{"id":"gen9ou-1991685102","p1":"Milkylex","p2":"alt no. 597","format":"[Gen 9] OU","log":"|j|\u2606Milkylex\n|j|\u2606alt no. 597\n|t:|1700102461\n|gametype|singles\n|player|p1|Milkylex|pokemonbreeder-gen6|1739\n|player|p2|alt no. 597|acetrainersnowf|1707\n|teamsize|p1|6\n|teamsize|p2|6\n|gen|9\n|tier|[Gen 9] OU\n|rated|\n|rule|Sleep Clause Mod: Limit one foe put to sleep\n|rule|Species Clause: Limit one of each Pok\u00e9mon\n|rule|OHKO Clause: OHKO moves are banned\n|rule|Evasion Items Clause: Evasion items are banned\n|rule|Evasion Moves Clause: Evasion moves are banned\n|rule|Endless Battle Clause: Forcing endless battles is banned\n|rule|HP Percentage Mod: HP is shown in percentages\n|clearpoke\n|poke|p1|Manaphy|\n|poke|p1|Rillaboom, F|\n|poke|p1|Sneasler, F|\n|poke|p1|Weavile, F|\n|poke|p1|Kingambit, F|\n|poke|p1|Iron Moth|\n|poke|p2|Tornadus-Therian, M|\n|poke|p2|Heatran, M|\n|poke|p2|Alomomola, M|\n|poke|p2|Great Tusk|\n|poke|p2|Dragapult, M|\n|poke|p2|Clefable, F|\n|teampreview\n|\n|t:|1700102476\n|start\n|switch|p1a: Weavile|Weavile, F|100\/100\n|switch|p2a: Tornadus|Tornadus-Therian, M|100\/100\n|-ability|p1a: Weavile|Pressure\n|turn|1\n|\n|t:|1700102483\n|switch|p2a: Clefable|Clefable, F|100\/100\n|move|p1a: Weavile|Icicle Crash|p2a: Clefable\n|-damage|p2a: Clefable|68\/100\n|\n|-heal|p2a: Clefable|74\/100|[from] item: Leftovers\n|upkeep\n|turn|2\n|\n|t:|1700102494\n|move|p1a: Weavile|Icicle Crash|p2a: Clefable\n|-damage|p2a: Clefable|41\/100\n|move|p2a: Clefable|Moonblast|p1a: Weavile\n|-supereffective|p1a: Weavile\n|-damage|p1a: Weavile|13\/100\n|\n|-heal|p2a: Clefable|47\/100|[from] item: Leftovers\n|upkeep\n|turn|3\n|\n|t:|1700102503\n|switch|p1a: Rillaboom|Rillaboom, F|100\/100\n|-fieldstart|move: Grassy Terrain|[from] ability: Grassy Surge|[of] p1a: Rillaboom\n|move|p2a: Clefable|Stealth Rock|p1a: Rillaboom\n|-sidestart|p1: Milkylex|move: Stealth Rock\n|\n|-heal|p2a: Clefable|53\/100|[from] Grassy Terrain\n|-heal|p2a: Clefable|59\/100|[from] item: Leftovers\n|upkeep\n|turn|4\n|\n|t:|1700102516\n|move|p1a: Rillaboom|Knock Off|p2a: Clefable\n|-resisted|p2a: Clefable\n|-damage|p2a: Clefable|45\/100\n|-enditem|p2a: Clefable|Leftovers|[from] move: Knock Off|[of] p1a: Rillaboom\n|move|p2a: Clefable|Moonblast|p1a: Rillaboom\n|-damage|p1a: Rillaboom|64\/100\n|\n|-heal|p1a: Rillaboom|70\/100|[from] Grassy Terrain\n|-heal|p2a: Clefable|51\/100|[from] Grassy Terrain\n|upkeep\n|turn|5\n|\n|t:|1700102524\n|move|p1a: Rillaboom|Knock Off|p2a: Clefable\n|-resisted|p2a: Clefable\n|-damage|p2a: Clefable|42\/100\n|move|p2a: Clefable|Moonblast|p1a: Rillaboom\n|-damage|p1a: Rillaboom|35\/100\n|-unboost|p1a: Rillaboom|spa|1\n|\n|-heal|p1a: Rillaboom|41\/100|[from] Grassy Terrain\n|-heal|p2a: Clefable|48\/100|[from] Grassy Terrain\n|upkeep\n|turn|6\n|\n|t:|1700102527\n|move|p1a: Rillaboom|Wood Hammer|p2a: Clefable\n|-damage|p2a: Clefable|0 fnt\n|faint|p2a: Clefable\n|-damage|p1a: Rillaboom|25\/100|[from] Recoil\n|\n|-heal|p1a: Rillaboom|32\/100|[from] Grassy Terrain\n|upkeep\n|\n|t:|1700102530\n|switch|p2a: Tornadus|Tornadus-Therian, M|100\/100\n|turn|7\n|\n|t:|1700102534\n|switch|p1a: Kingambit|Kingambit, F|100\/100\n|move|p2a: Tornadus|Heat Wave|p1a: Kingambit\n|-supereffective|p1a: Kingambit\n|-damage|p1a: Kingambit|50\/100\n|\n|-heal|p1a: Kingambit|56\/100|[from] Grassy Terrain\n|upkeep\n|turn|8\n|\n|t:|1700102540\n|move|p2a: Tornadus|Heat Wave|p1a: Kingambit|[miss]\n|-miss|p2a: Tornadus|p1a: Kingambit\n|move|p1a: Kingambit|Kowtow Cleave|p2a: Tornadus\n|-damage|p2a: Tornadus|39\/100\n|\n|-heal|p1a: Kingambit|62\/100|[from] Grassy Terrain\n|upkeep\n|turn|9\n|\n|t:|1700102544\n|switch|p2a: Great Tusk|Great Tusk|100\/100\n|-enditem|p2a: Great Tusk|Booster Energy\n|-activate|p2a: Great Tusk|ability: Protosynthesis|[fromitem]\n|-start|p2a: Great Tusk|protosynthesisatk\n|move|p1a: Kingambit|Kowtow Cleave|p2a: Great Tusk\n|-resisted|p2a: Great Tusk\n|-damage|p2a: Great Tusk|83\/100\n|\n|-heal|p2a: Great Tusk|89\/100|[from] Grassy Terrain\n|-heal|p1a: Kingambit|68\/100|[from] Grassy Terrain\n|upkeep\n|turn|10\n|\n|t:|1700102561\n|-end|p1a: Kingambit|fallenundefined|[silent]\n|switch|p1a: Weavile|Weavile, F|13\/100\n|-ability|p1a: Weavile|Pressure\n|move|p2a: Great Tusk|Ice Spinner|p1a: Weavile\n|-resisted|p1a: Weavile\n|-damage|p1a: Weavile|0 fnt\n|-fieldend|move: Grassy Terrain\n|faint|p1a: Weavile\n|\n|upkeep\n|\n|t:|1700102568\n|switch|p1a: Manaphy|Manaphy|100\/100\n|-damage|p1a: Manaphy|88\/100|[from] Stealth Rock\n|turn|11\n|\n|t:|1700102579\n|-end|p2a: Great Tusk|Protosynthesis|[silent]\n|switch|p2a: Dragapult|Dragapult, M|100\/100\n|move|p1a: Manaphy|Surf|p2a: Dragapult\n|-resisted|p2a: Dragapult\n|-damage|p2a: Dragapult|72\/100\n|\n|-heal|p1a: Manaphy|94\/100|[from] item: Leftovers\n|upkeep\n|turn|12\n|\n|t:|1700102587\n|switch|p1a: Kingambit|Kingambit, F|68\/100\n|-activate|p1a: Kingambit|ability: Supreme Overlord\n|-start|p1a: Kingambit|fallen1|[silent]\n|move|p2a: Dragapult|Shadow Ball|p1a: Kingambit\n|-resisted|p1a: Kingambit\n|-damage|p1a: Kingambit|42\/100\n|\n|upkeep\n|turn|13\n|\n|t:|1700102594\n|switch|p2a: Great Tusk|Great Tusk|89\/100\n|-end|p1a: Kingambit|fallen1|[silent]\n|switch|p1a: Rillaboom|Rillaboom, F|32\/100\n|-damage|p1a: Rillaboom|19\/100|[from] Stealth Rock\n|-fieldstart|move: Grassy Terrain|[from] ability: Grassy Surge|[of] p1a: Rillaboom\n|\n|-heal|p2a: Great Tusk|95\/100|[from] Grassy Terrain\n|-heal|p1a: Rillaboom|25\/100|[from] Grassy Terrain\n|upkeep\n|turn|14\n|\n|t:|1700102600\n|move|p2a: Great Tusk|Ice Spinner|p1a: Rillaboom\n|-supereffective|p1a: Rillaboom\n|-damage|p1a: Rillaboom|0 fnt\n|-fieldend|move: Grassy Terrain\n|faint|p1a: Rillaboom\n|\n|upkeep\n|\n|t:|1700102606\n|switch|p1a: Manaphy|Manaphy|94\/100\n|-damage|p1a: Manaphy|82\/100|[from] Stealth Rock\n|turn|15\n|\n|t:|1700102610\n|move|p1a: Manaphy|Surf|p2a: Great Tusk\n|-supereffective|p2a: Great Tusk\n|-damage|p2a: Great Tusk|0 fnt\n|faint|p2a: Great Tusk\n|-end|p2a: Great Tusk|Protosynthesis|[silent]\n|\n|-heal|p1a: Manaphy|88\/100|[from] item: Leftovers\n|upkeep\n|\n|t:|1700102619\n|switch|p2a: Dragapult|Dragapult, M|72\/100\n|turn|16\n|\n|t:|1700102624\n|move|p2a: Dragapult|Shadow Ball|p1a: Manaphy\n|-damage|p1a: Manaphy|40\/100\n|move|p1a: Manaphy|Ice Beam|p2a: Dragapult\n|-supereffective|p2a: Dragapult\n|-damage|p2a: Dragapult|0 fnt\n|faint|p2a: Dragapult\n|\n|-heal|p1a: Manaphy|46\/100|[from] item: Leftovers\n|upkeep\n|\n|t:|1700102628\n|switch|p2a: Tornadus|Tornadus-Therian, M|73\/100\n|turn|17\n|\n|t:|1700102650\n|switch|p1a: Iron Moth|Iron Moth|100\/100\n|-damage|p1a: Iron Moth|76\/100|[from] Stealth Rock\n|-enditem|p1a: Iron Moth|Booster Energy\n|-activate|p1a: Iron Moth|ability: Quark Drive|[fromitem]\n|-start|p1a: Iron Moth|quarkdrivespe\n|move|p2a: Tornadus|Hurricane|p1a: Iron Moth\n|-damage|p1a: Iron Moth|34\/100\n|\n|upkeep\n|turn|18\n|\n|t:|1700102663\n|move|p1a: Iron Moth|Psychic|p2a: Tornadus\n|-crit|p2a: Tornadus\n|-damage|p2a: Tornadus|42\/100\n|move|p2a: Tornadus|Hurricane|p1a: Iron Moth|[miss]\n|-miss|p2a: Tornadus|p1a: Iron Moth\n|\n|upkeep\n|turn|19\n|\n|t:|1700102669\n|move|p1a: Iron Moth|Psychic|p2a: Tornadus\n|-damage|p2a: Tornadus|21\/100\n|move|p2a: Tornadus|Hurricane|p1a: Iron Moth\n|-damage|p1a: Iron Moth|0 fnt\n|faint|p1a: Iron Moth\n|-end|p1a: Iron Moth|Quark Drive|[silent]\n|\n|upkeep\n|\n|t:|1700102677\n|switch|p1a: Kingambit|Kingambit, F|42\/100\n|-activate|p1a: Kingambit|ability: Supreme Overlord\n|-start|p1a: Kingambit|fallen3|[silent]\n|turn|20\n|\n|t:|1700102680\n|switch|p2a: Heatran|Heatran, M|100\/100\n|-item|p2a: Heatran|Air Balloon\n|move|p1a: Kingambit|Sucker Punch||[still]\n|-fail|p1a: Kingambit\n|\n|upkeep\n|turn|21\n|\n|t:|1700102696\n|move|p1a: Kingambit|Sucker Punch||[still]\n|-fail|p1a: Kingambit\n|move|p2a: Heatran|Will-O-Wisp|p1a: Kingambit\n|-status|p1a: Kingambit|brn\n|\n|-damage|p1a: Kingambit|35\/100 brn|[from] brn\n|upkeep\n|turn|22\n|\n|t:|1700102704\n|switch|p2a: Tornadus|Tornadus-Therian, M|55\/100\n|move|p1a: Kingambit|Sucker Punch||[still]\n|-fail|p1a: Kingambit\n|\n|-damage|p1a: Kingambit|29\/100 brn|[from] brn\n|upkeep\n|turn|23\n|\n|t:|1700102710\n|move|p2a: Tornadus|Heat Wave|p1a: Kingambit\n|-supereffective|p1a: Kingambit\n|-damage|p1a: Kingambit|0 fnt\n|faint|p1a: Kingambit\n|-end|p1a: Kingambit|fallen3|[silent]\n|\n|upkeep\n|\n|t:|1700102725\n|switch|p1a: Sneasler|Sneasler, F|100\/100\n|-damage|p1a: Sneasler|95\/100|[from] Stealth Rock\n|turn|24\n|\n|t:|1700102732\n|-terastallize|p1a: Sneasler|Flying\n|move|p2a: Tornadus|Hurricane|p1a: Sneasler|[miss]\n|-miss|p2a: Tornadus|p1a: Sneasler\n|move|p1a: Sneasler|Dire Claw|p2a: Tornadus\n|-damage|p2a: Tornadus|5\/100\n|-status|p2a: Tornadus|par\n|\n|upkeep\n|turn|25\n|\n|t:|1700102740\n|move|p1a: Sneasler|Swords Dance|p1a: Sneasler\n|-boost|p1a: Sneasler|atk|2\n|move|p2a: Tornadus|Hurricane|p1a: Sneasler\n|-damage|p1a: Sneasler|43\/100\n|-start|p1a: Sneasler|confusion\n|\n|upkeep\n|turn|26\n|\n|t:|1700102749\n|-activate|p1a: Sneasler|confusion\n|-damage|p1a: Sneasler|0 fnt|[from] confusion\n|faint|p1a: Sneasler\n|move|p2a: Tornadus|Hurricane|p1: Sneasler|[notarget]\n|-fail|p2a: Tornadus\n|\n|upkeep\n|\n|t:|1700102757\n|switch|p1a: Manaphy|Manaphy|46\/100\n|-damage|p1a: Manaphy|34\/100|[from] Stealth Rock\n|turn|27\n|\n|t:|1700102760\n|move|p1a: Manaphy|Surf|p2a: Tornadus\n|-damage|p2a: Tornadus|0 fnt\n|faint|p2a: Tornadus\n|\n|-heal|p1a: Manaphy|40\/100|[from] item: Leftovers\n|upkeep\n|\n|t:|1700102763\n|switch|p2a: Heatran|Heatran, M|100\/100\n|-item|p2a: Heatran|Air Balloon\n|turn|28\n|\n|t:|1700102768\n|-terastallize|p2a: Heatran|Ghost\n|move|p1a: Manaphy|Surf|p2a: Heatran\n|-damage|p2a: Heatran|76\/100\n|-enditem|p2a: Heatran|Air Balloon\n|move|p2a: Heatran|Earth Power|p1a: Manaphy\n|-damage|p1a: Manaphy|14\/100\n|\n|-heal|p1a: Manaphy|20\/100|[from] item: Leftovers\n|upkeep\n|turn|29\n|\n|t:|1700102773\n|move|p1a: Manaphy|Surf|p2a: Heatran\n|-damage|p2a: Heatran|51\/100\n|move|p2a: Heatran|Earth Power|p1a: Manaphy\n|-damage|p1a: Manaphy|0 fnt\n|faint|p1a: Manaphy\n|\n|win|alt no. 597\n|raw|Milkylex's rating: 1739 &rarr; <strong>1717<\/strong><br \/>(-22 for losing)\n|raw|alt no. 597's rating: 1707 &rarr; <strong>1729<\/strong><br \/>(+22 for winning)\n","uploadtime":1700102778,"views":11,"p1id":"milkylex","p2id":"altno597","formatid":"gen9ou","rating":1717,"private":0,"password":""}