{"id":"gen9ou-1991146638","p1":"D Gym Teacher","p2":"malk tyme","format":"[Gen 9] OU","log":"|j|\u2606D Gym Teacher\n|j|\u2606malk tyme\n|t:|1700049957\n|gametype|singles\n|player|p1|D Gym Teacher|veteran|1852\n|player|p2|malk tyme|170|1787\n|teamsize|p1|6\n|teamsize|p2|6\n|gen|9\n|tier|[Gen 9] OU\n|rated|\n|rule|Sleep Clause Mod: Limit one foe put to sleep\n|rule|Species Clause: Limit one of each Pok\u00e9mon\n|rule|OHKO Clause: OHKO moves are banned\n|rule|Evasion Items Clause: Evasion items are banned\n|rule|Evasion Moves Clause: Evasion moves are banned\n|rule|Endless Battle Clause: Forcing endless battles is banned\n|rule|HP Percentage Mod: HP is shown in percentages\n|clearpoke\n|poke|p1|Great Tusk|\n|poke|p1|Gholdengo|\n|poke|p1|Slowking-Galar, M|\n|poke|p1|Arcanine-Hisui, M|\n|poke|p1|Samurott-Hisui, M|\n|poke|p1|Zapdos|\n|poke|p2|Mew|\n|poke|p2|Grimmsnarl, M|\n|poke|p2|Kommo-o, M|\n|poke|p2|Veluza, M|\n|poke|p2|Iron Hands|\n|poke|p2|Mamoswine, F|\n|teampreview\n|\n|t:|1700049995\n|start\n|switch|p1a: Samurott|Samurott-Hisui, M|100\/100\n|switch|p2a: Iron Hands|Iron Hands|100\/100\n|turn|1\n|\n|t:|1700050002\n|switch|p1a: Great Tusk|Great Tusk|100\/100\n|move|p2a: Iron Hands|Swords Dance|p2a: Iron Hands\n|-boost|p2a: Iron Hands|atk|2\n|\n|upkeep\n|turn|2\n|\n|t:|1700050006\n|move|p1a: Great Tusk|Earthquake|p2a: Iron Hands\n|-supereffective|p2a: Iron Hands\n|-damage|p2a: Iron Hands|51\/100\n|move|p2a: Iron Hands|Ice Punch|p1a: Great Tusk\n|-supereffective|p1a: Great Tusk\n|-damage|p1a: Great Tusk|42\/100\n|\n|-heal|p1a: Great Tusk|49\/100|[from] item: Leftovers\n|upkeep\n|turn|3\n|\n|t:|1700050018\n|move|p1a: Great Tusk|Stealth Rock|p2a: Iron Hands\n|-sidestart|p2: malk tyme|move: Stealth Rock\n|move|p2a: Iron Hands|Ice Punch|p1a: Great Tusk\n|-supereffective|p1a: Great Tusk\n|-damage|p1a: Great Tusk|0 fnt\n|faint|p1a: Great Tusk\n|-end|p1a: Great Tusk|Protosynthesis|[silent]\n|\n|upkeep\n|\n|t:|1700050024\n|switch|p1a: Arcanine|Arcanine-Hisui, M|100\/100\n|turn|4\n|\n|t:|1700050035\n|move|p1a: Arcanine|Flare Blitz|p2a: Iron Hands\n|-damage|p2a: Iron Hands|0 fnt\n|faint|p2a: Iron Hands\n|-end|p2a: Iron Hands|Quark Drive|[silent]\n|\n|upkeep\n|\n|t:|1700050041\n|switch|p2a: Kommo-o|Kommo-o, M|100\/100\n|-damage|p2a: Kommo-o|94\/100|[from] Stealth Rock\n|turn|5\n|\n|t:|1700050047\n|move|p1a: Arcanine|Flare Blitz|p2a: Kommo-o\n|-resisted|p2a: Kommo-o\n|-damage|p2a: Kommo-o|51\/100\n|move|p2a: Kommo-o|Swords Dance|p2a: Kommo-o\n|-boost|p2a: Kommo-o|atk|2\n|\n|upkeep\n|turn|6\n|\n|t:|1700050055\n|switch|p1a: Gholdengo|Gholdengo|100\/100\n|move|p2a: Kommo-o|Drain Punch|p1a: Gholdengo\n|-immune|p1a: Gholdengo\n|\n|upkeep\n|turn|7\n|\n|t:|1700050061\n|move|p1a: Gholdengo|Make It Rain|p2a: Kommo-o\n|-damage|p2a: Kommo-o|0 fnt\n|-unboost|p1a: Gholdengo|spa|1\n|faint|p2a: Kommo-o\n|\n|upkeep\n|\n|t:|1700050067\n|switch|p2a: Grimmsnarl|Grimmsnarl, M|100\/100\n|-damage|p2a: Grimmsnarl|88\/100|[from] Stealth Rock\n|turn|8\n|\n|t:|1700050071\n|move|p2a: Grimmsnarl|Light Screen|p2a: Grimmsnarl\n|-sidestart|p2: malk tyme|move: Light Screen\n|move|p1a: Gholdengo|Make It Rain|p2a: Grimmsnarl\n|-supereffective|p2a: Grimmsnarl\n|-damage|p2a: Grimmsnarl|59\/100\n|-unboost|p1a: Gholdengo|spa|1\n|\n|upkeep\n|turn|9\n|\n|t:|1700050078\n|switch|p1a: Slowking|Slowking-Galar, M|100\/100\n|move|p2a: Grimmsnarl|Spirit Break|p1a: Slowking\n|-resisted|p1a: Slowking\n|-damage|p1a: Slowking|87\/100\n|-unboost|p1a: Slowking|spa|1\n|\n|upkeep\n|turn|10\n|\n|t:|1700050091\n|move|p2a: Grimmsnarl|Reflect|p2a: Grimmsnarl\n|-sidestart|p2: malk tyme|Reflect\n|move|p1a: Slowking|Sludge Bomb|p2a: Grimmsnarl\n|-supereffective|p2a: Grimmsnarl\n|-damage|p2a: Grimmsnarl|41\/100\n|-status|p2a: Grimmsnarl|psn\n|\n|-damage|p2a: Grimmsnarl|29\/100 psn|[from] psn\n|upkeep\n|turn|11\n|\n|t:|1700050099\n|move|p2a: Grimmsnarl|Thunder Wave|p1a: Slowking\n|-status|p1a: Slowking|par\n|cant|p1a: Slowking|par\n|\n|-damage|p2a: Grimmsnarl|16\/100 psn|[from] psn\n|upkeep\n|turn|12\n|\n|t:|1700050107\n|switch|p2a: Veluza|Veluza, M|100\/100\n|-damage|p2a: Veluza|88\/100|[from] Stealth Rock\n|-ability|p2a: Veluza|Mold Breaker\n|move|p1a: Slowking|Chilly Reception|p1a: Slowking\n|-weather|Snow\n|\n|t:|1700050122\n|switch|p1a: Zapdos|Zapdos|100\/100|[from] Chilly Reception\n|\n|-weather|Snow|[upkeep]\n|upkeep\n|turn|13\n|\n|t:|1700050127\n|switch|p2a: Mamoswine|Mamoswine, F|100\/100\n|-damage|p2a: Mamoswine|88\/100|[from] Stealth Rock\n|move|p1a: Zapdos|Discharge|p2a: Mamoswine\n|-immune|p2a: Mamoswine\n|\n|-weather|Snow|[upkeep]\n|upkeep\n|turn|14\n|\n|t:|1700050139\n|switch|p1a: Gholdengo|Gholdengo|100\/100\n|move|p2a: Mamoswine|Icicle Crash|p1a: Gholdengo|[miss]\n|-miss|p2a: Mamoswine|p1a: Gholdengo\n|\n|-weather|Snow|[upkeep]\n|upkeep\n|turn|15\n|\n|t:|1700050171\n|switch|p1a: Zapdos|Zapdos|100\/100\n|switch|p2a: Grimmsnarl|Grimmsnarl, M|16\/100 psn\n|-damage|p2a: Grimmsnarl|4\/100 psn|[from] Stealth Rock\n|\n|-weather|Snow|[upkeep]\n|-damage|p2a: Grimmsnarl|0 fnt|[from] psn\n|faint|p2a: Grimmsnarl\n|-sideend|p2: malk tyme|move: Light Screen\n|upkeep\n|\n|t:|1700050175\n|switch|p2a: Mew|Mew|100\/100\n|-damage|p2a: Mew|88\/100|[from] Stealth Rock\n|turn|16\n|\n|t:|1700050180\n|switch|p1a: Gholdengo|Gholdengo|100\/100\n|move|p2a: Mew|Calm Mind|p2a: Mew\n|-boost|p2a: Mew|spa|1\n|-boost|p2a: Mew|spd|1\n|\n|-weather|none\n|-heal|p2a: Mew|94\/100|[from] item: Leftovers\n|upkeep\n|turn|17\n|\n|t:|1700050190\n|switch|p2a: Veluza|Veluza, M|88\/100\n|-damage|p2a: Veluza|76\/100|[from] Stealth Rock\n|-ability|p2a: Veluza|Mold Breaker\n|move|p1a: Gholdengo|Trick|p2a: Veluza\n|-activate|p1a: Gholdengo|move: Trick|[of] p2a: Veluza\n|-item|p2a: Veluza|Choice Scarf|[from] move: Trick\n|-item|p1a: Gholdengo|Sitrus Berry|[from] move: Trick\n|\n|-sideend|p2: malk tyme|Reflect\n|upkeep\n|turn|18\n|\n|t:|1700050207\n|switch|p1a: Zapdos|Zapdos|100\/100\n|move|p2a: Veluza|Stored Power|p1a: Zapdos\n|-damage|p1a: Zapdos|92\/100\n|\n|upkeep\n|turn|19\n|\n|t:|1700050213\n|switch|p2a: Mamoswine|Mamoswine, F|88\/100\n|-damage|p2a: Mamoswine|76\/100|[from] Stealth Rock\n|move|p1a: Zapdos|U-turn|p2a: Mamoswine\n|-damage|p2a: Mamoswine|60\/100\n|\n|t:|1700050215\n|switch|p1a: Samurott|Samurott-Hisui, M|100\/100|[from] U-turn\n|\n|upkeep\n|turn|20\n|\n|t:|1700050227\n|switch|p2a: Veluza|Veluza, M|76\/100\n|-damage|p2a: Veluza|63\/100|[from] Stealth Rock\n|-ability|p2a: Veluza|Mold Breaker\n|move|p1a: Samurott|Aqua Cutter|p2a: Veluza\n|-resisted|p2a: Veluza\n|-crit|p2a: Veluza\n|-damage|p2a: Veluza|0 fnt\n|faint|p2a: Veluza\n|\n|upkeep\n|\n|t:|1700050230\n|switch|p2a: Mew|Mew|94\/100\n|-damage|p2a: Mew|82\/100|[from] Stealth Rock\n|turn|21\n|\n|t:|1700050239\n|move|p1a: Samurott|Swords Dance|p1a: Samurott\n|-boost|p1a: Samurott|atk|2\n|move|p2a: Mew|Calm Mind|p2a: Mew\n|-boost|p2a: Mew|spa|1\n|-boost|p2a: Mew|spd|1\n|\n|-heal|p2a: Mew|88\/100|[from] item: Leftovers\n|upkeep\n|turn|22\n|\n|t:|1700050250\n|-terastallize|p1a: Samurott|Water\n|-terastallize|p2a: Mew|Fairy\n|move|p1a: Samurott|Aqua Cutter|p2a: Mew\n|-damage|p2a: Mew|0 fnt\n|faint|p2a: Mew\n|\n|upkeep\n|j| nightsuwu\n|-message|malk tyme forfeited.\n|\n|win|D Gym Teacher\n|raw|D Gym Teacher's rating: 1852 &rarr; <strong>1868<\/strong><br \/>(+16 for winning)\n|raw|malk tyme's rating: 1787 &rarr; <strong>1771<\/strong><br \/>(-16 for losing)\n|l|\u2606malk tyme\n|l|\u2606D Gym Teacher\n","uploadtime":1700050298,"views":9,"p1id":"dgymteacher","p2id":"malktyme","formatid":"gen9ou","rating":1771,"private":0,"password":""}