{"id":"gen9ou-1993565906","p1":"Sir_Excalibur205","p2":"Charmalane","format":"[Gen 9] OU","log":"|j|\u2606Sir_Excalibur205\n|j|\u2606Charmalane\n|t:|1700332421\n|gametype|singles\n|player|p1|Sir_Excalibur205|veteran|1476\n|player|p2|Charmalane|brawly|1549\n|teamsize|p1|6\n|teamsize|p2|6\n|gen|9\n|tier|[Gen 9] OU\n|rated|\n|rule|Sleep Clause Mod: Limit one foe put to sleep\n|rule|Species Clause: Limit one of each Pok\u00e9mon\n|rule|OHKO Clause: OHKO moves are banned\n|rule|Evasion Items Clause: Evasion items are banned\n|rule|Evasion Moves Clause: Evasion moves are banned\n|rule|Endless Battle Clause: Forcing endless battles is banned\n|rule|HP Percentage Mod: HP is shown in percentages\n|clearpoke\n|poke|p1|Iron Hands|\n|poke|p1|Brambleghast, M|\n|poke|p1|Ninetales-Alola, F|\n|poke|p1|Ceruledge, M|\n|poke|p1|Ribombee, F|\n|poke|p1|Walking Wake|\n|poke|p2|Pelipper, M|\n|poke|p2|Barraskewda, M|\n|poke|p2|Zapdos|\n|poke|p2|Kingambit, M|\n|poke|p2|Iron Treads|\n|poke|p2|Slowking-Galar, M|\n|teampreview\n|inactive|Battle timer is ON: inactive players will automatically lose when time's up. (requested by Sir_Excalibur205)\n|\n|t:|1700332440\n|start\n|switch|p1a: Ribombee|Ribombee, F, shiny|100\/100\n|switch|p2a: Androidon|Iron Treads|100\/100\n|turn|1\n|\n|t:|1700332445\n|move|p1a: Ribombee|Sticky Web|p2a: Androidon\n|-sidestart|p2: Charmalane|move: Sticky Web\n|move|p2a: Androidon|Rapid Spin|p1a: Ribombee\n|-damage|p1a: Ribombee|76\/100\n|-boost|p2a: Androidon|spe|1\n|-sideend|p2: Charmalane|Sticky Web|[from] move: Rapid Spin|[of] p2a: Androidon\n|\n|upkeep\n|turn|2\n|\n|t:|1700332454\n|move|p2a: Androidon|Stealth Rock|p1a: Ribombee\n|-sidestart|p1: Sir_Excalibur205|move: Stealth Rock\n|move|p1a: Ribombee|Tailwind|p1a: Ribombee\n|-sidestart|p1: Sir_Excalibur205|move: Tailwind\n|\n|upkeep\n|turn|3\n|\n|t:|1700332465\n|switch|p1a: Ceruledge|Ceruledge, M|100\/100\n|-damage|p1a: Ceruledge|76\/100|[from] Stealth Rock\n|move|p2a: Androidon|Rapid Spin|p1a: Ceruledge\n|-immune|p1a: Ceruledge\n|\n|upkeep\n|turn|4\n|\n|t:|1700332475\n|-terastallize|p1a: Ceruledge|Ghost\n|move|p1a: Ceruledge|Bitter Blade|p2a: Androidon\n|-supereffective|p2a: Androidon\n|-damage|p2a: Androidon|41\/100\n|-heal|p1a: Ceruledge|100\/100|[from] drain|[of] p2a: Androidon\n|move|p2a: Androidon|Earthquake|p1a: Ceruledge\n|-damage|p1a: Ceruledge|48\/100\n|-ability|p1a: Ceruledge|Weak Armor|boost\n|-unboost|p1a: Ceruledge|def|1\n|-boost|p1a: Ceruledge|spe|2\n|\n|-heal|p2a: Androidon|47\/100|[from] item: Leftovers\n|upkeep\n|turn|5\n|\n|t:|1700332484\n|-end|p2a: Androidon|Quark Drive|[silent]\n|switch|p2a: Phoenix|Pelipper, M|100\/100\n|-weather|RainDance|[from] ability: Drizzle|[of] p2a: Phoenix\n|move|p1a: Ceruledge|Bitter Blade|p2a: Phoenix\n|-resisted|p2a: Phoenix\n|-damage|p2a: Phoenix|92\/100\n|-heal|p1a: Ceruledge|52\/100|[from] drain|[of] p2a: Phoenix\n|\n|-weather|RainDance|[upkeep]\n|-sideend|p1: Sir_Excalibur205|move: Tailwind\n|upkeep\n|turn|6\n|\n|t:|1700332493\n|switch|p1a: Brambleghast|Brambleghast, M|100\/100\n|-damage|p1a: Brambleghast|88\/100|[from] Stealth Rock\n|move|p2a: Phoenix|Surf|p1a: Brambleghast\n|-resisted|p1a: Brambleghast\n|-damage|p1a: Brambleghast|47\/100\n|\n|-weather|RainDance|[upkeep]\n|upkeep\n|turn|7\n|\n|t:|1700332498\n|move|p1a: Brambleghast|Rapid Spin|p2a: Phoenix\n|-damage|p2a: Phoenix|79\/100\n|-boost|p1a: Brambleghast|spe|1\n|-sideend|p1: Sir_Excalibur205|Stealth Rock|[from] move: Rapid Spin|[of] p1a: Brambleghast\n|move|p2a: Phoenix|Hurricane|p1a: Brambleghast\n|-ability|p1a: Brambleghast|Wind Rider|boost\n|-boost|p1a: Brambleghast|atk|1\n|\n|-weather|RainDance|[upkeep]\n|upkeep\n|turn|8\n|\n|t:|1700332506\n|move|p1a: Brambleghast|Poltergeist|p2a: Phoenix|[miss]\n|-miss|p1a: Brambleghast|p2a: Phoenix\n|move|p2a: Phoenix|Surf|p1a: Brambleghast\n|-resisted|p1a: Brambleghast\n|-damage|p1a: Brambleghast|5\/100\n|\n|-weather|RainDance|[upkeep]\n|upkeep\n|turn|9\n|\n|t:|1700332513\n|move|p1a: Brambleghast|Poltergeist|p2a: Phoenix\n|-activate|p2a: Phoenix|move: Poltergeist|Damp Rock\n|-damage|p2a: Phoenix|0 fnt\n|faint|p2a: Phoenix\n|\n|-weather|RainDance|[upkeep]\n|upkeep\n|\n|t:|1700332517\n|switch|p2a: Enguarde|Barraskewda, M|100\/100\n|turn|10\n|\n|t:|1700332519\n|move|p2a: Enguarde|Aqua Jet|p1a: Brambleghast\n|-resisted|p1a: Brambleghast\n|-damage|p1a: Brambleghast|0 fnt\n|faint|p1a: Brambleghast\n|\n|-weather|RainDance|[upkeep]\n|upkeep\n|\n|t:|1700332523\n|switch|p1a: Walking Wake|Walking Wake|100\/100\n|turn|11\n|\n|t:|1700332529\n|switch|p2a: Nautilus|Slowking-Galar, M|100\/100\n|move|p1a: Walking Wake|Sunny Day|p1a: Walking Wake\n|-weather|SunnyDay\n|-activate|p1a: Walking Wake|ability: Protosynthesis\n|-start|p1a: Walking Wake|protosynthesisspe\n|\n|-weather|SunnyDay|[upkeep]\n|upkeep\n|turn|12\n|\n|t:|1700332538\n|-end|p1a: Walking Wake|Protosynthesis|[silent]\n|switch|p1a: Ceruledge|Ceruledge, M, tera:Ghost|52\/100\n|move|p2a: Nautilus|Future Sight|p1a: Ceruledge\n|-start|p2a: Nautilus|move: Future Sight\n|\n|-weather|SunnyDay|[upkeep]\n|upkeep\n|turn|13\n|\n|t:|1700332554\n|switch|p2a: Androidon|Iron Treads|47\/100\n|move|p1a: Ceruledge|Bitter Blade|p2a: Androidon\n|-supereffective|p2a: Androidon\n|-damage|p2a: Androidon|0 fnt\n|-heal|p1a: Ceruledge|83\/100|[from] drain|[of] p2a: Androidon\n|faint|p2a: Androidon\n|-end|p2a: Androidon|Quark Drive|[silent]\n|\n|-weather|SunnyDay|[upkeep]\n|upkeep\n|\n|t:|1700332569\n|switch|p2a: Chocobo|Zapdos|100\/100\n|turn|14\n|\n|t:|1700332572\n|move|p2a: Chocobo|Weather Ball|p1a: Ceruledge\n|-damage|p1a: Ceruledge|21\/100\n|move|p1a: Ceruledge|Bitter Blade|p2a: Chocobo\n|-damage|p2a: Chocobo|24\/100\n|-heal|p1a: Ceruledge|63\/100|[from] drain|[of] p2a: Chocobo\n|\n|-weather|SunnyDay|[upkeep]\n|-end|p1a: Ceruledge|move: Future Sight\n|-damage|p1a: Ceruledge|8\/100\n|upkeep\n|turn|15\n|\n|t:|1700332600\n|move|p1a: Ceruledge|Shadow Sneak|p2a: Chocobo\n|-damage|p2a: Chocobo|0 fnt\n|faint|p2a: Chocobo\n|\n|-weather|none\n|upkeep\n|\n|t:|1700332607\n|switch|p2a: Enguarde|Barraskewda, M|100\/100\n|turn|16\n|\n|t:|1700332612\n|switch|p1a: Walking Wake|Walking Wake|100\/100\n|move|p2a: Enguarde|Flip Turn|p1a: Walking Wake\n|-resisted|p1a: Walking Wake\n|-damage|p1a: Walking Wake|86\/100\n|\n|t:|1700332615\n|switch|p2a: Nautilus|Slowking-Galar, M|100\/100|[from] Flip Turn\n|\n|upkeep\n|turn|17\n|\n|t:|1700332619\n|-end|p1a: Walking Wake|Protosynthesis|[silent]\n|switch|p1a: Ninetales|Ninetales-Alola, F, shiny|100\/100\n|-weather|Snow|[from] ability: Snow Warning|[of] p1a: Ninetales\n|move|p2a: Nautilus|Sludge Bomb|p1a: Ninetales\n|-supereffective|p1a: Ninetales\n|-damage|p1a: Ninetales|6\/100\n|\n|-weather|Snow|[upkeep]\n|upkeep\n|turn|18\n|\n|t:|1700332627\n|move|p1a: Ninetales|Aurora Veil|p1a: Ninetales\n|-sidestart|p1: Sir_Excalibur205|move: Aurora Veil\n|move|p2a: Nautilus|Future Sight|p1a: Ninetales\n|-start|p2a: Nautilus|move: Future Sight\n|\n|-weather|Snow|[upkeep]\n|upkeep\n|turn|19\n|\n|t:|1700332644\n|move|p1a: Ninetales|Encore|p2a: Nautilus\n|-start|p2a: Nautilus|Encore\n|move|p2a: Nautilus|Future Sight||[still]\n|-fail|p2a: Nautilus\n|\n|-weather|Snow|[upkeep]\n|upkeep\n|turn|20\n|\n|t:|1700332656\n|switch|p2a: Shredder|Kingambit, M, shiny|100\/100\n|-activate|p2a: Shredder|ability: Supreme Overlord\n|-start|p2a: Shredder|fallen3|[silent]\n|move|p1a: Ninetales|Moonblast|p2a: Shredder\n|-damage|p2a: Shredder|61\/100\n|\n|-weather|Snow|[upkeep]\n|-end|p1a: Ninetales|move: Future Sight\n|-damage|p1a: Ninetales|0 fnt\n|faint|p1a: Ninetales\n|upkeep\n|\n|t:|1700332667\n|switch|p1a: Non-Stop|Iron Hands|100\/100\n|turn|21\n|\n|t:|1700332685\n|move|p2a: Shredder|Sucker Punch||[still]\n|-fail|p2a: Shredder\n|move|p1a: Non-Stop|Swords Dance|p1a: Non-Stop\n|-boost|p1a: Non-Stop|atk|2\n|\n|-weather|none\n|upkeep\n|turn|22\n|\n|t:|1700332692\n|-end|p2a: Shredder|fallen3|[silent]\n|switch|p2a: Nautilus|Slowking-Galar, M|100\/100\n|move|p1a: Non-Stop|Drain Punch|p2a: Nautilus\n|-resisted|p2a: Nautilus\n|-damage|p2a: Nautilus|82\/100\n|\n|upkeep\n|turn|23\n|\n|t:|1700332703\n|move|p1a: Non-Stop|Swords Dance|p1a: Non-Stop\n|-boost|p1a: Non-Stop|atk|2\n|move|p2a: Nautilus|Future Sight|p1a: Non-Stop\n|-start|p2a: Nautilus|move: Future Sight\n|\n|upkeep\n|turn|24\n|\n|t:|1700332706\n|switch|p2a: Shredder|Kingambit, M, shiny|61\/100\n|-activate|p2a: Shredder|ability: Supreme Overlord\n|-start|p2a: Shredder|fallen3|[silent]\n|move|p1a: Non-Stop|Thunder Punch|p2a: Shredder\n|-damage|p2a: Shredder|0 fnt\n|faint|p2a: Shredder\n|-end|p2a: Shredder|fallen3|[silent]\n|\n|upkeep\n|\n|t:|1700332734\n|switch|p2a: Enguarde|Barraskewda, M|100\/100\n|turn|25\n|\n|t:|1700332746\n|move|p2a: Enguarde|Flip Turn|p1a: Non-Stop\n|-damage|p1a: Non-Stop|83\/100\n|\n|t:|1700332748\n|switch|p2a: Nautilus|Slowking-Galar, M|100\/100|[from] Flip Turn\n|move|p1a: Non-Stop|Drain Punch|p2a: Nautilus\n|-resisted|p2a: Nautilus\n|-damage|p2a: Nautilus|75\/100\n|-heal|p1a: Non-Stop|93\/100|[from] drain|[of] p2a: Nautilus\n|\n|-end|p1a: Non-Stop|move: Future Sight\n|-supereffective|p1a: Non-Stop\n|-damage|p1a: Non-Stop|64\/100\n|-sideend|p1: Sir_Excalibur205|move: Aurora Veil\n|upkeep\n|turn|26\n|\n|t:|1700332760\n|move|p1a: Non-Stop|Thunder Punch|p2a: Nautilus\n|-damage|p2a: Nautilus|0 fnt\n|faint|p2a: Nautilus\n|\n|upkeep\n|\n|t:|1700332762\n|switch|p2a: Enguarde|Barraskewda, M|100\/100\n|turn|27\n|\n|t:|1700332764\n|move|p2a: Enguarde|Liquidation|p1a: Non-Stop\n|-damage|p1a: Non-Stop|21\/100\n|move|p1a: Non-Stop|Drain Punch|p2a: Enguarde\n|-damage|p2a: Enguarde|0 fnt\n|-heal|p1a: Non-Stop|47\/100|[from] drain|[of] p2a: Enguarde\n|faint|p2a: Enguarde\n|\n|win|Sir_Excalibur205\n|raw|Sir_Excalibur205's rating: 1476 &rarr; <strong>1500<\/strong><br \/>(+24 for winning)\n|raw|Charmalane's rating: 1549 &rarr; <strong>1525<\/strong><br \/>(-24 for losing)\n","uploadtime":1700332768,"views":8,"p1id":"sirexcalibur205","p2id":"charmalane","formatid":"gen9ou","rating":1500,"private":0,"password":""}