{"id":"gen9ou-1999575221","p1":"Aggron","p2":"LazyForReal","format":"[Gen 9] OU","log":"|j|\u2606Aggron\n|j|\u2606LazyForReal\n|t:|1701097683\n|gametype|singles\n|player|p1|Aggron|pokefan-gen4|1757\n|player|p2|LazyForReal|n-masters|1683\n|teamsize|p1|6\n|teamsize|p2|6\n|gen|9\n|tier|[Gen 9] OU\n|rated|\n|rule|Sleep Clause Mod: Limit one foe put to sleep\n|rule|Species Clause: Limit one of each Pok\u00e9mon\n|rule|OHKO Clause: OHKO moves are banned\n|rule|Evasion Items Clause: Evasion items are banned\n|rule|Evasion Moves Clause: Evasion moves are banned\n|rule|Endless Battle Clause: Forcing endless battles is banned\n|rule|HP Percentage Mod: HP is shown in percentages\n|clearpoke\n|poke|p1|Sinistcha-Masterpiece|\n|poke|p1|Heatran, M|\n|poke|p1|Rillaboom, F|\n|poke|p1|Samurott-Hisui, F|\n|poke|p1|Tyranitar, F|\n|poke|p1|Ogerpon-Cornerstone, F|\n|poke|p2|Manaphy|\n|poke|p2|Kingambit, M|\n|poke|p2|Ribombee, M|\n|poke|p2|Gholdengo|\n|poke|p2|Iron Moth|\n|poke|p2|Ogerpon-Wellspring, F|\n|teampreview\n|inactive|Battle timer is ON: inactive players will automatically lose when time's up. (requested by Aggron)\n|j| Codyxsavagex\n|\n|t:|1701097711\n|start\n|switch|p1a: Tyranitar|Tyranitar, F|100\/100\n|switch|p2a: wildfiree|Ribombee, M, shiny|100\/100\n|-weather|Sandstorm|[from] ability: Sand Stream|[of] p1a: Tyranitar\n|turn|1\n|\n|t:|1701097719\n|move|p2a: wildfiree|Sticky Web|p1a: Tyranitar\n|-sidestart|p1: Aggron|move: Sticky Web\n|move|p1a: Tyranitar|Rock Blast|p2a: wildfiree\n|-supereffective|p2a: wildfiree\n|-damage|p2a: wildfiree|48\/100\n|-supereffective|p2a: wildfiree\n|-damage|p2a: wildfiree|0 fnt\n|faint|p2a: wildfiree\n|-hitcount|p2: wildfiree|2\n|\n|-weather|Sandstorm|[upkeep]\n|upkeep\n|\n|t:|1701097723\n|switch|p2a: awyp|Kingambit, M|100\/100\n|-activate|p2a: awyp|ability: Supreme Overlord\n|-start|p2a: awyp|fallen1|[silent]\n|turn|2\n|\n|t:|1701097734\n|switch|p1a: Heatran|Heatran, M|100\/100\n|-item|p1a: Heatran|Air Balloon\n|move|p2a: awyp|Low Kick|p1a: Heatran\n|-supereffective|p1a: Heatran\n|-damage|p1a: Heatran|5\/100\n|-enditem|p1a: Heatran|Air Balloon\n|\n|-weather|Sandstorm|[upkeep]\n|upkeep\n|turn|3\n|\n|t:|1701097739\n|move|p2a: awyp|Sucker Punch||[still]\n|-fail|p2a: awyp\n|move|p1a: Heatran|Stealth Rock|p2a: awyp\n|-sidestart|p2: LazyForReal|move: Stealth Rock\n|\n|-weather|Sandstorm|[upkeep]\n|upkeep\n|turn|4\n|\n|t:|1701097748\n|switch|p1a: Samurott|Samurott-Hisui, F|100\/100\n|move|p2a: awyp|Sucker Punch||[still]\n|-fail|p2a: awyp\n|\n|-weather|Sandstorm|[upkeep]\n|-damage|p1a: Samurott|94\/100|[from] Sandstorm\n|upkeep\n|turn|5\n|\n|t:|1701097759\n|-terastallize|p2a: awyp|Flying\n|move|p1a: Samurott|Encore|p2a: awyp\n|-start|p2a: awyp|Encore\n|move|p2a: awyp|Sucker Punch||[still]\n|-fail|p2a: awyp\n|\n|-weather|none\n|upkeep\n|turn|6\n|\n|t:|1701097768\n|-end|p2a: awyp|fallen1|[silent]\n|switch|p2a: faya|Ogerpon-Wellspring, F|100\/100\n|-damage|p2a: faya|88\/100|[from] Stealth Rock\n|move|p1a: Samurott|Ceaseless Edge|p2a: faya|[miss]\n|-miss|p1a: Samurott|p2a: faya\n|\n|upkeep\n|turn|7\n|\n|t:|1701097774\n|switch|p1a: Sinistcha|Sinistcha-Masterpiece|100\/100\n|move|p2a: faya|Power Whip|p1a: Sinistcha\n|-resisted|p1a: Sinistcha\n|-damage|p1a: Sinistcha|74\/100\n|\n|upkeep\n|turn|8\n|\n|t:|1701097779\n|move|p2a: faya|Swords Dance|p2a: faya\n|-boost|p2a: faya|atk|2\n|move|p1a: Sinistcha|Matcha Gotcha|p2a: faya\n|-damage|p2a: faya|49\/100\n|-heal|p1a: Sinistcha|92\/100|[from] drain|[of] p2a: faya\n|\n|upkeep\n|turn|9\n|\n|t:|1701097789\n|switch|p2a: scarlet|Iron Moth|100\/100\n|-damage|p2a: scarlet|76\/100|[from] Stealth Rock\n|-enditem|p2a: scarlet|Booster Energy\n|-activate|p2a: scarlet|ability: Quark Drive|[fromitem]\n|-start|p2a: scarlet|quarkdrivespe\n|move|p1a: Sinistcha|Strength Sap|p2a: scarlet\n|-unboost|p2a: scarlet|atk|1\n|-heal|p1a: Sinistcha|100\/100\n|\n|upkeep\n|turn|10\n|\n|t:|1701097795\n|switch|p1a: Tyranitar|Tyranitar, F|100\/100\n|-weather|Sandstorm|[from] ability: Sand Stream|[of] p1a: Tyranitar\n|move|p2a: scarlet|Substitute|p2a: scarlet\n|-start|p2a: scarlet|Substitute\n|-damage|p2a: scarlet|51\/100\n|\n|-weather|Sandstorm|[upkeep]\n|-damage|p2a: scarlet|45\/100|[from] Sandstorm\n|upkeep\n|turn|11\n|l|\u2606Aggron\n|inactive|Aggron disconnected and has a minute to reconnect!\n|player|p1|\n|j| mew852\n|inactive|Aggron has 30 seconds to reconnect!\n|inactive|Aggron has 20 seconds to reconnect!\n|inactive|Aggron has 15 seconds to reconnect!\n|inactive|Aggron has 10 seconds to reconnect!\n|inactive|Aggron has 5 seconds to reconnect!\n|-message|Aggron lost due to inactivity.\n|\n|win|LazyForReal\n|raw|Aggron's rating: 1757 &rarr; <strong>1733<\/strong><br \/>(-24 for losing)\n|raw|LazyForReal's rating: 1683 &rarr; <strong>1707<\/strong><br \/>(+24 for winning)\n|l|\u2606LazyForReal\n|l| Codyxsavagex\n","uploadtime":1701097995,"views":8,"p1id":"aggron","p2id":"lazyforreal","formatid":"gen9ou","rating":1707,"private":0,"password":""}