{"id":"gen9ou-1990684417","p1":"jackolascooking","p2":"Damien Leruss","format":"[Gen 9] OU","log":"|j|\u2606jackolascooking\n|j|\u2606Damien Leruss\n|t:|1699991564\n|gametype|singles\n|player|p1|jackolascooking|170|1157\n|player|p2|Damien Leruss|shauntal|1141\n|teamsize|p1|6\n|teamsize|p2|6\n|gen|9\n|tier|[Gen 9] OU\n|rated|\n|rule|Sleep Clause Mod: Limit one foe put to sleep\n|rule|Species Clause: Limit one of each Pok\u00e9mon\n|rule|OHKO Clause: OHKO moves are banned\n|rule|Evasion Items Clause: Evasion items are banned\n|rule|Evasion Moves Clause: Evasion moves are banned\n|rule|Endless Battle Clause: Forcing endless battles is banned\n|rule|HP Percentage Mod: HP is shown in percentages\n|clearpoke\n|poke|p1|Rillaboom, F|\n|poke|p1|Sneasler, F|\n|poke|p1|Enamorus-Therian, F|\n|poke|p1|Great Tusk|\n|poke|p1|Heatran, F|\n|poke|p1|Kingambit, F|\n|poke|p2|Dragapult, F|\n|poke|p2|Bellibolt, F|\n|poke|p2|Toxicroak, F|\n|poke|p2|Dunsparce, M|\n|poke|p2|Klefki, M|\n|poke|p2|Arboliva, F|\n|teampreview\n|inactive|Battle timer is ON: inactive players will automatically lose when time's up. (requested by Damien Leruss)\n|\n|t:|1699991571\n|start\n|switch|p1a: Winston|Rillaboom, F|100\/100\n|switch|p2a: Dunsparce|Dunsparce, M|100\/100\n|-fieldstart|move: Grassy Terrain|[from] ability: Grassy Surge|[of] p1a: Winston\n|turn|1\n|\n|t:|1699991578\n|move|p1a: Winston|Drain Punch|p2a: Dunsparce\n|-supereffective|p2a: Dunsparce\n|-damage|p2a: Dunsparce|61\/100\n|move|p2a: Dunsparce|Coil|p2a: Dunsparce\n|-boost|p2a: Dunsparce|atk|1\n|-boost|p2a: Dunsparce|def|1\n|-boost|p2a: Dunsparce|accuracy|1\n|\n|-heal|p2a: Dunsparce|67\/100|[from] Grassy Terrain\n|upkeep\n|turn|2\n|\n|t:|1699991587\n|move|p1a: Winston|U-turn|p2a: Dunsparce\n|-damage|p2a: Dunsparce|53\/100\n|\n|t:|1699991600\n|switch|p1a: Polnareff|Enamorus-Therian, F|100\/100|[from] U-turn\n|-enditem|p1a: Polnareff|Grassy Seed\n|-boost|p1a: Polnareff|def|1|[from] item: Grassy Seed\n|move|p2a: Dunsparce|Roost|p2a: Dunsparce\n|-heal|p2a: Dunsparce|100\/100\n|-singleturn|p2a: Dunsparce|move: Roost\n|\n|upkeep\n|turn|3\n|\n|t:|1699991608\n|move|p1a: Polnareff|Calm Mind|p1a: Polnareff\n|-boost|p1a: Polnareff|spa|1\n|-boost|p1a: Polnareff|spd|1\n|move|p2a: Dunsparce|Body Slam|p1a: Polnareff\n|-damage|p1a: Polnareff|81\/100\n|\n|upkeep\n|turn|4\n|\n|t:|1699991615\n|move|p1a: Polnareff|Iron Defense|p1a: Polnareff\n|-boost|p1a: Polnareff|def|2\n|move|p2a: Dunsparce|Body Slam|p1a: Polnareff\n|-damage|p1a: Polnareff|70\/100\n|-status|p1a: Polnareff|par\n|\n|upkeep\n|turn|5\n|\n|t:|1699991633\n|switch|p2a: Toxicroak|Toxicroak, F|100\/100\n|move|p1a: Polnareff|Iron Defense|p1a: Polnareff\n|-boost|p1a: Polnareff|def|2\n|\n|upkeep\n|turn|6\n|\n|t:|1699991646\n|move|p2a: Toxicroak|Sludge Bomb|p1a: Polnareff\n|-supereffective|p1a: Polnareff\n|-damage|p1a: Polnareff|30\/100 par\n|-damage|p2a: Toxicroak|91\/100|[from] item: Life Orb\n|move|p1a: Polnareff|Draining Kiss|p2a: Toxicroak\n|-damage|p2a: Toxicroak|36\/100\n|-heal|p1a: Polnareff|66\/100 par|[from] drain|[of] p2a: Toxicroak\n|\n|-heal|p2a: Toxicroak|42\/100|[from] Grassy Terrain\n|upkeep\n|turn|7\n|\n|t:|1699991655\n|move|p2a: Toxicroak|Sludge Bomb|p1a: Polnareff\n|-supereffective|p1a: Polnareff\n|-damage|p1a: Polnareff|17\/100 par\n|-damage|p2a: Toxicroak|32\/100|[from] item: Life Orb\n|move|p1a: Polnareff|Draining Kiss|p2a: Toxicroak\n|-damage|p2a: Toxicroak|0 fnt\n|-heal|p1a: Polnareff|38\/100 par|[from] drain|[of] p2a: Toxicroak\n|faint|p2a: Toxicroak\n|\n|upkeep\n|\n|t:|1699991663\n|switch|p2a: Bellibolt|Bellibolt, F|100\/100\n|turn|8\n|\n|t:|1699991673\n|move|p2a: Bellibolt|Parabolic Charge|p1a: Polnareff\n|-supereffective|p1a: Polnareff\n|-damage|p1a: Polnareff|15\/100 par\n|move|p1a: Polnareff|Calm Mind|p1a: Polnareff\n|-boost|p1a: Polnareff|spa|1\n|-boost|p1a: Polnareff|spd|1\n|\n|-fieldend|move: Grassy Terrain\n|upkeep\n|turn|9\n|\n|t:|1699991680\n|move|p2a: Bellibolt|Parabolic Charge|p1a: Polnareff\n|-supereffective|p1a: Polnareff\n|-damage|p1a: Polnareff|0 fnt\n|faint|p1a: Polnareff\n|\n|upkeep\n|\n|t:|1699991688\n|switch|p1a: Winston|Rillaboom, F|100\/100\n|-fieldstart|move: Grassy Terrain|[from] ability: Grassy Surge|[of] p1a: Winston\n|turn|10\n|\n|t:|1699991692\n|move|p1a: Winston|Drain Punch|p2a: Bellibolt\n|-crit|p2a: Bellibolt\n|-damage|p2a: Bellibolt|76\/100\n|-start|p2a: Bellibolt|Charge|Drain Punch|[from] ability: Electromorphosis\n|move|p2a: Bellibolt|Toxic|p1a: Winston\n|-status|p1a: Winston|tox\n|\n|-heal|p2a: Bellibolt|82\/100|[from] Grassy Terrain\n|-damage|p1a: Winston|94\/100 tox|[from] psn\n|upkeep\n|turn|11\n|\n|t:|1699991705\n|move|p1a: Winston|U-turn|p2a: Bellibolt\n|-damage|p2a: Bellibolt|67\/100\n|-start|p2a: Bellibolt|Charge|U-turn|[from] ability: Electromorphosis\n|\n|t:|1699991709\n|switch|p1a: Mastodon|Great Tusk|100\/100|[from] U-turn\n|-enditem|p1a: Mastodon|Booster Energy\n|-activate|p1a: Mastodon|ability: Protosynthesis|[fromitem]\n|-start|p1a: Mastodon|protosynthesisspe\n|move|p2a: Bellibolt|Chilling Water|p1a: Mastodon\n|-supereffective|p1a: Mastodon\n|-damage|p1a: Mastodon|69\/100\n|-unboost|p1a: Mastodon|atk|1\n|\n|-heal|p1a: Mastodon|75\/100|[from] Grassy Terrain\n|-heal|p2a: Bellibolt|73\/100|[from] Grassy Terrain\n|upkeep\n|turn|12\n|\n|t:|1699991725\n|-terastallize|p2a: Bellibolt|Water\n|move|p1a: Mastodon|Headlong Rush|p2a: Bellibolt\n|-damage|p2a: Bellibolt|52\/100\n|-unboost|p1a: Mastodon|def|1\n|-unboost|p1a: Mastodon|spd|1\n|-start|p2a: Bellibolt|Charge|Headlong Rush|[from] ability: Electromorphosis\n|move|p2a: Bellibolt|Chilling Water|p1a: Mastodon\n|-supereffective|p1a: Mastodon\n|-damage|p1a: Mastodon|0 fnt\n|faint|p1a: Mastodon\n|-end|p1a: Mastodon|Protosynthesis|[silent]\n|\n|-heal|p2a: Bellibolt|58\/100|[from] Grassy Terrain\n|upkeep\n|\n|t:|1699991731\n|switch|p1a: Winston|Rillaboom, F|94\/100 tox\n|turn|13\n|\n|t:|1699991741\n|move|p1a: Winston|Grassy Glide|p2a: Bellibolt\n|-supereffective|p2a: Bellibolt\n|-damage|p2a: Bellibolt|5\/100\n|-start|p2a: Bellibolt|Charge|Grassy Glide|[from] ability: Electromorphosis\n|-enditem|p2a: Bellibolt|Sitrus Berry|[eat]\n|-heal|p2a: Bellibolt|30\/100|[from] item: Sitrus Berry\n|move|p2a: Bellibolt|Slack Off|p2a: Bellibolt\n|-heal|p2a: Bellibolt|80\/100\n|\n|-heal|p1a: Winston|100\/100 tox|[from] Grassy Terrain\n|-heal|p2a: Bellibolt|86\/100|[from] Grassy Terrain\n|-damage|p1a: Winston|94\/100 tox|[from] psn\n|upkeep\n|turn|14\n|\n|t:|1699991756\n|switch|p2a: Arboliva|Arboliva, F|100\/100\n|-enditem|p2a: Arboliva|Grassy Seed\n|-boost|p2a: Arboliva|def|1|[from] item: Grassy Seed\n|move|p1a: Winston|U-turn|p2a: Arboliva\n|-supereffective|p2a: Arboliva\n|-damage|p2a: Arboliva|62\/100\n|\n|t:|1699991761\n|switch|p1a: Valerie|Sneasler, F|100\/100|[from] U-turn\n|-enditem|p1a: Valerie|Grassy Seed\n|-boost|p1a: Valerie|def|1|[from] item: Grassy Seed\n|\n|-heal|p2a: Arboliva|68\/100|[from] Grassy Terrain\n|upkeep\n|turn|15\n|\n|t:|1699991769\n|-terastallize|p1a: Valerie|Flying\n|move|p1a: Valerie|Swords Dance|p1a: Valerie\n|-boost|p1a: Valerie|atk|2\n|move|p2a: Arboliva|Strength Sap|p1a: Valerie\n|-unboost|p1a: Valerie|atk|1\n|-heal|p2a: Arboliva|100\/100\n|\n|upkeep\n|turn|16\n|\n|t:|1699991781\n|move|p1a: Valerie|Swords Dance|p1a: Valerie\n|-boost|p1a: Valerie|atk|2\n|move|p2a: Arboliva|Hyper Voice|p1a: Valerie\n|-damage|p1a: Valerie|38\/100\n|\n|upkeep\n|turn|17\n|\n|t:|1699991788\n|move|p1a: Valerie|Acrobatics|p2a: Arboliva\n|-supereffective|p2a: Arboliva\n|-damage|p2a: Arboliva|0 fnt\n|faint|p2a: Arboliva\n|\n|-fieldend|move: Grassy Terrain\n|upkeep\n|\n|t:|1699991793\n|switch|p2a: Dragapult|Dragapult, F|100\/100\n|turn|18\n|\n|t:|1699991800\n|move|p2a: Dragapult|Sucker Punch|p1a: Valerie\n|-crit|p1a: Valerie\n|-damage|p1a: Valerie|0 fnt\n|faint|p1a: Valerie\n|\n|upkeep\n|\n|t:|1699991809\n|switch|p1a: Winston|Rillaboom, F|94\/100 tox\n|-fieldstart|move: Grassy Terrain|[from] ability: Grassy Surge|[of] p1a: Winston\n|turn|19\n|\n|t:|1699991813\n|move|p2a: Dragapult|Dragon Dance|p2a: Dragapult\n|-boost|p2a: Dragapult|atk|1\n|-boost|p2a: Dragapult|spe|1\n|move|p1a: Winston|Knock Off|p2a: Dragapult\n|-supereffective|p2a: Dragapult\n|-enditem|p2a: Dragapult|Colbur Berry|[eat]\n|-enditem|p2a: Dragapult|Colbur Berry|[weaken]\n|-damage|p2a: Dragapult|42\/100\n|\n|-heal|p2a: Dragapult|48\/100|[from] Grassy Terrain\n|-heal|p1a: Winston|100\/100 tox|[from] Grassy Terrain\n|-damage|p1a: Winston|94\/100 tox|[from] psn\n|upkeep\n|turn|20\n|\n|t:|1699991824\n|move|p2a: Dragapult|Dragon Darts|p1a: Winston\n|-damage|p1a: Winston|53\/100 tox\n|-anim|p2a: Dragapult|Dragon Darts|p1a: Winston\n|-damage|p1a: Winston|16\/100 tox\n|move|p1a: Winston|Knock Off|p2a: Dragapult\n|-supereffective|p2a: Dragapult\n|-damage|p2a: Dragapult|0 fnt\n|faint|p2a: Dragapult\n|\n|-heal|p1a: Winston|22\/100 tox|[from] Grassy Terrain\n|-damage|p1a: Winston|10\/100 tox|[from] psn\n|upkeep\n|\n|t:|1699991834\n|switch|p2a: Dunsparce|Dunsparce, M|100\/100\n|turn|21\n|\n|t:|1699991838\n|move|p1a: Winston|Drain Punch|p2a: Dunsparce\n|-supereffective|p2a: Dunsparce\n|-damage|p2a: Dunsparce|56\/100\n|-heal|p1a: Winston|33\/100 tox|[from] drain|[of] p2a: Dunsparce\n|move|p2a: Dunsparce|Coil|p2a: Dunsparce\n|-boost|p2a: Dunsparce|atk|1\n|-boost|p2a: Dunsparce|def|1\n|-boost|p2a: Dunsparce|accuracy|1\n|\n|-heal|p1a: Winston|39\/100 tox|[from] Grassy Terrain\n|-heal|p2a: Dunsparce|62\/100|[from] Grassy Terrain\n|-damage|p1a: Winston|21\/100 tox|[from] psn\n|upkeep\n|turn|22\n|\n|t:|1699991850\n|move|p1a: Winston|U-turn|p2a: Dunsparce\n|-damage|p2a: Dunsparce|50\/100\n|\n|t:|1699991853\n|switch|p1a: Maegera|Heatran, F|100\/100|[from] U-turn\n|move|p2a: Dunsparce|Roost|p2a: Dunsparce\n|-heal|p2a: Dunsparce|99\/100\n|-singleturn|p2a: Dunsparce|move: Roost\n|\n|-heal|p2a: Dunsparce|100\/100|[from] Grassy Terrain\n|upkeep\n|turn|23\n|\n|t:|1699991861\n|move|p1a: Maegera|Magma Storm|p2a: Dunsparce\n|-damage|p2a: Dunsparce|70\/100\n|-activate|p2a: Dunsparce|move: Magma Storm|[of] p1a: Maegera\n|move|p2a: Dunsparce|Drill Run|p1a: Maegera\n|-supereffective|p1a: Maegera\n|-damage|p1a: Maegera|15\/100\n|\n|-heal|p1a: Maegera|21\/100|[from] Grassy Terrain\n|-heal|p1a: Maegera|27\/100|[from] item: Leftovers\n|-heal|p2a: Dunsparce|76\/100|[from] Grassy Terrain\n|-damage|p2a: Dunsparce|64\/100|[from] move: Magma Storm|[partiallytrapped]\n|upkeep\n|turn|24\n|\n|t:|1699991875\n|switch|p1a: Winston|Rillaboom, F|21\/100 tox\n|move|p2a: Dunsparce|Drill Run|p1a: Winston\n|-resisted|p1a: Winston\n|-damage|p1a: Winston|10\/100 tox\n|\n|-heal|p1a: Winston|16\/100 tox|[from] Grassy Terrain\n|-heal|p2a: Dunsparce|70\/100|[from] Grassy Terrain\n|-damage|p1a: Winston|10\/100 tox|[from] psn\n|-end|p2a: Dunsparce|Magma Storm|[partiallytrapped]|[silent]\n|upkeep\n|turn|25\n|\n|t:|1699991884\n|move|p1a: Winston|Drain Punch|p2a: Dunsparce\n|-supereffective|p2a: Dunsparce\n|-damage|p2a: Dunsparce|43\/100\n|-heal|p1a: Winston|24\/100 tox|[from] drain|[of] p2a: Dunsparce\n|move|p2a: Dunsparce|Roost|p2a: Dunsparce\n|-heal|p2a: Dunsparce|93\/100\n|-singleturn|p2a: Dunsparce|move: Roost\n|\n|-heal|p1a: Winston|30\/100 tox|[from] Grassy Terrain\n|-heal|p2a: Dunsparce|99\/100|[from] Grassy Terrain\n|-damage|p1a: Winston|18\/100 tox|[from] psn\n|upkeep\n|turn|26\n|\n|t:|1699991901\n|move|p1a: Winston|Knock Off|p2a: Dunsparce\n|-damage|p2a: Dunsparce|81\/100\n|-enditem|p2a: Dunsparce|Eviolite|[from] move: Knock Off|[of] p1a: Winston\n|move|p2a: Dunsparce|Coil|p2a: Dunsparce\n|-boost|p2a: Dunsparce|atk|1\n|-boost|p2a: Dunsparce|def|1\n|-boost|p2a: Dunsparce|accuracy|1\n|\n|-heal|p1a: Winston|24\/100 tox|[from] Grassy Terrain\n|-heal|p2a: Dunsparce|88\/100|[from] Grassy Terrain\n|-damage|p1a: Winston|6\/100 tox|[from] psn\n|-fieldend|move: Grassy Terrain\n|upkeep\n|turn|27\n|\n|t:|1699991913\n|move|p1a: Winston|Drain Punch|p2a: Dunsparce\n|-supereffective|p2a: Dunsparce\n|-damage|p2a: Dunsparce|58\/100\n|-heal|p1a: Winston|21\/100 tox|[from] drain|[of] p2a: Dunsparce\n|move|p2a: Dunsparce|Roost|p2a: Dunsparce\n|-heal|p2a: Dunsparce|100\/100\n|-singleturn|p2a: Dunsparce|move: Roost\n|\n|-damage|p1a: Winston|0 fnt|[from] psn\n|faint|p1a: Winston\n|upkeep\n|\n|t:|1699991926\n|switch|p1a: Maegera|Heatran, F|27\/100\n|turn|28\n|\n|t:|1699991931\n|move|p1a: Maegera|Taunt|p2a: Dunsparce\n|-start|p2a: Dunsparce|move: Taunt\n|move|p2a: Dunsparce|Drill Run|p1a: Maegera\n|-supereffective|p1a: Maegera\n|-damage|p1a: Maegera|0 fnt\n|faint|p1a: Maegera\n|\n|upkeep\n|\n|t:|1699991936\n|switch|p1a: Toji|Kingambit, F|100\/100\n|-activate|p1a: Toji|ability: Supreme Overlord\n|-start|p1a: Toji|fallen5|[silent]\n|turn|29\n|\n|t:|1699991942\n|move|p1a: Toji|Swords Dance|p1a: Toji\n|-boost|p1a: Toji|atk|2\n|move|p2a: Dunsparce|Drill Run|p1a: Toji\n|-supereffective|p1a: Toji\n|-damage|p1a: Toji|54\/100\n|\n|upkeep\n|turn|30\n|\n|t:|1699991948\n|move|p1a: Toji|Sucker Punch|p2a: Dunsparce\n|-damage|p2a: Dunsparce|13\/100\n|-damage|p1a: Toji|44\/100|[from] item: Life Orb\n|move|p2a: Dunsparce|Drill Run|p1a: Toji\n|-supereffective|p1a: Toji\n|-damage|p1a: Toji|0 fnt\n|faint|p1a: Toji\n|-end|p1a: Toji|fallen5|[silent]\n|\n|win|Damien Leruss\n|raw|jackolascooking's rating: 1157 &rarr; <strong>1131<\/strong><br \/>(-26 for losing)\n|raw|Damien Leruss's rating: 1141 &rarr; <strong>1167<\/strong><br \/>(+26 for winning)\n","uploadtime":1699991957,"views":13,"p1id":"jackolascooking","p2id":"damienleruss","formatid":"gen9ou","rating":1131,"private":0,"password":""}