{"id":"gen9ou-1996358763","p1":"Chaitanya15","p2":"shintales","format":"[Gen 9] OU","log":"|j|\u2606Chaitanya15\n|j|\u2606shintales\n|t:|1700674476\n|gametype|singles\n|player|p1|Chaitanya15|101|1158\n|player|p2|shintales|1|1119\n|teamsize|p1|6\n|teamsize|p2|6\n|gen|9\n|tier|[Gen 9] OU\n|rated|\n|rule|Sleep Clause Mod: Limit one foe put to sleep\n|rule|Species Clause: Limit one of each Pok\u00e9mon\n|rule|OHKO Clause: OHKO moves are banned\n|rule|Evasion Items Clause: Evasion items are banned\n|rule|Evasion Moves Clause: Evasion moves are banned\n|rule|Endless Battle Clause: Forcing endless battles is banned\n|rule|HP Percentage Mod: HP is shown in percentages\n|clearpoke\n|poke|p1|Dragonite, M|\n|poke|p1|Hatterene, F|\n|poke|p1|Greninja-*, M|\n|poke|p1|Rillaboom, F|\n|poke|p1|Iron Moth|\n|poke|p1|Iron Valiant|\n|poke|p2|Hydreigon, M|\n|poke|p2|Ribombee, M|\n|poke|p2|Slowking-Galar, M|\n|poke|p2|Espeon, F|\n|poke|p2|Gholdengo|\n|poke|p2|Ambipom, M|\n|teampreview\n|inactive|Battle timer is ON: inactive players will automatically lose when time's up. (requested by Chaitanya15)\n|\n|t:|1700674495\n|start\n|switch|p1a: Rillaboom|Rillaboom, F|100\/100\n|switch|p2a: Ambipom|Ambipom, M|100\/100\n|-fieldstart|move: Grassy Terrain|[from] ability: Grassy Surge|[of] p1a: Rillaboom\n|-enditem|p1a: Rillaboom|Grassy Seed\n|-boost|p1a: Rillaboom|def|1|[from] item: Grassy Seed\n|turn|1\n|\n|t:|1700674506\n|move|p2a: Ambipom|Fake Out|p1a: Rillaboom\n|-damage|p1a: Rillaboom|76\/100\n|cant|p1a: Rillaboom|flinch\n|\n|-heal|p1a: Rillaboom|83\/100|[from] Grassy Terrain\n|upkeep\n|turn|2\n|\n|t:|1700674515\n|move|p2a: Ambipom|U-turn|p1a: Rillaboom\n|-supereffective|p1a: Rillaboom\n|-damage|p1a: Rillaboom|52\/100\n|\n|t:|1700674521\n|switch|p2a: Gholdengo|Gholdengo|100\/100|[from] U-turn\n|move|p1a: Rillaboom|Knock Off|p2a: Gholdengo\n|-supereffective|p2a: Gholdengo\n|-damage|p2a: Gholdengo|33\/100\n|-enditem|p2a: Gholdengo|Covert Cloak|[from] move: Knock Off|[of] p1a: Rillaboom\n|\n|-heal|p1a: Rillaboom|58\/100|[from] Grassy Terrain\n|-heal|p2a: Gholdengo|39\/100|[from] Grassy Terrain\n|upkeep\n|turn|3\n|\n|t:|1700674534\n|move|p1a: Rillaboom|Knock Off|p2a: Gholdengo\n|-supereffective|p2a: Gholdengo\n|-damage|p2a: Gholdengo|0 fnt\n|faint|p2a: Gholdengo\n|\n|-heal|p1a: Rillaboom|64\/100|[from] Grassy Terrain\n|upkeep\n|\n|t:|1700674543\n|switch|p2a: Ambipom|Ambipom, M|100\/100\n|turn|4\n|\n|t:|1700674553\n|move|p2a: Ambipom|Fake Out|p1a: Rillaboom\n|-crit|p1a: Rillaboom\n|-damage|p1a: Rillaboom|17\/100\n|cant|p1a: Rillaboom|flinch\n|\n|-heal|p1a: Rillaboom|23\/100|[from] Grassy Terrain\n|upkeep\n|turn|5\n|\n|t:|1700674564\n|switch|p1a: Iron Moth|Iron Moth|100\/100\n|-enditem|p1a: Iron Moth|Booster Energy\n|-activate|p1a: Iron Moth|ability: Quark Drive|[fromitem]\n|-start|p1a: Iron Moth|quarkdrivespa\n|move|p2a: Ambipom|U-turn|p1a: Iron Moth\n|-resisted|p1a: Iron Moth\n|-crit|p1a: Iron Moth\n|-damage|p1a: Iron Moth|87\/100\n|\n|t:|1700674572\n|switch|p2a: Hydreigon|Hydreigon, M|100\/100|[from] U-turn\n|\n|-heal|p1a: Iron Moth|93\/100|[from] Grassy Terrain\n|-fieldend|move: Grassy Terrain\n|upkeep\n|turn|6\n|\n|t:|1700674581\n|move|p1a: Iron Moth|Sludge Wave|p2a: Hydreigon\n|-damage|p2a: Hydreigon|26\/100\n|move|p2a: Hydreigon|Earth Power|p1a: Iron Moth\n|-supereffective|p1a: Iron Moth\n|-damage|p1a: Iron Moth|0 fnt\n|faint|p1a: Iron Moth\n|-end|p1a: Iron Moth|Quark Drive|[silent]\n|\n|-heal|p2a: Hydreigon|32\/100|[from] item: Leftovers\n|upkeep\n|\n|t:|1700674597\n|switch|p1a: Hatterene|Hatterene, F|100\/100\n|turn|7\n|\n|t:|1700674616\n|move|p2a: Hydreigon|Dark Pulse|p1a: Hatterene\n|-damage|p1a: Hatterene|60\/100\n|move|p1a: Hatterene|Draining Kiss|p2a: Hydreigon\n|-supereffective|p2a: Hydreigon\n|-damage|p2a: Hydreigon|0 fnt\n|-heal|p1a: Hatterene|84\/100|[from] drain|[of] p2a: Hydreigon\n|faint|p2a: Hydreigon\n|\n|-heal|p1a: Hatterene|90\/100|[from] item: Leftovers\n|upkeep\n|\n|t:|1700674630\n|switch|p2a: Ambipom|Ambipom, M|100\/100\n|turn|8\n|\n|t:|1700674634\n|move|p2a: Ambipom|Fake Out|p1a: Hatterene\n|-damage|p1a: Hatterene|51\/100\n|cant|p1a: Hatterene|flinch\n|\n|-heal|p1a: Hatterene|57\/100|[from] item: Leftovers\n|upkeep\n|turn|9\n|\n|t:|1700674642\n|move|p2a: Ambipom|Double Hit|p1a: Hatterene\n|-damage|p1a: Hatterene|24\/100\n|-damage|p1a: Hatterene|0 fnt\n|faint|p1a: Hatterene\n|-hitcount|p1: Hatterene|2\n|\n|upkeep\n|\n|t:|1700674649\n|switch|p1a: Iron Valiant|Iron Valiant|100\/100\n|turn|10\n|\n|t:|1700674662\n|-terastallize|p2a: Ambipom|Ghost\n|move|p1a: Iron Valiant|Close Combat|p2a: Ambipom\n|-immune|p2a: Ambipom\n|move|p2a: Ambipom|Double Hit|p1a: Iron Valiant|[miss]\n|-miss|p2a: Ambipom|p1a: Iron Valiant\n|\n|upkeep\n|turn|11\n|\n|t:|1700674670\n|move|p1a: Iron Valiant|Moonblast|p2a: Ambipom\n|-damage|p2a: Ambipom|17\/100\n|-unboost|p2a: Ambipom|spa|1\n|-damage|p1a: Iron Valiant|91\/100|[from] item: Life Orb\n|move|p2a: Ambipom|Double Hit|p1a: Iron Valiant\n|-damage|p1a: Iron Valiant|58\/100\n|-damage|p1a: Iron Valiant|20\/100\n|-hitcount|p1a: Iron Valiant|2\n|\n|upkeep\n|turn|12\n|\n|t:|1700674685\n|switch|p2a: Slowking|Slowking-Galar, M|100\/100\n|move|p1a: Iron Valiant|Moonblast|p2a: Slowking\n|-resisted|p2a: Slowking\n|-damage|p2a: Slowking|89\/100\n|-damage|p1a: Iron Valiant|11\/100|[from] item: Life Orb\n|\n|upkeep\n|turn|13\n|\n|t:|1700674698\n|move|p1a: Iron Valiant|Psycho Cut|p2a: Slowking\n|-damage|p2a: Slowking|55\/100\n|-damage|p1a: Iron Valiant|1\/100|[from] item: Life Orb\n|move|p2a: Slowking|Sludge Bomb|p1a: Iron Valiant\n|-supereffective|p1a: Iron Valiant\n|-damage|p1a: Iron Valiant|0 fnt\n|faint|p1a: Iron Valiant\n|-end|p1a: Iron Valiant|Quark Drive|[silent]\n|\n|upkeep\n|\n|t:|1700674709\n|switch|p1a: Greninja|Greninja, M|100\/100\n|turn|14\n|\n|t:|1700674716\n|move|p1a: Greninja|Dark Pulse|p2a: Slowking\n|-supereffective|p2a: Slowking\n|-damage|p2a: Slowking|10\/100\n|cant|p2a: Slowking|flinch\n|\n|upkeep\n|turn|15\n|\n|t:|1700674726\n|switch|p2a: Ribombee|Ribombee, M|100\/100\n|move|p1a: Greninja|Dark Pulse|p2a: Ribombee\n|-resisted|p2a: Ribombee\n|-damage|p2a: Ribombee|56\/100\n|\n|upkeep\n|turn|16\n|\n|t:|1700674735\n|move|p2a: Ribombee|Moonblast|p1a: Greninja\n|-supereffective|p1a: Greninja\n|-damage|p1a: Greninja|0 fnt\n|faint|p1a: Greninja\n|\n|upkeep\n|\n|t:|1700674743\n|switch|p1a: Rillaboom|Rillaboom, F|23\/100\n|-fieldstart|move: Grassy Terrain|[from] ability: Grassy Surge|[of] p1a: Rillaboom\n|turn|17\n|\n|t:|1700674755\n|move|p1a: Rillaboom|Fake Out|p2a: Ribombee\n|-damage|p2a: Ribombee|31\/100\n|move|p2a: Ribombee|Psychic|p1a: Rillaboom\n|-damage|p1a: Rillaboom|0 fnt\n|faint|p1a: Rillaboom\n|\n|-heal|p2a: Ribombee|37\/100|[from] Grassy Terrain\n|upkeep\n|\n|t:|1700674763\n|switch|p1a: Dragonite|Dragonite, M|100\/100\n|turn|18\n|\n|t:|1700674769\n|move|p1a: Dragonite|Extreme Speed|p2a: Ribombee\n|-damage|p2a: Ribombee|0 fnt\n|faint|p2a: Ribombee\n|\n|upkeep\n|\n|t:|1700674780\n|switch|p2a: Ambipom|Ambipom, M, tera:Ghost|17\/100\n|turn|19\n|\n|t:|1700674786\n|move|p2a: Ambipom|Fake Out|p1a: Dragonite\n|-damage|p1a: Dragonite|82\/100\n|cant|p1a: Dragonite|flinch\n|\n|-heal|p2a: Ambipom|23\/100|[from] Grassy Terrain\n|upkeep\n|turn|20\n|\n|t:|1700674794\n|move|p2a: Ambipom|U-turn|p1a: Dragonite\n|-resisted|p1a: Dragonite\n|-damage|p1a: Dragonite|71\/100\n|\n|t:|1700674797\n|switch|p2a: Slowking|Slowking-Galar, M|43\/100|[from] U-turn\n|move|p1a: Dragonite|Dragon Claw|p2a: Slowking\n|-damage|p2a: Slowking|0 fnt\n|faint|p2a: Slowking\n|\n|upkeep\n|\n|t:|1700674806\n|switch|p2a: Ambipom|Ambipom, M, tera:Ghost|23\/100\n|turn|21\n|\n|t:|1700674811\n|move|p2a: Ambipom|Fake Out|p1a: Dragonite\n|-damage|p1a: Dragonite|35\/100\n|cant|p1a: Dragonite|flinch\n|\n|-heal|p2a: Ambipom|29\/100|[from] Grassy Terrain\n|-fieldend|move: Grassy Terrain\n|upkeep\n|turn|22\n|\n|t:|1700674819\n|move|p2a: Ambipom|Double Hit|p1a: Dragonite|[miss]\n|-miss|p2a: Ambipom|p1a: Dragonite\n|move|p1a: Dragonite|Roost|p1a: Dragonite\n|-heal|p1a: Dragonite|86\/100\n|-singleturn|p1a: Dragonite|move: Roost\n|\n|upkeep\n|turn|23\n|\n|t:|1700674834\n|move|p2a: Ambipom|Double Hit|p1a: Dragonite|[miss]\n|-miss|p2a: Ambipom|p1a: Dragonite\n|move|p1a: Dragonite|Dragon Dance|p1a: Dragonite\n|-boost|p1a: Dragonite|atk|1\n|-boost|p1a: Dragonite|spe|1\n|\n|upkeep\n|turn|24\n|\n|t:|1700674841\n|move|p1a: Dragonite|Dragon Claw|p2a: Ambipom\n|-damage|p2a: Ambipom|0 fnt\n|faint|p2a: Ambipom\n|\n|upkeep\n|\n|t:|1700674846\n|switch|p2a: Espeon|Espeon, F|100\/100\n|turn|25\n|\n|t:|1700674852\n|-terastallize|p1a: Dragonite|Normal\n|move|p1a: Dragonite|Extreme Speed|p2a: Espeon\n|-damage|p2a: Espeon|0 fnt\n|faint|p2a: Espeon\n|\n|win|Chaitanya15\n|raw|Chaitanya15's rating: 1158 &rarr; <strong>1180<\/strong><br \/>(+22 for winning)\n|raw|shintales's rating: 1119 &rarr; <strong>1097<\/strong><br \/>(-22 for losing)\n|c|\u2606Chaitanya15|gg\n|c|\u2606shintales|Gg\n|l|\u2606shintales\n","uploadtime":1700674877,"views":3,"p1id":"chaitanya15","p2id":"shintales","formatid":"gen9ou","rating":1097,"private":0,"password":""}