{"id":"gen9ou-1994598562","p1":"taoe","p2":"aectrosilly","format":"[Gen 9] OU","log":"|j|\u2606taoe\n|j|\u2606aectrosilly\n|t:|1700466922\n|gametype|singles\n|player|p1|taoe|pokemonrangerf-gen4|\n|player|p2|aectrosilly|roxanne|\n|teamsize|p1|6\n|teamsize|p2|6\n|gen|9\n|tier|[Gen 9] OU\n|rule|Sleep Clause Mod: Limit one foe put to sleep\n|rule|Species Clause: Limit one of each Pok\u00e9mon\n|rule|OHKO Clause: OHKO moves are banned\n|rule|Evasion Items Clause: Evasion items are banned\n|rule|Evasion Moves Clause: Evasion moves are banned\n|rule|Endless Battle Clause: Forcing endless battles is banned\n|rule|HP Percentage Mod: HP is shown in percentages\n|clearpoke\n|poke|p1|Maushold|\n|poke|p1|Weavile, F|\n|poke|p1|Jirachi|\n|poke|p1|Ninetales-Alola, F|\n|poke|p1|Ribombee, F|\n|poke|p1|Raichu, M|\n|poke|p2|Ninetales-Alola, M|\n|poke|p2|Maushold|\n|poke|p2|Leavanny, M|\n|poke|p2|Mamoswine, M|\n|poke|p2|Rotom-Wash|\n|poke|p2|Kommo-o, F|\n|teampreview\n|\n|t:|1700466945\n|start\n|switch|p1a: Maushold|Maushold|100\/100\n|switch|p2a: Mamoswine|Mamoswine, M|100\/100\n|turn|1\n|\n|t:|1700466959\n|move|p1a: Maushold|Tidy Up|p1a: Maushold\n|-boost|p1a: Maushold|atk|1\n|-boost|p1a: Maushold|spe|1\n|move|p2a: Mamoswine|Knock Off|p1a: Maushold\n|-crit|p1a: Maushold\n|-damage|p1a: Maushold|10\/100\n|-enditem|p1a: Maushold|Wide Lens|[from] move: Knock Off|[of] p2a: Mamoswine\n|\n|upkeep\n|turn|2\n|\n|t:|1700466968\n|move|p1a: Maushold|Population Bomb|p2a: Mamoswine\n|-damage|p2a: Mamoswine|83\/100\n|-damage|p2a: Mamoswine|66\/100\n|-damage|p2a: Mamoswine|50\/100\n|-hitcount|p2a: Mamoswine|3\n|move|p2a: Mamoswine|Earthquake|p1a: Maushold\n|-damage|p1a: Maushold|0 fnt\n|faint|p1a: Maushold\n|\n|upkeep\n|\n|t:|1700466974\n|switch|p1a: Raichu|Raichu, M, shiny|100\/100\n|turn|3\n|\n|t:|1700466985\n|-terastallize|p2a: Mamoswine|Grass\n|move|p1a: Raichu|Grass Knot|p2a: Mamoswine\n|-resisted|p2a: Mamoswine\n|-crit|p2a: Mamoswine\n|-damage|p2a: Mamoswine|31\/100\n|move|p2a: Mamoswine|Icicle Crash|p1a: Raichu\n|-damage|p1a: Raichu|0 fnt\n|faint|p1a: Raichu\n|\n|upkeep\n|\n|t:|1700466993\n|switch|p1a: Weavile|Weavile, F|100\/100\n|-ability|p1a: Weavile|Pressure\n|turn|4\n|\n|t:|1700467012\n|move|p1a: Weavile|Knock Off|p2a: Mamoswine\n|-damage|p2a: Mamoswine|0 fnt\n|-enditem|p2a: Mamoswine|Assault Vest|[from] move: Knock Off|[of] p1a: Weavile\n|faint|p2a: Mamoswine\n|\n|upkeep\n|\n|t:|1700467019\n|switch|p2a: Ninetales|Ninetales-Alola, M|100\/100\n|-weather|Snow|[from] ability: Snow Warning|[of] p2a: Ninetales\n|turn|5\n|\n|t:|1700467023\n|move|p1a: Weavile|Knock Off|p2a: Ninetales\n|-resisted|p2a: Ninetales\n|-damage|p2a: Ninetales|75\/100\n|-enditem|p2a: Ninetales|Light Clay|[from] move: Knock Off|[of] p1a: Weavile\n|move|p2a: Ninetales|Aurora Veil|p2a: Ninetales\n|-sidestart|p2: aectrosilly|move: Aurora Veil\n|\n|-weather|Snow|[upkeep]\n|upkeep\n|turn|6\n|\n|t:|1700467028\n|switch|p1a: Jirachi|Jirachi|100\/100\n|switch|p2a: Leavanny|Leavanny, M|100\/100\n|\n|-weather|Snow|[upkeep]\n|upkeep\n|turn|7\n|\n|t:|1700467031\n|move|p2a: Leavanny|Swords Dance|p2a: Leavanny\n|-boost|p2a: Leavanny|atk|2\n|move|p1a: Jirachi|Doom Desire|p2a: Leavanny\n|-start|p1a: Jirachi|Doom Desire\n|\n|-weather|Snow|[upkeep]\n|upkeep\n|turn|8\n|\n|t:|1700467036\n|move|p2a: Leavanny|Swords Dance|p2a: Leavanny\n|-boost|p2a: Leavanny|atk|2\n|move|p1a: Jirachi|Wish|p1a: Jirachi\n|\n|-weather|Snow|[upkeep]\n|upkeep\n|turn|9\n|\n|t:|1700467044\n|move|p2a: Leavanny|Swords Dance|p2a: Leavanny\n|-boost|p2a: Leavanny|atk|2\n|move|p1a: Jirachi|Psychic|p2a: Leavanny\n|-damage|p2a: Leavanny|81\/100\n|\n|-weather|none\n|-end|p2a: Leavanny|move: Doom Desire\n|-damage|p2a: Leavanny|51\/100\n|-sideend|p2: aectrosilly|move: Aurora Veil\n|upkeep\n|turn|10\n|\n|t:|1700467051\n|move|p1a: Jirachi|Protect|p1a: Jirachi\n|-singleturn|p1a: Jirachi|Protect\n|move|p2a: Leavanny|Lunge|p1a: Jirachi\n|-activate|p1a: Jirachi|move: Protect\n|\n|upkeep\n|turn|11\n|\n|t:|1700467064\n|move|p2a: Leavanny|Lunge|p1a: Jirachi\n|-crit|p1a: Jirachi\n|-damage|p1a: Jirachi|0 fnt\n|faint|p1a: Jirachi\n|\n|upkeep\n|\n|t:|1700467070\n|switch|p1a: Ribombee|Ribombee, F|100\/100\n|turn|12\n|\n|t:|1700467079\n|move|p1a: Ribombee|Bug Buzz|p2a: Leavanny\n|-supereffective|p2a: Leavanny\n|-damage|p2a: Leavanny|0 fnt\n|faint|p2a: Leavanny\n|\n|upkeep\n|\n|t:|1700467095\n|switch|p2a: Maushold|Maushold|100\/100\n|turn|13\n|\n|t:|1700467104\n|move|p1a: Ribombee|Moonblast|p2a: Maushold\n|-damage|p2a: Maushold|34\/100\n|-unboost|p2a: Maushold|spa|1\n|move|p2a: Maushold|Tidy Up|p2a: Maushold\n|-boost|p2a: Maushold|atk|1\n|-boost|p2a: Maushold|spe|1\n|\n|upkeep\n|turn|14\n|\n|t:|1700467112\n|move|p2a: Maushold|Population Bomb|p1a: Ribombee\n|-damage|p1a: Ribombee|66\/100\n|-damage|p1a: Ribombee|33\/100\n|-damage|p1a: Ribombee|0 fnt\n|faint|p1a: Ribombee\n|-hitcount|p1: Ribombee|3\n|\n|upkeep\n|\n|t:|1700467117\n|switch|p1a: Weavile|Weavile, F|100\/100\n|-ability|p1a: Weavile|Pressure\n|turn|15\n|\n|t:|1700467124\n|move|p1a: Weavile|Ice Shard|p2a: Maushold\n|-damage|p2a: Maushold|5\/100\n|move|p2a: Maushold|Population Bomb|p1a: Weavile\n|-damage|p1a: Weavile|67\/100\n|-damage|p1a: Weavile|36\/100\n|-damage|p1a: Weavile|4\/100\n|-damage|p1a: Weavile|0 fnt\n|faint|p1a: Weavile\n|-hitcount|p1: Weavile|4\n|\n|upkeep\n|\n|t:|1700467126\n|switch|p1a: Ninetales|Ninetales-Alola, F, shiny|100\/100\n|-weather|Snow|[from] ability: Snow Warning|[of] p1a: Ninetales\n|turn|16\n|\n|t:|1700467137\n|move|p2a: Maushold|Population Bomb|p1a: Ninetales\n|-damage|p1a: Ninetales|82\/100\n|-damage|p1a: Ninetales|63\/100\n|-damage|p1a: Ninetales|45\/100\n|-damage|p1a: Ninetales|26\/100\n|-damage|p1a: Ninetales|7\/100\n|-damage|p1a: Ninetales|0 fnt\n|faint|p1a: Ninetales\n|-hitcount|p1: Ninetales|6\n|\n|win|aectrosilly\n|l|\u2606taoe\n","uploadtime":1700467149,"views":17,"p1id":"taoe","p2id":"aectrosilly","formatid":"gen9ou","rating":0,"private":0,"password":""}