{"id":"gen9ou-1998000586","p1":"firstimpression1","p2":"YYYYYASSO","format":"[Gen 9] OU","log":"|j|\u2606firstimpression1\n|j|\u2606YYYYYASSO\n|t:|1700877361\n|gametype|singles\n|player|p1|firstimpression1|101|1371\n|player|p2|YYYYYASSO|skierf|1397\n|teamsize|p1|6\n|teamsize|p2|6\n|gen|9\n|tier|[Gen 9] OU\n|rated|\n|rule|Sleep Clause Mod: Limit one foe put to sleep\n|rule|Species Clause: Limit one of each Pok\u00e9mon\n|rule|OHKO Clause: OHKO moves are banned\n|rule|Evasion Items Clause: Evasion items are banned\n|rule|Evasion Moves Clause: Evasion moves are banned\n|rule|Endless Battle Clause: Forcing endless battles is banned\n|rule|HP Percentage Mod: HP is shown in percentages\n|clearpoke\n|poke|p1|Rillaboom, F|\n|poke|p1|Dragonite, F|\n|poke|p1|Great Tusk|\n|poke|p1|Heatran, M|\n|poke|p1|Mandibuzz, F|\n|poke|p1|Slowking-Galar, F|\n|poke|p2|Weavile, F|\n|poke|p2|Amoonguss, M|\n|poke|p2|Garganacl, F|\n|poke|p2|Maushold|\n|poke|p2|Samurott-Hisui, M|\n|poke|p2|Kingambit, M|\n|teampreview\n|j| huilonnn\n|\n|t:|1700877419\n|start\n|switch|p1a: Great Tusk|Great Tusk|100\/100\n|switch|p2a: Weavile|Weavile, F|100\/100\n|-ability|p2a: Weavile|Pressure\n|turn|1\n|\n|t:|1700877431\n|move|p2a: Weavile|Ice Spinner|p1a: Great Tusk\n|-supereffective|p1a: Great Tusk\n|-damage|p1a: Great Tusk|42\/100\n|move|p1a: Great Tusk|Headlong Rush|p2a: Weavile\n|-damage|p2a: Weavile|0 fnt\n|-unboost|p1a: Great Tusk|def|1\n|-unboost|p1a: Great Tusk|spd|1\n|faint|p2a: Weavile\n|\n|upkeep\n|\n|t:|1700877437\n|switch|p2a: Maushold|Maushold|100\/100\n|turn|2\n|\n|t:|1700877445\n|-end|p1a: Great Tusk|Protosynthesis|[silent]\n|switch|p1a: Heatran|Heatran, M|100\/100\n|move|p2a: Maushold|Population Bomb|p1a: Heatran\n|-resisted|p1a: Heatran\n|-damage|p1a: Heatran|96\/100\n|-resisted|p1a: Heatran\n|-damage|p1a: Heatran|91\/100\n|-status|p2a: Maushold|brn|[from] ability: Flame Body|[of] p1a: Heatran\n|-hitcount|p1a: Heatran|2\n|\n|-heal|p1a: Heatran|97\/100|[from] item: Leftovers\n|-damage|p2a: Maushold|94\/100 brn|[from] brn\n|upkeep\n|turn|3\n|\n|t:|1700877459\n|move|p2a: Maushold|Tidy Up|p2a: Maushold\n|-boost|p2a: Maushold|atk|1\n|-boost|p2a: Maushold|spe|1\n|move|p1a: Heatran|Magma Storm|p2a: Maushold\n|-damage|p2a: Maushold|32\/100 brn\n|-activate|p2a: Maushold|move: Magma Storm|[of] p1a: Heatran\n|\n|-heal|p1a: Heatran|100\/100|[from] item: Leftovers\n|-damage|p2a: Maushold|25\/100 brn|[from] brn\n|-damage|p2a: Maushold|13\/100 brn|[from] move: Magma Storm|[partiallytrapped]\n|upkeep\n|turn|4\n|\n|t:|1700877468\n|move|p1a: Heatran|Protect|p1a: Heatran\n|-singleturn|p1a: Heatran|Protect\n|move|p2a: Maushold|Encore|p1a: Heatran\n|-activate|p1a: Heatran|move: Protect\n|\n|-damage|p2a: Maushold|7\/100 brn|[from] brn\n|-damage|p2a: Maushold|0 fnt|[from] move: Magma Storm|[partiallytrapped]\n|faint|p2a: Maushold\n|upkeep\n|\n|t:|1700877488\n|switch|p2a: Samurott|Samurott-Hisui, M, shiny|100\/100\n|turn|5\n|\n|t:|1700877510\n|switch|p1a: Mandibuzz|Mandibuzz, F|100\/100\n|move|p2a: Samurott|Aqua Cutter|p1a: Mandibuzz\n|-damage|p1a: Mandibuzz|67\/100\n|\n|upkeep\n|turn|6\n|\n|t:|1700877600\n|switch|p2a: Garganacl|Garganacl, F|100\/100\n|move|p1a: Mandibuzz|Roost|p1a: Mandibuzz\n|-heal|p1a: Mandibuzz|100\/100\n|-singleturn|p1a: Mandibuzz|move: Roost\n|\n|upkeep\n|turn|7\n|\n|t:|1700877611\n|switch|p1a: Slowking|Slowking-Galar, F|100\/100\n|move|p2a: Garganacl|Iron Defense|p2a: Garganacl\n|-boost|p2a: Garganacl|def|2\n|\n|upkeep\n|turn|8\n|\n|t:|1700877619\n|move|p2a: Garganacl|Salt Cure|p1a: Slowking\n|-damage|p1a: Slowking|91\/100\n|-start|p1a: Slowking|Salt Cure\n|move|p1a: Slowking|Chilly Reception|p1a: Slowking\n|-weather|Snow\n|\n|t:|1700877634\n|switch|p1a: Great Tusk|Great Tusk|42\/100|[from] Chilly Reception\n|\n|-weather|Snow|[upkeep]\n|upkeep\n|turn|9\n|\n|t:|1700877649\n|move|p1a: Great Tusk|Headlong Rush|p2a: Garganacl\n|-supereffective|p2a: Garganacl\n|-damage|p2a: Garganacl|32\/100\n|-unboost|p1a: Great Tusk|def|1\n|-unboost|p1a: Great Tusk|spd|1\n|move|p2a: Garganacl|Iron Defense|p2a: Garganacl\n|-boost|p2a: Garganacl|def|2\n|\n|-weather|Snow|[upkeep]\n|-heal|p2a: Garganacl|38\/100|[from] item: Leftovers\n|upkeep\n|turn|10\n|\n|t:|1700877660\n|-terastallize|p2a: Garganacl|Fairy\n|move|p1a: Great Tusk|Headlong Rush|p2a: Garganacl\n|-damage|p2a: Garganacl|17\/100\n|-unboost|p1a: Great Tusk|def|1\n|-unboost|p1a: Great Tusk|spd|1\n|move|p2a: Garganacl|Recover|p2a: Garganacl\n|-heal|p2a: Garganacl|67\/100\n|\n|-weather|Snow|[upkeep]\n|-heal|p2a: Garganacl|73\/100|[from] item: Leftovers\n|upkeep\n|turn|11\n|\n|t:|1700877671\n|-end|p1a: Great Tusk|Protosynthesis|[silent]\n|switch|p1a: Heatran|Heatran, M|100\/100\n|move|p2a: Garganacl|Recover|p2a: Garganacl\n|-heal|p2a: Garganacl|100\/100\n|\n|-weather|Snow|[upkeep]\n|upkeep\n|turn|12\n|\n|t:|1700877678\n|move|p1a: Heatran|Taunt|p2a: Garganacl\n|-start|p2a: Garganacl|move: Taunt\n|move|p2a: Garganacl|Body Press|p1a: Heatran\n|-supereffective|p1a: Heatran\n|-damage|p1a: Heatran|0 fnt\n|faint|p1a: Heatran\n|\n|-weather|none\n|upkeep\n|\n|t:|1700877721\n|switch|p1a: Great Tusk|Great Tusk|42\/100\n|turn|13\n|\n|t:|1700877728\n|move|p1a: Great Tusk|Headlong Rush|p2a: Garganacl\n|-damage|p2a: Garganacl|79\/100\n|-unboost|p1a: Great Tusk|def|1\n|-unboost|p1a: Great Tusk|spd|1\n|move|p2a: Garganacl|Body Press|p1a: Great Tusk\n|-damage|p1a: Great Tusk|0 fnt\n|faint|p1a: Great Tusk\n|-end|p1a: Great Tusk|Protosynthesis|[silent]\n|\n|-heal|p2a: Garganacl|85\/100|[from] item: Leftovers\n|upkeep\n|\n|t:|1700877738\n|switch|p1a: Slowking|Slowking-Galar, F|100\/100\n|turn|14\n|\n|t:|1700877745\n|move|p2a: Garganacl|Body Press|p1a: Slowking\n|-resisted|p1a: Slowking\n|-damage|p1a: Slowking|88\/100\n|move|p1a: Slowking|Sludge Bomb|p2a: Garganacl\n|-supereffective|p2a: Garganacl\n|-damage|p2a: Garganacl|37\/100\n|\n|-heal|p2a: Garganacl|43\/100|[from] item: Leftovers\n|-end|p2a: Garganacl|move: Taunt\n|upkeep\n|turn|15\n|\n|t:|1700877761\n|switch|p2a: Kingambit|Kingambit, M|100\/100\n|-activate|p2a: Kingambit|ability: Supreme Overlord\n|-start|p2a: Kingambit|fallen2|[silent]\n|move|p1a: Slowking|Sludge Bomb|p2a: Kingambit\n|-immune|p2a: Kingambit\n|\n|upkeep\n|turn|16\n|\n|t:|1700877773\n|switch|p1a: Mandibuzz|Mandibuzz, F|100\/100\n|move|p2a: Kingambit|Swords Dance|p2a: Kingambit\n|-boost|p2a: Kingambit|atk|2\n|\n|upkeep\n|turn|17\n|\n|t:|1700877790\n|-end|p2a: Kingambit|fallen2|[silent]\n|switch|p2a: Garganacl|Garganacl, F, tera:Fairy|43\/100\n|move|p1a: Mandibuzz|Foul Play|p2a: Garganacl\n|-resisted|p2a: Garganacl\n|-damage|p2a: Garganacl|32\/100\n|\n|-heal|p2a: Garganacl|38\/100|[from] item: Leftovers\n|upkeep\n|turn|18\n|\n|t:|1700877793\n|switch|p1a: Slowking|Slowking-Galar, F|100\/100\n|move|p2a: Garganacl|Recover|p2a: Garganacl\n|-heal|p2a: Garganacl|88\/100\n|\n|-heal|p2a: Garganacl|95\/100|[from] item: Leftovers\n|upkeep\n|turn|19\n|\n|t:|1700877806\n|move|p2a: Garganacl|Salt Cure|p1a: Slowking\n|-damage|p1a: Slowking|90\/100\n|-start|p1a: Slowking|Salt Cure\n|move|p1a: Slowking|Flamethrower|p2a: Garganacl\n|-damage|p2a: Garganacl|79\/100\n|\n|-heal|p2a: Garganacl|85\/100|[from] item: Leftovers\n|-damage|p1a: Slowking|77\/100|[from] Salt Cure\n|upkeep\n|turn|20\n|\n|t:|1700877816\n|move|p2a: Garganacl|Recover|p2a: Garganacl\n|-heal|p2a: Garganacl|100\/100\n|move|p1a: Slowking|Flamethrower|p2a: Garganacl\n|-damage|p2a: Garganacl|87\/100\n|\n|-heal|p2a: Garganacl|93\/100|[from] item: Leftovers\n|-damage|p1a: Slowking|65\/100|[from] Salt Cure\n|upkeep\n|turn|21\n|\n|t:|1700877819\n|move|p2a: Garganacl|Salt Cure|p1a: Slowking\n|-damage|p1a: Slowking|55\/100\n|move|p1a: Slowking|Chilly Reception|p1a: Slowking\n|-weather|Snow\n|\n|t:|1700877827\n|switch|p1a: Rillaboom|Rillaboom, F|100\/100|[from] Chilly Reception\n|-fieldstart|move: Grassy Terrain|[from] ability: Grassy Surge|[of] p1a: Rillaboom\n|\n|-weather|Snow|[upkeep]\n|-heal|p2a: Garganacl|99\/100|[from] Grassy Terrain\n|-heal|p2a: Garganacl|100\/100|[from] item: Leftovers\n|upkeep\n|turn|22\n|\n|t:|1700877840\n|move|p1a: Rillaboom|U-turn|p2a: Garganacl\n|-resisted|p2a: Garganacl\n|-damage|p2a: Garganacl|87\/100\n|\n|t:|1700877844\n|switch|p1a: Slowking|Slowking-Galar, F|88\/100|[from] U-turn\n|move|p2a: Garganacl|Salt Cure|p1a: Slowking\n|-damage|p1a: Slowking|77\/100\n|-start|p1a: Slowking|Salt Cure\n|\n|-weather|Snow|[upkeep]\n|-heal|p2a: Garganacl|93\/100|[from] Grassy Terrain\n|-heal|p2a: Garganacl|99\/100|[from] item: Leftovers\n|-heal|p1a: Slowking|83\/100|[from] Grassy Terrain\n|-damage|p1a: Slowking|71\/100|[from] Salt Cure\n|upkeep\n|turn|23\n|\n|t:|1700877849\n|move|p2a: Garganacl|Iron Defense|p2a: Garganacl\n|-boost|p2a: Garganacl|def|2\n|move|p1a: Slowking|Sludge Bomb|p2a: Garganacl\n|-supereffective|p2a: Garganacl\n|-damage|p2a: Garganacl|57\/100\n|\n|-weather|Snow|[upkeep]\n|-heal|p2a: Garganacl|63\/100|[from] Grassy Terrain\n|-heal|p2a: Garganacl|70\/100|[from] item: Leftovers\n|-heal|p1a: Slowking|77\/100|[from] Grassy Terrain\n|-damage|p1a: Slowking|64\/100|[from] Salt Cure\n|upkeep\n|turn|24\n|\n|t:|1700877852\n|move|p2a: Garganacl|Recover|p2a: Garganacl\n|-heal|p2a: Garganacl|100\/100\n|move|p1a: Slowking|Sludge Bomb|p2a: Garganacl\n|-supereffective|p2a: Garganacl\n|-damage|p2a: Garganacl|59\/100\n|\n|-weather|Snow|[upkeep]\n|-heal|p2a: Garganacl|65\/100|[from] Grassy Terrain\n|-heal|p2a: Garganacl|71\/100|[from] item: Leftovers\n|-heal|p1a: Slowking|70\/100|[from] Grassy Terrain\n|-damage|p1a: Slowking|58\/100|[from] Salt Cure\n|upkeep\n|turn|25\n|\n|t:|1700877860\n|move|p2a: Garganacl|Recover|p2a: Garganacl\n|-heal|p2a: Garganacl|100\/100\n|move|p1a: Slowking|Chilly Reception|p1a: Slowking\n|\n|t:|1700877868\n|switch|p1a: Rillaboom|Rillaboom, F|100\/100|[from] Chilly Reception\n|\n|-weather|none\n|-fieldend|move: Grassy Terrain\n|upkeep\n|turn|26\n|\n|t:|1700877874\n|move|p1a: Rillaboom|U-turn|p2a: Garganacl\n|-resisted|p2a: Garganacl\n|-damage|p2a: Garganacl|94\/100\n|\n|t:|1700877876\n|switch|p1a: Slowking|Slowking-Galar, F|91\/100|[from] U-turn\n|move|p2a: Garganacl|Salt Cure|p1a: Slowking\n|-damage|p1a: Slowking|80\/100\n|-start|p1a: Slowking|Salt Cure\n|\n|-heal|p2a: Garganacl|99\/100|[from] item: Leftovers\n|-damage|p1a: Slowking|68\/100|[from] Salt Cure\n|upkeep\n|turn|27\n|\n|t:|1700877886\n|move|p2a: Garganacl|Salt Cure|p1a: Slowking\n|-damage|p1a: Slowking|57\/100\n|move|p1a: Slowking|Sludge Bomb|p2a: Garganacl\n|-supereffective|p2a: Garganacl\n|-damage|p2a: Garganacl|55\/100\n|\n|-heal|p2a: Garganacl|61\/100|[from] item: Leftovers\n|-damage|p1a: Slowking|45\/100|[from] Salt Cure\n|upkeep\n|turn|28\n|\n|t:|1700877890\n|switch|p2a: Kingambit|Kingambit, M|100\/100\n|-activate|p2a: Kingambit|ability: Supreme Overlord\n|-start|p2a: Kingambit|fallen2|[silent]\n|move|p1a: Slowking|Chilly Reception|p1a: Slowking\n|-weather|Snow\n|\n|t:|1700877923\n|switch|p1a: Rillaboom|Rillaboom, F|100\/100|[from] Chilly Reception\n|-fieldstart|move: Grassy Terrain|[from] ability: Grassy Surge|[of] p1a: Rillaboom\n|\n|-weather|Snow|[upkeep]\n|upkeep\n|turn|29\n|\n|t:|1700877940\n|-end|p2a: Kingambit|fallen2|[silent]\n|switch|p2a: Garganacl|Garganacl, F, tera:Fairy|61\/100\n|move|p1a: Rillaboom|Wood Hammer|p2a: Garganacl\n|-damage|p2a: Garganacl|0 fnt\n|faint|p2a: Garganacl\n|-damage|p1a: Rillaboom|77\/100|[from] Recoil\n|\n|-weather|Snow|[upkeep]\n|-heal|p1a: Rillaboom|83\/100|[from] Grassy Terrain\n|upkeep\n|\n|t:|1700877956\n|switch|p2a: Samurott|Samurott-Hisui, M, shiny|100\/100\n|turn|30\n|\n|t:|1700877962\n|move|p1a: Rillaboom|Wood Hammer|p2a: Samurott\n|-supereffective|p2a: Samurott\n|-damage|p2a: Samurott|0 fnt\n|faint|p2a: Samurott\n|-damage|p1a: Rillaboom|49\/100|[from] Recoil\n|\n|-weather|Snow|[upkeep]\n|-heal|p1a: Rillaboom|55\/100|[from] Grassy Terrain\n|upkeep\n|\n|t:|1700877975\n|switch|p2a: Kingambit|Kingambit, M|100\/100\n|-activate|p2a: Kingambit|ability: Supreme Overlord\n|-start|p2a: Kingambit|fallen4|[silent]\n|turn|31\n|\n|t:|1700877982\n|switch|p1a: Mandibuzz|Mandibuzz, F|100\/100\n|move|p2a: Kingambit|Kowtow Cleave|p1a: Mandibuzz\n|-resisted|p1a: Mandibuzz\n|-crit|p1a: Mandibuzz\n|-damage|p1a: Mandibuzz|69\/100\n|\n|-weather|Snow|[upkeep]\n|upkeep\n|turn|32\n|\n|t:|1700877990\n|move|p1a: Mandibuzz|Roost|p1a: Mandibuzz\n|-heal|p1a: Mandibuzz|100\/100\n|-singleturn|p1a: Mandibuzz|move: Roost\n|move|p2a: Kingambit|Kowtow Cleave|p1a: Mandibuzz\n|-resisted|p1a: Mandibuzz\n|-damage|p1a: Mandibuzz|80\/100\n|\n|-weather|none\n|-heal|p1a: Mandibuzz|86\/100|[from] Grassy Terrain\n|-fieldend|move: Grassy Terrain\n|upkeep\n|turn|33\n|\n|t:|1700877999\n|move|p1a: Mandibuzz|Foul Play|p2a: Kingambit\n|-resisted|p2a: Kingambit\n|-damage|p2a: Kingambit|76\/100\n|move|p2a: Kingambit|Kowtow Cleave|p1a: Mandibuzz\n|-resisted|p1a: Mandibuzz\n|-damage|p1a: Mandibuzz|65\/100\n|\n|-heal|p2a: Kingambit|82\/100|[from] item: Leftovers\n|upkeep\n|turn|34\n|\n|t:|1700878007\n|-end|p2a: Kingambit|fallen4|[silent]\n|switch|p2a: Amoonguss|Amoonguss, M, shiny|100\/100\n|move|p1a: Mandibuzz|Roost|p1a: Mandibuzz\n|-heal|p1a: Mandibuzz|100\/100\n|-singleturn|p1a: Mandibuzz|move: Roost\n|\n|upkeep\n|turn|35\n|\n|t:|1700878023\n|switch|p1a: Slowking|Slowking-Galar, F|78\/100\n|move|p2a: Amoonguss|Sludge Bomb|p1a: Slowking\n|-resisted|p1a: Slowking\n|-damage|p1a: Slowking|68\/100\n|\n|upkeep\n|turn|36\n|\n|t:|1700878031\n|move|p2a: Amoonguss|Foul Play|p1a: Slowking\n|-supereffective|p1a: Slowking\n|-damage|p1a: Slowking|48\/100\n|move|p1a: Slowking|Flamethrower|p2a: Amoonguss\n|-supereffective|p2a: Amoonguss\n|-damage|p2a: Amoonguss|56\/100\n|-enditem|p2a: Amoonguss|Red Card|[of] p1a: Slowking\n|drag|p1a: Rillaboom|Rillaboom, F|55\/100\n|-fieldstart|move: Grassy Terrain|[from] ability: Grassy Surge|[of] p1a: Rillaboom\n|\n|-heal|p1a: Rillaboom|61\/100|[from] Grassy Terrain\n|-heal|p2a: Amoonguss|62\/100|[from] Grassy Terrain\n|upkeep\n|turn|37\n|\n|t:|1700878043\n|switch|p1a: Slowking|Slowking-Galar, F|82\/100\n|move|p2a: Amoonguss|Spore|p1a: Slowking\n|-status|p1a: Slowking|slp|[from] move: Spore\n|\n|-heal|p2a: Amoonguss|69\/100|[from] Grassy Terrain\n|-heal|p1a: Slowking|88\/100 slp|[from] Grassy Terrain\n|upkeep\n|turn|38\n|\n|t:|1700878062\n|move|p2a: Amoonguss|Foul Play|p1a: Slowking\n|-supereffective|p1a: Slowking\n|-damage|p1a: Slowking|69\/100 slp\n|cant|p1a: Slowking|slp\n|\n|-heal|p2a: Amoonguss|75\/100|[from] Grassy Terrain\n|-heal|p1a: Slowking|75\/100 slp|[from] Grassy Terrain\n|upkeep\n|turn|39\n|\n|t:|1700878065\n|move|p2a: Amoonguss|Foul Play|p1a: Slowking\n|-supereffective|p1a: Slowking\n|-damage|p1a: Slowking|57\/100 slp\n|cant|p1a: Slowking|slp\n|\n|-heal|p2a: Amoonguss|81\/100|[from] Grassy Terrain\n|-heal|p1a: Slowking|63\/100 slp|[from] Grassy Terrain\n|upkeep\n|turn|40\n|\n|t:|1700878072\n|move|p2a: Amoonguss|Foul Play|p1a: Slowking\n|-supereffective|p1a: Slowking\n|-damage|p1a: Slowking|44\/100 slp\n|-curestatus|p1a: Slowking|slp|[msg]\n|move|p1a: Slowking|Flamethrower|p2a: Amoonguss\n|-supereffective|p2a: Amoonguss\n|-damage|p2a: Amoonguss|38\/100\n|\n|-heal|p2a: Amoonguss|44\/100|[from] Grassy Terrain\n|-heal|p1a: Slowking|50\/100|[from] Grassy Terrain\n|-fieldend|move: Grassy Terrain\n|upkeep\n|turn|41\n|\n|t:|1700878075\n|move|p2a: Amoonguss|Spore|p1a: Slowking\n|-status|p1a: Slowking|slp|[from] move: Spore\n|cant|p1a: Slowking|slp\n|\n|upkeep\n|turn|42\n|\n|t:|1700878081\n|switch|p1a: Mandibuzz|Mandibuzz, F|100\/100\n|move|p2a: Amoonguss|Sludge Bomb|p1a: Mandibuzz\n|-damage|p1a: Mandibuzz|77\/100\n|-status|p1a: Mandibuzz|psn\n|\n|-damage|p1a: Mandibuzz|64\/100 psn|[from] psn\n|upkeep\n|turn|43\n|\n|t:|1700878089\n|switch|p1a: Slowking|Slowking-Galar, F|83\/100 slp\n|move|p2a: Amoonguss|Sludge Bomb|p1a: Slowking\n|-resisted|p1a: Slowking\n|-damage|p1a: Slowking|73\/100 slp\n|\n|upkeep\n|turn|44\n|\n|t:|1700878092\n|switch|p2a: Kingambit|Kingambit, M|82\/100\n|-activate|p2a: Kingambit|ability: Supreme Overlord\n|-start|p2a: Kingambit|fallen4|[silent]\n|cant|p1a: Slowking|slp\n|\n|-heal|p2a: Kingambit|89\/100|[from] item: Leftovers\n|upkeep\n|turn|45\n|\n|t:|1700878097\n|switch|p1a: Mandibuzz|Mandibuzz, F|64\/100 psn\n|move|p2a: Kingambit|Kowtow Cleave|p1a: Mandibuzz\n|-resisted|p1a: Mandibuzz\n|-damage|p1a: Mandibuzz|44\/100 psn\n|\n|-heal|p2a: Kingambit|95\/100|[from] item: Leftovers\n|-damage|p1a: Mandibuzz|32\/100 psn|[from] psn\n|upkeep\n|turn|46\n|\n|t:|1700878100\n|move|p1a: Mandibuzz|Roost|p1a: Mandibuzz\n|-heal|p1a: Mandibuzz|82\/100 psn\n|-singleturn|p1a: Mandibuzz|move: Roost\n|move|p2a: Kingambit|Swords Dance|p2a: Kingambit\n|-boost|p2a: Kingambit|atk|2\n|\n|-heal|p2a: Kingambit|100\/100|[from] item: Leftovers\n|-damage|p1a: Mandibuzz|69\/100 psn|[from] psn\n|upkeep\n|turn|47\n|\n|t:|1700878110\n|move|p1a: Mandibuzz|Foul Play|p2a: Kingambit\n|-resisted|p2a: Kingambit\n|-damage|p2a: Kingambit|56\/100\n|move|p2a: Kingambit|Swords Dance|p2a: Kingambit\n|-boost|p2a: Kingambit|atk|2\n|\n|-heal|p2a: Kingambit|62\/100|[from] item: Leftovers\n|-damage|p1a: Mandibuzz|57\/100 psn|[from] psn\n|upkeep\n|turn|48\n|\n|t:|1700878115\n|move|p1a: Mandibuzz|Foul Play|p2a: Kingambit\n|-resisted|p2a: Kingambit\n|-damage|p2a: Kingambit|0 fnt\n|faint|p2a: Kingambit\n|-end|p2a: Kingambit|fallen4|[silent]\n|\n|-damage|p1a: Mandibuzz|44\/100 psn|[from] psn\n|upkeep\n|\n|t:|1700878118\n|switch|p2a: Amoonguss|Amoonguss, M, shiny|77\/100\n|turn|49\n|-message|YYYYYASSO forfeited.\n|\n|win|firstimpression1\n|raw|firstimpression1's rating: 1371 &rarr; <strong>1392<\/strong><br \/>(+21 for winning)\n|raw|YYYYYASSO's rating: 1397 &rarr; <strong>1376<\/strong><br \/>(-21 for losing)\n|l|\u2606YYYYYASSO\n|c|\u2606firstimpression1|gg\n","uploadtime":1700878162,"views":4,"p1id":"firstimpression1","p2id":"yyyyyasso","formatid":"gen9ou","rating":1376,"private":0,"password":""}