{"id":"gen9ou-1989134524","p1":"doodieray","p2":"Ferro ferrado","format":"[Gen 9] OU","log":"|j|\u2606doodieray\n|j|\u2606Ferro ferrado\n|t:|1699815925\n|gametype|singles\n|player|p1|doodieray|1|1449\n|player|p2|Ferro ferrado|chili|1457\n|teamsize|p1|6\n|teamsize|p2|6\n|gen|9\n|tier|[Gen 9] OU\n|rated|\n|rule|Sleep Clause Mod: Limit one foe put to sleep\n|rule|Species Clause: Limit one of each Pok\u00e9mon\n|rule|OHKO Clause: OHKO moves are banned\n|rule|Evasion Items Clause: Evasion items are banned\n|rule|Evasion Moves Clause: Evasion moves are banned\n|rule|Endless Battle Clause: Forcing endless battles is banned\n|rule|HP Percentage Mod: HP is shown in percentages\n|clearpoke\n|poke|p1|Vikavolt, F|\n|poke|p1|Sneasler, F|\n|poke|p1|Garganacl, M|\n|poke|p1|Ogerpon-Wellspring, F|\n|poke|p1|Heatran, F|\n|poke|p1|Weezing-Galar, F|\n|poke|p2|Ogerpon-Wellspring, F|\n|poke|p2|Gholdengo|\n|poke|p2|Kingambit, M|\n|poke|p2|Ribombee, F|\n|poke|p2|Greninja-*, M|\n|poke|p2|Great Tusk|\n|teampreview\n|inactive|Battle timer is ON: inactive players will automatically lose when time's up. (requested by Ferro ferrado)\n|inactive|Ferro ferrado has 120 seconds left.\n|\n|t:|1699815962\n|start\n|switch|p1a: Vikavolt|Vikavolt, F|100\/100\n|switch|p2a: Great Tusk|Great Tusk|100\/100\n|turn|1\n|inactive|doodieray has 120 seconds left.\n|\n|t:|1699815996\n|move|p2a: Great Tusk|Ice Spinner|p1a: Vikavolt\n|-damage|p1a: Vikavolt|68\/100\n|move|p1a: Vikavolt|Energy Ball|p2a: Great Tusk\n|-supereffective|p2a: Great Tusk\n|-damage|p2a: Great Tusk|7\/100\n|\n|upkeep\n|turn|2\n|inactive|Ferro ferrado has 120 seconds left.\n|inactive|Ferro ferrado has 90 seconds left.\n|inactive|Ferro ferrado has 60 seconds left.\n|c|\u2606doodieray|Hello Ferrero roche\n|\n|t:|1699816098\n|-end|p2a: Great Tusk|Protosynthesis|[silent]\n|switch|p2a: Ribombee|Ribombee, F, shiny|100\/100\n|move|p1a: Vikavolt|Bug Buzz|p2a: Ribombee\n|-resisted|p2a: Ribombee\n|-damage|p2a: Ribombee|60\/100\n|\n|upkeep\n|turn|3\n|\n|t:|1699816108\n|move|p2a: Ribombee|Moonblast|p1a: Vikavolt\n|-damage|p1a: Vikavolt|32\/100\n|move|p1a: Vikavolt|Sticky Web|p2a: Ribombee\n|-sidestart|p2: Ferro ferrado|move: Sticky Web\n|\n|upkeep\n|turn|4\n|inactive|Ferro ferrado has 60 seconds left.\n|\n|t:|1699816115\n|move|p2a: Ribombee|Moonblast|p1a: Vikavolt\n|-crit|p1a: Vikavolt\n|-damage|p1a: Vikavolt|0 fnt\n|faint|p1a: Vikavolt\n|\n|upkeep\n|\n|t:|1699816127\n|switch|p1a: Ogerpon|Ogerpon-Wellspring, F|100\/100\n|turn|5\n|\n|t:|1699816132\n|move|p2a: Ribombee|U-turn|p1a: Ogerpon\n|-supereffective|p1a: Ogerpon\n|-damage|p1a: Ogerpon|64\/100\n|\n|t:|1699816141\n|switch|p2a: Gholdengo|Gholdengo|100\/100|[from] U-turn\n|-item|p2a: Gholdengo|Air Balloon\n|move|p1a: Ogerpon|Ivy Cudgel|p2a: Gholdengo\n|-damage|p2a: Gholdengo|31\/100\n|-enditem|p2a: Gholdengo|Air Balloon\n|\n|upkeep\n|turn|6\n|\n|t:|1699816148\n|move|p1a: Ogerpon|Swords Dance|p1a: Ogerpon\n|-boost|p1a: Ogerpon|atk|2\n|move|p2a: Gholdengo|Shadow Ball|p1a: Ogerpon\n|-damage|p1a: Ogerpon|14\/100\n|\n|upkeep\n|turn|7\n|\n|t:|1699816150\n|move|p1a: Ogerpon|Ivy Cudgel|p2a: Gholdengo\n|-damage|p2a: Gholdengo|0 fnt\n|faint|p2a: Gholdengo\n|\n|upkeep\n|inactive|Ferro ferrado has 90 seconds left.\n|\n|t:|1699816159\n|switch|p2a: Ogerpon|Ogerpon-Wellspring, F|100\/100\n|-activate|p2a: Ogerpon|move: Sticky Web\n|-unboost|p2a: Ogerpon|spe|1\n|turn|8\n|\n|t:|1699816162\n|move|p1a: Ogerpon|Power Whip|p2a: Ogerpon\n|-damage|p2a: Ogerpon|0 fnt\n|faint|p2a: Ogerpon\n|\n|upkeep\n|\n|t:|1699816167\n|switch|p2a: Kingambit|Kingambit, M|100\/100\n|-activate|p2a: Kingambit|move: Sticky Web\n|-unboost|p2a: Kingambit|spe|1\n|-activate|p2a: Kingambit|ability: Supreme Overlord\n|-start|p2a: Kingambit|fallen2|[silent]\n|turn|9\n|\n|t:|1699816170\n|move|p1a: Ogerpon|Swords Dance|p1a: Ogerpon\n|-boost|p1a: Ogerpon|atk|2\n|move|p2a: Kingambit|Kowtow Cleave|p1a: Ogerpon\n|-damage|p1a: Ogerpon|0 fnt\n|faint|p1a: Ogerpon\n|\n|upkeep\n|\n|t:|1699816174\n|switch|p1a: Heatran|Heatran, F|100\/100\n|turn|10\n|inactive|Ferro ferrado has 120 seconds left.\n|\n|t:|1699816187\n|-end|p2a: Kingambit|fallen2|[silent]\n|switch|p2a: Great Tusk|Great Tusk|7\/100\n|move|p1a: Heatran|Magma Storm|p2a: Great Tusk\n|-damage|p2a: Great Tusk|0 fnt\n|faint|p2a: Great Tusk\n|-end|p2a: Great Tusk|Protosynthesis|[silent]\n|\n|upkeep\n|\n|t:|1699816191\n|switch|p2a: Greninja|Greninja, M|100\/100\n|-activate|p2a: Greninja|move: Sticky Web\n|-unboost|p2a: Greninja|spe|1\n|turn|11\n|\n|t:|1699816200\n|-terastallize|p2a: Greninja|Water\n|-terastallize|p1a: Heatran|Grass\n|move|p2a: Greninja|Surf|p1a: Heatran\n|-resisted|p1a: Heatran\n|-damage|p1a: Heatran|78\/100\n|-damage|p2a: Greninja|91\/100|[from] item: Life Orb\n|move|p1a: Heatran|Magma Storm|p2a: Greninja\n|-resisted|p2a: Greninja\n|-damage|p2a: Greninja|57\/100\n|-activate|p2a: Greninja|move: Magma Storm|[of] p1a: Heatran\n|\n|-heal|p1a: Heatran|84\/100|[from] item: Leftovers\n|-damage|p2a: Greninja|45\/100|[from] move: Magma Storm|[partiallytrapped]\n|upkeep\n|turn|12\n|\n|t:|1699816214\n|move|p2a: Greninja|Ice Beam|p1a: Heatran\n|-supereffective|p1a: Heatran\n|-damage|p1a: Heatran|36\/100\n|-damage|p2a: Greninja|35\/100|[from] item: Life Orb\n|move|p1a: Heatran|Stealth Rock|p2a: Greninja\n|-sidestart|p2: Ferro ferrado|move: Stealth Rock\n|\n|-heal|p1a: Heatran|42\/100|[from] item: Leftovers\n|-damage|p2a: Greninja|23\/100|[from] move: Magma Storm|[partiallytrapped]\n|upkeep\n|turn|13\n|\n|t:|1699816226\n|switch|p1a: Garganacl|Garganacl, M|100\/100\n|move|p2a: Greninja|Ice Beam|p1a: Garganacl\n|-damage|p1a: Garganacl|76\/100\n|-damage|p2a: Greninja|13\/100|[from] item: Life Orb\n|\n|-heal|p1a: Garganacl|83\/100|[from] item: Leftovers\n|-end|p2a: Greninja|Magma Storm|[partiallytrapped]|[silent]\n|upkeep\n|turn|14\n|\n|t:|1699816231\n|switch|p1a: Heatran|Heatran, F, tera:Grass|42\/100\n|move|p2a: Greninja|Surf|p1a: Heatran\n|-resisted|p1a: Heatran\n|-damage|p1a: Heatran|22\/100\n|-damage|p2a: Greninja|3\/100|[from] item: Life Orb\n|\n|-heal|p1a: Heatran|28\/100|[from] item: Leftovers\n|upkeep\n|turn|15\n|\n|t:|1699816238\n|move|p2a: Greninja|Surf|p1a: Heatran\n|-resisted|p1a: Heatran\n|-damage|p1a: Heatran|5\/100\n|-damage|p2a: Greninja|0 fnt|[from] item: Life Orb\n|faint|p2a: Greninja\n|move|p1a: Heatran|Taunt|p2: Greninja|[notarget]\n|-fail|p1a: Heatran\n|\n|-heal|p1a: Heatran|11\/100|[from] item: Leftovers\n|upkeep\n|-message|Ferro ferrado forfeited.\n|\n|win|doodieray\n|raw|doodieray's rating: 1449 &rarr; <strong>1469<\/strong><br \/>(+20 for winning)\n|raw|Ferro ferrado's rating: 1457 &rarr; <strong>1437<\/strong><br \/>(-20 for losing)\n|l|\u2606Ferro ferrado\n","uploadtime":1699816246,"views":9,"p1id":"doodieray","p2id":"ferroferrado","formatid":"gen9ou","rating":1437,"private":0,"password":""}