{"id":"gen9ou-1992548978","p1":"actualonion","p2":"Steve Kirlia","format":"[Gen 9] OU","log":"|j|\u2606actualonion\n|j|\u2606Steve Kirlia\n|t:|1700203782\n|gametype|singles\n|player|p1|actualonion|allister|1588\n|player|p2|Steve Kirlia|hoopster|1615\n|teamsize|p1|6\n|teamsize|p2|6\n|gen|9\n|tier|[Gen 9] OU\n|rated|\n|rule|Sleep Clause Mod: Limit one foe put to sleep\n|rule|Species Clause: Limit one of each Pok\u00e9mon\n|rule|OHKO Clause: OHKO moves are banned\n|rule|Evasion Items Clause: Evasion items are banned\n|rule|Evasion Moves Clause: Evasion moves are banned\n|rule|Endless Battle Clause: Forcing endless battles is banned\n|rule|HP Percentage Mod: HP is shown in percentages\n|clearpoke\n|poke|p1|Walking Wake|\n|poke|p1|Maushold-Four|\n|poke|p1|Dragonite, M|\n|poke|p1|Great Tusk|\n|poke|p1|Muk-Alola, F|\n|poke|p1|Gardevoir, F|\n|poke|p2|Weavile, M|\n|poke|p2|Weezing-Galar, M|\n|poke|p2|Alomomola, M|\n|poke|p2|Ting-Lu|\n|poke|p2|Corviknight, M|\n|poke|p2|Dondozo, F|\n|teampreview\n|inactive|Battle timer is ON: inactive players will automatically lose when time's up. (requested by Steve Kirlia)\n|\n|t:|1700203804\n|start\n|switch|p1a: Walking Wake|Walking Wake|100\/100\n|switch|p2a: Alomomola|Alomomola, M|100\/100\n|turn|1\n|\n|t:|1700203810\n|move|p1a: Walking Wake|Flip Turn|p2a: Alomomola\n|-resisted|p2a: Alomomola\n|-damage|p2a: Alomomola|96\/100\n|\n|t:|1700203818\n|-end|p1a: Walking Wake|Protosynthesis|[silent]\n|switch|p1a: Gardevoir|Gardevoir, F|100\/100|[from] Flip Turn\n|-ability|p1a: Gardevoir|Regenerator|[from] ability: Trace|[of] p2a: Alomomola\n|move|p2a: Alomomola|Mirror Coat||[still]\n|-fail|p2a: Alomomola\n|\n|-heal|p2a: Alomomola|100\/100|[from] item: Leftovers\n|upkeep\n|turn|2\n|\n|t:|1700203826\n|move|p1a: Gardevoir|Trick|p2a: Alomomola\n|-activate|p1a: Gardevoir|move: Trick|[of] p2a: Alomomola\n|-item|p2a: Alomomola|Choice Specs|[from] move: Trick\n|-item|p1a: Gardevoir|Leftovers|[from] move: Trick\n|move|p2a: Alomomola|Mirror Coat||[still]\n|-fail|p2a: Alomomola\n|\n|upkeep\n|turn|3\n|\n|t:|1700203833\n|switch|p1a: Walking Wake|Walking Wake|100\/100\n|switch|p2a: Weavile|Weavile, M|100\/100\n|-ability|p2a: Weavile|Pressure\n|\n|upkeep\n|turn|4\n|\n|t:|1700203846\n|move|p2a: Weavile|Protect|p2a: Weavile\n|-singleturn|p2a: Weavile|Protect\n|move|p1a: Walking Wake|Flip Turn|p2a: Weavile\n|-activate|p2a: Weavile|move: Protect\n|\n|upkeep\n|turn|5\n|\n|t:|1700203851\n|switch|p2a: Corviknight|Corviknight, M|100\/100\n|-ability|p2a: Corviknight|Pressure\n|move|p1a: Walking Wake|Flip Turn|p2a: Corviknight\n|-damage|p2a: Corviknight|91\/100\n|-damage|p1a: Walking Wake|84\/100|[from] item: Rocky Helmet|[of] p2a: Corviknight\n|inactive|actualonion has 120 seconds left.\n|\n|t:|1700203884\n|-end|p1a: Walking Wake|Protosynthesis|[silent]\n|switch|p1a: Maushold|Maushold-Four|100\/100|[from] Flip Turn\n|\n|upkeep\n|turn|6\n|\n|t:|1700203891\n|switch|p1a: Muk|Muk-Alola, F|100\/100\n|move|p2a: Corviknight|Iron Defense|p2a: Corviknight\n|-boost|p2a: Corviknight|def|2\n|\n|upkeep\n|turn|7\n|\n|t:|1700203896\n|switch|p2a: Alomomola|Alomomola, M|100\/100\n|move|p1a: Muk|Knock Off|p2a: Alomomola\n|-damage|p2a: Alomomola|80\/100\n|-enditem|p2a: Alomomola|Choice Specs|[from] move: Knock Off|[of] p1a: Muk\n|\n|upkeep\n|turn|8\n|\n|t:|1700203905\n|switch|p2a: Weezing|Weezing-Galar, M|100\/100\n|-ability|p2a: Weezing|Neutralizing Gas\n|move|p1a: Muk|Knock Off|p2a: Weezing\n|-resisted|p2a: Weezing\n|-damage|p2a: Weezing|89\/100\n|-enditem|p2a: Weezing|Heavy-Duty Boots|[from] move: Knock Off|[of] p1a: Muk\n|\n|upkeep\n|turn|9\n|j| tyrantkingdad\n|\n|t:|1700203913\n|move|p1a: Muk|Protect|p1a: Muk\n|-singleturn|p1a: Muk|Protect\n|move|p2a: Weezing|Will-O-Wisp|p1a: Muk\n|-activate|p1a: Muk|move: Protect\n|\n|upkeep\n|turn|10\n|\n|t:|1700203925\n|switch|p1a: Walking Wake|Walking Wake|84\/100\n|move|p2a: Weezing|Will-O-Wisp|p1a: Walking Wake\n|-status|p1a: Walking Wake|brn\n|\n|-damage|p1a: Walking Wake|78\/100 brn|[from] brn\n|upkeep\n|turn|11\n|\n|t:|1700203934\n|-end|p2a: Weezing|ability: Neutralizing Gas\n|switch|p2a: Alomomola|Alomomola, M|100\/100\n|move|p1a: Walking Wake|Hydro Steam|p2a: Alomomola\n|-resisted|p2a: Alomomola\n|-damage|p2a: Alomomola|83\/100\n|\n|-damage|p1a: Walking Wake|72\/100 brn|[from] brn\n|upkeep\n|turn|12\n|\n|t:|1700203949\n|-end|p1a: Walking Wake|Protosynthesis|[silent]\n|switch|p1a: Muk|Muk-Alola, F|100\/100\n|move|p2a: Alomomola|Flip Turn|p1a: Muk\n|-damage|p1a: Muk|83\/100\n|\n|t:|1700203955\n|switch|p2a: Weezing|Weezing-Galar, M|89\/100|[from] Flip Turn\n|-ability|p2a: Weezing|Neutralizing Gas\n|\n|-heal|p1a: Muk|89\/100|[from] item: Leftovers\n|upkeep\n|turn|13\n|j| Antologyy\n|\n|t:|1700203963\n|move|p1a: Muk|Protect|p1a: Muk\n|-singleturn|p1a: Muk|Protect\n|move|p2a: Weezing|Will-O-Wisp|p1a: Muk\n|-activate|p1a: Muk|move: Protect\n|\n|-heal|p1a: Muk|95\/100|[from] item: Leftovers\n|upkeep\n|turn|14\n|\n|t:|1700203971\n|switch|p1a: Walking Wake|Walking Wake|72\/100 brn\n|move|p2a: Weezing|Sludge Bomb|p1a: Walking Wake\n|-damage|p1a: Walking Wake|41\/100 brn\n|\n|-damage|p1a: Walking Wake|34\/100 brn|[from] brn\n|upkeep\n|turn|15\n|\n|t:|1700203978\n|-end|p2a: Weezing|ability: Neutralizing Gas\n|switch|p2a: Alomomola|Alomomola, M|100\/100\n|move|p1a: Walking Wake|Flip Turn|p2a: Alomomola\n|-resisted|p2a: Alomomola\n|-damage|p2a: Alomomola|98\/100\n|\n|t:|1700203989\n|-end|p1a: Walking Wake|Protosynthesis|[silent]\n|switch|p1a: Gardevoir|Gardevoir, F|100\/100|[from] Flip Turn\n|-ability|p1a: Gardevoir|Regenerator|[from] ability: Trace|[of] p2a: Alomomola\n|\n|upkeep\n|turn|16\n|\n|t:|1700204005\n|move|p1a: Gardevoir|Moonblast|p2a: Alomomola\n|-damage|p2a: Alomomola|50\/100\n|-unboost|p2a: Alomomola|spa|1\n|move|p2a: Alomomola|Flip Turn|p1a: Gardevoir\n|-damage|p1a: Gardevoir|73\/100\n|\n|t:|1700204014\n|switch|p2a: Weavile|Weavile, M|100\/100|[from] Flip Turn\n|-ability|p2a: Weavile|Pressure\n|\n|-heal|p1a: Gardevoir|80\/100|[from] item: Leftovers\n|upkeep\n|turn|17\n|\n|t:|1700204032\n|switch|p1a: Walking Wake|Walking Wake|34\/100 brn\n|move|p2a: Weavile|Substitute|p2a: Weavile\n|-start|p2a: Weavile|Substitute\n|-damage|p2a: Weavile|76\/100\n|\n|-heal|p2a: Weavile|82\/100|[from] item: Leftovers\n|-damage|p1a: Walking Wake|28\/100 brn|[from] brn\n|upkeep\n|turn|18\n|l| tyrantkingdad\n|\n|t:|1700204046\n|move|p2a: Weavile|Protect|p2a: Weavile\n|-singleturn|p2a: Weavile|Protect\n|move|p1a: Walking Wake|Flip Turn|p2a: Weavile\n|-activate|p2a: Weavile|move: Protect\n|\n|-heal|p2a: Weavile|88\/100|[from] item: Leftovers\n|-damage|p1a: Walking Wake|22\/100 brn|[from] brn\n|upkeep\n|turn|19\n|\n|t:|1700204054\n|move|p1a: Walking Wake|Flip Turn|p2a: Weavile\n|-activate|p2a: Weavile|move: Substitute|[damage]\n|\n|t:|1700204069\n|-end|p1a: Walking Wake|Protosynthesis|[silent]\n|switch|p1a: Great Tusk|Great Tusk|100\/100|[from] Flip Turn\n|move|p2a: Weavile|Knock Off|p1a: Great Tusk\n|-resisted|p1a: Great Tusk\n|-damage|p1a: Great Tusk|91\/100\n|-damage|p2a: Weavile|71\/100|[from] item: Rocky Helmet|[of] p1a: Great Tusk\n|-enditem|p1a: Great Tusk|Rocky Helmet|[from] move: Knock Off|[of] p2a: Weavile\n|\n|-heal|p2a: Weavile|77\/100|[from] item: Leftovers\n|upkeep\n|turn|20\n|\n|t:|1700204082\n|move|p2a: Weavile|Poison Jab|p1a: Great Tusk\n|-resisted|p1a: Great Tusk\n|-damage|p1a: Great Tusk|86\/100\n|move|p1a: Great Tusk|Rapid Spin|p2a: Weavile\n|-end|p2a: Weavile|Substitute\n|-boost|p1a: Great Tusk|spe|1\n|\n|-heal|p2a: Weavile|84\/100|[from] item: Leftovers\n|upkeep\n|turn|21\n|\n|t:|1700204097\n|move|p2a: Weavile|Protect|p2a: Weavile\n|-singleturn|p2a: Weavile|Protect\n|move|p1a: Great Tusk|Earthquake|p2a: Weavile\n|-activate|p2a: Weavile|move: Protect\n|\n|-heal|p2a: Weavile|90\/100|[from] item: Leftovers\n|upkeep\n|turn|22\n|\n|t:|1700204104\n|switch|p2a: Corviknight|Corviknight, M|91\/100\n|-ability|p2a: Corviknight|Pressure\n|move|p1a: Great Tusk|Earthquake|p2a: Corviknight\n|-immune|p2a: Corviknight\n|\n|upkeep\n|turn|23\n|\n|t:|1700204112\n|-end|p1a: Great Tusk|Protosynthesis|[silent]\n|switch|p1a: Maushold|Maushold-Four|100\/100\n|move|p2a: Corviknight|Brave Bird|p1a: Maushold\n|-damage|p1a: Maushold|42\/100\n|-damage|p2a: Corviknight|76\/100|[from] Recoil\n|\n|upkeep\n|turn|24\n|\n|t:|1700204119\n|switch|p1a: Muk|Muk-Alola, F|95\/100\n|move|p2a: Corviknight|Brave Bird|p1a: Muk\n|-damage|p1a: Muk|57\/100\n|-damage|p2a: Corviknight|62\/100|[from] Recoil\n|\n|-heal|p1a: Muk|63\/100|[from] item: Leftovers\n|upkeep\n|turn|25\n|\n|t:|1700204127\n|switch|p2a: Alomomola|Alomomola, M|83\/100\n|move|p1a: Muk|Knock Off|p2a: Alomomola\n|-crit|p2a: Alomomola\n|-damage|p2a: Alomomola|63\/100\n|\n|-heal|p1a: Muk|69\/100|[from] item: Leftovers\n|upkeep\n|turn|26\n|\n|t:|1700204136\n|move|p1a: Muk|Poison Jab|p2a: Alomomola\n|-damage|p2a: Alomomola|44\/100\n|-status|p2a: Alomomola|psn\n|move|p2a: Alomomola|Wish|p2a: Alomomola\n|\n|-heal|p1a: Muk|75\/100|[from] item: Leftovers\n|-damage|p2a: Alomomola|32\/100 psn|[from] psn\n|upkeep\n|turn|27\n|j| han's hand\n|\n|t:|1700204148\n|move|p1a: Muk|Knock Off|p2a: Alomomola\n|-damage|p2a: Alomomola|18\/100 psn\n|move|p2a: Alomomola|Flip Turn|p1a: Muk\n|-damage|p1a: Muk|58\/100\n|\n|t:|1700204159\n|switch|p2a: Weezing|Weezing-Galar, M|89\/100|[from] Flip Turn\n|-ability|p2a: Weezing|Neutralizing Gas\n|\n|-heal|p2a: Weezing|100\/100|[from] move: Wish|[wisher] Alomomola\n|-heal|p1a: Muk|64\/100|[from] item: Leftovers\n|upkeep\n|turn|28\n|\n|t:|1700204167\n|move|p1a: Muk|Protect|p1a: Muk\n|-singleturn|p1a: Muk|Protect\n|move|p2a: Weezing|Will-O-Wisp|p1a: Muk\n|-activate|p1a: Muk|move: Protect\n|\n|-heal|p1a: Muk|70\/100|[from] item: Leftovers\n|upkeep\n|turn|29\n|\n|t:|1700204179\n|move|p2a: Weezing|Will-O-Wisp|p1a: Muk\n|-status|p1a: Muk|brn\n|move|p1a: Muk|Poison Jab|p2a: Weezing\n|-damage|p2a: Weezing|91\/100\n|\n|-heal|p1a: Muk|76\/100 brn|[from] item: Leftovers\n|-damage|p1a: Muk|70\/100 brn|[from] brn\n|upkeep\n|turn|30\n|-message|actualonion forfeited.\n|\n|win|Steve Kirlia\n|raw|actualonion's rating: 1588 &rarr; <strong>1570<\/strong><br \/>(-18 for losing)\n|raw|Steve Kirlia's rating: 1615 &rarr; <strong>1633<\/strong><br \/>(+18 for winning)\n|l|\u2606actualonion\n|l|\u2606Steve Kirlia\n","uploadtime":1700204233,"views":7,"p1id":"actualonion","p2id":"stevekirlia","formatid":"gen9ou","rating":1570,"private":0,"password":""}