{"id":"gen9ou-1990438528","p1":"DavethaGod","p2":"FittedCrib04","format":"[Gen 9] OU","log":"|j|\u2606DavethaGod\n|j|\u2606FittedCrib04\n|t:|1699971018\n|gametype|singles\n|player|p1|DavethaGod|2|1178\n|player|p2|FittedCrib04|101|1208\n|teamsize|p1|6\n|teamsize|p2|6\n|gen|9\n|tier|[Gen 9] OU\n|rated|\n|rule|Sleep Clause Mod: Limit one foe put to sleep\n|rule|Species Clause: Limit one of each Pok\u00e9mon\n|rule|OHKO Clause: OHKO moves are banned\n|rule|Evasion Items Clause: Evasion items are banned\n|rule|Evasion Moves Clause: Evasion moves are banned\n|rule|Endless Battle Clause: Forcing endless battles is banned\n|rule|HP Percentage Mod: HP is shown in percentages\n|clearpoke\n|poke|p1|Mimikyu, M|\n|poke|p1|Zoroark, F|\n|poke|p1|Dragonite, M|\n|poke|p1|Skeledirge, M|\n|poke|p1|Espeon, M|\n|poke|p1|Eiscue, F|\n|poke|p2|Mew|\n|poke|p2|Froslass, F|\n|poke|p2|Mandibuzz, F|\n|poke|p2|Cresselia, F|\n|poke|p2|Dachsbun, F|\n|poke|p2|Kilowattrel, M|\n|teampreview\n|\n|t:|1699971036\n|start\n|switch|p1a: Mimikyu|Mimikyu, M|100\/100\n|switch|p2a: Froslass|Froslass, F|100\/100\n|turn|1\n|\n|t:|1699971068\n|move|p1a: Mimikyu|Dark Pulse|p2a: Froslass\n|-supereffective|p2a: Froslass\n|-crit|p2a: Froslass\n|-enditem|p2a: Froslass|Focus Sash\n|-damage|p2a: Froslass|1\/100\n|move|p2a: Froslass|Will-O-Wisp|p1a: Mimikyu|[miss]\n|-miss|p2a: Froslass|p1a: Mimikyu\n|\n|upkeep\n|turn|2\n|\n|t:|1699971077\n|switch|p2a: Mandibuzz|Mandibuzz, F|100\/100\n|move|p1a: Mimikyu|Dark Pulse|p2a: Mandibuzz\n|-resisted|p2a: Mandibuzz\n|-damage|p2a: Mandibuzz|83\/100\n|\n|upkeep\n|turn|3\n|\n|t:|1699971117\n|switch|p1a: Dragonite|Dragonite, M|100\/100\n|move|p2a: Mandibuzz|Knock Off|p1a: Dragonite\n|-damage|p1a: Dragonite|87\/100\n|-enditem|p1a: Dragonite|Heavy-Duty Boots|[from] move: Knock Off|[of] p2a: Mandibuzz\n|\n|upkeep\n|turn|4\n|\n|t:|1699971130\n|move|p1a: Dragonite|Dragon Dance|p1a: Dragonite\n|-boost|p1a: Dragonite|atk|1\n|-boost|p1a: Dragonite|spe|1\n|move|p2a: Mandibuzz|Toxic|p1a: Dragonite\n|-status|p1a: Dragonite|tox\n|\n|-damage|p1a: Dragonite|80\/100 tox|[from] psn\n|upkeep\n|turn|5\n|\n|t:|1699971145\n|switch|p2a: Dachsbun|Dachsbun, F|100\/100\n|move|p1a: Dragonite|Dragon Claw|p2a: Dachsbun\n|-immune|p2a: Dachsbun\n|\n|-damage|p1a: Dragonite|68\/100 tox|[from] psn\n|upkeep\n|turn|6\n|\n|t:|1699971160\n|switch|p1a: Skeledirge|Skeledirge, M|100\/100\n|move|p2a: Dachsbun|Wish|p2a: Dachsbun\n|\n|upkeep\n|turn|7\n|\n|t:|1699971173\n|switch|p2a: Mandibuzz|Mandibuzz, F|83\/100\n|move|p1a: Skeledirge|Will-O-Wisp|p2a: Mandibuzz\n|-status|p2a: Mandibuzz|brn\n|\n|-heal|p2a: Mandibuzz|100\/100 brn|[from] move: Wish|[wisher] Dachsbun\n|-damage|p2a: Mandibuzz|94\/100 brn|[from] brn\n|upkeep\n|turn|8\n|\n|t:|1699971200\n|switch|p1a: Dragonite|Dragonite, M|68\/100 tox\n|move|p2a: Mandibuzz|Toxic|p1a: Dragonite\n|-fail|p1a: Dragonite|tox\n|\n|-damage|p1a: Dragonite|62\/100 tox|[from] psn\n|-damage|p2a: Mandibuzz|88\/100 brn|[from] brn\n|upkeep\n|turn|9\n|\n|t:|1699971214\n|switch|p2a: Dachsbun|Dachsbun, F|100\/100\n|move|p1a: Dragonite|Dragon Dance|p1a: Dragonite\n|-boost|p1a: Dragonite|atk|1\n|-boost|p1a: Dragonite|spe|1\n|\n|-damage|p1a: Dragonite|49\/100 tox|[from] psn\n|upkeep\n|turn|10\n|\n|t:|1699971230\n|move|p1a: Dragonite|Extreme Speed|p2a: Dachsbun\n|-damage|p2a: Dachsbun|66\/100\n|move|p2a: Dachsbun|Wish|p2a: Dachsbun\n|\n|-heal|p2a: Dachsbun|72\/100|[from] item: Leftovers\n|-damage|p1a: Dragonite|31\/100 tox|[from] psn\n|upkeep\n|turn|11\n|\n|t:|1699971255\n|switch|p1a: Mimikyu|Mimikyu, M|100\/100\n|move|p2a: Dachsbun|Protect||[still]\n|-fail|p2a: Dachsbun\n|\n|-heal|p2a: Dachsbun|100\/100|[from] move: Wish|[wisher] Dachsbun\n|upkeep\n|turn|12\n|inactive|Battle timer is ON: inactive players will automatically lose when time's up. (requested by FittedCrib04)\n|\n|t:|1699971296\n|switch|p2a: Mandibuzz|Mandibuzz, F|88\/100 brn\n|-terastallize|p1a: Mimikyu|Poison\n|move|p1a: Mimikyu|Sludge Bomb|p2a: Mandibuzz\n|-damage|p2a: Mandibuzz|53\/100 brn\n|\n|-damage|p2a: Mandibuzz|47\/100 brn|[from] brn\n|upkeep\n|turn|13\n|inactive|DavethaGod has 120 seconds left.\n|\n|t:|1699971335\n|move|p1a: Mimikyu|Sludge Bomb|p2a: Mandibuzz\n|-damage|p2a: Mandibuzz|7\/100 brn\n|move|p2a: Mandibuzz|Roost|p2a: Mandibuzz\n|-heal|p2a: Mandibuzz|57\/100 brn\n|-singleturn|p2a: Mandibuzz|move: Roost\n|\n|-damage|p2a: Mandibuzz|51\/100 brn|[from] brn\n|upkeep\n|turn|14\n|inactive|DavethaGod has 120 seconds left.\n|\n|t:|1699971344\n|switch|p2a: Cresselia|Cresselia, F|100\/100\n|move|p1a: Mimikyu|Sludge Bomb|p2a: Cresselia\n|-damage|p2a: Cresselia|77\/100\n|\n|-heal|p2a: Cresselia|83\/100|[from] item: Leftovers\n|upkeep\n|turn|15\n|inactive|DavethaGod has 120 seconds left.\n|\n|t:|1699971368\n|switch|p1a: Skeledirge|Skeledirge, M|100\/100\n|-terastallize|p2a: Cresselia|Fairy\n|move|p2a: Cresselia|Thunder Wave|p1a: Skeledirge\n|-status|p1a: Skeledirge|par\n|\n|-heal|p2a: Cresselia|89\/100|[from] item: Leftovers\n|upkeep\n|turn|16\n|inactive|DavethaGod has 120 seconds left.\n|inactive|DavethaGod has 90 seconds left.\n|\n|t:|1699971404\n|switch|p2a: Mew|Mew|100\/100\n|move|p1a: Skeledirge|Torch Song|p2a: Mew\n|-damage|p2a: Mew|76\/100\n|-boost|p1a: Skeledirge|spa|1\n|-enditem|p1a: Skeledirge|Throat Spray\n|-boost|p1a: Skeledirge|spa|1|[from] item: Throat Spray\n|\n|-heal|p2a: Mew|82\/100|[from] item: Leftovers\n|upkeep\n|turn|17\n|inactive|DavethaGod has 90 seconds left.\n|\n|t:|1699971421\n|move|p2a: Mew|Stealth Rock|p1a: Skeledirge\n|-sidestart|p1: DavethaGod|move: Stealth Rock\n|move|p1a: Skeledirge|Torch Song|p2a: Mew\n|-damage|p2a: Mew|36\/100\n|-boost|p1a: Skeledirge|spa|1\n|\n|-heal|p2a: Mew|42\/100|[from] item: Leftovers\n|upkeep\n|turn|18\n|inactive|DavethaGod has 90 seconds left.\n|\n|t:|1699971442\n|move|p2a: Mew|Encore|p1a: Skeledirge\n|-start|p1a: Skeledirge|Encore\n|move|p1a: Skeledirge|Torch Song|p2a: Mew\n|-damage|p2a: Mew|0 fnt\n|-boost|p1a: Skeledirge|spa|1\n|faint|p2a: Mew\n|\n|upkeep\n|\n|t:|1699971444\n|switch|p2a: Dachsbun|Dachsbun, F|100\/100\n|turn|19\n|inactive|DavethaGod has 90 seconds left.\n|\n|t:|1699971488\n|switch|p1a: Mimikyu|Mimikyu, M, tera:Poison|100\/100\n|-damage|p1a: Mimikyu|88\/100|[from] Stealth Rock\n|move|p2a: Dachsbun|Roar|p1a: Mimikyu\n|drag|p1a: Mimikyu|Mimikyu, M|100\/100\n|-damage|p1a: Mimikyu|88\/100|[from] Stealth Rock\n|\n|upkeep\n|turn|20\n|inactive|DavethaGod has 60 seconds left.\n|\n|t:|1699971510\n|move|p1a: Mimikyu|Shadow Claw|p2a: Dachsbun\n|-damage|p2a: Dachsbun|78\/100\n|move|p2a: Dachsbun|Roar|p1a: Mimikyu\n|drag|p1a: Dragonite|Dragonite, M|31\/100 tox\n|-damage|p1a: Dragonite|6\/100 tox|[from] Stealth Rock\n|\n|-heal|p2a: Dachsbun|84\/100|[from] item: Leftovers\n|-damage|p1a: Dragonite|0 fnt|[from] psn\n|faint|p1a: Dragonite\n|upkeep\n|\n|t:|1699971532\n|switch|p1a: Eiscue|Eiscue, F, tera:Poison|88\/100\n|-damage|p1a: Eiscue|76\/100|[from] Stealth Rock\n|turn|21\n|\n|t:|1699971560\n|switch|p2a: Mandibuzz|Mandibuzz, F|51\/100 brn\n|move|p1a: Eiscue|Sludge Bomb|p2a: Mandibuzz\n|-damage|p2a: Mandibuzz|12\/100 brn\n|\n|-damage|p2a: Mandibuzz|6\/100 brn|[from] brn\n|upkeep\n|turn|22\n|inactive|FittedCrib04 has 120 seconds left.\n|\n|t:|1699971578\n|move|p1a: Eiscue|Sludge Bomb|p2a: Mandibuzz\n|-damage|p2a: Mandibuzz|0 fnt\n|faint|p2a: Mandibuzz\n|\n|upkeep\n|inactive|FittedCrib04 has 120 seconds left.\n|\n|t:|1699971583\n|switch|p2a: Froslass|Froslass, F|1\/100\n|turn|23\n|inactive|DavethaGod has 60 seconds left.\n|\n|t:|1699971591\n|move|p1a: Eiscue|Sludge Bomb|p2a: Froslass\n|-resisted|p2a: Froslass\n|-damage|p2a: Froslass|0 fnt\n|faint|p2a: Froslass\n|\n|upkeep\n|\n|t:|1699971597\n|switch|p2a: Kilowattrel|Kilowattrel, M|100\/100\n|turn|24\n|inactive|DavethaGod has 60 seconds left.\n|\n|t:|1699971619\n|switch|p1a: Espeon|Espeon, M|100\/100\n|-damage|p1a: Espeon|88\/100|[from] Stealth Rock\n|move|p2a: Kilowattrel|Air Slash|p1a: Espeon\n|-damage|p1a: Espeon|44\/100\n|\n|-heal|p1a: Espeon|50\/100|[from] item: Leftovers\n|upkeep\n|turn|25\n|inactive|DavethaGod has 60 seconds left.\n|\n|t:|1699971644\n|move|p1a: Espeon|Protect|p1a: Espeon\n|-singleturn|p1a: Espeon|Protect\n|move|p2a: Kilowattrel|Discharge|p1a: Espeon\n|-activate|p1a: Espeon|move: Protect\n|\n|-heal|p1a: Espeon|56\/100|[from] item: Leftovers\n|upkeep\n|turn|26\n|inactive|DavethaGod has 30 seconds left.\n|\n|t:|1699971669\n|move|p2a: Kilowattrel|Volt Switch|p1a: Espeon\n|-damage|p1a: Espeon|20\/100\n|\n|t:|1699971672\n|switch|p2a: Cresselia|Cresselia, F, tera:Fairy|89\/100|[from] Volt Switch\n|move|p1a: Espeon|Wish|p1a: Espeon\n|\n|-heal|p1a: Espeon|26\/100|[from] item: Leftovers\n|-heal|p2a: Cresselia|95\/100|[from] item: Leftovers\n|upkeep\n|turn|27\n|inactive|DavethaGod has 30 seconds left.\n|\n|t:|1699971687\n|switch|p1a: Eiscue|Eiscue, F, tera:Poison|76\/100\n|-damage|p1a: Eiscue|64\/100|[from] Stealth Rock\n|move|p2a: Cresselia|Calm Mind|p2a: Cresselia\n|-boost|p2a: Cresselia|spa|1\n|-boost|p2a: Cresselia|spd|1\n|\n|-heal|p1a: Eiscue|100\/100|[from] move: Wish|[wisher] Espeon\n|-heal|p2a: Cresselia|100\/100|[from] item: Leftovers\n|upkeep\n|turn|28\n|inactive|DavethaGod has 30 seconds left.\n|\n|t:|1699971702\n|move|p1a: Eiscue|Sludge Bomb|p2a: Cresselia\n|-supereffective|p2a: Cresselia\n|-damage|p2a: Cresselia|74\/100\n|move|p2a: Cresselia|Thunder Wave|p1a: Eiscue\n|-status|p1a: Eiscue|par\n|\n|-heal|p2a: Cresselia|80\/100|[from] item: Leftovers\n|upkeep\n|turn|29\n|\n|t:|1699971706\n|move|p1a: Eiscue|Sludge Bomb|p2a: Cresselia\n|-supereffective|p2a: Cresselia\n|-damage|p2a: Cresselia|52\/100\n|move|p2a: Cresselia|Moonblast|p1a: Eiscue\n|-resisted|p1a: Eiscue\n|-damage|p1a: Eiscue|65\/100 par\n|replace|p1a: Zoroark|Zoroark, F\n|-end|p1a: Zoroark|Illusion\n|\n|-heal|p2a: Cresselia|58\/100|[from] item: Leftovers\n|upkeep\n|turn|30\n|\n|t:|1699971713\n|move|p1a: Zoroark|Sludge Bomb|p2a: Cresselia\n|-supereffective|p2a: Cresselia\n|-damage|p2a: Cresselia|31\/100\n|move|p2a: Cresselia|Moonblast|p1a: Zoroark\n|-resisted|p1a: Zoroark\n|-damage|p1a: Zoroark|29\/100 par\n|\n|-heal|p2a: Cresselia|37\/100|[from] item: Leftovers\n|upkeep\n|turn|31\n|\n|t:|1699971719\n|move|p1a: Zoroark|Sludge Bomb|p2a: Cresselia\n|-supereffective|p2a: Cresselia\n|-crit|p2a: Cresselia\n|-damage|p2a: Cresselia|0 fnt\n|faint|p2a: Cresselia\n|\n|upkeep\n|\n|t:|1699971723\n|switch|p2a: Kilowattrel|Kilowattrel, M|100\/100\n|turn|32\n|\n|t:|1699971737\n|move|p2a: Kilowattrel|Air Slash|p1a: Zoroark\n|-damage|p1a: Zoroark|0 fnt\n|faint|p1a: Zoroark\n|\n|upkeep\n|inactive|DavethaGod has 30 seconds left.\n|\n|t:|1699971763\n|switch|p1a: Eiscue|Eiscue, F|100\/100\n|-damage|p1a: Eiscue|76\/100|[from] Stealth Rock\n|turn|33\n|inactive|DavethaGod has 30 seconds left.\n|\n|t:|1699971774\n|move|p2a: Kilowattrel|Volt Switch|p1a: Eiscue\n|-damage|p1a: Eiscue|52\/100\n|\n|t:|1699971777\n|switch|p2a: Dachsbun|Dachsbun, F|84\/100|[from] Volt Switch\n|move|p1a: Eiscue|Ice Spinner|p2a: Dachsbun\n|-crit|p2a: Dachsbun\n|-damage|p2a: Dachsbun|50\/100\n|\n|-heal|p2a: Dachsbun|56\/100|[from] item: Leftovers\n|upkeep\n|turn|34\n|inactive|DavethaGod has 30 seconds left.\n|inactive|DavethaGod has 20 seconds left.\n|\n|t:|1699971806\n|move|p2a: Dachsbun|Wish|p2a: Dachsbun\n|move|p1a: Eiscue|Body Slam|p2a: Dachsbun\n|-damage|p2a: Dachsbun|38\/100\n|\n|-heal|p2a: Dachsbun|44\/100|[from] item: Leftovers\n|upkeep\n|turn|35\n|inactive|DavethaGod has 30 seconds left this turn.\n|\n|t:|1699971816\n|switch|p1a: Espeon|Espeon, M|26\/100\n|-damage|p1a: Espeon|13\/100|[from] Stealth Rock\n|move|p2a: Dachsbun|Roar|p1a: Espeon\n|move|p1a: Espeon|Roar|p2a: Dachsbun|[from]ability: Magic Bounce\n|drag|p2a: Kilowattrel|Kilowattrel, M|100\/100\n|\n|-heal|p1a: Espeon|19\/100|[from] item: Leftovers\n|upkeep\n|turn|36\n|inactive|DavethaGod has 30 seconds left.\n|inactive|DavethaGod has 20 seconds left.\n|inactive|DavethaGod has 15 seconds left.\n|\n|t:|1699971844\n|switch|p1a: Skeledirge|Skeledirge, M|100\/100 par\n|-damage|p1a: Skeledirge|76\/100 par|[from] Stealth Rock\n|move|p2a: Kilowattrel|Discharge|p1a: Skeledirge\n|-damage|p1a: Skeledirge|52\/100 par\n|\n|upkeep\n|turn|37\n|inactive|DavethaGod has 25 seconds left this turn.\n|inactive|DavethaGod has 20 seconds left.\n|\n|t:|1699971853\n|move|p2a: Kilowattrel|Air Slash|p1a: Skeledirge\n|-damage|p1a: Skeledirge|27\/100 par\n|move|p1a: Skeledirge|Slack Off|p1a: Skeledirge\n|-heal|p1a: Skeledirge|77\/100 par\n|\n|upkeep\n|turn|38\n|inactive|DavethaGod has 30 seconds left this turn.\n|inactive|DavethaGod has 20 seconds left.\n|\n|t:|1699971866\n|move|p2a: Kilowattrel|Air Slash|p1a: Skeledirge\n|-damage|p1a: Skeledirge|51\/100 par\n|cant|p1a: Skeledirge|par\n|\n|upkeep\n|turn|39\n|inactive|DavethaGod has 30 seconds left this turn.\n|\n|t:|1699971871\n|move|p2a: Kilowattrel|Volt Switch|p1a: Skeledirge\n|-damage|p1a: Skeledirge|28\/100 par\n|\n|t:|1699971873\n|switch|p2a: Dachsbun|Dachsbun, F|44\/100|[from] Volt Switch\n|move|p1a: Skeledirge|Torch Song|p2a: Dachsbun\n|-ability|p2a: Dachsbun|Well-Baked Body|boost\n|-boost|p2a: Dachsbun|def|2\n|\n|-heal|p2a: Dachsbun|50\/100|[from] item: Leftovers\n|upkeep\n|turn|40\n|\n|t:|1699971882\n|move|p2a: Dachsbun|Wish|p2a: Dachsbun\n|move|p1a: Skeledirge|Earth Power|p2a: Dachsbun\n|-damage|p2a: Dachsbun|19\/100\n|-unboost|p2a: Dachsbun|spd|1\n|\n|-heal|p2a: Dachsbun|25\/100|[from] item: Leftovers\n|upkeep\n|turn|41\n|\n|t:|1699971893\n|move|p2a: Dachsbun|Protect|p2a: Dachsbun\n|-singleturn|p2a: Dachsbun|Protect\n|move|p1a: Skeledirge|Slack Off|p1a: Skeledirge\n|-heal|p1a: Skeledirge|78\/100 par\n|\n|-heal|p2a: Dachsbun|75\/100|[from] move: Wish|[wisher] Dachsbun\n|-heal|p2a: Dachsbun|81\/100|[from] item: Leftovers\n|upkeep\n|turn|42\n|\n|t:|1699971900\n|switch|p2a: Kilowattrel|Kilowattrel, M|100\/100\n|cant|p1a: Skeledirge|par\n|\n|upkeep\n|turn|43\n|\n|t:|1699971906\n|move|p2a: Kilowattrel|Volt Switch|p1a: Skeledirge\n|-damage|p1a: Skeledirge|54\/100 par\n|\n|t:|1699971908\n|switch|p2a: Dachsbun|Dachsbun, F|81\/100|[from] Volt Switch\n|move|p1a: Skeledirge|Torch Song|p2a: Dachsbun\n|-ability|p2a: Dachsbun|Well-Baked Body|boost\n|-boost|p2a: Dachsbun|def|2\n|\n|-heal|p2a: Dachsbun|87\/100|[from] item: Leftovers\n|upkeep\n|turn|44\n|\n|t:|1699971912\n|move|p2a: Dachsbun|Wish|p2a: Dachsbun\n|move|p1a: Skeledirge|Earth Power|p2a: Dachsbun\n|-damage|p2a: Dachsbun|60\/100\n|\n|-heal|p2a: Dachsbun|66\/100|[from] item: Leftovers\n|upkeep\n|turn|45\n|\n|t:|1699971917\n|move|p1a: Skeledirge|Earth Power|p2a: Dachsbun\n|-damage|p2a: Dachsbun|39\/100\n|move|p2a: Dachsbun|Roar|p1a: Skeledirge\n|drag|p1a: Espeon|Espeon, M|19\/100\n|-damage|p1a: Espeon|7\/100|[from] Stealth Rock\n|\n|-heal|p2a: Dachsbun|89\/100|[from] move: Wish|[wisher] Dachsbun\n|-heal|p1a: Espeon|13\/100|[from] item: Leftovers\n|-heal|p2a: Dachsbun|95\/100|[from] item: Leftovers\n|upkeep\n|turn|46\n|\n|t:|1699971941\n|move|p1a: Espeon|Wish|p1a: Espeon\n|move|p2a: Dachsbun|Wish|p2a: Dachsbun\n|\n|-heal|p1a: Espeon|19\/100|[from] item: Leftovers\n|-heal|p2a: Dachsbun|100\/100|[from] item: Leftovers\n|upkeep\n|turn|47\n|\n|t:|1699971952\n|move|p1a: Espeon|Future Sight|p2a: Dachsbun\n|-start|p1a: Espeon|move: Future Sight\n|move|p2a: Dachsbun|Roar|p1a: Espeon\n|move|p1a: Espeon|Roar|p2a: Dachsbun|[from]ability: Magic Bounce\n|drag|p2a: Kilowattrel|Kilowattrel, M|100\/100\n|\n|-heal|p1a: Espeon|69\/100|[from] move: Wish|[wisher] Espeon\n|-heal|p1a: Espeon|75\/100|[from] item: Leftovers\n|upkeep\n|turn|48\n|\n|t:|1699971967\n|move|p1a: Espeon|Protect|p1a: Espeon\n|-singleturn|p1a: Espeon|Protect\n|move|p2a: Kilowattrel|Discharge|p1a: Espeon\n|-activate|p1a: Espeon|move: Protect\n|\n|-heal|p1a: Espeon|81\/100|[from] item: Leftovers\n|upkeep\n|turn|49\n|\n|t:|1699971984\n|move|p2a: Kilowattrel|Discharge|p1a: Espeon\n|-damage|p1a: Espeon|38\/100\n|-status|p1a: Espeon|par\n|cant|p1a: Espeon|par\n|\n|-end|p2a: Kilowattrel|move: Future Sight\n|-damage|p2a: Kilowattrel|4\/100\n|-heal|p1a: Espeon|44\/100 par|[from] item: Leftovers\n|upkeep\n|turn|50\n|inactive|DavethaGod has 60 seconds left.\n|\n|t:|1699972023\n|move|p2a: Kilowattrel|Air Slash|p1a: Espeon\n|-damage|p1a: Espeon|4\/100 par\n|move|p1a: Espeon|Dazzling Gleam|p2a: Kilowattrel\n|-damage|p2a: Kilowattrel|0 fnt\n|faint|p2a: Kilowattrel\n|\n|-heal|p1a: Espeon|10\/100 par|[from] item: Leftovers\n|upkeep\n|\n|t:|1699972029\n|switch|p2a: Dachsbun|Dachsbun, F|100\/100\n|turn|51\n|\n|t:|1699972034\n|move|p2a: Dachsbun|Play Rough|p1a: Espeon\n|-damage|p1a: Espeon|0 fnt\n|faint|p1a: Espeon\n|\n|upkeep\n|inactive|DavethaGod has 60 seconds left.\n|\n|t:|1699972044\n|switch|p1a: Eiscue|Eiscue, F|52\/100\n|-damage|p1a: Eiscue|28\/100|[from] Stealth Rock\n|turn|52\n|\n|t:|1699972051\n|move|p2a: Dachsbun|Wish|p2a: Dachsbun\n|move|p1a: Eiscue|Body Slam|p2a: Dachsbun\n|-damage|p2a: Dachsbun|84\/100\n|\n|-heal|p2a: Dachsbun|89\/100|[from] item: Leftovers\n|upkeep\n|turn|53\n|\n|t:|1699972055\n|move|p1a: Eiscue|Body Slam|p2a: Dachsbun\n|-damage|p2a: Dachsbun|74\/100\n|move|p2a: Dachsbun|Roar|p1a: Eiscue\n|drag|p1a: Skeledirge|Skeledirge, M|54\/100 par\n|-damage|p1a: Skeledirge|29\/100 par|[from] Stealth Rock\n|\n|-heal|p2a: Dachsbun|100\/100|[from] move: Wish|[wisher] Dachsbun\n|upkeep\n|turn|54\n|\n|t:|1699972061\n|move|p1a: Skeledirge|Earth Power|p2a: Dachsbun\n|-damage|p2a: Dachsbun|70\/100\n|move|p2a: Dachsbun|Roar|p1a: Skeledirge\n|drag|p1a: Mimikyu|Mimikyu, M|88\/100\n|-damage|p1a: Mimikyu|76\/100|[from] Stealth Rock\n|\n|-heal|p2a: Dachsbun|76\/100|[from] item: Leftovers\n|upkeep\n|turn|55\n|\n|t:|1699972070\n|move|p1a: Mimikyu|Shadow Claw|p2a: Dachsbun\n|-damage|p2a: Dachsbun|57\/100\n|move|p2a: Dachsbun|Wish|p2a: Dachsbun\n|\n|-heal|p2a: Dachsbun|63\/100|[from] item: Leftovers\n|upkeep\n|turn|56\n|inactive|DavethaGod has 90 seconds left.\n|\n|t:|1699972085\n|move|p1a: Mimikyu|Shadow Claw|p2a: Dachsbun\n|-damage|p2a: Dachsbun|42\/100\n|move|p2a: Dachsbun|Roar|p1a: Mimikyu\n|drag|p1a: Eiscue|Eiscue, F|28\/100\n|-damage|p1a: Eiscue|3\/100|[from] Stealth Rock\n|\n|-heal|p2a: Dachsbun|92\/100|[from] move: Wish|[wisher] Dachsbun\n|-heal|p2a: Dachsbun|98\/100|[from] item: Leftovers\n|upkeep\n|turn|57\n|\n|t:|1699972101\n|move|p2a: Dachsbun|Wish|p2a: Dachsbun\n|move|p1a: Eiscue|Body Slam|p2a: Dachsbun\n|-damage|p2a: Dachsbun|80\/100\n|\n|-heal|p2a: Dachsbun|86\/100|[from] item: Leftovers\n|upkeep\n|turn|58\n|\n|t:|1699972108\n|move|p1a: Eiscue|Body Slam|p2a: Dachsbun\n|-damage|p2a: Dachsbun|68\/100\n|move|p2a: Dachsbun|Roar|p1a: Eiscue\n|drag|p1a: Mimikyu|Mimikyu, M|76\/100\n|-damage|p1a: Mimikyu|63\/100|[from] Stealth Rock\n|\n|-heal|p2a: Dachsbun|100\/100|[from] move: Wish|[wisher] Dachsbun\n|upkeep\n|turn|59\n|inactive|DavethaGod has 90 seconds left.\n|\n|t:|1699972116\n|move|p1a: Mimikyu|Swords Dance|p1a: Mimikyu\n|-boost|p1a: Mimikyu|atk|2\n|move|p2a: Dachsbun|Roar|p1a: Mimikyu\n|drag|p1a: Skeledirge|Skeledirge, M|29\/100 par\n|-damage|p1a: Skeledirge|5\/100 par|[from] Stealth Rock\n|\n|upkeep\n|turn|60\n|\n|t:|1699972121\n|move|p2a: Dachsbun|Play Rough|p1a: Skeledirge|[miss]\n|-miss|p2a: Dachsbun|p1a: Skeledirge\n|move|p1a: Skeledirge|Slack Off|p1a: Skeledirge\n|-heal|p1a: Skeledirge|55\/100 par\n|\n|upkeep\n|turn|61\n|\n|t:|1699972128\n|move|p1a: Skeledirge|Slack Off|p1a: Skeledirge\n|-heal|p1a: Skeledirge|100\/100 par\n|move|p2a: Dachsbun|Roar|p1a: Skeledirge\n|drag|p1a: Eiscue|Eiscue, F|3\/100\n|-damage|p1a: Eiscue|0 fnt|[from] Stealth Rock\n|faint|p1a: Eiscue\n|\n|upkeep\n|\n|t:|1699972137\n|switch|p1a: Skeledirge|Skeledirge, M|100\/100 par\n|-damage|p1a: Skeledirge|76\/100 par|[from] Stealth Rock\n|turn|62\n|\n|t:|1699972145\n|move|p1a: Skeledirge|Earth Power|p2a: Dachsbun\n|-damage|p2a: Dachsbun|73\/100\n|move|p2a: Dachsbun|Roar|p1a: Skeledirge\n|drag|p1a: Mimikyu|Mimikyu, M|63\/100\n|-damage|p1a: Mimikyu|51\/100|[from] Stealth Rock\n|\n|-heal|p2a: Dachsbun|79\/100|[from] item: Leftovers\n|upkeep\n|turn|63\n|\n|t:|1699972155\n|move|p1a: Mimikyu|Swords Dance|p1a: Mimikyu\n|-boost|p1a: Mimikyu|atk|2\n|move|p2a: Dachsbun|Roar|p1a: Mimikyu\n|drag|p1a: Skeledirge|Skeledirge, M|76\/100 par\n|-damage|p1a: Skeledirge|51\/100 par|[from] Stealth Rock\n|\n|-heal|p2a: Dachsbun|85\/100|[from] item: Leftovers\n|upkeep\n|turn|64\n|\n|t:|1699972159\n|move|p1a: Skeledirge|Slack Off|p1a: Skeledirge\n|-heal|p1a: Skeledirge|100\/100 par\n|move|p2a: Dachsbun|Roar|p1a: Skeledirge\n|drag|p1a: Mimikyu|Mimikyu, M|51\/100\n|-damage|p1a: Mimikyu|39\/100|[from] Stealth Rock\n|\n|-heal|p2a: Dachsbun|91\/100|[from] item: Leftovers\n|upkeep\n|turn|65\n|inactive|DavethaGod has 120 seconds left.\n|\n|t:|1699972170\n|move|p1a: Mimikyu|Drain Punch|p2a: Dachsbun\n|-resisted|p2a: Dachsbun\n|-damage|p2a: Dachsbun|84\/100\n|-heal|p1a: Mimikyu|43\/100|[from] drain|[of] p2a: Dachsbun\n|move|p2a: Dachsbun|Roar|p1a: Mimikyu\n|drag|p1a: Skeledirge|Skeledirge, M|100\/100 par\n|-damage|p1a: Skeledirge|76\/100 par|[from] Stealth Rock\n|\n|-heal|p2a: Dachsbun|90\/100|[from] item: Leftovers\n|upkeep\n|turn|66\n|inactive|DavethaGod has 120 seconds left.\n|\n|t:|1699972179\n|cant|p1a: Skeledirge|par\n|move|p2a: Dachsbun|Roar|p1a: Skeledirge\n|drag|p1a: Mimikyu|Mimikyu, M|43\/100\n|-damage|p1a: Mimikyu|31\/100|[from] Stealth Rock\n|\n|-heal|p2a: Dachsbun|96\/100|[from] item: Leftovers\n|upkeep\n|turn|67\n|\n|t:|1699972183\n|move|p1a: Mimikyu|Drain Punch|p2a: Dachsbun\n|-resisted|p2a: Dachsbun\n|-damage|p2a: Dachsbun|89\/100\n|-heal|p1a: Mimikyu|35\/100|[from] drain|[of] p2a: Dachsbun\n|move|p2a: Dachsbun|Roar|p1a: Mimikyu\n|drag|p1a: Skeledirge|Skeledirge, M|76\/100 par\n|-damage|p1a: Skeledirge|51\/100 par|[from] Stealth Rock\n|\n|-heal|p2a: Dachsbun|95\/100|[from] item: Leftovers\n|upkeep\n|turn|68\n|\n|t:|1699972193\n|move|p1a: Skeledirge|Earth Power|p2a: Dachsbun\n|-damage|p2a: Dachsbun|65\/100\n|move|p2a: Dachsbun|Roar|p1a: Skeledirge\n|drag|p1a: Mimikyu|Mimikyu, M|35\/100\n|-damage|p1a: Mimikyu|23\/100|[from] Stealth Rock\n|\n|-heal|p2a: Dachsbun|71\/100|[from] item: Leftovers\n|upkeep\n|turn|69\n|\n|t:|1699972199\n|move|p1a: Mimikyu|Shadow Claw|p2a: Dachsbun\n|-damage|p2a: Dachsbun|51\/100\n|move|p2a: Dachsbun|Roar|p1a: Mimikyu\n|drag|p1a: Skeledirge|Skeledirge, M|51\/100 par\n|-damage|p1a: Skeledirge|26\/100 par|[from] Stealth Rock\n|\n|-heal|p2a: Dachsbun|57\/100|[from] item: Leftovers\n|upkeep\n|turn|70\n|\n|t:|1699972204\n|cant|p1a: Skeledirge|par\n|move|p2a: Dachsbun|Roar|p1a: Skeledirge\n|drag|p1a: Mimikyu|Mimikyu, M|23\/100\n|-damage|p1a: Mimikyu|10\/100|[from] Stealth Rock\n|\n|-heal|p2a: Dachsbun|63\/100|[from] item: Leftovers\n|upkeep\n|turn|71\n|\n|t:|1699972212\n|move|p1a: Mimikyu|Shadow Claw|p2a: Dachsbun\n|-damage|p2a: Dachsbun|43\/100\n|move|p2a: Dachsbun|Wish|p2a: Dachsbun\n|\n|-heal|p2a: Dachsbun|49\/100|[from] item: Leftovers\n|upkeep\n|turn|72\n|\n|t:|1699972222\n|move|p1a: Mimikyu|Shadow Claw|p2a: Dachsbun\n|-damage|p2a: Dachsbun|29\/100\n|move|p2a: Dachsbun|Roar|p1a: Mimikyu\n|drag|p1a: Skeledirge|Skeledirge, M|26\/100 par\n|-damage|p1a: Skeledirge|1\/100 par|[from] Stealth Rock\n|\n|-heal|p2a: Dachsbun|79\/100|[from] move: Wish|[wisher] Dachsbun\n|-heal|p2a: Dachsbun|85\/100|[from] item: Leftovers\n|upkeep\n|turn|73\n|\n|t:|1699972233\n|move|p2a: Dachsbun|Play Rough|p1a: Skeledirge\n|-resisted|p1a: Skeledirge\n|-damage|p1a: Skeledirge|0 fnt\n|faint|p1a: Skeledirge\n|\n|-heal|p2a: Dachsbun|91\/100|[from] item: Leftovers\n|upkeep\n|\n|t:|1699972234\n|switch|p1a: Mimikyu|Mimikyu, M|10\/100\n|-damage|p1a: Mimikyu|0 fnt|[from] Stealth Rock\n|faint|p1a: Mimikyu\n|\n|win|FittedCrib04\n|raw|DavethaGod's rating: 1178 &rarr; <strong>1155<\/strong><br \/>(-23 for losing)\n|raw|FittedCrib04's rating: 1208 &rarr; <strong>1231<\/strong><br \/>(+23 for winning)\n|l|\u2606DavethaGod\n","uploadtime":1699972256,"views":8,"p1id":"davethagod","p2id":"fittedcrib04","formatid":"gen9ou","rating":1155,"private":0,"password":""}