{"id":"gen9ou-1991475325","p1":"Purple Aithen","p2":"Dav08","format":"[Gen 9] OU","log":"|j|\u2606Purple Aithen\n|j|\u2606Dav08\n|t:|1700080365\n|gametype|singles\n|player|p1|Purple Aithen|169|1137\n|player|p2|Dav08|red|1071\n|teamsize|p1|6\n|teamsize|p2|6\n|gen|9\n|tier|[Gen 9] OU\n|rated|\n|rule|Sleep Clause Mod: Limit one foe put to sleep\n|rule|Species Clause: Limit one of each Pok\u00e9mon\n|rule|OHKO Clause: OHKO moves are banned\n|rule|Evasion Items Clause: Evasion items are banned\n|rule|Evasion Moves Clause: Evasion moves are banned\n|rule|Endless Battle Clause: Forcing endless battles is banned\n|rule|HP Percentage Mod: HP is shown in percentages\n|clearpoke\n|poke|p1|Corviknight, M|\n|poke|p1|Conkeldurr, M|\n|poke|p1|Kommo-o, F|\n|poke|p1|Sinistcha-Masterpiece|\n|poke|p1|Tyranitar, F|\n|poke|p1|Ogerpon, F|\n|poke|p2|Quaquaval, M|\n|poke|p2|Mamoswine, M|\n|poke|p2|Cinderace, M|\n|poke|p2|Dragapult, M|\n|poke|p2|Articuno|\n|poke|p2|Torterra, F|\n|teampreview\n|inactive|Battle timer is ON: inactive players will automatically lose when time's up. (requested by Purple Aithen)\n|\n|t:|1700080376\n|start\n|switch|p1a: Ogerpon|Ogerpon, F|100\/100\n|switch|p2a: Torterra|Torterra, F|100\/100\n|turn|1\n|\n|t:|1700080387\n|move|p1a: Ogerpon|U-turn|p2a: Torterra\n|-supereffective|p2a: Torterra\n|-damage|p2a: Torterra|53\/100\n|\n|t:|1700080390\n|switch|p1a: Sinistcha|Sinistcha-Masterpiece|100\/100|[from] U-turn\n|move|p2a: Torterra|Shell Smash|p2a: Torterra\n|-unboost|p2a: Torterra|def|1\n|-unboost|p2a: Torterra|spd|1\n|-boost|p2a: Torterra|atk|2\n|-boost|p2a: Torterra|spa|2\n|-boost|p2a: Torterra|spe|2\n|\n|upkeep\n|turn|2\n|\n|t:|1700080412\n|move|p2a: Torterra|Earthquake|p1a: Sinistcha\n|-resisted|p1a: Sinistcha\n|-damage|p1a: Sinistcha|60\/100\n|-heal|p2a: Torterra|57\/100|[from] item: Shell Bell|[of] p1a: Sinistcha\n|move|p1a: Sinistcha|Strength Sap|p2a: Torterra\n|-unboost|p2a: Torterra|atk|1\n|-heal|p1a: Sinistcha|100\/100\n|\n|upkeep\n|turn|3\n|\n|t:|1700080428\n|move|p2a: Torterra|Rock Blast|p1a: Sinistcha\n|-damage|p1a: Sinistcha|89\/100\n|-damage|p1a: Sinistcha|79\/100\n|-damage|p1a: Sinistcha|67\/100\n|-damage|p1a: Sinistcha|56\/100\n|-damage|p1a: Sinistcha|45\/100\n|-hitcount|p1a: Sinistcha|5\n|-heal|p2a: Torterra|63\/100|[from] item: Shell Bell|[of] p1a: Sinistcha\n|move|p1a: Sinistcha|Matcha Gotcha|p2a: Torterra\n|-damage|p2a: Torterra|0 fnt\n|-heal|p1a: Sinistcha|81\/100|[from] drain|[of] p2a: Torterra\n|faint|p2a: Torterra\n|\n|-heal|p1a: Sinistcha|87\/100|[from] item: Leftovers\n|upkeep\n|inactive|Dav08 has 120 seconds left.\n|\n|t:|1700080447\n|switch|p2a: Quaquaval|Quaquaval, M, shiny|100\/100\n|turn|4\n|\n|t:|1700080454\n|move|p2a: Quaquaval|Brave Bird|p1a: Sinistcha\n|-supereffective|p1a: Sinistcha\n|-damage|p1a: Sinistcha|12\/100\n|-damage|p2a: Quaquaval|78\/100|[from] Recoil\n|move|p1a: Sinistcha|Matcha Gotcha|p2a: Quaquaval\n|-supereffective|p2a: Quaquaval\n|-damage|p2a: Quaquaval|0 fnt\n|-heal|p1a: Sinistcha|54\/100|[from] drain|[of] p2a: Quaquaval\n|faint|p2a: Quaquaval\n|\n|-heal|p1a: Sinistcha|60\/100|[from] item: Leftovers\n|upkeep\n|inactive|Dav08 has 120 seconds left.\n|\n|t:|1700080468\n|switch|p2a: Cinderace|Cinderace, M, shiny|100\/100\n|turn|5\n|\n|t:|1700080472\n|switch|p1a: Kommo-o|Kommo-o, F|100\/100\n|move|p2a: Cinderace|Pyro Ball|p1a: Kommo-o\n|-immune|p1a: Kommo-o|[from] ability: Bulletproof\n|\n|upkeep\n|turn|6\n|\n|t:|1700080482\n|switch|p2a: Articuno|Articuno, shiny|100\/100\n|-ability|p2a: Articuno|Pressure\n|move|p1a: Kommo-o|Clangorous Soul|p1a: Kommo-o\n|-boost|p1a: Kommo-o|atk|1\n|-boost|p1a: Kommo-o|def|1\n|-boost|p1a: Kommo-o|spa|1\n|-boost|p1a: Kommo-o|spd|1\n|-boost|p1a: Kommo-o|spe|1\n|-damage|p1a: Kommo-o|68\/100\n|-enditem|p1a: Kommo-o|Throat Spray\n|-boost|p1a: Kommo-o|spa|1|[from] item: Throat Spray\n|\n|upkeep\n|turn|7\n|\n|t:|1700080499\n|-terastallize|p1a: Kommo-o|Normal\n|move|p1a: Kommo-o|Boomburst|p2a: Articuno\n|-damage|p2a: Articuno|0 fnt\n|faint|p2a: Articuno\n|\n|upkeep\n|\n|t:|1700080507\n|switch|p2a: Dragapult|Dragapult, M|100\/100\n|turn|8\n|\n|t:|1700080517\n|move|p1a: Kommo-o|Clanging Scales|p2a: Dragapult\n|-supereffective|p2a: Dragapult\n|-damage|p2a: Dragapult|0 fnt\n|faint|p2a: Dragapult\n|-unboost|p1a: Kommo-o|def|1\n|\n|upkeep\n|\n|t:|1700080525\n|switch|p2a: Mamoswine|Mamoswine, M|100\/100\n|turn|9\n|\n|t:|1700080532\n|-terastallize|p2a: Mamoswine|Grass\n|move|p1a: Kommo-o|Boomburst|p2a: Mamoswine\n|-damage|p2a: Mamoswine|0 fnt\n|faint|p2a: Mamoswine\n|\n|upkeep\n|\n|t:|1700080539\n|switch|p2a: Cinderace|Cinderace, M, shiny|100\/100\n|turn|10\n|\n|t:|1700080546\n|move|p2a: Cinderace|Sucker Punch|p1a: Kommo-o\n|-start|p2a: Cinderace|typechange|Dark|[from] ability: Libero\n|-damage|p1a: Kommo-o|36\/100\n|move|p1a: Kommo-o|Boomburst|p2a: Cinderace\n|-damage|p2a: Cinderace|0 fnt\n|faint|p2a: Cinderace\n|\n|win|Purple Aithen\n|raw|Purple Aithen's rating: 1137 &rarr; <strong>1157<\/strong><br \/>(+20 for winning)\n|raw|Dav08's rating: 1071 &rarr; <strong>1054<\/strong><br \/>(-17 for losing)\n","uploadtime":1700080551,"views":11,"p1id":"purpleaithen","p2id":"dav08","formatid":"gen9ou","rating":1054,"private":0,"password":""}