{"id":"gen9ou-1988782000","p1":"fus_in_b00ts","p2":"ethanofnote","format":"[Gen 9] OU","log":"|j|\u2606fus_in_b00ts\n|j|\u2606ethanofnote\n|t:|1699762423\n|gametype|singles\n|player|p1|fus_in_b00ts|266|1341\n|player|p2|ethanofnote|1|1383\n|teamsize|p1|6\n|teamsize|p2|6\n|gen|9\n|tier|[Gen 9] OU\n|rated|\n|rule|Sleep Clause Mod: Limit one foe put to sleep\n|rule|Species Clause: Limit one of each Pok\u00e9mon\n|rule|OHKO Clause: OHKO moves are banned\n|rule|Evasion Items Clause: Evasion items are banned\n|rule|Evasion Moves Clause: Evasion moves are banned\n|rule|Endless Battle Clause: Forcing endless battles is banned\n|rule|HP Percentage Mod: HP is shown in percentages\n|clearpoke\n|poke|p1|Ninetales-Alola, M|\n|poke|p1|Kommo-o, F|\n|poke|p1|Dragapult, M|\n|poke|p1|Rillaboom, M|\n|poke|p1|Gholdengo|\n|poke|p1|Great Tusk|\n|poke|p2|Dragapult, M|\n|poke|p2|Skeledirge, F|\n|poke|p2|Mandibuzz, F|\n|poke|p2|Milotic, M|\n|poke|p2|Gliscor, F|\n|poke|p2|Clefable, M|\n|teampreview\n|inactive|Battle timer is ON: inactive players will automatically lose when time's up. (requested by ethanofnote)\n|\n|t:|1699762434\n|start\n|switch|p1a: Ninetales|Ninetales-Alola, M, shiny|100\/100\n|switch|p2a: Clefable|Clefable, M|100\/100\n|-weather|Snow|[from] ability: Snow Warning|[of] p1a: Ninetales\n|turn|1\n|\n|t:|1699762439\n|move|p1a: Ninetales|Aurora Veil|p1a: Ninetales\n|-sidestart|p1: fus_in_b00ts|move: Aurora Veil\n|move|p2a: Clefable|Thunder Wave|p1a: Ninetales\n|-status|p1a: Ninetales|par\n|\n|-weather|Snow|[upkeep]\n|upkeep\n|turn|2\n|\n|t:|1699762447\n|switch|p1a: Rillaboom|Rillaboom, M|100\/100\n|-fieldstart|move: Grassy Terrain|[from] ability: Grassy Surge|[of] p1a: Rillaboom\n|move|p2a: Clefable|Stealth Rock|p1a: Rillaboom\n|-sidestart|p1: fus_in_b00ts|move: Stealth Rock\n|\n|-weather|Snow|[upkeep]\n|upkeep\n|turn|3\n|inactive|ethanofnote has 120 seconds left.\n|\n|t:|1699762478\n|switch|p2a: Mandibuzz|Mandibuzz, F|100\/100\n|move|p1a: Rillaboom|Knock Off|p2a: Mandibuzz\n|-resisted|p2a: Mandibuzz\n|-crit|p2a: Mandibuzz\n|-damage|p2a: Mandibuzz|87\/100\n|-enditem|p2a: Mandibuzz|Heavy-Duty Boots|[from] move: Knock Off|[of] p1a: Rillaboom\n|\n|-weather|Snow|[upkeep]\n|upkeep\n|turn|4\n|inactive|ethanofnote has 120 seconds left.\n|\n|t:|1699762494\n|move|p1a: Rillaboom|U-turn|p2a: Mandibuzz\n|-damage|p2a: Mandibuzz|71\/100\n|\n|t:|1699762498\n|switch|p1a: Great Tusk|Great Tusk|100\/100|[from] U-turn\n|-damage|p1a: Great Tusk|98\/100|[from] Stealth Rock\n|-enditem|p1a: Great Tusk|Booster Energy\n|-activate|p1a: Great Tusk|ability: Protosynthesis|[fromitem]\n|-start|p1a: Great Tusk|protosynthesisatk\n|move|p2a: Mandibuzz|Foul Play|p1a: Great Tusk\n|-resisted|p1a: Great Tusk\n|-damage|p1a: Great Tusk|89\/100\n|\n|-weather|Snow|[upkeep]\n|-heal|p1a: Great Tusk|95\/100|[from] Grassy Terrain\n|upkeep\n|turn|5\n|inactive|ethanofnote has 120 seconds left.\n|\n|t:|1699762513\n|move|p1a: Great Tusk|Bulk Up|p1a: Great Tusk\n|-boost|p1a: Great Tusk|atk|1\n|-boost|p1a: Great Tusk|def|1\n|move|p2a: Mandibuzz|Iron Defense|p2a: Mandibuzz\n|-boost|p2a: Mandibuzz|def|2\n|\n|-weather|none\n|-heal|p1a: Great Tusk|100\/100|[from] Grassy Terrain\n|upkeep\n|turn|6\n|\n|t:|1699762528\n|move|p1a: Great Tusk|Close Combat|p2a: Mandibuzz\n|-damage|p2a: Mandibuzz|36\/100\n|-unboost|p1a: Great Tusk|def|1\n|-unboost|p1a: Great Tusk|spd|1\n|move|p2a: Mandibuzz|Toxic|p1a: Great Tusk\n|-status|p1a: Great Tusk|tox\n|\n|-damage|p1a: Great Tusk|94\/100 tox|[from] psn\n|upkeep\n|turn|7\n|\n|t:|1699762547\n|move|p1a: Great Tusk|Close Combat|p2a: Mandibuzz\n|-damage|p2a: Mandibuzz|0 fnt\n|-unboost|p1a: Great Tusk|def|1\n|-unboost|p1a: Great Tusk|spd|1\n|faint|p2a: Mandibuzz\n|\n|-heal|p1a: Great Tusk|100\/100 tox|[from] Grassy Terrain\n|-damage|p1a: Great Tusk|88\/100 tox|[from] psn\n|upkeep\n|\n|t:|1699762555\n|switch|p2a: Gliscor|Gliscor, F|100\/100\n|turn|8\n|\n|t:|1699762561\n|move|p2a: Gliscor|Protect|p2a: Gliscor\n|-singleturn|p2a: Gliscor|Protect\n|move|p1a: Great Tusk|Rapid Spin|p2a: Gliscor\n|-activate|p2a: Gliscor|move: Protect\n|\n|-heal|p1a: Great Tusk|94\/100 tox|[from] Grassy Terrain\n|-damage|p1a: Great Tusk|76\/100 tox|[from] psn\n|-sideend|p1: fus_in_b00ts|move: Aurora Veil\n|-status|p2a: Gliscor|tox|[from] item: Toxic Orb\n|upkeep\n|turn|9\n|inactive|ethanofnote has 120 seconds left.\n|inactive|ethanofnote has 90 seconds left.\n|\n|t:|1699762632\n|switch|p2a: Skeledirge|Skeledirge, F|100\/100\n|move|p1a: Great Tusk|Headlong Rush|p2a: Skeledirge\n|-supereffective|p2a: Skeledirge\n|-damage|p2a: Skeledirge|0 fnt\n|-unboost|p1a: Great Tusk|def|1\n|-unboost|p1a: Great Tusk|spd|1\n|faint|p2a: Skeledirge\n|\n|-heal|p1a: Great Tusk|82\/100 tox|[from] Grassy Terrain\n|-damage|p1a: Great Tusk|57\/100 tox|[from] psn\n|-fieldend|move: Grassy Terrain\n|upkeep\n|\n|t:|1699762636\n|switch|p2a: Dragapult|Dragapult, M|100\/100\n|turn|10\n|inactive|ethanofnote has 90 seconds left.\n|\n|t:|1699762654\n|-end|p1a: Great Tusk|Protosynthesis|[silent]\n|switch|p1a: Rillaboom|Rillaboom, M|100\/100\n|-damage|p1a: Rillaboom|88\/100|[from] Stealth Rock\n|-fieldstart|move: Grassy Terrain|[from] ability: Grassy Surge|[of] p1a: Rillaboom\n|move|p2a: Dragapult|Will-O-Wisp|p1a: Rillaboom\n|-status|p1a: Rillaboom|brn\n|\n|-heal|p1a: Rillaboom|94\/100 brn|[from] Grassy Terrain\n|-damage|p1a: Rillaboom|88\/100 brn|[from] brn\n|upkeep\n|turn|11\n|\n|t:|1699762665\n|switch|p2a: Gliscor|Gliscor, F|100\/100 tox\n|move|p1a: Rillaboom|U-turn|p2a: Gliscor\n|-resisted|p2a: Gliscor\n|-damage|p2a: Gliscor|95\/100 tox\n|\n|t:|1699762672\n|switch|p1a: Ninetales|Ninetales-Alola, M, shiny|100\/100 par|[from] U-turn\n|-damage|p1a: Ninetales|76\/100 par|[from] Stealth Rock\n|-weather|Snow|[from] ability: Snow Warning|[of] p1a: Ninetales\n|\n|-weather|Snow|[upkeep]\n|-heal|p1a: Ninetales|82\/100 par|[from] Grassy Terrain\n|-heal|p2a: Gliscor|100\/100 tox|[from] ability: Poison Heal\n|upkeep\n|turn|12\n|\n|t:|1699762681\n|move|p2a: Gliscor|Knock Off|p1a: Ninetales\n|-resisted|p1a: Ninetales\n|-damage|p1a: Ninetales|71\/100 par\n|-enditem|p1a: Ninetales|Light Clay|[from] move: Knock Off|[of] p2a: Gliscor\n|move|p1a: Ninetales|Aurora Veil|p1a: Ninetales\n|-sidestart|p1: fus_in_b00ts|move: Aurora Veil\n|\n|-weather|Snow|[upkeep]\n|-heal|p1a: Ninetales|77\/100 par|[from] Grassy Terrain\n|upkeep\n|turn|13\n|\n|t:|1699762688\n|move|p2a: Gliscor|U-turn|p1a: Ninetales\n|-resisted|p1a: Ninetales\n|-damage|p1a: Ninetales|73\/100 par\n|\n|t:|1699762695\n|switch|p2a: Clefable|Clefable, M|100\/100|[from] U-turn\n|cant|p1a: Ninetales|par\n|\n|-weather|Snow|[upkeep]\n|-heal|p1a: Ninetales|79\/100 par|[from] Grassy Terrain\n|upkeep\n|turn|14\n|\n|t:|1699762703\n|move|p1a: Ninetales|Encore||[still]\n|-fail|p1a: Ninetales\n|move|p2a: Clefable|Moonblast|p1a: Ninetales\n|-damage|p1a: Ninetales|61\/100 par\n|\n|-weather|Snow|[upkeep]\n|-heal|p1a: Ninetales|67\/100 par|[from] Grassy Terrain\n|upkeep\n|turn|15\n|\n|t:|1699762711\n|switch|p1a: Gholdengo|Gholdengo|100\/100\n|-damage|p1a: Gholdengo|94\/100|[from] Stealth Rock\n|move|p2a: Clefable|Moonblast|p1a: Gholdengo\n|-resisted|p1a: Gholdengo\n|-crit|p1a: Gholdengo\n|-damage|p1a: Gholdengo|67\/100\n|\n|-weather|none\n|-heal|p1a: Gholdengo|74\/100|[from] Grassy Terrain\n|upkeep\n|turn|16\n|\n|t:|1699762722\n|switch|p2a: Milotic|Milotic, M|100\/100\n|move|p1a: Gholdengo|Shadow Ball|p2a: Milotic\n|-damage|p2a: Milotic|77\/100\n|-unboost|p2a: Milotic|spd|1\n|\n|-heal|p1a: Gholdengo|80\/100|[from] Grassy Terrain\n|-heal|p2a: Milotic|83\/100|[from] Grassy Terrain\n|-sideend|p1: fus_in_b00ts|move: Aurora Veil\n|upkeep\n|turn|17\n|\n|t:|1699762729\n|move|p1a: Gholdengo|Shadow Ball|p2a: Milotic\n|-damage|p2a: Milotic|47\/100\n|move|p2a: Milotic|Haze|p2a: Milotic\n|-clearallboost\n|\n|-heal|p1a: Gholdengo|86\/100|[from] Grassy Terrain\n|-heal|p2a: Milotic|53\/100|[from] Grassy Terrain\n|-fieldend|move: Grassy Terrain\n|upkeep\n|turn|18\n|inactive|fus_in_b00ts has 120 seconds left.\n|\n|t:|1699762760\n|move|p1a: Gholdengo|Shadow Ball|p2a: Milotic\n|-damage|p2a: Milotic|27\/100\n|move|p2a: Milotic|Recover|p2a: Milotic\n|-heal|p2a: Milotic|78\/100\n|\n|upkeep\n|turn|19\n|\n|t:|1699762766\n|move|p1a: Gholdengo|Shadow Ball|p2a: Milotic\n|-damage|p2a: Milotic|54\/100\n|move|p2a: Milotic|Scald|p1a: Gholdengo\n|-damage|p1a: Gholdengo|54\/100\n|\n|upkeep\n|turn|20\n|inactive|fus_in_b00ts has 120 seconds left.\n|\n|t:|1699762784\n|switch|p1a: Rillaboom|Rillaboom, M|88\/100 brn\n|-damage|p1a: Rillaboom|76\/100 brn|[from] Stealth Rock\n|-fieldstart|move: Grassy Terrain|[from] ability: Grassy Surge|[of] p1a: Rillaboom\n|move|p2a: Milotic|Recover|p2a: Milotic\n|-heal|p2a: Milotic|100\/100\n|\n|-heal|p1a: Rillaboom|82\/100 brn|[from] Grassy Terrain\n|-damage|p1a: Rillaboom|76\/100 brn|[from] brn\n|upkeep\n|turn|21\n|inactive|ethanofnote has 120 seconds left.\n|\n|t:|1699762817\n|switch|p2a: Gliscor|Gliscor, F|100\/100 tox\n|move|p1a: Rillaboom|U-turn|p2a: Gliscor\n|-resisted|p2a: Gliscor\n|-damage|p2a: Gliscor|95\/100 tox\n|inactive|fus_in_b00ts has 120 seconds left.\n|\n|t:|1699762840\n|switch|p1a: Ninetales|Ninetales-Alola, M, shiny|67\/100 par|[from] U-turn\n|-damage|p1a: Ninetales|42\/100 par|[from] Stealth Rock\n|-weather|Snow|[from] ability: Snow Warning|[of] p1a: Ninetales\n|\n|-weather|Snow|[upkeep]\n|-heal|p1a: Ninetales|48\/100 par|[from] Grassy Terrain\n|-heal|p2a: Gliscor|100\/100 tox|[from] ability: Poison Heal\n|upkeep\n|turn|22\n|inactive|ethanofnote has 120 seconds left.\n|\n|t:|1699762855\n|move|p2a: Gliscor|U-turn|p1a: Ninetales\n|-resisted|p1a: Ninetales\n|-damage|p1a: Ninetales|40\/100 par\n|inactive|ethanofnote has 120 seconds left.\n|\n|t:|1699762862\n|switch|p2a: Clefable|Clefable, M|100\/100|[from] U-turn\n|cant|p1a: Ninetales|par\n|\n|-weather|Snow|[upkeep]\n|-heal|p1a: Ninetales|46\/100 par|[from] Grassy Terrain\n|upkeep\n|turn|23\n|\n|t:|1699762872\n|move|p1a: Ninetales|Aurora Veil|p1a: Ninetales\n|-sidestart|p1: fus_in_b00ts|move: Aurora Veil\n|move|p2a: Clefable|Moonblast|p1a: Ninetales\n|-crit|p1a: Ninetales\n|-damage|p1a: Ninetales|0 fnt\n|faint|p1a: Ninetales\n|\n|-weather|Snow|[upkeep]\n|upkeep\n|\n|t:|1699762884\n|switch|p1a: Kommo-o|Kommo-o, F, shiny|100\/100\n|-damage|p1a: Kommo-o|94\/100|[from] Stealth Rock\n|turn|24\n|\n|t:|1699762897\n|-terastallize|p1a: Kommo-o|Steel\n|move|p1a: Kommo-o|Substitute|p1a: Kommo-o\n|-start|p1a: Kommo-o|Substitute\n|-damage|p1a: Kommo-o|69\/100\n|move|p2a: Clefable|Thunder Wave||[still]\n|-fail|p2a: Clefable\n|\n|-weather|Snow|[upkeep]\n|-heal|p1a: Kommo-o|75\/100|[from] Grassy Terrain\n|-heal|p1a: Kommo-o|82\/100|[from] item: Leftovers\n|upkeep\n|turn|25\n|\n|t:|1699762905\n|switch|p2a: Milotic|Milotic, M|100\/100\n|move|p1a: Kommo-o|Clangorous Soul|p1a: Kommo-o\n|-boost|p1a: Kommo-o|atk|1\n|-boost|p1a: Kommo-o|def|1\n|-boost|p1a: Kommo-o|spa|1\n|-boost|p1a: Kommo-o|spd|1\n|-boost|p1a: Kommo-o|spe|1\n|-damage|p1a: Kommo-o|49\/100\n|\n|-weather|none\n|-heal|p1a: Kommo-o|55\/100|[from] Grassy Terrain\n|-heal|p1a: Kommo-o|61\/100|[from] item: Leftovers\n|upkeep\n|turn|26\n|\n|t:|1699762909\n|move|p1a: Kommo-o|Clangorous Soul|p1a: Kommo-o\n|-boost|p1a: Kommo-o|atk|1\n|-boost|p1a: Kommo-o|def|1\n|-boost|p1a: Kommo-o|spa|1\n|-boost|p1a: Kommo-o|spd|1\n|-boost|p1a: Kommo-o|spe|1\n|-damage|p1a: Kommo-o|28\/100\n|move|p2a: Milotic|Haze|p2a: Milotic\n|-clearallboost\n|\n|-heal|p1a: Kommo-o|34\/100|[from] Grassy Terrain\n|-heal|p1a: Kommo-o|40\/100|[from] item: Leftovers\n|upkeep\n|turn|27\n|\n|t:|1699762919\n|move|p1a: Kommo-o|Drain Punch|p2a: Milotic\n|-damage|p2a: Milotic|64\/100\n|-heal|p1a: Kommo-o|65\/100|[from] drain|[of] p2a: Milotic\n|move|p2a: Milotic|Scald|p1a: Kommo-o\n|-activate|p1a: Kommo-o|move: Substitute|[damage]\n|\n|-heal|p1a: Kommo-o|71\/100|[from] Grassy Terrain\n|-heal|p1a: Kommo-o|77\/100|[from] item: Leftovers\n|-heal|p2a: Milotic|70\/100|[from] Grassy Terrain\n|-sideend|p1: fus_in_b00ts|move: Aurora Veil\n|-fieldend|move: Grassy Terrain\n|upkeep\n|turn|28\n|\n|t:|1699762926\n|move|p1a: Kommo-o|Drain Punch|p2a: Milotic\n|-damage|p2a: Milotic|31\/100\n|-heal|p1a: Kommo-o|100\/100|[from] drain|[of] p2a: Milotic\n|move|p2a: Milotic|Recover|p2a: Milotic\n|-heal|p2a: Milotic|81\/100\n|\n|upkeep\n|turn|29\n|\n|t:|1699762933\n|move|p1a: Kommo-o|Clangorous Soul|p1a: Kommo-o\n|-boost|p1a: Kommo-o|atk|1\n|-boost|p1a: Kommo-o|def|1\n|-boost|p1a: Kommo-o|spa|1\n|-boost|p1a: Kommo-o|spd|1\n|-boost|p1a: Kommo-o|spe|1\n|-damage|p1a: Kommo-o|68\/100\n|move|p2a: Milotic|Scald|p1a: Kommo-o\n|-end|p1a: Kommo-o|Substitute\n|\n|-heal|p1a: Kommo-o|74\/100|[from] item: Leftovers\n|upkeep\n|turn|30\n|\n|t:|1699762937\n|move|p1a: Kommo-o|Drain Punch|p2a: Milotic\n|-damage|p2a: Milotic|20\/100\n|-heal|p1a: Kommo-o|100\/100|[from] drain|[of] p2a: Milotic\n|move|p2a: Milotic|Haze|p2a: Milotic\n|-clearallboost\n|\n|upkeep\n|turn|31\n|\n|t:|1699762944\n|move|p1a: Kommo-o|Drain Punch|p2a: Milotic\n|-damage|p2a: Milotic|0 fnt\n|faint|p2a: Milotic\n|\n|upkeep\n|\n|t:|1699762970\n|switch|p2a: Dragapult|Dragapult, M|100\/100\n|turn|32\n|\n|t:|1699762978\n|switch|p1a: Rillaboom|Rillaboom, M|76\/100 brn\n|-damage|p1a: Rillaboom|63\/100 brn|[from] Stealth Rock\n|-fieldstart|move: Grassy Terrain|[from] ability: Grassy Surge|[of] p1a: Rillaboom\n|move|p2a: Dragapult|Will-O-Wisp|p1a: Rillaboom\n|-fail|p1a: Rillaboom|brn\n|\n|-heal|p1a: Rillaboom|70\/100 brn|[from] Grassy Terrain\n|-damage|p1a: Rillaboom|63\/100 brn|[from] brn\n|upkeep\n|turn|33\n|\n|t:|1699762989\n|switch|p2a: Gliscor|Gliscor, F|100\/100 tox\n|move|p1a: Rillaboom|Knock Off|p2a: Gliscor\n|-damage|p2a: Gliscor|86\/100 tox\n|-enditem|p2a: Gliscor|Toxic Orb|[from] move: Knock Off|[of] p1a: Rillaboom\n|\n|-heal|p1a: Rillaboom|70\/100 brn|[from] Grassy Terrain\n|-heal|p2a: Gliscor|98\/100 tox|[from] ability: Poison Heal\n|-damage|p1a: Rillaboom|63\/100 brn|[from] brn\n|upkeep\n|turn|34\n|\n|t:|1699762995\n|move|p2a: Gliscor|U-turn|p1a: Rillaboom\n|-supereffective|p1a: Rillaboom\n|-damage|p1a: Rillaboom|35\/100 brn\n|\n|t:|1699763008\n|switch|p2a: Clefable|Clefable, M|100\/100|[from] U-turn\n|move|p1a: Rillaboom|U-turn|p2a: Clefable\n|-resisted|p2a: Clefable\n|-damage|p2a: Clefable|95\/100\n|c|\u2606fus_in_b00ts|Coward\n|c|\u2606fus_in_b00ts|Daddy\n|\n|t:|1699763031\n|switch|p1a: Gholdengo|Gholdengo|54\/100|[from] U-turn\n|-damage|p1a: Gholdengo|48\/100|[from] Stealth Rock\n|\n|-heal|p1a: Gholdengo|54\/100|[from] Grassy Terrain\n|-heal|p2a: Clefable|100\/100|[from] Grassy Terrain\n|upkeep\n|turn|35\n|\n|t:|1699763040\n|switch|p2a: Gliscor|Gliscor, F|98\/100 tox\n|move|p1a: Gholdengo|Make It Rain|p2a: Gliscor\n|-damage|p2a: Gliscor|41\/100 tox\n|-unboost|p1a: Gholdengo|spa|1\n|\n|-heal|p1a: Gholdengo|60\/100|[from] Grassy Terrain\n|-heal|p2a: Gliscor|54\/100 tox|[from] ability: Poison Heal\n|upkeep\n|turn|36\n|inactive|fus_in_b00ts has 120 seconds left.\n|\n|t:|1699763073\n|switch|p1a: Great Tusk|Great Tusk|57\/100 tox\n|-damage|p1a: Great Tusk|54\/100 tox|[from] Stealth Rock\n|switch|p2a: Dragapult|Dragapult, M|100\/100\n|\n|-heal|p1a: Great Tusk|60\/100 tox|[from] Grassy Terrain\n|-damage|p1a: Great Tusk|54\/100 tox|[from] psn\n|upkeep\n|turn|37\n|inactive|fus_in_b00ts has 120 seconds left.\n|\n|t:|1699763083\n|move|p2a: Dragapult|Draco Meteor|p1a: Great Tusk\n|-damage|p1a: Great Tusk|0 fnt\n|-unboost|p2a: Dragapult|spa|2\n|faint|p1a: Great Tusk\n|-end|p1a: Great Tusk|Protosynthesis|[silent]\n|\n|upkeep\n|inactive|fus_in_b00ts has 120 seconds left.\n|\n|t:|1699763099\n|switch|p1a: Gholdengo|Gholdengo|60\/100\n|-damage|p1a: Gholdengo|54\/100|[from] Stealth Rock\n|turn|38\n|inactive|ethanofnote has 120 seconds left.\n|\n|t:|1699763134\n|switch|p2a: Gliscor|Gliscor, F|54\/100 tox\n|move|p1a: Gholdengo|Trick|p2a: Gliscor\n|-activate|p1a: Gholdengo|move: Trick|[of] p2a: Gliscor\n|-item|p2a: Gliscor|Choice Scarf|[from] move: Trick\n|-enditem|p1a: Gholdengo|Choice Scarf|[silent]|[from] move: Trick\n|\n|-heal|p1a: Gholdengo|60\/100|[from] Grassy Terrain\n|-heal|p2a: Gliscor|66\/100 tox|[from] ability: Poison Heal\n|upkeep\n|turn|39\n|inactive|fus_in_b00ts has 120 seconds left.\n|inactive|ethanofnote has 120 seconds left.\n|\n|t:|1699763155\n|move|p2a: Gliscor|Knock Off|p1a: Gholdengo\n|-supereffective|p1a: Gholdengo\n|-damage|p1a: Gholdengo|26\/100\n|move|p1a: Gholdengo|Make It Rain|p2a: Gliscor\n|-damage|p2a: Gliscor|13\/100 tox\n|-unboost|p1a: Gholdengo|spa|1\n|\n|-heal|p1a: Gholdengo|32\/100|[from] Grassy Terrain\n|-heal|p2a: Gliscor|25\/100 tox|[from] ability: Poison Heal\n|-fieldend|move: Grassy Terrain\n|upkeep\n|turn|40\n|\n|t:|1699763172\n|switch|p1a: Rillaboom|Rillaboom, M|35\/100 brn\n|-damage|p1a: Rillaboom|23\/100 brn|[from] Stealth Rock\n|-fieldstart|move: Grassy Terrain|[from] ability: Grassy Surge|[of] p1a: Rillaboom\n|move|p2a: Gliscor|Knock Off|p1a: Rillaboom\n|-damage|p1a: Rillaboom|3\/100 brn\n|-enditem|p1a: Rillaboom|Terrain Extender|[from] move: Knock Off|[of] p2a: Gliscor\n|\n|-heal|p1a: Rillaboom|9\/100 brn|[from] Grassy Terrain\n|-heal|p2a: Gliscor|38\/100 tox|[from] ability: Poison Heal\n|-damage|p1a: Rillaboom|3\/100 brn|[from] brn\n|upkeep\n|turn|41\n|\n|t:|1699763186\n|move|p2a: Gliscor|Knock Off|p1a: Rillaboom\n|-damage|p1a: Rillaboom|0 fnt\n|faint|p1a: Rillaboom\n|\n|-heal|p2a: Gliscor|50\/100 tox|[from] ability: Poison Heal\n|upkeep\n|\n|t:|1699763193\n|switch|p1a: Kommo-o|Kommo-o, F, shiny, tera:Steel|100\/100\n|-damage|p1a: Kommo-o|94\/100|[from] Stealth Rock\n|turn|42\n|\n|t:|1699763217\n|move|p2a: Gliscor|Knock Off|p1a: Kommo-o\n|-damage|p1a: Kommo-o|78\/100\n|-enditem|p1a: Kommo-o|Leftovers|[from] move: Knock Off|[of] p2a: Gliscor\n|move|p1a: Kommo-o|Clangorous Soul|p1a: Kommo-o\n|-boost|p1a: Kommo-o|atk|1\n|-boost|p1a: Kommo-o|def|1\n|-boost|p1a: Kommo-o|spa|1\n|-boost|p1a: Kommo-o|spd|1\n|-boost|p1a: Kommo-o|spe|1\n|-damage|p1a: Kommo-o|45\/100\n|\n|-heal|p1a: Kommo-o|51\/100|[from] Grassy Terrain\n|-heal|p2a: Gliscor|63\/100 tox|[from] ability: Poison Heal\n|upkeep\n|turn|43\n|c|\u2606fus_in_b00ts|I sex on Ur mom\n|c|\u2606fus_in_b00ts|Big pink dress dragon\n|inactive|fus_in_b00ts has 90 seconds left.\n|\n|t:|1699763261\n|switch|p2a: Clefable|Clefable, M|100\/100\n|move|p1a: Kommo-o|Clangorous Soul|p1a: Kommo-o\n|-boost|p1a: Kommo-o|atk|1\n|-boost|p1a: Kommo-o|def|1\n|-boost|p1a: Kommo-o|spa|1\n|-boost|p1a: Kommo-o|spd|1\n|-boost|p1a: Kommo-o|spe|1\n|-damage|p1a: Kommo-o|18\/100\n|\n|-heal|p1a: Kommo-o|24\/100|[from] Grassy Terrain\n|upkeep\n|turn|44\n|\n|t:|1699763275\n|move|p1a: Kommo-o|Iron Head|p2a: Clefable\n|-supereffective|p2a: Clefable\n|-damage|p2a: Clefable|0 fnt\n|faint|p2a: Clefable\n|\n|-heal|p1a: Kommo-o|31\/100|[from] Grassy Terrain\n|upkeep\n|\n|t:|1699763280\n|switch|p2a: Gliscor|Gliscor, F|63\/100 tox\n|turn|45\n|\n|t:|1699763288\n|move|p1a: Kommo-o|Drain Punch|p2a: Gliscor\n|-resisted|p2a: Gliscor\n|-damage|p2a: Gliscor|34\/100 tox\n|-heal|p1a: Kommo-o|48\/100|[from] drain|[of] p2a: Gliscor\n|move|p2a: Gliscor|Knock Off|p1a: Kommo-o\n|-damage|p1a: Kommo-o|41\/100\n|\n|-heal|p1a: Kommo-o|47\/100|[from] Grassy Terrain\n|-heal|p2a: Gliscor|46\/100 tox|[from] ability: Poison Heal\n|upkeep\n|turn|46\n|\n|t:|1699763298\n|switch|p2a: Dragapult|Dragapult, M|100\/100\n|move|p1a: Kommo-o|Drain Punch|p2a: Dragapult\n|-immune|p2a: Dragapult\n|\n|-heal|p1a: Kommo-o|54\/100|[from] Grassy Terrain\n|upkeep\n|turn|47\n|\n|t:|1699763311\n|move|p1a: Kommo-o|Iron Head|p2a: Dragapult\n|-damage|p2a: Dragapult|0 fnt\n|faint|p2a: Dragapult\n|\n|-heal|p1a: Kommo-o|60\/100|[from] Grassy Terrain\n|-fieldend|move: Grassy Terrain\n|upkeep\n|\n|t:|1699763313\n|switch|p2a: Gliscor|Gliscor, F|46\/100 tox\n|turn|48\n|\n|t:|1699763320\n|move|p1a: Kommo-o|Substitute|p1a: Kommo-o\n|-start|p1a: Kommo-o|Substitute\n|-damage|p1a: Kommo-o|35\/100\n|move|p2a: Gliscor|Knock Off|p1a: Kommo-o\n|-activate|p1a: Kommo-o|move: Substitute|[damage]\n|\n|-heal|p2a: Gliscor|59\/100 tox|[from] ability: Poison Heal\n|upkeep\n|turn|49\n|inactive|fus_in_b00ts has 120 seconds left.\n|c|\u2606fus_in_b00ts|That's right b\n|inactive|ethanofnote has 120 seconds left.\n|c|\u2606fus_in_b00ts|I'm Ur daddy now\n|inactive|ethanofnote has 90 seconds left.\n|c|\u2606fus_in_b00ts|U hiding in the closet\n|\n|t:|1699763408\n|move|p1a: Kommo-o|Drain Punch|p2a: Gliscor\n|-resisted|p2a: Gliscor\n|-damage|p2a: Gliscor|29\/100 tox\n|-heal|p1a: Kommo-o|52\/100|[from] drain|[of] p2a: Gliscor\n|move|p2a: Gliscor|Knock Off|p1a: Kommo-o\n|-activate|p1a: Kommo-o|move: Substitute|[damage]\n|\n|-heal|p2a: Gliscor|42\/100 tox|[from] ability: Poison Heal\n|upkeep\n|turn|50\n|inactive|fus_in_b00ts has 120 seconds left.\n|\n|t:|1699763419\n|move|p1a: Kommo-o|Drain Punch|p2a: Gliscor\n|-resisted|p2a: Gliscor\n|-damage|p2a: Gliscor|14\/100 tox\n|-heal|p1a: Kommo-o|69\/100|[from] drain|[of] p2a: Gliscor\n|move|p2a: Gliscor|Knock Off|p1a: Kommo-o\n|-activate|p1a: Kommo-o|move: Substitute|[damage]\n|\n|-heal|p2a: Gliscor|26\/100 tox|[from] ability: Poison Heal\n|upkeep\n|turn|51\n|-message|ethanofnote forfeited.\n|\n|win|fus_in_b00ts\n|raw|fus_in_b00ts's rating: 1341 &rarr; <strong>1363<\/strong><br \/>(+22 for winning)\n|raw|ethanofnote's rating: 1383 &rarr; <strong>1361<\/strong><br \/>(-22 for losing)\n","uploadtime":1699763229,"views":9,"p1id":"fusinb00ts","p2id":"ethanofnote","formatid":"gen9ou","rating":1361,"private":0,"password":""}