{"id":"gen9ou-1990150047","p1":"FERGTGRG EG","p2":"Dripsona","format":"[Gen 9] OU","log":"|j|\u2606FERGTGRG EG\n|j|\u2606Dripsona\n|t:|1699930040\n|gametype|singles\n|player|p1|FERGTGRG EG|266|1467\n|player|p2|Dripsona|cowgirl|1552\n|teamsize|p1|6\n|teamsize|p2|6\n|gen|9\n|tier|[Gen 9] OU\n|rated|\n|rule|Sleep Clause Mod: Limit one foe put to sleep\n|rule|Species Clause: Limit one of each Pok\u00e9mon\n|rule|OHKO Clause: OHKO moves are banned\n|rule|Evasion Items Clause: Evasion items are banned\n|rule|Evasion Moves Clause: Evasion moves are banned\n|rule|Endless Battle Clause: Forcing endless battles is banned\n|rule|HP Percentage Mod: HP is shown in percentages\n|clearpoke\n|poke|p1|Cinderace, M|\n|poke|p1|Kingambit, M|\n|poke|p1|Great Tusk|\n|poke|p1|Zapdos|\n|poke|p1|Ogerpon-Wellspring, F|\n|poke|p1|Slowking-Galar, F|\n|poke|p2|Lilligant-Hisui, F|\n|poke|p2|Torkoal, M|\n|poke|p2|Brute Bonnet|\n|poke|p2|Great Tusk|\n|poke|p2|Walking Wake|\n|poke|p2|Iron Moth|\n|teampreview\n|inactive|Battle timer is ON: inactive players will automatically lose when time's up. (requested by FERGTGRG EG)\n|\n|t:|1699930053\n|start\n|switch|p1a: Great Tusk|Great Tusk|100\/100\n|switch|p2a: WHRRRRRR|Great Tusk|100\/100\n|turn|1\n|\n|t:|1699930066\n|move|p2a: WHRRRRRR|Ice Spinner|p1a: Great Tusk\n|-supereffective|p1a: Great Tusk\n|-damage|p1a: Great Tusk|75\/100\n|move|p1a: Great Tusk|Stealth Rock|p2a: WHRRRRRR\n|-sidestart|p2: Dripsona|move: Stealth Rock\n|\n|-heal|p1a: Great Tusk|81\/100|[from] item: Leftovers\n|upkeep\n|turn|2\n|\n|t:|1699930075\n|-end|p2a: WHRRRRRR|Protosynthesis|[silent]\n|switch|p2a: Drop it|Walking Wake|100\/100\n|-damage|p2a: Drop it|88\/100|[from] Stealth Rock\n|-end|p1a: Great Tusk|Protosynthesis|[silent]\n|switch|p1a: Zapdos|Zapdos|100\/100\n|\n|upkeep\n|turn|3\n|\n|t:|1699930078\n|move|p2a: Drop it|Draco Meteor|p1a: Zapdos\n|-damage|p1a: Zapdos|35\/100\n|-unboost|p2a: Drop it|spa|2\n|move|p1a: Zapdos|Thunder Wave|p2a: Drop it\n|-status|p2a: Drop it|par\n|\n|upkeep\n|turn|4\n|\n|t:|1699930088\n|-end|p2a: Drop it|Protosynthesis|[silent]\n|switch|p2a: WHRRRRRR|Great Tusk|100\/100\n|-damage|p2a: WHRRRRRR|97\/100|[from] Stealth Rock\n|move|p1a: Zapdos|Roost|p1a: Zapdos\n|-heal|p1a: Zapdos|85\/100\n|-singleturn|p1a: Zapdos|move: Roost\n|\n|upkeep\n|turn|5\n|\n|t:|1699930095\n|-end|p2a: WHRRRRRR|Protosynthesis|[silent]\n|switch|p2a: MMMMMM|Torkoal, M, shiny|100\/100\n|-damage|p2a: MMMMMM|76\/100|[from] Stealth Rock\n|-weather|SunnyDay|[from] ability: Drought|[of] p2a: MMMMMM\n|move|p1a: Zapdos|Hurricane|p2a: MMMMMM|[miss]\n|-miss|p1a: Zapdos|p2a: MMMMMM\n|\n|-weather|SunnyDay|[upkeep]\n|upkeep\n|turn|6\n|\n|t:|1699930113\n|switch|p2a: Drop it|Walking Wake|88\/100 par\n|-damage|p2a: Drop it|76\/100 par|[from] Stealth Rock\n|-activate|p2a: Drop it|ability: Protosynthesis\n|-start|p2a: Drop it|protosynthesisspa\n|move|p1a: Zapdos|Volt Switch|p2a: Drop it\n|-damage|p2a: Drop it|44\/100 par\n|inactive|FERGTGRG EG has 120 seconds left.\n|\n|t:|1699930145\n|switch|p1a: Great Tusk|Great Tusk|81\/100|[from] Volt Switch\n|-activate|p1a: Great Tusk|ability: Protosynthesis\n|-start|p1a: Great Tusk|protosynthesisdef\n|\n|-weather|SunnyDay|[upkeep]\n|-heal|p1a: Great Tusk|88\/100|[from] item: Leftovers\n|upkeep\n|turn|7\n|inactive|Dripsona has 120 seconds left.\n|\n|t:|1699930176\n|move|p1a: Great Tusk|Earthquake|p2a: Drop it\n|-damage|p2a: Drop it|0 fnt\n|faint|p2a: Drop it\n|-end|p2a: Drop it|Protosynthesis|[silent]\n|\n|-weather|SunnyDay|[upkeep]\n|-heal|p1a: Great Tusk|94\/100|[from] item: Leftovers\n|upkeep\n|\n|t:|1699930179\n|switch|p2a: Volc At Home|Lilligant-Hisui, F, shiny|100\/100\n|-damage|p2a: Volc At Home|94\/100|[from] Stealth Rock\n|turn|8\n|inactive|FERGTGRG EG has 120 seconds left.\n|\n|t:|1699930200\n|-end|p1a: Great Tusk|Protosynthesis|[silent]\n|switch|p1a: Zapdos|Zapdos|85\/100\n|move|p2a: Volc At Home|Victory Dance|p2a: Volc At Home\n|-boost|p2a: Volc At Home|atk|1\n|-boost|p2a: Volc At Home|def|1\n|-boost|p2a: Volc At Home|spe|1\n|\n|-weather|SunnyDay|[upkeep]\n|-heal|p2a: Volc At Home|100\/100|[from] item: Leftovers\n|upkeep\n|turn|9\n|\n|t:|1699930203\n|move|p2a: Volc At Home|Victory Dance|p2a: Volc At Home\n|-boost|p2a: Volc At Home|atk|1\n|-boost|p2a: Volc At Home|def|1\n|-boost|p2a: Volc At Home|spe|1\n|move|p1a: Zapdos|Hurricane|p2a: Volc At Home\n|-supereffective|p2a: Volc At Home\n|-damage|p2a: Volc At Home|0 fnt\n|faint|p2a: Volc At Home\n|\n|-weather|SunnyDay|[upkeep]\n|upkeep\n|\n|t:|1699930210\n|switch|p2a: Volc at Home?|Iron Moth|100\/100\n|-damage|p2a: Volc at Home?|76\/100|[from] Stealth Rock\n|-enditem|p2a: Volc at Home?|Booster Energy\n|-activate|p2a: Volc at Home?|ability: Quark Drive|[fromitem]\n|-start|p2a: Volc at Home?|quarkdrivespe\n|turn|10\n|\n|t:|1699930220\n|move|p2a: Volc at Home?|Substitute|p2a: Volc at Home?\n|-start|p2a: Volc at Home?|Substitute\n|-damage|p2a: Volc at Home?|51\/100\n|move|p1a: Zapdos|Thunder Wave||[still]\n|-fail|p1a: Zapdos\n|\n|-weather|SunnyDay|[upkeep]\n|upkeep\n|turn|11\n|\n|t:|1699930224\n|move|p2a: Volc at Home?|Fiery Dance|p1a: Zapdos\n|-damage|p1a: Zapdos|44\/100\n|move|p1a: Zapdos|Volt Switch|p2a: Volc at Home?\n|-end|p2a: Volc at Home?|Substitute\n|\n|t:|1699930227\n|switch|p1a: Slowking|Slowking-Galar, F|100\/100|[from] Volt Switch\n|\n|-weather|SunnyDay|[upkeep]\n|upkeep\n|turn|12\n|\n|t:|1699930233\n|move|p2a: Volc at Home?|Substitute|p2a: Volc at Home?\n|-start|p2a: Volc at Home?|Substitute\n|-damage|p2a: Volc at Home?|26\/100\n|move|p1a: Slowking|Psyshock|p2a: Volc at Home?\n|-supereffective|p2a: Volc at Home?\n|-end|p2a: Volc at Home?|Substitute\n|\n|-weather|none\n|upkeep\n|turn|13\n|\n|t:|1699930240\n|-terastallize|p2a: Volc at Home?|Ground\n|move|p2a: Volc at Home?|Tera Blast|p1a: Slowking|[anim] Tera Blast Ground\n|-supereffective|p1a: Slowking\n|-damage|p1a: Slowking|53\/100\n|move|p1a: Slowking|Psyshock|p2a: Volc at Home?\n|-damage|p2a: Volc at Home?|0 fnt\n|faint|p2a: Volc at Home?\n|-end|p2a: Volc at Home?|Quark Drive|[silent]\n|\n|upkeep\n|c|\u2606Dripsona|gg\n|-message|Dripsona forfeited.\n|\n|win|FERGTGRG EG\n|raw|FERGTGRG EG's rating: 1467 &rarr; <strong>1492<\/strong><br \/>(+25 for winning)\n|raw|Dripsona's rating: 1552 &rarr; <strong>1527<\/strong><br \/>(-25 for losing)\n","uploadtime":1699930253,"views":10,"p1id":"fergtgrgeg","p2id":"dripsona","formatid":"gen9ou","rating":1492,"private":0,"password":""}