{"id":"gen9ou-1989964840","p1":"graydoggg","p2":"CthunsChosen","format":"[Gen 9] OU","log":"|j|\u2606graydoggg\n|j|\u2606CthunsChosen\n|t:|1699910777\n|gametype|singles\n|player|p1|graydoggg|2|1100\n|player|p2|CthunsChosen|lusamine-nihilego|1058\n|teamsize|p1|6\n|teamsize|p2|6\n|gen|9\n|tier|[Gen 9] OU\n|rated|\n|rule|Sleep Clause Mod: Limit one foe put to sleep\n|rule|Species Clause: Limit one of each Pok\u00e9mon\n|rule|OHKO Clause: OHKO moves are banned\n|rule|Evasion Items Clause: Evasion items are banned\n|rule|Evasion Moves Clause: Evasion moves are banned\n|rule|Endless Battle Clause: Forcing endless battles is banned\n|rule|HP Percentage Mod: HP is shown in percentages\n|clearpoke\n|poke|p1|Dragapult, F|\n|poke|p1|Ting-Lu|\n|poke|p1|Great Tusk|\n|poke|p1|Gholdengo|\n|poke|p1|Scizor, M|\n|poke|p1|Heatran, F|\n|poke|p2|Clefable, F|\n|poke|p2|Alomomola, M|\n|poke|p2|Blissey, F|\n|poke|p2|Clodsire, F|\n|poke|p2|Dondozo, M|\n|poke|p2|Amoonguss, F|\n|teampreview\n|inactive|Battle timer is ON: inactive players will automatically lose when time's up. (requested by CthunsChosen)\n|\n|t:|1699910788\n|start\n|switch|p1a: Ting-Lu|Ting-Lu|100\/100\n|switch|p2a: Amoonguss|Amoonguss, F|100\/100\n|-ability|p1a: Ting-Lu|Vessel of Ruin\n|turn|1\n|\n|t:|1699910802\n|move|p1a: Ting-Lu|Ruination|p2a: Amoonguss\n|-damage|p2a: Amoonguss|51\/100\n|move|p2a: Amoonguss|Spore|p1a: Ting-Lu\n|-status|p1a: Ting-Lu|slp|[from] move: Spore\n|\n|upkeep\n|turn|2\n|\n|t:|1699910811\n|switch|p1a: Gholdengo|Gholdengo|100\/100\n|move|p2a: Amoonguss|Giga Drain|p1a: Gholdengo\n|-resisted|p1a: Gholdengo\n|-crit|p1a: Gholdengo\n|-damage|p1a: Gholdengo|80\/100\n|-heal|p2a: Amoonguss|58\/100|[from] drain|[of] p1a: Gholdengo\n|\n|upkeep\n|turn|3\n|c|\u2606graydoggg|gg ur done\n|\n|t:|1699910840\n|switch|p2a: Clefable|Clefable, F|100\/100\n|move|p1a: Gholdengo|Shadow Ball|p2a: Clefable\n|-damage|p2a: Clefable|63\/100\n|\n|-heal|p2a: Clefable|69\/100|[from] item: Leftovers\n|upkeep\n|turn|4\n|\n|t:|1699910855\n|switch|p2a: Clodsire|Clodsire, F|100\/100\n|move|p1a: Gholdengo|Shadow Ball|p2a: Clodsire\n|-damage|p2a: Clodsire|78\/100\n|-unboost|p2a: Clodsire|spd|1\n|\n|upkeep\n|turn|5\n|\n|t:|1699910869\n|switch|p1a: Scizor|Scizor, M, shiny|100\/100\n|-terastallize|p2a: Clodsire|Steel\n|move|p2a: Clodsire|Spikes|p1a: Scizor\n|-sidestart|p1: graydoggg|Spikes\n|\n|upkeep\n|turn|6\n|\n|t:|1699910878\n|switch|p2a: Clefable|Clefable, F|69\/100\n|move|p1a: Scizor|U-turn|p2a: Clefable\n|-resisted|p2a: Clefable\n|-damage|p2a: Clefable|48\/100\n|\n|t:|1699910885\n|switch|p1a: Heatran|Heatran, F, shiny|100\/100|[from] U-turn\n|-damage|p1a: Heatran|88\/100|[from] Spikes\n|\n|-heal|p2a: Clefable|54\/100|[from] item: Leftovers\n|upkeep\n|turn|7\n|\n|t:|1699910895\n|move|p1a: Heatran|Flamethrower|p2a: Clefable\n|-damage|p2a: Clefable|5\/100\n|move|p2a: Clefable|Wish|p2a: Clefable\n|\n|-heal|p2a: Clefable|11\/100|[from] item: Leftovers\n|upkeep\n|turn|8\n|\n|t:|1699910903\n|move|p2a: Clefable|Protect|p2a: Clefable\n|-singleturn|p2a: Clefable|Protect\n|move|p1a: Heatran|Flamethrower|p2a: Clefable\n|-activate|p2a: Clefable|move: Protect\n|\n|-heal|p2a: Clefable|61\/100|[from] move: Wish|[wisher] Clefable\n|-heal|p2a: Clefable|67\/100|[from] item: Leftovers\n|upkeep\n|turn|9\n|\n|t:|1699910913\n|switch|p2a: Alomomola|Alomomola, M|100\/100\n|move|p1a: Heatran|Flamethrower|p2a: Alomomola\n|-resisted|p2a: Alomomola\n|-damage|p2a: Alomomola|68\/100\n|\n|upkeep\n|turn|10\n|\n|t:|1699910928\n|switch|p1a: Ting-Lu|Ting-Lu|100\/100 slp\n|-damage|p1a: Ting-Lu|88\/100 slp|[from] Spikes\n|-ability|p1a: Ting-Lu|Vessel of Ruin\n|move|p2a: Alomomola|Wish|p2a: Alomomola\n|\n|-heal|p1a: Ting-Lu|94\/100 slp|[from] item: Leftovers\n|upkeep\n|turn|11\n|c|\u2606graydoggg|gg ur done\n|inactive|CthunsChosen has 120 seconds left.\n|\n|t:|1699910967\n|cant|p1a: Ting-Lu|slp\n|move|p2a: Alomomola|Flip Turn|p1a: Ting-Lu\n|-supereffective|p1a: Ting-Lu\n|-damage|p1a: Ting-Lu|77\/100 slp\n|\n|t:|1699910975\n|switch|p2a: Dondozo|Dondozo, M|100\/100|[from] Flip Turn\n|\n|-heal|p1a: Ting-Lu|83\/100 slp|[from] item: Leftovers\n|upkeep\n|turn|12\n|inactive|CthunsChosen has 120 seconds left.\n|\n|t:|1699910989\n|move|p2a: Dondozo|Body Press|p1a: Ting-Lu\n|-supereffective|p1a: Ting-Lu\n|-damage|p1a: Ting-Lu|53\/100 slp\n|cant|p1a: Ting-Lu|slp\n|\n|-heal|p1a: Ting-Lu|60\/100 slp|[from] item: Leftovers\n|upkeep\n|turn|13\n|inactive|CthunsChosen has 120 seconds left.\n|\n|t:|1699910996\n|switch|p1a: Gholdengo|Gholdengo|80\/100\n|-damage|p1a: Gholdengo|68\/100|[from] Spikes\n|move|p2a: Dondozo|Body Press|p1a: Gholdengo\n|-immune|p1a: Gholdengo\n|\n|upkeep\n|turn|14\n|\n|t:|1699911008\n|switch|p2a: Clodsire|Clodsire, F, tera:Steel|78\/100\n|move|p1a: Gholdengo|Recover|p1a: Gholdengo\n|-heal|p1a: Gholdengo|100\/100\n|\n|upkeep\n|turn|15\n|\n|t:|1699911021\n|switch|p1a: Great Tusk|Great Tusk, shiny|100\/100\n|-damage|p1a: Great Tusk|88\/100|[from] Spikes\n|move|p2a: Clodsire|Amnesia|p2a: Clodsire\n|-boost|p2a: Clodsire|spd|2\n|\n|upkeep\n|turn|16\n|\n|t:|1699911031\n|switch|p2a: Dondozo|Dondozo, M|100\/100\n|move|p1a: Great Tusk|Earthquake|p2a: Dondozo\n|-damage|p2a: Dondozo|73\/100\n|\n|upkeep\n|turn|17\n|\n|t:|1699911039\n|-end|p1a: Great Tusk|Protosynthesis|[silent]\n|switch|p1a: Dragapult|Dragapult, F, shiny|100\/100\n|-damage|p1a: Dragapult|88\/100|[from] Spikes\n|move|p2a: Dondozo|Waterfall|p1a: Dragapult\n|-resisted|p1a: Dragapult\n|-damage|p1a: Dragapult|68\/100\n|\n|upkeep\n|turn|18\n|\n|t:|1699911047\n|switch|p2a: Clodsire|Clodsire, F, tera:Steel|78\/100\n|move|p1a: Dragapult|Draco Meteor|p2a: Clodsire\n|-resisted|p2a: Clodsire\n|-damage|p2a: Clodsire|56\/100\n|-unboost|p1a: Dragapult|spa|2\n|\n|upkeep\n|turn|19\n|\n|t:|1699911055\n|switch|p1a: Gholdengo|Gholdengo|100\/100\n|-damage|p1a: Gholdengo|88\/100|[from] Spikes\n|move|p2a: Clodsire|Amnesia|p2a: Clodsire\n|-boost|p2a: Clodsire|spd|2\n|\n|upkeep\n|turn|20\n|\n|t:|1699911063\n|switch|p1a: Great Tusk|Great Tusk, shiny|88\/100\n|-damage|p1a: Great Tusk|76\/100|[from] Spikes\n|move|p2a: Clodsire|Recover|p2a: Clodsire\n|-heal|p2a: Clodsire|100\/100\n|\n|upkeep\n|turn|21\n|\n|t:|1699911079\n|switch|p2a: Dondozo|Dondozo, M|73\/100\n|move|p1a: Great Tusk|Earthquake|p2a: Dondozo\n|-crit|p2a: Dondozo\n|-damage|p2a: Dondozo|35\/100\n|\n|upkeep\n|turn|22\n|\n|t:|1699911086\n|move|p1a: Great Tusk|Earthquake|p2a: Dondozo\n|-damage|p2a: Dondozo|11\/100\n|move|p2a: Dondozo|Rest|p2a: Dondozo\n|-status|p2a: Dondozo|slp|[from] move: Rest\n|-heal|p2a: Dondozo|100\/100 slp|[silent]\n|\n|upkeep\n|turn|23\n|\n|t:|1699911099\n|move|p1a: Great Tusk|Earthquake|p2a: Dondozo\n|-crit|p2a: Dondozo\n|-damage|p2a: Dondozo|59\/100 slp\n|cant|p2a: Dondozo|slp\n|move|p2a: Dondozo|Sleep Talk|p2a: Dondozo\n|move|p2a: Dondozo|Waterfall|p1a: Great Tusk|[from]move: Sleep Talk\n|-supereffective|p1a: Great Tusk\n|-damage|p1a: Great Tusk|45\/100\n|\n|upkeep\n|turn|24\n|\n|t:|1699911108\n|move|p1a: Great Tusk|Earthquake|p2a: Dondozo\n|-damage|p2a: Dondozo|36\/100 slp\n|cant|p2a: Dondozo|slp\n|move|p2a: Dondozo|Sleep Talk|p2a: Dondozo\n|move|p2a: Dondozo|Body Press|p1a: Great Tusk|[from]move: Sleep Talk\n|-damage|p1a: Great Tusk|28\/100\n|\n|upkeep\n|turn|25\n|\n|t:|1699911115\n|move|p1a: Great Tusk|Earthquake|p2a: Dondozo\n|-damage|p2a: Dondozo|10\/100 slp\n|-curestatus|p2a: Dondozo|slp|[msg]\n|move|p2a: Dondozo|Rest|p2a: Dondozo\n|-status|p2a: Dondozo|slp|[from] move: Rest\n|-heal|p2a: Dondozo|100\/100 slp|[silent]\n|\n|upkeep\n|turn|26\n|\n|t:|1699911125\n|move|p1a: Great Tusk|Earthquake|p2a: Dondozo\n|-damage|p2a: Dondozo|76\/100 slp\n|cant|p2a: Dondozo|slp\n|move|p2a: Dondozo|Sleep Talk|p2a: Dondozo\n|move|p2a: Dondozo|Body Press|p1a: Great Tusk|[from]move: Sleep Talk\n|-damage|p1a: Great Tusk|10\/100\n|\n|upkeep\n|turn|27\n|\n|t:|1699911145\n|move|p1a: Great Tusk|Earthquake|p2a: Dondozo\n|-damage|p2a: Dondozo|50\/100 slp\n|cant|p2a: Dondozo|slp\n|move|p2a: Dondozo|Sleep Talk|p2a: Dondozo\n|move|p2a: Dondozo|Rest||[from]move: Sleep Talk|[still]\n|-fail|p2a: Dondozo\n|\n|upkeep\n|turn|28\n|\n|t:|1699911158\n|move|p1a: Great Tusk|Earthquake|p2a: Dondozo\n|-damage|p2a: Dondozo|25\/100 slp\n|-curestatus|p2a: Dondozo|slp|[msg]\n|move|p2a: Dondozo|Waterfall|p1a: Great Tusk\n|-supereffective|p1a: Great Tusk\n|-damage|p1a: Great Tusk|0 fnt\n|faint|p1a: Great Tusk\n|-end|p1a: Great Tusk|Protosynthesis|[silent]\n|\n|upkeep\n|\n|t:|1699911177\n|switch|p1a: Gholdengo|Gholdengo|88\/100\n|-damage|p1a: Gholdengo|76\/100|[from] Spikes\n|turn|29\n|\n|t:|1699911184\n|switch|p2a: Clodsire|Clodsire, F, tera:Steel|100\/100\n|move|p1a: Gholdengo|Shadow Ball|p2a: Clodsire\n|-damage|p2a: Clodsire|80\/100\n|-unboost|p2a: Clodsire|spd|1\n|\n|upkeep\n|turn|30\n|\n|t:|1699911192\n|move|p1a: Gholdengo|Shadow Ball|p2a: Clodsire\n|-damage|p2a: Clodsire|45\/100\n|move|p2a: Clodsire|Amnesia|p2a: Clodsire\n|-boost|p2a: Clodsire|spd|2\n|\n|upkeep\n|turn|31\n|\n|t:|1699911200\n|move|p1a: Gholdengo|Shadow Ball|p2a: Clodsire\n|-damage|p2a: Clodsire|29\/100\n|-unboost|p2a: Clodsire|spd|1\n|move|p2a: Clodsire|Recover|p2a: Clodsire\n|-heal|p2a: Clodsire|79\/100\n|\n|upkeep\n|turn|32\n|\n|t:|1699911209\n|move|p1a: Gholdengo|Shadow Ball|p2a: Clodsire\n|-damage|p2a: Clodsire|58\/100\n|move|p2a: Clodsire|Amnesia|p2a: Clodsire\n|-boost|p2a: Clodsire|spd|2\n|\n|upkeep\n|turn|33\n|\n|t:|1699911215\n|move|p1a: Gholdengo|Shadow Ball|p2a: Clodsire\n|-crit|p2a: Clodsire\n|-damage|p2a: Clodsire|25\/100\n|move|p2a: Clodsire|Spikes|p1a: Gholdengo\n|-sidestart|p1: graydoggg|Spikes\n|\n|upkeep\n|turn|34\n|\n|t:|1699911222\n|move|p1a: Gholdengo|Shadow Ball|p2a: Clodsire\n|-crit|p2a: Clodsire\n|-damage|p2a: Clodsire|0 fnt\n|faint|p2a: Clodsire\n|\n|upkeep\n|c|\u2606CthunsChosen|wow\n|\n|t:|1699911234\n|switch|p2a: Blissey|Blissey, F|100\/100\n|turn|35\n|\n|t:|1699911240\n|switch|p1a: Scizor|Scizor, M, shiny|100\/100\n|-damage|p1a: Scizor|84\/100|[from] Spikes\n|move|p2a: Blissey|Stealth Rock|p1a: Scizor\n|-sidestart|p1: graydoggg|move: Stealth Rock\n|\n|upkeep\n|turn|36\n|\n|t:|1699911252\n|switch|p2a: Alomomola|Alomomola, M|100\/100\n|move|p1a: Scizor|Bullet Punch|p2a: Alomomola\n|-resisted|p2a: Alomomola\n|-damage|p2a: Alomomola|87\/100\n|\n|upkeep\n|turn|37\n|\n|t:|1699911262\n|switch|p1a: Ting-Lu|Ting-Lu|60\/100 slp\n|-damage|p1a: Ting-Lu|43\/100 slp|[from] Spikes\n|-damage|p1a: Ting-Lu|37\/100 slp|[from] Stealth Rock\n|-ability|p1a: Ting-Lu|Vessel of Ruin\n|move|p2a: Alomomola|Wish|p2a: Alomomola\n|\n|-heal|p1a: Ting-Lu|43\/100 slp|[from] item: Leftovers\n|upkeep\n|turn|38\n|\n|t:|1699911271\n|cant|p1a: Ting-Lu|slp\n|move|p2a: Alomomola|Flip Turn|p1a: Ting-Lu\n|-supereffective|p1a: Ting-Lu\n|-damage|p1a: Ting-Lu|25\/100 slp\n|\n|t:|1699911277\n|switch|p2a: Dondozo|Dondozo, M|25\/100|[from] Flip Turn\n|\n|-heal|p2a: Dondozo|77\/100|[from] move: Wish|[wisher] Alomomola\n|-heal|p1a: Ting-Lu|31\/100 slp|[from] item: Leftovers\n|upkeep\n|turn|39\n|\n|t:|1699911288\n|-curestatus|p1a: Ting-Lu|slp|[msg]\n|move|p1a: Ting-Lu|Ruination|p2a: Dondozo|[miss]\n|-miss|p1a: Ting-Lu|p2a: Dondozo\n|move|p2a: Dondozo|Body Press|p1a: Ting-Lu\n|-supereffective|p1a: Ting-Lu\n|-damage|p1a: Ting-Lu|3\/100\n|\n|-heal|p1a: Ting-Lu|9\/100|[from] item: Leftovers\n|upkeep\n|turn|40\n|\n|t:|1699911297\n|move|p1a: Ting-Lu|Ruination|p2a: Dondozo\n|-damage|p2a: Dondozo|39\/100\n|move|p2a: Dondozo|Waterfall|p1a: Ting-Lu\n|-supereffective|p1a: Ting-Lu\n|-damage|p1a: Ting-Lu|0 fnt\n|faint|p1a: Ting-Lu\n|\n|upkeep\n|\n|t:|1699911306\n|switch|p1a: Scizor|Scizor, M, shiny|84\/100\n|-damage|p1a: Scizor|68\/100|[from] Spikes\n|-damage|p1a: Scizor|55\/100|[from] Stealth Rock\n|turn|41\n|\n|t:|1699911316\n|move|p1a: Scizor|U-turn|p2a: Dondozo\n|-crit|p2a: Dondozo\n|-damage|p2a: Dondozo|0 fnt\n|faint|p2a: Dondozo\n|\n|t:|1699911323\n|switch|p1a: Gholdengo|Gholdengo|76\/100|[from] U-turn\n|-damage|p1a: Gholdengo|59\/100|[from] Spikes\n|-damage|p1a: Gholdengo|53\/100|[from] Stealth Rock\n|\n|upkeep\n|c|\u2606CthunsChosen|wtf are these crits LMAO\n|\n|t:|1699911333\n|switch|p2a: Blissey|Blissey, F|100\/100\n|turn|42\n|\n|t:|1699911338\n|move|p1a: Gholdengo|Recover|p1a: Gholdengo\n|-heal|p1a: Gholdengo|100\/100\n|move|p2a: Blissey|Stealth Rock||[still]\n|-fail|p2a: Blissey\n|\n|upkeep\n|turn|43\n|\n|t:|1699911358\n|move|p1a: Gholdengo|Focus Blast|p2a: Blissey\n|-supereffective|p2a: Blissey\n|-damage|p2a: Blissey|76\/100\n|move|p2a: Blissey|Stealth Rock||[still]\n|-fail|p2a: Blissey\n|\n|upkeep\n|turn|44\n|\n|t:|1699911369\n|switch|p1a: Scizor|Scizor, M, shiny|55\/100\n|-damage|p1a: Scizor|39\/100|[from] Spikes\n|-damage|p1a: Scizor|26\/100|[from] Stealth Rock\n|switch|p2a: Clefable|Clefable, F|67\/100\n|\n|-heal|p2a: Clefable|73\/100|[from] item: Leftovers\n|upkeep\n|turn|45\n|\n|t:|1699911378\n|switch|p2a: Alomomola|Alomomola, M|100\/100\n|move|p1a: Scizor|Bullet Punch|p2a: Alomomola\n|-resisted|p2a: Alomomola\n|-damage|p2a: Alomomola|87\/100\n|\n|upkeep\n|turn|46\n|\n|t:|1699911387\n|move|p1a: Scizor|Bullet Punch|p2a: Alomomola\n|-resisted|p2a: Alomomola\n|-damage|p2a: Alomomola|72\/100\n|move|p2a: Alomomola|Wish|p2a: Alomomola\n|\n|upkeep\n|turn|47\n|\n|t:|1699911391\n|move|p1a: Scizor|Bullet Punch|p2a: Alomomola\n|-resisted|p2a: Alomomola\n|-damage|p2a: Alomomola|59\/100\n|move|p2a: Alomomola|Flip Turn|p1a: Scizor\n|-damage|p1a: Scizor|9\/100\n|\n|t:|1699911398\n|switch|p2a: Blissey|Blissey, F|76\/100|[from] Flip Turn\n|\n|-heal|p2a: Blissey|100\/100|[from] move: Wish|[wisher] Alomomola\n|upkeep\n|turn|48\n|\n|t:|1699911404\n|switch|p2a: Alomomola|Alomomola, M|92\/100\n|move|p1a: Scizor|Bullet Punch|p2a: Alomomola\n|-resisted|p2a: Alomomola\n|-damage|p2a: Alomomola|78\/100\n|\n|upkeep\n|turn|49\n|\n|t:|1699911412\n|move|p1a: Scizor|Bullet Punch|p2a: Alomomola\n|-resisted|p2a: Alomomola\n|-damage|p2a: Alomomola|65\/100\n|move|p2a: Alomomola|Flip Turn|p1a: Scizor\n|-damage|p1a: Scizor|0 fnt\n|faint|p1a: Scizor\n|\n|t:|1699911419\n|switch|p2a: Amoonguss|Amoonguss, F|91\/100|[from] Flip Turn\n|\n|upkeep\n|\n|t:|1699911430\n|switch|p1a: Dragapult|Dragapult, F, shiny|68\/100\n|-damage|p1a: Dragapult|51\/100|[from] Spikes\n|-damage|p1a: Dragapult|39\/100|[from] Stealth Rock\n|turn|50\n|\n|t:|1699911445\n|move|p1a: Dragapult|Fire Blast|p2a: Amoonguss\n|-supereffective|p2a: Amoonguss\n|-damage|p2a: Amoonguss|0 fnt\n|faint|p2a: Amoonguss\n|\n|upkeep\n|\n|t:|1699911451\n|switch|p2a: Clefable|Clefable, F|73\/100\n|turn|51\n|\n|t:|1699911454\n|move|p1a: Dragapult|Fire Blast|p2a: Clefable|[miss]\n|-miss|p1a: Dragapult|p2a: Clefable\n|move|p2a: Clefable|Moonblast|p1a: Dragapult\n|-supereffective|p1a: Dragapult\n|-damage|p1a: Dragapult|0 fnt\n|faint|p1a: Dragapult\n|\n|-heal|p2a: Clefable|79\/100|[from] item: Leftovers\n|upkeep\n|\n|t:|1699911464\n|switch|p1a: Heatran|Heatran, F, shiny|88\/100\n|-damage|p1a: Heatran|71\/100|[from] Spikes\n|-damage|p1a: Heatran|59\/100|[from] Stealth Rock\n|turn|52\n|\n|t:|1699911472\n|switch|p2a: Alomomola|Alomomola, M|98\/100\n|move|p1a: Heatran|Flash Cannon|p2a: Alomomola\n|-resisted|p2a: Alomomola\n|-damage|p2a: Alomomola|73\/100\n|\n|upkeep\n|turn|53\n|c|\u2606CthunsChosen|gotta go\n|c|\u2606CthunsChosen|gg\n|c|\u2606graydoggg|gg\n|inactive|CthunsChosen has 120 seconds left.\n|inactive|CthunsChosen has 90 seconds left.\n|l|\u2606graydoggg\n|inactive|graydoggg disconnected and has a minute to reconnect!\n|player|p1|\n|inactive|CthunsChosen has 60 seconds left.\n|inactive|CthunsChosen has 30 seconds left.\n|inactive|CthunsChosen has 20 seconds left.\n|inactive|CthunsChosen has 15 seconds left.\n|inactive|CthunsChosen has 10 seconds left.\n|\n|t:|1699911614\n|move|p1a: Heatran|Flamethrower|p2a: Alomomola\n|-resisted|p2a: Alomomola\n|-damage|p2a: Alomomola|41\/100\n|move|p2a: Alomomola|Flip Turn|p1a: Heatran\n|-supereffective|p1a: Heatran\n|-damage|p1a: Heatran|32\/100\n|inactive|CthunsChosen has 15 seconds left this turn.\n|inactive|CthunsChosen has 10 seconds left.\n|inactive|CthunsChosen has 5 seconds left.\n|\n|t:|1699911627\n|switch|p2a: Blissey|Blissey, F|100\/100|[from] Flip Turn\n|\n|upkeep\n|turn|54\n|inactive|CthunsChosen has 15 seconds left this turn.\n|inactive|CthunsChosen has 10 seconds left.\n|inactive|graydoggg has 30 seconds to reconnect!\n|inactive|graydoggg has 20 seconds to reconnect!\n|inactive|graydoggg has 15 seconds to reconnect!\n|inactive|graydoggg has 10 seconds to reconnect!\n|inactive|graydoggg has 5 seconds to reconnect!\n|-message|graydoggg lost due to inactivity.\n|\n|win|CthunsChosen\n|inactive|CthunsChosen has 15 seconds left this turn.\n|raw|graydoggg's rating: 1100 &rarr; <strong>1072<\/strong><br \/>(-28 for losing)\n|raw|CthunsChosen's rating: 1058 &rarr; <strong>1093<\/strong><br \/>(+35 for winning)\n|l|\u2606CthunsChosen\n|j|\u2606CthunsChosen\n|player|p2|CthunsChosen|lusamine-nihilego\n","uploadtime":1699911702,"views":9,"p1id":"graydoggg","p2id":"cthunschosen","formatid":"gen9ou","rating":1072,"private":0,"password":""}