{"id":"gen9ou-1993415812","p1":"Zeret7","p2":"Gnetor","format":"[Gen 9] OU","log":"|j|\u2606Zeret7\n|j|\u2606Gnetor\n|t:|1700314914\n|gametype|singles\n|player|p1|Zeret7|hilbert-wonderlauncher|1251\n|player|p2|Gnetor|pokemaniac|1286\n|teamsize|p1|6\n|teamsize|p2|6\n|gen|9\n|tier|[Gen 9] OU\n|rated|\n|rule|Sleep Clause Mod: Limit one foe put to sleep\n|rule|Species Clause: Limit one of each Pok\u00e9mon\n|rule|OHKO Clause: OHKO moves are banned\n|rule|Evasion Items Clause: Evasion items are banned\n|rule|Evasion Moves Clause: Evasion moves are banned\n|rule|Endless Battle Clause: Forcing endless battles is banned\n|rule|HP Percentage Mod: HP is shown in percentages\n|clearpoke\n|poke|p1|Alomomola, M|\n|poke|p1|Dondozo, M|\n|poke|p1|Corviknight, M|\n|poke|p1|Blissey, F|\n|poke|p1|Toxapex, M|\n|poke|p1|Clodsire, M|\n|poke|p2|Dragapult, M|\n|poke|p2|Glimmora, F|\n|poke|p2|Gholdengo|\n|poke|p2|Great Tusk|\n|poke|p2|Enamorus, F|\n|poke|p2|Kingambit, F|\n|teampreview\n|\n|t:|1700314922\n|start\n|switch|p1a: Alomomola|Alomomola, M|100\/100\n|switch|p2a: Glimmora|Glimmora, F|100\/100\n|turn|1\n|\n|t:|1700314927\n|move|p2a: Glimmora|Stealth Rock|p1a: Alomomola\n|-sidestart|p1: Zeret7|move: Stealth Rock\n|move|p1a: Alomomola|Scald|p2a: Glimmora\n|-supereffective|p2a: Glimmora\n|-damage|p2a: Glimmora|65\/100\n|\n|upkeep\n|turn|2\n|\n|t:|1700314934\n|move|p2a: Glimmora|Spikes|p1a: Alomomola\n|-sidestart|p1: Zeret7|Spikes\n|move|p1a: Alomomola|Scald|p2a: Glimmora\n|-supereffective|p2a: Glimmora\n|-damage|p2a: Glimmora|28\/100\n|\n|upkeep\n|turn|3\n|\n|t:|1700314941\n|move|p2a: Glimmora|Spikes|p1a: Alomomola\n|-sidestart|p1: Zeret7|Spikes\n|move|p1a: Alomomola|Scald|p2a: Glimmora\n|-supereffective|p2a: Glimmora\n|-damage|p2a: Glimmora|0 fnt\n|faint|p2a: Glimmora\n|\n|upkeep\n|\n|t:|1700314958\n|switch|p2a: Dragapult|Dragapult, M|100\/100\n|turn|4\n|\n|t:|1700314964\n|move|p2a: Dragapult|Will-O-Wisp|p1a: Alomomola\n|-status|p1a: Alomomola|brn\n|move|p1a: Alomomola|Flip Turn|p2a: Dragapult\n|-resisted|p2a: Dragapult\n|-damage|p2a: Dragapult|95\/100\n|inactive|Battle timer is ON: inactive players will automatically lose when time's up. (requested by Gnetor)\n|\n|t:|1700314978\n|switch|p1a: Corviknight|Corviknight, M, shiny|100\/100|[from] Flip Turn\n|-damage|p1a: Corviknight|88\/100|[from] Stealth Rock\n|-ability|p1a: Corviknight|Pressure\n|\n|-heal|p1a: Corviknight|94\/100|[from] item: Leftovers\n|upkeep\n|turn|5\n|\n|t:|1700314988\n|switch|p2a: Gholdengo|Gholdengo|100\/100\n|-item|p2a: Gholdengo|Air Balloon\n|move|p1a: Corviknight|Defog|p2a: Gholdengo\n|-immune|p2a: Gholdengo|[from] ability: Good as Gold\n|\n|-heal|p1a: Corviknight|100\/100|[from] item: Leftovers\n|upkeep\n|turn|6\n|\n|t:|1700315006\n|move|p2a: Gholdengo|Nasty Plot|p2a: Gholdengo\n|-boost|p2a: Gholdengo|spa|2\n|move|p1a: Corviknight|Brave Bird|p2a: Gholdengo\n|-resisted|p2a: Gholdengo\n|-damage|p2a: Gholdengo|79\/100\n|-enditem|p2a: Gholdengo|Air Balloon\n|-damage|p1a: Corviknight|95\/100|[from] Recoil\n|\n|-heal|p1a: Corviknight|100\/100|[from] item: Leftovers\n|upkeep\n|turn|7\n|\n|t:|1700315016\n|switch|p1a: Clodsire|Clodsire, M|100\/100\n|-damage|p1a: Clodsire|94\/100|[from] Stealth Rock\n|-damage|p1a: Clodsire|78\/100|[from] Spikes\n|move|p2a: Gholdengo|Shadow Ball|p1a: Clodsire\n|-damage|p1a: Clodsire|54\/100\n|-unboost|p1a: Clodsire|spd|1\n|\n|-heal|p1a: Clodsire|60\/100|[from] item: Leftovers\n|upkeep\n|turn|8\n|\n|t:|1700315040\n|switch|p1a: Toxapex|Toxapex, M|100\/100\n|-damage|p1a: Toxapex|88\/100|[from] Stealth Rock\n|-damage|p1a: Toxapex|72\/100|[from] Spikes\n|move|p2a: Gholdengo|Shadow Ball|p1a: Toxapex\n|-damage|p1a: Toxapex|2\/100\n|\n|-heal|p1a: Toxapex|9\/100|[from] item: Leftovers\n|upkeep\n|turn|9\n|\n|t:|1700315051\n|switch|p1a: Blissey|Blissey, F|100\/100\n|move|p2a: Gholdengo|Shadow Ball|p1a: Blissey\n|-immune|p1a: Blissey\n|\n|upkeep\n|turn|10\n|\n|t:|1700315062\n|switch|p2a: Great Tusk|Great Tusk|100\/100\n|move|p1a: Blissey|Stealth Rock|p2a: Great Tusk\n|-sidestart|p2: Gnetor|move: Stealth Rock\n|\n|upkeep\n|turn|11\n|\n|t:|1700315073\n|switch|p1a: Corviknight|Corviknight, M, shiny|100\/100\n|-damage|p1a: Corviknight|88\/100|[from] Stealth Rock\n|-ability|p1a: Corviknight|Pressure\n|move|p2a: Great Tusk|Knock Off|p1a: Corviknight\n|-damage|p1a: Corviknight|67\/100\n|-enditem|p1a: Corviknight|Leftovers|[from] move: Knock Off|[of] p2a: Great Tusk\n|\n|upkeep\n|turn|12\n|\n|t:|1700315084\n|-end|p2a: Great Tusk|Protosynthesis|[silent]\n|switch|p2a: Gholdengo|Gholdengo|79\/100\n|-damage|p2a: Gholdengo|73\/100|[from] Stealth Rock\n|move|p1a: Corviknight|Defog|p2a: Gholdengo\n|-immune|p2a: Gholdengo|[from] ability: Good as Gold\n|\n|upkeep\n|turn|13\n|\n|t:|1700315096\n|switch|p1a: Blissey|Blissey, F|100\/100\n|move|p2a: Gholdengo|Nasty Plot|p2a: Gholdengo\n|-boost|p2a: Gholdengo|spa|2\n|\n|upkeep\n|turn|14\n|\n|t:|1700315108\n|move|p2a: Gholdengo|Make It Rain|p1a: Blissey\n|-damage|p1a: Blissey|68\/100\n|-unboost|p2a: Gholdengo|spa|1\n|move|p1a: Blissey|Heal Bell|p1a: Blissey\n|-activate|p1a: Blissey|move: Heal Bell\n|-curestatus|p1: Alomomola|brn|[msg]\n|\n|upkeep\n|turn|15\n|\n|t:|1700315119\n|move|p2a: Gholdengo|Nasty Plot|p2a: Gholdengo\n|-boost|p2a: Gholdengo|spa|2\n|move|p1a: Blissey|Soft-Boiled|p1a: Blissey\n|-heal|p1a: Blissey|100\/100\n|\n|upkeep\n|turn|16\n|\n|t:|1700315132\n|switch|p1a: Clodsire|Clodsire, M|60\/100\n|-damage|p1a: Clodsire|54\/100|[from] Stealth Rock\n|-damage|p1a: Clodsire|37\/100|[from] Spikes\n|move|p2a: Gholdengo|Make It Rain|p1a: Clodsire\n|-damage|p1a: Clodsire|2\/100\n|-unboost|p2a: Gholdengo|spa|1\n|\n|-heal|p1a: Clodsire|8\/100|[from] item: Leftovers\n|upkeep\n|turn|17\n|\n|t:|1700315150\n|switch|p1a: Alomomola|Alomomola, M|100\/100\n|move|p2a: Gholdengo|Shadow Ball|p1a: Alomomola\n|-damage|p1a: Alomomola|0 fnt\n|faint|p1a: Alomomola\n|\n|upkeep\n|\n|t:|1700315168\n|switch|p1a: Clodsire|Clodsire, M|8\/100\n|-damage|p1a: Clodsire|2\/100|[from] Stealth Rock\n|-damage|p1a: Clodsire|0 fnt|[from] Spikes\n|faint|p1a: Clodsire\n|\n|t:|1700315174\n|switch|p1a: Dondozo|Dondozo, M|100\/100\n|-damage|p1a: Dondozo|88\/100|[from] Stealth Rock\n|-damage|p1a: Dondozo|71\/100|[from] Spikes\n|turn|18\n|\n|t:|1700315181\n|move|p2a: Gholdengo|Shadow Ball|p1a: Dondozo\n|-damage|p1a: Dondozo|31\/100\n|-unboost|p1a: Dondozo|spd|1\n|move|p1a: Dondozo|Liquidation|p2a: Gholdengo\n|-damage|p2a: Gholdengo|38\/100\n|\n|-heal|p1a: Dondozo|37\/100|[from] item: Leftovers\n|upkeep\n|turn|19\n|\n|t:|1700315195\n|switch|p1a: Blissey|Blissey, F|100\/100\n|move|p2a: Gholdengo|Shadow Ball|p1a: Blissey\n|-immune|p1a: Blissey\n|\n|upkeep\n|turn|20\n|\n|t:|1700315207\n|move|p2a: Gholdengo|Recover|p2a: Gholdengo\n|-heal|p2a: Gholdengo|88\/100\n|move|p1a: Blissey|Seismic Toss|p2a: Gholdengo\n|-immune|p2a: Gholdengo\n|\n|upkeep\n|turn|21\n|\n|t:|1700315216\n|move|p2a: Gholdengo|Nasty Plot|p2a: Gholdengo\n|-boost|p2a: Gholdengo|spa|2\n|move|p1a: Blissey|Stealth Rock||[still]\n|-fail|p1a: Blissey\n|\n|upkeep\n|turn|22\n|\n|t:|1700315227\n|switch|p1a: Toxapex|Toxapex, M|42\/100\n|-damage|p1a: Toxapex|29\/100|[from] Stealth Rock\n|-damage|p1a: Toxapex|13\/100|[from] Spikes\n|move|p2a: Gholdengo|Nasty Plot|p2a: Gholdengo\n|-boost|p2a: Gholdengo|spa|2\n|\n|-heal|p1a: Toxapex|19\/100|[from] item: Leftovers\n|upkeep\n|turn|23\n|\n|t:|1700315237\n|move|p2a: Gholdengo|Make It Rain|p1a: Toxapex\n|-resisted|p1a: Toxapex\n|-damage|p1a: Toxapex|0 fnt\n|-unboost|p2a: Gholdengo|spa|1\n|faint|p1a: Toxapex\n|\n|upkeep\n|\n|t:|1700315252\n|switch|p1a: Blissey|Blissey, F|100\/100\n|turn|24\n|\n|t:|1700315257\n|move|p2a: Gholdengo|Make It Rain|p1a: Blissey\n|-damage|p1a: Blissey|34\/100\n|-unboost|p2a: Gholdengo|spa|1\n|move|p1a: Blissey|Stealth Rock||[still]\n|-fail|p1a: Blissey\n|\n|upkeep\n|turn|25\n|\n|t:|1700315265\n|move|p2a: Gholdengo|Make It Rain|p1a: Blissey\n|-damage|p1a: Blissey|0 fnt\n|-unboost|p2a: Gholdengo|spa|1\n|faint|p1a: Blissey\n|\n|upkeep\n|\n|t:|1700315273\n|switch|p1a: Corviknight|Corviknight, M, shiny|67\/100\n|-damage|p1a: Corviknight|54\/100|[from] Stealth Rock\n|-ability|p1a: Corviknight|Pressure\n|turn|26\n|\n|t:|1700315279\n|move|p2a: Gholdengo|Shadow Ball|p1a: Corviknight\n|-damage|p1a: Corviknight|0 fnt\n|faint|p1a: Corviknight\n|\n|upkeep\n|\n|t:|1700315284\n|switch|p1a: Dondozo|Dondozo, M|37\/100\n|-damage|p1a: Dondozo|25\/100|[from] Stealth Rock\n|-damage|p1a: Dondozo|8\/100|[from] Spikes\n|turn|27\n|\n|t:|1700315289\n|move|p2a: Gholdengo|Shadow Ball|p1a: Dondozo\n|-damage|p1a: Dondozo|0 fnt\n|faint|p1a: Dondozo\n|\n|win|Gnetor\n|raw|Zeret7's rating: 1251 &rarr; <strong>1229<\/strong><br \/>(-22 for losing)\n|raw|Gnetor's rating: 1286 &rarr; <strong>1308<\/strong><br \/>(+22 for winning)\n","uploadtime":1700315297,"views":24,"p1id":"zeret7","p2id":"gnetor","formatid":"gen9ou","rating":1229,"private":0,"password":""}