{"id":"gen9ou-1998091400","p1":"Renhur","p2":"MattFI","format":"[Gen 9] OU","log":"|j|\u2606Renhur\n|j|\u2606MattFI\n|t:|1700889821\n|gametype|singles\n|player|p1|Renhur|cynthia-gen4|1129\n|player|p2|MattFI|lucas|1122\n|teamsize|p1|6\n|teamsize|p2|6\n|gen|9\n|tier|[Gen 9] OU\n|rated|\n|rule|Sleep Clause Mod: Limit one foe put to sleep\n|rule|Species Clause: Limit one of each Pok\u00e9mon\n|rule|OHKO Clause: OHKO moves are banned\n|rule|Evasion Items Clause: Evasion items are banned\n|rule|Evasion Moves Clause: Evasion moves are banned\n|rule|Endless Battle Clause: Forcing endless battles is banned\n|rule|HP Percentage Mod: HP is shown in percentages\n|clearpoke\n|poke|p1|Dragonite, F|\n|poke|p1|Lucario, M|\n|poke|p1|Gardevoir, F|\n|poke|p1|Cloyster, F|\n|poke|p1|Gyarados, F|\n|poke|p1|Corviknight, F|\n|poke|p2|Electrode-Hisui|\n|poke|p2|Walking Wake|\n|poke|p2|Munkidori, M|\n|poke|p2|Arcanine-Hisui, M|\n|poke|p2|Great Tusk|\n|poke|p2|Gholdengo|\n|teampreview\n|l|\u2606MattFI\n|player|p2|\n|inactive|Battle timer is ON: inactive players will automatically lose when time's up. (requested by Renhur)\n|j|\u2606MattFI\n|inactive|MattFI reconnected and has 140 seconds left.\n|player|p2|MattFI|lucas\n|inactive|MattFI has 120 seconds left.\n|\n|t:|1700889877\n|start\n|switch|p1a: Dragonite|Dragonite, F|100\/100\n|switch|p2a: Electrode|Electrode-Hisui|100\/100\n|turn|1\n|\n|t:|1700889899\n|move|p2a: Electrode|Thunderbolt|p1a: Dragonite\n|-damage|p1a: Dragonite|85\/100\n|move|p1a: Dragonite|Fire Punch|p2a: Electrode\n|-supereffective|p2a: Electrode\n|-damage|p2a: Electrode|10\/100\n|\n|upkeep\n|turn|2\n|l|\u2606MattFI\n|inactive|MattFI disconnected and has a minute to reconnect!\n|player|p2|\n|j|\u2606MattFI\n|inactive|MattFI reconnected and has 115 seconds left.\n|player|p2|MattFI|lucas\n|\n|t:|1700889929\n|move|p1a: Dragonite|Extreme Speed|p2a: Electrode\n|-damage|p2a: Electrode|0 fnt\n|-damage|p1a: Dragonite|60\/100|[from] ability: Aftermath|[of] p2a: Electrode\n|faint|p2a: Electrode\n|\n|upkeep\n|\n|t:|1700889937\n|switch|p2a: Great Tusk|Great Tusk|100\/100\n|-enditem|p2a: Great Tusk|Booster Energy\n|-activate|p2a: Great Tusk|ability: Protosynthesis|[fromitem]\n|-start|p2a: Great Tusk|protosynthesisatk\n|turn|3\n|\n|t:|1700889942\n|move|p1a: Dragonite|Extreme Speed|p2a: Great Tusk\n|-damage|p2a: Great Tusk|79\/100\n|move|p2a: Great Tusk|Ice Spinner|p1a: Dragonite\n|-supereffective|p1a: Dragonite\n|-damage|p1a: Dragonite|0 fnt\n|faint|p1a: Dragonite\n|\n|upkeep\n|\n|t:|1700889956\n|switch|p1a: Cloyster|Cloyster, F|100\/100\n|turn|4\n|inactive|MattFI has 120 seconds left.\n|\n|t:|1700889968\n|move|p2a: Great Tusk|Close Combat|p1a: Cloyster\n|-supereffective|p1a: Cloyster\n|-crit|p1a: Cloyster\n|-enditem|p1a: Cloyster|Focus Sash\n|-damage|p1a: Cloyster|1\/100\n|-unboost|p2a: Great Tusk|def|1\n|-unboost|p2a: Great Tusk|spd|1\n|move|p1a: Cloyster|Shell Smash|p1a: Cloyster\n|-unboost|p1a: Cloyster|def|1\n|-unboost|p1a: Cloyster|spd|1\n|-boost|p1a: Cloyster|atk|2\n|-boost|p1a: Cloyster|spa|2\n|-boost|p1a: Cloyster|spe|2\n|\n|upkeep\n|turn|5\n|inactive|MattFI has 120 seconds left.\n|\n|t:|1700889987\n|move|p1a: Cloyster|Icicle Spear|p2a: Great Tusk\n|-supereffective|p2a: Great Tusk\n|-damage|p2a: Great Tusk|24\/100\n|-supereffective|p2a: Great Tusk\n|-damage|p2a: Great Tusk|0 fnt\n|faint|p2a: Great Tusk\n|-end|p2a: Great Tusk|Protosynthesis|[silent]\n|-hitcount|p2: Great Tusk|2\n|\n|upkeep\n|\n|t:|1700890008\n|switch|p2a: Arcanine|Arcanine-Hisui, M|100\/100\n|-ability|p2a: Arcanine|Intimidate|boost\n|-unboost|p1a: Cloyster|atk|1\n|turn|6\n|\n|t:|1700890020\n|move|p2a: Arcanine|Extreme Speed|p1a: Cloyster\n|-crit|p1a: Cloyster\n|-damage|p1a: Cloyster|0 fnt\n|faint|p1a: Cloyster\n|\n|upkeep\n|\n|t:|1700890027\n|switch|p1a: Lucario|Lucario, M|100\/100\n|turn|7\n|inactive|MattFI has 120 seconds left.\n|\n|t:|1700890037\n|switch|p2a: Gholdengo|Gholdengo, shiny|100\/100\n|move|p1a: Lucario|Reversal|p2a: Gholdengo\n|-immune|p2a: Gholdengo\n|\n|upkeep\n|turn|8\n|inactive|MattFI has 120 seconds left.\n|\n|t:|1700890049\n|switch|p1a: Gyarados|Gyarados, F|100\/100\n|-ability|p1a: Gyarados|Intimidate|boost\n|-unboost|p2a: Gholdengo|atk|1\n|move|p2a: Gholdengo|Psychic|p1a: Gyarados\n|-damage|p1a: Gyarados|66\/100\n|\n|-heal|p1a: Gyarados|72\/100|[from] item: Leftovers\n|upkeep\n|turn|9\n|\n|t:|1700890059\n|move|p2a: Gholdengo|Make It Rain|p1a: Gyarados\n|-resisted|p1a: Gyarados\n|-damage|p1a: Gyarados|37\/100\n|-unboost|p2a: Gholdengo|spa|1\n|move|p1a: Gyarados|Earthquake|p2a: Gholdengo\n|-supereffective|p2a: Gholdengo\n|-damage|p2a: Gholdengo|19\/100\n|\n|-heal|p1a: Gyarados|43\/100|[from] item: Leftovers\n|upkeep\n|turn|10\n|inactive|MattFI has 120 seconds left.\n|\n|t:|1700890075\n|move|p2a: Gholdengo|Shadow Ball|p1a: Gyarados\n|-damage|p1a: Gyarados|15\/100\n|move|p1a: Gyarados|Dragon Dance|p1a: Gyarados\n|-boost|p1a: Gyarados|atk|1\n|-boost|p1a: Gyarados|spe|1\n|\n|-heal|p1a: Gyarados|21\/100|[from] item: Leftovers\n|upkeep\n|turn|11\n|\n|t:|1700890084\n|move|p1a: Gyarados|Earthquake|p2a: Gholdengo\n|-supereffective|p2a: Gholdengo\n|-damage|p2a: Gholdengo|0 fnt\n|faint|p2a: Gholdengo\n|\n|-heal|p1a: Gyarados|27\/100|[from] item: Leftovers\n|upkeep\n|inactive|MattFI has 120 seconds left.\n|l|\u2606MattFI\n|inactive|MattFI disconnected and has a minute to reconnect!\n|player|p2|\n|j|\u2606MattFI\n|inactive|MattFI reconnected and has 100 seconds left.\n|player|p2|MattFI|lucas\n|inactive|MattFI has 90 seconds left.\n|\n|t:|1700890154\n|switch|p2a: Arcanine|Arcanine-Hisui, M|100\/100\n|-ability|p2a: Arcanine|Intimidate|boost\n|-unboost|p1a: Gyarados|atk|1\n|turn|12\n|\n|t:|1700890167\n|-terastallize|p2a: Arcanine|Normal\n|move|p2a: Arcanine|Extreme Speed|p1a: Gyarados\n|-crit|p1a: Gyarados\n|-damage|p1a: Gyarados|0 fnt\n|faint|p1a: Gyarados\n|\n|upkeep\n|\n|t:|1700890179\n|switch|p1a: Corviknight|Corviknight, F|100\/100\n|-ability|p1a: Corviknight|Pressure\n|turn|13\n|\n|t:|1700890194\n|-terastallize|p1a: Corviknight|Ground\n|move|p2a: Arcanine|Flare Blitz|p1a: Corviknight\n|-crit|p1a: Corviknight\n|-damage|p1a: Corviknight|44\/100\n|-damage|p2a: Arcanine|84\/100|[from] item: Rocky Helmet|[of] p1a: Corviknight\n|-damage|p2a: Arcanine|61\/100|[from] Recoil\n|move|p1a: Corviknight|Body Press|p2a: Arcanine\n|-supereffective|p2a: Arcanine\n|-damage|p2a: Arcanine|0 fnt\n|faint|p2a: Arcanine\n|\n|upkeep\n|\n|t:|1700890208\n|switch|p2a: Walking Wake|Walking Wake|100\/100\n|-enditem|p2a: Walking Wake|Booster Energy\n|-activate|p2a: Walking Wake|ability: Protosynthesis|[fromitem]\n|-start|p2a: Walking Wake|protosynthesisspe\n|turn|14\n|\n|t:|1700890213\n|move|p2a: Walking Wake|Hydro Steam|p1a: Corviknight\n|-supereffective|p1a: Corviknight\n|-damage|p1a: Corviknight|0 fnt\n|faint|p1a: Corviknight\n|\n|upkeep\n|l|\u2606MattFI\n|inactive|MattFI disconnected and has a minute to reconnect!\n|player|p2|\n|\n|t:|1700890227\n|switch|p1a: Lucario|Lucario, M|100\/100\n|turn|15\n|inactive|MattFI has 30 seconds to reconnect!\n|j|\u2606MattFI\n|inactive|MattFI reconnected and has 60 seconds left.\n|player|p2|MattFI|lucas\n|\n|t:|1700890270\n|move|p2a: Walking Wake|Flamethrower|p1a: Lucario\n|-supereffective|p1a: Lucario\n|-damage|p1a: Lucario|8\/100\n|move|p1a: Lucario|Reversal|p2a: Walking Wake\n|-damage|p2a: Walking Wake|13\/100\n|\n|upkeep\n|turn|16\n|\n|t:|1700890278\n|move|p1a: Lucario|Extreme Speed|p2a: Walking Wake\n|-damage|p2a: Walking Wake|0 fnt\n|faint|p2a: Walking Wake\n|-end|p2a: Walking Wake|Protosynthesis|[silent]\n|\n|upkeep\n|l|\u2606MattFI\n|inactive|MattFI disconnected and has a minute to reconnect!\n|player|p2|\n|inactive|MattFI has 30 seconds left.\n|inactive|MattFI has 20 seconds left.\n|inactive|MattFI has 15 seconds left.\n|inactive|MattFI has 10 seconds left.\n|inactive|MattFI has 5 seconds left.\n|-message|MattFI lost due to inactivity.\n|\n|win|Renhur\n|raw|Renhur's rating: 1129 &rarr; <strong>1153<\/strong><br \/>(+24 for winning)\n|raw|MattFI's rating: 1122 &rarr; <strong>1098<\/strong><br \/>(-24 for losing)\n","uploadtime":1700890343,"views":9,"p1id":"renhur","p2id":"mattfi","formatid":"gen9ou","rating":1098,"private":0,"password":""}