{"id":"gen9ou-1993336739","p1":"luckypants54","p2":"requiem887","format":"[Gen 9] OU","log":"|j|\u2606luckypants54\n|j|\u2606requiem887\n|t:|1700301038\n|gametype|singles\n|player|p1|luckypants54|scott|1263\n|player|p2|requiem887|102|1226\n|teamsize|p1|6\n|teamsize|p2|6\n|gen|9\n|tier|[Gen 9] OU\n|rated|\n|rule|Sleep Clause Mod: Limit one foe put to sleep\n|rule|Species Clause: Limit one of each Pok\u00e9mon\n|rule|OHKO Clause: OHKO moves are banned\n|rule|Evasion Items Clause: Evasion items are banned\n|rule|Evasion Moves Clause: Evasion moves are banned\n|rule|Endless Battle Clause: Forcing endless battles is banned\n|rule|HP Percentage Mod: HP is shown in percentages\n|clearpoke\n|poke|p1|Landorus-Therian, M|\n|poke|p1|Arcanine-Hisui, M|\n|poke|p1|Corviknight, F|\n|poke|p1|Ogerpon-Wellspring, F|\n|poke|p1|Thundurus-Therian, M|\n|poke|p1|Garchomp, F|\n|poke|p2|Munkidori, M|\n|poke|p2|Fezandipiti, M|\n|poke|p2|Okidogi, M|\n|poke|p2|Sableye, M|\n|poke|p2|Weezing-Galar, M|\n|poke|p2|Salazzle, F|\n|teampreview\n|inactive|Battle timer is ON: inactive players will automatically lose when time's up. (requested by luckypants54)\n|\n|t:|1700301061\n|start\n|switch|p1a: Arcanine|Arcanine-Hisui, M|100\/100\n|switch|p2a: Fezandipiti|Fezandipiti, M|100\/100\n|turn|1\n|\n|t:|1700301084\n|switch|p2a: Weezing|Weezing-Galar, M|100\/100\n|-ability|p2a: Weezing|Neutralizing Gas\n|-terastallize|p1a: Arcanine|Fire\n|move|p1a: Arcanine|Flare Blitz|p2a: Weezing\n|-damage|p2a: Weezing|47\/100\n|-damage|p1a: Arcanine|83\/100|[from] Recoil\n|\n|-heal|p2a: Weezing|53\/100|[from] item: Black Sludge\n|upkeep\n|turn|2\n|inactive|requiem887 has 120 seconds left.\n|\n|t:|1700301109\n|move|p1a: Arcanine|Flare Blitz|p2a: Weezing\n|-damage|p2a: Weezing|1\/100\n|-status|p2a: Weezing|brn\n|-damage|p1a: Arcanine|65\/100|[from] Recoil\n|move|p2a: Weezing|Toxic|p1a: Arcanine\n|-status|p1a: Arcanine|tox\n|\n|-heal|p2a: Weezing|7\/100 brn|[from] item: Black Sludge\n|-damage|p1a: Arcanine|59\/100 tox|[from] psn\n|-damage|p2a: Weezing|1\/100 brn|[from] brn\n|upkeep\n|turn|3\n|inactive|requiem887 has 120 seconds left.\n|\n|t:|1700301131\n|move|p1a: Arcanine|Flare Blitz|p2a: Weezing\n|-damage|p2a: Weezing|0 fnt\n|faint|p2a: Weezing\n|-end|p2a: Weezing|ability: Neutralizing Gas\n|\n|-damage|p1a: Arcanine|47\/100 tox|[from] psn\n|upkeep\n|\n|t:|1700301135\n|switch|p2a: Sableye|Sableye, M|100\/100\n|turn|4\n|\n|t:|1700301142\n|move|p2a: Sableye|Disable|p1a: Arcanine\n|-start|p1a: Arcanine|Disable|Flare Blitz\n|cant|p1a: Arcanine|Disable|Flare Blitz\n|\n|-damage|p1a: Arcanine|29\/100 tox|[from] psn\n|upkeep\n|turn|5\n|inactive|requiem887 has 120 seconds left.\n|\n|t:|1700301154\n|switch|p1a: Thundurus|Thundurus-Therian, M|100\/100\n|move|p2a: Sableye|Mean Look|p1a: Thundurus\n|-activate|p1a: Thundurus|trapped\n|\n|upkeep\n|turn|6\n|\n|t:|1700301162\n|switch|p2a: Fezandipiti|Fezandipiti, M|100\/100\n|move|p1a: Thundurus|Nasty Plot|p1a: Thundurus\n|-boost|p1a: Thundurus|spa|2\n|\n|upkeep\n|turn|7\n|\n|t:|1700301169\n|move|p1a: Thundurus|Thunderbolt|p2a: Fezandipiti\n|-damage|p2a: Fezandipiti|61\/100\n|move|p2a: Fezandipiti|Beat Up|p1a: Thundurus\n|-damage|p1a: Thundurus|96\/100\n|-damage|p1a: Thundurus|92\/100\n|-damage|p1a: Thundurus|86\/100\n|-damage|p1a: Thundurus|82\/100\n|-damage|p1a: Thundurus|78\/100\n|-hitcount|p1a: Thundurus|5\n|\n|upkeep\n|turn|8\n|\n|t:|1700301175\n|move|p1a: Thundurus|Thunderbolt|p2a: Fezandipiti\n|-damage|p2a: Fezandipiti|24\/100\n|move|p2a: Fezandipiti|Beat Up|p1a: Thundurus\n|-damage|p1a: Thundurus|73\/100\n|-crit|p1a: Thundurus\n|-damage|p1a: Thundurus|67\/100\n|-damage|p1a: Thundurus|62\/100\n|-damage|p1a: Thundurus|57\/100\n|-damage|p1a: Thundurus|54\/100\n|-status|p1a: Thundurus|tox|[from] ability: Toxic Chain|[of] p2a: Fezandipiti\n|-hitcount|p1a: Thundurus|5\n|\n|-damage|p1a: Thundurus|48\/100 tox|[from] psn\n|upkeep\n|turn|9\n|\n|t:|1700301204\n|move|p1a: Thundurus|Thunderbolt|p2a: Fezandipiti\n|-damage|p2a: Fezandipiti|0 fnt\n|faint|p2a: Fezandipiti\n|\n|-damage|p1a: Thundurus|36\/100 tox|[from] psn\n|upkeep\n|\n|t:|1700301207\n|switch|p2a: Sableye|Sableye, M|100\/100\n|turn|10\n|\n|t:|1700301214\n|move|p2a: Sableye|Disable|p1a: Thundurus\n|-start|p1a: Thundurus|Disable|Thunderbolt\n|move|p1a: Thundurus|Volt Switch|p2a: Sableye\n|-crit|p2a: Sableye\n|-damage|p2a: Sableye|0 fnt\n|faint|p2a: Sableye\n|\n|t:|1700301219\n|switch|p1a: Arcanine|Arcanine-Hisui, M, tera:Fire|29\/100 tox|[from] Volt Switch\n|\n|-damage|p1a: Arcanine|23\/100 tox|[from] psn\n|upkeep\n|\n|t:|1700301223\n|switch|p2a: Okidogi|Okidogi, M|100\/100\n|-item|p2a: Okidogi|Air Balloon\n|turn|11\n|\n|t:|1700301228\n|move|p1a: Arcanine|Flare Blitz|p2a: Okidogi\n|-damage|p2a: Okidogi|49\/100\n|-enditem|p2a: Okidogi|Air Balloon\n|move|p2a: Okidogi|Bulk Up|p2a: Okidogi\n|-boost|p2a: Okidogi|atk|1\n|-boost|p2a: Okidogi|def|1\n|\n|-damage|p1a: Arcanine|11\/100 tox|[from] psn\n|upkeep\n|turn|12\n|\n|t:|1700301233\n|move|p1a: Arcanine|Flare Blitz|p2a: Okidogi\n|-damage|p2a: Okidogi|13\/100\n|move|p2a: Okidogi|Bulk Up|p2a: Okidogi\n|-boost|p2a: Okidogi|atk|1\n|-boost|p2a: Okidogi|def|1\n|\n|-damage|p1a: Arcanine|0 fnt|[from] psn\n|faint|p1a: Arcanine\n|upkeep\n|\n|t:|1700301239\n|switch|p1a: Thundurus|Thundurus-Therian, M|36\/100 tox\n|turn|13\n|\n|t:|1700301244\n|move|p1a: Thundurus|Volt Switch|p2a: Okidogi\n|-damage|p2a: Okidogi|0 fnt\n|faint|p2a: Okidogi\n|\n|t:|1700301247\n|switch|p1a: Garchomp|Garchomp, F|100\/100|[from] Volt Switch\n|\n|upkeep\n|\n|t:|1700301251\n|switch|p2a: Munkidori|Munkidori, M|100\/100\n|turn|14\n|\n|t:|1700301256\n|move|p2a: Munkidori|Fake Out|p1a: Garchomp\n|-damage|p1a: Garchomp|94\/100\n|-damage|p2a: Munkidori|88\/100|[from] ability: Rough Skin|[of] p1a: Garchomp\n|-status|p1a: Garchomp|tox|[from] ability: Toxic Chain|[of] p2a: Munkidori\n|cant|p1a: Garchomp|flinch\n|\n|-damage|p1a: Garchomp|88\/100 tox|[from] psn\n|upkeep\n|turn|15\n|\n|t:|1700301269\n|move|p2a: Munkidori|Hex|p1a: Garchomp\n|-damage|p1a: Garchomp|32\/100 tox\n|move|p1a: Garchomp|Scale Shot|p2a: Munkidori\n|-damage|p2a: Munkidori|67\/100\n|-damage|p2a: Munkidori|45\/100\n|-damage|p2a: Munkidori|21\/100\n|-damage|p2a: Munkidori|0 fnt\n|faint|p2a: Munkidori\n|-hitcount|p2: Munkidori|4\n|-unboost|p1a: Garchomp|def|1\n|-boost|p1a: Garchomp|spe|1\n|\n|-damage|p1a: Garchomp|20\/100 tox|[from] psn\n|upkeep\n|\n|t:|1700301275\n|switch|p2a: Salazzle|Salazzle, F|100\/100\n|turn|16\n|\n|t:|1700301280\n|move|p1a: Garchomp|Scale Shot|p2a: Salazzle\n|-damage|p2a: Salazzle|77\/100\n|-damage|p2a: Salazzle|57\/100\n|-damage|p2a: Salazzle|35\/100\n|-damage|p2a: Salazzle|13\/100\n|-hitcount|p2a: Salazzle|4\n|-unboost|p1a: Garchomp|def|1\n|-boost|p1a: Garchomp|spe|1\n|move|p2a: Salazzle|Substitute|p2a: Salazzle\n|-fail|p2a: Salazzle|move: Substitute|[weak]\n|\n|-heal|p2a: Salazzle|19\/100|[from] item: Black Sludge\n|-damage|p1a: Garchomp|1\/100 tox|[from] psn\n|upkeep\n|turn|17\n|\n|t:|1700301292\n|move|p2a: Salazzle|Protect|p2a: Salazzle\n|-singleturn|p2a: Salazzle|Protect\n|move|p1a: Garchomp|Earthquake|p2a: Salazzle\n|-activate|p2a: Salazzle|move: Protect\n|\n|-heal|p2a: Salazzle|26\/100|[from] item: Black Sludge\n|-damage|p1a: Garchomp|0 fnt|[from] psn\n|faint|p1a: Garchomp\n|upkeep\n|n|!luckypants54|luckypants54\n|\n|t:|1700301302\n|switch|p1a: Landorus|Landorus-Therian, M|100\/100\n|-ability|p1a: Landorus|Intimidate|boost\n|-unboost|p2a: Salazzle|atk|1\n|turn|18\n|\n|t:|1700301309\n|move|p2a: Salazzle|Toxic|p1a: Landorus\n|-status|p1a: Landorus|tox\n|move|p1a: Landorus|Earthquake|p2a: Salazzle\n|-supereffective|p2a: Salazzle\n|-damage|p2a: Salazzle|0 fnt\n|faint|p2a: Salazzle\n|\n|win|luckypants54\n|raw|luckypants54's rating: 1263 &rarr; <strong>1285<\/strong><br \/>(+22 for winning)\n|raw|requiem887's rating: 1226 &rarr; <strong>1204<\/strong><br \/>(-22 for losing)\n","uploadtime":1700301297,"views":9,"p1id":"luckypants54","p2id":"requiem887","formatid":"gen9ou","rating":1204,"private":0,"password":""}