{"id":"gen9ou-1999992350","p1":"TPerZ","p2":"RggV","format":"[Gen 9] OU","log":"|j|\u2606TPerZ\n|j|\u2606RggV\n|t:|1701138631\n|gametype|singles\n|player|p1|TPerZ|doctor|1713\n|player|p2|RggV|#wcop2023latinamerica|1662\n|teamsize|p1|6\n|teamsize|p2|6\n|gen|9\n|tier|[Gen 9] OU\n|rated|\n|rule|Sleep Clause Mod: Limit one foe put to sleep\n|rule|Species Clause: Limit one of each Pok\u00e9mon\n|rule|OHKO Clause: OHKO moves are banned\n|rule|Evasion Items Clause: Evasion items are banned\n|rule|Evasion Moves Clause: Evasion moves are banned\n|rule|Endless Battle Clause: Forcing endless battles is banned\n|rule|HP Percentage Mod: HP is shown in percentages\n|clearpoke\n|poke|p1|Hydreigon, M|\n|poke|p1|Ninetales-Alola, M|\n|poke|p1|Heatran, M|\n|poke|p1|Amoonguss, M|\n|poke|p1|Zapdos|\n|poke|p1|Great Tusk|\n|poke|p2|Infernape, M|\n|poke|p2|Ribombee, F|\n|poke|p2|Gholdengo|\n|poke|p2|Manaphy|\n|poke|p2|Landorus-Therian, M|\n|poke|p2|Kommo-o, F|\n|teampreview\n|inactive|Battle timer is ON: inactive players will automatically lose when time's up. (requested by RggV)\n|inactive|TPerZ also wants the timer to be on.\n|inactive|RggV has 120 seconds left.\n|\n|t:|1701138689\n|start\n|switch|p1a: Edson|Amoonguss, M|100\/100\n|switch|p2a: Ribombee|Ribombee, F|100\/100\n|turn|1\n|\n|t:|1701138696\n|move|p2a: Ribombee|Sticky Web|p1a: Edson\n|-sidestart|p1: TPerZ|move: Sticky Web\n|move|p1a: Edson|Sludge Bomb|p2a: Ribombee\n|-supereffective|p2a: Ribombee\n|-enditem|p2a: Ribombee|Focus Sash\n|-damage|p2a: Ribombee|1\/100\n|\n|upkeep\n|turn|2\n|inactive|TPerZ has 120 seconds left.\n|\n|t:|1701138730\n|move|p2a: Ribombee|Psychic|p1a: Edson\n|-supereffective|p1a: Edson\n|-damage|p1a: Edson|54\/100\n|move|p1a: Edson|Sludge Bomb|p2a: Ribombee\n|-supereffective|p2a: Ribombee\n|-damage|p2a: Ribombee|0 fnt\n|faint|p2a: Ribombee\n|\n|-heal|p1a: Edson|60\/100|[from] item: Black Sludge\n|upkeep\n|\n|t:|1701138732\n|switch|p2a: Son Goku|Infernape, M|100\/100\n|turn|3\n|inactive|TPerZ has 120 seconds left.\n|\n|t:|1701138758\n|switch|p1a: Rudoeda|Great Tusk|100\/100\n|-activate|p1a: Rudoeda|move: Sticky Web\n|-unboost|p1a: Rudoeda|spe|1\n|move|p2a: Son Goku|Swords Dance|p2a: Son Goku\n|-boost|p2a: Son Goku|atk|2\n|\n|upkeep\n|turn|4\n|\n|t:|1701138769\n|-terastallize|p2a: Son Goku|Grass\n|move|p2a: Son Goku|Grass Knot|p1a: Rudoeda\n|-supereffective|p1a: Rudoeda\n|-damage|p1a: Rudoeda|0 fnt\n|-damage|p2a: Son Goku|84\/100|[from] item: Rocky Helmet|[of] p1a: Rudoeda\n|faint|p1a: Rudoeda\n|-end|p1a: Rudoeda|Protosynthesis|[silent]\n|-damage|p2a: Son Goku|74\/100|[from] item: Life Orb\n|\n|upkeep\n|\n|t:|1701138777\n|switch|p1a: Horno|Heatran, M|100\/100\n|-activate|p1a: Horno|move: Sticky Web\n|-unboost|p1a: Horno|spe|1\n|turn|5\n|\n|t:|1701138781\n|move|p1a: Horno|Protect|p1a: Horno\n|-singleturn|p1a: Horno|Protect\n|move|p2a: Son Goku|Mach Punch|p1a: Horno\n|-activate|p1a: Horno|move: Protect\n|\n|upkeep\n|turn|6\n|\n|t:|1701138786\n|-terastallize|p1a: Horno|Grass\n|move|p2a: Son Goku|Mach Punch|p1a: Horno\n|-damage|p1a: Horno|57\/100\n|-damage|p2a: Son Goku|64\/100|[from] item: Life Orb\n|move|p1a: Horno|Magma Storm|p2a: Son Goku|[miss]\n|-miss|p1a: Horno|p2a: Son Goku\n|\n|-heal|p1a: Horno|63\/100|[from] item: Leftovers\n|upkeep\n|turn|7\n|\n|t:|1701138794\n|move|p2a: Son Goku|Swords Dance|p2a: Son Goku\n|-boost|p2a: Son Goku|atk|2\n|move|p1a: Horno|Flash Cannon|p2a: Son Goku\n|-damage|p2a: Son Goku|0 fnt\n|faint|p2a: Son Goku\n|\n|-heal|p1a: Horno|69\/100|[from] item: Leftovers\n|upkeep\n|\n|t:|1701138799\n|switch|p2a: Manaphy|Manaphy|100\/100\n|turn|8\n|\n|t:|1701138809\n|move|p2a: Manaphy|Tail Glow|p2a: Manaphy\n|-boost|p2a: Manaphy|spa|3\n|move|p1a: Horno|Magma Storm|p2a: Manaphy\n|-resisted|p2a: Manaphy\n|-crit|p2a: Manaphy\n|-damage|p2a: Manaphy|67\/100\n|-activate|p2a: Manaphy|move: Magma Storm|[of] p1a: Horno\n|\n|-heal|p2a: Manaphy|73\/100|[from] item: Leftovers\n|-heal|p1a: Horno|75\/100|[from] item: Leftovers\n|-damage|p2a: Manaphy|61\/100|[from] move: Magma Storm|[partiallytrapped]\n|upkeep\n|turn|9\n|inactive|RggV has 120 seconds left.\n|\n|t:|1701138839\n|move|p1a: Horno|Protect|p1a: Horno\n|-singleturn|p1a: Horno|Protect\n|move|p2a: Manaphy|Tail Glow|p2a: Manaphy\n|-boost|p2a: Manaphy|spa|3\n|\n|-heal|p2a: Manaphy|67\/100|[from] item: Leftovers\n|-heal|p1a: Horno|82\/100|[from] item: Leftovers\n|-damage|p2a: Manaphy|55\/100|[from] move: Magma Storm|[partiallytrapped]\n|upkeep\n|turn|10\n|\n|t:|1701138845\n|move|p1a: Horno|Protect||[still]\n|-fail|p1a: Horno\n|move|p2a: Manaphy|Dazzling Gleam|p1a: Horno\n|-damage|p1a: Horno|22\/100\n|\n|-heal|p2a: Manaphy|61\/100|[from] item: Leftovers\n|-heal|p1a: Horno|28\/100|[from] item: Leftovers\n|-damage|p2a: Manaphy|49\/100|[from] move: Magma Storm|[partiallytrapped]\n|upkeep\n|turn|11\n|inactive|RggV has 120 seconds left.\n|\n|t:|1701138871\n|move|p1a: Horno|Protect|p1a: Horno\n|-singleturn|p1a: Horno|Protect\n|move|p2a: Manaphy|Dazzling Gleam|p1a: Horno\n|-activate|p1a: Horno|move: Protect\n|\n|-heal|p2a: Manaphy|55\/100|[from] item: Leftovers\n|-heal|p1a: Horno|35\/100|[from] item: Leftovers\n|-damage|p2a: Manaphy|42\/100|[from] move: Magma Storm|[partiallytrapped]\n|upkeep\n|turn|12\n|inactive|RggV has 120 seconds left.\n|inactive|TPerZ has 120 seconds left.\n|\n|t:|1701138923\n|move|p1a: Horno|Protect||[still]\n|-fail|p1a: Horno\n|move|p2a: Manaphy|Surf|p1a: Horno\n|-resisted|p1a: Horno\n|-damage|p1a: Horno|0 fnt\n|faint|p1a: Horno\n|\n|-heal|p2a: Manaphy|49\/100|[from] item: Leftovers\n|-end|p2a: Manaphy|Magma Storm|[partiallytrapped]|[silent]\n|upkeep\n|\n|t:|1701138926\n|switch|p1a: Zapdos|Zapdos|100\/100\n|-ability|p1a: Zapdos|Pressure\n|turn|13\n|\n|t:|1701138930\n|move|p2a: Manaphy|Surf|p1a: Zapdos\n|-damage|p1a: Zapdos|0 fnt\n|faint|p1a: Zapdos\n|\n|-heal|p2a: Manaphy|55\/100|[from] item: Leftovers\n|upkeep\n|\n|t:|1701138934\n|switch|p1a: Edson|Amoonguss, M|93\/100\n|-activate|p1a: Edson|move: Sticky Web\n|-unboost|p1a: Edson|spe|1\n|turn|14\n|\n|t:|1701138937\n|move|p2a: Manaphy|Surf|p1a: Edson\n|-resisted|p1a: Edson\n|-damage|p1a: Edson|21\/100\n|move|p1a: Edson|Giga Drain|p2a: Manaphy\n|-supereffective|p2a: Manaphy\n|-damage|p2a: Manaphy|5\/100\n|-heal|p1a: Edson|41\/100|[from] drain|[of] p2a: Manaphy\n|\n|-heal|p2a: Manaphy|12\/100|[from] item: Leftovers\n|-heal|p1a: Edson|47\/100|[from] item: Black Sludge\n|upkeep\n|turn|15\n|\n|t:|1701138950\n|switch|p1a: Dimi|Ninetales-Alola, M|100\/100\n|-activate|p1a: Dimi|move: Sticky Web\n|-unboost|p1a: Dimi|spe|1\n|-weather|Snow|[from] ability: Snow Warning|[of] p1a: Dimi\n|move|p2a: Manaphy|Surf|p1a: Dimi\n|-damage|p1a: Dimi|0 fnt\n|faint|p1a: Dimi\n|\n|-weather|Snow|[upkeep]\n|-heal|p2a: Manaphy|18\/100|[from] item: Leftovers\n|upkeep\n|\n|t:|1701138952\n|switch|p1a: Edson|Amoonguss, M|80\/100\n|-activate|p1a: Edson|move: Sticky Web\n|-unboost|p1a: Edson|spe|1\n|turn|16\n|\n|t:|1701138957\n|move|p2a: Manaphy|Surf|p1a: Edson\n|-resisted|p1a: Edson\n|-damage|p1a: Edson|16\/100\n|move|p1a: Edson|Giga Drain|p2a: Manaphy\n|-supereffective|p2a: Manaphy\n|-damage|p2a: Manaphy|0 fnt\n|-heal|p1a: Edson|23\/100|[from] drain|[of] p2a: Manaphy\n|faint|p2a: Manaphy\n|\n|-weather|Snow|[upkeep]\n|-heal|p1a: Edson|29\/100|[from] item: Black Sludge\n|upkeep\n|\n|t:|1701138965\n|switch|p2a: McFries|Gholdengo|100\/100\n|-item|p2a: McFries|Air Balloon\n|turn|17\n|\n|t:|1701138978\n|move|p2a: McFries|Nasty Plot|p2a: McFries\n|-boost|p2a: McFries|spa|2\n|move|p1a: Edson|Giga Drain|p2a: McFries\n|-resisted|p2a: McFries\n|-damage|p2a: McFries|86\/100\n|-heal|p1a: Edson|34\/100|[from] drain|[of] p2a: McFries\n|-enditem|p2a: McFries|Air Balloon\n|\n|-weather|Snow|[upkeep]\n|-heal|p1a: Edson|40\/100|[from] item: Black Sludge\n|upkeep\n|turn|18\n|\n|t:|1701138982\n|move|p2a: McFries|Shadow Ball|p1a: Edson\n|-damage|p1a: Edson|0 fnt\n|faint|p1a: Edson\n|\n|-weather|Snow|[upkeep]\n|upkeep\n|\n|t:|1701138984\n|switch|p1a: German|Hydreigon, M|100\/100\n|turn|19\n|j| xxCOALLAxx\n|\n|t:|1701138987\n|move|p1a: German|Dark Pulse|p2a: McFries\n|-supereffective|p2a: McFries\n|-damage|p2a: McFries|0 fnt\n|faint|p2a: McFries\n|\n|-weather|none\n|upkeep\n|\n|t:|1701138991\n|switch|p2a: Kommo-o|Kommo-o, F|100\/100\n|turn|20\n|\n|t:|1701138995\n|move|p1a: German|Draco Meteor|p2a: Kommo-o\n|-supereffective|p2a: Kommo-o\n|-damage|p2a: Kommo-o|0 fnt\n|-unboost|p1a: German|spa|2\n|faint|p2a: Kommo-o\n|\n|upkeep\n|\n|t:|1701138997\n|switch|p2a: Landorus|Landorus-Therian, M|100\/100\n|-ability|p2a: Landorus|Intimidate|boost\n|-unboost|p1a: German|atk|1\n|turn|21\n|\n|t:|1701139004\n|move|p2a: Landorus|Smack Down|p1a: German\n|-damage|p1a: German|79\/100\n|-start|p1a: German|Smack Down\n|move|p1a: German|Nasty Plot|p1a: German\n|-boost|p1a: German|spa|2\n|\n|-heal|p1a: German|85\/100|[from] item: Leftovers\n|upkeep\n|turn|22\n|\n|t:|1701139010\n|move|p2a: Landorus|Substitute|p2a: Landorus\n|-start|p2a: Landorus|Substitute\n|-damage|p2a: Landorus|76\/100\n|move|p1a: German|Dark Pulse|p2a: Landorus\n|-end|p2a: Landorus|Substitute\n|\n|-heal|p2a: Landorus|82\/100|[from] item: Leftovers\n|-heal|p1a: German|91\/100|[from] item: Leftovers\n|upkeep\n|turn|23\n|\n|t:|1701139015\n|move|p2a: Landorus|Earthquake|p1a: German\n|-damage|p1a: German|28\/100\n|move|p1a: German|Dark Pulse|p2a: Landorus\n|-damage|p2a: Landorus|26\/100\n|\n|-heal|p2a: Landorus|32\/100|[from] item: Leftovers\n|-heal|p1a: German|34\/100|[from] item: Leftovers\n|upkeep\n|turn|24\n|\n|t:|1701139022\n|move|p2a: Landorus|Earthquake|p1a: German\n|-damage|p1a: German|0 fnt\n|faint|p1a: German\n|\n|win|RggV\n|raw|TPerZ's rating: 1713 &rarr; <strong>1690<\/strong><br \/>(-23 for losing)\n|raw|RggV's rating: 1665 &rarr; <strong>1688<\/strong><br \/>(+23 for winning)\n|l|\u2606RggV\n","uploadtime":1701139040,"views":16,"p1id":"tperz","p2id":"rggv","formatid":"gen9ou","rating":1688,"private":0,"password":""}