{"id":"gen9ou-1992024992","p1":"Speecrab","p2":"ddddddwqeassss","format":"[Gen 9] OU","log":"|j|\u2606Speecrab\n|j|\u2606ddddddwqeassss\n|t:|1700148735\n|gametype|singles\n|player|p1|Speecrab|preschooler|1060\n|player|p2|ddddddwqeassss|gentleman|1136\n|teamsize|p1|6\n|teamsize|p2|6\n|gen|9\n|tier|[Gen 9] OU\n|rated|\n|rule|Sleep Clause Mod: Limit one foe put to sleep\n|rule|Species Clause: Limit one of each Pok\u00e9mon\n|rule|OHKO Clause: OHKO moves are banned\n|rule|Evasion Items Clause: Evasion items are banned\n|rule|Evasion Moves Clause: Evasion moves are banned\n|rule|Endless Battle Clause: Forcing endless battles is banned\n|rule|HP Percentage Mod: HP is shown in percentages\n|clearpoke\n|poke|p1|Salamence, F|\n|poke|p1|Iron Valiant|\n|poke|p1|Heatran, F|\n|poke|p1|Ogerpon-Wellspring, F|\n|poke|p1|Toxapex, M|\n|poke|p1|Camerupt, M|\n|poke|p2|Zapdos|\n|poke|p2|Slowking-Galar, F|\n|poke|p2|Perrserker, M|\n|poke|p2|Great Tusk|\n|poke|p2|Crawdaunt, F|\n|poke|p2|Mandibuzz, F|\n|teampreview\n|\n|t:|1700148758\n|start\n|switch|p1a: Camerupt|Camerupt, M|100\/100\n|switch|p2a: Crawdaunt|Crawdaunt, F|100\/100\n|turn|1\n|\n|t:|1700148770\n|switch|p1a: Toxapex|Toxapex, M|100\/100\n|move|p2a: Crawdaunt|Knock Off|p1a: Toxapex\n|-damage|p1a: Toxapex|36\/100\n|-enditem|p1a: Toxapex|Poison Barb|[from] move: Knock Off|[of] p2a: Crawdaunt\n|\n|upkeep\n|turn|2\n|\n|t:|1700148777\n|move|p2a: Crawdaunt|Knock Off|p1a: Toxapex\n|-damage|p1a: Toxapex|0 fnt\n|faint|p1a: Toxapex\n|\n|upkeep\n|\n|t:|1700148780\n|switch|p1a: Iron Valiant|Iron Valiant|100\/100\n|-enditem|p1a: Iron Valiant|Booster Energy\n|-activate|p1a: Iron Valiant|ability: Quark Drive|[fromitem]\n|-start|p1a: Iron Valiant|quarkdrivespe\n|turn|3\n|\n|t:|1700148791\n|switch|p2a: Slowking|Slowking-Galar, F|100\/100\n|move|p1a: Iron Valiant|Moonblast|p2a: Slowking\n|-resisted|p2a: Slowking\n|-damage|p2a: Slowking|82\/100\n|\n|upkeep\n|turn|4\n|\n|t:|1700148809\n|-end|p1a: Iron Valiant|Quark Drive|[silent]\n|switch|p1a: Heatran|Heatran, F|100\/100\n|move|p2a: Slowking|Chilly Reception|p2a: Slowking\n|-weather|Snow\n|\n|t:|1700148823\n|switch|p2a: Crawdaunt|Crawdaunt, F|100\/100|[from] Chilly Reception\n|\n|-weather|Snow|[upkeep]\n|upkeep\n|turn|5\n|\n|t:|1700148845\n|move|p1a: Heatran|Will-O-Wisp|p2a: Crawdaunt\n|-status|p2a: Crawdaunt|brn\n|move|p2a: Crawdaunt|Knock Off|p1a: Heatran\n|-damage|p1a: Heatran|60\/100\n|-enditem|p1a: Heatran|Leftovers|[from] move: Knock Off|[of] p2a: Crawdaunt\n|\n|-weather|Snow|[upkeep]\n|-damage|p2a: Crawdaunt|94\/100 brn|[from] brn\n|upkeep\n|turn|6\n|\n|t:|1700148853\n|move|p1a: Heatran|Flash Cannon|p2a: Crawdaunt\n|-resisted|p2a: Crawdaunt\n|-damage|p2a: Crawdaunt|57\/100 brn\n|move|p2a: Crawdaunt|Knock Off|p1a: Heatran\n|-damage|p1a: Heatran|31\/100\n|\n|-weather|Snow|[upkeep]\n|-damage|p2a: Crawdaunt|51\/100 brn|[from] brn\n|upkeep\n|turn|7\n|\n|t:|1700148863\n|move|p1a: Heatran|Flash Cannon|p2a: Crawdaunt\n|-resisted|p2a: Crawdaunt\n|-damage|p2a: Crawdaunt|16\/100 brn\n|-unboost|p2a: Crawdaunt|spd|1\n|move|p2a: Crawdaunt|Knock Off|p1a: Heatran\n|-damage|p1a: Heatran|2\/100\n|\n|-weather|Snow|[upkeep]\n|-damage|p2a: Crawdaunt|10\/100 brn|[from] brn\n|upkeep\n|turn|8\n|\n|t:|1700148878\n|switch|p2a: Slowking|Slowking-Galar, F|100\/100\n|move|p1a: Heatran|Flash Cannon|p2a: Slowking\n|-damage|p2a: Slowking|62\/100\n|\n|-weather|none\n|upkeep\n|turn|9\n|\n|t:|1700148889\n|switch|p2a: Crawdaunt|Crawdaunt, F|10\/100 brn\n|move|p1a: Heatran|Flash Cannon|p2a: Crawdaunt\n|-resisted|p2a: Crawdaunt\n|-damage|p2a: Crawdaunt|0 fnt\n|faint|p2a: Crawdaunt\n|\n|upkeep\n|\n|t:|1700148898\n|switch|p2a: Zapdos|Zapdos|100\/100\n|turn|10\n|\n|t:|1700148908\n|move|p2a: Zapdos|Hurricane|p1a: Heatran\n|-resisted|p1a: Heatran\n|-damage|p1a: Heatran|0 fnt\n|faint|p1a: Heatran\n|\n|upkeep\n|\n|t:|1700148914\n|switch|p1a: Salamence|Salamence, F|100\/100\n|turn|11\n|\n|t:|1700148924\n|move|p1a: Salamence|Dragon Dance|p1a: Salamence\n|-boost|p1a: Salamence|atk|1\n|-boost|p1a: Salamence|spe|1\n|move|p2a: Zapdos|Volt Switch|p1a: Salamence\n|-damage|p1a: Salamence|67\/100\n|\n|t:|1700148927\n|switch|p2a: Mandibuzz|Mandibuzz, F|100\/100|[from] Volt Switch\n|\n|upkeep\n|turn|12\n|\n|t:|1700148933\n|move|p1a: Salamence|Dragon Claw|p2a: Mandibuzz\n|-damage|p2a: Mandibuzz|62\/100\n|move|p2a: Mandibuzz|Foul Play|p1a: Salamence\n|-damage|p1a: Salamence|0 fnt\n|faint|p1a: Salamence\n|\n|upkeep\n|\n|t:|1700148940\n|switch|p1a: Ogerpon|Ogerpon-Wellspring, F|100\/100\n|turn|13\n|\n|t:|1700148947\n|-terastallize|p1a: Ogerpon|Water\n|detailschange|p1a: Ogerpon|Ogerpon-Wellspring-Tera, F, tera:Water\n|-ability|p1a: Ogerpon|Embody Aspect (Wellspring)|boost\n|-boost|p1a: Ogerpon|spd|1\n|move|p1a: Ogerpon|Ivy Cudgel|p2a: Mandibuzz|[anim] Ivy Cudgel Water\n|-damage|p2a: Mandibuzz|18\/100\n|move|p2a: Mandibuzz|Roost|p2a: Mandibuzz\n|-heal|p2a: Mandibuzz|68\/100\n|-singleturn|p2a: Mandibuzz|move: Roost\n|\n|upkeep\n|turn|14\n|\n|t:|1700148958\n|-terastallize|p2a: Mandibuzz|Dragon\n|move|p1a: Ogerpon|Leech Seed|p2a: Mandibuzz\n|-start|p2a: Mandibuzz|move: Leech Seed\n|move|p2a: Mandibuzz|Foul Play|p1a: Ogerpon\n|-damage|p1a: Ogerpon|35\/100\n|\n|-damage|p2a: Mandibuzz|55\/100|[from] Leech Seed|[of] p1a: Ogerpon\n|-heal|p1a: Ogerpon|52\/100|[silent]\n|upkeep\n|turn|15\n|\n|t:|1700148975\n|switch|p2a: Zapdos|Zapdos|100\/100\n|move|p1a: Ogerpon|Horn Leech|p2a: Zapdos\n|-resisted|p2a: Zapdos\n|-damage|p2a: Zapdos|77\/100\n|-heal|p1a: Ogerpon|67\/100|[from] drain|[of] p2a: Zapdos\n|\n|upkeep\n|turn|16\n|\n|t:|1700148981\n|move|p1a: Ogerpon|Leech Seed|p2a: Zapdos\n|-start|p2a: Zapdos|move: Leech Seed\n|move|p2a: Zapdos|Volt Switch|p1a: Ogerpon\n|-supereffective|p1a: Ogerpon\n|-damage|p1a: Ogerpon|22\/100\n|\n|t:|1700148989\n|switch|p2a: Mandibuzz|Mandibuzz, F, tera:Dragon|55\/100|[from] Volt Switch\n|\n|upkeep\n|turn|17\n|\n|t:|1700148992\n|move|p1a: Ogerpon|Horn Leech|p2a: Mandibuzz\n|-resisted|p2a: Mandibuzz\n|-damage|p2a: Mandibuzz|44\/100\n|-heal|p1a: Ogerpon|31\/100|[from] drain|[of] p2a: Mandibuzz\n|move|p2a: Mandibuzz|Foul Play|p1a: Ogerpon\n|-damage|p1a: Ogerpon|0 fnt\n|faint|p1a: Ogerpon\n|\n|upkeep\n|\n|t:|1700148997\n|switch|p1a: Iron Valiant|Iron Valiant|100\/100\n|turn|18\n|\n|t:|1700149004\n|move|p1a: Iron Valiant|Moonblast|p2a: Mandibuzz\n|-supereffective|p2a: Mandibuzz\n|-damage|p2a: Mandibuzz|0 fnt\n|faint|p2a: Mandibuzz\n|\n|upkeep\n|\n|t:|1700149006\n|switch|p2a: Perrserker|Perrserker, M|100\/100\n|turn|19\n|\n|t:|1700149016\n|move|p1a: Iron Valiant|Close Combat|p2a: Perrserker\n|-supereffective|p2a: Perrserker\n|-crit|p2a: Perrserker\n|-damage|p2a: Perrserker|0 fnt\n|-unboost|p1a: Iron Valiant|def|1\n|-unboost|p1a: Iron Valiant|spd|1\n|faint|p2a: Perrserker\n|\n|upkeep\n|\n|t:|1700149021\n|switch|p2a: Slowking|Slowking-Galar, F|96\/100\n|turn|20\n|\n|t:|1700149031\n|move|p1a: Iron Valiant|Psyshock|p2a: Slowking\n|-damage|p2a: Slowking|74\/100\n|move|p2a: Slowking|Future Sight|p1a: Iron Valiant\n|-start|p2a: Slowking|move: Future Sight\n|\n|upkeep\n|turn|21\n|\n|t:|1700149033\n|move|p1a: Iron Valiant|Thunderbolt|p2a: Slowking\n|-damage|p2a: Slowking|52\/100\n|-status|p2a: Slowking|par\n|move|p2a: Slowking|Chilly Reception|p2a: Slowking\n|-weather|Snow\n|\n|t:|1700149036\n|switch|p2a: Zapdos|Zapdos|77\/100|[from] Chilly Reception\n|\n|-weather|Snow|[upkeep]\n|upkeep\n|turn|22\n|\n|t:|1700149043\n|move|p1a: Iron Valiant|Moonblast|p2a: Zapdos\n|-damage|p2a: Zapdos|47\/100\n|move|p2a: Zapdos|Roost|p2a: Zapdos\n|-heal|p2a: Zapdos|97\/100\n|-singleturn|p2a: Zapdos|move: Roost\n|\n|-weather|Snow|[upkeep]\n|-end|p1a: Iron Valiant|move: Future Sight\n|-supereffective|p1a: Iron Valiant\n|-damage|p1a: Iron Valiant|0 fnt\n|faint|p1a: Iron Valiant\n|-end|p1a: Iron Valiant|Quark Drive|[silent]\n|upkeep\n|\n|t:|1700149046\n|switch|p1a: Camerupt|Camerupt, M|100\/100\n|turn|23\n|\n|t:|1700149050\n|move|p2a: Zapdos|Hurricane|p1a: Camerupt\n|-damage|p1a: Camerupt|60\/100\n|-start|p1a: Camerupt|confusion\n|-activate|p1a: Camerupt|confusion\n|move|p1a: Camerupt|Stealth Rock|p2a: Zapdos\n|-sidestart|p2: ddddddwqeassss|move: Stealth Rock\n|\n|-weather|Snow|[upkeep]\n|-heal|p1a: Camerupt|66\/100|[from] item: Leftovers\n|upkeep\n|turn|24\n|\n|t:|1700149057\n|move|p2a: Zapdos|Hurricane|p1a: Camerupt\n|-damage|p1a: Camerupt|23\/100\n|-activate|p1a: Camerupt|confusion\n|move|p1a: Camerupt|Yawn|p2a: Zapdos\n|-start|p2a: Zapdos|move: Yawn|[of] p1a: Camerupt\n|\n|-weather|Snow|[upkeep]\n|-heal|p1a: Camerupt|30\/100|[from] item: Leftovers\n|upkeep\n|turn|25\n|\n|t:|1700149067\n|move|p2a: Zapdos|Hurricane|p1a: Camerupt\n|-damage|p1a: Camerupt|0 fnt\n|faint|p1a: Camerupt\n|\n|win|ddddddwqeassss\n|raw|Speecrab's rating: 1060 &rarr; <strong>1045<\/strong><br \/>(-15 for losing)\n|raw|ddddddwqeassss's rating: 1136 &rarr; <strong>1156<\/strong><br \/>(+20 for winning)\n|l|\u2606Speecrab\n","uploadtime":1700149070,"views":32,"p1id":"speecrab","p2id":"ddddddwqeassss","formatid":"gen9ou","rating":1045,"private":0,"password":""}