{"id":"gen9ou-1994295499","p1":"Dumb keyboard lad","p2":"andres9gg6","format":"[Gen 9] OU","log":"|j|\u2606Dumb keyboard lad\n|j|\u2606andres9gg6\n|t:|1700428129\n|gametype|singles\n|player|p1|Dumb keyboard lad|battlegirl-gen4|1148\n|player|p2|andres9gg6|169|1227\n|teamsize|p1|6\n|teamsize|p2|6\n|gen|9\n|tier|[Gen 9] OU\n|rated|\n|rule|Sleep Clause Mod: Limit one foe put to sleep\n|rule|Species Clause: Limit one of each Pok\u00e9mon\n|rule|OHKO Clause: OHKO moves are banned\n|rule|Evasion Items Clause: Evasion items are banned\n|rule|Evasion Moves Clause: Evasion moves are banned\n|rule|Endless Battle Clause: Forcing endless battles is banned\n|rule|HP Percentage Mod: HP is shown in percentages\n|clearpoke\n|poke|p1|Cinderace, F|\n|poke|p1|Zapdos|\n|poke|p1|Ogerpon-Wellspring, F|\n|poke|p1|Slowking-Galar, M|\n|poke|p1|Ting-Lu|\n|poke|p1|Dondozo, M|\n|poke|p2|Shiftry, F|\n|poke|p2|Ceruledge, M|\n|poke|p2|Kingambit, M|\n|poke|p2|Zapdos|\n|poke|p2|Torkoal, M|\n|poke|p2|Walking Wake|\n|teampreview\n|inactive|Battle timer is ON: inactive players will automatically lose when time's up. (requested by Dumb keyboard lad)\n|\n|t:|1700428147\n|start\n|switch|p1a: CastlesMadeofSand|Ting-Lu|100\/100\n|switch|p2a: Torkoal|Torkoal, M|100\/100\n|-ability|p1a: CastlesMadeofSand|Vessel of Ruin\n|-weather|SunnyDay|[from] ability: Drought|[of] p2a: Torkoal\n|turn|1\n|\n|t:|1700428157\n|switch|p2a: Shiftry|Shiftry, F|100\/100\n|move|p1a: CastlesMadeofSand|Stealth Rock|p2a: Shiftry\n|-sidestart|p2: andres9gg6|move: Stealth Rock\n|\n|-weather|SunnyDay|[upkeep]\n|upkeep\n|turn|2\n|\n|t:|1700428174\n|switch|p1a: Little Wing|Zapdos|100\/100\n|move|p2a: Shiftry|Solar Beam||[still]\n|-prepare|p2a: Shiftry|Solar Beam\n|-anim|p2a: Shiftry|Solar Beam|p1a: Little Wing\n|-resisted|p1a: Little Wing\n|-damage|p1a: Little Wing|58\/100\n|\n|-weather|SunnyDay|[upkeep]\n|upkeep\n|turn|3\n|\n|t:|1700428189\n|switch|p2a: Ceruledge|Ceruledge, M|100\/100\n|-damage|p2a: Ceruledge|76\/100|[from] Stealth Rock\n|move|p1a: Little Wing|Volt Switch|p2a: Ceruledge\n|-damage|p2a: Ceruledge|44\/100\n|\n|t:|1700428199\n|switch|p1a: One Rainy Wish|Ogerpon-Wellspring, F|100\/100|[from] Volt Switch\n|\n|-weather|SunnyDay|[upkeep]\n|upkeep\n|turn|4\n|\n|t:|1700428207\n|switch|p2a: Zapdos|Zapdos|100\/100\n|-damage|p2a: Zapdos|76\/100|[from] Stealth Rock\n|move|p1a: One Rainy Wish|Knock Off|p2a: Zapdos\n|-damage|p2a: Zapdos|45\/100\n|-damage|p1a: One Rainy Wish|84\/100|[from] item: Rocky Helmet|[of] p2a: Zapdos\n|-enditem|p2a: Zapdos|Rocky Helmet|[from] move: Knock Off|[of] p1a: One Rainy Wish\n|\n|-weather|SunnyDay|[upkeep]\n|upkeep\n|turn|5\n|\n|t:|1700428227\n|switch|p1a: CastlesMadeofSand|Ting-Lu|100\/100\n|-ability|p1a: CastlesMadeofSand|Vessel of Ruin\n|move|p2a: Zapdos|Roost|p2a: Zapdos\n|-heal|p2a: Zapdos|95\/100\n|-singleturn|p2a: Zapdos|move: Roost\n|\n|-weather|SunnyDay|[upkeep]\n|upkeep\n|turn|6\n|\n|t:|1700428238\n|switch|p2a: Torkoal|Torkoal, M|100\/100\n|-damage|p2a: Torkoal|76\/100|[from] Stealth Rock\n|move|p1a: CastlesMadeofSand|Whirlwind|p2a: Torkoal\n|drag|p2a: Zapdos|Zapdos|95\/100\n|-damage|p2a: Zapdos|70\/100|[from] Stealth Rock\n|\n|-weather|SunnyDay|[upkeep]\n|upkeep\n|turn|7\n|\n|t:|1700428246\n|move|p2a: Zapdos|Heat Wave|p1a: CastlesMadeofSand\n|-damage|p1a: CastlesMadeofSand|82\/100\n|move|p1a: CastlesMadeofSand|Whirlwind|p2a: Zapdos\n|drag|p2a: Shiftry|Shiftry, F|100\/100\n|-damage|p2a: Shiftry|88\/100|[from] Stealth Rock\n|\n|-weather|SunnyDay|[upkeep]\n|-heal|p1a: CastlesMadeofSand|88\/100|[from] item: Leftovers\n|upkeep\n|turn|8\n|\n|t:|1700428272\n|switch|p1a: Little Wing|Zapdos|58\/100\n|move|p2a: Shiftry|Weather Ball|p1a: Little Wing\n|-damage|p1a: Little Wing|0 fnt\n|faint|p1a: Little Wing\n|\n|-weather|none\n|upkeep\n|inactive|Dumb keyboard lad has 120 seconds left.\n|\n|t:|1700428282\n|switch|p1a: Foxey Lady|Cinderace, F|100\/100\n|turn|9\n|\n|t:|1700428289\n|switch|p2a: Ceruledge|Ceruledge, M|44\/100\n|-damage|p2a: Ceruledge|20\/100|[from] Stealth Rock\n|move|p1a: Foxey Lady|Pyro Ball|p2a: Ceruledge\n|-start|p2a: Ceruledge|ability: Flash Fire\n|\n|upkeep\n|turn|10\n|\n|t:|1700428296\n|move|p1a: Foxey Lady|U-turn|p2a: Ceruledge\n|-resisted|p2a: Ceruledge\n|-damage|p2a: Ceruledge|14\/100\n|\n|t:|1700428309\n|switch|p1a: Hey Joe|Slowking-Galar, M|100\/100|[from] U-turn\n|move|p2a: Ceruledge|Flame Charge|p1a: Hey Joe\n|-damage|p1a: Hey Joe|72\/100\n|-boost|p2a: Ceruledge|spe|1\n|\n|upkeep\n|turn|11\n|inactive|Dumb keyboard lad has 120 seconds left.\n|\n|t:|1700428335\n|switch|p1a: CastlesMadeofSand|Ting-Lu|88\/100\n|-ability|p1a: CastlesMadeofSand|Vessel of Ruin\n|-terastallize|p2a: Ceruledge|Fire\n|move|p2a: Ceruledge|Bitter Blade|p1a: CastlesMadeofSand\n|-damage|p1a: CastlesMadeofSand|38\/100\n|-heal|p2a: Ceruledge|58\/100|[from] drain|[of] p1a: CastlesMadeofSand\n|\n|-heal|p1a: CastlesMadeofSand|44\/100|[from] item: Leftovers\n|upkeep\n|turn|12\n|\n|t:|1700428354\n|switch|p1a: Bold as Love|Dondozo, M|100\/100\n|move|p2a: Ceruledge|Bitter Blade|p1a: Bold as Love\n|-resisted|p1a: Bold as Love\n|-damage|p1a: Bold as Love|81\/100\n|-heal|p2a: Ceruledge|74\/100|[from] drain|[of] p1a: Bold as Love\n|\n|upkeep\n|turn|13\n|\n|t:|1700428362\n|move|p2a: Ceruledge|Poltergeist|p1a: Bold as Love\n|-activate|p1a: Bold as Love|move: Poltergeist|Heavy-Duty Boots\n|-damage|p1a: Bold as Love|57\/100\n|move|p1a: Bold as Love|Body Press|p2a: Ceruledge\n|-damage|p2a: Ceruledge|34\/100\n|\n|upkeep\n|turn|14\n|\n|t:|1700428382\n|move|p2a: Ceruledge|Poltergeist|p1a: Bold as Love|[miss]\n|-miss|p2a: Ceruledge|p1a: Bold as Love\n|move|p1a: Bold as Love|Body Press|p2a: Ceruledge\n|-damage|p2a: Ceruledge|0 fnt\n|faint|p2a: Ceruledge\n|\n|upkeep\n|\n|t:|1700428386\n|switch|p2a: Torkoal|Torkoal, M|76\/100\n|-damage|p2a: Torkoal|51\/100|[from] Stealth Rock\n|-weather|SunnyDay|[from] ability: Drought|[of] p2a: Torkoal\n|turn|15\n|inactive|Dumb keyboard lad has 120 seconds left.\n|\n|t:|1700428415\n|switch|p1a: Hey Joe|Slowking-Galar, M|100\/100\n|move|p2a: Torkoal|Rapid Spin|p1a: Hey Joe\n|-damage|p1a: Hey Joe|93\/100\n|-boost|p2a: Torkoal|spe|1\n|-sideend|p2: andres9gg6|Stealth Rock|[from] move: Rapid Spin|[of] p2a: Torkoal\n|\n|-weather|SunnyDay|[upkeep]\n|upkeep\n|turn|16\n|inactive|andres9gg6 has 120 seconds left.\n|\n|t:|1700428451\n|move|p1a: Hey Joe|Sludge Bomb|p2a: Torkoal\n|-damage|p2a: Torkoal|3\/100\n|move|p2a: Torkoal|Yawn|p1a: Hey Joe\n|-start|p1a: Hey Joe|move: Yawn|[of] p2a: Torkoal\n|\n|-weather|SunnyDay|[upkeep]\n|upkeep\n|turn|17\n|inactive|andres9gg6 has 120 seconds left.\n|inactive|Dumb keyboard lad has 90 seconds left.\n|\n|t:|1700428482\n|switch|p1a: Foxey Lady|Cinderace, F|100\/100\n|switch|p2a: Shiftry|Shiftry, F|88\/100\n|\n|-weather|SunnyDay|[upkeep]\n|upkeep\n|turn|18\n|inactive|andres9gg6 has 120 seconds left.\n|inactive|Dumb keyboard lad has 90 seconds left.\n|\n|t:|1700428494\n|switch|p2a: Walking Wake|Walking Wake|100\/100\n|-activate|p2a: Walking Wake|ability: Protosynthesis\n|-start|p2a: Walking Wake|protosynthesisspa\n|move|p1a: Foxey Lady|Will-O-Wisp|p2a: Walking Wake\n|-status|p2a: Walking Wake|brn\n|\n|-weather|SunnyDay|[upkeep]\n|-damage|p2a: Walking Wake|94\/100 brn|[from] brn\n|upkeep\n|turn|19\n|inactive|Dumb keyboard lad has 90 seconds left.\n|inactive|andres9gg6 has 120 seconds left.\n|\n|t:|1700428510\n|switch|p1a: Hey Joe|Slowking-Galar, M|100\/100\n|move|p2a: Walking Wake|Flamethrower|p1a: Hey Joe\n|-damage|p1a: Hey Joe|46\/100\n|\n|-weather|SunnyDay|[upkeep]\n|-damage|p2a: Walking Wake|88\/100 brn|[from] brn\n|upkeep\n|turn|20\n|inactive|andres9gg6 has 120 seconds left.\n|inactive|Dumb keyboard lad has 90 seconds left.\n|\n|t:|1700428521\n|switch|p1a: Bold as Love|Dondozo, M|57\/100\n|move|p2a: Walking Wake|Flamethrower|p1a: Bold as Love\n|-resisted|p1a: Bold as Love\n|-damage|p1a: Bold as Love|24\/100\n|\n|-weather|SunnyDay|[upkeep]\n|-damage|p2a: Walking Wake|82\/100 brn|[from] brn\n|upkeep\n|turn|21\n|inactive|Dumb keyboard lad has 90 seconds left.\n|inactive|andres9gg6 has 120 seconds left.\n|\n|t:|1700428552\n|move|p2a: Walking Wake|Flamethrower|p1a: Bold as Love\n|-resisted|p1a: Bold as Love\n|-damage|p1a: Bold as Love|0 fnt\n|faint|p1a: Bold as Love\n|\n|-weather|SunnyDay|[upkeep]\n|-damage|p2a: Walking Wake|76\/100 brn|[from] brn\n|upkeep\n|\n|t:|1700428555\n|switch|p1a: One Rainy Wish|Ogerpon-Wellspring, F|84\/100\n|turn|22\n|\n|t:|1700428561\n|move|p2a: Walking Wake|Flamethrower|p1a: One Rainy Wish\n|-damage|p1a: One Rainy Wish|7\/100\n|-status|p1a: One Rainy Wish|brn\n|move|p1a: One Rainy Wish|Power Whip|p2a: Walking Wake\n|-crit|p2a: Walking Wake\n|-damage|p2a: Walking Wake|20\/100 brn\n|\n|-weather|none\n|-end|p2a: Walking Wake|Protosynthesis\n|-damage|p2a: Walking Wake|14\/100 brn|[from] brn\n|-damage|p1a: One Rainy Wish|1\/100 brn|[from] brn\n|upkeep\n|turn|23\n|inactive|Dumb keyboard lad has 90 seconds left.\n|\n|t:|1700428578\n|switch|p1a: CastlesMadeofSand|Ting-Lu|44\/100\n|-ability|p1a: CastlesMadeofSand|Vessel of Ruin\n|move|p2a: Walking Wake|Flamethrower|p1a: CastlesMadeofSand\n|-damage|p1a: CastlesMadeofSand|31\/100\n|\n|-heal|p1a: CastlesMadeofSand|37\/100|[from] item: Leftovers\n|-damage|p2a: Walking Wake|8\/100 brn|[from] brn\n|upkeep\n|turn|24\n|c|\u2606Dumb keyboard lad|That's tragic\n|inactive|Dumb keyboard lad has 90 seconds left.\n|\n|t:|1700428588\n|-end|p2a: Walking Wake|Protosynthesis|[silent]\n|switch|p2a: Torkoal|Torkoal, M|3\/100\n|-weather|SunnyDay|[from] ability: Drought|[of] p2a: Torkoal\n|move|p1a: CastlesMadeofSand|Stealth Rock|p2a: Torkoal\n|-sidestart|p2: andres9gg6|move: Stealth Rock\n|\n|-weather|SunnyDay|[upkeep]\n|-heal|p1a: CastlesMadeofSand|44\/100|[from] item: Leftovers\n|upkeep\n|turn|25\n|inactive|Dumb keyboard lad has 90 seconds left.\n|\n|t:|1700428598\n|move|p2a: Torkoal|Rapid Spin|p1a: CastlesMadeofSand\n|-damage|p1a: CastlesMadeofSand|38\/100\n|-boost|p2a: Torkoal|spe|1\n|-sideend|p2: andres9gg6|Stealth Rock|[from] move: Rapid Spin|[of] p2a: Torkoal\n|move|p1a: CastlesMadeofSand|Whirlwind|p2a: Torkoal\n|drag|p2a: Shiftry|Shiftry, F|88\/100\n|\n|-weather|SunnyDay|[upkeep]\n|-heal|p1a: CastlesMadeofSand|44\/100|[from] item: Leftovers\n|upkeep\n|turn|26\n|\n|t:|1700428610\n|switch|p1a: Foxey Lady|Cinderace, F|100\/100\n|move|p2a: Shiftry|Weather Ball|p1a: Foxey Lady\n|-resisted|p1a: Foxey Lady\n|-damage|p1a: Foxey Lady|62\/100\n|\n|-weather|SunnyDay|[upkeep]\n|upkeep\n|turn|27\n|\n|t:|1700428623\n|switch|p2a: Torkoal|Torkoal, M|3\/100\n|move|p1a: Foxey Lady|Pyro Ball|p2a: Torkoal\n|-resisted|p2a: Torkoal\n|-damage|p2a: Torkoal|0 fnt\n|faint|p2a: Torkoal\n|\n|-weather|SunnyDay|[upkeep]\n|upkeep\n|\n|t:|1700428627\n|switch|p2a: Walking Wake|Walking Wake|8\/100 brn\n|-activate|p2a: Walking Wake|ability: Protosynthesis\n|-start|p2a: Walking Wake|protosynthesisspa\n|turn|28\n|\n|t:|1700428637\n|switch|p1a: One Rainy Wish|Ogerpon-Wellspring, F|1\/100 brn\n|move|p2a: Walking Wake|Hydro Steam|p1a: One Rainy Wish\n|-heal|p1a: One Rainy Wish|26\/100 brn|[from] ability: Water Absorb|[of] p2a: Walking Wake\n|\n|-weather|SunnyDay|[upkeep]\n|-damage|p2a: Walking Wake|2\/100 brn|[from] brn\n|-damage|p1a: One Rainy Wish|20\/100 brn|[from] brn\n|upkeep\n|turn|29\n|\n|t:|1700428649\n|-end|p2a: Walking Wake|Protosynthesis|[silent]\n|switch|p2a: Zapdos|Zapdos|70\/100\n|switch|p1a: CastlesMadeofSand|Ting-Lu|44\/100\n|-ability|p1a: CastlesMadeofSand|Vessel of Ruin\n|\n|-weather|SunnyDay|[upkeep]\n|-heal|p1a: CastlesMadeofSand|50\/100|[from] item: Leftovers\n|upkeep\n|turn|30\n|\n|t:|1700428657\n|switch|p2a: Walking Wake|Walking Wake|2\/100 brn\n|-activate|p2a: Walking Wake|ability: Protosynthesis\n|-start|p2a: Walking Wake|protosynthesisspa\n|move|p1a: CastlesMadeofSand|Stealth Rock|p2a: Walking Wake\n|-sidestart|p2: andres9gg6|move: Stealth Rock\n|\n|-weather|SunnyDay|[upkeep]\n|-heal|p1a: CastlesMadeofSand|57\/100|[from] item: Leftovers\n|-damage|p2a: Walking Wake|0 fnt|[from] brn\n|faint|p2a: Walking Wake\n|-end|p2a: Walking Wake|Protosynthesis|[silent]\n|upkeep\n|\n|t:|1700428665\n|switch|p2a: Shiftry|Shiftry, F|88\/100\n|-damage|p2a: Shiftry|76\/100|[from] Stealth Rock\n|turn|31\n|inactive|Dumb keyboard lad has 120 seconds left.\n|\n|t:|1700428680\n|move|p2a: Shiftry|Solar Beam||[still]\n|-prepare|p2a: Shiftry|Solar Beam\n|-anim|p2a: Shiftry|Solar Beam|p1a: CastlesMadeofSand\n|-supereffective|p1a: CastlesMadeofSand\n|-damage|p1a: CastlesMadeofSand|0 fnt\n|faint|p1a: CastlesMadeofSand\n|\n|-weather|none\n|upkeep\n|\n|t:|1700428686\n|switch|p1a: Foxey Lady|Cinderace, F|62\/100\n|turn|32\n|\n|t:|1700428691\n|move|p1a: Foxey Lady|Pyro Ball|p2a: Shiftry\n|-supereffective|p2a: Shiftry\n|-damage|p2a: Shiftry|0 fnt\n|faint|p2a: Shiftry\n|\n|upkeep\n|\n|t:|1700428694\n|switch|p2a: Zapdos|Zapdos|70\/100\n|-damage|p2a: Zapdos|45\/100|[from] Stealth Rock\n|turn|33\n|\n|t:|1700428701\n|move|p1a: Foxey Lady|U-turn|p2a: Zapdos\n|-resisted|p2a: Zapdos\n|-damage|p2a: Zapdos|38\/100\n|-status|p1a: Foxey Lady|par|[from] ability: Static|[of] p2a: Zapdos\n|\n|t:|1700428705\n|switch|p1a: Hey Joe|Slowking-Galar, M|79\/100|[from] U-turn\n|move|p2a: Zapdos|Discharge|p1a: Hey Joe\n|-damage|p1a: Hey Joe|52\/100\n|\n|upkeep\n|turn|34\n|\n|t:|1700428715\n|move|p2a: Zapdos|Discharge|p1a: Hey Joe\n|-crit|p1a: Hey Joe\n|-damage|p1a: Hey Joe|7\/100\n|-status|p1a: Hey Joe|par\n|move|p1a: Hey Joe|Ice Beam|p2a: Zapdos\n|-supereffective|p2a: Zapdos\n|-damage|p2a: Zapdos|0 fnt\n|faint|p2a: Zapdos\n|\n|upkeep\n|\n|t:|1700428722\n|switch|p2a: Kingambit|Kingambit, M|100\/100\n|-damage|p2a: Kingambit|94\/100|[from] Stealth Rock\n|-activate|p2a: Kingambit|ability: Supreme Overlord\n|-start|p2a: Kingambit|fallen5|[silent]\n|turn|35\n|\n|t:|1700428740\n|move|p2a: Kingambit|Sucker Punch||[still]\n|-fail|p2a: Kingambit\n|cant|p1a: Hey Joe|par\n|\n|upkeep\n|turn|36\n|\n|t:|1700428750\n|move|p2a: Kingambit|Sucker Punch||[still]\n|-fail|p2a: Kingambit\n|cant|p1a: Hey Joe|par\n|\n|upkeep\n|turn|37\n|\n|t:|1700428755\n|move|p2a: Kingambit|Sucker Punch||[still]\n|-fail|p2a: Kingambit\n|move|p1a: Hey Joe|Chilly Reception|p1a: Hey Joe\n|-weather|Snow\n|\n|t:|1700428763\n|switch|p1a: Foxey Lady|Cinderace, F|62\/100 par|[from] Chilly Reception\n|\n|-weather|Snow|[upkeep]\n|upkeep\n|turn|38\n|\n|t:|1700428768\n|move|p2a: Kingambit|Sucker Punch||[still]\n|-fail|p2a: Kingambit\n|move|p1a: Foxey Lady|Will-O-Wisp|p2a: Kingambit\n|-status|p2a: Kingambit|brn\n|\n|-weather|Snow|[upkeep]\n|-damage|p2a: Kingambit|88\/100 brn|[from] brn\n|upkeep\n|turn|39\n|\n|t:|1700428779\n|switch|p1a: One Rainy Wish|Ogerpon-Wellspring, F|20\/100 brn\n|move|p2a: Kingambit|Swords Dance|p2a: Kingambit\n|-boost|p2a: Kingambit|atk|2\n|\n|-weather|Snow|[upkeep]\n|-damage|p1a: One Rainy Wish|14\/100 brn|[from] brn\n|-damage|p2a: Kingambit|82\/100 brn|[from] brn\n|upkeep\n|turn|40\n|\n|t:|1700428784\n|move|p1a: One Rainy Wish|Encore|p2a: Kingambit\n|-start|p2a: Kingambit|Encore\n|move|p2a: Kingambit|Swords Dance|p2a: Kingambit\n|-boost|p2a: Kingambit|atk|2\n|\n|-weather|Snow|[upkeep]\n|-damage|p1a: One Rainy Wish|8\/100 brn|[from] brn\n|-damage|p2a: Kingambit|76\/100 brn|[from] brn\n|upkeep\n|turn|41\n|c|\u2606andres9gg6|wp\n|\n|t:|1700428803\n|switch|p1a: Foxey Lady|Cinderace, F|62\/100 par\n|move|p2a: Kingambit|Swords Dance|p2a: Kingambit\n|-boost|p2a: Kingambit|atk|2\n|\n|-weather|none\n|-damage|p2a: Kingambit|70\/100 brn|[from] brn\n|upkeep\n|turn|42\n|\n|t:|1700428812\n|move|p1a: Foxey Lady|Pyro Ball|p2a: Kingambit\n|-supereffective|p2a: Kingambit\n|-damage|p2a: Kingambit|3\/100 brn\n|move|p2a: Kingambit|Swords Dance|p2a: Kingambit\n|-boost|p2a: Kingambit|atk|0\n|\n|-damage|p2a: Kingambit|0 fnt|[from] brn\n|faint|p2a: Kingambit\n|-end|p2a: Kingambit|fallen5|[silent]\n|\n|win|Dumb keyboard lad\n|upkeep\n|raw|Dumb keyboard lad's rating: 1148 &rarr; <strong>1179<\/strong><br \/>(+31 for winning)\n|raw|andres9gg6's rating: 1227 &rarr; <strong>1196<\/strong><br \/>(-31 for losing)\n|l|\u2606andres9gg6\n|c|\u2606Dumb keyboard lad|gg\n","uploadtime":1700428835,"views":25,"p1id":"dumbkeyboardlad","p2id":"andres9gg6","formatid":"gen9ou","rating":1179,"private":0,"password":""}