{"id":"gen9ou-1991237975","p1":"theos rex","p2":"gamebooadvanced","format":"[Gen 9] OU","log":"|j|\u2606theos rex\n|j|\u2606gamebooadvanced\n|t:|1700060138\n|gametype|singles\n|player|p1|theos rex|giovanni|1568\n|player|p2|gamebooadvanced|clay|1574\n|teamsize|p1|6\n|teamsize|p2|6\n|gen|9\n|tier|[Gen 9] OU\n|rated|\n|rule|Sleep Clause Mod: Limit one foe put to sleep\n|rule|Species Clause: Limit one of each Pok\u00e9mon\n|rule|OHKO Clause: OHKO moves are banned\n|rule|Evasion Items Clause: Evasion items are banned\n|rule|Evasion Moves Clause: Evasion moves are banned\n|rule|Endless Battle Clause: Forcing endless battles is banned\n|rule|HP Percentage Mod: HP is shown in percentages\n|clearpoke\n|poke|p1|Charizard, F|\n|poke|p1|Torkoal, M|\n|poke|p1|Hatterene, F|\n|poke|p1|Great Tusk|\n|poke|p1|Dragapult, M|\n|poke|p1|Walking Wake|\n|poke|p2|Moltres-Galar|\n|poke|p2|Ninetales-Alola, M|\n|poke|p2|Maushold|\n|poke|p2|Gholdengo|\n|poke|p2|Kingambit, F|\n|poke|p2|Landorus-Therian, M|\n|teampreview\n|inactive|Battle timer is ON: inactive players will automatically lose when time's up. (requested by theos rex)\n|\n|t:|1700060159\n|start\n|switch|p1a: Torkoal|Torkoal, M|100\/100\n|switch|p2a: Landorus|Landorus-Therian, M|100\/100\n|-ability|p2a: Landorus|Intimidate|boost\n|-unboost|p1a: Torkoal|atk|1\n|-weather|SunnyDay|[from] ability: Drought|[of] p1a: Torkoal\n|turn|1\n|\n|t:|1700060177\n|switch|p1a: Hatterene|Hatterene, F|100\/100\n|move|p2a: Landorus|U-turn|p1a: Hatterene\n|-damage|p1a: Hatterene|80\/100\n|-enditem|p1a: Hatterene|Eject Button\n|\n|t:|1700060186\n|switch|p1a: Walking Wake|Walking Wake|100\/100\n|-activate|p1a: Walking Wake|ability: Protosynthesis\n|-start|p1a: Walking Wake|protosynthesisspe\n|\n|-weather|SunnyDay|[upkeep]\n|upkeep\n|turn|2\n|\n|t:|1700060208\n|move|p1a: Walking Wake|Hydro Steam|p2a: Landorus\n|-supereffective|p2a: Landorus\n|-damage|p2a: Landorus|0 fnt\n|faint|p2a: Landorus\n|\n|-weather|SunnyDay|[upkeep]\n|upkeep\n|\n|t:|1700060211\n|switch|p2a: Ninetales|Ninetales-Alola, M|100\/100\n|-weather|Snow|[from] ability: Snow Warning|[of] p2a: Ninetales\n|-end|p1a: Walking Wake|Protosynthesis\n|turn|3\n|\n|t:|1700060227\n|-end|p1a: Walking Wake|Protosynthesis|[silent]\n|switch|p1a: Torkoal|Torkoal, M|100\/100\n|-weather|SunnyDay|[from] ability: Drought|[of] p1a: Torkoal\n|switch|p2a: Moltres|Moltres-Galar|100\/100\n|\n|-weather|SunnyDay|[upkeep]\n|upkeep\n|turn|4\n|\n|t:|1700060234\n|move|p2a: Moltres|Taunt|p1a: Torkoal\n|-start|p1a: Torkoal|move: Taunt\n|cant|p1a: Torkoal|move: Taunt|Yawn\n|\n|-weather|SunnyDay|[upkeep]\n|upkeep\n|turn|5\n|\n|t:|1700060239\n|switch|p1a: Hatterene|Hatterene, F|80\/100\n|move|p2a: Moltres|Agility|p2a: Moltres\n|-boost|p2a: Moltres|spe|2\n|\n|-weather|SunnyDay|[upkeep]\n|upkeep\n|turn|6\n|\n|t:|1700060251\n|move|p2a: Moltres|Nasty Plot|p2a: Moltres\n|-boost|p2a: Moltres|spa|2\n|move|p1a: Hatterene|Nuzzle|p2a: Moltres\n|-supereffective|p2a: Moltres\n|-damage|p2a: Moltres|91\/100\n|-status|p2a: Moltres|par\n|\n|-weather|SunnyDay|[upkeep]\n|upkeep\n|turn|7\n|\n|t:|1700060261\n|move|p2a: Moltres|Agility|p2a: Moltres\n|-boost|p2a: Moltres|spe|2\n|move|p1a: Hatterene|Draining Kiss|p2a: Moltres\n|-supereffective|p2a: Moltres\n|-damage|p2a: Moltres|49\/100 par\n|-heal|p1a: Hatterene|100\/100|[from] drain|[of] p2a: Moltres\n|-ability|p2a: Moltres|Berserk|boost\n|-boost|p2a: Moltres|spa|1\n|-enditem|p2a: Moltres|Sitrus Berry|[eat]\n|-heal|p2a: Moltres|74\/100 par|[from] item: Sitrus Berry\n|\n|-weather|SunnyDay|[upkeep]\n|upkeep\n|turn|8\n|\n|t:|1700060268\n|move|p2a: Moltres|Agility|p2a: Moltres\n|-boost|p2a: Moltres|spe|2\n|move|p1a: Hatterene|Draining Kiss|p2a: Moltres\n|-supereffective|p2a: Moltres\n|-damage|p2a: Moltres|31\/100 par\n|-ability|p2a: Moltres|Berserk|boost\n|-boost|p2a: Moltres|spa|1\n|\n|-weather|SunnyDay|[upkeep]\n|upkeep\n|turn|9\n|\n|t:|1700060283\n|move|p2a: Moltres|Fiery Wrath|p1a: Hatterene\n|-damage|p1a: Hatterene|0 fnt\n|faint|p1a: Hatterene\n|\n|-weather|SunnyDay|[upkeep]\n|upkeep\n|\n|t:|1700060290\n|switch|p1a: Dragapult|Dragapult, M|100\/100\n|turn|10\n|\n|t:|1700060294\n|move|p2a: Moltres|Fiery Wrath|p1a: Dragapult\n|-supereffective|p1a: Dragapult\n|-damage|p1a: Dragapult|0 fnt\n|faint|p1a: Dragapult\n|\n|-weather|none\n|upkeep\n|\n|t:|1700060298\n|switch|p1a: Walking Wake|Walking Wake|100\/100\n|turn|11\n|\n|t:|1700060305\n|move|p2a: Moltres|Fiery Wrath|p1a: Walking Wake\n|-damage|p1a: Walking Wake|0 fnt\n|faint|p1a: Walking Wake\n|-end|p1a: Walking Wake|Protosynthesis|[silent]\n|\n|upkeep\n|\n|t:|1700060308\n|switch|p1a: Charizard|Charizard, F|100\/100\n|turn|12\n|\n|t:|1700060311\n|move|p2a: Moltres|Fiery Wrath|p1a: Charizard\n|-damage|p1a: Charizard|0 fnt\n|faint|p1a: Charizard\n|\n|upkeep\n|-message|theos rex forfeited.\n|\n|win|gamebooadvanced\n|raw|theos rex's rating: 1568 &rarr; <strong>1548<\/strong><br \/>(-20 for losing)\n|raw|gamebooadvanced's rating: 1574 &rarr; <strong>1594<\/strong><br \/>(+20 for winning)\n|l|\u2606theos rex\n","uploadtime":1700060319,"views":5,"p1id":"theosrex","p2id":"gamebooadvanced","formatid":"gen9ou","rating":1548,"private":0,"password":""}