{"id":"gen9ou-1993198855","p1":"boybutts","p2":"PultLord","format":"[Gen 9] OU","log":"|j|\u2606boybutts\n|j|\u2606PultLord\n|t:|1700276981\n|gametype|singles\n|player|p1|boybutts|169|1397\n|player|p2|PultLord|palmer|1492\n|teamsize|p1|6\n|teamsize|p2|6\n|gen|9\n|tier|[Gen 9] OU\n|rated|\n|rule|Sleep Clause Mod: Limit one foe put to sleep\n|rule|Species Clause: Limit one of each Pok\u00e9mon\n|rule|OHKO Clause: OHKO moves are banned\n|rule|Evasion Items Clause: Evasion items are banned\n|rule|Evasion Moves Clause: Evasion moves are banned\n|rule|Endless Battle Clause: Forcing endless battles is banned\n|rule|HP Percentage Mod: HP is shown in percentages\n|clearpoke\n|poke|p1|Poliwrath, M|\n|poke|p1|Pelipper, M|\n|poke|p1|Overqwil, M|\n|poke|p1|Rillaboom, F|\n|poke|p1|Iron Treads|\n|poke|p1|Zapdos|\n|poke|p2|Cinderace, F|\n|poke|p2|Torkoal, M|\n|poke|p2|Walking Wake|\n|poke|p2|Sandy Shocks|\n|poke|p2|Great Tusk|\n|poke|p2|Dragonite, F|\n|teampreview\n|c|\u2606PultLord|glhf\n|\n|t:|1700277003\n|start\n|switch|p1a: Iron Treads|Iron Treads|100\/100\n|switch|p2a: Torkoal|Torkoal, M|100\/100\n|-weather|SunnyDay|[from] ability: Drought|[of] p2a: Torkoal\n|turn|1\n|c|\u2606boybutts|glhf\n|\n|t:|1700277033\n|switch|p2a: Dragonite|Dragonite, F|100\/100\n|move|p1a: Iron Treads|Earth Power|p2a: Dragonite\n|-immune|p2a: Dragonite\n|\n|-weather|SunnyDay|[upkeep]\n|upkeep\n|turn|2\n|\n|t:|1700277044\n|move|p1a: Iron Treads|Ice Spinner|p2a: Dragonite\n|-supereffective|p2a: Dragonite\n|-damage|p2a: Dragonite|52\/100\n|move|p2a: Dragonite|Dragon Dance|p2a: Dragonite\n|-boost|p2a: Dragonite|atk|1\n|-boost|p2a: Dragonite|spe|1\n|\n|-weather|SunnyDay|[upkeep]\n|upkeep\n|turn|3\n|\n|t:|1700277067\n|-terastallize|p2a: Dragonite|Normal\n|move|p2a: Dragonite|Dragon Dance|p2a: Dragonite\n|-boost|p2a: Dragonite|atk|1\n|-boost|p2a: Dragonite|spe|1\n|move|p1a: Iron Treads|Ice Spinner|p2a: Dragonite\n|-damage|p2a: Dragonite|29\/100\n|\n|-weather|SunnyDay|[upkeep]\n|upkeep\n|turn|4\n|\n|t:|1700277086\n|-terastallize|p1a: Iron Treads|Ghost\n|move|p2a: Dragonite|Roost|p2a: Dragonite\n|-heal|p2a: Dragonite|80\/100\n|move|p1a: Iron Treads|Earth Power|p2a: Dragonite\n|-damage|p2a: Dragonite|47\/100\n|\n|-weather|SunnyDay|[upkeep]\n|upkeep\n|turn|5\n|\n|t:|1700277098\n|move|p2a: Dragonite|Roost|p2a: Dragonite\n|-heal|p2a: Dragonite|97\/100\n|move|p1a: Iron Treads|Thunder|p2a: Dragonite|[miss]\n|-miss|p1a: Iron Treads|p2a: Dragonite\n|\n|-weather|SunnyDay|[upkeep]\n|upkeep\n|turn|6\n|\n|t:|1700277108\n|move|p2a: Dragonite|Fire Punch|p1a: Iron Treads\n|-damage|p1a: Iron Treads|21\/100\n|move|p1a: Iron Treads|Earth Power|p2a: Dragonite\n|-damage|p2a: Dragonite|64\/100\n|\n|-weather|SunnyDay|[upkeep]\n|upkeep\n|turn|7\n|\n|t:|1700277119\n|move|p2a: Dragonite|Roost|p2a: Dragonite\n|-heal|p2a: Dragonite|100\/100\n|move|p1a: Iron Treads|Earth Power|p2a: Dragonite\n|-damage|p2a: Dragonite|85\/100\n|\n|-weather|SunnyDay|[upkeep]\n|upkeep\n|turn|8\n|\n|t:|1700277122\n|move|p2a: Dragonite|Fire Punch|p1a: Iron Treads\n|-damage|p1a: Iron Treads|0 fnt\n|faint|p1a: Iron Treads\n|-end|p1a: Iron Treads|Quark Drive|[silent]\n|\n|-weather|none\n|upkeep\n|\n|t:|1700277128\n|switch|p1a: Pelipper|Pelipper, M|100\/100\n|-weather|RainDance|[from] ability: Drizzle|[of] p1a: Pelipper\n|turn|9\n|\n|t:|1700277143\n|switch|p1a: Rillaboom|Rillaboom, F|100\/100\n|-fieldstart|move: Grassy Terrain|[from] ability: Grassy Surge|[of] p1a: Rillaboom\n|move|p2a: Dragonite|Extreme Speed|p1a: Rillaboom\n|-damage|p1a: Rillaboom|0 fnt\n|faint|p1a: Rillaboom\n|\n|-weather|RainDance|[upkeep]\n|-heal|p2a: Dragonite|92\/100|[from] Grassy Terrain\n|upkeep\n|\n|t:|1700277157\n|switch|p1a: Poliwrath|Poliwrath, M|100\/100\n|turn|10\n|\n|t:|1700277160\n|move|p2a: Dragonite|Extreme Speed|p1a: Poliwrath\n|-damage|p1a: Poliwrath|0 fnt\n|faint|p1a: Poliwrath\n|\n|-weather|RainDance|[upkeep]\n|-heal|p2a: Dragonite|98\/100|[from] Grassy Terrain\n|upkeep\n|-message|boybutts forfeited.\n|\n|win|PultLord\n|raw|boybutts's rating: 1397 &rarr; <strong>1383<\/strong><br \/>(-14 for losing)\n|raw|PultLord's rating: 1510 &rarr; <strong>1524<\/strong><br \/>(+14 for winning)\n|l|\u2606boybutts\n","uploadtime":1700277289,"views":13,"p1id":"boybutts","p2id":"pultlord","formatid":"gen9ou","rating":1383,"private":0,"password":""}