{"id":"gen9ou-1995160053","p1":"SpasDeUzi","p2":"HawthorneSouthside","format":"[Gen 9] OU","log":"|j|\u2606SpasDeUzi\n|j|\u2606HawthorneSouthside\n|t:|1700529291\n|gametype|singles\n|player|p1|SpasDeUzi|265|1138\n|player|p2|HawthorneSouthside|janitor|1167\n|teamsize|p1|6\n|teamsize|p2|6\n|gen|9\n|tier|[Gen 9] OU\n|rated|\n|rule|Sleep Clause Mod: Limit one foe put to sleep\n|rule|Species Clause: Limit one of each Pok\u00e9mon\n|rule|OHKO Clause: OHKO moves are banned\n|rule|Evasion Items Clause: Evasion items are banned\n|rule|Evasion Moves Clause: Evasion moves are banned\n|rule|Endless Battle Clause: Forcing endless battles is banned\n|rule|HP Percentage Mod: HP is shown in percentages\n|clearpoke\n|poke|p1|Meowscarada, M|\n|poke|p1|Maushold-Four|\n|poke|p1|Tyranitar, M|\n|poke|p1|Gyarados, M|\n|poke|p1|Iron Valiant|\n|poke|p1|Grimmsnarl, M|\n|poke|p2|Garganacl, F|\n|poke|p2|Great Tusk|\n|poke|p2|Gholdengo|\n|poke|p2|Iron Valiant|\n|poke|p2|Dragonite, F|\n|poke|p2|Zapdos|\n|teampreview\n|inactive|Battle timer is ON: inactive players will automatically lose when time's up. (requested by SpasDeUzi)\n|\n|t:|1700529322\n|start\n|switch|p1a: Grimmsnarl|Grimmsnarl, M, shiny|100\/100\n|switch|p2a: Iron Valiant|Iron Valiant|100\/100\n|turn|1\n|\n|t:|1700529337\n|move|p1a: Grimmsnarl|Parting Shot|p2a: Iron Valiant\n|-unboost|p2a: Iron Valiant|atk|1\n|-unboost|p2a: Iron Valiant|spa|1\n|\n|t:|1700529343\n|switch|p1a: Iron Valiant|Iron Valiant|100\/100|[from] Parting Shot\n|-enditem|p1a: Iron Valiant|Booster Energy\n|-activate|p1a: Iron Valiant|ability: Quark Drive|[fromitem]\n|-start|p1a: Iron Valiant|quarkdrivespe\n|move|p2a: Iron Valiant|Knock Off|p1a: Iron Valiant\n|-resisted|p1a: Iron Valiant\n|-damage|p1a: Iron Valiant|97\/100\n|\n|upkeep\n|turn|2\n|\n|t:|1700529356\n|-end|p2a: Iron Valiant|Quark Drive|[silent]\n|switch|p2a: Zapdos|Zapdos|100\/100\n|move|p1a: Iron Valiant|Moonblast|p2a: Zapdos\n|-damage|p2a: Zapdos|71\/100\n|\n|upkeep\n|turn|3\n|\n|t:|1700529364\n|-end|p1a: Iron Valiant|Quark Drive|[silent]\n|switch|p1a: Grimmsnarl|Grimmsnarl, M, shiny|100\/100\n|move|p2a: Zapdos|Roost|p2a: Zapdos\n|-heal|p2a: Zapdos|100\/100\n|-singleturn|p2a: Zapdos|move: Roost\n|\n|upkeep\n|turn|4\n|\n|t:|1700529373\n|switch|p2a: Iron Valiant|Iron Valiant|100\/100\n|move|p1a: Grimmsnarl|Taunt|p2a: Iron Valiant\n|-start|p2a: Iron Valiant|move: Taunt\n|\n|upkeep\n|turn|5\n|\n|t:|1700529376\n|move|p1a: Grimmsnarl|Reflect|p1a: Grimmsnarl\n|-sidestart|p1: SpasDeUzi|Reflect\n|move|p2a: Iron Valiant|Moonblast|p1a: Grimmsnarl\n|-supereffective|p1a: Grimmsnarl\n|-damage|p1a: Grimmsnarl|33\/100\n|\n|upkeep\n|turn|6\n|\n|t:|1700529384\n|move|p1a: Grimmsnarl|Light Screen|p1a: Grimmsnarl\n|-sidestart|p1: SpasDeUzi|move: Light Screen\n|move|p2a: Iron Valiant|Moonblast|p1a: Grimmsnarl\n|-supereffective|p1a: Grimmsnarl\n|-damage|p1a: Grimmsnarl|0 fnt\n|faint|p1a: Grimmsnarl\n|\n|-end|p2a: Iron Valiant|move: Taunt\n|upkeep\n|\n|t:|1700529392\n|switch|p1a: Maushold|Maushold-Four, shiny|100\/100\n|turn|7\n|\n|t:|1700529399\n|-terastallize|p1a: Maushold|Poison\n|move|p2a: Iron Valiant|Knock Off|p1a: Maushold\n|-damage|p1a: Maushold|77\/100\n|-enditem|p1a: Maushold|Wide Lens|[from] move: Knock Off|[of] p2a: Iron Valiant\n|move|p1a: Maushold|Tidy Up|p1a: Maushold\n|-boost|p1a: Maushold|atk|1\n|-boost|p1a: Maushold|spe|1\n|\n|upkeep\n|turn|8\n|\n|t:|1700529410\n|-end|p2a: Iron Valiant|Quark Drive|[silent]\n|switch|p2a: Gholdengo|Gholdengo|100\/100\n|-item|p2a: Gholdengo|Air Balloon\n|move|p1a: Maushold|Population Bomb|p2a: Gholdengo\n|-immune|p2a: Gholdengo\n|\n|upkeep\n|turn|9\n|\n|t:|1700529418\n|move|p1a: Maushold|Tidy Up|p1a: Maushold\n|-boost|p1a: Maushold|atk|1\n|-boost|p1a: Maushold|spe|1\n|move|p2a: Gholdengo|Shadow Ball|p1a: Maushold\n|-damage|p1a: Maushold|51\/100\n|\n|upkeep\n|turn|10\n|\n|t:|1700529423\n|move|p1a: Maushold|Tidy Up|p1a: Maushold\n|-boost|p1a: Maushold|atk|1\n|-boost|p1a: Maushold|spe|1\n|move|p2a: Gholdengo|Shadow Ball|p1a: Maushold\n|-damage|p1a: Maushold|22\/100\n|\n|upkeep\n|turn|11\n|\n|t:|1700529451\n|move|p1a: Maushold|Bite|p2a: Gholdengo\n|-supereffective|p2a: Gholdengo\n|-damage|p2a: Gholdengo|30\/100\n|-enditem|p2a: Gholdengo|Air Balloon\n|cant|p2a: Gholdengo|flinch\n|\n|upkeep\n|turn|12\n|\n|t:|1700529465\n|switch|p2a: Great Tusk|Great Tusk|100\/100\n|move|p1a: Maushold|Bite|p2a: Great Tusk\n|-resisted|p2a: Great Tusk\n|-damage|p2a: Great Tusk|80\/100\n|\n|-sideend|p1: SpasDeUzi|Reflect\n|upkeep\n|turn|13\n|\n|t:|1700529477\n|move|p1a: Maushold|Population Bomb|p2a: Great Tusk\n|-damage|p2a: Great Tusk|60\/100\n|-hitcount|p2a: Great Tusk|1\n|move|p2a: Great Tusk|Headlong Rush|p1a: Maushold\n|-supereffective|p1a: Maushold\n|-damage|p1a: Maushold|0 fnt\n|-unboost|p2a: Great Tusk|def|1\n|-unboost|p2a: Great Tusk|spd|1\n|faint|p1a: Maushold\n|\n|-sideend|p1: SpasDeUzi|move: Light Screen\n|upkeep\n|\n|t:|1700529488\n|switch|p1a: Meowscarada|Meowscarada, M|100\/100\n|turn|14\n|\n|t:|1700529506\n|move|p1a: Meowscarada|Flower Trick|p2a: Great Tusk\n|-start|p1a: Meowscarada|typechange|Grass|[from] ability: Protean\n|-supereffective|p2a: Great Tusk\n|-crit|p2a: Great Tusk\n|-damage|p2a: Great Tusk|0 fnt\n|faint|p2a: Great Tusk\n|-end|p2a: Great Tusk|Protosynthesis|[silent]\n|-damage|p1a: Meowscarada|91\/100|[from] item: Life Orb\n|\n|upkeep\n|inactive|HawthorneSouthside has 120 seconds left.\n|\n|t:|1700529527\n|switch|p2a: Dragonite|Dragonite, F|100\/100\n|turn|15\n|\n|t:|1700529540\n|switch|p1a: Gyarados|Gyarados, M|100\/100\n|move|p2a: Dragonite|Dragon Dance|p2a: Dragonite\n|-boost|p2a: Dragonite|atk|1\n|-boost|p2a: Dragonite|spe|1\n|\n|upkeep\n|turn|16\n|inactive|HawthorneSouthside has 120 seconds left.\n|\n|t:|1700529563\n|move|p2a: Dragonite|Extreme Speed|p1a: Gyarados\n|-damage|p1a: Gyarados|38\/100\n|move|p1a: Gyarados|Scale Shot|p2a: Dragonite\n|-supereffective|p2a: Dragonite\n|-damage|p2a: Dragonite|89\/100\n|-supereffective|p2a: Dragonite\n|-damage|p2a: Dragonite|70\/100\n|-supereffective|p2a: Dragonite\n|-damage|p2a: Dragonite|48\/100\n|-supereffective|p2a: Dragonite\n|-damage|p2a: Dragonite|25\/100\n|-hitcount|p2a: Dragonite|4\n|-unboost|p1a: Gyarados|def|1\n|-boost|p1a: Gyarados|spe|1\n|\n|upkeep\n|turn|17\n|\n|t:|1700529578\n|switch|p1a: Tyranitar|Tyranitar, M, shiny|100\/100\n|-weather|Sandstorm|[from] ability: Sand Stream|[of] p1a: Tyranitar\n|move|p2a: Dragonite|Extreme Speed|p1a: Tyranitar\n|-resisted|p1a: Tyranitar\n|-damage|p1a: Tyranitar|78\/100\n|\n|-weather|Sandstorm|[upkeep]\n|-damage|p2a: Dragonite|19\/100|[from] Sandstorm\n|upkeep\n|turn|18\n|\n|t:|1700529591\n|switch|p1a: Gyarados|Gyarados, M|38\/100\n|move|p2a: Dragonite|Earthquake|p1a: Gyarados\n|-immune|p1a: Gyarados\n|\n|-weather|Sandstorm|[upkeep]\n|-damage|p2a: Dragonite|13\/100|[from] Sandstorm\n|-damage|p1a: Gyarados|32\/100|[from] Sandstorm\n|upkeep\n|turn|19\n|\n|t:|1700529601\n|move|p2a: Dragonite|Ice Spinner|p1a: Gyarados\n|-damage|p1a: Gyarados|0 fnt\n|faint|p1a: Gyarados\n|\n|-weather|Sandstorm|[upkeep]\n|-damage|p2a: Dragonite|6\/100|[from] Sandstorm\n|upkeep\n|\n|t:|1700529610\n|switch|p1a: Iron Valiant|Iron Valiant|97\/100\n|turn|20\n|inactive|HawthorneSouthside has 120 seconds left.\n|\n|t:|1700529620\n|-end|p1a: Iron Valiant|Quark Drive|[silent]\n|switch|p1a: Tyranitar|Tyranitar, M, shiny|78\/100\n|move|p2a: Dragonite|Extreme Speed|p1a: Tyranitar\n|-resisted|p1a: Tyranitar\n|-damage|p1a: Tyranitar|55\/100\n|\n|-weather|Sandstorm|[upkeep]\n|-damage|p2a: Dragonite|0 fnt|[from] Sandstorm\n|faint|p2a: Dragonite\n|upkeep\n|inactive|HawthorneSouthside has 120 seconds left.\n|\n|t:|1700529646\n|switch|p2a: Gholdengo|Gholdengo|30\/100\n|turn|21\n|\n|t:|1700529654\n|-terastallize|p2a: Gholdengo|Fairy\n|move|p1a: Tyranitar|Dragon Dance|p1a: Tyranitar\n|-boost|p1a: Tyranitar|atk|1\n|-boost|p1a: Tyranitar|spe|1\n|move|p2a: Gholdengo|Recover|p2a: Gholdengo\n|-heal|p2a: Gholdengo|81\/100\n|\n|-weather|none\n|upkeep\n|turn|22\n|\n|t:|1700529667\n|switch|p2a: Zapdos|Zapdos|100\/100\n|move|p1a: Tyranitar|Rock Blast|p2a: Zapdos\n|-supereffective|p2a: Zapdos\n|-damage|p2a: Zapdos|57\/100\n|-supereffective|p2a: Zapdos\n|-damage|p2a: Zapdos|15\/100\n|-supereffective|p2a: Zapdos\n|-damage|p2a: Zapdos|0 fnt\n|faint|p2a: Zapdos\n|-hitcount|p2: Zapdos|3\n|\n|upkeep\n|inactive|HawthorneSouthside has 90 seconds left.\n|\n|t:|1700529690\n|switch|p2a: Garganacl|Garganacl, F|100\/100\n|turn|23\n|\n|t:|1700529703\n|move|p1a: Tyranitar|Low Kick|p2a: Garganacl\n|-supereffective|p2a: Garganacl\n|-damage|p2a: Garganacl|26\/100\n|move|p2a: Garganacl|Salt Cure|p1a: Tyranitar\n|-damage|p1a: Tyranitar|43\/100\n|-start|p1a: Tyranitar|Salt Cure\n|\n|-heal|p2a: Garganacl|32\/100|[from] item: Leftovers\n|-damage|p1a: Tyranitar|30\/100|[from] Salt Cure\n|upkeep\n|turn|24\n|inactive|HawthorneSouthside has 90 seconds left.\n|\n|t:|1700529725\n|switch|p2a: Iron Valiant|Iron Valiant|100\/100\n|move|p1a: Tyranitar|Dragon Dance|p1a: Tyranitar\n|-boost|p1a: Tyranitar|atk|1\n|-boost|p1a: Tyranitar|spe|1\n|\n|-damage|p1a: Tyranitar|18\/100|[from] Salt Cure\n|upkeep\n|turn|25\n|\n|t:|1700529731\n|-end|p2a: Iron Valiant|Quark Drive|[silent]\n|switch|p2a: Garganacl|Garganacl, F|32\/100\n|move|p1a: Tyranitar|Rock Blast|p2a: Garganacl\n|-damage|p2a: Garganacl|15\/100\n|-damage|p2a: Garganacl|0 fnt\n|faint|p2a: Garganacl\n|-hitcount|p2: Garganacl|2\n|\n|-damage|p1a: Tyranitar|6\/100|[from] Salt Cure\n|upkeep\n|inactive|HawthorneSouthside has 90 seconds left.\n|\n|t:|1700529752\n|switch|p2a: Iron Valiant|Iron Valiant|100\/100\n|turn|26\n|\n|t:|1700529762\n|move|p1a: Tyranitar|Earthquake|p2a: Iron Valiant\n|-damage|p2a: Iron Valiant|0 fnt\n|faint|p2a: Iron Valiant\n|-end|p2a: Iron Valiant|Quark Drive|[silent]\n|\n|-damage|p1a: Tyranitar|0 fnt|[from] Salt Cure\n|faint|p1a: Tyranitar\n|upkeep\n|\n|t:|1700529773\n|switch|p2a: Gholdengo|Gholdengo, tera:Fairy|81\/100\n|switch|p1a: Meowscarada|Meowscarada, M|91\/100\n|turn|27\n|\n|t:|1700529782\n|move|p1a: Meowscarada|Flower Trick|p2a: Gholdengo\n|-start|p1a: Meowscarada|typechange|Grass|[from] ability: Protean\n|-crit|p2a: Gholdengo\n|-damage|p2a: Gholdengo|36\/100\n|-damage|p1a: Meowscarada|81\/100|[from] item: Life Orb\n|move|p2a: Gholdengo|Recover|p2a: Gholdengo\n|-heal|p2a: Gholdengo|86\/100\n|\n|upkeep\n|turn|28\n|\n|t:|1700529790\n|move|p1a: Meowscarada|Flower Trick|p2a: Gholdengo\n|-crit|p2a: Gholdengo\n|-damage|p2a: Gholdengo|42\/100\n|-damage|p1a: Meowscarada|71\/100|[from] item: Life Orb\n|move|p2a: Gholdengo|Recover|p2a: Gholdengo\n|-heal|p2a: Gholdengo|92\/100\n|\n|upkeep\n|turn|29\n|inactive|HawthorneSouthside has 90 seconds left.\n|\n|t:|1700529816\n|move|p1a: Meowscarada|Flower Trick|p2a: Gholdengo\n|-crit|p2a: Gholdengo\n|-damage|p2a: Gholdengo|49\/100\n|-damage|p1a: Meowscarada|61\/100|[from] item: Life Orb\n|move|p2a: Gholdengo|Shadow Ball|p1a: Meowscarada\n|-damage|p1a: Meowscarada|4\/100\n|\n|upkeep\n|turn|30\n|inactive|HawthorneSouthside has 90 seconds left.\n|\n|t:|1700529830\n|move|p1a: Meowscarada|Flower Trick|p2a: Gholdengo\n|-crit|p2a: Gholdengo\n|-damage|p2a: Gholdengo|6\/100\n|-damage|p1a: Meowscarada|0 fnt|[from] item: Life Orb\n|faint|p1a: Meowscarada\n|move|p2a: Gholdengo|Recover|p2a: Gholdengo\n|-heal|p2a: Gholdengo|57\/100\n|\n|upkeep\n|\n|t:|1700529832\n|switch|p1a: Iron Valiant|Iron Valiant|97\/100\n|turn|31\n|inactive|HawthorneSouthside has 90 seconds left.\n|\n|t:|1700529858\n|move|p1a: Iron Valiant|Moonblast|p2a: Gholdengo\n|-damage|p2a: Gholdengo|11\/100\n|move|p2a: Gholdengo|Make It Rain|p1a: Iron Valiant\n|-supereffective|p1a: Iron Valiant\n|-damage|p1a: Iron Valiant|0 fnt\n|-unboost|p2a: Gholdengo|spa|1\n|faint|p1a: Iron Valiant\n|-end|p1a: Iron Valiant|Quark Drive|[silent]\n|\n|win|HawthorneSouthside\n|raw|SpasDeUzi's rating: 1138 &rarr; <strong>1115<\/strong><br \/>(-23 for losing)\n|raw|HawthorneSouthside's rating: 1167 &rarr; <strong>1190<\/strong><br \/>(+23 for winning)\n|c|\u2606HawthorneSouthside|gg\n|c|\u2606SpasDeUzi|gg\\\n|l|\u2606SpasDeUzi\n","uploadtime":1700529878,"views":5,"p1id":"spasdeuzi","p2id":"hawthornesouthside","formatid":"gen9ou","rating":1115,"private":0,"password":""}