{"id":"gen9ou-1990099748","p1":"Peratest","p2":"danh123","format":"[Gen 9] OU","log":"|j|\u2606Peratest\n|j|\u2606danh123\n|t:|1699924488\n|gametype|singles\n|player|p1|Peratest|linebacker|1640\n|player|p2|danh123|ghetsis|1581\n|teamsize|p1|6\n|teamsize|p2|6\n|gen|9\n|tier|[Gen 9] OU\n|rated|\n|rule|Sleep Clause Mod: Limit one foe put to sleep\n|rule|Species Clause: Limit one of each Pok\u00e9mon\n|rule|OHKO Clause: OHKO moves are banned\n|rule|Evasion Items Clause: Evasion items are banned\n|rule|Evasion Moves Clause: Evasion moves are banned\n|rule|Endless Battle Clause: Forcing endless battles is banned\n|rule|HP Percentage Mod: HP is shown in percentages\n|clearpoke\n|poke|p1|Heatran, M|\n|poke|p1|Dragonite, M|\n|poke|p1|Iron Valiant|\n|poke|p1|Ursaluna, M|\n|poke|p1|Corviknight, M|\n|poke|p1|Zamazenta-*|\n|poke|p2|Dragonite, F|\n|poke|p2|Cinderace, M|\n|poke|p2|Greninja-*, M|\n|poke|p2|Sandy Shocks|\n|poke|p2|Iron Valiant|\n|poke|p2|Staraptor, F|\n|teampreview\n|inactive|Battle timer is ON: inactive players will automatically lose when time's up. (requested by danh123)\n|\n|t:|1699924498\n|start\n|switch|p1a: Ursaluna|Ursaluna, M, shiny|100\/100\n|switch|p2a: Staraptor|Staraptor, F|100\/100\n|-ability|p2a: Staraptor|Intimidate|boost\n|-unboost|p1a: Ursaluna|atk|1\n|turn|1\n|\n|t:|1699924506\n|switch|p1a: Corviknight|Corviknight, M, shiny|100\/100\n|-ability|p1a: Corviknight|Pressure\n|move|p2a: Staraptor|Final Gambit|p1a: Corviknight\n|-damage|p1a: Corviknight|7\/100\n|faint|p2a: Staraptor\n|\n|upkeep\n|\n|t:|1699924512\n|switch|p2a: Greninja|Greninja, M|100\/100\n|turn|2\n|\n|t:|1699924524\n|switch|p1a: Zamazenta|Zamazenta, shiny|100\/100\n|-ability|p1a: Zamazenta|Dauntless Shield|boost\n|-boost|p1a: Zamazenta|def|1\n|move|p2a: Greninja|Ice Beam|p1a: Zamazenta\n|-damage|p1a: Zamazenta|74\/100\n|\n|upkeep\n|turn|3\n|\n|t:|1699924552\n|-terastallize|p2a: Greninja|Grass\n|move|p1a: Zamazenta|Close Combat|p2a: Greninja\n|-enditem|p2a: Greninja|Focus Sash\n|-damage|p2a: Greninja|1\/100\n|-unboost|p1a: Zamazenta|def|1\n|-unboost|p1a: Zamazenta|spd|1\n|move|p2a: Greninja|Grass Knot|p1a: Zamazenta\n|-damage|p1a: Zamazenta|0 fnt\n|faint|p1a: Zamazenta\n|-ability|p2a: Greninja|Battle Bond|boost\n|-boost|p2a: Greninja|atk|1\n|-boost|p2a: Greninja|spa|1\n|-boost|p2a: Greninja|spe|1\n|-activate|p2a: Greninja|ability: Battle Bond\n|\n|upkeep\n|j| SandGetsEverywhere\n|\n|t:|1699924572\n|switch|p1a: Dragonite|Dragonite, M, shiny|100\/100\n|turn|4\n|\n|t:|1699924575\n|move|p1a: Dragonite|Extreme Speed|p2a: Greninja\n|-damage|p2a: Greninja|0 fnt\n|faint|p2a: Greninja\n|\n|upkeep\n|\n|t:|1699924590\n|switch|p2a: Dragonite|Dragonite, F|100\/100\n|turn|5\n|\n|t:|1699924597\n|move|p2a: Dragonite|Ice Spinner|p1a: Dragonite\n|-supereffective|p1a: Dragonite\n|-damage|p1a: Dragonite|29\/100\n|move|p1a: Dragonite|Ice Spinner|p2a: Dragonite\n|-supereffective|p2a: Dragonite\n|-damage|p2a: Dragonite|28\/100\n|-enditem|p2a: Dragonite|Weakness Policy\n|-boost|p2a: Dragonite|atk|2|[from] item: Weakness Policy\n|-boost|p2a: Dragonite|spa|2|[from] item: Weakness Policy\n|\n|upkeep\n|turn|6\n|\n|t:|1699924606\n|switch|p1a: Corviknight|Corviknight, M, shiny|7\/100\n|-ability|p1a: Corviknight|Pressure\n|move|p2a: Dragonite|Extreme Speed|p1a: Corviknight\n|-resisted|p1a: Corviknight\n|-damage|p1a: Corviknight|0 fnt\n|-damage|p2a: Dragonite|11\/100|[from] item: Rocky Helmet|[of] p1a: Corviknight\n|faint|p1a: Corviknight\n|\n|upkeep\n|\n|t:|1699924627\n|switch|p1a: Heatran|Heatran, M, shiny|100\/100\n|turn|7\n|\n|t:|1699924638\n|-terastallize|p1a: Heatran|Grass\n|move|p2a: Dragonite|Earthquake|p1a: Heatran\n|-resisted|p1a: Heatran\n|-damage|p1a: Heatran|69\/100\n|move|p1a: Heatran|Flash Cannon|p2a: Dragonite\n|-damage|p2a: Dragonite|0 fnt\n|faint|p2a: Dragonite\n|\n|-heal|p1a: Heatran|75\/100|[from] item: Leftovers\n|upkeep\n|\n|t:|1699924658\n|switch|p2a: Cinderace|Cinderace, M|100\/100\n|turn|8\n|l| SandGetsEverywhere\n|\n|t:|1699924667\n|move|p2a: Cinderace|Gunk Shot|p1a: Heatran\n|-start|p2a: Cinderace|typechange|Poison|[from] ability: Libero\n|-supereffective|p1a: Heatran\n|-damage|p1a: Heatran|0 fnt\n|faint|p1a: Heatran\n|\n|upkeep\n|\n|t:|1699924674\n|switch|p1a: Ursaluna|Ursaluna, M, shiny|100\/100\n|turn|9\n|\n|t:|1699924679\n|move|p2a: Cinderace|High Jump Kick|p1a: Ursaluna\n|-supereffective|p1a: Ursaluna\n|-damage|p1a: Ursaluna|45\/100\n|move|p1a: Ursaluna|Earthquake|p2a: Cinderace\n|-supereffective|p2a: Cinderace\n|-crit|p2a: Cinderace\n|-damage|p2a: Cinderace|0 fnt\n|faint|p2a: Cinderace\n|\n|upkeep\n|\n|t:|1699924688\n|switch|p2a: Iron Valiant|Iron Valiant|100\/100\n|-enditem|p2a: Iron Valiant|Booster Energy\n|-activate|p2a: Iron Valiant|ability: Quark Drive|[fromitem]\n|-start|p2a: Iron Valiant|quarkdrivespe\n|turn|10\n|\n|t:|1699924693\n|move|p2a: Iron Valiant|Moonblast|p1a: Ursaluna\n|-crit|p1a: Ursaluna\n|-damage|p1a: Ursaluna|7\/100\n|move|p1a: Ursaluna|Body Slam|p2a: Iron Valiant\n|-damage|p2a: Iron Valiant|34\/100\n|-status|p2a: Iron Valiant|par\n|\n|upkeep\n|turn|11\n|\n|t:|1699924705\n|move|p2a: Iron Valiant|Moonblast|p1a: Ursaluna\n|-damage|p1a: Ursaluna|0 fnt\n|faint|p1a: Ursaluna\n|\n|upkeep\n|\n|t:|1699924710\n|switch|p1a: Dragonite|Dragonite, M, shiny|29\/100\n|turn|12\n|\n|t:|1699924727\n|move|p1a: Dragonite|Extreme Speed|p2a: Iron Valiant\n|-crit|p2a: Iron Valiant\n|-damage|p2a: Iron Valiant|0 fnt\n|faint|p2a: Iron Valiant\n|-end|p2a: Iron Valiant|Quark Drive|[silent]\n|\n|upkeep\n|\n|t:|1699924729\n|switch|p2a: Sandy Shocks|Sandy Shocks|100\/100\n|-enditem|p2a: Sandy Shocks|Booster Energy\n|-activate|p2a: Sandy Shocks|ability: Protosynthesis|[fromitem]\n|-start|p2a: Sandy Shocks|protosynthesisspe\n|turn|13\n|\n|t:|1699924737\n|move|p1a: Dragonite|Extreme Speed|p2a: Sandy Shocks\n|-damage|p2a: Sandy Shocks|65\/100\n|move|p2a: Sandy Shocks|Discharge|p1a: Dragonite\n|-damage|p1a: Dragonite|0 fnt\n|faint|p1a: Dragonite\n|\n|upkeep\n|\n|t:|1699924745\n|switch|p1a: Iron Valiant|Iron Valiant, shiny|100\/100\n|-enditem|p1a: Iron Valiant|Booster Energy\n|-activate|p1a: Iron Valiant|ability: Quark Drive|[fromitem]\n|-start|p1a: Iron Valiant|quarkdrivespe\n|turn|14\n|\n|t:|1699924753\n|move|p1a: Iron Valiant|Moonblast|p2a: Sandy Shocks\n|-damage|p2a: Sandy Shocks|11\/100\n|-unboost|p2a: Sandy Shocks|spa|1\n|move|p2a: Sandy Shocks|Flash Cannon|p1a: Iron Valiant\n|-supereffective|p1a: Iron Valiant\n|-damage|p1a: Iron Valiant|39\/100\n|-unboost|p1a: Iron Valiant|spd|1\n|\n|upkeep\n|turn|15\n|\n|t:|1699924763\n|move|p1a: Iron Valiant|Moonblast|p2a: Sandy Shocks\n|-damage|p2a: Sandy Shocks|0 fnt\n|faint|p2a: Sandy Shocks\n|-end|p2a: Sandy Shocks|Protosynthesis|[silent]\n|\n|win|Peratest\n|raw|Peratest's rating: 1640 &rarr; <strong>1655<\/strong><br \/>(+15 for winning)\n|raw|danh123's rating: 1558 &rarr; <strong>1543<\/strong><br \/>(-15 for losing)\n|l|\u2606danh123\n","uploadtime":1699924774,"views":36,"p1id":"peratest","p2id":"danh123","formatid":"gen9ou","rating":1543,"private":0,"password":""}