{"id":"gen9ou-1994944185","p1":"Jaime Francias","p2":"Pyrizzle","format":"[Gen 9] OU","log":"|j|\u2606Jaime Francias\n|j|\u2606Pyrizzle\n|t:|1700506871\n|gametype|singles\n|player|p1|Jaime Francias|169|1296\n|player|p2|Pyrizzle|265|1338\n|teamsize|p1|6\n|teamsize|p2|6\n|gen|9\n|tier|[Gen 9] OU\n|rated|\n|rule|Sleep Clause Mod: Limit one foe put to sleep\n|rule|Species Clause: Limit one of each Pok\u00e9mon\n|rule|OHKO Clause: OHKO moves are banned\n|rule|Evasion Items Clause: Evasion items are banned\n|rule|Evasion Moves Clause: Evasion moves are banned\n|rule|Endless Battle Clause: Forcing endless battles is banned\n|rule|HP Percentage Mod: HP is shown in percentages\n|clearpoke\n|poke|p1|Amoonguss, M|\n|poke|p1|Moltres|\n|poke|p1|Iron Valiant|\n|poke|p1|Landorus-Therian, M|\n|poke|p1|Dondozo, F|\n|poke|p1|Kingambit, M|\n|poke|p2|Moltres|\n|poke|p2|Clefable, F|\n|poke|p2|Ogerpon-Wellspring, F|\n|poke|p2|Samurott-Hisui, M|\n|poke|p2|Iron Hands|\n|poke|p2|Weavile, F|\n|teampreview\n|\n|t:|1700506883\n|start\n|switch|p1a: Landorus|Landorus-Therian, M|100\/100\n|switch|p2a: Clefable|Clefable, F|100\/100\n|-ability|p1a: Landorus|Intimidate|boost\n|-unboost|p2a: Clefable|atk|1\n|turn|1\n|\n|t:|1700506890\n|move|p1a: Landorus|U-turn|p2a: Clefable\n|-resisted|p2a: Clefable\n|-damage|p2a: Clefable|91\/100\n|\n|t:|1700506892\n|switch|p1a: Amoonguss|Amoonguss, M|100\/100|[from] U-turn\n|move|p2a: Clefable|Knock Off|p1a: Amoonguss\n|-damage|p1a: Amoonguss|91\/100\n|-enditem|p1a: Amoonguss|Rocky Helmet|[from] move: Knock Off|[of] p2a: Clefable\n|\n|-heal|p2a: Clefable|97\/100|[from] item: Leftovers\n|upkeep\n|turn|2\n|\n|t:|1700506901\n|move|p2a: Clefable|Moonblast|p1a: Amoonguss\n|-resisted|p1a: Amoonguss\n|-damage|p1a: Amoonguss|77\/100\n|move|p1a: Amoonguss|Sludge Bomb|p2a: Clefable\n|-supereffective|p2a: Clefable\n|-damage|p2a: Clefable|42\/100\n|-status|p2a: Clefable|psn\n|\n|-heal|p2a: Clefable|48\/100 psn|[from] item: Leftovers\n|upkeep\n|turn|3\n|\n|t:|1700506906\n|move|p2a: Clefable|Protect|p2a: Clefable\n|-singleturn|p2a: Clefable|Protect\n|move|p1a: Amoonguss|Sludge Bomb|p2a: Clefable\n|-activate|p2a: Clefable|move: Protect\n|\n|-heal|p2a: Clefable|54\/100 psn|[from] item: Leftovers\n|upkeep\n|turn|4\n|\n|t:|1700506910\n|switch|p2a: Moltres|Moltres|100\/100\n|move|p1a: Amoonguss|Sludge Bomb|p2a: Moltres\n|-damage|p2a: Moltres|75\/100\n|\n|upkeep\n|turn|5\n|\n|t:|1700506913\n|move|p2a: Moltres|Flamethrower|p1a: Amoonguss\n|-supereffective|p1a: Amoonguss\n|-damage|p1a: Amoonguss|8\/100\n|move|p1a: Amoonguss|Spore|p2a: Moltres\n|-status|p2a: Moltres|slp|[from] move: Spore\n|\n|upkeep\n|turn|6\n|\n|t:|1700506922\n|switch|p1a: Iron Valiant|Iron Valiant|100\/100\n|-enditem|p1a: Iron Valiant|Booster Energy\n|-activate|p1a: Iron Valiant|ability: Quark Drive|[fromitem]\n|-start|p1a: Iron Valiant|quarkdrivespe\n|cant|p2a: Moltres|slp\n|\n|upkeep\n|turn|7\n|\n|t:|1700506926\n|move|p1a: Iron Valiant|Thunderbolt|p2a: Moltres\n|-supereffective|p2a: Moltres\n|-damage|p2a: Moltres|13\/100 slp\n|-curestatus|p2a: Moltres|slp|[msg]\n|move|p2a: Moltres|Roost|p2a: Moltres\n|-heal|p2a: Moltres|63\/100\n|-singleturn|p2a: Moltres|move: Roost\n|\n|upkeep\n|turn|8\n|\n|t:|1700506932\n|switch|p2a: Iron Hands|Iron Hands|100\/100\n|move|p1a: Iron Valiant|Thunderbolt|p2a: Iron Hands\n|-resisted|p2a: Iron Hands\n|-damage|p2a: Iron Hands|92\/100\n|\n|upkeep\n|turn|9\n|\n|t:|1700506952\n|-end|p2a: Iron Hands|Quark Drive|[silent]\n|switch|p2a: Clefable|Clefable, F|54\/100 psn\n|move|p1a: Iron Valiant|Moonblast|p2a: Clefable\n|-damage|p2a: Clefable|9\/100 psn\n|\n|-heal|p2a: Clefable|15\/100 psn|[from] item: Leftovers\n|upkeep\n|turn|10\n|\n|t:|1700506967\n|move|p1a: Iron Valiant|Shadow Ball|p2a: Clefable\n|-damage|p2a: Clefable|0 fnt\n|faint|p2a: Clefable\n|\n|upkeep\n|\n|t:|1700506982\n|switch|p2a: Samurott|Samurott-Hisui, M|100\/100\n|turn|11\n|\n|t:|1700506988\n|move|p1a: Iron Valiant|Close Combat|p2a: Samurott\n|-supereffective|p2a: Samurott\n|-enditem|p2a: Samurott|Focus Sash\n|-damage|p2a: Samurott|1\/100\n|-unboost|p1a: Iron Valiant|def|1\n|-unboost|p1a: Iron Valiant|spd|1\n|move|p2a: Samurott|Ceaseless Edge|p1a: Iron Valiant\n|-resisted|p1a: Iron Valiant\n|-damage|p1a: Iron Valiant|78\/100\n|-sidestart|p1: Jaime Francias|Spikes\n|\n|upkeep\n|turn|12\n|\n|t:|1700506994\n|move|p2a: Samurott|Sucker Punch|p1a: Iron Valiant\n|-resisted|p1a: Iron Valiant\n|-damage|p1a: Iron Valiant|61\/100\n|move|p1a: Iron Valiant|Thunderbolt|p2a: Samurott\n|-supereffective|p2a: Samurott\n|-damage|p2a: Samurott|0 fnt\n|faint|p2a: Samurott\n|\n|upkeep\n|\n|t:|1700507006\n|switch|p2a: Weavile|Weavile, F|100\/100\n|-ability|p2a: Weavile|Pressure\n|turn|13\n|\n|t:|1700507010\n|move|p2a: Weavile|Ice Shard|p1a: Iron Valiant\n|-damage|p1a: Iron Valiant|4\/100\n|move|p1a: Iron Valiant|Close Combat|p2a: Weavile\n|-supereffective|p2a: Weavile\n|-damage|p2a: Weavile|0 fnt\n|-unboost|p1a: Iron Valiant|def|1\n|-unboost|p1a: Iron Valiant|spd|1\n|faint|p2a: Weavile\n|\n|upkeep\n|\n|t:|1700507017\n|switch|p2a: Iron Hands|Iron Hands|92\/100\n|turn|14\n|\n|t:|1700507023\n|move|p1a: Iron Valiant|Moonblast|p2a: Iron Hands\n|-supereffective|p2a: Iron Hands\n|-damage|p2a: Iron Hands|37\/100\n|-unboost|p2a: Iron Hands|spa|1\n|move|p2a: Iron Hands|Drain Punch|p1a: Iron Valiant\n|-resisted|p1a: Iron Valiant\n|-damage|p1a: Iron Valiant|0 fnt\n|-heal|p2a: Iron Hands|38\/100|[from] drain|[of] p1a: Iron Valiant\n|faint|p1a: Iron Valiant\n|-end|p1a: Iron Valiant|Quark Drive|[silent]\n|\n|upkeep\n|\n|t:|1700507045\n|switch|p1a: Amoonguss|Amoonguss, M|41\/100\n|-damage|p1a: Amoonguss|29\/100|[from] Spikes\n|turn|15\n|\n|t:|1700507048\n|move|p2a: Iron Hands|Ice Punch|p1a: Amoonguss\n|-supereffective|p1a: Amoonguss\n|-damage|p1a: Amoonguss|0 fnt\n|faint|p1a: Amoonguss\n|\n|upkeep\n|\n|t:|1700507074\n|switch|p1a: Landorus|Landorus-Therian, M|100\/100\n|-ability|p1a: Landorus|Intimidate|boost\n|-unboost|p2a: Iron Hands|atk|1\n|turn|16\n|\n|t:|1700507079\n|-end|p2a: Iron Hands|Quark Drive|[silent]\n|switch|p2a: Moltres|Moltres|63\/100\n|move|p1a: Landorus|Earthquake|p2a: Moltres\n|-immune|p2a: Moltres\n|\n|upkeep\n|turn|17\n|\n|t:|1700507086\n|switch|p1a: Moltres|Moltres|100\/100\n|move|p2a: Moltres|Flamethrower|p1a: Moltres\n|-resisted|p1a: Moltres\n|-damage|p1a: Moltres|86\/100\n|\n|upkeep\n|turn|18\n|\n|t:|1700507099\n|move|p2a: Moltres|Hurricane|p1a: Moltres|[miss]\n|-miss|p2a: Moltres|p1a: Moltres\n|move|p1a: Moltres|Hurricane|p2a: Moltres|[miss]\n|-miss|p1a: Moltres|p2a: Moltres\n|\n|upkeep\n|turn|19\n|\n|t:|1700507107\n|move|p2a: Moltres|Hurricane|p1a: Moltres\n|-damage|p1a: Moltres|54\/100\n|-start|p1a: Moltres|confusion\n|-activate|p1a: Moltres|confusion\n|-damage|p1a: Moltres|46\/100|[from] confusion\n|\n|upkeep\n|turn|20\n|\n|t:|1700507110\n|move|p2a: Moltres|Hurricane|p1a: Moltres|[miss]\n|-miss|p2a: Moltres|p1a: Moltres\n|-activate|p1a: Moltres|confusion\n|-damage|p1a: Moltres|39\/100|[from] confusion\n|\n|upkeep\n|turn|21\n|\n|t:|1700507112\n|move|p2a: Moltres|Hurricane|p1a: Moltres|[miss]\n|-miss|p2a: Moltres|p1a: Moltres\n|-activate|p1a: Moltres|confusion\n|-damage|p1a: Moltres|32\/100|[from] confusion\n|\n|upkeep\n|turn|22\n|\n|t:|1700507114\n|move|p2a: Moltres|Hurricane|p1a: Moltres\n|-damage|p1a: Moltres|0 fnt\n|faint|p1a: Moltres\n|\n|upkeep\n|c|\u2606Jaime Francias|NAHH\n|\n|t:|1700507121\n|switch|p1a: Dondozo|Dondozo, F|100\/100\n|turn|23\n|\n|t:|1700507127\n|switch|p2a: Ogerpon|Ogerpon-Wellspring, F|100\/100\n|move|p1a: Dondozo|Curse|p1a: Dondozo\n|-unboost|p1a: Dondozo|spe|1\n|-boost|p1a: Dondozo|atk|1\n|-boost|p1a: Dondozo|def|1\n|\n|upkeep\n|turn|24\n|\n|t:|1700507133\n|-terastallize|p1a: Dondozo|Fairy\n|move|p2a: Ogerpon|Swords Dance|p2a: Ogerpon\n|-boost|p2a: Ogerpon|atk|2\n|move|p1a: Dondozo|Curse|p1a: Dondozo\n|-unboost|p1a: Dondozo|spe|1\n|-boost|p1a: Dondozo|atk|1\n|-boost|p1a: Dondozo|def|1\n|\n|upkeep\n|turn|25\n|\n|t:|1700507138\n|-terastallize|p2a: Ogerpon|Water\n|detailschange|p2a: Ogerpon|Ogerpon-Wellspring-Tera, F, tera:Water\n|-ability|p2a: Ogerpon|Embody Aspect (Wellspring)|boost\n|-boost|p2a: Ogerpon|spd|1\n|move|p2a: Ogerpon|Ivy Cudgel|p1a: Dondozo|[anim] Ivy Cudgel Water\n|-damage|p1a: Dondozo|83\/100\n|move|p1a: Dondozo|Curse|p1a: Dondozo\n|-unboost|p1a: Dondozo|spe|1\n|-boost|p1a: Dondozo|atk|1\n|-boost|p1a: Dondozo|def|1\n|\n|upkeep\n|turn|26\n|\n|t:|1700507144\n|move|p2a: Ogerpon|Ivy Cudgel|p1a: Dondozo|[anim] Ivy Cudgel Water\n|-damage|p1a: Dondozo|69\/100\n|move|p1a: Dondozo|Liquidation|p2a: Ogerpon\n|-resisted|p2a: Ogerpon\n|-damage|p2a: Ogerpon|51\/100\n|\n|upkeep\n|turn|27\n|\n|t:|1700507147\n|move|p2a: Ogerpon|Ivy Cudgel|p1a: Dondozo|[anim] Ivy Cudgel Water\n|-damage|p1a: Dondozo|55\/100\n|move|p1a: Dondozo|Liquidation|p2a: Ogerpon\n|-resisted|p2a: Ogerpon\n|-damage|p2a: Ogerpon|1\/100\n|\n|upkeep\n|turn|28\n|\n|t:|1700507150\n|move|p2a: Ogerpon|Ivy Cudgel|p1a: Dondozo|[anim] Ivy Cudgel Water\n|-damage|p1a: Dondozo|42\/100\n|move|p1a: Dondozo|Rest|p1a: Dondozo\n|-status|p1a: Dondozo|slp|[from] move: Rest\n|-heal|p1a: Dondozo|100\/100 slp|[silent]\n|\n|upkeep\n|turn|29\n|\n|t:|1700507153\n|move|p2a: Ogerpon|Ivy Cudgel|p1a: Dondozo|[anim] Ivy Cudgel Water\n|-damage|p1a: Dondozo|86\/100 slp\n|cant|p1a: Dondozo|slp\n|move|p1a: Dondozo|Sleep Talk|p1a: Dondozo\n|move|p1a: Dondozo|Liquidation|p2a: Ogerpon|[from]move: Sleep Talk\n|-resisted|p2a: Ogerpon\n|-damage|p2a: Ogerpon|0 fnt\n|faint|p2a: Ogerpon\n|\n|upkeep\n|\n|t:|1700507156\n|switch|p2a: Moltres|Moltres|63\/100\n|turn|30\n|\n|t:|1700507164\n|move|p2a: Moltres|Hurricane|p1a: Dondozo\n|-damage|p1a: Dondozo|45\/100 slp\n|-start|p1a: Dondozo|confusion\n|cant|p1a: Dondozo|slp\n|-activate|p1a: Dondozo|confusion\n|move|p1a: Dondozo|Sleep Talk|p1a: Dondozo\n|move|p1a: Dondozo|Curse|p1a: Dondozo|[from]move: Sleep Talk\n|-unboost|p1a: Dondozo|spe|1\n|-boost|p1a: Dondozo|atk|1\n|-boost|p1a: Dondozo|def|1\n|\n|upkeep\n|turn|31\n|\n|t:|1700507170\n|move|p2a: Moltres|Hurricane|p1a: Dondozo|[miss]\n|-miss|p2a: Moltres|p1a: Dondozo\n|-curestatus|p1a: Dondozo|slp|[msg]\n|-end|p1a: Dondozo|confusion\n|move|p1a: Dondozo|Rest|p1a: Dondozo\n|-status|p1a: Dondozo|slp|[from] move: Rest\n|-heal|p1a: Dondozo|100\/100 slp|[silent]\n|\n|upkeep\n|turn|32\n|\n|t:|1700507173\n|move|p2a: Moltres|Hurricane|p1a: Dondozo|[miss]\n|-miss|p2a: Moltres|p1a: Dondozo\n|cant|p1a: Dondozo|slp\n|move|p1a: Dondozo|Sleep Talk|p1a: Dondozo\n|move|p1a: Dondozo|Liquidation|p2a: Moltres|[from]move: Sleep Talk\n|-supereffective|p2a: Moltres\n|-damage|p2a: Moltres|0 fnt\n|faint|p2a: Moltres\n|\n|upkeep\n|\n|t:|1700507175\n|switch|p2a: Iron Hands|Iron Hands|38\/100\n|turn|33\n|inactive|Battle timer is ON: inactive players will automatically lose when time's up. (requested by Jaime Francias)\n|\n|t:|1700507180\n|move|p2a: Iron Hands|Thunder Punch|p1a: Dondozo\n|-damage|p1a: Dondozo|93\/100 slp\n|cant|p1a: Dondozo|slp\n|move|p1a: Dondozo|Sleep Talk|p1a: Dondozo\n|move|p1a: Dondozo|Rest||[from]move: Sleep Talk|[still]\n|-fail|p1a: Dondozo\n|\n|upkeep\n|turn|34\n|\n|t:|1700507183\n|move|p2a: Iron Hands|Thunder Punch|p1a: Dondozo\n|-crit|p1a: Dondozo\n|-damage|p1a: Dondozo|63\/100 slp\n|-curestatus|p1a: Dondozo|slp|[msg]\n|move|p1a: Dondozo|Sleep Talk||[still]\n|-fail|p1a: Dondozo\n|\n|upkeep\n|turn|35\n|\n|t:|1700507188\n|move|p2a: Iron Hands|Thunder Punch|p1a: Dondozo\n|-damage|p1a: Dondozo|56\/100\n|move|p1a: Dondozo|Curse|p1a: Dondozo\n|-unboost|p1a: Dondozo|spe|1\n|-boost|p1a: Dondozo|atk|1\n|-boost|p1a: Dondozo|def|1\n|\n|upkeep\n|turn|36\n|\n|t:|1700507191\n|move|p2a: Iron Hands|Thunder Punch|p1a: Dondozo\n|-damage|p1a: Dondozo|50\/100\n|move|p1a: Dondozo|Curse|p1a: Dondozo\n|-unboost|p1a: Dondozo|spe|1\n|-boost|p1a: Dondozo|atk|1\n|-boost|p1a: Dondozo|def|1\n|\n|upkeep\n|turn|37\n|\n|t:|1700507198\n|move|p2a: Iron Hands|Thunder Punch|p1a: Dondozo\n|-damage|p1a: Dondozo|45\/100\n|move|p1a: Dondozo|Rest|p1a: Dondozo\n|-status|p1a: Dondozo|slp|[from] move: Rest\n|-heal|p1a: Dondozo|100\/100 slp|[silent]\n|\n|upkeep\n|turn|38\n|-message|Pyrizzle forfeited.\n|\n|win|Jaime Francias\n|raw|Jaime Francias's rating: 1296 &rarr; <strong>1324<\/strong><br \/>(+28 for winning)\n|raw|Pyrizzle's rating: 1338 &rarr; <strong>1316<\/strong><br \/>(-22 for losing)\n|l|\u2606Pyrizzle\n","uploadtime":1700507468,"views":5,"p1id":"jaimefrancias","p2id":"pyrizzle","formatid":"gen9ou","rating":1316,"private":0,"password":""}