{"id":"gen9ou-1989803368","p1":"claviculacarvinc","p2":"RSDPM","format":"[Gen 9] OU","log":"|j|\u2606claviculacarvinc\n|j|\u2606RSDPM\n|t:|1699897055\n|gametype|singles\n|player|p1|claviculacarvinc|265|1111\n|player|p2|RSDPM|riley|1210\n|teamsize|p1|6\n|teamsize|p2|6\n|gen|9\n|tier|[Gen 9] OU\n|rated|\n|rule|Sleep Clause Mod: Limit one foe put to sleep\n|rule|Species Clause: Limit one of each Pok\u00e9mon\n|rule|OHKO Clause: OHKO moves are banned\n|rule|Evasion Items Clause: Evasion items are banned\n|rule|Evasion Moves Clause: Evasion moves are banned\n|rule|Endless Battle Clause: Forcing endless battles is banned\n|rule|HP Percentage Mod: HP is shown in percentages\n|clearpoke\n|poke|p1|Gholdengo|\n|poke|p1|Ribombee, F|\n|poke|p1|Great Tusk|\n|poke|p1|Kingambit, F|\n|poke|p1|Amoonguss, M|\n|poke|p1|Ogerpon-Wellspring, F|\n|poke|p2|Arcanine-Hisui, F|\n|poke|p2|Electrode-Hisui|\n|poke|p2|Lilligant-Hisui, F|\n|poke|p2|Zoroark-Hisui, F|\n|poke|p2|Braviary-Hisui, M|\n|poke|p2|Avalugg-Hisui, M|\n|teampreview\n|\n|t:|1699897061\n|start\n|switch|p1a: Ribombee|Ribombee, F, shiny|100\/100\n|switch|p2a: Avalugg|Avalugg-Hisui, M|100\/100\n|turn|1\n|inactive|Battle timer is ON: inactive players will automatically lose when time's up. (requested by RSDPM)\n|\n|t:|1699897069\n|move|p1a: Ribombee|Sticky Web|p2a: Avalugg\n|-sidestart|p2: RSDPM|move: Sticky Web\n|move|p2a: Avalugg|Gyro Ball|p1a: Ribombee\n|-supereffective|p1a: Ribombee\n|-enditem|p1a: Ribombee|Focus Sash\n|-damage|p1a: Ribombee|1\/100\n|\n|upkeep\n|turn|2\n|\n|t:|1699897079\n|move|p1a: Ribombee|Dazzling Gleam|p2a: Avalugg\n|-damage|p2a: Avalugg|36\/100\n|move|p2a: Avalugg|Rapid Spin|p1a: Ribombee\n|-damage|p1a: Ribombee|0 fnt\n|-boost|p2a: Avalugg|spe|1\n|-sideend|p2: RSDPM|Sticky Web|[from] move: Rapid Spin|[of] p2a: Avalugg\n|faint|p1a: Ribombee\n|\n|upkeep\n|\n|t:|1699897093\n|switch|p1a: Ogerpon|Ogerpon-Wellspring, F|100\/100\n|turn|3\n|\n|t:|1699897098\n|-terastallize|p1a: Ogerpon|Water\n|detailschange|p1a: Ogerpon|Ogerpon-Wellspring-Tera, F, tera:Water\n|-ability|p1a: Ogerpon|Embody Aspect (Wellspring)|boost\n|-boost|p1a: Ogerpon|spd|1\n|move|p1a: Ogerpon|Knock Off|p2a: Avalugg\n|-damage|p2a: Avalugg|15\/100\n|-damage|p1a: Ogerpon|84\/100|[from] item: Rocky Helmet|[of] p2a: Avalugg\n|-enditem|p2a: Avalugg|Rocky Helmet|[from] move: Knock Off|[of] p1a: Ogerpon\n|move|p2a: Avalugg|Stealth Rock|p1a: Ogerpon\n|-sidestart|p1: claviculacarvinc|move: Stealth Rock\n|\n|upkeep\n|turn|4\n|\n|t:|1699897118\n|move|p1a: Ogerpon|Ivy Cudgel|p2a: Avalugg\n|-supereffective|p2a: Avalugg\n|-damage|p2a: Avalugg|0 fnt\n|faint|p2a: Avalugg\n|\n|upkeep\n|inactive|RSDPM has 120 seconds left.\n|\n|t:|1699897144\n|switch|p2a: Electrode|Electrode-Hisui|100\/100\n|turn|5\n|inactive|claviculacarvinc has 120 seconds left.\n|\n|t:|1699897177\n|move|p2a: Electrode|Thunderbolt|p1a: Ogerpon\n|-supereffective|p1a: Ogerpon\n|-damage|p1a: Ogerpon|0 fnt\n|faint|p1a: Ogerpon\n|\n|upkeep\n|inactive|claviculacarvinc has 120 seconds left.\n|\n|t:|1699897183\n|switch|p1a: Amoonguss|Amoonguss, M, shiny|100\/100\n|-damage|p1a: Amoonguss|88\/100|[from] Stealth Rock\n|turn|6\n|\n|t:|1699897192\n|switch|p2a: Arcanine|Arcanine-Hisui, F|100\/100\n|move|p1a: Amoonguss|Sludge Bomb|p2a: Arcanine\n|-resisted|p2a: Arcanine\n|-damage|p2a: Arcanine|89\/100\n|-status|p2a: Arcanine|psn\n|\n|-damage|p2a: Arcanine|77\/100 psn|[from] psn\n|upkeep\n|turn|7\n|inactive|claviculacarvinc has 120 seconds left.\n|\n|t:|1699897215\n|switch|p1a: Great Tusk|Great Tusk|100\/100\n|-damage|p1a: Great Tusk|98\/100|[from] Stealth Rock\n|move|p2a: Arcanine|Flare Blitz|p1a: Great Tusk\n|-damage|p1a: Great Tusk|58\/100\n|\n|-heal|p1a: Great Tusk|65\/100|[from] item: Leftovers\n|-damage|p2a: Arcanine|64\/100 psn|[from] psn\n|upkeep\n|turn|8\n|inactive|claviculacarvinc has 120 seconds left.\n|\n|t:|1699897228\n|-terastallize|p2a: Arcanine|Grass\n|move|p2a: Arcanine|Flare Blitz|p1a: Great Tusk\n|-damage|p1a: Great Tusk|26\/100\n|move|p1a: Great Tusk|Rapid Spin|p2a: Arcanine\n|-damage|p2a: Arcanine|43\/100 psn\n|-boost|p1a: Great Tusk|spe|1\n|-sideend|p1: claviculacarvinc|Stealth Rock|[from] move: Rapid Spin|[of] p1a: Great Tusk\n|\n|-heal|p1a: Great Tusk|32\/100|[from] item: Leftovers\n|-damage|p2a: Arcanine|31\/100 psn|[from] psn\n|upkeep\n|turn|9\n|inactive|claviculacarvinc has 120 seconds left.\n|\n|t:|1699897239\n|switch|p2a: Braviary|Braviary-Hisui, M|100\/100\n|move|p1a: Great Tusk|Ice Spinner|p2a: Braviary\n|-supereffective|p2a: Braviary\n|-damage|p2a: Braviary|42\/100\n|\n|-heal|p1a: Great Tusk|38\/100|[from] item: Leftovers\n|upkeep\n|turn|10\n|\n|t:|1699897248\n|move|p1a: Great Tusk|Ice Spinner|p2a: Braviary\n|-supereffective|p2a: Braviary\n|-damage|p2a: Braviary|0 fnt\n|faint|p2a: Braviary\n|\n|-heal|p1a: Great Tusk|44\/100|[from] item: Leftovers\n|upkeep\n|\n|t:|1699897254\n|switch|p2a: Electrode|Electrode-Hisui|100\/100\n|turn|11\n|\n|t:|1699897262\n|move|p2a: Electrode|Bitter Malice|p1a: Great Tusk\n|-damage|p1a: Great Tusk|0 fnt\n|faint|p1a: Great Tusk\n|-end|p1a: Great Tusk|Protosynthesis|[silent]\n|\n|upkeep\n|\n|t:|1699897270\n|switch|p1a: Kingambit|Kingambit, F, shiny|100\/100\n|-activate|p1a: Kingambit|ability: Supreme Overlord\n|-start|p1a: Kingambit|fallen3|[silent]\n|turn|12\n|\n|t:|1699897276\n|switch|p2a: Electrode|Electrode-Hisui|100\/100\n|move|p1a: Kingambit|Swords Dance|p1a: Kingambit\n|-boost|p1a: Kingambit|atk|2\n|\n|upkeep\n|turn|13\n|\n|t:|1699897285\n|move|p2a: Electrode|Thunderbolt|p1a: Kingambit\n|-damage|p1a: Kingambit|45\/100\n|-status|p1a: Kingambit|par\n|move|p1a: Kingambit|Kowtow Cleave|p2a: Electrode\n|-damage|p2a: Electrode|0 fnt\n|faint|p2a: Electrode\n|\n|-heal|p1a: Kingambit|51\/100 par|[from] item: Leftovers\n|upkeep\n|\n|t:|1699897292\n|switch|p2a: Lilligant|Lilligant-Hisui, F|100\/100\n|turn|14\n|\n|t:|1699897297\n|cant|p1a: Kingambit|par\n|move|p2a: Lilligant|Trick|p1a: Kingambit\n|-activate|p2a: Lilligant|move: Trick|[of] p1a: Kingambit\n|-item|p1a: Kingambit|Choice Scarf|[from] move: Trick\n|-item|p2a: Lilligant|Leftovers|[from] move: Trick\n|\n|upkeep\n|turn|15\n|\n|t:|1699897304\n|cant|p1a: Kingambit|par\n|move|p2a: Lilligant|Flamethrower|p1a: Kingambit\n|-supereffective|p1a: Kingambit\n|-damage|p1a: Kingambit|0 fnt\n|faint|p1a: Kingambit\n|-end|p1a: Kingambit|fallen3|[silent]\n|\n|upkeep\n|\n|t:|1699897325\n|switch|p1a: Gholdengo|Gholdengo|100\/100\n|turn|16\n|\n|t:|1699897331\n|move|p2a: Lilligant|Bitter Malice|p1a: Gholdengo\n|-supereffective|p1a: Gholdengo\n|-damage|p1a: Gholdengo|14\/100\n|-unboost|p1a: Gholdengo|atk|1\n|move|p1a: Gholdengo|Dazzling Gleam|p2a: Lilligant\n|-damage|p2a: Lilligant|0 fnt\n|replace|p2a: Zoroark|Zoroark-Hisui, F\n|-end|p2a: Zoroark|Illusion\n|faint|p2a: Zoroark\n|\n|upkeep\n|\n|t:|1699897344\n|switch|p2a: Arcanine|Arcanine-Hisui, F, tera:Grass|31\/100 psn\n|turn|17\n|\n|t:|1699897348\n|move|p2a: Arcanine|Flare Blitz|p1a: Gholdengo\n|-supereffective|p1a: Gholdengo\n|-damage|p1a: Gholdengo|0 fnt\n|faint|p1a: Gholdengo\n|\n|-damage|p2a: Arcanine|19\/100 psn|[from] psn\n|upkeep\n|\n|t:|1699897354\n|switch|p1a: Amoonguss|Amoonguss, M, shiny|100\/100\n|turn|18\n|\n|t:|1699897360\n|move|p2a: Arcanine|Flare Blitz|p1a: Amoonguss\n|-supereffective|p1a: Amoonguss\n|-damage|p1a: Amoonguss|20\/100\n|-damage|p2a: Arcanine|2\/100 psn|[from] item: Rocky Helmet|[of] p1a: Amoonguss\n|move|p1a: Amoonguss|Giga Drain|p2a: Arcanine\n|-resisted|p2a: Arcanine\n|-damage|p2a: Arcanine|0 fnt\n|-heal|p1a: Amoonguss|21\/100|[from] drain|[of] p2a: Arcanine\n|faint|p2a: Arcanine\n|\n|upkeep\n|\n|t:|1699897364\n|switch|p2a: Lilligant|Lilligant-Hisui, F|100\/100\n|turn|19\n|\n|t:|1699897383\n|move|p2a: Lilligant|Ice Spinner|p1a: Amoonguss\n|-supereffective|p1a: Amoonguss\n|-damage|p1a: Amoonguss|0 fnt\n|-damage|p2a: Lilligant|84\/100|[from] item: Rocky Helmet|[of] p1a: Amoonguss\n|faint|p1a: Amoonguss\n|\n|win|RSDPM\n|raw|claviculacarvinc's rating: 1111 &rarr; <strong>1093<\/strong><br \/>(-18 for losing)\n|raw|RSDPM's rating: 1210 &rarr; <strong>1228<\/strong><br \/>(+18 for winning)\n","uploadtime":1699897399,"views":12,"p1id":"claviculacarvinc","p2id":"rsdpm","formatid":"gen9ou","rating":1093,"private":0,"password":""}