{"id":"gen9ou-1992869307","p1":"ranis_elh","p2":"sneets","format":"[Gen 9] OU","log":"|j|\u2606ranis_elh\n|j|\u2606sneets\n|t:|1700242497\n|gametype|singles\n|player|p1|ranis_elh|ghetsis|1113\n|player|p2|sneets|rocketgruntf|1077\n|teamsize|p1|6\n|teamsize|p2|6\n|gen|9\n|tier|[Gen 9] OU\n|rated|\n|rule|Sleep Clause Mod: Limit one foe put to sleep\n|rule|Species Clause: Limit one of each Pok\u00e9mon\n|rule|OHKO Clause: OHKO moves are banned\n|rule|Evasion Items Clause: Evasion items are banned\n|rule|Evasion Moves Clause: Evasion moves are banned\n|rule|Endless Battle Clause: Forcing endless battles is banned\n|rule|HP Percentage Mod: HP is shown in percentages\n|clearpoke\n|poke|p1|Samurott-Hisui, F|\n|poke|p1|Iron Valiant|\n|poke|p1|Gholdengo|\n|poke|p1|Dragonite, M|\n|poke|p1|Enamorus, F|\n|poke|p1|Zamazenta-*|\n|poke|p2|Rillaboom, F|\n|poke|p2|Sneasler, M|\n|poke|p2|Cinderace, M|\n|poke|p2|Ninetales-Alola, M|\n|poke|p2|Greninja-*, M|\n|poke|p2|Garganacl, M|\n|teampreview\n|inactive|Battle timer is ON: inactive players will automatically lose when time's up. (requested by ranis_elh)\n|\n|t:|1700242502\n|start\n|switch|p1a: Kirua Zoldyck|Samurott-Hisui, F, shiny|100\/100\n|switch|p2a: Ninetales|Ninetales-Alola, M|100\/100\n|-weather|Snow|[from] ability: Snow Warning|[of] p2a: Ninetales\n|turn|1\n|\n|t:|1700242509\n|move|p2a: Ninetales|Aurora Veil|p2a: Ninetales\n|-sidestart|p2: sneets|move: Aurora Veil\n|move|p1a: Kirua Zoldyck|Taunt|p2a: Ninetales\n|-start|p2a: Ninetales|move: Taunt\n|\n|-weather|Snow|[upkeep]\n|upkeep\n|turn|2\n|\n|t:|1700242517\n|switch|p1a: Nen of Zeno|Gholdengo|100\/100\n|move|p2a: Ninetales|Freeze-Dry|p1a: Nen of Zeno\n|-resisted|p1a: Nen of Zeno\n|-damage|p1a: Nen of Zeno|89\/100\n|\n|-weather|Snow|[upkeep]\n|upkeep\n|turn|3\n|\n|t:|1700242526\n|switch|p2a: Rillaboom|Rillaboom, F|100\/100\n|-fieldstart|move: Grassy Terrain|[from] ability: Grassy Surge|[of] p2a: Rillaboom\n|move|p1a: Nen of Zeno|Trick|p2a: Rillaboom\n|-activate|p1a: Nen of Zeno|move: Trick|[of] p2a: Rillaboom\n|-item|p2a: Rillaboom|Choice Scarf|[from] move: Trick\n|-item|p1a: Nen of Zeno|Terrain Extender|[from] move: Trick\n|\n|-weather|Snow|[upkeep]\n|-heal|p1a: Nen of Zeno|95\/100|[from] Grassy Terrain\n|upkeep\n|turn|4\n|\n|t:|1700242537\n|move|p2a: Rillaboom|Knock Off|p1a: Nen of Zeno\n|-supereffective|p1a: Nen of Zeno\n|-damage|p1a: Nen of Zeno|10\/100\n|-enditem|p1a: Nen of Zeno|Terrain Extender|[from] move: Knock Off|[of] p2a: Rillaboom\n|move|p1a: Nen of Zeno|Nasty Plot|p1a: Nen of Zeno\n|-boost|p1a: Nen of Zeno|spa|2\n|\n|-weather|Snow|[upkeep]\n|-heal|p1a: Nen of Zeno|16\/100|[from] Grassy Terrain\n|upkeep\n|turn|5\n|\n|t:|1700242560\n|switch|p1a: Kirua Zoldyck|Samurott-Hisui, F, shiny|100\/100\n|move|p2a: Rillaboom|Knock Off|p1a: Kirua Zoldyck\n|-resisted|p1a: Kirua Zoldyck\n|-damage|p1a: Kirua Zoldyck|76\/100\n|-enditem|p1a: Kirua Zoldyck|Focus Sash|[from] move: Knock Off|[of] p2a: Rillaboom\n|\n|-weather|none\n|-heal|p1a: Kirua Zoldyck|82\/100|[from] Grassy Terrain\n|upkeep\n|turn|6\n|\n|t:|1700242572\n|switch|p2a: Sneasler|Sneasler, M|100\/100\n|-enditem|p2a: Sneasler|Grassy Seed\n|-boost|p2a: Sneasler|def|1|[from] item: Grassy Seed\n|move|p1a: Kirua Zoldyck|Ceaseless Edge|p2a: Sneasler\n|-resisted|p2a: Sneasler\n|-damage|p2a: Sneasler|86\/100\n|-sidestart|p2: sneets|Spikes\n|\n|-heal|p2a: Sneasler|92\/100|[from] Grassy Terrain\n|-heal|p1a: Kirua Zoldyck|89\/100|[from] Grassy Terrain\n|upkeep\n|turn|7\n|\n|t:|1700242584\n|move|p2a: Sneasler|Swords Dance|p2a: Sneasler\n|-boost|p2a: Sneasler|atk|2\n|move|p1a: Kirua Zoldyck|Taunt|p2a: Sneasler\n|-start|p2a: Sneasler|move: Taunt\n|\n|-heal|p2a: Sneasler|98\/100|[from] Grassy Terrain\n|-heal|p1a: Kirua Zoldyck|95\/100|[from] Grassy Terrain\n|upkeep\n|turn|8\n|\n|t:|1700242593\n|-terastallize|p2a: Sneasler|Flying\n|move|p1a: Kirua Zoldyck|Aqua Jet|p2a: Sneasler\n|-damage|p2a: Sneasler|85\/100\n|move|p2a: Sneasler|Acrobatics|p1a: Kirua Zoldyck\n|-damage|p1a: Kirua Zoldyck|0 fnt\n|faint|p1a: Kirua Zoldyck\n|\n|-sideend|p2: sneets|move: Aurora Veil\n|upkeep\n|\n|t:|1700242605\n|switch|p1a: Dragon Dive|Dragonite, M|100\/100\n|turn|9\n|\n|t:|1700242608\n|move|p1a: Dragon Dive|Extreme Speed|p2a: Sneasler\n|-damage|p2a: Sneasler|51\/100\n|move|p2a: Sneasler|Acrobatics|p1a: Dragon Dive\n|-damage|p1a: Dragon Dive|34\/100\n|\n|upkeep\n|turn|10\n|\n|t:|1700242619\n|move|p2a: Sneasler|Dire Claw|p1a: Dragon Dive\n|-damage|p1a: Dragon Dive|0 fnt\n|faint|p1a: Dragon Dive\n|\n|-end|p2a: Sneasler|move: Taunt\n|-fieldend|move: Grassy Terrain\n|upkeep\n|\n|t:|1700242627\n|switch|p1a: Biscuit krueger|Enamorus, F|100\/100\n|turn|11\n|-message|ranis_elh forfeited.\n|\n|win|sneets\n|raw|ranis_elh's rating: 1113 &rarr; <strong>1085<\/strong><br \/>(-28 for losing)\n|raw|sneets's rating: 1077 &rarr; <strong>1108<\/strong><br \/>(+31 for winning)\n|l|\u2606ranis_elh\n","uploadtime":1700242649,"views":18,"p1id":"raniselh","p2id":"sneets","formatid":"gen9ou","rating":1085,"private":0,"password":""}