{"id":"gen9ou-1991265608","p1":"PokeEnjoyer-52","p2":"Drake115","format":"[Gen 9] OU","log":"|j|\u2606PokeEnjoyer-52\n|j|\u2606Drake115\n|t:|1700062609\n|gametype|singles\n|player|p1|PokeEnjoyer-52|riley|1501\n|player|p2|Drake115|gambler|1580\n|teamsize|p1|6\n|teamsize|p2|6\n|gen|9\n|tier|[Gen 9] OU\n|rated|\n|rule|Sleep Clause Mod: Limit one foe put to sleep\n|rule|Species Clause: Limit one of each Pok\u00e9mon\n|rule|OHKO Clause: OHKO moves are banned\n|rule|Evasion Items Clause: Evasion items are banned\n|rule|Evasion Moves Clause: Evasion moves are banned\n|rule|Endless Battle Clause: Forcing endless battles is banned\n|rule|HP Percentage Mod: HP is shown in percentages\n|clearpoke\n|poke|p1|Iron Jugulis|\n|poke|p1|Dragonite, F|\n|poke|p1|Gholdengo|\n|poke|p1|Zapdos|\n|poke|p1|Iron Valiant|\n|poke|p1|Ribombee, M|\n|poke|p2|Meowscarada, M|\n|poke|p2|Skeledirge, M|\n|poke|p2|Zamazenta-*|\n|poke|p2|Corviknight, M|\n|poke|p2|Walking Wake|\n|poke|p2|Glimmora, M|\n|teampreview\n|\n|t:|1700062622\n|start\n|switch|p1a: Ribombee|Ribombee, M|100\/100\n|switch|p2a: Meowsy|Meowscarada, M, shiny|100\/100\n|turn|1\n|\n|t:|1700062630\n|move|p2a: Meowsy|U-turn|p1a: Ribombee\n|-start|p2a: Meowsy|typechange|Bug|[from] ability: Protean\n|-resisted|p1a: Ribombee\n|-damage|p1a: Ribombee|68\/100\n|\n|t:|1700062642\n|switch|p2a: Ah yes a plug|Glimmora, M|100\/100|[from] U-turn\n|move|p1a: Ribombee|Sticky Web|p2a: Ah yes a plug\n|-sidestart|p2: Drake115|move: Sticky Web\n|\n|upkeep\n|turn|2\n|l|\u2606PokeEnjoyer-52\n|player|p1|\n|j|\u2606PokeEnjoyer-52\n|player|p1|PokeEnjoyer-52|riley\n|\n|t:|1700062677\n|switch|p1a: Gholdengo|Gholdengo|100\/100\n|-item|p1a: Gholdengo|Air Balloon\n|move|p2a: Ah yes a plug|Stealth Rock|p1a: Gholdengo\n|-sidestart|p1: PokeEnjoyer-52|move: Stealth Rock\n|\n|upkeep\n|turn|3\n|\n|t:|1700062683\n|move|p2a: Ah yes a plug|Power Gem|p1a: Gholdengo\n|-resisted|p1a: Gholdengo\n|-damage|p1a: Gholdengo|76\/100\n|-enditem|p1a: Gholdengo|Air Balloon\n|move|p1a: Gholdengo|Nasty Plot|p1a: Gholdengo\n|-boost|p1a: Gholdengo|spa|2\n|\n|upkeep\n|turn|4\n|\n|t:|1700062687\n|move|p2a: Ah yes a plug|Earth Power|p1a: Gholdengo\n|-supereffective|p1a: Gholdengo\n|-damage|p1a: Gholdengo|7\/100\n|move|p1a: Gholdengo|Make It Rain|p2a: Ah yes a plug\n|-supereffective|p2a: Ah yes a plug\n|-enditem|p2a: Ah yes a plug|Focus Sash\n|-damage|p2a: Ah yes a plug|1\/100\n|-unboost|p1a: Gholdengo|spa|1\n|\n|upkeep\n|turn|5\n|\n|t:|1700062693\n|switch|p1a: Zapdos|Zapdos|100\/100\n|move|p2a: Ah yes a plug|Power Gem|p1a: Zapdos\n|-supereffective|p1a: Zapdos\n|-damage|p1a: Zapdos|9\/100\n|\n|upkeep\n|turn|6\n|\n|t:|1700062700\n|move|p1a: Zapdos|Discharge|p2a: Ah yes a plug\n|-damage|p2a: Ah yes a plug|0 fnt\n|faint|p2a: Ah yes a plug\n|\n|upkeep\n|\n|t:|1700062716\n|switch|p2a: Corviknight|Corviknight, M, shiny|100\/100\n|-ability|p2a: Corviknight|Pressure\n|turn|7\n|\n|t:|1700062724\n|move|p1a: Zapdos|Discharge|p2a: Corviknight\n|-supereffective|p2a: Corviknight\n|-damage|p2a: Corviknight|46\/100\n|move|p2a: Corviknight|Defog|p1a: Zapdos\n|-unboost|p1a: Zapdos|evasion|1\n|-sideend|p1: PokeEnjoyer-52|Stealth Rock|[from] move: Defog|[of] p2a: Corviknight\n|-sideend|p2: Drake115|Sticky Web|[from] move: Defog|[of] p2a: Corviknight\n|\n|upkeep\n|turn|8\n|\n|t:|1700062733\n|move|p1a: Zapdos|Discharge|p2a: Corviknight\n|-supereffective|p2a: Corviknight\n|-damage|p2a: Corviknight|0 fnt\n|faint|p2a: Corviknight\n|\n|upkeep\n|\n|t:|1700062742\n|switch|p2a: Meowsy|Meowscarada, M, shiny|100\/100\n|turn|9\n|\n|t:|1700062745\n|move|p2a: Meowsy|Flower Trick|p1a: Zapdos\n|-start|p2a: Meowsy|typechange|Grass|[from] ability: Protean\n|-resisted|p1a: Zapdos\n|-crit|p1a: Zapdos\n|-damage|p1a: Zapdos|0 fnt\n|faint|p1a: Zapdos\n|\n|upkeep\n|\n|t:|1700062751\n|switch|p1a: Ribombee|Ribombee, M|68\/100\n|turn|10\n|\n|t:|1700062759\n|switch|p2a: Carebolsa|Zamazenta|100\/100\n|-ability|p2a: Carebolsa|Dauntless Shield|boost\n|-boost|p2a: Carebolsa|def|1\n|move|p1a: Ribombee|Sticky Web|p2a: Carebolsa\n|-sidestart|p2: Drake115|move: Sticky Web\n|\n|upkeep\n|turn|11\n|\n|t:|1700062766\n|-terastallize|p2a: Carebolsa|Steel\n|move|p2a: Carebolsa|Substitute|p2a: Carebolsa\n|-start|p2a: Carebolsa|Substitute\n|-damage|p2a: Carebolsa|76\/100\n|move|p1a: Ribombee|Moonblast|p2a: Carebolsa\n|-resisted|p2a: Carebolsa\n|-activate|p2a: Carebolsa|move: Substitute|[damage]\n|\n|-heal|p2a: Carebolsa|82\/100|[from] item: Leftovers\n|upkeep\n|turn|12\n|\n|t:|1700062774\n|move|p2a: Carebolsa|Iron Defense|p2a: Carebolsa\n|-boost|p2a: Carebolsa|def|2\n|move|p1a: Ribombee|Moonblast|p2a: Carebolsa\n|-resisted|p2a: Carebolsa\n|-end|p2a: Carebolsa|Substitute\n|\n|-heal|p2a: Carebolsa|88\/100|[from] item: Leftovers\n|upkeep\n|turn|13\n|\n|t:|1700062777\n|move|p2a: Carebolsa|Substitute|p2a: Carebolsa\n|-start|p2a: Carebolsa|Substitute\n|-damage|p2a: Carebolsa|63\/100\n|move|p1a: Ribombee|Moonblast|p2a: Carebolsa\n|-resisted|p2a: Carebolsa\n|-activate|p2a: Carebolsa|move: Substitute|[damage]\n|\n|-heal|p2a: Carebolsa|69\/100|[from] item: Leftovers\n|upkeep\n|turn|14\n|\n|t:|1700062781\n|move|p2a: Carebolsa|Heavy Slam|p1a: Ribombee\n|-supereffective|p1a: Ribombee\n|-damage|p1a: Ribombee|0 fnt\n|faint|p1a: Ribombee\n|\n|-heal|p2a: Carebolsa|75\/100|[from] item: Leftovers\n|upkeep\n|\n|t:|1700062792\n|switch|p1a: Iron Valiant|Iron Valiant|100\/100\n|turn|15\n|\n|t:|1700062796\n|move|p2a: Carebolsa|Heavy Slam|p1a: Iron Valiant\n|-supereffective|p1a: Iron Valiant\n|-damage|p1a: Iron Valiant|0 fnt\n|faint|p1a: Iron Valiant\n|-end|p1a: Iron Valiant|Quark Drive|[silent]\n|\n|-heal|p2a: Carebolsa|81\/100|[from] item: Leftovers\n|upkeep\n|\n|t:|1700062798\n|switch|p1a: Dragonite|Dragonite, F|100\/100\n|turn|16\n|\n|t:|1700062807\n|move|p2a: Carebolsa|Iron Defense|p2a: Carebolsa\n|-boost|p2a: Carebolsa|def|2\n|move|p1a: Dragonite|Earthquake|p2a: Carebolsa\n|-supereffective|p2a: Carebolsa\n|-end|p2a: Carebolsa|Substitute\n|\n|-heal|p2a: Carebolsa|88\/100|[from] item: Leftovers\n|upkeep\n|turn|17\n|\n|t:|1700062810\n|move|p2a: Carebolsa|Substitute|p2a: Carebolsa\n|-start|p2a: Carebolsa|Substitute\n|-damage|p2a: Carebolsa|63\/100\n|move|p1a: Dragonite|Earthquake|p2a: Carebolsa\n|-supereffective|p2a: Carebolsa\n|-activate|p2a: Carebolsa|move: Substitute|[damage]\n|\n|-heal|p2a: Carebolsa|69\/100|[from] item: Leftovers\n|upkeep\n|turn|18\n|\n|t:|1700062813\n|move|p2a: Carebolsa|Body Press|p1a: Dragonite\n|-resisted|p1a: Dragonite\n|-damage|p1a: Dragonite|62\/100\n|move|p1a: Dragonite|Earthquake|p2a: Carebolsa\n|-supereffective|p2a: Carebolsa\n|-end|p2a: Carebolsa|Substitute\n|\n|-heal|p2a: Carebolsa|75\/100|[from] item: Leftovers\n|upkeep\n|turn|19\n|\n|t:|1700062819\n|move|p2a: Carebolsa|Substitute|p2a: Carebolsa\n|-start|p2a: Carebolsa|Substitute\n|-damage|p2a: Carebolsa|50\/100\n|move|p1a: Dragonite|Earthquake|p2a: Carebolsa\n|-supereffective|p2a: Carebolsa\n|-activate|p2a: Carebolsa|move: Substitute|[damage]\n|\n|-heal|p2a: Carebolsa|56\/100|[from] item: Leftovers\n|upkeep\n|turn|20\n|\n|t:|1700062822\n|move|p2a: Carebolsa|Body Press|p1a: Dragonite\n|-resisted|p1a: Dragonite\n|-damage|p1a: Dragonite|0 fnt\n|faint|p1a: Dragonite\n|\n|-heal|p2a: Carebolsa|62\/100|[from] item: Leftovers\n|upkeep\n|\n|t:|1700062825\n|switch|p1a: Iron Jugulis|Iron Jugulis|100\/100\n|-enditem|p1a: Iron Jugulis|Booster Energy\n|-activate|p1a: Iron Jugulis|ability: Quark Drive|[fromitem]\n|-start|p1a: Iron Jugulis|quarkdrivespe\n|turn|21\n|\n|t:|1700062831\n|move|p1a: Iron Jugulis|Flamethrower|p2a: Carebolsa\n|-supereffective|p2a: Carebolsa\n|-end|p2a: Carebolsa|Substitute\n|move|p2a: Carebolsa|Body Press|p1a: Iron Jugulis\n|-damage|p1a: Iron Jugulis|0 fnt\n|faint|p1a: Iron Jugulis\n|-end|p1a: Iron Jugulis|Quark Drive|[silent]\n|\n|-heal|p2a: Carebolsa|69\/100|[from] item: Leftovers\n|upkeep\n|c|\u2606Drake115|gg\n|-message|PokeEnjoyer-52 forfeited.\n|\n|win|Drake115\n|raw|PokeEnjoyer-52's rating: 1501 &rarr; <strong>1485<\/strong><br \/>(-16 for losing)\n|raw|Drake115's rating: 1580 &rarr; <strong>1596<\/strong><br \/>(+16 for winning)\n|l|\u2606PokeEnjoyer-52\n","uploadtime":1700062841,"views":8,"p1id":"pokeenjoyer52","p2id":"drake115","formatid":"gen9ou","rating":1485,"private":0,"password":""}