{"id":"gen9ou-1988731075","p1":"EeveeLazuli","p2":"Sahoran","format":"[Gen 9] OU","log":"|j|\u2606EeveeLazuli\n|j|\u2606Sahoran\n|t:|1699755964\n|gametype|singles\n|player|p1|EeveeLazuli|palmer|\n|player|p2|Sahoran|red|\n|teamsize|p1|6\n|teamsize|p2|6\n|gen|9\n|tier|[Gen 9] OU\n|rule|Sleep Clause Mod: Limit one foe put to sleep\n|rule|Species Clause: Limit one of each Pok\u00e9mon\n|rule|OHKO Clause: OHKO moves are banned\n|rule|Evasion Items Clause: Evasion items are banned\n|rule|Evasion Moves Clause: Evasion moves are banned\n|rule|Endless Battle Clause: Forcing endless battles is banned\n|rule|HP Percentage Mod: HP is shown in percentages\n|clearpoke\n|poke|p1|Zoroark-Hisui, F|\n|poke|p1|Azelf|\n|poke|p1|Umbreon, F|\n|poke|p1|Ditto|\n|poke|p1|Heatran, M|\n|poke|p1|Bronzong|\n|poke|p2|Goodra-Hisui, M|\n|poke|p2|Charizard, M|\n|poke|p2|Kommo-o, M|\n|poke|p2|Gardevoir, M|\n|poke|p2|Dondozo, F|\n|poke|p2|Toxtricity, F|\n|teampreview\n|\n|t:|1699756041\n|start\n|switch|p1a: Taco Bell|Bronzong|100\/100\n|switch|p2a: Dondozo|Dondozo, F|100\/100\n|turn|1\n|\n|t:|1699756047\n|move|p2a: Dondozo|Curse|p2a: Dondozo\n|-unboost|p2a: Dondozo|spe|1\n|-boost|p2a: Dondozo|atk|1\n|-boost|p2a: Dondozo|def|1\n|move|p1a: Taco Bell|Stealth Rock|p2a: Dondozo\n|-sidestart|p2: Sahoran|move: Stealth Rock\n|\n|upkeep\n|turn|2\n|\n|t:|1699756062\n|switch|p1a: Delta|Umbreon, F|100\/100\n|move|p2a: Dondozo|Curse|p2a: Dondozo\n|-unboost|p2a: Dondozo|spe|1\n|-boost|p2a: Dondozo|atk|1\n|-boost|p2a: Dondozo|def|1\n|\n|upkeep\n|turn|3\n|\n|t:|1699756071\n|move|p1a: Delta|Toxic|p2a: Dondozo\n|-status|p2a: Dondozo|tox\n|move|p2a: Dondozo|Body Press|p1a: Delta\n|-supereffective|p1a: Delta\n|-damage|p1a: Delta|11\/100\n|\n|-heal|p1a: Delta|17\/100|[from] item: Leftovers\n|-damage|p2a: Dondozo|94\/100 tox|[from] psn\n|upkeep\n|turn|4\n|\n|t:|1699756080\n|move|p1a: Delta|Protect|p1a: Delta\n|-singleturn|p1a: Delta|Protect\n|move|p2a: Dondozo|Curse|p2a: Dondozo\n|-unboost|p2a: Dondozo|spe|1\n|-boost|p2a: Dondozo|atk|1\n|-boost|p2a: Dondozo|def|1\n|\n|-heal|p1a: Delta|23\/100|[from] item: Leftovers\n|-heal|p2a: Dondozo|100\/100 tox|[from] item: Leftovers\n|-damage|p2a: Dondozo|88\/100 tox|[from] psn\n|upkeep\n|turn|5\n|\n|t:|1699756096\n|move|p1a: Delta|Foul Play|p2a: Dondozo\n|-damage|p2a: Dondozo|82\/100 tox\n|move|p2a: Dondozo|Curse|p2a: Dondozo\n|-unboost|p2a: Dondozo|spe|1\n|-boost|p2a: Dondozo|atk|1\n|-boost|p2a: Dondozo|def|1\n|\n|-heal|p1a: Delta|29\/100|[from] item: Leftovers\n|-heal|p2a: Dondozo|88\/100 tox|[from] item: Leftovers\n|-damage|p2a: Dondozo|70\/100 tox|[from] psn\n|upkeep\n|turn|6\n|\n|t:|1699756108\n|move|p1a: Delta|Protect|p1a: Delta\n|-singleturn|p1a: Delta|Protect\n|move|p2a: Dondozo|Curse|p2a: Dondozo\n|-unboost|p2a: Dondozo|spe|1\n|-boost|p2a: Dondozo|atk|1\n|-boost|p2a: Dondozo|def|1\n|\n|-heal|p1a: Delta|36\/100|[from] item: Leftovers\n|-heal|p2a: Dondozo|76\/100 tox|[from] item: Leftovers\n|-damage|p2a: Dondozo|51\/100 tox|[from] psn\n|upkeep\n|turn|7\n|\n|t:|1699756121\n|move|p1a: Delta|Wish|p1a: Delta\n|move|p2a: Dondozo|Rest|p2a: Dondozo\n|-status|p2a: Dondozo|slp|[from] move: Rest\n|-heal|p2a: Dondozo|100\/100 slp|[silent]\n|\n|-heal|p1a: Delta|42\/100|[from] item: Leftovers\n|upkeep\n|turn|8\n|\n|t:|1699756129\n|switch|p1a: Bluey|Azelf|100\/100\n|cant|p2a: Dondozo|slp\n|\n|upkeep\n|turn|9\n|\n|t:|1699756134\n|move|p1a: Bluey|Thunderbolt|p2a: Dondozo\n|-supereffective|p2a: Dondozo\n|-damage|p2a: Dondozo|38\/100 slp\n|cant|p2a: Dondozo|slp\n|\n|-heal|p2a: Dondozo|44\/100 slp|[from] item: Leftovers\n|upkeep\n|turn|10\n|\n|t:|1699756148\n|switch|p2a: Goodra|Goodra-Hisui, M|100\/100\n|-damage|p2a: Goodra|94\/100|[from] Stealth Rock\n|move|p1a: Bluey|Thunderbolt|p2a: Goodra\n|-resisted|p2a: Goodra\n|-damage|p2a: Goodra|87\/100\n|\n|-heal|p2a: Goodra|93\/100|[from] item: Leftovers\n|upkeep\n|turn|11\n|\n|t:|1699756162\n|move|p1a: Bluey|Knock Off|p2a: Goodra\n|-damage|p2a: Goodra|69\/100\n|-enditem|p2a: Goodra|Leftovers|[from] move: Knock Off|[of] p1a: Bluey\n|move|p2a: Goodra|Dragon Tail|p1a: Bluey\n|-damage|p1a: Bluey|64\/100\n|drag|p1a: Mystic|Ditto|100\/100\n|-transform|p1a: Mystic|p2a: Goodra|[from] ability: Imposter\n|\n|upkeep\n|turn|12\n|\n|t:|1699756180\n|switch|p1a: Taco Bell|Bronzong|100\/100\n|switch|p2a: Charizard|Charizard, M|100\/100\n|-damage|p2a: Charizard|51\/100|[from] Stealth Rock\n|\n|upkeep\n|turn|13\n|\n|t:|1699756192\n|switch|p1a: Ifrit|Heatran, M|100\/100\n|move|p2a: Charizard|Ancient Power|p1a: Ifrit\n|-damage|p1a: Ifrit|90\/100\n|\n|upkeep\n|turn|14\n|\n|t:|1699756204\n|-terastallize|p1a: Ifrit|Grass\n|move|p2a: Charizard|Solar Beam||[still]\n|-prepare|p2a: Charizard|Solar Beam\n|-enditem|p2a: Charizard|Power Herb\n|-anim|p2a: Charizard|Solar Beam|p1a: Ifrit\n|-resisted|p1a: Ifrit\n|-damage|p1a: Ifrit|81\/100\n|move|p1a: Ifrit|Power Gem|p2a: Charizard\n|-supereffective|p2a: Charizard\n|-damage|p2a: Charizard|0 fnt\n|faint|p2a: Charizard\n|\n|upkeep\n|\n|t:|1699756218\n|switch|p2a: Goodra|Goodra-Hisui, M|69\/100\n|-damage|p2a: Goodra|63\/100|[from] Stealth Rock\n|turn|15\n|\n|t:|1699756224\n|move|p1a: Ifrit|Flamethrower|p2a: Goodra\n|-damage|p2a: Goodra|37\/100\n|move|p2a: Goodra|Dragon Tail|p1a: Ifrit\n|-damage|p1a: Ifrit|62\/100\n|drag|p1a: Mystic|Ditto|100\/100\n|-transform|p1a: Mystic|p2a: Goodra|[from] ability: Imposter\n|\n|upkeep\n|turn|16\n|\n|t:|1699756235\n|switch|p1a: Taco Bell|Bronzong|100\/100\n|move|p2a: Goodra|Dragon Tail|p1a: Taco Bell\n|-resisted|p1a: Taco Bell\n|-damage|p1a: Taco Bell|94\/100\n|drag|p1a: Ifrit|Heatran, M, tera:Grass|62\/100\n|\n|upkeep\n|turn|17\n|\n|t:|1699756243\n|move|p1a: Ifrit|Flamethrower|p2a: Goodra\n|-damage|p2a: Goodra|9\/100\n|move|p2a: Goodra|Rest|p2a: Goodra\n|-status|p2a: Goodra|slp|[from] move: Rest\n|-heal|p2a: Goodra|100\/100 slp|[silent]\n|\n|upkeep\n|turn|18\n|\n|t:|1699756253\n|switch|p1a: Delta|Umbreon, F|42\/100\n|cant|p2a: Goodra|slp\n|\n|-heal|p1a: Delta|48\/100|[from] item: Leftovers\n|upkeep\n|turn|19\n|\n|t:|1699756261\n|switch|p2a: Dondozo|Dondozo, F|44\/100 slp\n|-damage|p2a: Dondozo|31\/100 slp|[from] Stealth Rock\n|move|p1a: Delta|Wish|p1a: Delta\n|\n|-heal|p1a: Delta|54\/100|[from] item: Leftovers\n|-heal|p2a: Dondozo|38\/100 slp|[from] item: Leftovers\n|upkeep\n|turn|20\n|\n|t:|1699756273\n|switch|p1a: Bluey|Azelf|64\/100\n|-curestatus|p2a: Dondozo|slp|[msg]\n|move|p2a: Dondozo|Rest|p2a: Dondozo\n|-status|p2a: Dondozo|slp|[from] move: Rest\n|-heal|p2a: Dondozo|100\/100 slp|[silent]\n|\n|-heal|p1a: Bluey|100\/100|[from] move: Wish|[wisher] Delta\n|upkeep\n|turn|21\n|\n|t:|1699756299\n|switch|p2a: Kommo-o|Kommo-o, M|100\/100\n|-damage|p2a: Kommo-o|94\/100|[from] Stealth Rock\n|move|p1a: Bluey|Thunderbolt|p2a: Kommo-o\n|-resisted|p2a: Kommo-o\n|-crit|p2a: Kommo-o\n|-damage|p2a: Kommo-o|68\/100\n|\n|upkeep\n|turn|22\n|\n|t:|1699756319\n|move|p1a: Bluey|Dazzling Gleam|p2a: Kommo-o\n|-supereffective|p2a: Kommo-o\n|-damage|p2a: Kommo-o|0 fnt\n|faint|p2a: Kommo-o\n|\n|upkeep\n|\n|t:|1699756326\n|switch|p2a: Toxtricity|Toxtricity, F|100\/100\n|-damage|p2a: Toxtricity|88\/100|[from] Stealth Rock\n|turn|23\n|\n|t:|1699756335\n|switch|p2a: Gardevoir|Gardevoir, M|100\/100\n|-damage|p2a: Gardevoir|88\/100|[from] Stealth Rock\n|-ability|p2a: Gardevoir|Levitate|[from] ability: Trace|[of] p1a: Bluey\n|move|p1a: Bluey|Knock Off|p2a: Gardevoir\n|-damage|p2a: Gardevoir|61\/100\n|-enditem|p2a: Gardevoir|Leftovers|[from] move: Knock Off|[of] p1a: Bluey\n|\n|upkeep\n|turn|24\n|\n|t:|1699756345\n|move|p1a: Bluey|U-turn|p2a: Gardevoir\n|-damage|p2a: Gardevoir|41\/100\n|\n|t:|1699756349\n|switch|p1a: Taco Bell|Bronzong|94\/100|[from] U-turn\n|move|p2a: Gardevoir|Hypnosis|p1a: Taco Bell\n|-status|p1a: Taco Bell|slp|[from] move: Hypnosis\n|\n|-heal|p1a: Taco Bell|99\/100 slp|[from] item: Leftovers\n|upkeep\n|turn|25\n|\n|t:|1699756368\n|switch|p1a: Mystic|Ditto|100\/100\n|move|p2a: Gardevoir|Wish|p2a: Gardevoir\n|\n|upkeep\n|turn|26\n|\n|t:|1699756388\n|move|p1a: Mystic|Shadow Ball|p2a: Gardevoir\n|-supereffective|p2a: Gardevoir\n|-damage|p2a: Gardevoir|0 fnt\n|faint|p2a: Gardevoir\n|-damage|p1a: Mystic|91\/100|[from] item: Life Orb\n|\n|upkeep\n|\n|t:|1699756397\n|switch|p2a: Toxtricity|Toxtricity, F|88\/100\n|-damage|p2a: Toxtricity|76\/100|[from] Stealth Rock\n|turn|27\n|\n|t:|1699756404\n|move|p1a: Mystic|Shadow Ball|p2a: Toxtricity\n|-damage|p2a: Toxtricity|0 fnt\n|faint|p2a: Toxtricity\n|-damage|p1a: Mystic|81\/100|[from] item: Life Orb\n|\n|upkeep\n|\n|t:|1699756416\n|switch|p2a: Goodra|Goodra-Hisui, M|100\/100 slp\n|-damage|p2a: Goodra|94\/100 slp|[from] Stealth Rock\n|turn|28\n|\n|t:|1699756421\n|cant|p2a: Goodra|slp\n|move|p1a: Mystic|Nasty Plot|p1a: Mystic\n|-boost|p1a: Mystic|spa|2\n|\n|upkeep\n|turn|29\n|\n|t:|1699756429\n|move|p1a: Mystic|Flamethrower|p2a: Goodra\n|-damage|p2a: Goodra|54\/100 slp\n|-damage|p1a: Mystic|71\/100|[from] item: Life Orb\n|-curestatus|p2a: Goodra|slp|[msg]\n|move|p2a: Goodra|Dragon Tail|p1a: Mystic|[miss]\n|-miss|p2a: Goodra|p1a: Mystic\n|\n|upkeep\n|turn|30\n|\n|t:|1699756439\n|switch|p2a: Dondozo|Dondozo, F|100\/100 slp\n|-damage|p2a: Dondozo|88\/100 slp|[from] Stealth Rock\n|move|p1a: Mystic|Flamethrower|p2a: Dondozo\n|-resisted|p2a: Dondozo\n|-damage|p2a: Dondozo|71\/100 slp\n|-damage|p1a: Mystic|61\/100|[from] item: Life Orb\n|\n|-heal|p2a: Dondozo|77\/100 slp|[from] item: Leftovers\n|upkeep\n|turn|31\n|\n|t:|1699756453\n|move|p1a: Mystic|Grass Knot|p2a: Dondozo\n|-supereffective|p2a: Dondozo\n|-damage|p2a: Dondozo|0 fnt\n|faint|p2a: Dondozo\n|-damage|p1a: Mystic|51\/100|[from] item: Life Orb\n|\n|upkeep\n|\n|t:|1699756458\n|switch|p2a: Goodra|Goodra-Hisui, M|54\/100\n|-damage|p2a: Goodra|48\/100|[from] Stealth Rock\n|turn|32\n|\n|t:|1699756467\n|move|p1a: Mystic|Flamethrower|p2a: Goodra\n|-damage|p2a: Goodra|9\/100\n|-damage|p1a: Mystic|41\/100|[from] item: Life Orb\n|move|p2a: Goodra|Dragon Tail|p1a: Mystic|[miss]\n|-miss|p2a: Goodra|p1a: Mystic\n|\n|upkeep\n|turn|33\n|\n|t:|1699756475\n|move|p2a: Goodra|Protect|p2a: Goodra\n|-singleturn|p2a: Goodra|Protect\n|move|p1a: Mystic|Shadow Ball|p2a: Goodra\n|-activate|p2a: Goodra|move: Protect\n|\n|upkeep\n|turn|34\n|\n|t:|1699756484\n|move|p1a: Mystic|Flamethrower|p2a: Goodra\n|-damage|p2a: Goodra|0 fnt\n|faint|p2a: Goodra\n|-damage|p1a: Mystic|31\/100|[from] item: Life Orb\n|\n|win|EeveeLazuli\n","uploadtime":1699756490,"views":45,"p1id":"eeveelazuli","p2id":"sahoran","formatid":"gen9ou","rating":0,"private":0,"password":""}