{"id":"gen9ou-1992058957","p1":"Morgan23","p2":"BirbGuyMan","format":"[Gen 9] OU","log":"|j|\u2606Morgan23\n|j|\u2606BirbGuyMan\n|t:|1700151632\n|gametype|singles\n|player|p1|Morgan23|265|1117\n|player|p2|BirbGuyMan|265|1150\n|teamsize|p1|6\n|teamsize|p2|6\n|gen|9\n|tier|[Gen 9] OU\n|rated|\n|rule|Sleep Clause Mod: Limit one foe put to sleep\n|rule|Species Clause: Limit one of each Pok\u00e9mon\n|rule|OHKO Clause: OHKO moves are banned\n|rule|Evasion Items Clause: Evasion items are banned\n|rule|Evasion Moves Clause: Evasion moves are banned\n|rule|Endless Battle Clause: Forcing endless battles is banned\n|rule|HP Percentage Mod: HP is shown in percentages\n|clearpoke\n|poke|p1|Landorus-Therian, M|\n|poke|p1|Clodsire, M|\n|poke|p1|Mandibuzz, F|\n|poke|p1|Azumarill, F|\n|poke|p1|Heatran, M|\n|poke|p1|Rotom-Wash|\n|poke|p2|Sneasler, F|\n|poke|p2|Heatran, F|\n|poke|p2|Walking Wake|\n|poke|p2|Zapdos|\n|poke|p2|Great Tusk|\n|poke|p2|Ninetales-Alola, F|\n|teampreview\n|\n|t:|1700151662\n|start\n|switch|p1a: Heatran|Heatran, M|100\/100\n|switch|p2a: Ninetales|Ninetales-Alola, F|100\/100\n|-weather|Snow|[from] ability: Snow Warning|[of] p2a: Ninetales\n|turn|1\n|\n|t:|1700151677\n|move|p2a: Ninetales|Aurora Veil|p2a: Ninetales\n|-sidestart|p2: BirbGuyMan|move: Aurora Veil\n|move|p1a: Heatran|Earth Power|p2a: Ninetales\n|-damage|p2a: Ninetales|87\/100\n|\n|-weather|Snow|[upkeep]\n|upkeep\n|turn|2\n|\n|t:|1700151697\n|move|p2a: Ninetales|Encore|p1a: Heatran\n|-start|p1a: Heatran|Encore\n|move|p1a: Heatran|Earth Power|p2a: Ninetales\n|-damage|p2a: Ninetales|75\/100\n|\n|-weather|Snow|[upkeep]\n|upkeep\n|turn|3\n|\n|t:|1700151710\n|switch|p2a: Hummingbird|Zapdos, shiny|100\/100\n|switch|p1a: Clodsire|Clodsire, M|100\/100\n|\n|-weather|Snow|[upkeep]\n|upkeep\n|turn|4\n|\n|t:|1700151724\n|switch|p2a: Onceler|Sneasler, F|100\/100\n|move|p1a: Clodsire|Toxic|p2a: Onceler\n|-immune|p2a: Onceler\n|\n|-weather|Snow|[upkeep]\n|upkeep\n|turn|5\n|\n|t:|1700151744\n|move|p2a: Onceler|Dire Claw|p1a: Clodsire\n|-resisted|p1a: Clodsire\n|-damage|p1a: Clodsire|88\/100\n|move|p1a: Clodsire|Earthquake|p2a: Onceler\n|-supereffective|p2a: Onceler\n|-damage|p2a: Onceler|58\/100\n|\n|-weather|none\n|-heal|p1a: Clodsire|94\/100|[from] item: Leftovers\n|upkeep\n|turn|6\n|\n|t:|1700151761\n|switch|p2a: Walter|Walking Wake|100\/100\n|-enditem|p2a: Walter|Booster Energy\n|-activate|p2a: Walter|ability: Protosynthesis|[fromitem]\n|-start|p2a: Walter|protosynthesisspa\n|move|p1a: Clodsire|Stealth Rock|p2a: Walter\n|-sidestart|p2: BirbGuyMan|move: Stealth Rock\n|\n|-heal|p1a: Clodsire|100\/100|[from] item: Leftovers\n|upkeep\n|turn|7\n|\n|t:|1700151769\n|move|p2a: Walter|Agility|p2a: Walter\n|-boost|p2a: Walter|spe|2\n|move|p1a: Clodsire|Toxic|p2a: Walter\n|-status|p2a: Walter|tox\n|\n|-damage|p2a: Walter|94\/100 tox|[from] psn\n|upkeep\n|turn|8\n|\n|t:|1700151781\n|switch|p1a: Azumarill|Azumarill, F|100\/100\n|move|p2a: Walter|Agility|p2a: Walter\n|-boost|p2a: Walter|spe|2\n|\n|-damage|p2a: Walter|82\/100 tox|[from] psn\n|-sideend|p2: BirbGuyMan|move: Aurora Veil\n|upkeep\n|turn|9\n|\n|t:|1700151811\n|move|p2a: Walter|Flamethrower|p1a: Azumarill\n|-resisted|p1a: Azumarill\n|-damage|p1a: Azumarill|91\/100\n|move|p1a: Azumarill|Play Rough|p2a: Walter\n|-supereffective|p2a: Walter\n|-damage|p2a: Walter|20\/100 tox\n|\n|-damage|p2a: Walter|1\/100 tox|[from] psn\n|upkeep\n|turn|10\n|\n|t:|1700151821\n|switch|p1a: Heatran|Heatran, M|100\/100\n|move|p2a: Walter|Flamethrower|p1a: Heatran\n|-start|p1a: Heatran|ability: Flash Fire\n|\n|-damage|p2a: Walter|0 fnt|[from] psn\n|faint|p2a: Walter\n|-end|p2a: Walter|Protosynthesis|[silent]\n|upkeep\n|\n|t:|1700151833\n|switch|p2a: Roach|Heatran, F|100\/100\n|-damage|p2a: Roach|88\/100|[from] Stealth Rock\n|turn|11\n|\n|t:|1700151839\n|move|p2a: Roach|Protect|p2a: Roach\n|-singleturn|p2a: Roach|Protect\n|move|p1a: Heatran|Earth Power|p2a: Roach\n|-activate|p2a: Roach|move: Protect\n|\n|-heal|p2a: Roach|94\/100|[from] item: Leftovers\n|upkeep\n|turn|12\n|\n|t:|1700151849\n|-terastallize|p2a: Roach|Flying\n|move|p2a: Roach|Earth Power|p1a: Heatran\n|-supereffective|p1a: Heatran\n|-damage|p1a: Heatran|34\/100\n|move|p1a: Heatran|Earth Power|p2a: Roach\n|-immune|p2a: Roach\n|\n|-heal|p2a: Roach|100\/100|[from] item: Leftovers\n|-heal|p1a: Heatran|40\/100|[from] item: Leftovers\n|upkeep\n|turn|13\n|\n|t:|1700151864\n|move|p1a: Heatran|Protect|p1a: Heatran\n|-singleturn|p1a: Heatran|Protect\n|move|p2a: Roach|Will-O-Wisp|p1a: Heatran\n|-activate|p1a: Heatran|move: Protect\n|\n|-heal|p1a: Heatran|47\/100|[from] item: Leftovers\n|upkeep\n|turn|14\n|\n|t:|1700151889\n|-end|p1a: Heatran|ability: Flash Fire|[silent]\n|switch|p1a: Mandibuzz|Mandibuzz, F|100\/100\n|move|p2a: Roach|Magma Storm|p1a: Mandibuzz|[miss]\n|-miss|p2a: Roach|p1a: Mandibuzz\n|\n|upkeep\n|turn|15\n|\n|t:|1700151895\n|move|p1a: Mandibuzz|Toxic|p2a: Roach\n|-status|p2a: Roach|tox\n|move|p2a: Roach|Magma Storm|p1a: Mandibuzz\n|-damage|p1a: Mandibuzz|64\/100\n|-activate|p1a: Mandibuzz|move: Magma Storm|[of] p2a: Roach\n|\n|-damage|p2a: Roach|94\/100 tox|[from] psn\n|-damage|p1a: Mandibuzz|51\/100|[from] move: Magma Storm|[partiallytrapped]\n|upkeep\n|turn|16\n|\n|t:|1700151905\n|move|p1a: Mandibuzz|Roost|p1a: Mandibuzz\n|-heal|p1a: Mandibuzz|100\/100\n|-singleturn|p1a: Mandibuzz|move: Roost\n|move|p2a: Roach|Will-O-Wisp|p1a: Mandibuzz\n|-status|p1a: Mandibuzz|brn\n|\n|-heal|p2a: Roach|100\/100 tox|[from] item: Leftovers\n|-damage|p2a: Roach|88\/100 tox|[from] psn\n|-damage|p1a: Mandibuzz|94\/100 brn|[from] brn\n|-damage|p1a: Mandibuzz|82\/100 brn|[from] move: Magma Storm|[partiallytrapped]\n|upkeep\n|turn|17\n|\n|t:|1700151918\n|move|p2a: Roach|Protect|p2a: Roach\n|-singleturn|p2a: Roach|Protect\n|move|p1a: Mandibuzz|Foul Play|p2a: Roach\n|-activate|p2a: Roach|move: Protect\n|\n|-heal|p2a: Roach|94\/100 tox|[from] item: Leftovers\n|-damage|p2a: Roach|76\/100 tox|[from] psn\n|-damage|p1a: Mandibuzz|76\/100 brn|[from] brn\n|-damage|p1a: Mandibuzz|64\/100 brn|[from] move: Magma Storm|[partiallytrapped]\n|upkeep\n|turn|18\n|c|\u2606BirbGuyMan|Probably gg but I\u2019ll keep trying lol\n|\n|t:|1700151934\n|move|p1a: Mandibuzz|Roost|p1a: Mandibuzz\n|-heal|p1a: Mandibuzz|100\/100 brn\n|-singleturn|p1a: Mandibuzz|move: Roost\n|move|p2a: Roach|Magma Storm|p1a: Mandibuzz\n|-damage|p1a: Mandibuzz|62\/100 brn\n|\n|-heal|p2a: Roach|82\/100 tox|[from] item: Leftovers\n|-damage|p2a: Roach|57\/100 tox|[from] psn\n|-damage|p1a: Mandibuzz|56\/100 brn|[from] brn\n|-damage|p1a: Mandibuzz|44\/100 brn|[from] move: Magma Storm|[partiallytrapped]\n|upkeep\n|turn|19\n|c|\u2606Morgan23|oh\n|\n|t:|1700151946\n|move|p1a: Mandibuzz|Roost|p1a: Mandibuzz\n|-heal|p1a: Mandibuzz|94\/100 brn\n|-singleturn|p1a: Mandibuzz|move: Roost\n|move|p2a: Roach|Magma Storm|p1a: Mandibuzz\n|-damage|p1a: Mandibuzz|55\/100 brn\n|\n|-heal|p2a: Roach|63\/100 tox|[from] item: Leftovers\n|-damage|p2a: Roach|32\/100 tox|[from] psn\n|-damage|p1a: Mandibuzz|49\/100 brn|[from] brn\n|-end|p1a: Mandibuzz|Magma Storm|[partiallytrapped]\n|upkeep\n|turn|20\n|\n|t:|1700151959\n|switch|p1a: Heatran|Heatran, M|47\/100\n|switch|p2a: Ninetales|Ninetales-Alola, F|75\/100\n|-damage|p2a: Ninetales|50\/100|[from] Stealth Rock\n|-weather|Snow|[from] ability: Snow Warning|[of] p2a: Ninetales\n|\n|-weather|Snow|[upkeep]\n|-heal|p1a: Heatran|53\/100|[from] item: Leftovers\n|upkeep\n|turn|21\n|\n|t:|1700151968\n|move|p2a: Ninetales|Aurora Veil|p2a: Ninetales\n|-sidestart|p2: BirbGuyMan|move: Aurora Veil\n|move|p1a: Heatran|Magma Storm|p2a: Ninetales|[miss]\n|-miss|p1a: Heatran|p2a: Ninetales\n|\n|-weather|Snow|[upkeep]\n|-heal|p1a: Heatran|59\/100|[from] item: Leftovers\n|upkeep\n|turn|22\n|\n|t:|1700151984\n|switch|p2a: Roach|Heatran, F, tera:Flying|32\/100 tox\n|-damage|p2a: Roach|7\/100 tox|[from] Stealth Rock\n|move|p1a: Heatran|Magma Storm|p2a: Roach\n|-start|p2a: Roach|ability: Flash Fire\n|\n|-weather|Snow|[upkeep]\n|-heal|p1a: Heatran|65\/100|[from] item: Leftovers\n|-heal|p2a: Roach|13\/100 tox|[from] item: Leftovers\n|-damage|p2a: Roach|7\/100 tox|[from] psn\n|upkeep\n|turn|23\n|\n|t:|1700151995\n|move|p1a: Heatran|Protect|p1a: Heatran\n|-singleturn|p1a: Heatran|Protect\n|move|p2a: Roach|Earth Power|p1a: Heatran\n|-activate|p1a: Heatran|move: Protect\n|\n|-weather|Snow|[upkeep]\n|-heal|p2a: Roach|13\/100 tox|[from] item: Leftovers\n|-heal|p1a: Heatran|71\/100|[from] item: Leftovers\n|-damage|p2a: Roach|1\/100 tox|[from] psn\n|upkeep\n|turn|24\n|\n|t:|1700152004\n|switch|p1a: Mandibuzz|Mandibuzz, F|49\/100 brn\n|move|p2a: Roach|Will-O-Wisp|p1a: Mandibuzz\n|-fail|p1a: Mandibuzz|brn\n|\n|-weather|none\n|-heal|p2a: Roach|7\/100 tox|[from] item: Leftovers\n|-damage|p2a: Roach|0 fnt|[from] psn\n|faint|p2a: Roach\n|-damage|p1a: Mandibuzz|43\/100 brn|[from] brn\n|upkeep\n|\n|t:|1700152020\n|switch|p2a: Gliscor-T|Great Tusk|100\/100\n|-damage|p2a: Gliscor-T|98\/100|[from] Stealth Rock\n|turn|25\n|\n|t:|1700152039\n|move|p2a: Gliscor-T|Stealth Rock|p1a: Mandibuzz\n|-sidestart|p1: Morgan23|move: Stealth Rock\n|move|p1a: Mandibuzz|Toxic|p2a: Gliscor-T\n|-status|p2a: Gliscor-T|tox\n|\n|-heal|p2a: Gliscor-T|100\/100 tox|[from] item: Leftovers\n|-damage|p2a: Gliscor-T|94\/100 tox|[from] psn\n|-damage|p1a: Mandibuzz|36\/100 brn|[from] brn\n|upkeep\n|turn|26\n|\n|t:|1700152047\n|move|p2a: Gliscor-T|Knock Off|p1a: Mandibuzz\n|-resisted|p1a: Mandibuzz\n|-damage|p1a: Mandibuzz|29\/100 brn\n|-enditem|p1a: Mandibuzz|Heavy-Duty Boots|[from] move: Knock Off|[of] p2a: Gliscor-T\n|move|p1a: Mandibuzz|Roost|p1a: Mandibuzz\n|-heal|p1a: Mandibuzz|79\/100 brn\n|-singleturn|p1a: Mandibuzz|move: Roost\n|\n|-heal|p2a: Gliscor-T|100\/100 tox|[from] item: Leftovers\n|-damage|p2a: Gliscor-T|88\/100 tox|[from] psn\n|-damage|p1a: Mandibuzz|73\/100 brn|[from] brn\n|upkeep\n|turn|27\n|\n|t:|1700152059\n|move|p2a: Gliscor-T|Rapid Spin|p1a: Mandibuzz\n|-damage|p1a: Mandibuzz|65\/100 brn\n|-boost|p2a: Gliscor-T|spe|1\n|-sideend|p2: BirbGuyMan|Stealth Rock|[from] move: Rapid Spin|[of] p2a: Gliscor-T\n|move|p1a: Mandibuzz|Foul Play|p2a: Gliscor-T\n|-resisted|p2a: Gliscor-T\n|-damage|p2a: Gliscor-T|86\/100 tox\n|\n|-heal|p2a: Gliscor-T|92\/100 tox|[from] item: Leftovers\n|-damage|p2a: Gliscor-T|73\/100 tox|[from] psn\n|-damage|p1a: Mandibuzz|58\/100 brn|[from] brn\n|upkeep\n|turn|28\n|\n|t:|1700152076\n|-end|p2a: Gliscor-T|Protosynthesis|[silent]\n|switch|p2a: Ninetales|Ninetales-Alola, F|50\/100\n|-weather|Snow|[from] ability: Snow Warning|[of] p2a: Ninetales\n|switch|p1a: Landorus|Landorus-Therian, M|100\/100\n|-ability|p1a: Landorus|Intimidate|boost\n|-unboost|p2a: Ninetales|atk|1\n|\n|-weather|Snow|[upkeep]\n|-sideend|p2: BirbGuyMan|move: Aurora Veil\n|upkeep\n|turn|29\n|\n|t:|1700152087\n|-terastallize|p1a: Landorus|Water\n|move|p2a: Ninetales|Aurora Veil|p2a: Ninetales\n|-sidestart|p2: BirbGuyMan|move: Aurora Veil\n|move|p1a: Landorus|Stealth Rock|p2a: Ninetales\n|-sidestart|p2: BirbGuyMan|move: Stealth Rock\n|\n|-weather|Snow|[upkeep]\n|upkeep\n|turn|30\n|\n|t:|1700152120\n|switch|p2a: Gliscor-T|Great Tusk|73\/100 tox\n|-damage|p2a: Gliscor-T|70\/100 tox|[from] Stealth Rock\n|move|p1a: Landorus|Earthquake|p2a: Gliscor-T\n|-damage|p2a: Gliscor-T|55\/100 tox\n|\n|-weather|Snow|[upkeep]\n|-heal|p2a: Gliscor-T|62\/100 tox|[from] item: Leftovers\n|-damage|p2a: Gliscor-T|55\/100 tox|[from] psn\n|upkeep\n|turn|31\n|\n|t:|1700152131\n|move|p1a: Landorus|Stealth Rock||[still]\n|-fail|p1a: Landorus\n|move|p2a: Gliscor-T|Rapid Spin|p1a: Landorus\n|-damage|p1a: Landorus|85\/100\n|-boost|p2a: Gliscor-T|spe|1\n|-sideend|p2: BirbGuyMan|Stealth Rock|[from] move: Rapid Spin|[of] p2a: Gliscor-T\n|\n|-weather|Snow|[upkeep]\n|-heal|p2a: Gliscor-T|62\/100 tox|[from] item: Leftovers\n|-damage|p2a: Gliscor-T|49\/100 tox|[from] psn\n|upkeep\n|turn|32\n|\n|t:|1700152140\n|move|p2a: Gliscor-T|Knock Off|p1a: Landorus\n|-damage|p1a: Landorus|52\/100\n|-enditem|p1a: Landorus|Heavy-Duty Boots|[from] move: Knock Off|[of] p2a: Gliscor-T\n|move|p1a: Landorus|U-turn|p2a: Gliscor-T\n|-resisted|p2a: Gliscor-T\n|-damage|p2a: Gliscor-T|46\/100 tox\n|\n|t:|1700152146\n|switch|p1a: Mandibuzz|Mandibuzz, F|58\/100 brn|[from] U-turn\n|-damage|p1a: Mandibuzz|34\/100 brn|[from] Stealth Rock\n|\n|-weather|none\n|-heal|p2a: Gliscor-T|52\/100 tox|[from] item: Leftovers\n|-damage|p2a: Gliscor-T|33\/100 tox|[from] psn\n|-damage|p1a: Mandibuzz|27\/100 brn|[from] brn\n|upkeep\n|turn|33\n|\n|t:|1700152157\n|-end|p2a: Gliscor-T|Protosynthesis|[silent]\n|switch|p2a: Hummingbird|Zapdos, shiny|100\/100\n|move|p1a: Mandibuzz|Defog|p2a: Hummingbird\n|-unboost|p2a: Hummingbird|evasion|1\n|-sideend|p2: BirbGuyMan|move: Aurora Veil\n|-sideend|p1: Morgan23|Stealth Rock|[from] move: Defog|[of] p1a: Mandibuzz\n|\n|-damage|p1a: Mandibuzz|21\/100 brn|[from] brn\n|upkeep\n|turn|34\n|\n|t:|1700152165\n|move|p2a: Hummingbird|Hurricane|p1a: Mandibuzz\n|-damage|p1a: Mandibuzz|0 fnt\n|faint|p1a: Mandibuzz\n|\n|upkeep\n|\n|t:|1700152172\n|switch|p1a: Heatran|Heatran, M|71\/100\n|turn|35\n|\n|t:|1700152188\n|move|p2a: Hummingbird|Volt Switch|p1a: Heatran\n|-damage|p1a: Heatran|53\/100\n|\n|t:|1700152192\n|switch|p2a: Gliscor-T|Great Tusk|33\/100 tox|[from] Volt Switch\n|move|p1a: Heatran|Magma Storm|p2a: Gliscor-T|[miss]\n|-miss|p1a: Heatran|p2a: Gliscor-T\n|\n|-heal|p2a: Gliscor-T|40\/100 tox|[from] item: Leftovers\n|-heal|p1a: Heatran|59\/100|[from] item: Leftovers\n|-damage|p2a: Gliscor-T|33\/100 tox|[from] psn\n|upkeep\n|turn|36\n|\n|t:|1700152204\n|switch|p1a: Landorus|Landorus-Therian, M, tera:Water|52\/100\n|-ability|p1a: Landorus|Intimidate|boost\n|-unboost|p2a: Gliscor-T|atk|1\n|move|p2a: Gliscor-T|Stealth Rock|p1a: Landorus\n|-sidestart|p1: Morgan23|move: Stealth Rock\n|\n|-heal|p2a: Gliscor-T|40\/100 tox|[from] item: Leftovers\n|-damage|p2a: Gliscor-T|27\/100 tox|[from] psn\n|upkeep\n|turn|37\n|\n|t:|1700152224\n|-end|p2a: Gliscor-T|Protosynthesis|[silent]\n|switch|p2a: Ninetales|Ninetales-Alola, F|50\/100\n|-weather|Snow|[from] ability: Snow Warning|[of] p2a: Ninetales\n|move|p1a: Landorus|Stealth Rock|p2a: Ninetales\n|-sidestart|p2: BirbGuyMan|move: Stealth Rock\n|\n|-weather|Snow|[upkeep]\n|upkeep\n|turn|38\n|\n|t:|1700152231\n|move|p2a: Ninetales|Aurora Veil|p2a: Ninetales\n|-sidestart|p2: BirbGuyMan|move: Aurora Veil\n|move|p1a: Landorus|Earthquake|p2a: Ninetales\n|-damage|p2a: Ninetales|26\/100\n|\n|-weather|Snow|[upkeep]\n|upkeep\n|turn|39\n|\n|t:|1700152237\n|move|p2a: Ninetales|Encore|p1a: Landorus\n|-start|p1a: Landorus|Encore\n|move|p1a: Landorus|Earthquake|p2a: Ninetales\n|-damage|p2a: Ninetales|4\/100\n|\n|-weather|Snow|[upkeep]\n|upkeep\n|turn|40\n|\n|t:|1700152244\n|switch|p2a: Hummingbird|Zapdos, shiny|100\/100\n|move|p1a: Landorus|Earthquake|p2a: Hummingbird\n|-immune|p2a: Hummingbird\n|\n|-weather|Snow|[upkeep]\n|upkeep\n|turn|41\n|\n|t:|1700152255\n|switch|p1a: Clodsire|Clodsire, M|100\/100\n|-damage|p1a: Clodsire|94\/100|[from] Stealth Rock\n|move|p2a: Hummingbird|Hurricane|p1a: Clodsire\n|-damage|p1a: Clodsire|69\/100\n|-start|p1a: Clodsire|confusion\n|\n|-weather|none\n|-heal|p1a: Clodsire|76\/100|[from] item: Leftovers\n|upkeep\n|turn|42\n|\n|t:|1700152264\n|switch|p2a: Onceler|Sneasler, F|58\/100\n|-damage|p2a: Onceler|52\/100|[from] Stealth Rock\n|-activate|p1a: Clodsire|confusion\n|-damage|p1a: Clodsire|67\/100|[from] confusion\n|\n|-heal|p1a: Clodsire|73\/100|[from] item: Leftovers\n|upkeep\n|turn|43\n|\n|t:|1700152272\n|switch|p1a: Landorus|Landorus-Therian, M, tera:Water|52\/100\n|-damage|p1a: Landorus|39\/100|[from] Stealth Rock\n|-ability|p1a: Landorus|Intimidate|boost\n|-unboost|p2a: Onceler|atk|1\n|-enditem|p2a: Onceler|White Herb\n|-clearnegativeboost|p2a: Onceler|[silent]\n|move|p2a: Onceler|Dire Claw|p1a: Landorus\n|-damage|p1a: Landorus|0 fnt\n|faint|p1a: Landorus\n|\n|upkeep\n|\n|t:|1700152282\n|switch|p1a: Rotom|Rotom-Wash|100\/100\n|-damage|p1a: Rotom|88\/100|[from] Stealth Rock\n|turn|44\n|\n|t:|1700152295\n|move|p2a: Onceler|Swords Dance|p2a: Onceler\n|-boost|p2a: Onceler|atk|2\n|move|p1a: Rotom|Will-O-Wisp|p2a: Onceler\n|-status|p2a: Onceler|brn\n|\n|-heal|p1a: Rotom|94\/100|[from] item: Leftovers\n|-damage|p2a: Onceler|46\/100 brn|[from] brn\n|upkeep\n|turn|45\n|\n|t:|1700152303\n|move|p2a: Onceler|Dire Claw|p1a: Rotom\n|-damage|p1a: Rotom|61\/100\n|-status|p1a: Rotom|slp\n|cant|p1a: Rotom|slp\n|\n|-heal|p1a: Rotom|67\/100 slp|[from] item: Leftovers\n|-damage|p2a: Onceler|40\/100 brn|[from] brn\n|-sideend|p2: BirbGuyMan|move: Aurora Veil\n|upkeep\n|turn|46\n|c|\u2606Morgan23|Oh come on\n|\n|t:|1700152315\n|-curestatus|p1a: Rotom|slp|[msg]\n|move|p1a: Rotom|Protect|p1a: Rotom\n|-singleturn|p1a: Rotom|Protect\n|move|p2a: Onceler|Close Combat|p1a: Rotom\n|-activate|p1a: Rotom|move: Protect\n|\n|-heal|p1a: Rotom|73\/100|[from] item: Leftovers\n|-damage|p2a: Onceler|34\/100 brn|[from] brn\n|upkeep\n|turn|47\n|\n|t:|1700152334\n|move|p2a: Onceler|Dire Claw|p1a: Rotom\n|-crit|p1a: Rotom\n|-damage|p1a: Rotom|26\/100\n|move|p1a: Rotom|Volt Switch|p2a: Onceler\n|-damage|p2a: Onceler|0 fnt\n|faint|p2a: Onceler\n|\n|t:|1700152356\n|switch|p1a: Clodsire|Clodsire, M|73\/100|[from] Volt Switch\n|-damage|p1a: Clodsire|67\/100|[from] Stealth Rock\n|\n|-heal|p1a: Clodsire|73\/100|[from] item: Leftovers\n|upkeep\n|\n|t:|1700152370\n|switch|p2a: Gliscor-T|Great Tusk|27\/100 tox\n|-damage|p2a: Gliscor-T|24\/100 tox|[from] Stealth Rock\n|turn|48\n|\n|t:|1700152379\n|switch|p1a: Rotom|Rotom-Wash|26\/100\n|-damage|p1a: Rotom|13\/100|[from] Stealth Rock\n|move|p2a: Gliscor-T|Rapid Spin|p1a: Rotom\n|-damage|p1a: Rotom|1\/100\n|-boost|p2a: Gliscor-T|spe|1\n|-sideend|p2: BirbGuyMan|Stealth Rock|[from] move: Rapid Spin|[of] p2a: Gliscor-T\n|\n|-heal|p2a: Gliscor-T|30\/100 tox|[from] item: Leftovers\n|-heal|p1a: Rotom|8\/100|[from] item: Leftovers\n|-damage|p2a: Gliscor-T|24\/100 tox|[from] psn\n|upkeep\n|turn|49\n|\n|t:|1700152390\n|move|p1a: Rotom|Protect|p1a: Rotom\n|-singleturn|p1a: Rotom|Protect\n|move|p2a: Gliscor-T|Knock Off|p1a: Rotom\n|-activate|p1a: Rotom|move: Protect\n|\n|-heal|p2a: Gliscor-T|30\/100 tox|[from] item: Leftovers\n|-heal|p1a: Rotom|14\/100|[from] item: Leftovers\n|-damage|p2a: Gliscor-T|18\/100 tox|[from] psn\n|upkeep\n|turn|50\n|\n|t:|1700152398\n|move|p1a: Rotom|Protect||[still]\n|-fail|p1a: Rotom\n|move|p2a: Gliscor-T|Knock Off|p1a: Rotom\n|-damage|p1a: Rotom|0 fnt\n|-enditem|p1a: Rotom|Leftovers|[from] move: Knock Off|[of] p2a: Gliscor-T\n|faint|p1a: Rotom\n|\n|-heal|p2a: Gliscor-T|24\/100 tox|[from] item: Leftovers\n|-damage|p2a: Gliscor-T|6\/100 tox|[from] psn\n|upkeep\n|\n|t:|1700152411\n|switch|p1a: Heatran|Heatran, M|59\/100\n|-damage|p1a: Heatran|47\/100|[from] Stealth Rock\n|turn|51\n|\n|t:|1700152420\n|move|p1a: Heatran|Protect|p1a: Heatran\n|-singleturn|p1a: Heatran|Protect\n|move|p2a: Gliscor-T|Earthquake|p1a: Heatran\n|-activate|p1a: Heatran|move: Protect\n|\n|-heal|p2a: Gliscor-T|12\/100 tox|[from] item: Leftovers\n|-heal|p1a: Heatran|53\/100|[from] item: Leftovers\n|-damage|p2a: Gliscor-T|0 fnt|[from] psn\n|faint|p2a: Gliscor-T\n|-end|p2a: Gliscor-T|Protosynthesis|[silent]\n|upkeep\n|\n|t:|1700152424\n|switch|p2a: Hummingbird|Zapdos, shiny|100\/100\n|turn|52\n|\n|t:|1700152433\n|move|p2a: Hummingbird|Volt Switch|p1a: Heatran\n|-damage|p1a: Heatran|34\/100\n|\n|t:|1700152436\n|switch|p2a: Ninetales|Ninetales-Alola, F|4\/100|[from] Volt Switch\n|-weather|Snow|[from] ability: Snow Warning|[of] p2a: Ninetales\n|move|p1a: Heatran|Magma Storm|p2a: Ninetales|[miss]\n|-miss|p1a: Heatran|p2a: Ninetales\n|\n|-weather|Snow|[upkeep]\n|-heal|p1a: Heatran|40\/100|[from] item: Leftovers\n|upkeep\n|turn|53\n|\n|t:|1700152445\n|move|p2a: Ninetales|Aurora Veil|p2a: Ninetales\n|-sidestart|p2: BirbGuyMan|move: Aurora Veil\n|move|p1a: Heatran|Magma Storm|p2a: Ninetales\n|-supereffective|p2a: Ninetales\n|-damage|p2a: Ninetales|0 fnt\n|faint|p2a: Ninetales\n|\n|-weather|Snow|[upkeep]\n|-heal|p1a: Heatran|46\/100|[from] item: Leftovers\n|upkeep\n|c|\u2606BirbGuyMan|Bro this magma RNG lol\n|\n|t:|1700152456\n|switch|p2a: Hummingbird|Zapdos, shiny|100\/100\n|turn|54\n|\n|t:|1700152464\n|move|p1a: Heatran|Protect|p1a: Heatran\n|-singleturn|p1a: Heatran|Protect\n|move|p2a: Hummingbird|Discharge|p1a: Heatran\n|-activate|p1a: Heatran|move: Protect\n|\n|-weather|Snow|[upkeep]\n|-heal|p1a: Heatran|53\/100|[from] item: Leftovers\n|upkeep\n|turn|55\n|\n|t:|1700152472\n|move|p2a: Hummingbird|Hurricane|p1a: Heatran|[miss]\n|-miss|p2a: Hummingbird|p1a: Heatran\n|move|p1a: Heatran|Magma Storm|p2a: Hummingbird\n|-damage|p2a: Hummingbird|81\/100\n|-activate|p2a: Hummingbird|move: Magma Storm|[of] p1a: Heatran\n|\n|-weather|Snow|[upkeep]\n|-heal|p1a: Heatran|59\/100|[from] item: Leftovers\n|-damage|p2a: Hummingbird|68\/100|[from] move: Magma Storm|[partiallytrapped]\n|upkeep\n|turn|56\n|\n|t:|1700152481\n|move|p2a: Hummingbird|Roost|p2a: Hummingbird\n|-heal|p2a: Hummingbird|100\/100\n|-singleturn|p2a: Hummingbird|move: Roost\n|move|p1a: Heatran|Magma Storm|p2a: Hummingbird\n|-damage|p2a: Hummingbird|78\/100\n|\n|-weather|none\n|-heal|p1a: Heatran|65\/100|[from] item: Leftovers\n|-damage|p2a: Hummingbird|66\/100|[from] move: Magma Storm|[partiallytrapped]\n|upkeep\n|turn|57\n|\n|t:|1700152490\n|move|p1a: Heatran|Protect|p1a: Heatran\n|-singleturn|p1a: Heatran|Protect\n|move|p2a: Hummingbird|Discharge|p1a: Heatran\n|-activate|p1a: Heatran|move: Protect\n|\n|-heal|p1a: Heatran|71\/100|[from] item: Leftovers\n|-damage|p2a: Hummingbird|53\/100|[from] move: Magma Storm|[partiallytrapped]\n|upkeep\n|turn|58\n|\n|t:|1700152498\n|move|p2a: Hummingbird|Roost|p2a: Hummingbird\n|-heal|p2a: Hummingbird|100\/100\n|-singleturn|p2a: Hummingbird|move: Roost\n|move|p1a: Heatran|Magma Storm|p2a: Hummingbird|[miss]\n|-miss|p1a: Heatran|p2a: Hummingbird\n|\n|-heal|p1a: Heatran|77\/100|[from] item: Leftovers\n|-damage|p2a: Hummingbird|88\/100|[from] move: Magma Storm|[partiallytrapped]\n|upkeep\n|turn|59\n|\n|t:|1700152508\n|move|p1a: Heatran|Protect|p1a: Heatran\n|-singleturn|p1a: Heatran|Protect\n|move|p2a: Hummingbird|Hurricane|p1a: Heatran\n|-activate|p1a: Heatran|move: Protect\n|\n|-heal|p1a: Heatran|84\/100|[from] item: Leftovers\n|-end|p2a: Hummingbird|Magma Storm|[partiallytrapped]\n|upkeep\n|turn|60\n|\n|t:|1700152518\n|move|p1a: Heatran|Protect||[still]\n|-fail|p1a: Heatran\n|move|p2a: Hummingbird|Discharge|p1a: Heatran\n|-damage|p1a: Heatran|65\/100\n|-status|p1a: Heatran|par\n|\n|-heal|p1a: Heatran|71\/100 par|[from] item: Leftovers\n|-sideend|p2: BirbGuyMan|move: Aurora Veil\n|upkeep\n|turn|61\n|\n|t:|1700152526\n|switch|p1a: Clodsire|Clodsire, M|73\/100\n|-damage|p1a: Clodsire|67\/100|[from] Stealth Rock\n|move|p2a: Hummingbird|Roost|p2a: Hummingbird\n|-heal|p2a: Hummingbird|100\/100\n|-singleturn|p2a: Hummingbird|move: Roost\n|\n|-heal|p1a: Clodsire|73\/100|[from] item: Leftovers\n|upkeep\n|turn|62\n|\n|t:|1700152536\n|move|p2a: Hummingbird|Hurricane|p1a: Clodsire\n|-damage|p1a: Clodsire|49\/100\n|move|p1a: Clodsire|Toxic|p2a: Hummingbird\n|-status|p2a: Hummingbird|tox\n|\n|-heal|p1a: Clodsire|56\/100|[from] item: Leftovers\n|-damage|p2a: Hummingbird|94\/100 tox|[from] psn\n|upkeep\n|turn|63\n|\n|t:|1700152544\n|move|p2a: Hummingbird|Hurricane|p1a: Clodsire\n|-damage|p1a: Clodsire|33\/100\n|move|p1a: Clodsire|Recover|p1a: Clodsire\n|-heal|p1a: Clodsire|83\/100\n|\n|-heal|p1a: Clodsire|89\/100|[from] item: Leftovers\n|-damage|p2a: Hummingbird|82\/100 tox|[from] psn\n|upkeep\n|turn|64\n|\n|t:|1700152552\n|switch|p1a: Heatran|Heatran, M|71\/100 par\n|-damage|p1a: Heatran|59\/100 par|[from] Stealth Rock\n|move|p2a: Hummingbird|Hurricane|p1a: Heatran|[miss]\n|-miss|p2a: Hummingbird|p1a: Heatran\n|\n|-heal|p1a: Heatran|65\/100 par|[from] item: Leftovers\n|-damage|p2a: Hummingbird|63\/100 tox|[from] psn\n|upkeep\n|turn|65\n|c|\u2606BirbGuyMan|Gg this was fun lmao\n|c|\u2606Morgan23|Gg\n|\n|t:|1700152569\n|move|p1a: Heatran|Protect|p1a: Heatran\n|-singleturn|p1a: Heatran|Protect\n|move|p2a: Hummingbird|Hurricane|p1a: Heatran\n|-activate|p1a: Heatran|move: Protect\n|\n|-heal|p1a: Heatran|71\/100 par|[from] item: Leftovers\n|-damage|p2a: Hummingbird|38\/100 tox|[from] psn\n|upkeep\n|turn|66\n|\n|t:|1700152584\n|cant|p1a: Heatran|par\n|move|p2a: Hummingbird|Roost|p2a: Hummingbird\n|-heal|p2a: Hummingbird|88\/100 tox\n|-singleturn|p2a: Hummingbird|move: Roost\n|\n|-heal|p1a: Heatran|77\/100 par|[from] item: Leftovers\n|-damage|p2a: Hummingbird|57\/100 tox|[from] psn\n|upkeep\n|turn|67\n|\n|t:|1700152593\n|move|p1a: Heatran|Protect|p1a: Heatran\n|-singleturn|p1a: Heatran|Protect\n|move|p2a: Hummingbird|Roost|p2a: Hummingbird\n|-heal|p2a: Hummingbird|100\/100 tox\n|-singleturn|p2a: Hummingbird|move: Roost\n|\n|-heal|p1a: Heatran|83\/100 par|[from] item: Leftovers\n|-damage|p2a: Hummingbird|63\/100 tox|[from] psn\n|upkeep\n|turn|68\n|\n|t:|1700152602\n|cant|p1a: Heatran|par\n|move|p2a: Hummingbird|Hurricane|p1a: Heatran\n|-resisted|p1a: Heatran\n|-damage|p1a: Heatran|70\/100 par\n|\n|-heal|p1a: Heatran|76\/100 par|[from] item: Leftovers\n|-damage|p2a: Hummingbird|19\/100 tox|[from] psn\n|upkeep\n|turn|69\n|\n|t:|1700152609\n|cant|p1a: Heatran|par\n|move|p2a: Hummingbird|Roost|p2a: Hummingbird\n|-heal|p2a: Hummingbird|69\/100 tox\n|-singleturn|p2a: Hummingbird|move: Roost\n|\n|-heal|p1a: Heatran|83\/100 par|[from] item: Leftovers\n|-damage|p2a: Hummingbird|19\/100 tox|[from] psn\n|upkeep\n|turn|70\n|\n|t:|1700152617\n|move|p1a: Heatran|Protect|p1a: Heatran\n|-singleturn|p1a: Heatran|Protect\n|move|p2a: Hummingbird|Roost|p2a: Hummingbird\n|-heal|p2a: Hummingbird|69\/100 tox\n|-singleturn|p2a: Hummingbird|move: Roost\n|\n|-heal|p1a: Heatran|89\/100 par|[from] item: Leftovers\n|-damage|p2a: Hummingbird|13\/100 tox|[from] psn\n|upkeep\n|turn|71\n|\n|t:|1700152625\n|move|p1a: Heatran|Protect||[still]\n|-fail|p1a: Heatran\n|move|p2a: Hummingbird|Roost|p2a: Hummingbird\n|-heal|p2a: Hummingbird|63\/100 tox\n|-singleturn|p2a: Hummingbird|move: Roost\n|\n|-heal|p1a: Heatran|95\/100 par|[from] item: Leftovers\n|-damage|p2a: Hummingbird|0 fnt|[from] psn\n|faint|p2a: Hummingbird\n|\n|win|Morgan23\n|upkeep\n|raw|Morgan23's rating: 1117 &rarr; <strong>1144<\/strong><br \/>(+27 for winning)\n|raw|BirbGuyMan's rating: 1150 &rarr; <strong>1123<\/strong><br \/>(-27 for losing)\n","uploadtime":1700152630,"views":9,"p1id":"morgan23","p2id":"birbguyman","formatid":"gen9ou","rating":1123,"private":0,"password":""}