{"id":"gen9ou-2000027041","p1":"celloooo","p2":"Prav33n","format":"[Gen 9] OU","log":"|j|\u2606celloooo\n|j|\u2606Prav33n\n|t:|1701142934\n|gametype|singles\n|player|p1|celloooo|2|1688\n|player|p2|Prav33n|swimmer-gen4|1701\n|teamsize|p1|6\n|teamsize|p2|6\n|gen|9\n|tier|[Gen 9] OU\n|rated|\n|rule|Sleep Clause Mod: Limit one foe put to sleep\n|rule|Species Clause: Limit one of each Pok\u00e9mon\n|rule|OHKO Clause: OHKO moves are banned\n|rule|Evasion Items Clause: Evasion items are banned\n|rule|Evasion Moves Clause: Evasion moves are banned\n|rule|Endless Battle Clause: Forcing endless battles is banned\n|rule|HP Percentage Mod: HP is shown in percentages\n|clearpoke\n|poke|p1|Greninja-*, M|\n|poke|p1|Dragapult, M|\n|poke|p1|Ogerpon-Wellspring, F|\n|poke|p1|Clefable, M|\n|poke|p1|Iron Treads|\n|poke|p1|Moltres|\n|poke|p2|Cinderace, M|\n|poke|p2|Landorus-Therian, M|\n|poke|p2|Weavile, F|\n|poke|p2|Great Tusk|\n|poke|p2|Gholdengo|\n|poke|p2|Walking Wake|\n|teampreview\n|j| Brkr-7\n|inactive|Battle timer is ON: inactive players will automatically lose when time's up. (requested by Prav33n)\n|l| Brkr-7\n|\n|t:|1701142946\n|start\n|switch|p1a: Greninja|Greninja, M|100\/100\n|switch|p2a: Weavile|Weavile, F|100\/100\n|turn|1\n|j| VicBossMG\n|\n|t:|1701142964\n|move|p2a: Weavile|Low Kick|p1a: Greninja\n|-supereffective|p1a: Greninja\n|-damage|p1a: Greninja|0 fnt\n|faint|p1a: Greninja\n|\n|upkeep\n|\n|t:|1701142972\n|switch|p1a: Moltres|Moltres|100\/100\n|turn|2\n|\n|t:|1701142978\n|switch|p2a: Cinderace|Cinderace, M|100\/100\n|move|p1a: Moltres|Brave Bird|p2a: Cinderace\n|-damage|p2a: Cinderace|44\/100\n|-damage|p1a: Moltres|86\/100|[from] Recoil\n|\n|upkeep\n|turn|3\n|\n|t:|1701142990\n|switch|p2a: Landorus|Landorus-Therian, M|100\/100\n|-ability|p2a: Landorus|Intimidate|boost\n|-unboost|p1a: Moltres|atk|1\n|move|p1a: Moltres|Brave Bird|p2a: Landorus\n|-damage|p2a: Landorus|81\/100\n|-damage|p1a: Moltres|69\/100|[from] item: Rocky Helmet|[of] p2a: Landorus\n|-damage|p1a: Moltres|63\/100|[from] Recoil\n|\n|upkeep\n|turn|4\n|\n|t:|1701142998\n|switch|p2a: Cinderace|Cinderace, M|44\/100\n|switch|p1a: Clefable|Clefable, M|100\/100\n|\n|upkeep\n|turn|5\n|\n|t:|1701143001\n|move|p2a: Cinderace|Pyro Ball|p1a: Clefable\n|-damage|p1a: Clefable|32\/100\n|move|p1a: Clefable|Moonblast|p2a: Cinderace\n|-resisted|p2a: Cinderace\n|-damage|p2a: Cinderace|0 fnt\n|faint|p2a: Cinderace\n|\n|upkeep\n|\n|t:|1701143007\n|switch|p2a: Weavile|Weavile, F|100\/100\n|turn|6\n|\n|t:|1701143014\n|move|p2a: Weavile|Icicle Crash|p1a: Clefable\n|-damage|p1a: Clefable|0 fnt\n|faint|p1a: Clefable\n|\n|upkeep\n|\n|t:|1701143023\n|switch|p1a: Moltres|Moltres|63\/100\n|turn|7\n|\n|t:|1701143031\n|-terastallize|p2a: Weavile|Ice\n|move|p2a: Weavile|Icicle Crash|p1a: Moltres\n|-damage|p1a: Moltres|0 fnt\n|faint|p1a: Moltres\n|\n|upkeep\n|\n|t:|1701143042\n|switch|p1a: Ogerpon|Ogerpon-Wellspring, F|100\/100\n|turn|8\n|\n|t:|1701143047\n|-terastallize|p1a: Ogerpon|Water\n|detailschange|p1a: Ogerpon|Ogerpon-Wellspring-Tera, F, tera:Water\n|-ability|p1a: Ogerpon|Embody Aspect (Wellspring)|boost\n|-boost|p1a: Ogerpon|spd|1\n|move|p2a: Weavile|Icicle Crash|p1a: Ogerpon\n|-resisted|p1a: Ogerpon\n|-damage|p1a: Ogerpon|46\/100\n|cant|p1a: Ogerpon|flinch\n|\n|upkeep\n|turn|9\n|-message|celloooo forfeited.\n|\n|win|Prav33n\n|raw|celloooo's rating: 1688 &rarr; <strong>1669<\/strong><br \/>(-19 for losing)\n|raw|Prav33n's rating: 1701 &rarr; <strong>1720<\/strong><br \/>(+19 for winning)\n|l|\u2606celloooo\n|l| VicBossMG\n","uploadtime":1701143066,"views":4,"p1id":"celloooo","p2id":"prav33n","formatid":"gen9ou","rating":1669,"private":0,"password":""}