{"id":"gen9ou-1997328926","p1":"aarche284","p2":"rylibes64","format":"[Gen 9] OU","log":"|j|\u2606aarche284\n|j|\u2606rylibes64\n|t:|1700790073\n|gametype|singles\n|player|p1|aarche284|hilbert|1278\n|player|p2|rylibes64|n|1342\n|teamsize|p1|6\n|teamsize|p2|6\n|gen|9\n|tier|[Gen 9] OU\n|rated|\n|rule|Sleep Clause Mod: Limit one foe put to sleep\n|rule|Species Clause: Limit one of each Pok\u00e9mon\n|rule|OHKO Clause: OHKO moves are banned\n|rule|Evasion Items Clause: Evasion items are banned\n|rule|Evasion Moves Clause: Evasion moves are banned\n|rule|Endless Battle Clause: Forcing endless battles is banned\n|rule|HP Percentage Mod: HP is shown in percentages\n|clearpoke\n|poke|p1|Kingambit, M|\n|poke|p1|Dragapult, M|\n|poke|p1|Gholdengo|\n|poke|p1|Glimmora, F|\n|poke|p1|Zamazenta-*|\n|poke|p1|Moltres|\n|poke|p2|Samurott-Hisui, M|\n|poke|p2|Iron Valiant|\n|poke|p2|Gholdengo|\n|poke|p2|Iron Moth|\n|poke|p2|Ogerpon-Wellspring, F|\n|poke|p2|Great Tusk|\n|teampreview\n|inactive|Battle timer is ON: inactive players will automatically lose when time's up. (requested by rylibes64)\n|\n|t:|1700790087\n|start\n|switch|p1a: Glimmora|Glimmora, F|100\/100\n|switch|p2a: Cannonbolt|Great Tusk|100\/100\n|turn|1\n|\n|t:|1700790106\n|switch|p1a: Moltres|Moltres|100\/100\n|move|p2a: Cannonbolt|Rapid Spin|p1a: Moltres\n|-damage|p1a: Moltres|86\/100\n|-boost|p2a: Cannonbolt|spe|1\n|\n|upkeep\n|turn|2\n|inactive|rylibes64 has 120 seconds left.\n|\n|t:|1700790137\n|-end|p2a: Cannonbolt|Protosynthesis|[silent]\n|switch|p2a: Diamondhead|Samurott-Hisui, M|100\/100\n|move|p1a: Moltres|Flamethrower|p2a: Diamondhead\n|-resisted|p2a: Diamondhead\n|-damage|p2a: Diamondhead|73\/100\n|\n|upkeep\n|turn|3\n|inactive|rylibes64 has 120 seconds left.\n|\n|t:|1700790158\n|move|p2a: Diamondhead|Aqua Cutter|p1a: Moltres\n|-supereffective|p1a: Moltres\n|-damage|p1a: Moltres|0 fnt\n|faint|p1a: Moltres\n|-damage|p2a: Diamondhead|63\/100|[from] item: Life Orb\n|\n|upkeep\n|\n|t:|1700790163\n|switch|p1a: Glimmora|Glimmora, F|100\/100\n|turn|4\n|\n|t:|1700790178\n|move|p1a: Glimmora|Stealth Rock|p2a: Diamondhead\n|-sidestart|p2: rylibes64|move: Stealth Rock\n|move|p2a: Diamondhead|Ceaseless Edge|p1a: Glimmora\n|-damage|p1a: Glimmora|45\/100\n|-activate|p1a: Glimmora|ability: Toxic Debris\n|-sidestart|p2: rylibes64|move: Toxic Spikes\n|-sidestart|p1: aarche284|Spikes\n|-damage|p2a: Diamondhead|53\/100|[from] item: Life Orb\n|\n|upkeep\n|turn|5\n|\n|t:|1700790187\n|move|p1a: Glimmora|Mortal Spin|p2a: Diamondhead\n|-damage|p2a: Diamondhead|46\/100\n|-status|p2a: Diamondhead|psn\n|-sideend|p1: aarche284|Spikes|[from] move: Mortal Spin|[of] p1a: Glimmora\n|move|p2a: Diamondhead|Ceaseless Edge|p1a: Glimmora\n|-damage|p1a: Glimmora|0 fnt\n|-activate|p1a: Glimmora|ability: Toxic Debris\n|-sidestart|p2: rylibes64|move: Toxic Spikes\n|-sidestart|p1: aarche284|Spikes\n|faint|p1a: Glimmora\n|-damage|p2a: Diamondhead|36\/100 psn|[from] item: Life Orb\n|\n|-damage|p2a: Diamondhead|24\/100 psn|[from] psn\n|upkeep\n|\n|t:|1700790199\n|switch|p1a: Zamazenta|Zamazenta|100\/100\n|-damage|p1a: Zamazenta|88\/100|[from] Spikes\n|-ability|p1a: Zamazenta|Dauntless Shield|boost\n|-boost|p1a: Zamazenta|def|1\n|turn|6\n|\n|t:|1700790206\n|move|p1a: Zamazenta|Iron Defense|p1a: Zamazenta\n|-boost|p1a: Zamazenta|def|2\n|move|p2a: Diamondhead|Aqua Cutter|p1a: Zamazenta\n|-crit|p1a: Zamazenta\n|-damage|p1a: Zamazenta|12\/100\n|-damage|p2a: Diamondhead|14\/100 psn|[from] item: Life Orb\n|\n|-heal|p1a: Zamazenta|18\/100|[from] item: Leftovers\n|-damage|p2a: Diamondhead|1\/100 psn|[from] psn\n|upkeep\n|turn|7\n|\n|t:|1700790213\n|move|p2a: Diamondhead|Sucker Punch|p1a: Zamazenta\n|-resisted|p1a: Zamazenta\n|-damage|p1a: Zamazenta|12\/100\n|-damage|p2a: Diamondhead|0 fnt|[from] item: Life Orb\n|faint|p2a: Diamondhead\n|move|p1a: Zamazenta|Body Press|p2: Diamondhead|[notarget]\n|-fail|p1a: Zamazenta\n|\n|-heal|p1a: Zamazenta|18\/100|[from] item: Leftovers\n|upkeep\n|\n|t:|1700790226\n|switch|p2a: Heatblast|Iron Moth|100\/100\n|-damage|p2a: Heatblast|76\/100|[from] Stealth Rock\n|-sideend|p2: rylibes64|move: Toxic Spikes|[of] p2a: Heatblast\n|turn|8\n|c|\u2606aarche284|... wtf gg what a way to lose\n|\n|t:|1700790244\n|move|p1a: Zamazenta|Crunch|p2a: Heatblast\n|-damage|p2a: Heatblast|31\/100\n|move|p2a: Heatblast|Fiery Dance|p1a: Zamazenta\n|-damage|p1a: Zamazenta|0 fnt\n|faint|p1a: Zamazenta\n|\n|-heal|p2a: Heatblast|37\/100|[from] item: Leftovers\n|upkeep\n|\n|t:|1700790251\n|switch|p1a: Dragapult|Dragapult, M|100\/100\n|-damage|p1a: Dragapult|88\/100|[from] Spikes\n|turn|9\n|\n|t:|1700790259\n|move|p1a: Dragapult|Shadow Ball|p2a: Heatblast\n|-damage|p2a: Heatblast|0 fnt\n|faint|p2a: Heatblast\n|-end|p2a: Heatblast|Quark Drive|[silent]\n|\n|upkeep\n|\n|t:|1700790280\n|switch|p2a: Wildvine|Ogerpon-Wellspring, F|100\/100\n|-damage|p2a: Wildvine|88\/100|[from] Stealth Rock\n|turn|10\n|inactive|aarche284 has 120 seconds left.\n|\n|t:|1700790316\n|switch|p1a: Kingambit|Kingambit, M|100\/100\n|-damage|p1a: Kingambit|88\/100|[from] Spikes\n|-activate|p1a: Kingambit|ability: Supreme Overlord\n|-start|p1a: Kingambit|fallen3|[silent]\n|move|p2a: Wildvine|Knock Off|p1a: Kingambit\n|-resisted|p1a: Kingambit\n|-crit|p1a: Kingambit\n|-damage|p1a: Kingambit|65\/100\n|-enditem|p1a: Kingambit|Leftovers|[from] move: Knock Off|[of] p2a: Wildvine\n|\n|upkeep\n|turn|11\n|inactive|aarche284 has 120 seconds left.\n|\n|t:|1700790330\n|move|p2a: Wildvine|Ivy Cudgel|p1a: Kingambit|[anim] Ivy Cudgel Water\n|-crit|p1a: Kingambit\n|-damage|p1a: Kingambit|1\/100\n|move|p1a: Kingambit|Swords Dance|p1a: Kingambit\n|-boost|p1a: Kingambit|atk|2\n|\n|upkeep\n|turn|12\n|inactive|aarche284 has 120 seconds left.\n|c|\u2606aarche284|so many crits wtf\n|\n|t:|1700790354\n|move|p2a: Wildvine|Spiky Shield|p2a: Wildvine\n|-singleturn|p2a: Wildvine|move: Protect\n|move|p1a: Kingambit|Sucker Punch||[still]\n|-fail|p1a: Kingambit\n|\n|upkeep\n|turn|13\n|\n|t:|1700790366\n|move|p1a: Kingambit|Sucker Punch|p2a: Wildvine\n|-damage|p2a: Wildvine|0 fnt\n|faint|p2a: Wildvine\n|\n|upkeep\n|\n|t:|1700790369\n|switch|p2a: Cannonbolt|Great Tusk|100\/100\n|-damage|p2a: Cannonbolt|98\/100|[from] Stealth Rock\n|turn|14\n|\n|t:|1700790374\n|move|p1a: Kingambit|Sucker Punch|p2a: Cannonbolt\n|-resisted|p2a: Cannonbolt\n|-damage|p2a: Cannonbolt|61\/100\n|move|p2a: Cannonbolt|Rapid Spin|p1a: Kingambit\n|-resisted|p1a: Kingambit\n|-damage|p1a: Kingambit|0 fnt\n|-boost|p2a: Cannonbolt|spe|1\n|-sideend|p2: rylibes64|Stealth Rock|[from] move: Rapid Spin|[of] p2a: Cannonbolt\n|faint|p1a: Kingambit\n|-end|p1a: Kingambit|fallen3|[silent]\n|\n|-heal|p2a: Cannonbolt|67\/100|[from] item: Leftovers\n|upkeep\n|\n|t:|1700790381\n|switch|p1a: Gholdengo|Gholdengo|100\/100\n|-damage|p1a: Gholdengo|88\/100|[from] Spikes\n|turn|15\n|\n|t:|1700790399\n|move|p2a: Cannonbolt|Earthquake|p1a: Gholdengo\n|-supereffective|p1a: Gholdengo\n|-damage|p1a: Gholdengo|0 fnt\n|faint|p1a: Gholdengo\n|\n|-heal|p2a: Cannonbolt|74\/100|[from] item: Leftovers\n|upkeep\n|\n|t:|1700790401\n|switch|p1a: Dragapult|Dragapult, M|88\/100\n|-damage|p1a: Dragapult|76\/100|[from] Spikes\n|turn|16\n|\n|t:|1700790407\n|-terastallize|p1a: Dragapult|Ghost\n|move|p2a: Cannonbolt|Ice Spinner|p1a: Dragapult\n|-damage|p1a: Dragapult|39\/100\n|move|p1a: Dragapult|Shadow Ball|p2a: Cannonbolt\n|-damage|p2a: Cannonbolt|0 fnt\n|faint|p2a: Cannonbolt\n|-end|p2a: Cannonbolt|Protosynthesis|[silent]\n|\n|upkeep\n|\n|t:|1700790414\n|switch|p2a: Ghostfreak|Gholdengo|100\/100\n|turn|17\n|\n|t:|1700790417\n|-terastallize|p2a: Ghostfreak|Normal\n|move|p1a: Dragapult|Shadow Ball|p2a: Ghostfreak\n|-immune|p2a: Ghostfreak\n|move|p2a: Ghostfreak|Shadow Ball|p1a: Dragapult\n|-supereffective|p1a: Dragapult\n|-damage|p1a: Dragapult|0 fnt\n|faint|p1a: Dragapult\n|-damage|p2a: Ghostfreak|91\/100|[from] item: Life Orb\n|\n|win|rylibes64\n|raw|aarche284's rating: 1278 &rarr; <strong>1258<\/strong><br \/>(-20 for losing)\n|raw|rylibes64's rating: 1342 &rarr; <strong>1358<\/strong><br \/>(+16 for winning)\n|c|\u2606rylibes64|ggs\n|c|\u2606aarche284|wrong item on gholdengo gg lmao\n|c|\u2606aarche284|but still, so many crits\n|c|\u2606aarche284|wtf bro\n|l|\u2606rylibes64\n","uploadtime":1700790446,"views":5,"p1id":"aarche284","p2id":"rylibes64","formatid":"gen9ou","rating":1258,"private":0,"password":""}