{"id":"gen9ou-1989580032","p1":"Hippopankake","p2":"MajinTV","format":"[Gen 9] OU","log":"|j|\u2606Hippopankake\n|j|\u2606MajinTV\n|t:|1699874326\n|gametype|singles\n|player|p1|Hippopankake|steven|1345\n|player|p2|MajinTV|brawly|1456\n|teamsize|p1|6\n|teamsize|p2|6\n|gen|9\n|tier|[Gen 9] OU\n|rated|\n|rule|Sleep Clause Mod: Limit one foe put to sleep\n|rule|Species Clause: Limit one of each Pok\u00e9mon\n|rule|OHKO Clause: OHKO moves are banned\n|rule|Evasion Items Clause: Evasion items are banned\n|rule|Evasion Moves Clause: Evasion moves are banned\n|rule|Endless Battle Clause: Forcing endless battles is banned\n|rule|HP Percentage Mod: HP is shown in percentages\n|clearpoke\n|poke|p1|Alomomola, F|\n|poke|p1|Slowking-Galar, F|\n|poke|p1|Thundurus-Therian, M|\n|poke|p1|Cinderace, F|\n|poke|p1|Scizor, F|\n|poke|p1|Enamorus, F|\n|poke|p2|Ribombee, M|\n|poke|p2|Gholdengo|\n|poke|p2|Great Tusk|\n|poke|p2|Alomomola, M|\n|poke|p2|Ceruledge, F|\n|poke|p2|Slowking-Galar, F|\n|teampreview\n|inactive|Battle timer is ON: inactive players will automatically lose when time's up. (requested by Hippopankake)\n|inactive|MajinTV has 120 seconds left.\n|\n|t:|1699874364\n|start\n|switch|p1a: Scizor|Scizor, F|100\/100\n|switch|p2a: Alomomola|Alomomola, M|100\/100\n|turn|1\n|\n|t:|1699874381\n|move|p1a: Scizor|U-turn|p2a: Alomomola\n|-damage|p2a: Alomomola|67\/100\n|-damage|p1a: Scizor|84\/100|[from] item: Rocky Helmet|[of] p2a: Alomomola\n|\n|t:|1699874384\n|switch|p1a: Grimace mcdonalds|Thundurus-Therian, M, shiny|100\/100|[from] U-turn\n|move|p2a: Alomomola|Flip Turn|p1a: Grimace mcdonalds\n|-damage|p1a: Grimace mcdonalds|76\/100\n|\n|t:|1699874402\n|switch|p2a: Slowking|Slowking-Galar, F|100\/100|[from] Flip Turn\n|\n|upkeep\n|turn|2\n|\n|t:|1699874412\n|move|p1a: Grimace mcdonalds|Knock Off|p2a: Slowking\n|-supereffective|p2a: Slowking\n|-damage|p2a: Slowking|60\/100\n|-enditem|p2a: Slowking|Heavy-Duty Boots|[from] move: Knock Off|[of] p1a: Grimace mcdonalds\n|move|p2a: Slowking|Chilly Reception|p2a: Slowking\n|-weather|Snow\n|\n|t:|1699874423\n|switch|p2a: Ribombee|Ribombee, M|100\/100|[from] Chilly Reception\n|\n|-weather|Snow|[upkeep]\n|upkeep\n|turn|3\n|\n|t:|1699874434\n|switch|p1a: Scizor|Scizor, F|84\/100\n|move|p2a: Ribombee|Bug Buzz|p1a: Scizor\n|-resisted|p1a: Scizor\n|-damage|p1a: Scizor|62\/100\n|\n|-weather|Snow|[upkeep]\n|upkeep\n|turn|4\n|\n|t:|1699874437\n|switch|p2a: Alomomola|Alomomola, M|100\/100\n|move|p1a: Scizor|U-turn|p2a: Alomomola\n|-damage|p2a: Alomomola|68\/100\n|-damage|p1a: Scizor|45\/100|[from] item: Rocky Helmet|[of] p2a: Alomomola\n|\n|t:|1699874441\n|switch|p1a: Grimace mcdonalds|Thundurus-Therian, M, shiny|76\/100|[from] U-turn\n|\n|-weather|Snow|[upkeep]\n|upkeep\n|turn|5\n|\n|t:|1699874445\n|switch|p2a: Slowking|Slowking-Galar, F|93\/100\n|-terastallize|p1a: Grimace mcdonalds|Flying\n|move|p1a: Grimace mcdonalds|Tera Blast|p2a: Slowking|[anim] Tera Blast Flying\n|-damage|p2a: Slowking|44\/100\n|\n|-weather|Snow|[upkeep]\n|upkeep\n|turn|6\n|inactive|MajinTV has 120 seconds left.\n|\n|t:|1699874489\n|move|p1a: Grimace mcdonalds|Tera Blast|p2a: Slowking|[anim] Tera Blast Flying\n|-damage|p2a: Slowking|0 fnt\n|faint|p2a: Slowking\n|\n|-weather|none\n|upkeep\n|\n|t:|1699874494\n|switch|p2a: Ribombee|Ribombee, M|100\/100\n|turn|7\n|inactive|MajinTV has 120 seconds left.\n|\n|t:|1699874509\n|switch|p1a: Scizor|Scizor, F|45\/100\n|move|p2a: Ribombee|Quiver Dance|p2a: Ribombee\n|-boost|p2a: Ribombee|spa|1\n|-boost|p2a: Ribombee|spd|1\n|-boost|p2a: Ribombee|spe|1\n|\n|upkeep\n|turn|8\n|inactive|MajinTV has 120 seconds left.\n|\n|t:|1699874524\n|move|p1a: Scizor|Bullet Punch|p2a: Ribombee\n|-supereffective|p2a: Ribombee\n|-enditem|p2a: Ribombee|Focus Sash\n|-damage|p2a: Ribombee|1\/100\n|move|p2a: Ribombee|Moonblast|p1a: Scizor\n|-resisted|p1a: Scizor\n|-damage|p1a: Scizor|12\/100\n|-unboost|p1a: Scizor|spa|1\n|\n|upkeep\n|turn|9\n|inactive|MajinTV has 120 seconds left.\n|\n|t:|1699874529\n|switch|p2a: Alomomola|Alomomola, M|100\/100\n|move|p1a: Scizor|Bullet Punch|p2a: Alomomola\n|-resisted|p2a: Alomomola\n|-damage|p2a: Alomomola|86\/100\n|-damage|p1a: Scizor|0 fnt|[from] item: Rocky Helmet|[of] p2a: Alomomola\n|faint|p1a: Scizor\n|\n|upkeep\n|\n|t:|1699874535\n|switch|p1a: Grimace mcdonalds|Thundurus-Therian, M, shiny, tera:Flying|76\/100\n|turn|10\n|\n|t:|1699874544\n|switch|p2a: Great Tusk|Great Tusk|100\/100\n|move|p1a: Grimace mcdonalds|Tera Blast|p2a: Great Tusk|[anim] Tera Blast Flying\n|-supereffective|p2a: Great Tusk\n|-damage|p2a: Great Tusk|0 fnt\n|faint|p2a: Great Tusk\n|-end|p2a: Great Tusk|Protosynthesis|[silent]\n|\n|upkeep\n|\n|t:|1699874551\n|switch|p2a: Ribombee|Ribombee, M|1\/100\n|turn|11\n|\n|t:|1699874555\n|switch|p1a: Slowking|Slowking-Galar, F|100\/100\n|move|p2a: Ribombee|Moonblast|p1a: Slowking\n|-resisted|p1a: Slowking\n|-damage|p1a: Slowking|91\/100\n|-unboost|p1a: Slowking|spa|1\n|\n|upkeep\n|turn|12\n|\n|t:|1699874564\n|move|p2a: Ribombee|Sticky Web|p1a: Slowking\n|-sidestart|p1: Hippopankake|move: Sticky Web\n|move|p1a: Slowking|Surf|p2a: Ribombee\n|-damage|p2a: Ribombee|0 fnt\n|faint|p2a: Ribombee\n|\n|upkeep\n|\n|t:|1699874582\n|switch|p2a: Gholdengo|Gholdengo|100\/100\n|-item|p2a: Gholdengo|Air Balloon\n|turn|13\n|\n|t:|1699874591\n|move|p2a: Gholdengo|Shadow Ball|p1a: Slowking\n|-supereffective|p1a: Slowking\n|-damage|p1a: Slowking|61\/100\n|-unboost|p1a: Slowking|spd|1\n|move|p1a: Slowking|Flamethrower|p2a: Gholdengo\n|-supereffective|p2a: Gholdengo\n|-damage|p2a: Gholdengo|69\/100\n|-enditem|p2a: Gholdengo|Air Balloon\n|\n|upkeep\n|turn|14\n|\n|t:|1699874600\n|switch|p1a: Cinderace|Cinderace, F|100\/100\n|move|p2a: Gholdengo|Nasty Plot|p2a: Gholdengo\n|-boost|p2a: Gholdengo|spa|2\n|\n|upkeep\n|turn|15\n|\n|t:|1699874605\n|move|p1a: Cinderace|Court Change|p1a: Cinderace\n|-start|p1a: Cinderace|typechange|Normal|[from] ability: Libero\n|-swapsideconditions\n|-activate|p1a: Cinderace|move: Court Change\n|move|p2a: Gholdengo|Make It Rain|p1a: Cinderace\n|-damage|p1a: Cinderace|0 fnt\n|-unboost|p2a: Gholdengo|spa|1\n|faint|p1a: Cinderace\n|\n|upkeep\n|\n|t:|1699874617\n|switch|p1a: Grimace mcdonalds|Thundurus-Therian, M, shiny, tera:Flying|76\/100\n|turn|16\n|\n|t:|1699874620\n|move|p1a: Grimace mcdonalds|Volt Switch|p2a: Gholdengo\n|-damage|p2a: Gholdengo|15\/100\n|\n|t:|1699874623\n|switch|p1a: Slowking|Slowking-Galar, F|94\/100|[from] Volt Switch\n|move|p2a: Gholdengo|Shadow Ball|p1a: Slowking\n|-supereffective|p1a: Slowking\n|-damage|p1a: Slowking|50\/100\n|\n|upkeep\n|turn|17\n|\n|t:|1699874631\n|move|p2a: Gholdengo|Recover|p2a: Gholdengo\n|-heal|p2a: Gholdengo|65\/100\n|move|p1a: Slowking|Flamethrower|p2a: Gholdengo\n|-supereffective|p2a: Gholdengo\n|-damage|p2a: Gholdengo|16\/100\n|\n|upkeep\n|turn|18\n|\n|t:|1699874654\n|move|p2a: Gholdengo|Shadow Ball|p1a: Slowking\n|-supereffective|p1a: Slowking\n|-damage|p1a: Slowking|4\/100\n|move|p1a: Slowking|Flamethrower|p2a: Gholdengo\n|-supereffective|p2a: Gholdengo\n|-damage|p2a: Gholdengo|0 fnt\n|faint|p2a: Gholdengo\n|\n|upkeep\n|\n|t:|1699874668\n|switch|p2a: Ceruledge|Ceruledge, F|100\/100\n|turn|19\n|inactive|Hippopankake has 120 seconds left.\n|inactive|MajinTV has 120 seconds left.\n|\n|t:|1699874704\n|move|p2a: Ceruledge|Poltergeist|p1a: Slowking\n|-activate|p1a: Slowking|move: Poltergeist|Assault Vest\n|-supereffective|p1a: Slowking\n|-damage|p1a: Slowking|0 fnt\n|faint|p1a: Slowking\n|\n|upkeep\n|\n|t:|1699874707\n|switch|p1a: Enamorus|Enamorus, F|100\/100\n|turn|20\n|\n|t:|1699874714\n|switch|p2a: Alomomola|Alomomola, M|100\/100\n|-activate|p2a: Alomomola|move: Sticky Web\n|-unboost|p2a: Alomomola|spe|1\n|move|p1a: Enamorus|Earth Power|p2a: Alomomola\n|-damage|p2a: Alomomola|62\/100\n|-unboost|p2a: Alomomola|spd|1\n|\n|upkeep\n|turn|21\n|\n|t:|1699874723\n|move|p1a: Enamorus|Earth Power|p2a: Alomomola\n|-damage|p2a: Alomomola|2\/100\n|move|p2a: Alomomola|Flip Turn|p1a: Enamorus\n|-damage|p1a: Enamorus|75\/100\n|\n|t:|1699874727\n|switch|p2a: Ceruledge|Ceruledge, F|100\/100|[from] Flip Turn\n|\n|upkeep\n|turn|22\n|\n|t:|1699874729\n|-terastallize|p2a: Ceruledge|Grass\n|move|p1a: Enamorus|Earth Power|p2a: Ceruledge\n|-resisted|p2a: Ceruledge\n|-damage|p2a: Ceruledge|82\/100\n|move|p2a: Ceruledge|Swords Dance|p2a: Ceruledge\n|-boost|p2a: Ceruledge|atk|2\n|\n|upkeep\n|turn|23\n|\n|t:|1699874736\n|switch|p1a: Alomomola|Alomomola, F|100\/100\n|move|p2a: Ceruledge|Swords Dance|p2a: Ceruledge\n|-boost|p2a: Ceruledge|atk|2\n|\n|upkeep\n|turn|24\n|\n|t:|1699874740\n|move|p2a: Ceruledge|Poltergeist|p1a: Alomomola\n|-activate|p1a: Alomomola|move: Poltergeist|Heavy-Duty Boots\n|-damage|p1a: Alomomola|4\/100\n|move|p1a: Alomomola|Scald|p2a: Ceruledge\n|-resisted|p2a: Ceruledge\n|-damage|p2a: Ceruledge|75\/100\n|\n|upkeep\n|turn|25\n|\n|t:|1699874748\n|move|p2a: Ceruledge|Shadow Sneak|p1a: Alomomola\n|-damage|p1a: Alomomola|0 fnt\n|faint|p1a: Alomomola\n|\n|upkeep\n|\n|t:|1699874752\n|switch|p1a: Enamorus|Enamorus, F|75\/100\n|turn|26\n|\n|t:|1699874760\n|move|p2a: Ceruledge|Shadow Sneak|p1a: Enamorus\n|-damage|p1a: Enamorus|0 fnt\n|faint|p1a: Enamorus\n|\n|upkeep\n|\n|t:|1699874762\n|switch|p1a: Grimace mcdonalds|Thundurus-Therian, M, shiny, tera:Flying|76\/100\n|turn|27\n|\n|t:|1699874764\n|move|p2a: Ceruledge|Shadow Sneak|p1a: Grimace mcdonalds\n|-damage|p1a: Grimace mcdonalds|0 fnt\n|faint|p1a: Grimace mcdonalds\n|\n|win|MajinTV\n|raw|Hippopankake's rating: 1345 &rarr; <strong>1331<\/strong><br \/>(-14 for losing)\n|raw|MajinTV's rating: 1456 &rarr; <strong>1470<\/strong><br \/>(+14 for winning)\n|c|\u2606MajinTV|Gg\n|l|\u2606Hippopankake\n","uploadtime":1699874774,"views":7,"p1id":"hippopankake","p2id":"majintv","formatid":"gen9ou","rating":1331,"private":0,"password":""}