{"id":"gen9ou-1997228766","p1":"Perfect DarK 0707","p2":"Eurauzin","format":"[Gen 9] OU","log":"|j|\u2606Perfect DarK 0707\n|j|\u2606Eurauzin\n|t:|1700777950\n|gametype|singles\n|player|p1|Perfect DarK 0707|teamrocketgruntf-gen3|1318\n|player|p2|Eurauzin|carmine|1360\n|teamsize|p1|6\n|teamsize|p2|6\n|gen|9\n|tier|[Gen 9] OU\n|rated|\n|rule|Sleep Clause Mod: Limit one foe put to sleep\n|rule|Species Clause: Limit one of each Pok\u00e9mon\n|rule|OHKO Clause: OHKO moves are banned\n|rule|Evasion Items Clause: Evasion items are banned\n|rule|Evasion Moves Clause: Evasion moves are banned\n|rule|Endless Battle Clause: Forcing endless battles is banned\n|rule|HP Percentage Mod: HP is shown in percentages\n|clearpoke\n|poke|p1|Cinderace, M|\n|poke|p1|Gholdengo|\n|poke|p1|Iron Valiant|\n|poke|p1|Ogerpon-Wellspring, F|\n|poke|p1|Dragonite, M|\n|poke|p1|Great Tusk|\n|poke|p2|Rotom-Wash|\n|poke|p2|Rillaboom, M|\n|poke|p2|Dragapult, F|\n|poke|p2|Kingambit, M|\n|poke|p2|Slowking-Galar, F|\n|poke|p2|Corviknight, M|\n|teampreview\n|inactive|Battle timer is ON: inactive players will automatically lose when time's up. (requested by Eurauzin)\n|inactive|Perfect DarK 0707 also wants the timer to be on.\n|\n|t:|1700777977\n|start\n|switch|p1a: 401 K|Gholdengo|100\/100\n|switch|p2a: Rotom|Rotom-Wash, shiny|100\/100\n|turn|1\n|\n|t:|1700777985\n|move|p2a: Rotom|Protect|p2a: Rotom\n|-singleturn|p2a: Rotom|Protect\n|move|p1a: 401 K|Shadow Ball|p2a: Rotom\n|-activate|p2a: Rotom|move: Protect\n|\n|upkeep\n|turn|2\n|\n|t:|1700777992\n|move|p1a: 401 K|Shadow Ball|p2a: Rotom\n|-damage|p2a: Rotom|53\/100\n|move|p2a: Rotom|Volt Switch|p1a: 401 K\n|-damage|p1a: 401 K|72\/100\n|\n|t:|1700778005\n|switch|p2a: Dragapult|Dragapult, F, shiny|100\/100|[from] Volt Switch\n|\n|upkeep\n|turn|3\n|\n|t:|1700778010\n|move|p1a: 401 K|Shadow Ball|p2a: Dragapult\n|-supereffective|p2a: Dragapult\n|-damage|p2a: Dragapult|0 fnt\n|faint|p2a: Dragapult\n|\n|upkeep\n|\n|t:|1700778017\n|switch|p2a: Kingambit|Kingambit, M, shiny|100\/100\n|-activate|p2a: Kingambit|ability: Supreme Overlord\n|-start|p2a: Kingambit|fallen1|[silent]\n|turn|4\n|\n|t:|1700778023\n|switch|p1a: 7usK|Great Tusk|100\/100\n|move|p2a: Kingambit|Kowtow Cleave|p1a: 7usK\n|-resisted|p1a: 7usK\n|-damage|p1a: 7usK|86\/100\n|\n|-heal|p1a: 7usK|92\/100|[from] item: Leftovers\n|upkeep\n|turn|5\n|\n|t:|1700778034\n|-end|p1a: 7usK|Protosynthesis|[silent]\n|switch|p1a: Terrifying \ud83e\udeb6|Dragonite, M|100\/100\n|-end|p2a: Kingambit|fallen1|[silent]\n|switch|p2a: Corviknight|Corviknight, M, shiny|100\/100\n|-ability|p2a: Corviknight|Pressure\n|\n|upkeep\n|turn|6\n|\n|t:|1700778042\n|switch|p1a: 401 K|Gholdengo|72\/100\n|move|p2a: Corviknight|U-turn|p1a: 401 K\n|-resisted|p1a: 401 K\n|-damage|p1a: 401 K|68\/100\n|\n|t:|1700778053\n|switch|p2a: Kingambit|Kingambit, M, shiny|100\/100|[from] U-turn\n|-activate|p2a: Kingambit|ability: Supreme Overlord\n|-start|p2a: Kingambit|fallen1|[silent]\n|\n|upkeep\n|turn|7\n|\n|t:|1700778064\n|move|p1a: 401 K|Thunder Wave|p2a: Kingambit\n|-status|p2a: Kingambit|par\n|move|p2a: Kingambit|Kowtow Cleave|p1a: 401 K\n|-supereffective|p1a: 401 K\n|-damage|p1a: 401 K|0 fnt\n|faint|p1a: 401 K\n|\n|upkeep\n|\n|t:|1700778078\n|switch|p1a: S1Lv3R Bull37|Cinderace, M, shiny|100\/100\n|turn|8\n|\n|t:|1700778083\n|-end|p2a: Kingambit|fallen1|[silent]\n|switch|p2a: Rotom|Rotom-Wash, shiny|53\/100\n|move|p1a: S1Lv3R Bull37|Pyro Ball|p2a: Rotom\n|-resisted|p2a: Rotom\n|-damage|p2a: Rotom|31\/100\n|\n|-heal|p2a: Rotom|37\/100|[from] item: Leftovers\n|upkeep\n|turn|9\n|\n|t:|1700778091\n|move|p2a: Rotom|Protect|p2a: Rotom\n|-singleturn|p2a: Rotom|Protect\n|move|p1a: S1Lv3R Bull37|U-turn|p2a: Rotom\n|-start|p1a: S1Lv3R Bull37|typechange|Bug|[from] ability: Libero\n|-activate|p2a: Rotom|move: Protect\n|\n|-heal|p2a: Rotom|43\/100|[from] item: Leftovers\n|upkeep\n|turn|10\n|\n|t:|1700778100\n|move|p1a: S1Lv3R Bull37|U-turn|p2a: Rotom\n|-damage|p2a: Rotom|17\/100\n|\n|t:|1700778111\n|switch|p1a: 7usK|Great Tusk|92\/100|[from] U-turn\n|move|p2a: Rotom|Hydro Pump|p1a: 7usK|[miss]\n|-miss|p2a: Rotom|p1a: 7usK\n|\n|-heal|p1a: 7usK|99\/100|[from] item: Leftovers\n|-heal|p2a: Rotom|23\/100|[from] item: Leftovers\n|upkeep\n|turn|11\n|\n|t:|1700778122\n|-end|p1a: 7usK|Protosynthesis|[silent]\n|switch|p1a: ASUKA|Ogerpon-Wellspring, F|100\/100\n|move|p2a: Rotom|Protect||[still]\n|-fail|p2a: Rotom\n|\n|-heal|p2a: Rotom|29\/100|[from] item: Leftovers\n|upkeep\n|turn|12\n|\n|t:|1700778130\n|switch|p2a: Corviknight|Corviknight, M, shiny|100\/100\n|-ability|p2a: Corviknight|Pressure\n|move|p1a: ASUKA|Horn Leech|p2a: Corviknight\n|-resisted|p2a: Corviknight\n|-damage|p2a: Corviknight|94\/100\n|-damage|p1a: ASUKA|84\/100|[from] item: Rocky Helmet|[of] p2a: Corviknight\n|\n|upkeep\n|turn|13\n|\n|t:|1700778139\n|switch|p1a: S1Lv3R Bull37|Cinderace, M, shiny|100\/100\n|move|p2a: Corviknight|U-turn|p1a: S1Lv3R Bull37\n|-resisted|p1a: S1Lv3R Bull37\n|-damage|p1a: S1Lv3R Bull37|91\/100\n|\n|t:|1700778146\n|switch|p2a: Slowking|Slowking-Galar, F, shiny|100\/100|[from] U-turn\n|\n|upkeep\n|turn|14\n|\n|t:|1700778152\n|move|p1a: S1Lv3R Bull37|Pyro Ball|p2a: Slowking\n|-damage|p2a: Slowking|42\/100\n|move|p2a: Slowking|Future Sight|p1a: S1Lv3R Bull37\n|-start|p2a: Slowking|move: Future Sight\n|\n|upkeep\n|turn|15\n|\n|t:|1700778157\n|switch|p2a: Rotom|Rotom-Wash, shiny|29\/100\n|move|p1a: S1Lv3R Bull37|Pyro Ball|p2a: Rotom\n|-resisted|p2a: Rotom\n|-damage|p2a: Rotom|7\/100\n|\n|-heal|p2a: Rotom|13\/100|[from] item: Leftovers\n|upkeep\n|turn|16\n|\n|t:|1700778177\n|switch|p1a: Terrifying \ud83e\udeb6|Dragonite, M|100\/100\n|move|p2a: Rotom|Protect||[still]\n|-fail|p2a: Rotom\n|\n|-end|p1a: Terrifying \ud83e\udeb6|move: Future Sight\n|-damage|p1a: Terrifying \ud83e\udeb6|78\/100\n|-heal|p1a: Terrifying \ud83e\udeb6|84\/100|[from] item: Leftovers\n|-heal|p2a: Rotom|19\/100|[from] item: Leftovers\n|upkeep\n|turn|17\n|\n|t:|1700778191\n|switch|p1a: S1Lv3R Bull37|Cinderace, M, shiny|91\/100\n|move|p2a: Rotom|Thunder Wave|p1a: S1Lv3R Bull37\n|-status|p1a: S1Lv3R Bull37|par\n|\n|-heal|p2a: Rotom|25\/100|[from] item: Leftovers\n|upkeep\n|turn|18\n|\n|t:|1700778201\n|switch|p1a: ASUKA|Ogerpon-Wellspring, F|84\/100\n|move|p2a: Rotom|Hydro Pump|p1a: ASUKA\n|-heal|p1a: ASUKA|100\/100|[from] ability: Water Absorb|[of] p2a: Rotom\n|\n|-heal|p2a: Rotom|31\/100|[from] item: Leftovers\n|upkeep\n|turn|19\n|\n|t:|1700778210\n|switch|p2a: Corviknight|Corviknight, M, shiny|94\/100\n|-ability|p2a: Corviknight|Pressure\n|move|p1a: ASUKA|Spikes|p2a: Corviknight\n|-sidestart|p2: Eurauzin|Spikes\n|\n|upkeep\n|turn|20\n|\n|t:|1700778216\n|move|p1a: ASUKA|Swords Dance|p1a: ASUKA\n|-boost|p1a: ASUKA|atk|2\n|move|p2a: Corviknight|Defog|p1a: ASUKA\n|-unboost|p1a: ASUKA|evasion|1\n|-sideend|p2: Eurauzin|Spikes|[from] move: Defog|[of] p2a: Corviknight\n|\n|upkeep\n|turn|21\n|\n|t:|1700778224\n|move|p1a: ASUKA|Ivy Cudgel|p2a: Corviknight|[anim] Ivy Cudgel Water\n|-damage|p2a: Corviknight|20\/100\n|move|p2a: Corviknight|U-turn|p1a: ASUKA\n|-supereffective|p1a: ASUKA\n|-damage|p1a: ASUKA|66\/100\n|\n|t:|1700778234\n|switch|p2a: Kingambit|Kingambit, M, shiny|100\/100 par|[from] U-turn\n|-activate|p2a: Kingambit|ability: Supreme Overlord\n|-start|p2a: Kingambit|fallen1|[silent]\n|\n|upkeep\n|turn|22\n|\n|t:|1700778243\n|switch|p1a: 7usK|Great Tusk|99\/100\n|cant|p2a: Kingambit|par\n|\n|-heal|p1a: 7usK|100\/100|[from] item: Leftovers\n|upkeep\n|turn|23\n|\n|t:|1700778252\n|-end|p2a: Kingambit|fallen1|[silent]\n|switch|p2a: Rotom|Rotom-Wash, shiny|31\/100\n|move|p1a: 7usK|Knock Off|p2a: Rotom\n|-damage|p2a: Rotom|7\/100\n|-enditem|p2a: Rotom|Leftovers|[from] move: Knock Off|[of] p1a: 7usK\n|\n|upkeep\n|turn|24\n|\n|t:|1700778260\n|-end|p1a: 7usK|Protosynthesis|[silent]\n|switch|p1a: ASUKA|Ogerpon-Wellspring, F|66\/100\n|move|p2a: Rotom|Hydro Pump|p1a: ASUKA\n|-heal|p1a: ASUKA|91\/100|[from] ability: Water Absorb|[of] p2a: Rotom\n|\n|upkeep\n|turn|25\n|\n|t:|1700778269\n|move|p1a: ASUKA|Ivy Cudgel|p2a: Rotom|[anim] Ivy Cudgel Water\n|-resisted|p2a: Rotom\n|-damage|p2a: Rotom|0 fnt\n|faint|p2a: Rotom\n|\n|upkeep\n|\n|t:|1700778273\n|switch|p2a: Slowking|Slowking-Galar, F, shiny|76\/100\n|turn|26\n|\n|t:|1700778288\n|move|p1a: ASUKA|Ivy Cudgel|p2a: Slowking|[anim] Ivy Cudgel Water\n|-damage|p2a: Slowking|10\/100\n|move|p2a: Slowking|Sludge Bomb|p1a: ASUKA\n|-supereffective|p1a: ASUKA\n|-damage|p1a: ASUKA|16\/100\n|\n|upkeep\n|turn|27\n|\n|t:|1700778297\n|switch|p2a: Corviknight|Corviknight, M, shiny|20\/100\n|-ability|p2a: Corviknight|Pressure\n|move|p1a: ASUKA|Spikes|p2a: Corviknight\n|-sidestart|p2: Eurauzin|Spikes\n|\n|upkeep\n|turn|28\n|\n|t:|1700778304\n|move|p1a: ASUKA|Ivy Cudgel|p2a: Corviknight|[anim] Ivy Cudgel Water\n|-damage|p2a: Corviknight|0 fnt\n|faint|p2a: Corviknight\n|\n|upkeep\n|\n|t:|1700778307\n|switch|p2a: Rillaboom|Rillaboom, M, shiny|100\/100\n|-fieldstart|move: Grassy Terrain|[from] ability: Grassy Surge|[of] p2a: Rillaboom\n|turn|29\n|\n|t:|1700778314\n|move|p2a: Rillaboom|Grassy Glide|p1a: ASUKA\n|-crit|p1a: ASUKA\n|-damage|p1a: ASUKA|0 fnt\n|faint|p1a: ASUKA\n|\n|upkeep\n|\n|t:|1700778321\n|switch|p1a: Terrifying \ud83e\udeb6|Dragonite, M|84\/100\n|turn|30\n|\n|t:|1700778328\n|move|p1a: Terrifying \ud83e\udeb6|Dragon Dance|p1a: Terrifying \ud83e\udeb6\n|-boost|p1a: Terrifying \ud83e\udeb6|atk|1\n|-boost|p1a: Terrifying \ud83e\udeb6|spe|1\n|move|p2a: Rillaboom|Knock Off|p1a: Terrifying \ud83e\udeb6\n|-damage|p1a: Terrifying \ud83e\udeb6|43\/100\n|-enditem|p1a: Terrifying \ud83e\udeb6|Leftovers|[from] move: Knock Off|[of] p2a: Rillaboom\n|\n|upkeep\n|turn|31\n|\n|t:|1700778336\n|move|p1a: Terrifying \ud83e\udeb6|Fly||[still]\n|-prepare|p1a: Terrifying \ud83e\udeb6|Fly\n|move|p2a: Rillaboom|Wood Hammer|p1a: Terrifying \ud83e\udeb6|[miss]\n|-miss|p2a: Rillaboom|p1a: Terrifying \ud83e\udeb6\n|\n|upkeep\n|turn|32\n|\n|t:|1700778343\n|move|p1a: Terrifying \ud83e\udeb6|Fly|p2a: Rillaboom|[from]lockedmove\n|-supereffective|p2a: Rillaboom\n|-damage|p2a: Rillaboom|0 fnt\n|faint|p2a: Rillaboom\n|\n|upkeep\n|\n|t:|1700778346\n|switch|p2a: Kingambit|Kingambit, M, shiny|100\/100 par\n|-damage|p2a: Kingambit|88\/100 par|[from] Spikes\n|-activate|p2a: Kingambit|ability: Supreme Overlord\n|-start|p2a: Kingambit|fallen4|[silent]\n|turn|33\n|\n|t:|1700778365\n|move|p1a: Terrifying \ud83e\udeb6|Extreme Speed|p2a: Kingambit\n|-resisted|p2a: Kingambit\n|-damage|p2a: Kingambit|71\/100 par\n|move|p2a: Kingambit|Iron Head|p1a: Terrifying \ud83e\udeb6\n|-damage|p1a: Terrifying \ud83e\udeb6|0 fnt\n|faint|p1a: Terrifying \ud83e\udeb6\n|\n|-heal|p2a: Kingambit|77\/100 par|[from] Grassy Terrain\n|-heal|p2a: Kingambit|83\/100 par|[from] item: Leftovers\n|-fieldend|move: Grassy Terrain\n|upkeep\n|\n|t:|1700778376\n|switch|p1a: S1Lv3R Bull37|Cinderace, M, shiny|91\/100 par\n|turn|34\n|\n|t:|1700778387\n|-terastallize|p2a: Kingambit|Fire\n|move|p1a: S1Lv3R Bull37|Pyro Ball|p2a: Kingambit\n|-resisted|p2a: Kingambit\n|-damage|p2a: Kingambit|58\/100 par\n|move|p2a: Kingambit|Swords Dance|p2a: Kingambit\n|-boost|p2a: Kingambit|atk|2\n|\n|-heal|p2a: Kingambit|64\/100 par|[from] item: Leftovers\n|upkeep\n|turn|35\n|\n|t:|1700778397\n|move|p1a: S1Lv3R Bull37|Sucker Punch|p2a: Kingambit\n|-start|p1a: S1Lv3R Bull37|typechange|Dark|[from] ability: Libero\n|-damage|p2a: Kingambit|36\/100 par\n|move|p2a: Kingambit|Kowtow Cleave|p1a: S1Lv3R Bull37\n|-resisted|p1a: S1Lv3R Bull37\n|-damage|p1a: S1Lv3R Bull37|0 fnt\n|faint|p1a: S1Lv3R Bull37\n|\n|-heal|p2a: Kingambit|42\/100 par|[from] item: Leftovers\n|upkeep\n|\n|t:|1700778408\n|switch|p1a: 7usK|Great Tusk|100\/100\n|turn|36\n|\n|t:|1700778413\n|move|p2a: Kingambit|Sucker Punch|p1a: 7usK\n|-resisted|p1a: 7usK\n|-damage|p1a: 7usK|75\/100\n|move|p1a: 7usK|Earthquake|p2a: Kingambit\n|-supereffective|p2a: Kingambit\n|-damage|p2a: Kingambit|0 fnt\n|faint|p2a: Kingambit\n|-end|p2a: Kingambit|fallen4|[silent]\n|\n|-heal|p1a: 7usK|81\/100|[from] item: Leftovers\n|upkeep\n|\n|t:|1700778416\n|switch|p2a: Slowking|Slowking-Galar, F, shiny|43\/100\n|turn|37\n|-message|Eurauzin forfeited.\n|\n|win|Perfect DarK 0707\n|raw|Perfect DarK 0707's rating: 1318 &rarr; <strong>1340<\/strong><br \/>(+22 for winning)\n|raw|Eurauzin's rating: 1360 &rarr; <strong>1338<\/strong><br \/>(-22 for losing)\n|l|\u2606Eurauzin\n","uploadtime":1700778427,"views":4,"p1id":"perfectdark0707","p2id":"eurauzin","formatid":"gen9ou","rating":1338,"private":0,"password":""}