{"id":"gen9ou-1992425242","p1":"Peruball12","p2":"King Mudfish","format":"[Gen 9] OU","log":"|j|\u2606Peruball12\n|j|\u2606King Mudfish\n|t:|1700186049\n|gametype|singles\n|player|p1|Peruball12|2|1231\n|player|p2|King Mudfish|266|1202\n|teamsize|p1|6\n|teamsize|p2|6\n|gen|9\n|tier|[Gen 9] OU\n|rated|\n|rule|Sleep Clause Mod: Limit one foe put to sleep\n|rule|Species Clause: Limit one of each Pok\u00e9mon\n|rule|OHKO Clause: OHKO moves are banned\n|rule|Evasion Items Clause: Evasion items are banned\n|rule|Evasion Moves Clause: Evasion moves are banned\n|rule|Endless Battle Clause: Forcing endless battles is banned\n|rule|HP Percentage Mod: HP is shown in percentages\n|clearpoke\n|poke|p1|Scizor, M|\n|poke|p1|Rotom-Wash|\n|poke|p1|Gholdengo|\n|poke|p1|Toxapex, F|\n|poke|p1|Meowscarada, F|\n|poke|p1|Mudsdale, M|\n|poke|p2|Glimmora, F|\n|poke|p2|Gallade, M|\n|poke|p2|Lokix, M|\n|poke|p2|Meowscarada, M|\n|poke|p2|Kingambit, M|\n|poke|p2|Pawmot, M|\n|teampreview\n|inactive|Battle timer is ON: inactive players will automatically lose when time's up. (requested by Peruball12)\n|\n|t:|1700186060\n|start\n|switch|p1a: Scizor|Scizor, M|100\/100\n|switch|p2a: Meowscarada|Meowscarada, M|100\/100\n|turn|1\n|\n|t:|1700186069\n|move|p2a: Meowscarada|Acrobatics|p1a: Scizor\n|-start|p2a: Meowscarada|typechange|Flying|[from] ability: Protean\n|-damage|p1a: Scizor|50\/100\n|move|p1a: Scizor|Close Combat|p2a: Meowscarada\n|-resisted|p2a: Meowscarada\n|-damage|p2a: Meowscarada|67\/100\n|-unboost|p1a: Scizor|def|1\n|-unboost|p1a: Scizor|spd|1\n|\n|-heal|p1a: Scizor|57\/100|[from] item: Leftovers\n|upkeep\n|turn|2\n|\n|t:|1700186095\n|switch|p1a: Rotom|Rotom-Wash|100\/100\n|move|p2a: Meowscarada|Acrobatics|p1a: Rotom\n|-resisted|p1a: Rotom\n|-damage|p1a: Rotom|77\/100\n|\n|-heal|p1a: Rotom|83\/100|[from] item: Leftovers\n|upkeep\n|turn|3\n|\n|t:|1700186101\n|move|p2a: Meowscarada|Flower Trick|p1a: Rotom\n|-supereffective|p1a: Rotom\n|-crit|p1a: Rotom\n|-damage|p1a: Rotom|21\/100\n|move|p1a: Rotom|Will-O-Wisp|p2a: Meowscarada\n|-status|p2a: Meowscarada|brn\n|\n|-heal|p1a: Rotom|27\/100|[from] item: Leftovers\n|-damage|p2a: Meowscarada|61\/100 brn|[from] brn\n|upkeep\n|turn|4\n|\n|t:|1700186113\n|switch|p1a: Gholdengo|Gholdengo|100\/100\n|move|p2a: Meowscarada|Flower Trick|p1a: Gholdengo\n|-resisted|p1a: Gholdengo\n|-crit|p1a: Gholdengo\n|-damage|p1a: Gholdengo|91\/100\n|\n|-damage|p2a: Meowscarada|55\/100 brn|[from] brn\n|upkeep\n|turn|5\n|\n|t:|1700186125\n|move|p1a: Gholdengo|Make It Rain|p2a: Meowscarada\n|-damage|p2a: Meowscarada|0 fnt\n|-unboost|p1a: Gholdengo|spa|1\n|faint|p2a: Meowscarada\n|\n|upkeep\n|\n|t:|1700186134\n|switch|p2a: Lokix|Lokix, M|100\/100\n|turn|6\n|\n|t:|1700186141\n|switch|p1a: Mudsdale|Mudsdale, M|100\/100\n|move|p2a: Lokix|Knock Off|p1a: Mudsdale\n|-damage|p1a: Mudsdale|46\/100\n|-ability|p1a: Mudsdale|Stamina|boost\n|-boost|p1a: Mudsdale|def|1\n|-enditem|p1a: Mudsdale|Leftovers|[from] move: Knock Off|[of] p2a: Lokix\n|-damage|p2a: Lokix|91\/100|[from] item: Life Orb\n|\n|upkeep\n|turn|7\n|\n|t:|1700186152\n|move|p2a: Lokix|U-turn|p1a: Mudsdale\n|-damage|p1a: Mudsdale|22\/100\n|-ability|p1a: Mudsdale|Stamina|boost\n|-boost|p1a: Mudsdale|def|1\n|-damage|p2a: Lokix|81\/100|[from] item: Life Orb\n|\n|t:|1700186156\n|switch|p2a: Gallade|Gallade, M|100\/100|[from] U-turn\n|move|p1a: Mudsdale|Stealth Rock|p2a: Gallade\n|-sidestart|p2: King Mudfish|move: Stealth Rock\n|\n|upkeep\n|turn|8\n|\n|t:|1700186160\n|move|p2a: Gallade|Aqua Cutter|p1a: Mudsdale\n|-supereffective|p1a: Mudsdale\n|-crit|p1a: Mudsdale\n|-damage|p1a: Mudsdale|0 fnt\n|faint|p1a: Mudsdale\n|\n|upkeep\n|\n|t:|1700186171\n|switch|p1a: Meowscarada|Meowscarada, F|100\/100\n|turn|9\n|\n|t:|1700186175\n|move|p2a: Gallade|Aqua Cutter|p1a: Meowscarada\n|-resisted|p1a: Meowscarada\n|-damage|p1a: Meowscarada|71\/100\n|move|p1a: Meowscarada|Play Rough|p2a: Gallade\n|-start|p1a: Meowscarada|typechange|Fairy|[from] ability: Protean\n|-supereffective|p2a: Gallade\n|-damage|p2a: Gallade|0 fnt\n|faint|p2a: Gallade\n|\n|upkeep\n|\n|t:|1700186182\n|switch|p2a: Lokix|Lokix, M|81\/100\n|-damage|p2a: Lokix|56\/100|[from] Stealth Rock\n|turn|10\n|\n|t:|1700186202\n|move|p2a: Lokix|First Impression|p1a: Meowscarada\n|-resisted|p1a: Meowscarada\n|-damage|p1a: Meowscarada|0 fnt\n|faint|p1a: Meowscarada\n|-damage|p2a: Lokix|46\/100|[from] item: Life Orb\n|\n|upkeep\n|inactive|Peruball12 has 120 seconds left.\n|\n|t:|1700186219\n|switch|p1a: Toxapex|Toxapex, F|100\/100\n|turn|11\n|\n|t:|1700186222\n|move|p2a: Lokix|U-turn|p1a: Toxapex\n|-resisted|p1a: Toxapex\n|-damage|p1a: Toxapex|70\/100\n|-damage|p2a: Lokix|36\/100|[from] item: Life Orb\n|\n|t:|1700186226\n|switch|p2a: Pawmot|Pawmot, M|100\/100|[from] U-turn\n|-damage|p2a: Pawmot|94\/100|[from] Stealth Rock\n|move|p1a: Toxapex|Liquidation|p2a: Pawmot\n|-crit|p2a: Pawmot\n|-damage|p2a: Pawmot|46\/100\n|-unboost|p2a: Pawmot|def|1\n|\n|-heal|p1a: Toxapex|76\/100|[from] item: Leftovers\n|upkeep\n|turn|12\n|\n|t:|1700186234\n|move|p1a: Toxapex|Baneful Bunker|p1a: Toxapex\n|-singleturn|p1a: Toxapex|move: Protect\n|move|p2a: Pawmot|Fake Out|p1a: Toxapex\n|-activate|p1a: Toxapex|move: Protect\n|-status|p2a: Pawmot|psn\n|\n|-heal|p1a: Toxapex|82\/100|[from] item: Leftovers\n|-damage|p2a: Pawmot|34\/100 psn|[from] psn\n|upkeep\n|turn|13\n|\n|t:|1700186249\n|switch|p1a: Rotom|Rotom-Wash|27\/100\n|move|p2a: Pawmot|Revival Blessing|p2a: Pawmot\n|-enditem|p2a: Pawmot|Leppa Berry|[eat]\n|-activate|p2a: Pawmot|item: Leppa Berry|Revival Blessing|[consumed]\n|\n|t:|1700186254\n|-heal|p2: Gallade|50\/100|[from] move: Revival Blessing\n|\n|-heal|p1a: Rotom|34\/100|[from] item: Leftovers\n|-damage|p2a: Pawmot|21\/100 psn|[from] psn\n|upkeep\n|turn|14\n|\n|t:|1700186263\n|move|p2a: Pawmot|Revival Blessing|p2a: Pawmot\n|\n|t:|1700186267\n|-heal|p2: Meowscarada|50\/100|[from] move: Revival Blessing\n|move|p1a: Rotom|Hydro Pump|p2a: Pawmot|[miss]\n|-miss|p1a: Rotom|p2a: Pawmot\n|\n|-heal|p1a: Rotom|40\/100|[from] item: Leftovers\n|-damage|p2a: Pawmot|9\/100 psn|[from] psn\n|upkeep\n|turn|15\n|\n|t:|1700186273\n|move|p2a: Pawmot|Mach Punch|p1a: Rotom\n|-damage|p1a: Rotom|23\/100\n|move|p1a: Rotom|Hydro Pump|p2a: Pawmot\n|-damage|p2a: Pawmot|0 fnt\n|faint|p2a: Pawmot\n|\n|-heal|p1a: Rotom|29\/100|[from] item: Leftovers\n|upkeep\n|\n|t:|1700186279\n|switch|p2a: Lokix|Lokix, M|36\/100\n|-damage|p2a: Lokix|11\/100|[from] Stealth Rock\n|turn|16\n|\n|t:|1700186282\n|switch|p1a: Toxapex|Toxapex, F|100\/100\n|move|p2a: Lokix|First Impression|p1a: Toxapex\n|-resisted|p1a: Toxapex\n|-damage|p1a: Toxapex|59\/100\n|-damage|p2a: Lokix|1\/100|[from] item: Life Orb\n|\n|-heal|p1a: Toxapex|66\/100|[from] item: Leftovers\n|upkeep\n|turn|17\n|\n|t:|1700186291\n|move|p1a: Toxapex|Baneful Bunker|p1a: Toxapex\n|-singleturn|p1a: Toxapex|move: Protect\n|move|p2a: Lokix|Sucker Punch||[still]\n|-fail|p2a: Lokix\n|\n|-heal|p1a: Toxapex|72\/100|[from] item: Leftovers\n|upkeep\n|turn|18\n|\n|t:|1700186298\n|move|p1a: Toxapex|Baneful Bunker||[still]\n|-fail|p1a: Toxapex\n|move|p2a: Lokix|Knock Off|p1a: Toxapex\n|-damage|p1a: Toxapex|28\/100\n|-enditem|p1a: Toxapex|Leftovers|[from] move: Knock Off|[of] p2a: Lokix\n|-damage|p2a: Lokix|0 fnt|[from] item: Life Orb\n|faint|p2a: Lokix\n|\n|upkeep\n|\n|t:|1700186304\n|switch|p2a: Gallade|Gallade, M|50\/100\n|-damage|p2a: Gallade|44\/100|[from] Stealth Rock\n|turn|19\n|\n|t:|1700186311\n|switch|p1a: Gholdengo|Gholdengo|91\/100\n|move|p2a: Gallade|Psycho Cut|p1a: Gholdengo\n|-resisted|p1a: Gholdengo\n|-damage|p1a: Gholdengo|60\/100\n|\n|upkeep\n|turn|20\n|\n|t:|1700186323\n|move|p1a: Gholdengo|Dazzling Gleam|p2a: Gallade\n|-supereffective|p2a: Gallade\n|-damage|p2a: Gallade|0 fnt\n|faint|p2a: Gallade\n|\n|upkeep\n|\n|t:|1700186327\n|switch|p2a: Meowscarada|Meowscarada, M|50\/100\n|-damage|p2a: Meowscarada|38\/100|[from] Stealth Rock\n|turn|21\n|\n|t:|1700186332\n|-terastallize|p1a: Gholdengo|Steel\n|move|p1a: Gholdengo|Dazzling Gleam|p2a: Meowscarada\n|-supereffective|p2a: Meowscarada\n|-damage|p2a: Meowscarada|0 fnt\n|faint|p2a: Meowscarada\n|\n|upkeep\n|l|\u2606King Mudfish\n|inactive|King Mudfish disconnected and has a minute to reconnect!\n|player|p2|\n|j|\u2606King Mudfish\n|inactive|King Mudfish reconnected and has 110 seconds left.\n|player|p2|King Mudfish|266\n|\n|t:|1700186392\n|switch|p2a: Glimmora|Glimmora, F|100\/100\n|-damage|p2a: Glimmora|88\/100|[from] Stealth Rock\n|turn|22\n|\n|t:|1700186405\n|switch|p1a: Rotom|Rotom-Wash|29\/100\n|-terastallize|p2a: Glimmora|Grass\n|move|p2a: Glimmora|Earth Power|p1a: Rotom\n|-immune|p1a: Rotom|[from] ability: Levitate\n|\n|-heal|p1a: Rotom|35\/100|[from] item: Leftovers\n|upkeep\n|turn|23\n|inactive|King Mudfish has 90 seconds left.\n|\n|t:|1700186427\n|move|p2a: Glimmora|Tera Blast|p1a: Rotom|[anim] Tera Blast Grass\n|-supereffective|p1a: Rotom\n|-damage|p1a: Rotom|0 fnt\n|faint|p1a: Rotom\n|\n|upkeep\n|\n|t:|1700186432\n|switch|p1a: Scizor|Scizor, M|57\/100\n|turn|24\n|inactive|King Mudfish has 90 seconds left.\n|\n|t:|1700186445\n|move|p2a: Glimmora|Power Gem|p1a: Scizor\n|-damage|p1a: Scizor|1\/100\n|move|p1a: Scizor|Swords Dance|p1a: Scizor\n|-boost|p1a: Scizor|atk|2\n|\n|-heal|p1a: Scizor|7\/100|[from] item: Leftovers\n|upkeep\n|turn|25\n|\n|t:|1700186450\n|move|p1a: Scizor|Bullet Punch|p2a: Glimmora\n|-damage|p2a: Glimmora|21\/100\n|-activate|p2a: Glimmora|ability: Toxic Debris\n|-sidestart|p1: Peruball12|move: Toxic Spikes\n|move|p2a: Glimmora|Power Gem|p1a: Scizor\n|-damage|p1a: Scizor|0 fnt\n|faint|p1a: Scizor\n|\n|upkeep\n|\n|t:|1700186463\n|switch|p1a: Gholdengo|Gholdengo, tera:Steel|60\/100\n|turn|26\n|inactive|King Mudfish has 90 seconds left.\n|\n|t:|1700186489\n|move|p1a: Gholdengo|Dazzling Gleam|p2a: Glimmora\n|-damage|p2a: Glimmora|0 fnt\n|faint|p2a: Glimmora\n|\n|upkeep\n|inactive|King Mudfish has 90 seconds left.\n|\n|t:|1700186494\n|switch|p2a: Kingambit|Kingambit, M|100\/100\n|-damage|p2a: Kingambit|94\/100|[from] Stealth Rock\n|-activate|p2a: Kingambit|ability: Supreme Overlord\n|-start|p2a: Kingambit|fallen5|[silent]\n|turn|27\n|\n|t:|1700186499\n|switch|p1a: Toxapex|Toxapex, F|61\/100\n|-sideend|p1: Peruball12|move: Toxic Spikes|[of] p1a: Toxapex\n|move|p2a: Kingambit|Sucker Punch||[still]\n|-fail|p2a: Kingambit\n|\n|upkeep\n|turn|28\n|\n|t:|1700186505\n|move|p2a: Kingambit|Iron Head|p1a: Toxapex\n|-resisted|p1a: Toxapex\n|-damage|p1a: Toxapex|27\/100\n|-damage|p2a: Kingambit|84\/100|[from] item: Life Orb\n|move|p1a: Toxapex|Recover|p1a: Toxapex\n|-heal|p1a: Toxapex|77\/100\n|\n|upkeep\n|turn|29\n|\n|t:|1700186515\n|move|p2a: Kingambit|Iron Head|p1a: Toxapex\n|-resisted|p1a: Toxapex\n|-damage|p1a: Toxapex|45\/100\n|-damage|p2a: Kingambit|74\/100|[from] item: Life Orb\n|move|p1a: Toxapex|Liquidation|p2a: Kingambit\n|-damage|p2a: Kingambit|60\/100\n|-unboost|p2a: Kingambit|def|1\n|\n|upkeep\n|turn|30\n|\n|t:|1700186522\n|move|p2a: Kingambit|Brick Break|p1a: Toxapex\n|-resisted|p1a: Toxapex\n|-damage|p1a: Toxapex|23\/100\n|-damage|p2a: Kingambit|50\/100|[from] item: Life Orb\n|move|p1a: Toxapex|Recover|p1a: Toxapex\n|-heal|p1a: Toxapex|73\/100\n|\n|upkeep\n|turn|31\n|\n|t:|1700186529\n|move|p1a: Toxapex|Baneful Bunker|p1a: Toxapex\n|-singleturn|p1a: Toxapex|move: Protect\n|move|p2a: Kingambit|Facade|p1a: Toxapex\n|-activate|p1a: Toxapex|move: Protect\n|\n|upkeep\n|turn|32\n|\n|t:|1700186536\n|move|p2a: Kingambit|Facade|p1a: Toxapex\n|-damage|p1a: Toxapex|33\/100\n|-damage|p2a: Kingambit|41\/100|[from] item: Life Orb\n|move|p1a: Toxapex|Recover|p1a: Toxapex\n|-heal|p1a: Toxapex|83\/100\n|\n|upkeep\n|turn|33\n|\n|t:|1700186544\n|move|p1a: Toxapex|Baneful Bunker|p1a: Toxapex\n|-singleturn|p1a: Toxapex|move: Protect\n|move|p2a: Kingambit|Sucker Punch||[still]\n|-fail|p2a: Kingambit\n|\n|upkeep\n|turn|34\n|\n|t:|1700186549\n|move|p2a: Kingambit|Facade|p1a: Toxapex\n|-damage|p1a: Toxapex|44\/100\n|-damage|p2a: Kingambit|31\/100|[from] item: Life Orb\n|move|p1a: Toxapex|Liquidation|p2a: Kingambit\n|-damage|p2a: Kingambit|11\/100\n|\n|upkeep\n|turn|35\n|\n|t:|1700186556\n|move|p1a: Toxapex|Baneful Bunker|p1a: Toxapex\n|-singleturn|p1a: Toxapex|move: Protect\n|move|p2a: Kingambit|Sucker Punch||[still]\n|-fail|p2a: Kingambit\n|\n|upkeep\n|turn|36\n|\n|t:|1700186563\n|move|p2a: Kingambit|Iron Head|p1a: Toxapex\n|-resisted|p1a: Toxapex\n|-damage|p1a: Toxapex|13\/100\n|-damage|p2a: Kingambit|1\/100|[from] item: Life Orb\n|move|p1a: Toxapex|Recover|p1a: Toxapex\n|-heal|p1a: Toxapex|63\/100\n|\n|upkeep\n|turn|37\n|l|\u2606King Mudfish\n|inactive|King Mudfish disconnected and has a minute to reconnect!\n|player|p2|\n|inactive|King Mudfish has 30 seconds to reconnect!\n|inactive|King Mudfish has 20 seconds to reconnect!\n|inactive|King Mudfish has 15 seconds to reconnect!\n|inactive|King Mudfish has 10 seconds to reconnect!\n|inactive|King Mudfish has 5 seconds to reconnect!\n|-message|King Mudfish lost due to inactivity.\n|\n|win|Peruball12\n|raw|Peruball12's rating: 1231 &rarr; <strong>1254<\/strong><br \/>(+23 for winning)\n|raw|King Mudfish's rating: 1202 &rarr; <strong>1179<\/strong><br \/>(-23 for losing)\n","uploadtime":1700186885,"views":12,"p1id":"peruball12","p2id":"kingmudfish","formatid":"gen9ou","rating":1179,"private":0,"password":""}