{"id":"gen9ou-1994461169","p1":"thunderdog_32","p2":"CSP AI","format":"[Gen 9] OU","log":"|j|\u2606thunderdog_32\n|j|\u2606CSP AI\n|t:|1700446558\n|gametype|singles\n|player|p1|thunderdog_32|169|1291\n|player|p2|CSP AI|swimmer-gen4dp|1296\n|teamsize|p1|6\n|teamsize|p2|6\n|gen|9\n|tier|[Gen 9] OU\n|rated|\n|rule|Sleep Clause Mod: Limit one foe put to sleep\n|rule|Species Clause: Limit one of each Pok\u00e9mon\n|rule|OHKO Clause: OHKO moves are banned\n|rule|Evasion Items Clause: Evasion items are banned\n|rule|Evasion Moves Clause: Evasion moves are banned\n|rule|Endless Battle Clause: Forcing endless battles is banned\n|rule|HP Percentage Mod: HP is shown in percentages\n|clearpoke\n|poke|p1|Hatterene, F|\n|poke|p1|Great Tusk|\n|poke|p1|Heatran, M|\n|poke|p1|Ogerpon-Wellspring, F|\n|poke|p1|Zapdos|\n|poke|p1|Dragapult, M|\n|poke|p2|Torkoal, F|\n|poke|p2|Walking Wake|\n|poke|p2|Charizard, M|\n|poke|p2|Ceruledge, M|\n|poke|p2|Great Tusk|\n|poke|p2|Kingambit, F|\n|teampreview\n|inactive|Battle timer is ON: inactive players will automatically lose when time's up. (requested by thunderdog_32)\n|\n|t:|1700446586\n|start\n|switch|p1a: Hatterene|Hatterene, F|100\/100\n|switch|p2a: Weeb Mon|Ceruledge, M|100\/100\n|turn|1\n|\n|t:|1700446591\n|switch|p1a: Heatran|Heatran, M|100\/100\n|move|p2a: Weeb Mon|Swords Dance|p2a: Weeb Mon\n|-boost|p2a: Weeb Mon|atk|2\n|\n|upkeep\n|turn|2\n|\n|t:|1700446595\n|switch|p1a: Zapdos|Zapdos|100\/100\n|move|p2a: Weeb Mon|Close Combat|p1a: Zapdos\n|-resisted|p1a: Zapdos\n|-damage|p1a: Zapdos|65\/100\n|-unboost|p2a: Weeb Mon|def|1\n|-unboost|p2a: Weeb Mon|spd|1\n|\n|upkeep\n|turn|3\n|\n|t:|1700446600\n|move|p1a: Zapdos|Volt Switch|p2a: Weeb Mon\n|-damage|p2a: Weeb Mon|47\/100\n|\n|t:|1700446604\n|switch|p1a: Heatran|Heatran, M|100\/100|[from] Volt Switch\n|move|p2a: Weeb Mon|Bitter Blade|p1a: Heatran\n|-start|p1a: Heatran|ability: Flash Fire\n|\n|upkeep\n|turn|4\n|\n|t:|1700446610\n|-end|p1a: Heatran|ability: Flash Fire|[silent]\n|switch|p1a: Zapdos|Zapdos|65\/100\n|move|p2a: Weeb Mon|Close Combat|p1a: Zapdos\n|-resisted|p1a: Zapdos\n|-damage|p1a: Zapdos|30\/100\n|-unboost|p2a: Weeb Mon|def|1\n|-unboost|p2a: Weeb Mon|spd|1\n|\n|upkeep\n|turn|5\n|\n|t:|1700446617\n|move|p1a: Zapdos|Volt Switch|p2a: Weeb Mon\n|-damage|p2a: Weeb Mon|0 fnt\n|faint|p2a: Weeb Mon\n|\n|t:|1700446643\n|switch|p1a: Dragapult|Dragapult, M|100\/100|[from] Volt Switch\n|\n|upkeep\n|\n|t:|1700446650\n|switch|p2a: Kingambit|Kingambit, F|100\/100\n|-activate|p2a: Kingambit|ability: Supreme Overlord\n|-start|p2a: Kingambit|fallen1|[silent]\n|turn|6\n|\n|t:|1700446657\n|switch|p1a: Great Tusk|Great Tusk|100\/100\n|move|p2a: Kingambit|Kowtow Cleave|p1a: Great Tusk\n|-resisted|p1a: Great Tusk\n|-damage|p1a: Great Tusk|81\/100\n|\n|upkeep\n|turn|7\n|\n|t:|1700446661\n|-end|p2a: Kingambit|fallen1|[silent]\n|switch|p2a: Big Steppa|Walking Wake|100\/100\n|move|p1a: Great Tusk|Knock Off|p2a: Big Steppa\n|-damage|p2a: Big Steppa|62\/100\n|-enditem|p2a: Big Steppa|Choice Specs|[from] move: Knock Off|[of] p1a: Great Tusk\n|\n|upkeep\n|turn|8\n|\n|t:|1700446667\n|-end|p2a: Big Steppa|Protosynthesis|[silent]\n|switch|p2a: Franklin|Torkoal, F|100\/100\n|-weather|SunnyDay|[from] ability: Drought|[of] p2a: Franklin\n|-activate|p1a: Great Tusk|ability: Protosynthesis\n|-start|p1a: Great Tusk|protosynthesisatk\n|-end|p1a: Great Tusk|Protosynthesis|[silent]\n|switch|p1a: Ogerpon|Ogerpon-Wellspring, F|100\/100\n|\n|-weather|SunnyDay|[upkeep]\n|upkeep\n|turn|9\n|\n|t:|1700446679\n|switch|p2a: Manny|Great Tusk|100\/100\n|-activate|p2a: Manny|ability: Protosynthesis\n|-start|p2a: Manny|protosynthesisdef\n|move|p1a: Ogerpon|Taunt|p2a: Manny\n|-start|p2a: Manny|move: Taunt\n|\n|-weather|SunnyDay|[upkeep]\n|upkeep\n|turn|10\n|\n|t:|1700446704\n|move|p1a: Ogerpon|Horn Leech|p2a: Manny\n|-supereffective|p2a: Manny\n|-damage|p2a: Manny|67\/100\n|move|p2a: Manny|Ice Spinner|p1a: Ogerpon\n|-damage|p1a: Ogerpon|68\/100\n|\n|-weather|SunnyDay|[upkeep]\n|-heal|p2a: Manny|74\/100|[from] item: Leftovers\n|upkeep\n|turn|11\n|\n|t:|1700446708\n|move|p1a: Ogerpon|Horn Leech|p2a: Manny\n|-supereffective|p2a: Manny\n|-damage|p2a: Manny|43\/100\n|-heal|p1a: Ogerpon|90\/100|[from] drain|[of] p2a: Manny\n|move|p2a: Manny|Ice Spinner|p1a: Ogerpon\n|-damage|p1a: Ogerpon|57\/100\n|\n|-weather|SunnyDay|[upkeep]\n|-heal|p2a: Manny|49\/100|[from] item: Leftovers\n|-end|p2a: Manny|move: Taunt\n|upkeep\n|turn|12\n|\n|t:|1700446716\n|move|p1a: Ogerpon|Horn Leech|p2a: Manny\n|-supereffective|p2a: Manny\n|-damage|p2a: Manny|18\/100\n|-heal|p1a: Ogerpon|79\/100|[from] drain|[of] p2a: Manny\n|move|p2a: Manny|Ice Spinner|p1a: Ogerpon\n|-damage|p1a: Ogerpon|47\/100\n|\n|-weather|SunnyDay|[upkeep]\n|-heal|p2a: Manny|24\/100|[from] item: Leftovers\n|upkeep\n|turn|13\n|\n|t:|1700446723\n|move|p1a: Ogerpon|Horn Leech|p2a: Manny\n|-supereffective|p2a: Manny\n|-damage|p2a: Manny|0 fnt\n|-heal|p1a: Ogerpon|64\/100|[from] drain|[of] p2a: Manny\n|faint|p2a: Manny\n|-end|p2a: Manny|Protosynthesis|[silent]\n|\n|-weather|SunnyDay|[upkeep]\n|upkeep\n|\n|t:|1700446734\n|switch|p2a: Kingambit|Kingambit, F|100\/100\n|-activate|p2a: Kingambit|ability: Supreme Overlord\n|-start|p2a: Kingambit|fallen2|[silent]\n|turn|14\n|\n|t:|1700446744\n|-end|p2a: Kingambit|fallen2|[silent]\n|switch|p2a: Big Steppa|Walking Wake|62\/100\n|-activate|p2a: Big Steppa|ability: Protosynthesis\n|-start|p2a: Big Steppa|protosynthesisspe\n|move|p1a: Ogerpon|Ivy Cudgel|p2a: Big Steppa|[anim] Ivy Cudgel Water\n|-resisted|p2a: Big Steppa\n|-damage|p2a: Big Steppa|54\/100\n|\n|-weather|SunnyDay|[upkeep]\n|upkeep\n|turn|15\n|\n|t:|1700446757\n|switch|p1a: Hatterene|Hatterene, F|100\/100\n|move|p2a: Big Steppa|Hydro Steam|p1a: Hatterene\n|-damage|p1a: Hatterene|40\/100\n|\n|-weather|none\n|-end|p2a: Big Steppa|Protosynthesis\n|-heal|p1a: Hatterene|46\/100|[from] item: Leftovers\n|upkeep\n|turn|16\n|\n|t:|1700446773\n|switch|p1a: Ogerpon|Ogerpon-Wellspring, F|64\/100\n|move|p2a: Big Steppa|Draco Meteor|p1a: Ogerpon|[miss]\n|-miss|p2a: Big Steppa|p1a: Ogerpon\n|\n|upkeep\n|turn|17\n|c|\u2606CSP AI|damn\n|\n|t:|1700446795\n|switch|p1a: Hatterene|Hatterene, F|46\/100\n|move|p2a: Big Steppa|Draco Meteor|p1a: Hatterene\n|-immune|p1a: Hatterene\n|\n|-heal|p1a: Hatterene|52\/100|[from] item: Leftovers\n|upkeep\n|turn|18\n|\n|t:|1700446805\n|switch|p1a: Ogerpon|Ogerpon-Wellspring, F|64\/100\n|-terastallize|p2a: Big Steppa|Water\n|move|p2a: Big Steppa|Hydro Steam|p1a: Ogerpon\n|-heal|p1a: Ogerpon|89\/100|[from] ability: Water Absorb|[of] p2a: Big Steppa\n|\n|upkeep\n|turn|19\n|\n|t:|1700446815\n|move|p1a: Ogerpon|Horn Leech|p2a: Big Steppa\n|-supereffective|p2a: Big Steppa\n|-damage|p2a: Big Steppa|0 fnt\n|-heal|p1a: Ogerpon|100\/100|[from] drain|[of] p2a: Big Steppa\n|faint|p2a: Big Steppa\n|-end|p2a: Big Steppa|Protosynthesis|[silent]\n|\n|upkeep\n|-message|CSP AI forfeited.\n|\n|win|thunderdog_32\n|raw|thunderdog_32's rating: 1291 &rarr; <strong>1316<\/strong><br \/>(+25 for winning)\n|raw|CSP AI's rating: 1296 &rarr; <strong>1271<\/strong><br \/>(-25 for losing)\n|l|\u2606CSP AI\n","uploadtime":1700446829,"views":13,"p1id":"thunderdog32","p2id":"cspai","formatid":"gen9ou","rating":1271,"private":0,"password":""}