{"id":"gen9ou-1996513648","p1":"N-Zoroark stan","p2":"PLLV51 leng","format":"[Gen 9] OU","log":"|j|\u2606N-Zoroark stan\n|j|\u2606PLLV51 leng\n|t:|1700689423\n|gametype|singles\n|player|p1|N-Zoroark stan|riley|1725\n|player|p2|PLLV51 leng|#wcop2023ussouth2|1742\n|teamsize|p1|6\n|teamsize|p2|6\n|gen|9\n|tier|[Gen 9] OU\n|rated|\n|rule|Sleep Clause Mod: Limit one foe put to sleep\n|rule|Species Clause: Limit one of each Pok\u00e9mon\n|rule|OHKO Clause: OHKO moves are banned\n|rule|Evasion Items Clause: Evasion items are banned\n|rule|Evasion Moves Clause: Evasion moves are banned\n|rule|Endless Battle Clause: Forcing endless battles is banned\n|rule|HP Percentage Mod: HP is shown in percentages\n|clearpoke\n|poke|p1|Alomomola, F|\n|poke|p1|Slowking-Galar, M|\n|poke|p1|Zoroark-Hisui, M|\n|poke|p1|Corviknight, F|\n|poke|p1|Ting-Lu|\n|poke|p1|Dragonite, M|\n|poke|p2|Zamazenta-*|\n|poke|p2|Enamorus, F|\n|poke|p2|Rillaboom, F|\n|poke|p2|Zapdos|\n|poke|p2|Samurott-Hisui, F|\n|poke|p2|Dragapult, M|\n|teampreview\n|inactive|Battle timer is ON: inactive players will automatically lose when time's up. (requested by N-Zoroark stan)\n|inactive|PLLV51 leng also wants the timer to be on.\n|c|\u2606N-Zoroark stan|glhf\n|c|\u2606PLLV51 leng|glhf\n|inactive|N-Zoroark stan has 120 seconds left.\n|j| PLLV51 Pata\n|j| FFK Foufakirby\n|j| PLLV51 Nemosse\n|\n|t:|1700689471\n|start\n|switch|p1a: Corviknight|Corviknight, F|100\/100\n|switch|p2a: Zapdos|Zapdos|100\/100\n|-ability|p1a: Corviknight|Pressure\n|turn|1\n|j| Hoot-hoot Shiny\n|c| Hoot-hoot Shiny|go lennnnnnnng\n|\n|t:|1700689483\n|switch|p1a: Ting-Lu|Ting-Lu|100\/100\n|-ability|p1a: Ting-Lu|Vessel of Ruin\n|move|p2a: Zapdos|Discharge|p1a: Ting-Lu\n|-immune|p1a: Ting-Lu\n|\n|upkeep\n|turn|2\n|c| Hoot-hoot Shiny|x)\n|\n|t:|1700689495\n|switch|p1a: Corviknight|Corviknight, F|100\/100\n|-ability|p1a: Corviknight|Pressure\n|move|p2a: Zapdos|U-turn|p1a: Corviknight\n|-resisted|p1a: Corviknight\n|-damage|p1a: Corviknight|98\/100\n|-damage|p2a: Zapdos|84\/100|[from] item: Rocky Helmet|[of] p1a: Corviknight\n|j| FULKU\n|\n|t:|1700689501\n|switch|p2a: Dragapult|Dragapult, M|100\/100|[from] U-turn\n|\n|upkeep\n|turn|3\n|\n|t:|1700689504\n|move|p2a: Dragapult|Will-O-Wisp|p1a: Corviknight\n|-status|p1a: Corviknight|brn\n|move|p1a: Corviknight|U-turn|p2a: Dragapult\n|-resisted|p2a: Dragapult\n|-damage|p2a: Dragapult|96\/100\n|\n|t:|1700689510\n|switch|p1a: Slowking|Slowking-Galar, M|100\/100|[from] U-turn\n|\n|upkeep\n|turn|4\n|\n|t:|1700689515\n|move|p2a: Dragapult|U-turn|p1a: Slowking\n|-resisted|p1a: Slowking\n|-damage|p1a: Slowking|83\/100\n|replace|p1a: Zoroark|Zoroark-Hisui, M, shiny\n|-end|p1a: Zoroark|Illusion\n|\n|t:|1700689520\n|switch|p2a: Samurott|Samurott-Hisui, F|100\/100|[from] U-turn\n|move|p1a: Zoroark|Shadow Ball|p2a: Samurott\n|-resisted|p2a: Samurott\n|-damage|p2a: Samurott|80\/100\n|\n|upkeep\n|turn|5\n|\n|t:|1700689524\n|switch|p1a: Corviknight|Corviknight, F|98\/100 brn\n|-ability|p1a: Corviknight|Pressure\n|move|p2a: Samurott|Ceaseless Edge|p1a: Corviknight\n|-damage|p1a: Corviknight|72\/100 brn\n|-damage|p2a: Samurott|63\/100|[from] item: Rocky Helmet|[of] p1a: Corviknight\n|-sidestart|p1: N-Zoroark stan|Spikes\n|\n|-damage|p1a: Corviknight|66\/100 brn|[from] brn\n|upkeep\n|turn|6\n|\n|t:|1700689532\n|move|p2a: Samurott|Aqua Cutter|p1a: Corviknight\n|-damage|p1a: Corviknight|36\/100 brn\n|move|p1a: Corviknight|Roost|p1a: Corviknight\n|-heal|p1a: Corviknight|86\/100 brn\n|-singleturn|p1a: Corviknight|move: Roost\n|\n|-damage|p1a: Corviknight|80\/100 brn|[from] brn\n|upkeep\n|turn|7\n|\n|t:|1700689537\n|switch|p2a: Zapdos|Zapdos|84\/100\n|move|p1a: Corviknight|Defog|p2a: Zapdos\n|-unboost|p2a: Zapdos|evasion|1\n|-sideend|p1: N-Zoroark stan|Spikes|[from] move: Defog|[of] p1a: Corviknight\n|\n|-damage|p1a: Corviknight|74\/100 brn|[from] brn\n|upkeep\n|turn|8\n|\n|t:|1700689540\n|move|p2a: Zapdos|U-turn|p1a: Corviknight\n|-resisted|p1a: Corviknight\n|-damage|p1a: Corviknight|72\/100 brn\n|-damage|p2a: Zapdos|67\/100|[from] item: Rocky Helmet|[of] p1a: Corviknight\n|\n|t:|1700689545\n|switch|p2a: Rillaboom|Rillaboom, F|100\/100|[from] U-turn\n|-fieldstart|move: Grassy Terrain|[from] ability: Grassy Surge|[of] p2a: Rillaboom\n|move|p1a: Corviknight|U-turn|p2a: Rillaboom\n|-supereffective|p2a: Rillaboom\n|-damage|p2a: Rillaboom|87\/100\n|\n|t:|1700689549\n|switch|p1a: Dragonite|Dragonite, M|100\/100|[from] U-turn\n|\n|-heal|p2a: Rillaboom|93\/100|[from] Grassy Terrain\n|upkeep\n|turn|9\n|\n|t:|1700689552\n|move|p1a: Dragonite|Fire Punch|p2a: Rillaboom\n|-supereffective|p2a: Rillaboom\n|-damage|p2a: Rillaboom|0 fnt\n|faint|p2a: Rillaboom\n|\n|upkeep\n|\n|t:|1700689558\n|switch|p2a: Enamorus|Enamorus, F|100\/100\n|turn|10\n|\n|t:|1700689563\n|switch|p1a: Slowking|Slowking-Galar, M|100\/100\n|move|p2a: Enamorus|Earth Power|p1a: Slowking\n|-supereffective|p1a: Slowking\n|-damage|p1a: Slowking|30\/100\n|\n|-heal|p1a: Slowking|37\/100|[from] Grassy Terrain\n|-heal|p1a: Slowking|43\/100|[from] item: Leftovers\n|upkeep\n|turn|11\n|\n|t:|1700689568\n|switch|p2a: Dragapult|Dragapult, M|96\/100\n|switch|p1a: Alomomola|Alomomola, F|100\/100\n|\n|-heal|p2a: Dragapult|100\/100|[from] Grassy Terrain\n|upkeep\n|turn|12\n|\n|t:|1700689579\n|move|p2a: Dragapult|Will-O-Wisp|p1a: Alomomola\n|-status|p1a: Alomomola|brn\n|move|p1a: Alomomola|Flip Turn|p2a: Dragapult\n|-resisted|p2a: Dragapult\n|-damage|p2a: Dragapult|95\/100\n|\n|t:|1700689584\n|switch|p1a: Dragonite|Dragonite, M|83\/100|[from] Flip Turn\n|\n|-heal|p2a: Dragapult|100\/100|[from] Grassy Terrain\n|-heal|p1a: Dragonite|89\/100|[from] Grassy Terrain\n|-fieldend|move: Grassy Terrain\n|upkeep\n|turn|13\n|\n|t:|1700689591\n|move|p2a: Dragapult|U-turn|p1a: Dragonite\n|-resisted|p1a: Dragonite\n|-damage|p1a: Dragonite|72\/100\n|replace|p1a: Zoroark|Zoroark-Hisui, M, shiny\n|-end|p1a: Zoroark|Illusion\n|\n|t:|1700689595\n|switch|p2a: Samurott|Samurott-Hisui, F|63\/100|[from] U-turn\n|move|p1a: Zoroark|U-turn|p2a: Samurott\n|-supereffective|p2a: Samurott\n|-crit|p2a: Samurott\n|-damage|p2a: Samurott|5\/100\n|\n|t:|1700689599\n|switch|p1a: Dragonite|Dragonite, M|100\/100|[from] U-turn\n|\n|upkeep\n|turn|14\n|\n|t:|1700689605\n|move|p2a: Samurott|Sucker Punch|p1a: Dragonite\n|-damage|p1a: Dragonite|83\/100\n|move|p1a: Dragonite|Earthquake|p2a: Samurott\n|-crit|p2a: Samurott\n|-damage|p2a: Samurott|0 fnt\n|faint|p2a: Samurott\n|\n|upkeep\n|\n|t:|1700689616\n|switch|p2a: Zapdos|Zapdos|67\/100\n|turn|15\n|\n|t:|1700689619\n|switch|p1a: Ting-Lu|Ting-Lu|100\/100\n|-ability|p1a: Ting-Lu|Vessel of Ruin\n|move|p2a: Zapdos|U-turn|p1a: Ting-Lu\n|-supereffective|p1a: Ting-Lu\n|-damage|p1a: Ting-Lu|85\/100\n|\n|t:|1700689622\n|switch|p2a: Enamorus|Enamorus, F|100\/100|[from] U-turn\n|\n|-heal|p1a: Ting-Lu|92\/100|[from] item: Leftovers\n|upkeep\n|turn|16\n|\n|t:|1700689627\n|move|p2a: Enamorus|Earth Power|p1a: Ting-Lu\n|-damage|p1a: Ting-Lu|73\/100\n|move|p1a: Ting-Lu|Ruination|p2a: Enamorus\n|-damage|p2a: Enamorus|51\/100\n|\n|-heal|p1a: Ting-Lu|79\/100|[from] item: Leftovers\n|upkeep\n|turn|17\n|\n|t:|1700689633\n|switch|p2a: Zamazenta|Zamazenta|100\/100\n|-ability|p2a: Zamazenta|Dauntless Shield|boost\n|-boost|p2a: Zamazenta|def|1\n|move|p1a: Ting-Lu|Stealth Rock|p2a: Zamazenta\n|-sidestart|p2: PLLV51 leng|move: Stealth Rock\n|\n|-heal|p1a: Ting-Lu|85\/100|[from] item: Leftovers\n|upkeep\n|turn|18\n|\n|t:|1700689640\n|move|p2a: Zamazenta|Iron Defense|p2a: Zamazenta\n|-boost|p2a: Zamazenta|def|2\n|move|p1a: Ting-Lu|Ruination|p2a: Zamazenta\n|-damage|p2a: Zamazenta|51\/100\n|\n|-heal|p2a: Zamazenta|57\/100|[from] item: Leftovers\n|-heal|p1a: Ting-Lu|91\/100|[from] item: Leftovers\n|upkeep\n|turn|19\n|\n|t:|1700689644\n|switch|p1a: Alomomola|Alomomola, F|100\/100 brn\n|move|p2a: Zamazenta|Body Press|p1a: Alomomola\n|-damage|p1a: Alomomola|62\/100 brn\n|-enditem|p1a: Alomomola|Red Card|[of] p2a: Zamazenta\n|drag|p2a: Enamorus|Enamorus, F|51\/100\n|-damage|p2a: Enamorus|26\/100|[from] Stealth Rock\n|\n|-damage|p1a: Alomomola|55\/100 brn|[from] brn\n|upkeep\n|turn|20\n|\n|t:|1700689652\n|switch|p1a: Ting-Lu|Ting-Lu|91\/100\n|-ability|p1a: Ting-Lu|Vessel of Ruin\n|move|p2a: Enamorus|Moonblast|p1a: Ting-Lu\n|-supereffective|p1a: Ting-Lu\n|-damage|p1a: Ting-Lu|26\/100\n|\n|-heal|p1a: Ting-Lu|32\/100|[from] item: Leftovers\n|upkeep\n|turn|21\n|\n|t:|1700689659\n|switch|p2a: Zamazenta|Zamazenta|57\/100\n|-damage|p2a: Zamazenta|51\/100|[from] Stealth Rock\n|switch|p1a: Slowking|Slowking-Galar, M|76\/100\n|\n|-heal|p2a: Zamazenta|57\/100|[from] item: Leftovers\n|-heal|p1a: Slowking|82\/100|[from] item: Leftovers\n|upkeep\n|turn|22\n|\n|t:|1700689664\n|move|p2a: Zamazenta|Crunch|p1a: Slowking\n|-supereffective|p1a: Slowking\n|-damage|p1a: Slowking|50\/100\n|-unboost|p1a: Slowking|def|1\n|move|p1a: Slowking|Sludge Bomb|p2a: Zamazenta\n|-damage|p2a: Zamazenta|32\/100\n|-status|p2a: Zamazenta|psn\n|\n|-heal|p2a: Zamazenta|39\/100 psn|[from] item: Leftovers\n|-heal|p1a: Slowking|57\/100|[from] item: Leftovers\n|-damage|p2a: Zamazenta|26\/100 psn|[from] psn\n|upkeep\n|turn|23\n|\n|t:|1700689670\n|switch|p2a: Dragapult|Dragapult, M|100\/100\n|switch|p1a: Corviknight|Corviknight, F|72\/100 brn\n|-ability|p1a: Corviknight|Pressure\n|\n|-damage|p1a: Corviknight|66\/100 brn|[from] brn\n|upkeep\n|turn|24\n|\n|t:|1700689672\n|move|p2a: Dragapult|Hex|p1a: Corviknight\n|-damage|p1a: Corviknight|14\/100 brn\n|move|p1a: Corviknight|U-turn|p2a: Dragapult\n|-resisted|p2a: Dragapult\n|-damage|p2a: Dragapult|95\/100\n|\n|t:|1700689682\n|switch|p1a: Corviknight|Corviknight, F|72\/100|[from] U-turn\n|\n|upkeep\n|turn|25\n|j| dfghhhg\n|\n|t:|1700689688\n|switch|p1a: Corviknight|Corviknight, F|14\/100 brn\n|-ability|p1a: Corviknight|Pressure\n|move|p2a: Dragapult|Draco Meteor|p1a: Corviknight\n|-resisted|p1a: Corviknight\n|-damage|p1a: Corviknight|0 fnt\n|-unboost|p2a: Dragapult|spa|2\n|faint|p1a: Corviknight\n|\n|upkeep\n|\n|t:|1700689695\n|switch|p1a: Slowking|Slowking-Galar, M|72\/100\n|turn|26\n|l| FFK Foufakirby\n|\n|t:|1700689702\n|move|p2a: Dragapult|U-turn|p1a: Slowking\n|-resisted|p1a: Slowking\n|-damage|p1a: Slowking|55\/100\n|replace|p1a: Zoroark|Zoroark-Hisui, M, shiny\n|-end|p1a: Zoroark|Illusion\n|j| FFK Foufakirby\n|\n|t:|1700689709\n|switch|p2a: Zapdos|Zapdos|67\/100|[from] U-turn\n|move|p1a: Zoroark|Shadow Ball|p2a: Zapdos\n|-damage|p2a: Zapdos|25\/100\n|-unboost|p2a: Zapdos|spd|1\n|\n|upkeep\n|turn|27\n|\n|t:|1700689717\n|move|p1a: Zoroark|Shadow Ball|p2a: Zapdos\n|-damage|p2a: Zapdos|0 fnt\n|faint|p2a: Zapdos\n|\n|upkeep\n|\n|t:|1700689719\n|switch|p2a: Dragapult|Dragapult, M|95\/100\n|turn|28\n|\n|t:|1700689723\n|switch|p1a: Ting-Lu|Ting-Lu|32\/100\n|-ability|p1a: Ting-Lu|Vessel of Ruin\n|move|p2a: Dragapult|U-turn|p1a: Ting-Lu\n|-supereffective|p1a: Ting-Lu\n|-damage|p1a: Ting-Lu|12\/100\n|\n|t:|1700689725\n|switch|p2a: Enamorus|Enamorus, F|26\/100|[from] U-turn\n|-damage|p2a: Enamorus|1\/100|[from] Stealth Rock\n|\n|-heal|p1a: Ting-Lu|19\/100|[from] item: Leftovers\n|upkeep\n|turn|29\n|\n|t:|1700689732\n|move|p2a: Enamorus|Healing Wish|p2a: Enamorus\n|faint|p2a: Enamorus\n|move|p1a: Ting-Lu|Whirlwind|p2: Enamorus|[notarget]\n|-fail|p1a: Ting-Lu\n|\n|-heal|p1a: Ting-Lu|25\/100|[from] item: Leftovers\n|upkeep\n|\n|t:|1700689736\n|switch|p2a: Zamazenta|Zamazenta|26\/100 psn\n|-heal|p2a: Zamazenta|100\/100|[from] move: Healing Wish\n|-damage|p2a: Zamazenta|94\/100|[from] Stealth Rock\n|turn|30\n|\n|t:|1700689748\n|move|p2a: Zamazenta|Body Press|p1a: Ting-Lu\n|-supereffective|p1a: Ting-Lu\n|-damage|p1a: Ting-Lu|0 fnt\n|faint|p1a: Ting-Lu\n|\n|-heal|p2a: Zamazenta|100\/100|[from] item: Leftovers\n|upkeep\n|\n|t:|1700689751\n|switch|p1a: Slowking|Slowking-Galar, M|90\/100\n|turn|31\n|\n|t:|1700689769\n|switch|p2a: Dragapult|Dragapult, M|95\/100\n|move|p1a: Slowking|Thunder Wave|p2a: Dragapult\n|-status|p2a: Dragapult|par\n|\n|-heal|p1a: Slowking|96\/100|[from] item: Leftovers\n|upkeep\n|turn|32\n|\n|t:|1700689774\n|switch|p1a: Alomomola|Alomomola, F|89\/100 brn\n|move|p2a: Dragapult|Will-O-Wisp|p1a: Alomomola|[miss]\n|-miss|p2a: Dragapult|p1a: Alomomola\n|\n|-damage|p1a: Alomomola|83\/100 brn|[from] brn\n|upkeep\n|turn|33\n|\n|t:|1700689779\n|move|p2a: Dragapult|Hex|p1a: Alomomola\n|-damage|p1a: Alomomola|16\/100 brn\n|move|p1a: Alomomola|Flip Turn|p2a: Dragapult\n|-resisted|p2a: Dragapult\n|-damage|p2a: Dragapult|90\/100 par\n|\n|t:|1700689783\n|switch|p1a: Dragonite|Dragonite, M|55\/100|[from] Flip Turn\n|\n|upkeep\n|turn|34\n|\n|t:|1700689788\n|switch|p2a: Zamazenta|Zamazenta|100\/100\n|-damage|p2a: Zamazenta|94\/100|[from] Stealth Rock\n|move|p1a: Dragonite|Shadow Ball|p2a: Zamazenta\n|-damage|p2a: Zamazenta|67\/100\n|\n|-heal|p2a: Zamazenta|73\/100|[from] item: Leftovers\n|upkeep\n|turn|35\n|\n|t:|1700689792\n|switch|p1a: Slowking|Slowking-Galar, M|100\/100\n|move|p2a: Zamazenta|Crunch|p1a: Slowking\n|-supereffective|p1a: Slowking\n|-damage|p1a: Slowking|64\/100\n|\n|-heal|p2a: Zamazenta|80\/100|[from] item: Leftovers\n|-heal|p1a: Slowking|71\/100|[from] item: Leftovers\n|upkeep\n|turn|36\n|\n|t:|1700689795\n|-terastallize|p2a: Zamazenta|Electric\n|move|p2a: Zamazenta|Crunch|p1a: Slowking\n|-supereffective|p1a: Slowking\n|-damage|p1a: Slowking|37\/100\n|move|p1a: Slowking|Future Sight|p2a: Zamazenta\n|-start|p1a: Slowking|move: Future Sight\n|\n|-heal|p2a: Zamazenta|86\/100|[from] item: Leftovers\n|-heal|p1a: Slowking|43\/100|[from] item: Leftovers\n|upkeep\n|turn|37\n|\n|t:|1700689801\n|move|p2a: Zamazenta|Iron Defense|p2a: Zamazenta\n|-boost|p2a: Zamazenta|def|2\n|move|p1a: Slowking|Sludge Bomb|p2a: Zamazenta\n|-damage|p2a: Zamazenta|63\/100\n|\n|-heal|p2a: Zamazenta|69\/100|[from] item: Leftovers\n|-heal|p1a: Slowking|49\/100|[from] item: Leftovers\n|upkeep\n|turn|38\n|\n|t:|1700689804\n|move|p2a: Zamazenta|Crunch|p1a: Slowking\n|-supereffective|p1a: Slowking\n|-damage|p1a: Slowking|13\/100\n|move|p1a: Slowking|Sludge Bomb|p2a: Zamazenta\n|-damage|p2a: Zamazenta|47\/100\n|\n|-end|p2a: Zamazenta|move: Future Sight\n|-damage|p2a: Zamazenta|15\/100\n|-heal|p2a: Zamazenta|21\/100|[from] item: Leftovers\n|-heal|p1a: Slowking|19\/100|[from] item: Leftovers\n|upkeep\n|turn|39\n|l| PLLV51 Pata\n|inactive|N-Zoroark stan has 120 seconds left.\n|\n|t:|1700689834\n|switch|p1a: Dragonite|Dragonite, M|55\/100\n|move|p2a: Zamazenta|Crunch|p1a: Dragonite\n|-supereffective|p1a: Dragonite\n|-damage|p1a: Dragonite|0 fnt\n|replace|p1a: Zoroark|Zoroark-Hisui, M, shiny\n|-end|p1a: Zoroark|Illusion\n|faint|p1a: Zoroark\n|\n|-heal|p2a: Zamazenta|27\/100|[from] item: Leftovers\n|upkeep\n|\n|t:|1700689836\n|switch|p1a: Slowking|Slowking-Galar, M|52\/100\n|turn|40\n|\n|t:|1700689841\n|move|p2a: Zamazenta|Crunch|p1a: Slowking\n|-supereffective|p1a: Slowking\n|-damage|p1a: Slowking|18\/100\n|move|p1a: Slowking|Sludge Bomb|p2a: Zamazenta\n|-damage|p2a: Zamazenta|2\/100\n|-status|p2a: Zamazenta|psn\n|\n|-heal|p2a: Zamazenta|8\/100 psn|[from] item: Leftovers\n|-heal|p1a: Slowking|24\/100|[from] item: Leftovers\n|-damage|p2a: Zamazenta|0 fnt|[from] psn\n|faint|p2a: Zamazenta\n|upkeep\n|\n|t:|1700689844\n|switch|p2a: Dragapult|Dragapult, M|90\/100 par\n|turn|41\n|\n|t:|1700689847\n|move|p2a: Dragapult|Hex|p1a: Slowking\n|-supereffective|p1a: Slowking\n|-damage|p1a: Slowking|0 fnt\n|faint|p1a: Slowking\n|\n|upkeep\n|\n|t:|1700689850\n|switch|p1a: Dragonite|Dragonite, M|83\/100\n|turn|42\n|\n|t:|1700689855\n|move|p1a: Dragonite|Outrage|p2a: Dragapult\n|-supereffective|p2a: Dragapult\n|-damage|p2a: Dragapult|0 fnt\n|faint|p2a: Dragapult\n|\n|win|N-Zoroark stan\n|raw|N-Zoroark stan's rating: 1725 &rarr; <strong>1746<\/strong><br \/>(+21 for winning)\n|raw|PLLV51 leng's rating: 1742 &rarr; <strong>1721<\/strong><br \/>(-21 for losing)\n|c|\u2606N-Zoroark stan|ggwp\n|l|\u2606PLLV51 leng\n","uploadtime":1700689876,"views":5,"p1id":"nzoroarkstan","p2id":"pllv51leng","formatid":"gen9ou","rating":1721,"private":0,"password":""}