{"id":"gen9ou-1988770190","p1":"iron tusk 69","p2":"Official Poyo","format":"[Gen 9] OU","log":"|j|\u2606iron tusk 69\n|j|\u2606Official Poyo\n|t:|1699760865\n|gametype|singles\n|player|p1|iron tusk 69|biker-gen4|1611\n|player|p2|Official Poyo|richboy-gen4|1520\n|teamsize|p1|6\n|teamsize|p2|6\n|gen|9\n|tier|[Gen 9] OU\n|rated|\n|rule|Sleep Clause Mod: Limit one foe put to sleep\n|rule|Species Clause: Limit one of each Pok\u00e9mon\n|rule|OHKO Clause: OHKO moves are banned\n|rule|Evasion Items Clause: Evasion items are banned\n|rule|Evasion Moves Clause: Evasion moves are banned\n|rule|Endless Battle Clause: Forcing endless battles is banned\n|rule|HP Percentage Mod: HP is shown in percentages\n|clearpoke\n|poke|p1|Ninetales-Alola, M|\n|poke|p1|Ogerpon-Wellspring, F|\n|poke|p1|Kingambit, M|\n|poke|p1|Iron Valiant|\n|poke|p1|Gholdengo|\n|poke|p1|Gliscor, F|\n|poke|p2|Moltres|\n|poke|p2|Gliscor, F|\n|poke|p2|Gholdengo|\n|poke|p2|Tatsugiri, M|\n|poke|p2|Iron Valiant|\n|poke|p2|Clefable, M|\n|teampreview\n|j| Darkdezel\n|l| Darkdezel\n|\n|t:|1699760900\n|start\n|switch|p1a: It's Ogre|Ogerpon-Wellspring, F|100\/100\n|switch|p2a: Clefable|Clefable, M|100\/100\n|turn|1\n|inactive|Battle timer is ON: inactive players will automatically lose when time's up. (requested by iron tusk 69)\n|\n|t:|1699760924\n|move|p1a: It's Ogre|Knock Off|p2a: Clefable\n|-resisted|p2a: Clefable\n|-damage|p2a: Clefable|79\/100\n|-enditem|p2a: Clefable|Leftovers|[from] move: Knock Off|[of] p1a: It's Ogre\n|move|p2a: Clefable|Thunder Wave|p1a: It's Ogre\n|-status|p1a: It's Ogre|par\n|\n|upkeep\n|turn|2\n|\n|t:|1699760934\n|switch|p1a: 69tales|Ninetales-Alola, M|100\/100\n|-weather|Snow|[from] ability: Snow Warning|[of] p1a: 69tales\n|move|p2a: Clefable|Wish|p2a: Clefable\n|\n|-weather|Snow|[upkeep]\n|upkeep\n|turn|3\n|\n|t:|1699760947\n|move|p1a: 69tales|Encore|p2a: Clefable\n|-start|p2a: Clefable|Encore\n|move|p2a: Clefable|Wish||[still]\n|-fail|p2a: Clefable\n|\n|-weather|Snow|[upkeep]\n|-heal|p2a: Clefable|100\/100|[from] move: Wish|[wisher] Clefable\n|upkeep\n|turn|4\n|\n|t:|1699760957\n|switch|p1a: It's Ogre|Ogerpon-Wellspring, F|100\/100 par\n|switch|p2a: Moltres|Moltres|100\/100\n|\n|-weather|Snow|[upkeep]\n|upkeep\n|turn|5\n|\n|t:|1699760960\n|move|p2a: Moltres|Brave Bird|p1a: It's Ogre\n|-supereffective|p1a: It's Ogre\n|-damage|p1a: It's Ogre|0 fnt\n|faint|p1a: It's Ogre\n|-damage|p2a: Moltres|70\/100|[from] Recoil\n|\n|-weather|Snow|[upkeep]\n|upkeep\n|\n|t:|1699760968\n|switch|p1a: 69tales|Ninetales-Alola, M|100\/100\n|turn|6\n|\n|t:|1699760972\n|move|p1a: 69tales|Aurora Veil|p1a: 69tales\n|-sidestart|p1: iron tusk 69|move: Aurora Veil\n|move|p2a: Moltres|Flare Blitz|p1a: 69tales\n|-supereffective|p1a: 69tales\n|-damage|p1a: 69tales|55\/100\n|-damage|p2a: Moltres|54\/100|[from] Recoil\n|\n|-weather|none\n|upkeep\n|turn|7\n|\n|t:|1699760978\n|move|p1a: 69tales|Encore|p2a: Moltres\n|-start|p2a: Moltres|Encore\n|move|p2a: Moltres|Flare Blitz|p1a: 69tales\n|-supereffective|p1a: 69tales\n|-damage|p1a: 69tales|0 fnt\n|faint|p1a: 69tales\n|-damage|p2a: Moltres|34\/100|[from] Recoil\n|\n|upkeep\n|\n|t:|1699760986\n|switch|p1a: Ogregone|Iron Valiant|100\/100\n|-enditem|p1a: Ogregone|Booster Energy\n|-activate|p1a: Ogregone|ability: Quark Drive|[fromitem]\n|-start|p1a: Ogregone|quarkdrivespe\n|turn|8\n|\n|t:|1699760991\n|move|p1a: Ogregone|Thunderbolt|p2a: Moltres\n|-supereffective|p2a: Moltres\n|-damage|p2a: Moltres|0 fnt\n|faint|p2a: Moltres\n|\n|upkeep\n|\n|t:|1699760993\n|switch|p2a: Clefable|Clefable, M|100\/100\n|turn|9\n|inactive|iron tusk 69 has 120 seconds left.\n|inactive|iron tusk 69 has 90 seconds left.\n|\n|t:|1699761068\n|move|p1a: Ogregone|Calm Mind|p1a: Ogregone\n|-boost|p1a: Ogregone|spa|1\n|-boost|p1a: Ogregone|spd|1\n|move|p2a: Clefable|Moonblast|p1a: Ogregone\n|-supereffective|p1a: Ogregone\n|-damage|p1a: Ogregone|66\/100\n|-unboost|p1a: Ogregone|spa|1\n|\n|upkeep\n|turn|10\n|\n|t:|1699761074\n|move|p1a: Ogregone|Moonblast|p2a: Clefable\n|-damage|p2a: Clefable|71\/100\n|-unboost|p2a: Clefable|spa|1\n|move|p2a: Clefable|Moonblast|p1a: Ogregone\n|-supereffective|p1a: Ogregone\n|-damage|p1a: Ogregone|42\/100\n|-unboost|p1a: Ogregone|spa|1\n|\n|upkeep\n|turn|11\n|\n|t:|1699761080\n|move|p1a: Ogregone|Calm Mind|p1a: Ogregone\n|-boost|p1a: Ogregone|spa|1\n|-boost|p1a: Ogregone|spd|1\n|move|p2a: Clefable|Wish|p2a: Clefable\n|\n|upkeep\n|turn|12\n|\n|t:|1699761083\n|move|p1a: Ogregone|Encore|p2a: Clefable\n|-start|p2a: Clefable|Encore\n|move|p2a: Clefable|Wish||[still]\n|-fail|p2a: Clefable\n|\n|-heal|p2a: Clefable|100\/100|[from] move: Wish|[wisher] Clefable\n|upkeep\n|turn|13\n|\n|t:|1699761087\n|switch|p2a: Gholdengo|Gholdengo|100\/100\n|-item|p2a: Gholdengo|Air Balloon\n|move|p1a: Ogregone|Calm Mind|p1a: Ogregone\n|-boost|p1a: Ogregone|spa|1\n|-boost|p1a: Ogregone|spd|1\n|\n|-sideend|p1: iron tusk 69|move: Aurora Veil\n|upkeep\n|turn|14\n|\n|t:|1699761091\n|move|p1a: Ogregone|Thunderbolt|p2a: Gholdengo\n|-damage|p2a: Gholdengo|50\/100\n|-enditem|p2a: Gholdengo|Air Balloon\n|move|p2a: Gholdengo|Shadow Ball|p1a: Ogregone\n|-damage|p1a: Ogregone|13\/100\n|-unboost|p1a: Ogregone|spd|1\n|\n|upkeep\n|turn|15\n|inactive|iron tusk 69 has 120 seconds left.\n|\n|t:|1699761112\n|switch|p2a: Clefable|Clefable, M|100\/100\n|move|p1a: Ogregone|Thunderbolt|p2a: Clefable\n|-damage|p2a: Clefable|69\/100\n|\n|upkeep\n|turn|16\n|\n|t:|1699761117\n|move|p1a: Ogregone|Moonblast|p2a: Clefable\n|-damage|p2a: Clefable|24\/100\n|-unboost|p2a: Clefable|spa|1\n|move|p2a: Clefable|Moonblast|p1a: Ogregone\n|-supereffective|p1a: Ogregone\n|-damage|p1a: Ogregone|0 fnt\n|faint|p1a: Ogregone\n|-end|p1a: Ogregone|Quark Drive|[silent]\n|\n|upkeep\n|\n|t:|1699761123\n|switch|p1a: Himiko|Gliscor, F|100\/100\n|turn|17\n|\n|t:|1699761125\n|move|p1a: Himiko|Earthquake|p2a: Clefable\n|-damage|p2a: Clefable|0 fnt\n|faint|p2a: Clefable\n|\n|-status|p1a: Himiko|tox|[from] item: Toxic Orb\n|upkeep\n|\n|t:|1699761129\n|switch|p2a: Tatsugiri|Tatsugiri, M|100\/100\n|turn|18\n|\n|t:|1699761155\n|switch|p1a: It's Balanced|Gholdengo|100\/100\n|-item|p1a: It's Balanced|Air Balloon\n|move|p2a: Tatsugiri|Nasty Plot|p2a: Tatsugiri\n|-boost|p2a: Tatsugiri|spa|2\n|\n|upkeep\n|turn|19\n|\n|t:|1699761160\n|move|p1a: It's Balanced|Shadow Ball|p2a: Tatsugiri\n|-damage|p2a: Tatsugiri|54\/100\n|move|p2a: Tatsugiri|Surf|p1a: It's Balanced\n|-damage|p1a: It's Balanced|12\/100\n|-enditem|p1a: It's Balanced|Air Balloon\n|\n|-heal|p2a: Tatsugiri|60\/100|[from] item: Leftovers\n|upkeep\n|turn|20\n|\n|t:|1699761164\n|move|p1a: It's Balanced|Shadow Ball|p2a: Tatsugiri\n|-damage|p2a: Tatsugiri|6\/100\n|move|p2a: Tatsugiri|Surf|p1a: It's Balanced\n|-damage|p1a: It's Balanced|0 fnt\n|faint|p1a: It's Balanced\n|\n|-heal|p2a: Tatsugiri|12\/100|[from] item: Leftovers\n|upkeep\n|\n|t:|1699761174\n|switch|p1a: Rigged Suspect|Kingambit, M|100\/100\n|-activate|p1a: Rigged Suspect|ability: Supreme Overlord\n|-start|p1a: Rigged Suspect|fallen4|[silent]\n|turn|21\n|\n|t:|1699761178\n|switch|p2a: Gliscor|Gliscor, F|100\/100\n|move|p1a: Rigged Suspect|Sucker Punch||[still]\n|-fail|p1a: Rigged Suspect\n|\n|-status|p2a: Gliscor|tox|[from] item: Toxic Orb\n|upkeep\n|turn|22\n|\n|t:|1699761188\n|-end|p1a: Rigged Suspect|fallen4|[silent]\n|switch|p1a: Himiko|Gliscor, F|100\/100 tox\n|move|p2a: Gliscor|U-turn|p1a: Himiko\n|-resisted|p1a: Himiko\n|-damage|p1a: Himiko|93\/100 tox\n|\n|t:|1699761190\n|switch|p2a: Tatsugiri|Tatsugiri, M|12\/100|[from] U-turn\n|\n|-heal|p2a: Tatsugiri|18\/100|[from] item: Leftovers\n|-heal|p1a: Himiko|100\/100 tox|[from] ability: Poison Heal\n|upkeep\n|turn|23\n|\n|t:|1699761195\n|-terastallize|p1a: Himiko|Flying\n|move|p2a: Tatsugiri|Surf|p1a: Himiko\n|-damage|p1a: Himiko|40\/100 tox\n|move|p1a: Himiko|Agility|p1a: Himiko\n|-boost|p1a: Himiko|spe|2\n|\n|-heal|p2a: Tatsugiri|24\/100|[from] item: Leftovers\n|-heal|p1a: Himiko|52\/100 tox|[from] ability: Poison Heal\n|upkeep\n|turn|24\n|\n|t:|1699761205\n|move|p1a: Himiko|Earthquake|p2a: Tatsugiri\n|-crit|p2a: Tatsugiri\n|-damage|p2a: Tatsugiri|0 fnt\n|faint|p2a: Tatsugiri\n|\n|-heal|p1a: Himiko|65\/100 tox|[from] ability: Poison Heal\n|upkeep\n|\n|t:|1699761222\n|switch|p2a: Gholdengo|Gholdengo|50\/100\n|turn|25\n|inactive|iron tusk 69 has 120 seconds left.\n|\n|t:|1699761258\n|move|p1a: Himiko|Dual Wingbeat|p2a: Gholdengo\n|-resisted|p2a: Gholdengo\n|-damage|p2a: Gholdengo|37\/100\n|-resisted|p2a: Gholdengo\n|-damage|p2a: Gholdengo|23\/100\n|-hitcount|p2a: Gholdengo|2\n|move|p2a: Gholdengo|Shadow Ball|p1a: Himiko\n|-damage|p1a: Himiko|2\/100 tox\n|\n|-heal|p1a: Himiko|14\/100 tox|[from] ability: Poison Heal\n|upkeep\n|turn|26\n|inactive|iron tusk 69 has 120 seconds left.\n|\n|t:|1699761268\n|move|p1a: Himiko|Dual Wingbeat|p2a: Gholdengo|[miss]\n|-miss|p1a: Himiko|p2a: Gholdengo\n|move|p2a: Gholdengo|Shadow Ball|p1a: Himiko\n|-damage|p1a: Himiko|0 fnt\n|faint|p1a: Himiko\n|\n|upkeep\n|c|\u2606iron tusk 69|MOTHEFR FUCKER\n|n|\u203diron tusk 69|irontusk69\n|c|&|\/log iron tusk 69 was locked from talking by Artemis. (\u2606iron tusk 69: MOTHEFR FUCKER)\n|c|&|\/raw <small>This action was done automatically. Want to learn more about the AI? <a href=\"https:\/\/www.smogon.com\/forums\/threads\/3570628\/#post-9056769\">Visit the information thread<\/a>.<\/small>\n|inactive|iron tusk 69 has 120 seconds left.\n|c|\u2606Official Poyo|skull\n|\n|t:|1699761301\n|switch|p1a: Rigged Suspect|Kingambit, M|100\/100\n|-activate|p1a: Rigged Suspect|ability: Supreme Overlord\n|-start|p1a: Rigged Suspect|fallen5|[silent]\n|turn|27\n|\n|t:|1699761304\n|-terastallize|p2a: Gholdengo|Fighting\n|move|p1a: Rigged Suspect|Sucker Punch||[still]\n|-fail|p1a: Rigged Suspect\n|move|p2a: Gholdengo|Recover|p2a: Gholdengo\n|-heal|p2a: Gholdengo|73\/100\n|\n|upkeep\n|turn|28\n|inactive|iron tusk 69 has 90 seconds left.\n|\n|t:|1699761333\n|move|p2a: Gholdengo|Focus Blast|p1a: Rigged Suspect\n|-supereffective|p1a: Rigged Suspect\n|-damage|p1a: Rigged Suspect|0 fnt\n|faint|p1a: Rigged Suspect\n|-end|p1a: Rigged Suspect|fallen5|[silent]\n|\n|win|Official Poyo\n|raw|iron tusk 69's rating: 1590 &rarr; <strong>1566<\/strong><br \/>(-24 for losing)\n|raw|Official Poyo's rating: 1520 &rarr; <strong>1544<\/strong><br \/>(+24 for winning)\n|c|\u2606Official Poyo|gg\n","uploadtime":1699761272,"views":16,"p1id":"irontusk69","p2id":"officialpoyo","formatid":"gen9ou","rating":1544,"private":0,"password":""}