{"id":"gen9ou-1988656929","p1":"BugCatcherN8R1X","p2":"Luxcalum","format":"[Gen 9] OU","log":"|j|\u2606BugCatcherN8R1X\n|j|\u2606Luxcalum\n|t:|1699747013\n|gametype|singles\n|player|p1|BugCatcherN8R1X|bugcatcher-gen4dp|1123\n|player|p2|Luxcalum|101|1209\n|teamsize|p1|6\n|teamsize|p2|6\n|gen|9\n|tier|[Gen 9] OU\n|rated|\n|rule|Sleep Clause Mod: Limit one foe put to sleep\n|rule|Species Clause: Limit one of each Pok\u00e9mon\n|rule|OHKO Clause: OHKO moves are banned\n|rule|Evasion Items Clause: Evasion items are banned\n|rule|Evasion Moves Clause: Evasion moves are banned\n|rule|Endless Battle Clause: Forcing endless battles is banned\n|rule|HP Percentage Mod: HP is shown in percentages\n|clearpoke\n|poke|p1|Kleavor, M|\n|poke|p1|Lokix, M|\n|poke|p1|Vikavolt, F|\n|poke|p1|Slither Wing|\n|poke|p1|Scizor, F|\n|poke|p1|Ribombee, M|\n|poke|p2|Ceruledge, M|\n|poke|p2|Weavile, M|\n|poke|p2|Great Tusk|\n|poke|p2|Slowking-Galar, F|\n|poke|p2|Rillaboom, F|\n|poke|p2|Goodra-Hisui, M|\n|teampreview\n|inactive|Battle timer is ON: inactive players will automatically lose when time's up. (requested by BugCatcherN8R1X)\n|\n|t:|1699747042\n|start\n|switch|p1a: Hachiman|Kleavor, M|100\/100\n|switch|p2a: Ceruledge|Ceruledge, M|100\/100\n|turn|1\n|\n|t:|1699747058\n|move|p1a: Hachiman|Stone Axe|p2a: Ceruledge\n|-supereffective|p2a: Ceruledge\n|-enditem|p2a: Ceruledge|Focus Sash\n|-damage|p2a: Ceruledge|1\/100\n|-ability|p2a: Ceruledge|Weak Armor|boost\n|-unboost|p2a: Ceruledge|def|1\n|-boost|p2a: Ceruledge|spe|2\n|-sidestart|p2: Luxcalum|move: Stealth Rock\n|move|p2a: Ceruledge|Bitter Blade|p1a: Hachiman\n|-damage|p1a: Hachiman|42\/100\n|-heal|p2a: Ceruledge|29\/100|[from] drain|[of] p1a: Hachiman\n|\n|upkeep\n|turn|2\n|\n|t:|1699747073\n|move|p2a: Ceruledge|Bitter Blade|p1a: Hachiman\n|-damage|p1a: Hachiman|0 fnt\n|-heal|p2a: Ceruledge|49\/100|[from] drain|[of] p1a: Hachiman\n|faint|p1a: Hachiman\n|\n|upkeep\n|\n|t:|1699747078\n|switch|p1a: Erebus|Lokix, M|100\/100\n|turn|3\n|\n|t:|1699747088\n|move|p1a: Erebus|Sucker Punch|p2a: Ceruledge\n|-supereffective|p2a: Ceruledge\n|-damage|p2a: Ceruledge|0 fnt\n|faint|p2a: Ceruledge\n|-damage|p1a: Erebus|91\/100|[from] item: Life Orb\n|\n|upkeep\n|\n|t:|1699747100\n|switch|p2a: Great Tusk|Great Tusk|100\/100\n|-damage|p2a: Great Tusk|97\/100|[from] Stealth Rock\n|turn|4\n|\n|t:|1699747109\n|move|p1a: Erebus|Knock Off|p2a: Great Tusk\n|-resisted|p2a: Great Tusk\n|-damage|p2a: Great Tusk|72\/100\n|-enditem|p2a: Great Tusk|Leftovers|[from] move: Knock Off|[of] p1a: Erebus\n|-damage|p1a: Erebus|81\/100|[from] item: Life Orb\n|move|p2a: Great Tusk|Rapid Spin|p1a: Erebus\n|-damage|p1a: Erebus|59\/100\n|-boost|p2a: Great Tusk|spe|1\n|-sideend|p2: Luxcalum|Stealth Rock|[from] move: Rapid Spin|[of] p2a: Great Tusk\n|\n|upkeep\n|turn|5\n|inactive|Luxcalum has 120 seconds left.\n|\n|t:|1699747150\n|move|p2a: Great Tusk|Stealth Rock|p1a: Erebus\n|-sidestart|p1: BugCatcherN8R1X|move: Stealth Rock\n|move|p1a: Erebus|U-turn|p2a: Great Tusk\n|-resisted|p2a: Great Tusk\n|-damage|p2a: Great Tusk|52\/100\n|-damage|p1a: Erebus|49\/100|[from] item: Life Orb\n|\n|t:|1699747170\n|switch|p1a: Ares|Scizor, F|100\/100|[from] U-turn\n|-damage|p1a: Ares|88\/100|[from] Stealth Rock\n|\n|upkeep\n|turn|6\n|inactive|Luxcalum has 120 seconds left.\n|\n|t:|1699747186\n|-end|p2a: Great Tusk|Protosynthesis|[silent]\n|switch|p2a: Slowking|Slowking-Galar, F|100\/100\n|move|p1a: Ares|Swords Dance|p1a: Ares\n|-boost|p1a: Ares|atk|2\n|\n|upkeep\n|turn|7\n|inactive|Luxcalum has 90 seconds left.\n|\n|t:|1699747221\n|move|p1a: Ares|Knock Off|p2a: Slowking\n|-supereffective|p2a: Slowking\n|-damage|p2a: Slowking|0 fnt\n|-enditem|p2a: Slowking|Red Card|[from] move: Knock Off|[of] p1a: Ares\n|faint|p2a: Slowking\n|-heal|p1a: Ares|100\/100|[from] item: Shell Bell|[of] p2: Slowking\n|\n|upkeep\n|inactive|Luxcalum has 90 seconds left.\n|\n|t:|1699747229\n|switch|p2a: Great Tusk|Great Tusk|52\/100\n|turn|8\n|\n|t:|1699747232\n|move|p2a: Great Tusk|Headlong Rush|p1a: Ares\n|-damage|p1a: Ares|51\/100\n|-unboost|p2a: Great Tusk|def|1\n|-unboost|p2a: Great Tusk|spd|1\n|move|p1a: Ares|Trailblaze|p2a: Great Tusk\n|-supereffective|p2a: Great Tusk\n|-damage|p2a: Great Tusk|0 fnt\n|-boost|p1a: Ares|spe|1\n|faint|p2a: Great Tusk\n|-end|p2a: Great Tusk|Protosynthesis|[silent]\n|-heal|p1a: Ares|59\/100|[from] item: Shell Bell|[of] p2: Great Tusk\n|\n|upkeep\n|\n|t:|1699747240\n|switch|p2a: Goodra|Goodra-Hisui, M|100\/100\n|turn|9\n|\n|t:|1699747250\n|move|p1a: Ares|Knock Off|p2a: Goodra\n|-damage|p2a: Goodra|50\/100\n|-ability|p2a: Goodra|Gooey\n|-unboost|p1a: Ares|spe|1\n|-enditem|p2a: Goodra|Leftovers|[from] move: Knock Off|[of] p1a: Ares\n|-heal|p1a: Ares|66\/100|[from] item: Shell Bell|[of] p2a: Goodra\n|move|p2a: Goodra|Curse|p2a: Goodra\n|-unboost|p2a: Goodra|spe|1\n|-boost|p2a: Goodra|atk|1\n|-boost|p2a: Goodra|def|1\n|\n|upkeep\n|turn|10\n|\n|t:|1699747269\n|move|p2a: Goodra|Protect|p2a: Goodra\n|-singleturn|p2a: Goodra|Protect\n|move|p1a: Ares|Swords Dance|p1a: Ares\n|-boost|p1a: Ares|atk|2\n|\n|upkeep\n|turn|11\n|\n|t:|1699747276\n|move|p1a: Ares|Swords Dance|p1a: Ares\n|-boost|p1a: Ares|atk|2\n|move|p2a: Goodra|Dragon Tail|p1a: Ares|[miss]\n|-miss|p2a: Goodra|p1a: Ares\n|\n|upkeep\n|turn|12\n|inactive|Luxcalum has 120 seconds left.\n|\n|t:|1699747285\n|move|p1a: Ares|Bullet Punch|p2a: Goodra\n|-resisted|p2a: Goodra\n|-damage|p2a: Goodra|17\/100\n|-ability|p2a: Goodra|Gooey\n|-unboost|p1a: Ares|spe|1\n|-heal|p1a: Ares|70\/100|[from] item: Shell Bell|[of] p2a: Goodra\n|move|p2a: Goodra|Dragon Tail|p1a: Ares\n|-resisted|p1a: Ares\n|-damage|p1a: Ares|55\/100\n|drag|p1a: Hermes|Ribombee, M|100\/100\n|-damage|p1a: Hermes|76\/100|[from] Stealth Rock\n|\n|upkeep\n|turn|13\n|inactive|Luxcalum has 120 seconds left.\n|\n|t:|1699747297\n|-terastallize|p1a: Hermes|Fire\n|move|p1a: Hermes|Tera Blast|p2a: Goodra|[anim] Tera Blast Fire\n|-damage|p2a: Goodra|0 fnt\n|faint|p2a: Goodra\n|-damage|p1a: Hermes|66\/100|[from] item: Life Orb\n|\n|upkeep\n|inactive|Luxcalum has 120 seconds left.\n|\n|t:|1699747305\n|switch|p2a: Rillaboom|Rillaboom, F|100\/100\n|-fieldstart|move: Grassy Terrain|[from] ability: Grassy Surge|[of] p2a: Rillaboom\n|turn|14\n|inactive|Luxcalum has 120 seconds left.\n|\n|t:|1699747321\n|-terastallize|p2a: Rillaboom|Normal\n|move|p2a: Rillaboom|Giga Impact|p1a: Hermes\n|-damage|p1a: Hermes|0 fnt\n|-mustrecharge|p2a: Rillaboom\n|faint|p1a: Hermes\n|\n|upkeep\n|\n|t:|1699747329\n|switch|p1a: Thor|Vikavolt, F|100\/100\n|-damage|p1a: Thor|76\/100|[from] Stealth Rock\n|turn|15\n|\n|t:|1699747331\n|cant|p2a: Rillaboom|recharge\n|move|p1a: Thor|Agility|p1a: Thor\n|-boost|p1a: Thor|spe|2\n|\n|upkeep\n|turn|16\n|\n|t:|1699747336\n|move|p2a: Rillaboom|Giga Impact|p1a: Thor\n|-damage|p1a: Thor|0 fnt\n|-mustrecharge|p2a: Rillaboom\n|faint|p1a: Thor\n|\n|upkeep\n|\n|t:|1699747345\n|switch|p1a: Ares|Scizor, F|55\/100\n|-damage|p1a: Ares|43\/100|[from] Stealth Rock\n|turn|17\n|\n|t:|1699747348\n|cant|p2a: Rillaboom|recharge\n|move|p1a: Ares|Swords Dance|p1a: Ares\n|-boost|p1a: Ares|atk|2\n|\n|-heal|p1a: Ares|49\/100|[from] Grassy Terrain\n|upkeep\n|turn|18\n|\n|t:|1699747357\n|move|p1a: Ares|Bullet Punch|p2a: Rillaboom\n|-damage|p2a: Rillaboom|23\/100\n|-heal|p1a: Ares|59\/100|[from] item: Shell Bell|[of] p2a: Rillaboom\n|move|p2a: Rillaboom|Giga Impact|p1a: Ares\n|-resisted|p1a: Ares\n|-damage|p1a: Ares|20\/100\n|-mustrecharge|p2a: Rillaboom\n|\n|-heal|p2a: Rillaboom|29\/100|[from] Grassy Terrain\n|-heal|p1a: Ares|26\/100|[from] Grassy Terrain\n|-fieldend|move: Grassy Terrain\n|upkeep\n|turn|19\n|\n|t:|1699747364\n|move|p1a: Ares|Bullet Punch|p2a: Rillaboom\n|-damage|p2a: Rillaboom|0 fnt\n|faint|p2a: Rillaboom\n|-heal|p1a: Ares|30\/100|[from] item: Shell Bell|[of] p2: Rillaboom\n|\n|upkeep\n|\n|t:|1699747367\n|switch|p2a: Weavile|Weavile, M|100\/100\n|-ability|p2a: Weavile|Pressure\n|turn|20\n|\n|t:|1699747373\n|move|p2a: Weavile|Ice Shard|p1a: Ares\n|-resisted|p1a: Ares\n|-damage|p1a: Ares|21\/100\n|move|p1a: Ares|Bullet Punch|p2a: Weavile\n|-supereffective|p2a: Weavile\n|-damage|p2a: Weavile|0 fnt\n|faint|p2a: Weavile\n|-heal|p1a: Ares|31\/100|[from] item: Shell Bell|[of] p2: Weavile\n|\n|win|BugCatcherN8R1X\n|raw|BugCatcherN8R1X's rating: 1123 &rarr; <strong>1154<\/strong><br \/>(+31 for winning)\n|raw|Luxcalum's rating: 1209 &rarr; <strong>1178<\/strong><br \/>(-31 for losing)\n|c|\u2606BugCatcherN8R1X|Bugs\n|l|\u2606Luxcalum\n","uploadtime":1699747393,"views":10,"p1id":"bugcatchern8r1x","p2id":"luxcalum","formatid":"gen9ou","rating":1154,"private":0,"password":""}