{"id":"gen9ou-1993665549","p1":"jellofish01","p2":"TheZalmancer","format":"[Gen 9] OU","log":"|j|\u2606jellofish01\n|j|\u2606TheZalmancer\n|t:|1700343228\n|gametype|singles\n|player|p1|jellofish01|169|1218\n|player|p2|TheZalmancer|skyla|1327\n|teamsize|p1|6\n|teamsize|p2|6\n|gen|9\n|tier|[Gen 9] OU\n|rated|\n|rule|Sleep Clause Mod: Limit one foe put to sleep\n|rule|Species Clause: Limit one of each Pok\u00e9mon\n|rule|OHKO Clause: OHKO moves are banned\n|rule|Evasion Items Clause: Evasion items are banned\n|rule|Evasion Moves Clause: Evasion moves are banned\n|rule|Endless Battle Clause: Forcing endless battles is banned\n|rule|HP Percentage Mod: HP is shown in percentages\n|clearpoke\n|poke|p1|Meowscarada, F|\n|poke|p1|Zamazenta-*|\n|poke|p1|Fezandipiti, M|\n|poke|p1|Corviknight, M|\n|poke|p1|Ting-Lu|\n|poke|p1|Skeledirge, M|\n|poke|p2|Ogerpon-Wellspring, F|\n|poke|p2|Ninetales-Alola, F|\n|poke|p2|Corviknight, M|\n|poke|p2|Slowking-Galar, F|\n|poke|p2|Hydreigon, M|\n|poke|p2|Ditto|\n|teampreview\n|\n|t:|1700343235\n|start\n|switch|p1a: Meowscarada|Meowscarada, F|100\/100\n|switch|p2a: Hydreigon|Hydreigon, M|100\/100\n|turn|1\n|inactive|Battle timer is ON: inactive players will automatically lose when time's up. (requested by jellofish01)\n|\n|t:|1700343244\n|switch|p2a: Corviknight|Corviknight, M, shiny|100\/100\n|move|p1a: Meowscarada|U-turn|p2a: Corviknight\n|-start|p1a: Meowscarada|typechange|Bug|[from] ability: Protean\n|-resisted|p2a: Corviknight\n|-crit|p2a: Corviknight\n|-damage|p2a: Corviknight|89\/100\n|\n|t:|1700343250\n|switch|p1a: Skeledirge|Skeledirge, M|100\/100|[from] U-turn\n|\n|-heal|p2a: Corviknight|96\/100|[from] item: Leftovers\n|upkeep\n|turn|2\n|\n|t:|1700343261\n|switch|p2a: Hydreigon|Hydreigon, M|100\/100\n|move|p1a: Skeledirge|Will-O-Wisp|p2a: Hydreigon\n|-status|p2a: Hydreigon|brn\n|\n|-damage|p2a: Hydreigon|94\/100 brn|[from] brn\n|upkeep\n|turn|3\n|\n|t:|1700343269\n|switch|p1a: Fezandipiti|Fezandipiti, M|100\/100\n|move|p2a: Hydreigon|Taunt|p1a: Fezandipiti\n|-start|p1a: Fezandipiti|move: Taunt\n|\n|-damage|p2a: Hydreigon|88\/100 brn|[from] brn\n|upkeep\n|turn|4\n|\n|t:|1700343281\n|move|p2a: Hydreigon|Stealth Rock|p1a: Fezandipiti\n|-sidestart|p1: jellofish01|move: Stealth Rock\n|move|p1a: Fezandipiti|U-turn|p2a: Hydreigon\n|-supereffective|p2a: Hydreigon\n|-damage|p2a: Hydreigon|60\/100 brn\n|\n|t:|1700343288\n|switch|p1a: Zamazenta|Zamazenta|100\/100|[from] U-turn\n|-ability|p1a: Zamazenta|Dauntless Shield|boost\n|-boost|p1a: Zamazenta|def|1\n|\n|-damage|p2a: Hydreigon|54\/100 brn|[from] brn\n|upkeep\n|turn|5\n|\n|t:|1700343295\n|move|p1a: Zamazenta|Close Combat|p2a: Hydreigon\n|-supereffective|p2a: Hydreigon\n|-damage|p2a: Hydreigon|0 fnt\n|-unboost|p1a: Zamazenta|def|1\n|-unboost|p1a: Zamazenta|spd|1\n|faint|p2a: Hydreigon\n|\n|upkeep\n|\n|t:|1700343313\n|switch|p2a: Slowking|Slowking-Galar, F|100\/100\n|turn|6\n|\n|t:|1700343319\n|switch|p1a: Corviknight|Corviknight, M|100\/100\n|-damage|p1a: Corviknight|88\/100|[from] Stealth Rock\n|-ability|p1a: Corviknight|Pressure\n|move|p2a: Slowking|Trick Room|p2a: Slowking\n|-fieldstart|move: Trick Room|[of] p2a: Slowking\n|\n|upkeep\n|turn|7\n|\n|t:|1700343327\n|move|p2a: Slowking|Nasty Plot|p2a: Slowking\n|-boost|p2a: Slowking|spa|2\n|move|p1a: Corviknight|Defog|p2a: Slowking\n|-unboost|p2a: Slowking|evasion|1\n|-sideend|p1: jellofish01|Stealth Rock|[from] move: Defog|[of] p1a: Corviknight\n|\n|upkeep\n|turn|8\n|\n|t:|1700343336\n|switch|p1a: Ting-Lu|Ting-Lu|100\/100\n|-ability|p1a: Ting-Lu|Vessel of Ruin\n|move|p2a: Slowking|Shadow Ball|p1a: Ting-Lu\n|-resisted|p1a: Ting-Lu\n|-damage|p1a: Ting-Lu|89\/100\n|\n|-heal|p1a: Ting-Lu|95\/100|[from] item: Leftovers\n|upkeep\n|turn|9\n|\n|t:|1700343358\n|switch|p2a: Corviknight|Corviknight, M, shiny|96\/100\n|move|p1a: Ting-Lu|Earthquake|p2a: Corviknight\n|-immune|p2a: Corviknight\n|\n|-heal|p1a: Ting-Lu|100\/100|[from] item: Leftovers\n|-heal|p2a: Corviknight|100\/100|[from] item: Leftovers\n|upkeep\n|turn|10\n|\n|t:|1700343367\n|move|p2a: Corviknight|Protect|p2a: Corviknight\n|-singleturn|p2a: Corviknight|Protect\n|move|p1a: Ting-Lu|Stealth Rock|p2a: Corviknight\n|-sidestart|p2: TheZalmancer|move: Stealth Rock\n|\n|-fieldend|move: Trick Room\n|upkeep\n|turn|11\n|\n|t:|1700343377\n|move|p2a: Corviknight|Defog|p1a: Ting-Lu\n|-unboost|p1a: Ting-Lu|evasion|1\n|-sideend|p2: TheZalmancer|Stealth Rock|[from] move: Defog|[of] p2a: Corviknight\n|move|p1a: Ting-Lu|Ruination|p2a: Corviknight\n|-damage|p2a: Corviknight|50\/100\n|\n|-heal|p2a: Corviknight|57\/100|[from] item: Leftovers\n|upkeep\n|turn|12\n|\n|t:|1700343397\n|move|p2a: Corviknight|U-turn|p1a: Ting-Lu\n|-supereffective|p1a: Ting-Lu\n|-damage|p1a: Ting-Lu|84\/100\n|inactive|TheZalmancer has 120 seconds left.\n|\n|t:|1700343418\n|switch|p2a: Ogerpon|Ogerpon-Wellspring, F|100\/100|[from] U-turn\n|move|p1a: Ting-Lu|Stealth Rock|p2a: Ogerpon\n|-sidestart|p2: TheZalmancer|move: Stealth Rock\n|\n|-heal|p1a: Ting-Lu|91\/100|[from] item: Leftovers\n|upkeep\n|turn|13\n|\n|t:|1700343424\n|switch|p1a: Corviknight|Corviknight, M|88\/100\n|-ability|p1a: Corviknight|Pressure\n|move|p2a: Ogerpon|Swords Dance|p2a: Ogerpon\n|-boost|p2a: Ogerpon|atk|2\n|\n|upkeep\n|turn|14\n|\n|t:|1700343432\n|-terastallize|p2a: Ogerpon|Water\n|detailschange|p2a: Ogerpon|Ogerpon-Wellspring-Tera, F, tera:Water\n|-ability|p2a: Ogerpon|Embody Aspect (Wellspring)|boost\n|-boost|p2a: Ogerpon|spd|1\n|move|p2a: Ogerpon|Ivy Cudgel|p1a: Corviknight|[anim] Ivy Cudgel Water\n|-damage|p1a: Corviknight|0 fnt\n|faint|p1a: Corviknight\n|\n|upkeep\n|\n|t:|1700343436\n|switch|p1a: Meowscarada|Meowscarada, F|100\/100\n|turn|15\n|\n|t:|1700343444\n|move|p1a: Meowscarada|Flower Trick|p2a: Ogerpon\n|-start|p1a: Meowscarada|typechange|Grass|[from] ability: Protean\n|-supereffective|p2a: Ogerpon\n|-crit|p2a: Ogerpon\n|-damage|p2a: Ogerpon|0 fnt\n|faint|p2a: Ogerpon\n|\n|upkeep\n|\n|t:|1700343456\n|switch|p2a: Slowking|Slowking-Galar, F|100\/100\n|-damage|p2a: Slowking|88\/100|[from] Stealth Rock\n|turn|16\n|\n|t:|1700343460\n|switch|p1a: Ting-Lu|Ting-Lu|91\/100\n|-ability|p1a: Ting-Lu|Vessel of Ruin\n|move|p2a: Slowking|Sludge Bomb|p1a: Ting-Lu\n|-resisted|p1a: Ting-Lu\n|-damage|p1a: Ting-Lu|80\/100\n|-status|p1a: Ting-Lu|psn\n|\n|-heal|p1a: Ting-Lu|87\/100 psn|[from] item: Leftovers\n|-heal|p2a: Slowking|94\/100|[from] item: Leftovers\n|-damage|p1a: Ting-Lu|74\/100 psn|[from] psn\n|upkeep\n|turn|17\n|\n|t:|1700343472\n|switch|p2a: Corviknight|Corviknight, M, shiny|57\/100\n|-damage|p2a: Corviknight|44\/100|[from] Stealth Rock\n|move|p1a: Ting-Lu|Earthquake|p2a: Corviknight\n|-immune|p2a: Corviknight\n|\n|-heal|p2a: Corviknight|50\/100|[from] item: Leftovers\n|-heal|p1a: Ting-Lu|80\/100 psn|[from] item: Leftovers\n|-damage|p1a: Ting-Lu|68\/100 psn|[from] psn\n|upkeep\n|turn|18\n|\n|t:|1700343487\n|switch|p1a: Skeledirge|Skeledirge, M|100\/100\n|move|p2a: Corviknight|Protect||[still]\n|-fail|p2a: Corviknight\n|\n|-heal|p2a: Corviknight|57\/100|[from] item: Leftovers\n|upkeep\n|turn|19\n|\n|t:|1700343494\n|move|p2a: Corviknight|Defog|p1a: Skeledirge\n|-unboost|p1a: Skeledirge|evasion|1\n|-sideend|p2: TheZalmancer|Stealth Rock|[from] move: Defog|[of] p2a: Corviknight\n|move|p1a: Skeledirge|Torch Song|p2a: Corviknight\n|-supereffective|p2a: Corviknight\n|-damage|p2a: Corviknight|4\/100\n|-boost|p1a: Skeledirge|spa|1\n|\n|-heal|p2a: Corviknight|10\/100|[from] item: Leftovers\n|upkeep\n|turn|20\n|inactive|TheZalmancer has 120 seconds left.\n|\n|t:|1700343526\n|move|p2a: Corviknight|Iron Head|p1a: Skeledirge\n|-resisted|p1a: Skeledirge\n|-damage|p1a: Skeledirge|90\/100\n|move|p1a: Skeledirge|Will-O-Wisp|p2a: Corviknight\n|-status|p2a: Corviknight|brn\n|\n|-heal|p2a: Corviknight|17\/100 brn|[from] item: Leftovers\n|-damage|p2a: Corviknight|10\/100 brn|[from] brn\n|upkeep\n|turn|21\n|\n|t:|1700343536\n|move|p2a: Corviknight|Iron Head|p1a: Skeledirge\n|-resisted|p1a: Skeledirge\n|-damage|p1a: Skeledirge|84\/100\n|move|p1a: Skeledirge|Torch Song|p2a: Corviknight\n|-supereffective|p2a: Corviknight\n|-damage|p2a: Corviknight|0 fnt\n|-boost|p1a: Skeledirge|spa|1\n|faint|p2a: Corviknight\n|\n|upkeep\n|\n|t:|1700343544\n|switch|p2a: Ditto|Ditto, shiny|100\/100\n|-transform|p2a: Ditto|p1a: Skeledirge|[from] ability: Imposter\n|turn|22\n|\n|t:|1700343554\n|-terastallize|p1a: Skeledirge|Fairy\n|move|p2a: Ditto|Hex|p1a: Skeledirge\n|-damage|p1a: Skeledirge|67\/100\n|move|p1a: Skeledirge|Hex|p2a: Ditto\n|-supereffective|p2a: Ditto\n|-damage|p2a: Ditto|52\/100\n|\n|upkeep\n|turn|23\n|\n|t:|1700343568\n|switch|p2a: Ninetales|Ninetales-Alola, F, shiny|100\/100\n|-weather|Snow|[from] ability: Snow Warning|[of] p2a: Ninetales\n|move|p1a: Skeledirge|Will-O-Wisp|p2a: Ninetales\n|-status|p2a: Ninetales|brn\n|\n|-weather|Snow|[upkeep]\n|-damage|p2a: Ninetales|94\/100 brn|[from] brn\n|upkeep\n|turn|24\n|\n|t:|1700343578\n|move|p2a: Ninetales|Encore|p1a: Skeledirge\n|-start|p1a: Skeledirge|Encore\n|move|p1a: Skeledirge|Will-O-Wisp|p2a: Ninetales\n|-fail|p2a: Ninetales|brn\n|\n|-weather|Snow|[upkeep]\n|-damage|p2a: Ninetales|88\/100 brn|[from] brn\n|upkeep\n|turn|25\n|\n|t:|1700343585\n|switch|p1a: Fezandipiti|Fezandipiti, M|100\/100\n|move|p2a: Ninetales|Aurora Veil|p2a: Ninetales\n|-sidestart|p2: TheZalmancer|move: Aurora Veil\n|\n|-weather|Snow|[upkeep]\n|-damage|p2a: Ninetales|82\/100 brn|[from] brn\n|upkeep\n|turn|26\n|\n|t:|1700343595\n|move|p2a: Ninetales|Hypnosis|p1a: Fezandipiti|[miss]\n|-miss|p2a: Ninetales|p1a: Fezandipiti\n|move|p1a: Fezandipiti|U-turn|p2a: Ninetales\n|-resisted|p2a: Ninetales\n|-damage|p2a: Ninetales|79\/100 brn\n|\n|t:|1700343606\n|switch|p1a: Ting-Lu|Ting-Lu|68\/100 psn|[from] U-turn\n|-ability|p1a: Ting-Lu|Vessel of Ruin\n|\n|-weather|Snow|[upkeep]\n|-heal|p1a: Ting-Lu|74\/100 psn|[from] item: Leftovers\n|-damage|p1a: Ting-Lu|62\/100 psn|[from] psn\n|-damage|p2a: Ninetales|73\/100 brn|[from] brn\n|upkeep\n|turn|27\n|\n|t:|1700343617\n|move|p2a: Ninetales|Freeze-Dry|p1a: Ting-Lu\n|-supereffective|p1a: Ting-Lu\n|-damage|p1a: Ting-Lu|43\/100 psn\n|move|p1a: Ting-Lu|Ruination|p2a: Ninetales\n|-damage|p2a: Ninetales|37\/100 brn\n|\n|-weather|none\n|-heal|p1a: Ting-Lu|50\/100 psn|[from] item: Leftovers\n|-damage|p1a: Ting-Lu|37\/100 psn|[from] psn\n|-damage|p2a: Ninetales|31\/100 brn|[from] brn\n|upkeep\n|turn|28\n|\n|t:|1700343627\n|move|p2a: Ninetales|Freeze-Dry|p1a: Ting-Lu\n|-supereffective|p1a: Ting-Lu\n|-damage|p1a: Ting-Lu|18\/100 psn\n|move|p1a: Ting-Lu|Stealth Rock|p2a: Ninetales\n|-sidestart|p2: TheZalmancer|move: Stealth Rock\n|\n|-heal|p1a: Ting-Lu|24\/100 psn|[from] item: Leftovers\n|-damage|p1a: Ting-Lu|12\/100 psn|[from] psn\n|-damage|p2a: Ninetales|25\/100 brn|[from] brn\n|upkeep\n|turn|29\n|\n|t:|1700343638\n|move|p2a: Ninetales|Freeze-Dry|p1a: Ting-Lu\n|-supereffective|p1a: Ting-Lu\n|-damage|p1a: Ting-Lu|0 fnt\n|faint|p1a: Ting-Lu\n|\n|-damage|p2a: Ninetales|19\/100 brn|[from] brn\n|upkeep\n|\n|t:|1700343644\n|switch|p1a: Meowscarada|Meowscarada, F|100\/100\n|turn|30\n|\n|t:|1700343650\n|move|p1a: Meowscarada|Flower Trick|p2a: Ninetales\n|-start|p1a: Meowscarada|typechange|Grass|[from] ability: Protean\n|-crit|p2a: Ninetales\n|-damage|p2a: Ninetales|0 fnt\n|faint|p2a: Ninetales\n|\n|upkeep\n|\n|t:|1700343656\n|switch|p2a: Slowking|Slowking-Galar, F|100\/100\n|-damage|p2a: Slowking|88\/100|[from] Stealth Rock\n|turn|31\n|\n|t:|1700343663\n|switch|p1a: Fezandipiti|Fezandipiti, M|100\/100\n|move|p2a: Slowking|Trick Room|p2a: Slowking\n|-fieldstart|move: Trick Room|[of] p2a: Slowking\n|\n|-heal|p2a: Slowking|94\/100|[from] item: Leftovers\n|upkeep\n|turn|32\n|\n|t:|1700343671\n|move|p2a: Slowking|Nasty Plot|p2a: Slowking\n|-boost|p2a: Slowking|spa|2\n|move|p1a: Fezandipiti|U-turn|p2a: Slowking\n|-damage|p2a: Slowking|87\/100\n|\n|t:|1700343679\n|switch|p1a: Zamazenta|Zamazenta|100\/100|[from] U-turn\n|\n|-heal|p2a: Slowking|93\/100|[from] item: Leftovers\n|-sideend|p2: TheZalmancer|move: Aurora Veil\n|upkeep\n|turn|33\n|\n|t:|1700343684\n|move|p2a: Slowking|Sludge Bomb|p1a: Zamazenta\n|-damage|p1a: Zamazenta|18\/100\n|move|p1a: Zamazenta|Crunch|p2a: Slowking\n|-supereffective|p2a: Slowking\n|-damage|p2a: Slowking|33\/100\n|\n|-heal|p2a: Slowking|39\/100|[from] item: Leftovers\n|upkeep\n|turn|34\n|\n|t:|1700343691\n|move|p2a: Slowking|Sludge Bomb|p1a: Zamazenta\n|-damage|p1a: Zamazenta|0 fnt\n|faint|p1a: Zamazenta\n|\n|-heal|p2a: Slowking|45\/100|[from] item: Leftovers\n|upkeep\n|\n|t:|1700343695\n|switch|p1a: Fezandipiti|Fezandipiti, M|100\/100\n|turn|35\n|\n|t:|1700343699\n|move|p2a: Slowking|Sludge Bomb|p1a: Fezandipiti\n|-damage|p1a: Fezandipiti|48\/100\n|move|p1a: Fezandipiti|U-turn|p2a: Slowking\n|-damage|p2a: Slowking|30\/100\n|\n|t:|1700343708\n|switch|p1a: Skeledirge|Skeledirge, M, tera:Fairy|67\/100|[from] U-turn\n|\n|-heal|p2a: Slowking|36\/100|[from] item: Leftovers\n|-fieldend|move: Trick Room\n|upkeep\n|turn|36\n|\n|t:|1700343714\n|move|p1a: Skeledirge|Hex|p2a: Slowking\n|-supereffective|p2a: Slowking\n|-damage|p2a: Slowking|1\/100\n|move|p2a: Slowking|Trick Room|p2a: Slowking\n|-fieldstart|move: Trick Room|[of] p2a: Slowking\n|\n|-heal|p2a: Slowking|7\/100|[from] item: Leftovers\n|upkeep\n|turn|37\n|\n|t:|1700343721\n|switch|p1a: Fezandipiti|Fezandipiti, M|48\/100\n|move|p2a: Slowking|Sludge Bomb|p1a: Fezandipiti\n|-damage|p1a: Fezandipiti|0 fnt\n|faint|p1a: Fezandipiti\n|\n|-heal|p2a: Slowking|13\/100|[from] item: Leftovers\n|upkeep\n|\n|t:|1700343722\n|switch|p1a: Meowscarada|Meowscarada, F|100\/100\n|turn|38\n|\n|t:|1700343730\n|move|p1a: Meowscarada|Sucker Punch|p2a: Slowking\n|-start|p1a: Meowscarada|typechange|Dark|[from] ability: Protean\n|-supereffective|p2a: Slowking\n|-damage|p2a: Slowking|0 fnt\n|faint|p2a: Slowking\n|\n|upkeep\n|\n|t:|1700343736\n|switch|p2a: Ditto|Ditto, shiny|52\/100\n|-damage|p2a: Ditto|39\/100|[from] Stealth Rock\n|-transform|p2a: Ditto|p1a: Meowscarada|[from] ability: Imposter\n|turn|39\n|\n|t:|1700343751\n|move|p1a: Meowscarada|Sucker Punch|p2a: Ditto\n|-resisted|p2a: Ditto\n|-damage|p2a: Ditto|3\/100\n|move|p2a: Ditto|U-turn|p1a: Meowscarada\n|-start|p2a: Ditto|typechange|Bug|[from] ability: Protean\n|-supereffective|p1a: Meowscarada\n|-damage|p1a: Meowscarada|0 fnt\n|faint|p1a: Meowscarada\n|\n|upkeep\n|\n|t:|1700343753\n|switch|p1a: Skeledirge|Skeledirge, M, tera:Fairy|67\/100\n|turn|40\n|\n|t:|1700343760\n|move|p1a: Skeledirge|Torch Song|p2a: Ditto\n|-supereffective|p2a: Ditto\n|-damage|p2a: Ditto|0 fnt\n|-boost|p1a: Skeledirge|spa|1\n|faint|p2a: Ditto\n|\n|win|jellofish01\n|raw|jellofish01's rating: 1218 &rarr; <strong>1251<\/strong><br \/>(+33 for winning)\n|raw|TheZalmancer's rating: 1327 &rarr; <strong>1301<\/strong><br \/>(-26 for losing)\n|l|\u2606jellofish01\n|c|\u2606TheZalmancer|ggs\n","uploadtime":1700343770,"views":13,"p1id":"jellofish01","p2id":"thezalmancer","formatid":"gen9ou","rating":1251,"private":0,"password":""}