{"id":"gen9ou-1997003708","p1":"coolaidt","p2":"red violet blue","format":"[Gen 9] OU","log":"|j|\u2606coolaidt\n|j|\u2606red violet blue\n|t:|1700754625\n|gametype|singles\n|player|p1|coolaidt|266|1619\n|player|p2|red violet blue|101|1617\n|teamsize|p1|6\n|teamsize|p2|6\n|gen|9\n|tier|[Gen 9] OU\n|rated|\n|rule|Sleep Clause Mod: Limit one foe put to sleep\n|rule|Species Clause: Limit one of each Pok\u00e9mon\n|rule|OHKO Clause: OHKO moves are banned\n|rule|Evasion Items Clause: Evasion items are banned\n|rule|Evasion Moves Clause: Evasion moves are banned\n|rule|Endless Battle Clause: Forcing endless battles is banned\n|rule|HP Percentage Mod: HP is shown in percentages\n|clearpoke\n|poke|p1|Gholdengo|\n|poke|p1|Garganacl, M|\n|poke|p1|Landorus-Therian, M|\n|poke|p1|Hatterene, F|\n|poke|p1|Cinderace, F|\n|poke|p1|Ogerpon-Cornerstone, F|\n|poke|p2|Ribombee, F|\n|poke|p2|Kingambit, F|\n|poke|p2|Greninja-*, M|\n|poke|p2|Iron Valiant|\n|poke|p2|Manaphy|\n|poke|p2|Gholdengo|\n|teampreview\n|inactive|Battle timer is ON: inactive players will automatically lose when time's up. (requested by red violet blue)\n|\n|t:|1700754630\n|start\n|switch|p1a: Cinderace|Cinderace, F|100\/100\n|switch|p2a: Ribombee|Ribombee, F|100\/100\n|turn|1\n|\n|t:|1700754639\n|move|p2a: Ribombee|Stun Spore|p1a: Cinderace\n|-status|p1a: Cinderace|par\n|move|p1a: Cinderace|U-turn|p2a: Ribombee\n|-start|p1a: Cinderace|typechange|Bug|[from] ability: Libero\n|-resisted|p2a: Ribombee\n|-crit|p2a: Ribombee\n|-damage|p2a: Ribombee|27\/100\n|\n|t:|1700754647\n|switch|p1a: Hatterene|Hatterene, F|100\/100|[from] U-turn\n|\n|upkeep\n|turn|2\n|\n|t:|1700754651\n|move|p2a: Ribombee|Moonblast|p1a: Hatterene\n|-damage|p1a: Hatterene|61\/100\n|move|p1a: Hatterene|Mystical Fire|p2a: Ribombee\n|-supereffective|p2a: Ribombee\n|-damage|p2a: Ribombee|0 fnt\n|faint|p2a: Ribombee\n|\n|upkeep\n|\n|t:|1700754660\n|switch|p2a: Kingambit|Kingambit, F|100\/100\n|-activate|p2a: Kingambit|ability: Supreme Overlord\n|-start|p2a: Kingambit|fallen1|[silent]\n|turn|3\n|\n|t:|1700754666\n|move|p2a: Kingambit|Kowtow Cleave|p1a: Hatterene\n|-damage|p1a: Hatterene|5\/100\n|move|p1a: Hatterene|Mystical Fire|p2a: Kingambit\n|-supereffective|p2a: Kingambit\n|-damage|p2a: Kingambit|0 fnt\n|faint|p2a: Kingambit\n|-end|p2a: Kingambit|fallen1|[silent]\n|\n|upkeep\n|\n|t:|1700754686\n|switch|p2a: Manaphy|Manaphy|100\/100\n|turn|4\n|\n|t:|1700754696\n|switch|p1a: Ogerpon|Ogerpon-Cornerstone, F|100\/100\n|move|p2a: Manaphy|Acid Armor|p2a: Manaphy\n|-boost|p2a: Manaphy|def|2\n|\n|upkeep\n|turn|5\n|\n|t:|1700754703\n|-terastallize|p2a: Manaphy|Poison\n|move|p1a: Ogerpon|Power Whip|p2a: Manaphy\n|-resisted|p2a: Manaphy\n|-damage|p2a: Manaphy|88\/100\n|move|p2a: Manaphy|Acid Armor|p2a: Manaphy\n|-boost|p2a: Manaphy|def|2\n|\n|-heal|p2a: Manaphy|94\/100|[from] item: Leftovers\n|upkeep\n|turn|6\n|\n|t:|1700754715\n|switch|p1a: Garganacl|Garganacl, M|100\/100\n|move|p2a: Manaphy|Take Heart|p2a: Manaphy\n|-boost|p2a: Manaphy|spa|1\n|-boost|p2a: Manaphy|spd|1\n|\n|-heal|p2a: Manaphy|100\/100|[from] item: Leftovers\n|upkeep\n|turn|7\n|\n|t:|1700754723\n|-terastallize|p1a: Garganacl|Water\n|move|p2a: Manaphy|Take Heart|p2a: Manaphy\n|-boost|p2a: Manaphy|spa|1\n|-boost|p2a: Manaphy|spd|1\n|move|p1a: Garganacl|Salt Cure|p2a: Manaphy\n|-crit|p2a: Manaphy\n|-damage|p2a: Manaphy|86\/100\n|-start|p2a: Manaphy|Salt Cure\n|\n|-heal|p2a: Manaphy|92\/100|[from] item: Leftovers\n|-damage|p2a: Manaphy|79\/100|[from] Salt Cure\n|upkeep\n|turn|8\n|j| FULKU\n|\n|t:|1700754736\n|move|p2a: Manaphy|Take Heart|p2a: Manaphy\n|-boost|p2a: Manaphy|spa|1\n|-boost|p2a: Manaphy|spd|1\n|move|p1a: Garganacl|Salt Cure|p2a: Manaphy\n|-damage|p2a: Manaphy|76\/100\n|\n|-heal|p2a: Manaphy|83\/100|[from] item: Leftovers\n|-damage|p2a: Manaphy|70\/100|[from] Salt Cure\n|upkeep\n|turn|9\n|\n|t:|1700754748\n|move|p2a: Manaphy|Stored Power|p1a: Garganacl\n|-damage|p1a: Garganacl|13\/100\n|move|p1a: Garganacl|Salt Cure|p2a: Manaphy\n|-damage|p2a: Manaphy|67\/100\n|\n|-heal|p2a: Manaphy|73\/100|[from] item: Leftovers\n|-heal|p1a: Garganacl|19\/100|[from] item: Leftovers\n|-damage|p2a: Manaphy|61\/100|[from] Salt Cure\n|upkeep\n|turn|10\n|j| Modachi\n|\n|t:|1700754769\n|switch|p1a: Hatterene|Hatterene, F|5\/100\n|move|p2a: Manaphy|Stored Power|p1a: Hatterene\n|-resisted|p1a: Hatterene\n|-damage|p1a: Hatterene|0 fnt\n|faint|p1a: Hatterene\n|\n|-heal|p2a: Manaphy|67\/100|[from] item: Leftovers\n|-damage|p2a: Manaphy|55\/100|[from] Salt Cure\n|upkeep\n|l| Modachi\n|inactive|coolaidt has 120 seconds left.\n|\n|t:|1700754785\n|switch|p1a: Ogerpon|Ogerpon-Cornerstone, F|100\/100\n|turn|11\n|\n|t:|1700754790\n|move|p1a: Ogerpon|Ivy Cudgel|p2a: Manaphy|[anim] Ivy Cudgel Rock\n|-damage|p2a: Manaphy|42\/100\n|move|p2a: Manaphy|Scald|p1a: Ogerpon\n|-damage|p1a: Ogerpon|18\/100\n|\n|-heal|p2a: Manaphy|48\/100|[from] item: Leftovers\n|-damage|p2a: Manaphy|36\/100|[from] Salt Cure\n|upkeep\n|turn|12\n|\n|t:|1700754802\n|move|p1a: Ogerpon|Ivy Cudgel|p2a: Manaphy|[anim] Ivy Cudgel Rock\n|-damage|p2a: Manaphy|22\/100\n|move|p2a: Manaphy|Scald|p1a: Ogerpon\n|-damage|p1a: Ogerpon|0 fnt\n|faint|p1a: Ogerpon\n|\n|-heal|p2a: Manaphy|28\/100|[from] item: Leftovers\n|-damage|p2a: Manaphy|16\/100|[from] Salt Cure\n|upkeep\n|inactive|coolaidt has 120 seconds left.\n|\n|t:|1700754823\n|switch|p1a: Garganacl|Garganacl, M, tera:Water|19\/100\n|turn|13\n|inactive|coolaidt has 120 seconds left.\n|\n|t:|1700754830\n|move|p2a: Manaphy|Scald|p1a: Garganacl\n|-resisted|p1a: Garganacl\n|-damage|p1a: Garganacl|0 fnt\n|faint|p1a: Garganacl\n|\n|-heal|p2a: Manaphy|22\/100|[from] item: Leftovers\n|-damage|p2a: Manaphy|10\/100|[from] Salt Cure\n|upkeep\n|\n|t:|1700754834\n|switch|p1a: Landorus|Landorus-Therian, M|100\/100\n|-ability|p1a: Landorus|Intimidate|boost\n|-unboost|p2a: Manaphy|atk|1\n|turn|14\n|\n|t:|1700754838\n|move|p1a: Landorus|Earthquake|p2a: Manaphy\n|-supereffective|p2a: Manaphy\n|-damage|p2a: Manaphy|0 fnt\n|faint|p2a: Manaphy\n|\n|upkeep\n|\n|t:|1700754848\n|switch|p2a: Gholdengo|Gholdengo|100\/100\n|-item|p2a: Gholdengo|Air Balloon\n|turn|15\n|\n|t:|1700754855\n|switch|p1a: Cinderace|Cinderace, F|100\/100 par\n|move|p2a: Gholdengo|Nasty Plot|p2a: Gholdengo\n|-boost|p2a: Gholdengo|spa|2\n|\n|upkeep\n|turn|16\n|\n|t:|1700754861\n|move|p2a: Gholdengo|Shadow Ball|p1a: Cinderace\n|-damage|p1a: Cinderace|7\/100 par\n|move|p1a: Cinderace|Pyro Ball|p2a: Gholdengo\n|-supereffective|p2a: Gholdengo\n|-damage|p2a: Gholdengo|0 fnt\n|-enditem|p2a: Gholdengo|Air Balloon\n|faint|p2a: Gholdengo\n|\n|upkeep\n|\n|t:|1700754864\n|switch|p2a: Greninja|Greninja, M|100\/100\n|turn|17\n|\n|t:|1700754872\n|move|p2a: Greninja|Dark Pulse|p1a: Cinderace\n|-crit|p1a: Cinderace\n|-damage|p1a: Cinderace|0 fnt\n|faint|p1a: Cinderace\n|-ability|p2a: Greninja|Battle Bond|boost\n|-boost|p2a: Greninja|atk|1\n|-boost|p2a: Greninja|spa|1\n|-boost|p2a: Greninja|spe|1\n|-activate|p2a: Greninja|ability: Battle Bond\n|-damage|p2a: Greninja|91\/100|[from] item: Life Orb\n|\n|upkeep\n|\n|t:|1700754876\n|switch|p1a: Landorus|Landorus-Therian, M|100\/100\n|-ability|p1a: Landorus|Intimidate|boost\n|-unboost|p2a: Greninja|atk|1\n|turn|18\n|c|\u2606coolaidt|gg\n|\n|t:|1700754882\n|move|p2a: Greninja|Surf|p1a: Landorus\n|-supereffective|p1a: Landorus\n|-damage|p1a: Landorus|0 fnt\n|faint|p1a: Landorus\n|-damage|p2a: Greninja|81\/100|[from] item: Life Orb\n|\n|upkeep\n|-message|coolaidt forfeited.\n|\n|win|red violet blue\n|raw|coolaidt's rating: 1619 &rarr; <strong>1599<\/strong><br \/>(-20 for losing)\n|raw|red violet blue's rating: 1617 &rarr; <strong>1637<\/strong><br \/>(+20 for winning)\n|l|\u2606coolaidt\n|c|\u2606red violet blue|Gg\n","uploadtime":1700754895,"views":4,"p1id":"coolaidt","p2id":"redvioletblue","formatid":"gen9ou","rating":1599,"private":0,"password":""}