{"id":"gen9ou-1989098918","p1":"Furycutting Edge","p2":"doubleinteleon009","format":"[Gen 9] OU","log":"|j|\u2606Furycutting Edge\n|j|\u2606doubleinteleon009\n|t:|1699812023\n|gametype|singles\n|player|p1|Furycutting Edge|elesa-masters2|1041\n|player|p2|doubleinteleon009|ash-kalos|1083\n|teamsize|p1|6\n|teamsize|p2|6\n|gen|9\n|tier|[Gen 9] OU\n|rated|\n|rule|Sleep Clause Mod: Limit one foe put to sleep\n|rule|Species Clause: Limit one of each Pok\u00e9mon\n|rule|OHKO Clause: OHKO moves are banned\n|rule|Evasion Items Clause: Evasion items are banned\n|rule|Evasion Moves Clause: Evasion moves are banned\n|rule|Endless Battle Clause: Forcing endless battles is banned\n|rule|HP Percentage Mod: HP is shown in percentages\n|clearpoke\n|poke|p1|Iron Valiant|\n|poke|p1|Kingambit, F|\n|poke|p1|Scizor, F|\n|poke|p1|Samurott-Hisui, M|\n|poke|p1|Ursaluna, F|\n|poke|p1|Gallade, M|\n|poke|p2|Ceruledge, M|\n|poke|p2|Garganacl, M|\n|poke|p2|Great Tusk|\n|poke|p2|Goodra-Hisui, F|\n|poke|p2|Tropius, F|\n|poke|p2|Torterra, F|\n|teampreview\n|inactive|Battle timer is ON: inactive players will automatically lose when time's up. (requested by Furycutting Edge)\n|\n|t:|1699812040\n|start\n|switch|p1a: Ire|Scizor, F|100\/100\n|switch|p2a: Ceruledge|Ceruledge, M|100\/100\n|turn|1\n|\n|t:|1699812046\n|switch|p1a: Rage|Samurott-Hisui, M|100\/100\n|move|p2a: Ceruledge|Bitter Blade|p1a: Rage\n|-resisted|p1a: Rage\n|-damage|p1a: Rage|70\/100\n|\n|upkeep\n|turn|2\n|\n|t:|1699812054\n|move|p2a: Ceruledge|Phantom Force||[still]\n|-prepare|p2a: Ceruledge|Phantom Force\n|move|p1a: Rage|Flip Turn|p2a: Ceruledge|[miss]\n|-miss|p1a: Rage|p2a: Ceruledge\n|\n|upkeep\n|turn|3\n|\n|t:|1699812059\n|switch|p1a: Furor|Ursaluna, F|100\/100\n|move|p2a: Ceruledge|Phantom Force|p1a: Furor|[from]lockedmove\n|-immune|p1a: Furor\n|\n|-status|p1a: Furor|brn|[from] item: Flame Orb\n|upkeep\n|turn|4\n|\n|t:|1699812075\n|move|p2a: Ceruledge|Close Combat|p1a: Furor\n|-supereffective|p1a: Furor\n|-damage|p1a: Furor|44\/100 brn\n|-unboost|p2a: Ceruledge|def|1\n|-unboost|p2a: Ceruledge|spd|1\n|move|p1a: Furor|Headlong Rush|p2a: Ceruledge\n|-supereffective|p2a: Ceruledge\n|-damage|p2a: Ceruledge|0 fnt\n|-unboost|p1a: Furor|def|1\n|-unboost|p1a: Furor|spd|1\n|faint|p2a: Ceruledge\n|\n|-damage|p1a: Furor|38\/100 brn|[from] brn\n|upkeep\n|\n|t:|1699812089\n|switch|p2a: Garganacl|Garganacl, M|100\/100\n|turn|5\n|\n|t:|1699812094\n|move|p1a: Furor|Headlong Rush|p2a: Garganacl\n|-supereffective|p2a: Garganacl\n|-damage|p2a: Garganacl|0 fnt\n|-unboost|p1a: Furor|def|1\n|-unboost|p1a: Furor|spd|1\n|faint|p2a: Garganacl\n|\n|-damage|p1a: Furor|32\/100 brn|[from] brn\n|upkeep\n|\n|t:|1699812114\n|switch|p2a: Great Tusk|Great Tusk|100\/100\n|-enditem|p2a: Great Tusk|Booster Energy\n|-activate|p2a: Great Tusk|ability: Protosynthesis|[fromitem]\n|-start|p2a: Great Tusk|protosynthesisspe\n|turn|6\n|\n|t:|1699812124\n|move|p2a: Great Tusk|Close Combat|p1a: Furor\n|-supereffective|p1a: Furor\n|-damage|p1a: Furor|0 fnt\n|-unboost|p2a: Great Tusk|def|1\n|-unboost|p2a: Great Tusk|spd|1\n|faint|p1a: Furor\n|\n|upkeep\n|\n|t:|1699812143\n|switch|p1a: Ire|Scizor, F|100\/100\n|turn|7\n|\n|t:|1699812152\n|move|p2a: Great Tusk|Close Combat|p1a: Ire\n|-damage|p1a: Ire|36\/100\n|-unboost|p2a: Great Tusk|def|1\n|-unboost|p2a: Great Tusk|spd|1\n|move|p1a: Ire|Trailblaze|p2a: Great Tusk\n|-supereffective|p2a: Great Tusk\n|-damage|p2a: Great Tusk|14\/100\n|-boost|p1a: Ire|spe|1\n|-damage|p1a: Ire|26\/100|[from] item: Life Orb\n|\n|upkeep\n|turn|8\n|\n|t:|1699812176\n|move|p1a: Ire|Bullet Punch|p2a: Great Tusk\n|-damage|p2a: Great Tusk|0 fnt\n|faint|p2a: Great Tusk\n|-end|p2a: Great Tusk|Protosynthesis|[silent]\n|-damage|p1a: Ire|16\/100|[from] item: Life Orb\n|\n|upkeep\n|\n|t:|1699812184\n|switch|p2a: Goodra|Goodra-Hisui, F|100\/100\n|turn|9\n|\n|t:|1699812193\n|move|p1a: Ire|Fury Cutter|p2a: Goodra\n|-resisted|p2a: Goodra\n|-damage|p2a: Goodra|80\/100\n|-damage|p1a: Ire|6\/100|[from] item: Life Orb\n|move|p2a: Goodra|Fire Blast|p1a: Ire\n|-supereffective|p1a: Ire\n|-damage|p1a: Ire|0 fnt\n|faint|p1a: Ire\n|\n|upkeep\n|\n|t:|1699812204\n|switch|p1a: Rage|Samurott-Hisui, M|70\/100\n|turn|10\n|\n|t:|1699812209\n|move|p1a: Rage|Sacred Sword|p2a: Goodra\n|-supereffective|p2a: Goodra\n|-damage|p2a: Goodra|1\/100\n|move|p2a: Goodra|Earthquake|p1a: Rage\n|-damage|p1a: Rage|45\/100\n|\n|upkeep\n|turn|11\n|\n|t:|1699812220\n|-terastallize|p1a: Rage|Bug\n|move|p1a: Rage|Fury Cutter|p2a: Goodra\n|-resisted|p2a: Goodra\n|-damage|p2a: Goodra|0 fnt\n|faint|p2a: Goodra\n|\n|upkeep\n|\n|t:|1699812226\n|switch|p2a: Torterra|Torterra, F|100\/100\n|turn|12\n|\n|t:|1699812232\n|move|p1a: Rage|Fury Cutter|p2a: Torterra\n|-supereffective|p2a: Torterra\n|-damage|p2a: Torterra|0 fnt\n|faint|p2a: Torterra\n|\n|upkeep\n|\n|t:|1699812242\n|switch|p2a: Royal Pear|Tropius, F|100\/100\n|turn|13\n|\n|t:|1699812248\n|move|p1a: Rage|Fury Cutter|p2a: Royal Pear\n|-damage|p2a: Royal Pear|0 fnt\n|faint|p2a: Royal Pear\n|\n|win|Furycutting Edge\n|raw|Furycutting Edge's rating: 1041 &rarr; <strong>1079<\/strong><br \/>(+38 for winning)\n|raw|doubleinteleon009's rating: 1083 &rarr; <strong>1058<\/strong><br \/>(-25 for losing)\n|l|\u2606doubleinteleon009\n","uploadtime":1699812254,"views":27,"p1id":"furycuttingedge","p2id":"doubleinteleon009","formatid":"gen9ou","rating":1058,"private":0,"password":""}