{"id":"gen9ou-1989551219","p1":"RSDPM","p2":"Miettinen","format":"[Gen 9] OU","log":"|j|\u2606RSDPM\n|j|\u2606Miettinen\n|t:|1699869926\n|gametype|singles\n|player|p1|RSDPM|riley|1237\n|player|p2|Miettinen|n|1201\n|teamsize|p1|6\n|teamsize|p2|6\n|gen|9\n|tier|[Gen 9] OU\n|rated|\n|rule|Sleep Clause Mod: Limit one foe put to sleep\n|rule|Species Clause: Limit one of each Pok\u00e9mon\n|rule|OHKO Clause: OHKO moves are banned\n|rule|Evasion Items Clause: Evasion items are banned\n|rule|Evasion Moves Clause: Evasion moves are banned\n|rule|Endless Battle Clause: Forcing endless battles is banned\n|rule|HP Percentage Mod: HP is shown in percentages\n|clearpoke\n|poke|p1|Arcanine-Hisui, F|\n|poke|p1|Electrode-Hisui|\n|poke|p1|Lilligant-Hisui, F|\n|poke|p1|Zoroark-Hisui, F|\n|poke|p1|Braviary-Hisui, M|\n|poke|p1|Avalugg-Hisui, F|\n|poke|p2|Ogerpon-Wellspring, F|\n|poke|p2|Iron Moth|\n|poke|p2|Great Tusk|\n|poke|p2|Kingambit, M|\n|poke|p2|Glimmora, F|\n|poke|p2|Iron Valiant|\n|teampreview\n|\n|t:|1699869933\n|start\n|switch|p1a: Avalugg|Avalugg-Hisui, F|100\/100\n|switch|p2a: Glimmora|Glimmora, F|100\/100\n|turn|1\n|inactive|Battle timer is ON: inactive players will automatically lose when time's up. (requested by RSDPM)\n|\n|t:|1699869942\n|move|p2a: Glimmora|Stealth Rock|p1a: Avalugg\n|-sidestart|p1: RSDPM|move: Stealth Rock\n|move|p1a: Avalugg|Gyro Ball|p2a: Glimmora\n|-supereffective|p2a: Glimmora\n|-damage|p2a: Glimmora|20\/100\n|-activate|p2a: Glimmora|ability: Toxic Debris\n|-sidestart|p1: RSDPM|move: Toxic Spikes\n|\n|upkeep\n|turn|2\n|\n|t:|1699869965\n|switch|p2a: Kingambit|Kingambit, M|100\/100\n|move|p1a: Avalugg|Rapid Spin|p2a: Kingambit\n|-resisted|p2a: Kingambit\n|-damage|p2a: Kingambit|94\/100\n|-boost|p1a: Avalugg|spe|1\n|-sideend|p1: RSDPM|Toxic Spikes|[from] move: Rapid Spin|[of] p1a: Avalugg\n|-sideend|p1: RSDPM|Stealth Rock|[from] move: Rapid Spin|[of] p1a: Avalugg\n|\n|-heal|p2a: Kingambit|99\/100|[from] item: Leftovers\n|upkeep\n|turn|3\n|\n|t:|1699869977\n|move|p2a: Kingambit|Iron Head|p1a: Avalugg\n|-supereffective|p1a: Avalugg\n|-ability|p1a: Avalugg|Sturdy\n|-damage|p1a: Avalugg|1\/100\n|-damage|p2a: Kingambit|83\/100|[from] item: Rocky Helmet|[of] p1a: Avalugg\n|move|p1a: Avalugg|Stealth Rock|p2a: Kingambit\n|-sidestart|p2: Miettinen|move: Stealth Rock\n|\n|-heal|p2a: Kingambit|90\/100|[from] item: Leftovers\n|upkeep\n|turn|4\n|\n|t:|1699869989\n|move|p2a: Kingambit|Iron Head|p1a: Avalugg\n|-supereffective|p1a: Avalugg\n|-damage|p1a: Avalugg|0 fnt\n|-damage|p2a: Kingambit|73\/100|[from] item: Rocky Helmet|[of] p1a: Avalugg\n|faint|p1a: Avalugg\n|\n|-heal|p2a: Kingambit|79\/100|[from] item: Leftovers\n|upkeep\n|\n|t:|1699869996\n|switch|p1a: Arcanine|Arcanine-Hisui, F|100\/100\n|turn|5\n|\n|t:|1699870006\n|-end|p2a: Kingambit|fallenundefined|[silent]\n|switch|p2a: Ogerpon|Ogerpon-Wellspring, F|100\/100\n|-damage|p2a: Ogerpon|88\/100|[from] Stealth Rock\n|move|p1a: Arcanine|Flare Blitz|p2a: Ogerpon\n|-damage|p2a: Ogerpon|11\/100\n|\n|upkeep\n|turn|6\n|\n|t:|1699870017\n|move|p1a: Arcanine|Extreme Speed|p2a: Ogerpon\n|-crit|p2a: Ogerpon\n|-damage|p2a: Ogerpon|0 fnt\n|faint|p2a: Ogerpon\n|\n|upkeep\n|\n|t:|1699870030\n|switch|p2a: Great Tusk|Great Tusk|100\/100\n|-damage|p2a: Great Tusk|98\/100|[from] Stealth Rock\n|-enditem|p2a: Great Tusk|Booster Energy\n|-activate|p2a: Great Tusk|ability: Protosynthesis|[fromitem]\n|-start|p2a: Great Tusk|protosynthesisatk\n|turn|7\n|\n|t:|1699870040\n|switch|p1a: Lilligant|Lilligant-Hisui, F|100\/100\n|move|p2a: Great Tusk|Bulk Up|p2a: Great Tusk\n|-boost|p2a: Great Tusk|atk|1\n|-boost|p2a: Great Tusk|def|1\n|\n|upkeep\n|turn|8\n|inactive|Miettinen has 120 seconds left.\n|inactive|Miettinen has 90 seconds left.\n|\n|t:|1699870107\n|-terastallize|p2a: Great Tusk|Ice\n|move|p1a: Lilligant|Trick|p2a: Great Tusk\n|-activate|p1a: Lilligant|move: Trick|[of] p2a: Great Tusk\n|-item|p2a: Great Tusk|Choice Scarf|[from] move: Trick\n|-enditem|p1a: Lilligant|Choice Scarf|[silent]|[from] move: Trick\n|move|p2a: Great Tusk|Ice Spinner|p1a: Lilligant\n|-damage|p1a: Lilligant|0 fnt\n|replace|p1a: Zoroark|Zoroark-Hisui, F\n|-end|p1a: Zoroark|Illusion\n|faint|p1a: Zoroark\n|\n|upkeep\n|\n|t:|1699870118\n|switch|p1a: Arcanine|Arcanine-Hisui, F|100\/100\n|turn|9\n|inactive|Miettinen has 90 seconds left.\n|inactive|Miettinen has 60 seconds left.\n|\n|t:|1699870154\n|-end|p2a: Great Tusk|Protosynthesis|[silent]\n|switch|p2a: Glimmora|Glimmora, F|20\/100\n|-damage|p2a: Glimmora|8\/100|[from] Stealth Rock\n|move|p1a: Arcanine|Flare Blitz|p2a: Glimmora\n|-resisted|p2a: Glimmora\n|-damage|p2a: Glimmora|0 fnt\n|-activate|p2a: Glimmora|ability: Toxic Debris\n|-sidestart|p1: RSDPM|move: Toxic Spikes\n|faint|p2a: Glimmora\n|\n|upkeep\n|inactive|Miettinen has 60 seconds left.\n|\n|t:|1699870187\n|switch|p2a: Iron Valiant|Iron Valiant|100\/100\n|-damage|p2a: Iron Valiant|94\/100|[from] Stealth Rock\n|-enditem|p2a: Iron Valiant|Booster Energy\n|-activate|p2a: Iron Valiant|ability: Quark Drive|[fromitem]\n|-start|p2a: Iron Valiant|quarkdrivespe\n|turn|10\n|inactive|Miettinen has 30 seconds left.\n|\n|t:|1699870203\n|move|p2a: Iron Valiant|Shadow Ball|p1a: Arcanine\n|-damage|p1a: Arcanine|78\/100\n|move|p1a: Arcanine|Flare Blitz|p2a: Iron Valiant\n|-damage|p2a: Iron Valiant|15\/100\n|\n|upkeep\n|turn|11\n|inactive|Miettinen has 30 seconds left.\n|inactive|Miettinen has 20 seconds left.\n|inactive|Miettinen has 15 seconds left.\n|inactive|Miettinen has 10 seconds left.\n|inactive|Miettinen has 5 seconds left.\n|\n|t:|1699870241\n|-end|p2a: Iron Valiant|Quark Drive|[silent]\n|switch|p2a: Iron Moth|Iron Moth|100\/100\n|-damage|p2a: Iron Moth|76\/100|[from] Stealth Rock\n|-enditem|p2a: Iron Moth|Booster Energy\n|-activate|p2a: Iron Moth|ability: Quark Drive|[fromitem]\n|-start|p2a: Iron Moth|quarkdrivespe\n|move|p1a: Arcanine|Extreme Speed|p2a: Iron Moth\n|-damage|p2a: Iron Moth|33\/100\n|\n|upkeep\n|turn|12\n|inactive|Miettinen has 15 seconds left this turn.\n|inactive|Miettinen has 10 seconds left.\n|inactive|Miettinen has 5 seconds left.\n|\n|t:|1699870254\n|move|p1a: Arcanine|Extreme Speed|p2a: Iron Moth\n|-damage|p2a: Iron Moth|0 fnt\n|faint|p2a: Iron Moth\n|-end|p2a: Iron Moth|Quark Drive|[silent]\n|\n|upkeep\n|inactive|Miettinen has 10 seconds left this turn.\n|inactive|Miettinen has 5 seconds left.\n|-message|Miettinen forfeited.\n|\n|win|RSDPM\n|inactive|Miettinen has 10 seconds left this turn.\n|raw|RSDPM's rating: 1237 &rarr; <strong>1259<\/strong><br \/>(+22 for winning)\n|raw|Miettinen's rating: 1201 &rarr; <strong>1179<\/strong><br \/>(-22 for losing)\n|l|\u2606Miettinen\n","uploadtime":1699870272,"views":8,"p1id":"rsdpm","p2id":"miettinen","formatid":"gen9ou","rating":1179,"private":0,"password":""}