{"id":"gen9ou-1995893095","p1":"Senhor de Canavial","p2":"mmeira","format":"[Gen 9] OU","log":"|j|\u2606Senhor de Canavial\n|j|\u2606mmeira\n|t:|1700614408\n|gametype|singles\n|player|p1|Senhor de Canavial|ghetsis-gen5bw|\n|player|p2|mmeira|n-masters3|\n|teamsize|p1|6\n|teamsize|p2|6\n|gen|9\n|tier|[Gen 9] OU\n|rule|Sleep Clause Mod: Limit one foe put to sleep\n|rule|Species Clause: Limit one of each Pok\u00e9mon\n|rule|OHKO Clause: OHKO moves are banned\n|rule|Evasion Items Clause: Evasion items are banned\n|rule|Evasion Moves Clause: Evasion moves are banned\n|rule|Endless Battle Clause: Forcing endless battles is banned\n|rule|HP Percentage Mod: HP is shown in percentages\n|clearpoke\n|poke|p1|Bisharp, M|\n|poke|p1|Iron Thorns|\n|poke|p1|Quagsire, F|\n|poke|p1|Bronzong|\n|poke|p1|Cloyster, F|\n|poke|p1|Salamence, F|\n|poke|p2|Zapdos|\n|poke|p2|Scizor, M|\n|poke|p2|Arcanine-Hisui, M|\n|poke|p2|Weezing, F|\n|poke|p2|Tyranitar, F|\n|poke|p2|Brambleghast, F|\n|teampreview\n|j| Zemsacional\n|j| cangica\n|\n|t:|1700614490\n|start\n|switch|p1a: Bronzong|Bronzong|100\/100\n|switch|p2a: Katchaum|Scizor, M|100\/100\n|turn|1\n|\n|t:|1700614521\n|move|p2a: Katchaum|U-turn|p1a: Bronzong\n|-damage|p1a: Bronzong|76\/100\n|\n|t:|1700614524\n|switch|p2a: Bras|Brambleghast, F|100\/100|[from] U-turn\n|move|p1a: Bronzong|Reflect|p1a: Bronzong\n|-sidestart|p1: Senhor de Canavial|Reflect\n|\n|upkeep\n|turn|2\n|\n|t:|1700614547\n|move|p2a: Bras|Leech Seed|p1a: Bronzong\n|-start|p1a: Bronzong|move: Leech Seed\n|move|p1a: Bronzong|Stealth Rock|p2a: Bras\n|-sidestart|p2: mmeira|move: Stealth Rock\n|\n|-damage|p1a: Bronzong|64\/100|[from] Leech Seed|[of] p2a: Bras\n|upkeep\n|turn|3\n|\n|t:|1700614555\n|switch|p1a: N DA TERA|Salamence, F|100\/100\n|-ability|p1a: N DA TERA|Intimidate|boost\n|-unboost|p2a: Bras|atk|1\n|move|p2a: Bras|Rapid Spin|p1a: N DA TERA\n|-damage|p1a: N DA TERA|94\/100\n|-boost|p2a: Bras|spe|1\n|-sideend|p2: mmeira|Stealth Rock|[from] move: Rapid Spin|[of] p2a: Bras\n|\n|upkeep\n|turn|4\n|\n|t:|1700614569\n|switch|p2a: S\u00e3o e Paulo|Weezing, F|100\/100\n|move|p1a: N DA TERA|Dragon Dance|p1a: N DA TERA\n|-boost|p1a: N DA TERA|atk|1\n|-boost|p1a: N DA TERA|spe|1\n|\n|upkeep\n|turn|5\n|\n|t:|1700614599\n|move|p1a: N DA TERA|Dragon Dance|p1a: N DA TERA\n|-boost|p1a: N DA TERA|atk|1\n|-boost|p1a: N DA TERA|spe|1\n|move|p2a: S\u00e3o e Paulo|Will-O-Wisp|p1a: N DA TERA\n|-status|p1a: N DA TERA|brn\n|\n|-damage|p1a: N DA TERA|88\/100 brn|[from] brn\n|upkeep\n|turn|6\n|\n|t:|1700614608\n|move|p1a: N DA TERA|Dragon Dance|p1a: N DA TERA\n|-boost|p1a: N DA TERA|atk|1\n|-boost|p1a: N DA TERA|spe|1\n|move|p2a: S\u00e3o e Paulo|Sludge Bomb|p1a: N DA TERA\n|-damage|p1a: N DA TERA|62\/100 brn\n|\n|-damage|p1a: N DA TERA|56\/100 brn|[from] brn\n|upkeep\n|turn|7\n|\n|t:|1700614624\n|move|p1a: N DA TERA|Dual Wingbeat|p2a: S\u00e3o e Paulo|[miss]\n|-miss|p1a: N DA TERA|p2a: S\u00e3o e Paulo\n|move|p2a: S\u00e3o e Paulo|Toxic Spikes|p1a: N DA TERA\n|-sidestart|p1: Senhor de Canavial|move: Toxic Spikes\n|\n|-damage|p1a: N DA TERA|49\/100 brn|[from] brn\n|upkeep\n|turn|8\n|\n|t:|1700614633\n|move|p1a: N DA TERA|Dual Wingbeat|p2a: S\u00e3o e Paulo|[miss]\n|-miss|p1a: N DA TERA|p2a: S\u00e3o e Paulo\n|move|p2a: S\u00e3o e Paulo|Toxic Spikes|p1a: N DA TERA\n|-sidestart|p1: Senhor de Canavial|move: Toxic Spikes\n|\n|-damage|p1a: N DA TERA|43\/100 brn|[from] brn\n|-sideend|p1: Senhor de Canavial|Reflect\n|upkeep\n|turn|9\n|\n|t:|1700614641\n|move|p1a: N DA TERA|Dual Wingbeat|p2a: S\u00e3o e Paulo\n|-damage|p2a: S\u00e3o e Paulo|82\/100\n|-damage|p2a: S\u00e3o e Paulo|62\/100\n|-hitcount|p2a: S\u00e3o e Paulo|2\n|move|p2a: S\u00e3o e Paulo|Sludge Bomb|p1a: N DA TERA\n|-damage|p1a: N DA TERA|15\/100 brn\n|\n|-heal|p2a: S\u00e3o e Paulo|68\/100|[from] item: Leftovers\n|-damage|p1a: N DA TERA|9\/100 brn|[from] brn\n|upkeep\n|turn|10\n|\n|t:|1700614666\n|move|p1a: N DA TERA|Dual Wingbeat|p2a: S\u00e3o e Paulo\n|-damage|p2a: S\u00e3o e Paulo|49\/100\n|-damage|p2a: S\u00e3o e Paulo|32\/100\n|-hitcount|p2a: S\u00e3o e Paulo|2\n|move|p2a: S\u00e3o e Paulo|Sludge Bomb|p1a: N DA TERA\n|-damage|p1a: N DA TERA|0 fnt\n|faint|p1a: N DA TERA\n|\n|-heal|p2a: S\u00e3o e Paulo|38\/100|[from] item: Leftovers\n|upkeep\n|\n|t:|1700614678\n|switch|p1a: Bronzong|Bronzong|64\/100\n|turn|11\n|\n|t:|1700614683\n|switch|p2a: Bras|Brambleghast, F|100\/100\n|move|p1a: Bronzong|Stealth Rock|p2a: Bras\n|-sidestart|p2: mmeira|move: Stealth Rock\n|\n|upkeep\n|turn|12\n|\n|t:|1700614703\n|switch|p1a: Bisharp|Bisharp, M|100\/100\n|move|p2a: Bras|Rapid Spin|p1a: Bisharp\n|-resisted|p1a: Bisharp\n|-damage|p1a: Bisharp|95\/100\n|-boost|p2a: Bras|spe|1\n|-sideend|p2: mmeira|Stealth Rock|[from] move: Rapid Spin|[of] p2a: Bras\n|\n|upkeep\n|turn|13\n|\n|t:|1700614714\n|move|p2a: Bras|Leech Seed|p1a: Bisharp\n|-start|p1a: Bisharp|move: Leech Seed\n|move|p1a: Bisharp|Substitute|p1a: Bisharp\n|-start|p1a: Bisharp|Substitute\n|-damage|p1a: Bisharp|70\/100\n|\n|-damage|p1a: Bisharp|58\/100|[from] Leech Seed|[of] p2a: Bras\n|upkeep\n|turn|14\n|\n|t:|1700614727\n|switch|p2a: Whatzapdos|Zapdos|100\/100\n|move|p1a: Bisharp|Swords Dance|p1a: Bisharp\n|-boost|p1a: Bisharp|atk|2\n|\n|-damage|p1a: Bisharp|45\/100|[from] Leech Seed|[of] p2a: Whatzapdos\n|upkeep\n|turn|15\n|\n|t:|1700614735\n|move|p2a: Whatzapdos|Thunderbolt|p1a: Bisharp\n|-end|p1a: Bisharp|Substitute\n|move|p1a: Bisharp|Swords Dance|p1a: Bisharp\n|-boost|p1a: Bisharp|atk|2\n|\n|-damage|p1a: Bisharp|33\/100|[from] Leech Seed|[of] p2a: Whatzapdos\n|upkeep\n|turn|16\n|\n|t:|1700614742\n|switch|p2a: S\u00e3o e Paulo|Weezing, F|38\/100\n|move|p1a: Bisharp|Iron Head|p2a: S\u00e3o e Paulo\n|-damage|p2a: S\u00e3o e Paulo|0 fnt\n|faint|p2a: S\u00e3o e Paulo\n|\n|upkeep\n|\n|t:|1700614756\n|switch|p2a: Whatzapdos|Zapdos|100\/100\n|turn|17\n|\n|t:|1700614769\n|move|p1a: Bisharp|Sucker Punch|p2a: Whatzapdos\n|-damage|p2a: Whatzapdos|0 fnt\n|faint|p2a: Whatzapdos\n|\n|upkeep\n|\n|t:|1700614777\n|switch|p2a: Katchaum|Scizor, M|100\/100\n|turn|18\n|\n|t:|1700614795\n|move|p1a: Bisharp|Iron Head|p2a: Katchaum\n|-resisted|p2a: Katchaum\n|-damage|p2a: Katchaum|34\/100\n|move|p2a: Katchaum|Close Combat|p1a: Bisharp\n|-supereffective|p1a: Bisharp\n|-damage|p1a: Bisharp|0 fnt\n|-unboost|p2a: Katchaum|def|1\n|-unboost|p2a: Katchaum|spd|1\n|faint|p1a: Bisharp\n|\n|-heal|p2a: Katchaum|40\/100|[from] item: Leftovers\n|upkeep\n|\n|t:|1700614840\n|switch|p1a: Cloyster|Cloyster, F|100\/100\n|-status|p1a: Cloyster|tox\n|turn|19\n|\n|t:|1700614846\n|move|p1a: Cloyster|Shell Smash|p1a: Cloyster\n|-unboost|p1a: Cloyster|def|1\n|-unboost|p1a: Cloyster|spd|1\n|-boost|p1a: Cloyster|atk|2\n|-boost|p1a: Cloyster|spa|2\n|-boost|p1a: Cloyster|spe|2\n|-enditem|p1a: Cloyster|White Herb\n|-clearnegativeboost|p1a: Cloyster|[silent]\n|move|p2a: Katchaum|Close Combat|p1a: Cloyster\n|-supereffective|p1a: Cloyster\n|-crit|p1a: Cloyster\n|-damage|p1a: Cloyster|0 fnt\n|-unboost|p2a: Katchaum|def|1\n|-unboost|p2a: Katchaum|spd|1\n|faint|p1a: Cloyster\n|\n|-heal|p2a: Katchaum|46\/100|[from] item: Leftovers\n|upkeep\n|\n|t:|1700614859\n|switch|p1a: Bronzong|Bronzong|64\/100\n|turn|20\n|\n|t:|1700614879\n|move|p2a: Katchaum|U-turn|p1a: Bronzong\n|-damage|p1a: Bronzong|39\/100\n|\n|t:|1700614882\n|switch|p2a: Bras|Brambleghast, F|100\/100|[from] U-turn\n|move|p1a: Bronzong|Reflect|p1a: Bronzong\n|-sidestart|p1: Senhor de Canavial|Reflect\n|\n|upkeep\n|turn|21\n|\n|t:|1700614894\n|move|p2a: Bras|Leech Seed|p1a: Bronzong\n|-start|p1a: Bronzong|move: Leech Seed\n|move|p1a: Bronzong|Stealth Rock|p2a: Bras\n|-sidestart|p2: mmeira|move: Stealth Rock\n|\n|-damage|p1a: Bronzong|26\/100|[from] Leech Seed|[of] p2a: Bras\n|upkeep\n|turn|22\n|\n|t:|1700614905\n|switch|p1a: Iron Thorns|Iron Thorns|100\/100\n|-status|p1a: Iron Thorns|tox\n|-enditem|p1a: Iron Thorns|Booster Energy\n|-activate|p1a: Iron Thorns|ability: Quark Drive|[fromitem]\n|-start|p1a: Iron Thorns|quarkdriveatk\n|move|p2a: Bras|Leech Seed|p1a: Iron Thorns\n|-start|p1a: Iron Thorns|move: Leech Seed\n|\n|-damage|p1a: Iron Thorns|88\/100 tox|[from] Leech Seed|[of] p2a: Bras\n|-damage|p1a: Iron Thorns|82\/100 tox|[from] psn\n|upkeep\n|turn|23\n|\n|t:|1700614920\n|-terastallize|p1a: Iron Thorns|Flying\n|move|p2a: Bras|Power Whip|p1a: Iron Thorns\n|-resisted|p1a: Iron Thorns\n|-damage|p1a: Iron Thorns|69\/100 tox\n|move|p1a: Iron Thorns|Dragon Dance|p1a: Iron Thorns\n|-boost|p1a: Iron Thorns|atk|1\n|-boost|p1a: Iron Thorns|spe|1\n|\n|-damage|p1a: Iron Thorns|57\/100 tox|[from] Leech Seed|[of] p2a: Bras\n|-damage|p1a: Iron Thorns|44\/100 tox|[from] psn\n|upkeep\n|turn|24\n|\n|t:|1700614937\n|switch|p2a: Giroflex|Tyranitar, F|100\/100\n|-damage|p2a: Giroflex|88\/100|[from] Stealth Rock\n|-weather|Sandstorm|[from] ability: Sand Stream|[of] p2a: Giroflex\n|move|p1a: Iron Thorns|Rock Blast|p2a: Giroflex\n|-damage|p2a: Giroflex|60\/100\n|-damage|p2a: Giroflex|31\/100\n|-hitcount|p2a: Giroflex|2\n|\n|-weather|Sandstorm|[upkeep]\n|-damage|p1a: Iron Thorns|38\/100 tox|[from] Sandstorm\n|-heal|p2a: Giroflex|37\/100|[from] item: Leftovers\n|-damage|p1a: Iron Thorns|26\/100 tox|[from] Leech Seed|[of] p2a: Giroflex\n|-heal|p2a: Giroflex|50\/100|[silent]\n|-damage|p1a: Iron Thorns|8\/100 tox|[from] psn\n|upkeep\n|turn|25\n|\n|t:|1700614956\n|switch|p2a: Bras|Brambleghast, F|100\/100\n|-damage|p2a: Bras|88\/100|[from] Stealth Rock\n|move|p1a: Iron Thorns|Wild Charge|p2a: Bras\n|-resisted|p2a: Bras\n|-damage|p2a: Bras|0 fnt\n|faint|p2a: Bras\n|-damage|p1a: Iron Thorns|0 fnt|[from] Recoil\n|faint|p1a: Iron Thorns\n|-end|p1a: Iron Thorns|Quark Drive|[silent]\n|\n|-weather|Sandstorm|[upkeep]\n|upkeep\n|\n|t:|1700614982\n|switch|p2a: Giroflex|Tyranitar, F|50\/100\n|switch|p1a: Bronzong|Bronzong|26\/100\n|-damage|p2a: Giroflex|37\/100|[from] Stealth Rock\n|turn|26\n|\n|t:|1700614991\n|move|p2a: Giroflex|Knock Off|p1a: Bronzong\n|-supereffective|p1a: Bronzong\n|-damage|p1a: Bronzong|0 fnt\n|-enditem|p1a: Bronzong|Light Clay|[from] move: Knock Off|[of] p2a: Giroflex\n|faint|p1a: Bronzong\n|\n|-weather|Sandstorm|[upkeep]\n|-heal|p2a: Giroflex|43\/100|[from] item: Leftovers\n|upkeep\n|\n|t:|1700614993\n|switch|p1a: Quagsire|Quagsire, F|100\/100\n|-status|p1a: Quagsire|tox\n|turn|27\n|\n|t:|1700615009\n|-terastallize|p2a: Giroflex|Bug\n|move|p2a: Giroflex|Knock Off|p1a: Quagsire\n|-damage|p1a: Quagsire|84\/100 tox\n|-enditem|p1a: Quagsire|Leftovers|[from] move: Knock Off|[of] p2a: Giroflex\n|move|p1a: Quagsire|Curse|p1a: Quagsire\n|-unboost|p1a: Quagsire|spe|1\n|-boost|p1a: Quagsire|atk|1\n|-boost|p1a: Quagsire|def|1\n|\n|-weather|Sandstorm|[upkeep]\n|-damage|p2a: Giroflex|37\/100|[from] Sandstorm\n|-heal|p2a: Giroflex|43\/100|[from] item: Leftovers\n|-damage|p1a: Quagsire|78\/100 tox|[from] psn\n|-sideend|p1: Senhor de Canavial|Reflect\n|upkeep\n|turn|28\n|\n|t:|1700615019\n|move|p2a: Giroflex|Earthquake|p1a: Quagsire\n|-damage|p1a: Quagsire|62\/100 tox\n|move|p1a: Quagsire|Waterfall|p2a: Giroflex\n|-damage|p2a: Giroflex|8\/100\n|\n|-weather|none\n|-heal|p2a: Giroflex|15\/100|[from] item: Leftovers\n|-damage|p1a: Quagsire|49\/100 tox|[from] psn\n|upkeep\n|turn|29\n|\n|t:|1700615028\n|move|p2a: Giroflex|Earthquake|p1a: Quagsire\n|-damage|p1a: Quagsire|34\/100 tox\n|move|p1a: Quagsire|Waterfall|p2a: Giroflex\n|-damage|p2a: Giroflex|0 fnt\n|faint|p2a: Giroflex\n|\n|-damage|p1a: Quagsire|16\/100 tox|[from] psn\n|upkeep\n|\n|t:|1700615058\n|switch|p2a: Masher|Arcanine-Hisui, M|100\/100\n|-damage|p2a: Masher|76\/100|[from] Stealth Rock\n|turn|30\n|\n|t:|1700615071\n|move|p2a: Masher|Close Combat|p1a: Quagsire\n|-damage|p1a: Quagsire|0 fnt\n|-unboost|p2a: Masher|def|1\n|-unboost|p2a: Masher|spd|1\n|faint|p1a: Quagsire\n|\n|win|mmeira\n|c|\u2606mmeira|ele etrou\n|c|\u2606mmeira|nao precisava mas etrou kkk\n|c|\u2606mmeira|at\u00e9 que enfiem arcanine\n|c|\u2606mmeira|mas clutch\n|c|\u2606mmeira|ggs\n|c|\u2606Senhor de Canavial|gg\n|l|\u2606Senhor de Canavial\n","uploadtime":1700615096,"views":7,"p1id":"senhordecanavial","p2id":"mmeira","formatid":"gen9ou","rating":0,"private":0,"password":""}