{"id":"gen9ou-1997130607","p1":"VikrThe","p2":"StinkyBinky609","format":"[Gen 9] OU","log":"|j|\u2606VikrThe\n|j|\u2606StinkyBinky609\n|t:|1700767583\n|gametype|singles\n|player|p1|VikrThe|2|1238\n|player|p2|StinkyBinky609|drayden|1212\n|teamsize|p1|6\n|teamsize|p2|6\n|gen|9\n|tier|[Gen 9] OU\n|rated|\n|rule|Sleep Clause Mod: Limit one foe put to sleep\n|rule|Species Clause: Limit one of each Pok\u00e9mon\n|rule|OHKO Clause: OHKO moves are banned\n|rule|Evasion Items Clause: Evasion items are banned\n|rule|Evasion Moves Clause: Evasion moves are banned\n|rule|Endless Battle Clause: Forcing endless battles is banned\n|rule|HP Percentage Mod: HP is shown in percentages\n|clearpoke\n|poke|p1|Clefable, M|\n|poke|p1|Corviknight, F|\n|poke|p1|Gholdengo|\n|poke|p1|Dragonite, M|\n|poke|p1|Toxapex, F|\n|poke|p1|Samurott-Hisui, M|\n|poke|p2|Great Tusk|\n|poke|p2|Chandelure, M|\n|poke|p2|Ogerpon-Wellspring, F|\n|poke|p2|Kilowattrel, F|\n|poke|p2|Iron Valiant|\n|poke|p2|Mamoswine, F|\n|teampreview\n|inactive|Battle timer is ON: inactive players will automatically lose when time's up. (requested by StinkyBinky609)\n|\n|t:|1700767603\n|start\n|switch|p1a: Samurott|Samurott-Hisui, M|100\/100\n|switch|p2a: Trash|Iron Valiant|100\/100\n|turn|1\n|\n|t:|1700767605\n|move|p1a: Samurott|Ceaseless Edge|p2a: Trash\n|-resisted|p2a: Trash\n|-damage|p2a: Trash|88\/100\n|-sidestart|p2: StinkyBinky609|Spikes\n|move|p2a: Trash|Moonblast|p1a: Samurott\n|-supereffective|p1a: Samurott\n|-damage|p1a: Samurott|0 fnt\n|faint|p1a: Samurott\n|\n|upkeep\n|\n|t:|1700767614\n|switch|p1a: Clefable|Clefable, M|100\/100\n|turn|2\n|\n|t:|1700767618\n|move|p2a: Trash|Taunt|p1a: Clefable\n|-start|p1a: Clefable|move: Taunt\n|cant|p1a: Clefable|move: Taunt|Calm Mind\n|\n|upkeep\n|turn|3\n|\n|t:|1700767625\n|switch|p1a: Gholdengo|Gholdengo|100\/100\n|move|p2a: Trash|Light Screen|p2a: Trash\n|-sidestart|p2: StinkyBinky609|move: Light Screen\n|\n|upkeep\n|turn|4\n|\n|t:|1700767639\n|-end|p2a: Trash|Quark Drive|[silent]\n|switch|p2a: Chandy|Chandelure, M|100\/100\n|-damage|p2a: Chandy|88\/100|[from] Spikes\n|switch|p1a: Corviknight|Corviknight, F|100\/100\n|\n|upkeep\n|turn|5\n|\n|t:|1700767646\n|switch|p1a: Clefable|Clefable, M|100\/100\n|move|p2a: Chandy|Shadow Ball|p1a: Clefable\n|-damage|p1a: Clefable|42\/100\n|-unboost|p1a: Clefable|spd|1\n|\n|-heal|p1a: Clefable|48\/100|[from] item: Leftovers\n|upkeep\n|turn|6\n|\n|t:|1700767653\n|move|p2a: Chandy|Shadow Ball|p1a: Clefable\n|-damage|p1a: Clefable|0 fnt\n|faint|p1a: Clefable\n|\n|upkeep\n|\n|t:|1700767658\n|switch|p1a: Toxapex|Toxapex, F|100\/100\n|turn|7\n|\n|t:|1700767662\n|move|p2a: Chandy|Shadow Ball|p1a: Toxapex\n|-damage|p1a: Toxapex|49\/100\n|move|p1a: Toxapex|Toxic|p2a: Chandy\n|-status|p2a: Chandy|tox\n|\n|-heal|p1a: Toxapex|55\/100|[from] item: Leftovers\n|-damage|p2a: Chandy|82\/100 tox|[from] psn\n|upkeep\n|turn|8\n|\n|t:|1700767670\n|switch|p2a: Elon Musk|Great Tusk|100\/100\n|-damage|p2a: Elon Musk|88\/100|[from] Spikes\n|switch|p1a: Dragonite|Dragonite, M|100\/100\n|\n|upkeep\n|turn|9\n|\n|t:|1700767681\n|switch|p1a: Corviknight|Corviknight, F|100\/100\n|move|p2a: Elon Musk|Rapid Spin|p1a: Corviknight\n|-resisted|p1a: Corviknight\n|-damage|p1a: Corviknight|95\/100\n|-boost|p2a: Elon Musk|spe|1\n|-sideend|p2: StinkyBinky609|Spikes|[from] move: Rapid Spin|[of] p2a: Elon Musk\n|\n|-heal|p1a: Corviknight|100\/100|[from] item: Leftovers\n|upkeep\n|turn|10\n|\n|t:|1700767691\n|-end|p2a: Elon Musk|Protosynthesis|[silent]\n|switch|p2a: Trash|Iron Valiant|88\/100\n|move|p1a: Corviknight|Brave Bird|p2a: Trash\n|-supereffective|p2a: Trash\n|-damage|p2a: Trash|12\/100\n|-damage|p1a: Corviknight|78\/100|[from] Recoil\n|\n|-heal|p1a: Corviknight|85\/100|[from] item: Leftovers\n|-sideend|p2: StinkyBinky609|move: Light Screen\n|upkeep\n|turn|11\n|\n|t:|1700767697\n|move|p2a: Trash|Reflect|p2a: Trash\n|-sidestart|p2: StinkyBinky609|Reflect\n|move|p1a: Corviknight|Brave Bird|p2a: Trash\n|-supereffective|p2a: Trash\n|-damage|p2a: Trash|0 fnt\n|faint|p2a: Trash\n|-end|p2a: Trash|Quark Drive|[silent]\n|-damage|p1a: Corviknight|81\/100|[from] Recoil\n|\n|-heal|p1a: Corviknight|87\/100|[from] item: Leftovers\n|upkeep\n|\n|t:|1700767701\n|switch|p2a: Chandy|Chandelure, M|82\/100 tox\n|turn|12\n|\n|t:|1700767711\n|switch|p1a: Toxapex|Toxapex, F|88\/100\n|move|p2a: Chandy|Shadow Ball|p1a: Toxapex\n|-crit|p1a: Toxapex\n|-damage|p1a: Toxapex|12\/100\n|\n|-heal|p1a: Toxapex|18\/100|[from] item: Leftovers\n|-damage|p2a: Chandy|76\/100 tox|[from] psn\n|upkeep\n|turn|13\n|\n|t:|1700767719\n|move|p2a: Chandy|Shadow Ball|p1a: Toxapex\n|-damage|p1a: Toxapex|0 fnt\n|faint|p1a: Toxapex\n|\n|-damage|p2a: Chandy|64\/100 tox|[from] psn\n|upkeep\n|\n|t:|1700767720\n|switch|p1a: Dragonite|Dragonite, M|100\/100\n|turn|14\n|\n|t:|1700767728\n|switch|p2a: Elon Musk|Great Tusk|88\/100\n|-terastallize|p1a: Dragonite|Normal\n|move|p1a: Dragonite|Dragon Dance|p1a: Dragonite\n|-boost|p1a: Dragonite|atk|1\n|-boost|p1a: Dragonite|spe|1\n|\n|upkeep\n|turn|15\n|\n|t:|1700767739\n|move|p1a: Dragonite|Dragon Dance|p1a: Dragonite\n|-boost|p1a: Dragonite|atk|1\n|-boost|p1a: Dragonite|spe|1\n|move|p2a: Elon Musk|Rapid Spin|p1a: Dragonite\n|-damage|p1a: Dragonite|92\/100\n|-boost|p2a: Elon Musk|spe|1\n|\n|upkeep\n|turn|16\n|\n|t:|1700767750\n|move|p2a: Elon Musk|Close Combat|p1a: Dragonite\n|-supereffective|p1a: Dragonite\n|-damage|p1a: Dragonite|0 fnt\n|-unboost|p2a: Elon Musk|def|1\n|-unboost|p2a: Elon Musk|spd|1\n|faint|p1a: Dragonite\n|\n|upkeep\n|\n|t:|1700767754\n|switch|p1a: Gholdengo|Gholdengo|100\/100\n|turn|17\n|\n|t:|1700767759\n|move|p2a: Elon Musk|Headlong Rush|p1a: Gholdengo\n|-supereffective|p1a: Gholdengo\n|-damage|p1a: Gholdengo|0 fnt\n|-unboost|p2a: Elon Musk|def|1\n|-unboost|p2a: Elon Musk|spd|1\n|faint|p1a: Gholdengo\n|\n|upkeep\n|\n|t:|1700767761\n|switch|p1a: Corviknight|Corviknight, F|87\/100\n|turn|18\n|\n|t:|1700767765\n|-end|p2a: Elon Musk|Protosynthesis|[silent]\n|switch|p2a: Chandy|Chandelure, M|64\/100 tox\n|move|p1a: Corviknight|Brave Bird|p2a: Chandy\n|-damage|p2a: Chandy|38\/100 tox\n|-damage|p1a: Corviknight|82\/100|[from] Recoil\n|\n|-heal|p1a: Corviknight|88\/100|[from] item: Leftovers\n|-damage|p2a: Chandy|32\/100 tox|[from] psn\n|-sideend|p2: StinkyBinky609|Reflect\n|upkeep\n|turn|19\n|\n|t:|1700767768\n|-terastallize|p2a: Chandy|Fire\n|move|p2a: Chandy|Overheat|p1a: Corviknight\n|-supereffective|p1a: Corviknight\n|-damage|p1a: Corviknight|0 fnt\n|-unboost|p2a: Chandy|spa|2\n|faint|p1a: Corviknight\n|\n|win|StinkyBinky609\n|raw|VikrThe's rating: 1238 &rarr; <strong>1211<\/strong><br \/>(-27 for losing)\n|raw|StinkyBinky609's rating: 1212 &rarr; <strong>1239<\/strong><br \/>(+27 for winning)\n|l|\u2606VikrThe\n","uploadtime":1700767777,"views":4,"p1id":"vikrthe","p2id":"stinkybinky609","formatid":"gen9ou","rating":1211,"private":0,"password":""}