{"id":"gen9ou-1996018726","p1":"AwwNards","p2":"Burnout Team","format":"[Gen 9] OU","log":"|j|\u2606AwwNards\n|j|\u2606Burnout Team\n|t:|1700630198\n|gametype|singles\n|player|p1|AwwNards|101|1175\n|player|p2|Burnout Team|flannery|1167\n|teamsize|p1|6\n|teamsize|p2|6\n|gen|9\n|tier|[Gen 9] OU\n|rated|\n|rule|Sleep Clause Mod: Limit one foe put to sleep\n|rule|Species Clause: Limit one of each Pok\u00e9mon\n|rule|OHKO Clause: OHKO moves are banned\n|rule|Evasion Items Clause: Evasion items are banned\n|rule|Evasion Moves Clause: Evasion moves are banned\n|rule|Endless Battle Clause: Forcing endless battles is banned\n|rule|HP Percentage Mod: HP is shown in percentages\n|clearpoke\n|poke|p1|Cinderace, M|\n|poke|p1|Zapdos|\n|poke|p1|Kingambit, M|\n|poke|p1|Slowking-Galar, F|\n|poke|p1|Dragapult, M|\n|poke|p1|Great Tusk|\n|poke|p2|Ribombee, F|\n|poke|p2|Dragapult, F|\n|poke|p2|Kingambit, M|\n|poke|p2|Great Tusk|\n|poke|p2|Iron Valiant|\n|poke|p2|Gholdengo|\n|teampreview\n|inactive|Battle timer is ON: inactive players will automatically lose when time's up. (requested by AwwNards)\n|\n|t:|1700630211\n|start\n|switch|p1a: Zapdos|Zapdos|100\/100\n|switch|p2a: MegaSpidops|Ribombee, F, shiny|100\/100\n|turn|1\n|\n|t:|1700630217\n|move|p2a: MegaSpidops|Sticky Web|p1a: Zapdos\n|-sidestart|p1: AwwNards|move: Sticky Web\n|move|p1a: Zapdos|Volt Switch|p2a: MegaSpidops\n|-damage|p2a: MegaSpidops|34\/100\n|\n|t:|1700630224\n|switch|p1a: Cinderace|Cinderace, M|100\/100|[from] Volt Switch\n|\n|upkeep\n|turn|2\n|\n|t:|1700630230\n|move|p2a: MegaSpidops|Stun Spore|p1a: Cinderace\n|-status|p1a: Cinderace|par\n|move|p1a: Cinderace|U-turn|p2a: MegaSpidops\n|-start|p1a: Cinderace|typechange|Bug|[from] ability: Libero\n|-resisted|p2a: MegaSpidops\n|-damage|p2a: MegaSpidops|2\/100\n|\n|t:|1700630240\n|switch|p1a: Zapdos|Zapdos|100\/100|[from] U-turn\n|\n|upkeep\n|turn|3\n|\n|t:|1700630248\n|move|p2a: MegaSpidops|Moonblast|p1a: Zapdos\n|-damage|p1a: Zapdos|60\/100\n|move|p1a: Zapdos|Volt Switch|p2a: MegaSpidops\n|-damage|p2a: MegaSpidops|0 fnt\n|faint|p2a: MegaSpidops\n|\n|t:|1700630255\n|switch|p1a: Cinderace|Cinderace, M|100\/100 par|[from] Volt Switch\n|\n|upkeep\n|\n|t:|1700630258\n|switch|p2a: FIGHT Spinner|Great Tusk|100\/100\n|turn|4\n|\n|t:|1700630270\n|move|p2a: FIGHT Spinner|Stealth Rock|p1a: Cinderace\n|-sidestart|p1: AwwNards|move: Stealth Rock\n|move|p1a: Cinderace|Court Change|p1a: Cinderace\n|-start|p1a: Cinderace|typechange|Normal|[from] ability: Libero\n|-swapsideconditions\n|-activate|p1a: Cinderace|move: Court Change\n|\n|upkeep\n|turn|5\n|\n|t:|1700630277\n|switch|p1a: Zapdos|Zapdos|60\/100\n|move|p2a: FIGHT Spinner|Rapid Spin|p1a: Zapdos\n|-damage|p1a: Zapdos|45\/100\n|-boost|p2a: FIGHT Spinner|spe|1\n|-sideend|p2: Burnout Team|Stealth Rock|[from] move: Rapid Spin|[of] p2a: FIGHT Spinner\n|-sideend|p2: Burnout Team|Sticky Web|[from] move: Rapid Spin|[of] p2a: FIGHT Spinner\n|\n|upkeep\n|turn|6\n|\n|t:|1700630288\n|-end|p2a: FIGHT Spinner|Protosynthesis|[silent]\n|switch|p2a: Toss the Dart|Dragapult, F, shiny|100\/100\n|move|p1a: Zapdos|Roost|p1a: Zapdos\n|-heal|p1a: Zapdos|95\/100\n|-singleturn|p1a: Zapdos|move: Roost\n|\n|upkeep\n|turn|7\n|\n|t:|1700630294\n|move|p2a: Toss the Dart|Dragon Dance|p2a: Toss the Dart\n|-boost|p2a: Toss the Dart|atk|1\n|-boost|p2a: Toss the Dart|spe|1\n|move|p1a: Zapdos|Volt Switch|p2a: Toss the Dart\n|-resisted|p2a: Toss the Dart\n|-damage|p2a: Toss the Dart|74\/100\n|\n|t:|1700630297\n|switch|p1a: Kingambit|Kingambit, M|100\/100|[from] Volt Switch\n|\n|-heal|p2a: Toss the Dart|80\/100|[from] item: Leftovers\n|upkeep\n|turn|8\n|\n|t:|1700630304\n|move|p2a: Toss the Dart|Substitute|p2a: Toss the Dart\n|-start|p2a: Toss the Dart|Substitute\n|-damage|p2a: Toss the Dart|55\/100\n|move|p1a: Kingambit|Kowtow Cleave|p2a: Toss the Dart\n|-supereffective|p2a: Toss the Dart\n|-end|p2a: Toss the Dart|Substitute\n|\n|-heal|p2a: Toss the Dart|61\/100|[from] item: Leftovers\n|upkeep\n|turn|9\n|\n|t:|1700630315\n|-terastallize|p2a: Toss the Dart|Dragon\n|move|p2a: Toss the Dart|Dragon Darts|p1a: Kingambit\n|-resisted|p1a: Kingambit\n|-damage|p1a: Kingambit|80\/100\n|-anim|p2a: Toss the Dart|Dragon Darts|p1a: Kingambit\n|-resisted|p1a: Kingambit\n|-damage|p1a: Kingambit|61\/100\n|move|p1a: Kingambit|Kowtow Cleave|p2a: Toss the Dart\n|-damage|p2a: Toss the Dart|0 fnt\n|faint|p2a: Toss the Dart\n|\n|upkeep\n|\n|t:|1700630325\n|switch|p2a: ILL AVENGE YOU|Kingambit, M|100\/100\n|-activate|p2a: ILL AVENGE YOU|ability: Supreme Overlord\n|-start|p2a: ILL AVENGE YOU|fallen2|[silent]\n|turn|10\n|\n|t:|1700630333\n|move|p2a: ILL AVENGE YOU|Swords Dance|p2a: ILL AVENGE YOU\n|-boost|p2a: ILL AVENGE YOU|atk|2\n|move|p1a: Kingambit|Low Kick|p2a: ILL AVENGE YOU\n|-supereffective|p2a: ILL AVENGE YOU\n|-damage|p2a: ILL AVENGE YOU|0 fnt\n|faint|p2a: ILL AVENGE YOU\n|-end|p2a: ILL AVENGE YOU|fallen2|[silent]\n|\n|upkeep\n|\n|t:|1700630340\n|switch|p2a: microsoft edge|Iron Valiant|100\/100\n|-enditem|p2a: microsoft edge|Booster Energy\n|-activate|p2a: microsoft edge|ability: Quark Drive|[fromitem]\n|-start|p2a: microsoft edge|quarkdrivespe\n|turn|11\n|\n|t:|1700630347\n|-terastallize|p1a: Kingambit|Ghost\n|move|p2a: microsoft edge|Close Combat|p1a: Kingambit\n|-immune|p1a: Kingambit\n|move|p1a: Kingambit|Iron Head|p2a: microsoft edge\n|-supereffective|p2a: microsoft edge\n|-damage|p2a: microsoft edge|0 fnt\n|faint|p2a: microsoft edge\n|-end|p2a: microsoft edge|Quark Drive|[silent]\n|\n|upkeep\n|\n|t:|1700630356\n|switch|p2a: gholdengover..|Gholdengo|100\/100\n|-item|p2a: gholdengover..|Air Balloon\n|turn|12\n|\n|t:|1700630360\n|move|p1a: Kingambit|Sucker Punch|p2a: gholdengover..\n|-supereffective|p2a: gholdengover..\n|-damage|p2a: gholdengover..|0 fnt\n|-enditem|p2a: gholdengover..|Air Balloon\n|faint|p2a: gholdengover..\n|\n|upkeep\n|-message|Burnout Team forfeited.\n|\n|win|AwwNards\n|raw|AwwNards's rating: 1175 &rarr; <strong>1199<\/strong><br \/>(+24 for winning)\n|raw|Burnout Team's rating: 1167 &rarr; <strong>1143<\/strong><br \/>(-24 for losing)\n|l|\u2606Burnout Team\n","uploadtime":1700630372,"views":0,"p1id":"awwnards","p2id":"burnoutteam","formatid":"gen9ou","rating":1143,"private":0,"password":""}