{"id":"gen9ou-1992786510","p1":"DNTTAH","p2":"Syph0n_78","format":"[Gen 9] OU","log":"|j|\u2606DNTTAH\n|j|\u2606Syph0n_78\n|t:|1700235351\n|gametype|singles\n|player|p1|DNTTAH|hiker-gen4|1220\n|player|p2|Syph0n_78|iris-gen5bw2|1103\n|teamsize|p1|6\n|teamsize|p2|6\n|gen|9\n|tier|[Gen 9] OU\n|rated|\n|rule|Sleep Clause Mod: Limit one foe put to sleep\n|rule|Species Clause: Limit one of each Pok\u00e9mon\n|rule|OHKO Clause: OHKO moves are banned\n|rule|Evasion Items Clause: Evasion items are banned\n|rule|Evasion Moves Clause: Evasion moves are banned\n|rule|Endless Battle Clause: Forcing endless battles is banned\n|rule|HP Percentage Mod: HP is shown in percentages\n|clearpoke\n|poke|p1|Ogerpon-Wellspring, F|\n|poke|p1|Slowking-Galar, F|\n|poke|p1|Enamorus, F|\n|poke|p1|Clefable, M|\n|poke|p1|Great Tusk|\n|poke|p1|Sneasler, M|\n|poke|p2|Garganacl, M|\n|poke|p2|Gligar, F|\n|poke|p2|Cinderace, F|\n|poke|p2|Hydreigon, M|\n|poke|p2|Ogerpon-Wellspring, F|\n|poke|p2|Weezing-Galar, F|\n|teampreview\n|c|\u2606Syph0n_78|ew\n|\n|t:|1700235365\n|start\n|switch|p1a: Sneasler|Sneasler, M|100\/100\n|switch|p2a: Gligar|Gligar, F|100\/100\n|turn|1\n|\n|t:|1700235372\n|move|p1a: Sneasler|Dire Claw|p2a: Gligar\n|-resisted|p2a: Gligar\n|-damage|p2a: Gligar|85\/100\n|move|p2a: Gligar|Stealth Rock|p1a: Sneasler\n|-sidestart|p1: DNTTAH|move: Stealth Rock\n|\n|upkeep\n|turn|2\n|\n|t:|1700235379\n|switch|p1a: Great Tusk|Great Tusk|100\/100\n|move|p2a: Gligar|Knock Off|p1a: Great Tusk\n|-resisted|p1a: Great Tusk\n|-damage|p1a: Great Tusk|95\/100\n|-enditem|p1a: Great Tusk|Heavy-Duty Boots|[from] move: Knock Off|[of] p2a: Gligar\n|\n|upkeep\n|turn|3\n|\n|t:|1700235406\n|switch|p2a: Weezing|Weezing-Galar, F|100\/100\n|move|p1a: Great Tusk|Rapid Spin|p2a: Weezing\n|-damage|p2a: Weezing|89\/100\n|-boost|p1a: Great Tusk|spe|1\n|-sideend|p1: DNTTAH|Stealth Rock|[from] move: Rapid Spin|[of] p1a: Great Tusk\n|\n|-heal|p2a: Weezing|95\/100|[from] item: Leftovers\n|upkeep\n|turn|4\n|\n|t:|1700235431\n|-end|p1a: Great Tusk|Protosynthesis|[silent]\n|switch|p1a: Slowking|Slowking-Galar, F|100\/100\n|move|p2a: Weezing|Will-O-Wisp|p1a: Slowking\n|-status|p1a: Slowking|brn\n|\n|-heal|p2a: Weezing|100\/100|[from] item: Leftovers\n|-damage|p1a: Slowking|94\/100 brn|[from] brn\n|upkeep\n|turn|5\n|\n|t:|1700235441\n|switch|p2a: Gligar|Gligar, F|85\/100\n|move|p1a: Slowking|Future Sight|p2a: Gligar\n|-start|p1a: Slowking|move: Future Sight\n|\n|-damage|p1a: Slowking|88\/100 brn|[from] brn\n|upkeep\n|turn|6\n|\n|t:|1700235451\n|switch|p1a: Great Tusk|Great Tusk|95\/100\n|move|p2a: Gligar|Knock Off|p1a: Great Tusk\n|-resisted|p1a: Great Tusk\n|-damage|p1a: Great Tusk|90\/100\n|\n|upkeep\n|turn|7\n|\n|t:|1700235458\n|move|p1a: Great Tusk|Close Combat|p2a: Gligar\n|-resisted|p2a: Gligar\n|-damage|p2a: Gligar|70\/100\n|-unboost|p1a: Great Tusk|def|1\n|-unboost|p1a: Great Tusk|spd|1\n|move|p2a: Gligar|U-turn|p1a: Great Tusk\n|-resisted|p1a: Great Tusk\n|-damage|p1a: Great Tusk|84\/100\n|\n|t:|1700235465\n|switch|p2a: Hydreigon|Hydreigon, M|100\/100|[from] U-turn\n|\n|-end|p2a: Hydreigon|move: Future Sight\n|-immune|p2a: Hydreigon\n|upkeep\n|turn|8\n|\n|t:|1700235480\n|-end|p1a: Great Tusk|Protosynthesis|[silent]\n|switch|p1a: Clefable|Clefable, M|100\/100\n|-terastallize|p2a: Hydreigon|Fairy\n|move|p2a: Hydreigon|Dragon Pulse|p1a: Clefable\n|-immune|p1a: Clefable\n|\n|upkeep\n|turn|9\n|\n|t:|1700235494\n|switch|p2a: Weezing|Weezing-Galar, F|100\/100\n|move|p1a: Clefable|Wish|p1a: Clefable\n|\n|upkeep\n|turn|10\n|\n|t:|1700235502\n|switch|p1a: Slowking|Slowking-Galar, F|100\/100 brn\n|move|p2a: Weezing|Will-O-Wisp|p1a: Slowking\n|-fail|p1a: Slowking|brn\n|\n|-damage|p1a: Slowking|94\/100 brn|[from] brn\n|upkeep\n|turn|11\n|\n|t:|1700235510\n|move|p2a: Weezing|Will-O-Wisp|p1a: Slowking\n|-fail|p1a: Slowking|brn\n|move|p1a: Slowking|Thunder Wave|p2a: Weezing|[miss]\n|-miss|p1a: Slowking|p2a: Weezing\n|\n|-damage|p1a: Slowking|88\/100 brn|[from] brn\n|upkeep\n|turn|12\n|\n|t:|1700235525\n|switch|p2a: Gligar|Gligar, F|70\/100\n|move|p1a: Slowking|Future Sight|p2a: Gligar\n|-start|p1a: Slowking|move: Future Sight\n|\n|-damage|p1a: Slowking|82\/100 brn|[from] brn\n|upkeep\n|turn|13\n|\n|t:|1700235533\n|switch|p1a: Great Tusk|Great Tusk|84\/100\n|move|p2a: Gligar|Toxic|p1a: Great Tusk\n|-status|p1a: Great Tusk|tox\n|\n|-damage|p1a: Great Tusk|78\/100 tox|[from] psn\n|upkeep\n|turn|14\n|\n|t:|1700235546\n|move|p1a: Great Tusk|Knock Off|p2a: Gligar\n|-damage|p2a: Gligar|53\/100\n|-enditem|p2a: Gligar|Eviolite|[from] move: Knock Off|[of] p1a: Great Tusk\n|move|p2a: Gligar|Stealth Rock|p1a: Great Tusk\n|-sidestart|p1: DNTTAH|move: Stealth Rock\n|\n|-end|p2a: Gligar|move: Future Sight\n|-crit|p2a: Gligar\n|-damage|p2a: Gligar|0 fnt\n|faint|p2a: Gligar\n|-damage|p1a: Great Tusk|65\/100 tox|[from] psn\n|upkeep\n|\n|t:|1700235559\n|switch|p2a: Hydreigon|Hydreigon, M, tera:Fairy|100\/100\n|turn|15\n|\n|t:|1700235566\n|-end|p1a: Great Tusk|Protosynthesis|[silent]\n|switch|p1a: Slowking|Slowking-Galar, F|100\/100 brn\n|move|p2a: Hydreigon|Flash Cannon|p1a: Slowking\n|-damage|p1a: Slowking|69\/100 brn\n|\n|-damage|p1a: Slowking|63\/100 brn|[from] brn\n|upkeep\n|turn|16\n|\n|t:|1700235575\n|move|p2a: Hydreigon|Flash Cannon|p1a: Slowking\n|-damage|p1a: Slowking|31\/100 brn\n|move|p1a: Slowking|Chilly Reception|p1a: Slowking\n|-weather|Snow\n|\n|t:|1700235581\n|switch|p1a: Sneasler|Sneasler, M|100\/100|[from] Chilly Reception\n|-damage|p1a: Sneasler|95\/100|[from] Stealth Rock\n|\n|-weather|Snow|[upkeep]\n|upkeep\n|turn|17\n|\n|t:|1700235593\n|switch|p2a: Weezing|Weezing-Galar, F|100\/100\n|move|p1a: Sneasler|Dire Claw|p2a: Weezing\n|-damage|p2a: Weezing|62\/100\n|\n|-weather|Snow|[upkeep]\n|-heal|p2a: Weezing|68\/100|[from] item: Leftovers\n|upkeep\n|turn|18\n|\n|t:|1700235604\n|switch|p1a: Slowking|Slowking-Galar, F|64\/100 brn\n|move|p2a: Weezing|Fire Blast|p1a: Slowking\n|-damage|p1a: Slowking|45\/100 brn\n|\n|-weather|Snow|[upkeep]\n|-heal|p2a: Weezing|74\/100|[from] item: Leftovers\n|-damage|p1a: Slowking|39\/100 brn|[from] brn\n|upkeep\n|turn|19\n|\n|t:|1700235622\n|switch|p2a: Hydreigon|Hydreigon, M, tera:Fairy|100\/100\n|move|p1a: Slowking|Future Sight|p2a: Hydreigon\n|-start|p1a: Slowking|move: Future Sight\n|\n|-weather|Snow|[upkeep]\n|-damage|p1a: Slowking|33\/100 brn|[from] brn\n|upkeep\n|turn|20\n|\n|t:|1700235634\n|switch|p1a: Clefable|Clefable, M|100\/100\n|move|p2a: Hydreigon|Flash Cannon|p1a: Clefable\n|-supereffective|p1a: Clefable\n|-damage|p1a: Clefable|19\/100\n|-enditem|p1a: Clefable|Red Card|[of] p2a: Hydreigon\n|drag|p2a: Garganacl|Garganacl, M|100\/100\n|\n|-weather|none\n|upkeep\n|turn|21\n|\n|t:|1700235649\n|move|p2a: Garganacl|Protect|p2a: Garganacl\n|-singleturn|p2a: Garganacl|Protect\n|move|p1a: Clefable|Stealth Rock|p2a: Garganacl\n|-sidestart|p2: Syph0n_78|move: Stealth Rock\n|\n|-end|p2a: Garganacl|move: Future Sight\n|-damage|p2a: Garganacl|61\/100\n|-heal|p2a: Garganacl|67\/100|[from] item: Leftovers\n|upkeep\n|turn|22\n|c|\u2606Syph0n_78|Oh\n|c|\u2606Syph0n_78|I thought\n|c|\u2606Syph0n_78|Ok\n|\n|t:|1700235663\n|move|p1a: Clefable|Wish|p1a: Clefable\n|move|p2a: Garganacl|Salt Cure|p1a: Clefable\n|-damage|p1a: Clefable|9\/100\n|-start|p1a: Clefable|Salt Cure\n|\n|-heal|p2a: Garganacl|74\/100|[from] item: Leftovers\n|upkeep\n|turn|23\n|c|\u2606DNTTAH|yes it goes through\n|\n|t:|1700235680\n|move|p1a: Clefable|Protect|p1a: Clefable\n|-singleturn|p1a: Clefable|Protect\n|move|p2a: Garganacl|Earthquake|p1a: Clefable\n|-activate|p1a: Clefable|move: Protect\n|\n|-heal|p1a: Clefable|59\/100|[from] move: Wish|[wisher] Clefable\n|-heal|p2a: Garganacl|80\/100|[from] item: Leftovers\n|upkeep\n|turn|24\n|c|\u2606Syph0n_78|Game sucks\n|\n|t:|1700235695\n|switch|p2a: Hydreigon|Hydreigon, M, tera:Fairy|100\/100\n|-damage|p2a: Hydreigon|88\/100|[from] Stealth Rock\n|move|p1a: Clefable|Wish|p1a: Clefable\n|\n|upkeep\n|turn|25\n|\n|t:|1700235704\n|move|p1a: Clefable|Protect|p1a: Clefable\n|-singleturn|p1a: Clefable|Protect\n|move|p2a: Hydreigon|Flash Cannon|p1a: Clefable\n|-activate|p1a: Clefable|move: Protect\n|\n|-heal|p1a: Clefable|100\/100|[from] move: Wish|[wisher] Clefable\n|upkeep\n|turn|26\n|\n|t:|1700235713\n|switch|p1a: Ogerpon|Ogerpon-Wellspring, F|100\/100\n|-damage|p1a: Ogerpon|88\/100|[from] Stealth Rock\n|move|p2a: Hydreigon|Flash Cannon|p1a: Ogerpon\n|-resisted|p1a: Ogerpon\n|-damage|p1a: Ogerpon|66\/100\n|\n|upkeep\n|turn|27\n|\n|t:|1700235725\n|switch|p2a: Ogerpon|Ogerpon-Wellspring, F|100\/100\n|-damage|p2a: Ogerpon|88\/100|[from] Stealth Rock\n|move|p1a: Ogerpon|Ivy Cudgel|p2a: Ogerpon|[anim] Ivy Cudgel Water\n|-heal|p2a: Ogerpon|100\/100|[from] ability: Water Absorb|[of] p1a: Ogerpon\n|\n|upkeep\n|turn|28\n|\n|t:|1700235735\n|move|p1a: Ogerpon|Horn Leech|p2a: Ogerpon\n|-damage|p2a: Ogerpon|40\/100\n|-heal|p1a: Ogerpon|96\/100|[from] drain|[of] p2a: Ogerpon\n|move|p2a: Ogerpon|U-turn|p1a: Ogerpon\n|-supereffective|p1a: Ogerpon\n|-damage|p1a: Ogerpon|21\/100\n|\n|t:|1700235742\n|switch|p2a: Cinderace|Cinderace, F|100\/100|[from] U-turn\n|\n|upkeep\n|turn|29\n|\n|t:|1700235748\n|switch|p1a: Great Tusk|Great Tusk|65\/100 tox\n|-damage|p1a: Great Tusk|62\/100 tox|[from] Stealth Rock\n|move|p2a: Cinderace|U-turn|p1a: Great Tusk\n|-start|p2a: Cinderace|typechange|Bug|[from] ability: Libero\n|-resisted|p1a: Great Tusk\n|-damage|p1a: Great Tusk|50\/100 tox\n|\n|t:|1700235756\n|switch|p2a: Weezing|Weezing-Galar, F|74\/100|[from] U-turn\n|-damage|p2a: Weezing|61\/100|[from] Stealth Rock\n|\n|-heal|p2a: Weezing|67\/100|[from] item: Leftovers\n|-damage|p1a: Great Tusk|43\/100 tox|[from] psn\n|upkeep\n|turn|30\n|\n|t:|1700235767\n|-end|p1a: Great Tusk|Protosynthesis|[silent]\n|switch|p1a: Slowking|Slowking-Galar, F|66\/100 brn\n|move|p2a: Weezing|Defog|p1a: Slowking\n|-unboost|p1a: Slowking|evasion|1\n|-sideend|p1: DNTTAH|Stealth Rock|[from] move: Defog|[of] p2a: Weezing\n|-sideend|p2: Syph0n_78|Stealth Rock|[from] move: Defog|[of] p2a: Weezing\n|\n|-heal|p2a: Weezing|73\/100|[from] item: Leftovers\n|-damage|p1a: Slowking|60\/100 brn|[from] brn\n|upkeep\n|turn|31\n|c|\u2606Syph0n_78|Istfg stop with the future sights\n|c|\u2606Syph0n_78|Stall fucking more bro\n|c|\u2606DNTTAH|why did u tera ur only immunity\n|\n|t:|1700235823\n|switch|p2a: Cinderace|Cinderace, F|100\/100\n|move|p1a: Slowking|Future Sight|p2a: Cinderace\n|-start|p1a: Slowking|move: Future Sight\n|\n|-damage|p1a: Slowking|54\/100 brn|[from] brn\n|upkeep\n|turn|32\n|c|\u2606Syph0n_78|Bc i thought you'd cc\n|\n|t:|1700235843\n|move|p2a: Cinderace|Pyro Ball|p1a: Slowking\n|-damage|p1a: Slowking|13\/100 brn\n|move|p1a: Slowking|Chilly Reception|p1a: Slowking\n|-weather|Snow\n|c|\u2606DNTTAH|u thought wrong\n|\n|t:|1700235851\n|switch|p1a: Sneasler|Sneasler, M|95\/100|[from] Chilly Reception\n|\n|-weather|Snow|[upkeep]\n|upkeep\n|turn|33\n|\n|t:|1700235864\n|move|p1a: Sneasler|Dire Claw|p2a: Cinderace\n|-damage|p2a: Cinderace|18\/100\n|-status|p2a: Cinderace|psn\n|move|p2a: Cinderace|Pyro Ball|p1a: Sneasler\n|-damage|p1a: Sneasler|0 fnt\n|faint|p1a: Sneasler\n|\n|-weather|Snow|[upkeep]\n|-end|p2a: Cinderace|move: Future Sight\n|-damage|p2a: Cinderace|0 fnt\n|faint|p2a: Cinderace\n|upkeep\n|c|\u2606Syph0n_78|Its called a misread\n|\n|t:|1700235894\n|switch|p1a: Clefable|Clefable, M|100\/100\n|switch|p2a: Garganacl|Garganacl, M|80\/100\n|turn|34\n|\n|t:|1700235903\n|switch|p2a: Hydreigon|Hydreigon, M, tera:Fairy|88\/100\n|move|p1a: Clefable|Stealth Rock|p2a: Hydreigon\n|-sidestart|p2: Syph0n_78|move: Stealth Rock\n|\n|-weather|Snow|[upkeep]\n|upkeep\n|turn|35\n|\n|t:|1700235914\n|move|p1a: Clefable|Protect|p1a: Clefable\n|-singleturn|p1a: Clefable|Protect\n|move|p2a: Hydreigon|Flash Cannon|p1a: Clefable\n|-activate|p1a: Clefable|move: Protect\n|\n|-weather|Snow|[upkeep]\n|upkeep\n|turn|36\n|-message|Syph0n_78 forfeited.\n|\n|win|DNTTAH\n|raw|DNTTAH's rating: 1220 &rarr; <strong>1237<\/strong><br \/>(+17 for winning)\n|raw|Syph0n_78's rating: 1103 &rarr; <strong>1086<\/strong><br \/>(-17 for losing)\n|c|\u2606DNTTAH|no patience ?\n|c|\u2606DNTTAH|please tell me more about my stall when u use garg and baby gliscot\n","uploadtime":1700236068,"views":20,"p1id":"dnttah","p2id":"syph0n78","formatid":"gen9ou","rating":1086,"private":0,"password":""}