{"id":"gen9ou-1989488008","p1":"Silent_Kid0","p2":"Sensei Milia","format":"[Gen 9] OU","log":"|j|\u2606Silent_Kid0\n|j|\u2606Sensei Milia\n|t:|1699858950\n|gametype|singles\n|player|p1|Silent_Kid0|swimmerf|1220\n|player|p2|Sensei Milia|swimmerf|1233\n|teamsize|p1|6\n|teamsize|p2|6\n|gen|9\n|tier|[Gen 9] OU\n|rated|\n|rule|Sleep Clause Mod: Limit one foe put to sleep\n|rule|Species Clause: Limit one of each Pok\u00e9mon\n|rule|OHKO Clause: OHKO moves are banned\n|rule|Evasion Items Clause: Evasion items are banned\n|rule|Evasion Moves Clause: Evasion moves are banned\n|rule|Endless Battle Clause: Forcing endless battles is banned\n|rule|HP Percentage Mod: HP is shown in percentages\n|clearpoke\n|poke|p1|Landorus-Therian, M|\n|poke|p1|Iron Moth|\n|poke|p1|Zapdos|\n|poke|p1|Gholdengo|\n|poke|p1|Great Tusk|\n|poke|p1|Ribombee, M|\n|poke|p2|Heatran, M|\n|poke|p2|Garganacl, M|\n|poke|p2|Ceruledge, F|\n|poke|p2|Clodsire, M|\n|poke|p2|Breloom, M|\n|poke|p2|Clefable, F|\n|teampreview\n|inactive|Battle timer is ON: inactive players will automatically lose when time's up. (requested by Silent_Kid0)\n|\n|t:|1699858955\n|start\n|switch|p1a: Pwetty Bug|Ribombee, M|100\/100\n|switch|p2a: Heatran|Heatran, M, shiny|100\/100\n|-item|p2a: Heatran|Air Balloon\n|turn|1\n|\n|t:|1699858960\n|move|p1a: Pwetty Bug|Stun Spore|p2a: Heatran\n|-status|p2a: Heatran|par\n|move|p2a: Heatran|Magma Storm|p1a: Pwetty Bug\n|-supereffective|p1a: Pwetty Bug\n|-enditem|p1a: Pwetty Bug|Focus Sash\n|-damage|p1a: Pwetty Bug|1\/100\n|-activate|p1a: Pwetty Bug|move: Magma Storm|[of] p2a: Heatran\n|\n|-damage|p1a: Pwetty Bug|0 fnt|[from] move: Magma Storm|[partiallytrapped]\n|faint|p1a: Pwetty Bug\n|upkeep\n|\n|t:|1699858973\n|switch|p1a: Iron Mwusk|Iron Moth|100\/100\n|turn|2\n|\n|t:|1699858977\n|move|p1a: Iron Mwusk|U-turn|p2a: Heatran\n|-resisted|p2a: Heatran\n|-damage|p2a: Heatran|98\/100 par\n|-enditem|p2a: Heatran|Air Balloon\n|\n|t:|1699858979\n|-end|p1a: Iron Mwusk|Quark Drive|[silent]\n|switch|p1a: Microwave KFC|Zapdos|100\/100|[from] U-turn\n|-ability|p1a: Microwave KFC|Pressure\n|move|p2a: Heatran|Earth Power|p1a: Microwave KFC\n|-immune|p1a: Microwave KFC\n|\n|upkeep\n|turn|3\n|\n|t:|1699858990\n|switch|p2a: Clodsire|Clodsire, M|100\/100\n|move|p1a: Microwave KFC|Thunderbolt|p2a: Clodsire\n|-immune|p2a: Clodsire\n|\n|upkeep\n|turn|4\n|\n|t:|1699858999\n|move|p1a: Microwave KFC|U-turn|p2a: Clodsire\n|-resisted|p2a: Clodsire\n|-damage|p2a: Clodsire|94\/100\n|\n|t:|1699859009\n|switch|p1a: Mwusky|Gholdengo|100\/100|[from] U-turn\n|move|p2a: Clodsire|Stealth Rock|p1a: Mwusky\n|-sidestart|p1: Silent_Kid0|move: Stealth Rock\n|\n|-heal|p2a: Clodsire|99\/100|[from] item: Leftovers\n|upkeep\n|turn|5\n|\n|t:|1699859022\n|switch|p1a: Not Landover|Landorus-Therian, M, shiny|100\/100\n|-damage|p1a: Not Landover|88\/100|[from] Stealth Rock\n|-ability|p1a: Not Landover|Intimidate|boost\n|-unboost|p2a: Clodsire|atk|1\n|switch|p2a: Heatran|Heatran, M, shiny|98\/100 par\n|\n|upkeep\n|turn|6\n|\n|t:|1699859032\n|switch|p2a: Breloom|Breloom, M|100\/100\n|move|p1a: Not Landover|Earthquake|p2a: Breloom\n|-resisted|p2a: Breloom\n|-damage|p2a: Breloom|66\/100\n|\n|-status|p2a: Breloom|tox|[from] item: Toxic Orb\n|upkeep\n|turn|7\n|inactive|Silent_Kid0 has 120 seconds left.\n|\n|t:|1699859075\n|switch|p1a: Microwave KFC|Zapdos|100\/100\n|-damage|p1a: Microwave KFC|76\/100|[from] Stealth Rock\n|-ability|p1a: Microwave KFC|Pressure\n|move|p2a: Breloom|Spore|p1a: Microwave KFC\n|-status|p1a: Microwave KFC|slp|[from] move: Spore\n|\n|-heal|p1a: Microwave KFC|82\/100 slp|[from] item: Leftovers\n|-heal|p2a: Breloom|79\/100 tox|[from] ability: Poison Heal\n|upkeep\n|turn|8\n|\n|t:|1699859081\n|cant|p1a: Microwave KFC|slp\n|move|p2a: Breloom|Drain Punch|p1a: Microwave KFC\n|-resisted|p1a: Microwave KFC\n|-damage|p1a: Microwave KFC|70\/100 slp\n|-heal|p2a: Breloom|86\/100 tox|[from] drain|[of] p1a: Microwave KFC\n|\n|-heal|p1a: Microwave KFC|76\/100 slp|[from] item: Leftovers\n|-heal|p2a: Breloom|98\/100 tox|[from] ability: Poison Heal\n|upkeep\n|turn|9\n|inactive|Silent_Kid0 has 120 seconds left.\n|\n|t:|1699859087\n|switch|p2a: Clodsire|Clodsire, M|99\/100\n|-curestatus|p1a: Microwave KFC|slp|[msg]\n|move|p1a: Microwave KFC|Heat Wave|p2a: Clodsire\n|-damage|p2a: Clodsire|83\/100\n|\n|-heal|p1a: Microwave KFC|82\/100|[from] item: Leftovers\n|-heal|p2a: Clodsire|90\/100|[from] item: Leftovers\n|upkeep\n|turn|10\n|\n|t:|1699859096\n|switch|p2a: Heatran|Heatran, M, shiny|98\/100 par\n|move|p1a: Microwave KFC|U-turn|p2a: Heatran\n|-resisted|p2a: Heatran\n|-damage|p2a: Heatran|95\/100 par\n|inactive|Silent_Kid0 has 120 seconds left.\n|\n|t:|1699859115\n|switch|p1a: Great Mwusk|Great Tusk|100\/100|[from] U-turn\n|-damage|p1a: Great Mwusk|98\/100|[from] Stealth Rock\n|-enditem|p1a: Great Mwusk|Booster Energy\n|-activate|p1a: Great Mwusk|ability: Protosynthesis|[fromitem]\n|-start|p1a: Great Mwusk|protosynthesisatk\n|\n|upkeep\n|turn|11\n|\n|t:|1699859127\n|move|p1a: Great Mwusk|Headlong Rush|p2a: Heatran\n|-supereffective|p2a: Heatran\n|-damage|p2a: Heatran|0 fnt\n|-unboost|p1a: Great Mwusk|def|1\n|-unboost|p1a: Great Mwusk|spd|1\n|faint|p2a: Heatran\n|\n|upkeep\n|\n|t:|1699859136\n|switch|p2a: Garganacl|Garganacl, M, shiny|100\/100\n|turn|12\n|inactive|Silent_Kid0 has 120 seconds left.\n|\n|t:|1699859174\n|-terastallize|p1a: Great Mwusk|Fighting\n|-terastallize|p2a: Garganacl|Water\n|move|p1a: Great Mwusk|Close Combat|p2a: Garganacl\n|-damage|p2a: Garganacl|33\/100\n|-unboost|p1a: Great Mwusk|def|1\n|-unboost|p1a: Great Mwusk|spd|1\n|move|p2a: Garganacl|Iron Defense|p2a: Garganacl\n|-boost|p2a: Garganacl|def|2\n|\n|-heal|p2a: Garganacl|39\/100|[from] item: Leftovers\n|upkeep\n|turn|13\n|\n|t:|1699859185\n|move|p1a: Great Mwusk|Close Combat|p2a: Garganacl\n|-damage|p2a: Garganacl|2\/100\n|-unboost|p1a: Great Mwusk|def|1\n|-unboost|p1a: Great Mwusk|spd|1\n|move|p2a: Garganacl|Recover|p2a: Garganacl\n|-heal|p2a: Garganacl|52\/100\n|\n|-heal|p2a: Garganacl|58\/100|[from] item: Leftovers\n|upkeep\n|turn|14\n|\n|t:|1699859189\n|-end|p1a: Great Mwusk|Protosynthesis|[silent]\n|switch|p1a: Microwave KFC|Zapdos|82\/100\n|-damage|p1a: Microwave KFC|57\/100|[from] Stealth Rock\n|-ability|p1a: Microwave KFC|Pressure\n|move|p2a: Garganacl|Recover|p2a: Garganacl\n|-heal|p2a: Garganacl|100\/100\n|\n|-heal|p1a: Microwave KFC|63\/100|[from] item: Leftovers\n|upkeep\n|turn|15\n|\n|t:|1699859192\n|move|p1a: Microwave KFC|Thunderbolt|p2a: Garganacl\n|-supereffective|p2a: Garganacl\n|-damage|p2a: Garganacl|50\/100\n|move|p2a: Garganacl|Salt Cure|p1a: Microwave KFC\n|-supereffective|p1a: Microwave KFC\n|-damage|p1a: Microwave KFC|39\/100\n|-start|p1a: Microwave KFC|Salt Cure\n|\n|-heal|p1a: Microwave KFC|45\/100|[from] item: Leftovers\n|-heal|p2a: Garganacl|56\/100|[from] item: Leftovers\n|-damage|p1a: Microwave KFC|33\/100|[from] Salt Cure\n|upkeep\n|turn|16\n|\n|t:|1699859198\n|move|p1a: Microwave KFC|Thunderbolt|p2a: Garganacl\n|-supereffective|p2a: Garganacl\n|-damage|p2a: Garganacl|9\/100\n|move|p2a: Garganacl|Recover|p2a: Garganacl\n|-heal|p2a: Garganacl|59\/100\n|\n|-heal|p1a: Microwave KFC|39\/100|[from] item: Leftovers\n|-heal|p2a: Garganacl|65\/100|[from] item: Leftovers\n|-damage|p1a: Microwave KFC|27\/100|[from] Salt Cure\n|upkeep\n|turn|17\n|\n|t:|1699859203\n|move|p1a: Microwave KFC|Thunderbolt|p2a: Garganacl\n|-supereffective|p2a: Garganacl\n|-damage|p2a: Garganacl|17\/100\n|move|p2a: Garganacl|Recover|p2a: Garganacl\n|-heal|p2a: Garganacl|67\/100\n|\n|-heal|p1a: Microwave KFC|33\/100|[from] item: Leftovers\n|-heal|p2a: Garganacl|74\/100|[from] item: Leftovers\n|-damage|p1a: Microwave KFC|20\/100|[from] Salt Cure\n|upkeep\n|turn|18\n|\n|t:|1699859209\n|move|p1a: Microwave KFC|Roost|p1a: Microwave KFC\n|-heal|p1a: Microwave KFC|70\/100\n|-singleturn|p1a: Microwave KFC|move: Roost\n|move|p2a: Garganacl|Recover|p2a: Garganacl\n|-heal|p2a: Garganacl|100\/100\n|\n|-heal|p1a: Microwave KFC|76\/100|[from] item: Leftovers\n|-damage|p1a: Microwave KFC|64\/100|[from] Salt Cure\n|upkeep\n|turn|19\n|\n|t:|1699859215\n|switch|p2a: Clodsire|Clodsire, M|90\/100\n|move|p1a: Microwave KFC|Thunderbolt|p2a: Clodsire\n|-immune|p2a: Clodsire\n|\n|-heal|p1a: Microwave KFC|70\/100|[from] item: Leftovers\n|-heal|p2a: Clodsire|96\/100|[from] item: Leftovers\n|-damage|p1a: Microwave KFC|58\/100|[from] Salt Cure\n|upkeep\n|turn|20\n|\n|t:|1699859223\n|move|p1a: Microwave KFC|U-turn|p2a: Clodsire\n|-resisted|p2a: Clodsire\n|-damage|p2a: Clodsire|89\/100\n|\n|t:|1699859227\n|switch|p1a: Great Mwusk|Great Tusk, tera:Fighting|98\/100|[from] U-turn\n|-damage|p1a: Great Mwusk|91\/100|[from] Stealth Rock\n|move|p2a: Clodsire|Toxic|p1a: Great Mwusk\n|-status|p1a: Great Mwusk|tox\n|\n|-heal|p2a: Clodsire|95\/100|[from] item: Leftovers\n|-damage|p1a: Great Mwusk|85\/100 tox|[from] psn\n|upkeep\n|turn|21\n|\n|t:|1699859237\n|switch|p2a: Breloom|Breloom, M|98\/100 tox\n|move|p1a: Great Mwusk|Rapid Spin|p2a: Breloom\n|-damage|p2a: Breloom|77\/100 tox\n|-boost|p1a: Great Mwusk|spe|1\n|-sideend|p1: Silent_Kid0|Stealth Rock|[from] move: Rapid Spin|[of] p1a: Great Mwusk\n|\n|-damage|p1a: Great Mwusk|73\/100 tox|[from] psn\n|-heal|p2a: Breloom|90\/100 tox|[from] ability: Poison Heal\n|upkeep\n|turn|22\n|inactive|Silent_Kid0 has 120 seconds left.\n|\n|t:|1699859279\n|move|p1a: Great Mwusk|Close Combat|p2a: Breloom\n|-damage|p2a: Breloom|0 fnt\n|-unboost|p1a: Great Mwusk|def|1\n|-unboost|p1a: Great Mwusk|spd|1\n|faint|p2a: Breloom\n|\n|-damage|p1a: Great Mwusk|54\/100 tox|[from] psn\n|upkeep\n|\n|t:|1699859290\n|switch|p2a: Clodsire|Clodsire, M|95\/100\n|turn|23\n|inactive|Silent_Kid0 has 120 seconds left.\n|\n|t:|1699859306\n|move|p2a: Clodsire|Protect|p2a: Clodsire\n|-singleturn|p2a: Clodsire|Protect\n|move|p1a: Great Mwusk|Headlong Rush|p2a: Clodsire\n|-activate|p2a: Clodsire|move: Protect\n|\n|-heal|p2a: Clodsire|100\/100|[from] item: Leftovers\n|-damage|p1a: Great Mwusk|29\/100 tox|[from] psn\n|upkeep\n|turn|24\n|\n|t:|1699859315\n|-end|p1a: Great Mwusk|Protosynthesis|[silent]\n|switch|p1a: Microwave KFC|Zapdos|58\/100\n|-ability|p1a: Microwave KFC|Pressure\n|move|p2a: Clodsire|Protect||[still]\n|-fail|p2a: Clodsire\n|\n|-heal|p1a: Microwave KFC|64\/100|[from] item: Leftovers\n|upkeep\n|turn|25\n|inactive|Silent_Kid0 has 120 seconds left.\n|\n|t:|1699859320\n|move|p1a: Microwave KFC|U-turn|p2a: Clodsire\n|-resisted|p2a: Clodsire\n|-damage|p2a: Clodsire|94\/100\n|\n|t:|1699859323\n|switch|p1a: Great Mwusk|Great Tusk, tera:Fighting|29\/100 tox|[from] U-turn\n|move|p2a: Clodsire|Toxic|p1a: Great Mwusk\n|-fail|p1a: Great Mwusk|tox\n|\n|-heal|p2a: Clodsire|99\/100|[from] item: Leftovers\n|-damage|p1a: Great Mwusk|23\/100 tox|[from] psn\n|upkeep\n|turn|26\n|\n|t:|1699859333\n|-end|p1a: Great Mwusk|Protosynthesis|[silent]\n|switch|p1a: Not Landover|Landorus-Therian, M, shiny|88\/100\n|-ability|p1a: Not Landover|Intimidate|boost\n|-unboost|p2a: Clodsire|atk|1\n|move|p2a: Clodsire|Protect||[still]\n|-fail|p2a: Clodsire\n|\n|-heal|p2a: Clodsire|100\/100|[from] item: Leftovers\n|upkeep\n|turn|27\n|\n|t:|1699859337\n|move|p1a: Not Landover|Earthquake|p2a: Clodsire\n|-supereffective|p2a: Clodsire\n|-damage|p2a: Clodsire|0 fnt\n|faint|p2a: Clodsire\n|\n|upkeep\n|\n|t:|1699859346\n|switch|p2a: Garganacl|Garganacl, M, shiny, tera:Water|100\/100\n|turn|28\n|\n|t:|1699859364\n|switch|p1a: Microwave KFC|Zapdos|64\/100\n|-ability|p1a: Microwave KFC|Pressure\n|move|p2a: Garganacl|Salt Cure|p1a: Microwave KFC\n|-supereffective|p1a: Microwave KFC\n|-damage|p1a: Microwave KFC|44\/100\n|-start|p1a: Microwave KFC|Salt Cure\n|\n|-heal|p1a: Microwave KFC|50\/100|[from] item: Leftovers\n|-damage|p1a: Microwave KFC|37\/100|[from] Salt Cure\n|upkeep\n|turn|29\n|\n|t:|1699859374\n|switch|p2a: Ceruledge|Ceruledge, F|100\/100\n|move|p1a: Microwave KFC|Roost|p1a: Microwave KFC\n|-heal|p1a: Microwave KFC|87\/100\n|-singleturn|p1a: Microwave KFC|move: Roost\n|\n|-heal|p1a: Microwave KFC|93\/100|[from] item: Leftovers\n|-damage|p1a: Microwave KFC|81\/100|[from] Salt Cure\n|upkeep\n|turn|30\n|\n|t:|1699859383\n|move|p1a: Microwave KFC|Thunderbolt|p2a: Ceruledge\n|-damage|p2a: Ceruledge|67\/100\n|move|p2a: Ceruledge|Will-O-Wisp|p1a: Microwave KFC\n|-status|p1a: Microwave KFC|brn\n|\n|-heal|p1a: Microwave KFC|87\/100 brn|[from] item: Leftovers\n|-damage|p1a: Microwave KFC|81\/100 brn|[from] brn\n|-damage|p1a: Microwave KFC|69\/100 brn|[from] Salt Cure\n|upkeep\n|turn|31\n|\n|t:|1699859389\n|switch|p1a: Great Mwusk|Great Tusk, tera:Fighting|23\/100 tox\n|move|p2a: Ceruledge|Bitter Blade|p1a: Great Mwusk\n|-damage|p1a: Great Mwusk|0 fnt\n|-heal|p2a: Ceruledge|78\/100|[from] drain|[of] p1a: Great Mwusk\n|faint|p1a: Great Mwusk\n|-end|p1a: Great Mwusk|Protosynthesis|[silent]\n|\n|upkeep\n|\n|t:|1699859394\n|switch|p1a: Not Landover|Landorus-Therian, M, shiny|88\/100\n|-ability|p1a: Not Landover|Intimidate|boost\n|-unboost|p2a: Ceruledge|atk|1\n|turn|32\n|\n|t:|1699859400\n|switch|p2a: Clefable|Clefable, F|100\/100\n|move|p1a: Not Landover|Earthquake|p2a: Clefable\n|-damage|p2a: Clefable|45\/100\n|\n|-heal|p2a: Clefable|51\/100|[from] item: Leftovers\n|upkeep\n|turn|33\n|\n|t:|1699859408\n|switch|p1a: Iron Mwusk|Iron Moth|100\/100\n|move|p2a: Clefable|Draining Kiss|p1a: Iron Mwusk\n|-resisted|p1a: Iron Mwusk\n|-damage|p1a: Iron Mwusk|96\/100\n|-heal|p2a: Clefable|54\/100|[from] drain|[of] p1a: Iron Mwusk\n|\n|-heal|p2a: Clefable|60\/100|[from] item: Leftovers\n|upkeep\n|turn|34\n|\n|t:|1699859413\n|move|p1a: Iron Mwusk|Sludge Wave|p2a: Clefable\n|-supereffective|p2a: Clefable\n|-damage|p2a: Clefable|0 fnt\n|faint|p2a: Clefable\n|\n|upkeep\n|\n|t:|1699859418\n|switch|p2a: Ceruledge|Ceruledge, F|78\/100\n|turn|35\n|\n|t:|1699859429\n|move|p1a: Iron Mwusk|Sludge Wave|p2a: Ceruledge\n|-resisted|p2a: Ceruledge\n|-damage|p2a: Ceruledge|56\/100\n|move|p2a: Ceruledge|Will-O-Wisp|p1a: Iron Mwusk\n|-immune|p1a: Iron Mwusk\n|\n|upkeep\n|turn|36\n|\n|t:|1699859433\n|-end|p1a: Iron Mwusk|Quark Drive|[silent]\n|switch|p1a: Microwave KFC|Zapdos|69\/100 brn\n|-ability|p1a: Microwave KFC|Pressure\n|move|p2a: Ceruledge|Swords Dance|p2a: Ceruledge\n|-boost|p2a: Ceruledge|atk|2\n|\n|-heal|p1a: Microwave KFC|75\/100 brn|[from] item: Leftovers\n|-damage|p1a: Microwave KFC|69\/100 brn|[from] brn\n|upkeep\n|turn|37\n|\n|t:|1699859438\n|move|p1a: Microwave KFC|Thunderbolt|p2a: Ceruledge\n|-damage|p2a: Ceruledge|21\/100\n|move|p2a: Ceruledge|Bitter Blade|p1a: Microwave KFC\n|-damage|p1a: Microwave KFC|12\/100 brn\n|-heal|p2a: Ceruledge|51\/100|[from] drain|[of] p1a: Microwave KFC\n|\n|-heal|p1a: Microwave KFC|18\/100 brn|[from] item: Leftovers\n|-damage|p1a: Microwave KFC|12\/100 brn|[from] brn\n|upkeep\n|turn|38\n|\n|t:|1699859449\n|move|p2a: Ceruledge|Shadow Sneak|p1a: Microwave KFC\n|-damage|p1a: Microwave KFC|0 fnt\n|faint|p1a: Microwave KFC\n|\n|upkeep\n|\n|t:|1699859455\n|switch|p1a: Not Landover|Landorus-Therian, M, shiny|88\/100\n|-ability|p1a: Not Landover|Intimidate|boost\n|-unboost|p2a: Ceruledge|atk|1\n|turn|39\n|\n|t:|1699859463\n|move|p1a: Not Landover|Earthquake|p2a: Ceruledge\n|-supereffective|p2a: Ceruledge\n|-damage|p2a: Ceruledge|0 fnt\n|faint|p2a: Ceruledge\n|\n|upkeep\n|\n|t:|1699859466\n|switch|p2a: Garganacl|Garganacl, M, shiny, tera:Water|100\/100\n|turn|40\n|\n|t:|1699859471\n|move|p1a: Not Landover|Earthquake|p2a: Garganacl\n|-damage|p2a: Garganacl|63\/100\n|move|p2a: Garganacl|Iron Defense|p2a: Garganacl\n|-boost|p2a: Garganacl|def|2\n|\n|-heal|p2a: Garganacl|70\/100|[from] item: Leftovers\n|upkeep\n|turn|41\n|\n|t:|1699859480\n|switch|p1a: Iron Mwusk|Iron Moth|96\/100\n|move|p2a: Garganacl|Recover|p2a: Garganacl\n|-heal|p2a: Garganacl|100\/100\n|\n|upkeep\n|turn|42\n|\n|t:|1699859484\n|move|p1a: Iron Mwusk|Sludge Wave|p2a: Garganacl\n|-damage|p2a: Garganacl|64\/100\n|move|p2a: Garganacl|Salt Cure|p1a: Iron Mwusk\n|-supereffective|p1a: Iron Mwusk\n|-damage|p1a: Iron Mwusk|51\/100\n|-start|p1a: Iron Mwusk|Salt Cure\n|\n|-heal|p2a: Garganacl|70\/100|[from] item: Leftovers\n|-damage|p1a: Iron Mwusk|39\/100|[from] Salt Cure\n|upkeep\n|turn|43\n|\n|t:|1699859491\n|move|p1a: Iron Mwusk|Sludge Wave|p2a: Garganacl\n|-damage|p2a: Garganacl|38\/100\n|move|p2a: Garganacl|Recover|p2a: Garganacl\n|-heal|p2a: Garganacl|88\/100\n|\n|-heal|p2a: Garganacl|94\/100|[from] item: Leftovers\n|-damage|p1a: Iron Mwusk|27\/100|[from] Salt Cure\n|upkeep\n|turn|44\n|\n|t:|1699859500\n|move|p1a: Iron Mwusk|Sludge Wave|p2a: Garganacl\n|-damage|p2a: Garganacl|61\/100\n|move|p2a: Garganacl|Salt Cure|p1a: Iron Mwusk\n|-supereffective|p1a: Iron Mwusk\n|-damage|p1a: Iron Mwusk|0 fnt\n|faint|p1a: Iron Mwusk\n|-end|p1a: Iron Mwusk|Quark Drive|[silent]\n|\n|-heal|p2a: Garganacl|67\/100|[from] item: Leftovers\n|upkeep\n|\n|t:|1699859505\n|switch|p1a: Not Landover|Landorus-Therian, M, shiny|88\/100\n|-ability|p1a: Not Landover|Intimidate|boost\n|-unboost|p2a: Garganacl|atk|1\n|turn|45\n|\n|t:|1699859509\n|move|p1a: Not Landover|U-turn|p2a: Garganacl\n|-damage|p2a: Garganacl|58\/100\n|\n|t:|1699859512\n|switch|p1a: Mwusky|Gholdengo|100\/100|[from] U-turn\n|move|p2a: Garganacl|Iron Defense|p2a: Garganacl\n|-boost|p2a: Garganacl|def|2\n|\n|-heal|p2a: Garganacl|64\/100|[from] item: Leftovers\n|upkeep\n|turn|46\n|\n|t:|1699859519\n|move|p1a: Mwusky|Make It Rain|p2a: Garganacl\n|-resisted|p2a: Garganacl\n|-damage|p2a: Garganacl|36\/100\n|-unboost|p1a: Mwusky|spa|1\n|-damage|p1a: Mwusky|91\/100|[from] item: Life Orb\n|move|p2a: Garganacl|Salt Cure|p1a: Mwusky\n|-resisted|p1a: Mwusky\n|-damage|p1a: Mwusky|85\/100\n|-start|p1a: Mwusky|Salt Cure\n|\n|-heal|p2a: Garganacl|42\/100|[from] item: Leftovers\n|-damage|p1a: Mwusky|60\/100|[from] Salt Cure\n|upkeep\n|turn|47\n|\n|t:|1699859528\n|switch|p1a: Not Landover|Landorus-Therian, M, shiny|88\/100\n|-ability|p1a: Not Landover|Intimidate|boost\n|-unboost|p2a: Garganacl|atk|1\n|move|p2a: Garganacl|Salt Cure|p1a: Not Landover\n|-damage|p1a: Not Landover|80\/100\n|-start|p1a: Not Landover|Salt Cure\n|\n|-heal|p2a: Garganacl|48\/100|[from] item: Leftovers\n|-damage|p1a: Not Landover|68\/100|[from] Salt Cure\n|upkeep\n|turn|48\n|\n|t:|1699859532\n|move|p1a: Not Landover|Tera Blast|p2a: Garganacl\n|-damage|p2a: Garganacl|36\/100\n|move|p2a: Garganacl|Recover|p2a: Garganacl\n|-heal|p2a: Garganacl|86\/100\n|\n|-heal|p2a: Garganacl|93\/100|[from] item: Leftovers\n|-damage|p1a: Not Landover|55\/100|[from] Salt Cure\n|upkeep\n|turn|49\n|\n|t:|1699859537\n|move|p1a: Not Landover|Tera Blast|p2a: Garganacl\n|-crit|p2a: Garganacl\n|-damage|p2a: Garganacl|75\/100\n|move|p2a: Garganacl|Body Press|p1a: Not Landover\n|-resisted|p1a: Not Landover\n|-damage|p1a: Not Landover|12\/100\n|\n|-heal|p2a: Garganacl|82\/100|[from] item: Leftovers\n|-damage|p1a: Not Landover|0 fnt|[from] Salt Cure\n|faint|p1a: Not Landover\n|upkeep\n|\n|t:|1699859543\n|switch|p1a: Mwusky|Gholdengo|60\/100\n|turn|50\n|\n|t:|1699859555\n|move|p1a: Mwusky|Nasty Plot|p1a: Mwusky\n|-boost|p1a: Mwusky|spa|2\n|move|p2a: Garganacl|Salt Cure|p1a: Mwusky\n|-resisted|p1a: Mwusky\n|-damage|p1a: Mwusky|56\/100\n|-start|p1a: Mwusky|Salt Cure\n|\n|-heal|p2a: Garganacl|88\/100|[from] item: Leftovers\n|-damage|p1a: Mwusky|32\/100|[from] Salt Cure\n|upkeep\n|turn|51\n|\n|t:|1699859560\n|move|p1a: Mwusky|Make It Rain|p2a: Garganacl\n|-resisted|p2a: Garganacl\n|-damage|p2a: Garganacl|35\/100\n|-unboost|p1a: Mwusky|spa|1\n|-damage|p1a: Mwusky|22\/100|[from] item: Life Orb\n|move|p2a: Garganacl|Salt Cure|p1a: Mwusky\n|-resisted|p1a: Mwusky\n|-damage|p1a: Mwusky|18\/100\n|\n|-heal|p2a: Garganacl|41\/100|[from] item: Leftovers\n|-damage|p1a: Mwusky|0 fnt|[from] Salt Cure\n|faint|p1a: Mwusky\n|\n|win|Sensei Milia\n|upkeep\n|raw|Silent_Kid0's rating: 1220 &rarr; <strong>1196<\/strong><br \/>(-24 for losing)\n|raw|Sensei Milia's rating: 1233 &rarr; <strong>1257<\/strong><br \/>(+24 for winning)\n|c|\u2606Sensei Milia|gg\n|c|\u2606Silent_Kid0|gg\n|l|\u2606Silent_Kid0\n","uploadtime":1699859586,"views":12,"p1id":"silentkid0","p2id":"senseimilia","formatid":"gen9ou","rating":1196,"private":0,"password":""}