{"id":"gen9ou-1988724182","p1":"TrueSkyKing","p2":"Usopp D Gawd","format":"[Gen 9] OU","log":"|j|\u2606TrueSkyKing\n|j|\u2606Usopp D Gawd\n|t:|1699755126\n|gametype|singles\n|player|p1|TrueSkyKing|red|\n|player|p2|Usopp D Gawd|blue|\n|teamsize|p1|6\n|teamsize|p2|6\n|gen|9\n|tier|[Gen 9] OU\n|rule|Sleep Clause Mod: Limit one foe put to sleep\n|rule|Species Clause: Limit one of each Pok\u00e9mon\n|rule|OHKO Clause: OHKO moves are banned\n|rule|Evasion Items Clause: Evasion items are banned\n|rule|Evasion Moves Clause: Evasion moves are banned\n|rule|Endless Battle Clause: Forcing endless battles is banned\n|rule|HP Percentage Mod: HP is shown in percentages\n|clearpoke\n|poke|p1|Gholdengo|\n|poke|p1|Ribombee, M|\n|poke|p1|Sneasler, M|\n|poke|p1|Politoed, M|\n|poke|p1|Clefable, F|\n|poke|p1|Heatran, M|\n|poke|p2|Great Tusk|\n|poke|p2|Dragapult, M|\n|poke|p2|Iron Moth|\n|poke|p2|Ogerpon-Wellspring, F|\n|poke|p2|Uxie|\n|poke|p2|Clefable, M|\n|teampreview\n|inactive|Battle timer is ON: inactive players will automatically lose when time's up. (requested by TrueSkyKing)\n|\n|t:|1699755134\n|start\n|switch|p1a: Mr.Dubstep|Sneasler, M|100\/100\n|switch|p2a: The Fur.|Uxie, shiny|100\/100\n|turn|1\n|\n|t:|1699755141\n|move|p1a: Mr.Dubstep|Fake Out|p2a: The Fur.\n|-damage|p2a: The Fur.|87\/100\n|-status|p2a: The Fur.|psn|[from] ability: Poison Touch|[of] p1a: Mr.Dubstep\n|-damage|p1a: Mr.Dubstep|91\/100|[from] item: Life Orb\n|cant|p2a: The Fur.|flinch\n|\n|-heal|p2a: The Fur.|93\/100 psn|[from] item: Leftovers\n|-damage|p2a: The Fur.|80\/100 psn|[from] psn\n|upkeep\n|turn|2\n|\n|t:|1699755154\n|switch|p1a: Buble|Gholdengo|100\/100\n|move|p2a: The Fur.|Psychic|p1a: Buble\n|-resisted|p1a: Buble\n|-damage|p1a: Buble|88\/100\n|\n|-heal|p2a: The Fur.|87\/100 psn|[from] item: Leftovers\n|-heal|p1a: Buble|94\/100|[from] item: Leftovers\n|-damage|p2a: The Fur.|74\/100 psn|[from] psn\n|upkeep\n|turn|3\n|\n|t:|1699755166\n|move|p2a: The Fur.|U-turn|p1a: Buble\n|-resisted|p1a: Buble\n|-damage|p1a: Buble|91\/100\n|\n|t:|1699755172\n|switch|p2a: ScrewStache|Great Tusk|100\/100|[from] U-turn\n|move|p1a: Buble|Nasty Plot|p1a: Buble\n|-boost|p1a: Buble|spa|2\n|\n|-heal|p1a: Buble|97\/100|[from] item: Leftovers\n|upkeep\n|turn|4\n|\n|t:|1699755182\n|-terastallize|p1a: Buble|Flying\n|move|p2a: ScrewStache|Headlong Rush|p1a: Buble\n|-immune|p1a: Buble\n|move|p1a: Buble|Tera Blast|p2a: ScrewStache|[anim] Tera Blast Flying\n|-supereffective|p2a: ScrewStache\n|-damage|p2a: ScrewStache|0 fnt\n|faint|p2a: ScrewStache\n|-end|p2a: ScrewStache|Protosynthesis|[silent]\n|\n|-heal|p1a: Buble|100\/100|[from] item: Leftovers\n|upkeep\n|\n|t:|1699755195\n|switch|p2a: Ace Spectrum|Clefable, M|100\/100\n|turn|5\n|\n|t:|1699755211\n|switch|p1a: Bee Gees|Ribombee, M|100\/100\n|-terastallize|p2a: Ace Spectrum|Water\n|move|p2a: Ace Spectrum|Calm Mind|p2a: Ace Spectrum\n|-boost|p2a: Ace Spectrum|spa|1\n|-boost|p2a: Ace Spectrum|spd|1\n|\n|upkeep\n|turn|6\n|\n|t:|1699755222\n|move|p1a: Bee Gees|Skill Swap|p2a: Ace Spectrum\n|-activate|p1a: Bee Gees|move: Skill Swap|Unaware|Honey Gather|[of] p2a: Ace Spectrum\n|move|p2a: Ace Spectrum|Draining Kiss|p1a: Bee Gees\n|-damage|p1a: Bee Gees|61\/100\n|\n|upkeep\n|turn|7\n|\n|t:|1699755235\n|move|p1a: Bee Gees|Sticky Web|p2a: Ace Spectrum\n|-sidestart|p2: Usopp D Gawd|move: Sticky Web\n|move|p2a: Ace Spectrum|Thunderbolt|p1a: Bee Gees\n|-damage|p1a: Bee Gees|12\/100\n|\n|upkeep\n|turn|8\n|inactive|TrueSkyKing has 270 seconds left.\n|\n|t:|1699755266\n|move|p1a: Bee Gees|Stun Spore|p2a: Ace Spectrum\n|-status|p2a: Ace Spectrum|par\n|move|p2a: Ace Spectrum|Thunderbolt|p1a: Bee Gees\n|-damage|p1a: Bee Gees|0 fnt\n|faint|p1a: Bee Gees\n|\n|upkeep\n|inactive|TrueSkyKing has 270 seconds left.\n|\n|t:|1699755272\n|switch|p1a: Madonna|Politoed, M, shiny|100\/100\n|-weather|RainDance|[from] ability: Drizzle|[of] p1a: Madonna\n|turn|9\n|\n|t:|1699755277\n|move|p1a: Madonna|Haze|p1a: Madonna\n|-clearallboost\n|move|p2a: Ace Spectrum|Thunderbolt|p1a: Madonna\n|-supereffective|p1a: Madonna\n|-damage|p1a: Madonna|50\/100\n|\n|-weather|RainDance|[upkeep]\n|upkeep\n|turn|10\n|\n|t:|1699755285\n|switch|p1a: Anthrax|Heatran, M|100\/100\n|-item|p1a: Anthrax|Air Balloon\n|move|p2a: Ace Spectrum|Thunderbolt|p1a: Anthrax\n|-damage|p1a: Anthrax|82\/100\n|-enditem|p1a: Anthrax|Air Balloon\n|\n|-weather|RainDance|[upkeep]\n|upkeep\n|turn|11\n|\n|t:|1699755296\n|move|p1a: Anthrax|Magma Storm|p2a: Ace Spectrum\n|-resisted|p2a: Ace Spectrum\n|-crit|p2a: Ace Spectrum\n|-damage|p2a: Ace Spectrum|83\/100 par\n|-activate|p2a: Ace Spectrum|move: Magma Storm|[of] p1a: Anthrax\n|move|p2a: Ace Spectrum|Calm Mind|p2a: Ace Spectrum\n|-boost|p2a: Ace Spectrum|spa|1\n|-boost|p2a: Ace Spectrum|spd|1\n|\n|-weather|RainDance|[upkeep]\n|-heal|p2a: Ace Spectrum|90\/100 par|[from] item: Leftovers\n|-damage|p2a: Ace Spectrum|77\/100 par|[from] move: Magma Storm|[partiallytrapped]\n|upkeep\n|turn|12\n|\n|t:|1699755307\n|move|p1a: Anthrax|Taunt|p2a: Ace Spectrum\n|-start|p2a: Ace Spectrum|move: Taunt\n|cant|p2a: Ace Spectrum|par\n|\n|-weather|RainDance|[upkeep]\n|-heal|p2a: Ace Spectrum|83\/100 par|[from] item: Leftovers\n|-damage|p2a: Ace Spectrum|71\/100 par|[from] move: Magma Storm|[partiallytrapped]\n|upkeep\n|turn|13\n|\n|t:|1699755316\n|switch|p1a: Labyrinth|Clefable, F|100\/100\n|move|p2a: Ace Spectrum|Thunderbolt|p1a: Labyrinth\n|-damage|p1a: Labyrinth|75\/100\n|\n|-weather|RainDance|[upkeep]\n|-heal|p1a: Labyrinth|81\/100|[from] item: Leftovers\n|-heal|p2a: Ace Spectrum|77\/100 par|[from] item: Leftovers\n|-end|p2a: Ace Spectrum|Magma Storm|[partiallytrapped]|[silent]\n|upkeep\n|turn|14\n|\n|t:|1699755326\n|move|p1a: Labyrinth|Stealth Rock|p2a: Ace Spectrum\n|-sidestart|p2: Usopp D Gawd|move: Stealth Rock\n|cant|p2a: Ace Spectrum|par\n|\n|-weather|RainDance|[upkeep]\n|-heal|p1a: Labyrinth|87\/100|[from] item: Leftovers\n|-heal|p2a: Ace Spectrum|83\/100 par|[from] item: Leftovers\n|-end|p2a: Ace Spectrum|move: Taunt\n|upkeep\n|turn|15\n|\n|t:|1699755338\n|move|p1a: Labyrinth|Moonblast|p2a: Ace Spectrum\n|-damage|p2a: Ace Spectrum|53\/100 par\n|move|p2a: Ace Spectrum|Draining Kiss|p1a: Labyrinth\n|-damage|p1a: Labyrinth|68\/100\n|-heal|p2a: Ace Spectrum|68\/100 par|[from] drain|[of] p1a: Labyrinth\n|\n|-weather|RainDance|[upkeep]\n|-heal|p1a: Labyrinth|74\/100|[from] item: Leftovers\n|-heal|p2a: Ace Spectrum|74\/100 par|[from] item: Leftovers\n|upkeep\n|turn|16\n|\n|t:|1699755352\n|move|p1a: Labyrinth|Moonblast|p2a: Ace Spectrum\n|-damage|p2a: Ace Spectrum|43\/100 par\n|move|p2a: Ace Spectrum|Draining Kiss|p1a: Labyrinth\n|-damage|p1a: Labyrinth|54\/100\n|-heal|p2a: Ace Spectrum|59\/100 par|[from] drain|[of] p1a: Labyrinth\n|\n|-weather|none\n|-heal|p1a: Labyrinth|60\/100|[from] item: Leftovers\n|-heal|p2a: Ace Spectrum|65\/100 par|[from] item: Leftovers\n|upkeep\n|turn|17\n|\n|t:|1699755363\n|move|p1a: Labyrinth|Moonblast|p2a: Ace Spectrum\n|-damage|p2a: Ace Spectrum|34\/100 par\n|cant|p2a: Ace Spectrum|par\n|\n|-heal|p1a: Labyrinth|66\/100|[from] item: Leftovers\n|-heal|p2a: Ace Spectrum|40\/100 par|[from] item: Leftovers\n|upkeep\n|turn|18\n|\n|t:|1699755372\n|move|p1a: Labyrinth|Moonblast|p2a: Ace Spectrum\n|-damage|p2a: Ace Spectrum|9\/100 par\n|-unboost|p2a: Ace Spectrum|spa|1\n|move|p2a: Ace Spectrum|Draining Kiss|p1a: Labyrinth\n|-damage|p1a: Labyrinth|47\/100\n|-heal|p2a: Ace Spectrum|23\/100 par|[from] drain|[of] p1a: Labyrinth\n|\n|-heal|p1a: Labyrinth|53\/100|[from] item: Leftovers\n|-heal|p2a: Ace Spectrum|29\/100 par|[from] item: Leftovers\n|upkeep\n|turn|19\n|\n|t:|1699755385\n|move|p1a: Labyrinth|Moonlight|p1a: Labyrinth\n|-heal|p1a: Labyrinth|100\/100\n|move|p2a: Ace Spectrum|Draining Kiss|p1a: Labyrinth\n|-damage|p1a: Labyrinth|80\/100\n|-heal|p2a: Ace Spectrum|45\/100 par|[from] drain|[of] p1a: Labyrinth\n|\n|-heal|p1a: Labyrinth|86\/100|[from] item: Leftovers\n|-heal|p2a: Ace Spectrum|51\/100 par|[from] item: Leftovers\n|upkeep\n|turn|20\n|\n|t:|1699755399\n|switch|p2a: Redveil|Iron Moth|100\/100\n|-activate|p2a: Redveil|move: Sticky Web\n|-unboost|p2a: Redveil|spe|1\n|-damage|p2a: Redveil|76\/100|[from] Stealth Rock\n|-enditem|p2a: Redveil|Booster Energy\n|-activate|p2a: Redveil|ability: Quark Drive|[fromitem]\n|-start|p2a: Redveil|quarkdrivespa\n|move|p1a: Labyrinth|Moonblast|p2a: Redveil\n|-resisted|p2a: Redveil\n|-damage|p2a: Redveil|68\/100\n|\n|-heal|p1a: Labyrinth|92\/100|[from] item: Leftovers\n|upkeep\n|turn|21\n|\n|t:|1699755413\n|switch|p1a: Madonna|Politoed, M, shiny|50\/100\n|-weather|RainDance|[from] ability: Drizzle|[of] p1a: Madonna\n|move|p2a: Redveil|Fiery Dance|p1a: Madonna\n|-resisted|p1a: Madonna\n|-damage|p1a: Madonna|40\/100\n|\n|-weather|RainDance|[upkeep]\n|upkeep\n|turn|22\n|\n|t:|1699755424\n|move|p2a: Redveil|Energy Ball|p1a: Madonna\n|-supereffective|p1a: Madonna\n|-damage|p1a: Madonna|0 fnt\n|faint|p1a: Madonna\n|\n|-weather|RainDance|[upkeep]\n|upkeep\n|\n|t:|1699755440\n|switch|p1a: Anthrax|Heatran, M|82\/100\n|turn|23\n|\n|t:|1699755444\n|move|p2a: Redveil|Psychic|p1a: Anthrax\n|-resisted|p1a: Anthrax\n|-damage|p1a: Anthrax|69\/100\n|move|p1a: Anthrax|Earth Power|p2a: Redveil\n|-supereffective|p2a: Redveil\n|-crit|p2a: Redveil\n|-damage|p2a: Redveil|0 fnt\n|faint|p2a: Redveil\n|-end|p2a: Redveil|Quark Drive|[silent]\n|\n|-weather|RainDance|[upkeep]\n|upkeep\n|\n|t:|1699755454\n|switch|p2a: Sam Ezeh|Ogerpon-Wellspring, F|100\/100\n|-activate|p2a: Sam Ezeh|move: Sticky Web\n|-unboost|p2a: Sam Ezeh|spe|1\n|-damage|p2a: Sam Ezeh|88\/100|[from] Stealth Rock\n|turn|24\n|inactive|TrueSkyKing has 270 seconds left.\n|\n|t:|1699755487\n|move|p2a: Sam Ezeh|Ivy Cudgel|p1a: Anthrax\n|-supereffective|p1a: Anthrax\n|-damage|p1a: Anthrax|0 fnt\n|faint|p1a: Anthrax\n|\n|-weather|RainDance|[upkeep]\n|upkeep\n|inactive|TrueSkyKing has 270 seconds left.\n|\n|t:|1699755493\n|switch|p1a: Mr.Dubstep|Sneasler, M|91\/100\n|turn|25\n|\n|t:|1699755502\n|switch|p2a: The Fur.|Uxie, shiny|74\/100 psn\n|-damage|p2a: The Fur.|62\/100 psn|[from] Stealth Rock\n|move|p1a: Mr.Dubstep|Fake Out|p2a: The Fur.\n|-damage|p2a: The Fur.|47\/100 psn\n|-damage|p1a: Mr.Dubstep|81\/100|[from] item: Life Orb\n|\n|-weather|RainDance|[upkeep]\n|-heal|p2a: The Fur.|53\/100 psn|[from] item: Leftovers\n|-damage|p2a: The Fur.|41\/100 psn|[from] psn\n|upkeep\n|turn|26\n|\n|t:|1699755515\n|switch|p1a: Labyrinth|Clefable, F|92\/100\n|move|p2a: The Fur.|Psychic|p1a: Labyrinth\n|-damage|p1a: Labyrinth|70\/100\n|-unboost|p1a: Labyrinth|spd|1\n|\n|-weather|RainDance|[upkeep]\n|-heal|p2a: The Fur.|47\/100 psn|[from] item: Leftovers\n|-heal|p1a: Labyrinth|76\/100|[from] item: Leftovers\n|-damage|p2a: The Fur.|35\/100 psn|[from] psn\n|upkeep\n|turn|27\n|\n|t:|1699755529\n|move|p2a: The Fur.|Stealth Rock|p1a: Labyrinth\n|-sidestart|p1: TrueSkyKing|move: Stealth Rock\n|move|p1a: Labyrinth|Moonlight|p1a: Labyrinth\n|-heal|p1a: Labyrinth|100\/100\n|\n|-weather|RainDance|[upkeep]\n|-heal|p2a: The Fur.|41\/100 psn|[from] item: Leftovers\n|-damage|p2a: The Fur.|28\/100 psn|[from] psn\n|upkeep\n|turn|28\n|\n|t:|1699755542\n|move|p2a: The Fur.|Psychic|p1a: Labyrinth\n|-damage|p1a: Labyrinth|69\/100\n|move|p1a: Labyrinth|Moonblast|p2a: The Fur.\n|-damage|p2a: The Fur.|2\/100 psn\n|\n|-weather|none\n|-heal|p2a: The Fur.|8\/100 psn|[from] item: Leftovers\n|-heal|p1a: Labyrinth|75\/100|[from] item: Leftovers\n|-damage|p2a: The Fur.|0 fnt|[from] psn\n|faint|p2a: The Fur.\n|upkeep\n|\n|t:|1699755555\n|switch|p2a: Jay Safari|Dragapult, M|100\/100\n|-activate|p2a: Jay Safari|move: Sticky Web\n|-unboost|p2a: Jay Safari|spe|1\n|-damage|p2a: Jay Safari|88\/100|[from] Stealth Rock\n|turn|29\n|\n|t:|1699755562\n|move|p2a: Jay Safari|Shadow Ball|p1a: Labyrinth\n|-damage|p1a: Labyrinth|13\/100\n|-damage|p2a: Jay Safari|78\/100|[from] item: Life Orb\n|move|p1a: Labyrinth|Thunder Wave|p2a: Jay Safari\n|-status|p2a: Jay Safari|par\n|\n|-heal|p1a: Labyrinth|19\/100|[from] item: Leftovers\n|upkeep\n|turn|30\n|\n|t:|1699755573\n|move|p1a: Labyrinth|Moonblast|p2a: Jay Safari\n|-supereffective|p2a: Jay Safari\n|-damage|p2a: Jay Safari|0 fnt\n|faint|p2a: Jay Safari\n|\n|-heal|p1a: Labyrinth|25\/100|[from] item: Leftovers\n|upkeep\n|\n|t:|1699755580\n|switch|p2a: Ace Spectrum|Clefable, M, tera:Water|51\/100 par\n|-activate|p2a: Ace Spectrum|move: Sticky Web\n|-unboost|p2a: Ace Spectrum|spe|1\n|-damage|p2a: Ace Spectrum|39\/100 par|[from] Stealth Rock\n|turn|31\n|\n|t:|1699755596\n|move|p1a: Labyrinth|Moonlight|p1a: Labyrinth\n|-heal|p1a: Labyrinth|75\/100\n|cant|p2a: Ace Spectrum|par\n|\n|-heal|p1a: Labyrinth|81\/100|[from] item: Leftovers\n|-heal|p2a: Ace Spectrum|45\/100 par|[from] item: Leftovers\n|upkeep\n|turn|32\n|\n|t:|1699755606\n|move|p1a: Labyrinth|Moonblast|p2a: Ace Spectrum\n|-damage|p2a: Ace Spectrum|13\/100 par\n|move|p2a: Ace Spectrum|Draining Kiss|p1a: Labyrinth\n|-damage|p1a: Labyrinth|60\/100\n|-heal|p2a: Ace Spectrum|29\/100 par|[from] drain|[of] p1a: Labyrinth\n|\n|-heal|p1a: Labyrinth|66\/100|[from] item: Leftovers\n|-heal|p2a: Ace Spectrum|36\/100 par|[from] item: Leftovers\n|upkeep\n|turn|33\n|\n|t:|1699755617\n|move|p1a: Labyrinth|Moonblast|p2a: Ace Spectrum\n|-damage|p2a: Ace Spectrum|3\/100 par\n|cant|p2a: Ace Spectrum|par\n|\n|-heal|p1a: Labyrinth|72\/100|[from] item: Leftovers\n|-heal|p2a: Ace Spectrum|9\/100 par|[from] item: Leftovers\n|upkeep\n|turn|34\n|\n|t:|1699755626\n|move|p1a: Labyrinth|Moonblast|p2a: Ace Spectrum\n|-damage|p2a: Ace Spectrum|0 fnt\n|faint|p2a: Ace Spectrum\n|\n|-heal|p1a: Labyrinth|78\/100|[from] item: Leftovers\n|upkeep\n|\n|t:|1699755633\n|switch|p2a: Sam Ezeh|Ogerpon-Wellspring, F|88\/100\n|-activate|p2a: Sam Ezeh|move: Sticky Web\n|-unboost|p2a: Sam Ezeh|spe|1\n|-damage|p2a: Sam Ezeh|76\/100|[from] Stealth Rock\n|turn|35\n|\n|t:|1699755640\n|move|p2a: Sam Ezeh|Ivy Cudgel|p1a: Labyrinth\n|-damage|p1a: Labyrinth|24\/100\n|move|p1a: Labyrinth|Thunder Wave|p2a: Sam Ezeh|[miss]\n|-miss|p1a: Labyrinth|p2a: Sam Ezeh\n|\n|-heal|p1a: Labyrinth|30\/100|[from] item: Leftovers\n|upkeep\n|turn|36\n|\n|t:|1699755654\n|move|p2a: Sam Ezeh|Ivy Cudgel|p1a: Labyrinth\n|-damage|p1a: Labyrinth|0 fnt\n|faint|p1a: Labyrinth\n|\n|upkeep\n|\n|t:|1699755662\n|switch|p1a: Buble|Gholdengo, tera:Flying|100\/100\n|-damage|p1a: Buble|76\/100|[from] Stealth Rock\n|turn|37\n|\n|t:|1699755668\n|move|p1a: Buble|Tera Blast|p2a: Sam Ezeh|[anim] Tera Blast Flying\n|-supereffective|p2a: Sam Ezeh\n|-damage|p2a: Sam Ezeh|0 fnt\n|faint|p2a: Sam Ezeh\n|\n|win|TrueSkyKing\n","uploadtime":1699755676,"views":10,"p1id":"trueskyking","p2id":"usoppdgawd","formatid":"gen9ou","rating":0,"private":0,"password":""}