{"id":"gen9ou-1994195817","p1":"thunderdog_32","p2":"Siisisihisia","format":"[Gen 9] OU","log":"|j|\u2606thunderdog_32\n|j|\u2606Siisisihisia\n|t:|1700417700\n|gametype|singles\n|player|p1|thunderdog_32|170|1281\n|player|p2|Siisisihisia|camper|1344\n|teamsize|p1|6\n|teamsize|p2|6\n|gen|9\n|tier|[Gen 9] OU\n|rated|\n|rule|Sleep Clause Mod: Limit one foe put to sleep\n|rule|Species Clause: Limit one of each Pok\u00e9mon\n|rule|OHKO Clause: OHKO moves are banned\n|rule|Evasion Items Clause: Evasion items are banned\n|rule|Evasion Moves Clause: Evasion moves are banned\n|rule|Endless Battle Clause: Forcing endless battles is banned\n|rule|HP Percentage Mod: HP is shown in percentages\n|clearpoke\n|poke|p1|Hatterene, F|\n|poke|p1|Landorus-Therian, M|\n|poke|p1|Heatran, F|\n|poke|p1|Ogerpon-Wellspring, F|\n|poke|p1|Iron Hands|\n|poke|p1|Dragapult, M|\n|poke|p2|Maushold|\n|poke|p2|Clefable, M|\n|poke|p2|Ting-Lu|\n|poke|p2|Rillaboom, M|\n|poke|p2|Weavile, M|\n|poke|p2|Slowking-Galar, F|\n|teampreview\n|inactive|Battle timer is ON: inactive players will automatically lose when time's up. (requested by Siisisihisia)\n|\n|t:|1700417725\n|start\n|switch|p1a: Hatterene|Hatterene, F|100\/100\n|switch|p2a: Rillaboom|Rillaboom, M|100\/100\n|-fieldstart|move: Grassy Terrain|[from] ability: Grassy Surge|[of] p2a: Rillaboom\n|turn|1\n|\n|t:|1700417736\n|switch|p1a: Landorus|Landorus-Therian, M|100\/100\n|-ability|p1a: Landorus|Intimidate|boost\n|-unboost|p2a: Rillaboom|atk|1\n|move|p2a: Rillaboom|Knock Off|p1a: Landorus\n|-damage|p1a: Landorus|64\/100\n|-enditem|p1a: Landorus|Choice Scarf|[from] move: Knock Off|[of] p2a: Rillaboom\n|\n|upkeep\n|turn|2\n|\n|t:|1700417745\n|switch|p2a: Clefable|Clefable, M|100\/100\n|move|p1a: Landorus|U-turn|p2a: Clefable\n|-resisted|p2a: Clefable\n|-damage|p2a: Clefable|90\/100\n|\n|t:|1700417748\n|switch|p1a: Heatran|Heatran, F|100\/100|[from] U-turn\n|\n|-heal|p2a: Clefable|96\/100|[from] Grassy Terrain\n|-heal|p2a: Clefable|100\/100|[from] item: Leftovers\n|upkeep\n|turn|3\n|\n|t:|1700417754\n|switch|p2a: Ting-Lu|Ting-Lu|100\/100\n|-ability|p2a: Ting-Lu|Vessel of Ruin\n|move|p1a: Heatran|Magma Storm|p2a: Ting-Lu\n|-damage|p2a: Ting-Lu|82\/100\n|-activate|p2a: Ting-Lu|move: Magma Storm|[of] p1a: Heatran\n|\n|-heal|p2a: Ting-Lu|88\/100|[from] Grassy Terrain\n|-heal|p2a: Ting-Lu|94\/100|[from] item: Leftovers\n|-damage|p2a: Ting-Lu|82\/100|[from] move: Magma Storm|[partiallytrapped]\n|upkeep\n|turn|4\n|\n|t:|1700417760\n|switch|p1a: Hatterene|Hatterene, F|100\/100\n|move|p2a: Ting-Lu|Earthquake|p1a: Hatterene\n|-damage|p1a: Hatterene|86\/100\n|\n|-heal|p2a: Ting-Lu|88\/100|[from] Grassy Terrain\n|-heal|p2a: Ting-Lu|94\/100|[from] item: Leftovers\n|-heal|p1a: Hatterene|92\/100|[from] Grassy Terrain\n|-heal|p1a: Hatterene|98\/100|[from] item: Leftovers\n|-end|p2a: Ting-Lu|Magma Storm|[partiallytrapped]|[silent]\n|upkeep\n|turn|5\n|\n|t:|1700417768\n|switch|p2a: Rillaboom|Rillaboom, M|100\/100\n|move|p1a: Hatterene|Mystical Fire|p2a: Rillaboom\n|-supereffective|p2a: Rillaboom\n|-damage|p2a: Rillaboom|44\/100\n|-unboost|p2a: Rillaboom|spa|1\n|\n|-heal|p2a: Rillaboom|50\/100|[from] Grassy Terrain\n|-heal|p1a: Hatterene|100\/100|[from] Grassy Terrain\n|-fieldend|move: Grassy Terrain\n|upkeep\n|turn|6\n|\n|t:|1700417773\n|switch|p1a: Landorus|Landorus-Therian, M|64\/100\n|-ability|p1a: Landorus|Intimidate|boost\n|-unboost|p2a: Rillaboom|atk|1\n|move|p2a: Rillaboom|Wood Hammer|p1a: Landorus\n|-damage|p1a: Landorus|0 fnt\n|faint|p1a: Landorus\n|-damage|p2a: Rillaboom|30\/100|[from] Recoil\n|\n|upkeep\n|\n|t:|1700417785\n|switch|p1a: Ogerpon|Ogerpon-Wellspring, F|100\/100\n|turn|7\n|\n|t:|1700417788\n|switch|p2a: Clefable|Clefable, M|100\/100\n|move|p1a: Ogerpon|U-turn|p2a: Clefable\n|-resisted|p2a: Clefable\n|-damage|p2a: Clefable|90\/100\n|\n|t:|1700417791\n|switch|p1a: Heatran|Heatran, F|100\/100|[from] U-turn\n|\n|-heal|p2a: Clefable|96\/100|[from] item: Leftovers\n|upkeep\n|turn|8\n|\n|t:|1700417796\n|switch|p2a: Ting-Lu|Ting-Lu|94\/100\n|-ability|p2a: Ting-Lu|Vessel of Ruin\n|move|p1a: Heatran|Stealth Rock|p2a: Ting-Lu\n|-sidestart|p2: Siisisihisia|move: Stealth Rock\n|\n|-heal|p2a: Ting-Lu|99\/100|[from] item: Leftovers\n|upkeep\n|turn|9\n|\n|t:|1700417800\n|switch|p1a: Hatterene|Hatterene, F|100\/100\n|move|p2a: Ting-Lu|Earthquake|p1a: Hatterene\n|-damage|p1a: Hatterene|70\/100\n|\n|-heal|p2a: Ting-Lu|100\/100|[from] item: Leftovers\n|-heal|p1a: Hatterene|76\/100|[from] item: Leftovers\n|upkeep\n|turn|10\n|\n|t:|1700417805\n|move|p2a: Ting-Lu|Earthquake|p1a: Hatterene\n|-damage|p1a: Hatterene|46\/100\n|move|p1a: Hatterene|Mystical Fire|p2a: Ting-Lu\n|-damage|p2a: Ting-Lu|91\/100\n|-unboost|p2a: Ting-Lu|spa|1\n|\n|-heal|p2a: Ting-Lu|97\/100|[from] item: Leftovers\n|-heal|p1a: Hatterene|52\/100|[from] item: Leftovers\n|upkeep\n|turn|11\n|\n|t:|1700417810\n|move|p2a: Ting-Lu|Earthquake|p1a: Hatterene\n|-damage|p1a: Hatterene|23\/100\n|move|p1a: Hatterene|Draining Kiss|p2a: Ting-Lu\n|-supereffective|p2a: Ting-Lu\n|-damage|p2a: Ting-Lu|79\/100\n|-heal|p1a: Hatterene|46\/100|[from] drain|[of] p2a: Ting-Lu\n|\n|-heal|p2a: Ting-Lu|85\/100|[from] item: Leftovers\n|-heal|p1a: Hatterene|52\/100|[from] item: Leftovers\n|upkeep\n|turn|12\n|\n|t:|1700417817\n|switch|p2a: Slowking|Slowking-Galar, F|100\/100\n|-damage|p2a: Slowking|88\/100|[from] Stealth Rock\n|move|p1a: Hatterene|Calm Mind|p1a: Hatterene\n|-boost|p1a: Hatterene|spa|1\n|-boost|p1a: Hatterene|spd|1\n|\n|-heal|p2a: Slowking|94\/100|[from] item: Leftovers\n|-heal|p1a: Hatterene|58\/100|[from] item: Leftovers\n|upkeep\n|turn|13\n|\n|t:|1700417836\n|switch|p1a: Heatran|Heatran, F|100\/100\n|move|p2a: Slowking|Sludge Bomb|p1a: Heatran\n|-immune|p1a: Heatran\n|\n|-heal|p2a: Slowking|99\/100|[from] item: Leftovers\n|upkeep\n|turn|14\n|\n|t:|1700417842\n|switch|p1a: Hatterene|Hatterene, F|58\/100\n|move|p2a: Slowking|Chilly Reception|p2a: Slowking\n|-weather|Snow\n|\n|t:|1700417847\n|switch|p2a: Rillaboom|Rillaboom, M|30\/100|[from] Chilly Reception\n|-damage|p2a: Rillaboom|18\/100|[from] Stealth Rock\n|-fieldstart|move: Grassy Terrain|[from] ability: Grassy Surge|[of] p2a: Rillaboom\n|\n|-weather|Snow|[upkeep]\n|-heal|p2a: Rillaboom|24\/100|[from] Grassy Terrain\n|-heal|p1a: Hatterene|64\/100|[from] Grassy Terrain\n|-heal|p1a: Hatterene|70\/100|[from] item: Leftovers\n|upkeep\n|turn|15\n|\n|t:|1700417852\n|switch|p1a: Heatran|Heatran, F|100\/100\n|move|p2a: Rillaboom|Knock Off|p1a: Heatran\n|-damage|p1a: Heatran|60\/100\n|-enditem|p1a: Heatran|Leftovers|[from] move: Knock Off|[of] p2a: Rillaboom\n|\n|-weather|Snow|[upkeep]\n|-heal|p2a: Rillaboom|30\/100|[from] Grassy Terrain\n|-heal|p1a: Heatran|67\/100|[from] Grassy Terrain\n|upkeep\n|turn|16\n|\n|t:|1700417869\n|switch|p2a: Slowking|Slowking-Galar, F|100\/100\n|-damage|p2a: Slowking|88\/100|[from] Stealth Rock\n|switch|p1a: Iron Hands|Iron Hands|100\/100\n|\n|-weather|Snow|[upkeep]\n|-heal|p2a: Slowking|94\/100|[from] Grassy Terrain\n|-heal|p2a: Slowking|99\/100|[from] item: Leftovers\n|upkeep\n|turn|17\n|\n|t:|1700417877\n|move|p1a: Iron Hands|Swords Dance|p1a: Iron Hands\n|-boost|p1a: Iron Hands|atk|2\n|move|p2a: Slowking|Psychic|p1a: Iron Hands\n|-supereffective|p1a: Iron Hands\n|-damage|p1a: Iron Hands|40\/100\n|-unboost|p1a: Iron Hands|spd|1\n|\n|-weather|Snow|[upkeep]\n|-heal|p1a: Iron Hands|47\/100|[from] Grassy Terrain\n|-heal|p1a: Iron Hands|53\/100|[from] item: Leftovers\n|-heal|p2a: Slowking|100\/100|[from] Grassy Terrain\n|upkeep\n|turn|18\n|\n|t:|1700417888\n|move|p1a: Iron Hands|Thunder Punch|p2a: Slowking\n|-damage|p2a: Slowking|7\/100\n|move|p2a: Slowking|Psychic|p1a: Iron Hands\n|-supereffective|p1a: Iron Hands\n|-damage|p1a: Iron Hands|0 fnt\n|faint|p1a: Iron Hands\n|-end|p1a: Iron Hands|Quark Drive|[silent]\n|\n|-weather|none\n|-heal|p2a: Slowking|13\/100|[from] Grassy Terrain\n|-heal|p2a: Slowking|20\/100|[from] item: Leftovers\n|-fieldend|move: Grassy Terrain\n|upkeep\n|\n|t:|1700417897\n|switch|p1a: Ogerpon|Ogerpon-Wellspring, F|100\/100\n|turn|19\n|\n|t:|1700417901\n|move|p1a: Ogerpon|Ivy Cudgel|p2a: Slowking|[anim] Ivy Cudgel Water\n|-damage|p2a: Slowking|0 fnt\n|faint|p2a: Slowking\n|\n|upkeep\n|\n|t:|1700417904\n|switch|p2a: Rillaboom|Rillaboom, M|30\/100\n|-damage|p2a: Rillaboom|18\/100|[from] Stealth Rock\n|-fieldstart|move: Grassy Terrain|[from] ability: Grassy Surge|[of] p2a: Rillaboom\n|turn|20\n|\n|t:|1700417913\n|switch|p1a: Heatran|Heatran, F|67\/100\n|move|p2a: Rillaboom|U-turn|p1a: Heatran\n|-resisted|p1a: Heatran\n|-damage|p1a: Heatran|59\/100\n|\n|t:|1700417921\n|switch|p2a: Ting-Lu|Ting-Lu|85\/100|[from] U-turn\n|-damage|p2a: Ting-Lu|79\/100|[from] Stealth Rock\n|-ability|p2a: Ting-Lu|Vessel of Ruin\n|\n|-heal|p1a: Heatran|66\/100|[from] Grassy Terrain\n|-heal|p2a: Ting-Lu|85\/100|[from] Grassy Terrain\n|-heal|p2a: Ting-Lu|91\/100|[from] item: Leftovers\n|upkeep\n|turn|21\n|\n|t:|1700417926\n|switch|p1a: Hatterene|Hatterene, F|70\/100\n|move|p2a: Ting-Lu|Throat Chop|p1a: Hatterene\n|-damage|p1a: Hatterene|45\/100\n|-start|p1a: Hatterene|Throat Chop|[silent]\n|\n|-heal|p2a: Ting-Lu|97\/100|[from] Grassy Terrain\n|-heal|p2a: Ting-Lu|100\/100|[from] item: Leftovers\n|-heal|p1a: Hatterene|51\/100|[from] Grassy Terrain\n|-heal|p1a: Hatterene|57\/100|[from] item: Leftovers\n|upkeep\n|turn|22\n|\n|t:|1700417931\n|switch|p2a: Clefable|Clefable, M|96\/100\n|move|p1a: Hatterene|Calm Mind|p1a: Hatterene\n|-boost|p1a: Hatterene|spa|1\n|-boost|p1a: Hatterene|spd|1\n|\n|-heal|p2a: Clefable|100\/100|[from] Grassy Terrain\n|-heal|p1a: Hatterene|63\/100|[from] Grassy Terrain\n|-heal|p1a: Hatterene|69\/100|[from] item: Leftovers\n|-end|p1a: Hatterene|Throat Chop|[silent]\n|upkeep\n|turn|23\n|\n|t:|1700417939\n|move|p2a: Clefable|Calm Mind|p2a: Clefable\n|-boost|p2a: Clefable|spa|1\n|-boost|p2a: Clefable|spd|1\n|move|p1a: Hatterene|Calm Mind|p1a: Hatterene\n|-boost|p1a: Hatterene|spa|1\n|-boost|p1a: Hatterene|spd|1\n|\n|-heal|p1a: Hatterene|75\/100|[from] Grassy Terrain\n|-heal|p1a: Hatterene|81\/100|[from] item: Leftovers\n|upkeep\n|turn|24\n|\n|t:|1700417943\n|move|p2a: Clefable|Calm Mind|p2a: Clefable\n|-boost|p2a: Clefable|spa|1\n|-boost|p2a: Clefable|spd|1\n|move|p1a: Hatterene|Mystical Fire|p2a: Clefable\n|-damage|p2a: Clefable|80\/100\n|-unboost|p2a: Clefable|spa|1\n|\n|-heal|p2a: Clefable|87\/100|[from] Grassy Terrain\n|-heal|p2a: Clefable|93\/100|[from] item: Leftovers\n|-heal|p1a: Hatterene|87\/100|[from] Grassy Terrain\n|-heal|p1a: Hatterene|93\/100|[from] item: Leftovers\n|-fieldend|move: Grassy Terrain\n|upkeep\n|turn|25\n|\n|t:|1700417947\n|move|p2a: Clefable|Calm Mind|p2a: Clefable\n|-boost|p2a: Clefable|spa|1\n|-boost|p2a: Clefable|spd|1\n|move|p1a: Hatterene|Calm Mind|p1a: Hatterene\n|-boost|p1a: Hatterene|spa|1\n|-boost|p1a: Hatterene|spd|1\n|\n|-heal|p2a: Clefable|99\/100|[from] item: Leftovers\n|-heal|p1a: Hatterene|99\/100|[from] item: Leftovers\n|upkeep\n|turn|26\n|\n|t:|1700417951\n|move|p2a: Clefable|Moonblast|p1a: Hatterene\n|-damage|p1a: Hatterene|72\/100\n|move|p1a: Hatterene|Calm Mind|p1a: Hatterene\n|-boost|p1a: Hatterene|spa|1\n|-boost|p1a: Hatterene|spd|1\n|\n|-heal|p2a: Clefable|100\/100|[from] item: Leftovers\n|-heal|p1a: Hatterene|78\/100|[from] item: Leftovers\n|upkeep\n|turn|27\n|\n|t:|1700417955\n|move|p2a: Clefable|Calm Mind|p2a: Clefable\n|-boost|p2a: Clefable|spa|1\n|-boost|p2a: Clefable|spd|1\n|move|p1a: Hatterene|Calm Mind|p1a: Hatterene\n|-boost|p1a: Hatterene|spa|1\n|-boost|p1a: Hatterene|spd|1\n|\n|-heal|p1a: Hatterene|84\/100|[from] item: Leftovers\n|upkeep\n|turn|28\n|\n|t:|1700417957\n|move|p2a: Clefable|Calm Mind|p2a: Clefable\n|-boost|p2a: Clefable|spa|1\n|-boost|p2a: Clefable|spd|1\n|move|p1a: Hatterene|Calm Mind|p1a: Hatterene\n|-boost|p1a: Hatterene|spa|1\n|-boost|p1a: Hatterene|spd|1\n|\n|-heal|p1a: Hatterene|90\/100|[from] item: Leftovers\n|upkeep\n|turn|29\n|\n|t:|1700417959\n|move|p2a: Clefable|Calm Mind|p2a: Clefable\n|-boost|p2a: Clefable|spa|1\n|-boost|p2a: Clefable|spd|1\n|move|p1a: Hatterene|Draining Kiss|p2a: Clefable\n|-damage|p2a: Clefable|80\/100\n|-heal|p1a: Hatterene|100\/100|[from] drain|[of] p2a: Clefable\n|\n|-heal|p2a: Clefable|87\/100|[from] item: Leftovers\n|upkeep\n|turn|30\n|\n|t:|1700417962\n|move|p2a: Clefable|Calm Mind|p2a: Clefable\n|-boost|p2a: Clefable|spa|1\n|-boost|p2a: Clefable|spd|0\n|move|p1a: Hatterene|Mystical Fire|p2a: Clefable\n|-damage|p2a: Clefable|65\/100\n|-unboost|p2a: Clefable|spa|1\n|\n|-heal|p2a: Clefable|72\/100|[from] item: Leftovers\n|upkeep\n|turn|31\n|\n|t:|1700417965\n|move|p2a: Clefable|Moonblast|p1a: Hatterene\n|-damage|p1a: Hatterene|73\/100\n|move|p1a: Hatterene|Mystical Fire|p2a: Clefable\n|-damage|p2a: Clefable|49\/100\n|-unboost|p2a: Clefable|spa|1\n|\n|-heal|p2a: Clefable|55\/100|[from] item: Leftovers\n|-heal|p1a: Hatterene|79\/100|[from] item: Leftovers\n|upkeep\n|turn|32\n|\n|t:|1700417968\n|move|p2a: Clefable|Moonblast|p1a: Hatterene\n|-damage|p1a: Hatterene|53\/100\n|move|p1a: Hatterene|Mystical Fire|p2a: Clefable\n|-damage|p2a: Clefable|32\/100\n|-unboost|p2a: Clefable|spa|1\n|\n|-heal|p2a: Clefable|38\/100|[from] item: Leftovers\n|-heal|p1a: Hatterene|59\/100|[from] item: Leftovers\n|upkeep\n|turn|33\n|\n|t:|1700417974\n|move|p2a: Clefable|Moonlight|p2a: Clefable\n|-heal|p2a: Clefable|88\/100\n|move|p1a: Hatterene|Mystical Fire|p2a: Clefable\n|-damage|p2a: Clefable|66\/100\n|-unboost|p2a: Clefable|spa|1\n|\n|-heal|p2a: Clefable|72\/100|[from] item: Leftovers\n|-heal|p1a: Hatterene|65\/100|[from] item: Leftovers\n|upkeep\n|turn|34\n|\n|t:|1700417981\n|move|p2a: Clefable|Moonblast|p1a: Hatterene\n|-damage|p1a: Hatterene|49\/100\n|-unboost|p1a: Hatterene|spa|1\n|move|p1a: Hatterene|Psyshock|p2a: Clefable\n|-damage|p2a: Clefable|0 fnt\n|faint|p2a: Clefable\n|\n|-heal|p1a: Hatterene|55\/100|[from] item: Leftovers\n|upkeep\n|\n|t:|1700417986\n|switch|p2a: Maushold|Maushold|100\/100\n|-damage|p2a: Maushold|88\/100|[from] Stealth Rock\n|turn|35\n|\n|t:|1700417995\n|move|p2a: Maushold|Tidy Up|p2a: Maushold\n|-sideend|p2: Siisisihisia|Stealth Rock\n|-activate|p2a: Maushold|move: Tidy Up\n|-boost|p2a: Maushold|atk|1\n|-boost|p2a: Maushold|spe|1\n|move|p1a: Hatterene|Draining Kiss|p2a: Maushold\n|-damage|p2a: Maushold|0 fnt\n|-heal|p1a: Hatterene|100\/100|[from] drain|[of] p2a: Maushold\n|faint|p2a: Maushold\n|\n|upkeep\n|\n|t:|1700417998\n|switch|p2a: Weavile|Weavile, M|100\/100\n|-ability|p2a: Weavile|Pressure\n|turn|36\n|\n|t:|1700418003\n|move|p2a: Weavile|Knock Off|p1a: Hatterene\n|-damage|p1a: Hatterene|63\/100\n|-enditem|p1a: Hatterene|Leftovers|[from] move: Knock Off|[of] p2a: Weavile\n|move|p1a: Hatterene|Draining Kiss|p2a: Weavile\n|-supereffective|p2a: Weavile\n|-damage|p2a: Weavile|0 fnt\n|-heal|p1a: Hatterene|100\/100|[from] drain|[of] p2a: Weavile\n|faint|p2a: Weavile\n|\n|upkeep\n|\n|t:|1700418007\n|switch|p2a: Rillaboom|Rillaboom, M|18\/100\n|-fieldstart|move: Grassy Terrain|[from] ability: Grassy Surge|[of] p2a: Rillaboom\n|turn|37\n|c|\u2606thunderdog_32|ggs\n|\n|t:|1700418012\n|move|p2a: Rillaboom|Wood Hammer|p1a: Hatterene\n|-damage|p1a: Hatterene|8\/100\n|-damage|p2a: Rillaboom|0 fnt|[from] Recoil\n|faint|p2a: Rillaboom\n|move|p1a: Hatterene|Draining Kiss|p2: Rillaboom|[notarget]\n|-fail|p1a: Hatterene\n|\n|-heal|p1a: Hatterene|14\/100|[from] Grassy Terrain\n|upkeep\n|\n|t:|1700418015\n|switch|p2a: Ting-Lu|Ting-Lu|100\/100\n|-ability|p2a: Ting-Lu|Vessel of Ruin\n|turn|38\n|\n|t:|1700418021\n|move|p2a: Ting-Lu|Throat Chop|p1a: Hatterene\n|-damage|p1a: Hatterene|0 fnt\n|faint|p1a: Hatterene\n|\n|upkeep\n|\n|t:|1700418024\n|switch|p1a: Ogerpon|Ogerpon-Wellspring, F|100\/100\n|turn|39\n|\n|t:|1700418027\n|-terastallize|p1a: Ogerpon|Water\n|detailschange|p1a: Ogerpon|Ogerpon-Wellspring-Tera, F, tera:Water\n|-ability|p1a: Ogerpon|Embody Aspect (Wellspring)|boost\n|-boost|p1a: Ogerpon|spd|1\n|move|p1a: Ogerpon|Ivy Cudgel|p2a: Ting-Lu|[anim] Ivy Cudgel Water\n|-supereffective|p2a: Ting-Lu\n|-damage|p2a: Ting-Lu|14\/100\n|move|p2a: Ting-Lu|Throat Chop|p1a: Ogerpon\n|-damage|p1a: Ogerpon|58\/100\n|-start|p1a: Ogerpon|Throat Chop|[silent]\n|\n|-heal|p1a: Ogerpon|64\/100|[from] Grassy Terrain\n|-heal|p2a: Ting-Lu|20\/100|[from] Grassy Terrain\n|-heal|p2a: Ting-Lu|27\/100|[from] item: Leftovers\n|upkeep\n|turn|40\n|\n|t:|1700418038\n|-terastallize|p2a: Ting-Lu|Water\n|move|p1a: Ogerpon|Horn Leech|p2a: Ting-Lu\n|-supereffective|p2a: Ting-Lu\n|-damage|p2a: Ting-Lu|0 fnt\n|-heal|p1a: Ogerpon|87\/100|[from] drain|[of] p2a: Ting-Lu\n|faint|p2a: Ting-Lu\n|\n|win|thunderdog_32\n|raw|thunderdog_32's rating: 1281 &rarr; <strong>1310<\/strong><br \/>(+29 for winning)\n|raw|Siisisihisia's rating: 1344 &rarr; <strong>1320<\/strong><br \/>(-24 for losing)\n|l|\u2606Siisisihisia\n","uploadtime":1700418047,"views":9,"p1id":"thunderdog32","p2id":"siisisihisia","formatid":"gen9ou","rating":1310,"private":0,"password":""}