{"id":"gen9ou-1996145658","p1":"bg du 07","p2":"GorLeon","format":"[Gen 9] OU","log":"|j|\u2606bg du 07\n|j|\u2606GorLeon\n|t:|1700650987\n|gametype|singles\n|player|p1|bg du 07|1|1552\n|player|p2|GorLeon|dragontamer|1558\n|teamsize|p1|6\n|teamsize|p2|6\n|gen|9\n|tier|[Gen 9] OU\n|rated|\n|rule|Sleep Clause Mod: Limit one foe put to sleep\n|rule|Species Clause: Limit one of each Pok\u00e9mon\n|rule|OHKO Clause: OHKO moves are banned\n|rule|Evasion Items Clause: Evasion items are banned\n|rule|Evasion Moves Clause: Evasion moves are banned\n|rule|Endless Battle Clause: Forcing endless battles is banned\n|rule|HP Percentage Mod: HP is shown in percentages\n|clearpoke\n|poke|p1|Great Tusk|\n|poke|p1|Zamazenta-*|\n|poke|p1|Greninja-*, M|\n|poke|p1|Zapdos|\n|poke|p1|Blissey, F|\n|poke|p1|Ogerpon-Wellspring, F|\n|poke|p2|Great Tusk|\n|poke|p2|Hatterene, F|\n|poke|p2|Dondozo, F|\n|poke|p2|Mandibuzz, F|\n|poke|p2|Heatran, M|\n|poke|p2|Dragapult, F|\n|teampreview\n|inactive|Battle timer is ON: inactive players will automatically lose when time's up. (requested by GorLeon)\n|c|\u2606GorLeon|gl hf\n|\n|t:|1700651013\n|start\n|switch|p1a: Zapdos|Zapdos|100\/100\n|switch|p2a: Dragapult|Dragapult, F|100\/100\n|turn|1\n|\n|t:|1700651024\n|move|p2a: Dragapult|Draco Meteor|p1a: Zapdos|[miss]\n|-miss|p2a: Dragapult|p1a: Zapdos\n|move|p1a: Zapdos|Volt Switch|p2a: Dragapult\n|-resisted|p2a: Dragapult\n|-damage|p2a: Dragapult|82\/100\n|\n|t:|1700651028\n|switch|p1a: Blissey|Blissey, F|100\/100|[from] Volt Switch\n|\n|upkeep\n|turn|2\n|j| BobbyTheFool\n|\n|t:|1700651034\n|switch|p2a: Great Tusk|Great Tusk|100\/100\n|move|p1a: Blissey|Thunder Wave|p2a: Great Tusk\n|-immune|p2a: Great Tusk\n|\n|upkeep\n|turn|3\n|l| BobbyTheFool\n|\n|t:|1700651040\n|move|p2a: Great Tusk|Close Combat|p1a: Blissey\n|-supereffective|p1a: Blissey\n|-damage|p1a: Blissey|0 fnt\n|-unboost|p2a: Great Tusk|def|1\n|-unboost|p2a: Great Tusk|spd|1\n|faint|p1a: Blissey\n|\n|upkeep\n|\n|t:|1700651044\n|switch|p1a: Greninja|Greninja, M|100\/100\n|turn|4\n|\n|t:|1700651048\n|-end|p2a: Great Tusk|Protosynthesis|[silent]\n|switch|p2a: Dondozo|Dondozo, F|100\/100\n|move|p1a: Greninja|Ice Beam|p2a: Dondozo\n|-resisted|p2a: Dondozo\n|-damage|p2a: Dondozo|90\/100\n|-damage|p1a: Greninja|91\/100|[from] item: Life Orb\n|\n|-heal|p2a: Dondozo|96\/100|[from] item: Leftovers\n|upkeep\n|turn|5\n|\n|t:|1700651059\n|switch|p1a: Zapdos|Zapdos|100\/100\n|switch|p2a: Hatterene|Hatterene, F|100\/100\n|\n|upkeep\n|turn|6\n|\n|t:|1700651066\n|move|p1a: Zapdos|Volt Switch|p2a: Hatterene\n|-damage|p2a: Hatterene|69\/100\n|\n|t:|1700651068\n|switch|p1a: Ogerpon|Ogerpon-Wellspring, F|100\/100|[from] Volt Switch\n|move|p2a: Hatterene|Draining Kiss|p1a: Ogerpon\n|-damage|p1a: Ogerpon|73\/100\n|-heal|p2a: Hatterene|89\/100|[from] drain|[of] p1a: Ogerpon\n|\n|-heal|p2a: Hatterene|95\/100|[from] item: Leftovers\n|upkeep\n|turn|7\n|\n|t:|1700651076\n|-terastallize|p1a: Ogerpon|Water\n|detailschange|p1a: Ogerpon|Ogerpon-Wellspring-Tera, F, tera:Water\n|-ability|p1a: Ogerpon|Embody Aspect (Wellspring)|boost\n|-boost|p1a: Ogerpon|spd|1\n|move|p1a: Ogerpon|Encore|p2a: Hatterene\n|move|p2a: Hatterene|Encore||[from]ability: Magic Bounce|[still]\n|-fail|p2a: Hatterene\n|move|p2a: Hatterene|Nuzzle|p1a: Ogerpon\n|-supereffective|p1a: Ogerpon\n|-damage|p1a: Ogerpon|64\/100\n|-status|p1a: Ogerpon|par\n|\n|-heal|p2a: Hatterene|100\/100|[from] item: Leftovers\n|upkeep\n|turn|8\n|\n|t:|1700651090\n|move|p1a: Ogerpon|Swords Dance|p1a: Ogerpon\n|-boost|p1a: Ogerpon|atk|2\n|move|p2a: Hatterene|Calm Mind|p2a: Hatterene\n|-boost|p2a: Hatterene|spa|1\n|-boost|p2a: Hatterene|spd|1\n|\n|upkeep\n|turn|9\n|\n|t:|1700651101\n|move|p1a: Ogerpon|Ivy Cudgel|p2a: Hatterene|[anim] Ivy Cudgel Water\n|-damage|p2a: Hatterene|0 fnt\n|faint|p2a: Hatterene\n|\n|upkeep\n|\n|t:|1700651107\n|switch|p2a: Mandibuzz|Mandibuzz, F|100\/100\n|turn|10\n|\n|t:|1700651111\n|move|p2a: Mandibuzz|Foul Play|p1a: Ogerpon\n|-damage|p1a: Ogerpon|0 fnt\n|faint|p1a: Ogerpon\n|\n|upkeep\n|\n|t:|1700651118\n|switch|p1a: Zamazenta|Zamazenta|100\/100\n|-ability|p1a: Zamazenta|Dauntless Shield|boost\n|-boost|p1a: Zamazenta|def|1\n|turn|11\n|\n|t:|1700651126\n|move|p1a: Zamazenta|Stone Edge|p2a: Mandibuzz\n|-supereffective|p2a: Mandibuzz\n|-damage|p2a: Mandibuzz|49\/100\n|move|p2a: Mandibuzz|U-turn|p1a: Zamazenta\n|-resisted|p1a: Zamazenta\n|-damage|p1a: Zamazenta|97\/100\n|j| Hecsanti2\n|\n|t:|1700651150\n|switch|p2a: Dragapult|Dragapult, F|82\/100|[from] U-turn\n|\n|upkeep\n|turn|12\n|\n|t:|1700651161\n|switch|p1a: Zapdos|Zapdos|100\/100\n|move|p2a: Dragapult|Shadow Ball|p1a: Zapdos\n|-damage|p1a: Zapdos|45\/100\n|\n|upkeep\n|turn|13\n|\n|t:|1700651167\n|move|p2a: Dragapult|Shadow Ball|p1a: Zapdos\n|-damage|p1a: Zapdos|0 fnt\n|faint|p1a: Zapdos\n|\n|upkeep\n|\n|t:|1700651171\n|switch|p1a: Greninja|Greninja, M|91\/100\n|turn|14\n|\n|t:|1700651177\n|switch|p2a: Mandibuzz|Mandibuzz, F|49\/100\n|switch|p1a: Great Tusk|Great Tusk|100\/100\n|\n|upkeep\n|turn|15\n|\n|t:|1700651184\n|move|p1a: Great Tusk|Bulk Up|p1a: Great Tusk\n|-boost|p1a: Great Tusk|atk|1\n|-boost|p1a: Great Tusk|def|1\n|move|p2a: Mandibuzz|Roost|p2a: Mandibuzz\n|-heal|p2a: Mandibuzz|99\/100\n|-singleturn|p2a: Mandibuzz|move: Roost\n|\n|upkeep\n|turn|16\n|\n|t:|1700651201\n|switch|p2a: Heatran|Heatran, M|100\/100\n|move|p1a: Great Tusk|Rapid Spin|p2a: Heatran\n|-resisted|p2a: Heatran\n|-damage|p2a: Heatran|91\/100\n|-boost|p1a: Great Tusk|spe|1\n|\n|-heal|p2a: Heatran|98\/100|[from] item: Leftovers\n|upkeep\n|turn|17\n|\n|t:|1700651223\n|-terastallize|p2a: Heatran|Grass\n|move|p1a: Great Tusk|Earthquake|p2a: Heatran\n|-resisted|p2a: Heatran\n|-damage|p2a: Heatran|70\/100\n|move|p2a: Heatran|Magma Storm|p1a: Great Tusk\n|-damage|p1a: Great Tusk|42\/100\n|-activate|p1a: Great Tusk|move: Magma Storm|[of] p2a: Heatran\n|\n|-heal|p1a: Great Tusk|48\/100|[from] item: Leftovers\n|-heal|p2a: Heatran|76\/100|[from] item: Leftovers\n|-damage|p1a: Great Tusk|35\/100|[from] move: Magma Storm|[partiallytrapped]\n|upkeep\n|turn|18\n|\n|t:|1700651232\n|move|p2a: Heatran|Protect|p2a: Heatran\n|-singleturn|p2a: Heatran|Protect\n|move|p1a: Great Tusk|Knock Off|p2a: Heatran\n|-activate|p2a: Heatran|move: Protect\n|\n|-heal|p1a: Great Tusk|42\/100|[from] item: Leftovers\n|-heal|p2a: Heatran|83\/100|[from] item: Leftovers\n|-damage|p1a: Great Tusk|29\/100|[from] move: Magma Storm|[partiallytrapped]\n|upkeep\n|turn|19\n|\n|t:|1700651240\n|move|p1a: Great Tusk|Knock Off|p2a: Heatran\n|-damage|p2a: Heatran|45\/100\n|-enditem|p2a: Heatran|Leftovers|[from] move: Knock Off|[of] p1a: Great Tusk\n|move|p2a: Heatran|Earth Power|p1a: Great Tusk\n|-damage|p1a: Great Tusk|0 fnt\n|faint|p1a: Great Tusk\n|-end|p1a: Great Tusk|Protosynthesis|[silent]\n|\n|upkeep\n|j| OrganThief\n|\n|t:|1700651248\n|switch|p1a: Greninja|Greninja, M|91\/100\n|turn|20\n|\n|t:|1700651253\n|move|p2a: Heatran|Protect|p2a: Heatran\n|-singleturn|p2a: Heatran|Protect\n|move|p1a: Greninja|Ice Beam|p2a: Heatran\n|-activate|p2a: Heatran|move: Protect\n|\n|upkeep\n|turn|21\n|\n|t:|1700651260\n|move|p1a: Greninja|Ice Beam|p2a: Heatran\n|-supereffective|p2a: Heatran\n|-damage|p2a: Heatran|3\/100\n|-damage|p1a: Greninja|81\/100|[from] item: Life Orb\n|move|p2a: Heatran|Magma Storm|p1a: Greninja\n|-resisted|p1a: Greninja\n|-damage|p1a: Greninja|46\/100\n|-activate|p1a: Greninja|move: Magma Storm|[of] p2a: Heatran\n|\n|-damage|p1a: Greninja|34\/100|[from] move: Magma Storm|[partiallytrapped]\n|upkeep\n|turn|22\n|\n|t:|1700651269\n|move|p2a: Heatran|Protect|p2a: Heatran\n|-singleturn|p2a: Heatran|Protect\n|move|p1a: Greninja|Dark Pulse|p2a: Heatran\n|-activate|p2a: Heatran|move: Protect\n|\n|-damage|p1a: Greninja|22\/100|[from] move: Magma Storm|[partiallytrapped]\n|upkeep\n|turn|23\n|\n|t:|1700651277\n|move|p2a: Heatran|Protect||[still]\n|-fail|p2a: Heatran\n|move|p1a: Greninja|Dark Pulse|p2a: Heatran\n|-damage|p2a: Heatran|0 fnt\n|faint|p2a: Heatran\n|-ability|p1a: Greninja|Battle Bond|boost\n|-boost|p1a: Greninja|atk|1\n|-boost|p1a: Greninja|spa|1\n|-boost|p1a: Greninja|spe|1\n|-activate|p1a: Greninja|ability: Battle Bond\n|-damage|p1a: Greninja|12\/100|[from] item: Life Orb\n|\n|-end|p1a: Greninja|Magma Storm|[partiallytrapped]|[silent]\n|upkeep\n|\n|t:|1700651282\n|switch|p2a: Dondozo|Dondozo, F|96\/100\n|turn|24\n|\n|t:|1700651288\n|move|p1a: Greninja|Dark Pulse|p2a: Dondozo\n|-damage|p2a: Dondozo|67\/100\n|-damage|p1a: Greninja|2\/100|[from] item: Life Orb\n|move|p2a: Dondozo|Liquidation|p1a: Greninja\n|-resisted|p1a: Greninja\n|-damage|p1a: Greninja|0 fnt\n|faint|p1a: Greninja\n|\n|-heal|p2a: Dondozo|73\/100|[from] item: Leftovers\n|upkeep\n|\n|t:|1700651293\n|switch|p1a: Zamazenta|Zamazenta|97\/100\n|turn|25\n|\n|t:|1700651301\n|switch|p2a: Mandibuzz|Mandibuzz, F|99\/100\n|move|p1a: Zamazenta|Iron Head|p2a: Mandibuzz\n|-damage|p2a: Mandibuzz|78\/100\n|\n|upkeep\n|turn|26\n|inactive|bg du 07 has 120 seconds left.\n|inactive|bg du 07 has 90 seconds left.\n|inactive|bg du 07 has 60 seconds left.\n|l| Hecsanti2\n|inactive|bg du 07 has 30 seconds left.\n|inactive|bg du 07 has 20 seconds left.\n|inactive|bg du 07 has 15 seconds left.\n|inactive|bg du 07 has 10 seconds left.\n|inactive|bg du 07 has 5 seconds left.\n|-message|bg du 07 lost due to inactivity.\n|\n|win|GorLeon\n|raw|bg du 07's rating: 1552 &rarr; <strong>1532<\/strong><br \/>(-20 for losing)\n|raw|GorLeon's rating: 1558 &rarr; <strong>1578<\/strong><br \/>(+20 for winning)\n|c|\u2606GorLeon|gg\n","uploadtime":1700651455,"views":0,"p1id":"bgdu07","p2id":"gorleon","formatid":"gen9ou","rating":1532,"private":0,"password":""}