{"id":"gen9ou-1993518530","p1":"jaimitts","p2":"blanket towel","format":"[Gen 9] OU","log":"|j|\u2606jaimitts\n|j|\u2606blanket towel\n|t:|1700327273\n|gametype|singles\n|player|p1|jaimitts|2|1067\n|player|p2|blanket towel|serena-masters2|1036\n|teamsize|p1|6\n|teamsize|p2|6\n|gen|9\n|tier|[Gen 9] OU\n|rated|\n|rule|Sleep Clause Mod: Limit one foe put to sleep\n|rule|Species Clause: Limit one of each Pok\u00e9mon\n|rule|OHKO Clause: OHKO moves are banned\n|rule|Evasion Items Clause: Evasion items are banned\n|rule|Evasion Moves Clause: Evasion moves are banned\n|rule|Endless Battle Clause: Forcing endless battles is banned\n|rule|HP Percentage Mod: HP is shown in percentages\n|clearpoke\n|poke|p1|Dedenne, M|\n|poke|p1|Ceruledge, F|\n|poke|p1|Arboliva, F|\n|poke|p1|Hatterene, F|\n|poke|p1|Milotic, F|\n|poke|p1|Goodra-Hisui, M|\n|poke|p2|Maushold-Four|\n|poke|p2|Samurott-Hisui, F|\n|poke|p2|Great Tusk|\n|poke|p2|Garganacl, M|\n|poke|p2|Cinderace, F|\n|poke|p2|Thundurus-Therian, M|\n|teampreview\n|\n|t:|1700327296\n|start\n|switch|p1a: Dedenne|Dedenne, M|100\/100\n|switch|p2a: Maushold|Maushold-Four|100\/100\n|turn|1\n|\n|t:|1700327309\n|move|p2a: Maushold|Tidy Up|p2a: Maushold\n|-boost|p2a: Maushold|atk|1\n|-boost|p2a: Maushold|spe|1\n|move|p1a: Dedenne|Nuzzle|p2a: Maushold\n|-crit|p2a: Maushold\n|-damage|p2a: Maushold|90\/100\n|-status|p2a: Maushold|par\n|\n|upkeep\n|turn|2\n|\n|t:|1700327317\n|move|p1a: Dedenne|Super Fang|p2a: Maushold|[miss]\n|-miss|p1a: Dedenne|p2a: Maushold\n|cant|p2a: Maushold|par\n|\n|upkeep\n|turn|3\n|\n|t:|1700327324\n|move|p1a: Dedenne|Super Fang|p2a: Maushold\n|-damage|p2a: Maushold|45\/100 par\n|move|p2a: Maushold|Tidy Up|p2a: Maushold\n|-boost|p2a: Maushold|atk|1\n|-boost|p2a: Maushold|spe|1\n|\n|upkeep\n|turn|4\n|\n|t:|1700327332\n|move|p2a: Maushold|Population Bomb|p1a: Dedenne\n|-damage|p1a: Dedenne|61\/100\n|-damage|p1a: Dedenne|17\/100\n|-enditem|p1a: Dedenne|Wiki Berry|[eat]\n|-heal|p1a: Dedenne|50\/100|[from] item: Wiki Berry\n|-heal|p1a: Dedenne|84\/100|[from] ability: Cheek Pouch\n|-damage|p1a: Dedenne|39\/100\n|-damage|p1a: Dedenne|0 fnt\n|faint|p1a: Dedenne\n|-hitcount|p1: Dedenne|4\n|\n|upkeep\n|\n|t:|1700327343\n|switch|p1a: Ceruledge|Ceruledge, F|100\/100\n|turn|5\n|\n|t:|1700327346\n|move|p2a: Maushold|Bite|p1a: Ceruledge\n|-supereffective|p1a: Ceruledge\n|-crit|p1a: Ceruledge\n|-damage|p1a: Ceruledge|0 fnt\n|faint|p1a: Ceruledge\n|\n|upkeep\n|\n|t:|1700327352\n|switch|p1a: Goodra|Goodra-Hisui, M|100\/100\n|turn|6\n|\n|t:|1700327357\n|move|p2a: Maushold|Population Bomb|p1a: Goodra\n|-resisted|p1a: Goodra\n|-damage|p1a: Goodra|92\/100\n|-ability|p1a: Goodra|Gooey\n|-unboost|p2a: Maushold|spe|1\n|-resisted|p1a: Goodra\n|-damage|p1a: Goodra|83\/100\n|-ability|p1a: Goodra|Gooey\n|-unboost|p2a: Maushold|spe|1\n|-resisted|p1a: Goodra\n|-damage|p1a: Goodra|75\/100\n|-ability|p1a: Goodra|Gooey\n|-unboost|p2a: Maushold|spe|1\n|-resisted|p1a: Goodra\n|-crit|p1a: Goodra\n|-damage|p1a: Goodra|60\/100\n|-ability|p1a: Goodra|Gooey\n|-unboost|p2a: Maushold|spe|1\n|-resisted|p1a: Goodra\n|-damage|p1a: Goodra|51\/100\n|-ability|p1a: Goodra|Gooey\n|-unboost|p2a: Maushold|spe|1\n|-resisted|p1a: Goodra\n|-damage|p1a: Goodra|41\/100\n|-ability|p1a: Goodra|Gooey\n|-unboost|p2a: Maushold|spe|1\n|-resisted|p1a: Goodra\n|-damage|p1a: Goodra|32\/100\n|-ability|p1a: Goodra|Gooey\n|-unboost|p2a: Maushold|spe|1\n|-resisted|p1a: Goodra\n|-damage|p1a: Goodra|24\/100\n|-ability|p1a: Goodra|Gooey\n|-unboost|p2a: Maushold|spe|1\n|-resisted|p1a: Goodra\n|-damage|p1a: Goodra|16\/100\n|-ability|p1a: Goodra|Gooey\n|-unboost|p2a: Maushold|spe|0\n|-resisted|p1a: Goodra\n|-damage|p1a: Goodra|7\/100\n|-ability|p1a: Goodra|Gooey\n|-unboost|p2a: Maushold|spe|0\n|-hitcount|p1a: Goodra|10\n|move|p1a: Goodra|Body Press|p2a: Maushold\n|-supereffective|p2a: Maushold\n|-damage|p2a: Maushold|0 fnt\n|faint|p2a: Maushold\n|\n|-heal|p1a: Goodra|13\/100|[from] item: Leftovers\n|upkeep\n|\n|t:|1700327371\n|switch|p2a: Samurott|Samurott-Hisui, F|100\/100\n|turn|7\n|\n|t:|1700327404\n|move|p2a: Samurott|Ceaseless Edge|p1a: Goodra|[miss]\n|-miss|p2a: Samurott|p1a: Goodra\n|move|p1a: Goodra|Body Press|p2a: Samurott\n|-supereffective|p2a: Samurott\n|-damage|p2a: Samurott|39\/100\n|\n|-heal|p1a: Goodra|19\/100|[from] item: Leftovers\n|upkeep\n|turn|8\n|\n|t:|1700327411\n|move|p2a: Samurott|Ceaseless Edge|p1a: Goodra\n|-damage|p1a: Goodra|0 fnt\n|-ability|p1a: Goodra|Gooey\n|-unboost|p2a: Samurott|spe|1\n|-sidestart|p1: jaimitts|Spikes\n|faint|p1a: Goodra\n|\n|upkeep\n|\n|t:|1700327418\n|switch|p1a: Arboliva|Arboliva, F|100\/100\n|-damage|p1a: Arboliva|88\/100|[from] Spikes\n|turn|9\n|\n|t:|1700327425\n|switch|p2a: Cinderace|Cinderace, F|100\/100\n|move|p1a: Arboliva|Leech Seed|p2a: Cinderace\n|-start|p2a: Cinderace|move: Leech Seed\n|\n|-heal|p1a: Arboliva|94\/100|[from] item: Leftovers\n|-damage|p2a: Cinderace|88\/100|[from] Leech Seed|[of] p1a: Arboliva\n|-heal|p1a: Arboliva|100\/100|[silent]\n|upkeep\n|turn|10\n|\n|t:|1700327432\n|move|p2a: Cinderace|Pyro Ball|p1a: Arboliva\n|-supereffective|p1a: Arboliva\n|-damage|p1a: Arboliva|0 fnt\n|-fieldstart|move: Grassy Terrain|[from] ability: Seed Sower|[of] p1a: Arboliva\n|faint|p1a: Arboliva\n|\n|-heal|p2a: Cinderace|94\/100|[from] Grassy Terrain\n|upkeep\n|\n|t:|1700327439\n|switch|p1a: Milotic|Milotic, F|100\/100\n|-damage|p1a: Milotic|88\/100|[from] Spikes\n|turn|11\n|\n|t:|1700327444\n|move|p2a: Cinderace|U-turn|p1a: Milotic\n|-start|p2a: Cinderace|typechange|Bug|[from] ability: Libero\n|-damage|p1a: Milotic|52\/100\n|\n|t:|1700327448\n|switch|p2a: Thundurus|Thundurus-Therian, M|100\/100|[from] U-turn\n|move|p1a: Milotic|Scald|p2a: Thundurus\n|-damage|p2a: Thundurus|59\/100\n|\n|-heal|p1a: Milotic|58\/100|[from] Grassy Terrain\n|-heal|p1a: Milotic|64\/100|[from] item: Leftovers\n|upkeep\n|turn|12\n|\n|t:|1700327457\n|move|p2a: Thundurus|Volt Switch|p1a: Milotic\n|-supereffective|p1a: Milotic\n|-damage|p1a: Milotic|0 fnt\n|faint|p1a: Milotic\n|-message|jaimitts forfeited.\n|\n|win|blanket towel\n|raw|jaimitts's rating: 1067 &rarr; <strong>1045<\/strong><br \/>(-22 for losing)\n|raw|blanket towel's rating: 1036 &rarr; <strong>1074<\/strong><br \/>(+38 for winning)\n|l|\u2606jaimitts\n","uploadtime":1700327467,"views":8,"p1id":"jaimitts","p2id":"blankettowel","formatid":"gen9ou","rating":1045,"private":0,"password":""}