{"id":"gen9ou-1991710388","p1":"Blurred Ace","p2":"Acroporuh","format":"[Gen 9] OU","log":"|j|\u2606Blurred Ace\n|j|\u2606Acroporuh\n|t:|1700105484\n|gametype|singles\n|player|p1|Blurred Ace|gambler|1432\n|player|p2|Acroporuh|pokemonbreeder|1352\n|teamsize|p1|6\n|teamsize|p2|6\n|gen|9\n|tier|[Gen 9] OU\n|rated|\n|rule|Sleep Clause Mod: Limit one foe put to sleep\n|rule|Species Clause: Limit one of each Pok\u00e9mon\n|rule|OHKO Clause: OHKO moves are banned\n|rule|Evasion Items Clause: Evasion items are banned\n|rule|Evasion Moves Clause: Evasion moves are banned\n|rule|Endless Battle Clause: Forcing endless battles is banned\n|rule|HP Percentage Mod: HP is shown in percentages\n|clearpoke\n|poke|p1|Dragapult, M|\n|poke|p1|Scizor, M|\n|poke|p1|Samurott-Hisui, M|\n|poke|p1|Garchomp, M|\n|poke|p1|Great Tusk|\n|poke|p1|Slowking, M|\n|poke|p2|Kingambit, F|\n|poke|p2|Enamorus, F|\n|poke|p2|Zapdos|\n|poke|p2|Ninetales-Alola, F|\n|poke|p2|Ting-Lu|\n|poke|p2|Heatran, M|\n|teampreview\n|inactive|Battle timer is ON: inactive players will automatically lose when time's up. (requested by Acroporuh)\n|\n|t:|1700105502\n|start\n|switch|p1a: Scizor|Scizor, M|100\/100\n|switch|p2a: Enamorus|Enamorus, F, shiny|100\/100\n|turn|1\n|\n|t:|1700105505\n|switch|p2a: Zapdos|Zapdos|100\/100\n|move|p1a: Scizor|Bullet Punch|p2a: Zapdos\n|-resisted|p2a: Zapdos\n|-damage|p2a: Zapdos|73\/100\n|\n|upkeep\n|turn|2\n|\n|t:|1700105510\n|switch|p1a: Garchomp|Garchomp, M|100\/100\n|move|p2a: Zapdos|Roost|p2a: Zapdos\n|-heal|p2a: Zapdos|100\/100\n|-singleturn|p2a: Zapdos|move: Roost\n|\n|upkeep\n|turn|3\n|\n|t:|1700105520\n|switch|p2a: Ting-Lu|Ting-Lu|100\/100\n|-ability|p2a: Ting-Lu|Vessel of Ruin\n|move|p1a: Garchomp|Stealth Rock|p2a: Ting-Lu\n|-sidestart|p2: Acroporuh|move: Stealth Rock\n|\n|upkeep\n|turn|4\n|\n|t:|1700105524\n|move|p2a: Ting-Lu|Ruination|p1a: Garchomp\n|-damage|p1a: Garchomp|51\/100\n|move|p1a: Garchomp|Dragon Tail|p2a: Ting-Lu\n|-damage|p2a: Ting-Lu|86\/100\n|drag|p2a: Enamorus|Enamorus, F, shiny|100\/100\n|\n|upkeep\n|turn|5\n|\n|t:|1700105528\n|switch|p1a: Slowking|Slowking, M|100\/100\n|move|p2a: Enamorus|Play Rough|p1a: Slowking\n|-damage|p1a: Slowking|58\/100\n|\n|-heal|p1a: Slowking|64\/100|[from] item: Leftovers\n|upkeep\n|turn|6\n|\n|t:|1700105538\n|move|p2a: Enamorus|Substitute|p2a: Enamorus\n|-start|p2a: Enamorus|Substitute\n|-damage|p2a: Enamorus|76\/100\n|move|p1a: Slowking|Chilly Reception|p1a: Slowking\n|-weather|Snow\n|\n|t:|1700105545\n|switch|p1a: Scizor|Scizor, M|100\/100|[from] Chilly Reception\n|\n|-weather|Snow|[upkeep]\n|upkeep\n|turn|7\n|\n|t:|1700105549\n|move|p1a: Scizor|Bullet Punch|p2a: Enamorus\n|-supereffective|p2a: Enamorus\n|-end|p2a: Enamorus|Substitute\n|move|p2a: Enamorus|Superpower|p1a: Scizor\n|-damage|p1a: Scizor|61\/100\n|-boost|p2a: Enamorus|atk|1\n|-boost|p2a: Enamorus|def|1\n|\n|-weather|Snow|[upkeep]\n|upkeep\n|turn|8\n|\n|t:|1700105556\n|-terastallize|p2a: Enamorus|Ground\n|move|p1a: Scizor|Bullet Punch|p2a: Enamorus\n|-crit|p2a: Enamorus\n|-damage|p2a: Enamorus|0 fnt\n|faint|p2a: Enamorus\n|\n|-weather|Snow|[upkeep]\n|upkeep\n|\n|t:|1700105565\n|switch|p2a: Heatran|Heatran, M|100\/100\n|-damage|p2a: Heatran|88\/100|[from] Stealth Rock\n|turn|9\n|c|\u2606Acroporuh|That is real\n|\n|t:|1700105571\n|switch|p1a: Slowking|Slowking, M|97\/100\n|move|p2a: Heatran|Overheat|p1a: Slowking\n|-resisted|p1a: Slowking\n|-damage|p1a: Slowking|69\/100\n|-unboost|p2a: Heatran|spa|2\n|\n|-weather|Snow|[upkeep]\n|-heal|p1a: Slowking|75\/100|[from] item: Leftovers\n|upkeep\n|turn|10\n|\n|t:|1700105578\n|switch|p2a: Zapdos|Zapdos|100\/100\n|move|p1a: Slowking|Scald|p2a: Zapdos\n|-damage|p2a: Zapdos|72\/100\n|\n|-weather|none\n|-heal|p1a: Slowking|81\/100|[from] item: Leftovers\n|upkeep\n|turn|11\n|\n|t:|1700105582\n|move|p2a: Zapdos|Roost|p2a: Zapdos\n|-heal|p2a: Zapdos|100\/100\n|-singleturn|p2a: Zapdos|move: Roost\n|move|p1a: Slowking|Chilly Reception|p1a: Slowking\n|-weather|Snow\n|\n|t:|1700105591\n|switch|p1a: Garchomp|Garchomp, M|51\/100|[from] Chilly Reception\n|\n|-weather|Snow|[upkeep]\n|upkeep\n|turn|12\n|\n|t:|1700105592\n|move|p1a: Garchomp|Spikes|p2a: Zapdos\n|-sidestart|p2: Acroporuh|Spikes\n|move|p2a: Zapdos|Hurricane|p1a: Garchomp\n|-damage|p1a: Garchomp|0 fnt\n|faint|p1a: Garchomp\n|\n|-weather|Snow|[upkeep]\n|upkeep\n|\n|t:|1700105597\n|switch|p1a: Slowking|Slowking, M|100\/100\n|turn|13\n|\n|t:|1700105599\n|move|p2a: Zapdos|Thunderbolt|p1a: Slowking\n|-supereffective|p1a: Slowking\n|-damage|p1a: Slowking|44\/100\n|move|p1a: Slowking|Blizzard|p2a: Zapdos\n|-supereffective|p2a: Zapdos\n|-damage|p2a: Zapdos|54\/100\n|-status|p2a: Zapdos|frz\n|\n|-weather|Snow|[upkeep]\n|-heal|p1a: Slowking|50\/100|[from] item: Leftovers\n|upkeep\n|turn|14\n|\n|t:|1700105605\n|cant|p2a: Zapdos|frz\n|move|p1a: Slowking|Blizzard|p2a: Zapdos\n|-supereffective|p2a: Zapdos\n|-crit|p2a: Zapdos\n|-damage|p2a: Zapdos|0 fnt\n|faint|p2a: Zapdos\n|\n|-weather|Snow|[upkeep]\n|-heal|p1a: Slowking|56\/100|[from] item: Leftovers\n|upkeep\n|\n|t:|1700105608\n|switch|p2a: Heatran|Heatran, M|88\/100\n|-damage|p2a: Heatran|76\/100|[from] Stealth Rock\n|-damage|p2a: Heatran|63\/100|[from] Spikes\n|turn|15\n|\n|t:|1700105614\n|move|p2a: Heatran|Taunt|p1a: Slowking\n|-start|p1a: Slowking|move: Taunt\n|move|p1a: Slowking|Scald|p2a: Heatran\n|-supereffective|p2a: Heatran\n|-damage|p2a: Heatran|18\/100\n|\n|-weather|none\n|-heal|p1a: Slowking|62\/100|[from] item: Leftovers\n|upkeep\n|turn|16\n|\n|t:|1700105616\n|switch|p2a: Kingambit|Kingambit, F|100\/100\n|-damage|p2a: Kingambit|94\/100|[from] Stealth Rock\n|-damage|p2a: Kingambit|82\/100|[from] Spikes\n|-activate|p2a: Kingambit|ability: Supreme Overlord\n|-start|p2a: Kingambit|fallen2|[silent]\n|move|p1a: Slowking|Scald|p2a: Kingambit\n|-damage|p2a: Kingambit|51\/100\n|\n|-heal|p1a: Slowking|68\/100|[from] item: Leftovers\n|upkeep\n|turn|17\n|\n|t:|1700105624\n|-terastallize|p1a: Slowking|Steel\n|move|p2a: Kingambit|Sucker Punch|p1a: Slowking\n|-damage|p1a: Slowking|9\/100\n|move|p1a: Slowking|Scald|p2a: Kingambit\n|-damage|p2a: Kingambit|19\/100\n|\n|-heal|p1a: Slowking|15\/100|[from] item: Leftovers\n|-end|p1a: Slowking|move: Taunt\n|upkeep\n|turn|18\n|\n|t:|1700105636\n|switch|p1a: Great Tusk|Great Tusk|100\/100\n|move|p2a: Kingambit|Brick Break|p1a: Great Tusk\n|-damage|p1a: Great Tusk|82\/100\n|\n|-heal|p1a: Great Tusk|88\/100|[from] item: Leftovers\n|upkeep\n|turn|19\n|\n|t:|1700105643\n|move|p2a: Kingambit|Iron Head|p1a: Great Tusk\n|-damage|p1a: Great Tusk|57\/100\n|move|p1a: Great Tusk|Rapid Spin|p2a: Kingambit\n|-resisted|p2a: Kingambit\n|-damage|p2a: Kingambit|11\/100\n|-boost|p1a: Great Tusk|spe|1\n|\n|-heal|p1a: Great Tusk|64\/100|[from] item: Leftovers\n|upkeep\n|turn|20\n|\n|t:|1700105648\n|move|p1a: Great Tusk|Bulk Up|p1a: Great Tusk\n|-boost|p1a: Great Tusk|atk|1\n|-boost|p1a: Great Tusk|def|1\n|move|p2a: Kingambit|Iron Head|p1a: Great Tusk\n|-damage|p1a: Great Tusk|44\/100\n|\n|-heal|p1a: Great Tusk|50\/100|[from] item: Leftovers\n|upkeep\n|turn|21\n|\n|t:|1700105650\n|move|p1a: Great Tusk|Earthquake|p2a: Kingambit\n|-supereffective|p2a: Kingambit\n|-damage|p2a: Kingambit|0 fnt\n|faint|p2a: Kingambit\n|-end|p2a: Kingambit|fallen2|[silent]\n|\n|-heal|p1a: Great Tusk|56\/100|[from] item: Leftovers\n|upkeep\n|\n|t:|1700105652\n|switch|p2a: Ninetales|Ninetales-Alola, F|100\/100\n|-damage|p2a: Ninetales|76\/100|[from] Stealth Rock\n|-damage|p2a: Ninetales|64\/100|[from] Spikes\n|-weather|Snow|[from] ability: Snow Warning|[of] p2a: Ninetales\n|turn|22\n|\n|t:|1700105655\n|move|p2a: Ninetales|Ice Beam|p1a: Great Tusk\n|-supereffective|p1a: Great Tusk\n|-damage|p1a: Great Tusk|0 fnt\n|faint|p1a: Great Tusk\n|-end|p1a: Great Tusk|Protosynthesis|[silent]\n|\n|-weather|Snow|[upkeep]\n|upkeep\n|\n|t:|1700105660\n|switch|p1a: Scizor|Scizor, M|61\/100\n|turn|23\n|\n|t:|1700105663\n|switch|p2a: Ting-Lu|Ting-Lu|86\/100\n|-damage|p2a: Ting-Lu|80\/100|[from] Stealth Rock\n|-damage|p2a: Ting-Lu|68\/100|[from] Spikes\n|-ability|p2a: Ting-Lu|Vessel of Ruin\n|move|p1a: Scizor|Bullet Punch|p2a: Ting-Lu\n|-damage|p2a: Ting-Lu|43\/100\n|\n|-weather|Snow|[upkeep]\n|-heal|p2a: Ting-Lu|50\/100|[from] item: Leftovers\n|upkeep\n|turn|24\n|\n|t:|1700105669\n|switch|p1a: Samurott|Samurott-Hisui, M|100\/100\n|move|p2a: Ting-Lu|Ruination|p1a: Samurott\n|-damage|p1a: Samurott|51\/100\n|\n|-weather|Snow|[upkeep]\n|-heal|p2a: Ting-Lu|56\/100|[from] item: Leftovers\n|upkeep\n|turn|25\n|\n|t:|1700105673\n|move|p1a: Samurott|Aqua Cutter|p2a: Ting-Lu\n|-supereffective|p2a: Ting-Lu\n|-damage|p2a: Ting-Lu|15\/100\n|move|p2a: Ting-Lu|Earthquake|p1a: Samurott\n|-damage|p1a: Samurott|1\/100\n|\n|-weather|Snow|[upkeep]\n|-heal|p2a: Ting-Lu|21\/100|[from] item: Leftovers\n|upkeep\n|turn|26\n|\n|t:|1700105678\n|move|p1a: Samurott|Aqua Cutter|p2a: Ting-Lu\n|-supereffective|p2a: Ting-Lu\n|-damage|p2a: Ting-Lu|0 fnt\n|faint|p2a: Ting-Lu\n|\n|-weather|none\n|upkeep\n|\n|t:|1700105680\n|switch|p2a: Ninetales|Ninetales-Alola, F|64\/100\n|-damage|p2a: Ninetales|39\/100|[from] Stealth Rock\n|-damage|p2a: Ninetales|27\/100|[from] Spikes\n|-weather|Snow|[from] ability: Snow Warning|[of] p2a: Ninetales\n|turn|27\n|\n|t:|1700105683\n|move|p1a: Samurott|Aqua Jet|p2a: Ninetales\n|-damage|p2a: Ninetales|10\/100\n|move|p2a: Ninetales|Ice Beam|p1a: Samurott\n|-resisted|p1a: Samurott\n|-damage|p1a: Samurott|0 fnt\n|faint|p1a: Samurott\n|\n|-weather|Snow|[upkeep]\n|upkeep\n|\n|t:|1700105687\n|switch|p1a: Scizor|Scizor, M|61\/100\n|turn|28\n|\n|t:|1700105688\n|move|p1a: Scizor|Bullet Punch|p2a: Ninetales\n|-supereffective|p2a: Ninetales\n|-damage|p2a: Ninetales|0 fnt\n|faint|p2a: Ninetales\n|\n|-weather|Snow|[upkeep]\n|upkeep\n|-message|Acroporuh forfeited.\n|\n|win|Blurred Ace\n|raw|Blurred Ace's rating: 1432 &rarr; <strong>1447<\/strong><br \/>(+15 for winning)\n|raw|Acroporuh's rating: 1352 &rarr; <strong>1337<\/strong><br \/>(-15 for losing)\n|l|\u2606Acroporuh\n","uploadtime":1700105696,"views":8,"p1id":"blurredace","p2id":"acroporuh","formatid":"gen9ou","rating":1337,"private":0,"password":""}