{"id":"gen9ou-1994535188","p1":"SleepyTheGhost","p2":"Odd Keystone Fan","format":"[Gen 9] OU","log":"|j|\u2606SleepyTheGhost\n|j|\u2606Odd Keystone Fan\n|t:|1700455967\n|gametype|singles\n|player|p1|SleepyTheGhost|pokemonbreederf|\n|player|p2|Odd Keystone Fan|ingo-hisui|\n|teamsize|p1|6\n|teamsize|p2|6\n|gen|9\n|tier|[Gen 9] OU\n|rule|Sleep Clause Mod: Limit one foe put to sleep\n|rule|Species Clause: Limit one of each Pok\u00e9mon\n|rule|OHKO Clause: OHKO moves are banned\n|rule|Evasion Items Clause: Evasion items are banned\n|rule|Evasion Moves Clause: Evasion moves are banned\n|rule|Endless Battle Clause: Forcing endless battles is banned\n|rule|HP Percentage Mod: HP is shown in percentages\n|clearpoke\n|poke|p1|Politoed, F|\n|poke|p1|Basculegion-F, F|\n|poke|p1|Goodra, M|\n|poke|p1|Zapdos|\n|poke|p1|Jirachi|\n|poke|p1|Cramorant, M|\n|poke|p2|Rillaboom, F|\n|poke|p2|Qwilfish-Hisui, F|\n|poke|p2|Heatran, F|\n|poke|p2|Clefable, M|\n|poke|p2|Armarouge, F|\n|poke|p2|Morpeko, F|\n|teampreview\n|j| Luminary of Ass\n|j| jmoneystackzzz\n|\n|t:|1700456015\n|start\n|switch|p1a: Dumb Fish|Basculegion-F, F|100\/100\n|switch|p2a: The Thinker|Rillaboom, F|100\/100\n|-fieldstart|move: Grassy Terrain|[from] ability: Grassy Surge|[of] p2a: The Thinker\n|turn|1\n|\n|t:|1700456042\n|move|p2a: The Thinker|Grassy Glide|p1a: Dumb Fish\n|-supereffective|p1a: Dumb Fish\n|-damage|p1a: Dumb Fish|0 fnt\n|faint|p1a: Dumb Fish\n|\n|upkeep\n|\n|t:|1700456068\n|switch|p1a: Poggers|Zapdos|100\/100\n|turn|2\n|\n|t:|1700456077\n|switch|p2a: Space Heater|Heatran, F|100\/100\n|move|p1a: Poggers|Hurricane|p2a: Space Heater\n|-resisted|p2a: Space Heater\n|-crit|p2a: Space Heater\n|-damage|p2a: Space Heater|80\/100\n|-start|p2a: Space Heater|confusion\n|\n|-heal|p2a: Space Heater|86\/100|[from] Grassy Terrain\n|-heal|p2a: Space Heater|93\/100|[from] item: Leftovers\n|upkeep\n|turn|3\n|\n|t:|1700456090\n|move|p1a: Poggers|Volt Switch|p2a: Space Heater\n|-damage|p2a: Space Heater|76\/100\n|\n|t:|1700456105\n|switch|p1a: I should call her|Cramorant, M, shiny|100\/100|[from] Volt Switch\n|-activate|p2a: Space Heater|confusion\n|move|p2a: Space Heater|Stealth Rock|p1a: I should call her\n|-sidestart|p1: SleepyTheGhost|move: Stealth Rock\n|\n|-heal|p2a: Space Heater|82\/100|[from] Grassy Terrain\n|-heal|p2a: Space Heater|89\/100|[from] item: Leftovers\n|upkeep\n|turn|4\n|\n|t:|1700456138\n|switch|p2a: Bastard Child|Qwilfish-Hisui, F|100\/100\n|-ability|p2a: Bastard Child|Intimidate|boost\n|-unboost|p1a: I should call her|atk|1\n|move|p1a: I should call her|Surf|p2a: Bastard Child\n|-formechange|p1a: I should call her|Cramorant-Gulping|\n|-damage|p2a: Bastard Child|65\/100\n|\n|-heal|p2a: Bastard Child|71\/100|[from] Grassy Terrain\n|upkeep\n|turn|5\n|\n|t:|1700456158\n|switch|p1a: Dome Fossil|Jirachi|100\/100\n|-damage|p1a: Dome Fossil|94\/100|[from] Stealth Rock\n|move|p2a: Bastard Child|Toxic|p1a: Dome Fossil\n|-immune|p1a: Dome Fossil\n|\n|-heal|p1a: Dome Fossil|100\/100|[from] Grassy Terrain\n|-heal|p2a: Bastard Child|77\/100|[from] Grassy Terrain\n|-fieldend|move: Grassy Terrain\n|upkeep\n|turn|6\n|\n|t:|1700456168\n|switch|p2a: Mega Man!!1!11!!!|Armarouge, F|100\/100\n|move|p1a: Dome Fossil|Drain Punch|p2a: Mega Man!!1!11!!!\n|-resisted|p2a: Mega Man!!1!11!!!\n|-damage|p2a: Mega Man!!1!11!!!|91\/100\n|-ability|p2a: Mega Man!!1!11!!!|Weak Armor|boost\n|-unboost|p2a: Mega Man!!1!11!!!|def|1\n|-boost|p2a: Mega Man!!1!11!!!|spe|2\n|\n|-heal|p2a: Mega Man!!1!11!!!|98\/100|[from] item: Leftovers\n|upkeep\n|turn|7\n|\n|t:|1700456196\n|switch|p1a: Giant Steps|Politoed, F|100\/100\n|-damage|p1a: Giant Steps|88\/100|[from] Stealth Rock\n|-weather|RainDance|[from] ability: Drizzle|[of] p1a: Giant Steps\n|move|p2a: Mega Man!!1!11!!!|Iron Defense|p2a: Mega Man!!1!11!!!\n|-boost|p2a: Mega Man!!1!11!!!|def|2\n|\n|-weather|RainDance|[upkeep]\n|-heal|p2a: Mega Man!!1!11!!!|100\/100|[from] item: Leftovers\n|upkeep\n|turn|8\n|\n|t:|1700456222\n|switch|p2a: Bastard Child|Qwilfish-Hisui, F|77\/100\n|-ability|p2a: Bastard Child|Intimidate|boost\n|-unboost|p1a: Giant Steps|atk|1\n|move|p1a: Giant Steps|Weather Ball|p2a: Bastard Child\n|-damage|p2a: Bastard Child|27\/100\n|\n|-weather|RainDance|[upkeep]\n|upkeep\n|turn|9\n|\n|t:|1700456250\n|switch|p1a: Dome Fossil|Jirachi|100\/100\n|-damage|p1a: Dome Fossil|94\/100|[from] Stealth Rock\n|move|p2a: Bastard Child|Toxic|p1a: Dome Fossil\n|-immune|p1a: Dome Fossil\n|\n|-weather|RainDance|[upkeep]\n|upkeep\n|turn|10\n|\n|t:|1700456269\n|move|p1a: Dome Fossil|U-turn|p2a: Bastard Child\n|-damage|p2a: Bastard Child|16\/100\n|\n|t:|1700456275\n|switch|p1a: I should call her|Cramorant, M, shiny|100\/100|[from] U-turn\n|move|p2a: Bastard Child|Spikes|p1a: I should call her\n|-sidestart|p1: SleepyTheGhost|Spikes\n|\n|-weather|RainDance|[upkeep]\n|upkeep\n|turn|11\n|\n|t:|1700456301\n|switch|p1a: Dome Fossil|Jirachi|94\/100\n|-damage|p1a: Dome Fossil|88\/100|[from] Stealth Rock\n|-damage|p1a: Dome Fossil|76\/100|[from] Spikes\n|move|p2a: Bastard Child|Toxic|p1a: Dome Fossil\n|-immune|p1a: Dome Fossil\n|\n|-weather|RainDance|[upkeep]\n|upkeep\n|turn|12\n|\n|t:|1700456313\n|move|p1a: Dome Fossil|Drain Punch|p2a: Bastard Child\n|-damage|p2a: Bastard Child|5\/100\n|-heal|p1a: Dome Fossil|81\/100|[from] drain|[of] p2a: Bastard Child\n|move|p2a: Bastard Child|Spikes|p1a: Dome Fossil\n|-sidestart|p1: SleepyTheGhost|Spikes\n|\n|-weather|RainDance|[upkeep]\n|upkeep\n|turn|13\n|\n|t:|1700456321\n|move|p1a: Dome Fossil|Drain Punch|p2a: Bastard Child\n|-damage|p2a: Bastard Child|0 fnt\n|-heal|p1a: Dome Fossil|83\/100|[from] drain|[of] p2a: Bastard Child\n|faint|p2a: Bastard Child\n|\n|-weather|RainDance|[upkeep]\n|upkeep\n|\n|t:|1700456349\n|switch|p2a: The Thinker|Rillaboom, F|100\/100\n|-fieldstart|move: Grassy Terrain|[from] ability: Grassy Surge|[of] p2a: The Thinker\n|turn|14\n|\n|t:|1700456369\n|move|p1a: Dome Fossil|U-turn|p2a: The Thinker\n|-supereffective|p2a: The Thinker\n|-damage|p2a: The Thinker|67\/100\n|\n|t:|1700456377\n|switch|p1a: Poggers|Zapdos|100\/100|[from] U-turn\n|move|p2a: The Thinker|U-turn|p1a: Poggers\n|-resisted|p1a: Poggers\n|-damage|p1a: Poggers|87\/100\n|\n|t:|1700456390\n|switch|p2a: Adult in Hot Car|Clefable, M|100\/100|[from] U-turn\n|\n|-weather|none\n|upkeep\n|turn|15\n|\n|t:|1700456402\n|-terastallize|p2a: Adult in Hot Car|Electric\n|move|p1a: Poggers|Volt Switch|p2a: Adult in Hot Car\n|-resisted|p2a: Adult in Hot Car\n|-damage|p2a: Adult in Hot Car|91\/100\n|\n|t:|1700456421\n|switch|p1a: Dome Fossil|Jirachi|83\/100|[from] Volt Switch\n|-damage|p1a: Dome Fossil|77\/100|[from] Stealth Rock\n|-damage|p1a: Dome Fossil|60\/100|[from] Spikes\n|move|p2a: Adult in Hot Car|Calm Mind|p2a: Adult in Hot Car\n|-boost|p2a: Adult in Hot Car|spa|1\n|-boost|p2a: Adult in Hot Car|spd|1\n|\n|-heal|p1a: Dome Fossil|66\/100|[from] Grassy Terrain\n|-heal|p2a: Adult in Hot Car|97\/100|[from] Grassy Terrain\n|upkeep\n|turn|16\n|\n|t:|1700456440\n|move|p1a: Dome Fossil|Drain Punch|p2a: Adult in Hot Car\n|-damage|p2a: Adult in Hot Car|76\/100\n|-heal|p1a: Dome Fossil|77\/100|[from] drain|[of] p2a: Adult in Hot Car\n|move|p2a: Adult in Hot Car|Thunderbolt|p1a: Dome Fossil\n|-damage|p1a: Dome Fossil|41\/100\n|\n|-heal|p1a: Dome Fossil|47\/100|[from] Grassy Terrain\n|-heal|p2a: Adult in Hot Car|82\/100|[from] Grassy Terrain\n|upkeep\n|turn|17\n|\n|t:|1700456460\n|move|p1a: Dome Fossil|U-turn|p2a: Adult in Hot Car\n|-damage|p2a: Adult in Hot Car|60\/100\n|\n|t:|1700456463\n|switch|p1a: .monster|Goodra, M|100\/100|[from] U-turn\n|-damage|p1a: .monster|88\/100|[from] Stealth Rock\n|-damage|p1a: .monster|71\/100|[from] Spikes\n|move|p2a: Adult in Hot Car|Flamethrower|p1a: .monster\n|-resisted|p1a: .monster\n|-damage|p1a: .monster|60\/100\n|\n|-heal|p1a: .monster|66\/100|[from] Grassy Terrain\n|-heal|p1a: .monster|73\/100|[from] item: Leftovers\n|-heal|p2a: Adult in Hot Car|66\/100|[from] Grassy Terrain\n|upkeep\n|turn|18\n|\n|t:|1700456533\n|-terastallize|p1a: .monster|Steel\n|move|p1a: .monster|Toxic|p2a: Adult in Hot Car\n|-status|p2a: Adult in Hot Car|tox\n|move|p2a: Adult in Hot Car|Moonblast|p1a: .monster\n|-resisted|p1a: .monster\n|-damage|p1a: .monster|53\/100\n|\n|-heal|p1a: .monster|60\/100|[from] Grassy Terrain\n|-heal|p1a: .monster|66\/100|[from] item: Leftovers\n|-heal|p2a: Adult in Hot Car|72\/100 tox|[from] Grassy Terrain\n|-fieldend|move: Grassy Terrain\n|upkeep\n|turn|19\n|\n|t:|1700456557\n|switch|p1a: Giant Steps|Politoed, F|88\/100\n|-damage|p1a: Giant Steps|75\/100|[from] Stealth Rock\n|-damage|p1a: Giant Steps|59\/100|[from] Spikes\n|-weather|RainDance|[from] ability: Drizzle|[of] p1a: Giant Steps\n|move|p2a: Adult in Hot Car|Flamethrower|p1a: Giant Steps\n|-resisted|p1a: Giant Steps\n|-damage|p1a: Giant Steps|53\/100\n|\n|-weather|RainDance|[upkeep]\n|upkeep\n|turn|20\n|\n|t:|1700456615\n|move|p1a: Giant Steps|Rest|p1a: Giant Steps\n|-status|p1a: Giant Steps|slp|[from] move: Rest\n|-heal|p1a: Giant Steps|100\/100 slp|[silent]\n|move|p2a: Adult in Hot Car|Thunderbolt|p1a: Giant Steps\n|-supereffective|p1a: Giant Steps\n|-damage|p1a: Giant Steps|27\/100 slp\n|\n|-weather|RainDance|[upkeep]\n|upkeep\n|turn|21\n|\n|t:|1700456633\n|switch|p1a: Poggers|Zapdos|87\/100\n|move|p2a: Adult in Hot Car|Calm Mind|p2a: Adult in Hot Car\n|-boost|p2a: Adult in Hot Car|spa|1\n|-boost|p2a: Adult in Hot Car|spd|1\n|\n|-weather|RainDance|[upkeep]\n|upkeep\n|turn|22\n|\n|t:|1700456653\n|move|p1a: Poggers|Hurricane|p2a: Adult in Hot Car\n|-resisted|p2a: Adult in Hot Car\n|-damage|p2a: Adult in Hot Car|65\/100 tox\n|move|p2a: Adult in Hot Car|Thunderbolt|p1a: Poggers\n|-damage|p1a: Poggers|21\/100\n|\n|-weather|RainDance|[upkeep]\n|upkeep\n|turn|23\n|\n|t:|1700456666\n|switch|p1a: .monster|Goodra, M, tera:Steel|66\/100\n|-damage|p1a: .monster|60\/100|[from] Stealth Rock\n|-damage|p1a: .monster|43\/100|[from] Spikes\n|move|p2a: Adult in Hot Car|Thunderbolt|p1a: .monster\n|-damage|p1a: .monster|0 fnt\n|faint|p1a: .monster\n|\n|-weather|RainDance|[upkeep]\n|upkeep\n|\n|t:|1700456686\n|switch|p1a: Dome Fossil|Jirachi|47\/100\n|-damage|p1a: Dome Fossil|41\/100|[from] Stealth Rock\n|-damage|p1a: Dome Fossil|25\/100|[from] Spikes\n|turn|24\n|\n|t:|1700456700\n|move|p1a: Dome Fossil|Iron Head|p2a: Adult in Hot Car\n|-resisted|p2a: Adult in Hot Car\n|-damage|p2a: Adult in Hot Car|47\/100 tox\n|cant|p2a: Adult in Hot Car|flinch\n|\n|-weather|RainDance|[upkeep]\n|upkeep\n|turn|25\n|\n|t:|1700456707\n|move|p1a: Dome Fossil|Iron Head|p2a: Adult in Hot Car\n|-resisted|p2a: Adult in Hot Car\n|-damage|p2a: Adult in Hot Car|28\/100 tox\n|cant|p2a: Adult in Hot Car|flinch\n|\n|-weather|RainDance|[upkeep]\n|upkeep\n|turn|26\n|\n|t:|1700456713\n|move|p1a: Dome Fossil|Iron Head|p2a: Adult in Hot Car\n|-resisted|p2a: Adult in Hot Car\n|-damage|p2a: Adult in Hot Car|12\/100 tox\n|cant|p2a: Adult in Hot Car|flinch\n|\n|-weather|none\n|upkeep\n|turn|27\n|\n|t:|1700456719\n|move|p1a: Dome Fossil|Iron Head|p2a: Adult in Hot Car\n|-resisted|p2a: Adult in Hot Car\n|-damage|p2a: Adult in Hot Car|0 fnt\n|faint|p2a: Adult in Hot Car\n|\n|upkeep\n|\n|t:|1700456729\n|switch|p2a: Mega Man!!1!11!!!|Armarouge, F|100\/100\n|turn|28\n|\n|t:|1700456737\n|move|p1a: Dome Fossil|U-turn|p2a: Mega Man!!1!11!!!\n|-damage|p2a: Mega Man!!1!11!!!|82\/100\n|-ability|p2a: Mega Man!!1!11!!!|Weak Armor|boost\n|-unboost|p2a: Mega Man!!1!11!!!|def|1\n|-boost|p2a: Mega Man!!1!11!!!|spe|2\n|\n|t:|1700456742\n|switch|p1a: I should call her|Cramorant, M, shiny|100\/100|[from] U-turn\n|move|p2a: Mega Man!!1!11!!!|Iron Defense|p2a: Mega Man!!1!11!!!\n|-boost|p2a: Mega Man!!1!11!!!|def|2\n|\n|-heal|p2a: Mega Man!!1!11!!!|88\/100|[from] item: Leftovers\n|upkeep\n|turn|29\n|\n|t:|1700456752\n|move|p2a: Mega Man!!1!11!!!|Expanding Force|p1a: I should call her\n|-damage|p1a: I should call her|61\/100\n|move|p1a: I should call her|Surf|p2a: Mega Man!!1!11!!!\n|-formechange|p1a: I should call her|Cramorant-Gulping|\n|-supereffective|p2a: Mega Man!!1!11!!!\n|-damage|p2a: Mega Man!!1!11!!!|25\/100\n|\n|-heal|p2a: Mega Man!!1!11!!!|31\/100|[from] item: Leftovers\n|upkeep\n|turn|30\n|\n|t:|1700456763\n|move|p2a: Mega Man!!1!11!!!|Expanding Force|p1a: I should call her\n|-damage|p1a: I should call her|24\/100\n|-damage|p2a: Mega Man!!1!11!!!|6\/100|[from] ability: Gulp Missile|[of] p1a: I should call her\n|-unboost|p2a: Mega Man!!1!11!!!|def|1\n|-formechange|p1a: I should call her|Cramorant|\n|move|p1a: I should call her|Surf|p2a: Mega Man!!1!11!!!\n|-formechange|p1a: I should call her|Cramorant-Gorging|\n|-supereffective|p2a: Mega Man!!1!11!!!\n|-damage|p2a: Mega Man!!1!11!!!|0 fnt\n|faint|p2a: Mega Man!!1!11!!!\n|\n|upkeep\n|\n|t:|1700456775\n|switch|p2a: The Nasty Rat|Morpeko, F|100\/100\n|turn|31\n|\n|t:|1700456799\n|move|p2a: The Nasty Rat|Aura Wheel|p1a: I should call her\n|-supereffective|p1a: I should call her\n|-damage|p1a: I should call her|0 fnt\n|-boost|p2a: The Nasty Rat|spe|1\n|-damage|p2a: The Nasty Rat|76\/100|[from] ability: Gulp Missile|[of] p1a: I should call her\n|-formechange|p1a: I should call her|Cramorant|\n|faint|p1a: I should call her\n|\n|-formechange|p2a: The Nasty Rat|Morpeko-Hangry||[from] ability: Hunger Switch\n|upkeep\n|\n|t:|1700456819\n|switch|p1a: Giant Steps|Politoed, F|27\/100 slp\n|-damage|p1a: Giant Steps|15\/100 slp|[from] Stealth Rock\n|-damage|p1a: Giant Steps|0 fnt|[from] Spikes\n|faint|p1a: Giant Steps\n|\n|t:|1700456824\n|switch|p1a: Poggers|Zapdos|21\/100\n|turn|32\n|\n|t:|1700456836\n|move|p2a: The Nasty Rat|Aura Wheel|p1a: Poggers\n|-damage|p1a: Poggers|0 fnt\n|-boost|p2a: The Nasty Rat|spe|1\n|faint|p1a: Poggers\n|\n|-formechange|p2a: The Nasty Rat|Morpeko||[from] ability: Hunger Switch\n|upkeep\n|\n|t:|1700456843\n|switch|p1a: Dome Fossil|Jirachi|25\/100\n|-damage|p1a: Dome Fossil|19\/100|[from] Stealth Rock\n|-damage|p1a: Dome Fossil|2\/100|[from] Spikes\n|turn|33\n|\n|t:|1700456849\n|move|p2a: The Nasty Rat|Knock Off|p1a: Dome Fossil\n|-supereffective|p1a: Dome Fossil\n|-damage|p1a: Dome Fossil|0 fnt\n|-enditem|p1a: Dome Fossil|Assault Vest|[from] move: Knock Off|[of] p2a: The Nasty Rat\n|faint|p1a: Dome Fossil\n|\n|win|Odd Keystone Fan\n","uploadtime":1700456856,"views":11,"p1id":"sleepytheghost","p2id":"oddkeystonefan","formatid":"gen9ou","rating":0,"private":0,"password":""}