{"id":"gen9ou-1992295283","p1":"bathbrew","p2":"yumalegoat","format":"[Gen 9] OU","log":"|j|\u2606bathbrew\n|j|\u2606yumalegoat\n|t:|1700171885\n|gametype|singles\n|player|p1|bathbrew|elesa|1352\n|player|p2|yumalegoat|1|1444\n|teamsize|p1|6\n|teamsize|p2|6\n|gen|9\n|tier|[Gen 9] OU\n|rated|\n|rule|Sleep Clause Mod: Limit one foe put to sleep\n|rule|Species Clause: Limit one of each Pok\u00e9mon\n|rule|OHKO Clause: OHKO moves are banned\n|rule|Evasion Items Clause: Evasion items are banned\n|rule|Evasion Moves Clause: Evasion moves are banned\n|rule|Endless Battle Clause: Forcing endless battles is banned\n|rule|HP Percentage Mod: HP is shown in percentages\n|clearpoke\n|poke|p1|Clefable, M|\n|poke|p1|Alomomola, M|\n|poke|p1|Chansey, F|\n|poke|p1|Clodsire, F|\n|poke|p1|Great Tusk|\n|poke|p1|Garganacl, F|\n|poke|p2|Pincurchin, M|\n|poke|p2|Iron Valiant|\n|poke|p2|Sneasler, F|\n|poke|p2|Iron Treads|\n|poke|p2|Iron Moth|\n|poke|p2|Corviknight, M|\n|teampreview\n|inactive|Battle timer is ON: inactive players will automatically lose when time's up. (requested by yumalegoat)\n|\n|t:|1700171899\n|start\n|switch|p1a: Clodsire|Clodsire, F|100\/100\n|switch|p2a: Pincurchin|Pincurchin, M|100\/100\n|-fieldstart|move: Electric Terrain|[from] ability: Electric Surge|[of] p2a: Pincurchin\n|turn|1\n|\n|t:|1700171912\n|switch|p2a: Corviknight|Corviknight, M, shiny|100\/100\n|-ability|p2a: Corviknight|Pressure\n|move|p1a: Clodsire|Spikes|p2a: Corviknight\n|-sidestart|p2: yumalegoat|Spikes\n|\n|upkeep\n|turn|2\n|\n|t:|1700171923\n|switch|p1a: Garganacl|Garganacl, F|100\/100\n|move|p2a: Corviknight|U-turn|p1a: Garganacl\n|-damage|p1a: Garganacl|93\/100\n|\n|t:|1700171935\n|switch|p2a: Iron Moth|Iron Moth|100\/100|[from] U-turn\n|-activate|p2a: Iron Moth|ability: Quark Drive\n|-start|p2a: Iron Moth|quarkdrivespe\n|\n|-heal|p1a: Garganacl|99\/100|[from] item: Leftovers\n|upkeep\n|turn|3\n|\n|t:|1700171943\n|-terastallize|p2a: Iron Moth|Ground\n|move|p2a: Iron Moth|Tera Blast|p1a: Garganacl|[anim] Tera Blast Ground\n|-supereffective|p1a: Garganacl\n|-damage|p1a: Garganacl|28\/100\n|move|p1a: Garganacl|Salt Cure|p2a: Iron Moth\n|-resisted|p2a: Iron Moth\n|-damage|p2a: Iron Moth|91\/100\n|-start|p2a: Iron Moth|Salt Cure\n|\n|-heal|p1a: Garganacl|34\/100|[from] item: Leftovers\n|-damage|p2a: Iron Moth|79\/100|[from] Salt Cure\n|upkeep\n|turn|4\n|\n|t:|1700171957\n|switch|p1a: Chansey|Chansey, F|100\/100\n|move|p2a: Iron Moth|Tera Blast|p1a: Chansey|[anim] Tera Blast Ground\n|-damage|p1a: Chansey|88\/100\n|\n|-damage|p2a: Iron Moth|66\/100|[from] Salt Cure\n|upkeep\n|turn|5\n|\n|t:|1700171970\n|-end|p2a: Iron Moth|Quark Drive|[silent]\n|switch|p2a: Iron Treads|Iron Treads|100\/100\n|-activate|p2a: Iron Treads|ability: Quark Drive\n|-start|p2a: Iron Treads|quarkdrivespe\n|-item|p2a: Iron Treads|Air Balloon\n|move|p1a: Chansey|Seismic Toss|p2a: Iron Treads\n|-damage|p2a: Iron Treads|74\/100\n|-enditem|p2a: Iron Treads|Air Balloon\n|\n|upkeep\n|turn|6\n|\n|t:|1700171983\n|switch|p1a: Garganacl|Garganacl, F|34\/100\n|move|p2a: Iron Treads|Knock Off|p1a: Garganacl\n|-damage|p1a: Garganacl|21\/100\n|-enditem|p1a: Garganacl|Leftovers|[from] move: Knock Off|[of] p2a: Iron Treads\n|\n|upkeep\n|turn|7\n|\n|t:|1700171990\n|-terastallize|p1a: Garganacl|Ghost\n|move|p2a: Iron Treads|Earthquake|p1a: Garganacl\n|-damage|p1a: Garganacl|0 fnt\n|faint|p1a: Garganacl\n|\n|upkeep\n|c|\u2606yumalegoat|xd\n|\n|t:|1700172000\n|switch|p1a: Great Tusk|Great Tusk|100\/100\n|turn|8\n|c|\u2606yumalegoat|stall player are really dumb damn\n|\n|t:|1700172015\n|-end|p2a: Iron Treads|Quark Drive|[silent]\n|switch|p2a: Corviknight|Corviknight, M, shiny|100\/100\n|-ability|p2a: Corviknight|Pressure\n|move|p1a: Great Tusk|Earthquake|p2a: Corviknight\n|-immune|p2a: Corviknight\n|\n|-fieldend|move: Electric Terrain\n|upkeep\n|turn|9\n|c|\u2606bathbrew|Thought you were body press lol\n|\n|t:|1700172029\n|move|p1a: Great Tusk|Knock Off|p2a: Corviknight\n|-damage|p2a: Corviknight|83\/100\n|-damage|p1a: Great Tusk|84\/100|[from] item: Rocky Helmet|[of] p2a: Corviknight\n|-enditem|p2a: Corviknight|Rocky Helmet|[from] move: Knock Off|[of] p1a: Great Tusk\n|move|p2a: Corviknight|U-turn|p1a: Great Tusk\n|-resisted|p1a: Great Tusk\n|-damage|p1a: Great Tusk|79\/100\n|c|\u2606bathbrew|I never usually play stall just wanted to try it\n|inactive|yumalegoat has 120 seconds left.\n|\n|t:|1700172052\n|switch|p2a: Iron Valiant|Iron Valiant, shiny|100\/100|[from] U-turn\n|-damage|p2a: Iron Valiant|88\/100|[from] Spikes\n|\n|upkeep\n|turn|10\n|c|\u2606yumalegoat|dont try ever again\n|inactive|yumalegoat has 120 seconds left.\n|c|\u2606yumalegoat|0 fun\n|c|\u2606yumalegoat|for you and others\n|\n|t:|1700172076\n|-end|p1a: Great Tusk|Protosynthesis|[silent]\n|switch|p1a: Clodsire|Clodsire, F|100\/100\n|move|p2a: Iron Valiant|Psyshock|p1a: Clodsire\n|-supereffective|p1a: Clodsire\n|-damage|p1a: Clodsire|23\/100\n|-damage|p2a: Iron Valiant|78\/100|[from] item: Life Orb\n|\n|-heal|p1a: Clodsire|29\/100|[from] item: Leftovers\n|upkeep\n|turn|11\n|\n|t:|1700172085\n|switch|p1a: Alomomola|Alomomola, M|100\/100\n|move|p2a: Iron Valiant|Psyshock|p1a: Alomomola\n|-damage|p1a: Alomomola|82\/100\n|-damage|p2a: Iron Valiant|69\/100|[from] item: Life Orb\n|\n|upkeep\n|turn|12\n|inactive|yumalegoat has 120 seconds left.\n|\n|t:|1700172091\n|-end|p2a: Iron Valiant|Quark Drive|[silent]\n|switch|p2a: Pincurchin|Pincurchin, M|100\/100\n|-damage|p2a: Pincurchin|88\/100|[from] Spikes\n|-fieldstart|move: Electric Terrain|[from] ability: Electric Surge|[of] p2a: Pincurchin\n|move|p1a: Alomomola|Wish|p1a: Alomomola\n|\n|upkeep\n|turn|13\n|\n|t:|1700172099\n|move|p1a: Alomomola|Flip Turn|p2a: Pincurchin\n|-damage|p2a: Pincurchin|76\/100\n|\n|t:|1700172103\n|switch|p1a: Clodsire|Clodsire, F|29\/100|[from] Flip Turn\n|move|p2a: Pincurchin|Spikes|p1a: Clodsire\n|-sidestart|p1: bathbrew|Spikes\n|\n|-heal|p1a: Clodsire|86\/100|[from] move: Wish|[wisher] Alomomola\n|-heal|p1a: Clodsire|93\/100|[from] item: Leftovers\n|upkeep\n|turn|14\n|\n|t:|1700172111\n|move|p1a: Clodsire|Spikes|p2a: Pincurchin\n|-sidestart|p2: yumalegoat|Spikes\n|move|p2a: Pincurchin|Spikes|p1a: Clodsire\n|-sidestart|p1: bathbrew|Spikes\n|\n|-heal|p1a: Clodsire|99\/100|[from] item: Leftovers\n|upkeep\n|turn|15\n|\n|t:|1700172119\n|move|p1a: Clodsire|Spikes|p2a: Pincurchin\n|-sidestart|p2: yumalegoat|Spikes\n|move|p2a: Pincurchin|Spikes|p1a: Clodsire\n|-sidestart|p1: bathbrew|Spikes\n|\n|-heal|p1a: Clodsire|100\/100|[from] item: Leftovers\n|upkeep\n|turn|16\n|\n|t:|1700172127\n|move|p1a: Clodsire|Earthquake|p2a: Pincurchin\n|-supereffective|p2a: Pincurchin\n|-damage|p2a: Pincurchin|25\/100\n|move|p2a: Pincurchin|Recover|p2a: Pincurchin\n|-heal|p2a: Pincurchin|75\/100\n|\n|upkeep\n|turn|17\n|\n|t:|1700172133\n|switch|p2a: Iron Treads|Iron Treads|74\/100\n|-damage|p2a: Iron Treads|49\/100|[from] Spikes\n|-activate|p2a: Iron Treads|ability: Quark Drive\n|-start|p2a: Iron Treads|quarkdrivespe\n|move|p1a: Clodsire|Toxic|p2a: Iron Treads\n|-immune|p2a: Iron Treads\n|\n|upkeep\n|turn|18\n|\n|t:|1700172141\n|move|p2a: Iron Treads|Rapid Spin|p1a: Clodsire\n|-damage|p1a: Clodsire|86\/100\n|-boost|p2a: Iron Treads|spe|1\n|-sideend|p2: yumalegoat|Spikes|[from] move: Rapid Spin|[of] p2a: Iron Treads\n|move|p1a: Clodsire|Earthquake|p2a: Iron Treads\n|-supereffective|p2a: Iron Treads\n|-damage|p2a: Iron Treads|4\/100\n|\n|-heal|p1a: Clodsire|93\/100|[from] item: Leftovers\n|upkeep\n|turn|19\n|\n|t:|1700172154\n|move|p2a: Iron Treads|Stealth Rock|p1a: Clodsire\n|-sidestart|p1: bathbrew|move: Stealth Rock\n|move|p1a: Clodsire|Spikes|p2a: Iron Treads\n|-sidestart|p2: yumalegoat|Spikes\n|\n|-heal|p1a: Clodsire|99\/100|[from] item: Leftovers\n|-fieldend|move: Electric Terrain\n|-end|p2a: Iron Treads|Quark Drive\n|upkeep\n|turn|20\n|\n|t:|1700172160\n|switch|p1a: Alomomola|Alomomola, M|100\/100\n|-damage|p1a: Alomomola|76\/100|[from] Spikes\n|-damage|p1a: Alomomola|63\/100|[from] Stealth Rock\n|move|p2a: Iron Treads|Rapid Spin|p1a: Alomomola\n|-crit|p1a: Alomomola\n|-damage|p1a: Alomomola|54\/100\n|-boost|p2a: Iron Treads|spe|1\n|-damage|p2a: Iron Treads|0 fnt|[from] item: Rocky Helmet|[of] p1a: Alomomola\n|faint|p2a: Iron Treads\n|-end|p2a: Iron Treads|Quark Drive|[silent]\n|\n|upkeep\n|\n|t:|1700172182\n|switch|p2a: Pincurchin|Pincurchin, M|75\/100\n|-damage|p2a: Pincurchin|63\/100|[from] Spikes\n|-fieldstart|move: Electric Terrain|[from] ability: Electric Surge|[of] p2a: Pincurchin\n|turn|21\n|\n|t:|1700172192\n|move|p1a: Alomomola|Flip Turn|p2a: Pincurchin\n|-damage|p2a: Pincurchin|49\/100\n|\n|t:|1700172196\n|switch|p1a: Clodsire|Clodsire, F|99\/100|[from] Flip Turn\n|-damage|p1a: Clodsire|74\/100|[from] Spikes\n|-damage|p1a: Clodsire|68\/100|[from] Stealth Rock\n|move|p2a: Pincurchin|Scald|p1a: Clodsire\n|-supereffective|p1a: Clodsire\n|-damage|p1a: Clodsire|48\/100\n|\n|-heal|p1a: Clodsire|54\/100|[from] item: Leftovers\n|upkeep\n|turn|22\n|\n|t:|1700172206\n|switch|p2a: Corviknight|Corviknight, M, shiny|83\/100\n|-ability|p2a: Corviknight|Pressure\n|move|p1a: Clodsire|Spikes|p2a: Corviknight\n|-sidestart|p2: yumalegoat|Spikes\n|\n|-heal|p1a: Clodsire|60\/100|[from] item: Leftovers\n|upkeep\n|turn|23\n|\n|t:|1700172215\n|move|p2a: Corviknight|U-turn|p1a: Clodsire\n|-resisted|p1a: Clodsire\n|-damage|p1a: Clodsire|52\/100\n|\n|t:|1700172229\n|switch|p2a: Iron Valiant|Iron Valiant, shiny|69\/100|[from] U-turn\n|-damage|p2a: Iron Valiant|52\/100|[from] Spikes\n|-activate|p2a: Iron Valiant|ability: Quark Drive\n|-start|p2a: Iron Valiant|quarkdrivespe\n|move|p1a: Clodsire|Recover|p1a: Clodsire\n|-heal|p1a: Clodsire|100\/100\n|\n|upkeep\n|turn|24\n|\n|t:|1700172244\n|move|p2a: Iron Valiant|Calm Mind|p2a: Iron Valiant\n|-boost|p2a: Iron Valiant|spa|1\n|-boost|p2a: Iron Valiant|spd|1\n|move|p1a: Clodsire|Toxic|p2a: Iron Valiant\n|-status|p2a: Iron Valiant|tox\n|\n|-damage|p2a: Iron Valiant|46\/100 tox|[from] psn\n|upkeep\n|turn|25\n|\n|t:|1700172251\n|switch|p1a: Alomomola|Alomomola, M|87\/100\n|-damage|p1a: Alomomola|62\/100|[from] Spikes\n|-damage|p1a: Alomomola|50\/100|[from] Stealth Rock\n|move|p2a: Iron Valiant|Psyshock|p1a: Alomomola\n|-damage|p1a: Alomomola|23\/100\n|-damage|p2a: Iron Valiant|36\/100 tox|[from] item: Life Orb\n|\n|-damage|p2a: Iron Valiant|24\/100 tox|[from] psn\n|upkeep\n|turn|26\n|\n|t:|1700172267\n|move|p2a: Iron Valiant|Psyshock|p1a: Alomomola\n|-damage|p1a: Alomomola|0 fnt\n|faint|p1a: Alomomola\n|-damage|p2a: Iron Valiant|14\/100 tox|[from] item: Life Orb\n|\n|-damage|p2a: Iron Valiant|0 fnt|[from] psn\n|faint|p2a: Iron Valiant\n|-end|p2a: Iron Valiant|Quark Drive|[silent]\n|upkeep\n|\n|t:|1700172281\n|switch|p2a: Iron Moth|Iron Moth, tera:Ground|66\/100\n|switch|p1a: Clefable|Clefable, M|100\/100\n|-activate|p2a: Iron Moth|ability: Quark Drive\n|-start|p2a: Iron Moth|quarkdrivespe\n|turn|27\n|\n|t:|1700172289\n|switch|p1a: Chansey|Chansey, F|88\/100\n|-damage|p1a: Chansey|64\/100|[from] Spikes\n|-damage|p1a: Chansey|51\/100|[from] Stealth Rock\n|move|p2a: Iron Moth|Sludge Wave|p1a: Chansey\n|-crit|p1a: Chansey\n|-damage|p1a: Chansey|30\/100\n|\n|upkeep\n|turn|28\n|\n|t:|1700172307\n|move|p2a: Iron Moth|Fiery Dance|p1a: Chansey\n|-damage|p1a: Chansey|17\/100\n|-boost|p2a: Iron Moth|spa|1\n|move|p1a: Chansey|Soft-Boiled|p1a: Chansey\n|-heal|p1a: Chansey|67\/100\n|\n|-fieldend|move: Electric Terrain\n|-end|p2a: Iron Moth|Quark Drive\n|upkeep\n|turn|29\n|\n|t:|1700172322\n|switch|p1a: Great Tusk|Great Tusk|79\/100\n|-damage|p1a: Great Tusk|54\/100|[from] Spikes\n|-damage|p1a: Great Tusk|51\/100|[from] Stealth Rock\n|move|p2a: Iron Moth|Fiery Dance|p1a: Great Tusk\n|-damage|p1a: Great Tusk|0 fnt\n|-boost|p2a: Iron Moth|spa|1\n|faint|p1a: Great Tusk\n|-end|p1a: Great Tusk|Protosynthesis|[silent]\n|\n|upkeep\n|\n|t:|1700172337\n|switch|p1a: Chansey|Chansey, F|67\/100\n|-damage|p1a: Chansey|42\/100|[from] Spikes\n|-damage|p1a: Chansey|30\/100|[from] Stealth Rock\n|turn|30\n|\n|t:|1700172344\n|move|p2a: Iron Moth|Fiery Dance|p1a: Chansey\n|-damage|p1a: Chansey|3\/100\n|move|p1a: Chansey|Soft-Boiled|p1a: Chansey\n|-heal|p1a: Chansey|53\/100\n|\n|upkeep\n|turn|31\n|\n|t:|1700172350\n|move|p2a: Iron Moth|Fiery Dance|p1a: Chansey\n|-damage|p1a: Chansey|28\/100\n|move|p1a: Chansey|Soft-Boiled|p1a: Chansey\n|-heal|p1a: Chansey|78\/100\n|\n|upkeep\n|turn|32\n|\n|t:|1700172355\n|move|p2a: Iron Moth|Fiery Dance|p1a: Chansey\n|-damage|p1a: Chansey|52\/100\n|move|p1a: Chansey|Seismic Toss|p2a: Iron Moth\n|-damage|p2a: Iron Moth|33\/100\n|\n|upkeep\n|turn|33\n|\n|t:|1700172364\n|move|p2a: Iron Moth|Fiery Dance|p1a: Chansey\n|-damage|p1a: Chansey|28\/100\n|-boost|p2a: Iron Moth|spa|1\n|move|p1a: Chansey|Soft-Boiled|p1a: Chansey\n|-heal|p1a: Chansey|78\/100\n|\n|upkeep\n|turn|34\n|\n|t:|1700172371\n|move|p2a: Iron Moth|Sludge Wave|p1a: Chansey\n|-damage|p1a: Chansey|40\/100\n|move|p1a: Chansey|Seismic Toss|p2a: Iron Moth\n|-damage|p2a: Iron Moth|0 fnt\n|faint|p2a: Iron Moth\n|-end|p2a: Iron Moth|Quark Drive|[silent]\n|\n|upkeep\n|\n|t:|1700172381\n|switch|p2a: Pincurchin|Pincurchin, M|49\/100\n|-damage|p2a: Pincurchin|33\/100|[from] Spikes\n|-fieldstart|move: Electric Terrain|[from] ability: Electric Surge|[of] p2a: Pincurchin\n|turn|35\n|\n|t:|1700172401\n|switch|p2a: Sneasler|Sneasler, F|100\/100\n|-damage|p2a: Sneasler|84\/100|[from] Spikes\n|-enditem|p2a: Sneasler|Electric Seed\n|-boost|p2a: Sneasler|def|1|[from] item: Electric Seed\n|move|p1a: Chansey|Soft-Boiled|p1a: Chansey\n|-heal|p1a: Chansey|90\/100\n|\n|upkeep\n|turn|36\n|\n|t:|1700172410\n|switch|p1a: Clodsire|Clodsire, F|100\/100\n|-damage|p1a: Clodsire|75\/100|[from] Spikes\n|-damage|p1a: Clodsire|69\/100|[from] Stealth Rock\n|move|p2a: Sneasler|Swords Dance|p2a: Sneasler\n|-boost|p2a: Sneasler|atk|2\n|\n|-heal|p1a: Clodsire|75\/100|[from] item: Leftovers\n|upkeep\n|turn|37\n|\n|t:|1700172419\n|move|p2a: Sneasler|Low Kick|p1a: Clodsire\n|-resisted|p1a: Clodsire\n|-damage|p1a: Clodsire|38\/100\n|move|p1a: Clodsire|Earthquake|p2a: Sneasler\n|-supereffective|p2a: Sneasler\n|-damage|p2a: Sneasler|0 fnt\n|faint|p2a: Sneasler\n|\n|-heal|p1a: Clodsire|44\/100|[from] item: Leftovers\n|upkeep\n|\n|t:|1700172427\n|switch|p2a: Corviknight|Corviknight, M, shiny|83\/100\n|-ability|p2a: Corviknight|Pressure\n|turn|38\n|\n|t:|1700172432\n|move|p2a: Corviknight|Bulk Up|p2a: Corviknight\n|-boost|p2a: Corviknight|atk|1\n|-boost|p2a: Corviknight|def|1\n|move|p1a: Clodsire|Recover|p1a: Clodsire\n|-heal|p1a: Clodsire|94\/100\n|\n|-heal|p1a: Clodsire|100\/100|[from] item: Leftovers\n|upkeep\n|turn|39\n|\n|t:|1700172440\n|switch|p1a: Chansey|Chansey, F|90\/100\n|-damage|p1a: Chansey|66\/100|[from] Spikes\n|-damage|p1a: Chansey|53\/100|[from] Stealth Rock\n|move|p2a: Corviknight|Bulk Up|p2a: Corviknight\n|-boost|p2a: Corviknight|atk|1\n|-boost|p2a: Corviknight|def|1\n|\n|upkeep\n|turn|40\n|\n|t:|1700172450\n|move|p1a: Chansey|Thunder Wave|p2a: Corviknight\n|-status|p2a: Corviknight|par\n|move|p2a: Corviknight|Bulk Up|p2a: Corviknight\n|-boost|p2a: Corviknight|atk|1\n|-boost|p2a: Corviknight|def|1\n|\n|upkeep\n|turn|41\n|\n|t:|1700172464\n|move|p1a: Chansey|Seismic Toss|p2a: Corviknight\n|-damage|p2a: Corviknight|58\/100 par\n|move|p2a: Corviknight|Brave Bird|p1a: Chansey\n|-damage|p1a: Chansey|0 fnt\n|faint|p1a: Chansey\n|-damage|p2a: Corviknight|27\/100 par|[from] Recoil\n|\n|upkeep\n|\n|t:|1700172472\n|switch|p1a: Clefable|Clefable, M|100\/100\n|turn|42\n|\n|t:|1700172480\n|move|p1a: Clefable|Encore|p2a: Corviknight\n|-start|p2a: Corviknight|Encore\n|move|p2a: Corviknight|Brave Bird|p1a: Clefable\n|-damage|p1a: Clefable|3\/100\n|-damage|p2a: Corviknight|0 fnt|[from] Recoil\n|faint|p2a: Corviknight\n|\n|-heal|p1a: Clefable|9\/100|[from] item: Leftovers\n|-fieldend|move: Electric Terrain\n|upkeep\n|\n|t:|1700172489\n|switch|p2a: Pincurchin|Pincurchin, M|33\/100\n|-damage|p2a: Pincurchin|16\/100|[from] Spikes\n|-fieldstart|move: Electric Terrain|[from] ability: Electric Surge|[of] p2a: Pincurchin\n|turn|43\n|\n|t:|1700172494\n|move|p1a: Clefable|Knock Off|p2a: Pincurchin\n|-damage|p2a: Pincurchin|2\/100\n|-enditem|p2a: Pincurchin|Terrain Extender|[from] move: Knock Off|[of] p1a: Clefable\n|move|p2a: Pincurchin|Recover|p2a: Pincurchin\n|-heal|p2a: Pincurchin|52\/100\n|\n|-heal|p1a: Clefable|15\/100|[from] item: Leftovers\n|upkeep\n|turn|44\n|\n|t:|1700172507\n|move|p1a: Clefable|Encore|p2a: Pincurchin\n|-start|p2a: Pincurchin|Encore\n|move|p2a: Pincurchin|Recover|p2a: Pincurchin\n|-heal|p2a: Pincurchin|100\/100\n|\n|-heal|p1a: Clefable|21\/100|[from] item: Leftovers\n|upkeep\n|turn|45\n|\n|t:|1700172514\n|move|p1a: Clefable|Moonlight|p1a: Clefable\n|-heal|p1a: Clefable|71\/100\n|move|p2a: Pincurchin|Recover||[still]\n|-fail|p2a: Pincurchin|heal\n|\n|-heal|p1a: Clefable|77\/100|[from] item: Leftovers\n|upkeep\n|turn|46\n|\n|t:|1700172523\n|move|p1a: Clefable|Knock Off|p2a: Pincurchin\n|-damage|p2a: Pincurchin|91\/100\n|move|p2a: Pincurchin|Recover|p2a: Pincurchin\n|-heal|p2a: Pincurchin|100\/100\n|\n|-heal|p1a: Clefable|83\/100|[from] item: Leftovers\n|-end|p2a: Pincurchin|Encore\n|upkeep\n|turn|47\n|\n|t:|1700172531\n|move|p1a: Clefable|Encore|p2a: Pincurchin\n|-start|p2a: Pincurchin|Encore\n|move|p2a: Pincurchin|Recover||[still]\n|-fail|p2a: Pincurchin|heal\n|\n|-heal|p1a: Clefable|90\/100|[from] item: Leftovers\n|upkeep\n|turn|48\n|\n|t:|1700172538\n|move|p1a: Clefable|Knock Off|p2a: Pincurchin\n|-damage|p2a: Pincurchin|90\/100\n|move|p2a: Pincurchin|Recover|p2a: Pincurchin\n|-heal|p2a: Pincurchin|100\/100\n|\n|-heal|p1a: Clefable|96\/100|[from] item: Leftovers\n|upkeep\n|turn|49\n|\n|t:|1700172547\n|move|p1a: Clefable|Stealth Rock|p2a: Pincurchin\n|-sidestart|p2: yumalegoat|move: Stealth Rock\n|move|p2a: Pincurchin|Recover||[still]\n|-fail|p2a: Pincurchin|heal\n|\n|-heal|p1a: Clefable|100\/100|[from] item: Leftovers\n|-end|p2a: Pincurchin|Encore\n|upkeep\n|turn|50\n|\n|t:|1700172555\n|move|p1a: Clefable|Encore||[still]\n|-fail|p1a: Clefable\n|move|p2a: Pincurchin|Scald|p1a: Clefable\n|-damage|p1a: Clefable|88\/100\n|\n|-heal|p1a: Clefable|94\/100|[from] item: Leftovers\n|-fieldend|move: Electric Terrain\n|upkeep\n|turn|51\n|\n|t:|1700172562\n|move|p1a: Clefable|Knock Off|p2a: Pincurchin\n|-damage|p2a: Pincurchin|90\/100\n|move|p2a: Pincurchin|Scald|p1a: Clefable\n|-damage|p1a: Clefable|82\/100\n|\n|-heal|p1a: Clefable|88\/100|[from] item: Leftovers\n|upkeep\n|turn|52\n|\n|t:|1700172569\n|move|p1a: Clefable|Knock Off|p2a: Pincurchin\n|-damage|p2a: Pincurchin|80\/100\n|move|p2a: Pincurchin|Scald|p1a: Clefable\n|-damage|p1a: Clefable|78\/100\n|\n|-heal|p1a: Clefable|84\/100|[from] item: Leftovers\n|upkeep\n|turn|53\n|\n|t:|1700172578\n|move|p1a: Clefable|Knock Off|p2a: Pincurchin\n|-damage|p2a: Pincurchin|70\/100\n|move|p2a: Pincurchin|Scald|p1a: Clefable\n|-damage|p1a: Clefable|73\/100\n|\n|-heal|p1a: Clefable|79\/100|[from] item: Leftovers\n|upkeep\n|turn|54\n|c|\u2606yumalegoat|30% burn yeah\n|\n|t:|1700172592\n|move|p1a: Clefable|Knock Off|p2a: Pincurchin\n|-damage|p2a: Pincurchin|61\/100\n|move|p2a: Pincurchin|Scald|p1a: Clefable\n|-damage|p1a: Clefable|66\/100\n|\n|-heal|p1a: Clefable|73\/100|[from] item: Leftovers\n|upkeep\n|turn|55\n|c|\u2606bathbrew|I\u2019m magic guard:)\n|\n|t:|1700172604\n|move|p1a: Clefable|Knock Off|p2a: Pincurchin\n|-damage|p2a: Pincurchin|52\/100\n|move|p2a: Pincurchin|Scald|p1a: Clefable\n|-damage|p1a: Clefable|61\/100\n|\n|-heal|p1a: Clefable|67\/100|[from] item: Leftovers\n|upkeep\n|turn|56\n|c|\u2606yumalegoat|wtf\n|\n|t:|1700172613\n|move|p1a: Clefable|Knock Off|p2a: Pincurchin\n|-damage|p2a: Pincurchin|42\/100\n|move|p2a: Pincurchin|Discharge|p1a: Clefable\n|-damage|p1a: Clefable|50\/100\n|-status|p1a: Clefable|par\n|\n|-heal|p1a: Clefable|56\/100 par|[from] item: Leftovers\n|upkeep\n|turn|57\n|c|\u2606bathbrew|I didn\u2019t take spikes and I have lefties\n|\n|t:|1700172628\n|cant|p1a: Clefable|par\n|move|p2a: Pincurchin|Scald|p1a: Clefable\n|-damage|p1a: Clefable|45\/100 par\n|\n|-heal|p1a: Clefable|51\/100 par|[from] item: Leftovers\n|upkeep\n|turn|58\n|\n|t:|1700172635\n|move|p1a: Clefable|Moonlight|p1a: Clefable\n|-heal|p1a: Clefable|100\/100 par\n|move|p2a: Pincurchin|Scald|p1a: Clefable\n|-damage|p1a: Clefable|88\/100 par\n|\n|-heal|p1a: Clefable|94\/100 par|[from] item: Leftovers\n|upkeep\n|turn|59\n|\n|t:|1700172643\n|move|p1a: Clefable|Knock Off|p2a: Pincurchin\n|-damage|p2a: Pincurchin|33\/100\n|move|p2a: Pincurchin|Scald|p1a: Clefable\n|-damage|p1a: Clefable|82\/100 par\n|\n|-heal|p1a: Clefable|88\/100 par|[from] item: Leftovers\n|upkeep\n|turn|60\n|\n|t:|1700172650\n|cant|p1a: Clefable|par\n|move|p2a: Pincurchin|Scald|p1a: Clefable\n|-damage|p1a: Clefable|77\/100 par\n|\n|-heal|p1a: Clefable|83\/100 par|[from] item: Leftovers\n|upkeep\n|turn|61\n|\n|t:|1700172658\n|move|p1a: Clefable|Knock Off|p2a: Pincurchin\n|-damage|p2a: Pincurchin|23\/100\n|move|p2a: Pincurchin|Scald|p1a: Clefable\n|-damage|p1a: Clefable|71\/100 par\n|\n|-heal|p1a: Clefable|77\/100 par|[from] item: Leftovers\n|upkeep\n|turn|62\n|-message|yumalegoat forfeited.\n|\n|win|bathbrew\n|raw|bathbrew's rating: 1352 &rarr; <strong>1377<\/strong><br \/>(+25 for winning)\n|raw|yumalegoat's rating: 1444 &rarr; <strong>1419<\/strong><br \/>(-25 for losing)\n|l|\u2606yumalegoat\n","uploadtime":1700172671,"views":16,"p1id":"bathbrew","p2id":"yumalegoat","formatid":"gen9ou","rating":1377,"private":0,"password":""}