{"id":"gen9ou-1990821739","p1":"gucci mane 2026","p2":"seakingmissile","format":"[Gen 9] OU","log":"|j|\u2606gucci mane 2026\n|j|\u2606seakingmissile\n|t:|1700004328\n|gametype|singles\n|player|p1|gucci mane 2026|raihan-masters|1510\n|player|p2|seakingmissile|larry|1521\n|teamsize|p1|6\n|teamsize|p2|6\n|gen|9\n|tier|[Gen 9] OU\n|rated|\n|rule|Sleep Clause Mod: Limit one foe put to sleep\n|rule|Species Clause: Limit one of each Pok\u00e9mon\n|rule|OHKO Clause: OHKO moves are banned\n|rule|Evasion Items Clause: Evasion items are banned\n|rule|Evasion Moves Clause: Evasion moves are banned\n|rule|Endless Battle Clause: Forcing endless battles is banned\n|rule|HP Percentage Mod: HP is shown in percentages\n|clearpoke\n|poke|p1|Cresselia, F|\n|poke|p1|Iron Hands|\n|poke|p1|Rillaboom, F|\n|poke|p1|Heatran, F|\n|poke|p1|Samurott-Hisui, F|\n|poke|p1|Landorus-Therian, M|\n|poke|p2|Landorus-Therian, M|\n|poke|p2|Meloetta|\n|poke|p2|Zapdos|\n|poke|p2|Cinderace, F|\n|poke|p2|Slowking-Galar, F|\n|poke|p2|Iron Valiant|\n|teampreview\n|c|\u2606seakingmissile|glhf\n|c|\u2606gucci mane 2026|u2\n|\n|t:|1700004347\n|start\n|switch|p1a: Landorus|Landorus-Therian, M|100\/100\n|switch|p2a: Meloetta|Meloetta|100\/100\n|-ability|p1a: Landorus|Intimidate|boost\n|-unboost|p2a: Meloetta|atk|1\n|turn|1\n|\n|t:|1700004360\n|switch|p1a: Heatran|Heatran, F|100\/100\n|move|p2a: Meloetta|Relic Song|p1a: Heatran\n|-resisted|p1a: Heatran\n|-damage|p1a: Heatran|91\/100\n|-formechange|p2a: Meloetta|Meloetta-Pirouette|[msg]\n|\n|-heal|p1a: Heatran|97\/100|[from] item: Leftovers\n|upkeep\n|turn|2\n|\n|t:|1700004370\n|switch|p2a: Cinderace|Cinderace, F|100\/100\n|move|p1a: Heatran|Stealth Rock|p2a: Cinderace\n|-sidestart|p2: seakingmissile|move: Stealth Rock\n|\n|-heal|p1a: Heatran|100\/100|[from] item: Leftovers\n|upkeep\n|turn|3\n|\n|t:|1700004374\n|move|p2a: Cinderace|High Jump Kick|p1a: Heatran|[miss]\n|-start|p2a: Cinderace|typechange|Fighting|[from] ability: Libero\n|-miss|p2a: Cinderace|p1a: Heatran\n|-damage|p2a: Cinderace|51\/100|[from] highjumpkick\n|move|p1a: Heatran|Earth Power|p2a: Cinderace\n|-crit|p2a: Cinderace\n|-damage|p2a: Cinderace|0 fnt\n|faint|p2a: Cinderace\n|\n|upkeep\n|c|\u2606gucci mane 2026|mb\n|\n|t:|1700004378\n|switch|p2a: Landorus|Landorus-Therian, M|100\/100\n|-damage|p2a: Landorus|88\/100|[from] Stealth Rock\n|-ability|p2a: Landorus|Intimidate|boost\n|-unboost|p1a: Heatran|atk|1\n|turn|4\n|c|\u2606seakingmissile|I've hit too many in a row it was bound to happen\n|\n|t:|1700004393\n|switch|p1a: Landorus|Landorus-Therian, M|100\/100\n|-ability|p1a: Landorus|Intimidate|boost\n|-unboost|p2a: Landorus|atk|1\n|move|p2a: Landorus|Earthquake|p1a: Landorus\n|-immune|p1a: Landorus\n|\n|upkeep\n|turn|5\n|c|\u2606gucci mane 2026|good mentality haha\n|\n|t:|1700004407\n|switch|p2a: Iron Valiant|Iron Valiant|100\/100\n|-damage|p2a: Iron Valiant|94\/100|[from] Stealth Rock\n|-enditem|p2a: Iron Valiant|Booster Energy\n|-activate|p2a: Iron Valiant|ability: Quark Drive|[fromitem]\n|-start|p2a: Iron Valiant|quarkdrivespe\n|switch|p1a: Iron Hands|Iron Hands|100\/100\n|\n|upkeep\n|turn|6\n|\n|t:|1700004416\n|move|p2a: Iron Valiant|Calm Mind|p2a: Iron Valiant\n|-boost|p2a: Iron Valiant|spa|1\n|-boost|p2a: Iron Valiant|spd|1\n|move|p1a: Iron Hands|Thunder Punch|p2a: Iron Valiant\n|-damage|p2a: Iron Valiant|46\/100\n|\n|upkeep\n|turn|7\n|\n|t:|1700004419\n|move|p2a: Iron Valiant|Moonblast|p1a: Iron Hands\n|-supereffective|p1a: Iron Hands\n|-damage|p1a: Iron Hands|8\/100\n|move|p1a: Iron Hands|Thunder Punch|p2a: Iron Valiant\n|-damage|p2a: Iron Valiant|0 fnt\n|faint|p2a: Iron Valiant\n|-end|p2a: Iron Valiant|Quark Drive|[silent]\n|\n|-heal|p1a: Iron Hands|15\/100|[from] item: Leftovers\n|upkeep\n|c|\u2606seakingmissile|wtf fat mon\n|\n|t:|1700004427\n|switch|p2a: Meloetta|Meloetta|100\/100\n|-damage|p2a: Meloetta|88\/100|[from] Stealth Rock\n|turn|8\n|c|\u2606gucci mane 2026|dumptruck mon\n|\n|t:|1700004446\n|-end|p1a: Iron Hands|Quark Drive|[silent]\n|switch|p1a: Landorus|Landorus-Therian, M|100\/100\n|-ability|p1a: Landorus|Intimidate|boost\n|-unboost|p2a: Meloetta|atk|1\n|move|p2a: Meloetta|Relic Song|p1a: Landorus\n|-damage|p1a: Landorus|61\/100\n|-status|p1a: Landorus|slp|[from] move: Relic Song\n|-formechange|p2a: Meloetta|Meloetta-Pirouette|[msg]\n|\n|-heal|p2a: Meloetta|94\/100|[from] item: Leftovers\n|upkeep\n|turn|9\n|c|\u2606seakingmissile|disturbingly phallic mon\n|\n|t:|1700004453\n|switch|p1a: Heatran|Heatran, F|100\/100\n|move|p2a: Meloetta|Swords Dance|p2a: Meloetta\n|-boost|p2a: Meloetta|atk|2\n|\n|-heal|p2a: Meloetta|100\/100|[from] item: Leftovers\n|upkeep\n|turn|10\n|\n|t:|1700004476\n|move|p2a: Meloetta|Swords Dance|p2a: Meloetta\n|-boost|p2a: Meloetta|atk|2\n|move|p1a: Heatran|Will-O-Wisp|p2a: Meloetta\n|-status|p2a: Meloetta|brn\n|\n|-damage|p2a: Meloetta|94\/100 brn|[from] brn\n|upkeep\n|turn|11\n|\n|t:|1700004479\n|move|p2a: Meloetta|Swords Dance|p2a: Meloetta\n|-boost|p2a: Meloetta|atk|2\n|move|p1a: Heatran|Magma Storm|p2a: Meloetta|[miss]\n|-miss|p1a: Heatran|p2a: Meloetta\n|\n|-heal|p2a: Meloetta|100\/100 brn|[from] item: Leftovers\n|-damage|p2a: Meloetta|94\/100 brn|[from] brn\n|upkeep\n|turn|12\n|\n|t:|1700004484\n|switch|p1a: Landorus|Landorus-Therian, M|61\/100 slp\n|-ability|p1a: Landorus|Intimidate|boost\n|-unboost|p2a: Meloetta|atk|1\n|-terastallize|p2a: Meloetta|Dark\n|move|p2a: Meloetta|Knock Off|p1a: Landorus\n|-damage|p1a: Landorus|0 fnt\n|-enditem|p1a: Landorus|Choice Scarf|[from] move: Knock Off|[of] p2a: Meloetta\n|faint|p1a: Landorus\n|\n|-heal|p2a: Meloetta|100\/100 brn|[from] item: Leftovers\n|-damage|p2a: Meloetta|94\/100 brn|[from] brn\n|upkeep\n|\n|t:|1700004500\n|switch|p1a: Cresselia|Cresselia, F|100\/100\n|turn|13\n|\n|t:|1700004508\n|-terastallize|p1a: Cresselia|Fairy\n|move|p2a: Meloetta|Knock Off|p1a: Cresselia\n|-resisted|p1a: Cresselia\n|-damage|p1a: Cresselia|80\/100\n|-enditem|p1a: Cresselia|Leftovers|[from] move: Knock Off|[of] p2a: Meloetta\n|move|p1a: Cresselia|Tera Blast|p2a: Meloetta|[anim] Tera Blast Fairy\n|-supereffective|p2a: Meloetta\n|-damage|p2a: Meloetta|43\/100 brn\n|\n|-heal|p2a: Meloetta|49\/100 brn|[from] item: Leftovers\n|-damage|p2a: Meloetta|43\/100 brn|[from] brn\n|upkeep\n|turn|14\n|\n|t:|1700004513\n|move|p2a: Meloetta|Play Rough|p1a: Cresselia\n|-damage|p1a: Cresselia|54\/100\n|move|p1a: Cresselia|Tera Blast|p2a: Meloetta|[anim] Tera Blast Fairy\n|-supereffective|p2a: Meloetta\n|-damage|p2a: Meloetta|0 fnt\n|faint|p2a: Meloetta\n|\n|upkeep\n|\n|t:|1700004517\n|switch|p2a: Slowking|Slowking-Galar, F|100\/100\n|turn|15\n|\n|t:|1700004520\n|switch|p1a: Heatran|Heatran, F|100\/100\n|move|p2a: Slowking|Sludge Bomb|p1a: Heatran\n|-immune|p1a: Heatran\n|\n|upkeep\n|turn|16\n|\n|t:|1700004524\n|move|p1a: Heatran|Magma Storm|p2a: Slowking\n|-damage|p2a: Slowking|77\/100\n|-activate|p2a: Slowking|move: Magma Storm|[of] p1a: Heatran\n|move|p2a: Slowking|Chilly Reception|p2a: Slowking\n|-weather|Snow\n|\n|t:|1700004527\n|switch|p2a: Landorus|Landorus-Therian, M|88\/100|[from] Chilly Reception\n|-damage|p2a: Landorus|76\/100|[from] Stealth Rock\n|-ability|p2a: Landorus|Intimidate|boost\n|-unboost|p1a: Heatran|atk|1\n|\n|-weather|Snow|[upkeep]\n|upkeep\n|turn|17\n|\n|t:|1700004536\n|switch|p1a: Iron Hands|Iron Hands|15\/100\n|move|p2a: Landorus|Stone Edge|p1a: Iron Hands\n|-resisted|p1a: Iron Hands\n|-damage|p1a: Iron Hands|2\/100\n|\n|-weather|Snow|[upkeep]\n|-heal|p1a: Iron Hands|8\/100|[from] item: Leftovers\n|upkeep\n|turn|18\n|\n|t:|1700004540\n|-end|p1a: Iron Hands|Quark Drive|[silent]\n|switch|p1a: Rillaboom|Rillaboom, F|100\/100\n|-fieldstart|move: Grassy Terrain|[from] ability: Grassy Surge|[of] p1a: Rillaboom\n|move|p2a: Landorus|Stone Edge|p1a: Rillaboom|[miss]\n|-miss|p2a: Landorus|p1a: Rillaboom\n|\n|-weather|Snow|[upkeep]\n|upkeep\n|turn|19\n|\n|t:|1700004545\n|move|p2a: Landorus|Stone Edge|p1a: Rillaboom\n|-damage|p1a: Rillaboom|59\/100\n|move|p1a: Rillaboom|Knock Off|p2a: Landorus\n|-damage|p2a: Landorus|39\/100\n|-enditem|p2a: Landorus|Choice Scarf|[from] move: Knock Off|[of] p1a: Rillaboom\n|\n|-weather|Snow|[upkeep]\n|-heal|p1a: Rillaboom|66\/100|[from] Grassy Terrain\n|upkeep\n|turn|20\n|\n|t:|1700004551\n|move|p2a: Landorus|U-turn|p1a: Rillaboom\n|-supereffective|p1a: Rillaboom\n|-damage|p1a: Rillaboom|6\/100\n|\n|t:|1700004553\n|switch|p2a: Zapdos|Zapdos|100\/100|[from] U-turn\n|move|p1a: Rillaboom|Knock Off|p2a: Zapdos\n|-damage|p2a: Zapdos|64\/100\n|-enditem|p2a: Zapdos|Heavy-Duty Boots|[from] move: Knock Off|[of] p1a: Rillaboom\n|\n|-weather|none\n|-heal|p1a: Rillaboom|12\/100|[from] Grassy Terrain\n|upkeep\n|turn|21\n|\n|t:|1700004560\n|switch|p1a: Heatran|Heatran, F|100\/100\n|move|p2a: Zapdos|Roost|p2a: Zapdos\n|-heal|p2a: Zapdos|100\/100\n|-singleturn|p2a: Zapdos|move: Roost\n|\n|upkeep\n|turn|22\n|\n|t:|1700004565\n|move|p2a: Zapdos|Discharge|p1a: Heatran\n|-damage|p1a: Heatran|71\/100\n|move|p1a: Heatran|Will-O-Wisp|p2a: Zapdos\n|-status|p2a: Zapdos|brn\n|\n|-heal|p1a: Heatran|77\/100|[from] Grassy Terrain\n|-heal|p1a: Heatran|83\/100|[from] item: Leftovers\n|-damage|p2a: Zapdos|94\/100 brn|[from] brn\n|-fieldend|move: Grassy Terrain\n|upkeep\n|turn|23\n|\n|t:|1700004572\n|move|p2a: Zapdos|Discharge|p1a: Heatran\n|-damage|p1a: Heatran|53\/100\n|move|p1a: Heatran|Magma Storm|p2a: Zapdos|[miss]\n|-miss|p1a: Heatran|p2a: Zapdos\n|\n|-heal|p1a: Heatran|59\/100|[from] item: Leftovers\n|-damage|p2a: Zapdos|88\/100 brn|[from] brn\n|upkeep\n|turn|24\n|\n|t:|1700004580\n|move|p2a: Zapdos|Discharge|p1a: Heatran\n|-damage|p1a: Heatran|31\/100\n|move|p1a: Heatran|Magma Storm|p2a: Zapdos|[miss]\n|-miss|p1a: Heatran|p2a: Zapdos\n|\n|-heal|p1a: Heatran|37\/100|[from] item: Leftovers\n|-damage|p2a: Zapdos|82\/100 brn|[from] brn\n|upkeep\n|turn|25\n|\n|t:|1700004584\n|move|p2a: Zapdos|Discharge|p1a: Heatran\n|-crit|p1a: Heatran\n|-damage|p1a: Heatran|0 fnt\n|faint|p1a: Heatran\n|\n|-damage|p2a: Zapdos|76\/100 brn|[from] brn\n|upkeep\n|\n|t:|1700004591\n|switch|p1a: Cresselia|Cresselia, F, tera:Fairy|54\/100\n|turn|26\n|\n|t:|1700004594\n|move|p2a: Zapdos|Hurricane|p1a: Cresselia\n|-damage|p1a: Cresselia|14\/100\n|move|p1a: Cresselia|Moonlight|p1a: Cresselia\n|-heal|p1a: Cresselia|64\/100\n|\n|-damage|p2a: Zapdos|70\/100 brn|[from] brn\n|upkeep\n|turn|27\n|\n|t:|1700004599\n|move|p2a: Zapdos|Discharge|p1a: Cresselia\n|-crit|p1a: Cresselia\n|-damage|p1a: Cresselia|22\/100\n|move|p1a: Cresselia|Moonlight|p1a: Cresselia\n|-heal|p1a: Cresselia|72\/100\n|\n|-damage|p2a: Zapdos|64\/100 brn|[from] brn\n|upkeep\n|turn|28\n|\n|t:|1700004601\n|move|p2a: Zapdos|Discharge|p1a: Cresselia\n|-damage|p1a: Cresselia|43\/100\n|move|p1a: Cresselia|Moonlight|p1a: Cresselia\n|-heal|p1a: Cresselia|93\/100\n|\n|-damage|p2a: Zapdos|58\/100 brn|[from] brn\n|upkeep\n|turn|29\n|\n|t:|1700004604\n|move|p2a: Zapdos|Discharge|p1a: Cresselia\n|-damage|p1a: Cresselia|63\/100\n|-status|p1a: Cresselia|par\n|cant|p1a: Cresselia|par\n|\n|-damage|p2a: Zapdos|52\/100 brn|[from] brn\n|upkeep\n|turn|30\n|\n|t:|1700004609\n|move|p2a: Zapdos|Hurricane|p1a: Cresselia\n|-damage|p1a: Cresselia|21\/100 par\n|-start|p1a: Cresselia|confusion\n|-activate|p1a: Cresselia|confusion\n|cant|p1a: Cresselia|par\n|\n|-damage|p2a: Zapdos|46\/100 brn|[from] brn\n|upkeep\n|turn|31\n|\n|t:|1700004613\n|move|p2a: Zapdos|Roost|p2a: Zapdos\n|-heal|p2a: Zapdos|97\/100 brn\n|-singleturn|p2a: Zapdos|move: Roost\n|-activate|p1a: Cresselia|confusion\n|-damage|p1a: Cresselia|19\/100 par|[from] confusion\n|\n|-damage|p2a: Zapdos|91\/100 brn|[from] brn\n|upkeep\n|turn|32\n|\n|t:|1700004616\n|move|p2a: Zapdos|Discharge|p1a: Cresselia\n|-damage|p1a: Cresselia|0 fnt\n|faint|p1a: Cresselia\n|\n|-damage|p2a: Zapdos|85\/100 brn|[from] brn\n|upkeep\n|c|\u2606seakingmissile|rng god zapdos\n|c|\u2606seakingmissile|cancer mon\n|\n|t:|1700004624\n|switch|p1a: Samurott|Samurott-Hisui, F|100\/100\n|turn|33\n|\n|t:|1700004629\n|move|p1a: Samurott|Ceaseless Edge|p2a: Zapdos\n|-damage|p2a: Zapdos|38\/100 brn\n|-sidestart|p2: seakingmissile|Spikes\n|move|p2a: Zapdos|Discharge|p1a: Samurott\n|-supereffective|p1a: Samurott\n|-damage|p1a: Samurott|12\/100\n|-status|p1a: Samurott|par\n|\n|-damage|p2a: Zapdos|32\/100 brn|[from] brn\n|upkeep\n|turn|34\n|c|\u2606gucci mane 2026|:')\n|c|\u2606gucci mane 2026|hard carry\n|\n|t:|1700004641\n|move|p2a: Zapdos|Roost|p2a: Zapdos\n|-heal|p2a: Zapdos|82\/100 brn\n|-singleturn|p2a: Zapdos|move: Roost\n|cant|p1a: Samurott|par\n|\n|-damage|p2a: Zapdos|76\/100 brn|[from] brn\n|upkeep\n|turn|35\n|c|\u2606seakingmissile|god save zap\n|\n|t:|1700004648\n|move|p1a: Samurott|Aqua Jet|p2a: Zapdos\n|-crit|p2a: Zapdos\n|-damage|p2a: Zapdos|48\/100 brn\n|move|p2a: Zapdos|Discharge|p1a: Samurott\n|-supereffective|p1a: Samurott\n|-damage|p1a: Samurott|0 fnt\n|faint|p1a: Samurott\n|\n|-damage|p2a: Zapdos|42\/100 brn|[from] brn\n|upkeep\n|\n|t:|1700004652\n|switch|p1a: Iron Hands|Iron Hands|8\/100\n|turn|36\n|\n|t:|1700004655\n|-end|p1a: Iron Hands|Quark Drive|[silent]\n|switch|p1a: Rillaboom|Rillaboom, F|12\/100\n|-fieldstart|move: Grassy Terrain|[from] ability: Grassy Surge|[of] p1a: Rillaboom\n|move|p2a: Zapdos|Roost|p2a: Zapdos\n|-heal|p2a: Zapdos|92\/100 brn\n|-singleturn|p2a: Zapdos|move: Roost\n|\n|-heal|p1a: Rillaboom|18\/100|[from] Grassy Terrain\n|-heal|p2a: Zapdos|98\/100 brn|[from] Grassy Terrain\n|-damage|p2a: Zapdos|92\/100 brn|[from] brn\n|upkeep\n|turn|37\n|\n|t:|1700004658\n|switch|p1a: Iron Hands|Iron Hands|8\/100\n|move|p2a: Zapdos|Discharge|p1a: Iron Hands\n|-resisted|p1a: Iron Hands\n|-damage|p1a: Iron Hands|0 fnt\n|faint|p1a: Iron Hands\n|-end|p1a: Iron Hands|Quark Drive|[silent]\n|\n|-damage|p2a: Zapdos|86\/100 brn|[from] brn\n|upkeep\n|\n|t:|1700004661\n|switch|p1a: Rillaboom|Rillaboom, F|18\/100\n|turn|38\n|c|\u2606seakingmissile|silly ass mon lol\n|c|\u2606seakingmissile|ggs\n|\n|t:|1700004664\n|move|p1a: Rillaboom|High Horsepower|p2a: Zapdos\n|-immune|p2a: Zapdos\n|move|p2a: Zapdos|Discharge|p1a: Rillaboom\n|-resisted|p1a: Rillaboom\n|-damage|p1a: Rillaboom|0 fnt\n|faint|p1a: Rillaboom\n|\n|win|seakingmissile\n|raw|gucci mane 2026's rating: 1510 &rarr; <strong>1491<\/strong><br \/>(-19 for losing)\n|raw|seakingmissile's rating: 1521 &rarr; <strong>1540<\/strong><br \/>(+19 for winning)\n|c|\u2606gucci mane 2026|gg\n|l|\u2606gucci mane 2026\n|c|\u2606seakingmissile|you played the best you could against this rng\n","uploadtime":1700004676,"views":12,"p1id":"guccimane2026","p2id":"seakingmissile","formatid":"gen9ou","rating":1491,"private":0,"password":""}