{"id":"gen9ou-1994844413","p1":"edzigoto","p2":"El Stefano","format":"[Gen 9] OU","log":"|j|\u2606edzigoto\n|j|\u2606El Stefano\n|t:|1700497991\n|gametype|singles\n|player|p1|edzigoto|101|1813\n|player|p2|El Stefano|101|1860\n|teamsize|p1|6\n|teamsize|p2|6\n|gen|9\n|tier|[Gen 9] OU\n|rated|\n|rule|Sleep Clause Mod: Limit one foe put to sleep\n|rule|Species Clause: Limit one of each Pok\u00e9mon\n|rule|OHKO Clause: OHKO moves are banned\n|rule|Evasion Items Clause: Evasion items are banned\n|rule|Evasion Moves Clause: Evasion moves are banned\n|rule|Endless Battle Clause: Forcing endless battles is banned\n|rule|HP Percentage Mod: HP is shown in percentages\n|clearpoke\n|poke|p1|Dragonite, M|\n|poke|p1|Cinderace, F|\n|poke|p1|Great Tusk|\n|poke|p1|Kingambit, F|\n|poke|p1|Ogerpon-Wellspring, F|\n|poke|p1|Gholdengo|\n|poke|p2|Slowking, F|\n|poke|p2|Chesnaught, M|\n|poke|p2|Moltres|\n|poke|p2|Clodsire, F|\n|poke|p2|Dondozo, M|\n|poke|p2|Clefable, F|\n|teampreview\n|\n|t:|1700498008\n|start\n|switch|p1a: Cinderace|Cinderace, F|100\/100\n|switch|p2a: Chesnaught|Chesnaught, M|100\/100\n|turn|1\n|\n|t:|1700498015\n|switch|p2a: Moltres|Moltres|100\/100\n|move|p1a: Cinderace|Pyro Ball|p2a: Moltres\n|-resisted|p2a: Moltres\n|-crit|p2a: Moltres\n|-damage|p2a: Moltres|69\/100\n|\n|upkeep\n|turn|2\n|\n|t:|1700498028\n|move|p1a: Cinderace|U-turn|p2a: Moltres\n|-start|p1a: Cinderace|typechange|Bug|[from] ability: Libero\n|-resisted|p2a: Moltres\n|-damage|p2a: Moltres|63\/100\n|\n|t:|1700498032\n|switch|p1a: Ogerpon|Ogerpon-Wellspring, F|100\/100|[from] U-turn\n|move|p2a: Moltres|Will-O-Wisp|p1a: Ogerpon\n|-status|p1a: Ogerpon|brn\n|\n|-damage|p1a: Ogerpon|95\/100 brn|[from] brn\n|upkeep\n|turn|3\n|\n|t:|1700498038\n|switch|p2a: Chesnaught|Chesnaught, M|100\/100\n|move|p1a: Ogerpon|Power Whip|p2a: Chesnaught\n|-resisted|p2a: Chesnaught\n|-crit|p2a: Chesnaught\n|-damage|p2a: Chesnaught|87\/100\n|\n|-damage|p1a: Ogerpon|89\/100 brn|[from] brn\n|upkeep\n|turn|4\n|\n|t:|1700498044\n|move|p1a: Ogerpon|Play Rough|p2a: Chesnaught\n|-supereffective|p2a: Chesnaught\n|-damage|p2a: Chesnaught|68\/100\n|move|p2a: Chesnaught|Body Press|p1a: Ogerpon\n|-damage|p1a: Ogerpon|35\/100 brn\n|\n|-damage|p1a: Ogerpon|29\/100 brn|[from] brn\n|upkeep\n|turn|5\n|\n|t:|1700498051\n|switch|p1a: Gholdengo|Gholdengo|100\/100\n|move|p2a: Chesnaught|Body Press|p1a: Gholdengo\n|-immune|p1a: Gholdengo\n|\n|upkeep\n|turn|6\n|\n|t:|1700498057\n|switch|p2a: Slowking|Slowking, F, shiny|100\/100\n|move|p1a: Gholdengo|Make It Rain|p2a: Slowking\n|-resisted|p2a: Slowking\n|-damage|p2a: Slowking|83\/100\n|-unboost|p1a: Gholdengo|spa|1\n|\n|upkeep\n|turn|7\n|\n|t:|1700498065\n|switch|p1a: Ogerpon|Ogerpon-Wellspring, F|29\/100 brn\n|move|p2a: Slowking|Scald|p1a: Ogerpon\n|-heal|p1a: Ogerpon|54\/100 brn|[from] ability: Water Absorb|[of] p2a: Slowking\n|\n|-damage|p1a: Ogerpon|48\/100 brn|[from] brn\n|upkeep\n|turn|8\n|\n|t:|1700498072\n|switch|p1a: Cinderace|Cinderace, F|100\/100\n|switch|p2a: Chesnaught|Chesnaught, M|68\/100\n|\n|upkeep\n|turn|9\n|inactive|Battle timer is ON: inactive players will automatically lose when time's up. (requested by El Stefano)\n|\n|t:|1700498098\n|switch|p1a: Ogerpon|Ogerpon-Wellspring, F|48\/100 brn\n|move|p2a: Chesnaught|Knock Off|p1a: Ogerpon\n|-damage|p1a: Ogerpon|28\/100 brn\n|\n|-damage|p1a: Ogerpon|22\/100 brn|[from] brn\n|upkeep\n|turn|10\n|\n|t:|1700498103\n|move|p1a: Ogerpon|Swords Dance|p1a: Ogerpon\n|-boost|p1a: Ogerpon|atk|2\n|move|p2a: Chesnaught|Spikes|p1a: Ogerpon\n|-sidestart|p1: edzigoto|Spikes\n|\n|-damage|p1a: Ogerpon|16\/100 brn|[from] brn\n|upkeep\n|turn|11\n|j| Dad hoarder\n|\n|t:|1700498107\n|move|p1a: Ogerpon|Play Rough|p2a: Chesnaught\n|-supereffective|p2a: Chesnaught\n|-damage|p2a: Chesnaught|27\/100\n|-unboost|p2a: Chesnaught|atk|1\n|move|p2a: Chesnaught|Body Press|p1a: Ogerpon\n|-crit|p1a: Ogerpon\n|-damage|p1a: Ogerpon|0 fnt\n|faint|p1a: Ogerpon\n|\n|upkeep\n|\n|t:|1700498113\n|switch|p1a: Cinderace|Cinderace, F|100\/100\n|turn|12\n|\n|t:|1700498117\n|move|p1a: Cinderace|Pyro Ball|p2a: Chesnaught\n|-immune|p2a: Chesnaught|[from] ability: Bulletproof\n|move|p2a: Chesnaught|Synthesis|p2a: Chesnaught\n|-heal|p2a: Chesnaught|77\/100\n|\n|upkeep\n|turn|13\n|c|\u2606edzigoto|a\n|\n|t:|1700498145\n|move|p1a: Cinderace|High Jump Kick|p2a: Chesnaught\n|-start|p1a: Cinderace|typechange|Fighting|[from] ability: Libero\n|-damage|p2a: Chesnaught|42\/100\n|move|p2a: Chesnaught|Knock Off|p1a: Cinderace\n|-resisted|p1a: Cinderace\n|-damage|p1a: Cinderace|89\/100\n|-enditem|p1a: Cinderace|Heavy-Duty Boots|[from] move: Knock Off|[of] p2a: Chesnaught\n|\n|upkeep\n|turn|14\n|\n|t:|1700498157\n|move|p1a: Cinderace|High Jump Kick|p2a: Chesnaught\n|-damage|p2a: Chesnaught|9\/100\n|move|p2a: Chesnaught|Synthesis|p2a: Chesnaught\n|-heal|p2a: Chesnaught|59\/100\n|\n|upkeep\n|turn|15\n|\n|t:|1700498162\n|move|p1a: Cinderace|High Jump Kick|p2a: Chesnaught\n|-damage|p2a: Chesnaught|24\/100\n|move|p2a: Chesnaught|Synthesis|p2a: Chesnaught\n|-heal|p2a: Chesnaught|74\/100\n|\n|upkeep\n|turn|16\n|\n|t:|1700498176\n|switch|p2a: Clefable|Clefable, F|100\/100\n|move|p1a: Cinderace|U-turn|p2a: Clefable\n|-resisted|p2a: Clefable\n|-damage|p2a: Clefable|92\/100\n|\n|t:|1700498185\n|switch|p1a: Gholdengo|Gholdengo|100\/100|[from] U-turn\n|-damage|p1a: Gholdengo|88\/100|[from] Spikes\n|\n|-heal|p2a: Clefable|98\/100|[from] item: Leftovers\n|upkeep\n|turn|17\n|\n|t:|1700498193\n|switch|p2a: Slowking|Slowking, F, shiny|100\/100\n|move|p1a: Gholdengo|Trick|p2a: Slowking\n|-activate|p1a: Gholdengo|move: Trick|[of] p2a: Slowking\n|-item|p2a: Slowking|Choice Scarf|[from] move: Trick\n|-item|p1a: Gholdengo|Heavy-Duty Boots|[from] move: Trick\n|\n|upkeep\n|turn|18\n|\n|t:|1700498205\n|move|p1a: Gholdengo|Shadow Ball|p2a: Slowking\n|-supereffective|p2a: Slowking\n|-damage|p2a: Slowking|48\/100\n|move|p2a: Slowking|Scald|p1a: Gholdengo\n|-damage|p1a: Gholdengo|55\/100\n|\n|upkeep\n|turn|19\n|\n|t:|1700498212\n|switch|p2a: Clodsire|Clodsire, F|100\/100\n|move|p1a: Gholdengo|Make It Rain|p2a: Clodsire\n|-damage|p2a: Clodsire|65\/100\n|-unboost|p1a: Gholdengo|spa|1\n|\n|upkeep\n|turn|20\n|\n|t:|1700498225\n|switch|p1a: Dragonite|Dragonite, M|100\/100\n|move|p2a: Clodsire|Recover|p2a: Clodsire\n|-heal|p2a: Clodsire|100\/100\n|\n|upkeep\n|turn|21\n|\n|t:|1700498228\n|switch|p2a: Clefable|Clefable, F|98\/100\n|move|p1a: Dragonite|Earthquake|p2a: Clefable\n|-damage|p2a: Clefable|68\/100\n|\n|-heal|p2a: Clefable|74\/100|[from] item: Leftovers\n|upkeep\n|turn|22\n|\n|t:|1700498233\n|switch|p1a: Cinderace|Cinderace, F|89\/100\n|-damage|p1a: Cinderace|76\/100|[from] Spikes\n|move|p2a: Clefable|Knock Off|p1a: Cinderace\n|-damage|p1a: Cinderace|61\/100\n|\n|-heal|p2a: Clefable|80\/100|[from] item: Leftovers\n|upkeep\n|turn|23\n|\n|t:|1700498241\n|switch|p2a: Chesnaught|Chesnaught, M|74\/100\n|move|p1a: Cinderace|Court Change|p1a: Cinderace\n|-start|p1a: Cinderace|typechange|Normal|[from] ability: Libero\n|-swapsideconditions\n|-activate|p1a: Cinderace|move: Court Change\n|\n|upkeep\n|turn|24\n|j| PLLV51 Cos\n|\n|t:|1700498250\n|move|p1a: Cinderace|U-turn|p2a: Chesnaught\n|-damage|p2a: Chesnaught|60\/100\n|\n|t:|1700498259\n|switch|p1a: Dragonite|Dragonite, M|100\/100|[from] U-turn\n|move|p2a: Chesnaught|Body Press|p1a: Dragonite\n|-resisted|p1a: Dragonite\n|-damage|p1a: Dragonite|88\/100\n|\n|upkeep\n|turn|25\n|\n|t:|1700498269\n|switch|p2a: Clefable|Clefable, F|80\/100\n|move|p1a: Dragonite|Ice Beam|p2a: Clefable\n|-damage|p2a: Clefable|61\/100\n|\n|-heal|p2a: Clefable|67\/100|[from] item: Leftovers\n|upkeep\n|turn|26\n|j| robopomo\n|\n|t:|1700498280\n|switch|p1a: Gholdengo|Gholdengo|55\/100\n|move|p2a: Clefable|Stealth Rock|p1a: Gholdengo\n|-sidestart|p1: edzigoto|move: Stealth Rock\n|\n|-heal|p2a: Clefable|73\/100|[from] item: Leftovers\n|upkeep\n|turn|27\n|\n|t:|1700498291\n|switch|p2a: Slowking|Slowking, F, shiny|81\/100\n|-damage|p2a: Slowking|69\/100|[from] Spikes\n|move|p1a: Gholdengo|Make It Rain|p2a: Slowking\n|-resisted|p2a: Slowking\n|-damage|p2a: Slowking|50\/100\n|-unboost|p1a: Gholdengo|spa|1\n|\n|upkeep\n|turn|28\n|\n|t:|1700498301\n|switch|p2a: Clodsire|Clodsire, F|100\/100\n|move|p1a: Gholdengo|Trick|p2a: Clodsire\n|-activate|p1a: Gholdengo|move: Trick|[of] p2a: Clodsire\n|-item|p2a: Clodsire|Heavy-Duty Boots|[from] move: Trick\n|-item|p1a: Gholdengo|Heavy-Duty Boots|[from] move: Trick\n|\n|upkeep\n|turn|29\n|\n|t:|1700498311\n|switch|p1a: Dragonite|Dragonite, M|88\/100\n|move|p2a: Clodsire|Earthquake|p1a: Dragonite\n|-immune|p1a: Dragonite\n|\n|upkeep\n|turn|30\n|j| OUVT Zamorakism\n|\n|t:|1700498317\n|switch|p1a: Gholdengo|Gholdengo|55\/100\n|switch|p2a: Clefable|Clefable, F|73\/100\n|\n|-heal|p2a: Clefable|79\/100|[from] item: Leftovers\n|upkeep\n|turn|31\n|\n|t:|1700498329\n|switch|p2a: Clodsire|Clodsire, F|100\/100\n|move|p1a: Gholdengo|Shadow Ball|p2a: Clodsire\n|-damage|p2a: Clodsire|75\/100\n|\n|upkeep\n|turn|32\n|\n|t:|1700498336\n|switch|p1a: Dragonite|Dragonite, M|88\/100\n|move|p2a: Clodsire|Amnesia|p2a: Clodsire\n|-boost|p2a: Clodsire|spd|2\n|\n|upkeep\n|turn|33\n|\n|t:|1700498347\n|switch|p2a: Slowking|Slowking, F, shiny|83\/100\n|-damage|p2a: Slowking|71\/100|[from] Spikes\n|move|p1a: Dragonite|Earthquake|p2a: Slowking\n|-damage|p2a: Slowking|29\/100\n|\n|upkeep\n|turn|34\n|\n|t:|1700498356\n|switch|p2a: Moltres|Moltres|63\/100\n|move|p1a: Dragonite|Earthquake|p2a: Moltres\n|-immune|p2a: Moltres\n|\n|upkeep\n|turn|35\n|j| Kizukato\n|\n|t:|1700498379\n|switch|p2a: Clefable|Clefable, F|79\/100\n|switch|p1a: Cinderace|Cinderace, F|61\/100\n|-damage|p1a: Cinderace|36\/100|[from] Stealth Rock\n|\n|-heal|p2a: Clefable|85\/100|[from] item: Leftovers\n|upkeep\n|turn|36\n|\n|t:|1700498393\n|switch|p2a: Dondozo|Dondozo, M|100\/100\n|move|p1a: Cinderace|Court Change|p1a: Cinderace\n|-start|p1a: Cinderace|typechange|Normal|[from] ability: Libero\n|-swapsideconditions\n|-activate|p1a: Cinderace|move: Court Change\n|\n|upkeep\n|turn|37\n|\n|t:|1700498404\n|switch|p2a: Clefable|Clefable, F|85\/100\n|move|p1a: Cinderace|U-turn|p2a: Clefable\n|-resisted|p2a: Clefable\n|-damage|p2a: Clefable|77\/100\n|\n|t:|1700498424\n|switch|p1a: Dragonite|Dragonite, M|88\/100|[from] U-turn\n|\n|-heal|p2a: Clefable|83\/100|[from] item: Leftovers\n|upkeep\n|turn|38\n|\n|t:|1700498428\n|switch|p1a: Cinderace|Cinderace, F|36\/100\n|-damage|p1a: Cinderace|24\/100|[from] Spikes\n|move|p2a: Clefable|Stealth Rock|p1a: Cinderace\n|-sidestart|p1: edzigoto|move: Stealth Rock\n|\n|-heal|p2a: Clefable|89\/100|[from] item: Leftovers\n|upkeep\n|turn|39\n|\n|t:|1700498434\n|move|p1a: Cinderace|Court Change|p1a: Cinderace\n|-start|p1a: Cinderace|typechange|Normal|[from] ability: Libero\n|-swapsideconditions\n|-activate|p1a: Cinderace|move: Court Change\n|move|p2a: Clefable|Moonblast|p1a: Cinderace\n|-damage|p1a: Cinderace|0 fnt\n|faint|p1a: Cinderace\n|\n|-heal|p2a: Clefable|95\/100|[from] item: Leftovers\n|upkeep\n|\n|t:|1700498440\n|switch|p1a: Gholdengo|Gholdengo|55\/100\n|turn|40\n|j| xXCryptoXx\n|l| xXCryptoXx\n|\n|t:|1700498451\n|switch|p2a: Clodsire|Clodsire, F|75\/100\n|move|p1a: Gholdengo|Trick|p2a: Clodsire\n|-activate|p1a: Gholdengo|move: Trick|[of] p2a: Clodsire\n|-item|p2a: Clodsire|Heavy-Duty Boots|[from] move: Trick\n|-item|p1a: Gholdengo|Heavy-Duty Boots|[from] move: Trick\n|\n|upkeep\n|turn|41\n|\n|t:|1700498462\n|switch|p1a: Dragonite|Dragonite, M|88\/100\n|move|p2a: Clodsire|Recover|p2a: Clodsire\n|-heal|p2a: Clodsire|100\/100\n|\n|upkeep\n|turn|42\n|c| Kizukato|don't loose edzigoto !\n|\n|t:|1700498470\n|switch|p2a: Moltres|Moltres|63\/100\n|move|p1a: Dragonite|Ice Beam|p2a: Moltres\n|-damage|p2a: Moltres|42\/100\n|\n|upkeep\n|turn|43\n|j| cherry_ashe\n|c| Kizukato|you can't loose against stall\n|inactive|edzigoto has 120 seconds left.\n|\n|t:|1700498507\n|move|p2a: Moltres|Roost|p2a: Moltres\n|-heal|p2a: Moltres|92\/100\n|-singleturn|p2a: Moltres|move: Roost\n|move|p1a: Dragonite|Ice Beam|p2a: Moltres\n|-resisted|p2a: Moltres\n|-damage|p2a: Moltres|83\/100\n|\n|upkeep\n|turn|44\n|inactive|edzigoto has 120 seconds left.\n|\n|t:|1700498525\n|move|p2a: Moltres|Will-O-Wisp|p1a: Dragonite\n|-status|p1a: Dragonite|brn\n|move|p1a: Dragonite|Ice Beam|p2a: Moltres\n|-damage|p2a: Moltres|60\/100\n|\n|-damage|p1a: Dragonite|82\/100 brn|[from] brn\n|upkeep\n|turn|45\n|c|\u2606edzigoto|will do my best\n|\n|t:|1700498537\n|switch|p2a: Clefable|Clefable, F|95\/100\n|move|p1a: Dragonite|Ice Beam|p2a: Clefable\n|-damage|p2a: Clefable|74\/100\n|\n|-heal|p2a: Clefable|80\/100|[from] item: Leftovers\n|-damage|p1a: Dragonite|76\/100 brn|[from] brn\n|upkeep\n|turn|46\n|inactive|edzigoto has 120 seconds left.\n|c|\u2606edzigoto|but it's already loose i think\n|\n|t:|1700498568\n|switch|p1a: Gholdengo|Gholdengo|55\/100\n|switch|p2a: Slowking|Slowking, F, shiny|63\/100\n|-damage|p2a: Slowking|50\/100|[from] Spikes\n|-damage|p2a: Slowking|38\/100|[from] Stealth Rock\n|\n|upkeep\n|turn|47\n|l| robopomo\n|c|\u2606El Stefano|Burn on ogerpom waa clutch\n|\n|t:|1700498584\n|move|p2a: Slowking|Protect|p2a: Slowking\n|-singleturn|p2a: Slowking|Protect\n|move|p1a: Gholdengo|Trick|p2a: Slowking\n|-activate|p2a: Slowking|move: Protect\n|\n|upkeep\n|turn|48\n|c| OUVT Zamorakism|Losing ogerpon early was a mistake\n|\n|t:|1700498595\n|switch|p2a: Clodsire|Clodsire, F|100\/100\n|move|p1a: Gholdengo|Shadow Ball|p2a: Clodsire\n|-damage|p2a: Clodsire|78\/100\n|-unboost|p2a: Clodsire|spd|1\n|\n|upkeep\n|turn|49\n|c| Kizukato|ok good luck\n|c|\u2606edzigoto|was burn t2 so\n|inactive|edzigoto has 90 seconds left.\n|\n|t:|1700498628\n|switch|p2a: Slowking|Slowking, F, shiny|71\/100\n|-damage|p2a: Slowking|59\/100|[from] Spikes\n|-damage|p2a: Slowking|46\/100|[from] Stealth Rock\n|move|p1a: Gholdengo|Make It Rain|p2a: Slowking\n|-resisted|p2a: Slowking\n|-damage|p2a: Slowking|28\/100\n|-unboost|p1a: Gholdengo|spa|1\n|\n|upkeep\n|turn|50\n|j| debilos\n|l| OUVT Zamorakism\n|\n|t:|1700498640\n|move|p1a: Gholdengo|Trick|p2a: Slowking\n|-activate|p1a: Gholdengo|move: Trick|[of] p2a: Slowking\n|-item|p2a: Slowking|Heavy-Duty Boots|[from] move: Trick\n|-item|p1a: Gholdengo|Choice Scarf|[from] move: Trick\n|move|p2a: Slowking|Scald|p1a: Gholdengo\n|-damage|p1a: Gholdengo|20\/100\n|\n|upkeep\n|turn|51\n|\n|t:|1700498648\n|move|p2a: Slowking|Protect|p2a: Slowking\n|-singleturn|p2a: Slowking|Protect\n|move|p1a: Gholdengo|Shadow Ball|p2a: Slowking\n|-activate|p2a: Slowking|move: Protect\n|\n|upkeep\n|turn|52\n|j| OUVT Zamorakism\n|\n|t:|1700498655\n|switch|p1a: Dragonite|Dragonite, M|76\/100 brn\n|switch|p2a: Chesnaught|Chesnaught, M|60\/100\n|\n|-damage|p1a: Dragonite|70\/100 brn|[from] brn\n|upkeep\n|turn|53\n|\n|t:|1700498661\n|switch|p2a: Slowking|Slowking, F, shiny|61\/100\n|move|p1a: Dragonite|Ice Beam|p2a: Slowking\n|-resisted|p2a: Slowking\n|-damage|p2a: Slowking|56\/100\n|\n|-damage|p1a: Dragonite|64\/100 brn|[from] brn\n|upkeep\n|turn|54\n|\n|t:|1700498670\n|move|p1a: Dragonite|Roost|p1a: Dragonite\n|-heal|p1a: Dragonite|100\/100 brn\n|-singleturn|p1a: Dragonite|move: Roost\n|move|p2a: Slowking|Scald|p1a: Dragonite\n|-resisted|p1a: Dragonite\n|-damage|p1a: Dragonite|92\/100 brn\n|\n|-damage|p1a: Dragonite|86\/100 brn|[from] brn\n|upkeep\n|turn|55\n|c| OUVT Zamorakism|Why would you switch Ogerpon into Moltres tho?\n|inactive|edzigoto has 120 seconds left.\n|c|\u2606edzigoto|predicted a roost\n|c|\u2606El Stefano|Shit happens\n|c|\u2606El Stefano|:P\n|j| cheese miestro\n|inactive|edzigoto has 90 seconds left.\n|c|\u2606edzigoto|he just played better\n|\n|t:|1700498743\n|move|p1a: Dragonite|Earthquake|p2a: Slowking\n|-damage|p2a: Slowking|36\/100\n|move|p2a: Slowking|Slack Off|p2a: Slowking\n|-heal|p2a: Slowking|86\/100\n|\n|-damage|p1a: Dragonite|80\/100 brn|[from] brn\n|upkeep\n|turn|56\n|c|\u2606El Stefano|You did well too, just that one mistake\n|\n|t:|1700498757\n|move|p1a: Dragonite|Earthquake|p2a: Slowking\n|-damage|p2a: Slowking|65\/100\n|move|p2a: Slowking|Psyshock|p1a: Dragonite\n|-crit|p1a: Dragonite\n|-damage|p1a: Dragonite|37\/100 brn\n|\n|-damage|p1a: Dragonite|31\/100 brn|[from] brn\n|upkeep\n|turn|57\n|\n|t:|1700498765\n|move|p1a: Dragonite|Roost|p1a: Dragonite\n|-heal|p1a: Dragonite|81\/100 brn\n|-singleturn|p1a: Dragonite|move: Roost\n|move|p2a: Slowking|Psyshock|p1a: Dragonite\n|-damage|p1a: Dragonite|49\/100 brn\n|\n|-damage|p1a: Dragonite|43\/100 brn|[from] brn\n|upkeep\n|turn|58\n|l| cheese miestro\n|\n|t:|1700498768\n|move|p1a: Dragonite|Roost|p1a: Dragonite\n|-heal|p1a: Dragonite|93\/100 brn\n|-singleturn|p1a: Dragonite|move: Roost\n|move|p2a: Slowking|Psyshock|p1a: Dragonite\n|-damage|p1a: Dragonite|61\/100 brn\n|\n|-damage|p1a: Dragonite|55\/100 brn|[from] brn\n|upkeep\n|turn|59\n|l| Dad hoarder\n|\n|t:|1700498774\n|switch|p2a: Clefable|Clefable, F|80\/100\n|move|p1a: Dragonite|Roost|p1a: Dragonite\n|-heal|p1a: Dragonite|100\/100 brn\n|-singleturn|p1a: Dragonite|move: Roost\n|\n|-heal|p2a: Clefable|86\/100|[from] item: Leftovers\n|-damage|p1a: Dragonite|94\/100 brn|[from] brn\n|upkeep\n|turn|60\n|\n|t:|1700498779\n|switch|p1a: Kingambit|Kingambit, F|100\/100\n|-damage|p1a: Kingambit|94\/100|[from] Stealth Rock\n|-activate|p1a: Kingambit|ability: Supreme Overlord\n|-start|p1a: Kingambit|fallen2|[silent]\n|switch|p2a: Slowking|Slowking, F, shiny|98\/100\n|\n|-heal|p1a: Kingambit|100\/100|[from] item: Leftovers\n|upkeep\n|turn|61\n|inactive|edzigoto has 120 seconds left.\n|\n|t:|1700498784\n|switch|p2a: Moltres|Moltres|60\/100\n|move|p1a: Kingambit|Kowtow Cleave|p2a: Moltres\n|-damage|p2a: Moltres|21\/100\n|\n|upkeep\n|turn|62\n|\n|t:|1700498791\n|-end|p1a: Kingambit|fallen2|[silent]\n|switch|p1a: Dragonite|Dragonite, M|94\/100 brn\n|move|p2a: Moltres|Roost|p2a: Moltres\n|-heal|p2a: Moltres|71\/100\n|-singleturn|p2a: Moltres|move: Roost\n|\n|-damage|p1a: Dragonite|88\/100 brn|[from] brn\n|upkeep\n|turn|63\n|\n|t:|1700498796\n|switch|p2a: Clefable|Clefable, F|86\/100\n|move|p1a: Dragonite|Ice Beam|p2a: Clefable\n|-damage|p2a: Clefable|66\/100\n|\n|-heal|p2a: Clefable|72\/100|[from] item: Leftovers\n|-damage|p1a: Dragonite|82\/100 brn|[from] brn\n|upkeep\n|turn|64\n|l| debilos\n|j| debilos\n|inactive|edzigoto has 120 seconds left.\n|\n|t:|1700498831\n|move|p1a: Dragonite|Earthquake|p2a: Clefable\n|-damage|p2a: Clefable|58\/100\n|move|p2a: Clefable|Moonblast|p1a: Dragonite\n|-supereffective|p1a: Dragonite\n|-damage|p1a: Dragonite|6\/100 brn\n|\n|-heal|p2a: Clefable|64\/100|[from] item: Leftovers\n|-damage|p1a: Dragonite|0 fnt|[from] brn\n|faint|p1a: Dragonite\n|upkeep\n|\n|t:|1700498835\n|switch|p1a: Gholdengo|Gholdengo|20\/100\n|-damage|p1a: Gholdengo|14\/100|[from] Stealth Rock\n|turn|65\n|inactive|edzigoto has 120 seconds left.\n|\n|t:|1700498841\n|switch|p2a: Slowking|Slowking, F, shiny|100\/100\n|move|p1a: Gholdengo|Shadow Ball|p2a: Slowking\n|-supereffective|p2a: Slowking\n|-damage|p2a: Slowking|54\/100\n|-unboost|p2a: Slowking|spd|1\n|\n|upkeep\n|turn|66\n|c| Kizukato|scalp is going to sweep if you have a good tera\n|inactive|edzigoto has 120 seconds left.\n|inactive|edzigoto has 90 seconds left.\n|c|\u2606El Stefano|Like normal?\n|c|\u2606edzigoto|he have dondozo\n|c| Kizukato|no ice is better\n|inactive|edzigoto has 60 seconds left.\n|inactive|edzigoto has 30 seconds left.\n|c| Kizukato|if dondozo don't have big splah\n|inactive|edzigoto has 20 seconds left.\n|inactive|edzigoto has 15 seconds left.\n|\n|t:|1700498958\n|switch|p1a: Kingambit|Kingambit, F|100\/100\n|-damage|p1a: Kingambit|94\/100|[from] Stealth Rock\n|-activate|p1a: Kingambit|ability: Supreme Overlord\n|-start|p1a: Kingambit|fallen3|[silent]\n|switch|p2a: Chesnaught|Chesnaught, M|60\/100\n|\n|-heal|p1a: Kingambit|100\/100|[from] item: Leftovers\n|upkeep\n|turn|67\n|inactive|edzigoto has 25 seconds left this turn.\n|inactive|edzigoto has 20 seconds left.\n|inactive|edzigoto has 15 seconds left.\n|\n|t:|1700498968\n|switch|p2a: Moltres|Moltres|71\/100\n|-end|p1a: Kingambit|fallen3|[silent]\n|switch|p1a: Gholdengo|Gholdengo|14\/100\n|-damage|p1a: Gholdengo|8\/100|[from] Stealth Rock\n|\n|upkeep\n|turn|68\n|inactive|edzigoto has 25 seconds left this turn.\n|inactive|edzigoto has 20 seconds left.\n|l| PLLV51 Cos\n|\n|t:|1700498977\n|switch|p2a: Slowking|Slowking, F, shiny|88\/100\n|move|p1a: Gholdengo|Trick|p2a: Slowking\n|-activate|p1a: Gholdengo|move: Trick|[of] p2a: Slowking\n|-item|p2a: Slowking|Choice Scarf|[from] move: Trick\n|-item|p1a: Gholdengo|Heavy-Duty Boots|[from] move: Trick\n|\n|upkeep\n|turn|69\n|inactive|edzigoto has 30 seconds left this turn.\n|inactive|edzigoto has 20 seconds left.\n|\n|t:|1700498992\n|switch|p1a: Kingambit|Kingambit, F|100\/100\n|-damage|p1a: Kingambit|94\/100|[from] Stealth Rock\n|-activate|p1a: Kingambit|ability: Supreme Overlord\n|-start|p1a: Kingambit|fallen3|[silent]\n|move|p2a: Slowking|Scald|p1a: Kingambit\n|-damage|p1a: Kingambit|66\/100\n|\n|-heal|p1a: Kingambit|72\/100|[from] item: Leftovers\n|upkeep\n|turn|70\n|inactive|edzigoto has 30 seconds left this turn.\n|\n|t:|1700499005\n|-end|p1a: Kingambit|fallen3|[silent]\n|switch|p1a: Gholdengo|Gholdengo|8\/100\n|switch|p2a: Moltres|Moltres|71\/100\n|\n|upkeep\n|turn|71\n|inactive|edzigoto has 30 seconds left.\n|\n|t:|1700499011\n|switch|p2a: Clodsire|Clodsire, F|78\/100\n|move|p1a: Gholdengo|Make It Rain|p2a: Clodsire\n|-damage|p2a: Clodsire|41\/100\n|-unboost|p1a: Gholdengo|spa|1\n|\n|upkeep\n|turn|72\n|\n|t:|1700499019\n|move|p1a: Gholdengo|Make It Rain|p2a: Clodsire\n|-damage|p2a: Clodsire|7\/100\n|-unboost|p1a: Gholdengo|spa|1\n|move|p2a: Clodsire|Recover|p2a: Clodsire\n|-heal|p2a: Clodsire|57\/100\n|\n|upkeep\n|turn|73\n|\n|t:|1700499029\n|switch|p1a: Great Tusk|Great Tusk|100\/100\n|-damage|p1a: Great Tusk|98\/100|[from] Stealth Rock\n|-enditem|p1a: Great Tusk|Booster Energy\n|-activate|p1a: Great Tusk|ability: Protosynthesis|[fromitem]\n|-start|p1a: Great Tusk|protosynthesisspe\n|move|p2a: Clodsire|Recover|p2a: Clodsire\n|-heal|p2a: Clodsire|100\/100\n|\n|upkeep\n|turn|74\n|\n|t:|1700499043\n|switch|p2a: Clefable|Clefable, F|64\/100\n|move|p1a: Great Tusk|Bulk Up|p1a: Great Tusk\n|-boost|p1a: Great Tusk|atk|1\n|-boost|p1a: Great Tusk|def|1\n|\n|-heal|p2a: Clefable|70\/100|[from] item: Leftovers\n|upkeep\n|turn|75\n|\n|t:|1700499054\n|move|p1a: Great Tusk|Headlong Rush|p2a: Clefable\n|-damage|p2a: Clefable|13\/100\n|-unboost|p1a: Great Tusk|def|1\n|-unboost|p1a: Great Tusk|spd|1\n|move|p2a: Clefable|Moonblast|p1a: Great Tusk\n|-supereffective|p1a: Great Tusk\n|-damage|p1a: Great Tusk|0 fnt\n|faint|p1a: Great Tusk\n|-end|p1a: Great Tusk|Protosynthesis|[silent]\n|\n|-heal|p2a: Clefable|20\/100|[from] item: Leftovers\n|upkeep\n|\n|t:|1700499058\n|switch|p1a: Gholdengo|Gholdengo|8\/100\n|turn|76\n|\n|t:|1700499066\n|switch|p1a: Kingambit|Kingambit, F|72\/100\n|-damage|p1a: Kingambit|66\/100|[from] Stealth Rock\n|-activate|p1a: Kingambit|ability: Supreme Overlord\n|-start|p1a: Kingambit|fallen4|[silent]\n|move|p2a: Clefable|Knock Off|p1a: Kingambit\n|-resisted|p1a: Kingambit\n|-damage|p1a: Kingambit|61\/100\n|-enditem|p1a: Kingambit|Leftovers|[from] move: Knock Off|[of] p2a: Clefable\n|\n|-heal|p2a: Clefable|26\/100|[from] item: Leftovers\n|upkeep\n|turn|77\n|\n|t:|1700499087\n|switch|p2a: Moltres|Moltres|71\/100\n|move|p1a: Kingambit|Swords Dance|p1a: Kingambit\n|-boost|p1a: Kingambit|atk|2\n|\n|upkeep\n|turn|78\n|\n|t:|1700499099\n|move|p2a: Moltres|Will-O-Wisp|p1a: Kingambit\n|-status|p1a: Kingambit|brn\n|move|p1a: Kingambit|Kowtow Cleave|p2a: Moltres\n|-damage|p2a: Moltres|21\/100\n|\n|-damage|p1a: Kingambit|55\/100 brn|[from] brn\n|upkeep\n|turn|79\n|c|\u2606edzigoto|gg\n|\n|t:|1700499111\n|move|p2a: Moltres|Roost|p2a: Moltres\n|-heal|p2a: Moltres|71\/100\n|-singleturn|p2a: Moltres|move: Roost\n|move|p1a: Kingambit|Kowtow Cleave|p2a: Moltres\n|-damage|p2a: Moltres|20\/100\n|\n|-damage|p1a: Kingambit|49\/100 brn|[from] brn\n|upkeep\n|turn|80\n|\n|t:|1700499119\n|switch|p2a: Dondozo|Dondozo, M|100\/100\n|move|p1a: Kingambit|Sucker Punch||[still]\n|-fail|p1a: Kingambit\n|\n|-damage|p1a: Kingambit|43\/100 brn|[from] brn\n|upkeep\n|turn|81\n|c|\u2606El Stefano|Gg\n|c|\u2606El Stefano|Wp\n|\n|t:|1700499134\n|-terastallize|p1a: Kingambit|Fairy\n|move|p1a: Kingambit|Kowtow Cleave|p2a: Dondozo\n|-damage|p2a: Dondozo|86\/100\n|move|p2a: Dondozo|Waterfall|p1a: Kingambit\n|-damage|p1a: Kingambit|21\/100 brn\n|\n|-damage|p1a: Kingambit|15\/100 brn|[from] brn\n|upkeep\n|turn|82\n|\n|t:|1700499140\n|move|p1a: Kingambit|Iron Head|p2a: Dondozo\n|-resisted|p2a: Dondozo\n|-damage|p2a: Dondozo|78\/100\n|move|p2a: Dondozo|Waterfall|p1a: Kingambit\n|-damage|p1a: Kingambit|0 fnt\n|faint|p1a: Kingambit\n|-end|p1a: Kingambit|fallen4|[silent]\n|\n|upkeep\n|\n|t:|1700499146\n|switch|p1a: Gholdengo|Gholdengo|8\/100\n|turn|83\n|\n|t:|1700499151\n|switch|p2a: Slowking|Slowking, F, shiny|100\/100\n|-damage|p2a: Slowking|88\/100|[from] Spikes\n|-damage|p2a: Slowking|76\/100|[from] Stealth Rock\n|move|p1a: Gholdengo|Shadow Ball|p2a: Slowking\n|-supereffective|p2a: Slowking\n|-damage|p2a: Slowking|28\/100\n|\n|upkeep\n|turn|84\n|\n|t:|1700499160\n|switch|p2a: Chesnaught|Chesnaught, M|60\/100\n|move|p1a: Gholdengo|Shadow Ball|p2a: Chesnaught\n|-immune|p2a: Chesnaught|[from] ability: Bulletproof\n|\n|upkeep\n|turn|85\n|j| Kingston9629\n|\n|t:|1700499170\n|switch|p2a: Clodsire|Clodsire, F|100\/100\n|move|p1a: Gholdengo|Make It Rain|p2a: Clodsire\n|-damage|p2a: Clodsire|67\/100\n|-unboost|p1a: Gholdengo|spa|1\n|\n|upkeep\n|turn|86\n|c| Kizukato|GG\n|j| 0Phux\n|\n|t:|1700499177\n|move|p1a: Gholdengo|Trick|p2a: Clodsire\n|-activate|p1a: Gholdengo|move: Trick|[of] p2a: Clodsire\n|-item|p2a: Clodsire|Heavy-Duty Boots|[from] move: Trick\n|-item|p1a: Gholdengo|Heavy-Duty Boots|[from] move: Trick\n|move|p2a: Clodsire|Earthquake|p1a: Gholdengo\n|-supereffective|p1a: Gholdengo\n|-damage|p1a: Gholdengo|0 fnt\n|faint|p1a: Gholdengo\n|\n|win|El Stefano\n|raw|edzigoto's rating: 1813 &rarr; <strong>1796<\/strong><br \/>(-17 for losing)\n|raw|El Stefano's rating: 1860 &rarr; <strong>1877<\/strong><br \/>(+17 for winning)\n|l| debilos\n","uploadtime":1700499191,"views":16,"p1id":"edzigoto","p2id":"elstefano","formatid":"gen9ou","rating":1796,"private":0,"password":""}