{"id":"gen9ou-1992934958","p1":"AkeIsGoldRequiem","p2":"poulpws","format":"[Gen 9] OU","log":"|j|\u2606AkeIsGoldRequiem\n|j|\u2606poulpws\n|t:|1700248212\n|gametype|singles\n|player|p1|AkeIsGoldRequiem|koga|1137\n|player|p2|poulpws|janitor|1097\n|teamsize|p1|6\n|teamsize|p2|6\n|gen|9\n|tier|[Gen 9] OU\n|rated|\n|rule|Sleep Clause Mod: Limit one foe put to sleep\n|rule|Species Clause: Limit one of each Pok\u00e9mon\n|rule|OHKO Clause: OHKO moves are banned\n|rule|Evasion Items Clause: Evasion items are banned\n|rule|Evasion Moves Clause: Evasion moves are banned\n|rule|Endless Battle Clause: Forcing endless battles is banned\n|rule|HP Percentage Mod: HP is shown in percentages\n|clearpoke\n|poke|p1|Ninetales-Alola, F|\n|poke|p1|Corviknight, M|\n|poke|p1|Sneasler, F|\n|poke|p1|Ogerpon-Wellspring, F|\n|poke|p1|Rillaboom, F|\n|poke|p1|Dragapult, M|\n|poke|p2|Dragonite, F|\n|poke|p2|Goodra-Hisui, M|\n|poke|p2|Weezing-Galar, M|\n|poke|p2|Decidueye-Hisui, M|\n|poke|p2|Skeledirge, F|\n|poke|p2|Crawdaunt, M|\n|teampreview\n|\n|t:|1700248246\n|start\n|switch|p1a: Ninetales|Ninetales-Alola, F|100\/100\n|switch|p2a: Goodra|Goodra-Hisui, M, shiny|100\/100\n|-weather|Snow|[from] ability: Snow Warning|[of] p1a: Ninetales\n|turn|1\n|\n|t:|1700248260\n|switch|p1a: Corviknight|Corviknight, M, shiny|100\/100\n|move|p2a: Goodra|Flash Cannon|p1a: Corviknight\n|-resisted|p1a: Corviknight\n|-damage|p1a: Corviknight|82\/100\n|\n|-weather|Snow|[upkeep]\n|upkeep\n|turn|2\n|\n|t:|1700248269\n|move|p1a: Corviknight|Body Press|p2a: Goodra\n|-supereffective|p2a: Goodra\n|-damage|p2a: Goodra|47\/100\n|move|p2a: Goodra|Thunderbolt|p1a: Corviknight\n|-supereffective|p1a: Corviknight\n|-damage|p1a: Corviknight|23\/100\n|\n|-weather|Snow|[upkeep]\n|upkeep\n|turn|3\n|\n|t:|1700248280\n|switch|p2a: Decidueye|Decidueye-Hisui, M, shiny|100\/100\n|move|p1a: Corviknight|Body Press|p2a: Decidueye\n|-damage|p2a: Decidueye|66\/100\n|\n|-weather|Snow|[upkeep]\n|upkeep\n|turn|4\n|\n|t:|1700248300\n|switch|p1a: Ninetales|Ninetales-Alola, F|100\/100\n|move|p2a: Decidueye|Triple Arrows|p1a: Ninetales\n|-damage|p1a: Ninetales|51\/100\n|-damage|p2a: Decidueye|56\/100|[from] item: Life Orb\n|\n|-weather|Snow|[upkeep]\n|upkeep\n|turn|5\n|\n|t:|1700248310\n|move|p1a: Ninetales|Aurora Veil|p1a: Ninetales\n|-sidestart|p1: AkeIsGoldRequiem|move: Aurora Veil\n|move|p2a: Decidueye|Triple Arrows|p1a: Ninetales\n|-damage|p1a: Ninetales|26\/100\n|-damage|p2a: Decidueye|47\/100|[from] item: Life Orb\n|\n|-weather|none\n|upkeep\n|turn|6\n|\n|t:|1700248319\n|switch|p2a: Weezing|Weezing-Galar, M, shiny|100\/100\n|move|p1a: Ninetales|Moonblast|p2a: Weezing\n|-resisted|p2a: Weezing\n|-crit|p2a: Weezing\n|-damage|p2a: Weezing|74\/100\n|\n|-heal|p2a: Weezing|80\/100|[from] item: Leftovers\n|upkeep\n|turn|7\n|\n|t:|1700248343\n|switch|p1a: Sneasler|Sneasler, F|100\/100\n|move|p2a: Weezing|Defog|p1a: Sneasler\n|-unboost|p1a: Sneasler|evasion|1\n|-sideend|p1: AkeIsGoldRequiem|move: Aurora Veil\n|\n|-heal|p2a: Weezing|86\/100|[from] item: Leftovers\n|upkeep\n|turn|8\n|\n|t:|1700248354\n|move|p1a: Sneasler|Dire Claw|p2a: Weezing\n|-damage|p2a: Weezing|57\/100\n|move|p2a: Weezing|Will-O-Wisp|p1a: Sneasler\n|-status|p1a: Sneasler|brn\n|\n|-heal|p2a: Weezing|63\/100|[from] item: Leftovers\n|-damage|p1a: Sneasler|95\/100 brn|[from] brn\n|upkeep\n|turn|9\n|\n|t:|1700248369\n|switch|p1a: Ninetales|Ninetales-Alola, F|26\/100\n|-weather|Snow|[from] ability: Snow Warning|[of] p1a: Ninetales\n|move|p2a: Weezing|Strange Steam|p1a: Ninetales\n|-damage|p1a: Ninetales|0 fnt\n|faint|p1a: Ninetales\n|\n|-weather|Snow|[upkeep]\n|-heal|p2a: Weezing|69\/100|[from] item: Leftovers\n|upkeep\n|\n|t:|1700248380\n|switch|p1a: Ogerpon|Ogerpon-Wellspring, F|100\/100\n|turn|10\n|\n|t:|1700248384\n|move|p1a: Ogerpon|Taunt|p2a: Weezing\n|-start|p2a: Weezing|move: Taunt\n|cant|p2a: Weezing|move: Taunt|Will-O-Wisp\n|\n|-weather|Snow|[upkeep]\n|-heal|p2a: Weezing|75\/100|[from] item: Leftovers\n|upkeep\n|turn|11\n|\n|t:|1700248392\n|move|p1a: Ogerpon|Ivy Cudgel|p2a: Weezing|[anim] Ivy Cudgel Water\n|-crit|p2a: Weezing\n|-damage|p2a: Weezing|17\/100\n|move|p2a: Weezing|Sludge Bomb|p1a: Ogerpon\n|-supereffective|p1a: Ogerpon\n|-damage|p1a: Ogerpon|42\/100\n|\n|-weather|Snow|[upkeep]\n|-heal|p2a: Weezing|23\/100|[from] item: Leftovers\n|upkeep\n|turn|12\n|\n|t:|1700248402\n|move|p1a: Ogerpon|Ivy Cudgel|p2a: Weezing|[anim] Ivy Cudgel Water\n|-damage|p2a: Weezing|0 fnt\n|faint|p2a: Weezing\n|\n|-weather|Snow|[upkeep]\n|upkeep\n|\n|t:|1700248414\n|switch|p2a: Dragonite|Dragonite, F, shiny|100\/100\n|turn|13\n|\n|t:|1700248423\n|switch|p1a: Dragapult|Dragapult, M|100\/100\n|move|p2a: Dragonite|Extreme Speed|p1a: Dragapult\n|-immune|p1a: Dragapult\n|\n|-weather|none\n|upkeep\n|turn|14\n|\n|t:|1700248432\n|switch|p2a: Goodra|Goodra-Hisui, M, shiny|47\/100\n|move|p1a: Dragapult|Will-O-Wisp|p2a: Goodra\n|-status|p2a: Goodra|brn\n|\n|-damage|p2a: Goodra|40\/100 brn|[from] brn\n|upkeep\n|turn|15\n|\n|t:|1700248445\n|switch|p1a: Corviknight|Corviknight, M, shiny|23\/100\n|move|p2a: Goodra|Draco Meteor|p1a: Corviknight\n|-resisted|p1a: Corviknight\n|-damage|p1a: Corviknight|0 fnt\n|-unboost|p2a: Goodra|spa|2\n|faint|p1a: Corviknight\n|\n|-damage|p2a: Goodra|34\/100 brn|[from] brn\n|upkeep\n|\n|t:|1700248453\n|switch|p1a: Rillaboom|Rillaboom, F|100\/100\n|-fieldstart|move: Grassy Terrain|[from] ability: Grassy Surge|[of] p1a: Rillaboom\n|turn|16\n|\n|t:|1700248461\n|move|p1a: Rillaboom|Knock Off|p2a: Goodra\n|-damage|p2a: Goodra|0 fnt\n|-enditem|p2a: Goodra|Assault Vest|[from] move: Knock Off|[of] p1a: Rillaboom\n|faint|p2a: Goodra\n|\n|upkeep\n|\n|t:|1700248475\n|switch|p2a: Decidueye|Decidueye-Hisui, M, shiny|47\/100\n|turn|17\n|\n|t:|1700248479\n|move|p1a: Rillaboom|Drum Beating|p2a: Decidueye\n|-resisted|p2a: Decidueye\n|-damage|p2a: Decidueye|12\/100\n|-unboost|p2a: Decidueye|spe|1\n|move|p2a: Decidueye|Brave Bird|p1a: Rillaboom\n|-supereffective|p1a: Rillaboom\n|-crit|p1a: Rillaboom\n|-damage|p1a: Rillaboom|0 fnt\n|faint|p1a: Rillaboom\n|-damage|p2a: Decidueye|0 fnt|[from] Recoil\n|faint|p2a: Decidueye\n|\n|upkeep\n|\n|t:|1700248495\n|switch|p1a: Sneasler|Sneasler, F|95\/100 brn\n|switch|p2a: Dragonite|Dragonite, F, shiny|100\/100\n|-enditem|p1a: Sneasler|Grassy Seed\n|-boost|p1a: Sneasler|def|1|[from] item: Grassy Seed\n|turn|18\n|\n|t:|1700248506\n|move|p1a: Sneasler|Dire Claw|p2a: Dragonite\n|-damage|p2a: Dragonite|87\/100\n|move|p2a: Dragonite|Dragon Dance|p2a: Dragonite\n|-boost|p2a: Dragonite|atk|1\n|-boost|p2a: Dragonite|spe|1\n|\n|-heal|p1a: Sneasler|100\/100 brn|[from] Grassy Terrain\n|-damage|p1a: Sneasler|95\/100 brn|[from] brn\n|upkeep\n|turn|19\n|\n|t:|1700248517\n|move|p1a: Sneasler|Dire Claw|p2a: Dragonite\n|-damage|p2a: Dragonite|63\/100\n|-status|p2a: Dragonite|slp\n|cant|p2a: Dragonite|slp\n|\n|-heal|p1a: Sneasler|100\/100 brn|[from] Grassy Terrain\n|-damage|p1a: Sneasler|95\/100 brn|[from] brn\n|upkeep\n|turn|20\n|\n|t:|1700248528\n|move|p1a: Sneasler|Swords Dance|p1a: Sneasler\n|-boost|p1a: Sneasler|atk|2\n|cant|p2a: Dragonite|slp\n|\n|-heal|p1a: Sneasler|100\/100 brn|[from] Grassy Terrain\n|-damage|p1a: Sneasler|95\/100 brn|[from] brn\n|upkeep\n|turn|21\n|\n|t:|1700248537\n|move|p1a: Sneasler|Dire Claw|p2a: Dragonite\n|-damage|p2a: Dragonite|12\/100 slp\n|cant|p2a: Dragonite|slp\n|\n|-heal|p1a: Sneasler|100\/100 brn|[from] Grassy Terrain\n|-damage|p1a: Sneasler|95\/100 brn|[from] brn\n|upkeep\n|turn|22\n|\n|t:|1700248548\n|-curestatus|p2a: Dragonite|slp|[msg]\n|move|p2a: Dragonite|Extreme Speed|p1a: Sneasler\n|-crit|p1a: Sneasler\n|-damage|p1a: Sneasler|0 fnt\n|faint|p1a: Sneasler\n|\n|upkeep\n|\n|t:|1700248559\n|switch|p1a: Dragapult|Dragapult, M|100\/100\n|turn|23\n|\n|t:|1700248570\n|switch|p2a: Crawdaunt|Crawdaunt, M, shiny|100\/100\n|move|p1a: Dragapult|Draco Meteor|p2a: Crawdaunt\n|-damage|p2a: Crawdaunt|39\/100\n|-unboost|p1a: Dragapult|spa|2\n|\n|-heal|p2a: Crawdaunt|45\/100|[from] Grassy Terrain\n|-fieldend|move: Grassy Terrain\n|upkeep\n|turn|24\n|\n|t:|1700248586\n|-terastallize|p1a: Dragapult|Steel\n|move|p1a: Dragapult|Reflect|p1a: Dragapult\n|-sidestart|p1: AkeIsGoldRequiem|Reflect\n|move|p2a: Crawdaunt|Knock Off|p1a: Dragapult\n|-crit|p1a: Dragapult\n|-damage|p1a: Dragapult|0 fnt\n|-enditem|p1a: Dragapult|Light Clay|[from] move: Knock Off|[of] p2a: Crawdaunt\n|faint|p1a: Dragapult\n|\n|upkeep\n|\n|t:|1700248590\n|switch|p1a: Ogerpon|Ogerpon-Wellspring, F|42\/100\n|turn|25\n|\n|t:|1700248601\n|move|p1a: Ogerpon|Horn Leech|p2a: Crawdaunt\n|-supereffective|p2a: Crawdaunt\n|-damage|p2a: Crawdaunt|0 fnt\n|-heal|p1a: Ogerpon|62\/100|[from] drain|[of] p2a: Crawdaunt\n|faint|p2a: Crawdaunt\n|\n|upkeep\n|\n|t:|1700248608\n|switch|p2a: Skeledirge|Skeledirge, F, shiny|100\/100\n|turn|26\n|\n|t:|1700248614\n|-terastallize|p2a: Skeledirge|Grass\n|move|p1a: Ogerpon|Ivy Cudgel|p2a: Skeledirge|[anim] Ivy Cudgel Water\n|-resisted|p2a: Skeledirge\n|-damage|p2a: Skeledirge|80\/100\n|move|p2a: Skeledirge|Shadow Ball|p1a: Ogerpon\n|-damage|p1a: Ogerpon|19\/100\n|\n|-heal|p2a: Skeledirge|86\/100|[from] item: Leftovers\n|upkeep\n|turn|27\n|\n|t:|1700248626\n|move|p1a: Ogerpon|U-turn|p2a: Skeledirge\n|-supereffective|p2a: Skeledirge\n|-damage|p2a: Skeledirge|51\/100\n|move|p2a: Skeledirge|Shadow Ball|p1a: Ogerpon\n|-damage|p1a: Ogerpon|0 fnt\n|faint|p1a: Ogerpon\n|\n|win|poulpws\n|raw|AkeIsGoldRequiem's rating: 1137 &rarr; <strong>1109<\/strong><br \/>(-28 for losing)\n|raw|poulpws's rating: 1097 &rarr; <strong>1125<\/strong><br \/>(+28 for winning)\n|l|\u2606AkeIsGoldRequiem\n","uploadtime":1700248677,"views":19,"p1id":"akeisgoldrequiem","p2id":"poulpws","formatid":"gen9ou","rating":1109,"private":0,"password":""}