{"id":"gen9ou-1992342943","p1":"paranazao","p2":"Poison Ivy Thorns","format":"[Gen 9] OU","log":"|j|\u2606paranazao\n|j|\u2606Poison Ivy Thorns\n|t:|1700176720\n|gametype|singles\n|player|p1|paranazao|hoopster|1272\n|player|p2|Poison Ivy Thorns|barry|1222\n|teamsize|p1|6\n|teamsize|p2|6\n|gen|9\n|tier|[Gen 9] OU\n|rated|\n|rule|Sleep Clause Mod: Limit one foe put to sleep\n|rule|Species Clause: Limit one of each Pok\u00e9mon\n|rule|OHKO Clause: OHKO moves are banned\n|rule|Evasion Items Clause: Evasion items are banned\n|rule|Evasion Moves Clause: Evasion moves are banned\n|rule|Endless Battle Clause: Forcing endless battles is banned\n|rule|HP Percentage Mod: HP is shown in percentages\n|clearpoke\n|poke|p1|Rillaboom, M|\n|poke|p1|Ribombee, F|\n|poke|p1|Gholdengo|\n|poke|p1|Samurott-Hisui, M|\n|poke|p1|Ursaluna, M|\n|poke|p1|Iron Moth|\n|poke|p2|Lucario, F|\n|poke|p2|Ninetales-Alola, F|\n|poke|p2|Great Tusk|\n|poke|p2|Greninja-*, M|\n|poke|p2|Dragapult, M|\n|poke|p2|Hatterene, F|\n|teampreview\n|\n|t:|1700176738\n|start\n|switch|p1a: Samurott|Samurott-Hisui, M|100\/100\n|switch|p2a: Hatterene|Hatterene, F|100\/100\n|turn|1\n|\n|t:|1700176744\n|move|p1a: Samurott|Ceaseless Edge|p2a: Hatterene\n|-damage|p2a: Hatterene|32\/100\n|-sidestart|p2: Poison Ivy Thorns|Spikes\n|move|p2a: Hatterene|Draining Kiss|p1a: Samurott\n|-supereffective|p1a: Samurott\n|-damage|p1a: Samurott|16\/100\n|-heal|p2a: Hatterene|96\/100|[from] drain|[of] p1a: Samurott\n|\n|-heal|p2a: Hatterene|100\/100|[from] item: Leftovers\n|upkeep\n|turn|2\n|\n|t:|1700176757\n|switch|p2a: Great Tusk|Great Tusk|100\/100\n|-damage|p2a: Great Tusk|88\/100|[from] Spikes\n|move|p1a: Samurott|Ceaseless Edge|p2a: Great Tusk\n|-resisted|p2a: Great Tusk\n|-damage|p2a: Great Tusk|65\/100\n|-sidestart|p2: Poison Ivy Thorns|Spikes\n|\n|-heal|p2a: Great Tusk|72\/100|[from] item: Leftovers\n|upkeep\n|turn|3\n|\n|t:|1700176768\n|switch|p1a: Gholdengo|Gholdengo|100\/100\n|-item|p1a: Gholdengo|Air Balloon\n|move|p2a: Great Tusk|Earthquake|p1a: Gholdengo\n|-immune|p1a: Gholdengo\n|\n|-heal|p2a: Great Tusk|78\/100|[from] item: Leftovers\n|upkeep\n|turn|4\n|c|\u2606Poison Ivy Thorns|misclick\n|c|\u2606Poison Ivy Thorns|meant to ice spin\n|\n|t:|1700176778\n|move|p2a: Great Tusk|Ice Spinner|p1a: Gholdengo\n|-resisted|p1a: Gholdengo\n|-damage|p1a: Gholdengo|84\/100\n|-enditem|p1a: Gholdengo|Air Balloon\n|move|p1a: Gholdengo|Make It Rain|p2a: Great Tusk\n|-damage|p2a: Great Tusk|0 fnt\n|-unboost|p1a: Gholdengo|spa|1\n|faint|p2a: Great Tusk\n|-end|p2a: Great Tusk|Protosynthesis|[silent]\n|\n|upkeep\n|\n|t:|1700176783\n|switch|p2a: Greninja|Greninja, M|100\/100\n|-damage|p2a: Greninja|84\/100|[from] Spikes\n|turn|5\n|\n|t:|1700176793\n|switch|p1a: Samurott|Samurott-Hisui, M|16\/100\n|move|p2a: Greninja|Dark Pulse|p1a: Samurott\n|-resisted|p1a: Samurott\n|-damage|p1a: Samurott|0 fnt\n|faint|p1a: Samurott\n|-ability|p2a: Greninja|Battle Bond|boost\n|-boost|p2a: Greninja|atk|1\n|-boost|p2a: Greninja|spa|1\n|-boost|p2a: Greninja|spe|1\n|-activate|p2a: Greninja|ability: Battle Bond\n|-damage|p2a: Greninja|74\/100|[from] item: Life Orb\n|\n|upkeep\n|\n|t:|1700176802\n|switch|p1a: Rillaboom|Rillaboom, M|100\/100\n|-fieldstart|move: Grassy Terrain|[from] ability: Grassy Surge|[of] p1a: Rillaboom\n|turn|6\n|\n|t:|1700176821\n|-terastallize|p1a: Rillaboom|Grass\n|move|p2a: Greninja|Water Shuriken|p1a: Rillaboom\n|-resisted|p1a: Rillaboom\n|-damage|p1a: Rillaboom|92\/100\n|-resisted|p1a: Rillaboom\n|-damage|p1a: Rillaboom|83\/100\n|-resisted|p1a: Rillaboom\n|-damage|p1a: Rillaboom|73\/100\n|-resisted|p1a: Rillaboom\n|-damage|p1a: Rillaboom|65\/100\n|-resisted|p1a: Rillaboom\n|-damage|p1a: Rillaboom|56\/100\n|-hitcount|p1a: Rillaboom|5\n|-damage|p2a: Greninja|64\/100|[from] item: Life Orb\n|move|p1a: Rillaboom|Grassy Glide|p2a: Greninja\n|-supereffective|p2a: Greninja\n|-damage|p2a: Greninja|0 fnt\n|faint|p2a: Greninja\n|\n|-heal|p1a: Rillaboom|62\/100|[from] Grassy Terrain\n|upkeep\n|\n|t:|1700176830\n|switch|p2a: Dragapult|Dragapult, M|100\/100\n|-damage|p2a: Dragapult|84\/100|[from] Spikes\n|turn|7\n|inactive|Battle timer is ON: inactive players will automatically lose when time's up. (requested by Poison Ivy Thorns)\n|\n|t:|1700176845\n|move|p1a: Rillaboom|Grassy Glide|p2a: Dragapult\n|-resisted|p2a: Dragapult\n|-damage|p2a: Dragapult|28\/100\n|move|p2a: Dragapult|Fire Blast|p1a: Rillaboom\n|-supereffective|p1a: Rillaboom\n|-damage|p1a: Rillaboom|0 fnt\n|faint|p1a: Rillaboom\n|\n|-heal|p2a: Dragapult|34\/100|[from] Grassy Terrain\n|upkeep\n|\n|t:|1700176852\n|switch|p1a: Ribombee|Ribombee, F|100\/100\n|turn|8\n|\n|t:|1700176861\n|move|p2a: Dragapult|Shadow Ball|p1a: Ribombee\n|-damage|p1a: Ribombee|38\/100\n|move|p1a: Ribombee|Moonblast|p2a: Dragapult\n|-supereffective|p2a: Dragapult\n|-damage|p2a: Dragapult|0 fnt\n|faint|p2a: Dragapult\n|\n|-heal|p1a: Ribombee|44\/100|[from] Grassy Terrain\n|upkeep\n|\n|t:|1700176865\n|switch|p2a: Lucario|Lucario, F|100\/100\n|-damage|p2a: Lucario|84\/100|[from] Spikes\n|turn|9\n|\n|t:|1700176881\n|move|p1a: Ribombee|Stun Spore|p2a: Lucario|[miss]\n|-miss|p1a: Ribombee|p2a: Lucario\n|move|p2a: Lucario|Swords Dance|p2a: Lucario\n|-boost|p2a: Lucario|atk|2\n|\n|-heal|p1a: Ribombee|50\/100|[from] Grassy Terrain\n|-heal|p2a: Lucario|90\/100|[from] Grassy Terrain\n|upkeep\n|turn|10\n|\n|t:|1700176886\n|move|p2a: Lucario|Extreme Speed|p1a: Ribombee\n|-damage|p1a: Ribombee|0 fnt\n|faint|p1a: Ribombee\n|-damage|p2a: Lucario|80\/100|[from] item: Life Orb\n|\n|-heal|p2a: Lucario|86\/100|[from] Grassy Terrain\n|-fieldend|move: Grassy Terrain\n|upkeep\n|\n|t:|1700176897\n|switch|p1a: Gholdengo|Gholdengo|84\/100\n|turn|11\n|\n|t:|1700176910\n|move|p2a: Lucario|Earthquake|p1a: Gholdengo\n|-supereffective|p1a: Gholdengo\n|-damage|p1a: Gholdengo|0 fnt\n|faint|p1a: Gholdengo\n|-damage|p2a: Lucario|76\/100|[from] item: Life Orb\n|\n|upkeep\n|\n|t:|1700176916\n|switch|p1a: Ursaluna|Ursaluna, M|100\/100\n|turn|12\n|\n|t:|1700176924\n|move|p2a: Lucario|Close Combat|p1a: Ursaluna\n|-supereffective|p1a: Ursaluna\n|-damage|p1a: Ursaluna|0 fnt\n|-unboost|p2a: Lucario|def|1\n|-unboost|p2a: Lucario|spd|1\n|faint|p1a: Ursaluna\n|-damage|p2a: Lucario|66\/100|[from] item: Life Orb\n|\n|upkeep\n|\n|t:|1700176929\n|switch|p1a: Iron Moth|Iron Moth|100\/100\n|-enditem|p1a: Iron Moth|Booster Energy\n|-activate|p1a: Iron Moth|ability: Quark Drive|[fromitem]\n|-start|p1a: Iron Moth|quarkdrivespe\n|turn|13\n|\n|t:|1700176933\n|-terastallize|p2a: Lucario|Normal\n|move|p2a: Lucario|Extreme Speed|p1a: Iron Moth\n|-damage|p1a: Iron Moth|0 fnt\n|faint|p1a: Iron Moth\n|-end|p1a: Iron Moth|Quark Drive|[silent]\n|-damage|p2a: Lucario|56\/100|[from] item: Life Orb\n|\n|win|Poison Ivy Thorns\n|raw|paranazao's rating: 1272 &rarr; <strong>1243<\/strong><br \/>(-29 for losing)\n|raw|Poison Ivy Thorns's rating: 1222 &rarr; <strong>1251<\/strong><br \/>(+29 for winning)\n|c|\u2606Poison Ivy Thorns|gg\n","uploadtime":1700176942,"views":8,"p1id":"paranazao","p2id":"poisonivythorns","formatid":"gen9ou","rating":1243,"private":0,"password":""}