{"id":"gen9ou-2000150917","p1":"rubbrubb","p2":"j4y_sensei","format":"[Gen 9] OU","log":"|j|\u2606rubbrubb\n|j|\u2606j4y_sensei\n|t:|1701163649\n|gametype|singles\n|player|p1|rubbrubb|101|1144\n|player|p2|j4y_sensei|101|1093\n|teamsize|p1|6\n|teamsize|p2|6\n|gen|9\n|tier|[Gen 9] OU\n|rated|\n|rule|Sleep Clause Mod: Limit one foe put to sleep\n|rule|Species Clause: Limit one of each Pok\u00e9mon\n|rule|OHKO Clause: OHKO moves are banned\n|rule|Evasion Items Clause: Evasion items are banned\n|rule|Evasion Moves Clause: Evasion moves are banned\n|rule|Endless Battle Clause: Forcing endless battles is banned\n|rule|HP Percentage Mod: HP is shown in percentages\n|clearpoke\n|poke|p1|Gardevoir, M|\n|poke|p1|Sinistcha-Masterpiece|\n|poke|p1|Umbreon, M|\n|poke|p1|Tinkaton, F|\n|poke|p1|Weezing, F|\n|poke|p1|Milotic, M|\n|poke|p2|Clefable, M|\n|poke|p2|Corviknight, F|\n|poke|p2|Iron Hands|\n|poke|p2|Landorus-Therian, M|\n|poke|p2|Iron Valiant|\n|poke|p2|Cinderace, F|\n|teampreview\n|\n|t:|1701163658\n|start\n|switch|p1a: Tinkaton|Tinkaton, F|100\/100\n|switch|p2a: Clefable|Clefable, M|100\/100\n|-ability|p1a: Tinkaton|Mold Breaker\n|turn|1\n|\n|t:|1701163666\n|move|p1a: Tinkaton|Stealth Rock|p2a: Clefable\n|-sidestart|p2: j4y_sensei|move: Stealth Rock\n|move|p2a: Clefable|Stealth Rock|p1a: Tinkaton\n|-sidestart|p1: rubbrubb|move: Stealth Rock\n|\n|upkeep\n|turn|2\n|\n|t:|1701163673\n|move|p1a: Tinkaton|Gigaton Hammer|p2a: Clefable\n|-supereffective|p2a: Clefable\n|-damage|p2a: Clefable|33\/100\n|move|p2a: Clefable|Wish|p2a: Clefable\n|\n|-heal|p2a: Clefable|39\/100|[from] item: Leftovers\n|upkeep\n|turn|3\n|\n|t:|1701163683\n|move|p2a: Clefable|Protect|p2a: Clefable\n|-singleturn|p2a: Clefable|Protect\n|move|p1a: Tinkaton|Knock Off|p2a: Clefable\n|-activate|p2a: Clefable|move: Protect\n|\n|-heal|p2a: Clefable|89\/100|[from] move: Wish|[wisher] Clefable\n|-heal|p2a: Clefable|95\/100|[from] item: Leftovers\n|upkeep\n|turn|4\n|\n|t:|1701163695\n|switch|p2a: Iron Hands|Iron Hands|100\/100\n|-damage|p2a: Iron Hands|94\/100|[from] Stealth Rock\n|move|p1a: Tinkaton|Knock Off|p2a: Iron Hands\n|-resisted|p2a: Iron Hands\n|-damage|p2a: Iron Hands|88\/100\n|-enditem|p2a: Iron Hands|Assault Vest|[from] move: Knock Off|[of] p1a: Tinkaton\n|\n|upkeep\n|turn|5\n|\n|t:|1701163711\n|switch|p1a: Umbreon|Umbreon, M|100\/100\n|move|p2a: Iron Hands|Earthquake|p1a: Umbreon\n|-damage|p1a: Umbreon|69\/100\n|\n|upkeep\n|turn|6\n|\n|t:|1701163719\n|move|p1a: Umbreon|Wish|p1a: Umbreon\n|move|p2a: Iron Hands|Drain Punch|p1a: Umbreon\n|-supereffective|p1a: Umbreon\n|-damage|p1a: Umbreon|2\/100\n|-heal|p2a: Iron Hands|100\/100|[from] drain|[of] p1a: Umbreon\n|\n|upkeep\n|turn|7\n|\n|t:|1701163729\n|-end|p2a: Iron Hands|Quark Drive|[silent]\n|switch|p2a: Iron Valiant|Iron Valiant|100\/100\n|-damage|p2a: Iron Valiant|94\/100|[from] Stealth Rock\n|-enditem|p2a: Iron Valiant|Booster Energy\n|-activate|p2a: Iron Valiant|ability: Quark Drive|[fromitem]\n|-start|p2a: Iron Valiant|quarkdrivespe\n|move|p1a: Umbreon|Protect||[still]\n|-fail|p1a: Umbreon\n|\n|-heal|p1a: Umbreon|52\/100|[from] move: Wish|[wisher] Umbreon\n|upkeep\n|turn|8\n|\n|t:|1701163737\n|move|p2a: Iron Valiant|Swords Dance|p2a: Iron Valiant\n|-boost|p2a: Iron Valiant|atk|2\n|move|p1a: Umbreon|Thunder Wave|p2a: Iron Valiant|[miss]\n|-miss|p1a: Umbreon|p2a: Iron Valiant\n|\n|upkeep\n|turn|9\n|\n|t:|1701163755\n|-terastallize|p2a: Iron Valiant|Water\n|move|p2a: Iron Valiant|Close Combat|p1a: Umbreon\n|-supereffective|p1a: Umbreon\n|-damage|p1a: Umbreon|0 fnt\n|-unboost|p2a: Iron Valiant|def|1\n|-unboost|p2a: Iron Valiant|spd|1\n|faint|p1a: Umbreon\n|\n|upkeep\n|\n|t:|1701163770\n|switch|p1a: Weezing|Weezing, F|100\/100\n|-damage|p1a: Weezing|88\/100|[from] Stealth Rock\n|turn|10\n|\n|t:|1701163776\n|move|p2a: Iron Valiant|Liquidation|p1a: Weezing\n|-damage|p1a: Weezing|22\/100\n|move|p1a: Weezing|Will-O-Wisp|p2a: Iron Valiant\n|-status|p2a: Iron Valiant|brn\n|\n|-heal|p1a: Weezing|28\/100|[from] item: Black Sludge\n|-damage|p2a: Iron Valiant|88\/100 brn|[from] brn\n|upkeep\n|turn|11\n|\n|t:|1701163786\n|move|p2a: Iron Valiant|Liquidation|p1a: Weezing\n|-damage|p1a: Weezing|0 fnt\n|faint|p1a: Weezing\n|\n|-damage|p2a: Iron Valiant|82\/100 brn|[from] brn\n|upkeep\n|\n|t:|1701163790\n|switch|p1a: Sinistcha|Sinistcha-Masterpiece|100\/100\n|-damage|p1a: Sinistcha|88\/100|[from] Stealth Rock\n|turn|12\n|\n|t:|1701163795\n|move|p2a: Iron Valiant|Knock Off|p1a: Sinistcha\n|-supereffective|p1a: Sinistcha\n|-damage|p1a: Sinistcha|38\/100\n|-enditem|p1a: Sinistcha|Leftovers|[from] move: Knock Off|[of] p2a: Iron Valiant\n|move|p1a: Sinistcha|Strength Sap|p2a: Iron Valiant\n|-unboost|p2a: Iron Valiant|atk|1\n|-heal|p1a: Sinistcha|100\/100\n|\n|-damage|p2a: Iron Valiant|76\/100 brn|[from] brn\n|upkeep\n|turn|13\n|\n|t:|1701163803\n|move|p2a: Iron Valiant|Swords Dance|p2a: Iron Valiant\n|-boost|p2a: Iron Valiant|atk|2\n|move|p1a: Sinistcha|Calm Mind|p1a: Sinistcha\n|-boost|p1a: Sinistcha|spa|1\n|-boost|p1a: Sinistcha|spd|1\n|\n|-damage|p2a: Iron Valiant|69\/100 brn|[from] brn\n|upkeep\n|turn|14\n|\n|t:|1701163809\n|move|p2a: Iron Valiant|Knock Off|p1a: Sinistcha\n|-supereffective|p1a: Sinistcha\n|-damage|p1a: Sinistcha|62\/100\n|move|p1a: Sinistcha|Matcha Gotcha|p2a: Iron Valiant\n|-supereffective|p2a: Iron Valiant\n|-damage|p2a: Iron Valiant|0 fnt\n|-heal|p1a: Sinistcha|91\/100|[from] drain|[of] p2a: Iron Valiant\n|faint|p2a: Iron Valiant\n|-end|p2a: Iron Valiant|Quark Drive|[silent]\n|\n|upkeep\n|\n|t:|1701163820\n|switch|p2a: Cinderace|Cinderace, F|100\/100\n|turn|15\n|\n|t:|1701163828\n|switch|p1a: Milotic|Milotic, M|100\/100\n|-damage|p1a: Milotic|88\/100|[from] Stealth Rock\n|move|p2a: Cinderace|Pyro Ball|p1a: Milotic\n|-resisted|p1a: Milotic\n|-damage|p1a: Milotic|68\/100\n|-status|p1a: Milotic|brn\n|\n|-damage|p1a: Milotic|61\/100 brn|[from] brn\n|upkeep\n|turn|16\n|\n|t:|1701163836\n|move|p2a: Cinderace|U-turn|p1a: Milotic\n|-start|p2a: Cinderace|typechange|Bug|[from] ability: Libero\n|-damage|p1a: Milotic|44\/100 brn\n|-damage|p2a: Cinderace|84\/100|[from] item: Rocky Helmet|[of] p1a: Milotic\n|\n|t:|1701163842\n|switch|p2a: Corviknight|Corviknight, F|100\/100|[from] U-turn\n|-damage|p2a: Corviknight|88\/100|[from] Stealth Rock\n|-ability|p2a: Corviknight|Pressure\n|move|p1a: Milotic|Scald|p2a: Corviknight\n|-damage|p2a: Corviknight|63\/100\n|-status|p2a: Corviknight|brn\n|\n|-damage|p1a: Milotic|38\/100 brn|[from] brn\n|-damage|p2a: Corviknight|57\/100 brn|[from] brn\n|upkeep\n|turn|17\n|\n|t:|1701163851\n|move|p1a: Milotic|Recover|p1a: Milotic\n|-heal|p1a: Milotic|88\/100 brn\n|move|p2a: Corviknight|Brave Bird|p1a: Milotic\n|-crit|p1a: Milotic\n|-damage|p1a: Milotic|74\/100 brn\n|-damage|p2a: Corviknight|40\/100 brn|[from] item: Rocky Helmet|[of] p1a: Milotic\n|-damage|p2a: Corviknight|35\/100 brn|[from] Recoil\n|\n|-damage|p1a: Milotic|68\/100 brn|[from] brn\n|-damage|p2a: Corviknight|29\/100 brn|[from] brn\n|upkeep\n|turn|18\n|\n|t:|1701163858\n|move|p1a: Milotic|Recover|p1a: Milotic\n|-heal|p1a: Milotic|100\/100 brn\n|move|p2a: Corviknight|Roost|p2a: Corviknight\n|-heal|p2a: Corviknight|79\/100 brn\n|-singleturn|p2a: Corviknight|move: Roost\n|\n|-damage|p1a: Milotic|94\/100 brn|[from] brn\n|-damage|p2a: Corviknight|73\/100 brn|[from] brn\n|upkeep\n|turn|19\n|\n|t:|1701163866\n|switch|p1a: Tinkaton|Tinkaton, F|100\/100\n|-damage|p1a: Tinkaton|94\/100|[from] Stealth Rock\n|-ability|p1a: Tinkaton|Mold Breaker\n|switch|p2a: Clefable|Clefable, M|95\/100\n|\n|-heal|p1a: Tinkaton|100\/100|[from] item: Leftovers\n|-heal|p2a: Clefable|100\/100|[from] item: Leftovers\n|upkeep\n|turn|20\n|\n|t:|1701163880\n|switch|p2a: Landorus|Landorus-Therian, M|100\/100\n|-damage|p2a: Landorus|88\/100|[from] Stealth Rock\n|-ability|p2a: Landorus|Intimidate|boost\n|-unboost|p1a: Tinkaton|atk|1\n|move|p1a: Tinkaton|Thunder Wave|p2a: Landorus\n|-immune|p2a: Landorus\n|\n|upkeep\n|turn|21\n|\n|t:|1701163889\n|switch|p1a: Milotic|Milotic, M|94\/100 brn\n|-damage|p1a: Milotic|82\/100 brn|[from] Stealth Rock\n|move|p2a: Landorus|Stone Edge|p1a: Milotic|[miss]\n|-miss|p2a: Landorus|p1a: Milotic\n|\n|-damage|p1a: Milotic|76\/100 brn|[from] brn\n|upkeep\n|turn|22\n|\n|t:|1701163899\n|switch|p2a: Iron Hands|Iron Hands|100\/100\n|-damage|p2a: Iron Hands|94\/100|[from] Stealth Rock\n|move|p1a: Milotic|Scald|p2a: Iron Hands\n|-damage|p2a: Iron Hands|70\/100\n|\n|-damage|p1a: Milotic|70\/100 brn|[from] brn\n|upkeep\n|turn|23\n|\n|t:|1701163906\n|move|p1a: Milotic|Recover|p1a: Milotic\n|-heal|p1a: Milotic|100\/100 brn\n|move|p2a: Iron Hands|Thunder Punch|p1a: Milotic\n|-supereffective|p1a: Milotic\n|-damage|p1a: Milotic|57\/100 brn\n|-damage|p2a: Iron Hands|53\/100|[from] item: Rocky Helmet|[of] p1a: Milotic\n|\n|-damage|p1a: Milotic|51\/100 brn|[from] brn\n|upkeep\n|turn|24\n|\n|t:|1701163913\n|move|p1a: Milotic|Recover|p1a: Milotic\n|-heal|p1a: Milotic|100\/100 brn\n|move|p2a: Iron Hands|Thunder Punch|p1a: Milotic\n|-supereffective|p1a: Milotic\n|-damage|p1a: Milotic|60\/100 brn\n|-damage|p2a: Iron Hands|37\/100|[from] item: Rocky Helmet|[of] p1a: Milotic\n|\n|-damage|p1a: Milotic|54\/100 brn|[from] brn\n|upkeep\n|turn|25\n|\n|t:|1701163921\n|move|p1a: Milotic|Recover|p1a: Milotic\n|-heal|p1a: Milotic|100\/100 brn\n|move|p2a: Iron Hands|Drain Punch|p1a: Milotic\n|-crit|p1a: Milotic\n|-damage|p1a: Milotic|70\/100 brn\n|-heal|p2a: Iron Hands|48\/100|[from] drain|[of] p1a: Milotic\n|-damage|p2a: Iron Hands|32\/100|[from] item: Rocky Helmet|[of] p1a: Milotic\n|\n|-damage|p1a: Milotic|64\/100 brn|[from] brn\n|upkeep\n|turn|26\n|\n|t:|1701163929\n|switch|p1a: Sinistcha|Sinistcha-Masterpiece|91\/100\n|-damage|p1a: Sinistcha|79\/100|[from] Stealth Rock\n|move|p2a: Iron Hands|Drain Punch|p1a: Sinistcha\n|-immune|p1a: Sinistcha\n|\n|upkeep\n|turn|27\n|\n|t:|1701163938\n|move|p1a: Sinistcha|Matcha Gotcha|p2a: Iron Hands\n|-damage|p2a: Iron Hands|3\/100\n|-heal|p1a: Sinistcha|99\/100|[from] drain|[of] p2a: Iron Hands\n|move|p2a: Iron Hands|Ice Punch|p1a: Sinistcha\n|-supereffective|p1a: Sinistcha\n|-damage|p1a: Sinistcha|59\/100\n|\n|upkeep\n|turn|28\n|\n|t:|1701163950\n|-end|p2a: Iron Hands|Quark Drive|[silent]\n|switch|p2a: Cinderace|Cinderace, F|84\/100\n|move|p1a: Sinistcha|Strength Sap|p2a: Cinderace\n|-unboost|p2a: Cinderace|atk|1\n|-heal|p1a: Sinistcha|100\/100\n|\n|upkeep\n|turn|29\n|\n|t:|1701163957\n|switch|p1a: Milotic|Milotic, M|64\/100 brn\n|-damage|p1a: Milotic|52\/100 brn|[from] Stealth Rock\n|move|p2a: Cinderace|Sucker Punch||[still]\n|-fail|p2a: Cinderace\n|\n|-damage|p1a: Milotic|45\/100 brn|[from] brn\n|upkeep\n|turn|30\n|\n|t:|1701163960\n|move|p2a: Cinderace|U-turn|p1a: Milotic\n|-start|p2a: Cinderace|typechange|Bug|[from] ability: Libero\n|-damage|p1a: Milotic|34\/100 brn\n|-damage|p2a: Cinderace|67\/100|[from] item: Rocky Helmet|[of] p1a: Milotic\n|\n|t:|1701163965\n|switch|p2a: Landorus|Landorus-Therian, M|88\/100|[from] U-turn\n|-damage|p2a: Landorus|76\/100|[from] Stealth Rock\n|-ability|p2a: Landorus|Intimidate|boost\n|-unboost|p1a: Milotic|atk|1\n|move|p1a: Milotic|Recover|p1a: Milotic\n|-heal|p1a: Milotic|84\/100 brn\n|\n|-damage|p1a: Milotic|78\/100 brn|[from] brn\n|upkeep\n|turn|31\n|\n|t:|1701163970\n|move|p2a: Landorus|Grass Knot|p1a: Milotic\n|-supereffective|p1a: Milotic\n|-damage|p1a: Milotic|43\/100 brn\n|-damage|p2a: Landorus|59\/100|[from] item: Rocky Helmet|[of] p1a: Milotic\n|move|p1a: Milotic|Ice Beam|p2a: Landorus\n|-supereffective|p2a: Landorus\n|-damage|p2a: Landorus|0 fnt\n|faint|p2a: Landorus\n|\n|-damage|p1a: Milotic|37\/100 brn|[from] brn\n|upkeep\n|\n|t:|1701163982\n|switch|p2a: Clefable|Clefable, M|100\/100\n|turn|32\n|\n|t:|1701163989\n|switch|p1a: Tinkaton|Tinkaton, F|100\/100\n|-damage|p1a: Tinkaton|94\/100|[from] Stealth Rock\n|-ability|p1a: Tinkaton|Mold Breaker\n|move|p2a: Clefable|Moonblast|p1a: Tinkaton\n|-resisted|p1a: Tinkaton\n|-damage|p1a: Tinkaton|81\/100\n|\n|-heal|p1a: Tinkaton|87\/100|[from] item: Leftovers\n|upkeep\n|turn|33\n|\n|t:|1701163996\n|move|p2a: Clefable|Protect|p2a: Clefable\n|-singleturn|p2a: Clefable|Protect\n|move|p1a: Tinkaton|Knock Off|p2a: Clefable\n|-activate|p2a: Clefable|move: Protect\n|\n|-heal|p1a: Tinkaton|93\/100|[from] item: Leftovers\n|upkeep\n|turn|34\n|\n|t:|1701164007\n|switch|p2a: Corviknight|Corviknight, F|73\/100 brn\n|-damage|p2a: Corviknight|60\/100 brn|[from] Stealth Rock\n|-ability|p2a: Corviknight|Pressure\n|move|p1a: Tinkaton|Knock Off|p2a: Corviknight\n|-damage|p2a: Corviknight|49\/100 brn\n|-damage|p1a: Tinkaton|77\/100|[from] item: Rocky Helmet|[of] p2a: Corviknight\n|-enditem|p2a: Corviknight|Rocky Helmet|[from] move: Knock Off|[of] p1a: Tinkaton\n|\n|-heal|p1a: Tinkaton|83\/100|[from] item: Leftovers\n|-damage|p2a: Corviknight|42\/100 brn|[from] brn\n|upkeep\n|turn|35\n|\n|t:|1701164027\n|switch|p1a: Milotic|Milotic, M|37\/100 brn\n|-damage|p1a: Milotic|25\/100 brn|[from] Stealth Rock\n|move|p2a: Corviknight|Roost|p2a: Corviknight\n|-heal|p2a: Corviknight|92\/100 brn\n|-singleturn|p2a: Corviknight|move: Roost\n|\n|-damage|p1a: Milotic|19\/100 brn|[from] brn\n|-damage|p2a: Corviknight|86\/100 brn|[from] brn\n|upkeep\n|turn|36\n|\n|t:|1701164034\n|move|p1a: Milotic|Recover|p1a: Milotic\n|-heal|p1a: Milotic|69\/100 brn\n|move|p2a: Corviknight|Defog|p1a: Milotic\n|-unboost|p1a: Milotic|evasion|1\n|-sideend|p1: rubbrubb|Stealth Rock|[from] move: Defog|[of] p2a: Corviknight\n|-sideend|p2: j4y_sensei|Stealth Rock|[from] move: Defog|[of] p2a: Corviknight\n|\n|-damage|p1a: Milotic|62\/100 brn|[from] brn\n|-damage|p2a: Corviknight|80\/100 brn|[from] brn\n|upkeep\n|turn|37\n|\n|t:|1701164046\n|switch|p1a: Tinkaton|Tinkaton, F|83\/100\n|-ability|p1a: Tinkaton|Mold Breaker\n|switch|p2a: Iron Hands|Iron Hands|3\/100\n|\n|-heal|p1a: Tinkaton|89\/100|[from] item: Leftovers\n|upkeep\n|turn|38\n|\n|t:|1701164063\n|-end|p2a: Iron Hands|Quark Drive|[silent]\n|switch|p2a: Clefable|Clefable, M|100\/100\n|move|p1a: Tinkaton|Knock Off|p2a: Clefable\n|-resisted|p2a: Clefable\n|-damage|p2a: Clefable|93\/100\n|-enditem|p2a: Clefable|Leftovers|[from] move: Knock Off|[of] p1a: Tinkaton\n|\n|-heal|p1a: Tinkaton|95\/100|[from] item: Leftovers\n|upkeep\n|turn|39\n|\n|t:|1701164068\n|move|p1a: Tinkaton|Gigaton Hammer|p2a: Clefable\n|-supereffective|p2a: Clefable\n|-damage|p2a: Clefable|25\/100\n|move|p2a: Clefable|Wish|p2a: Clefable\n|\n|-heal|p1a: Tinkaton|100\/100|[from] item: Leftovers\n|upkeep\n|turn|40\n|\n|t:|1701164075\n|switch|p2a: Iron Hands|Iron Hands|3\/100\n|move|p1a: Tinkaton|Stealth Rock|p2a: Iron Hands\n|-sidestart|p2: j4y_sensei|move: Stealth Rock\n|\n|-heal|p2a: Iron Hands|41\/100|[from] move: Wish|[wisher] Clefable\n|upkeep\n|turn|41\n|\n|t:|1701164086\n|switch|p1a: Sinistcha|Sinistcha-Masterpiece|100\/100\n|-end|p2a: Iron Hands|Quark Drive|[silent]\n|switch|p2a: Cinderace|Cinderace, F|67\/100\n|\n|upkeep\n|turn|42\n|\n|t:|1701164093\n|switch|p1a: Milotic|Milotic, M|62\/100 brn\n|move|p2a: Cinderace|Court Change|p2a: Cinderace\n|-start|p2a: Cinderace|typechange|Normal|[from] ability: Libero\n|-swapsideconditions\n|-activate|p2a: Cinderace|move: Court Change\n|\n|-damage|p1a: Milotic|56\/100 brn|[from] brn\n|upkeep\n|turn|43\n|\n|t:|1701164102\n|move|p2a: Cinderace|Sucker Punch|p1a: Milotic\n|-damage|p1a: Milotic|46\/100 brn\n|-damage|p2a: Cinderace|51\/100|[from] item: Rocky Helmet|[of] p1a: Milotic\n|move|p1a: Milotic|Scald|p2a: Cinderace\n|-damage|p2a: Cinderace|14\/100\n|\n|-damage|p1a: Milotic|40\/100 brn|[from] brn\n|upkeep\n|turn|44\n|\n|t:|1701164107\n|move|p2a: Cinderace|U-turn|p1a: Milotic\n|-damage|p1a: Milotic|29\/100 brn\n|-damage|p2a: Cinderace|0 fnt|[from] item: Rocky Helmet|[of] p1a: Milotic\n|faint|p2a: Cinderace\n|move|p1a: Milotic|Recover|p1a: Milotic\n|-heal|p1a: Milotic|79\/100 brn\n|\n|-damage|p1a: Milotic|73\/100 brn|[from] brn\n|upkeep\n|\n|t:|1701164112\n|switch|p2a: Iron Hands|Iron Hands|41\/100\n|turn|45\n|\n|t:|1701164117\n|switch|p1a: Sinistcha|Sinistcha-Masterpiece|100\/100\n|-damage|p1a: Sinistcha|88\/100|[from] Stealth Rock\n|move|p2a: Iron Hands|Thunder Punch|p1a: Sinistcha\n|-resisted|p1a: Sinistcha\n|-damage|p1a: Sinistcha|71\/100\n|\n|upkeep\n|turn|46\n|\n|t:|1701164145\n|move|p1a: Sinistcha|Strength Sap|p2a: Iron Hands\n|-unboost|p2a: Iron Hands|atk|1\n|-heal|p1a: Sinistcha|100\/100\n|move|p2a: Iron Hands|Earthquake|p1a: Sinistcha\n|-resisted|p1a: Sinistcha\n|-damage|p1a: Sinistcha|92\/100\n|\n|upkeep\n|turn|47\n|\n|t:|1701164155\n|-end|p2a: Iron Hands|Quark Drive|[silent]\n|switch|p2a: Clefable|Clefable, M|25\/100\n|move|p1a: Sinistcha|Calm Mind|p1a: Sinistcha\n|-boost|p1a: Sinistcha|spa|1\n|-boost|p1a: Sinistcha|spd|1\n|\n|upkeep\n|turn|48\n|\n|t:|1701164161\n|move|p1a: Sinistcha|Matcha Gotcha|p2a: Clefable\n|-damage|p2a: Clefable|0 fnt\n|-heal|p1a: Sinistcha|100\/100|[from] drain|[of] p2a: Clefable\n|faint|p2a: Clefable\n|\n|upkeep\n|\n|t:|1701164165\n|switch|p2a: Corviknight|Corviknight, F|80\/100 brn\n|-ability|p2a: Corviknight|Pressure\n|turn|49\n|\n|t:|1701164171\n|move|p1a: Sinistcha|Hex|p2a: Corviknight\n|-damage|p2a: Corviknight|0 fnt\n|faint|p2a: Corviknight\n|\n|upkeep\n|\n|t:|1701164174\n|switch|p2a: Iron Hands|Iron Hands|41\/100\n|turn|50\n|c|\u2606j4y_sensei|Gg\n|\n|t:|1701164188\n|move|p1a: Sinistcha|Matcha Gotcha|p2a: Iron Hands\n|-damage|p2a: Iron Hands|1\/100\n|move|p2a: Iron Hands|Ice Punch|p1a: Sinistcha\n|-supereffective|p1a: Sinistcha\n|-damage|p1a: Sinistcha|58\/100\n|\n|upkeep\n|turn|51\n|\n|t:|1701164200\n|move|p1a: Sinistcha|Hex|p2a: Iron Hands\n|-damage|p2a: Iron Hands|0 fnt\n|faint|p2a: Iron Hands\n|-end|p2a: Iron Hands|Quark Drive|[silent]\n|\n|win|rubbrubb\n|raw|rubbrubb's rating: 1144 &rarr; <strong>1165<\/strong><br \/>(+21 for winning)\n|raw|j4y_sensei's rating: 1093 &rarr; <strong>1073<\/strong><br \/>(-20 for losing)\n","uploadtime":1701164206,"views":9,"p1id":"rubbrubb","p2id":"j4ysensei","formatid":"gen9ou","rating":1073,"private":0,"password":""}