{"id":"gen9ou-1994932055","p1":"TheNutmeg33","p2":"sztorm123","format":"[Gen 9] OU","log":"|j|\u2606TheNutmeg33\n|j|\u2606sztorm123\n|t:|1700505807\n|gametype|singles\n|player|p1|TheNutmeg33|102|1574\n|player|p2|sztorm123|channeler-lgpe|1485\n|teamsize|p1|6\n|teamsize|p2|6\n|gen|9\n|tier|[Gen 9] OU\n|rated|\n|rule|Sleep Clause Mod: Limit one foe put to sleep\n|rule|Species Clause: Limit one of each Pok\u00e9mon\n|rule|OHKO Clause: OHKO moves are banned\n|rule|Evasion Items Clause: Evasion items are banned\n|rule|Evasion Moves Clause: Evasion moves are banned\n|rule|Endless Battle Clause: Forcing endless battles is banned\n|rule|HP Percentage Mod: HP is shown in percentages\n|clearpoke\n|poke|p1|Iron Moth|\n|poke|p1|Great Tusk|\n|poke|p1|Clodsire, F|\n|poke|p1|Ceruledge, F|\n|poke|p1|Garganacl, M|\n|poke|p1|Corviknight, M|\n|poke|p2|Ogerpon-Wellspring, F|\n|poke|p2|Toxapex, M|\n|poke|p2|Zapdos|\n|poke|p2|Garganacl, M|\n|poke|p2|Great Tusk|\n|poke|p2|Hydreigon, M|\n|teampreview\n|inactive|Battle timer is ON: inactive players will automatically lose when time's up. (requested by TheNutmeg33)\n|\n|t:|1700505821\n|start\n|switch|p1a: Corviknight|Corviknight, M, shiny|100\/100\n|switch|p2a: Hydreigon|Hydreigon, M|100\/100\n|-ability|p1a: Corviknight|Pressure\n|turn|1\n|\n|t:|1700505828\n|move|p2a: Hydreigon|Fire Blast|p1a: Corviknight\n|-supereffective|p1a: Corviknight\n|-damage|p1a: Corviknight|23\/100\n|move|p1a: Corviknight|Brave Bird|p2a: Hydreigon\n|-damage|p2a: Hydreigon|54\/100\n|-damage|p1a: Corviknight|11\/100|[from] Recoil\n|\n|upkeep\n|turn|2\n|\n|t:|1700505838\n|move|p2a: Hydreigon|Fire Blast|p1a: Corviknight\n|-supereffective|p1a: Corviknight\n|-damage|p1a: Corviknight|0 fnt\n|faint|p1a: Corviknight\n|\n|upkeep\n|\n|t:|1700505844\n|switch|p1a: Great Tusk|Great Tusk, shiny|100\/100\n|turn|3\n|\n|t:|1700505848\n|switch|p2a: Zapdos|Zapdos|100\/100\n|move|p1a: Great Tusk|Close Combat|p2a: Zapdos\n|-resisted|p2a: Zapdos\n|-damage|p2a: Zapdos|62\/100\n|-unboost|p1a: Great Tusk|def|1\n|-unboost|p1a: Great Tusk|spd|1\n|\n|upkeep\n|turn|4\n|\n|t:|1700505856\n|-end|p1a: Great Tusk|Protosynthesis|[silent]\n|switch|p1a: Clodsire|Clodsire, F, shiny|100\/100\n|move|p2a: Zapdos|Roost|p2a: Zapdos\n|-heal|p2a: Zapdos|100\/100\n|-singleturn|p2a: Zapdos|move: Roost\n|\n|upkeep\n|turn|5\n|\n|t:|1700505864\n|switch|p2a: Garganacl|Garganacl, M|100\/100\n|move|p1a: Clodsire|Toxic|p2a: Garganacl\n|-immune|p2a: Garganacl|[from] ability: Purifying Salt\n|\n|upkeep\n|turn|6\n|\n|t:|1700505869\n|move|p2a: Garganacl|Stealth Rock|p1a: Clodsire\n|-sidestart|p1: TheNutmeg33|move: Stealth Rock\n|move|p1a: Clodsire|Earthquake|p2a: Garganacl\n|-supereffective|p2a: Garganacl\n|-damage|p2a: Garganacl|73\/100\n|\n|-heal|p2a: Garganacl|79\/100|[from] item: Leftovers\n|upkeep\n|turn|7\n|\n|t:|1700505874\n|move|p2a: Garganacl|Salt Cure|p1a: Clodsire\n|-resisted|p1a: Clodsire\n|-damage|p1a: Clodsire|93\/100\n|-start|p1a: Clodsire|Salt Cure\n|move|p1a: Clodsire|Spikes|p2a: Garganacl\n|-sidestart|p2: sztorm123|Spikes\n|\n|-heal|p2a: Garganacl|86\/100|[from] item: Leftovers\n|-heal|p1a: Clodsire|99\/100|[from] item: Black Sludge\n|-damage|p1a: Clodsire|86\/100|[from] Salt Cure\n|upkeep\n|turn|8\n|\n|t:|1700505879\n|switch|p2a: Great Tusk|Great Tusk|100\/100\n|move|p1a: Clodsire|Spikes|p2a: Great Tusk\n|-sidestart|p2: sztorm123|Spikes\n|\n|-heal|p1a: Clodsire|93\/100|[from] item: Black Sludge\n|-damage|p1a: Clodsire|80\/100|[from] Salt Cure\n|upkeep\n|turn|9\n|\n|t:|1700505883\n|switch|p1a: Great Tusk|Great Tusk, shiny|100\/100\n|move|p2a: Great Tusk|Rapid Spin|p1a: Great Tusk\n|-damage|p1a: Great Tusk|87\/100\n|-boost|p2a: Great Tusk|spe|1\n|-sideend|p2: sztorm123|Spikes|[from] move: Rapid Spin|[of] p2a: Great Tusk\n|\n|upkeep\n|turn|10\n|\n|t:|1700505903\n|-end|p2a: Great Tusk|Protosynthesis|[silent]\n|switch|p2a: Zapdos|Zapdos|100\/100\n|move|p1a: Great Tusk|Rapid Spin|p2a: Zapdos\n|-damage|p2a: Zapdos|77\/100\n|-boost|p1a: Great Tusk|spe|1\n|-status|p1a: Great Tusk|par|[from] ability: Static|[of] p2a: Zapdos\n|-sideend|p1: TheNutmeg33|Stealth Rock|[from] move: Rapid Spin|[of] p1a: Great Tusk\n|\n|upkeep\n|turn|11\n|\n|t:|1700505908\n|-end|p1a: Great Tusk|Protosynthesis|[silent]\n|switch|p1a: Clodsire|Clodsire, F, shiny|80\/100\n|move|p2a: Zapdos|Hurricane|p1a: Clodsire|[miss]\n|-miss|p2a: Zapdos|p1a: Clodsire\n|\n|-heal|p1a: Clodsire|86\/100|[from] item: Black Sludge\n|upkeep\n|turn|12\n|inactive|TheNutmeg33 has 120 seconds left.\n|\n|t:|1700505955\n|switch|p2a: Garganacl|Garganacl, M|86\/100\n|move|p1a: Clodsire|Toxic|p2a: Garganacl\n|-immune|p2a: Garganacl|[from] ability: Purifying Salt\n|\n|-heal|p2a: Garganacl|92\/100|[from] item: Leftovers\n|-heal|p1a: Clodsire|92\/100|[from] item: Black Sludge\n|upkeep\n|turn|13\n|\n|t:|1700505961\n|move|p2a: Garganacl|Salt Cure|p1a: Clodsire\n|-resisted|p1a: Clodsire\n|-damage|p1a: Clodsire|85\/100\n|-start|p1a: Clodsire|Salt Cure\n|move|p1a: Clodsire|Spikes|p2a: Garganacl\n|-sidestart|p2: sztorm123|Spikes\n|\n|-heal|p2a: Garganacl|98\/100|[from] item: Leftovers\n|-heal|p1a: Clodsire|91\/100|[from] item: Black Sludge\n|-damage|p1a: Clodsire|79\/100|[from] Salt Cure\n|upkeep\n|turn|14\n|\n|t:|1700505964\n|move|p2a: Garganacl|Stealth Rock|p1a: Clodsire\n|-sidestart|p1: TheNutmeg33|move: Stealth Rock\n|move|p1a: Clodsire|Toxic|p2a: Garganacl\n|-immune|p2a: Garganacl|[from] ability: Purifying Salt\n|\n|-heal|p2a: Garganacl|100\/100|[from] item: Leftovers\n|-heal|p1a: Clodsire|85\/100|[from] item: Black Sludge\n|-damage|p1a: Clodsire|73\/100|[from] Salt Cure\n|upkeep\n|turn|15\n|\n|t:|1700505968\n|move|p2a: Garganacl|Salt Cure|p1a: Clodsire\n|-resisted|p1a: Clodsire\n|-damage|p1a: Clodsire|66\/100\n|move|p1a: Clodsire|Toxic|p2a: Garganacl\n|-immune|p2a: Garganacl|[from] ability: Purifying Salt\n|\n|-heal|p1a: Clodsire|72\/100|[from] item: Black Sludge\n|-damage|p1a: Clodsire|59\/100|[from] Salt Cure\n|upkeep\n|turn|16\n|\n|t:|1700505973\n|move|p2a: Garganacl|Salt Cure|p1a: Clodsire\n|-resisted|p1a: Clodsire\n|-damage|p1a: Clodsire|52\/100\n|move|p1a: Clodsire|Toxic|p2a: Garganacl\n|-immune|p2a: Garganacl|[from] ability: Purifying Salt\n|\n|-heal|p1a: Clodsire|58\/100|[from] item: Black Sludge\n|-damage|p1a: Clodsire|46\/100|[from] Salt Cure\n|upkeep\n|turn|17\n|\n|t:|1700505975\n|move|p2a: Garganacl|Salt Cure|p1a: Clodsire\n|-resisted|p1a: Clodsire\n|-damage|p1a: Clodsire|39\/100\n|move|p1a: Clodsire|Recover|p1a: Clodsire\n|-heal|p1a: Clodsire|89\/100\n|\n|-heal|p1a: Clodsire|95\/100|[from] item: Black Sludge\n|-damage|p1a: Clodsire|83\/100|[from] Salt Cure\n|upkeep\n|turn|18\n|\n|t:|1700505979\n|move|p2a: Garganacl|Salt Cure|p1a: Clodsire\n|-resisted|p1a: Clodsire\n|-damage|p1a: Clodsire|75\/100\n|move|p1a: Clodsire|Toxic|p2a: Garganacl\n|-immune|p2a: Garganacl|[from] ability: Purifying Salt\n|\n|-heal|p1a: Clodsire|81\/100|[from] item: Black Sludge\n|-damage|p1a: Clodsire|69\/100|[from] Salt Cure\n|upkeep\n|turn|19\n|\n|t:|1700505982\n|move|p2a: Garganacl|Salt Cure|p1a: Clodsire\n|-resisted|p1a: Clodsire\n|-damage|p1a: Clodsire|61\/100\n|move|p1a: Clodsire|Spikes|p2a: Garganacl\n|-sidestart|p2: sztorm123|Spikes\n|\n|-heal|p1a: Clodsire|67\/100|[from] item: Black Sludge\n|-damage|p1a: Clodsire|55\/100|[from] Salt Cure\n|upkeep\n|turn|20\n|\n|t:|1700505986\n|move|p2a: Garganacl|Salt Cure|p1a: Clodsire\n|-resisted|p1a: Clodsire\n|-damage|p1a: Clodsire|48\/100\n|move|p1a: Clodsire|Recover|p1a: Clodsire\n|-heal|p1a: Clodsire|98\/100\n|\n|-heal|p1a: Clodsire|100\/100|[from] item: Black Sludge\n|-damage|p1a: Clodsire|88\/100|[from] Salt Cure\n|upkeep\n|turn|21\n|\n|t:|1700505991\n|move|p2a: Garganacl|Salt Cure|p1a: Clodsire\n|-resisted|p1a: Clodsire\n|-damage|p1a: Clodsire|81\/100\n|move|p1a: Clodsire|Earthquake|p2a: Garganacl\n|-supereffective|p2a: Garganacl\n|-damage|p2a: Garganacl|75\/100\n|\n|-heal|p2a: Garganacl|81\/100|[from] item: Leftovers\n|-heal|p1a: Clodsire|87\/100|[from] item: Black Sludge\n|-damage|p1a: Clodsire|75\/100|[from] Salt Cure\n|upkeep\n|turn|22\n|\n|t:|1700505996\n|move|p2a: Garganacl|Salt Cure|p1a: Clodsire\n|-resisted|p1a: Clodsire\n|-damage|p1a: Clodsire|67\/100\n|move|p1a: Clodsire|Spikes|p2a: Garganacl\n|-sidestart|p2: sztorm123|Spikes\n|\n|-heal|p2a: Garganacl|87\/100|[from] item: Leftovers\n|-heal|p1a: Clodsire|73\/100|[from] item: Black Sludge\n|-damage|p1a: Clodsire|61\/100|[from] Salt Cure\n|upkeep\n|turn|23\n|\n|t:|1700506000\n|switch|p2a: Great Tusk|Great Tusk|100\/100\n|move|p1a: Clodsire|Toxic|p2a: Great Tusk\n|-status|p2a: Great Tusk|tox\n|\n|-heal|p1a: Clodsire|67\/100|[from] item: Black Sludge\n|-damage|p2a: Great Tusk|94\/100 tox|[from] psn\n|-damage|p1a: Clodsire|54\/100|[from] Salt Cure\n|upkeep\n|turn|24\n|\n|t:|1700506010\n|switch|p1a: Great Tusk|Great Tusk, shiny|87\/100 par\n|move|p2a: Great Tusk|Rapid Spin|p1a: Great Tusk\n|-damage|p1a: Great Tusk|74\/100 par\n|-boost|p2a: Great Tusk|spe|1\n|-sideend|p2: sztorm123|Spikes|[from] move: Rapid Spin|[of] p2a: Great Tusk\n|\n|-damage|p2a: Great Tusk|82\/100 tox|[from] psn\n|upkeep\n|turn|25\n|\n|t:|1700506016\n|-end|p2a: Great Tusk|Protosynthesis|[silent]\n|switch|p2a: Zapdos|Zapdos|77\/100\n|move|p1a: Great Tusk|Ice Spinner|p2a: Zapdos\n|-supereffective|p2a: Zapdos\n|-damage|p2a: Zapdos|11\/100\n|\n|upkeep\n|turn|26\n|\n|t:|1700506022\n|-end|p1a: Great Tusk|Protosynthesis|[silent]\n|switch|p1a: Clodsire|Clodsire, F, shiny|54\/100\n|-damage|p1a: Clodsire|48\/100|[from] Stealth Rock\n|move|p2a: Zapdos|Roost|p2a: Zapdos\n|-heal|p2a: Zapdos|61\/100\n|-singleturn|p2a: Zapdos|move: Roost\n|\n|-heal|p1a: Clodsire|54\/100|[from] item: Black Sludge\n|upkeep\n|turn|27\n|\n|t:|1700506030\n|move|p2a: Zapdos|Roost|p2a: Zapdos\n|-heal|p2a: Zapdos|100\/100\n|-singleturn|p2a: Zapdos|move: Roost\n|move|p1a: Clodsire|Recover|p1a: Clodsire\n|-heal|p1a: Clodsire|100\/100\n|\n|upkeep\n|turn|28\n|\n|t:|1700506046\n|switch|p2a: Garganacl|Garganacl, M|87\/100\n|move|p1a: Clodsire|Spikes|p2a: Garganacl\n|-sidestart|p2: sztorm123|Spikes\n|\n|-heal|p2a: Garganacl|93\/100|[from] item: Leftovers\n|upkeep\n|turn|29\n|\n|t:|1700506050\n|move|p2a: Garganacl|Salt Cure|p1a: Clodsire\n|-resisted|p1a: Clodsire\n|-crit|p1a: Clodsire\n|-damage|p1a: Clodsire|88\/100\n|-start|p1a: Clodsire|Salt Cure\n|move|p1a: Clodsire|Spikes|p2a: Garganacl\n|-sidestart|p2: sztorm123|Spikes\n|\n|-heal|p2a: Garganacl|99\/100|[from] item: Leftovers\n|-heal|p1a: Clodsire|94\/100|[from] item: Black Sludge\n|-damage|p1a: Clodsire|82\/100|[from] Salt Cure\n|upkeep\n|turn|30\n|\n|t:|1700506063\n|switch|p2a: Great Tusk|Great Tusk|82\/100 tox\n|move|p1a: Clodsire|Spikes|p2a: Great Tusk\n|-sidestart|p2: sztorm123|Spikes\n|\n|-heal|p1a: Clodsire|88\/100|[from] item: Black Sludge\n|-damage|p2a: Great Tusk|76\/100 tox|[from] psn\n|-damage|p1a: Clodsire|76\/100|[from] Salt Cure\n|upkeep\n|turn|31\n|\n|t:|1700506068\n|switch|p1a: Great Tusk|Great Tusk, shiny|74\/100 par\n|move|p2a: Great Tusk|Headlong Rush|p1a: Great Tusk\n|-damage|p1a: Great Tusk|27\/100 par\n|-unboost|p2a: Great Tusk|def|1\n|-unboost|p2a: Great Tusk|spd|1\n|\n|-damage|p2a: Great Tusk|63\/100 tox|[from] psn\n|upkeep\n|turn|32\n|\n|t:|1700506073\n|move|p2a: Great Tusk|Headlong Rush|p1a: Great Tusk\n|-damage|p1a: Great Tusk|0 fnt\n|-unboost|p2a: Great Tusk|def|1\n|-unboost|p2a: Great Tusk|spd|1\n|faint|p1a: Great Tusk\n|-end|p1a: Great Tusk|Protosynthesis|[silent]\n|\n|-damage|p2a: Great Tusk|45\/100 tox|[from] psn\n|upkeep\n|\n|t:|1700506083\n|switch|p1a: Garganacl|Garganacl, M, shiny|100\/100\n|-damage|p1a: Garganacl|88\/100|[from] Stealth Rock\n|turn|33\n|\n|t:|1700506095\n|-end|p2a: Great Tusk|Protosynthesis|[silent]\n|switch|p2a: Toxapex|Toxapex, M|100\/100\n|-damage|p2a: Toxapex|75\/100|[from] Spikes\n|-terastallize|p1a: Garganacl|Ghost\n|move|p1a: Garganacl|Stealth Rock|p2a: Toxapex\n|-sidestart|p2: sztorm123|move: Stealth Rock\n|\n|-heal|p1a: Garganacl|94\/100|[from] item: Leftovers\n|-heal|p2a: Toxapex|82\/100|[from] item: Leftovers\n|upkeep\n|turn|34\n|\n|t:|1700506102\n|move|p1a: Garganacl|Salt Cure|p2a: Toxapex\n|-damage|p2a: Toxapex|71\/100\n|-start|p2a: Toxapex|Salt Cure\n|move|p2a: Toxapex|Surf|p1a: Garganacl\n|-damage|p1a: Garganacl|82\/100\n|\n|-heal|p1a: Garganacl|88\/100|[from] item: Leftovers\n|-heal|p2a: Toxapex|77\/100|[from] item: Leftovers\n|-damage|p2a: Toxapex|52\/100|[from] Salt Cure\n|upkeep\n|turn|35\n|\n|t:|1700506114\n|switch|p2a: Garganacl|Garganacl, M|99\/100\n|-damage|p2a: Garganacl|75\/100|[from] Spikes\n|-damage|p2a: Garganacl|62\/100|[from] Stealth Rock\n|move|p1a: Garganacl|Salt Cure|p2a: Garganacl\n|-damage|p2a: Garganacl|55\/100\n|-start|p2a: Garganacl|Salt Cure\n|\n|-heal|p2a: Garganacl|61\/100|[from] item: Leftovers\n|-heal|p1a: Garganacl|94\/100|[from] item: Leftovers\n|-damage|p2a: Garganacl|49\/100|[from] Salt Cure\n|upkeep\n|turn|36\n|\n|t:|1700506124\n|switch|p1a: Clodsire|Clodsire, F, shiny|76\/100\n|-damage|p1a: Clodsire|70\/100|[from] Stealth Rock\n|move|p2a: Garganacl|Recover|p2a: Garganacl\n|-heal|p2a: Garganacl|99\/100\n|\n|-heal|p2a: Garganacl|100\/100|[from] item: Leftovers\n|-heal|p1a: Clodsire|76\/100|[from] item: Black Sludge\n|-damage|p2a: Garganacl|88\/100|[from] Salt Cure\n|upkeep\n|turn|37\n|\n|t:|1700506128\n|move|p2a: Garganacl|Salt Cure|p1a: Clodsire\n|-resisted|p1a: Clodsire\n|-damage|p1a: Clodsire|68\/100\n|-start|p1a: Clodsire|Salt Cure\n|move|p1a: Clodsire|Earthquake|p2a: Garganacl\n|-supereffective|p2a: Garganacl\n|-damage|p2a: Garganacl|61\/100\n|\n|-heal|p2a: Garganacl|67\/100|[from] item: Leftovers\n|-heal|p1a: Clodsire|74\/100|[from] item: Black Sludge\n|-damage|p2a: Garganacl|55\/100|[from] Salt Cure\n|-damage|p1a: Clodsire|61\/100|[from] Salt Cure\n|upkeep\n|turn|38\n|\n|t:|1700506141\n|switch|p2a: Hydreigon|Hydreigon, M|54\/100\n|-damage|p2a: Hydreigon|42\/100|[from] Stealth Rock\n|move|p1a: Clodsire|Earthquake|p2a: Hydreigon\n|-immune|p2a: Hydreigon|[from] ability: Levitate\n|\n|-heal|p1a: Clodsire|67\/100|[from] item: Black Sludge\n|-damage|p1a: Clodsire|55\/100|[from] Salt Cure\n|upkeep\n|turn|39\n|\n|t:|1700506148\n|move|p2a: Hydreigon|Dark Pulse|p1a: Clodsire\n|-damage|p1a: Clodsire|33\/100\n|move|p1a: Clodsire|Toxic|p2a: Hydreigon\n|-status|p2a: Hydreigon|tox\n|\n|-heal|p1a: Clodsire|39\/100|[from] item: Black Sludge\n|-damage|p2a: Hydreigon|36\/100 tox|[from] psn\n|-damage|p1a: Clodsire|27\/100|[from] Salt Cure\n|upkeep\n|turn|40\n|\n|t:|1700506161\n|switch|p2a: Zapdos|Zapdos|100\/100\n|move|p1a: Clodsire|Recover|p1a: Clodsire\n|-heal|p1a: Clodsire|77\/100\n|\n|-heal|p1a: Clodsire|83\/100|[from] item: Black Sludge\n|-damage|p1a: Clodsire|71\/100|[from] Salt Cure\n|upkeep\n|turn|41\n|\n|t:|1700506179\n|move|p2a: Zapdos|Hurricane|p1a: Clodsire\n|-damage|p1a: Clodsire|40\/100\n|move|p1a: Clodsire|Toxic|p2a: Zapdos\n|-status|p2a: Zapdos|tox\n|\n|-heal|p1a: Clodsire|46\/100|[from] item: Black Sludge\n|-damage|p2a: Zapdos|94\/100 tox|[from] psn\n|-damage|p1a: Clodsire|34\/100|[from] Salt Cure\n|upkeep\n|turn|42\n|\n|t:|1700506196\n|switch|p2a: Toxapex|Toxapex, M|85\/100\n|-damage|p2a: Toxapex|60\/100|[from] Spikes\n|-damage|p2a: Toxapex|48\/100|[from] Stealth Rock\n|move|p1a: Clodsire|Recover|p1a: Clodsire\n|-heal|p1a: Clodsire|84\/100\n|\n|-heal|p2a: Toxapex|54\/100|[from] item: Leftovers\n|-heal|p1a: Clodsire|90\/100|[from] item: Black Sludge\n|-damage|p1a: Clodsire|78\/100|[from] Salt Cure\n|upkeep\n|turn|43\n|\n|t:|1700506200\n|move|p2a: Toxapex|Recover|p2a: Toxapex\n|-heal|p2a: Toxapex|100\/100\n|move|p1a: Clodsire|Earthquake|p2a: Toxapex\n|-supereffective|p2a: Toxapex\n|-damage|p2a: Toxapex|60\/100\n|\n|-heal|p2a: Toxapex|67\/100|[from] item: Leftovers\n|-heal|p1a: Clodsire|84\/100|[from] item: Black Sludge\n|-damage|p1a: Clodsire|71\/100|[from] Salt Cure\n|upkeep\n|turn|44\n|\n|t:|1700506203\n|move|p2a: Toxapex|Recover|p2a: Toxapex\n|-heal|p2a: Toxapex|100\/100\n|move|p1a: Clodsire|Earthquake|p2a: Toxapex\n|-supereffective|p2a: Toxapex\n|-damage|p2a: Toxapex|54\/100\n|\n|-heal|p2a: Toxapex|61\/100|[from] item: Leftovers\n|-heal|p1a: Clodsire|77\/100|[from] item: Black Sludge\n|-damage|p1a: Clodsire|65\/100|[from] Salt Cure\n|upkeep\n|turn|45\n|\n|t:|1700506209\n|switch|p1a: Garganacl|Garganacl, M, shiny, tera:Ghost|94\/100\n|-damage|p1a: Garganacl|82\/100|[from] Stealth Rock\n|move|p2a: Toxapex|Recover|p2a: Toxapex\n|-heal|p2a: Toxapex|100\/100\n|\n|-heal|p1a: Garganacl|88\/100|[from] item: Leftovers\n|upkeep\n|turn|46\n|\n|t:|1700506224\n|switch|p2a: Zapdos|Zapdos|94\/100 tox\n|move|p1a: Garganacl|Salt Cure|p2a: Zapdos\n|-supereffective|p2a: Zapdos\n|-damage|p2a: Zapdos|58\/100 tox\n|-start|p2a: Zapdos|Salt Cure\n|\n|-heal|p1a: Garganacl|94\/100|[from] item: Leftovers\n|-damage|p2a: Zapdos|52\/100 tox|[from] psn\n|-damage|p2a: Zapdos|40\/100 tox|[from] Salt Cure\n|upkeep\n|turn|47\n|\n|t:|1700506231\n|move|p2a: Zapdos|Hurricane|p1a: Garganacl|[miss]\n|-miss|p2a: Zapdos|p1a: Garganacl\n|move|p1a: Garganacl|Salt Cure|p2a: Zapdos\n|-supereffective|p2a: Zapdos\n|-damage|p2a: Zapdos|6\/100 tox\n|\n|-heal|p1a: Garganacl|99\/100|[from] item: Leftovers\n|-damage|p2a: Zapdos|0 fnt|[from] psn\n|faint|p2a: Zapdos\n|upkeep\n|\n|t:|1700506236\n|switch|p2a: Hydreigon|Hydreigon, M|36\/100 tox\n|-damage|p2a: Hydreigon|24\/100 tox|[from] Stealth Rock\n|turn|48\n|\n|t:|1700506247\n|-terastallize|p2a: Hydreigon|Dragon\n|move|p1a: Garganacl|Protect|p1a: Garganacl\n|-singleturn|p1a: Garganacl|Protect\n|move|p2a: Hydreigon|Draco Meteor|p1a: Garganacl\n|-activate|p1a: Garganacl|move: Protect\n|\n|-heal|p1a: Garganacl|100\/100|[from] item: Leftovers\n|-damage|p2a: Hydreigon|18\/100 tox|[from] psn\n|upkeep\n|turn|49\n|\n|t:|1700506256\n|switch|p1a: Clodsire|Clodsire, F, shiny|65\/100\n|-damage|p1a: Clodsire|59\/100|[from] Stealth Rock\n|move|p2a: Hydreigon|Draco Meteor|p1a: Clodsire\n|-damage|p1a: Clodsire|12\/100\n|-unboost|p2a: Hydreigon|spa|2\n|\n|-heal|p1a: Clodsire|18\/100|[from] item: Black Sludge\n|-damage|p2a: Hydreigon|5\/100 tox|[from] psn\n|upkeep\n|turn|50\n|\n|t:|1700506261\n|move|p2a: Hydreigon|Draco Meteor|p1a: Clodsire\n|-damage|p1a: Clodsire|0 fnt\n|-unboost|p2a: Hydreigon|spa|2\n|faint|p1a: Clodsire\n|\n|-damage|p2a: Hydreigon|0 fnt|[from] psn\n|faint|p2a: Hydreigon\n|upkeep\n|\n|t:|1700506284\n|switch|p2a: Garganacl|Garganacl, M|55\/100\n|switch|p1a: Garganacl|Garganacl, M, shiny, tera:Ghost|100\/100\n|-damage|p2a: Garganacl|30\/100|[from] Spikes\n|-damage|p2a: Garganacl|17\/100|[from] Stealth Rock\n|-damage|p1a: Garganacl|88\/100|[from] Stealth Rock\n|turn|51\n|\n|t:|1700506290\n|move|p2a: Garganacl|Protect|p2a: Garganacl\n|-singleturn|p2a: Garganacl|Protect\n|move|p1a: Garganacl|Salt Cure|p2a: Garganacl\n|-activate|p2a: Garganacl|move: Protect\n|\n|-heal|p1a: Garganacl|94\/100|[from] item: Leftovers\n|-heal|p2a: Garganacl|24\/100|[from] item: Leftovers\n|upkeep\n|turn|52\n|\n|t:|1700506294\n|move|p1a: Garganacl|Salt Cure|p2a: Garganacl\n|-damage|p2a: Garganacl|17\/100\n|-start|p2a: Garganacl|Salt Cure\n|move|p2a: Garganacl|Recover|p2a: Garganacl\n|-heal|p2a: Garganacl|67\/100\n|\n|-heal|p2a: Garganacl|73\/100|[from] item: Leftovers\n|-heal|p1a: Garganacl|100\/100|[from] item: Leftovers\n|-damage|p2a: Garganacl|60\/100|[from] Salt Cure\n|upkeep\n|turn|53\n|\n|t:|1700506302\n|move|p1a: Garganacl|Protect|p1a: Garganacl\n|-singleturn|p1a: Garganacl|Protect\n|move|p2a: Garganacl|Salt Cure|p1a: Garganacl\n|-activate|p1a: Garganacl|move: Protect\n|\n|-heal|p2a: Garganacl|67\/100|[from] item: Leftovers\n|-damage|p2a: Garganacl|54\/100|[from] Salt Cure\n|upkeep\n|turn|54\n|\n|t:|1700506307\n|move|p1a: Garganacl|Salt Cure|p2a: Garganacl\n|-damage|p2a: Garganacl|47\/100\n|move|p2a: Garganacl|Salt Cure|p1a: Garganacl\n|-damage|p1a: Garganacl|94\/100\n|-start|p1a: Garganacl|Salt Cure\n|\n|-heal|p2a: Garganacl|53\/100|[from] item: Leftovers\n|-heal|p1a: Garganacl|99\/100|[from] item: Leftovers\n|-damage|p2a: Garganacl|41\/100|[from] Salt Cure\n|-damage|p1a: Garganacl|87\/100|[from] Salt Cure\n|upkeep\n|turn|55\n|\n|t:|1700506312\n|switch|p1a: Ceruledge|Ceruledge, F, shiny|100\/100\n|-damage|p1a: Ceruledge|76\/100|[from] Stealth Rock\n|move|p2a: Garganacl|Recover|p2a: Garganacl\n|-heal|p2a: Garganacl|91\/100\n|\n|-heal|p2a: Garganacl|97\/100|[from] item: Leftovers\n|-damage|p2a: Garganacl|84\/100|[from] Salt Cure\n|upkeep\n|turn|56\n|\n|t:|1700506318\n|move|p1a: Ceruledge|Swords Dance|p1a: Ceruledge\n|-boost|p1a: Ceruledge|atk|2\n|move|p2a: Garganacl|Salt Cure|p1a: Ceruledge\n|-supereffective|p1a: Ceruledge\n|-damage|p1a: Ceruledge|35\/100\n|-start|p1a: Ceruledge|Salt Cure\n|-ability|p1a: Ceruledge|Weak Armor|boost\n|-unboost|p1a: Ceruledge|def|1\n|-boost|p1a: Ceruledge|spe|2\n|\n|-heal|p2a: Garganacl|91\/100|[from] item: Leftovers\n|-damage|p1a: Ceruledge|22\/100|[from] Salt Cure\n|-damage|p2a: Garganacl|78\/100|[from] Salt Cure\n|upkeep\n|turn|57\n|\n|t:|1700506341\n|switch|p2a: Great Tusk|Great Tusk|45\/100 tox\n|move|p1a: Ceruledge|Bitter Blade|p2a: Great Tusk\n|-damage|p2a: Great Tusk|0 fnt\n|-heal|p1a: Ceruledge|50\/100|[from] drain|[of] p2a: Great Tusk\n|faint|p2a: Great Tusk\n|-end|p2a: Great Tusk|Protosynthesis|[silent]\n|\n|-damage|p1a: Ceruledge|38\/100|[from] Salt Cure\n|upkeep\n|\n|t:|1700506353\n|switch|p2a: Garganacl|Garganacl, M|78\/100\n|-damage|p2a: Garganacl|53\/100|[from] Spikes\n|-damage|p2a: Garganacl|41\/100|[from] Stealth Rock\n|turn|58\n|\n|t:|1700506359\n|move|p1a: Ceruledge|Poltergeist|p2a: Garganacl\n|-activate|p2a: Garganacl|move: Poltergeist|Leftovers\n|-damage|p2a: Garganacl|12\/100\n|move|p2a: Garganacl|Recover|p2a: Garganacl\n|-heal|p2a: Garganacl|62\/100\n|\n|-heal|p2a: Garganacl|68\/100|[from] item: Leftovers\n|-damage|p1a: Ceruledge|26\/100|[from] Salt Cure\n|upkeep\n|turn|59\n|\n|t:|1700506370\n|move|p1a: Ceruledge|Bitter Blade|p2a: Garganacl\n|-resisted|p2a: Garganacl\n|-damage|p2a: Garganacl|44\/100\n|-heal|p1a: Ceruledge|43\/100|[from] drain|[of] p2a: Garganacl\n|move|p2a: Garganacl|Salt Cure|p1a: Ceruledge\n|-supereffective|p1a: Ceruledge\n|-damage|p1a: Ceruledge|0 fnt\n|faint|p1a: Ceruledge\n|\n|-heal|p2a: Garganacl|50\/100|[from] item: Leftovers\n|upkeep\n|\n|t:|1700506379\n|switch|p1a: Iron Moth|Iron Moth, shiny|100\/100\n|-damage|p1a: Iron Moth|76\/100|[from] Stealth Rock\n|-enditem|p1a: Iron Moth|Booster Energy\n|-activate|p1a: Iron Moth|ability: Quark Drive|[fromitem]\n|-start|p1a: Iron Moth|quarkdrivespe\n|turn|60\n|\n|t:|1700506385\n|move|p2a: Garganacl|Protect|p2a: Garganacl\n|-singleturn|p2a: Garganacl|Protect\n|move|p1a: Iron Moth|Energy Ball|p2a: Garganacl\n|-activate|p2a: Garganacl|move: Protect\n|\n|-heal|p2a: Garganacl|56\/100|[from] item: Leftovers\n|upkeep\n|turn|61\n|inactive|sztorm123 has 120 seconds left.\n|\n|t:|1700506423\n|switch|p2a: Toxapex|Toxapex, M|100\/100\n|-damage|p2a: Toxapex|75\/100|[from] Spikes\n|-damage|p2a: Toxapex|63\/100|[from] Stealth Rock\n|move|p1a: Iron Moth|Substitute|p1a: Iron Moth\n|-start|p1a: Iron Moth|Substitute\n|-damage|p1a: Iron Moth|51\/100\n|\n|-heal|p2a: Toxapex|69\/100|[from] item: Leftovers\n|upkeep\n|turn|62\n|inactive|sztorm123 has 120 seconds left.\n|\n|t:|1700506432\n|move|p1a: Iron Moth|Energy Ball|p2a: Toxapex\n|-damage|p2a: Toxapex|51\/100\n|move|p2a: Toxapex|Surf|p1a: Iron Moth\n|-supereffective|p1a: Iron Moth\n|-end|p1a: Iron Moth|Substitute\n|\n|-heal|p2a: Toxapex|57\/100|[from] item: Leftovers\n|upkeep\n|turn|63\n|\n|t:|1700506437\n|-end|p1a: Iron Moth|Quark Drive|[silent]\n|switch|p1a: Garganacl|Garganacl, M, shiny, tera:Ghost|87\/100\n|-damage|p1a: Garganacl|75\/100|[from] Stealth Rock\n|move|p2a: Toxapex|Surf|p1a: Garganacl\n|-damage|p1a: Garganacl|61\/100\n|\n|-heal|p2a: Toxapex|64\/100|[from] item: Leftovers\n|-heal|p1a: Garganacl|67\/100|[from] item: Leftovers\n|upkeep\n|turn|64\n|\n|t:|1700506451\n|switch|p2a: Garganacl|Garganacl, M|56\/100\n|-damage|p2a: Garganacl|31\/100|[from] Spikes\n|-damage|p2a: Garganacl|19\/100|[from] Stealth Rock\n|move|p1a: Garganacl|Salt Cure|p2a: Garganacl\n|-damage|p2a: Garganacl|11\/100\n|-start|p2a: Garganacl|Salt Cure\n|\n|-heal|p2a: Garganacl|17\/100|[from] item: Leftovers\n|-heal|p1a: Garganacl|73\/100|[from] item: Leftovers\n|-damage|p2a: Garganacl|5\/100|[from] Salt Cure\n|upkeep\n|turn|65\n|\n|t:|1700506457\n|move|p1a: Garganacl|Salt Cure|p2a: Garganacl\n|-damage|p2a: Garganacl|0 fnt\n|faint|p2a: Garganacl\n|\n|-heal|p1a: Garganacl|79\/100|[from] item: Leftovers\n|upkeep\n|\n|t:|1700506459\n|switch|p2a: Ogerpon|Ogerpon-Wellspring, F|100\/100\n|-damage|p2a: Ogerpon|76\/100|[from] Spikes\n|-damage|p2a: Ogerpon|63\/100|[from] Stealth Rock\n|turn|66\n|\n|t:|1700506466\n|move|p2a: Ogerpon|Horn Leech|p1a: Garganacl\n|-damage|p1a: Garganacl|56\/100\n|-heal|p2a: Ogerpon|79\/100|[from] drain|[of] p1a: Garganacl\n|move|p1a: Garganacl|Salt Cure|p2a: Ogerpon\n|-damage|p2a: Ogerpon|61\/100\n|-start|p2a: Ogerpon|Salt Cure\n|\n|-heal|p1a: Garganacl|62\/100|[from] item: Leftovers\n|-damage|p2a: Ogerpon|36\/100|[from] Salt Cure\n|upkeep\n|turn|67\n|\n|t:|1700506472\n|move|p2a: Ogerpon|Swords Dance|p2a: Ogerpon\n|-boost|p2a: Ogerpon|atk|2\n|move|p1a: Garganacl|Recover|p1a: Garganacl\n|-heal|p1a: Garganacl|100\/100\n|\n|-damage|p2a: Ogerpon|11\/100|[from] Salt Cure\n|upkeep\n|turn|68\n|\n|t:|1700506475\n|move|p1a: Garganacl|Protect|p1a: Garganacl\n|-singleturn|p1a: Garganacl|Protect\n|move|p2a: Ogerpon|Horn Leech|p1a: Garganacl\n|-activate|p1a: Garganacl|move: Protect\n|\n|-damage|p2a: Ogerpon|0 fnt|[from] Salt Cure\n|faint|p2a: Ogerpon\n|upkeep\n|-message|sztorm123 forfeited.\n|\n|win|TheNutmeg33\n|raw|TheNutmeg33's rating: 1574 &rarr; <strong>1589<\/strong><br \/>(+15 for winning)\n|raw|sztorm123's rating: 1485 &rarr; <strong>1470<\/strong><br \/>(-15 for losing)\n|l|\u2606sztorm123\n","uploadtime":1700506487,"views":48,"p1id":"thenutmeg33","p2id":"sztorm123","formatid":"gen9ou","rating":1470,"private":0,"password":""}