{"id":"gen9ou-1994149663","p1":"val_dmb","p2":"NEW WAVE META","format":"[Gen 9] OU","log":"|j|\u2606val_dmb\n|j|\u2606NEW WAVE META\n|t:|1700412663\n|gametype|singles\n|player|p1|val_dmb|red|1693\n|player|p2|NEW WAVE META|dancer|1618\n|teamsize|p1|6\n|teamsize|p2|6\n|gen|9\n|tier|[Gen 9] OU\n|rated|\n|rule|Sleep Clause Mod: Limit one foe put to sleep\n|rule|Species Clause: Limit one of each Pok\u00e9mon\n|rule|OHKO Clause: OHKO moves are banned\n|rule|Evasion Items Clause: Evasion items are banned\n|rule|Evasion Moves Clause: Evasion moves are banned\n|rule|Endless Battle Clause: Forcing endless battles is banned\n|rule|HP Percentage Mod: HP is shown in percentages\n|clearpoke\n|poke|p1|Dragapult, M|\n|poke|p1|Ogerpon-Wellspring, F|\n|poke|p1|Zamazenta-*|\n|poke|p1|Heatran, F|\n|poke|p1|Zapdos|\n|poke|p1|Kingambit, F|\n|poke|p2|Ogerpon-Wellspring, F|\n|poke|p2|Great Tusk|\n|poke|p2|Slowking-Galar, F|\n|poke|p2|Iron Valiant|\n|poke|p2|Corviknight, M|\n|poke|p2|Brambleghast, M|\n|teampreview\n|inactive|Battle timer is ON: inactive players will automatically lose when time's up. (requested by NEW WAVE META)\n|j| CutePokesOnly\n|\n|t:|1700412680\n|start\n|switch|p1a: Heatran|Heatran, F|100\/100\n|switch|p2a: Great Tusk|Great Tusk|100\/100\n|turn|1\n|\n|t:|1700412691\n|switch|p1a: Zapdos|Zapdos|100\/100\n|move|p2a: Great Tusk|Stealth Rock|p1a: Zapdos\n|-sidestart|p1: val_dmb|move: Stealth Rock\n|\n|upkeep\n|turn|2\n|\n|t:|1700412698\n|-end|p2a: Great Tusk|Protosynthesis|[silent]\n|switch|p2a: Brambleghast|Brambleghast, M|100\/100\n|move|p1a: Zapdos|Hurricane|p2a: Brambleghast\n|-ability|p2a: Brambleghast|Wind Rider|boost\n|-boost|p2a: Brambleghast|atk|1\n|\n|upkeep\n|turn|3\n|\n|t:|1700412708\n|move|p2a: Brambleghast|Poltergeist|p1a: Zapdos\n|-activate|p1a: Zapdos|move: Poltergeist|Heavy-Duty Boots\n|-damage|p1a: Zapdos|33\/100\n|move|p1a: Zapdos|Heat Wave|p2a: Brambleghast\n|-ability|p2a: Brambleghast|Wind Rider|boost\n|-boost|p2a: Brambleghast|atk|1\n|\n|upkeep\n|turn|4\n|\n|t:|1700412725\n|switch|p1a: Kingambit|Kingambit, F|100\/100\n|-damage|p1a: Kingambit|94\/100|[from] Stealth Rock\n|move|p2a: Brambleghast|Bullet Seed|p1a: Kingambit\n|-resisted|p1a: Kingambit\n|-damage|p1a: Kingambit|85\/100\n|-resisted|p1a: Kingambit\n|-damage|p1a: Kingambit|74\/100\n|-resisted|p1a: Kingambit\n|-damage|p1a: Kingambit|65\/100\n|-resisted|p1a: Kingambit\n|-damage|p1a: Kingambit|55\/100\n|-hitcount|p1a: Kingambit|4\n|\n|upkeep\n|turn|5\n|c| CutePokesOnly|learned something new\n|\n|t:|1700412738\n|switch|p2a: Corviknight|Corviknight, M|100\/100\n|-ability|p2a: Corviknight|Pressure\n|move|p1a: Kingambit|Kowtow Cleave|p2a: Corviknight\n|-damage|p2a: Corviknight|72\/100\n|-damage|p1a: Kingambit|39\/100|[from] item: Rocky Helmet|[of] p2a: Corviknight\n|\n|upkeep\n|turn|6\n|\n|t:|1700412747\n|-end|p1a: Kingambit|fallenundefined|[silent]\n|switch|p1a: Heatran|Heatran, F|100\/100\n|-damage|p1a: Heatran|88\/100|[from] Stealth Rock\n|move|p2a: Corviknight|Tailwind|p2a: Corviknight\n|-sidestart|p2: NEW WAVE META|move: Tailwind\n|\n|-heal|p1a: Heatran|94\/100|[from] item: Leftovers\n|upkeep\n|turn|7\n|\n|t:|1700412756\n|move|p2a: Corviknight|U-turn|p1a: Heatran\n|-resisted|p1a: Heatran\n|-crit|p1a: Heatran\n|-damage|p1a: Heatran|90\/100\n|\n|t:|1700412765\n|switch|p2a: Ogerpon|Ogerpon-Wellspring, F|100\/100|[from] U-turn\n|move|p1a: Heatran|Stealth Rock|p2a: Ogerpon\n|-sidestart|p2: NEW WAVE META|move: Stealth Rock\n|\n|-heal|p1a: Heatran|96\/100|[from] item: Leftovers\n|upkeep\n|turn|8\n|\n|t:|1700412778\n|switch|p2a: Brambleghast|Brambleghast, M|100\/100\n|-damage|p2a: Brambleghast|88\/100|[from] Stealth Rock\n|-ability|p2a: Brambleghast|Wind Rider|boost\n|-boost|p2a: Brambleghast|atk|1\n|switch|p1a: Zamazenta|Zamazenta|100\/100\n|-damage|p1a: Zamazenta|94\/100|[from] Stealth Rock\n|-ability|p1a: Zamazenta|Dauntless Shield|boost\n|-boost|p1a: Zamazenta|def|1\n|\n|-heal|p1a: Zamazenta|100\/100|[from] item: Leftovers\n|upkeep\n|turn|9\n|\n|t:|1700412796\n|switch|p2a: Slowking|Slowking-Galar, F|100\/100\n|-damage|p2a: Slowking|88\/100|[from] Stealth Rock\n|move|p1a: Zamazenta|Crunch|p2a: Slowking\n|-supereffective|p2a: Slowking\n|-damage|p2a: Slowking|42\/100\n|\n|-heal|p2a: Slowking|48\/100|[from] item: Black Sludge\n|-sideend|p2: NEW WAVE META|move: Tailwind\n|upkeep\n|turn|10\n|\n|t:|1700412816\n|switch|p2a: Iron Valiant|Iron Valiant|100\/100\n|-damage|p2a: Iron Valiant|94\/100|[from] Stealth Rock\n|move|p1a: Zamazenta|Crunch|p2a: Iron Valiant\n|-resisted|p2a: Iron Valiant\n|-damage|p2a: Iron Valiant|88\/100\n|\n|upkeep\n|turn|11\n|\n|t:|1700412826\n|switch|p1a: Heatran|Heatran, F|96\/100\n|-damage|p1a: Heatran|84\/100|[from] Stealth Rock\n|move|p2a: Iron Valiant|Moonblast|p1a: Heatran\n|-resisted|p1a: Heatran\n|-damage|p1a: Heatran|75\/100\n|-unboost|p1a: Heatran|spa|1\n|\n|-heal|p1a: Heatran|82\/100|[from] item: Leftovers\n|upkeep\n|turn|12\n|\n|t:|1700412833\n|-end|p2a: Iron Valiant|Quark Drive|[silent]\n|switch|p2a: Slowking|Slowking-Galar, F|82\/100\n|-damage|p2a: Slowking|69\/100|[from] Stealth Rock\n|move|p1a: Heatran|Magma Storm|p2a: Slowking\n|-damage|p2a: Slowking|53\/100\n|-activate|p2a: Slowking|move: Magma Storm|[of] p1a: Heatran\n|\n|-heal|p1a: Heatran|88\/100|[from] item: Leftovers\n|-heal|p2a: Slowking|59\/100|[from] item: Black Sludge\n|-damage|p2a: Slowking|47\/100|[from] move: Magma Storm|[partiallytrapped]\n|upkeep\n|turn|13\n|\n|t:|1700412845\n|move|p1a: Heatran|Earth Power|p2a: Slowking\n|-supereffective|p2a: Slowking\n|-damage|p2a: Slowking|28\/100\n|move|p2a: Slowking|Chilly Reception|p2a: Slowking\n|-weather|Snow\n|\n|t:|1700412849\n|switch|p2a: Great Tusk|Great Tusk|100\/100|[from] Chilly Reception\n|-damage|p2a: Great Tusk|98\/100|[from] Stealth Rock\n|\n|-weather|Snow|[upkeep]\n|-heal|p2a: Great Tusk|100\/100|[from] item: Leftovers\n|-heal|p1a: Heatran|94\/100|[from] item: Leftovers\n|upkeep\n|turn|14\n|\n|t:|1700412861\n|move|p1a: Heatran|Protect|p1a: Heatran\n|-singleturn|p1a: Heatran|Protect\n|move|p2a: Great Tusk|Rapid Spin|p1a: Heatran\n|-activate|p1a: Heatran|move: Protect\n|\n|-weather|Snow|[upkeep]\n|-heal|p1a: Heatran|99\/100|[from] item: Leftovers\n|upkeep\n|turn|15\n|\n|t:|1700412872\n|switch|p1a: Zapdos|Zapdos|33\/100\n|move|p2a: Great Tusk|Earthquake|p1a: Zapdos\n|-immune|p1a: Zapdos\n|\n|-weather|Snow|[upkeep]\n|upkeep\n|turn|16\n|\n|t:|1700412879\n|move|p1a: Zapdos|Roost|p1a: Zapdos\n|-heal|p1a: Zapdos|83\/100\n|-singleturn|p1a: Zapdos|move: Roost\n|move|p2a: Great Tusk|Rapid Spin|p1a: Zapdos\n|-damage|p1a: Zapdos|71\/100\n|-boost|p2a: Great Tusk|spe|1\n|-status|p2a: Great Tusk|par|[from] ability: Static|[of] p1a: Zapdos\n|-sideend|p2: NEW WAVE META|Stealth Rock|[from] move: Rapid Spin|[of] p2a: Great Tusk\n|\n|-weather|Snow|[upkeep]\n|upkeep\n|turn|17\n|\n|t:|1700412888\n|-end|p2a: Great Tusk|Protosynthesis|[silent]\n|switch|p2a: Slowking|Slowking-Galar, F|61\/100\n|move|p1a: Zapdos|Volt Switch|p2a: Slowking\n|-damage|p2a: Slowking|43\/100\n|\n|t:|1700412894\n|switch|p1a: Heatran|Heatran, F|99\/100|[from] Volt Switch\n|-damage|p1a: Heatran|88\/100|[from] Stealth Rock\n|\n|-weather|none\n|-heal|p1a: Heatran|94\/100|[from] item: Leftovers\n|-heal|p2a: Slowking|49\/100|[from] item: Black Sludge\n|upkeep\n|turn|18\n|\n|t:|1700412899\n|move|p1a: Heatran|Stealth Rock|p2a: Slowking\n|-sidestart|p2: NEW WAVE META|move: Stealth Rock\n|move|p2a: Slowking|Chilly Reception|p2a: Slowking\n|-weather|Snow\n|\n|t:|1700412906\n|switch|p2a: Iron Valiant|Iron Valiant|88\/100|[from] Chilly Reception\n|-damage|p2a: Iron Valiant|81\/100|[from] Stealth Rock\n|\n|-weather|Snow|[upkeep]\n|-heal|p1a: Heatran|99\/100|[from] item: Leftovers\n|upkeep\n|turn|19\n|\n|t:|1700412916\n|move|p1a: Heatran|Protect|p1a: Heatran\n|-singleturn|p1a: Heatran|Protect\n|move|p2a: Iron Valiant|Close Combat|p1a: Heatran\n|-activate|p1a: Heatran|move: Protect\n|\n|-weather|Snow|[upkeep]\n|-heal|p1a: Heatran|100\/100|[from] item: Leftovers\n|upkeep\n|turn|20\n|\n|t:|1700412924\n|-end|p2a: Iron Valiant|Quark Drive|[silent]\n|switch|p2a: Slowking|Slowking-Galar, F|82\/100\n|-damage|p2a: Slowking|70\/100|[from] Stealth Rock\n|switch|p1a: Dragapult|Dragapult, M|100\/100\n|-damage|p1a: Dragapult|88\/100|[from] Stealth Rock\n|\n|-weather|Snow|[upkeep]\n|-heal|p2a: Slowking|76\/100|[from] item: Black Sludge\n|upkeep\n|turn|21\n|\n|t:|1700412933\n|move|p1a: Dragapult|U-turn|p2a: Slowking\n|-crit|p2a: Slowking\n|-damage|p2a: Slowking|48\/100\n|\n|t:|1700412949\n|switch|p1a: Ogerpon|Ogerpon-Wellspring, F|100\/100|[from] U-turn\n|-damage|p1a: Ogerpon|88\/100|[from] Stealth Rock\n|move|p2a: Slowking|Trick||[still]\n|-fail|p2a: Slowking\n|\n|-weather|Snow|[upkeep]\n|-heal|p2a: Slowking|54\/100|[from] item: Black Sludge\n|upkeep\n|turn|22\n|inactive|val_dmb has 120 seconds left.\n|\n|t:|1700412975\n|switch|p2a: Ogerpon|Ogerpon-Wellspring, F|100\/100\n|-damage|p2a: Ogerpon|88\/100|[from] Stealth Rock\n|move|p1a: Ogerpon|Knock Off|p2a: Ogerpon\n|-damage|p2a: Ogerpon|55\/100\n|\n|-weather|none\n|upkeep\n|turn|23\n|inactive|val_dmb has 120 seconds left.\n|\n|t:|1700412994\n|switch|p1a: Zapdos|Zapdos|71\/100\n|move|p2a: Ogerpon|Horn Leech|p1a: Zapdos\n|-resisted|p1a: Zapdos\n|-damage|p1a: Zapdos|49\/100\n|-heal|p2a: Ogerpon|69\/100|[from] drain|[of] p1a: Zapdos\n|\n|upkeep\n|turn|24\n|inactive|val_dmb has 120 seconds left.\n|\n|t:|1700413003\n|move|p2a: Ogerpon|Ivy Cudgel|p1a: Zapdos|[anim] Ivy Cudgel Water\n|-crit|p1a: Zapdos\n|-damage|p1a: Zapdos|0 fnt\n|faint|p1a: Zapdos\n|\n|upkeep\n|inactive|val_dmb has 120 seconds left.\n|\n|t:|1700413012\n|switch|p1a: Zamazenta|Zamazenta|100\/100\n|-damage|p1a: Zamazenta|94\/100|[from] Stealth Rock\n|turn|25\n|inactive|val_dmb has 120 seconds left.\n|\n|t:|1700413025\n|switch|p2a: Slowking|Slowking-Galar, F|88\/100\n|-damage|p2a: Slowking|75\/100|[from] Stealth Rock\n|move|p1a: Zamazenta|Crunch|p2a: Slowking\n|-supereffective|p2a: Slowking\n|-damage|p2a: Slowking|31\/100\n|\n|-heal|p1a: Zamazenta|100\/100|[from] item: Leftovers\n|-heal|p2a: Slowking|37\/100|[from] item: Black Sludge\n|upkeep\n|turn|26\n|\n|t:|1700413034\n|switch|p2a: Corviknight|Corviknight, M|72\/100\n|-damage|p2a: Corviknight|59\/100|[from] Stealth Rock\n|-ability|p2a: Corviknight|Pressure\n|move|p1a: Zamazenta|Crunch|p2a: Corviknight\n|-damage|p2a: Corviknight|46\/100\n|-damage|p1a: Zamazenta|84\/100|[from] item: Rocky Helmet|[of] p2a: Corviknight\n|\n|-heal|p1a: Zamazenta|90\/100|[from] item: Leftovers\n|upkeep\n|turn|27\n|\n|t:|1700413037\n|move|p1a: Zamazenta|Iron Defense|p1a: Zamazenta\n|-boost|p1a: Zamazenta|def|2\n|move|p2a: Corviknight|Roost|p2a: Corviknight\n|-heal|p2a: Corviknight|96\/100\n|-singleturn|p2a: Corviknight|move: Roost\n|\n|-heal|p1a: Zamazenta|97\/100|[from] item: Leftovers\n|upkeep\n|turn|28\n|\n|t:|1700413044\n|switch|p2a: Iron Valiant|Iron Valiant|81\/100\n|-damage|p2a: Iron Valiant|75\/100|[from] Stealth Rock\n|move|p1a: Zamazenta|Body Press|p2a: Iron Valiant\n|-resisted|p2a: Iron Valiant\n|-damage|p2a: Iron Valiant|23\/100\n|\n|-heal|p1a: Zamazenta|100\/100|[from] item: Leftovers\n|upkeep\n|turn|29\n|inactive|val_dmb has 120 seconds left.\n|inactive|val_dmb has 90 seconds left.\n|\n|t:|1700413105\n|-terastallize|p1a: Zamazenta|Fairy\n|move|p2a: Iron Valiant|Trick|p1a: Zamazenta\n|-activate|p2a: Iron Valiant|move: Trick|[of] p1a: Zamazenta\n|-item|p1a: Zamazenta|Choice Scarf|[from] move: Trick\n|-item|p2a: Iron Valiant|Leftovers|[from] move: Trick\n|move|p1a: Zamazenta|Body Press|p2a: Iron Valiant\n|-resisted|p2a: Iron Valiant\n|-crit|p2a: Iron Valiant\n|-damage|p2a: Iron Valiant|0 fnt\n|faint|p2a: Iron Valiant\n|-end|p2a: Iron Valiant|Quark Drive|[silent]\n|\n|upkeep\n|\n|t:|1700413115\n|switch|p2a: Slowking|Slowking-Galar, F|70\/100\n|-damage|p2a: Slowking|58\/100|[from] Stealth Rock\n|turn|30\n|inactive|val_dmb has 90 seconds left.\n|\n|t:|1700413133\n|switch|p1a: Ogerpon|Ogerpon-Wellspring, F|88\/100\n|-damage|p1a: Ogerpon|76\/100|[from] Stealth Rock\n|move|p2a: Slowking|Chilly Reception|p2a: Slowking\n|-weather|Snow\n|\n|t:|1700413140\n|switch|p2a: Corviknight|Corviknight, M|96\/100|[from] Chilly Reception\n|-damage|p2a: Corviknight|83\/100|[from] Stealth Rock\n|-ability|p2a: Corviknight|Pressure\n|\n|-weather|Snow|[upkeep]\n|upkeep\n|turn|31\n|\n|t:|1700413151\n|switch|p1a: Heatran|Heatran, F|100\/100\n|-damage|p1a: Heatran|88\/100|[from] Stealth Rock\n|move|p2a: Corviknight|Tailwind|p2a: Corviknight\n|-sidestart|p2: NEW WAVE META|move: Tailwind\n|\n|-weather|Snow|[upkeep]\n|-heal|p1a: Heatran|94\/100|[from] item: Leftovers\n|upkeep\n|turn|32\n|\n|t:|1700413162\n|switch|p2a: Slowking|Slowking-Galar, F|91\/100\n|-damage|p2a: Slowking|79\/100|[from] Stealth Rock\n|move|p1a: Heatran|Magma Storm|p2a: Slowking\n|-damage|p2a: Slowking|52\/100\n|-activate|p2a: Slowking|move: Magma Storm|[of] p1a: Heatran\n|\n|-weather|Snow|[upkeep]\n|-heal|p1a: Heatran|100\/100|[from] item: Leftovers\n|-heal|p2a: Slowking|58\/100|[from] item: Black Sludge\n|-damage|p2a: Slowking|46\/100|[from] move: Magma Storm|[partiallytrapped]\n|upkeep\n|turn|33\n|\n|t:|1700413182\n|move|p1a: Heatran|Earth Power|p2a: Slowking\n|-supereffective|p2a: Slowking\n|-damage|p2a: Slowking|14\/100\n|move|p2a: Slowking|Trick|p1a: Heatran\n|-activate|p2a: Slowking|move: Trick|[of] p1a: Heatran\n|-item|p1a: Heatran|Black Sludge|[from] move: Trick\n|-item|p2a: Slowking|Leftovers|[from] move: Trick\n|\n|-weather|Snow|[upkeep]\n|-damage|p1a: Heatran|88\/100|[from] item: Black Sludge\n|-heal|p2a: Slowking|20\/100|[from] item: Leftovers\n|-damage|p2a: Slowking|7\/100|[from] move: Magma Storm|[partiallytrapped]\n|upkeep\n|turn|34\n|\n|t:|1700413195\n|move|p1a: Heatran|Magma Storm|p2a: Slowking\n|-damage|p2a: Slowking|0 fnt\n|faint|p2a: Slowking\n|\n|-weather|none\n|-damage|p1a: Heatran|76\/100|[from] item: Black Sludge\n|-sideend|p2: NEW WAVE META|move: Tailwind\n|upkeep\n|\n|t:|1700413199\n|switch|p2a: Great Tusk|Great Tusk|100\/100 par\n|-damage|p2a: Great Tusk|98\/100 par|[from] Stealth Rock\n|turn|35\n|inactive|val_dmb has 90 seconds left.\n|\n|t:|1700413229\n|switch|p1a: Dragapult|Dragapult, M|88\/100\n|-damage|p1a: Dragapult|76\/100|[from] Stealth Rock\n|move|p2a: Great Tusk|Rapid Spin|p1a: Dragapult\n|-immune|p1a: Dragapult\n|\n|-heal|p2a: Great Tusk|100\/100 par|[from] item: Leftovers\n|upkeep\n|turn|36\n|\n|t:|1700413242\n|move|p1a: Dragapult|Shadow Ball|p2a: Great Tusk\n|-damage|p2a: Great Tusk|34\/100 par\n|cant|p2a: Great Tusk|par\n|\n|-heal|p2a: Great Tusk|40\/100 par|[from] item: Leftovers\n|upkeep\n|turn|37\n|\n|t:|1700413247\n|move|p1a: Dragapult|Shadow Ball|p2a: Great Tusk\n|-damage|p2a: Great Tusk|0 fnt\n|faint|p2a: Great Tusk\n|-end|p2a: Great Tusk|Protosynthesis|[silent]\n|\n|upkeep\n|\n|t:|1700413251\n|switch|p2a: Corviknight|Corviknight, M|83\/100\n|-damage|p2a: Corviknight|71\/100|[from] Stealth Rock\n|-ability|p2a: Corviknight|Pressure\n|turn|38\n|\n|t:|1700413255\n|move|p1a: Dragapult|Shadow Ball|p2a: Corviknight\n|-damage|p2a: Corviknight|24\/100\n|move|p2a: Corviknight|Tailwind|p2a: Corviknight\n|-sidestart|p2: NEW WAVE META|move: Tailwind\n|\n|upkeep\n|turn|39\n|\n|t:|1700413259\n|move|p1a: Dragapult|Shadow Ball|p2a: Corviknight\n|-damage|p2a: Corviknight|0 fnt\n|faint|p2a: Corviknight\n|\n|upkeep\n|\n|t:|1700413261\n|switch|p2a: Brambleghast|Brambleghast, M|88\/100\n|-damage|p2a: Brambleghast|76\/100|[from] Stealth Rock\n|-ability|p2a: Brambleghast|Wind Rider|boost\n|-boost|p2a: Brambleghast|atk|1\n|turn|40\n|inactive|val_dmb has 120 seconds left.\n|\n|t:|1700413290\n|switch|p1a: Heatran|Heatran, F|76\/100\n|-damage|p1a: Heatran|63\/100|[from] Stealth Rock\n|move|p2a: Brambleghast|Poltergeist|p1a: Heatran\n|-activate|p1a: Heatran|move: Poltergeist|Black Sludge\n|-damage|p1a: Heatran|0 fnt\n|faint|p1a: Heatran\n|\n|upkeep\n|inactive|val_dmb has 90 seconds left.\n|\n|t:|1700413311\n|switch|p1a: Zamazenta|Zamazenta, tera:Fairy|100\/100\n|-damage|p1a: Zamazenta|88\/100|[from] Stealth Rock\n|turn|41\n|\n|t:|1700413326\n|move|p2a: Brambleghast|Bullet Seed|p1a: Zamazenta\n|-damage|p1a: Zamazenta|75\/100\n|-damage|p1a: Zamazenta|63\/100\n|-damage|p1a: Zamazenta|49\/100\n|-damage|p1a: Zamazenta|36\/100\n|-hitcount|p1a: Zamazenta|4\n|move|p1a: Zamazenta|Crunch|p2a: Brambleghast\n|-supereffective|p2a: Brambleghast\n|-damage|p2a: Brambleghast|0 fnt\n|faint|p2a: Brambleghast\n|\n|-sideend|p2: NEW WAVE META|move: Tailwind\n|upkeep\n|\n|t:|1700413334\n|switch|p2a: Ogerpon|Ogerpon-Wellspring, F|69\/100\n|-damage|p2a: Ogerpon|57\/100|[from] Stealth Rock\n|turn|42\n|j| Jan7498\n|\n|t:|1700413355\n|switch|p1a: Ogerpon|Ogerpon-Wellspring, F|76\/100\n|-damage|p1a: Ogerpon|64\/100|[from] Stealth Rock\n|move|p2a: Ogerpon|Horn Leech|p1a: Ogerpon\n|-damage|p1a: Ogerpon|10\/100\n|-heal|p2a: Ogerpon|84\/100|[from] drain|[of] p1a: Ogerpon\n|\n|upkeep\n|turn|43\n|\n|t:|1700413362\n|move|p2a: Ogerpon|Horn Leech|p1a: Ogerpon\n|-damage|p1a: Ogerpon|0 fnt\n|-heal|p2a: Ogerpon|89\/100|[from] drain|[of] p1a: Ogerpon\n|faint|p1a: Ogerpon\n|\n|upkeep\n|\n|t:|1700413365\n|switch|p1a: Dragapult|Dragapult, M|76\/100\n|-damage|p1a: Dragapult|64\/100|[from] Stealth Rock\n|turn|44\n|\n|t:|1700413374\n|-terastallize|p2a: Ogerpon|Water\n|detailschange|p2a: Ogerpon|Ogerpon-Wellspring-Tera, F, tera:Water\n|-ability|p2a: Ogerpon|Embody Aspect (Wellspring)|boost\n|-boost|p2a: Ogerpon|spd|1\n|move|p1a: Dragapult|Draco Meteor|p2a: Ogerpon\n|-damage|p2a: Ogerpon|23\/100\n|-unboost|p1a: Dragapult|spa|2\n|move|p2a: Ogerpon|Horn Leech|p1a: Dragapult\n|-resisted|p1a: Dragapult\n|-crit|p1a: Dragapult\n|-damage|p1a: Dragapult|16\/100\n|-heal|p2a: Ogerpon|48\/100|[from] drain|[of] p1a: Dragapult\n|\n|upkeep\n|turn|45\n|j| fraud no\n|\n|t:|1700413387\n|move|p1a: Dragapult|Draco Meteor|p2a: Ogerpon\n|-damage|p2a: Ogerpon|17\/100\n|-unboost|p1a: Dragapult|spa|2\n|move|p2a: Ogerpon|Horn Leech|p1a: Dragapult\n|-resisted|p1a: Dragapult\n|-damage|p1a: Dragapult|0 fnt\n|-heal|p2a: Ogerpon|25\/100|[from] drain|[of] p1a: Dragapult\n|faint|p1a: Dragapult\n|\n|upkeep\n|\n|t:|1700413391\n|switch|p1a: Zamazenta|Zamazenta, tera:Fairy|36\/100\n|-damage|p1a: Zamazenta|24\/100|[from] Stealth Rock\n|turn|46\n|c|\u2606NEW WAVE META|gg WP\n|\n|t:|1700413395\n|move|p1a: Zamazenta|Body Press|p2a: Ogerpon\n|-damage|p2a: Ogerpon|0 fnt\n|faint|p2a: Ogerpon\n|\n|win|val_dmb\n|raw|val_dmb's rating: 1693 &rarr; <strong>1709<\/strong><br \/>(+16 for winning)\n|raw|NEW WAVE META's rating: 1618 &rarr; <strong>1602<\/strong><br \/>(-16 for losing)\n","uploadtime":1700413397,"views":9,"p1id":"valdmb","p2id":"newwavemeta","formatid":"gen9ou","rating":1602,"private":0,"password":""}