{"id":"gen9ou-1999877287","p1":"PLLV52 F GAMBIT","p2":"yyysneasel","format":"[Gen 9] OU","log":"|j|\u2606PLLV52 F GAMBIT\n|j|\u2606yyysneasel\n|t:|1701125425\n|gametype|singles\n|player|p1|PLLV52 F GAMBIT|heroine2-conquest|1691\n|player|p2|yyysneasel|bugcatcher-gen4dp|1801\n|teamsize|p1|6\n|teamsize|p2|6\n|gen|9\n|tier|[Gen 9] OU\n|rated|\n|rule|Sleep Clause Mod: Limit one foe put to sleep\n|rule|Species Clause: Limit one of each Pok\u00e9mon\n|rule|OHKO Clause: OHKO moves are banned\n|rule|Evasion Items Clause: Evasion items are banned\n|rule|Evasion Moves Clause: Evasion moves are banned\n|rule|Endless Battle Clause: Forcing endless battles is banned\n|rule|HP Percentage Mod: HP is shown in percentages\n|clearpoke\n|poke|p1|Zamazenta-*|\n|poke|p1|Kingambit, F|\n|poke|p1|Samurott-Hisui, F|\n|poke|p1|Slowking-Galar, F|\n|poke|p1|Zapdos|\n|poke|p1|Landorus-Therian, M|\n|poke|p2|Corviknight, F|\n|poke|p2|Toxapex, M|\n|poke|p2|Dondozo, M|\n|poke|p2|Slowking-Galar, M|\n|poke|p2|Blissey, F|\n|poke|p2|Clefable, F|\n|teampreview\n|inactive|Battle timer is ON: inactive players will automatically lose when time's up. (requested by PLLV52 F GAMBIT)\n|j| LOTRsucks\n|c|\u2606PLLV52 F GAMBIT|Hf\n|c|\u2606yyysneasel|glhf\n|\n|t:|1701125453\n|start\n|switch|p1a: Zapdos|Zapdos|100\/100\n|switch|p2a: stannin on bihness|Toxapex, M|100\/100\n|turn|1\n|\n|t:|1701125458\n|switch|p2a: Travis Kelce|Slowking-Galar, M|100\/100\n|move|p1a: Zapdos|Volt Switch|p2a: Travis Kelce\n|-damage|p2a: Travis Kelce|76\/100\n|j| NicksRokaya\n|\n|t:|1701125462\n|switch|p1a: Samurott|Samurott-Hisui, F|100\/100|[from] Volt Switch\n|\n|upkeep\n|turn|2\n|\n|t:|1701125467\n|switch|p2a: stannin on bihness|Toxapex, M|100\/100\n|move|p1a: Samurott|Knock Off|p2a: stannin on bihness\n|-damage|p2a: stannin on bihness|74\/100\n|-enditem|p2a: stannin on bihness|Heavy-Duty Boots|[from] move: Knock Off|[of] p1a: Samurott\n|\n|upkeep\n|turn|3\n|j| Jan7498\n|\n|t:|1701125481\n|switch|p1a: Slowking|Slowking-Galar, F|100\/100\n|move|p2a: stannin on bihness|Infestation|p1a: Slowking\n|-damage|p1a: Slowking|99\/100\n|-activate|p1a: Slowking|move: Infestation|[of] p2a: stannin on bihness\n|\n|-damage|p1a: Slowking|87\/100|[from] move: Infestation|[partiallytrapped]\n|upkeep\n|turn|4\n|\n|t:|1701125484\n|switch|p2a: Travis Kelce|Slowking-Galar, M|100\/100\n|move|p1a: Slowking|Future Sight|p2a: Travis Kelce\n|-start|p1a: Slowking|move: Future Sight\n|\n|-end|p1a: Slowking|Infestation|[partiallytrapped]|[silent]\n|upkeep\n|turn|5\n|\n|t:|1701125486\n|move|p2a: Travis Kelce|Trick|p1a: Slowking\n|-activate|p2a: Travis Kelce|move: Trick|[of] p1a: Slowking\n|-item|p1a: Slowking|Choice Scarf|[from] move: Trick\n|-item|p2a: Travis Kelce|Heavy-Duty Boots|[from] move: Trick\n|move|p1a: Slowking|Chilly Reception|p1a: Slowking\n|-weather|Snow\n|\n|t:|1701125488\n|switch|p1a: Samurott|Samurott-Hisui, F|100\/100|[from] Chilly Reception\n|\n|-weather|Snow|[upkeep]\n|upkeep\n|turn|6\n|\n|t:|1701125496\n|switch|p2a: FreePalestine\ud83c\uddf5\ud83c\uddf8|Corviknight, F|100\/100\n|-ability|p2a: FreePalestine\ud83c\uddf5\ud83c\uddf8|Pressure\n|move|p1a: Samurott|Ceaseless Edge|p2a: FreePalestine\ud83c\uddf5\ud83c\uddf8\n|-damage|p2a: FreePalestine\ud83c\uddf5\ud83c\uddf8|76\/100\n|-damage|p1a: Samurott|84\/100|[from] item: Rocky Helmet|[of] p2a: FreePalestine\ud83c\uddf5\ud83c\uddf8\n|-sidestart|p2: yyysneasel|Spikes\n|\n|-weather|Snow|[upkeep]\n|-end|p2a: FreePalestine\ud83c\uddf5\ud83c\uddf8|move: Future Sight\n|-resisted|p2a: FreePalestine\ud83c\uddf5\ud83c\uddf8\n|-damage|p2a: FreePalestine\ud83c\uddf5\ud83c\uddf8|53\/100\n|upkeep\n|turn|7\n|j| Bumbaclaat\n|\n|t:|1701125499\n|move|p1a: Samurott|Knock Off|p2a: FreePalestine\ud83c\uddf5\ud83c\uddf8\n|-damage|p2a: FreePalestine\ud83c\uddf5\ud83c\uddf8|25\/100\n|-damage|p1a: Samurott|67\/100|[from] item: Rocky Helmet|[of] p2a: FreePalestine\ud83c\uddf5\ud83c\uddf8\n|-enditem|p2a: FreePalestine\ud83c\uddf5\ud83c\uddf8|Rocky Helmet|[from] move: Knock Off|[of] p1a: Samurott\n|move|p2a: FreePalestine\ud83c\uddf5\ud83c\uddf8|Roost|p2a: FreePalestine\ud83c\uddf5\ud83c\uddf8\n|-heal|p2a: FreePalestine\ud83c\uddf5\ud83c\uddf8|75\/100\n|-singleturn|p2a: FreePalestine\ud83c\uddf5\ud83c\uddf8|move: Roost\n|\n|-weather|Snow|[upkeep]\n|upkeep\n|turn|8\n|\n|t:|1701125503\n|switch|p2a: stannin on bihness|Toxapex, M|100\/100\n|-damage|p2a: stannin on bihness|88\/100|[from] Spikes\n|move|p1a: Samurott|Encore||[still]\n|-fail|p1a: Samurott\n|\n|-weather|Snow|[upkeep]\n|upkeep\n|turn|9\n|\n|t:|1701125507\n|switch|p1a: Slowking|Slowking-Galar, F|100\/100\n|move|p2a: stannin on bihness|Infestation|p1a: Slowking\n|-damage|p1a: Slowking|99\/100\n|-activate|p1a: Slowking|move: Infestation|[of] p2a: stannin on bihness\n|\n|-weather|none\n|-damage|p1a: Slowking|86\/100|[from] move: Infestation|[partiallytrapped]\n|upkeep\n|turn|10\n|\n|t:|1701125511\n|move|p2a: stannin on bihness|Infestation|p1a: Slowking\n|-damage|p1a: Slowking|84\/100\n|move|p1a: Slowking|Chilly Reception|p1a: Slowking\n|-weather|Snow\n|\n|t:|1701125515\n|switch|p1a: Landorus|Landorus-Therian, M|100\/100|[from] Chilly Reception\n|-ability|p1a: Landorus|Intimidate|boost\n|-unboost|p2a: stannin on bihness|atk|1\n|\n|-weather|Snow|[upkeep]\n|upkeep\n|turn|11\n|\n|t:|1701125530\n|move|p1a: Landorus|Earthquake|p2a: stannin on bihness\n|-supereffective|p2a: stannin on bihness\n|-damage|p2a: stannin on bihness|26\/100\n|move|p2a: stannin on bihness|Toxic|p1a: Landorus\n|-status|p1a: Landorus|tox\n|\n|-weather|Snow|[upkeep]\n|-damage|p1a: Landorus|94\/100 tox|[from] psn\n|upkeep\n|turn|12\n|\n|t:|1701125533\n|switch|p2a: FreePalestine\ud83c\uddf5\ud83c\uddf8|Corviknight, F|75\/100\n|-ability|p2a: FreePalestine\ud83c\uddf5\ud83c\uddf8|Pressure\n|move|p1a: Landorus|Stealth Rock|p2a: FreePalestine\ud83c\uddf5\ud83c\uddf8\n|-sidestart|p2: yyysneasel|move: Stealth Rock\n|\n|-weather|Snow|[upkeep]\n|-damage|p1a: Landorus|82\/100 tox|[from] psn\n|upkeep\n|turn|13\n|\n|t:|1701125535\n|move|p1a: Landorus|U-turn|p2a: FreePalestine\ud83c\uddf5\ud83c\uddf8\n|-resisted|p2a: FreePalestine\ud83c\uddf5\ud83c\uddf8\n|-damage|p2a: FreePalestine\ud83c\uddf5\ud83c\uddf8|71\/100\n|\n|t:|1701125538\n|switch|p1a: Slowking|Slowking-Galar, F|100\/100|[from] U-turn\n|move|p2a: FreePalestine\ud83c\uddf5\ud83c\uddf8|Defog|p1a: Slowking\n|-unboost|p1a: Slowking|evasion|1\n|-sideend|p2: yyysneasel|Spikes|[from] move: Defog|[of] p2a: FreePalestine\ud83c\uddf5\ud83c\uddf8\n|-sideend|p2: yyysneasel|Stealth Rock|[from] move: Defog|[of] p2a: FreePalestine\ud83c\uddf5\ud83c\uddf8\n|\n|-weather|Snow|[upkeep]\n|upkeep\n|turn|14\n|j| batonpassabuser\n|l| NicksRokaya\n|inactive|yyysneasel has 120 seconds left.\n|\n|t:|1701125585\n|move|p2a: FreePalestine\ud83c\uddf5\ud83c\uddf8|Roost|p2a: FreePalestine\ud83c\uddf5\ud83c\uddf8\n|-heal|p2a: FreePalestine\ud83c\uddf5\ud83c\uddf8|100\/100\n|-singleturn|p2a: FreePalestine\ud83c\uddf5\ud83c\uddf8|move: Roost\n|move|p1a: Slowking|Future Sight|p2a: FreePalestine\ud83c\uddf5\ud83c\uddf8\n|-start|p1a: Slowking|move: Future Sight\n|\n|-weather|none\n|upkeep\n|turn|15\n|\n|t:|1701125589\n|switch|p2a: stannin on bihness|Toxapex, M|60\/100\n|switch|p1a: Zapdos|Zapdos|100\/100\n|\n|upkeep\n|turn|16\n|\n|t:|1701125591\n|switch|p2a: ban dengo ffs|Blissey, F|100\/100\n|move|p1a: Zapdos|Volt Switch|p2a: ban dengo ffs\n|-damage|p2a: ban dengo ffs|90\/100\n|\n|t:|1701125596\n|switch|p1a: Samurott|Samurott-Hisui, F|67\/100|[from] Volt Switch\n|\n|-end|p2a: ban dengo ffs|move: Future Sight\n|-damage|p2a: ban dengo ffs|73\/100\n|upkeep\n|turn|17\n|\n|t:|1701125606\n|switch|p2a: stannin on bihness|Toxapex, M|93\/100\n|move|p1a: Samurott|Ceaseless Edge|p2a: stannin on bihness|[miss]\n|-miss|p1a: Samurott|p2a: stannin on bihness\n|\n|upkeep\n|turn|18\n|\n|t:|1701125609\n|switch|p1a: Slowking|Slowking-Galar, F|100\/100\n|move|p2a: stannin on bihness|Infestation|p1a: Slowking\n|-damage|p1a: Slowking|99\/100\n|-activate|p1a: Slowking|move: Infestation|[of] p2a: stannin on bihness\n|\n|-damage|p1a: Slowking|87\/100|[from] move: Infestation|[partiallytrapped]\n|upkeep\n|turn|19\n|\n|t:|1701125612\n|move|p2a: stannin on bihness|Infestation|p1a: Slowking\n|-damage|p1a: Slowking|85\/100\n|move|p1a: Slowking|Chilly Reception|p1a: Slowking\n|-weather|Snow\n|l| Jan7498\n|\n|t:|1701125619\n|switch|p1a: Zapdos|Zapdos|100\/100|[from] Chilly Reception\n|\n|-weather|Snow|[upkeep]\n|upkeep\n|turn|20\n|\n|t:|1701125622\n|switch|p2a: Travis Kelce|Slowking-Galar, M|100\/100\n|move|p1a: Zapdos|Volt Switch|p2a: Travis Kelce\n|-damage|p2a: Travis Kelce|76\/100\n|\n|t:|1701125624\n|switch|p1a: Samurott|Samurott-Hisui, F|67\/100|[from] Volt Switch\n|\n|-weather|Snow|[upkeep]\n|upkeep\n|turn|21\n|\n|t:|1701125627\n|switch|p2a: stannin on bihness|Toxapex, M|100\/100\n|move|p1a: Samurott|Ceaseless Edge|p2a: stannin on bihness\n|-damage|p2a: stannin on bihness|76\/100\n|-sidestart|p2: yyysneasel|Spikes\n|\n|-weather|Snow|[upkeep]\n|upkeep\n|turn|22\n|\n|t:|1701125634\n|switch|p1a: Zapdos|Zapdos|100\/100\n|move|p2a: stannin on bihness|Infestation|p1a: Zapdos\n|-resisted|p1a: Zapdos\n|-damage|p1a: Zapdos|99\/100\n|-activate|p1a: Zapdos|move: Infestation|[of] p2a: stannin on bihness\n|\n|-weather|Snow|[upkeep]\n|-damage|p1a: Zapdos|87\/100|[from] move: Infestation|[partiallytrapped]\n|upkeep\n|turn|23\n|\n|t:|1701125644\n|switch|p2a: Travis Kelce|Slowking-Galar, M|100\/100\n|move|p1a: Zapdos|Thunder Wave|p2a: Travis Kelce\n|-status|p2a: Travis Kelce|par\n|\n|-weather|none\n|-end|p1a: Zapdos|Infestation|[partiallytrapped]|[silent]\n|upkeep\n|turn|24\n|\n|t:|1701125650\n|move|p1a: Zapdos|Volt Switch|p2a: Travis Kelce\n|-damage|p2a: Travis Kelce|73\/100 par\n|\n|t:|1701125656\n|switch|p1a: Slowking|Slowking-Galar, F|100\/100|[from] Volt Switch\n|move|p2a: Travis Kelce|Future Sight|p1a: Slowking\n|-start|p2a: Travis Kelce|move: Future Sight\n|\n|upkeep\n|turn|25\n|\n|t:|1701125659\n|switch|p2a: FreePalestine\ud83c\uddf5\ud83c\uddf8|Corviknight, F|100\/100\n|-ability|p2a: FreePalestine\ud83c\uddf5\ud83c\uddf8|Pressure\n|move|p1a: Slowking|Chilly Reception|p1a: Slowking\n|-weather|Snow\n|\n|t:|1701125662\n|switch|p1a: Samurott|Samurott-Hisui, F|67\/100|[from] Chilly Reception\n|\n|-weather|Snow|[upkeep]\n|upkeep\n|turn|26\n|\n|t:|1701125665\n|switch|p1a: Zapdos|Zapdos|87\/100\n|move|p2a: FreePalestine\ud83c\uddf5\ud83c\uddf8|U-turn|p1a: Zapdos\n|-resisted|p1a: Zapdos\n|-damage|p1a: Zapdos|81\/100\n|\n|t:|1701125668\n|switch|p2a: Travis Kelce|Slowking-Galar, M|100\/100 par|[from] U-turn\n|\n|-weather|Snow|[upkeep]\n|-end|p1a: Zapdos|move: Future Sight\n|-damage|p1a: Zapdos|32\/100\n|upkeep\n|turn|27\n|j| NicksRokaya\n|\n|t:|1701125672\n|move|p1a: Zapdos|Roost|p1a: Zapdos\n|-heal|p1a: Zapdos|82\/100\n|-singleturn|p1a: Zapdos|move: Roost\n|move|p2a: Travis Kelce|Future Sight|p1a: Zapdos\n|-start|p2a: Travis Kelce|move: Future Sight\n|\n|-weather|Snow|[upkeep]\n|upkeep\n|turn|28\n|\n|t:|1701125676\n|move|p1a: Zapdos|Volt Switch|p2a: Travis Kelce\n|-damage|p2a: Travis Kelce|74\/100 par\n|\n|t:|1701125679\n|switch|p1a: Kingambit|Kingambit, F|100\/100|[from] Volt Switch\n|cant|p2a: Travis Kelce|par\n|\n|-weather|Snow|[upkeep]\n|upkeep\n|turn|29\n|\n|t:|1701125684\n|switch|p2a: Ripbozo \ud83d\ude02 \ud83d\ude02|Dondozo, M|100\/100\n|-damage|p2a: Ripbozo \ud83d\ude02 \ud83d\ude02|88\/100|[from] Spikes\n|move|p1a: Kingambit|Kowtow Cleave|p2a: Ripbozo \ud83d\ude02 \ud83d\ude02\n|-damage|p2a: Ripbozo \ud83d\ude02 \ud83d\ude02|67\/100\n|\n|-weather|none\n|-end|p1a: Kingambit|move: Future Sight\n|-immune|p1a: Kingambit\n|-heal|p2a: Ripbozo \ud83d\ude02 \ud83d\ude02|73\/100|[from] item: Leftovers\n|upkeep\n|turn|30\n|\n|t:|1701125690\n|-end|p1a: Kingambit|fallenundefined|[silent]\n|switch|p1a: Slowking|Slowking-Galar, F|100\/100\n|move|p2a: Ripbozo \ud83d\ude02 \ud83d\ude02|Wave Crash|p1a: Slowking\n|-damage|p1a: Slowking|60\/100\n|-damage|p2a: Ripbozo \ud83d\ude02 \ud83d\ude02|63\/100|[from] Recoil\n|\n|-heal|p2a: Ripbozo \ud83d\ude02 \ud83d\ude02|69\/100|[from] item: Leftovers\n|upkeep\n|turn|31\n|\n|t:|1701125694\n|move|p2a: Ripbozo \ud83d\ude02 \ud83d\ude02|Wave Crash|p1a: Slowking\n|-damage|p1a: Slowking|14\/100\n|-damage|p2a: Ripbozo \ud83d\ude02 \ud83d\ude02|57\/100|[from] Recoil\n|move|p1a: Slowking|Chilly Reception|p1a: Slowking\n|-weather|Snow\n|\n|t:|1701125698\n|switch|p1a: Zapdos|Zapdos|82\/100|[from] Chilly Reception\n|\n|-weather|Snow|[upkeep]\n|-heal|p2a: Ripbozo \ud83d\ude02 \ud83d\ude02|63\/100|[from] item: Leftovers\n|upkeep\n|turn|32\n|\n|t:|1701125700\n|switch|p2a: Travis Kelce|Slowking-Galar, M|100\/100 par\n|move|p1a: Zapdos|Volt Switch|p2a: Travis Kelce\n|-damage|p2a: Travis Kelce|75\/100 par\n|\n|t:|1701125702\n|switch|p1a: Samurott|Samurott-Hisui, F|67\/100|[from] Volt Switch\n|\n|-weather|Snow|[upkeep]\n|upkeep\n|turn|33\n|\n|t:|1701125705\n|switch|p2a: FreePalestine\ud83c\uddf5\ud83c\uddf8|Corviknight, F|100\/100\n|-ability|p2a: FreePalestine\ud83c\uddf5\ud83c\uddf8|Pressure\n|move|p1a: Samurott|Ceaseless Edge|p2a: FreePalestine\ud83c\uddf5\ud83c\uddf8\n|-damage|p2a: FreePalestine\ud83c\uddf5\ud83c\uddf8|73\/100\n|-sidestart|p2: yyysneasel|Spikes\n|\n|-weather|Snow|[upkeep]\n|upkeep\n|turn|34\n|\n|t:|1701125708\n|-terastallize|p1a: Samurott|Water\n|move|p1a: Samurott|Razor Shell|p2a: FreePalestine\ud83c\uddf5\ud83c\uddf8\n|-damage|p2a: FreePalestine\ud83c\uddf5\ud83c\uddf8|29\/100\n|-unboost|p2a: FreePalestine\ud83c\uddf5\ud83c\uddf8|def|1\n|move|p2a: FreePalestine\ud83c\uddf5\ud83c\uddf8|Defog|p1a: Samurott\n|-unboost|p1a: Samurott|evasion|1\n|-sideend|p2: yyysneasel|Spikes|[from] move: Defog|[of] p2a: FreePalestine\ud83c\uddf5\ud83c\uddf8\n|\n|-weather|Snow|[upkeep]\n|upkeep\n|turn|35\n|\n|t:|1701125710\n|switch|p2a: stannin on bihness|Toxapex, M|100\/100\n|move|p1a: Samurott|Razor Shell|p2a: stannin on bihness\n|-resisted|p2a: stannin on bihness\n|-damage|p2a: stannin on bihness|80\/100\n|\n|-weather|none\n|upkeep\n|turn|36\n|\n|t:|1701125715\n|switch|p1a: Slowking|Slowking-Galar, F|47\/100\n|move|p2a: stannin on bihness|Toxic|p1a: Slowking\n|-immune|p1a: Slowking\n|\n|upkeep\n|turn|37\n|\n|t:|1701125718\n|switch|p2a: FreePalestine\ud83c\uddf5\ud83c\uddf8|Corviknight, F|29\/100\n|-ability|p2a: FreePalestine\ud83c\uddf5\ud83c\uddf8|Pressure\n|move|p1a: Slowking|Chilly Reception|p1a: Slowking\n|-weather|Snow\n|\n|t:|1701125720\n|switch|p1a: Samurott|Samurott-Hisui, F, tera:Water|67\/100|[from] Chilly Reception\n|\n|-weather|Snow|[upkeep]\n|upkeep\n|turn|38\n|\n|t:|1701125724\n|switch|p2a: stannin on bihness|Toxapex, M|100\/100\n|move|p1a: Samurott|Ceaseless Edge|p2a: stannin on bihness\n|-damage|p2a: stannin on bihness|72\/100\n|-sidestart|p2: yyysneasel|Spikes\n|\n|-weather|Snow|[upkeep]\n|upkeep\n|turn|39\n|\n|t:|1701125729\n|switch|p1a: Slowking|Slowking-Galar, F|81\/100\n|move|p2a: stannin on bihness|Infestation|p1a: Slowking\n|-damage|p1a: Slowking|79\/100\n|-activate|p1a: Slowking|move: Infestation|[of] p2a: stannin on bihness\n|\n|-weather|Snow|[upkeep]\n|-damage|p1a: Slowking|66\/100|[from] move: Infestation|[partiallytrapped]\n|upkeep\n|turn|40\n|\n|t:|1701125731\n|switch|p2a: FreePalestine\ud83c\uddf5\ud83c\uddf8|Corviknight, F|29\/100\n|-ability|p2a: FreePalestine\ud83c\uddf5\ud83c\uddf8|Pressure\n|move|p1a: Slowking|Chilly Reception|p1a: Slowking\n|\n|t:|1701125735\n|switch|p1a: Zapdos|Zapdos|82\/100|[from] Chilly Reception\n|\n|-weather|Snow|[upkeep]\n|upkeep\n|turn|41\n|\n|t:|1701125739\n|switch|p2a: Travis Kelce|Slowking-Galar, M|100\/100 par\n|move|p1a: Zapdos|Volt Switch|p2a: Travis Kelce\n|-damage|p2a: Travis Kelce|75\/100 par\n|\n|t:|1701125743\n|switch|p1a: Samurott|Samurott-Hisui, F, tera:Water|67\/100|[from] Volt Switch\n|\n|-weather|none\n|upkeep\n|turn|42\n|\n|t:|1701125746\n|switch|p2a: stannin on bihness|Toxapex, M|100\/100\n|-damage|p2a: stannin on bihness|88\/100|[from] Spikes\n|move|p1a: Samurott|Ceaseless Edge|p2a: stannin on bihness\n|-damage|p2a: stannin on bihness|62\/100\n|-sidestart|p2: yyysneasel|Spikes\n|\n|upkeep\n|turn|43\n|\n|t:|1701125750\n|move|p1a: Samurott|Ceaseless Edge|p2a: stannin on bihness|[miss]\n|-miss|p1a: Samurott|p2a: stannin on bihness\n|move|p2a: stannin on bihness|Infestation|p1a: Samurott\n|-damage|p1a: Samurott|63\/100\n|-activate|p1a: Samurott|move: Infestation|[of] p2a: stannin on bihness\n|\n|-damage|p1a: Samurott|51\/100|[from] move: Infestation|[partiallytrapped]\n|upkeep\n|turn|44\n|\n|t:|1701125754\n|move|p1a: Samurott|Encore|p2a: stannin on bihness\n|-start|p2a: stannin on bihness|Encore\n|move|p2a: stannin on bihness|Infestation|p1a: Samurott\n|-damage|p1a: Samurott|46\/100\n|\n|-damage|p1a: Samurott|34\/100|[from] move: Infestation|[partiallytrapped]\n|upkeep\n|turn|45\n|\n|t:|1701125758\n|move|p1a: Samurott|Ceaseless Edge|p2a: stannin on bihness\n|-damage|p2a: stannin on bihness|34\/100\n|-sidestart|p2: yyysneasel|Spikes\n|move|p2a: stannin on bihness|Infestation|p1a: Samurott\n|-damage|p1a: Samurott|29\/100\n|\n|-damage|p1a: Samurott|16\/100|[from] move: Infestation|[partiallytrapped]\n|upkeep\n|turn|46\n|\n|t:|1701125765\n|move|p1a: Samurott|Ceaseless Edge|p2a: stannin on bihness\n|-damage|p2a: stannin on bihness|9\/100\n|move|p2a: stannin on bihness|Infestation|p1a: Samurott\n|-damage|p1a: Samurott|12\/100\n|\n|-damage|p1a: Samurott|0 fnt|[from] move: Infestation|[partiallytrapped]\n|faint|p1a: Samurott\n|-end|p2a: stannin on bihness|Encore\n|upkeep\n|\n|t:|1701125769\n|switch|p1a: Zapdos|Zapdos|82\/100\n|turn|47\n|\n|t:|1701125788\n|switch|p2a: Travis Kelce|Slowking-Galar, M|100\/100 par\n|move|p1a: Zapdos|Volt Switch|p2a: Travis Kelce\n|-damage|p2a: Travis Kelce|74\/100 par\n|\n|t:|1701125790\n|switch|p1a: Kingambit|Kingambit, F|100\/100|[from] Volt Switch\n|-activate|p1a: Kingambit|ability: Supreme Overlord\n|-start|p1a: Kingambit|fallen1|[silent]\n|\n|upkeep\n|turn|48\n|inactive|yyysneasel has 120 seconds left.\n|inactive|yyysneasel has 90 seconds left.\n|\n|t:|1701125862\n|move|p1a: Kingambit|Kowtow Cleave|p2a: Travis Kelce\n|-supereffective|p2a: Travis Kelce\n|-damage|p2a: Travis Kelce|0 fnt\n|faint|p2a: Travis Kelce\n|\n|upkeep\n|\n|t:|1701125866\n|switch|p2a: Ripbozo \ud83d\ude02 \ud83d\ude02|Dondozo, M|63\/100\n|-damage|p2a: Ripbozo \ud83d\ude02 \ud83d\ude02|38\/100|[from] Spikes\n|turn|49\n|\n|t:|1701125870\n|move|p1a: Kingambit|Kowtow Cleave|p2a: Ripbozo \ud83d\ude02 \ud83d\ude02\n|-damage|p2a: Ripbozo \ud83d\ude02 \ud83d\ude02|12\/100\n|move|p2a: Ripbozo \ud83d\ude02 \ud83d\ude02|Rest|p2a: Ripbozo \ud83d\ude02 \ud83d\ude02\n|-status|p2a: Ripbozo \ud83d\ude02 \ud83d\ude02|slp|[from] move: Rest\n|-heal|p2a: Ripbozo \ud83d\ude02 \ud83d\ude02|100\/100 slp|[silent]\n|\n|upkeep\n|turn|50\n|\n|t:|1701125878\n|move|p1a: Kingambit|Kowtow Cleave|p2a: Ripbozo \ud83d\ude02 \ud83d\ude02\n|-damage|p2a: Ripbozo \ud83d\ude02 \ud83d\ude02|74\/100 slp\n|cant|p2a: Ripbozo \ud83d\ude02 \ud83d\ude02|slp\n|move|p2a: Ripbozo \ud83d\ude02 \ud83d\ude02|Sleep Talk|p2a: Ripbozo \ud83d\ude02 \ud83d\ude02\n|move|p2a: Ripbozo \ud83d\ude02 \ud83d\ude02|Rest||[from]move: Sleep Talk|[still]\n|-fail|p2a: Ripbozo \ud83d\ude02 \ud83d\ude02\n|\n|-heal|p2a: Ripbozo \ud83d\ude02 \ud83d\ude02|80\/100 slp|[from] item: Leftovers\n|upkeep\n|turn|51\n|\n|t:|1701125884\n|-end|p1a: Kingambit|fallen1|[silent]\n|switch|p1a: Zapdos|Zapdos|82\/100\n|cant|p2a: Ripbozo \ud83d\ude02 \ud83d\ude02|slp\n|move|p2a: Ripbozo \ud83d\ude02 \ud83d\ude02|Sleep Talk|p2a: Ripbozo \ud83d\ude02 \ud83d\ude02\n|move|p2a: Ripbozo \ud83d\ude02 \ud83d\ude02|Rest||[from]move: Sleep Talk|[still]\n|-fail|p2a: Ripbozo \ud83d\ude02 \ud83d\ude02\n|\n|-heal|p2a: Ripbozo \ud83d\ude02 \ud83d\ude02|86\/100 slp|[from] item: Leftovers\n|upkeep\n|turn|52\n|inactive|yyysneasel has 120 seconds left.\n|j| Toxinalpaca\n|\n|t:|1701125903\n|-terastallize|p2a: Ripbozo \ud83d\ude02 \ud83d\ude02|Dragon\n|move|p1a: Zapdos|Volt Switch|p2a: Ripbozo \ud83d\ude02 \ud83d\ude02\n|-resisted|p2a: Ripbozo \ud83d\ude02 \ud83d\ude02\n|-damage|p2a: Ripbozo \ud83d\ude02 \ud83d\ude02|71\/100 slp\n|l| Toxinalpaca\n|\n|t:|1701125911\n|switch|p1a: Slowking|Slowking-Galar, F|99\/100|[from] Volt Switch\n|-curestatus|p2a: Ripbozo \ud83d\ude02 \ud83d\ude02|slp|[msg]\n|move|p2a: Ripbozo \ud83d\ude02 \ud83d\ude02|Wave Crash|p1a: Slowking\n|-damage|p1a: Slowking|53\/100\n|-damage|p2a: Ripbozo \ud83d\ude02 \ud83d\ude02|59\/100|[from] Recoil\n|\n|-heal|p2a: Ripbozo \ud83d\ude02 \ud83d\ude02|65\/100|[from] item: Leftovers\n|upkeep\n|turn|53\n|\n|t:|1701125915\n|move|p2a: Ripbozo \ud83d\ude02 \ud83d\ude02|Wave Crash|p1a: Slowking\n|-damage|p1a: Slowking|12\/100\n|-damage|p2a: Ripbozo \ud83d\ude02 \ud83d\ude02|55\/100|[from] Recoil\n|move|p1a: Slowking|Sludge Bomb|p2a: Ripbozo \ud83d\ude02 \ud83d\ude02\n|-damage|p2a: Ripbozo \ud83d\ude02 \ud83d\ude02|21\/100\n|\n|-heal|p2a: Ripbozo \ud83d\ude02 \ud83d\ude02|27\/100|[from] item: Leftovers\n|upkeep\n|turn|54\n|\n|t:|1701125921\n|move|p2a: Ripbozo \ud83d\ude02 \ud83d\ude02|Rest|p2a: Ripbozo \ud83d\ude02 \ud83d\ude02\n|-status|p2a: Ripbozo \ud83d\ude02 \ud83d\ude02|slp|[from] move: Rest\n|-heal|p2a: Ripbozo \ud83d\ude02 \ud83d\ude02|100\/100 slp|[silent]\n|move|p1a: Slowking|Sludge Bomb|p2a: Ripbozo \ud83d\ude02 \ud83d\ude02\n|-damage|p2a: Ripbozo \ud83d\ude02 \ud83d\ude02|71\/100 slp\n|\n|-heal|p2a: Ripbozo \ud83d\ude02 \ud83d\ude02|77\/100 slp|[from] item: Leftovers\n|upkeep\n|turn|55\n|\n|t:|1701125925\n|switch|p2a: FreePalestine\ud83c\uddf5\ud83c\uddf8|Corviknight, F|29\/100\n|-ability|p2a: FreePalestine\ud83c\uddf5\ud83c\uddf8|Pressure\n|switch|p1a: Zapdos|Zapdos|82\/100\n|\n|upkeep\n|turn|56\n|\n|t:|1701125929\n|switch|p2a: ban dengo ffs|Blissey, F|73\/100\n|move|p1a: Zapdos|Volt Switch|p2a: ban dengo ffs\n|-damage|p2a: ban dengo ffs|62\/100\n|\n|t:|1701125931\n|switch|p1a: Kingambit|Kingambit, F|100\/100|[from] Volt Switch\n|-activate|p1a: Kingambit|ability: Supreme Overlord\n|-start|p1a: Kingambit|fallen1|[silent]\n|\n|upkeep\n|turn|57\n|\n|t:|1701125943\n|move|p1a: Kingambit|Swords Dance|p1a: Kingambit\n|-boost|p1a: Kingambit|atk|2\n|move|p2a: ban dengo ffs|Soft-Boiled|p2a: ban dengo ffs\n|-heal|p2a: ban dengo ffs|100\/100\n|\n|upkeep\n|turn|58\n|\n|t:|1701125951\n|move|p1a: Kingambit|Kowtow Cleave|p2a: ban dengo ffs\n|-damage|p2a: ban dengo ffs|0 fnt\n|faint|p2a: ban dengo ffs\n|\n|upkeep\n|\n|t:|1701125955\n|switch|p2a: Ripbozo \ud83d\ude02 \ud83d\ude02|Dondozo, M, tera:Dragon|77\/100 slp\n|-damage|p2a: Ripbozo \ud83d\ude02 \ud83d\ude02|52\/100 slp|[from] Spikes\n|turn|59\n|\n|t:|1701125958\n|move|p1a: Kingambit|Kowtow Cleave|p2a: Ripbozo \ud83d\ude02 \ud83d\ude02\n|-crit|p2a: Ripbozo \ud83d\ude02 \ud83d\ude02\n|-damage|p2a: Ripbozo \ud83d\ude02 \ud83d\ude02|14\/100 slp\n|cant|p2a: Ripbozo \ud83d\ude02 \ud83d\ude02|slp\n|move|p2a: Ripbozo \ud83d\ude02 \ud83d\ude02|Sleep Talk|p2a: Ripbozo \ud83d\ude02 \ud83d\ude02\n|move|p2a: Ripbozo \ud83d\ude02 \ud83d\ude02|Curse|p2a: Ripbozo \ud83d\ude02 \ud83d\ude02|[from]move: Sleep Talk\n|-unboost|p2a: Ripbozo \ud83d\ude02 \ud83d\ude02|spe|1\n|-boost|p2a: Ripbozo \ud83d\ude02 \ud83d\ude02|atk|1\n|-boost|p2a: Ripbozo \ud83d\ude02 \ud83d\ude02|def|1\n|\n|-heal|p2a: Ripbozo \ud83d\ude02 \ud83d\ude02|20\/100 slp|[from] item: Leftovers\n|upkeep\n|turn|60\n|c|\u2606yyysneasel|you made game winning reads\n|c|\u2606yyysneasel|gg\n|\n|t:|1701125967\n|move|p1a: Kingambit|Kowtow Cleave|p2a: Ripbozo \ud83d\ude02 \ud83d\ude02\n|-damage|p2a: Ripbozo \ud83d\ude02 \ud83d\ude02|4\/100 slp\n|cant|p2a: Ripbozo \ud83d\ude02 \ud83d\ude02|slp\n|\n|-heal|p2a: Ripbozo \ud83d\ude02 \ud83d\ude02|10\/100 slp|[from] item: Leftovers\n|upkeep\n|turn|61\n|\n|t:|1701125970\n|move|p1a: Kingambit|Kowtow Cleave|p2a: Ripbozo \ud83d\ude02 \ud83d\ude02\n|-damage|p2a: Ripbozo \ud83d\ude02 \ud83d\ude02|0 fnt\n|faint|p2a: Ripbozo \ud83d\ude02 \ud83d\ude02\n|\n|upkeep\n|\n|t:|1701125973\n|switch|p2a: It's Joever|Clefable, F|100\/100\n|turn|62\n|c|\u2606PLLV52 F GAMBIT|Gg\n|\n|t:|1701125976\n|move|p1a: Kingambit|Kowtow Cleave|p2a: It's Joever\n|-resisted|p2a: It's Joever\n|-damage|p2a: It's Joever|70\/100\n|move|p2a: It's Joever|Wish|p2a: It's Joever\n|\n|upkeep\n|turn|63\n|\n|t:|1701125980\n|switch|p2a: FreePalestine\ud83c\uddf5\ud83c\uddf8|Corviknight, F|29\/100\n|-ability|p2a: FreePalestine\ud83c\uddf5\ud83c\uddf8|Pressure\n|move|p1a: Kingambit|Swords Dance|p1a: Kingambit\n|-boost|p1a: Kingambit|atk|2\n|\n|-heal|p2a: FreePalestine\ud83c\uddf5\ud83c\uddf8|79\/100|[from] move: Wish|[wisher] It's Joever\n|upkeep\n|turn|64\n|\n|t:|1701125983\n|move|p1a: Kingambit|Kowtow Cleave|p2a: FreePalestine\ud83c\uddf5\ud83c\uddf8\n|-damage|p2a: FreePalestine\ud83c\uddf5\ud83c\uddf8|0 fnt\n|faint|p2a: FreePalestine\ud83c\uddf5\ud83c\uddf8\n|\n|upkeep\n|\n|t:|1701125987\n|switch|p2a: It's Joever|Clefable, F|70\/100\n|turn|65\n|\n|t:|1701125990\n|move|p1a: Kingambit|Swords Dance|p1a: Kingambit\n|-boost|p1a: Kingambit|atk|2\n|move|p2a: It's Joever|Wish|p2a: It's Joever\n|\n|upkeep\n|turn|66\n|\n|t:|1701125992\n|move|p1a: Kingambit|Kowtow Cleave|p2a: It's Joever\n|-resisted|p2a: It's Joever\n|-damage|p2a: It's Joever|41\/100\n|move|p2a: It's Joever|Moonblast|p1a: Kingambit\n|-damage|p1a: Kingambit|65\/100\n|-unboost|p1a: Kingambit|spa|1\n|\n|-heal|p2a: It's Joever|91\/100|[from] move: Wish|[wisher] It's Joever\n|upkeep\n|turn|67\n|\n|t:|1701126005\n|-end|p1a: Kingambit|fallen1|[silent]\n|switch|p1a: Zapdos|Zapdos|82\/100\n|move|p2a: It's Joever|Wish|p2a: It's Joever\n|\n|upkeep\n|turn|68\n|\n|t:|1701126008\n|move|p1a: Zapdos|Volt Switch|p2a: It's Joever\n|-damage|p2a: It's Joever|71\/100\n|\n|t:|1701126010\n|switch|p1a: Slowking|Slowking-Galar, F|45\/100|[from] Volt Switch\n|move|p2a: It's Joever|Moonblast|p1a: Slowking\n|-resisted|p1a: Slowking\n|-damage|p1a: Slowking|35\/100\n|\n|-heal|p2a: It's Joever|100\/100|[from] move: Wish|[wisher] It's Joever\n|upkeep\n|turn|69\n|c|\u2606yyysneasel|no iron head?\n|\n|t:|1701126019\n|move|p2a: It's Joever|Protect|p2a: It's Joever\n|-singleturn|p2a: It's Joever|Protect\n|move|p1a: Slowking|Chilly Reception|p1a: Slowking\n|-weather|Snow\n|\n|t:|1701126022\n|switch|p1a: Zapdos|Zapdos|82\/100|[from] Chilly Reception\n|\n|-weather|Snow|[upkeep]\n|upkeep\n|turn|70\n|\n|t:|1701126024\n|move|p1a: Zapdos|Thunder Wave|p2a: It's Joever\n|-status|p2a: It's Joever|par\n|move|p2a: It's Joever|Wish|p2a: It's Joever\n|\n|-weather|Snow|[upkeep]\n|upkeep\n|turn|71\n|\n|t:|1701126030\n|move|p1a: Zapdos|Volt Switch|p2a: It's Joever\n|-damage|p2a: It's Joever|80\/100 par\n|\n|t:|1701126032\n|switch|p1a: Slowking|Slowking-Galar, F|69\/100|[from] Volt Switch\n|cant|p2a: It's Joever|par\n|\n|-weather|Snow|[upkeep]\n|-heal|p2a: It's Joever|100\/100 par|[from] move: Wish|[wisher] It's Joever\n|upkeep\n|turn|72\n|\n|t:|1701126036\n|switch|p2a: stannin on bihness|Toxapex, M|42\/100\n|-damage|p2a: stannin on bihness|18\/100|[from] Spikes\n|move|p1a: Slowking|Chilly Reception|p1a: Slowking\n|\n|t:|1701126038\n|switch|p1a: Zamazenta|Zamazenta|100\/100|[from] Chilly Reception\n|-ability|p1a: Zamazenta|Dauntless Shield|boost\n|-boost|p1a: Zamazenta|def|1\n|\n|-weather|Snow|[upkeep]\n|upkeep\n|turn|73\n|\n|t:|1701126041\n|move|p1a: Zamazenta|Crunch|p2a: stannin on bihness\n|-crit|p2a: stannin on bihness\n|-damage|p2a: stannin on bihness|0 fnt\n|faint|p2a: stannin on bihness\n|\n|-weather|none\n|upkeep\n|c|\u2606yyysneasel|tough crit\n|-message|yyysneasel forfeited.\n|\n|win|PLLV52 F GAMBIT\n|raw|PLLV52 F GAMBIT's rating: 1691 &rarr; <strong>1717<\/strong><br \/>(+26 for winning)\n|raw|yyysneasel's rating: 1801 &rarr; <strong>1775<\/strong><br \/>(-26 for losing)\n|l|\u2606yyysneasel\n|c|\u2606PLLV52 F GAMBIT|Lmao\n|c|\u2606PLLV52 F GAMBIT|doesn\u2019t matter at all\n|c|\u2606PLLV52 F GAMBIT|Gg\n","uploadtime":1701126066,"views":14,"p1id":"pllv52fgambit","p2id":"yyysneasel","formatid":"gen9ou","rating":1717,"private":0,"password":""}