{"id":"gen9ou-1996910798","p1":"lemoslemoslemos","p2":"nephilimuscat","format":"[Gen 9] OU","log":"|j|\u2606lemoslemoslemos\n|j|\u2606nephilimuscat\n|inactive|Battle timer is ON: inactive players will automatically lose when time's up.\n|t:|1700743714\n|gametype|singles\n|player|p1|lemoslemoslemos|266|\n|player|p2|nephilimuscat|policeman-gen4|\n|teamsize|p1|6\n|teamsize|p2|6\n|gen|9\n|tier|[Gen 9] OU\n|rated|Tournament battle\n|rule|Sleep Clause Mod: Limit one foe put to sleep\n|rule|Species Clause: Limit one of each Pok\u00e9mon\n|rule|OHKO Clause: OHKO moves are banned\n|rule|Evasion Items Clause: Evasion items are banned\n|rule|Evasion Moves Clause: Evasion moves are banned\n|rule|Endless Battle Clause: Forcing endless battles is banned\n|rule|HP Percentage Mod: HP is shown in percentages\n|clearpoke\n|poke|p1|Salamence, F|\n|poke|p1|Iron Valiant|\n|poke|p1|Ting-Lu|\n|poke|p1|Zapdos|\n|poke|p1|Gholdengo|\n|poke|p1|Zamazenta-*|\n|poke|p2|Ribombee, F|\n|poke|p2|Dragonite, M|\n|poke|p2|Great Tusk|\n|poke|p2|Iron Moth|\n|poke|p2|Kingambit, M|\n|poke|p2|Gholdengo|\n|teampreview\n|\n|t:|1700743719\n|start\n|switch|p1a: Gholdengo|Gholdengo|100\/100\n|switch|p2a: Abaille ou ...|Ribombee, F, shiny|100\/100\n|turn|1\n|j| Psyonara\n|\n|t:|1700743737\n|move|p1a: Gholdengo|Shadow Ball|p2a: Abaille ou ...\n|-damage|p2a: Abaille ou ...|25\/100\n|move|p2a: Abaille ou ...|Sticky Web|p1a: Gholdengo\n|-sidestart|p1: lemoslemoslemos|move: Sticky Web\n|\n|upkeep\n|turn|2\n|inactive|nephilimuscat has 120 seconds left.\n|j| Yoink 0\n|inactive|nephilimuscat has 90 seconds left.\n|\n|t:|1700743820\n|move|p1a: Gholdengo|Shadow Ball|p2a: Abaille ou ...\n|-damage|p2a: Abaille ou ...|0 fnt\n|faint|p2a: Abaille ou ...\n|\n|upkeep\n|inactive|nephilimuscat has 60 seconds left.\n|\n|t:|1700743832\n|switch|p2a: Iron Moth|Iron Moth, shiny|100\/100\n|-enditem|p2a: Iron Moth|Booster Energy\n|-activate|p2a: Iron Moth|ability: Quark Drive|[fromitem]\n|-start|p2a: Iron Moth|quarkdrivespe\n|turn|3\n|\n|t:|1700743839\n|switch|p1a: Ting-Lu|Ting-Lu|100\/100\n|-activate|p1a: Ting-Lu|move: Sticky Web\n|-unboost|p1a: Ting-Lu|spe|1\n|-ability|p1a: Ting-Lu|Vessel of Ruin\n|move|p2a: Iron Moth|Fiery Dance|p1a: Ting-Lu\n|-damage|p1a: Ting-Lu|83\/100\n|-boost|p2a: Iron Moth|spa|1\n|\n|-heal|p1a: Ting-Lu|90\/100|[from] item: Leftovers\n|upkeep\n|turn|4\n|j| TheNewBrends11\n|inactive|nephilimuscat has 60 seconds left.\n|j| Manjack\n|\n|t:|1700743855\n|-terastallize|p2a: Iron Moth|Fairy\n|move|p2a: Iron Moth|Fiery Dance|p1a: Ting-Lu\n|-damage|p1a: Ting-Lu|65\/100\n|move|p1a: Ting-Lu|Earthquake|p2a: Iron Moth\n|-damage|p2a: Iron Moth|41\/100\n|\n|-heal|p1a: Ting-Lu|71\/100|[from] item: Leftovers\n|upkeep\n|turn|5\n|inactive|nephilimuscat has 60 seconds left.\n|j| Pikablu007\n|\n|t:|1700743871\n|move|p2a: Iron Moth|Dazzling Gleam|p1a: Ting-Lu\n|-supereffective|p1a: Ting-Lu\n|-damage|p1a: Ting-Lu|18\/100\n|move|p1a: Ting-Lu|Earthquake|p2a: Iron Moth\n|-damage|p2a: Iron Moth|0 fnt\n|faint|p2a: Iron Moth\n|-end|p2a: Iron Moth|Quark Drive|[silent]\n|\n|-heal|p1a: Ting-Lu|25\/100|[from] item: Leftovers\n|upkeep\n|\n|t:|1700743893\n|switch|p2a: Scalpe l'empereur|Kingambit, M, shiny|100\/100\n|-activate|p2a: Scalpe l'empereur|ability: Supreme Overlord\n|-start|p2a: Scalpe l'empereur|fallen2|[silent]\n|turn|6\n|j| jzhuc1841\n|\n|t:|1700743908\n|move|p2a: Scalpe l'empereur|Swords Dance|p2a: Scalpe l'empereur\n|-boost|p2a: Scalpe l'empereur|atk|2\n|move|p1a: Ting-Lu|Earthquake|p2a: Scalpe l'empereur\n|-supereffective|p2a: Scalpe l'empereur\n|-damage|p2a: Scalpe l'empereur|31\/100\n|\n|-heal|p1a: Ting-Lu|31\/100|[from] item: Leftovers\n|upkeep\n|turn|7\n|\n|t:|1700743918\n|move|p2a: Scalpe l'empereur|Low Kick|p1a: Ting-Lu\n|-supereffective|p1a: Ting-Lu\n|-damage|p1a: Ting-Lu|0 fnt\n|faint|p1a: Ting-Lu\n|\n|upkeep\n|\n|t:|1700743931\n|switch|p1a: Iron Valiant|Iron Valiant|100\/100\n|turn|8\n|\n|t:|1700743946\n|move|p1a: Iron Valiant|Moonblast|p2a: Scalpe l'empereur\n|-damage|p2a: Scalpe l'empereur|0 fnt\n|faint|p2a: Scalpe l'empereur\n|-end|p2a: Scalpe l'empereur|fallen2|[silent]\n|\n|upkeep\n|\n|t:|1700743960\n|switch|p2a: Gros mago|Gholdengo, shiny|100\/100\n|turn|9\n|l| Psyonara\n|\n|t:|1700743976\n|-end|p1a: Iron Valiant|Quark Drive|[silent]\n|switch|p1a: Zamazenta|Zamazenta|100\/100\n|-ability|p1a: Zamazenta|Dauntless Shield|boost\n|-boost|p1a: Zamazenta|def|1\n|move|p2a: Gros mago|Make It Rain|p1a: Zamazenta\n|-damage|p1a: Zamazenta|39\/100\n|-unboost|p2a: Gros mago|spa|1\n|\n|upkeep\n|turn|10\n|l| Pikablu007\n|inactive|nephilimuscat has 30 seconds left.\n|inactive|nephilimuscat has 20 seconds left.\n|inactive|nephilimuscat has 15 seconds left.\n|inactive|nephilimuscat has 10 seconds left.\n|inactive|nephilimuscat has 5 seconds left.\n|\n|t:|1700744033\n|switch|p1a: Zapdos|Zapdos|100\/100\n|move|p2a: Gros mago|Make It Rain|p1a: Zapdos\n|-resisted|p1a: Zapdos\n|-damage|p1a: Zapdos|79\/100\n|-unboost|p2a: Gros mago|spa|1\n|\n|upkeep\n|turn|11\n|inactive|nephilimuscat has 15 seconds left this turn.\n|inactive|nephilimuscat has 10 seconds left.\n|\n|t:|1700744042\n|move|p2a: Gros mago|Make It Rain|p1a: Zapdos\n|-resisted|p1a: Zapdos\n|-damage|p1a: Zapdos|62\/100\n|-unboost|p2a: Gros mago|spa|1\n|move|p1a: Zapdos|Discharge|p2a: Gros mago\n|-damage|p2a: Gros mago|64\/100\n|\n|upkeep\n|turn|12\n|inactive|nephilimuscat has 20 seconds left this turn.\n|inactive|nephilimuscat has 15 seconds left.\n|j| Psyonara\n|inactive|nephilimuscat has 10 seconds left.\n|\n|t:|1700744053\n|move|p2a: Gros mago|Make It Rain|p1a: Zapdos\n|-resisted|p1a: Zapdos\n|-damage|p1a: Zapdos|48\/100\n|-unboost|p2a: Gros mago|spa|1\n|move|p1a: Zapdos|Roost|p1a: Zapdos\n|-heal|p1a: Zapdos|98\/100\n|-singleturn|p1a: Zapdos|move: Roost\n|\n|upkeep\n|turn|13\n|inactive|nephilimuscat has 20 seconds left this turn.\n|inactive|nephilimuscat has 15 seconds left.\n|inactive|nephilimuscat has 10 seconds left.\n|\n|t:|1700744066\n|move|p2a: Gros mago|Make It Rain|p1a: Zapdos\n|-resisted|p1a: Zapdos\n|-damage|p1a: Zapdos|87\/100\n|-unboost|p2a: Gros mago|spa|1\n|move|p1a: Zapdos|Discharge|p2a: Gros mago\n|-damage|p2a: Gros mago|23\/100\n|-status|p2a: Gros mago|par\n|\n|upkeep\n|turn|14\n|inactive|nephilimuscat has 20 seconds left this turn.\n|j| wourtian\n|inactive|nephilimuscat has 15 seconds left.\n|inactive|nephilimuscat has 10 seconds left.\n|\n|t:|1700744077\n|switch|p1a: Salamence|Salamence, F|100\/100\n|-ability|p1a: Salamence|Intimidate|boost\n|-unboost|p2a: Gros mago|atk|1\n|move|p2a: Gros mago|Make It Rain|p1a: Salamence\n|-damage|p1a: Salamence|75\/100\n|-unboost|p2a: Gros mago|spa|1\n|\n|upkeep\n|turn|15\n|inactive|nephilimuscat has 20 seconds left this turn.\n|inactive|nephilimuscat has 15 seconds left.\n|inactive|nephilimuscat has 10 seconds left.\n|\n|t:|1700744088\n|move|p1a: Salamence|Dragon Dance|p1a: Salamence\n|-boost|p1a: Salamence|atk|1\n|-boost|p1a: Salamence|spe|1\n|cant|p2a: Gros mago|par\n|\n|upkeep\n|turn|16\n|inactive|nephilimuscat has 20 seconds left this turn.\n|inactive|nephilimuscat has 15 seconds left.\n|\n|t:|1700744094\n|move|p1a: Salamence|Dragon Dance|p1a: Salamence\n|-boost|p1a: Salamence|atk|1\n|-boost|p1a: Salamence|spe|1\n|move|p2a: Gros mago|Make It Rain|p1a: Salamence\n|-damage|p1a: Salamence|52\/100\n|\n|upkeep\n|turn|17\n|inactive|nephilimuscat has 25 seconds left this turn.\n|inactive|nephilimuscat has 20 seconds left.\n|inactive|nephilimuscat has 15 seconds left.\n|\n|t:|1700744105\n|move|p1a: Salamence|Roost|p1a: Salamence\n|-heal|p1a: Salamence|100\/100\n|-singleturn|p1a: Salamence|move: Roost\n|move|p2a: Gros mago|Make It Rain|p1a: Salamence\n|-damage|p1a: Salamence|77\/100\n|\n|upkeep\n|turn|18\n|inactive|nephilimuscat has 25 seconds left this turn.\n|inactive|nephilimuscat has 20 seconds left.\n|inactive|nephilimuscat has 15 seconds left.\n|inactive|nephilimuscat has 10 seconds left.\n|\n|t:|1700744121\n|move|p1a: Salamence|Dragon Dance|p1a: Salamence\n|-boost|p1a: Salamence|atk|1\n|-boost|p1a: Salamence|spe|1\n|cant|p2a: Gros mago|par\n|\n|upkeep\n|turn|19\n|inactive|nephilimuscat has 20 seconds left this turn.\n|inactive|nephilimuscat has 15 seconds left.\n|\n|t:|1700744128\n|switch|p2a: Phampy|Great Tusk, shiny|100\/100\n|move|p1a: Salamence|Dragon Dance|p1a: Salamence\n|-boost|p1a: Salamence|atk|1\n|-boost|p1a: Salamence|spe|1\n|\n|upkeep\n|turn|20\n|inactive|nephilimuscat has 25 seconds left this turn.\n|inactive|nephilimuscat has 20 seconds left.\n|inactive|nephilimuscat has 15 seconds left.\n|\n|t:|1700744139\n|move|p1a: Salamence|Dual Wingbeat|p2a: Phampy\n|-supereffective|p2a: Phampy\n|-damage|p2a: Phampy|14\/100\n|-supereffective|p2a: Phampy\n|-damage|p2a: Phampy|0 fnt\n|faint|p2a: Phampy\n|-end|p2a: Phampy|Protosynthesis|[silent]\n|-hitcount|p2: Phampy|2\n|\n|upkeep\n|inactive|nephilimuscat has 20 seconds left this turn.\n|inactive|nephilimuscat has 15 seconds left.\n|\n|t:|1700744148\n|switch|p2a: Nyoonnnn|Dragonite, M, shiny|100\/100\n|turn|21\n|inactive|nephilimuscat has 25 seconds left this turn.\n|inactive|nephilimuscat has 20 seconds left.\n|\n|t:|1700744153\n|move|p1a: Salamence|Dual Wingbeat|p2a: Nyoonnnn\n|-damage|p2a: Nyoonnnn|60\/100\n|-damage|p2a: Nyoonnnn|0 fnt\n|faint|p2a: Nyoonnnn\n|-hitcount|p2: Nyoonnnn|2\n|\n|upkeep\n|inactive|nephilimuscat has 25 seconds left this turn.\n|inactive|nephilimuscat has 20 seconds left.\n|-message|nephilimuscat forfeited.\n|\n|win|lemoslemoslemos\n|inactive|nephilimuscat has 25 seconds left this turn.\n|n|\u2606lemoslemoslemos|lemoslemoslemos\n|n|\u2606nephilimuscat|nephilimuscat\n|n| Yoink 0|yoink0\n|n| TheNewBrends11|thenewbrends11\n|n| Manjack|manjack\n|n| jzhuc1841|jzhuc1841\n|n| Psyonara|psyonara\n|n| wourtian|wourtian\n|l|\u2606nephilimuscat\n|l| Manjack\n|l| Yoink 0\n|l| wourtian\n|l| Psyonara\n","uploadtime":1700744211,"views":2,"p1id":"lemoslemoslemos","p2id":"nephilimuscat","formatid":"gen9ou","rating":0,"private":0,"password":""}