{"id":"gen9ou-1989195380","p1":"NicoRMA71","p2":"Prietar","format":"[Gen 9] OU","log":"|j|\u2606NicoRMA71\n|j|\u2606Prietar\n|t:|1699822215\n|gametype|singles\n|player|p1|NicoRMA71|alder|\n|player|p2|Prietar|schoolkidf|\n|teamsize|p1|6\n|teamsize|p2|6\n|gen|9\n|tier|[Gen 9] OU\n|rule|Sleep Clause Mod: Limit one foe put to sleep\n|rule|Species Clause: Limit one of each Pok\u00e9mon\n|rule|OHKO Clause: OHKO moves are banned\n|rule|Evasion Items Clause: Evasion items are banned\n|rule|Evasion Moves Clause: Evasion moves are banned\n|rule|Endless Battle Clause: Forcing endless battles is banned\n|rule|HP Percentage Mod: HP is shown in percentages\n|clearpoke\n|poke|p1|Gholdengo|\n|poke|p1|Garganacl, F|\n|poke|p1|Enamorus, F|\n|poke|p1|Rotom-Wash|\n|poke|p1|Walking Wake|\n|poke|p1|Cinderace, F|\n|poke|p2|Empoleon, F|\n|poke|p2|Iron Valiant|\n|poke|p2|Chandelure, M|\n|poke|p2|Clefable, M|\n|poke|p2|Great Tusk|\n|poke|p2|Rillaboom, F|\n|teampreview\n|c|\u2606NicoRMA71|Suerte\n|\n|t:|1699822245\n|start\n|switch|p1a: Rotom|Rotom-Wash|100\/100\n|switch|p2a: Rillaboom|Rillaboom, F|100\/100\n|-fieldstart|move: Grassy Terrain|[from] ability: Grassy Surge|[of] p2a: Rillaboom\n|turn|1\n|\n|t:|1699822267\n|switch|p1a: Enamorus|Enamorus, F|100\/100\n|move|p2a: Rillaboom|U-turn|p1a: Enamorus\n|-resisted|p1a: Enamorus\n|-damage|p1a: Enamorus|92\/100\n|\n|t:|1699822277\n|switch|p2a: Empoleon|Empoleon, F|100\/100|[from] U-turn\n|\n|upkeep\n|turn|2\n|\n|t:|1699822286\n|switch|p1a: Rotom|Rotom-Wash|100\/100\n|move|p2a: Empoleon|Flash Cannon|p1a: Rotom\n|-resisted|p1a: Rotom\n|-damage|p1a: Rotom|94\/100\n|\n|-heal|p1a: Rotom|100\/100|[from] item: Leftovers\n|upkeep\n|turn|3\n|\n|t:|1699822296\n|move|p1a: Rotom|Will-O-Wisp|p2a: Empoleon\n|-status|p2a: Empoleon|brn\n|move|p2a: Empoleon|Flip Turn|p1a: Rotom\n|-resisted|p1a: Rotom\n|-crit|p1a: Rotom\n|-damage|p1a: Rotom|95\/100\n|j| Veckwastaken\n|\n|t:|1699822332\n|switch|p2a: Rillaboom|Rillaboom, F|100\/100|[from] Flip Turn\n|\n|-heal|p1a: Rotom|100\/100|[from] item: Leftovers\n|upkeep\n|turn|4\n|\n|t:|1699822342\n|switch|p1a: Enamorus|Enamorus, F|92\/100\n|move|p2a: Rillaboom|Grassy Glide|p1a: Enamorus\n|-resisted|p1a: Enamorus\n|-damage|p1a: Enamorus|61\/100\n|\n|upkeep\n|turn|5\n|\n|t:|1699822355\n|switch|p2a: Empoleon|Empoleon, F|100\/100 brn\n|move|p1a: Enamorus|Agility|p1a: Enamorus\n|-boost|p1a: Enamorus|spe|2\n|\n|-damage|p2a: Empoleon|94\/100 brn|[from] brn\n|upkeep\n|turn|6\n|\n|t:|1699822367\n|move|p1a: Enamorus|Earth Power|p2a: Empoleon\n|-supereffective|p2a: Empoleon\n|-damage|p2a: Empoleon|29\/100 brn\n|-damage|p1a: Enamorus|51\/100|[from] item: Life Orb\n|move|p2a: Empoleon|Yawn|p1a: Enamorus\n|-start|p1a: Enamorus|move: Yawn|[of] p2a: Empoleon\n|\n|-heal|p2a: Empoleon|35\/100 brn|[from] Grassy Terrain\n|-heal|p2a: Empoleon|42\/100 brn|[from] item: Leftovers\n|-damage|p2a: Empoleon|35\/100 brn|[from] brn\n|upkeep\n|turn|7\n|\n|t:|1699822381\n|switch|p2a: Rillaboom|Rillaboom, F|100\/100\n|move|p1a: Enamorus|Earth Power|p2a: Rillaboom\n|-resisted|p2a: Rillaboom\n|-damage|p2a: Rillaboom|71\/100\n|-damage|p1a: Enamorus|41\/100|[from] item: Life Orb\n|\n|-heal|p2a: Rillaboom|78\/100|[from] Grassy Terrain\n|-end|p1a: Enamorus|move: Yawn|[silent]\n|-status|p1a: Enamorus|slp\n|upkeep\n|turn|8\n|\n|t:|1699822396\n|move|p2a: Rillaboom|Grassy Glide|p1a: Enamorus\n|-resisted|p1a: Enamorus\n|-damage|p1a: Enamorus|10\/100 slp\n|cant|p1a: Enamorus|slp\n|\n|-heal|p2a: Rillaboom|84\/100|[from] Grassy Terrain\n|-fieldend|move: Grassy Terrain\n|upkeep\n|turn|9\n|\n|t:|1699822406\n|cant|p1a: Enamorus|slp\n|move|p2a: Rillaboom|U-turn|p1a: Enamorus\n|-resisted|p1a: Enamorus\n|-damage|p1a: Enamorus|1\/100 slp\n|c|\u2606NicoRMA71|lol\n|\n|t:|1699822415\n|switch|p2a: Clefable|Clefable, M|100\/100|[from] U-turn\n|\n|upkeep\n|turn|10\n|l| Veckwastaken\n|c|\u2606Prietar|fuck\n|j| Veckwastaken\n|\n|t:|1699822424\n|cant|p1a: Enamorus|slp\n|move|p2a: Clefable|Stored Power|p1a: Enamorus\n|-damage|p1a: Enamorus|0 fnt\n|faint|p1a: Enamorus\n|\n|upkeep\n|\n|t:|1699822434\n|switch|p1a: Gholdengo|Gholdengo|100\/100\n|turn|11\n|\n|t:|1699822444\n|switch|p2a: Empoleon|Empoleon, F|35\/100 brn\n|move|p1a: Gholdengo|Shadow Ball|p2a: Empoleon\n|-damage|p2a: Empoleon|3\/100 brn\n|\n|-heal|p2a: Empoleon|9\/100 brn|[from] item: Leftovers\n|-damage|p2a: Empoleon|3\/100 brn|[from] brn\n|upkeep\n|turn|12\n|\n|t:|1699822455\n|move|p1a: Gholdengo|Shadow Ball|p2a: Empoleon\n|-damage|p2a: Empoleon|0 fnt\n|faint|p2a: Empoleon\n|\n|upkeep\n|\n|t:|1699822461\n|switch|p2a: Iron Valiant|Iron Valiant|100\/100\n|-enditem|p2a: Iron Valiant|Booster Energy\n|-activate|p2a: Iron Valiant|ability: Quark Drive|[fromitem]\n|-start|p2a: Iron Valiant|quarkdrivespe\n|turn|13\n|\n|t:|1699822484\n|move|p2a: Iron Valiant|Knock Off|p1a: Gholdengo\n|-supereffective|p1a: Gholdengo\n|-damage|p1a: Gholdengo|41\/100\n|-enditem|p1a: Gholdengo|Covert Cloak|[from] move: Knock Off|[of] p2a: Iron Valiant\n|move|p1a: Gholdengo|Make It Rain|p2a: Iron Valiant\n|-supereffective|p2a: Iron Valiant\n|-crit|p2a: Iron Valiant\n|-damage|p2a: Iron Valiant|0 fnt\n|-unboost|p1a: Gholdengo|spa|1\n|faint|p2a: Iron Valiant\n|-end|p2a: Iron Valiant|Quark Drive|[silent]\n|\n|upkeep\n|c|\u2606Prietar|lo que tanquea mi paa no?\n|c|\u2606NicoRMA71|Gholdengo est\u00e1 demasiado roto xd\n|\n|t:|1699822531\n|switch|p2a: Great Tusk|Great Tusk|100\/100\n|turn|14\n|\n|t:|1699822538\n|switch|p1a: Rotom|Rotom-Wash|100\/100\n|move|p2a: Great Tusk|Stealth Rock|p1a: Rotom\n|-sidestart|p1: NicoRMA71|move: Stealth Rock\n|\n|upkeep\n|turn|15\n|\n|t:|1699822546\n|-end|p2a: Great Tusk|Protosynthesis|[silent]\n|switch|p2a: Clefable|Clefable, M|100\/100\n|move|p1a: Rotom|Will-O-Wisp|p2a: Clefable\n|-status|p2a: Clefable|brn\n|\n|upkeep\n|turn|16\n|\n|t:|1699822555\n|move|p1a: Rotom|Volt Switch|p2a: Clefable\n|-damage|p2a: Clefable|78\/100 brn\n|\n|t:|1699822560\n|switch|p1a: Garganacl|Garganacl, F|100\/100|[from] Volt Switch\n|-damage|p1a: Garganacl|88\/100|[from] Stealth Rock\n|move|p2a: Clefable|Calm Mind|p2a: Clefable\n|-boost|p2a: Clefable|spa|1\n|-boost|p2a: Clefable|spd|1\n|\n|-heal|p2a: Clefable|85\/100 brn|[from] item: Leftovers\n|-heal|p1a: Garganacl|94\/100|[from] item: Leftovers\n|upkeep\n|turn|17\n|\n|t:|1699822571\n|move|p2a: Clefable|Calm Mind|p2a: Clefable\n|-boost|p2a: Clefable|spa|1\n|-boost|p2a: Clefable|spd|1\n|move|p1a: Garganacl|Salt Cure|p2a: Clefable\n|-damage|p2a: Clefable|75\/100 brn\n|-start|p2a: Clefable|Salt Cure\n|\n|-heal|p2a: Clefable|81\/100 brn|[from] item: Leftovers\n|-heal|p1a: Garganacl|100\/100|[from] item: Leftovers\n|upkeep\n|turn|18\n|\n|t:|1699822604\n|switch|p1a: Cinderace|Cinderace, F|100\/100\n|move|p2a: Clefable|Calm Mind|p2a: Clefable\n|-boost|p2a: Clefable|spa|1\n|-boost|p2a: Clefable|spd|1\n|\n|-heal|p2a: Clefable|87\/100 brn|[from] item: Leftovers\n|upkeep\n|turn|19\n|\n|t:|1699822616\n|move|p1a: Cinderace|Pyro Ball|p2a: Clefable|[miss]\n|-miss|p1a: Cinderace|p2a: Clefable\n|move|p2a: Clefable|Stored Power|p1a: Cinderace\n|-damage|p1a: Cinderace|0 fnt\n|faint|p1a: Cinderace\n|\n|-heal|p2a: Clefable|93\/100 brn|[from] item: Leftovers\n|upkeep\n|c|\u2606Prietar|auch\n|c|\u2606Prietar|sry\n|\n|t:|1699822634\n|switch|p1a: Gholdengo|Gholdengo|41\/100\n|-damage|p1a: Gholdengo|35\/100|[from] Stealth Rock\n|turn|20\n|\n|t:|1699822643\n|move|p1a: Gholdengo|Make It Rain|p2a: Clefable\n|-supereffective|p2a: Clefable\n|-damage|p2a: Clefable|40\/100 brn\n|-unboost|p1a: Gholdengo|spa|1\n|move|p2a: Clefable|Moonlight|p2a: Clefable\n|-heal|p2a: Clefable|90\/100 brn\n|\n|-heal|p2a: Clefable|96\/100 brn|[from] item: Leftovers\n|upkeep\n|turn|21\n|c|\u2606NicoRMA71|Pasas que cosan\n|\n|t:|1699822673\n|switch|p1a: Garganacl|Garganacl, F|100\/100\n|-damage|p1a: Garganacl|88\/100|[from] Stealth Rock\n|move|p2a: Clefable|Calm Mind|p2a: Clefable\n|-boost|p2a: Clefable|spa|1\n|-boost|p2a: Clefable|spd|1\n|\n|-heal|p2a: Clefable|100\/100 brn|[from] item: Leftovers\n|-heal|p1a: Garganacl|94\/100|[from] item: Leftovers\n|upkeep\n|turn|22\n|\n|t:|1699822690\n|move|p2a: Clefable|Calm Mind|p2a: Clefable\n|-boost|p2a: Clefable|spa|1\n|-boost|p2a: Clefable|spd|1\n|move|p1a: Garganacl|Body Press|p2a: Clefable\n|-resisted|p2a: Clefable\n|-damage|p2a: Clefable|91\/100 brn\n|\n|-heal|p2a: Clefable|97\/100 brn|[from] item: Leftovers\n|-heal|p1a: Garganacl|100\/100|[from] item: Leftovers\n|upkeep\n|turn|23\n|\n|t:|1699822703\n|move|p2a: Clefable|Calm Mind|p2a: Clefable\n|-boost|p2a: Clefable|spa|1\n|-boost|p2a: Clefable|spd|1\n|move|p1a: Garganacl|Stealth Rock|p2a: Clefable\n|-sidestart|p2: Prietar|move: Stealth Rock\n|\n|-heal|p2a: Clefable|100\/100 brn|[from] item: Leftovers\n|upkeep\n|turn|24\n|\n|t:|1699822715\n|move|p2a: Clefable|Stored Power|p1a: Garganacl\n|-damage|p1a: Garganacl|0 fnt\n|faint|p1a: Garganacl\n|\n|upkeep\n|\n|t:|1699822720\n|switch|p1a: Gholdengo|Gholdengo|35\/100\n|-damage|p1a: Gholdengo|29\/100|[from] Stealth Rock\n|turn|25\n|c|\u2606Prietar|one shotee esa cosa por fin\n|\n|t:|1699822730\n|move|p1a: Gholdengo|Make It Rain|p2a: Clefable\n|-supereffective|p2a: Clefable\n|-damage|p2a: Clefable|68\/100 brn\n|-unboost|p1a: Gholdengo|spa|1\n|move|p2a: Clefable|Stored Power|p1a: Gholdengo\n|-resisted|p1a: Gholdengo\n|-damage|p1a: Gholdengo|0 fnt\n|faint|p1a: Gholdengo\n|\n|-heal|p2a: Clefable|74\/100 brn|[from] item: Leftovers\n|upkeep\n|\n|t:|1699822744\n|switch|p1a: Walking Wake|Walking Wake|100\/100\n|-damage|p1a: Walking Wake|88\/100|[from] Stealth Rock\n|-enditem|p1a: Walking Wake|Booster Energy\n|-activate|p1a: Walking Wake|ability: Protosynthesis|[fromitem]\n|-start|p1a: Walking Wake|protosynthesisspa\n|turn|26\n|\n|t:|1699822756\n|-terastallize|p1a: Walking Wake|Fire\n|move|p1a: Walking Wake|Flamethrower|p2a: Clefable\n|-damage|p2a: Clefable|59\/100 brn\n|move|p2a: Clefable|Stored Power|p1a: Walking Wake\n|-damage|p1a: Walking Wake|0 fnt\n|faint|p1a: Walking Wake\n|-end|p1a: Walking Wake|Protosynthesis|[silent]\n|\n|-heal|p2a: Clefable|65\/100 brn|[from] item: Leftovers\n|upkeep\n|\n|t:|1699822766\n|switch|p1a: Rotom|Rotom-Wash|100\/100\n|-damage|p1a: Rotom|88\/100|[from] Stealth Rock\n|turn|27\n|c|\u2606NicoRMA71|Nah, se acab\u00f3\n|c|\u2606NicoRMA71|gg\n|c|\u2606Prietar|ggs\n|\n|t:|1699822775\n|-terastallize|p2a: Clefable|Psychic\n|move|p1a: Rotom|Hex|p2a: Clefable\n|-supereffective|p2a: Clefable\n|-damage|p2a: Clefable|51\/100 brn\n|move|p2a: Clefable|Stored Power|p1a: Rotom\n|-damage|p1a: Rotom|0 fnt\n|faint|p1a: Rotom\n|\n|win|Prietar\n|c|\u2606Prietar|fue un poco hax con ese miss\n|c|\u2606Prietar|un poco bastante\n|c|\u2606Prietar|lo paso?\n|c|\u2606NicoRMA71|Si quieres vale\n","uploadtime":1699822814,"views":28,"p1id":"nicorma71","p2id":"prietar","formatid":"gen9ou","rating":0,"private":0,"password":""}