{"id":"gen9ou-1990525002","p1":"suzuka33","p2":"DEANbluntbluntdean","format":"[Gen 9] OU","log":"|j|\u2606suzuka33\n|j|\u2606DEANbluntbluntdean\n|t:|1699978601\n|gametype|singles\n|player|p1|suzuka33|burglar|1368\n|player|p2|DEANbluntbluntdean|galacticgrunt|1284\n|teamsize|p1|6\n|teamsize|p2|6\n|gen|9\n|tier|[Gen 9] OU\n|rated|\n|rule|Sleep Clause Mod: Limit one foe put to sleep\n|rule|Species Clause: Limit one of each Pok\u00e9mon\n|rule|OHKO Clause: OHKO moves are banned\n|rule|Evasion Items Clause: Evasion items are banned\n|rule|Evasion Moves Clause: Evasion moves are banned\n|rule|Endless Battle Clause: Forcing endless battles is banned\n|rule|HP Percentage Mod: HP is shown in percentages\n|clearpoke\n|poke|p1|Rillaboom, F|\n|poke|p1|Sneasler, F|\n|poke|p1|Zamazenta-*|\n|poke|p1|Heatran, F|\n|poke|p1|Hatterene, F|\n|poke|p1|Manaphy|\n|poke|p2|Ceruledge, M|\n|poke|p2|Corviknight, F|\n|poke|p2|Gengar, F|\n|poke|p2|Cloyster, F|\n|poke|p2|Hydreigon, F|\n|poke|p2|Sableye, M|\n|teampreview\n|\n|t:|1699978623\n|start\n|switch|p1a: Iron Bands|Rillaboom, F|100\/100\n|switch|p2a: Gengar|Gengar, F|100\/100\n|-fieldstart|move: Grassy Terrain|[from] ability: Grassy Surge|[of] p1a: Iron Bands\n|turn|1\n|inactive|Battle timer is ON: inactive players will automatically lose when time's up. (requested by DEANbluntbluntdean)\n|inactive|suzuka33 has 120 seconds left.\n|\n|t:|1699978703\n|switch|p2a: Sableye|Sableye, M|100\/100\n|move|p1a: Iron Bands|Knock Off|p2a: Sableye\n|-damage|p2a: Sableye|48\/100\n|-enditem|p2a: Sableye|Heavy-Duty Boots|[from] move: Knock Off|[of] p1a: Iron Bands\n|\n|-heal|p2a: Sableye|54\/100|[from] Grassy Terrain\n|upkeep\n|turn|2\n|\n|t:|1699978709\n|switch|p1a: Mr Worldwide|Heatran, F|100\/100\n|-item|p1a: Mr Worldwide|Air Balloon\n|move|p2a: Sableye|Will-O-Wisp|p1a: Mr Worldwide\n|-start|p1a: Mr Worldwide|ability: Flash Fire\n|\n|-heal|p2a: Sableye|60\/100|[from] Grassy Terrain\n|upkeep\n|turn|3\n|\n|t:|1699978715\n|move|p2a: Sableye|Recover|p2a: Sableye\n|-heal|p2a: Sableye|100\/100\n|move|p1a: Mr Worldwide|Magma Storm|p2a: Sableye|[miss]\n|-miss|p1a: Mr Worldwide|p2a: Sableye\n|\n|upkeep\n|turn|4\n|\n|t:|1699978720\n|switch|p2a: Hydreigon|Hydreigon, F|100\/100\n|move|p1a: Mr Worldwide|Magma Storm|p2a: Hydreigon\n|-resisted|p2a: Hydreigon\n|-damage|p2a: Hydreigon|78\/100\n|-activate|p2a: Hydreigon|move: Magma Storm|[of] p1a: Mr Worldwide\n|\n|-heal|p2a: Hydreigon|84\/100|[from] item: Leftovers\n|-damage|p2a: Hydreigon|72\/100|[from] move: Magma Storm|[partiallytrapped]\n|upkeep\n|turn|5\n|inactive|suzuka33 has 120 seconds left.\n|inactive|suzuka33 has 90 seconds left.\n|\n|t:|1699978801\n|move|p2a: Hydreigon|U-turn|p1a: Mr Worldwide\n|-resisted|p1a: Mr Worldwide\n|-damage|p1a: Mr Worldwide|97\/100\n|-enditem|p1a: Mr Worldwide|Air Balloon\n|\n|t:|1699978811\n|switch|p2a: Ceruledge|Ceruledge, M|100\/100|[from] U-turn\n|move|p1a: Mr Worldwide|Taunt|p2a: Ceruledge\n|-start|p2a: Ceruledge|move: Taunt\n|\n|-heal|p1a: Mr Worldwide|100\/100|[from] Grassy Terrain\n|-fieldend|move: Grassy Terrain\n|upkeep\n|turn|6\n|\n|t:|1699978816\n|switch|p2a: Hydreigon|Hydreigon, F|72\/100\n|move|p1a: Mr Worldwide|Earth Power|p2a: Hydreigon\n|-immune|p2a: Hydreigon|[from] ability: Levitate\n|\n|-heal|p2a: Hydreigon|78\/100|[from] item: Leftovers\n|upkeep\n|turn|7\n|\n|t:|1699978821\n|move|p2a: Hydreigon|Earthquake|p1a: Mr Worldwide\n|-supereffective|p1a: Mr Worldwide\n|-damage|p1a: Mr Worldwide|25\/100\n|move|p1a: Mr Worldwide|Magma Storm|p2a: Hydreigon|[miss]\n|-miss|p1a: Mr Worldwide|p2a: Hydreigon\n|\n|-heal|p2a: Hydreigon|84\/100|[from] item: Leftovers\n|upkeep\n|turn|8\n|inactive|suzuka33 has 90 seconds left.\n|\n|t:|1699978830\n|-end|p1a: Mr Worldwide|ability: Flash Fire|[silent]\n|switch|p1a: Iron Bands|Rillaboom, F|100\/100\n|-fieldstart|move: Grassy Terrain|[from] ability: Grassy Surge|[of] p1a: Iron Bands\n|move|p2a: Hydreigon|Dark Pulse|p1a: Iron Bands\n|-damage|p1a: Iron Bands|59\/100\n|\n|-heal|p1a: Iron Bands|65\/100|[from] Grassy Terrain\n|-heal|p2a: Hydreigon|90\/100|[from] item: Leftovers\n|upkeep\n|turn|9\n|\n|t:|1699978837\n|switch|p2a: Sableye|Sableye, M|100\/100\n|move|p1a: Iron Bands|U-turn|p2a: Sableye\n|-damage|p2a: Sableye|64\/100\n|\n|t:|1699978841\n|switch|p1a: Mr Worldwide|Heatran, F|25\/100|[from] U-turn\n|\n|-heal|p1a: Mr Worldwide|31\/100|[from] Grassy Terrain\n|-heal|p2a: Sableye|69\/100|[from] Grassy Terrain\n|upkeep\n|turn|10\n|\n|t:|1699978844\n|move|p1a: Mr Worldwide|Taunt|p2a: Sableye\n|-start|p2a: Sableye|move: Taunt\n|move|p2a: Sableye|Knock Off|p1a: Mr Worldwide\n|-damage|p1a: Mr Worldwide|17\/100\n|\n|-heal|p1a: Mr Worldwide|23\/100|[from] Grassy Terrain\n|-heal|p2a: Sableye|75\/100|[from] Grassy Terrain\n|upkeep\n|turn|11\n|\n|t:|1699978854\n|move|p1a: Mr Worldwide|Will-O-Wisp|p2a: Sableye\n|-status|p2a: Sableye|brn\n|move|p2a: Sableye|Knock Off|p1a: Mr Worldwide\n|-damage|p1a: Mr Worldwide|17\/100\n|\n|-heal|p1a: Mr Worldwide|23\/100|[from] Grassy Terrain\n|-heal|p2a: Sableye|81\/100 brn|[from] Grassy Terrain\n|-damage|p2a: Sableye|75\/100 brn|[from] brn\n|upkeep\n|turn|12\n|inactive|suzuka33 has 120 seconds left.\n|\n|t:|1699978864\n|switch|p2a: Hydreigon|Hydreigon, F|90\/100\n|move|p1a: Mr Worldwide|Magma Storm|p2a: Hydreigon\n|-resisted|p2a: Hydreigon\n|-damage|p2a: Hydreigon|75\/100\n|-activate|p2a: Hydreigon|move: Magma Storm|[of] p1a: Mr Worldwide\n|\n|-heal|p2a: Hydreigon|81\/100|[from] item: Leftovers\n|-heal|p1a: Mr Worldwide|29\/100|[from] Grassy Terrain\n|-damage|p2a: Hydreigon|69\/100|[from] move: Magma Storm|[partiallytrapped]\n|-fieldend|move: Grassy Terrain\n|upkeep\n|turn|13\n|inactive|suzuka33 has 120 seconds left.\n|\n|t:|1699978883\n|move|p2a: Hydreigon|Stealth Rock|p1a: Mr Worldwide\n|-sidestart|p1: suzuka33|move: Stealth Rock\n|move|p1a: Mr Worldwide|Magma Storm|p2a: Hydreigon\n|-resisted|p2a: Hydreigon\n|-damage|p2a: Hydreigon|54\/100\n|\n|-heal|p2a: Hydreigon|60\/100|[from] item: Leftovers\n|-damage|p2a: Hydreigon|48\/100|[from] move: Magma Storm|[partiallytrapped]\n|upkeep\n|turn|14\n|inactive|suzuka33 has 120 seconds left.\n|\n|t:|1699978892\n|switch|p1a: Saint Laurent Hatt|Hatterene, F|100\/100\n|-damage|p1a: Saint Laurent Hatt|88\/100|[from] Stealth Rock\n|move|p2a: Hydreigon|U-turn|p1a: Saint Laurent Hatt\n|-damage|p1a: Saint Laurent Hatt|76\/100\n|\n|t:|1699978897\n|switch|p2a: Gengar|Gengar, F|100\/100|[from] U-turn\n|\n|upkeep\n|turn|15\n|\n|t:|1699978901\n|switch|p1a: Mr Worldwide|Heatran, F|29\/100\n|-damage|p1a: Mr Worldwide|17\/100|[from] Stealth Rock\n|move|p2a: Gengar|Shadow Ball|p1a: Mr Worldwide\n|-damage|p1a: Mr Worldwide|0 fnt\n|faint|p1a: Mr Worldwide\n|\n|upkeep\n|\n|t:|1699978903\n|switch|p1a: Iron Bands|Rillaboom, F|65\/100\n|-damage|p1a: Iron Bands|53\/100|[from] Stealth Rock\n|-fieldstart|move: Grassy Terrain|[from] ability: Grassy Surge|[of] p1a: Iron Bands\n|turn|16\n|\n|t:|1699978909\n|move|p1a: Iron Bands|Grassy Glide|p2a: Gengar\n|-resisted|p2a: Gengar\n|-damage|p2a: Gengar|43\/100\n|move|p2a: Gengar|Shadow Ball|p1a: Iron Bands\n|-damage|p1a: Iron Bands|5\/100\n|\n|-heal|p2a: Gengar|50\/100|[from] Grassy Terrain\n|-heal|p1a: Iron Bands|11\/100|[from] Grassy Terrain\n|upkeep\n|turn|17\n|\n|t:|1699978915\n|switch|p2a: Corviknight|Corviknight, F|100\/100\n|-ability|p2a: Corviknight|Pressure\n|move|p1a: Iron Bands|Grassy Glide|p2a: Corviknight\n|-resisted|p2a: Corviknight\n|-damage|p2a: Corviknight|92\/100\n|-damage|p1a: Iron Bands|0 fnt|[from] item: Rocky Helmet|[of] p2a: Corviknight\n|faint|p1a: Iron Bands\n|\n|upkeep\n|\n|t:|1699978918\n|switch|p1a: Creepin'|Sneasler, F|100\/100\n|-damage|p1a: Creepin'|94\/100|[from] Stealth Rock\n|-enditem|p1a: Creepin'|Grassy Seed\n|-boost|p1a: Creepin'|def|1|[from] item: Grassy Seed\n|turn|18\n|\n|t:|1699978921\n|move|p1a: Creepin'|Swords Dance|p1a: Creepin'\n|-boost|p1a: Creepin'|atk|2\n|move|p2a: Corviknight|U-turn|p1a: Creepin'\n|-resisted|p1a: Creepin'\n|-damage|p1a: Creepin'|91\/100\n|\n|t:|1699978923\n|switch|p2a: Sableye|Sableye, M|75\/100 brn|[from] U-turn\n|\n|-heal|p1a: Creepin'|97\/100|[from] Grassy Terrain\n|-heal|p2a: Sableye|81\/100 brn|[from] Grassy Terrain\n|-damage|p2a: Sableye|75\/100 brn|[from] brn\n|upkeep\n|turn|19\n|\n|t:|1699978942\n|switch|p1a: Saint Laurent Hatt|Hatterene, F|76\/100\n|-damage|p1a: Saint Laurent Hatt|64\/100|[from] Stealth Rock\n|-enditem|p1a: Saint Laurent Hatt|Grassy Seed\n|-boost|p1a: Saint Laurent Hatt|def|1|[from] item: Grassy Seed\n|move|p2a: Sableye|Encore|p1a: Saint Laurent Hatt\n|move|p1a: Saint Laurent Hatt|Encore||[from]ability: Magic Bounce|[still]\n|-fail|p1a: Saint Laurent Hatt\n|\n|-heal|p2a: Sableye|81\/100 brn|[from] Grassy Terrain\n|-heal|p1a: Saint Laurent Hatt|70\/100|[from] Grassy Terrain\n|-damage|p2a: Sableye|75\/100 brn|[from] brn\n|upkeep\n|turn|20\n|\n|t:|1699978955\n|switch|p2a: Gengar|Gengar, F|50\/100\n|move|p1a: Saint Laurent Hatt|Calm Mind|p1a: Saint Laurent Hatt\n|-boost|p1a: Saint Laurent Hatt|spa|1\n|-boost|p1a: Saint Laurent Hatt|spd|1\n|\n|-heal|p2a: Gengar|56\/100|[from] Grassy Terrain\n|-heal|p1a: Saint Laurent Hatt|76\/100|[from] Grassy Terrain\n|-fieldend|move: Grassy Terrain\n|upkeep\n|turn|21\n|\n|t:|1699978961\n|move|p2a: Gengar|Sludge Bomb|p1a: Saint Laurent Hatt\n|-supereffective|p1a: Saint Laurent Hatt\n|-damage|p1a: Saint Laurent Hatt|16\/100\n|move|p1a: Saint Laurent Hatt|Calm Mind|p1a: Saint Laurent Hatt\n|-boost|p1a: Saint Laurent Hatt|spa|1\n|-boost|p1a: Saint Laurent Hatt|spd|1\n|\n|upkeep\n|turn|22\n|\n|t:|1699978965\n|move|p2a: Gengar|Sludge Bomb|p1a: Saint Laurent Hatt\n|-supereffective|p1a: Saint Laurent Hatt\n|-damage|p1a: Saint Laurent Hatt|0 fnt\n|faint|p1a: Saint Laurent Hatt\n|\n|upkeep\n|\n|t:|1699978968\n|switch|p1a: Creepin'|Sneasler, F|97\/100\n|-damage|p1a: Creepin'|91\/100|[from] Stealth Rock\n|turn|23\n|-message|suzuka33 forfeited.\n|\n|win|DEANbluntbluntdean\n|raw|suzuka33's rating: 1368 &rarr; <strong>1343<\/strong><br \/>(-25 for losing)\n|raw|DEANbluntbluntdean's rating: 1284 &rarr; <strong>1315<\/strong><br \/>(+31 for winning)\n|l|\u2606suzuka33\n","uploadtime":1699978975,"views":8,"p1id":"suzuka33","p2id":"deanbluntbluntdean","formatid":"gen9ou","rating":1315,"private":0,"password":""}