{"id":"gen9ou-1991967435","p1":"Jeanmilapipe","p2":"andresmauro","format":"[Gen 9] OU","log":"|j|\u2606Jeanmilapipe\n|j|\u2606andresmauro\n|t:|1700143477\n|gametype|singles\n|player|p1|Jeanmilapipe|n|1621\n|player|p2|andresmauro|169|1625\n|teamsize|p1|6\n|teamsize|p2|6\n|gen|9\n|tier|[Gen 9] OU\n|rated|\n|rule|Sleep Clause Mod: Limit one foe put to sleep\n|rule|Species Clause: Limit one of each Pok\u00e9mon\n|rule|OHKO Clause: OHKO moves are banned\n|rule|Evasion Items Clause: Evasion items are banned\n|rule|Evasion Moves Clause: Evasion moves are banned\n|rule|Endless Battle Clause: Forcing endless battles is banned\n|rule|HP Percentage Mod: HP is shown in percentages\n|clearpoke\n|poke|p1|Ceruledge, M|\n|poke|p1|Haxorus, F|\n|poke|p1|Cinderace, F|\n|poke|p1|Scream Tail|\n|poke|p1|Tornadus-Therian, M|\n|poke|p1|Kingambit, F|\n|poke|p2|Weezing-Galar, M|\n|poke|p2|Garganacl, F|\n|poke|p2|Dragapult, M|\n|poke|p2|Sneasler, M|\n|poke|p2|Rillaboom, F|\n|poke|p2|Kingambit, M|\n|teampreview\n|j| Venotic\n|j| clozap9\n|\n|t:|1700143489\n|start\n|switch|p1a: Tornadus|Tornadus-Therian, M|100\/100\n|switch|p2a: Sneasler|Sneasler, M|100\/100\n|turn|1\n|\n|t:|1700143495\n|switch|p2a: Garganacl|Garganacl, F|100\/100\n|move|p1a: Tornadus|Nasty Plot|p1a: Tornadus\n|-boost|p1a: Tornadus|spa|2\n|\n|upkeep\n|turn|2\n|j| Amogusroxyrrrr\n|\n|t:|1700143502\n|move|p1a: Tornadus|Bleakwind Storm|p2a: Garganacl\n|-resisted|p2a: Garganacl\n|-damage|p2a: Garganacl|72\/100\n|move|p2a: Garganacl|Salt Cure|p1a: Tornadus\n|-supereffective|p1a: Tornadus\n|-damage|p1a: Tornadus|66\/100\n|-start|p1a: Tornadus|Salt Cure\n|\n|-heal|p2a: Garganacl|78\/100|[from] item: Leftovers\n|-damage|p1a: Tornadus|53\/100|[from] Salt Cure\n|upkeep\n|turn|3\n|j| Aeglos\n|\n|t:|1700143512\n|switch|p1a: Kingambit|Kingambit, F|100\/100\n|switch|p2a: Dragapult|Dragapult, M|100\/100\n|\n|upkeep\n|turn|4\n|\n|t:|1700143519\n|-end|p1a: Kingambit|fallenundefined|[silent]\n|switch|p1a: Cinderace|Cinderace, F|100\/100\n|move|p2a: Dragapult|Will-O-Wisp|p1a: Cinderace\n|-immune|p1a: Cinderace\n|\n|upkeep\n|turn|5\n|\n|t:|1700143525\n|switch|p2a: Weezing|Weezing-Galar, M, shiny|100\/100\n|-ability|p2a: Weezing|Neutralizing Gas\n|move|p1a: Cinderace|Pyro Ball|p2a: Weezing\n|-damage|p2a: Weezing|62\/100\n|\n|-heal|p2a: Weezing|68\/100|[from] item: Leftovers\n|upkeep\n|turn|6\n|\n|t:|1700143534\n|move|p1a: Cinderace|Will-O-Wisp|p2a: Weezing\n|-status|p2a: Weezing|brn\n|move|p2a: Weezing|Pain Split|p1a: Cinderace\n|-sethp|p1a: Cinderace|88\/100|[from] move: Pain Split|[silent]\n|-sethp|p2a: Weezing|79\/100 brn|[from] move: Pain Split\n|\n|-heal|p2a: Weezing|85\/100 brn|[from] item: Leftovers\n|-damage|p2a: Weezing|79\/100 brn|[from] brn\n|upkeep\n|turn|7\n|\n|t:|1700143547\n|switch|p1a: Ceruledge|Ceruledge, M|100\/100\n|move|p2a: Weezing|Clear Smog|p1a: Ceruledge\n|-resisted|p1a: Ceruledge\n|-damage|p1a: Ceruledge|92\/100\n|-clearboost|p1a: Ceruledge\n|\n|-heal|p2a: Weezing|85\/100 brn|[from] item: Leftovers\n|-damage|p2a: Weezing|79\/100 brn|[from] brn\n|upkeep\n|turn|8\n|\n|t:|1700143560\n|switch|p1a: Kingambit|Kingambit, F|100\/100\n|-end|p2a: Weezing|ability: Neutralizing Gas\n|switch|p2a: Garganacl|Garganacl, F|78\/100\n|\n|-heal|p2a: Garganacl|85\/100|[from] item: Leftovers\n|upkeep\n|turn|9\n|\n|t:|1700143568\n|move|p1a: Kingambit|Iron Head|p2a: Garganacl\n|-supereffective|p2a: Garganacl\n|-damage|p2a: Garganacl|18\/100\n|move|p2a: Garganacl|Salt Cure|p1a: Kingambit\n|-resisted|p1a: Kingambit\n|-damage|p1a: Kingambit|95\/100\n|-start|p1a: Kingambit|Salt Cure\n|\n|-heal|p1a: Kingambit|100\/100|[from] item: Leftovers\n|-heal|p2a: Garganacl|24\/100|[from] item: Leftovers\n|-damage|p1a: Kingambit|76\/100|[from] Salt Cure\n|upkeep\n|turn|10\n|\n|t:|1700143579\n|switch|p2a: Kingambit|Kingambit, M|100\/100\n|move|p1a: Kingambit|Kowtow Cleave|p2a: Kingambit\n|-resisted|p2a: Kingambit\n|-damage|p2a: Kingambit|81\/100\n|\n|-heal|p1a: Kingambit|82\/100|[from] item: Leftovers\n|-damage|p1a: Kingambit|57\/100|[from] Salt Cure\n|upkeep\n|turn|11\n|\n|t:|1700143592\n|-end|p1a: Kingambit|fallenundefined|[silent]\n|switch|p1a: Scream Tail|Scream Tail|100\/100\n|-end|p2a: Kingambit|fallenundefined|[silent]\n|switch|p2a: Dragapult|Dragapult, M|100\/100\n|\n|upkeep\n|turn|12\n|\n|t:|1700143599\n|move|p2a: Dragapult|Shadow Ball|p1a: Scream Tail\n|-supereffective|p1a: Scream Tail\n|-damage|p1a: Scream Tail|23\/100\n|move|p1a: Scream Tail|Dazzling Gleam|p2a: Dragapult\n|-supereffective|p2a: Dragapult\n|-damage|p2a: Dragapult|45\/100\n|\n|-heal|p1a: Scream Tail|29\/100|[from] item: Leftovers\n|upkeep\n|turn|13\n|\n|t:|1700143611\n|switch|p2a: Sneasler|Sneasler, M|100\/100\n|move|p1a: Scream Tail|Protect||[still]\n|-fail|p1a: Scream Tail\n|\n|-heal|p1a: Scream Tail|36\/100|[from] item: Leftovers\n|upkeep\n|turn|14\n|\n|t:|1700143619\n|move|p2a: Sneasler|Dire Claw|p1a: Scream Tail\n|-supereffective|p1a: Scream Tail\n|-damage|p1a: Scream Tail|0 fnt\n|faint|p1a: Scream Tail\n|-end|p1a: Scream Tail|Protosynthesis|[silent]\n|\n|upkeep\n|\n|t:|1700143632\n|switch|p1a: Haxorus|Haxorus, F|100\/100\n|-ability|p1a: Haxorus|Mold Breaker\n|turn|15\n|inactive|Battle timer is ON: inactive players will automatically lose when time's up. (requested by andresmauro)\n|\n|t:|1700143636\n|move|p2a: Sneasler|Dire Claw|p1a: Haxorus\n|-damage|p1a: Haxorus|41\/100\n|-status|p1a: Haxorus|slp\n|cant|p1a: Haxorus|slp\n|\n|upkeep\n|turn|16\n|\n|t:|1700143643\n|move|p2a: Sneasler|Dire Claw|p1a: Haxorus\n|-damage|p1a: Haxorus|0 fnt\n|faint|p1a: Haxorus\n|\n|upkeep\n|\n|t:|1700143648\n|switch|p1a: Ceruledge|Ceruledge, M|92\/100\n|turn|17\n|\n|t:|1700143656\n|move|p2a: Sneasler|Shadow Claw|p1a: Ceruledge\n|-supereffective|p1a: Ceruledge\n|-damage|p1a: Ceruledge|9\/100\n|move|p1a: Ceruledge|Swords Dance|p1a: Ceruledge\n|-boost|p1a: Ceruledge|atk|2\n|\n|upkeep\n|turn|18\n|\n|t:|1700143663\n|switch|p2a: Garganacl|Garganacl, F|24\/100\n|move|p1a: Ceruledge|Shadow Sneak|p2a: Garganacl\n|-damage|p2a: Garganacl|10\/100\n|\n|-heal|p2a: Garganacl|17\/100|[from] item: Leftovers\n|upkeep\n|turn|19\n|\n|t:|1700143671\n|move|p1a: Ceruledge|Bitter Blade|p2a: Garganacl\n|-resisted|p2a: Garganacl\n|-damage|p2a: Garganacl|0 fnt\n|-heal|p1a: Ceruledge|20\/100|[from] drain|[of] p2a: Garganacl\n|faint|p2a: Garganacl\n|\n|upkeep\n|\n|t:|1700143674\n|switch|p2a: Rillaboom|Rillaboom, F|100\/100\n|-fieldstart|move: Grassy Terrain|[from] ability: Grassy Surge|[of] p2a: Rillaboom\n|turn|20\n|\n|t:|1700143682\n|switch|p1a: Cinderace|Cinderace, F|88\/100\n|move|p2a: Rillaboom|Grassy Glide|p1a: Cinderace\n|-resisted|p1a: Cinderace\n|-damage|p1a: Cinderace|43\/100\n|\n|-heal|p1a: Cinderace|49\/100|[from] Grassy Terrain\n|upkeep\n|turn|21\n|\n|t:|1700143692\n|switch|p2a: Weezing|Weezing-Galar, M, shiny|79\/100 brn\n|-ability|p2a: Weezing|Neutralizing Gas\n|move|p1a: Cinderace|Pyro Ball|p2a: Weezing\n|-damage|p2a: Weezing|41\/100 brn\n|\n|-heal|p1a: Cinderace|55\/100|[from] Grassy Terrain\n|-heal|p2a: Weezing|47\/100 brn|[from] Grassy Terrain\n|-heal|p2a: Weezing|53\/100 brn|[from] item: Leftovers\n|-damage|p2a: Weezing|47\/100 brn|[from] brn\n|upkeep\n|turn|22\n|\n|t:|1700143704\n|-end|p2a: Weezing|ability: Neutralizing Gas\n|switch|p2a: Dragapult|Dragapult, M|45\/100\n|move|p1a: Cinderace|U-turn|p2a: Dragapult\n|-resisted|p2a: Dragapult\n|-damage|p2a: Dragapult|29\/100\n|\n|t:|1700143710\n|switch|p1a: Ceruledge|Ceruledge, M|20\/100|[from] U-turn\n|\n|-heal|p2a: Dragapult|35\/100|[from] Grassy Terrain\n|-heal|p1a: Ceruledge|27\/100|[from] Grassy Terrain\n|upkeep\n|turn|23\n|l| clozap9\n|\n|t:|1700143718\n|switch|p2a: Sneasler|Sneasler, M|100\/100\n|-enditem|p2a: Sneasler|Grassy Seed\n|-boost|p2a: Sneasler|def|1|[from] item: Grassy Seed\n|move|p1a: Ceruledge|Bitter Blade|p2a: Sneasler\n|-crit|p2a: Sneasler\n|-damage|p2a: Sneasler|0 fnt\n|-heal|p1a: Ceruledge|79\/100|[from] drain|[of] p2a: Sneasler\n|faint|p2a: Sneasler\n|\n|-heal|p1a: Ceruledge|85\/100|[from] Grassy Terrain\n|upkeep\n|c|\u2606andresmauro|men\n|c|\u2606andresmauro|your fuckinx hax\n|\n|t:|1700143725\n|switch|p2a: Kingambit|Kingambit, M|81\/100\n|-activate|p2a: Kingambit|ability: Supreme Overlord\n|-start|p2a: Kingambit|fallen2|[silent]\n|turn|24\n|c|\u2606Jeanmilapipe|yeeeeeeeeeeeeeeeeeeeee\n|\n|t:|1700143748\n|-terastallize|p1a: Ceruledge|Fairy\n|-terastallize|p2a: Kingambit|Fighting\n|move|p1a: Ceruledge|Bitter Blade|p2a: Kingambit\n|-crit|p2a: Kingambit\n|-damage|p2a: Kingambit|26\/100\n|-heal|p1a: Ceruledge|100\/100|[from] drain|[of] p2a: Kingambit\n|move|p2a: Kingambit|Kowtow Cleave|p1a: Ceruledge\n|-resisted|p1a: Ceruledge\n|-damage|p1a: Ceruledge|52\/100\n|\n|-heal|p1a: Ceruledge|59\/100|[from] Grassy Terrain\n|-heal|p2a: Kingambit|32\/100|[from] Grassy Terrain\n|-fieldend|move: Grassy Terrain\n|upkeep\n|turn|25\n|c|\u2606andresmauro|and continuo\n|c|\u2606andresmauro|with your fuckinx hax\n|c|\u2606andresmauro|you win only for haxx bro\n|inactive|Jeanmilapipe has 120 seconds left.\n|j| SPEBSQSA\n|l| SPEBSQSA\n|c|\u2606Jeanmilapipe|said the guy that spam dire claw and get the sleeep\n|j| SPEBSQSA\n|c|\u2606andresmauro|no matter bro\n|\n|t:|1700143785\n|move|p1a: Ceruledge|Bitter Blade|p2a: Kingambit\n|-damage|p2a: Kingambit|0 fnt\n|-heal|p1a: Ceruledge|79\/100|[from] drain|[of] p2a: Kingambit\n|faint|p2a: Kingambit\n|-end|p2a: Kingambit|fallen2|[silent]\n|\n|upkeep\n|\n|t:|1700143789\n|switch|p2a: Rillaboom|Rillaboom, F|100\/100\n|-fieldstart|move: Grassy Terrain|[from] ability: Grassy Surge|[of] p2a: Rillaboom\n|turn|26\n|\n|t:|1700143795\n|switch|p1a: Cinderace|Cinderace, F|55\/100\n|move|p2a: Rillaboom|Grassy Glide|p1a: Cinderace\n|-resisted|p1a: Cinderace\n|-damage|p1a: Cinderace|9\/100\n|\n|-heal|p1a: Cinderace|15\/100|[from] Grassy Terrain\n|upkeep\n|turn|27\n|inactive|Jeanmilapipe has 120 seconds left.\n|\n|t:|1700143806\n|switch|p1a: Kingambit|Kingambit, F|57\/100\n|-activate|p1a: Kingambit|ability: Supreme Overlord\n|-start|p1a: Kingambit|fallen2|[silent]\n|move|p2a: Rillaboom|Grassy Glide|p1a: Kingambit\n|-resisted|p1a: Kingambit\n|-damage|p1a: Kingambit|34\/100\n|\n|-heal|p1a: Kingambit|40\/100|[from] Grassy Terrain\n|-heal|p1a: Kingambit|46\/100|[from] item: Leftovers\n|upkeep\n|turn|28\n|inactive|Jeanmilapipe has 120 seconds left.\n|\n|t:|1700143817\n|switch|p2a: Weezing|Weezing-Galar, M, shiny|47\/100 brn\n|-ability|p2a: Weezing|Neutralizing Gas\n|move|p1a: Kingambit|Iron Head|p2a: Weezing\n|-supereffective|p2a: Weezing\n|-damage|p2a: Weezing|0 fnt\n|faint|p2a: Weezing\n|-end|p2a: Weezing|ability: Neutralizing Gas\n|-activate|p1a: Kingambit|ability: Supreme Overlord\n|-start|p1a: Kingambit|fallen2|[silent]\n|\n|-heal|p1a: Kingambit|52\/100|[from] Grassy Terrain\n|-heal|p1a: Kingambit|58\/100|[from] item: Leftovers\n|upkeep\n|\n|t:|1700143820\n|switch|p2a: Dragapult|Dragapult, M|35\/100\n|turn|29\n|inactive|Jeanmilapipe has 120 seconds left.\n|\n|t:|1700143836\n|-end|p1a: Kingambit|fallen2|[silent]\n|switch|p1a: Cinderace|Cinderace, F|15\/100\n|move|p2a: Dragapult|Draco Meteor|p1a: Cinderace\n|-damage|p1a: Cinderace|0 fnt\n|-unboost|p2a: Dragapult|spa|2\n|faint|p1a: Cinderace\n|\n|-heal|p2a: Dragapult|41\/100|[from] Grassy Terrain\n|upkeep\n|\n|t:|1700143846\n|switch|p1a: Ceruledge|Ceruledge, M, tera:Fairy|79\/100\n|turn|30\n|c|\u2606andresmauro|win for hax man\n|-message|andresmauro forfeited.\n|\n|win|Jeanmilapipe\n|raw|Jeanmilapipe's rating: 1621 &rarr; <strong>1641<\/strong><br \/>(+20 for winning)\n|raw|andresmauro's rating: 1625 &rarr; <strong>1605<\/strong><br \/>(-20 for losing)\n","uploadtime":1700143724,"views":12,"p1id":"jeanmilapipe","p2id":"andresmauro","formatid":"gen9ou","rating":1605,"private":0,"password":""}