{"id":"gen9ou-1989597858","p1":"iwantalasaga","p2":"Valack1n","format":"[Gen 9] OU","log":"|j|\u2606iwantalasaga\n|j|\u203dValack1n\n|t:|1699876843\n|gametype|singles\n|player|p1|iwantalasaga|102|1130\n|player|p2|Valack1n|supernerd|1031\n|teamsize|p1|6\n|teamsize|p2|6\n|gen|9\n|tier|[Gen 9] OU\n|rated|\n|rule|Sleep Clause Mod: Limit one foe put to sleep\n|rule|Species Clause: Limit one of each Pok\u00e9mon\n|rule|OHKO Clause: OHKO moves are banned\n|rule|Evasion Items Clause: Evasion items are banned\n|rule|Evasion Moves Clause: Evasion moves are banned\n|rule|Endless Battle Clause: Forcing endless battles is banned\n|rule|HP Percentage Mod: HP is shown in percentages\n|clearpoke\n|poke|p1|Iron Jugulis|\n|poke|p1|Ogerpon-Wellspring, F|\n|poke|p1|Tinkaton, F|\n|poke|p1|Iron Moth|\n|poke|p1|Great Tusk|\n|poke|p1|Dragapult, F|\n|poke|p2|Veluza, M|\n|poke|p2|Staraptor, F|\n|poke|p2|Seviper, M|\n|poke|p2|Squawkabilly-Yellow, F|\n|poke|p2|Weezing-Galar, M|\n|poke|p2|Kingambit, M|\n|teampreview\n|\n|t:|1699876852\n|start\n|switch|p1a: Tinkaton|Tinkaton, F|100\/100\n|switch|p2a: Squawkabilly|Squawkabilly-Yellow, F|100\/100\n|-ability|p2a: Squawkabilly|Intimidate|boost\n|-unboost|p1a: Tinkaton|atk|1\n|-item|p1a: Tinkaton|Air Balloon\n|turn|1\n|\n|t:|1699876870\n|move|p2a: Squawkabilly|Final Gambit|p1a: Tinkaton\n|-damage|p1a: Tinkaton|2\/100\n|-enditem|p1a: Tinkaton|Air Balloon\n|faint|p2a: Squawkabilly\n|move|p1a: Tinkaton|Stealth Rock|p2: Squawkabilly\n|-sidestart|p2: Valack1n|move: Stealth Rock\n|\n|upkeep\n|\n|t:|1699876875\n|switch|p2a: Weezing|Weezing-Galar, M|100\/100\n|-ability|p2a: Weezing|Neutralizing Gas\n|turn|2\n|\n|t:|1699876885\n|move|p1a: Tinkaton|Thunder Wave|p2a: Weezing\n|-status|p2a: Weezing|par\n|move|p2a: Weezing|Defog|p1a: Tinkaton\n|-unboost|p1a: Tinkaton|evasion|1\n|-sideend|p2: Valack1n|Stealth Rock|[from] move: Defog|[of] p2a: Weezing\n|\n|upkeep\n|turn|3\n|\n|t:|1699876896\n|move|p1a: Tinkaton|Encore|p2a: Weezing\n|-start|p2a: Weezing|Encore\n|move|p2a: Weezing|Defog|p1a: Tinkaton\n|-unboost|p1a: Tinkaton|evasion|1\n|\n|upkeep\n|turn|4\n|\n|t:|1699876906\n|switch|p1a: Great Tusk|Great Tusk|100\/100\n|-enditem|p1a: Great Tusk|Booster Energy\n|-activate|p1a: Great Tusk|ability: Protosynthesis|[fromitem]\n|-start|p1a: Great Tusk|protosynthesisspe\n|-end|p2a: Weezing|ability: Neutralizing Gas\n|switch|p2a: Veluza|Veluza, M|100\/100\n|-ability|p2a: Veluza|Mold Breaker\n|\n|upkeep\n|turn|5\n|\n|t:|1699876935\n|-end|p1a: Great Tusk|Protosynthesis|[silent]\n|switch|p1a: Ogerpon|Ogerpon-Wellspring, F|100\/100\n|move|p2a: Veluza|Flip Turn|p1a: Ogerpon\n|-resisted|p1a: Ogerpon\n|-damage|p1a: Ogerpon|94\/100\n|\n|t:|1699876944\n|switch|p2a: Staraptor|Staraptor, F|100\/100|[from] Flip Turn\n|-ability|p2a: Staraptor|Intimidate|boost\n|-unboost|p1a: Ogerpon|atk|1\n|\n|upkeep\n|turn|6\n|\n|t:|1699876958\n|move|p2a: Staraptor|Final Gambit|p1a: Ogerpon\n|-damage|p1a: Ogerpon|0 fnt\n|faint|p2a: Staraptor\n|faint|p1a: Ogerpon\n|\n|upkeep\n|inactive|Battle timer is ON: inactive players will automatically lose when time's up. (requested by Valack1n)\n|\n|t:|1699876973\n|switch|p1a: Dragapult|Dragapult, F|100\/100\n|switch|p2a: Veluza|Veluza, M|100\/100\n|-ability|p2a: Veluza|Mold Breaker\n|turn|7\n|\n|t:|1699876981\n|move|p1a: Dragapult|Thunderbolt|p2a: Veluza\n|-supereffective|p2a: Veluza\n|-damage|p2a: Veluza|6\/100\n|move|p2a: Veluza|Flip Turn|p1a: Dragapult\n|-resisted|p1a: Dragapult\n|-damage|p1a: Dragapult|87\/100\n|\n|t:|1699876986\n|switch|p2a: Seviper|Seviper, M|100\/100|[from] Flip Turn\n|\n|upkeep\n|turn|8\n|\n|t:|1699876994\n|switch|p1a: Great Tusk|Great Tusk|100\/100\n|move|p2a: Seviper|Knock Off|p1a: Great Tusk\n|-resisted|p1a: Great Tusk\n|-damage|p1a: Great Tusk|96\/100\n|\n|upkeep\n|turn|9\n|\n|t:|1699877004\n|switch|p2a: Veluza|Veluza, M|6\/100\n|-ability|p2a: Veluza|Mold Breaker\n|move|p1a: Great Tusk|Headlong Rush|p2a: Veluza\n|-damage|p2a: Veluza|0 fnt\n|-unboost|p1a: Great Tusk|def|1\n|-unboost|p1a: Great Tusk|spd|1\n|faint|p2a: Veluza\n|\n|upkeep\n|\n|t:|1699877012\n|switch|p2a: Seviper|Seviper, M|100\/100\n|turn|10\n|\n|t:|1699877016\n|move|p2a: Seviper|Final Gambit|p1a: Great Tusk\n|-damage|p1a: Great Tusk|15\/100\n|faint|p2a: Seviper\n|move|p1a: Great Tusk|Headlong Rush|p2: Seviper|[notarget]\n|-fail|p1a: Great Tusk\n|\n|upkeep\n|\n|t:|1699877022\n|switch|p2a: Weezing|Weezing-Galar, M|100\/100 par\n|-ability|p2a: Weezing|Neutralizing Gas\n|turn|11\n|\n|t:|1699877025\n|move|p1a: Great Tusk|Headlong Rush|p2a: Weezing\n|-supereffective|p2a: Weezing\n|-damage|p2a: Weezing|10\/100 par\n|-unboost|p1a: Great Tusk|def|1\n|-unboost|p1a: Great Tusk|spd|1\n|move|p2a: Weezing|Toxic Spikes|p1a: Great Tusk\n|-sidestart|p1: iwantalasaga|move: Toxic Spikes\n|\n|upkeep\n|turn|12\n|\n|t:|1699877035\n|move|p1a: Great Tusk|Rapid Spin|p2a: Weezing\n|-damage|p2a: Weezing|0 fnt\n|-boost|p1a: Great Tusk|spe|1\n|-sideend|p1: iwantalasaga|Toxic Spikes|[from] move: Rapid Spin|[of] p1a: Great Tusk\n|faint|p2a: Weezing\n|-end|p2a: Weezing|ability: Neutralizing Gas\n|\n|upkeep\n|\n|t:|1699877044\n|switch|p2a: Kingambit|Kingambit, M|100\/100\n|-activate|p2a: Kingambit|ability: Supreme Overlord\n|-start|p2a: Kingambit|fallen5|[silent]\n|turn|13\n|\n|t:|1699877049\n|move|p2a: Kingambit|Sucker Punch|p1a: Great Tusk\n|-resisted|p1a: Great Tusk\n|-damage|p1a: Great Tusk|0 fnt\n|faint|p1a: Great Tusk\n|-end|p1a: Great Tusk|Protosynthesis|[silent]\n|\n|upkeep\n|\n|t:|1699877053\n|switch|p1a: Iron Moth|Iron Moth|100\/100\n|-enditem|p1a: Iron Moth|Booster Energy\n|-activate|p1a: Iron Moth|ability: Quark Drive|[fromitem]\n|-start|p1a: Iron Moth|quarkdrivespe\n|turn|14\n|\n|t:|1699877057\n|-terastallize|p2a: Kingambit|Dark\n|move|p1a: Iron Moth|Fiery Dance|p2a: Kingambit\n|-damage|p2a: Kingambit|61\/100\n|-boost|p1a: Iron Moth|spa|1\n|move|p2a: Kingambit|Iron Head|p1a: Iron Moth\n|-resisted|p1a: Iron Moth\n|-damage|p1a: Iron Moth|48\/100\n|\n|upkeep\n|turn|15\n|\n|t:|1699877062\n|move|p2a: Kingambit|Sucker Punch|p1a: Iron Moth\n|-damage|p1a: Iron Moth|0 fnt\n|faint|p1a: Iron Moth\n|-end|p1a: Iron Moth|Quark Drive|[silent]\n|\n|upkeep\n|\n|t:|1699877066\n|switch|p1a: Iron Jugulis|Iron Jugulis|100\/100\n|-enditem|p1a: Iron Jugulis|Booster Energy\n|-activate|p1a: Iron Jugulis|ability: Quark Drive|[fromitem]\n|-start|p1a: Iron Jugulis|quarkdrivespe\n|turn|16\n|\n|t:|1699877074\n|move|p1a: Iron Jugulis|Hurricane|p2a: Kingambit|[miss]\n|-miss|p1a: Iron Jugulis|p2a: Kingambit\n|move|p2a: Kingambit|Kowtow Cleave|p1a: Iron Jugulis\n|-resisted|p1a: Iron Jugulis\n|-damage|p1a: Iron Jugulis|24\/100\n|\n|upkeep\n|turn|17\n|\n|t:|1699877092\n|move|p2a: Kingambit|Sucker Punch|p1a: Iron Jugulis\n|-resisted|p1a: Iron Jugulis\n|-damage|p1a: Iron Jugulis|0 fnt\n|faint|p1a: Iron Jugulis\n|-end|p1a: Iron Jugulis|Quark Drive|[silent]\n|\n|upkeep\n|\n|t:|1699877094\n|switch|p1a: Dragapult|Dragapult, F|87\/100\n|turn|18\n|\n|t:|1699877102\n|switch|p1a: Tinkaton|Tinkaton, F|2\/100\n|move|p2a: Kingambit|Sucker Punch||[still]\n|-fail|p2a: Kingambit\n|\n|upkeep\n|turn|19\n|\n|t:|1699877109\n|move|p2a: Kingambit|Sucker Punch||[still]\n|-fail|p2a: Kingambit\n|move|p1a: Tinkaton|Encore|p2a: Kingambit\n|-start|p2a: Kingambit|Encore\n|\n|upkeep\n|turn|20\n|\n|t:|1699877115\n|move|p2a: Kingambit|Sucker Punch||[still]\n|-fail|p2a: Kingambit\n|move|p1a: Tinkaton|Thunder Wave|p2a: Kingambit\n|-status|p2a: Kingambit|par\n|\n|upkeep\n|turn|21\n|\n|t:|1699877124\n|move|p2a: Kingambit|Sucker Punch||[still]\n|-fail|p2a: Kingambit\n|move|p1a: Tinkaton|Stealth Rock|p2a: Kingambit\n|-sidestart|p2: Valack1n|move: Stealth Rock\n|\n|upkeep\n|turn|22\n|\n|t:|1699877131\n|move|p2a: Kingambit|Sucker Punch||[still]\n|-fail|p2a: Kingambit\n|move|p1a: Tinkaton|Encore||[still]\n|-fail|p1a: Tinkaton\n|\n|-end|p2a: Kingambit|Encore\n|upkeep\n|turn|23\n|\n|t:|1699877137\n|move|p1a: Tinkaton|Encore||[still]\n|-fail|p1a: Tinkaton\n|move|p2a: Kingambit|Kowtow Cleave|p1a: Tinkaton\n|-resisted|p1a: Tinkaton\n|-damage|p1a: Tinkaton|0 fnt\n|faint|p1a: Tinkaton\n|\n|upkeep\n|\n|t:|1699877140\n|switch|p1a: Dragapult|Dragapult, F|87\/100\n|turn|24\n|\n|t:|1699877151\n|move|p1a: Dragapult|Draco Meteor|p2a: Kingambit\n|-damage|p2a: Kingambit|0 fnt\n|-unboost|p1a: Dragapult|spa|2\n|faint|p2a: Kingambit\n|-end|p2a: Kingambit|fallen5|[silent]\n|\n|win|iwantalasaga\n|raw|iwantalasaga's rating: 1130 &rarr; <strong>1148<\/strong><br \/>(+18 for winning)\n|raw|Valack1n's rating: 1031 &rarr; <strong>1020<\/strong><br \/>(-11 for losing)\n|l|\u203dValack1n\n","uploadtime":1699877160,"views":18,"p1id":"iwantalasaga","p2id":"valack1n","formatid":"gen9ou","rating":1020,"private":0,"password":""}