{"id":"gen9ou-1988700886","p1":"llooganium","p2":"Violet Mask","format":"[Gen 9] OU","log":"|j|\u2606llooganium\n|j|\u2606Violet Mask\n|t:|1699752349\n|gametype|singles\n|player|p1|llooganium|101|1234\n|player|p2|Violet Mask|lance-masters|1354\n|teamsize|p1|6\n|teamsize|p2|6\n|gen|9\n|tier|[Gen 9] OU\n|rated|\n|rule|Sleep Clause Mod: Limit one foe put to sleep\n|rule|Species Clause: Limit one of each Pok\u00e9mon\n|rule|OHKO Clause: OHKO moves are banned\n|rule|Evasion Items Clause: Evasion items are banned\n|rule|Evasion Moves Clause: Evasion moves are banned\n|rule|Endless Battle Clause: Forcing endless battles is banned\n|rule|HP Percentage Mod: HP is shown in percentages\n|clearpoke\n|poke|p1|Sneasler, M|\n|poke|p1|Corviknight, M|\n|poke|p1|Gliscor, F|\n|poke|p1|Toxapex, M|\n|poke|p1|Blissey, F|\n|poke|p1|Clodsire, M|\n|poke|p2|Medicham, M|\n|poke|p2|Garganacl, F|\n|poke|p2|Garchomp, F|\n|poke|p2|Sandy Shocks|\n|poke|p2|Corviknight, M|\n|poke|p2|Sylveon, F|\n|teampreview\n|inactive|Battle timer is ON: inactive players will automatically lose when time's up. (requested by Violet Mask)\n|\n|t:|1699752379\n|start\n|switch|p1a: Sneasler|Sneasler, M|100\/100\n|switch|p2a: Medicham|Medicham, M|100\/100\n|turn|1\n|\n|t:|1699752392\n|switch|p2a: Corviknight|Corviknight, M|100\/100\n|move|p1a: Sneasler|Fake Out|p2a: Corviknight\n|-resisted|p2a: Corviknight\n|-damage|p2a: Corviknight|96\/100\n|\n|-heal|p2a: Corviknight|100\/100|[from] item: Leftovers\n|upkeep\n|turn|2\n|\n|t:|1699752413\n|move|p1a: Sneasler|U-turn|p2a: Corviknight\n|-resisted|p2a: Corviknight\n|-damage|p2a: Corviknight|97\/100\n|\n|t:|1699752432\n|switch|p1a: Toxapex|Toxapex, M|100\/100|[from] U-turn\n|move|p2a: Corviknight|U-turn|p1a: Toxapex\n|-resisted|p1a: Toxapex\n|-damage|p1a: Toxapex|96\/100\n|\n|t:|1699752438\n|switch|p2a: Medicham|Medicham, M|100\/100|[from] U-turn\n|\n|-heal|p1a: Toxapex|100\/100|[from] item: Leftovers\n|upkeep\n|turn|3\n|\n|t:|1699752444\n|move|p1a: Toxapex|Baneful Bunker|p1a: Toxapex\n|-singleturn|p1a: Toxapex|move: Protect\n|move|p2a: Medicham|Close Combat|p1a: Toxapex\n|-activate|p1a: Toxapex|move: Protect\n|-status|p2a: Medicham|psn\n|\n|-damage|p2a: Medicham|88\/100 psn|[from] psn\n|upkeep\n|turn|4\n|\n|t:|1699752449\n|move|p2a: Medicham|Zen Headbutt|p1a: Toxapex\n|-supereffective|p1a: Toxapex\n|-damage|p1a: Toxapex|26\/100\n|-damage|p2a: Medicham|78\/100 psn|[from] item: Life Orb\n|move|p1a: Toxapex|Infestation|p2a: Medicham\n|-damage|p2a: Medicham|74\/100 psn\n|-activate|p2a: Medicham|move: Infestation|[of] p1a: Toxapex\n|\n|-heal|p1a: Toxapex|32\/100|[from] item: Leftovers\n|-damage|p2a: Medicham|61\/100 psn|[from] psn\n|-damage|p2a: Medicham|49\/100 psn|[from] move: Infestation|[partiallytrapped]\n|upkeep\n|turn|5\n|\n|t:|1699752458\n|move|p1a: Toxapex|Baneful Bunker|p1a: Toxapex\n|-singleturn|p1a: Toxapex|move: Protect\n|move|p2a: Medicham|Zen Headbutt|p1a: Toxapex\n|-activate|p1a: Toxapex|move: Protect\n|\n|-heal|p1a: Toxapex|39\/100|[from] item: Leftovers\n|-damage|p2a: Medicham|37\/100 psn|[from] psn\n|-damage|p2a: Medicham|25\/100 psn|[from] move: Infestation|[partiallytrapped]\n|upkeep\n|turn|6\n|\n|t:|1699752464\n|-terastallize|p1a: Toxapex|Steel\n|move|p2a: Medicham|Close Combat|p1a: Toxapex\n|-supereffective|p1a: Toxapex\n|-damage|p1a: Toxapex|0 fnt\n|-unboost|p2a: Medicham|def|1\n|-unboost|p2a: Medicham|spd|1\n|faint|p1a: Toxapex\n|-damage|p2a: Medicham|15\/100 psn|[from] item: Life Orb\n|\n|-damage|p2a: Medicham|2\/100 psn|[from] psn\n|-end|p2a: Medicham|Infestation|[partiallytrapped]|[silent]\n|upkeep\n|\n|t:|1699752474\n|switch|p1a: Gliscor|Gliscor, F|100\/100\n|turn|7\n|\n|t:|1699752477\n|move|p1a: Gliscor|Protect|p1a: Gliscor\n|-singleturn|p1a: Gliscor|Protect\n|move|p2a: Medicham|Ice Punch|p1a: Gliscor\n|-activate|p1a: Gliscor|move: Protect\n|\n|-damage|p2a: Medicham|0 fnt|[from] psn\n|faint|p2a: Medicham\n|-status|p1a: Gliscor|tox|[from] item: Toxic Orb\n|upkeep\n|\n|t:|1699752489\n|switch|p2a: Sandy Shocks|Sandy Shocks|100\/100\n|-enditem|p2a: Sandy Shocks|Booster Energy\n|-activate|p2a: Sandy Shocks|ability: Protosynthesis|[fromitem]\n|-start|p2a: Sandy Shocks|protosynthesisspe\n|turn|8\n|\n|t:|1699752497\n|move|p2a: Sandy Shocks|Volt Switch|p1a: Gliscor\n|-immune|p1a: Gliscor\n|move|p1a: Gliscor|Toxic|p2a: Sandy Shocks\n|-status|p2a: Sandy Shocks|tox\n|\n|-damage|p2a: Sandy Shocks|94\/100 tox|[from] psn\n|upkeep\n|turn|9\n|\n|t:|1699752502\n|-terastallize|p2a: Sandy Shocks|Ice\n|move|p2a: Sandy Shocks|Tera Blast|p1a: Gliscor|[anim] Tera Blast Ice\n|-supereffective|p1a: Gliscor\n|-damage|p1a: Gliscor|0 fnt\n|faint|p1a: Gliscor\n|\n|-damage|p2a: Sandy Shocks|82\/100 tox|[from] psn\n|upkeep\n|\n|t:|1699752510\n|switch|p1a: Clodsire|Clodsire, M|100\/100\n|turn|10\n|\n|t:|1699752514\n|move|p2a: Sandy Shocks|Tera Blast|p1a: Clodsire|[anim] Tera Blast Ice\n|-supereffective|p1a: Clodsire\n|-damage|p1a: Clodsire|63\/100\n|move|p1a: Clodsire|Toxic Spikes|p2a: Sandy Shocks\n|-sidestart|p2: Violet Mask|move: Toxic Spikes\n|\n|-heal|p1a: Clodsire|69\/100|[from] item: Leftovers\n|-damage|p2a: Sandy Shocks|64\/100 tox|[from] psn\n|upkeep\n|turn|11\n|\n|t:|1699752518\n|move|p2a: Sandy Shocks|Tera Blast|p1a: Clodsire|[anim] Tera Blast Ice\n|-supereffective|p1a: Clodsire\n|-damage|p1a: Clodsire|26\/100\n|move|p1a: Clodsire|Toxic Spikes|p2a: Sandy Shocks\n|-sidestart|p2: Violet Mask|move: Toxic Spikes\n|\n|-heal|p1a: Clodsire|32\/100|[from] item: Leftovers\n|-damage|p2a: Sandy Shocks|39\/100 tox|[from] psn\n|upkeep\n|turn|12\n|\n|t:|1699752523\n|move|p1a: Clodsire|Protect|p1a: Clodsire\n|-singleturn|p1a: Clodsire|Protect\n|move|p2a: Sandy Shocks|Tera Blast|p1a: Clodsire|[anim] Tera Blast Ice\n|-activate|p1a: Clodsire|move: Protect\n|\n|-heal|p1a: Clodsire|38\/100|[from] item: Leftovers\n|-damage|p2a: Sandy Shocks|9\/100 tox|[from] psn\n|upkeep\n|turn|13\n|\n|t:|1699752528\n|switch|p1a: Blissey|Blissey, F|100\/100\n|move|p2a: Sandy Shocks|Tera Blast|p1a: Blissey|[anim] Tera Blast Ice\n|-damage|p1a: Blissey|86\/100\n|\n|-heal|p1a: Blissey|93\/100|[from] item: Leftovers\n|-damage|p2a: Sandy Shocks|0 fnt|[from] psn\n|faint|p2a: Sandy Shocks\n|-end|p2a: Sandy Shocks|Protosynthesis|[silent]\n|upkeep\n|\n|t:|1699752536\n|switch|p2a: Garganacl|Garganacl, F|100\/100\n|turn|14\n|\n|t:|1699752553\n|move|p1a: Blissey|Seismic Toss|p2a: Garganacl\n|-damage|p2a: Garganacl|76\/100\n|move|p2a: Garganacl|Curse|p2a: Garganacl\n|-unboost|p2a: Garganacl|spe|1\n|-boost|p2a: Garganacl|atk|1\n|-boost|p2a: Garganacl|def|1\n|\n|-heal|p1a: Blissey|99\/100|[from] item: Leftovers\n|-heal|p2a: Garganacl|82\/100|[from] item: Leftovers\n|upkeep\n|turn|15\n|\n|t:|1699752557\n|move|p1a: Blissey|Seismic Toss|p2a: Garganacl\n|-damage|p2a: Garganacl|57\/100\n|move|p2a: Garganacl|Curse|p2a: Garganacl\n|-unboost|p2a: Garganacl|spe|1\n|-boost|p2a: Garganacl|atk|1\n|-boost|p2a: Garganacl|def|1\n|\n|-heal|p1a: Blissey|100\/100|[from] item: Leftovers\n|-heal|p2a: Garganacl|63\/100|[from] item: Leftovers\n|upkeep\n|turn|16\n|\n|t:|1699752560\n|move|p1a: Blissey|Seismic Toss|p2a: Garganacl\n|-damage|p2a: Garganacl|39\/100\n|move|p2a: Garganacl|Recover|p2a: Garganacl\n|-heal|p2a: Garganacl|89\/100\n|\n|-heal|p2a: Garganacl|95\/100|[from] item: Leftovers\n|upkeep\n|turn|17\n|\n|t:|1699752563\n|move|p1a: Blissey|Seismic Toss|p2a: Garganacl\n|-damage|p2a: Garganacl|70\/100\n|move|p2a: Garganacl|Curse|p2a: Garganacl\n|-unboost|p2a: Garganacl|spe|1\n|-boost|p2a: Garganacl|atk|1\n|-boost|p2a: Garganacl|def|1\n|\n|-heal|p2a: Garganacl|76\/100|[from] item: Leftovers\n|upkeep\n|turn|18\n|\n|t:|1699752564\n|move|p1a: Blissey|Seismic Toss|p2a: Garganacl\n|-damage|p2a: Garganacl|51\/100\n|move|p2a: Garganacl|Curse|p2a: Garganacl\n|-unboost|p2a: Garganacl|spe|1\n|-boost|p2a: Garganacl|atk|1\n|-boost|p2a: Garganacl|def|1\n|\n|-heal|p2a: Garganacl|58\/100|[from] item: Leftovers\n|upkeep\n|turn|19\n|\n|t:|1699752566\n|move|p1a: Blissey|Seismic Toss|p2a: Garganacl\n|-damage|p2a: Garganacl|33\/100\n|move|p2a: Garganacl|Recover|p2a: Garganacl\n|-heal|p2a: Garganacl|83\/100\n|\n|-heal|p2a: Garganacl|89\/100|[from] item: Leftovers\n|upkeep\n|turn|20\n|\n|t:|1699752569\n|move|p1a: Blissey|Seismic Toss|p2a: Garganacl\n|-damage|p2a: Garganacl|64\/100\n|move|p2a: Garganacl|Curse|p2a: Garganacl\n|-unboost|p2a: Garganacl|spe|1\n|-boost|p2a: Garganacl|atk|1\n|-boost|p2a: Garganacl|def|1\n|\n|-heal|p2a: Garganacl|71\/100|[from] item: Leftovers\n|upkeep\n|turn|21\n|\n|t:|1699752570\n|move|p1a: Blissey|Seismic Toss|p2a: Garganacl\n|-damage|p2a: Garganacl|46\/100\n|move|p2a: Garganacl|Curse|p2a: Garganacl\n|-unboost|p2a: Garganacl|spe|1\n|-boost|p2a: Garganacl|atk|1\n|-boost|p2a: Garganacl|def|1\n|\n|-heal|p2a: Garganacl|52\/100|[from] item: Leftovers\n|upkeep\n|turn|22\n|\n|t:|1699752572\n|move|p1a: Blissey|Seismic Toss|p2a: Garganacl\n|-damage|p2a: Garganacl|27\/100\n|move|p2a: Garganacl|Recover|p2a: Garganacl\n|-heal|p2a: Garganacl|77\/100\n|\n|-heal|p2a: Garganacl|83\/100|[from] item: Leftovers\n|upkeep\n|turn|23\n|\n|t:|1699752575\n|move|p2a: Garganacl|Protect|p2a: Garganacl\n|-singleturn|p2a: Garganacl|Protect\n|move|p1a: Blissey|Seismic Toss|p2a: Garganacl\n|-activate|p2a: Garganacl|move: Protect\n|\n|-heal|p2a: Garganacl|90\/100|[from] item: Leftovers\n|upkeep\n|turn|24\n|\n|t:|1699752576\n|move|p1a: Blissey|Seismic Toss|p2a: Garganacl\n|-damage|p2a: Garganacl|65\/100\n|move|p2a: Garganacl|Recover|p2a: Garganacl\n|-heal|p2a: Garganacl|100\/100\n|\n|upkeep\n|turn|25\n|\n|t:|1699752579\n|move|p1a: Blissey|Seismic Toss|p2a: Garganacl\n|-damage|p2a: Garganacl|76\/100\n|move|p2a: Garganacl|Salt Cure|p1a: Blissey\n|-damage|p1a: Blissey|53\/100\n|-start|p1a: Blissey|Salt Cure\n|\n|-heal|p1a: Blissey|59\/100|[from] item: Leftovers\n|-heal|p2a: Garganacl|82\/100|[from] item: Leftovers\n|-damage|p1a: Blissey|47\/100|[from] Salt Cure\n|upkeep\n|turn|26\n|\n|t:|1699752584\n|move|p1a: Blissey|Seismic Toss|p2a: Garganacl\n|-damage|p2a: Garganacl|57\/100\n|move|p2a: Garganacl|Salt Cure|p1a: Blissey\n|-damage|p1a: Blissey|3\/100\n|\n|-heal|p1a: Blissey|9\/100|[from] item: Leftovers\n|-heal|p2a: Garganacl|63\/100|[from] item: Leftovers\n|-damage|p1a: Blissey|0 fnt|[from] Salt Cure\n|faint|p1a: Blissey\n|upkeep\n|-message|llooganium forfeited.\n|\n|win|Violet Mask\n|raw|llooganium's rating: 1234 &rarr; <strong>1217<\/strong><br \/>(-17 for losing)\n|raw|Violet Mask's rating: 1354 &rarr; <strong>1367<\/strong><br \/>(+13 for winning)\n|l|\u2606llooganium\n","uploadtime":1699752595,"views":8,"p1id":"llooganium","p2id":"violetmask","formatid":"gen9ou","rating":1217,"private":0,"password":""}