{"id":"gen9ou-1996103065","p1":"jorosoros","p2":"juanmq123","format":"[Gen 9] OU","log":"|j|\u2606jorosoros\n|j|\u2606juanmq123\n|t:|1700644541\n|gametype|singles\n|player|p1|jorosoros|169|1140\n|player|p2|juanmq123|2|1043\n|teamsize|p1|6\n|teamsize|p2|6\n|gen|9\n|tier|[Gen 9] OU\n|rated|\n|rule|Sleep Clause Mod: Limit one foe put to sleep\n|rule|Species Clause: Limit one of each Pok\u00e9mon\n|rule|OHKO Clause: OHKO moves are banned\n|rule|Evasion Items Clause: Evasion items are banned\n|rule|Evasion Moves Clause: Evasion moves are banned\n|rule|Endless Battle Clause: Forcing endless battles is banned\n|rule|HP Percentage Mod: HP is shown in percentages\n|clearpoke\n|poke|p1|Hatterene, F|\n|poke|p1|Ursaluna, M|\n|poke|p1|Bronzong|\n|poke|p1|Pelipper, F|\n|poke|p1|Toedscruel, M|\n|poke|p1|Gholdengo|\n|poke|p2|Samurott-Hisui, F|\n|poke|p2|Kingambit, M|\n|poke|p2|Arcanine-Hisui, F|\n|poke|p2|Enamorus, F|\n|poke|p2|Torterra, M|\n|poke|p2|Thundurus-Therian, M|\n|teampreview\n|\n|t:|1700644551\n|start\n|switch|p1a: Hatterene|Hatterene, F|100\/100\n|switch|p2a: Kingambit|Kingambit, M|100\/100\n|turn|1\n|inactive|Battle timer is ON: inactive players will automatically lose when time's up. (requested by jorosoros)\n|\n|t:|1700644586\n|move|p2a: Kingambit|Sucker Punch||[still]\n|-fail|p2a: Kingambit\n|move|p1a: Hatterene|Trick Room|p1a: Hatterene\n|-fieldstart|move: Trick Room|[of] p1a: Hatterene\n|\n|upkeep\n|turn|2\n|\n|t:|1700644613\n|switch|p1a: Bronzong|Bronzong|100\/100\n|move|p2a: Kingambit|Iron Head|p1a: Bronzong\n|-resisted|p1a: Bronzong\n|-damage|p1a: Bronzong|83\/100\n|\n|-heal|p1a: Bronzong|89\/100|[from] item: Leftovers\n|upkeep\n|turn|3\n|\n|t:|1700644623\n|-end|p2a: Kingambit|fallenundefined|[silent]\n|switch|p2a: Arcanine|Arcanine-Hisui, F|100\/100\n|-terastallize|p1a: Bronzong|Fighting\n|move|p1a: Bronzong|Body Press|p2a: Arcanine\n|-supereffective|p2a: Arcanine\n|-damage|p2a: Arcanine|9\/100\n|\n|-heal|p1a: Bronzong|95\/100|[from] item: Leftovers\n|upkeep\n|turn|4\n|\n|t:|1700644634\n|move|p1a: Bronzong|Body Press|p2a: Arcanine\n|-supereffective|p2a: Arcanine\n|-damage|p2a: Arcanine|0 fnt\n|faint|p2a: Arcanine\n|\n|-heal|p1a: Bronzong|100\/100|[from] item: Leftovers\n|upkeep\n|\n|t:|1700644646\n|switch|p2a: Thundurus|Thundurus-Therian, M|100\/100\n|turn|5\n|\n|t:|1700644673\n|move|p1a: Bronzong|Iron Defense|p1a: Bronzong\n|-boost|p1a: Bronzong|def|2\n|move|p2a: Thundurus|Thunderbolt|p1a: Bronzong\n|-damage|p1a: Bronzong|55\/100\n|\n|-heal|p1a: Bronzong|61\/100|[from] item: Leftovers\n|-fieldend|move: Trick Room\n|upkeep\n|turn|6\n|\n|t:|1700644680\n|move|p2a: Thundurus|Thunderbolt|p1a: Bronzong\n|-damage|p1a: Bronzong|21\/100\n|move|p1a: Bronzong|Trick Room|p1a: Bronzong\n|-fieldstart|move: Trick Room|[of] p1a: Bronzong\n|\n|-heal|p1a: Bronzong|27\/100|[from] item: Leftovers\n|upkeep\n|turn|7\n|\n|t:|1700644687\n|move|p1a: Bronzong|Body Press|p2a: Thundurus\n|-resisted|p2a: Thundurus\n|-damage|p2a: Thundurus|51\/100\n|move|p2a: Thundurus|Thunderbolt|p1a: Bronzong\n|-damage|p1a: Bronzong|0 fnt\n|faint|p1a: Bronzong\n|\n|upkeep\n|\n|t:|1700644692\n|switch|p1a: Ursaluna|Ursaluna, M|100\/100\n|turn|8\n|\n|t:|1700644718\n|move|p1a: Ursaluna|Swords Dance|p1a: Ursaluna\n|-boost|p1a: Ursaluna|atk|2\n|move|p2a: Thundurus|Psychic|p1a: Ursaluna\n|-damage|p1a: Ursaluna|76\/100\n|\n|-status|p1a: Ursaluna|brn|[from] item: Flame Orb\n|upkeep\n|turn|9\n|\n|t:|1700644726\n|move|p1a: Ursaluna|Ice Punch|p2a: Thundurus\n|-supereffective|p2a: Thundurus\n|-damage|p2a: Thundurus|0 fnt\n|faint|p2a: Thundurus\n|\n|-damage|p1a: Ursaluna|70\/100 brn|[from] brn\n|upkeep\n|\n|t:|1700644738\n|switch|p2a: Samurott|Samurott-Hisui, F|100\/100\n|turn|10\n|\n|t:|1700644744\n|move|p1a: Ursaluna|Facade|p2a: Samurott\n|-damage|p2a: Samurott|0 fnt\n|faint|p2a: Samurott\n|\n|-damage|p1a: Ursaluna|64\/100 brn|[from] brn\n|-fieldend|move: Trick Room\n|upkeep\n|\n|t:|1700644753\n|switch|p2a: Torterra|Torterra, M|100\/100\n|turn|11\n|\n|t:|1700644762\n|switch|p1a: Hatterene|Hatterene, F|100\/100\n|move|p2a: Torterra|Rock Blast|p1a: Hatterene\n|-damage|p1a: Hatterene|93\/100\n|-damage|p1a: Hatterene|85\/100\n|-damage|p1a: Hatterene|78\/100\n|-damage|p1a: Hatterene|71\/100\n|-damage|p1a: Hatterene|65\/100\n|-hitcount|p1a: Hatterene|5\n|\n|-heal|p1a: Hatterene|71\/100|[from] item: Leftovers\n|upkeep\n|turn|12\n|inactive|jorosoros has 120 seconds left.\n|\n|t:|1700644818\n|switch|p2a: Kingambit|Kingambit, M|100\/100\n|-activate|p2a: Kingambit|ability: Supreme Overlord\n|-start|p2a: Kingambit|fallen3|[silent]\n|move|p1a: Hatterene|Trick Room|p1a: Hatterene\n|-fieldstart|move: Trick Room|[of] p1a: Hatterene\n|\n|-heal|p1a: Hatterene|77\/100|[from] item: Leftovers\n|upkeep\n|turn|13\n|inactive|jorosoros has 90 seconds left.\n|\n|t:|1700644852\n|move|p1a: Hatterene|Healing Wish|p1a: Hatterene\n|faint|p1a: Hatterene\n|move|p2a: Kingambit|Kowtow Cleave|p1: Hatterene|[notarget]\n|-fail|p2a: Kingambit\n|\n|upkeep\n|\n|t:|1700644855\n|switch|p1a: Ursaluna|Ursaluna, M|64\/100 brn\n|-heal|p1a: Ursaluna|100\/100|[from] move: Healing Wish\n|turn|14\n|\n|t:|1700644867\n|-end|p2a: Kingambit|fallen3|[silent]\n|switch|p2a: Enamorus|Enamorus, F|100\/100\n|move|p1a: Ursaluna|Swords Dance|p1a: Ursaluna\n|-boost|p1a: Ursaluna|atk|2\n|\n|-status|p1a: Ursaluna|brn|[from] item: Flame Orb\n|upkeep\n|turn|15\n|\n|t:|1700644887\n|move|p1a: Ursaluna|Facade|p2a: Enamorus\n|-damage|p2a: Enamorus|0 fnt\n|faint|p2a: Enamorus\n|\n|-damage|p1a: Ursaluna|94\/100 brn|[from] brn\n|upkeep\n|\n|t:|1700644896\n|switch|p2a: Kingambit|Kingambit, M|100\/100\n|-activate|p2a: Kingambit|ability: Supreme Overlord\n|-start|p2a: Kingambit|fallen4|[silent]\n|turn|16\n|\n|t:|1700644913\n|move|p2a: Kingambit|Sucker Punch|p1a: Ursaluna\n|-damage|p1a: Ursaluna|53\/100 brn\n|move|p1a: Ursaluna|Facade|p2a: Kingambit\n|-resisted|p2a: Kingambit\n|-damage|p2a: Kingambit|20\/100\n|\n|-heal|p2a: Kingambit|26\/100|[from] item: Leftovers\n|-damage|p1a: Ursaluna|47\/100 brn|[from] brn\n|-fieldend|move: Trick Room\n|upkeep\n|turn|17\n|\n|t:|1700644927\n|switch|p1a: Toedscruel|Toedscruel, M|100\/100\n|move|p2a: Kingambit|Sucker Punch||[still]\n|-fail|p2a: Kingambit\n|\n|-heal|p2a: Kingambit|32\/100|[from] item: Leftovers\n|upkeep\n|turn|18\n|inactive|juanmq123 has 120 seconds left.\n|\n|t:|1700644955\n|move|p2a: Kingambit|Kowtow Cleave|p1a: Toedscruel\n|-damage|p1a: Toedscruel|4\/100\n|move|p1a: Toedscruel|Trick Room|p1a: Toedscruel\n|-fieldstart|move: Trick Room|[of] p1a: Toedscruel\n|\n|-heal|p2a: Kingambit|38\/100|[from] item: Leftovers\n|-heal|p1a: Toedscruel|10\/100|[from] item: Leftovers\n|upkeep\n|turn|19\n|inactive|juanmq123 has 120 seconds left.\n|\n|t:|1700644971\n|move|p2a: Kingambit|Sucker Punch||[still]\n|-fail|p2a: Kingambit\n|move|p1a: Toedscruel|Spore|p2a: Kingambit\n|-status|p2a: Kingambit|slp|[from] move: Spore\n|\n|-heal|p2a: Kingambit|45\/100 slp|[from] item: Leftovers\n|-heal|p1a: Toedscruel|16\/100|[from] item: Leftovers\n|upkeep\n|turn|20\n|n|!jorosoros|jorosoros\n|inactive|jorosoros has 90 seconds left.\n|\n|t:|1700644996\n|cant|p2a: Kingambit|slp\n|move|p1a: Toedscruel|Earth Power|p2a: Kingambit\n|-supereffective|p2a: Kingambit\n|-damage|p2a: Kingambit|0 fnt\n|faint|p2a: Kingambit\n|-end|p2a: Kingambit|fallen4|[silent]\n|\n|-heal|p1a: Toedscruel|22\/100|[from] item: Leftovers\n|upkeep\n|-message|juanmq123 forfeited.\n|\n|win|jorosoros\n|raw|jorosoros's rating: 1140 &rarr; <strong>1160<\/strong><br \/>(+20 for winning)\n|raw|juanmq123's rating: 1072 &rarr; <strong>1055<\/strong><br \/>(-17 for losing)\n","uploadtime":1700644986,"views":0,"p1id":"jorosoros","p2id":"juanmq123","formatid":"gen9ou","rating":1055,"private":0,"password":""}