{"id":"gen9ou-1997274534","p1":"Rolltee","p2":"lynakumi8","format":"[Gen 9] OU","log":"|j|\u2606Rolltee\n|j|\u2606lynakumi8\n|t:|1700783326\n|gametype|singles\n|player|p1|Rolltee|2|1000\n|player|p2|lynakumi8|1|1000\n|teamsize|p1|6\n|teamsize|p2|6\n|gen|9\n|tier|[Gen 9] OU\n|rated|\n|rule|Sleep Clause Mod: Limit one foe put to sleep\n|rule|Species Clause: Limit one of each Pok\u00e9mon\n|rule|OHKO Clause: OHKO moves are banned\n|rule|Evasion Items Clause: Evasion items are banned\n|rule|Evasion Moves Clause: Evasion moves are banned\n|rule|Endless Battle Clause: Forcing endless battles is banned\n|rule|HP Percentage Mod: HP is shown in percentages\n|clearpoke\n|poke|p1|Cinderace, M|\n|poke|p1|Manaphy|\n|poke|p1|Rowlet, M|\n|poke|p1|Garchomp, F|\n|poke|p1|Breloom, M|\n|poke|p1|Arcanine, M|\n|poke|p2|Kingambit, M|\n|poke|p2|Glimmora, M|\n|poke|p2|Zamazenta-*|\n|poke|p2|Iron Valiant|\n|poke|p2|Iron Moth|\n|poke|p2|Ogerpon-Wellspring, F|\n|teampreview\n|inactive|Battle timer is ON: inactive players will automatically lose when time's up. (requested by lynakumi8)\n|c|\u2606Rolltee|Legend spamer?\n|\n|t:|1700783344\n|start\n|switch|p1a: Pyro|Cinderace, M|100\/100\n|switch|p2a: Glimmora|Glimmora, M|100\/100\n|turn|1\n|inactive|lynakumi8 has 120 seconds left.\n|c|\u2606lynakumi8|Teenanger who cries when others play what they want?\n|\n|t:|1700783379\n|move|p1a: Pyro|High Jump Kick|p2a: Glimmora\n|-damage|p2a: Glimmora|44\/100\n|-activate|p2a: Glimmora|ability: Toxic Debris\n|-sidestart|p1: Rolltee|move: Toxic Spikes\n|move|p2a: Glimmora|Stealth Rock|p1a: Pyro\n|-sidestart|p1: Rolltee|move: Stealth Rock\n|\n|upkeep\n|turn|2\n|inactive|lynakumi8 has 120 seconds left.\n|\n|t:|1700783397\n|move|p1a: Pyro|High Jump Kick|p2a: Glimmora\n|-damage|p2a: Glimmora|0 fnt\n|-activate|p2a: Glimmora|ability: Toxic Debris\n|-sidestart|p1: Rolltee|move: Toxic Spikes\n|faint|p2a: Glimmora\n|\n|upkeep\n|\n|t:|1700783407\n|switch|p2a: Ogerpon|Ogerpon-Wellspring, F|100\/100\n|turn|3\n|c|\u2606Rolltee|dawg how old are you?\n|\n|t:|1700783413\n|move|p2a: Ogerpon|Swords Dance|p2a: Ogerpon\n|-boost|p2a: Ogerpon|atk|2\n|move|p1a: Pyro|Pyro Ball|p2a: Ogerpon\n|-crit|p2a: Ogerpon\n|-damage|p2a: Ogerpon|0 fnt\n|faint|p2a: Ogerpon\n|\n|upkeep\n|c|\u2606Rolltee|:)\n|\n|t:|1700783429\n|switch|p2a: Iron Moth|Iron Moth|100\/100\n|-enditem|p2a: Iron Moth|Booster Energy\n|-activate|p2a: Iron Moth|ability: Quark Drive|[fromitem]\n|-start|p2a: Iron Moth|quarkdrivespe\n|turn|4\n|\n|t:|1700783438\n|move|p2a: Iron Moth|Sludge Wave|p1a: Pyro\n|-damage|p1a: Pyro|34\/100\n|move|p1a: Pyro|Gunk Shot|p2a: Iron Moth\n|-resisted|p2a: Iron Moth\n|-damage|p2a: Iron Moth|72\/100\n|\n|upkeep\n|turn|5\n|\n|t:|1700783446\n|move|p2a: Iron Moth|Sludge Wave|p1a: Pyro\n|-damage|p1a: Pyro|0 fnt\n|faint|p1a: Pyro\n|\n|upkeep\n|c|\u2606Rolltee|RIP\n|\n|t:|1700783454\n|switch|p1a: Water Woman|Manaphy|100\/100\n|-status|p1a: Water Woman|tox\n|-damage|p1a: Water Woman|88\/100 tox|[from] Stealth Rock\n|turn|6\n|inactive|lynakumi8 has 120 seconds left.\n|\n|t:|1700783469\n|move|p2a: Iron Moth|Sludge Wave|p1a: Water Woman\n|-damage|p1a: Water Woman|41\/100 tox\n|move|p1a: Water Woman|Scald|p2a: Iron Moth\n|-supereffective|p2a: Iron Moth\n|-damage|p2a: Iron Moth|16\/100\n|\n|-damage|p1a: Water Woman|35\/100 tox|[from] psn\n|upkeep\n|turn|7\n|\n|t:|1700783478\n|move|p2a: Iron Moth|Sludge Wave|p1a: Water Woman\n|-damage|p1a: Water Woman|0 fnt\n|faint|p1a: Water Woman\n|\n|upkeep\n|c|\u2606Rolltee|\"(\n|\n|t:|1700783487\n|switch|p1a: Suprise|Garchomp, F|100\/100\n|-status|p1a: Suprise|tox\n|-damage|p1a: Suprise|94\/100 tox|[from] Stealth Rock\n|turn|8\n|\n|t:|1700783496\n|move|p2a: Iron Moth|Dazzling Gleam|p1a: Suprise\n|-supereffective|p1a: Suprise\n|-crit|p1a: Suprise\n|-damage|p1a: Suprise|0 fnt\n|faint|p1a: Suprise\n|\n|upkeep\n|c|\u2606Rolltee|O.O\n|c|\u2606Rolltee|Iron moth can learn that?\n|\n|t:|1700783519\n|switch|p1a: Mr.Marathon|Arcanine, M, shiny|100\/100\n|-status|p1a: Mr.Marathon|tox\n|-damage|p1a: Mr.Marathon|76\/100 tox|[from] Stealth Rock\n|-ability|p1a: Mr.Marathon|Intimidate|boost\n|-unboost|p2a: Iron Moth|atk|1\n|turn|9\n|\n|t:|1700783530\n|move|p2a: Iron Moth|Sludge Wave|p1a: Mr.Marathon\n|-damage|p1a: Mr.Marathon|35\/100 tox\n|move|p1a: Mr.Marathon|Close Combat|p2a: Iron Moth\n|-resisted|p2a: Iron Moth\n|-damage|p2a: Iron Moth|0 fnt\n|-unboost|p1a: Mr.Marathon|def|1\n|-unboost|p1a: Mr.Marathon|spd|1\n|faint|p2a: Iron Moth\n|-end|p2a: Iron Moth|Quark Drive|[silent]\n|\n|-damage|p1a: Mr.Marathon|29\/100 tox|[from] psn\n|upkeep\n|\n|t:|1700783541\n|switch|p2a: Zamazenta|Zamazenta, shiny|100\/100\n|-ability|p2a: Zamazenta|Dauntless Shield|boost\n|-boost|p2a: Zamazenta|def|1\n|turn|10\n|\n|t:|1700783553\n|move|p2a: Zamazenta|Iron Defense|p2a: Zamazenta\n|-boost|p2a: Zamazenta|def|2\n|move|p1a: Mr.Marathon|Fire Fang|p2a: Zamazenta\n|-damage|p2a: Zamazenta|93\/100\n|\n|-heal|p2a: Zamazenta|99\/100|[from] item: Leftovers\n|-damage|p1a: Mr.Marathon|17\/100 tox|[from] psn\n|upkeep\n|turn|11\n|\n|t:|1700783567\n|move|p2a: Zamazenta|Body Press|p1a: Mr.Marathon\n|-damage|p1a: Mr.Marathon|0 fnt\n|faint|p1a: Mr.Marathon\n|\n|-heal|p2a: Zamazenta|100\/100|[from] item: Leftovers\n|upkeep\n|\n|t:|1700783575\n|switch|p1a: Leafy Borb|Rowlet, M, shiny|100\/100\n|-damage|p1a: Leafy Borb|76\/100|[from] Stealth Rock\n|turn|12\n|\n|t:|1700783583\n|move|p2a: Zamazenta|Stone Edge|p1a: Leafy Borb\n|-supereffective|p1a: Leafy Borb\n|-damage|p1a: Leafy Borb|0 fnt\n|faint|p1a: Leafy Borb\n|\n|upkeep\n|\n|t:|1700783592\n|switch|p1a: Weed|Breloom, M|100\/100\n|-status|p1a: Weed|tox\n|-damage|p1a: Weed|94\/100 tox|[from] Stealth Rock\n|turn|13\n|\n|t:|1700783602\n|move|p2a: Zamazenta|Body Press|p1a: Weed\n|-damage|p1a: Weed|0 fnt\n|faint|p1a: Weed\n|\n|win|lynakumi8\n|raw|Rolltee's rating: 1000 &rarr; <strong>1000<\/strong><br \/>(+0 for losing)\n|raw|lynakumi8's rating: 1000 &rarr; <strong>1040<\/strong><br \/>(+40 for winning)\n|c|\u2606lynakumi8|gg wp\n","uploadtime":1700783619,"views":6,"p1id":"rolltee","p2id":"lynakumi8","formatid":"gen9ou","rating":1000,"private":0,"password":""}