{"id":"gen9ou-1988331696","p1":"MaTrabY","p2":"Official Poyo","format":"[Gen 9] OU","log":"|j|\u203dMaTrabY\n|j|\u2606Official Poyo\n|t:|1699709770\n|gametype|singles\n|player|p1|MaTrabY|2|1458\n|player|p2|Official Poyo|richboy-gen4|1503\n|teamsize|p1|6\n|teamsize|p2|6\n|gen|9\n|tier|[Gen 9] OU\n|rated|\n|rule|Sleep Clause Mod: Limit one foe put to sleep\n|rule|Species Clause: Limit one of each Pok\u00e9mon\n|rule|OHKO Clause: OHKO moves are banned\n|rule|Evasion Items Clause: Evasion items are banned\n|rule|Evasion Moves Clause: Evasion moves are banned\n|rule|Endless Battle Clause: Forcing endless battles is banned\n|rule|HP Percentage Mod: HP is shown in percentages\n|clearpoke\n|poke|p1|Samurott-Hisui, F|\n|poke|p1|Ceruledge, F|\n|poke|p1|Thundurus-Therian, M|\n|poke|p1|Amoonguss, M|\n|poke|p1|Great Tusk|\n|poke|p1|Gholdengo|\n|poke|p2|Sinistcha|\n|poke|p2|Landorus-Therian, M|\n|poke|p2|Samurott-Hisui, F|\n|poke|p2|Cinderace, M|\n|poke|p2|Goodra-Hisui, F|\n|poke|p2|Great Tusk|\n|teampreview\n|inactive|Battle timer is ON: inactive players will automatically lose when time's up. (requested by Official Poyo)\n|inactive|MaTrabY has 120 seconds left.\n|\n|t:|1699709813\n|start\n|switch|p1a: Thundurus|Thundurus-Therian, M, shiny|100\/100\n|switch|p2a: Landorus|Landorus-Therian, M|100\/100\n|-ability|p2a: Landorus|Intimidate|boost\n|-unboost|p1a: Thundurus|atk|1\n|turn|1\n|\n|t:|1699709831\n|switch|p1a: Great Tusk|Great Tusk, shiny|100\/100\n|move|p2a: Landorus|Stone Edge|p1a: Great Tusk\n|-resisted|p1a: Great Tusk\n|-damage|p1a: Great Tusk|97\/100\n|\n|-heal|p1a: Great Tusk|100\/100|[from] item: Leftovers\n|upkeep\n|turn|2\n|\n|t:|1699709842\n|move|p1a: Great Tusk|Stealth Rock|p2a: Landorus\n|-sidestart|p2: Official Poyo|move: Stealth Rock\n|move|p2a: Landorus|Stealth Rock|p1a: Great Tusk\n|-sidestart|p1: MaTrabY|move: Stealth Rock\n|\n|upkeep\n|turn|3\n|\n|t:|1699709852\n|move|p1a: Great Tusk|Ice Spinner|p2a: Landorus\n|-supereffective|p2a: Landorus\n|-damage|p2a: Landorus|40\/100\n|-damage|p1a: Great Tusk|84\/100|[from] item: Rocky Helmet|[of] p2a: Landorus\n|move|p2a: Landorus|Stealth Rock||[still]\n|-fail|p2a: Landorus\n|\n|-heal|p1a: Great Tusk|90\/100|[from] item: Leftovers\n|upkeep\n|turn|4\n|\n|t:|1699709864\n|switch|p2a: Sinistcha|Sinistcha|100\/100\n|-damage|p2a: Sinistcha|88\/100|[from] Stealth Rock\n|move|p1a: Great Tusk|Rapid Spin|p2a: Sinistcha\n|-immune|p2a: Sinistcha\n|\n|-heal|p1a: Great Tusk|96\/100|[from] item: Leftovers\n|-heal|p2a: Sinistcha|94\/100|[from] item: Leftovers\n|upkeep\n|turn|5\n|inactive|MaTrabY has 120 seconds left.\n|inactive|MaTrabY has 90 seconds left.\n|\n|t:|1699709936\n|-end|p1a: Great Tusk|Protosynthesis|[silent]\n|switch|p1a: Ceruledge|Ceruledge, F, shiny|100\/100\n|move|p2a: Sinistcha|Matcha Gotcha|p1a: Ceruledge\n|-resisted|p1a: Ceruledge\n|-damage|p1a: Ceruledge|83\/100\n|-heal|p2a: Sinistcha|100\/100|[from] drain|[of] p1a: Ceruledge\n|\n|upkeep\n|turn|6\n|\n|t:|1699709950\n|switch|p1a: Samurott|Samurott-Hisui, F, shiny|100\/100\n|-damage|p1a: Samurott|88\/100|[from] Stealth Rock\n|-terastallize|p2a: Sinistcha|Poison\n|move|p2a: Sinistcha|Iron Defense|p2a: Sinistcha\n|-boost|p2a: Sinistcha|def|2\n|\n|upkeep\n|turn|7\n|\n|t:|1699709959\n|move|p1a: Samurott|Ceaseless Edge|p2a: Sinistcha\n|-damage|p2a: Sinistcha|83\/100\n|-sidestart|p2: Official Poyo|Spikes\n|move|p2a: Sinistcha|Calm Mind|p2a: Sinistcha\n|-boost|p2a: Sinistcha|spa|1\n|-boost|p2a: Sinistcha|spd|1\n|\n|-heal|p2a: Sinistcha|89\/100|[from] item: Leftovers\n|upkeep\n|turn|8\n|inactive|MaTrabY has 90 seconds left.\n|\n|t:|1699709969\n|switch|p1a: Amoonguss|Amoonguss, M, shiny|100\/100\n|-damage|p1a: Amoonguss|88\/100|[from] Stealth Rock\n|move|p2a: Sinistcha|Calm Mind|p2a: Sinistcha\n|-boost|p2a: Sinistcha|spa|1\n|-boost|p2a: Sinistcha|spd|1\n|\n|-heal|p2a: Sinistcha|95\/100|[from] item: Leftovers\n|upkeep\n|turn|9\n|\n|t:|1699709977\n|move|p2a: Sinistcha|Matcha Gotcha|p1a: Amoonguss\n|-resisted|p1a: Amoonguss\n|-damage|p1a: Amoonguss|76\/100\n|-heal|p2a: Sinistcha|100\/100|[from] drain|[of] p1a: Amoonguss\n|-enditem|p1a: Amoonguss|Red Card|[of] p2a: Sinistcha\n|drag|p2a: Landorus|Landorus-Therian, M|40\/100\n|-damage|p2a: Landorus|27\/100|[from] Stealth Rock\n|-ability|p2a: Landorus|Intimidate|boost\n|-unboost|p1a: Amoonguss|atk|1\n|move|p1a: Amoonguss|Spore|p2a: Landorus\n|-status|p2a: Landorus|slp|[from] move: Spore\n|\n|upkeep\n|turn|10\n|inactive|MaTrabY has 90 seconds left.\n|\n|t:|1699710001\n|switch|p2a: Cinderace|Cinderace, M|100\/100\n|switch|p1a: Ceruledge|Ceruledge, F, shiny|83\/100\n|\n|upkeep\n|turn|11\n|inactive|MaTrabY has 90 seconds left.\n|\n|t:|1699710013\n|move|p2a: Cinderace|Court Change|p2a: Cinderace\n|-start|p2a: Cinderace|typechange|Normal|[from] ability: Libero\n|-swapsideconditions\n|-activate|p2a: Cinderace|move: Court Change\n|move|p1a: Ceruledge|Swords Dance|p1a: Ceruledge\n|-boost|p1a: Ceruledge|atk|2\n|\n|upkeep\n|turn|12\n|inactive|MaTrabY has 90 seconds left.\n|\n|t:|1699710019\n|switch|p2a: Landorus|Landorus-Therian, M|27\/100 slp\n|-damage|p2a: Landorus|15\/100 slp|[from] Stealth Rock\n|-ability|p2a: Landorus|Intimidate|boost\n|-unboost|p1a: Ceruledge|atk|1\n|move|p1a: Ceruledge|Bitter Blade|p2a: Landorus\n|-damage|p2a: Landorus|0 fnt\n|-heal|p1a: Ceruledge|92\/100|[from] drain|[of] p2a: Landorus\n|-damage|p1a: Ceruledge|76\/100|[from] item: Rocky Helmet|[of] p2a: Landorus\n|faint|p2a: Landorus\n|\n|upkeep\n|\n|t:|1699710023\n|switch|p2a: Great Tusk|Great Tusk|100\/100\n|-damage|p2a: Great Tusk|98\/100|[from] Stealth Rock\n|-enditem|p2a: Great Tusk|Booster Energy\n|-activate|p2a: Great Tusk|ability: Protosynthesis|[fromitem]\n|-start|p2a: Great Tusk|protosynthesisspe\n|turn|13\n|inactive|MaTrabY has 90 seconds left.\n|\n|t:|1699710043\n|switch|p1a: Amoonguss|Amoonguss, M, shiny|100\/100\n|-damage|p1a: Amoonguss|88\/100|[from] Stealth Rock\n|-damage|p1a: Amoonguss|76\/100|[from] Spikes\n|move|p2a: Great Tusk|Bulk Up|p2a: Great Tusk\n|-boost|p2a: Great Tusk|atk|1\n|-boost|p2a: Great Tusk|def|1\n|\n|upkeep\n|turn|14\n|\n|t:|1699710051\n|move|p2a: Great Tusk|Ice Spinner|p1a: Amoonguss\n|-supereffective|p1a: Amoonguss\n|-damage|p1a: Amoonguss|15\/100\n|move|p1a: Amoonguss|Spore|p2a: Great Tusk\n|-status|p2a: Great Tusk|slp|[from] move: Spore\n|\n|upkeep\n|turn|15\n|\n|t:|1699710056\n|cant|p2a: Great Tusk|slp\n|move|p1a: Amoonguss|Giga Drain|p2a: Great Tusk\n|-supereffective|p2a: Great Tusk\n|-damage|p2a: Great Tusk|42\/100 slp\n|-heal|p1a: Amoonguss|43\/100|[from] drain|[of] p2a: Great Tusk\n|\n|upkeep\n|turn|16\n|\n|t:|1699710060\n|-curestatus|p2a: Great Tusk|slp|[msg]\n|move|p2a: Great Tusk|Ice Spinner|p1a: Amoonguss\n|-supereffective|p1a: Amoonguss\n|-damage|p1a: Amoonguss|0 fnt\n|faint|p1a: Amoonguss\n|\n|upkeep\n|inactive|MaTrabY has 90 seconds left.\n|\n|t:|1699710100\n|switch|p1a: Thundurus|Thundurus-Therian, M, shiny|100\/100\n|turn|17\n|\n|t:|1699710108\n|-terastallize|p1a: Thundurus|Ice\n|move|p2a: Great Tusk|Ice Spinner|p1a: Thundurus\n|-resisted|p1a: Thundurus\n|-damage|p1a: Thundurus|75\/100\n|move|p1a: Thundurus|Tera Blast|p2a: Great Tusk|[anim] Tera Blast Ice\n|-supereffective|p2a: Great Tusk\n|-damage|p2a: Great Tusk|0 fnt\n|faint|p2a: Great Tusk\n|-end|p2a: Great Tusk|Protosynthesis|[silent]\n|\n|upkeep\n|\n|t:|1699710120\n|switch|p2a: Samurott|Samurott-Hisui, F|100\/100\n|-damage|p2a: Samurott|88\/100|[from] Stealth Rock\n|turn|18\n|\n|t:|1699710129\n|move|p1a: Thundurus|Volt Switch|p2a: Samurott\n|-supereffective|p2a: Samurott\n|-damage|p2a: Samurott|0 fnt\n|faint|p2a: Samurott\n|\n|t:|1699710136\n|switch|p1a: Samurott|Samurott-Hisui, F, shiny|88\/100|[from] Volt Switch\n|-damage|p1a: Samurott|76\/100|[from] Stealth Rock\n|-damage|p1a: Samurott|63\/100|[from] Spikes\n|\n|upkeep\n|\n|t:|1699710141\n|switch|p2a: Sinistcha|Sinistcha, tera:Poison|100\/100\n|-damage|p2a: Sinistcha|88\/100|[from] Stealth Rock\n|turn|19\n|inactive|MaTrabY has 90 seconds left.\n|\n|t:|1699710178\n|move|p1a: Samurott|Aqua Cutter|p2a: Sinistcha\n|-damage|p2a: Sinistcha|52\/100\n|move|p2a: Sinistcha|Iron Defense|p2a: Sinistcha\n|-boost|p2a: Sinistcha|def|2\n|\n|-heal|p2a: Sinistcha|58\/100|[from] item: Leftovers\n|upkeep\n|turn|20\n|\n|t:|1699710183\n|move|p1a: Samurott|Aqua Cutter|p2a: Sinistcha\n|-damage|p2a: Sinistcha|40\/100\n|move|p2a: Sinistcha|Calm Mind|p2a: Sinistcha\n|-boost|p2a: Sinistcha|spa|1\n|-boost|p2a: Sinistcha|spd|1\n|\n|-heal|p2a: Sinistcha|46\/100|[from] item: Leftovers\n|upkeep\n|turn|21\n|inactive|MaTrabY has 90 seconds left.\n|\n|t:|1699710199\n|switch|p1a: Thundurus|Thundurus-Therian, M, shiny, tera:Ice|75\/100\n|move|p2a: Sinistcha|Strength Sap|p1a: Thundurus\n|-unboost|p1a: Thundurus|atk|1\n|-heal|p2a: Sinistcha|100\/100\n|\n|upkeep\n|turn|22\n|\n|t:|1699710209\n|move|p1a: Thundurus|Volt Switch|p2a: Sinistcha\n|-damage|p2a: Sinistcha|70\/100\n|\n|t:|1699710219\n|switch|p1a: Gholdengo|Gholdengo, shiny|100\/100|[from] Volt Switch\n|-damage|p1a: Gholdengo|94\/100|[from] Stealth Rock\n|-damage|p1a: Gholdengo|82\/100|[from] Spikes\n|move|p2a: Sinistcha|Matcha Gotcha|p1a: Gholdengo\n|-resisted|p1a: Gholdengo\n|-damage|p1a: Gholdengo|59\/100\n|-heal|p2a: Sinistcha|83\/100|[from] drain|[of] p1a: Gholdengo\n|-status|p1a: Gholdengo|brn\n|\n|-heal|p1a: Gholdengo|65\/100 brn|[from] item: Leftovers\n|-heal|p2a: Sinistcha|89\/100|[from] item: Leftovers\n|-damage|p1a: Gholdengo|59\/100 brn|[from] brn\n|upkeep\n|turn|23\n|inactive|MaTrabY has 90 seconds left.\n|\n|t:|1699710227\n|move|p1a: Gholdengo|Nasty Plot|p1a: Gholdengo\n|-boost|p1a: Gholdengo|spa|2\n|move|p2a: Sinistcha|Calm Mind|p2a: Sinistcha\n|-boost|p2a: Sinistcha|spa|1\n|-boost|p2a: Sinistcha|spd|1\n|\n|-heal|p1a: Gholdengo|65\/100 brn|[from] item: Leftovers\n|-heal|p2a: Sinistcha|95\/100|[from] item: Leftovers\n|-damage|p1a: Gholdengo|59\/100 brn|[from] brn\n|upkeep\n|turn|24\n|\n|t:|1699710237\n|move|p1a: Gholdengo|Nasty Plot|p1a: Gholdengo\n|-boost|p1a: Gholdengo|spa|2\n|move|p2a: Sinistcha|Matcha Gotcha|p1a: Gholdengo|[miss]\n|-miss|p2a: Sinistcha|p1a: Gholdengo\n|\n|-heal|p1a: Gholdengo|65\/100 brn|[from] item: Leftovers\n|-heal|p2a: Sinistcha|100\/100|[from] item: Leftovers\n|-damage|p1a: Gholdengo|59\/100 brn|[from] brn\n|upkeep\n|turn|25\n|\n|t:|1699710250\n|move|p1a: Gholdengo|Nasty Plot|p1a: Gholdengo\n|-boost|p1a: Gholdengo|spa|2\n|move|p2a: Sinistcha|Matcha Gotcha|p1a: Gholdengo\n|-resisted|p1a: Gholdengo\n|-damage|p1a: Gholdengo|26\/100 brn\n|\n|-heal|p1a: Gholdengo|33\/100 brn|[from] item: Leftovers\n|-damage|p1a: Gholdengo|26\/100 brn|[from] brn\n|upkeep\n|turn|26\n|\n|t:|1699710263\n|switch|p2a: Goodra|Goodra-Hisui, F|100\/100\n|-damage|p2a: Goodra|95\/100|[from] Stealth Rock\n|move|p1a: Gholdengo|Recover|p1a: Gholdengo\n|-heal|p1a: Gholdengo|77\/100 brn\n|\n|-heal|p1a: Gholdengo|83\/100 brn|[from] item: Leftovers\n|-damage|p1a: Gholdengo|77\/100 brn|[from] brn\n|upkeep\n|turn|27\n|inactive|MaTrabY has 90 seconds left.\n|\n|t:|1699710285\n|move|p1a: Gholdengo|Shadow Ball|p2a: Goodra\n|-damage|p2a: Goodra|35\/100\n|-unboost|p2a: Goodra|spd|1\n|move|p2a: Goodra|Knock Off|p1a: Gholdengo\n|-supereffective|p1a: Gholdengo\n|-damage|p1a: Gholdengo|47\/100 brn\n|-enditem|p1a: Gholdengo|Leftovers|[from] move: Knock Off|[of] p2a: Goodra\n|\n|-damage|p1a: Gholdengo|41\/100 brn|[from] brn\n|upkeep\n|turn|28\n|inactive|MaTrabY has 90 seconds left.\n|\n|t:|1699710297\n|move|p1a: Gholdengo|Shadow Ball|p2a: Goodra\n|-damage|p2a: Goodra|0 fnt\n|faint|p2a: Goodra\n|\n|-damage|p1a: Gholdengo|35\/100 brn|[from] brn\n|upkeep\n|\n|t:|1699710300\n|switch|p2a: Cinderace|Cinderace, M|100\/100\n|turn|29\n|\n|t:|1699710306\n|switch|p1a: Great Tusk|Great Tusk, shiny|96\/100\n|-damage|p1a: Great Tusk|93\/100|[from] Stealth Rock\n|-damage|p1a: Great Tusk|81\/100|[from] Spikes\n|move|p2a: Cinderace|Pyro Ball|p1a: Great Tusk\n|-damage|p1a: Great Tusk|55\/100\n|\n|-heal|p1a: Great Tusk|61\/100|[from] item: Leftovers\n|upkeep\n|turn|30\n|\n|t:|1699710310\n|move|p2a: Cinderace|Will-O-Wisp|p1a: Great Tusk\n|-status|p1a: Great Tusk|brn\n|move|p1a: Great Tusk|Rapid Spin|p2a: Cinderace\n|-damage|p2a: Cinderace|92\/100\n|-boost|p1a: Great Tusk|spe|1\n|-sideend|p1: MaTrabY|Spikes|[from] move: Rapid Spin|[of] p1a: Great Tusk\n|-sideend|p1: MaTrabY|Stealth Rock|[from] move: Rapid Spin|[of] p1a: Great Tusk\n|\n|-heal|p1a: Great Tusk|68\/100 brn|[from] item: Leftovers\n|-damage|p1a: Great Tusk|61\/100 brn|[from] brn\n|upkeep\n|turn|31\n|\n|t:|1699710329\n|move|p2a: Cinderace|Court Change|p2a: Cinderace\n|-start|p2a: Cinderace|typechange|Normal|[from] ability: Libero\n|-swapsideconditions\n|-activate|p2a: Cinderace|move: Court Change\n|move|p1a: Great Tusk|Earthquake|p2a: Cinderace\n|-damage|p2a: Cinderace|66\/100\n|\n|-heal|p1a: Great Tusk|68\/100 brn|[from] item: Leftovers\n|-damage|p1a: Great Tusk|61\/100 brn|[from] brn\n|upkeep\n|turn|32\n|\n|t:|1699710346\n|-end|p1a: Great Tusk|Protosynthesis|[silent]\n|switch|p1a: Ceruledge|Ceruledge, F, shiny|76\/100\n|move|p2a: Cinderace|U-turn|p1a: Ceruledge\n|-resisted|p1a: Ceruledge\n|-damage|p1a: Ceruledge|69\/100\n|-ability|p1a: Ceruledge|Weak Armor|boost\n|-unboost|p1a: Ceruledge|def|1\n|-boost|p1a: Ceruledge|spe|2\n|\n|t:|1699710348\n|switch|p2a: Sinistcha|Sinistcha, tera:Poison|100\/100|[from] U-turn\n|\n|upkeep\n|turn|33\n|\n|t:|1699710359\n|move|p1a: Ceruledge|Swords Dance|p1a: Ceruledge\n|-boost|p1a: Ceruledge|atk|2\n|move|p2a: Sinistcha|Iron Defense|p2a: Sinistcha\n|-boost|p2a: Sinistcha|def|2\n|\n|upkeep\n|turn|34\n|\n|t:|1699710365\n|move|p1a: Ceruledge|Swords Dance|p1a: Ceruledge\n|-boost|p1a: Ceruledge|atk|2\n|move|p2a: Sinistcha|Iron Defense|p2a: Sinistcha\n|-boost|p2a: Sinistcha|def|2\n|\n|upkeep\n|turn|35\n|\n|t:|1699710369\n|move|p1a: Ceruledge|Swords Dance|p1a: Ceruledge\n|-boost|p1a: Ceruledge|atk|2\n|move|p2a: Sinistcha|Iron Defense|p2a: Sinistcha\n|-boost|p2a: Sinistcha|def|2\n|\n|upkeep\n|turn|36\n|\n|t:|1699710375\n|move|p1a: Ceruledge|Poltergeist|p2a: Sinistcha\n|-activate|p2a: Sinistcha|move: Poltergeist|Leftovers\n|-damage|p2a: Sinistcha|57\/100\n|move|p2a: Sinistcha|Strength Sap|p1a: Ceruledge\n|-unboost|p1a: Ceruledge|atk|1\n|-heal|p2a: Sinistcha|100\/100\n|\n|upkeep\n|turn|37\n|\n|t:|1699710384\n|move|p1a: Ceruledge|Poltergeist|p2a: Sinistcha\n|-activate|p2a: Sinistcha|move: Poltergeist|Leftovers\n|-damage|p2a: Sinistcha|59\/100\n|move|p2a: Sinistcha|Calm Mind|p2a: Sinistcha\n|-boost|p2a: Sinistcha|spa|1\n|-boost|p2a: Sinistcha|spd|1\n|\n|-heal|p2a: Sinistcha|65\/100|[from] item: Leftovers\n|upkeep\n|turn|38\n|\n|t:|1699710390\n|move|p1a: Ceruledge|Poltergeist|p2a: Sinistcha\n|-activate|p2a: Sinistcha|move: Poltergeist|Leftovers\n|-damage|p2a: Sinistcha|25\/100\n|move|p2a: Sinistcha|Strength Sap|p1a: Ceruledge\n|-unboost|p1a: Ceruledge|atk|1\n|-heal|p2a: Sinistcha|100\/100\n|\n|upkeep\n|turn|39\n|\n|t:|1699710401\n|switch|p1a: Gholdengo|Gholdengo, shiny|35\/100 brn\n|-damage|p1a: Gholdengo|29\/100 brn|[from] Stealth Rock\n|move|p2a: Sinistcha|Calm Mind|p2a: Sinistcha\n|-boost|p2a: Sinistcha|spa|1\n|-boost|p2a: Sinistcha|spd|1\n|\n|-damage|p1a: Gholdengo|23\/100 brn|[from] brn\n|upkeep\n|turn|40\n|\n|t:|1699710404\n|move|p1a: Gholdengo|Recover|p1a: Gholdengo\n|-heal|p1a: Gholdengo|73\/100 brn\n|move|p2a: Sinistcha|Matcha Gotcha|p1a: Gholdengo\n|-resisted|p1a: Gholdengo\n|-damage|p1a: Gholdengo|42\/100 brn\n|\n|-damage|p1a: Gholdengo|36\/100 brn|[from] brn\n|upkeep\n|turn|41\n|\n|t:|1699710409\n|move|p1a: Gholdengo|Recover|p1a: Gholdengo\n|-heal|p1a: Gholdengo|86\/100 brn\n|move|p2a: Sinistcha|Calm Mind|p2a: Sinistcha\n|-boost|p2a: Sinistcha|spa|1\n|-boost|p2a: Sinistcha|spd|1\n|\n|-damage|p1a: Gholdengo|80\/100 brn|[from] brn\n|upkeep\n|turn|42\n|\n|t:|1699710414\n|move|p1a: Gholdengo|Nasty Plot|p1a: Gholdengo\n|-boost|p1a: Gholdengo|spa|2\n|move|p2a: Sinistcha|Matcha Gotcha|p1a: Gholdengo\n|-resisted|p1a: Gholdengo\n|-damage|p1a: Gholdengo|43\/100 brn\n|\n|-damage|p1a: Gholdengo|37\/100 brn|[from] brn\n|upkeep\n|turn|43\n|\n|t:|1699710420\n|move|p1a: Gholdengo|Make It Rain|p2a: Sinistcha\n|-damage|p2a: Sinistcha|52\/100\n|-unboost|p1a: Gholdengo|spa|1\n|move|p2a: Sinistcha|Matcha Gotcha|p1a: Gholdengo\n|-resisted|p1a: Gholdengo\n|-damage|p1a: Gholdengo|0 fnt\n|-heal|p2a: Sinistcha|72\/100|[from] drain|[of] p1a: Gholdengo\n|faint|p1a: Gholdengo\n|\n|-heal|p2a: Sinistcha|78\/100|[from] item: Leftovers\n|upkeep\n|-message|MaTrabY forfeited.\n|\n|win|Official Poyo\n|raw|MaTrabY's rating: 1458 &rarr; <strong>1441<\/strong><br \/>(-17 for losing)\n|raw|Official Poyo's rating: 1503 &rarr; <strong>1520<\/strong><br \/>(+17 for winning)\n|l|\u203dMaTrabY\n","uploadtime":1699710431,"views":16,"p1id":"matraby","p2id":"officialpoyo","formatid":"gen9ou","rating":1441,"private":0,"password":""}