{"id":"gen9ou-1993723848","p1":"CoolMeDownB","p2":"TheGr8est2EverDoIt","format":"[Gen 9] OU","log":"|j|\u2606CoolMeDownB\n|j|\u2606TheGr8est2EverDoIt\n|t:|1700349713\n|gametype|singles\n|player|p1|CoolMeDownB|crasherwake|1662\n|player|p2|TheGr8est2EverDoIt|lucas|1687\n|teamsize|p1|6\n|teamsize|p2|6\n|gen|9\n|tier|[Gen 9] OU\n|rated|\n|rule|Sleep Clause Mod: Limit one foe put to sleep\n|rule|Species Clause: Limit one of each Pok\u00e9mon\n|rule|OHKO Clause: OHKO moves are banned\n|rule|Evasion Items Clause: Evasion items are banned\n|rule|Evasion Moves Clause: Evasion moves are banned\n|rule|Endless Battle Clause: Forcing endless battles is banned\n|rule|HP Percentage Mod: HP is shown in percentages\n|clearpoke\n|poke|p1|Samurott-Hisui, M|\n|poke|p1|Great Tusk|\n|poke|p1|Kingambit, M|\n|poke|p1|Slowking-Galar, F|\n|poke|p1|Ninetales-Alola, F|\n|poke|p1|Dragapult, F|\n|poke|p2|Golem-Alola, M|\n|poke|p2|Zoroark-Hisui, M|\n|poke|p2|Landorus-Therian, M|\n|poke|p2|Weezing-Galar, F|\n|poke|p2|Dragonite, F|\n|poke|p2|Empoleon, F|\n|teampreview\n|c|\u2606CoolMeDownB|gl\n|\n|t:|1700349730\n|start\n|switch|p1a: rapid spin me rn|Dragapult, F|100\/100\n|switch|p2a: uhhhhh|Landorus-Therian, M|100\/100\n|-ability|p2a: uhhhhh|Intimidate|boost\n|-unboost|p1a: rapid spin me rn|atk|1\n|turn|1\n|\n|t:|1700349740\n|switch|p2a: Empoleon|Empoleon, F|100\/100\n|move|p1a: rapid spin me rn|Draco Meteor|p2a: Empoleon\n|-resisted|p2a: Empoleon\n|-damage|p2a: Empoleon|71\/100\n|-unboost|p1a: rapid spin me rn|spa|2\n|\n|-heal|p2a: Empoleon|78\/100|[from] item: Leftovers\n|upkeep\n|turn|2\n|\n|t:|1700349744\n|switch|p1a: best mon|Samurott-Hisui, M|100\/100\n|move|p2a: Empoleon|Stealth Rock|p1a: best mon\n|-sidestart|p1: CoolMeDownB|move: Stealth Rock\n|\n|-heal|p2a: Empoleon|84\/100|[from] item: Leftovers\n|upkeep\n|turn|3\n|\n|t:|1700349747\n|move|p1a: best mon|Ceaseless Edge|p2a: Empoleon\n|-damage|p2a: Empoleon|50\/100\n|-sidestart|p2: TheGr8est2EverDoIt|Spikes\n|move|p2a: Empoleon|Flip Turn|p1a: best mon\n|-resisted|p1a: best mon\n|-damage|p1a: best mon|94\/100\n|-damage|p2a: Empoleon|33\/100|[from] item: Rocky Helmet|[of] p1a: best mon\n|\n|t:|1700349754\n|switch|p2a: uhhhhh|Landorus-Therian, M|100\/100|[from] Flip Turn\n|-ability|p2a: uhhhhh|Intimidate|boost\n|-unboost|p1a: best mon|atk|1\n|\n|upkeep\n|turn|4\n|\n|t:|1700349767\n|move|p2a: uhhhhh|U-turn|p1a: best mon\n|-supereffective|p1a: best mon\n|-damage|p1a: best mon|52\/100\n|-damage|p2a: uhhhhh|84\/100|[from] item: Rocky Helmet|[of] p1a: best mon\n|\n|t:|1700349769\n|switch|p2a: uhhhhhh|Weezing-Galar, F|100\/100|[from] U-turn\n|-ability|p2a: uhhhhhh|Neutralizing Gas\n|-damage|p2a: uhhhhhh|88\/100|[from] Spikes\n|move|p1a: best mon|Razor Shell|p2a: uhhhhhh\n|-damage|p2a: uhhhhhh|74\/100\n|-unboost|p2a: uhhhhhh|def|1\n|\n|-heal|p2a: uhhhhhh|80\/100|[from] item: Black Sludge\n|upkeep\n|turn|5\n|\n|t:|1700349779\n|switch|p1a: big head|Slowking-Galar, F|100\/100\n|-damage|p1a: big head|88\/100|[from] Stealth Rock\n|move|p2a: uhhhhhh|Defog|p1a: big head\n|-unboost|p1a: big head|evasion|1\n|-sideend|p1: CoolMeDownB|Stealth Rock|[from] move: Defog|[of] p2a: uhhhhhh\n|-sideend|p2: TheGr8est2EverDoIt|Spikes|[from] move: Defog|[of] p2a: uhhhhhh\n|\n|-heal|p2a: uhhhhhh|86\/100|[from] item: Black Sludge\n|upkeep\n|turn|6\n|\n|t:|1700349782\n|-end|p2a: uhhhhhh|ability: Neutralizing Gas\n|switch|p2a: uh|Golem-Alola, M|100\/100\n|move|p1a: big head|Future Sight|p2a: uh\n|-start|p1a: big head|move: Future Sight\n|\n|upkeep\n|turn|7\n|\n|t:|1700349788\n|switch|p1a: big guy|Great Tusk, shiny|100\/100\n|move|p2a: uh|Grass Knot|p1a: big guy\n|-supereffective|p1a: big guy\n|-damage|p1a: big guy|0 fnt\n|faint|p1a: big guy\n|-end|p1a: big guy|Protosynthesis|[silent]\n|\n|upkeep\n|\n|t:|1700349801\n|switch|p1a: best mon|Samurott-Hisui, M|52\/100\n|turn|8\n|\n|t:|1700349804\n|move|p2a: uh|Grass Knot|p1a: best mon\n|-supereffective|p1a: best mon\n|-crit|p1a: best mon\n|-damage|p1a: best mon|0 fnt\n|-damage|p2a: uh|84\/100|[from] item: Rocky Helmet|[of] p1a: best mon\n|faint|p1a: best mon\n|\n|-end|p2a: uh|move: Future Sight\n|-damage|p2a: uh|0 fnt\n|replace|p2a: uhh|Zoroark-Hisui, M\n|-end|p2a: uhh|Illusion\n|faint|p2a: uhh\n|upkeep\n|\n|t:|1700349817\n|switch|p2a: uh|Golem-Alola, M|100\/100\n|switch|p1a: Elsa|Ninetales-Alola, F, shiny|100\/100\n|-weather|Snow|[from] ability: Snow Warning|[of] p1a: Elsa\n|turn|9\n|\n|t:|1700349822\n|move|p1a: Elsa|Aurora Veil|p1a: Elsa\n|-sidestart|p1: CoolMeDownB|move: Aurora Veil\n|move|p2a: uh|Explosion|p1a: Elsa\n|-damage|p1a: Elsa|0 fnt\n|faint|p2a: uh\n|faint|p1a: Elsa\n|\n|-weather|Snow|[upkeep]\n|upkeep\n|\n|t:|1700349830\n|switch|p1a: brb sacking 5|Kingambit, M|100\/100\n|switch|p2a: uhhhhhh|Weezing-Galar, F|86\/100\n|-ability|p2a: uhhhhhh|Neutralizing Gas\n|turn|10\n|\n|t:|1700349841\n|-end|p1a: brb sacking 5|fallenundefined|[silent]\n|switch|p1a: big head|Slowking-Galar, F|100\/100\n|move|p2a: uhhhhhh|Will-O-Wisp|p1a: big head\n|-status|p1a: big head|brn\n|\n|-weather|Snow|[upkeep]\n|-heal|p2a: uhhhhhh|92\/100|[from] item: Black Sludge\n|-damage|p1a: big head|94\/100 brn|[from] brn\n|upkeep\n|turn|11\n|\n|t:|1700349846\n|move|p2a: uhhhhhh|Defog|p1a: big head\n|-unboost|p1a: big head|evasion|1\n|-sideend|p1: CoolMeDownB|move: Aurora Veil\n|move|p1a: big head|Future Sight|p2a: uhhhhhh\n|-start|p1a: big head|move: Future Sight\n|\n|-weather|Snow|[upkeep]\n|-heal|p2a: uhhhhhh|98\/100|[from] item: Black Sludge\n|-damage|p1a: big head|88\/100 brn|[from] brn\n|upkeep\n|turn|12\n|\n|t:|1700349852\n|-end|p2a: uhhhhhh|ability: Neutralizing Gas\n|switch|p2a: Empoleon|Empoleon, F|33\/100\n|move|p1a: big head|Eerie Spell|p2a: Empoleon\n|-resisted|p2a: Empoleon\n|-damage|p2a: Empoleon|24\/100\n|\n|-weather|Snow|[upkeep]\n|-heal|p2a: Empoleon|30\/100|[from] item: Leftovers\n|-damage|p1a: big head|82\/100 brn|[from] brn\n|upkeep\n|turn|13\n|\n|t:|1700349857\n|switch|p1a: brb sacking 5|Kingambit, M|100\/100\n|-activate|p1a: brb sacking 5|ability: Supreme Overlord\n|-start|p1a: brb sacking 5|fallen3|[silent]\n|move|p2a: Empoleon|Roost|p2a: Empoleon\n|-heal|p2a: Empoleon|80\/100\n|-singleturn|p2a: Empoleon|move: Roost\n|\n|-weather|none\n|-end|p2a: Empoleon|move: Future Sight\n|-resisted|p2a: Empoleon\n|-damage|p2a: Empoleon|66\/100\n|-heal|p2a: Empoleon|72\/100|[from] item: Leftovers\n|upkeep\n|turn|14\n|\n|t:|1700349876\n|move|p1a: brb sacking 5|Swords Dance|p1a: brb sacking 5\n|-boost|p1a: brb sacking 5|atk|2\n|move|p2a: Empoleon|Flip Turn|p1a: brb sacking 5\n|-damage|p1a: brb sacking 5|87\/100\n|\n|t:|1700349878\n|switch|p2a: uhhhhhh|Weezing-Galar, F|98\/100|[from] Flip Turn\n|-ability|p2a: uhhhhhh|Neutralizing Gas\n|\n|-heal|p2a: uhhhhhh|100\/100|[from] item: Black Sludge\n|upkeep\n|turn|15\n|\n|t:|1700349889\n|move|p2a: uhhhhhh|Will-O-Wisp|p1a: brb sacking 5\n|-status|p1a: brb sacking 5|brn\n|move|p1a: brb sacking 5|Iron Head|p2a: uhhhhhh\n|-supereffective|p2a: uhhhhhh\n|-damage|p2a: uhhhhhh|25\/100\n|\n|-heal|p2a: uhhhhhh|31\/100|[from] item: Black Sludge\n|-damage|p1a: brb sacking 5|81\/100 brn|[from] brn\n|upkeep\n|turn|16\n|\n|t:|1700349897\n|move|p2a: uhhhhhh|Strange Steam|p1a: brb sacking 5\n|-damage|p1a: brb sacking 5|56\/100 brn\n|move|p1a: brb sacking 5|Iron Head|p2a: uhhhhhh\n|-supereffective|p2a: uhhhhhh\n|-damage|p2a: uhhhhhh|0 fnt\n|faint|p2a: uhhhhhh\n|-end|p2a: uhhhhhh|ability: Neutralizing Gas\n|-activate|p1a: brb sacking 5|ability: Supreme Overlord\n|-start|p1a: brb sacking 5|fallen3|[silent]\n|\n|-damage|p1a: brb sacking 5|50\/100 brn|[from] brn\n|upkeep\n|\n|t:|1700349905\n|switch|p2a: Dragonite|Dragonite, F|100\/100\n|turn|17\n|\n|t:|1700349907\n|move|p2a: Dragonite|Dragon Dance|p2a: Dragonite\n|-boost|p2a: Dragonite|atk|1\n|-boost|p2a: Dragonite|spe|1\n|move|p1a: brb sacking 5|Kowtow Cleave|p2a: Dragonite\n|-damage|p2a: Dragonite|69\/100\n|\n|-damage|p1a: brb sacking 5|44\/100 brn|[from] brn\n|upkeep\n|turn|18\n|\n|t:|1700349914\n|move|p1a: brb sacking 5|Sucker Punch||[still]\n|-fail|p1a: brb sacking 5\n|move|p2a: Dragonite|Dragon Dance|p2a: Dragonite\n|-boost|p2a: Dragonite|atk|1\n|-boost|p2a: Dragonite|spe|1\n|\n|-damage|p1a: brb sacking 5|37\/100 brn|[from] brn\n|upkeep\n|turn|19\n|\n|t:|1700349920\n|move|p1a: brb sacking 5|Sucker Punch||[still]\n|-fail|p1a: brb sacking 5\n|move|p2a: Dragonite|Roost|p2a: Dragonite\n|-heal|p2a: Dragonite|100\/100\n|-singleturn|p2a: Dragonite|move: Roost\n|\n|-damage|p1a: brb sacking 5|31\/100 brn|[from] brn\n|upkeep\n|turn|20\n|\n|t:|1700349927\n|-terastallize|p2a: Dragonite|Normal\n|move|p2a: Dragonite|Extreme Speed|p1a: brb sacking 5\n|-resisted|p1a: brb sacking 5\n|-damage|p1a: brb sacking 5|0 fnt\n|faint|p1a: brb sacking 5\n|-end|p1a: brb sacking 5|fallen3|[silent]\n|\n|upkeep\n|\n|t:|1700349930\n|switch|p1a: rapid spin me rn|Dragapult, F|100\/100\n|turn|21\n|\n|t:|1700349933\n|move|p2a: Dragonite|Earthquake|p1a: rapid spin me rn\n|-damage|p1a: rapid spin me rn|0 fnt\n|faint|p1a: rapid spin me rn\n|\n|upkeep\n|c|\u2606CoolMeDownB|gg\n|\n|t:|1700349936\n|switch|p1a: big head|Slowking-Galar, F|100\/100 brn\n|turn|22\n|c|\u2606TheGr8est2EverDoIt|gg\n|-message|CoolMeDownB forfeited.\n|\n|win|TheGr8est2EverDoIt\n|raw|CoolMeDownB's rating: 1662 &rarr; <strong>1643<\/strong><br \/>(-19 for losing)\n|raw|TheGr8est2EverDoIt's rating: 1687 &rarr; <strong>1706<\/strong><br \/>(+19 for winning)\n|l|\u2606CoolMeDownB\n","uploadtime":1700349947,"views":8,"p1id":"coolmedownb","p2id":"thegr8est2everdoit","formatid":"gen9ou","rating":1643,"private":0,"password":""}