{"id":"gen9ou-1992635166","p1":"Ksjfjwl","p2":"snotnosezill","format":"[Gen 9] OU","log":"|j|\u2606Ksjfjwl\n|j|\u2606snotnosezill\n|t:|1700218202\n|gametype|singles\n|player|p1|Ksjfjwl|2|1000\n|player|p2|snotnosezill|266|1079\n|teamsize|p1|6\n|teamsize|p2|6\n|gen|9\n|tier|[Gen 9] OU\n|rated|\n|rule|Sleep Clause Mod: Limit one foe put to sleep\n|rule|Species Clause: Limit one of each Pok\u00e9mon\n|rule|OHKO Clause: OHKO moves are banned\n|rule|Evasion Items Clause: Evasion items are banned\n|rule|Evasion Moves Clause: Evasion moves are banned\n|rule|Endless Battle Clause: Forcing endless battles is banned\n|rule|HP Percentage Mod: HP is shown in percentages\n|clearpoke\n|poke|p1|Garganacl, M|\n|poke|p1|Clodsire, F|\n|poke|p1|Altaria, F|\n|poke|p1|Cresselia, F|\n|poke|p1|Weezing-Galar, M|\n|poke|p1|Quaquaval, M|\n|poke|p2|Torkoal, M|\n|poke|p2|Skeledirge, F|\n|poke|p2|Heatran, M|\n|poke|p2|Moltres-Galar|\n|poke|p2|Walking Wake|\n|poke|p2|Landorus-Therian, M|\n|teampreview\n|inactive|Battle timer is ON: inactive players will automatically lose when time's up. (requested by Ksjfjwl)\n|\n|t:|1700218209\n|start\n|switch|p1a: Garganacl|Garganacl, M|100\/100\n|switch|p2a: Landorus|Landorus-Therian, M|100\/100\n|-ability|p2a: Landorus|Intimidate|boost\n|-unboost|p1a: Garganacl|atk|1\n|turn|1\n|\n|t:|1700218231\n|move|p2a: Landorus|Earthquake|p1a: Garganacl\n|-supereffective|p1a: Garganacl\n|-damage|p1a: Garganacl|30\/100\n|move|p1a: Garganacl|Salt Cure|p2a: Landorus\n|-damage|p2a: Landorus|88\/100\n|-start|p2a: Landorus|Salt Cure\n|\n|-heal|p1a: Garganacl|36\/100|[from] item: Leftovers\n|-damage|p2a: Landorus|76\/100|[from] Salt Cure\n|upkeep\n|turn|2\n|\n|t:|1700218254\n|switch|p1a: Cresselia|Cresselia, F|100\/100\n|move|p2a: Landorus|Earthquake|p1a: Cresselia\n|-immune|p1a: Cresselia|[from] ability: Levitate\n|\n|-damage|p2a: Landorus|64\/100|[from] Salt Cure\n|upkeep\n|turn|3\n|\n|t:|1700218266\n|switch|p2a: Moltres|Moltres-Galar|100\/100\n|move|p1a: Cresselia|Psychic|p2a: Moltres\n|-immune|p2a: Moltres\n|\n|upkeep\n|turn|4\n|inactive|Ksjfjwl has 120 seconds left.\n|inactive|snotnosezill has 120 seconds left.\n|\n|t:|1700218292\n|switch|p1a: Clodsire|Clodsire, F|100\/100\n|move|p2a: Moltres|Agility|p2a: Moltres\n|-boost|p2a: Moltres|spe|2\n|\n|upkeep\n|turn|5\n|inactive|Ksjfjwl has 120 seconds left.\n|inactive|snotnosezill has 120 seconds left.\n|\n|t:|1700218307\n|move|p2a: Moltres|Taunt|p1a: Clodsire\n|-start|p1a: Clodsire|move: Taunt\n|cant|p1a: Clodsire|move: Taunt|Toxic\n|\n|upkeep\n|turn|6\n|\n|t:|1700218316\n|switch|p1a: Quaquaval|Quaquaval, M|100\/100\n|move|p2a: Moltres|Nasty Plot|p2a: Moltres\n|-boost|p2a: Moltres|spa|2\n|\n|upkeep\n|turn|7\n|inactive|snotnosezill has 120 seconds left.\n|\n|t:|1700218332\n|move|p2a: Moltres|Fiery Wrath|p1a: Quaquaval\n|-resisted|p1a: Quaquaval\n|-damage|p1a: Quaquaval|37\/100\n|move|p1a: Quaquaval|Close Combat|p2a: Moltres\n|-crit|p2a: Moltres\n|-damage|p2a: Moltres|0 fnt\n|-unboost|p1a: Quaquaval|def|1\n|-unboost|p1a: Quaquaval|spd|1\n|faint|p2a: Moltres\n|-ability|p1a: Quaquaval|Moxie|boost\n|-boost|p1a: Quaquaval|atk|1\n|\n|-heal|p1a: Quaquaval|43\/100|[from] item: Leftovers\n|upkeep\n|inactive|snotnosezill has 120 seconds left.\n|c|\u2606snotnosezill|your so lucky\n|\n|t:|1700218350\n|switch|p2a: Landorus|Landorus-Therian, M|64\/100\n|-ability|p2a: Landorus|Intimidate|boost\n|-unboost|p1a: Quaquaval|atk|1\n|turn|8\n|inactive|snotnosezill has 90 seconds left.\n|\n|t:|1700218381\n|move|p2a: Landorus|Grass Knot|p1a: Quaquaval\n|-supereffective|p1a: Quaquaval\n|-damage|p1a: Quaquaval|0 fnt\n|faint|p1a: Quaquaval\n|\n|upkeep\n|\n|t:|1700218390\n|switch|p1a: Weezing|Weezing-Galar, M|100\/100\n|turn|9\n|\n|t:|1700218405\n|switch|p2a: Heatran|Heatran, M|100\/100\n|-item|p2a: Heatran|Air Balloon\n|move|p1a: Weezing|Will-O-Wisp|p2a: Heatran\n|-start|p2a: Heatran|ability: Flash Fire\n|\n|upkeep\n|turn|10\n|-message|Ksjfjwl forfeited.\n|\n|win|snotnosezill\n|raw|Ksjfjwl's rating: 1000 &rarr; <strong>1000<\/strong><br \/>(+0 for losing)\n|raw|snotnosezill's rating: 1079 &rarr; <strong>1101<\/strong><br \/>(+22 for winning)\n|l|\u2606Ksjfjwl\n","uploadtime":1700218419,"views":8,"p1id":"ksjfjwl","p2id":"snotnosezill","formatid":"gen9ou","rating":1000,"private":0,"password":""}