{"id":"gen9ou-1994633798","p1":"aviex","p2":"Chabbott918","format":"[Gen 9] OU","log":"|j|\u2606aviex\n|j|\u2606Chabbott918\n|t:|1700472860\n|gametype|singles\n|player|p1|aviex|dawn-gen4pt|1260\n|player|p2|Chabbott918|raifort|1359\n|teamsize|p1|6\n|teamsize|p2|6\n|gen|9\n|tier|[Gen 9] OU\n|rated|\n|rule|Sleep Clause Mod: Limit one foe put to sleep\n|rule|Species Clause: Limit one of each Pok\u00e9mon\n|rule|OHKO Clause: OHKO moves are banned\n|rule|Evasion Items Clause: Evasion items are banned\n|rule|Evasion Moves Clause: Evasion moves are banned\n|rule|Endless Battle Clause: Forcing endless battles is banned\n|rule|HP Percentage Mod: HP is shown in percentages\n|clearpoke\n|poke|p1|Zapdos|\n|poke|p1|Cinderace, M|\n|poke|p1|Ogerpon-Wellspring, F|\n|poke|p1|Corviknight, M|\n|poke|p1|Ting-Lu|\n|poke|p1|Okidogi, M|\n|poke|p2|Hatterene, F|\n|poke|p2|Corviknight, M|\n|poke|p2|Garchomp, M|\n|poke|p2|Greninja-*, F|\n|poke|p2|Iron Moth|\n|poke|p2|Breloom, F|\n|teampreview\n|\n|t:|1700472877\n|start\n|switch|p1a: Okidogi|Okidogi, M|100\/100\n|switch|p2a: Corviknight|Corviknight, M|100\/100\n|-ability|p2a: Corviknight|Pressure\n|turn|1\n|\n|t:|1700472882\n|move|p1a: Okidogi|Knock Off|p2a: Corviknight\n|-damage|p2a: Corviknight|77\/100\n|-enditem|p2a: Corviknight|Light Clay|[from] move: Knock Off|[of] p1a: Okidogi\n|move|p2a: Corviknight|Reflect|p2a: Corviknight\n|-sidestart|p2: Chabbott918|Reflect\n|\n|upkeep\n|turn|2\n|\n|t:|1700472894\n|move|p1a: Okidogi|Bulk Up|p1a: Okidogi\n|-boost|p1a: Okidogi|atk|1\n|-boost|p1a: Okidogi|def|1\n|move|p2a: Corviknight|Light Screen|p2a: Corviknight\n|-sidestart|p2: Chabbott918|move: Light Screen\n|\n|upkeep\n|turn|3\n|\n|t:|1700472897\n|move|p1a: Okidogi|Knock Off|p2a: Corviknight\n|-damage|p2a: Corviknight|65\/100\n|move|p2a: Corviknight|U-turn|p1a: Okidogi\n|-resisted|p1a: Okidogi\n|-damage|p1a: Okidogi|99\/100\n|\n|t:|1700472903\n|switch|p2a: Iron Moth|Iron Moth|100\/100|[from] U-turn\n|-enditem|p2a: Iron Moth|Booster Energy\n|-activate|p2a: Iron Moth|ability: Quark Drive|[fromitem]\n|-start|p2a: Iron Moth|quarkdrivespa\n|\n|-heal|p1a: Okidogi|100\/100|[from] item: Leftovers\n|upkeep\n|turn|4\n|\n|t:|1700472921\n|move|p2a: Iron Moth|Agility|p2a: Iron Moth\n|-boost|p2a: Iron Moth|spe|2\n|move|p1a: Okidogi|Knock Off|p2a: Iron Moth\n|-damage|p2a: Iron Moth|76\/100\n|\n|upkeep\n|turn|5\n|\n|t:|1700472927\n|move|p2a: Iron Moth|Fiery Dance|p1a: Okidogi\n|-damage|p1a: Okidogi|57\/100\n|move|p1a: Okidogi|Knock Off|p2a: Iron Moth\n|-damage|p2a: Iron Moth|54\/100\n|\n|-heal|p1a: Okidogi|63\/100|[from] item: Leftovers\n|-sideend|p2: Chabbott918|Reflect\n|upkeep\n|turn|6\n|\n|t:|1700472936\n|switch|p1a: Ting-Lu|Ting-Lu|100\/100\n|-ability|p1a: Ting-Lu|Vessel of Ruin\n|move|p2a: Iron Moth|Fiery Dance|p1a: Ting-Lu\n|-damage|p1a: Ting-Lu|73\/100\n|-boost|p2a: Iron Moth|spa|1\n|\n|-heal|p1a: Ting-Lu|80\/100|[from] item: Leftovers\n|-sideend|p2: Chabbott918|move: Light Screen\n|upkeep\n|turn|7\n|\n|t:|1700472939\n|move|p2a: Iron Moth|Energy Ball|p1a: Ting-Lu\n|-supereffective|p1a: Ting-Lu\n|-damage|p1a: Ting-Lu|22\/100\n|move|p1a: Ting-Lu|Whirlwind|p2a: Iron Moth\n|-end|p2a: Iron Moth|Quark Drive|[silent]\n|drag|p2a: Garchomp|Garchomp, M|100\/100\n|\n|-heal|p1a: Ting-Lu|29\/100|[from] item: Leftovers\n|upkeep\n|turn|8\n|\n|t:|1700472948\n|switch|p1a: Corviknight|Corviknight, M|100\/100\n|-ability|p1a: Corviknight|Pressure\n|move|p2a: Garchomp|Swords Dance|p2a: Garchomp\n|-boost|p2a: Garchomp|atk|2\n|\n|upkeep\n|turn|9\n|\n|t:|1700472955\n|move|p2a: Garchomp|Scale Shot|p1a: Corviknight\n|-resisted|p1a: Corviknight\n|-damage|p1a: Corviknight|93\/100\n|-resisted|p1a: Corviknight\n|-damage|p1a: Corviknight|85\/100\n|-resisted|p1a: Corviknight\n|-damage|p1a: Corviknight|76\/100\n|-resisted|p1a: Corviknight\n|-damage|p1a: Corviknight|69\/100\n|-hitcount|p1a: Corviknight|4\n|-unboost|p2a: Garchomp|def|1\n|-boost|p2a: Garchomp|spe|1\n|move|p1a: Corviknight|Iron Defense|p1a: Corviknight\n|-boost|p1a: Corviknight|def|2\n|\n|upkeep\n|turn|10\n|\n|t:|1700472971\n|-terastallize|p2a: Garchomp|Fire\n|move|p2a: Garchomp|Fire Fang|p1a: Corviknight\n|-supereffective|p1a: Corviknight\n|-damage|p1a: Corviknight|28\/100\n|-status|p1a: Corviknight|brn\n|-damage|p2a: Garchomp|84\/100|[from] item: Rocky Helmet|[of] p1a: Corviknight\n|move|p1a: Corviknight|Roost|p1a: Corviknight\n|-heal|p1a: Corviknight|78\/100 brn\n|-singleturn|p1a: Corviknight|move: Roost\n|\n|-damage|p1a: Corviknight|72\/100 brn|[from] brn\n|upkeep\n|turn|11\n|\n|t:|1700472979\n|move|p2a: Garchomp|Swords Dance|p2a: Garchomp\n|-boost|p2a: Garchomp|atk|2\n|move|p1a: Corviknight|Iron Defense|p1a: Corviknight\n|-boost|p1a: Corviknight|def|2\n|\n|-damage|p1a: Corviknight|66\/100 brn|[from] brn\n|upkeep\n|turn|12\n|\n|t:|1700472985\n|-terastallize|p1a: Corviknight|Fighting\n|move|p2a: Garchomp|Fire Fang|p1a: Corviknight\n|-crit|p1a: Corviknight\n|-damage|p1a: Corviknight|0 fnt\n|-damage|p2a: Garchomp|68\/100|[from] item: Rocky Helmet|[of] p1a: Corviknight\n|faint|p1a: Corviknight\n|\n|upkeep\n|\n|t:|1700472993\n|switch|p1a: Ogerpon|Ogerpon-Wellspring, F|100\/100\n|turn|13\n|\n|t:|1700472995\n|move|p2a: Garchomp|Earthquake|p1a: Ogerpon\n|-resisted|p1a: Ogerpon\n|-damage|p1a: Ogerpon|0 fnt\n|faint|p1a: Ogerpon\n|\n|upkeep\n|\n|t:|1700472999\n|switch|p1a: Cinderace|Cinderace, M|100\/100\n|turn|14\n|\n|t:|1700473001\n|move|p1a: Cinderace|Sucker Punch|p2a: Garchomp\n|-start|p1a: Cinderace|typechange|Dark|[from] ability: Libero\n|-damage|p2a: Garchomp|21\/100\n|-damage|p1a: Cinderace|88\/100|[from] ability: Rough Skin|[of] p2a: Garchomp\n|move|p2a: Garchomp|Scale Shot|p1a: Cinderace\n|-damage|p1a: Cinderace|27\/100\n|-damage|p1a: Cinderace|0 fnt\n|faint|p1a: Cinderace\n|-hitcount|p1: Cinderace|2\n|-unboost|p2a: Garchomp|def|1\n|-boost|p2a: Garchomp|spe|1\n|\n|upkeep\n|-message|aviex forfeited.\n|\n|win|Chabbott918\n|raw|aviex's rating: 1260 &rarr; <strong>1242<\/strong><br \/>(-18 for losing)\n|raw|Chabbott918's rating: 1359 &rarr; <strong>1373<\/strong><br \/>(+14 for winning)\n|l|\u2606aviex\n","uploadtime":1700473016,"views":15,"p1id":"aviex","p2id":"chabbott918","formatid":"gen9ou","rating":1242,"private":0,"password":""}