{"id":"gen9ou-1989539347","p1":"Jakespeare","p2":"du11","format":"[Gen 9] OU","log":"|j|\u203dJakespeare\n|j|\u2606du11\n|t:|1699868000\n|gametype|singles\n|player|p1|Jakespeare|depotagent|1305\n|player|p2|du11|plasmagrunt-gen5bw|1350\n|teamsize|p1|6\n|teamsize|p2|6\n|gen|9\n|tier|[Gen 9] OU\n|rated|\n|rule|Sleep Clause Mod: Limit one foe put to sleep\n|rule|Species Clause: Limit one of each Pok\u00e9mon\n|rule|OHKO Clause: OHKO moves are banned\n|rule|Evasion Items Clause: Evasion items are banned\n|rule|Evasion Moves Clause: Evasion moves are banned\n|rule|Endless Battle Clause: Forcing endless battles is banned\n|rule|HP Percentage Mod: HP is shown in percentages\n|clearpoke\n|poke|p1|Iron Hands|\n|poke|p1|Kingambit, F|\n|poke|p1|Azumarill, F|\n|poke|p1|Glimmora, F|\n|poke|p1|Iron Valiant|\n|poke|p1|Ceruledge, F|\n|poke|p2|Kingambit, F|\n|poke|p2|Alomomola, F|\n|poke|p2|Ceruledge, M|\n|poke|p2|Goodra-Hisui, M|\n|poke|p2|Cinderace, M|\n|poke|p2|Ogerpon, F|\n|teampreview\n|inactive|Battle timer is ON: inactive players will automatically lose when time's up. (requested by Jakespeare)\n|\n|t:|1699868014\n|start\n|switch|p1a: Glimmora|Glimmora, F|100\/100\n|switch|p2a: Ogerpon|Ogerpon, F|100\/100\n|turn|1\n|inactive|du11 has 120 seconds left.\n|\n|t:|1699868058\n|move|p2a: Ogerpon|Knock Off|p1a: Glimmora\n|-damage|p1a: Glimmora|60\/100\n|-activate|p1a: Glimmora|ability: Toxic Debris\n|-sidestart|p2: du11|move: Toxic Spikes\n|-enditem|p1a: Glimmora|Focus Sash|[from] move: Knock Off|[of] p2a: Ogerpon\n|move|p1a: Glimmora|Stealth Rock|p2a: Ogerpon\n|-sidestart|p2: du11|move: Stealth Rock\n|\n|upkeep\n|turn|2\n|\n|t:|1699868067\n|move|p2a: Ogerpon|Ivy Cudgel|p1a: Glimmora\n|-damage|p1a: Glimmora|0 fnt\n|-activate|p1a: Glimmora|ability: Toxic Debris\n|-sidestart|p2: du11|move: Toxic Spikes\n|faint|p1a: Glimmora\n|\n|upkeep\n|\n|t:|1699868073\n|switch|p1a: Ceruledge|Ceruledge, F|100\/100\n|turn|3\n|\n|t:|1699868079\n|move|p2a: Ogerpon|Knock Off|p1a: Ceruledge\n|-supereffective|p1a: Ceruledge\n|-damage|p1a: Ceruledge|9\/100\n|-ability|p1a: Ceruledge|Weak Armor|boost\n|-unboost|p1a: Ceruledge|def|1\n|-boost|p1a: Ceruledge|spe|2\n|-enditem|p1a: Ceruledge|Life Orb|[from] move: Knock Off|[of] p2a: Ogerpon\n|move|p1a: Ceruledge|Swords Dance|p1a: Ceruledge\n|-boost|p1a: Ceruledge|atk|2\n|\n|upkeep\n|turn|4\n|\n|t:|1699868089\n|move|p1a: Ceruledge|Bitter Blade|p2a: Ogerpon\n|-supereffective|p2a: Ogerpon\n|-damage|p2a: Ogerpon|0 fnt\n|-heal|p1a: Ceruledge|61\/100|[from] drain|[of] p2a: Ogerpon\n|faint|p2a: Ogerpon\n|\n|upkeep\n|\n|t:|1699868099\n|switch|p2a: Cinderace|Cinderace, M|100\/100\n|turn|5\n|\n|t:|1699868103\n|move|p1a: Ceruledge|Close Combat|p2a: Cinderace\n|-damage|p2a: Cinderace|0 fnt\n|-unboost|p1a: Ceruledge|def|1\n|-unboost|p1a: Ceruledge|spd|1\n|faint|p2a: Cinderace\n|\n|upkeep\n|\n|t:|1699868109\n|switch|p2a: Alomomola|Alomomola, F|100\/100\n|turn|6\n|\n|t:|1699868117\n|move|p1a: Ceruledge|Shadow Sneak|p2a: Alomomola\n|-damage|p2a: Alomomola|78\/100\n|move|p2a: Alomomola|Scald|p1a: Ceruledge\n|-supereffective|p1a: Ceruledge\n|-damage|p1a: Ceruledge|17\/100\n|\n|upkeep\n|turn|7\n|c|\u2606du11|my court change nooo\n|\n|t:|1699868129\n|move|p1a: Ceruledge|Close Combat|p2a: Alomomola\n|-damage|p2a: Alomomola|27\/100\n|-unboost|p1a: Ceruledge|def|1\n|-unboost|p1a: Ceruledge|spd|1\n|move|p2a: Alomomola|Flip Turn|p1a: Ceruledge\n|-supereffective|p1a: Ceruledge\n|-damage|p1a: Ceruledge|0 fnt\n|faint|p1a: Ceruledge\n|\n|t:|1699868136\n|switch|p2a: Goodra|Goodra-Hisui, M|100\/100|[from] Flip Turn\n|-damage|p2a: Goodra|94\/100|[from] Stealth Rock\n|\n|upkeep\n|\n|t:|1699868145\n|switch|p1a: Iron Hands|Iron Hands|100\/100\n|turn|8\n|\n|t:|1699868150\n|switch|p2a: Alomomola|Alomomola, F|61\/100\n|-terastallize|p1a: Iron Hands|Flying\n|move|p1a: Iron Hands|Swords Dance|p1a: Iron Hands\n|-boost|p1a: Iron Hands|atk|2\n|\n|upkeep\n|turn|9\n|\n|t:|1699868157\n|move|p1a: Iron Hands|Thunder Punch|p2a: Alomomola\n|-supereffective|p2a: Alomomola\n|-damage|p2a: Alomomola|0 fnt\n|faint|p2a: Alomomola\n|\n|upkeep\n|\n|t:|1699868181\n|switch|p2a: Kingambit|Kingambit, F|100\/100\n|-damage|p2a: Kingambit|94\/100|[from] Stealth Rock\n|-activate|p2a: Kingambit|ability: Supreme Overlord\n|-start|p2a: Kingambit|fallen3|[silent]\n|-item|p2a: Kingambit|Air Balloon\n|turn|10\n|\n|t:|1699868185\n|-terastallize|p2a: Kingambit|Fire\n|move|p2a: Kingambit|Swords Dance|p2a: Kingambit\n|-boost|p2a: Kingambit|atk|2\n|move|p1a: Iron Hands|Drain Punch|p2a: Kingambit\n|-damage|p2a: Kingambit|12\/100\n|-enditem|p2a: Kingambit|Air Balloon\n|\n|upkeep\n|turn|11\n|\n|t:|1699868192\n|move|p2a: Kingambit|Sucker Punch|p1a: Iron Hands\n|-damage|p1a: Iron Hands|33\/100\n|move|p1a: Iron Hands|Drain Punch|p2a: Kingambit\n|-damage|p2a: Kingambit|0 fnt\n|-heal|p1a: Iron Hands|37\/100|[from] drain|[of] p2a: Kingambit\n|faint|p2a: Kingambit\n|-end|p2a: Kingambit|fallen3|[silent]\n|\n|-heal|p1a: Iron Hands|43\/100|[from] item: Leftovers\n|upkeep\n|\n|t:|1699868196\n|switch|p2a: Ceruledge|Ceruledge, M|100\/100\n|-status|p2a: Ceruledge|tox\n|-damage|p2a: Ceruledge|76\/100 tox|[from] Stealth Rock\n|turn|12\n|\n|t:|1699868201\n|move|p2a: Ceruledge|Bitter Blade|p1a: Iron Hands\n|-damage|p1a: Iron Hands|8\/100\n|-heal|p2a: Ceruledge|100\/100 tox|[from] drain|[of] p1a: Iron Hands\n|move|p1a: Iron Hands|Earthquake|p2a: Ceruledge\n|-supereffective|p2a: Ceruledge\n|-damage|p2a: Ceruledge|0 fnt\n|faint|p2a: Ceruledge\n|\n|-heal|p1a: Iron Hands|14\/100|[from] item: Leftovers\n|upkeep\n|\n|t:|1699868206\n|switch|p2a: Goodra|Goodra-Hisui, M|94\/100\n|-damage|p2a: Goodra|88\/100|[from] Stealth Rock\n|turn|13\n|\n|t:|1699868210\n|move|p1a: Iron Hands|Drain Punch|p2a: Goodra\n|-supereffective|p2a: Goodra\n|-crit|p2a: Goodra\n|-damage|p2a: Goodra|0 fnt\n|-heal|p1a: Iron Hands|44\/100|[from] drain|[of] p2a: Goodra\n|faint|p2a: Goodra\n|\n|win|Jakespeare\n|raw|Jakespeare's rating: 1305 &rarr; <strong>1328<\/strong><br \/>(+23 for winning)\n|raw|du11's rating: 1350 &rarr; <strong>1327<\/strong><br \/>(-23 for losing)\n","uploadtime":1699868230,"views":8,"p1id":"jakespeare","p2id":"du11","formatid":"gen9ou","rating":1327,"private":0,"password":""}