{"id":"gen9ou-1993173377","p1":"Outofcure","p2":"RR_Uzui","format":"[Gen 9] OU","log":"|j|\u2606Outofcure\n|j|\u2606RR_Uzui\n|t:|1700273742\n|gametype|singles\n|player|p1|Outofcure|bruno-gen3|1570\n|player|p2|RR_Uzui|169|1598\n|teamsize|p1|6\n|teamsize|p2|6\n|gen|9\n|tier|[Gen 9] OU\n|rated|\n|rule|Sleep Clause Mod: Limit one foe put to sleep\n|rule|Species Clause: Limit one of each Pok\u00e9mon\n|rule|OHKO Clause: OHKO moves are banned\n|rule|Evasion Items Clause: Evasion items are banned\n|rule|Evasion Moves Clause: Evasion moves are banned\n|rule|Endless Battle Clause: Forcing endless battles is banned\n|rule|HP Percentage Mod: HP is shown in percentages\n|clearpoke\n|poke|p1|Ursaluna, F|\n|poke|p1|Arcanine-Hisui, F|\n|poke|p1|Great Tusk|\n|poke|p1|Iron Valiant|\n|poke|p1|Walking Wake|\n|poke|p1|Torkoal, M|\n|poke|p2|Kingambit, F|\n|poke|p2|Ogerpon-Wellspring, F|\n|poke|p2|Enamorus, F|\n|poke|p2|Gholdengo|\n|poke|p2|Heatran, F|\n|poke|p2|Corviknight, M|\n|teampreview\n|\n|t:|1700273752\n|start\n|switch|p1a: Torkoal|Torkoal, M|100\/100\n|switch|p2a: Ogerpon|Ogerpon-Wellspring, F|100\/100\n|-weather|SunnyDay|[from] ability: Drought|[of] p1a: Torkoal\n|turn|1\n|\n|t:|1700273759\n|switch|p2a: Heatran|Heatran, F|100\/100\n|move|p1a: Torkoal|Yawn|p2a: Heatran\n|-start|p2a: Heatran|move: Yawn|[of] p1a: Torkoal\n|\n|-weather|SunnyDay|[upkeep]\n|upkeep\n|turn|2\n|\n|t:|1700273767\n|move|p2a: Heatran|Magma Storm|p1a: Torkoal|[miss]\n|-miss|p2a: Heatran|p1a: Torkoal\n|move|p1a: Torkoal|Stealth Rock|p2a: Heatran\n|-sidestart|p2: RR_Uzui|move: Stealth Rock\n|\n|-weather|SunnyDay|[upkeep]\n|-end|p2a: Heatran|move: Yawn|[silent]\n|-status|p2a: Heatran|slp\n|upkeep\n|turn|3\n|\n|t:|1700273775\n|switch|p1a: Ursaluna|Ursaluna, F, shiny|100\/100\n|cant|p2a: Heatran|slp\n|\n|-weather|SunnyDay|[upkeep]\n|-status|p1a: Ursaluna|brn|[from] item: Flame Orb\n|upkeep\n|turn|4\n|\n|t:|1700273784\n|switch|p2a: Corviknight|Corviknight, M|100\/100\n|-damage|p2a: Corviknight|88\/100|[from] Stealth Rock\n|-ability|p2a: Corviknight|Pressure\n|switch|p1a: Arcanine|Arcanine-Hisui, F|100\/100\n|\n|-weather|SunnyDay|[upkeep]\n|upkeep\n|turn|5\n|\n|t:|1700273793\n|switch|p2a: Heatran|Heatran, F|100\/100 slp\n|-damage|p2a: Heatran|88\/100 slp|[from] Stealth Rock\n|move|p1a: Arcanine|Head Smash|p2a: Heatran\n|-damage|p2a: Heatran|27\/100 slp\n|\n|-weather|SunnyDay|[upkeep]\n|-heal|p2a: Heatran|33\/100 slp|[from] item: Leftovers\n|upkeep\n|turn|6\n|\n|t:|1700273803\n|cant|p2a: Heatran|slp\n|move|p1a: Arcanine|Head Smash|p2a: Heatran\n|-damage|p2a: Heatran|0 fnt\n|faint|p2a: Heatran\n|\n|-weather|SunnyDay|[upkeep]\n|upkeep\n|\n|t:|1700273811\n|switch|p2a: Corviknight|Corviknight, M|88\/100\n|-damage|p2a: Corviknight|76\/100|[from] Stealth Rock\n|-ability|p2a: Corviknight|Pressure\n|turn|7\n|\n|t:|1700273816\n|switch|p1a: Walking Wake|Walking Wake|100\/100\n|-activate|p1a: Walking Wake|ability: Protosynthesis\n|-start|p1a: Walking Wake|protosynthesisspe\n|move|p2a: Corviknight|Defog|p1a: Walking Wake\n|-unboost|p1a: Walking Wake|evasion|1\n|-sideend|p2: RR_Uzui|Stealth Rock|[from] move: Defog|[of] p2a: Corviknight\n|\n|-weather|SunnyDay|[upkeep]\n|upkeep\n|turn|8\n|\n|t:|1700273827\n|switch|p2a: Ogerpon|Ogerpon-Wellspring, F|100\/100\n|move|p1a: Walking Wake|Weather Ball|p2a: Ogerpon\n|-damage|p2a: Ogerpon|17\/100\n|\n|-weather|none\n|-end|p1a: Walking Wake|Protosynthesis\n|upkeep\n|turn|9\n|\n|t:|1700273839\n|move|p2a: Ogerpon|Horn Leech|p1a: Walking Wake\n|-damage|p1a: Walking Wake|49\/100\n|-heal|p2a: Ogerpon|47\/100|[from] drain|[of] p1a: Walking Wake\n|move|p1a: Walking Wake|Weather Ball|p2a: Ogerpon\n|-damage|p2a: Ogerpon|19\/100\n|\n|upkeep\n|turn|10\n|\n|t:|1700273848\n|-end|p1a: Walking Wake|Protosynthesis|[silent]\n|switch|p1a: Torkoal|Torkoal, M|100\/100\n|-weather|SunnyDay|[from] ability: Drought|[of] p1a: Torkoal\n|move|p2a: Ogerpon|Horn Leech|p1a: Torkoal\n|-resisted|p1a: Torkoal\n|-damage|p1a: Torkoal|82\/100\n|-heal|p2a: Ogerpon|29\/100|[from] drain|[of] p1a: Torkoal\n|\n|-weather|SunnyDay|[upkeep]\n|upkeep\n|turn|11\n|\n|t:|1700273858\n|move|p2a: Ogerpon|Ivy Cudgel|p1a: Torkoal|[anim] Ivy Cudgel Water\n|-supereffective|p1a: Torkoal\n|-damage|p1a: Torkoal|39\/100\n|move|p1a: Torkoal|Stealth Rock|p2a: Ogerpon\n|-sidestart|p2: RR_Uzui|move: Stealth Rock\n|\n|-weather|SunnyDay|[upkeep]\n|upkeep\n|turn|12\n|\n|t:|1700273873\n|switch|p1a: Walking Wake|Walking Wake|49\/100\n|-activate|p1a: Walking Wake|ability: Protosynthesis\n|-start|p1a: Walking Wake|protosynthesisspe\n|move|p2a: Ogerpon|Ivy Cudgel|p1a: Walking Wake|[anim] Ivy Cudgel Water\n|-resisted|p1a: Walking Wake\n|-damage|p1a: Walking Wake|41\/100\n|\n|-weather|SunnyDay|[upkeep]\n|upkeep\n|turn|13\n|\n|t:|1700273883\n|-terastallize|p2a: Ogerpon|Water\n|detailschange|p2a: Ogerpon|Ogerpon-Wellspring-Tera, F, tera:Water\n|-ability|p2a: Ogerpon|Embody Aspect (Wellspring)|boost\n|-boost|p2a: Ogerpon|spd|1\n|move|p1a: Walking Wake|Weather Ball|p2a: Ogerpon\n|-resisted|p2a: Ogerpon\n|-damage|p2a: Ogerpon|0 fnt\n|faint|p2a: Ogerpon\n|\n|-weather|SunnyDay|[upkeep]\n|upkeep\n|\n|t:|1700273894\n|switch|p2a: Kingambit|Kingambit, F|100\/100\n|-damage|p2a: Kingambit|94\/100|[from] Stealth Rock\n|-activate|p2a: Kingambit|ability: Supreme Overlord\n|-start|p2a: Kingambit|fallen2|[silent]\n|turn|14\n|\n|t:|1700273899\n|-end|p1a: Walking Wake|Protosynthesis|[silent]\n|switch|p1a: Arcanine|Arcanine-Hisui, F|100\/100\n|move|p2a: Kingambit|Sucker Punch||[still]\n|-fail|p2a: Kingambit\n|\n|-weather|SunnyDay|[upkeep]\n|upkeep\n|turn|15\n|\n|t:|1700273907\n|-end|p2a: Kingambit|fallen2|[silent]\n|switch|p2a: Corviknight|Corviknight, M|76\/100\n|-damage|p2a: Corviknight|64\/100|[from] Stealth Rock\n|-ability|p2a: Corviknight|Pressure\n|move|p1a: Arcanine|Flare Blitz|p2a: Corviknight\n|-supereffective|p2a: Corviknight\n|-damage|p2a: Corviknight|0 fnt\n|-damage|p1a: Arcanine|84\/100|[from] item: Rocky Helmet|[of] p2a: Corviknight\n|faint|p2a: Corviknight\n|\n|-weather|SunnyDay|[upkeep]\n|upkeep\n|\n|t:|1700273921\n|switch|p2a: Kingambit|Kingambit, F|94\/100\n|-damage|p2a: Kingambit|88\/100|[from] Stealth Rock\n|-activate|p2a: Kingambit|ability: Supreme Overlord\n|-start|p2a: Kingambit|fallen3|[silent]\n|turn|16\n|\n|t:|1700273926\n|move|p2a: Kingambit|Sucker Punch|p1a: Arcanine\n|-damage|p1a: Arcanine|8\/100\n|move|p1a: Arcanine|Flare Blitz|p2a: Kingambit\n|-supereffective|p2a: Kingambit\n|-damage|p2a: Kingambit|0 fnt\n|faint|p2a: Kingambit\n|-end|p2a: Kingambit|fallen3|[silent]\n|\n|-weather|SunnyDay|[upkeep]\n|upkeep\n|-message|RR_Uzui forfeited.\n|\n|win|Outofcure\n|raw|Outofcure's rating: 1570 &rarr; <strong>1592<\/strong><br \/>(+22 for winning)\n|raw|RR_Uzui's rating: 1598 &rarr; <strong>1576<\/strong><br \/>(-22 for losing)\n|l|\u2606RR_Uzui\n|l|\u2606Outofcure\n|j|\u2606Outofcure\n|player|p1|Outofcure|bruno-gen3\n","uploadtime":1700274128,"views":19,"p1id":"outofcure","p2id":"rruzui","formatid":"gen9ou","rating":1576,"private":0,"password":""}