{"id":"gen9ou-1999977604","p1":"FearedStriker","p2":"mystori_","format":"[Gen 9] OU","log":"|j|\u2606FearedStriker\n|j|\u2606mystori_\n|t:|1701136866\n|gametype|singles\n|player|p1|FearedStriker|chuck|1179\n|player|p2|mystori_|shauntal|1113\n|teamsize|p1|6\n|teamsize|p2|6\n|gen|9\n|tier|[Gen 9] OU\n|rated|\n|rule|Sleep Clause Mod: Limit one foe put to sleep\n|rule|Species Clause: Limit one of each Pok\u00e9mon\n|rule|OHKO Clause: OHKO moves are banned\n|rule|Evasion Items Clause: Evasion items are banned\n|rule|Evasion Moves Clause: Evasion moves are banned\n|rule|Endless Battle Clause: Forcing endless battles is banned\n|rule|HP Percentage Mod: HP is shown in percentages\n|clearpoke\n|poke|p1|Meowscarada, F|\n|poke|p1|Dragapult, M|\n|poke|p1|Gholdengo|\n|poke|p1|Great Tusk|\n|poke|p1|Enamorus, F|\n|poke|p1|Ogerpon-Wellspring, F|\n|poke|p2|Ditto|\n|poke|p2|Pawniard, M|\n|poke|p2|Empoleon, M|\n|poke|p2|Dusclops, M|\n|poke|p2|Toedscool, M|\n|poke|p2|Trevenant, M|\n|teampreview\n|inactive|Battle timer is ON: inactive players will automatically lose when time's up. (requested by mystori_)\n|inactive|FearedStriker also wants the timer to be on.\n|\n|t:|1701136884\n|start\n|switch|p1a: Enamorus|Enamorus, F|100\/100\n|switch|p2a: Kirby|Ditto|100\/100\n|-transform|p2a: Kirby|p1a: Enamorus|[from] ability: Imposter\n|turn|1\n|\n|t:|1701136902\n|switch|p2a: King Dedede|Empoleon, M, shiny|100\/100\n|switch|p1a: Gholdengo|Gholdengo|100\/100\n|\n|upkeep\n|turn|2\n|\n|t:|1701136912\n|move|p1a: Gholdengo|Thunderbolt|p2a: King Dedede\n|-supereffective|p2a: King Dedede\n|-damage|p2a: King Dedede|46\/100\n|move|p2a: King Dedede|Swords Dance|p2a: King Dedede\n|-boost|p2a: King Dedede|atk|2\n|\n|-heal|p2a: King Dedede|52\/100|[from] item: Leftovers\n|upkeep\n|turn|3\n|\n|t:|1701136921\n|move|p2a: King Dedede|Aqua Jet|p1a: Gholdengo\n|-damage|p1a: Gholdengo|69\/100\n|move|p1a: Gholdengo|Thunderbolt|p2a: King Dedede\n|-supereffective|p2a: King Dedede\n|-crit|p2a: King Dedede\n|-damage|p2a: King Dedede|0 fnt\n|faint|p2a: King Dedede\n|\n|upkeep\n|\n|t:|1701136930\n|switch|p2a: Cappy|Toedscool, M|100\/100\n|turn|4\n|\n|t:|1701136943\n|switch|p1a: Enamorus|Enamorus, F|100\/100\n|move|p2a: Cappy|Spore|p1a: Enamorus\n|-status|p1a: Enamorus|slp|[from] move: Spore\n|\n|upkeep\n|turn|5\n|\n|t:|1701136954\n|cant|p1a: Enamorus|slp\n|move|p2a: Cappy|Toxic Spikes|p1a: Enamorus\n|-sidestart|p1: FearedStriker|move: Toxic Spikes\n|\n|upkeep\n|turn|6\n|\n|t:|1701136958\n|-curestatus|p1a: Enamorus|slp|[msg]\n|move|p1a: Enamorus|Sludge Bomb|p2a: Cappy\n|-damage|p2a: Cappy|70\/100\n|-damage|p1a: Enamorus|90\/100|[from] item: Life Orb\n|move|p2a: Cappy|Toxic Spikes|p1a: Enamorus\n|-sidestart|p1: FearedStriker|move: Toxic Spikes\n|\n|upkeep\n|turn|7\n|\n|t:|1701136969\n|move|p1a: Enamorus|Moonblast|p2a: Cappy\n|-damage|p2a: Cappy|15\/100\n|-unboost|p2a: Cappy|spa|1\n|-damage|p1a: Enamorus|80\/100|[from] item: Life Orb\n|move|p2a: Cappy|Spore|p1a: Enamorus\n|-status|p1a: Enamorus|slp|[from] move: Spore\n|\n|upkeep\n|turn|8\n|\n|t:|1701136977\n|cant|p1a: Enamorus|slp\n|move|p2a: Cappy|Leech Seed|p1a: Enamorus\n|-start|p1a: Enamorus|move: Leech Seed\n|\n|-damage|p1a: Enamorus|68\/100 slp|[from] Leech Seed|[of] p2a: Cappy\n|-heal|p2a: Cappy|27\/100|[silent]\n|upkeep\n|turn|9\n|\n|t:|1701136983\n|-curestatus|p1a: Enamorus|slp|[msg]\n|move|p1a: Enamorus|Moonblast|p2a: Cappy\n|-damage|p2a: Cappy|0 fnt\n|faint|p2a: Cappy\n|-damage|p1a: Enamorus|58\/100|[from] item: Life Orb\n|\n|upkeep\n|\n|t:|1701136990\n|switch|p2a: Meta Knight|Pawniard, M, shiny|100\/100\n|turn|10\n|\n|t:|1701137013\n|switch|p1a: Gholdengo|Gholdengo|69\/100\n|move|p2a: Meta Knight|Swords Dance|p2a: Meta Knight\n|-boost|p2a: Meta Knight|atk|2\n|\n|upkeep\n|turn|11\n|\n|t:|1701137030\n|switch|p1a: Great Tusk|Great Tusk|100\/100\n|-status|p1a: Great Tusk|tox\n|-enditem|p1a: Great Tusk|Booster Energy\n|-activate|p1a: Great Tusk|ability: Protosynthesis|[fromitem]\n|-start|p1a: Great Tusk|protosynthesisspe\n|move|p2a: Meta Knight|Sucker Punch||[still]\n|-fail|p2a: Meta Knight\n|\n|-damage|p1a: Great Tusk|94\/100 tox|[from] psn\n|upkeep\n|turn|12\n|\n|t:|1701137041\n|switch|p2a: Dark Matter|Dusclops, M|100\/100\n|move|p1a: Great Tusk|Close Combat|p2a: Dark Matter\n|-immune|p2a: Dark Matter\n|\n|-damage|p1a: Great Tusk|82\/100 tox|[from] psn\n|upkeep\n|turn|13\n|inactive|FearedStriker has 120 seconds left.\n|\n|t:|1701137069\n|-end|p1a: Great Tusk|Protosynthesis|[silent]\n|switch|p1a: Enamorus|Enamorus, F|58\/100\n|move|p2a: Dark Matter|Protect||[still]\n|-fail|p2a: Dark Matter\n|\n|upkeep\n|turn|14\n|\n|t:|1701137081\n|move|p1a: Enamorus|Moonblast|p2a: Dark Matter\n|-damage|p2a: Dark Matter|70\/100\n|-unboost|p2a: Dark Matter|spa|1\n|-damage|p1a: Enamorus|48\/100|[from] item: Life Orb\n|move|p2a: Dark Matter|Night Shade|p1a: Enamorus\n|-damage|p1a: Enamorus|14\/100\n|\n|upkeep\n|turn|15\n|\n|t:|1701137093\n|move|p1a: Enamorus|Sludge Bomb|p2a: Dark Matter\n|-resisted|p2a: Dark Matter\n|-damage|p2a: Dark Matter|60\/100\n|-damage|p1a: Enamorus|4\/100|[from] item: Life Orb\n|move|p2a: Dark Matter|Night Shade|p1a: Enamorus\n|-damage|p1a: Enamorus|0 fnt\n|faint|p1a: Enamorus\n|\n|upkeep\n|\n|t:|1701137098\n|switch|p1a: Meowscarada|Meowscarada, F, shiny|100\/100\n|-status|p1a: Meowscarada|tox\n|turn|16\n|\n|t:|1701137105\n|-terastallize|p2a: Dark Matter|Dark\n|move|p1a: Meowscarada|Knock Off|p2a: Dark Matter\n|-start|p1a: Meowscarada|typechange|Dark|[from] ability: Protean\n|-resisted|p2a: Dark Matter\n|-damage|p2a: Dark Matter|46\/100\n|-enditem|p2a: Dark Matter|Eviolite|[from] move: Knock Off|[of] p1a: Meowscarada\n|move|p2a: Dark Matter|Pain Split|p1a: Meowscarada\n|-sethp|p1a: Meowscarada|73\/100 tox|[from] move: Pain Split|[silent]\n|-sethp|p2a: Dark Matter|75\/100|[from] move: Pain Split\n|\n|-damage|p1a: Meowscarada|66\/100 tox|[from] psn\n|upkeep\n|turn|17\n|\n|t:|1701137119\n|move|p1a: Meowscarada|Play Rough|p2a: Dark Matter|[miss]\n|-miss|p1a: Meowscarada|p2a: Dark Matter\n|move|p2a: Dark Matter|Night Shade|p1a: Meowscarada\n|-damage|p1a: Meowscarada|32\/100 tox\n|\n|-damage|p1a: Meowscarada|20\/100 tox|[from] psn\n|upkeep\n|turn|18\n|\n|t:|1701137126\n|move|p2a: Dark Matter|Protect|p2a: Dark Matter\n|-singleturn|p2a: Dark Matter|Protect\n|move|p1a: Meowscarada|Play Rough|p2a: Dark Matter\n|-activate|p2a: Dark Matter|move: Protect\n|\n|-damage|p1a: Meowscarada|2\/100 tox|[from] psn\n|upkeep\n|turn|19\n|\n|t:|1701137134\n|switch|p2a: Whispy Woods|Trevenant, M|100\/100\n|move|p1a: Meowscarada|Play Rough|p2a: Whispy Woods\n|-damage|p2a: Whispy Woods|68\/100\n|\n|-damage|p1a: Meowscarada|0 fnt|[from] psn\n|faint|p1a: Meowscarada\n|upkeep\n|\n|t:|1701137143\n|switch|p1a: Great Tusk|Great Tusk|82\/100 tox\n|turn|20\n|\n|t:|1701137151\n|switch|p2a: Dark Matter|Dusclops, M, tera:Dark|75\/100\n|move|p1a: Great Tusk|Ice Spinner|p2a: Dark Matter\n|-damage|p2a: Dark Matter|54\/100\n|\n|-damage|p1a: Great Tusk|76\/100 tox|[from] psn\n|upkeep\n|turn|21\n|\n|t:|1701137158\n|switch|p2a: Whispy Woods|Trevenant, M|68\/100\n|move|p1a: Great Tusk|Rapid Spin|p2a: Whispy Woods\n|-immune|p2a: Whispy Woods\n|\n|-damage|p1a: Great Tusk|63\/100 tox|[from] psn\n|upkeep\n|turn|22\n|\n|t:|1701137165\n|move|p2a: Whispy Woods|Protect|p2a: Whispy Woods\n|-singleturn|p2a: Whispy Woods|Protect\n|move|p1a: Great Tusk|Ice Spinner|p2a: Whispy Woods\n|-activate|p2a: Whispy Woods|move: Protect\n|\n|-damage|p1a: Great Tusk|45\/100 tox|[from] psn\n|upkeep\n|turn|23\n|\n|t:|1701137172\n|move|p1a: Great Tusk|Ice Spinner|p2a: Whispy Woods\n|-supereffective|p2a: Whispy Woods\n|-damage|p2a: Whispy Woods|13\/100\n|-enditem|p2a: Whispy Woods|Sitrus Berry|[eat]\n|-heal|p2a: Whispy Woods|38\/100|[from] item: Sitrus Berry\n|move|p2a: Whispy Woods|Horn Leech|p1a: Great Tusk\n|-supereffective|p1a: Great Tusk\n|-damage|p1a: Great Tusk|0 fnt\n|-heal|p2a: Whispy Woods|60\/100|[from] drain|[of] p1a: Great Tusk\n|faint|p1a: Great Tusk\n|-end|p1a: Great Tusk|Protosynthesis|[silent]\n|\n|upkeep\n|\n|t:|1701137180\n|switch|p1a: Ogerpon|Ogerpon-Wellspring, F|100\/100\n|-status|p1a: Ogerpon|tox\n|turn|24\n|\n|t:|1701137188\n|move|p2a: Whispy Woods|Protect|p2a: Whispy Woods\n|-singleturn|p2a: Whispy Woods|Protect\n|move|p1a: Ogerpon|U-turn|p2a: Whispy Woods\n|-activate|p2a: Whispy Woods|move: Protect\n|\n|-damage|p1a: Ogerpon|95\/100 tox|[from] psn\n|-item|p2a: Whispy Woods|Sitrus Berry|[from] ability: Harvest\n|upkeep\n|turn|25\n|\n|t:|1701137195\n|move|p1a: Ogerpon|U-turn|p2a: Whispy Woods\n|-damage|p2a: Whispy Woods|29\/100\n|-enditem|p2a: Whispy Woods|Sitrus Berry|[eat]\n|-heal|p2a: Whispy Woods|54\/100|[from] item: Sitrus Berry\n|\n|t:|1701137201\n|switch|p1a: Dragapult|Dragapult, M|100\/100|[from] U-turn\n|-status|p1a: Dragapult|tox\n|move|p2a: Whispy Woods|Leech Seed|p1a: Dragapult\n|-start|p1a: Dragapult|move: Leech Seed\n|\n|-damage|p1a: Dragapult|88\/100 tox|[from] Leech Seed|[of] p2a: Whispy Woods\n|-heal|p2a: Whispy Woods|64\/100|[silent]\n|-damage|p1a: Dragapult|82\/100 tox|[from] psn\n|upkeep\n|turn|26\n|\n|t:|1701137216\n|switch|p2a: Dark Matter|Dusclops, M, tera:Dark|54\/100\n|-item|p1a: Dragapult|Sitrus Berry|[from] ability: Frisk|[of] p2a: Dark Matter|[identify]\n|move|p1a: Dragapult|Dragon Darts|p2a: Dark Matter\n|-damage|p2a: Dark Matter|29\/100\n|-anim|p1a: Dragapult|Dragon Darts|p2a: Dark Matter\n|-damage|p2a: Dark Matter|6\/100\n|\n|-damage|p1a: Dragapult|70\/100 tox|[from] Leech Seed|[of] p2a: Dark Matter\n|-heal|p2a: Dark Matter|20\/100|[silent]\n|-damage|p1a: Dragapult|58\/100 tox|[from] psn\n|upkeep\n|turn|27\n|\n|t:|1701137230\n|move|p2a: Dark Matter|Protect|p2a: Dark Matter\n|-singleturn|p2a: Dark Matter|Protect\n|move|p1a: Dragapult|Dragon Darts|p2a: Dark Matter\n|-activate|p2a: Dark Matter|move: Protect\n|\n|-damage|p1a: Dragapult|46\/100 tox|[from] Leech Seed|[of] p2a: Dark Matter\n|-heal|p2a: Dark Matter|34\/100|[silent]\n|-damage|p1a: Dragapult|28\/100 tox|[from] psn\n|upkeep\n|-enditem|p1a: Dragapult|Sitrus Berry|[eat]\n|-heal|p1a: Dragapult|53\/100 tox|[from] item: Sitrus Berry\n|turn|28\n|\n|t:|1701137240\n|move|p2a: Dark Matter|Protect||[still]\n|-fail|p2a: Dark Matter\n|move|p1a: Dragapult|Dragon Darts|p2a: Dark Matter\n|-damage|p2a: Dark Matter|10\/100\n|-anim|p1a: Dragapult|Dragon Darts|p2a: Dark Matter\n|-damage|p2a: Dark Matter|0 fnt\n|faint|p2a: Dark Matter\n|\n|-damage|p1a: Dragapult|29\/100 tox|[from] psn\n|upkeep\n|\n|t:|1701137249\n|switch|p2a: Meta Knight|Pawniard, M, shiny|100\/100\n|turn|29\n|\n|t:|1701137257\n|move|p2a: Meta Knight|Sucker Punch|p1a: Dragapult\n|-supereffective|p1a: Dragapult\n|-damage|p1a: Dragapult|0 fnt\n|faint|p1a: Dragapult\n|\n|upkeep\n|\n|t:|1701137262\n|switch|p1a: Ogerpon|Ogerpon-Wellspring, F|95\/100 tox\n|turn|30\n|\n|t:|1701137268\n|move|p1a: Ogerpon|Swords Dance|p1a: Ogerpon\n|-boost|p1a: Ogerpon|atk|2\n|move|p2a: Meta Knight|Swords Dance|p2a: Meta Knight\n|-boost|p2a: Meta Knight|atk|2\n|\n|-damage|p1a: Ogerpon|89\/100 tox|[from] psn\n|upkeep\n|turn|31\n|\n|t:|1701137277\n|-terastallize|p1a: Ogerpon|Water\n|detailschange|p1a: Ogerpon|Ogerpon-Wellspring-Tera, F, tera:Water\n|-ability|p1a: Ogerpon|Embody Aspect (Wellspring)|boost\n|-boost|p1a: Ogerpon|spd|1\n|move|p2a: Meta Knight|Sucker Punch|p1a: Ogerpon\n|-damage|p1a: Ogerpon|13\/100 tox\n|move|p1a: Ogerpon|Ivy Cudgel|p2a: Meta Knight|[anim] Ivy Cudgel Water\n|-enditem|p2a: Meta Knight|Focus Sash\n|-damage|p2a: Meta Knight|1\/100\n|\n|-damage|p1a: Ogerpon|1\/100 tox|[from] psn\n|upkeep\n|turn|32\n|\n|t:|1701137288\n|move|p2a: Meta Knight|Sucker Punch|p1a: Ogerpon\n|-damage|p1a: Ogerpon|0 fnt\n|faint|p1a: Ogerpon\n|\n|upkeep\n|\n|t:|1701137290\n|switch|p1a: Gholdengo|Gholdengo|69\/100\n|turn|33\n|\n|t:|1701137294\n|move|p2a: Meta Knight|Sucker Punch|p1a: Gholdengo\n|-supereffective|p1a: Gholdengo\n|-damage|p1a: Gholdengo|0 fnt\n|faint|p1a: Gholdengo\n|\n|win|mystori_\n|raw|FearedStriker's rating: 1179 &rarr; <strong>1149<\/strong><br \/>(-30 for losing)\n|raw|mystori_'s rating: 1113 &rarr; <strong>1143<\/strong><br \/>(+30 for winning)\n|l|\u2606FearedStriker\n|c|\u2606mystori_|gg\n","uploadtime":1701137304,"views":9,"p1id":"fearedstriker","p2id":"mystori","formatid":"gen9ou","rating":1143,"private":0,"password":""}