{"id":"gen9ou-1991453302","p1":"BUGG1N","p2":"tekken_is_life","format":"[Gen 9] OU","log":"|j|\u2606BUGG1N\n|j|\u2606tekken_is_life\n|t:|1700078406\n|gametype|singles\n|player|p1|BUGG1N|bugmaniac-gen3|1662\n|player|p2|tekken_is_life|riley|1708\n|teamsize|p1|6\n|teamsize|p2|6\n|gen|9\n|tier|[Gen 9] OU\n|rated|\n|rule|Sleep Clause Mod: Limit one foe put to sleep\n|rule|Species Clause: Limit one of each Pok\u00e9mon\n|rule|OHKO Clause: OHKO moves are banned\n|rule|Evasion Items Clause: Evasion items are banned\n|rule|Evasion Moves Clause: Evasion moves are banned\n|rule|Endless Battle Clause: Forcing endless battles is banned\n|rule|HP Percentage Mod: HP is shown in percentages\n|clearpoke\n|poke|p1|Kommo-o, M|\n|poke|p1|Ogerpon, F|\n|poke|p1|Iron Valiant|\n|poke|p1|Enamorus, F|\n|poke|p1|Iron Treads|\n|poke|p1|Dragonite, M|\n|poke|p2|Regidrago|\n|poke|p2|Grimmsnarl, M|\n|poke|p2|Enamorus, F|\n|poke|p2|Iron Moth|\n|poke|p2|Great Tusk|\n|poke|p2|Ogerpon-Cornerstone, F|\n|teampreview\n|\n|t:|1700078416\n|start\n|switch|p1a: Enamorus|Enamorus, F|100\/100\n|switch|p2a: Great Tusk|Great Tusk|100\/100\n|-enditem|p2a: Great Tusk|Booster Energy\n|-activate|p2a: Great Tusk|ability: Protosynthesis|[fromitem]\n|-start|p2a: Great Tusk|protosynthesisatk\n|turn|1\n|\n|t:|1700078426\n|move|p1a: Enamorus|Moonblast|p2a: Great Tusk\n|-supereffective|p2a: Great Tusk\n|-damage|p2a: Great Tusk|0 fnt\n|faint|p2a: Great Tusk\n|-end|p2a: Great Tusk|Protosynthesis|[silent]\n|\n|upkeep\n|\n|t:|1700078428\n|switch|p2a: Iron Moth|Iron Moth|100\/100\n|-enditem|p2a: Iron Moth|Booster Energy\n|-activate|p2a: Iron Moth|ability: Quark Drive|[fromitem]\n|-start|p2a: Iron Moth|quarkdrivespe\n|turn|2\n|\n|t:|1700078434\n|move|p2a: Iron Moth|Fiery Dance|p1a: Enamorus\n|-damage|p1a: Enamorus|42\/100\n|-boost|p2a: Iron Moth|spa|1\n|move|p1a: Enamorus|Earth Power|p2a: Iron Moth\n|-supereffective|p2a: Iron Moth\n|-damage|p2a: Iron Moth|0 fnt\n|faint|p2a: Iron Moth\n|-end|p2a: Iron Moth|Quark Drive|[silent]\n|\n|upkeep\n|\n|t:|1700078439\n|switch|p2a: Ogerpon|Ogerpon-Cornerstone, F|100\/100\n|turn|3\n|\n|t:|1700078447\n|move|p2a: Ogerpon|Ivy Cudgel|p1a: Enamorus|[anim] Ivy Cudgel Rock\n|-supereffective|p1a: Enamorus\n|-damage|p1a: Enamorus|0 fnt\n|faint|p1a: Enamorus\n|\n|upkeep\n|\n|t:|1700078458\n|switch|p1a: Iron Treads|Iron Treads|100\/100\n|-enditem|p1a: Iron Treads|Booster Energy\n|-activate|p1a: Iron Treads|ability: Quark Drive|[fromitem]\n|-start|p1a: Iron Treads|quarkdrivespe\n|turn|4\n|\n|t:|1700078465\n|move|p1a: Iron Treads|Stealth Rock|p2a: Ogerpon\n|-sidestart|p2: tekken_is_life|move: Stealth Rock\n|move|p2a: Ogerpon|Superpower|p1a: Iron Treads\n|-supereffective|p1a: Iron Treads\n|-damage|p1a: Iron Treads|13\/100\n|-unboost|p2a: Ogerpon|atk|1\n|-unboost|p2a: Ogerpon|def|1\n|\n|upkeep\n|turn|5\n|\n|t:|1700078479\n|move|p1a: Iron Treads|Steel Beam|p2a: Ogerpon\n|-supereffective|p2a: Ogerpon\n|-damage|p2a: Ogerpon|14\/100\n|-damage|p1a: Iron Treads|0 fnt|[from] steelbeam\n|faint|p1a: Iron Treads\n|-end|p1a: Iron Treads|Quark Drive|[silent]\n|move|p2a: Ogerpon|Trailblaze|p1: Iron Treads|[notarget]\n|-fail|p2a: Ogerpon\n|\n|upkeep\n|inactive|Battle timer is ON: inactive players will automatically lose when time's up. (requested by tekken_is_life)\n|\n|t:|1700078506\n|switch|p1a: Dragonite|Dragonite, M|100\/100\n|turn|6\n|c|\u2606tekken_is_life|Leads with enamorus instead of treads\n|inactive|tekken_is_life has 120 seconds left.\n|c|\u2606tekken_is_life|Dumbest individual I\u2019ve ever seen\n|c|\u2606BUGG1N|my bad\n|\n|t:|1700078554\n|move|p1a: Dragonite|Extreme Speed|p2a: Ogerpon\n|-resisted|p2a: Ogerpon\n|-damage|p2a: Ogerpon|0 fnt\n|faint|p2a: Ogerpon\n|\n|upkeep\n|\n|t:|1700078563\n|switch|p2a: Regidrago|Regidrago|100\/100\n|-damage|p2a: Regidrago|88\/100|[from] Stealth Rock\n|turn|7\n|\n|t:|1700078572\n|move|p1a: Dragonite|Extreme Speed|p2a: Regidrago\n|-damage|p2a: Regidrago|54\/100\n|move|p2a: Regidrago|Scale Shot|p1a: Dragonite\n|-supereffective|p1a: Dragonite\n|-damage|p1a: Dragonite|82\/100\n|-supereffective|p1a: Dragonite\n|-damage|p1a: Dragonite|43\/100\n|-supereffective|p1a: Dragonite\n|-damage|p1a: Dragonite|1\/100\n|-supereffective|p1a: Dragonite\n|-damage|p1a: Dragonite|0 fnt\n|faint|p1a: Dragonite\n|-hitcount|p1: Dragonite|4\n|-unboost|p2a: Regidrago|def|1\n|-boost|p2a: Regidrago|spe|1\n|\n|upkeep\n|j| MiniLarry\n|inactive|BUGG1N has 120 seconds left.\n|\n|t:|1700078610\n|switch|p1a: Iron Valiant|Iron Valiant|100\/100\n|-enditem|p1a: Iron Valiant|Booster Energy\n|-activate|p1a: Iron Valiant|ability: Quark Drive|[fromitem]\n|-start|p1a: Iron Valiant|quarkdrivespa\n|turn|8\n|\n|t:|1700078614\n|-terastallize|p1a: Iron Valiant|Fighting\n|move|p1a: Iron Valiant|Vacuum Wave|p2a: Regidrago\n|-damage|p2a: Regidrago|13\/100\n|move|p2a: Regidrago|Earthquake|p1a: Iron Valiant\n|-damage|p1a: Iron Valiant|57\/100\n|\n|upkeep\n|turn|9\n|\n|t:|1700078621\n|move|p1a: Iron Valiant|Vacuum Wave|p2a: Regidrago\n|-damage|p2a: Regidrago|0 fnt\n|faint|p2a: Regidrago\n|\n|upkeep\n|\n|t:|1700078627\n|switch|p2a: Enamorus|Enamorus, F|100\/100\n|-damage|p2a: Enamorus|76\/100|[from] Stealth Rock\n|turn|10\n|\n|t:|1700078634\n|move|p2a: Enamorus|Moonblast|p1a: Iron Valiant\n|-supereffective|p1a: Iron Valiant\n|-damage|p1a: Iron Valiant|0 fnt\n|faint|p1a: Iron Valiant\n|-end|p1a: Iron Valiant|Quark Drive|[silent]\n|\n|upkeep\n|\n|t:|1700078644\n|switch|p1a: Ogerpon|Ogerpon, F|100\/100\n|turn|11\n|\n|t:|1700078647\n|move|p2a: Enamorus|Moonblast|p1a: Ogerpon\n|-crit|p1a: Ogerpon\n|-damage|p1a: Ogerpon|13\/100\n|-unboost|p1a: Ogerpon|spa|1\n|-ability|p1a: Ogerpon|Defiant|boost\n|-boost|p1a: Ogerpon|atk|2\n|move|p1a: Ogerpon|Ivy Cudgel|p2a: Enamorus\n|-resisted|p2a: Enamorus\n|-damage|p2a: Enamorus|0 fnt\n|faint|p2a: Enamorus\n|\n|upkeep\n|\n|t:|1700078653\n|switch|p2a: Grimmsnarl|Grimmsnarl, M|100\/100\n|-damage|p2a: Grimmsnarl|88\/100|[from] Stealth Rock\n|turn|12\n|\n|t:|1700078658\n|move|p2a: Grimmsnarl|Reflect|p2a: Grimmsnarl\n|-sidestart|p2: tekken_is_life|Reflect\n|move|p1a: Ogerpon|Ivy Cudgel|p2a: Grimmsnarl\n|-damage|p2a: Grimmsnarl|4\/100\n|\n|upkeep\n|turn|13\n|-message|tekken_is_life forfeited.\n|\n|win|BUGG1N\n|raw|BUGG1N's rating: 1662 &rarr; <strong>1685<\/strong><br \/>(+23 for winning)\n|raw|tekken_is_life's rating: 1708 &rarr; <strong>1685<\/strong><br \/>(-23 for losing)\n|l|\u2606tekken_is_life\n","uploadtime":1700078674,"views":8,"p1id":"bugg1n","p2id":"tekkenislife","formatid":"gen9ou","rating":1685,"private":0,"password":""}