{"id":"gen9ou-1988560306","p1":"karnotics","p2":"Archerthegreat","format":"[Gen 9] OU","log":"|j|\u2606karnotics\n|j|\u2606Archerthegreat\n|t:|1699736175\n|gametype|singles\n|player|p1|karnotics|gambler|1405\n|player|p2|Archerthegreat|102|1502\n|teamsize|p1|6\n|teamsize|p2|6\n|gen|9\n|tier|[Gen 9] OU\n|rated|\n|rule|Sleep Clause Mod: Limit one foe put to sleep\n|rule|Species Clause: Limit one of each Pok\u00e9mon\n|rule|OHKO Clause: OHKO moves are banned\n|rule|Evasion Items Clause: Evasion items are banned\n|rule|Evasion Moves Clause: Evasion moves are banned\n|rule|Endless Battle Clause: Forcing endless battles is banned\n|rule|HP Percentage Mod: HP is shown in percentages\n|clearpoke\n|poke|p1|Hoopa-Unbound|\n|poke|p1|Alomomola, F|\n|poke|p1|Cinderace, M|\n|poke|p1|Thundurus-Therian, M|\n|poke|p1|Dragapult, M|\n|poke|p1|Kingambit, F|\n|poke|p2|Indeedee, M|\n|poke|p2|Ting-Lu|\n|poke|p2|Cinderace, M|\n|poke|p2|Polteageist|\n|poke|p2|Glimmora, F|\n|poke|p2|Dondozo, M|\n|teampreview\n|inactive|Battle timer is ON: inactive players will automatically lose when time's up. (requested by Archerthegreat)\n|\n|t:|1699736193\n|start\n|switch|p1a: Thundurus|Thundurus-Therian, M|100\/100\n|switch|p2a: Glimmora|Glimmora, F|100\/100\n|turn|1\n|\n|t:|1699736201\n|move|p1a: Thundurus|Volt Switch|p2a: Glimmora\n|-damage|p2a: Glimmora|18\/100\n|\n|t:|1699736204\n|switch|p1a: Kingambit|Kingambit, F|100\/100|[from] Volt Switch\n|move|p2a: Glimmora|Power Gem|p1a: Kingambit\n|-resisted|p1a: Kingambit\n|-damage|p1a: Kingambit|78\/100\n|\n|upkeep\n|turn|2\n|\n|t:|1699736215\n|-end|p1a: Kingambit|fallenundefined|[silent]\n|switch|p1a: Thundurus|Thundurus-Therian, M|100\/100\n|move|p2a: Glimmora|Earth Power|p1a: Thundurus\n|-immune|p1a: Thundurus\n|\n|upkeep\n|turn|3\n|\n|t:|1699736223\n|switch|p2a: Ting-Lu|Ting-Lu|100\/100\n|-ability|p2a: Ting-Lu|Vessel of Ruin\n|move|p1a: Thundurus|Grass Knot|p2a: Ting-Lu\n|-supereffective|p2a: Ting-Lu\n|-damage|p2a: Ting-Lu|44\/100\n|\n|-heal|p2a: Ting-Lu|50\/100|[from] item: Leftovers\n|upkeep\n|turn|4\n|\n|t:|1699736231\n|switch|p2a: Indeedee|Indeedee, M|100\/100\n|-fieldstart|move: Psychic Terrain|[from] ability: Psychic Surge|[of] p2a: Indeedee\n|move|p1a: Thundurus|Grass Knot|p2a: Indeedee\n|-damage|p2a: Indeedee|58\/100\n|\n|upkeep\n|turn|5\n|\n|t:|1699736236\n|switch|p1a: Hoopa|Hoopa-Unbound|100\/100\n|switch|p2a: Ting-Lu|Ting-Lu|50\/100\n|-ability|p2a: Ting-Lu|Vessel of Ruin\n|\n|-heal|p2a: Ting-Lu|56\/100|[from] item: Leftovers\n|upkeep\n|turn|6\n|\n|t:|1699736246\n|switch|p1a: Alomomola|Alomomola, F|100\/100\n|move|p2a: Ting-Lu|Earthquake|p1a: Alomomola\n|-damage|p1a: Alomomola|82\/100\n|-enditem|p1a: Alomomola|Red Card|[of] p2a: Ting-Lu\n|drag|p2a: Dondozo|Dondozo, M|100\/100\n|\n|upkeep\n|turn|7\n|\n|t:|1699736251\n|switch|p2a: Glimmora|Glimmora, F|18\/100\n|move|p1a: Alomomola|Scald|p2a: Glimmora\n|-supereffective|p2a: Glimmora\n|-damage|p2a: Glimmora|0 fnt\n|faint|p2a: Glimmora\n|\n|upkeep\n|\n|t:|1699736257\n|switch|p2a: Polteageist|Polteageist|100\/100\n|turn|8\n|\n|t:|1699736259\n|move|p2a: Polteageist|Shadow Ball|p1a: Alomomola\n|-crit|p1a: Alomomola\n|-damage|p1a: Alomomola|5\/100\n|move|p1a: Alomomola|Flip Turn|p2a: Polteageist\n|-damage|p2a: Polteageist|67\/100\n|-ability|p2a: Polteageist|Weak Armor|boost\n|-unboost|p2a: Polteageist|def|1\n|-boost|p2a: Polteageist|spe|2\n|\n|t:|1699736265\n|switch|p1a: Hoopa|Hoopa-Unbound|100\/100|[from] Flip Turn\n|\n|upkeep\n|turn|9\n|\n|t:|1699736270\n|switch|p2a: Ting-Lu|Ting-Lu|56\/100\n|-ability|p2a: Ting-Lu|Vessel of Ruin\n|move|p1a: Hoopa|Hyperspace Fury|p2a: Ting-Lu\n|-resisted|p2a: Ting-Lu\n|-damage|p2a: Ting-Lu|40\/100\n|-unboost|p1a: Hoopa|def|1\n|\n|-heal|p2a: Ting-Lu|47\/100|[from] item: Leftovers\n|upkeep\n|turn|10\n|\n|t:|1699736277\n|switch|p1a: Thundurus|Thundurus-Therian, M|100\/100\n|move|p2a: Ting-Lu|Stealth Rock|p1a: Thundurus\n|-sidestart|p1: karnotics|move: Stealth Rock\n|\n|-heal|p2a: Ting-Lu|53\/100|[from] item: Leftovers\n|upkeep\n|turn|11\n|\n|t:|1699736280\n|-terastallize|p1a: Thundurus|Flying\n|move|p1a: Thundurus|Tera Blast|p2a: Ting-Lu|[anim] Tera Blast Flying\n|-damage|p2a: Ting-Lu|15\/100\n|move|p2a: Ting-Lu|Earthquake|p1a: Thundurus\n|-immune|p1a: Thundurus\n|\n|-heal|p2a: Ting-Lu|22\/100|[from] item: Leftovers\n|-fieldend|move: Psychic Terrain\n|upkeep\n|turn|12\n|\n|t:|1699736285\n|switch|p2a: Indeedee|Indeedee, M|58\/100\n|-fieldstart|move: Psychic Terrain|[from] ability: Psychic Surge|[of] p2a: Indeedee\n|move|p1a: Thundurus|Tera Blast|p2a: Indeedee|[anim] Tera Blast Flying\n|-damage|p2a: Indeedee|0 fnt\n|faint|p2a: Indeedee\n|\n|upkeep\n|\n|t:|1699736293\n|switch|p2a: Polteageist|Polteageist|67\/100\n|turn|13\n|\n|t:|1699736296\n|switch|p1a: Hoopa|Hoopa-Unbound|100\/100\n|-damage|p1a: Hoopa|88\/100|[from] Stealth Rock\n|move|p2a: Polteageist|Shell Smash|p2a: Polteageist\n|-unboost|p2a: Polteageist|def|1\n|-unboost|p2a: Polteageist|spd|1\n|-boost|p2a: Polteageist|atk|2\n|-boost|p2a: Polteageist|spa|2\n|-boost|p2a: Polteageist|spe|2\n|\n|upkeep\n|turn|14\n|\n|t:|1699736301\n|-terastallize|p2a: Polteageist|Fighting\n|move|p2a: Polteageist|Tera Blast|p1a: Hoopa|[anim] Tera Blast Fighting\n|-crit|p1a: Hoopa\n|-damage|p1a: Hoopa|18\/100\n|move|p1a: Hoopa|Hyperspace Fury|p2a: Polteageist\n|-resisted|p2a: Polteageist\n|-damage|p2a: Polteageist|0 fnt\n|-unboost|p1a: Hoopa|def|1\n|faint|p2a: Polteageist\n|\n|upkeep\n|-message|Archerthegreat forfeited.\n|\n|win|karnotics\n|raw|karnotics's rating: 1405 &rarr; <strong>1430<\/strong><br \/>(+25 for winning)\n|raw|Archerthegreat's rating: 1502 &rarr; <strong>1477<\/strong><br \/>(-25 for losing)\n|l|\u2606Archerthegreat\n","uploadtime":1699736312,"views":19,"p1id":"karnotics","p2id":"archerthegreat","formatid":"gen9ou","rating":1430,"private":0,"password":""}