{"id":"gen9ou-1998325452","p1":"Boc0aa","p2":"TheNutmeg33","format":"[Gen 9] OU","log":"|j|\u2606Boc0aa\n|j|\u2606TheNutmeg33\n|t:|1700929669\n|gametype|singles\n|player|p1|Boc0aa|yellow|1648\n|player|p2|TheNutmeg33|169|1659\n|teamsize|p1|6\n|teamsize|p2|6\n|gen|9\n|tier|[Gen 9] OU\n|rated|\n|rule|Sleep Clause Mod: Limit one foe put to sleep\n|rule|Species Clause: Limit one of each Pok\u00e9mon\n|rule|OHKO Clause: OHKO moves are banned\n|rule|Evasion Items Clause: Evasion items are banned\n|rule|Evasion Moves Clause: Evasion moves are banned\n|rule|Endless Battle Clause: Forcing endless battles is banned\n|rule|HP Percentage Mod: HP is shown in percentages\n|clearpoke\n|poke|p1|Meowscarada, F|\n|poke|p1|Ting-Lu|\n|poke|p1|Kingambit, M|\n|poke|p1|Zapdos|\n|poke|p1|Gholdengo|\n|poke|p1|Munkidori, M|\n|poke|p2|Iron Moth|\n|poke|p2|Great Tusk|\n|poke|p2|Clodsire, F|\n|poke|p2|Ceruledge, F|\n|poke|p2|Garganacl, M|\n|poke|p2|Corviknight, M|\n|teampreview\n|inactive|Battle timer is ON: inactive players will automatically lose when time's up. (requested by Boc0aa)\n|\n|t:|1700929686\n|start\n|switch|p1a: Munkidori|Munkidori, M|100\/100\n|switch|p2a: Corviknight|Corviknight, M, shiny|100\/100\n|-ability|p2a: Corviknight|Pressure\n|turn|1\n|\n|t:|1700929691\n|switch|p2a: Clodsire|Clodsire, F, shiny|100\/100\n|move|p1a: Munkidori|Psychic|p2a: Clodsire\n|-supereffective|p2a: Clodsire\n|-damage|p2a: Clodsire|51\/100\n|\n|-heal|p2a: Clodsire|57\/100|[from] item: Black Sludge\n|upkeep\n|turn|2\n|\n|t:|1700929697\n|move|p1a: Munkidori|Psychic|p2a: Clodsire\n|-supereffective|p2a: Clodsire\n|-damage|p2a: Clodsire|8\/100\n|move|p2a: Clodsire|Earthquake|p1a: Munkidori\n|-supereffective|p1a: Munkidori\n|-damage|p1a: Munkidori|23\/100\n|\n|-heal|p1a: Munkidori|29\/100|[from] item: Leftovers\n|-heal|p2a: Clodsire|15\/100|[from] item: Black Sludge\n|upkeep\n|turn|3\n|\n|t:|1700929704\n|switch|p2a: Corviknight|Corviknight, M, shiny|100\/100\n|-ability|p2a: Corviknight|Pressure\n|move|p1a: Munkidori|Psychic|p2a: Corviknight\n|-resisted|p2a: Corviknight\n|-damage|p2a: Corviknight|76\/100\n|\n|-heal|p1a: Munkidori|35\/100|[from] item: Leftovers\n|upkeep\n|turn|4\n|\n|t:|1700929712\n|switch|p1a: Zapdos|Zapdos|100\/100\n|move|p2a: Corviknight|U-turn|p1a: Zapdos\n|-resisted|p1a: Zapdos\n|-damage|p1a: Zapdos|93\/100\n|\n|t:|1700929716\n|switch|p2a: Clodsire|Clodsire, F, shiny|15\/100|[from] U-turn\n|\n|-heal|p2a: Clodsire|21\/100|[from] item: Black Sludge\n|upkeep\n|turn|5\n|\n|t:|1700929720\n|move|p1a: Zapdos|Heat Wave|p2a: Clodsire\n|-damage|p2a: Clodsire|2\/100\n|-status|p2a: Clodsire|brn\n|move|p2a: Clodsire|Recover|p2a: Clodsire\n|-heal|p2a: Clodsire|52\/100 brn\n|\n|-heal|p2a: Clodsire|58\/100 brn|[from] item: Black Sludge\n|-damage|p2a: Clodsire|52\/100 brn|[from] brn\n|upkeep\n|turn|6\n|j| I love Neco Arc\n|\n|t:|1700929723\n|move|p1a: Zapdos|Hurricane|p2a: Clodsire\n|-damage|p2a: Clodsire|17\/100 brn\n|move|p2a: Clodsire|Recover|p2a: Clodsire\n|-heal|p2a: Clodsire|67\/100 brn\n|\n|-heal|p2a: Clodsire|74\/100 brn|[from] item: Black Sludge\n|-damage|p2a: Clodsire|67\/100 brn|[from] brn\n|upkeep\n|turn|7\n|\n|t:|1700929728\n|switch|p1a: Munkidori|Munkidori, M|35\/100\n|move|p2a: Clodsire|Toxic|p1a: Munkidori\n|-immune|p1a: Munkidori\n|\n|-heal|p1a: Munkidori|41\/100|[from] item: Leftovers\n|-heal|p2a: Clodsire|74\/100 brn|[from] item: Black Sludge\n|-damage|p2a: Clodsire|67\/100 brn|[from] brn\n|upkeep\n|turn|8\n|j| xxdimixx\n|\n|t:|1700929731\n|move|p1a: Munkidori|Psychic|p2a: Clodsire\n|-supereffective|p2a: Clodsire\n|-damage|p2a: Clodsire|20\/100 brn\n|move|p2a: Clodsire|Earthquake|p1a: Munkidori\n|-supereffective|p1a: Munkidori\n|-damage|p1a: Munkidori|0 fnt\n|faint|p1a: Munkidori\n|\n|-heal|p2a: Clodsire|26\/100 brn|[from] item: Black Sludge\n|-damage|p2a: Clodsire|20\/100 brn|[from] brn\n|upkeep\n|\n|t:|1700929734\n|switch|p1a: Ting-Lu|Ting-Lu|100\/100\n|-ability|p1a: Ting-Lu|Vessel of Ruin\n|turn|9\n|\n|t:|1700929738\n|move|p1a: Ting-Lu|Stealth Rock|p2a: Clodsire\n|-sidestart|p2: TheNutmeg33|move: Stealth Rock\n|move|p2a: Clodsire|Toxic|p1a: Ting-Lu\n|-status|p1a: Ting-Lu|tox\n|\n|-heal|p2a: Clodsire|26\/100 brn|[from] item: Black Sludge\n|-damage|p1a: Ting-Lu|94\/100 tox|[from] psn\n|-damage|p2a: Clodsire|20\/100 brn|[from] brn\n|upkeep\n|turn|10\n|\n|t:|1700929742\n|move|p1a: Ting-Lu|Earthquake|p2a: Clodsire\n|-supereffective|p2a: Clodsire\n|-damage|p2a: Clodsire|0 fnt\n|faint|p2a: Clodsire\n|\n|-heal|p1a: Ting-Lu|100\/100 tox|[from] item: Leftovers\n|-damage|p1a: Ting-Lu|88\/100 tox|[from] psn\n|upkeep\n|\n|t:|1700929749\n|switch|p2a: Great Tusk|Great Tusk, shiny|100\/100\n|turn|11\n|\n|t:|1700929752\n|switch|p1a: Zapdos|Zapdos|93\/100\n|move|p2a: Great Tusk|Rapid Spin|p1a: Zapdos\n|-damage|p1a: Zapdos|74\/100\n|-boost|p2a: Great Tusk|spe|1\n|-sideend|p2: TheNutmeg33|Stealth Rock|[from] move: Rapid Spin|[of] p2a: Great Tusk\n|\n|upkeep\n|turn|12\n|\n|t:|1700929755\n|move|p2a: Great Tusk|Ice Spinner|p1a: Zapdos\n|-supereffective|p1a: Zapdos\n|-damage|p1a: Zapdos|21\/100\n|move|p1a: Zapdos|Hurricane|p2a: Great Tusk\n|-supereffective|p2a: Great Tusk\n|-damage|p2a: Great Tusk|0 fnt\n|faint|p2a: Great Tusk\n|-end|p2a: Great Tusk|Protosynthesis|[silent]\n|\n|upkeep\n|\n|t:|1700929759\n|switch|p2a: Garganacl|Garganacl, M, shiny|100\/100\n|turn|13\n|\n|t:|1700929762\n|switch|p1a: Ting-Lu|Ting-Lu|88\/100 tox\n|-ability|p1a: Ting-Lu|Vessel of Ruin\n|move|p2a: Garganacl|Salt Cure|p1a: Ting-Lu\n|-resisted|p1a: Ting-Lu\n|-damage|p1a: Ting-Lu|84\/100 tox\n|-start|p1a: Ting-Lu|Salt Cure\n|\n|-heal|p1a: Ting-Lu|90\/100 tox|[from] item: Leftovers\n|-damage|p1a: Ting-Lu|84\/100 tox|[from] psn\n|-damage|p1a: Ting-Lu|72\/100 tox|[from] Salt Cure\n|upkeep\n|turn|14\n|c| xxdimixx|starting of with toxic not a bad play\n|\n|t:|1700929767\n|-terastallize|p2a: Garganacl|Ghost\n|move|p1a: Ting-Lu|Stealth Rock|p2a: Garganacl\n|-sidestart|p2: TheNutmeg33|move: Stealth Rock\n|move|p2a: Garganacl|Stealth Rock|p1a: Ting-Lu\n|-sidestart|p1: Boc0aa|move: Stealth Rock\n|\n|-heal|p1a: Ting-Lu|78\/100 tox|[from] item: Leftovers\n|-damage|p1a: Ting-Lu|65\/100 tox|[from] psn\n|-damage|p1a: Ting-Lu|53\/100 tox|[from] Salt Cure\n|upkeep\n|turn|15\n|c| xxdimixx|not a bad play at all\n|\n|t:|1700929769\n|move|p1a: Ting-Lu|Throat Chop|p2a: Garganacl\n|-supereffective|p2a: Garganacl\n|-damage|p2a: Garganacl|54\/100\n|-start|p2a: Garganacl|Throat Chop|[silent]\n|move|p2a: Garganacl|Salt Cure|p1a: Ting-Lu\n|-resisted|p1a: Ting-Lu\n|-damage|p1a: Ting-Lu|50\/100 tox\n|\n|-heal|p1a: Ting-Lu|56\/100 tox|[from] item: Leftovers\n|-heal|p2a: Garganacl|61\/100|[from] item: Leftovers\n|-damage|p1a: Ting-Lu|37\/100 tox|[from] psn\n|-damage|p1a: Ting-Lu|25\/100 tox|[from] Salt Cure\n|upkeep\n|turn|16\n|j| skottles\n|\n|t:|1700929775\n|switch|p1a: Meowscarada|Meowscarada, F|100\/100\n|-damage|p1a: Meowscarada|88\/100|[from] Stealth Rock\n|move|p2a: Garganacl|Protect||[still]\n|-fail|p2a: Garganacl\n|\n|-heal|p2a: Garganacl|67\/100|[from] item: Leftovers\n|-end|p2a: Garganacl|Throat Chop|[silent]\n|upkeep\n|turn|17\n|\n|t:|1700929778\n|switch|p2a: Corviknight|Corviknight, M, shiny|76\/100\n|-damage|p2a: Corviknight|63\/100|[from] Stealth Rock\n|-ability|p2a: Corviknight|Pressure\n|move|p1a: Meowscarada|Knock Off|p2a: Corviknight\n|-start|p1a: Meowscarada|typechange|Dark|[from] ability: Protean\n|-damage|p2a: Corviknight|36\/100\n|-damage|p1a: Meowscarada|72\/100|[from] item: Rocky Helmet|[of] p2a: Corviknight\n|-enditem|p2a: Corviknight|Rocky Helmet|[from] move: Knock Off|[of] p1a: Meowscarada\n|\n|upkeep\n|turn|18\n|\n|t:|1700929783\n|switch|p1a: Zapdos|Zapdos|21\/100\n|move|p2a: Corviknight|Roost|p2a: Corviknight\n|-heal|p2a: Corviknight|86\/100\n|-singleturn|p2a: Corviknight|move: Roost\n|\n|upkeep\n|turn|19\n|\n|t:|1700929789\n|move|p1a: Zapdos|Roost|p1a: Zapdos\n|-heal|p1a: Zapdos|71\/100\n|-singleturn|p1a: Zapdos|move: Roost\n|move|p2a: Corviknight|Defog|p1a: Zapdos\n|-unboost|p1a: Zapdos|evasion|1\n|-sideend|p1: Boc0aa|Stealth Rock|[from] move: Defog|[of] p2a: Corviknight\n|-sideend|p2: TheNutmeg33|Stealth Rock|[from] move: Defog|[of] p2a: Corviknight\n|\n|upkeep\n|turn|20\n|\n|t:|1700929794\n|move|p1a: Zapdos|Volt Switch|p2a: Corviknight\n|-supereffective|p2a: Corviknight\n|-damage|p2a: Corviknight|4\/100\n|\n|t:|1700929798\n|switch|p1a: Ting-Lu|Ting-Lu|25\/100 tox|[from] Volt Switch\n|-ability|p1a: Ting-Lu|Vessel of Ruin\n|move|p2a: Corviknight|Brave Bird|p1a: Ting-Lu\n|-damage|p1a: Ting-Lu|6\/100 tox\n|-damage|p2a: Corviknight|0 fnt|[from] Recoil\n|faint|p2a: Corviknight\n|\n|-heal|p1a: Ting-Lu|12\/100 tox|[from] item: Leftovers\n|-damage|p1a: Ting-Lu|6\/100 tox|[from] psn\n|upkeep\n|\n|t:|1700929800\n|switch|p2a: Ceruledge|Ceruledge, F, shiny|100\/100\n|turn|21\n|\n|t:|1700929811\n|switch|p1a: Zapdos|Zapdos|71\/100\n|move|p2a: Ceruledge|Bitter Blade|p1a: Zapdos\n|-damage|p1a: Zapdos|21\/100\n|\n|upkeep\n|turn|22\n|\n|t:|1700929818\n|move|p2a: Ceruledge|Bitter Blade|p1a: Zapdos\n|-damage|p1a: Zapdos|0 fnt\n|faint|p1a: Zapdos\n|\n|upkeep\n|\n|t:|1700929823\n|switch|p1a: Gholdengo|Gholdengo|100\/100\n|turn|23\n|\n|t:|1700929827\n|move|p1a: Gholdengo|Shadow Ball|p2a: Ceruledge\n|-supereffective|p2a: Ceruledge\n|-damage|p2a: Ceruledge|8\/100\n|move|p2a: Ceruledge|Bitter Blade|p1a: Gholdengo\n|-supereffective|p1a: Gholdengo\n|-damage|p1a: Gholdengo|1\/100\n|-heal|p2a: Ceruledge|62\/100|[from] drain|[of] p1a: Gholdengo\n|\n|upkeep\n|turn|24\n|\n|t:|1700929830\n|move|p2a: Ceruledge|Shadow Sneak|p1a: Gholdengo\n|-supereffective|p1a: Gholdengo\n|-damage|p1a: Gholdengo|0 fnt\n|faint|p1a: Gholdengo\n|\n|upkeep\n|\n|t:|1700929832\n|switch|p1a: Meowscarada|Meowscarada, F|72\/100\n|turn|25\n|l| skottles\n|\n|t:|1700929840\n|move|p2a: Ceruledge|Shadow Sneak|p1a: Meowscarada\n|-resisted|p1a: Meowscarada\n|-damage|p1a: Meowscarada|57\/100\n|move|p1a: Meowscarada|Knock Off|p2a: Ceruledge\n|-start|p1a: Meowscarada|typechange|Dark|[from] ability: Protean\n|-supereffective|p2a: Ceruledge\n|-damage|p2a: Ceruledge|0 fnt\n|-enditem|p2a: Ceruledge|Focus Sash|[from] move: Knock Off|[of] p1a: Meowscarada\n|faint|p2a: Ceruledge\n|\n|upkeep\n|\n|t:|1700929843\n|switch|p2a: Iron Moth|Iron Moth, shiny|100\/100\n|-enditem|p2a: Iron Moth|Booster Energy\n|-activate|p2a: Iron Moth|ability: Quark Drive|[fromitem]\n|-start|p2a: Iron Moth|quarkdrivespe\n|turn|26\n|\n|t:|1700929849\n|switch|p1a: Ting-Lu|Ting-Lu|6\/100 tox\n|-ability|p1a: Ting-Lu|Vessel of Ruin\n|move|p2a: Iron Moth|Substitute|p2a: Iron Moth\n|-start|p2a: Iron Moth|Substitute\n|-damage|p2a: Iron Moth|76\/100\n|\n|-heal|p1a: Ting-Lu|12\/100 tox|[from] item: Leftovers\n|-damage|p1a: Ting-Lu|6\/100 tox|[from] psn\n|upkeep\n|turn|27\n|\n|t:|1700929852\n|move|p2a: Iron Moth|Fiery Dance|p1a: Ting-Lu\n|-damage|p1a: Ting-Lu|0 fnt\n|-boost|p2a: Iron Moth|spa|1\n|faint|p1a: Ting-Lu\n|\n|upkeep\n|\n|t:|1700929856\n|switch|p1a: fair and balanced|Kingambit, M|100\/100\n|-activate|p1a: fair and balanced|ability: Supreme Overlord\n|-start|p1a: fair and balanced|fallen4|[silent]\n|turn|28\n|\n|t:|1700929859\n|-terastallize|p1a: fair and balanced|Poison\n|move|p1a: fair and balanced|Sucker Punch|p2a: Iron Moth\n|-end|p2a: Iron Moth|Substitute\n|move|p2a: Iron Moth|Fiery Dance|p1a: fair and balanced\n|-damage|p1a: fair and balanced|34\/100\n|-boost|p2a: Iron Moth|spa|1\n|\n|upkeep\n|turn|29\n|\n|t:|1700929867\n|move|p2a: Iron Moth|Substitute|p2a: Iron Moth\n|-start|p2a: Iron Moth|Substitute\n|-damage|p2a: Iron Moth|51\/100\n|move|p1a: fair and balanced|Iron Head|p2a: Iron Moth\n|-resisted|p2a: Iron Moth\n|-end|p2a: Iron Moth|Substitute\n|\n|upkeep\n|turn|30\n|c| xxdimixx|Ceruledge>Gholdego\n|c| xxdimixx|in 1 v 1\n|\n|t:|1700929880\n|move|p2a: Iron Moth|Substitute|p2a: Iron Moth\n|-start|p2a: Iron Moth|Substitute\n|-damage|p2a: Iron Moth|26\/100\n|move|p1a: fair and balanced|Iron Head|p2a: Iron Moth\n|-resisted|p2a: Iron Moth\n|-end|p2a: Iron Moth|Substitute\n|\n|upkeep\n|turn|31\n|\n|t:|1700929895\n|move|p1a: fair and balanced|Sucker Punch||[still]\n|-fail|p1a: fair and balanced\n|move|p2a: Iron Moth|Substitute|p2a: Iron Moth\n|-start|p2a: Iron Moth|Substitute\n|-damage|p2a: Iron Moth|1\/100\n|\n|upkeep\n|turn|32\n|\n|t:|1700929897\n|move|p2a: Iron Moth|Fiery Dance|p1a: fair and balanced\n|-damage|p1a: fair and balanced|0 fnt\n|faint|p1a: fair and balanced\n|-end|p1a: fair and balanced|fallen4|[silent]\n|\n|upkeep\n|\n|t:|1700929899\n|switch|p1a: Meowscarada|Meowscarada, F|57\/100\n|turn|33\n|\n|t:|1700929901\n|move|p1a: Meowscarada|Knock Off|p2a: Iron Moth\n|-start|p1a: Meowscarada|typechange|Dark|[from] ability: Protean\n|-end|p2a: Iron Moth|Substitute\n|move|p2a: Iron Moth|Fiery Dance|p1a: Meowscarada\n|-damage|p1a: Meowscarada|0 fnt\n|faint|p1a: Meowscarada\n|\n|win|TheNutmeg33\n|raw|Boc0aa's rating: 1648 &rarr; <strong>1629<\/strong><br \/>(-19 for losing)\n|raw|TheNutmeg33's rating: 1659 &rarr; <strong>1678<\/strong><br \/>(+19 for winning)\n|c| xxdimixx|i love sucker ounch wars\n|l|\u2606Boc0aa\n|c|\u2606TheNutmeg33|me too\n|c| xxdimixx|cuz u win lol\n|c|\u2606TheNutmeg33|i usually lose them\n","uploadtime":1700929923,"views":22,"p1id":"boc0aa","p2id":"thenutmeg33","formatid":"gen9ou","rating":1629,"private":0,"password":""}