{"id":"gen9ou-1992628171","p1":"poijhghj","p2":"draco9746","format":"[Gen 9] OU","log":"|j|\u2606poijhghj\n|j|\u2606draco9746\n|t:|1700217157\n|gametype|singles\n|player|p1|poijhghj|101|1107\n|player|p2|draco9746|cynthia|1142\n|teamsize|p1|6\n|teamsize|p2|6\n|gen|9\n|tier|[Gen 9] OU\n|rated|\n|rule|Sleep Clause Mod: Limit one foe put to sleep\n|rule|Species Clause: Limit one of each Pok\u00e9mon\n|rule|OHKO Clause: OHKO moves are banned\n|rule|Evasion Items Clause: Evasion items are banned\n|rule|Evasion Moves Clause: Evasion moves are banned\n|rule|Endless Battle Clause: Forcing endless battles is banned\n|rule|HP Percentage Mod: HP is shown in percentages\n|clearpoke\n|poke|p1|Ursaring, M|\n|poke|p1|Skeledirge, M|\n|poke|p1|Weezing-Galar, F|\n|poke|p1|Haxorus, M|\n|poke|p1|Samurott-Hisui, F|\n|poke|p1|Shaymin|\n|poke|p2|Hatterene, F|\n|poke|p2|Walking Wake|\n|poke|p2|Torkoal, M|\n|poke|p2|Kingambit, M|\n|poke|p2|Landorus-Therian, M|\n|poke|p2|Ogerpon-Wellspring, F|\n|teampreview\n|inactive|Battle timer is ON: inactive players will automatically lose when time's up. (requested by draco9746)\n|\n|t:|1700217167\n|start\n|switch|p1a: Samurott|Samurott-Hisui, F|100\/100\n|switch|p2a: Hatterene|Hatterene, F|100\/100\n|turn|1\n|\n|t:|1700217181\n|switch|p1a: Skeledirge|Skeledirge, M|100\/100\n|move|p2a: Hatterene|Draining Kiss|p1a: Skeledirge\n|-resisted|p1a: Skeledirge\n|-damage|p1a: Skeledirge|90\/100\n|\n|-heal|p1a: Skeledirge|96\/100|[from] item: Leftovers\n|upkeep\n|turn|2\n|\n|t:|1700217205\n|switch|p2a: Ogerpon|Ogerpon-Wellspring, F|100\/100\n|move|p1a: Skeledirge|Torch Song|p2a: Ogerpon\n|-damage|p2a: Ogerpon|68\/100\n|-boost|p1a: Skeledirge|spa|1\n|\n|-heal|p1a: Skeledirge|100\/100|[from] item: Leftovers\n|upkeep\n|turn|3\n|\n|t:|1700217214\n|switch|p1a: Weezing|Weezing-Galar, F|100\/100\n|move|p2a: Ogerpon|Ivy Cudgel|p1a: Weezing|[anim] Ivy Cudgel Water\n|-crit|p1a: Weezing\n|-damage|p1a: Weezing|45\/100\n|\n|-heal|p1a: Weezing|50\/100|[from] item: Leftovers\n|upkeep\n|turn|4\n|\n|t:|1700217225\n|move|p2a: Ogerpon|Taunt|p1a: Weezing\n|-start|p1a: Weezing|move: Taunt\n|cant|p1a: Weezing|move: Taunt|Pain Split\n|\n|-heal|p1a: Weezing|56\/100|[from] item: Leftovers\n|upkeep\n|turn|5\n|\n|t:|1700217231\n|move|p2a: Ogerpon|Ivy Cudgel|p1a: Weezing|[anim] Ivy Cudgel Water\n|-damage|p1a: Weezing|17\/100\n|move|p1a: Weezing|Strange Steam|p2a: Ogerpon\n|-damage|p2a: Ogerpon|35\/100\n|-start|p2a: Ogerpon|confusion\n|\n|-heal|p1a: Weezing|23\/100|[from] item: Leftovers\n|upkeep\n|turn|6\n|\n|t:|1700217240\n|switch|p1a: Shaymin|Shaymin|100\/100\n|-activate|p2a: Ogerpon|confusion\n|move|p2a: Ogerpon|Ivy Cudgel|p1a: Shaymin|[anim] Ivy Cudgel Water\n|-resisted|p1a: Shaymin\n|-damage|p1a: Shaymin|70\/100\n|\n|upkeep\n|turn|7\n|\n|t:|1700217251\n|-end|p2a: Ogerpon|confusion\n|move|p2a: Ogerpon|U-turn|p1a: Shaymin\n|-supereffective|p1a: Shaymin\n|-damage|p1a: Shaymin|19\/100\n|\n|t:|1700217257\n|switch|p2a: Torkoal|Torkoal, M, shiny|100\/100|[from] U-turn\n|-weather|SunnyDay|[from] ability: Drought|[of] p2a: Torkoal\n|move|p1a: Shaymin|Seed Flare|p2a: Torkoal\n|-resisted|p2a: Torkoal\n|-damage|p2a: Torkoal|65\/100\n|\n|-weather|SunnyDay|[upkeep]\n|upkeep\n|turn|8\n|\n|t:|1700217270\n|move|p1a: Shaymin|Earth Power|p2a: Torkoal\n|-supereffective|p2a: Torkoal\n|-damage|p2a: Torkoal|0 fnt\n|faint|p2a: Torkoal\n|\n|-weather|SunnyDay|[upkeep]\n|upkeep\n|\n|t:|1700217275\n|switch|p2a: Walking Wake|Walking Wake|100\/100\n|-activate|p2a: Walking Wake|ability: Protosynthesis\n|-start|p2a: Walking Wake|protosynthesisspe\n|turn|9\n|inactive|poijhghj has 120 seconds left.\n|\n|t:|1700217319\n|move|p2a: Walking Wake|Hydro Steam|p1a: Shaymin\n|-resisted|p1a: Shaymin\n|-damage|p1a: Shaymin|0 fnt\n|faint|p1a: Shaymin\n|\n|-weather|SunnyDay|[upkeep]\n|upkeep\n|\n|t:|1700217331\n|switch|p1a: Haxorus|Haxorus, M|100\/100\n|-ability|p1a: Haxorus|Mold Breaker\n|turn|10\n|\n|t:|1700217347\n|-end|p2a: Walking Wake|Protosynthesis|[silent]\n|switch|p2a: Landorus|Landorus-Therian, M, shiny|100\/100\n|-ability|p2a: Landorus|Intimidate|boost\n|-unboost|p1a: Haxorus|atk|1\n|move|p1a: Haxorus|Dragon Dance|p1a: Haxorus\n|-boost|p1a: Haxorus|atk|1\n|-boost|p1a: Haxorus|spe|1\n|\n|-weather|SunnyDay|[upkeep]\n|upkeep\n|turn|11\n|\n|t:|1700217360\n|move|p1a: Haxorus|Dragon Dance|p1a: Haxorus\n|-boost|p1a: Haxorus|atk|1\n|-boost|p1a: Haxorus|spe|1\n|move|p2a: Landorus|Earthquake|p1a: Haxorus\n|-damage|p1a: Haxorus|32\/100\n|\n|-weather|SunnyDay|[upkeep]\n|upkeep\n|turn|12\n|\n|t:|1700217366\n|move|p1a: Haxorus|Scale Shot|p2a: Landorus|[miss]\n|-miss|p1a: Haxorus|p2a: Landorus\n|move|p2a: Landorus|Earthquake|p1a: Haxorus\n|-damage|p1a: Haxorus|0 fnt\n|faint|p1a: Haxorus\n|\n|-weather|SunnyDay|[upkeep]\n|upkeep\n|-message|poijhghj forfeited.\n|\n|win|draco9746\n|raw|poijhghj's rating: 1107 &rarr; <strong>1085<\/strong><br \/>(-22 for losing)\n|raw|draco9746's rating: 1142 &rarr; <strong>1164<\/strong><br \/>(+22 for winning)\n|l|\u2606poijhghj\n","uploadtime":1700217375,"views":10,"p1id":"poijhghj","p2id":"draco9746","formatid":"gen9ou","rating":1085,"private":0,"password":""}