{"id":"gen9ou-1991409175","p1":"SpooningManatee","p2":"chewycompa","format":"[Gen 9] OU","log":"|j|\u2606SpooningManatee\n|j|\u2606chewycompa\n|t:|1700074670\n|gametype|singles\n|player|p1|SpooningManatee|265|1053\n|player|p2|chewycompa|169|1000\n|teamsize|p1|6\n|teamsize|p2|6\n|gen|9\n|tier|[Gen 9] OU\n|rated|\n|rule|Sleep Clause Mod: Limit one foe put to sleep\n|rule|Species Clause: Limit one of each Pok\u00e9mon\n|rule|OHKO Clause: OHKO moves are banned\n|rule|Evasion Items Clause: Evasion items are banned\n|rule|Evasion Moves Clause: Evasion moves are banned\n|rule|Endless Battle Clause: Forcing endless battles is banned\n|rule|HP Percentage Mod: HP is shown in percentages\n|clearpoke\n|poke|p1|Murkrow, F|\n|poke|p1|Shiftry, M|\n|poke|p1|Rillaboom, F|\n|poke|p1|Manaphy|\n|poke|p1|Magnezone|\n|poke|p1|Moltres|\n|poke|p2|Arbok, M|\n|poke|p2|Noctowl, M|\n|poke|p2|Coalossal, M|\n|poke|p2|Dusknoir, M|\n|poke|p2|Ariados, M|\n|poke|p2|Eelektross, M|\n|teampreview\n|\n|t:|1700074686\n|start\n|switch|p1a: the crow|Murkrow, F|100\/100\n|switch|p2a: Ariados|Ariados, M, shiny|100\/100\n|turn|1\n|c|\u2606chewycompa|bruh\n|c|\u2606SpooningManatee|hello\n|c|\u2606chewycompa|a murkrow\n|c|\u2606chewycompa|im interested\n|\n|t:|1700074714\n|move|p1a: the crow|Taunt|p2a: Ariados\n|-start|p2a: Ariados|move: Taunt\n|cant|p2a: Ariados|move: Taunt|Sticky Web\n|\n|upkeep\n|turn|2\n|c|\u2606SpooningManatee|nice noctowl ariados\n|c|\u2606chewycompa|NOOOOOOOOOOOOOOOOOoo\n|c|\u2606SpooningManatee|lmao\n|c|\u2606chewycompa|I KNEW IT\n|\n|t:|1700074731\n|move|p1a: the crow|Tailwind|p1a: the crow\n|-sidestart|p1: SpooningManatee|move: Tailwind\n|move|p2a: Ariados|Megahorn|p1a: the crow|[miss]\n|-miss|p2a: Ariados|p1a: the crow\n|\n|upkeep\n|turn|3\n|c|\u2606chewycompa|BRO WHAT IS THTAT\n|c|\u2606chewycompa|WAHT IS TAIL WID\n|\n|t:|1700074753\n|switch|p2a: Eelektross|Eelektross, M, shiny|100\/100\n|move|p1a: the crow|U-turn|p2a: Eelektross\n|-damage|p2a: Eelektross|84\/100\n|\n|t:|1700074771\n|switch|p1a: the monke|Rillaboom, F|100\/100|[from] U-turn\n|-fieldstart|move: Grassy Terrain|[from] ability: Grassy Surge|[of] p1a: the monke\n|\n|upkeep\n|turn|4\n|c|\u2606SpooningManatee|increases my sides speed\n|\n|t:|1700074799\n|move|p1a: the monke|Knock Off|p2a: Eelektross\n|-damage|p2a: Eelektross|47\/100\n|-enditem|p2a: Eelektross|Damp Rock|[from] move: Knock Off|[of] p1a: the monke\n|move|p2a: Eelektross|Rain Dance|p2a: Eelektross\n|-weather|RainDance\n|\n|-weather|RainDance|[upkeep]\n|upkeep\n|turn|5\n|\n|t:|1700074814\n|switch|p2a: Coalossal|Coalossal, M, shiny|100\/100\n|move|p1a: the monke|Drum Beating|p2a: Coalossal\n|-damage|p2a: Coalossal|64\/100\n|-unboost|p2a: Coalossal|spe|1\n|\n|-weather|RainDance|[upkeep]\n|-heal|p2a: Coalossal|70\/100|[from] Grassy Terrain\n|-sideend|p1: SpooningManatee|move: Tailwind\n|upkeep\n|turn|6\n|\n|t:|1700074833\n|move|p1a: the monke|U-turn|p2a: Coalossal\n|-resisted|p2a: Coalossal\n|-damage|p2a: Coalossal|61\/100\n|\n|t:|1700074844\n|switch|p1a: the birb|Moltres|100\/100|[from] U-turn\n|-ability|p1a: the birb|Pressure\n|move|p2a: Coalossal|Flamethrower|p1a: the birb\n|-resisted|p1a: the birb\n|-damage|p1a: the birb|92\/100\n|\n|-weather|RainDance|[upkeep]\n|-heal|p2a: Coalossal|67\/100|[from] Grassy Terrain\n|upkeep\n|turn|7\n|\n|t:|1700074861\n|-terastallize|p2a: Coalossal|Water\n|move|p1a: the birb|Tailwind|p1a: the birb\n|-sidestart|p1: SpooningManatee|move: Tailwind\n|move|p2a: Coalossal|Tera Blast|p1a: the birb|[anim] Tera Blast Water\n|-supereffective|p1a: the birb\n|-damage|p1a: the birb|0 fnt\n|faint|p1a: the birb\n|\n|-weather|RainDance|[upkeep]\n|-heal|p2a: Coalossal|73\/100|[from] Grassy Terrain\n|upkeep\n|\n|t:|1700074872\n|switch|p1a: the tree|Shiftry, M|100\/100\n|-ability|p1a: the tree|Wind Rider|boost\n|-boost|p1a: the tree|atk|1\n|turn|8\n|\n|t:|1700074879\n|move|p1a: the tree|Leaf Blade|p2a: Coalossal\n|-supereffective|p2a: Coalossal\n|-damage|p2a: Coalossal|0 fnt\n|faint|p2a: Coalossal\n|\n|-weather|none\n|upkeep\n|\n|t:|1700074890\n|switch|p2a: starboks|Arbok, M, shiny|100\/100\n|-ability|p2a: starboks|Intimidate|boost\n|-unboost|p1a: the tree|atk|1\n|turn|9\n|\n|t:|1700074919\n|switch|p1a: the mag|Magnezone|100\/100\n|move|p2a: starboks|Coil|p2a: starboks\n|-boost|p2a: starboks|atk|1\n|-boost|p2a: starboks|def|1\n|-boost|p2a: starboks|accuracy|1\n|\n|upkeep\n|turn|10\n|\n|t:|1700074942\n|move|p1a: the mag|Steel Beam|p2a: starboks\n|-damage|p2a: starboks|0 fnt\n|-damage|p1a: the mag|50\/100|[from] steelbeam\n|faint|p2a: starboks\n|\n|-heal|p1a: the mag|56\/100|[from] Grassy Terrain\n|-sideend|p1: SpooningManatee|move: Tailwind\n|-fieldend|move: Grassy Terrain\n|upkeep\n|\n|t:|1700074955\n|switch|p2a: Noctowl|Noctowl, M, shiny|100\/100\n|turn|11\n|c|\u2606chewycompa|bro why\n|c|\u2606chewycompa|thats so op\n|c|\u2606chewycompa|im ffing\n|c|\u2606SpooningManatee|it's 90% accurate\n|-message|chewycompa forfeited.\n|\n|win|SpooningManatee\n|raw|SpooningManatee's rating: 1053 &rarr; <strong>1080<\/strong><br \/>(+27 for winning)\n|raw|chewycompa's rating: 1000 &rarr; <strong>1000<\/strong><br \/>(+0 for losing)\n|l|\u2606chewycompa\n|c|\u2606SpooningManatee|gg\n","uploadtime":1700074988,"views":12,"p1id":"spooningmanatee","p2id":"chewycompa","formatid":"gen9ou","rating":1000,"private":0,"password":""}