{"id":"gen9ou-1991755796","p1":"Wavydavie","p2":"Zapsuki","format":"[Gen 9] OU","log":"|j|\u2606Wavydavie\n|j|\u2606Zapsuki\n|t:|1700111748\n|gametype|singles\n|player|p1|Wavydavie|2|1730\n|player|p2|Zapsuki|serena-masters2|1699\n|teamsize|p1|6\n|teamsize|p2|6\n|gen|9\n|tier|[Gen 9] OU\n|rated|\n|rule|Sleep Clause Mod: Limit one foe put to sleep\n|rule|Species Clause: Limit one of each Pok\u00e9mon\n|rule|OHKO Clause: OHKO moves are banned\n|rule|Evasion Items Clause: Evasion items are banned\n|rule|Evasion Moves Clause: Evasion moves are banned\n|rule|Endless Battle Clause: Forcing endless battles is banned\n|rule|HP Percentage Mod: HP is shown in percentages\n|clearpoke\n|poke|p1|Zapdos|\n|poke|p1|Clefable, F|\n|poke|p1|Slowking-Galar, F|\n|poke|p1|Ting-Lu|\n|poke|p1|Kingambit, M|\n|poke|p1|Dragapult, M|\n|poke|p2|Dragonite, F|\n|poke|p2|Garchomp, M|\n|poke|p2|Kommo-o, F|\n|poke|p2|Dragapult, M|\n|poke|p2|Tinkaton, F|\n|poke|p2|Walking Wake|\n|teampreview\n|inactive|Battle timer is ON: inactive players will automatically lose when time's up. (requested by Zapsuki)\n|j| Natty9\n|j| Roshino\n|\n|t:|1700111759\n|start\n|switch|p1a: Zapdos|Zapdos|100\/100\n|switch|p2a: Garchomp|Garchomp, M|100\/100\n|turn|1\n|\n|t:|1700111774\n|move|p2a: Garchomp|Spikes|p1a: Zapdos\n|-sidestart|p1: Wavydavie|Spikes\n|move|p1a: Zapdos|Hurricane|p2a: Garchomp\n|-damage|p2a: Garchomp|56\/100\n|\n|upkeep\n|turn|2\n|\n|t:|1700111781\n|move|p2a: Garchomp|Stealth Rock|p1a: Zapdos\n|-sidestart|p1: Wavydavie|move: Stealth Rock\n|move|p1a: Zapdos|Hurricane|p2a: Garchomp|[miss]\n|-miss|p1a: Zapdos|p2a: Garchomp\n|\n|upkeep\n|turn|3\n|\n|t:|1700111791\n|switch|p2a: Tinkaton|Tinkaton, F, shiny|100\/100\n|-ability|p2a: Tinkaton|Mold Breaker\n|move|p1a: Zapdos|Hurricane|p2a: Tinkaton\n|-resisted|p2a: Tinkaton\n|-damage|p2a: Tinkaton|86\/100\n|-start|p2a: Tinkaton|confusion\n|\n|-heal|p2a: Tinkaton|92\/100|[from] item: Leftovers\n|upkeep\n|turn|4\n|\n|t:|1700111794\n|move|p1a: Zapdos|Heat Wave|p2a: Tinkaton\n|-supereffective|p2a: Tinkaton\n|-damage|p2a: Tinkaton|60\/100\n|-activate|p2a: Tinkaton|confusion\n|-damage|p2a: Tinkaton|51\/100|[from] confusion\n|\n|-heal|p2a: Tinkaton|57\/100|[from] item: Leftovers\n|upkeep\n|turn|5\n|\n|t:|1700111800\n|move|p1a: Zapdos|Discharge|p2a: Tinkaton\n|-damage|p2a: Tinkaton|38\/100\n|-activate|p2a: Tinkaton|confusion\n|move|p2a: Tinkaton|Knock Off|p1a: Zapdos\n|-damage|p1a: Zapdos|88\/100\n|-status|p2a: Tinkaton|par|[from] ability: Static|[of] p1a: Zapdos\n|-enditem|p1a: Zapdos|Heavy-Duty Boots|[from] move: Knock Off|[of] p2a: Tinkaton\n|\n|-heal|p2a: Tinkaton|44\/100 par|[from] item: Leftovers\n|upkeep\n|turn|6\n|j| youngkd354life\n|\n|t:|1700111824\n|switch|p2a: Garchomp|Garchomp, M|56\/100\n|move|p1a: Zapdos|Hurricane|p2a: Garchomp\n|-damage|p2a: Garchomp|11\/100\n|\n|upkeep\n|turn|7\n|\n|t:|1700111829\n|move|p2a: Garchomp|Spikes|p1a: Zapdos\n|-sidestart|p1: Wavydavie|Spikes\n|move|p1a: Zapdos|Hurricane|p2a: Garchomp\n|-damage|p2a: Garchomp|0 fnt\n|faint|p2a: Garchomp\n|\n|upkeep\n|\n|t:|1700111849\n|switch|p2a: Walking Wake|Walking Wake|100\/100\n|turn|8\n|\n|t:|1700111853\n|switch|p1a: Slowking|Slowking-Galar, F|100\/100\n|move|p2a: Walking Wake|Draco Meteor|p1a: Slowking\n|-damage|p1a: Slowking|59\/100\n|-unboost|p2a: Walking Wake|spa|2\n|-enditem|p2a: Walking Wake|Eject Pack\n|inactive|Zapsuki has 120 seconds left.\n|j| ohugyft\n|\n|t:|1700111888\n|-end|p2a: Walking Wake|Protosynthesis|[silent]\n|switch|p2a: Tinkaton|Tinkaton, F, shiny|44\/100 par\n|-ability|p2a: Tinkaton|Mold Breaker\n|\n|-heal|p2a: Tinkaton|50\/100 par|[from] item: Leftovers\n|upkeep\n|turn|9\n|\n|t:|1700111895\n|switch|p1a: Clefable|Clefable, F|100\/100\n|cant|p2a: Tinkaton|par\n|\n|-heal|p2a: Tinkaton|56\/100 par|[from] item: Leftovers\n|upkeep\n|turn|10\n|inactive|Zapsuki has 120 seconds left.\n|\n|t:|1700111907\n|move|p1a: Clefable|Stealth Rock|p2a: Tinkaton\n|-sidestart|p2: Zapsuki|move: Stealth Rock\n|cant|p2a: Tinkaton|par\n|\n|-heal|p2a: Tinkaton|63\/100 par|[from] item: Leftovers\n|upkeep\n|turn|11\n|\n|t:|1700111912\n|switch|p1a: Zapdos|Zapdos|88\/100\n|-damage|p1a: Zapdos|63\/100|[from] Stealth Rock\n|cant|p2a: Tinkaton|par\n|\n|-heal|p2a: Tinkaton|69\/100 par|[from] item: Leftovers\n|upkeep\n|turn|12\n|\n|t:|1700111921\n|switch|p2a: Walking Wake|Walking Wake|100\/100\n|-damage|p2a: Walking Wake|88\/100|[from] Stealth Rock\n|move|p1a: Zapdos|Roost|p1a: Zapdos\n|-heal|p1a: Zapdos|100\/100\n|-singleturn|p1a: Zapdos|move: Roost\n|\n|upkeep\n|turn|13\n|\n|t:|1700111924\n|switch|p1a: Slowking|Slowking-Galar, F|92\/100\n|move|p2a: Walking Wake|Scald|p1a: Slowking\n|-damage|p1a: Slowking|69\/100\n|\n|upkeep\n|turn|14\n|\n|t:|1700111931\n|-end|p2a: Walking Wake|Protosynthesis|[silent]\n|switch|p2a: Tinkaton|Tinkaton, F, shiny|69\/100 par\n|-damage|p2a: Tinkaton|63\/100 par|[from] Stealth Rock\n|-ability|p2a: Tinkaton|Mold Breaker\n|move|p1a: Slowking|Future Sight|p2a: Tinkaton\n|-start|p1a: Slowking|move: Future Sight\n|\n|-heal|p2a: Tinkaton|69\/100 par|[from] item: Leftovers\n|upkeep\n|turn|15\n|\n|t:|1700111938\n|switch|p2a: Walking Wake|Walking Wake|88\/100\n|-damage|p2a: Walking Wake|76\/100|[from] Stealth Rock\n|switch|p1a: Zapdos|Zapdos|100\/100\n|-damage|p1a: Zapdos|75\/100|[from] Stealth Rock\n|\n|upkeep\n|turn|16\n|\n|t:|1700111942\n|switch|p1a: Slowking|Slowking-Galar, F|100\/100\n|move|p2a: Walking Wake|Scald|p1a: Slowking\n|-damage|p1a: Slowking|75\/100\n|\n|-end|p2a: Walking Wake|move: Future Sight\n|-damage|p2a: Walking Wake|23\/100\n|upkeep\n|turn|17\n|\n|t:|1700111946\n|-end|p2a: Walking Wake|Protosynthesis|[silent]\n|switch|p2a: Tinkaton|Tinkaton, F, shiny|69\/100 par\n|-damage|p2a: Tinkaton|63\/100 par|[from] Stealth Rock\n|-ability|p2a: Tinkaton|Mold Breaker\n|move|p1a: Slowking|Future Sight|p2a: Tinkaton\n|-start|p1a: Slowking|move: Future Sight\n|\n|-heal|p2a: Tinkaton|69\/100 par|[from] item: Leftovers\n|upkeep\n|turn|18\n|\n|t:|1700111952\n|switch|p2a: Dragapult|Dragapult, M|100\/100\n|switch|p1a: Zapdos|Zapdos|75\/100\n|-damage|p1a: Zapdos|50\/100|[from] Stealth Rock\n|\n|upkeep\n|turn|19\n|\n|t:|1700111955\n|switch|p1a: Slowking|Slowking-Galar, F|100\/100\n|move|p2a: Dragapult|Dragon Darts|p1a: Slowking\n|-damage|p1a: Slowking|80\/100\n|-anim|p2a: Dragapult|Dragon Darts|p1a: Slowking\n|-damage|p1a: Slowking|59\/100\n|\n|-end|p2a: Dragapult|move: Future Sight\n|-damage|p2a: Dragapult|34\/100\n|upkeep\n|turn|20\n|j| token leafeon\n|\n|t:|1700111971\n|move|p2a: Dragapult|Dragon Darts|p1a: Slowking\n|-damage|p1a: Slowking|37\/100\n|-anim|p2a: Dragapult|Dragon Darts|p1a: Slowking\n|-damage|p1a: Slowking|14\/100\n|move|p1a: Slowking|Chilly Reception|p1a: Slowking\n|-weather|Snow\n|\n|t:|1700111978\n|switch|p1a: Clefable|Clefable, F|100\/100|[from] Chilly Reception\n|\n|-weather|Snow|[upkeep]\n|upkeep\n|turn|21\n|\n|t:|1700111986\n|switch|p2a: Tinkaton|Tinkaton, F, shiny|69\/100 par\n|-damage|p2a: Tinkaton|63\/100 par|[from] Stealth Rock\n|-ability|p2a: Tinkaton|Mold Breaker\n|move|p1a: Clefable|Knock Off|p2a: Tinkaton\n|-resisted|p2a: Tinkaton\n|-damage|p2a: Tinkaton|53\/100 par\n|-enditem|p2a: Tinkaton|Leftovers|[from] move: Knock Off|[of] p1a: Clefable\n|\n|-weather|Snow|[upkeep]\n|upkeep\n|turn|22\n|\n|t:|1700111990\n|switch|p1a: Zapdos|Zapdos|50\/100\n|-damage|p1a: Zapdos|25\/100|[from] Stealth Rock\n|move|p2a: Tinkaton|Knock Off|p1a: Zapdos\n|-damage|p1a: Zapdos|17\/100\n|\n|-weather|Snow|[upkeep]\n|upkeep\n|turn|23\n|\n|t:|1700111993\n|move|p1a: Zapdos|Roost|p1a: Zapdos\n|-heal|p1a: Zapdos|67\/100\n|-singleturn|p1a: Zapdos|move: Roost\n|move|p2a: Tinkaton|Gigaton Hammer|p1a: Zapdos\n|-resisted|p1a: Zapdos\n|-crit|p1a: Zapdos\n|-damage|p1a: Zapdos|45\/100\n|\n|-weather|Snow|[upkeep]\n|upkeep\n|turn|24\n|\n|t:|1700111995\n|switch|p2a: Walking Wake|Walking Wake|23\/100\n|-damage|p2a: Walking Wake|11\/100|[from] Stealth Rock\n|move|p1a: Zapdos|Roost|p1a: Zapdos\n|-heal|p1a: Zapdos|95\/100\n|-singleturn|p1a: Zapdos|move: Roost\n|\n|-weather|none\n|upkeep\n|turn|25\n|-message|Zapsuki forfeited.\n|\n|win|Wavydavie\n|raw|Wavydavie's rating: 1730 &rarr; <strong>1748<\/strong><br \/>(+18 for winning)\n|raw|Zapsuki's rating: 1699 &rarr; <strong>1681<\/strong><br \/>(-18 for losing)\n|l|\u2606Zapsuki\n|l|\u2606Wavydavie\n|l| youngkd354life\n|l| Roshino\n","uploadtime":1700112304,"views":13,"p1id":"wavydavie","p2id":"zapsuki","formatid":"gen9ou","rating":1681,"private":0,"password":""}