{"id":"gen9ou-1994343086","p1":"Not Hell","p2":"Prince Smurf","format":"[Gen 9] OU","log":"|j|\u2606Not Hell\n|j|\u2606Prince Smurf\n|t:|1700433188\n|gametype|singles\n|player|p1|Not Hell|flint|\n|player|p2|Prince Smurf|hop-masters|\n|teamsize|p1|6\n|teamsize|p2|6\n|gen|9\n|tier|[Gen 9] OU\n|rule|Sleep Clause Mod: Limit one foe put to sleep\n|rule|Species Clause: Limit one of each Pok\u00e9mon\n|rule|OHKO Clause: OHKO moves are banned\n|rule|Evasion Items Clause: Evasion items are banned\n|rule|Evasion Moves Clause: Evasion moves are banned\n|rule|Endless Battle Clause: Forcing endless battles is banned\n|rule|HP Percentage Mod: HP is shown in percentages\n|clearpoke\n|poke|p1|Corviknight, M|\n|poke|p1|Landorus-Therian, M|\n|poke|p1|Quagsire, M|\n|poke|p1|Ceruledge, M|\n|poke|p1|Slaking, F|\n|poke|p1|Noivern, M|\n|poke|p2|Pincurchin, F|\n|poke|p2|Garganacl, M|\n|poke|p2|Ninetales-Alola, F|\n|poke|p2|Gastrodon-East, F|\n|poke|p2|Raichu-Alola, F|\n|poke|p2|Cresselia, F|\n|teampreview\n|c|\u2606Not Hell|gl hfff\n|c|\u2606Prince Smurf|you too\n|\n|t:|1700433241\n|start\n|switch|p1a: Noivern|Noivern, M|100\/100\n|switch|p2a: Ninetales|Ninetales-Alola, F|100\/100\n|-weather|Snow|[from] ability: Snow Warning|[of] p2a: Ninetales\n|turn|1\n|\n|t:|1700433318\n|switch|p2a: Gastrodon|Gastrodon-East, F|100\/100\n|move|p1a: Noivern|U-turn|p2a: Gastrodon\n|-damage|p2a: Gastrodon|89\/100\n|\n|t:|1700433339\n|switch|p1a: Slaking|Slaking, F|100\/100|[from] U-turn\n|\n|-weather|Snow|[upkeep]\n|-heal|p2a: Gastrodon|95\/100|[from] item: Leftovers\n|upkeep\n|turn|2\n|j| Horrific17\n|c|\u2606Prince Smurf|o\n|c|\u2606Prince Smurf|i'm not a fan tbh\n|\n|t:|1700433366\n|switch|p2a: Ninetales|Ninetales-Alola, F|100\/100\n|move|p1a: Slaking|Giga Impact|p2a: Ninetales\n|-damage|p2a: Ninetales|0 fnt\n|-mustrecharge|p1a: Slaking\n|faint|p2a: Ninetales\n|\n|-weather|Snow|[upkeep]\n|upkeep\n|\n|t:|1700433377\n|switch|p2a: Garganacl|Garganacl, M|100\/100\n|turn|3\n|\n|t:|1700433380\n|cant|p1a: Slaking|recharge\n|move|p2a: Garganacl|Iron Defense|p2a: Garganacl\n|-boost|p2a: Garganacl|def|2\n|\n|-weather|Snow|[upkeep]\n|upkeep\n|turn|4\n|\n|t:|1700433386\n|switch|p1a: Quagsire|Quagsire, M|100\/100\n|move|p2a: Garganacl|Iron Defense|p2a: Garganacl\n|-boost|p2a: Garganacl|def|2\n|\n|-weather|Snow|[upkeep]\n|upkeep\n|turn|5\n|\n|t:|1700433392\n|move|p1a: Quagsire|Acid Spray|p2a: Garganacl\n|-resisted|p2a: Garganacl\n|-damage|p2a: Garganacl|99\/100\n|-unboost|p2a: Garganacl|spd|2\n|move|p2a: Garganacl|Salt Cure|p1a: Quagsire\n|-resisted|p1a: Quagsire\n|-damage|p1a: Quagsire|95\/100\n|\n|-weather|none\n|-heal|p2a: Garganacl|100\/100|[from] item: Leftovers\n|upkeep\n|turn|6\n|c|\u2606Prince Smurf|oh fuck you\n|c|\u2606Not Hell|Covert cloak babyyy\n|\n|t:|1700433433\n|switch|p2a: Gastrodon|Gastrodon-East, F|95\/100\n|move|p1a: Quagsire|Toxic|p2a: Gastrodon|[miss]\n|-miss|p1a: Quagsire|p2a: Gastrodon\n|\n|-heal|p2a: Gastrodon|100\/100|[from] item: Leftovers\n|upkeep\n|turn|7\n|\n|t:|1700433476\n|switch|p1a: Noivern|Noivern, M|100\/100\n|move|p2a: Gastrodon|Stealth Rock|p1a: Noivern\n|-sidestart|p1: Not Hell|move: Stealth Rock\n|\n|upkeep\n|turn|8\n|\n|t:|1700433488\n|switch|p2a: Garganacl|Garganacl, M|100\/100\n|move|p1a: Noivern|U-turn|p2a: Garganacl\n|-damage|p2a: Garganacl|93\/100\n|\n|t:|1700433490\n|switch|p1a: Corviknight|Corviknight, M|100\/100|[from] U-turn\n|-damage|p1a: Corviknight|88\/100|[from] Stealth Rock\n|-ability|p1a: Corviknight|Pressure\n|\n|-heal|p2a: Garganacl|99\/100|[from] item: Leftovers\n|upkeep\n|turn|9\n|\n|t:|1700433495\n|move|p1a: Corviknight|Defog|p2a: Garganacl\n|-unboost|p2a: Garganacl|evasion|1\n|-sideend|p1: Not Hell|Stealth Rock|[from] move: Defog|[of] p1a: Corviknight\n|move|p2a: Garganacl|Salt Cure|p1a: Corviknight\n|-damage|p1a: Corviknight|80\/100\n|-start|p1a: Corviknight|Salt Cure\n|\n|-heal|p2a: Garganacl|100\/100|[from] item: Leftovers\n|-damage|p1a: Corviknight|55\/100|[from] Salt Cure\n|upkeep\n|turn|10\n|\n|t:|1700433504\n|switch|p2a: Pincurchin|Pincurchin, F|100\/100\n|-fieldstart|move: Electric Terrain|[from] ability: Electric Surge|[of] p2a: Pincurchin\n|move|p1a: Corviknight|U-turn|p2a: Pincurchin\n|-damage|p2a: Pincurchin|88\/100\n|\n|t:|1700433507\n|switch|p1a: Landorus|Landorus-Therian, M|100\/100|[from] U-turn\n|-ability|p1a: Landorus|Intimidate|boost\n|-unboost|p2a: Pincurchin|atk|1\n|\n|upkeep\n|turn|11\n|\n|t:|1700433519\n|switch|p2a: Cresselia|Cresselia, F|100\/100\n|move|p1a: Landorus|U-turn|p2a: Cresselia\n|-supereffective|p2a: Cresselia\n|-damage|p2a: Cresselia|66\/100\n|\n|t:|1700433525\n|switch|p1a: Slaking|Slaking, F|100\/100|[from] U-turn\n|\n|upkeep\n|turn|12\n|\n|t:|1700433540\n|switch|p2a: Garganacl|Garganacl, M|100\/100\n|move|p1a: Slaking|Earthquake|p2a: Garganacl\n|-supereffective|p2a: Garganacl\n|-damage|p2a: Garganacl|14\/100\n|\n|-heal|p2a: Garganacl|21\/100|[from] item: Leftovers\n|upkeep\n|turn|13\n|\n|t:|1700433554\n|switch|p1a: Landorus|Landorus-Therian, M|100\/100\n|-ability|p1a: Landorus|Intimidate|boost\n|-unboost|p2a: Garganacl|atk|1\n|move|p2a: Garganacl|Recover|p2a: Garganacl\n|-heal|p2a: Garganacl|71\/100\n|\n|-heal|p2a: Garganacl|77\/100|[from] item: Leftovers\n|upkeep\n|turn|14\n|j| overkill red\n|\n|t:|1700433585\n|move|p1a: Landorus|U-turn|p2a: Garganacl\n|-damage|p2a: Garganacl|63\/100\n|\n|t:|1700433590\n|switch|p1a: Quagsire|Quagsire, M|95\/100|[from] U-turn\n|move|p2a: Garganacl|Recover|p2a: Garganacl\n|-heal|p2a: Garganacl|100\/100\n|\n|upkeep\n|turn|15\n|\n|t:|1700433599\n|switch|p2a: Gastrodon|Gastrodon-East, F|100\/100\n|move|p1a: Quagsire|Acid Spray|p2a: Gastrodon\n|-resisted|p2a: Gastrodon\n|-damage|p2a: Gastrodon|98\/100\n|-unboost|p2a: Gastrodon|spd|2\n|\n|-heal|p2a: Gastrodon|100\/100|[from] item: Leftovers\n|upkeep\n|turn|16\n|\n|t:|1700433623\n|switch|p1a: Corviknight|Corviknight, M|55\/100\n|-ability|p1a: Corviknight|Pressure\n|move|p2a: Gastrodon|Stealth Rock|p1a: Corviknight\n|-sidestart|p1: Not Hell|move: Stealth Rock\n|\n|upkeep\n|turn|17\n|\n|t:|1700433628\n|switch|p2a: Pincurchin|Pincurchin, F|88\/100\n|move|p1a: Corviknight|Defog|p2a: Pincurchin\n|-unboost|p2a: Pincurchin|evasion|1\n|-sideend|p1: Not Hell|Stealth Rock|[from] move: Defog|[of] p1a: Corviknight\n|-fieldend|move: Electric Terrain\n|\n|upkeep\n|turn|18\n|\n|t:|1700433633\n|move|p1a: Corviknight|U-turn|p2a: Pincurchin\n|-damage|p2a: Pincurchin|75\/100\n|\n|t:|1700433637\n|switch|p1a: Slaking|Slaking, F|100\/100|[from] U-turn\n|move|p2a: Pincurchin|Spikes|p1a: Slaking\n|-sidestart|p1: Not Hell|Spikes\n|\n|upkeep\n|turn|19\n|\n|t:|1700433650\n|switch|p2a: Garganacl|Garganacl, M|100\/100\n|move|p1a: Slaking|Knock Off|p2a: Garganacl\n|-damage|p2a: Garganacl|62\/100\n|-enditem|p2a: Garganacl|Leftovers|[from] move: Knock Off|[of] p1a: Slaking\n|\n|upkeep\n|turn|20\n|\n|t:|1700433666\n|switch|p1a: Landorus|Landorus-Therian, M|100\/100\n|-ability|p1a: Landorus|Intimidate|boost\n|-unboost|p2a: Garganacl|atk|1\n|move|p2a: Garganacl|Recover|p2a: Garganacl\n|-heal|p2a: Garganacl|100\/100\n|\n|upkeep\n|turn|21\n|\n|t:|1700433713\n|move|p1a: Landorus|Sandsear Storm|p2a: Garganacl\n|-supereffective|p2a: Garganacl\n|-damage|p2a: Garganacl|42\/100\n|move|p2a: Garganacl|Iron Defense|p2a: Garganacl\n|-boost|p2a: Garganacl|def|2\n|\n|upkeep\n|turn|22\n|\n|t:|1700433733\n|switch|p1a: Ceruledge|Ceruledge, M|100\/100\n|switch|p2a: Cresselia|Cresselia, F|66\/100\n|\n|upkeep\n|turn|23\n|\n|t:|1700433754\n|switch|p2a: Pincurchin|Pincurchin, F|75\/100\n|-fieldstart|move: Electric Terrain|[from] ability: Electric Surge|[of] p2a: Pincurchin\n|move|p1a: Ceruledge|Poltergeist|p2a: Pincurchin\n|-activate|p2a: Pincurchin|move: Poltergeist|Terrain Extender\n|-damage|p2a: Pincurchin|28\/100\n|\n|upkeep\n|turn|24\n|\n|t:|1700433771\n|move|p1a: Ceruledge|Poltergeist|p2a: Pincurchin\n|-activate|p2a: Pincurchin|move: Poltergeist|Terrain Extender\n|-damage|p2a: Pincurchin|0 fnt\n|faint|p2a: Pincurchin\n|\n|upkeep\n|\n|t:|1700433779\n|switch|p2a: Gastrodon|Gastrodon-East, F|100\/100\n|turn|25\n|\n|t:|1700433817\n|move|p1a: Ceruledge|Poltergeist|p2a: Gastrodon\n|-activate|p2a: Gastrodon|move: Poltergeist|Leftovers\n|-damage|p2a: Gastrodon|36\/100\n|move|p2a: Gastrodon|Earth Power|p1a: Ceruledge\n|-supereffective|p1a: Ceruledge\n|-damage|p1a: Ceruledge|32\/100\n|\n|-heal|p2a: Gastrodon|42\/100|[from] item: Leftovers\n|upkeep\n|turn|26\n|\n|t:|1700433827\n|move|p1a: Ceruledge|Poltergeist|p2a: Gastrodon\n|-activate|p2a: Gastrodon|move: Poltergeist|Leftovers\n|-damage|p2a: Gastrodon|0 fnt\n|faint|p2a: Gastrodon\n|\n|upkeep\n|\n|t:|1700433830\n|switch|p2a: Raichu|Raichu-Alola, F|100\/100\n|turn|27\n|\n|t:|1700433840\n|switch|p1a: Landorus|Landorus-Therian, M|100\/100\n|-ability|p1a: Landorus|Intimidate|boost\n|-unboost|p2a: Raichu|atk|1\n|move|p2a: Raichu|Nasty Plot|p2a: Raichu\n|-boost|p2a: Raichu|spa|2\n|\n|upkeep\n|turn|28\n|\n|t:|1700433866\n|switch|p1a: Corviknight|Corviknight, M|55\/100\n|-ability|p1a: Corviknight|Pressure\n|move|p2a: Raichu|Psychic|p1a: Corviknight\n|-resisted|p1a: Corviknight\n|-damage|p1a: Corviknight|9\/100\n|-damage|p2a: Raichu|91\/100|[from] item: Life Orb\n|\n|upkeep\n|turn|29\n|\n|t:|1700433877\n|move|p2a: Raichu|Psychic|p1a: Corviknight\n|-resisted|p1a: Corviknight\n|-damage|p1a: Corviknight|0 fnt\n|faint|p1a: Corviknight\n|-damage|p2a: Raichu|81\/100|[from] item: Life Orb\n|\n|upkeep\n|\n|t:|1700433883\n|switch|p1a: Ceruledge|Ceruledge, M|32\/100\n|turn|30\n|\n|t:|1700433888\n|move|p1a: Ceruledge|Endure|p1a: Ceruledge\n|-singleturn|p1a: Ceruledge|move: Endure\n|move|p2a: Raichu|Psychic|p1a: Ceruledge\n|-activate|p1a: Ceruledge|move: Endure\n|-damage|p1a: Ceruledge|1\/100\n|-damage|p2a: Raichu|71\/100|[from] item: Life Orb\n|\n|-fieldend|move: Electric Terrain\n|upkeep\n|turn|31\n|\n|t:|1700433904\n|move|p1a: Ceruledge|Endure||[still]\n|-fail|p1a: Ceruledge\n|move|p2a: Raichu|Psychic|p1a: Ceruledge\n|-damage|p1a: Ceruledge|0 fnt\n|faint|p1a: Ceruledge\n|-damage|p2a: Raichu|61\/100|[from] item: Life Orb\n|\n|upkeep\n|\n|t:|1700433908\n|switch|p1a: Landorus|Landorus-Therian, M|100\/100\n|-ability|p1a: Landorus|Intimidate|boost\n|-unboost|p2a: Raichu|atk|1\n|turn|32\n|\n|t:|1700433932\n|move|p1a: Landorus|U-turn|p2a: Raichu\n|-supereffective|p2a: Raichu\n|-damage|p2a: Raichu|0 fnt\n|faint|p2a: Raichu\n|\n|t:|1700433936\n|switch|p1a: Slaking|Slaking, F|100\/100|[from] U-turn\n|-damage|p1a: Slaking|88\/100|[from] Spikes\n|\n|upkeep\n|\n|t:|1700433940\n|switch|p2a: Cresselia|Cresselia, F|66\/100\n|turn|33\n|\n|t:|1700433951\n|move|p2a: Cresselia|Lunar Dance|p2a: Cresselia\n|faint|p2a: Cresselia\n|move|p1a: Slaking|Giga Impact|p2: Cresselia|[notarget]\n|-fail|p1a: Slaking\n|\n|upkeep\n|\n|t:|1700433956\n|switch|p2a: Garganacl|Garganacl, M|42\/100\n|-heal|p2a: Garganacl|100\/100|[from] move: Lunar Dance\n|turn|34\n|\n|t:|1700433973\n|switch|p1a: Quagsire|Quagsire, M|95\/100\n|-damage|p1a: Quagsire|83\/100|[from] Spikes\n|-terastallize|p2a: Garganacl|Ghost\n|move|p2a: Garganacl|Iron Defense|p2a: Garganacl\n|-boost|p2a: Garganacl|def|2\n|\n|upkeep\n|turn|35\n|\n|t:|1700433978\n|move|p1a: Quagsire|Acid Spray|p2a: Garganacl\n|-resisted|p2a: Garganacl\n|-crit|p2a: Garganacl\n|-damage|p2a: Garganacl|97\/100\n|-unboost|p2a: Garganacl|spd|2\n|move|p2a: Garganacl|Iron Defense|p2a: Garganacl\n|-boost|p2a: Garganacl|def|2\n|\n|upkeep\n|turn|36\n|\n|t:|1700433983\n|move|p1a: Quagsire|Acid Spray|p2a: Garganacl\n|-resisted|p2a: Garganacl\n|-damage|p2a: Garganacl|95\/100\n|-unboost|p2a: Garganacl|spd|2\n|move|p2a: Garganacl|Body Press|p1a: Quagsire\n|-damage|p1a: Quagsire|66\/100\n|\n|upkeep\n|turn|37\n|c| Horrific17|17\n|\n|t:|1700433990\n|move|p1a: Quagsire|Acid Spray|p2a: Garganacl\n|-resisted|p2a: Garganacl\n|-damage|p2a: Garganacl|93\/100\n|-unboost|p2a: Garganacl|spd|2\n|move|p2a: Garganacl|Body Press|p1a: Quagsire\n|-damage|p1a: Quagsire|51\/100\n|\n|upkeep\n|turn|38\n|\n|t:|1700433998\n|move|p1a: Quagsire|Surf|p2a: Garganacl\n|-damage|p2a: Garganacl|79\/100\n|move|p2a: Garganacl|Body Press|p1a: Quagsire\n|-damage|p1a: Quagsire|35\/100\n|\n|upkeep\n|turn|39\n|\n|t:|1700434004\n|move|p1a: Quagsire|Surf|p2a: Garganacl\n|-damage|p2a: Garganacl|65\/100\n|move|p2a: Garganacl|Body Press|p1a: Quagsire\n|-damage|p1a: Quagsire|17\/100\n|\n|upkeep\n|turn|40\n|\n|t:|1700434008\n|switch|p1a: Noivern|Noivern, M|100\/100\n|move|p2a: Garganacl|Body Press|p1a: Noivern\n|-resisted|p1a: Noivern\n|-damage|p1a: Noivern|51\/100\n|\n|upkeep\n|turn|41\n|\n|t:|1700434015\n|move|p1a: Noivern|Draco Meteor|p2a: Garganacl\n|-damage|p2a: Garganacl|0 fnt\n|-unboost|p1a: Noivern|spa|2\n|faint|p2a: Garganacl\n|\n|win|Not Hell\n|c|\u2606Not Hell|gg man\n|c|\u2606Prince Smurf|gg\n|l| Horrific17\n|l| overkill red\n|l|\u2606Prince Smurf\n","uploadtime":1700434031,"views":20,"p1id":"nothell","p2id":"princesmurf","formatid":"gen9ou","rating":0,"private":0,"password":""}