{"id":"gen9ou-1990186766","p1":"phong86756","p2":"SonderOfAll","format":"[Gen 9] OU","log":"|j|\u2606phong86756\n|j|\u2606SonderOfAll\n|t:|1699934545\n|gametype|singles\n|player|p1|phong86756|waitress-gen4|1183\n|player|p2|SonderOfAll|blackbelt-gen4dp|1249\n|teamsize|p1|6\n|teamsize|p2|6\n|gen|9\n|tier|[Gen 9] OU\n|rated|\n|rule|Sleep Clause Mod: Limit one foe put to sleep\n|rule|Species Clause: Limit one of each Pok\u00e9mon\n|rule|OHKO Clause: OHKO moves are banned\n|rule|Evasion Items Clause: Evasion items are banned\n|rule|Evasion Moves Clause: Evasion moves are banned\n|rule|Endless Battle Clause: Forcing endless battles is banned\n|rule|HP Percentage Mod: HP is shown in percentages\n|clearpoke\n|poke|p1|Mandibuzz, F|\n|poke|p1|Dragonite, M|\n|poke|p1|Mamoswine, F|\n|poke|p1|Rotom-Wash|\n|poke|p1|Cinderace, F|\n|poke|p1|Ribombee, F|\n|poke|p2|Great Tusk|\n|poke|p2|Sinistcha-Masterpiece|\n|poke|p2|Moltres|\n|poke|p2|Weezing-Galar, M|\n|poke|p2|Corviknight, F|\n|poke|p2|Sneasler, M|\n|teampreview\n|\n|t:|1699934551\n|start\n|switch|p1a: Ribombee|Ribombee, F|100\/100\n|switch|p2a: Poison Smogfish|Weezing-Galar, M|100\/100\n|-ability|p2a: Poison Smogfish|Neutralizing Gas\n|turn|1\n|\n|t:|1699934563\n|move|p1a: Ribombee|Stun Spore|p2a: Poison Smogfish\n|-status|p2a: Poison Smogfish|par\n|move|p2a: Poison Smogfish|Sludge Bomb|p1a: Ribombee\n|-supereffective|p1a: Ribombee\n|-damage|p1a: Ribombee|4\/100\n|\n|upkeep\n|turn|2\n|\n|t:|1699934570\n|move|p1a: Ribombee|Sticky Web|p2a: Poison Smogfish\n|-sidestart|p2: SonderOfAll|move: Sticky Web\n|move|p2a: Poison Smogfish|Defog|p1a: Ribombee\n|-unboost|p1a: Ribombee|evasion|1\n|-sideend|p2: SonderOfAll|Sticky Web|[from] move: Defog|[of] p2a: Poison Smogfish\n|\n|upkeep\n|turn|3\n|\n|t:|1699934576\n|move|p1a: Ribombee|Sticky Web|p2a: Poison Smogfish\n|-sidestart|p2: SonderOfAll|move: Sticky Web\n|move|p2a: Poison Smogfish|Sludge Bomb|p1a: Ribombee\n|-supereffective|p1a: Ribombee\n|-damage|p1a: Ribombee|0 fnt\n|faint|p1a: Ribombee\n|\n|upkeep\n|\n|t:|1699934584\n|switch|p1a: Mamoswine|Mamoswine, F|100\/100\n|turn|4\n|\n|t:|1699934589\n|move|p1a: Mamoswine|Earthquake|p2a: Poison Smogfish\n|-supereffective|p2a: Poison Smogfish\n|-damage|p2a: Poison Smogfish|32\/100 par\n|move|p2a: Poison Smogfish|Defog|p1a: Mamoswine\n|-unboost|p1a: Mamoswine|evasion|1\n|-sideend|p2: SonderOfAll|Sticky Web|[from] move: Defog|[of] p2a: Poison Smogfish\n|\n|-heal|p2a: Poison Smogfish|38\/100 par|[from] item: Leftovers\n|upkeep\n|turn|5\n|\n|t:|1699934608\n|switch|p1a: Rotom|Rotom-Wash|100\/100\n|-end|p2a: Poison Smogfish|ability: Neutralizing Gas\n|switch|p2a: Phoenix|Moltres|100\/100\n|\n|upkeep\n|turn|6\n|\n|t:|1699934615\n|move|p2a: Phoenix|U-turn|p1a: Rotom\n|-damage|p1a: Rotom|84\/100\n|\n|t:|1699934621\n|switch|p2a: Cementree|Sinistcha-Masterpiece|100\/100|[from] U-turn\n|move|p1a: Rotom|Hydro Pump|p2a: Cementree\n|-resisted|p2a: Cementree\n|-damage|p2a: Cementree|77\/100\n|\n|-heal|p1a: Rotom|90\/100|[from] item: Leftovers\n|-heal|p2a: Cementree|83\/100|[from] item: Leftovers\n|upkeep\n|turn|7\n|\n|t:|1699934630\n|move|p1a: Rotom|Volt Switch|p2a: Cementree\n|-resisted|p2a: Cementree\n|-damage|p2a: Cementree|69\/100\n|\n|t:|1699934637\n|switch|p1a: Dragonite|Dragonite, M|100\/100|[from] Volt Switch\n|move|p2a: Cementree|Calm Mind|p2a: Cementree\n|-boost|p2a: Cementree|spa|1\n|-boost|p2a: Cementree|spd|1\n|\n|-heal|p2a: Cementree|75\/100|[from] item: Leftovers\n|upkeep\n|turn|8\n|\n|t:|1699934649\n|move|p1a: Dragonite|Dragon Dance|p1a: Dragonite\n|-boost|p1a: Dragonite|atk|1\n|-boost|p1a: Dragonite|spe|1\n|move|p2a: Cementree|Strength Sap|p1a: Dragonite\n|-unboost|p1a: Dragonite|atk|1\n|-heal|p2a: Cementree|100\/100\n|\n|upkeep\n|turn|9\n|\n|t:|1699934656\n|move|p1a: Dragonite|Dragon Dance|p1a: Dragonite\n|-boost|p1a: Dragonite|atk|1\n|-boost|p1a: Dragonite|spe|1\n|move|p2a: Cementree|Shadow Ball|p1a: Dragonite\n|-damage|p1a: Dragonite|79\/100\n|\n|upkeep\n|turn|10\n|\n|t:|1699934664\n|-terastallize|p1a: Dragonite|Normal\n|move|p1a: Dragonite|Dragon Dance|p1a: Dragonite\n|-boost|p1a: Dragonite|atk|1\n|-boost|p1a: Dragonite|spe|1\n|move|p2a: Cementree|Strength Sap|p1a: Dragonite\n|-unboost|p1a: Dragonite|atk|1\n|\n|upkeep\n|turn|11\n|\n|t:|1699934678\n|move|p1a: Dragonite|Outrage|p2a: Cementree\n|-damage|p2a: Cementree|27\/100\n|move|p2a: Cementree|Strength Sap|p1a: Dragonite\n|-unboost|p1a: Dragonite|atk|1\n|-heal|p2a: Cementree|100\/100\n|\n|upkeep\n|turn|12\n|\n|t:|1699934687\n|move|p1a: Dragonite|Outrage|p2a: Cementree|[from]lockedmove\n|-damage|p2a: Cementree|56\/100\n|-start|p1a: Dragonite|confusion|[fatigue]\n|move|p2a: Cementree|Strength Sap|p1a: Dragonite\n|-unboost|p1a: Dragonite|atk|1\n|-heal|p2a: Cementree|100\/100\n|\n|upkeep\n|turn|13\n|\n|t:|1699934700\n|switch|p1a: Mandibuzz|Mandibuzz, F|100\/100\n|move|p2a: Cementree|Calm Mind|p2a: Cementree\n|-boost|p2a: Cementree|spa|1\n|-boost|p2a: Cementree|spd|1\n|\n|upkeep\n|turn|14\n|\n|t:|1699934708\n|move|p1a: Mandibuzz|Foul Play|p2a: Cementree\n|-supereffective|p2a: Cementree\n|-damage|p2a: Cementree|79\/100\n|move|p2a: Cementree|Matcha Gotcha|p1a: Mandibuzz\n|-resisted|p1a: Mandibuzz\n|-damage|p1a: Mandibuzz|72\/100\n|-heal|p2a: Cementree|97\/100|[from] drain|[of] p1a: Mandibuzz\n|\n|-heal|p2a: Cementree|100\/100|[from] item: Leftovers\n|upkeep\n|turn|15\n|\n|t:|1699934718\n|move|p1a: Mandibuzz|U-turn|p2a: Cementree\n|-damage|p2a: Cementree|92\/100\n|\n|t:|1699934722\n|switch|p1a: Cinderace|Cinderace, F|100\/100|[from] U-turn\n|move|p2a: Cementree|Matcha Gotcha|p1a: Cinderace\n|-resisted|p1a: Cinderace\n|-crit|p1a: Cinderace\n|-damage|p1a: Cinderace|27\/100\n|-heal|p2a: Cementree|100\/100|[from] drain|[of] p1a: Cinderace\n|\n|upkeep\n|turn|16\n|\n|t:|1699934731\n|move|p1a: Cinderace|Pyro Ball|p2a: Cementree\n|-supereffective|p2a: Cementree\n|-damage|p2a: Cementree|37\/100\n|move|p2a: Cementree|Strength Sap|p1a: Cinderace\n|-unboost|p1a: Cinderace|atk|1\n|-heal|p2a: Cementree|100\/100\n|\n|upkeep\n|turn|17\n|\n|t:|1699934739\n|move|p1a: Cinderace|Pyro Ball|p2a: Cementree\n|-supereffective|p2a: Cementree\n|-damage|p2a: Cementree|57\/100\n|move|p2a: Cementree|Strength Sap|p1a: Cinderace\n|-unboost|p1a: Cinderace|atk|1\n|-heal|p2a: Cementree|100\/100\n|\n|upkeep\n|turn|18\n|\n|t:|1699934748\n|switch|p1a: Rotom|Rotom-Wash|90\/100\n|move|p2a: Cementree|Matcha Gotcha|p1a: Rotom\n|-supereffective|p1a: Rotom\n|-damage|p1a: Rotom|0 fnt\n|faint|p1a: Rotom\n|\n|upkeep\n|\n|t:|1699934760\n|switch|p1a: Mamoswine|Mamoswine, F|100\/100\n|turn|19\n|\n|t:|1699934763\n|move|p1a: Mamoswine|Icicle Crash|p2a: Cementree\n|-supereffective|p2a: Cementree\n|-damage|p2a: Cementree|35\/100\n|move|p2a: Cementree|Matcha Gotcha|p1a: Mamoswine\n|-supereffective|p1a: Mamoswine\n|-damage|p1a: Mamoswine|0 fnt\n|-heal|p2a: Cementree|87\/100|[from] drain|[of] p1a: Mamoswine\n|faint|p1a: Mamoswine\n|\n|-heal|p2a: Cementree|93\/100|[from] item: Leftovers\n|upkeep\n|-message|phong86756 forfeited.\n|\n|win|SonderOfAll\n|raw|phong86756's rating: 1183 &rarr; <strong>1163<\/strong><br \/>(-20 for losing)\n|raw|SonderOfAll's rating: 1249 &rarr; <strong>1269<\/strong><br \/>(+20 for winning)\n|l|\u2606phong86756\n","uploadtime":1699934775,"views":8,"p1id":"phong86756","p2id":"sonderofall","formatid":"gen9ou","rating":1163,"private":0,"password":""}