{"id":"gen9ou-1993820632","p1":"top500all","p2":"Prav33n","format":"[Gen 9] OU","log":"|j|\u2606top500all\n|j|\u2606Prav33n\n|t:|1700361359\n|gametype|singles\n|player|p1|top500all|parasollady-gen4|1646\n|player|p2|Prav33n|swimmer-gen4|1573\n|teamsize|p1|6\n|teamsize|p2|6\n|gen|9\n|tier|[Gen 9] OU\n|rated|\n|rule|Sleep Clause Mod: Limit one foe put to sleep\n|rule|Species Clause: Limit one of each Pok\u00e9mon\n|rule|OHKO Clause: OHKO moves are banned\n|rule|Evasion Items Clause: Evasion items are banned\n|rule|Evasion Moves Clause: Evasion moves are banned\n|rule|Endless Battle Clause: Forcing endless battles is banned\n|rule|HP Percentage Mod: HP is shown in percentages\n|clearpoke\n|poke|p1|Rillaboom, F|\n|poke|p1|Sneasler, M|\n|poke|p1|Tyranitar, F|\n|poke|p1|Moltres|\n|poke|p1|Great Tusk|\n|poke|p1|Kingambit, F|\n|poke|p2|Dragonite, M|\n|poke|p2|Iron Moth|\n|poke|p2|Glimmora, F|\n|poke|p2|Kingambit, M|\n|poke|p2|Ogerpon-Wellspring, F|\n|poke|p2|Great Tusk|\n|teampreview\n|inactive|Battle timer is ON: inactive players will automatically lose when time's up. (requested by top500all)\n|inactive|Prav33n has 120 seconds left.\n|inactive|Prav33n has 90 seconds left.\n|\n|t:|1700361421\n|start\n|switch|p1a: Rillaboom|Rillaboom, F|100\/100\n|switch|p2a: Glimmora|Glimmora, F|100\/100\n|-fieldstart|move: Grassy Terrain|[from] ability: Grassy Surge|[of] p1a: Rillaboom\n|turn|1\n|\n|t:|1700361431\n|move|p2a: Glimmora|Stealth Rock|p1a: Rillaboom\n|-sidestart|p1: top500all|move: Stealth Rock\n|move|p1a: Rillaboom|Wood Hammer|p2a: Glimmora\n|-enditem|p2a: Glimmora|Focus Sash\n|-damage|p2a: Glimmora|1\/100\n|-activate|p2a: Glimmora|ability: Toxic Debris\n|-sidestart|p1: top500all|move: Toxic Spikes\n|-damage|p1a: Rillaboom|71\/100|[from] Recoil\n|\n|-heal|p2a: Glimmora|7\/100|[from] Grassy Terrain\n|-heal|p1a: Rillaboom|77\/100|[from] Grassy Terrain\n|upkeep\n|turn|2\n|\n|t:|1700361440\n|move|p1a: Rillaboom|Grassy Glide|p2a: Glimmora\n|-damage|p2a: Glimmora|0 fnt\n|-activate|p2a: Glimmora|ability: Toxic Debris\n|-sidestart|p1: top500all|move: Toxic Spikes\n|faint|p2a: Glimmora\n|\n|-heal|p1a: Rillaboom|83\/100|[from] Grassy Terrain\n|upkeep\n|\n|t:|1700361462\n|switch|p2a: Dragonite|Dragonite, M|100\/100\n|turn|3\n|\n|t:|1700361467\n|move|p1a: Rillaboom|Knock Off|p2a: Dragonite\n|-damage|p2a: Dragonite|82\/100\n|-enditem|p2a: Dragonite|Heavy-Duty Boots|[from] move: Knock Off|[of] p1a: Rillaboom\n|move|p2a: Dragonite|Dragon Dance|p2a: Dragonite\n|-boost|p2a: Dragonite|atk|1\n|-boost|p2a: Dragonite|spe|1\n|\n|-heal|p1a: Rillaboom|89\/100|[from] Grassy Terrain\n|upkeep\n|turn|4\n|\n|t:|1700361472\n|switch|p1a: Moltres|Moltres|100\/100\n|move|p2a: Dragonite|Dragon Dance|p2a: Dragonite\n|-boost|p2a: Dragonite|atk|1\n|-boost|p2a: Dragonite|spe|1\n|\n|upkeep\n|turn|5\n|\n|t:|1700361479\n|-terastallize|p2a: Dragonite|Normal\n|move|p2a: Dragonite|Extreme Speed|p1a: Moltres\n|-damage|p1a: Moltres|31\/100\n|move|p1a: Moltres|Roar|p2a: Dragonite\n|drag|p2a: Iron Moth|Iron Moth|100\/100\n|-enditem|p2a: Iron Moth|Booster Energy\n|-activate|p2a: Iron Moth|ability: Quark Drive|[fromitem]\n|-start|p2a: Iron Moth|quarkdrivespe\n|\n|-fieldend|move: Grassy Terrain\n|upkeep\n|turn|6\n|\n|t:|1700361492\n|switch|p1a: Sneasler|Sneasler, M|100\/100\n|-damage|p1a: Sneasler|95\/100|[from] Stealth Rock\n|-sideend|p1: top500all|move: Toxic Spikes|[of] p1a: Sneasler\n|move|p2a: Iron Moth|Fiery Dance|p1a: Sneasler\n|-damage|p1a: Sneasler|41\/100\n|\n|upkeep\n|turn|7\n|\n|t:|1700361500\n|switch|p1a: Tyranitar|Tyranitar, F|100\/100\n|-damage|p1a: Tyranitar|88\/100|[from] Stealth Rock\n|-weather|Sandstorm|[from] ability: Sand Stream|[of] p1a: Tyranitar\n|move|p2a: Iron Moth|Fiery Dance|p1a: Tyranitar\n|-resisted|p1a: Tyranitar\n|-damage|p1a: Tyranitar|82\/100\n|\n|-weather|Sandstorm|[upkeep]\n|-damage|p2a: Iron Moth|95\/100|[from] Sandstorm\n|upkeep\n|turn|8\n|\n|t:|1700361514\n|-end|p2a: Iron Moth|Quark Drive|[silent]\n|switch|p2a: Great Tusk|Great Tusk|100\/100\n|move|p1a: Tyranitar|Ice Beam|p2a: Great Tusk\n|-supereffective|p2a: Great Tusk\n|-damage|p2a: Great Tusk|47\/100\n|\n|-weather|Sandstorm|[upkeep]\n|upkeep\n|turn|9\n|inactive|top500all has 120 seconds left.\n|\n|t:|1700361552\n|switch|p1a: Great Tusk|Great Tusk|100\/100\n|move|p2a: Great Tusk|Close Combat|p1a: Great Tusk\n|-damage|p1a: Great Tusk|58\/100\n|-unboost|p2a: Great Tusk|def|1\n|-unboost|p2a: Great Tusk|spd|1\n|-enditem|p2a: Great Tusk|Eject Pack\n|\n|t:|1700361580\n|-end|p2a: Great Tusk|Protosynthesis|[silent]\n|switch|p2a: Mask on|Ogerpon-Wellspring, F|100\/100\n|\n|-weather|Sandstorm|[upkeep]\n|-damage|p2a: Mask on|95\/100|[from] Sandstorm\n|upkeep\n|turn|10\n|inactive|top500all has 120 seconds left.\n|\n|t:|1700361593\n|-terastallize|p1a: Great Tusk|Fighting\n|move|p2a: Mask on|Ivy Cudgel|p1a: Great Tusk|[anim] Ivy Cudgel Water\n|-damage|p1a: Great Tusk|18\/100\n|move|p1a: Great Tusk|Close Combat|p2a: Mask on\n|-damage|p2a: Mask on|0 fnt\n|-unboost|p1a: Great Tusk|def|1\n|-unboost|p1a: Great Tusk|spd|1\n|faint|p2a: Mask on\n|\n|-weather|Sandstorm|[upkeep]\n|-damage|p1a: Great Tusk|12\/100|[from] Sandstorm\n|upkeep\n|inactive|Prav33n has 120 seconds left.\n|\n|t:|1700361616\n|switch|p2a: Dragonite|Dragonite, M, tera:Normal|82\/100\n|turn|11\n|inactive|top500all has 120 seconds left.\n|\n|t:|1700361632\n|move|p2a: Dragonite|Extreme Speed|p1a: Great Tusk\n|-damage|p1a: Great Tusk|0 fnt\n|faint|p1a: Great Tusk\n|-end|p1a: Great Tusk|Protosynthesis|[silent]\n|\n|-weather|none\n|upkeep\n|inactive|top500all has 120 seconds left.\n|\n|t:|1700361638\n|switch|p1a: Rillaboom|Rillaboom, F|89\/100\n|-fieldstart|move: Grassy Terrain|[from] ability: Grassy Surge|[of] p1a: Rillaboom\n|turn|12\n|\n|t:|1700361647\n|move|p2a: Dragonite|Extreme Speed|p1a: Rillaboom\n|-damage|p1a: Rillaboom|34\/100\n|move|p1a: Rillaboom|Wood Hammer|p2a: Dragonite\n|-damage|p2a: Dragonite|1\/100\n|-damage|p1a: Rillaboom|8\/100|[from] Recoil\n|\n|-heal|p1a: Rillaboom|15\/100|[from] Grassy Terrain\n|-heal|p2a: Dragonite|7\/100|[from] Grassy Terrain\n|upkeep\n|turn|13\n|\n|t:|1700361656\n|move|p2a: Dragonite|Extreme Speed|p1a: Rillaboom\n|-damage|p1a: Rillaboom|0 fnt\n|faint|p1a: Rillaboom\n|\n|-heal|p2a: Dragonite|14\/100|[from] Grassy Terrain\n|upkeep\n|\n|t:|1700361660\n|switch|p1a: Kingambit|Kingambit, F|100\/100\n|-damage|p1a: Kingambit|94\/100|[from] Stealth Rock\n|-activate|p1a: Kingambit|ability: Supreme Overlord\n|-start|p1a: Kingambit|fallen2|[silent]\n|turn|14\n|\n|t:|1700361664\n|move|p2a: Dragonite|Encore||[still]\n|-fail|p2a: Dragonite\n|move|p1a: Kingambit|Kowtow Cleave|p2a: Dragonite\n|-damage|p2a: Dragonite|0 fnt\n|faint|p2a: Dragonite\n|\n|-heal|p1a: Kingambit|100\/100|[from] Grassy Terrain\n|upkeep\n|\n|t:|1700361668\n|switch|p2a: Great Tusk|Great Tusk|47\/100\n|turn|15\n|\n|t:|1700361674\n|-end|p1a: Kingambit|fallen2|[silent]\n|switch|p1a: Moltres|Moltres|31\/100\n|move|p2a: Great Tusk|Rapid Spin|p1a: Moltres\n|-damage|p1a: Moltres|20\/100\n|-boost|p2a: Great Tusk|spe|1\n|\n|-heal|p2a: Great Tusk|53\/100|[from] Grassy Terrain\n|upkeep\n|turn|16\n|\n|t:|1700361679\n|move|p2a: Great Tusk|Ice Spinner|p1a: Moltres\n|-damage|p1a: Moltres|2\/100\n|-fieldend|move: Grassy Terrain\n|move|p1a: Moltres|Will-O-Wisp|p2a: Great Tusk\n|-status|p2a: Great Tusk|brn\n|\n|-damage|p2a: Great Tusk|47\/100 brn|[from] brn\n|upkeep\n|turn|17\n|\n|t:|1700361684\n|move|p2a: Great Tusk|Ice Spinner|p1a: Moltres\n|-damage|p1a: Moltres|0 fnt\n|faint|p1a: Moltres\n|\n|-damage|p2a: Great Tusk|41\/100 brn|[from] brn\n|upkeep\n|\n|t:|1700361687\n|switch|p1a: Sneasler|Sneasler, M|41\/100\n|-damage|p1a: Sneasler|35\/100|[from] Stealth Rock\n|turn|18\n|\n|t:|1700361689\n|move|p2a: Great Tusk|Headlong Rush|p1a: Sneasler\n|-supereffective|p1a: Sneasler\n|-damage|p1a: Sneasler|0 fnt\n|-unboost|p2a: Great Tusk|def|1\n|-unboost|p2a: Great Tusk|spd|1\n|faint|p1a: Sneasler\n|\n|-damage|p2a: Great Tusk|35\/100 brn|[from] brn\n|upkeep\n|\n|t:|1700361693\n|switch|p1a: Kingambit|Kingambit, F|100\/100\n|-damage|p1a: Kingambit|94\/100|[from] Stealth Rock\n|-activate|p1a: Kingambit|ability: Supreme Overlord\n|-start|p1a: Kingambit|fallen4|[silent]\n|turn|19\n|\n|t:|1700361697\n|move|p2a: Great Tusk|Close Combat|p1a: Kingambit\n|-supereffective|p1a: Kingambit\n|-damage|p1a: Kingambit|0 fnt\n|-unboost|p2a: Great Tusk|def|1\n|-unboost|p2a: Great Tusk|spd|1\n|faint|p1a: Kingambit\n|-end|p1a: Kingambit|fallen4|[silent]\n|\n|-damage|p2a: Great Tusk|29\/100 brn|[from] brn\n|upkeep\n|\n|t:|1700361700\n|switch|p1a: Tyranitar|Tyranitar, F|82\/100\n|-damage|p1a: Tyranitar|70\/100|[from] Stealth Rock\n|-weather|Sandstorm|[from] ability: Sand Stream|[of] p1a: Tyranitar\n|turn|20\n|\n|t:|1700361704\n|move|p2a: Great Tusk|Close Combat|p1a: Tyranitar\n|-supereffective|p1a: Tyranitar\n|-damage|p1a: Tyranitar|0 fnt\n|-unboost|p2a: Great Tusk|def|1\n|-unboost|p2a: Great Tusk|spd|1\n|faint|p1a: Tyranitar\n|\n|win|Prav33n\n|raw|top500all's rating: 1646 &rarr; <strong>1622<\/strong><br \/>(-24 for losing)\n|raw|Prav33n's rating: 1573 &rarr; <strong>1597<\/strong><br \/>(+24 for winning)\n|l|\u2606top500all\n","uploadtime":1700361723,"views":15,"p1id":"top500all","p2id":"prav33n","formatid":"gen9ou","rating":1597,"private":0,"password":""}