{"id":"gen9ou-1989232930","p1":"salpicadura","p2":"luisin","format":"[Gen 9] OU","log":"|j|\u2606salpicadura\n|j|\u2606luisin\n|inactive|Battle timer is ON: inactive players will automatically lose when time's up.\n|t:|1699826154\n|gametype|singles\n|player|p1|salpicadura|fisherman-gen4|\n|player|p2|luisin|#rbtt6teamyveltalf|\n|teamsize|p1|6\n|teamsize|p2|6\n|gen|9\n|tier|[Gen 9] OU\n|rated|Tournament battle\n|rule|Sleep Clause Mod: Limit one foe put to sleep\n|rule|Species Clause: Limit one of each Pok\u00e9mon\n|rule|OHKO Clause: OHKO moves are banned\n|rule|Evasion Items Clause: Evasion items are banned\n|rule|Evasion Moves Clause: Evasion moves are banned\n|rule|Endless Battle Clause: Forcing endless battles is banned\n|rule|HP Percentage Mod: HP is shown in percentages\n|clearpoke\n|poke|p1|Greninja-*, M|\n|poke|p1|Rillaboom, F|\n|poke|p1|Kingambit, M|\n|poke|p1|Dragapult, F|\n|poke|p1|Cinderace, M|\n|poke|p1|Landorus-Therian, M|\n|poke|p2|Rillaboom, F|\n|poke|p2|Sneasler, F|\n|poke|p2|Zamazenta-*|\n|poke|p2|Heatran, M|\n|poke|p2|Hatterene, F|\n|poke|p2|Manaphy|\n|teampreview\n|c|\u2606luisin|hhf\n|j| szhark11\n|j| Poke_Lider\n|c|\u2606salpicadura|gl hf\n|inactive|salpicadura has 120 seconds left.\n|\n|t:|1699826185\n|start\n|switch|p1a: Dragapult|Dragapult, F|100\/100\n|switch|p2a: Iron Bands|Rillaboom, F|100\/100\n|-fieldstart|move: Grassy Terrain|[from] ability: Grassy Surge|[of] p2a: Iron Bands\n|turn|1\n|j| iceferz\n|j| MarlonHM\n|\n|t:|1699826195\n|move|p1a: Dragapult|Shadow Ball|p2a: Iron Bands\n|-damage|p2a: Iron Bands|39\/100\n|move|p2a: Iron Bands|U-turn|p1a: Dragapult\n|-resisted|p1a: Dragapult\n|-damage|p1a: Dragapult|75\/100\n|\n|t:|1699826202\n|switch|p2a: Creepin'|Sneasler, F|100\/100|[from] U-turn\n|-enditem|p2a: Creepin'|Grassy Seed\n|-boost|p2a: Creepin'|def|1|[from] item: Grassy Seed\n|\n|-heal|p1a: Dragapult|81\/100|[from] Grassy Terrain\n|upkeep\n|turn|2\n|\n|t:|1699826216\n|move|p2a: Creepin'|Swords Dance|p2a: Creepin'\n|-boost|p2a: Creepin'|atk|2\n|move|p1a: Dragapult|Shadow Ball|p2a: Creepin'\n|-damage|p2a: Creepin'|32\/100\n|\n|-heal|p2a: Creepin'|38\/100|[from] Grassy Terrain\n|-heal|p1a: Dragapult|87\/100|[from] Grassy Terrain\n|upkeep\n|turn|3\n|\n|t:|1699826229\n|switch|p1a: Landorus|Landorus-Therian, M|100\/100\n|-ability|p1a: Landorus|Intimidate|boost\n|-unboost|p2a: Creepin'|atk|1\n|move|p2a: Creepin'|Lash Out|p1a: Landorus\n|-damage|p1a: Landorus|0 fnt\n|faint|p1a: Landorus\n|\n|-heal|p2a: Creepin'|44\/100|[from] Grassy Terrain\n|upkeep\n|j| Gamer00ooO\n|j| ABO00\n|inactive|salpicadura has 120 seconds left.\n|\n|t:|1699826258\n|switch|p1a: Dragapult|Dragapult, F|87\/100\n|turn|4\n|\n|t:|1699826262\n|-terastallize|p1a: Dragapult|Fighting\n|move|p2a: Creepin'|Lash Out|p1a: Dragapult\n|-resisted|p1a: Dragapult\n|-damage|p1a: Dragapult|57\/100\n|move|p1a: Dragapult|Draco Meteor|p2a: Creepin'|[miss]\n|-miss|p1a: Dragapult|p2a: Creepin'\n|\n|-heal|p2a: Creepin'|51\/100|[from] Grassy Terrain\n|-heal|p1a: Dragapult|63\/100|[from] Grassy Terrain\n|upkeep\n|turn|5\n|c|\u2606salpicadura|gg\n|\n|t:|1699826273\n|switch|p1a: Cinderace|Cinderace, M|100\/100\n|move|p2a: Creepin'|Close Combat|p1a: Cinderace\n|-damage|p1a: Cinderace|0 fnt\n|-unboost|p2a: Creepin'|def|1\n|-unboost|p2a: Creepin'|spd|1\n|faint|p1a: Cinderace\n|\n|-heal|p2a: Creepin'|57\/100|[from] Grassy Terrain\n|-fieldend|move: Grassy Terrain\n|upkeep\n|c|\u2606luisin|sorry\n|\n|t:|1699826276\n|switch|p1a: Rillaboom|Rillaboom, F|100\/100\n|-fieldstart|move: Grassy Terrain|[from] ability: Grassy Surge|[of] p1a: Rillaboom\n|turn|6\n|\n|t:|1699826279\n|move|p1a: Rillaboom|Grassy Glide|p2a: Creepin'\n|-resisted|p2a: Creepin'\n|-damage|p2a: Creepin'|11\/100\n|move|p2a: Creepin'|Dire Claw|p1a: Rillaboom\n|-supereffective|p1a: Rillaboom\n|-damage|p1a: Rillaboom|0 fnt\n|faint|p1a: Rillaboom\n|\n|-heal|p2a: Creepin'|17\/100|[from] Grassy Terrain\n|upkeep\n|\n|t:|1699826282\n|switch|p1a: Greninja|Greninja, M|100\/100\n|turn|7\n|\n|t:|1699826285\n|switch|p2a: Peculiar Mixture|Manaphy|100\/100\n|move|p1a: Greninja|Water Shuriken|p2a: Peculiar Mixture\n|-resisted|p2a: Peculiar Mixture\n|-damage|p2a: Peculiar Mixture|97\/100\n|-resisted|p2a: Peculiar Mixture\n|-damage|p2a: Peculiar Mixture|93\/100\n|-resisted|p2a: Peculiar Mixture\n|-damage|p2a: Peculiar Mixture|89\/100\n|-hitcount|p2a: Peculiar Mixture|3\n|-damage|p1a: Greninja|91\/100|[from] item: Life Orb\n|\n|-heal|p1a: Greninja|97\/100|[from] Grassy Terrain\n|-heal|p2a: Peculiar Mixture|95\/100|[from] Grassy Terrain\n|-heal|p2a: Peculiar Mixture|100\/100|[from] item: Leftovers\n|upkeep\n|turn|8\n|\n|t:|1699826290\n|switch|p1a: Dragapult|Dragapult, F, tera:Fighting|63\/100\n|move|p2a: Peculiar Mixture|Take Heart|p2a: Peculiar Mixture\n|-boost|p2a: Peculiar Mixture|spa|1\n|-boost|p2a: Peculiar Mixture|spd|1\n|\n|-heal|p1a: Dragapult|69\/100|[from] Grassy Terrain\n|upkeep\n|turn|9\n|\n|t:|1699826294\n|move|p1a: Dragapult|Shadow Ball|p2a: Peculiar Mixture\n|-crit|p2a: Peculiar Mixture\n|-damage|p2a: Peculiar Mixture|29\/100\n|-unboost|p2a: Peculiar Mixture|spd|1\n|move|p2a: Peculiar Mixture|Take Heart|p2a: Peculiar Mixture\n|-boost|p2a: Peculiar Mixture|spa|1\n|-boost|p2a: Peculiar Mixture|spd|1\n|\n|-heal|p1a: Dragapult|75\/100|[from] Grassy Terrain\n|-heal|p2a: Peculiar Mixture|35\/100|[from] Grassy Terrain\n|-heal|p2a: Peculiar Mixture|42\/100|[from] item: Leftovers\n|upkeep\n|turn|10\n|\n|t:|1699826299\n|move|p1a: Dragapult|Shadow Ball|p2a: Peculiar Mixture\n|-damage|p2a: Peculiar Mixture|12\/100\n|move|p2a: Peculiar Mixture|Stored Power|p1a: Dragapult\n|-supereffective|p1a: Dragapult\n|-damage|p1a: Dragapult|0 fnt\n|faint|p1a: Dragapult\n|\n|-heal|p2a: Peculiar Mixture|18\/100|[from] Grassy Terrain\n|-heal|p2a: Peculiar Mixture|24\/100|[from] item: Leftovers\n|-fieldend|move: Grassy Terrain\n|upkeep\n|\n|t:|1699826313\n|switch|p1a: Greninja|Greninja, M|97\/100\n|turn|11\n|\n|t:|1699826318\n|move|p1a: Greninja|Dark Pulse|p2a: Peculiar Mixture\n|-damage|p2a: Peculiar Mixture|0 fnt\n|faint|p2a: Peculiar Mixture\n|-ability|p1a: Greninja|Battle Bond|boost\n|-boost|p1a: Greninja|atk|1\n|-boost|p1a: Greninja|spa|1\n|-boost|p1a: Greninja|spe|1\n|-activate|p1a: Greninja|ability: Battle Bond\n|-damage|p1a: Greninja|87\/100|[from] item: Life Orb\n|\n|upkeep\n|\n|t:|1699826322\n|switch|p2a: Iron Bands|Rillaboom, F|39\/100\n|-fieldstart|move: Grassy Terrain|[from] ability: Grassy Surge|[of] p2a: Iron Bands\n|turn|12\n|\n|t:|1699826326\n|switch|p1a: Kingambit|Kingambit, M|100\/100\n|-activate|p1a: Kingambit|ability: Supreme Overlord\n|-start|p1a: Kingambit|fallen4|[silent]\n|move|p2a: Iron Bands|Grassy Glide|p1a: Kingambit\n|-resisted|p1a: Kingambit\n|-damage|p1a: Kingambit|78\/100\n|\n|-heal|p2a: Iron Bands|45\/100|[from] Grassy Terrain\n|-heal|p1a: Kingambit|84\/100|[from] Grassy Terrain\n|upkeep\n|turn|13\n|\n|t:|1699826329\n|switch|p2a: Michael Vick|Zamazenta|100\/100\n|-ability|p2a: Michael Vick|Dauntless Shield|boost\n|-boost|p2a: Michael Vick|def|1\n|move|p1a: Kingambit|Swords Dance|p1a: Kingambit\n|-boost|p1a: Kingambit|atk|2\n|\n|-heal|p1a: Kingambit|91\/100|[from] Grassy Terrain\n|upkeep\n|turn|14\n|\n|t:|1699826334\n|move|p1a: Kingambit|Sucker Punch|p2a: Michael Vick\n|-resisted|p2a: Michael Vick\n|-damage|p2a: Michael Vick|69\/100\n|move|p2a: Michael Vick|Body Press|p1a: Kingambit\n|-supereffective|p1a: Kingambit\n|-crit|p1a: Kingambit\n|-damage|p1a: Kingambit|0 fnt\n|faint|p1a: Kingambit\n|-end|p1a: Kingambit|fallen4|[silent]\n|\n|-heal|p2a: Michael Vick|75\/100|[from] Grassy Terrain\n|-heal|p2a: Michael Vick|81\/100|[from] item: Leftovers\n|upkeep\n|\n|t:|1699826336\n|switch|p1a: Greninja|Greninja, M|87\/100\n|turn|15\n|c| iceferz|@luisin como hago para tener un pk al lado como tu?\n|\n|t:|1699826360\n|move|p2a: Michael Vick|Body Press|p1a: Greninja\n|-supereffective|p1a: Greninja\n|-damage|p1a: Greninja|0 fnt\n|faint|p1a: Greninja\n|\n|win|luisin\n|n|\u2606salpicadura|salpicadura\n|n|\u2606luisin|luisin\n|n| szhark11|szhark11\n|n| Poke_Lider|pokelider\n|n| iceferz|iceferz\n|n| MarlonHM|marlonhm\n|n| Gamer00ooO|gamer00ooo\n|n| ABO00|abo00\n","uploadtime":1699826361,"views":16,"p1id":"salpicadura","p2id":"luisin","formatid":"gen9ou","rating":0,"private":0,"password":""}