{"id":"gen9ou-1988548020","p1":"MaxKouto","p2":"Shxro","format":"[Gen 9] OU","log":"|j|\u2606MaxKouto\n|j|\u2606Shxro\n|t:|1699734795\n|gametype|singles\n|player|p1|MaxKouto|falkner|1150\n|player|p2|Shxro|n|1193\n|teamsize|p1|6\n|teamsize|p2|6\n|gen|9\n|tier|[Gen 9] OU\n|rated|\n|rule|Sleep Clause Mod: Limit one foe put to sleep\n|rule|Species Clause: Limit one of each Pok\u00e9mon\n|rule|OHKO Clause: OHKO moves are banned\n|rule|Evasion Items Clause: Evasion items are banned\n|rule|Evasion Moves Clause: Evasion moves are banned\n|rule|Endless Battle Clause: Forcing endless battles is banned\n|rule|HP Percentage Mod: HP is shown in percentages\n|clearpoke\n|poke|p1|Overqwil, M|\n|poke|p1|Beartic, M|\n|poke|p1|Corviknight, M|\n|poke|p1|Pawmot, M|\n|poke|p1|Politoed, M|\n|poke|p1|Pelipper, M|\n|poke|p2|Ceruledge, M|\n|poke|p2|Walking Wake|\n|poke|p2|Hatterene, F|\n|poke|p2|Kingambit, M|\n|poke|p2|Ogerpon-Cornerstone, F|\n|poke|p2|Enamorus, F|\n|teampreview\n|inactive|Battle timer is ON: inactive players will automatically lose when time's up. (requested by Shxro)\n|\n|t:|1699734806\n|start\n|switch|p1a: Felipedro|Pelipper, M|100\/100\n|switch|p2a: Hatterene|Hatterene, F|100\/100\n|-weather|RainDance|[from] ability: Drizzle|[of] p1a: Felipedro\n|turn|1\n|\n|t:|1699734811\n|move|p1a: Felipedro|U-turn|p2a: Hatterene\n|-damage|p2a: Hatterene|94\/100\n|\n|t:|1699734814\n|switch|p1a: San Lorenzo|Corviknight, M|100\/100|[from] U-turn\n|-ability|p1a: San Lorenzo|Pressure\n|move|p2a: Hatterene|Calm Mind|p2a: Hatterene\n|-boost|p2a: Hatterene|spa|1\n|-boost|p2a: Hatterene|spd|1\n|\n|-weather|RainDance|[upkeep]\n|-heal|p2a: Hatterene|99\/100|[from] item: Leftovers\n|upkeep\n|turn|2\n|\n|t:|1699734820\n|move|p1a: San Lorenzo|U-turn|p2a: Hatterene\n|-damage|p2a: Hatterene|89\/100\n|\n|t:|1699734824\n|switch|p1a: It's Over|Overqwil, M|100\/100|[from] U-turn\n|-item|p1a: It's Over|Air Balloon\n|move|p2a: Hatterene|Calm Mind|p2a: Hatterene\n|-boost|p2a: Hatterene|spa|1\n|-boost|p2a: Hatterene|spd|1\n|\n|-weather|RainDance|[upkeep]\n|-heal|p2a: Hatterene|95\/100|[from] item: Leftovers\n|upkeep\n|turn|3\n|\n|t:|1699734832\n|move|p1a: It's Over|Barb Barrage|p2a: Hatterene\n|-supereffective|p2a: Hatterene\n|-damage|p2a: Hatterene|48\/100\n|-status|p2a: Hatterene|psn\n|move|p2a: Hatterene|Draining Kiss|p1a: It's Over\n|-damage|p1a: It's Over|27\/100\n|-heal|p2a: Hatterene|100\/100 psn|[from] drain|[of] p1a: It's Over\n|-enditem|p1a: It's Over|Air Balloon\n|\n|-weather|RainDance|[upkeep]\n|-damage|p2a: Hatterene|88\/100 psn|[from] psn\n|upkeep\n|turn|4\n|\n|t:|1699734838\n|move|p1a: It's Over|Barb Barrage|p2a: Hatterene\n|-supereffective|p2a: Hatterene\n|-damage|p2a: Hatterene|0 fnt\n|faint|p2a: Hatterene\n|\n|-weather|RainDance|[upkeep]\n|upkeep\n|\n|t:|1699734842\n|switch|p2a: Enamorus|Enamorus, F|100\/100\n|turn|5\n|\n|t:|1699734858\n|move|p1a: It's Over|Crunch|p2a: Enamorus\n|-resisted|p2a: Enamorus\n|-damage|p2a: Enamorus|70\/100\n|-boost|p2a: Enamorus|def|1\n|move|p2a: Enamorus|Earth Power|p1a: It's Over\n|-supereffective|p1a: It's Over\n|-damage|p1a: It's Over|0 fnt\n|faint|p1a: It's Over\n|\n|-weather|RainDance|[upkeep]\n|upkeep\n|\n|t:|1699734871\n|switch|p1a: Polar|Beartic, M, shiny|100\/100\n|turn|6\n|\n|t:|1699734878\n|switch|p2a: Ogerpon|Ogerpon-Cornerstone, F|100\/100\n|move|p1a: Polar|Icicle Spear|p2a: Ogerpon\n|-supereffective|p2a: Ogerpon\n|-damage|p2a: Ogerpon|68\/100\n|-supereffective|p2a: Ogerpon\n|-damage|p2a: Ogerpon|33\/100\n|-supereffective|p2a: Ogerpon\n|-damage|p2a: Ogerpon|1\/100\n|-supereffective|p2a: Ogerpon\n|-damage|p2a: Ogerpon|0 fnt\n|faint|p2a: Ogerpon\n|-hitcount|p2: Ogerpon|4\n|\n|-weather|RainDance|[upkeep]\n|upkeep\n|\n|t:|1699734881\n|switch|p2a: Ceruledge|Ceruledge, M|100\/100\n|turn|7\n|\n|t:|1699734889\n|switch|p1a: Felipedro|Pelipper, M|100\/100\n|move|p2a: Ceruledge|Swords Dance|p2a: Ceruledge\n|-boost|p2a: Ceruledge|atk|2\n|\n|-weather|RainDance|[upkeep]\n|upkeep\n|turn|8\n|\n|t:|1699734897\n|move|p2a: Ceruledge|Swords Dance|p2a: Ceruledge\n|-boost|p2a: Ceruledge|atk|2\n|move|p1a: Felipedro|Hurricane|p2a: Ceruledge\n|-damage|p2a: Ceruledge|56\/100\n|\n|-weather|none\n|upkeep\n|turn|9\n|\n|t:|1699734903\n|move|p2a: Ceruledge|Poltergeist|p1a: Felipedro\n|-activate|p1a: Felipedro|move: Poltergeist|Damp Rock\n|-damage|p1a: Felipedro|0 fnt\n|faint|p1a: Felipedro\n|\n|upkeep\n|\n|t:|1699734907\n|switch|p1a: Sapo pepe|Politoed, M|100\/100\n|-weather|RainDance|[from] ability: Drizzle|[of] p1a: Sapo pepe\n|turn|10\n|\n|t:|1699734921\n|move|p2a: Ceruledge|Poltergeist|p1a: Sapo pepe\n|-activate|p1a: Sapo pepe|move: Poltergeist|Damp Rock\n|-damage|p1a: Sapo pepe|0 fnt\n|faint|p1a: Sapo pepe\n|\n|-weather|RainDance|[upkeep]\n|upkeep\n|\n|t:|1699734926\n|switch|p1a: Polar|Beartic, M, shiny|100\/100\n|turn|11\n|\n|t:|1699734931\n|move|p1a: Polar|Liquidation|p2a: Ceruledge\n|-supereffective|p2a: Ceruledge\n|-damage|p2a: Ceruledge|0 fnt\n|faint|p2a: Ceruledge\n|\n|-weather|RainDance|[upkeep]\n|upkeep\n|\n|t:|1699734935\n|switch|p2a: Kingambit|Kingambit, M|100\/100\n|-activate|p2a: Kingambit|ability: Supreme Overlord\n|-start|p2a: Kingambit|fallen3|[silent]\n|turn|12\n|\n|t:|1699734940\n|move|p1a: Polar|Close Combat|p2a: Kingambit\n|-supereffective|p2a: Kingambit\n|-damage|p2a: Kingambit|0 fnt\n|-unboost|p1a: Polar|def|1\n|-unboost|p1a: Polar|spd|1\n|faint|p2a: Kingambit\n|-end|p2a: Kingambit|fallen3|[silent]\n|\n|-weather|RainDance|[upkeep]\n|upkeep\n|\n|t:|1699734943\n|switch|p2a: Walking Wake|Walking Wake|100\/100\n|-enditem|p2a: Walking Wake|Booster Energy\n|-activate|p2a: Walking Wake|ability: Protosynthesis|[fromitem]\n|-start|p2a: Walking Wake|protosynthesisspa\n|turn|13\n|inactive|MaxKouto has 120 seconds left.\n|\n|t:|1699734976\n|move|p1a: Polar|Close Combat|p2a: Walking Wake\n|-damage|p2a: Walking Wake|51\/100\n|-unboost|p1a: Polar|def|1\n|-unboost|p1a: Polar|spd|1\n|move|p2a: Walking Wake|Hydro Steam|p1a: Polar\n|-damage|p1a: Polar|0 fnt\n|faint|p1a: Polar\n|\n|-weather|RainDance|[upkeep]\n|upkeep\n|inactive|MaxKouto has 120 seconds left.\n|\n|t:|1699734983\n|switch|p1a: Paw Paw|Pawmot, M|100\/100\n|turn|14\n|\n|t:|1699734990\n|move|p1a: Paw Paw|Revival Blessing|p1a: Paw Paw\n|\n|t:|1699735001\n|-heal|p1: Polar|50\/100|[from] move: Revival Blessing\n|move|p2a: Walking Wake|Hydro Steam|p1a: Paw Paw\n|-damage|p1a: Paw Paw|0 fnt\n|faint|p1a: Paw Paw\n|\n|-weather|RainDance|[upkeep]\n|upkeep\n|\n|t:|1699735008\n|switch|p1a: Polar|Beartic, M, shiny|50\/100\n|turn|15\n|\n|t:|1699735012\n|-terastallize|p1a: Polar|Fighting\n|-terastallize|p2a: Walking Wake|Water\n|move|p1a: Polar|Close Combat|p2a: Walking Wake\n|-damage|p2a: Walking Wake|0 fnt\n|-unboost|p1a: Polar|def|1\n|-unboost|p1a: Polar|spd|1\n|faint|p2a: Walking Wake\n|-end|p2a: Walking Wake|Protosynthesis|[silent]\n|\n|-weather|RainDance|[upkeep]\n|upkeep\n|\n|t:|1699735018\n|switch|p2a: Enamorus|Enamorus, F|70\/100\n|turn|16\n|\n|t:|1699735022\n|move|p2a: Enamorus|Moonblast|p1a: Polar\n|-supereffective|p1a: Polar\n|-damage|p1a: Polar|0 fnt\n|faint|p1a: Polar\n|\n|-weather|RainDance|[upkeep]\n|upkeep\n|\n|t:|1699735025\n|switch|p1a: San Lorenzo|Corviknight, M|100\/100\n|-ability|p1a: San Lorenzo|Pressure\n|turn|17\n|\n|t:|1699735028\n|move|p2a: Enamorus|Moonblast|p1a: San Lorenzo\n|-resisted|p1a: San Lorenzo\n|-damage|p1a: San Lorenzo|77\/100\n|move|p1a: San Lorenzo|Body Press|p2a: Enamorus\n|-resisted|p2a: Enamorus\n|-damage|p2a: Enamorus|60\/100\n|\n|-weather|none\n|upkeep\n|turn|18\n|\n|t:|1699735036\n|move|p2a: Enamorus|Moonblast|p1a: San Lorenzo\n|-resisted|p1a: San Lorenzo\n|-damage|p1a: San Lorenzo|55\/100\n|move|p1a: San Lorenzo|Body Press|p2a: Enamorus\n|-resisted|p2a: Enamorus\n|-damage|p2a: Enamorus|49\/100\n|\n|upkeep\n|turn|19\n|\n|t:|1699735043\n|move|p2a: Enamorus|Moonblast|p1a: San Lorenzo\n|-resisted|p1a: San Lorenzo\n|-damage|p1a: San Lorenzo|28\/100\n|move|p1a: San Lorenzo|Roost|p1a: San Lorenzo\n|-heal|p1a: San Lorenzo|78\/100\n|-singleturn|p1a: San Lorenzo|move: Roost\n|\n|upkeep\n|turn|20\n|\n|t:|1699735047\n|move|p2a: Enamorus|Moonblast|p1a: San Lorenzo\n|-resisted|p1a: San Lorenzo\n|-crit|p1a: San Lorenzo\n|-damage|p1a: San Lorenzo|43\/100\n|move|p1a: San Lorenzo|Body Press|p2a: Enamorus\n|-resisted|p2a: Enamorus\n|-damage|p2a: Enamorus|39\/100\n|\n|upkeep\n|turn|21\n|\n|t:|1699735052\n|move|p2a: Enamorus|Moonblast|p1a: San Lorenzo\n|-resisted|p1a: San Lorenzo\n|-damage|p1a: San Lorenzo|18\/100\n|-unboost|p1a: San Lorenzo|spa|1\n|move|p1a: San Lorenzo|Roost|p1a: San Lorenzo\n|-heal|p1a: San Lorenzo|68\/100\n|-singleturn|p1a: San Lorenzo|move: Roost\n|\n|upkeep\n|turn|22\n|\n|t:|1699735068\n|move|p2a: Enamorus|Moonblast|p1a: San Lorenzo\n|-resisted|p1a: San Lorenzo\n|-damage|p1a: San Lorenzo|45\/100\n|move|p1a: San Lorenzo|Roost|p1a: San Lorenzo\n|-heal|p1a: San Lorenzo|95\/100\n|-singleturn|p1a: San Lorenzo|move: Roost\n|\n|upkeep\n|turn|23\n|\n|t:|1699735074\n|move|p2a: Enamorus|Moonblast|p1a: San Lorenzo\n|-resisted|p1a: San Lorenzo\n|-damage|p1a: San Lorenzo|72\/100\n|move|p1a: San Lorenzo|Body Press|p2a: Enamorus\n|-resisted|p2a: Enamorus\n|-damage|p2a: Enamorus|27\/100\n|\n|upkeep\n|turn|24\n|\n|t:|1699735079\n|move|p2a: Enamorus|Moonblast|p1a: San Lorenzo\n|-resisted|p1a: San Lorenzo\n|-damage|p1a: San Lorenzo|49\/100\n|move|p1a: San Lorenzo|Body Press|p2a: Enamorus\n|-resisted|p2a: Enamorus\n|-damage|p2a: Enamorus|17\/100\n|\n|upkeep\n|turn|25\n|\n|t:|1699735083\n|move|p2a: Enamorus|Moonblast|p1a: San Lorenzo\n|-resisted|p1a: San Lorenzo\n|-damage|p1a: San Lorenzo|25\/100\n|move|p1a: San Lorenzo|Roost|p1a: San Lorenzo\n|-heal|p1a: San Lorenzo|75\/100\n|-singleturn|p1a: San Lorenzo|move: Roost\n|\n|upkeep\n|turn|26\n|\n|t:|1699735086\n|move|p2a: Enamorus|Moonblast|p1a: San Lorenzo\n|-resisted|p1a: San Lorenzo\n|-damage|p1a: San Lorenzo|52\/100\n|move|p1a: San Lorenzo|Body Press|p2a: Enamorus\n|-resisted|p2a: Enamorus\n|-damage|p2a: Enamorus|6\/100\n|\n|upkeep\n|turn|27\n|\n|t:|1699735090\n|move|p2a: Enamorus|Moonblast|p1a: San Lorenzo\n|-resisted|p1a: San Lorenzo\n|-damage|p1a: San Lorenzo|28\/100\n|-unboost|p1a: San Lorenzo|spa|1\n|move|p1a: San Lorenzo|Body Press|p2a: Enamorus\n|-resisted|p2a: Enamorus\n|-damage|p2a: Enamorus|0 fnt\n|faint|p2a: Enamorus\n|\n|win|MaxKouto\n|raw|MaxKouto's rating: 1150 &rarr; <strong>1178<\/strong><br \/>(+28 for winning)\n|raw|Shxro's rating: 1193 &rarr; <strong>1165<\/strong><br \/>(-28 for losing)\n|l|\u2606Shxro\n","uploadtime":1699735097,"views":12,"p1id":"maxkouto","p2id":"shxro","formatid":"gen9ou","rating":1165,"private":0,"password":""}