{"id":"gen9ou-1993785265","p1":"RedemptionDeath","p2":"n1 gholdengo hater","format":"[Gen 9] OU","log":"|j|\u2606RedemptionDeath\n|j|\u2606n1 gholdengo hater\n|t:|1700356973\n|gametype|singles\n|player|p1|RedemptionDeath|1|1077\n|player|p2|n1 gholdengo hater|burglar|1075\n|teamsize|p1|6\n|teamsize|p2|6\n|gen|9\n|tier|[Gen 9] OU\n|rated|\n|rule|Sleep Clause Mod: Limit one foe put to sleep\n|rule|Species Clause: Limit one of each Pok\u00e9mon\n|rule|OHKO Clause: OHKO moves are banned\n|rule|Evasion Items Clause: Evasion items are banned\n|rule|Evasion Moves Clause: Evasion moves are banned\n|rule|Endless Battle Clause: Forcing endless battles is banned\n|rule|HP Percentage Mod: HP is shown in percentages\n|clearpoke\n|poke|p1|Clodsire, M|\n|poke|p1|Dondozo, M|\n|poke|p1|Alomomola, M|\n|poke|p1|Corviknight, F|\n|poke|p1|Toxapex, F|\n|poke|p1|Blissey, F|\n|poke|p2|Magnezone|\n|poke|p2|Ceruledge, M|\n|poke|p2|Hawlucha, F|\n|poke|p2|Alomomola, M|\n|poke|p2|Iron Treads|\n|poke|p2|Kommo-o, M|\n|teampreview\n|\n|t:|1700357002\n|start\n|switch|p1a: Blissey|Blissey, F|100\/100\n|switch|p2a: Millennium Falcon|Magnezone|100\/100\n|turn|1\n|\n|t:|1700357007\n|move|p2a: Millennium Falcon|Volt Switch|p1a: Blissey\n|-damage|p1a: Blissey|89\/100\n|\n|t:|1700357013\n|switch|p2a: Hawl Solo|Hawlucha, F|100\/100|[from] Volt Switch\n|move|p1a: Blissey|Stealth Rock|p2a: Hawl Solo\n|-sidestart|p2: n1 gholdengo hater|move: Stealth Rock\n|\n|upkeep\n|turn|2\n|\n|t:|1700357024\n|switch|p1a: Toxapex|Toxapex, F|100\/100\n|move|p2a: Hawl Solo|Close Combat|p1a: Toxapex\n|-resisted|p1a: Toxapex\n|-damage|p1a: Toxapex|77\/100\n|-unboost|p2a: Hawl Solo|def|1\n|-unboost|p2a: Hawl Solo|spd|1\n|\n|upkeep\n|turn|3\n|\n|t:|1700357044\n|switch|p2a: AT-AT|Iron Treads|100\/100\n|-damage|p2a: AT-AT|97\/100|[from] Stealth Rock\n|-enditem|p2a: AT-AT|Booster Energy\n|-activate|p2a: AT-AT|ability: Quark Drive|[fromitem]\n|-start|p2a: AT-AT|quarkdrivespe\n|move|p1a: Toxapex|Infestation|p2a: AT-AT\n|-resisted|p2a: AT-AT\n|-damage|p2a: AT-AT|96\/100\n|-activate|p2a: AT-AT|move: Infestation|[of] p1a: Toxapex\n|\n|-damage|p2a: AT-AT|83\/100|[from] move: Infestation|[partiallytrapped]\n|upkeep\n|turn|4\n|\n|t:|1700357061\n|-terastallize|p1a: Toxapex|Fairy\n|move|p2a: AT-AT|Earthquake|p1a: Toxapex\n|-damage|p1a: Toxapex|51\/100\n|move|p1a: Toxapex|Toxic|p2a: AT-AT\n|-immune|p2a: AT-AT\n|\n|-damage|p2a: AT-AT|71\/100|[from] move: Infestation|[partiallytrapped]\n|upkeep\n|turn|5\n|c|\u2606RedemptionDeath|oh\n|\n|t:|1700357070\n|move|p2a: AT-AT|Iron Head|p1a: Toxapex\n|-supereffective|p1a: Toxapex\n|-damage|p1a: Toxapex|5\/100\n|move|p1a: Toxapex|Recover|p1a: Toxapex\n|-heal|p1a: Toxapex|55\/100\n|\n|-damage|p2a: AT-AT|58\/100|[from] move: Infestation|[partiallytrapped]\n|upkeep\n|turn|6\n|c|\u2606RedemptionDeath|you're that version\n|c|\u2606RedemptionDeath|fk you man\n|\n|t:|1700357078\n|move|p2a: AT-AT|Iron Head|p1a: Toxapex\n|-supereffective|p1a: Toxapex\n|-damage|p1a: Toxapex|10\/100\n|move|p1a: Toxapex|Recover|p1a: Toxapex\n|-heal|p1a: Toxapex|60\/100\n|\n|-damage|p2a: AT-AT|46\/100|[from] move: Infestation|[partiallytrapped]\n|upkeep\n|turn|7\n|\n|t:|1700357089\n|switch|p1a: Corviknight|Corviknight, F|100\/100\n|-ability|p1a: Corviknight|Pressure\n|move|p2a: AT-AT|Rapid Spin|p1a: Corviknight\n|-resisted|p1a: Corviknight\n|-damage|p1a: Corviknight|94\/100\n|-boost|p2a: AT-AT|spe|1\n|-sideend|p2: n1 gholdengo hater|Stealth Rock|[from] move: Rapid Spin|[of] p2a: AT-AT\n|-end|p2a: AT-AT|Infestation|[partiallytrapped]\n|\n|-heal|p1a: Corviknight|99\/100|[from] item: Leftovers\n|upkeep\n|turn|8\n|\n|t:|1700357100\n|-end|p2a: AT-AT|Quark Drive|[silent]\n|switch|p2a: Millennium Falcon|Magnezone|100\/100\n|move|p1a: Corviknight|Brave Bird|p2a: Millennium Falcon\n|-resisted|p2a: Millennium Falcon\n|-damage|p2a: Millennium Falcon|91\/100\n|-damage|p1a: Corviknight|98\/100|[from] Recoil\n|\n|-heal|p1a: Corviknight|100\/100|[from] item: Leftovers\n|upkeep\n|turn|9\n|c|\u2606RedemptionDeath|what\n|c|\u2606RedemptionDeath|I can get trapped?\n|c|\u2606RedemptionDeath|Who tf came up with this\n|c|\u2606RedemptionDeath|huuu\n|c|\u2606RedemptionDeath|h\n|l|\u2606RedemptionDeath\n|player|p1|\n|c|\u2606n1 gholdengo hater|deserve it for running stall tbh\n|c|\u2606n1 gholdengo hater|lol\n|j|\u2606RedemptionDeath\n|player|p1|RedemptionDeath|1\n|c|\u2606RedemptionDeath|What else would I join, your shitty team\n|c|\u2606RedemptionDeath|run*\n|c|\u2606RedemptionDeath|not join\n|c|\u2606n1 gholdengo hater|i mean yeah\n|\n|t:|1700357186\n|move|p2a: Millennium Falcon|Thunderbolt|p1a: Corviknight\n|-supereffective|p1a: Corviknight\n|-damage|p1a: Corviknight|39\/100\n|move|p1a: Corviknight|Bulk Up|p1a: Corviknight\n|-boost|p1a: Corviknight|atk|1\n|-boost|p1a: Corviknight|def|1\n|\n|-heal|p1a: Corviknight|45\/100|[from] item: Leftovers\n|upkeep\n|turn|10\n|c|\u2606n1 gholdengo hater|matches up well into the meta game\n|\n|t:|1700357196\n|move|p2a: Millennium Falcon|Thunderbolt|p1a: Corviknight\n|-supereffective|p1a: Corviknight\n|-damage|p1a: Corviknight|0 fnt\n|faint|p1a: Corviknight\n|\n|upkeep\n|c|\u2606RedemptionDeath|dawg\n|c|\u2606RedemptionDeath|meta doesn't bother me\n|c|\u2606n1 gholdengo hater|ight\n|c|\u2606RedemptionDeath|I have fun with stall, nto running pokemon like cereleudge\n|\n|t:|1700357221\n|switch|p1a: Clodsire|Clodsire, M|100\/100\n|turn|11\n|c|\u2606n1 gholdengo hater|i wouldnt call ceruledge meta tbh\n|\n|t:|1700357231\n|switch|p2a: Hawl Solo|Hawlucha, F|100\/100\n|switch|p1a: Blissey|Blissey, F|89\/100\n|\n|upkeep\n|turn|12\n|\n|t:|1700357242\n|switch|p1a: Toxapex|Toxapex, F, tera:Fairy|93\/100\n|move|p2a: Hawl Solo|U-turn|p1a: Toxapex\n|-resisted|p1a: Toxapex\n|-damage|p1a: Toxapex|84\/100\n|c|\u2606RedemptionDeath|90% of people I've seen run cereleudge\n|\n|t:|1700357250\n|switch|p2a: Millennium Falcon|Magnezone|91\/100|[from] U-turn\n|\n|upkeep\n|turn|13\n|c|\u2606n1 gholdengo hater|huh\n|c|\u2606RedemptionDeath|doesn't bother me what meta is, I don't even know anymore\n|c|\u2606RedemptionDeath|I don't even know my own pokemon weaknesses or other pokemon movesets\n|c|\u2606n1 gholdengo hater|hell probs me up in usage soon hes kinda busted\n|\n|t:|1700357278\n|switch|p1a: Clodsire|Clodsire, M|100\/100\n|move|p2a: Millennium Falcon|Flash Cannon|p1a: Clodsire\n|-damage|p1a: Clodsire|77\/100\n|\n|upkeep\n|turn|14\n|\n|t:|1700357292\n|switch|p2a: Hawl Solo|Hawlucha, F|100\/100\n|move|p1a: Clodsire|Earthquake|p2a: Hawl Solo\n|-immune|p2a: Hawl Solo\n|\n|upkeep\n|turn|15\n|c|\u2606RedemptionDeath|bruh he's flying\n|c|\u2606RedemptionDeath|I thought he was fighting\n|c|\u2606n1 gholdengo hater|dual typed\n|\n|t:|1700357318\n|switch|p1a: Dondozo|Dondozo, M|100\/100\n|move|p2a: Hawl Solo|U-turn|p1a: Dondozo\n|-damage|p1a: Dondozo|87\/100\n|\n|t:|1700357324\n|switch|p2a: Millennium Falcon|Magnezone|91\/100|[from] U-turn\n|\n|upkeep\n|turn|16\n|c|\u2606RedemptionDeath|dawg\n|c|\u2606RedemptionDeath|all you do is go the same pokemon\n|-message|RedemptionDeath forfeited.\n|\n|win|n1 gholdengo hater\n|raw|RedemptionDeath's rating: 1077 &rarr; <strong>1055<\/strong><br \/>(-22 for losing)\n|raw|n1 gholdengo hater's rating: 1075 &rarr; <strong>1104<\/strong><br \/>(+29 for winning)\n|l|\u2606RedemptionDeath\n|c|\u2606n1 gholdengo hater|because they do well into your team?\n","uploadtime":1700357459,"views":15,"p1id":"redemptiondeath","p2id":"n1gholdengohater","formatid":"gen9ou","rating":1055,"private":0,"password":""}