{"id":"gen9ou-1992100798","p1":"ytfffehg","p2":"Da1mon!","format":"[Gen 9] OU","log":"|j|\u2606ytfffehg\n|j|\u2606Da1mon!\n|t:|1700155146\n|gametype|singles\n|player|p1|ytfffehg|169|1267\n|player|p2|Da1mon!|palmer|1395\n|teamsize|p1|6\n|teamsize|p2|6\n|gen|9\n|tier|[Gen 9] OU\n|rated|\n|rule|Sleep Clause Mod: Limit one foe put to sleep\n|rule|Species Clause: Limit one of each Pok\u00e9mon\n|rule|OHKO Clause: OHKO moves are banned\n|rule|Evasion Items Clause: Evasion items are banned\n|rule|Evasion Moves Clause: Evasion moves are banned\n|rule|Endless Battle Clause: Forcing endless battles is banned\n|rule|HP Percentage Mod: HP is shown in percentages\n|clearpoke\n|poke|p1|Iron Valiant|\n|poke|p1|Greninja-*, M|\n|poke|p1|Gholdengo|\n|poke|p1|Zamazenta-*|\n|poke|p1|Great Tusk|\n|poke|p1|Landorus-Therian, M|\n|poke|p2|Ogerpon-Cornerstone, F|\n|poke|p2|Zoroark, F|\n|poke|p2|Grafaiai, M|\n|poke|p2|Torkoal, M|\n|poke|p2|Clefable, M|\n|poke|p2|Dragonite, F|\n|teampreview\n|j| Scrammysaur\n|\n|t:|1700155166\n|start\n|switch|p1a: Landorus|Landorus-Therian, M|100\/100\n|switch|p2a: Ogerpon|Ogerpon-Cornerstone, F|100\/100\n|-ability|p1a: Landorus|Intimidate|boost\n|-unboost|p2a: Ogerpon|atk|1\n|turn|1\n|c| Scrammysaur|*a crowd gathers*\n|\n|t:|1700155200\n|move|p2a: Ogerpon|Spikes|p1a: Landorus\n|-sidestart|p1: ytfffehg|Spikes\n|move|p1a: Landorus|Sludge Bomb|p2a: Ogerpon\n|-damage|p2a: Ogerpon|68\/100\n|\n|upkeep\n|turn|2\n|\n|t:|1700155226\n|move|p2a: Ogerpon|Ivy Cudgel|p1a: Landorus|[anim] Ivy Cudgel Rock\n|-damage|p1a: Landorus|64\/100\n|move|p1a: Landorus|Earth Power|p2a: Ogerpon\n|-damage|p2a: Ogerpon|16\/100\n|-unboost|p2a: Ogerpon|spd|1\n|\n|upkeep\n|turn|3\n|\n|t:|1700155233\n|move|p2a: Ogerpon|Spikes|p1a: Landorus\n|-sidestart|p1: ytfffehg|Spikes\n|move|p1a: Landorus|Earth Power|p2a: Ogerpon\n|-damage|p2a: Ogerpon|0 fnt\n|faint|p2a: Ogerpon\n|\n|upkeep\n|\n|t:|1700155239\n|switch|p2a: Dragonite|Dragonite, F|100\/100\n|turn|4\n|\n|t:|1700155243\n|move|p2a: Dragonite|Dragon Dance|p2a: Dragonite\n|-boost|p2a: Dragonite|atk|1\n|-boost|p2a: Dragonite|spe|1\n|move|p1a: Landorus|Sludge Bomb|p2a: Dragonite\n|-damage|p2a: Dragonite|84\/100\n|\n|upkeep\n|turn|5\n|\n|t:|1700155250\n|switch|p1a: Great Tusk|Great Tusk|100\/100\n|-damage|p1a: Great Tusk|84\/100|[from] Spikes\n|move|p2a: Dragonite|Dragon Dance|p2a: Dragonite\n|-boost|p2a: Dragonite|atk|1\n|-boost|p2a: Dragonite|spe|1\n|\n|-heal|p1a: Great Tusk|90\/100|[from] item: Leftovers\n|upkeep\n|turn|6\n|\n|t:|1700155261\n|move|p2a: Dragonite|Dragon Claw|p1a: Great Tusk\n|-damage|p1a: Great Tusk|19\/100\n|move|p1a: Great Tusk|Rapid Spin|p2a: Dragonite\n|-damage|p2a: Dragonite|65\/100\n|-boost|p1a: Great Tusk|spe|1\n|-sideend|p1: ytfffehg|Spikes|[from] move: Rapid Spin|[of] p1a: Great Tusk\n|\n|-heal|p1a: Great Tusk|25\/100|[from] item: Leftovers\n|upkeep\n|turn|7\n|\n|t:|1700155270\n|-end|p1a: Great Tusk|Protosynthesis|[silent]\n|switch|p1a: Landorus|Landorus-Therian, M|64\/100\n|-ability|p1a: Landorus|Intimidate|boost\n|-unboost|p2a: Dragonite|atk|1\n|move|p2a: Dragonite|Earthquake|p1a: Landorus\n|-immune|p1a: Landorus\n|\n|upkeep\n|turn|8\n|\n|t:|1700155278\n|switch|p1a: Great Tusk|Great Tusk|25\/100\n|move|p2a: Dragonite|Dragon Dance|p2a: Dragonite\n|-boost|p2a: Dragonite|atk|1\n|-boost|p2a: Dragonite|spe|1\n|\n|-heal|p1a: Great Tusk|31\/100|[from] item: Leftovers\n|upkeep\n|turn|9\n|\n|t:|1700155291\n|-end|p1a: Great Tusk|Protosynthesis|[silent]\n|switch|p1a: Landorus|Landorus-Therian, M|64\/100\n|-ability|p1a: Landorus|Intimidate|boost\n|-unboost|p2a: Dragonite|atk|1\n|move|p2a: Dragonite|Dragon Dance|p2a: Dragonite\n|-boost|p2a: Dragonite|atk|1\n|-boost|p2a: Dragonite|spe|1\n|\n|upkeep\n|turn|10\n|\n|t:|1700155302\n|move|p2a: Dragonite|Dragon Dance|p2a: Dragonite\n|-boost|p2a: Dragonite|atk|1\n|-boost|p2a: Dragonite|spe|1\n|move|p1a: Landorus|Sludge Bomb|p2a: Dragonite\n|-damage|p2a: Dragonite|36\/100\n|\n|upkeep\n|turn|11\n|\n|t:|1700155308\n|switch|p1a: Great Tusk|Great Tusk|31\/100\n|move|p2a: Dragonite|Dragon Claw|p1a: Great Tusk\n|-damage|p1a: Great Tusk|0 fnt\n|faint|p1a: Great Tusk\n|-end|p1a: Great Tusk|Protosynthesis|[silent]\n|\n|upkeep\n|\n|t:|1700155315\n|switch|p1a: Landorus|Landorus-Therian, M|64\/100\n|-ability|p1a: Landorus|Intimidate|boost\n|-unboost|p2a: Dragonite|atk|1\n|turn|12\n|\n|t:|1700155327\n|move|p2a: Dragonite|Extreme Speed|p1a: Landorus\n|-damage|p1a: Landorus|3\/100\n|move|p1a: Landorus|Sludge Bomb|p2a: Dragonite\n|-damage|p2a: Dragonite|2\/100\n|\n|upkeep\n|turn|13\n|\n|t:|1700155335\n|switch|p1a: Gholdengo|Gholdengo|100\/100\n|-item|p1a: Gholdengo|Air Balloon\n|move|p2a: Dragonite|Dragon Claw|p1a: Gholdengo\n|-resisted|p1a: Gholdengo\n|-damage|p1a: Gholdengo|53\/100\n|-enditem|p1a: Gholdengo|Air Balloon\n|\n|upkeep\n|turn|14\n|\n|t:|1700155344\n|switch|p1a: Landorus|Landorus-Therian, M|3\/100\n|-ability|p1a: Landorus|Intimidate|boost\n|-unboost|p2a: Dragonite|atk|1\n|move|p2a: Dragonite|Earthquake|p1a: Landorus\n|-immune|p1a: Landorus\n|\n|upkeep\n|turn|15\n|\n|t:|1700155351\n|move|p2a: Dragonite|Extreme Speed|p1a: Landorus\n|-crit|p1a: Landorus\n|-damage|p1a: Landorus|0 fnt\n|faint|p1a: Landorus\n|\n|upkeep\n|\n|t:|1700155358\n|switch|p1a: Zamazenta|Zamazenta|100\/100\n|-ability|p1a: Zamazenta|Dauntless Shield|boost\n|-boost|p1a: Zamazenta|def|1\n|turn|16\n|\n|t:|1700155368\n|-terastallize|p1a: Zamazenta|Steel\n|move|p2a: Dragonite|Dragon Claw|p1a: Zamazenta\n|-resisted|p1a: Zamazenta\n|-damage|p1a: Zamazenta|80\/100\n|move|p1a: Zamazenta|Iron Head|p2a: Dragonite\n|-damage|p2a: Dragonite|0 fnt\n|faint|p2a: Dragonite\n|\n|upkeep\n|\n|t:|1700155384\n|switch|p2a: Torkoal|Torkoal, M|100\/100\n|-weather|SunnyDay|[from] ability: Drought|[of] p2a: Torkoal\n|turn|17\n|\n|t:|1700155394\n|switch|p1a: Gholdengo|Gholdengo|53\/100\n|move|p2a: Torkoal|Lava Plume|p1a: Gholdengo\n|-supereffective|p1a: Gholdengo\n|-damage|p1a: Gholdengo|0 fnt\n|faint|p1a: Gholdengo\n|\n|-weather|SunnyDay|[upkeep]\n|upkeep\n|c| Scrammysaur|*the crowd getting louder*\n|\n|t:|1700155403\n|switch|p1a: Greninja|Greninja, M|100\/100\n|turn|18\n|\n|t:|1700155408\n|move|p1a: Greninja|Dark Pulse|p2a: Torkoal\n|-damage|p2a: Torkoal|57\/100\n|-damage|p1a: Greninja|91\/100|[from] item: Life Orb\n|move|p2a: Torkoal|Stealth Rock|p1a: Greninja\n|-sidestart|p1: ytfffehg|move: Stealth Rock\n|\n|-weather|SunnyDay|[upkeep]\n|upkeep\n|turn|19\n|\n|t:|1700155414\n|move|p1a: Greninja|Hydro Pump|p2a: Torkoal\n|-supereffective|p2a: Torkoal\n|-damage|p2a: Torkoal|2\/100\n|-damage|p1a: Greninja|81\/100|[from] item: Life Orb\n|move|p2a: Torkoal|Shell Smash|p2a: Torkoal\n|-unboost|p2a: Torkoal|def|1\n|-unboost|p2a: Torkoal|spd|1\n|-boost|p2a: Torkoal|atk|2\n|-boost|p2a: Torkoal|spa|2\n|-boost|p2a: Torkoal|spe|2\n|-enditem|p2a: Torkoal|Eject Pack\n|\n|t:|1700155419\n|switch|p2a: Clefable|Clefable, M|100\/100\n|\n|-weather|SunnyDay|[upkeep]\n|upkeep\n|turn|20\n|c|\u2606Da1mon!|You should prolly switch out\n|\n|t:|1700155440\n|switch|p1a: Zamazenta|Zamazenta, tera:Steel|80\/100\n|-damage|p1a: Zamazenta|74\/100|[from] Stealth Rock\n|move|p2a: Clefable|Copycat|p2a: Clefable\n|move|p2a: Clefable|Shell Smash|p2a: Clefable|[from]move: Copycat\n|-unboost|p2a: Clefable|def|1\n|-unboost|p2a: Clefable|spd|1\n|-boost|p2a: Clefable|atk|2\n|-boost|p2a: Clefable|spa|2\n|-boost|p2a: Clefable|spe|2\n|\n|-weather|SunnyDay|[upkeep]\n|upkeep\n|turn|21\n|\n|t:|1700155452\n|move|p2a: Clefable|Flamethrower|p1a: Zamazenta\n|-supereffective|p1a: Zamazenta\n|-damage|p1a: Zamazenta|0 fnt\n|faint|p1a: Zamazenta\n|\n|-weather|none\n|upkeep\n|-message|ytfffehg forfeited.\n|\n|win|Da1mon!\n|raw|ytfffehg's rating: 1267 &rarr; <strong>1251<\/strong><br \/>(-16 for losing)\n|raw|Da1mon!'s rating: 1395 &rarr; <strong>1408<\/strong><br \/>(+13 for winning)\n|l|\u2606ytfffehg\n|c| Scrammysaur|*the crowd gives daimon a pie and hugs*\n|l| Scrammysaur\n|l|\u2606Da1mon!\n|j|\u2606Da1mon!\n|player|p2|Da1mon!|palmer\n","uploadtime":1700155535,"views":7,"p1id":"ytfffehg","p2id":"da1mon","formatid":"gen9ou","rating":1251,"private":0,"password":""}