{"id":"gen9ou-1998272223","p1":"dsppp","p2":"Remioche","format":"[Gen 9] OU","log":"|j|\u2606dsppp\n|j|\u2606Remioche\n|t:|1700922991\n|gametype|singles\n|player|p1|dsppp|1|1593\n|player|p2|Remioche|unknown|1661\n|teamsize|p1|6\n|teamsize|p2|6\n|gen|9\n|tier|[Gen 9] OU\n|rated|\n|rule|Sleep Clause Mod: Limit one foe put to sleep\n|rule|Species Clause: Limit one of each Pok\u00e9mon\n|rule|OHKO Clause: OHKO moves are banned\n|rule|Evasion Items Clause: Evasion items are banned\n|rule|Evasion Moves Clause: Evasion moves are banned\n|rule|Endless Battle Clause: Forcing endless battles is banned\n|rule|HP Percentage Mod: HP is shown in percentages\n|clearpoke\n|poke|p1|Ogerpon-Wellspring, F|\n|poke|p1|Kommo-o, M|\n|poke|p1|Great Tusk|\n|poke|p1|Iron Valiant|\n|poke|p1|Moltres|\n|poke|p1|Dragapult, M|\n|poke|p2|Sandy Shocks|\n|poke|p2|Slowking-Galar, F|\n|poke|p2|Dragonite, F|\n|poke|p2|Corviknight, M|\n|poke|p2|Cinderace, M|\n|poke|p2|Iron Valiant|\n|teampreview\n|inactive|Battle timer is ON: inactive players will automatically lose when time's up. (requested by Remioche)\n|\n|t:|1700923009\n|start\n|switch|p1a: Kommo-o|Kommo-o, M|100\/100\n|switch|p2a: Jeaneau|Cinderace, M, shiny|100\/100\n|turn|1\n|\n|t:|1700923016\n|move|p2a: Jeaneau|U-turn|p1a: Kommo-o\n|-start|p2a: Jeaneau|typechange|Bug|[from] ability: Libero\n|-resisted|p1a: Kommo-o\n|-damage|p1a: Kommo-o|90\/100\n|\n|t:|1700923022\n|switch|p2a: Iron Valiant|Iron Valiant|100\/100|[from] U-turn\n|move|p1a: Kommo-o|Stealth Rock|p2a: Iron Valiant\n|-sidestart|p2: Remioche|move: Stealth Rock\n|\n|-heal|p1a: Kommo-o|96\/100|[from] item: Leftovers\n|upkeep\n|turn|2\n|inactive|dsppp has 120 seconds left.\n|inactive|dsppp has 90 seconds left.\n|\n|t:|1700923108\n|switch|p1a: Moltres|Moltres|100\/100\n|move|p2a: Iron Valiant|Moonblast|p1a: Moltres\n|-resisted|p1a: Moltres\n|-damage|p1a: Moltres|86\/100\n|\n|upkeep\n|turn|3\n|inactive|Remioche has 120 seconds left.\n|\n|t:|1700923154\n|-end|p2a: Iron Valiant|Quark Drive|[silent]\n|switch|p2a: Slowking|Slowking-Galar, F|100\/100\n|-damage|p2a: Slowking|88\/100|[from] Stealth Rock\n|move|p1a: Moltres|Hurricane|p2a: Slowking\n|-damage|p2a: Slowking|61\/100\n|\n|-heal|p2a: Slowking|67\/100|[from] item: Leftovers\n|upkeep\n|turn|4\n|\n|t:|1700923161\n|move|p1a: Moltres|Will-O-Wisp|p2a: Slowking\n|-status|p2a: Slowking|brn\n|move|p2a: Slowking|Chilly Reception|p2a: Slowking\n|-weather|Snow\n|\n|t:|1700923172\n|switch|p2a: Kouign Amann|Sandy Shocks|100\/100|[from] Chilly Reception\n|-damage|p2a: Kouign Amann|94\/100|[from] Stealth Rock\n|\n|-weather|Snow|[upkeep]\n|upkeep\n|turn|5\n|inactive|dsppp has 90 seconds left.\n|\n|t:|1700923177\n|switch|p1a: Kommo-o|Kommo-o, M|96\/100\n|move|p2a: Kouign Amann|Volt Switch|p1a: Kommo-o\n|-resisted|p1a: Kommo-o\n|-damage|p1a: Kommo-o|74\/100\n|\n|t:|1700923184\n|-end|p2a: Kouign Amann|Protosynthesis|[silent]\n|switch|p2a: Iron Valiant|Iron Valiant|100\/100|[from] Volt Switch\n|-damage|p2a: Iron Valiant|94\/100|[from] Stealth Rock\n|\n|-weather|Snow|[upkeep]\n|-heal|p1a: Kommo-o|80\/100|[from] item: Leftovers\n|upkeep\n|turn|6\n|inactive|Remioche has 120 seconds left.\n|\n|t:|1700923191\n|switch|p1a: Moltres|Moltres|86\/100\n|move|p2a: Iron Valiant|Knock Off|p1a: Moltres\n|-damage|p1a: Moltres|55\/100\n|-status|p2a: Iron Valiant|brn|[from] ability: Flame Body|[of] p1a: Moltres\n|-enditem|p1a: Moltres|Heavy-Duty Boots|[from] move: Knock Off|[of] p2a: Iron Valiant\n|\n|-weather|Snow|[upkeep]\n|-damage|p2a: Iron Valiant|88\/100 brn|[from] brn\n|upkeep\n|turn|7\n|\n|t:|1700923202\n|-end|p2a: Iron Valiant|Quark Drive|[silent]\n|switch|p2a: Slowking|Slowking-Galar, F|100\/100 brn\n|-damage|p2a: Slowking|88\/100 brn|[from] Stealth Rock\n|move|p1a: Moltres|Roost|p1a: Moltres\n|-heal|p1a: Moltres|100\/100\n|-singleturn|p1a: Moltres|move: Roost\n|\n|-weather|Snow|[upkeep]\n|-heal|p2a: Slowking|94\/100 brn|[from] item: Leftovers\n|-damage|p2a: Slowking|88\/100 brn|[from] brn\n|upkeep\n|turn|8\n|\n|t:|1700923210\n|move|p1a: Moltres|Hurricane|p2a: Slowking\n|-damage|p2a: Slowking|63\/100 brn\n|-start|p2a: Slowking|confusion\n|-activate|p2a: Slowking|confusion\n|move|p2a: Slowking|Thunder Wave|p1a: Moltres|[miss]\n|-miss|p2a: Slowking|p1a: Moltres\n|\n|-weather|none\n|-heal|p2a: Slowking|69\/100 brn|[from] item: Leftovers\n|-damage|p2a: Slowking|63\/100 brn|[from] brn\n|upkeep\n|turn|9\n|\n|t:|1700923220\n|move|p1a: Moltres|Flamethrower|p2a: Slowking\n|-damage|p2a: Slowking|42\/100 brn\n|-end|p2a: Slowking|confusion\n|move|p2a: Slowking|Chilly Reception|p2a: Slowking\n|-weather|Snow\n|\n|t:|1700923228\n|switch|p2a: Kouign Amann|Sandy Shocks|94\/100|[from] Chilly Reception\n|-damage|p2a: Kouign Amann|88\/100|[from] Stealth Rock\n|\n|-weather|Snow|[upkeep]\n|upkeep\n|turn|10\n|\n|t:|1700923237\n|switch|p1a: Great Tusk|Great Tusk|100\/100\n|-enditem|p1a: Great Tusk|Booster Energy\n|-activate|p1a: Great Tusk|ability: Protosynthesis|[fromitem]\n|-start|p1a: Great Tusk|protosynthesisatk\n|move|p2a: Kouign Amann|Volt Switch|p1a: Great Tusk\n|-immune|p1a: Great Tusk\n|\n|-weather|Snow|[upkeep]\n|upkeep\n|turn|11\n|inactive|dsppp has 120 seconds left.\n|\n|t:|1700923243\n|-end|p2a: Kouign Amann|Protosynthesis|[silent]\n|switch|p2a: Corviknight|Corviknight, M|100\/100\n|-damage|p2a: Corviknight|88\/100|[from] Stealth Rock\n|-ability|p2a: Corviknight|Pressure\n|move|p1a: Great Tusk|Rapid Spin|p2a: Corviknight\n|-resisted|p2a: Corviknight\n|-damage|p2a: Corviknight|81\/100\n|-boost|p1a: Great Tusk|spe|1\n|\n|-weather|Snow|[upkeep]\n|-heal|p2a: Corviknight|87\/100|[from] item: Leftovers\n|upkeep\n|turn|12\n|\n|t:|1700923249\n|move|p1a: Great Tusk|Close Combat|p2a: Corviknight\n|-damage|p2a: Corviknight|30\/100\n|-unboost|p1a: Great Tusk|def|1\n|-unboost|p1a: Great Tusk|spd|1\n|move|p2a: Corviknight|Iron Defense|p2a: Corviknight\n|-boost|p2a: Corviknight|def|2\n|\n|-weather|Snow|[upkeep]\n|-heal|p2a: Corviknight|36\/100|[from] item: Leftovers\n|upkeep\n|turn|13\n|\n|t:|1700923255\n|move|p1a: Great Tusk|Close Combat|p2a: Corviknight\n|-damage|p2a: Corviknight|10\/100\n|-unboost|p1a: Great Tusk|def|1\n|-unboost|p1a: Great Tusk|spd|1\n|move|p2a: Corviknight|Roost|p2a: Corviknight\n|-heal|p2a: Corviknight|60\/100\n|-singleturn|p2a: Corviknight|move: Roost\n|\n|-weather|none\n|-heal|p2a: Corviknight|66\/100|[from] item: Leftovers\n|upkeep\n|turn|14\n|\n|t:|1700923261\n|-end|p1a: Great Tusk|Protosynthesis|[silent]\n|switch|p1a: Ogerpon|Ogerpon-Wellspring, F|100\/100\n|move|p2a: Corviknight|Roost|p2a: Corviknight\n|-heal|p2a: Corviknight|100\/100\n|-singleturn|p2a: Corviknight|move: Roost\n|\n|upkeep\n|turn|15\n|\n|t:|1700923267\n|move|p1a: Ogerpon|Encore|p2a: Corviknight\n|-start|p2a: Corviknight|Encore\n|move|p2a: Corviknight|Roost||[still]\n|-fail|p2a: Corviknight|heal\n|\n|upkeep\n|turn|16\n|\n|t:|1700923276\n|switch|p2a: Dragonite|Dragonite, F|100\/100\n|move|p1a: Ogerpon|Swords Dance|p1a: Ogerpon\n|-boost|p1a: Ogerpon|atk|2\n|\n|upkeep\n|turn|17\n|\n|t:|1700923281\n|move|p1a: Ogerpon|Ivy Cudgel|p2a: Dragonite|[anim] Ivy Cudgel Water\n|-resisted|p2a: Dragonite\n|-damage|p2a: Dragonite|69\/100\n|move|p2a: Dragonite|Thunder Wave|p1a: Ogerpon|[miss]\n|-miss|p2a: Dragonite|p1a: Ogerpon\n|\n|upkeep\n|turn|18\n|\n|t:|1700923298\n|move|p1a: Ogerpon|Power Whip|p2a: Dragonite\n|-resisted|p2a: Dragonite\n|-damage|p2a: Dragonite|33\/100\n|move|p2a: Dragonite|Thunder Wave|p1a: Ogerpon\n|-status|p1a: Ogerpon|par\n|\n|upkeep\n|turn|19\n|c|\u2606dsppp|Inner focus dragonite?\n|\n|t:|1700923314\n|move|p2a: Dragonite|Roost|p2a: Dragonite\n|-heal|p2a: Dragonite|84\/100\n|-singleturn|p2a: Dragonite|move: Roost\n|move|p1a: Ogerpon|Ivy Cudgel|p2a: Dragonite|[anim] Ivy Cudgel Water\n|-resisted|p2a: Dragonite\n|-damage|p2a: Dragonite|21\/100\n|\n|upkeep\n|turn|20\n|\n|t:|1700923324\n|move|p2a: Dragonite|Extreme Speed|p1a: Ogerpon\n|-damage|p1a: Ogerpon|58\/100 par\n|move|p1a: Ogerpon|Ivy Cudgel|p2a: Dragonite|[anim] Ivy Cudgel Water\n|-resisted|p2a: Dragonite\n|-damage|p2a: Dragonite|0 fnt\n|faint|p2a: Dragonite\n|\n|upkeep\n|\n|t:|1700923333\n|switch|p2a: Jeaneau|Cinderace, M, shiny|100\/100\n|turn|21\n|\n|t:|1700923346\n|move|p2a: Jeaneau|U-turn|p1a: Ogerpon\n|-start|p2a: Jeaneau|typechange|Bug|[from] ability: Libero\n|-supereffective|p1a: Ogerpon\n|-damage|p1a: Ogerpon|0 fnt\n|faint|p1a: Ogerpon\n|\n|t:|1700923352\n|switch|p2a: Kouign Amann|Sandy Shocks|88\/100|[from] U-turn\n|-damage|p2a: Kouign Amann|82\/100|[from] Stealth Rock\n|\n|upkeep\n|inactive|dsppp has 120 seconds left.\n|j| Chopsuey33\n|c|\u2606Remioche|nope multiscale\n|\n|t:|1700923400\n|switch|p1a: Dragapult|Dragapult, M|100\/100\n|turn|22\n|\n|t:|1700923404\n|-end|p2a: Kouign Amann|Protosynthesis|[silent]\n|switch|p2a: Slowking|Slowking-Galar, F|75\/100 brn\n|-damage|p2a: Slowking|63\/100 brn|[from] Stealth Rock\n|move|p1a: Dragapult|Surf|p2a: Slowking\n|-crit|p2a: Slowking\n|-damage|p2a: Slowking|30\/100 brn\n|\n|-heal|p2a: Slowking|36\/100 brn|[from] item: Leftovers\n|-damage|p2a: Slowking|30\/100 brn|[from] brn\n|upkeep\n|turn|23\n|inactive|dsppp has 120 seconds left.\n|\n|t:|1700923416\n|switch|p1a: Great Tusk|Great Tusk|100\/100\n|move|p2a: Slowking|Thunder Wave|p1a: Great Tusk\n|-immune|p1a: Great Tusk\n|\n|-heal|p2a: Slowking|36\/100 brn|[from] item: Leftovers\n|-damage|p2a: Slowking|30\/100 brn|[from] brn\n|upkeep\n|turn|24\n|inactive|dsppp has 120 seconds left.\n|\n|t:|1700923422\n|switch|p2a: Corviknight|Corviknight, M|100\/100\n|-damage|p2a: Corviknight|88\/100|[from] Stealth Rock\n|-ability|p2a: Corviknight|Pressure\n|move|p1a: Great Tusk|Headlong Rush|p2a: Corviknight\n|-immune|p2a: Corviknight\n|\n|-heal|p2a: Corviknight|94\/100|[from] item: Leftovers\n|upkeep\n|turn|25\n|\n|t:|1700923432\n|-end|p1a: Great Tusk|Protosynthesis|[silent]\n|switch|p1a: Moltres|Moltres|100\/100\n|move|p2a: Corviknight|U-turn|p1a: Moltres\n|-resisted|p1a: Moltres\n|-damage|p1a: Moltres|97\/100\n|\n|t:|1700923441\n|switch|p2a: Jeaneau|Cinderace, M, shiny|100\/100|[from] U-turn\n|\n|upkeep\n|turn|26\n|\n|t:|1700923445\n|move|p2a: Jeaneau|Pyro Ball|p1a: Moltres\n|-resisted|p1a: Moltres\n|-damage|p1a: Moltres|68\/100\n|move|p1a: Moltres|Hurricane|p2a: Jeaneau|[miss]\n|-miss|p1a: Moltres|p2a: Jeaneau\n|\n|upkeep\n|turn|27\n|\n|t:|1700923451\n|switch|p2a: Slowking|Slowking-Galar, F|63\/100 brn\n|-damage|p2a: Slowking|50\/100 brn|[from] Stealth Rock\n|move|p1a: Moltres|Roost|p1a: Moltres\n|-heal|p1a: Moltres|100\/100\n|-singleturn|p1a: Moltres|move: Roost\n|\n|-heal|p2a: Slowking|56\/100 brn|[from] item: Leftovers\n|-damage|p2a: Slowking|50\/100 brn|[from] brn\n|upkeep\n|turn|28\n|\n|t:|1700923454\n|move|p1a: Moltres|Hurricane|p2a: Slowking|[miss]\n|-miss|p1a: Moltres|p2a: Slowking\n|move|p2a: Slowking|Chilly Reception|p2a: Slowking\n|-weather|Snow\n|\n|t:|1700923462\n|switch|p2a: Jeaneau|Cinderace, M, shiny|100\/100|[from] Chilly Reception\n|\n|-weather|Snow|[upkeep]\n|upkeep\n|turn|29\n|\n|t:|1700923464\n|move|p2a: Jeaneau|Court Change|p2a: Jeaneau\n|-start|p2a: Jeaneau|typechange|Normal|[from] ability: Libero\n|-swapsideconditions\n|-activate|p2a: Jeaneau|move: Court Change\n|move|p1a: Moltres|Hurricane|p2a: Jeaneau\n|-damage|p2a: Jeaneau|34\/100\n|-start|p2a: Jeaneau|confusion\n|\n|-weather|Snow|[upkeep]\n|upkeep\n|turn|30\n|\n|t:|1700923471\n|switch|p2a: Slowking|Slowking-Galar, F|84\/100 brn\n|move|p1a: Moltres|Hurricane|p2a: Slowking|[miss]\n|-miss|p1a: Moltres|p2a: Slowking\n|\n|-weather|Snow|[upkeep]\n|-heal|p2a: Slowking|90\/100 brn|[from] item: Leftovers\n|-damage|p2a: Slowking|84\/100 brn|[from] brn\n|upkeep\n|turn|31\n|\n|t:|1700923487\n|switch|p1a: Kommo-o|Kommo-o, M|80\/100\n|-damage|p1a: Kommo-o|74\/100|[from] Stealth Rock\n|move|p2a: Slowking|Future Sight|p1a: Kommo-o\n|-start|p2a: Slowking|move: Future Sight\n|\n|-weather|Snow|[upkeep]\n|-heal|p1a: Kommo-o|80\/100|[from] item: Leftovers\n|-heal|p2a: Slowking|90\/100 brn|[from] item: Leftovers\n|-damage|p2a: Slowking|84\/100 brn|[from] brn\n|upkeep\n|turn|32\n|\n|t:|1700923496\n|move|p1a: Kommo-o|Stealth Rock|p2a: Slowking\n|-sidestart|p2: Remioche|move: Stealth Rock\n|move|p2a: Slowking|Chilly Reception|p2a: Slowking\n|\n|t:|1700923500\n|switch|p2a: Iron Valiant|Iron Valiant|88\/100 brn|[from] Chilly Reception\n|-damage|p2a: Iron Valiant|82\/100 brn|[from] Stealth Rock\n|\n|-weather|none\n|-heal|p1a: Kommo-o|86\/100|[from] item: Leftovers\n|-damage|p2a: Iron Valiant|76\/100 brn|[from] brn\n|upkeep\n|turn|33\n|\n|t:|1700923506\n|switch|p1a: Moltres|Moltres|100\/100\n|-damage|p1a: Moltres|51\/100|[from] Stealth Rock\n|move|p2a: Iron Valiant|Moonblast|p1a: Moltres\n|-resisted|p1a: Moltres\n|-damage|p1a: Moltres|36\/100\n|\n|-end|p1a: Moltres|move: Future Sight\n|-damage|p1a: Moltres|6\/100\n|-damage|p2a: Iron Valiant|69\/100 brn|[from] brn\n|upkeep\n|turn|34\n|\n|t:|1700923514\n|move|p2a: Iron Valiant|Moonblast|p1a: Moltres\n|-resisted|p1a: Moltres\n|-damage|p1a: Moltres|0 fnt\n|faint|p1a: Moltres\n|\n|-damage|p2a: Iron Valiant|63\/100 brn|[from] brn\n|upkeep\n|\n|t:|1700923517\n|switch|p1a: Dragapult|Dragapult, M|100\/100\n|-damage|p1a: Dragapult|88\/100|[from] Stealth Rock\n|turn|35\n|\n|t:|1700923522\n|-terastallize|p1a: Dragapult|Ghost\n|move|p2a: Iron Valiant|Moonblast|p1a: Dragapult\n|-damage|p1a: Dragapult|33\/100\n|-unboost|p1a: Dragapult|spa|1\n|move|p1a: Dragapult|Shadow Ball|p2a: Iron Valiant\n|-damage|p2a: Iron Valiant|0 fnt\n|faint|p2a: Iron Valiant\n|-end|p2a: Iron Valiant|Quark Drive|[silent]\n|\n|upkeep\n|\n|t:|1700923526\n|switch|p2a: Jeaneau|Cinderace, M, shiny|34\/100\n|turn|36\n|\n|t:|1700923533\n|move|p2a: Jeaneau|Sucker Punch|p1a: Dragapult\n|-start|p2a: Jeaneau|typechange|Dark|[from] ability: Libero\n|-supereffective|p1a: Dragapult\n|-damage|p1a: Dragapult|0 fnt\n|faint|p1a: Dragapult\n|\n|upkeep\n|\n|t:|1700923542\n|switch|p1a: Kommo-o|Kommo-o, M|86\/100\n|-damage|p1a: Kommo-o|80\/100|[from] Stealth Rock\n|turn|37\n|\n|t:|1700923548\n|move|p2a: Jeaneau|U-turn|p1a: Kommo-o\n|-resisted|p1a: Kommo-o\n|-damage|p1a: Kommo-o|72\/100\n|\n|t:|1700923551\n|switch|p2a: Corviknight|Corviknight, M|94\/100|[from] U-turn\n|-damage|p2a: Corviknight|82\/100|[from] Stealth Rock\n|-ability|p2a: Corviknight|Pressure\n|move|p1a: Kommo-o|Iron Defense|p1a: Kommo-o\n|-boost|p1a: Kommo-o|def|2\n|\n|-heal|p1a: Kommo-o|78\/100|[from] item: Leftovers\n|-heal|p2a: Corviknight|88\/100|[from] item: Leftovers\n|upkeep\n|turn|38\n|\n|t:|1700923563\n|move|p2a: Corviknight|U-turn|p1a: Kommo-o\n|-resisted|p1a: Kommo-o\n|-damage|p1a: Kommo-o|76\/100\n|\n|t:|1700923565\n|switch|p2a: Slowking|Slowking-Galar, F|100\/100 brn|[from] U-turn\n|-damage|p2a: Slowking|88\/100 brn|[from] Stealth Rock\n|move|p1a: Kommo-o|Dragon Tail|p2a: Slowking\n|-damage|p2a: Slowking|63\/100 brn\n|drag|p2a: Jeaneau|Cinderace, M, shiny|34\/100\n|\n|-heal|p1a: Kommo-o|82\/100|[from] item: Leftovers\n|upkeep\n|turn|39\n|\n|t:|1700923575\n|move|p2a: Jeaneau|U-turn|p1a: Kommo-o\n|-start|p2a: Jeaneau|typechange|Bug|[from] ability: Libero\n|-resisted|p1a: Kommo-o\n|-damage|p1a: Kommo-o|76\/100\n|\n|t:|1700923577\n|switch|p2a: Slowking|Slowking-Galar, F|96\/100 brn|[from] U-turn\n|-damage|p2a: Slowking|84\/100 brn|[from] Stealth Rock\n|move|p1a: Kommo-o|Body Press|p2a: Slowking\n|-resisted|p2a: Slowking\n|-damage|p2a: Slowking|63\/100 brn\n|\n|-heal|p1a: Kommo-o|83\/100|[from] item: Leftovers\n|-heal|p2a: Slowking|69\/100 brn|[from] item: Leftovers\n|-damage|p2a: Slowking|63\/100 brn|[from] brn\n|upkeep\n|turn|40\n|\n|t:|1700923585\n|move|p1a: Kommo-o|Iron Defense|p1a: Kommo-o\n|-boost|p1a: Kommo-o|def|2\n|move|p2a: Slowking|Future Sight|p1a: Kommo-o\n|-start|p2a: Slowking|move: Future Sight\n|\n|-heal|p1a: Kommo-o|89\/100|[from] item: Leftovers\n|-heal|p2a: Slowking|69\/100 brn|[from] item: Leftovers\n|-damage|p2a: Slowking|63\/100 brn|[from] brn\n|upkeep\n|turn|41\n|\n|t:|1700923591\n|move|p2a: Slowking|Thunder Wave|p1a: Kommo-o\n|-status|p1a: Kommo-o|par\n|move|p1a: Kommo-o|Dragon Tail|p2a: Slowking\n|-damage|p2a: Slowking|40\/100 brn\n|drag|p2a: Jeaneau|Cinderace, M, shiny|34\/100\n|\n|-heal|p1a: Kommo-o|95\/100 par|[from] item: Leftovers\n|upkeep\n|turn|42\n|\n|t:|1700923597\n|move|p2a: Jeaneau|U-turn|p1a: Kommo-o\n|-start|p2a: Jeaneau|typechange|Bug|[from] ability: Libero\n|-resisted|p1a: Kommo-o\n|-damage|p1a: Kommo-o|92\/100 par\n|\n|t:|1700923601\n|switch|p2a: Slowking|Slowking-Galar, F|73\/100 brn|[from] U-turn\n|-damage|p2a: Slowking|61\/100 brn|[from] Stealth Rock\n|move|p1a: Kommo-o|Body Press|p2a: Slowking\n|-resisted|p2a: Slowking\n|-damage|p2a: Slowking|30\/100 brn\n|\n|-end|p1a: Kommo-o|move: Future Sight\n|-supereffective|p1a: Kommo-o\n|-damage|p1a: Kommo-o|21\/100 par\n|-heal|p1a: Kommo-o|27\/100 par|[from] item: Leftovers\n|-heal|p2a: Slowking|36\/100 brn|[from] item: Leftovers\n|-damage|p2a: Slowking|30\/100 brn|[from] brn\n|upkeep\n|turn|43\n|\n|t:|1700923609\n|move|p1a: Kommo-o|Body Press|p2a: Slowking\n|-resisted|p2a: Slowking\n|-damage|p2a: Slowking|0 fnt\n|faint|p2a: Slowking\n|\n|-heal|p1a: Kommo-o|33\/100 par|[from] item: Leftovers\n|upkeep\n|\n|t:|1700923613\n|switch|p2a: Kouign Amann|Sandy Shocks|82\/100\n|-damage|p2a: Kouign Amann|76\/100|[from] Stealth Rock\n|turn|44\n|\n|t:|1700923622\n|move|p2a: Kouign Amann|Earth Power|p1a: Kommo-o\n|-damage|p1a: Kommo-o|0 fnt\n|faint|p1a: Kommo-o\n|\n|upkeep\n|\n|t:|1700923630\n|switch|p1a: Great Tusk|Great Tusk|100\/100\n|-damage|p1a: Great Tusk|98\/100|[from] Stealth Rock\n|turn|45\n|\n|t:|1700923641\n|-end|p2a: Kouign Amann|Protosynthesis|[silent]\n|switch|p2a: Corviknight|Corviknight, M|88\/100\n|-damage|p2a: Corviknight|76\/100|[from] Stealth Rock\n|-ability|p2a: Corviknight|Pressure\n|move|p1a: Great Tusk|Close Combat|p2a: Corviknight\n|-damage|p2a: Corviknight|33\/100\n|-unboost|p1a: Great Tusk|def|1\n|-unboost|p1a: Great Tusk|spd|1\n|\n|-heal|p2a: Corviknight|39\/100|[from] item: Leftovers\n|upkeep\n|turn|46\n|\n|t:|1700923658\n|move|p1a: Great Tusk|Close Combat|p2a: Corviknight\n|-damage|p2a: Corviknight|1\/100\n|-unboost|p1a: Great Tusk|def|1\n|-unboost|p1a: Great Tusk|spd|1\n|move|p2a: Corviknight|Roost|p2a: Corviknight\n|-heal|p2a: Corviknight|51\/100\n|-singleturn|p2a: Corviknight|move: Roost\n|\n|-heal|p2a: Corviknight|57\/100|[from] item: Leftovers\n|upkeep\n|turn|47\n|\n|t:|1700923666\n|-end|p1a: Great Tusk|Protosynthesis|[silent]\n|switch|p1a: Iron Valiant|Iron Valiant|100\/100\n|-damage|p1a: Iron Valiant|94\/100|[from] Stealth Rock\n|-enditem|p1a: Iron Valiant|Booster Energy\n|-activate|p1a: Iron Valiant|ability: Quark Drive|[fromitem]\n|-start|p1a: Iron Valiant|quarkdrivespe\n|move|p2a: Corviknight|Roost|p2a: Corviknight\n|-heal|p2a: Corviknight|100\/100\n|-singleturn|p2a: Corviknight|move: Roost\n|\n|upkeep\n|turn|48\n|\n|t:|1700923671\n|move|p1a: Iron Valiant|Thunderbolt|p2a: Corviknight\n|-supereffective|p2a: Corviknight\n|-damage|p2a: Corviknight|44\/100\n|move|p2a: Corviknight|Iron Defense|p2a: Corviknight\n|-boost|p2a: Corviknight|def|2\n|\n|-heal|p2a: Corviknight|50\/100|[from] item: Leftovers\n|upkeep\n|turn|49\n|\n|t:|1700923680\n|-terastallize|p2a: Corviknight|Fighting\n|move|p1a: Iron Valiant|Thunderbolt|p2a: Corviknight\n|-damage|p2a: Corviknight|19\/100\n|move|p2a: Corviknight|Body Press|p1a: Iron Valiant\n|-resisted|p1a: Iron Valiant\n|-damage|p1a: Iron Valiant|48\/100\n|\n|-heal|p2a: Corviknight|25\/100|[from] item: Leftovers\n|upkeep\n|turn|50\n|\n|t:|1700923685\n|move|p1a: Iron Valiant|Moonblast|p2a: Corviknight\n|-supereffective|p2a: Corviknight\n|-damage|p2a: Corviknight|0 fnt\n|faint|p2a: Corviknight\n|\n|upkeep\n|\n|t:|1700923689\n|switch|p2a: Kouign Amann|Sandy Shocks|76\/100\n|-damage|p2a: Kouign Amann|70\/100|[from] Stealth Rock\n|turn|51\n|\n|t:|1700923693\n|move|p1a: Iron Valiant|Close Combat|p2a: Kouign Amann\n|-damage|p2a: Kouign Amann|9\/100\n|-unboost|p1a: Iron Valiant|def|1\n|-unboost|p1a: Iron Valiant|spd|1\n|move|p2a: Kouign Amann|Earth Power|p1a: Iron Valiant\n|-damage|p1a: Iron Valiant|0 fnt\n|faint|p1a: Iron Valiant\n|-end|p1a: Iron Valiant|Quark Drive|[silent]\n|\n|upkeep\n|\n|t:|1700923699\n|switch|p1a: Great Tusk|Great Tusk|98\/100\n|-damage|p1a: Great Tusk|95\/100|[from] Stealth Rock\n|turn|52\n|\n|t:|1700923704\n|move|p2a: Kouign Amann|Earth Power|p1a: Great Tusk\n|-damage|p1a: Great Tusk|0 fnt\n|faint|p1a: Great Tusk\n|-end|p1a: Great Tusk|Protosynthesis|[silent]\n|\n|win|Remioche\n|raw|dsppp's rating: 1593 &rarr; <strong>1577<\/strong><br \/>(-16 for losing)\n|raw|Remioche's rating: 1661 &rarr; <strong>1677<\/strong><br \/>(+16 for winning)\n|l|\u2606dsppp\n","uploadtime":1700923717,"views":1,"p1id":"dsppp","p2id":"remioche","formatid":"gen9ou","rating":1577,"private":0,"password":""}