{"id":"gen9ou-1994345976","p1":"despothousewivesOR","p2":"TheZalmancer","format":"[Gen 9] OU","log":"|j|\u2606despothousewivesOR\n|j|\u2606TheZalmancer\n|t:|1700433504\n|gametype|singles\n|player|p1|despothousewivesOR|erika-gen3|1296\n|player|p2|TheZalmancer|skyla|1403\n|teamsize|p1|6\n|teamsize|p2|6\n|gen|9\n|tier|[Gen 9] OU\n|rated|\n|rule|Sleep Clause Mod: Limit one foe put to sleep\n|rule|Species Clause: Limit one of each Pok\u00e9mon\n|rule|OHKO Clause: OHKO moves are banned\n|rule|Evasion Items Clause: Evasion items are banned\n|rule|Evasion Moves Clause: Evasion moves are banned\n|rule|Endless Battle Clause: Forcing endless battles is banned\n|rule|HP Percentage Mod: HP is shown in percentages\n|clearpoke\n|poke|p1|Salamence, F|\n|poke|p1|Samurott-Hisui, M|\n|poke|p1|Slowking-Galar, M|\n|poke|p1|Corviknight, M|\n|poke|p1|Great Tusk|\n|poke|p1|Thundurus-Therian, M|\n|poke|p2|Ogerpon-Wellspring, F|\n|poke|p2|Ninetales-Alola, F|\n|poke|p2|Corviknight, F|\n|poke|p2|Slowking-Galar, M|\n|poke|p2|Hydreigon, F|\n|poke|p2|Weavile, F|\n|teampreview\n|inactive|Battle timer is ON: inactive players will automatically lose when time's up. (requested by despothousewivesOR)\n|\n|t:|1700433508\n|start\n|switch|p1a: Salamence|Salamence, F|100\/100\n|switch|p2a: Hydreigon|Hydreigon, F|100\/100\n|turn|1\n|\n|t:|1700433522\n|move|p1a: Salamence|Iron Head|p2a: Hydreigon\n|-damage|p2a: Hydreigon|73\/100\n|move|p2a: Hydreigon|Thunder Wave|p1a: Salamence\n|-status|p1a: Salamence|par\n|\n|upkeep\n|turn|2\n|\n|t:|1700433531\n|switch|p1a: Thundurus|Thundurus-Therian, M|100\/100\n|move|p2a: Hydreigon|Taunt|p1a: Thundurus\n|-start|p1a: Thundurus|move: Taunt\n|\n|upkeep\n|turn|3\n|\n|t:|1700433542\n|move|p1a: Thundurus|Focus Blast|p2a: Hydreigon\n|-supereffective|p2a: Hydreigon\n|-damage|p2a: Hydreigon|0 fnt\n|faint|p2a: Hydreigon\n|\n|upkeep\n|\n|t:|1700433557\n|switch|p2a: Ninetales|Ninetales-Alola, F, shiny|100\/100\n|-weather|Snow|[from] ability: Snow Warning|[of] p2a: Ninetales\n|turn|4\n|\n|t:|1700433567\n|move|p2a: Ninetales|Aurora Veil|p2a: Ninetales\n|-sidestart|p2: TheZalmancer|move: Aurora Veil\n|move|p1a: Thundurus|Volt Switch|p2a: Ninetales\n|-damage|p2a: Ninetales|81\/100\n|\n|t:|1700433575\n|switch|p1a: Slowking|Slowking-Galar, M|100\/100|[from] Volt Switch\n|\n|-weather|Snow|[upkeep]\n|upkeep\n|turn|5\n|\n|t:|1700433582\n|move|p1a: Slowking|Future Sight|p2a: Ninetales\n|-start|p1a: Slowking|move: Future Sight\n|move|p2a: Ninetales|Roar|p1a: Slowking\n|drag|p1a: Samurott|Samurott-Hisui, M|100\/100\n|\n|-weather|Snow|[upkeep]\n|upkeep\n|turn|6\n|\n|t:|1700433594\n|switch|p1a: Slowking|Slowking-Galar, M|100\/100\n|move|p2a: Ninetales|Freeze-Dry|p1a: Slowking\n|-damage|p1a: Slowking|89\/100\n|\n|-weather|Snow|[upkeep]\n|-heal|p1a: Slowking|95\/100|[from] item: Leftovers\n|upkeep\n|turn|7\n|\n|t:|1700433605\n|switch|p2a: Weavile|Weavile, F|100\/100\n|-ability|p2a: Weavile|Pressure\n|move|p1a: Slowking|Sludge Bomb|p2a: Weavile\n|-damage|p2a: Weavile|76\/100\n|\n|-weather|Snow|[upkeep]\n|-end|p2a: Weavile|move: Future Sight\n|-immune|p2a: Weavile\n|-heal|p1a: Slowking|100\/100|[from] item: Leftovers\n|upkeep\n|turn|8\n|\n|t:|1700433616\n|switch|p1a: Corviknight|Corviknight, M|100\/100\n|-ability|p1a: Corviknight|Pressure\n|move|p2a: Weavile|Knock Off|p1a: Corviknight\n|-damage|p1a: Corviknight|59\/100\n|-damage|p2a: Weavile|60\/100|[from] item: Rocky Helmet|[of] p1a: Corviknight\n|-enditem|p1a: Corviknight|Rocky Helmet|[from] move: Knock Off|[of] p2a: Weavile\n|\n|-weather|none\n|upkeep\n|turn|9\n|\n|t:|1700433629\n|switch|p2a: Corviknight|Corviknight, F, shiny|100\/100\n|-ability|p2a: Corviknight|Pressure\n|-terastallize|p1a: Corviknight|Fighting\n|move|p1a: Corviknight|Iron Defense|p1a: Corviknight\n|-boost|p1a: Corviknight|def|2\n|\n|upkeep\n|turn|10\n|\n|t:|1700433639\n|move|p2a: Corviknight|U-turn|p1a: Corviknight\n|-resisted|p1a: Corviknight\n|-damage|p1a: Corviknight|57\/100\n|\n|t:|1700433646\n|switch|p2a: Ninetales|Ninetales-Alola, F, shiny|81\/100|[from] U-turn\n|-weather|Snow|[from] ability: Snow Warning|[of] p2a: Ninetales\n|move|p1a: Corviknight|Roost|p1a: Corviknight\n|-heal|p1a: Corviknight|100\/100\n|\n|-weather|Snow|[upkeep]\n|upkeep\n|turn|11\n|\n|t:|1700433654\n|switch|p1a: Slowking|Slowking-Galar, M|100\/100\n|move|p2a: Ninetales|Roar|p1a: Slowking\n|drag|p1a: Salamence|Salamence, F|100\/100 par\n|\n|-weather|Snow|[upkeep]\n|-sideend|p2: TheZalmancer|move: Aurora Veil\n|upkeep\n|turn|12\n|\n|t:|1700433662\n|move|p2a: Ninetales|Aurora Veil|p2a: Ninetales\n|-sidestart|p2: TheZalmancer|move: Aurora Veil\n|move|p1a: Salamence|Iron Head|p2a: Ninetales\n|-supereffective|p2a: Ninetales\n|-damage|p2a: Ninetales|30\/100\n|\n|-weather|Snow|[upkeep]\n|upkeep\n|turn|13\n|\n|t:|1700433667\n|move|p2a: Ninetales|Freeze-Dry|p1a: Salamence\n|-supereffective|p1a: Salamence\n|-damage|p1a: Salamence|0 fnt\n|faint|p1a: Salamence\n|\n|-weather|Snow|[upkeep]\n|upkeep\n|\n|t:|1700433677\n|switch|p1a: Samurott|Samurott-Hisui, M|100\/100\n|turn|14\n|\n|t:|1700433683\n|move|p1a: Samurott|Sacred Sword|p2a: Ninetales\n|-damage|p2a: Ninetales|12\/100\n|move|p2a: Ninetales|Freeze-Dry|p1a: Samurott\n|-supereffective|p1a: Samurott\n|-damage|p1a: Samurott|39\/100\n|\n|-weather|none\n|upkeep\n|turn|15\n|\n|t:|1700433691\n|switch|p1a: Thundurus|Thundurus-Therian, M|100\/100\n|move|p2a: Ninetales|Freeze-Dry|p1a: Thundurus\n|-supereffective|p1a: Thundurus\n|-damage|p1a: Thundurus|48\/100\n|\n|upkeep\n|turn|16\n|\n|t:|1700433700\n|switch|p2a: Slowking|Slowking-Galar, M|100\/100\n|switch|p1a: Slowking|Slowking-Galar, M|100\/100\n|\n|upkeep\n|turn|17\n|\n|t:|1700433706\n|move|p2a: Slowking|Nasty Plot|p2a: Slowking\n|-boost|p2a: Slowking|spa|2\n|move|p1a: Slowking|Future Sight|p2a: Slowking\n|-start|p1a: Slowking|move: Future Sight\n|\n|upkeep\n|turn|18\n|\n|t:|1700433713\n|move|p2a: Slowking|Shadow Ball|p1a: Slowking\n|-supereffective|p1a: Slowking\n|-damage|p1a: Slowking|37\/100\n|-unboost|p1a: Slowking|spd|1\n|move|p1a: Slowking|Chilly Reception|p1a: Slowking\n|-weather|Snow\n|\n|t:|1700433719\n|switch|p1a: Samurott|Samurott-Hisui, M|39\/100|[from] Chilly Reception\n|\n|-weather|Snow|[upkeep]\n|upkeep\n|turn|19\n|\n|t:|1700433728\n|move|p1a: Samurott|Ceaseless Edge|p2a: Slowking\n|-supereffective|p2a: Slowking\n|-damage|p2a: Slowking|52\/100\n|-sidestart|p2: TheZalmancer|Spikes\n|move|p2a: Slowking|Trick Room|p2a: Slowking\n|-fieldstart|move: Trick Room|[of] p2a: Slowking\n|\n|-weather|Snow|[upkeep]\n|-end|p2a: Slowking|move: Future Sight\n|-damage|p2a: Slowking|35\/100\n|-heal|p2a: Slowking|41\/100|[from] item: Leftovers\n|-sideend|p2: TheZalmancer|move: Aurora Veil\n|upkeep\n|turn|20\n|\n|t:|1700433738\n|switch|p1a: Slowking|Slowking-Galar, M|70\/100\n|move|p2a: Slowking|Sludge Bomb|p1a: Slowking\n|-resisted|p1a: Slowking\n|-damage|p1a: Slowking|43\/100\n|\n|-weather|Snow|[upkeep]\n|-heal|p2a: Slowking|47\/100|[from] item: Leftovers\n|-heal|p1a: Slowking|49\/100|[from] item: Leftovers\n|upkeep\n|turn|21\n|\n|t:|1700433753\n|switch|p1a: Samurott|Samurott-Hisui, M|39\/100\n|move|p2a: Slowking|Shadow Ball|p1a: Samurott\n|-resisted|p1a: Samurott\n|-damage|p1a: Samurott|0 fnt\n|faint|p1a: Samurott\n|\n|-weather|Snow|[upkeep]\n|-heal|p2a: Slowking|53\/100|[from] item: Leftovers\n|upkeep\n|\n|t:|1700433757\n|switch|p1a: Slowking|Slowking-Galar, M|82\/100\n|turn|22\n|\n|t:|1700433768\n|move|p2a: Slowking|Shadow Ball|p1a: Slowking\n|-supereffective|p1a: Slowking\n|-damage|p1a: Slowking|18\/100\n|move|p1a: Slowking|Fire Blast|p2a: Slowking\n|-damage|p2a: Slowking|29\/100\n|\n|-weather|none\n|-heal|p2a: Slowking|35\/100|[from] item: Leftovers\n|-heal|p1a: Slowking|24\/100|[from] item: Leftovers\n|upkeep\n|turn|23\n|\n|t:|1700433777\n|switch|p1a: Great Tusk|Great Tusk|100\/100\n|move|p2a: Slowking|Shadow Ball|p1a: Great Tusk\n|-damage|p1a: Great Tusk|15\/100\n|\n|-heal|p2a: Slowking|41\/100|[from] item: Leftovers\n|-fieldend|move: Trick Room\n|upkeep\n|turn|24\n|\n|t:|1700433795\n|switch|p2a: Corviknight|Corviknight, F, shiny|100\/100\n|-ability|p2a: Corviknight|Pressure\n|move|p1a: Great Tusk|Knock Off|p2a: Corviknight\n|-damage|p2a: Corviknight|82\/100\n|-enditem|p2a: Corviknight|Leftovers|[from] move: Knock Off|[of] p1a: Great Tusk\n|\n|upkeep\n|turn|25\n|\n|t:|1700433805\n|move|p1a: Great Tusk|Stealth Rock|p2a: Corviknight\n|-sidestart|p2: TheZalmancer|move: Stealth Rock\n|move|p2a: Corviknight|U-turn|p1a: Great Tusk\n|-resisted|p1a: Great Tusk\n|-damage|p1a: Great Tusk|10\/100\n|\n|t:|1700433813\n|switch|p2a: Slowking|Slowking-Galar, M|75\/100|[from] U-turn\n|-damage|p2a: Slowking|62\/100|[from] Spikes\n|-damage|p2a: Slowking|50\/100|[from] Stealth Rock\n|\n|-heal|p2a: Slowking|56\/100|[from] item: Leftovers\n|upkeep\n|turn|26\n|\n|t:|1700433821\n|switch|p2a: Corviknight|Corviknight, F, shiny|82\/100\n|-damage|p2a: Corviknight|69\/100|[from] Stealth Rock\n|-ability|p2a: Corviknight|Pressure\n|move|p1a: Great Tusk|Headlong Rush|p2a: Corviknight\n|-immune|p2a: Corviknight\n|\n|upkeep\n|turn|27\n|\n|t:|1700433829\n|move|p1a: Great Tusk|Rapid Spin|p2a: Corviknight\n|-resisted|p2a: Corviknight\n|-damage|p2a: Corviknight|64\/100\n|-boost|p1a: Great Tusk|spe|1\n|move|p2a: Corviknight|Defog|p1a: Great Tusk\n|-unboost|p1a: Great Tusk|evasion|1\n|-sideend|p2: TheZalmancer|Spikes|[from] move: Defog|[of] p2a: Corviknight\n|-sideend|p2: TheZalmancer|Stealth Rock|[from] move: Defog|[of] p2a: Corviknight\n|\n|upkeep\n|turn|28\n|\n|t:|1700433837\n|move|p1a: Great Tusk|Stealth Rock|p2a: Corviknight\n|-sidestart|p2: TheZalmancer|move: Stealth Rock\n|move|p2a: Corviknight|Iron Head|p1a: Great Tusk\n|-damage|p1a: Great Tusk|0 fnt\n|faint|p1a: Great Tusk\n|-end|p1a: Great Tusk|Protosynthesis|[silent]\n|\n|upkeep\n|\n|t:|1700433840\n|switch|p1a: Thundurus|Thundurus-Therian, M|48\/100\n|turn|29\n|\n|t:|1700433856\n|switch|p2a: Slowking|Slowking-Galar, M|89\/100\n|-damage|p2a: Slowking|77\/100|[from] Stealth Rock\n|move|p1a: Thundurus|Volt Switch|p2a: Slowking\n|-damage|p2a: Slowking|42\/100\n|\n|t:|1700433860\n|switch|p1a: Slowking|Slowking-Galar, M|57\/100|[from] Volt Switch\n|\n|-heal|p1a: Slowking|63\/100|[from] item: Leftovers\n|-heal|p2a: Slowking|48\/100|[from] item: Leftovers\n|upkeep\n|turn|30\n|\n|t:|1700433867\n|switch|p2a: Corviknight|Corviknight, F, shiny|64\/100\n|-damage|p2a: Corviknight|51\/100|[from] Stealth Rock\n|-ability|p2a: Corviknight|Pressure\n|switch|p1a: Thundurus|Thundurus-Therian, M|48\/100\n|\n|upkeep\n|turn|31\n|\n|t:|1700433875\n|move|p1a: Thundurus|Volt Switch|p2a: Corviknight\n|-supereffective|p2a: Corviknight\n|-damage|p2a: Corviknight|0 fnt\n|faint|p2a: Corviknight\n|\n|t:|1700433877\n|switch|p1a: Slowking|Slowking-Galar, M|96\/100|[from] Volt Switch\n|\n|-heal|p1a: Slowking|100\/100|[from] item: Leftovers\n|upkeep\n|\n|t:|1700433884\n|switch|p2a: Weavile|Weavile, F|60\/100\n|-damage|p2a: Weavile|35\/100|[from] Stealth Rock\n|-ability|p2a: Weavile|Pressure\n|turn|32\n|\n|t:|1700433889\n|switch|p1a: Corviknight|Corviknight, M, tera:Fighting|100\/100\n|-ability|p1a: Corviknight|Pressure\n|move|p2a: Weavile|Knock Off|p1a: Corviknight\n|-resisted|p1a: Corviknight\n|-damage|p1a: Corviknight|87\/100\n|\n|upkeep\n|turn|33\n|\n|t:|1700433913\n|switch|p2a: Ninetales|Ninetales-Alola, F, shiny|12\/100\n|-damage|p2a: Ninetales|0 fnt|[from] Stealth Rock\n|faint|p2a: Ninetales\n|move|p1a: Corviknight|Brave Bird|p2: Ninetales|[notarget]\n|-fail|p1a: Corviknight\n|\n|upkeep\n|\n|t:|1700433920\n|switch|p2a: Ogerpon|Ogerpon-Wellspring, F|100\/100\n|-damage|p2a: Ogerpon|88\/100|[from] Stealth Rock\n|turn|34\n|\n|t:|1700433941\n|-terastallize|p2a: Ogerpon|Water\n|detailschange|p2a: Ogerpon|Ogerpon-Wellspring-Tera, F, tera:Water\n|-ability|p2a: Ogerpon|Embody Aspect (Wellspring)|boost\n|-boost|p2a: Ogerpon|spd|1\n|move|p2a: Ogerpon|Ivy Cudgel|p1a: Corviknight|[anim] Ivy Cudgel Water\n|-damage|p1a: Corviknight|40\/100\n|move|p1a: Corviknight|Iron Defense|p1a: Corviknight\n|-boost|p1a: Corviknight|def|2\n|\n|upkeep\n|turn|35\n|\n|t:|1700433949\n|move|p2a: Ogerpon|Swords Dance|p2a: Ogerpon\n|-boost|p2a: Ogerpon|atk|2\n|move|p1a: Corviknight|Roost|p1a: Corviknight\n|-heal|p1a: Corviknight|90\/100\n|\n|upkeep\n|turn|36\n|\n|t:|1700433954\n|move|p2a: Ogerpon|Swords Dance|p2a: Ogerpon\n|-boost|p2a: Ogerpon|atk|2\n|move|p1a: Corviknight|Body Press|p2a: Ogerpon\n|-damage|p2a: Ogerpon|0 fnt\n|faint|p2a: Ogerpon\n|\n|upkeep\n|\n|t:|1700433963\n|switch|p2a: Slowking|Slowking-Galar, M|81\/100\n|-damage|p2a: Slowking|69\/100|[from] Stealth Rock\n|turn|37\n|\n|t:|1700433974\n|switch|p1a: Thundurus|Thundurus-Therian, M|48\/100\n|move|p2a: Slowking|Trick Room|p2a: Slowking\n|-fieldstart|move: Trick Room|[of] p2a: Slowking\n|\n|-heal|p2a: Slowking|75\/100|[from] item: Leftovers\n|upkeep\n|turn|38\n|\n|t:|1700433988\n|move|p2a: Slowking|Sludge Bomb|p1a: Thundurus\n|-damage|p1a: Thundurus|0 fnt\n|faint|p1a: Thundurus\n|\n|-heal|p2a: Slowking|81\/100|[from] item: Leftovers\n|upkeep\n|\n|t:|1700433990\n|switch|p1a: Slowking|Slowking-Galar, M|100\/100\n|turn|39\n|\n|t:|1700433996\n|move|p1a: Slowking|Future Sight|p2a: Slowking\n|-start|p1a: Slowking|move: Future Sight\n|move|p2a: Slowking|Nasty Plot|p2a: Slowking\n|-boost|p2a: Slowking|spa|2\n|\n|-heal|p2a: Slowking|87\/100|[from] item: Leftovers\n|upkeep\n|turn|40\n|\n|t:|1700434004\n|move|p2a: Slowking|Shadow Ball|p1a: Slowking\n|-supereffective|p1a: Slowking\n|-damage|p1a: Slowking|35\/100\n|-unboost|p1a: Slowking|spd|1\n|move|p1a: Slowking|Fire Blast|p2a: Slowking|[miss]\n|-miss|p1a: Slowking|p2a: Slowking\n|\n|-heal|p2a: Slowking|93\/100|[from] item: Leftovers\n|-heal|p1a: Slowking|41\/100|[from] item: Leftovers\n|upkeep\n|turn|41\n|c|\u2606despothousewivesOR|miss and drop\n|-message|despothousewivesOR forfeited.\n|\n|win|TheZalmancer\n|raw|despothousewivesOR's rating: 1296 &rarr; <strong>1278<\/strong><br \/>(-18 for losing)\n|raw|TheZalmancer's rating: 1403 &rarr; <strong>1417<\/strong><br \/>(+14 for winning)\n|l|\u2606despothousewivesOR\n|c|\u2606TheZalmancer|ggs\n|c|\u2606TheZalmancer|gonna cry\n","uploadtime":1700434026,"views":8,"p1id":"despothousewivesor","p2id":"thezalmancer","formatid":"gen9ou","rating":1278,"private":0,"password":""}