{"id":"gen9ou-1992413705","p1":"PLAYB0I R0BBIE B","p2":"Vanessa1994","format":"[Gen 9] OU","log":"|j|\u2606PLAYB0I R0BBIE B\n|j|\u2606Vanessa1994\n|t:|1700184721\n|gametype|singles\n|player|p1|PLAYB0I R0BBIE B|eusine|1280\n|player|p2|Vanessa1994|clair|1200\n|teamsize|p1|6\n|teamsize|p2|6\n|gen|9\n|tier|[Gen 9] OU\n|rated|\n|rule|Sleep Clause Mod: Limit one foe put to sleep\n|rule|Species Clause: Limit one of each Pok\u00e9mon\n|rule|OHKO Clause: OHKO moves are banned\n|rule|Evasion Items Clause: Evasion items are banned\n|rule|Evasion Moves Clause: Evasion moves are banned\n|rule|Endless Battle Clause: Forcing endless battles is banned\n|rule|HP Percentage Mod: HP is shown in percentages\n|clearpoke\n|poke|p1|Meowscarada, F|\n|poke|p1|Thundurus-Therian, M|\n|poke|p1|Dragapult, F|\n|poke|p1|Heatran, F|\n|poke|p1|Great Tusk|\n|poke|p1|Slowking-Galar, F|\n|poke|p2|Meowscarada, M|\n|poke|p2|Glimmora, F|\n|poke|p2|Landorus-Therian, M|\n|poke|p2|Ribombee, F|\n|poke|p2|Toxapex, F|\n|poke|p2|Dragapult, M|\n|teampreview\n|inactive|Battle timer is ON: inactive players will automatically lose when time's up. (requested by Vanessa1994)\n|\n|t:|1700184725\n|start\n|switch|p1a: 5% TINT|Heatran, F|100\/100\n|switch|p2a: Glimmora|Glimmora, F|100\/100\n|-item|p1a: 5% TINT|Air Balloon\n|turn|1\n|\n|t:|1700184730\n|move|p2a: Glimmora|Earth Power|p1a: 5% TINT\n|-immune|p1a: 5% TINT\n|move|p1a: 5% TINT|Earth Power|p2a: Glimmora\n|-supereffective|p2a: Glimmora\n|-enditem|p2a: Glimmora|Focus Sash\n|-damage|p2a: Glimmora|1\/100\n|\n|upkeep\n|turn|2\n|\n|t:|1700184735\n|move|p2a: Glimmora|Power Gem|p1a: 5% TINT\n|-damage|p1a: 5% TINT|66\/100\n|-enditem|p1a: 5% TINT|Air Balloon\n|move|p1a: 5% TINT|Earth Power|p2a: Glimmora\n|-supereffective|p2a: Glimmora\n|-damage|p2a: Glimmora|0 fnt\n|faint|p2a: Glimmora\n|\n|upkeep\n|\n|t:|1700184745\n|switch|p2a: Toxapex|Toxapex, F|100\/100\n|turn|3\n|\n|t:|1700184748\n|switch|p1a: WAKE UP|Slowking-Galar, F|100\/100\n|move|p2a: Toxapex|Chilling Water|p1a: WAKE UP\n|-damage|p1a: WAKE UP|96\/100\n|-unboost|p1a: WAKE UP|atk|1\n|\n|upkeep\n|turn|4\n|\n|t:|1700184758\n|switch|p2a: Ribombee|Ribombee, F|100\/100\n|move|p1a: WAKE UP|Future Sight|p2a: Ribombee\n|-start|p1a: WAKE UP|move: Future Sight\n|\n|upkeep\n|turn|5\n|\n|t:|1700184761\n|move|p2a: Ribombee|Sticky Web|p1a: WAKE UP\n|-sidestart|p1: PLAYB0I R0BBIE B|move: Sticky Web\n|move|p1a: WAKE UP|Sludge Bomb|p2a: Ribombee\n|-supereffective|p2a: Ribombee\n|-enditem|p2a: Ribombee|Focus Sash\n|-damage|p2a: Ribombee|1\/100\n|-status|p2a: Ribombee|psn\n|\n|-damage|p2a: Ribombee|0 fnt|[from] psn\n|faint|p2a: Ribombee\n|upkeep\n|\n|t:|1700184774\n|switch|p2a: Landorus|Landorus-Therian, M|100\/100\n|-ability|p2a: Landorus|Intimidate|boost\n|-unboost|p1a: WAKE UP|atk|1\n|turn|6\n|\n|t:|1700184778\n|switch|p1a: ASTROTHUNDER|Thundurus-Therian, M|100\/100\n|move|p2a: Landorus|Earthquake|p1a: ASTROTHUNDER\n|-immune|p1a: ASTROTHUNDER\n|\n|-end|p2a: Landorus|move: Future Sight\n|-damage|p2a: Landorus|36\/100\n|upkeep\n|turn|7\n|\n|t:|1700184782\n|switch|p2a: Dragapult|Dragapult, M|100\/100\n|-terastallize|p1a: ASTROTHUNDER|Flying\n|move|p1a: ASTROTHUNDER|Tera Blast|p2a: Dragapult|[anim] Tera Blast Flying\n|-damage|p2a: Dragapult|0 fnt\n|faint|p2a: Dragapult\n|\n|upkeep\n|-message|Vanessa1994 forfeited.\n|\n|win|PLAYB0I R0BBIE B\n|raw|PLAYB0I R0BBIE B's rating: 1280 &rarr; <strong>1299<\/strong><br \/>(+19 for winning)\n|raw|Vanessa1994's rating: 1200 &rarr; <strong>1181<\/strong><br \/>(-19 for losing)\n|l|\u2606Vanessa1994\n","uploadtime":1700184792,"views":7,"p1id":"playb0ir0bbieb","p2id":"vanessa1994","formatid":"gen9ou","rating":1181,"private":0,"password":""}