{"id":"gen9ou-1992819444","p1":"thecreamguy","p2":"DanyFerreiraF","format":"[Gen 9] OU","log":"|j|\u2606thecreamguy\n|j|\u2606DanyFerreiraF\n|t:|1700238217\n|gametype|singles\n|player|p1|thecreamguy|steven|1404\n|player|p2|DanyFerreiraF|blue|1349\n|teamsize|p1|6\n|teamsize|p2|6\n|gen|9\n|tier|[Gen 9] OU\n|rated|\n|rule|Sleep Clause Mod: Limit one foe put to sleep\n|rule|Species Clause: Limit one of each Pok\u00e9mon\n|rule|OHKO Clause: OHKO moves are banned\n|rule|Evasion Items Clause: Evasion items are banned\n|rule|Evasion Moves Clause: Evasion moves are banned\n|rule|Endless Battle Clause: Forcing endless battles is banned\n|rule|HP Percentage Mod: HP is shown in percentages\n|clearpoke\n|poke|p1|Muk-Alola, F|\n|poke|p1|Rillaboom, F|\n|poke|p1|Zapdos|\n|poke|p1|Heatran, F|\n|poke|p1|Great Tusk|\n|poke|p1|Dragapult, M|\n|poke|p2|Zoroark-Hisui, M|\n|poke|p2|Meowscarada, M|\n|poke|p2|Donphan, M|\n|poke|p2|Toxapex, M|\n|poke|p2|Chansey, F|\n|poke|p2|Eelektross, M|\n|teampreview\n|inactive|Battle timer is ON: inactive players will automatically lose when time's up. (requested by thecreamguy)\n|inactive|DanyFerreiraF has 120 seconds left.\n|\n|t:|1700238250\n|start\n|switch|p1a: Rillaboom|Rillaboom, F|100\/100\n|switch|p2a: Meowscarada|Meowscarada, M|100\/100\n|-fieldstart|move: Grassy Terrain|[from] ability: Grassy Surge|[of] p1a: Rillaboom\n|turn|1\n|\n|t:|1700238258\n|move|p2a: Meowscarada|U-turn|p1a: Rillaboom\n|-start|p2a: Meowscarada|typechange|Bug|[from] ability: Protean\n|-supereffective|p1a: Rillaboom\n|-damage|p1a: Rillaboom|30\/100\n|\n|t:|1700238263\n|switch|p2a: Toxapex|Toxapex, M|100\/100|[from] U-turn\n|move|p1a: Rillaboom|U-turn|p2a: Toxapex\n|-resisted|p2a: Toxapex\n|-damage|p2a: Toxapex|89\/100\n|-damage|p1a: Rillaboom|14\/100|[from] item: Rocky Helmet|[of] p2a: Toxapex\n|inactive|thecreamguy has 120 seconds left.\n|\n|t:|1700238296\n|switch|p1a: Zapdos|Zapdos|100\/100|[from] U-turn\n|\n|-heal|p2a: Toxapex|96\/100|[from] Grassy Terrain\n|upkeep\n|turn|2\n|\n|t:|1700238303\n|switch|p2a: Chansey|Chansey, F|100\/100\n|move|p1a: Zapdos|Volt Switch|p2a: Chansey\n|-crit|p2a: Chansey\n|-damage|p2a: Chansey|90\/100\n|\n|t:|1700238316\n|switch|p1a: Muk|Muk-Alola, F|100\/100|[from] Volt Switch\n|\n|-heal|p2a: Chansey|96\/100|[from] Grassy Terrain\n|upkeep\n|turn|3\n|\n|t:|1700238324\n|move|p1a: Muk|Knock Off|p2a: Chansey\n|-damage|p2a: Chansey|37\/100\n|-enditem|p2a: Chansey|Eviolite|[from] move: Knock Off|[of] p1a: Muk\n|move|p2a: Chansey|Thunder Wave|p1a: Muk\n|-status|p1a: Muk|par\n|\n|-heal|p2a: Chansey|43\/100|[from] Grassy Terrain\n|upkeep\n|turn|4\n|\n|t:|1700238352\n|switch|p2a: Eelektross|Eelektross, M|100\/100\n|move|p1a: Muk|Knock Off|p2a: Eelektross\n|-damage|p2a: Eelektross|65\/100\n|-enditem|p2a: Eelektross|Assault Vest|[from] move: Knock Off|[of] p1a: Muk\n|\n|upkeep\n|turn|5\n|inactive|thecreamguy has 120 seconds left.\n|\n|t:|1700238372\n|move|p2a: Eelektross|Drain Punch|p1a: Muk\n|-damage|p1a: Muk|81\/100 par\n|-heal|p2a: Eelektross|78\/100|[from] drain|[of] p1a: Muk\n|cant|p1a: Muk|par\n|\n|-heal|p1a: Muk|87\/100 par|[from] Grassy Terrain\n|-heal|p1a: Muk|93\/100 par|[from] item: Black Sludge\n|-fieldend|move: Grassy Terrain\n|upkeep\n|turn|6\n|inactive|thecreamguy has 120 seconds left.\n|\n|t:|1700238392\n|move|p2a: Eelektross|Drain Punch|p1a: Muk\n|-damage|p1a: Muk|71\/100 par\n|-heal|p2a: Eelektross|92\/100|[from] drain|[of] p1a: Muk\n|cant|p1a: Muk|par\n|\n|-heal|p1a: Muk|77\/100 par|[from] item: Black Sludge\n|upkeep\n|turn|7\n|\n|t:|1700238401\n|move|p2a: Eelektross|Drain Punch|p1a: Muk\n|-damage|p1a: Muk|58\/100 par\n|-heal|p2a: Eelektross|100\/100|[from] drain|[of] p1a: Muk\n|move|p1a: Muk|Poison Jab|p2a: Eelektross\n|-damage|p2a: Eelektross|71\/100\n|\n|-heal|p1a: Muk|64\/100 par|[from] item: Black Sludge\n|upkeep\n|turn|8\n|inactive|thecreamguy has 120 seconds left.\n|\n|t:|1700238412\n|move|p2a: Eelektross|Drain Punch|p1a: Muk\n|-damage|p1a: Muk|45\/100 par\n|-heal|p2a: Eelektross|84\/100|[from] drain|[of] p1a: Muk\n|move|p1a: Muk|Poison Jab|p2a: Eelektross\n|-damage|p2a: Eelektross|56\/100\n|-status|p2a: Eelektross|psn|[from] ability: Poison Touch|[of] p1a: Muk\n|\n|-heal|p1a: Muk|51\/100 par|[from] item: Black Sludge\n|-damage|p2a: Eelektross|44\/100 psn|[from] psn\n|upkeep\n|turn|9\n|\n|t:|1700238426\n|move|p1a: Muk|Protect|p1a: Muk\n|-singleturn|p1a: Muk|Protect\n|move|p2a: Eelektross|Thunderbolt|p1a: Muk\n|-activate|p1a: Muk|move: Protect\n|\n|-heal|p1a: Muk|57\/100 par|[from] item: Black Sludge\n|-damage|p2a: Eelektross|31\/100 psn|[from] psn\n|upkeep\n|turn|10\n|inactive|thecreamguy has 120 seconds left.\n|\n|t:|1700238455\n|switch|p1a: Great Tusk|Great Tusk|100\/100\n|move|p2a: Eelektross|Drain Punch|p1a: Great Tusk\n|-damage|p1a: Great Tusk|88\/100\n|-heal|p2a: Eelektross|40\/100 psn|[from] drain|[of] p1a: Great Tusk\n|\n|-heal|p1a: Great Tusk|94\/100|[from] item: Leftovers\n|-damage|p2a: Eelektross|28\/100 psn|[from] psn\n|upkeep\n|turn|11\n|inactive|thecreamguy has 120 seconds left.\n|inactive|thecreamguy has 90 seconds left.\n|\n|t:|1700238495\n|-end|p1a: Great Tusk|Protosynthesis|[silent]\n|switch|p1a: Muk|Muk-Alola, F|57\/100 par\n|move|p2a: Eelektross|Giga Drain|p1a: Muk\n|-resisted|p1a: Muk\n|-damage|p1a: Muk|52\/100 par\n|-heal|p2a: Eelektross|31\/100 psn|[from] drain|[of] p1a: Muk\n|\n|-heal|p1a: Muk|58\/100 par|[from] item: Black Sludge\n|-damage|p2a: Eelektross|18\/100 psn|[from] psn\n|upkeep\n|turn|12\n|inactive|thecreamguy has 90 seconds left.\n|inactive|DanyFerreiraF has 120 seconds left.\n|\n|t:|1700238540\n|move|p1a: Muk|Protect|p1a: Muk\n|-singleturn|p1a: Muk|Protect\n|move|p2a: Eelektross|Drain Punch|p1a: Muk\n|-activate|p1a: Muk|move: Protect\n|\n|-heal|p1a: Muk|64\/100 par|[from] item: Black Sludge\n|-damage|p2a: Eelektross|6\/100 psn|[from] psn\n|upkeep\n|turn|13\n|inactive|thecreamguy has 90 seconds left.\n|\n|t:|1700238558\n|move|p2a: Eelektross|Drain Punch|p1a: Muk\n|-damage|p1a: Muk|42\/100 par\n|-heal|p2a: Eelektross|21\/100 psn|[from] drain|[of] p1a: Muk\n|move|p1a: Muk|Knock Off|p2a: Eelektross\n|-damage|p2a: Eelektross|0 fnt\n|faint|p2a: Eelektross\n|\n|-heal|p1a: Muk|48\/100 par|[from] item: Black Sludge\n|upkeep\n|\n|t:|1700238570\n|switch|p2a: Donphan|Donphan, M|100\/100\n|turn|14\n|inactive|thecreamguy has 90 seconds left.\n|\n|t:|1700238589\n|move|p1a: Muk|Protect|p1a: Muk\n|-singleturn|p1a: Muk|Protect\n|move|p2a: Donphan|Earthquake|p1a: Muk\n|-activate|p1a: Muk|move: Protect\n|\n|-heal|p1a: Muk|54\/100 par|[from] item: Black Sludge\n|upkeep\n|turn|15\n|inactive|thecreamguy has 90 seconds left.\n|inactive|DanyFerreiraF has 120 seconds left.\n|inactive|DanyFerreiraF has 90 seconds left.\n|inactive|thecreamguy has 60 seconds left.\n|inactive|DanyFerreiraF has 60 seconds left.\n|\n|t:|1700238656\n|switch|p2a: Chansey|Chansey, F|43\/100\n|switch|p1a: Great Tusk|Great Tusk|94\/100\n|\n|-heal|p1a: Great Tusk|99\/100|[from] item: Leftovers\n|upkeep\n|turn|16\n|inactive|thecreamguy has 60 seconds left.\n|inactive|DanyFerreiraF has 60 seconds left.\n|\n|t:|1700238670\n|switch|p2a: Donphan|Donphan, M|100\/100\n|move|p1a: Great Tusk|Headlong Rush|p2a: Donphan\n|-damage|p2a: Donphan|69\/100\n|-unboost|p1a: Great Tusk|def|1\n|-unboost|p1a: Great Tusk|spd|1\n|\n|-heal|p1a: Great Tusk|100\/100|[from] item: Leftovers\n|-heal|p2a: Donphan|75\/100|[from] item: Leftovers\n|upkeep\n|turn|17\n|inactive|thecreamguy has 60 seconds left.\n|inactive|DanyFerreiraF has 60 seconds left.\n|\n|t:|1700238682\n|-end|p1a: Great Tusk|Protosynthesis|[silent]\n|switch|p1a: Zapdos|Zapdos|100\/100\n|move|p2a: Donphan|Earthquake|p1a: Zapdos\n|-immune|p1a: Zapdos\n|\n|-heal|p2a: Donphan|81\/100|[from] item: Leftovers\n|upkeep\n|turn|18\n|inactive|thecreamguy has 60 seconds left.\n|inactive|DanyFerreiraF has 60 seconds left.\n|\n|t:|1700238700\n|move|p1a: Zapdos|Hurricane|p2a: Donphan|[miss]\n|-miss|p1a: Zapdos|p2a: Donphan\n|move|p2a: Donphan|Earthquake|p1a: Zapdos\n|-immune|p1a: Zapdos\n|\n|-heal|p2a: Donphan|88\/100|[from] item: Leftovers\n|upkeep\n|turn|19\n|inactive|DanyFerreiraF has 60 seconds left.\n|\n|t:|1700238712\n|switch|p2a: Chansey|Chansey, F|43\/100\n|move|p1a: Zapdos|Hurricane|p2a: Chansey\n|-crit|p2a: Chansey\n|-damage|p2a: Chansey|21\/100\n|\n|upkeep\n|turn|20\n|inactive|DanyFerreiraF has 60 seconds left.\n|\n|t:|1700238720\n|move|p1a: Zapdos|Volt Switch|p2a: Chansey\n|-damage|p2a: Chansey|12\/100\n|\n|t:|1700238723\n|switch|p1a: Great Tusk|Great Tusk|100\/100|[from] Volt Switch\n|move|p2a: Chansey|Soft-Boiled|p2a: Chansey\n|-heal|p2a: Chansey|62\/100\n|\n|upkeep\n|turn|21\n|\n|t:|1700238733\n|switch|p2a: Donphan|Donphan, M|88\/100\n|move|p1a: Great Tusk|Rapid Spin|p2a: Donphan\n|-damage|p2a: Donphan|80\/100\n|-boost|p1a: Great Tusk|spe|1\n|\n|-heal|p2a: Donphan|86\/100|[from] item: Leftovers\n|upkeep\n|turn|22\n|\n|t:|1700238742\n|move|p1a: Great Tusk|Bulk Up|p1a: Great Tusk\n|-boost|p1a: Great Tusk|atk|1\n|-boost|p1a: Great Tusk|def|1\n|move|p2a: Donphan|Earthquake|p1a: Great Tusk\n|-damage|p1a: Great Tusk|84\/100\n|\n|-heal|p1a: Great Tusk|90\/100|[from] item: Leftovers\n|-heal|p2a: Donphan|92\/100|[from] item: Leftovers\n|upkeep\n|turn|23\n|\n|t:|1700238753\n|move|p1a: Great Tusk|Bulk Up|p1a: Great Tusk\n|-boost|p1a: Great Tusk|atk|1\n|-boost|p1a: Great Tusk|def|1\n|move|p2a: Donphan|Earthquake|p1a: Great Tusk\n|-damage|p1a: Great Tusk|78\/100\n|\n|-heal|p1a: Great Tusk|84\/100|[from] item: Leftovers\n|-heal|p2a: Donphan|98\/100|[from] item: Leftovers\n|upkeep\n|turn|24\n|\n|t:|1700238765\n|switch|p2a: Meowscarada|Meowscarada, M|100\/100\n|move|p1a: Great Tusk|Bulk Up|p1a: Great Tusk\n|-boost|p1a: Great Tusk|atk|1\n|-boost|p1a: Great Tusk|def|1\n|\n|-heal|p1a: Great Tusk|91\/100|[from] item: Leftovers\n|upkeep\n|turn|25\n|inactive|DanyFerreiraF has 60 seconds left.\n|inactive|thecreamguy has 90 seconds left.\n|inactive|DanyFerreiraF has 30 seconds left.\n|\n|t:|1700238820\n|-terastallize|p2a: Meowscarada|Grass\n|-terastallize|p1a: Great Tusk|Dragon\n|move|p2a: Meowscarada|Flower Trick|p1a: Great Tusk\n|-resisted|p1a: Great Tusk\n|-crit|p1a: Great Tusk\n|-damage|p1a: Great Tusk|69\/100\n|move|p1a: Great Tusk|Ice Spinner|p2a: Meowscarada\n|-supereffective|p2a: Meowscarada\n|-damage|p2a: Meowscarada|0 fnt\n|faint|p2a: Meowscarada\n|\n|-heal|p1a: Great Tusk|75\/100|[from] item: Leftovers\n|upkeep\n|inactive|DanyFerreiraF has 30 seconds left.\n|inactive|DanyFerreiraF has 20 seconds left.\n|\n|t:|1700238839\n|switch|p2a: Toxapex|Toxapex, M|100\/100\n|turn|26\n|inactive|DanyFerreiraF has 30 seconds left this turn.\n|\n|t:|1700238848\n|move|p1a: Great Tusk|Headlong Rush|p2a: Toxapex\n|-enditem|p2a: Toxapex|Focus Sash\n|-damage|p2a: Toxapex|1\/100\n|-unboost|p1a: Great Tusk|def|1\n|-unboost|p1a: Great Tusk|spd|1\n|replace|p2a: Zoroark|Zoroark-Hisui, M, shiny\n|-end|p2a: Zoroark|Illusion\n|move|p2a: Zoroark|Icy Wind|p1a: Great Tusk\n|-supereffective|p1a: Great Tusk\n|-damage|p1a: Great Tusk|0 fnt\n|faint|p1a: Great Tusk\n|-end|p1a: Great Tusk|Protosynthesis|[silent]\n|\n|upkeep\n|inactive|DanyFerreiraF has 30 seconds left this turn.\n|\n|t:|1700238854\n|switch|p1a: Dragapult|Dragapult, M|100\/100\n|turn|27\n|inactive|DanyFerreiraF has 30 seconds left.\n|\n|t:|1700238865\n|switch|p2a: Toxapex|Toxapex, M|100\/100\n|move|p1a: Dragapult|U-turn|p2a: Toxapex\n|-resisted|p2a: Toxapex\n|-damage|p2a: Toxapex|95\/100\n|-damage|p1a: Dragapult|84\/100|[from] item: Rocky Helmet|[of] p2a: Toxapex\n|\n|t:|1700238871\n|switch|p1a: Zapdos|Zapdos|100\/100|[from] U-turn\n|\n|upkeep\n|turn|28\n|\n|t:|1700238878\n|switch|p2a: Chansey|Chansey, F|62\/100\n|move|p1a: Zapdos|Hurricane|p2a: Chansey|[miss]\n|-miss|p1a: Zapdos|p2a: Chansey\n|\n|upkeep\n|turn|29\n|\n|t:|1700238891\n|move|p1a: Zapdos|Volt Switch|p2a: Chansey\n|-damage|p2a: Chansey|51\/100\n|\n|t:|1700238894\n|switch|p1a: Muk|Muk-Alola, F|54\/100 par|[from] Volt Switch\n|move|p2a: Chansey|Stealth Rock|p1a: Muk\n|-sidestart|p1: thecreamguy|move: Stealth Rock\n|\n|-heal|p1a: Muk|60\/100 par|[from] item: Black Sludge\n|upkeep\n|turn|30\n|\n|t:|1700238907\n|switch|p2a: Donphan|Donphan, M|98\/100\n|move|p1a: Muk|Poison Jab|p2a: Donphan\n|-resisted|p2a: Donphan\n|-damage|p2a: Donphan|91\/100\n|\n|-heal|p2a: Donphan|97\/100|[from] item: Leftovers\n|-heal|p1a: Muk|66\/100 par|[from] item: Black Sludge\n|upkeep\n|turn|31\n|\n|t:|1700238925\n|switch|p1a: Zapdos|Zapdos|100\/100\n|move|p2a: Donphan|Earthquake|p1a: Zapdos\n|-immune|p1a: Zapdos\n|\n|-heal|p2a: Donphan|100\/100|[from] item: Leftovers\n|upkeep\n|turn|32\n|\n|t:|1700238936\n|switch|p2a: Chansey|Chansey, F|51\/100\n|move|p1a: Zapdos|Hurricane|p2a: Chansey\n|-damage|p2a: Chansey|35\/100\n|\n|upkeep\n|turn|33\n|\n|t:|1700238943\n|move|p1a: Zapdos|Discharge|p2a: Chansey\n|-damage|p2a: Chansey|24\/100\n|-status|p2a: Chansey|par\n|move|p2a: Chansey|Soft-Boiled|p2a: Chansey\n|-heal|p2a: Chansey|74\/100 par\n|\n|upkeep\n|turn|34\n|\n|t:|1700238951\n|move|p1a: Zapdos|Hurricane|p2a: Chansey\n|-damage|p2a: Chansey|59\/100 par\n|move|p2a: Chansey|Seismic Toss|p1a: Zapdos\n|-damage|p1a: Zapdos|74\/100\n|\n|upkeep\n|turn|35\n|inactive|DanyFerreiraF has 60 seconds left.\n|\n|t:|1700238959\n|move|p1a: Zapdos|Hurricane|p2a: Chansey\n|-damage|p2a: Chansey|44\/100 par\n|move|p2a: Chansey|Seismic Toss|p1a: Zapdos\n|-damage|p1a: Zapdos|48\/100\n|\n|upkeep\n|turn|36\n|\n|t:|1700238966\n|move|p1a: Zapdos|Roost|p1a: Zapdos\n|-heal|p1a: Zapdos|98\/100\n|-singleturn|p1a: Zapdos|move: Roost\n|move|p2a: Chansey|Soft-Boiled|p2a: Chansey\n|-heal|p2a: Chansey|94\/100 par\n|\n|upkeep\n|turn|37\n|\n|t:|1700238974\n|move|p1a: Zapdos|Volt Switch|p2a: Chansey\n|-damage|p2a: Chansey|83\/100 par\n|\n|t:|1700238988\n|switch|p1a: Muk|Muk-Alola, F|66\/100 par|[from] Volt Switch\n|-damage|p1a: Muk|54\/100 par|[from] Stealth Rock\n|cant|p2a: Chansey|par\n|\n|-heal|p1a: Muk|60\/100 par|[from] item: Black Sludge\n|upkeep\n|turn|38\n|\n|t:|1700238998\n|-curestatus|p2a: Chansey|par|[from] ability: Natural Cure\n|switch|p2a: Toxapex|Toxapex, M|100\/100\n|move|p1a: Muk|Poison Jab|p2a: Toxapex\n|-resisted|p2a: Toxapex\n|-damage|p2a: Toxapex|93\/100\n|-damage|p1a: Muk|44\/100 par|[from] item: Rocky Helmet|[of] p2a: Toxapex\n|\n|-heal|p1a: Muk|50\/100 par|[from] item: Black Sludge\n|upkeep\n|turn|39\n|\n|t:|1700239010\n|switch|p2a: Donphan|Donphan, M|100\/100\n|move|p1a: Muk|Body Slam|p2a: Donphan\n|-damage|p2a: Donphan|88\/100\n|-status|p2a: Donphan|par\n|\n|-heal|p1a: Muk|56\/100 par|[from] item: Black Sludge\n|-heal|p2a: Donphan|94\/100 par|[from] item: Leftovers\n|upkeep\n|turn|40\n|\n|t:|1700239025\n|switch|p1a: Zapdos|Zapdos|98\/100\n|move|p2a: Donphan|Earthquake|p1a: Zapdos\n|-immune|p1a: Zapdos\n|\n|-heal|p2a: Donphan|100\/100 par|[from] item: Leftovers\n|upkeep\n|turn|41\n|\n|t:|1700239035\n|switch|p2a: Chansey|Chansey, F|83\/100\n|move|p1a: Zapdos|Volt Switch|p2a: Chansey\n|-damage|p2a: Chansey|73\/100\n|\n|t:|1700239048\n|switch|p1a: Rillaboom|Rillaboom, F|14\/100|[from] Volt Switch\n|-damage|p1a: Rillaboom|1\/100|[from] Stealth Rock\n|-fieldstart|move: Grassy Terrain|[from] ability: Grassy Surge|[of] p1a: Rillaboom\n|\n|-heal|p1a: Rillaboom|8\/100|[from] Grassy Terrain\n|-heal|p2a: Chansey|79\/100|[from] Grassy Terrain\n|upkeep\n|turn|42\n|\n|t:|1700239059\n|switch|p2a: Toxapex|Toxapex, M|100\/100\n|move|p1a: Rillaboom|Wood Hammer|p2a: Toxapex\n|-damage|p2a: Toxapex|18\/100\n|-damage|p1a: Rillaboom|0 fnt|[from] item: Rocky Helmet|[of] p2a: Toxapex\n|faint|p1a: Rillaboom\n|\n|-heal|p2a: Toxapex|25\/100|[from] Grassy Terrain\n|upkeep\n|\n|t:|1700239088\n|switch|p1a: Zapdos|Zapdos|98\/100\n|turn|43\n|\n|t:|1700239092\n|switch|p2a: Chansey|Chansey, F|79\/100\n|move|p1a: Zapdos|Volt Switch|p2a: Chansey\n|-damage|p2a: Chansey|70\/100\n|\n|t:|1700239104\n|switch|p1a: Heatran|Heatran, F|100\/100|[from] Volt Switch\n|-damage|p1a: Heatran|88\/100|[from] Stealth Rock\n|\n|-heal|p1a: Heatran|94\/100|[from] Grassy Terrain\n|-heal|p1a: Heatran|100\/100|[from] item: Leftovers\n|-heal|p2a: Chansey|76\/100|[from] Grassy Terrain\n|upkeep\n|turn|44\n|\n|t:|1700239114\n|move|p1a: Heatran|Taunt|p2a: Chansey\n|-start|p2a: Chansey|move: Taunt\n|cant|p2a: Chansey|move: Taunt|Thunder Wave\n|\n|-heal|p2a: Chansey|82\/100|[from] Grassy Terrain\n|upkeep\n|turn|45\n|\n|t:|1700239121\n|move|p1a: Heatran|Stealth Rock|p2a: Chansey\n|-sidestart|p2: DanyFerreiraF|move: Stealth Rock\n|move|p2a: Chansey|Seismic Toss|p1a: Heatran\n|-damage|p1a: Heatran|74\/100\n|\n|-heal|p1a: Heatran|81\/100|[from] Grassy Terrain\n|-heal|p1a: Heatran|87\/100|[from] item: Leftovers\n|-heal|p2a: Chansey|88\/100|[from] Grassy Terrain\n|-fieldend|move: Grassy Terrain\n|upkeep\n|turn|46\n|\n|t:|1700239132\n|move|p1a: Heatran|Magma Storm|p2a: Chansey\n|-damage|p2a: Chansey|75\/100\n|-activate|p2a: Chansey|move: Magma Storm|[of] p1a: Heatran\n|move|p2a: Chansey|Seismic Toss|p1a: Heatran\n|-damage|p1a: Heatran|61\/100\n|\n|-heal|p1a: Heatran|67\/100|[from] item: Leftovers\n|-damage|p2a: Chansey|63\/100|[from] move: Magma Storm|[partiallytrapped]\n|-end|p2a: Chansey|move: Taunt\n|upkeep\n|turn|47\n|\n|t:|1700239143\n|move|p1a: Heatran|Taunt|p2a: Chansey\n|-start|p2a: Chansey|move: Taunt\n|move|p2a: Chansey|Seismic Toss|p1a: Heatran\n|-damage|p1a: Heatran|41\/100\n|-status|p2a: Chansey|brn|[from] ability: Flame Body|[of] p1a: Heatran\n|\n|-heal|p1a: Heatran|47\/100|[from] item: Leftovers\n|-damage|p2a: Chansey|56\/100 brn|[from] brn\n|-damage|p2a: Chansey|44\/100 brn|[from] move: Magma Storm|[partiallytrapped]\n|upkeep\n|turn|48\n|\n|t:|1700239156\n|move|p1a: Heatran|Earth Power|p2a: Chansey\n|-crit|p2a: Chansey\n|-damage|p2a: Chansey|32\/100 brn\n|move|p2a: Chansey|Seismic Toss|p1a: Heatran\n|-damage|p1a: Heatran|21\/100\n|\n|-heal|p1a: Heatran|28\/100|[from] item: Leftovers\n|-damage|p2a: Chansey|25\/100 brn|[from] brn\n|-damage|p2a: Chansey|13\/100 brn|[from] move: Magma Storm|[partiallytrapped]\n|upkeep\n|turn|49\n|\n|t:|1700239167\n|move|p1a: Heatran|Earth Power|p2a: Chansey\n|-damage|p2a: Chansey|3\/100 brn\n|move|p2a: Chansey|Seismic Toss|p1a: Heatran\n|-damage|p1a: Heatran|2\/100\n|\n|-heal|p1a: Heatran|8\/100|[from] item: Leftovers\n|-damage|p2a: Chansey|0 fnt|[from] brn\n|faint|p2a: Chansey\n|upkeep\n|\n|t:|1700239178\n|switch|p2a: Donphan|Donphan, M|100\/100 par\n|-damage|p2a: Donphan|94\/100 par|[from] Stealth Rock\n|turn|50\n|\n|t:|1700239184\n|move|p1a: Heatran|Taunt|p2a: Donphan\n|-start|p2a: Donphan|move: Taunt\n|cant|p2a: Donphan|par\n|\n|-heal|p1a: Heatran|14\/100|[from] item: Leftovers\n|-heal|p2a: Donphan|100\/100 par|[from] item: Leftovers\n|upkeep\n|turn|51\n|c|\u2606thecreamguy|NICE\n|\n|t:|1700239193\n|move|p1a: Heatran|Magma Storm|p2a: Donphan\n|-damage|p2a: Donphan|43\/100 par\n|-activate|p2a: Donphan|move: Magma Storm|[of] p1a: Heatran\n|move|p2a: Donphan|Earthquake|p1a: Heatran\n|-supereffective|p1a: Heatran\n|-damage|p1a: Heatran|0 fnt\n|faint|p1a: Heatran\n|\n|-heal|p2a: Donphan|49\/100 par|[from] item: Leftovers\n|-end|p2a: Donphan|Magma Storm|[partiallytrapped]|[silent]\n|upkeep\n|c|\u2606thecreamguy|GO OFF KING\n|\n|t:|1700239209\n|switch|p1a: Dragapult|Dragapult, M|84\/100\n|-damage|p1a: Dragapult|72\/100|[from] Stealth Rock\n|turn|52\n|\n|t:|1700239218\n|switch|p2a: Toxapex|Toxapex, M|58\/100\n|-damage|p2a: Toxapex|45\/100|[from] Stealth Rock\n|move|p1a: Dragapult|Shadow Ball|p2a: Toxapex\n|-damage|p2a: Toxapex|0 fnt\n|faint|p2a: Toxapex\n|\n|upkeep\n|\n|t:|1700239227\n|switch|p2a: Donphan|Donphan, M|49\/100 par\n|-damage|p2a: Donphan|43\/100 par|[from] Stealth Rock\n|turn|53\n|c|\u2606thecreamguy|SIIIIIIIUUUUUUUUUUUUUUUU\n|\n|t:|1700239232\n|move|p2a: Donphan|Ice Shard|p1a: Dragapult\n|-supereffective|p1a: Dragapult\n|-damage|p1a: Dragapult|43\/100\n|move|p1a: Dragapult|Shadow Ball|p2a: Donphan\n|-damage|p2a: Donphan|0 fnt\n|faint|p2a: Donphan\n|\n|upkeep\n|c|\u2606thecreamguy|ayo this team kinda nice\n|\n|t:|1700239240\n|switch|p2a: Zoroark|Zoroark-Hisui, M, shiny|1\/100\n|-damage|p2a: Zoroark|0 fnt|[from] Stealth Rock\n|faint|p2a: Zoroark\n|\n|win|thecreamguy\n|raw|thecreamguy's rating: 1404 &rarr; <strong>1421<\/strong><br \/>(+17 for winning)\n|raw|DanyFerreiraF's rating: 1349 &rarr; <strong>1332<\/strong><br \/>(-17 for losing)\n|c|\u2606thecreamguy|gg\n","uploadtime":1700239268,"views":10,"p1id":"thecreamguy","p2id":"danyferreiraf","formatid":"gen9ou","rating":1332,"private":0,"password":""}