{"id":"gen9ou-1993080225","p1":"drag0ntamer10","p2":"EkCantDrawLol","format":"[Gen 9] OU","log":"|j|\u2606drag0ntamer10\n|j|\u2606EkCantDrawLol\n|t:|1700262468\n|gametype|singles\n|player|p1|drag0ntamer10|170|1087\n|player|p2|EkCantDrawLol|skierf|1159\n|teamsize|p1|6\n|teamsize|p2|6\n|gen|9\n|tier|[Gen 9] OU\n|rated|\n|rule|Sleep Clause Mod: Limit one foe put to sleep\n|rule|Species Clause: Limit one of each Pok\u00e9mon\n|rule|OHKO Clause: OHKO moves are banned\n|rule|Evasion Items Clause: Evasion items are banned\n|rule|Evasion Moves Clause: Evasion moves are banned\n|rule|Endless Battle Clause: Forcing endless battles is banned\n|rule|HP Percentage Mod: HP is shown in percentages\n|clearpoke\n|poke|p1|Great Tusk|\n|poke|p1|Walking Wake|\n|poke|p1|Torkoal, F|\n|poke|p1|Gholdengo|\n|poke|p1|Hatterene, F|\n|poke|p1|Shiftry, F|\n|poke|p2|Zamazenta-*|\n|poke|p2|Greninja-*, M|\n|poke|p2|Great Tusk|\n|poke|p2|Dragonite, F|\n|poke|p2|Iron Moth|\n|poke|p2|Gholdengo|\n|teampreview\n|\n|t:|1700262482\n|start\n|switch|p1a: Torkoal|Torkoal, F|100\/100\n|switch|p2a: Greninja|Greninja, M|100\/100\n|-weather|SunnyDay|[from] ability: Drought|[of] p1a: Torkoal\n|turn|1\n|inactive|Battle timer is ON: inactive players will automatically lose when time's up. (requested by EkCantDrawLol)\n|\n|t:|1700262503\n|move|p2a: Greninja|Spikes|p1a: Torkoal\n|-start|p2a: Greninja|typechange|Ground|[from] ability: Protean\n|-sidestart|p1: drag0ntamer10|Spikes\n|move|p1a: Torkoal|Stealth Rock|p2a: Greninja\n|-sidestart|p2: EkCantDrawLol|move: Stealth Rock\n|\n|-weather|SunnyDay|[upkeep]\n|upkeep\n|turn|2\n|\n|t:|1700262508\n|move|p2a: Greninja|Spikes|p1a: Torkoal\n|-sidestart|p1: drag0ntamer10|Spikes\n|move|p1a: Torkoal|Yawn|p2a: Greninja\n|-start|p2a: Greninja|move: Yawn|[of] p1a: Torkoal\n|\n|-weather|SunnyDay|[upkeep]\n|upkeep\n|turn|3\n|\n|t:|1700262511\n|move|p2a: Greninja|U-turn|p1a: Torkoal\n|-resisted|p1a: Torkoal\n|-damage|p1a: Torkoal|95\/100\n|\n|t:|1700262514\n|switch|p2a: Great Tusk|Great Tusk, shiny|100\/100|[from] U-turn\n|-damage|p2a: Great Tusk|98\/100|[from] Stealth Rock\n|-activate|p2a: Great Tusk|ability: Protosynthesis\n|-start|p2a: Great Tusk|protosynthesisatk\n|move|p1a: Torkoal|Rapid Spin|p2a: Great Tusk\n|-damage|p2a: Great Tusk|92\/100\n|-boost|p1a: Torkoal|spe|1\n|-sideend|p1: drag0ntamer10|Spikes|[from] move: Rapid Spin|[of] p1a: Torkoal\n|\n|-weather|SunnyDay|[upkeep]\n|upkeep\n|turn|4\n|\n|t:|1700262520\n|switch|p1a: Gholdengo|Gholdengo|100\/100\n|-item|p1a: Gholdengo|Air Balloon\n|move|p2a: Great Tusk|Earthquake|p1a: Gholdengo\n|-immune|p1a: Gholdengo\n|\n|-weather|SunnyDay|[upkeep]\n|upkeep\n|turn|5\n|\n|t:|1700262539\n|switch|p1a: Shiftry|Shiftry, F|100\/100\n|move|p2a: Great Tusk|Knock Off|p1a: Shiftry\n|-resisted|p1a: Shiftry\n|-damage|p1a: Shiftry|61\/100\n|-enditem|p1a: Shiftry|Life Orb|[from] move: Knock Off|[of] p2a: Great Tusk\n|\n|-weather|SunnyDay|[upkeep]\n|upkeep\n|turn|6\n|\n|t:|1700262550\n|-end|p2a: Great Tusk|Protosynthesis|[silent]\n|switch|p2a: Iron Moth|Iron Moth, shiny|100\/100\n|-damage|p2a: Iron Moth|76\/100|[from] Stealth Rock\n|move|p1a: Shiftry|Solar Blade||[still]\n|-prepare|p1a: Shiftry|Solar Blade\n|-anim|p1a: Shiftry|Solar Blade|p2a: Iron Moth\n|-resisted|p2a: Iron Moth\n|-damage|p2a: Iron Moth|50\/100\n|\n|-weather|SunnyDay|[upkeep]\n|upkeep\n|turn|7\n|\n|t:|1700262555\n|move|p2a: Iron Moth|Fiery Dance|p1a: Shiftry\n|-supereffective|p1a: Shiftry\n|-damage|p1a: Shiftry|0 fnt\n|-boost|p2a: Iron Moth|spa|1\n|faint|p1a: Shiftry\n|\n|-weather|SunnyDay|[upkeep]\n|upkeep\n|\n|t:|1700262560\n|switch|p1a: Walking Wake|Walking Wake|100\/100\n|-activate|p1a: Walking Wake|ability: Protosynthesis\n|-start|p1a: Walking Wake|protosynthesisspa\n|turn|8\n|\n|t:|1700262572\n|move|p2a: Iron Moth|Fiery Dance|p1a: Walking Wake\n|-resisted|p1a: Walking Wake\n|-damage|p1a: Walking Wake|70\/100\n|move|p1a: Walking Wake|Hydro Steam|p2a: Iron Moth\n|-supereffective|p2a: Iron Moth\n|-damage|p2a: Iron Moth|0 fnt\n|faint|p2a: Iron Moth\n|-end|p2a: Iron Moth|Quark Drive|[silent]\n|\n|-weather|none\n|-end|p1a: Walking Wake|Protosynthesis\n|upkeep\n|\n|t:|1700262577\n|switch|p2a: Dragonite|Dragonite, F, shiny|100\/100\n|-damage|p2a: Dragonite|76\/100|[from] Stealth Rock\n|turn|9\n|\n|t:|1700262596\n|-end|p1a: Walking Wake|Protosynthesis|[silent]\n|switch|p1a: Torkoal|Torkoal, F|95\/100\n|-weather|SunnyDay|[from] ability: Drought|[of] p1a: Torkoal\n|-terastallize|p2a: Dragonite|Normal\n|move|p2a: Dragonite|Extreme Speed|p1a: Torkoal\n|-damage|p1a: Torkoal|42\/100\n|\n|-weather|SunnyDay|[upkeep]\n|upkeep\n|turn|10\n|\n|t:|1700262603\n|switch|p2a: Greninja|Greninja, M|100\/100\n|move|p1a: Torkoal|Yawn|p2a: Greninja\n|-start|p2a: Greninja|move: Yawn|[of] p1a: Torkoal\n|\n|-weather|SunnyDay|[upkeep]\n|upkeep\n|turn|11\n|\n|t:|1700262611\n|move|p2a: Greninja|U-turn|p1a: Torkoal\n|-start|p2a: Greninja|typechange|Bug|[from] ability: Protean\n|-resisted|p1a: Torkoal\n|-damage|p1a: Torkoal|35\/100\n|\n|t:|1700262613\n|switch|p2a: Great Tusk|Great Tusk, shiny|92\/100|[from] U-turn\n|-damage|p2a: Great Tusk|89\/100|[from] Stealth Rock\n|-activate|p2a: Great Tusk|ability: Protosynthesis\n|-start|p2a: Great Tusk|protosynthesisatk\n|move|p1a: Torkoal|Lava Plume|p2a: Great Tusk\n|-damage|p2a: Great Tusk|55\/100\n|-status|p2a: Great Tusk|brn\n|\n|-weather|SunnyDay|[upkeep]\n|-damage|p2a: Great Tusk|48\/100 brn|[from] brn\n|upkeep\n|turn|12\n|\n|t:|1700262636\n|move|p2a: Great Tusk|Rapid Spin|p1a: Torkoal\n|-damage|p1a: Torkoal|25\/100\n|-boost|p2a: Great Tusk|spe|1\n|-sideend|p2: EkCantDrawLol|Stealth Rock|[from] move: Rapid Spin|[of] p2a: Great Tusk\n|move|p1a: Torkoal|Lava Plume|p2a: Great Tusk\n|-damage|p2a: Great Tusk|19\/100 brn\n|\n|-weather|SunnyDay|[upkeep]\n|-damage|p2a: Great Tusk|12\/100 brn|[from] brn\n|upkeep\n|turn|13\n|\n|t:|1700262639\n|move|p2a: Great Tusk|Rapid Spin|p1a: Torkoal\n|-damage|p1a: Torkoal|17\/100\n|-boost|p2a: Great Tusk|spe|1\n|move|p1a: Torkoal|Lava Plume|p2a: Great Tusk\n|-damage|p2a: Great Tusk|0 fnt\n|faint|p2a: Great Tusk\n|-end|p2a: Great Tusk|Protosynthesis|[silent]\n|\n|-weather|SunnyDay|[upkeep]\n|upkeep\n|\n|t:|1700262643\n|switch|p2a: Zamazenta|Zamazenta, shiny|100\/100\n|-ability|p2a: Zamazenta|Dauntless Shield|boost\n|-boost|p2a: Zamazenta|def|1\n|turn|14\n|\n|t:|1700262651\n|move|p2a: Zamazenta|Psychic Fangs|p1a: Torkoal\n|-damage|p1a: Torkoal|0 fnt\n|faint|p1a: Torkoal\n|\n|-weather|SunnyDay|[upkeep]\n|upkeep\n|\n|t:|1700262657\n|switch|p1a: Walking Wake|Walking Wake|70\/100\n|-activate|p1a: Walking Wake|ability: Protosynthesis\n|-start|p1a: Walking Wake|protosynthesisspa\n|turn|15\n|\n|t:|1700262670\n|-terastallize|p1a: Walking Wake|Water\n|move|p2a: Zamazenta|Play Rough|p1a: Walking Wake\n|-damage|p1a: Walking Wake|39\/100\n|move|p1a: Walking Wake|Hydro Steam|p2a: Zamazenta\n|-damage|p2a: Zamazenta|0 fnt\n|faint|p2a: Zamazenta\n|\n|-weather|SunnyDay|[upkeep]\n|upkeep\n|\n|t:|1700262678\n|switch|p2a: Greninja|Greninja, M|100\/100\n|turn|16\n|\n|t:|1700262683\n|move|p2a: Greninja|Dark Pulse|p1a: Walking Wake\n|-start|p2a: Greninja|typechange|Dark|[from] ability: Protean\n|-damage|p1a: Walking Wake|0 fnt\n|faint|p1a: Walking Wake\n|-end|p1a: Walking Wake|Protosynthesis|[silent]\n|\n|-weather|none\n|upkeep\n|\n|t:|1700262701\n|switch|p1a: Hatterene|Hatterene, F|100\/100\n|turn|17\n|\n|t:|1700262706\n|move|p2a: Greninja|U-turn|p1a: Hatterene\n|-damage|p1a: Hatterene|89\/100\n|-enditem|p1a: Hatterene|Eject Button\n|\n|t:|1700262715\n|switch|p1a: Great Tusk|Great Tusk|100\/100\n|\n|upkeep\n|turn|18\n|\n|t:|1700262741\n|-end|p1a: Great Tusk|Protosynthesis|[silent]\n|switch|p1a: Hatterene|Hatterene, F|89\/100\n|move|p2a: Greninja|U-turn|p1a: Hatterene\n|-damage|p1a: Hatterene|78\/100\n|\n|t:|1700262746\n|switch|p2a: Gholdengo|Gholdengo|100\/100|[from] U-turn\n|\n|upkeep\n|turn|19\n|\n|t:|1700262764\n|move|p2a: Gholdengo|Hex|p1a: Hatterene\n|-supereffective|p1a: Hatterene\n|-damage|p1a: Hatterene|2\/100\n|move|p1a: Hatterene|Nuzzle|p2a: Gholdengo\n|-damage|p2a: Gholdengo|97\/100\n|-status|p2a: Gholdengo|par\n|\n|-heal|p2a: Gholdengo|100\/100 par|[from] item: Leftovers\n|upkeep\n|turn|20\n|\n|t:|1700262780\n|switch|p1a: Great Tusk|Great Tusk|100\/100\n|cant|p2a: Gholdengo|par\n|\n|upkeep\n|turn|21\n|\n|t:|1700262787\n|move|p1a: Great Tusk|Headlong Rush|p2a: Gholdengo\n|-supereffective|p2a: Gholdengo\n|-damage|p2a: Gholdengo|0 fnt\n|-unboost|p1a: Great Tusk|def|1\n|-unboost|p1a: Great Tusk|spd|1\n|faint|p2a: Gholdengo\n|\n|upkeep\n|\n|t:|1700262790\n|switch|p2a: Greninja|Greninja, M|100\/100\n|turn|22\n|\n|t:|1700262794\n|-end|p1a: Great Tusk|Protosynthesis|[silent]\n|switch|p1a: Hatterene|Hatterene, F|2\/100\n|move|p2a: Greninja|Surf|p1a: Hatterene\n|-start|p2a: Greninja|typechange|Water|[from] ability: Protean\n|-damage|p1a: Hatterene|0 fnt\n|faint|p1a: Hatterene\n|\n|upkeep\n|\n|t:|1700262800\n|switch|p1a: Gholdengo|Gholdengo|100\/100\n|-item|p1a: Gholdengo|Air Balloon\n|turn|23\n|\n|t:|1700262803\n|move|p2a: Greninja|Dark Pulse|p1a: Gholdengo\n|-supereffective|p1a: Gholdengo\n|-damage|p1a: Gholdengo|56\/100\n|-enditem|p1a: Gholdengo|Air Balloon\n|move|p1a: Gholdengo|Shadow Ball|p2a: Greninja\n|-damage|p2a: Greninja|41\/100\n|-unboost|p2a: Greninja|spd|1\n|\n|upkeep\n|turn|24\n|\n|t:|1700262808\n|move|p2a: Greninja|U-turn|p1a: Gholdengo\n|-resisted|p1a: Gholdengo\n|-damage|p1a: Gholdengo|53\/100\n|\n|t:|1700262810\n|switch|p2a: Dragonite|Dragonite, F, shiny, tera:Normal|76\/100|[from] U-turn\n|move|p1a: Gholdengo|Shadow Ball|p2a: Dragonite\n|-immune|p2a: Dragonite\n|\n|upkeep\n|turn|25\n|\n|t:|1700262815\n|move|p1a: Gholdengo|Nasty Plot|p1a: Gholdengo\n|-boost|p1a: Gholdengo|spa|2\n|move|p2a: Dragonite|Earthquake|p1a: Gholdengo\n|-supereffective|p1a: Gholdengo\n|-damage|p1a: Gholdengo|0 fnt\n|faint|p1a: Gholdengo\n|\n|upkeep\n|\n|t:|1700262819\n|switch|p1a: Great Tusk|Great Tusk|100\/100\n|turn|26\n|\n|t:|1700262822\n|move|p1a: Great Tusk|Close Combat|p2a: Dragonite\n|-supereffective|p2a: Dragonite\n|-damage|p2a: Dragonite|0 fnt\n|-unboost|p1a: Great Tusk|def|1\n|-unboost|p1a: Great Tusk|spd|1\n|faint|p2a: Dragonite\n|\n|upkeep\n|\n|t:|1700262825\n|switch|p2a: Greninja|Greninja, M|41\/100\n|turn|27\n|\n|t:|1700262831\n|move|p2a: Greninja|Surf|p1a: Great Tusk\n|-start|p2a: Greninja|typechange|Water|[from] ability: Protean\n|-supereffective|p1a: Great Tusk\n|-damage|p1a: Great Tusk|0 fnt\n|faint|p1a: Great Tusk\n|-end|p1a: Great Tusk|Protosynthesis|[silent]\n|\n|win|EkCantDrawLol\n|raw|drag0ntamer10's rating: 1087 &rarr; <strong>1069<\/strong><br \/>(-18 for losing)\n|raw|EkCantDrawLol's rating: 1159 &rarr; <strong>1179<\/strong><br \/>(+20 for winning)\n","uploadtime":1700262840,"views":11,"p1id":"drag0ntamer10","p2id":"ekcantdrawlol","formatid":"gen9ou","rating":1069,"private":0,"password":""}