{"id":"gen9ou-1996777530","p1":"whatabeautifulname","p2":"gett guuud","format":"[Gen 9] OU","log":"|j|\u2606whatabeautifulname\n|j|\u2606gett guuud\n|t:|1700723640\n|gametype|singles\n|player|p1|whatabeautifulname|brock|1638\n|player|p2|gett guuud|cyclist|1514\n|teamsize|p1|6\n|teamsize|p2|6\n|gen|9\n|tier|[Gen 9] OU\n|rated|\n|rule|Sleep Clause Mod: Limit one foe put to sleep\n|rule|Species Clause: Limit one of each Pok\u00e9mon\n|rule|OHKO Clause: OHKO moves are banned\n|rule|Evasion Items Clause: Evasion items are banned\n|rule|Evasion Moves Clause: Evasion moves are banned\n|rule|Endless Battle Clause: Forcing endless battles is banned\n|rule|HP Percentage Mod: HP is shown in percentages\n|clearpoke\n|poke|p1|Zamazenta-*|\n|poke|p1|Ceruledge, M|\n|poke|p1|Cresselia, F|\n|poke|p1|Ogerpon-Cornerstone, F|\n|poke|p1|Tatsugiri, M|\n|poke|p1|Greninja-*, F|\n|poke|p2|Corviknight, M|\n|poke|p2|Dragapult, M|\n|poke|p2|Hatterene, F|\n|poke|p2|Chansey, F|\n|poke|p2|Toxapex, F|\n|poke|p2|Heatran, M|\n|teampreview\n|inactive|Battle timer is ON: inactive players will automatically lose when time's up. (requested by gett guuud)\n|inactive|gett guuud has 120 seconds left.\n|\n|t:|1700723673\n|start\n|switch|p1a: Ceruledge|Ceruledge, M|100\/100\n|switch|p2a: Chansey|Chansey, F|100\/100\n|turn|1\n|\n|t:|1700723678\n|move|p1a: Ceruledge|Close Combat|p2a: Chansey\n|-supereffective|p2a: Chansey\n|-crit|p2a: Chansey\n|-damage|p2a: Chansey|22\/100\n|-unboost|p1a: Ceruledge|def|1\n|-unboost|p1a: Ceruledge|spd|1\n|move|p2a: Chansey|Thunder Wave|p1a: Ceruledge\n|-status|p1a: Ceruledge|par\n|\n|upkeep\n|turn|2\n|\n|t:|1700723687\n|move|p2a: Chansey|Soft-Boiled|p2a: Chansey\n|-heal|p2a: Chansey|72\/100\n|move|p1a: Ceruledge|Bitter Blade|p2a: Chansey\n|-crit|p2a: Chansey\n|-damage|p2a: Chansey|28\/100\n|\n|upkeep\n|turn|3\n|c|\u2606gett guuud|wow\n|\n|t:|1700723696\n|move|p2a: Chansey|Soft-Boiled|p2a: Chansey\n|-heal|p2a: Chansey|78\/100\n|move|p1a: Ceruledge|Close Combat|p2a: Chansey\n|-supereffective|p2a: Chansey\n|-damage|p2a: Chansey|29\/100\n|-unboost|p1a: Ceruledge|def|1\n|-unboost|p1a: Ceruledge|spd|1\n|\n|upkeep\n|turn|4\n|\n|t:|1700723703\n|switch|p1a: Ogerpon|Ogerpon-Cornerstone, F|100\/100\n|move|p2a: Chansey|Soft-Boiled|p2a: Chansey\n|-heal|p2a: Chansey|79\/100\n|\n|upkeep\n|turn|5\n|\n|t:|1700723713\n|switch|p2a: Corviknight|Corviknight, M|100\/100\n|-ability|p2a: Corviknight|Pressure\n|move|p1a: Ogerpon|Knock Off|p2a: Corviknight\n|-damage|p2a: Corviknight|76\/100\n|-enditem|p2a: Corviknight|Leftovers|[from] move: Knock Off|[of] p1a: Ogerpon\n|\n|upkeep\n|turn|6\n|\n|t:|1700723726\n|switch|p1a: Cresselia|Cresselia, F|100\/100\n|move|p2a: Corviknight|Body Press|p1a: Cresselia\n|-resisted|p1a: Cresselia\n|-damage|p1a: Cresselia|93\/100\n|\n|-heal|p1a: Cresselia|99\/100|[from] item: Leftovers\n|upkeep\n|turn|7\n|\n|t:|1700723733\n|switch|p2a: Hatterene|Hatterene, F|100\/100\n|move|p1a: Cresselia|Calm Mind|p1a: Cresselia\n|-boost|p1a: Cresselia|spa|1\n|-boost|p1a: Cresselia|spd|1\n|\n|-heal|p1a: Cresselia|100\/100|[from] item: Leftovers\n|upkeep\n|turn|8\n|\n|t:|1700723740\n|switch|p2a: Chansey|Chansey, F|79\/100\n|move|p1a: Cresselia|Calm Mind|p1a: Cresselia\n|-boost|p1a: Cresselia|spa|1\n|-boost|p1a: Cresselia|spd|1\n|\n|upkeep\n|turn|9\n|\n|t:|1700723747\n|switch|p1a: Ceruledge|Ceruledge, M|100\/100 par\n|move|p2a: Chansey|Thunder Wave|p1a: Ceruledge|[miss]\n|-miss|p2a: Chansey|p1a: Ceruledge\n|\n|upkeep\n|turn|10\n|\n|t:|1700723751\n|move|p2a: Chansey|Stealth Rock|p1a: Ceruledge\n|-sidestart|p1: whatabeautifulname|move: Stealth Rock\n|move|p1a: Ceruledge|Bulk Up|p1a: Ceruledge\n|-boost|p1a: Ceruledge|atk|1\n|-boost|p1a: Ceruledge|def|1\n|\n|upkeep\n|turn|11\n|\n|t:|1700723755\n|switch|p2a: Toxapex|Toxapex, F|100\/100\n|move|p1a: Ceruledge|Bulk Up|p1a: Ceruledge\n|-boost|p1a: Ceruledge|atk|1\n|-boost|p1a: Ceruledge|def|1\n|\n|upkeep\n|turn|12\n|\n|t:|1700723762\n|switch|p1a: Cresselia|Cresselia, F|100\/100\n|-damage|p1a: Cresselia|88\/100|[from] Stealth Rock\n|move|p2a: Toxapex|Haze|p2a: Toxapex\n|-clearallboost\n|\n|-heal|p1a: Cresselia|94\/100|[from] item: Leftovers\n|upkeep\n|turn|13\n|\n|t:|1700723769\n|switch|p2a: Hatterene|Hatterene, F|100\/100\n|move|p1a: Cresselia|Calm Mind|p1a: Cresselia\n|-boost|p1a: Cresselia|spa|1\n|-boost|p1a: Cresselia|spd|1\n|\n|-heal|p1a: Cresselia|99\/100|[from] item: Leftovers\n|upkeep\n|turn|14\n|j| dfghhhg\n|\n|t:|1700723773\n|switch|p2a: Chansey|Chansey, F|79\/100\n|move|p1a: Cresselia|Calm Mind|p1a: Cresselia\n|-boost|p1a: Cresselia|spa|1\n|-boost|p1a: Cresselia|spd|1\n|\n|-heal|p1a: Cresselia|100\/100|[from] item: Leftovers\n|upkeep\n|turn|15\n|\n|t:|1700723782\n|move|p1a: Cresselia|Calm Mind|p1a: Cresselia\n|-boost|p1a: Cresselia|spa|1\n|-boost|p1a: Cresselia|spd|1\n|move|p2a: Chansey|Thunder Wave|p1a: Cresselia\n|-status|p1a: Cresselia|par\n|\n|upkeep\n|turn|16\n|\n|t:|1700723786\n|move|p2a: Chansey|Seismic Toss|p1a: Cresselia\n|-damage|p1a: Cresselia|78\/100 par\n|cant|p1a: Cresselia|par\n|\n|-heal|p1a: Cresselia|84\/100 par|[from] item: Leftovers\n|upkeep\n|turn|17\n|\n|t:|1700723794\n|move|p2a: Chansey|Seismic Toss|p1a: Cresselia\n|-damage|p1a: Cresselia|62\/100 par\n|move|p1a: Cresselia|Calm Mind|p1a: Cresselia\n|-boost|p1a: Cresselia|spa|1\n|-boost|p1a: Cresselia|spd|1\n|\n|-heal|p1a: Cresselia|68\/100 par|[from] item: Leftovers\n|upkeep\n|turn|18\n|\n|t:|1700723802\n|move|p2a: Chansey|Seismic Toss|p1a: Cresselia\n|-damage|p1a: Cresselia|45\/100 par\n|cant|p1a: Cresselia|par\n|\n|-heal|p1a: Cresselia|51\/100 par|[from] item: Leftovers\n|upkeep\n|turn|19\n|\n|t:|1700723808\n|switch|p2a: Toxapex|Toxapex, F|100\/100\n|cant|p1a: Cresselia|par\n|\n|-heal|p1a: Cresselia|57\/100 par|[from] item: Leftovers\n|upkeep\n|turn|20\n|\n|t:|1700723814\n|move|p2a: Toxapex|Haze|p2a: Toxapex\n|-clearallboost\n|move|p1a: Cresselia|Stored Power|p2a: Toxapex\n|-supereffective|p2a: Toxapex\n|-damage|p2a: Toxapex|89\/100\n|\n|-heal|p2a: Toxapex|95\/100|[from] item: Black Sludge\n|-heal|p1a: Cresselia|63\/100 par|[from] item: Leftovers\n|upkeep\n|turn|21\n|c|\u2606gett guuud|cute\n|c|\u2606whatabeautifulname|speed pex\n|c|\u2606whatabeautifulname|lmao\n|c|\u2606gett guuud|your para\n|c|\u2606gett guuud|dum dum\n|inactive|whatabeautifulname has 120 seconds left.\n|-message|whatabeautifulname forfeited.\n|\n|win|gett guuud\n|raw|whatabeautifulname's rating: 1638 &rarr; <strong>1611<\/strong><br \/>(-27 for losing)\n|raw|gett guuud's rating: 1514 &rarr; <strong>1541<\/strong><br \/>(+27 for winning)\n|l|\u2606whatabeautifulname\n","uploadtime":1700723860,"views":3,"p1id":"whatabeautifulname","p2id":"gettguuud","formatid":"gen9ou","rating":1541,"private":0,"password":""}