{"id":"gen9ou-1995346919","p1":"Zor_Fen","p2":"Skaraptor2.1","format":"[Gen 9] OU","log":"|j|\u2606Zor_Fen\n|j|\u2606Skaraptor2.1\n|t:|1700557579\n|gametype|singles\n|player|p1|Zor_Fen|zinnia|1239\n|player|p2|Skaraptor2.1|bodybuilderf-gen9|1216\n|teamsize|p1|6\n|teamsize|p2|6\n|gen|9\n|tier|[Gen 9] OU\n|rated|\n|rule|Sleep Clause Mod: Limit one foe put to sleep\n|rule|Species Clause: Limit one of each Pok\u00e9mon\n|rule|OHKO Clause: OHKO moves are banned\n|rule|Evasion Items Clause: Evasion items are banned\n|rule|Evasion Moves Clause: Evasion moves are banned\n|rule|Endless Battle Clause: Forcing endless battles is banned\n|rule|HP Percentage Mod: HP is shown in percentages\n|clearpoke\n|poke|p1|Rillaboom, F|\n|poke|p1|Cinderace, M|\n|poke|p1|Kingambit, M|\n|poke|p1|Great Tusk|\n|poke|p1|Iron Valiant|\n|poke|p1|Hawlucha, M|\n|poke|p2|Iron Jugulis|\n|poke|p2|Ogerpon-Wellspring, F|\n|poke|p2|Tinkaton, F|\n|poke|p2|Iron Moth|\n|poke|p2|Great Tusk|\n|poke|p2|Dragapult, F|\n|teampreview\n|inactive|Battle timer is ON: inactive players will automatically lose when time's up. (requested by Skaraptor2.1)\n|inactive|Zor_Fen also wants the timer to be on.\n|\n|t:|1700557593\n|start\n|switch|p1a: Great Tusk|Great Tusk|100\/100\n|switch|p2a: TWINKATON|Tinkaton, F|100\/100\n|-item|p2a: TWINKATON|Air Balloon\n|turn|1\n|\n|t:|1700557599\n|move|p2a: TWINKATON|Stealth Rock|p1a: Great Tusk\n|-sidestart|p1: Zor_Fen|move: Stealth Rock\n|move|p1a: Great Tusk|Rapid Spin|p2a: TWINKATON\n|-resisted|p2a: TWINKATON\n|-damage|p2a: TWINKATON|92\/100\n|-boost|p1a: Great Tusk|spe|1\n|-enditem|p2a: TWINKATON|Air Balloon\n|-sideend|p1: Zor_Fen|Stealth Rock|[from] move: Rapid Spin|[of] p1a: Great Tusk\n|-enditem|p1a: Great Tusk|Rocky Helmet|[silent]|[from] ability: Pickpocket|[of] p1a: Great Tusk\n|-item|p2a: TWINKATON|Rocky Helmet|[from] ability: Pickpocket|[of] p1a: Great Tusk\n|\n|upkeep\n|turn|2\n|\n|t:|1700557605\n|move|p1a: Great Tusk|Earthquake|p2a: TWINKATON\n|-supereffective|p2a: TWINKATON\n|-damage|p2a: TWINKATON|0 fnt\n|faint|p2a: TWINKATON\n|\n|upkeep\n|\n|t:|1700557609\n|switch|p2a: Transfem|Ogerpon-Wellspring, F|100\/100\n|turn|3\n|\n|t:|1700557616\n|-end|p1a: Great Tusk|Protosynthesis|[silent]\n|switch|p1a: Rillaboom|Rillaboom, F|100\/100\n|-fieldstart|move: Grassy Terrain|[from] ability: Grassy Surge|[of] p1a: Rillaboom\n|move|p2a: Transfem|U-turn|p1a: Rillaboom\n|-supereffective|p1a: Rillaboom\n|-damage|p1a: Rillaboom|38\/100\n|\n|t:|1700557621\n|switch|p2a: Solar Panels|Iron Moth|100\/100|[from] U-turn\n|-enditem|p2a: Solar Panels|Booster Energy\n|-activate|p2a: Solar Panels|ability: Quark Drive|[fromitem]\n|-start|p2a: Solar Panels|quarkdrivespe\n|\n|-heal|p1a: Rillaboom|44\/100|[from] Grassy Terrain\n|upkeep\n|turn|4\n|\n|t:|1700557632\n|move|p2a: Solar Panels|Fiery Dance|p1a: Rillaboom\n|-supereffective|p1a: Rillaboom\n|-damage|p1a: Rillaboom|0 fnt\n|faint|p1a: Rillaboom\n|\n|upkeep\n|\n|t:|1700557657\n|switch|p1a: Cinderace|Cinderace, M|100\/100\n|turn|5\n|\n|t:|1700557663\n|move|p2a: Solar Panels|Sludge Wave|p1a: Cinderace\n|-damage|p1a: Cinderace|47\/100\n|-status|p1a: Cinderace|psn\n|move|p1a: Cinderace|Pyro Ball|p2a: Solar Panels\n|-resisted|p2a: Solar Panels\n|-damage|p2a: Solar Panels|69\/100\n|\n|-heal|p2a: Solar Panels|75\/100|[from] Grassy Terrain\n|-heal|p1a: Cinderace|53\/100 psn|[from] Grassy Terrain\n|-damage|p1a: Cinderace|41\/100 psn|[from] psn\n|upkeep\n|turn|6\n|\n|t:|1700557670\n|move|p2a: Solar Panels|Sludge Wave|p1a: Cinderace\n|-damage|p1a: Cinderace|0 fnt\n|faint|p1a: Cinderace\n|\n|-heal|p2a: Solar Panels|81\/100|[from] Grassy Terrain\n|upkeep\n|\n|t:|1700557679\n|switch|p1a: Great Tusk|Great Tusk|100\/100\n|turn|7\n|\n|t:|1700557694\n|move|p2a: Solar Panels|Energy Ball|p1a: Great Tusk\n|-supereffective|p1a: Great Tusk\n|-damage|p1a: Great Tusk|0 fnt\n|faint|p1a: Great Tusk\n|-end|p1a: Great Tusk|Protosynthesis|[silent]\n|\n|-heal|p2a: Solar Panels|87\/100|[from] Grassy Terrain\n|-fieldend|move: Grassy Terrain\n|upkeep\n|\n|t:|1700557710\n|switch|p1a: Kingambit|Kingambit, M|100\/100\n|-activate|p1a: Kingambit|ability: Supreme Overlord\n|-start|p1a: Kingambit|fallen3|[silent]\n|turn|8\n|\n|t:|1700557716\n|-terastallize|p1a: Kingambit|Fighting\n|move|p2a: Solar Panels|Fiery Dance|p1a: Kingambit\n|-damage|p1a: Kingambit|60\/100\n|move|p1a: Kingambit|Kowtow Cleave|p2a: Solar Panels\n|-damage|p2a: Solar Panels|0 fnt\n|faint|p2a: Solar Panels\n|-end|p2a: Solar Panels|Quark Drive|[silent]\n|\n|-heal|p1a: Kingambit|66\/100|[from] item: Leftovers\n|upkeep\n|\n|t:|1700557724\n|switch|p2a: Trans\u2026.former|Iron Jugulis|100\/100\n|-enditem|p2a: Trans\u2026.former|Booster Energy\n|-activate|p2a: Trans\u2026.former|ability: Quark Drive|[fromitem]\n|-start|p2a: Trans\u2026.former|quarkdrivespe\n|turn|9\n|l|\u2606Zor_Fen\n|inactive|Zor_Fen disconnected and has a minute to reconnect!\n|player|p1|\n|j|\u2606Zor_Fen\n|inactive|Zor_Fen reconnected and has 110 seconds left.\n|player|p1|Zor_Fen|zinnia\n|\n|t:|1700557769\n|-end|p1a: Kingambit|fallen3|[silent]\n|switch|p1a: SneaslerIMissU|Hawlucha, M|100\/100\n|move|p2a: Trans\u2026.former|Hurricane|p1a: SneaslerIMissU|[miss]\n|-miss|p2a: Trans\u2026.former|p1a: SneaslerIMissU\n|\n|upkeep\n|turn|10\n|\n|t:|1700557785\n|move|p2a: Trans\u2026.former|Taunt|p1a: SneaslerIMissU\n|-start|p1a: SneaslerIMissU|move: Taunt\n|move|p1a: SneaslerIMissU|Close Combat|p2a: Trans\u2026.former\n|-damage|p2a: Trans\u2026.former|35\/100\n|-unboost|p1a: SneaslerIMissU|def|1\n|-unboost|p1a: SneaslerIMissU|spd|1\n|\n|upkeep\n|turn|11\n|\n|t:|1700557792\n|move|p2a: Trans\u2026.former|Hurricane|p1a: SneaslerIMissU\n|-supereffective|p1a: SneaslerIMissU\n|-damage|p1a: SneaslerIMissU|0 fnt\n|faint|p1a: SneaslerIMissU\n|\n|upkeep\n|\n|t:|1700557796\n|switch|p1a: Iron Valiant|Iron Valiant|100\/100\n|-enditem|p1a: Iron Valiant|Booster Energy\n|-activate|p1a: Iron Valiant|ability: Quark Drive|[fromitem]\n|-start|p1a: Iron Valiant|quarkdrivespe\n|turn|12\n|\n|t:|1700557802\n|move|p1a: Iron Valiant|Moonblast|p2a: Trans\u2026.former\n|-supereffective|p2a: Trans\u2026.former\n|-damage|p2a: Trans\u2026.former|0 fnt\n|faint|p2a: Trans\u2026.former\n|-end|p2a: Trans\u2026.former|Quark Drive|[silent]\n|\n|upkeep\n|\n|t:|1700557810\n|switch|p2a: Transfem|Ogerpon-Wellspring, F|100\/100\n|turn|13\n|\n|t:|1700557817\n|-terastallize|p2a: Transfem|Water\n|detailschange|p2a: Transfem|Ogerpon-Wellspring-Tera, F, tera:Water\n|-ability|p2a: Transfem|Embody Aspect (Wellspring)|boost\n|-boost|p2a: Transfem|spd|1\n|move|p1a: Iron Valiant|Moonblast|p2a: Transfem\n|-damage|p2a: Transfem|61\/100\n|-unboost|p2a: Transfem|spa|1\n|move|p2a: Transfem|Ivy Cudgel|p1a: Iron Valiant|[anim] Ivy Cudgel Water\n|-damage|p1a: Iron Valiant|0 fnt\n|faint|p1a: Iron Valiant\n|-end|p1a: Iron Valiant|Quark Drive|[silent]\n|\n|upkeep\n|inactive|Zor_Fen has 120 seconds left.\n|inactive|Zor_Fen has 90 seconds left.\n|\n|t:|1700557886\n|switch|p1a: Kingambit|Kingambit, M, tera:Fighting|66\/100\n|-activate|p1a: Kingambit|ability: Supreme Overlord\n|-start|p1a: Kingambit|fallen5|[silent]\n|turn|14\n|\n|t:|1700557892\n|move|p1a: Kingambit|Sucker Punch|p2a: Transfem\n|-damage|p2a: Transfem|0 fnt\n|faint|p2a: Transfem\n|\n|-heal|p1a: Kingambit|72\/100|[from] item: Leftovers\n|upkeep\n|\n|t:|1700557894\n|switch|p2a: Be gay do crime|Great Tusk|100\/100\n|-enditem|p2a: Be gay do crime|Booster Energy\n|-activate|p2a: Be gay do crime|ability: Protosynthesis|[fromitem]\n|-start|p2a: Be gay do crime|protosynthesisspe\n|turn|15\n|inactive|Zor_Fen has 90 seconds left.\n|\n|t:|1700557902\n|move|p2a: Be gay do crime|Earthquake|p1a: Kingambit\n|-damage|p1a: Kingambit|42\/100\n|move|p1a: Kingambit|Swords Dance|p1a: Kingambit\n|-boost|p1a: Kingambit|atk|2\n|\n|-heal|p1a: Kingambit|49\/100|[from] item: Leftovers\n|upkeep\n|turn|16\n|inactive|Zor_Fen has 90 seconds left.\n|\n|t:|1700557919\n|move|p2a: Be gay do crime|Earthquake|p1a: Kingambit\n|-damage|p1a: Kingambit|20\/100\n|move|p1a: Kingambit|Kowtow Cleave|p2a: Be gay do crime\n|-resisted|p2a: Be gay do crime\n|-damage|p2a: Be gay do crime|53\/100\n|\n|-heal|p1a: Kingambit|26\/100|[from] item: Leftovers\n|upkeep\n|turn|17\n|inactive|Zor_Fen has 90 seconds left.\n|inactive|Zor_Fen has 60 seconds left.\n|\n|t:|1700557967\n|move|p2a: Be gay do crime|Earthquake|p1a: Kingambit\n|-damage|p1a: Kingambit|0 fnt\n|faint|p1a: Kingambit\n|-end|p1a: Kingambit|fallen5|[silent]\n|\n|win|Skaraptor2.1\n|raw|Zor_Fen's rating: 1239 &rarr; <strong>1212<\/strong><br \/>(-27 for losing)\n|raw|Skaraptor2.1's rating: 1216 &rarr; <strong>1243<\/strong><br \/>(+27 for winning)\n|l|\u2606Zor_Fen\n","uploadtime":1700557977,"views":10,"p1id":"zorfen","p2id":"skaraptor21","formatid":"gen9ou","rating":1212,"private":0,"password":""}