{"id":"gen9ou-1997378831","p1":"yekom","p2":"hope4527","format":"[Gen 9] OU","log":"|j|\u2606yekom\n|j|\u2606hope4527\n|t:|1700796418\n|gametype|singles\n|player|p1|yekom|will|1110\n|player|p2|hope4527|benga|1000\n|teamsize|p1|6\n|teamsize|p2|6\n|gen|9\n|tier|[Gen 9] OU\n|rated|\n|rule|Sleep Clause Mod: Limit one foe put to sleep\n|rule|Species Clause: Limit one of each Pok\u00e9mon\n|rule|OHKO Clause: OHKO moves are banned\n|rule|Evasion Items Clause: Evasion items are banned\n|rule|Evasion Moves Clause: Evasion moves are banned\n|rule|Endless Battle Clause: Forcing endless battles is banned\n|rule|HP Percentage Mod: HP is shown in percentages\n|clearpoke\n|poke|p1|Empoleon, F|\n|poke|p1|Infernape, F|\n|poke|p1|Electrode-Hisui|\n|poke|p1|Cyclizar, M|\n|poke|p1|Iron Hands|\n|poke|p1|Vaporeon, F|\n|poke|p2|Cinderace, M|\n|poke|p2|Meowscarada, L94, M|\n|poke|p2|Dondozo, L73, F|\n|poke|p2|Lycanroc-Dusk, L64, F|\n|poke|p2|Arcanine, L69, M|\n|poke|p2|Zoroark, M|\n|teampreview\n|\n|t:|1700796435\n|start\n|switch|p1a: Electrode|Electrode-Hisui|100\/100\n|switch|p2a: Meowscarada|Meowscarada, L94, M|100\/100\n|turn|1\n|\n|t:|1700796444\n|move|p1a: Electrode|Volt Switch|p2a: Meowscarada\n|-resisted|p2a: Meowscarada\n|-damage|p2a: Meowscarada|67\/100\n|\n|t:|1700796454\n|switch|p1a: Infernape|Infernape, F|100\/100|[from] Volt Switch\n|move|p2a: Meowscarada|Flower Trick|p1a: Infernape\n|-resisted|p1a: Infernape\n|-crit|p1a: Infernape\n|-damage|p1a: Infernape|72\/100\n|\n|-heal|p2a: Meowscarada|73\/100|[from] item: Leftovers\n|upkeep\n|turn|2\n|\n|t:|1700796466\n|switch|p2a: Emoji|Lycanroc-Dusk, L64, F|100\/100\n|move|p1a: Infernape|Mach Punch|p2a: Emoji\n|-supereffective|p2a: Emoji\n|-damage|p2a: Emoji|0 fnt\n|faint|p2a: Emoji\n|-damage|p1a: Infernape|62\/100|[from] item: Life Orb\n|\n|upkeep\n|\n|t:|1700796475\n|switch|p2a: Dondozo|Dondozo, L73, F|100\/100\n|turn|3\n|\n|t:|1700796481\n|switch|p1a: Vaporeon|Vaporeon, F|100\/100\n|move|p2a: Dondozo|Wave Crash|p1a: Vaporeon\n|-immune|p1a: Vaporeon|[from] ability: Water Absorb\n|\n|upkeep\n|turn|4\n|\n|t:|1700796489\n|move|p1a: Vaporeon|Wish|p1a: Vaporeon\n|move|p2a: Dondozo|Order Up|p1a: Vaporeon\n|-damage|p1a: Vaporeon|93\/100\n|\n|-heal|p1a: Vaporeon|99\/100|[from] item: Leftovers\n|upkeep\n|turn|5\n|\n|t:|1700796499\n|move|p1a: Vaporeon|Scald|p2a: Dondozo\n|-resisted|p2a: Dondozo\n|-damage|p2a: Dondozo|70\/100\n|move|p2a: Dondozo|Order Up|p1a: Vaporeon\n|-damage|p1a: Vaporeon|92\/100\n|\n|-heal|p1a: Vaporeon|100\/100|[from] move: Wish|[wisher] Vaporeon\n|upkeep\n|turn|6\n|\n|t:|1700796519\n|move|p1a: Vaporeon|Scald|p2a: Dondozo\n|-resisted|p2a: Dondozo\n|-damage|p2a: Dondozo|38\/100\n|move|p2a: Dondozo|Heavy Slam|p1a: Vaporeon\n|-resisted|p1a: Vaporeon\n|-damage|p1a: Vaporeon|95\/100\n|\n|-heal|p1a: Vaporeon|100\/100|[from] item: Leftovers\n|upkeep\n|turn|7\n|inactive|Battle timer is ON: inactive players will automatically lose when time's up. (requested by yekom)\n|\n|t:|1700796536\n|switch|p2a: Meowscarada|Meowscarada, L94, M|73\/100\n|move|p1a: Vaporeon|Scald|p2a: Meowscarada\n|-resisted|p2a: Meowscarada\n|-damage|p2a: Meowscarada|48\/100\n|-status|p2a: Meowscarada|brn\n|\n|-heal|p2a: Meowscarada|54\/100 brn|[from] item: Leftovers\n|-damage|p2a: Meowscarada|48\/100 brn|[from] brn\n|upkeep\n|turn|8\n|\n|t:|1700796551\n|switch|p1a: Infernape|Infernape, F|62\/100\n|move|p2a: Meowscarada|Flower Trick|p1a: Infernape\n|-resisted|p1a: Infernape\n|-crit|p1a: Infernape\n|-damage|p1a: Infernape|49\/100\n|\n|-heal|p2a: Meowscarada|54\/100 brn|[from] item: Leftovers\n|-damage|p2a: Meowscarada|48\/100 brn|[from] brn\n|upkeep\n|turn|9\n|\n|t:|1700796563\n|switch|p2a: Cindy|Cinderace, M|100\/100\n|move|p1a: Infernape|Mach Punch|p2a: Cindy\n|-supereffective|p2a: Cindy\n|-damage|p2a: Cindy|0 fnt\n|replace|p2a: Zoroark|Zoroark, M\n|-end|p2a: Zoroark|Illusion\n|faint|p2a: Zoroark\n|-damage|p1a: Infernape|39\/100|[from] item: Life Orb\n|\n|upkeep\n|\n|t:|1700796574\n|switch|p2a: Cindy|Cinderace, M|100\/100\n|turn|10\n|\n|t:|1700796586\n|switch|p1a: Iron Hands|Iron Hands|100\/100\n|move|p2a: Cindy|Double Kick|p1a: Iron Hands\n|-damage|p1a: Iron Hands|95\/100\n|-damage|p1a: Iron Hands|91\/100\n|-hitcount|p1a: Iron Hands|2\n|\n|upkeep\n|turn|11\n|\n|t:|1700796600\n|move|p2a: Cindy|Fire Blast|p1a: Iron Hands\n|-damage|p1a: Iron Hands|65\/100\n|move|p1a: Iron Hands|Earthquake|p2a: Cindy\n|-supereffective|p2a: Cindy\n|-damage|p2a: Cindy|0 fnt\n|faint|p2a: Cindy\n|\n|upkeep\n|\n|t:|1700796610\n|switch|p2a: Arcanine|Arcanine, L69, M|100\/100\n|-ability|p2a: Arcanine|Intimidate|boost\n|-unboost|p1a: Iron Hands|atk|1\n|turn|12\n|\n|t:|1700796616\n|move|p2a: Arcanine|Flamethrower|p1a: Iron Hands\n|-damage|p1a: Iron Hands|52\/100\n|move|p1a: Iron Hands|Earthquake|p2a: Arcanine\n|-supereffective|p2a: Arcanine\n|-damage|p2a: Arcanine|0 fnt\n|faint|p2a: Arcanine\n|\n|upkeep\n|\n|t:|1700796625\n|switch|p2a: Dondozo|Dondozo, L73, F|38\/100\n|turn|13\n|\n|t:|1700796629\n|move|p1a: Iron Hands|Earthquake|p2a: Dondozo\n|-crit|p2a: Dondozo\n|-damage|p2a: Dondozo|0 fnt\n|faint|p2a: Dondozo\n|\n|upkeep\n|\n|t:|1700796635\n|switch|p2a: Meowscarada|Meowscarada, L94, M|48\/100 brn\n|turn|14\n|\n|t:|1700796648\n|move|p2a: Meowscarada|Leaf Storm|p1a: Iron Hands|[miss]\n|-miss|p2a: Meowscarada|p1a: Iron Hands\n|move|p1a: Iron Hands|Earthquake|p2a: Meowscarada\n|-resisted|p2a: Meowscarada\n|-damage|p2a: Meowscarada|11\/100 brn\n|\n|-heal|p2a: Meowscarada|18\/100 brn|[from] item: Leftovers\n|-damage|p2a: Meowscarada|11\/100 brn|[from] brn\n|upkeep\n|turn|15\n|inactive|hope4527 has 120 seconds left.\n|\n|t:|1700796699\n|move|p2a: Meowscarada|Leaf Storm|p1a: Iron Hands|[miss]\n|-miss|p2a: Meowscarada|p1a: Iron Hands\n|move|p1a: Iron Hands|Earthquake|p2a: Meowscarada\n|-resisted|p2a: Meowscarada\n|-crit|p2a: Meowscarada\n|-damage|p2a: Meowscarada|0 fnt\n|faint|p2a: Meowscarada\n|\n|win|yekom\n|raw|yekom's rating: 1110 &rarr; <strong>1127<\/strong><br \/>(+17 for winning)\n|raw|hope4527's rating: 1000 &rarr; <strong>1000<\/strong><br \/>(+0 for losing)\n","uploadtime":1700796706,"views":4,"p1id":"yekom","p2id":"hope4527","formatid":"gen9ou","rating":1000,"private":0,"password":""}