{"id":"gen9ou-1990606579","p1":"0dusk","p2":"littensalt","format":"[Gen 9] OU","log":"|j|\u26060dusk\n|j|\u2606littensalt\n|t:|1699985225\n|gametype|singles\n|player|p1|0dusk|1|1272\n|player|p2|littensalt|calem|1353\n|teamsize|p1|6\n|teamsize|p2|6\n|gen|9\n|tier|[Gen 9] OU\n|rated|\n|rule|Sleep Clause Mod: Limit one foe put to sleep\n|rule|Species Clause: Limit one of each Pok\u00e9mon\n|rule|OHKO Clause: OHKO moves are banned\n|rule|Evasion Items Clause: Evasion items are banned\n|rule|Evasion Moves Clause: Evasion moves are banned\n|rule|Endless Battle Clause: Forcing endless battles is banned\n|rule|HP Percentage Mod: HP is shown in percentages\n|clearpoke\n|poke|p1|Corviknight, F|\n|poke|p1|Zapdos|\n|poke|p1|Pelipper, F|\n|poke|p1|Basculegion, M|\n|poke|p1|Manaphy|\n|poke|p1|Slowking-Galar, F|\n|poke|p2|Thundurus-Therian, M|\n|poke|p2|Weezing-Galar, F|\n|poke|p2|Cinderace, M|\n|poke|p2|Dragapult, F|\n|poke|p2|Greninja-*, M|\n|poke|p2|Zamazenta-*|\n|teampreview\n|\n|t:|1699985253\n|start\n|switch|p1a: Slowking|Slowking-Galar, F|100\/100\n|switch|p2a: 5g|Thundurus-Therian, M, shiny|100\/100\n|turn|1\n|inactive|Battle timer is ON: inactive players will automatically lose when time's up. (requested by littensalt)\n|\n|t:|1699985260\n|move|p2a: 5g|Volt Switch|p1a: Slowking\n|-damage|p1a: Slowking|51\/100\n|\n|t:|1699985263\n|switch|p2a: wheezy outta here|Weezing-Galar, F, shiny|100\/100|[from] Volt Switch\n|-ability|p2a: wheezy outta here|Neutralizing Gas\n|move|p1a: Slowking|Future Sight|p2a: wheezy outta here\n|-start|p1a: Slowking|move: Future Sight\n|\n|upkeep\n|turn|2\n|\n|t:|1699985277\n|move|p2a: wheezy outta here|Will-O-Wisp|p1a: Slowking\n|-status|p1a: Slowking|brn\n|move|p1a: Slowking|Thunder Wave|p2a: wheezy outta here\n|-status|p2a: wheezy outta here|par\n|\n|-damage|p1a: Slowking|45\/100 brn|[from] brn\n|upkeep\n|turn|3\n|\n|t:|1699985283\n|-end|p2a: wheezy outta here|ability: Neutralizing Gas\n|switch|p2a: N95|Greninja, M|100\/100\n|move|p1a: Slowking|Chilly Reception|p1a: Slowking\n|-weather|Snow\n|\n|t:|1699985290\n|switch|p1a: Pelipper|Pelipper, F|100\/100|[from] Chilly Reception\n|-weather|RainDance|[from] ability: Drizzle|[of] p1a: Pelipper\n|\n|-weather|RainDance|[upkeep]\n|-end|p2a: N95|move: Future Sight\n|-immune|p2a: N95\n|upkeep\n|turn|4\n|\n|t:|1699985298\n|switch|p2a: wheezy outta here|Weezing-Galar, F, shiny|100\/100 par\n|-ability|p2a: wheezy outta here|Neutralizing Gas\n|move|p1a: Pelipper|U-turn|p2a: wheezy outta here\n|-resisted|p2a: wheezy outta here\n|-damage|p2a: wheezy outta here|99\/100 par\n|-damage|p1a: Pelipper|84\/100|[from] item: Rocky Helmet|[of] p2a: wheezy outta here\n|\n|t:|1699985308\n|switch|p1a: Basculegion|Basculegion, M|100\/100|[from] U-turn\n|\n|-weather|RainDance|[upkeep]\n|upkeep\n|turn|5\n|\n|t:|1699985314\n|move|p1a: Basculegion|Wave Crash|p2a: wheezy outta here\n|-damage|p2a: wheezy outta here|12\/100 par\n|-damage|p1a: Basculegion|84\/100|[from] item: Rocky Helmet|[of] p2a: wheezy outta here\n|-damage|p1a: Basculegion|59\/100|[from] Recoil\n|move|p2a: wheezy outta here|Will-O-Wisp|p1a: Basculegion\n|-status|p1a: Basculegion|brn\n|\n|-weather|RainDance|[upkeep]\n|-damage|p1a: Basculegion|53\/100 brn|[from] brn\n|upkeep\n|turn|6\n|\n|t:|1699985323\n|move|p1a: Basculegion|Wave Crash|p2a: wheezy outta here\n|-damage|p2a: wheezy outta here|0 fnt\n|-damage|p1a: Basculegion|36\/100 brn|[from] item: Rocky Helmet|[of] p2a: wheezy outta here\n|faint|p2a: wheezy outta here\n|-end|p2a: wheezy outta here|ability: Neutralizing Gas\n|-damage|p1a: Basculegion|33\/100 brn|[from] Recoil\n|\n|-weather|RainDance|[upkeep]\n|-damage|p1a: Basculegion|27\/100 brn|[from] brn\n|upkeep\n|\n|t:|1699985338\n|switch|p2a: november|Zamazenta|100\/100\n|-ability|p2a: november|Dauntless Shield|boost\n|-boost|p2a: november|def|1\n|turn|7\n|\n|t:|1699985342\n|move|p1a: Basculegion|Wave Crash|p2a: november\n|-damage|p2a: november|68\/100\n|-damage|p1a: Basculegion|16\/100 brn|[from] Recoil\n|move|p2a: november|Iron Defense|p2a: november\n|-boost|p2a: november|def|2\n|\n|-weather|RainDance|[upkeep]\n|-heal|p2a: november|74\/100|[from] item: Leftovers\n|-damage|p1a: Basculegion|10\/100 brn|[from] brn\n|upkeep\n|turn|8\n|\n|t:|1699985349\n|move|p1a: Basculegion|Wave Crash|p2a: november\n|-damage|p2a: november|54\/100\n|-damage|p1a: Basculegion|3\/100 brn|[from] Recoil\n|move|p2a: november|Substitute|p2a: november\n|-start|p2a: november|Substitute\n|-damage|p2a: november|29\/100\n|\n|-weather|RainDance|[upkeep]\n|-heal|p2a: november|35\/100|[from] item: Leftovers\n|-damage|p1a: Basculegion|0 fnt|[from] brn\n|faint|p1a: Basculegion\n|upkeep\n|\n|t:|1699985365\n|switch|p1a: Zapdos|Zapdos|100\/100\n|turn|9\n|\n|t:|1699985371\n|move|p2a: november|Body Press|p1a: Zapdos\n|-resisted|p1a: Zapdos\n|-damage|p1a: Zapdos|61\/100\n|move|p1a: Zapdos|Hurricane|p2a: november\n|-supereffective|p2a: november\n|-end|p2a: november|Substitute\n|\n|-weather|RainDance|[upkeep]\n|-heal|p2a: november|41\/100|[from] item: Leftovers\n|upkeep\n|turn|10\n|\n|t:|1699985379\n|switch|p2a: 5g|Thundurus-Therian, M, shiny|100\/100\n|move|p1a: Zapdos|Hurricane|p2a: 5g\n|-resisted|p2a: 5g\n|-damage|p2a: 5g|71\/100\n|\n|-weather|none\n|upkeep\n|turn|11\n|\n|t:|1699985395\n|switch|p1a: Corviknight|Corviknight, F|100\/100\n|-ability|p1a: Corviknight|Pressure\n|move|p2a: 5g|Volt Switch|p1a: Corviknight\n|-supereffective|p1a: Corviknight\n|-damage|p1a: Corviknight|0 fnt\n|faint|p1a: Corviknight\n|-message|0dusk forfeited.\n|\n|win|littensalt\n|raw|0dusk's rating: 1272 &rarr; <strong>1253<\/strong><br \/>(-19 for losing)\n|raw|littensalt's rating: 1353 &rarr; <strong>1368<\/strong><br \/>(+15 for winning)\n|c|\u2606littensalt|ggwp\n","uploadtime":1699985413,"views":7,"p1id":"0dusk","p2id":"littensalt","formatid":"gen9ou","rating":1253,"private":0,"password":""}