{"id":"gen9ou-1992755059","p1":"HareSchoolAcount","p2":"OzzerYunarei","format":"[Gen 9] OU","log":"|j|\u2606HareSchoolAcount\n|j|\u2606OzzerYunarei\n|t:|1700232495\n|gametype|singles\n|player|p1|HareSchoolAcount|acetrainer-gen4dp|1164\n|player|p2|OzzerYunarei|marley|1210\n|teamsize|p1|6\n|teamsize|p2|6\n|gen|9\n|tier|[Gen 9] OU\n|rated|\n|rule|Sleep Clause Mod: Limit one foe put to sleep\n|rule|Species Clause: Limit one of each Pok\u00e9mon\n|rule|OHKO Clause: OHKO moves are banned\n|rule|Evasion Items Clause: Evasion items are banned\n|rule|Evasion Moves Clause: Evasion moves are banned\n|rule|Endless Battle Clause: Forcing endless battles is banned\n|rule|HP Percentage Mod: HP is shown in percentages\n|clearpoke\n|poke|p1|Basculegion, M|\n|poke|p1|Pelipper, M|\n|poke|p1|Kingambit, M|\n|poke|p1|Dipplin, F|\n|poke|p1|Gholdengo|\n|poke|p1|Grafaiai, F|\n|poke|p2|Samurott-Hisui, F|\n|poke|p2|Dragonite, M|\n|poke|p2|Great Tusk|\n|poke|p2|Ogerpon-Wellspring, F|\n|poke|p2|Zamazenta-*|\n|poke|p2|Kingambit, F|\n|teampreview\n|inactive|Battle timer is ON: inactive players will automatically lose when time's up. (requested by HareSchoolAcount)\n|j| J.Yugan\n|\n|t:|1700232507\n|start\n|switch|p1a: Ai am Sneaky|Grafaiai, F|100\/100\n|switch|p2a: Samurott|Samurott-Hisui, F|100\/100\n|turn|1\n|\n|t:|1700232514\n|move|p2a: Samurott|Ceaseless Edge|p1a: Ai am Sneaky\n|-damage|p1a: Ai am Sneaky|27\/100\n|-sidestart|p1: HareSchoolAcount|Spikes\n|move|p1a: Ai am Sneaky|Swagger|p2a: Samurott\n|-boost|p2a: Samurott|atk|2\n|-enditem|p1a: Ai am Sneaky|Mirror Herb\n|-boost|p1a: Ai am Sneaky|atk|2|[from] item: Mirror Herb\n|-start|p2a: Samurott|confusion\n|\n|upkeep\n|turn|2\n|\n|t:|1700232527\n|-terastallize|p1a: Ai am Sneaky|Flying\n|move|p1a: Ai am Sneaky|Acrobatics|p2a: Samurott\n|-damage|p2a: Samurott|0 fnt\n|faint|p2a: Samurott\n|\n|upkeep\n|\n|t:|1700232538\n|switch|p2a: Dragonite|Dragonite, M|100\/100\n|turn|3\n|c|\u2606HareSchoolAcount|Bet you have not seen that before\n|\n|t:|1700232544\n|move|p2a: Dragonite|Extreme Speed|p1a: Ai am Sneaky\n|-damage|p1a: Ai am Sneaky|0 fnt\n|faint|p1a: Ai am Sneaky\n|\n|upkeep\n|\n|t:|1700232552\n|switch|p1a: You Got Mail|Pelipper, M|100\/100\n|-weather|RainDance|[from] ability: Drizzle|[of] p1a: You Got Mail\n|turn|4\n|c| J.Yugan|true\n|c|\u2606OzzerYunarei|Not since home dropped\n|\n|t:|1700232562\n|move|p2a: Dragonite|Dragon Dance|p2a: Dragonite\n|-boost|p2a: Dragonite|atk|1\n|-boost|p2a: Dragonite|spe|1\n|move|p1a: You Got Mail|Ice Beam|p2a: Dragonite\n|-supereffective|p2a: Dragonite\n|-damage|p2a: Dragonite|44\/100\n|\n|-weather|RainDance|[upkeep]\n|upkeep\n|turn|5\n|\n|t:|1700232586\n|switch|p2a: Kingambit|Kingambit, F|100\/100\n|-activate|p2a: Kingambit|ability: Supreme Overlord\n|-start|p2a: Kingambit|fallen1|[silent]\n|move|p1a: You Got Mail|Ice Beam|p2a: Kingambit\n|-resisted|p2a: Kingambit\n|-damage|p2a: Kingambit|88\/100\n|-status|p2a: Kingambit|frz\n|\n|-weather|RainDance|[upkeep]\n|-heal|p2a: Kingambit|95\/100 frz|[from] item: Leftovers\n|upkeep\n|turn|6\n|\n|t:|1700232595\n|move|p1a: You Got Mail|U-turn|p2a: Kingambit\n|-crit|p2a: Kingambit\n|-damage|p2a: Kingambit|84\/100 frz\n|\n|t:|1700232598\n|switch|p1a: Fishe|Basculegion, M|100\/100|[from] U-turn\n|-damage|p1a: Fishe|88\/100|[from] Spikes\n|cant|p2a: Kingambit|frz\n|\n|-weather|RainDance|[upkeep]\n|-heal|p2a: Kingambit|91\/100 frz|[from] item: Leftovers\n|upkeep\n|turn|7\n|\n|t:|1700232609\n|-end|p2a: Kingambit|fallen1|[silent]\n|switch|p2a: Ogerpon|Ogerpon-Wellspring, F|100\/100\n|move|p1a: Fishe|Wave Crash|p2a: Ogerpon\n|-immune|p2a: Ogerpon|[from] ability: Water Absorb\n|\n|-weather|RainDance|[upkeep]\n|upkeep\n|turn|8\n|\n|t:|1700232618\n|switch|p1a: Gapple|Dipplin, F, shiny|100\/100\n|-damage|p1a: Gapple|88\/100|[from] Spikes\n|-ability|p1a: Gapple|Supersweet Syrup\n|-ability|p1a: Gapple|Supersweet Syrup|boost\n|-unboost|p2a: Ogerpon|evasion|1\n|move|p2a: Ogerpon|Swords Dance|p2a: Ogerpon\n|-boost|p2a: Ogerpon|atk|2\n|\n|-weather|RainDance|[upkeep]\n|upkeep\n|turn|9\n|\n|t:|1700232630\n|switch|p2a: Kingambit|Kingambit, F|91\/100 frz\n|-activate|p2a: Kingambit|ability: Supreme Overlord\n|-start|p2a: Kingambit|fallen1|[silent]\n|move|p1a: Gapple|Syrup Bomb|p2a: Kingambit\n|-resisted|p2a: Kingambit\n|-damage|p2a: Kingambit|81\/100 frz\n|-start|p2a: Kingambit|Syrup Bomb\n|\n|-weather|RainDance|[upkeep]\n|-heal|p2a: Kingambit|87\/100 frz|[from] item: Leftovers\n|-unboost|p2a: Kingambit|spe|1\n|upkeep\n|turn|10\n|\n|t:|1700232638\n|switch|p1a: Fishe|Basculegion, M|88\/100\n|-damage|p1a: Fishe|76\/100|[from] Spikes\n|cant|p2a: Kingambit|frz\n|\n|-weather|RainDance|[upkeep]\n|-heal|p2a: Kingambit|93\/100 frz|[from] item: Leftovers\n|-unboost|p2a: Kingambit|spe|1\n|upkeep\n|turn|11\n|\n|t:|1700232642\n|cant|p2a: Kingambit|frz\n|move|p1a: Fishe|Head Smash|p2a: Kingambit\n|-resisted|p2a: Kingambit\n|-damage|p2a: Kingambit|67\/100 frz\n|-damage|p1a: Fishe|62\/100|[from] Recoil\n|\n|-weather|none\n|-heal|p2a: Kingambit|73\/100 frz|[from] item: Leftovers\n|-unboost|p2a: Kingambit|spe|1\n|upkeep\n|turn|12\n|\n|t:|1700232646\n|switch|p1a: You Got Mail|Pelipper, M|100\/100\n|-weather|RainDance|[from] ability: Drizzle|[of] p1a: You Got Mail\n|cant|p2a: Kingambit|frz\n|\n|-weather|RainDance|[upkeep]\n|-heal|p2a: Kingambit|79\/100 frz|[from] item: Leftovers\n|-end|p2a: Kingambit|Syrup Bomb|[silent]\n|upkeep\n|turn|13\n|\n|t:|1700232649\n|move|p1a: You Got Mail|Surf|p2a: Kingambit\n|-damage|p2a: Kingambit|27\/100 frz\n|cant|p2a: Kingambit|frz\n|\n|-weather|RainDance|[upkeep]\n|-heal|p2a: Kingambit|34\/100 frz|[from] item: Leftovers\n|upkeep\n|turn|14\n|\n|t:|1700232656\n|cant|p2a: Kingambit|frz\n|move|p1a: You Got Mail|Hurricane|p2a: Kingambit\n|-resisted|p2a: Kingambit\n|-damage|p2a: Kingambit|11\/100 frz\n|-start|p2a: Kingambit|confusion\n|\n|-weather|RainDance|[upkeep]\n|-heal|p2a: Kingambit|18\/100 frz|[from] item: Leftovers\n|upkeep\n|turn|15\n|\n|t:|1700232661\n|-end|p2a: Kingambit|fallen1|[silent]\n|switch|p2a: Ogerpon|Ogerpon-Wellspring, F|100\/100\n|move|p1a: You Got Mail|Surf|p2a: Ogerpon\n|-immune|p2a: Ogerpon|[from] ability: Water Absorb\n|\n|-weather|RainDance|[upkeep]\n|upkeep\n|turn|16\n|\n|t:|1700232669\n|switch|p2a: Dragonite|Dragonite, M|44\/100\n|move|p1a: You Got Mail|Hurricane|p2a: Dragonite\n|-damage|p2a: Dragonite|0 fnt\n|faint|p2a: Dragonite\n|\n|-weather|RainDance|[upkeep]\n|upkeep\n|\n|t:|1700232671\n|switch|p2a: Kingambit|Kingambit, F|18\/100 frz\n|-activate|p2a: Kingambit|ability: Supreme Overlord\n|-start|p2a: Kingambit|fallen2|[silent]\n|turn|17\n|\n|t:|1700232677\n|cant|p2a: Kingambit|frz\n|move|p1a: You Got Mail|Surf|p2a: Kingambit\n|-damage|p2a: Kingambit|0 fnt\n|faint|p2a: Kingambit\n|-end|p2a: Kingambit|fallen2|[silent]\n|\n|-weather|RainDance|[upkeep]\n|upkeep\n|\n|t:|1700232683\n|switch|p2a: Zamazenta|Zamazenta|100\/100\n|-ability|p2a: Zamazenta|Dauntless Shield|boost\n|-boost|p2a: Zamazenta|def|1\n|turn|18\n|\n|t:|1700232687\n|move|p2a: Zamazenta|Stone Edge|p1a: You Got Mail\n|-supereffective|p1a: You Got Mail\n|-damage|p1a: You Got Mail|0 fnt\n|faint|p1a: You Got Mail\n|\n|-weather|RainDance|[upkeep]\n|upkeep\n|\n|t:|1700232695\n|switch|p1a: Cheese Guy|Gholdengo, shiny|100\/100\n|-damage|p1a: Cheese Guy|88\/100|[from] Spikes\n|turn|19\n|\n|t:|1700232700\n|switch|p2a: Ogerpon|Ogerpon-Wellspring, F|100\/100\n|move|p1a: Cheese Guy|Thunder Wave|p2a: Ogerpon\n|-status|p2a: Ogerpon|par\n|\n|-weather|none\n|-heal|p1a: Cheese Guy|94\/100|[from] item: Leftovers\n|upkeep\n|turn|20\n|\n|t:|1700232707\n|move|p1a: Cheese Guy|Nasty Plot|p1a: Cheese Guy\n|-boost|p1a: Cheese Guy|spa|2\n|move|p2a: Ogerpon|Ivy Cudgel|p1a: Cheese Guy|[anim] Ivy Cudgel Water\n|-damage|p1a: Cheese Guy|23\/100\n|\n|-heal|p1a: Cheese Guy|29\/100|[from] item: Leftovers\n|upkeep\n|turn|21\n|\n|t:|1700232712\n|move|p1a: Cheese Guy|Shadow Ball|p2a: Ogerpon\n|-crit|p2a: Ogerpon\n|-damage|p2a: Ogerpon|0 fnt\n|faint|p2a: Ogerpon\n|\n|-heal|p1a: Cheese Guy|35\/100|[from] item: Leftovers\n|upkeep\n|\n|t:|1700232721\n|switch|p2a: Zamazenta|Zamazenta|100\/100\n|turn|22\n|\n|t:|1700232727\n|move|p2a: Zamazenta|Crunch|p1a: Cheese Guy\n|-supereffective|p1a: Cheese Guy\n|-damage|p1a: Cheese Guy|0 fnt\n|faint|p1a: Cheese Guy\n|\n|upkeep\n|\n|t:|1700232731\n|switch|p1a: Gapple|Dipplin, F, shiny|88\/100\n|-damage|p1a: Gapple|76\/100|[from] Spikes\n|turn|23\n|\n|t:|1700232736\n|switch|p2a: Great Tusk|Great Tusk|100\/100\n|move|p1a: Gapple|Syrup Bomb|p2a: Great Tusk\n|-supereffective|p2a: Great Tusk\n|-damage|p2a: Great Tusk|35\/100\n|-start|p2a: Great Tusk|Syrup Bomb\n|\n|-unboost|p2a: Great Tusk|spe|1\n|upkeep\n|turn|24\n|\n|t:|1700232744\n|move|p2a: Great Tusk|Knock Off|p1a: Gapple\n|-damage|p1a: Gapple|58\/100\n|-enditem|p1a: Gapple|Eviolite|[from] move: Knock Off|[of] p2a: Great Tusk\n|move|p1a: Gapple|Dragon Tail|p2a: Great Tusk\n|-damage|p2a: Great Tusk|23\/100\n|-end|p2a: Great Tusk|Protosynthesis|[silent]\n|drag|p2a: Zamazenta|Zamazenta|100\/100\n|\n|upkeep\n|turn|25\n|\n|t:|1700232751\n|move|p2a: Zamazenta|Play Rough|p1a: Gapple\n|-supereffective|p1a: Gapple\n|-damage|p1a: Gapple|0 fnt\n|faint|p1a: Gapple\n|\n|upkeep\n|\n|t:|1700232757\n|switch|p1a: Fishe|Basculegion, M|62\/100\n|-damage|p1a: Fishe|50\/100|[from] Spikes\n|turn|26\n|\n|t:|1700232761\n|move|p2a: Zamazenta|Play Rough|p1a: Fishe\n|-damage|p1a: Fishe|0 fnt\n|faint|p1a: Fishe\n|\n|upkeep\n|\n|t:|1700232764\n|switch|p1a: Kingambit|Kingambit, M|100\/100\n|-damage|p1a: Kingambit|88\/100|[from] Spikes\n|-activate|p1a: Kingambit|ability: Supreme Overlord\n|-start|p1a: Kingambit|fallen5|[silent]\n|turn|27\n|\n|t:|1700232769\n|switch|p2a: Great Tusk|Great Tusk|23\/100\n|move|p1a: Kingambit|Iron Head|p2a: Great Tusk\n|-damage|p2a: Great Tusk|0 fnt\n|faint|p2a: Great Tusk\n|-end|p2a: Great Tusk|Protosynthesis|[silent]\n|-damage|p1a: Kingambit|78\/100|[from] item: Life Orb\n|\n|upkeep\n|\n|t:|1700232770\n|switch|p2a: Zamazenta|Zamazenta|100\/100\n|turn|28\n|\n|t:|1700232772\n|-terastallize|p2a: Zamazenta|Fighting\n|move|p2a: Zamazenta|Close Combat|p1a: Kingambit\n|-supereffective|p1a: Kingambit\n|-damage|p1a: Kingambit|0 fnt\n|-unboost|p2a: Zamazenta|def|1\n|-unboost|p2a: Zamazenta|spd|1\n|faint|p1a: Kingambit\n|-end|p1a: Kingambit|fallen5|[silent]\n|\n|win|OzzerYunarei\n|raw|HareSchoolAcount's rating: 1164 &rarr; <strong>1142<\/strong><br \/>(-22 for losing)\n|raw|OzzerYunarei's rating: 1210 &rarr; <strong>1232<\/strong><br \/>(+22 for winning)\n|c|\u2606OzzerYunarei|gg\n","uploadtime":1700232784,"views":10,"p1id":"hareschoolacount","p2id":"ozzeryunarei","formatid":"gen9ou","rating":1142,"private":0,"password":""}