{"id":"gen9ou-1990285456","p1":"hambroni","p2":"tadeoprueba","format":"[Gen 9] OU","log":"|j|\u2606hambroni\n|j|\u2606tadeoprueba\n|t:|1699950763\n|gametype|singles\n|player|p1|hambroni|lucas|1098\n|player|p2|tadeoprueba|1|1107\n|teamsize|p1|6\n|teamsize|p2|6\n|gen|9\n|tier|[Gen 9] OU\n|rated|\n|rule|Sleep Clause Mod: Limit one foe put to sleep\n|rule|Species Clause: Limit one of each Pok\u00e9mon\n|rule|OHKO Clause: OHKO moves are banned\n|rule|Evasion Items Clause: Evasion items are banned\n|rule|Evasion Moves Clause: Evasion moves are banned\n|rule|Endless Battle Clause: Forcing endless battles is banned\n|rule|HP Percentage Mod: HP is shown in percentages\n|clearpoke\n|poke|p1|Torkoal, M|\n|poke|p1|Alomomola, F|\n|poke|p1|Walking Wake|\n|poke|p1|Charizard, M|\n|poke|p1|Lilligant-Hisui, F|\n|poke|p1|Cinderace, M|\n|poke|p2|Infernape, M|\n|poke|p2|Kommo-o, M|\n|poke|p2|Chesnaught, F|\n|poke|p2|Sinistcha-Masterpiece|\n|poke|p2|Torterra, F|\n|poke|p2|Houndoom, F|\n|teampreview\n|inactive|Battle timer is ON: inactive players will automatically lose when time's up. (requested by hambroni)\n|\n|t:|1699950771\n|start\n|switch|p1a: Cinderace|Cinderace, M|100\/100\n|switch|p2a: Houndoom|Houndoom, F|100\/100\n|turn|1\n|\n|t:|1699950777\n|move|p2a: Houndoom|Protect|p2a: Houndoom\n|-singleturn|p2a: Houndoom|Protect\n|move|p1a: Cinderace|U-turn|p2a: Houndoom\n|-activate|p2a: Houndoom|move: Protect\n|\n|upkeep\n|turn|2\n|\n|t:|1699950783\n|move|p1a: Cinderace|U-turn|p2a: Houndoom\n|-damage|p2a: Houndoom|61\/100\n|\n|t:|1699950796\n|switch|p1a: Alomomola|Alomomola, F|100\/100|[from] U-turn\n|move|p2a: Houndoom|Counter|p1a: Alomomola\n|-damage|p1a: Alomomola|57\/100\n|\n|upkeep\n|turn|3\n|\n|t:|1699950804\n|move|p2a: Houndoom|Destiny Bond|p2a: Houndoom\n|-singlemove|p2a: Houndoom|Destiny Bond\n|move|p1a: Alomomola|Wish|p1a: Alomomola\n|\n|upkeep\n|turn|4\n|\n|t:|1699950817\n|switch|p2a: Sinistcha|Sinistcha-Masterpiece|100\/100\n|move|p1a: Alomomola|Protect||[still]\n|-fail|p1a: Alomomola\n|\n|-heal|p1a: Alomomola|100\/100|[from] move: Wish|[wisher] Alomomola\n|upkeep\n|turn|5\n|\n|t:|1699950826\n|move|p2a: Sinistcha|Shadow Ball|p1a: Alomomola\n|-damage|p1a: Alomomola|62\/100\n|move|p1a: Alomomola|Flip Turn|p2a: Sinistcha\n|-resisted|p2a: Sinistcha\n|-damage|p2a: Sinistcha|94\/100\n|\n|t:|1699950842\n|switch|p1a: Cinderace|Cinderace, M|100\/100|[from] Flip Turn\n|\n|-heal|p2a: Sinistcha|99\/100|[from] item: Leftovers\n|upkeep\n|turn|6\n|\n|t:|1699950848\n|switch|p2a: Infernape|Infernape, M|100\/100\n|move|p1a: Cinderace|Pyro Ball|p2a: Infernape\n|-resisted|p2a: Infernape\n|-damage|p2a: Infernape|74\/100\n|\n|-heal|p2a: Infernape|81\/100|[from] item: Leftovers\n|upkeep\n|turn|7\n|\n|t:|1699950878\n|move|p1a: Cinderace|U-turn|p2a: Infernape\n|-resisted|p2a: Infernape\n|-damage|p2a: Infernape|76\/100\n|\n|t:|1699950880\n|switch|p1a: Alomomola|Alomomola, F|95\/100|[from] U-turn\n|move|p2a: Infernape|Flame Charge|p1a: Alomomola\n|-resisted|p1a: Alomomola\n|-damage|p1a: Alomomola|90\/100\n|-boost|p2a: Infernape|spe|1\n|\n|-heal|p2a: Infernape|82\/100|[from] item: Leftovers\n|upkeep\n|turn|8\n|\n|t:|1699950887\n|move|p2a: Infernape|Bulk Up|p2a: Infernape\n|-boost|p2a: Infernape|atk|1\n|-boost|p2a: Infernape|def|1\n|move|p1a: Alomomola|Scald|p2a: Infernape\n|-supereffective|p2a: Infernape\n|-damage|p2a: Infernape|53\/100\n|\n|-heal|p2a: Infernape|59\/100|[from] item: Leftovers\n|upkeep\n|turn|9\n|\n|t:|1699950896\n|move|p2a: Infernape|Bulk Up|p2a: Infernape\n|-boost|p2a: Infernape|atk|1\n|-boost|p2a: Infernape|def|1\n|move|p1a: Alomomola|Scald|p2a: Infernape\n|-supereffective|p2a: Infernape\n|-damage|p2a: Infernape|34\/100\n|\n|-heal|p2a: Infernape|40\/100|[from] item: Leftovers\n|upkeep\n|turn|10\n|\n|t:|1699950901\n|move|p2a: Infernape|Slack Off|p2a: Infernape\n|-heal|p2a: Infernape|90\/100\n|move|p1a: Alomomola|Scald|p2a: Infernape\n|-supereffective|p2a: Infernape\n|-damage|p2a: Infernape|62\/100\n|\n|-heal|p2a: Infernape|68\/100|[from] item: Leftovers\n|upkeep\n|turn|11\n|\n|t:|1699950921\n|switch|p1a: oogway|Torkoal, M, shiny|100\/100\n|-weather|SunnyDay|[from] ability: Drought|[of] p1a: oogway\n|move|p2a: Infernape|Flame Charge|p1a: oogway\n|-resisted|p1a: oogway\n|-damage|p1a: oogway|86\/100\n|-boost|p2a: Infernape|spe|1\n|\n|-weather|SunnyDay|[upkeep]\n|-heal|p2a: Infernape|74\/100|[from] item: Leftovers\n|upkeep\n|turn|12\n|c|\u2606hambroni|when did it get slack off\n|c|\u2606hambroni|wtf\n|c|\u2606tadeoprueba|dince 4 gen haha\n|inactive|tadeoprueba has 120 seconds left.\n|c|\u2606tadeoprueba|you need to dtufy more\n|\n|t:|1699950956\n|switch|p1a: Alomomola|Alomomola, F|100\/100\n|move|p2a: Infernape|Bulk Up|p2a: Infernape\n|-boost|p2a: Infernape|atk|1\n|-boost|p2a: Infernape|def|1\n|\n|-weather|SunnyDay|[upkeep]\n|-heal|p2a: Infernape|80\/100|[from] item: Leftovers\n|upkeep\n|turn|13\n|\n|t:|1699950969\n|move|p2a: Infernape|Drain Punch|p1a: Alomomola\n|-damage|p1a: Alomomola|60\/100\n|-heal|p2a: Infernape|100\/100|[from] drain|[of] p1a: Alomomola\n|move|p1a: Alomomola|Flip Turn|p2a: Infernape\n|-supereffective|p2a: Infernape\n|-damage|p2a: Infernape|95\/100\n|\n|t:|1699950972\n|switch|p1a: LA Wakers|Walking Wake|100\/100|[from] Flip Turn\n|-activate|p1a: LA Wakers|ability: Protosynthesis\n|-start|p1a: LA Wakers|protosynthesisspe\n|\n|-weather|SunnyDay|[upkeep]\n|-heal|p2a: Infernape|100\/100|[from] item: Leftovers\n|upkeep\n|turn|14\n|\n|t:|1699950981\n|-terastallize|p1a: LA Wakers|Fairy\n|-terastallize|p2a: Infernape|Grass\n|move|p1a: LA Wakers|Hydro Steam|p2a: Infernape\n|-resisted|p2a: Infernape\n|-damage|p2a: Infernape|61\/100\n|-damage|p1a: LA Wakers|91\/100|[from] item: Life Orb\n|move|p2a: Infernape|Flame Charge|p1a: LA Wakers\n|-damage|p1a: LA Wakers|22\/100\n|-boost|p2a: Infernape|spe|1\n|\n|-weather|SunnyDay|[upkeep]\n|-heal|p2a: Infernape|68\/100|[from] item: Leftovers\n|upkeep\n|turn|15\n|c|\u2606hambroni|dfuty?\n|\n|t:|1699950986\n|move|p2a: Infernape|Flame Charge|p1a: LA Wakers\n|-damage|p1a: LA Wakers|0 fnt\n|-boost|p2a: Infernape|spe|1\n|faint|p1a: LA Wakers\n|-end|p1a: LA Wakers|Protosynthesis|[silent]\n|\n|-weather|SunnyDay|[upkeep]\n|-heal|p2a: Infernape|74\/100|[from] item: Leftovers\n|upkeep\n|c|\u2606tadeoprueba|:)\n|c|\u2606tadeoprueba|yes\n|\n|t:|1699950995\n|switch|p1a: Back Then|Charizard, M, shiny|100\/100\n|turn|16\n|c|\u2606hambroni|tf does that mean\n|\n|t:|1699951008\n|move|p2a: Infernape|Flame Charge|p1a: Back Then\n|-resisted|p1a: Back Then\n|-damage|p1a: Back Then|55\/100\n|-boost|p2a: Infernape|spe|1\n|move|p1a: Back Then|Weather Ball|p2a: Infernape\n|-supereffective|p2a: Infernape\n|-damage|p2a: Infernape|0 fnt\n|faint|p2a: Infernape\n|\n|-weather|SunnyDay|[upkeep]\n|-damage|p1a: Back Then|43\/100|[from] ability: Solar Power|[of] p1a: Back Then\n|upkeep\n|\n|t:|1699951022\n|switch|p2a: Kommo-o|Kommo-o, M|100\/100\n|turn|17\n|\n|t:|1699951032\n|switch|p1a: Cinderace|Cinderace, M|100\/100\n|move|p2a: Kommo-o|Boomburst|p1a: Cinderace\n|-damage|p1a: Cinderace|51\/100\n|-enditem|p2a: Kommo-o|Throat Spray\n|-boost|p2a: Kommo-o|spa|1|[from] item: Throat Spray\n|\n|-weather|SunnyDay|[upkeep]\n|upkeep\n|turn|18\n|\n|t:|1699951040\n|move|p1a: Cinderace|Will-O-Wisp|p2a: Kommo-o\n|-status|p2a: Kommo-o|brn\n|move|p2a: Kommo-o|Clangorous Soul|p2a: Kommo-o\n|-boost|p2a: Kommo-o|atk|1\n|-boost|p2a: Kommo-o|def|1\n|-boost|p2a: Kommo-o|spa|1\n|-boost|p2a: Kommo-o|spd|1\n|-boost|p2a: Kommo-o|spe|1\n|-damage|p2a: Kommo-o|68\/100 brn\n|\n|-weather|none\n|-damage|p2a: Kommo-o|61\/100 brn|[from] brn\n|upkeep\n|turn|19\n|\n|t:|1699951049\n|move|p2a: Kommo-o|Boomburst|p1a: Cinderace\n|-damage|p1a: Cinderace|0 fnt\n|faint|p1a: Cinderace\n|\n|-damage|p2a: Kommo-o|55\/100 brn|[from] brn\n|upkeep\n|\n|t:|1699951051\n|switch|p1a: oogway|Torkoal, M, shiny|86\/100\n|-weather|SunnyDay|[from] ability: Drought|[of] p1a: oogway\n|turn|20\n|\n|t:|1699951060\n|switch|p1a: Alomomola|Alomomola, F|93\/100\n|move|p2a: Kommo-o|Clanging Scales|p1a: Alomomola\n|-damage|p1a: Alomomola|0 fnt\n|faint|p1a: Alomomola\n|-unboost|p2a: Kommo-o|def|1\n|\n|-weather|SunnyDay|[upkeep]\n|-damage|p2a: Kommo-o|49\/100 brn|[from] brn\n|upkeep\n|\n|t:|1699951067\n|switch|p1a: Lilligant|Lilligant-Hisui, F|100\/100\n|turn|21\n|\n|t:|1699951070\n|move|p1a: Lilligant|Ice Spinner|p2a: Kommo-o\n|-supereffective|p2a: Kommo-o\n|-damage|p2a: Kommo-o|0 fnt\n|faint|p2a: Kommo-o\n|\n|-weather|SunnyDay|[upkeep]\n|upkeep\n|\n|t:|1699951077\n|switch|p2a: Chesnaught|Chesnaught, F|100\/100\n|turn|22\n|\n|t:|1699951084\n|move|p1a: Lilligant|Victory Dance|p1a: Lilligant\n|-boost|p1a: Lilligant|atk|1\n|-boost|p1a: Lilligant|def|1\n|-boost|p1a: Lilligant|spe|1\n|move|p2a: Chesnaught|Drain Punch|p1a: Lilligant\n|-damage|p1a: Lilligant|67\/100\n|\n|-weather|SunnyDay|[upkeep]\n|-heal|p1a: Lilligant|73\/100|[from] item: Leftovers\n|upkeep\n|turn|23\n|\n|t:|1699951090\n|move|p1a: Lilligant|Victory Dance|p1a: Lilligant\n|-boost|p1a: Lilligant|atk|1\n|-boost|p1a: Lilligant|def|1\n|-boost|p1a: Lilligant|spe|1\n|move|p2a: Chesnaught|Drain Punch|p1a: Lilligant\n|-damage|p1a: Lilligant|45\/100\n|\n|-weather|SunnyDay|[upkeep]\n|-heal|p1a: Lilligant|51\/100|[from] item: Leftovers\n|upkeep\n|turn|24\n|\n|t:|1699951093\n|move|p1a: Lilligant|Ice Spinner|p2a: Chesnaught\n|-supereffective|p2a: Chesnaught\n|-damage|p2a: Chesnaught|3\/100\n|-enditem|p2a: Chesnaught|Sitrus Berry|[eat]\n|-heal|p2a: Chesnaught|28\/100|[from] item: Sitrus Berry\n|move|p2a: Chesnaught|Trailblaze|p1a: Lilligant\n|-resisted|p1a: Lilligant\n|-crit|p1a: Lilligant\n|-damage|p1a: Lilligant|24\/100\n|-boost|p2a: Chesnaught|spe|1\n|\n|-weather|SunnyDay|[upkeep]\n|-heal|p1a: Lilligant|30\/100|[from] item: Leftovers\n|upkeep\n|turn|25\n|\n|t:|1699951099\n|move|p1a: Lilligant|Ice Spinner|p2a: Chesnaught\n|-supereffective|p2a: Chesnaught\n|-damage|p2a: Chesnaught|0 fnt\n|faint|p2a: Chesnaught\n|\n|-weather|SunnyDay|[upkeep]\n|-heal|p1a: Lilligant|36\/100|[from] item: Leftovers\n|upkeep\n|\n|t:|1699951101\n|switch|p2a: Houndoom|Houndoom, F|61\/100\n|turn|26\n|\n|t:|1699951103\n|move|p1a: Lilligant|Close Combat|p2a: Houndoom\n|-supereffective|p2a: Houndoom\n|-damage|p2a: Houndoom|0 fnt\n|-unboost|p1a: Lilligant|def|1\n|-unboost|p1a: Lilligant|spd|1\n|faint|p2a: Houndoom\n|\n|-weather|SunnyDay|[upkeep]\n|-heal|p1a: Lilligant|42\/100|[from] item: Leftovers\n|upkeep\n|\n|t:|1699951112\n|switch|p2a: Torterra|Torterra, F|100\/100\n|turn|27\n|\n|t:|1699951117\n|move|p1a: Lilligant|Ice Spinner|p2a: Torterra\n|-supereffective|p2a: Torterra\n|-damage|p2a: Torterra|0 fnt\n|faint|p2a: Torterra\n|\n|-weather|none\n|-heal|p1a: Lilligant|48\/100|[from] item: Leftovers\n|upkeep\n|\n|t:|1699951121\n|switch|p2a: Sinistcha|Sinistcha-Masterpiece|99\/100\n|turn|28\n|c|\u2606hambroni|i think u need to as well\n|c|\u2606hambroni|dtufy more\n|c|\u2606tadeoprueba|gg\n|-message|tadeoprueba forfeited.\n|\n|win|hambroni\n|raw|hambroni's rating: 1078 &rarr; <strong>1109<\/strong><br \/>(+31 for winning)\n|raw|tadeoprueba's rating: 1107 &rarr; <strong>1080<\/strong><br \/>(-27 for losing)\n|c|\u2606hambroni|whatever it is\n|l|\u2606tadeoprueba\n","uploadtime":1699951147,"views":10,"p1id":"hambroni","p2id":"tadeoprueba","formatid":"gen9ou","rating":1080,"private":0,"password":""}