{"id":"gen9ou-1993800988","p1":"Soraonkey","p2":"atwork1min","format":"[Gen 9] OU","log":"|j|\u2606Soraonkey\n|j|\u2606atwork1min\n|t:|1700358891\n|gametype|singles\n|player|p1|Soraonkey|n|1040\n|player|p2|atwork1min|101|1150\n|teamsize|p1|6\n|teamsize|p2|6\n|gen|9\n|tier|[Gen 9] OU\n|rated|\n|rule|Sleep Clause Mod: Limit one foe put to sleep\n|rule|Species Clause: Limit one of each Pok\u00e9mon\n|rule|OHKO Clause: OHKO moves are banned\n|rule|Evasion Items Clause: Evasion items are banned\n|rule|Evasion Moves Clause: Evasion moves are banned\n|rule|Endless Battle Clause: Forcing endless battles is banned\n|rule|HP Percentage Mod: HP is shown in percentages\n|clearpoke\n|poke|p1|Gligar, F|\n|poke|p1|Iron Valiant|\n|poke|p1|Ribombee, F|\n|poke|p1|Amoonguss, M|\n|poke|p1|Pelipper, F|\n|poke|p1|Hatterene, F|\n|poke|p2|Ribombee, M|\n|poke|p2|Rillaboom, F|\n|poke|p2|Garganacl, F|\n|poke|p2|Manaphy|\n|poke|p2|Great Tusk|\n|poke|p2|Zapdos|\n|teampreview\n|c|\u2606Soraonkey|First match, gl have fun\n|c|\u2606atwork1min|u2\n|\n|t:|1700358918\n|start\n|switch|p1a: Ribombee|Ribombee, F|100\/100\n|switch|p2a: Rillaboom|Rillaboom, F|100\/100\n|-fieldstart|move: Grassy Terrain|[from] ability: Grassy Surge|[of] p2a: Rillaboom\n|turn|1\n|\n|t:|1700358927\n|move|p1a: Ribombee|Sticky Web|p2a: Rillaboom\n|-sidestart|p2: atwork1min|move: Sticky Web\n|move|p2a: Rillaboom|U-turn|p1a: Ribombee\n|-resisted|p1a: Ribombee\n|-damage|p1a: Ribombee|58\/100\n|\n|t:|1700358931\n|switch|p2a: Manaphy|Manaphy|100\/100|[from] U-turn\n|-activate|p2a: Manaphy|move: Sticky Web\n|-unboost|p2a: Manaphy|spe|1\n|\n|-heal|p1a: Ribombee|64\/100|[from] Grassy Terrain\n|upkeep\n|turn|2\n|\n|t:|1700358942\n|move|p1a: Ribombee|Leech Life|p2a: Manaphy\n|-damage|p2a: Manaphy|89\/100\n|-heal|p1a: Ribombee|73\/100|[from] drain|[of] p2a: Manaphy\n|move|p2a: Manaphy|Take Heart|p2a: Manaphy\n|-boost|p2a: Manaphy|spa|1\n|-boost|p2a: Manaphy|spd|1\n|\n|-heal|p1a: Ribombee|79\/100|[from] Grassy Terrain\n|-heal|p2a: Manaphy|95\/100|[from] Grassy Terrain\n|-heal|p2a: Manaphy|100\/100|[from] item: Leftovers\n|upkeep\n|turn|3\n|\n|t:|1700358955\n|move|p1a: Ribombee|Bug Buzz|p2a: Manaphy\n|-damage|p2a: Manaphy|77\/100\n|move|p2a: Manaphy|Acid Armor|p2a: Manaphy\n|-boost|p2a: Manaphy|def|2\n|\n|-heal|p1a: Ribombee|85\/100|[from] Grassy Terrain\n|-heal|p2a: Manaphy|83\/100|[from] Grassy Terrain\n|-heal|p2a: Manaphy|90\/100|[from] item: Leftovers\n|upkeep\n|turn|4\n|inactive|Battle timer is ON: inactive players will automatically lose when time's up. (requested by Soraonkey)\n|\n|t:|1700358971\n|switch|p1a: Amoonguss|Amoonguss, M|100\/100\n|move|p2a: Manaphy|Take Heart|p2a: Manaphy\n|-boost|p2a: Manaphy|spa|1\n|-boost|p2a: Manaphy|spd|1\n|\n|-heal|p2a: Manaphy|96\/100|[from] Grassy Terrain\n|-heal|p2a: Manaphy|100\/100|[from] item: Leftovers\n|upkeep\n|turn|5\n|\n|t:|1700358982\n|-terastallize|p2a: Manaphy|Poison\n|move|p2a: Manaphy|Stored Power|p1a: Amoonguss\n|-supereffective|p1a: Amoonguss\n|-damage|p1a: Amoonguss|10\/100\n|move|p1a: Amoonguss|Stun Spore|p2a: Manaphy\n|-status|p2a: Manaphy|par\n|\n|-heal|p1a: Amoonguss|16\/100|[from] Grassy Terrain\n|-heal|p1a: Amoonguss|23\/100|[from] item: Leftovers\n|-fieldend|move: Grassy Terrain\n|upkeep\n|turn|6\n|\n|t:|1700358998\n|switch|p1a: Gligar|Gligar, F|100\/100\n|move|p2a: Manaphy|Stored Power|p1a: Gligar\n|-damage|p1a: Gligar|20\/100\n|\n|upkeep\n|turn|7\n|\n|t:|1700359010\n|move|p1a: Gligar|Poison Jab|p2a: Manaphy\n|-resisted|p2a: Manaphy\n|-damage|p2a: Manaphy|97\/100 par\n|move|p2a: Manaphy|Scald|p1a: Gligar\n|-supereffective|p1a: Gligar\n|-damage|p1a: Gligar|0 fnt\n|faint|p1a: Gligar\n|\n|-heal|p2a: Manaphy|100\/100 par|[from] item: Leftovers\n|upkeep\n|c|\u2606Soraonkey|Aint no way\n|c|\u2606Soraonkey|Yeah you got that\n|\n|t:|1700359030\n|switch|p1a: Pelipper|Pelipper, F|100\/100\n|-weather|RainDance|[from] ability: Drizzle|[of] p1a: Pelipper\n|turn|8\n|\n|t:|1700359038\n|move|p1a: Pelipper|Weather Ball|p2a: Manaphy\n|-damage|p2a: Manaphy|71\/100 par\n|move|p2a: Manaphy|Take Heart|p2a: Manaphy\n|-boost|p2a: Manaphy|spa|1\n|-boost|p2a: Manaphy|spd|1\n|-curestatus|p2a: Manaphy|par|[msg]\n|\n|-weather|RainDance|[upkeep]\n|-heal|p2a: Manaphy|77\/100|[from] item: Leftovers\n|upkeep\n|turn|9\n|\n|t:|1700359049\n|move|p2a: Manaphy|Stored Power|p1a: Pelipper\n|-damage|p1a: Pelipper|3\/100\n|move|p1a: Pelipper|Weather Ball|p2a: Manaphy\n|-damage|p2a: Manaphy|53\/100\n|\n|-weather|RainDance|[upkeep]\n|-heal|p2a: Manaphy|59\/100|[from] item: Leftovers\n|upkeep\n|turn|10\n|\n|t:|1700359058\n|move|p2a: Manaphy|Stored Power|p1a: Pelipper\n|-damage|p1a: Pelipper|0 fnt\n|faint|p1a: Pelipper\n|\n|-weather|RainDance|[upkeep]\n|-heal|p2a: Manaphy|65\/100|[from] item: Leftovers\n|upkeep\n|\n|t:|1700359072\n|switch|p1a: Amoonguss|Amoonguss, M|56\/100\n|turn|11\n|\n|t:|1700359077\n|-terastallize|p1a: Amoonguss|Grass\n|move|p2a: Manaphy|Stored Power|p1a: Amoonguss\n|-damage|p1a: Amoonguss|0 fnt\n|faint|p1a: Amoonguss\n|\n|-weather|RainDance|[upkeep]\n|-heal|p2a: Manaphy|71\/100|[from] item: Leftovers\n|upkeep\n|\n|t:|1700359085\n|switch|p1a: Iron Valiant|Iron Valiant|100\/100\n|turn|12\n|\n|t:|1700359095\n|move|p1a: Iron Valiant|Dazzling Gleam|p2a: Manaphy\n|-resisted|p2a: Manaphy\n|-damage|p2a: Manaphy|64\/100\n|-damage|p1a: Iron Valiant|91\/100|[from] item: Life Orb\n|move|p2a: Manaphy|Stored Power|p1a: Iron Valiant\n|-supereffective|p1a: Iron Valiant\n|-damage|p1a: Iron Valiant|0 fnt\n|faint|p1a: Iron Valiant\n|-end|p1a: Iron Valiant|Quark Drive|[silent]\n|\n|-weather|none\n|-heal|p2a: Manaphy|70\/100|[from] item: Leftovers\n|upkeep\n|\n|t:|1700359107\n|switch|p1a: Ribombee|Ribombee, F|85\/100\n|turn|13\n|\n|t:|1700359112\n|move|p1a: Ribombee|Bug Buzz|p2a: Manaphy\n|-resisted|p2a: Manaphy\n|-damage|p2a: Manaphy|63\/100\n|move|p2a: Manaphy|Stored Power|p1a: Ribombee\n|-damage|p1a: Ribombee|0 fnt\n|faint|p1a: Ribombee\n|\n|-heal|p2a: Manaphy|69\/100|[from] item: Leftovers\n|upkeep\n|c|\u2606atwork1min|gg\n|c|\u2606Soraonkey|Ok, thanks for reminding me I need to deal with boosters\n|\n|t:|1700359135\n|switch|p1a: Hatterene|Hatterene, F|100\/100\n|turn|14\n|\n|t:|1700359141\n|move|p2a: Manaphy|Scald|p1a: Hatterene\n|-damage|p1a: Hatterene|34\/100\n|move|p1a: Hatterene|Psycho Cut|p2a: Manaphy\n|-supereffective|p2a: Manaphy\n|-damage|p2a: Manaphy|50\/100\n|\n|-heal|p2a: Manaphy|57\/100|[from] item: Leftovers\n|upkeep\n|turn|15\n|c|\u2606atwork1min|no problem ngl this mon need to be banned lol\n|\n|t:|1700359155\n|move|p2a: Manaphy|Scald|p1a: Hatterene\n|-damage|p1a: Hatterene|0 fnt\n|faint|p1a: Hatterene\n|\n|win|atwork1min\n|raw|Soraonkey's rating: 1040 &rarr; <strong>1029<\/strong><br \/>(-11 for losing)\n|raw|atwork1min's rating: 1150 &rarr; <strong>1167<\/strong><br \/>(+17 for winning)\n|l|\u2606Soraonkey\n","uploadtime":1700359161,"views":8,"p1id":"soraonkey","p2id":"atwork1min","formatid":"gen9ou","rating":1029,"private":0,"password":""}