{"id":"gen9ou-1993716127","p1":"Jiriqtong","p2":"briannablade","format":"[Gen 9] OU","log":"|j|\u2606Jiriqtong\n|j|\u2606briannablade\n|t:|1700348830\n|gametype|singles\n|player|p1|Jiriqtong|pryce|1206\n|player|p2|briannablade|furisodegirl-black|1102\n|teamsize|p1|6\n|teamsize|p2|6\n|gen|9\n|tier|[Gen 9] OU\n|rated|\n|rule|Sleep Clause Mod: Limit one foe put to sleep\n|rule|Species Clause: Limit one of each Pok\u00e9mon\n|rule|OHKO Clause: OHKO moves are banned\n|rule|Evasion Items Clause: Evasion items are banned\n|rule|Evasion Moves Clause: Evasion moves are banned\n|rule|Endless Battle Clause: Forcing endless battles is banned\n|rule|HP Percentage Mod: HP is shown in percentages\n|clearpoke\n|poke|p1|Garganacl, M|\n|poke|p1|Great Tusk|\n|poke|p1|Gholdengo|\n|poke|p1|Iron Valiant|\n|poke|p1|Dragonite, F|\n|poke|p1|Zapdos|\n|poke|p2|Goodra-Hisui, M|\n|poke|p2|Zoroark-Hisui, F|\n|poke|p2|Toxapex, M|\n|poke|p2|Meowscarada, M|\n|poke|p2|Great Tusk|\n|poke|p2|Ribombee, F|\n|teampreview\n|inactive|Battle timer is ON: inactive players will automatically lose when time's up. (requested by briannablade)\n|\n|t:|1700348849\n|start\n|switch|p1a: Gholdengo|Gholdengo|100\/100\n|switch|p2a: Toxapex|Toxapex, M, shiny|100\/100\n|-item|p1a: Gholdengo|Air Balloon\n|turn|1\n|\n|t:|1700348859\n|switch|p1a: Garganacl|Garganacl, M|100\/100\n|switch|p2a: Ribombee|Ribombee, F|100\/100\n|\n|upkeep\n|turn|2\n|\n|t:|1700348869\n|switch|p2a: Meowscarada|Meowscarada, M|100\/100\n|move|p1a: Garganacl|Salt Cure|p2a: Meowscarada\n|-crit|p2a: Meowscarada\n|-damage|p2a: Meowscarada|70\/100\n|-start|p2a: Meowscarada|Salt Cure\n|\n|-damage|p2a: Meowscarada|58\/100|[from] Salt Cure\n|upkeep\n|turn|3\n|\n|t:|1700348876\n|switch|p1a: Zapdos|Zapdos|100\/100\n|move|p2a: Meowscarada|U-turn|p1a: Zapdos\n|-start|p2a: Meowscarada|typechange|Bug|[from] ability: Protean\n|-resisted|p1a: Zapdos\n|-damage|p1a: Zapdos|80\/100\n|-damage|p2a: Meowscarada|48\/100|[from] item: Life Orb\n|\n|t:|1700348894\n|switch|p2a: Toxapex|Toxapex, M, shiny|100\/100|[from] U-turn\n|\n|upkeep\n|turn|4\n|\n|t:|1700348901\n|switch|p1a: Garganacl|Garganacl, M|100\/100\n|move|p2a: Toxapex|Toxic|p1a: Garganacl\n|-immune|p1a: Garganacl|[from] ability: Purifying Salt\n|\n|upkeep\n|turn|5\n|\n|t:|1700348912\n|move|p2a: Toxapex|Chilling Water|p1a: Garganacl\n|-supereffective|p1a: Garganacl\n|-damage|p1a: Garganacl|72\/100\n|-unboost|p1a: Garganacl|atk|1\n|move|p1a: Garganacl|Salt Cure|p2a: Toxapex\n|-damage|p2a: Toxapex|94\/100\n|-start|p2a: Toxapex|Salt Cure\n|\n|-heal|p2a: Toxapex|99\/100|[from] item: Leftovers\n|-heal|p1a: Garganacl|78\/100|[from] item: Leftovers\n|-damage|p2a: Toxapex|75\/100|[from] Salt Cure\n|upkeep\n|turn|6\n|\n|t:|1700348919\n|move|p2a: Toxapex|Chilling Water|p1a: Garganacl\n|-supereffective|p1a: Garganacl\n|-damage|p1a: Garganacl|50\/100\n|-unboost|p1a: Garganacl|atk|1\n|move|p1a: Garganacl|Curse|p1a: Garganacl\n|-unboost|p1a: Garganacl|spe|1\n|-boost|p1a: Garganacl|atk|1\n|-boost|p1a: Garganacl|def|1\n|\n|-heal|p2a: Toxapex|81\/100|[from] item: Leftovers\n|-heal|p1a: Garganacl|56\/100|[from] item: Leftovers\n|-damage|p2a: Toxapex|56\/100|[from] Salt Cure\n|upkeep\n|turn|7\n|\n|t:|1700348925\n|move|p2a: Toxapex|Chilling Water|p1a: Garganacl\n|-supereffective|p1a: Garganacl\n|-damage|p1a: Garganacl|29\/100\n|-unboost|p1a: Garganacl|atk|1\n|move|p1a: Garganacl|Recover|p1a: Garganacl\n|-heal|p1a: Garganacl|79\/100\n|\n|-heal|p2a: Toxapex|62\/100|[from] item: Leftovers\n|-heal|p1a: Garganacl|85\/100|[from] item: Leftovers\n|-damage|p2a: Toxapex|37\/100|[from] Salt Cure\n|upkeep\n|turn|8\n|\n|t:|1700348939\n|switch|p2a: Goodra|Goodra-Hisui, M|100\/100\n|move|p1a: Garganacl|Salt Cure|p2a: Goodra\n|-resisted|p2a: Goodra\n|-damage|p2a: Goodra|97\/100\n|-start|p2a: Goodra|Salt Cure\n|\n|-heal|p1a: Garganacl|92\/100|[from] item: Leftovers\n|-damage|p2a: Goodra|72\/100|[from] Salt Cure\n|upkeep\n|turn|9\n|\n|t:|1700348946\n|switch|p2a: Toxapex|Toxapex, M, shiny|71\/100\n|switch|p1a: Zapdos|Zapdos|80\/100\n|\n|-heal|p2a: Toxapex|77\/100|[from] item: Leftovers\n|upkeep\n|turn|10\n|\n|t:|1700348954\n|switch|p1a: Garganacl|Garganacl, M|92\/100\n|move|p2a: Toxapex|Ice Beam|p1a: Garganacl\n|-damage|p1a: Garganacl|76\/100\n|\n|-heal|p2a: Toxapex|83\/100|[from] item: Leftovers\n|-heal|p1a: Garganacl|82\/100|[from] item: Leftovers\n|upkeep\n|turn|11\n|\n|t:|1700348959\n|move|p2a: Toxapex|Chilling Water|p1a: Garganacl\n|-supereffective|p1a: Garganacl\n|-damage|p1a: Garganacl|54\/100\n|-unboost|p1a: Garganacl|atk|1\n|move|p1a: Garganacl|Salt Cure|p2a: Toxapex\n|-crit|p2a: Toxapex\n|-damage|p2a: Toxapex|68\/100\n|-start|p2a: Toxapex|Salt Cure\n|\n|-heal|p2a: Toxapex|74\/100|[from] item: Leftovers\n|-heal|p1a: Garganacl|60\/100|[from] item: Leftovers\n|-damage|p2a: Toxapex|49\/100|[from] Salt Cure\n|upkeep\n|turn|12\n|\n|t:|1700348967\n|switch|p2a: Ribombee|Ribombee, F|100\/100\n|move|p1a: Garganacl|Salt Cure|p2a: Ribombee\n|-supereffective|p2a: Ribombee\n|-damage|p2a: Ribombee|66\/100\n|\n|-heal|p1a: Garganacl|66\/100|[from] item: Leftovers\n|upkeep\n|turn|13\n|\n|t:|1700348978\n|switch|p1a: Gholdengo|Gholdengo|100\/100\n|-item|p1a: Gholdengo|Air Balloon\n|move|p2a: Ribombee|Sticky Web|p1a: Gholdengo\n|-sidestart|p1: Jiriqtong|move: Sticky Web\n|\n|upkeep\n|turn|14\n|\n|t:|1700348989\n|switch|p2a: Goodra|Goodra-Hisui, M|72\/100\n|move|p1a: Gholdengo|Nasty Plot|p1a: Gholdengo\n|-boost|p1a: Gholdengo|spa|2\n|\n|upkeep\n|turn|15\n|\n|t:|1700349005\n|move|p1a: Gholdengo|Shadow Ball|p2a: Goodra\n|-damage|p2a: Goodra|46\/100\n|move|p2a: Goodra|Fire Blast|p1a: Gholdengo\n|-supereffective|p1a: Gholdengo\n|-damage|p1a: Gholdengo|33\/100\n|-enditem|p1a: Gholdengo|Air Balloon\n|\n|upkeep\n|turn|16\n|\n|t:|1700349016\n|move|p1a: Gholdengo|Recover|p1a: Gholdengo\n|-heal|p1a: Gholdengo|83\/100\n|move|p2a: Goodra|Knock Off|p1a: Gholdengo\n|-supereffective|p1a: Gholdengo\n|-damage|p1a: Gholdengo|61\/100\n|\n|upkeep\n|turn|17\n|\n|t:|1700349028\n|move|p1a: Gholdengo|Recover|p1a: Gholdengo\n|-heal|p1a: Gholdengo|100\/100\n|move|p2a: Goodra|Fire Blast|p1a: Gholdengo\n|-supereffective|p1a: Gholdengo\n|-damage|p1a: Gholdengo|36\/100\n|-status|p1a: Gholdengo|brn\n|\n|-damage|p1a: Gholdengo|30\/100 brn|[from] brn\n|upkeep\n|turn|18\n|\n|t:|1700349041\n|move|p1a: Gholdengo|Recover|p1a: Gholdengo\n|-heal|p1a: Gholdengo|80\/100 brn\n|move|p2a: Goodra|Fire Blast|p1a: Gholdengo\n|-supereffective|p1a: Gholdengo\n|-damage|p1a: Gholdengo|12\/100 brn\n|\n|-damage|p1a: Gholdengo|6\/100 brn|[from] brn\n|upkeep\n|turn|19\n|\n|t:|1700349046\n|move|p1a: Gholdengo|Recover|p1a: Gholdengo\n|-heal|p1a: Gholdengo|56\/100 brn\n|move|p2a: Goodra|Fire Blast|p1a: Gholdengo|[miss]\n|-miss|p2a: Goodra|p1a: Gholdengo\n|\n|-damage|p1a: Gholdengo|50\/100 brn|[from] brn\n|upkeep\n|turn|20\n|\n|t:|1700349052\n|move|p1a: Gholdengo|Recover|p1a: Gholdengo\n|-heal|p1a: Gholdengo|99\/100 brn\n|move|p2a: Goodra|Fire Blast|p1a: Gholdengo\n|-supereffective|p1a: Gholdengo\n|-crit|p1a: Gholdengo\n|-damage|p1a: Gholdengo|4\/100 brn\n|\n|-damage|p1a: Gholdengo|0 fnt|[from] brn\n|faint|p1a: Gholdengo\n|upkeep\n|\n|t:|1700349058\n|switch|p1a: Great Tusk|Great Tusk|100\/100\n|turn|21\n|\n|t:|1700349074\n|move|p1a: Great Tusk|Headlong Rush|p2a: Goodra\n|-supereffective|p2a: Goodra\n|-damage|p2a: Goodra|0 fnt\n|-unboost|p1a: Great Tusk|def|1\n|-unboost|p1a: Great Tusk|spd|1\n|faint|p2a: Goodra\n|\n|upkeep\n|\n|t:|1700349078\n|switch|p2a: Toxapex|Toxapex, M, shiny|100\/100\n|turn|22\n|\n|t:|1700349084\n|-end|p1a: Great Tusk|Protosynthesis|[silent]\n|switch|p1a: Garganacl|Garganacl, M|66\/100\n|-activate|p1a: Garganacl|move: Sticky Web\n|-unboost|p1a: Garganacl|spe|1\n|move|p2a: Toxapex|Psychic|p1a: Garganacl\n|-damage|p1a: Garganacl|38\/100\n|\n|-heal|p1a: Garganacl|44\/100|[from] item: Leftovers\n|upkeep\n|turn|23\n|\n|t:|1700349092\n|move|p2a: Toxapex|Psychic|p1a: Garganacl\n|-damage|p1a: Garganacl|17\/100\n|move|p1a: Garganacl|Recover|p1a: Garganacl\n|-heal|p1a: Garganacl|67\/100\n|\n|-heal|p1a: Garganacl|74\/100|[from] item: Leftovers\n|upkeep\n|turn|24\n|\n|t:|1700349097\n|move|p2a: Toxapex|Psychic|p1a: Garganacl\n|-damage|p1a: Garganacl|47\/100\n|move|p1a: Garganacl|Salt Cure|p2a: Toxapex\n|-damage|p2a: Toxapex|72\/100\n|-start|p2a: Toxapex|Salt Cure\n|replace|p2a: Zoroark|Zoroark-Hisui, F\n|-end|p2a: Zoroark|Illusion\n|\n|-heal|p1a: Garganacl|53\/100|[from] item: Leftovers\n|-damage|p2a: Zoroark|59\/100|[from] Salt Cure\n|upkeep\n|turn|25\n|\n|t:|1700349101\n|move|p2a: Zoroark|Psychic|p1a: Garganacl\n|-damage|p1a: Garganacl|26\/100\n|move|p1a: Garganacl|Recover|p1a: Garganacl\n|-heal|p1a: Garganacl|76\/100\n|\n|-heal|p1a: Garganacl|82\/100|[from] item: Leftovers\n|-damage|p2a: Zoroark|47\/100|[from] Salt Cure\n|upkeep\n|turn|26\n|\n|t:|1700349108\n|switch|p2a: Toxapex|Toxapex, M, shiny|82\/100\n|move|p1a: Garganacl|Curse|p1a: Garganacl\n|-unboost|p1a: Garganacl|spe|1\n|-boost|p1a: Garganacl|atk|1\n|-boost|p1a: Garganacl|def|1\n|\n|-heal|p2a: Toxapex|89\/100|[from] item: Leftovers\n|-heal|p1a: Garganacl|88\/100|[from] item: Leftovers\n|upkeep\n|turn|27\n|\n|t:|1700349113\n|move|p2a: Toxapex|Chilling Water|p1a: Garganacl\n|-supereffective|p1a: Garganacl\n|-damage|p1a: Garganacl|63\/100\n|-unboost|p1a: Garganacl|atk|1\n|move|p1a: Garganacl|Salt Cure|p2a: Toxapex\n|-damage|p2a: Toxapex|78\/100\n|-start|p2a: Toxapex|Salt Cure\n|\n|-heal|p2a: Toxapex|84\/100|[from] item: Leftovers\n|-heal|p1a: Garganacl|69\/100|[from] item: Leftovers\n|-damage|p2a: Toxapex|59\/100|[from] Salt Cure\n|upkeep\n|turn|28\n|\n|t:|1700349117\n|move|p2a: Toxapex|Chilling Water|p1a: Garganacl\n|-supereffective|p1a: Garganacl\n|-damage|p1a: Garganacl|39\/100\n|-unboost|p1a: Garganacl|atk|1\n|move|p1a: Garganacl|Curse|p1a: Garganacl\n|-unboost|p1a: Garganacl|spe|1\n|-boost|p1a: Garganacl|atk|1\n|-boost|p1a: Garganacl|def|1\n|\n|-heal|p2a: Toxapex|65\/100|[from] item: Leftovers\n|-heal|p1a: Garganacl|45\/100|[from] item: Leftovers\n|-damage|p2a: Toxapex|40\/100|[from] Salt Cure\n|upkeep\n|turn|29\n|\n|t:|1700349121\n|move|p2a: Toxapex|Chilling Water|p1a: Garganacl\n|-supereffective|p1a: Garganacl\n|-damage|p1a: Garganacl|17\/100\n|-unboost|p1a: Garganacl|atk|1\n|move|p1a: Garganacl|Recover|p1a: Garganacl\n|-heal|p1a: Garganacl|67\/100\n|\n|-heal|p2a: Toxapex|47\/100|[from] item: Leftovers\n|-heal|p1a: Garganacl|73\/100|[from] item: Leftovers\n|-damage|p2a: Toxapex|22\/100|[from] Salt Cure\n|upkeep\n|turn|30\n|\n|t:|1700349124\n|move|p2a: Toxapex|Chilling Water|p1a: Garganacl\n|-supereffective|p1a: Garganacl\n|-damage|p1a: Garganacl|45\/100\n|-unboost|p1a: Garganacl|atk|1\n|move|p1a: Garganacl|Curse|p1a: Garganacl\n|-unboost|p1a: Garganacl|spe|1\n|-boost|p1a: Garganacl|atk|1\n|-boost|p1a: Garganacl|def|1\n|\n|-heal|p2a: Toxapex|28\/100|[from] item: Leftovers\n|-heal|p1a: Garganacl|51\/100|[from] item: Leftovers\n|-damage|p2a: Toxapex|3\/100|[from] Salt Cure\n|upkeep\n|turn|31\n|\n|t:|1700349131\n|switch|p2a: Toxapex|Toxapex, M, shiny|47\/100\n|move|p1a: Garganacl|Recover|p1a: Garganacl\n|-heal|p1a: Garganacl|100\/100\n|\n|upkeep\n|turn|32\n|\n|t:|1700349137\n|move|p2a: Toxapex|Focus Blast|p1a: Garganacl\n|-supereffective|p1a: Garganacl\n|-damage|p1a: Garganacl|26\/100\n|move|p1a: Garganacl|Salt Cure|p2a: Toxapex\n|-damage|p2a: Toxapex|30\/100\n|-start|p2a: Toxapex|Salt Cure\n|replace|p2a: Zoroark|Zoroark-Hisui, F\n|-end|p2a: Zoroark|Illusion\n|\n|-heal|p1a: Garganacl|32\/100|[from] item: Leftovers\n|-damage|p2a: Zoroark|18\/100|[from] Salt Cure\n|upkeep\n|turn|33\n|\n|t:|1700349144\n|switch|p1a: Zapdos|Zapdos|80\/100\n|move|p2a: Zoroark|Focus Blast|p1a: Zapdos|[miss]\n|-miss|p2a: Zoroark|p1a: Zapdos\n|\n|-damage|p2a: Zoroark|5\/100|[from] Salt Cure\n|upkeep\n|turn|34\n|\n|t:|1700349152\n|switch|p2a: Great Tusk|Great Tusk|100\/100\n|move|p1a: Zapdos|Hurricane|p2a: Great Tusk|[miss]\n|-miss|p1a: Zapdos|p2a: Great Tusk\n|\n|upkeep\n|turn|35\n|\n|t:|1700349161\n|-terastallize|p2a: Great Tusk|Ground\n|move|p1a: Zapdos|Hurricane|p2a: Great Tusk\n|-damage|p2a: Great Tusk|57\/100\n|move|p2a: Great Tusk|Ice Spinner|p1a: Zapdos\n|-supereffective|p1a: Zapdos\n|-damage|p1a: Zapdos|27\/100\n|\n|upkeep\n|turn|36\n|\n|t:|1700349168\n|move|p1a: Zapdos|Heat Wave|p2a: Great Tusk\n|-damage|p2a: Great Tusk|29\/100\n|move|p2a: Great Tusk|Ice Spinner|p1a: Zapdos\n|-supereffective|p1a: Zapdos\n|-damage|p1a: Zapdos|0 fnt\n|faint|p1a: Zapdos\n|\n|upkeep\n|\n|t:|1700349172\n|switch|p1a: Iron Valiant|Iron Valiant|100\/100\n|turn|37\n|\n|t:|1700349177\n|-end|p2a: Great Tusk|Protosynthesis|[silent]\n|switch|p2a: Ribombee|Ribombee, F|66\/100\n|move|p1a: Iron Valiant|Moonblast|p2a: Ribombee\n|-damage|p2a: Ribombee|0 fnt\n|faint|p2a: Ribombee\n|\n|upkeep\n|\n|t:|1700349185\n|switch|p2a: Toxapex|Toxapex, M, shiny|5\/100\n|turn|38\n|\n|t:|1700349188\n|move|p2a: Toxapex|Psychic|p1a: Iron Valiant\n|-supereffective|p1a: Iron Valiant\n|-damage|p1a: Iron Valiant|0 fnt\n|faint|p1a: Iron Valiant\n|-end|p1a: Iron Valiant|Quark Drive|[silent]\n|\n|upkeep\n|\n|t:|1700349191\n|switch|p1a: Dragonite|Dragonite, F|100\/100\n|turn|39\n|\n|t:|1700349201\n|move|p2a: Toxapex|Psychic|p1a: Dragonite\n|-damage|p1a: Dragonite|82\/100\n|move|p1a: Dragonite|Dragon Dance|p1a: Dragonite\n|-boost|p1a: Dragonite|atk|1\n|-boost|p1a: Dragonite|spe|1\n|\n|upkeep\n|turn|40\n|\n|t:|1700349205\n|move|p2a: Toxapex|Psychic|p1a: Dragonite\n|-damage|p1a: Dragonite|48\/100\n|move|p1a: Dragonite|Dragon Dance|p1a: Dragonite\n|-boost|p1a: Dragonite|atk|1\n|-boost|p1a: Dragonite|spe|1\n|\n|upkeep\n|turn|41\n|\n|t:|1700349209\n|move|p1a: Dragonite|Dragon Dance|p1a: Dragonite\n|-boost|p1a: Dragonite|atk|1\n|-boost|p1a: Dragonite|spe|1\n|move|p2a: Toxapex|Psychic|p1a: Dragonite\n|-damage|p1a: Dragonite|14\/100\n|-unboost|p1a: Dragonite|spd|1\n|\n|upkeep\n|turn|42\n|\n|t:|1700349213\n|move|p1a: Dragonite|Fire Punch|p2a: Toxapex\n|-damage|p2a: Toxapex|0 fnt\n|replace|p2a: Zoroark|Zoroark-Hisui, F\n|-end|p2a: Zoroark|Illusion\n|faint|p2a: Zoroark\n|\n|upkeep\n|\n|t:|1700349216\n|switch|p2a: Meowscarada|Meowscarada, M|48\/100\n|turn|43\n|\n|t:|1700349220\n|-terastallize|p1a: Dragonite|Normal\n|move|p1a: Dragonite|Extreme Speed|p2a: Meowscarada\n|-damage|p2a: Meowscarada|0 fnt\n|faint|p2a: Meowscarada\n|\n|upkeep\n|\n|t:|1700349224\n|switch|p2a: Toxapex|Toxapex, M, shiny|36\/100\n|turn|44\n|\n|t:|1700349227\n|move|p1a: Dragonite|Extreme Speed|p2a: Toxapex\n|-damage|p2a: Toxapex|0 fnt\n|faint|p2a: Toxapex\n|\n|upkeep\n|-message|briannablade forfeited.\n|\n|win|Jiriqtong\n|raw|Jiriqtong's rating: 1206 &rarr; <strong>1224<\/strong><br \/>(+18 for winning)\n|raw|briannablade's rating: 1102 &rarr; <strong>1084<\/strong><br \/>(-18 for losing)\n","uploadtime":1700349236,"views":8,"p1id":"jiriqtong","p2id":"briannablade","formatid":"gen9ou","rating":1084,"private":0,"password":""}