{"id":"gen9ou-1988499330","p1":"zapsew","p2":"Blaxophone","format":"[Gen 9] OU","log":"|j|\u203dzapsew\n|j|\u2606Blaxophone\n|t:|1699729497\n|gametype|singles\n|player|p1|zapsew|baker|1229\n|player|p2|Blaxophone|worker|1306\n|teamsize|p1|6\n|teamsize|p2|6\n|gen|9\n|tier|[Gen 9] OU\n|rated|\n|rule|Sleep Clause Mod: Limit one foe put to sleep\n|rule|Species Clause: Limit one of each Pok\u00e9mon\n|rule|OHKO Clause: OHKO moves are banned\n|rule|Evasion Items Clause: Evasion items are banned\n|rule|Evasion Moves Clause: Evasion moves are banned\n|rule|Endless Battle Clause: Forcing endless battles is banned\n|rule|HP Percentage Mod: HP is shown in percentages\n|clearpoke\n|poke|p1|Ambipom, F|\n|poke|p1|Golem, M|\n|poke|p1|Hoopa-Unbound|\n|poke|p1|Yanmega, M|\n|poke|p1|Moltres|\n|poke|p1|Brambleghast, M|\n|poke|p2|Dragapult, F|\n|poke|p2|Yanmega, M|\n|poke|p2|Great Tusk|\n|poke|p2|Rillaboom, M|\n|poke|p2|Sneasler, M|\n|poke|p2|Enamorus, F|\n|teampreview\n|inactive|Battle timer is ON: inactive players will automatically lose when time's up. (requested by zapsew)\n|\n|t:|1699729519\n|start\n|switch|p1a: Golem|Golem, M|100\/100\n|switch|p2a: Great Tusk|Great Tusk|100\/100\n|-enditem|p2a: Great Tusk|Booster Energy\n|-activate|p2a: Great Tusk|ability: Protosynthesis|[fromitem]\n|-start|p2a: Great Tusk|protosynthesisatk\n|turn|1\n|\n|t:|1699729531\n|move|p2a: Great Tusk|Rapid Spin|p1a: Golem\n|-resisted|p1a: Golem\n|-damage|p1a: Golem|93\/100\n|-boost|p2a: Great Tusk|spe|1\n|move|p1a: Golem|Stealth Rock|p2a: Great Tusk\n|-sidestart|p2: Blaxophone|move: Stealth Rock\n|\n|upkeep\n|turn|2\n|\n|t:|1699729544\n|move|p2a: Great Tusk|Rapid Spin|p1a: Golem\n|-resisted|p1a: Golem\n|-damage|p1a: Golem|85\/100\n|-boost|p2a: Great Tusk|spe|1\n|-sideend|p2: Blaxophone|Stealth Rock|[from] move: Rapid Spin|[of] p2a: Great Tusk\n|move|p1a: Golem|Earthquake|p2a: Great Tusk\n|-damage|p2a: Great Tusk|58\/100\n|\n|upkeep\n|turn|3\n|\n|t:|1699729562\n|switch|p1a: Yanmega|Yanmega, M|100\/100\n|move|p2a: Great Tusk|Headlong Rush|p1a: Yanmega\n|-immune|p1a: Yanmega\n|\n|upkeep\n|turn|4\n|\n|t:|1699729578\n|move|p1a: Yanmega|Protect|p1a: Yanmega\n|-singleturn|p1a: Yanmega|Protect\n|move|p2a: Great Tusk|Ice Spinner|p1a: Yanmega\n|-activate|p1a: Yanmega|move: Protect\n|\n|-ability|p1a: Yanmega|Speed Boost|boost\n|-boost|p1a: Yanmega|spe|1\n|upkeep\n|turn|5\n|\n|t:|1699729590\n|-terastallize|p1a: Yanmega|Fire\n|move|p2a: Great Tusk|Ice Spinner|p1a: Yanmega\n|-resisted|p1a: Yanmega\n|-damage|p1a: Yanmega|80\/100\n|move|p1a: Yanmega|Air Slash|p2a: Great Tusk\n|-supereffective|p2a: Great Tusk\n|-damage|p2a: Great Tusk|0 fnt\n|faint|p2a: Great Tusk\n|-end|p2a: Great Tusk|Protosynthesis|[silent]\n|\n|-ability|p1a: Yanmega|Speed Boost|boost\n|-boost|p1a: Yanmega|spe|1\n|upkeep\n|\n|t:|1699729610\n|switch|p2a: Enamorus|Enamorus, F|100\/100\n|turn|6\n|\n|t:|1699729616\n|move|p1a: Yanmega|Air Slash|p2a: Enamorus\n|-damage|p2a: Enamorus|45\/100\n|cant|p2a: Enamorus|flinch\n|\n|-ability|p1a: Yanmega|Speed Boost|boost\n|-boost|p1a: Yanmega|spe|1\n|upkeep\n|turn|7\n|\n|t:|1699729623\n|move|p1a: Yanmega|Tera Blast|p2a: Enamorus|[anim] Tera Blast Fire\n|-damage|p2a: Enamorus|0 fnt\n|faint|p2a: Enamorus\n|\n|-ability|p1a: Yanmega|Speed Boost|boost\n|-boost|p1a: Yanmega|spe|1\n|upkeep\n|\n|t:|1699729635\n|switch|p2a: Dragapult|Dragapult, F|100\/100\n|turn|8\n|\n|t:|1699729642\n|move|p1a: Yanmega|Air Slash|p2a: Dragapult\n|-damage|p2a: Dragapult|46\/100\n|cant|p2a: Dragapult|flinch\n|\n|-ability|p1a: Yanmega|Speed Boost|boost\n|-boost|p1a: Yanmega|spe|1\n|upkeep\n|turn|9\n|\n|t:|1699729649\n|move|p1a: Yanmega|Air Slash|p2a: Dragapult\n|-damage|p2a: Dragapult|0 fnt\n|faint|p2a: Dragapult\n|\n|-ability|p1a: Yanmega|Speed Boost|boost\n|-boost|p1a: Yanmega|spe|1\n|upkeep\n|\n|t:|1699729659\n|switch|p2a: Rillaboom|Rillaboom, M|100\/100\n|-fieldstart|move: Grassy Terrain|[from] ability: Grassy Surge|[of] p2a: Rillaboom\n|turn|10\n|\n|t:|1699729664\n|move|p2a: Rillaboom|Grassy Glide|p1a: Yanmega\n|-resisted|p1a: Yanmega\n|-damage|p1a: Yanmega|47\/100\n|move|p1a: Yanmega|Bug Buzz|p2a: Rillaboom\n|-supereffective|p2a: Rillaboom\n|-damage|p2a: Rillaboom|0 fnt\n|faint|p2a: Rillaboom\n|-enditem|p1a: Yanmega|Throat Spray\n|-boost|p1a: Yanmega|spa|1|[from] item: Throat Spray\n|\n|-heal|p1a: Yanmega|53\/100|[from] Grassy Terrain\n|upkeep\n|\n|t:|1699729678\n|switch|p2a: Sneasler|Sneasler, M|100\/100\n|-enditem|p2a: Sneasler|Grassy Seed\n|-boost|p2a: Sneasler|def|1|[from] item: Grassy Seed\n|turn|11\n|\n|t:|1699729685\n|-terastallize|p2a: Sneasler|Flying\n|move|p1a: Yanmega|Air Slash|p2a: Sneasler\n|-damage|p2a: Sneasler|24\/100\n|cant|p2a: Sneasler|flinch\n|\n|-heal|p1a: Yanmega|59\/100|[from] Grassy Terrain\n|upkeep\n|turn|12\n|-message|Blaxophone forfeited.\n|\n|win|zapsew\n|raw|zapsew's rating: 1229 &rarr; <strong>1259<\/strong><br \/>(+30 for winning)\n|raw|Blaxophone's rating: 1306 &rarr; <strong>1282<\/strong><br \/>(-24 for losing)\n|l|\u2606Blaxophone\n","uploadtime":1699729694,"views":13,"p1id":"zapsew","p2id":"blaxophone","formatid":"gen9ou","rating":1259,"private":0,"password":""}