{"id":"gen9ou-1996146235","p1":"PokeJaime03","p2":"FantaShadowRYT","format":"[Gen 9] OU","log":"|j|\u2606PokeJaime03\n|j|\u2606FantaShadowRYT\n|t:|1700651065\n|gametype|singles\n|player|p1|PokeJaime03|169|1193\n|player|p2|FantaShadowRYT|wallace|1150\n|teamsize|p1|6\n|teamsize|p2|6\n|gen|9\n|tier|[Gen 9] OU\n|rated|\n|rule|Sleep Clause Mod: Limit one foe put to sleep\n|rule|Species Clause: Limit one of each Pok\u00e9mon\n|rule|OHKO Clause: OHKO moves are banned\n|rule|Evasion Items Clause: Evasion items are banned\n|rule|Evasion Moves Clause: Evasion moves are banned\n|rule|Endless Battle Clause: Forcing endless battles is banned\n|rule|HP Percentage Mod: HP is shown in percentages\n|clearpoke\n|poke|p1|Alomomola, F|\n|poke|p1|Slowking-Galar, F|\n|poke|p1|Kingambit, F|\n|poke|p1|Great Tusk|\n|poke|p1|Cinderace, F|\n|poke|p1|Thundurus-Therian, M|\n|poke|p2|Tyranitar, M|\n|poke|p2|Clefable, M|\n|poke|p2|Ogerpon-Cornerstone, F|\n|poke|p2|Great Tusk|\n|poke|p2|Corviknight, F|\n|poke|p2|Gastrodon, M|\n|teampreview\n|inactive|Battle timer is ON: inactive players will automatically lose when time's up. (requested by FantaShadowRYT)\n|\n|t:|1700651085\n|start\n|switch|p1a: Thundurus|Thundurus-Therian, M|100\/100\n|switch|p2a: Util Oger|Ogerpon-Cornerstone, F|100\/100\n|turn|1\n|\n|t:|1700651094\n|switch|p1a: Great Tusk|Great Tusk|100\/100\n|move|p2a: Util Oger|Spikes|p1a: Great Tusk\n|-sidestart|p1: PokeJaime03|Spikes\n|\n|upkeep\n|turn|2\n|\n|t:|1700651104\n|-terastallize|p1a: Great Tusk|Dragon\n|move|p2a: Util Oger|Horn Leech|p1a: Great Tusk\n|-resisted|p1a: Great Tusk\n|-damage|p1a: Great Tusk|85\/100\n|-damage|p2a: Util Oger|84\/100|[from] item: Rocky Helmet|[of] p1a: Great Tusk\n|move|p1a: Great Tusk|Rapid Spin|p2a: Util Oger\n|-resisted|p2a: Util Oger\n|-damage|p2a: Util Oger|73\/100\n|-boost|p1a: Great Tusk|spe|1\n|-sideend|p1: PokeJaime03|Spikes|[from] move: Rapid Spin|[of] p1a: Great Tusk\n|\n|upkeep\n|turn|3\n|\n|t:|1700651115\n|switch|p2a: ...|Corviknight, F|100\/100\n|move|p1a: Great Tusk|Close Combat|p2a: ...\n|-damage|p2a: ...|48\/100\n|-unboost|p1a: Great Tusk|def|1\n|-unboost|p1a: Great Tusk|spd|1\n|\n|-heal|p2a: ...|54\/100|[from] item: Leftovers\n|upkeep\n|turn|4\n|\n|t:|1700651127\n|-end|p1a: Great Tusk|Protosynthesis|[silent]\n|switch|p1a: Thundurus|Thundurus-Therian, M|100\/100\n|move|p2a: ...|Roost|p2a: ...\n|-heal|p2a: ...|100\/100\n|-singleturn|p2a: ...|move: Roost\n|\n|upkeep\n|turn|5\n|\n|t:|1700651136\n|switch|p2a: Fire DON|Gastrodon, M|100\/100\n|move|p1a: Thundurus|Grass Knot|p2a: Fire DON\n|-supereffective|p2a: Fire DON\n|-damage|p2a: Fire DON|0 fnt\n|faint|p2a: Fire DON\n|\n|upkeep\n|\n|t:|1700651149\n|switch|p2a: ...|Corviknight, F|100\/100\n|turn|6\n|\n|t:|1700651158\n|switch|p1a: Slowking|Slowking-Galar, F|100\/100\n|move|p2a: ...|Agility|p2a: ...\n|-boost|p2a: ...|spe|2\n|\n|upkeep\n|turn|7\n|\n|t:|1700651164\n|move|p2a: ...|Agility|p2a: ...\n|-boost|p2a: ...|spe|2\n|move|p1a: Slowking|Future Sight|p2a: ...\n|-start|p1a: Slowking|move: Future Sight\n|\n|upkeep\n|turn|8\n|\n|t:|1700651168\n|move|p2a: ...|Bulk Up|p2a: ...\n|-boost|p2a: ...|atk|1\n|-boost|p2a: ...|def|1\n|move|p1a: Slowking|Chilly Reception|p1a: Slowking\n|-weather|Snow\n|\n|t:|1700651171\n|switch|p1a: Alomomola|Alomomola, F|100\/100|[from] Chilly Reception\n|\n|-weather|Snow|[upkeep]\n|upkeep\n|turn|9\n|\n|t:|1700651176\n|move|p2a: ...|Bulk Up|p2a: ...\n|-boost|p2a: ...|atk|1\n|-boost|p2a: ...|def|1\n|move|p1a: Alomomola|Scald|p2a: ...\n|-damage|p2a: ...|91\/100\n|\n|-weather|Snow|[upkeep]\n|-end|p2a: ...|move: Future Sight\n|-resisted|p2a: ...\n|-crit|p2a: ...\n|-damage|p2a: ...|68\/100\n|-heal|p2a: ...|74\/100|[from] item: Leftovers\n|upkeep\n|turn|10\n|\n|t:|1700651182\n|move|p2a: ...|Bulk Up|p2a: ...\n|-boost|p2a: ...|atk|1\n|-boost|p2a: ...|def|1\n|move|p1a: Alomomola|Scald|p2a: ...\n|-damage|p2a: ...|65\/100\n|\n|-weather|Snow|[upkeep]\n|-heal|p2a: ...|72\/100|[from] item: Leftovers\n|upkeep\n|turn|11\n|\n|t:|1700651191\n|move|p2a: ...|Bulk Up|p2a: ...\n|-boost|p2a: ...|atk|1\n|-boost|p2a: ...|def|1\n|move|p1a: Alomomola|Scald|p2a: ...\n|-damage|p2a: ...|63\/100\n|\n|-weather|Snow|[upkeep]\n|-heal|p2a: ...|69\/100|[from] item: Leftovers\n|upkeep\n|turn|12\n|\n|t:|1700651196\n|-terastallize|p2a: ...|Dark\n|move|p2a: ...|Power Trip|p1a: Alomomola\n|-damage|p1a: Alomomola|0 fnt\n|faint|p1a: Alomomola\n|\n|-weather|none\n|-heal|p2a: ...|75\/100|[from] item: Leftovers\n|upkeep\n|\n|t:|1700651209\n|switch|p1a: Kingambit|Kingambit, F|100\/100\n|-activate|p1a: Kingambit|ability: Supreme Overlord\n|-start|p1a: Kingambit|fallen1|[silent]\n|turn|13\n|\n|t:|1700651213\n|move|p2a: ...|Power Trip|p1a: Kingambit\n|-resisted|p1a: Kingambit\n|-damage|p1a: Kingambit|7\/100\n|move|p1a: Kingambit|Iron Head|p2a: ...\n|-damage|p2a: ...|60\/100\n|\n|-heal|p2a: ...|66\/100|[from] item: Leftovers\n|-heal|p1a: Kingambit|13\/100|[from] item: Leftovers\n|upkeep\n|turn|14\n|c|\u2606PokeJaime03|you are so good\n|\n|t:|1700651228\n|move|p2a: ...|Power Trip|p1a: Kingambit\n|-resisted|p1a: Kingambit\n|-damage|p1a: Kingambit|0 fnt\n|faint|p1a: Kingambit\n|-end|p1a: Kingambit|fallen1|[silent]\n|\n|-heal|p2a: ...|72\/100|[from] item: Leftovers\n|upkeep\n|c|\u2606FantaShadowRYT|u let it happen\n|\n|t:|1700651231\n|switch|p1a: Great Tusk|Great Tusk, tera:Dragon|85\/100\n|turn|15\n|\n|t:|1700651234\n|move|p2a: ...|Power Trip|p1a: Great Tusk\n|-damage|p1a: Great Tusk|0 fnt\n|-damage|p2a: ...|56\/100|[from] item: Rocky Helmet|[of] p1a: Great Tusk\n|faint|p1a: Great Tusk\n|-end|p1a: Great Tusk|Protosynthesis|[silent]\n|\n|-heal|p2a: ...|62\/100|[from] item: Leftovers\n|upkeep\n|\n|t:|1700651236\n|switch|p1a: Thundurus|Thundurus-Therian, M|100\/100\n|turn|16\n|\n|t:|1700651239\n|move|p2a: ...|Power Trip|p1a: Thundurus\n|-damage|p1a: Thundurus|0 fnt\n|faint|p1a: Thundurus\n|\n|-heal|p2a: ...|68\/100|[from] item: Leftovers\n|upkeep\n|\n|t:|1700651241\n|switch|p1a: Cinderace|Cinderace, F|100\/100\n|turn|17\n|\n|t:|1700651244\n|move|p2a: ...|Power Trip|p1a: Cinderace\n|-damage|p1a: Cinderace|0 fnt\n|faint|p1a: Cinderace\n|\n|-heal|p2a: ...|75\/100|[from] item: Leftovers\n|upkeep\n|\n|t:|1700651246\n|switch|p1a: Slowking|Slowking-Galar, F|100\/100\n|turn|18\n|\n|t:|1700651250\n|move|p2a: ...|Power Trip|p1a: Slowking\n|-supereffective|p1a: Slowking\n|-damage|p1a: Slowking|0 fnt\n|faint|p1a: Slowking\n|\n|win|FantaShadowRYT\n|raw|PokeJaime03's rating: 1193 &rarr; <strong>1165<\/strong><br \/>(-28 for losing)\n|raw|FantaShadowRYT's rating: 1150 &rarr; <strong>1178<\/strong><br \/>(+28 for winning)\n|l|\u2606PokeJaime03\n","uploadtime":1700651262,"views":0,"p1id":"pokejaime03","p2id":"fantashadowryt","formatid":"gen9ou","rating":1165,"private":0,"password":""}