{"id":"gen9ou-1995600682","p1":"jburgzzz","p2":"alt no. 599","format":"[Gen 9] OU","log":"|j|\u2606jburgzzz\n|j|\u2606alt no. 599\n|t:|1700586433\n|gametype|singles\n|player|p1|jburgzzz|2|1528\n|player|p2|alt no. 599|acetrainersnowf|1651\n|teamsize|p1|6\n|teamsize|p2|6\n|gen|9\n|tier|[Gen 9] OU\n|rated|\n|rule|Sleep Clause Mod: Limit one foe put to sleep\n|rule|Species Clause: Limit one of each Pok\u00e9mon\n|rule|OHKO Clause: OHKO moves are banned\n|rule|Evasion Items Clause: Evasion items are banned\n|rule|Evasion Moves Clause: Evasion moves are banned\n|rule|Endless Battle Clause: Forcing endless battles is banned\n|rule|HP Percentage Mod: HP is shown in percentages\n|clearpoke\n|poke|p1|Vikavolt, M|\n|poke|p1|Enamorus, F|\n|poke|p1|Great Tusk|\n|poke|p1|Gholdengo|\n|poke|p1|Kommo-o, F|\n|poke|p1|Iron Moth|\n|poke|p2|Tornadus-Therian, M|\n|poke|p2|Slowking-Galar, M|\n|poke|p2|Great Tusk|\n|poke|p2|Cinderace, F|\n|poke|p2|Ogerpon-Wellspring, F|\n|poke|p2|Gholdengo|\n|teampreview\n|\n|t:|1700586448\n|start\n|switch|p1a: Vicodi\u00f1o|Vikavolt, M|100\/100\n|switch|p2a: Slowking|Slowking-Galar, M|100\/100\n|turn|1\n|\n|t:|1700586474\n|move|p1a: Vicodi\u00f1o|Sticky Web|p2a: Slowking\n|-sidestart|p2: alt no. 599|move: Sticky Web\n|move|p2a: Slowking|Future Sight|p1a: Vicodi\u00f1o\n|-start|p2a: Slowking|move: Future Sight\n|\n|upkeep\n|turn|2\n|\n|t:|1700586484\n|switch|p1a: Pink Flyday|Enamorus, F, shiny|100\/100\n|move|p2a: Slowking|Chilly Reception|p2a: Slowking\n|-weather|Snow\n|\n|t:|1700586488\n|switch|p2a: Tornadus|Tornadus-Therian, M|100\/100|[from] Chilly Reception\n|\n|-weather|Snow|[upkeep]\n|upkeep\n|turn|3\n|\n|t:|1700586493\n|switch|p1a: Vicodi\u00f1o|Vikavolt, M|100\/100\n|move|p2a: Tornadus|Bleakwind Storm|p1a: Vicodi\u00f1o\n|-damage|p1a: Vicodi\u00f1o|59\/100\n|\n|-weather|Snow|[upkeep]\n|-end|p1a: Vicodi\u00f1o|move: Future Sight\n|-damage|p1a: Vicodi\u00f1o|6\/100\n|upkeep\n|turn|4\n|\n|t:|1700586500\n|move|p2a: Tornadus|Knock Off|p1a: Vicodi\u00f1o\n|-damage|p1a: Vicodi\u00f1o|0 fnt\n|-enditem|p1a: Vicodi\u00f1o|Heavy-Duty Boots|[from] move: Knock Off|[of] p2a: Tornadus\n|faint|p1a: Vicodi\u00f1o\n|\n|-weather|Snow|[upkeep]\n|upkeep\n|\n|t:|1700586511\n|switch|p1a: Dentist G-Ram|Great Tusk|100\/100\n|-enditem|p1a: Dentist G-Ram|Booster Energy\n|-activate|p1a: Dentist G-Ram|ability: Protosynthesis|[fromitem]\n|-start|p1a: Dentist G-Ram|protosynthesisatk\n|turn|5\n|\n|t:|1700586519\n|move|p2a: Tornadus|Bleakwind Storm|p1a: Dentist G-Ram\n|-supereffective|p1a: Dentist G-Ram\n|-damage|p1a: Dentist G-Ram|0 fnt\n|faint|p1a: Dentist G-Ram\n|-end|p1a: Dentist G-Ram|Protosynthesis|[silent]\n|\n|-weather|Snow|[upkeep]\n|upkeep\n|\n|t:|1700586524\n|switch|p1a: Both Baby|Iron Moth|100\/100\n|-enditem|p1a: Both Baby|Booster Energy\n|-activate|p1a: Both Baby|ability: Quark Drive|[fromitem]\n|-start|p1a: Both Baby|quarkdrivespe\n|turn|6\n|\n|t:|1700586534\n|move|p1a: Both Baby|Fiery Dance|p2a: Tornadus\n|-damage|p2a: Tornadus|75\/100\n|move|p2a: Tornadus|Bleakwind Storm|p1a: Both Baby\n|-damage|p1a: Both Baby|60\/100\n|\n|-weather|none\n|upkeep\n|turn|7\n|\n|t:|1700586540\n|move|p1a: Both Baby|Sludge Wave|p2a: Tornadus\n|-damage|p2a: Tornadus|46\/100\n|-status|p2a: Tornadus|psn\n|move|p2a: Tornadus|Bleakwind Storm|p1a: Both Baby\n|-damage|p1a: Both Baby|22\/100\n|\n|-damage|p2a: Tornadus|33\/100 psn|[from] psn\n|upkeep\n|turn|8\n|\n|t:|1700586549\n|move|p1a: Both Baby|Sludge Wave|p2a: Tornadus\n|-damage|p2a: Tornadus|3\/100 psn\n|move|p2a: Tornadus|U-turn|p1a: Both Baby\n|-resisted|p1a: Both Baby\n|-damage|p1a: Both Baby|16\/100\n|\n|t:|1700586564\n|switch|p2a: Cinderace|Cinderace, F|100\/100|[from] U-turn\n|\n|upkeep\n|turn|9\n|\n|t:|1700586576\n|move|p1a: Both Baby|Fiery Dance|p2a: Cinderace\n|-resisted|p2a: Cinderace\n|-damage|p2a: Cinderace|71\/100\n|move|p2a: Cinderace|Court Change|p2a: Cinderace\n|-start|p2a: Cinderace|typechange|Normal|[from] ability: Libero\n|-swapsideconditions\n|-activate|p2a: Cinderace|move: Court Change\n|\n|upkeep\n|turn|10\n|\n|t:|1700586582\n|move|p2a: Cinderace|Sucker Punch|p1a: Both Baby\n|-damage|p1a: Both Baby|0 fnt\n|faint|p1a: Both Baby\n|-end|p1a: Both Baby|Quark Drive|[silent]\n|\n|upkeep\n|\n|t:|1700586593\n|switch|p1a: Pink Flyday|Enamorus, F, shiny|100\/100\n|turn|11\n|\n|t:|1700586596\n|move|p2a: Cinderace|U-turn|p1a: Pink Flyday\n|-resisted|p1a: Pink Flyday\n|-damage|p1a: Pink Flyday|92\/100\n|\n|t:|1700586599\n|switch|p2a: Slowking|Slowking-Galar, M|100\/100|[from] U-turn\n|move|p1a: Pink Flyday|Earth Power|p2a: Slowking\n|-supereffective|p2a: Slowking\n|-damage|p2a: Slowking|34\/100\n|-damage|p1a: Pink Flyday|82\/100|[from] item: Life Orb\n|\n|upkeep\n|turn|12\n|\n|t:|1700586622\n|move|p1a: Pink Flyday|Moonblast|p2a: Slowking\n|-resisted|p2a: Slowking\n|-damage|p2a: Slowking|9\/100\n|-damage|p1a: Pink Flyday|72\/100|[from] item: Life Orb\n|move|p2a: Slowking|Chilly Reception|p2a: Slowking\n|-weather|Snow\n|\n|t:|1700586627\n|switch|p2a: Ogerpon|Ogerpon-Wellspring, F|100\/100|[from] Chilly Reception\n|\n|-weather|Snow|[upkeep]\n|upkeep\n|turn|13\n|\n|t:|1700586631\n|move|p2a: Ogerpon|Ivy Cudgel|p1a: Pink Flyday|[anim] Ivy Cudgel Water\n|-damage|p1a: Pink Flyday|0 fnt\n|faint|p1a: Pink Flyday\n|\n|-weather|Snow|[upkeep]\n|upkeep\n|\n|t:|1700586635\n|switch|p1a: Tony Komo|Kommo-o, F|100\/100\n|-activate|p1a: Tony Komo|move: Sticky Web\n|-unboost|p1a: Tony Komo|spe|1\n|turn|14\n|\n|t:|1700586640\n|move|p2a: Ogerpon|Ivy Cudgel|p1a: Tony Komo|[anim] Ivy Cudgel Water\n|-resisted|p1a: Tony Komo\n|-damage|p1a: Tony Komo|71\/100\n|move|p1a: Tony Komo|Clangorous Soul|p1a: Tony Komo\n|-boost|p1a: Tony Komo|atk|1\n|-boost|p1a: Tony Komo|def|1\n|-boost|p1a: Tony Komo|spa|1\n|-boost|p1a: Tony Komo|spd|1\n|-boost|p1a: Tony Komo|spe|1\n|-damage|p1a: Tony Komo|38\/100\n|\n|-weather|Snow|[upkeep]\n|-heal|p1a: Tony Komo|44\/100|[from] item: Leftovers\n|upkeep\n|turn|15\n|\n|t:|1700586644\n|move|p2a: Ogerpon|Encore|p1a: Tony Komo\n|-start|p1a: Tony Komo|Encore\n|move|p1a: Tony Komo|Clangorous Soul|p1a: Tony Komo\n|-boost|p1a: Tony Komo|atk|1\n|-boost|p1a: Tony Komo|def|1\n|-boost|p1a: Tony Komo|spa|1\n|-boost|p1a: Tony Komo|spd|1\n|-boost|p1a: Tony Komo|spe|1\n|-damage|p1a: Tony Komo|11\/100\n|\n|-weather|Snow|[upkeep]\n|-heal|p1a: Tony Komo|17\/100|[from] item: Leftovers\n|upkeep\n|turn|16\n|-message|jburgzzz forfeited.\n|\n|win|alt no. 599\n|raw|jburgzzz's rating: 1528 &rarr; <strong>1515<\/strong><br \/>(-13 for losing)\n|raw|alt no. 599's rating: 1651 &rarr; <strong>1664<\/strong><br \/>(+13 for winning)\n|l|\u2606jburgzzz\n","uploadtime":1700586654,"views":2,"p1id":"jburgzzz","p2id":"altno599","formatid":"gen9ou","rating":1515,"private":0,"password":""}