{"id":"gen9ou-1994142650","p1":"malk tyme","p2":"nthflr","format":"[Gen 9] OU","log":"|j|\u2606malk tyme\n|j|\u2606nthflr\n|t:|1700411876\n|gametype|singles\n|player|p1|malk tyme|169|1506\n|player|p2|nthflr|carmine|1588\n|teamsize|p1|6\n|teamsize|p2|6\n|gen|9\n|tier|[Gen 9] OU\n|rated|\n|rule|Sleep Clause Mod: Limit one foe put to sleep\n|rule|Species Clause: Limit one of each Pok\u00e9mon\n|rule|OHKO Clause: OHKO moves are banned\n|rule|Evasion Items Clause: Evasion items are banned\n|rule|Evasion Moves Clause: Evasion moves are banned\n|rule|Endless Battle Clause: Forcing endless battles is banned\n|rule|HP Percentage Mod: HP is shown in percentages\n|clearpoke\n|poke|p1|Grimmsnarl, M|\n|poke|p1|Mew|\n|poke|p1|Corviknight, F|\n|poke|p1|Cinderace, M|\n|poke|p1|Skeledirge, F|\n|poke|p1|Garchomp, F|\n|poke|p2|Rillaboom, F|\n|poke|p2|Sneasler, F|\n|poke|p2|Zamazenta-*|\n|poke|p2|Manaphy|\n|poke|p2|Heatran, M|\n|poke|p2|Hatterene, F|\n|teampreview\n|inactive|Battle timer is ON: inactive players will automatically lose when time's up. (requested by nthflr)\n|\n|t:|1700411892\n|start\n|switch|p1a: Skeledirge|Skeledirge, F|100\/100\n|switch|p2a: Hatterene|Hatterene, F|100\/100\n|turn|1\n|\n|t:|1700411903\n|move|p1a: Skeledirge|Torch Song|p2a: Hatterene\n|-damage|p2a: Hatterene|70\/100\n|-boost|p1a: Skeledirge|spa|1\n|move|p2a: Hatterene|Nuzzle|p1a: Skeledirge\n|-damage|p1a: Skeledirge|98\/100\n|-status|p1a: Skeledirge|par\n|\n|upkeep\n|turn|2\n|\n|t:|1700411918\n|switch|p2a: Heatran|Heatran, M|100\/100\n|move|p1a: Skeledirge|Torch Song|p2a: Heatran\n|-start|p2a: Heatran|ability: Flash Fire\n|\n|upkeep\n|turn|3\n|\n|t:|1700411925\n|move|p2a: Heatran|Earth Power|p1a: Skeledirge\n|-supereffective|p1a: Skeledirge\n|-damage|p1a: Skeledirge|43\/100 par\n|move|p1a: Skeledirge|Earth Power|p2a: Heatran\n|-supereffective|p2a: Heatran\n|-damage|p2a: Heatran|19\/100\n|\n|-heal|p2a: Heatran|26\/100|[from] item: Leftovers\n|upkeep\n|turn|4\n|\n|t:|1700411937\n|switch|p1a: Grimmsnarl|Grimmsnarl, M|100\/100\n|move|p2a: Heatran|Earth Power|p1a: Grimmsnarl\n|-damage|p1a: Grimmsnarl|79\/100\n|\n|-heal|p2a: Heatran|32\/100|[from] item: Leftovers\n|upkeep\n|turn|5\n|\n|t:|1700411942\n|move|p1a: Grimmsnarl|Thunder Wave|p2a: Heatran\n|-status|p2a: Heatran|par\n|move|p2a: Heatran|Magma Storm|p1a: Grimmsnarl\n|-damage|p1a: Grimmsnarl|33\/100\n|-activate|p1a: Grimmsnarl|move: Magma Storm|[of] p2a: Heatran\n|\n|-heal|p2a: Heatran|38\/100 par|[from] item: Leftovers\n|-damage|p1a: Grimmsnarl|21\/100|[from] move: Magma Storm|[partiallytrapped]\n|upkeep\n|turn|6\n|\n|t:|1700411951\n|move|p1a: Grimmsnarl|Light Screen|p1a: Grimmsnarl\n|-sidestart|p1: malk tyme|move: Light Screen\n|move|p2a: Heatran|Earth Power|p1a: Grimmsnarl\n|-damage|p1a: Grimmsnarl|12\/100\n|\n|-heal|p2a: Heatran|44\/100 par|[from] item: Leftovers\n|-damage|p1a: Grimmsnarl|0 fnt|[from] move: Magma Storm|[partiallytrapped]\n|faint|p1a: Grimmsnarl\n|upkeep\n|\n|t:|1700411971\n|switch|p1a: Mew|Mew|100\/100\n|turn|7\n|\n|t:|1700411979\n|move|p1a: Mew|Iron Defense|p1a: Mew\n|-boost|p1a: Mew|def|2\n|move|p2a: Heatran|Taunt|p1a: Mew\n|-start|p1a: Mew|move: Taunt\n|-enditem|p1a: Mew|Mental Herb\n|-end|p1a: Mew|move: Taunt\n|\n|-heal|p2a: Heatran|51\/100 par|[from] item: Leftovers\n|upkeep\n|turn|8\n|\n|t:|1700411984\n|move|p1a: Mew|Calm Mind|p1a: Mew\n|-boost|p1a: Mew|spa|1\n|-boost|p1a: Mew|spd|1\n|move|p2a: Heatran|Taunt|p1a: Mew\n|-start|p1a: Mew|move: Taunt\n|\n|-heal|p2a: Heatran|57\/100 par|[from] item: Leftovers\n|upkeep\n|turn|9\n|\n|t:|1700411988\n|move|p1a: Mew|Stored Power|p2a: Heatran\n|-resisted|p2a: Heatran\n|-damage|p2a: Heatran|41\/100 par\n|move|p2a: Heatran|Will-O-Wisp||[still]\n|-status|p1a: Mew|brn\n|-activate|p1a: Mew|ability: Synchronize\n|-fail|p1a: Mew\n|\n|-heal|p2a: Heatran|47\/100 par|[from] item: Leftovers\n|-damage|p1a: Mew|94\/100 brn|[from] brn\n|upkeep\n|turn|10\n|\n|t:|1700411993\n|move|p1a: Mew|Stored Power|p2a: Heatran\n|-resisted|p2a: Heatran\n|-crit|p2a: Heatran\n|-damage|p2a: Heatran|22\/100 par\n|move|p2a: Heatran|Magma Storm|p1a: Mew\n|-damage|p1a: Mew|79\/100 brn\n|-activate|p1a: Mew|move: Magma Storm|[of] p2a: Heatran\n|\n|-heal|p2a: Heatran|28\/100 par|[from] item: Leftovers\n|-damage|p1a: Mew|73\/100 brn|[from] brn\n|-damage|p1a: Mew|61\/100 brn|[from] move: Magma Storm|[partiallytrapped]\n|upkeep\n|turn|11\n|\n|t:|1700411997\n|move|p1a: Mew|Stored Power|p2a: Heatran\n|-resisted|p2a: Heatran\n|-damage|p2a: Heatran|12\/100 par\n|move|p2a: Heatran|Magma Storm|p1a: Mew\n|-damage|p1a: Mew|46\/100 brn\n|\n|-heal|p2a: Heatran|18\/100 par|[from] item: Leftovers\n|-damage|p1a: Mew|39\/100 brn|[from] brn\n|-damage|p1a: Mew|27\/100 brn|[from] move: Magma Storm|[partiallytrapped]\n|-end|p1a: Mew|move: Taunt\n|upkeep\n|turn|12\n|\n|t:|1700412000\n|move|p1a: Mew|Stored Power|p2a: Heatran\n|-resisted|p2a: Heatran\n|-damage|p2a: Heatran|2\/100 par\n|move|p2a: Heatran|Magma Storm|p1a: Mew\n|-damage|p1a: Mew|10\/100 brn\n|\n|-heal|p2a: Heatran|8\/100 par|[from] item: Leftovers\n|-damage|p1a: Mew|4\/100 brn|[from] brn\n|-damage|p1a: Mew|0 fnt|[from] move: Magma Storm|[partiallytrapped]\n|faint|p1a: Mew\n|upkeep\n|\n|t:|1700412004\n|switch|p1a: Garchomp|Garchomp, F|100\/100\n|turn|13\n|\n|t:|1700412007\n|move|p1a: Garchomp|Swords Dance|p1a: Garchomp\n|-boost|p1a: Garchomp|atk|2\n|move|p2a: Heatran|Will-O-Wisp|p1a: Garchomp\n|-status|p1a: Garchomp|brn\n|\n|-heal|p2a: Heatran|15\/100 par|[from] item: Leftovers\n|-damage|p1a: Garchomp|94\/100 brn|[from] brn\n|-sideend|p1: malk tyme|move: Light Screen\n|upkeep\n|turn|14\n|\n|t:|1700412011\n|move|p1a: Garchomp|Earthquake|p2a: Heatran\n|-supereffective|p2a: Heatran\n|-damage|p2a: Heatran|0 fnt\n|faint|p2a: Heatran\n|\n|-damage|p1a: Garchomp|88\/100 brn|[from] brn\n|upkeep\n|\n|t:|1700412016\n|switch|p2a: Manaphy|Manaphy|100\/100\n|turn|15\n|-message|malk tyme forfeited.\n|\n|win|nthflr\n|raw|malk tyme's rating: 1506 &rarr; <strong>1491<\/strong><br \/>(-15 for losing)\n|raw|nthflr's rating: 1588 &rarr; <strong>1603<\/strong><br \/>(+15 for winning)\n|l|\u2606malk tyme\n|c|\u2606nthflr|???\n","uploadtime":1700412029,"views":40,"p1id":"malktyme","p2id":"nthflr","formatid":"gen9ou","rating":1491,"private":0,"password":""}