{"id":"gen9ou-1988984272","p1":"RosasSillyBillies","p2":"BloightWithO","format":"[Gen 9] OU","log":"|j|\u2606RosasSillyBillies\n|j|\u2606BloightWithO\n|t:|1699798365\n|gametype|singles\n|player|p1|RosasSillyBillies|battlegirl-gen4|1223\n|player|p2|BloightWithO|elesa|1155\n|teamsize|p1|6\n|teamsize|p2|6\n|gen|9\n|tier|[Gen 9] OU\n|rated|\n|rule|Sleep Clause Mod: Limit one foe put to sleep\n|rule|Species Clause: Limit one of each Pok\u00e9mon\n|rule|OHKO Clause: OHKO moves are banned\n|rule|Evasion Items Clause: Evasion items are banned\n|rule|Evasion Moves Clause: Evasion moves are banned\n|rule|Endless Battle Clause: Forcing endless battles is banned\n|rule|HP Percentage Mod: HP is shown in percentages\n|clearpoke\n|poke|p1|Dondozo, M|\n|poke|p1|Great Tusk|\n|poke|p1|Clefable, F|\n|poke|p1|Ribombee, M|\n|poke|p1|Sneasler, M|\n|poke|p1|Ogerpon-Wellspring, F|\n|poke|p2|Manaphy|\n|poke|p2|Kingambit, F|\n|poke|p2|Ribombee, F|\n|poke|p2|Gholdengo|\n|poke|p2|Iron Moth|\n|poke|p2|Ogerpon-Wellspring, F|\n|teampreview\n|inactive|Battle timer is ON: inactive players will automatically lose when time's up. (requested by BloightWithO)\n|c|\u2606RosasSillyBillies|Glhf!\n|\n|t:|1699798374\n|start\n|switch|p1a: Ribombee|Ribombee, M|100\/100\n|switch|p2a: So Ribomback|Ribombee, F, shiny|100\/100\n|turn|1\n|c|\u2606BloightWithO|U too\n|\n|t:|1699798385\n|move|p2a: So Ribomback|Stun Spore|p1a: Ribombee\n|-status|p1a: Ribombee|par\n|move|p1a: Ribombee|Sticky Web|p2a: So Ribomback\n|-sidestart|p2: BloightWithO|move: Sticky Web\n|\n|upkeep\n|turn|2\n|\n|t:|1699798392\n|move|p2a: So Ribomback|Sticky Web|p1a: Ribombee\n|-sidestart|p1: RosasSillyBillies|move: Sticky Web\n|move|p1a: Ribombee|Stun Spore|p2a: So Ribomback|[miss]\n|-miss|p1a: Ribombee|p2a: So Ribomback\n|\n|upkeep\n|turn|3\n|\n|t:|1699798402\n|move|p2a: So Ribomback|Moonblast|p1a: Ribombee\n|-damage|p1a: Ribombee|29\/100 par\n|cant|p1a: Ribombee|par\n|\n|upkeep\n|turn|4\n|\n|t:|1699798406\n|move|p2a: So Ribomback|Moonblast|p1a: Ribombee\n|-damage|p1a: Ribombee|0 fnt\n|faint|p1a: Ribombee\n|\n|upkeep\n|\n|t:|1699798415\n|switch|p1a: Dondozo|Dondozo, M|100\/100\n|-activate|p1a: Dondozo|move: Sticky Web\n|-unboost|p1a: Dondozo|spe|1\n|turn|5\n|\n|t:|1699798427\n|move|p2a: So Ribomback|Stun Spore|p1a: Dondozo\n|-status|p1a: Dondozo|par\n|cant|p1a: Dondozo|par\n|\n|upkeep\n|turn|6\n|\n|t:|1699798432\n|move|p2a: So Ribomback|Moonblast|p1a: Dondozo\n|-damage|p1a: Dondozo|60\/100 par\n|-unboost|p1a: Dondozo|spa|1\n|move|p1a: Dondozo|Avalanche|p2a: So Ribomback\n|-enditem|p2a: So Ribomback|Focus Sash\n|-damage|p2a: So Ribomback|1\/100\n|\n|upkeep\n|turn|7\n|\n|t:|1699798440\n|move|p2a: So Ribomback|Moonblast|p1a: Dondozo\n|-damage|p1a: Dondozo|17\/100 par\n|-unboost|p1a: Dondozo|spa|1\n|cant|p1a: Dondozo|par\n|\n|upkeep\n|turn|8\n|\n|t:|1699798446\n|move|p2a: So Ribomback|Moonblast|p1a: Dondozo\n|-damage|p1a: Dondozo|0 fnt\n|faint|p1a: Dondozo\n|\n|upkeep\n|c|\u2606RosasSillyBillies|These para\u00eet dude\n|c|\u2606RosasSillyBillies|para(\n|c|\u2606RosasSillyBillies|para*\n|\n|t:|1699798456\n|switch|p1a: Sneasler|Sneasler, M|100\/100\n|-activate|p1a: Sneasler|move: Sticky Web\n|-unboost|p1a: Sneasler|spe|1\n|turn|9\n|c|\u2606BloightWithO|\"Unfortunate\" doesn\u2019t begin to describe my seires\n|c|\u2606RosasSillyBillies|I need that bee GONE\n|\n|t:|1699798470\n|move|p1a: Sneasler|Fake Out|p2a: So Ribomback\n|-damage|p2a: So Ribomback|0 fnt\n|faint|p2a: So Ribomback\n|\n|upkeep\n|\n|t:|1699798479\n|switch|p2a: Arceus-\u1e62teel|Iron Moth|100\/100\n|-activate|p2a: Arceus-\u1e62teel|move: Sticky Web\n|-unboost|p2a: Arceus-\u1e62teel|spe|1\n|-enditem|p2a: Arceus-\u1e62teel|Booster Energy\n|-activate|p2a: Arceus-\u1e62teel|ability: Quark Drive|[fromitem]\n|-start|p2a: Arceus-\u1e62teel|quarkdrivespa\n|turn|10\n|\n|t:|1699798486\n|move|p1a: Sneasler|U-turn|p2a: Arceus-\u1e62teel\n|-resisted|p2a: Arceus-\u1e62teel\n|-damage|p2a: Arceus-\u1e62teel|92\/100\n|c|\u2606RosasSillyBillies|LETS GO ARCEUS STEEL\n|\n|t:|1699798497\n|switch|p1a: Ogerpon|Ogerpon-Wellspring, F|100\/100|[from] U-turn\n|-activate|p1a: Ogerpon|move: Sticky Web\n|-unboost|p1a: Ogerpon|spe|1\n|move|p2a: Arceus-\u1e62teel|Substitute|p2a: Arceus-\u1e62teel\n|-start|p2a: Arceus-\u1e62teel|Substitute\n|-damage|p2a: Arceus-\u1e62teel|67\/100\n|\n|upkeep\n|turn|11\n|c|\u2606BloightWithO|(Arceus flying)\n|\n|t:|1699798514\n|-terastallize|p1a: Ogerpon|Water\n|detailschange|p1a: Ogerpon|Ogerpon-Wellspring-Tera, F, tera:Water\n|-ability|p1a: Ogerpon|Embody Aspect (Wellspring)|boost\n|-boost|p1a: Ogerpon|spd|1\n|move|p1a: Ogerpon|Ivy Cudgel|p2a: Arceus-\u1e62teel\n|-supereffective|p2a: Arceus-\u1e62teel\n|-crit|p2a: Arceus-\u1e62teel\n|-end|p2a: Arceus-\u1e62teel|Substitute\n|move|p2a: Arceus-\u1e62teel|Fiery Dance|p1a: Ogerpon\n|-resisted|p1a: Ogerpon\n|-damage|p1a: Ogerpon|82\/100\n|\n|upkeep\n|turn|12\n|\n|t:|1699798524\n|-terastallize|p2a: Arceus-\u1e62teel|Fairy\n|move|p1a: Ogerpon|Ivy Cudgel|p2a: Arceus-\u1e62teel\n|-damage|p2a: Arceus-\u1e62teel|0 fnt\n|faint|p2a: Arceus-\u1e62teel\n|-end|p2a: Arceus-\u1e62teel|Quark Drive|[silent]\n|\n|upkeep\n|c|\u2606BloightWithO|Oops\n|\n|t:|1699798534\n|switch|p2a: Mommy|Ogerpon-Wellspring, F|100\/100\n|-activate|p2a: Mommy|move: Sticky Web\n|-unboost|p2a: Mommy|spe|1\n|turn|13\n|c|\u2606RosasSillyBillies|The bestie comp image ever\n|\n|t:|1699798538\n|move|p2a: Mommy|Encore|p1a: Ogerpon\n|-start|p1a: Ogerpon|Encore\n|move|p1a: Ogerpon|Ivy Cudgel|p2a: Mommy\n|-immune|p2a: Mommy|[from] ability: Water Absorb\n|\n|upkeep\n|turn|14\n|\n|t:|1699798543\n|switch|p1a: Sneasler|Sneasler, M|100\/100\n|-activate|p1a: Sneasler|move: Sticky Web\n|-unboost|p1a: Sneasler|spe|1\n|move|p2a: Mommy|Swords Dance|p2a: Mommy\n|-boost|p2a: Mommy|atk|2\n|\n|upkeep\n|turn|15\n|c|\u2606BloightWithO|Fuck it we ball\n|c|\u2606RosasSillyBillies|Nah not the ogerpon \"mommy\" \ud83d\udc80\ud83d\udc80\ud83d\udc80\n|\n|t:|1699798557\n|move|p1a: Sneasler|Fake Out|p2a: Mommy\n|-damage|p2a: Mommy|82\/100\n|cant|p2a: Mommy|flinch\n|\n|upkeep\n|turn|16\n|\n|t:|1699798560\n|move|p1a: Sneasler|Dire Claw|p2a: Mommy\n|-supereffective|p2a: Mommy\n|-damage|p2a: Mommy|0 fnt\n|faint|p2a: Mommy\n|\n|upkeep\n|c|\u2606BloightWithO|We didn\u2019t ball\n|c|\u2606BloightWithO|Its so over\n|\n|t:|1699798575\n|switch|p2a: It's Gholdover|Gholdengo|100\/100\n|-item|p2a: It's Gholdover|Air Balloon\n|turn|17\n|\n|t:|1699798579\n|move|p2a: It's Gholdover|Psyshock|p1a: Sneasler\n|-supereffective|p1a: Sneasler\n|-damage|p1a: Sneasler|0 fnt\n|faint|p1a: Sneasler\n|\n|upkeep\n|\n|t:|1699798585\n|switch|p1a: Clefable|Clefable, F|100\/100\n|-activate|p1a: Clefable|move: Sticky Web\n|-unboost|p1a: Clefable|spe|1\n|turn|18\n|\n|t:|1699798588\n|move|p2a: It's Gholdover|Make It Rain|p1a: Clefable\n|-supereffective|p1a: Clefable\n|-damage|p1a: Clefable|0 fnt\n|-unboost|p2a: It's Gholdover|spa|1\n|faint|p1a: Clefable\n|\n|upkeep\n|\n|t:|1699798591\n|switch|p1a: Great Tusk|Great Tusk|100\/100\n|-activate|p1a: Great Tusk|move: Sticky Web\n|-unboost|p1a: Great Tusk|spe|1\n|-enditem|p1a: Great Tusk|Booster Energy\n|-activate|p1a: Great Tusk|ability: Protosynthesis|[fromitem]\n|-start|p1a: Great Tusk|protosynthesisatk\n|turn|19\n|\n|t:|1699798598\n|move|p2a: It's Gholdover|Nasty Plot|p2a: It's Gholdover\n|-boost|p2a: It's Gholdover|spa|2\n|move|p1a: Great Tusk|Ice Spinner|p2a: It's Gholdover\n|-resisted|p2a: It's Gholdover\n|-damage|p2a: It's Gholdover|85\/100\n|-enditem|p2a: It's Gholdover|Air Balloon\n|\n|upkeep\n|turn|20\n|\n|t:|1699798603\n|move|p2a: It's Gholdover|Psyshock|p1a: Great Tusk\n|-supereffective|p1a: Great Tusk\n|-damage|p1a: Great Tusk|43\/100\n|move|p1a: Great Tusk|Headlong Rush|p2a: It's Gholdover\n|-supereffective|p2a: It's Gholdover\n|-damage|p2a: It's Gholdover|0 fnt\n|-unboost|p1a: Great Tusk|def|1\n|-unboost|p1a: Great Tusk|spd|1\n|faint|p2a: It's Gholdover\n|\n|upkeep\n|\n|t:|1699798609\n|switch|p2a: Glowie|Manaphy|100\/100\n|-activate|p2a: Glowie|move: Sticky Web\n|-unboost|p2a: Glowie|spe|1\n|turn|21\n|c|\u2606RosasSillyBillies|I have got to kill myself for killing two mons like that\n|c|\u2606RosasSillyBillies|Didnt ball\n|c|\u2606RosasSillyBillies|AT ALL\n|\n|t:|1699798625\n|-end|p1a: Great Tusk|Protosynthesis|[silent]\n|switch|p1a: Ogerpon|Ogerpon-Wellspring-Tera, F, tera:Water|82\/100\n|-activate|p1a: Ogerpon|move: Sticky Web\n|-unboost|p1a: Ogerpon|spe|1\n|-ability|p1a: Ogerpon|Embody Aspect (Wellspring)|boost\n|-boost|p1a: Ogerpon|spd|1\n|move|p2a: Glowie|Acid Armor|p2a: Glowie\n|-boost|p2a: Glowie|def|2\n|\n|upkeep\n|turn|22\n|\n|t:|1699798639\n|move|p1a: Ogerpon|Horn Leech|p2a: Glowie\n|-supereffective|p2a: Glowie\n|-damage|p2a: Glowie|57\/100\n|-heal|p1a: Ogerpon|100\/100|[from] drain|[of] p2a: Glowie\n|move|p2a: Glowie|Take Heart|p2a: Glowie\n|-boost|p2a: Glowie|spa|1\n|-boost|p2a: Glowie|spd|1\n|\n|-heal|p2a: Glowie|63\/100|[from] item: Leftovers\n|upkeep\n|turn|23\n|c|\u2606BloightWithO|I may be dead\n|\n|t:|1699798651\n|move|p1a: Ogerpon|Horn Leech|p2a: Glowie\n|-supereffective|p2a: Glowie\n|-damage|p2a: Glowie|20\/100\n|move|p2a: Glowie|Stored Power|p1a: Ogerpon\n|-damage|p1a: Ogerpon|66\/100\n|\n|-heal|p2a: Glowie|26\/100|[from] item: Leftovers\n|upkeep\n|turn|24\n|\n|t:|1699798654\n|move|p1a: Ogerpon|Horn Leech|p2a: Glowie\n|-supereffective|p2a: Glowie\n|-damage|p2a: Glowie|0 fnt\n|-heal|p1a: Ogerpon|82\/100|[from] drain|[of] p2a: Glowie\n|faint|p2a: Glowie\n|\n|upkeep\n|c|\u2606BloightWithO|I am dead\n|c|\u2606BloightWithO|GG\n|\n|t:|1699798662\n|switch|p2a: Stand Proud|Kingambit, F|100\/100\n|-activate|p2a: Stand Proud|move: Sticky Web\n|-unboost|p2a: Stand Proud|spe|1\n|-activate|p2a: Stand Proud|ability: Supreme Overlord\n|-start|p2a: Stand Proud|fallen5|[silent]\n|turn|25\n|c|\u2606RosasSillyBillies|Nah\n|c|\u2606RosasSillyBillies|99% of kingamblers gg's before they win big\n|c|\u2606RosasSillyBillies|Be the change you wanna see\n|c|\u2606BloightWithO|Thats true\n|\n|t:|1699798687\n|move|p2a: Stand Proud|Sucker Punch|p1a: Ogerpon\n|-damage|p1a: Ogerpon|0 fnt\n|faint|p1a: Ogerpon\n|\n|upkeep\n|\n|t:|1699798689\n|switch|p1a: Great Tusk|Great Tusk|43\/100\n|-activate|p1a: Great Tusk|move: Sticky Web\n|-unboost|p1a: Great Tusk|spe|1\n|turn|26\n|c|\u2606BloightWithO|FUCK IT\n|c|\u2606BloightWithO|WE BALL\n|\n|t:|1699798705\n|move|p2a: Stand Proud|Sucker Punch||[still]\n|-fail|p2a: Stand Proud\n|move|p1a: Great Tusk|Bulk Up|p1a: Great Tusk\n|-boost|p1a: Great Tusk|atk|1\n|-boost|p1a: Great Tusk|def|1\n|\n|upkeep\n|turn|27\n|c|\u2606BloightWithO|Nvm\n|\n|t:|1699798711\n|move|p2a: Stand Proud|Sucker Punch|p1a: Great Tusk\n|-resisted|p1a: Great Tusk\n|-damage|p1a: Great Tusk|27\/100\n|move|p1a: Great Tusk|Close Combat|p2a: Stand Proud\n|-supereffective|p2a: Stand Proud\n|-damage|p2a: Stand Proud|0 fnt\n|-unboost|p1a: Great Tusk|def|1\n|-unboost|p1a: Great Tusk|spd|1\n|faint|p2a: Stand Proud\n|-end|p2a: Stand Proud|fallen5|[silent]\n|\n|win|RosasSillyBillies\n|raw|RosasSillyBillies's rating: 1223 &rarr; <strong>1243<\/strong><br \/>(+20 for winning)\n|raw|BloightWithO's rating: 1155 &rarr; <strong>1135<\/strong><br \/>(-20 for losing)\n|c|\u2606BloightWithO|Gg\n|c|\u2606RosasSillyBillies|Smh\n|c|\u2606RosasSillyBillies|Ggwp\n|c|\u2606BloightWithO|That was so hype tho\n|c|\u2606RosasSillyBillies|True\n|c|\u2606RosasSillyBillies|Asf\n|c|\u2606BloightWithO|\ud83d\udd25\n|c|\u2606RosasSillyBillies|Saving this replay\n|c|\u2606BloightWithO|Nice\n","uploadtime":1699798743,"views":16,"p1id":"rosassillybillies","p2id":"bloightwitho","formatid":"gen9ou","rating":1135,"private":0,"password":""}