{"id":"gen9ou-1997711135","p1":"OUZO LA DUPLA","p2":"24\/7guy","format":"[Gen 9] OU","log":"|j|\u2606OUZO LA DUPLA\n|j|\u260624\/7guy\n|t:|1700844463\n|gametype|singles\n|player|p1|OUZO LA DUPLA|teamrocket|1602\n|player|p2|24\/7guy|acetrainer-gen4dp|1612\n|teamsize|p1|6\n|teamsize|p2|6\n|gen|9\n|tier|[Gen 9] OU\n|rated|\n|rule|Sleep Clause Mod: Limit one foe put to sleep\n|rule|Species Clause: Limit one of each Pok\u00e9mon\n|rule|OHKO Clause: OHKO moves are banned\n|rule|Evasion Items Clause: Evasion items are banned\n|rule|Evasion Moves Clause: Evasion moves are banned\n|rule|Endless Battle Clause: Forcing endless battles is banned\n|rule|HP Percentage Mod: HP is shown in percentages\n|clearpoke\n|poke|p1|Arcanine-Hisui, F|\n|poke|p1|Corviknight, F|\n|poke|p1|Greninja-*, M|\n|poke|p1|Slowking-Galar, F|\n|poke|p1|Landorus-Therian, M|\n|poke|p1|Conkeldurr, F|\n|poke|p2|Avalugg, F|\n|poke|p2|Clodsire, M|\n|poke|p2|Cinderace, F|\n|poke|p2|Ogerpon-Wellspring, F|\n|poke|p2|Gholdengo|\n|poke|p2|Iron Valiant|\n|teampreview\n|j| gameing08\n|inactive|Battle timer is ON: inactive players will automatically lose when time's up. (requested by 24\/7guy)\n|\n|t:|1700844520\n|start\n|switch|p1a: (B)LANDITO|Landorus-Therian, M|100\/100\n|switch|p2a: Ogerpon|Ogerpon-Wellspring, F|100\/100\n|-ability|p1a: (B)LANDITO|Intimidate|boost\n|-unboost|p2a: Ogerpon|atk|1\n|turn|1\n|\n|t:|1700844526\n|switch|p1a: PALESTINA LIBRE|Corviknight, F, shiny|100\/100\n|-ability|p1a: PALESTINA LIBRE|Pressure\n|move|p2a: Ogerpon|Ivy Cudgel|p1a: PALESTINA LIBRE|[anim] Ivy Cudgel Water\n|-crit|p1a: PALESTINA LIBRE\n|-damage|p1a: PALESTINA LIBRE|46\/100\n|\n|upkeep\n|turn|2\n|\n|t:|1700844534\n|move|p2a: Ogerpon|Swords Dance|p2a: Ogerpon\n|-boost|p2a: Ogerpon|atk|2\n|move|p1a: PALESTINA LIBRE|Roost|p1a: PALESTINA LIBRE\n|-heal|p1a: PALESTINA LIBRE|96\/100\n|-singleturn|p1a: PALESTINA LIBRE|move: Roost\n|\n|upkeep\n|turn|3\n|\n|t:|1700844541\n|move|p2a: Ogerpon|Swords Dance|p2a: Ogerpon\n|-boost|p2a: Ogerpon|atk|2\n|move|p1a: PALESTINA LIBRE|U-turn|p2a: Ogerpon\n|-supereffective|p2a: Ogerpon\n|-damage|p2a: Ogerpon|62\/100\n|\n|t:|1700844546\n|switch|p1a: KABESINHO|Arcanine-Hisui, F, shiny|100\/100|[from] U-turn\n|\n|upkeep\n|turn|4\n|\n|t:|1700844550\n|move|p1a: KABESINHO|Extreme Speed|p2a: Ogerpon\n|-damage|p2a: Ogerpon|12\/100\n|move|p2a: Ogerpon|Ivy Cudgel|p1a: KABESINHO|[anim] Ivy Cudgel Water\n|-supereffective|p1a: KABESINHO\n|-damage|p1a: KABESINHO|0 fnt\n|faint|p1a: KABESINHO\n|\n|upkeep\n|\n|t:|1700844563\n|switch|p1a: ANDONI CAGANDO|Conkeldurr, F, shiny|100\/100\n|turn|5\n|\n|t:|1700844572\n|move|p1a: ANDONI CAGANDO|Mach Punch|p2a: Ogerpon\n|-damage|p2a: Ogerpon|0 fnt\n|faint|p2a: Ogerpon\n|\n|upkeep\n|\n|t:|1700844589\n|switch|p2a: Gholdengo|Gholdengo|100\/100\n|turn|6\n|\n|t:|1700844592\n|move|p2a: Gholdengo|Shadow Ball|p1a: ANDONI CAGANDO\n|-damage|p1a: ANDONI CAGANDO|69\/100\n|move|p1a: ANDONI CAGANDO|Knock Off|p2a: Gholdengo\n|-supereffective|p2a: Gholdengo\n|-damage|p2a: Gholdengo|14\/100\n|-enditem|p2a: Gholdengo|Choice Scarf|[from] move: Knock Off|[of] p1a: ANDONI CAGANDO\n|\n|upkeep\n|turn|7\n|j| dfghhhg\n|\n|t:|1700844600\n|move|p2a: Gholdengo|Make It Rain|p1a: ANDONI CAGANDO\n|-damage|p1a: ANDONI CAGANDO|20\/100\n|-unboost|p2a: Gholdengo|spa|1\n|move|p1a: ANDONI CAGANDO|Ice Punch|p2a: Gholdengo\n|-resisted|p2a: Gholdengo\n|-damage|p2a: Gholdengo|0 fnt\n|faint|p2a: Gholdengo\n|\n|upkeep\n|j| Unearth Myself\n|\n|t:|1700844609\n|switch|p2a: Cinderace|Cinderace, F|100\/100\n|turn|8\n|\n|t:|1700844613\n|switch|p1a: (B)LANDITO|Landorus-Therian, M|100\/100\n|-ability|p1a: (B)LANDITO|Intimidate|boost\n|-unboost|p2a: Cinderace|atk|1\n|move|p2a: Cinderace|Pyro Ball|p1a: (B)LANDITO\n|-damage|p1a: (B)LANDITO|68\/100\n|\n|-heal|p1a: (B)LANDITO|74\/100|[from] item: Leftovers\n|upkeep\n|turn|9\n|j| Rdes30\n|\n|t:|1700844621\n|switch|p2a: Avalugg|Avalugg, F|100\/100\n|move|p1a: (B)LANDITO|Earth Power|p2a: Avalugg\n|-damage|p2a: Avalugg|58\/100\n|-unboost|p2a: Avalugg|spd|1\n|\n|-heal|p1a: (B)LANDITO|80\/100|[from] item: Leftovers\n|-heal|p2a: Avalugg|64\/100|[from] item: Leftovers\n|upkeep\n|turn|10\n|\n|t:|1700844630\n|switch|p2a: Clodsire|Clodsire, M|100\/100\n|move|p1a: (B)LANDITO|Earth Power|p2a: Clodsire\n|-supereffective|p2a: Clodsire\n|-damage|p2a: Clodsire|57\/100\n|\n|-heal|p1a: (B)LANDITO|86\/100|[from] item: Leftovers\n|-heal|p2a: Clodsire|64\/100|[from] item: Leftovers\n|upkeep\n|turn|11\n|l| Rdes30\n|\n|t:|1700844643\n|-terastallize|p2a: Clodsire|Dark\n|move|p1a: (B)LANDITO|Earth Power|p2a: Clodsire\n|-damage|p2a: Clodsire|43\/100\n|move|p2a: Clodsire|Toxic|p1a: (B)LANDITO\n|-status|p1a: (B)LANDITO|tox\n|\n|-heal|p1a: (B)LANDITO|92\/100 tox|[from] item: Leftovers\n|-heal|p2a: Clodsire|50\/100|[from] item: Leftovers\n|-damage|p1a: (B)LANDITO|86\/100 tox|[from] psn\n|upkeep\n|turn|12\n|\n|t:|1700844653\n|move|p1a: (B)LANDITO|U-turn|p2a: Clodsire\n|-supereffective|p2a: Clodsire\n|-damage|p2a: Clodsire|4\/100\n|\n|t:|1700844657\n|switch|p1a: PALESTINA LIBRE|Corviknight, F, shiny|96\/100|[from] U-turn\n|-ability|p1a: PALESTINA LIBRE|Pressure\n|move|p2a: Clodsire|Recover|p2a: Clodsire\n|-heal|p2a: Clodsire|54\/100\n|\n|-heal|p2a: Clodsire|61\/100|[from] item: Leftovers\n|upkeep\n|turn|13\n|\n|t:|1700844668\n|switch|p2a: Iron Valiant|Iron Valiant|100\/100\n|-enditem|p2a: Iron Valiant|Booster Energy\n|-activate|p2a: Iron Valiant|ability: Quark Drive|[fromitem]\n|-start|p2a: Iron Valiant|quarkdrivespe\n|move|p1a: PALESTINA LIBRE|U-turn|p2a: Iron Valiant\n|-resisted|p2a: Iron Valiant\n|-damage|p2a: Iron Valiant|96\/100\n|\n|t:|1700844675\n|switch|p1a: KOLOKON|Slowking-Galar, F, shiny|100\/100|[from] U-turn\n|\n|upkeep\n|turn|14\n|\n|t:|1700844679\n|move|p2a: Iron Valiant|Swords Dance|p2a: Iron Valiant\n|-boost|p2a: Iron Valiant|atk|2\n|move|p1a: KOLOKON|Sludge Bomb|p2a: Iron Valiant\n|-supereffective|p2a: Iron Valiant\n|-damage|p2a: Iron Valiant|0 fnt\n|faint|p2a: Iron Valiant\n|-end|p2a: Iron Valiant|Quark Drive|[silent]\n|\n|upkeep\n|\n|t:|1700844681\n|switch|p2a: Clodsire|Clodsire, M, tera:Dark|61\/100\n|turn|15\n|\n|t:|1700844692\n|move|p2a: Clodsire|Rock Slide|p1a: KOLOKON\n|-damage|p1a: KOLOKON|86\/100\n|move|p1a: KOLOKON|Sludge Bomb|p2a: Clodsire\n|-damage|p2a: Clodsire|42\/100\n|\n|-heal|p2a: Clodsire|48\/100|[from] item: Leftovers\n|upkeep\n|turn|16\n|\n|t:|1700844700\n|move|p2a: Clodsire|Earthquake|p1a: KOLOKON\n|-supereffective|p1a: KOLOKON\n|-crit|p1a: KOLOKON\n|-damage|p1a: KOLOKON|5\/100\n|move|p1a: KOLOKON|Chilly Reception|p1a: KOLOKON\n|-weather|Snow\n|\n|t:|1700844707\n|switch|p1a: ANDONI CAGANDO|Conkeldurr, F, shiny|20\/100|[from] Chilly Reception\n|\n|-weather|Snow|[upkeep]\n|-heal|p2a: Clodsire|54\/100|[from] item: Leftovers\n|upkeep\n|turn|17\n|\n|t:|1700844712\n|switch|p2a: Cinderace|Cinderace, F|100\/100\n|move|p1a: ANDONI CAGANDO|Drain Punch|p2a: Cinderace\n|-damage|p2a: Cinderace|19\/100\n|-heal|p1a: ANDONI CAGANDO|51\/100|[from] drain|[of] p2a: Cinderace\n|\n|-weather|Snow|[upkeep]\n|upkeep\n|turn|18\n|\n|t:|1700844720\n|move|p1a: ANDONI CAGANDO|Mach Punch|p2a: Cinderace\n|-damage|p2a: Cinderace|0 fnt\n|faint|p2a: Cinderace\n|\n|-weather|Snow|[upkeep]\n|upkeep\n|j| mrbuzzing\n|\n|t:|1700844730\n|switch|p2a: Avalugg|Avalugg, F|64\/100\n|turn|19\n|\n|t:|1700844736\n|move|p1a: ANDONI CAGANDO|Drain Punch|p2a: Avalugg\n|-supereffective|p2a: Avalugg\n|-damage|p2a: Avalugg|26\/100\n|-heal|p1a: ANDONI CAGANDO|70\/100|[from] drain|[of] p2a: Avalugg\n|move|p2a: Avalugg|Body Press|p1a: ANDONI CAGANDO\n|-damage|p1a: ANDONI CAGANDO|42\/100\n|\n|-weather|Snow|[upkeep]\n|-heal|p2a: Avalugg|32\/100|[from] item: Leftovers\n|upkeep\n|turn|20\n|\n|t:|1700844745\n|move|p1a: ANDONI CAGANDO|Drain Punch|p2a: Avalugg\n|-supereffective|p2a: Avalugg\n|-damage|p2a: Avalugg|0 fnt\n|-heal|p1a: ANDONI CAGANDO|57\/100|[from] drain|[of] p2a: Avalugg\n|faint|p2a: Avalugg\n|\n|-weather|none\n|upkeep\n|-message|24\/7guy forfeited.\n|\n|win|OUZO LA DUPLA\n|raw|OUZO LA DUPLA's rating: 1602 &rarr; <strong>1623<\/strong><br \/>(+21 for winning)\n|raw|24&#x2f;7guy's rating: 1612 &rarr; <strong>1591<\/strong><br \/>(-21 for losing)\n|l|\u260624\/7guy\n|c|\u2606OUZO LA DUPLA|conk\n|l| gameing08\n|l|\u2606OUZO LA DUPLA\n|l| Unearth Myself\n|l| mrbuzzing\n","uploadtime":1700844803,"views":2,"p1id":"ouzoladupla","p2id":"247guy","formatid":"gen9ou","rating":1591,"private":0,"password":""}