{"id":"gen9ou-2000392515","p1":"Honest Opp","p2":"Sinnerofgod","format":"[Gen 9] OU","log":"|j|\u2606Honest Opp\n|j|\u2606Sinnerofgod\n|t:|1701190988\n|gametype|singles\n|player|p1|Honest Opp|shadowtriad|1399\n|player|p2|Sinnerofgod|richboy-gen4|1447\n|teamsize|p1|6\n|teamsize|p2|6\n|gen|9\n|tier|[Gen 9] OU\n|rated|\n|rule|Sleep Clause Mod: Limit one foe put to sleep\n|rule|Species Clause: Limit one of each Pok\u00e9mon\n|rule|OHKO Clause: OHKO moves are banned\n|rule|Evasion Items Clause: Evasion items are banned\n|rule|Evasion Moves Clause: Evasion moves are banned\n|rule|Endless Battle Clause: Forcing endless battles is banned\n|rule|HP Percentage Mod: HP is shown in percentages\n|clearpoke\n|poke|p1|Weavile, F|\n|poke|p1|Great Tusk|\n|poke|p1|Gholdengo|\n|poke|p1|Landorus-Therian, M|\n|poke|p1|Ogerpon-Wellspring, F|\n|poke|p1|Heatran, F|\n|poke|p2|Iron Moth|\n|poke|p2|Kingambit, M|\n|poke|p2|Zamazenta-*|\n|poke|p2|Ribombee, M|\n|poke|p2|Dragonite, M|\n|poke|p2|Ditto|\n|teampreview\n|inactive|Battle timer is ON: inactive players will automatically lose when time's up. (requested by Honest Opp)\n|\n|t:|1701191012\n|start\n|switch|p1a: Bandi|Weavile, F, shiny|100\/100\n|switch|p2a: Ribombee|Ribombee, M, shiny|100\/100\n|-ability|p1a: Bandi|Pressure\n|turn|1\n|inactive|Sinnerofgod has 120 seconds left.\n|\n|t:|1701191066\n|-terastallize|p2a: Ribombee|Steel\n|move|p1a: Bandi|Icicle Crash|p2a: Ribombee\n|-resisted|p2a: Ribombee\n|-damage|p2a: Ribombee|55\/100\n|move|p2a: Ribombee|Substitute|p2a: Ribombee\n|-start|p2a: Ribombee|Substitute\n|-damage|p2a: Ribombee|30\/100\n|\n|-heal|p2a: Ribombee|36\/100|[from] item: Leftovers\n|upkeep\n|turn|2\n|\n|t:|1701191077\n|move|p1a: Bandi|Knock Off|p2a: Ribombee\n|-end|p2a: Ribombee|Substitute\n|move|p2a: Ribombee|Quiver Dance|p2a: Ribombee\n|-boost|p2a: Ribombee|spa|1\n|-boost|p2a: Ribombee|spd|1\n|-boost|p2a: Ribombee|spe|1\n|\n|-heal|p2a: Ribombee|42\/100|[from] item: Leftovers\n|upkeep\n|turn|3\n|\n|t:|1701191091\n|switch|p1a: Mag Trap|Heatran, F, shiny|100\/100\n|move|p2a: Ribombee|Draining Kiss|p1a: Mag Trap\n|-resisted|p1a: Mag Trap\n|-damage|p1a: Mag Trap|95\/100\n|-heal|p2a: Ribombee|49\/100|[from] drain|[of] p1a: Mag Trap\n|\n|-heal|p2a: Ribombee|55\/100|[from] item: Leftovers\n|-heal|p1a: Mag Trap|100\/100|[from] item: Leftovers\n|upkeep\n|turn|4\n|\n|t:|1701191096\n|move|p2a: Ribombee|Substitute|p2a: Ribombee\n|-start|p2a: Ribombee|Substitute\n|-damage|p2a: Ribombee|30\/100\n|move|p1a: Mag Trap|Earth Power|p2a: Ribombee\n|-supereffective|p2a: Ribombee\n|-end|p2a: Ribombee|Substitute\n|\n|-heal|p2a: Ribombee|36\/100|[from] item: Leftovers\n|upkeep\n|turn|5\n|\n|t:|1701191102\n|move|p2a: Ribombee|Quiver Dance|p2a: Ribombee\n|-boost|p2a: Ribombee|spa|1\n|-boost|p2a: Ribombee|spd|1\n|-boost|p2a: Ribombee|spe|1\n|move|p1a: Mag Trap|Earth Power|p2a: Ribombee\n|-supereffective|p2a: Ribombee\n|-crit|p2a: Ribombee\n|-damage|p2a: Ribombee|0 fnt\n|faint|p2a: Ribombee\n|\n|upkeep\n|\n|t:|1701191106\n|switch|p2a: Dragonite|Dragonite, M|100\/100\n|turn|6\n|\n|t:|1701191109\n|move|p2a: Dragonite|Dragon Dance|p2a: Dragonite\n|-boost|p2a: Dragonite|atk|1\n|-boost|p2a: Dragonite|spe|1\n|move|p1a: Mag Trap|Will-O-Wisp|p2a: Dragonite\n|-status|p2a: Dragonite|brn\n|\n|-damage|p2a: Dragonite|94\/100 brn|[from] brn\n|upkeep\n|turn|7\n|\n|t:|1701191113\n|switch|p1a: Orlando|Landorus-Therian, M, shiny|100\/100\n|-ability|p1a: Orlando|Intimidate|boost\n|-unboost|p2a: Dragonite|atk|1\n|move|p2a: Dragonite|Dragon Dance|p2a: Dragonite\n|-boost|p2a: Dragonite|atk|1\n|-boost|p2a: Dragonite|spe|1\n|\n|-damage|p2a: Dragonite|88\/100 brn|[from] brn\n|upkeep\n|turn|8\n|\n|t:|1701191119\n|move|p2a: Dragonite|Dragon Dance|p2a: Dragonite\n|-boost|p2a: Dragonite|atk|1\n|-boost|p2a: Dragonite|spe|1\n|move|p1a: Orlando|Stone Edge|p2a: Dragonite\n|-supereffective|p2a: Dragonite\n|-damage|p2a: Dragonite|7\/100 brn\n|-enditem|p2a: Dragonite|Weakness Policy\n|-boost|p2a: Dragonite|atk|2|[from] item: Weakness Policy\n|-boost|p2a: Dragonite|spa|2|[from] item: Weakness Policy\n|\n|-damage|p2a: Dragonite|1\/100 brn|[from] brn\n|upkeep\n|turn|9\n|\n|t:|1701191129\n|switch|p1a: Mag Trap|Heatran, F, shiny|100\/100\n|move|p2a: Dragonite|Fire Punch|p1a: Mag Trap\n|-start|p1a: Mag Trap|ability: Flash Fire\n|\n|-damage|p2a: Dragonite|0 fnt|[from] brn\n|faint|p2a: Dragonite\n|upkeep\n|\n|t:|1701191133\n|switch|p2a: Ditto|Ditto|100\/100\n|-transform|p2a: Ditto|p1a: Mag Trap|[from] ability: Imposter\n|turn|10\n|\n|t:|1701191137\n|-terastallize|p1a: Mag Trap|Ghost\n|move|p2a: Ditto|Earth Power|p1a: Mag Trap\n|-damage|p1a: Mag Trap|82\/100\n|move|p1a: Mag Trap|Earth Power|p2a: Ditto\n|-supereffective|p2a: Ditto\n|-damage|p2a: Ditto|8\/100\n|\n|-heal|p1a: Mag Trap|88\/100|[from] item: Leftovers\n|upkeep\n|turn|11\n|\n|t:|1701191144\n|move|p2a: Ditto|Earth Power|p1a: Mag Trap\n|-damage|p1a: Mag Trap|72\/100\n|move|p1a: Mag Trap|Earth Power|p2a: Ditto\n|-supereffective|p2a: Ditto\n|-damage|p2a: Ditto|0 fnt\n|faint|p2a: Ditto\n|\n|-heal|p1a: Mag Trap|78\/100|[from] item: Leftovers\n|upkeep\n|\n|t:|1701191147\n|switch|p2a: Iron Moth|Iron Moth|100\/100\n|turn|12\n|\n|t:|1701191150\n|move|p2a: Iron Moth|Sludge Wave|p1a: Mag Trap\n|-resisted|p1a: Mag Trap\n|-damage|p1a: Mag Trap|62\/100\n|move|p1a: Mag Trap|Earth Power|p2a: Iron Moth\n|-supereffective|p2a: Iron Moth\n|-damage|p2a: Iron Moth|0 fnt\n|faint|p2a: Iron Moth\n|-end|p2a: Iron Moth|Quark Drive|[silent]\n|\n|-heal|p1a: Mag Trap|68\/100|[from] item: Leftovers\n|upkeep\n|\n|t:|1701191156\n|switch|p2a: Zamazenta|Zamazenta, shiny|100\/100\n|-ability|p2a: Zamazenta|Dauntless Shield|boost\n|-boost|p2a: Zamazenta|def|1\n|turn|13\n|\n|t:|1701191160\n|move|p2a: Zamazenta|Substitute|p2a: Zamazenta\n|-start|p2a: Zamazenta|Substitute\n|-damage|p2a: Zamazenta|76\/100\n|move|p1a: Mag Trap|Will-O-Wisp|p2a: Zamazenta|[miss]\n|-miss|p1a: Mag Trap|p2a: Zamazenta\n|\n|-heal|p2a: Zamazenta|82\/100|[from] item: Leftovers\n|-heal|p1a: Mag Trap|74\/100|[from] item: Leftovers\n|upkeep\n|turn|14\n|\n|t:|1701191163\n|move|p2a: Zamazenta|Crunch|p1a: Mag Trap\n|-supereffective|p1a: Mag Trap\n|-damage|p1a: Mag Trap|34\/100\n|move|p1a: Mag Trap|Magma Storm|p2a: Zamazenta\n|-crit|p2a: Zamazenta\n|-end|p2a: Zamazenta|Substitute\n|\n|-heal|p2a: Zamazenta|88\/100|[from] item: Leftovers\n|-heal|p1a: Mag Trap|40\/100|[from] item: Leftovers\n|upkeep\n|turn|15\n|\n|t:|1701191169\n|move|p2a: Zamazenta|Crunch|p1a: Mag Trap\n|-supereffective|p1a: Mag Trap\n|-damage|p1a: Mag Trap|6\/100\n|move|p1a: Mag Trap|Taunt|p2a: Zamazenta\n|-start|p2a: Zamazenta|move: Taunt\n|\n|-heal|p2a: Zamazenta|94\/100|[from] item: Leftovers\n|-heal|p1a: Mag Trap|13\/100|[from] item: Leftovers\n|upkeep\n|turn|16\n|\n|t:|1701191172\n|-end|p1a: Mag Trap|ability: Flash Fire|[silent]\n|switch|p1a: Orlando|Landorus-Therian, M, shiny|100\/100\n|-ability|p1a: Orlando|Intimidate|boost\n|-unboost|p2a: Zamazenta|atk|1\n|move|p2a: Zamazenta|Crunch|p1a: Orlando\n|-damage|p1a: Orlando|84\/100\n|\n|-heal|p2a: Zamazenta|100\/100|[from] item: Leftovers\n|upkeep\n|turn|17\n|\n|t:|1701191176\n|move|p1a: Orlando|Earthquake|p2a: Zamazenta\n|-damage|p2a: Zamazenta|70\/100\n|move|p2a: Zamazenta|Body Press|p1a: Orlando\n|-resisted|p1a: Orlando\n|-damage|p1a: Orlando|56\/100\n|\n|-heal|p2a: Zamazenta|76\/100|[from] item: Leftovers\n|upkeep\n|turn|18\n|\n|t:|1701191181\n|move|p1a: Orlando|Earthquake|p2a: Zamazenta\n|-damage|p2a: Zamazenta|45\/100\n|move|p2a: Zamazenta|Body Press|p1a: Orlando\n|-resisted|p1a: Orlando\n|-damage|p1a: Orlando|28\/100\n|\n|-heal|p2a: Zamazenta|52\/100|[from] item: Leftovers\n|-end|p2a: Zamazenta|move: Taunt\n|upkeep\n|turn|19\n|\n|t:|1701191183\n|move|p1a: Orlando|Earthquake|p2a: Zamazenta\n|-damage|p2a: Zamazenta|21\/100\n|move|p2a: Zamazenta|Iron Defense|p2a: Zamazenta\n|-boost|p2a: Zamazenta|def|2\n|\n|-heal|p2a: Zamazenta|27\/100|[from] item: Leftovers\n|upkeep\n|turn|20\n|\n|t:|1701191190\n|move|p1a: Orlando|Earthquake|p2a: Zamazenta\n|-damage|p2a: Zamazenta|10\/100\n|move|p2a: Zamazenta|Substitute|p2a: Zamazenta\n|-fail|p2a: Zamazenta|move: Substitute|[weak]\n|\n|-heal|p2a: Zamazenta|17\/100|[from] item: Leftovers\n|upkeep\n|turn|21\n|\n|t:|1701191192\n|move|p1a: Orlando|Earthquake|p2a: Zamazenta\n|-damage|p2a: Zamazenta|0 fnt\n|faint|p2a: Zamazenta\n|\n|upkeep\n|\n|t:|1701191195\n|switch|p2a: Kingambit|Kingambit, M|100\/100\n|-activate|p2a: Kingambit|ability: Supreme Overlord\n|-start|p2a: Kingambit|fallen5|[silent]\n|turn|22\n|\n|t:|1701191200\n|switch|p1a: Mag Trap|Heatran, F, shiny, tera:Ghost|13\/100\n|move|p2a: Kingambit|Swords Dance|p2a: Kingambit\n|-boost|p2a: Kingambit|atk|2\n|\n|-heal|p1a: Mag Trap|19\/100|[from] item: Leftovers\n|upkeep\n|turn|23\n|\n|t:|1701191205\n|move|p1a: Mag Trap|Will-O-Wisp|p2a: Kingambit\n|-status|p2a: Kingambit|brn\n|move|p2a: Kingambit|Kowtow Cleave|p1a: Mag Trap\n|-supereffective|p1a: Mag Trap\n|-damage|p1a: Mag Trap|0 fnt\n|faint|p1a: Mag Trap\n|\n|-damage|p2a: Kingambit|94\/100 brn|[from] brn\n|upkeep\n|\n|t:|1701191209\n|switch|p1a: Orlando|Landorus-Therian, M, shiny|28\/100\n|-ability|p1a: Orlando|Intimidate|boost\n|-unboost|p2a: Kingambit|atk|1\n|turn|24\n|\n|t:|1701191212\n|switch|p1a: Drake Tusk|Great Tusk|100\/100\n|move|p2a: Kingambit|Swords Dance|p2a: Kingambit\n|-boost|p2a: Kingambit|atk|2\n|\n|-damage|p2a: Kingambit|88\/100 brn|[from] brn\n|upkeep\n|turn|25\n|\n|t:|1701191217\n|move|p1a: Drake Tusk|Headlong Rush|p2a: Kingambit\n|-supereffective|p2a: Kingambit\n|-damage|p2a: Kingambit|0 fnt\n|-unboost|p1a: Drake Tusk|def|1\n|-unboost|p1a: Drake Tusk|spd|1\n|faint|p2a: Kingambit\n|-end|p2a: Kingambit|fallen5|[silent]\n|\n|win|Honest Opp\n|raw|Honest Opp's rating: 1399 &rarr; <strong>1422<\/strong><br \/>(+23 for winning)\n|raw|Sinnerofgod's rating: 1447 &rarr; <strong>1424<\/strong><br \/>(-23 for losing)\n|l|\u2606Sinnerofgod\n|c|\u2606Honest Opp|dam\n|c|\u2606Honest Opp|destroyed\n","uploadtime":1701191234,"views":5,"p1id":"honestopp","p2id":"sinnerofgod","formatid":"gen9ou","rating":1422,"private":0,"password":""}