{"id":"gen9ou-1993197097","p1":"Gutoso","p2":"TotallyNotAutistic","format":"[Gen 9] OU","log":"|j|\u2606Gutoso\n|j|\u2606TotallyNotAutistic\n|t:|1700276759\n|gametype|singles\n|player|p1|Gutoso|blue-gen3two|1468\n|player|p2|TotallyNotAutistic|n|1496\n|teamsize|p1|6\n|teamsize|p2|6\n|gen|9\n|tier|[Gen 9] OU\n|rated|\n|rule|Sleep Clause Mod: Limit one foe put to sleep\n|rule|Species Clause: Limit one of each Pok\u00e9mon\n|rule|OHKO Clause: OHKO moves are banned\n|rule|Evasion Items Clause: Evasion items are banned\n|rule|Evasion Moves Clause: Evasion moves are banned\n|rule|Endless Battle Clause: Forcing endless battles is banned\n|rule|HP Percentage Mod: HP is shown in percentages\n|clearpoke\n|poke|p1|Jirachi|\n|poke|p1|Thundurus-Therian, M|\n|poke|p1|Weavile, F|\n|poke|p1|Salazzle, F|\n|poke|p1|Dragonite, F|\n|poke|p1|Hatterene, F|\n|poke|p2|Ceruledge, F|\n|poke|p2|Ting-Lu|\n|poke|p2|Cinderace, M|\n|poke|p2|Ogerpon-Wellspring, F|\n|poke|p2|Dragonite, M|\n|poke|p2|Kingambit, M|\n|teampreview\n|\n|t:|1700276763\n|start\n|switch|p1a: Salazzle|Salazzle, F|100\/100\n|switch|p2a: Ceruledge|Ceruledge, F|100\/100\n|turn|1\n|\n|t:|1700276768\n|move|p1a: Salazzle|Toxic|p2a: Ceruledge\n|-status|p2a: Ceruledge|tox\n|move|p2a: Ceruledge|Poltergeist|p1a: Salazzle\n|-activate|p1a: Salazzle|move: Poltergeist|Black Sludge\n|-damage|p1a: Salazzle|13\/100\n|\n|-heal|p1a: Salazzle|20\/100|[from] item: Black Sludge\n|-damage|p2a: Ceruledge|94\/100 tox|[from] psn\n|upkeep\n|turn|2\n|\n|t:|1700276778\n|move|p1a: Salazzle|Protect|p1a: Salazzle\n|-singleturn|p1a: Salazzle|Protect\n|move|p2a: Ceruledge|Bitter Blade|p1a: Salazzle\n|-activate|p1a: Salazzle|move: Protect\n|\n|-heal|p1a: Salazzle|26\/100|[from] item: Black Sludge\n|-damage|p2a: Ceruledge|82\/100 tox|[from] psn\n|upkeep\n|turn|3\n|\n|t:|1700276784\n|move|p1a: Salazzle|Substitute|p1a: Salazzle\n|-start|p1a: Salazzle|Substitute\n|-damage|p1a: Salazzle|1\/100\n|move|p2a: Ceruledge|Poltergeist|p1a: Salazzle\n|-activate|p1a: Salazzle|move: Poltergeist|Black Sludge\n|-end|p1a: Salazzle|Substitute\n|\n|-heal|p1a: Salazzle|7\/100|[from] item: Black Sludge\n|-damage|p2a: Ceruledge|63\/100 tox|[from] psn\n|upkeep\n|turn|4\n|\n|t:|1700276792\n|switch|p2a: Cinderace|Cinderace, M|100\/100\n|move|p1a: Salazzle|Protect||[still]\n|-fail|p1a: Salazzle\n|\n|-heal|p1a: Salazzle|13\/100|[from] item: Black Sludge\n|upkeep\n|turn|5\n|\n|t:|1700276795\n|move|p2a: Cinderace|U-turn|p1a: Salazzle\n|-start|p2a: Cinderace|typechange|Bug|[from] ability: Libero\n|-resisted|p1a: Salazzle\n|-damage|p1a: Salazzle|1\/100\n|\n|t:|1700276802\n|switch|p2a: Kingambit|Kingambit, M|100\/100|[from] U-turn\n|move|p1a: Salazzle|Toxic|p2a: Kingambit\n|-status|p2a: Kingambit|tox\n|\n|-heal|p1a: Salazzle|8\/100|[from] item: Black Sludge\n|-damage|p2a: Kingambit|94\/100 tox|[from] psn\n|upkeep\n|turn|6\n|c|\u2606TotallyNotAutistic|oh yea\n|c|\u2606TotallyNotAutistic|I forgor\n|\n|t:|1700276824\n|move|p1a: Salazzle|Flamethrower|p2a: Kingambit\n|-supereffective|p2a: Kingambit\n|-damage|p2a: Kingambit|25\/100 tox\n|move|p2a: Kingambit|Kowtow Cleave|p1a: Salazzle\n|-damage|p1a: Salazzle|0 fnt\n|faint|p1a: Salazzle\n|\n|-damage|p2a: Kingambit|13\/100 tox|[from] psn\n|upkeep\n|\n|t:|1700276864\n|switch|p1a: Weavile|Weavile, F|100\/100\n|turn|7\n|\n|t:|1700276867\n|move|p1a: Weavile|Ice Shard|p2a: Kingambit\n|-resisted|p2a: Kingambit\n|-damage|p2a: Kingambit|6\/100 tox\n|move|p2a: Kingambit|Iron Head|p1a: Weavile\n|-supereffective|p1a: Weavile\n|-damage|p1a: Weavile|0 fnt\n|faint|p1a: Weavile\n|\n|-damage|p2a: Kingambit|0 fnt|[from] psn\n|faint|p2a: Kingambit\n|-end|p2a: Kingambit|fallenundefined|[silent]\n|upkeep\n|\n|t:|1700276876\n|switch|p1a: Hatterene|Hatterene, F|100\/100\n|switch|p2a: Ceruledge|Ceruledge, F|63\/100 tox\n|turn|8\n|\n|t:|1700276887\n|-terastallize|p1a: Hatterene|Dark\n|move|p2a: Ceruledge|Poltergeist|p1a: Hatterene\n|-activate|p1a: Hatterene|move: Poltergeist|Assault Vest\n|-resisted|p1a: Hatterene\n|-damage|p1a: Hatterene|72\/100\n|move|p1a: Hatterene|Dark Pulse|p2a: Ceruledge\n|-supereffective|p2a: Ceruledge\n|-damage|p2a: Ceruledge|0 fnt\n|faint|p2a: Ceruledge\n|\n|upkeep\n|\n|t:|1700276910\n|switch|p2a: Dragonite|Dragonite, M|100\/100\n|turn|9\n|\n|t:|1700276918\n|-terastallize|p2a: Dragonite|Normal\n|move|p2a: Dragonite|Dragon Dance|p2a: Dragonite\n|-boost|p2a: Dragonite|atk|1\n|-boost|p2a: Dragonite|spe|1\n|move|p1a: Hatterene|Dazzling Gleam|p2a: Dragonite\n|-damage|p2a: Dragonite|76\/100\n|\n|upkeep\n|turn|10\n|\n|t:|1700276923\n|move|p2a: Dragonite|Dragon Dance|p2a: Dragonite\n|-boost|p2a: Dragonite|atk|1\n|-boost|p2a: Dragonite|spe|1\n|move|p1a: Hatterene|Dark Pulse|p2a: Dragonite\n|-damage|p2a: Dragonite|25\/100\n|\n|upkeep\n|turn|11\n|\n|t:|1700276927\n|move|p2a: Dragonite|Extreme Speed|p1a: Hatterene\n|-damage|p1a: Hatterene|0 fnt\n|faint|p1a: Hatterene\n|\n|upkeep\n|\n|t:|1700276934\n|switch|p1a: Dragonite|Dragonite, F|100\/100\n|turn|12\n|\n|t:|1700276937\n|move|p2a: Dragonite|Extreme Speed|p1a: Dragonite\n|-damage|p1a: Dragonite|46\/100\n|move|p1a: Dragonite|Extreme Speed|p2a: Dragonite\n|-damage|p2a: Dragonite|0 fnt\n|faint|p2a: Dragonite\n|\n|upkeep\n|\n|t:|1700276942\n|switch|p2a: Cinderace|Cinderace, M|100\/100\n|turn|13\n|\n|t:|1700276947\n|move|p2a: Cinderace|Will-O-Wisp|p1a: Dragonite\n|-status|p1a: Dragonite|brn\n|move|p1a: Dragonite|Earthquake|p2a: Cinderace\n|-supereffective|p2a: Cinderace\n|-damage|p2a: Cinderace|47\/100\n|\n|-damage|p1a: Dragonite|40\/100 brn|[from] brn\n|upkeep\n|turn|14\n|\n|t:|1700276952\n|switch|p2a: Ogerpon|Ogerpon-Wellspring, F|100\/100\n|move|p1a: Dragonite|Earthquake|p2a: Ogerpon\n|-resisted|p2a: Ogerpon\n|-damage|p2a: Ogerpon|90\/100\n|\n|-damage|p1a: Dragonite|34\/100 brn|[from] brn\n|upkeep\n|turn|15\n|\n|t:|1700276957\n|switch|p1a: Thundurus|Thundurus-Therian, M|100\/100\n|move|p2a: Ogerpon|Leech Seed|p1a: Thundurus\n|-start|p1a: Thundurus|move: Leech Seed\n|\n|-damage|p1a: Thundurus|88\/100|[from] Leech Seed|[of] p2a: Ogerpon\n|-heal|p2a: Ogerpon|99\/100|[silent]\n|upkeep\n|turn|16\n|\n|t:|1700276960\n|move|p2a: Ogerpon|Spiky Shield|p2a: Ogerpon\n|-singleturn|p2a: Ogerpon|move: Protect\n|move|p1a: Thundurus|Volt Switch|p2a: Ogerpon\n|-activate|p2a: Ogerpon|move: Protect\n|\n|-damage|p1a: Thundurus|76\/100|[from] Leech Seed|[of] p2a: Ogerpon\n|-heal|p2a: Ogerpon|100\/100|[silent]\n|upkeep\n|turn|17\n|\n|t:|1700276965\n|switch|p2a: Ting-Lu|Ting-Lu|100\/100\n|-ability|p2a: Ting-Lu|Vessel of Ruin\n|move|p1a: Thundurus|Volt Switch|p2a: Ting-Lu\n|-immune|p2a: Ting-Lu\n|\n|-damage|p1a: Thundurus|63\/100|[from] Leech Seed|[of] p2a: Ting-Lu\n|upkeep\n|turn|18\n|\n|t:|1700276972\n|move|p1a: Thundurus|Grass Knot|p2a: Ting-Lu\n|-supereffective|p2a: Ting-Lu\n|-damage|p2a: Ting-Lu|46\/100\n|move|p2a: Ting-Lu|Stealth Rock|p1a: Thundurus\n|-sidestart|p1: Gutoso|move: Stealth Rock\n|\n|-heal|p2a: Ting-Lu|52\/100|[from] item: Leftovers\n|-damage|p1a: Thundurus|51\/100|[from] Leech Seed|[of] p2a: Ting-Lu\n|-heal|p2a: Ting-Lu|59\/100|[silent]\n|upkeep\n|turn|19\n|\n|t:|1700276985\n|switch|p1a: Dragonite|Dragonite, F|34\/100 brn\n|switch|p2a: Ogerpon|Ogerpon-Wellspring, F|100\/100\n|\n|-damage|p1a: Dragonite|28\/100 brn|[from] brn\n|upkeep\n|turn|20\n|\n|t:|1700276992\n|move|p2a: Ogerpon|Ivy Cudgel|p1a: Dragonite|[anim] Ivy Cudgel Water\n|-resisted|p1a: Dragonite\n|-crit|p1a: Dragonite\n|-damage|p1a: Dragonite|0 fnt\n|faint|p1a: Dragonite\n|\n|upkeep\n|\n|t:|1700277007\n|switch|p1a: Thundurus|Thundurus-Therian, M|51\/100\n|-damage|p1a: Thundurus|26\/100|[from] Stealth Rock\n|turn|21\n|\n|t:|1700277010\n|move|p2a: Ogerpon|Spiky Shield|p2a: Ogerpon\n|-singleturn|p2a: Ogerpon|move: Protect\n|move|p1a: Thundurus|Thunderbolt|p2a: Ogerpon\n|-activate|p2a: Ogerpon|move: Protect\n|\n|upkeep\n|turn|22\n|\n|t:|1700277014\n|move|p2a: Ogerpon|Ivy Cudgel|p1a: Thundurus|[anim] Ivy Cudgel Water\n|-damage|p1a: Thundurus|0 fnt\n|faint|p1a: Thundurus\n|\n|upkeep\n|\n|t:|1700277016\n|switch|p1a: Jirachi|Jirachi|100\/100\n|-damage|p1a: Jirachi|94\/100|[from] Stealth Rock\n|turn|23\n|\n|t:|1700277021\n|move|p1a: Jirachi|Iron Head|p2a: Ogerpon\n|-resisted|p2a: Ogerpon\n|-damage|p2a: Ogerpon|81\/100\n|cant|p2a: Ogerpon|flinch\n|\n|upkeep\n|turn|24\n|\n|t:|1700277026\n|move|p2a: Ogerpon|Spiky Shield|p2a: Ogerpon\n|-singleturn|p2a: Ogerpon|move: Protect\n|move|p1a: Jirachi|Iron Head|p2a: Ogerpon\n|-activate|p2a: Ogerpon|move: Protect\n|-damage|p1a: Jirachi|82\/100|[from] Spiky Shield|[of] p2a: Ogerpon\n|\n|upkeep\n|turn|25\n|\n|t:|1700277042\n|move|p1a: Jirachi|Iron Head|p2a: Ogerpon\n|-resisted|p2a: Ogerpon\n|-damage|p2a: Ogerpon|60\/100\n|move|p2a: Ogerpon|Leech Seed|p1a: Jirachi\n|-start|p1a: Jirachi|move: Leech Seed\n|\n|-damage|p1a: Jirachi|70\/100|[from] Leech Seed|[of] p2a: Ogerpon\n|-heal|p2a: Ogerpon|72\/100|[silent]\n|upkeep\n|turn|26\n|\n|t:|1700277049\n|move|p2a: Ogerpon|Spiky Shield|p2a: Ogerpon\n|-singleturn|p2a: Ogerpon|move: Protect\n|move|p1a: Jirachi|Iron Head|p2a: Ogerpon\n|-activate|p2a: Ogerpon|move: Protect\n|-damage|p1a: Jirachi|57\/100|[from] Spiky Shield|[of] p2a: Ogerpon\n|\n|-damage|p1a: Jirachi|45\/100|[from] Leech Seed|[of] p2a: Ogerpon\n|-heal|p2a: Ogerpon|83\/100|[silent]\n|upkeep\n|turn|27\n|\n|t:|1700277057\n|switch|p2a: Ting-Lu|Ting-Lu|59\/100\n|-ability|p2a: Ting-Lu|Vessel of Ruin\n|move|p1a: Jirachi|Iron Head|p2a: Ting-Lu\n|-damage|p2a: Ting-Lu|44\/100\n|\n|-heal|p2a: Ting-Lu|51\/100|[from] item: Leftovers\n|-damage|p1a: Jirachi|33\/100|[from] Leech Seed|[of] p2a: Ting-Lu\n|-heal|p2a: Ting-Lu|59\/100|[silent]\n|upkeep\n|turn|28\n|\n|t:|1700277066\n|move|p1a: Jirachi|Iron Head|p2a: Ting-Lu\n|-damage|p2a: Ting-Lu|43\/100\n|move|p2a: Ting-Lu|Earthquake|p1a: Jirachi\n|-supereffective|p1a: Jirachi\n|-damage|p1a: Jirachi|0 fnt\n|faint|p1a: Jirachi\n|\n|win|TotallyNotAutistic\n|raw|Gutoso's rating: 1468 &rarr; <strong>1450<\/strong><br \/>(-18 for losing)\n|raw|TotallyNotAutistic's rating: 1496 &rarr; <strong>1514<\/strong><br \/>(+18 for winning)\n|c|\u2606TotallyNotAutistic|ggs\n|c|\u2606Gutoso|gg\n|c|\u2606TotallyNotAutistic|that hat\n|c|\u2606TotallyNotAutistic|wasn't expecting\n|c|\u2606TotallyNotAutistic|cause I had destiny bond\n|c|\u2606TotallyNotAutistic|but I furred \"oh its just a hatterene tf it gonna do? kill me?\"\n|c|\u2606TotallyNotAutistic|figured*\n|c|\u2606Gutoso|Lmao destiny bond would've been tragic\n|c|\u2606Gutoso|For me\n|c|\u2606TotallyNotAutistic|yea I was Savin it for jirachi\n|c|\u2606TotallyNotAutistic|cause I KNEW that bastard was banded scarf whatever\n|c|\u2606Gutoso|If I hit you with Jirachi though you'd be able to outspped and attack me with a ghost or fire move though, no?\n|c|\u2606Gutoso|Bc of weak armor\n|c|\u2606TotallyNotAutistic|true but I just like using destiny bond\n|c|\u2606Gutoso|Fair\n","uploadtime":1700277216,"views":15,"p1id":"gutoso","p2id":"totallynotautistic","formatid":"gen9ou","rating":1450,"private":0,"password":""}