{"id":"gen9ou-1995713032","p1":"Oryen","p2":"Zoroark_Fanboy","format":"[Gen 9] OU","log":"|j|\u2606Oryen\n|j|\u2606Zoroark_Fanboy\n|inactive|Battle timer is ON: inactive players will automatically lose when time's up.\n|t:|1700596242\n|gametype|singles\n|player|p1|Oryen|lucas|\n|player|p2|Zoroark_Fanboy|n|\n|teamsize|p1|5\n|teamsize|p2|5\n|gen|9\n|tier|[Gen 9] OU\n|rated|Tournament battle\n|rule|Sleep Clause Mod: Limit one foe put to sleep\n|rule|Species Clause: Limit one of each Pok\u00e9mon\n|rule|OHKO Clause: OHKO moves are banned\n|rule|Evasion Items Clause: Evasion items are banned\n|rule|Evasion Moves Clause: Evasion moves are banned\n|rule|Endless Battle Clause: Forcing endless battles is banned\n|rule|HP Percentage Mod: HP is shown in percentages\n|clearpoke\n|poke|p1|Dragapult, F|\n|poke|p1|Skrelp, F|\n|poke|p1|Hattrem, F|\n|poke|p1|Scorbunny, M|\n|poke|p1|Breloom, M|\n|poke|p2|Perrserker, F|\n|poke|p2|Tynamo, M|\n|poke|p2|Murkrow, M|\n|poke|p2|Swinub, F|\n|poke|p2|Dragonite, F|\n|teampreview\n|j|*Lady Monita \u2746\n|c|\u2606Zoroark_Fanboy|glhf\n|j| CheeseDongers\n|c|\u2606Oryen|hf\n|j| mystiic2812\n|inactive|Oryen has 120 seconds left.\n|\n|t:|1700596275\n|start\n|switch|p1a: Scorbunny|Scorbunny, M|100\/100\n|switch|p2a: Dragonite|Dragonite, F, shiny|100\/100\n|turn|1\n|j| Kisuke_on_crack\n|\n|t:|1700596281\n|move|p2a: Dragonite|Dragon Dance|p2a: Dragonite\n|-boost|p2a: Dragonite|atk|1\n|-boost|p2a: Dragonite|spe|1\n|move|p1a: Scorbunny|U-turn|p2a: Dragonite\n|-resisted|p2a: Dragonite\n|-damage|p2a: Dragonite|96\/100\n|\n|t:|1700596284\n|switch|p1a: Dragapult|Dragapult, F|100\/100|[from] U-turn\n|\n|upkeep\n|turn|2\n|\n|t:|1700596292\n|move|p1a: Dragapult|Dragon Darts|p2a: Dragonite\n|-supereffective|p2a: Dragonite\n|-damage|p2a: Dragonite|44\/100\n|-enditem|p2a: Dragonite|Weakness Policy\n|-boost|p2a: Dragonite|atk|2|[from] item: Weakness Policy\n|-boost|p2a: Dragonite|spa|2|[from] item: Weakness Policy\n|-anim|p1a: Dragapult|Dragon Darts|p2a: Dragonite\n|-supereffective|p2a: Dragonite\n|-damage|p2a: Dragonite|0 fnt\n|faint|p2a: Dragonite\n|\n|upkeep\n|\n|t:|1700596297\n|switch|p2a: Murkrow|Murkrow, M, shiny|100\/100\n|turn|3\n|j| Mawactus\n|\n|t:|1700596302\n|switch|p1a: Hattrem|Hattrem, F|100\/100\n|move|p2a: Murkrow|Thunder Wave|p1a: Hattrem\n|move|p1a: Hattrem|Thunder Wave|p2a: Murkrow|[from]ability: Magic Bounce\n|-status|p2a: Murkrow|par\n|\n|upkeep\n|turn|4\n|\n|t:|1700596307\n|switch|p2a: Tynamo|Tynamo, M|100\/100\n|move|p1a: Hattrem|Nuzzle|p2a: Tynamo\n|-resisted|p2a: Tynamo\n|-damage|p2a: Tynamo|99\/100\n|\n|upkeep\n|turn|5\n|j| ditzydragonair\n|\n|t:|1700596312\n|switch|p1a: Skrelp|Skrelp, F|100\/100\n|move|p2a: Tynamo|Knock Off|p1a: Skrelp\n|-damage|p1a: Skrelp|85\/100\n|-enditem|p1a: Skrelp|Eviolite|[from] move: Knock Off|[of] p2a: Tynamo\n|\n|upkeep\n|turn|6\n|\n|t:|1700596317\n|move|p2a: Tynamo|Charge Beam|p1a: Skrelp\n|-supereffective|p1a: Skrelp\n|-damage|p1a: Skrelp|49\/100\n|-boost|p2a: Tynamo|spa|1\n|move|p1a: Skrelp|Toxic Spikes|p2a: Tynamo\n|-sidestart|p2: Zoroark_Fanboy|move: Toxic Spikes\n|\n|upkeep\n|turn|7\n|\n|t:|1700596322\n|move|p2a: Tynamo|Charge Beam|p1a: Skrelp\n|-supereffective|p1a: Skrelp\n|-damage|p1a: Skrelp|0 fnt\n|faint|p1a: Skrelp\n|\n|upkeep\n|j| Yeet259\n|\n|t:|1700596327\n|switch|p1a: Breloom|Breloom, M|100\/100\n|turn|8\n|\n|t:|1700596330\n|move|p1a: Breloom|Spore|p2a: Tynamo\n|-status|p2a: Tynamo|slp|[from] move: Spore\n|cant|p2a: Tynamo|slp\n|\n|upkeep\n|turn|9\n|\n|t:|1700596333\n|switch|p2a: Swinub|Swinub, F|100\/100\n|-status|p2a: Swinub|psn\n|move|p1a: Breloom|Bullet Seed|p2a: Swinub\n|-supereffective|p2a: Swinub\n|-damage|p2a: Swinub|40\/100 psn\n|-supereffective|p2a: Swinub\n|-damage|p2a: Swinub|0 fnt\n|faint|p2a: Swinub\n|-hitcount|p2: Swinub|2\n|\n|upkeep\n|\n|t:|1700596337\n|switch|p2a: Perrserker|Perrserker, F, shiny|100\/100\n|turn|10\n|\n|t:|1700596344\n|-terastallize|p2a: Perrserker|Ground\n|move|p1a: Breloom|Mach Punch|p2a: Perrserker\n|-damage|p2a: Perrserker|59\/100\n|move|p2a: Perrserker|Iron Head|p1a: Breloom\n|-enditem|p1a: Breloom|Focus Sash\n|-damage|p1a: Breloom|1\/100\n|\n|upkeep\n|turn|11\n|\n|t:|1700596354\n|switch|p2a: Murkrow|Murkrow, M, shiny|100\/100 par\n|move|p1a: Breloom|Bullet Seed|p2a: Murkrow\n|-resisted|p2a: Murkrow\n|-damage|p2a: Murkrow|83\/100 par\n|-resisted|p2a: Murkrow\n|-damage|p2a: Murkrow|66\/100 par\n|-resisted|p2a: Murkrow\n|-damage|p2a: Murkrow|48\/100 par\n|-hitcount|p2a: Murkrow|3\n|\n|upkeep\n|turn|12\n|\n|t:|1700596359\n|move|p1a: Breloom|Mach Punch|p2a: Murkrow\n|-damage|p2a: Murkrow|0 fnt\n|faint|p2a: Murkrow\n|\n|upkeep\n|\n|t:|1700596364\n|switch|p2a: Tynamo|Tynamo, M|99\/100 slp\n|turn|13\n|c|\u2606Zoroark_Fanboy|TIL sucker punch is no longer +2 prio\n|\n|t:|1700596384\n|move|p1a: Breloom|Bullet Seed|p2a: Tynamo\n|-damage|p2a: Tynamo|57\/100 slp\n|-damage|p2a: Tynamo|18\/100 slp\n|-damage|p2a: Tynamo|0 fnt\n|faint|p2a: Tynamo\n|-hitcount|p2: Tynamo|3\n|\n|upkeep\n|\n|t:|1700596386\n|switch|p2a: Perrserker|Perrserker, F, shiny, tera:Ground|59\/100\n|-status|p2a: Perrserker|psn\n|turn|14\n|c|\u2606Zoroark_Fanboy|gg\n|\n|t:|1700596390\n|move|p1a: Breloom|Bullet Seed|p2a: Perrserker\n|-supereffective|p2a: Perrserker\n|-damage|p2a: Perrserker|7\/100 psn\n|-supereffective|p2a: Perrserker\n|-damage|p2a: Perrserker|0 fnt\n|faint|p2a: Perrserker\n|-hitcount|p2: Perrserker|2\n|\n|win|Oryen\n|n|\u2606Oryen|oryen\n|n|\u2606Zoroark_Fanboy|zoroarkfanboy\n|n|*Lady Monita \u2746|ladymonita\n|n| CheeseDongers|cheesedongers\n|n| mystiic2812|mystiic2812\n|n| Kisuke_on_crack|kisukeoncrack\n|n| Mawactus|mawactus\n|n| ditzydragonair|ditzydragonair\n|n| Yeet259|yeet259\n","uploadtime":1700596391,"views":0,"p1id":"oryen","p2id":"zoroarkfanboy","formatid":"gen9ou","rating":0,"private":0,"password":""}