{"id":"gen9ou-1990909464","p1":"byanar","p2":"Sunflora my lover","format":"[Gen 9] OU","log":"|j|\u2606byanar\n|j|\u2606Sunflora my lover\n|t:|1700014019\n|gametype|singles\n|player|p1|byanar|rosa|1316\n|player|p2|Sunflora my lover|102|1283\n|teamsize|p1|6\n|teamsize|p2|6\n|gen|9\n|tier|[Gen 9] OU\n|rated|\n|rule|Sleep Clause Mod: Limit one foe put to sleep\n|rule|Species Clause: Limit one of each Pok\u00e9mon\n|rule|OHKO Clause: OHKO moves are banned\n|rule|Evasion Items Clause: Evasion items are banned\n|rule|Evasion Moves Clause: Evasion moves are banned\n|rule|Endless Battle Clause: Forcing endless battles is banned\n|rule|HP Percentage Mod: HP is shown in percentages\n|clearpoke\n|poke|p1|Kingambit, M|\n|poke|p1|Iron Valiant|\n|poke|p1|Dragapult, M|\n|poke|p1|Samurott-Hisui, F|\n|poke|p1|Enamorus, F|\n|poke|p1|Heatran, M|\n|poke|p2|Sneasler, F|\n|poke|p2|Kingambit, M|\n|poke|p2|Ogerpon-Wellspring, F|\n|poke|p2|Rillaboom, M|\n|poke|p2|Dragapult, M|\n|poke|p2|Gholdengo|\n|teampreview\n|inactive|Battle timer is ON: inactive players will automatically lose when time's up. (requested by byanar)\n|\n|t:|1700014041\n|start\n|switch|p1a: Enamorus|Enamorus, F|100\/100\n|switch|p2a: Sneasler|Sneasler, F|100\/100\n|turn|1\n|\n|t:|1700014049\n|switch|p1a: Heatran|Heatran, M|100\/100\n|move|p2a: Sneasler|Fake Out|p1a: Heatran\n|-resisted|p1a: Heatran\n|-damage|p1a: Heatran|96\/100\n|\n|-heal|p1a: Heatran|100\/100|[from] item: Leftovers\n|upkeep\n|turn|2\n|\n|t:|1700014057\n|switch|p2a: Ogerpon|Ogerpon-Wellspring, F|100\/100\n|move|p1a: Heatran|Will-O-Wisp|p2a: Ogerpon\n|-status|p2a: Ogerpon|brn\n|\n|-damage|p2a: Ogerpon|95\/100 brn|[from] brn\n|upkeep\n|turn|3\n|\n|t:|1700014070\n|switch|p1a: Dragapult|Dragapult, M|100\/100\n|move|p2a: Ogerpon|Swords Dance|p2a: Ogerpon\n|-boost|p2a: Ogerpon|atk|2\n|\n|-damage|p2a: Ogerpon|89\/100 brn|[from] brn\n|upkeep\n|turn|4\n|\n|t:|1700014074\n|move|p1a: Dragapult|Draco Meteor|p2a: Ogerpon\n|-damage|p2a: Ogerpon|0 fnt\n|-unboost|p1a: Dragapult|spa|2\n|faint|p2a: Ogerpon\n|\n|upkeep\n|\n|t:|1700014077\n|switch|p2a: Dragapult|Dragapult, M|100\/100\n|turn|5\n|\n|t:|1700014079\n|move|p1a: Dragapult|Draco Meteor|p2a: Dragapult\n|-supereffective|p2a: Dragapult\n|-damage|p2a: Dragapult|0 fnt\n|-unboost|p1a: Dragapult|spa|2\n|faint|p2a: Dragapult\n|\n|upkeep\n|c|\u2606Sunflora my lover|Plz\n|c|\u2606Sunflora my lover|U and Ur entire family\n|n|!Sunflora my lover|sunfloramylover\n|\n|t:|1700014096\n|switch|p2a: Kingambit|Kingambit, M|100\/100\n|-activate|p2a: Kingambit|ability: Supreme Overlord\n|-start|p2a: Kingambit|fallen2|[silent]\n|turn|6\n|c|\u2606byanar|gamer u cant bet on a 50\/50 for no reason and get upset when u lose it \ud83d\uddff\n|\n|t:|1700014121\n|switch|p1a: Heatran|Heatran, M|100\/100\n|move|p2a: Kingambit|Swords Dance|p2a: Kingambit\n|-boost|p2a: Kingambit|atk|2\n|\n|upkeep\n|turn|7\n|\n|t:|1700014130\n|move|p1a: Heatran|Will-O-Wisp|p2a: Kingambit\n|-status|p2a: Kingambit|brn\n|move|p2a: Kingambit|Swords Dance|p2a: Kingambit\n|-boost|p2a: Kingambit|atk|2\n|\n|-damage|p2a: Kingambit|94\/100 brn|[from] brn\n|upkeep\n|turn|8\n|\n|t:|1700014134\n|move|p1a: Heatran|Lava Plume|p2a: Kingambit\n|-supereffective|p2a: Kingambit\n|-damage|p2a: Kingambit|30\/100 brn\n|move|p2a: Kingambit|Kowtow Cleave|p1a: Heatran\n|-damage|p1a: Heatran|49\/100\n|\n|-heal|p1a: Heatran|56\/100|[from] item: Leftovers\n|-damage|p2a: Kingambit|24\/100 brn|[from] brn\n|upkeep\n|turn|9\n|\n|t:|1700014138\n|move|p1a: Heatran|Protect|p1a: Heatran\n|-singleturn|p1a: Heatran|Protect\n|move|p2a: Kingambit|Sucker Punch||[still]\n|-fail|p2a: Kingambit\n|\n|-heal|p1a: Heatran|62\/100|[from] item: Leftovers\n|-damage|p2a: Kingambit|18\/100 brn|[from] brn\n|upkeep\n|turn|10\n|\n|t:|1700014141\n|move|p2a: Kingambit|Sucker Punch|p1a: Heatran\n|-damage|p1a: Heatran|18\/100\n|move|p1a: Heatran|Lava Plume|p2a: Kingambit\n|-supereffective|p2a: Kingambit\n|-damage|p2a: Kingambit|0 fnt\n|faint|p2a: Kingambit\n|-end|p2a: Kingambit|fallen2|[silent]\n|\n|-heal|p1a: Heatran|24\/100|[from] item: Leftovers\n|upkeep\n|\n|t:|1700014145\n|switch|p2a: Sneasler|Sneasler, F|100\/100\n|turn|11\n|\n|t:|1700014149\n|-terastallize|p1a: Heatran|Flying\n|move|p2a: Sneasler|Close Combat|p1a: Heatran\n|-resisted|p1a: Heatran\n|-damage|p1a: Heatran|6\/100\n|-unboost|p2a: Sneasler|def|1\n|-unboost|p2a: Sneasler|spd|1\n|-status|p1a: Heatran|psn|[from] ability: Poison Touch|[of] p2a: Sneasler\n|move|p1a: Heatran|Will-O-Wisp|p2a: Sneasler\n|-status|p2a: Sneasler|brn\n|\n|-heal|p1a: Heatran|13\/100 psn|[from] item: Leftovers\n|-damage|p1a: Heatran|0 fnt|[from] psn\n|faint|p1a: Heatran\n|-damage|p2a: Sneasler|95\/100 brn|[from] brn\n|upkeep\n|\n|t:|1700014158\n|switch|p1a: Iron Valiant|Iron Valiant|100\/100\n|-enditem|p1a: Iron Valiant|Booster Energy\n|-activate|p1a: Iron Valiant|ability: Quark Drive|[fromitem]\n|-start|p1a: Iron Valiant|quarkdrivespe\n|turn|12\n|\n|t:|1700014163\n|move|p1a: Iron Valiant|Calm Mind|p1a: Iron Valiant\n|-boost|p1a: Iron Valiant|spa|1\n|-boost|p1a: Iron Valiant|spd|1\n|move|p2a: Sneasler|Dire Claw|p1a: Iron Valiant\n|-supereffective|p1a: Iron Valiant\n|-damage|p1a: Iron Valiant|43\/100\n|-status|p1a: Iron Valiant|psn|[from] ability: Poison Touch|[of] p2a: Sneasler\n|\n|-damage|p1a: Iron Valiant|31\/100 psn|[from] psn\n|-damage|p2a: Sneasler|89\/100 brn|[from] brn\n|upkeep\n|turn|13\n|\n|t:|1700014166\n|move|p1a: Iron Valiant|Psyshock|p2a: Sneasler\n|-supereffective|p2a: Sneasler\n|-damage|p2a: Sneasler|0 fnt\n|faint|p2a: Sneasler\n|\n|-damage|p1a: Iron Valiant|18\/100 psn|[from] psn\n|upkeep\n|\n|t:|1700014168\n|switch|p2a: Rillaboom|Rillaboom, M|100\/100\n|-fieldstart|move: Grassy Terrain|[from] ability: Grassy Surge|[of] p2a: Rillaboom\n|turn|14\n|\n|t:|1700014171\n|move|p2a: Rillaboom|Grassy Glide|p1a: Iron Valiant\n|-damage|p1a: Iron Valiant|0 fnt\n|faint|p1a: Iron Valiant\n|-end|p1a: Iron Valiant|Quark Drive|[silent]\n|\n|upkeep\n|\n|t:|1700014174\n|switch|p1a: Enamorus|Enamorus, F|100\/100\n|turn|15\n|\n|t:|1700014181\n|move|p2a: Rillaboom|Grassy Glide|p1a: Enamorus\n|-resisted|p1a: Enamorus\n|-damage|p1a: Enamorus|60\/100\n|move|p1a: Enamorus|Mystical Fire|p2a: Rillaboom\n|-supereffective|p2a: Rillaboom\n|-crit|p2a: Rillaboom\n|-damage|p2a: Rillaboom|0 fnt\n|faint|p2a: Rillaboom\n|\n|upkeep\n|\n|t:|1700014183\n|switch|p2a: Gholdengo|Gholdengo|100\/100\n|turn|16\n|\n|t:|1700014186\n|-terastallize|p2a: Gholdengo|Flying\n|move|p1a: Enamorus|Earth Power|p2a: Gholdengo\n|-immune|p2a: Gholdengo\n|move|p2a: Gholdengo|Nasty Plot|p2a: Gholdengo\n|-boost|p2a: Gholdengo|spa|2\n|\n|upkeep\n|turn|17\n|\n|t:|1700014189\n|move|p1a: Enamorus|Moonblast|p2a: Gholdengo\n|-damage|p2a: Gholdengo|48\/100\n|move|p2a: Gholdengo|Shadow Ball|p1a: Enamorus\n|-damage|p1a: Enamorus|0 fnt\n|faint|p1a: Enamorus\n|\n|-heal|p2a: Gholdengo|54\/100|[from] item: Leftovers\n|upkeep\n|\n|t:|1700014192\n|switch|p1a: Dragapult|Dragapult, M|100\/100\n|turn|18\n|\n|t:|1700014194\n|move|p1a: Dragapult|Draco Meteor|p2a: Gholdengo\n|-damage|p2a: Gholdengo|0 fnt\n|-unboost|p1a: Dragapult|spa|2\n|faint|p2a: Gholdengo\n|\n|win|byanar\n|raw|byanar's rating: 1316 &rarr; <strong>1334<\/strong><br \/>(+18 for winning)\n|raw|Sunflora my lover's rating: 1283 &rarr; <strong>1260<\/strong><br \/>(-23 for losing)\n","uploadtime":1700014093,"views":13,"p1id":"byanar","p2id":"sunfloramylover","formatid":"gen9ou","rating":1260,"private":0,"password":""}