{"id":"gen9ou-1989009083","p1":"Munchback","p2":"Giorgio157","format":"[Gen 9] OU","log":"|j|\u2606Munchback\n|j|\u2606Giorgio157\n|t:|1699801653\n|gametype|singles\n|player|p1|Munchback|veteran|1220\n|player|p2|Giorgio157|hilbert|1305\n|teamsize|p1|6\n|teamsize|p2|6\n|gen|9\n|tier|[Gen 9] OU\n|rated|\n|rule|Sleep Clause Mod: Limit one foe put to sleep\n|rule|Species Clause: Limit one of each Pok\u00e9mon\n|rule|OHKO Clause: OHKO moves are banned\n|rule|Evasion Items Clause: Evasion items are banned\n|rule|Evasion Moves Clause: Evasion moves are banned\n|rule|Endless Battle Clause: Forcing endless battles is banned\n|rule|HP Percentage Mod: HP is shown in percentages\n|clearpoke\n|poke|p1|Skeledirge, F|\n|poke|p1|Great Tusk|\n|poke|p1|Dragonite, M|\n|poke|p1|Samurott-Hisui, F|\n|poke|p1|Arboliva, F|\n|poke|p1|Zapdos|\n|poke|p2|Great Tusk|\n|poke|p2|Clodsire, M|\n|poke|p2|Dondozo, M|\n|poke|p2|Dragapult, M|\n|poke|p2|Iron Valiant|\n|poke|p2|Kingambit, M|\n|teampreview\n|inactive|Battle timer is ON: inactive players will automatically lose when time's up. (requested by Giorgio157)\n|inactive|Munchback has 120 seconds left.\n|\n|t:|1699801686\n|start\n|switch|p1a: Zapdos|Zapdos|100\/100\n|switch|p2a: Iron Valiant|Iron Valiant|100\/100\n|-ability|p1a: Zapdos|Pressure\n|-enditem|p2a: Iron Valiant|Booster Energy\n|-activate|p2a: Iron Valiant|ability: Quark Drive|[fromitem]\n|-start|p2a: Iron Valiant|quarkdrivespe\n|turn|1\n|\n|t:|1699801700\n|move|p2a: Iron Valiant|Knock Off|p1a: Zapdos\n|-damage|p1a: Zapdos|69\/100\n|-enditem|p1a: Zapdos|Heavy-Duty Boots|[from] move: Knock Off|[of] p2a: Iron Valiant\n|move|p1a: Zapdos|Hurricane|p2a: Iron Valiant\n|-supereffective|p2a: Iron Valiant\n|-damage|p2a: Iron Valiant|0 fnt\n|faint|p2a: Iron Valiant\n|-end|p2a: Iron Valiant|Quark Drive|[silent]\n|\n|upkeep\n|\n|t:|1699801708\n|switch|p2a: Clodsire|Clodsire, M|100\/100\n|turn|2\n|\n|t:|1699801714\n|move|p1a: Zapdos|Tailwind|p1a: Zapdos\n|-sidestart|p1: Munchback|move: Tailwind\n|move|p2a: Clodsire|Toxic|p1a: Zapdos\n|-status|p1a: Zapdos|tox\n|\n|-damage|p1a: Zapdos|63\/100 tox|[from] psn\n|upkeep\n|turn|3\n|\n|t:|1699801726\n|switch|p1a: Samurott|Samurott-Hisui, F|100\/100\n|move|p2a: Clodsire|Stealth Rock|p1a: Samurott\n|-sidestart|p1: Munchback|move: Stealth Rock\n|\n|upkeep\n|turn|4\n|\n|t:|1699801731\n|move|p1a: Samurott|Knock Off|p2a: Clodsire\n|-damage|p2a: Clodsire|48\/100\n|-enditem|p2a: Clodsire|Black Sludge|[from] move: Knock Off|[of] p1a: Samurott\n|move|p2a: Clodsire|Toxic|p1a: Samurott\n|-status|p1a: Samurott|tox\n|\n|-damage|p1a: Samurott|94\/100 tox|[from] psn\n|upkeep\n|turn|5\n|\n|t:|1699801738\n|move|p1a: Samurott|Ceaseless Edge|p2a: Clodsire\n|-damage|p2a: Clodsire|10\/100\n|-sidestart|p2: Giorgio157|Spikes\n|move|p2a: Clodsire|Recover|p2a: Clodsire\n|-heal|p2a: Clodsire|60\/100\n|\n|-damage|p1a: Samurott|82\/100 tox|[from] psn\n|-sideend|p1: Munchback|move: Tailwind\n|upkeep\n|turn|6\n|\n|t:|1699801746\n|move|p1a: Samurott|Ceaseless Edge|p2a: Clodsire\n|-damage|p2a: Clodsire|24\/100\n|-sidestart|p2: Giorgio157|Spikes\n|move|p2a: Clodsire|Recover|p2a: Clodsire\n|-heal|p2a: Clodsire|74\/100\n|\n|-damage|p1a: Samurott|63\/100 tox|[from] psn\n|upkeep\n|turn|7\n|\n|t:|1699801755\n|switch|p1a: Arboliva|Arboliva, F|100\/100\n|-damage|p1a: Arboliva|88\/100|[from] Stealth Rock\n|switch|p2a: Dondozo|Dondozo, M|100\/100\n|-damage|p2a: Dondozo|84\/100|[from] Spikes\n|\n|-heal|p2a: Dondozo|90\/100|[from] item: Leftovers\n|upkeep\n|turn|8\n|\n|t:|1699801766\n|move|p1a: Arboliva|Leech Seed|p2a: Dondozo\n|-start|p2a: Dondozo|move: Leech Seed\n|move|p2a: Dondozo|Liquidation|p1a: Arboliva\n|-resisted|p1a: Arboliva\n|-damage|p1a: Arboliva|72\/100\n|\n|-heal|p2a: Dondozo|96\/100|[from] item: Leftovers\n|-damage|p2a: Dondozo|84\/100|[from] Leech Seed|[of] p1a: Arboliva\n|-heal|p1a: Arboliva|89\/100|[silent]\n|upkeep\n|turn|9\n|\n|t:|1699801779\n|switch|p2a: Dragapult|Dragapult, M|100\/100\n|-damage|p2a: Dragapult|84\/100|[from] Spikes\n|move|p1a: Arboliva|Substitute|p1a: Arboliva\n|-start|p1a: Arboliva|Substitute\n|-damage|p1a: Arboliva|64\/100\n|\n|upkeep\n|turn|10\n|\n|t:|1699801787\n|move|p2a: Dragapult|Draco Meteor|p1a: Arboliva\n|-damage|p1a: Arboliva|28\/100\n|-unboost|p2a: Dragapult|spa|2\n|-enditem|p1a: Arboliva|Sitrus Berry|[eat]\n|-heal|p1a: Arboliva|53\/100|[from] item: Sitrus Berry\n|move|p1a: Arboliva|Leech Seed|p2a: Dragapult\n|-start|p2a: Dragapult|move: Leech Seed\n|\n|-damage|p2a: Dragapult|72\/100|[from] Leech Seed|[of] p1a: Arboliva\n|-heal|p1a: Arboliva|64\/100|[silent]\n|-item|p1a: Arboliva|Sitrus Berry|[from] ability: Harvest\n|upkeep\n|turn|11\n|\n|t:|1699801801\n|switch|p2a: Great Tusk|Great Tusk|100\/100\n|move|p1a: Arboliva|Strength Sap|p2a: Great Tusk\n|-unboost|p2a: Great Tusk|atk|1\n|-heal|p1a: Arboliva|100\/100\n|\n|upkeep\n|turn|12\n|\n|t:|1699801809\n|move|p2a: Great Tusk|Rapid Spin|p1a: Arboliva\n|-activate|p1a: Arboliva|move: Substitute|[damage]\n|-sideend|p2: Giorgio157|Spikes|[from] move: Rapid Spin|[of] p2a: Great Tusk\n|-boost|p2a: Great Tusk|spe|1\n|move|p1a: Arboliva|Giga Drain|p2a: Great Tusk\n|-supereffective|p2a: Great Tusk\n|-damage|p2a: Great Tusk|7\/100\n|\n|upkeep\n|turn|13\n|\n|t:|1699801819\n|-end|p2a: Great Tusk|Protosynthesis|[silent]\n|switch|p2a: Clodsire|Clodsire, M|74\/100\n|move|p1a: Arboliva|Leech Seed|p2a: Clodsire\n|-start|p2a: Clodsire|move: Leech Seed\n|\n|-damage|p2a: Clodsire|61\/100|[from] Leech Seed|[of] p1a: Arboliva\n|upkeep\n|turn|14\n|\n|t:|1699801826\n|move|p1a: Arboliva|Strength Sap|p2a: Clodsire\n|-unboost|p2a: Clodsire|atk|1\n|move|p2a: Clodsire|Earthquake|p1a: Arboliva\n|-resisted|p1a: Arboliva\n|-activate|p1a: Arboliva|move: Substitute|[damage]\n|\n|-damage|p2a: Clodsire|49\/100|[from] Leech Seed|[of] p1a: Arboliva\n|upkeep\n|turn|15\n|\n|t:|1699801834\n|switch|p2a: Dragapult|Dragapult, M|72\/100\n|move|p1a: Arboliva|Giga Drain|p2a: Dragapult\n|-resisted|p2a: Dragapult\n|-damage|p2a: Dragapult|50\/100\n|\n|upkeep\n|turn|16\n|\n|t:|1699801840\n|move|p2a: Dragapult|U-turn|p1a: Arboliva\n|-supereffective|p1a: Arboliva\n|-damage|p1a: Arboliva|60\/100\n|\n|t:|1699801848\n|switch|p2a: Kingambit|Kingambit, M|100\/100|[from] U-turn\n|-activate|p2a: Kingambit|ability: Supreme Overlord\n|-start|p2a: Kingambit|fallen1|[silent]\n|move|p1a: Arboliva|Leech Seed|p2a: Kingambit\n|-start|p2a: Kingambit|move: Leech Seed\n|\n|-damage|p2a: Kingambit|88\/100|[from] Leech Seed|[of] p1a: Arboliva\n|-heal|p1a: Arboliva|74\/100|[silent]\n|upkeep\n|turn|17\n|\n|t:|1699801858\n|move|p2a: Kingambit|Kowtow Cleave|p1a: Arboliva\n|-end|p1a: Arboliva|Substitute\n|move|p1a: Arboliva|Strength Sap|p2a: Kingambit\n|-unboost|p2a: Kingambit|atk|1\n|-heal|p1a: Arboliva|100\/100\n|\n|-heal|p2a: Kingambit|94\/100|[from] item: Leftovers\n|-damage|p2a: Kingambit|82\/100|[from] Leech Seed|[of] p1a: Arboliva\n|upkeep\n|turn|18\n|\n|t:|1699801869\n|-end|p2a: Kingambit|fallen1|[silent]\n|switch|p2a: Dragapult|Dragapult, M|50\/100\n|move|p1a: Arboliva|Strength Sap|p2a: Dragapult\n|-unboost|p2a: Dragapult|atk|1\n|\n|upkeep\n|turn|19\n|\n|t:|1699801875\n|move|p2a: Dragapult|Draco Meteor|p1a: Arboliva\n|-damage|p1a: Arboliva|67\/100\n|-unboost|p2a: Dragapult|spa|2\n|move|p1a: Arboliva|Leech Seed|p2a: Dragapult\n|-start|p2a: Dragapult|move: Leech Seed\n|\n|-damage|p2a: Dragapult|37\/100|[from] Leech Seed|[of] p1a: Arboliva\n|-heal|p1a: Arboliva|78\/100|[silent]\n|upkeep\n|turn|20\n|\n|t:|1699801884\n|switch|p2a: Clodsire|Clodsire, M|49\/100\n|move|p1a: Arboliva|Substitute|p1a: Arboliva\n|-start|p1a: Arboliva|Substitute\n|-damage|p1a: Arboliva|53\/100\n|\n|upkeep\n|turn|21\n|\n|t:|1699801892\n|move|p1a: Arboliva|Giga Drain|p2a: Clodsire\n|-damage|p2a: Clodsire|33\/100\n|-heal|p1a: Arboliva|64\/100|[from] drain|[of] p2a: Clodsire\n|move|p2a: Clodsire|Recover|p2a: Clodsire\n|-heal|p2a: Clodsire|83\/100\n|\n|upkeep\n|turn|22\n|\n|t:|1699801899\n|move|p1a: Arboliva|Leech Seed|p2a: Clodsire\n|-start|p2a: Clodsire|move: Leech Seed\n|move|p2a: Clodsire|Earthquake|p1a: Arboliva\n|-resisted|p1a: Arboliva\n|-activate|p1a: Arboliva|move: Substitute|[damage]\n|\n|-damage|p2a: Clodsire|70\/100|[from] Leech Seed|[of] p1a: Arboliva\n|-heal|p1a: Arboliva|80\/100|[silent]\n|upkeep\n|turn|23\n|\n|t:|1699801911\n|switch|p2a: Dragapult|Dragapult, M|37\/100\n|move|p1a: Arboliva|Strength Sap|p2a: Dragapult\n|-unboost|p2a: Dragapult|atk|1\n|-heal|p1a: Arboliva|100\/100\n|\n|upkeep\n|turn|24\n|\n|t:|1699801919\n|move|p2a: Dragapult|U-turn|p1a: Arboliva\n|-supereffective|p1a: Arboliva\n|-damage|p1a: Arboliva|75\/100\n|\n|t:|1699801923\n|switch|p2a: Kingambit|Kingambit, M|82\/100|[from] U-turn\n|-activate|p2a: Kingambit|ability: Supreme Overlord\n|-start|p2a: Kingambit|fallen1|[silent]\n|move|p1a: Arboliva|Leech Seed|p2a: Kingambit\n|-start|p2a: Kingambit|move: Leech Seed\n|\n|-heal|p2a: Kingambit|88\/100|[from] item: Leftovers\n|-damage|p2a: Kingambit|75\/100|[from] Leech Seed|[of] p1a: Arboliva\n|-heal|p1a: Arboliva|89\/100|[silent]\n|upkeep\n|turn|25\n|\n|t:|1699801933\n|move|p2a: Kingambit|Kowtow Cleave|p1a: Arboliva\n|-end|p1a: Arboliva|Substitute\n|move|p1a: Arboliva|Strength Sap|p2a: Kingambit\n|-unboost|p2a: Kingambit|atk|1\n|-heal|p1a: Arboliva|100\/100\n|\n|-heal|p2a: Kingambit|82\/100|[from] item: Leftovers\n|-damage|p2a: Kingambit|69\/100|[from] Leech Seed|[of] p1a: Arboliva\n|upkeep\n|turn|26\n|\n|t:|1699801943\n|move|p2a: Kingambit|Kowtow Cleave|p1a: Arboliva\n|-damage|p1a: Arboliva|61\/100\n|move|p1a: Arboliva|Strength Sap|p2a: Kingambit\n|-unboost|p2a: Kingambit|atk|1\n|-heal|p1a: Arboliva|100\/100\n|\n|-heal|p2a: Kingambit|75\/100|[from] item: Leftovers\n|-damage|p2a: Kingambit|63\/100|[from] Leech Seed|[of] p1a: Arboliva\n|upkeep\n|turn|27\n|\n|t:|1699801955\n|-end|p2a: Kingambit|fallen1|[silent]\n|switch|p2a: Clodsire|Clodsire, M|70\/100\n|move|p1a: Arboliva|Substitute|p1a: Arboliva\n|-start|p1a: Arboliva|Substitute\n|-damage|p1a: Arboliva|75\/100\n|\n|upkeep\n|turn|28\n|\n|t:|1699801963\n|switch|p2a: Dondozo|Dondozo, M|84\/100\n|move|p1a: Arboliva|Leech Seed|p2a: Dondozo|[miss]\n|-miss|p1a: Arboliva|p2a: Dondozo\n|\n|-heal|p2a: Dondozo|90\/100|[from] item: Leftovers\n|upkeep\n|turn|29\n|\n|t:|1699801970\n|move|p1a: Arboliva|Leech Seed|p2a: Dondozo\n|-start|p2a: Dondozo|move: Leech Seed\n|move|p2a: Dondozo|Liquidation|p1a: Arboliva\n|-resisted|p1a: Arboliva\n|-activate|p1a: Arboliva|move: Substitute|[damage]\n|\n|-heal|p2a: Dondozo|96\/100|[from] item: Leftovers\n|-damage|p2a: Dondozo|83\/100|[from] Leech Seed|[of] p1a: Arboliva\n|-heal|p1a: Arboliva|93\/100|[silent]\n|upkeep\n|turn|30\n|\n|t:|1699801982\n|switch|p2a: Dragapult|Dragapult, M|37\/100\n|move|p1a: Arboliva|Strength Sap|p2a: Dragapult\n|-unboost|p2a: Dragapult|atk|1\n|-heal|p1a: Arboliva|100\/100\n|\n|upkeep\n|turn|31\n|\n|t:|1699801990\n|move|p2a: Dragapult|Draco Meteor|p1a: Arboliva|[miss]\n|-miss|p2a: Dragapult|p1a: Arboliva\n|move|p1a: Arboliva|Leech Seed|p2a: Dragapult|[miss]\n|-miss|p1a: Arboliva|p2a: Dragapult\n|\n|upkeep\n|turn|32\n|\n|t:|1699801996\n|move|p2a: Dragapult|Draco Meteor|p1a: Arboliva\n|-damage|p1a: Arboliva|63\/100\n|-unboost|p2a: Dragapult|spa|2\n|move|p1a: Arboliva|Leech Seed|p2a: Dragapult\n|-start|p2a: Dragapult|move: Leech Seed\n|\n|-damage|p2a: Dragapult|25\/100|[from] Leech Seed|[of] p1a: Arboliva\n|-heal|p1a: Arboliva|74\/100|[silent]\n|upkeep\n|turn|33\n|\n|t:|1699802005\n|move|p2a: Dragapult|Draco Meteor|p1a: Arboliva\n|-damage|p1a: Arboliva|57\/100\n|-unboost|p2a: Dragapult|spa|2\n|move|p1a: Arboliva|Strength Sap|p2a: Dragapult\n|-unboost|p2a: Dragapult|atk|1\n|-heal|p1a: Arboliva|100\/100\n|\n|-damage|p2a: Dragapult|13\/100|[from] Leech Seed|[of] p1a: Arboliva\n|upkeep\n|turn|34\n|\n|t:|1699802019\n|switch|p2a: Great Tusk|Great Tusk|7\/100\n|move|p1a: Arboliva|Strength Sap|p2a: Great Tusk\n|-unboost|p2a: Great Tusk|atk|1\n|\n|upkeep\n|turn|35\n|\n|t:|1699802027\n|move|p2a: Great Tusk|Close Combat|p1a: Arboliva\n|-supereffective|p1a: Arboliva\n|-end|p1a: Arboliva|Substitute\n|-unboost|p2a: Great Tusk|def|1\n|-unboost|p2a: Great Tusk|spd|1\n|move|p1a: Arboliva|Leech Seed|p2a: Great Tusk\n|-start|p2a: Great Tusk|move: Leech Seed\n|\n|-damage|p2a: Great Tusk|0 fnt|[from] Leech Seed|[of] p1a: Arboliva\n|faint|p2a: Great Tusk\n|-end|p2a: Great Tusk|Protosynthesis|[silent]\n|upkeep\n|\n|t:|1699802039\n|switch|p2a: Dragapult|Dragapult, M|13\/100\n|turn|36\n|\n|t:|1699802045\n|move|p2a: Dragapult|Dragon Darts|p1a: Arboliva\n|-damage|p1a: Arboliva|80\/100\n|-anim|p2a: Dragapult|Dragon Darts|p1a: Arboliva\n|-damage|p1a: Arboliva|56\/100\n|move|p1a: Arboliva|Leech Seed|p2a: Dragapult\n|-start|p2a: Dragapult|move: Leech Seed\n|\n|-damage|p2a: Dragapult|0 fnt|[from] Leech Seed|[of] p1a: Arboliva\n|-heal|p1a: Arboliva|67\/100|[silent]\n|faint|p2a: Dragapult\n|upkeep\n|\n|t:|1699802055\n|switch|p2a: Clodsire|Clodsire, M|70\/100\n|turn|37\n|\n|t:|1699802060\n|move|p1a: Arboliva|Strength Sap|p2a: Clodsire\n|-unboost|p2a: Clodsire|atk|1\n|-heal|p1a: Arboliva|100\/100\n|move|p2a: Clodsire|Toxic|p1a: Arboliva\n|-status|p1a: Arboliva|tox\n|\n|-damage|p1a: Arboliva|94\/100 tox|[from] psn\n|upkeep\n|turn|38\n|\n|t:|1699802069\n|move|p1a: Arboliva|Leech Seed|p2a: Clodsire\n|-start|p2a: Clodsire|move: Leech Seed\n|move|p2a: Clodsire|Recover|p2a: Clodsire\n|-heal|p2a: Clodsire|100\/100\n|\n|-damage|p2a: Clodsire|88\/100|[from] Leech Seed|[of] p1a: Arboliva\n|-heal|p1a: Arboliva|100\/100 tox|[silent]\n|-damage|p1a: Arboliva|88\/100 tox|[from] psn\n|upkeep\n|turn|39\n|\n|t:|1699802078\n|move|p1a: Arboliva|Substitute|p1a: Arboliva\n|-start|p1a: Arboliva|Substitute\n|-damage|p1a: Arboliva|63\/100 tox\n|move|p2a: Clodsire|Earthquake|p1a: Arboliva\n|-resisted|p1a: Arboliva\n|-activate|p1a: Arboliva|move: Substitute|[damage]\n|\n|-damage|p2a: Clodsire|75\/100|[from] Leech Seed|[of] p1a: Arboliva\n|-heal|p1a: Arboliva|79\/100 tox|[silent]\n|-damage|p1a: Arboliva|61\/100 tox|[from] psn\n|upkeep\n|turn|40\n|\n|t:|1699802090\n|move|p1a: Arboliva|Strength Sap|p2a: Clodsire\n|-unboost|p2a: Clodsire|atk|1\n|-heal|p1a: Arboliva|95\/100 tox\n|move|p2a: Clodsire|Earthquake|p1a: Arboliva\n|-resisted|p1a: Arboliva\n|-activate|p1a: Arboliva|move: Substitute|[damage]\n|\n|-damage|p2a: Clodsire|63\/100|[from] Leech Seed|[of] p1a: Arboliva\n|-heal|p1a: Arboliva|100\/100 tox|[silent]\n|-damage|p1a: Arboliva|76\/100 tox|[from] psn\n|upkeep\n|turn|41\n|\n|t:|1699802101\n|switch|p2a: Kingambit|Kingambit, M|63\/100\n|-activate|p2a: Kingambit|ability: Supreme Overlord\n|-start|p2a: Kingambit|fallen3|[silent]\n|move|p1a: Arboliva|Giga Drain|p2a: Kingambit\n|-resisted|p2a: Kingambit\n|-damage|p2a: Kingambit|47\/100\n|-heal|p1a: Arboliva|85\/100 tox|[from] drain|[of] p2a: Kingambit\n|\n|-heal|p2a: Kingambit|53\/100|[from] item: Leftovers\n|-damage|p1a: Arboliva|54\/100 tox|[from] psn\n|upkeep\n|turn|42\n|\n|t:|1699802113\n|move|p2a: Kingambit|Kowtow Cleave|p1a: Arboliva\n|-end|p1a: Arboliva|Substitute\n|move|p1a: Arboliva|Strength Sap|p2a: Kingambit\n|-unboost|p2a: Kingambit|atk|1\n|-heal|p1a: Arboliva|100\/100 tox\n|\n|-heal|p2a: Kingambit|60\/100|[from] item: Leftovers\n|-damage|p1a: Arboliva|64\/100 tox|[from] psn\n|upkeep\n|turn|43\n|\n|t:|1699802122\n|move|p2a: Kingambit|Kowtow Cleave|p1a: Arboliva\n|-damage|p1a: Arboliva|20\/100 tox\n|-enditem|p1a: Arboliva|Sitrus Berry|[eat]\n|-heal|p1a: Arboliva|45\/100 tox|[from] item: Sitrus Berry\n|move|p1a: Arboliva|Strength Sap|p2a: Kingambit\n|-unboost|p2a: Kingambit|atk|1\n|-heal|p1a: Arboliva|100\/100 tox\n|\n|-heal|p2a: Kingambit|66\/100|[from] item: Leftovers\n|-damage|p1a: Arboliva|58\/100 tox|[from] psn\n|-item|p1a: Arboliva|Sitrus Berry|[from] ability: Harvest\n|upkeep\n|turn|44\n|\n|t:|1699802135\n|move|p2a: Kingambit|Sucker Punch||[still]\n|-fail|p2a: Kingambit\n|move|p1a: Arboliva|Strength Sap|p2a: Kingambit\n|-unboost|p2a: Kingambit|atk|1\n|-heal|p1a: Arboliva|100\/100 tox\n|\n|-heal|p2a: Kingambit|72\/100|[from] item: Leftovers\n|-damage|p1a: Arboliva|52\/100 tox|[from] psn\n|upkeep\n|turn|45\n|\n|t:|1699802147\n|-end|p2a: Kingambit|fallen3|[silent]\n|switch|p2a: Dondozo|Dondozo, M|83\/100\n|move|p1a: Arboliva|Strength Sap|p2a: Dondozo\n|-unboost|p2a: Dondozo|atk|1\n|-heal|p1a: Arboliva|100\/100 tox\n|\n|-heal|p2a: Dondozo|90\/100|[from] item: Leftovers\n|-damage|p1a: Arboliva|45\/100 tox|[from] psn\n|upkeep\n|-enditem|p1a: Arboliva|Sitrus Berry|[eat]\n|-heal|p1a: Arboliva|70\/100 tox|[from] item: Sitrus Berry\n|turn|46\n|\n|t:|1699802160\n|switch|p2a: Clodsire|Clodsire, M|63\/100\n|move|p1a: Arboliva|Giga Drain|p2a: Clodsire\n|-damage|p2a: Clodsire|46\/100\n|-heal|p1a: Arboliva|82\/100 tox|[from] drain|[of] p2a: Clodsire\n|\n|-damage|p1a: Arboliva|21\/100 tox|[from] psn\n|-item|p1a: Arboliva|Sitrus Berry|[from] ability: Harvest\n|upkeep\n|-enditem|p1a: Arboliva|Sitrus Berry|[eat]\n|-heal|p1a: Arboliva|46\/100 tox|[from] item: Sitrus Berry\n|turn|47\n|\n|t:|1699802172\n|switch|p1a: Samurott|Samurott-Hisui, F|63\/100 tox\n|-damage|p1a: Samurott|51\/100 tox|[from] Stealth Rock\n|move|p2a: Clodsire|Earthquake|p1a: Samurott\n|-damage|p1a: Samurott|15\/100 tox\n|\n|-damage|p1a: Samurott|9\/100 tox|[from] psn\n|upkeep\n|turn|48\n|\n|t:|1699802181\n|switch|p2a: Dondozo|Dondozo, M|90\/100\n|move|p1a: Samurott|Ceaseless Edge|p2a: Dondozo|[miss]\n|-miss|p1a: Samurott|p2a: Dondozo\n|\n|-heal|p2a: Dondozo|96\/100|[from] item: Leftovers\n|-damage|p1a: Samurott|0 fnt|[from] psn\n|faint|p1a: Samurott\n|upkeep\n|\n|t:|1699802189\n|switch|p1a: Great Tusk|Great Tusk|100\/100\n|-damage|p1a: Great Tusk|97\/100|[from] Stealth Rock\n|turn|49\n|\n|t:|1699802194\n|move|p1a: Great Tusk|Rapid Spin|p2a: Dondozo\n|-damage|p2a: Dondozo|89\/100\n|-boost|p1a: Great Tusk|spe|1\n|-sideend|p1: Munchback|Stealth Rock|[from] move: Rapid Spin|[of] p1a: Great Tusk\n|move|p2a: Dondozo|Liquidation|p1a: Great Tusk\n|-supereffective|p1a: Great Tusk\n|-damage|p1a: Great Tusk|61\/100\n|-damage|p2a: Dondozo|73\/100|[from] item: Rocky Helmet|[of] p1a: Great Tusk\n|\n|-heal|p2a: Dondozo|79\/100|[from] item: Leftovers\n|upkeep\n|turn|50\n|\n|t:|1699802204\n|move|p1a: Great Tusk|Bulk Up|p1a: Great Tusk\n|-boost|p1a: Great Tusk|atk|1\n|-boost|p1a: Great Tusk|def|1\n|move|p2a: Dondozo|Curse|p2a: Dondozo\n|-unboost|p2a: Dondozo|spe|1\n|-boost|p2a: Dondozo|atk|1\n|-boost|p2a: Dondozo|def|1\n|\n|-heal|p2a: Dondozo|85\/100|[from] item: Leftovers\n|upkeep\n|turn|51\n|\n|t:|1699802213\n|move|p1a: Great Tusk|Body Press|p2a: Dondozo\n|-damage|p2a: Dondozo|72\/100\n|move|p2a: Dondozo|Liquidation|p1a: Great Tusk\n|-supereffective|p1a: Great Tusk\n|-damage|p1a: Great Tusk|10\/100\n|-damage|p2a: Dondozo|55\/100|[from] item: Rocky Helmet|[of] p1a: Great Tusk\n|\n|-heal|p2a: Dondozo|61\/100|[from] item: Leftovers\n|upkeep\n|turn|52\n|\n|t:|1699802222\n|move|p1a: Great Tusk|Body Press|p2a: Dondozo\n|-crit|p2a: Dondozo\n|-damage|p2a: Dondozo|31\/100\n|move|p2a: Dondozo|Liquidation|p1a: Great Tusk\n|-supereffective|p1a: Great Tusk\n|-damage|p1a: Great Tusk|0 fnt\n|-damage|p2a: Dondozo|15\/100|[from] item: Rocky Helmet|[of] p1a: Great Tusk\n|faint|p1a: Great Tusk\n|-end|p1a: Great Tusk|Protosynthesis|[silent]\n|\n|-heal|p2a: Dondozo|21\/100|[from] item: Leftovers\n|upkeep\n|\n|t:|1699802229\n|switch|p1a: Dragonite|Dragonite, M|100\/100\n|turn|53\n|\n|t:|1699802234\n|move|p1a: Dragonite|Dragon Dance|p1a: Dragonite\n|-boost|p1a: Dragonite|atk|1\n|-boost|p1a: Dragonite|spe|1\n|move|p2a: Dondozo|Rest|p2a: Dondozo\n|-status|p2a: Dondozo|slp|[from] move: Rest\n|-heal|p2a: Dondozo|100\/100 slp|[silent]\n|\n|upkeep\n|turn|54\n|\n|t:|1699802243\n|move|p1a: Dragonite|Iron Head|p2a: Dondozo\n|-resisted|p2a: Dondozo\n|-damage|p2a: Dondozo|96\/100 slp\n|cant|p2a: Dondozo|slp\n|move|p2a: Dondozo|Sleep Talk|p2a: Dondozo\n|move|p2a: Dondozo|Liquidation|p1a: Dragonite|[from]move: Sleep Talk\n|-resisted|p1a: Dragonite\n|-damage|p1a: Dragonite|88\/100\n|\n|-heal|p2a: Dondozo|100\/100 slp|[from] item: Leftovers\n|upkeep\n|turn|55\n|\n|t:|1699802253\n|switch|p1a: Zapdos|Zapdos|63\/100 tox\n|-ability|p1a: Zapdos|Pressure\n|cant|p2a: Dondozo|slp\n|move|p2a: Dondozo|Sleep Talk|p2a: Dondozo\n|move|p2a: Dondozo|Rest||[from]move: Sleep Talk|[still]\n|-fail|p2a: Dondozo\n|\n|-damage|p1a: Zapdos|57\/100 tox|[from] psn\n|upkeep\n|turn|56\n|\n|t:|1699802263\n|switch|p2a: Clodsire|Clodsire, M|46\/100\n|move|p1a: Zapdos|Roost|p1a: Zapdos\n|-heal|p1a: Zapdos|100\/100 tox\n|-singleturn|p1a: Zapdos|move: Roost\n|\n|-damage|p1a: Zapdos|88\/100 tox|[from] psn\n|upkeep\n|turn|57\n|\n|t:|1699802274\n|move|p1a: Zapdos|Hurricane|p2a: Clodsire\n|-damage|p2a: Clodsire|14\/100\n|-start|p2a: Clodsire|confusion\n|-activate|p2a: Clodsire|confusion\n|move|p2a: Clodsire|Recover|p2a: Clodsire\n|-heal|p2a: Clodsire|64\/100\n|\n|-damage|p1a: Zapdos|70\/100 tox|[from] psn\n|upkeep\n|turn|58\n|\n|t:|1699802285\n|switch|p1a: Dragonite|Dragonite, M|88\/100\n|-end|p2a: Clodsire|confusion\n|move|p2a: Clodsire|Recover|p2a: Clodsire\n|-heal|p2a: Clodsire|100\/100\n|\n|upkeep\n|turn|59\n|\n|t:|1699802293\n|switch|p2a: Dondozo|Dondozo, M|100\/100 slp\n|move|p1a: Dragonite|Ice Spinner|p2a: Dondozo\n|-resisted|p2a: Dondozo\n|-damage|p2a: Dondozo|94\/100 slp\n|\n|-heal|p2a: Dondozo|99\/100 slp|[from] item: Leftovers\n|upkeep\n|turn|60\n|\n|t:|1699802304\n|switch|p1a: Zapdos|Zapdos|70\/100 tox\n|-ability|p1a: Zapdos|Pressure\n|-curestatus|p2a: Dondozo|slp|[msg]\n|move|p2a: Dondozo|Curse|p2a: Dondozo\n|-unboost|p2a: Dondozo|spe|1\n|-boost|p2a: Dondozo|atk|1\n|-boost|p2a: Dondozo|def|1\n|\n|-heal|p2a: Dondozo|100\/100|[from] item: Leftovers\n|-damage|p1a: Zapdos|64\/100 tox|[from] psn\n|upkeep\n|turn|61\n|\n|t:|1699802315\n|switch|p2a: Clodsire|Clodsire, M|100\/100\n|move|p1a: Zapdos|Hurricane|p2a: Clodsire\n|-damage|p2a: Clodsire|67\/100\n|\n|-damage|p1a: Zapdos|52\/100 tox|[from] psn\n|upkeep\n|turn|62\n|\n|t:|1699802322\n|switch|p1a: Arboliva|Arboliva, F|46\/100 tox\n|move|p2a: Clodsire|Earthquake|p1a: Arboliva\n|-resisted|p1a: Arboliva\n|-damage|p1a: Arboliva|31\/100 tox\n|\n|-damage|p1a: Arboliva|25\/100 tox|[from] psn\n|-item|p1a: Arboliva|Sitrus Berry|[from] ability: Harvest\n|upkeep\n|-enditem|p1a: Arboliva|Sitrus Berry|[eat]\n|-heal|p1a: Arboliva|50\/100 tox|[from] item: Sitrus Berry\n|turn|63\n|\n|t:|1699802338\n|move|p1a: Arboliva|Giga Drain|p2a: Clodsire\n|-damage|p2a: Clodsire|49\/100\n|-heal|p1a: Arboliva|62\/100 tox|[from] drain|[of] p2a: Clodsire\n|move|p2a: Clodsire|Earthquake|p1a: Arboliva\n|-resisted|p1a: Arboliva\n|-damage|p1a: Arboliva|48\/100 tox\n|\n|-damage|p1a: Arboliva|36\/100 tox|[from] psn\n|upkeep\n|turn|64\n|\n|t:|1699802346\n|move|p1a: Arboliva|Giga Drain|p2a: Clodsire\n|-damage|p2a: Clodsire|33\/100\n|-heal|p1a: Arboliva|46\/100 tox|[from] drain|[of] p2a: Clodsire\n|move|p2a: Clodsire|Earthquake|p1a: Arboliva\n|-resisted|p1a: Arboliva\n|-damage|p1a: Arboliva|33\/100 tox\n|\n|-damage|p1a: Arboliva|15\/100 tox|[from] psn\n|-item|p1a: Arboliva|Sitrus Berry|[from] ability: Harvest\n|upkeep\n|-enditem|p1a: Arboliva|Sitrus Berry|[eat]\n|-heal|p1a: Arboliva|40\/100 tox|[from] item: Sitrus Berry\n|turn|65\n|\n|t:|1699802360\n|move|p1a: Arboliva|Giga Drain|p2a: Clodsire\n|-damage|p2a: Clodsire|16\/100\n|-heal|p1a: Arboliva|51\/100 tox|[from] drain|[of] p2a: Clodsire\n|move|p2a: Clodsire|Earthquake|p1a: Arboliva\n|-resisted|p1a: Arboliva\n|-damage|p1a: Arboliva|36\/100 tox\n|\n|-damage|p1a: Arboliva|12\/100 tox|[from] psn\n|-item|p1a: Arboliva|Sitrus Berry|[from] ability: Harvest\n|upkeep\n|-enditem|p1a: Arboliva|Sitrus Berry|[eat]\n|-heal|p1a: Arboliva|37\/100 tox|[from] item: Sitrus Berry\n|turn|66\n|\n|t:|1699802372\n|switch|p1a: Zapdos|Zapdos|52\/100 tox\n|-ability|p1a: Zapdos|Pressure\n|switch|p2a: Kingambit|Kingambit, M|72\/100\n|-activate|p2a: Kingambit|ability: Supreme Overlord\n|-start|p2a: Kingambit|fallen3|[silent]\n|\n|-heal|p2a: Kingambit|78\/100|[from] item: Leftovers\n|-damage|p1a: Zapdos|46\/100 tox|[from] psn\n|upkeep\n|turn|67\n|\n|t:|1699802382\n|move|p1a: Zapdos|Roost|p1a: Zapdos\n|-heal|p1a: Zapdos|97\/100 tox\n|-singleturn|p1a: Zapdos|move: Roost\n|move|p2a: Kingambit|Kowtow Cleave|p1a: Zapdos\n|-damage|p1a: Zapdos|25\/100 tox\n|\n|-heal|p2a: Kingambit|85\/100|[from] item: Leftovers\n|-damage|p1a: Zapdos|13\/100 tox|[from] psn\n|upkeep\n|turn|68\n|\n|t:|1699802392\n|move|p2a: Kingambit|Sucker Punch|p1a: Zapdos\n|-damage|p1a: Zapdos|0 fnt\n|faint|p1a: Zapdos\n|\n|-heal|p2a: Kingambit|91\/100|[from] item: Leftovers\n|upkeep\n|\n|t:|1699802394\n|switch|p1a: Skeledirge|Skeledirge, F|100\/100\n|turn|69\n|\n|t:|1699802400\n|move|p1a: Skeledirge|Will-O-Wisp|p2a: Kingambit|[miss]\n|-miss|p1a: Skeledirge|p2a: Kingambit\n|move|p2a: Kingambit|Kowtow Cleave|p1a: Skeledirge\n|-supereffective|p1a: Skeledirge\n|-damage|p1a: Skeledirge|0 fnt\n|faint|p1a: Skeledirge\n|\n|-heal|p2a: Kingambit|97\/100|[from] item: Leftovers\n|upkeep\n|-message|Munchback forfeited.\n|\n|win|Giorgio157\n|raw|Munchback's rating: 1220 &rarr; <strong>1201<\/strong><br \/>(-19 for losing)\n|raw|Giorgio157's rating: 1305 &rarr; <strong>1320<\/strong><br \/>(+15 for winning)\n|l|\u2606Munchback\n","uploadtime":1699802413,"views":8,"p1id":"munchback","p2id":"giorgio157","formatid":"gen9ou","rating":1201,"private":0,"password":""}