{"id":"gen9ou-1994057445","p1":"Mikhail 12202","p2":"Redrazor3","format":"[Gen 9] OU","log":"|j|\u2606Mikhail 12202\n|j|\u2606Redrazor3\n|t:|1700401050\n|gametype|singles\n|player|p1|Mikhail 12202|265|1097\n|player|p2|Redrazor3|elesa|1189\n|teamsize|p1|6\n|teamsize|p2|6\n|gen|9\n|tier|[Gen 9] OU\n|rated|\n|rule|Sleep Clause Mod: Limit one foe put to sleep\n|rule|Species Clause: Limit one of each Pok\u00e9mon\n|rule|OHKO Clause: OHKO moves are banned\n|rule|Evasion Items Clause: Evasion items are banned\n|rule|Evasion Moves Clause: Evasion moves are banned\n|rule|Endless Battle Clause: Forcing endless battles is banned\n|rule|HP Percentage Mod: HP is shown in percentages\n|clearpoke\n|poke|p1|Ogerpon-Wellspring, F|\n|poke|p1|Corviknight, F|\n|poke|p1|Sneasler, F|\n|poke|p1|Landorus-Therian, M|\n|poke|p1|Kingambit, F|\n|poke|p1|Chansey, F|\n|poke|p2|Rillaboom, M|\n|poke|p2|Cinderace, M|\n|poke|p2|Ogerpon-Cornerstone, F|\n|poke|p2|Kingambit, F|\n|poke|p2|Great Tusk|\n|poke|p2|Iron Valiant|\n|teampreview\n|inactive|Battle timer is ON: inactive players will automatically lose when time's up. (requested by Redrazor3)\n|\n|t:|1700401080\n|start\n|switch|p1a: Chansey|Chansey, F|100\/100\n|switch|p2a: Great Tusk|Great Tusk|100\/100\n|turn|1\n|\n|t:|1700401087\n|move|p2a: Great Tusk|Stealth Rock|p1a: Chansey\n|-sidestart|p1: Mikhail 12202|move: Stealth Rock\n|move|p1a: Chansey|Body Slam|p2a: Great Tusk\n|-damage|p2a: Great Tusk|96\/100\n|-damage|p1a: Chansey|84\/100|[from] item: Rocky Helmet|[of] p2a: Great Tusk\n|\n|upkeep\n|turn|2\n|\n|t:|1700401103\n|move|p2a: Great Tusk|Earthquake|p1a: Chansey\n|-damage|p1a: Chansey|14\/100\n|move|p1a: Chansey|Body Slam|p2a: Great Tusk\n|-damage|p2a: Great Tusk|91\/100\n|-damage|p1a: Chansey|0 fnt|[from] item: Rocky Helmet|[of] p2a: Great Tusk\n|faint|p1a: Chansey\n|\n|upkeep\n|c|\u2606Redrazor3|body slam chansey is wild\n|\n|t:|1700401126\n|switch|p1a: Corviknight|Corviknight, F|100\/100\n|-damage|p1a: Corviknight|88\/100|[from] Stealth Rock\n|turn|3\n|c|\u2606Redrazor3|!dt seismic toss\n|raw|<ul class=\"utilichart\"><li class=\"result\"><span class=\"col movenamecol\"><a href=\"https:\/\/dex.pokemonshowdown.com\/moves\/seismictoss\">Seismic Toss<\/a><\/span> <span class=\"col typecol\"><img src=\"\/\/play.pokemonshowdown.com\/sprites\/types\/Fighting.png\" alt=\"Fighting\" width=\"32\" height=\"14\"><img src=\"\/\/play.pokemonshowdown.com\/sprites\/categories\/Physical.png\" alt=\"Physical\" width=\"32\" height=\"14\"><\/span> <span class=\"col widelabelcol\"><em>Accuracy<\/em><br>100%<\/span> <span class=\"col pplabelcol\"><em>PP<\/em><br>32<\/span> <span class=\"col movedesccol\">Does damage equal to the user's level.<\/span> <\/li><li style=\"clear:both\"><\/li><\/ul>\n|raw|<font size=\"1\"><font color=\"#686868\">Priority:<\/font> 0&nbsp;|&ThickSpace;<font color=\"#686868\">Gen:<\/font> 1&nbsp;|&ThickSpace;&#10003; Contact&nbsp;|&ThickSpace;<font color=\"#686868\">Z-Power:<\/font> 100&nbsp;|&ThickSpace;<font color=\"#686868\">Dynamax Power:<\/font> 75&nbsp;|&ThickSpace;<font color=\"#686868\">Target:<\/font> One Adjacent Pok\u00e9mon<\/font>\n\n|c|\u2606Redrazor3|Thats the chansey attack\n|l|\u2606Mikhail 12202\n|inactive|Mikhail 12202 disconnected and has a minute to reconnect!\n|player|p1|\n|j|\u2606Mikhail 12202\n|inactive|Mikhail 12202 reconnected.\n|player|p1|Mikhail 12202|265\n|\n|t:|1700401150\n|-end|p2a: Great Tusk|Protosynthesis|[silent]\n|switch|p2a: Cinderace|Cinderace, M|100\/100\n|move|p1a: Corviknight|Defog|p2a: Cinderace\n|-unboost|p2a: Cinderace|evasion|1\n|-sideend|p1: Mikhail 12202|Stealth Rock|[from] move: Defog|[of] p1a: Corviknight\n|\n|upkeep\n|turn|4\n|\n|t:|1700401158\n|switch|p1a: Landorus|Landorus-Therian, M|100\/100\n|-ability|p1a: Landorus|Intimidate|boost\n|-unboost|p2a: Cinderace|atk|1\n|move|p2a: Cinderace|Pyro Ball|p1a: Landorus|[miss]\n|-miss|p2a: Cinderace|p1a: Landorus\n|\n|upkeep\n|turn|5\n|\n|t:|1700401166\n|move|p2a: Cinderace|U-turn|p1a: Landorus\n|-resisted|p1a: Landorus\n|-damage|p1a: Landorus|94\/100\n|-damage|p2a: Cinderace|84\/100|[from] item: Rocky Helmet|[of] p1a: Landorus\n|\n|t:|1700401171\n|switch|p2a: Great Tusk|Great Tusk|91\/100|[from] U-turn\n|move|p1a: Landorus|Stealth Rock|p2a: Great Tusk\n|-sidestart|p2: Redrazor3|move: Stealth Rock\n|\n|upkeep\n|turn|6\n|\n|t:|1700401178\n|move|p2a: Great Tusk|Ice Spinner|p1a: Landorus\n|-supereffective|p1a: Landorus\n|-damage|p1a: Landorus|0 fnt\n|-damage|p2a: Great Tusk|75\/100|[from] item: Rocky Helmet|[of] p1a: Landorus\n|faint|p1a: Landorus\n|\n|upkeep\n|\n|t:|1700401184\n|switch|p1a: Ogerpon|Ogerpon-Wellspring, F|100\/100\n|turn|7\n|\n|t:|1700401212\n|-terastallize|p2a: Great Tusk|Dragon\n|move|p2a: Great Tusk|Stealth Rock|p1a: Ogerpon\n|-sidestart|p1: Mikhail 12202|move: Stealth Rock\n|move|p1a: Ogerpon|Ivy Cudgel|p2a: Great Tusk|[anim] Ivy Cudgel Water\n|-resisted|p2a: Great Tusk\n|-damage|p2a: Great Tusk|56\/100\n|\n|upkeep\n|turn|8\n|\n|t:|1700401225\n|move|p1a: Ogerpon|Zen Headbutt|p2a: Great Tusk\n|-damage|p2a: Great Tusk|35\/100\n|-damage|p1a: Ogerpon|84\/100|[from] item: Rocky Helmet|[of] p2a: Great Tusk\n|move|p2a: Great Tusk|Rapid Spin|p1a: Ogerpon\n|-damage|p1a: Ogerpon|65\/100\n|-boost|p2a: Great Tusk|spe|1\n|-sideend|p2: Redrazor3|Stealth Rock|[from] move: Rapid Spin|[of] p2a: Great Tusk\n|\n|upkeep\n|turn|9\n|\n|t:|1700401235\n|move|p2a: Great Tusk|Ice Spinner|p1a: Ogerpon\n|-damage|p1a: Ogerpon|38\/100\n|move|p1a: Ogerpon|Zen Headbutt|p2a: Great Tusk\n|-damage|p2a: Great Tusk|12\/100\n|-damage|p1a: Ogerpon|22\/100|[from] item: Rocky Helmet|[of] p2a: Great Tusk\n|\n|upkeep\n|turn|10\n|\n|t:|1700401246\n|move|p2a: Great Tusk|Ice Spinner|p1a: Ogerpon\n|-damage|p1a: Ogerpon|0 fnt\n|faint|p1a: Ogerpon\n|\n|upkeep\n|\n|t:|1700401248\n|switch|p1a: Corviknight|Corviknight, F|88\/100\n|-damage|p1a: Corviknight|76\/100|[from] Stealth Rock\n|turn|11\n|\n|t:|1700401257\n|move|p2a: Great Tusk|Ice Spinner|p1a: Corviknight\n|-damage|p1a: Corviknight|59\/100\n|-damage|p2a: Great Tusk|0 fnt|[from] item: Rocky Helmet|[of] p1a: Corviknight\n|faint|p2a: Great Tusk\n|-end|p2a: Great Tusk|Protosynthesis|[silent]\n|move|p1a: Corviknight|Iron Head|p2: Great Tusk|[notarget]\n|-fail|p1a: Corviknight\n|\n|upkeep\n|\n|t:|1700401264\n|switch|p2a: Cinderace|Cinderace, M|84\/100\n|turn|12\n|\n|t:|1700401267\n|move|p2a: Cinderace|Pyro Ball|p1a: Corviknight\n|-supereffective|p1a: Corviknight\n|-damage|p1a: Corviknight|0 fnt\n|faint|p1a: Corviknight\n|\n|upkeep\n|\n|t:|1700401270\n|switch|p1a: Sneasler|Sneasler, F|100\/100\n|-damage|p1a: Sneasler|95\/100|[from] Stealth Rock\n|turn|13\n|\n|t:|1700401275\n|move|p2a: Cinderace|Will-O-Wisp|p1a: Sneasler\n|-status|p1a: Sneasler|brn\n|move|p1a: Sneasler|Close Combat|p2a: Cinderace\n|-damage|p2a: Cinderace|42\/100\n|-unboost|p1a: Sneasler|def|1\n|-unboost|p1a: Sneasler|spd|1\n|-enditem|p1a: Sneasler|White Herb\n|-clearnegativeboost|p1a: Sneasler|[silent]\n|\n|-damage|p1a: Sneasler|89\/100 brn|[from] brn\n|upkeep\n|turn|14\n|inactive|Redrazor3 has 120 seconds left.\n|\n|t:|1700401306\n|move|p1a: Sneasler|Rock Slide|p2a: Cinderace|[miss]\n|-miss|p1a: Sneasler|p2a: Cinderace\n|move|p2a: Cinderace|Pyro Ball|p1a: Sneasler|[miss]\n|-miss|p2a: Cinderace|p1a: Sneasler\n|\n|-damage|p1a: Sneasler|83\/100 brn|[from] brn\n|upkeep\n|turn|15\n|inactive|Redrazor3 has 120 seconds left.\n|\n|t:|1700401333\n|move|p1a: Sneasler|Dire Claw|p2a: Cinderace\n|-damage|p2a: Cinderace|13\/100\n|move|p2a: Cinderace|Pyro Ball|p1a: Sneasler\n|-damage|p1a: Sneasler|0 fnt\n|faint|p1a: Sneasler\n|\n|upkeep\n|\n|t:|1700401339\n|switch|p1a: Kingambit|Kingambit, F|100\/100\n|-damage|p1a: Kingambit|94\/100|[from] Stealth Rock\n|-activate|p1a: Kingambit|ability: Supreme Overlord\n|-start|p1a: Kingambit|fallen5|[silent]\n|turn|16\n|\n|t:|1700401346\n|move|p1a: Kingambit|Sucker Punch||[still]\n|-fail|p1a: Kingambit\n|move|p2a: Cinderace|Will-O-Wisp|p1a: Kingambit\n|-status|p1a: Kingambit|brn\n|\n|-damage|p1a: Kingambit|88\/100 brn|[from] brn\n|upkeep\n|turn|17\n|inactive|Redrazor3 has 120 seconds left.\n|\n|t:|1700401353\n|move|p1a: Kingambit|Sucker Punch|p2a: Cinderace\n|-damage|p2a: Cinderace|0 fnt\n|faint|p2a: Cinderace\n|\n|-damage|p1a: Kingambit|82\/100 brn|[from] brn\n|upkeep\n|inactive|Redrazor3 has 120 seconds left.\n|\n|t:|1700401359\n|switch|p2a: Kingambit|Kingambit, F|100\/100\n|-activate|p2a: Kingambit|ability: Supreme Overlord\n|-start|p2a: Kingambit|fallen2|[silent]\n|-item|p2a: Kingambit|Air Balloon\n|turn|18\n|\n|t:|1700401363\n|move|p1a: Kingambit|Sucker Punch|p2a: Kingambit\n|-resisted|p2a: Kingambit\n|-damage|p2a: Kingambit|86\/100\n|-enditem|p2a: Kingambit|Air Balloon\n|move|p2a: Kingambit|Low Kick|p1a: Kingambit\n|-supereffective|p1a: Kingambit\n|-damage|p1a: Kingambit|0 fnt\n|faint|p1a: Kingambit\n|-end|p1a: Kingambit|fallen5|[silent]\n|\n|win|Redrazor3\n|raw|Mikhail 12202's rating: 1097 &rarr; <strong>1079<\/strong><br \/>(-18 for losing)\n|raw|Redrazor3's rating: 1189 &rarr; <strong>1208<\/strong><br \/>(+19 for winning)\n|l|\u2606Mikhail 12202\n","uploadtime":1700401379,"views":12,"p1id":"mikhail12202","p2id":"redrazor3","formatid":"gen9ou","rating":1079,"private":0,"password":""}