{"id":"gen9ou-1992401797","p1":"PLAYB0I R0BBIE B","p2":"Fiery taco","format":"[Gen 9] OU","log":"|j|\u2606PLAYB0I R0BBIE B\n|j|\u2606Fiery taco\n|t:|1700183342\n|gametype|singles\n|player|p1|PLAYB0I R0BBIE B|eusine|1226\n|player|p2|Fiery taco|buck|1170\n|teamsize|p1|6\n|teamsize|p2|6\n|gen|9\n|tier|[Gen 9] OU\n|rated|\n|rule|Sleep Clause Mod: Limit one foe put to sleep\n|rule|Species Clause: Limit one of each Pok\u00e9mon\n|rule|OHKO Clause: OHKO moves are banned\n|rule|Evasion Items Clause: Evasion items are banned\n|rule|Evasion Moves Clause: Evasion moves are banned\n|rule|Endless Battle Clause: Forcing endless battles is banned\n|rule|HP Percentage Mod: HP is shown in percentages\n|clearpoke\n|poke|p1|Meowscarada, F|\n|poke|p1|Thundurus-Therian, M|\n|poke|p1|Dragapult, F|\n|poke|p1|Heatran, F|\n|poke|p1|Great Tusk|\n|poke|p1|Slowking-Galar, M|\n|poke|p2|Rillaboom, M|\n|poke|p2|Iron Moth|\n|poke|p2|Alomomola, F|\n|poke|p2|Ribombee, F|\n|poke|p2|Sneasler, F|\n|poke|p2|Great Tusk|\n|teampreview\n|inactive|Battle timer is ON: inactive players will automatically lose when time's up. (requested by Fiery taco)\n|inactive|Fiery taco has 120 seconds left.\n|l|\u2606Fiery taco\n|inactive|Fiery taco disconnected and has a minute to reconnect!\n|player|p2|\n|inactive|Fiery taco has 30 seconds to reconnect!\n|j|\u2606Fiery taco\n|inactive|Fiery taco reconnected and has 60 seconds left.\n|player|p2|Fiery taco|buck\n|\n|t:|1700183439\n|start\n|switch|p1a: 5% TINT|Heatran, F|100\/100\n|switch|p2a: Alomomola|Alomomola, F|100\/100\n|-item|p1a: 5% TINT|Air Balloon\n|turn|1\n|\n|t:|1700183452\n|switch|p1a: WAKE UP|Slowking-Galar, M|100\/100\n|move|p2a: Alomomola|Flip Turn|p1a: WAKE UP\n|-damage|p1a: WAKE UP|84\/100\n|inactive|Fiery taco has 120 seconds left.\n|\n|t:|1700183463\n|switch|p2a: Ribombee|Ribombee, F|100\/100|[from] Flip Turn\n|\n|upkeep\n|turn|2\n|\n|t:|1700183467\n|move|p2a: Ribombee|Sticky Web|p1a: WAKE UP\n|-sidestart|p1: PLAYB0I R0BBIE B|move: Sticky Web\n|move|p1a: WAKE UP|Sludge Bomb|p2a: Ribombee\n|-supereffective|p2a: Ribombee\n|-enditem|p2a: Ribombee|Focus Sash\n|-damage|p2a: Ribombee|1\/100\n|\n|upkeep\n|turn|3\n|\n|t:|1700183475\n|switch|p2a: Great Tusk|Great Tusk|100\/100\n|move|p1a: WAKE UP|Future Sight|p2a: Great Tusk\n|-start|p1a: WAKE UP|move: Future Sight\n|\n|upkeep\n|turn|4\n|\n|t:|1700183479\n|move|p2a: Great Tusk|Earthquake|p1a: WAKE UP\n|-supereffective|p1a: WAKE UP\n|-damage|p1a: WAKE UP|0 fnt\n|faint|p1a: WAKE UP\n|\n|upkeep\n|\n|t:|1700183482\n|switch|p1a: YOSEMITE|Great Tusk|100\/100\n|turn|5\n|\n|t:|1700183495\n|move|p1a: YOSEMITE|Rapid Spin|p2a: Great Tusk\n|-damage|p2a: Great Tusk|89\/100\n|-boost|p1a: YOSEMITE|spe|1\n|-sideend|p1: PLAYB0I R0BBIE B|Sticky Web|[from] move: Rapid Spin|[of] p1a: YOSEMITE\n|move|p2a: Great Tusk|Ice Spinner|p1a: YOSEMITE\n|-supereffective|p1a: YOSEMITE\n|-damage|p1a: YOSEMITE|53\/100\n|\n|-end|p2a: Great Tusk|move: Future Sight\n|-supereffective|p2a: Great Tusk\n|-damage|p2a: Great Tusk|0 fnt\n|faint|p2a: Great Tusk\n|-end|p2a: Great Tusk|Protosynthesis|[silent]\n|upkeep\n|\n|t:|1700183502\n|switch|p2a: Rillaboom|Rillaboom, M|100\/100\n|-fieldstart|move: Grassy Terrain|[from] ability: Grassy Surge|[of] p2a: Rillaboom\n|turn|6\n|\n|t:|1700183508\n|-terastallize|p1a: YOSEMITE|Poison\n|move|p1a: YOSEMITE|Ice Spinner|p2a: Rillaboom\n|-supereffective|p2a: Rillaboom\n|-damage|p2a: Rillaboom|42\/100\n|-fieldend|move: Grassy Terrain\n|move|p2a: Rillaboom|Swords Dance|p2a: Rillaboom\n|-boost|p2a: Rillaboom|atk|2\n|\n|upkeep\n|turn|7\n|\n|t:|1700183514\n|move|p1a: YOSEMITE|Ice Spinner|p2a: Rillaboom\n|-supereffective|p2a: Rillaboom\n|-damage|p2a: Rillaboom|0 fnt\n|faint|p2a: Rillaboom\n|\n|upkeep\n|\n|t:|1700183519\n|switch|p2a: Sneasler|Sneasler, F|100\/100\n|turn|8\n|\n|t:|1700183523\n|move|p2a: Sneasler|Fake Out|p1a: YOSEMITE\n|-damage|p1a: YOSEMITE|40\/100\n|cant|p1a: YOSEMITE|flinch\n|\n|upkeep\n|turn|9\n|-message|Fiery taco forfeited.\n|\n|win|PLAYB0I R0BBIE B\n|raw|PLAYB0I R0BBIE B's rating: 1226 &rarr; <strong>1247<\/strong><br \/>(+21 for winning)\n|raw|Fiery taco's rating: 1170 &rarr; <strong>1149<\/strong><br \/>(-21 for losing)\n|l|\u2606Fiery taco\n","uploadtime":1700183528,"views":8,"p1id":"playb0ir0bbieb","p2id":"fierytaco","formatid":"gen9ou","rating":1149,"private":0,"password":""}