{"id":"gen9ou-1997100831","p1":"s1uttyst0ner555","p2":"DarthSeven","format":"[Gen 9] OU","log":"|j|\u2606s1uttyst0ner555\n|j|\u2606DarthSeven\n|t:|1700764580\n|gametype|singles\n|player|p1|s1uttyst0ner555|marlon|1134\n|player|p2|DarthSeven|allister-masters|1094\n|teamsize|p1|6\n|teamsize|p2|6\n|gen|9\n|tier|[Gen 9] OU\n|rated|\n|rule|Sleep Clause Mod: Limit one foe put to sleep\n|rule|Species Clause: Limit one of each Pok\u00e9mon\n|rule|OHKO Clause: OHKO moves are banned\n|rule|Evasion Items Clause: Evasion items are banned\n|rule|Evasion Moves Clause: Evasion moves are banned\n|rule|Endless Battle Clause: Forcing endless battles is banned\n|rule|HP Percentage Mod: HP is shown in percentages\n|clearpoke\n|poke|p1|Ambipom, F|\n|poke|p1|Milotic, F|\n|poke|p1|Mienshao, F|\n|poke|p1|Ninetales-Alola, F|\n|poke|p1|Ribombee, F|\n|poke|p1|Infernape, F|\n|poke|p2|Kingambit, M|\n|poke|p2|Meowscarada, F|\n|poke|p2|Armarouge, M|\n|poke|p2|Iron Valiant|\n|poke|p2|Garganacl, M|\n|poke|p2|Pawmot, F|\n|teampreview\n|inactive|Battle timer is ON: inactive players will automatically lose when time's up. (requested by DarthSeven)\n|c|\u2606s1uttyst0ner555|yooooooo\n|c|\u2606s1uttyst0ner555|im stoned\n|c|\u2606s1uttyst0ner555|juust drank grindr milk\n|\n|t:|1700764604\n|start\n|switch|p1a: Ambipom|Ambipom, F, shiny|100\/100\n|switch|p2a: Garganacl|Garganacl, M|100\/100\n|turn|1\n|\n|t:|1700764610\n|move|p1a: Ambipom|Fake Out|p2a: Garganacl\n|-enditem|p1a: Ambipom|Normal Gem|[from] gem\n|-resisted|p2a: Garganacl\n|-damage|p2a: Garganacl|90\/100\n|cant|p2a: Garganacl|flinch\n|\n|upkeep\n|turn|2\n|\n|t:|1700764617\n|move|p1a: Ambipom|Knock Off|p2a: Garganacl\n|-damage|p2a: Garganacl|75\/100\n|-enditem|p2a: Garganacl|Booster Energy|[from] move: Knock Off|[of] p1a: Ambipom\n|move|p2a: Garganacl|Iron Defense|p2a: Garganacl\n|-boost|p2a: Garganacl|def|2\n|\n|upkeep\n|turn|3\n|\n|t:|1700764625\n|switch|p1a: Milotic|Milotic, F, shiny|100\/100\n|move|p2a: Garganacl|Iron Defense|p2a: Garganacl\n|-boost|p2a: Garganacl|def|2\n|\n|upkeep\n|turn|4\n|\n|t:|1700764635\n|-terastallize|p2a: Garganacl|Ghost\n|move|p1a: Milotic|Scald|p2a: Garganacl\n|-damage|p2a: Garganacl|53\/100\n|move|p2a: Garganacl|Recover|p2a: Garganacl\n|-heal|p2a: Garganacl|100\/100\n|\n|upkeep\n|turn|5\n|\n|t:|1700764644\n|move|p1a: Milotic|Scald|p2a: Garganacl\n|-damage|p2a: Garganacl|79\/100\n|move|p2a: Garganacl|Iron Defense|p2a: Garganacl\n|-boost|p2a: Garganacl|def|2\n|\n|upkeep\n|turn|6\n|\n|t:|1700764651\n|move|p1a: Milotic|Scald|p2a: Garganacl\n|-damage|p2a: Garganacl|56\/100\n|move|p2a: Garganacl|Body Press|p1a: Milotic\n|-damage|p1a: Milotic|23\/100\n|\n|-heal|p1a: Milotic|29\/100|[from] item: Leftovers\n|upkeep\n|turn|7\n|\n|t:|1700764660\n|move|p1a: Milotic|Scald|p2a: Garganacl\n|-damage|p2a: Garganacl|32\/100\n|move|p2a: Garganacl|Recover|p2a: Garganacl\n|-heal|p2a: Garganacl|82\/100\n|\n|-heal|p1a: Milotic|35\/100|[from] item: Leftovers\n|upkeep\n|turn|8\n|\n|t:|1700764669\n|move|p1a: Milotic|Scald|p2a: Garganacl\n|-damage|p2a: Garganacl|61\/100\n|move|p2a: Garganacl|Body Press|p1a: Milotic\n|-damage|p1a: Milotic|0 fnt\n|faint|p1a: Milotic\n|\n|upkeep\n|\n|t:|1700764680\n|switch|p1a: Ribombee|Ribombee, F, shiny|100\/100\n|turn|9\n|\n|t:|1700764685\n|move|p1a: Ribombee|Sticky Web|p2a: Garganacl\n|-sidestart|p2: DarthSeven|move: Sticky Web\n|move|p2a: Garganacl|Recover|p2a: Garganacl\n|-heal|p2a: Garganacl|100\/100\n|\n|upkeep\n|turn|10\n|\n|t:|1700764691\n|move|p1a: Ribombee|Quiver Dance|p1a: Ribombee\n|-boost|p1a: Ribombee|spa|1\n|-boost|p1a: Ribombee|spd|1\n|-boost|p1a: Ribombee|spe|1\n|move|p2a: Garganacl|Salt Cure|p1a: Ribombee\n|-supereffective|p1a: Ribombee\n|-damage|p1a: Ribombee|40\/100\n|\n|upkeep\n|turn|11\n|\n|t:|1700764705\n|move|p1a: Ribombee|Moonblast|p2a: Garganacl\n|-damage|p2a: Garganacl|48\/100\n|move|p2a: Garganacl|Body Press|p1a: Ribombee\n|-resisted|p1a: Ribombee\n|-damage|p1a: Ribombee|0 fnt\n|faint|p1a: Ribombee\n|\n|upkeep\n|\n|t:|1700764716\n|switch|p1a: Ninetales|Ninetales-Alola, F, shiny|100\/100\n|-weather|Snow|[from] ability: Snow Warning|[of] p1a: Ninetales\n|turn|12\n|\n|t:|1700764723\n|-terastallize|p1a: Ninetales|Ice\n|move|p1a: Ninetales|Blizzard|p2a: Garganacl\n|-damage|p2a: Garganacl|1\/100\n|move|p2a: Garganacl|Recover|p2a: Garganacl\n|-heal|p2a: Garganacl|51\/100\n|\n|-weather|Snow|[upkeep]\n|upkeep\n|turn|13\n|\n|t:|1700764733\n|move|p1a: Ninetales|Blizzard|p2a: Garganacl\n|-damage|p2a: Garganacl|5\/100\n|move|p2a: Garganacl|Recover|p2a: Garganacl\n|-heal|p2a: Garganacl|55\/100\n|\n|-weather|Snow|[upkeep]\n|upkeep\n|turn|14\n|\n|t:|1700764741\n|move|p1a: Ninetales|Blizzard|p2a: Garganacl\n|-damage|p2a: Garganacl|8\/100\n|move|p2a: Garganacl|Recover|p2a: Garganacl\n|-heal|p2a: Garganacl|58\/100\n|\n|-weather|Snow|[upkeep]\n|upkeep\n|turn|15\n|\n|t:|1700764750\n|move|p1a: Ninetales|Blizzard|p2a: Garganacl\n|-damage|p2a: Garganacl|11\/100\n|move|p2a: Garganacl|Body Press|p1a: Ninetales\n|-supereffective|p1a: Ninetales\n|-damage|p1a: Ninetales|0 fnt\n|faint|p1a: Ninetales\n|\n|-weather|Snow|[upkeep]\n|upkeep\n|\n|t:|1700764766\n|switch|p1a: Mienshao|Mienshao, F, shiny|100\/100\n|turn|16\n|\n|t:|1700764773\n|move|p1a: Mienshao|Stone Edge|p2a: Garganacl\n|-crit|p2a: Garganacl\n|-damage|p2a: Garganacl|0 fnt\n|faint|p2a: Garganacl\n|-damage|p1a: Mienshao|91\/100|[from] item: Life Orb\n|\n|-weather|none\n|upkeep\n|\n|t:|1700764781\n|switch|p2a: Iron Valiant|Iron Valiant|100\/100\n|-activate|p2a: Iron Valiant|move: Sticky Web\n|-unboost|p2a: Iron Valiant|spe|1\n|-enditem|p2a: Iron Valiant|Booster Energy\n|-activate|p2a: Iron Valiant|ability: Quark Drive|[fromitem]\n|-start|p2a: Iron Valiant|quarkdriveatk\n|turn|17\n|\n|t:|1700764794\n|move|p1a: Mienshao|U-turn|p2a: Iron Valiant\n|-resisted|p2a: Iron Valiant\n|-damage|p2a: Iron Valiant|90\/100\n|-damage|p1a: Mienshao|81\/100|[from] item: Life Orb\n|\n|t:|1700764799\n|switch|p1a: Ambipom|Ambipom, F, shiny|100\/100|[from] U-turn\n|move|p2a: Iron Valiant|Swords Dance|p2a: Iron Valiant\n|-boost|p2a: Iron Valiant|atk|2\n|\n|upkeep\n|turn|18\n|\n|t:|1700764809\n|move|p1a: Ambipom|Acrobatics|p2a: Iron Valiant\n|-supereffective|p2a: Iron Valiant\n|-damage|p2a: Iron Valiant|5\/100\n|move|p2a: Iron Valiant|Close Combat|p1a: Ambipom\n|-supereffective|p1a: Ambipom\n|-damage|p1a: Ambipom|0 fnt\n|-unboost|p2a: Iron Valiant|def|1\n|-unboost|p2a: Iron Valiant|spd|1\n|faint|p1a: Ambipom\n|\n|upkeep\n|\n|t:|1700764818\n|switch|p1a: Mienshao|Mienshao, F, shiny|100\/100\n|turn|19\n|\n|t:|1700764827\n|move|p1a: Mienshao|Fake Out|p2a: Iron Valiant\n|-crit|p2a: Iron Valiant\n|-damage|p2a: Iron Valiant|0 fnt\n|faint|p2a: Iron Valiant\n|-end|p2a: Iron Valiant|Quark Drive|[silent]\n|-damage|p1a: Mienshao|91\/100|[from] item: Life Orb\n|\n|upkeep\n|c|\u2606DarthSeven|Gg\n|\n|t:|1700764833\n|switch|p2a: Pawmot|Pawmot, F, shiny|100\/100\n|-activate|p2a: Pawmot|move: Sticky Web\n|-unboost|p2a: Pawmot|spe|1\n|turn|20\n|\n|t:|1700764839\n|move|p1a: Mienshao|High Jump Kick|p2a: Pawmot\n|-damage|p2a: Pawmot|0 fnt\n|faint|p2a: Pawmot\n|-damage|p1a: Mienshao|81\/100|[from] item: Life Orb\n|\n|upkeep\n|\n|t:|1700764845\n|switch|p2a: Armarouge|Armarouge, M|100\/100\n|-activate|p2a: Armarouge|move: Sticky Web\n|-unboost|p2a: Armarouge|spe|1\n|turn|21\n|\n|t:|1700764851\n|move|p1a: Mienshao|Stone Edge|p2a: Armarouge\n|-supereffective|p2a: Armarouge\n|-damage|p2a: Armarouge|7\/100\n|-damage|p1a: Mienshao|71\/100|[from] item: Life Orb\n|move|p2a: Armarouge|Psyshock|p1a: Mienshao\n|-supereffective|p1a: Mienshao\n|-damage|p1a: Mienshao|0 fnt\n|faint|p1a: Mienshao\n|\n|upkeep\n|\n|t:|1700764860\n|switch|p1a: Infernape|Infernape, F, shiny|100\/100\n|turn|22\n|\n|t:|1700764867\n|move|p1a: Infernape|Drain Punch|p2a: Armarouge\n|-resisted|p2a: Armarouge\n|-damage|p2a: Armarouge|0 fnt\n|faint|p2a: Armarouge\n|\n|upkeep\n|\n|t:|1700764878\n|switch|p2a: Meowscarada|Meowscarada, F|100\/100\n|-activate|p2a: Meowscarada|move: Sticky Web\n|-unboost|p2a: Meowscarada|spe|1\n|turn|23\n|\n|t:|1700764886\n|move|p1a: Infernape|Drain Punch|p2a: Meowscarada\n|-supereffective|p2a: Meowscarada\n|-damage|p2a: Meowscarada|0 fnt\n|faint|p2a: Meowscarada\n|\n|upkeep\n|\n|t:|1700764892\n|switch|p2a: Kingambit|Kingambit, M|100\/100\n|-activate|p2a: Kingambit|move: Sticky Web\n|-unboost|p2a: Kingambit|spe|1\n|-activate|p2a: Kingambit|ability: Supreme Overlord\n|-start|p2a: Kingambit|fallen5|[silent]\n|turn|24\n|c|\u2606DarthSeven|O\n|\n|t:|1700764899\n|move|p2a: Kingambit|Sucker Punch|p1a: Infernape\n|-resisted|p1a: Infernape\n|-damage|p1a: Infernape|41\/100\n|move|p1a: Infernape|Drain Punch|p2a: Kingambit\n|-supereffective|p2a: Kingambit\n|-crit|p2a: Kingambit\n|-damage|p2a: Kingambit|0 fnt\n|-heal|p1a: Infernape|100\/100|[from] drain|[of] p2a: Kingambit\n|faint|p2a: Kingambit\n|-end|p2a: Kingambit|fallen5|[silent]\n|\n|win|s1uttyst0ner555\n|raw|s1uttyst0ner555's rating: 1134 &rarr; <strong>1156<\/strong><br \/>(+22 for winning)\n|raw|DarthSeven's rating: 1094 &rarr; <strong>1073<\/strong><br \/>(-21 for losing)\n","uploadtime":1700764910,"views":5,"p1id":"s1uttyst0ner555","p2id":"darthseven","formatid":"gen9ou","rating":1073,"private":0,"password":""}