{"id":"gen9ou-1994900440","p1":"Songfossil","p2":"newamenta 999","format":"[Gen 9] OU","log":"|j|\u2606Songfossil\n|j|\u2606newamenta 999\n|t:|1700502991\n|gametype|singles\n|player|p1|Songfossil|1|1094\n|player|p2|newamenta 999|265|1168\n|teamsize|p1|6\n|teamsize|p2|6\n|gen|9\n|tier|[Gen 9] OU\n|rated|\n|rule|Sleep Clause Mod: Limit one foe put to sleep\n|rule|Species Clause: Limit one of each Pok\u00e9mon\n|rule|OHKO Clause: OHKO moves are banned\n|rule|Evasion Items Clause: Evasion items are banned\n|rule|Evasion Moves Clause: Evasion moves are banned\n|rule|Endless Battle Clause: Forcing endless battles is banned\n|rule|HP Percentage Mod: HP is shown in percentages\n|clearpoke\n|poke|p1|Iron Moth|\n|poke|p1|Torkoal, F|\n|poke|p1|Lilligant-Hisui, F|\n|poke|p1|Samurott-Hisui, F|\n|poke|p1|Great Tusk|\n|poke|p1|Glimmora, F|\n|poke|p2|Hoopa-Unbound|\n|poke|p2|Magnezone|\n|poke|p2|Walking Wake|\n|poke|p2|Torkoal, M|\n|poke|p2|Arcanine-Hisui, M|\n|poke|p2|Kingambit, M|\n|teampreview\n|\n|t:|1700503000\n|start\n|switch|p1a: Glimmora|Glimmora, F|100\/100\n|switch|p2a: Magnezone|Magnezone|100\/100\n|turn|1\n|\n|t:|1700503006\n|move|p1a: Glimmora|Rock Polish|p1a: Glimmora\n|-boost|p1a: Glimmora|spe|2\n|move|p2a: Magnezone|Volt Switch|p1a: Glimmora\n|-damage|p1a: Glimmora|53\/100\n|\n|t:|1700503016\n|switch|p2a: Walking Wake|Walking Wake|100\/100|[from] Volt Switch\n|\n|upkeep\n|turn|2\n|\n|t:|1700503029\n|move|p1a: Glimmora|Sludge Bomb|p2a: Walking Wake\n|-damage|p2a: Walking Wake|43\/100\n|move|p2a: Walking Wake|Hydro Steam|p1a: Glimmora\n|-supereffective|p1a: Glimmora\n|-damage|p1a: Glimmora|0 fnt\n|faint|p1a: Glimmora\n|\n|-heal|p2a: Walking Wake|49\/100|[from] item: Leftovers\n|upkeep\n|\n|t:|1700503040\n|switch|p1a: Samurott|Samurott-Hisui, F|100\/100\n|turn|3\n|\n|t:|1700503043\n|-end|p2a: Walking Wake|Protosynthesis|[silent]\n|switch|p2a: Torkoal|Torkoal, M|100\/100\n|-weather|SunnyDay|[from] ability: Drought|[of] p2a: Torkoal\n|move|p1a: Samurott|Ceaseless Edge|p2a: Torkoal\n|-damage|p2a: Torkoal|78\/100\n|-sidestart|p2: newamenta 999|Spikes\n|\n|-weather|SunnyDay|[upkeep]\n|upkeep\n|turn|4\n|\n|t:|1700503052\n|move|p1a: Samurott|Flip Turn|p2a: Torkoal\n|-supereffective|p2a: Torkoal\n|-damage|p2a: Torkoal|62\/100\n|\n|t:|1700503054\n|switch|p1a: Iron Moth|Iron Moth|100\/100|[from] Flip Turn\n|-enditem|p1a: Iron Moth|Booster Energy\n|-activate|p1a: Iron Moth|ability: Quark Drive|[fromitem]\n|-start|p1a: Iron Moth|quarkdrivespa\n|move|p2a: Torkoal|Will-O-Wisp|p1a: Iron Moth|[miss]\n|-miss|p2a: Torkoal|p1a: Iron Moth\n|\n|-weather|SunnyDay|[upkeep]\n|upkeep\n|turn|5\n|\n|t:|1700503063\n|move|p1a: Iron Moth|Substitute|p1a: Iron Moth\n|-start|p1a: Iron Moth|Substitute\n|-damage|p1a: Iron Moth|76\/100\n|move|p2a: Torkoal|Rapid Spin|p1a: Iron Moth\n|-activate|p1a: Iron Moth|move: Substitute|[damage]\n|-sideend|p2: newamenta 999|Spikes|[from] move: Rapid Spin|[of] p2a: Torkoal\n|-boost|p2a: Torkoal|spe|1\n|\n|-weather|SunnyDay|[upkeep]\n|upkeep\n|turn|6\n|\n|t:|1700503070\n|move|p1a: Iron Moth|Sludge Wave|p2a: Torkoal\n|-damage|p2a: Torkoal|0 fnt\n|faint|p2a: Torkoal\n|\n|-weather|SunnyDay|[upkeep]\n|upkeep\n|\n|t:|1700503079\n|switch|p2a: Arcanine|Arcanine-Hisui, M|100\/100\n|turn|7\n|\n|t:|1700503084\n|-terastallize|p1a: Iron Moth|Grass\n|move|p2a: Arcanine|Extreme Speed|p1a: Iron Moth\n|-end|p1a: Iron Moth|Substitute\n|move|p1a: Iron Moth|Solar Beam||[still]\n|-prepare|p1a: Iron Moth|Solar Beam\n|-anim|p1a: Iron Moth|Solar Beam|p2a: Arcanine\n|-damage|p2a: Arcanine|0 fnt\n|faint|p2a: Arcanine\n|\n|-weather|none\n|upkeep\n|\n|t:|1700503097\n|switch|p2a: Hoopa|Hoopa-Unbound|100\/100\n|turn|8\n|\n|t:|1700503104\n|-end|p1a: Iron Moth|Quark Drive|[silent]\n|switch|p1a: Torkoal|Torkoal, F|100\/100\n|-weather|SunnyDay|[from] ability: Drought|[of] p1a: Torkoal\n|move|p2a: Hoopa|Ice Punch|p1a: Torkoal\n|-resisted|p1a: Torkoal\n|-damage|p1a: Torkoal|90\/100\n|\n|-weather|SunnyDay|[upkeep]\n|upkeep\n|turn|9\n|\n|t:|1700503112\n|switch|p2a: Walking Wake|Walking Wake|49\/100\n|-activate|p2a: Walking Wake|ability: Protosynthesis\n|-start|p2a: Walking Wake|protosynthesisspa\n|move|p1a: Torkoal|Stealth Rock|p2a: Walking Wake\n|-sidestart|p2: newamenta 999|move: Stealth Rock\n|\n|-weather|SunnyDay|[upkeep]\n|-heal|p2a: Walking Wake|55\/100|[from] item: Leftovers\n|upkeep\n|turn|10\n|\n|t:|1700503122\n|switch|p1a: Samurott|Samurott-Hisui, F|100\/100\n|move|p2a: Walking Wake|Hydro Steam|p1a: Samurott\n|-resisted|p1a: Samurott\n|-damage|p1a: Samurott|63\/100\n|\n|-weather|SunnyDay|[upkeep]\n|-heal|p2a: Walking Wake|61\/100|[from] item: Leftovers\n|upkeep\n|turn|11\n|\n|t:|1700503131\n|move|p2a: Walking Wake|Draco Meteor|p1a: Samurott\n|-damage|p1a: Samurott|0 fnt\n|-unboost|p2a: Walking Wake|spa|2\n|faint|p1a: Samurott\n|\n|-weather|SunnyDay|[upkeep]\n|-heal|p2a: Walking Wake|67\/100|[from] item: Leftovers\n|upkeep\n|\n|t:|1700503134\n|switch|p1a: Lilligant|Lilligant-Hisui, F|100\/100\n|turn|12\n|\n|t:|1700503143\n|move|p1a: Lilligant|Close Combat|p2a: Walking Wake\n|-damage|p2a: Walking Wake|0 fnt\n|-unboost|p1a: Lilligant|def|1\n|-unboost|p1a: Lilligant|spd|1\n|faint|p2a: Walking Wake\n|-end|p2a: Walking Wake|Protosynthesis|[silent]\n|\n|-weather|SunnyDay|[upkeep]\n|upkeep\n|\n|t:|1700503150\n|switch|p2a: Kingambit|Kingambit, M|100\/100\n|-damage|p2a: Kingambit|94\/100|[from] Stealth Rock\n|-activate|p2a: Kingambit|ability: Supreme Overlord\n|-start|p2a: Kingambit|fallen3|[silent]\n|turn|13\n|\n|t:|1700503156\n|-terastallize|p2a: Kingambit|Flying\n|move|p1a: Lilligant|Close Combat|p2a: Kingambit\n|-resisted|p2a: Kingambit\n|-damage|p2a: Kingambit|65\/100\n|-unboost|p1a: Lilligant|def|1\n|-unboost|p1a: Lilligant|spd|1\n|move|p2a: Kingambit|Swords Dance|p2a: Kingambit\n|-boost|p2a: Kingambit|atk|2\n|\n|-weather|SunnyDay|[upkeep]\n|upkeep\n|turn|14\n|\n|t:|1700503166\n|switch|p1a: Great Tusk|Great Tusk|100\/100\n|-activate|p1a: Great Tusk|ability: Protosynthesis\n|-start|p1a: Great Tusk|protosynthesisatk\n|move|p2a: Kingambit|Iron Head|p1a: Great Tusk\n|-damage|p1a: Great Tusk|17\/100\n|-enditem|p1a: Great Tusk|Red Card|[of] p2a: Kingambit\n|-end|p2a: Kingambit|fallen3|[silent]\n|drag|p2a: Hoopa|Hoopa-Unbound|100\/100\n|-damage|p2a: Hoopa|88\/100|[from] Stealth Rock\n|\n|-weather|SunnyDay|[upkeep]\n|upkeep\n|turn|15\n|\n|t:|1700503179\n|move|p2a: Hoopa|Hyperspace Fury|p1a: Great Tusk\n|-resisted|p1a: Great Tusk\n|-damage|p1a: Great Tusk|0 fnt\n|-unboost|p2a: Hoopa|def|1\n|faint|p1a: Great Tusk\n|-end|p1a: Great Tusk|Protosynthesis|[silent]\n|\n|-weather|none\n|upkeep\n|\n|t:|1700503182\n|switch|p1a: Torkoal|Torkoal, F|90\/100\n|-weather|SunnyDay|[from] ability: Drought|[of] p1a: Torkoal\n|turn|16\n|\n|t:|1700503189\n|switch|p2a: Magnezone|Magnezone|100\/100\n|-damage|p2a: Magnezone|94\/100|[from] Stealth Rock\n|move|p1a: Torkoal|Lava Plume|p2a: Magnezone\n|-supereffective|p2a: Magnezone\n|-damage|p2a: Magnezone|30\/100\n|-status|p2a: Magnezone|brn\n|\n|-weather|SunnyDay|[upkeep]\n|-damage|p2a: Magnezone|24\/100 brn|[from] brn\n|upkeep\n|turn|17\n|\n|t:|1700503201\n|move|p2a: Magnezone|Thunderbolt|p1a: Torkoal\n|-damage|p1a: Torkoal|31\/100\n|move|p1a: Torkoal|Lava Plume|p2a: Magnezone\n|-supereffective|p2a: Magnezone\n|-damage|p2a: Magnezone|0 fnt\n|faint|p2a: Magnezone\n|\n|-weather|SunnyDay|[upkeep]\n|upkeep\n|\n|t:|1700503214\n|switch|p2a: Kingambit|Kingambit, M, tera:Flying|65\/100\n|-damage|p2a: Kingambit|40\/100|[from] Stealth Rock\n|-activate|p2a: Kingambit|ability: Supreme Overlord\n|-start|p2a: Kingambit|fallen4|[silent]\n|turn|18\n|\n|t:|1700503229\n|move|p2a: Kingambit|Kowtow Cleave|p1a: Torkoal\n|-damage|p1a: Torkoal|0 fnt\n|faint|p1a: Torkoal\n|\n|-weather|SunnyDay|[upkeep]\n|upkeep\n|\n|t:|1700503234\n|switch|p1a: Iron Moth|Iron Moth, tera:Grass|76\/100\n|turn|19\n|\n|t:|1700503237\n|move|p2a: Kingambit|Sucker Punch||[still]\n|-fail|p2a: Kingambit\n|move|p1a: Iron Moth|Substitute|p1a: Iron Moth\n|-start|p1a: Iron Moth|Substitute\n|-damage|p1a: Iron Moth|51\/100\n|\n|-weather|SunnyDay|[upkeep]\n|upkeep\n|turn|20\n|\n|t:|1700503242\n|move|p2a: Kingambit|Sucker Punch|p1a: Iron Moth\n|-end|p1a: Iron Moth|Substitute\n|move|p1a: Iron Moth|Fiery Dance|p2a: Kingambit\n|-damage|p2a: Kingambit|0 fnt\n|-boost|p1a: Iron Moth|spa|1\n|faint|p2a: Kingambit\n|-end|p2a: Kingambit|fallen4|[silent]\n|\n|-weather|SunnyDay|[upkeep]\n|upkeep\n|\n|t:|1700503250\n|switch|p2a: Hoopa|Hoopa-Unbound|88\/100\n|-damage|p2a: Hoopa|76\/100|[from] Stealth Rock\n|turn|21\n|\n|t:|1700503257\n|move|p2a: Hoopa|Zen Headbutt|p1a: Iron Moth\n|-damage|p1a: Iron Moth|0 fnt\n|faint|p1a: Iron Moth\n|-end|p1a: Iron Moth|Quark Drive|[silent]\n|\n|-weather|SunnyDay|[upkeep]\n|upkeep\n|\n|t:|1700503259\n|switch|p1a: Lilligant|Lilligant-Hisui, F|100\/100\n|turn|22\n|\n|t:|1700503264\n|move|p1a: Lilligant|Solar Blade||[still]\n|-prepare|p1a: Lilligant|Solar Blade\n|-anim|p1a: Lilligant|Solar Blade|p2a: Hoopa\n|-damage|p2a: Hoopa|0 fnt\n|faint|p2a: Hoopa\n|\n|win|Songfossil\n|raw|Songfossil's rating: 1094 &rarr; <strong>1125<\/strong><br \/>(+31 for winning)\n|raw|newamenta 999's rating: 1168 &rarr; <strong>1138<\/strong><br \/>(-30 for losing)\n|l|\u2606newamenta 999\n","uploadtime":1700503269,"views":11,"p1id":"songfossil","p2id":"newamenta999","formatid":"gen9ou","rating":1125,"private":0,"password":""}