{"id":"gen9ou-2000186098","p1":"trap x loop","p2":"Yo Azz Is GOOBED","format":"[Gen 9] OU","log":"|j|\u2606trap x loop\n|j|\u2606Yo Azz Is GOOBED\n|t:|1701169116\n|gametype|singles\n|player|p1|trap x loop|kieran|1548\n|player|p2|Yo Azz Is GOOBED|265|1554\n|teamsize|p1|6\n|teamsize|p2|6\n|gen|9\n|tier|[Gen 9] OU\n|rated|\n|rule|Sleep Clause Mod: Limit one foe put to sleep\n|rule|Species Clause: Limit one of each Pok\u00e9mon\n|rule|OHKO Clause: OHKO moves are banned\n|rule|Evasion Items Clause: Evasion items are banned\n|rule|Evasion Moves Clause: Evasion moves are banned\n|rule|Endless Battle Clause: Forcing endless battles is banned\n|rule|HP Percentage Mod: HP is shown in percentages\n|clearpoke\n|poke|p1|Heatran, F|\n|poke|p1|Tornadus-Therian, M|\n|poke|p1|Ogerpon-Cornerstone, F|\n|poke|p1|Great Tusk|\n|poke|p1|Hatterene, F|\n|poke|p1|Toxapex, F|\n|poke|p2|Skeledirge, M|\n|poke|p2|Mandibuzz, F|\n|poke|p2|Milotic, F|\n|poke|p2|Gholdengo|\n|poke|p2|Weezing-Galar, M|\n|poke|p2|Great Tusk|\n|teampreview\n|inactive|Battle timer is ON: inactive players will automatically lose when time's up. (requested by trap x loop)\n|\n|t:|1701169125\n|start\n|switch|p1a: Gold|Tornadus-Therian, M|100\/100\n|switch|p2a: Gholdengo|Gholdengo|100\/100\n|turn|1\n|\n|t:|1701169132\n|switch|p2a: Milotic|Milotic, F|100\/100\n|move|p1a: Gold|Knock Off|p2a: Milotic\n|-damage|p2a: Milotic|77\/100\n|-enditem|p2a: Milotic|Heavy-Duty Boots|[from] move: Knock Off|[of] p1a: Gold\n|\n|upkeep\n|turn|2\n|\n|t:|1701169137\n|move|p1a: Gold|U-turn|p2a: Milotic\n|-damage|p2a: Milotic|62\/100\n|\n|t:|1701169140\n|switch|p1a: Trish|Hatterene, F|100\/100|[from] U-turn\n|move|p2a: Milotic|Scald|p1a: Trish\n|-damage|p1a: Trish|73\/100\n|-status|p1a: Trish|brn\n|\n|-heal|p1a: Trish|79\/100 brn|[from] item: Leftovers\n|-damage|p1a: Trish|73\/100 brn|[from] brn\n|upkeep\n|turn|3\n|\n|t:|1701169144\n|move|p2a: Milotic|Recover|p2a: Milotic\n|-heal|p2a: Milotic|100\/100\n|move|p1a: Trish|Nuzzle|p2a: Milotic\n|-supereffective|p2a: Milotic\n|-damage|p2a: Milotic|96\/100\n|-status|p2a: Milotic|par\n|\n|-heal|p1a: Trish|79\/100 brn|[from] item: Leftovers\n|-damage|p1a: Trish|73\/100 brn|[from] brn\n|upkeep\n|turn|4\n|\n|t:|1701169153\n|move|p2a: Milotic|Scald|p1a: Trish\n|-damage|p1a: Trish|45\/100 brn\n|move|p1a: Trish|Nuzzle|p2a: Milotic\n|-supereffective|p2a: Milotic\n|-damage|p2a: Milotic|93\/100 par\n|\n|-heal|p1a: Trish|50\/100 brn|[from] item: Leftovers\n|-damage|p1a: Trish|45\/100 brn|[from] brn\n|upkeep\n|turn|5\n|\n|t:|1701169160\n|switch|p1a: Trisha|Toxapex, F|100\/100\n|move|p2a: Milotic|Scald|p1a: Trisha\n|-resisted|p1a: Trisha\n|-damage|p1a: Trisha|92\/100\n|\n|-heal|p1a: Trisha|98\/100|[from] item: Leftovers\n|upkeep\n|turn|6\n|\n|t:|1701169166\n|move|p2a: Milotic|Scald|p1a: Trisha\n|-resisted|p1a: Trisha\n|-damage|p1a: Trisha|89\/100\n|move|p1a: Trisha|Toxic Spikes|p2a: Milotic\n|-sidestart|p2: Yo Azz Is GOOBED|move: Toxic Spikes\n|\n|-heal|p1a: Trisha|95\/100|[from] item: Leftovers\n|upkeep\n|turn|7\n|\n|t:|1701169172\n|cant|p2a: Milotic|par\n|move|p1a: Trisha|Toxic Spikes|p2a: Milotic\n|-sidestart|p2: Yo Azz Is GOOBED|move: Toxic Spikes\n|\n|-heal|p1a: Trisha|100\/100|[from] item: Leftovers\n|upkeep\n|turn|8\n|\n|t:|1701169175\n|switch|p1a: Gold|Tornadus-Therian, M|100\/100\n|move|p2a: Milotic|Scald|p1a: Gold\n|-damage|p1a: Gold|84\/100\n|\n|upkeep\n|turn|9\n|\n|t:|1701169182\n|move|p1a: Gold|Bleakwind Storm|p2a: Milotic\n|-damage|p2a: Milotic|72\/100 par\n|move|p2a: Milotic|Scald|p1a: Gold\n|-damage|p1a: Gold|67\/100\n|-status|p1a: Gold|brn\n|\n|-damage|p1a: Gold|61\/100 brn|[from] brn\n|upkeep\n|turn|10\n|\n|t:|1701169189\n|move|p1a: Gold|Bleakwind Storm|p2a: Milotic\n|-damage|p2a: Milotic|49\/100 par\n|-unboost|p2a: Milotic|spe|1\n|move|p2a: Milotic|Recover|p2a: Milotic\n|-heal|p2a: Milotic|99\/100 par\n|\n|-damage|p1a: Gold|55\/100 brn|[from] brn\n|upkeep\n|turn|11\n|\n|t:|1701169196\n|move|p1a: Gold|Bleakwind Storm|p2a: Milotic\n|-damage|p2a: Milotic|77\/100 par\n|-unboost|p2a: Milotic|spe|1\n|cant|p2a: Milotic|par\n|\n|-damage|p1a: Gold|49\/100 brn|[from] brn\n|upkeep\n|turn|12\n|\n|t:|1701169202\n|move|p1a: Gold|Bleakwind Storm|p2a: Milotic|[miss]\n|-miss|p1a: Gold|p2a: Milotic\n|move|p2a: Milotic|Scald|p1a: Gold\n|-damage|p1a: Gold|31\/100 brn\n|\n|-damage|p1a: Gold|25\/100 brn|[from] brn\n|upkeep\n|turn|13\n|\n|t:|1701169210\n|switch|p2a: Weezing|Weezing-Galar, M|100\/100\n|-ability|p2a: Weezing|Neutralizing Gas\n|-sideend|p2: Yo Azz Is GOOBED|move: Toxic Spikes|[of] p2a: Weezing\n|move|p1a: Gold|U-turn|p2a: Weezing\n|-resisted|p2a: Weezing\n|-damage|p2a: Weezing|99\/100\n|\n|t:|1701169221\n|switch|p1a: Ben|Great Tusk, shiny|100\/100|[from] U-turn\n|\n|-heal|p2a: Weezing|100\/100|[from] item: Leftovers\n|upkeep\n|turn|14\n|\n|t:|1701169228\n|-end|p2a: Weezing|ability: Neutralizing Gas\n|switch|p2a: Mandibuzz|Mandibuzz, F|100\/100\n|move|p1a: Ben|Stealth Rock|p2a: Mandibuzz\n|-sidestart|p2: Yo Azz Is GOOBED|move: Stealth Rock\n|\n|upkeep\n|turn|15\n|\n|t:|1701169239\n|-end|p1a: Ben|Protosynthesis|[silent]\n|switch|p1a: Gold|Tornadus-Therian, M|25\/100 brn\n|move|p2a: Mandibuzz|Toxic||[still]\n|-fail|p2a: Mandibuzz\n|\n|-damage|p1a: Gold|19\/100 brn|[from] brn\n|upkeep\n|turn|16\n|\n|t:|1701169248\n|move|p1a: Gold|U-turn|p2a: Mandibuzz\n|-damage|p2a: Mandibuzz|96\/100\n|\n|t:|1701169254\n|switch|p1a: Trish|Hatterene, F|45\/100 brn|[from] U-turn\n|move|p2a: Mandibuzz|Foul Play|p1a: Trish\n|-damage|p1a: Trish|21\/100 brn\n|\n|-heal|p1a: Trish|27\/100 brn|[from] item: Leftovers\n|-damage|p1a: Trish|21\/100 brn|[from] brn\n|upkeep\n|turn|17\n|\n|t:|1701169262\n|move|p2a: Mandibuzz|Foul Play|p1a: Trish\n|-damage|p1a: Trish|1\/100 brn\n|move|p1a: Trish|Draining Kiss|p2a: Mandibuzz\n|-supereffective|p2a: Mandibuzz\n|-damage|p2a: Mandibuzz|59\/100\n|-heal|p1a: Trish|39\/100 brn|[from] drain|[of] p2a: Mandibuzz\n|\n|-heal|p1a: Trish|45\/100 brn|[from] item: Leftovers\n|-damage|p1a: Trish|39\/100 brn|[from] brn\n|upkeep\n|turn|18\n|\n|t:|1701169271\n|switch|p2a: Weezing|Weezing-Galar, M|100\/100\n|-ability|p2a: Weezing|Neutralizing Gas\n|-damage|p2a: Weezing|88\/100|[from] Stealth Rock\n|move|p1a: Trish|Draining Kiss|p2a: Weezing\n|-resisted|p2a: Weezing\n|-damage|p2a: Weezing|72\/100\n|-heal|p1a: Trish|51\/100 brn|[from] drain|[of] p2a: Weezing\n|\n|-heal|p2a: Weezing|78\/100|[from] item: Leftovers\n|-heal|p1a: Trish|57\/100 brn|[from] item: Leftovers\n|-damage|p1a: Trish|51\/100 brn|[from] brn\n|upkeep\n|turn|19\n|\n|t:|1701169280\n|switch|p1a: Gold|Tornadus-Therian, M|52\/100 brn\n|move|p2a: Weezing|Defog|p1a: Gold\n|-unboost|p1a: Gold|evasion|1\n|-sideend|p2: Yo Azz Is GOOBED|Stealth Rock|[from] move: Defog|[of] p2a: Weezing\n|\n|-heal|p2a: Weezing|84\/100|[from] item: Leftovers\n|-damage|p1a: Gold|46\/100 brn|[from] brn\n|upkeep\n|turn|20\n|\n|t:|1701169285\n|move|p1a: Gold|Knock Off|p2a: Weezing\n|-resisted|p2a: Weezing\n|-damage|p2a: Weezing|81\/100\n|-enditem|p2a: Weezing|Leftovers|[from] move: Knock Off|[of] p1a: Gold\n|move|p2a: Weezing|Toxic Spikes|p1a: Gold\n|-sidestart|p1: trap x loop|move: Toxic Spikes\n|\n|-damage|p1a: Gold|40\/100 brn|[from] brn\n|upkeep\n|turn|21\n|\n|t:|1701169289\n|move|p1a: Gold|U-turn|p2a: Weezing\n|-resisted|p2a: Weezing\n|-damage|p2a: Weezing|80\/100\n|\n|t:|1701169291\n|switch|p1a: Trisha|Toxapex, F|100\/100|[from] U-turn\n|-sideend|p1: trap x loop|move: Toxic Spikes|[of] p1a: Trisha\n|move|p2a: Weezing|Sludge Bomb|p1a: Trisha\n|-resisted|p1a: Trisha\n|-damage|p1a: Trisha|92\/100\n|\n|-heal|p1a: Trisha|98\/100|[from] item: Leftovers\n|upkeep\n|turn|22\n|\n|t:|1701169300\n|-end|p2a: Weezing|ability: Neutralizing Gas\n|switch|p2a: Milotic|Milotic, F|77\/100 par\n|move|p1a: Trisha|Toxic Spikes|p2a: Milotic\n|-sidestart|p2: Yo Azz Is GOOBED|move: Toxic Spikes\n|\n|-heal|p1a: Trisha|100\/100|[from] item: Leftovers\n|upkeep\n|turn|23\n|\n|t:|1701169307\n|switch|p1a: Trish|Hatterene, F|51\/100 brn\n|move|p2a: Milotic|Scald|p1a: Trish\n|-damage|p1a: Trish|23\/100 brn\n|\n|-heal|p1a: Trish|29\/100 brn|[from] item: Leftovers\n|-damage|p1a: Trish|23\/100 brn|[from] brn\n|upkeep\n|turn|24\n|\n|t:|1701169313\n|switch|p1a: Gold|Tornadus-Therian, M|40\/100 brn\n|move|p2a: Milotic|Scald|p1a: Gold\n|-damage|p1a: Gold|24\/100 brn\n|\n|-damage|p1a: Gold|18\/100 brn|[from] brn\n|upkeep\n|turn|25\n|\n|t:|1701169319\n|move|p1a: Gold|U-turn|p2a: Milotic\n|-damage|p2a: Milotic|71\/100 par\n|\n|t:|1701169325\n|switch|p1a: Trisha|Toxapex, F|100\/100|[from] U-turn\n|move|p2a: Milotic|Scald|p1a: Trisha\n|-resisted|p1a: Trisha\n|-damage|p1a: Trisha|92\/100\n|-status|p1a: Trisha|brn\n|\n|-heal|p1a: Trisha|98\/100 brn|[from] item: Leftovers\n|-damage|p1a: Trisha|92\/100 brn|[from] brn\n|upkeep\n|turn|26\n|\n|t:|1701169333\n|switch|p2a: Weezing|Weezing-Galar, M|80\/100\n|-ability|p2a: Weezing|Neutralizing Gas\n|-sideend|p2: Yo Azz Is GOOBED|move: Toxic Spikes|[of] p2a: Weezing\n|move|p1a: Trisha|Toxic Spikes|p2a: Weezing\n|-sidestart|p2: Yo Azz Is GOOBED|move: Toxic Spikes\n|\n|-heal|p1a: Trisha|98\/100 brn|[from] item: Leftovers\n|-damage|p1a: Trisha|92\/100 brn|[from] brn\n|upkeep\n|turn|27\n|\n|t:|1701169342\n|switch|p1a: Trish|Hatterene, F|23\/100 brn\n|move|p2a: Weezing|Defog|p1a: Trish\n|-unboost|p1a: Trish|evasion|1\n|-sideend|p2: Yo Azz Is GOOBED|Toxic Spikes|[from] move: Defog|[of] p2a: Weezing\n|\n|-heal|p1a: Trish|29\/100 brn|[from] item: Leftovers\n|-damage|p1a: Trish|23\/100 brn|[from] brn\n|upkeep\n|turn|28\n|\n|t:|1701169350\n|move|p2a: Weezing|Sludge Bomb|p1a: Trish\n|-supereffective|p1a: Trish\n|-damage|p1a: Trish|0 fnt\n|faint|p1a: Trish\n|\n|upkeep\n|\n|t:|1701169352\n|switch|p1a: Ben|Great Tusk, shiny|100\/100\n|turn|29\n|\n|t:|1701169358\n|-end|p2a: Weezing|ability: Neutralizing Gas\n|switch|p2a: Mandibuzz|Mandibuzz, F|59\/100\n|move|p1a: Ben|Ice Spinner|p2a: Mandibuzz\n|-supereffective|p2a: Mandibuzz\n|-damage|p2a: Mandibuzz|31\/100\n|\n|upkeep\n|turn|30\n|\n|t:|1701169377\n|-end|p1a: Ben|Protosynthesis|[silent]\n|switch|p1a: Joeverpon|Ogerpon-Cornerstone, F|100\/100\n|move|p2a: Mandibuzz|Roost|p2a: Mandibuzz\n|-heal|p2a: Mandibuzz|81\/100\n|-singleturn|p2a: Mandibuzz|move: Roost\n|\n|upkeep\n|turn|31\n|\n|t:|1701169384\n|switch|p2a: Gholdengo|Gholdengo|100\/100\n|move|p1a: Joeverpon|Ivy Cudgel|p2a: Gholdengo|[anim] Ivy Cudgel Rock\n|-resisted|p2a: Gholdengo\n|-crit|p2a: Gholdengo\n|-damage|p2a: Gholdengo|53\/100\n|\n|upkeep\n|turn|32\n|\n|t:|1701169393\n|switch|p1a: Gold|Tornadus-Therian, M|51\/100 brn\n|move|p2a: Gholdengo|Make It Rain|p1a: Gold\n|-damage|p1a: Gold|9\/100 brn\n|-unboost|p2a: Gholdengo|spa|1\n|\n|-damage|p1a: Gold|3\/100 brn|[from] brn\n|upkeep\n|turn|33\n|\n|t:|1701169403\n|move|p2a: Gholdengo|Make It Rain|p1a: Gold\n|-damage|p1a: Gold|0 fnt\n|-unboost|p2a: Gholdengo|spa|1\n|faint|p1a: Gold\n|\n|upkeep\n|\n|t:|1701169411\n|switch|p1a: He Ran|Heatran, F|100\/100\n|turn|34\n|\n|t:|1701169414\n|switch|p2a: Milotic|Milotic, F|71\/100 par\n|move|p1a: He Ran|Magma Storm|p2a: Milotic\n|-resisted|p2a: Milotic\n|-damage|p2a: Milotic|60\/100 par\n|-activate|p2a: Milotic|move: Magma Storm|[of] p1a: He Ran\n|\n|-damage|p2a: Milotic|48\/100 par|[from] move: Magma Storm|[partiallytrapped]\n|upkeep\n|turn|35\n|\n|t:|1701169426\n|move|p1a: He Ran|Earth Power|p2a: Milotic\n|-damage|p2a: Milotic|33\/100 par\n|move|p2a: Milotic|Scald|p1a: He Ran\n|-supereffective|p1a: He Ran\n|-damage|p1a: He Ran|66\/100\n|\n|-heal|p1a: He Ran|73\/100|[from] item: Leftovers\n|-damage|p2a: Milotic|20\/100 par|[from] move: Magma Storm|[partiallytrapped]\n|upkeep\n|turn|36\n|\n|t:|1701169432\n|move|p1a: He Ran|Magma Storm|p2a: Milotic\n|-resisted|p2a: Milotic\n|-damage|p2a: Milotic|8\/100 par\n|cant|p2a: Milotic|par\n|\n|-heal|p1a: He Ran|79\/100|[from] item: Leftovers\n|-damage|p2a: Milotic|0 fnt|[from] move: Magma Storm|[partiallytrapped]\n|faint|p2a: Milotic\n|upkeep\n|\n|t:|1701169437\n|switch|p2a: Great Tusk|Great Tusk|100\/100\n|-enditem|p2a: Great Tusk|Booster Energy\n|-activate|p2a: Great Tusk|ability: Protosynthesis|[fromitem]\n|-start|p2a: Great Tusk|protosynthesisspe\n|turn|37\n|\n|t:|1701169445\n|switch|p1a: Trisha|Toxapex, F|92\/100 brn\n|move|p2a: Great Tusk|Bulk Up|p2a: Great Tusk\n|-boost|p2a: Great Tusk|atk|1\n|-boost|p2a: Great Tusk|def|1\n|\n|-heal|p1a: Trisha|98\/100 brn|[from] item: Leftovers\n|-damage|p1a: Trisha|92\/100 brn|[from] brn\n|upkeep\n|turn|38\n|\n|t:|1701169451\n|-terastallize|p1a: Trisha|Fairy\n|move|p2a: Great Tusk|Knock Off|p1a: Trisha\n|-resisted|p1a: Trisha\n|-damage|p1a: Trisha|77\/100 brn\n|-enditem|p1a: Trisha|Leftovers|[from] move: Knock Off|[of] p2a: Great Tusk\n|move|p1a: Trisha|Haze|p1a: Trisha\n|-clearallboost\n|\n|-damage|p1a: Trisha|71\/100 brn|[from] brn\n|upkeep\n|turn|39\n|\n|t:|1701169461\n|-end|p2a: Great Tusk|Protosynthesis|[silent]\n|switch|p2a: Weezing|Weezing-Galar, M|80\/100\n|-ability|p2a: Weezing|Neutralizing Gas\n|move|p1a: Trisha|Surf|p2a: Weezing\n|-damage|p2a: Weezing|52\/100\n|\n|-damage|p1a: Trisha|65\/100 brn|[from] brn\n|upkeep\n|turn|40\n|j| quesitoooo\n|\n|t:|1701169469\n|switch|p1a: He Ran|Heatran, F|79\/100\n|move|p2a: Weezing|Toxic Spikes|p1a: He Ran\n|-sidestart|p1: trap x loop|move: Toxic Spikes\n|\n|-heal|p1a: He Ran|85\/100|[from] item: Leftovers\n|upkeep\n|turn|41\n|\n|t:|1701169480\n|-end|p2a: Weezing|ability: Neutralizing Gas\n|switch|p2a: Great Tusk|Great Tusk|100\/100\n|move|p1a: He Ran|Magma Storm|p2a: Great Tusk|[miss]\n|-miss|p1a: He Ran|p2a: Great Tusk\n|\n|-heal|p1a: He Ran|91\/100|[from] item: Leftovers\n|upkeep\n|turn|42\n|\n|t:|1701169489\n|switch|p1a: Ben|Great Tusk, shiny|100\/100\n|-status|p1a: Ben|psn\n|move|p2a: Great Tusk|Close Combat|p1a: Ben\n|-damage|p1a: Ben|76\/100 psn\n|-unboost|p2a: Great Tusk|def|1\n|-unboost|p2a: Great Tusk|spd|1\n|\n|-heal|p1a: Ben|82\/100 psn|[from] item: Leftovers\n|-damage|p1a: Ben|70\/100 psn|[from] psn\n|upkeep\n|turn|43\n|\n|t:|1701169493\n|-end|p2a: Great Tusk|Protosynthesis|[silent]\n|switch|p2a: Mandibuzz|Mandibuzz, F|81\/100\n|move|p1a: Ben|Rapid Spin|p2a: Mandibuzz\n|-damage|p2a: Mandibuzz|73\/100\n|-boost|p1a: Ben|spe|1\n|-sideend|p1: trap x loop|Toxic Spikes|[from] move: Rapid Spin|[of] p1a: Ben\n|\n|-heal|p1a: Ben|76\/100 psn|[from] item: Leftovers\n|-damage|p1a: Ben|64\/100 psn|[from] psn\n|upkeep\n|turn|44\n|\n|t:|1701169503\n|-end|p1a: Ben|Protosynthesis|[silent]\n|switch|p1a: Trisha|Toxapex, F, tera:Fairy|65\/100 brn\n|move|p2a: Mandibuzz|Foul Play|p1a: Trisha\n|-resisted|p1a: Trisha\n|-damage|p1a: Trisha|59\/100 brn\n|\n|-damage|p1a: Trisha|53\/100 brn|[from] brn\n|upkeep\n|turn|45\n|\n|t:|1701169507\n|switch|p2a: Weezing|Weezing-Galar, M|52\/100\n|-ability|p2a: Weezing|Neutralizing Gas\n|move|p1a: Trisha|Recover|p1a: Trisha\n|-heal|p1a: Trisha|100\/100 brn\n|\n|-damage|p1a: Trisha|95\/100 brn|[from] brn\n|upkeep\n|turn|46\n|\n|t:|1701169513\n|switch|p1a: He Ran|Heatran, F|91\/100\n|move|p2a: Weezing|Toxic Spikes|p1a: He Ran\n|-sidestart|p1: trap x loop|move: Toxic Spikes\n|\n|-heal|p1a: He Ran|97\/100|[from] item: Leftovers\n|upkeep\n|turn|47\n|\n|t:|1701169517\n|-end|p2a: Weezing|ability: Neutralizing Gas\n|switch|p2a: Great Tusk|Great Tusk|100\/100\n|move|p1a: He Ran|Magma Storm|p2a: Great Tusk|[miss]\n|-miss|p1a: He Ran|p2a: Great Tusk\n|\n|-heal|p1a: He Ran|100\/100|[from] item: Leftovers\n|upkeep\n|turn|48\n|n|!trap x loop|trapxloop\n|\n|t:|1701169531\n|switch|p1a: Ben|Great Tusk, shiny|64\/100 psn\n|move|p2a: Great Tusk|Close Combat|p1a: Ben\n|-damage|p1a: Ben|38\/100 psn\n|-unboost|p2a: Great Tusk|def|1\n|-unboost|p2a: Great Tusk|spd|1\n|\n|-heal|p1a: Ben|44\/100 psn|[from] item: Leftovers\n|-damage|p1a: Ben|32\/100 psn|[from] psn\n|upkeep\n|turn|49\n|\n|t:|1701169550\n|-end|p2a: Great Tusk|Protosynthesis|[silent]\n|switch|p2a: Mandibuzz|Mandibuzz, F|73\/100\n|move|p1a: Ben|Rapid Spin|p2a: Mandibuzz\n|-damage|p2a: Mandibuzz|64\/100\n|-boost|p1a: Ben|spe|1\n|-sideend|p1: trap x loop|Toxic Spikes|[from] move: Rapid Spin|[of] p1a: Ben\n|\n|-heal|p1a: Ben|38\/100 psn|[from] item: Leftovers\n|-damage|p1a: Ben|25\/100 psn|[from] psn\n|upkeep\n|turn|50\n|\n|t:|1701169555\n|-end|p1a: Ben|Protosynthesis|[silent]\n|switch|p1a: He Ran|Heatran, F|100\/100\n|move|p2a: Mandibuzz|Roost|p2a: Mandibuzz\n|-heal|p2a: Mandibuzz|100\/100\n|-singleturn|p2a: Mandibuzz|move: Roost\n|\n|upkeep\n|turn|51\n|\n|t:|1701169561\n|switch|p2a: Great Tusk|Great Tusk|100\/100\n|move|p1a: He Ran|Magma Storm|p2a: Great Tusk\n|-damage|p2a: Great Tusk|47\/100\n|-activate|p2a: Great Tusk|move: Magma Storm|[of] p1a: He Ran\n|\n|-damage|p2a: Great Tusk|35\/100|[from] move: Magma Storm|[partiallytrapped]\n|upkeep\n|turn|52\n|\n|t:|1701169568\n|move|p1a: He Ran|Protect|p1a: He Ran\n|-singleturn|p1a: He Ran|Protect\n|move|p2a: Great Tusk|Close Combat|p1a: He Ran\n|-activate|p1a: He Ran|move: Protect\n|\n|-damage|p2a: Great Tusk|22\/100|[from] move: Magma Storm|[partiallytrapped]\n|upkeep\n|turn|53\n|\n|t:|1701169571\n|switch|p1a: Trisha|Toxapex, F, tera:Fairy|95\/100 brn\n|move|p2a: Great Tusk|Close Combat|p1a: Trisha\n|-resisted|p1a: Trisha\n|-damage|p1a: Trisha|74\/100 brn\n|-unboost|p2a: Great Tusk|def|1\n|-unboost|p2a: Great Tusk|spd|1\n|\n|-damage|p1a: Trisha|68\/100 brn|[from] brn\n|-end|p2a: Great Tusk|Magma Storm|[partiallytrapped]|[silent]\n|upkeep\n|turn|54\n|\n|t:|1701169578\n|-end|p2a: Great Tusk|Protosynthesis|[silent]\n|switch|p2a: Weezing|Weezing-Galar, M|52\/100\n|-ability|p2a: Weezing|Neutralizing Gas\n|move|p1a: Trisha|Surf|p2a: Weezing\n|-damage|p2a: Weezing|25\/100\n|\n|-damage|p1a: Trisha|62\/100 brn|[from] brn\n|upkeep\n|turn|55\n|\n|t:|1701169585\n|move|p2a: Weezing|Sludge Bomb|p1a: Trisha\n|-supereffective|p1a: Trisha\n|-damage|p1a: Trisha|26\/100 brn\n|move|p1a: Trisha|Surf|p2a: Weezing\n|-crit|p2a: Weezing\n|-damage|p2a: Weezing|0 fnt\n|faint|p2a: Weezing\n|-end|p2a: Weezing|ability: Neutralizing Gas\n|\n|-damage|p1a: Trisha|20\/100 brn|[from] brn\n|upkeep\n|\n|t:|1701169595\n|switch|p2a: Gholdengo|Gholdengo|53\/100\n|turn|56\n|\n|t:|1701169600\n|switch|p1a: Ben|Great Tusk, shiny|25\/100 psn\n|move|p2a: Gholdengo|Trick|p1a: Ben\n|-activate|p2a: Gholdengo|move: Trick|[of] p1a: Ben\n|-item|p1a: Ben|Choice Scarf|[from] move: Trick\n|-item|p2a: Gholdengo|Leftovers|[from] move: Trick\n|\n|-heal|p2a: Gholdengo|59\/100|[from] item: Leftovers\n|-damage|p1a: Ben|13\/100 psn|[from] psn\n|upkeep\n|turn|57\n|\n|t:|1701169607\n|switch|p2a: Mandibuzz|Mandibuzz, F|100\/100\n|move|p1a: Ben|Stealth Rock|p2a: Mandibuzz\n|-sidestart|p2: Yo Azz Is GOOBED|move: Stealth Rock\n|\n|-damage|p1a: Ben|0 fnt|[from] psn\n|faint|p1a: Ben\n|-end|p1a: Ben|Protosynthesis|[silent]\n|upkeep\n|\n|t:|1701169612\n|switch|p1a: He Ran|Heatran, F|100\/100\n|turn|58\n|inactive|Yo Azz Is GOOBED has 120 seconds left.\n|inactive|Yo Azz Is GOOBED has 90 seconds left.\n|\n|t:|1701169676\n|switch|p2a: Skeledirge|Skeledirge, M|100\/100\n|move|p1a: He Ran|Taunt|p2a: Skeledirge\n|-start|p2a: Skeledirge|move: Taunt\n|\n|upkeep\n|turn|59\n|\n|t:|1701169682\n|move|p1a: He Ran|Earth Power|p2a: Skeledirge\n|-supereffective|p2a: Skeledirge\n|-damage|p2a: Skeledirge|58\/100\n|move|p2a: Skeledirge|Hex|p1a: He Ran\n|-damage|p1a: He Ran|83\/100\n|\n|-heal|p1a: He Ran|90\/100|[from] item: Leftovers\n|upkeep\n|turn|60\n|\n|t:|1701169692\n|-terastallize|p2a: Skeledirge|Dragon\n|move|p2a: Skeledirge|Hex|p1a: He Ran\n|-damage|p1a: He Ran|74\/100\n|move|p1a: He Ran|Earth Power|p2a: Skeledirge\n|-damage|p2a: Skeledirge|38\/100\n|\n|-heal|p1a: He Ran|80\/100|[from] item: Leftovers\n|-end|p2a: Skeledirge|move: Taunt\n|upkeep\n|turn|61\n|\n|t:|1701169697\n|move|p1a: He Ran|Taunt|p2a: Skeledirge\n|-start|p2a: Skeledirge|move: Taunt\n|cant|p2a: Skeledirge|move: Taunt|Slack Off\n|\n|-heal|p1a: He Ran|86\/100|[from] item: Leftovers\n|upkeep\n|turn|62\n|\n|t:|1701169701\n|move|p2a: Skeledirge|Hex|p1a: He Ran\n|-damage|p1a: He Ran|71\/100\n|move|p1a: He Ran|Earth Power|p2a: Skeledirge\n|-damage|p2a: Skeledirge|16\/100\n|\n|-heal|p1a: He Ran|77\/100|[from] item: Leftovers\n|upkeep\n|turn|63\n|\n|t:|1701169705\n|move|p1a: He Ran|Earth Power|p2a: Skeledirge\n|-damage|p2a: Skeledirge|0 fnt\n|faint|p2a: Skeledirge\n|\n|-heal|p1a: He Ran|83\/100|[from] item: Leftovers\n|upkeep\n|\n|t:|1701169707\n|switch|p2a: Great Tusk|Great Tusk|22\/100\n|-damage|p2a: Great Tusk|19\/100|[from] Stealth Rock\n|turn|64\n|\n|t:|1701169711\n|move|p1a: He Ran|Protect|p1a: He Ran\n|-singleturn|p1a: He Ran|Protect\n|move|p2a: Great Tusk|Close Combat|p1a: He Ran\n|-activate|p1a: He Ran|move: Protect\n|\n|-heal|p1a: He Ran|89\/100|[from] item: Leftovers\n|upkeep\n|turn|65\n|\n|t:|1701169714\n|switch|p1a: Trisha|Toxapex, F, tera:Fairy|54\/100 brn\n|move|p2a: Great Tusk|Close Combat|p1a: Trisha\n|-resisted|p1a: Trisha\n|-damage|p1a: Trisha|35\/100 brn\n|-unboost|p2a: Great Tusk|def|1\n|-unboost|p2a: Great Tusk|spd|1\n|\n|-damage|p1a: Trisha|29\/100 brn|[from] brn\n|upkeep\n|turn|66\n|\n|t:|1701169719\n|-end|p2a: Great Tusk|Protosynthesis|[silent]\n|switch|p2a: Gholdengo|Gholdengo|59\/100\n|-damage|p2a: Gholdengo|53\/100|[from] Stealth Rock\n|move|p1a: Trisha|Recover|p1a: Trisha\n|-heal|p1a: Trisha|79\/100 brn\n|\n|-heal|p2a: Gholdengo|59\/100|[from] item: Leftovers\n|-damage|p1a: Trisha|73\/100 brn|[from] brn\n|upkeep\n|turn|67\n|\n|t:|1701169724\n|switch|p1a: He Ran|Heatran, F|89\/100\n|move|p2a: Gholdengo|Shadow Ball|p1a: He Ran\n|-damage|p1a: He Ran|60\/100\n|\n|-heal|p2a: Gholdengo|65\/100|[from] item: Leftovers\n|-heal|p1a: He Ran|67\/100|[from] item: Leftovers\n|upkeep\n|turn|68\n|\n|t:|1701169732\n|move|p2a: Gholdengo|Shadow Ball|p1a: He Ran\n|-damage|p1a: He Ran|40\/100\n|move|p1a: He Ran|Earth Power|p2a: Gholdengo\n|-supereffective|p2a: Gholdengo\n|-damage|p2a: Gholdengo|3\/100\n|\n|-heal|p2a: Gholdengo|9\/100|[from] item: Leftovers\n|-heal|p1a: He Ran|46\/100|[from] item: Leftovers\n|upkeep\n|turn|69\n|\n|t:|1701169738\n|move|p2a: Gholdengo|Shadow Ball|p1a: He Ran\n|-damage|p1a: He Ran|17\/100\n|move|p1a: He Ran|Earth Power|p2a: Gholdengo\n|-supereffective|p2a: Gholdengo\n|-damage|p2a: Gholdengo|0 fnt\n|faint|p2a: Gholdengo\n|\n|-heal|p1a: He Ran|23\/100|[from] item: Leftovers\n|upkeep\n|\n|t:|1701169741\n|switch|p2a: Great Tusk|Great Tusk|19\/100\n|-damage|p2a: Great Tusk|16\/100|[from] Stealth Rock\n|turn|70\n|\n|t:|1701169745\n|move|p1a: He Ran|Protect|p1a: He Ran\n|-singleturn|p1a: He Ran|Protect\n|move|p2a: Great Tusk|Bulk Up|p2a: Great Tusk\n|-boost|p2a: Great Tusk|atk|1\n|-boost|p2a: Great Tusk|def|1\n|\n|-heal|p1a: He Ran|30\/100|[from] item: Leftovers\n|upkeep\n|turn|71\n|\n|t:|1701169751\n|move|p2a: Great Tusk|Knock Off|p1a: He Ran\n|-damage|p1a: He Ran|0 fnt\n|-status|p2a: Great Tusk|brn|[from] ability: Flame Body|[of] p1a: He Ran\n|-enditem|p1a: He Ran|Leftovers|[from] move: Knock Off|[of] p2a: Great Tusk\n|faint|p1a: He Ran\n|\n|-damage|p2a: Great Tusk|10\/100 brn|[from] brn\n|upkeep\n|c|\u2606Yo Azz Is GOOBED|Lol flame body\n|c|\u2606Yo Azz Is GOOBED|bruh\n|\n|t:|1701169770\n|switch|p1a: Joeverpon|Ogerpon-Cornerstone, F|100\/100\n|turn|72\n|\n|t:|1701169779\n|move|p1a: Joeverpon|Horn Leech|p2a: Great Tusk\n|-supereffective|p2a: Great Tusk\n|-damage|p2a: Great Tusk|0 fnt\n|faint|p2a: Great Tusk\n|-end|p2a: Great Tusk|Protosynthesis|[silent]\n|\n|upkeep\n|\n|t:|1701169781\n|switch|p2a: Mandibuzz|Mandibuzz, F|100\/100\n|turn|73\n|\n|t:|1701169785\n|move|p1a: Joeverpon|Swords Dance|p1a: Joeverpon\n|-boost|p1a: Joeverpon|atk|2\n|move|p2a: Mandibuzz|Iron Defense|p2a: Mandibuzz\n|-boost|p2a: Mandibuzz|def|2\n|\n|upkeep\n|turn|74\n|\n|t:|1701169788\n|move|p1a: Joeverpon|Ivy Cudgel|p2a: Mandibuzz|[anim] Ivy Cudgel Rock\n|-supereffective|p2a: Mandibuzz\n|-damage|p2a: Mandibuzz|33\/100\n|move|p2a: Mandibuzz|Iron Defense|p2a: Mandibuzz\n|-boost|p2a: Mandibuzz|def|2\n|\n|upkeep\n|turn|75\n|\n|t:|1701169791\n|move|p1a: Joeverpon|Ivy Cudgel|p2a: Mandibuzz|[anim] Ivy Cudgel Rock\n|-supereffective|p2a: Mandibuzz\n|-crit|p2a: Mandibuzz\n|-damage|p2a: Mandibuzz|0 fnt\n|faint|p2a: Mandibuzz\n|\n|win|trap x loop\n|raw|trap x loop's rating: 1548 &rarr; <strong>1568<\/strong><br \/>(+20 for winning)\n|raw|Yo Azz Is GOOBED's rating: 1554 &rarr; <strong>1534<\/strong><br \/>(-20 for losing)\n|l|\u2606Yo Azz Is GOOBED\n|l| quesitoooo\n","uploadtime":1701169523,"views":2,"p1id":"trapxloop","p2id":"yoazzisgoobed","formatid":"gen9ou","rating":1534,"private":0,"password":""}