{"id":"gen9ou-1998327723","p1":"JJAlegend","p2":"ijbuh","format":"[Gen 9] OU","log":"|j|\u2606JJAlegend\n|j|\u2606ijbuh\n|t:|1700929940\n|gametype|singles\n|player|p1|JJAlegend|worker-gen4|1040\n|player|p2|ijbuh|265|1024\n|teamsize|p1|6\n|teamsize|p2|3\n|gen|9\n|tier|[Gen 9] OU\n|rated|\n|rule|Sleep Clause Mod: Limit one foe put to sleep\n|rule|Species Clause: Limit one of each Pok\u00e9mon\n|rule|OHKO Clause: OHKO moves are banned\n|rule|Evasion Items Clause: Evasion items are banned\n|rule|Evasion Moves Clause: Evasion moves are banned\n|rule|Endless Battle Clause: Forcing endless battles is banned\n|rule|HP Percentage Mod: HP is shown in percentages\n|clearpoke\n|poke|p1|Gogoat, M|\n|poke|p1|Venomoth, F|\n|poke|p1|Lurantis, F|\n|poke|p1|Azumarill, M|\n|poke|p1|Mimikyu, M|\n|poke|p1|Polteageist-Antique|\n|poke|p2|Mimikyu, F|\n|poke|p2|Snorlax, F|\n|poke|p2|Zoroark-Hisui, M|\n|teampreview\n|inactive|Battle timer is ON: inactive players will automatically lose when time's up. (requested by JJAlegend)\n|\n|t:|1700929951\n|start\n|switch|p1a: Pikachu\u2026|Mimikyu, M|100\/100\n|switch|p2a: Snorlax|Snorlax, F|100\/100\n|turn|1\n|\n|t:|1700929961\n|move|p1a: Pikachu\u2026|Swords Dance|p1a: Pikachu\u2026\n|-boost|p1a: Pikachu\u2026|atk|2\n|move|p2a: Snorlax|Substitute|p2a: Snorlax\n|-start|p2a: Snorlax|Substitute\n|-damage|p2a: Snorlax|75\/100\n|\n|-status|p2a: Snorlax|tox|[from] item: Toxic Orb\n|upkeep\n|turn|2\n|\n|t:|1700929974\n|move|p2a: Snorlax|Protect|p2a: Snorlax\n|-singleturn|p2a: Snorlax|Protect\n|move|p1a: Pikachu\u2026|Swords Dance|p1a: Pikachu\u2026\n|-boost|p1a: Pikachu\u2026|atk|2\n|\n|-damage|p2a: Snorlax|69\/100 tox|[from] psn\n|upkeep\n|turn|3\n|\n|t:|1700929981\n|move|p1a: Pikachu\u2026|Swords Dance|p1a: Pikachu\u2026\n|-boost|p1a: Pikachu\u2026|atk|2\n|move|p2a: Snorlax|Belly Drum|p2a: Snorlax\n|-damage|p2a: Snorlax|19\/100 tox\n|-setboost|p2a: Snorlax|atk|6|[from] move: Belly Drum\n|\n|-damage|p2a: Snorlax|7\/100 tox|[from] psn\n|upkeep\n|turn|4\n|\n|t:|1700930000\n|move|p1a: Pikachu\u2026|Drain Punch|p2a: Snorlax\n|-supereffective|p2a: Snorlax\n|-end|p2a: Snorlax|Substitute\n|-damage|p1a: Pikachu\u2026|91\/100|[from] item: Life Orb\n|move|p2a: Snorlax|Belly Drum||[still]\n|-fail|p2a: Snorlax\n|\n|-damage|p2a: Snorlax|0 fnt|[from] psn\n|faint|p2a: Snorlax\n|upkeep\n|\n|t:|1700930009\n|switch|p2a: Mimikyu|Mimikyu, F|100\/100\n|turn|5\n|\n|t:|1700930013\n|move|p1a: Pikachu\u2026|Shadow Sneak|p2a: Mimikyu\n|-activate|p2a: Mimikyu|ability: Disguise\n|-damage|p2a: Mimikyu|100\/100\n|detailschange|p2a: Mimikyu|Mimikyu-Busted, F\n|-damage|p2a: Mimikyu|88\/100|[from] pokemon: Mimikyu-Busted\n|-damage|p1a: Pikachu\u2026|81\/100|[from] item: Life Orb\n|move|p2a: Mimikyu|Copycat|p2a: Mimikyu\n|move|p2a: Mimikyu|Shadow Sneak|p1a: Pikachu\u2026|[from]move: Copycat\n|-activate|p1a: Pikachu\u2026|ability: Disguise\n|-damage|p1a: Pikachu\u2026|81\/100\n|detailschange|p1a: Pikachu\u2026|Mimikyu-Busted, M\n|-damage|p1a: Pikachu\u2026|68\/100|[from] pokemon: Mimikyu-Busted\n|\n|upkeep\n|turn|6\n|-message|ijbuh forfeited.\n|\n|win|JJAlegend\n|raw|JJAlegend's rating: 1040 &rarr; <strong>1072<\/strong><br \/>(+32 for winning)\n|raw|ijbuh's rating: 1024 &rarr; <strong>1011<\/strong><br \/>(-13 for losing)\n|l|\u2606ijbuh\n","uploadtime":1700930029,"views":1,"p1id":"jjalegend","p2id":"ijbuh","formatid":"gen9ou","rating":1011,"private":0,"password":""}