{"id":"gen9ou-1994103589","p1":"GauBoune","p2":"CaptainGrungo","format":"[Gen 9] OU","log":"|j|\u2606GauBoune\n|j|\u2606CaptainGrungo\n|t:|1700407249\n|gametype|singles\n|player|p1|GauBoune|170|1724\n|player|p2|CaptainGrungo|plasmagrunt|1780\n|teamsize|p1|6\n|teamsize|p2|6\n|gen|9\n|tier|[Gen 9] OU\n|rated|\n|rule|Sleep Clause Mod: Limit one foe put to sleep\n|rule|Species Clause: Limit one of each Pok\u00e9mon\n|rule|OHKO Clause: OHKO moves are banned\n|rule|Evasion Items Clause: Evasion items are banned\n|rule|Evasion Moves Clause: Evasion moves are banned\n|rule|Endless Battle Clause: Forcing endless battles is banned\n|rule|HP Percentage Mod: HP is shown in percentages\n|clearpoke\n|poke|p1|Maushold|\n|poke|p1|Rillaboom, M|\n|poke|p1|Great Tusk|\n|poke|p1|Heatran, M|\n|poke|p1|Enamorus, F|\n|poke|p1|Kingambit, M|\n|poke|p2|Iron Valiant|\n|poke|p2|Goodra-Hisui, M|\n|poke|p2|Okidogi, M|\n|poke|p2|Glimmora, F|\n|poke|p2|Yanmega, F|\n|poke|p2|Garganacl, M|\n|teampreview\n|inactive|Battle timer is ON: inactive players will automatically lose when time's up. (requested by GauBoune)\n|j| jeandonis02\n|l| jeandonis02\n|\n|t:|1700407267\n|start\n|switch|p1a: Enamorus|Enamorus, F|100\/100\n|switch|p2a: Okidogi|Okidogi, M|100\/100\n|turn|1\n|j| jeandonis02\n|\n|t:|1700407273\n|switch|p1a: Heatran|Heatran, M|100\/100\n|move|p2a: Okidogi|Ice Punch|p1a: Heatran\n|-resisted|p1a: Heatran\n|-damage|p1a: Heatran|95\/100\n|\n|-heal|p1a: Heatran|100\/100|[from] item: Leftovers\n|upkeep\n|turn|2\n|\n|t:|1700407280\n|switch|p1a: Great Tusk|Great Tusk|100\/100\n|move|p2a: Okidogi|Drain Punch|p1a: Great Tusk\n|-damage|p1a: Great Tusk|74\/100\n|\n|-heal|p1a: Great Tusk|80\/100|[from] item: Leftovers\n|upkeep\n|turn|3\n|j| Aeglos\n|\n|t:|1700407289\n|move|p1a: Great Tusk|Ice Spinner|p2a: Okidogi\n|-damage|p2a: Okidogi|83\/100\n|move|p2a: Okidogi|Knock Off|p1a: Great Tusk\n|-resisted|p1a: Great Tusk\n|-damage|p1a: Great Tusk|67\/100\n|-enditem|p1a: Great Tusk|Leftovers|[from] move: Knock Off|[of] p2a: Okidogi\n|\n|-heal|p2a: Okidogi|89\/100|[from] item: Leftovers\n|upkeep\n|turn|4\n|\n|t:|1700407297\n|move|p1a: Great Tusk|Headlong Rush|p2a: Okidogi\n|-supereffective|p2a: Okidogi\n|-damage|p2a: Okidogi|11\/100\n|-unboost|p1a: Great Tusk|def|1\n|-unboost|p1a: Great Tusk|spd|1\n|move|p2a: Okidogi|Ice Punch|p1a: Great Tusk\n|-supereffective|p1a: Great Tusk\n|-damage|p1a: Great Tusk|11\/100\n|\n|-heal|p2a: Okidogi|17\/100|[from] item: Leftovers\n|upkeep\n|turn|5\n|\n|t:|1700407307\n|move|p1a: Great Tusk|Ice Spinner|p2a: Okidogi\n|-damage|p2a: Okidogi|0 fnt\n|faint|p2a: Okidogi\n|\n|upkeep\n|\n|t:|1700407320\n|switch|p2a: Glimmora|Glimmora, F|100\/100\n|turn|6\n|\n|t:|1700407325\n|-end|p1a: Great Tusk|Protosynthesis|[silent]\n|switch|p1a: Rillaboom|Rillaboom, M|100\/100\n|-fieldstart|move: Grassy Terrain|[from] ability: Grassy Surge|[of] p1a: Rillaboom\n|move|p2a: Glimmora|Energy Ball|p1a: Rillaboom\n|-resisted|p1a: Rillaboom\n|-damage|p1a: Rillaboom|73\/100\n|\n|-heal|p1a: Rillaboom|79\/100|[from] Grassy Terrain\n|upkeep\n|turn|7\n|\n|t:|1700407334\n|move|p2a: Glimmora|Spikes|p1a: Rillaboom\n|-sidestart|p1: GauBoune|Spikes\n|move|p1a: Rillaboom|U-turn|p2a: Glimmora\n|-resisted|p2a: Glimmora\n|-damage|p2a: Glimmora|75\/100\n|-activate|p2a: Glimmora|ability: Toxic Debris\n|-sidestart|p1: GauBoune|move: Toxic Spikes\n|\n|t:|1700407341\n|switch|p1a: Maushold|Maushold|100\/100|[from] U-turn\n|-damage|p1a: Maushold|88\/100|[from] Spikes\n|-status|p1a: Maushold|psn\n|\n|-heal|p1a: Maushold|94\/100 psn|[from] Grassy Terrain\n|-heal|p2a: Glimmora|81\/100|[from] Grassy Terrain\n|-damage|p1a: Maushold|82\/100 psn|[from] psn\n|upkeep\n|turn|8\n|\n|t:|1700407351\n|move|p1a: Maushold|Encore|p2a: Glimmora\n|-start|p2a: Glimmora|Encore\n|move|p2a: Glimmora|Spikes|p1a: Maushold\n|-sidestart|p1: GauBoune|Spikes\n|\n|-heal|p1a: Maushold|88\/100 psn|[from] Grassy Terrain\n|-heal|p2a: Glimmora|87\/100|[from] Grassy Terrain\n|-damage|p1a: Maushold|76\/100 psn|[from] psn\n|upkeep\n|turn|9\n|j| banupx7\n|\n|t:|1700407362\n|switch|p2a: Garganacl|Garganacl, M|100\/100\n|move|p1a: Maushold|Tidy Up|p1a: Maushold\n|-sideend|p1: GauBoune|Spikes\n|-sideend|p1: GauBoune|Toxic Spikes\n|-activate|p1a: Maushold|move: Tidy Up\n|-boost|p1a: Maushold|atk|1\n|-boost|p1a: Maushold|spe|1\n|\n|-heal|p1a: Maushold|82\/100 psn|[from] Grassy Terrain\n|-damage|p1a: Maushold|69\/100 psn|[from] psn\n|upkeep\n|turn|10\n|j| Ferocca\n|\n|t:|1700407372\n|move|p1a: Maushold|Population Bomb|p2a: Garganacl\n|-resisted|p2a: Garganacl\n|-damage|p2a: Garganacl|95\/100\n|-damage|p1a: Maushold|53\/100 psn|[from] item: Rocky Helmet|[of] p2a: Garganacl\n|-resisted|p2a: Garganacl\n|-damage|p2a: Garganacl|89\/100\n|-damage|p1a: Maushold|36\/100 psn|[from] item: Rocky Helmet|[of] p2a: Garganacl\n|-resisted|p2a: Garganacl\n|-damage|p2a: Garganacl|83\/100\n|-damage|p1a: Maushold|20\/100 psn|[from] item: Rocky Helmet|[of] p2a: Garganacl\n|-resisted|p2a: Garganacl\n|-damage|p2a: Garganacl|78\/100\n|-damage|p1a: Maushold|3\/100 psn|[from] item: Rocky Helmet|[of] p2a: Garganacl\n|-resisted|p2a: Garganacl\n|-damage|p2a: Garganacl|72\/100\n|-damage|p1a: Maushold|0 fnt|[from] item: Rocky Helmet|[of] p2a: Garganacl\n|faint|p1a: Maushold\n|-hitcount|p2a: Garganacl|5\n|move|p2a: Garganacl|Stealth Rock|p1: Maushold\n|-sidestart|p1: GauBoune|move: Stealth Rock\n|\n|-heal|p2a: Garganacl|78\/100|[from] Grassy Terrain\n|-fieldend|move: Grassy Terrain\n|upkeep\n|\n|t:|1700407383\n|switch|p1a: Great Tusk|Great Tusk|11\/100\n|-damage|p1a: Great Tusk|8\/100|[from] Stealth Rock\n|turn|11\n|\n|t:|1700407396\n|-terastallize|p2a: Garganacl|Ghost\n|move|p1a: Great Tusk|Headlong Rush|p2a: Garganacl\n|-damage|p2a: Garganacl|46\/100\n|-unboost|p1a: Great Tusk|def|1\n|-unboost|p1a: Great Tusk|spd|1\n|-damage|p1a: Great Tusk|0 fnt|[from] item: Rocky Helmet|[of] p2a: Garganacl\n|faint|p1a: Great Tusk\n|-end|p1a: Great Tusk|Protosynthesis|[silent]\n|move|p2a: Garganacl|Iron Defense|p2a: Garganacl\n|-boost|p2a: Garganacl|def|2\n|\n|upkeep\n|\n|t:|1700407404\n|switch|p1a: Heatran|Heatran, M|100\/100\n|-damage|p1a: Heatran|88\/100|[from] Stealth Rock\n|turn|12\n|\n|t:|1700407413\n|switch|p2a: Goodra|Goodra-Hisui, M|100\/100\n|move|p1a: Heatran|Taunt|p2a: Goodra\n|-start|p2a: Goodra|move: Taunt\n|\n|-heal|p1a: Heatran|94\/100|[from] item: Leftovers\n|upkeep\n|turn|13\n|\n|t:|1700407422\n|move|p1a: Heatran|Magma Storm|p2a: Goodra\n|-damage|p2a: Goodra|83\/100\n|-activate|p2a: Goodra|move: Magma Storm|[of] p1a: Heatran\n|move|p2a: Goodra|Earthquake|p1a: Heatran\n|-supereffective|p1a: Heatran\n|-damage|p1a: Heatran|17\/100\n|\n|-heal|p1a: Heatran|23\/100|[from] item: Leftovers\n|-damage|p2a: Goodra|71\/100|[from] move: Magma Storm|[partiallytrapped]\n|upkeep\n|turn|14\n|\n|t:|1700407435\n|move|p1a: Heatran|Stealth Rock|p2a: Goodra\n|-sidestart|p2: CaptainGrungo|move: Stealth Rock\n|move|p2a: Goodra|Earthquake|p1a: Heatran\n|-supereffective|p1a: Heatran\n|-damage|p1a: Heatran|0 fnt\n|faint|p1a: Heatran\n|\n|-end|p2a: Goodra|Magma Storm|[partiallytrapped]|[silent]\n|-end|p2a: Goodra|move: Taunt\n|upkeep\n|\n|t:|1700407442\n|switch|p1a: Rillaboom|Rillaboom, M|79\/100\n|-damage|p1a: Rillaboom|67\/100|[from] Stealth Rock\n|-fieldstart|move: Grassy Terrain|[from] ability: Grassy Surge|[of] p1a: Rillaboom\n|turn|15\n|\n|t:|1700407449\n|move|p1a: Rillaboom|Knock Off|p2a: Goodra\n|-damage|p2a: Goodra|20\/100\n|-ability|p2a: Goodra|Gooey\n|-unboost|p1a: Rillaboom|spe|1\n|-enditem|p2a: Goodra|Assault Vest|[from] move: Knock Off|[of] p1a: Rillaboom\n|move|p2a: Goodra|Dragon Tail|p1a: Rillaboom\n|-damage|p1a: Rillaboom|43\/100\n|drag|p1a: Enamorus|Enamorus, F|100\/100\n|-damage|p1a: Enamorus|76\/100|[from] Stealth Rock\n|\n|-heal|p2a: Goodra|26\/100|[from] Grassy Terrain\n|upkeep\n|turn|16\n|\n|t:|1700407464\n|move|p1a: Enamorus|Moonblast|p2a: Goodra\n|-damage|p2a: Goodra|0 fnt\n|faint|p2a: Goodra\n|\n|upkeep\n|\n|t:|1700407470\n|switch|p2a: Glimmora|Glimmora, F|87\/100\n|-damage|p2a: Glimmora|75\/100|[from] Stealth Rock\n|turn|17\n|\n|t:|1700407476\n|switch|p1a: Rillaboom|Rillaboom, M|43\/100\n|-damage|p1a: Rillaboom|31\/100|[from] Stealth Rock\n|move|p2a: Glimmora|Spikes|p1a: Rillaboom\n|-sidestart|p1: GauBoune|Spikes\n|\n|-heal|p2a: Glimmora|81\/100|[from] Grassy Terrain\n|-heal|p1a: Rillaboom|37\/100|[from] Grassy Terrain\n|upkeep\n|turn|18\n|\n|t:|1700407483\n|move|p1a: Rillaboom|Grassy Glide|p2a: Glimmora\n|-damage|p2a: Glimmora|3\/100\n|-activate|p2a: Glimmora|ability: Toxic Debris\n|-sidestart|p1: GauBoune|move: Toxic Spikes\n|move|p2a: Glimmora|Mortal Spin|p1a: Rillaboom\n|-supereffective|p1a: Rillaboom\n|-damage|p1a: Rillaboom|21\/100\n|-status|p1a: Rillaboom|psn\n|-sideend|p2: CaptainGrungo|Stealth Rock|[from] move: Mortal Spin|[of] p2a: Glimmora\n|\n|-heal|p2a: Glimmora|9\/100|[from] Grassy Terrain\n|-heal|p1a: Rillaboom|27\/100 psn|[from] Grassy Terrain\n|-damage|p1a: Rillaboom|15\/100 psn|[from] psn\n|upkeep\n|turn|19\n|\n|t:|1700407502\n|move|p1a: Rillaboom|Grassy Glide|p2a: Glimmora\n|-damage|p2a: Glimmora|0 fnt\n|-activate|p2a: Glimmora|ability: Toxic Debris\n|-sidestart|p1: GauBoune|move: Toxic Spikes\n|faint|p2a: Glimmora\n|\n|-heal|p1a: Rillaboom|21\/100 psn|[from] Grassy Terrain\n|-damage|p1a: Rillaboom|9\/100 psn|[from] psn\n|-fieldend|move: Grassy Terrain\n|upkeep\n|\n|t:|1700407514\n|switch|p2a: Garganacl|Garganacl, M, tera:Ghost|46\/100\n|turn|20\n|j| sourmilkcereal\n|\n|t:|1700407523\n|switch|p1a: devindian|Kingambit, M|100\/100\n|-damage|p1a: devindian|94\/100|[from] Stealth Rock\n|-damage|p1a: devindian|82\/100|[from] Spikes\n|-activate|p1a: devindian|ability: Supreme Overlord\n|-start|p1a: devindian|fallen3|[silent]\n|move|p2a: Garganacl|Recover|p2a: Garganacl\n|-heal|p2a: Garganacl|96\/100\n|\n|-heal|p1a: devindian|88\/100|[from] item: Leftovers\n|upkeep\n|turn|21\n|j| Bnak2\n|\n|t:|1700407537\n|-terastallize|p1a: devindian|Flying\n|move|p1a: devindian|Swords Dance|p1a: devindian\n|-boost|p1a: devindian|atk|2\n|move|p2a: Garganacl|Salt Cure|p1a: devindian\n|-supereffective|p1a: devindian\n|-damage|p1a: devindian|69\/100\n|-start|p1a: devindian|Salt Cure\n|\n|-heal|p1a: devindian|76\/100|[from] item: Leftovers\n|-damage|p1a: devindian|63\/100|[from] Salt Cure\n|upkeep\n|turn|22\n|\n|t:|1700407548\n|move|p1a: devindian|Iron Head|p2a: Garganacl\n|-damage|p2a: Garganacl|12\/100\n|-damage|p1a: devindian|47\/100|[from] item: Rocky Helmet|[of] p2a: Garganacl\n|cant|p2a: Garganacl|flinch\n|\n|-heal|p1a: devindian|53\/100|[from] item: Leftovers\n|-damage|p1a: devindian|40\/100|[from] Salt Cure\n|upkeep\n|turn|23\n|j| I love Neco Arc\n|\n|t:|1700407557\n|move|p1a: devindian|Iron Head|p2a: Garganacl\n|-damage|p2a: Garganacl|0 fnt\n|-damage|p1a: devindian|24\/100|[from] item: Rocky Helmet|[of] p2a: Garganacl\n|faint|p2a: Garganacl\n|\n|-heal|p1a: devindian|30\/100|[from] item: Leftovers\n|-damage|p1a: devindian|18\/100|[from] Salt Cure\n|upkeep\n|\n|t:|1700407568\n|switch|p2a: Iron Valiant|Iron Valiant|100\/100\n|-enditem|p2a: Iron Valiant|Booster Energy\n|-activate|p2a: Iron Valiant|ability: Quark Drive|[fromitem]\n|-start|p2a: Iron Valiant|quarkdrivespe\n|turn|24\n|\n|t:|1700407572\n|-end|p1a: devindian|fallen3|[silent]\n|switch|p1a: Rillaboom|Rillaboom, M|9\/100 psn\n|-damage|p1a: Rillaboom|0 fnt|[from] Stealth Rock\n|faint|p1a: Rillaboom\n|move|p2a: Iron Valiant|Moonblast|p1: Rillaboom|[notarget]\n|-fail|p2a: Iron Valiant\n|\n|upkeep\n|\n|t:|1700407575\n|switch|p1a: Enamorus|Enamorus, F|76\/100\n|-damage|p1a: Enamorus|51\/100|[from] Stealth Rock\n|turn|25\n|l| Bnak2\n|\n|t:|1700407581\n|move|p2a: Iron Valiant|Moonblast|p1a: Enamorus\n|-damage|p1a: Enamorus|0 fnt\n|faint|p1a: Enamorus\n|\n|upkeep\n|c|\u2606GauBoune|gg\n|\n|t:|1700407585\n|switch|p1a: devindian|Kingambit, M, tera:Flying|18\/100\n|-damage|p1a: devindian|0 fnt|[from] Stealth Rock\n|faint|p1a: devindian\n|-end|p1a: devindian|fallen3|[silent]\n|\n|win|CaptainGrungo\n|raw|GauBoune's rating: 1724 &rarr; <strong>1707<\/strong><br \/>(-17 for losing)\n|raw|CaptainGrungo's rating: 1780 &rarr; <strong>1797<\/strong><br \/>(+17 for winning)\n|c|\u2606CaptainGrungo|gg\n|l|\u2606GauBoune\n","uploadtime":1700407591,"views":6,"p1id":"gauboune","p2id":"captaingrungo","formatid":"gen9ou","rating":1707,"private":0,"password":""}