{"id":"gen9ou-1997860848","p1":"Redbrasegali","p2":"SpasDeUzi","format":"[Gen 9] OU","log":"|j|\u2606Redbrasegali\n|j|\u2606SpasDeUzi\n|t:|1700860784\n|gametype|singles\n|player|p1|Redbrasegali|170|1142\n|player|p2|SpasDeUzi|2|1128\n|teamsize|p1|6\n|teamsize|p2|6\n|gen|9\n|tier|[Gen 9] OU\n|rated|\n|rule|Sleep Clause Mod: Limit one foe put to sleep\n|rule|Species Clause: Limit one of each Pok\u00e9mon\n|rule|OHKO Clause: OHKO moves are banned\n|rule|Evasion Items Clause: Evasion items are banned\n|rule|Evasion Moves Clause: Evasion moves are banned\n|rule|Endless Battle Clause: Forcing endless battles is banned\n|rule|HP Percentage Mod: HP is shown in percentages\n|clearpoke\n|poke|p1|Dragonite, F|\n|poke|p1|Rotom-Wash|\n|poke|p1|Cinderace, F|\n|poke|p1|Landorus-Therian, M|\n|poke|p1|Clefable, M|\n|poke|p1|Ogerpon-Cornerstone, F|\n|poke|p2|Torterra, M|\n|poke|p2|Ribombee, F|\n|poke|p2|Grimmsnarl, M|\n|poke|p2|Manaphy|\n|poke|p2|Dragonite, M|\n|poke|p2|Skeledirge, M|\n|teampreview\n|inactive|Battle timer is ON: inactive players will automatically lose when time's up. (requested by SpasDeUzi)\n|\n|t:|1700860796\n|start\n|switch|p1a: Landorus|Landorus-Therian, M|100\/100\n|switch|p2a: Ribombee|Ribombee, F, shiny|100\/100\n|-ability|p1a: Landorus|Intimidate|boost\n|-unboost|p2a: Ribombee|atk|1\n|turn|1\n|\n|t:|1700860807\n|move|p2a: Ribombee|Sticky Web|p1a: Landorus\n|-sidestart|p1: Redbrasegali|move: Sticky Web\n|move|p1a: Landorus|Stealth Rock|p2a: Ribombee\n|-sidestart|p2: SpasDeUzi|move: Stealth Rock\n|\n|upkeep\n|turn|2\n|\n|t:|1700860814\n|move|p2a: Ribombee|Stun Spore|p1a: Landorus|[miss]\n|-miss|p2a: Ribombee|p1a: Landorus\n|move|p1a: Landorus|U-turn|p2a: Ribombee\n|-resisted|p2a: Ribombee\n|-damage|p2a: Ribombee|81\/100\n|\n|t:|1700860821\n|switch|p1a: Ogerpon|Ogerpon-Cornerstone, F|100\/100|[from] U-turn\n|-activate|p1a: Ogerpon|move: Sticky Web\n|-unboost|p1a: Ogerpon|spe|1\n|\n|upkeep\n|turn|3\n|\n|t:|1700860833\n|move|p2a: Ribombee|Moonblast|p1a: Ogerpon\n|-damage|p1a: Ogerpon|56\/100\n|move|p1a: Ogerpon|Ivy Cudgel|p2a: Ribombee|[anim] Ivy Cudgel Rock\n|-supereffective|p2a: Ribombee\n|-damage|p2a: Ribombee|0 fnt\n|faint|p2a: Ribombee\n|\n|upkeep\n|\n|t:|1700860836\n|switch|p2a: Grimmsnarl|Grimmsnarl, M, shiny|100\/100\n|-damage|p2a: Grimmsnarl|88\/100|[from] Stealth Rock\n|turn|4\n|\n|t:|1700860849\n|move|p2a: Grimmsnarl|Taunt|p1a: Ogerpon\n|-start|p1a: Ogerpon|move: Taunt\n|cant|p1a: Ogerpon|move: Taunt|Swords Dance\n|\n|upkeep\n|turn|5\n|\n|t:|1700860857\n|move|p2a: Grimmsnarl|Reflect|p2a: Grimmsnarl\n|-sidestart|p2: SpasDeUzi|Reflect\n|move|p1a: Ogerpon|Horn Leech|p2a: Grimmsnarl\n|-damage|p2a: Grimmsnarl|59\/100\n|-heal|p1a: Ogerpon|75\/100|[from] drain|[of] p2a: Grimmsnarl\n|\n|upkeep\n|turn|6\n|\n|t:|1700860866\n|move|p2a: Grimmsnarl|Parting Shot|p1a: Ogerpon\n|-unboost|p1a: Ogerpon|atk|1\n|-unboost|p1a: Ogerpon|spa|1\n|\n|t:|1700860873\n|switch|p2a: Torterra|Torterra, M, shiny|100\/100|[from] Parting Shot\n|-damage|p2a: Torterra|94\/100|[from] Stealth Rock\n|move|p1a: Ogerpon|Horn Leech|p2a: Torterra\n|-damage|p2a: Torterra|78\/100\n|-heal|p1a: Ogerpon|84\/100|[from] drain|[of] p2a: Torterra\n|\n|-end|p1a: Ogerpon|move: Taunt\n|upkeep\n|turn|7\n|\n|t:|1700860890\n|switch|p1a: Dragonite|Dragonite, F|100\/100\n|move|p2a: Torterra|Shell Smash|p2a: Torterra\n|-unboost|p2a: Torterra|def|1\n|-unboost|p2a: Torterra|spd|1\n|-boost|p2a: Torterra|atk|2\n|-boost|p2a: Torterra|spa|2\n|-boost|p2a: Torterra|spe|2\n|\n|upkeep\n|turn|8\n|\n|t:|1700860903\n|-terastallize|p1a: Dragonite|Normal\n|move|p1a: Dragonite|Extreme Speed|p2a: Torterra\n|-damage|p2a: Torterra|47\/100\n|move|p2a: Torterra|Rock Blast|p1a: Dragonite\n|-crit|p1a: Dragonite\n|-damage|p1a: Dragonite|86\/100\n|-damage|p1a: Dragonite|66\/100\n|-damage|p1a: Dragonite|49\/100\n|-damage|p1a: Dragonite|30\/100\n|-hitcount|p1a: Dragonite|4\n|\n|upkeep\n|turn|9\n|\n|t:|1700860921\n|move|p1a: Dragonite|Extreme Speed|p2a: Torterra\n|-damage|p2a: Torterra|10\/100\n|move|p2a: Torterra|Bullet Seed|p1a: Dragonite\n|-damage|p1a: Dragonite|0 fnt\n|faint|p1a: Dragonite\n|-hitcount|p1: Dragonite|1\n|\n|upkeep\n|\n|t:|1700860932\n|switch|p1a: Ogerpon|Ogerpon-Cornerstone, F|84\/100\n|-activate|p1a: Ogerpon|move: Sticky Web\n|-unboost|p1a: Ogerpon|spe|1\n|turn|10\n|\n|t:|1700860939\n|move|p2a: Torterra|Bullet Seed|p1a: Ogerpon\n|-damage|p1a: Ogerpon|49\/100\n|-damage|p1a: Ogerpon|13\/100\n|-damage|p1a: Ogerpon|0 fnt\n|faint|p1a: Ogerpon\n|-hitcount|p1: Ogerpon|3\n|\n|upkeep\n|\n|t:|1700860953\n|switch|p1a: Cinderace|Cinderace, F|100\/100\n|turn|11\n|\n|t:|1700860959\n|move|p1a: Cinderace|Sucker Punch|p2a: Torterra\n|-start|p1a: Cinderace|typechange|Dark|[from] ability: Libero\n|-damage|p2a: Torterra|0 fnt\n|faint|p2a: Torterra\n|\n|upkeep\n|\n|t:|1700860967\n|switch|p2a: Grimmsnarl|Grimmsnarl, M, shiny|59\/100\n|-damage|p2a: Grimmsnarl|47\/100|[from] Stealth Rock\n|turn|12\n|\n|t:|1700860975\n|move|p2a: Grimmsnarl|Light Screen|p2a: Grimmsnarl\n|-sidestart|p2: SpasDeUzi|move: Light Screen\n|move|p1a: Cinderace|U-turn|p2a: Grimmsnarl\n|-damage|p2a: Grimmsnarl|33\/100\n|\n|t:|1700860981\n|switch|p1a: Landorus|Landorus-Therian, M|100\/100|[from] U-turn\n|-ability|p1a: Landorus|Intimidate|boost\n|-unboost|p2a: Grimmsnarl|atk|1\n|\n|-sideend|p2: SpasDeUzi|Reflect\n|upkeep\n|turn|13\n|\n|t:|1700860995\n|move|p2a: Grimmsnarl|Reflect|p2a: Grimmsnarl\n|-sidestart|p2: SpasDeUzi|Reflect\n|move|p1a: Landorus|Earthquake|p2a: Grimmsnarl\n|-damage|p2a: Grimmsnarl|6\/100\n|\n|upkeep\n|turn|14\n|\n|t:|1700861003\n|move|p2a: Grimmsnarl|Parting Shot|p1a: Landorus\n|-unboost|p1a: Landorus|atk|1\n|-unboost|p1a: Landorus|spa|1\n|\n|t:|1700861010\n|switch|p2a: Manaphy|Manaphy, shiny|100\/100|[from] Parting Shot\n|-damage|p2a: Manaphy|88\/100|[from] Stealth Rock\n|move|p1a: Landorus|U-turn|p2a: Manaphy\n|-damage|p2a: Manaphy|82\/100\n|\n|t:|1700861019\n|switch|p1a: Rotom|Rotom-Wash|100\/100|[from] U-turn\n|\n|upkeep\n|turn|15\n|\n|t:|1700861027\n|move|p1a: Rotom|Trick|p2a: Manaphy\n|-activate|p1a: Rotom|move: Trick|[of] p2a: Manaphy\n|-item|p2a: Manaphy|Choice Scarf|[from] move: Trick\n|-item|p1a: Rotom|Chesto Berry|[from] move: Trick\n|move|p2a: Manaphy|Tail Glow|p2a: Manaphy\n|-boost|p2a: Manaphy|spa|3\n|\n|upkeep\n|turn|16\n|\n|t:|1700861037\n|switch|p2a: Grimmsnarl|Grimmsnarl, M, shiny|6\/100\n|-damage|p2a: Grimmsnarl|0 fnt|[from] Stealth Rock\n|faint|p2a: Grimmsnarl\n|move|p1a: Rotom|Will-O-Wisp|p2: Grimmsnarl|[notarget]\n|-fail|p1a: Rotom\n|\n|upkeep\n|\n|t:|1700861043\n|switch|p2a: Dragonite|Dragonite, M, shiny|100\/100\n|turn|17\n|\n|t:|1700861051\n|move|p1a: Rotom|Will-O-Wisp|p2a: Dragonite\n|-status|p2a: Dragonite|brn\n|move|p2a: Dragonite|Dragon Dance|p2a: Dragonite\n|-boost|p2a: Dragonite|atk|1\n|-boost|p2a: Dragonite|spe|1\n|\n|-damage|p2a: Dragonite|94\/100 brn|[from] brn\n|upkeep\n|turn|18\n|\n|t:|1700861071\n|switch|p2a: Skeledirge|Skeledirge, M|100\/100\n|move|p1a: Rotom|Volt Switch|p2a: Skeledirge\n|-damage|p2a: Skeledirge|90\/100\n|\n|t:|1700861079\n|switch|p1a: Landorus|Landorus-Therian, M|100\/100|[from] Volt Switch\n|-ability|p1a: Landorus|Intimidate|boost\n|-unboost|p2a: Skeledirge|atk|1\n|\n|upkeep\n|turn|19\n|\n|t:|1700861089\n|-terastallize|p2a: Skeledirge|Water\n|move|p1a: Landorus|Bulk Up|p1a: Landorus\n|-boost|p1a: Landorus|atk|1\n|-boost|p1a: Landorus|def|1\n|move|p2a: Skeledirge|Will-O-Wisp|p1a: Landorus\n|-status|p1a: Landorus|brn\n|\n|-damage|p1a: Landorus|94\/100 brn|[from] brn\n|-sideend|p2: SpasDeUzi|move: Light Screen\n|upkeep\n|turn|20\n|\n|t:|1700861104\n|move|p1a: Landorus|Earthquake|p2a: Skeledirge\n|-damage|p2a: Skeledirge|80\/100\n|move|p2a: Skeledirge|Torch Song|p1a: Landorus\n|-damage|p1a: Landorus|62\/100 brn\n|-boost|p2a: Skeledirge|spa|1\n|\n|-damage|p1a: Landorus|56\/100 brn|[from] brn\n|-sideend|p2: SpasDeUzi|Reflect\n|upkeep\n|turn|21\n|\n|t:|1700861119\n|move|p1a: Landorus|U-turn|p2a: Skeledirge\n|-damage|p2a: Skeledirge|70\/100\n|\n|t:|1700861122\n|switch|p1a: Rotom|Rotom-Wash|100\/100|[from] U-turn\n|move|p2a: Skeledirge|Torch Song|p1a: Rotom\n|-resisted|p1a: Rotom\n|-crit|p1a: Rotom\n|-damage|p1a: Rotom|55\/100\n|-boost|p2a: Skeledirge|spa|1\n|\n|upkeep\n|turn|22\n|\n|t:|1700861135\n|move|p1a: Rotom|Volt Switch|p2a: Skeledirge\n|-supereffective|p2a: Skeledirge\n|-damage|p2a: Skeledirge|25\/100\n|\n|t:|1700861139\n|switch|p1a: Clefable|Clefable, M|100\/100|[from] Volt Switch\n|-activate|p1a: Clefable|move: Sticky Web\n|-unboost|p1a: Clefable|spe|1\n|move|p2a: Skeledirge|Will-O-Wisp|p1a: Clefable\n|-status|p1a: Clefable|brn\n|\n|-damage|p1a: Clefable|94\/100 brn|[from] brn\n|upkeep\n|turn|23\n|\n|t:|1700861155\n|move|p2a: Skeledirge|Slack Off|p2a: Skeledirge\n|-heal|p2a: Skeledirge|75\/100\n|move|p1a: Clefable|Moonblast|p2a: Skeledirge\n|-damage|p2a: Skeledirge|52\/100\n|\n|-damage|p1a: Clefable|88\/100 brn|[from] brn\n|upkeep\n|turn|24\n|\n|t:|1700861166\n|move|p2a: Skeledirge|Hex|p1a: Clefable\n|-damage|p1a: Clefable|57\/100 brn\n|move|p1a: Clefable|Knock Off|p2a: Skeledirge\n|-damage|p2a: Skeledirge|46\/100\n|-enditem|p2a: Skeledirge|Heavy-Duty Boots|[from] move: Knock Off|[of] p1a: Clefable\n|\n|-damage|p1a: Clefable|51\/100 brn|[from] brn\n|upkeep\n|turn|25\n|\n|t:|1700861181\n|switch|p1a: Rotom|Rotom-Wash|55\/100\n|move|p2a: Skeledirge|Hex|p1a: Rotom\n|-damage|p1a: Rotom|0 fnt\n|faint|p1a: Rotom\n|\n|upkeep\n|\n|t:|1700861191\n|switch|p1a: Cinderace|Cinderace, F|100\/100\n|turn|26\n|\n|t:|1700861197\n|move|p1a: Cinderace|U-turn|p2a: Skeledirge\n|-start|p1a: Cinderace|typechange|Bug|[from] ability: Libero\n|-damage|p2a: Skeledirge|17\/100\n|\n|t:|1700861204\n|switch|p1a: Landorus|Landorus-Therian, M|56\/100 brn|[from] U-turn\n|-ability|p1a: Landorus|Intimidate|boost\n|-unboost|p2a: Skeledirge|atk|1\n|move|p2a: Skeledirge|Slack Off|p2a: Skeledirge\n|-heal|p2a: Skeledirge|67\/100\n|\n|-damage|p1a: Landorus|50\/100 brn|[from] brn\n|upkeep\n|turn|27\n|\n|t:|1700861219\n|move|p1a: Landorus|Earthquake|p2a: Skeledirge\n|-damage|p2a: Skeledirge|46\/100\n|move|p2a: Skeledirge|Hex|p1a: Landorus\n|-damage|p1a: Landorus|0 fnt\n|faint|p1a: Landorus\n|\n|upkeep\n|\n|t:|1700861229\n|switch|p1a: Cinderace|Cinderace, F|100\/100\n|turn|28\n|\n|t:|1700861239\n|move|p1a: Cinderace|U-turn|p2a: Skeledirge\n|-start|p1a: Cinderace|typechange|Bug|[from] ability: Libero\n|-damage|p2a: Skeledirge|21\/100\n|\n|t:|1700861244\n|switch|p1a: Clefable|Clefable, M|51\/100 brn|[from] U-turn\n|-activate|p1a: Clefable|move: Sticky Web\n|-unboost|p1a: Clefable|spe|1\n|move|p2a: Skeledirge|Slack Off|p2a: Skeledirge\n|-heal|p2a: Skeledirge|71\/100\n|\n|-damage|p1a: Clefable|45\/100 brn|[from] brn\n|upkeep\n|turn|29\n|\n|t:|1700861259\n|move|p2a: Skeledirge|Hex|p1a: Clefable\n|-damage|p1a: Clefable|11\/100 brn\n|move|p1a: Clefable|Moonblast|p2a: Skeledirge\n|-damage|p2a: Skeledirge|48\/100\n|\n|-damage|p1a: Clefable|5\/100 brn|[from] brn\n|upkeep\n|turn|30\n|\n|t:|1700861270\n|move|p2a: Skeledirge|Hex|p1a: Clefable\n|-damage|p1a: Clefable|0 fnt\n|faint|p1a: Clefable\n|\n|upkeep\n|\n|t:|1700861277\n|switch|p1a: Cinderace|Cinderace, F|100\/100\n|turn|31\n|\n|t:|1700861286\n|move|p1a: Cinderace|U-turn|p2a: Skeledirge\n|-start|p1a: Cinderace|typechange|Bug|[from] ability: Libero\n|-damage|p2a: Skeledirge|22\/100\n|move|p2a: Skeledirge|Slack Off|p2a: Skeledirge\n|-heal|p2a: Skeledirge|73\/100\n|\n|upkeep\n|turn|32\n|\n|t:|1700861295\n|move|p1a: Cinderace|Will-O-Wisp|p2a: Skeledirge\n|-status|p2a: Skeledirge|brn\n|move|p2a: Skeledirge|Torch Song|p1a: Cinderace\n|-supereffective|p1a: Cinderace\n|-damage|p1a: Cinderace|0 fnt\n|-boost|p2a: Skeledirge|spa|1\n|faint|p1a: Cinderace\n|\n|win|SpasDeUzi\n|raw|Redbrasegali's rating: 1142 &rarr; <strong>1116<\/strong><br \/>(-26 for losing)\n|raw|SpasDeUzi's rating: 1128 &rarr; <strong>1154<\/strong><br \/>(+26 for winning)\n","uploadtime":1700861305,"views":4,"p1id":"redbrasegali","p2id":"spasdeuzi","formatid":"gen9ou","rating":1116,"private":0,"password":""}