{"id":"gen9ou-1991433279","p1":"oops wasn't me","p2":"2QjNL3mIBahnZjMj","format":"[Gen 9] OU","log":"|j|\u2606oops wasn't me\n|j|\u26062QjNL3mIBahnZjMj\n|t:|1700076697\n|gametype|singles\n|player|p1|oops wasn't me|102|1000\n|player|p2|2QjNL3mIBahnZjMj|169|1000\n|teamsize|p1|6\n|teamsize|p2|6\n|gen|9\n|tier|[Gen 9] OU\n|rated|\n|rule|Sleep Clause Mod: Limit one foe put to sleep\n|rule|Species Clause: Limit one of each Pok\u00e9mon\n|rule|OHKO Clause: OHKO moves are banned\n|rule|Evasion Items Clause: Evasion items are banned\n|rule|Evasion Moves Clause: Evasion moves are banned\n|rule|Endless Battle Clause: Forcing endless battles is banned\n|rule|HP Percentage Mod: HP is shown in percentages\n|clearpoke\n|poke|p1|Lucario, M|\n|poke|p1|Dragonite, M|\n|poke|p1|Heatran, M|\n|poke|p1|Mew|\n|poke|p1|Coalossal, M|\n|poke|p1|Slowking-Galar, M|\n|poke|p2|Rillaboom, F|\n|poke|p2|Sneasler, F|\n|poke|p2|Zamazenta-*|\n|poke|p2|Heatran, M|\n|poke|p2|Hatterene, F|\n|poke|p2|Manaphy|\n|teampreview\n|inactive|Battle timer is ON: inactive players will automatically lose when time's up. (requested by 2QjNL3mIBahnZjMj)\n|\n|t:|1700076705\n|start\n|switch|p1a: Coalossal|Coalossal, M|100\/100\n|switch|p2a: Rillaboom|Rillaboom, F|100\/100\n|-fieldstart|move: Grassy Terrain|[from] ability: Grassy Surge|[of] p2a: Rillaboom\n|turn|1\n|\n|t:|1700076717\n|switch|p2a: Hatterene|Hatterene, F|100\/100\n|-enditem|p2a: Hatterene|Grassy Seed\n|-boost|p2a: Hatterene|def|1|[from] item: Grassy Seed\n|move|p1a: Coalossal|Stealth Rock|p2a: Hatterene\n|move|p2a: Hatterene|Stealth Rock|p1a: Coalossal|[from]ability: Magic Bounce\n|-sidestart|p1: oops wasn't me|move: Stealth Rock\n|\n|upkeep\n|turn|2\n|\n|t:|1700076728\n|move|p2a: Hatterene|Nuzzle|p1a: Coalossal\n|-damage|p1a: Coalossal|98\/100\n|-status|p1a: Coalossal|par\n|-status|p2a: Hatterene|brn|[from] ability: Flame Body|[of] p1a: Coalossal\n|move|p1a: Coalossal|Fire Spin|p2a: Hatterene\n|-damage|p2a: Hatterene|90\/100 brn\n|-activate|p2a: Hatterene|move: Fire Spin|[of] p1a: Coalossal\n|\n|-heal|p2a: Hatterene|96\/100 brn|[from] Grassy Terrain\n|-heal|p1a: Coalossal|100\/100 par|[from] Grassy Terrain\n|-damage|p2a: Hatterene|90\/100 brn|[from] brn\n|-damage|p2a: Hatterene|78\/100 brn|[from] move: Fire Spin|[partiallytrapped]\n|upkeep\n|turn|3\n|\n|t:|1700076743\n|move|p2a: Hatterene|Psyshock|p1a: Coalossal\n|-damage|p1a: Coalossal|75\/100 par\n|cant|p1a: Coalossal|par\n|\n|-heal|p2a: Hatterene|84\/100 brn|[from] Grassy Terrain\n|-heal|p1a: Coalossal|82\/100 par|[from] Grassy Terrain\n|-damage|p2a: Hatterene|78\/100 brn|[from] brn\n|-damage|p2a: Hatterene|66\/100 brn|[from] move: Fire Spin|[partiallytrapped]\n|upkeep\n|turn|4\n|\n|t:|1700076753\n|move|p2a: Hatterene|Psyshock|p1a: Coalossal\n|-damage|p1a: Coalossal|58\/100 par\n|cant|p1a: Coalossal|par\n|\n|-heal|p2a: Hatterene|72\/100 brn|[from] Grassy Terrain\n|-heal|p1a: Coalossal|65\/100 par|[from] Grassy Terrain\n|-damage|p2a: Hatterene|66\/100 brn|[from] brn\n|-damage|p2a: Hatterene|53\/100 brn|[from] move: Fire Spin|[partiallytrapped]\n|upkeep\n|turn|5\n|\n|t:|1700076767\n|move|p2a: Hatterene|Psyshock|p1a: Coalossal\n|-damage|p1a: Coalossal|39\/100 par\n|move|p1a: Coalossal|Sand Tomb|p2a: Hatterene\n|-crit|p2a: Hatterene\n|-damage|p2a: Hatterene|45\/100 brn\n|\n|-heal|p2a: Hatterene|50\/100 brn|[from] Grassy Terrain\n|-heal|p1a: Coalossal|45\/100 par|[from] Grassy Terrain\n|-damage|p2a: Hatterene|45\/100 brn|[from] brn\n|-damage|p2a: Hatterene|32\/100 brn|[from] move: Fire Spin|[partiallytrapped]\n|-fieldend|move: Grassy Terrain\n|upkeep\n|turn|6\n|\n|t:|1700076781\n|move|p1a: Coalossal|Protect|p1a: Coalossal\n|-singleturn|p1a: Coalossal|Protect\n|move|p2a: Hatterene|Psyshock|p1a: Coalossal\n|-activate|p1a: Coalossal|move: Protect\n|\n|-damage|p2a: Hatterene|26\/100 brn|[from] brn\n|-damage|p2a: Hatterene|14\/100 brn|[from] move: Fire Spin|[partiallytrapped]\n|upkeep\n|turn|7\n|\n|t:|1700076807\n|move|p1a: Coalossal|Protect|p1a: Coalossal\n|-singleturn|p1a: Coalossal|Protect\n|move|p2a: Hatterene|Psyshock|p1a: Coalossal\n|-activate|p1a: Coalossal|move: Protect\n|\n|-damage|p2a: Hatterene|8\/100 brn|[from] brn\n|-damage|p2a: Hatterene|0 fnt|[from] move: Fire Spin|[partiallytrapped]\n|faint|p2a: Hatterene\n|upkeep\n|\n|t:|1700076832\n|switch|p2a: Manaphy|Manaphy|100\/100\n|turn|8\n|\n|t:|1700076844\n|-terastallize|p1a: Coalossal|Ground\n|move|p2a: Manaphy|Scald|p1a: Coalossal\n|-supereffective|p1a: Coalossal\n|-damage|p1a: Coalossal|6\/100 par\n|move|p1a: Coalossal|Stealth Rock|p2a: Manaphy\n|-sidestart|p2: 2QjNL3mIBahnZjMj|move: Stealth Rock\n|\n|upkeep\n|turn|9\n|inactive|oops wasn't me has 120 seconds left.\n|\n|t:|1700076875\n|move|p2a: Manaphy|Scald|p1a: Coalossal\n|-supereffective|p1a: Coalossal\n|-damage|p1a: Coalossal|0 fnt\n|faint|p1a: Coalossal\n|\n|upkeep\n|\n|t:|1700076890\n|switch|p1a: Dragonite|Dragonite, M|100\/100\n|-damage|p1a: Dragonite|75\/100|[from] Stealth Rock\n|turn|10\n|\n|t:|1700076899\n|move|p2a: Manaphy|Acid Armor|p2a: Manaphy\n|-boost|p2a: Manaphy|def|2\n|move|p1a: Dragonite|Thunder Wave|p2a: Manaphy\n|-status|p2a: Manaphy|par\n|\n|upkeep\n|turn|11\n|\n|t:|1700076912\n|move|p1a: Dragonite|Wrap|p2a: Manaphy\n|-damage|p2a: Manaphy|99\/100 par\n|-activate|p2a: Manaphy|move: Wrap|[of] p1a: Dragonite\n|move|p2a: Manaphy|Take Heart|p2a: Manaphy\n|-boost|p2a: Manaphy|spa|1\n|-boost|p2a: Manaphy|spd|1\n|-curestatus|p2a: Manaphy|par|[msg]\n|\n|-heal|p2a: Manaphy|100\/100|[from] item: Leftovers\n|-damage|p2a: Manaphy|88\/100|[from] move: Wrap|[partiallytrapped]\n|upkeep\n|turn|12\n|\n|t:|1700076925\n|move|p2a: Manaphy|Acid Armor|p2a: Manaphy\n|-boost|p2a: Manaphy|def|2\n|move|p1a: Dragonite|Roost|p1a: Dragonite\n|-heal|p1a: Dragonite|100\/100\n|-singleturn|p1a: Dragonite|move: Roost\n|\n|-heal|p2a: Manaphy|94\/100|[from] item: Leftovers\n|-damage|p2a: Manaphy|82\/100|[from] move: Wrap|[partiallytrapped]\n|upkeep\n|turn|13\n|\n|t:|1700076939\n|move|p2a: Manaphy|Stored Power|p1a: Dragonite\n|-damage|p1a: Dragonite|59\/100\n|move|p1a: Dragonite|Thunder Wave|p2a: Manaphy\n|-status|p2a: Manaphy|par\n|\n|-heal|p2a: Manaphy|88\/100 par|[from] item: Leftovers\n|-damage|p2a: Manaphy|76\/100 par|[from] move: Wrap|[partiallytrapped]\n|upkeep\n|turn|14\n|\n|t:|1700076951\n|move|p1a: Dragonite|Roost|p1a: Dragonite\n|-heal|p1a: Dragonite|100\/100\n|-singleturn|p1a: Dragonite|move: Roost\n|cant|p2a: Manaphy|par\n|\n|-heal|p2a: Manaphy|82\/100 par|[from] item: Leftovers\n|-damage|p2a: Manaphy|69\/100 par|[from] move: Wrap|[partiallytrapped]\n|upkeep\n|turn|15\n|inactive|oops wasn't me has 90 seconds left.\n|\n|t:|1700077008\n|switch|p1a: Lucario|Lucario, M, shiny|100\/100\n|-damage|p1a: Lucario|98\/100|[from] Stealth Rock\n|cant|p2a: Manaphy|par\n|\n|-heal|p2a: Manaphy|76\/100 par|[from] item: Leftovers\n|-end|p2a: Manaphy|Wrap|[partiallytrapped]|[silent]\n|upkeep\n|turn|16\n|inactive|oops wasn't me has 60 seconds left.\n|\n|t:|1700077040\n|move|p1a: Lucario|Shadow Ball|p2a: Manaphy\n|-damage|p2a: Manaphy|60\/100 par\n|move|p2a: Manaphy|Take Heart|p2a: Manaphy\n|-boost|p2a: Manaphy|spa|1\n|-boost|p2a: Manaphy|spd|1\n|-curestatus|p2a: Manaphy|par|[msg]\n|\n|-heal|p2a: Manaphy|67\/100|[from] item: Leftovers\n|upkeep\n|turn|17\n|\n|t:|1700077051\n|move|p1a: Lucario|Flash Cannon|p2a: Manaphy\n|-resisted|p2a: Manaphy\n|-damage|p2a: Manaphy|59\/100\n|move|p2a: Manaphy|Stored Power|p1a: Lucario\n|-damage|p1a: Lucario|9\/100\n|\n|-heal|p2a: Manaphy|65\/100|[from] item: Leftovers\n|upkeep\n|turn|18\n|\n|t:|1700077075\n|switch|p1a: Slowking|Slowking-Galar, M|100\/100\n|-damage|p1a: Slowking|88\/100|[from] Stealth Rock\n|move|p2a: Manaphy|Take Heart|p2a: Manaphy\n|-boost|p2a: Manaphy|spa|1\n|-boost|p2a: Manaphy|spd|1\n|\n|-heal|p2a: Manaphy|71\/100|[from] item: Leftovers\n|upkeep\n|turn|19\n|\n|t:|1700077086\n|move|p2a: Manaphy|Stored Power|p1a: Slowking\n|-crit|p1a: Slowking\n|-damage|p1a: Slowking|0 fnt\n|faint|p1a: Slowking\n|\n|-heal|p2a: Manaphy|77\/100|[from] item: Leftovers\n|upkeep\n|\n|t:|1700077095\n|switch|p1a: Mew|Mew, shiny|100\/100\n|-damage|p1a: Mew|88\/100|[from] Stealth Rock\n|turn|20\n|\n|t:|1700077102\n|move|p1a: Mew|Icicle Spear|p2a: Manaphy\n|-resisted|p2a: Manaphy\n|-damage|p2a: Manaphy|77\/100\n|-resisted|p2a: Manaphy\n|-damage|p2a: Manaphy|76\/100\n|-resisted|p2a: Manaphy\n|-damage|p2a: Manaphy|75\/100\n|-resisted|p2a: Manaphy\n|-damage|p2a: Manaphy|74\/100\n|-resisted|p2a: Manaphy\n|-damage|p2a: Manaphy|73\/100\n|-hitcount|p2a: Manaphy|5\n|move|p2a: Manaphy|Scald|p1a: Mew\n|-damage|p1a: Mew|22\/100\n|\n|-heal|p2a: Manaphy|79\/100|[from] item: Leftovers\n|upkeep\n|turn|21\n|inactive|oops wasn't me has 30 seconds left.\n|inactive|oops wasn't me has 20 seconds left.\n|inactive|oops wasn't me has 15 seconds left.\n|inactive|oops wasn't me has 10 seconds left.\n|\n|t:|1700077148\n|move|p1a: Mew|Bullet Seed|p2a: Manaphy\n|-supereffective|p2a: Manaphy\n|-damage|p2a: Manaphy|75\/100\n|-supereffective|p2a: Manaphy\n|-damage|p2a: Manaphy|71\/100\n|-supereffective|p2a: Manaphy\n|-damage|p2a: Manaphy|67\/100\n|-supereffective|p2a: Manaphy\n|-damage|p2a: Manaphy|63\/100\n|-supereffective|p2a: Manaphy\n|-damage|p2a: Manaphy|59\/100\n|-hitcount|p2a: Manaphy|5\n|move|p2a: Manaphy|Scald|p1a: Mew\n|-damage|p1a: Mew|0 fnt\n|faint|p1a: Mew\n|\n|-heal|p2a: Manaphy|65\/100|[from] item: Leftovers\n|upkeep\n|inactive|oops wasn't me has 15 seconds left this turn.\n|inactive|oops wasn't me has 10 seconds left.\n|inactive|oops wasn't me has 5 seconds left.\n|-message|oops wasn't me lost due to inactivity.\n|\n|win|2QjNL3mIBahnZjMj\n|raw|oops wasn&apos;t me's rating: 1000 &rarr; <strong>1000<\/strong><br \/>(+0 for losing)\n|raw|2QjNL3mIBahnZjMj's rating: 1000 &rarr; <strong>1040<\/strong><br \/>(+40 for winning)\n","uploadtime":1700077166,"views":9,"p1id":"oopswasntme","p2id":"2qjnl3mibahnzjmj","formatid":"gen9ou","rating":1000,"private":0,"password":""}