{"id":"gen9ou-1991786979","p1":"S3PP1","p2":"CrushMeGoodra","format":"[Gen 9] OU","log":"|j|\u2606S3PP1\n|j|\u2606CrushMeGoodra\n|t:|1700117210\n|gametype|singles\n|player|p1|S3PP1|biker-gen4|\n|player|p2|CrushMeGoodra|cynthia|\n|teamsize|p1|6\n|teamsize|p2|6\n|gen|9\n|tier|[Gen 9] OU\n|rule|Sleep Clause Mod: Limit one foe put to sleep\n|rule|Species Clause: Limit one of each Pok\u00e9mon\n|rule|OHKO Clause: OHKO moves are banned\n|rule|Evasion Items Clause: Evasion items are banned\n|rule|Evasion Moves Clause: Evasion moves are banned\n|rule|Endless Battle Clause: Forcing endless battles is banned\n|rule|HP Percentage Mod: HP is shown in percentages\n|clearpoke\n|poke|p1|Iron Valiant|\n|poke|p1|Kommo-o, M|\n|poke|p1|Lokix, F|\n|poke|p1|Mamoswine, F|\n|poke|p1|Shiftry, M|\n|poke|p1|Forretress, M|\n|poke|p2|Glimmora, F|\n|poke|p2|Dragonite, F|\n|poke|p2|Skeledirge, F|\n|poke|p2|Jirachi|\n|poke|p2|Overqwil, F|\n|poke|p2|Lucario, F|\n|teampreview\n|inactive|Battle timer is ON: inactive players will automatically lose when time's up. (requested by S3PP1)\n|inactive|CrushMeGoodra also wants the timer to be on.\n|j| CRIPPYwitdaGRIPPY\n|\n|t:|1700117222\n|start\n|switch|p1a: Forretress|Forretress, M|100\/100\n|switch|p2a: danny DeVito|Skeledirge, F|100\/100\n|turn|1\n|\n|t:|1700117227\n|move|p2a: danny DeVito|Will-O-Wisp|p1a: Forretress\n|-status|p1a: Forretress|brn\n|move|p1a: Forretress|Stealth Rock|p2a: danny DeVito\n|-sidestart|p2: CrushMeGoodra|move: Stealth Rock\n|\n|-damage|p1a: Forretress|94\/100 brn|[from] brn\n|upkeep\n|turn|2\n|\n|t:|1700117231\n|move|p2a: danny DeVito|Torch Song|p1a: Forretress\n|-supereffective|p1a: Forretress\n|-damage|p1a: Forretress|0 fnt\n|-boost|p2a: danny DeVito|spa|1\n|faint|p1a: Forretress\n|\n|upkeep\n|\n|t:|1700117252\n|switch|p1a: Lokix|Lokix, F|100\/100\n|turn|3\n|\n|t:|1700117267\n|switch|p2a: Overqwilified|Overqwil, F|100\/100\n|-damage|p2a: Overqwilified|88\/100|[from] Stealth Rock\n|-ability|p2a: Overqwilified|Intimidate|boost\n|-unboost|p1a: Lokix|atk|1\n|move|p1a: Lokix|Knock Off|p2a: Overqwilified\n|-resisted|p2a: Overqwilified\n|-damage|p2a: Overqwilified|58\/100\n|-enditem|p2a: Overqwilified|Leftovers|[from] move: Knock Off|[of] p1a: Lokix\n|\n|upkeep\n|turn|4\n|\n|t:|1700117280\n|switch|p1a: Mamoswine|Mamoswine, F|100\/100\n|move|p2a: Overqwilified|Barb Barrage|p1a: Mamoswine\n|-resisted|p1a: Mamoswine\n|-damage|p1a: Mamoswine|87\/100\n|-status|p1a: Mamoswine|psn\n|\n|-damage|p1a: Mamoswine|75\/100 psn|[from] psn\n|upkeep\n|turn|5\n|\n|t:|1700117303\n|switch|p2a: Deflowered|Glimmora, F|100\/100\n|-damage|p2a: Deflowered|88\/100|[from] Stealth Rock\n|move|p1a: Mamoswine|Earthquake|p2a: Deflowered\n|-supereffective|p2a: Deflowered\n|-damage|p2a: Deflowered|0 fnt\n|-activate|p2a: Deflowered|ability: Toxic Debris\n|-sidestart|p1: S3PP1|move: Toxic Spikes\n|faint|p2a: Deflowered\n|\n|-damage|p1a: Mamoswine|63\/100 psn|[from] psn\n|upkeep\n|inactive|CrushMeGoodra has 270 seconds left.\n|\n|t:|1700117322\n|switch|p2a: Overqwilified|Overqwil, F|58\/100\n|-damage|p2a: Overqwilified|45\/100|[from] Stealth Rock\n|-ability|p2a: Overqwilified|Intimidate|boost\n|-unboost|p1a: Mamoswine|atk|1\n|turn|6\n|\n|t:|1700117326\n|move|p1a: Mamoswine|Earthquake|p2a: Overqwilified\n|-supereffective|p2a: Overqwilified\n|-damage|p2a: Overqwilified|0 fnt\n|faint|p2a: Overqwilified\n|\n|-damage|p1a: Mamoswine|50\/100 psn|[from] psn\n|upkeep\n|\n|t:|1700117329\n|switch|p2a: I Won'tGetThe60%|Jirachi|100\/100\n|-damage|p2a: I Won'tGetThe60%|94\/100|[from] Stealth Rock\n|turn|7\n|\n|t:|1700117335\n|move|p2a: I Won'tGetThe60%|Iron Head|p1a: Mamoswine\n|-supereffective|p1a: Mamoswine\n|-damage|p1a: Mamoswine|0 fnt\n|faint|p1a: Mamoswine\n|\n|upkeep\n|\n|t:|1700117343\n|switch|p1a: Shiftry|Shiftry, M|100\/100\n|-status|p1a: Shiftry|psn\n|turn|8\n|\n|t:|1700117352\n|move|p2a: I Won'tGetThe60%|Iron Head|p1a: Shiftry\n|-damage|p1a: Shiftry|46\/100 psn\n|cant|p1a: Shiftry|flinch\n|\n|-damage|p1a: Shiftry|33\/100 psn|[from] psn\n|upkeep\n|turn|9\n|\n|t:|1700117372\n|move|p1a: Shiftry|Sucker Punch|p2a: I Won'tGetThe60%\n|-supereffective|p2a: I Won'tGetThe60%\n|-damage|p2a: I Won'tGetThe60%|33\/100\n|move|p2a: I Won'tGetThe60%|Iron Head|p1a: Shiftry\n|-damage|p1a: Shiftry|0 fnt\n|faint|p1a: Shiftry\n|\n|upkeep\n|\n|t:|1700117380\n|switch|p1a: Lokix|Lokix, F|100\/100\n|-status|p1a: Lokix|psn\n|turn|10\n|\n|t:|1700117386\n|move|p2a: I Won'tGetThe60%|Iron Head|p1a: Lokix\n|-damage|p1a: Lokix|47\/100 psn\n|cant|p1a: Lokix|flinch\n|\n|-damage|p1a: Lokix|35\/100 psn|[from] psn\n|upkeep\n|turn|11\n|\n|t:|1700117391\n|move|p2a: I Won'tGetThe60%|Iron Head|p1a: Lokix\n|-damage|p1a: Lokix|0 fnt\n|faint|p1a: Lokix\n|\n|upkeep\n|\n|t:|1700117412\n|switch|p1a: Iron Valiant|Iron Valiant|100\/100\n|-status|p1a: Iron Valiant|psn\n|-enditem|p1a: Iron Valiant|Booster Energy\n|-activate|p1a: Iron Valiant|ability: Quark Drive|[fromitem]\n|-start|p1a: Iron Valiant|quarkdrivespe\n|turn|12\n|\n|t:|1700117425\n|-terastallize|p1a: Iron Valiant|Dark\n|move|p1a: Iron Valiant|Swords Dance|p1a: Iron Valiant\n|-boost|p1a: Iron Valiant|atk|2\n|move|p2a: I Won'tGetThe60%|Iron Head|p1a: Iron Valiant\n|-damage|p1a: Iron Valiant|57\/100 psn\n|\n|-damage|p1a: Iron Valiant|44\/100 psn|[from] psn\n|upkeep\n|turn|13\n|\n|t:|1700117435\n|move|p1a: Iron Valiant|Knock Off|p2a: I Won'tGetThe60%\n|-supereffective|p2a: I Won'tGetThe60%\n|-damage|p2a: I Won'tGetThe60%|0 fnt\n|-enditem|p2a: I Won'tGetThe60%|Choice Scarf|[from] move: Knock Off|[of] p1a: Iron Valiant\n|faint|p2a: I Won'tGetThe60%\n|\n|-damage|p1a: Iron Valiant|32\/100 psn|[from] psn\n|upkeep\n|\n|t:|1700117443\n|switch|p2a: BJ|Dragonite, F|100\/100\n|turn|14\n|\n|t:|1700117450\n|move|p2a: BJ|Extreme Speed|p1a: Iron Valiant\n|-damage|p1a: Iron Valiant|0 fnt\n|faint|p1a: Iron Valiant\n|-end|p1a: Iron Valiant|Quark Drive|[silent]\n|\n|upkeep\n|\n|t:|1700117452\n|switch|p1a: Kommo-o|Kommo-o, M|100\/100\n|-status|p1a: Kommo-o|psn\n|turn|15\n|\n|t:|1700117458\n|switch|p2a: HotDoggo|Lucario, F|100\/100\n|-damage|p2a: HotDoggo|98\/100|[from] Stealth Rock\n|move|p1a: Kommo-o|Clangorous Soul|p1a: Kommo-o\n|-boost|p1a: Kommo-o|atk|1\n|-boost|p1a: Kommo-o|def|1\n|-boost|p1a: Kommo-o|spa|1\n|-boost|p1a: Kommo-o|spd|1\n|-boost|p1a: Kommo-o|spe|1\n|-enditem|p2a: HotDoggo|Mirror Herb\n|-boost|p2a: HotDoggo|atk|1|[from] item: Mirror Herb\n|-boost|p2a: HotDoggo|def|1|[from] item: Mirror Herb\n|-boost|p2a: HotDoggo|spa|1|[from] item: Mirror Herb\n|-boost|p2a: HotDoggo|spd|1|[from] item: Mirror Herb\n|-boost|p2a: HotDoggo|spe|1|[from] item: Mirror Herb\n|-damage|p1a: Kommo-o|68\/100 psn\n|-enditem|p1a: Kommo-o|Throat Spray\n|-boost|p1a: Kommo-o|spa|1|[from] item: Throat Spray\n|\n|-damage|p1a: Kommo-o|55\/100 psn|[from] psn\n|upkeep\n|turn|16\n|-message|S3PP1 forfeited.\n|\n|win|CrushMeGoodra\n|l|\u2606S3PP1\n|j|\u2606S3PP1\n|player|p1|S3PP1|biker-gen4\n","uploadtime":1700117509,"views":32,"p1id":"s3pp1","p2id":"crushmegoodra","formatid":"gen9ou","rating":0,"private":0,"password":""}