{"id":"gen9ou-1989672111","p1":"Prof Soil","p2":"Skaraptor2.1","format":"[Gen 9] OU","log":"|j|\u203dProf Soil\n|j|\u2606Skaraptor2.1\n|t:|1699885447\n|gametype|singles\n|player|p1|Prof Soil|unknown|1240\n|player|p2|Skaraptor2.1|emma|1268\n|teamsize|p1|6\n|teamsize|p2|6\n|gen|9\n|tier|[Gen 9] OU\n|rated|\n|rule|Sleep Clause Mod: Limit one foe put to sleep\n|rule|Species Clause: Limit one of each Pok\u00e9mon\n|rule|OHKO Clause: OHKO moves are banned\n|rule|Evasion Items Clause: Evasion items are banned\n|rule|Evasion Moves Clause: Evasion moves are banned\n|rule|Endless Battle Clause: Forcing endless battles is banned\n|rule|HP Percentage Mod: HP is shown in percentages\n|clearpoke\n|poke|p1|Greninja-*, M|\n|poke|p1|Kommo-o, F|\n|poke|p1|Gholdengo|\n|poke|p1|Ribombee, F|\n|poke|p1|Great Tusk|\n|poke|p1|Thundurus-Therian, M|\n|poke|p2|Ribombee, M|\n|poke|p2|Ogerpon-Wellspring, F|\n|poke|p2|Iron Moth|\n|poke|p2|Zamazenta-*|\n|poke|p2|Iron Valiant|\n|poke|p2|Kingambit, F|\n|teampreview\n|inactive|Battle timer is ON: inactive players will automatically lose when time's up. (requested by Skaraptor2.1)\n|inactive|Prof Soil also wants the timer to be on.\n|\n|t:|1699885456\n|start\n|switch|p1a: Ribombee|Ribombee, F, shiny|100\/100\n|switch|p2a: Solar Panels|Iron Moth|100\/100\n|-enditem|p2a: Solar Panels|Booster Energy\n|-activate|p2a: Solar Panels|ability: Quark Drive|[fromitem]\n|-start|p2a: Solar Panels|quarkdrivespe\n|turn|1\n|\n|t:|1699885459\n|move|p2a: Solar Panels|Substitute|p2a: Solar Panels\n|-start|p2a: Solar Panels|Substitute\n|-damage|p2a: Solar Panels|76\/100\n|move|p1a: Ribombee|Tailwind|p1a: Ribombee\n|-sidestart|p1: Prof Soil|move: Tailwind\n|\n|upkeep\n|turn|2\n|\n|t:|1699885479\n|switch|p1a: Greninja|Greninja, M|100\/100\n|move|p2a: Solar Panels|Fiery Dance|p1a: Greninja\n|-resisted|p1a: Greninja\n|-damage|p1a: Greninja|68\/100\n|\n|upkeep\n|turn|3\n|\n|t:|1699885485\n|-terastallize|p1a: Greninja|Water\n|move|p1a: Greninja|Water Shuriken|p2a: Solar Panels\n|-supereffective|p2a: Solar Panels\n|-activate|p2a: Solar Panels|move: Substitute|[damage]\n|-supereffective|p2a: Solar Panels\n|-end|p2a: Solar Panels|Substitute\n|-supereffective|p2a: Solar Panels\n|-damage|p2a: Solar Panels|54\/100\n|-supereffective|p2a: Solar Panels\n|-damage|p2a: Solar Panels|36\/100\n|-supereffective|p2a: Solar Panels\n|-damage|p2a: Solar Panels|17\/100\n|-hitcount|p2a: Solar Panels|5\n|move|p2a: Solar Panels|Energy Ball|p1a: Greninja\n|-supereffective|p1a: Greninja\n|-damage|p1a: Greninja|0 fnt\n|faint|p1a: Greninja\n|\n|upkeep\n|\n|t:|1699885489\n|switch|p1a: Thundurus|Thundurus-Therian, M, shiny|100\/100\n|turn|4\n|\n|t:|1699885491\n|move|p1a: Thundurus|Thunderbolt|p2a: Solar Panels\n|-crit|p2a: Solar Panels\n|-damage|p2a: Solar Panels|0 fnt\n|faint|p2a: Solar Panels\n|-end|p2a: Solar Panels|Quark Drive|[silent]\n|\n|-sideend|p1: Prof Soil|move: Tailwind\n|upkeep\n|\n|t:|1699885496\n|switch|p2a: Twink|Ribombee, M|100\/100\n|turn|5\n|\n|t:|1699885500\n|move|p2a: Twink|Skill Swap|p1a: Thundurus\n|-activate|p2a: Twink|move: Skill Swap|Volt Absorb|Shield Dust|[of] p1a: Thundurus\n|move|p1a: Thundurus|Agility|p1a: Thundurus\n|-boost|p1a: Thundurus|spe|2\n|\n|upkeep\n|turn|6\n|\n|t:|1699885506\n|switch|p1a: Gholdengo|Gholdengo|100\/100\n|move|p2a: Twink|Sticky Web|p1a: Gholdengo\n|-sidestart|p1: Prof Soil|move: Sticky Web\n|\n|upkeep\n|turn|7\n|\n|t:|1699885512\n|switch|p2a: Transfem|Ogerpon-Wellspring, F|100\/100\n|move|p1a: Gholdengo|Trick||[still]\n|-fail|p1a: Gholdengo\n|\n|upkeep\n|turn|8\n|-message|Prof Soil forfeited.\n|\n|win|Skaraptor2.1\n|raw|Prof Soil's rating: 1210 &rarr; <strong>1189<\/strong><br \/>(-21 for losing)\n|raw|Skaraptor2.1's rating: 1268 &rarr; <strong>1289<\/strong><br \/>(+21 for winning)\n|l|\u203dProf Soil\n","uploadtime":1699885522,"views":7,"p1id":"profsoil","p2id":"skaraptor21","formatid":"gen9ou","rating":1189,"private":0,"password":""}