{"id":"gen9ou-1994108532","p1":"Ghoulish champ","p2":"awdawghj","format":"[Gen 9] OU","log":"|j|\u2606Ghoulish champ\n|j|\u2606awdawghj\n|t:|1700407857\n|gametype|singles\n|player|p1|Ghoulish champ|allister|1490\n|player|p2|awdawghj|2|1516\n|teamsize|p1|6\n|teamsize|p2|6\n|gen|9\n|tier|[Gen 9] OU\n|rated|\n|rule|Sleep Clause Mod: Limit one foe put to sleep\n|rule|Species Clause: Limit one of each Pok\u00e9mon\n|rule|OHKO Clause: OHKO moves are banned\n|rule|Evasion Items Clause: Evasion items are banned\n|rule|Evasion Moves Clause: Evasion moves are banned\n|rule|Endless Battle Clause: Forcing endless battles is banned\n|rule|HP Percentage Mod: HP is shown in percentages\n|clearpoke\n|poke|p1|Rillaboom, M|\n|poke|p1|Great Tusk|\n|poke|p1|Heatran, M|\n|poke|p1|Sneasler, M|\n|poke|p1|Dragapult, M|\n|poke|p1|Hatterene, F|\n|poke|p2|Volcanion|\n|poke|p2|Maushold|\n|poke|p2|Great Tusk|\n|poke|p2|Weavile, F|\n|poke|p2|Dragapult, F|\n|poke|p2|Ditto|\n|teampreview\n|inactive|Battle timer is ON: inactive players will automatically lose when time's up. (requested by Ghoulish champ)\n|\n|t:|1700407870\n|start\n|switch|p1a: Rillaboom|Rillaboom, M|100\/100\n|switch|p2a: Maushold|Maushold|100\/100\n|-fieldstart|move: Grassy Terrain|[from] ability: Grassy Surge|[of] p1a: Rillaboom\n|turn|1\n|\n|t:|1700407884\n|switch|p2a: Dragapult|Dragapult, F|100\/100\n|move|p1a: Rillaboom|U-turn|p2a: Dragapult\n|-resisted|p2a: Dragapult\n|-damage|p2a: Dragapult|72\/100\n|\n|t:|1700407891\n|switch|p1a: Heatran|Heatran, M|100\/100|[from] U-turn\n|\n|-heal|p2a: Dragapult|78\/100|[from] Grassy Terrain\n|upkeep\n|turn|2\n|\n|t:|1700407901\n|move|p2a: Dragapult|U-turn|p1a: Heatran\n|-resisted|p1a: Heatran\n|-damage|p1a: Heatran|96\/100\n|\n|t:|1700407903\n|switch|p2a: Volcanion|Volcanion|100\/100|[from] U-turn\n|move|p1a: Heatran|Magma Storm|p2a: Volcanion\n|-resisted|p2a: Volcanion\n|-damage|p2a: Volcanion|86\/100\n|-activate|p2a: Volcanion|move: Magma Storm|[of] p1a: Heatran\n|\n|-heal|p1a: Heatran|100\/100|[from] Grassy Terrain\n|-heal|p2a: Volcanion|93\/100|[from] Grassy Terrain\n|-damage|p2a: Volcanion|80\/100|[from] move: Magma Storm|[partiallytrapped]\n|upkeep\n|turn|3\n|\n|t:|1700407921\n|move|p1a: Heatran|Earth Power|p2a: Volcanion\n|-supereffective|p2a: Volcanion\n|-damage|p2a: Volcanion|15\/100\n|move|p2a: Volcanion|Steam Eruption|p1a: Heatran\n|-supereffective|p1a: Heatran\n|-damage|p1a: Heatran|0 fnt\n|faint|p1a: Heatran\n|\n|-heal|p2a: Volcanion|21\/100|[from] Grassy Terrain\n|-end|p2a: Volcanion|Magma Storm|[partiallytrapped]|[silent]\n|upkeep\n|\n|t:|1700407938\n|switch|p1a: Hatterene|Hatterene, F|100\/100\n|-enditem|p1a: Hatterene|Grassy Seed\n|-boost|p1a: Hatterene|def|1|[from] item: Grassy Seed\n|turn|4\n|\n|t:|1700407942\n|move|p2a: Volcanion|Steam Eruption|p1a: Hatterene\n|-damage|p1a: Hatterene|0 fnt\n|faint|p1a: Hatterene\n|\n|-heal|p2a: Volcanion|27\/100|[from] Grassy Terrain\n|upkeep\n|\n|t:|1700407950\n|switch|p1a: Rillaboom|Rillaboom, M|100\/100\n|turn|5\n|\n|t:|1700407956\n|move|p1a: Rillaboom|Grassy Glide|p2a: Volcanion\n|-damage|p2a: Volcanion|0 fnt\n|faint|p2a: Volcanion\n|\n|-fieldend|move: Grassy Terrain\n|upkeep\n|\n|t:|1700407959\n|switch|p2a: Dragapult|Dragapult, F|78\/100\n|turn|6\n|\n|t:|1700407967\n|switch|p1a: Dragapult|Dragapult, M|100\/100\n|move|p2a: Dragapult|Will-O-Wisp|p1a: Dragapult|[miss]\n|-miss|p2a: Dragapult|p1a: Dragapult\n|\n|upkeep\n|turn|7\n|\n|t:|1700407983\n|switch|p2a: Maushold|Maushold|100\/100\n|move|p1a: Dragapult|Draco Meteor|p2a: Maushold\n|-damage|p2a: Maushold|18\/100\n|-unboost|p1a: Dragapult|spa|2\n|\n|upkeep\n|turn|8\n|\n|t:|1700407992\n|move|p1a: Dragapult|U-turn|p2a: Maushold\n|-damage|p2a: Maushold|0 fnt\n|faint|p2a: Maushold\n|\n|t:|1700407996\n|switch|p1a: Rillaboom|Rillaboom, M|100\/100|[from] U-turn\n|-fieldstart|move: Grassy Terrain|[from] ability: Grassy Surge|[of] p1a: Rillaboom\n|\n|upkeep\n|\n|t:|1700408005\n|switch|p2a: Dragapult|Dragapult, F|78\/100\n|turn|9\n|\n|t:|1700408009\n|move|p2a: Dragapult|Will-O-Wisp|p1a: Rillaboom\n|-status|p1a: Rillaboom|brn\n|move|p1a: Rillaboom|Knock Off|p2a: Dragapult\n|-supereffective|p2a: Dragapult\n|-damage|p2a: Dragapult|11\/100\n|-enditem|p2a: Dragapult|Spell Tag|[from] move: Knock Off|[of] p1a: Rillaboom\n|\n|-heal|p2a: Dragapult|17\/100|[from] Grassy Terrain\n|-damage|p1a: Rillaboom|94\/100 brn|[from] brn\n|upkeep\n|turn|10\n|\n|t:|1700408017\n|switch|p2a: Ditto|Ditto|100\/100\n|-transform|p2a: Ditto|p1a: Rillaboom|[from] ability: Imposter\n|move|p1a: Rillaboom|Knock Off|p2a: Ditto\n|-damage|p2a: Ditto|65\/100\n|-enditem|p2a: Ditto|Choice Scarf|[from] move: Knock Off|[of] p1a: Rillaboom\n|\n|-heal|p1a: Rillaboom|100\/100 brn|[from] Grassy Terrain\n|-heal|p2a: Ditto|71\/100|[from] Grassy Terrain\n|-damage|p1a: Rillaboom|94\/100 brn|[from] brn\n|upkeep\n|turn|11\n|\n|t:|1700408029\n|switch|p1a: Dragapult|Dragapult, M|100\/100\n|move|p2a: Ditto|Knock Off|p1a: Dragapult\n|-supereffective|p1a: Dragapult\n|-damage|p1a: Dragapult|5\/100\n|-enditem|p1a: Dragapult|Leftovers|[from] move: Knock Off|[of] p2a: Ditto\n|\n|-heal|p1a: Dragapult|11\/100|[from] Grassy Terrain\n|-heal|p2a: Ditto|77\/100|[from] Grassy Terrain\n|upkeep\n|turn|12\n|\n|t:|1700408041\n|move|p2a: Ditto|Grassy Glide|p1a: Dragapult\n|-resisted|p1a: Dragapult\n|-damage|p1a: Dragapult|0 fnt\n|faint|p1a: Dragapult\n|\n|-heal|p2a: Ditto|83\/100|[from] Grassy Terrain\n|-fieldend|move: Grassy Terrain\n|upkeep\n|\n|t:|1700408064\n|switch|p1a: Great Tusk|Great Tusk|100\/100\n|-enditem|p1a: Great Tusk|Booster Energy\n|-activate|p1a: Great Tusk|ability: Protosynthesis|[fromitem]\n|-start|p1a: Great Tusk|protosynthesisspe\n|turn|13\n|\n|t:|1700408077\n|-terastallize|p1a: Great Tusk|Poison\n|move|p1a: Great Tusk|Bulk Up|p1a: Great Tusk\n|-boost|p1a: Great Tusk|atk|1\n|-boost|p1a: Great Tusk|def|1\n|move|p2a: Ditto|Wood Hammer|p1a: Great Tusk\n|-resisted|p1a: Great Tusk\n|-damage|p1a: Great Tusk|87\/100\n|-damage|p2a: Ditto|77\/100|[from] Recoil\n|\n|upkeep\n|turn|14\n|\n|t:|1700408088\n|switch|p2a: Great Tusk|Great Tusk|100\/100\n|move|p1a: Great Tusk|Bulk Up|p1a: Great Tusk\n|-boost|p1a: Great Tusk|atk|1\n|-boost|p1a: Great Tusk|def|1\n|\n|upkeep\n|turn|15\n|inactive|Ghoulish champ has 120 seconds left.\n|\n|t:|1700408110\n|move|p1a: Great Tusk|Bulk Up|p1a: Great Tusk\n|-boost|p1a: Great Tusk|atk|1\n|-boost|p1a: Great Tusk|def|1\n|move|p2a: Great Tusk|Earthquake|p1a: Great Tusk\n|-supereffective|p1a: Great Tusk\n|-damage|p1a: Great Tusk|67\/100\n|\n|upkeep\n|turn|16\n|\n|t:|1700408117\n|move|p1a: Great Tusk|Bulk Up|p1a: Great Tusk\n|-boost|p1a: Great Tusk|atk|1\n|-boost|p1a: Great Tusk|def|1\n|move|p2a: Great Tusk|Earthquake|p1a: Great Tusk\n|-supereffective|p1a: Great Tusk\n|-damage|p1a: Great Tusk|49\/100\n|\n|upkeep\n|turn|17\n|\n|t:|1700408128\n|move|p1a: Great Tusk|Headlong Rush|p2a: Great Tusk\n|-damage|p2a: Great Tusk|19\/100\n|-unboost|p1a: Great Tusk|def|1\n|-unboost|p1a: Great Tusk|spd|1\n|move|p2a: Great Tusk|Earthquake|p1a: Great Tusk\n|-supereffective|p1a: Great Tusk\n|-damage|p1a: Great Tusk|25\/100\n|\n|upkeep\n|turn|18\n|\n|t:|1700408136\n|move|p1a: Great Tusk|Headlong Rush|p2a: Great Tusk\n|-damage|p2a: Great Tusk|0 fnt\n|-unboost|p1a: Great Tusk|def|1\n|-unboost|p1a: Great Tusk|spd|1\n|faint|p2a: Great Tusk\n|-end|p2a: Great Tusk|Protosynthesis|[silent]\n|\n|upkeep\n|\n|t:|1700408138\n|switch|p2a: Ditto|Ditto|77\/100\n|-transform|p2a: Ditto|p1a: Great Tusk|[from] ability: Imposter\n|-start|p2a: Ditto|typechange|Ground\/Fighting|[silent]\n|turn|19\n|\n|t:|1700408146\n|move|p1a: Great Tusk|Headlong Rush|p2a: Ditto\n|-damage|p2a: Ditto|4\/100\n|-unboost|p1a: Great Tusk|def|1\n|-unboost|p1a: Great Tusk|spd|1\n|move|p2a: Ditto|Headlong Rush|p1a: Great Tusk\n|-supereffective|p1a: Great Tusk\n|-damage|p1a: Great Tusk|0 fnt\n|-unboost|p2a: Ditto|def|1\n|-unboost|p2a: Ditto|spd|1\n|faint|p1a: Great Tusk\n|-end|p1a: Great Tusk|Protosynthesis|[silent]\n|\n|upkeep\n|\n|t:|1700408155\n|switch|p1a: Rillaboom|Rillaboom, M|94\/100 brn\n|-fieldstart|move: Grassy Terrain|[from] ability: Grassy Surge|[of] p1a: Rillaboom\n|turn|20\n|\n|t:|1700408162\n|move|p2a: Ditto|Close Combat|p1a: Rillaboom\n|-damage|p1a: Rillaboom|0 fnt\n|-unboost|p2a: Ditto|def|1\n|-unboost|p2a: Ditto|spd|1\n|faint|p1a: Rillaboom\n|\n|-heal|p2a: Ditto|10\/100|[from] Grassy Terrain\n|upkeep\n|\n|t:|1700408166\n|switch|p1a: Sneasler|Sneasler, M|100\/100\n|-enditem|p1a: Sneasler|Grassy Seed\n|-boost|p1a: Sneasler|def|1|[from] item: Grassy Seed\n|turn|21\n|\n|t:|1700408184\n|move|p1a: Sneasler|Dire Claw|p2a: Ditto\n|-resisted|p2a: Ditto\n|-damage|p2a: Ditto|0 fnt\n|faint|p2a: Ditto\n|-end|p2a: Ditto|Protosynthesis|[silent]\n|\n|upkeep\n|\n|t:|1700408190\n|switch|p2a: Weavile|Weavile, F|100\/100\n|-ability|p2a: Weavile|Pressure\n|turn|22\n|\n|t:|1700408196\n|move|p1a: Sneasler|Dire Claw|p2a: Weavile\n|-damage|p2a: Weavile|19\/100\n|-status|p2a: Weavile|slp\n|cant|p2a: Weavile|slp\n|\n|-heal|p2a: Weavile|25\/100 slp|[from] Grassy Terrain\n|upkeep\n|turn|23\n|-message|awdawghj forfeited.\n|\n|win|Ghoulish champ\n|raw|Ghoulish champ's rating: 1490 &rarr; <strong>1513<\/strong><br \/>(+23 for winning)\n|raw|awdawghj's rating: 1534 &rarr; <strong>1511<\/strong><br \/>(-23 for losing)\n|l|\u2606awdawghj\n","uploadtime":1700408211,"views":18,"p1id":"ghoulishchamp","p2id":"awdawghj","formatid":"gen9ou","rating":1511,"private":0,"password":""}