{"id":"gen9ou-1995837286","p1":"Americo 1515","p2":"EABL XD","format":"[Gen 9] OU","log":"|j|\u2606Americo 1515\n|j|\u2606EABL XD\n|t:|1700608118\n|gametype|singles\n|player|p1|Americo 1515|bruno|1131\n|player|p2|EABL XD|gambler|1083\n|teamsize|p1|6\n|teamsize|p2|6\n|gen|9\n|tier|[Gen 9] OU\n|rated|\n|rule|Sleep Clause Mod: Limit one foe put to sleep\n|rule|Species Clause: Limit one of each Pok\u00e9mon\n|rule|OHKO Clause: OHKO moves are banned\n|rule|Evasion Items Clause: Evasion items are banned\n|rule|Evasion Moves Clause: Evasion moves are banned\n|rule|Endless Battle Clause: Forcing endless battles is banned\n|rule|HP Percentage Mod: HP is shown in percentages\n|clearpoke\n|poke|p1|Rotom-Wash|\n|poke|p1|Dragonite, M|\n|poke|p1|Gengar, M|\n|poke|p1|Ceruledge, M|\n|poke|p1|Mandibuzz, F|\n|poke|p1|Greninja-*, M|\n|poke|p2|Ribombee, F|\n|poke|p2|Dragapult, M|\n|poke|p2|Great Tusk|\n|poke|p2|Corviknight, F|\n|poke|p2|Dragonite, F|\n|poke|p2|Ceruledge, F|\n|teampreview\n|inactive|Battle timer is ON: inactive players will automatically lose when time's up. (requested by Americo 1515)\n|\n|t:|1700608142\n|start\n|switch|p1a: Gengar|Gengar, M, shiny|100\/100\n|switch|p2a: Bombeella|Ribombee, F|100\/100\n|turn|1\n|\n|t:|1700608150\n|move|p2a: Bombeella|Sticky Web|p1a: Gengar\n|-sidestart|p1: Americo 1515|move: Sticky Web\n|move|p1a: Gengar|Sludge Bomb|p2a: Bombeella\n|-supereffective|p2a: Bombeella\n|-enditem|p2a: Bombeella|Focus Sash\n|-damage|p2a: Bombeella|1\/100\n|\n|upkeep\n|turn|2\n|\n|t:|1700608158\n|move|p2a: Bombeella|Stun Spore|p1a: Gengar\n|-status|p1a: Gengar|par\n|move|p1a: Gengar|Shadow Ball|p2a: Bombeella\n|-damage|p2a: Bombeella|0 fnt\n|faint|p2a: Bombeella\n|\n|upkeep\n|\n|t:|1700608164\n|switch|p2a: Tragacum|Dragapult, M|100\/100\n|turn|3\n|\n|t:|1700608172\n|move|p2a: Tragacum|Dragon Dance|p2a: Tragacum\n|-boost|p2a: Tragacum|atk|1\n|-boost|p2a: Tragacum|spe|1\n|move|p1a: Gengar|Shadow Ball|p2a: Tragacum\n|-supereffective|p2a: Tragacum\n|-enditem|p2a: Tragacum|Focus Sash\n|-damage|p2a: Tragacum|1\/100\n|\n|upkeep\n|turn|4\n|\n|t:|1700608183\n|switch|p1a: Mandibuzz|Mandibuzz, F, shiny|100\/100\n|move|p2a: Tragacum|Dragon Darts|p1a: Mandibuzz\n|-crit|p1a: Mandibuzz\n|-damage|p1a: Mandibuzz|55\/100\n|-anim|p2a: Tragacum|Dragon Darts|p1a: Mandibuzz\n|-damage|p1a: Mandibuzz|25\/100\n|\n|upkeep\n|turn|5\n|\n|t:|1700608193\n|move|p2a: Tragacum|Dragon Darts|p1a: Mandibuzz\n|-damage|p1a: Mandibuzz|0 fnt\n|faint|p1a: Mandibuzz\n|\n|upkeep\n|\n|t:|1700608199\n|switch|p1a: Greninja|Greninja, M|100\/100\n|-activate|p1a: Greninja|move: Sticky Web\n|-unboost|p1a: Greninja|spe|1\n|turn|6\n|\n|t:|1700608206\n|move|p1a: Greninja|Water Shuriken|p2a: Tragacum\n|-resisted|p2a: Tragacum\n|-damage|p2a: Tragacum|0 fnt\n|faint|p2a: Tragacum\n|-ability|p1a: Greninja|Battle Bond|boost\n|-boost|p1a: Greninja|atk|1\n|-boost|p1a: Greninja|spa|1\n|-boost|p1a: Greninja|spe|1\n|-activate|p1a: Greninja|ability: Battle Bond\n|-hitcount|p2: Tragacum|1\n|\n|upkeep\n|\n|t:|1700608210\n|switch|p2a: Dragonite|Dragonite, F|100\/100\n|turn|7\n|\n|t:|1700608219\n|move|p1a: Greninja|Ice Beam|p2a: Dragonite\n|-supereffective|p2a: Dragonite\n|-damage|p2a: Dragonite|3\/100\n|-enditem|p2a: Dragonite|Weakness Policy\n|-boost|p2a: Dragonite|atk|2|[from] item: Weakness Policy\n|-boost|p2a: Dragonite|spa|2|[from] item: Weakness Policy\n|move|p2a: Dragonite|Dragon Dance|p2a: Dragonite\n|-boost|p2a: Dragonite|atk|1\n|-boost|p2a: Dragonite|spe|1\n|\n|upkeep\n|turn|8\n|\n|t:|1700608230\n|-terastallize|p2a: Dragonite|Normal\n|move|p2a: Dragonite|Extreme Speed|p1a: Greninja\n|-damage|p1a: Greninja|0 fnt\n|faint|p1a: Greninja\n|\n|upkeep\n|\n|t:|1700608240\n|switch|p1a: Gengar|Gengar, M, shiny|100\/100 par\n|-activate|p1a: Gengar|move: Sticky Web\n|-unboost|p1a: Gengar|spe|1\n|turn|9\n|\n|t:|1700608248\n|move|p2a: Dragonite|Dragon Claw|p1a: Gengar\n|-enditem|p1a: Gengar|Focus Sash\n|-damage|p1a: Gengar|1\/100 par\n|move|p1a: Gengar|Shadow Ball|p2a: Dragonite\n|-immune|p2a: Dragonite\n|\n|upkeep\n|turn|10\n|\n|t:|1700608260\n|move|p2a: Dragonite|Dragon Claw|p1a: Gengar\n|-damage|p1a: Gengar|0 fnt\n|faint|p1a: Gengar\n|\n|upkeep\n|\n|t:|1700608267\n|switch|p1a: Rotom|Rotom-Wash|100\/100\n|turn|11\n|\n|t:|1700608278\n|move|p2a: Dragonite|Extreme Speed|p1a: Rotom\n|-damage|p1a: Rotom|0 fnt\n|faint|p1a: Rotom\n|\n|upkeep\n|\n|t:|1700608285\n|switch|p1a: Dragonite|Dragonite, M|100\/100\n|turn|12\n|\n|t:|1700608290\n|move|p2a: Dragonite|Extreme Speed|p1a: Dragonite\n|-damage|p1a: Dragonite|44\/100\n|move|p1a: Dragonite|Ice Beam|p2a: Dragonite\n|-damage|p2a: Dragonite|0 fnt\n|faint|p2a: Dragonite\n|\n|-heal|p1a: Dragonite|50\/100|[from] item: Leftovers\n|upkeep\n|\n|t:|1700608305\n|switch|p2a: Manny|Great Tusk|100\/100\n|-enditem|p2a: Manny|Booster Energy\n|-activate|p2a: Manny|ability: Protosynthesis|[fromitem]\n|-start|p2a: Manny|protosynthesisatk\n|turn|13\n|\n|t:|1700608311\n|move|p2a: Manny|Ice Spinner|p1a: Dragonite\n|-supereffective|p1a: Dragonite\n|-damage|p1a: Dragonite|0 fnt\n|faint|p1a: Dragonite\n|\n|upkeep\n|\n|t:|1700608318\n|switch|p1a: Ceruledge|Ceruledge, M, shiny|100\/100\n|-activate|p1a: Ceruledge|move: Sticky Web\n|-unboost|p1a: Ceruledge|spe|1\n|turn|14\n|\n|t:|1700608327\n|-terastallize|p1a: Ceruledge|Normal\n|move|p2a: Manny|Headlong Rush|p1a: Ceruledge\n|-damage|p1a: Ceruledge|0 fnt\n|-unboost|p2a: Manny|def|1\n|-unboost|p2a: Manny|spd|1\n|faint|p1a: Ceruledge\n|\n|win|EABL XD\n|raw|Americo 1515's rating: 1131 &rarr; <strong>1103<\/strong><br \/>(-28 for losing)\n|raw|EABL XD's rating: 1083 &rarr; <strong>1114<\/strong><br \/>(+31 for winning)\n","uploadtime":1700608334,"views":9,"p1id":"americo1515","p2id":"eablxd","formatid":"gen9ou","rating":1103,"private":0,"password":""}