{"id":"gen9ou-1995601520","p1":"NYC Red","p2":"limemaster6999","format":"[Gen 9] OU","log":"|j|\u2606NYC Red\n|j|\u2606limemaster6999\n|t:|1700586509\n|gametype|singles\n|player|p1|NYC Red|265|1125\n|player|p2|limemaster6999|pokemaniac|1052\n|teamsize|p1|6\n|teamsize|p2|6\n|gen|9\n|tier|[Gen 9] OU\n|rated|\n|rule|Sleep Clause Mod: Limit one foe put to sleep\n|rule|Species Clause: Limit one of each Pok\u00e9mon\n|rule|OHKO Clause: OHKO moves are banned\n|rule|Evasion Items Clause: Evasion items are banned\n|rule|Evasion Moves Clause: Evasion moves are banned\n|rule|Endless Battle Clause: Forcing endless battles is banned\n|rule|HP Percentage Mod: HP is shown in percentages\n|clearpoke\n|poke|p1|Ribombee, F|\n|poke|p1|Empoleon, M|\n|poke|p1|Gholdengo|\n|poke|p1|Great Tusk|\n|poke|p1|Greninja-*, M|\n|poke|p1|Iron Moth|\n|poke|p2|Dragapult, M|\n|poke|p2|Dragonite, M|\n|poke|p2|Blissey, F|\n|poke|p2|Landorus-Therian, M|\n|poke|p2|Cyclizar, F|\n|poke|p2|Ceruledge, F|\n|teampreview\n|inactive|Battle timer is ON: inactive players will automatically lose when time's up. (requested by NYC Red)\n|\n|t:|1700586516\n|start\n|switch|p1a: Empoleon|Empoleon, M|100\/100\n|switch|p2a: Blissey|Blissey, F|100\/100\n|turn|1\n|\n|t:|1700586525\n|move|p1a: Empoleon|Stealth Rock|p2a: Blissey\n|-sidestart|p2: limemaster6999|move: Stealth Rock\n|move|p2a: Blissey|Light Screen|p2a: Blissey\n|-sidestart|p2: limemaster6999|move: Light Screen\n|\n|upkeep\n|turn|2\n|\n|t:|1700586532\n|move|p1a: Empoleon|Flip Turn|p2a: Blissey\n|-damage|p2a: Blissey|84\/100\n|\n|t:|1700586534\n|switch|p1a: Ribombee|Ribombee, F|100\/100|[from] Flip Turn\n|move|p2a: Blissey|Thunder Wave|p1a: Ribombee|[miss]\n|-miss|p2a: Blissey|p1a: Ribombee\n|\n|upkeep\n|turn|3\n|\n|t:|1700586540\n|move|p1a: Ribombee|Sticky Web|p2a: Blissey\n|-sidestart|p2: limemaster6999|move: Sticky Web\n|move|p2a: Blissey|Thunder Wave|p1a: Ribombee\n|-status|p1a: Ribombee|par\n|\n|upkeep\n|turn|4\n|\n|t:|1700586553\n|switch|p2a: Dragapult|Dragapult, M|100\/100\n|-damage|p2a: Dragapult|88\/100|[from] Stealth Rock\n|-activate|p2a: Dragapult|move: Sticky Web\n|-unboost|p2a: Dragapult|spe|1\n|cant|p1a: Ribombee|par\n|\n|upkeep\n|turn|5\n|\n|t:|1700586561\n|move|p2a: Dragapult|Dragon Dance|p2a: Dragapult\n|-boost|p2a: Dragapult|atk|1\n|-boost|p2a: Dragapult|spe|1\n|move|p1a: Ribombee|Stun Spore|p2a: Dragapult\n|-status|p2a: Dragapult|par\n|\n|-sideend|p2: limemaster6999|move: Light Screen\n|upkeep\n|turn|6\n|\n|t:|1700586568\n|cant|p2a: Dragapult|par\n|cant|p1a: Ribombee|par\n|\n|upkeep\n|turn|7\n|\n|t:|1700586573\n|move|p2a: Dragapult|Dragon Dance|p2a: Dragapult\n|-boost|p2a: Dragapult|atk|1\n|-boost|p2a: Dragapult|spe|1\n|move|p1a: Ribombee|Moonblast|p2a: Dragapult\n|-supereffective|p2a: Dragapult\n|-damage|p2a: Dragapult|0 fnt\n|faint|p2a: Dragapult\n|\n|upkeep\n|\n|t:|1700586582\n|switch|p2a: Ceruledge|Ceruledge, F|100\/100\n|-damage|p2a: Ceruledge|75\/100|[from] Stealth Rock\n|-activate|p2a: Ceruledge|move: Sticky Web\n|-unboost|p2a: Ceruledge|spe|1\n|turn|8\n|\n|t:|1700586588\n|move|p2a: Ceruledge|Bitter Blade|p1a: Ribombee\n|-supereffective|p1a: Ribombee\n|-enditem|p1a: Ribombee|Focus Sash\n|-damage|p1a: Ribombee|1\/100 par\n|-heal|p2a: Ceruledge|100\/100|[from] drain|[of] p1a: Ribombee\n|cant|p1a: Ribombee|par\n|\n|upkeep\n|turn|9\n|\n|t:|1700586598\n|move|p2a: Ceruledge|Bitter Blade|p1a: Ribombee\n|-supereffective|p1a: Ribombee\n|-damage|p1a: Ribombee|0 fnt\n|faint|p1a: Ribombee\n|\n|upkeep\n|\n|t:|1700586603\n|switch|p1a: Greninja|Greninja, M|100\/100\n|turn|10\n|\n|t:|1700586612\n|switch|p2a: Blissey|Blissey, F|84\/100\n|-damage|p2a: Blissey|72\/100|[from] Stealth Rock\n|-activate|p2a: Blissey|move: Sticky Web\n|-unboost|p2a: Blissey|spe|1\n|move|p1a: Greninja|Dark Pulse|p2a: Blissey\n|-damage|p2a: Blissey|57\/100\n|-damage|p1a: Greninja|91\/100|[from] item: Life Orb\n|\n|upkeep\n|turn|11\n|\n|t:|1700586622\n|move|p1a: Greninja|Spikes|p2a: Blissey\n|-sidestart|p2: limemaster6999|Spikes\n|move|p2a: Blissey|Light Screen|p2a: Blissey\n|-sidestart|p2: limemaster6999|move: Light Screen\n|\n|upkeep\n|turn|12\n|\n|t:|1700586628\n|switch|p1a: Empoleon|Empoleon, M|100\/100\n|switch|p2a: Dragonite|Dragonite, M|100\/100\n|-damage|p2a: Dragonite|76\/100|[from] Stealth Rock\n|\n|upkeep\n|turn|13\n|\n|t:|1700586635\n|-terastallize|p2a: Dragonite|Dragon\n|move|p2a: Dragonite|Outrage|p1a: Empoleon\n|-resisted|p1a: Empoleon\n|-damage|p1a: Empoleon|26\/100\n|move|p1a: Empoleon|Roar|p2a: Dragonite\n|drag|p2a: Ceruledge|Ceruledge, F|100\/100\n|-damage|p2a: Ceruledge|75\/100|[from] Stealth Rock\n|-activate|p2a: Ceruledge|move: Sticky Web\n|-unboost|p2a: Ceruledge|spe|1\n|-damage|p2a: Ceruledge|63\/100|[from] Spikes\n|\n|-heal|p1a: Empoleon|32\/100|[from] item: Leftovers\n|upkeep\n|turn|14\n|\n|t:|1700586648\n|move|p2a: Ceruledge|Shadow Sneak|p1a: Empoleon\n|-damage|p1a: Empoleon|10\/100\n|move|p1a: Empoleon|Flip Turn|p2a: Ceruledge\n|-supereffective|p2a: Ceruledge\n|-crit|p2a: Ceruledge\n|-damage|p2a: Ceruledge|0 fnt\n|faint|p2a: Ceruledge\n|\n|t:|1700586658\n|switch|p1a: Greninja|Greninja, M|91\/100|[from] Flip Turn\n|\n|upkeep\n|\n|t:|1700586668\n|switch|p2a: Cyclizar|Cyclizar, F|100\/100\n|-damage|p2a: Cyclizar|88\/100|[from] Stealth Rock\n|-activate|p2a: Cyclizar|move: Sticky Web\n|-unboost|p2a: Cyclizar|spe|1\n|-damage|p2a: Cyclizar|76\/100|[from] Spikes\n|turn|15\n|\n|t:|1700586674\n|switch|p1a: Gholdengo|Gholdengo|100\/100\n|-item|p1a: Gholdengo|Air Balloon\n|move|p2a: Cyclizar|Substitute|p2a: Cyclizar\n|-start|p2a: Cyclizar|Substitute\n|-damage|p2a: Cyclizar|51\/100\n|\n|-sideend|p2: limemaster6999|move: Light Screen\n|upkeep\n|turn|16\n|\n|t:|1700586689\n|switch|p2a: Dragonite|Dragonite, M, tera:Dragon|76\/100\n|-damage|p2a: Dragonite|63\/100|[from] Stealth Rock\n|-activate|p2a: Dragonite|move: Sticky Web\n|-unboost|p2a: Dragonite|spe|1\n|-damage|p2a: Dragonite|51\/100|[from] Spikes\n|move|p1a: Gholdengo|Nasty Plot|p1a: Gholdengo\n|-boost|p1a: Gholdengo|spa|2\n|\n|upkeep\n|turn|17\n|\n|t:|1700586698\n|move|p1a: Gholdengo|Shadow Ball|p2a: Dragonite\n|-damage|p2a: Dragonite|0 fnt\n|faint|p2a: Dragonite\n|\n|upkeep\n|\n|t:|1700586706\n|switch|p2a: Cyclizar|Cyclizar, F|84\/100\n|-damage|p2a: Cyclizar|71\/100|[from] Stealth Rock\n|-activate|p2a: Cyclizar|move: Sticky Web\n|-unboost|p2a: Cyclizar|spe|1\n|-damage|p2a: Cyclizar|59\/100|[from] Spikes\n|turn|18\n|\n|t:|1700586714\n|move|p1a: Gholdengo|Make It Rain|p2a: Cyclizar\n|-damage|p2a: Cyclizar|0 fnt\n|-unboost|p1a: Gholdengo|spa|1\n|faint|p2a: Cyclizar\n|\n|upkeep\n|c|\u2606limemaster6999|gg\n|-message|limemaster6999 forfeited.\n|\n|win|NYC Red\n|raw|NYC Red's rating: 1125 &rarr; <strong>1145<\/strong><br \/>(+20 for winning)\n|raw|limemaster6999's rating: 1052 &rarr; <strong>1038<\/strong><br \/>(-14 for losing)\n|l|\u2606limemaster6999\n","uploadtime":1700586729,"views":1,"p1id":"nycred","p2id":"limemaster6999","formatid":"gen9ou","rating":1038,"private":0,"password":""}