{"id":"gen9ou-1992309513","p1":"Abby Hatfield","p2":"SylverOmega","format":"[Gen 9] OU","log":"|j|\u2606Abby Hatfield\n|j|\u2606SylverOmega\n|t:|1700173280\n|gametype|singles\n|player|p1|Abby Hatfield|101|1350\n|player|p2|SylverOmega|palmer|1417\n|teamsize|p1|6\n|teamsize|p2|6\n|gen|9\n|tier|[Gen 9] OU\n|rated|\n|rule|Sleep Clause Mod: Limit one foe put to sleep\n|rule|Species Clause: Limit one of each Pok\u00e9mon\n|rule|OHKO Clause: OHKO moves are banned\n|rule|Evasion Items Clause: Evasion items are banned\n|rule|Evasion Moves Clause: Evasion moves are banned\n|rule|Endless Battle Clause: Forcing endless battles is banned\n|rule|HP Percentage Mod: HP is shown in percentages\n|clearpoke\n|poke|p1|Ribombee, F|\n|poke|p1|Empoleon, M|\n|poke|p1|Gholdengo|\n|poke|p1|Great Tusk|\n|poke|p1|Greninja-*, M|\n|poke|p1|Iron Moth|\n|poke|p2|Glimmora, M|\n|poke|p2|Ceruledge, F|\n|poke|p2|Iron Valiant|\n|poke|p2|Great Tusk|\n|poke|p2|Ogerpon-Wellspring, F|\n|poke|p2|Dragonite, M|\n|teampreview\n|inactive|Battle timer is ON: inactive players will automatically lose when time's up. (requested by Abby Hatfield)\n|c|\u2606SylverOmega|Hf\n|\n|t:|1700173290\n|start\n|switch|p1a: Ribombee|Ribombee, F|100\/100\n|switch|p2a: Glimmora|Glimmora, M|100\/100\n|turn|1\n|\n|t:|1700173299\n|move|p1a: Ribombee|Sticky Web|p2a: Glimmora\n|-sidestart|p2: SylverOmega|move: Sticky Web\n|move|p2a: Glimmora|Mortal Spin|p1a: Ribombee\n|-supereffective|p1a: Ribombee\n|-damage|p1a: Ribombee|75\/100\n|-sideend|p2: SylverOmega|Sticky Web|[from] move: Mortal Spin|[of] p2a: Glimmora\n|\n|upkeep\n|turn|2\n|\n|t:|1700173306\n|move|p1a: Ribombee|Psychic|p2a: Glimmora\n|-supereffective|p2a: Glimmora\n|-damage|p2a: Glimmora|29\/100\n|move|p2a: Glimmora|Mortal Spin|p1a: Ribombee\n|-supereffective|p1a: Ribombee\n|-damage|p1a: Ribombee|49\/100\n|\n|upkeep\n|turn|3\n|\n|t:|1700173314\n|switch|p2a: Dragonite|Dragonite, M|100\/100\n|move|p1a: Ribombee|Sticky Web|p2a: Dragonite\n|-sidestart|p2: SylverOmega|move: Sticky Web\n|\n|upkeep\n|turn|4\n|\n|t:|1700173321\n|move|p2a: Dragonite|Extreme Speed|p1a: Ribombee\n|-damage|p1a: Ribombee|0 fnt\n|faint|p1a: Ribombee\n|\n|upkeep\n|\n|t:|1700173323\n|switch|p1a: Great Tusk|Great Tusk|100\/100\n|turn|5\n|\n|t:|1700173335\n|switch|p2a: Ceruledge|Ceruledge, F|100\/100\n|-activate|p2a: Ceruledge|move: Sticky Web\n|-unboost|p2a: Ceruledge|spe|1\n|move|p1a: Great Tusk|Bulk Up|p1a: Great Tusk\n|-boost|p1a: Great Tusk|atk|1\n|-boost|p1a: Great Tusk|def|1\n|\n|upkeep\n|turn|6\n|\n|t:|1700173346\n|move|p1a: Great Tusk|Ice Spinner|p2a: Ceruledge\n|-resisted|p2a: Ceruledge\n|-damage|p2a: Ceruledge|76\/100\n|-ability|p2a: Ceruledge|Weak Armor|boost\n|-unboost|p2a: Ceruledge|def|1\n|-boost|p2a: Ceruledge|spe|2\n|move|p2a: Ceruledge|Swords Dance|p2a: Ceruledge\n|-boost|p2a: Ceruledge|atk|2\n|\n|upkeep\n|turn|7\n|\n|t:|1700173357\n|move|p2a: Ceruledge|Bitter Blade|p1a: Great Tusk\n|-damage|p1a: Great Tusk|53\/100\n|-heal|p2a: Ceruledge|100\/100|[from] drain|[of] p1a: Great Tusk\n|move|p1a: Great Tusk|Headlong Rush|p2a: Ceruledge\n|-supereffective|p2a: Ceruledge\n|-enditem|p2a: Ceruledge|Focus Sash\n|-damage|p2a: Ceruledge|1\/100\n|-unboost|p1a: Great Tusk|def|1\n|-unboost|p1a: Great Tusk|spd|1\n|-ability|p2a: Ceruledge|Weak Armor|boost\n|-unboost|p2a: Ceruledge|def|1\n|-boost|p2a: Ceruledge|spe|2\n|\n|upkeep\n|turn|8\n|\n|t:|1700173371\n|move|p2a: Ceruledge|Bitter Blade|p1a: Great Tusk\n|-damage|p1a: Great Tusk|0 fnt\n|-heal|p2a: Ceruledge|37\/100|[from] drain|[of] p1a: Great Tusk\n|faint|p1a: Great Tusk\n|-end|p1a: Great Tusk|Protosynthesis|[silent]\n|\n|upkeep\n|\n|t:|1700173379\n|switch|p1a: Greninja|Greninja, M|100\/100\n|turn|9\n|\n|t:|1700173386\n|-terastallize|p2a: Ceruledge|Bug\n|move|p2a: Ceruledge|Bitter Blade|p1a: Greninja\n|-resisted|p1a: Greninja\n|-damage|p1a: Greninja|13\/100\n|-heal|p2a: Ceruledge|81\/100|[from] drain|[of] p1a: Greninja\n|move|p1a: Greninja|Dark Pulse|p2a: Ceruledge\n|-damage|p2a: Ceruledge|21\/100\n|-damage|p1a: Greninja|3\/100|[from] item: Life Orb\n|\n|upkeep\n|turn|10\n|l|\u2606Abby Hatfield\n|inactive|Abby Hatfield disconnected and has a minute to reconnect!\n|player|p1|\n|inactive|Abby Hatfield has 30 seconds to reconnect!\n|inactive|Abby Hatfield has 20 seconds to reconnect!\n|inactive|Abby Hatfield has 15 seconds to reconnect!\n|inactive|Abby Hatfield has 10 seconds to reconnect!\n|inactive|Abby Hatfield has 5 seconds to reconnect!\n|-message|Abby Hatfield lost due to inactivity.\n|\n|win|SylverOmega\n|raw|Abby Hatfield's rating: 1350 &rarr; <strong>1334<\/strong><br \/>(-16 for losing)\n|raw|SylverOmega's rating: 1417 &rarr; <strong>1433<\/strong><br \/>(+16 for winning)\n","uploadtime":1700173464,"views":11,"p1id":"abbyhatfield","p2id":"sylveromega","formatid":"gen9ou","rating":1334,"private":0,"password":""}