{"id":"gen9ou-2000508965","p1":"g901","p2":"Glook","format":"[Gen 9] OU","log":"|j|\u2606g901\n|j|\u2606Glook\n|t:|1701200752\n|gametype|singles\n|player|p1|g901|brock|1287\n|player|p2|Glook|nate|1215\n|teamsize|p1|6\n|teamsize|p2|6\n|gen|9\n|tier|[Gen 9] OU\n|rated|\n|rule|Sleep Clause Mod: Limit one foe put to sleep\n|rule|Species Clause: Limit one of each Pok\u00e9mon\n|rule|OHKO Clause: OHKO moves are banned\n|rule|Evasion Items Clause: Evasion items are banned\n|rule|Evasion Moves Clause: Evasion moves are banned\n|rule|Endless Battle Clause: Forcing endless battles is banned\n|rule|HP Percentage Mod: HP is shown in percentages\n|clearpoke\n|poke|p1|Rillaboom, F|\n|poke|p1|Iron Valiant|\n|poke|p1|Ribombee, F|\n|poke|p1|Zamazenta-*|\n|poke|p1|Kingambit, F|\n|poke|p1|Brambleghast, F|\n|poke|p2|Heatran, M|\n|poke|p2|Greninja-*, M|\n|poke|p2|Amoonguss, M|\n|poke|p2|Scizor, M|\n|poke|p2|Skeledirge, F|\n|poke|p2|Lycanroc-Dusk, M|\n|teampreview\n|\n|t:|1701200773\n|start\n|switch|p1a: Ribombee|Ribombee, F|100\/100\n|switch|p2a: Skeledirge|Skeledirge, F|100\/100\n|turn|1\n|\n|t:|1701200777\n|move|p1a: Ribombee|Sticky Web|p2a: Skeledirge\n|-sidestart|p2: Glook|move: Sticky Web\n|move|p2a: Skeledirge|Flame Charge|p1a: Ribombee\n|-supereffective|p1a: Ribombee\n|-damage|p1a: Ribombee|46\/100\n|-boost|p2a: Skeledirge|spe|1\n|\n|upkeep\n|turn|2\n|\n|t:|1701200782\n|move|p2a: Skeledirge|Flame Charge|p1a: Ribombee\n|-supereffective|p1a: Ribombee\n|-damage|p1a: Ribombee|0 fnt\n|-boost|p2a: Skeledirge|spe|1\n|faint|p1a: Ribombee\n|\n|upkeep\n|\n|t:|1701200790\n|switch|p1a: Brambleghast|Brambleghast, F|100\/100\n|turn|3\n|\n|t:|1701200802\n|-terastallize|p2a: Skeledirge|Flying\n|move|p2a: Skeledirge|Torch Song|p1a: Brambleghast\n|-supereffective|p1a: Brambleghast\n|-enditem|p1a: Brambleghast|Focus Sash\n|-damage|p1a: Brambleghast|1\/100\n|-boost|p2a: Skeledirge|spa|1\n|move|p1a: Brambleghast|Poltergeist|p2a: Skeledirge\n|-activate|p2a: Skeledirge|move: Poltergeist|Heavy-Duty Boots\n|-damage|p2a: Skeledirge|50\/100\n|\n|upkeep\n|turn|4\n|\n|t:|1701200815\n|move|p2a: Skeledirge|Torch Song|p1a: Brambleghast\n|-supereffective|p1a: Brambleghast\n|-damage|p1a: Brambleghast|0 fnt\n|-boost|p2a: Skeledirge|spa|1\n|faint|p1a: Brambleghast\n|\n|upkeep\n|\n|t:|1701200827\n|switch|p1a: Kingambit|Kingambit, F|100\/100\n|turn|5\n|\n|t:|1701200832\n|move|p1a: Kingambit|Sucker Punch|p2a: Skeledirge\n|-damage|p2a: Skeledirge|9\/100\n|move|p2a: Skeledirge|Torch Song|p1a: Kingambit\n|-supereffective|p1a: Kingambit\n|-damage|p1a: Kingambit|0 fnt\n|-boost|p2a: Skeledirge|spa|1\n|faint|p1a: Kingambit\n|\n|upkeep\n|\n|t:|1701200836\n|switch|p1a: Rillaboom|Rillaboom, F|100\/100\n|-fieldstart|move: Grassy Terrain|[from] ability: Grassy Surge|[of] p1a: Rillaboom\n|turn|6\n|\n|t:|1701200862\n|switch|p2a: Amoonguss|Amoonguss, M|100\/100\n|-activate|p2a: Amoonguss|move: Sticky Web\n|-unboost|p2a: Amoonguss|spe|1\n|move|p1a: Rillaboom|Grassy Glide|p2a: Amoonguss\n|-resisted|p2a: Amoonguss\n|-damage|p2a: Amoonguss|89\/100\n|-damage|p1a: Rillaboom|84\/100|[from] item: Rocky Helmet|[of] p2a: Amoonguss\n|\n|-heal|p1a: Rillaboom|90\/100|[from] Grassy Terrain\n|-heal|p2a: Amoonguss|95\/100|[from] Grassy Terrain\n|upkeep\n|turn|7\n|\n|t:|1701200886\n|switch|p1a: Iron Valiant|Iron Valiant|100\/100\n|-enditem|p1a: Iron Valiant|Booster Energy\n|-activate|p1a: Iron Valiant|ability: Quark Drive|[fromitem]\n|-start|p1a: Iron Valiant|quarkdrivespe\n|move|p2a: Amoonguss|Sludge Bomb|p1a: Iron Valiant\n|-supereffective|p1a: Iron Valiant\n|-damage|p1a: Iron Valiant|0 fnt\n|faint|p1a: Iron Valiant\n|-end|p1a: Iron Valiant|Quark Drive|[silent]\n|\n|-heal|p2a: Amoonguss|100\/100|[from] Grassy Terrain\n|upkeep\n|\n|t:|1701200888\n|switch|p1a: Zamazenta|Zamazenta|100\/100\n|-ability|p1a: Zamazenta|Dauntless Shield|boost\n|-boost|p1a: Zamazenta|def|1\n|-enditem|p1a: Zamazenta|Grassy Seed\n|-boost|p1a: Zamazenta|def|1|[from] item: Grassy Seed\n|turn|8\n|\n|t:|1701200893\n|-terastallize|p1a: Zamazenta|Steel\n|move|p1a: Zamazenta|Body Press|p2a: Amoonguss\n|-resisted|p2a: Amoonguss\n|-damage|p2a: Amoonguss|71\/100\n|-damage|p1a: Zamazenta|84\/100|[from] item: Rocky Helmet|[of] p2a: Amoonguss\n|move|p2a: Amoonguss|Spore|p1a: Zamazenta\n|-status|p1a: Zamazenta|slp|[from] move: Spore\n|\n|-heal|p1a: Zamazenta|90\/100 slp|[from] Grassy Terrain\n|-heal|p2a: Amoonguss|77\/100|[from] Grassy Terrain\n|upkeep\n|turn|9\n|-message|g901 forfeited.\n|\n|win|Glook\n|raw|g901's rating: 1287 &rarr; <strong>1257<\/strong><br \/>(-30 for losing)\n|raw|Glook's rating: 1215 &rarr; <strong>1245<\/strong><br \/>(+30 for winning)\n|l|\u2606g901\n","uploadtime":1701200913,"views":7,"p1id":"g901","p2id":"glook","formatid":"gen9ou","rating":1245,"private":0,"password":""}