{"id":"gen9ou-2000280921","p1":"charizard=trash","p2":"Vonols","format":"[Gen 9] OU","log":"|j|\u2606charizard=trash\n|j|\u2606Vonols\n|inactive|Battle timer is ON: inactive players will automatically lose when time's up.\n|t:|1701180896\n|gametype|singles\n|player|p1|charizard=trash|carmine-festival|\n|player|p2|Vonols|silver|\n|teamsize|p1|3\n|teamsize|p2|3\n|gen|9\n|tier|[Gen 9] OU\n|rated|Tournament battle\n|rule|Sleep Clause Mod: Limit one foe put to sleep\n|rule|Species Clause: Limit one of each Pok\u00e9mon\n|rule|OHKO Clause: OHKO moves are banned\n|rule|Evasion Items Clause: Evasion items are banned\n|rule|Evasion Moves Clause: Evasion moves are banned\n|rule|Endless Battle Clause: Forcing endless battles is banned\n|rule|HP Percentage Mod: HP is shown in percentages\n|clearpoke\n|poke|p1|Crawdaunt, M|\n|poke|p1|Gholdengo|\n|poke|p1|Sinistea-Antique|\n|poke|p2|Venomoth, F|\n|poke|p2|Corviknight, M|\n|poke|p2|Pawniard, M|\n|teampreview\n|j|*Lady Monita \u2746\n|c|\u2606Vonols|Glhf\n|\n|t:|1701180911\n|start\n|switch|p1a: Crawdaunt|Crawdaunt, M|100\/100\n|switch|p2a: Pawniard|Pawniard, M|100\/100\n|turn|1\n|\n|t:|1701180941\n|-terastallize|p2a: Pawniard|Flying\n|move|p1a: Crawdaunt|Close Combat|p2a: Pawniard\n|-resisted|p2a: Pawniard\n|-damage|p2a: Pawniard|81\/100\n|-unboost|p1a: Crawdaunt|def|1\n|-unboost|p1a: Crawdaunt|spd|1\n|move|p2a: Pawniard|Swords Dance|p2a: Pawniard\n|-boost|p2a: Pawniard|atk|2\n|\n|upkeep\n|turn|2\n|\n|t:|1701180953\n|move|p1a: Crawdaunt|Knock Off|p2a: Pawniard\n|-damage|p2a: Pawniard|12\/100\n|-enditem|p2a: Pawniard|Eviolite|[from] move: Knock Off|[of] p1a: Crawdaunt\n|move|p2a: Pawniard|Night Slash|p1a: Crawdaunt\n|-resisted|p1a: Crawdaunt\n|-damage|p1a: Crawdaunt|39\/100\n|\n|upkeep\n|turn|3\n|\n|t:|1701180960\n|move|p1a: Crawdaunt|Aqua Jet|p2a: Pawniard\n|-damage|p2a: Pawniard|0 fnt\n|faint|p2a: Pawniard\n|\n|upkeep\n|j| Oscarx90\n|\n|t:|1701180966\n|switch|p2a: Corviknight|Corviknight, M|100\/100\n|turn|4\n|\n|t:|1701180972\n|move|p1a: Crawdaunt|Knock Off|p2a: Corviknight\n|-damage|p2a: Corviknight|47\/100\n|-enditem|p2a: Corviknight|Leftovers|[from] move: Knock Off|[of] p1a: Crawdaunt\n|move|p2a: Corviknight|Iron Head|p1a: Crawdaunt\n|-resisted|p1a: Crawdaunt\n|-damage|p1a: Crawdaunt|10\/100\n|\n|upkeep\n|turn|5\n|\n|t:|1701180982\n|move|p1a: Crawdaunt|Knock Off|p2a: Corviknight\n|-damage|p2a: Corviknight|8\/100\n|move|p2a: Corviknight|Iron Head|p1a: Crawdaunt\n|-resisted|p1a: Crawdaunt\n|-damage|p1a: Crawdaunt|0 fnt\n|faint|p1a: Crawdaunt\n|\n|upkeep\n|\n|t:|1701180987\n|switch|p1a: Sinistea|Sinistea-Antique|100\/100\n|turn|6\n|\n|t:|1701180990\n|move|p1a: Sinistea|Shell Smash|p1a: Sinistea\n|-unboost|p1a: Sinistea|def|1\n|-unboost|p1a: Sinistea|spd|1\n|-boost|p1a: Sinistea|atk|2\n|-boost|p1a: Sinistea|spa|2\n|-boost|p1a: Sinistea|spe|2\n|move|p2a: Corviknight|Iron Head|p1a: Sinistea\n|-enditem|p1a: Sinistea|Focus Sash\n|-damage|p1a: Sinistea|1\/100\n|-ability|p1a: Sinistea|Weak Armor|boost\n|-unboost|p1a: Sinistea|def|1\n|-boost|p1a: Sinistea|spe|2\n|\n|upkeep\n|turn|7\n|\n|t:|1701180993\n|move|p1a: Sinistea|Shadow Ball|p2a: Corviknight\n|-damage|p2a: Corviknight|0 fnt\n|faint|p2a: Corviknight\n|\n|upkeep\n|\n|t:|1701180995\n|switch|p2a: Venomoth|Venomoth, F|100\/100\n|turn|8\n|\n|t:|1701180997\n|move|p1a: Sinistea|Stored Power|p2a: Venomoth\n|-supereffective|p2a: Venomoth\n|-enditem|p2a: Venomoth|Focus Sash\n|-damage|p2a: Venomoth|1\/100\n|move|p2a: Venomoth|Bug Buzz|p1a: Sinistea\n|-resisted|p1a: Sinistea\n|-damage|p1a: Sinistea|0 fnt\n|faint|p1a: Sinistea\n|\n|upkeep\n|\n|t:|1701181001\n|switch|p1a: Gholdengo|Gholdengo|100\/100\n|turn|9\n|\n|t:|1701181003\n|move|p1a: Gholdengo|Shadow Ball|p2a: Venomoth\n|-damage|p2a: Venomoth|0 fnt\n|faint|p2a: Venomoth\n|\n|win|charizard=trash\n|n|\u2606charizard=trash|charizardtrash\n|n|\u2606Vonols|vonols\n|n|*Lady Monita \u2746|ladymonita\n|n| Oscarx90|oscarx90\n","uploadtime":1701181004,"views":3,"p1id":"charizardtrash","p2id":"vonols","formatid":"gen9ou","rating":0,"private":0,"password":""}