{"id":"gen9ou-1996233836","p1":"liaoya","p2":"d18l","format":"[Gen 9] OU","log":"|j|\u2606liaoya\n|j|\u2606d18l\n|t:|1700662247\n|gametype|singles\n|player|p1|liaoya|petrel|1574\n|player|p2|d18l|backpacker|1662\n|teamsize|p1|6\n|teamsize|p2|6\n|gen|9\n|tier|[Gen 9] OU\n|rated|\n|rule|Sleep Clause Mod: Limit one foe put to sleep\n|rule|Species Clause: Limit one of each Pok\u00e9mon\n|rule|OHKO Clause: OHKO moves are banned\n|rule|Evasion Items Clause: Evasion items are banned\n|rule|Evasion Moves Clause: Evasion moves are banned\n|rule|Endless Battle Clause: Forcing endless battles is banned\n|rule|HP Percentage Mod: HP is shown in percentages\n|clearpoke\n|poke|p1|Drifblim, F|\n|poke|p1|Garganacl, F|\n|poke|p1|Umbreon, F|\n|poke|p1|Rotom-Wash|\n|poke|p1|Glimmora, M|\n|poke|p1|Espeon, F|\n|poke|p2|Ribombee, F|\n|poke|p2|Gholdengo|\n|poke|p2|Great Tusk|\n|poke|p2|Kingambit, F|\n|poke|p2|Ogerpon-Wellspring, F|\n|poke|p2|Iron Moth|\n|teampreview\n|inactive|Battle timer is ON: inactive players will automatically lose when time's up. (requested by liaoya)\n|\n|t:|1700662251\n|start\n|switch|p1a: Rotom|Rotom-Wash|100\/100\n|switch|p2a: Ribombee|Ribombee, F|100\/100\n|turn|1\n|\n|t:|1700662254\n|move|p2a: Ribombee|Sticky Web|p1a: Rotom\n|-sidestart|p1: liaoya|move: Sticky Web\n|move|p1a: Rotom|Trick|p2a: Ribombee\n|-activate|p1a: Rotom|move: Trick|[of] p2a: Ribombee\n|-item|p2a: Ribombee|Choice Scarf|[from] move: Trick\n|-item|p1a: Rotom|Focus Sash|[from] move: Trick\n|\n|upkeep\n|turn|2\n|\n|t:|1700662261\n|move|p2a: Ribombee|Moonblast|p1a: Rotom\n|-damage|p1a: Rotom|56\/100\n|-unboost|p1a: Rotom|spa|1\n|move|p1a: Rotom|Will-O-Wisp|p2a: Ribombee\n|-status|p2a: Ribombee|brn\n|\n|-damage|p2a: Ribombee|94\/100 brn|[from] brn\n|upkeep\n|turn|3\n|\n|t:|1700662267\n|move|p2a: Ribombee|Moonblast|p1a: Rotom\n|-crit|p1a: Rotom\n|-damage|p1a: Rotom|0 fnt\n|faint|p1a: Rotom\n|\n|-damage|p2a: Ribombee|88\/100 brn|[from] brn\n|upkeep\n|j| Seleukos\n|\n|t:|1700662276\n|switch|p1a: Garganacl|Garganacl, F, shiny|100\/100\n|-activate|p1a: Garganacl|move: Sticky Web\n|-unboost|p1a: Garganacl|spe|1\n|turn|4\n|\n|t:|1700662281\n|switch|p2a: Great Tusk|Great Tusk|100\/100\n|-enditem|p2a: Great Tusk|Booster Energy\n|-activate|p2a: Great Tusk|ability: Protosynthesis|[fromitem]\n|-start|p2a: Great Tusk|protosynthesisspe\n|move|p1a: Garganacl|Salt Cure|p2a: Great Tusk\n|-resisted|p2a: Great Tusk\n|-damage|p2a: Great Tusk|98\/100\n|-start|p2a: Great Tusk|Salt Cure\n|\n|-damage|p2a: Great Tusk|86\/100|[from] Salt Cure\n|upkeep\n|turn|5\n|\n|t:|1700662284\n|-terastallize|p1a: Garganacl|Ghost\n|move|p2a: Great Tusk|Knock Off|p1a: Garganacl\n|-supereffective|p1a: Garganacl\n|-damage|p1a: Garganacl|64\/100\n|-enditem|p1a: Garganacl|Leftovers|[from] move: Knock Off|[of] p2a: Great Tusk\n|move|p1a: Garganacl|Iron Defense|p1a: Garganacl\n|-boost|p1a: Garganacl|def|2\n|\n|-damage|p2a: Great Tusk|73\/100|[from] Salt Cure\n|upkeep\n|turn|6\n|\n|t:|1700662288\n|-end|p2a: Great Tusk|Protosynthesis|[silent]\n|switch|p2a: Ogerpon|Ogerpon-Wellspring, F|100\/100\n|move|p1a: Garganacl|Salt Cure|p2a: Ogerpon\n|-damage|p2a: Ogerpon|82\/100\n|-start|p2a: Ogerpon|Salt Cure\n|\n|-damage|p2a: Ogerpon|57\/100|[from] Salt Cure\n|upkeep\n|turn|7\n|\n|t:|1700662304\n|switch|p2a: Ribombee|Ribombee, F|88\/100 brn\n|move|p1a: Garganacl|Recover|p1a: Garganacl\n|-heal|p1a: Garganacl|100\/100\n|\n|-damage|p2a: Ribombee|82\/100 brn|[from] brn\n|upkeep\n|turn|8\n|\n|t:|1700662310\n|move|p2a: Ribombee|Moonblast|p1a: Garganacl\n|-damage|p1a: Garganacl|74\/100\n|move|p1a: Garganacl|Salt Cure|p2a: Ribombee\n|-supereffective|p2a: Ribombee\n|-damage|p2a: Ribombee|31\/100 brn\n|\n|-damage|p2a: Ribombee|25\/100 brn|[from] brn\n|upkeep\n|turn|9\n|\n|t:|1700662315\n|move|p2a: Ribombee|Moonblast|p1a: Garganacl\n|-damage|p1a: Garganacl|47\/100\n|move|p1a: Garganacl|Salt Cure|p2a: Ribombee\n|-supereffective|p2a: Ribombee\n|-damage|p2a: Ribombee|0 fnt\n|faint|p2a: Ribombee\n|\n|upkeep\n|\n|t:|1700662322\n|switch|p2a: Gholdengo|Gholdengo|100\/100\n|-item|p2a: Gholdengo|Air Balloon\n|turn|10\n|\n|t:|1700662327\n|move|p2a: Gholdengo|Nasty Plot|p2a: Gholdengo\n|-boost|p2a: Gholdengo|spa|2\n|move|p1a: Garganacl|Recover|p1a: Garganacl\n|-heal|p1a: Garganacl|97\/100\n|\n|upkeep\n|turn|11\n|\n|t:|1700662339\n|switch|p1a: Drifblim|Drifblim, F|100\/100\n|move|p2a: Gholdengo|Shadow Ball|p1a: Drifblim\n|-supereffective|p1a: Drifblim\n|-damage|p1a: Drifblim|0 fnt\n|faint|p1a: Drifblim\n|\n|upkeep\n|\n|t:|1700662346\n|switch|p1a: Garganacl|Garganacl, F, shiny, tera:Ghost|97\/100\n|-activate|p1a: Garganacl|move: Sticky Web\n|-unboost|p1a: Garganacl|spe|1\n|turn|12\n|\n|t:|1700662360\n|move|p2a: Gholdengo|Shadow Ball|p1a: Garganacl\n|-supereffective|p1a: Garganacl\n|-damage|p1a: Garganacl|52\/100\n|move|p1a: Garganacl|Salt Cure|p2a: Gholdengo\n|-resisted|p2a: Gholdengo\n|-damage|p2a: Gholdengo|95\/100\n|-start|p2a: Gholdengo|Salt Cure\n|-enditem|p2a: Gholdengo|Air Balloon\n|\n|-damage|p2a: Gholdengo|71\/100|[from] Salt Cure\n|upkeep\n|turn|13\n|\n|t:|1700662365\n|move|p2a: Gholdengo|Nasty Plot|p2a: Gholdengo\n|-boost|p2a: Gholdengo|spa|2\n|move|p1a: Garganacl|Recover|p1a: Garganacl\n|-heal|p1a: Garganacl|100\/100\n|\n|-damage|p2a: Gholdengo|46\/100|[from] Salt Cure\n|upkeep\n|turn|14\n|\n|t:|1700662374\n|switch|p1a: Umbreon|Umbreon, F, shiny|100\/100\n|-activate|p1a: Umbreon|move: Sticky Web\n|-unboost|p1a: Umbreon|spe|1\n|move|p2a: Gholdengo|Shadow Ball|p1a: Umbreon\n|-resisted|p1a: Umbreon\n|-damage|p1a: Umbreon|66\/100\n|\n|-heal|p1a: Umbreon|72\/100|[from] item: Leftovers\n|-damage|p2a: Gholdengo|21\/100|[from] Salt Cure\n|upkeep\n|turn|15\n|\n|t:|1700662400\n|switch|p2a: Kingambit|Kingambit, F|100\/100\n|-activate|p2a: Kingambit|ability: Supreme Overlord\n|-start|p2a: Kingambit|fallen1|[silent]\n|move|p1a: Umbreon|Protect||[still]\n|-fail|p1a: Umbreon\n|\n|-heal|p1a: Umbreon|78\/100|[from] item: Leftovers\n|upkeep\n|turn|16\n|\n|t:|1700662405\n|move|p2a: Kingambit|Swords Dance|p2a: Kingambit\n|-boost|p2a: Kingambit|atk|2\n|move|p1a: Umbreon|Yawn|p2a: Kingambit\n|-start|p2a: Kingambit|move: Yawn|[of] p1a: Umbreon\n|\n|-heal|p1a: Umbreon|85\/100|[from] item: Leftovers\n|upkeep\n|turn|17\n|\n|t:|1700662410\n|-end|p2a: Kingambit|fallen1|[silent]\n|switch|p2a: Gholdengo|Gholdengo|21\/100\n|move|p1a: Umbreon|Wish|p1a: Umbreon\n|\n|-heal|p1a: Umbreon|91\/100|[from] item: Leftovers\n|upkeep\n|turn|18\n|\n|t:|1700662416\n|move|p2a: Gholdengo|Recover|p2a: Gholdengo\n|-heal|p2a: Gholdengo|71\/100\n|move|p1a: Umbreon|Foul Play|p2a: Gholdengo\n|-supereffective|p2a: Gholdengo\n|-damage|p2a: Gholdengo|48\/100\n|\n|-heal|p1a: Umbreon|100\/100|[from] move: Wish|[wisher] Umbreon\n|upkeep\n|turn|19\n|\n|t:|1700662424\n|switch|p1a: Garganacl|Garganacl, F, shiny, tera:Ghost|100\/100\n|-activate|p1a: Garganacl|move: Sticky Web\n|-unboost|p1a: Garganacl|spe|1\n|-terastallize|p2a: Gholdengo|Fairy\n|move|p2a: Gholdengo|Nasty Plot|p2a: Gholdengo\n|-boost|p2a: Gholdengo|spa|2\n|\n|upkeep\n|turn|20\n|\n|t:|1700662430\n|move|p2a: Gholdengo|Recover|p2a: Gholdengo\n|-heal|p2a: Gholdengo|98\/100\n|move|p1a: Garganacl|Salt Cure|p2a: Gholdengo\n|-damage|p2a: Gholdengo|87\/100\n|-start|p2a: Gholdengo|Salt Cure\n|\n|-damage|p2a: Gholdengo|74\/100|[from] Salt Cure\n|upkeep\n|turn|21\n|\n|t:|1700662435\n|move|p2a: Gholdengo|Nasty Plot|p2a: Gholdengo\n|-boost|p2a: Gholdengo|spa|2\n|move|p1a: Garganacl|Iron Defense|p1a: Garganacl\n|-boost|p1a: Garganacl|def|2\n|\n|-damage|p2a: Gholdengo|62\/100|[from] Salt Cure\n|upkeep\n|turn|22\n|\n|t:|1700662437\n|move|p2a: Gholdengo|Shadow Ball|p1a: Garganacl\n|-supereffective|p1a: Garganacl\n|-damage|p1a: Garganacl|28\/100\n|move|p1a: Garganacl|Body Press|p2a: Gholdengo\n|-resisted|p2a: Gholdengo\n|-damage|p2a: Gholdengo|45\/100\n|\n|-damage|p2a: Gholdengo|33\/100|[from] Salt Cure\n|upkeep\n|turn|23\n|\n|t:|1700662446\n|switch|p1a: Umbreon|Umbreon, F, shiny|100\/100\n|-activate|p1a: Umbreon|move: Sticky Web\n|-unboost|p1a: Umbreon|spe|1\n|move|p2a: Gholdengo|Recover|p2a: Gholdengo\n|-heal|p2a: Gholdengo|83\/100\n|\n|-damage|p2a: Gholdengo|71\/100|[from] Salt Cure\n|upkeep\n|turn|24\n|\n|t:|1700662451\n|move|p2a: Gholdengo|Nasty Plot|p2a: Gholdengo\n|-boost|p2a: Gholdengo|spa|2\n|move|p1a: Umbreon|Wish|p1a: Umbreon\n|\n|-damage|p2a: Gholdengo|58\/100|[from] Salt Cure\n|upkeep\n|turn|25\n|\n|t:|1700662457\n|switch|p1a: Glimmora|Glimmora, M|100\/100\n|-activate|p1a: Glimmora|move: Sticky Web\n|-unboost|p1a: Glimmora|spe|1\n|move|p2a: Gholdengo|Recover|p2a: Gholdengo\n|-heal|p2a: Gholdengo|100\/100\n|\n|-damage|p2a: Gholdengo|88\/100|[from] Salt Cure\n|upkeep\n|turn|26\n|\n|t:|1700662460\n|move|p2a: Gholdengo|Shadow Ball|p1a: Glimmora\n|-enditem|p1a: Glimmora|Focus Sash\n|-damage|p1a: Glimmora|1\/100\n|move|p1a: Glimmora|Mortal Spin|p2a: Gholdengo\n|-supereffective|p2a: Gholdengo\n|-damage|p2a: Gholdengo|78\/100\n|-status|p2a: Gholdengo|psn\n|-sideend|p1: liaoya|Sticky Web|[from] move: Mortal Spin|[of] p1a: Glimmora\n|\n|-damage|p2a: Gholdengo|65\/100 psn|[from] psn\n|-damage|p2a: Gholdengo|53\/100 psn|[from] Salt Cure\n|upkeep\n|turn|27\n|\n|t:|1700662467\n|move|p2a: Gholdengo|Dazzling Gleam|p1a: Glimmora\n|-resisted|p1a: Glimmora\n|-damage|p1a: Glimmora|0 fnt\n|faint|p1a: Glimmora\n|\n|-damage|p2a: Gholdengo|41\/100 psn|[from] psn\n|-damage|p2a: Gholdengo|28\/100 psn|[from] Salt Cure\n|upkeep\n|\n|t:|1700662470\n|switch|p1a: Umbreon|Umbreon, F, shiny|100\/100\n|turn|28\n|\n|t:|1700662481\n|move|p1a: Umbreon|Protect|p1a: Umbreon\n|-singleturn|p1a: Umbreon|Protect\n|move|p2a: Gholdengo|Recover|p2a: Gholdengo\n|-heal|p2a: Gholdengo|78\/100 psn\n|\n|-damage|p2a: Gholdengo|66\/100 psn|[from] psn\n|-damage|p2a: Gholdengo|53\/100 psn|[from] Salt Cure\n|upkeep\n|turn|29\n|\n|t:|1700662486\n|switch|p1a: Espeon|Espeon, F|100\/100\n|move|p2a: Gholdengo|Dazzling Gleam|p1a: Espeon\n|-damage|p1a: Espeon|0 fnt\n|faint|p1a: Espeon\n|\n|-damage|p2a: Gholdengo|41\/100 psn|[from] psn\n|-damage|p2a: Gholdengo|28\/100 psn|[from] Salt Cure\n|upkeep\n|\n|t:|1700662492\n|switch|p1a: Umbreon|Umbreon, F, shiny|100\/100\n|turn|30\n|\n|t:|1700662495\n|move|p2a: Gholdengo|Recover|p2a: Gholdengo\n|-heal|p2a: Gholdengo|78\/100 psn\n|move|p1a: Umbreon|Wish|p1a: Umbreon\n|\n|-damage|p2a: Gholdengo|66\/100 psn|[from] psn\n|-damage|p2a: Gholdengo|54\/100 psn|[from] Salt Cure\n|upkeep\n|turn|31\n|\n|t:|1700662500\n|move|p2a: Gholdengo|Dazzling Gleam|p1a: Umbreon\n|-supereffective|p1a: Umbreon\n|-damage|p1a: Umbreon|0 fnt\n|faint|p1a: Umbreon\n|\n|-damage|p2a: Gholdengo|41\/100 psn|[from] psn\n|-damage|p2a: Gholdengo|29\/100 psn|[from] Salt Cure\n|upkeep\n|\n|t:|1700662502\n|switch|p1a: Garganacl|Garganacl, F, shiny, tera:Ghost|28\/100\n|turn|32\n|\n|t:|1700662505\n|move|p2a: Gholdengo|Shadow Ball|p1a: Garganacl\n|-supereffective|p1a: Garganacl\n|-damage|p1a: Garganacl|0 fnt\n|faint|p1a: Garganacl\n|\n|win|d18l\n|raw|liaoya's rating: 1574 &rarr; <strong>1559<\/strong><br \/>(-15 for losing)\n|raw|d18l's rating: 1662 &rarr; <strong>1677<\/strong><br \/>(+15 for winning)\n|l|\u2606liaoya\n","uploadtime":1700662508,"views":1,"p1id":"liaoya","p2id":"d18l","formatid":"gen9ou","rating":1559,"private":0,"password":""}