{"id":"gen9ou-1999631194","p1":"call me victini","p2":"Diestoise","format":"[Gen 9] OU","log":"|j|\u2606call me victini\n|j|\u2606Diestoise\n|t:|1701102861\n|gametype|singles\n|player|p1|call me victini|265|1373\n|player|p2|Diestoise|hilbert-wonderlauncher|1369\n|teamsize|p1|6\n|teamsize|p2|6\n|gen|9\n|tier|[Gen 9] OU\n|rated|\n|rule|Sleep Clause Mod: Limit one foe put to sleep\n|rule|Species Clause: Limit one of each Pok\u00e9mon\n|rule|OHKO Clause: OHKO moves are banned\n|rule|Evasion Items Clause: Evasion items are banned\n|rule|Evasion Moves Clause: Evasion moves are banned\n|rule|Endless Battle Clause: Forcing endless battles is banned\n|rule|HP Percentage Mod: HP is shown in percentages\n|clearpoke\n|poke|p1|Dragapult, M|\n|poke|p1|Heatran, M|\n|poke|p1|Clefable, M|\n|poke|p1|Samurott-Hisui, F|\n|poke|p1|Brambleghast, F|\n|poke|p1|Landorus-Therian, M|\n|poke|p2|Meowscarada, F|\n|poke|p2|Skeledirge, M|\n|poke|p2|Ninetales-Alola, M|\n|poke|p2|Great Tusk|\n|poke|p2|Dragonite, M|\n|poke|p2|Clodsire, F|\n|teampreview\n|\n|t:|1701102873\n|start\n|switch|p1a: Heatran|Heatran, M|100\/100\n|switch|p2a: Meowscarada|Meowscarada, F|100\/100\n|turn|1\n|j| bigjij11\n|\n|t:|1701102880\n|switch|p2a: Clodsire|Clodsire, F|100\/100\n|move|p1a: Heatran|Magma Storm|p2a: Clodsire\n|-damage|p2a: Clodsire|76\/100\n|-activate|p2a: Clodsire|move: Magma Storm|[of] p1a: Heatran\n|\n|-heal|p2a: Clodsire|82\/100|[from] item: Black Sludge\n|-damage|p2a: Clodsire|69\/100|[from] move: Magma Storm|[partiallytrapped]\n|upkeep\n|turn|2\n|\n|t:|1701102890\n|move|p1a: Heatran|Protect|p1a: Heatran\n|-singleturn|p1a: Heatran|Protect\n|move|p2a: Clodsire|Earthquake|p1a: Heatran\n|-activate|p1a: Heatran|move: Protect\n|\n|-heal|p2a: Clodsire|76\/100|[from] item: Black Sludge\n|-damage|p2a: Clodsire|63\/100|[from] move: Magma Storm|[partiallytrapped]\n|upkeep\n|turn|3\n|\n|t:|1701102910\n|switch|p1a: Dragapult|Dragapult, M|100\/100\n|move|p2a: Clodsire|Earthquake|p1a: Dragapult\n|-damage|p1a: Dragapult|68\/100\n|\n|-heal|p1a: Dragapult|74\/100|[from] item: Leftovers\n|-heal|p2a: Clodsire|69\/100|[from] item: Black Sludge\n|-end|p2a: Clodsire|Magma Storm|[partiallytrapped]|[silent]\n|upkeep\n|turn|4\n|\n|t:|1701102919\n|move|p1a: Dragapult|Substitute|p1a: Dragapult\n|-start|p1a: Dragapult|Substitute\n|-damage|p1a: Dragapult|49\/100\n|move|p2a: Clodsire|Toxic||[still]\n|-fail|p2a: Clodsire\n|\n|-heal|p1a: Dragapult|55\/100|[from] item: Leftovers\n|-heal|p2a: Clodsire|76\/100|[from] item: Black Sludge\n|upkeep\n|turn|5\n|\n|t:|1701102928\n|move|p1a: Dragapult|Hex|p2a: Clodsire\n|-damage|p2a: Clodsire|64\/100\n|move|p2a: Clodsire|Earthquake|p1a: Dragapult\n|-end|p1a: Dragapult|Substitute\n|\n|-heal|p1a: Dragapult|61\/100|[from] item: Leftovers\n|-heal|p2a: Clodsire|70\/100|[from] item: Black Sludge\n|upkeep\n|turn|6\n|\n|t:|1701102938\n|switch|p2a: Ninetales|Ninetales-Alola, M|100\/100\n|-weather|Snow|[from] ability: Snow Warning|[of] p2a: Ninetales\n|move|p1a: Dragapult|Disable||[still]\n|-fail|p1a: Dragapult\n|\n|-weather|Snow|[upkeep]\n|-heal|p1a: Dragapult|68\/100|[from] item: Leftovers\n|upkeep\n|turn|7\n|l| bigjij11\n|\n|t:|1701102947\n|switch|p1a: Heatran|Heatran, M|100\/100\n|move|p2a: Ninetales|Aurora Veil|p2a: Ninetales\n|-sidestart|p2: Diestoise|move: Aurora Veil\n|\n|-weather|Snow|[upkeep]\n|upkeep\n|turn|8\n|\n|t:|1701102964\n|switch|p2a: Skeledirge|Skeledirge, M|100\/100\n|move|p1a: Heatran|Magma Storm|p2a: Skeledirge|[miss]\n|-miss|p1a: Heatran|p2a: Skeledirge\n|\n|-weather|Snow|[upkeep]\n|upkeep\n|turn|9\n|\n|t:|1701102974\n|switch|p1a: Samurott|Samurott-Hisui, F|100\/100\n|move|p2a: Skeledirge|Substitute|p2a: Skeledirge\n|-start|p2a: Skeledirge|Substitute\n|-damage|p2a: Skeledirge|75\/100\n|\n|-weather|Snow|[upkeep]\n|-heal|p2a: Skeledirge|82\/100|[from] item: Leftovers\n|upkeep\n|turn|10\n|\n|t:|1701102983\n|move|p1a: Samurott|Ceaseless Edge|p2a: Skeledirge\n|-supereffective|p2a: Skeledirge\n|-end|p2a: Skeledirge|Substitute\n|-sidestart|p2: Diestoise|Spikes\n|move|p2a: Skeledirge|Torch Song|p1a: Samurott\n|-resisted|p1a: Samurott\n|-damage|p1a: Samurott|69\/100\n|-boost|p2a: Skeledirge|spa|1\n|\n|-weather|none\n|-heal|p2a: Skeledirge|88\/100|[from] item: Leftovers\n|upkeep\n|turn|11\n|\n|t:|1701102996\n|switch|p2a: Great Tusk|Great Tusk|100\/100\n|-damage|p2a: Great Tusk|88\/100|[from] Spikes\n|move|p1a: Samurott|Ceaseless Edge|p2a: Great Tusk\n|-resisted|p2a: Great Tusk\n|-damage|p2a: Great Tusk|83\/100\n|-sidestart|p2: Diestoise|Spikes\n|\n|-heal|p2a: Great Tusk|89\/100|[from] item: Leftovers\n|upkeep\n|turn|12\n|\n|t:|1701103010\n|switch|p1a: Brambleghast|Brambleghast, F|100\/100\n|move|p2a: Great Tusk|Rapid Spin|p1a: Brambleghast\n|-immune|p1a: Brambleghast\n|\n|-heal|p2a: Great Tusk|96\/100|[from] item: Leftovers\n|upkeep\n|turn|13\n|\n|t:|1701103018\n|move|p1a: Brambleghast|Power Whip|p2a: Great Tusk\n|-supereffective|p2a: Great Tusk\n|-damage|p2a: Great Tusk|67\/100\n|move|p2a: Great Tusk|Knock Off|p1a: Brambleghast\n|-supereffective|p1a: Brambleghast\n|-enditem|p1a: Brambleghast|Colbur Berry|[eat]\n|-enditem|p1a: Brambleghast|Colbur Berry|[weaken]\n|-damage|p1a: Brambleghast|52\/100\n|\n|-heal|p2a: Great Tusk|73\/100|[from] item: Leftovers\n|upkeep\n|turn|14\n|\n|t:|1701103039\n|-end|p2a: Great Tusk|Protosynthesis|[silent]\n|switch|p2a: Ninetales|Ninetales-Alola, M|100\/100\n|-damage|p2a: Ninetales|84\/100|[from] Spikes\n|-weather|Snow|[from] ability: Snow Warning|[of] p2a: Ninetales\n|move|p1a: Brambleghast|Strength Sap|p2a: Ninetales\n|-unboost|p2a: Ninetales|atk|1\n|-heal|p1a: Brambleghast|100\/100\n|\n|-weather|Snow|[upkeep]\n|-sideend|p2: Diestoise|move: Aurora Veil\n|upkeep\n|turn|15\n|\n|t:|1701103050\n|switch|p1a: Heatran|Heatran, M|100\/100\n|move|p2a: Ninetales|Aurora Veil|p2a: Ninetales\n|-sidestart|p2: Diestoise|move: Aurora Veil\n|\n|-weather|Snow|[upkeep]\n|upkeep\n|turn|16\n|\n|t:|1701103064\n|switch|p2a: Skeledirge|Skeledirge, M|88\/100\n|-damage|p2a: Skeledirge|71\/100|[from] Spikes\n|move|p1a: Heatran|Earth Power|p2a: Skeledirge\n|-supereffective|p2a: Skeledirge\n|-damage|p2a: Skeledirge|45\/100\n|\n|-weather|Snow|[upkeep]\n|-heal|p2a: Skeledirge|51\/100|[from] item: Leftovers\n|upkeep\n|turn|17\n|\n|t:|1701103074\n|move|p1a: Heatran|Earth Power|p2a: Skeledirge\n|-supereffective|p2a: Skeledirge\n|-damage|p2a: Skeledirge|26\/100\n|move|p2a: Skeledirge|Earth Power|p1a: Heatran\n|-supereffective|p1a: Heatran\n|-damage|p1a: Heatran|25\/100\n|\n|-weather|Snow|[upkeep]\n|-heal|p1a: Heatran|31\/100|[from] item: Leftovers\n|-heal|p2a: Skeledirge|32\/100|[from] item: Leftovers\n|upkeep\n|turn|18\n|\n|t:|1701103085\n|switch|p1a: Samurott|Samurott-Hisui, F|69\/100\n|move|p2a: Skeledirge|Earth Power|p1a: Samurott\n|-damage|p1a: Samurott|26\/100\n|\n|-weather|none\n|-heal|p2a: Skeledirge|38\/100|[from] item: Leftovers\n|upkeep\n|turn|19\n|\n|t:|1701103122\n|switch|p2a: Meowscarada|Meowscarada, F|100\/100\n|-damage|p2a: Meowscarada|84\/100|[from] Spikes\n|move|p1a: Samurott|Razor Shell|p2a: Meowscarada\n|-resisted|p2a: Meowscarada\n|-damage|p2a: Meowscarada|56\/100\n|-unboost|p2a: Meowscarada|def|1\n|\n|upkeep\n|turn|20\n|\n|t:|1701103131\n|switch|p1a: Landorus|Landorus-Therian, M|100\/100\n|-ability|p1a: Landorus|Intimidate|boost\n|-unboost|p2a: Meowscarada|atk|1\n|move|p2a: Meowscarada|U-turn|p1a: Landorus\n|-start|p2a: Meowscarada|typechange|Bug|[from] ability: Protean\n|-resisted|p1a: Landorus\n|-damage|p1a: Landorus|91\/100\n|\n|t:|1701103140\n|switch|p2a: Ninetales|Ninetales-Alola, M|84\/100|[from] U-turn\n|-damage|p2a: Ninetales|67\/100|[from] Spikes\n|-weather|Snow|[from] ability: Snow Warning|[of] p2a: Ninetales\n|\n|-weather|Snow|[upkeep]\n|upkeep\n|turn|21\n|\n|t:|1701103154\n|switch|p1a: Heatran|Heatran, M|31\/100\n|move|p2a: Ninetales|Blizzard|p1a: Heatran\n|-resisted|p1a: Heatran\n|-damage|p1a: Heatran|26\/100\n|\n|-weather|Snow|[upkeep]\n|-heal|p1a: Heatran|32\/100|[from] item: Leftovers\n|upkeep\n|turn|22\n|\n|t:|1701103164\n|switch|p2a: Dragonite|Dragonite, M, shiny|100\/100\n|move|p1a: Heatran|Magma Storm|p2a: Dragonite\n|-resisted|p2a: Dragonite\n|-damage|p2a: Dragonite|96\/100\n|-activate|p2a: Dragonite|move: Magma Storm|[of] p1a: Heatran\n|\n|-weather|Snow|[upkeep]\n|-heal|p1a: Heatran|38\/100|[from] item: Leftovers\n|-damage|p2a: Dragonite|84\/100|[from] move: Magma Storm|[partiallytrapped]\n|-sideend|p2: Diestoise|move: Aurora Veil\n|upkeep\n|turn|23\n|\n|t:|1701103178\n|switch|p1a: Brambleghast|Brambleghast, F|100\/100\n|move|p2a: Dragonite|Earthquake|p1a: Brambleghast\n|-resisted|p1a: Brambleghast\n|-damage|p1a: Brambleghast|67\/100\n|\n|-weather|Snow|[upkeep]\n|-end|p2a: Dragonite|Magma Storm|[partiallytrapped]|[silent]\n|upkeep\n|turn|24\n|\n|t:|1701103186\n|move|p1a: Brambleghast|Poltergeist|p2a: Dragonite|[miss]\n|-miss|p1a: Brambleghast|p2a: Dragonite\n|move|p2a: Dragonite|Dragon Dance|p2a: Dragonite\n|-boost|p2a: Dragonite|atk|1\n|-boost|p2a: Dragonite|spe|1\n|\n|-weather|none\n|upkeep\n|turn|25\n|\n|t:|1701103194\n|move|p1a: Brambleghast|Strength Sap|p2a: Dragonite\n|-unboost|p2a: Dragonite|atk|1\n|-heal|p1a: Brambleghast|100\/100\n|move|p2a: Dragonite|Dragon Dance|p2a: Dragonite\n|-boost|p2a: Dragonite|atk|1\n|-boost|p2a: Dragonite|spe|1\n|\n|upkeep\n|turn|26\n|\n|t:|1701103201\n|move|p2a: Dragonite|Dragon Dance|p2a: Dragonite\n|-boost|p2a: Dragonite|atk|1\n|-boost|p2a: Dragonite|spe|1\n|move|p1a: Brambleghast|Poltergeist|p2a: Dragonite\n|-activate|p2a: Dragonite|move: Poltergeist|Heavy-Duty Boots\n|-damage|p2a: Dragonite|38\/100\n|\n|upkeep\n|turn|27\n|\n|t:|1701103210\n|move|p2a: Dragonite|Roost|p2a: Dragonite\n|-heal|p2a: Dragonite|88\/100\n|-singleturn|p2a: Dragonite|move: Roost\n|move|p1a: Brambleghast|Poltergeist|p2a: Dragonite\n|-activate|p2a: Dragonite|move: Poltergeist|Heavy-Duty Boots\n|-damage|p2a: Dragonite|43\/100\n|\n|upkeep\n|turn|28\n|\n|t:|1701103225\n|switch|p1a: Landorus|Landorus-Therian, M|91\/100\n|-ability|p1a: Landorus|Intimidate|boost\n|-unboost|p2a: Dragonite|atk|1\n|move|p2a: Dragonite|Roost|p2a: Dragonite\n|-heal|p2a: Dragonite|93\/100\n|-singleturn|p2a: Dragonite|move: Roost\n|\n|upkeep\n|turn|29\n|\n|t:|1701103236\n|move|p2a: Dragonite|Extreme Speed|p1a: Landorus\n|-damage|p1a: Landorus|47\/100\n|move|p1a: Landorus|Smack Down|p2a: Dragonite\n|-supereffective|p2a: Dragonite\n|-damage|p2a: Dragonite|63\/100\n|-start|p2a: Dragonite|Smack Down\n|\n|upkeep\n|turn|30\n|\n|t:|1701103247\n|-terastallize|p2a: Dragonite|Normal\n|move|p2a: Dragonite|Extreme Speed|p1a: Landorus\n|-crit|p1a: Landorus\n|-damage|p1a: Landorus|0 fnt\n|faint|p1a: Landorus\n|\n|upkeep\n|\n|t:|1701103255\n|switch|p1a: Brambleghast|Brambleghast, F|100\/100\n|turn|31\n|\n|t:|1701103286\n|switch|p2a: Skeledirge|Skeledirge, M|38\/100\n|-damage|p2a: Skeledirge|22\/100|[from] Spikes\n|move|p1a: Brambleghast|Strength Sap|p2a: Skeledirge\n|-unboost|p2a: Skeledirge|atk|1\n|\n|-heal|p2a: Skeledirge|28\/100|[from] item: Leftovers\n|upkeep\n|turn|32\n|\n|t:|1701103298\n|move|p1a: Brambleghast|Poltergeist|p2a: Skeledirge\n|-activate|p2a: Skeledirge|move: Poltergeist|Leftovers\n|-supereffective|p2a: Skeledirge\n|-damage|p2a: Skeledirge|0 fnt\n|faint|p2a: Skeledirge\n|\n|upkeep\n|\n|t:|1701103309\n|switch|p2a: Ninetales|Ninetales-Alola, M|67\/100\n|-damage|p2a: Ninetales|51\/100|[from] Spikes\n|-weather|Snow|[from] ability: Snow Warning|[of] p2a: Ninetales\n|turn|33\n|\n|t:|1701103329\n|switch|p1a: Heatran|Heatran, M|38\/100\n|move|p2a: Ninetales|Aurora Veil|p2a: Ninetales\n|-sidestart|p2: Diestoise|move: Aurora Veil\n|\n|-weather|Snow|[upkeep]\n|-heal|p1a: Heatran|44\/100|[from] item: Leftovers\n|upkeep\n|turn|34\n|\n|t:|1701103348\n|switch|p2a: Clodsire|Clodsire, F|70\/100\n|-damage|p2a: Clodsire|54\/100|[from] Spikes\n|move|p1a: Heatran|Magma Storm|p2a: Clodsire|[miss]\n|-miss|p1a: Heatran|p2a: Clodsire\n|\n|-weather|Snow|[upkeep]\n|-heal|p1a: Heatran|50\/100|[from] item: Leftovers\n|-heal|p2a: Clodsire|60\/100|[from] item: Black Sludge\n|upkeep\n|turn|35\n|\n|t:|1701103374\n|switch|p1a: Samurott|Samurott-Hisui, F|26\/100\n|move|p2a: Clodsire|Earthquake|p1a: Samurott\n|-damage|p1a: Samurott|0 fnt\n|faint|p1a: Samurott\n|\n|-weather|Snow|[upkeep]\n|-heal|p2a: Clodsire|66\/100|[from] item: Black Sludge\n|upkeep\n|\n|t:|1701103380\n|switch|p1a: Brambleghast|Brambleghast, F|100\/100\n|turn|36\n|\n|t:|1701103387\n|switch|p1a: Heatran|Heatran, M|50\/100\n|move|p2a: Clodsire|Toxic|p1a: Heatran\n|-immune|p1a: Heatran\n|\n|-weather|Snow|[upkeep]\n|-heal|p1a: Heatran|57\/100|[from] item: Leftovers\n|-heal|p2a: Clodsire|72\/100|[from] item: Black Sludge\n|upkeep\n|turn|37\n|\n|t:|1701103396\n|move|p1a: Heatran|Protect|p1a: Heatran\n|-singleturn|p1a: Heatran|Protect\n|move|p2a: Clodsire|Earthquake|p1a: Heatran\n|-activate|p1a: Heatran|move: Protect\n|\n|-weather|none\n|-heal|p1a: Heatran|63\/100|[from] item: Leftovers\n|-heal|p2a: Clodsire|79\/100|[from] item: Black Sludge\n|upkeep\n|turn|38\n|\n|t:|1701103406\n|move|p1a: Heatran|Will-O-Wisp|p2a: Clodsire\n|-status|p2a: Clodsire|brn\n|move|p2a: Clodsire|Stealth Rock|p1a: Heatran\n|-sidestart|p1: call me victini|move: Stealth Rock\n|\n|-heal|p1a: Heatran|69\/100|[from] item: Leftovers\n|-heal|p2a: Clodsire|85\/100 brn|[from] item: Black Sludge\n|-damage|p2a: Clodsire|79\/100 brn|[from] brn\n|upkeep\n|turn|39\n|\n|t:|1701103415\n|move|p1a: Heatran|Protect|p1a: Heatran\n|-singleturn|p1a: Heatran|Protect\n|move|p2a: Clodsire|Earthquake|p1a: Heatran\n|-activate|p1a: Heatran|move: Protect\n|\n|-heal|p1a: Heatran|75\/100|[from] item: Leftovers\n|-heal|p2a: Clodsire|85\/100 brn|[from] item: Black Sludge\n|-damage|p2a: Clodsire|79\/100 brn|[from] brn\n|upkeep\n|turn|40\n|\n|t:|1701103425\n|switch|p1a: Dragapult|Dragapult, M|68\/100\n|-damage|p1a: Dragapult|55\/100|[from] Stealth Rock\n|move|p2a: Clodsire|Earthquake|p1a: Dragapult\n|-damage|p1a: Dragapult|38\/100\n|\n|-heal|p1a: Dragapult|45\/100|[from] item: Leftovers\n|-heal|p2a: Clodsire|85\/100 brn|[from] item: Black Sludge\n|-damage|p2a: Clodsire|79\/100 brn|[from] brn\n|-sideend|p2: Diestoise|move: Aurora Veil\n|upkeep\n|turn|41\n|\n|t:|1701103440\n|switch|p2a: Meowscarada|Meowscarada, F|56\/100\n|-damage|p2a: Meowscarada|39\/100|[from] Spikes\n|move|p1a: Dragapult|Substitute|p1a: Dragapult\n|-start|p1a: Dragapult|Substitute\n|-damage|p1a: Dragapult|20\/100\n|\n|-heal|p1a: Dragapult|26\/100|[from] item: Leftovers\n|upkeep\n|turn|42\n|\n|t:|1701103453\n|move|p2a: Meowscarada|U-turn|p1a: Dragapult\n|-start|p2a: Meowscarada|typechange|Bug|[from] ability: Protean\n|-resisted|p1a: Dragapult\n|-activate|p1a: Dragapult|move: Substitute|[damage]\n|\n|t:|1701103469\n|switch|p2a: Dragonite|Dragonite, M, shiny, tera:Normal|63\/100|[from] U-turn\n|move|p1a: Dragapult|Thunder Wave|p2a: Dragonite\n|-status|p2a: Dragonite|par\n|\n|-heal|p1a: Dragapult|32\/100|[from] item: Leftovers\n|upkeep\n|turn|43\n|\n|t:|1701103479\n|switch|p1a: Brambleghast|Brambleghast, F|100\/100\n|-damage|p1a: Brambleghast|88\/100|[from] Stealth Rock\n|move|p2a: Dragonite|Earthquake|p1a: Brambleghast\n|-resisted|p1a: Brambleghast\n|-damage|p1a: Brambleghast|50\/100\n|\n|upkeep\n|turn|44\n|\n|t:|1701103489\n|switch|p2a: Ninetales|Ninetales-Alola, M|51\/100\n|-damage|p2a: Ninetales|34\/100|[from] Spikes\n|-weather|Snow|[from] ability: Snow Warning|[of] p2a: Ninetales\n|move|p1a: Brambleghast|Power Whip|p2a: Ninetales\n|-crit|p2a: Ninetales\n|-damage|p2a: Ninetales|0 fnt\n|faint|p2a: Ninetales\n|\n|-weather|Snow|[upkeep]\n|upkeep\n|\n|t:|1701103501\n|switch|p2a: Meowscarada|Meowscarada, F|39\/100\n|-damage|p2a: Meowscarada|23\/100|[from] Spikes\n|turn|45\n|\n|t:|1701103505\n|switch|p1a: Clefable|Clefable, M|100\/100\n|move|p2a: Meowscarada|Knock Off|p1a: Clefable\n|-start|p2a: Meowscarada|typechange|Dark|[from] ability: Protean\n|-resisted|p1a: Clefable\n|-damage|p1a: Clefable|83\/100\n|-enditem|p1a: Clefable|Leftovers|[from] move: Knock Off|[of] p2a: Meowscarada\n|\n|-weather|Snow|[upkeep]\n|upkeep\n|turn|46\n|\n|t:|1701103519\n|switch|p2a: Dragonite|Dragonite, M, shiny, tera:Normal|63\/100 par\n|move|p1a: Clefable|Moonblast|p2a: Dragonite\n|-damage|p2a: Dragonite|38\/100 par\n|\n|-weather|Snow|[upkeep]\n|upkeep\n|turn|47\n|\n|t:|1701103529\n|switch|p1a: Brambleghast|Brambleghast, F|50\/100\n|-damage|p1a: Brambleghast|38\/100|[from] Stealth Rock\n|move|p2a: Dragonite|Earthquake|p1a: Brambleghast\n|-resisted|p1a: Brambleghast\n|-damage|p1a: Brambleghast|4\/100\n|\n|-weather|Snow|[upkeep]\n|upkeep\n|turn|48\n|\n|t:|1701103538\n|move|p1a: Brambleghast|Strength Sap|p2a: Dragonite\n|-unboost|p2a: Dragonite|atk|1\n|-heal|p1a: Brambleghast|100\/100\n|cant|p2a: Dragonite|par\n|\n|-weather|none\n|upkeep\n|turn|49\n|\n|t:|1701103550\n|move|p1a: Brambleghast|Rapid Spin|p2a: Dragonite\n|-damage|p2a: Dragonite|22\/100 par\n|-boost|p1a: Brambleghast|spe|1\n|-sideend|p1: call me victini|Stealth Rock|[from] move: Rapid Spin|[of] p1a: Brambleghast\n|move|p2a: Dragonite|Dragon Dance|p2a: Dragonite\n|-boost|p2a: Dragonite|atk|1\n|-boost|p2a: Dragonite|spe|1\n|\n|upkeep\n|turn|50\n|\n|t:|1701103557\n|move|p1a: Brambleghast|Power Whip|p2a: Dragonite\n|-damage|p2a: Dragonite|0 fnt\n|faint|p2a: Dragonite\n|\n|upkeep\n|\n|t:|1701103562\n|switch|p2a: Meowscarada|Meowscarada, F|23\/100\n|-damage|p2a: Meowscarada|6\/100|[from] Spikes\n|turn|51\n|\n|t:|1701103567\n|move|p2a: Meowscarada|Flower Trick|p1a: Brambleghast\n|-start|p2a: Meowscarada|typechange|Grass|[from] ability: Protean\n|-resisted|p1a: Brambleghast\n|-crit|p1a: Brambleghast\n|-damage|p1a: Brambleghast|60\/100\n|move|p1a: Brambleghast|Poltergeist|p2a: Meowscarada\n|-activate|p2a: Meowscarada|move: Poltergeist|Choice Scarf\n|-damage|p2a: Meowscarada|0 fnt\n|faint|p2a: Meowscarada\n|\n|upkeep\n|\n|t:|1701103579\n|switch|p2a: Great Tusk|Great Tusk|73\/100\n|-damage|p2a: Great Tusk|56\/100|[from] Spikes\n|turn|52\n|\n|t:|1701103583\n|move|p1a: Brambleghast|Strength Sap|p2a: Great Tusk\n|-unboost|p2a: Great Tusk|atk|1\n|-heal|p1a: Brambleghast|100\/100\n|move|p2a: Great Tusk|Knock Off|p1a: Brambleghast\n|-supereffective|p1a: Brambleghast\n|-damage|p1a: Brambleghast|52\/100\n|\n|-heal|p2a: Great Tusk|62\/100|[from] item: Leftovers\n|upkeep\n|turn|53\n|\n|t:|1701103592\n|move|p1a: Brambleghast|Strength Sap|p2a: Great Tusk\n|-unboost|p2a: Great Tusk|atk|1\n|-heal|p1a: Brambleghast|100\/100\n|move|p2a: Great Tusk|Knock Off|p1a: Brambleghast\n|-supereffective|p1a: Brambleghast\n|-damage|p1a: Brambleghast|65\/100\n|\n|-heal|p2a: Great Tusk|69\/100|[from] item: Leftovers\n|upkeep\n|turn|54\n|\n|t:|1701103601\n|-end|p2a: Great Tusk|Protosynthesis|[silent]\n|switch|p2a: Clodsire|Clodsire, F|79\/100 brn\n|-damage|p2a: Clodsire|62\/100 brn|[from] Spikes\n|move|p1a: Brambleghast|Power Whip|p2a: Clodsire\n|-crit|p2a: Clodsire\n|-damage|p2a: Clodsire|0 fnt\n|faint|p2a: Clodsire\n|\n|upkeep\n|\n|t:|1701103610\n|switch|p2a: Great Tusk|Great Tusk|69\/100\n|-damage|p2a: Great Tusk|52\/100|[from] Spikes\n|turn|55\n|\n|t:|1701103615\n|move|p1a: Brambleghast|Power Whip|p2a: Great Tusk\n|-supereffective|p2a: Great Tusk\n|-damage|p2a: Great Tusk|0 fnt\n|faint|p2a: Great Tusk\n|-end|p2a: Great Tusk|Protosynthesis|[silent]\n|\n|win|call me victini\n|raw|call me victini's rating: 1373 &rarr; <strong>1393<\/strong><br \/>(+20 for winning)\n|raw|Diestoise's rating: 1369 &rarr; <strong>1349<\/strong><br \/>(-20 for losing)\n|c|\u2606call me victini|gg\n|l|\u2606Diestoise\n","uploadtime":1701103623,"views":2,"p1id":"callmevictini","p2id":"diestoise","formatid":"gen9ou","rating":1349,"private":0,"password":""}