{"id":"gen9ou-1992514284","p1":"mf_salvador","p2":"FlimFlamGlorious","format":"[Gen 9] OU","log":"|j|\u2606mf_salvador\n|j|\u2606FlimFlamGlorious\n|inactive|Battle timer is ON: inactive players will automatically lose when time's up.\n|t:|1700197754\n|gametype|singles\n|player|p1|mf_salvador|flannery|\n|player|p2|FlimFlamGlorious|2|\n|teamsize|p1|3\n|teamsize|p2|3\n|gen|9\n|tier|[Gen 9] OU\n|rated|Tournament battle\n|rule|Sleep Clause Mod: Limit one foe put to sleep\n|rule|Species Clause: Limit one of each Pok\u00e9mon\n|rule|OHKO Clause: OHKO moves are banned\n|rule|Evasion Items Clause: Evasion items are banned\n|rule|Evasion Moves Clause: Evasion moves are banned\n|rule|Endless Battle Clause: Forcing endless battles is banned\n|rule|HP Percentage Mod: HP is shown in percentages\n|clearpoke\n|poke|p1|Milotic, M|\n|poke|p1|Naclstack, F|\n|poke|p1|Hydreigon, F|\n|poke|p2|Espeon, F|\n|poke|p2|Ninetales-Alola, F|\n|poke|p2|Barraskewda, M|\n|teampreview\n|j|*Lady Monita \u2746\n|inactive|mf_salvador also wants the timer to be on.\n|c|\u2606FlimFlamGlorious|gl hf\n|j| eskittienyan2911\n|c|\u2606mf_salvador|glhf\n|\n|t:|1700197769\n|start\n|switch|p1a: Hydreigon|Hydreigon, F|100\/100\n|switch|p2a: Vulpes|Ninetales-Alola, F|100\/100\n|-weather|Snow|[from] ability: Snow Warning|[of] p2a: Vulpes\n|turn|1\n|\n|t:|1700197792\n|move|p1a: Hydreigon|Substitute|p1a: Hydreigon\n|-start|p1a: Hydreigon|Substitute\n|-damage|p1a: Hydreigon|76\/100\n|move|p2a: Vulpes|Aurora Veil|p2a: Vulpes\n|-sidestart|p2: FlimFlamGlorious|move: Aurora Veil\n|\n|-weather|Snow|[upkeep]\n|-heal|p1a: Hydreigon|82\/100|[from] item: Leftovers\n|upkeep\n|turn|2\n|\n|t:|1700197797\n|move|p1a: Hydreigon|Nasty Plot|p1a: Hydreigon\n|-boost|p1a: Hydreigon|spa|2\n|move|p2a: Vulpes|Moonblast|p1a: Hydreigon\n|-supereffective|p1a: Hydreigon\n|-end|p1a: Hydreigon|Substitute\n|\n|-weather|Snow|[upkeep]\n|-heal|p1a: Hydreigon|88\/100|[from] item: Leftovers\n|upkeep\n|turn|3\n|\n|t:|1700197811\n|-terastallize|p1a: Hydreigon|Steel\n|move|p1a: Hydreigon|Substitute|p1a: Hydreigon\n|-start|p1a: Hydreigon|Substitute\n|-damage|p1a: Hydreigon|63\/100\n|move|p2a: Vulpes|Freeze-Dry|p1a: Hydreigon\n|-resisted|p1a: Hydreigon\n|-activate|p1a: Hydreigon|move: Substitute|[damage]\n|\n|-weather|Snow|[upkeep]\n|-heal|p1a: Hydreigon|69\/100|[from] item: Leftovers\n|upkeep\n|turn|4\n|\n|t:|1700197818\n|move|p1a: Hydreigon|Nasty Plot|p1a: Hydreigon\n|-boost|p1a: Hydreigon|spa|2\n|move|p2a: Vulpes|Moonblast|p1a: Hydreigon\n|-resisted|p1a: Hydreigon\n|-end|p1a: Hydreigon|Substitute\n|\n|-weather|Snow|[upkeep]\n|-heal|p1a: Hydreigon|75\/100|[from] item: Leftovers\n|upkeep\n|turn|5\n|\n|t:|1700197829\n|move|p1a: Hydreigon|Substitute|p1a: Hydreigon\n|-start|p1a: Hydreigon|Substitute\n|-damage|p1a: Hydreigon|50\/100\n|move|p2a: Vulpes|Moonblast|p1a: Hydreigon\n|-resisted|p1a: Hydreigon\n|-activate|p1a: Hydreigon|move: Substitute|[damage]\n|\n|-weather|none\n|-heal|p1a: Hydreigon|57\/100|[from] item: Leftovers\n|upkeep\n|turn|6\n|\n|t:|1700197844\n|move|p1a: Hydreigon|Nasty Plot|p1a: Hydreigon\n|-boost|p1a: Hydreigon|spa|2\n|move|p2a: Vulpes|Moonblast|p1a: Hydreigon\n|-resisted|p1a: Hydreigon\n|-end|p1a: Hydreigon|Substitute\n|\n|-heal|p1a: Hydreigon|63\/100|[from] item: Leftovers\n|upkeep\n|turn|7\n|j| CrusaderOfCalamity\n|\n|t:|1700197853\n|-terastallize|p2a: Vulpes|Electric\n|move|p1a: Hydreigon|Substitute|p1a: Hydreigon\n|-start|p1a: Hydreigon|Substitute\n|-damage|p1a: Hydreigon|38\/100\n|move|p2a: Vulpes|Tera Blast|p1a: Hydreigon|[anim] Tera Blast Electric\n|-end|p1a: Hydreigon|Substitute\n|\n|-heal|p1a: Hydreigon|44\/100|[from] item: Leftovers\n|upkeep\n|turn|8\n|\n|t:|1700197861\n|move|p1a: Hydreigon|Earth Power|p2a: Vulpes\n|-supereffective|p2a: Vulpes\n|-damage|p2a: Vulpes|0 fnt\n|faint|p2a: Vulpes\n|\n|-heal|p1a: Hydreigon|50\/100|[from] item: Leftovers\n|-sideend|p2: FlimFlamGlorious|move: Aurora Veil\n|upkeep\n|\n|t:|1700197864\n|switch|p2a: Torpedo|Barraskewda, M, shiny|100\/100\n|turn|9\n|\n|t:|1700197879\n|switch|p1a: Milotic|Milotic, M|100\/100\n|move|p2a: Torpedo|Close Combat|p1a: Milotic\n|-damage|p1a: Milotic|26\/100\n|-unboost|p2a: Torpedo|def|1\n|-unboost|p2a: Torpedo|spd|1\n|\n|-heal|p1a: Milotic|32\/100|[from] item: Leftovers\n|upkeep\n|turn|10\n|\n|t:|1700197886\n|move|p2a: Torpedo|Close Combat|p1a: Milotic\n|-damage|p1a: Milotic|0 fnt\n|-unboost|p2a: Torpedo|def|1\n|-unboost|p2a: Torpedo|spd|1\n|faint|p1a: Milotic\n|\n|upkeep\n|\n|t:|1700197889\n|switch|p1a: Naclstack|Naclstack, F|100\/100\n|turn|11\n|\n|t:|1700197894\n|switch|p2a: Hello Kitty|Espeon, F|100\/100\n|move|p1a: Naclstack|Body Press|p2a: Hello Kitty\n|-resisted|p2a: Hello Kitty\n|-damage|p2a: Hello Kitty|87\/100\n|-enditem|p2a: Hello Kitty|Kee Berry|[eat]\n|-boost|p2a: Hello Kitty|def|1|[from] item: Kee Berry\n|\n|upkeep\n|turn|12\n|\n|t:|1700197903\n|move|p2a: Hello Kitty|Calm Mind|p2a: Hello Kitty\n|-boost|p2a: Hello Kitty|spa|1\n|-boost|p2a: Hello Kitty|spd|1\n|move|p1a: Naclstack|Iron Defense|p1a: Naclstack\n|-boost|p1a: Naclstack|def|2\n|\n|upkeep\n|turn|13\n|\n|t:|1700197910\n|move|p2a: Hello Kitty|Calm Mind|p2a: Hello Kitty\n|-boost|p2a: Hello Kitty|spa|1\n|-boost|p2a: Hello Kitty|spd|1\n|move|p1a: Naclstack|Salt Cure|p2a: Hello Kitty\n|-damage|p2a: Hello Kitty|78\/100\n|-start|p2a: Hello Kitty|Salt Cure\n|\n|-damage|p2a: Hello Kitty|65\/100|[from] Salt Cure\n|upkeep\n|turn|14\n|j| I E Tass\n|\n|t:|1700197919\n|switch|p1a: Hydreigon|Hydreigon, F, tera:Steel|50\/100\n|move|p2a: Hello Kitty|Stored Power|p1a: Hydreigon\n|-resisted|p1a: Hydreigon\n|-damage|p1a: Hydreigon|0 fnt\n|faint|p1a: Hydreigon\n|\n|-damage|p2a: Hello Kitty|53\/100|[from] Salt Cure\n|upkeep\n|\n|t:|1700197924\n|switch|p1a: Naclstack|Naclstack, F|100\/100\n|turn|15\n|\n|t:|1700197927\n|move|p2a: Hello Kitty|Stored Power|p1a: Naclstack\n|-damage|p1a: Naclstack|28\/100\n|move|p1a: Naclstack|Recover|p1a: Naclstack\n|-heal|p1a: Naclstack|78\/100\n|\n|-damage|p2a: Hello Kitty|41\/100|[from] Salt Cure\n|upkeep\n|turn|16\n|\n|t:|1700197931\n|move|p2a: Hello Kitty|Stored Power|p1a: Naclstack\n|-damage|p1a: Naclstack|12\/100\n|move|p1a: Naclstack|Recover|p1a: Naclstack\n|-heal|p1a: Naclstack|62\/100\n|\n|-damage|p2a: Hello Kitty|28\/100|[from] Salt Cure\n|upkeep\n|turn|17\n|\n|t:|1700197935\n|move|p2a: Hello Kitty|Stored Power|p1a: Naclstack\n|-damage|p1a: Naclstack|0 fnt\n|faint|p1a: Naclstack\n|\n|win|FlimFlamGlorious\n|n|\u2606mf_salvador|mfsalvador\n|n|\u2606FlimFlamGlorious|flimflamglorious\n|n|*Lady Monita \u2746|ladymonita\n|n| eskittienyan2911|eskittienyan2911\n|n| CrusaderOfCalamity|crusaderofcalamity\n|n| I E Tass|ietass\n|l|*Lady Monita \u2746\n|c|\u2606mf_salvador|gg\n|c|\u2606FlimFlamGlorious|gg wp\n|l|\u2606mf_salvador\n|l| I E Tass\n|c|\u2606FlimFlamGlorious|Kee Berry Espeon won every single match\n","uploadtime":1700197936,"views":30,"p1id":"mfsalvador","p2id":"flimflamglorious","formatid":"gen9ou","rating":0,"private":0,"password":""}