{"id":"gen9ou-1988930100","p1":"wyverbal","p2":"arda443","format":"[Gen 9] OU","log":"|j|\u2606wyverbal\n|j|\u2606arda443\n|t:|1699789779\n|gametype|singles\n|player|p1|wyverbal|2|1104\n|player|p2|arda443|170|1000\n|teamsize|p1|6\n|teamsize|p2|6\n|gen|9\n|tier|[Gen 9] OU\n|rated|\n|rule|Sleep Clause Mod: Limit one foe put to sleep\n|rule|Species Clause: Limit one of each Pok\u00e9mon\n|rule|OHKO Clause: OHKO moves are banned\n|rule|Evasion Items Clause: Evasion items are banned\n|rule|Evasion Moves Clause: Evasion moves are banned\n|rule|Endless Battle Clause: Forcing endless battles is banned\n|rule|HP Percentage Mod: HP is shown in percentages\n|clearpoke\n|poke|p1|Mew|\n|poke|p1|Copperajah, F|\n|poke|p1|Weavile, M|\n|poke|p1|Dusknoir, M|\n|poke|p1|Mandibuzz, F|\n|poke|p1|Lucario, M|\n|poke|p2|Cinderace, M|\n|poke|p2|Greninja-*, M|\n|poke|p2|Amoonguss, F|\n|poke|p2|Garchomp, F|\n|poke|p2|Dragonite, M|\n|poke|p2|Garganacl, M|\n|teampreview\n|inactive|Battle timer is ON: inactive players will automatically lose when time's up. (requested by wyverbal)\n|\n|t:|1699789782\n|start\n|switch|p1a: Copperajah|Copperajah, F, shiny|100\/100\n|switch|p2a: Garganacl|Garganacl, M|100\/100\n|turn|1\n|\n|t:|1699789790\n|move|p2a: Garganacl|Iron Defense|p2a: Garganacl\n|-boost|p2a: Garganacl|def|2\n|move|p1a: Copperajah|Iron Head|p2a: Garganacl\n|-supereffective|p2a: Garganacl\n|-damage|p2a: Garganacl|59\/100\n|\n|-heal|p2a: Garganacl|66\/100|[from] item: Leftovers\n|upkeep\n|turn|2\n|\n|t:|1699789799\n|move|p2a: Garganacl|Iron Defense|p2a: Garganacl\n|-boost|p2a: Garganacl|def|2\n|move|p1a: Copperajah|Whirlwind|p2a: Garganacl\n|drag|p2a: Dragonite|Dragonite, M|100\/100\n|\n|upkeep\n|turn|3\n|\n|t:|1699789807\n|move|p2a: Dragonite|Dragon Dance|p2a: Dragonite\n|-boost|p2a: Dragonite|atk|1\n|-boost|p2a: Dragonite|spe|1\n|move|p1a: Copperajah|Play Rough|p2a: Dragonite\n|-supereffective|p2a: Dragonite\n|-damage|p2a: Dragonite|35\/100\n|\n|upkeep\n|turn|4\n|\n|t:|1699789819\n|switch|p2a: Cinderace|Cinderace, M|100\/100\n|move|p1a: Copperajah|Iron Head|p2a: Cinderace\n|-resisted|p2a: Cinderace\n|-damage|p2a: Cinderace|41\/100\n|\n|upkeep\n|turn|5\n|\n|t:|1699789831\n|switch|p1a: Mandibuzz|Mandibuzz, F, shiny|100\/100\n|move|p2a: Cinderace|Pyro Ball|p1a: Mandibuzz\n|-damage|p1a: Mandibuzz|64\/100\n|\n|-heal|p1a: Mandibuzz|70\/100|[from] item: Leftovers\n|upkeep\n|turn|6\n|\n|t:|1699789842\n|switch|p2a: Dragonite|Dragonite, M|35\/100\n|move|p1a: Mandibuzz|Taunt|p2a: Dragonite\n|-start|p2a: Dragonite|move: Taunt\n|\n|-heal|p1a: Mandibuzz|76\/100|[from] item: Leftovers\n|upkeep\n|turn|7\n|\n|t:|1699789850\n|move|p2a: Dragonite|Thunder Punch|p1a: Mandibuzz\n|-supereffective|p1a: Mandibuzz\n|-damage|p1a: Mandibuzz|27\/100\n|move|p1a: Mandibuzz|Foul Play|p2a: Dragonite\n|-damage|p2a: Dragonite|0 fnt\n|faint|p2a: Dragonite\n|\n|-heal|p1a: Mandibuzz|33\/100|[from] item: Leftovers\n|upkeep\n|\n|t:|1699789866\n|switch|p2a: Cinderace|Cinderace, M|41\/100\n|turn|8\n|\n|t:|1699789877\n|move|p2a: Cinderace|High Jump Kick|p1a: Mandibuzz\n|-damage|p1a: Mandibuzz|6\/100\n|move|p1a: Mandibuzz|Foul Play|p2a: Cinderace\n|-damage|p2a: Cinderace|0 fnt\n|faint|p2a: Cinderace\n|\n|-heal|p1a: Mandibuzz|12\/100|[from] item: Leftovers\n|upkeep\n|\n|t:|1699789884\n|switch|p2a: Garganacl|Garganacl, M|66\/100\n|turn|9\n|\n|t:|1699789888\n|move|p1a: Mandibuzz|Taunt|p2a: Garganacl\n|-start|p2a: Garganacl|move: Taunt\n|cant|p2a: Garganacl|move: Taunt|Iron Defense\n|\n|-heal|p1a: Mandibuzz|18\/100|[from] item: Leftovers\n|-heal|p2a: Garganacl|72\/100|[from] item: Leftovers\n|upkeep\n|turn|10\n|\n|t:|1699789898\n|move|p1a: Mandibuzz|Roost|p1a: Mandibuzz\n|-heal|p1a: Mandibuzz|68\/100\n|-singleturn|p1a: Mandibuzz|move: Roost\n|move|p2a: Garganacl|Body Press|p1a: Mandibuzz\n|-supereffective|p1a: Mandibuzz\n|-damage|p1a: Mandibuzz|34\/100\n|\n|-heal|p1a: Mandibuzz|40\/100|[from] item: Leftovers\n|-heal|p2a: Garganacl|78\/100|[from] item: Leftovers\n|upkeep\n|turn|11\n|\n|t:|1699789912\n|move|p1a: Mandibuzz|Roost|p1a: Mandibuzz\n|-heal|p1a: Mandibuzz|90\/100\n|-singleturn|p1a: Mandibuzz|move: Roost\n|move|p2a: Garganacl|Salt Cure|p1a: Mandibuzz\n|-damage|p1a: Mandibuzz|82\/100\n|-start|p1a: Mandibuzz|Salt Cure\n|\n|-heal|p1a: Mandibuzz|88\/100|[from] item: Leftovers\n|-heal|p2a: Garganacl|84\/100|[from] item: Leftovers\n|-damage|p1a: Mandibuzz|76\/100|[from] Salt Cure\n|-end|p2a: Garganacl|move: Taunt\n|upkeep\n|turn|12\n|\n|t:|1699789925\n|move|p1a: Mandibuzz|Taunt|p2a: Garganacl\n|-start|p2a: Garganacl|move: Taunt\n|cant|p2a: Garganacl|move: Taunt|Iron Defense\n|\n|-heal|p1a: Mandibuzz|82\/100|[from] item: Leftovers\n|-heal|p2a: Garganacl|90\/100|[from] item: Leftovers\n|-damage|p1a: Mandibuzz|70\/100|[from] Salt Cure\n|upkeep\n|turn|13\n|\n|t:|1699789942\n|switch|p1a: Copperajah|Copperajah, F, shiny|100\/100\n|switch|p2a: Greninja|Greninja, M|100\/100\n|\n|upkeep\n|turn|14\n|\n|t:|1699789949\n|move|p2a: Greninja|Swords Dance|p2a: Greninja\n|-boost|p2a: Greninja|atk|2\n|move|p1a: Copperajah|Play Rough|p2a: Greninja\n|-supereffective|p2a: Greninja\n|-damage|p2a: Greninja|0 fnt\n|faint|p2a: Greninja\n|\n|upkeep\n|\n|t:|1699789958\n|switch|p2a: Garchomp|Garchomp, F|100\/100\n|turn|15\n|\n|t:|1699789963\n|-terastallize|p1a: Copperajah|Fairy\n|move|p2a: Garchomp|Fire Fang|p1a: Copperajah\n|-damage|p1a: Copperajah|73\/100\n|move|p1a: Copperajah|Play Rough|p2a: Garchomp\n|-supereffective|p2a: Garchomp\n|-damage|p2a: Garchomp|0 fnt\n|-damage|p1a: Copperajah|61\/100|[from] ability: Rough Skin|[of] p2a: Garchomp\n|faint|p2a: Garchomp\n|\n|upkeep\n|\n|t:|1699789973\n|switch|p2a: Amoonguss|Amoonguss, F|100\/100\n|turn|16\n|\n|t:|1699789978\n|switch|p1a: Mandibuzz|Mandibuzz, F, shiny|70\/100\n|move|p2a: Amoonguss|Poison Powder|p1a: Mandibuzz\n|-immune|p1a: Mandibuzz|[from] ability: Overcoat\n|\n|-heal|p1a: Mandibuzz|76\/100|[from] item: Leftovers\n|upkeep\n|turn|17\n|\n|t:|1699789988\n|move|p1a: Mandibuzz|Taunt|p2a: Amoonguss\n|-start|p2a: Amoonguss|move: Taunt\n|cant|p2a: Amoonguss|move: Taunt|Spore\n|\n|-heal|p1a: Mandibuzz|82\/100|[from] item: Leftovers\n|upkeep\n|turn|18\n|\n|t:|1699789998\n|switch|p1a: Weavile|Weavile, M, shiny|100\/100\n|-ability|p1a: Weavile|Pressure\n|move|p2a: Amoonguss|Solar Beam||[still]\n|-prepare|p2a: Amoonguss|Solar Beam\n|\n|upkeep\n|turn|19\n|\n|t:|1699790004\n|move|p1a: Weavile|Knock Off|p2a: Amoonguss\n|-crit|p2a: Amoonguss\n|-damage|p2a: Amoonguss|19\/100\n|-enditem|p2a: Amoonguss|Leftovers|[from] move: Knock Off|[of] p1a: Weavile\n|move|p2a: Amoonguss|Solar Beam|p1a: Weavile|[from]lockedmove\n|-damage|p1a: Weavile|52\/100\n|\n|-end|p2a: Amoonguss|move: Taunt\n|upkeep\n|turn|20\n|\n|t:|1699790016\n|move|p1a: Weavile|Knock Off|p2a: Amoonguss\n|-damage|p2a: Amoonguss|0 fnt\n|faint|p2a: Amoonguss\n|\n|upkeep\n|\n|t:|1699790020\n|switch|p2a: Garganacl|Garganacl, M|90\/100\n|turn|21\n|\n|t:|1699790036\n|move|p1a: Weavile|Knock Off|p2a: Garganacl\n|-damage|p2a: Garganacl|64\/100\n|-enditem|p2a: Garganacl|Leftovers|[from] move: Knock Off|[of] p1a: Weavile\n|move|p2a: Garganacl|Iron Defense|p2a: Garganacl\n|-boost|p2a: Garganacl|def|2\n|\n|upkeep\n|turn|22\n|\n|t:|1699790047\n|switch|p1a: Mandibuzz|Mandibuzz, F, shiny|82\/100\n|move|p2a: Garganacl|Iron Defense|p2a: Garganacl\n|-boost|p2a: Garganacl|def|2\n|\n|-heal|p1a: Mandibuzz|88\/100|[from] item: Leftovers\n|upkeep\n|turn|23\n|\n|t:|1699790056\n|move|p1a: Mandibuzz|Taunt|p2a: Garganacl\n|-start|p2a: Garganacl|move: Taunt\n|cant|p2a: Garganacl|move: Taunt|Recover\n|\n|-heal|p1a: Mandibuzz|94\/100|[from] item: Leftovers\n|upkeep\n|turn|24\n|inactive|wyverbal has 120 seconds left.\n|\n|t:|1699790094\n|switch|p1a: Copperajah|Copperajah, F, shiny, tera:Fairy|61\/100\n|move|p2a: Garganacl|Salt Cure|p1a: Copperajah\n|-damage|p1a: Copperajah|45\/100\n|-start|p1a: Copperajah|Salt Cure\n|\n|-damage|p1a: Copperajah|33\/100|[from] Salt Cure\n|upkeep\n|turn|25\n|\n|t:|1699790102\n|move|p2a: Garganacl|Body Press|p1a: Copperajah\n|-resisted|p1a: Copperajah\n|-damage|p1a: Copperajah|0 fnt\n|faint|p1a: Copperajah\n|\n|-end|p2a: Garganacl|move: Taunt\n|upkeep\n|inactive|wyverbal has 120 seconds left.\n|\n|t:|1699790116\n|switch|p1a: Dusknoir|Dusknoir, M, shiny|100\/100\n|-ability|p1a: Dusknoir|Pressure\n|turn|26\n|inactive|wyverbal has 120 seconds left.\n|\n|t:|1699790130\n|move|p1a: Dusknoir|Taunt|p2a: Garganacl\n|-start|p2a: Garganacl|move: Taunt\n|cant|p2a: Garganacl|move: Taunt|Iron Defense\n|\n|upkeep\n|turn|27\n|inactive|wyverbal has 120 seconds left.\n|\n|t:|1699790163\n|move|p1a: Dusknoir|Leech Life|p2a: Garganacl\n|-damage|p2a: Garganacl|59\/100\n|move|p2a: Garganacl|Salt Cure|p1a: Dusknoir\n|-damage|p1a: Dusknoir|89\/100\n|-start|p1a: Dusknoir|Salt Cure\n|\n|-heal|p1a: Dusknoir|95\/100|[from] item: Leftovers\n|-damage|p1a: Dusknoir|83\/100|[from] Salt Cure\n|upkeep\n|turn|28\n|\n|t:|1699790181\n|move|p1a: Dusknoir|Leech Life|p2a: Garganacl\n|-damage|p2a: Garganacl|55\/100\n|-heal|p1a: Dusknoir|86\/100|[from] drain|[of] p2a: Garganacl\n|move|p2a: Garganacl|Salt Cure|p1a: Dusknoir\n|-crit|p1a: Dusknoir\n|-damage|p1a: Dusknoir|68\/100\n|\n|-heal|p1a: Dusknoir|74\/100|[from] item: Leftovers\n|-damage|p1a: Dusknoir|61\/100|[from] Salt Cure\n|-end|p2a: Garganacl|move: Taunt\n|upkeep\n|turn|29\n|\n|t:|1699790193\n|move|p1a: Dusknoir|Taunt|p2a: Garganacl\n|-start|p2a: Garganacl|move: Taunt\n|cant|p2a: Garganacl|move: Taunt|Iron Defense\n|\n|-heal|p1a: Dusknoir|68\/100|[from] item: Leftovers\n|-damage|p1a: Dusknoir|55\/100|[from] Salt Cure\n|upkeep\n|turn|30\n|\n|t:|1699790201\n|move|p1a: Dusknoir|Leech Life|p2a: Garganacl\n|-damage|p2a: Garganacl|51\/100\n|-heal|p1a: Dusknoir|58\/100|[from] drain|[of] p2a: Garganacl\n|move|p2a: Garganacl|Salt Cure|p1a: Dusknoir\n|-damage|p1a: Dusknoir|45\/100\n|\n|-heal|p1a: Dusknoir|51\/100|[from] item: Leftovers\n|-damage|p1a: Dusknoir|39\/100|[from] Salt Cure\n|upkeep\n|turn|31\n|\n|t:|1699790223\n|move|p1a: Dusknoir|Leech Life|p2a: Garganacl\n|-damage|p2a: Garganacl|47\/100\n|-heal|p1a: Dusknoir|42\/100|[from] drain|[of] p2a: Garganacl\n|move|p2a: Garganacl|Salt Cure|p1a: Dusknoir\n|-damage|p1a: Dusknoir|29\/100\n|\n|-heal|p1a: Dusknoir|36\/100|[from] item: Leftovers\n|-damage|p1a: Dusknoir|23\/100|[from] Salt Cure\n|-end|p2a: Garganacl|move: Taunt\n|upkeep\n|turn|32\n|\n|t:|1699790236\n|move|p1a: Dusknoir|Taunt|p2a: Garganacl\n|-start|p2a: Garganacl|move: Taunt\n|cant|p2a: Garganacl|move: Taunt|Recover\n|\n|-heal|p1a: Dusknoir|29\/100|[from] item: Leftovers\n|-damage|p1a: Dusknoir|17\/100|[from] Salt Cure\n|upkeep\n|turn|33\n|\n|t:|1699790243\n|move|p1a: Dusknoir|Pain Split|p2a: Garganacl\n|-sethp|p2a: Garganacl|30\/100|[from] move: Pain Split|[silent]\n|-sethp|p1a: Dusknoir|41\/100|[from] move: Pain Split\n|move|p2a: Garganacl|Salt Cure|p1a: Dusknoir\n|-damage|p1a: Dusknoir|28\/100\n|\n|-heal|p1a: Dusknoir|35\/100|[from] item: Leftovers\n|-damage|p1a: Dusknoir|22\/100|[from] Salt Cure\n|upkeep\n|turn|34\n|\n|t:|1699790258\n|move|p1a: Dusknoir|Pain Split|p2a: Garganacl\n|-sethp|p2a: Garganacl|23\/100|[from] move: Pain Split|[silent]\n|-sethp|p1a: Dusknoir|31\/100|[from] move: Pain Split\n|move|p2a: Garganacl|Salt Cure|p1a: Dusknoir\n|-damage|p1a: Dusknoir|18\/100\n|\n|-heal|p1a: Dusknoir|24\/100|[from] item: Leftovers\n|-damage|p1a: Dusknoir|12\/100|[from] Salt Cure\n|-end|p2a: Garganacl|move: Taunt\n|upkeep\n|turn|35\n|\n|t:|1699790268\n|move|p1a: Dusknoir|Taunt|p2a: Garganacl\n|-start|p2a: Garganacl|move: Taunt\n|move|p2a: Garganacl|Salt Cure|p1a: Dusknoir\n|-damage|p1a: Dusknoir|0 fnt\n|faint|p1a: Dusknoir\n|\n|upkeep\n|inactive|wyverbal has 90 seconds left.\n|\n|t:|1699790295\n|switch|p1a: Mew|Mew, shiny|100\/100\n|turn|36\n|inactive|wyverbal has 90 seconds left.\n|\n|t:|1699790302\n|move|p1a: Mew|High Horsepower|p2a: Garganacl\n|-supereffective|p2a: Garganacl\n|-damage|p2a: Garganacl|13\/100\n|move|p2a: Garganacl|Body Press|p1a: Mew\n|-resisted|p1a: Mew\n|-damage|p1a: Mew|53\/100\n|\n|upkeep\n|turn|37\n|\n|t:|1699790309\n|move|p1a: Mew|High Horsepower|p2a: Garganacl\n|-supereffective|p2a: Garganacl\n|-damage|p2a: Garganacl|3\/100\n|move|p2a: Garganacl|Body Press|p1a: Mew\n|-resisted|p1a: Mew\n|-damage|p1a: Mew|5\/100\n|\n|-end|p2a: Garganacl|move: Taunt\n|upkeep\n|turn|38\n|\n|t:|1699790319\n|move|p1a: Mew|Psychic Fangs|p2a: Garganacl\n|-damage|p2a: Garganacl|0 fnt\n|faint|p2a: Garganacl\n|\n|win|wyverbal\n|raw|wyverbal's rating: 1104 &rarr; <strong>1122<\/strong><br \/>(+18 for winning)\n|raw|arda443's rating: 1000 &rarr; <strong>1000<\/strong><br \/>(+0 for losing)\n","uploadtime":1699790326,"views":10,"p1id":"wyverbal","p2id":"arda443","formatid":"gen9ou","rating":1000,"private":0,"password":""}