{"id":"gen9ou-1993187720","p1":"GinjaNinja2005","p2":"Kuzwa","format":"[Gen 9] OU","log":"|j|\u2606GinjaNinja2005\n|j|\u2606Kuzwa\n|t:|1700275568\n|gametype|singles\n|player|p1|GinjaNinja2005|1|1101\n|player|p2|Kuzwa|pokemonbreeder-gen4|1090\n|teamsize|p1|6\n|teamsize|p2|6\n|gen|9\n|tier|[Gen 9] OU\n|rated|\n|rule|Sleep Clause Mod: Limit one foe put to sleep\n|rule|Species Clause: Limit one of each Pok\u00e9mon\n|rule|OHKO Clause: OHKO moves are banned\n|rule|Evasion Items Clause: Evasion items are banned\n|rule|Evasion Moves Clause: Evasion moves are banned\n|rule|Endless Battle Clause: Forcing endless battles is banned\n|rule|HP Percentage Mod: HP is shown in percentages\n|clearpoke\n|poke|p1|Grimmsnarl, M|\n|poke|p1|Kommo-o, M|\n|poke|p1|Iron Treads|\n|poke|p1|Landorus-Therian, M|\n|poke|p1|Thundurus-Therian, M|\n|poke|p1|Enamorus, F|\n|poke|p2|Greninja-*, M|\n|poke|p2|Sinistcha-Masterpiece|\n|poke|p2|Gallade, M|\n|poke|p2|Weavile, F|\n|poke|p2|Hydreigon, M|\n|poke|p2|Glimmora, M|\n|teampreview\n|\n|t:|1700275574\n|start\n|switch|p1a: Iron Treads|Iron Treads|100\/100\n|switch|p2a: thing|Glimmora, M, shiny|100\/100\n|-item|p2a: thing|Air Balloon\n|turn|1\n|inactive|Battle timer is ON: inactive players will automatically lose when time's up. (requested by Kuzwa)\n|\n|t:|1700275577\n|move|p2a: thing|Earth Power|p1a: Iron Treads\n|-supereffective|p1a: Iron Treads\n|-damage|p1a: Iron Treads|45\/100\n|move|p1a: Iron Treads|Rapid Spin|p2a: thing\n|-resisted|p2a: thing\n|-damage|p2a: thing|93\/100\n|-boost|p1a: Iron Treads|spe|1\n|-activate|p2a: thing|ability: Toxic Debris\n|-sidestart|p1: GinjaNinja2005|move: Toxic Spikes\n|-enditem|p2a: thing|Air Balloon\n|-sideend|p1: GinjaNinja2005|Toxic Spikes|[from] move: Rapid Spin|[of] p1a: Iron Treads\n|\n|-heal|p1a: Iron Treads|51\/100|[from] item: Leftovers\n|upkeep\n|turn|2\n|\n|t:|1700275587\n|move|p1a: Iron Treads|Heavy Slam|p2a: thing\n|-supereffective|p2a: thing\n|-damage|p2a: thing|0 fnt\n|-activate|p2a: thing|ability: Toxic Debris\n|-sidestart|p1: GinjaNinja2005|move: Toxic Spikes\n|faint|p2a: thing\n|\n|-heal|p1a: Iron Treads|57\/100|[from] item: Leftovers\n|upkeep\n|\n|t:|1700275602\n|switch|p2a: Hidetoshi Odagiri|Greninja, M|100\/100\n|turn|3\n|\n|t:|1700275610\n|-end|p1a: Iron Treads|Quark Drive|[silent]\n|switch|p1a: Kommo-o|Kommo-o, M|100\/100\n|-status|p1a: Kommo-o|psn\n|move|p2a: Hidetoshi Odagiri|Water Shuriken|p1a: Kommo-o\n|-resisted|p1a: Kommo-o\n|-damage|p1a: Kommo-o|96\/100 psn\n|-resisted|p1a: Kommo-o\n|-damage|p1a: Kommo-o|92\/100 psn\n|-resisted|p1a: Kommo-o\n|-damage|p1a: Kommo-o|88\/100 psn\n|-hitcount|p1a: Kommo-o|3\n|\n|-heal|p1a: Kommo-o|94\/100 psn|[from] item: Leftovers\n|-damage|p1a: Kommo-o|82\/100 psn|[from] psn\n|upkeep\n|turn|4\n|\n|t:|1700275617\n|move|p2a: Hidetoshi Odagiri|Ice Beam|p1a: Kommo-o\n|-supereffective|p1a: Kommo-o\n|-damage|p1a: Kommo-o|18\/100 psn\n|move|p1a: Kommo-o|Clangorous Soul||[still]\n|-fail|p1a: Kommo-o\n|\n|-heal|p1a: Kommo-o|25\/100 psn|[from] item: Leftovers\n|-damage|p1a: Kommo-o|12\/100 psn|[from] psn\n|upkeep\n|turn|5\n|\n|t:|1700275624\n|move|p2a: Hidetoshi Odagiri|Ice Beam|p1a: Kommo-o\n|-supereffective|p1a: Kommo-o\n|-damage|p1a: Kommo-o|0 fnt\n|faint|p1a: Kommo-o\n|-ability|p2a: Hidetoshi Odagiri|Battle Bond|boost\n|-boost|p2a: Hidetoshi Odagiri|atk|1\n|-boost|p2a: Hidetoshi Odagiri|spa|1\n|-boost|p2a: Hidetoshi Odagiri|spe|1\n|-activate|p2a: Hidetoshi Odagiri|ability: Battle Bond\n|\n|upkeep\n|\n|t:|1700275626\n|switch|p1a: Grimmsnarl|Grimmsnarl, M|100\/100\n|-status|p1a: Grimmsnarl|psn\n|turn|6\n|\n|t:|1700275631\n|move|p2a: Hidetoshi Odagiri|Water Shuriken|p1a: Grimmsnarl\n|-damage|p1a: Grimmsnarl|93\/100 psn\n|-damage|p1a: Grimmsnarl|85\/100 psn\n|-damage|p1a: Grimmsnarl|76\/100 psn\n|-damage|p1a: Grimmsnarl|68\/100 psn\n|-hitcount|p1a: Grimmsnarl|4\n|move|p1a: Grimmsnarl|Light Screen|p1a: Grimmsnarl\n|-sidestart|p1: GinjaNinja2005|move: Light Screen\n|\n|-damage|p1a: Grimmsnarl|56\/100 psn|[from] psn\n|upkeep\n|turn|7\n|\n|t:|1700275636\n|move|p1a: Grimmsnarl|Parting Shot|p2a: Hidetoshi Odagiri\n|-hint|Since gen 7, Dark is immune to Prankster moves.\n|-immune|p2a: Hidetoshi Odagiri\n|move|p2a: Hidetoshi Odagiri|Ice Beam|p1a: Grimmsnarl\n|-damage|p1a: Grimmsnarl|41\/100 psn\n|\n|-damage|p1a: Grimmsnarl|29\/100 psn|[from] psn\n|upkeep\n|turn|8\n|\n|t:|1700275642\n|move|p2a: Hidetoshi Odagiri|Protect|p2a: Hidetoshi Odagiri\n|-singleturn|p2a: Hidetoshi Odagiri|Protect\n|move|p1a: Grimmsnarl|Spirit Break|p2a: Hidetoshi Odagiri\n|-activate|p2a: Hidetoshi Odagiri|move: Protect\n|\n|-damage|p1a: Grimmsnarl|16\/100 psn|[from] psn\n|upkeep\n|turn|9\n|\n|t:|1700275646\n|move|p2a: Hidetoshi Odagiri|Water Shuriken|p1a: Grimmsnarl\n|-damage|p1a: Grimmsnarl|12\/100 psn\n|-damage|p1a: Grimmsnarl|8\/100 psn\n|-hitcount|p1a: Grimmsnarl|2\n|move|p1a: Grimmsnarl|Spirit Break|p2a: Hidetoshi Odagiri\n|-supereffective|p2a: Hidetoshi Odagiri\n|-damage|p2a: Hidetoshi Odagiri|3\/100\n|-unboost|p2a: Hidetoshi Odagiri|spa|1\n|\n|-damage|p1a: Grimmsnarl|0 fnt|[from] psn\n|faint|p1a: Grimmsnarl\n|upkeep\n|\n|t:|1700275672\n|switch|p1a: Thundurus|Thundurus-Therian, M|100\/100\n|turn|10\n|\n|t:|1700275678\n|move|p2a: Hidetoshi Odagiri|Protect|p2a: Hidetoshi Odagiri\n|-singleturn|p2a: Hidetoshi Odagiri|Protect\n|move|p1a: Thundurus|Volt Switch|p2a: Hidetoshi Odagiri\n|-activate|p2a: Hidetoshi Odagiri|move: Protect\n|\n|upkeep\n|turn|11\n|\n|t:|1700275684\n|-terastallize|p2a: Hidetoshi Odagiri|Ground\n|move|p2a: Hidetoshi Odagiri|Ice Beam|p1a: Thundurus\n|-supereffective|p1a: Thundurus\n|-damage|p1a: Thundurus|63\/100\n|move|p1a: Thundurus|Volt Switch|p2a: Hidetoshi Odagiri\n|-immune|p2a: Hidetoshi Odagiri\n|\n|upkeep\n|turn|12\n|\n|t:|1700275688\n|switch|p1a: Enamorus|Enamorus, F|100\/100\n|move|p2a: Hidetoshi Odagiri|Protect||[still]\n|-fail|p2a: Hidetoshi Odagiri\n|\n|upkeep\n|turn|13\n|\n|t:|1700275698\n|move|p2a: Hidetoshi Odagiri|Ice Beam|p1a: Enamorus\n|-supereffective|p1a: Enamorus\n|-damage|p1a: Enamorus|61\/100\n|-status|p1a: Enamorus|frz\n|-curestatus|p1a: Enamorus|frz|[msg]\n|move|p1a: Enamorus|Moonblast|p2a: Hidetoshi Odagiri\n|-damage|p2a: Hidetoshi Odagiri|0 fnt\n|faint|p2a: Hidetoshi Odagiri\n|\n|-sideend|p1: GinjaNinja2005|move: Light Screen\n|upkeep\n|\n|t:|1700275703\n|switch|p2a: Nyx|Weavile, F|100\/100\n|turn|14\n|\n|t:|1700275707\n|move|p2a: Nyx|Fake Out|p1a: Enamorus\n|-crit|p1a: Enamorus\n|-damage|p1a: Enamorus|30\/100\n|cant|p1a: Enamorus|flinch\n|\n|upkeep\n|turn|15\n|\n|t:|1700275712\n|switch|p1a: Thundurus|Thundurus-Therian, M|63\/100\n|move|p2a: Nyx|Ice Spinner|p1a: Thundurus\n|-supereffective|p1a: Thundurus\n|-damage|p1a: Thundurus|0 fnt\n|faint|p1a: Thundurus\n|\n|upkeep\n|\n|t:|1700275721\n|switch|p1a: Enamorus|Enamorus, F|30\/100\n|turn|16\n|\n|t:|1700275724\n|move|p1a: Enamorus|Moonblast|p2a: Nyx\n|-supereffective|p2a: Nyx\n|-enditem|p2a: Nyx|Focus Sash\n|-damage|p2a: Nyx|1\/100\n|move|p2a: Nyx|Ice Spinner|p1a: Enamorus\n|-supereffective|p1a: Enamorus\n|-damage|p1a: Enamorus|0 fnt\n|faint|p1a: Enamorus\n|\n|upkeep\n|\n|t:|1700275727\n|switch|p1a: Landorus|Landorus-Therian, M|100\/100\n|-ability|p1a: Landorus|Intimidate|boost\n|-unboost|p2a: Nyx|atk|1\n|turn|17\n|\n|t:|1700275733\n|move|p2a: Nyx|Ice Spinner|p1a: Landorus\n|-supereffective|p1a: Landorus\n|-damage|p1a: Landorus|0 fnt\n|faint|p1a: Landorus\n|\n|upkeep\n|-message|GinjaNinja2005 forfeited.\n|\n|win|Kuzwa\n|raw|GinjaNinja2005's rating: 1101 &rarr; <strong>1075<\/strong><br \/>(-26 for losing)\n|raw|Kuzwa's rating: 1090 &rarr; <strong>1117<\/strong><br \/>(+27 for winning)\n|l|\u2606GinjaNinja2005\n","uploadtime":1700275742,"views":12,"p1id":"ginjaninja2005","p2id":"kuzwa","formatid":"gen9ou","rating":1075,"private":0,"password":""}