{"id":"gen9ou-1994639299","p1":"EhrenApfel6.9","p2":"Skaraptor2.1","format":"[Gen 9] OU","log":"|j|\u2606EhrenApfel6.9\n|j|\u2606Skaraptor2.1\n|t:|1700473754\n|gametype|singles\n|player|p1|EhrenApfel6.9|265|1311\n|player|p2|Skaraptor2.1|bodybuilderf-gen9|1258\n|teamsize|p1|6\n|teamsize|p2|6\n|gen|9\n|tier|[Gen 9] OU\n|rated|\n|rule|Sleep Clause Mod: Limit one foe put to sleep\n|rule|Species Clause: Limit one of each Pok\u00e9mon\n|rule|OHKO Clause: OHKO moves are banned\n|rule|Evasion Items Clause: Evasion items are banned\n|rule|Evasion Moves Clause: Evasion moves are banned\n|rule|Endless Battle Clause: Forcing endless battles is banned\n|rule|HP Percentage Mod: HP is shown in percentages\n|clearpoke\n|poke|p1|Alomomola, F|\n|poke|p1|Slowking-Galar, F|\n|poke|p1|Kingambit, F|\n|poke|p1|Great Tusk|\n|poke|p1|Cinderace, F|\n|poke|p1|Thundurus-Therian, M|\n|poke|p2|Ribombee, M|\n|poke|p2|Ogerpon-Wellspring, F|\n|poke|p2|Great Tusk|\n|poke|p2|Zamazenta-*|\n|poke|p2|Iron Valiant|\n|poke|p2|Kingambit, F|\n|teampreview\n|inactive|Battle timer is ON: inactive players will automatically lose when time's up. (requested by Skaraptor2.1)\n|\n|t:|1700473762\n|start\n|switch|p1a: Thundurus|Thundurus-Therian, M|100\/100\n|switch|p2a: Transfem|Ogerpon-Wellspring, F|100\/100\n|turn|1\n|\n|t:|1700473781\n|switch|p1a: Great Tusk|Great Tusk|100\/100\n|move|p2a: Transfem|Knock Off|p1a: Great Tusk\n|-resisted|p1a: Great Tusk\n|-damage|p1a: Great Tusk|87\/100\n|-damage|p2a: Transfem|84\/100|[from] item: Rocky Helmet|[of] p1a: Great Tusk\n|-enditem|p1a: Great Tusk|Rocky Helmet|[from] move: Knock Off|[of] p2a: Transfem\n|\n|upkeep\n|turn|2\n|\n|t:|1700473788\n|-end|p1a: Great Tusk|Protosynthesis|[silent]\n|switch|p1a: Slowking|Slowking-Galar, F|100\/100\n|move|p2a: Transfem|Ivy Cudgel|p1a: Slowking|[anim] Ivy Cudgel Water\n|-damage|p1a: Slowking|41\/100\n|\n|upkeep\n|turn|3\n|\n|t:|1700473795\n|switch|p1a: Alomomola|Alomomola, F|100\/100\n|move|p2a: Transfem|Ivy Cudgel|p1a: Alomomola|[anim] Ivy Cudgel Water\n|-resisted|p1a: Alomomola\n|-damage|p1a: Alomomola|84\/100\n|-enditem|p1a: Alomomola|Red Card|[of] p2a: Transfem\n|drag|p2a: Queengambit|Kingambit, F|100\/100\n|\n|upkeep\n|turn|4\n|\n|t:|1700473801\n|-end|p2a: Queengambit|fallenundefined|[silent]\n|switch|p2a: Transfem|Ogerpon-Wellspring, F|84\/100\n|move|p1a: Alomomola|Scald|p2a: Transfem\n|-heal|p2a: Transfem|100\/100|[from] ability: Water Absorb|[of] p1a: Alomomola\n|\n|upkeep\n|turn|5\n|\n|t:|1700473805\n|move|p2a: Transfem|Horn Leech|p1a: Alomomola\n|-supereffective|p1a: Alomomola\n|-damage|p1a: Alomomola|31\/100\n|move|p1a: Alomomola|Acrobatics|p2a: Transfem\n|-supereffective|p2a: Transfem\n|-damage|p2a: Transfem|50\/100\n|\n|upkeep\n|turn|6\n|\n|t:|1700473815\n|switch|p1a: Kingambit|Kingambit, F|100\/100\n|move|p2a: Transfem|Horn Leech|p1a: Kingambit\n|-resisted|p1a: Kingambit\n|-damage|p1a: Kingambit|86\/100\n|-heal|p2a: Transfem|60\/100|[from] drain|[of] p1a: Kingambit\n|\n|-heal|p1a: Kingambit|92\/100|[from] item: Leftovers\n|upkeep\n|turn|7\n|j| great treads 96\n|\n|t:|1700473829\n|move|p1a: Kingambit|Sucker Punch|p2a: Transfem\n|-damage|p2a: Transfem|9\/100\n|move|p2a: Transfem|Ivy Cudgel|p1a: Kingambit|[anim] Ivy Cudgel Water\n|-damage|p1a: Kingambit|46\/100\n|\n|-heal|p1a: Kingambit|52\/100|[from] item: Leftovers\n|upkeep\n|turn|8\n|\n|t:|1700473839\n|move|p2a: Transfem|Knock Off|p1a: Kingambit\n|-resisted|p1a: Kingambit\n|-damage|p1a: Kingambit|37\/100\n|-enditem|p1a: Kingambit|Leftovers|[from] move: Knock Off|[of] p2a: Transfem\n|move|p1a: Kingambit|Iron Head|p2a: Transfem\n|-resisted|p2a: Transfem\n|-damage|p2a: Transfem|0 fnt\n|faint|p2a: Transfem\n|\n|upkeep\n|\n|t:|1700473851\n|switch|p2a: Bigender|Iron Valiant|100\/100\n|-enditem|p2a: Bigender|Booster Energy\n|-activate|p2a: Bigender|ability: Quark Drive|[fromitem]\n|-start|p2a: Bigender|quarkdrivespe\n|turn|9\n|\n|t:|1700473858\n|-end|p1a: Kingambit|fallenundefined|[silent]\n|switch|p1a: Thundurus|Thundurus-Therian, M|100\/100\n|move|p2a: Bigender|Moonblast|p1a: Thundurus\n|-damage|p1a: Thundurus|39\/100\n|\n|upkeep\n|turn|10\n|\n|t:|1700473867\n|switch|p1a: Slowking|Slowking-Galar, F|74\/100\n|move|p2a: Bigender|Moonblast|p1a: Slowking\n|-resisted|p1a: Slowking\n|-damage|p1a: Slowking|61\/100\n|\n|upkeep\n|turn|11\n|\n|t:|1700473872\n|move|p2a: Bigender|Calm Mind|p2a: Bigender\n|-boost|p2a: Bigender|spa|1\n|-boost|p2a: Bigender|spd|1\n|move|p1a: Slowking|Future Sight|p2a: Bigender\n|-start|p1a: Slowking|move: Future Sight\n|\n|upkeep\n|turn|12\n|\n|t:|1700473877\n|move|p2a: Bigender|Thunderbolt|p1a: Slowking\n|-damage|p1a: Slowking|34\/100\n|move|p1a: Slowking|Sludge Bomb|p2a: Bigender\n|-supereffective|p2a: Bigender\n|-damage|p2a: Bigender|20\/100\n|\n|upkeep\n|turn|13\n|\n|t:|1700473887\n|switch|p1a: Thundurus|Thundurus-Therian, M|39\/100\n|move|p2a: Bigender|Destiny Bond|p2a: Bigender\n|-singlemove|p2a: Bigender|Destiny Bond\n|\n|-end|p2a: Bigender|move: Future Sight\n|-supereffective|p2a: Bigender\n|-damage|p2a: Bigender|0 fnt\n|faint|p2a: Bigender\n|-end|p2a: Bigender|Quark Drive|[silent]\n|upkeep\n|\n|t:|1700473894\n|switch|p2a: Twink|Ribombee, M|100\/100\n|turn|14\n|\n|t:|1700473897\n|move|p2a: Twink|Moonblast|p1a: Thundurus\n|-damage|p1a: Thundurus|0 fnt\n|faint|p1a: Thundurus\n|\n|upkeep\n|\n|t:|1700473901\n|switch|p1a: Great Tusk|Great Tusk|87\/100\n|turn|15\n|\n|t:|1700473907\n|-end|p1a: Great Tusk|Protosynthesis|[silent]\n|switch|p1a: Cinderace|Cinderace, F|100\/100\n|move|p2a: Twink|Stun Spore|p1a: Cinderace|[miss]\n|-miss|p2a: Twink|p1a: Cinderace\n|\n|upkeep\n|turn|16\n|\n|t:|1700473911\n|move|p2a: Twink|Stun Spore|p1a: Cinderace|[miss]\n|-miss|p2a: Twink|p1a: Cinderace\n|move|p1a: Cinderace|Pyro Ball|p2a: Twink\n|-supereffective|p2a: Twink\n|-enditem|p2a: Twink|Focus Sash\n|-damage|p2a: Twink|1\/100\n|\n|upkeep\n|turn|17\n|\n|t:|1700473914\n|move|p2a: Twink|Stun Spore|p1a: Cinderace\n|-status|p1a: Cinderace|par\n|move|p1a: Cinderace|U-turn|p2a: Twink\n|-start|p1a: Cinderace|typechange|Bug|[from] ability: Libero\n|-resisted|p2a: Twink\n|-damage|p2a: Twink|0 fnt\n|faint|p2a: Twink\n|\n|t:|1700473925\n|switch|p1a: Alomomola|Alomomola, F|64\/100|[from] U-turn\n|\n|upkeep\n|\n|t:|1700473929\n|switch|p2a: Raging Queer|Great Tusk|100\/100\n|turn|18\n|\n|t:|1700473935\n|move|p2a: Raging Queer|Bulk Up|p2a: Raging Queer\n|-boost|p2a: Raging Queer|atk|1\n|-boost|p2a: Raging Queer|def|1\n|move|p1a: Alomomola|Wish|p1a: Alomomola\n|\n|upkeep\n|turn|19\n|\n|t:|1700473942\n|move|p2a: Raging Queer|Knock Off|p1a: Alomomola\n|-damage|p1a: Alomomola|48\/100\n|move|p1a: Alomomola|Scald|p2a: Raging Queer\n|-supereffective|p2a: Raging Queer\n|-damage|p2a: Raging Queer|78\/100\n|\n|-heal|p1a: Alomomola|98\/100|[from] move: Wish|[wisher] Alomomola\n|upkeep\n|turn|20\n|\n|t:|1700473946\n|move|p2a: Raging Queer|Bulk Up|p2a: Raging Queer\n|-boost|p2a: Raging Queer|atk|1\n|-boost|p2a: Raging Queer|def|1\n|move|p1a: Alomomola|Scald|p2a: Raging Queer\n|-supereffective|p2a: Raging Queer\n|-damage|p2a: Raging Queer|55\/100\n|\n|upkeep\n|turn|21\n|\n|t:|1700473948\n|move|p2a: Raging Queer|Earthquake|p1a: Alomomola\n|-damage|p1a: Alomomola|46\/100\n|move|p1a: Alomomola|Scald|p2a: Raging Queer\n|-supereffective|p2a: Raging Queer\n|-damage|p2a: Raging Queer|35\/100\n|\n|upkeep\n|turn|22\n|\n|t:|1700473962\n|switch|p1a: Cinderace|Cinderace, F|100\/100 par\n|move|p2a: Raging Queer|Earthquake|p1a: Cinderace\n|-supereffective|p1a: Cinderace\n|-damage|p1a: Cinderace|0 fnt\n|faint|p1a: Cinderace\n|\n|upkeep\n|\n|t:|1700473965\n|switch|p1a: Alomomola|Alomomola, F|80\/100\n|turn|23\n|j|+Wildfiree\n|l|+Wildfiree\n|\n|t:|1700473979\n|move|p2a: Raging Queer|Earthquake|p1a: Alomomola\n|-damage|p1a: Alomomola|32\/100\n|move|p1a: Alomomola|Scald|p2a: Raging Queer\n|-supereffective|p2a: Raging Queer\n|-damage|p2a: Raging Queer|12\/100\n|\n|upkeep\n|turn|24\n|\n|t:|1700473992\n|-terastallize|p1a: Alomomola|Flying\n|move|p2a: Raging Queer|Earthquake|p1a: Alomomola\n|-immune|p1a: Alomomola\n|move|p1a: Alomomola|Flip Turn|p2a: Raging Queer\n|-supereffective|p2a: Raging Queer\n|-damage|p2a: Raging Queer|3\/100\n|\n|t:|1700473997\n|switch|p1a: Kingambit|Kingambit, F|37\/100|[from] Flip Turn\n|-activate|p1a: Kingambit|ability: Supreme Overlord\n|-start|p1a: Kingambit|fallen2|[silent]\n|\n|upkeep\n|turn|25\n|\n|t:|1700474007\n|move|p1a: Kingambit|Sucker Punch|p2a: Raging Queer\n|-resisted|p2a: Raging Queer\n|-damage|p2a: Raging Queer|0 fnt\n|faint|p2a: Raging Queer\n|-end|p2a: Raging Queer|Protosynthesis|[silent]\n|\n|upkeep\n|\n|t:|1700474009\n|switch|p2a: Defender of Trans|Zamazenta, shiny|100\/100\n|-ability|p2a: Defender of Trans|Dauntless Shield|boost\n|-boost|p2a: Defender of Trans|def|1\n|turn|26\n|\n|t:|1700474016\n|-end|p1a: Kingambit|fallen2|[silent]\n|switch|p1a: Slowking|Slowking-Galar, F|68\/100\n|move|p2a: Defender of Trans|Iron Defense|p2a: Defender of Trans\n|-boost|p2a: Defender of Trans|def|2\n|\n|upkeep\n|turn|27\n|\n|t:|1700474024\n|-terastallize|p2a: Defender of Trans|Fire\n|move|p2a: Defender of Trans|Crunch|p1a: Slowking\n|-supereffective|p1a: Slowking\n|-damage|p1a: Slowking|20\/100\n|move|p1a: Slowking|Future Sight|p2a: Defender of Trans\n|-start|p1a: Slowking|move: Future Sight\n|\n|upkeep\n|turn|28\n|l|\u2606EhrenApfel6.9\n|inactive|EhrenApfel6.9 disconnected and has a minute to reconnect!\n|player|p1|\n|l|\u2606Skaraptor2.1\n|inactive|Skaraptor2.1 disconnected and has a minute to reconnect!\n|player|p2|\n|j|\u2606EhrenApfel6.9\n|inactive|EhrenApfel6.9 reconnected and has 115 seconds left.\n|player|p1|EhrenApfel6.9|265\n|j|\u2606Skaraptor2.1\n|inactive|Skaraptor2.1 reconnected.\n|player|p2|Skaraptor2.1|bodybuilderf-gen9\n|\n|t:|1700474077\n|switch|p1a: Great Tusk|Great Tusk|87\/100\n|move|p2a: Defender of Trans|Crunch|p1a: Great Tusk\n|-resisted|p1a: Great Tusk\n|-damage|p1a: Great Tusk|79\/100\n|\n|upkeep\n|turn|29\n|\n|t:|1700474083\n|move|p2a: Defender of Trans|Iron Defense|p2a: Defender of Trans\n|-boost|p2a: Defender of Trans|def|2\n|move|p1a: Great Tusk|Stealth Rock|p2a: Defender of Trans\n|-sidestart|p2: Skaraptor2.1|move: Stealth Rock\n|\n|-end|p2a: Defender of Trans|move: Future Sight\n|-damage|p2a: Defender of Trans|68\/100\n|-heal|p2a: Defender of Trans|74\/100|[from] item: Leftovers\n|upkeep\n|turn|30\n|\n|t:|1700474087\n|move|p2a: Defender of Trans|Body Press|p1a: Great Tusk\n|-damage|p1a: Great Tusk|0 fnt\n|faint|p1a: Great Tusk\n|-end|p1a: Great Tusk|Protosynthesis|[silent]\n|\n|-heal|p2a: Defender of Trans|80\/100|[from] item: Leftovers\n|upkeep\n|\n|t:|1700474091\n|switch|p1a: Alomomola|Alomomola, F, tera:Flying|65\/100\n|turn|31\n|\n|t:|1700474094\n|move|p2a: Defender of Trans|Body Press|p1a: Alomomola\n|-resisted|p1a: Alomomola\n|-crit|p1a: Alomomola\n|-damage|p1a: Alomomola|7\/100\n|move|p1a: Alomomola|Scald|p2a: Defender of Trans\n|-supereffective|p2a: Defender of Trans\n|-damage|p2a: Defender of Trans|58\/100\n|\n|-heal|p2a: Defender of Trans|64\/100|[from] item: Leftovers\n|upkeep\n|turn|32\n|\n|t:|1700474100\n|switch|p1a: Slowking|Slowking-Galar, F|54\/100\n|move|p2a: Defender of Trans|Crunch|p1a: Slowking\n|-supereffective|p1a: Slowking\n|-damage|p1a: Slowking|9\/100\n|-unboost|p1a: Slowking|def|1\n|\n|-heal|p2a: Defender of Trans|71\/100|[from] item: Leftovers\n|upkeep\n|turn|33\n|\n|t:|1700474106\n|switch|p1a: Kingambit|Kingambit, F|37\/100\n|-activate|p1a: Kingambit|ability: Supreme Overlord\n|-start|p1a: Kingambit|fallen3|[silent]\n|move|p2a: Defender of Trans|Crunch|p1a: Kingambit\n|-resisted|p1a: Kingambit\n|-damage|p1a: Kingambit|29\/100\n|\n|-heal|p2a: Defender of Trans|77\/100|[from] item: Leftovers\n|upkeep\n|turn|34\n|\n|t:|1700474110\n|move|p2a: Defender of Trans|Body Press|p1a: Kingambit\n|-supereffective|p1a: Kingambit\n|-damage|p1a: Kingambit|0 fnt\n|faint|p1a: Kingambit\n|-end|p1a: Kingambit|fallen3|[silent]\n|\n|-heal|p2a: Defender of Trans|83\/100|[from] item: Leftovers\n|upkeep\n|\n|t:|1700474114\n|switch|p1a: Alomomola|Alomomola, F, tera:Flying|41\/100\n|turn|35\n|\n|t:|1700474118\n|move|p2a: Defender of Trans|Body Press|p1a: Alomomola\n|-resisted|p1a: Alomomola\n|-damage|p1a: Alomomola|3\/100\n|move|p1a: Alomomola|Scald|p2a: Defender of Trans\n|-supereffective|p2a: Defender of Trans\n|-damage|p2a: Defender of Trans|61\/100\n|\n|-heal|p2a: Defender of Trans|67\/100|[from] item: Leftovers\n|upkeep\n|turn|36\n|\n|t:|1700474125\n|switch|p1a: Slowking|Slowking-Galar, F|42\/100\n|move|p2a: Defender of Trans|Body Press|p1a: Slowking\n|-resisted|p1a: Slowking\n|-damage|p1a: Slowking|8\/100\n|\n|-heal|p2a: Defender of Trans|73\/100|[from] item: Leftovers\n|upkeep\n|turn|37\n|\n|t:|1700474138\n|move|p2a: Defender of Trans|Body Press|p1a: Slowking\n|-resisted|p1a: Slowking\n|-crit|p1a: Slowking\n|-damage|p1a: Slowking|0 fnt\n|faint|p1a: Slowking\n|\n|-heal|p2a: Defender of Trans|79\/100|[from] item: Leftovers\n|upkeep\n|-message|EhrenApfel6.9 forfeited.\n|\n|win|Skaraptor2.1\n|raw|EhrenApfel6.9's rating: 1311 &rarr; <strong>1288<\/strong><br \/>(-23 for losing)\n|raw|Skaraptor2.1's rating: 1258 &rarr; <strong>1287<\/strong><br \/>(+29 for winning)\n|l|\u2606EhrenApfel6.9\n","uploadtime":1700474142,"views":10,"p1id":"ehrenapfel69","p2id":"skaraptor21","formatid":"gen9ou","rating":1287,"private":0,"password":""}