{"id":"gen9ou-1991708951","p1":"trash_the_real","p2":"RepeatUntilTired3","format":"[Gen 9] OU","log":"|j|\u2606trash_the_real\n|j|\u2606RepeatUntilTired3\n|t:|1700105299\n|gametype|singles\n|player|p1|trash_the_real|interviewers|1378\n|player|p2|RepeatUntilTired3|marlon|1474\n|teamsize|p1|6\n|teamsize|p2|6\n|gen|9\n|tier|[Gen 9] OU\n|rated|\n|rule|Sleep Clause Mod: Limit one foe put to sleep\n|rule|Species Clause: Limit one of each Pok\u00e9mon\n|rule|OHKO Clause: OHKO moves are banned\n|rule|Evasion Items Clause: Evasion items are banned\n|rule|Evasion Moves Clause: Evasion moves are banned\n|rule|Endless Battle Clause: Forcing endless battles is banned\n|rule|HP Percentage Mod: HP is shown in percentages\n|clearpoke\n|poke|p1|Great Tusk|\n|poke|p1|Heatran, M|\n|poke|p1|Slowking-Galar, M|\n|poke|p1|Iron Valiant|\n|poke|p1|Thundurus-Therian, M|\n|poke|p1|Kingambit, M|\n|poke|p2|Basculegion, M|\n|poke|p2|Iron Treads|\n|poke|p2|Tornadus-Therian, M|\n|poke|p2|Pelipper, F|\n|poke|p2|Chesnaught, F|\n|poke|p2|Crawdaunt, M|\n|teampreview\n|inactive|Battle timer is ON: inactive players will automatically lose when time's up. (requested by RepeatUntilTired3)\n|\n|t:|1700105317\n|start\n|switch|p1a: that 5th guy|Thundurus-Therian, M|100\/100\n|switch|p2a: Chesnaught|Chesnaught, F|100\/100\n|turn|1\n|\n|t:|1700105331\n|move|p1a: that 5th guy|Volt Switch|p2a: Chesnaught\n|-resisted|p2a: Chesnaught\n|-damage|p2a: Chesnaught|60\/100\n|\n|t:|1700105336\n|switch|p1a: that 2nd guy|Heatran, M|100\/100|[from] Volt Switch\n|-item|p1a: that 2nd guy|Air Balloon\n|move|p2a: Chesnaught|Spikes|p1a: that 2nd guy\n|-sidestart|p1: trash_the_real|Spikes\n|\n|-heal|p2a: Chesnaught|67\/100|[from] item: Leftovers\n|upkeep\n|turn|2\n|\n|t:|1700105343\n|switch|p2a: Pelipper|Pelipper, F|100\/100\n|-weather|RainDance|[from] ability: Drizzle|[of] p2a: Pelipper\n|move|p1a: that 2nd guy|Stealth Rock|p2a: Pelipper\n|-sidestart|p2: RepeatUntilTired3|move: Stealth Rock\n|\n|-weather|RainDance|[upkeep]\n|upkeep\n|turn|3\n|\n|t:|1700105350\n|move|p1a: that 2nd guy|Magma Storm|p2a: Pelipper\n|-resisted|p2a: Pelipper\n|-damage|p2a: Pelipper|82\/100\n|-activate|p2a: Pelipper|move: Magma Storm|[of] p1a: that 2nd guy\n|move|p2a: Pelipper|U-turn|p1a: that 2nd guy\n|-resisted|p1a: that 2nd guy\n|-damage|p1a: that 2nd guy|98\/100\n|-enditem|p1a: that 2nd guy|Air Balloon\n|\n|t:|1700105371\n|switch|p2a: Tornadus|Tornadus-Therian, M|100\/100|[from] U-turn\n|-damage|p2a: Tornadus|76\/100|[from] Stealth Rock\n|\n|-weather|RainDance|[upkeep]\n|upkeep\n|turn|4\n|\n|t:|1700105386\n|-terastallize|p2a: Tornadus|Water\n|move|p2a: Tornadus|Weather Ball|p1a: that 2nd guy\n|-supereffective|p1a: that 2nd guy\n|-damage|p1a: that 2nd guy|0 fnt\n|faint|p1a: that 2nd guy\n|\n|-weather|RainDance|[upkeep]\n|upkeep\n|\n|t:|1700105396\n|switch|p1a: that 5th guy|Thundurus-Therian, M|100\/100\n|turn|5\n|\n|t:|1700105399\n|move|p2a: Tornadus|Weather Ball|p1a: that 5th guy\n|-damage|p1a: that 5th guy|0 fnt\n|faint|p1a: that 5th guy\n|\n|-weather|RainDance|[upkeep]\n|upkeep\n|\n|t:|1700105418\n|switch|p1a: that 3rd guy|Slowking-Galar, M|100\/100\n|-damage|p1a: that 3rd guy|88\/100|[from] Spikes\n|turn|6\n|\n|t:|1700105427\n|move|p2a: Tornadus|Weather Ball|p1a: that 3rd guy\n|-damage|p1a: that 3rd guy|44\/100\n|move|p1a: that 3rd guy|Sludge Bomb|p2a: Tornadus\n|-damage|p2a: Tornadus|26\/100\n|\n|-weather|RainDance|[upkeep]\n|upkeep\n|turn|7\n|\n|t:|1700105436\n|move|p2a: Tornadus|Weather Ball|p1a: that 3rd guy\n|-damage|p1a: that 3rd guy|2\/100\n|move|p1a: that 3rd guy|Sludge Bomb|p2a: Tornadus\n|-damage|p2a: Tornadus|0 fnt\n|faint|p2a: Tornadus\n|\n|-weather|RainDance|[upkeep]\n|upkeep\n|\n|t:|1700105457\n|switch|p2a: Basculegion|Basculegion, M|100\/100\n|-damage|p2a: Basculegion|88\/100|[from] Stealth Rock\n|turn|8\n|\n|t:|1700105463\n|move|p2a: Basculegion|Flip Turn|p1a: that 3rd guy\n|-damage|p1a: that 3rd guy|0 fnt\n|faint|p1a: that 3rd guy\n|\n|t:|1700105473\n|switch|p2a: Chesnaught|Chesnaught, F|67\/100|[from] Flip Turn\n|-damage|p2a: Chesnaught|60\/100|[from] Stealth Rock\n|\n|-weather|RainDance|[upkeep]\n|-heal|p2a: Chesnaught|67\/100|[from] item: Leftovers\n|upkeep\n|\n|t:|1700105477\n|switch|p1a: that 4th guy|Iron Valiant|100\/100\n|-damage|p1a: that 4th guy|88\/100|[from] Spikes\n|-enditem|p1a: that 4th guy|Booster Energy\n|-activate|p1a: that 4th guy|ability: Quark Drive|[fromitem]\n|-start|p1a: that 4th guy|quarkdrivespe\n|turn|9\n|\n|t:|1700105486\n|switch|p2a: Iron Treads|Iron Treads|100\/100\n|move|p1a: that 4th guy|Moonblast|p2a: Iron Treads\n|-resisted|p2a: Iron Treads\n|-damage|p2a: Iron Treads|83\/100\n|\n|-weather|none\n|upkeep\n|turn|10\n|\n|t:|1700105499\n|move|p1a: that 4th guy|Close Combat|p2a: Iron Treads\n|-supereffective|p2a: Iron Treads\n|-damage|p2a: Iron Treads|14\/100\n|-unboost|p1a: that 4th guy|def|1\n|-unboost|p1a: that 4th guy|spd|1\n|move|p2a: Iron Treads|Stealth Rock|p1a: that 4th guy\n|-sidestart|p1: trash_the_real|move: Stealth Rock\n|\n|upkeep\n|turn|11\n|\n|t:|1700105510\n|-end|p2a: Iron Treads|Quark Drive|[silent]\n|switch|p2a: Pelipper|Pelipper, F|82\/100\n|-damage|p2a: Pelipper|57\/100|[from] Stealth Rock\n|-weather|RainDance|[from] ability: Drizzle|[of] p2a: Pelipper\n|move|p1a: that 4th guy|Knock Off|p2a: Pelipper\n|-damage|p2a: Pelipper|39\/100\n|-enditem|p2a: Pelipper|Damp Rock|[from] move: Knock Off|[of] p1a: that 4th guy\n|\n|-weather|RainDance|[upkeep]\n|upkeep\n|turn|12\n|\n|t:|1700105521\n|switch|p2a: Iron Treads|Iron Treads|14\/100\n|move|p1a: that 4th guy|Moonblast|p2a: Iron Treads\n|-resisted|p2a: Iron Treads\n|-damage|p2a: Iron Treads|0 fnt\n|faint|p2a: Iron Treads\n|-end|p2a: Iron Treads|Quark Drive|[silent]\n|\n|-weather|RainDance|[upkeep]\n|upkeep\n|\n|t:|1700105530\n|switch|p2a: Basculegion|Basculegion, M|88\/100\n|-damage|p2a: Basculegion|76\/100|[from] Stealth Rock\n|turn|13\n|\n|t:|1700105546\n|move|p2a: Basculegion|Flip Turn|p1a: that 4th guy\n|-damage|p1a: that 4th guy|0 fnt\n|faint|p1a: that 4th guy\n|-end|p1a: that 4th guy|Quark Drive|[silent]\n|\n|t:|1700105550\n|switch|p2a: Chesnaught|Chesnaught, F|67\/100|[from] Flip Turn\n|-damage|p2a: Chesnaught|60\/100|[from] Stealth Rock\n|\n|-weather|RainDance|[upkeep]\n|-heal|p2a: Chesnaught|67\/100|[from] item: Leftovers\n|upkeep\n|\n|t:|1700105558\n|switch|p1a: that guy|Great Tusk|100\/100\n|-damage|p1a: that guy|88\/100|[from] Spikes\n|-damage|p1a: that guy|85\/100|[from] Stealth Rock\n|turn|14\n|\n|t:|1700105563\n|move|p1a: that guy|Rapid Spin|p2a: Chesnaught\n|-damage|p2a: Chesnaught|56\/100\n|-boost|p1a: that guy|spe|1\n|-sideend|p1: trash_the_real|Spikes|[from] move: Rapid Spin|[of] p1a: that guy\n|-sideend|p1: trash_the_real|Stealth Rock|[from] move: Rapid Spin|[of] p1a: that guy\n|move|p2a: Chesnaught|Iron Defense|p2a: Chesnaught\n|-boost|p2a: Chesnaught|def|2\n|\n|-weather|RainDance|[upkeep]\n|-heal|p1a: that guy|91\/100|[from] item: Leftovers\n|-heal|p2a: Chesnaught|62\/100|[from] item: Leftovers\n|upkeep\n|turn|15\n|\n|t:|1700105572\n|move|p1a: that guy|Ice Spinner|p2a: Chesnaught\n|-supereffective|p2a: Chesnaught\n|-damage|p2a: Chesnaught|43\/100\n|move|p2a: Chesnaught|Iron Defense|p2a: Chesnaught\n|-boost|p2a: Chesnaught|def|2\n|\n|-weather|RainDance|[upkeep]\n|-heal|p1a: that guy|98\/100|[from] item: Leftovers\n|-heal|p2a: Chesnaught|49\/100|[from] item: Leftovers\n|upkeep\n|turn|16\n|\n|t:|1700105582\n|move|p1a: that guy|Knock Off|p2a: Chesnaught\n|-resisted|p2a: Chesnaught\n|-damage|p2a: Chesnaught|46\/100\n|-enditem|p2a: Chesnaught|Leftovers|[from] move: Knock Off|[of] p1a: that guy\n|move|p2a: Chesnaught|Body Press|p1a: that guy\n|-damage|p1a: that guy|0 fnt\n|faint|p1a: that guy\n|-end|p1a: that guy|Protosynthesis|[silent]\n|\n|-weather|RainDance|[upkeep]\n|upkeep\n|\n|t:|1700105585\n|switch|p1a: that last guy|Kingambit, M|100\/100\n|-activate|p1a: that last guy|ability: Supreme Overlord\n|-start|p1a: that last guy|fallen5|[silent]\n|turn|17\n|\n|t:|1700105596\n|-terastallize|p1a: that last guy|Flying\n|move|p2a: Chesnaught|Body Press|p1a: that last guy\n|-resisted|p1a: that last guy\n|-damage|p1a: that last guy|52\/100\n|move|p1a: that last guy|Kowtow Cleave|p2a: Chesnaught\n|-resisted|p2a: Chesnaught\n|-damage|p2a: Chesnaught|36\/100\n|\n|-weather|RainDance|[upkeep]\n|upkeep\n|turn|18\n|-message|trash_the_real forfeited.\n|\n|win|RepeatUntilTired3\n|raw|trash_the_real's rating: 1378 &rarr; <strong>1363<\/strong><br \/>(-15 for losing)\n|raw|RepeatUntilTired3's rating: 1474 &rarr; <strong>1489<\/strong><br \/>(+15 for winning)\n|l|\u2606trash_the_real\n|c|\u2606RepeatUntilTired3|lmaooooooooo\n","uploadtime":1700105650,"views":52,"p1id":"trashthereal","p2id":"repeatuntiltired3","formatid":"gen9ou","rating":1363,"private":0,"password":""}