{"id":"gen9ou-1989040102","p1":"vageta333333","p2":"OUFC Zam","format":"[Gen 9] OU","log":"|j|\u2606vageta333333\n|j|\u2606OUFC Zam\n|t:|1699805430\n|gametype|singles\n|player|p1|vageta333333|265|1748\n|player|p2|OUFC Zam|palmer|1812\n|teamsize|p1|6\n|teamsize|p2|6\n|gen|9\n|tier|[Gen 9] OU\n|rated|\n|rule|Sleep Clause Mod: Limit one foe put to sleep\n|rule|Species Clause: Limit one of each Pok\u00e9mon\n|rule|OHKO Clause: OHKO moves are banned\n|rule|Evasion Items Clause: Evasion items are banned\n|rule|Evasion Moves Clause: Evasion moves are banned\n|rule|Endless Battle Clause: Forcing endless battles is banned\n|rule|HP Percentage Mod: HP is shown in percentages\n|clearpoke\n|poke|p1|Zapdos-Galar|\n|poke|p1|Iron Hands|\n|poke|p1|Volcanion|\n|poke|p1|Dondozo, M|\n|poke|p1|Ursaluna, M|\n|poke|p1|Garganacl, M|\n|poke|p2|Zamazenta-*|\n|poke|p2|Ting-Lu|\n|poke|p2|Moltres|\n|poke|p2|Gholdengo|\n|poke|p2|Clefable, M|\n|poke|p2|Ogerpon-Wellspring, F|\n|teampreview\n|inactive|Battle timer is ON: inactive players will automatically lose when time's up. (requested by OUFC Zam)\n|inactive|vageta333333 also wants the timer to be on.\n|\n|t:|1699805443\n|start\n|switch|p1a: Volcanion|Volcanion|100\/100\n|switch|p2a: Ogerpon|Ogerpon-Wellspring, F|100\/100\n|turn|1\n|j| PantyPhantom\n|inactive|OUFC Zam has 120 seconds left.\n|\n|t:|1699805473\n|-terastallize|p2a: Ogerpon|Water\n|detailschange|p2a: Ogerpon|Ogerpon-Wellspring-Tera, F, tera:Water\n|-ability|p2a: Ogerpon|Embody Aspect (Wellspring)|boost\n|-boost|p2a: Ogerpon|spd|1\n|move|p2a: Ogerpon|Horn Leech|p1a: Volcanion\n|-damage|p1a: Volcanion|63\/100\n|move|p1a: Volcanion|Flamethrower|p2a: Ogerpon\n|-resisted|p2a: Ogerpon\n|-damage|p2a: Ogerpon|69\/100\n|\n|upkeep\n|turn|2\n|\n|t:|1699805485\n|switch|p1a: Dondozo|Dondozo, M|100\/100\n|move|p2a: Ogerpon|Horn Leech|p1a: Dondozo\n|-supereffective|p1a: Dondozo\n|-damage|p1a: Dondozo|61\/100\n|-heal|p2a: Ogerpon|100\/100|[from] drain|[of] p1a: Dondozo\n|\n|-heal|p1a: Dondozo|67\/100|[from] item: Leftovers\n|upkeep\n|turn|3\n|\n|t:|1699805496\n|switch|p1a: Iron Hands|Iron Hands|100\/100\n|move|p2a: Ogerpon|U-turn|p1a: Iron Hands\n|-resisted|p1a: Iron Hands\n|-crit|p1a: Iron Hands\n|-damage|p1a: Iron Hands|92\/100\n|-damage|p2a: Ogerpon|84\/100|[from] item: Rocky Helmet|[of] p1a: Iron Hands\n|inactive|OUFC Zam has 120 seconds left.\n|\n|t:|1699805513\n|switch|p2a: Clefable|Clefable, M|100\/100|[from] U-turn\n|\n|upkeep\n|turn|4\n|inactive|OUFC Zam has 120 seconds left.\n|\n|t:|1699805522\n|-end|p1a: Iron Hands|Quark Drive|[silent]\n|switch|p1a: Ursaluna|Ursaluna, M, shiny|100\/100\n|move|p2a: Clefable|Knock Off|p1a: Ursaluna\n|-damage|p1a: Ursaluna|90\/100\n|-enditem|p1a: Ursaluna|Flame Orb|[from] move: Knock Off|[of] p2a: Clefable\n|\n|upkeep\n|turn|5\n|\n|t:|1699805528\n|move|p2a: Clefable|Stealth Rock|p1a: Ursaluna\n|-sidestart|p1: vageta333333|move: Stealth Rock\n|move|p1a: Ursaluna|Bulk Up|p1a: Ursaluna\n|-boost|p1a: Ursaluna|atk|1\n|-boost|p1a: Ursaluna|def|1\n|\n|upkeep\n|turn|6\n|\n|t:|1699805540\n|switch|p2a: Ting-Lu|Ting-Lu|100\/100\n|-ability|p2a: Ting-Lu|Vessel of Ruin\n|move|p1a: Ursaluna|Facade|p2a: Ting-Lu\n|-damage|p2a: Ting-Lu|65\/100\n|\n|-heal|p2a: Ting-Lu|72\/100|[from] item: Leftovers\n|upkeep\n|turn|7\n|\n|t:|1699805549\n|move|p1a: Ursaluna|Earthquake|p2a: Ting-Lu\n|-damage|p2a: Ting-Lu|25\/100\n|move|p2a: Ting-Lu|Ruination|p1a: Ursaluna\n|-damage|p1a: Ursaluna|45\/100\n|\n|-heal|p2a: Ting-Lu|31\/100|[from] item: Leftovers\n|upkeep\n|turn|8\n|\n|t:|1699805572\n|switch|p2a: Zamazenta|Zamazenta|100\/100\n|-ability|p2a: Zamazenta|Dauntless Shield|boost\n|-boost|p2a: Zamazenta|def|1\n|move|p1a: Ursaluna|Earthquake|p2a: Zamazenta\n|-damage|p2a: Zamazenta|39\/100\n|\n|upkeep\n|turn|9\n|\n|t:|1699805579\n|move|p2a: Zamazenta|Close Combat|p1a: Ursaluna\n|-supereffective|p1a: Ursaluna\n|-damage|p1a: Ursaluna|0 fnt\n|-unboost|p2a: Zamazenta|def|1\n|-unboost|p2a: Zamazenta|spd|1\n|faint|p1a: Ursaluna\n|\n|upkeep\n|\n|t:|1699805589\n|switch|p1a: Zapdos|Zapdos-Galar|100\/100\n|-damage|p1a: Zapdos|88\/100|[from] Stealth Rock\n|turn|10\n|\n|t:|1699805610\n|switch|p2a: Moltres|Moltres|100\/100\n|switch|p1a: Garganacl|Garganacl, M|100\/100\n|-damage|p1a: Garganacl|88\/100|[from] Stealth Rock\n|\n|-heal|p1a: Garganacl|94\/100|[from] item: Leftovers\n|upkeep\n|turn|11\n|j| Loculaa\n|\n|t:|1699805618\n|move|p2a: Moltres|U-turn|p1a: Garganacl\n|-damage|p1a: Garganacl|85\/100\n|\n|t:|1699805624\n|switch|p2a: Ting-Lu|Ting-Lu|31\/100|[from] U-turn\n|-ability|p2a: Ting-Lu|Vessel of Ruin\n|move|p1a: Garganacl|Salt Cure|p2a: Ting-Lu\n|-resisted|p2a: Ting-Lu\n|-damage|p2a: Ting-Lu|27\/100\n|-start|p2a: Ting-Lu|Salt Cure\n|\n|-heal|p2a: Ting-Lu|33\/100|[from] item: Leftovers\n|-heal|p1a: Garganacl|91\/100|[from] item: Leftovers\n|-damage|p2a: Ting-Lu|21\/100|[from] Salt Cure\n|upkeep\n|turn|12\n|\n|t:|1699805635\n|move|p2a: Ting-Lu|Spikes|p1a: Garganacl\n|-sidestart|p1: vageta333333|Spikes\n|move|p1a: Garganacl|Curse|p1a: Garganacl\n|-unboost|p1a: Garganacl|spe|1\n|-boost|p1a: Garganacl|atk|1\n|-boost|p1a: Garganacl|def|1\n|\n|-heal|p2a: Ting-Lu|27\/100|[from] item: Leftovers\n|-heal|p1a: Garganacl|97\/100|[from] item: Leftovers\n|-damage|p2a: Ting-Lu|15\/100|[from] Salt Cure\n|upkeep\n|turn|13\n|\n|t:|1699805649\n|move|p2a: Ting-Lu|Ruination|p1a: Garganacl\n|-damage|p1a: Garganacl|49\/100\n|move|p1a: Garganacl|Earthquake|p2a: Ting-Lu\n|-damage|p2a: Ting-Lu|0 fnt\n|faint|p2a: Ting-Lu\n|\n|-heal|p1a: Garganacl|55\/100|[from] item: Leftovers\n|upkeep\n|inactive|OUFC Zam has 120 seconds left.\n|\n|t:|1699805675\n|switch|p2a: Gholdengo|Gholdengo|100\/100\n|turn|14\n|j| illes\n|\n|t:|1699805681\n|move|p2a: Gholdengo|Make It Rain|p1a: Garganacl\n|-supereffective|p1a: Garganacl\n|-damage|p1a: Garganacl|0 fnt\n|-unboost|p2a: Gholdengo|spa|1\n|faint|p1a: Garganacl\n|\n|upkeep\n|\n|t:|1699805694\n|switch|p1a: Volcanion|Volcanion|63\/100\n|-damage|p1a: Volcanion|38\/100|[from] Stealth Rock\n|-damage|p1a: Volcanion|26\/100|[from] Spikes\n|turn|15\n|inactive|OUFC Zam has 120 seconds left.\n|l| PantyPhantom\n|\n|t:|1699805743\n|switch|p2a: Ogerpon|Ogerpon-Wellspring-Tera, F, tera:Water|84\/100\n|-ability|p2a: Ogerpon|Embody Aspect (Wellspring)|boost\n|-boost|p2a: Ogerpon|spd|1\n|move|p1a: Volcanion|Steam Eruption|p2a: Ogerpon\n|-resisted|p2a: Ogerpon\n|-damage|p2a: Ogerpon|44\/100\n|\n|upkeep\n|turn|16\n|\n|t:|1699805751\n|move|p2a: Ogerpon|Horn Leech|p1a: Volcanion\n|-crit|p1a: Volcanion\n|-damage|p1a: Volcanion|0 fnt\n|-heal|p2a: Ogerpon|59\/100|[from] drain|[of] p1a: Volcanion\n|faint|p1a: Volcanion\n|\n|upkeep\n|\n|t:|1699805760\n|switch|p1a: Dondozo|Dondozo, M|67\/100\n|-damage|p1a: Dondozo|54\/100|[from] Stealth Rock\n|-damage|p1a: Dondozo|42\/100|[from] Spikes\n|turn|17\n|\n|t:|1699805766\n|move|p2a: Ogerpon|Horn Leech|p1a: Dondozo\n|-supereffective|p1a: Dondozo\n|-crit|p1a: Dondozo\n|-damage|p1a: Dondozo|0 fnt\n|-heal|p2a: Ogerpon|94\/100|[from] drain|[of] p1a: Dondozo\n|faint|p1a: Dondozo\n|\n|upkeep\n|l| Loculaa\n|l|\u2606vageta333333\n|inactive|vageta333333 disconnected and has a minute to reconnect!\n|player|p1|\n|j| Loculaa\n|l| Loculaa\n|inactive|vageta333333 has 30 seconds to reconnect!\n|inactive|vageta333333 has 20 seconds to reconnect!\n|j| PantyPhantom\n|inactive|vageta333333 has 15 seconds to reconnect!\n|l| PantyPhantom\n|inactive|vageta333333 has 10 seconds to reconnect!\n|inactive|vageta333333 has 5 seconds to reconnect!\n|-message|vageta333333 lost due to inactivity.\n|\n|win|OUFC Zam\n|raw|vageta333333's rating: 1748 &rarr; <strong>1732<\/strong><br \/>(-16 for losing)\n|raw|OUFC Zam's rating: 1812 &rarr; <strong>1828<\/strong><br \/>(+16 for winning)\n|l|\u2606OUFC Zam\n","uploadtime":1699805881,"views":16,"p1id":"vageta333333","p2id":"oufczam","formatid":"gen9ou","rating":1732,"private":0,"password":""}