{"id":"gen9ou-1999794715","p1":"In Class May Afk","p2":"OneASpicyMeatball","format":"[Gen 9] OU","log":"|j|\u2606In Class May Afk\n|j|\u2606OneASpicyMeatball\n|t:|1701117342\n|gametype|singles\n|player|p1|In Class May Afk|266|1409\n|player|p2|OneASpicyMeatball|wallace|1482\n|teamsize|p1|6\n|teamsize|p2|6\n|gen|9\n|tier|[Gen 9] OU\n|rated|\n|rule|Sleep Clause Mod: Limit one foe put to sleep\n|rule|Species Clause: Limit one of each Pok\u00e9mon\n|rule|OHKO Clause: OHKO moves are banned\n|rule|Evasion Items Clause: Evasion items are banned\n|rule|Evasion Moves Clause: Evasion moves are banned\n|rule|Endless Battle Clause: Forcing endless battles is banned\n|rule|HP Percentage Mod: HP is shown in percentages\n|clearpoke\n|poke|p1|Rillaboom, F|\n|poke|p1|Torterra, M|\n|poke|p1|Heatran, F|\n|poke|p1|Zapdos|\n|poke|p1|Great Tusk|\n|poke|p1|Dragapult, M|\n|poke|p2|Zapdos|\n|poke|p2|Glimmora, F|\n|poke|p2|Dragapult, M|\n|poke|p2|Kingambit, F|\n|poke|p2|Cinderace, F|\n|poke|p2|Quaquaval, F|\n|teampreview\n|\n|t:|1701117358\n|start\n|switch|p1a: Dragapult|Dragapult, M|100\/100\n|switch|p2a: Glimmora|Glimmora, F, shiny|100\/100\n|turn|1\n|\n|t:|1701117375\n|move|p1a: Dragapult|Shadow Ball|p2a: Glimmora\n|-damage|p2a: Glimmora|35\/100\n|-unboost|p2a: Glimmora|spd|1\n|move|p2a: Glimmora|Power Gem|p1a: Dragapult\n|-damage|p1a: Dragapult|17\/100\n|\n|upkeep\n|turn|2\n|\n|t:|1701117389\n|move|p1a: Dragapult|Shadow Ball|p2a: Glimmora\n|-damage|p2a: Glimmora|0 fnt\n|faint|p2a: Glimmora\n|\n|upkeep\n|\n|t:|1701117396\n|switch|p2a: Quaquaval|Quaquaval, F, shiny|100\/100\n|turn|3\n|\n|t:|1701117402\n|move|p2a: Quaquaval|Ice Spinner|p1a: Dragapult\n|-supereffective|p1a: Dragapult\n|-damage|p1a: Dragapult|0 fnt\n|faint|p1a: Dragapult\n|-ability|p2a: Quaquaval|Moxie|boost\n|-boost|p2a: Quaquaval|atk|1\n|\n|upkeep\n|\n|t:|1701117409\n|switch|p1a: Heatran|Heatran, F|100\/100\n|turn|4\n|\n|t:|1701117438\n|switch|p2a: Cinderace|Cinderace, F|100\/100\n|move|p1a: Heatran|Stealth Rock|p2a: Cinderace\n|-sidestart|p2: OneASpicyMeatball|move: Stealth Rock\n|\n|upkeep\n|turn|5\n|\n|t:|1701117440\n|move|p2a: Cinderace|Court Change|p2a: Cinderace\n|-start|p2a: Cinderace|typechange|Normal|[from] ability: Libero\n|-swapsideconditions\n|-activate|p2a: Cinderace|move: Court Change\n|move|p1a: Heatran|Earth Power|p2a: Cinderace\n|-crit|p2a: Cinderace\n|-damage|p2a: Cinderace|44\/100\n|\n|upkeep\n|turn|6\n|\n|t:|1701117445\n|move|p2a: Cinderace|High Jump Kick|p1a: Heatran\n|-supereffective|p1a: Heatran\n|-damage|p1a: Heatran|35\/100\n|move|p1a: Heatran|Stealth Rock|p2a: Cinderace\n|-sidestart|p2: OneASpicyMeatball|move: Stealth Rock\n|\n|-heal|p1a: Heatran|41\/100|[from] item: Leftovers\n|upkeep\n|turn|7\n|\n|t:|1701117450\n|switch|p1a: Rillaboom|Rillaboom, F|100\/100\n|-damage|p1a: Rillaboom|88\/100|[from] Stealth Rock\n|-fieldstart|move: Grassy Terrain|[from] ability: Grassy Surge|[of] p1a: Rillaboom\n|move|p2a: Cinderace|High Jump Kick|p1a: Rillaboom\n|-crit|p1a: Rillaboom\n|-damage|p1a: Rillaboom|25\/100\n|\n|-heal|p2a: Cinderace|50\/100|[from] Grassy Terrain\n|-heal|p1a: Rillaboom|31\/100|[from] Grassy Terrain\n|upkeep\n|turn|8\n|\n|t:|1701117453\n|move|p1a: Rillaboom|Grassy Glide|p2a: Cinderace\n|-damage|p2a: Cinderace|0 fnt\n|faint|p2a: Cinderace\n|\n|-heal|p1a: Rillaboom|37\/100|[from] Grassy Terrain\n|upkeep\n|\n|t:|1701117456\n|switch|p2a: Zapdos|Zapdos|100\/100\n|turn|9\n|\n|t:|1701117460\n|switch|p1a: Zapdos|Zapdos|100\/100\n|move|p2a: Zapdos|Thunderbolt|p1a: Zapdos\n|-damage|p1a: Zapdos|73\/100\n|\n|upkeep\n|turn|10\n|\n|t:|1701117464\n|move|p2a: Zapdos|U-turn|p1a: Zapdos\n|-resisted|p1a: Zapdos\n|-damage|p1a: Zapdos|67\/100\n|\n|t:|1701117467\n|switch|p2a: Dragapult|Dragapult, M, shiny|100\/100|[from] U-turn\n|move|p1a: Zapdos|Volt Switch|p2a: Dragapult\n|-resisted|p2a: Dragapult\n|-crit|p2a: Dragapult\n|-damage|p2a: Dragapult|76\/100\n|\n|t:|1701117477\n|switch|p1a: Torterra|Torterra, M|100\/100|[from] Volt Switch\n|-damage|p1a: Torterra|94\/100|[from] Stealth Rock\n|\n|-heal|p2a: Dragapult|82\/100|[from] Grassy Terrain\n|-heal|p1a: Torterra|100\/100|[from] Grassy Terrain\n|upkeep\n|turn|11\n|\n|t:|1701117488\n|move|p2a: Dragapult|Will-O-Wisp|p1a: Torterra|[miss]\n|-miss|p2a: Dragapult|p1a: Torterra\n|move|p1a: Torterra|Shell Smash|p1a: Torterra\n|-unboost|p1a: Torterra|def|1\n|-unboost|p1a: Torterra|spd|1\n|-boost|p1a: Torterra|atk|2\n|-boost|p1a: Torterra|spa|2\n|-boost|p1a: Torterra|spe|2\n|\n|-heal|p2a: Dragapult|88\/100|[from] Grassy Terrain\n|upkeep\n|turn|12\n|\n|t:|1701117490\n|move|p1a: Torterra|Headlong Rush|p2a: Dragapult\n|-damage|p2a: Dragapult|0 fnt\n|-unboost|p1a: Torterra|def|1\n|-unboost|p1a: Torterra|spd|1\n|faint|p2a: Dragapult\n|\n|upkeep\n|\n|t:|1701117497\n|switch|p2a: Quaquaval|Quaquaval, F, shiny|100\/100\n|-damage|p2a: Quaquaval|94\/100|[from] Stealth Rock\n|turn|13\n|\n|t:|1701117498\n|move|p1a: Torterra|Grassy Glide|p2a: Quaquaval\n|-supereffective|p2a: Quaquaval\n|-damage|p2a: Quaquaval|0 fnt\n|faint|p2a: Quaquaval\n|\n|upkeep\n|\n|t:|1701117505\n|switch|p2a: Zapdos|Zapdos|100\/100\n|turn|14\n|\n|t:|1701117507\n|move|p1a: Torterra|Stone Edge|p2a: Zapdos\n|-supereffective|p2a: Zapdos\n|-damage|p2a: Zapdos|0 fnt\n|faint|p2a: Zapdos\n|\n|-fieldend|move: Grassy Terrain\n|upkeep\n|\n|t:|1701117511\n|switch|p2a: Kingambit|Kingambit, F, shiny|100\/100\n|-damage|p2a: Kingambit|94\/100|[from] Stealth Rock\n|-activate|p2a: Kingambit|ability: Supreme Overlord\n|-start|p2a: Kingambit|fallen5|[silent]\n|turn|15\n|\n|t:|1701117516\n|-terastallize|p2a: Kingambit|Ghost\n|move|p1a: Torterra|Headlong Rush|p2a: Kingambit\n|-damage|p2a: Kingambit|0 fnt\n|-unboost|p1a: Torterra|def|1\n|-unboost|p1a: Torterra|spd|1\n|faint|p2a: Kingambit\n|-end|p2a: Kingambit|fallen5|[silent]\n|\n|win|In Class May Afk\n|raw|In Class May Afk's rating: 1409 &rarr; <strong>1433<\/strong><br \/>(+24 for winning)\n|raw|OneASpicyMeatball's rating: 1482 &rarr; <strong>1458<\/strong><br \/>(-24 for losing)\n|l|\u2606OneASpicyMeatball\n","uploadtime":1701117527,"views":9,"p1id":"inclassmayafk","p2id":"oneaspicymeatball","formatid":"gen9ou","rating":1433,"private":0,"password":""}