{"id":"gen9ou-1994884038","p1":"nocapdos","p2":"JabobFrog2","format":"[Gen 9] OU","log":"|j|\u2606nocapdos\n|j|\u2606JabobFrog2\n|t:|1700501525\n|gametype|singles\n|player|p1|nocapdos|265|1128\n|player|p2|JabobFrog2|blackbelt|1069\n|teamsize|p1|6\n|teamsize|p2|6\n|gen|9\n|tier|[Gen 9] OU\n|rated|\n|rule|Sleep Clause Mod: Limit one foe put to sleep\n|rule|Species Clause: Limit one of each Pok\u00e9mon\n|rule|OHKO Clause: OHKO moves are banned\n|rule|Evasion Items Clause: Evasion items are banned\n|rule|Evasion Moves Clause: Evasion moves are banned\n|rule|Endless Battle Clause: Forcing endless battles is banned\n|rule|HP Percentage Mod: HP is shown in percentages\n|clearpoke\n|poke|p1|Dragapult, M|\n|poke|p1|Thundurus, M|\n|poke|p1|Corviknight, F|\n|poke|p1|Blissey, F|\n|poke|p1|Great Tusk|\n|poke|p1|Rotom-Wash|\n|poke|p2|Hawlucha, F|\n|poke|p2|Rillaboom, M|\n|poke|p2|Ribombee, F|\n|poke|p2|Dragapult, F|\n|poke|p2|Kingambit, M|\n|poke|p2|Maushold|\n|teampreview\n|inactive|Battle timer is ON: inactive players will automatically lose when time's up. (requested by nocapdos)\n|\n|t:|1700501545\n|start\n|switch|p1a: Great Tusk|Great Tusk|100\/100\n|switch|p2a: Ribombee|Ribombee, F|100\/100\n|turn|1\n|\n|t:|1700501557\n|move|p2a: Ribombee|Moonblast|p1a: Great Tusk\n|-supereffective|p1a: Great Tusk\n|-damage|p1a: Great Tusk|0 fnt\n|faint|p1a: Great Tusk\n|-end|p1a: Great Tusk|Protosynthesis|[silent]\n|\n|upkeep\n|\n|t:|1700501561\n|switch|p1a: Thundurus|Thundurus, M|100\/100\n|turn|2\n|\n|t:|1700501566\n|move|p1a: Thundurus|Taunt|p2a: Ribombee\n|-start|p2a: Ribombee|move: Taunt\n|cant|p2a: Ribombee|move: Taunt|Sticky Web\n|\n|upkeep\n|turn|3\n|\n|t:|1700501571\n|move|p1a: Thundurus|Thunder Wave|p2a: Ribombee|[miss]\n|-miss|p1a: Thundurus|p2a: Ribombee\n|move|p2a: Ribombee|Moonblast|p1a: Thundurus\n|-damage|p1a: Thundurus|50\/100\n|\n|upkeep\n|turn|4\n|\n|t:|1700501577\n|move|p2a: Ribombee|Moonblast|p1a: Thundurus\n|-damage|p1a: Thundurus|0 fnt\n|faint|p1a: Thundurus\n|\n|-end|p2a: Ribombee|move: Taunt\n|upkeep\n|\n|t:|1700501588\n|switch|p1a: Rotom|Rotom-Wash|100\/100\n|turn|5\n|\n|t:|1700501593\n|move|p1a: Rotom|Trick|p2a: Ribombee\n|-activate|p1a: Rotom|move: Trick|[of] p2a: Ribombee\n|-item|p2a: Ribombee|Choice Scarf|[from] move: Trick\n|-item|p1a: Rotom|Focus Sash|[from] move: Trick\n|move|p2a: Ribombee|Sticky Web|p1a: Rotom\n|-sidestart|p1: nocapdos|move: Sticky Web\n|\n|upkeep\n|turn|6\n|\n|t:|1700501601\n|switch|p2a: Rillaboom|Rillaboom, M|100\/100\n|-fieldstart|move: Grassy Terrain|[from] ability: Grassy Surge|[of] p2a: Rillaboom\n|move|p1a: Rotom|Volt Switch|p2a: Rillaboom\n|-resisted|p2a: Rillaboom\n|-damage|p2a: Rillaboom|90\/100\n|\n|t:|1700501607\n|switch|p1a: Corviknight|Corviknight, F|100\/100|[from] Volt Switch\n|-ability|p1a: Corviknight|Pressure\n|\n|-heal|p2a: Rillaboom|96\/100|[from] Grassy Terrain\n|upkeep\n|turn|7\n|\n|t:|1700501625\n|move|p2a: Rillaboom|Fake Out|p1a: Corviknight\n|-resisted|p1a: Corviknight\n|-damage|p1a: Corviknight|94\/100\n|-damage|p2a: Rillaboom|79\/100|[from] item: Rocky Helmet|[of] p1a: Corviknight\n|cant|p1a: Corviknight|flinch\n|\n|-heal|p2a: Rillaboom|86\/100|[from] Grassy Terrain\n|upkeep\n|turn|8\n|\n|t:|1700501633\n|switch|p2a: Dragapult|Dragapult, F|100\/100\n|move|p1a: Corviknight|Iron Head|p2a: Dragapult\n|-damage|p2a: Dragapult|69\/100\n|\n|-heal|p2a: Dragapult|75\/100|[from] Grassy Terrain\n|upkeep\n|turn|9\n|\n|t:|1700501656\n|move|p2a: Dragapult|Thunderbolt|p1a: Corviknight\n|-supereffective|p1a: Corviknight\n|-damage|p1a: Corviknight|33\/100\n|move|p1a: Corviknight|U-turn|p2a: Dragapult\n|-resisted|p2a: Dragapult\n|-damage|p2a: Dragapult|65\/100\n|\n|t:|1700501661\n|switch|p1a: Blissey|Blissey, F|100\/100|[from] U-turn\n|-activate|p1a: Blissey|move: Sticky Web\n|-unboost|p1a: Blissey|spe|1\n|\n|-heal|p2a: Dragapult|71\/100|[from] Grassy Terrain\n|upkeep\n|turn|10\n|\n|t:|1700501668\n|switch|p2a: Rillaboom|Rillaboom, M|86\/100\n|move|p1a: Blissey|Thunder Wave|p2a: Rillaboom\n|-status|p2a: Rillaboom|par\n|\n|-heal|p2a: Rillaboom|92\/100 par|[from] Grassy Terrain\n|-fieldend|move: Grassy Terrain\n|upkeep\n|turn|11\n|inactive|JabobFrog2 has 120 seconds left.\n|inactive|JabobFrog2 has 90 seconds left.\n|\n|t:|1700501736\n|switch|p1a: Corviknight|Corviknight, F|33\/100\n|-ability|p1a: Corviknight|Pressure\n|cant|p2a: Rillaboom|par\n|\n|upkeep\n|turn|12\n|\n|t:|1700501743\n|switch|p2a: Dragapult|Dragapult, F|71\/100\n|move|p1a: Corviknight|Roost|p1a: Corviknight\n|-heal|p1a: Corviknight|83\/100\n|-singleturn|p1a: Corviknight|move: Roost\n|\n|upkeep\n|turn|13\n|\n|t:|1700501749\n|switch|p1a: Blissey|Blissey, F|100\/100\n|-activate|p1a: Blissey|move: Sticky Web\n|-unboost|p1a: Blissey|spe|1\n|move|p2a: Dragapult|Thunderbolt|p1a: Blissey\n|-damage|p1a: Blissey|89\/100\n|\n|-heal|p1a: Blissey|95\/100|[from] item: Leftovers\n|upkeep\n|turn|14\n|\n|t:|1700501762\n|switch|p2a: Rillaboom|Rillaboom, M|92\/100 par\n|-fieldstart|move: Grassy Terrain|[from] ability: Grassy Surge|[of] p2a: Rillaboom\n|move|p1a: Blissey|Thunder Wave|p2a: Rillaboom\n|-fail|p2a: Rillaboom|par\n|\n|-heal|p2a: Rillaboom|98\/100 par|[from] Grassy Terrain\n|-heal|p1a: Blissey|100\/100|[from] Grassy Terrain\n|upkeep\n|turn|15\n|\n|t:|1700501774\n|switch|p1a: Corviknight|Corviknight, F|83\/100\n|-ability|p1a: Corviknight|Pressure\n|move|p2a: Rillaboom|U-turn|p1a: Corviknight\n|-resisted|p1a: Corviknight\n|-crit|p1a: Corviknight\n|-damage|p1a: Corviknight|76\/100\n|-damage|p2a: Rillaboom|81\/100 par|[from] item: Rocky Helmet|[of] p1a: Corviknight\n|\n|t:|1700501778\n|switch|p2a: Hawlucha|Hawlucha, F|100\/100|[from] U-turn\n|-enditem|p2a: Hawlucha|Grassy Seed\n|-boost|p2a: Hawlucha|def|1|[from] item: Grassy Seed\n|\n|upkeep\n|turn|16\n|inactive|JabobFrog2 has 120 seconds left.\n|\n|t:|1700501793\n|move|p2a: Hawlucha|Swords Dance|p2a: Hawlucha\n|-boost|p2a: Hawlucha|atk|2\n|move|p1a: Corviknight|Roost|p1a: Corviknight\n|-heal|p1a: Corviknight|100\/100\n|-singleturn|p1a: Corviknight|move: Roost\n|\n|upkeep\n|turn|17\n|\n|t:|1700501801\n|move|p2a: Hawlucha|Fire Punch|p1a: Corviknight\n|-supereffective|p1a: Corviknight\n|-damage|p1a: Corviknight|37\/100\n|-damage|p2a: Hawlucha|84\/100|[from] item: Rocky Helmet|[of] p1a: Corviknight\n|move|p1a: Corviknight|Defog|p2a: Hawlucha\n|-unboost|p2a: Hawlucha|evasion|1\n|-sideend|p1: nocapdos|Sticky Web|[from] move: Defog|[of] p1a: Corviknight\n|-fieldend|move: Grassy Terrain\n|\n|upkeep\n|turn|18\n|\n|t:|1700501810\n|switch|p1a: Rotom|Rotom-Wash|100\/100\n|move|p2a: Hawlucha|Fire Punch|p1a: Rotom\n|-resisted|p1a: Rotom\n|-damage|p1a: Rotom|75\/100\n|\n|upkeep\n|turn|19\n|\n|t:|1700501815\n|move|p2a: Hawlucha|Close Combat|p1a: Rotom\n|-damage|p1a: Rotom|0 fnt\n|-unboost|p2a: Hawlucha|def|1\n|-unboost|p2a: Hawlucha|spd|1\n|faint|p1a: Rotom\n|\n|upkeep\n|\n|t:|1700501823\n|switch|p1a: Dragapult|Dragapult, M|100\/100\n|turn|20\n|\n|t:|1700501827\n|move|p2a: Hawlucha|Acrobatics|p1a: Dragapult\n|-damage|p1a: Dragapult|0 fnt\n|faint|p1a: Dragapult\n|\n|upkeep\n|\n|t:|1700501848\n|switch|p1a: Corviknight|Corviknight, F|37\/100\n|-ability|p1a: Corviknight|Pressure\n|turn|21\n|\n|t:|1700501851\n|move|p2a: Hawlucha|Fire Punch|p1a: Corviknight\n|-supereffective|p1a: Corviknight\n|-damage|p1a: Corviknight|0 fnt\n|-damage|p2a: Hawlucha|68\/100|[from] item: Rocky Helmet|[of] p1a: Corviknight\n|faint|p1a: Corviknight\n|\n|upkeep\n|-message|nocapdos forfeited.\n|\n|win|JabobFrog2\n|raw|nocapdos's rating: 1128 &rarr; <strong>1099<\/strong><br \/>(-29 for losing)\n|raw|JabobFrog2's rating: 1069 &rarr; <strong>1104<\/strong><br \/>(+35 for winning)\n|l|\u2606nocapdos\n","uploadtime":1700501863,"views":7,"p1id":"nocapdos","p2id":"jabobfrog2","formatid":"gen9ou","rating":1099,"private":0,"password":""}