{"id":"gen9ou-1991873032","p1":"iamstupiditstrue","p2":"PikachuDoesntCutIt","format":"[Gen 9] OU","log":"|j|\u2606iamstupiditstrue\n|j|\u2606PikachuDoesntCutIt\n|inactive|Battle timer is ON: inactive players will automatically lose when time's up.\n|t:|1700131754\n|gametype|singles\n|player|p1|iamstupiditstrue|may-masters|\n|player|p2|PikachuDoesntCutIt|hiker|\n|teamsize|p1|6\n|teamsize|p2|6\n|gen|9\n|tier|[Gen 9] OU\n|rated|Tournament battle\n|rule|Sleep Clause Mod: Limit one foe put to sleep\n|rule|Species Clause: Limit one of each Pok\u00e9mon\n|rule|OHKO Clause: OHKO moves are banned\n|rule|Evasion Items Clause: Evasion items are banned\n|rule|Evasion Moves Clause: Evasion moves are banned\n|rule|Endless Battle Clause: Forcing endless battles is banned\n|rule|HP Percentage Mod: HP is shown in percentages\n|clearpoke\n|poke|p1|Kingambit, F|\n|poke|p1|Conkeldurr, F|\n|poke|p1|Eiscue, F|\n|poke|p1|Maushold|\n|poke|p1|Pawmot, M|\n|poke|p1|Chesnaught, M|\n|poke|p2|Maushold|\n|poke|p2|Eiscue, F|\n|poke|p2|Kingambit, F|\n|poke|p2|Conkeldurr, M|\n|poke|p2|Pawmot, F|\n|poke|p2|Chesnaught, M|\n|teampreview\n|j|*Lady Monita \u2746\n|inactive|iamstupiditstrue also wants the timer to be on.\n|c|\u2606iamstupiditstrue|glhf\n|\n|t:|1700131763\n|start\n|switch|p1a: Kingambit|Kingambit, F|100\/100\n|switch|p2a: Pawmot|Pawmot, F|100\/100\n|turn|1\n|\n|t:|1700131768\n|-end|p1a: Kingambit|fallenundefined|[silent]\n|switch|p1a: Chesnaught|Chesnaught, M|100\/100\n|move|p2a: Pawmot|Thunder Wave|p1a: Chesnaught\n|-status|p1a: Chesnaught|par\n|\n|upkeep\n|turn|2\n|\n|t:|1700131775\n|move|p2a: Pawmot|Play Rough|p1a: Chesnaught\n|-supereffective|p1a: Chesnaught\n|-damage|p1a: Chesnaught|70\/100 par\n|-damage|p2a: Pawmot|84\/100|[from] item: Rocky Helmet|[of] p1a: Chesnaught\n|move|p1a: Chesnaught|Iron Defense|p1a: Chesnaught\n|-boost|p1a: Chesnaught|def|2\n|\n|upkeep\n|turn|3\n|\n|t:|1700131787\n|switch|p2a: Conkeldurr|Conkeldurr, M|100\/100\n|move|p1a: Chesnaught|Iron Defense|p1a: Chesnaught\n|-boost|p1a: Chesnaught|def|2\n|\n|-status|p2a: Conkeldurr|brn|[from] item: Flame Orb\n|upkeep\n|turn|4\n|\n|t:|1700131792\n|move|p2a: Conkeldurr|Bulk Up|p2a: Conkeldurr\n|-boost|p2a: Conkeldurr|atk|1\n|-boost|p2a: Conkeldurr|def|1\n|move|p1a: Chesnaught|Iron Defense|p1a: Chesnaught\n|-boost|p1a: Chesnaught|def|2\n|\n|-damage|p2a: Conkeldurr|95\/100 brn|[from] brn\n|upkeep\n|turn|5\n|\n|t:|1700131794\n|move|p2a: Conkeldurr|Bulk Up|p2a: Conkeldurr\n|-boost|p2a: Conkeldurr|atk|1\n|-boost|p2a: Conkeldurr|def|1\n|move|p1a: Chesnaught|Body Press|p2a: Conkeldurr\n|-damage|p2a: Conkeldurr|31\/100 brn\n|\n|-damage|p2a: Conkeldurr|25\/100 brn|[from] brn\n|upkeep\n|turn|6\n|\n|t:|1700131805\n|move|p2a: Conkeldurr|Brick Break|p1a: Chesnaught\n|-damage|p1a: Chesnaught|50\/100 par\n|-damage|p2a: Conkeldurr|8\/100 brn|[from] item: Rocky Helmet|[of] p1a: Chesnaught\n|move|p1a: Chesnaught|Trailblaze|p2a: Conkeldurr\n|-damage|p2a: Conkeldurr|1\/100 brn\n|-boost|p1a: Chesnaught|spe|1\n|\n|-damage|p2a: Conkeldurr|0 fnt|[from] brn\n|faint|p2a: Conkeldurr\n|upkeep\n|\n|t:|1700131812\n|switch|p2a: Pawmot|Pawmot, F|84\/100\n|turn|7\n|\n|t:|1700131816\n|move|p2a: Pawmot|Play Rough|p1a: Chesnaught\n|-supereffective|p1a: Chesnaught\n|-damage|p1a: Chesnaught|43\/100 par\n|-damage|p2a: Pawmot|68\/100|[from] item: Rocky Helmet|[of] p1a: Chesnaught\n|move|p1a: Chesnaught|Body Press|p2a: Pawmot\n|-damage|p2a: Pawmot|0 fnt\n|faint|p2a: Pawmot\n|\n|upkeep\n|\n|t:|1700131829\n|switch|p2a: Eiscue|Eiscue, F|100\/100\n|turn|8\n|\n|t:|1700131834\n|move|p2a: Eiscue|Belly Drum|p2a: Eiscue\n|-damage|p2a: Eiscue|51\/100\n|-setboost|p2a: Eiscue|atk|6|[from] move: Belly Drum\n|move|p1a: Chesnaught|Trailblaze|p2a: Eiscue\n|-activate|p2a: Eiscue|ability: Ice Face\n|-damage|p2a: Eiscue|51\/100\n|-boost|p1a: Chesnaught|spe|1\n|detailschange|p2a: Eiscue|Eiscue-Noice, F\n|\n|upkeep\n|turn|9\n|\n|t:|1700131837\n|move|p2a: Eiscue|Substitute|p2a: Eiscue\n|-start|p2a: Eiscue|Substitute\n|-damage|p2a: Eiscue|26\/100\n|cant|p1a: Chesnaught|par\n|\n|upkeep\n|turn|10\n|\n|t:|1700131843\n|move|p2a: Eiscue|Zen Headbutt|p1a: Chesnaught\n|-supereffective|p1a: Chesnaught\n|-damage|p1a: Chesnaught|19\/100 par\n|-damage|p2a: Eiscue|9\/100|[from] item: Rocky Helmet|[of] p1a: Chesnaught\n|-enditem|p2a: Eiscue|Salac Berry|[eat]\n|-boost|p2a: Eiscue|spe|1|[from] item: Salac Berry\n|move|p1a: Chesnaught|Body Press|p2a: Eiscue\n|-supereffective|p2a: Eiscue\n|-end|p2a: Eiscue|Substitute\n|\n|upkeep\n|turn|11\n|\n|t:|1700131848\n|move|p2a: Eiscue|Zen Headbutt|p1a: Chesnaught\n|-supereffective|p1a: Chesnaught\n|-damage|p1a: Chesnaught|0 fnt\n|-damage|p2a: Eiscue|0 fnt|[from] item: Rocky Helmet|[of] p1a: Chesnaught\n|faint|p1a: Chesnaught\n|faint|p2a: Eiscue\n|\n|upkeep\n|\n|t:|1700131860\n|switch|p2a: Chesnaught|Chesnaught, M|100\/100\n|switch|p1a: Maushold|Maushold|100\/100\n|turn|12\n|\n|t:|1700131862\n|-terastallize|p1a: Maushold|Flying\n|move|p1a: Maushold|Aerial Ace|p2a: Chesnaught\n|-supereffective|p2a: Chesnaught\n|-damage|p2a: Chesnaught|31\/100\n|-damage|p1a: Maushold|84\/100|[from] item: Rocky Helmet|[of] p2a: Chesnaught\n|move|p2a: Chesnaught|Leech Seed|p1a: Maushold\n|-start|p1a: Maushold|move: Leech Seed\n|\n|-damage|p1a: Maushold|71\/100|[from] Leech Seed|[of] p2a: Chesnaught\n|-heal|p2a: Chesnaught|41\/100|[silent]\n|upkeep\n|turn|13\n|\n|t:|1700131870\n|move|p2a: Chesnaught|Spiky Shield|p2a: Chesnaught\n|-singleturn|p2a: Chesnaught|move: Protect\n|move|p1a: Maushold|Aerial Ace|p2a: Chesnaught\n|-activate|p2a: Chesnaught|move: Protect\n|-damage|p1a: Maushold|59\/100|[from] Spiky Shield|[of] p2a: Chesnaught\n|\n|-damage|p1a: Maushold|47\/100|[from] Leech Seed|[of] p2a: Chesnaught\n|-heal|p2a: Chesnaught|50\/100|[silent]\n|upkeep\n|turn|14\n|\n|t:|1700131882\n|move|p1a: Maushold|Low Kick|p2a: Chesnaught\n|-damage|p2a: Chesnaught|38\/100\n|-damage|p1a: Maushold|30\/100|[from] item: Rocky Helmet|[of] p2a: Chesnaught\n|move|p2a: Chesnaught|Substitute|p2a: Chesnaught\n|-start|p2a: Chesnaught|Substitute\n|-damage|p2a: Chesnaught|13\/100\n|\n|-damage|p1a: Maushold|18\/100|[from] Leech Seed|[of] p2a: Chesnaught\n|-heal|p2a: Chesnaught|23\/100|[silent]\n|upkeep\n|turn|15\n|\n|t:|1700131889\n|move|p2a: Chesnaught|Spiky Shield|p2a: Chesnaught\n|-singleturn|p2a: Chesnaught|move: Protect\n|move|p1a: Maushold|Aerial Ace|p2a: Chesnaught\n|-activate|p2a: Chesnaught|move: Protect\n|-damage|p1a: Maushold|5\/100|[from] Spiky Shield|[of] p2a: Chesnaught\n|\n|-damage|p1a: Maushold|0 fnt|[from] Leech Seed|[of] p2a: Chesnaught\n|-heal|p2a: Chesnaught|27\/100|[silent]\n|faint|p1a: Maushold\n|upkeep\n|\n|t:|1700131894\n|switch|p1a: Conkeldurr|Conkeldurr, F|100\/100\n|turn|16\n|\n|t:|1700131896\n|move|p2a: Chesnaught|Leech Seed|p1a: Conkeldurr\n|-start|p1a: Conkeldurr|move: Leech Seed\n|move|p1a: Conkeldurr|Drain Punch|p2a: Chesnaught\n|-end|p2a: Chesnaught|Substitute\n|\n|-damage|p1a: Conkeldurr|88\/100|[from] Leech Seed|[of] p2a: Chesnaught\n|-heal|p2a: Chesnaught|40\/100|[silent]\n|-status|p1a: Conkeldurr|brn|[from] item: Flame Orb\n|upkeep\n|turn|17\n|\n|t:|1700131903\n|switch|p1a: Kingambit|Kingambit, F|100\/100\n|-activate|p1a: Kingambit|ability: Supreme Overlord\n|-start|p1a: Kingambit|fallen2|[silent]\n|move|p2a: Chesnaught|Spiky Shield||[still]\n|-fail|p2a: Chesnaught\n|\n|upkeep\n|turn|18\n|\n|t:|1700131907\n|move|p2a: Chesnaught|Leech Seed|p1a: Kingambit\n|-start|p1a: Kingambit|move: Leech Seed\n|move|p1a: Kingambit|Zen Headbutt|p2a: Chesnaught\n|-supereffective|p2a: Chesnaught\n|-damage|p2a: Chesnaught|0 fnt\n|-damage|p1a: Kingambit|84\/100|[from] item: Rocky Helmet|[of] p2a: Chesnaught\n|faint|p2a: Chesnaught\n|-damage|p1a: Kingambit|74\/100|[from] item: Life Orb\n|\n|upkeep\n|\n|t:|1700131915\n|switch|p2a: Kingambit|Kingambit, F|100\/100\n|-activate|p2a: Kingambit|ability: Supreme Overlord\n|-start|p2a: Kingambit|fallen4|[silent]\n|turn|19\n|\n|t:|1700131920\n|-end|p1a: Kingambit|fallen2|[silent]\n|switch|p1a: Pawmot|Pawmot, M|100\/100\n|move|p2a: Kingambit|Brick Break|p1a: Pawmot\n|-damage|p1a: Pawmot|36\/100\n|\n|upkeep\n|turn|20\n|\n|t:|1700131928\n|move|p1a: Pawmot|Close Combat|p2a: Kingambit\n|-supereffective|p2a: Kingambit\n|-damage|p2a: Kingambit|0 fnt\n|-unboost|p1a: Pawmot|def|1\n|-unboost|p1a: Pawmot|spd|1\n|faint|p2a: Kingambit\n|-end|p2a: Kingambit|fallen4|[silent]\n|\n|upkeep\n|\n|t:|1700131932\n|switch|p2a: Maushold|Maushold|100\/100\n|turn|21\n|\n|t:|1700131943\n|move|p2a: Maushold|Play Rough|p1a: Pawmot\n|-supereffective|p1a: Pawmot\n|-damage|p1a: Pawmot|0 fnt\n|faint|p1a: Pawmot\n|\n|upkeep\n|\n|t:|1700131946\n|switch|p1a: Conkeldurr|Conkeldurr, F|88\/100 brn\n|turn|22\n|\n|t:|1700131949\n|-terastallize|p2a: Maushold|Ghost\n|move|p1a: Conkeldurr|Mach Punch|p2a: Maushold\n|-immune|p2a: Maushold\n|move|p2a: Maushold|Tidy Up|p2a: Maushold\n|-boost|p2a: Maushold|atk|1\n|-boost|p2a: Maushold|spe|1\n|\n|-damage|p1a: Conkeldurr|82\/100 brn|[from] brn\n|upkeep\n|turn|23\n|\n|t:|1700131954\n|move|p2a: Maushold|Population Bomb|p1a: Conkeldurr\n|-crit|p1a: Conkeldurr\n|-damage|p1a: Conkeldurr|60\/100 brn\n|-damage|p1a: Conkeldurr|45\/100 brn\n|-damage|p1a: Conkeldurr|31\/100 brn\n|-damage|p1a: Conkeldurr|17\/100 brn\n|-damage|p1a: Conkeldurr|3\/100 brn\n|-damage|p1a: Conkeldurr|0 fnt\n|faint|p1a: Conkeldurr\n|-hitcount|p1: Conkeldurr|6\n|\n|upkeep\n|\n|t:|1700131958\n|switch|p1a: Kingambit|Kingambit, F|74\/100\n|-activate|p1a: Kingambit|ability: Supreme Overlord\n|-start|p1a: Kingambit|fallen4|[silent]\n|turn|24\n|\n|t:|1700131973\n|move|p1a: Kingambit|Sucker Punch|p2a: Maushold\n|-supereffective|p2a: Maushold\n|-damage|p2a: Maushold|0 fnt\n|faint|p2a: Maushold\n|-damage|p1a: Kingambit|64\/100|[from] item: Life Orb\n|\n|win|iamstupiditstrue\n|n|\u2606iamstupiditstrue|iamstupiditstrue\n|n|\u2606PikachuDoesntCutIt|pikachudoesntcutit\n|n|*Lady Monita \u2746|ladymonita\n","uploadtime":1700131974,"views":9,"p1id":"iamstupiditstrue","p2id":"pikachudoesntcutit","formatid":"gen9ou","rating":0,"private":0,"password":""}