{"id":"gen9ou-1992751778","p1":"mige-3","p2":"igneo3000","format":"[Gen 9] OU","log":"|j|\u2606mige-3\n|j|\u2606igneo3000\n|inactive|Battle timer is ON: inactive players will automatically lose when time's up.\n|t:|1700232179\n|gametype|singles\n|player|p1|mige-3|ninjaboy|\n|player|p2|igneo3000|unknown|\n|teamsize|p1|6\n|teamsize|p2|6\n|gen|9\n|tier|[Gen 9] OU\n|rated|Tournament battle\n|rule|Sleep Clause Mod: Limit one foe put to sleep\n|rule|Species Clause: Limit one of each Pok\u00e9mon\n|rule|OHKO Clause: OHKO moves are banned\n|rule|Evasion Items Clause: Evasion items are banned\n|rule|Evasion Moves Clause: Evasion moves are banned\n|rule|Endless Battle Clause: Forcing endless battles is banned\n|rule|HP Percentage Mod: HP is shown in percentages\n|clearpoke\n|poke|p1|Maushold|\n|poke|p1|Rillaboom, F|\n|poke|p1|Great Tusk|\n|poke|p1|Heatran, M|\n|poke|p1|Enamorus, F|\n|poke|p1|Kingambit, M|\n|poke|p2|Meowscarada, F|\n|poke|p2|Cinderace, M|\n|poke|p2|Greninja-*, M|\n|poke|p2|Kingambit, M|\n|poke|p2|Iron Moth|\n|poke|p2|Glimmora, F|\n|teampreview\n|inactive|mige-3 also wants the timer to be on.\n|j| 0rTheSpecial0ne\n|l| 0rTheSpecial0ne\n|inactive|mige-3 has 120 seconds left.\n|c|\u2606mige-3|suerte\u00aa\n|\n|t:|1700232223\n|start\n|switch|p1a: Enamorus|Enamorus, F|100\/100\n|switch|p2a: Meowscarada|Meowscarada, F|100\/100\n|turn|1\n|\n|t:|1700232231\n|move|p1a: Enamorus|Moonblast|p2a: Meowscarada\n|-supereffective|p2a: Meowscarada\n|-damage|p2a: Meowscarada|0 fnt\n|faint|p2a: Meowscarada\n|\n|upkeep\n|\n|t:|1700232236\n|switch|p2a: Iron Moth|Iron Moth|100\/100\n|-enditem|p2a: Iron Moth|Booster Energy\n|-activate|p2a: Iron Moth|ability: Quark Drive|[fromitem]\n|-start|p2a: Iron Moth|quarkdrivespe\n|turn|2\n|\n|t:|1700232241\n|switch|p1a: Heatran|Heatran, M|100\/100\n|move|p2a: Iron Moth|Fiery Dance|p1a: Heatran\n|-start|p1a: Heatran|ability: Flash Fire\n|\n|upkeep\n|turn|3\n|\n|t:|1700232246\n|move|p2a: Iron Moth|Discharge|p1a: Heatran\n|-damage|p1a: Heatran|84\/100\n|move|p1a: Heatran|Earth Power|p2a: Iron Moth\n|-supereffective|p2a: Iron Moth\n|-damage|p2a: Iron Moth|0 fnt\n|faint|p2a: Iron Moth\n|-end|p2a: Iron Moth|Quark Drive|[silent]\n|\n|-heal|p1a: Heatran|90\/100|[from] item: Leftovers\n|upkeep\n|j| Olivander-s\n|\n|t:|1700232254\n|switch|p2a: Glimmora|Glimmora, F|100\/100\n|turn|4\n|\n|t:|1700232273\n|-terastallize|p1a: Heatran|Grass\n|move|p2a: Glimmora|Earth Power|p1a: Heatran\n|-resisted|p1a: Heatran\n|-damage|p1a: Heatran|76\/100\n|move|p1a: Heatran|Earth Power|p2a: Glimmora\n|-supereffective|p2a: Glimmora\n|-damage|p2a: Glimmora|0 fnt\n|faint|p2a: Glimmora\n|\n|-heal|p1a: Heatran|82\/100|[from] item: Leftovers\n|upkeep\n|\n|t:|1700232283\n|switch|p2a: Cinderace|Cinderace, M|100\/100\n|turn|5\n|\n|t:|1700232293\n|move|p2a: Cinderace|U-turn|p1a: Heatran\n|-start|p2a: Cinderace|typechange|Bug|[from] ability: Libero\n|-supereffective|p1a: Heatran\n|-damage|p1a: Heatran|27\/100\n|\n|t:|1700232298\n|switch|p2a: Greninja|Greninja, M|100\/100|[from] U-turn\n|move|p1a: Heatran|Earth Power|p2a: Greninja\n|-damage|p2a: Greninja|59\/100\n|\n|-heal|p1a: Heatran|33\/100|[from] item: Leftovers\n|upkeep\n|turn|6\n|j| 0rTheSpecial0ne\n|\n|t:|1700232309\n|move|p2a: Greninja|Ice Beam|p1a: Heatran\n|-start|p2a: Greninja|typechange|Ice|[from] ability: Protean\n|-supereffective|p1a: Heatran\n|-damage|p1a: Heatran|0 fnt\n|faint|p1a: Heatran\n|\n|upkeep\n|\n|t:|1700232315\n|switch|p1a: devindian|Kingambit, M|100\/100\n|-activate|p1a: devindian|ability: Supreme Overlord\n|-start|p1a: devindian|fallen1|[silent]\n|turn|7\n|\n|t:|1700232319\n|switch|p2a: Cinderace|Cinderace, M|100\/100\n|move|p1a: devindian|Swords Dance|p1a: devindian\n|-boost|p1a: devindian|atk|2\n|\n|upkeep\n|turn|8\n|\n|t:|1700232326\n|move|p1a: devindian|Sucker Punch|p2a: Cinderace\n|-damage|p2a: Cinderace|0 fnt\n|faint|p2a: Cinderace\n|\n|upkeep\n|\n|t:|1700232332\n|switch|p2a: Greninja|Greninja, M|59\/100\n|turn|9\n|\n|t:|1700232336\n|move|p2a: Greninja|Water Shuriken|p1a: devindian\n|-start|p2a: Greninja|typechange|Water|[from] ability: Protean\n|-damage|p1a: devindian|91\/100\n|-damage|p1a: devindian|81\/100\n|-damage|p1a: devindian|70\/100\n|-damage|p1a: devindian|60\/100\n|-damage|p1a: devindian|49\/100\n|-hitcount|p1a: devindian|5\n|move|p1a: devindian|Iron Head|p2a: Greninja\n|-resisted|p2a: Greninja\n|-damage|p2a: Greninja|0 fnt\n|faint|p2a: Greninja\n|\n|-heal|p1a: devindian|56\/100|[from] item: Leftovers\n|upkeep\n|\n|t:|1700232348\n|switch|p2a: Kingambit|Kingambit, M|100\/100\n|-activate|p2a: Kingambit|ability: Supreme Overlord\n|-start|p2a: Kingambit|fallen5|[silent]\n|turn|10\n|\n|t:|1700232351\n|-terastallize|p2a: Kingambit|Dark\n|move|p2a: Kingambit|Sucker Punch|p1a: devindian\n|-resisted|p1a: devindian\n|-damage|p1a: devindian|24\/100\n|move|p1a: devindian|Kowtow Cleave|p2a: Kingambit\n|-resisted|p2a: Kingambit\n|-damage|p2a: Kingambit|57\/100\n|\n|-heal|p1a: devindian|30\/100|[from] item: Leftovers\n|upkeep\n|turn|11\n|\n|t:|1700232358\n|move|p2a: Kingambit|Sucker Punch||[still]\n|-fail|p2a: Kingambit\n|move|p1a: devindian|Swords Dance|p1a: devindian\n|-boost|p1a: devindian|atk|2\n|\n|-heal|p1a: devindian|36\/100|[from] item: Leftovers\n|upkeep\n|turn|12\n|\n|t:|1700232362\n|move|p2a: Kingambit|Sucker Punch||[still]\n|-fail|p2a: Kingambit\n|move|p1a: devindian|Swords Dance|p1a: devindian\n|-boost|p1a: devindian|atk|2\n|\n|-heal|p1a: devindian|42\/100|[from] item: Leftovers\n|upkeep\n|turn|13\n|\n|t:|1700232364\n|move|p2a: Kingambit|Sucker Punch||[still]\n|-fail|p2a: Kingambit\n|move|p1a: devindian|Swords Dance|p1a: devindian\n|-boost|p1a: devindian|atk|0\n|\n|-heal|p1a: devindian|49\/100|[from] item: Leftovers\n|upkeep\n|turn|14\n|\n|t:|1700232367\n|move|p1a: devindian|Swords Dance|p1a: devindian\n|-boost|p1a: devindian|atk|0\n|move|p2a: Kingambit|Swords Dance|p2a: Kingambit\n|-boost|p2a: Kingambit|atk|2\n|\n|-heal|p1a: devindian|55\/100|[from] item: Leftovers\n|upkeep\n|turn|15\n|\n|t:|1700232372\n|move|p2a: Kingambit|Sucker Punch|p1a: devindian\n|-resisted|p1a: devindian\n|-damage|p1a: devindian|0 fnt\n|faint|p1a: devindian\n|-end|p1a: devindian|fallen1|[silent]\n|\n|upkeep\n|\n|t:|1700232374\n|switch|p1a: Great Tusk|Great Tusk|100\/100\n|turn|16\n|\n|t:|1700232380\n|move|p2a: Kingambit|Sucker Punch||[still]\n|-fail|p2a: Kingambit\n|move|p1a: Great Tusk|Bulk Up|p1a: Great Tusk\n|-boost|p1a: Great Tusk|atk|1\n|-boost|p1a: Great Tusk|def|1\n|\n|upkeep\n|turn|17\n|\n|t:|1700232383\n|move|p1a: Great Tusk|Bulk Up|p1a: Great Tusk\n|-boost|p1a: Great Tusk|atk|1\n|-boost|p1a: Great Tusk|def|1\n|move|p2a: Kingambit|Swords Dance|p2a: Kingambit\n|-boost|p2a: Kingambit|atk|2\n|\n|upkeep\n|turn|18\n|\n|t:|1700232387\n|move|p1a: Great Tusk|Rapid Spin|p2a: Kingambit\n|-damage|p2a: Kingambit|37\/100\n|-boost|p1a: Great Tusk|spe|1\n|move|p2a: Kingambit|Kowtow Cleave|p1a: Great Tusk\n|-resisted|p1a: Great Tusk\n|-damage|p1a: Great Tusk|51\/100\n|\n|-heal|p1a: Great Tusk|57\/100|[from] item: Leftovers\n|upkeep\n|turn|19\n|\n|t:|1700232396\n|move|p2a: Kingambit|Sucker Punch|p1a: Great Tusk\n|-resisted|p1a: Great Tusk\n|-damage|p1a: Great Tusk|18\/100\n|move|p1a: Great Tusk|Headlong Rush|p2a: Kingambit\n|-damage|p2a: Kingambit|0 fnt\n|-unboost|p1a: Great Tusk|def|1\n|-unboost|p1a: Great Tusk|spd|1\n|faint|p2a: Kingambit\n|-end|p2a: Kingambit|fallen5|[silent]\n|\n|win|mige-3\n|n|\u2606mige-3|mige3\n|n|\u2606igneo3000|igneo3000\n|n| Olivander-s|olivanders\n|n| 0rTheSpecial0ne|0rthespecial0ne\n","uploadtime":1700232397,"views":9,"p1id":"mige3","p2id":"igneo3000","formatid":"gen9ou","rating":0,"private":0,"password":""}