{"id":"gen9ou-1992650170","p1":"Horrific17","p2":"Tsar dragon","format":"[Gen 9] OU","log":"|j|\u2606Horrific17\n|j|\u2606Tsar dragon\n|t:|1700220385\n|gametype|singles\n|player|p1|Horrific17|acetrainerf-gen4dp|\n|player|p2|Tsar dragon|101|\n|teamsize|p1|6\n|teamsize|p2|6\n|gen|9\n|tier|[Gen 9] OU\n|rule|Sleep Clause Mod: Limit one foe put to sleep\n|rule|Species Clause: Limit one of each Pok\u00e9mon\n|rule|OHKO Clause: OHKO moves are banned\n|rule|Evasion Items Clause: Evasion items are banned\n|rule|Evasion Moves Clause: Evasion moves are banned\n|rule|Endless Battle Clause: Forcing endless battles is banned\n|rule|HP Percentage Mod: HP is shown in percentages\n|clearpoke\n|poke|p1|Zapdos-Galar|\n|poke|p1|Qwilfish-Hisui, M|\n|poke|p1|Samurott-Hisui, F|\n|poke|p1|Thundurus, M|\n|poke|p1|Fezandipiti, M|\n|poke|p1|Dragapult, F|\n|poke|p2|Gholdengo|\n|poke|p2|Azumarill, M|\n|poke|p2|Great Tusk|\n|poke|p2|Iron Valiant|\n|poke|p2|Kleavor, M|\n|poke|p2|Krookodile, F|\n|teampreview\n|j| Prince Smurf\n|\n|t:|1700220432\n|start\n|switch|p1a: Tetrodotoxin|Qwilfish-Hisui, M|100\/100\n|switch|p2a: Krookodile|Krookodile, F|100\/100\n|-ability|p1a: Tetrodotoxin|Intimidate|boost\n|-unboost|p2a: Krookodile|atk|1\n|turn|1\n|inactive|Battle timer is ON: inactive players will automatically lose when time's up. (requested by Tsar dragon)\n|inactive|Tsar dragon has 270 seconds left.\n|inactive|Tsar dragon has 240 seconds left.\n|\n|t:|1700220554\n|move|p2a: Krookodile|Earthquake|p1a: Tetrodotoxin\n|-supereffective|p1a: Tetrodotoxin\n|-damage|p1a: Tetrodotoxin|68\/100\n|move|p1a: Tetrodotoxin|Toxic Spikes|p2a: Krookodile\n|-sidestart|p2: Tsar dragon|move: Toxic Spikes\n|\n|upkeep\n|turn|2\n|inactive|Tsar dragon has 270 seconds left.\n|\n|t:|1700220584\n|switch|p2a: Gholdengo|Gholdengo|100\/100\n|-item|p2a: Gholdengo|Air Balloon\n|switch|p1a: Geococcyx|Zapdos-Galar|100\/100\n|\n|upkeep\n|turn|3\n|inactive|Tsar dragon has 240 seconds left.\n|\n|t:|1700220622\n|switch|p1a: Otterheimer|Samurott-Hisui, F|100\/100\n|move|p2a: Gholdengo|Nasty Plot|p2a: Gholdengo\n|-boost|p2a: Gholdengo|spa|2\n|\n|upkeep\n|turn|4\n|inactive|Tsar dragon has 240 seconds left.\n|\n|t:|1700220644\n|-terastallize|p2a: Gholdengo|Steel\n|move|p1a: Otterheimer|Ceaseless Edge|p2a: Gholdengo\n|-damage|p2a: Gholdengo|48\/100\n|-enditem|p2a: Gholdengo|Air Balloon\n|-sidestart|p2: Tsar dragon|Spikes\n|move|p2a: Gholdengo|Make It Rain|p1a: Otterheimer\n|-resisted|p1a: Otterheimer\n|-damage|p1a: Otterheimer|0 fnt\n|-unboost|p2a: Gholdengo|spa|1\n|faint|p1a: Otterheimer\n|\n|upkeep\n|c| Prince Smurf|lmao\n|inactive|Horrific17 has 270 seconds left.\n|\n|t:|1700220667\n|switch|p1a: Geococcyx|Zapdos-Galar|100\/100\n|turn|5\n|c| Prince Smurf|i love samurott-h\n|\n|t:|1700220695\n|switch|p2a: Azumarill|Azumarill, M|100\/100\n|-status|p2a: Azumarill|psn\n|-damage|p2a: Azumarill|88\/100 psn|[from] Spikes\n|move|p1a: Geococcyx|Close Combat|p2a: Azumarill\n|-resisted|p2a: Azumarill\n|-damage|p2a: Azumarill|59\/100 psn\n|-unboost|p1a: Geococcyx|def|1\n|-unboost|p1a: Geococcyx|spd|1\n|\n|-damage|p2a: Azumarill|47\/100 psn|[from] psn\n|upkeep\n|-enditem|p2a: Azumarill|Sitrus Berry|[eat]\n|-heal|p2a: Azumarill|72\/100 psn|[from] item: Sitrus Berry\n|turn|6\n|\n|t:|1700220709\n|switch|p1a: Tetrodotoxin|Qwilfish-Hisui, M|68\/100\n|-ability|p1a: Tetrodotoxin|Intimidate|boost\n|-unboost|p2a: Azumarill|atk|1\n|move|p2a: Azumarill|Belly Drum|p2a: Azumarill\n|-damage|p2a: Azumarill|22\/100 psn\n|-setboost|p2a: Azumarill|atk|6|[from] move: Belly Drum\n|\n|-damage|p2a: Azumarill|9\/100 psn|[from] psn\n|upkeep\n|turn|7\n|\n|t:|1700220727\n|move|p2a: Azumarill|Aqua Jet|p1a: Tetrodotoxin\n|-damage|p1a: Tetrodotoxin|11\/100\n|move|p1a: Tetrodotoxin|Barb Barrage|p2a: Azumarill\n|-supereffective|p2a: Azumarill\n|-damage|p2a: Azumarill|0 fnt\n|faint|p2a: Azumarill\n|\n|upkeep\n|inactive|Tsar dragon has 210 seconds left.\n|inactive|Tsar dragon has 180 seconds left.\n|\n|t:|1700220772\n|switch|p2a: Kleavor|Kleavor, M|100\/100\n|-status|p2a: Kleavor|psn\n|-damage|p2a: Kleavor|88\/100 psn|[from] Spikes\n|turn|8\n|\n|t:|1700220778\n|move|p2a: Kleavor|Stone Axe|p1a: Tetrodotoxin\n|-damage|p1a: Tetrodotoxin|0 fnt\n|-sidestart|p1: Horrific17|move: Stealth Rock\n|faint|p1a: Tetrodotoxin\n|\n|-damage|p2a: Kleavor|76\/100 psn|[from] psn\n|upkeep\n|inactive|Horrific17 has 270 seconds left.\n|\n|t:|1700220809\n|switch|p1a: Horton 229|Dragapult, F|100\/100\n|-damage|p1a: Horton 229|88\/100|[from] Stealth Rock\n|turn|9\n|\n|t:|1700220818\n|move|p2a: Kleavor|Stone Axe|p1a: Horton 229\n|-damage|p1a: Horton 229|7\/100\n|move|p1a: Horton 229|Dragon Darts|p2a: Kleavor\n|-damage|p2a: Kleavor|27\/100 psn\n|-anim|p1a: Horton 229|Dragon Darts|p2a: Kleavor\n|-damage|p2a: Kleavor|0 fnt\n|faint|p2a: Kleavor\n|\n|upkeep\n|inactive|Tsar dragon has 180 seconds left.\n|\n|t:|1700220839\n|switch|p2a: Krookodile|Krookodile, F|100\/100\n|-status|p2a: Krookodile|psn\n|-damage|p2a: Krookodile|88\/100 psn|[from] Spikes\n|turn|10\n|\n|t:|1700220847\n|move|p2a: Krookodile|Stone Edge|p1a: Horton 229\n|-crit|p1a: Horton 229\n|-damage|p1a: Horton 229|0 fnt\n|-start|p2a: Krookodile|Disable|Stone Edge|[from] ability: Cursed Body|[of] p1a: Horton 229\n|faint|p1a: Horton 229\n|-ability|p2a: Krookodile|Moxie|boost\n|-boost|p2a: Krookodile|atk|1\n|\n|-damage|p2a: Krookodile|76\/100 psn|[from] psn\n|upkeep\n|c|\u2606Tsar dragon|mother\n|c|\u2606Tsar dragon|fucker\n|c| Prince Smurf|LOL\n|inactive|Horrific17 has 270 seconds left.\n|\n|t:|1700220858\n|switch|p1a: Geococcyx|Zapdos-Galar|100\/100\n|-damage|p1a: Geococcyx|88\/100|[from] Stealth Rock\n|turn|11\n|\n|t:|1700220870\n|switch|p2a: Gholdengo|Gholdengo, tera:Steel|48\/100\n|-damage|p2a: Gholdengo|36\/100|[from] Spikes\n|move|p1a: Geococcyx|Substitute|p1a: Geococcyx\n|-start|p1a: Geococcyx|Substitute\n|-damage|p1a: Geococcyx|63\/100\n|\n|upkeep\n|turn|12\n|\n|t:|1700220875\n|move|p1a: Geococcyx|Bulk Up|p1a: Geococcyx\n|-boost|p1a: Geococcyx|atk|1\n|-boost|p1a: Geococcyx|def|1\n|move|p2a: Gholdengo|Recover|p2a: Gholdengo\n|-heal|p2a: Gholdengo|86\/100\n|\n|upkeep\n|turn|13\n|\n|t:|1700220885\n|move|p1a: Geococcyx|Close Combat|p2a: Gholdengo\n|-supereffective|p2a: Gholdengo\n|-damage|p2a: Gholdengo|0 fnt\n|-unboost|p1a: Geococcyx|def|1\n|-unboost|p1a: Geococcyx|spd|1\n|faint|p2a: Gholdengo\n|\n|upkeep\n|inactive|Tsar dragon has 180 seconds left.\n|\n|t:|1700220917\n|switch|p2a: Great Tusk|Great Tusk|100\/100\n|-status|p2a: Great Tusk|psn\n|-damage|p2a: Great Tusk|88\/100 psn|[from] Spikes\n|-enditem|p2a: Great Tusk|Booster Energy\n|-activate|p2a: Great Tusk|ability: Protosynthesis|[fromitem]\n|-start|p2a: Great Tusk|protosynthesisspe\n|turn|14\n|\n|t:|1700220937\n|move|p2a: Great Tusk|Ice Spinner|p1a: Geococcyx\n|-supereffective|p1a: Geococcyx\n|-end|p1a: Geococcyx|Substitute\n|move|p1a: Geococcyx|Bulk Up|p1a: Geococcyx\n|-boost|p1a: Geococcyx|atk|1\n|-boost|p1a: Geococcyx|def|1\n|\n|-damage|p2a: Great Tusk|76\/100 psn|[from] psn\n|upkeep\n|turn|15\n|inactive|Horrific17 has 270 seconds left.\n|\n|t:|1700220960\n|move|p2a: Great Tusk|Ice Spinner|p1a: Geococcyx\n|-supereffective|p1a: Geococcyx\n|-damage|p1a: Geococcyx|31\/100\n|move|p1a: Geococcyx|Substitute|p1a: Geococcyx\n|-start|p1a: Geococcyx|Substitute\n|-damage|p1a: Geococcyx|6\/100\n|-enditem|p1a: Geococcyx|Salac Berry|[eat]\n|-boost|p1a: Geococcyx|spe|1|[from] item: Salac Berry\n|\n|-damage|p2a: Great Tusk|63\/100 psn|[from] psn\n|upkeep\n|turn|16\n|\n|t:|1700220968\n|move|p1a: Geococcyx|Acrobatics|p2a: Great Tusk\n|-supereffective|p2a: Great Tusk\n|-crit|p2a: Great Tusk\n|-damage|p2a: Great Tusk|0 fnt\n|faint|p2a: Great Tusk\n|-end|p2a: Great Tusk|Protosynthesis|[silent]\n|\n|upkeep\n|inactive|Tsar dragon has 180 seconds left.\n|\n|t:|1700221003\n|switch|p2a: Krookodile|Krookodile, F|76\/100 psn\n|-damage|p2a: Krookodile|63\/100 psn|[from] Spikes\n|turn|17\n|\n|t:|1700221023\n|move|p1a: Geococcyx|Close Combat|p2a: Krookodile\n|-supereffective|p2a: Krookodile\n|-damage|p2a: Krookodile|0 fnt\n|-unboost|p1a: Geococcyx|def|1\n|-unboost|p1a: Geococcyx|spd|1\n|faint|p2a: Krookodile\n|\n|upkeep\n|\n|t:|1700221031\n|switch|p2a: Iron Valiant|Iron Valiant|100\/100\n|-status|p2a: Iron Valiant|psn\n|-damage|p2a: Iron Valiant|88\/100 psn|[from] Spikes\n|-enditem|p2a: Iron Valiant|Booster Energy\n|-activate|p2a: Iron Valiant|ability: Quark Drive|[fromitem]\n|-start|p2a: Iron Valiant|quarkdrivespe\n|turn|18\n|\n|t:|1700221034\n|move|p2a: Iron Valiant|Poison Jab|p1a: Geococcyx\n|-end|p1a: Geococcyx|Substitute\n|move|p1a: Geococcyx|Acrobatics|p2a: Iron Valiant\n|-supereffective|p2a: Iron Valiant\n|-damage|p2a: Iron Valiant|0 fnt\n|faint|p2a: Iron Valiant\n|-end|p2a: Iron Valiant|Quark Drive|[silent]\n|\n|win|Horrific17\n|c|\u2606Horrific17|gg\n","uploadtime":1700221039,"views":25,"p1id":"horrific17","p2id":"tsardragon","formatid":"gen9ou","rating":0,"private":0,"password":""}