{"id":"gen9ou-1991199254","p1":"fluckyoubasshole","p2":"Skaraptor2.1","format":"[Gen 9] OU","log":"|j|\u2606fluckyoubasshole\n|j|\u2606Skaraptor2.1\n|t:|1700056330\n|gametype|singles\n|player|p1|fluckyoubasshole|giovanni|1165\n|player|p2|Skaraptor2.1|bodybuilderf-gen9|1245\n|teamsize|p1|6\n|teamsize|p2|6\n|gen|9\n|tier|[Gen 9] OU\n|rated|\n|rule|Sleep Clause Mod: Limit one foe put to sleep\n|rule|Species Clause: Limit one of each Pok\u00e9mon\n|rule|OHKO Clause: OHKO moves are banned\n|rule|Evasion Items Clause: Evasion items are banned\n|rule|Evasion Moves Clause: Evasion moves are banned\n|rule|Endless Battle Clause: Forcing endless battles is banned\n|rule|HP Percentage Mod: HP is shown in percentages\n|clearpoke\n|poke|p1|Greninja-*, M|\n|poke|p1|Glimmora, F|\n|poke|p1|Samurott-Hisui, F|\n|poke|p1|Pelipper, F|\n|poke|p1|Zapdos|\n|poke|p1|Kingambit, M|\n|poke|p2|Ribombee, M|\n|poke|p2|Ogerpon-Wellspring, F|\n|poke|p2|Cyclizar, F|\n|poke|p2|Zamazenta-*|\n|poke|p2|Iron Valiant|\n|poke|p2|Kingambit, F|\n|teampreview\n|inactive|Battle timer is ON: inactive players will automatically lose when time's up. (requested by Skaraptor2.1)\n|\n|t:|1700056344\n|start\n|switch|p1a: Pelipper|Pelipper, F|100\/100\n|switch|p2a: Twink|Ribombee, M|100\/100\n|-weather|RainDance|[from] ability: Drizzle|[of] p1a: Pelipper\n|turn|1\n|\n|t:|1700056356\n|move|p2a: Twink|Stun Spore|p1a: Pelipper\n|-status|p1a: Pelipper|par\n|move|p1a: Pelipper|Tailwind|p1a: Pelipper\n|-sidestart|p1: fluckyoubasshole|move: Tailwind\n|\n|-weather|RainDance|[upkeep]\n|upkeep\n|turn|2\n|inactive|Skaraptor2.1 has 120 seconds left.\n|l|\u2606Skaraptor2.1\n|inactive|Skaraptor2.1 disconnected and has a minute to reconnect!\n|player|p2|\n|j|\u2606Skaraptor2.1\n|inactive|Skaraptor2.1 reconnected and has 110 seconds left.\n|player|p2|Skaraptor2.1|bodybuilderf-gen9\n|\n|t:|1700056405\n|switch|p2a: Bigender|Iron Valiant|100\/100\n|-enditem|p2a: Bigender|Booster Energy\n|-activate|p2a: Bigender|ability: Quark Drive|[fromitem]\n|-start|p2a: Bigender|quarkdrivespe\n|cant|p1a: Pelipper|par\n|\n|-weather|RainDance|[upkeep]\n|upkeep\n|turn|3\n|\n|t:|1700056415\n|move|p2a: Bigender|Thunderbolt|p1a: Pelipper\n|-supereffective|p1a: Pelipper\n|-damage|p1a: Pelipper|0 fnt\n|faint|p1a: Pelipper\n|\n|-weather|RainDance|[upkeep]\n|upkeep\n|\n|t:|1700056423\n|switch|p1a: Greninja|Greninja, M|100\/100\n|turn|4\n|\n|t:|1700056436\n|move|p1a: Greninja|Surf|p2a: Bigender\n|-damage|p2a: Bigender|0 fnt\n|faint|p2a: Bigender\n|-end|p2a: Bigender|Quark Drive|[silent]\n|-ability|p1a: Greninja|Battle Bond|boost\n|-boost|p1a: Greninja|atk|1\n|-boost|p1a: Greninja|spa|1\n|-boost|p1a: Greninja|spe|1\n|-activate|p1a: Greninja|ability: Battle Bond\n|\n|-weather|RainDance|[upkeep]\n|-sideend|p1: fluckyoubasshole|move: Tailwind\n|upkeep\n|\n|t:|1700056442\n|switch|p2a: Transfem|Ogerpon-Wellspring, F|100\/100\n|turn|5\n|\n|t:|1700056452\n|switch|p1a: Zapdos|Zapdos|100\/100\n|move|p2a: Transfem|Swords Dance|p2a: Transfem\n|-boost|p2a: Transfem|atk|2\n|\n|-weather|RainDance|[upkeep]\n|upkeep\n|turn|6\n|\n|t:|1700056463\n|move|p2a: Transfem|Ivy Cudgel|p1a: Zapdos|[anim] Ivy Cudgel Water\n|-damage|p1a: Zapdos|0 fnt\n|faint|p1a: Zapdos\n|\n|-weather|RainDance|[upkeep]\n|upkeep\n|\n|t:|1700056472\n|switch|p1a: Greninja|Greninja, M|100\/100\n|turn|7\n|\n|t:|1700056487\n|move|p1a: Greninja|Dark Pulse|p2a: Transfem\n|-damage|p2a: Transfem|40\/100\n|move|p2a: Transfem|Horn Leech|p1a: Greninja\n|-supereffective|p1a: Greninja\n|-damage|p1a: Greninja|0 fnt\n|-heal|p2a: Transfem|88\/100|[from] drain|[of] p1a: Greninja\n|faint|p1a: Greninja\n|\n|-weather|RainDance|[upkeep]\n|upkeep\n|\n|t:|1700056499\n|switch|p1a: Samurott|Samurott-Hisui, F|100\/100\n|turn|8\n|inactive|Skaraptor2.1 has 120 seconds left.\n|\n|t:|1700056529\n|move|p2a: Transfem|Horn Leech|p1a: Samurott\n|-supereffective|p1a: Samurott\n|-damage|p1a: Samurott|0 fnt\n|-heal|p2a: Transfem|100\/100|[from] drain|[of] p1a: Samurott\n|faint|p1a: Samurott\n|\n|-weather|none\n|upkeep\n|\n|t:|1700056538\n|switch|p1a: Glimmora|Glimmora, F|100\/100\n|turn|9\n|\n|t:|1700056543\n|move|p2a: Transfem|Ivy Cudgel|p1a: Glimmora|[anim] Ivy Cudgel Water\n|-supereffective|p1a: Glimmora\n|-enditem|p1a: Glimmora|Focus Sash\n|-damage|p1a: Glimmora|1\/100\n|-activate|p1a: Glimmora|ability: Toxic Debris\n|-sidestart|p2: Skaraptor2.1|move: Toxic Spikes\n|move|p1a: Glimmora|Stealth Rock|p2a: Transfem\n|-sidestart|p2: Skaraptor2.1|move: Stealth Rock\n|\n|upkeep\n|turn|10\n|\n|t:|1700056556\n|move|p2a: Transfem|Ivy Cudgel|p1a: Glimmora|[anim] Ivy Cudgel Water\n|-supereffective|p1a: Glimmora\n|-damage|p1a: Glimmora|0 fnt\n|-activate|p1a: Glimmora|ability: Toxic Debris\n|-sidestart|p2: Skaraptor2.1|move: Toxic Spikes\n|faint|p1a: Glimmora\n|\n|upkeep\n|\n|t:|1700056564\n|switch|p1a: Kingambit|Kingambit, M|100\/100\n|-activate|p1a: Kingambit|ability: Supreme Overlord\n|-start|p1a: Kingambit|fallen5|[silent]\n|turn|11\n|\n|t:|1700056571\n|move|p1a: Kingambit|Sucker Punch|p2a: Transfem\n|-damage|p2a: Transfem|24\/100\n|move|p2a: Transfem|Ivy Cudgel|p1a: Kingambit|[anim] Ivy Cudgel Water\n|-damage|p1a: Kingambit|21\/100\n|\n|-heal|p1a: Kingambit|27\/100|[from] item: Leftovers\n|upkeep\n|turn|12\n|-message|fluckyoubasshole lost by having an inappropriate name.\n|l|fluckyoubasshole\n|\n|win|Skaraptor2.1\n|raw|fluckyoubasshole's rating: 1165 &rarr; <strong>1146<\/strong><br \/>(-19 for losing)\n|raw|Skaraptor2.1's rating: 1245 &rarr; <strong>1264<\/strong><br \/>(+19 for winning)\n","uploadtime":1700056577,"views":11,"p1id":"fluckyoubasshole","p2id":"skaraptor21","formatid":"gen9ou","rating":1146,"private":0,"password":""}