{"id":"gen9ou-1989272175","p1":"FIRE LORD AESON!","p2":"Izlymoney","format":"[Gen 9] OU","log":"|j|\u2606FIRE LORD AESON!\n|j|\u2606Izlymoney\n|t:|1699830401\n|gametype|singles\n|player|p1|FIRE LORD AESON!|red-gen1|1644\n|player|p2|Izlymoney|dragontamer|1649\n|teamsize|p1|6\n|teamsize|p2|6\n|gen|9\n|tier|[Gen 9] OU\n|rated|\n|rule|Sleep Clause Mod: Limit one foe put to sleep\n|rule|Species Clause: Limit one of each Pok\u00e9mon\n|rule|OHKO Clause: OHKO moves are banned\n|rule|Evasion Items Clause: Evasion items are banned\n|rule|Evasion Moves Clause: Evasion moves are banned\n|rule|Endless Battle Clause: Forcing endless battles is banned\n|rule|HP Percentage Mod: HP is shown in percentages\n|clearpoke\n|poke|p1|Ceruledge, M|\n|poke|p1|Torkoal, M|\n|poke|p1|Heatran, M|\n|poke|p1|Cinderace, M|\n|poke|p1|Volcanion|\n|poke|p1|Armarouge, F|\n|poke|p2|Torterra, F|\n|poke|p2|Ninetales-Alola, F|\n|poke|p2|Azelf|\n|poke|p2|Haxorus, F|\n|poke|p2|Quaquaval, F|\n|poke|p2|Ceruledge, M|\n|teampreview\n|c|\u2606Izlymoney|Where is the Avatar when we need him the most ?!\n|j| Tiranito\n|c|\u2606FIRE LORD AESON!|lololololol\n|c|\u2606Izlymoney|The Fire Lord has conquered Showdown\n|j| teamtester48\n|\n|t:|1699830465\n|start\n|switch|p1a: PLAYBOY|Cinderace, M|100\/100\n|switch|p2a: Quaquaval|Quaquaval, F|100\/100\n|turn|1\n|c|\u2606FIRE LORD AESON!|not yet. working on it tho....\n|c|\u2606FIRE LORD AESON!|https:\/\/youtu.be\/-gP-5RD6VPk?si=x1-uitglVtTXbpoX\n|\n|t:|1699830503\n|move|p1a: PLAYBOY|High Jump Kick|p2a: Quaquaval\n|-start|p1a: PLAYBOY|typechange|Fighting|[from] ability: Libero\n|-damage|p2a: Quaquaval|5\/100\n|-damage|p1a: PLAYBOY|91\/100|[from] item: Life Orb\n|move|p2a: Quaquaval|Knock Off|p1a: PLAYBOY\n|-resisted|p1a: PLAYBOY\n|-damage|p1a: PLAYBOY|67\/100\n|-enditem|p1a: PLAYBOY|Life Orb|[from] move: Knock Off|[of] p2a: Quaquaval\n|\n|upkeep\n|turn|2\n|c|\u2606Izlymoney|This vid is fire lmao\n|c|\u2606FIRE LORD AESON!|LOL\n|\n|t:|1699830594\n|move|p1a: PLAYBOY|Pyro Ball|p2a: Quaquaval|[miss]\n|-miss|p1a: PLAYBOY|p2a: Quaquaval\n|move|p2a: Quaquaval|Aqua Step|p1a: PLAYBOY\n|-damage|p1a: PLAYBOY|16\/100\n|-boost|p2a: Quaquaval|spe|1\n|\n|upkeep\n|turn|3\n|\n|t:|1699830613\n|move|p1a: PLAYBOY|Sucker Punch|p2a: Quaquaval\n|-resisted|p2a: Quaquaval\n|-damage|p2a: Quaquaval|0 fnt\n|faint|p2a: Quaquaval\n|\n|upkeep\n|c|\u2606FIRE LORD AESON!|sigh.....\n|\n|t:|1699830623\n|switch|p2a: Ceruledge|Ceruledge, M|100\/100\n|turn|4\n|\n|t:|1699830636\n|switch|p1a: BE LIKE WATER|Volcanion|100\/100\n|-item|p1a: BE LIKE WATER|Air Balloon\n|move|p2a: Ceruledge|Swords Dance|p2a: Ceruledge\n|-boost|p2a: Ceruledge|atk|2\n|\n|upkeep\n|turn|5\n|\n|t:|1699830646\n|move|p2a: Ceruledge|Poltergeist|p1a: BE LIKE WATER\n|-activate|p1a: BE LIKE WATER|move: Poltergeist|Air Balloon\n|-damage|p1a: BE LIKE WATER|25\/100\n|-enditem|p1a: BE LIKE WATER|Air Balloon\n|move|p1a: BE LIKE WATER|Steam Eruption|p2a: Ceruledge\n|-supereffective|p2a: Ceruledge\n|-enditem|p2a: Ceruledge|Focus Sash\n|-damage|p2a: Ceruledge|1\/100\n|\n|upkeep\n|turn|6\n|\n|t:|1699830663\n|move|p2a: Ceruledge|Shadow Sneak|p1a: BE LIKE WATER\n|-damage|p1a: BE LIKE WATER|0 fnt\n|faint|p1a: BE LIKE WATER\n|\n|upkeep\n|c|\u2606Izlymoney|We got a minion of the Fire Lord !\n|l| teamtester48\n|\n|t:|1699830713\n|switch|p1a: SUBSCRIBE 2 AESON!|Torkoal, M|100\/100\n|-weather|SunnyDay|[from] ability: Drought|[of] p1a: SUBSCRIBE 2 AESON!\n|turn|7\n|\n|t:|1699830724\n|move|p2a: Ceruledge|Bitter Blade|p1a: SUBSCRIBE 2 AESON!\n|-resisted|p1a: SUBSCRIBE 2 AESON!\n|-damage|p1a: SUBSCRIBE 2 AESON!|45\/100\n|-heal|p2a: Ceruledge|33\/100|[from] drain|[of] p1a: SUBSCRIBE 2 AESON!\n|move|p1a: SUBSCRIBE 2 AESON!|Stealth Rock|p2a: Ceruledge\n|-sidestart|p2: Izlymoney|move: Stealth Rock\n|\n|-weather|SunnyDay|[upkeep]\n|upkeep\n|turn|8\n|c|\u2606FIRE LORD AESON!|jesus...!!\n|c|\u2606FIRE LORD AESON!|what have I done....???\n|\n|t:|1699830751\n|move|p2a: Ceruledge|Swords Dance|p2a: Ceruledge\n|-boost|p2a: Ceruledge|atk|2\n|move|p1a: SUBSCRIBE 2 AESON!|Earth Power|p2a: Ceruledge\n|-supereffective|p2a: Ceruledge\n|-crit|p2a: Ceruledge\n|-damage|p2a: Ceruledge|0 fnt\n|faint|p2a: Ceruledge\n|\n|-weather|SunnyDay|[upkeep]\n|upkeep\n|c|\u2606FIRE LORD AESON!|phew\n|c|\u2606Izlymoney|Oh no\n|c|\u2606Izlymoney|The Fire Lord has Earth benders in his army\n|\n|t:|1699830797\n|switch|p2a: Ninetales|Ninetales-Alola, F, shiny|100\/100\n|-damage|p2a: Ninetales|76\/100|[from] Stealth Rock\n|-weather|Snow|[from] ability: Snow Warning|[of] p2a: Ninetales\n|turn|9\n|c|\u2606FIRE LORD AESON!|heh....water benders too. dont forget volc\n|\n|t:|1699830825\n|move|p2a: Ninetales|Aurora Veil|p2a: Ninetales\n|-sidestart|p2: Izlymoney|move: Aurora Veil\n|move|p1a: SUBSCRIBE 2 AESON!|Yawn|p2a: Ninetales\n|-start|p2a: Ninetales|move: Yawn|[of] p1a: SUBSCRIBE 2 AESON!\n|\n|-weather|Snow|[upkeep]\n|upkeep\n|turn|10\n|\n|t:|1699830832\n|switch|p2a: Azelf|Azelf, shiny|100\/100\n|-damage|p2a: Azelf|88\/100|[from] Stealth Rock\n|move|p1a: SUBSCRIBE 2 AESON!|Yawn|p2a: Azelf\n|-start|p2a: Azelf|move: Yawn|[of] p1a: SUBSCRIBE 2 AESON!\n|\n|-weather|Snow|[upkeep]\n|upkeep\n|turn|11\n|\n|t:|1699830845\n|move|p2a: Azelf|Explosion|p1a: SUBSCRIBE 2 AESON!\n|-damage|p1a: SUBSCRIBE 2 AESON!|0 fnt\n|faint|p2a: Azelf\n|faint|p1a: SUBSCRIBE 2 AESON!\n|\n|-weather|Snow|[upkeep]\n|upkeep\n|c|\u2606Izlymoney|Your sacrifice won't be forgotten Boom Bender...\n|\n|t:|1699830891\n|switch|p2a: Haxorus|Haxorus, F, shiny|100\/100\n|switch|p1a: PLAYBOY|Cinderace, M|16\/100\n|-damage|p2a: Haxorus|88\/100|[from] Stealth Rock\n|-ability|p2a: Haxorus|Mold Breaker\n|turn|12\n|\n|t:|1699830903\n|move|p1a: PLAYBOY|High Jump Kick|p2a: Haxorus\n|-start|p1a: PLAYBOY|typechange|Fighting|[from] ability: Libero\n|-damage|p2a: Haxorus|49\/100\n|move|p2a: Haxorus|Earthquake|p1a: PLAYBOY\n|-damage|p1a: PLAYBOY|0 fnt\n|faint|p1a: PLAYBOY\n|\n|-weather|Snow|[upkeep]\n|upkeep\n|\n|t:|1699830944\n|switch|p1a: ROAD 2 RESPECT!|Heatran, M|100\/100\n|-item|p1a: ROAD 2 RESPECT!|Air Balloon\n|turn|13\n|\n|t:|1699830954\n|move|p2a: Haxorus|Close Combat|p1a: ROAD 2 RESPECT!\n|-supereffective|p1a: ROAD 2 RESPECT!\n|-damage|p1a: ROAD 2 RESPECT!|15\/100\n|-unboost|p2a: Haxorus|def|1\n|-unboost|p2a: Haxorus|spd|1\n|-status|p2a: Haxorus|brn|[from] ability: Flame Body|[of] p1a: ROAD 2 RESPECT!\n|-enditem|p1a: ROAD 2 RESPECT!|Air Balloon\n|move|p1a: ROAD 2 RESPECT!|Flash Cannon|p2a: Haxorus\n|-damage|p2a: Haxorus|0 fnt\n|faint|p2a: Haxorus\n|\n|-weather|none\n|upkeep\n|\n|t:|1699830970\n|switch|p2a: Torterra|Torterra, F|100\/100\n|-damage|p2a: Torterra|94\/100|[from] Stealth Rock\n|turn|14\n|c|\u2606FIRE LORD AESON!|fukkk.....didn't see that one coming!\n|\n|t:|1699830987\n|move|p2a: Torterra|Shell Smash|p2a: Torterra\n|-unboost|p2a: Torterra|def|1\n|-unboost|p2a: Torterra|spd|1\n|-boost|p2a: Torterra|atk|2\n|-boost|p2a: Torterra|spa|2\n|-boost|p2a: Torterra|spe|2\n|move|p1a: ROAD 2 RESPECT!|Magma Storm|p2a: Torterra\n|-supereffective|p2a: Torterra\n|-damage|p2a: Torterra|0 fnt\n|faint|p2a: Torterra\n|\n|upkeep\n|c|\u2606Izlymoney|Damn this turtle sucks\n|c|\u2606Izlymoney|Gg my Lord\n|c|\u2606FIRE LORD AESON!|nah...tort is goat\n|\n|t:|1699831030\n|switch|p2a: Ninetales|Ninetales-Alola, F, shiny|76\/100\n|-damage|p2a: Ninetales|51\/100|[from] Stealth Rock\n|-weather|Snow|[from] ability: Snow Warning|[of] p2a: Ninetales\n|turn|15\n|l| Tiranito\n|\n|t:|1699831047\n|move|p2a: Ninetales|Freeze-Dry|p1a: ROAD 2 RESPECT!\n|-resisted|p1a: ROAD 2 RESPECT!\n|-damage|p1a: ROAD 2 RESPECT!|11\/100\n|move|p1a: ROAD 2 RESPECT!|Flash Cannon|p2a: Ninetales\n|-supereffective|p2a: Ninetales\n|-damage|p2a: Ninetales|0 fnt\n|faint|p2a: Ninetales\n|\n|win|FIRE LORD AESON!\n|raw|FIRE LORD AESON!'s rating: 1644 &rarr; <strong>1664<\/strong><br \/>(+20 for winning)\n|raw|Izlymoney's rating: 1649 &rarr; <strong>1629<\/strong><br \/>(-20 for losing)\n|c|\u2606FIRE LORD AESON!|road 2 respect!\n|c|\u2606FIRE LORD AESON!|great game fam\n|c|\u2606FIRE LORD AESON!|did i earn your respect?\n|c|\u2606Izlymoney|You did my lord\n|c|\u2606FIRE LORD AESON!|lol. did i earn your sub?\n|c|\u2606FIRE LORD AESON!|also, do u discord?\n|c|\u2606Izlymoney|You will earn my sub\n|c|\u2606Izlymoney|I dont have discord tho\n|c|\u2606Izlymoney|Had a lot of fun, have a good day !\n|l|\u2606Izlymoney\n|c|\u2606FIRE LORD AESON!|!!!! no worries! Discord is pretty cool, actually met a lot of real friends on there\n","uploadtime":1699831170,"views":26,"p1id":"firelordaeson","p2id":"izlymoney","formatid":"gen9ou","rating":1629,"private":0,"password":""}