{"id":"gen9ou-1991432116","p1":"Ghiaccio515","p2":"bnnnnkai","format":"[Gen 9] OU","log":"|j|\u2606Ghiaccio515\n|j|\u203dbnnnnkai\n|t:|1700076603\n|gametype|singles\n|player|p1|Ghiaccio515|n|1125\n|player|p2|bnnnnkai|2|1183\n|teamsize|p1|6\n|teamsize|p2|6\n|gen|9\n|tier|[Gen 9] OU\n|rated|\n|rule|Sleep Clause Mod: Limit one foe put to sleep\n|rule|Species Clause: Limit one of each Pok\u00e9mon\n|rule|OHKO Clause: OHKO moves are banned\n|rule|Evasion Items Clause: Evasion items are banned\n|rule|Evasion Moves Clause: Evasion moves are banned\n|rule|Endless Battle Clause: Forcing endless battles is banned\n|rule|HP Percentage Mod: HP is shown in percentages\n|clearpoke\n|poke|p1|Samurott-Hisui, F|\n|poke|p1|Ribombee, M|\n|poke|p1|Haxorus, F|\n|poke|p1|Kingambit, F|\n|poke|p1|Iron Moth|\n|poke|p1|Skeledirge, F|\n|poke|p2|Raichu, F|\n|poke|p2|Flareon, F|\n|poke|p2|Poliwrath, F|\n|poke|p2|Dugtrio, M|\n|poke|p2|Dragonite, F|\n|poke|p2|Gengar, M|\n|teampreview\n|\n|t:|1700076627\n|start\n|switch|p1a: Ribombee|Ribombee, M|100\/100\n|switch|p2a: Gengar|Gengar, M|100\/100\n|turn|1\n|\n|t:|1700076633\n|move|p2a: Gengar|Sludge Bomb|p1a: Ribombee\n|-supereffective|p1a: Ribombee\n|-enditem|p1a: Ribombee|Focus Sash\n|-damage|p1a: Ribombee|1\/100\n|move|p1a: Ribombee|Sticky Web|p2a: Gengar\n|-sidestart|p2: bnnnnkai|move: Sticky Web\n|\n|upkeep\n|turn|2\n|\n|t:|1700076641\n|switch|p2a: Poliwrath|Poliwrath, F|100\/100\n|-activate|p2a: Poliwrath|move: Sticky Web\n|-unboost|p2a: Poliwrath|spe|1\n|move|p1a: Ribombee|Psychic|p2a: Poliwrath\n|-supereffective|p2a: Poliwrath\n|-damage|p2a: Poliwrath|43\/100\n|\n|-heal|p2a: Poliwrath|49\/100|[from] item: Leftovers\n|upkeep\n|turn|3\n|\n|t:|1700076647\n|move|p1a: Ribombee|Moonblast|p2a: Poliwrath\n|-supereffective|p2a: Poliwrath\n|-damage|p2a: Poliwrath|0 fnt\n|faint|p2a: Poliwrath\n|\n|upkeep\n|\n|t:|1700076656\n|switch|p2a: Gengar|Gengar, M|100\/100\n|-activate|p2a: Gengar|move: Sticky Web\n|-unboost|p2a: Gengar|spe|1\n|turn|4\n|\n|t:|1700076661\n|move|p1a: Ribombee|Psychic|p2a: Gengar\n|-supereffective|p2a: Gengar\n|-damage|p2a: Gengar|13\/100\n|move|p2a: Gengar|Sludge Bomb|p1a: Ribombee\n|-supereffective|p1a: Ribombee\n|-damage|p1a: Ribombee|0 fnt\n|faint|p1a: Ribombee\n|\n|upkeep\n|\n|t:|1700076665\n|switch|p1a: Haxorus|Haxorus, F|100\/100\n|turn|5\n|\n|t:|1700076671\n|switch|p2a: Dragonite|Dragonite, F|100\/100\n|move|p1a: Haxorus|Swords Dance|p1a: Haxorus\n|-boost|p1a: Haxorus|atk|2\n|\n|upkeep\n|turn|6\n|\n|t:|1700076677\n|-terastallize|p2a: Dragonite|Water\n|move|p1a: Haxorus|Scale Shot|p2a: Dragonite\n|-damage|p2a: Dragonite|78\/100\n|-damage|p2a: Dragonite|34\/100\n|-damage|p2a: Dragonite|0 fnt\n|faint|p2a: Dragonite\n|-hitcount|p2: Dragonite|3\n|-unboost|p1a: Haxorus|def|1\n|-boost|p1a: Haxorus|spe|1\n|\n|upkeep\n|-message|bnnnnkai forfeited.\n|\n|win|Ghiaccio515\n|raw|Ghiaccio515's rating: 1125 &rarr; <strong>1154<\/strong><br \/>(+29 for winning)\n|raw|bnnnnkai's rating: 1183 &rarr; <strong>1154<\/strong><br \/>(-29 for losing)\n|l|\u203dbnnnnkai\n","uploadtime":1700076691,"views":13,"p1id":"ghiaccio515","p2id":"bnnnnkai","formatid":"gen9ou","rating":1154,"private":0,"password":""}