{"id":"gen9ou-1996956532","p1":"yyysneasel","p2":"jw0311","format":"[Gen 9] OU","log":"|j|\u2606yyysneasel\n|j|\u2606jw0311\n|t:|1700749429\n|gametype|singles\n|player|p1|yyysneasel|bugcatcher-gen4dp|1721\n|player|p2|jw0311|ghetsis-gen5bw|1843\n|teamsize|p1|6\n|teamsize|p2|6\n|gen|9\n|tier|[Gen 9] OU\n|rated|\n|rule|Sleep Clause Mod: Limit one foe put to sleep\n|rule|Species Clause: Limit one of each Pok\u00e9mon\n|rule|OHKO Clause: OHKO moves are banned\n|rule|Evasion Items Clause: Evasion items are banned\n|rule|Evasion Moves Clause: Evasion moves are banned\n|rule|Endless Battle Clause: Forcing endless battles is banned\n|rule|HP Percentage Mod: HP is shown in percentages\n|clearpoke\n|poke|p1|Corviknight, M|\n|poke|p1|Toxapex, F|\n|poke|p1|Dondozo, M|\n|poke|p1|Slowking-Galar, M|\n|poke|p1|Blissey, F|\n|poke|p1|Clefable, F|\n|poke|p2|Iron Moth|\n|poke|p2|Ceruledge, M|\n|poke|p2|Infernape, F|\n|poke|p2|Kingambit, M|\n|poke|p2|Great Tusk|\n|poke|p2|Ribombee, M|\n|teampreview\n|inactive|Battle timer is ON: inactive players will automatically lose when time's up. (requested by jw0311)\n|\n|t:|1700749448\n|start\n|switch|p1a: stannin on bihness|Toxapex, F|100\/100\n|switch|p2a: Iron Moth|Iron Moth|100\/100\n|-enditem|p2a: Iron Moth|Booster Energy\n|-activate|p2a: Iron Moth|ability: Quark Drive|[fromitem]\n|-start|p2a: Iron Moth|quarkdrivespa\n|turn|1\n|j| YB is BETTER\n|inactive|yyysneasel has 120 seconds left.\n|c|\u2606jw0311|Hello baby\n|\n|t:|1700749503\n|move|p2a: Iron Moth|Psychic|p1a: stannin on bihness\n|-supereffective|p1a: stannin on bihness\n|-damage|p1a: stannin on bihness|20\/100\n|move|p1a: stannin on bihness|Infestation|p2a: Iron Moth\n|-resisted|p2a: Iron Moth\n|-damage|p2a: Iron Moth|99\/100\n|-activate|p2a: Iron Moth|move: Infestation|[of] p1a: stannin on bihness\n|\n|-damage|p2a: Iron Moth|88\/100|[from] move: Infestation|[partiallytrapped]\n|upkeep\n|turn|2\n|c|\u2606yyysneasel|?\n|\n|t:|1700749514\n|switch|p1a: ban dengo ffs|Blissey, F|100\/100\n|move|p2a: Iron Moth|Fiery Dance|p1a: ban dengo ffs\n|-damage|p1a: ban dengo ffs|78\/100\n|\n|-end|p2a: Iron Moth|Infestation|[partiallytrapped]|[silent]\n|upkeep\n|turn|3\n|j| williamkng123\n|\n|t:|1700749518\n|move|p2a: Iron Moth|Fiery Dance|p1a: ban dengo ffs\n|-damage|p1a: ban dengo ffs|54\/100\n|move|p1a: ban dengo ffs|Seismic Toss|p2a: Iron Moth\n|-damage|p2a: Iron Moth|54\/100\n|\n|upkeep\n|turn|4\n|\n|t:|1700749520\n|move|p2a: Iron Moth|Fiery Dance|p1a: ban dengo ffs\n|-damage|p1a: ban dengo ffs|32\/100\n|move|p1a: ban dengo ffs|Soft-Boiled|p1a: ban dengo ffs\n|-heal|p1a: ban dengo ffs|82\/100\n|\n|upkeep\n|turn|5\n|\n|t:|1700749524\n|move|p2a: Iron Moth|Fiery Dance|p1a: ban dengo ffs\n|-damage|p1a: ban dengo ffs|58\/100\n|-boost|p2a: Iron Moth|spa|1\n|move|p1a: ban dengo ffs|Seismic Toss|p2a: Iron Moth\n|-damage|p2a: Iron Moth|21\/100\n|\n|upkeep\n|turn|6\n|j| Yuriaa\n|\n|t:|1700749527\n|move|p2a: Iron Moth|Fiery Dance|p1a: ban dengo ffs\n|-damage|p1a: ban dengo ffs|26\/100\n|-boost|p2a: Iron Moth|spa|1\n|move|p1a: ban dengo ffs|Soft-Boiled|p1a: ban dengo ffs\n|-heal|p1a: ban dengo ffs|76\/100\n|\n|upkeep\n|turn|7\n|\n|t:|1700749531\n|move|p2a: Iron Moth|Fiery Dance|p1a: ban dengo ffs\n|-damage|p1a: ban dengo ffs|26\/100\n|-boost|p2a: Iron Moth|spa|1\n|move|p1a: ban dengo ffs|Soft-Boiled|p1a: ban dengo ffs\n|-heal|p1a: ban dengo ffs|76\/100\n|\n|upkeep\n|turn|8\n|\n|t:|1700749533\n|move|p2a: Iron Moth|Fiery Dance|p1a: ban dengo ffs\n|-damage|p1a: ban dengo ffs|19\/100\n|move|p1a: ban dengo ffs|Seismic Toss|p2a: Iron Moth\n|-damage|p2a: Iron Moth|0 fnt\n|faint|p2a: Iron Moth\n|-end|p2a: Iron Moth|Quark Drive|[silent]\n|\n|upkeep\n|\n|t:|1700749539\n|switch|p2a: Infernape|Infernape, F|100\/100\n|turn|9\n|\n|t:|1700749545\n|switch|p1a: stannin on bihness|Toxapex, F|53\/100\n|move|p2a: Infernape|Swords Dance|p2a: Infernape\n|-boost|p2a: Infernape|atk|2\n|\n|upkeep\n|turn|10\n|\n|t:|1700749550\n|switch|p1a: Ripbozo \ud83d\ude02 \ud83d\ude02|Dondozo, M|100\/100\n|move|p2a: Infernape|Swords Dance|p2a: Infernape\n|-boost|p2a: Infernape|atk|2\n|\n|upkeep\n|turn|11\n|\n|t:|1700749554\n|-terastallize|p2a: Infernape|Grass\n|move|p2a: Infernape|Grass Knot|p1a: Ripbozo \ud83d\ude02 \ud83d\ude02\n|-supereffective|p1a: Ripbozo \ud83d\ude02 \ud83d\ude02\n|-damage|p1a: Ripbozo \ud83d\ude02 \ud83d\ude02|14\/100\n|move|p1a: Ripbozo \ud83d\ude02 \ud83d\ude02|Wave Crash|p2a: Infernape\n|-resisted|p2a: Infernape\n|-damage|p2a: Infernape|66\/100\n|-damage|p1a: Ripbozo \ud83d\ude02 \ud83d\ude02|8\/100|[from] Recoil\n|\n|-heal|p2a: Infernape|72\/100|[from] item: Leftovers\n|-heal|p1a: Ripbozo \ud83d\ude02 \ud83d\ude02|14\/100|[from] item: Leftovers\n|upkeep\n|turn|12\n|\n|t:|1700749564\n|switch|p1a: ban dengo ffs|Blissey, F|19\/100\n|move|p2a: Infernape|Grass Knot|p1a: ban dengo ffs\n|-damage|p1a: ban dengo ffs|11\/100\n|\n|-heal|p2a: Infernape|78\/100|[from] item: Leftovers\n|upkeep\n|turn|13\n|\n|t:|1700749570\n|move|p2a: Infernape|Swords Dance|p2a: Infernape\n|-boost|p2a: Infernape|atk|2\n|move|p1a: ban dengo ffs|Stealth Rock|p2a: Infernape\n|-sidestart|p2: jw0311|move: Stealth Rock\n|\n|-heal|p2a: Infernape|84\/100|[from] item: Leftovers\n|upkeep\n|turn|14\n|\n|t:|1700749575\n|move|p2a: Infernape|Fire Punch|p1a: ban dengo ffs\n|-damage|p1a: ban dengo ffs|0 fnt\n|faint|p1a: ban dengo ffs\n|\n|-heal|p2a: Infernape|91\/100|[from] item: Leftovers\n|upkeep\n|\n|t:|1700749577\n|switch|p1a: It's Joever|Clefable, F|100\/100\n|turn|15\n|\n|t:|1700749581\n|move|p2a: Infernape|Fire Punch|p1a: It's Joever\n|-damage|p1a: It's Joever|59\/100\n|move|p1a: It's Joever|Wish|p1a: It's Joever\n|\n|-heal|p2a: Infernape|97\/100|[from] item: Leftovers\n|upkeep\n|turn|16\n|j| dfghhhg\n|\n|t:|1700749587\n|move|p2a: Infernape|Fire Punch|p1a: It's Joever\n|-damage|p1a: It's Joever|13\/100\n|move|p1a: It's Joever|Knock Off|p2a: Infernape\n|-damage|p2a: Infernape|69\/100\n|-enditem|p2a: Infernape|Leftovers|[from] move: Knock Off|[of] p1a: It's Joever\n|\n|-heal|p1a: It's Joever|63\/100|[from] move: Wish|[wisher] It's Joever\n|upkeep\n|turn|17\n|\n|t:|1700749591\n|move|p1a: It's Joever|Protect|p1a: It's Joever\n|-singleturn|p1a: It's Joever|Protect\n|move|p2a: Infernape|Fire Punch|p1a: It's Joever\n|-activate|p1a: It's Joever|move: Protect\n|\n|upkeep\n|turn|18\n|\n|t:|1700749594\n|move|p2a: Infernape|Fire Punch|p1a: It's Joever\n|-damage|p1a: It's Joever|14\/100\n|-status|p1a: It's Joever|brn\n|move|p1a: It's Joever|Wish|p1a: It's Joever\n|\n|-damage|p1a: It's Joever|8\/100 brn|[from] brn\n|upkeep\n|turn|19\n|\n|t:|1700749597\n|move|p1a: It's Joever|Protect|p1a: It's Joever\n|-singleturn|p1a: It's Joever|Protect\n|move|p2a: Infernape|Fire Punch|p1a: It's Joever\n|-activate|p1a: It's Joever|move: Protect\n|\n|-heal|p1a: It's Joever|58\/100 brn|[from] move: Wish|[wisher] It's Joever\n|-damage|p1a: It's Joever|52\/100 brn|[from] brn\n|upkeep\n|turn|20\n|\n|t:|1700749600\n|move|p2a: Infernape|Fire Punch|p1a: It's Joever\n|-damage|p1a: It's Joever|7\/100 brn\n|move|p1a: It's Joever|Moonblast|p2a: Infernape\n|-damage|p2a: Infernape|24\/100\n|\n|-damage|p1a: It's Joever|1\/100 brn|[from] brn\n|upkeep\n|turn|21\n|\n|t:|1700749605\n|move|p2a: Infernape|Fire Punch|p1a: It's Joever\n|-damage|p1a: It's Joever|0 fnt\n|faint|p1a: It's Joever\n|\n|upkeep\n|\n|t:|1700749613\n|switch|p1a: Ripbozo \ud83d\ude02 \ud83d\ude02|Dondozo, M|14\/100\n|turn|22\n|c|\u2606jw0311|Man\n|c|\u2606jw0311|You mever beat me\n|\n|t:|1700749633\n|switch|p1a: FreePalestine\ud83c\uddf5\ud83c\uddf8|Corviknight, M|100\/100\n|-ability|p1a: FreePalestine\ud83c\uddf5\ud83c\uddf8|Pressure\n|move|p2a: Infernape|Grass Knot|p1a: FreePalestine\ud83c\uddf5\ud83c\uddf8\n|-resisted|p1a: FreePalestine\ud83c\uddf5\ud83c\uddf8\n|-damage|p1a: FreePalestine\ud83c\uddf5\ud83c\uddf8|93\/100\n|-damage|p2a: Infernape|8\/100|[from] item: Rocky Helmet|[of] p1a: FreePalestine\ud83c\uddf5\ud83c\uddf8\n|\n|upkeep\n|turn|23\n|c|\u2606yyysneasel|who are you?\n|\n|t:|1700749654\n|move|p2a: Infernape|Fire Punch|p1a: FreePalestine\ud83c\uddf5\ud83c\uddf8\n|-supereffective|p1a: FreePalestine\ud83c\uddf5\ud83c\uddf8\n|-damage|p1a: FreePalestine\ud83c\uddf5\ud83c\uddf8|0 fnt\n|-damage|p2a: Infernape|0 fnt|[from] item: Rocky Helmet|[of] p1a: FreePalestine\ud83c\uddf5\ud83c\uddf8\n|faint|p1a: FreePalestine\ud83c\uddf5\ud83c\uddf8\n|faint|p2a: Infernape\n|\n|upkeep\n|\n|t:|1700749662\n|switch|p2a: Great Tusk|Great Tusk|100\/100\n|switch|p1a: Ripbozo \ud83d\ude02 \ud83d\ude02|Dondozo, M|14\/100\n|-damage|p2a: Great Tusk|98\/100|[from] Stealth Rock\n|turn|24\n|-message|yyysneasel forfeited.\n|\n|win|jw0311\n|raw|yyysneasel's rating: 1695 &rarr; <strong>1683<\/strong><br \/>(-12 for losing)\n|raw|jw0311's rating: 1843 &rarr; <strong>1855<\/strong><br \/>(+12 for winning)\n|l|\u2606yyysneasel\n|c|\u2606jw0311|Gg\n|c|\u2606jw0311|I dont know\n|c|\u2606jw0311|We battle all the time\n|c|\u2606jw0311|And you always lose\n|l| Yuriaa\n|l|\u2606jw0311\n","uploadtime":1700749744,"views":5,"p1id":"yyysneasel","p2id":"jw0311","formatid":"gen9ou","rating":1683,"private":0,"password":""}