{"id":"gen9ou-1994264982","p1":"WeirdPuppetries","p2":"ZacianBoi101","format":"[Gen 9] OU","log":"|j|\u2606WeirdPuppetries\n|j|\u2606ZacianBoi101\n|t:|1700424978\n|gametype|singles\n|player|p1|WeirdPuppetries|aaron|1098\n|player|p2|ZacianBoi101|1|1190\n|teamsize|p1|6\n|teamsize|p2|6\n|gen|9\n|tier|[Gen 9] OU\n|rated|\n|rule|Sleep Clause Mod: Limit one foe put to sleep\n|rule|Species Clause: Limit one of each Pok\u00e9mon\n|rule|OHKO Clause: OHKO moves are banned\n|rule|Evasion Items Clause: Evasion items are banned\n|rule|Evasion Moves Clause: Evasion moves are banned\n|rule|Endless Battle Clause: Forcing endless battles is banned\n|rule|HP Percentage Mod: HP is shown in percentages\n|clearpoke\n|poke|p1|Seviper, F|\n|poke|p1|Dedenne, F|\n|poke|p1|Vivillon, M|\n|poke|p1|Cinderace, M|\n|poke|p1|Great Tusk|\n|poke|p1|Dragonite, M|\n|poke|p2|Dragapult, M|\n|poke|p2|Kingambit, M|\n|poke|p2|Quaquaval, M|\n|poke|p2|Enamorus, F|\n|poke|p2|Greninja-*, M|\n|poke|p2|Sneasler, M|\n|teampreview\n|inactive|Battle timer is ON: inactive players will automatically lose when time's up. (requested by ZacianBoi101)\n|\n|t:|1700424993\n|start\n|switch|p1a: Vivillon|Vivillon, M|100\/100\n|switch|p2a: Dragapult|Dragapult, M|100\/100\n|turn|1\n|inactive|WeirdPuppetries has 120 seconds left.\n|\n|t:|1700425026\n|-terastallize|p1a: Vivillon|Fairy\n|move|p2a: Dragapult|Dragon Dance|p2a: Dragapult\n|-boost|p2a: Dragapult|atk|1\n|-boost|p2a: Dragapult|spe|1\n|move|p1a: Vivillon|Stun Spore|p2a: Dragapult\n|-status|p2a: Dragapult|par\n|\n|upkeep\n|turn|2\n|\n|t:|1700425031\n|move|p2a: Dragapult|Dragon Dance|p2a: Dragapult\n|-boost|p2a: Dragapult|atk|1\n|-boost|p2a: Dragapult|spe|1\n|move|p1a: Vivillon|Confuse Ray|p2a: Dragapult\n|-start|p2a: Dragapult|confusion\n|\n|upkeep\n|turn|3\n|\n|t:|1700425035\n|-activate|p2a: Dragapult|confusion\n|move|p2a: Dragapult|Phantom Force||[still]\n|-prepare|p2a: Dragapult|Phantom Force\n|move|p1a: Vivillon|Air Slash|p2a: Dragapult|[miss]\n|-miss|p1a: Vivillon|p2a: Dragapult\n|\n|upkeep\n|turn|4\n|\n|t:|1700425040\n|-activate|p2a: Dragapult|confusion\n|move|p2a: Dragapult|Phantom Force|p1a: Vivillon|[from]lockedmove\n|-enditem|p1a: Vivillon|Focus Sash\n|-damage|p1a: Vivillon|1\/100\n|move|p1a: Vivillon|Air Slash|p2a: Dragapult\n|-damage|p2a: Dragapult|54\/100 par\n|\n|upkeep\n|turn|5\n|\n|t:|1700425045\n|-activate|p2a: Dragapult|confusion\n|cant|p2a: Dragapult|par\n|move|p1a: Vivillon|Air Slash|p2a: Dragapult\n|-damage|p2a: Dragapult|13\/100 par\n|\n|upkeep\n|turn|6\n|\n|t:|1700425050\n|-end|p2a: Dragapult|confusion\n|cant|p2a: Dragapult|par\n|move|p1a: Vivillon|Air Slash|p2a: Dragapult\n|-damage|p2a: Dragapult|0 fnt\n|faint|p2a: Dragapult\n|\n|upkeep\n|\n|t:|1700425055\n|switch|p2a: Greninja|Greninja, M|100\/100\n|turn|7\n|\n|t:|1700425062\n|switch|p1a: Dragonite|Dragonite, M|100\/100\n|move|p2a: Greninja|Ice Beam|p1a: Dragonite\n|-supereffective|p1a: Dragonite\n|-damage|p1a: Dragonite|59\/100\n|-damage|p2a: Greninja|91\/100|[from] item: Life Orb\n|\n|-heal|p1a: Dragonite|66\/100|[from] item: Leftovers\n|upkeep\n|turn|8\n|\n|t:|1700425075\n|switch|p1a: Dedenne|Dedenne, F|100\/100\n|move|p2a: Greninja|Ice Beam|p1a: Dedenne\n|-damage|p1a: Dedenne|43\/100\n|-enditem|p1a: Dedenne|Sitrus Berry|[eat]\n|-heal|p1a: Dedenne|68\/100|[from] item: Sitrus Berry\n|-heal|p1a: Dedenne|100\/100|[from] ability: Cheek Pouch\n|-damage|p2a: Greninja|81\/100|[from] item: Life Orb\n|\n|upkeep\n|turn|9\n|\n|t:|1700425082\n|-terastallize|p2a: Greninja|Water\n|move|p2a: Greninja|Hydro Pump|p1a: Dedenne|[miss]\n|-miss|p2a: Greninja|p1a: Dedenne\n|move|p1a: Dedenne|Nuzzle|p2a: Greninja\n|-supereffective|p2a: Greninja\n|-damage|p2a: Greninja|66\/100\n|-status|p2a: Greninja|par\n|\n|upkeep\n|turn|10\n|\n|t:|1700425086\n|move|p1a: Dedenne|Volt Switch|p2a: Greninja\n|-supereffective|p2a: Greninja\n|-damage|p2a: Greninja|0 fnt\n|faint|p2a: Greninja\n|\n|t:|1700425090\n|switch|p1a: Dragonite|Dragonite, M|66\/100|[from] Volt Switch\n|\n|-heal|p1a: Dragonite|72\/100|[from] item: Leftovers\n|upkeep\n|c|\u2606ZacianBoi101|Lucky bitch\n|n|!ZacianBoi101|zacianboi101\n|\n|t:|1700425102\n|switch|p2a: Quaquaval|Quaquaval, M|100\/100\n|turn|11\n|\n|t:|1700425110\n|switch|p1a: Cinderace|Cinderace, M|100\/100\n|move|p2a: Quaquaval|Aqua Step|p1a: Cinderace\n|-supereffective|p1a: Cinderace\n|-damage|p1a: Cinderace|0 fnt\n|-boost|p2a: Quaquaval|spe|1\n|faint|p1a: Cinderace\n|-ability|p2a: Quaquaval|Moxie|boost\n|-boost|p2a: Quaquaval|atk|1\n|\n|upkeep\n|\n|t:|1700425124\n|switch|p1a: Dragonite|Dragonite, M|72\/100\n|turn|12\n|\n|t:|1700425153\n|move|p2a: Quaquaval|Ice Spinner|p1a: Dragonite\n|-supereffective|p1a: Dragonite\n|-damage|p1a: Dragonite|0 fnt\n|faint|p1a: Dragonite\n|-ability|p2a: Quaquaval|Moxie|boost\n|-boost|p2a: Quaquaval|atk|1\n|\n|upkeep\n|\n|t:|1700425158\n|switch|p1a: Great Tusk|Great Tusk|100\/100\n|turn|13\n|-message|WeirdPuppetries forfeited.\n|\n|win|ZacianBoi101\n|raw|WeirdPuppetries's rating: 1098 &rarr; <strong>1080<\/strong><br \/>(-18 for losing)\n|raw|ZacianBoi101's rating: 1190 &rarr; <strong>1209<\/strong><br \/>(+19 for winning)\n","uploadtime":1700425097,"views":12,"p1id":"weirdpuppetries","p2id":"zacianboi101","formatid":"gen9ou","rating":1080,"private":0,"password":""}