{"id":"gen9ou-1992777673","p1":"williwont","p2":"stoner wizard","format":"[Gen 9] OU","log":"|j|\u2606williwont\n|j|\u2606stoner wizard\n|t:|1700234583\n|gametype|singles\n|player|p1|williwont|rosa|\n|player|p2|stoner wizard|battlegirl|\n|teamsize|p1|6\n|teamsize|p2|6\n|gen|9\n|tier|[Gen 9] OU\n|rule|Sleep Clause Mod: Limit one foe put to sleep\n|rule|Species Clause: Limit one of each Pok\u00e9mon\n|rule|OHKO Clause: OHKO moves are banned\n|rule|Evasion Items Clause: Evasion items are banned\n|rule|Evasion Moves Clause: Evasion moves are banned\n|rule|Endless Battle Clause: Forcing endless battles is banned\n|rule|HP Percentage Mod: HP is shown in percentages\n|clearpoke\n|poke|p1|Thundurus-Therian, M|\n|poke|p1|Conkeldurr, M|\n|poke|p1|Milotic, M|\n|poke|p1|Infernape, M|\n|poke|p1|Tornadus-Therian, M|\n|poke|p1|Leavanny, M|\n|poke|p2|Slither Wing|\n|poke|p2|Garganacl, F|\n|poke|p2|Tatsugiri, F|\n|poke|p2|Basculegion-F, F|\n|poke|p2|Ceruledge, M|\n|poke|p2|Cinderace, M|\n|teampreview\n|inactive|Battle timer is ON: inactive players will automatically lose when time's up. (requested by williwont)\n|\n|t:|1700234588\n|start\n|switch|p1a: Leavanny|Leavanny, M, shiny|100\/100\n|switch|p2a: Arda|Cinderace, M|100\/100\n|turn|1\n|\n|t:|1700234599\n|switch|p1a: Milotic|Milotic, M, shiny|100\/100\n|move|p2a: Arda|U-turn|p1a: Milotic\n|-start|p2a: Arda|typechange|Bug|[from] ability: Libero\n|-damage|p1a: Milotic|75\/100\n|\n|t:|1700234612\n|switch|p2a: Yippee|Tatsugiri, F|100\/100|[from] U-turn\n|\n|-heal|p1a: Milotic|81\/100|[from] item: Leftovers\n|upkeep\n|turn|2\n|\n|t:|1700234634\n|move|p2a: Yippee|Draco Meteor|p1a: Milotic\n|-damage|p1a: Milotic|9\/100\n|-unboost|p2a: Yippee|spa|2\n|move|p1a: Milotic|Recover|p1a: Milotic\n|-heal|p1a: Milotic|59\/100\n|\n|-heal|p1a: Milotic|65\/100|[from] item: Leftovers\n|upkeep\n|turn|3\n|c|\u2606stoner wizard|did you save the last rplay\n|c|\u2606williwont|i did\n|inactive|williwont has 270 seconds left.\n|c|\u2606stoner wizard|ok\n|c|\u2606williwont|sent it on discord\n|c|\u2606stoner wizard|good\n|\n|t:|1700234676\n|switch|p1a: Tornadus|Tornadus-Therian, M, shiny|100\/100\n|move|p2a: Yippee|Draco Meteor|p1a: Tornadus\n|-crit|p1a: Tornadus\n|-damage|p1a: Tornadus|0 fnt\n|-unboost|p2a: Yippee|spa|2\n|faint|p1a: Tornadus\n|\n|upkeep\n|c|\u2606williwont|MAN.\n|\n|t:|1700234688\n|switch|p1a: Thundurus|Thundurus-Therian, M|100\/100\n|turn|4\n|\n|t:|1700234696\n|move|p1a: Thundurus|Nasty Plot|p1a: Thundurus\n|-boost|p1a: Thundurus|spa|2\n|move|p2a: Yippee|Draco Meteor|p1a: Thundurus|[miss]\n|-miss|p2a: Yippee|p1a: Thundurus\n|\n|upkeep\n|turn|5\n|\n|t:|1700234706\n|move|p1a: Thundurus|Thunderbolt|p2a: Yippee\n|-damage|p2a: Yippee|0 fnt\n|faint|p2a: Yippee\n|\n|upkeep\n|\n|t:|1700234713\n|switch|p2a: Arda|Cinderace, M|100\/100\n|turn|6\n|\n|t:|1700234718\n|-terastallize|p1a: Thundurus|Water\n|move|p2a: Arda|Pyro Ball|p1a: Thundurus\n|-resisted|p1a: Thundurus\n|-damage|p1a: Thundurus|54\/100\n|-status|p1a: Thundurus|brn\n|move|p1a: Thundurus|Thunderbolt|p2a: Arda\n|-damage|p2a: Arda|0 fnt\n|faint|p2a: Arda\n|\n|-damage|p1a: Thundurus|48\/100 brn|[from] brn\n|upkeep\n|\n|t:|1700234727\n|switch|p2a: Bug Shaker|Slither Wing|100\/100\n|turn|7\n|\n|t:|1700234732\n|switch|p1a: Conkeldurr|Conkeldurr, M, shiny|100\/100\n|move|p2a: Bug Shaker|First Impression|p1a: Conkeldurr\n|-resisted|p1a: Conkeldurr\n|-damage|p1a: Conkeldurr|79\/100\n|-damage|p2a: Bug Shaker|91\/100|[from] item: Life Orb\n|\n|-heal|p1a: Conkeldurr|86\/100|[from] item: Leftovers\n|upkeep\n|turn|8\n|\n|t:|1700234744\n|move|p2a: Bug Shaker|Close Combat|p1a: Conkeldurr\n|-damage|p1a: Conkeldurr|31\/100\n|-unboost|p2a: Bug Shaker|def|1\n|-unboost|p2a: Bug Shaker|spd|1\n|-damage|p2a: Bug Shaker|81\/100|[from] item: Life Orb\n|move|p1a: Conkeldurr|Knock Off|p2a: Bug Shaker\n|-resisted|p2a: Bug Shaker\n|-damage|p2a: Bug Shaker|53\/100\n|-enditem|p2a: Bug Shaker|Life Orb|[from] move: Knock Off|[of] p1a: Conkeldurr\n|\n|-heal|p1a: Conkeldurr|37\/100|[from] item: Leftovers\n|upkeep\n|turn|9\n|\n|t:|1700234758\n|switch|p1a: Milotic|Milotic, M, shiny|65\/100\n|move|p2a: Bug Shaker|Close Combat|p1a: Milotic\n|-damage|p1a: Milotic|22\/100\n|-unboost|p2a: Bug Shaker|def|1\n|-unboost|p2a: Bug Shaker|spd|1\n|\n|-heal|p1a: Milotic|28\/100|[from] item: Leftovers\n|upkeep\n|turn|10\n|\n|t:|1700234781\n|move|p2a: Bug Shaker|Close Combat|p1a: Milotic\n|-damage|p1a: Milotic|0 fnt\n|-unboost|p2a: Bug Shaker|def|1\n|-unboost|p2a: Bug Shaker|spd|1\n|faint|p1a: Milotic\n|\n|upkeep\n|\n|t:|1700234784\n|switch|p1a: Infernape|Infernape, M, shiny|100\/100\n|turn|11\n|\n|t:|1700234791\n|-end|p2a: Bug Shaker|Protosynthesis|[silent]\n|switch|p2a: Iodium|Garganacl, F|100\/100\n|move|p1a: Infernape|Fake Out|p2a: Iodium\n|-resisted|p2a: Iodium\n|-damage|p2a: Iodium|97\/100\n|\n|-heal|p2a: Iodium|100\/100|[from] item: Leftovers\n|upkeep\n|turn|12\n|\n|t:|1700234803\n|move|p1a: Infernape|Stealth Rock|p2a: Iodium\n|-sidestart|p2: stoner wizard|move: Stealth Rock\n|move|p2a: Iodium|Curse|p2a: Iodium\n|-unboost|p2a: Iodium|spe|1\n|-boost|p2a: Iodium|atk|1\n|-boost|p2a: Iodium|def|1\n|\n|upkeep\n|turn|13\n|\n|t:|1700234816\n|move|p1a: Infernape|Knock Off|p2a: Iodium\n|-damage|p2a: Iodium|90\/100\n|-enditem|p2a: Iodium|Leftovers|[from] move: Knock Off|[of] p1a: Infernape\n|move|p2a: Iodium|Curse|p2a: Iodium\n|-unboost|p2a: Iodium|spe|1\n|-boost|p2a: Iodium|atk|1\n|-boost|p2a: Iodium|def|1\n|\n|upkeep\n|turn|14\n|\n|t:|1700234845\n|switch|p1a: Conkeldurr|Conkeldurr, M, shiny|37\/100\n|-terastallize|p2a: Iodium|Electric\n|move|p2a: Iodium|Recover|p2a: Iodium\n|-heal|p2a: Iodium|100\/100\n|\n|-heal|p1a: Conkeldurr|43\/100|[from] item: Leftovers\n|upkeep\n|turn|15\n|\n|t:|1700234853\n|move|p1a: Conkeldurr|Close Combat|p2a: Iodium\n|-damage|p2a: Iodium|86\/100\n|-unboost|p1a: Conkeldurr|def|1\n|-unboost|p1a: Conkeldurr|spd|1\n|move|p2a: Iodium|Salt Cure|p1a: Conkeldurr\n|-resisted|p1a: Conkeldurr\n|-damage|p1a: Conkeldurr|30\/100\n|-start|p1a: Conkeldurr|Salt Cure\n|\n|-heal|p1a: Conkeldurr|36\/100|[from] item: Leftovers\n|-damage|p1a: Conkeldurr|24\/100|[from] Salt Cure\n|upkeep\n|turn|16\n|\n|t:|1700234864\n|move|p1a: Conkeldurr|Close Combat|p2a: Iodium\n|-damage|p2a: Iodium|70\/100\n|-unboost|p1a: Conkeldurr|def|1\n|-unboost|p1a: Conkeldurr|spd|1\n|move|p2a: Iodium|Curse|p2a: Iodium\n|-unboost|p2a: Iodium|spe|1\n|-boost|p2a: Iodium|atk|1\n|-boost|p2a: Iodium|def|1\n|\n|-heal|p1a: Conkeldurr|30\/100|[from] item: Leftovers\n|-damage|p1a: Conkeldurr|18\/100|[from] Salt Cure\n|upkeep\n|turn|17\n|\n|t:|1700234874\n|move|p1a: Conkeldurr|Close Combat|p2a: Iodium\n|-damage|p2a: Iodium|59\/100\n|-unboost|p1a: Conkeldurr|def|1\n|-unboost|p1a: Conkeldurr|spd|1\n|move|p2a: Iodium|Recover|p2a: Iodium\n|-heal|p2a: Iodium|100\/100\n|\n|-heal|p1a: Conkeldurr|24\/100|[from] item: Leftovers\n|-damage|p1a: Conkeldurr|12\/100|[from] Salt Cure\n|upkeep\n|turn|18\n|\n|t:|1700234892\n|move|p1a: Conkeldurr|Close Combat|p2a: Iodium\n|-damage|p2a: Iodium|88\/100\n|-unboost|p1a: Conkeldurr|def|1\n|-unboost|p1a: Conkeldurr|spd|1\n|move|p2a: Iodium|Salt Cure|p1a: Conkeldurr\n|-resisted|p1a: Conkeldurr\n|-damage|p1a: Conkeldurr|0 fnt\n|faint|p1a: Conkeldurr\n|\n|upkeep\n|\n|t:|1700234900\n|switch|p1a: Thundurus|Thundurus-Therian, M, tera:Water|48\/100 brn\n|turn|19\n|\n|t:|1700234908\n|move|p1a: Thundurus|Grass Knot|p2a: Iodium\n|-damage|p2a: Iodium|48\/100\n|move|p2a: Iodium|Salt Cure|p1a: Thundurus\n|-damage|p1a: Thundurus|0 fnt\n|faint|p1a: Thundurus\n|\n|upkeep\n|\n|t:|1700234911\n|switch|p1a: Leavanny|Leavanny, M, shiny|100\/100\n|turn|20\n|\n|t:|1700234916\n|move|p1a: Leavanny|Leaf Blade|p2a: Iodium\n|-damage|p2a: Iodium|39\/100\n|move|p2a: Iodium|Salt Cure|p1a: Leavanny\n|-supereffective|p1a: Leavanny\n|-enditem|p1a: Leavanny|Focus Sash\n|-damage|p1a: Leavanny|1\/100\n|-start|p1a: Leavanny|Salt Cure\n|\n|-damage|p1a: Leavanny|0 fnt|[from] Salt Cure\n|faint|p1a: Leavanny\n|upkeep\n|\n|t:|1700234920\n|switch|p1a: Infernape|Infernape, M, shiny|100\/100\n|turn|21\n|\n|t:|1700234927\n|move|p1a: Infernape|Fake Out|p2a: Iodium\n|-damage|p2a: Iodium|36\/100\n|cant|p2a: Iodium|flinch\n|\n|upkeep\n|turn|22\n|\n|t:|1700234932\n|move|p1a: Infernape|Flare Blitz|p2a: Iodium\n|-damage|p2a: Iodium|24\/100\n|-damage|p1a: Infernape|95\/100|[from] Recoil\n|move|p2a: Iodium|Earthquake|p1a: Infernape\n|-supereffective|p1a: Infernape\n|-damage|p1a: Infernape|0 fnt\n|faint|p1a: Infernape\n|\n|win|stoner wizard\n|c|\u2606stoner wizard|gg\n","uploadtime":1700234937,"views":12,"p1id":"williwont","p2id":"stonerwizard","formatid":"gen9ou","rating":0,"private":0,"password":""}