{"id":"gen9ou-1997174443","p1":"samueleeennn","p2":"Lawrence1307","format":"[Gen 9] OU","log":"|j|\u2606samueleeennn\n|j|\u2606Lawrence1307\n|t:|1700772149\n|gametype|singles\n|player|p1|samueleeennn|pokekid|1027\n|player|p2|Lawrence1307|veteran|1000\n|teamsize|p1|6\n|teamsize|p2|6\n|gen|9\n|tier|[Gen 9] OU\n|rated|\n|rule|Sleep Clause Mod: Limit one foe put to sleep\n|rule|Species Clause: Limit one of each Pok\u00e9mon\n|rule|OHKO Clause: OHKO moves are banned\n|rule|Evasion Items Clause: Evasion items are banned\n|rule|Evasion Moves Clause: Evasion moves are banned\n|rule|Endless Battle Clause: Forcing endless battles is banned\n|rule|HP Percentage Mod: HP is shown in percentages\n|clearpoke\n|poke|p1|Hydreigon, M|\n|poke|p1|Magnezone|\n|poke|p1|Breloom, F|\n|poke|p1|Salazzle, F|\n|poke|p1|Zoroark-Hisui, M|\n|poke|p1|Grumpig, F|\n|poke|p2|Gardevoir, F|\n|poke|p2|Torkoal, F|\n|poke|p2|Toxapex, F|\n|poke|p2|Corviknight, F|\n|poke|p2|Walking Wake|\n|poke|p2|Landorus-Therian, M|\n|teampreview\n|\n|t:|1700772171\n|start\n|switch|p1a: Grumpig|Grumpig, F|100\/100\n|switch|p2a: Toxapex|Toxapex, F|100\/100\n|turn|1\n|inactive|Battle timer is ON: inactive players will automatically lose when time's up. (requested by samueleeennn)\n|\n|t:|1700772181\n|move|p1a: Grumpig|U-turn|p2a: Toxapex\n|-resisted|p2a: Toxapex\n|-damage|p2a: Toxapex|95\/100\n|\n|t:|1700772187\n|switch|p1a: Magnezone|Magnezone, shiny|100\/100|[from] U-turn\n|move|p2a: Toxapex|Toxic Spikes|p1a: Magnezone\n|-sidestart|p1: samueleeennn|move: Toxic Spikes\n|\n|upkeep\n|turn|2\n|\n|t:|1700772197\n|move|p1a: Magnezone|Reflect|p1a: Magnezone\n|-sidestart|p1: samueleeennn|Reflect\n|move|p2a: Toxapex|Toxic Spikes|p1a: Magnezone\n|-sidestart|p1: samueleeennn|move: Toxic Spikes\n|\n|upkeep\n|turn|3\n|inactive|Lawrence1307 has 120 seconds left.\n|\n|t:|1700772229\n|switch|p2a: Landorus|Landorus-Therian, M|100\/100\n|-ability|p2a: Landorus|Intimidate|boost\n|-unboost|p1a: Magnezone|atk|1\n|move|p1a: Magnezone|Thunderbolt|p2a: Landorus\n|-immune|p2a: Landorus\n|\n|upkeep\n|turn|4\n|inactive|Lawrence1307 has 120 seconds left.\n|\n|t:|1700772243\n|switch|p1a: Hydreigon|Hydreigon, M, shiny|100\/100\n|move|p2a: Landorus|Earthquake|p1a: Hydreigon\n|-immune|p1a: Hydreigon|[from] ability: Levitate\n|\n|upkeep\n|turn|5\n|\n|t:|1700772252\n|switch|p2a: Gardevoir|Gardevoir, F|100\/100\n|-ability|p2a: Gardevoir|Levitate|[from] ability: Trace|[of] p1a: Hydreigon\n|move|p1a: Hydreigon|Nasty Plot|p1a: Hydreigon\n|-boost|p1a: Hydreigon|spa|2\n|\n|upkeep\n|turn|6\n|\n|t:|1700772261\n|move|p2a: Gardevoir|Moonblast|p1a: Hydreigon\n|-supereffective|p1a: Hydreigon\n|-damage|p1a: Hydreigon|0 fnt\n|faint|p1a: Hydreigon\n|\n|-sideend|p1: samueleeennn|Reflect\n|upkeep\n|\n|t:|1700772272\n|switch|p1a: Magnezone|Magnezone, shiny|100\/100\n|turn|7\n|\n|t:|1700772285\n|switch|p2a: Landorus|Landorus-Therian, M|100\/100\n|-ability|p2a: Landorus|Intimidate|boost\n|-unboost|p1a: Magnezone|atk|1\n|move|p1a: Magnezone|Flash Cannon|p2a: Landorus\n|-damage|p2a: Landorus|38\/100\n|\n|upkeep\n|turn|8\n|\n|t:|1700772296\n|-terastallize|p1a: Magnezone|Ghost\n|move|p2a: Landorus|Earthquake|p1a: Magnezone\n|-damage|p1a: Magnezone|59\/100\n|move|p1a: Magnezone|Flash Cannon|p2a: Landorus\n|-damage|p2a: Landorus|0 fnt\n|faint|p2a: Landorus\n|\n|-heal|p1a: Magnezone|65\/100|[from] item: Leftovers\n|upkeep\n|\n|t:|1700772312\n|switch|p2a: Corviknight|Corviknight, F|100\/100\n|turn|9\n|\n|t:|1700772328\n|switch|p2a: Torkoal|Torkoal, F|100\/100\n|-weather|SunnyDay|[from] ability: Drought|[of] p2a: Torkoal\n|move|p1a: Magnezone|Thunderbolt|p2a: Torkoal\n|-damage|p2a: Torkoal|22\/100\n|\n|-weather|SunnyDay|[upkeep]\n|-heal|p1a: Magnezone|72\/100|[from] item: Leftovers\n|upkeep\n|turn|10\n|\n|t:|1700772344\n|switch|p2a: Gardevoir|Gardevoir, F|100\/100\n|-ability|p2a: Gardevoir|Analytic|[from] ability: Trace|[of] p1a: Magnezone\n|move|p1a: Magnezone|Thunderbolt|p2a: Gardevoir\n|-damage|p2a: Gardevoir|35\/100\n|\n|-weather|SunnyDay|[upkeep]\n|-heal|p1a: Magnezone|78\/100|[from] item: Leftovers\n|upkeep\n|turn|11\n|\n|t:|1700772359\n|move|p2a: Gardevoir|Mystical Fire|p1a: Magnezone\n|-damage|p1a: Magnezone|28\/100\n|-unboost|p1a: Magnezone|spa|1\n|move|p1a: Magnezone|Iron Defense|p1a: Magnezone\n|-boost|p1a: Magnezone|def|2\n|\n|-weather|SunnyDay|[upkeep]\n|-heal|p1a: Magnezone|34\/100|[from] item: Leftovers\n|upkeep\n|turn|12\n|\n|t:|1700772368\n|move|p2a: Gardevoir|Mystical Fire|p1a: Magnezone\n|-damage|p1a: Magnezone|0 fnt\n|faint|p1a: Magnezone\n|\n|-weather|SunnyDay|[upkeep]\n|upkeep\n|\n|t:|1700772383\n|switch|p1a: Salazzle|Salazzle, F, shiny|100\/100\n|-sideend|p1: samueleeennn|move: Toxic Spikes|[of] p1a: Salazzle\n|turn|13\n|\n|t:|1700772387\n|switch|p2a: Walking Wake|Walking Wake|100\/100\n|-activate|p2a: Walking Wake|ability: Protosynthesis\n|-start|p2a: Walking Wake|protosynthesisspa\n|move|p1a: Salazzle|Sludge Bomb|p2a: Walking Wake\n|-damage|p2a: Walking Wake|53\/100\n|\n|-weather|SunnyDay|[upkeep]\n|upkeep\n|turn|14\n|\n|t:|1700772415\n|switch|p1a: Grumpig|Grumpig, F|100\/100\n|move|p2a: Walking Wake|Hydro Steam|p1a: Grumpig\n|-damage|p1a: Grumpig|19\/100\n|\n|-weather|SunnyDay|[upkeep]\n|-heal|p1a: Grumpig|25\/100|[from] item: Leftovers\n|upkeep\n|turn|15\n|\n|t:|1700772426\n|move|p2a: Walking Wake|Hydro Steam|p1a: Grumpig\n|-damage|p1a: Grumpig|0 fnt\n|faint|p1a: Grumpig\n|\n|-weather|SunnyDay|[upkeep]\n|upkeep\n|\n|t:|1700772436\n|switch|p1a: Salazzle|Salazzle, F, shiny|100\/100\n|turn|16\n|\n|t:|1700772443\n|-terastallize|p2a: Walking Wake|Water\n|move|p1a: Salazzle|Hyper Voice|p2a: Walking Wake\n|-crit|p2a: Walking Wake\n|-damage|p2a: Walking Wake|0 fnt\n|faint|p2a: Walking Wake\n|-end|p2a: Walking Wake|Protosynthesis|[silent]\n|\n|-weather|none\n|upkeep\n|\n|t:|1700772453\n|switch|p2a: Corviknight|Corviknight, F|100\/100\n|turn|17\n|\n|t:|1700772461\n|move|p1a: Salazzle|U-turn|p2a: Corviknight\n|-resisted|p2a: Corviknight\n|-crit|p2a: Corviknight\n|-damage|p2a: Corviknight|97\/100\n|\n|t:|1700772468\n|switch|p1a: Breloom|Breloom, F, shiny|100\/100|[from] U-turn\n|move|p2a: Corviknight|Brave Bird|p1a: Breloom\n|-supereffective|p1a: Breloom\n|-damage|p1a: Breloom|0 fnt\n|faint|p1a: Breloom\n|-damage|p2a: Corviknight|76\/100|[from] Recoil\n|\n|-heal|p2a: Corviknight|82\/100|[from] item: Leftovers\n|upkeep\n|-message|samueleeennn forfeited.\n|\n|win|Lawrence1307\n|raw|samueleeennn's rating: 1027 &rarr; <strong>1012<\/strong><br \/>(-15 for losing)\n|raw|Lawrence1307's rating: 1000 &rarr; <strong>1043<\/strong><br \/>(+43 for winning)\n|l|\u2606samueleeennn\n","uploadtime":1700772486,"views":13,"p1id":"samueleeennn","p2id":"lawrence1307","formatid":"gen9ou","rating":1012,"private":0,"password":""}