{"id":"gen9ou-1988566509","p1":"MonadoMaelstrom","p2":"juloan","format":"[Gen 9] OU","log":"|j|\u2606MonadoMaelstrom\n|j|\u2606juloan\n|t:|1699736851\n|gametype|singles\n|player|p1|MonadoMaelstrom|sonia-professor|1178\n|player|p2|juloan|265|1276\n|teamsize|p1|6\n|teamsize|p2|6\n|gen|9\n|tier|[Gen 9] OU\n|rated|\n|rule|Sleep Clause Mod: Limit one foe put to sleep\n|rule|Species Clause: Limit one of each Pok\u00e9mon\n|rule|OHKO Clause: OHKO moves are banned\n|rule|Evasion Items Clause: Evasion items are banned\n|rule|Evasion Moves Clause: Evasion moves are banned\n|rule|Endless Battle Clause: Forcing endless battles is banned\n|rule|HP Percentage Mod: HP is shown in percentages\n|clearpoke\n|poke|p1|Slowking-Galar, F|\n|poke|p1|Great Tusk|\n|poke|p1|Ogerpon-Wellspring, F|\n|poke|p1|Rillaboom, M|\n|poke|p1|Heatran, M|\n|poke|p1|Samurott-Hisui, F|\n|poke|p2|Dragonite, F|\n|poke|p2|Polteageist|\n|poke|p2|Manaphy|\n|poke|p2|Great Tusk|\n|poke|p2|Hatterene, F|\n|poke|p2|Walking Wake|\n|teampreview\n|inactive|Battle timer is ON: inactive players will automatically lose when time's up. (requested by MonadoMaelstrom)\n|\n|t:|1699736866\n|start\n|switch|p1a: Tetanus|Samurott-Hisui, F, shiny|100\/100\n|switch|p2a: Manaphy|Manaphy|100\/100\n|turn|1\n|\n|t:|1699736876\n|move|p1a: Tetanus|Ceaseless Edge|p2a: Manaphy\n|-damage|p2a: Manaphy|66\/100\n|-sidestart|p2: juloan|Spikes\n|move|p2a: Manaphy|Acid Armor|p2a: Manaphy\n|-boost|p2a: Manaphy|def|2\n|\n|upkeep\n|turn|2\n|\n|t:|1699736885\n|switch|p1a: Lobotomy|Slowking-Galar, F|100\/100\n|move|p2a: Manaphy|Acid Armor|p2a: Manaphy\n|-boost|p2a: Manaphy|def|2\n|\n|upkeep\n|turn|3\n|\n|t:|1699736891\n|move|p2a: Manaphy|Take Heart|p2a: Manaphy\n|-boost|p2a: Manaphy|spa|1\n|-boost|p2a: Manaphy|spd|1\n|move|p1a: Lobotomy|Psychic|p2a: Manaphy\n|-damage|p2a: Manaphy|49\/100\n|\n|upkeep\n|turn|4\n|\n|t:|1699736898\n|move|p2a: Manaphy|Take Heart|p2a: Manaphy\n|-boost|p2a: Manaphy|spa|1\n|-boost|p2a: Manaphy|spd|1\n|move|p1a: Lobotomy|Sludge Bomb|p2a: Manaphy\n|-damage|p2a: Manaphy|35\/100\n|\n|upkeep\n|turn|5\n|\n|t:|1699736905\n|move|p2a: Manaphy|Take Heart|p2a: Manaphy\n|-boost|p2a: Manaphy|spa|1\n|-boost|p2a: Manaphy|spd|1\n|move|p1a: Lobotomy|Sludge Bomb|p2a: Manaphy\n|-damage|p2a: Manaphy|25\/100\n|-status|p2a: Manaphy|psn\n|\n|-damage|p2a: Manaphy|13\/100 psn|[from] psn\n|upkeep\n|turn|6\n|\n|t:|1699736917\n|move|p2a: Manaphy|Rest|p2a: Manaphy\n|-status|p2a: Manaphy|slp|[from] move: Rest\n|-heal|p2a: Manaphy|100\/100 slp|[silent]\n|-enditem|p2a: Manaphy|Chesto Berry|[eat]\n|-curestatus|p2a: Manaphy|slp|[msg]\n|move|p1a: Lobotomy|Psychic|p2a: Manaphy\n|-damage|p2a: Manaphy|90\/100\n|\n|upkeep\n|turn|7\n|\n|t:|1699736927\n|switch|p1a: Blueface Baby|Ogerpon-Wellspring, F|100\/100\n|move|p2a: Manaphy|Stored Power|p1a: Blueface Baby\n|-damage|p1a: Blueface Baby|0 fnt\n|faint|p1a: Blueface Baby\n|\n|upkeep\n|\n|t:|1699736933\n|switch|p1a: Tetanus|Samurott-Hisui, F, shiny|100\/100\n|turn|8\n|\n|t:|1699736941\n|switch|p2a: Hatterene|Hatterene, F|100\/100\n|-damage|p2a: Hatterene|88\/100|[from] Spikes\n|move|p1a: Tetanus|Ceaseless Edge|p2a: Hatterene\n|-damage|p2a: Hatterene|51\/100\n|-damage|p1a: Tetanus|84\/100|[from] item: Rocky Helmet|[of] p2a: Hatterene\n|-sidestart|p2: juloan|Spikes\n|\n|upkeep\n|turn|9\n|\n|t:|1699736950\n|switch|p1a: 15% Accurate|Heatran, M|100\/100\n|move|p2a: Hatterene|Draining Kiss|p1a: 15% Accurate\n|-resisted|p1a: 15% Accurate\n|-damage|p1a: 15% Accurate|96\/100\n|-heal|p2a: Hatterene|55\/100|[from] drain|[of] p1a: 15% Accurate\n|\n|-heal|p1a: 15% Accurate|100\/100|[from] item: Leftovers\n|upkeep\n|turn|10\n|\n|t:|1699736960\n|move|p1a: 15% Accurate|Magma Storm|p2a: Hatterene\n|-damage|p2a: Hatterene|0 fnt\n|faint|p2a: Hatterene\n|\n|upkeep\n|\n|t:|1699736965\n|switch|p2a: Great Tusk|Great Tusk|100\/100\n|-damage|p2a: Great Tusk|84\/100|[from] Spikes\n|turn|11\n|\n|t:|1699736975\n|switch|p1a: Harambe|Rillaboom, M|100\/100\n|-fieldstart|move: Grassy Terrain|[from] ability: Grassy Surge|[of] p1a: Harambe\n|move|p2a: Great Tusk|Rapid Spin|p1a: Harambe\n|-damage|p1a: Harambe|85\/100\n|-boost|p2a: Great Tusk|spe|1\n|-sideend|p2: juloan|Spikes|[from] move: Rapid Spin|[of] p2a: Great Tusk\n|\n|-heal|p2a: Great Tusk|90\/100|[from] Grassy Terrain\n|-heal|p1a: Harambe|91\/100|[from] Grassy Terrain\n|upkeep\n|turn|12\n|\n|t:|1699736992\n|-end|p2a: Great Tusk|Protosynthesis|[silent]\n|switch|p2a: Manaphy|Manaphy|90\/100\n|move|p1a: Harambe|Grassy Glide|p2a: Manaphy\n|-supereffective|p2a: Manaphy\n|-damage|p2a: Manaphy|25\/100\n|\n|-heal|p2a: Manaphy|31\/100|[from] Grassy Terrain\n|-heal|p1a: Harambe|97\/100|[from] Grassy Terrain\n|upkeep\n|turn|13\n|\n|t:|1699737004\n|move|p1a: Harambe|Grassy Glide|p2a: Manaphy\n|-supereffective|p2a: Manaphy\n|-damage|p2a: Manaphy|0 fnt\n|faint|p2a: Manaphy\n|\n|-heal|p1a: Harambe|100\/100|[from] Grassy Terrain\n|upkeep\n|\n|t:|1699737012\n|switch|p2a: Dragonite|Dragonite, F|100\/100\n|turn|14\n|\n|t:|1699737015\n|move|p2a: Dragonite|Dragon Dance|p2a: Dragonite\n|-boost|p2a: Dragonite|atk|1\n|-boost|p2a: Dragonite|spe|1\n|move|p1a: Harambe|Knock Off|p2a: Dragonite\n|-damage|p2a: Dragonite|82\/100\n|-enditem|p2a: Dragonite|Lum Berry|[from] move: Knock Off|[of] p1a: Harambe\n|\n|upkeep\n|turn|15\n|\n|t:|1699737023\n|move|p2a: Dragonite|Ice Spinner|p1a: Harambe\n|-supereffective|p1a: Harambe\n|-damage|p1a: Harambe|16\/100\n|-fieldend|move: Grassy Terrain\n|move|p1a: Harambe|U-turn|p2a: Dragonite\n|-resisted|p2a: Dragonite\n|-damage|p2a: Dragonite|69\/100\n|\n|t:|1699737035\n|switch|p1a: Lobotomy|Slowking-Galar, F|100\/100|[from] U-turn\n|\n|upkeep\n|turn|16\n|\n|t:|1699737041\n|move|p2a: Dragonite|Earthquake|p1a: Lobotomy\n|-supereffective|p1a: Lobotomy\n|-damage|p1a: Lobotomy|0 fnt\n|faint|p1a: Lobotomy\n|\n|upkeep\n|\n|t:|1699737044\n|switch|p1a: Manny|Great Tusk|100\/100\n|turn|17\n|\n|t:|1699737050\n|switch|p2a: Great Tusk|Great Tusk|90\/100\n|-terastallize|p1a: Manny|Steel\n|move|p1a: Manny|Ice Spinner|p2a: Great Tusk\n|-supereffective|p2a: Great Tusk\n|-damage|p2a: Great Tusk|44\/100\n|\n|upkeep\n|turn|18\n|\n|t:|1699737059\n|move|p2a: Great Tusk|Headlong Rush|p1a: Manny\n|-supereffective|p1a: Manny\n|-damage|p1a: Manny|3\/100\n|-unboost|p2a: Great Tusk|def|1\n|-unboost|p2a: Great Tusk|spd|1\n|move|p1a: Manny|Ice Spinner|p2a: Great Tusk\n|-supereffective|p2a: Great Tusk\n|-damage|p2a: Great Tusk|0 fnt\n|faint|p2a: Great Tusk\n|-end|p2a: Great Tusk|Protosynthesis|[silent]\n|\n|upkeep\n|\n|t:|1699737069\n|switch|p2a: Walking Wake|Walking Wake|100\/100\n|turn|19\n|\n|t:|1699737073\n|-terastallize|p2a: Walking Wake|Water\n|move|p2a: Walking Wake|Scald|p1a: Manny\n|-damage|p1a: Manny|0 fnt\n|faint|p1a: Manny\n|-end|p1a: Manny|Protosynthesis|[silent]\n|\n|upkeep\n|\n|t:|1699737077\n|switch|p1a: Harambe|Rillaboom, M|16\/100\n|-fieldstart|move: Grassy Terrain|[from] ability: Grassy Surge|[of] p1a: Harambe\n|turn|20\n|\n|t:|1699737084\n|-end|p2a: Walking Wake|Protosynthesis|[silent]\n|switch|p2a: Dragonite|Dragonite, F|69\/100\n|move|p1a: Harambe|Grassy Glide|p2a: Dragonite\n|-resisted|p2a: Dragonite\n|-damage|p2a: Dragonite|58\/100\n|\n|-heal|p1a: Harambe|22\/100|[from] Grassy Terrain\n|upkeep\n|turn|21\n|\n|t:|1699737094\n|switch|p1a: Tetanus|Samurott-Hisui, F, shiny|84\/100\n|move|p2a: Dragonite|Dragon Dance|p2a: Dragonite\n|-boost|p2a: Dragonite|atk|1\n|-boost|p2a: Dragonite|spe|1\n|\n|-heal|p1a: Tetanus|90\/100|[from] Grassy Terrain\n|upkeep\n|turn|22\n|\n|t:|1699737103\n|move|p2a: Dragonite|Earthquake|p1a: Tetanus\n|-damage|p1a: Tetanus|56\/100\n|move|p1a: Tetanus|Ceaseless Edge|p2a: Dragonite\n|-damage|p2a: Dragonite|7\/100\n|-sidestart|p2: juloan|Spikes\n|\n|-heal|p1a: Tetanus|62\/100|[from] Grassy Terrain\n|upkeep\n|turn|23\n|\n|t:|1699737112\n|move|p2a: Dragonite|Earthquake|p1a: Tetanus\n|-damage|p1a: Tetanus|22\/100\n|move|p1a: Tetanus|Ceaseless Edge|p2a: Dragonite\n|-crit|p2a: Dragonite\n|-damage|p2a: Dragonite|0 fnt\n|-sidestart|p2: juloan|Spikes\n|faint|p2a: Dragonite\n|\n|-heal|p1a: Tetanus|28\/100|[from] Grassy Terrain\n|upkeep\n|\n|t:|1699737123\n|switch|p2a: Walking Wake|Walking Wake, tera:Water|100\/100\n|-damage|p2a: Walking Wake|84\/100|[from] Spikes\n|turn|24\n|\n|t:|1699737128\n|move|p1a: Tetanus|Sucker Punch|p2a: Walking Wake\n|-damage|p2a: Walking Wake|49\/100\n|move|p2a: Walking Wake|Scald|p1a: Tetanus\n|-resisted|p1a: Tetanus\n|-damage|p1a: Tetanus|0 fnt\n|faint|p1a: Tetanus\n|\n|-heal|p2a: Walking Wake|56\/100|[from] Grassy Terrain\n|upkeep\n|\n|t:|1699737130\n|switch|p1a: Harambe|Rillaboom, M|22\/100\n|turn|25\n|\n|t:|1699737142\n|move|p1a: Harambe|Grassy Glide|p2a: Walking Wake\n|-supereffective|p2a: Walking Wake\n|-damage|p2a: Walking Wake|0 fnt\n|faint|p2a: Walking Wake\n|-end|p2a: Walking Wake|Protosynthesis|[silent]\n|\n|-heal|p1a: Harambe|29\/100|[from] Grassy Terrain\n|upkeep\n|\n|t:|1699737150\n|switch|p2a: Polteageist|Polteageist|100\/100\n|-damage|p2a: Polteageist|84\/100|[from] Spikes\n|turn|26\n|\n|t:|1699737155\n|move|p2a: Polteageist|Shadow Ball|p1a: Harambe\n|-damage|p1a: Harambe|0 fnt\n|faint|p1a: Harambe\n|\n|-heal|p2a: Polteageist|90\/100|[from] Grassy Terrain\n|upkeep\n|\n|t:|1699737157\n|switch|p1a: 15% Accurate|Heatran, M|100\/100\n|turn|27\n|\n|t:|1699737164\n|move|p2a: Polteageist|Shell Smash|p2a: Polteageist\n|-unboost|p2a: Polteageist|def|1\n|-unboost|p2a: Polteageist|spd|1\n|-boost|p2a: Polteageist|atk|2\n|-boost|p2a: Polteageist|spa|2\n|-boost|p2a: Polteageist|spe|2\n|move|p1a: 15% Accurate|Magma Storm|p2a: Polteageist\n|-damage|p2a: Polteageist|0 fnt\n|faint|p2a: Polteageist\n|\n|win|MonadoMaelstrom\n|raw|MonadoMaelstrom's rating: 1178 &rarr; <strong>1210<\/strong><br \/>(+32 for winning)\n|raw|juloan's rating: 1276 &rarr; <strong>1244<\/strong><br \/>(-32 for losing)\n|l|\u2606juloan\n","uploadtime":1699737176,"views":17,"p1id":"monadomaelstrom","p2id":"juloan","formatid":"gen9ou","rating":1210,"private":0,"password":""}