{"id":"gen9ou-1998087011","p1":"ChangoWN","p2":"RSDPM","format":"[Gen 9] OU","log":"|j|\u2606ChangoWN\n|j|\u2606RSDPM\n|t:|1700889125\n|gametype|singles\n|player|p1|ChangoWN|102|1294\n|player|p2|RSDPM|riley|1313\n|teamsize|p1|6\n|teamsize|p2|6\n|gen|9\n|tier|[Gen 9] OU\n|rated|\n|rule|Sleep Clause Mod: Limit one foe put to sleep\n|rule|Species Clause: Limit one of each Pok\u00e9mon\n|rule|OHKO Clause: OHKO moves are banned\n|rule|Evasion Items Clause: Evasion items are banned\n|rule|Evasion Moves Clause: Evasion moves are banned\n|rule|Endless Battle Clause: Forcing endless battles is banned\n|rule|HP Percentage Mod: HP is shown in percentages\n|clearpoke\n|poke|p1|Gholdengo|\n|poke|p1|Landorus-Therian, M|\n|poke|p1|Amoonguss, F|\n|poke|p1|Azelf|\n|poke|p1|Kingambit, M|\n|poke|p1|Manaphy|\n|poke|p2|Arcanine-Hisui, M|\n|poke|p2|Electrode-Hisui|\n|poke|p2|Lilligant-Hisui, F|\n|poke|p2|Zoroark-Hisui, M|\n|poke|p2|Braviary-Hisui, M|\n|poke|p2|Avalugg-Hisui, F|\n|teampreview\n|inactive|Battle timer is ON: inactive players will automatically lose when time's up. (requested by ChangoWN)\n|\n|t:|1700889152\n|start\n|switch|p1a: Landorus|Landorus-Therian, M|100\/100\n|switch|p2a: Electrode|Electrode-Hisui|100\/100\n|-ability|p1a: Landorus|Intimidate|boost\n|-unboost|p2a: Electrode|atk|1\n|turn|1\n|\n|t:|1700889160\n|switch|p2a: Avalugg|Avalugg-Hisui, F|100\/100\n|move|p1a: Landorus|Stealth Rock|p2a: Avalugg\n|-sidestart|p2: RSDPM|move: Stealth Rock\n|\n|upkeep\n|turn|2\n|\n|t:|1700889166\n|move|p1a: Landorus|Swords Dance|p1a: Landorus\n|-boost|p1a: Landorus|atk|2\n|move|p2a: Avalugg|Rapid Spin|p1a: Landorus\n|-damage|p1a: Landorus|77\/100\n|-boost|p2a: Avalugg|spe|1\n|-sideend|p2: RSDPM|Stealth Rock|[from] move: Rapid Spin|[of] p2a: Avalugg\n|\n|upkeep\n|turn|3\n|\n|t:|1700889174\n|move|p1a: Landorus|Stone Edge|p2a: Avalugg\n|-supereffective|p2a: Avalugg\n|-ability|p2a: Avalugg|Sturdy\n|-damage|p2a: Avalugg|1\/100\n|-damage|p1a: Landorus|67\/100|[from] item: Life Orb\n|move|p2a: Avalugg|Avalanche|p1a: Landorus\n|-supereffective|p1a: Landorus\n|-damage|p1a: Landorus|0 fnt\n|faint|p1a: Landorus\n|\n|upkeep\n|\n|t:|1700889189\n|switch|p1a: Manaphy|Manaphy|100\/100\n|turn|4\n|\n|t:|1700889193\n|switch|p2a: Electrode|Electrode-Hisui|100\/100\n|move|p1a: Manaphy|Tail Glow|p1a: Manaphy\n|-boost|p1a: Manaphy|spa|3\n|\n|upkeep\n|turn|5\n|\n|t:|1700889204\n|move|p2a: Electrode|Chloroblast|p1a: Manaphy\n|-supereffective|p1a: Manaphy\n|-enditem|p1a: Manaphy|Focus Sash\n|-damage|p1a: Manaphy|1\/100\n|-damage|p2a: Electrode|50\/100|[from] Recoil\n|move|p1a: Manaphy|Ice Beam|p2a: Electrode\n|-supereffective|p2a: Electrode\n|-damage|p2a: Electrode|0 fnt\n|faint|p2a: Electrode\n|\n|upkeep\n|\n|t:|1700889216\n|switch|p2a: Avalugg|Avalugg-Hisui, F|100\/100\n|turn|6\n|\n|t:|1700889221\n|move|p2a: Avalugg|U-turn|p1a: Manaphy\n|-damage|p1a: Manaphy|0 fnt\n|faint|p1a: Manaphy\n|\n|t:|1700889231\n|switch|p2a: Arcanine|Arcanine-Hisui, M|100\/100|[from] U-turn\n|\n|upkeep\n|\n|t:|1700889239\n|switch|p1a: Amoonguss|Amoonguss, F|100\/100\n|turn|7\n|\n|t:|1700889250\n|-terastallize|p2a: Arcanine|Grass\n|move|p2a: Arcanine|Flare Blitz|p1a: Amoonguss\n|-supereffective|p1a: Amoonguss\n|-damage|p1a: Amoonguss|0 fnt\n|faint|p1a: Amoonguss\n|\n|upkeep\n|\n|t:|1700889263\n|switch|p1a: Azelf|Azelf, shiny|100\/100\n|turn|8\n|\n|t:|1700889269\n|switch|p2a: Avalugg|Avalugg-Hisui, F|1\/100\n|move|p1a: Azelf|Fire Blast|p2a: Avalugg\n|-damage|p2a: Avalugg|0 fnt\n|faint|p2a: Avalugg\n|\n|upkeep\n|\n|t:|1700889277\n|switch|p2a: Arcanine|Arcanine-Hisui, M|100\/100\n|-start|p2a: Arcanine|typechange|Grass|[silent]\n|turn|9\n|\n|t:|1700889288\n|move|p2a: Arcanine|Bitter Malice|p1a: Azelf\n|-supereffective|p1a: Azelf\n|-damage|p1a: Azelf|0 fnt\n|faint|p1a: Azelf\n|\n|upkeep\n|\n|t:|1700889295\n|switch|p1a: Gholdengo|Gholdengo|100\/100\n|turn|10\n|\n|t:|1700889298\n|move|p2a: Arcanine|Bitter Malice|p1a: Gholdengo\n|-supereffective|p1a: Gholdengo\n|-damage|p1a: Gholdengo|38\/100\n|-unboost|p1a: Gholdengo|atk|1\n|move|p1a: Gholdengo|Make It Rain|p2a: Arcanine\n|-damage|p2a: Arcanine|0 fnt\n|-unboost|p1a: Gholdengo|spa|1\n|replace|p2a: Zoroark|Zoroark-Hisui, M\n|-end|p2a: Zoroark|Illusion\n|faint|p2a: Zoroark\n|\n|upkeep\n|inactive|RSDPM has 120 seconds left.\n|\n|t:|1700889334\n|switch|p2a: Arcanine|Arcanine-Hisui, M, tera:Grass|100\/100\n|turn|11\n|inactive|RSDPM has 120 seconds left.\n|l|\u2606RSDPM\n|inactive|RSDPM disconnected and has a minute to reconnect!\n|player|p2|\n|j|\u2606RSDPM\n|inactive|RSDPM reconnected and has 95 seconds left.\n|player|p2|RSDPM|riley\n|inactive|RSDPM has 90 seconds left.\n|\n|t:|1700889375\n|move|p2a: Arcanine|Flare Blitz|p1a: Gholdengo\n|-supereffective|p1a: Gholdengo\n|-damage|p1a: Gholdengo|0 fnt\n|faint|p1a: Gholdengo\n|\n|upkeep\n|\n|t:|1700889381\n|switch|p1a: Kingambit|Kingambit, M|100\/100\n|-activate|p1a: Kingambit|ability: Supreme Overlord\n|-start|p1a: Kingambit|fallen5|[silent]\n|turn|12\n|\n|t:|1700889386\n|-terastallize|p1a: Kingambit|Dark\n|move|p1a: Kingambit|Sucker Punch|p2a: Arcanine\n|-damage|p2a: Arcanine|0 fnt\n|faint|p2a: Arcanine\n|-damage|p1a: Kingambit|91\/100|[from] item: Life Orb\n|\n|upkeep\n|\n|t:|1700889399\n|switch|p2a: Braviary|Braviary-Hisui, M|100\/100\n|turn|13\n|\n|t:|1700889402\n|move|p2a: Braviary|Vacuum Wave|p1a: Kingambit\n|-supereffective|p1a: Kingambit\n|-damage|p1a: Kingambit|64\/100\n|move|p1a: Kingambit|Sucker Punch||[still]\n|-fail|p1a: Kingambit\n|\n|upkeep\n|turn|14\n|\n|t:|1700889408\n|move|p2a: Braviary|Air Slash|p1a: Kingambit\n|-damage|p1a: Kingambit|24\/100\n|move|p1a: Kingambit|Kowtow Cleave|p2a: Braviary\n|-supereffective|p2a: Braviary\n|-damage|p2a: Braviary|0 fnt\n|faint|p2a: Braviary\n|-damage|p1a: Kingambit|14\/100|[from] item: Life Orb\n|\n|upkeep\n|\n|t:|1700889418\n|switch|p2a: Lilligant|Lilligant-Hisui, F|100\/100\n|turn|15\n|\n|t:|1700889423\n|move|p1a: Kingambit|Sucker Punch|p2a: Lilligant\n|-resisted|p2a: Lilligant\n|-damage|p2a: Lilligant|20\/100\n|-damage|p1a: Kingambit|4\/100|[from] item: Life Orb\n|move|p2a: Lilligant|Close Combat|p1a: Kingambit\n|-supereffective|p1a: Kingambit\n|-damage|p1a: Kingambit|0 fnt\n|-unboost|p2a: Lilligant|def|1\n|-unboost|p2a: Lilligant|spd|1\n|faint|p1a: Kingambit\n|-end|p1a: Kingambit|fallen5|[silent]\n|\n|win|RSDPM\n|raw|ChangoWN's rating: 1294 &rarr; <strong>1270<\/strong><br \/>(-24 for losing)\n|raw|RSDPM's rating: 1313 &rarr; <strong>1332<\/strong><br \/>(+19 for winning)\n|l|\u2606ChangoWN\n","uploadtime":1700889439,"views":2,"p1id":"changown","p2id":"rsdpm","formatid":"gen9ou","rating":1270,"private":0,"password":""}