{"id":"gen9ou-1992396269","p1":"AupartPlay","p2":"jerri32","format":"[Gen 9] OU","log":"|j|\u203dAupartPlay\n|j|\u2606jerri32\n|t:|1700182711\n|gametype|singles\n|player|p1|AupartPlay|ingo|1341\n|player|p2|jerri32|marshal|1452\n|teamsize|p1|6\n|teamsize|p2|6\n|gen|9\n|tier|[Gen 9] OU\n|rated|\n|rule|Sleep Clause Mod: Limit one foe put to sleep\n|rule|Species Clause: Limit one of each Pok\u00e9mon\n|rule|OHKO Clause: OHKO moves are banned\n|rule|Evasion Items Clause: Evasion items are banned\n|rule|Evasion Moves Clause: Evasion moves are banned\n|rule|Endless Battle Clause: Forcing endless battles is banned\n|rule|HP Percentage Mod: HP is shown in percentages\n|clearpoke\n|poke|p1|Enamorus, F|\n|poke|p1|Zamazenta-*|\n|poke|p1|Ceruledge, M|\n|poke|p1|Coalossal, F|\n|poke|p1|Rillaboom, M|\n|poke|p1|Samurott-Hisui, F|\n|poke|p2|Pelipper, M|\n|poke|p2|Floatzel, F|\n|poke|p2|Empoleon, M|\n|poke|p2|Cinderace, M|\n|poke|p2|Dragonite, M|\n|poke|p2|Jolteon, F|\n|teampreview\n|inactive|Battle timer is ON: inactive players will automatically lose when time's up. (requested by jerri32)\n|\n|t:|1700182722\n|start\n|switch|p1a: Samurott|Samurott-Hisui, F|100\/100\n|switch|p2a: MINE MINE MINE|Pelipper, M|100\/100\n|-weather|RainDance|[from] ability: Drizzle|[of] p2a: MINE MINE MINE\n|turn|1\n|\n|t:|1700182730\n|move|p1a: Samurott|Ceaseless Edge|p2a: MINE MINE MINE\n|-damage|p2a: MINE MINE MINE|65\/100\n|-sidestart|p2: jerri32|Spikes\n|move|p2a: MINE MINE MINE|U-turn|p1a: Samurott\n|-supereffective|p1a: Samurott\n|-damage|p1a: Samurott|75\/100\n|\n|t:|1700182736\n|switch|p2a: SUIIIIIIIIIIIII|Cinderace, M|100\/100|[from] U-turn\n|\n|-weather|RainDance|[upkeep]\n|upkeep\n|turn|2\n|\n|t:|1700182742\n|switch|p1a: Zamazenta|Zamazenta|100\/100\n|-ability|p1a: Zamazenta|Dauntless Shield|boost\n|-boost|p1a: Zamazenta|def|1\n|move|p2a: SUIIIIIIIIIIIII|High Jump Kick|p1a: Zamazenta\n|-start|p2a: SUIIIIIIIIIIIII|typechange|Fighting|[from] ability: Libero\n|-damage|p1a: Zamazenta|72\/100\n|\n|-weather|RainDance|[upkeep]\n|-heal|p1a: Zamazenta|78\/100|[from] item: Leftovers\n|upkeep\n|turn|3\n|\n|t:|1700182753\n|switch|p2a: Dragon deez nuts|Dragonite, M|100\/100\n|move|p1a: Zamazenta|Iron Defense|p1a: Zamazenta\n|-boost|p1a: Zamazenta|def|2\n|\n|-weather|RainDance|[upkeep]\n|-heal|p1a: Zamazenta|84\/100|[from] item: Leftovers\n|upkeep\n|turn|4\n|\n|t:|1700182761\n|move|p1a: Zamazenta|Iron Defense|p1a: Zamazenta\n|-boost|p1a: Zamazenta|def|2\n|move|p2a: Dragon deez nuts|Hurricane|p1a: Zamazenta\n|-supereffective|p1a: Zamazenta\n|-damage|p1a: Zamazenta|3\/100\n|\n|-weather|RainDance|[upkeep]\n|-heal|p1a: Zamazenta|10\/100|[from] item: Leftovers\n|upkeep\n|turn|5\n|\n|t:|1700182770\n|move|p2a: Dragon deez nuts|Extreme Speed|p1a: Zamazenta\n|-damage|p1a: Zamazenta|4\/100\n|move|p1a: Zamazenta|Body Press|p2a: Dragon deez nuts\n|-resisted|p2a: Dragon deez nuts\n|-damage|p2a: Dragon deez nuts|74\/100\n|\n|-weather|RainDance|[upkeep]\n|-heal|p1a: Zamazenta|11\/100|[from] item: Leftovers\n|upkeep\n|turn|6\n|\n|t:|1700182779\n|switch|p1a: Ceruledge|Ceruledge, M|100\/100\n|move|p2a: Dragon deez nuts|Hurricane|p1a: Ceruledge\n|-damage|p1a: Ceruledge|41\/100\n|\n|-weather|RainDance|[upkeep]\n|upkeep\n|turn|7\n|\n|t:|1700182787\n|move|p1a: Ceruledge|Poltergeist|p2a: Dragon deez nuts\n|-activate|p2a: Dragon deez nuts|move: Poltergeist|Weakness Policy\n|-damage|p2a: Dragon deez nuts|0 fnt\n|faint|p2a: Dragon deez nuts\n|\n|-weather|RainDance|[upkeep]\n|upkeep\n|\n|t:|1700182793\n|switch|p2a: SUIIIIIIIIIIIII|Cinderace, M|100\/100\n|turn|8\n|\n|t:|1700182798\n|move|p2a: SUIIIIIIIIIIIII|Sucker Punch|p1a: Ceruledge\n|-start|p2a: SUIIIIIIIIIIIII|typechange|Dark|[from] ability: Libero\n|-supereffective|p1a: Ceruledge\n|-damage|p1a: Ceruledge|0 fnt\n|faint|p1a: Ceruledge\n|\n|-weather|none\n|upkeep\n|\n|t:|1700182806\n|switch|p1a: Enamorus|Enamorus, F|100\/100\n|turn|9\n|\n|t:|1700182812\n|switch|p2a: Skipper|Empoleon, M|100\/100\n|-damage|p2a: Skipper|88\/100|[from] Spikes\n|move|p1a: Enamorus|Superpower|p2a: Skipper\n|-supereffective|p2a: Skipper\n|-damage|p2a: Skipper|30\/100\n|-boost|p1a: Enamorus|atk|1\n|-boost|p1a: Enamorus|def|1\n|-damage|p1a: Enamorus|91\/100|[from] item: Life Orb\n|\n|-heal|p2a: Skipper|36\/100|[from] item: Leftovers\n|upkeep\n|turn|10\n|\n|t:|1700182824\n|-terastallize|p2a: Skipper|Water\n|move|p1a: Enamorus|Superpower|p2a: Skipper\n|-damage|p2a: Skipper|0 fnt\n|-boost|p1a: Enamorus|atk|1\n|-boost|p1a: Enamorus|def|1\n|faint|p2a: Skipper\n|-damage|p1a: Enamorus|81\/100|[from] item: Life Orb\n|\n|upkeep\n|\n|t:|1700182833\n|switch|p2a: MINE MINE MINE|Pelipper, M|65\/100\n|-weather|RainDance|[from] ability: Drizzle|[of] p2a: MINE MINE MINE\n|turn|11\n|\n|t:|1700182838\n|move|p1a: Enamorus|Moonblast|p2a: MINE MINE MINE\n|-damage|p2a: MINE MINE MINE|0 fnt\n|faint|p2a: MINE MINE MINE\n|-damage|p1a: Enamorus|71\/100|[from] item: Life Orb\n|\n|-weather|RainDance|[upkeep]\n|upkeep\n|\n|t:|1700182852\n|switch|p2a: SUIIIIIIIIIIIII|Cinderace, M|100\/100\n|turn|12\n|\n|t:|1700182858\n|move|p2a: SUIIIIIIIIIIIII|Court Change|p2a: SUIIIIIIIIIIIII\n|-start|p2a: SUIIIIIIIIIIIII|typechange|Normal|[from] ability: Libero\n|-swapsideconditions\n|-activate|p2a: SUIIIIIIIIIIIII|move: Court Change\n|move|p1a: Enamorus|Superpower|p2a: SUIIIIIIIIIIIII\n|-supereffective|p2a: SUIIIIIIIIIIIII\n|-damage|p2a: SUIIIIIIIIIIIII|0 fnt\n|-boost|p1a: Enamorus|atk|1\n|-boost|p1a: Enamorus|def|1\n|faint|p2a: SUIIIIIIIIIIIII\n|-damage|p1a: Enamorus|62\/100|[from] item: Life Orb\n|\n|-weather|RainDance|[upkeep]\n|upkeep\n|\n|t:|1700182869\n|switch|p2a: The Shocker|Jolteon, F|100\/100\n|turn|13\n|\n|t:|1700182877\n|switch|p1a: Zamazenta|Zamazenta|11\/100\n|-damage|p1a: Zamazenta|0 fnt|[from] Spikes\n|faint|p1a: Zamazenta\n|move|p2a: The Shocker|Thunder|p1: Zamazenta|[notarget]\n|-fail|p2a: The Shocker\n|\n|-weather|RainDance|[upkeep]\n|upkeep\n|\n|t:|1700182885\n|switch|p1a: Coalossal|Coalossal, F|100\/100\n|-damage|p1a: Coalossal|88\/100|[from] Spikes\n|turn|14\n|\n|t:|1700182895\n|move|p2a: The Shocker|Weather Ball|p1a: Coalossal\n|-supereffective|p1a: Coalossal\n|-damage|p1a: Coalossal|0 fnt\n|faint|p1a: Coalossal\n|\n|-weather|RainDance|[upkeep]\n|upkeep\n|\n|t:|1700182902\n|switch|p1a: Rillaboom|Rillaboom, M|100\/100\n|-damage|p1a: Rillaboom|88\/100|[from] Spikes\n|-fieldstart|move: Grassy Terrain|[from] ability: Grassy Surge|[of] p1a: Rillaboom\n|turn|15\n|\n|t:|1700182907\n|move|p1a: Rillaboom|Grassy Glide|p2a: The Shocker\n|-damage|p2a: The Shocker|43\/100\n|move|p2a: The Shocker|Thunder|p1a: Rillaboom\n|-resisted|p1a: Rillaboom\n|-damage|p1a: Rillaboom|59\/100\n|-status|p1a: Rillaboom|par\n|\n|-weather|RainDance|[upkeep]\n|-heal|p2a: The Shocker|49\/100|[from] Grassy Terrain\n|-heal|p1a: Rillaboom|66\/100 par|[from] Grassy Terrain\n|-heal|p1a: Rillaboom|72\/100 par|[from] item: Leftovers\n|upkeep\n|turn|16\n|\n|t:|1700182920\n|move|p1a: Rillaboom|Grassy Glide|p2a: The Shocker\n|-damage|p2a: The Shocker|0 fnt\n|faint|p2a: The Shocker\n|\n|-weather|RainDance|[upkeep]\n|-heal|p1a: Rillaboom|78\/100 par|[from] Grassy Terrain\n|-heal|p1a: Rillaboom|84\/100 par|[from] item: Leftovers\n|upkeep\n|\n|t:|1700182927\n|switch|p2a: Float on|Floatzel, F|100\/100\n|turn|17\n|\n|t:|1700182941\n|cant|p1a: Rillaboom|par\n|move|p2a: Float on|Wave Crash|p1a: Rillaboom\n|-resisted|p1a: Rillaboom\n|-damage|p1a: Rillaboom|38\/100 par\n|-damage|p2a: Float on|81\/100|[from] Recoil\n|\n|-weather|RainDance|[upkeep]\n|-heal|p2a: Float on|87\/100|[from] Grassy Terrain\n|-heal|p1a: Rillaboom|44\/100 par|[from] Grassy Terrain\n|-heal|p1a: Rillaboom|50\/100 par|[from] item: Leftovers\n|upkeep\n|turn|18\n|\n|t:|1700182961\n|move|p1a: Rillaboom|Grassy Glide|p2a: Float on\n|-supereffective|p2a: Float on\n|-damage|p2a: Float on|0 fnt\n|faint|p2a: Float on\n|\n|win|AupartPlay\n|raw|AupartPlay's rating: 1341 &rarr; <strong>1367<\/strong><br \/>(+26 for winning)\n|raw|jerri32's rating: 1452 &rarr; <strong>1426<\/strong><br \/>(-26 for losing)\n|l|\u2606jerri32\n","uploadtime":1700182971,"views":18,"p1id":"aupartplay","p2id":"jerri32","formatid":"gen9ou","rating":1367,"private":0,"password":""}