{"id":"gen9ou-1995123813","p1":"tagyournot","p2":"Yan2019","format":"[Gen 9] OU","log":"|j|\u2606tagyournot\n|j|\u2606Yan2019\n|t:|1700525192\n|gametype|singles\n|player|p1|tagyournot|maid|1032\n|player|p2|Yan2019|266|1077\n|teamsize|p1|6\n|teamsize|p2|6\n|gen|9\n|tier|[Gen 9] OU\n|rated|\n|rule|Sleep Clause Mod: Limit one foe put to sleep\n|rule|Species Clause: Limit one of each Pok\u00e9mon\n|rule|OHKO Clause: OHKO moves are banned\n|rule|Evasion Items Clause: Evasion items are banned\n|rule|Evasion Moves Clause: Evasion moves are banned\n|rule|Endless Battle Clause: Forcing endless battles is banned\n|rule|HP Percentage Mod: HP is shown in percentages\n|clearpoke\n|poke|p1|Ceruledge, M|\n|poke|p1|Zamazenta-*|\n|poke|p1|Ogerpon-Wellspring, F|\n|poke|p1|Glimmora, M|\n|poke|p1|Great Tusk|\n|poke|p1|Maushold-Four|\n|poke|p2|Garganacl, M|\n|poke|p2|Clefairy, F|\n|poke|p2|Samurott-Hisui, F|\n|poke|p2|Ursaluna, F|\n|poke|p2|Kingambit, F|\n|poke|p2|Gholdengo|\n|teampreview\n|\n|t:|1700525214\n|start\n|switch|p1a: Glimmora|Glimmora, M|100\/100\n|switch|p2a: Clefairy|Clefairy, F|100\/100\n|turn|1\n|\n|t:|1700525227\n|move|p1a: Glimmora|Light Screen|p1a: Glimmora\n|-sidestart|p1: tagyournot|move: Light Screen\n|move|p2a: Clefairy|Wish|p2a: Clefairy\n|\n|upkeep\n|turn|2\n|\n|t:|1700525232\n|move|p1a: Glimmora|Reflect|p1a: Glimmora\n|-sidestart|p1: tagyournot|Reflect\n|move|p2a: Clefairy|Calm Mind|p2a: Clefairy\n|-boost|p2a: Clefairy|spa|1\n|-boost|p2a: Clefairy|spd|1\n|\n|upkeep\n|turn|3\n|\n|t:|1700525241\n|move|p1a: Glimmora|Sludge Wave|p2a: Clefairy\n|-supereffective|p2a: Clefairy\n|-damage|p2a: Clefairy|46\/100\n|move|p2a: Clefairy|Stealth Rock|p1a: Glimmora\n|-sidestart|p1: tagyournot|move: Stealth Rock\n|\n|upkeep\n|turn|4\n|\n|t:|1700525257\n|switch|p2a: Gholdengo|Gholdengo|100\/100\n|-item|p2a: Gholdengo|Air Balloon\n|move|p1a: Glimmora|Earth Power|p2a: Gholdengo\n|-immune|p2a: Gholdengo\n|\n|upkeep\n|turn|5\n|\n|t:|1700525270\n|switch|p1a: Elephant|Great Tusk|100\/100\n|-damage|p1a: Elephant|98\/100|[from] Stealth Rock\n|move|p2a: Gholdengo|Nasty Plot|p2a: Gholdengo\n|-boost|p2a: Gholdengo|spa|2\n|\n|upkeep\n|turn|6\n|\n|t:|1700525293\n|move|p1a: Elephant|Ice Spinner|p2a: Gholdengo\n|-resisted|p2a: Gholdengo\n|-damage|p2a: Gholdengo|84\/100\n|-enditem|p2a: Gholdengo|Air Balloon\n|move|p2a: Gholdengo|Psychic|p1a: Elephant\n|-supereffective|p1a: Elephant\n|-damage|p1a: Elephant|30\/100\n|\n|upkeep\n|turn|7\n|\n|t:|1700525308\n|switch|p2a: Clefairy|Clefairy, F|46\/100\n|move|p1a: Elephant|Headlong Rush|p2a: Clefairy\n|-damage|p2a: Clefairy|0 fnt\n|-unboost|p1a: Elephant|def|1\n|-unboost|p1a: Elephant|spd|1\n|faint|p2a: Clefairy\n|\n|upkeep\n|\n|t:|1700525324\n|switch|p2a: Samurott|Samurott-Hisui, F|100\/100\n|turn|8\n|\n|t:|1700525333\n|move|p1a: Elephant|Rapid Spin|p2a: Samurott\n|-damage|p2a: Samurott|78\/100\n|-boost|p1a: Elephant|spe|1\n|-sideend|p1: tagyournot|Stealth Rock|[from] move: Rapid Spin|[of] p1a: Elephant\n|move|p2a: Samurott|Knock Off|p1a: Elephant\n|-resisted|p1a: Elephant\n|-crit|p1a: Elephant\n|-damage|p1a: Elephant|0 fnt\n|-enditem|p1a: Elephant|Assault Vest|[from] move: Knock Off|[of] p2a: Samurott\n|faint|p1a: Elephant\n|-end|p1a: Elephant|Protosynthesis|[silent]\n|-damage|p2a: Samurott|68\/100|[from] item: Life Orb\n|\n|-sideend|p1: tagyournot|move: Light Screen\n|upkeep\n|\n|t:|1700525355\n|switch|p1a: Waterrr|Ogerpon-Wellspring, F|100\/100\n|turn|9\n|\n|t:|1700525360\n|move|p1a: Waterrr|Swords Dance|p1a: Waterrr\n|-boost|p1a: Waterrr|atk|2\n|move|p2a: Samurott|Ceaseless Edge|p1a: Waterrr\n|-damage|p1a: Waterrr|56\/100\n|-sidestart|p1: tagyournot|Spikes\n|-damage|p2a: Samurott|58\/100|[from] item: Life Orb\n|\n|-sideend|p1: tagyournot|Reflect\n|upkeep\n|turn|10\n|\n|t:|1700525373\n|move|p1a: Waterrr|Power Whip|p2a: Samurott\n|-supereffective|p2a: Samurott\n|-damage|p2a: Samurott|0 fnt\n|faint|p2a: Samurott\n|\n|upkeep\n|\n|t:|1700525382\n|switch|p2a: Garganacl|Garganacl, M|100\/100\n|turn|11\n|\n|t:|1700525395\n|-terastallize|p1a: Waterrr|Water\n|detailschange|p1a: Waterrr|Ogerpon-Wellspring-Tera, F, tera:Water\n|-ability|p1a: Waterrr|Embody Aspect (Wellspring)|boost\n|-boost|p1a: Waterrr|spd|1\n|-terastallize|p2a: Garganacl|Ghost\n|move|p1a: Waterrr|Ivy Cudgel|p2a: Garganacl|[anim] Ivy Cudgel Water\n|-damage|p2a: Garganacl|5\/100\n|move|p2a: Garganacl|Salt Cure|p1a: Waterrr\n|-damage|p1a: Waterrr|37\/100\n|-start|p1a: Waterrr|Salt Cure\n|\n|-heal|p2a: Garganacl|11\/100|[from] item: Leftovers\n|-damage|p1a: Waterrr|12\/100|[from] Salt Cure\n|upkeep\n|turn|12\n|\n|t:|1700525419\n|move|p1a: Waterrr|Knock Off|p2a: Garganacl\n|-supereffective|p2a: Garganacl\n|-damage|p2a: Garganacl|0 fnt\n|-enditem|p2a: Garganacl|Leftovers|[from] move: Knock Off|[of] p1a: Waterrr\n|faint|p2a: Garganacl\n|\n|-damage|p1a: Waterrr|0 fnt|[from] Salt Cure\n|faint|p1a: Waterrr\n|upkeep\n|\n|t:|1700525430\n|switch|p1a: Maushold|Maushold-Four|100\/100\n|switch|p2a: Ursaluna|Ursaluna, F|100\/100\n|-damage|p1a: Maushold|88\/100|[from] Spikes\n|turn|13\n|\n|t:|1700525441\n|switch|p2a: Gholdengo|Gholdengo|84\/100\n|move|p1a: Maushold|Tidy Up|p1a: Maushold\n|-sideend|p1: tagyournot|Spikes\n|-activate|p1a: Maushold|move: Tidy Up\n|-boost|p1a: Maushold|atk|1\n|-boost|p1a: Maushold|spe|1\n|\n|upkeep\n|turn|14\n|\n|t:|1700525450\n|move|p1a: Maushold|Bite|p2a: Gholdengo\n|-supereffective|p2a: Gholdengo\n|-damage|p2a: Gholdengo|4\/100\n|move|p2a: Gholdengo|Nasty Plot|p2a: Gholdengo\n|-boost|p2a: Gholdengo|spa|2\n|\n|upkeep\n|turn|15\n|\n|t:|1700525465\n|switch|p2a: Kingambit|Kingambit, F|100\/100\n|-activate|p2a: Kingambit|ability: Supreme Overlord\n|-start|p2a: Kingambit|fallen3|[silent]\n|move|p1a: Maushold|Bite|p2a: Kingambit\n|-resisted|p2a: Kingambit\n|-damage|p2a: Kingambit|87\/100\n|\n|upkeep\n|turn|16\n|\n|t:|1700525497\n|move|p1a: Maushold|Population Bomb|p2a: Kingambit\n|-resisted|p2a: Kingambit\n|-damage|p2a: Kingambit|81\/100\n|-resisted|p2a: Kingambit\n|-damage|p2a: Kingambit|75\/100\n|-resisted|p2a: Kingambit\n|-damage|p2a: Kingambit|68\/100\n|-resisted|p2a: Kingambit\n|-damage|p2a: Kingambit|62\/100\n|-resisted|p2a: Kingambit\n|-damage|p2a: Kingambit|55\/100\n|-resisted|p2a: Kingambit\n|-damage|p2a: Kingambit|48\/100\n|-resisted|p2a: Kingambit\n|-damage|p2a: Kingambit|42\/100\n|-resisted|p2a: Kingambit\n|-damage|p2a: Kingambit|36\/100\n|-resisted|p2a: Kingambit\n|-crit|p2a: Kingambit\n|-damage|p2a: Kingambit|27\/100\n|-resisted|p2a: Kingambit\n|-damage|p2a: Kingambit|20\/100\n|-hitcount|p2a: Kingambit|10\n|move|p2a: Kingambit|Swords Dance|p2a: Kingambit\n|-boost|p2a: Kingambit|atk|2\n|\n|upkeep\n|turn|17\n|\n|t:|1700525518\n|move|p2a: Kingambit|Sucker Punch|p1a: Maushold\n|-damage|p1a: Maushold|0 fnt\n|faint|p1a: Maushold\n|\n|upkeep\n|\n|t:|1700525522\n|switch|p1a: Zamazenta|Zamazenta|100\/100\n|-ability|p1a: Zamazenta|Dauntless Shield|boost\n|-boost|p1a: Zamazenta|def|1\n|turn|18\n|\n|t:|1700525532\n|move|p2a: Kingambit|Sucker Punch||[still]\n|-fail|p2a: Kingambit\n|move|p1a: Zamazenta|Substitute|p1a: Zamazenta\n|-start|p1a: Zamazenta|Substitute\n|-damage|p1a: Zamazenta|76\/100\n|\n|-heal|p1a: Zamazenta|82\/100|[from] item: Leftovers\n|upkeep\n|turn|19\n|\n|t:|1700525541\n|-end|p2a: Kingambit|fallen3|[silent]\n|switch|p2a: Gholdengo|Gholdengo|4\/100\n|move|p1a: Zamazenta|Iron Defense|p1a: Zamazenta\n|-boost|p1a: Zamazenta|def|2\n|\n|-heal|p1a: Zamazenta|88\/100|[from] item: Leftovers\n|upkeep\n|turn|20\n|\n|t:|1700525550\n|move|p1a: Zamazenta|Crunch|p2a: Gholdengo\n|-supereffective|p2a: Gholdengo\n|-damage|p2a: Gholdengo|0 fnt\n|faint|p2a: Gholdengo\n|\n|-heal|p1a: Zamazenta|94\/100|[from] item: Leftovers\n|upkeep\n|\n|t:|1700525557\n|switch|p2a: Ursaluna|Ursaluna, F|100\/100\n|turn|21\n|\n|t:|1700525564\n|move|p1a: Zamazenta|Iron Defense|p1a: Zamazenta\n|-boost|p1a: Zamazenta|def|2\n|move|p2a: Ursaluna|Earthquake|p1a: Zamazenta\n|-activate|p1a: Zamazenta|move: Substitute|[damage]\n|\n|-heal|p1a: Zamazenta|100\/100|[from] item: Leftovers\n|-status|p2a: Ursaluna|brn|[from] item: Flame Orb\n|upkeep\n|turn|22\n|\n|t:|1700525576\n|move|p1a: Zamazenta|Body Press|p2a: Ursaluna\n|-supereffective|p2a: Ursaluna\n|-damage|p2a: Ursaluna|0 fnt\n|faint|p2a: Ursaluna\n|\n|upkeep\n|-message|Yan2019 forfeited.\n|\n|win|tagyournot\n|raw|tagyournot's rating: 1032 &rarr; <strong>1072<\/strong><br \/>(+40 for winning)\n|raw|Yan2019's rating: 1077 &rarr; <strong>1053<\/strong><br \/>(-24 for losing)\n|l|\u2606Yan2019\n","uploadtime":1700525586,"views":5,"p1id":"tagyournot","p2id":"yan2019","formatid":"gen9ou","rating":1053,"private":0,"password":""}