{"id":"gen9ou-1993357376","p1":"testing5hitmons","p2":"DA Scizor Enjoyer","format":"[Gen 9] OU","log":"|j|\u2606testing5hitmons\n|j|\u2606DA Scizor Enjoyer\n|t:|1700305218\n|gametype|singles\n|player|p1|testing5hitmons|265|1371\n|player|p2|DA Scizor Enjoyer|turo-ai|1287\n|teamsize|p1|6\n|teamsize|p2|6\n|gen|9\n|tier|[Gen 9] OU\n|rated|\n|rule|Sleep Clause Mod: Limit one foe put to sleep\n|rule|Species Clause: Limit one of each Pok\u00e9mon\n|rule|OHKO Clause: OHKO moves are banned\n|rule|Evasion Items Clause: Evasion items are banned\n|rule|Evasion Moves Clause: Evasion moves are banned\n|rule|Endless Battle Clause: Forcing endless battles is banned\n|rule|HP Percentage Mod: HP is shown in percentages\n|clearpoke\n|poke|p1|Alomomola, M|\n|poke|p1|Slowking-Galar, F|\n|poke|p1|Toxapex, F|\n|poke|p1|Amoonguss, F|\n|poke|p1|Mienshao, M|\n|poke|p1|Tornadus-Therian, M|\n|poke|p2|Kingambit, F|\n|poke|p2|Scizor, F|\n|poke|p2|Gholdengo|\n|poke|p2|Toxapex, F|\n|poke|p2|Walking Wake|\n|poke|p2|Thundurus-Therian, M|\n|teampreview\n|inactive|Battle timer is ON: inactive players will automatically lose when time's up. (requested by DA Scizor Enjoyer)\n|\n|t:|1700305232\n|start\n|switch|p1a: Slowking|Slowking-Galar, F|100\/100\n|switch|p2a: Thundurus|Thundurus-Therian, M|100\/100\n|turn|1\n|\n|t:|1700305236\n|move|p2a: Thundurus|Knock Off|p1a: Slowking\n|-supereffective|p1a: Slowking\n|-damage|p1a: Slowking|52\/100\n|-enditem|p1a: Slowking|Heavy-Duty Boots|[from] move: Knock Off|[of] p2a: Thundurus\n|move|p1a: Slowking|Future Sight|p2a: Thundurus\n|-start|p1a: Slowking|move: Future Sight\n|\n|upkeep\n|turn|2\n|\n|t:|1700305242\n|move|p2a: Thundurus|Taunt|p1a: Slowking\n|-start|p1a: Slowking|move: Taunt\n|cant|p1a: Slowking|move: Taunt|Chilly Reception\n|\n|upkeep\n|turn|3\n|\n|t:|1700305245\n|move|p2a: Thundurus|Volt Switch|p1a: Slowking\n|-damage|p1a: Slowking|29\/100\n|\n|t:|1700305249\n|switch|p2a: Kingamble|Kingambit, F|100\/100|[from] Volt Switch\n|move|p1a: Slowking|Sludge Bomb|p2a: Kingamble\n|-immune|p2a: Kingamble\n|\n|-end|p2a: Kingamble|move: Future Sight\n|-immune|p2a: Kingamble\n|upkeep\n|turn|4\n|\n|t:|1700305256\n|switch|p1a: Toxapex|Toxapex, F|100\/100\n|move|p2a: Kingamble|Kowtow Cleave|p1a: Toxapex\n|-damage|p1a: Toxapex|69\/100\n|\n|upkeep\n|turn|5\n|\n|t:|1700305262\n|-end|p2a: Kingamble|fallenundefined|[silent]\n|switch|p2a: Thundurus|Thundurus-Therian, M|100\/100\n|move|p1a: Toxapex|Recover|p1a: Toxapex\n|-heal|p1a: Toxapex|100\/100\n|\n|upkeep\n|turn|6\n|\n|t:|1700305265\n|switch|p1a: Amoonguss|Amoonguss, F|100\/100\n|move|p2a: Thundurus|Volt Switch|p1a: Amoonguss\n|-resisted|p1a: Amoonguss\n|-damage|p1a: Amoonguss|83\/100\n|\n|t:|1700305271\n|switch|p2a: Good as Gold|Gholdengo|100\/100|[from] Volt Switch\n|\n|upkeep\n|turn|7\n|\n|t:|1700305283\n|switch|p1a: Toxapex|Toxapex, F|100\/100\n|move|p2a: Good as Gold|Nasty Plot|p2a: Good as Gold\n|-boost|p2a: Good as Gold|spa|2\n|\n|upkeep\n|turn|8\n|\n|t:|1700305288\n|move|p2a: Good as Gold|Psyshock|p1a: Toxapex\n|-supereffective|p1a: Toxapex\n|-damage|p1a: Toxapex|41\/100\n|move|p1a: Toxapex|Haze|p1a: Toxapex\n|-clearallboost\n|\n|upkeep\n|turn|9\n|\n|t:|1700305300\n|switch|p1a: Mienshao|Mienshao, M|100\/100\n|move|p2a: Good as Gold|Psyshock|p1a: Mienshao\n|-supereffective|p1a: Mienshao\n|-damage|p1a: Mienshao|10\/100\n|\n|upkeep\n|turn|10\n|\n|t:|1700305312\n|switch|p2a: Underated Bug|Scizor, F|100\/100\n|move|p1a: Mienshao|U-turn|p2a: Underated Bug\n|-resisted|p2a: Underated Bug\n|-damage|p2a: Underated Bug|85\/100\n|\n|t:|1700305316\n|switch|p1a: Amoonguss|Amoonguss, F|100\/100|[from] U-turn\n|\n|-heal|p2a: Underated Bug|91\/100|[from] item: Leftovers\n|upkeep\n|turn|11\n|\n|t:|1700305321\n|move|p2a: Underated Bug|Bug Bite|p1a: Amoonguss\n|-damage|p1a: Amoonguss|61\/100\n|move|p1a: Amoonguss|Spore|p2a: Underated Bug\n|-status|p2a: Underated Bug|slp|[from] move: Spore\n|\n|-heal|p2a: Underated Bug|97\/100 slp|[from] item: Leftovers\n|upkeep\n|turn|12\n|\n|t:|1700305328\n|switch|p1a: Tornadus|Tornadus-Therian, M|100\/100\n|cant|p2a: Underated Bug|slp\n|\n|-heal|p2a: Underated Bug|100\/100 slp|[from] item: Leftovers\n|upkeep\n|turn|13\n|\n|t:|1700305335\n|switch|p2a: Smogon Wall|Toxapex, F|100\/100\n|move|p1a: Tornadus|Heat Wave|p2a: Smogon Wall\n|-resisted|p2a: Smogon Wall\n|-damage|p2a: Smogon Wall|92\/100\n|\n|upkeep\n|turn|14\n|\n|t:|1700305340\n|switch|p1a: Toxapex|Toxapex, F|75\/100\n|move|p2a: Smogon Wall|Infestation|p1a: Toxapex\n|-resisted|p1a: Toxapex\n|-damage|p1a: Toxapex|73\/100\n|-activate|p1a: Toxapex|move: Infestation|[of] p2a: Smogon Wall\n|\n|-damage|p1a: Toxapex|60\/100|[from] move: Infestation|[partiallytrapped]\n|upkeep\n|turn|15\n|\n|t:|1700305344\n|move|p1a: Toxapex|Recover|p1a: Toxapex\n|-heal|p1a: Toxapex|100\/100\n|move|p2a: Smogon Wall|Surf|p1a: Toxapex\n|-resisted|p1a: Toxapex\n|-damage|p1a: Toxapex|89\/100\n|\n|-damage|p1a: Toxapex|76\/100|[from] move: Infestation|[partiallytrapped]\n|upkeep\n|turn|16\n|\n|t:|1700305351\n|move|p1a: Toxapex|Toxic Spikes|p2a: Smogon Wall\n|-sidestart|p2: DA Scizor Enjoyer|move: Toxic Spikes\n|move|p2a: Smogon Wall|Surf|p1a: Toxapex\n|-resisted|p1a: Toxapex\n|-damage|p1a: Toxapex|66\/100\n|\n|-damage|p1a: Toxapex|53\/100|[from] move: Infestation|[partiallytrapped]\n|upkeep\n|turn|17\n|\n|t:|1700305358\n|move|p1a: Toxapex|Recover|p1a: Toxapex\n|-heal|p1a: Toxapex|100\/100\n|move|p2a: Smogon Wall|Surf|p1a: Toxapex\n|-resisted|p1a: Toxapex\n|-damage|p1a: Toxapex|89\/100\n|\n|-damage|p1a: Toxapex|77\/100|[from] move: Infestation|[partiallytrapped]\n|upkeep\n|turn|18\n|\n|t:|1700305367\n|switch|p2a: Thundurus|Thundurus-Therian, M|100\/100\n|move|p1a: Toxapex|Toxic Spikes|p2a: Thundurus\n|-sidestart|p2: DA Scizor Enjoyer|move: Toxic Spikes\n|\n|-end|p1a: Toxapex|Infestation|[partiallytrapped]\n|upkeep\n|turn|19\n|\n|t:|1700305373\n|switch|p1a: Amoonguss|Amoonguss, F|95\/100\n|move|p2a: Thundurus|Volt Switch|p1a: Amoonguss\n|-resisted|p1a: Amoonguss\n|-damage|p1a: Amoonguss|76\/100\n|\n|t:|1700305377\n|switch|p2a: Smogon Wall|Toxapex, F|100\/100|[from] Volt Switch\n|-sideend|p2: DA Scizor Enjoyer|move: Toxic Spikes|[of] p2a: Smogon Wall\n|\n|upkeep\n|turn|20\n|\n|t:|1700305385\n|switch|p1a: Slowking|Slowking-Galar, F|63\/100\n|move|p2a: Smogon Wall|Infestation|p1a: Slowking\n|-damage|p1a: Slowking|60\/100\n|-activate|p1a: Slowking|move: Infestation|[of] p2a: Smogon Wall\n|\n|-damage|p1a: Slowking|48\/100|[from] move: Infestation|[partiallytrapped]\n|upkeep\n|turn|21\n|\n|t:|1700305388\n|move|p2a: Smogon Wall|Surf|p1a: Slowking\n|-damage|p1a: Slowking|31\/100\n|move|p1a: Slowking|Future Sight|p2a: Smogon Wall\n|-start|p1a: Slowking|move: Future Sight\n|\n|-damage|p1a: Slowking|18\/100|[from] move: Infestation|[partiallytrapped]\n|upkeep\n|turn|22\n|\n|t:|1700305394\n|move|p2a: Smogon Wall|Surf|p1a: Slowking\n|-damage|p1a: Slowking|2\/100\n|move|p1a: Slowking|Chilly Reception|p1a: Slowking\n|-weather|Snow\n|\n|t:|1700305398\n|switch|p1a: Mienshao|Mienshao, M|44\/100|[from] Chilly Reception\n|\n|-weather|Snow|[upkeep]\n|upkeep\n|turn|23\n|\n|t:|1700305403\n|switch|p2a: Good as Gold|Gholdengo|100\/100\n|move|p1a: Mienshao|Knock Off|p2a: Good as Gold\n|-supereffective|p2a: Good as Gold\n|-damage|p2a: Good as Gold|50\/100\n|-enditem|p2a: Good as Gold|Covert Cloak|[from] move: Knock Off|[of] p1a: Mienshao\n|\n|-weather|Snow|[upkeep]\n|-end|p2a: Good as Gold|move: Future Sight\n|-resisted|p2a: Good as Gold\n|-damage|p2a: Good as Gold|30\/100\n|upkeep\n|turn|24\n|\n|t:|1700305411\n|move|p1a: Mienshao|Knock Off|p2a: Good as Gold\n|-supereffective|p2a: Good as Gold\n|-damage|p2a: Good as Gold|0 fnt\n|faint|p2a: Good as Gold\n|\n|-weather|Snow|[upkeep]\n|upkeep\n|\n|t:|1700305418\n|switch|p2a: Walking Wake|Walking Wake|100\/100\n|turn|25\n|\n|t:|1700305420\n|move|p2a: Walking Wake|Draco Meteor|p1a: Mienshao\n|-damage|p1a: Mienshao|0 fnt\n|-unboost|p2a: Walking Wake|spa|2\n|faint|p1a: Mienshao\n|\n|-weather|Snow|[upkeep]\n|upkeep\n|\n|t:|1700305424\n|switch|p1a: Tornadus|Tornadus-Therian, M|100\/100\n|turn|26\n|\n|t:|1700305428\n|-end|p2a: Walking Wake|Protosynthesis|[silent]\n|switch|p2a: Smogon Wall|Toxapex, F|100\/100\n|move|p1a: Tornadus|Nasty Plot|p1a: Tornadus\n|-boost|p1a: Tornadus|spa|2\n|\n|-weather|none\n|upkeep\n|turn|27\n|\n|t:|1700305431\n|move|p1a: Tornadus|Bleakwind Storm|p2a: Smogon Wall\n|-damage|p2a: Smogon Wall|53\/100\n|move|p2a: Smogon Wall|Ice Beam|p1a: Tornadus\n|-supereffective|p1a: Tornadus\n|-damage|p1a: Tornadus|50\/100\n|\n|upkeep\n|turn|28\n|\n|t:|1700305437\n|move|p1a: Tornadus|Bleakwind Storm|p2a: Smogon Wall\n|-crit|p2a: Smogon Wall\n|-damage|p2a: Smogon Wall|0 fnt\n|faint|p2a: Smogon Wall\n|\n|upkeep\n|\n|t:|1700305445\n|switch|p2a: Walking Wake|Walking Wake|100\/100\n|turn|29\n|\n|t:|1700305459\n|switch|p1a: Toxapex|Toxapex, F|100\/100\n|move|p2a: Walking Wake|Draco Meteor|p1a: Toxapex|[miss]\n|-miss|p2a: Walking Wake|p1a: Toxapex\n|\n|upkeep\n|turn|30\n|\n|t:|1700305462\n|move|p2a: Walking Wake|Draco Meteor|p1a: Toxapex|[miss]\n|-miss|p2a: Walking Wake|p1a: Toxapex\n|move|p1a: Toxapex|Recover||[still]\n|-fail|p1a: Toxapex|heal\n|\n|upkeep\n|turn|31\n|\n|t:|1700305471\n|move|p2a: Walking Wake|Draco Meteor|p1a: Toxapex|[miss]\n|-miss|p2a: Walking Wake|p1a: Toxapex\n|move|p1a: Toxapex|Recover||[still]\n|-fail|p1a: Toxapex|heal\n|\n|upkeep\n|turn|32\n|\n|t:|1700305476\n|move|p2a: Walking Wake|Draco Meteor|p1a: Toxapex\n|-damage|p1a: Toxapex|44\/100\n|-unboost|p2a: Walking Wake|spa|2\n|move|p1a: Toxapex|Recover|p1a: Toxapex\n|-heal|p1a: Toxapex|94\/100\n|\n|upkeep\n|turn|33\n|\n|t:|1700305484\n|-end|p2a: Walking Wake|Protosynthesis|[silent]\n|switch|p2a: Underated Bug|Scizor, F|100\/100 slp\n|switch|p1a: Slowking|Slowking-Galar, F|36\/100\n|\n|upkeep\n|turn|34\n|\n|t:|1700305489\n|cant|p2a: Underated Bug|slp\n|move|p1a: Slowking|Chilly Reception|p1a: Slowking\n|-weather|Snow\n|\n|t:|1700305491\n|switch|p1a: Tornadus|Tornadus-Therian, M|83\/100|[from] Chilly Reception\n|\n|-weather|Snow|[upkeep]\n|upkeep\n|turn|35\n|\n|t:|1700305496\n|cant|p2a: Underated Bug|slp\n|move|p1a: Tornadus|Bleakwind Storm|p2a: Underated Bug|[miss]\n|-miss|p1a: Tornadus|p2a: Underated Bug\n|\n|-weather|Snow|[upkeep]\n|upkeep\n|turn|36\n|\n|t:|1700305499\n|-curestatus|p2a: Underated Bug|slp|[msg]\n|move|p2a: Underated Bug|Bullet Punch|p1a: Tornadus\n|-damage|p1a: Tornadus|34\/100\n|move|p1a: Tornadus|Heat Wave|p2a: Underated Bug\n|-supereffective|p2a: Underated Bug\n|-damage|p2a: Underated Bug|0 fnt\n|faint|p2a: Underated Bug\n|\n|-weather|Snow|[upkeep]\n|upkeep\n|\n|t:|1700305508\n|switch|p2a: Thundurus|Thundurus-Therian, M|100\/100\n|turn|37\n|\n|t:|1700305510\n|switch|p1a: Amoonguss|Amoonguss, F|100\/100\n|move|p2a: Thundurus|Volt Switch|p1a: Amoonguss\n|-resisted|p1a: Amoonguss\n|-damage|p1a: Amoonguss|82\/100\n|\n|t:|1700305516\n|switch|p2a: Walking Wake|Walking Wake|100\/100|[from] Volt Switch\n|\n|-weather|Snow|[upkeep]\n|upkeep\n|turn|38\n|\n|t:|1700305526\n|switch|p1a: Toxapex|Toxapex, F|100\/100\n|move|p2a: Walking Wake|Flip Turn|p1a: Toxapex\n|-resisted|p1a: Toxapex\n|-damage|p1a: Toxapex|95\/100\n|\n|t:|1700305529\n|-end|p2a: Walking Wake|Protosynthesis|[silent]\n|switch|p2a: Thundurus|Thundurus-Therian, M|100\/100|[from] Flip Turn\n|\n|-weather|none\n|upkeep\n|turn|39\n|\n|t:|1700305533\n|switch|p1a: Amoonguss|Amoonguss, F|100\/100\n|move|p2a: Thundurus|Volt Switch|p1a: Amoonguss\n|-resisted|p1a: Amoonguss\n|-damage|p1a: Amoonguss|82\/100\n|\n|t:|1700305536\n|switch|p2a: Walking Wake|Walking Wake|100\/100|[from] Volt Switch\n|\n|upkeep\n|turn|40\n|\n|t:|1700305543\n|switch|p1a: Toxapex|Toxapex, F|100\/100\n|move|p2a: Walking Wake|Draco Meteor|p1a: Toxapex\n|-damage|p1a: Toxapex|52\/100\n|-unboost|p2a: Walking Wake|spa|2\n|\n|upkeep\n|turn|41\n|\n|t:|1700305548\n|-end|p2a: Walking Wake|Protosynthesis|[silent]\n|switch|p2a: Kingamble|Kingambit, F|100\/100\n|-activate|p2a: Kingamble|ability: Supreme Overlord\n|-start|p2a: Kingamble|fallen3|[silent]\n|switch|p1a: Amoonguss|Amoonguss, F|100\/100\n|\n|upkeep\n|turn|42\n|\n|t:|1700305554\n|-end|p2a: Kingamble|fallen3|[silent]\n|switch|p2a: Walking Wake|Walking Wake|100\/100\n|move|p1a: Amoonguss|Spore|p2a: Walking Wake\n|-status|p2a: Walking Wake|slp|[from] move: Spore\n|\n|upkeep\n|turn|43\n|\n|t:|1700305562\n|-end|p2a: Walking Wake|Protosynthesis|[silent]\n|switch|p2a: Kingamble|Kingambit, F|100\/100\n|-activate|p2a: Kingamble|ability: Supreme Overlord\n|-start|p2a: Kingamble|fallen3|[silent]\n|switch|p1a: Slowking|Slowking-Galar, F|69\/100\n|\n|upkeep\n|turn|44\n|\n|t:|1700305569\n|-terastallize|p1a: Slowking|Fighting\n|move|p2a: Kingamble|Kowtow Cleave|p1a: Slowking\n|-resisted|p1a: Slowking\n|-damage|p1a: Slowking|34\/100\n|move|p1a: Slowking|Tera Blast|p2a: Kingamble|[anim] Tera Blast Fighting\n|-supereffective|p2a: Kingamble\n|-damage|p2a: Kingamble|0 fnt\n|faint|p2a: Kingamble\n|-end|p2a: Kingamble|fallen3|[silent]\n|\n|upkeep\n|-message|DA Scizor Enjoyer forfeited.\n|\n|win|testing5hitmons\n|raw|testing5hitmons's rating: 1371 &rarr; <strong>1386<\/strong><br \/>(+15 for winning)\n|raw|DA Scizor Enjoyer's rating: 1287 &rarr; <strong>1268<\/strong><br \/>(-19 for losing)\n|l|\u2606DA Scizor Enjoyer\n|l|\u2606testing5hitmons\n","uploadtime":1700305864,"views":15,"p1id":"testing5hitmons","p2id":"dascizorenjoyer","formatid":"gen9ou","rating":1268,"private":0,"password":""}