{"id":"gen9ou-1990064409","p1":"xzq1532","p2":"JJMegaZero","format":"[Gen 9] OU","log":"|j|\u2606xzq1532\n|j|\u2606JJMegaZero\n|t:|1699920694\n|gametype|singles\n|player|p1|xzq1532|acetrainerf-gen4dp|1018\n|player|p2|JJMegaZero|169|1126\n|teamsize|p1|6\n|teamsize|p2|6\n|gen|9\n|tier|[Gen 9] OU\n|rated|\n|rule|Sleep Clause Mod: Limit one foe put to sleep\n|rule|Species Clause: Limit one of each Pok\u00e9mon\n|rule|OHKO Clause: OHKO moves are banned\n|rule|Evasion Items Clause: Evasion items are banned\n|rule|Evasion Moves Clause: Evasion moves are banned\n|rule|Endless Battle Clause: Forcing endless battles is banned\n|rule|HP Percentage Mod: HP is shown in percentages\n|clearpoke\n|poke|p1|Pelipper, M|\n|poke|p1|Volcanion|\n|poke|p1|Torkoal, M|\n|poke|p1|Ninetales-Alola, F|\n|poke|p1|Avalugg-Hisui, F|\n|poke|p1|Tyranitar, F|\n|poke|p2|Tyranitar, M|\n|poke|p2|Hippowdon, F|\n|poke|p2|Garchomp, F|\n|poke|p2|Landorus-Therian, M|\n|poke|p2|Garganacl, F|\n|poke|p2|Great Tusk|\n|teampreview\n|\n|t:|1699920706\n|start\n|switch|p1a: Sustrato|Avalugg-Hisui, F|100\/100\n|switch|p2a: Tyranitar|Tyranitar, M, shiny|100\/100\n|-weather|Sandstorm|[from] ability: Sand Stream|[of] p2a: Tyranitar\n|turn|1\n|\n|t:|1699920714\n|move|p2a: Tyranitar|Stealth Rock|p1a: Sustrato\n|-sidestart|p1: xzq1532|move: Stealth Rock\n|move|p1a: Sustrato|Body Press|p2a: Tyranitar\n|-supereffective|p2a: Tyranitar\n|-damage|p2a: Tyranitar|0 fnt\n|faint|p2a: Tyranitar\n|\n|-weather|Sandstorm|[upkeep]\n|upkeep\n|inactive|Battle timer is ON: inactive players will automatically lose when time's up. (requested by JJMegaZero)\n|\n|t:|1699920721\n|switch|p2a: Hippowdon|Hippowdon, F|100\/100\n|turn|2\n|\n|t:|1699920726\n|move|p2a: Hippowdon|Amnesia|p2a: Hippowdon\n|-boost|p2a: Hippowdon|spd|2\n|move|p1a: Sustrato|Rapid Spin|p2a: Hippowdon\n|-damage|p2a: Hippowdon|92\/100\n|-boost|p1a: Sustrato|spe|1\n|-damage|p1a: Sustrato|84\/100|[from] item: Rocky Helmet|[of] p2a: Hippowdon\n|-sideend|p1: xzq1532|Stealth Rock|[from] move: Rapid Spin|[of] p1a: Sustrato\n|\n|-weather|Sandstorm|[upkeep]\n|upkeep\n|turn|3\n|\n|t:|1699920734\n|move|p1a: Sustrato|Iron Defense|p1a: Sustrato\n|-boost|p1a: Sustrato|def|2\n|move|p2a: Hippowdon|Amnesia|p2a: Hippowdon\n|-boost|p2a: Hippowdon|spd|2\n|\n|-weather|Sandstorm|[upkeep]\n|upkeep\n|turn|4\n|\n|t:|1699920742\n|move|p1a: Sustrato|Body Press|p2a: Hippowdon\n|-damage|p2a: Hippowdon|34\/100\n|-damage|p1a: Sustrato|67\/100|[from] item: Rocky Helmet|[of] p2a: Hippowdon\n|move|p2a: Hippowdon|Amnesia|p2a: Hippowdon\n|-boost|p2a: Hippowdon|spd|2\n|\n|-weather|Sandstorm|[upkeep]\n|upkeep\n|turn|5\n|\n|t:|1699920749\n|move|p1a: Sustrato|Iron Defense|p1a: Sustrato\n|-boost|p1a: Sustrato|def|2\n|move|p2a: Hippowdon|Slack Off|p2a: Hippowdon\n|-heal|p2a: Hippowdon|85\/100\n|\n|-weather|Sandstorm|[upkeep]\n|upkeep\n|turn|6\n|\n|t:|1699920755\n|move|p1a: Sustrato|Iron Defense|p1a: Sustrato\n|-boost|p1a: Sustrato|def|2\n|move|p2a: Hippowdon|Heavy Slam|p1a: Sustrato\n|-supereffective|p1a: Sustrato\n|-crit|p1a: Sustrato\n|-damage|p1a: Sustrato|37\/100\n|-damage|p2a: Hippowdon|68\/100|[from] item: Rocky Helmet|[of] p1a: Sustrato\n|\n|-weather|Sandstorm|[upkeep]\n|upkeep\n|turn|7\n|\n|t:|1699920765\n|move|p1a: Sustrato|Body Press|p2a: Hippowdon\n|-damage|p2a: Hippowdon|0 fnt\n|-damage|p1a: Sustrato|21\/100|[from] item: Rocky Helmet|[of] p2a: Hippowdon\n|faint|p2a: Hippowdon\n|\n|-weather|Sandstorm|[upkeep]\n|upkeep\n|\n|t:|1699920782\n|switch|p2a: Great Tusk|Great Tusk|100\/100\n|-enditem|p2a: Great Tusk|Booster Energy\n|-activate|p2a: Great Tusk|ability: Protosynthesis|[fromitem]\n|-start|p2a: Great Tusk|protosynthesisspe\n|turn|8\n|\n|t:|1699920790\n|-terastallize|p1a: Sustrato|Ghost\n|move|p2a: Great Tusk|Headlong Rush|p1a: Sustrato\n|-damage|p1a: Sustrato|14\/100\n|-unboost|p2a: Great Tusk|def|1\n|-unboost|p2a: Great Tusk|spd|1\n|-damage|p2a: Great Tusk|84\/100|[from] item: Rocky Helmet|[of] p1a: Sustrato\n|move|p1a: Sustrato|Recover|p1a: Sustrato\n|-heal|p1a: Sustrato|64\/100\n|\n|-weather|none\n|upkeep\n|turn|9\n|\n|t:|1699920816\n|-end|p2a: Great Tusk|Protosynthesis|[silent]\n|switch|p2a: Landorus|Landorus-Therian, M|100\/100\n|-ability|p2a: Landorus|Intimidate|boost\n|-unboost|p1a: Sustrato|atk|1\n|move|p1a: Sustrato|Recover|p1a: Sustrato\n|-heal|p1a: Sustrato|100\/100\n|\n|upkeep\n|turn|10\n|\n|t:|1699920826\n|move|p2a: Landorus|Swords Dance|p2a: Landorus\n|-boost|p2a: Landorus|atk|2\n|move|p1a: Sustrato|Body Press|p2a: Landorus\n|-resisted|p2a: Landorus\n|-damage|p2a: Landorus|0 fnt\n|faint|p2a: Landorus\n|\n|upkeep\n|\n|t:|1699920833\n|switch|p2a: Garchomp|Garchomp, F|100\/100\n|turn|11\n|\n|t:|1699920839\n|move|p1a: Sustrato|Body Press|p2a: Garchomp\n|-damage|p2a: Garchomp|0 fnt\n|-damage|p1a: Sustrato|88\/100|[from] ability: Rough Skin|[of] p2a: Garchomp\n|-damage|p1a: Sustrato|71\/100|[from] item: Rocky Helmet|[of] p2a: Garchomp\n|faint|p2a: Garchomp\n|\n|upkeep\n|\n|t:|1699920846\n|switch|p2a: Great Tusk|Great Tusk|84\/100\n|turn|12\n|\n|t:|1699920853\n|move|p1a: Sustrato|Body Press|p2a: Great Tusk\n|-damage|p2a: Great Tusk|0 fnt\n|faint|p2a: Great Tusk\n|-end|p2a: Great Tusk|Protosynthesis|[silent]\n|\n|upkeep\n|-message|JJMegaZero forfeited.\n|\n|win|xzq1532\n|raw|xzq1532's rating: 1018 &rarr; <strong>1067<\/strong><br \/>(+49 for winning)\n|raw|JJMegaZero's rating: 1126 &rarr; <strong>1093<\/strong><br \/>(-33 for losing)\n|c|\u2606xzq1532|1 avalillon damage\n","uploadtime":1699920882,"views":7,"p1id":"xzq1532","p2id":"jjmegazero","formatid":"gen9ou","rating":1067,"private":0,"password":""}