{"id":"gen9ou-1988844472","p1":"skulljester29","p2":"SDK04","format":"[Gen 9] OU","log":"|j|\u2606skulljester29\n|j|\u2606SDK04\n|t:|1699772290\n|gametype|singles\n|player|p1|skulljester29|firebreather|1723\n|player|p2|SDK04|unknown|1635\n|teamsize|p1|6\n|teamsize|p2|6\n|gen|9\n|tier|[Gen 9] OU\n|rated|\n|rule|Sleep Clause Mod: Limit one foe put to sleep\n|rule|Species Clause: Limit one of each Pok\u00e9mon\n|rule|OHKO Clause: OHKO moves are banned\n|rule|Evasion Items Clause: Evasion items are banned\n|rule|Evasion Moves Clause: Evasion moves are banned\n|rule|Endless Battle Clause: Forcing endless battles is banned\n|rule|HP Percentage Mod: HP is shown in percentages\n|clearpoke\n|poke|p1|Amoonguss, F|\n|poke|p1|Iron Valiant|\n|poke|p1|Sandy Shocks|\n|poke|p1|Rotom-Wash|\n|poke|p1|Hydreigon, M|\n|poke|p1|Cinderace, F|\n|poke|p2|Ninetales-Alola, M|\n|poke|p2|Ogerpon-Wellspring, F|\n|poke|p2|Mew|\n|poke|p2|Kingambit, M|\n|poke|p2|Gholdengo|\n|poke|p2|Salamence, M|\n|teampreview\n|\n|t:|1699772294\n|start\n|switch|p1a: Cinderace|Cinderace, F|100\/100\n|switch|p2a: cool window|Ninetales-Alola, M|100\/100\n|-weather|Snow|[from] ability: Snow Warning|[of] p2a: cool window\n|turn|1\n|inactive|Battle timer is ON: inactive players will automatically lose when time's up. (requested by SDK04)\n|\n|t:|1699772300\n|move|p1a: Cinderace|Pyro Ball|p2a: cool window\n|-supereffective|p2a: cool window\n|-damage|p2a: cool window|13\/100\n|move|p2a: cool window|Aurora Veil|p2a: cool window\n|-sidestart|p2: SDK04|move: Aurora Veil\n|\n|-weather|Snow|[upkeep]\n|upkeep\n|turn|2\n|\n|t:|1699772305\n|move|p1a: Cinderace|Court Change|p1a: Cinderace\n|-start|p1a: Cinderace|typechange|Normal|[from] ability: Libero\n|-swapsideconditions\n|-activate|p1a: Cinderace|move: Court Change\n|move|p2a: cool window|Aurora Veil|p2a: cool window\n|-sidestart|p2: SDK04|move: Aurora Veil\n|\n|-weather|Snow|[upkeep]\n|upkeep\n|turn|3\n|\n|t:|1699772311\n|move|p1a: Cinderace|Pyro Ball|p2a: cool window\n|-supereffective|p2a: cool window\n|-damage|p2a: cool window|0 fnt\n|faint|p2a: cool window\n|\n|-weather|Snow|[upkeep]\n|upkeep\n|\n|t:|1699772313\n|switch|p2a: Cheese Demon|Mew|100\/100\n|turn|4\n|\n|t:|1699772317\n|move|p1a: Cinderace|U-turn|p2a: Cheese Demon\n|-supereffective|p2a: Cheese Demon\n|-damage|p2a: Cheese Demon|81\/100\n|\n|t:|1699772325\n|switch|p1a: Rotom|Rotom-Wash|100\/100|[from] U-turn\n|move|p2a: Cheese Demon|Agility|p2a: Cheese Demon\n|-boost|p2a: Cheese Demon|spe|2\n|\n|-weather|Snow|[upkeep]\n|-heal|p2a: Cheese Demon|88\/100|[from] item: Leftovers\n|upkeep\n|turn|5\n|\n|t:|1699772332\n|move|p2a: Cheese Demon|Calm Mind|p2a: Cheese Demon\n|-boost|p2a: Cheese Demon|spa|1\n|-boost|p2a: Cheese Demon|spd|1\n|move|p1a: Rotom|Thunder Wave|p2a: Cheese Demon\n|-status|p2a: Cheese Demon|par\n|-activate|p2a: Cheese Demon|ability: Synchronize\n|-immune|p1a: Rotom\n|\n|-weather|none\n|-heal|p2a: Cheese Demon|94\/100 par|[from] item: Leftovers\n|upkeep\n|turn|6\n|\n|t:|1699772342\n|move|p2a: Cheese Demon|Agility|p2a: Cheese Demon\n|-boost|p2a: Cheese Demon|spe|2\n|move|p1a: Rotom|Volt Switch|p2a: Cheese Demon\n|-damage|p2a: Cheese Demon|86\/100 par\n|\n|t:|1699772350\n|switch|p1a: Amoonguss|Amoonguss, F|100\/100|[from] Volt Switch\n|\n|-heal|p2a: Cheese Demon|92\/100 par|[from] item: Leftovers\n|upkeep\n|turn|7\n|\n|t:|1699772356\n|move|p2a: Cheese Demon|Stored Power|p1a: Amoonguss\n|-supereffective|p1a: Amoonguss\n|-damage|p1a: Amoonguss|14\/100\n|move|p1a: Amoonguss|Clear Smog|p2a: Cheese Demon\n|-crit|p2a: Cheese Demon\n|-damage|p2a: Cheese Demon|73\/100 par\n|-clearboost|p2a: Cheese Demon\n|\n|-heal|p2a: Cheese Demon|79\/100 par|[from] item: Leftovers\n|upkeep\n|turn|8\n|\n|t:|1699772366\n|switch|p1a: Hydreigon|Hydreigon, M|100\/100\n|move|p2a: Cheese Demon|Agility|p2a: Cheese Demon\n|-boost|p2a: Cheese Demon|spe|2\n|\n|-heal|p2a: Cheese Demon|85\/100 par|[from] item: Leftovers\n|-sideend|p1: skulljester29|move: Aurora Veil\n|upkeep\n|turn|9\n|\n|t:|1699772375\n|-terastallize|p2a: Cheese Demon|Fairy\n|move|p1a: Hydreigon|Dark Pulse|p2a: Cheese Demon\n|-resisted|p2a: Cheese Demon\n|-damage|p2a: Cheese Demon|73\/100 par\n|-damage|p1a: Hydreigon|91\/100|[from] item: Life Orb\n|move|p2a: Cheese Demon|Agility|p2a: Cheese Demon\n|-boost|p2a: Cheese Demon|spe|2\n|\n|-heal|p2a: Cheese Demon|79\/100 par|[from] item: Leftovers\n|-sideend|p2: SDK04|move: Aurora Veil\n|upkeep\n|turn|10\n|\n|t:|1699772388\n|move|p2a: Cheese Demon|Calm Mind|p2a: Cheese Demon\n|-boost|p2a: Cheese Demon|spa|1\n|-boost|p2a: Cheese Demon|spd|1\n|move|p1a: Hydreigon|Earth Power|p2a: Cheese Demon\n|-damage|p2a: Cheese Demon|55\/100 par\n|-unboost|p2a: Cheese Demon|spd|1\n|-damage|p1a: Hydreigon|81\/100|[from] item: Life Orb\n|\n|-heal|p2a: Cheese Demon|62\/100 par|[from] item: Leftovers\n|upkeep\n|turn|11\n|\n|t:|1699772396\n|cant|p2a: Cheese Demon|par\n|move|p1a: Hydreigon|Earth Power|p2a: Cheese Demon\n|-damage|p2a: Cheese Demon|28\/100 par\n|-damage|p1a: Hydreigon|71\/100|[from] item: Life Orb\n|\n|-heal|p2a: Cheese Demon|34\/100 par|[from] item: Leftovers\n|upkeep\n|turn|12\n|\n|t:|1699772404\n|cant|p2a: Cheese Demon|par\n|move|p1a: Hydreigon|Earth Power|p2a: Cheese Demon\n|-damage|p2a: Cheese Demon|0 fnt\n|faint|p2a: Cheese Demon\n|-damage|p1a: Hydreigon|61\/100|[from] item: Life Orb\n|\n|upkeep\n|\n|t:|1699772412\n|switch|p2a: \u201cI win\u201d button|Ogerpon-Wellspring, F|100\/100\n|turn|13\n|\n|t:|1699772417\n|switch|p1a: Amoonguss|Amoonguss, F|48\/100\n|move|p2a: \u201cI win\u201d button|Swords Dance|p2a: \u201cI win\u201d button\n|-boost|p2a: \u201cI win\u201d button|atk|2\n|\n|upkeep\n|turn|14\n|\n|t:|1699772427\n|switch|p1a: Rotom|Rotom-Wash|100\/100\n|move|p2a: \u201cI win\u201d button|Ivy Cudgel|p1a: Rotom\n|-resisted|p1a: Rotom\n|-crit|p1a: Rotom\n|-damage|p1a: Rotom|13\/100\n|\n|-heal|p1a: Rotom|20\/100|[from] item: Leftovers\n|upkeep\n|turn|15\n|\n|t:|1699772435\n|move|p2a: \u201cI win\u201d button|Ivy Cudgel|p1a: Rotom\n|-resisted|p1a: Rotom\n|-damage|p1a: Rotom|0 fnt\n|faint|p1a: Rotom\n|\n|upkeep\n|\n|t:|1699772439\n|switch|p1a: Cinderace|Cinderace, F|100\/100\n|turn|16\n|\n|t:|1699772443\n|switch|p2a: I miss Himiko\u2026|Salamence, M|100\/100\n|-ability|p2a: I miss Himiko\u2026|Intimidate|boost\n|-unboost|p1a: Cinderace|atk|1\n|move|p1a: Cinderace|U-turn|p2a: I miss Himiko\u2026\n|-start|p1a: Cinderace|typechange|Bug|[from] ability: Libero\n|-resisted|p2a: I miss Himiko\u2026\n|-damage|p2a: I miss Himiko\u2026|87\/100\n|\n|t:|1699772451\n|switch|p1a: Iron Valiant|Iron Valiant|100\/100|[from] U-turn\n|-enditem|p1a: Iron Valiant|Booster Energy\n|-activate|p1a: Iron Valiant|ability: Quark Drive|[fromitem]\n|-start|p1a: Iron Valiant|quarkdrivespe\n|\n|upkeep\n|turn|17\n|\n|t:|1699772457\n|switch|p2a: \u201cI win\u201d button|Ogerpon-Wellspring, F|100\/100\n|move|p1a: Iron Valiant|Spirit Break|p2a: \u201cI win\u201d button\n|-damage|p2a: \u201cI win\u201d button|52\/100\n|-unboost|p2a: \u201cI win\u201d button|spa|1\n|\n|upkeep\n|turn|18\n|\n|t:|1699772463\n|move|p1a: Iron Valiant|Close Combat|p2a: \u201cI win\u201d button\n|-damage|p2a: \u201cI win\u201d button|0 fnt\n|-unboost|p1a: Iron Valiant|def|1\n|-unboost|p1a: Iron Valiant|spd|1\n|faint|p2a: \u201cI win\u201d button\n|\n|upkeep\n|\n|t:|1699772467\n|switch|p2a: Malicious Charity|Gholdengo|100\/100\n|-item|p2a: Malicious Charity|Air Balloon\n|turn|19\n|\n|t:|1699772478\n|-end|p1a: Iron Valiant|Quark Drive|[silent]\n|switch|p1a: Cinderace|Cinderace, F|100\/100\n|move|p2a: Malicious Charity|Dazzling Gleam|p1a: Cinderace\n|-resisted|p1a: Cinderace\n|-damage|p1a: Cinderace|81\/100\n|\n|upkeep\n|turn|20\n|\n|t:|1699772484\n|move|p1a: Cinderace|Pyro Ball|p2a: Malicious Charity\n|-supereffective|p2a: Malicious Charity\n|-damage|p2a: Malicious Charity|0 fnt\n|-enditem|p2a: Malicious Charity|Air Balloon\n|faint|p2a: Malicious Charity\n|\n|upkeep\n|\n|t:|1699772487\n|switch|p2a: I miss Himiko\u2026|Salamence, M|87\/100\n|-ability|p2a: I miss Himiko\u2026|Intimidate|boost\n|-unboost|p1a: Cinderace|atk|1\n|turn|21\n|\n|t:|1699772492\n|move|p1a: Cinderace|U-turn|p2a: I miss Himiko\u2026\n|-start|p1a: Cinderace|typechange|Bug|[from] ability: Libero\n|-resisted|p2a: I miss Himiko\u2026\n|-damage|p2a: I miss Himiko\u2026|74\/100\n|\n|t:|1699772496\n|switch|p1a: Iron Valiant|Iron Valiant|100\/100|[from] U-turn\n|move|p2a: I miss Himiko\u2026|Dragon Dance|p2a: I miss Himiko\u2026\n|-boost|p2a: I miss Himiko\u2026|atk|1\n|-boost|p2a: I miss Himiko\u2026|spe|1\n|\n|upkeep\n|turn|22\n|\n|t:|1699772504\n|-terastallize|p1a: Iron Valiant|Steel\n|move|p2a: I miss Himiko\u2026|Dual Wingbeat|p1a: Iron Valiant\n|-resisted|p1a: Iron Valiant\n|-damage|p1a: Iron Valiant|80\/100\n|-resisted|p1a: Iron Valiant\n|-damage|p1a: Iron Valiant|56\/100\n|-hitcount|p1a: Iron Valiant|2\n|move|p1a: Iron Valiant|Spirit Break|p2a: I miss Himiko\u2026\n|-supereffective|p2a: I miss Himiko\u2026\n|-damage|p2a: I miss Himiko\u2026|0 fnt\n|faint|p2a: I miss Himiko\u2026\n|\n|upkeep\n|\n|t:|1699772509\n|switch|p2a: Bannable Offense|Kingambit, M|100\/100\n|-activate|p2a: Bannable Offense|ability: Supreme Overlord\n|-start|p2a: Bannable Offense|fallen5|[silent]\n|turn|23\n|\n|t:|1699772516\n|move|p1a: Iron Valiant|Close Combat|p2a: Bannable Offense\n|-supereffective|p2a: Bannable Offense\n|-damage|p2a: Bannable Offense|0 fnt\n|-unboost|p1a: Iron Valiant|def|1\n|-unboost|p1a: Iron Valiant|spd|1\n|faint|p2a: Bannable Offense\n|-end|p2a: Bannable Offense|fallen5|[silent]\n|\n|win|skulljester29\n|raw|skulljester29's rating: 1723 &rarr; <strong>1738<\/strong><br \/>(+15 for winning)\n|raw|SDK04's rating: 1635 &rarr; <strong>1620<\/strong><br \/>(-15 for losing)\n|c|\u2606SDK04|gg\n|c|\u2606SDK04|wp\n|l|\u2606skulljester29\n","uploadtime":1699772525,"views":9,"p1id":"skulljester29","p2id":"sdk04","formatid":"gen9ou","rating":1620,"private":0,"password":""}