{"id":"gen9ou-1995490476","p1":"Houmura","p2":"aksarchi7","format":"[Gen 9] OU","log":"|j|\u2606Houmura\n|j|\u2606aksarchi7\n|t:|1700576511\n|gametype|singles\n|player|p1|Houmura|169|1175\n|player|p2|aksarchi7|170|1130\n|teamsize|p1|6\n|teamsize|p2|6\n|gen|9\n|tier|[Gen 9] OU\n|rated|\n|rule|Sleep Clause Mod: Limit one foe put to sleep\n|rule|Species Clause: Limit one of each Pok\u00e9mon\n|rule|OHKO Clause: OHKO moves are banned\n|rule|Evasion Items Clause: Evasion items are banned\n|rule|Evasion Moves Clause: Evasion moves are banned\n|rule|Endless Battle Clause: Forcing endless battles is banned\n|rule|HP Percentage Mod: HP is shown in percentages\n|clearpoke\n|poke|p1|Maushold|\n|poke|p1|Rillaboom, M|\n|poke|p1|Great Tusk|\n|poke|p1|Heatran, F|\n|poke|p1|Enamorus, F|\n|poke|p1|Kingambit, F|\n|poke|p2|Slowking-Galar, M|\n|poke|p2|Ninetales-Alola, F|\n|poke|p2|Kingambit, F|\n|poke|p2|Alomomola, M|\n|poke|p2|Cinderace, M|\n|poke|p2|Great Tusk|\n|teampreview\n|inactive|Battle timer is ON: inactive players will automatically lose when time's up. (requested by aksarchi7)\n|\n|t:|1700576527\n|start\n|switch|p1a: Heatran|Heatran, F|100\/100\n|switch|p2a: Ninetales|Ninetales-Alola, F|100\/100\n|-weather|Snow|[from] ability: Snow Warning|[of] p2a: Ninetales\n|turn|1\n|\n|t:|1700576538\n|switch|p2a: Cinderace|Cinderace, M|100\/100\n|move|p1a: Heatran|Taunt|p2a: Cinderace\n|-start|p2a: Cinderace|move: Taunt\n|\n|-weather|Snow|[upkeep]\n|upkeep\n|turn|2\n|\n|t:|1700576553\n|move|p2a: Cinderace|U-turn|p1a: Heatran\n|-start|p2a: Cinderace|typechange|Bug|[from] ability: Libero\n|-resisted|p1a: Heatran\n|-damage|p1a: Heatran|93\/100\n|\n|t:|1700576561\n|switch|p2a: Great Tusk|Great Tusk|100\/100|[from] U-turn\n|-enditem|p2a: Great Tusk|Booster Energy\n|-activate|p2a: Great Tusk|ability: Protosynthesis|[fromitem]\n|-start|p2a: Great Tusk|protosynthesisspe\n|move|p1a: Heatran|Stealth Rock|p2a: Great Tusk\n|-sidestart|p2: aksarchi7|move: Stealth Rock\n|\n|-weather|Snow|[upkeep]\n|-heal|p1a: Heatran|99\/100|[from] item: Leftovers\n|upkeep\n|turn|3\n|\n|t:|1700576570\n|switch|p1a: Enamorus|Enamorus, F|100\/100\n|move|p2a: Great Tusk|Bulk Up|p2a: Great Tusk\n|-boost|p2a: Great Tusk|atk|1\n|-boost|p2a: Great Tusk|def|1\n|\n|-weather|Snow|[upkeep]\n|upkeep\n|turn|4\n|\n|t:|1700576582\n|-terastallize|p2a: Great Tusk|Ice\n|move|p1a: Enamorus|Moonblast|p2a: Great Tusk\n|-damage|p2a: Great Tusk|28\/100\n|-unboost|p2a: Great Tusk|spa|1\n|move|p2a: Great Tusk|Ice Spinner|p1a: Enamorus\n|-supereffective|p1a: Enamorus\n|-damage|p1a: Enamorus|0 fnt\n|faint|p1a: Enamorus\n|\n|-weather|Snow|[upkeep]\n|upkeep\n|\n|t:|1700576595\n|switch|p1a: Rillaboom|Rillaboom, M|100\/100\n|-fieldstart|move: Grassy Terrain|[from] ability: Grassy Surge|[of] p1a: Rillaboom\n|turn|5\n|\n|t:|1700576602\n|move|p1a: Rillaboom|Grassy Glide|p2a: Great Tusk\n|-damage|p2a: Great Tusk|13\/100\n|move|p2a: Great Tusk|Ice Spinner|p1a: Rillaboom\n|-supereffective|p1a: Rillaboom\n|-damage|p1a: Rillaboom|0 fnt\n|-fieldend|move: Grassy Terrain\n|faint|p1a: Rillaboom\n|\n|-weather|none\n|upkeep\n|\n|t:|1700576613\n|switch|p1a: devindian|Kingambit, F|100\/100\n|-activate|p1a: devindian|ability: Supreme Overlord\n|-start|p1a: devindian|fallen2|[silent]\n|turn|6\n|\n|t:|1700576618\n|move|p1a: devindian|Sucker Punch|p2a: Great Tusk\n|-damage|p2a: Great Tusk|0 fnt\n|faint|p2a: Great Tusk\n|-end|p2a: Great Tusk|Protosynthesis|[silent]\n|\n|upkeep\n|\n|t:|1700576625\n|switch|p2a: Ninetales|Ninetales-Alola, F|100\/100\n|-damage|p2a: Ninetales|76\/100|[from] Stealth Rock\n|-weather|Snow|[from] ability: Snow Warning|[of] p2a: Ninetales\n|turn|7\n|\n|t:|1700576631\n|move|p2a: Ninetales|Aurora Veil|p2a: Ninetales\n|-sidestart|p2: aksarchi7|move: Aurora Veil\n|move|p1a: devindian|Swords Dance|p1a: devindian\n|-boost|p1a: devindian|atk|2\n|\n|-weather|Snow|[upkeep]\n|upkeep\n|turn|8\n|\n|t:|1700576634\n|move|p2a: Ninetales|Encore|p1a: devindian\n|-start|p1a: devindian|Encore\n|move|p1a: devindian|Swords Dance|p1a: devindian\n|-boost|p1a: devindian|atk|2\n|\n|-weather|Snow|[upkeep]\n|upkeep\n|turn|9\n|\n|t:|1700576639\n|switch|p2a: Cinderace|Cinderace, M|100\/100\n|move|p1a: devindian|Swords Dance|p1a: devindian\n|-boost|p1a: devindian|atk|2\n|\n|-weather|Snow|[upkeep]\n|upkeep\n|turn|10\n|\n|t:|1700576644\n|-terastallize|p1a: devindian|Flying\n|move|p2a: Cinderace|Pyro Ball|p1a: devindian\n|-damage|p1a: devindian|56\/100\n|move|p1a: devindian|Swords Dance|p1a: devindian\n|-boost|p1a: devindian|atk|0\n|\n|-weather|Snow|[upkeep]\n|-heal|p1a: devindian|62\/100|[from] item: Leftovers\n|-end|p1a: devindian|Encore\n|upkeep\n|turn|11\n|\n|t:|1700576650\n|move|p1a: devindian|Sucker Punch|p2a: Cinderace\n|-damage|p2a: Cinderace|0 fnt\n|faint|p2a: Cinderace\n|\n|-weather|none\n|-heal|p1a: devindian|68\/100|[from] item: Leftovers\n|upkeep\n|\n|t:|1700576655\n|switch|p2a: Ninetales|Ninetales-Alola, F|76\/100\n|-damage|p2a: Ninetales|51\/100|[from] Stealth Rock\n|-weather|Snow|[from] ability: Snow Warning|[of] p2a: Ninetales\n|turn|12\n|\n|t:|1700576665\n|move|p2a: Ninetales|Encore|p1a: devindian\n|-start|p1a: devindian|Encore\n|move|p1a: devindian|Sucker Punch||[still]\n|-fail|p1a: devindian\n|\n|-weather|Snow|[upkeep]\n|-heal|p1a: devindian|74\/100|[from] item: Leftovers\n|upkeep\n|turn|13\n|\n|t:|1700576673\n|move|p1a: devindian|Sucker Punch|p2a: Ninetales\n|-resisted|p2a: Ninetales\n|-damage|p2a: Ninetales|13\/100\n|move|p2a: Ninetales|Freeze-Dry|p1a: devindian\n|-supereffective|p1a: devindian\n|-damage|p1a: devindian|33\/100\n|\n|-weather|Snow|[upkeep]\n|-heal|p1a: devindian|39\/100|[from] item: Leftovers\n|upkeep\n|turn|14\n|\n|t:|1700576685\n|move|p1a: devindian|Sucker Punch|p2a: Ninetales\n|-resisted|p2a: Ninetales\n|-damage|p2a: Ninetales|0 fnt\n|faint|p2a: Ninetales\n|\n|-weather|Snow|[upkeep]\n|-heal|p1a: devindian|46\/100|[from] item: Leftovers\n|-end|p1a: devindian|Encore\n|-sideend|p2: aksarchi7|move: Aurora Veil\n|upkeep\n|\n|t:|1700576691\n|switch|p2a: Alomomola|Alomomola, M|100\/100\n|-damage|p2a: Alomomola|88\/100|[from] Stealth Rock\n|turn|15\n|\n|t:|1700576697\n|move|p1a: devindian|Kowtow Cleave|p2a: Alomomola\n|-damage|p2a: Alomomola|0 fnt\n|faint|p2a: Alomomola\n|\n|-weather|Snow|[upkeep]\n|-heal|p1a: devindian|52\/100|[from] item: Leftovers\n|upkeep\n|-message|aksarchi7 forfeited.\n|\n|win|Houmura\n|raw|Houmura's rating: 1175 &rarr; <strong>1197<\/strong><br \/>(+22 for winning)\n|raw|aksarchi7's rating: 1130 &rarr; <strong>1108<\/strong><br \/>(-22 for losing)\n|l|\u2606aksarchi7\n","uploadtime":1700576706,"views":9,"p1id":"houmura","p2id":"aksarchi7","formatid":"gen9ou","rating":1108,"private":0,"password":""}