{"id":"gen9ou-1990196334","p1":"3DG3","p2":"balls1291","format":"[Gen 9] OU","log":"|j|\u26063DG3\n|j|\u2606balls1291\n|t:|1699935834\n|gametype|singles\n|player|p1|3DG3|hugh|1366\n|player|p2|balls1291|pokemonranger-gen4|1474\n|teamsize|p1|6\n|teamsize|p2|6\n|gen|9\n|tier|[Gen 9] OU\n|rated|\n|rule|Sleep Clause Mod: Limit one foe put to sleep\n|rule|Species Clause: Limit one of each Pok\u00e9mon\n|rule|OHKO Clause: OHKO moves are banned\n|rule|Evasion Items Clause: Evasion items are banned\n|rule|Evasion Moves Clause: Evasion moves are banned\n|rule|Endless Battle Clause: Forcing endless battles is banned\n|rule|HP Percentage Mod: HP is shown in percentages\n|clearpoke\n|poke|p1|Gholdengo|\n|poke|p1|Dragapult, F|\n|poke|p1|Rillaboom, F|\n|poke|p1|Sneasler, F|\n|poke|p1|Iron Valiant|\n|poke|p1|Kingambit, F|\n|poke|p2|Rillaboom, F|\n|poke|p2|Sneasler, F|\n|poke|p2|Zamazenta-*|\n|poke|p2|Heatran, F|\n|poke|p2|Hatterene, F|\n|poke|p2|Manaphy|\n|teampreview\n|inactive|Battle timer is ON: inactive players will automatically lose when time's up. (requested by balls1291)\n|inactive|3DG3 also wants the timer to be on.\n|inactive|balls1291 has 120 seconds left.\n|\n|t:|1699935874\n|start\n|switch|p1a: Dragapult|Dragapult, F|100\/100\n|switch|p2a: Rillaboom|Rillaboom, F|100\/100\n|-fieldstart|move: Grassy Terrain|[from] ability: Grassy Surge|[of] p2a: Rillaboom\n|turn|1\n|\n|t:|1699935881\n|move|p1a: Dragapult|Reflect|p1a: Dragapult\n|-sidestart|p1: 3DG3|Reflect\n|move|p2a: Rillaboom|U-turn|p1a: Dragapult\n|-resisted|p1a: Dragapult\n|-damage|p1a: Dragapult|87\/100\n|\n|t:|1699935904\n|switch|p2a: Zamazenta|Zamazenta|100\/100|[from] U-turn\n|-ability|p2a: Zamazenta|Dauntless Shield|boost\n|-boost|p2a: Zamazenta|def|1\n|\n|-heal|p1a: Dragapult|93\/100|[from] Grassy Terrain\n|upkeep\n|turn|2\n|\n|t:|1699935910\n|move|p1a: Dragapult|Thunder Wave|p2a: Zamazenta\n|-status|p2a: Zamazenta|par\n|move|p2a: Zamazenta|Iron Defense|p2a: Zamazenta\n|-boost|p2a: Zamazenta|def|2\n|\n|-heal|p1a: Dragapult|99\/100|[from] Grassy Terrain\n|upkeep\n|turn|3\n|\n|t:|1699935914\n|move|p1a: Dragapult|Hex|p2a: Zamazenta\n|-damage|p2a: Zamazenta|51\/100 par\n|move|p2a: Zamazenta|Iron Defense|p2a: Zamazenta\n|-boost|p2a: Zamazenta|def|2\n|\n|-heal|p1a: Dragapult|100\/100|[from] Grassy Terrain\n|-heal|p2a: Zamazenta|58\/100 par|[from] Grassy Terrain\n|-heal|p2a: Zamazenta|64\/100 par|[from] item: Leftovers\n|upkeep\n|turn|4\n|\n|t:|1699935919\n|move|p1a: Dragapult|Hex|p2a: Zamazenta\n|-damage|p2a: Zamazenta|12\/100 par\n|move|p2a: Zamazenta|Crunch|p1a: Dragapult\n|-supereffective|p1a: Dragapult\n|-damage|p1a: Dragapult|72\/100\n|\n|-heal|p1a: Dragapult|78\/100|[from] Grassy Terrain\n|-heal|p2a: Zamazenta|18\/100 par|[from] Grassy Terrain\n|-heal|p2a: Zamazenta|25\/100 par|[from] item: Leftovers\n|upkeep\n|turn|5\n|\n|t:|1699935923\n|move|p1a: Dragapult|Hex|p2a: Zamazenta\n|-damage|p2a: Zamazenta|0 fnt\n|faint|p2a: Zamazenta\n|\n|-heal|p1a: Dragapult|84\/100|[from] Grassy Terrain\n|-fieldend|move: Grassy Terrain\n|upkeep\n|\n|t:|1699935929\n|switch|p2a: Rillaboom|Rillaboom, F|100\/100\n|-fieldstart|move: Grassy Terrain|[from] ability: Grassy Surge|[of] p2a: Rillaboom\n|turn|6\n|\n|t:|1699935934\n|move|p1a: Dragapult|Thunder Wave|p2a: Rillaboom\n|-status|p2a: Rillaboom|par\n|move|p2a: Rillaboom|Knock Off|p1a: Dragapult\n|-supereffective|p1a: Dragapult\n|-damage|p1a: Dragapult|10\/100\n|-enditem|p1a: Dragapult|Light Clay|[from] move: Knock Off|[of] p2a: Rillaboom\n|\n|-heal|p1a: Dragapult|16\/100|[from] Grassy Terrain\n|upkeep\n|turn|7\n|\n|t:|1699935942\n|move|p1a: Dragapult|Hex|p2a: Rillaboom\n|-damage|p2a: Rillaboom|28\/100 par\n|move|p2a: Rillaboom|Knock Off|p1a: Dragapult\n|-supereffective|p1a: Dragapult\n|-damage|p1a: Dragapult|0 fnt\n|faint|p1a: Dragapult\n|\n|-heal|p2a: Rillaboom|34\/100 par|[from] Grassy Terrain\n|upkeep\n|\n|t:|1699935945\n|switch|p1a: Sneasler|Sneasler, F|100\/100\n|-enditem|p1a: Sneasler|Grassy Seed\n|-boost|p1a: Sneasler|def|1|[from] item: Grassy Seed\n|turn|8\n|\n|t:|1699935955\n|switch|p2a: Manaphy|Manaphy|100\/100\n|move|p1a: Sneasler|Swords Dance|p1a: Sneasler\n|-boost|p1a: Sneasler|atk|2\n|\n|-sideend|p1: 3DG3|Reflect\n|upkeep\n|turn|9\n|\n|t:|1699935967\n|move|p1a: Sneasler|Swords Dance|p1a: Sneasler\n|-boost|p1a: Sneasler|atk|2\n|move|p2a: Manaphy|Scald|p1a: Sneasler\n|-damage|p1a: Sneasler|70\/100\n|-status|p1a: Sneasler|brn\n|\n|-heal|p1a: Sneasler|76\/100 brn|[from] Grassy Terrain\n|-damage|p1a: Sneasler|70\/100 brn|[from] brn\n|upkeep\n|turn|10\n|\n|t:|1699935975\n|move|p1a: Sneasler|Dire Claw|p2a: Manaphy\n|-damage|p2a: Manaphy|44\/100\n|move|p2a: Manaphy|Acid Armor|p2a: Manaphy\n|-boost|p2a: Manaphy|def|2\n|\n|-heal|p1a: Sneasler|76\/100 brn|[from] Grassy Terrain\n|-heal|p2a: Manaphy|50\/100|[from] Grassy Terrain\n|-heal|p2a: Manaphy|57\/100|[from] item: Leftovers\n|-damage|p1a: Sneasler|70\/100 brn|[from] brn\n|-fieldend|move: Grassy Terrain\n|upkeep\n|turn|11\n|\n|t:|1699935986\n|move|p1a: Sneasler|Dire Claw|p2a: Manaphy\n|-damage|p2a: Manaphy|29\/100\n|move|p2a: Manaphy|Acid Armor|p2a: Manaphy\n|-boost|p2a: Manaphy|def|2\n|\n|-heal|p2a: Manaphy|35\/100|[from] item: Leftovers\n|-damage|p1a: Sneasler|64\/100 brn|[from] brn\n|upkeep\n|turn|12\n|\n|t:|1699935990\n|move|p1a: Sneasler|Dire Claw|p2a: Manaphy\n|-damage|p2a: Manaphy|19\/100\n|-status|p2a: Manaphy|par\n|move|p2a: Manaphy|Stored Power|p1a: Sneasler\n|-supereffective|p1a: Sneasler\n|-damage|p1a: Sneasler|0 fnt\n|faint|p1a: Sneasler\n|\n|-heal|p2a: Manaphy|25\/100 par|[from] item: Leftovers\n|upkeep\n|inactive|3DG3 has 120 seconds left.\n|\n|t:|1699936022\n|switch|p1a: Gholdengo|Gholdengo|100\/100\n|turn|13\n|\n|t:|1699936027\n|move|p1a: Gholdengo|Substitute|p1a: Gholdengo\n|-start|p1a: Gholdengo|Substitute\n|-damage|p1a: Gholdengo|75\/100\n|move|p2a: Manaphy|Scald|p1a: Gholdengo\n|-end|p1a: Gholdengo|Substitute\n|\n|-heal|p2a: Manaphy|31\/100 par|[from] item: Leftovers\n|upkeep\n|turn|14\n|\n|t:|1699936030\n|move|p1a: Gholdengo|Substitute|p1a: Gholdengo\n|-start|p1a: Gholdengo|Substitute\n|-damage|p1a: Gholdengo|50\/100\n|cant|p2a: Manaphy|par\n|\n|-heal|p2a: Manaphy|38\/100 par|[from] item: Leftovers\n|upkeep\n|turn|15\n|\n|t:|1699936034\n|move|p1a: Gholdengo|Nasty Plot|p1a: Gholdengo\n|-boost|p1a: Gholdengo|spa|2\n|move|p2a: Manaphy|Scald|p1a: Gholdengo\n|-end|p1a: Gholdengo|Substitute\n|\n|-heal|p2a: Manaphy|44\/100 par|[from] item: Leftovers\n|upkeep\n|turn|16\n|\n|t:|1699936039\n|move|p1a: Gholdengo|Substitute|p1a: Gholdengo\n|-start|p1a: Gholdengo|Substitute\n|-damage|p1a: Gholdengo|25\/100\n|-enditem|p1a: Gholdengo|Salac Berry|[eat]\n|-boost|p1a: Gholdengo|spe|1|[from] item: Salac Berry\n|cant|p2a: Manaphy|par\n|\n|-heal|p2a: Manaphy|50\/100 par|[from] item: Leftovers\n|upkeep\n|turn|17\n|\n|t:|1699936043\n|move|p1a: Gholdengo|Shadow Ball|p2a: Manaphy\n|-damage|p2a: Manaphy|0 fnt\n|faint|p2a: Manaphy\n|\n|upkeep\n|\n|t:|1699936054\n|switch|p2a: Heatran|Heatran, F|100\/100\n|-item|p2a: Heatran|Air Balloon\n|turn|18\n|\n|t:|1699936060\n|move|p1a: Gholdengo|Focus Blast|p2a: Heatran\n|-supereffective|p2a: Heatran\n|-damage|p2a: Heatran|0 fnt\n|-enditem|p2a: Heatran|Air Balloon\n|faint|p2a: Heatran\n|\n|upkeep\n|\n|t:|1699936065\n|switch|p2a: Rillaboom|Rillaboom, F|34\/100 par\n|-fieldstart|move: Grassy Terrain|[from] ability: Grassy Surge|[of] p2a: Rillaboom\n|turn|19\n|\n|t:|1699936070\n|move|p2a: Rillaboom|Grassy Glide|p1a: Gholdengo\n|-resisted|p1a: Gholdengo\n|-end|p1a: Gholdengo|Substitute\n|move|p1a: Gholdengo|Shadow Ball|p2a: Rillaboom\n|-damage|p2a: Rillaboom|0 fnt\n|faint|p2a: Rillaboom\n|\n|-heal|p1a: Gholdengo|32\/100|[from] Grassy Terrain\n|upkeep\n|\n|t:|1699936075\n|switch|p2a: Sneasler|Sneasler, F|100\/100\n|-enditem|p2a: Sneasler|Grassy Seed\n|-boost|p2a: Sneasler|def|1|[from] item: Grassy Seed\n|turn|20\n|\n|t:|1699936085\n|move|p2a: Sneasler|Lash Out|p1a: Gholdengo\n|-supereffective|p1a: Gholdengo\n|-damage|p1a: Gholdengo|0 fnt\n|faint|p1a: Gholdengo\n|\n|upkeep\n|\n|t:|1699936109\n|switch|p1a: Rillaboom|Rillaboom, F|100\/100\n|turn|21\n|inactive|3DG3 has 120 seconds left.\n|\n|t:|1699936140\n|-terastallize|p1a: Rillaboom|Grass\n|move|p2a: Sneasler|Dire Claw|p1a: Rillaboom\n|-supereffective|p1a: Rillaboom\n|-damage|p1a: Rillaboom|0 fnt\n|faint|p1a: Rillaboom\n|\n|upkeep\n|inactive|3DG3 has 120 seconds left.\n|-message|3DG3 forfeited.\n|\n|win|balls1291\n|raw|3DG3's rating: 1366 &rarr; <strong>1352<\/strong><br \/>(-14 for losing)\n|raw|balls1291's rating: 1474 &rarr; <strong>1488<\/strong><br \/>(+14 for winning)\n|l|\u26063DG3\n","uploadtime":1699936190,"views":9,"p1id":"3dg3","p2id":"balls1291","formatid":"gen9ou","rating":1352,"private":0,"password":""}