{"id":"gen9ou-1993198677","p1":"cb dozo ftw","p2":"Goober1122","format":"[Gen 9] OU","log":"|j|\u2606cb dozo ftw\n|j|\u2606Goober1122\n|t:|1700276957\n|gametype|singles\n|player|p1|cb dozo ftw|adaman|1132\n|player|p2|Goober1122|harlequin|1147\n|teamsize|p1|6\n|teamsize|p2|6\n|gen|9\n|tier|[Gen 9] OU\n|rated|\n|rule|Sleep Clause Mod: Limit one foe put to sleep\n|rule|Species Clause: Limit one of each Pok\u00e9mon\n|rule|OHKO Clause: OHKO moves are banned\n|rule|Evasion Items Clause: Evasion items are banned\n|rule|Evasion Moves Clause: Evasion moves are banned\n|rule|Endless Battle Clause: Forcing endless battles is banned\n|rule|HP Percentage Mod: HP is shown in percentages\n|clearpoke\n|poke|p1|Dondozo, F|\n|poke|p1|Weezing-Galar, F|\n|poke|p1|Heatran, F|\n|poke|p1|Rillaboom, M|\n|poke|p1|Hatterene, F|\n|poke|p1|Kingambit, F|\n|poke|p2|Kingambit, M|\n|poke|p2|Dragapult, M|\n|poke|p2|Dragonite, F|\n|poke|p2|Amoonguss, F|\n|poke|p2|Rotom-Wash|\n|poke|p2|Hatterene, F|\n|teampreview\n|inactive|Battle timer is ON: inactive players will automatically lose when time's up. (requested by cb dozo ftw)\n|\n|t:|1700276979\n|start\n|switch|p1a: Rillaboom|Rillaboom, M|100\/100\n|switch|p2a: sus|Amoonguss, F, shiny|100\/100\n|-fieldstart|move: Grassy Terrain|[from] ability: Grassy Surge|[of] p1a: Rillaboom\n|turn|1\n|\n|t:|1700276988\n|move|p1a: Rillaboom|U-turn|p2a: sus\n|-damage|p2a: sus|71\/100\n|\n|t:|1700276996\n|switch|p1a: Hatterene|Hatterene, F|100\/100|[from] U-turn\n|move|p2a: sus|Toxic|p1a: Hatterene\n|move|p1a: Hatterene|Toxic|p2a: sus|[from]ability: Magic Bounce\n|-immune|p2a: sus\n|\n|-heal|p2a: sus|78\/100|[from] Grassy Terrain\n|-heal|p2a: sus|84\/100|[from] item: Black Sludge\n|upkeep\n|turn|2\n|\n|t:|1700277006\n|switch|p1a: Heatran|Heatran, F|100\/100\n|-item|p1a: Heatran|Air Balloon\n|move|p2a: sus|Sludge Bomb|p1a: Heatran\n|-immune|p1a: Heatran\n|\n|-heal|p2a: sus|90\/100|[from] Grassy Terrain\n|-heal|p2a: sus|96\/100|[from] item: Black Sludge\n|upkeep\n|turn|3\n|\n|t:|1700277018\n|switch|p2a: Lump|Dragonite, F|100\/100\n|move|p1a: Heatran|Taunt|p2a: Lump\n|-start|p2a: Lump|move: Taunt\n|\n|upkeep\n|turn|4\n|\n|t:|1700277027\n|switch|p1a: Hatterene|Hatterene, F|100\/100\n|move|p2a: Lump|Earthquake|p1a: Hatterene\n|-damage|p1a: Hatterene|84\/100\n|\n|-heal|p1a: Hatterene|90\/100|[from] Grassy Terrain\n|-heal|p1a: Hatterene|96\/100|[from] item: Leftovers\n|upkeep\n|turn|5\n|\n|t:|1700277038\n|switch|p2a: Washer|Rotom-Wash|100\/100\n|move|p1a: Hatterene|Nuzzle|p2a: Washer\n|-damage|p2a: Washer|96\/100\n|\n|-heal|p2a: Washer|100\/100|[from] item: Leftovers\n|-heal|p1a: Hatterene|100\/100|[from] Grassy Terrain\n|-fieldend|move: Grassy Terrain\n|upkeep\n|turn|6\n|\n|t:|1700277047\n|move|p2a: Washer|Nasty Plot|p2a: Washer\n|-boost|p2a: Washer|spa|2\n|move|p1a: Hatterene|Draining Kiss|p2a: Washer\n|-crit|p2a: Washer\n|-damage|p2a: Washer|52\/100\n|\n|-heal|p2a: Washer|58\/100|[from] item: Leftovers\n|upkeep\n|turn|7\n|\n|t:|1700277063\n|switch|p1a: Rillaboom|Rillaboom, M|100\/100\n|-fieldstart|move: Grassy Terrain|[from] ability: Grassy Surge|[of] p1a: Rillaboom\n|move|p2a: Washer|Discharge|p1a: Rillaboom\n|-resisted|p1a: Rillaboom\n|-crit|p1a: Rillaboom\n|-damage|p1a: Rillaboom|35\/100\n|-status|p1a: Rillaboom|par\n|\n|-heal|p2a: Washer|64\/100|[from] item: Leftovers\n|-heal|p1a: Rillaboom|41\/100 par|[from] Grassy Terrain\n|upkeep\n|turn|8\n|\n|t:|1700277078\n|move|p1a: Rillaboom|Grassy Glide|p2a: Washer\n|-supereffective|p2a: Washer\n|-damage|p2a: Washer|0 fnt\n|faint|p2a: Washer\n|\n|-heal|p1a: Rillaboom|47\/100 par|[from] Grassy Terrain\n|upkeep\n|\n|t:|1700277085\n|switch|p2a: Lump|Dragonite, F|100\/100\n|turn|9\n|\n|t:|1700277095\n|switch|p1a: Hatterene|Hatterene, F|100\/100\n|move|p2a: Lump|Extreme Speed|p1a: Hatterene\n|-damage|p1a: Hatterene|75\/100\n|\n|-heal|p1a: Hatterene|81\/100|[from] Grassy Terrain\n|-heal|p1a: Hatterene|87\/100|[from] item: Leftovers\n|upkeep\n|turn|10\n|\n|t:|1700277108\n|move|p1a: Hatterene|Nuzzle|p2a: Lump\n|-damage|p2a: Lump|98\/100\n|-status|p2a: Lump|par\n|move|p2a: Lump|Dragon Tail|p1a: Hatterene\n|-immune|p1a: Hatterene\n|\n|-heal|p1a: Hatterene|93\/100|[from] Grassy Terrain\n|-heal|p1a: Hatterene|99\/100|[from] item: Leftovers\n|upkeep\n|turn|11\n|\n|t:|1700277120\n|-terastallize|p2a: Lump|Normal\n|move|p2a: Lump|Dragon Dance|p2a: Lump\n|-boost|p2a: Lump|atk|1\n|-boost|p2a: Lump|spe|1\n|move|p1a: Hatterene|Calm Mind|p1a: Hatterene\n|-boost|p1a: Hatterene|spa|1\n|-boost|p1a: Hatterene|spd|1\n|\n|-heal|p2a: Lump|100\/100 par|[from] Grassy Terrain\n|-heal|p1a: Hatterene|100\/100|[from] Grassy Terrain\n|-fieldend|move: Grassy Terrain\n|upkeep\n|turn|12\n|inactive|cb dozo ftw has 120 seconds left.\n|\n|t:|1700277152\n|move|p2a: Lump|Extreme Speed|p1a: Hatterene\n|-damage|p1a: Hatterene|42\/100\n|move|p1a: Hatterene|Draining Kiss|p2a: Lump\n|-damage|p2a: Lump|84\/100 par\n|-heal|p1a: Hatterene|54\/100|[from] drain|[of] p2a: Lump\n|\n|-heal|p1a: Hatterene|60\/100|[from] item: Leftovers\n|upkeep\n|turn|13\n|\n|t:|1700277160\n|move|p2a: Lump|Extreme Speed|p1a: Hatterene\n|-damage|p1a: Hatterene|1\/100\n|move|p1a: Hatterene|Draining Kiss|p2a: Lump\n|-damage|p2a: Lump|52\/100 par\n|-heal|p1a: Hatterene|26\/100|[from] drain|[of] p2a: Lump\n|\n|-heal|p1a: Hatterene|32\/100|[from] item: Leftovers\n|upkeep\n|turn|14\n|\n|t:|1700277170\n|move|p2a: Lump|Extreme Speed|p1a: Hatterene\n|-damage|p1a: Hatterene|0 fnt\n|faint|p1a: Hatterene\n|\n|upkeep\n|\n|t:|1700277175\n|switch|p1a: Heatran|Heatran, F|100\/100\n|-item|p1a: Heatran|Air Balloon\n|turn|15\n|\n|t:|1700277178\n|move|p1a: Heatran|Magma Storm|p2a: Lump\n|-damage|p2a: Lump|5\/100 par\n|-activate|p2a: Lump|move: Magma Storm|[of] p1a: Heatran\n|move|p2a: Lump|Earthquake|p1a: Heatran\n|-immune|p1a: Heatran\n|\n|-damage|p2a: Lump|0 fnt|[from] move: Magma Storm|[partiallytrapped]\n|faint|p2a: Lump\n|upkeep\n|\n|t:|1700277190\n|switch|p2a: Twinkletoes|Dragapult, M, shiny|100\/100\n|turn|16\n|\n|t:|1700277198\n|switch|p1a: Erebus|Kingambit, F|100\/100\n|-activate|p1a: Erebus|ability: Supreme Overlord\n|-start|p1a: Erebus|fallen1|[silent]\n|move|p2a: Twinkletoes|Phantom Force||[still]\n|-prepare|p2a: Twinkletoes|Phantom Force\n|\n|upkeep\n|turn|17\n|\n|t:|1700277205\n|move|p2a: Twinkletoes|Phantom Force|p1a: Erebus|[from]lockedmove\n|-resisted|p1a: Erebus\n|-damage|p1a: Erebus|81\/100\n|move|p1a: Erebus|Kowtow Cleave|p2a: Twinkletoes\n|-supereffective|p2a: Twinkletoes\n|-damage|p2a: Twinkletoes|0 fnt\n|faint|p2a: Twinkletoes\n|\n|upkeep\n|\n|t:|1700277214\n|switch|p2a: sus|Amoonguss, F, shiny|100\/100\n|turn|18\n|\n|t:|1700277237\n|move|p1a: Erebus|Kowtow Cleave|p2a: sus\n|-damage|p2a: sus|50\/100\n|move|p2a: sus|Spore|p1a: Erebus\n|-status|p1a: Erebus|slp|[from] move: Spore\n|\n|-heal|p2a: sus|57\/100|[from] item: Black Sludge\n|upkeep\n|turn|19\n|\n|t:|1700277248\n|-end|p1a: Erebus|fallen1|[silent]\n|switch|p1a: Heatran|Heatran, F|100\/100\n|-item|p1a: Heatran|Air Balloon\n|move|p2a: sus|Giga Drain|p1a: Heatran\n|-resisted|p1a: Heatran\n|-damage|p1a: Heatran|97\/100\n|-heal|p2a: sus|58\/100|[from] drain|[of] p1a: Heatran\n|-enditem|p1a: Heatran|Air Balloon\n|\n|-heal|p2a: sus|65\/100|[from] item: Black Sludge\n|upkeep\n|turn|20\n|\n|t:|1700277263\n|switch|p2a: Mihawk|Kingambit, M|100\/100\n|-activate|p2a: Mihawk|ability: Supreme Overlord\n|-start|p2a: Mihawk|fallen3|[silent]\n|move|p1a: Heatran|Magma Storm|p2a: Mihawk|[miss]\n|-miss|p1a: Heatran|p2a: Mihawk\n|\n|upkeep\n|turn|21\n|\n|t:|1700277276\n|switch|p1a: Weezing|Weezing-Galar, F|100\/100\n|-fieldstart|move: Misty Terrain|[from] ability: Misty Surge|[of] p1a: Weezing\n|move|p2a: Mihawk|Kowtow Cleave|p1a: Weezing\n|-resisted|p1a: Weezing\n|-damage|p1a: Weezing|79\/100\n|\n|-heal|p1a: Weezing|85\/100|[from] item: Leftovers\n|upkeep\n|turn|22\n|\n|t:|1700277291\n|-end|p2a: Mihawk|fallen3|[silent]\n|switch|p2a: sus|Amoonguss, F, shiny|98\/100\n|move|p1a: Weezing|Strange Steam|p2a: sus\n|-resisted|p2a: sus\n|-damage|p2a: sus|85\/100\n|\n|-heal|p1a: Weezing|91\/100|[from] item: Leftovers\n|-heal|p2a: sus|91\/100|[from] item: Black Sludge\n|upkeep\n|turn|23\n|\n|t:|1700277300\n|switch|p1a: Heatran|Heatran, F|97\/100\n|move|p2a: sus|Giga Drain|p1a: Heatran\n|-resisted|p1a: Heatran\n|-damage|p1a: Heatran|94\/100\n|-heal|p2a: sus|93\/100|[from] drain|[of] p1a: Heatran\n|\n|-heal|p2a: sus|99\/100|[from] item: Black Sludge\n|upkeep\n|turn|24\n|\n|t:|1700277308\n|switch|p2a: Fanum|Hatterene, F|100\/100\n|move|p1a: Heatran|Magma Storm|p2a: Fanum|[miss]\n|-miss|p1a: Heatran|p2a: Fanum\n|\n|upkeep\n|turn|25\n|\n|t:|1700277314\n|move|p1a: Heatran|Magma Storm|p2a: Fanum|[miss]\n|-miss|p1a: Heatran|p2a: Fanum\n|move|p2a: Fanum|Calm Mind|p2a: Fanum\n|-boost|p2a: Fanum|spa|1\n|-boost|p2a: Fanum|spd|1\n|\n|-fieldend|Misty Terrain\n|upkeep\n|turn|26\n|\n|t:|1700277324\n|move|p1a: Heatran|Magma Storm|p2a: Fanum\n|-damage|p2a: Fanum|67\/100\n|-activate|p2a: Fanum|move: Magma Storm|[of] p1a: Heatran\n|move|p2a: Fanum|Nuzzle|p1a: Heatran\n|-damage|p1a: Heatran|90\/100\n|-status|p1a: Heatran|par\n|\n|-heal|p2a: Fanum|74\/100|[from] item: Leftovers\n|-damage|p2a: Fanum|61\/100|[from] move: Magma Storm|[partiallytrapped]\n|upkeep\n|turn|27\n|\n|t:|1700277333\n|move|p2a: Fanum|Draining Kiss|p1a: Heatran\n|-resisted|p1a: Heatran\n|-damage|p1a: Heatran|84\/100 par\n|-heal|p2a: Fanum|67\/100|[from] drain|[of] p1a: Heatran\n|cant|p1a: Heatran|par\n|\n|-heal|p2a: Fanum|74\/100|[from] item: Leftovers\n|-damage|p2a: Fanum|61\/100|[from] move: Magma Storm|[partiallytrapped]\n|upkeep\n|turn|28\n|\n|t:|1700277344\n|move|p2a: Fanum|Calm Mind|p2a: Fanum\n|-boost|p2a: Fanum|spa|1\n|-boost|p2a: Fanum|spd|1\n|cant|p1a: Heatran|par\n|\n|-heal|p2a: Fanum|67\/100|[from] item: Leftovers\n|-damage|p2a: Fanum|55\/100|[from] move: Magma Storm|[partiallytrapped]\n|upkeep\n|turn|29\n|\n|t:|1700277360\n|move|p2a: Fanum|Psyshock|p1a: Heatran\n|-resisted|p1a: Heatran\n|-damage|p1a: Heatran|48\/100 par\n|cant|p1a: Heatran|par\n|\n|-heal|p2a: Fanum|61\/100|[from] item: Leftovers\n|-damage|p2a: Fanum|49\/100|[from] move: Magma Storm|[partiallytrapped]\n|upkeep\n|turn|30\n|\n|t:|1700277369\n|move|p2a: Fanum|Psyshock|p1a: Heatran\n|-resisted|p1a: Heatran\n|-damage|p1a: Heatran|7\/100 par\n|move|p1a: Heatran|Magma Storm|p2a: Fanum\n|-damage|p2a: Fanum|22\/100\n|\n|-heal|p2a: Fanum|28\/100|[from] item: Leftovers\n|-end|p2a: Fanum|Magma Storm|[partiallytrapped]\n|upkeep\n|turn|31\n|\n|t:|1700277377\n|move|p2a: Fanum|Psyshock|p1a: Heatran\n|-resisted|p1a: Heatran\n|-damage|p1a: Heatran|0 fnt\n|faint|p1a: Heatran\n|\n|-heal|p2a: Fanum|34\/100|[from] item: Leftovers\n|upkeep\n|\n|t:|1700277379\n|switch|p1a: Rillaboom|Rillaboom, M|47\/100 par\n|-fieldstart|move: Grassy Terrain|[from] ability: Grassy Surge|[of] p1a: Rillaboom\n|turn|32\n|\n|t:|1700277386\n|move|p1a: Rillaboom|Grassy Glide|p2a: Fanum\n|-damage|p2a: Fanum|0 fnt\n|faint|p2a: Fanum\n|\n|-heal|p1a: Rillaboom|53\/100 par|[from] Grassy Terrain\n|upkeep\n|\n|t:|1700277392\n|switch|p2a: Mihawk|Kingambit, M|100\/100\n|-activate|p2a: Mihawk|ability: Supreme Overlord\n|-start|p2a: Mihawk|fallen4|[silent]\n|turn|33\n|\n|t:|1700277399\n|switch|p1a: Weezing|Weezing-Galar, F|91\/100\n|-fieldstart|move: Misty Terrain|[from] ability: Misty Surge|[of] p1a: Weezing\n|move|p2a: Mihawk|Sucker Punch||[still]\n|-fail|p2a: Mihawk\n|\n|-heal|p1a: Weezing|97\/100|[from] item: Leftovers\n|upkeep\n|turn|34\n|\n|t:|1700277407\n|move|p2a: Mihawk|Swords Dance|p2a: Mihawk\n|-boost|p2a: Mihawk|atk|2\n|move|p1a: Weezing|Strange Steam|p2a: Mihawk|[miss]\n|-miss|p1a: Weezing|p2a: Mihawk\n|\n|-heal|p1a: Weezing|100\/100|[from] item: Leftovers\n|upkeep\n|turn|35\n|\n|t:|1700277419\n|switch|p1a: Dondozo|Dondozo, F|100\/100\n|move|p2a: Mihawk|Iron Head|p1a: Dondozo\n|-resisted|p1a: Dondozo\n|-damage|p1a: Dondozo|86\/100\n|\n|-heal|p1a: Dondozo|92\/100|[from] item: Leftovers\n|upkeep\n|turn|36\n|\n|t:|1700277427\n|move|p2a: Mihawk|Kowtow Cleave|p1a: Dondozo\n|-damage|p1a: Dondozo|55\/100\n|move|p1a: Dondozo|Curse|p1a: Dondozo\n|-unboost|p1a: Dondozo|spe|1\n|-boost|p1a: Dondozo|atk|1\n|-boost|p1a: Dondozo|def|1\n|\n|-heal|p1a: Dondozo|61\/100|[from] item: Leftovers\n|upkeep\n|turn|37\n|\n|t:|1700277437\n|-terastallize|p1a: Dondozo|Dark\n|move|p2a: Mihawk|Kowtow Cleave|p1a: Dondozo\n|-resisted|p1a: Dondozo\n|-damage|p1a: Dondozo|50\/100\n|move|p1a: Dondozo|Curse|p1a: Dondozo\n|-unboost|p1a: Dondozo|spe|1\n|-boost|p1a: Dondozo|atk|1\n|-boost|p1a: Dondozo|def|1\n|\n|-heal|p1a: Dondozo|56\/100|[from] item: Leftovers\n|-fieldend|Misty Terrain\n|upkeep\n|turn|38\n|\n|t:|1700277451\n|move|p2a: Mihawk|Iron Head|p1a: Dondozo\n|-damage|p1a: Dondozo|39\/100\n|move|p1a: Dondozo|Rest|p1a: Dondozo\n|-status|p1a: Dondozo|slp|[from] move: Rest\n|-heal|p1a: Dondozo|100\/100 slp|[silent]\n|\n|upkeep\n|turn|39\n|\n|t:|1700277465\n|move|p2a: Mihawk|Swords Dance|p2a: Mihawk\n|-boost|p2a: Mihawk|atk|2\n|cant|p1a: Dondozo|slp\n|move|p1a: Dondozo|Sleep Talk|p1a: Dondozo\n|move|p1a: Dondozo|Liquidation|p2a: Mihawk|[from]move: Sleep Talk\n|-damage|p2a: Mihawk|54\/100\n|\n|upkeep\n|turn|40\n|\n|t:|1700277480\n|move|p2a: Mihawk|Kowtow Cleave|p1a: Dondozo\n|-resisted|p1a: Dondozo\n|-damage|p1a: Dondozo|92\/100 slp\n|cant|p1a: Dondozo|slp\n|move|p1a: Dondozo|Sleep Talk|p1a: Dondozo\n|move|p1a: Dondozo|Rest||[from]move: Sleep Talk|[still]\n|-fail|p1a: Dondozo\n|\n|-heal|p1a: Dondozo|98\/100 slp|[from] item: Leftovers\n|upkeep\n|turn|41\n|\n|t:|1700277489\n|move|p2a: Mihawk|Iron Head|p1a: Dondozo\n|-damage|p1a: Dondozo|82\/100 slp\n|-curestatus|p1a: Dondozo|slp|[msg]\n|move|p1a: Dondozo|Curse|p1a: Dondozo\n|-unboost|p1a: Dondozo|spe|1\n|-boost|p1a: Dondozo|atk|1\n|-boost|p1a: Dondozo|def|1\n|\n|-heal|p1a: Dondozo|88\/100|[from] item: Leftovers\n|upkeep\n|turn|42\n|\n|t:|1700277501\n|move|p2a: Mihawk|Iron Head|p1a: Dondozo\n|-damage|p1a: Dondozo|76\/100\n|move|p1a: Dondozo|Curse|p1a: Dondozo\n|-unboost|p1a: Dondozo|spe|1\n|-boost|p1a: Dondozo|atk|1\n|-boost|p1a: Dondozo|def|1\n|\n|-heal|p1a: Dondozo|83\/100|[from] item: Leftovers\n|upkeep\n|turn|43\n|\n|t:|1700277517\n|move|p2a: Mihawk|Iron Head|p1a: Dondozo\n|-damage|p1a: Dondozo|71\/100\n|cant|p1a: Dondozo|flinch\n|\n|-heal|p1a: Dondozo|77\/100|[from] item: Leftovers\n|upkeep\n|turn|44\n|\n|t:|1700277524\n|move|p2a: Mihawk|Iron Head|p1a: Dondozo\n|-damage|p1a: Dondozo|67\/100\n|move|p1a: Dondozo|Curse|p1a: Dondozo\n|-unboost|p1a: Dondozo|spe|1\n|-boost|p1a: Dondozo|atk|1\n|-boost|p1a: Dondozo|def|1\n|\n|-heal|p1a: Dondozo|73\/100|[from] item: Leftovers\n|upkeep\n|turn|45\n|\n|t:|1700277533\n|-end|p2a: Mihawk|fallen4|[silent]\n|switch|p2a: sus|Amoonguss, F, shiny|100\/100\n|move|p1a: Dondozo|Curse|p1a: Dondozo\n|-unboost|p1a: Dondozo|spe|1\n|-boost|p1a: Dondozo|atk|1\n|-boost|p1a: Dondozo|def|1\n|\n|-heal|p1a: Dondozo|79\/100|[from] item: Leftovers\n|upkeep\n|turn|46\n|\n|t:|1700277544\n|move|p2a: sus|Toxic|p1a: Dondozo\n|-status|p1a: Dondozo|tox\n|move|p1a: Dondozo|Liquidation|p2a: sus\n|-resisted|p2a: sus\n|-damage|p2a: sus|60\/100\n|\n|-heal|p2a: sus|66\/100|[from] item: Black Sludge\n|-heal|p1a: Dondozo|85\/100 tox|[from] item: Leftovers\n|-damage|p1a: Dondozo|79\/100 tox|[from] psn\n|upkeep\n|turn|47\n|c|\u2606cb dozo ftw|gg\n|\n|t:|1700277555\n|move|p2a: sus|Sludge Bomb|p1a: Dondozo\n|-damage|p1a: Dondozo|57\/100 tox\n|move|p1a: Dondozo|Rest|p1a: Dondozo\n|-status|p1a: Dondozo|slp|[from] move: Rest\n|-heal|p1a: Dondozo|100\/100 slp|[silent]\n|\n|-heal|p2a: sus|72\/100|[from] item: Black Sludge\n|upkeep\n|turn|48\n|\n|t:|1700277563\n|move|p2a: sus|Giga Drain|p1a: Dondozo\n|-damage|p1a: Dondozo|84\/100 slp\n|-heal|p2a: sus|82\/100|[from] drain|[of] p1a: Dondozo\n|cant|p1a: Dondozo|slp\n|move|p1a: Dondozo|Sleep Talk|p1a: Dondozo\n|move|p1a: Dondozo|Liquidation|p2a: sus|[from]move: Sleep Talk\n|-resisted|p2a: sus\n|-damage|p2a: sus|38\/100\n|\n|-heal|p2a: sus|44\/100|[from] item: Black Sludge\n|-heal|p1a: Dondozo|90\/100 slp|[from] item: Leftovers\n|upkeep\n|turn|49\n|\n|t:|1700277581\n|move|p2a: sus|Giga Drain|p1a: Dondozo\n|-crit|p1a: Dondozo\n|-damage|p1a: Dondozo|64\/100 slp\n|-heal|p2a: sus|59\/100|[from] drain|[of] p1a: Dondozo\n|cant|p1a: Dondozo|slp\n|move|p1a: Dondozo|Sleep Talk|p1a: Dondozo\n|move|p1a: Dondozo|Curse|p1a: Dondozo|[from]move: Sleep Talk\n|\n|-heal|p2a: sus|65\/100|[from] item: Black Sludge\n|-heal|p1a: Dondozo|70\/100 slp|[from] item: Leftovers\n|upkeep\n|turn|50\n|\n|t:|1700277591\n|move|p2a: sus|Giga Drain|p1a: Dondozo\n|-damage|p1a: Dondozo|51\/100 slp\n|-heal|p2a: sus|76\/100|[from] drain|[of] p1a: Dondozo\n|-curestatus|p1a: Dondozo|slp|[msg]\n|move|p1a: Dondozo|Liquidation|p2a: sus\n|-resisted|p2a: sus\n|-damage|p2a: sus|38\/100\n|\n|-heal|p2a: sus|44\/100|[from] item: Black Sludge\n|-heal|p1a: Dondozo|57\/100|[from] item: Leftovers\n|upkeep\n|turn|51\n|\n|t:|1700277618\n|move|p2a: sus|Giga Drain|p1a: Dondozo\n|-damage|p1a: Dondozo|41\/100\n|-heal|p2a: sus|54\/100|[from] drain|[of] p1a: Dondozo\n|move|p1a: Dondozo|Liquidation|p2a: sus\n|-resisted|p2a: sus\n|-damage|p2a: sus|10\/100\n|\n|-heal|p2a: sus|16\/100|[from] item: Black Sludge\n|-heal|p1a: Dondozo|47\/100|[from] item: Leftovers\n|upkeep\n|turn|52\n|\n|t:|1700277633\n|move|p2a: sus|Sludge Bomb|p1a: Dondozo\n|-damage|p1a: Dondozo|24\/100\n|move|p1a: Dondozo|Rest|p1a: Dondozo\n|-status|p1a: Dondozo|slp|[from] move: Rest\n|-heal|p1a: Dondozo|100\/100 slp|[silent]\n|\n|-heal|p2a: sus|22\/100|[from] item: Black Sludge\n|upkeep\n|turn|53\n|\n|t:|1700277649\n|move|p2a: sus|Giga Drain|p1a: Dondozo\n|-damage|p1a: Dondozo|82\/100 slp\n|-heal|p2a: sus|33\/100|[from] drain|[of] p1a: Dondozo\n|cant|p1a: Dondozo|slp\n|move|p1a: Dondozo|Sleep Talk|p1a: Dondozo\n|move|p1a: Dondozo|Liquidation|p2a: sus|[from]move: Sleep Talk\n|-resisted|p2a: sus\n|-damage|p2a: sus|0 fnt\n|faint|p2a: sus\n|\n|-heal|p1a: Dondozo|88\/100 slp|[from] item: Leftovers\n|upkeep\n|\n|t:|1700277661\n|switch|p2a: Mihawk|Kingambit, M|54\/100\n|-activate|p2a: Mihawk|ability: Supreme Overlord\n|-start|p2a: Mihawk|fallen5|[silent]\n|turn|54\n|\n|t:|1700277670\n|move|p2a: Mihawk|Swords Dance|p2a: Mihawk\n|-boost|p2a: Mihawk|atk|2\n|cant|p1a: Dondozo|slp\n|move|p1a: Dondozo|Sleep Talk|p1a: Dondozo\n|move|p1a: Dondozo|Rest||[from]move: Sleep Talk|[still]\n|-fail|p1a: Dondozo\n|\n|-heal|p1a: Dondozo|94\/100 slp|[from] item: Leftovers\n|upkeep\n|turn|55\n|\n|t:|1700277679\n|move|p2a: Mihawk|Iron Head|p1a: Dondozo\n|-damage|p1a: Dondozo|85\/100 slp\n|-curestatus|p1a: Dondozo|slp|[msg]\n|cant|p1a: Dondozo|flinch\n|\n|-heal|p1a: Dondozo|91\/100|[from] item: Leftovers\n|upkeep\n|turn|56\n|\n|t:|1700277686\n|move|p2a: Mihawk|Swords Dance|p2a: Mihawk\n|-boost|p2a: Mihawk|atk|2\n|move|p1a: Dondozo|Liquidation|p2a: Mihawk\n|-damage|p2a: Mihawk|0 fnt\n|faint|p2a: Mihawk\n|-end|p2a: Mihawk|fallen5|[silent]\n|\n|win|cb dozo ftw\n|raw|cb dozo ftw's rating: 1132 &rarr; <strong>1158<\/strong><br \/>(+26 for winning)\n|raw|Goober1122's rating: 1147 &rarr; <strong>1121<\/strong><br \/>(-26 for losing)\n","uploadtime":1700277691,"views":13,"p1id":"cbdozoftw","p2id":"goober1122","formatid":"gen9ou","rating":1121,"private":0,"password":""}