{"id":"gen9ou-1993280960","p1":"gt9b","p2":"TommyJTC","format":"[Gen 9] OU","log":"|j|\u2606gt9b\n|j|\u2606TommyJTC\n|t:|1700289518\n|gametype|singles\n|player|p1|gt9b|lucas|1074\n|player|p2|TommyJTC|hilbert-wonderlauncher|1155\n|teamsize|p1|6\n|teamsize|p2|6\n|gen|9\n|tier|[Gen 9] OU\n|rated|\n|rule|Sleep Clause Mod: Limit one foe put to sleep\n|rule|Species Clause: Limit one of each Pok\u00e9mon\n|rule|OHKO Clause: OHKO moves are banned\n|rule|Evasion Items Clause: Evasion items are banned\n|rule|Evasion Moves Clause: Evasion moves are banned\n|rule|Endless Battle Clause: Forcing endless battles is banned\n|rule|HP Percentage Mod: HP is shown in percentages\n|clearpoke\n|poke|p1|Clodsire, M|\n|poke|p1|Dondozo, M|\n|poke|p1|Blissey, F|\n|poke|p1|Toxapex, M|\n|poke|p1|Dusclops, M|\n|poke|p1|Alomomola, F|\n|poke|p2|Gholdengo|\n|poke|p2|Kingambit, F|\n|poke|p2|Rillaboom, F|\n|poke|p2|Manaphy|\n|poke|p2|Ogerpon, F|\n|poke|p2|Ribombee, F|\n|teampreview\n|inactive|Battle timer is ON: inactive players will automatically lose when time's up. (requested by gt9b)\n|\n|t:|1700289527\n|start\n|switch|p1a: Blissey|Blissey, F|100\/100\n|switch|p2a: Ribombee|Ribombee, F|100\/100\n|turn|1\n|\n|t:|1700289536\n|move|p2a: Ribombee|Sticky Web|p1a: Blissey\n|-sidestart|p1: gt9b|move: Sticky Web\n|move|p1a: Blissey|Stealth Rock|p2a: Ribombee\n|-sidestart|p2: TommyJTC|move: Stealth Rock\n|\n|upkeep\n|turn|2\n|\n|t:|1700289542\n|move|p2a: Ribombee|Stun Spore|p1a: Blissey\n|-status|p1a: Blissey|par\n|move|p1a: Blissey|Seismic Toss|p2a: Ribombee\n|-damage|p2a: Ribombee|62\/100\n|\n|upkeep\n|turn|3\n|\n|t:|1700289548\n|move|p2a: Ribombee|Moonblast|p1a: Blissey\n|-damage|p1a: Blissey|90\/100 par\n|cant|p1a: Blissey|par\n|\n|-heal|p1a: Blissey|96\/100 par|[from] item: Leftovers\n|upkeep\n|turn|4\n|\n|t:|1700289555\n|move|p2a: Ribombee|Moonblast|p1a: Blissey\n|-damage|p1a: Blissey|85\/100 par\n|cant|p1a: Blissey|par\n|\n|-heal|p1a: Blissey|91\/100 par|[from] item: Leftovers\n|upkeep\n|turn|5\n|\n|t:|1700289561\n|move|p2a: Ribombee|Moonblast|p1a: Blissey\n|-damage|p1a: Blissey|79\/100 par\n|move|p1a: Blissey|Seismic Toss|p2a: Ribombee\n|-damage|p2a: Ribombee|24\/100\n|\n|-heal|p1a: Blissey|85\/100 par|[from] item: Leftovers\n|upkeep\n|turn|6\n|\n|t:|1700289569\n|move|p2a: Ribombee|Moonblast|p1a: Blissey\n|-damage|p1a: Blissey|73\/100 par\n|move|p1a: Blissey|Seismic Toss|p2a: Ribombee\n|-damage|p2a: Ribombee|0 fnt\n|faint|p2a: Ribombee\n|\n|-heal|p1a: Blissey|79\/100 par|[from] item: Leftovers\n|upkeep\n|\n|t:|1700289577\n|switch|p2a: Manaphy|Manaphy|100\/100\n|-damage|p2a: Manaphy|88\/100|[from] Stealth Rock\n|turn|7\n|\n|t:|1700289590\n|-curestatus|p1a: Blissey|par|[from] ability: Natural Cure\n|switch|p1a: Alomomola|Alomomola, F|100\/100\n|move|p2a: Manaphy|Tail Glow|p2a: Manaphy\n|-boost|p2a: Manaphy|spa|3\n|\n|upkeep\n|turn|8\n|\n|t:|1700289602\n|switch|p1a: Blissey|Blissey, F|79\/100\n|-activate|p1a: Blissey|move: Sticky Web\n|-unboost|p1a: Blissey|spe|1\n|move|p2a: Manaphy|Tail Glow|p2a: Manaphy\n|-boost|p2a: Manaphy|spa|3\n|\n|-heal|p1a: Blissey|86\/100|[from] item: Leftovers\n|upkeep\n|turn|9\n|\n|t:|1700289627\n|move|p2a: Manaphy|Scald|p1a: Blissey\n|-damage|p1a: Blissey|41\/100\n|move|p1a: Blissey|Soft-Boiled|p1a: Blissey\n|-heal|p1a: Blissey|91\/100\n|\n|-heal|p1a: Blissey|97\/100|[from] item: Leftovers\n|upkeep\n|turn|10\n|\n|t:|1700289639\n|move|p2a: Manaphy|Scald|p1a: Blissey\n|-damage|p1a: Blissey|52\/100\n|move|p1a: Blissey|Seismic Toss|p2a: Manaphy\n|-damage|p2a: Manaphy|59\/100\n|\n|-heal|p1a: Blissey|58\/100|[from] item: Leftovers\n|upkeep\n|turn|11\n|\n|t:|1700289647\n|move|p2a: Manaphy|Scald|p1a: Blissey\n|-damage|p1a: Blissey|18\/100\n|move|p1a: Blissey|Soft-Boiled|p1a: Blissey\n|-heal|p1a: Blissey|68\/100\n|\n|-heal|p1a: Blissey|74\/100|[from] item: Leftovers\n|upkeep\n|turn|12\n|\n|t:|1700289656\n|move|p2a: Manaphy|Scald|p1a: Blissey\n|-damage|p1a: Blissey|29\/100\n|-status|p1a: Blissey|brn\n|move|p1a: Blissey|Soft-Boiled|p1a: Blissey\n|-heal|p1a: Blissey|79\/100 brn\n|\n|-heal|p1a: Blissey|86\/100 brn|[from] item: Leftovers\n|-damage|p1a: Blissey|79\/100 brn|[from] brn\n|upkeep\n|turn|13\n|\n|t:|1700289668\n|-curestatus|p1a: Blissey|brn|[from] ability: Natural Cure\n|switch|p1a: Dusclops|Dusclops, M|100\/100\n|-activate|p1a: Dusclops|move: Sticky Web\n|-unboost|p1a: Dusclops|spe|1\n|-ability|p1a: Dusclops|Pressure\n|move|p2a: Manaphy|Scald|p1a: Dusclops\n|-damage|p1a: Dusclops|10\/100\n|\n|upkeep\n|turn|14\n|\n|t:|1700289681\n|move|p2a: Manaphy|Scald|p1a: Dusclops\n|-damage|p1a: Dusclops|0 fnt\n|faint|p1a: Dusclops\n|\n|upkeep\n|\n|t:|1700289684\n|switch|p1a: Clodsire|Clodsire, M|100\/100\n|-activate|p1a: Clodsire|move: Sticky Web\n|-unboost|p1a: Clodsire|spe|1\n|turn|15\n|\n|t:|1700289691\n|-terastallize|p1a: Clodsire|Psychic\n|move|p2a: Manaphy|Scald|p1a: Clodsire\n|-damage|p1a: Clodsire|79\/100\n|-status|p1a: Clodsire|brn\n|move|p1a: Clodsire|Toxic|p2a: Manaphy\n|-status|p2a: Manaphy|tox\n|\n|-heal|p1a: Clodsire|85\/100 brn|[from] item: Leftovers\n|-damage|p2a: Manaphy|53\/100 tox|[from] psn\n|-damage|p1a: Clodsire|79\/100 brn|[from] brn\n|upkeep\n|turn|16\n|\n|t:|1700289703\n|move|p2a: Manaphy|Ice Beam|p1a: Clodsire\n|-damage|p1a: Clodsire|63\/100 brn\n|move|p1a: Clodsire|Spikes|p2a: Manaphy\n|-sidestart|p2: TommyJTC|Spikes\n|\n|-heal|p1a: Clodsire|69\/100 brn|[from] item: Leftovers\n|-damage|p2a: Manaphy|41\/100 tox|[from] psn\n|-damage|p1a: Clodsire|63\/100 brn|[from] brn\n|upkeep\n|turn|17\n|\n|t:|1700289712\n|move|p2a: Manaphy|Scald|p1a: Clodsire\n|-damage|p1a: Clodsire|44\/100 brn\n|move|p1a: Clodsire|Spikes|p2a: Manaphy\n|-sidestart|p2: TommyJTC|Spikes\n|\n|-heal|p1a: Clodsire|50\/100 brn|[from] item: Leftovers\n|-damage|p2a: Manaphy|22\/100 tox|[from] psn\n|-damage|p1a: Clodsire|44\/100 brn|[from] brn\n|upkeep\n|turn|18\n|\n|t:|1700289721\n|move|p2a: Manaphy|Scald|p1a: Clodsire\n|-damage|p1a: Clodsire|24\/100 brn\n|move|p1a: Clodsire|Recover|p1a: Clodsire\n|-heal|p1a: Clodsire|74\/100 brn\n|\n|-heal|p1a: Clodsire|80\/100 brn|[from] item: Leftovers\n|-damage|p2a: Manaphy|0 fnt|[from] psn\n|faint|p2a: Manaphy\n|-damage|p1a: Clodsire|74\/100 brn|[from] brn\n|upkeep\n|\n|t:|1700289734\n|switch|p2a: Kingambit|Kingambit, F|100\/100\n|-damage|p2a: Kingambit|94\/100|[from] Stealth Rock\n|-damage|p2a: Kingambit|78\/100|[from] Spikes\n|-activate|p2a: Kingambit|ability: Supreme Overlord\n|-start|p2a: Kingambit|fallen2|[silent]\n|turn|19\n|\n|t:|1700289741\n|move|p2a: Kingambit|Swords Dance|p2a: Kingambit\n|-boost|p2a: Kingambit|atk|2\n|move|p1a: Clodsire|Earthquake|p2a: Kingambit\n|-supereffective|p2a: Kingambit\n|-damage|p2a: Kingambit|57\/100\n|\n|-heal|p1a: Clodsire|80\/100 brn|[from] item: Leftovers\n|-damage|p1a: Clodsire|74\/100 brn|[from] brn\n|upkeep\n|turn|20\n|\n|t:|1700289752\n|move|p2a: Kingambit|Kowtow Cleave|p1a: Clodsire\n|-supereffective|p1a: Clodsire\n|-damage|p1a: Clodsire|0 fnt\n|faint|p1a: Clodsire\n|\n|upkeep\n|\n|t:|1700289760\n|switch|p1a: Dondozo|Dondozo, M|100\/100\n|turn|21\n|\n|t:|1700289768\n|move|p2a: Kingambit|Iron Head|p1a: Dondozo\n|-resisted|p1a: Dondozo\n|-damage|p1a: Dondozo|89\/100\n|move|p1a: Dondozo|Curse|p1a: Dondozo\n|-unboost|p1a: Dondozo|spe|1\n|-boost|p1a: Dondozo|atk|1\n|-boost|p1a: Dondozo|def|1\n|\n|upkeep\n|turn|22\n|\n|t:|1700289778\n|-end|p2a: Kingambit|fallen2|[silent]\n|switch|p2a: Rillaboom|Rillaboom, F|100\/100\n|-damage|p2a: Rillaboom|88\/100|[from] Stealth Rock\n|-damage|p2a: Rillaboom|72\/100|[from] Spikes\n|-fieldstart|move: Grassy Terrain|[from] ability: Grassy Surge|[of] p2a: Rillaboom\n|move|p1a: Dondozo|Curse|p1a: Dondozo\n|-unboost|p1a: Dondozo|spe|1\n|-boost|p1a: Dondozo|atk|1\n|-boost|p1a: Dondozo|def|1\n|\n|-heal|p2a: Rillaboom|78\/100|[from] Grassy Terrain\n|-heal|p1a: Dondozo|95\/100|[from] Grassy Terrain\n|upkeep\n|turn|23\n|\n|t:|1700289795\n|move|p2a: Rillaboom|Drum Beating|p1a: Dondozo\n|-supereffective|p1a: Dondozo\n|-damage|p1a: Dondozo|72\/100\n|-unboost|p1a: Dondozo|spe|1\n|move|p1a: Dondozo|Body Press|p2a: Rillaboom\n|-damage|p2a: Rillaboom|21\/100\n|-enditem|p2a: Rillaboom|Eject Button\n|\n|t:|1700289802\n|switch|p2a: Ogerpon|Ogerpon, F|100\/100\n|-damage|p2a: Ogerpon|88\/100|[from] Stealth Rock\n|-damage|p2a: Ogerpon|72\/100|[from] Spikes\n|\n|-heal|p2a: Ogerpon|78\/100|[from] Grassy Terrain\n|-heal|p1a: Dondozo|78\/100|[from] Grassy Terrain\n|upkeep\n|turn|24\n|\n|t:|1700289816\n|-terastallize|p2a: Ogerpon|Grass\n|detailschange|p2a: Ogerpon|Ogerpon-Teal-Tera, F, tera:Grass\n|-ability|p2a: Ogerpon|Embody Aspect (Teal)|boost\n|-boost|p2a: Ogerpon|spe|1\n|move|p2a: Ogerpon|Ivy Cudgel|p1a: Dondozo\n|-supereffective|p1a: Dondozo\n|-crit|p1a: Dondozo\n|-damage|p1a: Dondozo|0 fnt\n|faint|p1a: Dondozo\n|\n|-heal|p2a: Ogerpon|84\/100|[from] Grassy Terrain\n|upkeep\n|\n|t:|1700289827\n|switch|p1a: Toxapex|Toxapex, M|100\/100\n|-activate|p1a: Toxapex|move: Sticky Web\n|-unboost|p1a: Toxapex|spe|1\n|turn|25\n|\n|t:|1700289834\n|move|p2a: Ogerpon|Ivy Cudgel|p1a: Toxapex\n|-damage|p1a: Toxapex|49\/100\n|move|p1a: Toxapex|Toxic|p2a: Ogerpon\n|-status|p2a: Ogerpon|tox\n|\n|-heal|p2a: Ogerpon|90\/100 tox|[from] Grassy Terrain\n|-heal|p1a: Toxapex|55\/100|[from] Grassy Terrain\n|-damage|p2a: Ogerpon|84\/100 tox|[from] psn\n|upkeep\n|turn|26\n|\n|t:|1700289844\n|move|p2a: Ogerpon|Ivy Cudgel|p1a: Toxapex\n|-damage|p1a: Toxapex|0 fnt\n|faint|p1a: Toxapex\n|\n|-heal|p2a: Ogerpon|90\/100 tox|[from] Grassy Terrain\n|-damage|p2a: Ogerpon|78\/100 tox|[from] psn\n|-fieldend|move: Grassy Terrain\n|upkeep\n|c|\u2606gt9b|ur trash af\n|n|\u203dgt9b|gt9b\n|inactive|gt9b has 120 seconds left.\n|-message|gt9b forfeited.\n|\n|win|TommyJTC\n|raw|gt9b's rating: 1074 &rarr; <strong>1058<\/strong><br \/>(-16 for losing)\n|raw|TommyJTC's rating: 1155 &rarr; <strong>1174<\/strong><br \/>(+19 for winning)\n","uploadtime":1700289862,"views":11,"p1id":"gt9b","p2id":"tommyjtc","formatid":"gen9ou","rating":1058,"private":0,"password":""}