{"id":"gen9ou-1995488199","p1":"Skaraptor2.1","p2":"Roxss","format":"[Gen 9] OU","log":"|j|\u2606Skaraptor2.1\n|j|\u2606Roxss\n|t:|1700576285\n|gametype|singles\n|player|p1|Skaraptor2.1|bodybuilderf-gen9|1271\n|player|p2|Roxss|guitarist|1253\n|teamsize|p1|6\n|teamsize|p2|6\n|gen|9\n|tier|[Gen 9] OU\n|rated|\n|rule|Sleep Clause Mod: Limit one foe put to sleep\n|rule|Species Clause: Limit one of each Pok\u00e9mon\n|rule|OHKO Clause: OHKO moves are banned\n|rule|Evasion Items Clause: Evasion items are banned\n|rule|Evasion Moves Clause: Evasion moves are banned\n|rule|Endless Battle Clause: Forcing endless battles is banned\n|rule|HP Percentage Mod: HP is shown in percentages\n|clearpoke\n|poke|p1|Ribombee, M|\n|poke|p1|Ogerpon-Wellspring, F|\n|poke|p1|Tsareena, F|\n|poke|p1|Zamazenta-*|\n|poke|p1|Iron Valiant|\n|poke|p1|Kingambit, F|\n|poke|p2|Walking Wake|\n|poke|p2|Torkoal, M|\n|poke|p2|Great Tusk|\n|poke|p2|Hydreigon, M|\n|poke|p2|Skeledirge, F|\n|poke|p2|Glimmora, F|\n|teampreview\n|inactive|Battle timer is ON: inactive players will automatically lose when time's up. (requested by Skaraptor2.1)\n|\n|t:|1700576298\n|start\n|switch|p1a: Twink|Ribombee, M|100\/100\n|switch|p2a: Boosted Hoop|Glimmora, F|100\/100\n|turn|1\n|\n|t:|1700576304\n|move|p1a: Twink|Stun Spore|p2a: Boosted Hoop\n|-status|p2a: Boosted Hoop|par\n|cant|p2a: Boosted Hoop|par\n|\n|upkeep\n|turn|2\n|\n|t:|1700576309\n|switch|p1a: The Queen|Tsareena, F|100\/100\n|move|p2a: Boosted Hoop|Mortal Spin|p1a: The Queen\n|-supereffective|p1a: The Queen\n|-damage|p1a: The Queen|87\/100\n|-status|p1a: The Queen|psn\n|\n|-damage|p1a: The Queen|74\/100 psn|[from] psn\n|upkeep\n|turn|3\n|\n|t:|1700576318\n|move|p1a: The Queen|Rapid Spin|p2a: Boosted Hoop\n|-resisted|p2a: Boosted Hoop\n|-damage|p2a: Boosted Hoop|89\/100 par\n|-boost|p1a: The Queen|spe|1\n|-activate|p2a: Boosted Hoop|ability: Toxic Debris\n|-sidestart|p1: Skaraptor2.1|move: Toxic Spikes\n|-sideend|p1: Skaraptor2.1|Toxic Spikes|[from] move: Rapid Spin|[of] p1a: The Queen\n|move|p2a: Boosted Hoop|Stealth Rock|p1a: The Queen\n|-sidestart|p1: Skaraptor2.1|move: Stealth Rock\n|\n|-damage|p1a: The Queen|62\/100 psn|[from] psn\n|upkeep\n|turn|4\n|\n|t:|1700576332\n|switch|p2a: Cococrock|Skeledirge, F|100\/100\n|move|p1a: The Queen|Rapid Spin|p2a: Cococrock\n|-immune|p2a: Cococrock\n|\n|-damage|p1a: The Queen|50\/100 psn|[from] psn\n|upkeep\n|turn|5\n|\n|t:|1700576339\n|move|p1a: The Queen|Knock Off|p2a: Cococrock\n|-supereffective|p2a: Cococrock\n|-damage|p2a: Cococrock|32\/100\n|-enditem|p2a: Cococrock|Throat Spray|[from] move: Knock Off|[of] p1a: The Queen\n|move|p2a: Cococrock|Torch Song|p1a: The Queen\n|-supereffective|p1a: The Queen\n|-damage|p1a: The Queen|0 fnt\n|-boost|p2a: Cococrock|spa|1\n|faint|p1a: The Queen\n|\n|upkeep\n|\n|t:|1700576348\n|switch|p1a: Twink|Ribombee, M|100\/100\n|-damage|p1a: Twink|76\/100|[from] Stealth Rock\n|turn|6\n|\n|t:|1700576353\n|move|p1a: Twink|Stun Spore|p2a: Cococrock\n|-status|p2a: Cococrock|par\n|cant|p2a: Cococrock|par\n|\n|upkeep\n|turn|7\n|\n|t:|1700576357\n|move|p1a: Twink|Sticky Web|p2a: Cococrock\n|-sidestart|p2: Roxss|move: Sticky Web\n|cant|p2a: Cococrock|par\n|\n|upkeep\n|turn|8\n|\n|t:|1700576361\n|move|p1a: Twink|Skill Swap|p2a: Cococrock\n|-activate|p1a: Twink|move: Skill Swap|Unaware|Shield Dust|[of] p2a: Cococrock\n|move|p2a: Cococrock|Torch Song|p1a: Twink\n|-supereffective|p1a: Twink\n|-damage|p1a: Twink|0 fnt\n|-boost|p2a: Cococrock|spa|1\n|faint|p1a: Twink\n|\n|upkeep\n|\n|t:|1700576366\n|switch|p1a: Transfem|Ogerpon-Wellspring, F|100\/100\n|-damage|p1a: Transfem|88\/100|[from] Stealth Rock\n|turn|9\n|\n|t:|1700576374\n|move|p1a: Transfem|Ivy Cudgel|p2a: Cococrock|[anim] Ivy Cudgel Water\n|-supereffective|p2a: Cococrock\n|-damage|p2a: Cococrock|0 fnt\n|faint|p2a: Cococrock\n|\n|upkeep\n|\n|t:|1700576379\n|switch|p2a: Boosted Hoop|Glimmora, F|89\/100 par\n|-activate|p2a: Boosted Hoop|move: Sticky Web\n|-unboost|p2a: Boosted Hoop|spe|1\n|turn|10\n|\n|t:|1700576407\n|move|p1a: Transfem|Ivy Cudgel|p2a: Boosted Hoop|[anim] Ivy Cudgel Water\n|-supereffective|p2a: Boosted Hoop\n|-damage|p2a: Boosted Hoop|0 fnt\n|-activate|p2a: Boosted Hoop|ability: Toxic Debris\n|-sidestart|p1: Skaraptor2.1|move: Toxic Spikes\n|faint|p2a: Boosted Hoop\n|\n|upkeep\n|\n|t:|1700576421\n|switch|p2a: Ouga Taper|Great Tusk|100\/100\n|-activate|p2a: Ouga Taper|move: Sticky Web\n|-unboost|p2a: Ouga Taper|spe|1\n|turn|11\n|\n|t:|1700576431\n|-terastallize|p1a: Transfem|Water\n|detailschange|p1a: Transfem|Ogerpon-Wellspring-Tera, F, tera:Water\n|-ability|p1a: Transfem|Embody Aspect (Wellspring)|boost\n|-boost|p1a: Transfem|spd|1\n|move|p1a: Transfem|Ivy Cudgel|p2a: Ouga Taper|[anim] Ivy Cudgel Water\n|-supereffective|p2a: Ouga Taper\n|-crit|p2a: Ouga Taper\n|-damage|p2a: Ouga Taper|0 fnt\n|faint|p2a: Ouga Taper\n|-end|p2a: Ouga Taper|Protosynthesis|[silent]\n|\n|upkeep\n|\n|t:|1700576446\n|switch|p2a: Sunny D light|Torkoal, M|100\/100\n|-activate|p2a: Sunny D light|move: Sticky Web\n|-unboost|p2a: Sunny D light|spe|1\n|-weather|SunnyDay|[from] ability: Drought|[of] p2a: Sunny D light\n|turn|12\n|\n|t:|1700576452\n|move|p1a: Transfem|Ivy Cudgel|p2a: Sunny D light|[anim] Ivy Cudgel Water\n|-supereffective|p2a: Sunny D light\n|-damage|p2a: Sunny D light|39\/100\n|move|p2a: Sunny D light|Solar Beam||[still]\n|-prepare|p2a: Sunny D light|Solar Beam\n|-anim|p2a: Sunny D light|Solar Beam|p1a: Transfem\n|-supereffective|p1a: Transfem\n|-damage|p1a: Transfem|50\/100\n|\n|-weather|SunnyDay|[upkeep]\n|upkeep\n|turn|13\n|\n|t:|1700576461\n|move|p1a: Transfem|Ivy Cudgel|p2a: Sunny D light|[anim] Ivy Cudgel Water\n|-supereffective|p2a: Sunny D light\n|-damage|p2a: Sunny D light|0 fnt\n|faint|p2a: Sunny D light\n|\n|-weather|SunnyDay|[upkeep]\n|upkeep\n|\n|t:|1700576464\n|switch|p2a: Zazou|Hydreigon, M|100\/100\n|turn|14\n|\n|t:|1700576483\n|-terastallize|p2a: Zazou|Electric\n|move|p2a: Zazou|Tera Blast|p1a: Transfem|[anim] Tera Blast Electric\n|-supereffective|p1a: Transfem\n|-damage|p1a: Transfem|0 fnt\n|faint|p1a: Transfem\n|\n|-weather|SunnyDay|[upkeep]\n|upkeep\n|\n|t:|1700576494\n|switch|p1a: Queengambit|Kingambit, F|100\/100\n|-damage|p1a: Queengambit|94\/100|[from] Stealth Rock\n|-activate|p1a: Queengambit|ability: Supreme Overlord\n|-start|p1a: Queengambit|fallen3|[silent]\n|turn|15\n|\n|t:|1700576500\n|switch|p2a: Le Bronz\u00e9|Walking Wake|100\/100\n|-activate|p2a: Le Bronz\u00e9|move: Sticky Web\n|-unboost|p2a: Le Bronz\u00e9|spe|1\n|-activate|p2a: Le Bronz\u00e9|ability: Protosynthesis\n|-start|p2a: Le Bronz\u00e9|protosynthesisspa\n|move|p1a: Queengambit|Swords Dance|p1a: Queengambit\n|-boost|p1a: Queengambit|atk|2\n|\n|-weather|SunnyDay|[upkeep]\n|-heal|p1a: Queengambit|100\/100|[from] item: Leftovers\n|upkeep\n|turn|16\n|\n|t:|1700576513\n|move|p1a: Queengambit|Sucker Punch|p2a: Le Bronz\u00e9\n|-damage|p2a: Le Bronz\u00e9|0 fnt\n|faint|p2a: Le Bronz\u00e9\n|-end|p2a: Le Bronz\u00e9|Protosynthesis|[silent]\n|\n|-weather|SunnyDay|[upkeep]\n|upkeep\n|\n|t:|1700576515\n|switch|p2a: Zazou|Hydreigon, M, tera:Electric|100\/100\n|turn|17\n|\n|t:|1700576520\n|move|p1a: Queengambit|Sucker Punch|p2a: Zazou\n|-damage|p2a: Zazou|0 fnt\n|faint|p2a: Zazou\n|\n|win|Skaraptor2.1\n|raw|Skaraptor2.1's rating: 1271 &rarr; <strong>1295<\/strong><br \/>(+24 for winning)\n|raw|Roxss's rating: 1253 &rarr; <strong>1229<\/strong><br \/>(-24 for losing)\n","uploadtime":1700576523,"views":1,"p1id":"skaraptor21","p2id":"roxss","formatid":"gen9ou","rating":1229,"private":0,"password":""}