{"id":"gen9ou-2000396451","p1":"Jonistas","p2":"YourboooiJ","format":"[Gen 9] OU","log":"|j|\u2606Jonistas\n|j|\u2606YourboooiJ\n|t:|1701191316\n|gametype|singles\n|player|p1|Jonistas|265|1000\n|player|p2|YourboooiJ|janitor|1015\n|teamsize|p1|6\n|teamsize|p2|6\n|gen|9\n|tier|[Gen 9] OU\n|rated|\n|rule|Sleep Clause Mod: Limit one foe put to sleep\n|rule|Species Clause: Limit one of each Pok\u00e9mon\n|rule|OHKO Clause: OHKO moves are banned\n|rule|Evasion Items Clause: Evasion items are banned\n|rule|Evasion Moves Clause: Evasion moves are banned\n|rule|Endless Battle Clause: Forcing endless battles is banned\n|rule|HP Percentage Mod: HP is shown in percentages\n|clearpoke\n|poke|p1|Samurott-Hisui, M|\n|poke|p1|Lilligant-Hisui, F|\n|poke|p1|Kleavor, M|\n|poke|p1|Arcanine-Hisui, F|\n|poke|p1|Goodra-Hisui, F|\n|poke|p1|Zoroark-Hisui, F|\n|poke|p2|Pawmot, F|\n|poke|p2|Revavroom, F|\n|poke|p2|Maushold-Four|\n|poke|p2|Greninja-*, M|\n|poke|p2|Ceruledge, M|\n|poke|p2|Azelf|\n|teampreview\n|\n|t:|1701191343\n|start\n|switch|p1a: Lilligant|Lilligant-Hisui, F, shiny|100\/100\n|switch|p2a: Revavroom|Revavroom, F|100\/100\n|turn|1\n|\n|t:|1701191358\n|switch|p1a: Goodra|Goodra-Hisui, F, shiny|100\/100\n|move|p2a: Revavroom|Shift Gear|p2a: Revavroom\n|-boost|p2a: Revavroom|spe|2\n|-boost|p2a: Revavroom|atk|1\n|\n|upkeep\n|turn|2\n|\n|t:|1701191383\n|move|p2a: Revavroom|Shift Gear|p2a: Revavroom\n|-boost|p2a: Revavroom|spe|2\n|-boost|p2a: Revavroom|atk|1\n|move|p1a: Goodra|Acid Armor|p1a: Goodra\n|-boost|p1a: Goodra|def|2\n|\n|upkeep\n|turn|3\n|\n|t:|1701191391\n|move|p2a: Revavroom|High Horsepower|p1a: Goodra\n|-supereffective|p1a: Goodra\n|-damage|p1a: Goodra|58\/100\n|-ability|p1a: Goodra|Gooey\n|-unboost|p2a: Revavroom|spe|1\n|move|p1a: Goodra|Acid Armor|p1a: Goodra\n|-boost|p1a: Goodra|def|2\n|\n|upkeep\n|turn|4\n|\n|t:|1701191410\n|move|p2a: Revavroom|Shift Gear|p2a: Revavroom\n|-boost|p2a: Revavroom|spe|2\n|-boost|p2a: Revavroom|atk|1\n|move|p1a: Goodra|Acid Armor|p1a: Goodra\n|-boost|p1a: Goodra|def|2\n|\n|upkeep\n|turn|5\n|inactive|Battle timer is ON: inactive players will automatically lose when time's up. (requested by Jonistas)\n|\n|t:|1701191440\n|move|p2a: Revavroom|High Horsepower|p1a: Goodra\n|-supereffective|p1a: Goodra\n|-damage|p1a: Goodra|30\/100\n|-ability|p1a: Goodra|Gooey\n|-unboost|p2a: Revavroom|spe|1\n|move|p1a: Goodra|Body Press|p2a: Revavroom\n|-damage|p2a: Revavroom|0 fnt\n|faint|p2a: Revavroom\n|\n|upkeep\n|\n|t:|1701191468\n|switch|p2a: Greninja|Greninja, M|100\/100\n|turn|6\n|\n|t:|1701191474\n|move|p2a: Greninja|Ice Beam|p1a: Goodra\n|-damage|p1a: Goodra|10\/100\n|move|p1a: Goodra|Rest|p1a: Goodra\n|-status|p1a: Goodra|slp|[from] move: Rest\n|-heal|p1a: Goodra|100\/100 slp|[silent]\n|-enditem|p1a: Goodra|Chesto Berry|[eat]\n|-curestatus|p1a: Goodra|slp|[msg]\n|\n|upkeep\n|turn|7\n|inactive|YourboooiJ has 120 seconds left.\n|\n|t:|1701191514\n|switch|p2a: Ceruledge|Ceruledge, M|100\/100\n|move|p1a: Goodra|Body Press|p2a: Ceruledge\n|-immune|p2a: Ceruledge\n|\n|upkeep\n|turn|8\n|\n|t:|1701191525\n|move|p2a: Ceruledge|Bitter Blade|p1a: Goodra\n|-damage|p1a: Goodra|92\/100\n|-ability|p1a: Goodra|Gooey\n|-unboost|p2a: Ceruledge|spe|1\n|move|p1a: Goodra|Gyro Ball|p2a: Ceruledge\n|-resisted|p2a: Ceruledge\n|-damage|p2a: Ceruledge|92\/100\n|-ability|p2a: Ceruledge|Weak Armor|boost\n|-unboost|p2a: Ceruledge|def|1\n|-boost|p2a: Ceruledge|spe|2\n|\n|upkeep\n|turn|9\n|\n|t:|1701191539\n|move|p2a: Ceruledge|Poltergeist||[still]\n|-fail|p2a: Ceruledge\n|move|p1a: Goodra|Gyro Ball|p2a: Ceruledge\n|-resisted|p2a: Ceruledge\n|-damage|p2a: Ceruledge|56\/100\n|-ability|p2a: Ceruledge|Weak Armor|boost\n|-unboost|p2a: Ceruledge|def|1\n|-boost|p2a: Ceruledge|spe|2\n|\n|upkeep\n|turn|10\n|\n|t:|1701191563\n|move|p2a: Ceruledge|Swords Dance|p2a: Ceruledge\n|-boost|p2a: Ceruledge|atk|2\n|move|p1a: Goodra|Gyro Ball|p2a: Ceruledge\n|-resisted|p2a: Ceruledge\n|-damage|p2a: Ceruledge|0 fnt\n|faint|p2a: Ceruledge\n|\n|upkeep\n|\n|t:|1701191577\n|switch|p2a: Azelf|Azelf, shiny|100\/100\n|turn|11\n|\n|t:|1701191590\n|move|p2a: Azelf|Detect|p2a: Azelf\n|-singleturn|p2a: Azelf|Protect\n|move|p1a: Goodra|Body Press|p2a: Azelf\n|-activate|p2a: Azelf|move: Protect\n|\n|upkeep\n|turn|12\n|inactive|YourboooiJ has 90 seconds left.\n|\n|t:|1701191612\n|move|p2a: Azelf|Thunder|p1a: Goodra\n|-resisted|p1a: Goodra\n|-damage|p1a: Goodra|78\/100\n|move|p1a: Goodra|Body Press|p2a: Azelf\n|-resisted|p2a: Azelf\n|-damage|p2a: Azelf|20\/100\n|\n|upkeep\n|turn|13\n|inactive|YourboooiJ has 90 seconds left.\n|\n|t:|1701191621\n|move|p2a: Azelf|Draining Kiss|p1a: Goodra\n|-damage|p1a: Goodra|63\/100\n|-heal|p2a: Azelf|34\/100|[from] drain|[of] p1a: Goodra\n|-ability|p1a: Goodra|Gooey\n|-unboost|p2a: Azelf|spe|1\n|move|p1a: Goodra|Body Press|p2a: Azelf\n|-resisted|p2a: Azelf\n|-damage|p2a: Azelf|0 fnt\n|faint|p2a: Azelf\n|\n|upkeep\n|inactive|YourboooiJ has 90 seconds left.\n|\n|t:|1701191635\n|switch|p2a: Maushold|Maushold-Four|100\/100\n|turn|14\n|inactive|YourboooiJ has 90 seconds left.\n|\n|t:|1701191645\n|move|p2a: Maushold|Population Bomb|p1a: Goodra\n|-resisted|p1a: Goodra\n|-damage|p1a: Goodra|63\/100\n|-ability|p1a: Goodra|Gooey\n|-unboost|p2a: Maushold|spe|1\n|-resisted|p1a: Goodra\n|-damage|p1a: Goodra|61\/100\n|-ability|p1a: Goodra|Gooey\n|-unboost|p2a: Maushold|spe|1\n|-resisted|p1a: Goodra\n|-damage|p1a: Goodra|61\/100\n|-ability|p1a: Goodra|Gooey\n|-unboost|p2a: Maushold|spe|1\n|-resisted|p1a: Goodra\n|-damage|p1a: Goodra|60\/100\n|-ability|p1a: Goodra|Gooey\n|-unboost|p2a: Maushold|spe|1\n|-resisted|p1a: Goodra\n|-damage|p1a: Goodra|59\/100\n|-ability|p1a: Goodra|Gooey\n|-unboost|p2a: Maushold|spe|1\n|-resisted|p1a: Goodra\n|-damage|p1a: Goodra|58\/100\n|-ability|p1a: Goodra|Gooey\n|-unboost|p2a: Maushold|spe|1\n|-hitcount|p1a: Goodra|6\n|move|p1a: Goodra|Body Press|p2a: Maushold\n|-supereffective|p2a: Maushold\n|-damage|p2a: Maushold|0 fnt\n|faint|p2a: Maushold\n|\n|upkeep\n|\n|t:|1701191672\n|switch|p2a: Pawmot|Pawmot, F|100\/100\n|turn|15\n|\n|t:|1701191680\n|-terastallize|p1a: Goodra|Ghost\n|move|p2a: Pawmot|Ice Punch|p1a: Goodra\n|-damage|p1a: Goodra|53\/100\n|-ability|p1a: Goodra|Gooey\n|-unboost|p2a: Pawmot|spe|1\n|move|p1a: Goodra|Body Press|p2a: Pawmot\n|-damage|p2a: Pawmot|0 fnt\n|faint|p2a: Pawmot\n|\n|upkeep\n|\n|t:|1701191693\n|switch|p2a: Greninja|Greninja, M|100\/100\n|turn|16\n|\n|t:|1701191702\n|-terastallize|p2a: Greninja|Fighting\n|move|p2a: Greninja|Dark Pulse|p1a: Goodra\n|-supereffective|p1a: Goodra\n|-damage|p1a: Goodra|0 fnt\n|faint|p1a: Goodra\n|-ability|p2a: Greninja|Battle Bond|boost\n|-boost|p2a: Greninja|atk|1\n|-boost|p2a: Greninja|spa|1\n|-boost|p2a: Greninja|spe|1\n|-activate|p2a: Greninja|ability: Battle Bond\n|\n|upkeep\n|\n|t:|1701191714\n|switch|p1a: Samurott|Samurott-Hisui, M, shiny|100\/100\n|turn|17\n|\n|t:|1701191724\n|move|p2a: Greninja|Grass Knot|p1a: Samurott\n|-damage|p1a: Samurott|6\/100\n|replace|p1a: Zoroark|Zoroark-Hisui, F, shiny\n|-end|p1a: Zoroark|Illusion\n|move|p1a: Zoroark|Will-O-Wisp|p2a: Greninja\n|-status|p2a: Greninja|brn\n|\n|-damage|p2a: Greninja|95\/100 brn|[from] brn\n|upkeep\n|turn|18\n|\n|t:|1701191747\n|move|p2a: Greninja|Water Shuriken|p1a: Zoroark\n|-damage|p1a: Zoroark|0 fnt\n|faint|p1a: Zoroark\n|-hitcount|p1: Zoroark|1\n|\n|-damage|p2a: Greninja|89\/100 brn|[from] brn\n|upkeep\n|inactive|Jonistas has 120 seconds left.\n|\n|t:|1701191762\n|switch|p1a: Arcanine|Arcanine-Hisui, F, shiny|100\/100\n|turn|19\n|\n|t:|1701191777\n|move|p2a: Greninja|Water Shuriken|p1a: Arcanine\n|-supereffective|p1a: Arcanine\n|-damage|p1a: Arcanine|39\/100\n|-supereffective|p1a: Arcanine\n|-damage|p1a: Arcanine|0 fnt\n|faint|p1a: Arcanine\n|-hitcount|p1: Arcanine|2\n|\n|-damage|p2a: Greninja|83\/100 brn|[from] brn\n|upkeep\n|\n|t:|1701191782\n|switch|p1a: Lilligant|Lilligant-Hisui, F, shiny|100\/100\n|turn|20\n|inactive|YourboooiJ has 90 seconds left.\n|inactive|Jonistas has 120 seconds left.\n|l|\u2606Jonistas\n|inactive|Jonistas disconnected and has a minute to reconnect!\n|player|p1|\n|j|\u2606Jonistas\n|inactive|Jonistas reconnected and has 110 seconds left.\n|player|p1|Jonistas|265\n|inactive|Jonistas has 90 seconds left.\n|inactive|Jonistas has 60 seconds left.\n|l|\u2606Jonistas\n|inactive|Jonistas disconnected and has a minute to reconnect!\n|player|p1|\n|j|\u2606Jonistas\n|inactive|Jonistas reconnected and has 45 seconds left.\n|player|p1|Jonistas|265\n|inactive|Jonistas has 30 seconds left.\n|l|\u2606Jonistas\n|inactive|Jonistas disconnected and has a minute to reconnect!\n|player|p1|\n|j|\u2606Jonistas\n|inactive|Jonistas reconnected and has 25 seconds left.\n|player|p1|Jonistas|265\n|inactive|Jonistas has 20 seconds left.\n|inactive|Jonistas has 15 seconds left.\n|\n|t:|1701191930\n|move|p2a: Greninja|Ice Beam|p1a: Lilligant\n|-supereffective|p1a: Lilligant\n|-damage|p1a: Lilligant|0 fnt\n|faint|p1a: Lilligant\n|\n|-damage|p2a: Greninja|77\/100 brn|[from] brn\n|upkeep\n|inactive|Jonistas has 20 seconds left this turn.\n|inactive|Jonistas has 15 seconds left.\n|\n|t:|1701191939\n|switch|p1a: Kleavor|Kleavor, M|100\/100\n|turn|21\n|inactive|Jonistas has 25 seconds left this turn.\n|inactive|Jonistas has 20 seconds left.\n|\n|t:|1701191960\n|move|p2a: Greninja|Water Shuriken|p1a: Kleavor\n|-supereffective|p1a: Kleavor\n|-damage|p1a: Kleavor|73\/100\n|-supereffective|p1a: Kleavor\n|-damage|p1a: Kleavor|45\/100\n|-supereffective|p1a: Kleavor\n|-damage|p1a: Kleavor|17\/100\n|-supereffective|p1a: Kleavor\n|-damage|p1a: Kleavor|0 fnt\n|faint|p1a: Kleavor\n|-hitcount|p1: Kleavor|4\n|\n|-damage|p2a: Greninja|71\/100 brn|[from] brn\n|upkeep\n|inactive|Jonistas has 25 seconds left this turn.\n|inactive|Jonistas has 20 seconds left.\n|inactive|Jonistas has 15 seconds left.\n|inactive|Jonistas has 10 seconds left.\n|inactive|Jonistas has 5 seconds left.\n|\n|t:|1701191981\n|switch|p1a: Samurott|Samurott-Hisui, M, shiny|100\/100\n|turn|22\n|inactive|Jonistas has 15 seconds left this turn.\n|inactive|Jonistas has 10 seconds left.\n|\n|t:|1701191998\n|move|p2a: Greninja|Grass Knot|p1a: Samurott\n|-supereffective|p1a: Samurott\n|-damage|p1a: Samurott|0 fnt\n|faint|p1a: Samurott\n|\n|win|YourboooiJ\n|inactive|Jonistas has 15 seconds left this turn.\n|raw|Jonistas's rating: 1000 &rarr; <strong>1000<\/strong><br \/>(+0 for losing)\n|raw|YourboooiJ's rating: 1015 &rarr; <strong>1051<\/strong><br \/>(+36 for winning)\n|l|\u2606Jonistas\n","uploadtime":1701192015,"views":1,"p1id":"jonistas","p2id":"yourboooij","formatid":"gen9ou","rating":1000,"private":0,"password":""}