{"id":"gen9ou-1996561481","p1":"FireWizard312","p2":"mkyn","format":"[Gen 9] OU","log":"|j|\u2606FireWizard312\n|j|\u2606mkyn\n|t:|1700694499\n|gametype|singles\n|player|p1|FireWizard312|2|1622\n|player|p2|mkyn|morty|1596\n|teamsize|p1|6\n|teamsize|p2|6\n|gen|9\n|tier|[Gen 9] OU\n|rated|\n|rule|Sleep Clause Mod: Limit one foe put to sleep\n|rule|Species Clause: Limit one of each Pok\u00e9mon\n|rule|OHKO Clause: OHKO moves are banned\n|rule|Evasion Items Clause: Evasion items are banned\n|rule|Evasion Moves Clause: Evasion moves are banned\n|rule|Endless Battle Clause: Forcing endless battles is banned\n|rule|HP Percentage Mod: HP is shown in percentages\n|clearpoke\n|poke|p1|Manaphy|\n|poke|p1|Kingambit, M|\n|poke|p1|Ribombee, M|\n|poke|p1|Gholdengo|\n|poke|p1|Iron Moth|\n|poke|p1|Ogerpon-Wellspring, F|\n|poke|p2|Heatran, F|\n|poke|p2|Hatterene, F|\n|poke|p2|Zapdos|\n|poke|p2|Ogerpon-Wellspring, F|\n|poke|p2|Weezing-Galar, F|\n|poke|p2|Dragapult, M|\n|teampreview\n|inactive|Battle timer is ON: inactive players will automatically lose when time's up. (requested by FireWizard312)\n|\n|t:|1700694552\n|start\n|switch|p1a: wildfiree|Ribombee, M, shiny|100\/100\n|switch|p2a: Heatran|Heatran, F|100\/100\n|turn|1\n|\n|t:|1700694557\n|move|p1a: wildfiree|Sticky Web|p2a: Heatran\n|-sidestart|p2: mkyn|move: Sticky Web\n|move|p2a: Heatran|Magma Storm|p1a: wildfiree\n|-supereffective|p1a: wildfiree\n|-crit|p1a: wildfiree\n|-enditem|p1a: wildfiree|Focus Sash\n|-damage|p1a: wildfiree|1\/100\n|-activate|p1a: wildfiree|move: Magma Storm|[of] p2a: Heatran\n|\n|-damage|p1a: wildfiree|0 fnt|[from] move: Magma Storm|[partiallytrapped]\n|faint|p1a: wildfiree\n|upkeep\n|\n|t:|1700694562\n|switch|p1a: faya|Ogerpon-Wellspring, F|100\/100\n|turn|2\n|\n|t:|1700694567\n|-terastallize|p2a: Heatran|Grass\n|move|p1a: faya|Swords Dance|p1a: faya\n|-boost|p1a: faya|atk|2\n|move|p2a: Heatran|Magma Storm|p1a: faya\n|-damage|p1a: faya|48\/100\n|-activate|p1a: faya|move: Magma Storm|[of] p2a: Heatran\n|\n|-damage|p1a: faya|35\/100|[from] move: Magma Storm|[partiallytrapped]\n|upkeep\n|turn|3\n|\n|t:|1700694582\n|move|p1a: faya|Ivy Cudgel|p2a: Heatran|[anim] Ivy Cudgel Water\n|-resisted|p2a: Heatran\n|-damage|p2a: Heatran|50\/100\n|move|p2a: Heatran|Earth Power|p1a: faya\n|-resisted|p1a: faya\n|-damage|p1a: faya|20\/100\n|\n|-heal|p2a: Heatran|56\/100|[from] item: Leftovers\n|-damage|p1a: faya|7\/100|[from] move: Magma Storm|[partiallytrapped]\n|upkeep\n|turn|4\n|\n|t:|1700694588\n|move|p2a: Heatran|Protect|p2a: Heatran\n|-singleturn|p2a: Heatran|Protect\n|move|p1a: faya|Power Whip|p2a: Heatran\n|-activate|p2a: Heatran|move: Protect\n|\n|-heal|p2a: Heatran|63\/100|[from] item: Leftovers\n|-damage|p1a: faya|0 fnt|[from] move: Magma Storm|[partiallytrapped]\n|faint|p1a: faya\n|upkeep\n|\n|t:|1700694597\n|switch|p1a: awyp|Kingambit, M|100\/100\n|-activate|p1a: awyp|ability: Supreme Overlord\n|-start|p1a: awyp|fallen2|[silent]\n|turn|5\n|\n|t:|1700694604\n|move|p1a: awyp|Sucker Punch|p2a: Heatran\n|-damage|p2a: Heatran|15\/100\n|move|p2a: Heatran|Magma Storm|p1a: awyp\n|-supereffective|p1a: awyp\n|-damage|p1a: awyp|7\/100\n|-activate|p1a: awyp|move: Magma Storm|[of] p2a: Heatran\n|\n|-heal|p2a: Heatran|21\/100|[from] item: Leftovers\n|-damage|p1a: awyp|0 fnt|[from] move: Magma Storm|[partiallytrapped]\n|faint|p1a: awyp\n|-end|p1a: awyp|fallen2|[silent]\n|upkeep\n|\n|t:|1700694608\n|switch|p1a: scarlet|Iron Moth|100\/100\n|-enditem|p1a: scarlet|Booster Energy\n|-activate|p1a: scarlet|ability: Quark Drive|[fromitem]\n|-start|p1a: scarlet|quarkdrivespe\n|turn|6\n|\n|t:|1700694619\n|move|p1a: scarlet|Psychic|p2a: Heatran\n|-damage|p2a: Heatran|1\/100\n|-unboost|p2a: Heatran|spd|1\n|move|p2a: Heatran|Earth Power|p1a: scarlet\n|-supereffective|p1a: scarlet\n|-damage|p1a: scarlet|0 fnt\n|faint|p1a: scarlet\n|-end|p1a: scarlet|Quark Drive|[silent]\n|\n|-heal|p2a: Heatran|7\/100|[from] item: Leftovers\n|upkeep\n|c|\u2606FireWizard312|...\n|-message|FireWizard312 forfeited.\n|\n|win|mkyn\n|raw|FireWizard312's rating: 1622 &rarr; <strong>1601<\/strong><br \/>(-21 for losing)\n|raw|mkyn's rating: 1596 &rarr; <strong>1617<\/strong><br \/>(+21 for winning)\n","uploadtime":1700694643,"views":4,"p1id":"firewizard312","p2id":"mkyn","formatid":"gen9ou","rating":1601,"private":0,"password":""}