{"id":"gen9ou-1994474778","p1":"RepeatUntilTired3","p2":"Elsquidwardo","format":"[Gen 9] OU","log":"|j|\u2606RepeatUntilTired3\n|j|\u2606Elsquidwardo\n|t:|1700448161\n|gametype|singles\n|player|p1|RepeatUntilTired3|marlon|1512\n|player|p2|Elsquidwardo|plasmagrunt|1584\n|teamsize|p1|6\n|teamsize|p2|6\n|gen|9\n|tier|[Gen 9] OU\n|rated|\n|rule|Sleep Clause Mod: Limit one foe put to sleep\n|rule|Species Clause: Limit one of each Pok\u00e9mon\n|rule|OHKO Clause: OHKO moves are banned\n|rule|Evasion Items Clause: Evasion items are banned\n|rule|Evasion Moves Clause: Evasion moves are banned\n|rule|Endless Battle Clause: Forcing endless battles is banned\n|rule|HP Percentage Mod: HP is shown in percentages\n|clearpoke\n|poke|p1|Basculegion-F, F|\n|poke|p1|Rillaboom, M|\n|poke|p1|Zapdos|\n|poke|p1|Pelipper, M|\n|poke|p1|Iron Treads|\n|poke|p1|Samurott-Hisui, M|\n|poke|p2|Slowking-Galar, F|\n|poke|p2|Ting-Lu|\n|poke|p2|Great Tusk|\n|poke|p2|Gholdengo|\n|poke|p2|Zapdos|\n|poke|p2|Enamorus, F|\n|teampreview\n|inactive|Battle timer is ON: inactive players will automatically lose when time's up. (requested by RepeatUntilTired3)\n|\n|t:|1700448172\n|start\n|switch|p1a: Samurott|Samurott-Hisui, M|100\/100\n|switch|p2a: Great Tusk|Great Tusk|100\/100\n|turn|1\n|\n|t:|1700448181\n|move|p2a: Great Tusk|Earthquake|p1a: Samurott\n|-crit|p1a: Samurott\n|-damage|p1a: Samurott|18\/100\n|move|p1a: Samurott|Aqua Cutter|p2a: Great Tusk\n|-supereffective|p2a: Great Tusk\n|-crit|p2a: Great Tusk\n|-damage|p2a: Great Tusk|0 fnt\n|faint|p2a: Great Tusk\n|-end|p2a: Great Tusk|Protosynthesis|[silent]\n|\n|upkeep\n|\n|t:|1700448187\n|switch|p2a: Zapdos|Zapdos|100\/100\n|turn|2\n|\n|t:|1700448190\n|switch|p1a: Droideka|Iron Treads|100\/100\n|move|p2a: Zapdos|U-turn|p1a: Droideka\n|-resisted|p1a: Droideka\n|-crit|p1a: Droideka\n|-damage|p1a: Droideka|93\/100\n|\n|t:|1700448193\n|switch|p2a: Ting-Lu|Ting-Lu|100\/100|[from] U-turn\n|-ability|p2a: Ting-Lu|Vessel of Ruin\n|\n|-heal|p1a: Droideka|99\/100|[from] item: Leftovers\n|upkeep\n|turn|3\n|\n|t:|1700448209\n|-end|p1a: Droideka|Quark Drive|[silent]\n|switch|p1a: Samurott|Samurott-Hisui, M|18\/100\n|move|p2a: Ting-Lu|Spikes|p1a: Samurott\n|-sidestart|p1: RepeatUntilTired3|Spikes\n|\n|upkeep\n|turn|4\n|\n|t:|1700448218\n|switch|p2a: Zapdos|Zapdos|100\/100\n|-terastallize|p1a: Samurott|Water\n|move|p1a: Samurott|Aqua Cutter|p2a: Zapdos\n|-damage|p2a: Zapdos|0 fnt\n|faint|p2a: Zapdos\n|\n|upkeep\n|\n|t:|1700448221\n|switch|p2a: Enamorus|Enamorus, F|100\/100\n|turn|5\n|\n|t:|1700448228\n|switch|p1a: Droideka|Iron Treads|99\/100\n|-damage|p1a: Droideka|87\/100|[from] Spikes\n|move|p2a: Enamorus|Moonblast|p1a: Droideka\n|-resisted|p1a: Droideka\n|-damage|p1a: Droideka|67\/100\n|\n|-heal|p1a: Droideka|73\/100|[from] item: Leftovers\n|upkeep\n|turn|6\n|\n|t:|1700448236\n|switch|p2a: Gholdengo|Gholdengo|100\/100\n|move|p1a: Droideka|Stealth Rock|p2a: Gholdengo\n|-sidestart|p2: Elsquidwardo|move: Stealth Rock\n|\n|-heal|p1a: Droideka|80\/100|[from] item: Leftovers\n|upkeep\n|turn|7\n|\n|t:|1700448245\n|move|p2a: Gholdengo|Focus Blast|p1a: Droideka\n|-supereffective|p1a: Droideka\n|-damage|p1a: Droideka|6\/100\n|move|p1a: Droideka|Volt Switch|p2a: Gholdengo\n|-crit|p2a: Gholdengo\n|-damage|p2a: Gholdengo|80\/100\n|\n|t:|1700448252\n|-end|p1a: Droideka|Quark Drive|[silent]\n|switch|p1a: BidDaddyPel|Pelipper, M|100\/100|[from] Volt Switch\n|-weather|RainDance|[from] ability: Drizzle|[of] p1a: BidDaddyPel\n|\n|-weather|RainDance|[upkeep]\n|upkeep\n|turn|8\n|\n|t:|1700448257\n|switch|p2a: Slowking|Slowking-Galar, F|100\/100\n|-damage|p2a: Slowking|88\/100|[from] Stealth Rock\n|move|p1a: BidDaddyPel|U-turn|p2a: Slowking\n|-damage|p2a: Slowking|79\/100\n|\n|t:|1700448263\n|switch|p1a: Samurott|Samurott-Hisui, M, tera:Water|18\/100|[from] U-turn\n|-damage|p1a: Samurott|6\/100|[from] Spikes\n|\n|-weather|RainDance|[upkeep]\n|-heal|p2a: Slowking|85\/100|[from] item: Leftovers\n|upkeep\n|turn|9\n|j| Dngkskgmf\n|l| Dngkskgmf\n|\n|t:|1700448273\n|move|p1a: Samurott|Aqua Cutter|p2a: Slowking\n|-crit|p2a: Slowking\n|-damage|p2a: Slowking|0 fnt\n|faint|p2a: Slowking\n|\n|-weather|RainDance|[upkeep]\n|upkeep\n|\n|t:|1700448275\n|switch|p2a: Enamorus|Enamorus, F|100\/100\n|-damage|p2a: Enamorus|76\/100|[from] Stealth Rock\n|turn|10\n|\n|t:|1700448281\n|move|p2a: Enamorus|Moonblast|p1a: Samurott\n|-damage|p1a: Samurott|0 fnt\n|faint|p1a: Samurott\n|\n|-weather|RainDance|[upkeep]\n|upkeep\n|\n|t:|1700448286\n|switch|p1a: QueenSalmon|Basculegion-F, F|100\/100\n|-damage|p1a: QueenSalmon|88\/100|[from] Spikes\n|turn|11\n|\n|t:|1700448291\n|move|p1a: QueenSalmon|Surf|p2a: Enamorus\n|-damage|p2a: Enamorus|0 fnt\n|faint|p2a: Enamorus\n|\n|-weather|RainDance|[upkeep]\n|upkeep\n|\n|t:|1700448292\n|switch|p2a: Ting-Lu|Ting-Lu|100\/100\n|-damage|p2a: Ting-Lu|94\/100|[from] Stealth Rock\n|-ability|p2a: Ting-Lu|Vessel of Ruin\n|turn|12\n|\n|t:|1700448298\n|-terastallize|p2a: Ting-Lu|Poison\n|move|p1a: QueenSalmon|Surf|p2a: Ting-Lu\n|-damage|p2a: Ting-Lu|61\/100\n|move|p2a: Ting-Lu|Spikes|p1a: QueenSalmon\n|-sidestart|p1: RepeatUntilTired3|Spikes\n|\n|-weather|RainDance|[upkeep]\n|-heal|p2a: Ting-Lu|67\/100|[from] item: Leftovers\n|upkeep\n|turn|13\n|\n|t:|1700448305\n|move|p1a: QueenSalmon|Surf|p2a: Ting-Lu\n|-damage|p2a: Ting-Lu|33\/100\n|move|p2a: Ting-Lu|Spikes|p1a: QueenSalmon\n|-sidestart|p1: RepeatUntilTired3|Spikes\n|\n|-weather|RainDance|[upkeep]\n|-heal|p2a: Ting-Lu|39\/100|[from] item: Leftovers\n|upkeep\n|turn|14\n|\n|t:|1700448311\n|move|p1a: QueenSalmon|Surf|p2a: Ting-Lu\n|-damage|p2a: Ting-Lu|4\/100\n|move|p2a: Ting-Lu|Whirlwind|p1a: QueenSalmon\n|drag|p1a: BidDaddyPel|Pelipper, M|100\/100\n|\n|-weather|none\n|-heal|p2a: Ting-Lu|10\/100|[from] item: Leftovers\n|upkeep\n|turn|15\n|\n|t:|1700448318\n|move|p2a: Ting-Lu|Ruination|p1a: BidDaddyPel\n|-damage|p1a: BidDaddyPel|51\/100\n|move|p1a: BidDaddyPel|Knock Off|p2a: Ting-Lu\n|-damage|p2a: Ting-Lu|3\/100\n|-enditem|p2a: Ting-Lu|Leftovers|[from] move: Knock Off|[of] p1a: BidDaddyPel\n|\n|upkeep\n|turn|16\n|\n|t:|1700448326\n|switch|p1a: Droideka|Iron Treads|6\/100\n|-damage|p1a: Droideka|0 fnt|[from] Spikes\n|faint|p1a: Droideka\n|-end|p1a: Droideka|Quark Drive|[silent]\n|move|p2a: Ting-Lu|Ruination|p1: Droideka|[notarget]\n|-fail|p2a: Ting-Lu\n|\n|upkeep\n|\n|t:|1700448334\n|switch|p1a: BidDaddyPel|Pelipper, M|51\/100\n|-weather|RainDance|[from] ability: Drizzle|[of] p1a: BidDaddyPel\n|turn|17\n|\n|t:|1700448338\n|move|p2a: Ting-Lu|Ruination|p1a: BidDaddyPel|[miss]\n|-miss|p2a: Ting-Lu|p1a: BidDaddyPel\n|move|p1a: BidDaddyPel|U-turn|p2a: Ting-Lu\n|-resisted|p2a: Ting-Lu\n|-damage|p2a: Ting-Lu|0 fnt\n|faint|p2a: Ting-Lu\n|\n|t:|1700448344\n|switch|p1a: QueenSalmon|Basculegion-F, F|88\/100|[from] U-turn\n|-damage|p1a: QueenSalmon|63\/100|[from] Spikes\n|\n|-weather|RainDance|[upkeep]\n|upkeep\n|\n|t:|1700448346\n|switch|p2a: Gholdengo|Gholdengo|80\/100\n|-damage|p2a: Gholdengo|74\/100|[from] Stealth Rock\n|turn|18\n|\n|t:|1700448352\n|move|p1a: QueenSalmon|Shadow Ball|p2a: Gholdengo\n|-supereffective|p2a: Gholdengo\n|-damage|p2a: Gholdengo|0 fnt\n|faint|p2a: Gholdengo\n|\n|win|RepeatUntilTired3\n|raw|RepeatUntilTired3's rating: 1512 &rarr; <strong>1536<\/strong><br \/>(+24 for winning)\n|raw|Elsquidwardo's rating: 1584 &rarr; <strong>1560<\/strong><br \/>(-24 for losing)\n|l|\u2606Elsquidwardo\n","uploadtime":1700448359,"views":22,"p1id":"repeatuntiltired3","p2id":"elsquidwardo","formatid":"gen9ou","rating":1536,"private":0,"password":""}