{"id":"gen9ou-1989413117","p1":"SDK04","p2":"BattleBlazikenVGC","format":"[Gen 9] OU","log":"|j|\u2606SDK04\n|j|\u2606BattleBlazikenVGC\n|inactive|Battle timer is ON: inactive players will automatically lose when time's up.\n|t:|1699847018\n|gametype|singles\n|player|p1|SDK04|unknown|\n|player|p2|BattleBlazikenVGC|266|\n|teamsize|p1|6\n|teamsize|p2|6\n|gen|9\n|tier|[Gen 9] OU\n|rated|Tournament battle\n|rule|Sleep Clause Mod: Limit one foe put to sleep\n|rule|Species Clause: Limit one of each Pok\u00e9mon\n|rule|OHKO Clause: OHKO moves are banned\n|rule|Evasion Items Clause: Evasion items are banned\n|rule|Evasion Moves Clause: Evasion moves are banned\n|rule|Endless Battle Clause: Forcing endless battles is banned\n|rule|HP Percentage Mod: HP is shown in percentages\n|rule|Inverse Mod: Weaknesses become resistances, while resistances and immunities become weaknesses.\n|rule|Terastal Clause: You cannot Terastallize\n|clearpoke\n|poke|p1|Ninetales-Alola, M|\n|poke|p1|Ogerpon-Wellspring, F|\n|poke|p1|Mew|\n|poke|p1|Kingambit, M|\n|poke|p1|Gholdengo|\n|poke|p1|Salamence, M|\n|poke|p2|Ribombee, F|\n|poke|p2|Gholdengo|\n|poke|p2|Coalossal, M|\n|poke|p2|Kingambit, M|\n|poke|p2|Ogerpon-Wellspring, F|\n|poke|p2|Landorus-Therian, M|\n|teampreview\n|c|\u2606BattleBlazikenVGC|glhf\n|\n|t:|1699847024\n|start\n|switch|p1a: cool window|Ninetales-Alola, M|100\/100\n|switch|p2a: Ribombee|Ribombee, F|100\/100\n|-weather|Snow|[from] ability: Snow Warning|[of] p1a: cool window\n|turn|1\n|\n|t:|1699847027\n|move|p2a: Ribombee|Bug Buzz|p1a: cool window\n|-supereffective|p1a: cool window\n|-damage|p1a: cool window|32\/100\n|move|p1a: cool window|Encore|p2a: Ribombee\n|-start|p2a: Ribombee|Encore\n|\n|-weather|Snow|[upkeep]\n|upkeep\n|turn|2\n|\n|t:|1699847043\n|switch|p1a: Cheese Demon|Mew|100\/100\n|move|p2a: Ribombee|Bug Buzz|p1a: Cheese Demon\n|-resisted|p1a: Cheese Demon\n|-damage|p1a: Cheese Demon|84\/100\n|\n|-weather|Snow|[upkeep]\n|-heal|p1a: Cheese Demon|90\/100|[from] item: Leftovers\n|upkeep\n|turn|3\n|\n|t:|1699847046\n|switch|p2a: Coalossal|Coalossal, M|100\/100\n|move|p1a: Cheese Demon|Agility|p1a: Cheese Demon\n|-boost|p1a: Cheese Demon|spe|2\n|\n|-weather|Snow|[upkeep]\n|-heal|p1a: Cheese Demon|96\/100|[from] item: Leftovers\n|upkeep\n|turn|4\n|\n|t:|1699847051\n|move|p1a: Cheese Demon|Calm Mind|p1a: Cheese Demon\n|-boost|p1a: Cheese Demon|spa|1\n|-boost|p1a: Cheese Demon|spd|1\n|move|p2a: Coalossal|Heat Wave|p1a: Cheese Demon\n|-damage|p1a: Cheese Demon|75\/100\n|\n|-weather|Snow|[upkeep]\n|-heal|p1a: Cheese Demon|81\/100|[from] item: Leftovers\n|upkeep\n|turn|5\n|\n|t:|1699847057\n|switch|p2a: Ribombee|Ribombee, F|100\/100\n|move|p1a: Cheese Demon|Calm Mind|p1a: Cheese Demon\n|-boost|p1a: Cheese Demon|spa|1\n|-boost|p1a: Cheese Demon|spd|1\n|\n|-weather|none\n|-heal|p1a: Cheese Demon|88\/100|[from] item: Leftovers\n|upkeep\n|turn|6\n|c|\u2606SDK04|u2\n|j| wolkicake\n|\n|t:|1699847064\n|move|p1a: Cheese Demon|Agility|p1a: Cheese Demon\n|-boost|p1a: Cheese Demon|spe|2\n|move|p2a: Ribombee|Moonblast|p1a: Cheese Demon\n|-damage|p1a: Cheese Demon|69\/100\n|-unboost|p1a: Cheese Demon|spa|1\n|\n|-heal|p1a: Cheese Demon|75\/100|[from] item: Leftovers\n|upkeep\n|turn|7\n|\n|t:|1699847067\n|move|p1a: Cheese Demon|Calm Mind|p1a: Cheese Demon\n|-boost|p1a: Cheese Demon|spa|1\n|-boost|p1a: Cheese Demon|spd|1\n|move|p2a: Ribombee|Moonblast|p1a: Cheese Demon\n|-damage|p1a: Cheese Demon|60\/100\n|-unboost|p1a: Cheese Demon|spa|1\n|\n|-heal|p1a: Cheese Demon|66\/100|[from] item: Leftovers\n|upkeep\n|turn|8\n|\n|t:|1699847069\n|move|p1a: Cheese Demon|Calm Mind|p1a: Cheese Demon\n|-boost|p1a: Cheese Demon|spa|1\n|-boost|p1a: Cheese Demon|spd|1\n|move|p2a: Ribombee|Moonblast|p1a: Cheese Demon\n|-damage|p1a: Cheese Demon|53\/100\n|-unboost|p1a: Cheese Demon|spa|1\n|\n|-heal|p1a: Cheese Demon|59\/100|[from] item: Leftovers\n|upkeep\n|turn|9\n|c| wolkicake|wrap it up\n|\n|t:|1699847073\n|move|p1a: Cheese Demon|Calm Mind|p1a: Cheese Demon\n|-boost|p1a: Cheese Demon|spa|1\n|-boost|p1a: Cheese Demon|spd|1\n|move|p2a: Ribombee|Moonblast|p1a: Cheese Demon\n|-damage|p1a: Cheese Demon|50\/100\n|\n|-heal|p1a: Cheese Demon|56\/100|[from] item: Leftovers\n|upkeep\n|turn|10\n|c| wolkicake|mega mew has arrived\n|\n|t:|1699847078\n|move|p1a: Cheese Demon|Draining Kiss|p2a: Ribombee\n|-damage|p2a: Ribombee|43\/100\n|-heal|p1a: Cheese Demon|86\/100|[from] drain|[of] p2a: Ribombee\n|move|p2a: Ribombee|Stun Spore|p1a: Cheese Demon\n|-status|p1a: Cheese Demon|par\n|-activate|p1a: Cheese Demon|ability: Synchronize\n|-status|p2a: Ribombee|par\n|\n|-heal|p1a: Cheese Demon|92\/100 par|[from] item: Leftovers\n|upkeep\n|turn|11\n|\n|t:|1699847083\n|cant|p1a: Cheese Demon|par\n|cant|p2a: Ribombee|par\n|\n|-heal|p1a: Cheese Demon|98\/100 par|[from] item: Leftovers\n|upkeep\n|turn|12\n|\n|t:|1699847086\n|move|p1a: Cheese Demon|Agility|p1a: Cheese Demon\n|-boost|p1a: Cheese Demon|spe|2\n|move|p2a: Ribombee|Moonblast|p1a: Cheese Demon\n|-damage|p1a: Cheese Demon|88\/100 par\n|\n|-heal|p1a: Cheese Demon|94\/100 par|[from] item: Leftovers\n|upkeep\n|turn|13\n|\n|t:|1699847088\n|move|p1a: Cheese Demon|Calm Mind|p1a: Cheese Demon\n|-boost|p1a: Cheese Demon|spa|1\n|-boost|p1a: Cheese Demon|spd|1\n|move|p2a: Ribombee|Moonblast|p1a: Cheese Demon\n|-damage|p1a: Cheese Demon|85\/100 par\n|\n|-heal|p1a: Cheese Demon|91\/100 par|[from] item: Leftovers\n|upkeep\n|turn|14\n|\n|t:|1699847095\n|switch|p2a: Landorus|Landorus-Therian, M|100\/100\n|-ability|p2a: Landorus|Intimidate|boost\n|-unboost|p1a: Cheese Demon|atk|1\n|cant|p1a: Cheese Demon|par\n|\n|-heal|p1a: Cheese Demon|97\/100 par|[from] item: Leftovers\n|upkeep\n|turn|15\n|\n|t:|1699847099\n|move|p1a: Cheese Demon|Stored Power|p2a: Landorus\n|-damage|p2a: Landorus|0 fnt\n|faint|p2a: Landorus\n|\n|-heal|p1a: Cheese Demon|100\/100 par|[from] item: Leftovers\n|upkeep\n|\n|t:|1699847102\n|switch|p2a: Broken|Ogerpon-Wellspring, F|100\/100\n|turn|16\n|\n|t:|1699847107\n|move|p1a: Cheese Demon|Stored Power|p2a: Broken\n|-crit|p2a: Broken\n|-damage|p2a: Broken|0 fnt\n|faint|p2a: Broken\n|\n|upkeep\n|c|\u2606BattleBlazikenVGC|6-0d. wow\n|-message|BattleBlazikenVGC forfeited.\n|\n|win|SDK04\n|n|\u2606SDK04|sdk04\n|n|\u2606BattleBlazikenVGC|battleblazikenvgc\n|n| wolkicake|wolkicake\n|l|\u2606BattleBlazikenVGC\n|j|\u2606BattleBlazikenVGC\n|player|p2|BattleBlazikenVGC|266\n|l|\u2606BattleBlazikenVGC\n|player|p2|\n","uploadtime":1699847134,"views":41,"p1id":"sdk04","p2id":"battleblazikenvgc","formatid":"gen9ou","rating":0,"private":0,"password":""}