{"id":"gen9ou-1991379203","p1":"doodieray","p2":"FireFluo","format":"[Gen 9] OU","log":"|j|\u2606doodieray\n|j|\u2606FireFluo\n|t:|1700072212\n|gametype|singles\n|player|p1|doodieray|169|1472\n|player|p2|FireFluo|palmer|1380\n|teamsize|p1|6\n|teamsize|p2|6\n|gen|9\n|tier|[Gen 9] OU\n|rated|\n|rule|Sleep Clause Mod: Limit one foe put to sleep\n|rule|Species Clause: Limit one of each Pok\u00e9mon\n|rule|OHKO Clause: OHKO moves are banned\n|rule|Evasion Items Clause: Evasion items are banned\n|rule|Evasion Moves Clause: Evasion moves are banned\n|rule|Endless Battle Clause: Forcing endless battles is banned\n|rule|HP Percentage Mod: HP is shown in percentages\n|clearpoke\n|poke|p1|Vikavolt, M|\n|poke|p1|Sneasler, M|\n|poke|p1|Garganacl, M|\n|poke|p1|Ogerpon-Wellspring, F|\n|poke|p1|Heatran, F|\n|poke|p1|Weezing-Galar, M|\n|poke|p2|Iron Valiant|\n|poke|p2|Iron Hands|\n|poke|p2|Glimmora, M|\n|poke|p2|Garganacl, F|\n|poke|p2|Ceruledge, F|\n|poke|p2|Garchomp, M|\n|teampreview\n|\n|t:|1700072232\n|start\n|switch|p1a: Vikavolt|Vikavolt, M|100\/100\n|switch|p2a: Glimmora|Glimmora, M|100\/100\n|-item|p2a: Glimmora|Air Balloon\n|turn|1\n|\n|t:|1700072258\n|move|p2a: Glimmora|Power Gem|p1a: Vikavolt\n|-supereffective|p1a: Vikavolt\n|-damage|p1a: Vikavolt|0 fnt\n|faint|p1a: Vikavolt\n|\n|upkeep\n|\n|t:|1700072268\n|switch|p1a: Garganacl|Garganacl, M|100\/100\n|turn|2\n|\n|t:|1700072274\n|move|p2a: Glimmora|Energy Ball|p1a: Garganacl\n|-supereffective|p1a: Garganacl\n|-damage|p1a: Garganacl|56\/100\n|move|p1a: Garganacl|Salt Cure|p2a: Glimmora\n|-damage|p2a: Glimmora|86\/100\n|-start|p2a: Glimmora|Salt Cure\n|-activate|p2a: Glimmora|ability: Toxic Debris\n|-sidestart|p1: doodieray|move: Toxic Spikes\n|-enditem|p2a: Glimmora|Air Balloon\n|\n|-heal|p1a: Garganacl|63\/100|[from] item: Leftovers\n|-damage|p2a: Glimmora|74\/100|[from] Salt Cure\n|upkeep\n|turn|3\n|\n|t:|1700072291\n|move|p2a: Glimmora|Energy Ball|p1a: Garganacl\n|-supereffective|p1a: Garganacl\n|-damage|p1a: Garganacl|19\/100\n|-unboost|p1a: Garganacl|spd|1\n|move|p1a: Garganacl|Earthquake|p2a: Glimmora\n|-supereffective|p2a: Glimmora\n|-damage|p2a: Glimmora|0 fnt\n|-activate|p2a: Glimmora|ability: Toxic Debris\n|-sidestart|p1: doodieray|move: Toxic Spikes\n|faint|p2a: Glimmora\n|\n|-heal|p1a: Garganacl|25\/100|[from] item: Leftovers\n|upkeep\n|\n|t:|1700072296\n|switch|p2a: Iron Valiant|Iron Valiant|100\/100\n|turn|4\n|\n|t:|1700072298\n|switch|p1a: Weezing|Weezing-Galar, M|100\/100\n|-ability|p1a: Weezing|Neutralizing Gas\n|-sideend|p1: doodieray|move: Toxic Spikes|[of] p1a: Weezing\n|move|p2a: Iron Valiant|Moonblast|p1a: Weezing\n|-resisted|p1a: Weezing\n|-damage|p1a: Weezing|56\/100\n|\n|upkeep\n|turn|5\n|\n|t:|1700072314\n|-end|p2a: Iron Valiant|Quark Drive|[silent]\n|switch|p2a: Garganacl|Garganacl, F|100\/100\n|move|p1a: Weezing|Strange Steam|p2a: Garganacl\n|-damage|p2a: Garganacl|80\/100\n|-start|p2a: Garganacl|confusion\n|\n|-heal|p2a: Garganacl|87\/100|[from] item: Leftovers\n|upkeep\n|turn|6\n|\n|t:|1700072320\n|-end|p1a: Weezing|ability: Neutralizing Gas\n|switch|p1a: Garganacl|Garganacl, M|25\/100\n|-activate|p2a: Garganacl|confusion\n|-damage|p2a: Garganacl|80\/100|[from] confusion\n|\n|-heal|p2a: Garganacl|87\/100|[from] item: Leftovers\n|-heal|p1a: Garganacl|31\/100|[from] item: Leftovers\n|upkeep\n|turn|7\n|\n|t:|1700072328\n|-activate|p2a: Garganacl|confusion\n|-damage|p2a: Garganacl|80\/100|[from] confusion\n|move|p1a: Garganacl|Salt Cure|p2a: Garganacl\n|-damage|p2a: Garganacl|71\/100\n|-start|p2a: Garganacl|Salt Cure\n|\n|-heal|p1a: Garganacl|37\/100|[from] item: Leftovers\n|-heal|p2a: Garganacl|77\/100|[from] item: Leftovers\n|-damage|p2a: Garganacl|65\/100|[from] Salt Cure\n|upkeep\n|turn|8\n|\n|t:|1700072333\n|move|p1a: Garganacl|Recover|p1a: Garganacl\n|-heal|p1a: Garganacl|87\/100\n|-end|p2a: Garganacl|confusion\n|move|p2a: Garganacl|Salt Cure|p1a: Garganacl\n|-damage|p1a: Garganacl|78\/100\n|-start|p1a: Garganacl|Salt Cure\n|\n|-heal|p2a: Garganacl|71\/100|[from] item: Leftovers\n|-heal|p1a: Garganacl|84\/100|[from] item: Leftovers\n|-damage|p2a: Garganacl|59\/100|[from] Salt Cure\n|-damage|p1a: Garganacl|72\/100|[from] Salt Cure\n|upkeep\n|turn|9\n|\n|t:|1700072349\n|switch|p1a: Ogerpon|Ogerpon-Wellspring, F|100\/100\n|move|p2a: Garganacl|Iron Head|p1a: Ogerpon\n|-resisted|p1a: Ogerpon\n|-damage|p1a: Ogerpon|88\/100\n|\n|-heal|p2a: Garganacl|65\/100|[from] item: Leftovers\n|-damage|p2a: Garganacl|53\/100|[from] Salt Cure\n|upkeep\n|turn|10\n|\n|t:|1700072355\n|move|p1a: Ogerpon|Encore|p2a: Garganacl\n|-start|p2a: Garganacl|Encore\n|move|p2a: Garganacl|Iron Head|p1a: Ogerpon\n|-resisted|p1a: Ogerpon\n|-damage|p1a: Ogerpon|77\/100\n|\n|-heal|p2a: Garganacl|59\/100|[from] item: Leftovers\n|-damage|p2a: Garganacl|47\/100|[from] Salt Cure\n|upkeep\n|turn|11\n|\n|t:|1700072360\n|move|p1a: Ogerpon|Ivy Cudgel|p2a: Garganacl|[anim] Ivy Cudgel Water\n|-supereffective|p2a: Garganacl\n|-damage|p2a: Garganacl|0 fnt\n|faint|p2a: Garganacl\n|\n|upkeep\n|\n|t:|1700072366\n|switch|p2a: Iron Valiant|Iron Valiant|100\/100\n|turn|12\n|\n|t:|1700072368\n|move|p2a: Iron Valiant|Moonblast|p1a: Ogerpon\n|-damage|p1a: Ogerpon|0 fnt\n|faint|p1a: Ogerpon\n|\n|upkeep\n|\n|t:|1700072373\n|switch|p1a: Heatran|Heatran, F|100\/100\n|turn|13\n|\n|t:|1700072388\n|-end|p2a: Iron Valiant|Quark Drive|[silent]\n|switch|p2a: Iron Hands|Iron Hands|100\/100\n|-item|p2a: Iron Hands|Air Balloon\n|move|p1a: Heatran|Stealth Rock|p2a: Iron Hands\n|-sidestart|p2: FireFluo|move: Stealth Rock\n|\n|upkeep\n|turn|14\n|\n|t:|1700072407\n|switch|p1a: Weezing|Weezing-Galar, M|56\/100\n|-ability|p1a: Weezing|Neutralizing Gas\n|move|p2a: Iron Hands|Drain Punch|p1a: Weezing\n|-resisted|p1a: Weezing\n|-damage|p1a: Weezing|48\/100\n|\n|upkeep\n|turn|15\n|\n|t:|1700072414\n|move|p1a: Weezing|Strange Steam|p2a: Iron Hands\n|-supereffective|p2a: Iron Hands\n|-damage|p2a: Iron Hands|48\/100\n|-enditem|p2a: Iron Hands|Air Balloon\n|move|p2a: Iron Hands|Electric Terrain|p2a: Iron Hands\n|-fieldstart|move: Electric Terrain\n|-activate|p2a: Iron Hands|ability: Quark Drive\n|-start|p2a: Iron Hands|quarkdriveatk\n|\n|upkeep\n|turn|16\n|\n|t:|1700072418\n|move|p1a: Weezing|Strange Steam|p2a: Iron Hands\n|-supereffective|p2a: Iron Hands\n|-damage|p2a: Iron Hands|2\/100\n|move|p2a: Iron Hands|Thunder Punch|p1a: Weezing\n|-damage|p1a: Weezing|0 fnt\n|faint|p1a: Weezing\n|-end|p1a: Weezing|ability: Neutralizing Gas\n|\n|upkeep\n|\n|t:|1700072431\n|switch|p1a: Sneasler|Sneasler, M|100\/100\n|-item|p1a: Sneasler|Air Balloon\n|turn|17\n|\n|t:|1700072436\n|move|p1a: Sneasler|Dire Claw|p2a: Iron Hands\n|-damage|p2a: Iron Hands|0 fnt\n|faint|p2a: Iron Hands\n|-end|p2a: Iron Hands|Quark Drive|[silent]\n|\n|upkeep\n|\n|t:|1700072439\n|switch|p2a: Iron Valiant|Iron Valiant|100\/100\n|-damage|p2a: Iron Valiant|94\/100|[from] Stealth Rock\n|-activate|p2a: Iron Valiant|ability: Quark Drive\n|-start|p2a: Iron Valiant|quarkdrivespe\n|turn|18\n|\n|t:|1700072444\n|switch|p1a: Heatran|Heatran, F|100\/100\n|move|p2a: Iron Valiant|Psyshock|p1a: Heatran\n|-resisted|p1a: Heatran\n|-damage|p1a: Heatran|84\/100\n|\n|-heal|p1a: Heatran|90\/100|[from] item: Leftovers\n|upkeep\n|turn|19\n|\n|t:|1700072453\n|-end|p2a: Iron Valiant|Quark Drive|[silent]\n|switch|p2a: Ceruledge|Ceruledge, F|100\/100\n|-damage|p2a: Ceruledge|76\/100|[from] Stealth Rock\n|move|p1a: Heatran|Earth Power|p2a: Ceruledge\n|-supereffective|p2a: Ceruledge\n|-damage|p2a: Ceruledge|15\/100\n|\n|-heal|p1a: Heatran|97\/100|[from] item: Leftovers\n|-fieldend|move: Electric Terrain\n|upkeep\n|turn|20\n|\n|t:|1700072461\n|move|p2a: Ceruledge|Close Combat|p1a: Heatran\n|-supereffective|p1a: Heatran\n|-damage|p1a: Heatran|24\/100\n|-unboost|p2a: Ceruledge|def|1\n|-unboost|p2a: Ceruledge|spd|1\n|move|p1a: Heatran|Earth Power|p2a: Ceruledge\n|-supereffective|p2a: Ceruledge\n|-damage|p2a: Ceruledge|0 fnt\n|faint|p2a: Ceruledge\n|\n|-heal|p1a: Heatran|30\/100|[from] item: Leftovers\n|upkeep\n|\n|t:|1700072473\n|switch|p2a: Garchomp|Garchomp, M|100\/100\n|-damage|p2a: Garchomp|94\/100|[from] Stealth Rock\n|turn|21\n|\n|t:|1700072480\n|move|p2a: Garchomp|Earthquake|p1a: Heatran\n|-supereffective|p1a: Heatran\n|-damage|p1a: Heatran|0 fnt\n|faint|p1a: Heatran\n|\n|-heal|p2a: Garchomp|100\/100|[from] item: Leftovers\n|upkeep\n|\n|t:|1700072483\n|switch|p1a: Sneasler|Sneasler, M|100\/100\n|-item|p1a: Sneasler|Air Balloon\n|turn|22\n|\n|t:|1700072494\n|move|p1a: Sneasler|Swords Dance|p1a: Sneasler\n|-boost|p1a: Sneasler|atk|2\n|move|p2a: Garchomp|Scale Shot|p1a: Sneasler\n|-damage|p1a: Sneasler|77\/100\n|-enditem|p1a: Sneasler|Air Balloon\n|-damage|p1a: Sneasler|50\/100\n|-hitcount|p1a: Sneasler|2\n|-unboost|p2a: Garchomp|def|1\n|-boost|p2a: Garchomp|spe|1\n|\n|upkeep\n|turn|23\n|\n|t:|1700072506\n|move|p1a: Sneasler|Close Combat|p2a: Garchomp\n|-damage|p2a: Garchomp|0 fnt\n|-unboost|p1a: Sneasler|def|1\n|-unboost|p1a: Sneasler|spd|1\n|-damage|p1a: Sneasler|38\/100|[from] ability: Rough Skin|[of] p2a: Garchomp\n|faint|p2a: Garchomp\n|\n|upkeep\n|\n|t:|1700072514\n|switch|p2a: Iron Valiant|Iron Valiant|94\/100\n|-damage|p2a: Iron Valiant|88\/100|[from] Stealth Rock\n|turn|24\n|\n|t:|1700072518\n|-terastallize|p1a: Sneasler|Ghost\n|move|p1a: Sneasler|Shadow Claw|p2a: Iron Valiant\n|-damage|p2a: Iron Valiant|0 fnt\n|faint|p2a: Iron Valiant\n|-end|p2a: Iron Valiant|Quark Drive|[silent]\n|\n|win|doodieray\n|raw|doodieray's rating: 1472 &rarr; <strong>1487<\/strong><br \/>(+15 for winning)\n|raw|FireFluo's rating: 1380 &rarr; <strong>1365<\/strong><br \/>(-15 for losing)\n|l|\u2606FireFluo\n","uploadtime":1700072528,"views":7,"p1id":"doodieray","p2id":"firefluo","formatid":"gen9ou","rating":1365,"private":0,"password":""}