{"id":"gen9ou-1990461571","p1":"drifting dance","p2":"Oblivious134","format":"[Gen 9] OU","log":"|j|\u2606drifting dance\n|j|\u2606Oblivious134\n|t:|1699973155\n|gametype|singles\n|player|p1|drifting dance|raihan|1211\n|player|p2|Oblivious134|169|1191\n|teamsize|p1|6\n|teamsize|p2|6\n|gen|9\n|tier|[Gen 9] OU\n|rated|\n|rule|Sleep Clause Mod: Limit one foe put to sleep\n|rule|Species Clause: Limit one of each Pok\u00e9mon\n|rule|OHKO Clause: OHKO moves are banned\n|rule|Evasion Items Clause: Evasion items are banned\n|rule|Evasion Moves Clause: Evasion moves are banned\n|rule|Endless Battle Clause: Forcing endless battles is banned\n|rule|HP Percentage Mod: HP is shown in percentages\n|clearpoke\n|poke|p1|Poliwrath, M|\n|poke|p1|Pelipper, F|\n|poke|p1|Overqwil, M|\n|poke|p1|Rillaboom, F|\n|poke|p1|Iron Treads|\n|poke|p1|Zapdos|\n|poke|p2|Ribombee, F|\n|poke|p2|Great Tusk|\n|poke|p2|Gholdengo|\n|poke|p2|Manaphy|\n|poke|p2|Kingambit, F|\n|poke|p2|Iron Moth|\n|teampreview\n|\n|t:|1699973165\n|start\n|switch|p1a: hello!!!|Iron Treads|100\/100\n|switch|p2a: Ribombee|Ribombee, F|100\/100\n|turn|1\n|inactive|Battle timer is ON: inactive players will automatically lose when time's up. (requested by Oblivious134)\n|\n|t:|1699973173\n|switch|p2a: Great Tusk|Great Tusk|100\/100\n|move|p1a: hello!!!|Earth Power|p2a: Great Tusk\n|-damage|p2a: Great Tusk|50\/100\n|\n|-heal|p2a: Great Tusk|57\/100|[from] item: Leftovers\n|upkeep\n|turn|2\n|\n|t:|1699973184\n|-end|p1a: hello!!!|Quark Drive|[silent]\n|switch|p1a: CACAW!|Zapdos|100\/100\n|move|p2a: Great Tusk|Earthquake|p1a: CACAW!\n|-immune|p1a: CACAW!\n|\n|-heal|p2a: Great Tusk|63\/100|[from] item: Leftovers\n|upkeep\n|turn|3\n|\n|t:|1699973192\n|move|p1a: CACAW!|Hurricane|p2a: Great Tusk|[miss]\n|-miss|p1a: CACAW!|p2a: Great Tusk\n|move|p2a: Great Tusk|Knock Off|p1a: CACAW!\n|-damage|p1a: CACAW!|61\/100\n|-status|p2a: Great Tusk|par|[from] ability: Static|[of] p1a: CACAW!\n|-enditem|p1a: CACAW!|Heavy-Duty Boots|[from] move: Knock Off|[of] p2a: Great Tusk\n|\n|-heal|p2a: Great Tusk|69\/100 par|[from] item: Leftovers\n|upkeep\n|turn|4\n|c|\u2606drifting dance|nice\n|inactive|Oblivious134 has 120 seconds left.\n|\n|t:|1699973233\n|-end|p2a: Great Tusk|Protosynthesis|[silent]\n|switch|p2a: Ribombee|Ribombee, F|100\/100\n|move|p1a: CACAW!|Hurricane|p2a: Ribombee\n|-supereffective|p2a: Ribombee\n|-enditem|p2a: Ribombee|Focus Sash\n|-damage|p2a: Ribombee|1\/100\n|\n|upkeep\n|turn|5\n|\n|t:|1699973249\n|move|p2a: Ribombee|Sticky Web|p1a: CACAW!\n|-sidestart|p1: drifting dance|move: Sticky Web\n|move|p1a: CACAW!|Weather Ball|p2a: Ribombee\n|-damage|p2a: Ribombee|0 fnt\n|faint|p2a: Ribombee\n|\n|upkeep\n|inactive|Oblivious134 has 120 seconds left.\n|\n|t:|1699973268\n|switch|p2a: Iron Moth|Iron Moth|100\/100\n|-enditem|p2a: Iron Moth|Booster Energy\n|-activate|p2a: Iron Moth|ability: Quark Drive|[fromitem]\n|-start|p2a: Iron Moth|quarkdrivespe\n|turn|6\n|\n|t:|1699973272\n|move|p2a: Iron Moth|Substitute|p2a: Iron Moth\n|-start|p2a: Iron Moth|Substitute\n|-damage|p2a: Iron Moth|76\/100\n|move|p1a: CACAW!|Thunder|p2a: Iron Moth\n|-end|p2a: Iron Moth|Substitute\n|\n|upkeep\n|turn|7\n|\n|t:|1699973277\n|move|p2a: Iron Moth|Substitute|p2a: Iron Moth\n|-start|p2a: Iron Moth|Substitute\n|-damage|p2a: Iron Moth|51\/100\n|move|p1a: CACAW!|Thunder|p2a: Iron Moth\n|-crit|p2a: Iron Moth\n|-end|p2a: Iron Moth|Substitute\n|\n|upkeep\n|turn|8\n|\n|t:|1699973280\n|move|p2a: Iron Moth|Substitute|p2a: Iron Moth\n|-start|p2a: Iron Moth|Substitute\n|-damage|p2a: Iron Moth|26\/100\n|move|p1a: CACAW!|Thunder|p2a: Iron Moth\n|-end|p2a: Iron Moth|Substitute\n|\n|upkeep\n|turn|9\n|\n|t:|1699973284\n|move|p2a: Iron Moth|Substitute|p2a: Iron Moth\n|-start|p2a: Iron Moth|Substitute\n|-damage|p2a: Iron Moth|1\/100\n|move|p1a: CACAW!|Thunder|p2a: Iron Moth|[miss]\n|-miss|p1a: CACAW!|p2a: Iron Moth\n|\n|upkeep\n|turn|10\n|c|\u2606drifting dance|nice one\n|\n|t:|1699973297\n|move|p2a: Iron Moth|Sludge Wave|p1a: CACAW!\n|-damage|p1a: CACAW!|3\/100\n|move|p1a: CACAW!|Hurricane|p2a: Iron Moth|[miss]\n|-miss|p1a: CACAW!|p2a: Iron Moth\n|\n|upkeep\n|turn|11\n|\n|t:|1699973301\n|move|p2a: Iron Moth|Sludge Wave|p1a: CACAW!\n|-damage|p1a: CACAW!|0 fnt\n|faint|p1a: CACAW!\n|\n|upkeep\n|\n|t:|1699973304\n|switch|p1a: hello!!!|Iron Treads|100\/100\n|-activate|p1a: hello!!!|move: Sticky Web\n|-unboost|p1a: hello!!!|spe|1\n|turn|12\n|\n|t:|1699973306\n|move|p2a: Iron Moth|Fiery Dance|p1a: hello!!!\n|-supereffective|p1a: hello!!!\n|-damage|p1a: hello!!!|15\/100\n|-boost|p2a: Iron Moth|spa|1\n|move|p1a: hello!!!|Rapid Spin|p2a: Iron Moth\n|-activate|p2a: Iron Moth|move: Substitute|[damage]\n|-sideend|p1: drifting dance|Sticky Web|[from] move: Rapid Spin|[of] p1a: hello!!!\n|-boost|p1a: hello!!!|spe|1\n|\n|upkeep\n|turn|13\n|\n|t:|1699973314\n|move|p2a: Iron Moth|Fiery Dance|p1a: hello!!!\n|-supereffective|p1a: hello!!!\n|-damage|p1a: hello!!!|0 fnt\n|-boost|p2a: Iron Moth|spa|1\n|faint|p1a: hello!!!\n|-end|p1a: hello!!!|Quark Drive|[silent]\n|\n|upkeep\n|\n|t:|1699973320\n|switch|p1a: big guy|Rillaboom, F|100\/100\n|-fieldstart|move: Grassy Terrain|[from] ability: Grassy Surge|[of] p1a: big guy\n|turn|14\n|\n|t:|1699973324\n|move|p1a: big guy|Grassy Glide|p2a: Iron Moth\n|-resisted|p2a: Iron Moth\n|-crit|p2a: Iron Moth\n|-end|p2a: Iron Moth|Substitute\n|move|p2a: Iron Moth|Sludge Wave|p1a: big guy\n|-supereffective|p1a: big guy\n|-crit|p1a: big guy\n|-damage|p1a: big guy|0 fnt\n|faint|p1a: big guy\n|\n|-heal|p2a: Iron Moth|7\/100|[from] Grassy Terrain\n|upkeep\n|\n|t:|1699973328\n|switch|p1a: crimson chin|Pelipper, F|100\/100\n|-weather|RainDance|[from] ability: Drizzle|[of] p1a: crimson chin\n|turn|15\n|\n|t:|1699973333\n|-terastallize|p1a: crimson chin|Steel\n|move|p2a: Iron Moth|Sludge Wave|p1a: crimson chin\n|-immune|p1a: crimson chin\n|move|p1a: crimson chin|Surf|p2a: Iron Moth\n|-supereffective|p2a: Iron Moth\n|-damage|p2a: Iron Moth|0 fnt\n|faint|p2a: Iron Moth\n|-end|p2a: Iron Moth|Quark Drive|[silent]\n|\n|-weather|RainDance|[upkeep]\n|upkeep\n|c|\u2606drifting dance|god i hate this fucking moth\n|inactive|Oblivious134 has 120 seconds left.\n|\n|t:|1699973364\n|switch|p2a: Manaphy|Manaphy|100\/100\n|turn|16\n|\n|t:|1699973368\n|move|p2a: Manaphy|Take Heart|p2a: Manaphy\n|-boost|p2a: Manaphy|spa|1\n|-boost|p2a: Manaphy|spd|1\n|move|p1a: crimson chin|U-turn|p2a: Manaphy\n|-damage|p2a: Manaphy|94\/100\n|\n|t:|1699973370\n|switch|p1a: Way2Ev1L|Overqwil, M, shiny|100\/100|[from] U-turn\n|\n|-weather|RainDance|[upkeep]\n|-heal|p2a: Manaphy|99\/100|[from] Grassy Terrain\n|-heal|p2a: Manaphy|100\/100|[from] item: Leftovers\n|upkeep\n|turn|17\n|\n|t:|1699973381\n|move|p1a: Way2Ev1L|Gunk Shot|p2a: Manaphy\n|-damage|p2a: Manaphy|39\/100\n|-damage|p1a: Way2Ev1L|91\/100|[from] item: Life Orb\n|move|p2a: Manaphy|Acid Armor|p2a: Manaphy\n|-boost|p2a: Manaphy|def|2\n|\n|-weather|RainDance|[upkeep]\n|-heal|p1a: Way2Ev1L|97\/100|[from] Grassy Terrain\n|-heal|p2a: Manaphy|46\/100|[from] Grassy Terrain\n|-heal|p2a: Manaphy|52\/100|[from] item: Leftovers\n|upkeep\n|turn|18\n|-message|drifting dance forfeited.\n|\n|win|Oblivious134\n|raw|drifting dance's rating: 1211 &rarr; <strong>1185<\/strong><br \/>(-26 for losing)\n|raw|Oblivious134's rating: 1191 &rarr; <strong>1217<\/strong><br \/>(+26 for winning)\n|l|\u2606drifting dance\n","uploadtime":1699973337,"views":7,"p1id":"driftingdance","p2id":"oblivious134","formatid":"gen9ou","rating":1185,"private":0,"password":""}