{"id":"gen9ou-1992291520","p1":"Light Rey","p2":"KrokanteLul","format":"[Gen 9] OU","log":"|j|\u2606Light Rey\n|j|\u2606KrokanteLul\n|t:|1700171522\n|gametype|singles\n|player|p1|Light Rey|giovanni|1245\n|player|p2|KrokanteLul|crasherwake|1195\n|teamsize|p1|6\n|teamsize|p2|6\n|gen|9\n|tier|[Gen 9] OU\n|rated|\n|rule|Sleep Clause Mod: Limit one foe put to sleep\n|rule|Species Clause: Limit one of each Pok\u00e9mon\n|rule|OHKO Clause: OHKO moves are banned\n|rule|Evasion Items Clause: Evasion items are banned\n|rule|Evasion Moves Clause: Evasion moves are banned\n|rule|Endless Battle Clause: Forcing endless battles is banned\n|rule|HP Percentage Mod: HP is shown in percentages\n|clearpoke\n|poke|p1|Breloom, M|\n|poke|p1|Iron Treads|\n|poke|p1|Enamorus-Therian, F|\n|poke|p1|Spidops, M|\n|poke|p1|Arcanine-Hisui, M|\n|poke|p1|Gholdengo|\n|poke|p2|Maushold-Four|\n|poke|p2|Gholdengo|\n|poke|p2|Garganacl, M|\n|poke|p2|Gardevoir, F|\n|poke|p2|Ursaluna, F|\n|poke|p2|Iron Valiant|\n|teampreview\n|inactive|Battle timer is ON: inactive players will automatically lose when time's up. (requested by Light Rey)\n|\n|t:|1700171538\n|start\n|switch|p1a: Spidops|Spidops, M|100\/100\n|switch|p2a: Maushold|Maushold-Four|100\/100\n|turn|1\n|\n|t:|1700171546\n|move|p2a: Maushold|Tidy Up|p2a: Maushold\n|-boost|p2a: Maushold|atk|1\n|-boost|p2a: Maushold|spe|1\n|move|p1a: Spidops|Circle Throw|p2a: Maushold\n|-supereffective|p2a: Maushold\n|-damage|p2a: Maushold|65\/100\n|drag|p2a: Garganacl|Garganacl, M|100\/100\n|\n|upkeep\n|turn|2\n|\n|t:|1700171554\n|move|p1a: Spidops|Sticky Web|p2a: Garganacl\n|-sidestart|p2: KrokanteLul|move: Sticky Web\n|move|p2a: Garganacl|Salt Cure|p1a: Spidops\n|-supereffective|p1a: Spidops\n|-damage|p1a: Spidops|78\/100\n|-start|p1a: Spidops|Salt Cure\n|\n|-damage|p1a: Spidops|66\/100|[from] Salt Cure\n|upkeep\n|turn|3\n|\n|t:|1700171569\n|move|p1a: Spidops|Toxic Spikes|p2a: Garganacl\n|-sidestart|p2: KrokanteLul|move: Toxic Spikes\n|move|p2a: Garganacl|Body Press|p1a: Spidops\n|-resisted|p1a: Spidops\n|-damage|p1a: Spidops|54\/100\n|\n|-damage|p1a: Spidops|42\/100|[from] Salt Cure\n|upkeep\n|turn|4\n|\n|t:|1700171576\n|switch|p2a: Maushold|Maushold-Four|65\/100\n|-activate|p2a: Maushold|move: Sticky Web\n|-unboost|p2a: Maushold|spe|1\n|-status|p2a: Maushold|psn\n|move|p1a: Spidops|Toxic Spikes|p2a: Maushold\n|-sidestart|p2: KrokanteLul|move: Toxic Spikes\n|\n|-damage|p2a: Maushold|53\/100 psn|[from] psn\n|-damage|p1a: Spidops|29\/100|[from] Salt Cure\n|upkeep\n|turn|5\n|\n|t:|1700171590\n|move|p2a: Maushold|Tidy Up|p2a: Maushold\n|-sideend|p2: KrokanteLul|Toxic Spikes\n|-sideend|p2: KrokanteLul|Sticky Web\n|-activate|p2a: Maushold|move: Tidy Up\n|-boost|p2a: Maushold|atk|1\n|-boost|p2a: Maushold|spe|1\n|move|p1a: Spidops|Circle Throw|p2a: Maushold\n|-supereffective|p2a: Maushold\n|-crit|p2a: Maushold\n|-damage|p2a: Maushold|0 fnt\n|faint|p2a: Maushold\n|\n|-damage|p1a: Spidops|17\/100|[from] Salt Cure\n|upkeep\n|\n|t:|1700171599\n|switch|p2a: Gholdengo|Gholdengo|100\/100\n|turn|6\n|\n|t:|1700171607\n|move|p2a: Gholdengo|Shadow Ball|p1a: Spidops\n|-damage|p1a: Spidops|0 fnt\n|faint|p1a: Spidops\n|\n|upkeep\n|\n|t:|1700171620\n|switch|p1a: Iron Treads|Iron Treads|100\/100\n|turn|7\n|\n|t:|1700171640\n|switch|p2a: Garganacl|Garganacl, M|100\/100\n|move|p1a: Iron Treads|Knock Off|p2a: Garganacl\n|-damage|p2a: Garganacl|87\/100\n|-enditem|p2a: Garganacl|Leftovers|[from] move: Knock Off|[of] p1a: Iron Treads\n|\n|upkeep\n|turn|8\n|inactive|KrokanteLul has 120 seconds left.\n|\n|t:|1700171666\n|-terastallize|p2a: Garganacl|Fairy\n|move|p1a: Iron Treads|Earthquake|p2a: Garganacl\n|-damage|p2a: Garganacl|67\/100\n|move|p2a: Garganacl|Iron Defense|p2a: Garganacl\n|-boost|p2a: Garganacl|def|2\n|\n|upkeep\n|turn|9\n|\n|t:|1700171674\n|move|p1a: Iron Treads|Volt Switch|p2a: Garganacl\n|-damage|p2a: Garganacl|57\/100\n|\n|t:|1700171677\n|-end|p1a: Iron Treads|Quark Drive|[silent]\n|switch|p1a: Gholdengo|Gholdengo|100\/100|[from] Volt Switch\n|move|p2a: Garganacl|Salt Cure|p1a: Gholdengo\n|-resisted|p1a: Gholdengo\n|-damage|p1a: Gholdengo|93\/100\n|-start|p1a: Gholdengo|Salt Cure\n|\n|-damage|p1a: Gholdengo|68\/100|[from] Salt Cure\n|upkeep\n|turn|10\n|\n|t:|1700171690\n|switch|p2a: Gholdengo|Gholdengo|100\/100\n|move|p1a: Gholdengo|Make It Rain|p2a: Gholdengo\n|-resisted|p2a: Gholdengo\n|-damage|p2a: Gholdengo|63\/100\n|-unboost|p1a: Gholdengo|spa|1\n|\n|-damage|p1a: Gholdengo|43\/100|[from] Salt Cure\n|upkeep\n|turn|11\n|\n|t:|1700171698\n|switch|p1a: Iron Treads|Iron Treads|100\/100\n|move|p2a: Gholdengo|Shadow Ball|p1a: Iron Treads\n|-damage|p1a: Iron Treads|65\/100\n|-unboost|p1a: Iron Treads|spd|1\n|\n|upkeep\n|turn|12\n|\n|t:|1700171707\n|switch|p2a: Garganacl|Garganacl, M, tera:Fairy|57\/100\n|move|p1a: Iron Treads|Earthquake|p2a: Garganacl\n|-damage|p2a: Garganacl|36\/100\n|\n|upkeep\n|turn|13\n|\n|t:|1700171716\n|move|p1a: Iron Treads|Volt Switch|p2a: Garganacl\n|-damage|p2a: Garganacl|25\/100\n|\n|t:|1700171718\n|-end|p1a: Iron Treads|Quark Drive|[silent]\n|switch|p1a: Enamorus|Enamorus-Therian, F, shiny|100\/100|[from] Volt Switch\n|move|p2a: Garganacl|Recover|p2a: Garganacl\n|-heal|p2a: Garganacl|75\/100\n|\n|upkeep\n|turn|14\n|\n|t:|1700171728\n|move|p1a: Enamorus|Agility|p1a: Enamorus\n|-boost|p1a: Enamorus|spe|2\n|move|p2a: Garganacl|Salt Cure|p1a: Enamorus\n|-supereffective|p1a: Enamorus\n|-damage|p1a: Enamorus|71\/100\n|-start|p1a: Enamorus|Salt Cure\n|-enditem|p1a: Enamorus|Weakness Policy\n|-boost|p1a: Enamorus|atk|2|[from] item: Weakness Policy\n|-boost|p1a: Enamorus|spa|2|[from] item: Weakness Policy\n|\n|-damage|p1a: Enamorus|59\/100|[from] Salt Cure\n|upkeep\n|turn|15\n|\n|t:|1700171736\n|move|p1a: Enamorus|Moonblast|p2a: Garganacl\n|-damage|p2a: Garganacl|0 fnt\n|faint|p2a: Garganacl\n|\n|-damage|p1a: Enamorus|47\/100|[from] Salt Cure\n|upkeep\n|\n|t:|1700171757\n|switch|p2a: Gardevoir|Gardevoir, F|100\/100\n|-ability|p2a: Gardevoir|Overcoat|[from] ability: Trace|[of] p1a: Enamorus\n|turn|16\n|\n|t:|1700171765\n|move|p1a: Enamorus|Moonblast|p2a: Gardevoir\n|-damage|p2a: Gardevoir|27\/100\n|move|p2a: Gardevoir|Trick Room|p2a: Gardevoir\n|-fieldstart|move: Trick Room|[of] p2a: Gardevoir\n|\n|-heal|p2a: Gardevoir|33\/100|[from] item: Leftovers\n|-damage|p1a: Enamorus|34\/100|[from] Salt Cure\n|upkeep\n|turn|17\n|\n|t:|1700171779\n|move|p2a: Gardevoir|Draining Kiss|p1a: Enamorus\n|-damage|p1a: Enamorus|11\/100\n|-heal|p2a: Gardevoir|48\/100|[from] drain|[of] p1a: Enamorus\n|move|p1a: Enamorus|Moonblast|p2a: Gardevoir\n|-damage|p2a: Gardevoir|0 fnt\n|faint|p2a: Gardevoir\n|\n|-damage|p1a: Enamorus|0 fnt|[from] Salt Cure\n|faint|p1a: Enamorus\n|upkeep\n|\n|t:|1700171793\n|switch|p1a: Breloom|Breloom, M, shiny|100\/100\n|switch|p2a: Ursaluna|Ursaluna, F|100\/100\n|turn|18\n|\n|t:|1700171817\n|-terastallize|p1a: Breloom|Grass\n|move|p2a: Ursaluna|Drain Punch|p1a: Breloom\n|-damage|p1a: Breloom|53\/100\n|move|p1a: Breloom|Bullet Seed|p2a: Ursaluna\n|-supereffective|p2a: Ursaluna\n|-damage|p2a: Ursaluna|63\/100\n|-supereffective|p2a: Ursaluna\n|-damage|p2a: Ursaluna|22\/100\n|-supereffective|p2a: Ursaluna\n|-damage|p2a: Ursaluna|0 fnt\n|faint|p2a: Ursaluna\n|-hitcount|p2: Ursaluna|3\n|\n|upkeep\n|inactive|KrokanteLul has 120 seconds left.\n|\n|t:|1700171834\n|switch|p2a: Gholdengo|Gholdengo|63\/100\n|turn|19\n|\n|t:|1700171842\n|move|p1a: Breloom|Bullet Seed|p2a: Gholdengo\n|-resisted|p2a: Gholdengo\n|-damage|p2a: Gholdengo|47\/100\n|-resisted|p2a: Gholdengo\n|-damage|p2a: Gholdengo|33\/100\n|-resisted|p2a: Gholdengo\n|-damage|p2a: Gholdengo|17\/100\n|-resisted|p2a: Gholdengo\n|-damage|p2a: Gholdengo|2\/100\n|-resisted|p2a: Gholdengo\n|-damage|p2a: Gholdengo|0 fnt\n|faint|p2a: Gholdengo\n|-hitcount|p2: Gholdengo|5\n|\n|upkeep\n|\n|t:|1700171849\n|switch|p2a: Iron Valiant|Iron Valiant|100\/100\n|-enditem|p2a: Iron Valiant|Booster Energy\n|-activate|p2a: Iron Valiant|ability: Quark Drive|[fromitem]\n|-start|p2a: Iron Valiant|quarkdrivespe\n|turn|20\n|c|\u2606Light Rey|gg\n|\n|t:|1700171857\n|move|p1a: Breloom|Bullet Seed|p2a: Iron Valiant\n|-damage|p2a: Iron Valiant|65\/100\n|-damage|p2a: Iron Valiant|34\/100\n|-damage|p2a: Iron Valiant|1\/100\n|-damage|p2a: Iron Valiant|0 fnt\n|faint|p2a: Iron Valiant\n|-end|p2a: Iron Valiant|Quark Drive|[silent]\n|-hitcount|p2: Iron Valiant|4\n|\n|win|Light Rey\n|raw|Light Rey's rating: 1245 &rarr; <strong>1266<\/strong><br \/>(+21 for winning)\n|raw|KrokanteLul's rating: 1195 &rarr; <strong>1174<\/strong><br \/>(-21 for losing)\n|c|\u2606KrokanteLul|Gg\n","uploadtime":1700171866,"views":9,"p1id":"lightrey","p2id":"krokantelul","formatid":"gen9ou","rating":1174,"private":0,"password":""}