{"id":"gen9ou-1990917676","p1":"Pelor4242","p2":"Potayo","format":"[Gen 9] OU","log":"|j|\u2606Pelor4242\n|j|\u2606Potayo\n|t:|1700014952\n|gametype|singles\n|player|p1|Pelor4242|266|1312\n|player|p2|Potayo|101|1425\n|teamsize|p1|6\n|teamsize|p2|6\n|gen|9\n|tier|[Gen 9] OU\n|rated|\n|rule|Sleep Clause Mod: Limit one foe put to sleep\n|rule|Species Clause: Limit one of each Pok\u00e9mon\n|rule|OHKO Clause: OHKO moves are banned\n|rule|Evasion Items Clause: Evasion items are banned\n|rule|Evasion Moves Clause: Evasion moves are banned\n|rule|Endless Battle Clause: Forcing endless battles is banned\n|rule|HP Percentage Mod: HP is shown in percentages\n|clearpoke\n|poke|p1|Dragapult, M|\n|poke|p1|Heatran, M|\n|poke|p1|Iron Valiant|\n|poke|p1|Garchomp, M|\n|poke|p1|Corviknight, M|\n|poke|p1|Sneasler, F|\n|poke|p2|Slowbro, M|\n|poke|p2|Kingambit, F|\n|poke|p2|Ditto|\n|poke|p2|Great Tusk|\n|poke|p2|Dragapult, M|\n|poke|p2|Enamorus, F|\n|teampreview\n|j| Mazer.joshuayydydy\n|\n|t:|1700014967\n|start\n|switch|p1a: Purple Haze|Sneasler, F|100\/100\n|switch|p2a: Slowbro|Slowbro, M|100\/100\n|turn|1\n|l| Mazer.joshuayydydy\n|\n|t:|1700014987\n|switch|p2a: Great Tusk|Great Tusk|100\/100\n|move|p1a: Purple Haze|Fake Out|p2a: Great Tusk\n|-damage|p2a: Great Tusk|88\/100\n|-damage|p1a: Purple Haze|91\/100|[from] item: Life Orb\n|\n|-heal|p2a: Great Tusk|95\/100|[from] item: Leftovers\n|upkeep\n|turn|2\n|\n|t:|1700015008\n|move|p1a: Purple Haze|U-turn|p2a: Great Tusk\n|-resisted|p2a: Great Tusk\n|-damage|p2a: Great Tusk|84\/100\n|-status|p2a: Great Tusk|psn|[from] ability: Poison Touch|[of] p1a: Purple Haze\n|-damage|p1a: Purple Haze|81\/100|[from] item: Life Orb\n|\n|t:|1700015030\n|switch|p1a: Silver Chariot|Corviknight, M|100\/100|[from] U-turn\n|-ability|p1a: Silver Chariot|Pressure\n|move|p2a: Great Tusk|Ice Spinner|p1a: Silver Chariot\n|-damage|p1a: Silver Chariot|87\/100\n|-damage|p2a: Great Tusk|68\/100 psn|[from] item: Rocky Helmet|[of] p1a: Silver Chariot\n|\n|-heal|p2a: Great Tusk|74\/100 psn|[from] item: Leftovers\n|-damage|p2a: Great Tusk|61\/100 psn|[from] psn\n|upkeep\n|turn|3\n|\n|t:|1700015042\n|-end|p2a: Great Tusk|Protosynthesis|[silent]\n|switch|p2a: Ditto|Ditto|100\/100\n|-transform|p2a: Ditto|p1a: Silver Chariot|[from] ability: Imposter\n|-ability|p2a: Ditto|Pressure\n|move|p1a: Silver Chariot|U-turn|p2a: Ditto\n|-resisted|p2a: Ditto\n|-damage|p2a: Ditto|98\/100\n|\n|t:|1700015050\n|switch|p1a: Eruption|Heatran, M|100\/100|[from] U-turn\n|\n|upkeep\n|turn|4\n|\n|t:|1700015068\n|switch|p2a: Dragapult|Dragapult, M|100\/100\n|move|p1a: Eruption|Magma Storm|p2a: Dragapult\n|-resisted|p2a: Dragapult\n|-damage|p2a: Dragapult|59\/100\n|-activate|p2a: Dragapult|move: Magma Storm|[of] p1a: Eruption\n|\n|-damage|p2a: Dragapult|47\/100|[from] move: Magma Storm|[partiallytrapped]\n|upkeep\n|turn|5\n|inactive|Battle timer is ON: inactive players will automatically lose when time's up. (requested by Potayo)\n|\n|t:|1700015099\n|move|p2a: Dragapult|Shadow Ball|p1a: Eruption\n|-damage|p1a: Eruption|70\/100\n|move|p1a: Eruption|Flash Cannon|p2a: Dragapult\n|-damage|p2a: Dragapult|0 fnt\n|faint|p2a: Dragapult\n|\n|upkeep\n|\n|t:|1700015117\n|switch|p2a: Enamorus|Enamorus, F|100\/100\n|turn|6\n|\n|t:|1700015124\n|-terastallize|p1a: Eruption|Grass\n|move|p2a: Enamorus|Earth Power|p1a: Eruption\n|-resisted|p1a: Eruption\n|-damage|p1a: Eruption|59\/100\n|-damage|p2a: Enamorus|91\/100|[from] item: Life Orb\n|move|p1a: Eruption|Flash Cannon|p2a: Enamorus\n|-supereffective|p2a: Enamorus\n|-damage|p2a: Enamorus|0 fnt\n|faint|p2a: Enamorus\n|\n|upkeep\n|\n|t:|1700015135\n|switch|p2a: Great Tusk|Great Tusk|61\/100 psn\n|turn|7\n|\n|t:|1700015137\n|move|p2a: Great Tusk|Ice Spinner|p1a: Eruption\n|-supereffective|p1a: Eruption\n|-crit|p1a: Eruption\n|-damage|p1a: Eruption|2\/100\n|move|p1a: Eruption|Tera Blast|p2a: Great Tusk|[anim] Tera Blast Grass\n|-supereffective|p2a: Great Tusk\n|-damage|p2a: Great Tusk|0 fnt\n|faint|p2a: Great Tusk\n|-end|p2a: Great Tusk|Protosynthesis|[silent]\n|\n|upkeep\n|\n|t:|1700015141\n|switch|p2a: Ditto|Ditto|98\/100\n|-transform|p2a: Ditto|p1a: Eruption|[from] ability: Imposter\n|-start|p2a: Ditto|typechange|Fire\/Steel|[silent]\n|turn|8\n|\n|t:|1700015144\n|move|p2a: Ditto|Flash Cannon|p1a: Eruption\n|-damage|p1a: Eruption|0 fnt\n|faint|p1a: Eruption\n|\n|upkeep\n|\n|t:|1700015149\n|switch|p1a: Tubareba|Garchomp, M|100\/100\n|turn|9\n|\n|t:|1700015153\n|switch|p2a: Slowbro|Slowbro, M|100\/100\n|move|p1a: Tubareba|Earthquake|p2a: Slowbro\n|-damage|p2a: Slowbro|70\/100\n|\n|-heal|p2a: Slowbro|76\/100|[from] item: Leftovers\n|upkeep\n|turn|10\n|\n|t:|1700015158\n|switch|p1a: Silver Chariot|Corviknight, M|87\/100\n|-ability|p1a: Silver Chariot|Pressure\n|move|p2a: Slowbro|Calm Mind|p2a: Slowbro\n|-boost|p2a: Slowbro|spa|1\n|-boost|p2a: Slowbro|spd|1\n|\n|-heal|p2a: Slowbro|82\/100|[from] item: Leftovers\n|upkeep\n|turn|11\n|\n|t:|1700015171\n|move|p1a: Silver Chariot|U-turn|p2a: Slowbro\n|-supereffective|p2a: Slowbro\n|-damage|p2a: Slowbro|65\/100\n|\n|t:|1700015175\n|switch|p1a: Plane|Dragapult, M|100\/100|[from] U-turn\n|move|p2a: Slowbro|Calm Mind|p2a: Slowbro\n|-boost|p2a: Slowbro|spa|1\n|-boost|p2a: Slowbro|spd|1\n|\n|-heal|p2a: Slowbro|72\/100|[from] item: Leftovers\n|upkeep\n|turn|12\n|inactive|Pelor4242 has 120 seconds left.\n|\n|t:|1700015212\n|-terastallize|p2a: Slowbro|Water\n|move|p1a: Plane|U-turn|p2a: Slowbro\n|-damage|p2a: Slowbro|50\/100\n|\n|t:|1700015218\n|switch|p1a: Purple Haze|Sneasler, F|81\/100|[from] U-turn\n|move|p2a: Slowbro|Slack Off|p2a: Slowbro\n|-heal|p2a: Slowbro|99\/100\n|\n|-heal|p2a: Slowbro|100\/100|[from] item: Leftovers\n|upkeep\n|turn|13\n|\n|t:|1700015228\n|move|p1a: Purple Haze|Fake Out|p2a: Slowbro\n|-damage|p2a: Slowbro|89\/100\n|-status|p2a: Slowbro|psn|[from] ability: Poison Touch|[of] p1a: Purple Haze\n|-damage|p1a: Purple Haze|71\/100|[from] item: Life Orb\n|cant|p2a: Slowbro|flinch\n|\n|-heal|p2a: Slowbro|95\/100 psn|[from] item: Leftovers\n|-damage|p2a: Slowbro|83\/100 psn|[from] psn\n|upkeep\n|turn|14\n|\n|t:|1700015232\n|move|p1a: Purple Haze|Dire Claw|p2a: Slowbro\n|-damage|p2a: Slowbro|54\/100 psn\n|-damage|p1a: Purple Haze|61\/100|[from] item: Life Orb\n|move|p2a: Slowbro|Scald|p1a: Purple Haze\n|-damage|p1a: Purple Haze|0 fnt\n|faint|p1a: Purple Haze\n|\n|-heal|p2a: Slowbro|60\/100 psn|[from] item: Leftovers\n|-damage|p2a: Slowbro|48\/100 psn|[from] psn\n|upkeep\n|\n|t:|1700015240\n|switch|p1a: Excalibot|Iron Valiant|100\/100\n|-enditem|p1a: Excalibot|Booster Energy\n|-activate|p1a: Excalibot|ability: Quark Drive|[fromitem]\n|-start|p1a: Excalibot|quarkdrivespe\n|turn|15\n|\n|t:|1700015244\n|move|p1a: Excalibot|Thunderbolt|p2a: Slowbro\n|-supereffective|p2a: Slowbro\n|-damage|p2a: Slowbro|18\/100 psn\n|move|p2a: Slowbro|Slack Off|p2a: Slowbro\n|-heal|p2a: Slowbro|68\/100 psn\n|\n|-heal|p2a: Slowbro|74\/100 psn|[from] item: Leftovers\n|-damage|p2a: Slowbro|62\/100 psn|[from] psn\n|upkeep\n|turn|16\n|\n|t:|1700015257\n|move|p1a: Excalibot|Close Combat|p2a: Slowbro\n|-damage|p2a: Slowbro|33\/100 psn\n|-unboost|p1a: Excalibot|def|1\n|-unboost|p1a: Excalibot|spd|1\n|move|p2a: Slowbro|Slack Off|p2a: Slowbro\n|-heal|p2a: Slowbro|83\/100 psn\n|\n|-heal|p2a: Slowbro|90\/100 psn|[from] item: Leftovers\n|-damage|p2a: Slowbro|77\/100 psn|[from] psn\n|upkeep\n|turn|17\n|\n|t:|1700015268\n|-end|p1a: Excalibot|Quark Drive|[silent]\n|switch|p1a: Tubareba|Garchomp, M|100\/100\n|move|p2a: Slowbro|Scald|p1a: Tubareba\n|-crit|p1a: Tubareba\n|-damage|p1a: Tubareba|0 fnt\n|faint|p1a: Tubareba\n|\n|-heal|p2a: Slowbro|83\/100 psn|[from] item: Leftovers\n|-damage|p2a: Slowbro|71\/100 psn|[from] psn\n|upkeep\n|\n|t:|1700015271\n|switch|p1a: Plane|Dragapult, M|100\/100\n|turn|18\n|\n|t:|1700015276\n|move|p1a: Plane|Dragon Darts|p2a: Slowbro\n|-damage|p2a: Slowbro|48\/100 psn\n|-anim|p1a: Plane|Dragon Darts|p2a: Slowbro\n|-damage|p2a: Slowbro|24\/100 psn\n|move|p2a: Slowbro|Slack Off|p2a: Slowbro\n|-heal|p2a: Slowbro|74\/100 psn\n|\n|-heal|p2a: Slowbro|80\/100 psn|[from] item: Leftovers\n|-damage|p2a: Slowbro|68\/100 psn|[from] psn\n|upkeep\n|turn|19\n|\n|t:|1700015284\n|move|p1a: Plane|Dragon Darts|p2a: Slowbro\n|-damage|p2a: Slowbro|47\/100 psn\n|-anim|p1a: Plane|Dragon Darts|p2a: Slowbro\n|-damage|p2a: Slowbro|27\/100 psn\n|move|p2a: Slowbro|Scald|p1a: Plane\n|-resisted|p1a: Plane\n|-damage|p1a: Plane|53\/100\n|\n|-heal|p2a: Slowbro|33\/100 psn|[from] item: Leftovers\n|-damage|p2a: Slowbro|21\/100 psn|[from] psn\n|upkeep\n|turn|20\n|\n|t:|1700015294\n|move|p1a: Plane|Dragon Darts|p2a: Slowbro\n|-damage|p2a: Slowbro|0 fnt\n|faint|p2a: Slowbro\n|\n|upkeep\n|\n|t:|1700015298\n|switch|p2a: Ditto|Ditto|98\/100\n|-transform|p2a: Ditto|p1a: Plane|[from] ability: Imposter\n|turn|21\n|\n|t:|1700015306\n|switch|p1a: Silver Chariot|Corviknight, M|87\/100\n|-ability|p1a: Silver Chariot|Pressure\n|move|p2a: Ditto|U-turn|p1a: Silver Chariot\n|-resisted|p1a: Silver Chariot\n|-damage|p1a: Silver Chariot|84\/100\n|-damage|p2a: Ditto|81\/100|[from] item: Rocky Helmet|[of] p1a: Silver Chariot\n|\n|t:|1700015309\n|switch|p2a: Kingambit|Kingambit, F|100\/100|[from] U-turn\n|-activate|p2a: Kingambit|ability: Supreme Overlord\n|-start|p2a: Kingambit|fallen4|[silent]\n|\n|upkeep\n|turn|22\n|\n|t:|1700015315\n|-end|p2a: Kingambit|fallen4|[silent]\n|switch|p2a: Ditto|Ditto|81\/100\n|-transform|p2a: Ditto|p1a: Silver Chariot|[from] ability: Imposter\n|-ability|p2a: Ditto|Pressure\n|move|p1a: Silver Chariot|Body Press|p2a: Ditto\n|-damage|p2a: Ditto|61\/100\n|\n|upkeep\n|turn|23\n|\n|t:|1700015323\n|move|p2a: Ditto|Body Press|p1a: Silver Chariot\n|-damage|p1a: Silver Chariot|67\/100\n|-damage|p2a: Ditto|45\/100|[from] item: Rocky Helmet|[of] p1a: Silver Chariot\n|move|p1a: Silver Chariot|Roost|p1a: Silver Chariot\n|-heal|p1a: Silver Chariot|100\/100\n|-singleturn|p1a: Silver Chariot|move: Roost\n|\n|upkeep\n|turn|24\n|\n|t:|1700015326\n|move|p2a: Ditto|Body Press|p1a: Silver Chariot\n|-damage|p1a: Silver Chariot|85\/100\n|-damage|p2a: Ditto|29\/100|[from] item: Rocky Helmet|[of] p1a: Silver Chariot\n|move|p1a: Silver Chariot|U-turn|p2a: Ditto\n|-resisted|p2a: Ditto\n|-damage|p2a: Ditto|26\/100\n|\n|t:|1700015334\n|switch|p1a: Excalibot|Iron Valiant|100\/100|[from] U-turn\n|\n|upkeep\n|turn|25\n|\n|t:|1700015338\n|move|p1a: Excalibot|Thunderbolt|p2a: Ditto\n|-supereffective|p2a: Ditto\n|-damage|p2a: Ditto|0 fnt\n|faint|p2a: Ditto\n|\n|upkeep\n|\n|t:|1700015340\n|switch|p2a: Kingambit|Kingambit, F|100\/100\n|-activate|p2a: Kingambit|ability: Supreme Overlord\n|-start|p2a: Kingambit|fallen5|[silent]\n|turn|26\n|\n|t:|1700015345\n|move|p1a: Excalibot|Close Combat|p2a: Kingambit\n|-supereffective|p2a: Kingambit\n|-damage|p2a: Kingambit|0 fnt\n|-unboost|p1a: Excalibot|def|1\n|-unboost|p1a: Excalibot|spd|1\n|faint|p2a: Kingambit\n|-end|p2a: Kingambit|fallen5|[silent]\n|\n|win|Pelor4242\n|raw|Pelor4242's rating: 1312 &rarr; <strong>1338<\/strong><br \/>(+26 for winning)\n|raw|Potayo's rating: 1425 &rarr; <strong>1399<\/strong><br \/>(-26 for losing)\n|l|\u2606Potayo\n","uploadtime":1700015350,"views":15,"p1id":"pelor4242","p2id":"potayo","formatid":"gen9ou","rating":1338,"private":0,"password":""}