{"id":"gen9ou-1991862151","p1":"red violet blue","p2":"opolino","format":"[Gen 9] OU","log":"|j|\u2606red violet blue\n|j|\u2606opolino\n|t:|1700130100\n|gametype|singles\n|player|p1|red violet blue|101|1548\n|player|p2|opolino|266|1520\n|teamsize|p1|6\n|teamsize|p2|6\n|gen|9\n|tier|[Gen 9] OU\n|rated|\n|rule|Sleep Clause Mod: Limit one foe put to sleep\n|rule|Species Clause: Limit one of each Pok\u00e9mon\n|rule|OHKO Clause: OHKO moves are banned\n|rule|Evasion Items Clause: Evasion items are banned\n|rule|Evasion Moves Clause: Evasion moves are banned\n|rule|Endless Battle Clause: Forcing endless battles is banned\n|rule|HP Percentage Mod: HP is shown in percentages\n|clearpoke\n|poke|p1|Rillaboom, F|\n|poke|p1|Sneasler, M|\n|poke|p1|Samurott-Hisui, F|\n|poke|p1|Ogerpon-Cornerstone, F|\n|poke|p1|Great Tusk|\n|poke|p1|Iron Moth|\n|poke|p2|Gholdengo|\n|poke|p2|Samurott-Hisui, F|\n|poke|p2|Zapdos|\n|poke|p2|Landorus-Therian, M|\n|poke|p2|Kingambit, M|\n|poke|p2|Iron Treads|\n|teampreview\n|inactive|Battle timer is ON: inactive players will automatically lose when time's up. (requested by red violet blue)\n|\n|t:|1700130105\n|start\n|switch|p1a: Samurott|Samurott-Hisui, F|100\/100\n|switch|p2a: Samurott|Samurott-Hisui, F, shiny|100\/100\n|turn|1\n|\n|t:|1700130110\n|move|p2a: Samurott|Flip Turn|p1a: Samurott\n|-resisted|p1a: Samurott\n|-damage|p1a: Samurott|82\/100\n|\n|t:|1700130117\n|switch|p2a: Zapdos|Zapdos|100\/100|[from] Flip Turn\n|move|p1a: Samurott|Ceaseless Edge|p2a: Zapdos\n|-damage|p2a: Zapdos|69\/100\n|-status|p1a: Samurott|par|[from] ability: Static|[of] p2a: Zapdos\n|-sidestart|p2: opolino|Spikes\n|\n|upkeep\n|turn|2\n|\n|t:|1700130133\n|move|p2a: Zapdos|Discharge|p1a: Samurott\n|-supereffective|p1a: Samurott\n|-damage|p1a: Samurott|0 fnt\n|faint|p1a: Samurott\n|\n|upkeep\n|\n|t:|1700130139\n|switch|p1a: Ogerpon|Ogerpon-Cornerstone, F|100\/100\n|turn|3\n|\n|t:|1700130145\n|switch|p2a: KING|Landorus-Therian, M|100\/100\n|-ability|p2a: KING|Intimidate|boost\n|-unboost|p1a: Ogerpon|atk|1\n|move|p1a: Ogerpon|Ivy Cudgel|p2a: KING|[anim] Ivy Cudgel Rock\n|-damage|p2a: KING|56\/100\n|\n|upkeep\n|turn|4\n|\n|t:|1700130155\n|switch|p1a: Rillaboom|Rillaboom, F|100\/100\n|-fieldstart|move: Grassy Terrain|[from] ability: Grassy Surge|[of] p1a: Rillaboom\n|move|p2a: KING|Stealth Rock|p1a: Rillaboom\n|-sidestart|p1: red violet blue|move: Stealth Rock\n|\n|upkeep\n|turn|5\n|\n|t:|1700130164\n|switch|p2a: Zapdos|Zapdos|69\/100\n|move|p1a: Rillaboom|U-turn|p2a: Zapdos\n|-resisted|p2a: Zapdos\n|-damage|p2a: Zapdos|60\/100\n|\n|t:|1700130169\n|switch|p1a: Ogerpon|Ogerpon-Cornerstone, F|100\/100|[from] U-turn\n|-damage|p1a: Ogerpon|88\/100|[from] Stealth Rock\n|\n|-heal|p1a: Ogerpon|94\/100|[from] Grassy Terrain\n|upkeep\n|turn|6\n|\n|t:|1700130173\n|move|p1a: Ogerpon|Ivy Cudgel|p2a: Zapdos|[anim] Ivy Cudgel Rock\n|-supereffective|p2a: Zapdos\n|-damage|p2a: Zapdos|0 fnt\n|faint|p2a: Zapdos\n|\n|-heal|p1a: Ogerpon|99\/100|[from] Grassy Terrain\n|upkeep\n|\n|t:|1700130180\n|switch|p2a: Kingambit|Kingambit, M|100\/100\n|-damage|p2a: Kingambit|88\/100|[from] Spikes\n|-activate|p2a: Kingambit|ability: Supreme Overlord\n|-start|p2a: Kingambit|fallen1|[silent]\n|turn|7\n|\n|t:|1700130183\n|move|p1a: Ogerpon|Low Kick|p2a: Kingambit\n|-supereffective|p2a: Kingambit\n|-damage|p2a: Kingambit|0 fnt\n|faint|p2a: Kingambit\n|-end|p2a: Kingambit|fallen1|[silent]\n|\n|-heal|p1a: Ogerpon|100\/100|[from] Grassy Terrain\n|upkeep\n|\n|t:|1700130190\n|switch|p2a: Gholdengo|Gholdengo|100\/100\n|-item|p2a: Gholdengo|Air Balloon\n|turn|8\n|\n|t:|1700130197\n|move|p1a: Ogerpon|Power Whip|p2a: Gholdengo\n|-resisted|p2a: Gholdengo\n|-damage|p2a: Gholdengo|69\/100\n|-enditem|p2a: Gholdengo|Air Balloon\n|move|p2a: Gholdengo|Thunder Wave|p1a: Ogerpon\n|-status|p1a: Ogerpon|par\n|\n|-heal|p2a: Gholdengo|75\/100|[from] Grassy Terrain\n|upkeep\n|turn|9\n|\n|t:|1700130216\n|move|p2a: Gholdengo|Hex|p1a: Ogerpon\n|-damage|p1a: Ogerpon|32\/100 par\n|cant|p1a: Ogerpon|par\n|\n|-heal|p2a: Gholdengo|81\/100|[from] Grassy Terrain\n|-heal|p1a: Ogerpon|38\/100 par|[from] Grassy Terrain\n|upkeep\n|turn|10\n|\n|t:|1700130221\n|move|p2a: Gholdengo|Hex|p1a: Ogerpon\n|-damage|p1a: Ogerpon|0 fnt\n|faint|p1a: Ogerpon\n|\n|-heal|p2a: Gholdengo|87\/100|[from] Grassy Terrain\n|upkeep\n|\n|t:|1700130229\n|switch|p1a: Great Tusk|Great Tusk|100\/100\n|-damage|p1a: Great Tusk|97\/100|[from] Stealth Rock\n|-enditem|p1a: Great Tusk|Booster Energy\n|-activate|p1a: Great Tusk|ability: Protosynthesis|[fromitem]\n|-start|p1a: Great Tusk|protosynthesisspe\n|turn|11\n|\n|t:|1700130247\n|move|p1a: Great Tusk|Bulk Up|p1a: Great Tusk\n|-boost|p1a: Great Tusk|atk|1\n|-boost|p1a: Great Tusk|def|1\n|move|p2a: Gholdengo|Make It Rain|p1a: Great Tusk\n|-damage|p1a: Great Tusk|34\/100\n|-unboost|p2a: Gholdengo|spa|1\n|\n|-heal|p1a: Great Tusk|41\/100|[from] Grassy Terrain\n|-heal|p2a: Gholdengo|93\/100|[from] Grassy Terrain\n|-fieldend|move: Grassy Terrain\n|upkeep\n|turn|12\n|\n|t:|1700130267\n|switch|p2a: KING|Landorus-Therian, M|56\/100\n|-ability|p2a: KING|Intimidate|boost\n|-unboost|p1a: Great Tusk|atk|1\n|move|p1a: Great Tusk|Headlong Rush|p2a: KING\n|-immune|p2a: KING\n|\n|upkeep\n|turn|13\n|\n|t:|1700130271\n|move|p1a: Great Tusk|Ice Spinner|p2a: KING\n|-supereffective|p2a: KING\n|-damage|p2a: KING|0 fnt\n|faint|p2a: KING\n|\n|upkeep\n|\n|t:|1700130275\n|switch|p2a: Samurott|Samurott-Hisui, F, shiny|100\/100\n|-damage|p2a: Samurott|88\/100|[from] Spikes\n|turn|14\n|\n|t:|1700130283\n|move|p1a: Great Tusk|Bulk Up|p1a: Great Tusk\n|-boost|p1a: Great Tusk|atk|1\n|-boost|p1a: Great Tusk|def|1\n|move|p2a: Samurott|Aqua Cutter|p1a: Great Tusk\n|-supereffective|p1a: Great Tusk\n|-damage|p1a: Great Tusk|7\/100\n|\n|upkeep\n|turn|15\n|\n|t:|1700130288\n|move|p1a: Great Tusk|Headlong Rush|p2a: Samurott\n|-damage|p2a: Samurott|0 fnt\n|-unboost|p1a: Great Tusk|def|1\n|-unboost|p1a: Great Tusk|spd|1\n|faint|p2a: Samurott\n|\n|upkeep\n|\n|t:|1700130292\n|switch|p2a: Gholdengo|Gholdengo|93\/100\n|-damage|p2a: Gholdengo|81\/100|[from] Spikes\n|turn|16\n|\n|t:|1700130298\n|-terastallize|p2a: Gholdengo|Flying\n|move|p1a: Great Tusk|Headlong Rush|p2a: Gholdengo\n|-immune|p2a: Gholdengo\n|move|p2a: Gholdengo|Hex|p1a: Great Tusk\n|-damage|p1a: Great Tusk|0 fnt\n|faint|p1a: Great Tusk\n|-end|p1a: Great Tusk|Protosynthesis|[silent]\n|\n|upkeep\n|\n|t:|1700130310\n|switch|p1a: Iron Moth|Iron Moth|100\/100\n|-damage|p1a: Iron Moth|76\/100|[from] Stealth Rock\n|-enditem|p1a: Iron Moth|Booster Energy\n|-activate|p1a: Iron Moth|ability: Quark Drive|[fromitem]\n|-start|p1a: Iron Moth|quarkdrivespe\n|turn|17\n|\n|t:|1700130317\n|move|p1a: Iron Moth|Substitute|p1a: Iron Moth\n|-start|p1a: Iron Moth|Substitute\n|-damage|p1a: Iron Moth|51\/100\n|move|p2a: Gholdengo|Thunder Wave||[still]\n|-fail|p2a: Gholdengo\n|\n|upkeep\n|turn|18\n|\n|t:|1700130322\n|move|p1a: Iron Moth|Fiery Dance|p2a: Gholdengo\n|-damage|p2a: Gholdengo|41\/100\n|move|p2a: Gholdengo|Hex|p1a: Iron Moth\n|-end|p1a: Iron Moth|Substitute\n|\n|upkeep\n|turn|19\n|\n|t:|1700130329\n|move|p1a: Iron Moth|Sludge Wave|p2a: Gholdengo\n|-damage|p2a: Gholdengo|0 fnt\n|faint|p2a: Gholdengo\n|\n|upkeep\n|\n|t:|1700130331\n|switch|p2a: Iron Treads|Iron Treads|100\/100\n|-damage|p2a: Iron Treads|88\/100|[from] Spikes\n|turn|20\n|\n|t:|1700130334\n|move|p1a: Iron Moth|Fiery Dance|p2a: Iron Treads\n|-supereffective|p2a: Iron Treads\n|-damage|p2a: Iron Treads|46\/100\n|-boost|p1a: Iron Moth|spa|1\n|move|p2a: Iron Treads|Earthquake|p1a: Iron Moth\n|-supereffective|p1a: Iron Moth\n|-damage|p1a: Iron Moth|0 fnt\n|faint|p1a: Iron Moth\n|-end|p1a: Iron Moth|Quark Drive|[silent]\n|\n|upkeep\n|\n|t:|1700130337\n|switch|p1a: Rillaboom|Rillaboom, F|100\/100\n|-damage|p1a: Rillaboom|88\/100|[from] Stealth Rock\n|-fieldstart|move: Grassy Terrain|[from] ability: Grassy Surge|[of] p1a: Rillaboom\n|turn|21\n|\n|t:|1700130341\n|move|p2a: Iron Treads|Knock Off|p1a: Rillaboom\n|-damage|p1a: Rillaboom|65\/100\n|-enditem|p1a: Rillaboom|Terrain Extender|[from] move: Knock Off|[of] p2a: Iron Treads\n|move|p1a: Rillaboom|Drum Beating|p2a: Iron Treads\n|-damage|p2a: Iron Treads|0 fnt\n|faint|p2a: Iron Treads\n|-end|p2a: Iron Treads|Quark Drive|[silent]\n|\n|win|red violet blue\n|raw|red violet blue's rating: 1548 &rarr; <strong>1566<\/strong><br \/>(+18 for winning)\n|raw|opolino's rating: 1520 &rarr; <strong>1502<\/strong><br \/>(-18 for losing)\n|c|\u2606opolino|gg\n","uploadtime":1700130351,"views":20,"p1id":"redvioletblue","p2id":"opolino","formatid":"gen9ou","rating":1502,"private":0,"password":""}