{"id":"gen9ou-1997648325","p1":"chodelay","p2":"dilkem","format":"[Gen 9] OU","log":"|j|\u2606chodelay\n|j|\u203ddilkem\n|t:|1700837326\n|gametype|singles\n|player|p1|chodelay|1|1306\n|player|p2|dilkem|worker|1383\n|teamsize|p1|6\n|teamsize|p2|6\n|gen|9\n|tier|[Gen 9] OU\n|rated|\n|rule|Sleep Clause Mod: Limit one foe put to sleep\n|rule|Species Clause: Limit one of each Pok\u00e9mon\n|rule|OHKO Clause: OHKO moves are banned\n|rule|Evasion Items Clause: Evasion items are banned\n|rule|Evasion Moves Clause: Evasion moves are banned\n|rule|Endless Battle Clause: Forcing endless battles is banned\n|rule|HP Percentage Mod: HP is shown in percentages\n|clearpoke\n|poke|p1|Manaphy|\n|poke|p1|Rillaboom, M|\n|poke|p1|Dragapult, M|\n|poke|p1|Heatran, F|\n|poke|p1|Meloetta|\n|poke|p1|Ninetales-Alola, M|\n|poke|p2|Slowbro, M|\n|poke|p2|Diancie|\n|poke|p2|Slither Wing|\n|poke|p2|Donphan, M|\n|poke|p2|Arcanine-Hisui, F|\n|poke|p2|Revavroom, M|\n|teampreview\n|inactive|Battle timer is ON: inactive players will automatically lose when time's up. (requested by dilkem)\n|\n|t:|1700837337\n|start\n|switch|p1a: Nitales|Ninetales-Alola, M|100\/100\n|switch|p2a: Revavroom|Revavroom, M|100\/100\n|-weather|Snow|[from] ability: Snow Warning|[of] p1a: Nitales\n|turn|1\n|\n|t:|1700837351\n|switch|p1a: Heran|Heatran, F|100\/100\n|move|p2a: Revavroom|Iron Head|p1a: Heran\n|-resisted|p1a: Heran\n|-damage|p1a: Heran|94\/100\n|\n|-weather|Snow|[upkeep]\n|-heal|p1a: Heran|99\/100|[from] item: Leftovers\n|upkeep\n|turn|2\n|\n|t:|1700837370\n|move|p2a: Revavroom|Parting Shot|p1a: Heran\n|-unboost|p1a: Heran|atk|1\n|-unboost|p1a: Heran|spa|1\n|\n|t:|1700837376\n|switch|p2a: Slowbro|Slowbro, M, shiny|100\/100|[from] Parting Shot\n|move|p1a: Heran|Substitute|p1a: Heran\n|-start|p1a: Heran|Substitute\n|-damage|p1a: Heran|75\/100\n|\n|-weather|Snow|[upkeep]\n|-heal|p1a: Heran|81\/100|[from] item: Leftovers\n|upkeep\n|turn|3\n|inactive|chodelay has 120 seconds left.\n|\n|t:|1700837409\n|switch|p1a: Riboom|Rillaboom, M|100\/100\n|-fieldstart|move: Grassy Terrain|[from] ability: Grassy Surge|[of] p1a: Riboom\n|move|p2a: Slowbro|Trick Room|p2a: Slowbro\n|-fieldstart|move: Trick Room|[of] p2a: Slowbro\n|\n|-weather|Snow|[upkeep]\n|upkeep\n|turn|4\n|inactive|chodelay has 120 seconds left.\n|\n|t:|1700837423\n|switch|p2a: Slither Wing|Slither Wing|100\/100\n|move|p1a: Riboom|Fake Out|p2a: Slither Wing\n|-crit|p2a: Slither Wing\n|-damage|p2a: Slither Wing|74\/100\n|\n|-weather|Snow|[upkeep]\n|-heal|p2a: Slither Wing|80\/100|[from] Grassy Terrain\n|upkeep\n|turn|5\n|inactive|chodelay has 120 seconds left.\n|\n|t:|1700837443\n|switch|p1a: Nitales|Ninetales-Alola, M|100\/100\n|move|p2a: Slither Wing|U-turn|p1a: Nitales\n|-resisted|p1a: Nitales\n|-damage|p1a: Nitales|75\/100\n|\n|t:|1700837460\n|-end|p2a: Slither Wing|Protosynthesis|[silent]\n|switch|p2a: Revavroom|Revavroom, M|100\/100|[from] U-turn\n|\n|-weather|none\n|-heal|p1a: Nitales|81\/100|[from] Grassy Terrain\n|upkeep\n|turn|6\n|inactive|chodelay has 120 seconds left.\n|\n|t:|1700837474\n|switch|p1a: Heran|Heatran, F|81\/100\n|move|p2a: Revavroom|Iron Head|p1a: Heran\n|-resisted|p1a: Heran\n|-damage|p1a: Heran|74\/100\n|\n|-heal|p1a: Heran|81\/100|[from] Grassy Terrain\n|-heal|p1a: Heran|87\/100|[from] item: Leftovers\n|upkeep\n|turn|7\n|inactive|chodelay has 120 seconds left.\n|\n|t:|1700837499\n|switch|p2a: Slowbro|Slowbro, M, shiny|100\/100\n|move|p1a: Heran|Earth Power|p2a: Slowbro\n|-damage|p2a: Slowbro|64\/100\n|\n|-heal|p2a: Slowbro|70\/100|[from] Grassy Terrain\n|-heal|p1a: Heran|93\/100|[from] Grassy Terrain\n|-heal|p1a: Heran|99\/100|[from] item: Leftovers\n|-fieldend|move: Trick Room\n|-fieldend|move: Grassy Terrain\n|upkeep\n|turn|8\n|\n|t:|1700837511\n|switch|p1a: Maphy|Manaphy|100\/100\n|move|p2a: Slowbro|Surf|p1a: Maphy\n|-resisted|p1a: Maphy\n|-damage|p1a: Maphy|77\/100\n|\n|upkeep\n|turn|9\n|\n|t:|1700837518\n|move|p1a: Maphy|Tail Glow|p1a: Maphy\n|-boost|p1a: Maphy|spa|3\n|move|p2a: Slowbro|Trick Room|p2a: Slowbro\n|-fieldstart|move: Trick Room|[of] p2a: Slowbro\n|\n|upkeep\n|turn|10\n|\n|t:|1700837537\n|move|p2a: Slowbro|Psychic|p1a: Maphy\n|-damage|p1a: Maphy|35\/100\n|move|p1a: Maphy|Energy Ball|p2a: Slowbro\n|-supereffective|p2a: Slowbro\n|-damage|p2a: Slowbro|0 fnt\n|faint|p2a: Slowbro\n|\n|upkeep\n|\n|t:|1700837545\n|switch|p2a: Slither Wing|Slither Wing|80\/100\n|turn|11\n|inactive|chodelay has 120 seconds left.\n|\n|t:|1700837560\n|switch|p1a: Drapult|Dragapult, M|100\/100\n|move|p2a: Slither Wing|Close Combat|p1a: Drapult\n|-immune|p1a: Drapult\n|\n|upkeep\n|turn|12\n|inactive|chodelay has 120 seconds left.\n|\n|t:|1700837576\n|move|p2a: Slither Wing|U-turn|p1a: Drapult\n|-resisted|p1a: Drapult\n|-damage|p1a: Drapult|70\/100\n|\n|t:|1700837581\n|-end|p2a: Slither Wing|Protosynthesis|[silent]\n|switch|p2a: Revavroom|Revavroom, M|100\/100|[from] U-turn\n|move|p1a: Drapult|Shadow Ball|p2a: Revavroom\n|-damage|p2a: Revavroom|56\/100\n|-unboost|p2a: Revavroom|spd|1\n|\n|-heal|p2a: Revavroom|62\/100|[from] item: Black Sludge\n|upkeep\n|turn|13\n|inactive|chodelay has 120 seconds left.\n|\n|t:|1700837598\n|move|p2a: Revavroom|Parting Shot|p1a: Drapult\n|-unboost|p1a: Drapult|atk|1\n|-unboost|p1a: Drapult|spa|1\n|\n|t:|1700837605\n|switch|p2a: Diancie|Diancie|100\/100|[from] Parting Shot\n|move|p1a: Drapult|Shadow Ball|p2a: Diancie\n|-damage|p2a: Diancie|74\/100\n|\n|-heal|p2a: Diancie|80\/100|[from] item: Leftovers\n|-fieldend|move: Trick Room\n|upkeep\n|turn|14\n|inactive|chodelay has 120 seconds left.\n|\n|t:|1700837620\n|switch|p1a: Heran|Heatran, F|99\/100\n|move|p2a: Diancie|Trick Room|p2a: Diancie\n|-fieldstart|move: Trick Room|[of] p2a: Diancie\n|\n|-heal|p2a: Diancie|86\/100|[from] item: Leftovers\n|-heal|p1a: Heran|100\/100|[from] item: Leftovers\n|upkeep\n|turn|15\n|inactive|chodelay has 120 seconds left.\n|\n|t:|1700837628\n|move|p2a: Diancie|Earth Power|p1a: Heran\n|-supereffective|p1a: Heran\n|-damage|p1a: Heran|6\/100\n|move|p1a: Heran|Substitute|p1a: Heran\n|-fail|p1a: Heran|move: Substitute|[weak]\n|\n|-heal|p2a: Diancie|93\/100|[from] item: Leftovers\n|-heal|p1a: Heran|12\/100|[from] item: Leftovers\n|upkeep\n|turn|16\n|\n|t:|1700837636\n|switch|p1a: Riboom|Rillaboom, M|100\/100\n|-fieldstart|move: Grassy Terrain|[from] ability: Grassy Surge|[of] p1a: Riboom\n|move|p2a: Diancie|Power Gem|p1a: Riboom\n|-damage|p1a: Riboom|56\/100\n|\n|-heal|p2a: Diancie|99\/100|[from] Grassy Terrain\n|-heal|p2a: Diancie|100\/100|[from] item: Leftovers\n|-heal|p1a: Riboom|63\/100|[from] Grassy Terrain\n|-heal|p1a: Riboom|69\/100|[from] item: Leftovers\n|upkeep\n|turn|17\n|inactive|chodelay has 120 seconds left.\n|\n|t:|1700837654\n|switch|p2a: Revavroom|Revavroom, M|62\/100\n|move|p1a: Riboom|Fake Out|p2a: Revavroom\n|-resisted|p2a: Revavroom\n|-damage|p2a: Revavroom|55\/100\n|\n|-heal|p2a: Revavroom|61\/100|[from] Grassy Terrain\n|-heal|p2a: Revavroom|67\/100|[from] item: Black Sludge\n|-heal|p1a: Riboom|75\/100|[from] Grassy Terrain\n|-heal|p1a: Riboom|81\/100|[from] item: Leftovers\n|upkeep\n|turn|18\n|inactive|chodelay has 120 seconds left.\n|\n|t:|1700837668\n|switch|p1a: Heran|Heatran, F|12\/100\n|move|p2a: Revavroom|Parting Shot|p1a: Heran\n|-unboost|p1a: Heran|atk|1\n|-unboost|p1a: Heran|spa|1\n|inactive|dilkem has 120 seconds left.\n|\n|t:|1700837692\n|switch|p2a: Arcanine|Arcanine-Hisui, F|100\/100|[from] Parting Shot\n|\n|-heal|p1a: Heran|19\/100|[from] Grassy Terrain\n|-heal|p1a: Heran|25\/100|[from] item: Leftovers\n|-fieldend|move: Trick Room\n|upkeep\n|turn|19\n|\n|t:|1700837702\n|-terastallize|p1a: Heran|Grass\n|move|p2a: Arcanine|Head Smash|p1a: Heran\n|-damage|p1a: Heran|0 fnt\n|faint|p1a: Heran\n|\n|upkeep\n|inactive|chodelay has 120 seconds left.\n|\n|t:|1700837724\n|switch|p1a: Maphy|Manaphy|35\/100\n|turn|20\n|\n|t:|1700837733\n|switch|p1a: Drapult|Dragapult, M|70\/100\n|move|p2a: Arcanine|Head Smash|p1a: Drapult|[miss]\n|-miss|p2a: Arcanine|p1a: Drapult\n|\n|-heal|p1a: Drapult|76\/100|[from] Grassy Terrain\n|-fieldend|move: Grassy Terrain\n|upkeep\n|turn|21\n|inactive|chodelay has 120 seconds left.\n|\n|t:|1700837747\n|move|p2a: Arcanine|Head Smash|p1a: Drapult\n|-damage|p1a: Drapult|0 fnt\n|faint|p1a: Drapult\n|\n|upkeep\n|\n|t:|1700837771\n|switch|p1a: Maphy|Manaphy|35\/100\n|turn|22\n|\n|t:|1700837782\n|move|p2a: Arcanine|Head Smash|p1a: Maphy\n|-damage|p1a: Maphy|0 fnt\n|faint|p1a: Maphy\n|\n|upkeep\n|\n|t:|1700837795\n|switch|p1a: Metta|Meloetta|100\/100\n|turn|23\n|\n|t:|1700837805\n|move|p2a: Arcanine|Head Smash|p1a: Metta\n|-damage|p1a: Metta|25\/100\n|move|p1a: Metta|Psychic|p2a: Arcanine\n|-damage|p2a: Arcanine|34\/100\n|\n|upkeep\n|turn|24\n|\n|t:|1700837818\n|move|p2a: Arcanine|Head Smash|p1a: Metta\n|-damage|p1a: Metta|0 fnt\n|faint|p1a: Metta\n|\n|upkeep\n|\n|t:|1700837822\n|switch|p1a: Riboom|Rillaboom, M|81\/100\n|-fieldstart|move: Grassy Terrain|[from] ability: Grassy Surge|[of] p1a: Riboom\n|turn|25\n|\n|t:|1700837826\n|switch|p2a: Revavroom|Revavroom, M|67\/100\n|move|p1a: Riboom|Fake Out|p2a: Revavroom\n|-resisted|p2a: Revavroom\n|-damage|p2a: Revavroom|59\/100\n|\n|-heal|p1a: Riboom|88\/100|[from] Grassy Terrain\n|-heal|p1a: Riboom|94\/100|[from] item: Leftovers\n|-heal|p2a: Revavroom|65\/100|[from] Grassy Terrain\n|-heal|p2a: Revavroom|71\/100|[from] item: Black Sludge\n|upkeep\n|turn|26\n|\n|t:|1700837841\n|move|p1a: Riboom|Knock Off|p2a: Revavroom\n|-damage|p2a: Revavroom|35\/100\n|-enditem|p2a: Revavroom|Black Sludge|[from] move: Knock Off|[of] p1a: Riboom\n|move|p2a: Revavroom|Toxic|p1a: Riboom\n|-status|p1a: Riboom|tox\n|\n|-heal|p1a: Riboom|99\/100 tox|[from] Grassy Terrain\n|-heal|p1a: Riboom|100\/100 tox|[from] item: Leftovers\n|-heal|p2a: Revavroom|41\/100|[from] Grassy Terrain\n|-damage|p1a: Riboom|94\/100 tox|[from] psn\n|upkeep\n|turn|27\n|\n|t:|1700837854\n|move|p1a: Riboom|Knock Off|p2a: Revavroom\n|-damage|p2a: Revavroom|18\/100\n|move|p2a: Revavroom|Parting Shot|p1a: Riboom\n|-unboost|p1a: Riboom|atk|1\n|-unboost|p1a: Riboom|spa|1\n|\n|t:|1700837860\n|switch|p2a: Slither Wing|Slither Wing|80\/100|[from] Parting Shot\n|\n|-heal|p1a: Riboom|100\/100 tox|[from] Grassy Terrain\n|-heal|p2a: Slither Wing|87\/100|[from] Grassy Terrain\n|-damage|p1a: Riboom|88\/100 tox|[from] psn\n|upkeep\n|turn|28\n|\n|t:|1700837883\n|switch|p1a: Nitales|Ninetales-Alola, M|81\/100\n|-weather|Snow|[from] ability: Snow Warning|[of] p1a: Nitales\n|move|p2a: Slither Wing|U-turn|p1a: Nitales\n|-resisted|p1a: Nitales\n|-damage|p1a: Nitales|58\/100\n|\n|t:|1700837890\n|-end|p2a: Slither Wing|Protosynthesis|[silent]\n|switch|p2a: Arcanine|Arcanine-Hisui, F|34\/100|[from] U-turn\n|\n|-weather|Snow|[upkeep]\n|-heal|p2a: Arcanine|40\/100|[from] Grassy Terrain\n|-heal|p1a: Nitales|64\/100|[from] Grassy Terrain\n|upkeep\n|turn|29\n|-message|chodelay forfeited.\n|\n|win|dilkem\n|raw|chodelay's rating: 1306 &rarr; <strong>1290<\/strong><br \/>(-16 for losing)\n|raw|dilkem's rating: 1383 &rarr; <strong>1399<\/strong><br \/>(+16 for winning)\n","uploadtime":1700837903,"views":4,"p1id":"chodelay","p2id":"dilkem","formatid":"gen9ou","rating":1290,"private":0,"password":""}