{"id":"gen9ou-1997742281","p1":"ch1ck3n nu99ets","p2":"PekPicPek","format":"[Gen 9] OU","log":"|j|\u2606ch1ck3n nu99ets\n|j|\u2606PekPicPek\n|t:|1700847840\n|gametype|singles\n|player|p1|ch1ck3n nu99ets|2|1872\n|player|p2|PekPicPek|chuck|1753\n|teamsize|p1|6\n|teamsize|p2|6\n|gen|9\n|tier|[Gen 9] OU\n|rated|\n|rule|Sleep Clause Mod: Limit one foe put to sleep\n|rule|Species Clause: Limit one of each Pok\u00e9mon\n|rule|OHKO Clause: OHKO moves are banned\n|rule|Evasion Items Clause: Evasion items are banned\n|rule|Evasion Moves Clause: Evasion moves are banned\n|rule|Endless Battle Clause: Forcing endless battles is banned\n|rule|HP Percentage Mod: HP is shown in percentages\n|clearpoke\n|poke|p1|Clefable, M|\n|poke|p1|Gholdengo|\n|poke|p1|Clodsire, M|\n|poke|p1|Tornadus-Therian, M|\n|poke|p1|Dragonite, M|\n|poke|p1|Mandibuzz, F|\n|poke|p2|Great Tusk|\n|poke|p2|Dragapult, F|\n|poke|p2|Kingambit, F|\n|poke|p2|Klawf, M|\n|poke|p2|Azumarill, F|\n|poke|p2|Moltres|\n|teampreview\n|j| LordJikji\n|j| tkingofh\n|inactive|Battle timer is ON: inactive players will automatically lose when time's up. (requested by ch1ck3n nu99ets)\n|j| newbie to top\n|\n|t:|1700847855\n|start\n|switch|p1a: Tornadus|Tornadus-Therian, M|100\/100\n|switch|p2a: Klawf|Klawf, M|100\/100\n|turn|1\n|\n|t:|1700847862\n|move|p1a: Tornadus|U-turn|p2a: Klawf\n|-damage|p2a: Klawf|84\/100\n|j| Duke Guy\n|\n|t:|1700847864\n|switch|p1a: Gholdengo|Gholdengo|100\/100|[from] U-turn\n|move|p2a: Klawf|Rock Blast|p1a: Gholdengo\n|-resisted|p1a: Gholdengo\n|-damage|p1a: Gholdengo|97\/100\n|-resisted|p1a: Gholdengo\n|-damage|p1a: Gholdengo|93\/100\n|-hitcount|p1a: Gholdengo|2\n|\n|-heal|p1a: Gholdengo|99\/100|[from] item: Leftovers\n|upkeep\n|turn|2\n|j| skottles\n|\n|t:|1700847875\n|move|p2a: Klawf|Knock Off|p1a: Gholdengo\n|-supereffective|p1a: Gholdengo\n|-damage|p1a: Gholdengo|58\/100\n|-enditem|p1a: Gholdengo|Leftovers|[from] move: Knock Off|[of] p2a: Klawf\n|move|p1a: Gholdengo|Thunder Wave|p2a: Klawf\n|-status|p2a: Klawf|par\n|\n|upkeep\n|turn|3\n|\n|t:|1700847880\n|switch|p2a: Azumarill|Azumarill, F|100\/100\n|move|p1a: Gholdengo|Recover|p1a: Gholdengo\n|-heal|p1a: Gholdengo|100\/100\n|\n|upkeep\n|turn|4\n|\n|t:|1700847884\n|move|p1a: Gholdengo|Thunder Wave|p2a: Azumarill\n|-status|p2a: Azumarill|par\n|move|p2a: Azumarill|Liquidation|p1a: Gholdengo\n|-damage|p1a: Gholdengo|65\/100\n|\n|upkeep\n|turn|5\n|\n|t:|1700847889\n|move|p1a: Gholdengo|Hex|p2a: Azumarill\n|-damage|p2a: Azumarill|61\/100 par\n|move|p2a: Azumarill|Liquidation|p1a: Gholdengo\n|-damage|p1a: Gholdengo|26\/100\n|\n|upkeep\n|turn|6\n|\n|t:|1700847893\n|move|p1a: Gholdengo|Recover|p1a: Gholdengo\n|-heal|p1a: Gholdengo|76\/100\n|move|p2a: Azumarill|Liquidation|p1a: Gholdengo\n|-damage|p1a: Gholdengo|41\/100\n|\n|upkeep\n|turn|7\n|\n|t:|1700847900\n|move|p1a: Gholdengo|Recover|p1a: Gholdengo\n|-heal|p1a: Gholdengo|91\/100\n|move|p2a: Azumarill|Liquidation|p1a: Gholdengo\n|-damage|p1a: Gholdengo|56\/100\n|\n|upkeep\n|turn|8\n|\n|t:|1700847902\n|move|p1a: Gholdengo|Hex|p2a: Azumarill\n|-damage|p2a: Azumarill|23\/100 par\n|cant|p2a: Azumarill|par\n|\n|upkeep\n|turn|9\n|\n|t:|1700847905\n|move|p1a: Gholdengo|Hex|p2a: Azumarill\n|-damage|p2a: Azumarill|0 fnt\n|faint|p2a: Azumarill\n|\n|upkeep\n|\n|t:|1700847906\n|switch|p2a: Dragapult|Dragapult, F|100\/100\n|turn|10\n|\n|t:|1700847909\n|switch|p1a: Mandibuzz|Mandibuzz, F|100\/100\n|move|p2a: Dragapult|Shadow Ball|p1a: Mandibuzz\n|-resisted|p1a: Mandibuzz\n|-damage|p1a: Mandibuzz|79\/100\n|\n|upkeep\n|turn|11\n|\n|t:|1700847913\n|switch|p2a: Klawf|Klawf, M|84\/100 par\n|move|p1a: Mandibuzz|Toxic||[still]\n|-fail|p1a: Mandibuzz\n|\n|upkeep\n|turn|12\n|\n|t:|1700847917\n|switch|p1a: Gholdengo|Gholdengo|56\/100\n|move|p2a: Klawf|Stealth Rock|p1a: Gholdengo\n|-sidestart|p1: ch1ck3n nu99ets|move: Stealth Rock\n|\n|upkeep\n|turn|13\n|\n|t:|1700847925\n|move|p1a: Gholdengo|Recover|p1a: Gholdengo\n|-heal|p1a: Gholdengo|100\/100\n|move|p2a: Klawf|Knock Off|p1a: Gholdengo\n|-supereffective|p1a: Gholdengo\n|-damage|p1a: Gholdengo|75\/100\n|\n|upkeep\n|turn|14\n|\n|t:|1700847930\n|switch|p2a: Kingambit|Kingambit, F|100\/100\n|-activate|p2a: Kingambit|ability: Supreme Overlord\n|-start|p2a: Kingambit|fallen1|[silent]\n|move|p1a: Gholdengo|Hex|p2a: Kingambit\n|-resisted|p2a: Kingambit\n|-damage|p2a: Kingambit|87\/100\n|\n|upkeep\n|turn|15\n|\n|t:|1700847936\n|move|p1a: Gholdengo|Thunder Wave|p2a: Kingambit\n|-status|p2a: Kingambit|par\n|move|p2a: Kingambit|Kowtow Cleave|p1a: Gholdengo\n|-supereffective|p1a: Gholdengo\n|-crit|p1a: Gholdengo\n|-damage|p1a: Gholdengo|0 fnt\n|faint|p1a: Gholdengo\n|\n|upkeep\n|\n|t:|1700847947\n|switch|p1a: Mandibuzz|Mandibuzz, F|79\/100\n|turn|16\n|\n|t:|1700847949\n|-end|p2a: Kingambit|fallen1|[silent]\n|switch|p2a: Klawf|Klawf, M|84\/100 par\n|move|p1a: Mandibuzz|Defog|p2a: Klawf\n|-unboost|p2a: Klawf|evasion|1\n|-sideend|p1: ch1ck3n nu99ets|Stealth Rock|[from] move: Defog|[of] p1a: Mandibuzz\n|\n|upkeep\n|turn|17\n|\n|t:|1700847955\n|move|p1a: Mandibuzz|Foul Play|p2a: Klawf\n|-crit|p2a: Klawf\n|-damage|p2a: Klawf|18\/100 par\n|-ability|p2a: Klawf|Anger Shell|boost\n|-boost|p2a: Klawf|atk|1\n|-boost|p2a: Klawf|spa|1\n|-boost|p2a: Klawf|spe|1\n|-unboost|p2a: Klawf|def|1\n|-unboost|p2a: Klawf|spd|1\n|move|p2a: Klawf|Stealth Rock|p1a: Mandibuzz\n|-sidestart|p1: ch1ck3n nu99ets|move: Stealth Rock\n|\n|upkeep\n|turn|18\n|\n|t:|1700847962\n|move|p1a: Mandibuzz|Foul Play|p2a: Klawf\n|-damage|p2a: Klawf|0 fnt\n|faint|p2a: Klawf\n|\n|upkeep\n|\n|t:|1700847966\n|switch|p2a: Moltres|Moltres|100\/100\n|turn|19\n|\n|t:|1700847969\n|move|p2a: Moltres|Will-O-Wisp|p1a: Mandibuzz\n|-status|p1a: Mandibuzz|brn\n|move|p1a: Mandibuzz|Toxic|p2a: Moltres\n|-status|p2a: Moltres|tox\n|\n|-damage|p2a: Moltres|94\/100 tox|[from] psn\n|-damage|p1a: Mandibuzz|73\/100 brn|[from] brn\n|upkeep\n|turn|20\n|\n|t:|1700847976\n|switch|p2a: Kingambit|Kingambit, F|87\/100 par\n|-activate|p2a: Kingambit|ability: Supreme Overlord\n|-start|p2a: Kingambit|fallen2|[silent]\n|move|p1a: Mandibuzz|Defog|p2a: Kingambit\n|-unboost|p2a: Kingambit|evasion|1\n|-sideend|p1: ch1ck3n nu99ets|Stealth Rock|[from] move: Defog|[of] p1a: Mandibuzz\n|\n|-damage|p1a: Mandibuzz|67\/100 brn|[from] brn\n|upkeep\n|turn|21\n|\n|t:|1700847980\n|switch|p1a: Dragonite|Dragonite, M|100\/100\n|move|p2a: Kingambit|Iron Head|p1a: Dragonite\n|-damage|p1a: Dragonite|74\/100\n|\n|upkeep\n|turn|22\n|\n|t:|1700847986\n|-end|p2a: Kingambit|fallen2|[silent]\n|switch|p2a: Moltres|Moltres|94\/100 tox\n|move|p1a: Dragonite|Roost|p1a: Dragonite\n|-heal|p1a: Dragonite|100\/100\n|-singleturn|p1a: Dragonite|move: Roost\n|\n|-damage|p2a: Moltres|88\/100 tox|[from] psn\n|upkeep\n|turn|23\n|\n|t:|1700847990\n|switch|p1a: Clefable|Clefable, M|100\/100\n|move|p2a: Moltres|Hurricane|p1a: Clefable|[miss]\n|-miss|p2a: Moltres|p1a: Clefable\n|\n|-damage|p2a: Moltres|76\/100 tox|[from] psn\n|upkeep\n|turn|24\n|\n|t:|1700847997\n|switch|p1a: Clodsire|Clodsire, M|100\/100\n|move|p2a: Moltres|Hurricane|p1a: Clodsire\n|-crit|p1a: Clodsire\n|-damage|p1a: Clodsire|62\/100\n|\n|-heal|p1a: Clodsire|68\/100|[from] item: Leftovers\n|-damage|p2a: Moltres|58\/100 tox|[from] psn\n|upkeep\n|turn|25\n|\n|t:|1700848003\n|switch|p2a: Great Tusk|Great Tusk|100\/100\n|-enditem|p2a: Great Tusk|Booster Energy\n|-activate|p2a: Great Tusk|ability: Protosynthesis|[fromitem]\n|-start|p2a: Great Tusk|protosynthesisatk\n|move|p1a: Clodsire|Stealth Rock|p2a: Great Tusk\n|-sidestart|p2: PekPicPek|move: Stealth Rock\n|\n|-heal|p1a: Clodsire|74\/100|[from] item: Leftovers\n|upkeep\n|turn|26\n|\n|t:|1700848012\n|switch|p1a: Mandibuzz|Mandibuzz, F|67\/100 brn\n|move|p2a: Great Tusk|Ice Spinner|p1a: Mandibuzz\n|-supereffective|p1a: Mandibuzz\n|-damage|p1a: Mandibuzz|23\/100 brn\n|\n|-damage|p1a: Mandibuzz|17\/100 brn|[from] brn\n|upkeep\n|turn|27\n|\n|t:|1700848018\n|move|p2a: Great Tusk|Rapid Spin|p1a: Mandibuzz\n|-damage|p1a: Mandibuzz|5\/100 brn\n|-boost|p2a: Great Tusk|spe|1\n|-sideend|p2: PekPicPek|Stealth Rock|[from] move: Rapid Spin|[of] p2a: Great Tusk\n|move|p1a: Mandibuzz|Toxic|p2a: Great Tusk\n|-status|p2a: Great Tusk|tox\n|\n|-damage|p2a: Great Tusk|94\/100 tox|[from] psn\n|-damage|p1a: Mandibuzz|0 fnt|[from] brn\n|faint|p1a: Mandibuzz\n|upkeep\n|\n|t:|1700848025\n|switch|p1a: Tornadus|Tornadus-Therian, M|100\/100\n|turn|28\n|\n|t:|1700848035\n|move|p2a: Great Tusk|Ice Spinner|p1a: Tornadus\n|-supereffective|p1a: Tornadus\n|-damage|p1a: Tornadus|8\/100\n|move|p1a: Tornadus|Bleakwind Storm|p2a: Great Tusk\n|-supereffective|p2a: Great Tusk\n|-damage|p2a: Great Tusk|0 fnt\n|faint|p2a: Great Tusk\n|-end|p2a: Great Tusk|Protosynthesis|[silent]\n|\n|upkeep\n|\n|t:|1700848040\n|switch|p2a: Dragapult|Dragapult, F|100\/100\n|turn|29\n|\n|t:|1700848048\n|switch|p1a: Clodsire|Clodsire, M|74\/100\n|move|p2a: Dragapult|Shadow Ball|p1a: Clodsire\n|-damage|p1a: Clodsire|45\/100\n|\n|-heal|p1a: Clodsire|51\/100|[from] item: Leftovers\n|upkeep\n|turn|30\n|\n|t:|1700848052\n|move|p2a: Dragapult|Shadow Ball|p1a: Clodsire\n|-damage|p1a: Clodsire|21\/100\n|move|p1a: Clodsire|Recover|p1a: Clodsire\n|-heal|p1a: Clodsire|72\/100\n|\n|-heal|p1a: Clodsire|78\/100|[from] item: Leftovers\n|upkeep\n|turn|31\n|\n|t:|1700848057\n|move|p2a: Dragapult|Shadow Ball|p1a: Clodsire\n|-damage|p1a: Clodsire|50\/100\n|move|p1a: Clodsire|Stealth Rock|p2a: Dragapult\n|-sidestart|p2: PekPicPek|move: Stealth Rock\n|\n|-heal|p1a: Clodsire|56\/100|[from] item: Leftovers\n|upkeep\n|turn|32\n|\n|t:|1700848062\n|switch|p2a: Moltres|Moltres|58\/100 tox\n|move|p1a: Clodsire|Recover|p1a: Clodsire\n|-heal|p1a: Clodsire|100\/100\n|\n|-damage|p2a: Moltres|52\/100 tox|[from] psn\n|upkeep\n|turn|33\n|\n|t:|1700848065\n|switch|p1a: Clefable|Clefable, M|100\/100\n|move|p2a: Moltres|Flamethrower|p1a: Clefable\n|-damage|p1a: Clefable|56\/100\n|\n|-damage|p2a: Moltres|40\/100 tox|[from] psn\n|upkeep\n|turn|34\n|j| 0SiegeWarfare\n|\n|t:|1700848069\n|switch|p1a: Clodsire|Clodsire, M|100\/100\n|move|p2a: Moltres|Hurricane|p1a: Clodsire\n|-damage|p1a: Clodsire|76\/100\n|-start|p1a: Clodsire|confusion\n|\n|-heal|p1a: Clodsire|82\/100|[from] item: Leftovers\n|-damage|p2a: Moltres|22\/100 tox|[from] psn\n|upkeep\n|turn|35\n|\n|t:|1700848074\n|move|p2a: Moltres|Will-O-Wisp|p1a: Clodsire\n|-status|p1a: Clodsire|brn\n|-activate|p1a: Clodsire|confusion\n|move|p1a: Clodsire|Earthquake|p2a: Moltres\n|-immune|p2a: Moltres\n|\n|-heal|p1a: Clodsire|88\/100 brn|[from] item: Leftovers\n|-damage|p2a: Moltres|0 fnt|[from] psn\n|faint|p2a: Moltres\n|-damage|p1a: Clodsire|82\/100 brn|[from] brn\n|upkeep\n|c| 0SiegeWarfare|ggwp\n|\n|t:|1700848076\n|switch|p2a: Kingambit|Kingambit, F|87\/100 par\n|-damage|p2a: Kingambit|81\/100 par|[from] Stealth Rock\n|-activate|p2a: Kingambit|ability: Supreme Overlord\n|-start|p2a: Kingambit|fallen4|[silent]\n|turn|36\n|j| dfghhhg\n|\n|t:|1700848086\n|switch|p1a: Dragonite|Dragonite, M|100\/100\n|move|p2a: Kingambit|Swords Dance|p2a: Kingambit\n|-boost|p2a: Kingambit|atk|2\n|\n|upkeep\n|turn|37\n|\n|t:|1700848090\n|-terastallize|p2a: Kingambit|Dark\n|move|p1a: Dragonite|Earthquake|p2a: Kingambit\n|-crit|p2a: Kingambit\n|-damage|p2a: Kingambit|38\/100 par\n|move|p2a: Kingambit|Kowtow Cleave|p1a: Dragonite\n|-damage|p1a: Dragonite|0 fnt\n|faint|p1a: Dragonite\n|\n|upkeep\n|j| Large_Rodent\n|\n|t:|1700848103\n|switch|p1a: Clefable|Clefable, M|56\/100\n|turn|38\n|\n|t:|1700848105\n|cant|p2a: Kingambit|par\n|move|p1a: Clefable|Moonlight|p1a: Clefable\n|-heal|p1a: Clefable|100\/100\n|\n|upkeep\n|turn|39\n|\n|t:|1700848110\n|move|p2a: Kingambit|Sucker Punch|p1a: Clefable\n|-resisted|p1a: Clefable\n|-damage|p1a: Clefable|0 fnt\n|faint|p1a: Clefable\n|\n|upkeep\n|c| 0SiegeWarfare|how\n|\n|t:|1700848114\n|switch|p1a: Tornadus|Tornadus-Therian, M|41\/100\n|turn|40\n|c| 0SiegeWarfare|that killed\n|c| 0SiegeWarfare|cmlef\n|\n|t:|1700848122\n|move|p2a: Kingambit|Sucker Punch|p1a: Tornadus\n|-damage|p1a: Tornadus|0 fnt\n|faint|p1a: Tornadus\n|\n|upkeep\n|c| Duke Guy|its called black glasses\n|-message|ch1ck3n nu99ets forfeited.\n|\n|win|PekPicPek\n|raw|ch1ck3n nu99ets's rating: 1872 &rarr; <strong>1845<\/strong><br \/>(-27 for losing)\n|raw|PekPicPek's rating: 1753 &rarr; <strong>1780<\/strong><br \/>(+27 for winning)\n|l|\u2606ch1ck3n nu99ets\n|c|\u2606PekPicPek|kingambit\n|c|\u2606PekPicPek|should not be real\n|l| skottles\n|c| Duke Guy|im still lost as to why its not Ubers lmao\n|c|\u2606PekPicPek|I am as well\n|c| 0SiegeWarfare|really\n|c| Duke Guy|we are banning gliscor but not gambit\n|c| Duke Guy|like huh? lol\n|c|\u2606PekPicPek|On one hand this is the cheapest mon in the game\n|c|\u2606PekPicPek|on the other hand I have a klawf so I think it balances out\n|c| Duke Guy|lmao noted\n|c|\u2606PekPicPek|welp gg to poor nugget\n","uploadtime":1700848215,"views":2,"p1id":"ch1ck3nnu99ets","p2id":"pekpicpek","formatid":"gen9ou","rating":1780,"private":0,"password":""}