{"id":"gen9ou-1994455316","p1":"ziyi1117","p2":"Prababamaba","format":"[Gen 9] OU","log":"|j|\u2606ziyi1117\n|j|\u2606Prababamaba\n|t:|1700445875\n|gametype|singles\n|player|p1|ziyi1117|linebacker|1190\n|player|p2|Prababamaba|hiker-gen4|1133\n|teamsize|p1|6\n|teamsize|p2|6\n|gen|9\n|tier|[Gen 9] OU\n|rated|\n|rule|Sleep Clause Mod: Limit one foe put to sleep\n|rule|Species Clause: Limit one of each Pok\u00e9mon\n|rule|OHKO Clause: OHKO moves are banned\n|rule|Evasion Items Clause: Evasion items are banned\n|rule|Evasion Moves Clause: Evasion moves are banned\n|rule|Endless Battle Clause: Forcing endless battles is banned\n|rule|HP Percentage Mod: HP is shown in percentages\n|clearpoke\n|poke|p1|Greninja-*, M|\n|poke|p1|Heatran, F|\n|poke|p1|Iron Valiant|\n|poke|p1|Weezing-Galar, F|\n|poke|p1|Great Tusk|\n|poke|p1|Gholdengo|\n|poke|p2|Dragapult, F|\n|poke|p2|Empoleon, F|\n|poke|p2|Iron Valiant|\n|poke|p2|Mandibuzz, F|\n|poke|p2|Kingambit, M|\n|poke|p2|Sneasler, M|\n|teampreview\n|j| Goldensword3478\n|l| Goldensword3478\n|inactive|Battle timer is ON: inactive players will automatically lose when time's up. (requested by ziyi1117)\n|\n|t:|1700445943\n|start\n|switch|p1a: Weezing|Weezing-Galar, F|100\/100\n|switch|p2a: Empoleon|Empoleon, F|100\/100\n|-ability|p1a: Weezing|Neutralizing Gas\n|turn|1\n|\n|t:|1700445954\n|move|p1a: Weezing|Will-O-Wisp|p2a: Empoleon\n|-status|p2a: Empoleon|brn\n|move|p2a: Empoleon|Stealth Rock|p1a: Weezing\n|-sidestart|p1: ziyi1117|move: Stealth Rock\n|\n|-damage|p2a: Empoleon|94\/100 brn|[from] brn\n|upkeep\n|turn|2\n|\n|t:|1700445964\n|move|p1a: Weezing|Defog|p2a: Empoleon\n|-unboost|p2a: Empoleon|evasion|1\n|-sideend|p1: ziyi1117|Stealth Rock|[from] move: Defog|[of] p1a: Weezing\n|move|p2a: Empoleon|Surf|p1a: Weezing\n|-damage|p1a: Weezing|53\/100\n|\n|-heal|p1a: Weezing|59\/100|[from] item: Black Sludge\n|-heal|p2a: Empoleon|100\/100 brn|[from] item: Leftovers\n|-damage|p2a: Empoleon|94\/100 brn|[from] brn\n|upkeep\n|turn|3\n|\n|t:|1700445975\n|move|p1a: Weezing|Pain Split|p2a: Empoleon\n|-sethp|p2a: Empoleon|74\/100 brn|[from] move: Pain Split|[silent]\n|-sethp|p1a: Weezing|82\/100|[from] move: Pain Split\n|move|p2a: Empoleon|Surf|p1a: Weezing\n|-damage|p1a: Weezing|33\/100\n|\n|-heal|p1a: Weezing|39\/100|[from] item: Black Sludge\n|-heal|p2a: Empoleon|80\/100 brn|[from] item: Leftovers\n|-damage|p2a: Empoleon|74\/100 brn|[from] brn\n|upkeep\n|turn|4\n|\n|t:|1700445987\n|move|p1a: Weezing|Pain Split|p2a: Empoleon\n|-sethp|p2a: Empoleon|55\/100 brn|[from] move: Pain Split|[silent]\n|-sethp|p1a: Weezing|61\/100|[from] move: Pain Split\n|move|p2a: Empoleon|Surf|p1a: Weezing\n|-damage|p1a: Weezing|14\/100\n|\n|-heal|p1a: Weezing|20\/100|[from] item: Black Sludge\n|-heal|p2a: Empoleon|61\/100 brn|[from] item: Leftovers\n|-damage|p2a: Empoleon|55\/100 brn|[from] brn\n|upkeep\n|turn|5\n|\n|t:|1700445998\n|-end|p1a: Weezing|ability: Neutralizing Gas\n|switch|p1a: Greninja|Greninja, M|100\/100\n|move|p2a: Empoleon|Surf|p1a: Greninja\n|-resisted|p1a: Greninja\n|-damage|p1a: Greninja|73\/100\n|\n|-heal|p2a: Empoleon|61\/100 brn|[from] item: Leftovers\n|-damage|p2a: Empoleon|55\/100 brn|[from] brn\n|upkeep\n|turn|6\n|\n|t:|1700446010\n|move|p1a: Greninja|Dark Pulse|p2a: Empoleon\n|-damage|p2a: Empoleon|23\/100 brn\n|-damage|p1a: Greninja|63\/100|[from] item: Life Orb\n|cant|p2a: Empoleon|flinch\n|\n|-heal|p2a: Empoleon|29\/100 brn|[from] item: Leftovers\n|-damage|p2a: Empoleon|23\/100 brn|[from] brn\n|upkeep\n|turn|7\n|\n|t:|1700446035\n|switch|p2a: Mandibuzz|Mandibuzz, F|100\/100\n|move|p1a: Greninja|Dark Pulse|p2a: Mandibuzz\n|-resisted|p2a: Mandibuzz\n|-damage|p2a: Mandibuzz|80\/100\n|-damage|p1a: Greninja|53\/100|[from] item: Life Orb\n|\n|upkeep\n|turn|8\n|\n|t:|1700446055\n|switch|p1a: Weezing|Weezing-Galar, F|20\/100\n|-ability|p1a: Weezing|Neutralizing Gas\n|move|p2a: Mandibuzz|U-turn|p1a: Weezing\n|-resisted|p1a: Weezing\n|-damage|p1a: Weezing|18\/100\n|inactive|Prababamaba has 120 seconds left.\n|\n|t:|1700446101\n|switch|p2a: Sneasler|Sneasler, M|100\/100|[from] U-turn\n|\n|-heal|p1a: Weezing|24\/100|[from] item: Black Sludge\n|upkeep\n|turn|9\n|\n|t:|1700446130\n|-end|p1a: Weezing|ability: Neutralizing Gas\n|switch|p1a: Heatran|Heatran, F|100\/100\n|move|p2a: Sneasler|Dire Claw|p1a: Heatran\n|-immune|p1a: Heatran\n|\n|upkeep\n|turn|10\n|inactive|ziyi1117 has 120 seconds left.\n|\n|t:|1700446147\n|switch|p2a: Empoleon|Empoleon, F|23\/100 brn\n|switch|p1a: Gholdengo|Gholdengo|100\/100\n|-item|p1a: Gholdengo|Air Balloon\n|\n|-heal|p2a: Empoleon|29\/100 brn|[from] item: Leftovers\n|-damage|p2a: Empoleon|23\/100 brn|[from] brn\n|upkeep\n|turn|11\n|inactive|ziyi1117 has 120 seconds left.\n|\n|t:|1700446160\n|switch|p2a: Kingambit|Kingambit, M|100\/100\n|move|p1a: Gholdengo|Thunderbolt|p2a: Kingambit\n|-damage|p2a: Kingambit|69\/100\n|\n|-heal|p2a: Kingambit|75\/100|[from] item: Leftovers\n|upkeep\n|turn|12\n|\n|t:|1700446170\n|switch|p1a: Great Tusk|Great Tusk|100\/100\n|move|p2a: Kingambit|Kowtow Cleave|p1a: Great Tusk\n|-resisted|p1a: Great Tusk\n|-damage|p1a: Great Tusk|85\/100\n|\n|-heal|p2a: Kingambit|81\/100|[from] item: Leftovers\n|upkeep\n|turn|13\n|\n|t:|1700446179\n|-end|p2a: Kingambit|fallenundefined|[silent]\n|switch|p2a: Mandibuzz|Mandibuzz, F|80\/100\n|move|p1a: Great Tusk|Close Combat|p2a: Mandibuzz\n|-damage|p2a: Mandibuzz|38\/100\n|-unboost|p1a: Great Tusk|def|1\n|-unboost|p1a: Great Tusk|spd|1\n|\n|upkeep\n|turn|14\n|\n|t:|1700446188\n|-end|p1a: Great Tusk|Protosynthesis|[silent]\n|switch|p1a: Weezing|Weezing-Galar, F|24\/100\n|-ability|p1a: Weezing|Neutralizing Gas\n|move|p2a: Mandibuzz|Roost|p2a: Mandibuzz\n|-heal|p2a: Mandibuzz|88\/100\n|-singleturn|p2a: Mandibuzz|move: Roost\n|\n|-heal|p1a: Weezing|30\/100|[from] item: Black Sludge\n|upkeep\n|turn|15\n|\n|t:|1700446198\n|move|p2a: Mandibuzz|U-turn|p1a: Weezing\n|-resisted|p1a: Weezing\n|-damage|p1a: Weezing|28\/100\n|\n|t:|1700446200\n|switch|p2a: Empoleon|Empoleon, F|23\/100 brn|[from] U-turn\n|move|p1a: Weezing|Pain Split|p2a: Empoleon\n|-sethp|p2a: Empoleon|24\/100 brn|[from] move: Pain Split|[silent]\n|-sethp|p1a: Weezing|27\/100|[from] move: Pain Split\n|\n|-heal|p1a: Weezing|33\/100|[from] item: Black Sludge\n|-heal|p2a: Empoleon|30\/100 brn|[from] item: Leftovers\n|-damage|p2a: Empoleon|24\/100 brn|[from] brn\n|upkeep\n|turn|16\n|\n|t:|1700446217\n|move|p1a: Weezing|Strange Steam|p2a: Empoleon\n|-resisted|p2a: Empoleon\n|-crit|p2a: Empoleon\n|-damage|p2a: Empoleon|10\/100 brn\n|move|p2a: Empoleon|Roost|p2a: Empoleon\n|-heal|p2a: Empoleon|60\/100 brn\n|-singleturn|p2a: Empoleon|move: Roost\n|\n|-heal|p1a: Weezing|39\/100|[from] item: Black Sludge\n|-heal|p2a: Empoleon|67\/100 brn|[from] item: Leftovers\n|-damage|p2a: Empoleon|60\/100 brn|[from] brn\n|upkeep\n|turn|17\n|\n|t:|1700446232\n|move|p1a: Weezing|Pain Split|p2a: Empoleon\n|-sethp|p2a: Empoleon|48\/100 brn|[from] move: Pain Split|[silent]\n|-sethp|p1a: Weezing|53\/100|[from] move: Pain Split\n|move|p2a: Empoleon|Roost|p2a: Empoleon\n|-heal|p2a: Empoleon|98\/100 brn\n|-singleturn|p2a: Empoleon|move: Roost\n|\n|-heal|p1a: Weezing|59\/100|[from] item: Black Sludge\n|-heal|p2a: Empoleon|100\/100 brn|[from] item: Leftovers\n|-damage|p2a: Empoleon|94\/100 brn|[from] brn\n|upkeep\n|turn|18\n|\n|t:|1700446253\n|move|p1a: Weezing|Pain Split|p2a: Empoleon\n|-sethp|p2a: Empoleon|74\/100 brn|[from] move: Pain Split|[silent]\n|-sethp|p1a: Weezing|82\/100|[from] move: Pain Split\n|move|p2a: Empoleon|Flip Turn|p1a: Weezing\n|-damage|p1a: Weezing|76\/100\n|\n|t:|1700446255\n|switch|p2a: Sneasler|Sneasler, M|100\/100|[from] Flip Turn\n|\n|-heal|p1a: Weezing|82\/100|[from] item: Black Sludge\n|upkeep\n|turn|19\n|\n|t:|1700446266\n|move|p2a: Sneasler|Dire Claw|p1a: Weezing\n|-damage|p1a: Weezing|39\/100\n|move|p1a: Weezing|Will-O-Wisp|p2a: Sneasler\n|-status|p2a: Sneasler|brn\n|\n|-heal|p1a: Weezing|45\/100|[from] item: Black Sludge\n|-damage|p2a: Sneasler|95\/100 brn|[from] brn\n|upkeep\n|turn|20\n|\n|t:|1700446280\n|switch|p2a: Empoleon|Empoleon, F|74\/100 brn\n|move|p1a: Weezing|Pain Split|p2a: Empoleon\n|-sethp|p2a: Empoleon|57\/100 brn|[from] move: Pain Split|[silent]\n|-sethp|p1a: Weezing|63\/100|[from] move: Pain Split\n|\n|-heal|p1a: Weezing|69\/100|[from] item: Black Sludge\n|-heal|p2a: Empoleon|63\/100 brn|[from] item: Leftovers\n|-damage|p2a: Empoleon|57\/100 brn|[from] brn\n|upkeep\n|turn|21\n|\n|t:|1700446299\n|-end|p1a: Weezing|ability: Neutralizing Gas\n|switch|p1a: Gholdengo|Gholdengo|100\/100\n|-item|p1a: Gholdengo|Air Balloon\n|move|p2a: Empoleon|Flip Turn|p1a: Gholdengo\n|-damage|p1a: Gholdengo|91\/100\n|-enditem|p1a: Gholdengo|Air Balloon\n|\n|t:|1700446304\n|switch|p2a: Kingambit|Kingambit, M|81\/100|[from] Flip Turn\n|\n|-heal|p2a: Kingambit|88\/100|[from] item: Leftovers\n|upkeep\n|turn|22\n|\n|t:|1700446315\n|switch|p1a: Great Tusk|Great Tusk|85\/100\n|move|p2a: Kingambit|Iron Head|p1a: Great Tusk\n|-damage|p1a: Great Tusk|51\/100\n|\n|-heal|p2a: Kingambit|94\/100|[from] item: Leftovers\n|upkeep\n|turn|23\n|\n|t:|1700446328\n|-end|p2a: Kingambit|fallenundefined|[silent]\n|switch|p2a: Dragapult|Dragapult, F|100\/100\n|move|p1a: Great Tusk|Close Combat|p2a: Dragapult\n|-immune|p2a: Dragapult\n|\n|upkeep\n|turn|24\n|\n|t:|1700446346\n|-end|p1a: Great Tusk|Protosynthesis|[silent]\n|switch|p1a: Heatran|Heatran, F|100\/100\n|move|p2a: Dragapult|Will-O-Wisp|p1a: Heatran\n|-start|p1a: Heatran|ability: Flash Fire\n|\n|upkeep\n|turn|25\n|\n|t:|1700446354\n|move|p2a: Dragapult|U-turn|p1a: Heatran\n|-resisted|p1a: Heatran\n|-damage|p1a: Heatran|96\/100\n|\n|t:|1700446358\n|switch|p2a: Empoleon|Empoleon, F|57\/100 brn|[from] U-turn\n|move|p1a: Heatran|Flamethrower|p2a: Empoleon\n|-damage|p2a: Empoleon|10\/100 brn\n|\n|-heal|p2a: Empoleon|16\/100 brn|[from] item: Leftovers\n|-damage|p2a: Empoleon|10\/100 brn|[from] brn\n|upkeep\n|turn|26\n|\n|t:|1700446366\n|move|p1a: Heatran|Flamethrower|p2a: Empoleon\n|-damage|p2a: Empoleon|0 fnt\n|faint|p2a: Empoleon\n|\n|upkeep\n|\n|t:|1700446371\n|switch|p2a: Sneasler|Sneasler, M|95\/100 brn\n|turn|27\n|\n|t:|1700446378\n|move|p2a: Sneasler|Close Combat|p1a: Heatran\n|-supereffective|p1a: Heatran\n|-damage|p1a: Heatran|0 fnt\n|-unboost|p2a: Sneasler|def|1\n|-unboost|p2a: Sneasler|spd|1\n|faint|p1a: Heatran\n|\n|-damage|p2a: Sneasler|89\/100 brn|[from] brn\n|upkeep\n|\n|t:|1700446394\n|switch|p1a: Gholdengo|Gholdengo|91\/100\n|turn|28\n|\n|t:|1700446403\n|switch|p2a: Kingambit|Kingambit, M|94\/100\n|-activate|p2a: Kingambit|ability: Supreme Overlord\n|-start|p2a: Kingambit|fallen1|[silent]\n|move|p1a: Gholdengo|Nasty Plot|p1a: Gholdengo\n|-boost|p1a: Gholdengo|spa|2\n|\n|-heal|p2a: Kingambit|99\/100|[from] item: Leftovers\n|upkeep\n|turn|29\n|\n|t:|1700446421\n|-terastallize|p1a: Gholdengo|Flying\n|move|p1a: Gholdengo|Thunderbolt|p2a: Kingambit\n|-damage|p2a: Kingambit|42\/100\n|move|p2a: Kingambit|Kowtow Cleave|p1a: Gholdengo\n|-damage|p1a: Gholdengo|31\/100\n|\n|-heal|p2a: Kingambit|49\/100|[from] item: Leftovers\n|upkeep\n|turn|30\n|j| Goldensword3478\n|\n|t:|1700446429\n|move|p1a: Gholdengo|Thunderbolt|p2a: Kingambit\n|-damage|p2a: Kingambit|0 fnt\n|faint|p2a: Kingambit\n|-end|p2a: Kingambit|fallen1|[silent]\n|\n|upkeep\n|\n|t:|1700446442\n|switch|p2a: Dragapult|Dragapult, F|100\/100\n|turn|31\n|\n|t:|1700446464\n|switch|p1a: Weezing|Weezing-Galar, F|69\/100\n|-ability|p1a: Weezing|Neutralizing Gas\n|move|p2a: Dragapult|Thunderbolt|p1a: Weezing\n|-damage|p1a: Weezing|32\/100\n|\n|-heal|p1a: Weezing|38\/100|[from] item: Black Sludge\n|upkeep\n|turn|32\n|\n|t:|1700446476\n|move|p2a: Dragapult|Will-O-Wisp|p1a: Weezing\n|-status|p1a: Weezing|brn\n|move|p1a: Weezing|Pain Split|p2a: Dragapult\n|-sethp|p2a: Dragapult|70\/100|[from] move: Pain Split|[silent]\n|-sethp|p1a: Weezing|67\/100 brn|[from] move: Pain Split\n|\n|-heal|p1a: Weezing|73\/100 brn|[from] item: Black Sludge\n|-damage|p1a: Weezing|67\/100 brn|[from] brn\n|upkeep\n|turn|33\n|\n|t:|1700446486\n|move|p2a: Dragapult|Hex|p1a: Weezing\n|-damage|p1a: Weezing|0 fnt\n|faint|p1a: Weezing\n|-end|p1a: Weezing|ability: Neutralizing Gas\n|\n|upkeep\n|\n|t:|1700446491\n|switch|p1a: Greninja|Greninja, M|53\/100\n|turn|34\n|\n|t:|1700446497\n|move|p2a: Dragapult|Thunderbolt|p1a: Greninja\n|-supereffective|p1a: Greninja\n|-damage|p1a: Greninja|0 fnt\n|faint|p1a: Greninja\n|\n|upkeep\n|\n|t:|1700446503\n|switch|p1a: Iron Valiant|Iron Valiant|100\/100\n|turn|35\n|\n|t:|1700446508\n|move|p2a: Dragapult|Will-O-Wisp|p1a: Iron Valiant\n|-status|p1a: Iron Valiant|brn\n|move|p1a: Iron Valiant|Moonblast|p2a: Dragapult\n|-supereffective|p2a: Dragapult\n|-damage|p2a: Dragapult|0 fnt\n|faint|p2a: Dragapult\n|\n|-damage|p1a: Iron Valiant|94\/100 brn|[from] brn\n|upkeep\n|\n|t:|1700446514\n|switch|p2a: Sneasler|Sneasler, M|89\/100 brn\n|turn|36\n|\n|t:|1700446524\n|move|p2a: Sneasler|Dire Claw|p1a: Iron Valiant\n|-supereffective|p1a: Iron Valiant\n|-damage|p1a: Iron Valiant|6\/100 brn\n|move|p1a: Iron Valiant|Close Combat|p2a: Sneasler\n|-resisted|p2a: Sneasler\n|-damage|p2a: Sneasler|68\/100 brn\n|-unboost|p1a: Iron Valiant|def|1\n|-unboost|p1a: Iron Valiant|spd|1\n|\n|-damage|p2a: Sneasler|62\/100 brn|[from] brn\n|-damage|p1a: Iron Valiant|0 fnt|[from] brn\n|faint|p1a: Iron Valiant\n|-end|p1a: Iron Valiant|Quark Drive|[silent]\n|upkeep\n|\n|t:|1700446538\n|switch|p1a: Great Tusk|Great Tusk|51\/100\n|turn|37\n|\n|t:|1700446545\n|move|p2a: Sneasler|Dire Claw|p1a: Great Tusk\n|-resisted|p1a: Great Tusk\n|-damage|p1a: Great Tusk|40\/100\n|-status|p1a: Great Tusk|slp\n|cant|p1a: Great Tusk|slp\n|\n|-damage|p2a: Sneasler|56\/100 brn|[from] brn\n|upkeep\n|turn|38\n|\n|t:|1700446554\n|switch|p2a: Iron Valiant|Iron Valiant|100\/100\n|-enditem|p2a: Iron Valiant|Booster Energy\n|-activate|p2a: Iron Valiant|ability: Quark Drive|[fromitem]\n|-start|p2a: Iron Valiant|quarkdrivespe\n|cant|p1a: Great Tusk|slp\n|\n|upkeep\n|turn|39\n|\n|t:|1700446570\n|move|p2a: Iron Valiant|Moonblast|p1a: Great Tusk\n|-supereffective|p1a: Great Tusk\n|-damage|p1a: Great Tusk|0 fnt\n|faint|p1a: Great Tusk\n|-end|p1a: Great Tusk|Protosynthesis|[silent]\n|\n|upkeep\n|\n|t:|1700446575\n|switch|p1a: Gholdengo|Gholdengo, tera:Flying|31\/100\n|turn|40\n|\n|t:|1700446579\n|move|p2a: Iron Valiant|Thunderbolt|p1a: Gholdengo\n|-supereffective|p1a: Gholdengo\n|-damage|p1a: Gholdengo|0 fnt\n|faint|p1a: Gholdengo\n|\n|win|Prababamaba\n|raw|ziyi1117's rating: 1190 &rarr; <strong>1161<\/strong><br \/>(-29 for losing)\n|raw|Prababamaba's rating: 1133 &rarr; <strong>1162<\/strong><br \/>(+29 for winning)\n|l|\u2606Prababamaba\n|l| Goldensword3478\n","uploadtime":1700446586,"views":13,"p1id":"ziyi1117","p2id":"prababamaba","formatid":"gen9ou","rating":1161,"private":0,"password":""}