{"id":"gen9ou-1997899353","p1":"Oshwottking","p2":"bolsinhaa","format":"[Gen 9] OU","log":"|j|\u2606Oshwottking\n|j|\u2606bolsinhaa\n|t:|1700865178\n|gametype|singles\n|player|p1|Oshwottking|silver|1222\n|player|p2|bolsinhaa|102|1131\n|teamsize|p1|6\n|teamsize|p2|6\n|gen|9\n|tier|[Gen 9] OU\n|rated|\n|rule|Sleep Clause Mod: Limit one foe put to sleep\n|rule|Species Clause: Limit one of each Pok\u00e9mon\n|rule|OHKO Clause: OHKO moves are banned\n|rule|Evasion Items Clause: Evasion items are banned\n|rule|Evasion Moves Clause: Evasion moves are banned\n|rule|Endless Battle Clause: Forcing endless battles is banned\n|rule|HP Percentage Mod: HP is shown in percentages\n|clearpoke\n|poke|p1|Munkidori, M|\n|poke|p1|Garganacl, M|\n|poke|p1|Corviknight, F|\n|poke|p1|Samurott-Hisui, F|\n|poke|p1|Garchomp, M|\n|poke|p1|Cinderace, M|\n|poke|p2|Rillaboom, F|\n|poke|p2|Enamorus, F|\n|poke|p2|Heatran, F|\n|poke|p2|Kingambit, F|\n|poke|p2|Great Tusk|\n|poke|p2|Greninja-*, M|\n|teampreview\n|inactive|Battle timer is ON: inactive players will automatically lose when time's up. (requested by Oshwottking)\n|\n|t:|1700865200\n|start\n|switch|p1a: Samurott|Samurott-Hisui, F|100\/100\n|switch|p2a: Great Tusk|Great Tusk, shiny|100\/100\n|turn|1\n|\n|t:|1700865212\n|-end|p2a: Great Tusk|Protosynthesis|[silent]\n|switch|p2a: Rillaboom|Rillaboom, F|100\/100\n|-fieldstart|move: Grassy Terrain|[from] ability: Grassy Surge|[of] p2a: Rillaboom\n|switch|p1a: Corviknight|Corviknight, F|100\/100\n|-ability|p1a: Corviknight|Pressure\n|\n|upkeep\n|turn|2\n|\n|t:|1700865222\n|move|p2a: Rillaboom|Knock Off|p1a: Corviknight\n|-damage|p1a: Corviknight|68\/100\n|-damage|p2a: Rillaboom|84\/100|[from] item: Rocky Helmet|[of] p1a: Corviknight\n|-enditem|p1a: Corviknight|Rocky Helmet|[from] move: Knock Off|[of] p2a: Rillaboom\n|move|p1a: Corviknight|U-turn|p2a: Rillaboom\n|-supereffective|p2a: Rillaboom\n|-damage|p2a: Rillaboom|55\/100\n|\n|t:|1700865234\n|switch|p1a: Munkidori|Munkidori, M|100\/100|[from] U-turn\n|\n|-heal|p2a: Rillaboom|61\/100|[from] Grassy Terrain\n|upkeep\n|turn|3\n|\n|t:|1700865242\n|switch|p2a: Heatran|Heatran, F|100\/100\n|move|p1a: Munkidori|Focus Blast|p2a: Heatran\n|-supereffective|p2a: Heatran\n|-damage|p2a: Heatran|20\/100\n|\n|-heal|p2a: Heatran|26\/100|[from] Grassy Terrain\n|-heal|p2a: Heatran|32\/100|[from] item: Leftovers\n|upkeep\n|turn|4\n|\n|t:|1700865257\n|move|p1a: Munkidori|Focus Blast|p2a: Heatran\n|-supereffective|p2a: Heatran\n|-damage|p2a: Heatran|0 fnt\n|faint|p2a: Heatran\n|\n|upkeep\n|\n|t:|1700865279\n|switch|p2a: Greninja|Greninja, M, shiny|100\/100\n|turn|5\n|\n|t:|1700865286\n|switch|p1a: Samurott|Samurott-Hisui, F|100\/100\n|move|p2a: Greninja|Dig||[still]\n|-prepare|p2a: Greninja|Dig\n|-start|p2a: Greninja|typechange|Ground|[from] ability: Protean\n|\n|-fieldend|move: Grassy Terrain\n|upkeep\n|turn|6\n|\n|t:|1700865292\n|move|p2a: Greninja|Dig|p1a: Samurott|[from]lockedmove\n|-damage|p1a: Samurott|56\/100\n|move|p1a: Samurott|Razor Shell|p2a: Greninja\n|-supereffective|p2a: Greninja\n|-damage|p2a: Greninja|0 fnt\n|faint|p2a: Greninja\n|\n|upkeep\n|\n|t:|1700865300\n|switch|p2a: Slay|Kingambit, F|100\/100\n|-activate|p2a: Slay|ability: Supreme Overlord\n|-start|p2a: Slay|fallen2|[silent]\n|turn|7\n|\n|t:|1700865306\n|switch|p1a: Corviknight|Corviknight, F|68\/100\n|-ability|p1a: Corviknight|Pressure\n|move|p2a: Slay|Iron Head|p1a: Corviknight\n|-resisted|p1a: Corviknight\n|-damage|p1a: Corviknight|52\/100\n|\n|upkeep\n|turn|8\n|\n|t:|1700865314\n|move|p1a: Corviknight|Roost|p1a: Corviknight\n|-heal|p1a: Corviknight|100\/100\n|-singleturn|p1a: Corviknight|move: Roost\n|move|p2a: Slay|Kowtow Cleave|p1a: Corviknight\n|-damage|p1a: Corviknight|67\/100\n|\n|upkeep\n|turn|9\n|\n|t:|1700865327\n|-end|p2a: Slay|fallen2|[silent]\n|switch|p2a: Great Tusk|Great Tusk, shiny|100\/100\n|move|p1a: Corviknight|U-turn|p2a: Great Tusk\n|-resisted|p2a: Great Tusk\n|-damage|p2a: Great Tusk|95\/100\n|-damage|p1a: Corviknight|51\/100|[from] item: Rocky Helmet|[of] p2a: Great Tusk\n|\n|t:|1700865332\n|switch|p1a: Munkidori|Munkidori, M|100\/100|[from] U-turn\n|\n|upkeep\n|turn|10\n|\n|t:|1700865345\n|move|p1a: Munkidori|Psychic|p2a: Great Tusk\n|-supereffective|p2a: Great Tusk\n|-damage|p2a: Great Tusk|0 fnt\n|faint|p2a: Great Tusk\n|-end|p2a: Great Tusk|Protosynthesis|[silent]\n|\n|upkeep\n|-message|bolsinhaa forfeited.\n|\n|win|Oshwottking\n|raw|Oshwottking's rating: 1222 &rarr; <strong>1241<\/strong><br \/>(+19 for winning)\n|raw|bolsinhaa's rating: 1131 &rarr; <strong>1112<\/strong><br \/>(-19 for losing)\n|l|\u2606bolsinhaa\n","uploadtime":1700865355,"views":2,"p1id":"oshwottking","p2id":"bolsinhaa","formatid":"gen9ou","rating":1112,"private":0,"password":""}