{"id":"gen9ou-2000600626","p1":"Glook","p2":"imnotgrate","format":"[Gen 9] OU","log":"|j|\u2606Glook\n|j|\u2606imnotgrate\n|t:|1701209275\n|gametype|singles\n|player|p1|Glook|nate|1245\n|player|p2|imnotgrate|bertha|1200\n|teamsize|p1|6\n|teamsize|p2|6\n|gen|9\n|tier|[Gen 9] OU\n|rated|\n|rule|Sleep Clause Mod: Limit one foe put to sleep\n|rule|Species Clause: Limit one of each Pok\u00e9mon\n|rule|OHKO Clause: OHKO moves are banned\n|rule|Evasion Items Clause: Evasion items are banned\n|rule|Evasion Moves Clause: Evasion moves are banned\n|rule|Endless Battle Clause: Forcing endless battles is banned\n|rule|HP Percentage Mod: HP is shown in percentages\n|clearpoke\n|poke|p1|Heatran, M|\n|poke|p1|Greninja-*, M|\n|poke|p1|Amoonguss, F|\n|poke|p1|Scizor, F|\n|poke|p1|Skeledirge, M|\n|poke|p1|Lycanroc-Dusk, F|\n|poke|p2|Ceruledge, F|\n|poke|p2|Drifblim, F|\n|poke|p2|Volcanion|\n|poke|p2|Thundurus-Therian, M|\n|poke|p2|Crawdaunt, M|\n|poke|p2|Garchomp, F|\n|teampreview\n|inactive|Battle timer is ON: inactive players will automatically lose when time's up. (requested by imnotgrate)\n|inactive|Glook has 120 seconds left.\n|inactive|Glook has 90 seconds left.\n|\n|t:|1701209341\n|start\n|switch|p1a: Greninja|Greninja, M|100\/100\n|switch|p2a: Garchomp|Garchomp, F|100\/100\n|turn|1\n|\n|t:|1701209347\n|move|p1a: Greninja|Ice Beam|p2a: Garchomp\n|-supereffective|p2a: Garchomp\n|-damage|p2a: Garchomp|0 fnt\n|faint|p2a: Garchomp\n|-ability|p1a: Greninja|Battle Bond|boost\n|-boost|p1a: Greninja|atk|1\n|-boost|p1a: Greninja|spa|1\n|-boost|p1a: Greninja|spe|1\n|-activate|p1a: Greninja|ability: Battle Bond\n|\n|upkeep\n|\n|t:|1701209351\n|switch|p2a: Thundurus|Thundurus-Therian, M|100\/100\n|turn|2\n|\n|t:|1701209354\n|move|p1a: Greninja|Ice Beam|p2a: Thundurus\n|-supereffective|p2a: Thundurus\n|-enditem|p2a: Thundurus|Focus Sash\n|-damage|p2a: Thundurus|1\/100\n|move|p2a: Thundurus|Thunderbolt|p1a: Greninja\n|-supereffective|p1a: Greninja\n|-damage|p1a: Greninja|0 fnt\n|faint|p1a: Greninja\n|\n|upkeep\n|\n|t:|1701209358\n|switch|p1a: Lycanroc|Lycanroc-Dusk, F|100\/100\n|turn|3\n|\n|t:|1701209377\n|move|p1a: Lycanroc|Stealth Rock|p2a: Thundurus\n|-sidestart|p2: imnotgrate|move: Stealth Rock\n|move|p2a: Thundurus|Grass Knot|p1a: Lycanroc\n|-supereffective|p1a: Lycanroc\n|-damage|p1a: Lycanroc|28\/100\n|\n|upkeep\n|turn|4\n|inactive|Glook has 120 seconds left.\n|\n|t:|1701209415\n|move|p1a: Lycanroc|Accelerock|p2a: Thundurus\n|-supereffective|p2a: Thundurus\n|-damage|p2a: Thundurus|0 fnt\n|faint|p2a: Thundurus\n|\n|upkeep\n|\n|t:|1701209422\n|switch|p2a: Drifblim|Drifblim, F|100\/100\n|turn|5\n|\n|t:|1701209429\n|-terastallize|p2a: Drifblim|Normal\n|move|p1a: Lycanroc|Accelerock|p2a: Drifblim\n|-damage|p2a: Drifblim|67\/100\n|move|p2a: Drifblim|Defog|p1a: Lycanroc\n|-unboost|p1a: Lycanroc|evasion|1\n|-sideend|p2: imnotgrate|Stealth Rock|[from] move: Defog|[of] p2a: Drifblim\n|\n|upkeep\n|turn|6\n|\n|t:|1701209437\n|move|p1a: Lycanroc|Close Combat|p2a: Drifblim\n|-supereffective|p2a: Drifblim\n|-damage|p2a: Drifblim|0 fnt\n|-unboost|p1a: Lycanroc|def|1\n|-unboost|p1a: Lycanroc|spd|1\n|-damage|p1a: Lycanroc|4\/100|[from] ability: Aftermath|[of] p2a: Drifblim\n|faint|p2a: Drifblim\n|\n|upkeep\n|\n|t:|1701209441\n|switch|p2a: Crawdaunt|Crawdaunt, M|100\/100\n|turn|7\n|\n|t:|1701209446\n|move|p1a: Lycanroc|Accelerock|p2a: Crawdaunt\n|-damage|p2a: Crawdaunt|72\/100\n|move|p2a: Crawdaunt|Aqua Jet|p1a: Lycanroc\n|-supereffective|p1a: Lycanroc\n|-damage|p1a: Lycanroc|0 fnt\n|faint|p1a: Lycanroc\n|\n|upkeep\n|\n|t:|1701209452\n|switch|p1a: Amoonguss|Amoonguss, F|100\/100\n|turn|8\n|\n|t:|1701209466\n|move|p2a: Crawdaunt|Knock Off|p1a: Amoonguss\n|-damage|p1a: Amoonguss|52\/100\n|-damage|p2a: Crawdaunt|55\/100|[from] item: Rocky Helmet|[of] p1a: Amoonguss\n|-enditem|p1a: Amoonguss|Rocky Helmet|[from] move: Knock Off|[of] p2a: Crawdaunt\n|move|p1a: Amoonguss|Sludge Bomb|p2a: Crawdaunt\n|-damage|p2a: Crawdaunt|4\/100\n|\n|upkeep\n|turn|9\n|\n|t:|1701209476\n|move|p2a: Crawdaunt|Crabhammer|p1a: Amoonguss\n|-resisted|p1a: Amoonguss\n|-damage|p1a: Amoonguss|24\/100\n|move|p1a: Amoonguss|Giga Drain|p2a: Crawdaunt\n|-supereffective|p2a: Crawdaunt\n|-damage|p2a: Crawdaunt|0 fnt\n|-heal|p1a: Amoonguss|25\/100|[from] drain|[of] p2a: Crawdaunt\n|faint|p2a: Crawdaunt\n|\n|upkeep\n|\n|t:|1701209478\n|switch|p2a: Ceruledge|Ceruledge, F|100\/100\n|turn|10\n|\n|t:|1701209481\n|move|p2a: Ceruledge|Bitter Blade|p1a: Amoonguss\n|-supereffective|p1a: Amoonguss\n|-damage|p1a: Amoonguss|0 fnt\n|faint|p1a: Amoonguss\n|\n|upkeep\n|\n|t:|1701209486\n|switch|p1a: Heatran|Heatran, M|100\/100\n|turn|11\n|\n|t:|1701209488\n|-terastallize|p1a: Heatran|Water\n|move|p2a: Ceruledge|Close Combat|p1a: Heatran\n|-damage|p1a: Heatran|68\/100\n|-unboost|p2a: Ceruledge|def|1\n|-unboost|p2a: Ceruledge|spd|1\n|move|p1a: Heatran|Rock Tomb|p2a: Ceruledge\n|-supereffective|p2a: Ceruledge\n|-damage|p2a: Ceruledge|46\/100\n|-unboost|p2a: Ceruledge|spe|1\n|-ability|p2a: Ceruledge|Weak Armor|boost\n|-unboost|p2a: Ceruledge|def|1\n|-boost|p2a: Ceruledge|spe|2\n|\n|-heal|p1a: Heatran|75\/100|[from] item: Leftovers\n|upkeep\n|turn|12\n|\n|t:|1701209495\n|move|p2a: Ceruledge|Shadow Sneak|p1a: Heatran\n|-damage|p1a: Heatran|56\/100\n|move|p1a: Heatran|Magma Storm|p2a: Ceruledge\n|-resisted|p2a: Ceruledge\n|-damage|p2a: Ceruledge|4\/100\n|-activate|p2a: Ceruledge|move: Magma Storm|[of] p1a: Heatran\n|\n|-heal|p1a: Heatran|62\/100|[from] item: Leftovers\n|-damage|p2a: Ceruledge|0 fnt|[from] move: Magma Storm|[partiallytrapped]\n|faint|p2a: Ceruledge\n|upkeep\n|\n|t:|1701209497\n|switch|p2a: Volcanion|Volcanion|100\/100\n|turn|13\n|\n|t:|1701209501\n|move|p2a: Volcanion|Sludge Bomb|p1a: Heatran\n|-damage|p1a: Heatran|40\/100\n|-status|p1a: Heatran|psn\n|move|p1a: Heatran|Rock Tomb|p2a: Volcanion\n|-supereffective|p2a: Volcanion\n|-damage|p2a: Volcanion|82\/100\n|-unboost|p2a: Volcanion|spe|1\n|\n|-heal|p1a: Heatran|46\/100 psn|[from] item: Leftovers\n|-damage|p1a: Heatran|34\/100 psn|[from] psn\n|upkeep\n|turn|14\n|\n|t:|1701209504\n|move|p1a: Heatran|Rock Tomb|p2a: Volcanion\n|-supereffective|p2a: Volcanion\n|-damage|p2a: Volcanion|62\/100\n|-unboost|p2a: Volcanion|spe|1\n|move|p2a: Volcanion|Sludge Bomb|p1a: Heatran\n|-crit|p1a: Heatran\n|-damage|p1a: Heatran|0 fnt\n|faint|p1a: Heatran\n|\n|upkeep\n|\n|t:|1701209510\n|switch|p1a: Skeledirge|Skeledirge, M|100\/100\n|turn|15\n|\n|t:|1701209512\n|move|p1a: Skeledirge|Shadow Ball|p2a: Volcanion\n|-damage|p2a: Volcanion|35\/100\n|move|p2a: Volcanion|Steam Eruption|p1a: Skeledirge\n|-supereffective|p1a: Skeledirge\n|-damage|p1a: Skeledirge|0 fnt\n|faint|p1a: Skeledirge\n|\n|upkeep\n|\n|t:|1701209515\n|switch|p1a: Scizor|Scizor, F|100\/100\n|turn|16\n|\n|t:|1701209518\n|move|p1a: Scizor|Knock Off|p2a: Volcanion\n|-damage|p2a: Volcanion|0 fnt\n|-enditem|p2a: Volcanion|Assault Vest|[from] move: Knock Off|[of] p1a: Scizor\n|faint|p2a: Volcanion\n|\n|win|Glook\n|raw|Glook's rating: 1245 &rarr; <strong>1267<\/strong><br \/>(+22 for winning)\n|raw|imnotgrate's rating: 1200 &rarr; <strong>1178<\/strong><br \/>(-22 for losing)\n|l|\u2606imnotgrate\n|c|\u2606Glook|Gg\n","uploadtime":1701209639,"views":7,"p1id":"glook","p2id":"imnotgrate","formatid":"gen9ou","rating":1178,"private":0,"password":""}