{"id":"gen9ou-1996451374","p1":"DidierLeChasseur","p2":"Coeli","format":"[Gen 9] OU","log":"|j|\u2606DidierLeChasseur\n|j|\u2606Coeli\n|t:|1700683285\n|gametype|singles\n|player|p1|DidierLeChasseur|hiker-gen4|1321\n|player|p2|Coeli|swimmer-gen7|1334\n|teamsize|p1|6\n|teamsize|p2|6\n|gen|9\n|tier|[Gen 9] OU\n|rated|\n|rule|Sleep Clause Mod: Limit one foe put to sleep\n|rule|Species Clause: Limit one of each Pok\u00e9mon\n|rule|OHKO Clause: OHKO moves are banned\n|rule|Evasion Items Clause: Evasion items are banned\n|rule|Evasion Moves Clause: Evasion moves are banned\n|rule|Endless Battle Clause: Forcing endless battles is banned\n|rule|HP Percentage Mod: HP is shown in percentages\n|clearpoke\n|poke|p1|Samurott-Hisui, M|\n|poke|p1|Rillaboom, M|\n|poke|p1|Heatran, M|\n|poke|p1|Manaphy|\n|poke|p1|Clefable, M|\n|poke|p1|Zamazenta-*|\n|poke|p2|Glimmora, M|\n|poke|p2|Ribombee, M|\n|poke|p2|Ogerpon, F|\n|poke|p2|Manaphy|\n|poke|p2|Ceruledge, F|\n|poke|p2|Iron Valiant|\n|teampreview\n|\n|t:|1700683304\n|start\n|switch|p1a: Samurott|Samurott-Hisui, M|100\/100\n|switch|p2a: Ogerpon|Ogerpon, F|100\/100\n|turn|1\n|\n|t:|1700683315\n|switch|p1a: Rillaboom|Rillaboom, M|100\/100\n|-fieldstart|move: Grassy Terrain|[from] ability: Grassy Surge|[of] p1a: Rillaboom\n|move|p2a: Ogerpon|Ivy Cudgel|p1a: Rillaboom\n|-resisted|p1a: Rillaboom\n|-damage|p1a: Rillaboom|65\/100\n|\n|-heal|p1a: Rillaboom|71\/100|[from] Grassy Terrain\n|upkeep\n|turn|2\n|\n|t:|1700683327\n|move|p2a: Ogerpon|Spiky Shield|p2a: Ogerpon\n|-singleturn|p2a: Ogerpon|move: Protect\n|move|p1a: Rillaboom|U-turn|p2a: Ogerpon\n|-activate|p2a: Ogerpon|move: Protect\n|-damage|p1a: Rillaboom|59\/100|[from] Spiky Shield|[of] p2a: Ogerpon\n|\n|-heal|p1a: Rillaboom|65\/100|[from] Grassy Terrain\n|upkeep\n|turn|3\n|\n|t:|1700683337\n|switch|p2a: Ceruledge|Ceruledge, F|100\/100\n|move|p1a: Rillaboom|U-turn|p2a: Ceruledge\n|-resisted|p2a: Ceruledge\n|-damage|p2a: Ceruledge|86\/100\n|-ability|p2a: Ceruledge|Weak Armor|boost\n|-unboost|p2a: Ceruledge|def|1\n|-boost|p2a: Ceruledge|spe|2\n|\n|t:|1700683349\n|switch|p1a: Samurott|Samurott-Hisui, M|100\/100|[from] U-turn\n|\n|-heal|p2a: Ceruledge|93\/100|[from] Grassy Terrain\n|upkeep\n|turn|4\n|\n|t:|1700683359\n|move|p2a: Ceruledge|Destiny Bond|p2a: Ceruledge\n|-singlemove|p2a: Ceruledge|Destiny Bond\n|move|p1a: Samurott|Ceaseless Edge|p2a: Ceruledge\n|-supereffective|p2a: Ceruledge\n|-damage|p2a: Ceruledge|0 fnt\n|-sidestart|p2: Coeli|Spikes\n|faint|p2a: Ceruledge\n|-activate|p2a: Ceruledge|move: Destiny Bond\n|faint|p1a: Samurott\n|\n|upkeep\n|\n|t:|1700683373\n|switch|p1a: Manaphy|Manaphy|100\/100\n|switch|p2a: Glimmora|Glimmora, M|100\/100\n|-item|p2a: Glimmora|Air Balloon\n|turn|5\n|\n|t:|1700683382\n|move|p2a: Glimmora|Mortal Spin|p1a: Manaphy\n|-damage|p1a: Manaphy|95\/100\n|-status|p1a: Manaphy|psn\n|-sideend|p2: Coeli|Spikes|[from] move: Mortal Spin|[of] p2a: Glimmora\n|move|p1a: Manaphy|Take Heart|p1a: Manaphy\n|-boost|p1a: Manaphy|spa|1\n|-boost|p1a: Manaphy|spd|1\n|-curestatus|p1a: Manaphy|psn|[msg]\n|\n|-heal|p1a: Manaphy|100\/100|[from] Grassy Terrain\n|-fieldend|move: Grassy Terrain\n|upkeep\n|turn|6\n|\n|t:|1700683409\n|switch|p2a: Iron Valiant|Iron Valiant|100\/100\n|move|p1a: Manaphy|Acid Armor|p1a: Manaphy\n|-boost|p1a: Manaphy|def|2\n|\n|upkeep\n|turn|7\n|\n|t:|1700683417\n|move|p2a: Iron Valiant|Thunderbolt|p1a: Manaphy\n|-supereffective|p1a: Manaphy\n|-crit|p1a: Manaphy\n|-damage|p1a: Manaphy|23\/100\n|move|p1a: Manaphy|Stored Power|p2a: Iron Valiant\n|-supereffective|p2a: Iron Valiant\n|-damage|p2a: Iron Valiant|0 fnt\n|faint|p2a: Iron Valiant\n|-end|p2a: Iron Valiant|Quark Drive|[silent]\n|\n|-heal|p1a: Manaphy|29\/100|[from] item: Leftovers\n|upkeep\n|\n|t:|1700683425\n|switch|p2a: Ogerpon|Ogerpon, F|100\/100\n|turn|8\n|\n|t:|1700683440\n|-terastallize|p1a: Manaphy|Fairy\n|move|p2a: Ogerpon|Ivy Cudgel|p1a: Manaphy\n|-damage|p1a: Manaphy|12\/100\n|move|p1a: Manaphy|Stored Power|p2a: Ogerpon\n|-damage|p2a: Ogerpon|58\/100\n|\n|-heal|p1a: Manaphy|18\/100|[from] item: Leftovers\n|upkeep\n|turn|9\n|\n|t:|1700683455\n|move|p2a: Ogerpon|Swords Dance|p2a: Ogerpon\n|-boost|p2a: Ogerpon|atk|2\n|move|p1a: Manaphy|Stored Power|p2a: Ogerpon\n|-damage|p2a: Ogerpon|20\/100\n|\n|-heal|p1a: Manaphy|25\/100|[from] item: Leftovers\n|upkeep\n|turn|10\n|\n|t:|1700683463\n|move|p2a: Ogerpon|Ivy Cudgel|p1a: Manaphy\n|-crit|p1a: Manaphy\n|-damage|p1a: Manaphy|0 fnt\n|faint|p1a: Manaphy\n|\n|upkeep\n|\n|t:|1700683494\n|switch|p1a: Heatran|Heatran, M|100\/100\n|turn|11\n|\n|t:|1700683499\n|move|p2a: Ogerpon|Spiky Shield|p2a: Ogerpon\n|-singleturn|p2a: Ogerpon|move: Protect\n|move|p1a: Heatran|Magma Storm|p2a: Ogerpon\n|-activate|p2a: Ogerpon|move: Protect\n|\n|upkeep\n|turn|12\n|\n|t:|1700683505\n|move|p2a: Ogerpon|Stomping Tantrum|p1a: Heatran\n|-supereffective|p1a: Heatran\n|-damage|p1a: Heatran|0 fnt\n|faint|p1a: Heatran\n|\n|upkeep\n|\n|t:|1700683511\n|switch|p1a: Zamazenta|Zamazenta|100\/100\n|-ability|p1a: Zamazenta|Dauntless Shield|boost\n|-boost|p1a: Zamazenta|def|1\n|turn|13\n|\n|t:|1700683543\n|-terastallize|p2a: Ogerpon|Grass\n|detailschange|p2a: Ogerpon|Ogerpon-Teal-Tera, F, tera:Grass\n|-ability|p2a: Ogerpon|Embody Aspect (Teal)|boost\n|-boost|p2a: Ogerpon|spe|1\n|move|p2a: Ogerpon|Ivy Cudgel|p1a: Zamazenta\n|-damage|p1a: Zamazenta|41\/100\n|move|p1a: Zamazenta|Substitute|p1a: Zamazenta\n|-start|p1a: Zamazenta|Substitute\n|-damage|p1a: Zamazenta|17\/100\n|\n|-heal|p1a: Zamazenta|23\/100|[from] item: Leftovers\n|upkeep\n|turn|14\n|\n|t:|1700683555\n|move|p2a: Ogerpon|Ivy Cudgel|p1a: Zamazenta\n|-end|p1a: Zamazenta|Substitute\n|move|p1a: Zamazenta|Body Press|p2a: Ogerpon\n|-damage|p2a: Ogerpon|0 fnt\n|faint|p2a: Ogerpon\n|\n|-heal|p1a: Zamazenta|29\/100|[from] item: Leftovers\n|upkeep\n|\n|t:|1700683569\n|switch|p2a: Ribombee|Ribombee, M|100\/100\n|turn|15\n|\n|t:|1700683578\n|move|p2a: Ribombee|Moonblast|p1a: Zamazenta\n|-supereffective|p1a: Zamazenta\n|-damage|p1a: Zamazenta|0 fnt\n|faint|p1a: Zamazenta\n|\n|upkeep\n|\n|t:|1700683585\n|switch|p1a: Clefable|Clefable, M|100\/100\n|turn|16\n|\n|t:|1700683591\n|switch|p2a: Glimmora|Glimmora, M|100\/100\n|-item|p2a: Glimmora|Air Balloon\n|move|p1a: Clefable|Moonblast|p2a: Glimmora\n|-resisted|p2a: Glimmora\n|-damage|p2a: Glimmora|80\/100\n|-enditem|p2a: Glimmora|Air Balloon\n|\n|upkeep\n|turn|17\n|\n|t:|1700683602\n|move|p2a: Glimmora|Toxic|p1a: Clefable\n|-status|p1a: Clefable|tox\n|move|p1a: Clefable|Moonblast|p2a: Glimmora\n|-resisted|p2a: Glimmora\n|-damage|p2a: Glimmora|59\/100\n|\n|upkeep\n|turn|18\n|\n|t:|1700683612\n|move|p2a: Glimmora|Stealth Rock|p1a: Clefable\n|-sidestart|p1: DidierLeChasseur|move: Stealth Rock\n|move|p1a: Clefable|Moonblast|p2a: Glimmora\n|-resisted|p2a: Glimmora\n|-damage|p2a: Glimmora|39\/100\n|\n|upkeep\n|turn|19\n|\n|t:|1700683627\n|switch|p2a: Manaphy|Manaphy|100\/100\n|move|p1a: Clefable|Moonblast|p2a: Manaphy\n|-damage|p2a: Manaphy|68\/100\n|\n|-heal|p2a: Manaphy|74\/100|[from] item: Leftovers\n|upkeep\n|turn|20\n|\n|t:|1700683636\n|move|p2a: Manaphy|Tail Glow|p2a: Manaphy\n|-boost|p2a: Manaphy|spa|3\n|move|p1a: Clefable|Wish|p1a: Clefable\n|\n|-heal|p2a: Manaphy|80\/100|[from] item: Leftovers\n|upkeep\n|turn|21\n|\n|t:|1700683647\n|switch|p1a: Rillaboom|Rillaboom, M|65\/100\n|-damage|p1a: Rillaboom|52\/100|[from] Stealth Rock\n|-fieldstart|move: Grassy Terrain|[from] ability: Grassy Surge|[of] p1a: Rillaboom\n|move|p2a: Manaphy|Surf|p1a: Rillaboom\n|-resisted|p1a: Rillaboom\n|-damage|p1a: Rillaboom|0 fnt\n|faint|p1a: Rillaboom\n|\n|-heal|p2a: Manaphy|86\/100|[from] Grassy Terrain\n|-heal|p2a: Manaphy|92\/100|[from] item: Leftovers\n|upkeep\n|\n|t:|1700683658\n|switch|p1a: Clefable|Clefable, M|100\/100 tox\n|turn|22\n|c|\u2606DidierLeChasseur|gg\n|\n|t:|1700683672\n|move|p2a: Manaphy|Surf|p1a: Clefable\n|-damage|p1a: Clefable|2\/100 tox\n|move|p1a: Clefable|Moonblast|p2a: Manaphy\n|-damage|p2a: Manaphy|61\/100\n|\n|-heal|p2a: Manaphy|67\/100|[from] Grassy Terrain\n|-heal|p2a: Manaphy|74\/100|[from] item: Leftovers\n|-heal|p1a: Clefable|8\/100 tox|[from] Grassy Terrain\n|-heal|p1a: Clefable|14\/100 tox|[from] item: Leftovers\n|upkeep\n|turn|23\n|c|\u2606Coeli|gg\n|-message|DidierLeChasseur forfeited.\n|\n|win|Coeli\n|raw|DidierLeChasseur's rating: 1321 &rarr; <strong>1302<\/strong><br \/>(-19 for losing)\n|raw|Coeli's rating: 1334 &rarr; <strong>1353<\/strong><br \/>(+19 for winning)\n|l|\u2606DidierLeChasseur\n","uploadtime":1700683692,"views":0,"p1id":"didierlechasseur","p2id":"coeli","formatid":"gen9ou","rating":1302,"private":0,"password":""}