{"id":"gen9ou-1997757527","p1":"RayParK_","p2":"hmsa2012","format":"[Gen 9] OU","log":"|j|\u2606RayParK_\n|j|\u2606hmsa2012\n|t:|1700849455\n|gametype|singles\n|player|p1|RayParK_|170|1632\n|player|p2|hmsa2012|steven|1575\n|teamsize|p1|6\n|teamsize|p2|6\n|gen|9\n|tier|[Gen 9] OU\n|rated|\n|rule|Sleep Clause Mod: Limit one foe put to sleep\n|rule|Species Clause: Limit one of each Pok\u00e9mon\n|rule|OHKO Clause: OHKO moves are banned\n|rule|Evasion Items Clause: Evasion items are banned\n|rule|Evasion Moves Clause: Evasion moves are banned\n|rule|Endless Battle Clause: Forcing endless battles is banned\n|rule|HP Percentage Mod: HP is shown in percentages\n|clearpoke\n|poke|p1|Great Tusk|\n|poke|p1|Slowking-Galar, M|\n|poke|p1|Kingambit, M|\n|poke|p1|Zamazenta-*|\n|poke|p1|Landorus-Therian, M|\n|poke|p1|Gholdengo|\n|poke|p2|Ribombee, M|\n|poke|p2|Torterra, F|\n|poke|p2|Rillaboom, F|\n|poke|p2|Iron Moth|\n|poke|p2|Manaphy|\n|poke|p2|Gholdengo|\n|teampreview\n|\n|t:|1700849483\n|start\n|switch|p1a: Gholdengo|Gholdengo|100\/100\n|switch|p2a: Ribombee|Ribombee, M, shiny|100\/100\n|turn|1\n|\n|t:|1700849489\n|move|p1a: Gholdengo|Shadow Ball|p2a: Ribombee\n|-damage|p2a: Ribombee|23\/100\n|move|p2a: Ribombee|Sticky Web|p1a: Gholdengo\n|-sidestart|p1: RayParK_|move: Sticky Web\n|\n|upkeep\n|turn|2\n|inactive|Battle timer is ON: inactive players will automatically lose when time's up. (requested by hmsa2012)\n|\n|t:|1700849497\n|move|p1a: Gholdengo|Shadow Ball|p2a: Ribombee\n|-damage|p2a: Ribombee|0 fnt\n|faint|p2a: Ribombee\n|\n|upkeep\n|\n|t:|1700849502\n|switch|p2a: Iron Moth|Iron Moth|100\/100\n|-enditem|p2a: Iron Moth|Booster Energy\n|-activate|p2a: Iron Moth|ability: Quark Drive|[fromitem]\n|-start|p2a: Iron Moth|quarkdrivespa\n|turn|3\n|\n|t:|1700849511\n|switch|p1a: Slowking|Slowking-Galar, M|100\/100\n|-activate|p1a: Slowking|move: Sticky Web\n|-unboost|p1a: Slowking|spe|1\n|move|p2a: Iron Moth|Fiery Dance|p1a: Slowking\n|-damage|p1a: Slowking|80\/100\n|\n|upkeep\n|turn|4\n|\n|t:|1700849518\n|move|p2a: Iron Moth|Substitute|p2a: Iron Moth\n|-start|p2a: Iron Moth|Substitute\n|-damage|p2a: Iron Moth|76\/100\n|move|p1a: Slowking|Psychic|p2a: Iron Moth\n|-supereffective|p2a: Iron Moth\n|-end|p2a: Iron Moth|Substitute\n|\n|upkeep\n|turn|5\n|\n|t:|1700849525\n|move|p2a: Iron Moth|Fiery Dance|p1a: Slowking\n|-damage|p1a: Slowking|56\/100\n|-boost|p2a: Iron Moth|spa|1\n|move|p1a: Slowking|Psychic|p2a: Iron Moth\n|-supereffective|p2a: Iron Moth\n|-damage|p2a: Iron Moth|3\/100\n|\n|upkeep\n|turn|6\n|\n|t:|1700849533\n|move|p2a: Iron Moth|Fiery Dance|p1a: Slowking\n|-damage|p1a: Slowking|21\/100\n|move|p1a: Slowking|Psychic|p2a: Iron Moth\n|-supereffective|p2a: Iron Moth\n|-damage|p2a: Iron Moth|0 fnt\n|faint|p2a: Iron Moth\n|-end|p2a: Iron Moth|Quark Drive|[silent]\n|\n|upkeep\n|\n|t:|1700849544\n|switch|p2a: Rillaboom|Rillaboom, F|100\/100\n|-fieldstart|move: Grassy Terrain|[from] ability: Grassy Surge|[of] p2a: Rillaboom\n|turn|7\n|\n|t:|1700849554\n|move|p2a: Rillaboom|Knock Off|p1a: Slowking\n|-supereffective|p1a: Slowking\n|-damage|p1a: Slowking|0 fnt\n|-enditem|p1a: Slowking|Assault Vest|[from] move: Knock Off|[of] p2a: Rillaboom\n|faint|p1a: Slowking\n|\n|upkeep\n|\n|t:|1700849561\n|switch|p1a: Kingambit|Kingambit, M|100\/100\n|-activate|p1a: Kingambit|move: Sticky Web\n|-unboost|p1a: Kingambit|spe|1\n|-activate|p1a: Kingambit|ability: Supreme Overlord\n|-start|p1a: Kingambit|fallen1|[silent]\n|turn|8\n|\n|t:|1700849572\n|move|p2a: Rillaboom|Low Kick|p1a: Kingambit\n|-supereffective|p1a: Kingambit\n|-damage|p1a: Kingambit|0 fnt\n|faint|p1a: Kingambit\n|-end|p1a: Kingambit|fallen1|[silent]\n|\n|upkeep\n|\n|t:|1700849588\n|switch|p1a: Zamazenta|Zamazenta|100\/100\n|-activate|p1a: Zamazenta|move: Sticky Web\n|-unboost|p1a: Zamazenta|spe|1\n|-ability|p1a: Zamazenta|Dauntless Shield|boost\n|-boost|p1a: Zamazenta|def|1\n|turn|9\n|\n|t:|1700849596\n|switch|p2a: Gholdengo|Gholdengo|100\/100\n|-item|p2a: Gholdengo|Air Balloon\n|-terastallize|p1a: Zamazenta|Fighting\n|move|p1a: Zamazenta|Close Combat|p2a: Gholdengo\n|-immune|p2a: Gholdengo\n|\n|upkeep\n|turn|10\n|\n|t:|1700849607\n|switch|p1a: Gholdengo|Gholdengo|100\/100\n|-activate|p1a: Gholdengo|move: Sticky Web\n|-unboost|p1a: Gholdengo|spe|1\n|move|p2a: Gholdengo|Shadow Ball|p1a: Gholdengo\n|-supereffective|p1a: Gholdengo\n|-damage|p1a: Gholdengo|9\/100\n|\n|-heal|p1a: Gholdengo|15\/100|[from] Grassy Terrain\n|upkeep\n|turn|11\n|\n|t:|1700849628\n|move|p2a: Gholdengo|Shadow Ball|p1a: Gholdengo\n|-supereffective|p1a: Gholdengo\n|-damage|p1a: Gholdengo|0 fnt\n|faint|p1a: Gholdengo\n|\n|-fieldend|move: Grassy Terrain\n|upkeep\n|\n|t:|1700849634\n|switch|p1a: Landorus|Landorus-Therian, M, shiny|100\/100\n|-ability|p1a: Landorus|Intimidate|boost\n|-unboost|p2a: Gholdengo|atk|1\n|turn|12\n|\n|t:|1700849640\n|move|p2a: Gholdengo|Nasty Plot|p2a: Gholdengo\n|-boost|p2a: Gholdengo|spa|2\n|move|p1a: Landorus|Grass Knot|p2a: Gholdengo\n|-resisted|p2a: Gholdengo\n|-damage|p2a: Gholdengo|93\/100\n|-enditem|p2a: Gholdengo|Air Balloon\n|\n|upkeep\n|turn|13\n|\n|t:|1700849649\n|-terastallize|p2a: Gholdengo|Fairy\n|move|p2a: Gholdengo|Shadow Ball|p1a: Landorus\n|-damage|p1a: Landorus|10\/100\n|move|p1a: Landorus|Earthquake|p2a: Gholdengo\n|-damage|p2a: Gholdengo|39\/100\n|\n|upkeep\n|turn|14\n|\n|t:|1700849656\n|move|p2a: Gholdengo|Shadow Ball|p1a: Landorus\n|-damage|p1a: Landorus|0 fnt\n|faint|p1a: Landorus\n|\n|upkeep\n|-message|RayParK_ forfeited.\n|\n|win|hmsa2012\n|raw|RayParK_'s rating: 1632 &rarr; <strong>1609<\/strong><br \/>(-23 for losing)\n|raw|hmsa2012's rating: 1575 &rarr; <strong>1598<\/strong><br \/>(+23 for winning)\n|l|\u2606RayParK_\n","uploadtime":1700849671,"views":7,"p1id":"raypark","p2id":"hmsa2012","formatid":"gen9ou","rating":1598,"private":0,"password":""}