{"id":"gen9ou-1992580330","p1":"Rextah","p2":"Speeedd","format":"[Gen 9] OU","log":"|j|\u2606Rextah\n|j|\u2606Speeedd\n|t:|1700209399\n|gametype|singles\n|player|p1|Rextah|265|1013\n|player|p2|Speeedd|170|1026\n|teamsize|p1|6\n|teamsize|p2|6\n|gen|9\n|tier|[Gen 9] OU\n|rated|\n|rule|Sleep Clause Mod: Limit one foe put to sleep\n|rule|Species Clause: Limit one of each Pok\u00e9mon\n|rule|OHKO Clause: OHKO moves are banned\n|rule|Evasion Items Clause: Evasion items are banned\n|rule|Evasion Moves Clause: Evasion moves are banned\n|rule|Endless Battle Clause: Forcing endless battles is banned\n|rule|HP Percentage Mod: HP is shown in percentages\n|clearpoke\n|poke|p1|Typhlosion-Hisui, M|\n|poke|p1|Torkoal, M|\n|poke|p1|Charizard, M|\n|poke|p1|Ogerpon-Wellspring, F|\n|poke|p1|Pikachu, F|\n|poke|p1|Kingambit, M|\n|poke|p2|Dusclops, F|\n|poke|p2|Charizard, F|\n|poke|p2|Garchomp, F|\n|poke|p2|Amoonguss, F|\n|poke|p2|Gastrodon, M|\n|poke|p2|Zamazenta-*|\n|teampreview\n|\n|t:|1700209425\n|start\n|switch|p1a: Torkoal|Torkoal, M|100\/100\n|switch|p2a: Garchomp|Garchomp, F|100\/100\n|-weather|SunnyDay|[from] ability: Drought|[of] p1a: Torkoal\n|turn|1\n|\n|t:|1700209437\n|switch|p2a: bro|Gastrodon, M|100\/100\n|move|p1a: Torkoal|Yawn|p2a: bro\n|-start|p2a: bro|move: Yawn|[of] p1a: Torkoal\n|\n|-weather|SunnyDay|[upkeep]\n|upkeep\n|turn|2\n|\n|t:|1700209447\n|move|p2a: bro|Waterfall|p1a: Torkoal\n|-supereffective|p1a: Torkoal\n|-damage|p1a: Torkoal|81\/100\n|cant|p1a: Torkoal|flinch\n|\n|-weather|SunnyDay|[upkeep]\n|-end|p2a: bro|move: Yawn|[silent]\n|-status|p2a: bro|slp\n|upkeep\n|turn|3\n|\n|t:|1700209476\n|cant|p2a: bro|slp\n|move|p1a: Torkoal|Stealth Rock|p2a: bro\n|-sidestart|p2: Speeedd|move: Stealth Rock\n|\n|-weather|SunnyDay|[upkeep]\n|upkeep\n|turn|4\n|\n|t:|1700209490\n|-curestatus|p2a: bro|slp|[msg]\n|move|p2a: bro|Ice Beam|p1a: Torkoal\n|-resisted|p1a: Torkoal\n|-damage|p1a: Torkoal|71\/100\n|move|p1a: Torkoal|Rapid Spin|p2a: bro\n|-damage|p2a: bro|90\/100\n|-boost|p1a: Torkoal|spe|1\n|\n|-weather|SunnyDay|[upkeep]\n|upkeep\n|turn|5\n|\n|t:|1700209504\n|move|p1a: Torkoal|Yawn|p2a: bro\n|-start|p2a: bro|move: Yawn|[of] p1a: Torkoal\n|move|p2a: bro|Counter||[still]\n|-fail|p2a: bro\n|\n|-weather|SunnyDay|[upkeep]\n|upkeep\n|turn|6\n|\n|t:|1700209532\n|switch|p1a: Charizard|Charizard, M, shiny|100\/100\n|move|p2a: bro|Waterfall|p1a: Charizard\n|-supereffective|p1a: Charizard\n|-damage|p1a: Charizard|63\/100\n|\n|-weather|SunnyDay|[upkeep]\n|-damage|p1a: Charizard|51\/100|[from] ability: Solar Power|[of] p1a: Charizard\n|-end|p2a: bro|move: Yawn|[silent]\n|-status|p2a: bro|slp\n|upkeep\n|turn|7\n|\n|t:|1700209555\n|move|p1a: Charizard|Solar Beam||[still]\n|-prepare|p1a: Charizard|Solar Beam\n|-anim|p1a: Charizard|Solar Beam|p2a: bro\n|-supereffective|p2a: bro\n|-damage|p2a: bro|0 fnt\n|faint|p2a: bro\n|-damage|p1a: Charizard|41\/100|[from] item: Life Orb\n|\n|-weather|SunnyDay|[upkeep]\n|-damage|p1a: Charizard|29\/100|[from] ability: Solar Power|[of] p1a: Charizard\n|upkeep\n|\n|t:|1700209566\n|switch|p2a: Zamazenta|Zamazenta|100\/100\n|-damage|p2a: Zamazenta|94\/100|[from] Stealth Rock\n|-ability|p2a: Zamazenta|Dauntless Shield|boost\n|-boost|p2a: Zamazenta|def|1\n|turn|8\n|\n|t:|1700209578\n|move|p1a: Charizard|Fire Blast|p2a: Zamazenta\n|-damage|p2a: Zamazenta|0 fnt\n|faint|p2a: Zamazenta\n|-damage|p1a: Charizard|19\/100|[from] item: Life Orb\n|\n|-weather|none\n|upkeep\n|\n|t:|1700209587\n|switch|p2a: Garchomp|Garchomp, F|100\/100\n|-damage|p2a: Garchomp|94\/100|[from] Stealth Rock\n|turn|9\n|\n|t:|1700209603\n|-terastallize|p1a: Charizard|Ice\n|move|p1a: Charizard|Tera Blast|p2a: Garchomp|[anim] Tera Blast Ice\n|-supereffective|p2a: Garchomp\n|-damage|p2a: Garchomp|0 fnt\n|faint|p2a: Garchomp\n|-damage|p1a: Charizard|9\/100|[from] item: Life Orb\n|\n|upkeep\n|\n|t:|1700209611\n|switch|p2a: Dusclops|Dusclops, F, shiny|100\/100\n|-damage|p2a: Dusclops|88\/100|[from] Stealth Rock\n|-ability|p2a: Dusclops|Pressure\n|turn|10\n|\n|t:|1700209620\n|move|p1a: Charizard|Fire Blast|p2a: Dusclops\n|-damage|p2a: Dusclops|43\/100\n|-status|p2a: Dusclops|brn\n|-damage|p1a: Charizard|0 fnt|[from] item: Life Orb\n|faint|p1a: Charizard\n|move|p2a: Dusclops|Night Shade|p1: Charizard|[notarget]\n|-fail|p2a: Dusclops\n|\n|-damage|p2a: Dusclops|37\/100 brn|[from] brn\n|upkeep\n|\n|t:|1700209631\n|switch|p1a: Torkoal|Torkoal, M|71\/100\n|-weather|SunnyDay|[from] ability: Drought|[of] p1a: Torkoal\n|turn|11\n|\n|t:|1700209644\n|move|p1a: Torkoal|Protect|p1a: Torkoal\n|-singleturn|p1a: Torkoal|Protect\n|move|p2a: Dusclops|Memento|p1a: Torkoal\n|-activate|p1a: Torkoal|move: Protect\n|\n|-weather|SunnyDay|[upkeep]\n|-damage|p2a: Dusclops|31\/100 brn|[from] brn\n|upkeep\n|turn|12\n|\n|t:|1700209655\n|move|p2a: Dusclops|Memento|p1a: Torkoal\n|-unboost|p1a: Torkoal|atk|2\n|-unboost|p1a: Torkoal|spa|2\n|faint|p2a: Dusclops\n|move|p1a: Torkoal|Rapid Spin|p2: Dusclops|[notarget]\n|-fail|p1a: Torkoal\n|\n|-weather|SunnyDay|[upkeep]\n|upkeep\n|\n|t:|1700209664\n|switch|p2a: Charizard|Charizard, F, shiny|100\/100\n|-damage|p2a: Charizard|50\/100|[from] Stealth Rock\n|turn|13\n|\n|t:|1700209671\n|move|p2a: Charizard|Swords Dance|p2a: Charizard\n|-boost|p2a: Charizard|atk|2\n|move|p1a: Torkoal|Yawn|p2a: Charizard\n|-start|p2a: Charizard|move: Yawn|[of] p1a: Torkoal\n|\n|-weather|SunnyDay|[upkeep]\n|-heal|p2a: Charizard|57\/100|[from] item: Leftovers\n|upkeep\n|turn|14\n|\n|t:|1700209684\n|move|p2a: Charizard|Air Slash|p1a: Torkoal\n|-damage|p1a: Torkoal|47\/100\n|move|p1a: Torkoal|Rapid Spin|p2a: Charizard\n|-damage|p2a: Charizard|51\/100\n|-boost|p1a: Torkoal|spe|1\n|\n|-weather|SunnyDay|[upkeep]\n|-heal|p2a: Charizard|57\/100|[from] item: Leftovers\n|-end|p2a: Charizard|move: Yawn|[silent]\n|-status|p2a: Charizard|slp\n|upkeep\n|turn|15\n|\n|t:|1700209695\n|switch|p1a: Pikachu|Pikachu, F|100\/100\n|cant|p2a: Charizard|slp\n|\n|-weather|SunnyDay|[upkeep]\n|-heal|p2a: Charizard|63\/100 slp|[from] item: Leftovers\n|upkeep\n|turn|16\n|\n|t:|1700209712\n|move|p1a: Pikachu|Thunder|p2a: Charizard\n|-supereffective|p2a: Charizard\n|-damage|p2a: Charizard|0 fnt\n|faint|p2a: Charizard\n|\n|-weather|SunnyDay|[upkeep]\n|upkeep\n|\n|t:|1700209720\n|switch|p2a: Amoonguss|Amoonguss, F|100\/100\n|-damage|p2a: Amoonguss|88\/100|[from] Stealth Rock\n|turn|17\n|\n|t:|1700209728\n|move|p1a: Pikachu|Volt Switch|p2a: Amoonguss\n|-resisted|p2a: Amoonguss\n|-damage|p2a: Amoonguss|70\/100\n|\n|t:|1700209734\n|switch|p1a: Torkoal|Torkoal, M|47\/100|[from] Volt Switch\n|move|p2a: Amoonguss|Toxic|p1a: Torkoal\n|-status|p1a: Torkoal|tox\n|\n|-weather|SunnyDay|[upkeep]\n|-heal|p2a: Amoonguss|76\/100|[from] item: Leftovers\n|-damage|p1a: Torkoal|41\/100 tox|[from] psn\n|upkeep\n|turn|18\n|\n|t:|1700209746\n|move|p2a: Amoonguss|Giga Drain|p1a: Torkoal\n|-resisted|p1a: Torkoal\n|-damage|p1a: Torkoal|30\/100 tox\n|-heal|p2a: Amoonguss|80\/100|[from] drain|[of] p1a: Torkoal\n|move|p1a: Torkoal|Yawn|p2a: Amoonguss\n|-start|p2a: Amoonguss|move: Yawn|[of] p1a: Torkoal\n|\n|-weather|none\n|-heal|p2a: Amoonguss|86\/100|[from] item: Leftovers\n|-damage|p1a: Torkoal|18\/100 tox|[from] psn\n|upkeep\n|turn|19\n|\n|t:|1700209760\n|move|p2a: Amoonguss|Foul Play|p1a: Torkoal\n|-damage|p1a: Torkoal|5\/100 tox\n|move|p1a: Torkoal|Rapid Spin|p2a: Amoonguss\n|-damage|p2a: Amoonguss|76\/100\n|-boost|p1a: Torkoal|spe|1\n|\n|-heal|p2a: Amoonguss|82\/100|[from] item: Leftovers\n|-damage|p1a: Torkoal|0 fnt|[from] psn\n|faint|p1a: Torkoal\n|-end|p2a: Amoonguss|move: Yawn|[silent]\n|-status|p2a: Amoonguss|slp\n|upkeep\n|\n|t:|1700209774\n|switch|p1a: Typhlosion|Typhlosion-Hisui, M|100\/100\n|turn|20\n|\n|t:|1700209779\n|move|p1a: Typhlosion|Eruption|p2a: Amoonguss\n|-supereffective|p2a: Amoonguss\n|-damage|p2a: Amoonguss|0 fnt\n|faint|p2a: Amoonguss\n|\n|win|Rextah\n|raw|Rextah's rating: 1013 &rarr; <strong>1052<\/strong><br \/>(+39 for winning)\n|raw|Speeedd's rating: 1026 &rarr; <strong>1012<\/strong><br \/>(-14 for losing)\n|l|\u2606Speeedd\n","uploadtime":1700209794,"views":8,"p1id":"rextah","p2id":"speeedd","formatid":"gen9ou","rating":1012,"private":0,"password":""}