{"id":"gen9ou-1992398744","p1":"groovythunder","p2":"PurifyingGhost","format":"[Gen 9] OU","log":"|j|\u2606groovythunder\n|j|\u2606PurifyingGhost\n|t:|1700182989\n|gametype|singles\n|player|p1|groovythunder|2|1366\n|player|p2|PurifyingGhost|li|1298\n|teamsize|p1|6\n|teamsize|p2|6\n|gen|9\n|tier|[Gen 9] OU\n|rated|\n|rule|Sleep Clause Mod: Limit one foe put to sleep\n|rule|Species Clause: Limit one of each Pok\u00e9mon\n|rule|OHKO Clause: OHKO moves are banned\n|rule|Evasion Items Clause: Evasion items are banned\n|rule|Evasion Moves Clause: Evasion moves are banned\n|rule|Endless Battle Clause: Forcing endless battles is banned\n|rule|HP Percentage Mod: HP is shown in percentages\n|clearpoke\n|poke|p1|Great Tusk|\n|poke|p1|Corviknight, M|\n|poke|p1|Arcanine-Hisui, M|\n|poke|p1|Dragapult, F|\n|poke|p1|Ogerpon-Wellspring, F|\n|poke|p1|Sneasler, F|\n|poke|p2|Zoroark-Hisui, M|\n|poke|p2|Corviknight, M|\n|poke|p2|Lokix, F|\n|poke|p2|Ogerpon-Wellspring, F|\n|poke|p2|Sneasler, F|\n|poke|p2|Landorus-Therian, M|\n|teampreview\n|inactive|Battle timer is ON: inactive players will automatically lose when time's up. (requested by groovythunder)\n|inactive|PurifyingGhost has 120 seconds left.\n|\n|t:|1700183026\n|start\n|switch|p1a: Dragapult|Dragapult, F|100\/100\n|switch|p2a: Lokix|Lokix, F|100\/100\n|turn|1\n|\n|t:|1700183036\n|switch|p1a: Corviknight|Corviknight, M|100\/100\n|-ability|p1a: Corviknight|Pressure\n|move|p2a: Lokix|Sucker Punch||[still]\n|-fail|p2a: Lokix\n|\n|upkeep\n|turn|2\n|\n|t:|1700183042\n|switch|p2a: Landorus|Landorus-Therian, M|100\/100\n|-ability|p2a: Landorus|Intimidate|boost\n|-unboost|p1a: Corviknight|atk|1\n|move|p1a: Corviknight|U-turn|p2a: Landorus\n|-resisted|p2a: Landorus\n|-damage|p2a: Landorus|97\/100\n|-damage|p1a: Corviknight|84\/100|[from] item: Rocky Helmet|[of] p2a: Landorus\n|\n|t:|1700183047\n|switch|p1a: Ogerpon|Ogerpon-Wellspring, F|100\/100|[from] U-turn\n|\n|upkeep\n|turn|3\n|\n|t:|1700183050\n|move|p1a: Ogerpon|Substitute|p1a: Ogerpon\n|-start|p1a: Ogerpon|Substitute\n|-damage|p1a: Ogerpon|76\/100\n|move|p2a: Landorus|U-turn|p1a: Ogerpon\n|-supereffective|p1a: Ogerpon\n|-end|p1a: Ogerpon|Substitute\n|\n|t:|1700183054\n|switch|p2a: Sneasler|Sneasler, F|100\/100|[from] U-turn\n|\n|upkeep\n|turn|4\n|\n|t:|1700183060\n|switch|p1a: Sneasler|Sneasler, F|100\/100\n|move|p2a: Sneasler|Shadow Ball|p1a: Sneasler\n|-damage|p1a: Sneasler|18\/100\n|\n|upkeep\n|turn|5\n|\n|t:|1700183068\n|switch|p1a: Corviknight|Corviknight, M|84\/100\n|-ability|p1a: Corviknight|Pressure\n|switch|p2a: Corviknight|Corviknight, M|100\/100\n|-ability|p2a: Corviknight|Pressure\n|\n|upkeep\n|turn|6\n|\n|t:|1700183070\n|move|p1a: Corviknight|U-turn|p2a: Corviknight\n|-resisted|p2a: Corviknight\n|-damage|p2a: Corviknight|98\/100\n|-damage|p1a: Corviknight|67\/100|[from] item: Rocky Helmet|[of] p2a: Corviknight\n|\n|t:|1700183077\n|switch|p1a: Dragapult|Dragapult, F|100\/100|[from] U-turn\n|move|p2a: Corviknight|U-turn|p1a: Dragapult\n|-resisted|p1a: Dragapult\n|-damage|p1a: Dragapult|90\/100\n|\n|t:|1700183087\n|switch|p2a: Sneasler|Sneasler, F|100\/100|[from] U-turn\n|\n|upkeep\n|turn|7\n|\n|t:|1700183094\n|switch|p1a: Sneasler|Sneasler, F|18\/100\n|move|p2a: Sneasler|U-turn|p1a: Sneasler\n|-resisted|p1a: Sneasler\n|-damage|p1a: Sneasler|8\/100\n|\n|t:|1700183102\n|switch|p2a: Corviknight|Corviknight, M|98\/100|[from] U-turn\n|-ability|p2a: Corviknight|Pressure\n|\n|upkeep\n|turn|8\n|\n|t:|1700183113\n|switch|p1a: Corviknight|Corviknight, M|67\/100\n|-ability|p1a: Corviknight|Pressure\n|move|p2a: Corviknight|U-turn|p1a: Corviknight\n|-resisted|p1a: Corviknight\n|-damage|p1a: Corviknight|65\/100\n|-damage|p2a: Corviknight|82\/100|[from] item: Rocky Helmet|[of] p1a: Corviknight\n|\n|t:|1700183129\n|switch|p2a: Sneasler|Sneasler, F|100\/100|[from] U-turn\n|\n|upkeep\n|turn|9\n|\n|t:|1700183134\n|move|p2a: Sneasler|Flamethrower|p1a: Corviknight\n|-supereffective|p1a: Corviknight\n|-damage|p1a: Corviknight|0 fnt\n|faint|p1a: Corviknight\n|\n|upkeep\n|\n|t:|1700183137\n|switch|p1a: Arcanine|Arcanine-Hisui, M|100\/100\n|turn|10\n|\n|t:|1700183140\n|switch|p2a: Landorus|Landorus-Therian, M|97\/100\n|-ability|p2a: Landorus|Intimidate|boost\n|-unboost|p1a: Arcanine|atk|1\n|move|p1a: Arcanine|Head Smash|p2a: Landorus\n|-damage|p2a: Landorus|66\/100\n|-damage|p1a: Arcanine|84\/100|[from] item: Rocky Helmet|[of] p2a: Landorus\n|\n|upkeep\n|turn|11\n|\n|t:|1700183146\n|switch|p1a: Sneasler|Sneasler, F|8\/100\n|move|p2a: Landorus|Earthquake|p1a: Sneasler\n|-supereffective|p1a: Sneasler\n|-damage|p1a: Sneasler|0 fnt\n|faint|p1a: Sneasler\n|\n|upkeep\n|\n|t:|1700183152\n|switch|p1a: Ogerpon|Ogerpon-Wellspring, F|76\/100\n|turn|12\n|\n|t:|1700183155\n|switch|p2a: Corviknight|Corviknight, M|82\/100\n|-ability|p2a: Corviknight|Pressure\n|move|p1a: Ogerpon|Ivy Cudgel|p2a: Corviknight|[anim] Ivy Cudgel Water\n|-crit|p2a: Corviknight\n|-damage|p2a: Corviknight|30\/100\n|\n|upkeep\n|turn|13\n|\n|t:|1700183161\n|-terastallize|p1a: Ogerpon|Water\n|detailschange|p1a: Ogerpon|Ogerpon-Wellspring-Tera, F, tera:Water\n|-ability|p1a: Ogerpon|Embody Aspect (Wellspring)|boost\n|-boost|p1a: Ogerpon|spd|1\n|move|p1a: Ogerpon|Substitute|p1a: Ogerpon\n|-start|p1a: Ogerpon|Substitute\n|-damage|p1a: Ogerpon|51\/100\n|move|p2a: Corviknight|Brave Bird|p1a: Ogerpon\n|-end|p1a: Ogerpon|Substitute\n|-damage|p2a: Corviknight|24\/100|[from] Recoil|[of] p1a: Ogerpon\n|\n|upkeep\n|turn|14\n|\n|t:|1700183168\n|move|p1a: Ogerpon|Ivy Cudgel|p2a: Corviknight|[anim] Ivy Cudgel Water\n|-damage|p2a: Corviknight|0 fnt\n|faint|p2a: Corviknight\n|\n|upkeep\n|\n|t:|1700183182\n|switch|p2a: Lokix|Lokix, F|100\/100\n|turn|15\n|\n|t:|1700183189\n|switch|p1a: Great Tusk|Great Tusk|100\/100\n|-terastallize|p2a: Lokix|Bug\n|move|p2a: Lokix|First Impression|p1a: Great Tusk\n|-resisted|p1a: Great Tusk\n|-damage|p1a: Great Tusk|39\/100\n|\n|-heal|p1a: Great Tusk|45\/100|[from] item: Leftovers\n|upkeep\n|turn|16\n|-message|groovythunder forfeited.\n|\n|win|PurifyingGhost\n|raw|groovythunder's rating: 1366 &rarr; <strong>1342<\/strong><br \/>(-24 for losing)\n|raw|PurifyingGhost's rating: 1298 &rarr; <strong>1328<\/strong><br \/>(+30 for winning)\n|l|\u2606groovythunder\n","uploadtime":1700183206,"views":7,"p1id":"groovythunder","p2id":"purifyingghost","formatid":"gen9ou","rating":1328,"private":0,"password":""}