{"id":"gen9ou-1998225034","p1":"Aerodragon3","p2":"Shinka teste","format":"[Gen 9] OU","log":"|j|\u2606Aerodragon3\n|j|\u2606Shinka teste\n|t:|1700915790\n|gametype|singles\n|player|p1|Aerodragon3|dragontamer|1309\n|player|p2|Shinka teste|266|1408\n|teamsize|p1|6\n|teamsize|p2|6\n|gen|9\n|tier|[Gen 9] OU\n|rated|\n|rule|Sleep Clause Mod: Limit one foe put to sleep\n|rule|Species Clause: Limit one of each Pok\u00e9mon\n|rule|OHKO Clause: OHKO moves are banned\n|rule|Evasion Items Clause: Evasion items are banned\n|rule|Evasion Moves Clause: Evasion moves are banned\n|rule|Endless Battle Clause: Forcing endless battles is banned\n|rule|HP Percentage Mod: HP is shown in percentages\n|clearpoke\n|poke|p1|Glimmora, F|\n|poke|p1|Ceruledge, F|\n|poke|p1|Great Tusk|\n|poke|p1|Ogerpon-Wellspring, F|\n|poke|p1|Enamorus, F|\n|poke|p1|Greninja-*, M|\n|poke|p2|Great Tusk|\n|poke|p2|Zapdos|\n|poke|p2|Clefable, M|\n|poke|p2|Landorus-Therian, M|\n|poke|p2|Ogerpon-Wellspring, F|\n|poke|p2|Dragapult, M|\n|teampreview\n|\n|t:|1700915806\n|start\n|switch|p1a: Glimmora|Glimmora, F|100\/100\n|switch|p2a: Great Tusk|Great Tusk|100\/100\n|turn|1\n|\n|t:|1700915816\n|-end|p2a: Great Tusk|Protosynthesis|[silent]\n|switch|p2a: Landorus|Landorus-Therian, M|100\/100\n|-ability|p2a: Landorus|Intimidate|boost\n|-unboost|p1a: Glimmora|atk|1\n|move|p1a: Glimmora|Stealth Rock|p2a: Landorus\n|-sidestart|p2: Shinka teste|move: Stealth Rock\n|\n|upkeep\n|turn|2\n|\n|t:|1700915819\n|move|p2a: Landorus|Earthquake|p1a: Glimmora\n|-supereffective|p1a: Glimmora\n|-enditem|p1a: Glimmora|Focus Sash\n|-damage|p1a: Glimmora|1\/100\n|-activate|p1a: Glimmora|ability: Toxic Debris\n|-sidestart|p2: Shinka teste|move: Toxic Spikes\n|move|p1a: Glimmora|Mortal Spin|p2a: Landorus\n|-resisted|p2a: Landorus\n|-crit|p2a: Landorus\n|-damage|p2a: Landorus|95\/100\n|-status|p2a: Landorus|psn\n|\n|-heal|p2a: Landorus|100\/100 psn|[from] item: Leftovers\n|-damage|p2a: Landorus|88\/100 psn|[from] psn\n|upkeep\n|turn|3\n|\n|t:|1700915825\n|switch|p1a: Great Tusk|Great Tusk|100\/100\n|move|p2a: Landorus|Earthquake|p1a: Great Tusk\n|-damage|p1a: Great Tusk|62\/100\n|\n|-heal|p2a: Landorus|94\/100 psn|[from] item: Leftovers\n|-heal|p1a: Great Tusk|69\/100|[from] item: Leftovers\n|-damage|p2a: Landorus|82\/100 psn|[from] psn\n|upkeep\n|turn|4\n|\n|t:|1700915829\n|move|p2a: Landorus|Grass Knot|p1a: Great Tusk\n|-supereffective|p1a: Great Tusk\n|-damage|p1a: Great Tusk|0 fnt\n|faint|p1a: Great Tusk\n|-end|p1a: Great Tusk|Protosynthesis|[silent]\n|\n|-heal|p2a: Landorus|88\/100 psn|[from] item: Leftovers\n|-damage|p2a: Landorus|76\/100 psn|[from] psn\n|upkeep\n|\n|t:|1700915832\n|switch|p1a: Greninja|Greninja, M|100\/100\n|turn|5\n|\n|t:|1700915838\n|switch|p2a: Clefable|Clefable, M|100\/100\n|-status|p2a: Clefable|psn\n|move|p1a: Greninja|Dark Pulse|p2a: Clefable\n|-resisted|p2a: Clefable\n|-damage|p2a: Clefable|84\/100 psn\n|-damage|p1a: Greninja|91\/100|[from] item: Life Orb\n|\n|-heal|p2a: Clefable|90\/100 psn|[from] item: Leftovers\n|upkeep\n|turn|6\n|\n|t:|1700915849\n|switch|p1a: Ceruledge|Ceruledge, F|100\/100\n|move|p2a: Clefable|Knock Off|p1a: Ceruledge\n|-supereffective|p1a: Ceruledge\n|-damage|p1a: Ceruledge|52\/100\n|-ability|p1a: Ceruledge|Weak Armor|boost\n|-unboost|p1a: Ceruledge|def|1\n|-boost|p1a: Ceruledge|spe|2\n|-enditem|p1a: Ceruledge|Weakness Policy\n|-boost|p1a: Ceruledge|atk|2|[from] item: Weakness Policy\n|-boost|p1a: Ceruledge|spa|2|[from] item: Weakness Policy\n|\n|-heal|p2a: Clefable|96\/100 psn|[from] item: Leftovers\n|upkeep\n|turn|7\n|\n|t:|1700915853\n|move|p1a: Ceruledge|Bitter Blade|p2a: Clefable\n|-damage|p2a: Clefable|0 fnt\n|-heal|p1a: Ceruledge|100\/100|[from] drain|[of] p2a: Clefable\n|faint|p2a: Clefable\n|\n|upkeep\n|inactive|Battle timer is ON: inactive players will automatically lose when time's up. (requested by Aerodragon3)\n|\n|t:|1700915871\n|switch|p2a: Great Tusk|Great Tusk|100\/100\n|turn|8\n|\n|t:|1700915879\n|-terastallize|p1a: Ceruledge|Fighting\n|move|p1a: Ceruledge|Poltergeist|p2a: Great Tusk\n|-activate|p2a: Great Tusk|move: Poltergeist|Heavy-Duty Boots\n|-damage|p2a: Great Tusk|45\/100\n|move|p2a: Great Tusk|Earthquake|p1a: Ceruledge\n|-damage|p1a: Ceruledge|15\/100\n|-ability|p1a: Ceruledge|Weak Armor|boost\n|-unboost|p1a: Ceruledge|def|1\n|-boost|p1a: Ceruledge|spe|2\n|\n|upkeep\n|turn|9\n|\n|t:|1700915890\n|move|p1a: Ceruledge|Bitter Blade|p2a: Great Tusk\n|-damage|p2a: Great Tusk|1\/100\n|-heal|p1a: Ceruledge|47\/100|[from] drain|[of] p2a: Great Tusk\n|move|p2a: Great Tusk|Earthquake|p1a: Ceruledge\n|-damage|p1a: Ceruledge|0 fnt\n|faint|p1a: Ceruledge\n|\n|upkeep\n|\n|t:|1700915897\n|switch|p1a: Greninja|Greninja, M|91\/100\n|turn|10\n|\n|t:|1700915903\n|-end|p2a: Great Tusk|Protosynthesis|[silent]\n|switch|p2a: Ogerpon|Ogerpon-Wellspring, F|100\/100\n|-damage|p2a: Ogerpon|88\/100|[from] Stealth Rock\n|-status|p2a: Ogerpon|psn\n|move|p1a: Greninja|Dark Pulse|p2a: Ogerpon\n|-damage|p2a: Ogerpon|39\/100 psn\n|-damage|p1a: Greninja|81\/100|[from] item: Life Orb\n|\n|-damage|p2a: Ogerpon|26\/100 psn|[from] psn\n|upkeep\n|turn|11\n|\n|t:|1700915910\n|move|p1a: Greninja|Dark Pulse|p2a: Ogerpon\n|-damage|p2a: Ogerpon|0 fnt\n|faint|p2a: Ogerpon\n|-ability|p1a: Greninja|Battle Bond|boost\n|-boost|p1a: Greninja|atk|1\n|-boost|p1a: Greninja|spa|1\n|-boost|p1a: Greninja|spe|1\n|-activate|p1a: Greninja|ability: Battle Bond\n|-damage|p1a: Greninja|71\/100|[from] item: Life Orb\n|\n|upkeep\n|\n|t:|1700915914\n|switch|p2a: Zapdos|Zapdos|100\/100\n|turn|12\n|\n|t:|1700915916\n|move|p1a: Greninja|Ice Beam|p2a: Zapdos\n|-supereffective|p2a: Zapdos\n|-crit|p2a: Zapdos\n|-damage|p2a: Zapdos|0 fnt\n|faint|p2a: Zapdos\n|-damage|p1a: Greninja|61\/100|[from] item: Life Orb\n|\n|upkeep\n|\n|t:|1700915919\n|switch|p2a: Dragapult|Dragapult, M|100\/100\n|-damage|p2a: Dragapult|88\/100|[from] Stealth Rock\n|-status|p2a: Dragapult|psn\n|turn|13\n|\n|t:|1700915923\n|move|p1a: Greninja|Dark Pulse|p2a: Dragapult\n|-supereffective|p2a: Dragapult\n|-damage|p2a: Dragapult|0 fnt\n|faint|p2a: Dragapult\n|-damage|p1a: Greninja|51\/100|[from] item: Life Orb\n|\n|upkeep\n|-message|Shinka teste forfeited.\n|\n|win|Aerodragon3\n|raw|Aerodragon3's rating: 1309 &rarr; <strong>1335<\/strong><br \/>(+26 for winning)\n|raw|Shinka teste's rating: 1408 &rarr; <strong>1382<\/strong><br \/>(-26 for losing)\n|l|\u2606Shinka teste\n","uploadtime":1700915932,"views":6,"p1id":"aerodragon3","p2id":"shinkateste","formatid":"gen9ou","rating":1335,"private":0,"password":""}