{"id":"gen9ou-1995519520","p1":"TrishulaDaBestBoi","p2":"ajmlmaster","format":"[Gen 9] OU","log":"|j|\u2606TrishulaDaBestBoi\n|j|\u2606ajmlmaster\n|t:|1700579279\n|gametype|singles\n|player|p1|TrishulaDaBestBoi|benga|1316\n|player|p2|ajmlmaster|petrel|1363\n|teamsize|p1|6\n|teamsize|p2|6\n|gen|9\n|tier|[Gen 9] OU\n|rated|\n|rule|Sleep Clause Mod: Limit one foe put to sleep\n|rule|Species Clause: Limit one of each Pok\u00e9mon\n|rule|OHKO Clause: OHKO moves are banned\n|rule|Evasion Items Clause: Evasion items are banned\n|rule|Evasion Moves Clause: Evasion moves are banned\n|rule|Endless Battle Clause: Forcing endless battles is banned\n|rule|HP Percentage Mod: HP is shown in percentages\n|clearpoke\n|poke|p1|Torkoal, M|\n|poke|p1|Walking Wake|\n|poke|p1|Iron Moth|\n|poke|p1|Corviknight, M|\n|poke|p1|Garchomp, M|\n|poke|p1|Dragapult, F|\n|poke|p2|Pelipper, M|\n|poke|p2|Barraskewda, F|\n|poke|p2|Manaphy|\n|poke|p2|Goodra, F|\n|poke|p2|Corviknight, F|\n|poke|p2|Indeedee, M|\n|teampreview\n|\n|t:|1700579308\n|start\n|switch|p1a: Gigan|Dragapult, F|100\/100\n|switch|p2a: Barraskewda|Barraskewda, F|100\/100\n|turn|1\n|\n|t:|1700579317\n|switch|p2a: Goodra|Goodra, F|100\/100\n|move|p1a: Gigan|Thunderbolt|p2a: Goodra\n|-resisted|p2a: Goodra\n|-damage|p2a: Goodra|91\/100\n|\n|-heal|p2a: Goodra|97\/100|[from] item: Leftovers\n|upkeep\n|turn|2\n|\n|t:|1700579326\n|switch|p1a: Battra|Corviknight, M|100\/100\n|-ability|p1a: Battra|Pressure\n|move|p2a: Goodra|Knock Off|p1a: Battra\n|-crit|p1a: Battra\n|-damage|p1a: Battra|75\/100\n|-enditem|p1a: Battra|Heavy-Duty Boots|[from] move: Knock Off|[of] p2a: Goodra\n|\n|-heal|p2a: Goodra|100\/100|[from] item: Leftovers\n|upkeep\n|turn|3\n|inactive|Battle timer is ON: inactive players will automatically lose when time's up. (requested by TrishulaDaBestBoi)\n|\n|t:|1700579348\n|switch|p2a: Pelipper|Pelipper, M|100\/100\n|-weather|RainDance|[from] ability: Drizzle|[of] p2a: Pelipper\n|move|p1a: Battra|U-turn|p2a: Pelipper\n|-resisted|p2a: Pelipper\n|-damage|p2a: Pelipper|95\/100\n|\n|t:|1700579356\n|switch|p1a: Gigan|Dragapult, F|100\/100|[from] U-turn\n|\n|-weather|RainDance|[upkeep]\n|upkeep\n|turn|4\n|\n|t:|1700579373\n|switch|p2a: Goodra|Goodra, F|100\/100\n|move|p1a: Gigan|Draco Meteor|p2a: Goodra\n|-supereffective|p2a: Goodra\n|-damage|p2a: Goodra|21\/100\n|-unboost|p1a: Gigan|spa|2\n|\n|-weather|RainDance|[upkeep]\n|-heal|p2a: Goodra|27\/100|[from] item: Leftovers\n|upkeep\n|turn|5\n|\n|t:|1700579384\n|switch|p2a: Corviknight|Corviknight, F|100\/100\n|-ability|p2a: Corviknight|Pressure\n|move|p1a: Gigan|Draco Meteor|p2a: Corviknight\n|-resisted|p2a: Corviknight\n|-damage|p2a: Corviknight|79\/100\n|-unboost|p1a: Gigan|spa|2\n|\n|-weather|RainDance|[upkeep]\n|upkeep\n|turn|6\n|\n|t:|1700579397\n|switch|p1a: Gojira|Garchomp, M|100\/100\n|move|p2a: Corviknight|U-turn|p1a: Gojira\n|-damage|p1a: Gojira|86\/100\n|-damage|p2a: Corviknight|67\/100|[from] ability: Rough Skin|[of] p1a: Gojira\n|\n|t:|1700579407\n|switch|p2a: Manaphy|Manaphy|100\/100|[from] U-turn\n|\n|-weather|RainDance|[upkeep]\n|upkeep\n|turn|7\n|\n|t:|1700579413\n|move|p1a: Gojira|Outrage|p2a: Manaphy\n|-damage|p2a: Manaphy|15\/100\n|move|p2a: Manaphy|Ice Beam|p1a: Gojira\n|-supereffective|p1a: Gojira\n|-damage|p1a: Gojira|0 fnt\n|faint|p1a: Gojira\n|\n|-weather|RainDance|[upkeep]\n|-heal|p2a: Manaphy|21\/100|[from] item: Leftovers\n|upkeep\n|\n|t:|1700579427\n|switch|p1a: Gigan|Dragapult, F|100\/100\n|turn|8\n|\n|t:|1700579435\n|move|p1a: Gigan|Thunderbolt|p2a: Manaphy\n|-supereffective|p2a: Manaphy\n|-damage|p2a: Manaphy|0 fnt\n|faint|p2a: Manaphy\n|\n|-weather|RainDance|[upkeep]\n|upkeep\n|\n|t:|1700579438\n|switch|p2a: Goodra|Goodra, F|27\/100\n|turn|9\n|\n|t:|1700579447\n|switch|p1a: Battra|Corviknight, M|75\/100\n|-ability|p1a: Battra|Pressure\n|move|p2a: Goodra|Rest|p2a: Goodra\n|-status|p2a: Goodra|slp|[from] move: Rest\n|-heal|p2a: Goodra|100\/100 slp|[silent]\n|\n|-weather|RainDance|[upkeep]\n|-activate|p2a: Goodra|ability: Hydration\n|-curestatus|p2a: Goodra|slp|[msg]\n|upkeep\n|turn|10\n|\n|t:|1700579461\n|switch|p2a: Corviknight|Corviknight, F|67\/100\n|-ability|p2a: Corviknight|Pressure\n|move|p1a: Battra|U-turn|p2a: Corviknight\n|-resisted|p2a: Corviknight\n|-damage|p2a: Corviknight|65\/100\n|-damage|p1a: Battra|58\/100|[from] item: Rocky Helmet|[of] p2a: Corviknight\n|\n|t:|1700579472\n|switch|p1a: Gigan|Dragapult, F|100\/100|[from] U-turn\n|\n|-weather|none\n|upkeep\n|turn|11\n|inactive|ajmlmaster has 120 seconds left.\n|\n|t:|1700579506\n|switch|p2a: Goodra|Goodra, F|100\/100\n|move|p1a: Gigan|Draco Meteor|p2a: Goodra\n|-supereffective|p2a: Goodra\n|-damage|p2a: Goodra|18\/100\n|-unboost|p1a: Gigan|spa|2\n|\n|-heal|p2a: Goodra|24\/100|[from] item: Leftovers\n|upkeep\n|turn|12\n|\n|t:|1700579516\n|switch|p1a: Destoroyah|Walking Wake|100\/100\n|switch|p2a: Corviknight|Corviknight, F|65\/100\n|-ability|p2a: Corviknight|Pressure\n|\n|upkeep\n|turn|13\n|\n|t:|1700579533\n|move|p1a: Destoroyah|Flamethrower|p2a: Corviknight\n|-supereffective|p2a: Corviknight\n|-damage|p2a: Corviknight|10\/100\n|move|p2a: Corviknight|U-turn|p1a: Destoroyah\n|-damage|p1a: Destoroyah|85\/100\n|inactive|ajmlmaster has 120 seconds left.\n|\n|t:|1700579548\n|switch|p2a: Pelipper|Pelipper, M|95\/100|[from] U-turn\n|-weather|RainDance|[from] ability: Drizzle|[of] p2a: Pelipper\n|\n|-weather|RainDance|[upkeep]\n|upkeep\n|turn|14\n|\n|t:|1700579555\n|-end|p1a: Destoroyah|Protosynthesis|[silent]\n|switch|p1a: Gamera|Torkoal, M|100\/100\n|-weather|SunnyDay|[from] ability: Drought|[of] p1a: Gamera\n|move|p2a: Pelipper|U-turn|p1a: Gamera\n|-resisted|p1a: Gamera\n|-damage|p1a: Gamera|97\/100\n|\n|t:|1700579562\n|switch|p2a: Goodra|Goodra, F|24\/100|[from] U-turn\n|\n|-weather|SunnyDay|[upkeep]\n|-heal|p2a: Goodra|30\/100|[from] item: Leftovers\n|upkeep\n|turn|15\n|\n|t:|1700579569\n|switch|p1a: Battra|Corviknight, M|58\/100\n|-ability|p1a: Battra|Pressure\n|move|p2a: Goodra|Rest|p2a: Goodra\n|-status|p2a: Goodra|slp|[from] move: Rest\n|-heal|p2a: Goodra|100\/100 slp|[silent]\n|\n|-weather|SunnyDay|[upkeep]\n|upkeep\n|turn|16\n|\n|t:|1700579579\n|switch|p2a: Pelipper|Pelipper, M|95\/100\n|-weather|RainDance|[from] ability: Drizzle|[of] p2a: Pelipper\n|move|p1a: Battra|U-turn|p2a: Pelipper\n|-resisted|p2a: Pelipper\n|-damage|p2a: Pelipper|89\/100\n|\n|t:|1700579586\n|switch|p1a: Gigan|Dragapult, F|100\/100|[from] U-turn\n|\n|-weather|RainDance|[upkeep]\n|upkeep\n|turn|17\n|\n|t:|1700579594\n|switch|p2a: Corviknight|Corviknight, F|10\/100\n|-ability|p2a: Corviknight|Pressure\n|-terastallize|p1a: Gigan|Dragon\n|move|p1a: Gigan|Draco Meteor|p2a: Corviknight\n|-resisted|p2a: Corviknight\n|-damage|p2a: Corviknight|0 fnt\n|-unboost|p1a: Gigan|spa|2\n|faint|p2a: Corviknight\n|\n|-weather|RainDance|[upkeep]\n|upkeep\n|\n|t:|1700579601\n|switch|p2a: Goodra|Goodra, F|100\/100 slp\n|turn|18\n|\n|t:|1700579612\n|switch|p1a: Destoroyah|Walking Wake|85\/100\n|cant|p2a: Goodra|slp\n|\n|-weather|RainDance|[upkeep]\n|-activate|p2a: Goodra|ability: Hydration\n|-curestatus|p2a: Goodra|slp|[msg]\n|upkeep\n|turn|19\n|\n|t:|1700579625\n|-end|p1a: Destoroyah|Protosynthesis|[silent]\n|switch|p1a: Gamera|Torkoal, M|97\/100\n|-weather|SunnyDay|[from] ability: Drought|[of] p1a: Gamera\n|-terastallize|p2a: Goodra|Poison\n|move|p2a: Goodra|Toxic|p1a: Gamera\n|-status|p1a: Gamera|tox\n|\n|-weather|SunnyDay|[upkeep]\n|-damage|p1a: Gamera|91\/100 tox|[from] psn\n|upkeep\n|turn|20\n|\n|t:|1700579639\n|switch|p1a: Battra|Corviknight, M|58\/100\n|-ability|p1a: Battra|Pressure\n|move|p2a: Goodra|Knock Off|p1a: Battra\n|-damage|p1a: Battra|47\/100\n|\n|-weather|SunnyDay|[upkeep]\n|upkeep\n|turn|21\n|\n|t:|1700579648\n|move|p2a: Goodra|Knock Off|p1a: Battra\n|-damage|p1a: Battra|36\/100\n|move|p1a: Battra|Roost|p1a: Battra\n|-heal|p1a: Battra|86\/100\n|-singleturn|p1a: Battra|move: Roost\n|\n|-weather|SunnyDay|[upkeep]\n|upkeep\n|turn|22\n|\n|t:|1700579656\n|switch|p2a: Pelipper|Pelipper, M|89\/100\n|-weather|RainDance|[from] ability: Drizzle|[of] p2a: Pelipper\n|move|p1a: Battra|Iron Head|p2a: Pelipper\n|-resisted|p2a: Pelipper\n|-damage|p2a: Pelipper|79\/100\n|\n|-weather|RainDance|[upkeep]\n|upkeep\n|turn|23\n|\n|t:|1700579666\n|move|p1a: Battra|Iron Head|p2a: Pelipper\n|-resisted|p2a: Pelipper\n|-damage|p2a: Pelipper|70\/100\n|move|p2a: Pelipper|U-turn|p1a: Battra\n|-resisted|p1a: Battra\n|-damage|p1a: Battra|84\/100\n|\n|t:|1700579674\n|switch|p2a: Indeedee|Indeedee, M|100\/100|[from] U-turn\n|-fieldstart|move: Psychic Terrain|[from] ability: Psychic Surge|[of] p2a: Indeedee\n|\n|-weather|RainDance|[upkeep]\n|upkeep\n|turn|24\n|\n|t:|1700579683\n|move|p2a: Indeedee|Shadow Ball|p1a: Battra\n|-damage|p1a: Battra|49\/100\n|move|p1a: Battra|U-turn|p2a: Indeedee\n|-supereffective|p2a: Indeedee\n|-damage|p2a: Indeedee|45\/100\n|\n|t:|1700579689\n|switch|p1a: Gigan|Dragapult, F, tera:Dragon|100\/100|[from] U-turn\n|\n|-weather|RainDance|[upkeep]\n|upkeep\n|turn|25\n|\n|t:|1700579698\n|switch|p2a: Goodra|Goodra, F, tera:Poison|100\/100\n|move|p1a: Gigan|Draco Meteor|p2a: Goodra\n|-crit|p2a: Goodra\n|-damage|p2a: Goodra|20\/100\n|-unboost|p1a: Gigan|spa|2\n|\n|-weather|RainDance|[upkeep]\n|-heal|p2a: Goodra|27\/100|[from] item: Leftovers\n|upkeep\n|turn|26\n|\n|t:|1700579713\n|move|p1a: Gigan|Draco Meteor|p2a: Goodra|[miss]\n|-miss|p1a: Gigan|p2a: Goodra\n|move|p2a: Goodra|Rest|p2a: Goodra\n|-status|p2a: Goodra|slp|[from] move: Rest\n|-heal|p2a: Goodra|100\/100 slp|[silent]\n|\n|-weather|RainDance|[upkeep]\n|-activate|p2a: Goodra|ability: Hydration\n|-curestatus|p2a: Goodra|slp|[msg]\n|upkeep\n|turn|27\n|\n|t:|1700579726\n|switch|p1a: Gamera|Torkoal, M|91\/100 tox\n|-weather|SunnyDay|[from] ability: Drought|[of] p1a: Gamera\n|switch|p2a: Indeedee|Indeedee, M|45\/100\n|\n|-weather|SunnyDay|[upkeep]\n|-damage|p1a: Gamera|84\/100 tox|[from] psn\n|-fieldend|move: Psychic Terrain\n|upkeep\n|turn|28\n|\n|t:|1700579739\n|switch|p1a: Destoroyah|Walking Wake|85\/100\n|-activate|p1a: Destoroyah|ability: Protosynthesis\n|-start|p1a: Destoroyah|protosynthesisspa\n|move|p2a: Indeedee|Shadow Ball|p1a: Destoroyah\n|-damage|p1a: Destoroyah|41\/100\n|\n|-weather|SunnyDay|[upkeep]\n|upkeep\n|turn|29\n|\n|t:|1700579748\n|switch|p2a: Pelipper|Pelipper, M|70\/100\n|-weather|RainDance|[from] ability: Drizzle|[of] p2a: Pelipper\n|-end|p1a: Destoroyah|Protosynthesis\n|move|p1a: Destoroyah|Hydro Steam|p2a: Pelipper\n|-resisted|p2a: Pelipper\n|-damage|p2a: Pelipper|24\/100\n|\n|-weather|RainDance|[upkeep]\n|upkeep\n|turn|30\n|\n|t:|1700579758\n|switch|p2a: Goodra|Goodra, F, tera:Poison|100\/100\n|move|p1a: Destoroyah|Hydro Steam|p2a: Goodra\n|-damage|p2a: Goodra|68\/100\n|\n|-weather|RainDance|[upkeep]\n|-heal|p2a: Goodra|75\/100|[from] item: Leftovers\n|upkeep\n|turn|31\n|\n|t:|1700579772\n|-end|p1a: Destoroyah|Protosynthesis|[silent]\n|switch|p1a: Gamera|Torkoal, M|84\/100 tox\n|-weather|SunnyDay|[from] ability: Drought|[of] p1a: Gamera\n|switch|p2a: Indeedee|Indeedee, M|45\/100\n|-fieldstart|move: Psychic Terrain|[from] ability: Psychic Surge|[of] p2a: Indeedee\n|\n|-weather|SunnyDay|[upkeep]\n|-damage|p1a: Gamera|78\/100 tox|[from] psn\n|upkeep\n|turn|32\n|\n|t:|1700579783\n|switch|p1a: Battra|Corviknight, M|49\/100\n|-ability|p1a: Battra|Pressure\n|move|p2a: Indeedee|Psychic|p1a: Battra\n|-resisted|p1a: Battra\n|-damage|p1a: Battra|17\/100\n|\n|-weather|SunnyDay|[upkeep]\n|upkeep\n|turn|33\n|\n|t:|1700579792\n|move|p2a: Indeedee|Psychic|p1a: Battra\n|-resisted|p1a: Battra\n|-damage|p1a: Battra|0 fnt\n|faint|p1a: Battra\n|\n|-weather|SunnyDay|[upkeep]\n|upkeep\n|\n|t:|1700579801\n|switch|p1a: Destoroyah|Walking Wake|41\/100\n|-activate|p1a: Destoroyah|ability: Protosynthesis\n|-start|p1a: Destoroyah|protosynthesisspa\n|turn|34\n|\n|t:|1700579810\n|move|p1a: Destoroyah|Hydro Steam|p2a: Indeedee\n|-crit|p2a: Indeedee\n|-damage|p2a: Indeedee|0 fnt\n|faint|p2a: Indeedee\n|\n|-weather|SunnyDay|[upkeep]\n|upkeep\n|\n|t:|1700579813\n|switch|p2a: Pelipper|Pelipper, M|24\/100\n|-weather|RainDance|[from] ability: Drizzle|[of] p2a: Pelipper\n|-end|p1a: Destoroyah|Protosynthesis\n|turn|35\n|\n|t:|1700579821\n|switch|p2a: Goodra|Goodra, F, tera:Poison|75\/100\n|move|p1a: Destoroyah|Hydro Steam|p2a: Goodra\n|-damage|p2a: Goodra|45\/100\n|\n|-weather|RainDance|[upkeep]\n|-heal|p2a: Goodra|51\/100|[from] item: Leftovers\n|-fieldend|move: Psychic Terrain\n|upkeep\n|turn|36\n|\n|t:|1700579831\n|-end|p1a: Destoroyah|Protosynthesis|[silent]\n|switch|p1a: Gamera|Torkoal, M|78\/100 tox\n|-weather|SunnyDay|[from] ability: Drought|[of] p1a: Gamera\n|move|p2a: Goodra|Rest|p2a: Goodra\n|-status|p2a: Goodra|slp|[from] move: Rest\n|-heal|p2a: Goodra|100\/100 slp|[silent]\n|\n|-weather|SunnyDay|[upkeep]\n|-damage|p1a: Gamera|72\/100 tox|[from] psn\n|upkeep\n|turn|37\n|\n|t:|1700579842\n|switch|p2a: Pelipper|Pelipper, M|24\/100\n|-weather|RainDance|[from] ability: Drizzle|[of] p2a: Pelipper\n|switch|p1a: Destoroyah|Walking Wake|41\/100\n|\n|-weather|RainDance|[upkeep]\n|upkeep\n|turn|38\n|\n|t:|1700579852\n|switch|p2a: Goodra|Goodra, F, tera:Poison|100\/100 slp\n|move|p1a: Destoroyah|Hydro Steam|p2a: Goodra\n|-damage|p2a: Goodra|69\/100 slp\n|\n|-weather|RainDance|[upkeep]\n|-activate|p2a: Goodra|ability: Hydration\n|-curestatus|p2a: Goodra|slp|[msg]\n|-heal|p2a: Goodra|75\/100|[from] item: Leftovers\n|upkeep\n|turn|39\n|\n|t:|1700579863\n|move|p1a: Destoroyah|Hydro Steam|p2a: Goodra\n|-damage|p2a: Goodra|47\/100\n|move|p2a: Goodra|Earthquake|p1a: Destoroyah\n|-damage|p1a: Destoroyah|15\/100\n|\n|-weather|RainDance|[upkeep]\n|-heal|p2a: Goodra|53\/100|[from] item: Leftovers\n|upkeep\n|turn|40\n|\n|t:|1700579877\n|move|p1a: Destoroyah|Hydro Steam|p2a: Goodra\n|-damage|p2a: Goodra|24\/100\n|move|p2a: Goodra|Rest|p2a: Goodra\n|-status|p2a: Goodra|slp|[from] move: Rest\n|-heal|p2a: Goodra|100\/100 slp|[silent]\n|\n|-weather|RainDance|[upkeep]\n|-activate|p2a: Goodra|ability: Hydration\n|-curestatus|p2a: Goodra|slp|[msg]\n|upkeep\n|turn|41\n|\n|t:|1700579889\n|move|p1a: Destoroyah|Hydro Steam|p2a: Goodra\n|-damage|p2a: Goodra|68\/100\n|move|p2a: Goodra|Earthquake|p1a: Destoroyah\n|-damage|p1a: Destoroyah|0 fnt\n|faint|p1a: Destoroyah\n|-end|p1a: Destoroyah|Protosynthesis|[silent]\n|\n|-weather|RainDance|[upkeep]\n|-heal|p2a: Goodra|74\/100|[from] item: Leftovers\n|upkeep\n|\n|t:|1700579906\n|switch|p1a: Gigan|Dragapult, F, tera:Dragon|100\/100\n|turn|42\n|\n|t:|1700579915\n|move|p1a: Gigan|Shadow Ball|p2a: Goodra\n|-damage|p2a: Goodra|49\/100\n|-unboost|p2a: Goodra|spd|1\n|move|p2a: Goodra|Rest|p2a: Goodra\n|-status|p2a: Goodra|slp|[from] move: Rest\n|-heal|p2a: Goodra|100\/100 slp|[silent]\n|\n|-weather|RainDance|[upkeep]\n|-activate|p2a: Goodra|ability: Hydration\n|-curestatus|p2a: Goodra|slp|[msg]\n|upkeep\n|turn|43\n|\n|t:|1700579928\n|move|p1a: Gigan|Shadow Ball|p2a: Goodra\n|-damage|p2a: Goodra|64\/100\n|move|p2a: Goodra|Knock Off|p1a: Gigan\n|-damage|p1a: Gigan|70\/100\n|-enditem|p1a: Gigan|Choice Specs|[from] move: Knock Off|[of] p2a: Goodra\n|\n|-weather|RainDance|[upkeep]\n|-heal|p2a: Goodra|70\/100|[from] item: Leftovers\n|upkeep\n|turn|44\n|\n|t:|1700579949\n|move|p1a: Gigan|Thunderbolt|p2a: Goodra\n|-damage|p2a: Goodra|51\/100\n|-status|p2a: Goodra|par\n|move|p2a: Goodra|Earthquake|p1a: Gigan\n|-damage|p1a: Gigan|38\/100\n|\n|-weather|none\n|-heal|p2a: Goodra|57\/100 par|[from] item: Leftovers\n|upkeep\n|turn|45\n|\n|t:|1700579961\n|switch|p2a: Pelipper|Pelipper, M|24\/100\n|-weather|RainDance|[from] ability: Drizzle|[of] p2a: Pelipper\n|move|p1a: Gigan|Shadow Ball|p2a: Pelipper\n|-damage|p2a: Pelipper|0 fnt\n|faint|p2a: Pelipper\n|\n|-weather|RainDance|[upkeep]\n|upkeep\n|\n|t:|1700579963\n|switch|p2a: Barraskewda|Barraskewda, F|100\/100\n|turn|46\n|\n|t:|1700579974\n|switch|p1a: Gamera|Torkoal, M|72\/100 tox\n|-weather|SunnyDay|[from] ability: Drought|[of] p1a: Gamera\n|move|p2a: Barraskewda|Flip Turn|p1a: Gamera\n|-supereffective|p1a: Gamera\n|-damage|p1a: Gamera|38\/100 tox\n|\n|t:|1700579978\n|switch|p2a: Goodra|Goodra, F, tera:Poison|57\/100 par|[from] Flip Turn\n|\n|-weather|SunnyDay|[upkeep]\n|-heal|p2a: Goodra|63\/100 par|[from] item: Leftovers\n|-damage|p1a: Gamera|32\/100 tox|[from] psn\n|upkeep\n|turn|47\n|\n|t:|1700579988\n|move|p2a: Goodra|Rest|p2a: Goodra\n|-status|p2a: Goodra|slp|[from] move: Rest\n|-heal|p2a: Goodra|100\/100 slp|[silent]\n|move|p1a: Gamera|Flamethrower|p2a: Goodra\n|-damage|p2a: Goodra|80\/100 slp\n|\n|-weather|SunnyDay|[upkeep]\n|-heal|p2a: Goodra|86\/100 slp|[from] item: Leftovers\n|-damage|p1a: Gamera|20\/100 tox|[from] psn\n|upkeep\n|turn|48\n|\n|t:|1700579999\n|switch|p1a: Mothra|Iron Moth|100\/100\n|-enditem|p1a: Mothra|Booster Energy\n|-activate|p1a: Mothra|ability: Quark Drive|[fromitem]\n|-start|p1a: Mothra|quarkdrivespe\n|cant|p2a: Goodra|slp\n|\n|-weather|SunnyDay|[upkeep]\n|-heal|p2a: Goodra|93\/100 slp|[from] item: Leftovers\n|upkeep\n|turn|49\n|\n|t:|1700580010\n|move|p1a: Mothra|Substitute|p1a: Mothra\n|-start|p1a: Mothra|Substitute\n|-damage|p1a: Mothra|76\/100\n|cant|p2a: Goodra|slp\n|\n|-weather|SunnyDay|[upkeep]\n|-heal|p2a: Goodra|99\/100 slp|[from] item: Leftovers\n|upkeep\n|turn|50\n|\n|t:|1700580018\n|move|p1a: Mothra|Fiery Dance|p2a: Goodra\n|-crit|p2a: Goodra\n|-damage|p2a: Goodra|50\/100 slp\n|-boost|p1a: Mothra|spa|1\n|-curestatus|p2a: Goodra|slp|[msg]\n|move|p2a: Goodra|Earthquake|p1a: Mothra\n|-supereffective|p1a: Mothra\n|-end|p1a: Mothra|Substitute\n|\n|-weather|SunnyDay|[upkeep]\n|-heal|p2a: Goodra|56\/100|[from] item: Leftovers\n|upkeep\n|turn|51\n|\n|t:|1700580030\n|move|p1a: Mothra|Fiery Dance|p2a: Goodra\n|-damage|p2a: Goodra|14\/100\n|move|p2a: Goodra|Earthquake|p1a: Mothra\n|-supereffective|p1a: Mothra\n|-damage|p1a: Mothra|0 fnt\n|faint|p1a: Mothra\n|-end|p1a: Mothra|Quark Drive|[silent]\n|\n|-weather|SunnyDay|[upkeep]\n|-heal|p2a: Goodra|21\/100|[from] item: Leftovers\n|upkeep\n|\n|t:|1700580041\n|switch|p1a: Gigan|Dragapult, F, tera:Dragon|38\/100\n|turn|52\n|\n|t:|1700580045\n|move|p1a: Gigan|Shadow Ball|p2a: Goodra\n|-damage|p2a: Goodra|3\/100\n|move|p2a: Goodra|Earthquake|p1a: Gigan\n|-damage|p1a: Gigan|8\/100\n|\n|-weather|SunnyDay|[upkeep]\n|-heal|p2a: Goodra|9\/100|[from] item: Leftovers\n|upkeep\n|turn|53\n|\n|t:|1700580055\n|move|p1a: Gigan|Thunderbolt|p2a: Goodra\n|-damage|p2a: Goodra|0 fnt\n|faint|p2a: Goodra\n|\n|-weather|none\n|upkeep\n|\n|t:|1700580058\n|switch|p2a: Barraskewda|Barraskewda, F|100\/100\n|turn|54\n|\n|t:|1700580064\n|switch|p1a: Gamera|Torkoal, M|20\/100 tox\n|-weather|SunnyDay|[from] ability: Drought|[of] p1a: Gamera\n|move|p2a: Barraskewda|Liquidation|p1a: Gamera\n|-supereffective|p1a: Gamera\n|-damage|p1a: Gamera|0 fnt\n|faint|p1a: Gamera\n|\n|-weather|SunnyDay|[upkeep]\n|upkeep\n|\n|t:|1700580074\n|switch|p1a: Gigan|Dragapult, F, tera:Dragon|8\/100\n|turn|55\n|\n|t:|1700580079\n|move|p1a: Gigan|Thunderbolt|p2a: Barraskewda\n|-supereffective|p2a: Barraskewda\n|-damage|p2a: Barraskewda|0 fnt\n|faint|p2a: Barraskewda\n|\n|win|TrishulaDaBestBoi\n|raw|TrishulaDaBestBoi's rating: 1316 &rarr; <strong>1339<\/strong><br \/>(+23 for winning)\n|raw|ajmlmaster's rating: 1363 &rarr; <strong>1340<\/strong><br \/>(-23 for losing)\n|c|\u2606TrishulaDaBestBoi|ggs\n|c|\u2606ajmlmaster|gg\n|c|\u2606TrishulaDaBestBoi|close one\n|c|\u2606ajmlmaster|wp\n|l|\u2606ajmlmaster\n","uploadtime":1700580106,"views":12,"p1id":"trishuladabestboi","p2id":"ajmlmaster","formatid":"gen9ou","rating":1339,"private":0,"password":""}