{"id":"gen9ou-2000563859","p1":"Iswimswiftly","p2":"athena_lg","format":"[Gen 9] OU","log":"|j|\u2606Iswimswiftly\n|j|\u2606athena_lg\n|t:|1701205710\n|gametype|singles\n|player|p1|Iswimswiftly|102|1185\n|player|p2|athena_lg|cynthia-gen4|1174\n|teamsize|p1|6\n|teamsize|p2|6\n|gen|9\n|tier|[Gen 9] OU\n|rated|\n|rule|Sleep Clause Mod: Limit one foe put to sleep\n|rule|Species Clause: Limit one of each Pok\u00e9mon\n|rule|OHKO Clause: OHKO moves are banned\n|rule|Evasion Items Clause: Evasion items are banned\n|rule|Evasion Moves Clause: Evasion moves are banned\n|rule|Endless Battle Clause: Forcing endless battles is banned\n|rule|HP Percentage Mod: HP is shown in percentages\n|clearpoke\n|poke|p1|Manaphy|\n|poke|p1|Kingambit, M|\n|poke|p1|Ribombee, F|\n|poke|p1|Gholdengo|\n|poke|p1|Sandy Shocks|\n|poke|p1|Ogerpon-Wellspring, F|\n|poke|p2|Dragapult, M|\n|poke|p2|Great Tusk|\n|poke|p2|Kingambit, F|\n|poke|p2|Toxapex, F|\n|poke|p2|Iron Valiant|\n|poke|p2|Corviknight, F|\n|teampreview\n|\n|t:|1701205736\n|start\n|switch|p1a: wildfiree|Ribombee, F|100\/100\n|switch|p2a: Iron Valiant|Iron Valiant|100\/100\n|turn|1\n|\n|t:|1701205748\n|-end|p2a: Iron Valiant|Quark Drive|[silent]\n|switch|p2a: Corviknight|Corviknight, F|100\/100\n|-ability|p2a: Corviknight|Pressure\n|move|p1a: wildfiree|Moonblast|p2a: Corviknight\n|-resisted|p2a: Corviknight\n|-damage|p2a: Corviknight|82\/100\n|-unboost|p2a: Corviknight|spa|1\n|\n|upkeep\n|turn|2\n|\n|t:|1701205760\n|move|p1a: wildfiree|Sticky Web|p2a: Corviknight\n|-sidestart|p2: athena_lg|move: Sticky Web\n|move|p2a: Corviknight|Bulk Up|p2a: Corviknight\n|-boost|p2a: Corviknight|atk|1\n|-boost|p2a: Corviknight|def|1\n|\n|upkeep\n|turn|3\n|\n|t:|1701205767\n|move|p1a: wildfiree|Stun Spore|p2a: Corviknight|[miss]\n|-miss|p1a: wildfiree|p2a: Corviknight\n|move|p2a: Corviknight|Brave Bird|p1a: wildfiree\n|-supereffective|p1a: wildfiree\n|-enditem|p1a: wildfiree|Focus Sash\n|-damage|p1a: wildfiree|1\/100\n|-damage|p2a: Corviknight|60\/100|[from] Recoil\n|\n|upkeep\n|turn|4\n|\n|t:|1701205784\n|move|p1a: wildfiree|Stun Spore|p2a: Corviknight\n|-status|p2a: Corviknight|par\n|move|p2a: Corviknight|U-turn|p1a: wildfiree\n|-resisted|p1a: wildfiree\n|-damage|p1a: wildfiree|0 fnt\n|faint|p1a: wildfiree\n|\n|t:|1701205793\n|switch|p2a: Great Tusk|Great Tusk|100\/100|[from] U-turn\n|-activate|p2a: Great Tusk|move: Sticky Web\n|-unboost|p2a: Great Tusk|spe|1\n|\n|upkeep\n|\n|t:|1701205807\n|switch|p1a: HPDARKEAGLE|Manaphy|100\/100\n|turn|5\n|\n|t:|1701205819\n|move|p1a: HPDARKEAGLE|Tail Glow|p1a: HPDARKEAGLE\n|-boost|p1a: HPDARKEAGLE|spa|3\n|move|p2a: Great Tusk|Rapid Spin|p1a: HPDARKEAGLE\n|-damage|p1a: HPDARKEAGLE|86\/100\n|-boost|p2a: Great Tusk|spe|1\n|-sideend|p2: athena_lg|Sticky Web|[from] move: Rapid Spin|[of] p2a: Great Tusk\n|\n|-heal|p1a: HPDARKEAGLE|92\/100|[from] item: Leftovers\n|upkeep\n|turn|6\n|\n|t:|1701205840\n|-end|p2a: Great Tusk|Protosynthesis|[silent]\n|switch|p2a: Toxapex|Toxapex, F|100\/100\n|move|p1a: HPDARKEAGLE|Tail Glow|p1a: HPDARKEAGLE\n|-boost|p1a: HPDARKEAGLE|spa|3\n|\n|-heal|p1a: HPDARKEAGLE|98\/100|[from] item: Leftovers\n|upkeep\n|turn|7\n|\n|t:|1701205848\n|-terastallize|p1a: HPDARKEAGLE|Grass\n|move|p1a: HPDARKEAGLE|Energy Ball|p2a: Toxapex\n|-damage|p2a: Toxapex|9\/100\n|move|p2a: Toxapex|Haze|p2a: Toxapex\n|-clearallboost\n|\n|-heal|p1a: HPDARKEAGLE|100\/100|[from] item: Leftovers\n|upkeep\n|turn|8\n|inactive|Battle timer is ON: inactive players will automatically lose when time's up. (requested by Iswimswiftly)\n|\n|t:|1701205873\n|switch|p2a: Kingambit|Kingambit, F|100\/100\n|move|p1a: HPDARKEAGLE|Tail Glow|p1a: HPDARKEAGLE\n|-boost|p1a: HPDARKEAGLE|spa|3\n|\n|upkeep\n|turn|9\n|\n|t:|1701205897\n|move|p1a: HPDARKEAGLE|Surf|p2a: Kingambit\n|-damage|p2a: Kingambit|0 fnt\n|faint|p2a: Kingambit\n|\n|upkeep\n|\n|t:|1701205905\n|switch|p2a: Iron Valiant|Iron Valiant|100\/100\n|turn|10\n|inactive|Iswimswiftly has 120 seconds left.\n|\n|t:|1701205936\n|-end|p2a: Iron Valiant|Quark Drive|[silent]\n|switch|p2a: Toxapex|Toxapex, F|42\/100\n|move|p1a: HPDARKEAGLE|Surf|p2a: Toxapex\n|-resisted|p2a: Toxapex\n|-damage|p2a: Toxapex|8\/100\n|\n|upkeep\n|turn|11\n|\n|t:|1701205945\n|switch|p2a: Corviknight|Corviknight, F|60\/100 par\n|-ability|p2a: Corviknight|Pressure\n|move|p1a: HPDARKEAGLE|Surf|p2a: Corviknight\n|-damage|p2a: Corviknight|0 fnt\n|faint|p2a: Corviknight\n|\n|upkeep\n|c|\u2606Iswimswiftly|Sweep\n|\n|t:|1701205953\n|switch|p2a: Dragapult|Dragapult, M|100\/100\n|turn|12\n|inactive|Iswimswiftly has 120 seconds left.\n|\n|t:|1701205978\n|move|p2a: Dragapult|Substitute|p2a: Dragapult\n|-start|p2a: Dragapult|Substitute\n|-damage|p2a: Dragapult|76\/100\n|move|p1a: HPDARKEAGLE|Ice Beam|p2a: Dragapult\n|-supereffective|p2a: Dragapult\n|-end|p2a: Dragapult|Substitute\n|\n|-heal|p2a: Dragapult|82\/100|[from] item: Leftovers\n|upkeep\n|turn|13\n|c|\u2606Iswimswiftly|lol\n|\n|t:|1701205990\n|switch|p2a: Toxapex|Toxapex, F|41\/100\n|move|p1a: HPDARKEAGLE|Ice Beam|p2a: Toxapex\n|-resisted|p2a: Toxapex\n|-damage|p2a: Toxapex|21\/100\n|\n|upkeep\n|turn|14\n|\n|t:|1701205998\n|switch|p2a: Dragapult|Dragapult, M|82\/100\n|move|p1a: HPDARKEAGLE|Surf|p2a: Dragapult\n|-resisted|p2a: Dragapult\n|-damage|p2a: Dragapult|13\/100\n|\n|-heal|p2a: Dragapult|19\/100|[from] item: Leftovers\n|upkeep\n|turn|15\n|\n|t:|1701206006\n|move|p2a: Dragapult|Dragon Darts|p1a: HPDARKEAGLE\n|-damage|p1a: HPDARKEAGLE|79\/100\n|-anim|p2a: Dragapult|Dragon Darts|p1a: HPDARKEAGLE\n|-damage|p1a: HPDARKEAGLE|57\/100\n|move|p1a: HPDARKEAGLE|Ice Beam|p2a: Dragapult\n|-supereffective|p2a: Dragapult\n|-damage|p2a: Dragapult|0 fnt\n|faint|p2a: Dragapult\n|\n|-heal|p1a: HPDARKEAGLE|63\/100|[from] item: Leftovers\n|upkeep\n|c|\u2606Iswimswiftly|u just sacking all ur mons?\n|\n|t:|1701206026\n|switch|p2a: Toxapex|Toxapex, F|54\/100\n|turn|16\n|\n|t:|1701206030\n|move|p1a: HPDARKEAGLE|Energy Ball|p2a: Toxapex\n|-damage|p2a: Toxapex|0 fnt\n|faint|p2a: Toxapex\n|\n|-heal|p1a: HPDARKEAGLE|69\/100|[from] item: Leftovers\n|upkeep\n|c|\u2606Iswimswiftly|ty for letting me get leftys\n|\n|t:|1701206048\n|switch|p2a: Iron Valiant|Iron Valiant|100\/100\n|turn|17\n|\n|t:|1701206057\n|-terastallize|p2a: Iron Valiant|Fairy\n|move|p2a: Iron Valiant|Moonblast|p1a: HPDARKEAGLE\n|-damage|p1a: HPDARKEAGLE|0 fnt\n|faint|p1a: HPDARKEAGLE\n|\n|upkeep\n|\n|t:|1701206063\n|switch|p1a: wessin|Gholdengo|100\/100\n|-item|p1a: wessin|Air Balloon\n|turn|18\n|\n|t:|1701206069\n|-end|p2a: Iron Valiant|Quark Drive|[silent]\n|switch|p2a: Great Tusk|Great Tusk|100\/100\n|move|p1a: wessin|Nasty Plot|p1a: wessin\n|-boost|p1a: wessin|spa|2\n|\n|upkeep\n|turn|19\n|c|\u2606Iswimswiftly|lol\n|\n|t:|1701206076\n|move|p1a: wessin|Make It Rain|p2a: Great Tusk\n|-damage|p2a: Great Tusk|0 fnt\n|-unboost|p1a: wessin|spa|1\n|faint|p2a: Great Tusk\n|-end|p2a: Great Tusk|Protosynthesis|[silent]\n|\n|upkeep\n|c|\u2606Iswimswiftly|bro just keeps getting predicted\n|\n|t:|1701206085\n|switch|p2a: Iron Valiant|Iron Valiant, tera:Fairy|100\/100\n|turn|20\n|c|\u2606Iswimswiftly|Shadow ball?\n|\n|t:|1701206098\n|switch|p1a: awyp|Kingambit, M|100\/100\n|-activate|p1a: awyp|ability: Supreme Overlord\n|-start|p1a: awyp|fallen2|[silent]\n|move|p2a: Iron Valiant|Thunderbolt|p1a: awyp\n|-damage|p1a: awyp|48\/100\n|\n|upkeep\n|turn|21\n|\n|t:|1701206106\n|move|p1a: awyp|Sucker Punch|p2a: Iron Valiant\n|-resisted|p2a: Iron Valiant\n|-damage|p2a: Iron Valiant|60\/100\n|move|p2a: Iron Valiant|Thunderbolt|p1a: awyp\n|-damage|p1a: awyp|0 fnt\n|faint|p1a: awyp\n|-end|p1a: awyp|fallen2|[silent]\n|\n|upkeep\n|\n|t:|1701206109\n|switch|p1a: 1LSD|Sandy Shocks|100\/100\n|-enditem|p1a: 1LSD|Booster Energy\n|-activate|p1a: 1LSD|ability: Protosynthesis|[fromitem]\n|-start|p1a: 1LSD|protosynthesisspe\n|turn|22\n|c|\u2606Iswimswiftly|Unreal\n|-message|athena_lg forfeited.\n|\n|win|Iswimswiftly\n|raw|Iswimswiftly's rating: 1185 &rarr; <strong>1209<\/strong><br \/>(+24 for winning)\n|raw|athena_lg's rating: 1174 &rarr; <strong>1150<\/strong><br \/>(-24 for losing)\n|l|\u2606athena_lg\n","uploadtime":1701206128,"views":0,"p1id":"iswimswiftly","p2id":"athenalg","formatid":"gen9ou","rating":1150,"private":0,"password":""}