{"id":"gen9ou-1993852391","p1":"iron tusk 69","p2":"genesis7","format":"[Gen 9] OU","log":"|j|\u2606iron tusk 69\n|j|\u2606genesis7\n|t:|1700365412\n|gametype|singles\n|player|p1|iron tusk 69|biker-gen4|1798\n|player|p2|genesis7|#ssdleviathans|1802\n|teamsize|p1|6\n|teamsize|p2|6\n|gen|9\n|tier|[Gen 9] OU\n|rated|\n|rule|Sleep Clause Mod: Limit one foe put to sleep\n|rule|Species Clause: Limit one of each Pok\u00e9mon\n|rule|OHKO Clause: OHKO moves are banned\n|rule|Evasion Items Clause: Evasion items are banned\n|rule|Evasion Moves Clause: Evasion moves are banned\n|rule|Endless Battle Clause: Forcing endless battles is banned\n|rule|HP Percentage Mod: HP is shown in percentages\n|clearpoke\n|poke|p1|Samurott-Hisui, M|\n|poke|p1|Iron Moth|\n|poke|p1|Kingambit, F|\n|poke|p1|Ogerpon-Wellspring, F|\n|poke|p1|Iron Valiant|\n|poke|p1|Zamazenta-*|\n|poke|p2|Sneasler, F|\n|poke|p2|Landorus-Therian, M|\n|poke|p2|Ribombee, M|\n|poke|p2|Manaphy|\n|poke|p2|Gholdengo|\n|poke|p2|Greninja-*, M|\n|teampreview\n|j| zlet\n|j| newbie to top\n|l| zlet\n|inactive|Battle timer is ON: inactive players will automatically lose when time's up. (requested by genesis7)\n|inactive|iron tusk 69 has 120 seconds left.\n|\n|t:|1700365515\n|start\n|switch|p1a: Gliscorless Edge|Samurott-Hisui, M|100\/100\n|switch|p2a: Ribombee|Ribombee, M|100\/100\n|turn|1\n|inactive|iron tusk 69 has 120 seconds left.\n|j| srtyjj\n|\n|t:|1700365574\n|move|p2a: Ribombee|Sticky Web|p1a: Gliscorless Edge\n|-sidestart|p1: iron tusk 69|move: Sticky Web\n|move|p1a: Gliscorless Edge|Ceaseless Edge|p2a: Ribombee\n|-resisted|p2a: Ribombee\n|-damage|p2a: Ribombee|66\/100\n|-sidestart|p2: genesis7|Spikes\n|\n|upkeep\n|turn|2\n|\n|t:|1700365582\n|move|p2a: Ribombee|Moonblast|p1a: Gliscorless Edge\n|-supereffective|p1a: Gliscorless Edge\n|-damage|p1a: Gliscorless Edge|2\/100\n|move|p1a: Gliscorless Edge|Ceaseless Edge|p2a: Ribombee\n|-resisted|p2a: Ribombee\n|-damage|p2a: Ribombee|31\/100\n|-sidestart|p2: genesis7|Spikes\n|\n|-heal|p1a: Gliscorless Edge|8\/100|[from] item: Leftovers\n|upkeep\n|turn|3\n|inactive|iron tusk 69 has 90 seconds left.\n|\n|t:|1700365635\n|move|p2a: Ribombee|Moonblast|p1a: Gliscorless Edge\n|-supereffective|p1a: Gliscorless Edge\n|-damage|p1a: Gliscorless Edge|0 fnt\n|faint|p1a: Gliscorless Edge\n|\n|upkeep\n|inactive|iron tusk 69 has 60 seconds left.\n|inactive|iron tusk 69 has 30 seconds left.\n|inactive|iron tusk 69 has 20 seconds left.\n|inactive|iron tusk 69 has 15 seconds left.\n|\n|t:|1700365693\n|switch|p1a: Freezing Sun|Iron Moth|100\/100\n|-activate|p1a: Freezing Sun|move: Sticky Web\n|-unboost|p1a: Freezing Sun|spe|1\n|-enditem|p1a: Freezing Sun|Booster Energy\n|-activate|p1a: Freezing Sun|ability: Quark Drive|[fromitem]\n|-start|p1a: Freezing Sun|quarkdrivespa\n|turn|4\n|inactive|iron tusk 69 has 25 seconds left this turn.\n|\n|t:|1700365704\n|move|p2a: Ribombee|Stun Spore|p1a: Freezing Sun|[miss]\n|-miss|p2a: Ribombee|p1a: Freezing Sun\n|move|p1a: Freezing Sun|Substitute|p1a: Freezing Sun\n|-start|p1a: Freezing Sun|Substitute\n|-damage|p1a: Freezing Sun|76\/100\n|\n|upkeep\n|turn|5\n|inactive|iron tusk 69 has 30 seconds left.\n|inactive|iron tusk 69 has 20 seconds left.\n|\n|t:|1700365723\n|move|p2a: Ribombee|Moonblast|p1a: Freezing Sun\n|-resisted|p1a: Freezing Sun\n|-activate|p1a: Freezing Sun|move: Substitute|[damage]\n|move|p1a: Freezing Sun|Fiery Dance|p2a: Ribombee\n|-supereffective|p2a: Ribombee\n|-damage|p2a: Ribombee|0 fnt\n|-boost|p1a: Freezing Sun|spa|1\n|faint|p2a: Ribombee\n|\n|upkeep\n|inactive|iron tusk 69 has 25 seconds left this turn.\n|\n|t:|1700365729\n|switch|p2a: Greninja|Greninja, M|100\/100\n|-damage|p2a: Greninja|84\/100|[from] Spikes\n|turn|6\n|inactive|iron tusk 69 has 30 seconds left.\n|inactive|iron tusk 69 has 20 seconds left.\n|inactive|iron tusk 69 has 15 seconds left.\n|inactive|iron tusk 69 has 10 seconds left.\n|\n|t:|1700365756\n|move|p2a: Greninja|Water Shuriken|p1a: Freezing Sun\n|-supereffective|p1a: Freezing Sun\n|-end|p1a: Freezing Sun|Substitute\n|-supereffective|p1a: Freezing Sun\n|-crit|p1a: Freezing Sun\n|-damage|p1a: Freezing Sun|47\/100\n|-supereffective|p1a: Freezing Sun\n|-damage|p1a: Freezing Sun|29\/100\n|-hitcount|p1a: Freezing Sun|3\n|-damage|p2a: Greninja|74\/100|[from] item: Life Orb\n|move|p1a: Freezing Sun|Discharge|p2a: Greninja\n|-supereffective|p2a: Greninja\n|-damage|p2a: Greninja|0 fnt\n|faint|p2a: Greninja\n|\n|upkeep\n|inactive|iron tusk 69 has 15 seconds left this turn.\n|\n|t:|1700365783\n|switch|p2a: Manaphy|Manaphy|100\/100\n|-damage|p2a: Manaphy|84\/100|[from] Spikes\n|turn|7\n|inactive|iron tusk 69 has 25 seconds left this turn.\n|inactive|iron tusk 69 has 20 seconds left.\n|inactive|iron tusk 69 has 15 seconds left.\n|inactive|iron tusk 69 has 10 seconds left.\n|\n|t:|1700365801\n|move|p2a: Manaphy|Psychic|p1a: Freezing Sun\n|-supereffective|p1a: Freezing Sun\n|-damage|p1a: Freezing Sun|0 fnt\n|faint|p1a: Freezing Sun\n|-end|p1a: Freezing Sun|Quark Drive|[silent]\n|\n|upkeep\n|inactive|iron tusk 69 has 15 seconds left this turn.\n|inactive|iron tusk 69 has 10 seconds left.\n|\n|t:|1700365806\n|switch|p1a: It's Oger|Ogerpon-Wellspring, F|100\/100\n|-activate|p1a: It's Oger|move: Sticky Web\n|-unboost|p1a: It's Oger|spe|1\n|turn|8\n|inactive|iron tusk 69 has 20 seconds left this turn.\n|\n|t:|1700365817\n|-terastallize|p2a: Manaphy|Grass\n|move|p2a: Manaphy|Energy Ball|p1a: It's Oger\n|-damage|p1a: It's Oger|50\/100\n|move|p1a: It's Oger|Horn Leech|p2a: Manaphy\n|-resisted|p2a: Manaphy\n|-damage|p2a: Manaphy|60\/100\n|-heal|p1a: It's Oger|64\/100|[from] drain|[of] p2a: Manaphy\n|\n|upkeep\n|turn|9\n|inactive|iron tusk 69 has 30 seconds left this turn.\n|inactive|iron tusk 69 has 20 seconds left.\n|\n|t:|1700365830\n|move|p2a: Manaphy|Energy Ball|p1a: It's Oger\n|-damage|p1a: It's Oger|14\/100\n|move|p1a: It's Oger|Ivy Cudgel|p2a: Manaphy|[anim] Ivy Cudgel Water\n|-resisted|p2a: Manaphy\n|-damage|p2a: Manaphy|31\/100\n|\n|upkeep\n|turn|10\n|inactive|iron tusk 69 has 30 seconds left this turn.\n|inactive|iron tusk 69 has 20 seconds left.\n|\n|t:|1700365841\n|move|p2a: Manaphy|Energy Ball|p1a: It's Oger\n|-damage|p1a: It's Oger|0 fnt\n|faint|p1a: It's Oger\n|\n|upkeep\n|inactive|iron tusk 69 has 25 seconds left this turn.\n|inactive|iron tusk 69 has 20 seconds left.\n|inactive|iron tusk 69 has 15 seconds left.\n|\n|t:|1700365855\n|switch|p1a: Ogregone|Iron Valiant|100\/100\n|-activate|p1a: Ogregone|move: Sticky Web\n|-unboost|p1a: Ogregone|spe|1\n|-enditem|p1a: Ogregone|Booster Energy\n|-activate|p1a: Ogregone|ability: Quark Drive|[fromitem]\n|-start|p1a: Ogregone|quarkdriveatk\n|turn|11\n|inactive|iron tusk 69 has 25 seconds left this turn.\n|\n|t:|1700365860\n|move|p2a: Manaphy|Psychic|p1a: Ogregone\n|-supereffective|p1a: Ogregone\n|-damage|p1a: Ogregone|1\/100\n|move|p1a: Ogregone|Knock Off|p2a: Manaphy\n|-damage|p2a: Manaphy|0 fnt\n|-enditem|p2a: Manaphy|Custap Berry|[from] move: Knock Off|[of] p1a: Ogregone\n|faint|p2a: Manaphy\n|\n|upkeep\n|inactive|iron tusk 69 has 30 seconds left this turn.\n|\n|t:|1700365880\n|switch|p2a: Sneasler|Sneasler, F|100\/100\n|-damage|p2a: Sneasler|84\/100|[from] Spikes\n|turn|12\n|inactive|iron tusk 69 has 30 seconds left.\n|j| Roshino\n|inactive|iron tusk 69 has 20 seconds left.\n|inactive|iron tusk 69 has 15 seconds left.\n|\n|t:|1700365906\n|move|p2a: Sneasler|Fake Out|p1a: Ogregone\n|-damage|p1a: Ogregone|0 fnt\n|faint|p1a: Ogregone\n|-end|p1a: Ogregone|Quark Drive|[silent]\n|\n|upkeep\n|inactive|iron tusk 69 has 20 seconds left this turn.\n|\n|t:|1700365909\n|switch|p1a: GAMBIT SWITCHIN|Zamazenta|100\/100\n|-activate|p1a: GAMBIT SWITCHIN|move: Sticky Web\n|-unboost|p1a: GAMBIT SWITCHIN|spe|1\n|-ability|p1a: GAMBIT SWITCHIN|Dauntless Shield|boost\n|-boost|p1a: GAMBIT SWITCHIN|def|1\n|turn|13\n|inactive|iron tusk 69 has 30 seconds left this turn.\n|inactive|iron tusk 69 has 20 seconds left.\n|inactive|iron tusk 69 has 15 seconds left.\n|\n|t:|1700365928\n|move|p2a: Sneasler|Close Combat|p1a: GAMBIT SWITCHIN\n|-damage|p1a: GAMBIT SWITCHIN|74\/100\n|-unboost|p2a: Sneasler|def|1\n|-unboost|p2a: Sneasler|spd|1\n|-status|p1a: GAMBIT SWITCHIN|psn|[from] ability: Poison Touch|[of] p2a: Sneasler\n|move|p1a: GAMBIT SWITCHIN|Iron Defense|p1a: GAMBIT SWITCHIN\n|-boost|p1a: GAMBIT SWITCHIN|def|2\n|\n|-heal|p1a: GAMBIT SWITCHIN|80\/100 psn|[from] item: Leftovers\n|-damage|p1a: GAMBIT SWITCHIN|68\/100 psn|[from] psn\n|upkeep\n|turn|14\n|inactive|iron tusk 69 has 25 seconds left this turn.\n|\n|t:|1700365935\n|move|p2a: Sneasler|U-turn|p1a: GAMBIT SWITCHIN\n|-resisted|p1a: GAMBIT SWITCHIN\n|-damage|p1a: GAMBIT SWITCHIN|65\/100 psn\n|inactive|iron tusk 69 has 30 seconds left this turn.\n|\n|t:|1700365938\n|switch|p2a: Kuzko|Gholdengo|100\/100|[from] U-turn\n|-item|p2a: Kuzko|Air Balloon\n|move|p1a: GAMBIT SWITCHIN|Body Press|p2a: Kuzko\n|-immune|p2a: Kuzko\n|\n|-heal|p1a: GAMBIT SWITCHIN|71\/100 psn|[from] item: Leftovers\n|-damage|p1a: GAMBIT SWITCHIN|58\/100 psn|[from] psn\n|upkeep\n|turn|15\n|inactive|iron tusk 69 has 30 seconds left.\n|inactive|iron tusk 69 has 20 seconds left.\n|inactive|iron tusk 69 has 15 seconds left.\n|\n|t:|1700365967\n|switch|p2a: Sneasler|Sneasler, F|84\/100\n|-damage|p2a: Sneasler|67\/100|[from] Spikes\n|move|p1a: GAMBIT SWITCHIN|Crunch|p2a: Sneasler\n|-resisted|p2a: Sneasler\n|-damage|p2a: Sneasler|50\/100\n|\n|-heal|p1a: GAMBIT SWITCHIN|64\/100 psn|[from] item: Leftovers\n|-damage|p1a: GAMBIT SWITCHIN|52\/100 psn|[from] psn\n|upkeep\n|turn|16\n|inactive|iron tusk 69 has 25 seconds left this turn.\n|inactive|iron tusk 69 has 20 seconds left.\n|inactive|iron tusk 69 has 15 seconds left.\n|\n|t:|1700365980\n|move|p2a: Sneasler|Fake Out|p1a: GAMBIT SWITCHIN\n|-damage|p1a: GAMBIT SWITCHIN|48\/100 psn\n|cant|p1a: GAMBIT SWITCHIN|flinch\n|\n|-heal|p1a: GAMBIT SWITCHIN|54\/100 psn|[from] item: Leftovers\n|-damage|p1a: GAMBIT SWITCHIN|42\/100 psn|[from] psn\n|upkeep\n|turn|17\n|inactive|iron tusk 69 has 25 seconds left this turn.\n|inactive|iron tusk 69 has 20 seconds left.\n|\n|t:|1700365985\n|move|p2a: Sneasler|Close Combat|p1a: GAMBIT SWITCHIN\n|-damage|p1a: GAMBIT SWITCHIN|26\/100 psn\n|-unboost|p2a: Sneasler|def|1\n|-unboost|p2a: Sneasler|spd|1\n|move|p1a: GAMBIT SWITCHIN|Body Press|p2a: Sneasler\n|-resisted|p2a: Sneasler\n|-damage|p2a: Sneasler|0 fnt\n|faint|p2a: Sneasler\n|\n|-heal|p1a: GAMBIT SWITCHIN|32\/100 psn|[from] item: Leftovers\n|-damage|p1a: GAMBIT SWITCHIN|20\/100 psn|[from] psn\n|upkeep\n|inactive|iron tusk 69 has 25 seconds left this turn.\n|\n|t:|1700365992\n|switch|p2a: Landorus|Landorus-Therian, M|100\/100\n|-ability|p2a: Landorus|Intimidate|boost\n|-unboost|p1a: GAMBIT SWITCHIN|atk|1\n|turn|18\n|inactive|iron tusk 69 has 30 seconds left.\n|inactive|iron tusk 69 has 20 seconds left.\n|inactive|iron tusk 69 has 15 seconds left.\n|\n|t:|1700366016\n|move|p2a: Landorus|Earthquake|p1a: GAMBIT SWITCHIN\n|-damage|p1a: GAMBIT SWITCHIN|0 fnt\n|faint|p1a: GAMBIT SWITCHIN\n|\n|upkeep\n|inactive|iron tusk 69 has 20 seconds left this turn.\n|inactive|iron tusk 69 has 15 seconds left.\n|inactive|iron tusk 69 has 10 seconds left.\n|inactive|iron tusk 69 has 5 seconds left.\n|\n|t:|1700366031\n|switch|p1a: Rigged Suspect|Kingambit, F|100\/100\n|-activate|p1a: Rigged Suspect|move: Sticky Web\n|-unboost|p1a: Rigged Suspect|spe|1\n|-activate|p1a: Rigged Suspect|ability: Supreme Overlord\n|-start|p1a: Rigged Suspect|fallen5|[silent]\n|turn|19\n|inactive|iron tusk 69 has 15 seconds left this turn.\n|inactive|iron tusk 69 has 10 seconds left.\n|inactive|iron tusk 69 has 5 seconds left.\n|\n|t:|1700366044\n|-terastallize|p1a: Rigged Suspect|Fairy\n|move|p2a: Landorus|Earthquake|p1a: Rigged Suspect\n|-damage|p1a: Rigged Suspect|36\/100\n|move|p1a: Rigged Suspect|Swords Dance|p1a: Rigged Suspect\n|-boost|p1a: Rigged Suspect|atk|2\n|\n|-heal|p1a: Rigged Suspect|42\/100|[from] item: Leftovers\n|upkeep\n|turn|20\n|inactive|iron tusk 69 has 15 seconds left this turn.\n|c|\u2606iron tusk 69|holy\n|inactive|iron tusk 69 has 10 seconds left.\n|\n|t:|1700366053\n|switch|p2a: Kuzko|Gholdengo|100\/100\n|-item|p2a: Kuzko|Air Balloon\n|move|p1a: Rigged Suspect|Sucker Punch||[still]\n|-fail|p1a: Rigged Suspect\n|\n|-heal|p1a: Rigged Suspect|48\/100|[from] item: Leftovers\n|upkeep\n|turn|21\n|inactive|iron tusk 69 has 20 seconds left this turn.\n|\n|t:|1700366071\n|switch|p2a: Landorus|Landorus-Therian, M|100\/100\n|-ability|p2a: Landorus|Intimidate|boost\n|-unboost|p1a: Rigged Suspect|atk|1\n|move|p1a: Rigged Suspect|Sucker Punch||[still]\n|-fail|p1a: Rigged Suspect\n|\n|-heal|p1a: Rigged Suspect|54\/100|[from] item: Leftovers\n|upkeep\n|turn|22\n|inactive|iron tusk 69 has 30 seconds left this turn.\n|inactive|iron tusk 69 has 20 seconds left.\n|inactive|iron tusk 69 has 15 seconds left.\n|inactive|iron tusk 69 has 10 seconds left.\n|\n|t:|1700366095\n|move|p1a: Rigged Suspect|Sucker Punch|p2a: Landorus\n|-damage|p2a: Landorus|2\/100\n|move|p2a: Landorus|Earthquake|p1a: Rigged Suspect\n|-damage|p1a: Rigged Suspect|0 fnt\n|faint|p1a: Rigged Suspect\n|-end|p1a: Rigged Suspect|fallen5|[silent]\n|\n|win|genesis7\n|inactive|iron tusk 69 has 15 seconds left this turn.\n|raw|iron tusk 69's rating: 1798 &rarr; <strong>1778<\/strong><br \/>(-20 for losing)\n|raw|genesis7's rating: 1802 &rarr; <strong>1822<\/strong><br \/>(+20 for winning)\n|c|\u2606genesis7|gg\n|l| Roshino\n|l| srtyjj\n","uploadtime":1700366106,"views":18,"p1id":"irontusk69","p2id":"genesis7","formatid":"gen9ou","rating":1778,"private":0,"password":""}