{"id":"gen9ou-1995527497","p1":"m0oO","p2":"iamthedanger3","format":"[Gen 9] OU","log":"|j|\u2606m0oO\n|j|\u2606iamthedanger3\n|t:|1700580011\n|gametype|singles\n|player|p1|m0oO|riley|1165\n|player|p2|iamthedanger3|unknownf|1080\n|teamsize|p1|6\n|teamsize|p2|6\n|gen|9\n|tier|[Gen 9] OU\n|rated|\n|rule|Sleep Clause Mod: Limit one foe put to sleep\n|rule|Species Clause: Limit one of each Pok\u00e9mon\n|rule|OHKO Clause: OHKO moves are banned\n|rule|Evasion Items Clause: Evasion items are banned\n|rule|Evasion Moves Clause: Evasion moves are banned\n|rule|Endless Battle Clause: Forcing endless battles is banned\n|rule|HP Percentage Mod: HP is shown in percentages\n|clearpoke\n|poke|p1|Muk-Alola, M|\n|poke|p1|Rillaboom, M|\n|poke|p1|Enamorus, F|\n|poke|p1|Dragapult, F|\n|poke|p1|Kingambit, M|\n|poke|p1|Great Tusk|\n|poke|p2|Hoopa-Unbound|\n|poke|p2|Great Tusk|\n|poke|p2|Basculegion, M|\n|poke|p2|Zapdos|\n|poke|p2|Cresselia, F|\n|poke|p2|Garganacl, M|\n|teampreview\n|inactive|Battle timer is ON: inactive players will automatically lose when time's up. (requested by iamthedanger3)\n|\n|t:|1700580056\n|start\n|switch|p1a: Dragapult|Dragapult, F|100\/100\n|switch|p2a: Hoopa|Hoopa-Unbound|100\/100\n|turn|1\n|\n|t:|1700580059\n|move|p2a: Hoopa|Dark Pulse|p1a: Dragapult\n|-supereffective|p1a: Dragapult\n|-damage|p1a: Dragapult|0 fnt\n|faint|p1a: Dragapult\n|\n|upkeep\n|\n|t:|1700580070\n|switch|p1a: Enamorus|Enamorus, F|100\/100\n|turn|2\n|\n|t:|1700580074\n|switch|p2a: Zapdos|Zapdos|100\/100\n|-ability|p2a: Zapdos|Pressure\n|move|p1a: Enamorus|Moonblast|p2a: Zapdos\n|-damage|p2a: Zapdos|12\/100\n|\n|upkeep\n|turn|3\n|\n|t:|1700580082\n|move|p1a: Enamorus|Moonblast|p2a: Zapdos\n|-damage|p2a: Zapdos|0 fnt\n|faint|p2a: Zapdos\n|\n|upkeep\n|\n|t:|1700580083\n|switch|p2a: Cresselia|Cresselia, F|100\/100\n|turn|4\n|\n|t:|1700580089\n|switch|p1a: Muk|Muk-Alola, M|100\/100\n|move|p2a: Cresselia|Thunder Wave|p1a: Muk\n|-status|p1a: Muk|par\n|\n|upkeep\n|turn|5\n|\n|t:|1700580094\n|switch|p2a: Great Tusk|Great Tusk|100\/100\n|-enditem|p2a: Great Tusk|Booster Energy\n|-activate|p2a: Great Tusk|ability: Protosynthesis|[fromitem]\n|-start|p2a: Great Tusk|protosynthesisspe\n|move|p1a: Muk|Knock Off|p2a: Great Tusk\n|-resisted|p2a: Great Tusk\n|-damage|p2a: Great Tusk|94\/100\n|\n|upkeep\n|turn|6\n|\n|t:|1700580105\n|switch|p1a: Enamorus|Enamorus, F|100\/100\n|move|p2a: Great Tusk|Knock Off|p1a: Enamorus\n|-resisted|p1a: Enamorus\n|-damage|p1a: Enamorus|78\/100\n|-enditem|p1a: Enamorus|Choice Specs|[from] move: Knock Off|[of] p2a: Great Tusk\n|\n|upkeep\n|turn|7\n|\n|t:|1700580115\n|-end|p2a: Great Tusk|Protosynthesis|[silent]\n|switch|p2a: Cresselia|Cresselia, F|100\/100\n|move|p1a: Enamorus|Moonblast|p2a: Cresselia\n|-damage|p2a: Cresselia|77\/100\n|\n|-heal|p2a: Cresselia|83\/100|[from] item: Leftovers\n|upkeep\n|turn|8\n|\n|t:|1700580122\n|switch|p1a: Muk|Muk-Alola, M|100\/100 par\n|switch|p2a: Garganacl|Garganacl, M|100\/100\n|\n|upkeep\n|turn|9\n|\n|t:|1700580130\n|move|p2a: Garganacl|Salt Cure|p1a: Muk\n|-damage|p1a: Muk|85\/100 par\n|-start|p1a: Muk|Salt Cure\n|move|p1a: Muk|Knock Off|p2a: Garganacl\n|-damage|p2a: Garganacl|83\/100\n|-enditem|p2a: Garganacl|Leftovers|[from] move: Knock Off|[of] p1a: Muk\n|\n|-heal|p1a: Muk|91\/100 par|[from] item: Leftovers\n|-damage|p1a: Muk|78\/100 par|[from] Salt Cure\n|upkeep\n|turn|10\n|\n|t:|1700580154\n|switch|p1a: Rillaboom|Rillaboom, M|100\/100\n|-fieldstart|move: Grassy Terrain|[from] ability: Grassy Surge|[of] p1a: Rillaboom\n|move|p2a: Garganacl|Salt Cure|p1a: Rillaboom\n|-damage|p1a: Rillaboom|86\/100\n|-start|p1a: Rillaboom|Salt Cure\n|\n|-heal|p1a: Rillaboom|92\/100|[from] Grassy Terrain\n|-heal|p2a: Garganacl|89\/100|[from] Grassy Terrain\n|-damage|p1a: Rillaboom|80\/100|[from] Salt Cure\n|upkeep\n|turn|11\n|\n|t:|1700580175\n|-terastallize|p2a: Garganacl|Flying\n|move|p1a: Rillaboom|U-turn|p2a: Garganacl\n|-resisted|p2a: Garganacl\n|-damage|p2a: Garganacl|82\/100\n|\n|t:|1700580184\n|switch|p1a: Muk|Muk-Alola, M|78\/100 par|[from] U-turn\n|move|p2a: Garganacl|Body Press|p1a: Muk\n|-damage|p1a: Muk|46\/100 par\n|\n|-heal|p1a: Muk|52\/100 par|[from] Grassy Terrain\n|-heal|p1a: Muk|58\/100 par|[from] item: Leftovers\n|upkeep\n|turn|12\n|\n|t:|1700580194\n|move|p2a: Garganacl|Recover|p2a: Garganacl\n|-heal|p2a: Garganacl|100\/100\n|move|p1a: Muk|Poison Jab|p2a: Garganacl\n|-damage|p2a: Garganacl|86\/100\n|\n|-heal|p1a: Muk|64\/100 par|[from] Grassy Terrain\n|-heal|p1a: Muk|70\/100 par|[from] item: Leftovers\n|upkeep\n|turn|13\n|\n|t:|1700580201\n|move|p2a: Garganacl|Salt Cure|p1a: Muk\n|-damage|p1a: Muk|55\/100 par\n|-start|p1a: Muk|Salt Cure\n|cant|p1a: Muk|par\n|\n|-heal|p1a: Muk|61\/100 par|[from] Grassy Terrain\n|-heal|p1a: Muk|67\/100 par|[from] item: Leftovers\n|-damage|p1a: Muk|55\/100 par|[from] Salt Cure\n|upkeep\n|turn|14\n|inactive|m0oO has 120 seconds left.\n|\n|t:|1700580241\n|switch|p1a: Rillaboom|Rillaboom, M|80\/100\n|move|p2a: Garganacl|Stealth Rock|p1a: Rillaboom\n|-sidestart|p1: m0oO|move: Stealth Rock\n|\n|-heal|p1a: Rillaboom|86\/100|[from] Grassy Terrain\n|upkeep\n|turn|15\n|inactive|m0oO has 120 seconds left.\n|\n|t:|1700580253\n|switch|p1a: Great Tusk|Great Tusk|100\/100\n|-damage|p1a: Great Tusk|97\/100|[from] Stealth Rock\n|move|p2a: Garganacl|Salt Cure|p1a: Great Tusk\n|-resisted|p1a: Great Tusk\n|-damage|p1a: Great Tusk|95\/100\n|-start|p1a: Great Tusk|Salt Cure\n|\n|-heal|p1a: Great Tusk|100\/100|[from] Grassy Terrain\n|-damage|p1a: Great Tusk|88\/100|[from] Salt Cure\n|upkeep\n|turn|16\n|inactive|m0oO has 120 seconds left.\n|\n|t:|1700580262\n|switch|p2a: Basculegion|Basculegion, M|100\/100\n|move|p1a: Great Tusk|Stealth Rock|p2a: Basculegion\n|-sidestart|p2: iamthedanger3|move: Stealth Rock\n|\n|-heal|p1a: Great Tusk|94\/100|[from] Grassy Terrain\n|-heal|p1a: Great Tusk|99\/100|[from] item: Leftovers\n|-damage|p1a: Great Tusk|88\/100|[from] Salt Cure\n|upkeep\n|turn|17\n|\n|t:|1700580272\n|-end|p1a: Great Tusk|Protosynthesis|[silent]\n|switch|p1a: Muk|Muk-Alola, M|55\/100 par\n|-damage|p1a: Muk|43\/100 par|[from] Stealth Rock\n|switch|p2a: Great Tusk|Great Tusk|94\/100\n|-damage|p2a: Great Tusk|91\/100|[from] Stealth Rock\n|\n|-heal|p2a: Great Tusk|97\/100|[from] Grassy Terrain\n|-heal|p1a: Muk|49\/100 par|[from] Grassy Terrain\n|-heal|p1a: Muk|55\/100 par|[from] item: Leftovers\n|-fieldend|move: Grassy Terrain\n|upkeep\n|turn|18\n|\n|t:|1700580282\n|switch|p1a: Rillaboom|Rillaboom, M|86\/100\n|-damage|p1a: Rillaboom|73\/100|[from] Stealth Rock\n|-fieldstart|move: Grassy Terrain|[from] ability: Grassy Surge|[of] p1a: Rillaboom\n|move|p2a: Great Tusk|Rapid Spin|p1a: Rillaboom\n|-damage|p1a: Rillaboom|58\/100\n|-boost|p2a: Great Tusk|spe|1\n|-sideend|p2: iamthedanger3|Stealth Rock|[from] move: Rapid Spin|[of] p2a: Great Tusk\n|\n|-heal|p2a: Great Tusk|100\/100|[from] Grassy Terrain\n|-heal|p1a: Rillaboom|65\/100|[from] Grassy Terrain\n|upkeep\n|turn|19\n|\n|t:|1700580288\n|-end|p2a: Great Tusk|Protosynthesis|[silent]\n|switch|p2a: Garganacl|Garganacl, M, tera:Flying|86\/100\n|move|p1a: Rillaboom|Wood Hammer|p2a: Garganacl\n|-resisted|p2a: Garganacl\n|-damage|p2a: Garganacl|64\/100\n|-damage|p1a: Rillaboom|57\/100|[from] Recoil\n|\n|-heal|p1a: Rillaboom|63\/100|[from] Grassy Terrain\n|upkeep\n|turn|20\n|\n|t:|1700580295\n|switch|p1a: Great Tusk|Great Tusk|88\/100\n|-damage|p1a: Great Tusk|85\/100|[from] Stealth Rock\n|move|p2a: Garganacl|Recover|p2a: Garganacl\n|-heal|p2a: Garganacl|100\/100\n|\n|-heal|p1a: Great Tusk|91\/100|[from] Grassy Terrain\n|-heal|p1a: Great Tusk|97\/100|[from] item: Leftovers\n|upkeep\n|turn|21\n|\n|t:|1700580300\n|switch|p2a: Great Tusk|Great Tusk|100\/100\n|move|p1a: Great Tusk|Rapid Spin|p2a: Great Tusk\n|-damage|p2a: Great Tusk|87\/100\n|-boost|p1a: Great Tusk|spe|1\n|-sideend|p1: m0oO|Stealth Rock|[from] move: Rapid Spin|[of] p1a: Great Tusk\n|\n|-heal|p1a: Great Tusk|100\/100|[from] Grassy Terrain\n|-heal|p2a: Great Tusk|94\/100|[from] Grassy Terrain\n|upkeep\n|turn|22\n|\n|t:|1700580312\n|move|p1a: Great Tusk|Headlong Rush|p2a: Great Tusk\n|-damage|p2a: Great Tusk|53\/100\n|-unboost|p1a: Great Tusk|def|1\n|-unboost|p1a: Great Tusk|spd|1\n|move|p2a: Great Tusk|Ice Spinner|p1a: Great Tusk\n|-supereffective|p1a: Great Tusk\n|-damage|p1a: Great Tusk|53\/100\n|-fieldend|move: Grassy Terrain\n|\n|-heal|p1a: Great Tusk|59\/100|[from] item: Leftovers\n|upkeep\n|turn|23\n|inactive|m0oO has 120 seconds left.\n|inactive|m0oO has 90 seconds left.\n|\n|t:|1700580373\n|move|p1a: Great Tusk|Stealth Rock|p2a: Great Tusk\n|-sidestart|p2: iamthedanger3|move: Stealth Rock\n|move|p2a: Great Tusk|Ice Spinner|p1a: Great Tusk\n|-supereffective|p1a: Great Tusk\n|-damage|p1a: Great Tusk|11\/100\n|\n|-heal|p1a: Great Tusk|17\/100|[from] item: Leftovers\n|upkeep\n|turn|24\n|\n|t:|1700580392\n|move|p1a: Great Tusk|Headlong Rush|p2a: Great Tusk\n|-damage|p2a: Great Tusk|8\/100\n|-unboost|p1a: Great Tusk|def|1\n|-unboost|p1a: Great Tusk|spd|1\n|move|p2a: Great Tusk|Rapid Spin|p1a: Great Tusk\n|-damage|p1a: Great Tusk|0 fnt\n|-boost|p2a: Great Tusk|spe|1\n|-sideend|p2: iamthedanger3|Stealth Rock|[from] move: Rapid Spin|[of] p2a: Great Tusk\n|faint|p1a: Great Tusk\n|-end|p1a: Great Tusk|Protosynthesis|[silent]\n|\n|upkeep\n|\n|t:|1700580398\n|switch|p1a: Rillaboom|Rillaboom, M|63\/100\n|-fieldstart|move: Grassy Terrain|[from] ability: Grassy Surge|[of] p1a: Rillaboom\n|turn|25\n|\n|t:|1700580401\n|-end|p2a: Great Tusk|Protosynthesis|[silent]\n|switch|p2a: Garganacl|Garganacl, M, tera:Flying|100\/100\n|move|p1a: Rillaboom|Grassy Glide|p2a: Garganacl\n|-resisted|p2a: Garganacl\n|-damage|p2a: Garganacl|91\/100\n|\n|-heal|p1a: Rillaboom|69\/100|[from] Grassy Terrain\n|upkeep\n|turn|26\n|\n|t:|1700580411\n|switch|p1a: Enamorus|Enamorus, F|78\/100\n|move|p2a: Garganacl|Salt Cure|p1a: Enamorus\n|-supereffective|p1a: Enamorus\n|-damage|p1a: Enamorus|34\/100\n|-start|p1a: Enamorus|Salt Cure\n|\n|-damage|p1a: Enamorus|22\/100|[from] Salt Cure\n|upkeep\n|turn|27\n|\n|t:|1700580426\n|move|p1a: Enamorus|Moonblast|p2a: Garganacl\n|-damage|p2a: Garganacl|43\/100\n|move|p2a: Garganacl|Recover|p2a: Garganacl\n|-heal|p2a: Garganacl|93\/100\n|\n|-damage|p1a: Enamorus|9\/100|[from] Salt Cure\n|upkeep\n|turn|28\n|inactive|m0oO has 120 seconds left.\n|\n|t:|1700580448\n|move|p1a: Enamorus|Moonblast|p2a: Garganacl\n|-damage|p2a: Garganacl|47\/100\n|move|p2a: Garganacl|Stealth Rock|p1a: Enamorus\n|-sidestart|p1: m0oO|move: Stealth Rock\n|\n|-damage|p1a: Enamorus|0 fnt|[from] Salt Cure\n|faint|p1a: Enamorus\n|upkeep\n|\n|t:|1700580453\n|switch|p1a: Kingambit|Kingambit, M|100\/100\n|-damage|p1a: Kingambit|94\/100|[from] Stealth Rock\n|-activate|p1a: Kingambit|ability: Supreme Overlord\n|-start|p1a: Kingambit|fallen3|[silent]\n|turn|29\n|\n|t:|1700580463\n|move|p1a: Kingambit|Kowtow Cleave|p2a: Garganacl\n|-damage|p2a: Garganacl|14\/100\n|move|p2a: Garganacl|Salt Cure|p1a: Kingambit\n|-resisted|p1a: Kingambit\n|-damage|p1a: Kingambit|89\/100\n|-start|p1a: Kingambit|Salt Cure\n|\n|-heal|p1a: Kingambit|95\/100|[from] Grassy Terrain\n|-heal|p1a: Kingambit|100\/100|[from] item: Leftovers\n|-damage|p1a: Kingambit|75\/100|[from] Salt Cure\n|upkeep\n|turn|30\n|inactive|m0oO has 120 seconds left.\n|\n|t:|1700580481\n|switch|p2a: Basculegion|Basculegion, M|100\/100\n|move|p1a: Kingambit|Kowtow Cleave|p2a: Basculegion\n|-supereffective|p2a: Basculegion\n|-crit|p2a: Basculegion\n|-damage|p2a: Basculegion|0 fnt\n|faint|p2a: Basculegion\n|\n|-heal|p1a: Kingambit|82\/100|[from] Grassy Terrain\n|-heal|p1a: Kingambit|88\/100|[from] item: Leftovers\n|-damage|p1a: Kingambit|63\/100|[from] Salt Cure\n|upkeep\n|\n|t:|1700580485\n|switch|p2a: Hoopa|Hoopa-Unbound|100\/100\n|turn|31\n|\n|t:|1700580494\n|-end|p1a: Kingambit|fallen3|[silent]\n|switch|p1a: Muk|Muk-Alola, M|55\/100 par\n|-damage|p1a: Muk|42\/100 par|[from] Stealth Rock\n|move|p2a: Hoopa|Trick|p1a: Muk\n|-activate|p2a: Hoopa|move: Trick|[of] p1a: Muk\n|-item|p1a: Muk|Choice Scarf|[from] move: Trick\n|-item|p2a: Hoopa|Leftovers|[from] move: Trick\n|\n|-heal|p1a: Muk|48\/100 par|[from] Grassy Terrain\n|upkeep\n|turn|32\n|inactive|m0oO has 120 seconds left.\n|\n|t:|1700580517\n|switch|p2a: Cresselia|Cresselia, F|83\/100\n|move|p1a: Muk|Knock Off|p2a: Cresselia\n|-supereffective|p2a: Cresselia\n|-damage|p2a: Cresselia|34\/100\n|-enditem|p2a: Cresselia|Leftovers|[from] move: Knock Off|[of] p1a: Muk\n|\n|-heal|p1a: Muk|54\/100 par|[from] Grassy Terrain\n|-fieldend|move: Grassy Terrain\n|upkeep\n|turn|33\n|\n|t:|1700580527\n|move|p2a: Cresselia|Thunder Wave|p1a: Muk\n|-fail|p1a: Muk|par\n|move|p1a: Muk|Knock Off|p2a: Cresselia\n|-supereffective|p2a: Cresselia\n|-damage|p2a: Cresselia|0 fnt\n|faint|p2a: Cresselia\n|\n|upkeep\n|\n|t:|1700580529\n|switch|p2a: Garganacl|Garganacl, M, tera:Flying|14\/100\n|turn|34\n|\n|t:|1700580536\n|switch|p1a: Rillaboom|Rillaboom, M|69\/100\n|-damage|p1a: Rillaboom|57\/100|[from] Stealth Rock\n|-fieldstart|move: Grassy Terrain|[from] ability: Grassy Surge|[of] p1a: Rillaboom\n|move|p2a: Garganacl|Recover|p2a: Garganacl\n|-heal|p2a: Garganacl|64\/100\n|\n|-heal|p1a: Rillaboom|63\/100|[from] Grassy Terrain\n|upkeep\n|turn|35\n|\n|t:|1700580549\n|switch|p1a: Kingambit|Kingambit, M|63\/100\n|-damage|p1a: Kingambit|57\/100|[from] Stealth Rock\n|-activate|p1a: Kingambit|ability: Supreme Overlord\n|-start|p1a: Kingambit|fallen3|[silent]\n|move|p2a: Garganacl|Recover|p2a: Garganacl\n|-heal|p2a: Garganacl|100\/100\n|\n|-heal|p1a: Kingambit|63\/100|[from] Grassy Terrain\n|-heal|p1a: Kingambit|69\/100|[from] item: Leftovers\n|upkeep\n|turn|36\n|\n|t:|1700580558\n|-terastallize|p1a: Kingambit|Fairy\n|move|p1a: Kingambit|Swords Dance|p1a: Kingambit\n|-boost|p1a: Kingambit|atk|2\n|move|p2a: Garganacl|Body Press|p1a: Kingambit\n|-resisted|p1a: Kingambit\n|-damage|p1a: Kingambit|58\/100\n|\n|-heal|p1a: Kingambit|64\/100|[from] Grassy Terrain\n|-heal|p1a: Kingambit|70\/100|[from] item: Leftovers\n|upkeep\n|turn|37\n|\n|t:|1700580561\n|move|p1a: Kingambit|Kowtow Cleave|p2a: Garganacl\n|-damage|p2a: Garganacl|33\/100\n|move|p2a: Garganacl|Salt Cure|p1a: Kingambit\n|-damage|p1a: Kingambit|60\/100\n|-start|p1a: Kingambit|Salt Cure\n|\n|-heal|p1a: Kingambit|66\/100|[from] Grassy Terrain\n|-heal|p1a: Kingambit|73\/100|[from] item: Leftovers\n|-damage|p1a: Kingambit|60\/100|[from] Salt Cure\n|upkeep\n|turn|38\n|\n|t:|1700580573\n|switch|p2a: Great Tusk|Great Tusk|8\/100\n|move|p1a: Kingambit|Kowtow Cleave|p2a: Great Tusk\n|-resisted|p2a: Great Tusk\n|-damage|p2a: Great Tusk|0 fnt\n|faint|p2a: Great Tusk\n|-end|p2a: Great Tusk|Protosynthesis|[silent]\n|\n|-heal|p1a: Kingambit|66\/100|[from] Grassy Terrain\n|-heal|p1a: Kingambit|73\/100|[from] item: Leftovers\n|-damage|p1a: Kingambit|60\/100|[from] Salt Cure\n|upkeep\n|\n|t:|1700580578\n|switch|p2a: Hoopa|Hoopa-Unbound|100\/100\n|turn|39\n|\n|t:|1700580586\n|move|p2a: Hoopa|Psychic|p1a: Kingambit\n|-damage|p1a: Kingambit|7\/100\n|move|p1a: Kingambit|Kowtow Cleave|p2a: Hoopa\n|-damage|p2a: Hoopa|0 fnt\n|faint|p2a: Hoopa\n|\n|-heal|p1a: Kingambit|13\/100|[from] Grassy Terrain\n|-heal|p1a: Kingambit|19\/100|[from] item: Leftovers\n|-damage|p1a: Kingambit|7\/100|[from] Salt Cure\n|upkeep\n|inactive|iamthedanger3 has 120 seconds left.\n|l|\u2606m0oO\n|inactive|m0oO disconnected and has a minute to reconnect!\n|player|p1|\n|j|\u2606m0oO\n|inactive|m0oO reconnected.\n|player|p1|m0oO|riley\n|inactive|iamthedanger3 has 90 seconds left.\n|inactive|iamthedanger3 has 60 seconds left.\n|inactive|iamthedanger3 has 30 seconds left.\n|inactive|iamthedanger3 has 20 seconds left.\n|-message|iamthedanger3 forfeited.\n|\n|win|m0oO\n|inactive|iamthedanger3 has 25 seconds left this turn.\n|raw|m0oO's rating: 1165 &rarr; <strong>1184<\/strong><br \/>(+19 for winning)\n|raw|iamthedanger3's rating: 1080 &rarr; <strong>1063<\/strong><br \/>(-17 for losing)\n|l|\u2606iamthedanger3\n","uploadtime":1700580721,"views":1,"p1id":"m0oo","p2id":"iamthedanger3","formatid":"gen9ou","rating":1063,"private":0,"password":""}