{"id":"gen9ou-1995905802","p1":"NewHoovybeast05","p2":"mathismathin","format":"[Gen 9] OU","log":"|j|\u2606NewHoovybeast05\n|j|\u2606mathismathin\n|t:|1700615880\n|gametype|singles\n|player|p1|NewHoovybeast05|palmer|1574\n|player|p2|mathismathin|nate|1737\n|teamsize|p1|6\n|teamsize|p2|6\n|gen|9\n|tier|[Gen 9] OU\n|rated|\n|rule|Sleep Clause Mod: Limit one foe put to sleep\n|rule|Species Clause: Limit one of each Pok\u00e9mon\n|rule|OHKO Clause: OHKO moves are banned\n|rule|Evasion Items Clause: Evasion items are banned\n|rule|Evasion Moves Clause: Evasion moves are banned\n|rule|Endless Battle Clause: Forcing endless battles is banned\n|rule|HP Percentage Mod: HP is shown in percentages\n|clearpoke\n|poke|p1|Landorus-Therian, M|\n|poke|p1|Samurott-Hisui, M|\n|poke|p1|Great Tusk|\n|poke|p1|Iron Valiant|\n|poke|p1|Ogerpon-Wellspring, F|\n|poke|p1|Heatran, F|\n|poke|p2|Electrode-Hisui|\n|poke|p2|Mabosstiff, M|\n|poke|p2|Tauros, M|\n|poke|p2|Klefki, M|\n|poke|p2|Gallade, M|\n|poke|p2|Uxie|\n|teampreview\n|\n|t:|1700615895\n|start\n|switch|p1a: Samurott|Samurott-Hisui, M|100\/100\n|switch|p2a: Electrode|Electrode-Hisui|100\/100\n|turn|1\n|\n|t:|1700615910\n|switch|p1a: Heatran|Heatran, F|100\/100\n|move|p2a: Electrode|Volt Switch|p1a: Heatran\n|-damage|p1a: Heatran|54\/100\n|inactive|Battle timer is ON: inactive players will automatically lose when time's up. (requested by NewHoovybeast05)\n|\n|t:|1700615921\n|switch|p2a: Tauros|Tauros, M|100\/100|[from] Volt Switch\n|\n|-heal|p1a: Heatran|60\/100|[from] item: Leftovers\n|upkeep\n|turn|2\n|\n|t:|1700615926\n|switch|p1a: Landorus|Landorus-Therian, M|100\/100\n|-ability|p1a: Landorus|Intimidate|boost\n|-unboost|p2a: Tauros|atk|1\n|move|p2a: Tauros|Ice Beam|p1a: Landorus\n|-supereffective|p1a: Landorus\n|-damage|p1a: Landorus|8\/100\n|\n|upkeep\n|turn|3\n|\n|t:|1700615934\n|move|p1a: Landorus|Earthquake|p2a: Tauros\n|-damage|p2a: Tauros|33\/100\n|move|p2a: Tauros|Raging Bull|p1a: Landorus\n|-damage|p1a: Landorus|0 fnt\n|faint|p1a: Landorus\n|-damage|p2a: Tauros|23\/100|[from] item: Life Orb\n|\n|upkeep\n|\n|t:|1700615952\n|switch|p1a: Iron Valiant|Iron Valiant|100\/100\n|turn|4\n|\n|t:|1700615967\n|move|p1a: Iron Valiant|Thunderbolt|p2a: Tauros\n|-damage|p2a: Tauros|0 fnt\n|faint|p2a: Tauros\n|\n|upkeep\n|\n|t:|1700615971\n|switch|p2a: Electrode|Electrode-Hisui|100\/100\n|turn|5\n|\n|t:|1700615977\n|-end|p1a: Iron Valiant|Quark Drive|[silent]\n|switch|p1a: Great Tusk|Great Tusk|100\/100\n|move|p2a: Electrode|Leaf Storm|p1a: Great Tusk\n|-supereffective|p1a: Great Tusk\n|-damage|p1a: Great Tusk|0 fnt\n|-unboost|p2a: Electrode|spa|2\n|faint|p1a: Great Tusk\n|-end|p1a: Great Tusk|Protosynthesis|[silent]\n|\n|upkeep\n|\n|t:|1700615980\n|switch|p1a: Heatran|Heatran, F|60\/100\n|turn|6\n|\n|t:|1700615990\n|switch|p2a: Mabosstiff|Mabosstiff, M|100\/100\n|move|p1a: Heatran|Flamethrower|p2a: Mabosstiff\n|-damage|p2a: Mabosstiff|44\/100\n|\n|-heal|p1a: Heatran|66\/100|[from] item: Leftovers\n|upkeep\n|turn|7\n|\n|t:|1700615995\n|move|p1a: Heatran|Flamethrower|p2a: Mabosstiff\n|-damage|p2a: Mabosstiff|0 fnt\n|faint|p2a: Mabosstiff\n|\n|-heal|p1a: Heatran|73\/100|[from] item: Leftovers\n|upkeep\n|\n|t:|1700615998\n|switch|p2a: Gallade|Gallade, M|100\/100\n|turn|8\n|inactive|NewHoovybeast05 has 120 seconds left.\n|\n|t:|1700616033\n|switch|p1a: Iron Valiant|Iron Valiant|100\/100\n|move|p2a: Gallade|Agility|p2a: Gallade\n|-boost|p2a: Gallade|spe|2\n|\n|upkeep\n|turn|9\n|inactive|NewHoovybeast05 has 120 seconds left.\n|\n|t:|1700616061\n|move|p2a: Gallade|Psycho Cut|p1a: Iron Valiant\n|-supereffective|p1a: Iron Valiant\n|-damage|p1a: Iron Valiant|0 fnt\n|faint|p1a: Iron Valiant\n|-end|p1a: Iron Valiant|Quark Drive|[silent]\n|-damage|p2a: Gallade|91\/100|[from] item: Life Orb\n|\n|upkeep\n|inactive|NewHoovybeast05 has 120 seconds left.\n|inactive|NewHoovybeast05 has 90 seconds left.\n|\n|t:|1700616097\n|switch|p1a: Heatran|Heatran, F|73\/100\n|turn|10\n|\n|t:|1700616101\n|-terastallize|p1a: Heatran|Grass\n|move|p2a: Gallade|Sacred Sword|p1a: Heatran\n|-damage|p1a: Heatran|0 fnt\n|faint|p1a: Heatran\n|-damage|p2a: Gallade|81\/100|[from] item: Life Orb\n|\n|upkeep\n|\n|t:|1700616107\n|switch|p1a: Samurott|Samurott-Hisui, M|100\/100\n|turn|11\n|\n|t:|1700616111\n|move|p1a: Samurott|Sucker Punch|p2a: Gallade\n|-damage|p2a: Gallade|30\/100\n|move|p2a: Gallade|Sacred Sword|p1a: Samurott\n|-supereffective|p1a: Samurott\n|-damage|p1a: Samurott|0 fnt\n|faint|p1a: Samurott\n|-damage|p2a: Gallade|20\/100|[from] item: Life Orb\n|\n|upkeep\n|c|\u2606NewHoovybeast05|gg\n|c|\u2606mathismathin|gg\n|-message|NewHoovybeast05 forfeited.\n|\n|win|mathismathin\n|raw|NewHoovybeast05's rating: 1574 &rarr; <strong>1563<\/strong><br \/>(-11 for losing)\n|raw|mathismathin's rating: 1737 &rarr; <strong>1748<\/strong><br \/>(+11 for winning)\n","uploadtime":1700616126,"views":2,"p1id":"newhoovybeast05","p2id":"mathismathin","formatid":"gen9ou","rating":1563,"private":0,"password":""}