{"id":"gen9ou-1996423082","p1":"Hompi","p2":"gcy9","format":"[Gen 9] OU","log":"|j|\u2606Hompi\n|j|\u2606gcy9\n|t:|1700680578\n|gametype|singles\n|player|p1|Hompi|red|1490\n|player|p2|gcy9|169|1582\n|teamsize|p1|6\n|teamsize|p2|6\n|gen|9\n|tier|[Gen 9] OU\n|rated|\n|rule|Sleep Clause Mod: Limit one foe put to sleep\n|rule|Species Clause: Limit one of each Pok\u00e9mon\n|rule|OHKO Clause: OHKO moves are banned\n|rule|Evasion Items Clause: Evasion items are banned\n|rule|Evasion Moves Clause: Evasion moves are banned\n|rule|Endless Battle Clause: Forcing endless battles is banned\n|rule|HP Percentage Mod: HP is shown in percentages\n|clearpoke\n|poke|p1|Polteageist-Antique|\n|poke|p1|Zamazenta-*|\n|poke|p1|Breloom, M|\n|poke|p1|Iron Valiant|\n|poke|p1|Cinderace, F|\n|poke|p1|Landorus-Therian, M|\n|poke|p2|Mandibuzz, F|\n|poke|p2|Jirachi|\n|poke|p2|Garchomp, M|\n|poke|p2|Slowking-Galar, F|\n|poke|p2|Ogerpon-Wellspring, F|\n|poke|p2|Tauros-Paldea-Aqua, M|\n|teampreview\n|inactive|Battle timer is ON: inactive players will automatically lose when time's up. (requested by Hompi)\n|inactive|gcy9 has 120 seconds left.\n|\n|t:|1700680630\n|start\n|switch|p1a: Breloom|Breloom, M, shiny|100\/100\n|switch|p2a: Ogerpon|Ogerpon-Wellspring, F|100\/100\n|turn|1\n|\n|t:|1700680638\n|move|p2a: Ogerpon|Power Whip|p1a: Breloom\n|-resisted|p1a: Breloom\n|-damage|p1a: Breloom|49\/100\n|move|p1a: Breloom|Rock Tomb|p2a: Ogerpon\n|-damage|p2a: Ogerpon|59\/100\n|-unboost|p2a: Ogerpon|spe|1\n|\n|upkeep\n|turn|2\n|\n|t:|1700680645\n|move|p1a: Breloom|Bullet Seed|p2a: Ogerpon\n|-damage|p2a: Ogerpon|35\/100\n|-damage|p2a: Ogerpon|9\/100\n|-hitcount|p2a: Ogerpon|2\n|move|p2a: Ogerpon|Power Whip|p1a: Breloom\n|-resisted|p1a: Breloom\n|-damage|p1a: Breloom|0 fnt\n|faint|p1a: Breloom\n|\n|upkeep\n|\n|t:|1700680671\n|switch|p1a: Cinderace|Cinderace, F|100\/100\n|turn|3\n|inactive|gcy9 has 120 seconds left.\n|inactive|gcy9 has 90 seconds left.\n|\n|t:|1700680740\n|switch|p2a: Tauros|Tauros-Paldea-Aqua, M|100\/100\n|-ability|p2a: Tauros|Intimidate|boost\n|-unboost|p1a: Cinderace|atk|1\n|move|p1a: Cinderace|Pyro Ball|p2a: Tauros\n|-resisted|p2a: Tauros\n|-damage|p2a: Tauros|88\/100\n|\n|-heal|p2a: Tauros|95\/100|[from] item: Leftovers\n|upkeep\n|turn|4\n|inactive|gcy9 has 90 seconds left.\n|\n|t:|1700680750\n|switch|p1a: Landorus|Landorus-Therian, M, shiny|100\/100\n|-ability|p1a: Landorus|Intimidate|boost\n|-unboost|p2a: Tauros|atk|1\n|move|p2a: Tauros|Bulk Up|p2a: Tauros\n|-boost|p2a: Tauros|atk|1\n|-boost|p2a: Tauros|def|1\n|\n|-heal|p2a: Tauros|100\/100|[from] item: Leftovers\n|upkeep\n|turn|5\n|\n|t:|1700680755\n|move|p1a: Landorus|U-turn|p2a: Tauros\n|-resisted|p2a: Tauros\n|-damage|p2a: Tauros|94\/100\n|\n|t:|1700680759\n|switch|p1a: Polteageist|Polteageist-Antique|100\/100|[from] U-turn\n|move|p2a: Tauros|Raging Bull|p1a: Polteageist\n|-damage|p1a: Polteageist|43\/100\n|-ability|p1a: Polteageist|Weak Armor|boost\n|-unboost|p1a: Polteageist|def|1\n|-boost|p1a: Polteageist|spe|2\n|\n|-heal|p2a: Tauros|100\/100|[from] item: Leftovers\n|upkeep\n|turn|6\n|\n|t:|1700680763\n|move|p1a: Polteageist|Stored Power|p2a: Tauros\n|-supereffective|p2a: Tauros\n|-damage|p2a: Tauros|49\/100\n|move|p2a: Tauros|Raging Bull|p1a: Polteageist\n|-damage|p1a: Polteageist|0 fnt\n|faint|p1a: Polteageist\n|\n|-heal|p2a: Tauros|55\/100|[from] item: Leftovers\n|upkeep\n|\n|t:|1700680766\n|switch|p1a: Iron Valiant|Iron Valiant|100\/100\n|-enditem|p1a: Iron Valiant|Booster Energy\n|-activate|p1a: Iron Valiant|ability: Quark Drive|[fromitem]\n|-start|p1a: Iron Valiant|quarkdrivespe\n|turn|7\n|inactive|gcy9 has 120 seconds left.\n|\n|t:|1700680782\n|switch|p2a: Slowking|Slowking-Galar, F|100\/100\n|move|p1a: Iron Valiant|Calm Mind|p1a: Iron Valiant\n|-boost|p1a: Iron Valiant|spa|1\n|-boost|p1a: Iron Valiant|spd|1\n|\n|upkeep\n|turn|8\n|\n|t:|1700680786\n|-terastallize|p1a: Iron Valiant|Steel\n|move|p1a: Iron Valiant|Calm Mind|p1a: Iron Valiant\n|-boost|p1a: Iron Valiant|spa|1\n|-boost|p1a: Iron Valiant|spd|1\n|move|p2a: Slowking|Future Sight|p1a: Iron Valiant\n|-start|p2a: Slowking|move: Future Sight\n|\n|upkeep\n|turn|9\n|inactive|gcy9 has 120 seconds left.\n|\n|t:|1700680802\n|move|p1a: Iron Valiant|Encore|p2a: Slowking\n|-start|p2a: Slowking|Encore\n|move|p2a: Slowking|Future Sight||[still]\n|-fail|p2a: Slowking\n|\n|upkeep\n|turn|10\n|inactive|gcy9 has 120 seconds left.\n|\n|t:|1700680813\n|switch|p2a: Garchomp|Garchomp, M|100\/100\n|move|p1a: Iron Valiant|Calm Mind|p1a: Iron Valiant\n|-boost|p1a: Iron Valiant|spa|1\n|-boost|p1a: Iron Valiant|spd|1\n|\n|-end|p1a: Iron Valiant|move: Future Sight\n|-resisted|p1a: Iron Valiant\n|-damage|p1a: Iron Valiant|83\/100\n|upkeep\n|turn|11\n|\n|t:|1700680816\n|-terastallize|p2a: Garchomp|Fairy\n|move|p1a: Iron Valiant|Moonblast|p2a: Garchomp\n|-damage|p2a: Garchomp|27\/100\n|move|p2a: Garchomp|Dragon Tail|p1a: Iron Valiant\n|-resisted|p1a: Iron Valiant\n|-damage|p1a: Iron Valiant|65\/100\n|-end|p1a: Iron Valiant|Quark Drive|[silent]\n|drag|p1a: Landorus|Landorus-Therian, M, shiny|100\/100\n|-ability|p1a: Landorus|Intimidate|boost\n|-unboost|p2a: Garchomp|atk|1\n|\n|-heal|p2a: Garchomp|33\/100|[from] item: Leftovers\n|upkeep\n|turn|12\n|inactive|gcy9 has 120 seconds left.\n|\n|t:|1700680851\n|switch|p2a: Tauros|Tauros-Paldea-Aqua, M|55\/100\n|-ability|p2a: Tauros|Intimidate|boost\n|-unboost|p1a: Landorus|atk|1\n|move|p1a: Landorus|Earthquake|p2a: Tauros\n|-damage|p2a: Tauros|30\/100\n|\n|-heal|p2a: Tauros|36\/100|[from] item: Leftovers\n|upkeep\n|turn|13\n|\n|t:|1700680856\n|move|p1a: Landorus|U-turn|p2a: Tauros\n|-resisted|p2a: Tauros\n|-damage|p2a: Tauros|30\/100\n|\n|t:|1700680858\n|switch|p1a: Cinderace|Cinderace, F|100\/100|[from] U-turn\n|move|p2a: Tauros|Raging Bull|p1a: Cinderace\n|-supereffective|p1a: Cinderace\n|-damage|p1a: Cinderace|0 fnt\n|faint|p1a: Cinderace\n|\n|-heal|p2a: Tauros|37\/100|[from] item: Leftovers\n|upkeep\n|\n|t:|1700680863\n|switch|p1a: Zamazenta|Zamazenta|100\/100\n|-ability|p1a: Zamazenta|Dauntless Shield|boost\n|-boost|p1a: Zamazenta|def|1\n|turn|14\n|\n|t:|1700680866\n|switch|p2a: Slowking|Slowking-Galar, F|100\/100\n|move|p1a: Zamazenta|Iron Defense|p1a: Zamazenta\n|-boost|p1a: Zamazenta|def|2\n|\n|upkeep\n|turn|15\n|\n|t:|1700680870\n|move|p1a: Zamazenta|Crunch|p2a: Slowking\n|-supereffective|p2a: Slowking\n|-damage|p2a: Slowking|68\/100\n|move|p2a: Slowking|Future Sight|p1a: Zamazenta\n|-start|p2a: Slowking|move: Future Sight\n|\n|-heal|p2a: Slowking|74\/100|[from] item: Black Sludge\n|upkeep\n|turn|16\n|\n|t:|1700680875\n|move|p1a: Zamazenta|Crunch|p2a: Slowking\n|-supereffective|p2a: Slowking\n|-damage|p2a: Slowking|41\/100\n|move|p2a: Slowking|Trick|p1a: Zamazenta\n|-activate|p2a: Slowking|move: Trick|[of] p1a: Zamazenta\n|-item|p1a: Zamazenta|Black Sludge|[from] move: Trick\n|-item|p2a: Slowking|Leftovers|[from] move: Trick\n|\n|-damage|p1a: Zamazenta|88\/100|[from] item: Black Sludge\n|-heal|p2a: Slowking|47\/100|[from] item: Leftovers\n|upkeep\n|turn|17\n|\n|t:|1700680890\n|switch|p1a: Landorus|Landorus-Therian, M, shiny|100\/100\n|-ability|p1a: Landorus|Intimidate|boost\n|-unboost|p2a: Slowking|atk|1\n|move|p2a: Slowking|Chilly Reception|p2a: Slowking\n|-weather|Snow\n|\n|t:|1700680897\n|switch|p2a: Tauros|Tauros-Paldea-Aqua, M|37\/100|[from] Chilly Reception\n|-ability|p2a: Tauros|Intimidate|boost\n|-unboost|p1a: Landorus|atk|1\n|\n|-weather|Snow|[upkeep]\n|-end|p1a: Landorus|move: Future Sight\n|-damage|p1a: Landorus|64\/100\n|-heal|p2a: Tauros|43\/100|[from] item: Leftovers\n|upkeep\n|turn|18\n|\n|t:|1700680899\n|move|p1a: Landorus|Earthquake|p2a: Tauros\n|-damage|p2a: Tauros|16\/100\n|move|p2a: Tauros|Raging Bull|p1a: Landorus\n|-supereffective|p1a: Landorus\n|-damage|p1a: Landorus|7\/100\n|\n|-weather|Snow|[upkeep]\n|-heal|p2a: Tauros|22\/100|[from] item: Leftovers\n|upkeep\n|turn|19\n|\n|t:|1700680912\n|move|p2a: Tauros|Protect|p2a: Tauros\n|-singleturn|p2a: Tauros|Protect\n|move|p1a: Landorus|Earthquake|p2a: Tauros\n|-activate|p2a: Tauros|move: Protect\n|\n|-weather|Snow|[upkeep]\n|-heal|p2a: Tauros|28\/100|[from] item: Leftovers\n|upkeep\n|turn|20\n|\n|t:|1700680931\n|move|p1a: Landorus|Earthquake|p2a: Tauros\n|-damage|p2a: Tauros|0 fnt\n|faint|p2a: Tauros\n|\n|-weather|Snow|[upkeep]\n|upkeep\n|inactive|gcy9 has 120 seconds left.\n|inactive|gcy9 has 90 seconds left.\n|\n|t:|1700681005\n|switch|p2a: Ogerpon|Ogerpon-Wellspring, F|9\/100\n|turn|21\n|\n|t:|1700681014\n|switch|p1a: Zamazenta|Zamazenta|88\/100\n|move|p2a: Ogerpon|Ivy Cudgel|p1a: Zamazenta|[anim] Ivy Cudgel Water\n|-damage|p1a: Zamazenta|44\/100\n|\n|-weather|none\n|-damage|p1a: Zamazenta|32\/100|[from] item: Black Sludge\n|upkeep\n|turn|22\n|\n|t:|1700681020\n|move|p1a: Zamazenta|Crunch|p2a: Ogerpon\n|-damage|p2a: Ogerpon|0 fnt\n|faint|p2a: Ogerpon\n|\n|-damage|p1a: Zamazenta|20\/100|[from] item: Black Sludge\n|upkeep\n|\n|t:|1700681040\n|switch|p2a: Slowking|Slowking-Galar, F|80\/100\n|turn|23\n|\n|t:|1700681042\n|move|p1a: Zamazenta|Crunch|p2a: Slowking\n|-supereffective|p2a: Slowking\n|-damage|p2a: Slowking|46\/100\n|move|p2a: Slowking|Future Sight|p1a: Zamazenta\n|-start|p2a: Slowking|move: Future Sight\n|\n|-damage|p1a: Zamazenta|8\/100|[from] item: Black Sludge\n|-heal|p2a: Slowking|53\/100|[from] item: Leftovers\n|upkeep\n|turn|24\n|\n|t:|1700681045\n|move|p1a: Zamazenta|Crunch|p2a: Slowking\n|-supereffective|p2a: Slowking\n|-damage|p2a: Slowking|21\/100\n|move|p2a: Slowking|Ice Beam|p1a: Zamazenta\n|-damage|p1a: Zamazenta|0 fnt\n|faint|p1a: Zamazenta\n|\n|-heal|p2a: Slowking|27\/100|[from] item: Leftovers\n|upkeep\n|\n|t:|1700681051\n|switch|p1a: Iron Valiant|Iron Valiant, tera:Steel|65\/100\n|turn|25\n|inactive|gcy9 has 90 seconds left.\n|\n|t:|1700681095\n|switch|p2a: Happy|Jirachi|100\/100\n|move|p1a: Iron Valiant|Calm Mind|p1a: Iron Valiant\n|-boost|p1a: Iron Valiant|spa|1\n|-boost|p1a: Iron Valiant|spd|1\n|\n|-end|p1a: Iron Valiant|move: Future Sight\n|-resisted|p1a: Iron Valiant\n|-damage|p1a: Iron Valiant|39\/100\n|upkeep\n|turn|26\n|\n|t:|1700681097\n|move|p1a: Iron Valiant|Shadow Ball|p2a: Happy\n|-supereffective|p2a: Happy\n|-damage|p2a: Happy|22\/100\n|move|p2a: Happy|Aura Sphere|p1a: Iron Valiant\n|-supereffective|p1a: Iron Valiant\n|-damage|p1a: Iron Valiant|0 fnt\n|faint|p1a: Iron Valiant\n|-end|p1a: Iron Valiant|Quark Drive|[silent]\n|\n|-heal|p2a: Happy|28\/100|[from] item: Leftovers\n|upkeep\n|\n|t:|1700681100\n|switch|p1a: Landorus|Landorus-Therian, M, shiny|7\/100\n|-ability|p1a: Landorus|Intimidate|boost\n|-unboost|p2a: Happy|atk|1\n|turn|27\n|\n|t:|1700681111\n|move|p2a: Happy|Aura Sphere|p1a: Landorus\n|-resisted|p1a: Landorus\n|-damage|p1a: Landorus|0 fnt\n|faint|p1a: Landorus\n|\n|win|gcy9\n|raw|Hompi's rating: 1490 &rarr; <strong>1475<\/strong><br \/>(-15 for losing)\n|raw|gcy9's rating: 1582 &rarr; <strong>1597<\/strong><br \/>(+15 for winning)\n|l|\u2606Hompi\n","uploadtime":1700681118,"views":0,"p1id":"hompi","p2id":"gcy9","formatid":"gen9ou","rating":1475,"private":0,"password":""}