{"id":"gen9ou-1992599961","p1":"qwerty9qwerty","p2":"friedolinhauswirth","format":"[Gen 9] OU","log":"|j|\u2606qwerty9qwerty\n|j|\u2606friedolinhauswirth\n|t:|1700212644\n|gametype|singles\n|player|p1|qwerty9qwerty|102|1062\n|player|p2|friedolinhauswirth|169|1019\n|teamsize|p1|6\n|teamsize|p2|6\n|gen|9\n|tier|[Gen 9] OU\n|rated|\n|rule|Sleep Clause Mod: Limit one foe put to sleep\n|rule|Species Clause: Limit one of each Pok\u00e9mon\n|rule|OHKO Clause: OHKO moves are banned\n|rule|Evasion Items Clause: Evasion items are banned\n|rule|Evasion Moves Clause: Evasion moves are banned\n|rule|Endless Battle Clause: Forcing endless battles is banned\n|rule|HP Percentage Mod: HP is shown in percentages\n|clearpoke\n|poke|p1|Sneasler, F|\n|poke|p1|Ceruledge, M|\n|poke|p1|Rillaboom, M|\n|poke|p1|Greninja-*, M|\n|poke|p1|Landorus-Therian, M|\n|poke|p1|Iron Valiant|\n|poke|p2|Heatran, M|\n|poke|p2|Gholdengo|\n|poke|p2|Crawdaunt, M|\n|poke|p2|Slowking, F|\n|poke|p2|Great Tusk|\n|poke|p2|Zapdos|\n|teampreview\n|\n|t:|1700212664\n|start\n|switch|p1a: Sneasler|Sneasler, F|100\/100\n|switch|p2a: Zapdos|Zapdos|100\/100\n|turn|1\n|inactive|Battle timer is ON: inactive players will automatically lose when time's up. (requested by qwerty9qwerty)\n|c|\u2606qwerty9qwerty|glhf\n|\n|t:|1700212673\n|switch|p1a: Landorus|Landorus-Therian, M|100\/100\n|-ability|p1a: Landorus|Intimidate|boost\n|-unboost|p2a: Zapdos|atk|1\n|move|p2a: Zapdos|Charge|p2a: Zapdos\n|-boost|p2a: Zapdos|spd|1\n|-start|p2a: Zapdos|Charge\n|\n|upkeep\n|turn|2\n|\n|t:|1700212681\n|move|p1a: Landorus|Stone Edge|p2a: Zapdos\n|-supereffective|p2a: Zapdos\n|-damage|p2a: Zapdos|33\/100\n|move|p2a: Zapdos|Air Cutter|p1a: Landorus\n|-damage|p1a: Landorus|66\/100\n|\n|-heal|p2a: Zapdos|40\/100|[from] item: Leftovers\n|upkeep\n|turn|3\n|\n|t:|1700212691\n|switch|p2a: Gholdengo|Gholdengo|100\/100\n|move|p1a: Landorus|Stone Edge|p2a: Gholdengo\n|-resisted|p2a: Gholdengo\n|-damage|p2a: Gholdengo|79\/100\n|\n|upkeep\n|turn|4\n|c|\u2606qwerty9qwerty|CHARGGGGGGGGGGGG\n|\n|t:|1700212708\n|switch|p1a: Ceruledge|Ceruledge, M|100\/100\n|move|p2a: Gholdengo|Shadow Ball|p1a: Ceruledge\n|-supereffective|p1a: Ceruledge\n|-enditem|p1a: Ceruledge|Focus Sash\n|-damage|p1a: Ceruledge|1\/100\n|\n|upkeep\n|turn|5\n|c|\u2606qwerty9qwerty|CHARGEEEEEEEEEE\n|inactive|friedolinhauswirth has 120 seconds left.\n|inactive|friedolinhauswirth has 90 seconds left.\n|\n|t:|1700212770\n|move|p2a: Gholdengo|Shadow Ball|p1a: Ceruledge\n|-supereffective|p1a: Ceruledge\n|-damage|p1a: Ceruledge|0 fnt\n|faint|p1a: Ceruledge\n|\n|upkeep\n|c|\u2606qwerty9qwerty|?\n|\n|t:|1700212779\n|switch|p1a: Greninja|Greninja, M|100\/100\n|turn|6\n|\n|t:|1700212789\n|switch|p2a: Great Tusk|Great Tusk|100\/100\n|move|p1a: Greninja|Dark Pulse|p2a: Great Tusk\n|-resisted|p2a: Great Tusk\n|-damage|p2a: Great Tusk|83\/100\n|\n|upkeep\n|turn|7\n|\n|t:|1700212801\n|-terastallize|p1a: Greninja|Water\n|move|p1a: Greninja|Water Shuriken|p2a: Great Tusk\n|-supereffective|p2a: Great Tusk\n|-damage|p2a: Great Tusk|63\/100\n|-supereffective|p2a: Great Tusk\n|-damage|p2a: Great Tusk|44\/100\n|-supereffective|p2a: Great Tusk\n|-damage|p2a: Great Tusk|27\/100\n|-supereffective|p2a: Great Tusk\n|-damage|p2a: Great Tusk|7\/100\n|-hitcount|p2a: Great Tusk|4\n|move|p2a: Great Tusk|Close Combat|p1a: Greninja\n|-damage|p1a: Greninja|12\/100\n|-unboost|p2a: Great Tusk|def|1\n|-unboost|p2a: Great Tusk|spd|1\n|\n|upkeep\n|turn|8\n|\n|t:|1700212819\n|-end|p2a: Great Tusk|Protosynthesis|[silent]\n|switch|p2a: Slowking|Slowking, F|100\/100\n|move|p1a: Greninja|Water Shuriken|p2a: Slowking\n|-resisted|p2a: Slowking\n|-damage|p2a: Slowking|97\/100\n|-resisted|p2a: Slowking\n|-damage|p2a: Slowking|93\/100\n|-resisted|p2a: Slowking\n|-damage|p2a: Slowking|90\/100\n|-resisted|p2a: Slowking\n|-damage|p2a: Slowking|86\/100\n|-resisted|p2a: Slowking\n|-damage|p2a: Slowking|82\/100\n|-hitcount|p2a: Slowking|5\n|\n|upkeep\n|turn|9\n|c|\u2606qwerty9qwerty|dieeeeeeeeeeeeeeeeeeeeeeeeeeeeeeeeeeeeeeeeeeeeeeeeeee\n|inactive|friedolinhauswirth has 90 seconds left.\n|\n|t:|1700212836\n|move|p1a: Greninja|Dark Pulse|p2a: Slowking\n|-supereffective|p2a: Slowking\n|-crit|p2a: Slowking\n|-damage|p2a: Slowking|5\/100\n|move|p2a: Slowking|Future Sight|p1a: Greninja\n|-start|p2a: Slowking|move: Future Sight\n|\n|upkeep\n|turn|10\n|\n|t:|1700212844\n|move|p2a: Slowking|Protect|p2a: Slowking\n|-singleturn|p2a: Slowking|Protect\n|move|p1a: Greninja|Dark Pulse|p2a: Slowking\n|-activate|p2a: Slowking|move: Protect\n|\n|upkeep\n|turn|11\n|-message|qwerty9qwerty forfeited.\n|\n|win|friedolinhauswirth\n|raw|qwerty9qwerty's rating: 1062 &rarr; <strong>1040<\/strong><br \/>(-22 for losing)\n|raw|friedolinhauswirth's rating: 1019 &rarr; <strong>1061<\/strong><br \/>(+42 for winning)\n|l|\u2606qwerty9qwerty\n","uploadtime":1700212831,"views":6,"p1id":"qwerty9qwerty","p2id":"friedolinhauswirth","formatid":"gen9ou","rating":1040,"private":0,"password":""}