{"id":"gen9ou-1995493305","p1":"Ginny man","p2":"RuiAdauto","format":"[Gen 9] OU","log":"|j|\u2606Ginny man\n|j|\u2606RuiAdauto\n|t:|1700576790\n|gametype|singles\n|player|p1|Ginny man|rood|1138\n|player|p2|RuiAdauto|266|1212\n|teamsize|p1|6\n|teamsize|p2|6\n|gen|9\n|tier|[Gen 9] OU\n|rated|\n|rule|Sleep Clause Mod: Limit one foe put to sleep\n|rule|Species Clause: Limit one of each Pok\u00e9mon\n|rule|OHKO Clause: OHKO moves are banned\n|rule|Evasion Items Clause: Evasion items are banned\n|rule|Evasion Moves Clause: Evasion moves are banned\n|rule|Endless Battle Clause: Forcing endless battles is banned\n|rule|HP Percentage Mod: HP is shown in percentages\n|clearpoke\n|poke|p1|Pelipper, F|\n|poke|p1|Tornadus-Therian, M|\n|poke|p1|Volcanion|\n|poke|p1|Barraskewda, M|\n|poke|p1|Zapdos|\n|poke|p1|Great Tusk|\n|poke|p2|Alomomola, F|\n|poke|p2|Slowking-Galar, F|\n|poke|p2|Kingambit, F|\n|poke|p2|Great Tusk|\n|poke|p2|Cinderace, F|\n|poke|p2|Thundurus-Therian, M|\n|teampreview\n|inactive|Battle timer is ON: inactive players will automatically lose when time's up. (requested by Ginny man)\n|\n|t:|1700576810\n|start\n|switch|p1a: Pelipper|Pelipper, F|100\/100\n|switch|p2a: Thundurus|Thundurus-Therian, M|100\/100\n|-weather|RainDance|[from] ability: Drizzle|[of] p1a: Pelipper\n|turn|1\n|\n|t:|1700576827\n|switch|p1a: Zapdos|Zapdos|100\/100\n|move|p2a: Thundurus|Grass Knot|p1a: Zapdos\n|-resisted|p1a: Zapdos\n|-damage|p1a: Zapdos|78\/100\n|\n|-weather|RainDance|[upkeep]\n|upkeep\n|turn|2\n|\n|t:|1700576840\n|switch|p2a: Slowking|Slowking-Galar, F|100\/100\n|move|p1a: Zapdos|Hurricane|p2a: Slowking\n|-damage|p2a: Slowking|67\/100\n|\n|-weather|RainDance|[upkeep]\n|upkeep\n|turn|3\n|inactive|RuiAdauto has 120 seconds left.\n|\n|t:|1700576871\n|move|p1a: Zapdos|Volt Switch|p2a: Slowking\n|-damage|p2a: Slowking|42\/100\n|\n|t:|1700576876\n|switch|p1a: Tornadus|Tornadus-Therian, M|100\/100|[from] Volt Switch\n|move|p2a: Slowking|Chilly Reception|p2a: Slowking\n|-weather|Snow\n|inactive|RuiAdauto has 120 seconds left.\n|\n|t:|1700576896\n|switch|p2a: Cinderace|Cinderace, F|100\/100|[from] Chilly Reception\n|\n|-weather|Snow|[upkeep]\n|upkeep\n|turn|4\n|inactive|Ginny man has 120 seconds left.\n|\n|t:|1700576930\n|switch|p1a: Great Tusk|Great Tusk|100\/100\n|move|p2a: Cinderace|Pyro Ball|p1a: Great Tusk\n|-damage|p1a: Great Tusk|67\/100\n|\n|-weather|Snow|[upkeep]\n|-heal|p1a: Great Tusk|74\/100|[from] item: Leftovers\n|upkeep\n|turn|5\n|inactive|RuiAdauto has 120 seconds left.\n|inactive|Ginny man has 120 seconds left.\n|\n|t:|1700576949\n|-end|p1a: Great Tusk|Protosynthesis|[silent]\n|switch|p1a: Pelipper|Pelipper, F|100\/100\n|-weather|RainDance|[from] ability: Drizzle|[of] p1a: Pelipper\n|move|p2a: Cinderace|Will-O-Wisp|p1a: Pelipper\n|-status|p1a: Pelipper|brn\n|\n|-weather|RainDance|[upkeep]\n|-damage|p1a: Pelipper|94\/100 brn|[from] brn\n|upkeep\n|turn|6\n|inactive|RuiAdauto has 120 seconds left.\n|inactive|Ginny man has 120 seconds left.\n|\n|t:|1700576965\n|move|p2a: Cinderace|U-turn|p1a: Pelipper\n|-start|p2a: Cinderace|typechange|Bug|[from] ability: Libero\n|-resisted|p1a: Pelipper\n|-damage|p1a: Pelipper|77\/100 brn\n|inactive|RuiAdauto has 120 seconds left.\n|\n|t:|1700576972\n|switch|p2a: Slowking|Slowking-Galar, F|76\/100|[from] U-turn\n|move|p1a: Pelipper|Ice Beam|p2a: Slowking\n|-damage|p2a: Slowking|60\/100\n|\n|-weather|RainDance|[upkeep]\n|-damage|p1a: Pelipper|71\/100 brn|[from] brn\n|upkeep\n|turn|7\n|inactive|Ginny man has 120 seconds left.\n|\n|t:|1700576983\n|move|p1a: Pelipper|Weather Ball|p2a: Slowking\n|-damage|p2a: Slowking|17\/100\n|move|p2a: Slowking|Chilly Reception|p2a: Slowking\n|-weather|Snow\n|\n|t:|1700576989\n|switch|p2a: Thundurus|Thundurus-Therian, M|100\/100|[from] Chilly Reception\n|\n|-weather|Snow|[upkeep]\n|-damage|p1a: Pelipper|65\/100 brn|[from] brn\n|upkeep\n|turn|8\n|\n|t:|1700577001\n|switch|p1a: Zapdos|Zapdos|78\/100\n|move|p2a: Thundurus|Knock Off|p1a: Zapdos\n|-damage|p1a: Zapdos|56\/100\n|-enditem|p1a: Zapdos|Heavy-Duty Boots|[from] move: Knock Off|[of] p2a: Thundurus\n|\n|-weather|Snow|[upkeep]\n|upkeep\n|turn|9\n|\n|t:|1700577009\n|switch|p2a: Great Tusk|Great Tusk|100\/100\n|move|p1a: Zapdos|Roost|p1a: Zapdos\n|-heal|p1a: Zapdos|100\/100\n|-singleturn|p1a: Zapdos|move: Roost\n|\n|-weather|Snow|[upkeep]\n|upkeep\n|turn|10\n|\n|t:|1700577033\n|move|p2a: Great Tusk|Stealth Rock|p1a: Zapdos\n|-sidestart|p1: Ginny man|move: Stealth Rock\n|move|p1a: Zapdos|Hurricane|p2a: Great Tusk\n|-supereffective|p2a: Great Tusk\n|-damage|p2a: Great Tusk|0 fnt\n|faint|p2a: Great Tusk\n|-end|p2a: Great Tusk|Protosynthesis|[silent]\n|\n|-weather|Snow|[upkeep]\n|upkeep\n|\n|t:|1700577044\n|switch|p2a: Cinderace|Cinderace, F|100\/100\n|turn|11\n|\n|t:|1700577054\n|move|p2a: Cinderace|Pyro Ball|p1a: Zapdos\n|-damage|p1a: Zapdos|40\/100\n|move|p1a: Zapdos|Volt Switch|p2a: Cinderace\n|-damage|p2a: Cinderace|48\/100\n|\n|t:|1700577059\n|switch|p1a: Great Tusk|Great Tusk|74\/100|[from] Volt Switch\n|-damage|p1a: Great Tusk|71\/100|[from] Stealth Rock\n|\n|-weather|none\n|-heal|p1a: Great Tusk|77\/100|[from] item: Leftovers\n|upkeep\n|turn|12\n|\n|t:|1700577071\n|move|p2a: Cinderace|Will-O-Wisp|p1a: Great Tusk\n|-status|p1a: Great Tusk|brn\n|move|p1a: Great Tusk|Rapid Spin|p2a: Cinderace\n|-damage|p2a: Cinderace|35\/100\n|-boost|p1a: Great Tusk|spe|1\n|-sideend|p1: Ginny man|Stealth Rock|[from] move: Rapid Spin|[of] p1a: Great Tusk\n|\n|-heal|p1a: Great Tusk|83\/100 brn|[from] item: Leftovers\n|-damage|p1a: Great Tusk|77\/100 brn|[from] brn\n|upkeep\n|turn|13\n|\n|t:|1700577082\n|move|p2a: Cinderace|U-turn|p1a: Great Tusk\n|-start|p2a: Cinderace|typechange|Bug|[from] ability: Libero\n|-resisted|p1a: Great Tusk\n|-crit|p1a: Great Tusk\n|-damage|p1a: Great Tusk|62\/100 brn\n|\n|t:|1700577085\n|switch|p2a: Slowking|Slowking-Galar, F|50\/100|[from] U-turn\n|move|p1a: Great Tusk|Rapid Spin|p2a: Slowking\n|-damage|p2a: Slowking|40\/100\n|-boost|p1a: Great Tusk|spe|1\n|\n|-heal|p1a: Great Tusk|68\/100 brn|[from] item: Leftovers\n|-damage|p1a: Great Tusk|62\/100 brn|[from] brn\n|upkeep\n|turn|14\n|\n|t:|1700577094\n|switch|p2a: Alomomola|Alomomola, F|100\/100\n|move|p1a: Great Tusk|Headlong Rush|p2a: Alomomola\n|-damage|p2a: Alomomola|80\/100\n|-unboost|p1a: Great Tusk|def|1\n|-unboost|p1a: Great Tusk|spd|1\n|-enditem|p2a: Alomomola|Red Card|[of] p1a: Great Tusk\n|-end|p1a: Great Tusk|Protosynthesis|[silent]\n|drag|p1a: Pelipper|Pelipper, F|65\/100 brn\n|-weather|RainDance|[from] ability: Drizzle|[of] p1a: Pelipper\n|\n|-weather|RainDance|[upkeep]\n|-damage|p1a: Pelipper|59\/100 brn|[from] brn\n|upkeep\n|turn|15\n|\n|t:|1700577108\n|move|p1a: Pelipper|U-turn|p2a: Alomomola\n|-damage|p2a: Alomomola|78\/100\n|\n|t:|1700577117\n|switch|p1a: Tornadus|Tornadus-Therian, M|100\/100|[from] U-turn\n|move|p2a: Alomomola|Flip Turn|p1a: Tornadus\n|-damage|p1a: Tornadus|70\/100\n|\n|t:|1700577124\n|switch|p2a: Thundurus|Thundurus-Therian, M|100\/100|[from] Flip Turn\n|\n|-weather|RainDance|[upkeep]\n|upkeep\n|turn|16\n|\n|t:|1700577134\n|-terastallize|p1a: Tornadus|Psychic\n|move|p1a: Tornadus|Psychic|p2a: Thundurus\n|-damage|p2a: Thundurus|43\/100\n|move|p2a: Thundurus|Volt Switch|p1a: Tornadus\n|-damage|p1a: Tornadus|20\/100\n|\n|t:|1700577141\n|switch|p2a: Alomomola|Alomomola, F|100\/100|[from] Volt Switch\n|\n|-weather|RainDance|[upkeep]\n|upkeep\n|turn|17\n|\n|t:|1700577144\n|move|p1a: Tornadus|U-turn|p2a: Alomomola\n|-damage|p2a: Alomomola|92\/100\n|\n|t:|1700577150\n|switch|p1a: Volcanion|Volcanion|100\/100|[from] U-turn\n|move|p2a: Alomomola|Wish|p2a: Alomomola\n|\n|-weather|RainDance|[upkeep]\n|upkeep\n|turn|18\n|\n|t:|1700577168\n|switch|p1a: Barraskewda|Barraskewda, M|100\/100\n|switch|p2a: Cinderace|Cinderace, F|35\/100\n|\n|-weather|RainDance|[upkeep]\n|-heal|p2a: Cinderace|100\/100|[from] move: Wish|[wisher] Alomomola\n|upkeep\n|turn|19\n|\n|t:|1700577181\n|switch|p2a: Alomomola|Alomomola, F|100\/100\n|move|p1a: Barraskewda|Flip Turn|p2a: Alomomola\n|-resisted|p2a: Alomomola\n|-damage|p2a: Alomomola|79\/100\n|\n|t:|1700577186\n|switch|p1a: Zapdos|Zapdos|40\/100|[from] Flip Turn\n|\n|-weather|RainDance|[upkeep]\n|upkeep\n|turn|20\n|\n|t:|1700577213\n|switch|p2a: Thundurus|Thundurus-Therian, M|43\/100\n|move|p1a: Zapdos|Roost|p1a: Zapdos\n|-heal|p1a: Zapdos|90\/100\n|-singleturn|p1a: Zapdos|move: Roost\n|\n|-weather|RainDance|[upkeep]\n|upkeep\n|turn|21\n|\n|t:|1700577225\n|move|p2a: Thundurus|Volt Switch|p1a: Zapdos\n|-damage|p1a: Zapdos|29\/100\n|inactive|RuiAdauto has 120 seconds left.\n|\n|t:|1700577242\n|switch|p2a: Slowking|Slowking-Galar, F|74\/100|[from] Volt Switch\n|move|p1a: Zapdos|Hurricane|p2a: Slowking\n|-damage|p2a: Slowking|37\/100\n|\n|-weather|none\n|upkeep\n|turn|22\n|inactive|RuiAdauto has 120 seconds left.\n|\n|t:|1700577252\n|move|p1a: Zapdos|Roost|p1a: Zapdos\n|-heal|p1a: Zapdos|79\/100\n|-singleturn|p1a: Zapdos|move: Roost\n|move|p2a: Slowking|Chilly Reception|p2a: Slowking\n|-weather|Snow\n|\n|t:|1700577255\n|switch|p2a: Thundurus|Thundurus-Therian, M|43\/100|[from] Chilly Reception\n|\n|-weather|Snow|[upkeep]\n|upkeep\n|turn|23\n|inactive|Ginny man has 120 seconds left.\n|inactive|RuiAdauto has 120 seconds left.\n|\n|t:|1700577301\n|move|p2a: Thundurus|Volt Switch|p1a: Zapdos\n|-damage|p1a: Zapdos|18\/100\n|\n|t:|1700577304\n|switch|p2a: Slowking|Slowking-Galar, F|70\/100|[from] Volt Switch\n|move|p1a: Zapdos|Volt Switch|p2a: Slowking\n|-damage|p2a: Slowking|49\/100\n|\n|t:|1700577312\n|switch|p1a: Great Tusk|Great Tusk|62\/100 brn|[from] Volt Switch\n|\n|-weather|Snow|[upkeep]\n|-heal|p1a: Great Tusk|68\/100 brn|[from] item: Leftovers\n|-damage|p1a: Great Tusk|62\/100 brn|[from] brn\n|upkeep\n|turn|24\n|inactive|RuiAdauto has 120 seconds left.\n|\n|t:|1700577324\n|move|p1a: Great Tusk|Rapid Spin|p2a: Slowking\n|-damage|p2a: Slowking|40\/100\n|-boost|p1a: Great Tusk|spe|1\n|move|p2a: Slowking|Chilly Reception|p2a: Slowking\n|\n|t:|1700577338\n|switch|p2a: Alomomola|Alomomola, F|100\/100|[from] Chilly Reception\n|\n|-weather|Snow|[upkeep]\n|-heal|p1a: Great Tusk|68\/100 brn|[from] item: Leftovers\n|-damage|p1a: Great Tusk|62\/100 brn|[from] brn\n|upkeep\n|turn|25\n|inactive|Ginny man has 120 seconds left.\n|\n|t:|1700577345\n|-end|p1a: Great Tusk|Protosynthesis|[silent]\n|switch|p1a: Volcanion|Volcanion|100\/100\n|move|p2a: Alomomola|Acrobatics|p1a: Volcanion\n|-damage|p1a: Volcanion|79\/100\n|\n|-weather|Snow|[upkeep]\n|upkeep\n|turn|26\n|inactive|Ginny man has 120 seconds left.\n|\n|t:|1700577364\n|move|p1a: Volcanion|Sludge Bomb|p2a: Alomomola\n|-damage|p2a: Alomomola|74\/100\n|-status|p2a: Alomomola|psn\n|move|p2a: Alomomola|Wish|p2a: Alomomola\n|\n|-weather|none\n|-damage|p2a: Alomomola|62\/100 psn|[from] psn\n|upkeep\n|turn|27\n|inactive|Ginny man has 120 seconds left.\n|\n|t:|1700577379\n|switch|p2a: Thundurus|Thundurus-Therian, M|43\/100\n|move|p1a: Volcanion|Flamethrower|p2a: Thundurus\n|-damage|p2a: Thundurus|0 fnt\n|faint|p2a: Thundurus\n|\n|upkeep\n|inactive|RuiAdauto has 120 seconds left.\n|\n|t:|1700577398\n|switch|p2a: Slowking|Slowking-Galar, F|73\/100\n|turn|28\n|inactive|Ginny man has 120 seconds left.\n|\n|t:|1700577411\n|switch|p1a: Tornadus|Tornadus-Therian, M, tera:Psychic|53\/100\n|move|p2a: Slowking|Sludge Bomb|p1a: Tornadus\n|-damage|p1a: Tornadus|25\/100\n|\n|upkeep\n|turn|29\n|\n|t:|1700577420\n|move|p1a: Tornadus|U-turn|p2a: Slowking\n|-damage|p2a: Slowking|57\/100\n|inactive|Ginny man has 120 seconds left.\n|\n|t:|1700577440\n|switch|p1a: Volcanion|Volcanion|79\/100|[from] U-turn\n|move|p2a: Slowking|Ice Beam|p1a: Volcanion\n|-resisted|p1a: Volcanion\n|-damage|p1a: Volcanion|73\/100\n|\n|upkeep\n|turn|30\n|inactive|Ginny man has 120 seconds left.\n|\n|t:|1700577459\n|move|p1a: Volcanion|Flamethrower|p2a: Slowking\n|-damage|p2a: Slowking|31\/100\n|move|p2a: Slowking|Sludge Bomb|p1a: Volcanion\n|-damage|p1a: Volcanion|33\/100\n|\n|upkeep\n|turn|31\n|\n|t:|1700577470\n|switch|p2a: Alomomola|Alomomola, F|95\/100 psn\n|move|p1a: Volcanion|Steam Eruption|p2a: Alomomola\n|-resisted|p2a: Alomomola\n|-damage|p2a: Alomomola|70\/100 psn\n|\n|-damage|p2a: Alomomola|57\/100 psn|[from] psn\n|upkeep\n|turn|32\n|\n|t:|1700577480\n|switch|p1a: Zapdos|Zapdos|18\/100\n|move|p2a: Alomomola|Scald|p1a: Zapdos\n|-damage|p1a: Zapdos|4\/100\n|\n|-damage|p2a: Alomomola|45\/100 psn|[from] psn\n|upkeep\n|turn|33\n|\n|t:|1700577486\n|move|p1a: Zapdos|Roost|p1a: Zapdos\n|-heal|p1a: Zapdos|54\/100\n|-singleturn|p1a: Zapdos|move: Roost\n|move|p2a: Alomomola|Flip Turn|p1a: Zapdos\n|-damage|p1a: Zapdos|36\/100\n|\n|t:|1700577490\n|switch|p2a: Cinderace|Cinderace, F|100\/100|[from] Flip Turn\n|\n|upkeep\n|turn|34\n|inactive|Ginny man has 120 seconds left.\n|inactive|Ginny man has 90 seconds left.\n|\n|t:|1700577557\n|move|p2a: Cinderace|Pyro Ball|p1a: Zapdos|[miss]\n|-miss|p2a: Cinderace|p1a: Zapdos\n|move|p1a: Zapdos|Roost|p1a: Zapdos\n|-heal|p1a: Zapdos|86\/100\n|-singleturn|p1a: Zapdos|move: Roost\n|\n|upkeep\n|turn|35\n|inactive|Ginny man has 90 seconds left.\n|inactive|RuiAdauto has 120 seconds left.\n|\n|t:|1700577596\n|switch|p1a: Volcanion|Volcanion|33\/100\n|move|p2a: Cinderace|U-turn|p1a: Volcanion\n|-start|p2a: Cinderace|typechange|Bug|[from] ability: Libero\n|-resisted|p1a: Volcanion\n|-damage|p1a: Volcanion|17\/100\n|\n|t:|1700577604\n|switch|p2a: Slowking|Slowking-Galar, F|64\/100|[from] U-turn\n|\n|upkeep\n|turn|36\n|inactive|Ginny man has 90 seconds left.\n|\n|t:|1700577610\n|move|p1a: Volcanion|Steam Eruption|p2a: Slowking\n|-damage|p2a: Slowking|28\/100\n|-status|p2a: Slowking|brn\n|move|p2a: Slowking|Sludge Bomb|p1a: Volcanion\n|-damage|p1a: Volcanion|0 fnt\n|faint|p1a: Volcanion\n|\n|-damage|p2a: Slowking|22\/100 brn|[from] brn\n|upkeep\n|inactive|Ginny man has 90 seconds left.\n|inactive|Ginny man has 60 seconds left.\n|\n|t:|1700577650\n|switch|p1a: Great Tusk|Great Tusk|62\/100 brn\n|turn|37\n|\n|t:|1700577661\n|switch|p2a: Alomomola|Alomomola, F|78\/100 psn\n|move|p1a: Great Tusk|Headlong Rush|p2a: Alomomola\n|-damage|p2a: Alomomola|60\/100 psn\n|-unboost|p1a: Great Tusk|def|1\n|-unboost|p1a: Great Tusk|spd|1\n|\n|-heal|p1a: Great Tusk|68\/100 brn|[from] item: Leftovers\n|-damage|p2a: Alomomola|47\/100 psn|[from] psn\n|-damage|p1a: Great Tusk|62\/100 brn|[from] brn\n|upkeep\n|turn|38\n|\n|t:|1700577672\n|-end|p1a: Great Tusk|Protosynthesis|[silent]\n|switch|p1a: Zapdos|Zapdos|86\/100\n|move|p2a: Alomomola|Acrobatics|p1a: Zapdos\n|-resisted|p1a: Zapdos\n|-damage|p1a: Zapdos|76\/100\n|\n|-damage|p2a: Alomomola|35\/100 psn|[from] psn\n|upkeep\n|turn|39\n|\n|t:|1700577682\n|switch|p2a: Slowking|Slowking-Galar, F|55\/100 brn\n|move|p1a: Zapdos|Volt Switch|p2a: Slowking\n|-damage|p2a: Slowking|32\/100 brn\n|inactive|Ginny man has 60 seconds left.\n|\n|t:|1700577706\n|switch|p1a: Great Tusk|Great Tusk|62\/100 brn|[from] Volt Switch\n|\n|-heal|p1a: Great Tusk|68\/100 brn|[from] item: Leftovers\n|-damage|p1a: Great Tusk|62\/100 brn|[from] brn\n|-damage|p2a: Slowking|25\/100 brn|[from] brn\n|upkeep\n|turn|40\n|\n|t:|1700577734\n|switch|p2a: Cinderace|Cinderace, F|100\/100\n|move|p1a: Great Tusk|Headlong Rush|p2a: Cinderace\n|-supereffective|p2a: Cinderace\n|-damage|p2a: Cinderace|12\/100\n|-unboost|p1a: Great Tusk|def|1\n|-unboost|p1a: Great Tusk|spd|1\n|\n|-heal|p1a: Great Tusk|68\/100 brn|[from] item: Leftovers\n|-damage|p1a: Great Tusk|62\/100 brn|[from] brn\n|upkeep\n|turn|41\n|inactive|Ginny man has 60 seconds left.\n|\n|t:|1700577759\n|-end|p1a: Great Tusk|Protosynthesis|[silent]\n|switch|p1a: Pelipper|Pelipper, F|59\/100 brn\n|-weather|RainDance|[from] ability: Drizzle|[of] p1a: Pelipper\n|move|p2a: Cinderace|Pyro Ball|p1a: Pelipper|[miss]\n|-miss|p2a: Cinderace|p1a: Pelipper\n|\n|-weather|RainDance|[upkeep]\n|-damage|p1a: Pelipper|52\/100 brn|[from] brn\n|upkeep\n|turn|42\n|\n|t:|1700577768\n|move|p2a: Cinderace|U-turn|p1a: Pelipper\n|-start|p2a: Cinderace|typechange|Bug|[from] ability: Libero\n|-resisted|p1a: Pelipper\n|-damage|p1a: Pelipper|36\/100 brn\n|\n|t:|1700577770\n|switch|p2a: Alomomola|Alomomola, F|68\/100 psn|[from] U-turn\n|move|p1a: Pelipper|Weather Ball|p2a: Alomomola\n|-resisted|p2a: Alomomola\n|-damage|p2a: Alomomola|39\/100 psn\n|\n|-weather|RainDance|[upkeep]\n|-damage|p2a: Alomomola|27\/100 psn|[from] psn\n|-damage|p1a: Pelipper|30\/100 brn|[from] brn\n|upkeep\n|turn|43\n|inactive|Ginny man has 60 seconds left.\n|\n|t:|1700577786\n|move|p1a: Pelipper|U-turn|p2a: Alomomola\n|-damage|p2a: Alomomola|24\/100 psn\n|\n|t:|1700577789\n|switch|p1a: Barraskewda|Barraskewda, M|100\/100|[from] U-turn\n|move|p2a: Alomomola|Wish|p2a: Alomomola\n|\n|-weather|RainDance|[upkeep]\n|-damage|p2a: Alomomola|12\/100 psn|[from] psn\n|upkeep\n|turn|44\n|\n|t:|1700577806\n|move|p1a: Barraskewda|Waterfall|p2a: Alomomola\n|-resisted|p2a: Alomomola\n|-damage|p2a: Alomomola|0 fnt\n|faint|p2a: Alomomola\n|\n|-weather|RainDance|[upkeep]\n|upkeep\n|\n|t:|1700577811\n|switch|p2a: Cinderace|Cinderace, F|12\/100\n|turn|45\n|\n|t:|1700577823\n|move|p1a: Barraskewda|Waterfall|p2a: Cinderace\n|-supereffective|p2a: Cinderace\n|-damage|p2a: Cinderace|0 fnt\n|faint|p2a: Cinderace\n|\n|-weather|RainDance|[upkeep]\n|upkeep\n|\n|t:|1700577825\n|switch|p2a: Kingambit|Kingambit, F|100\/100\n|-activate|p2a: Kingambit|ability: Supreme Overlord\n|-start|p2a: Kingambit|fallen4|[silent]\n|turn|46\n|\n|t:|1700577834\n|move|p2a: Kingambit|Sucker Punch|p1a: Barraskewda\n|-damage|p1a: Barraskewda|0 fnt\n|faint|p1a: Barraskewda\n|\n|-weather|RainDance|[upkeep]\n|upkeep\n|\n|t:|1700577842\n|switch|p1a: Great Tusk|Great Tusk|62\/100 brn\n|turn|47\n|inactive|Ginny man has 90 seconds left.\n|\n|t:|1700577863\n|-terastallize|p2a: Kingambit|Flying\n|move|p1a: Great Tusk|Ice Spinner|p2a: Kingambit\n|-supereffective|p2a: Kingambit\n|-damage|p2a: Kingambit|81\/100\n|move|p2a: Kingambit|Kowtow Cleave|p1a: Great Tusk\n|-resisted|p1a: Great Tusk\n|-damage|p1a: Great Tusk|42\/100 brn\n|\n|-weather|RainDance|[upkeep]\n|-heal|p1a: Great Tusk|48\/100 brn|[from] item: Leftovers\n|-heal|p2a: Kingambit|87\/100|[from] item: Leftovers\n|-damage|p1a: Great Tusk|42\/100 brn|[from] brn\n|upkeep\n|turn|48\n|inactive|Ginny man has 90 seconds left.\n|\n|t:|1700577874\n|move|p1a: Great Tusk|Ice Spinner|p2a: Kingambit\n|-supereffective|p2a: Kingambit\n|-damage|p2a: Kingambit|65\/100\n|move|p2a: Kingambit|Iron Head|p1a: Great Tusk\n|-damage|p1a: Great Tusk|9\/100 brn\n|\n|-weather|none\n|-heal|p1a: Great Tusk|15\/100 brn|[from] item: Leftovers\n|-heal|p2a: Kingambit|72\/100|[from] item: Leftovers\n|-damage|p1a: Great Tusk|9\/100 brn|[from] brn\n|upkeep\n|turn|49\n|\n|t:|1700577877\n|move|p1a: Great Tusk|Ice Spinner|p2a: Kingambit\n|-supereffective|p2a: Kingambit\n|-damage|p2a: Kingambit|52\/100\n|move|p2a: Kingambit|Swords Dance|p2a: Kingambit\n|-boost|p2a: Kingambit|atk|2\n|\n|-heal|p1a: Great Tusk|15\/100 brn|[from] item: Leftovers\n|-heal|p2a: Kingambit|58\/100|[from] item: Leftovers\n|-damage|p1a: Great Tusk|9\/100 brn|[from] brn\n|upkeep\n|turn|50\n|\n|t:|1700577882\n|move|p1a: Great Tusk|Ice Spinner|p2a: Kingambit\n|-supereffective|p2a: Kingambit\n|-damage|p2a: Kingambit|36\/100\n|move|p2a: Kingambit|Swords Dance|p2a: Kingambit\n|-boost|p2a: Kingambit|atk|2\n|\n|-heal|p1a: Great Tusk|15\/100 brn|[from] item: Leftovers\n|-heal|p2a: Kingambit|42\/100|[from] item: Leftovers\n|-damage|p1a: Great Tusk|9\/100 brn|[from] brn\n|upkeep\n|turn|51\n|\n|t:|1700577885\n|move|p2a: Kingambit|Sucker Punch|p1a: Great Tusk\n|-resisted|p1a: Great Tusk\n|-damage|p1a: Great Tusk|0 fnt\n|faint|p1a: Great Tusk\n|-end|p1a: Great Tusk|Protosynthesis|[silent]\n|\n|-heal|p2a: Kingambit|48\/100|[from] item: Leftovers\n|upkeep\n|\n|t:|1700577890\n|switch|p1a: Zapdos|Zapdos|76\/100\n|turn|52\n|\n|t:|1700577898\n|move|p2a: Kingambit|Sucker Punch||[still]\n|-fail|p2a: Kingambit\n|move|p1a: Zapdos|Roost|p1a: Zapdos\n|-heal|p1a: Zapdos|100\/100\n|-singleturn|p1a: Zapdos|move: Roost\n|\n|-heal|p2a: Kingambit|55\/100|[from] item: Leftovers\n|upkeep\n|turn|53\n|\n|t:|1700577901\n|switch|p1a: Pelipper|Pelipper, F|30\/100 brn\n|-weather|RainDance|[from] ability: Drizzle|[of] p1a: Pelipper\n|move|p2a: Kingambit|Sucker Punch||[still]\n|-fail|p2a: Kingambit\n|\n|-weather|RainDance|[upkeep]\n|-heal|p2a: Kingambit|61\/100|[from] item: Leftovers\n|-damage|p1a: Pelipper|23\/100 brn|[from] brn\n|upkeep\n|turn|54\n|\n|t:|1700577909\n|move|p1a: Pelipper|Weather Ball|p2a: Kingambit\n|-damage|p2a: Kingambit|0 fnt\n|faint|p2a: Kingambit\n|-end|p2a: Kingambit|fallen4|[silent]\n|\n|-weather|RainDance|[upkeep]\n|-damage|p1a: Pelipper|17\/100 brn|[from] brn\n|upkeep\n|l|\u2606RuiAdauto\n|inactive|RuiAdauto disconnected and has a minute to reconnect!\n|player|p2|\n|c|\u2606Ginny man|lolololololol\n|c|\u2606Ginny man|sit\n|inactive|RuiAdauto has 30 seconds to reconnect!\n|inactive|RuiAdauto has 20 seconds to reconnect!\n|inactive|RuiAdauto has 15 seconds to reconnect!\n|inactive|RuiAdauto has 10 seconds to reconnect!\n|inactive|RuiAdauto has 5 seconds to reconnect!\n|-message|RuiAdauto lost due to inactivity.\n|\n|win|Ginny man\n|raw|Ginny man's rating: 1138 &rarr; <strong>1168<\/strong><br \/>(+30 for winning)\n|raw|RuiAdauto's rating: 1212 &rarr; <strong>1182<\/strong><br \/>(-30 for losing)\n","uploadtime":1700577994,"views":24,"p1id":"ginnyman","p2id":"ruiadauto","formatid":"gen9ou","rating":1168,"private":0,"password":""}