{"id":"gen9ou-1991043832","p1":"Skaraptor2.1","p2":"Jameswlad","format":"[Gen 9] OU","log":"|j|\u2606Skaraptor2.1\n|j|\u2606Jameswlad\n|t:|1700033547\n|gametype|singles\n|player|p1|Skaraptor2.1|bodybuilderf-gen9|1214\n|player|p2|Jameswlad|n|1168\n|teamsize|p1|6\n|teamsize|p2|6\n|gen|9\n|tier|[Gen 9] OU\n|rated|\n|rule|Sleep Clause Mod: Limit one foe put to sleep\n|rule|Species Clause: Limit one of each Pok\u00e9mon\n|rule|OHKO Clause: OHKO moves are banned\n|rule|Evasion Items Clause: Evasion items are banned\n|rule|Evasion Moves Clause: Evasion moves are banned\n|rule|Endless Battle Clause: Forcing endless battles is banned\n|rule|HP Percentage Mod: HP is shown in percentages\n|clearpoke\n|poke|p1|Ribombee, M|\n|poke|p1|Ogerpon-Wellspring, F|\n|poke|p1|Cyclizar, F|\n|poke|p1|Zamazenta-*|\n|poke|p1|Iron Valiant|\n|poke|p1|Kingambit, F|\n|poke|p2|Charizard, M|\n|poke|p2|Cinderace, F|\n|poke|p2|Ribombee, F|\n|poke|p2|Walking Wake|\n|poke|p2|Landorus-Therian, M|\n|poke|p2|Iron Valiant|\n|teampreview\n|inactive|Battle timer is ON: inactive players will automatically lose when time's up. (requested by Skaraptor2.1)\n|\n|t:|1700033555\n|start\n|switch|p1a: Transfem|Ogerpon-Wellspring, F|100\/100\n|switch|p2a: Cinderace|Cinderace, F|100\/100\n|turn|1\n|\n|t:|1700033562\n|move|p2a: Cinderace|U-turn|p1a: Transfem\n|-start|p2a: Cinderace|typechange|Bug|[from] ability: Libero\n|-supereffective|p1a: Transfem\n|-damage|p1a: Transfem|24\/100\n|\n|t:|1700033564\n|switch|p2a: Landorus|Landorus-Therian, M|100\/100|[from] U-turn\n|-ability|p2a: Landorus|Intimidate|boost\n|-unboost|p1a: Transfem|atk|1\n|move|p1a: Transfem|Knock Off|p2a: Landorus\n|-damage|p2a: Landorus|75\/100\n|-damage|p1a: Transfem|7\/100|[from] item: Rocky Helmet|[of] p2a: Landorus\n|-enditem|p2a: Landorus|Rocky Helmet|[from] move: Knock Off|[of] p1a: Transfem\n|\n|upkeep\n|turn|2\n|\n|t:|1700033568\n|move|p1a: Transfem|Horn Leech|p2a: Landorus\n|-damage|p2a: Landorus|47\/100\n|-heal|p1a: Transfem|25\/100|[from] drain|[of] p2a: Landorus\n|move|p2a: Landorus|U-turn|p1a: Transfem\n|-supereffective|p1a: Transfem\n|-crit|p1a: Transfem\n|-damage|p1a: Transfem|0 fnt\n|faint|p1a: Transfem\n|\n|t:|1700033576\n|switch|p2a: Cinderace|Cinderace, F|100\/100|[from] U-turn\n|\n|upkeep\n|\n|t:|1700033582\n|switch|p1a: Bigender|Iron Valiant|100\/100\n|-enditem|p1a: Bigender|Booster Energy\n|-activate|p1a: Bigender|ability: Quark Drive|[fromitem]\n|-start|p1a: Bigender|quarkdrivespe\n|turn|3\n|\n|t:|1700033585\n|move|p1a: Bigender|Calm Mind|p1a: Bigender\n|-boost|p1a: Bigender|spa|1\n|-boost|p1a: Bigender|spd|1\n|move|p2a: Cinderace|Pyro Ball|p1a: Bigender\n|-damage|p1a: Bigender|39\/100\n|\n|upkeep\n|turn|4\n|\n|t:|1700033590\n|move|p1a: Bigender|Destiny Bond|p1a: Bigender\n|-singlemove|p1a: Bigender|Destiny Bond\n|move|p2a: Cinderace|Pyro Ball|p1a: Bigender\n|-damage|p1a: Bigender|0 fnt\n|faint|p1a: Bigender\n|-activate|p1a: Bigender|move: Destiny Bond\n|-end|p1a: Bigender|Quark Drive|[silent]\n|faint|p2a: Cinderace\n|\n|upkeep\n|\n|t:|1700033604\n|switch|p2a: Iron Valiant|Iron Valiant|100\/100\n|switch|p1a: Twink|Ribombee, M|100\/100\n|-enditem|p2a: Iron Valiant|Booster Energy\n|-activate|p2a: Iron Valiant|ability: Quark Drive|[fromitem]\n|-start|p2a: Iron Valiant|quarkdrivespe\n|turn|5\n|\n|t:|1700033609\n|move|p2a: Iron Valiant|Moonblast|p1a: Twink\n|-damage|p1a: Twink|37\/100\n|move|p1a: Twink|Stun Spore|p2a: Iron Valiant|[miss]\n|-miss|p1a: Twink|p2a: Iron Valiant\n|\n|upkeep\n|turn|6\n|\n|t:|1700033615\n|move|p2a: Iron Valiant|Moonblast|p1a: Twink\n|-damage|p1a: Twink|0 fnt\n|faint|p1a: Twink\n|\n|upkeep\n|\n|t:|1700033619\n|switch|p1a: Defender of Trans|Zamazenta, shiny|100\/100\n|-ability|p1a: Defender of Trans|Dauntless Shield|boost\n|-boost|p1a: Defender of Trans|def|1\n|turn|7\n|\n|t:|1700033622\n|-terastallize|p1a: Defender of Trans|Fire\n|move|p2a: Iron Valiant|Moonblast|p1a: Defender of Trans\n|-resisted|p1a: Defender of Trans\n|-damage|p1a: Defender of Trans|83\/100\n|move|p1a: Defender of Trans|Iron Defense|p1a: Defender of Trans\n|-boost|p1a: Defender of Trans|def|2\n|\n|-heal|p1a: Defender of Trans|89\/100|[from] item: Leftovers\n|upkeep\n|turn|8\n|\n|t:|1700033628\n|-end|p2a: Iron Valiant|Quark Drive|[silent]\n|switch|p2a: Landorus|Landorus-Therian, M|47\/100\n|-ability|p2a: Landorus|Intimidate|boost\n|-unboost|p1a: Defender of Trans|atk|1\n|move|p1a: Defender of Trans|Iron Defense|p1a: Defender of Trans\n|-boost|p1a: Defender of Trans|def|2\n|\n|-heal|p1a: Defender of Trans|96\/100|[from] item: Leftovers\n|upkeep\n|turn|9\n|\n|t:|1700033635\n|move|p1a: Defender of Trans|Body Press|p2a: Landorus\n|-resisted|p2a: Landorus\n|-damage|p2a: Landorus|0 fnt\n|faint|p2a: Landorus\n|\n|-heal|p1a: Defender of Trans|100\/100|[from] item: Leftovers\n|upkeep\n|\n|t:|1700033637\n|switch|p2a: Walking Wake|Walking Wake|100\/100\n|-enditem|p2a: Walking Wake|Booster Energy\n|-activate|p2a: Walking Wake|ability: Protosynthesis|[fromitem]\n|-start|p2a: Walking Wake|protosynthesisspa\n|turn|10\n|\n|t:|1700033661\n|move|p1a: Defender of Trans|Body Press|p2a: Walking Wake\n|-damage|p2a: Walking Wake|0 fnt\n|faint|p2a: Walking Wake\n|-end|p2a: Walking Wake|Protosynthesis|[silent]\n|\n|upkeep\n|\n|t:|1700033667\n|switch|p2a: Ribombee|Ribombee, F|100\/100\n|turn|11\n|\n|t:|1700033670\n|move|p2a: Ribombee|Stun Spore|p1a: Defender of Trans|[miss]\n|-miss|p2a: Ribombee|p1a: Defender of Trans\n|move|p1a: Defender of Trans|Heavy Slam|p2a: Ribombee\n|-supereffective|p2a: Ribombee\n|-damage|p2a: Ribombee|13\/100\n|\n|upkeep\n|turn|12\n|\n|t:|1700033673\n|move|p2a: Ribombee|Stun Spore|p1a: Defender of Trans\n|-status|p1a: Defender of Trans|par\n|move|p1a: Defender of Trans|Heavy Slam|p2a: Ribombee\n|-supereffective|p2a: Ribombee\n|-damage|p2a: Ribombee|0 fnt\n|faint|p2a: Ribombee\n|\n|upkeep\n|\n|t:|1700033680\n|switch|p2a: Iron Valiant|Iron Valiant|100\/100\n|turn|13\n|\n|t:|1700033683\n|move|p2a: Iron Valiant|Thunderbolt|p1a: Defender of Trans\n|-damage|p1a: Defender of Trans|78\/100 par\n|cant|p1a: Defender of Trans|par\n|\n|-heal|p1a: Defender of Trans|84\/100 par|[from] item: Leftovers\n|upkeep\n|turn|14\n|\n|t:|1700033687\n|move|p2a: Iron Valiant|Thunderbolt|p1a: Defender of Trans\n|-damage|p1a: Defender of Trans|62\/100 par\n|move|p1a: Defender of Trans|Heavy Slam|p2a: Iron Valiant\n|-supereffective|p2a: Iron Valiant\n|-damage|p2a: Iron Valiant|40\/100\n|\n|-heal|p1a: Defender of Trans|68\/100 par|[from] item: Leftovers\n|upkeep\n|turn|15\n|\n|t:|1700033692\n|move|p2a: Iron Valiant|Thunderbolt|p1a: Defender of Trans\n|-damage|p1a: Defender of Trans|45\/100 par\n|cant|p1a: Defender of Trans|par\n|\n|-heal|p1a: Defender of Trans|51\/100 par|[from] item: Leftovers\n|upkeep\n|turn|16\n|\n|t:|1700033699\n|move|p2a: Iron Valiant|Thunderbolt|p1a: Defender of Trans\n|-damage|p1a: Defender of Trans|30\/100 par\n|move|p1a: Defender of Trans|Heavy Slam|p2a: Iron Valiant\n|-supereffective|p2a: Iron Valiant\n|-damage|p2a: Iron Valiant|0 fnt\n|faint|p2a: Iron Valiant\n|-end|p2a: Iron Valiant|Quark Drive|[silent]\n|\n|-heal|p1a: Defender of Trans|36\/100 par|[from] item: Leftovers\n|upkeep\n|\n|t:|1700033705\n|switch|p2a: Charizard|Charizard, M|100\/100\n|turn|17\n|\n|t:|1700033707\n|move|p2a: Charizard|Earthquake|p1a: Defender of Trans\n|-supereffective|p1a: Defender of Trans\n|-crit|p1a: Defender of Trans\n|-damage|p1a: Defender of Trans|0 fnt\n|faint|p1a: Defender of Trans\n|\n|upkeep\n|\n|t:|1700033712\n|switch|p1a: Wheelie|Cyclizar, F|100\/100\n|turn|18\n|\n|t:|1700033717\n|move|p1a: Wheelie|Knock Off|p2a: Charizard\n|-damage|p2a: Charizard|62\/100\n|-enditem|p2a: Charizard|Heavy-Duty Boots|[from] move: Knock Off|[of] p1a: Wheelie\n|move|p2a: Charizard|Dragon Dance|p2a: Charizard\n|-boost|p2a: Charizard|atk|1\n|-boost|p2a: Charizard|spe|1\n|\n|upkeep\n|turn|19\n|\n|t:|1700033723\n|-terastallize|p2a: Charizard|Flying\n|move|p1a: Wheelie|Quick Attack|p2a: Charizard\n|-damage|p2a: Charizard|38\/100\n|move|p2a: Charizard|Tera Blast|p1a: Wheelie|[anim] Tera Blast Flying\n|-damage|p1a: Wheelie|1\/100\n|\n|upkeep\n|turn|20\n|\n|t:|1700033730\n|move|p1a: Wheelie|Quick Attack|p2a: Charizard\n|-damage|p2a: Charizard|13\/100\n|move|p2a: Charizard|Tera Blast|p1a: Wheelie|[anim] Tera Blast Flying\n|-damage|p1a: Wheelie|0 fnt\n|faint|p1a: Wheelie\n|\n|upkeep\n|\n|t:|1700033736\n|switch|p1a: Queengambit|Kingambit, F|100\/100\n|-activate|p1a: Queengambit|ability: Supreme Overlord\n|-start|p1a: Queengambit|fallen5|[silent]\n|turn|21\n|\n|t:|1700033743\n|move|p2a: Charizard|Dragon Dance|p2a: Charizard\n|-boost|p2a: Charizard|atk|1\n|-boost|p2a: Charizard|spe|1\n|move|p1a: Queengambit|Iron Head|p2a: Charizard\n|-damage|p2a: Charizard|0 fnt\n|faint|p2a: Charizard\n|\n|win|Skaraptor2.1\n|raw|Skaraptor2.1's rating: 1214 &rarr; <strong>1236<\/strong><br \/>(+22 for winning)\n|raw|Jameswlad's rating: 1168 &rarr; <strong>1146<\/strong><br \/>(-22 for losing)\n","uploadtime":1700033746,"views":5,"p1id":"skaraptor21","p2id":"jameswlad","formatid":"gen9ou","rating":1146,"private":0,"password":""}