{"id":"gen9ou-2000566630","p1":"Rickymilo","p2":"Elloiuyh1","format":"[Gen 9] OU","log":"|j|\u2606Rickymilo\n|j|\u2606Elloiuyh1\n|t:|1701205969\n|gametype|singles\n|player|p1|Rickymilo|sage|1395\n|player|p2|Elloiuyh1|iris-gen5bw2|1428\n|teamsize|p1|6\n|teamsize|p2|6\n|gen|9\n|tier|[Gen 9] OU\n|rated|\n|rule|Sleep Clause Mod: Limit one foe put to sleep\n|rule|Species Clause: Limit one of each Pok\u00e9mon\n|rule|OHKO Clause: OHKO moves are banned\n|rule|Evasion Items Clause: Evasion items are banned\n|rule|Evasion Moves Clause: Evasion moves are banned\n|rule|Endless Battle Clause: Forcing endless battles is banned\n|rule|HP Percentage Mod: HP is shown in percentages\n|clearpoke\n|poke|p1|Dragapult, M|\n|poke|p1|Greninja-*, M|\n|poke|p1|Bisharp, M|\n|poke|p1|Sandy Shocks|\n|poke|p1|Iron Valiant|\n|poke|p1|Manaphy|\n|poke|p2|Weezing-Galar, M|\n|poke|p2|Rillaboom, M|\n|poke|p2|Kingambit, M|\n|poke|p2|Ogerpon-Wellspring, F|\n|poke|p2|Muk-Alola, F|\n|poke|p2|Dragonite, F|\n|teampreview\n|inactive|Battle timer is ON: inactive players will automatically lose when time's up. (requested by Rickymilo)\n|\n|t:|1701205975\n|start\n|switch|p1a: Sandy Shocks|Sandy Shocks|100\/100\n|switch|p2a: Rillaboom|Rillaboom, M|100\/100\n|-fieldstart|move: Grassy Terrain|[from] ability: Grassy Surge|[of] p2a: Rillaboom\n|turn|1\n|\n|t:|1701205984\n|-end|p1a: Sandy Shocks|Protosynthesis|[silent]\n|switch|p1a: Bisharp|Bisharp, M, shiny|100\/100\n|move|p2a: Rillaboom|U-turn|p1a: Bisharp\n|-damage|p1a: Bisharp|85\/100\n|j| ukryd\n|j| Leroipolux1\n|c| Leroipolux1|errr\n|\n|t:|1701206010\n|switch|p2a: Dragonite|Dragonite, F|100\/100|[from] U-turn\n|\n|-heal|p1a: Bisharp|91\/100|[from] Grassy Terrain\n|upkeep\n|turn|2\n|c| Leroipolux1|elloiuyh1\n|c| ukryd|wheres the money lebowski\n|\n|t:|1701206018\n|move|p2a: Dragonite|Earthquake|p1a: Bisharp\n|-supereffective|p1a: Bisharp\n|-damage|p1a: Bisharp|65\/100\n|move|p1a: Bisharp|Iron Head|p2a: Dragonite\n|-damage|p2a: Dragonite|81\/100\n|\n|-heal|p1a: Bisharp|71\/100|[from] Grassy Terrain\n|upkeep\n|turn|3\n|\n|t:|1701206023\n|move|p2a: Dragonite|Dragon Dance|p2a: Dragonite\n|-boost|p2a: Dragonite|atk|1\n|-boost|p2a: Dragonite|spe|1\n|move|p1a: Bisharp|Swords Dance|p1a: Bisharp\n|-boost|p1a: Bisharp|atk|2\n|\n|-heal|p1a: Bisharp|77\/100|[from] Grassy Terrain\n|upkeep\n|turn|4\n|c| Leroipolux1|this doesn't look like you're making money\n|c| Leroipolux1|...\n|\n|t:|1701206031\n|move|p1a: Bisharp|Sucker Punch||[still]\n|-fail|p1a: Bisharp\n|move|p2a: Dragonite|Roost|p2a: Dragonite\n|-heal|p2a: Dragonite|100\/100\n|-singleturn|p2a: Dragonite|move: Roost\n|\n|-heal|p1a: Bisharp|83\/100|[from] Grassy Terrain\n|upkeep\n|turn|5\n|\n|t:|1701206034\n|move|p2a: Dragonite|Earthquake|p1a: Bisharp\n|-supereffective|p1a: Bisharp\n|-damage|p1a: Bisharp|42\/100\n|move|p1a: Bisharp|Iron Head|p2a: Dragonite\n|-damage|p2a: Dragonite|57\/100\n|\n|-heal|p1a: Bisharp|48\/100|[from] Grassy Terrain\n|upkeep\n|turn|6\n|\n|t:|1701206039\n|move|p1a: Bisharp|Sucker Punch||[still]\n|-fail|p1a: Bisharp\n|move|p2a: Dragonite|Roost|p2a: Dragonite\n|-heal|p2a: Dragonite|100\/100\n|-singleturn|p2a: Dragonite|move: Roost\n|\n|-heal|p1a: Bisharp|54\/100|[from] Grassy Terrain\n|upkeep\n|turn|7\n|\n|t:|1701206041\n|move|p1a: Bisharp|Sucker Punch|p2a: Dragonite\n|-damage|p2a: Dragonite|63\/100\n|move|p2a: Dragonite|Earthquake|p1a: Bisharp\n|-supereffective|p1a: Bisharp\n|-damage|p1a: Bisharp|13\/100\n|\n|-heal|p1a: Bisharp|19\/100|[from] Grassy Terrain\n|upkeep\n|turn|8\n|\n|t:|1701206043\n|move|p2a: Dragonite|Roost|p2a: Dragonite\n|-heal|p2a: Dragonite|100\/100\n|-singleturn|p2a: Dragonite|move: Roost\n|move|p1a: Bisharp|Swords Dance|p1a: Bisharp\n|-boost|p1a: Bisharp|atk|2\n|\n|-heal|p1a: Bisharp|25\/100|[from] Grassy Terrain\n|-fieldend|move: Grassy Terrain\n|upkeep\n|turn|9\n|\n|t:|1701206046\n|move|p1a: Bisharp|Sucker Punch|p2a: Dragonite\n|-damage|p2a: Dragonite|51\/100\n|move|p2a: Dragonite|Earthquake|p1a: Bisharp\n|-supereffective|p1a: Bisharp\n|-damage|p1a: Bisharp|0 fnt\n|faint|p1a: Bisharp\n|\n|upkeep\n|\n|t:|1701206050\n|switch|p1a: Iron Valiant|Iron Valiant|100\/100\n|-enditem|p1a: Iron Valiant|Booster Energy\n|-activate|p1a: Iron Valiant|ability: Quark Drive|[fromitem]\n|-start|p1a: Iron Valiant|quarkdrivespe\n|turn|10\n|\n|t:|1701206067\n|-terastallize|p2a: Dragonite|Normal\n|move|p1a: Iron Valiant|Spirit Break|p2a: Dragonite\n|-crit|p2a: Dragonite\n|-damage|p2a: Dragonite|0 fnt\n|faint|p2a: Dragonite\n|\n|upkeep\n|\n|t:|1701206078\n|switch|p2a: Muk|Muk-Alola, F|100\/100\n|turn|11\n|c| Leroipolux1|crit didnt matter\n|c| Leroipolux1|....\n|\n|t:|1701206102\n|move|p1a: Iron Valiant|Spirit Break|p2a: Muk\n|-damage|p2a: Muk|56\/100\n|-unboost|p2a: Muk|spa|1\n|move|p2a: Muk|Poison Jab|p1a: Iron Valiant\n|-supereffective|p1a: Iron Valiant\n|-damage|p1a: Iron Valiant|31\/100\n|\n|upkeep\n|turn|12\n|\n|t:|1701206111\n|move|p1a: Iron Valiant|Close Combat|p2a: Muk\n|-damage|p2a: Muk|0 fnt\n|-unboost|p1a: Iron Valiant|def|1\n|-unboost|p1a: Iron Valiant|spd|1\n|faint|p2a: Muk\n|\n|upkeep\n|\n|t:|1701206113\n|switch|p2a: Weezing|Weezing-Galar, M|100\/100\n|-ability|p2a: Weezing|Neutralizing Gas\n|turn|13\n|\n|t:|1701206121\n|move|p1a: Iron Valiant|Knock Off|p2a: Weezing\n|-resisted|p2a: Weezing\n|-damage|p2a: Weezing|90\/100\n|-enditem|p2a: Weezing|Black Sludge|[from] move: Knock Off|[of] p1a: Iron Valiant\n|move|p2a: Weezing|Strange Steam|p1a: Iron Valiant|[miss]\n|-miss|p2a: Weezing|p1a: Iron Valiant\n|\n|upkeep\n|turn|14\n|inactive|Rickymilo has 120 seconds left.\n|\n|t:|1701206161\n|-end|p1a: Iron Valiant|Quark Drive|[silent]\n|switch|p1a: Manaphy|Manaphy, shiny|100\/100\n|move|p2a: Weezing|Strange Steam|p1a: Manaphy|[miss]\n|-miss|p2a: Weezing|p1a: Manaphy\n|\n|upkeep\n|turn|15\n|\n|t:|1701206172\n|-end|p2a: Weezing|ability: Neutralizing Gas\n|switch|p2a: Rillaboom|Rillaboom, M|100\/100\n|-fieldstart|move: Grassy Terrain|[from] ability: Grassy Surge|[of] p2a: Rillaboom\n|move|p1a: Manaphy|Acid Armor|p1a: Manaphy\n|-boost|p1a: Manaphy|def|2\n|\n|upkeep\n|turn|16\n|\n|t:|1701206181\n|move|p1a: Manaphy|Scald|p2a: Rillaboom\n|-resisted|p2a: Rillaboom\n|-damage|p2a: Rillaboom|84\/100\n|move|p2a: Rillaboom|Drum Beating|p1a: Manaphy\n|-supereffective|p1a: Manaphy\n|-damage|p1a: Manaphy|64\/100\n|-unboost|p1a: Manaphy|spe|1\n|\n|-heal|p2a: Rillaboom|90\/100|[from] Grassy Terrain\n|-heal|p1a: Manaphy|71\/100|[from] Grassy Terrain\n|-heal|p1a: Manaphy|77\/100|[from] item: Leftovers\n|upkeep\n|turn|17\n|\n|t:|1701206190\n|move|p2a: Rillaboom|Drum Beating|p1a: Manaphy\n|-supereffective|p1a: Manaphy\n|-crit|p1a: Manaphy\n|-damage|p1a: Manaphy|0 fnt\n|faint|p1a: Manaphy\n|\n|-heal|p2a: Rillaboom|97\/100|[from] Grassy Terrain\n|upkeep\n|\n|t:|1701206196\n|switch|p1a: Iron Valiant|Iron Valiant|31\/100\n|turn|18\n|\n|t:|1701206200\n|move|p2a: Rillaboom|Grassy Glide|p1a: Iron Valiant\n|-damage|p1a: Iron Valiant|0 fnt\n|faint|p1a: Iron Valiant\n|-end|p1a: Iron Valiant|Quark Drive|[silent]\n|\n|-heal|p2a: Rillaboom|100\/100|[from] Grassy Terrain\n|upkeep\n|c| Leroipolux1|crit mattered\n|c| Leroipolux1|:|\n|c| Leroipolux1|what the frick bro\n|c|\u2606Elloiuyh1|\u00a8Shut the fuck up\n|c|\u2606Elloiuyh1|Leroi\n|\n|t:|1701206214\n|switch|p1a: Greninja|Greninja, M|100\/100\n|turn|19\n|c| Leroipolux1|reported\n|c| Leroipolux1|for toxicity\n|c| Leroipolux1|6^\n|\n|t:|1701206219\n|-terastallize|p1a: Greninja|Poison\n|move|p2a: Rillaboom|Grassy Glide|p1a: Greninja\n|-resisted|p1a: Greninja\n|-damage|p1a: Greninja|72\/100\n|move|p1a: Greninja|Swords Dance|p1a: Greninja\n|-boost|p1a: Greninja|atk|2\n|\n|-heal|p1a: Greninja|78\/100|[from] Grassy Terrain\n|upkeep\n|turn|20\n|c| Leroipolux1|^^\n|c| Leroipolux1|SD GRENINJA\n|c| Leroipolux1|HOLY FUCK\n|c| Leroipolux1|HOLY FUKC\n|c| Leroipolux1|HOLY FUCK\n|\n|t:|1701206238\n|switch|p2a: Weezing|Weezing-Galar, M|90\/100\n|-ability|p2a: Weezing|Neutralizing Gas\n|move|p1a: Greninja|Gunk Shot|p2a: Weezing|[miss]\n|-miss|p1a: Greninja|p2a: Weezing\n|\n|-heal|p1a: Greninja|84\/100|[from] Grassy Terrain\n|-heal|p2a: Weezing|96\/100|[from] Grassy Terrain\n|upkeep\n|turn|21\n|c| Leroipolux1|HOLY FUCK\n|\n|t:|1701206245\n|move|p1a: Greninja|Waterfall|p2a: Weezing\n|-damage|p2a: Weezing|39\/100\n|-damage|p1a: Greninja|74\/100|[from] item: Life Orb\n|move|p2a: Weezing|Clear Smog|p1a: Greninja\n|-resisted|p1a: Greninja\n|-damage|p1a: Greninja|63\/100\n|-clearboost|p1a: Greninja\n|\n|-heal|p1a: Greninja|69\/100|[from] Grassy Terrain\n|-heal|p2a: Weezing|45\/100|[from] Grassy Terrain\n|upkeep\n|turn|22\n|\n|t:|1701206252\n|move|p1a: Greninja|Swords Dance|p1a: Greninja\n|-boost|p1a: Greninja|atk|2\n|move|p2a: Weezing|Will-O-Wisp|p1a: Greninja\n|-status|p1a: Greninja|brn\n|\n|-heal|p1a: Greninja|75\/100 brn|[from] Grassy Terrain\n|-heal|p2a: Weezing|51\/100|[from] Grassy Terrain\n|-damage|p1a: Greninja|69\/100 brn|[from] brn\n|-fieldend|move: Grassy Terrain\n|upkeep\n|turn|23\n|\n|t:|1701206257\n|move|p1a: Greninja|Waterfall|p2a: Weezing\n|-damage|p2a: Weezing|23\/100\n|-damage|p1a: Greninja|59\/100 brn|[from] item: Life Orb\n|move|p2a: Weezing|Clear Smog|p1a: Greninja\n|-resisted|p1a: Greninja\n|-damage|p1a: Greninja|46\/100 brn\n|-clearboost|p1a: Greninja\n|\n|-damage|p1a: Greninja|40\/100 brn|[from] brn\n|upkeep\n|turn|24\n|\n|t:|1701206260\n|move|p1a: Greninja|Waterfall|p2a: Weezing\n|-damage|p2a: Weezing|10\/100\n|-damage|p1a: Greninja|30\/100 brn|[from] item: Life Orb\n|cant|p2a: Weezing|flinch\n|\n|-damage|p1a: Greninja|24\/100 brn|[from] brn\n|upkeep\n|turn|25\n|\n|t:|1701206263\n|-end|p2a: Weezing|ability: Neutralizing Gas\n|switch|p2a: Ogerpon|Ogerpon-Wellspring, F|100\/100\n|move|p1a: Greninja|Waterfall|p2a: Ogerpon\n|-immune|p2a: Ogerpon|[from] ability: Water Absorb\n|\n|-damage|p1a: Greninja|18\/100 brn|[from] brn\n|upkeep\n|turn|26\n|\n|t:|1701206271\n|switch|p2a: Weezing|Weezing-Galar, M|10\/100\n|-ability|p2a: Weezing|Neutralizing Gas\n|move|p1a: Greninja|Gunk Shot|p2a: Weezing\n|-damage|p2a: Weezing|0 fnt\n|faint|p2a: Weezing\n|-end|p2a: Weezing|ability: Neutralizing Gas\n|-ability|p1a: Greninja|Battle Bond|boost\n|-boost|p1a: Greninja|atk|1\n|-boost|p1a: Greninja|spa|1\n|-boost|p1a: Greninja|spe|1\n|-activate|p1a: Greninja|ability: Battle Bond\n|-damage|p1a: Greninja|9\/100 brn|[from] item: Life Orb\n|\n|-damage|p1a: Greninja|3\/100 brn|[from] brn\n|upkeep\n|\n|t:|1701206273\n|switch|p2a: Rillaboom|Rillaboom, M|100\/100\n|-fieldstart|move: Grassy Terrain|[from] ability: Grassy Surge|[of] p2a: Rillaboom\n|turn|27\n|\n|t:|1701206275\n|move|p2a: Rillaboom|Grassy Glide|p1a: Greninja\n|-resisted|p1a: Greninja\n|-damage|p1a: Greninja|0 fnt\n|faint|p1a: Greninja\n|\n|upkeep\n|\n|t:|1701206277\n|switch|p1a: Sandy Shocks|Sandy Shocks|100\/100\n|turn|28\n|\n|t:|1701206281\n|move|p1a: Sandy Shocks|Light Screen|p1a: Sandy Shocks\n|-sidestart|p1: Rickymilo|move: Light Screen\n|move|p2a: Rillaboom|Drum Beating|p1a: Sandy Shocks\n|-supereffective|p1a: Sandy Shocks\n|-damage|p1a: Sandy Shocks|0 fnt\n|faint|p1a: Sandy Shocks\n|-end|p1a: Sandy Shocks|Protosynthesis|[silent]\n|\n|upkeep\n|\n|t:|1701206283\n|switch|p1a: Dragapult|Dragapult, M, shiny|100\/100\n|turn|29\n|\n|t:|1701206288\n|move|p1a: Dragapult|Substitute|p1a: Dragapult\n|-start|p1a: Dragapult|Substitute\n|-damage|p1a: Dragapult|76\/100\n|move|p2a: Rillaboom|Knock Off|p1a: Dragapult\n|-supereffective|p1a: Dragapult\n|-end|p1a: Dragapult|Substitute\n|\n|-heal|p1a: Dragapult|82\/100|[from] Grassy Terrain\n|-heal|p1a: Dragapult|88\/100|[from] item: Leftovers\n|upkeep\n|turn|30\n|\n|t:|1701206295\n|move|p1a: Dragapult|Dragon Darts|p2a: Rillaboom\n|-damage|p2a: Rillaboom|74\/100\n|-anim|p1a: Dragapult|Dragon Darts|p2a: Rillaboom\n|-damage|p2a: Rillaboom|50\/100\n|move|p2a: Rillaboom|Knock Off|p1a: Dragapult\n|-supereffective|p1a: Dragapult\n|-damage|p1a: Dragapult|1\/100\n|-enditem|p1a: Dragapult|Leftovers|[from] move: Knock Off|[of] p2a: Rillaboom\n|\n|-heal|p1a: Dragapult|7\/100|[from] Grassy Terrain\n|-heal|p2a: Rillaboom|56\/100|[from] Grassy Terrain\n|upkeep\n|turn|31\n|l|\u2606Rickymilo\n|inactive|Rickymilo disconnected and has a minute to reconnect!\n|player|p1|\n|inactive|Rickymilo has 30 seconds to reconnect!\n|inactive|Rickymilo has 20 seconds to reconnect!\n|inactive|Rickymilo has 15 seconds to reconnect!\n|inactive|Rickymilo has 10 seconds to reconnect!\n|inactive|Rickymilo has 5 seconds to reconnect!\n|-message|Rickymilo lost due to inactivity.\n|\n|win|Elloiuyh1\n|raw|Rickymilo's rating: 1395 &rarr; <strong>1377<\/strong><br \/>(-18 for losing)\n|raw|Elloiuyh1's rating: 1428 &rarr; <strong>1446<\/strong><br \/>(+18 for winning)\n","uploadtime":1701206213,"views":1,"p1id":"rickymilo","p2id":"elloiuyh1","formatid":"gen9ou","rating":1377,"private":0,"password":""}