{"id":"gen9ou-1989538098","p1":"heymarcusho","p2":"Jakespeare","format":"[Gen 9] OU","log":"|j|\u2606heymarcusho\n|j|\u203dJakespeare\n|t:|1699867793\n|gametype|singles\n|player|p1|heymarcusho|265|1198\n|player|p2|Jakespeare|depotagent|1286\n|teamsize|p1|6\n|teamsize|p2|6\n|gen|9\n|tier|[Gen 9] OU\n|rated|\n|rule|Sleep Clause Mod: Limit one foe put to sleep\n|rule|Species Clause: Limit one of each Pok\u00e9mon\n|rule|OHKO Clause: OHKO moves are banned\n|rule|Evasion Items Clause: Evasion items are banned\n|rule|Evasion Moves Clause: Evasion moves are banned\n|rule|Endless Battle Clause: Forcing endless battles is banned\n|rule|HP Percentage Mod: HP is shown in percentages\n|clearpoke\n|poke|p1|Kingambit, M|\n|poke|p1|Landorus-Therian, M|\n|poke|p1|Ogerpon-Wellspring, F|\n|poke|p1|Dragapult, F|\n|poke|p1|Heatran, F|\n|poke|p1|Zapdos|\n|poke|p2|Iron Hands|\n|poke|p2|Kingambit, F|\n|poke|p2|Azumarill, M|\n|poke|p2|Glimmora, M|\n|poke|p2|Iron Valiant|\n|poke|p2|Ceruledge, M|\n|teampreview\n|inactive|Battle timer is ON: inactive players will automatically lose when time's up. (requested by Jakespeare)\n|\n|t:|1699867800\n|start\n|switch|p1a: Landorus|Landorus-Therian, M|100\/100\n|switch|p2a: Glimmora|Glimmora, M|100\/100\n|-ability|p1a: Landorus|Intimidate|boost\n|-unboost|p2a: Glimmora|atk|1\n|turn|1\n|\n|t:|1699867813\n|move|p1a: Landorus|Earthquake|p2a: Glimmora\n|-supereffective|p2a: Glimmora\n|-enditem|p2a: Glimmora|Focus Sash\n|-damage|p2a: Glimmora|1\/100\n|-activate|p2a: Glimmora|ability: Toxic Debris\n|-sidestart|p1: heymarcusho|move: Toxic Spikes\n|move|p2a: Glimmora|Stealth Rock|p1a: Landorus\n|-sidestart|p1: heymarcusho|move: Stealth Rock\n|\n|upkeep\n|turn|2\n|\n|t:|1699867822\n|move|p1a: Landorus|Earthquake|p2a: Glimmora\n|-supereffective|p2a: Glimmora\n|-damage|p2a: Glimmora|0 fnt\n|-activate|p2a: Glimmora|ability: Toxic Debris\n|-sidestart|p1: heymarcusho|move: Toxic Spikes\n|faint|p2a: Glimmora\n|\n|upkeep\n|\n|t:|1699867828\n|switch|p2a: Azumarill|Azumarill, M|100\/100\n|turn|3\n|\n|t:|1699867840\n|switch|p1a: Ogerpon|Ogerpon-Wellspring, F|100\/100\n|-status|p1a: Ogerpon|tox\n|-damage|p1a: Ogerpon|88\/100 tox|[from] Stealth Rock\n|move|p2a: Azumarill|Belly Drum|p2a: Azumarill\n|-damage|p2a: Azumarill|50\/100\n|-setboost|p2a: Azumarill|atk|6|[from] move: Belly Drum\n|-enditem|p2a: Azumarill|Sitrus Berry|[eat]\n|-heal|p2a: Azumarill|75\/100|[from] item: Sitrus Berry\n|\n|-damage|p1a: Ogerpon|82\/100 tox|[from] psn\n|upkeep\n|turn|4\n|\n|t:|1699867857\n|move|p1a: Ogerpon|Horn Leech|p2a: Azumarill\n|-supereffective|p2a: Azumarill\n|-damage|p2a: Azumarill|4\/100\n|-heal|p1a: Ogerpon|100\/100 tox|[from] drain|[of] p2a: Azumarill\n|move|p2a: Azumarill|Play Rough|p1a: Ogerpon\n|-damage|p1a: Ogerpon|0 fnt\n|faint|p1a: Ogerpon\n|\n|upkeep\n|\n|t:|1699867876\n|switch|p1a: Landorus|Landorus-Therian, M|100\/100\n|-damage|p1a: Landorus|88\/100|[from] Stealth Rock\n|-ability|p1a: Landorus|Intimidate|boost\n|-unboost|p2a: Azumarill|atk|1\n|turn|5\n|\n|t:|1699867885\n|move|p2a: Azumarill|Aqua Jet|p1a: Landorus\n|-supereffective|p1a: Landorus\n|-damage|p1a: Landorus|0 fnt\n|faint|p1a: Landorus\n|\n|upkeep\n|inactive|heymarcusho has 120 seconds left.\n|\n|t:|1699867907\n|switch|p1a: Zapdos|Zapdos|100\/100\n|-damage|p1a: Zapdos|76\/100|[from] Stealth Rock\n|turn|6\n|inactive|heymarcusho has 120 seconds left.\n|\n|t:|1699867913\n|move|p2a: Azumarill|Aqua Jet|p1a: Zapdos\n|-damage|p1a: Zapdos|0 fnt\n|-status|p2a: Azumarill|par|[from] ability: Static|[of] p1a: Zapdos\n|faint|p1a: Zapdos\n|\n|upkeep\n|\n|t:|1699867916\n|switch|p1a: Kingambit|Kingambit, M|100\/100\n|-damage|p1a: Kingambit|94\/100|[from] Stealth Rock\n|turn|7\n|\n|t:|1699867921\n|move|p1a: Kingambit|Sucker Punch|p2a: Azumarill\n|-resisted|p2a: Azumarill\n|-damage|p2a: Azumarill|0 fnt\n|faint|p2a: Azumarill\n|\n|upkeep\n|\n|t:|1699867927\n|switch|p2a: Iron Hands|Iron Hands|100\/100\n|turn|8\n|\n|t:|1699867933\n|switch|p1a: Dragapult|Dragapult, F|100\/100\n|-status|p1a: Dragapult|tox\n|-damage|p1a: Dragapult|88\/100 tox|[from] Stealth Rock\n|move|p2a: Iron Hands|Swords Dance|p2a: Iron Hands\n|-boost|p2a: Iron Hands|atk|2\n|\n|-damage|p1a: Dragapult|82\/100 tox|[from] psn\n|upkeep\n|turn|9\n|\n|t:|1699867945\n|move|p1a: Dragapult|Will-O-Wisp|p2a: Iron Hands|[miss]\n|-miss|p1a: Dragapult|p2a: Iron Hands\n|move|p2a: Iron Hands|Earthquake|p1a: Dragapult\n|-damage|p1a: Dragapult|0 fnt\n|faint|p1a: Dragapult\n|\n|upkeep\n|\n|t:|1699867954\n|switch|p1a: Heatran|Heatran, F|100\/100\n|-damage|p1a: Heatran|88\/100|[from] Stealth Rock\n|turn|10\n|\n|t:|1699867960\n|-terastallize|p1a: Heatran|Grass\n|-terastallize|p2a: Iron Hands|Flying\n|move|p1a: Heatran|Earth Power|p2a: Iron Hands\n|-immune|p2a: Iron Hands\n|move|p2a: Iron Hands|Earthquake|p1a: Heatran\n|-resisted|p1a: Heatran\n|-damage|p1a: Heatran|53\/100\n|\n|upkeep\n|turn|11\n|\n|t:|1699867969\n|move|p1a: Heatran|Magma Storm|p2a: Iron Hands\n|-damage|p2a: Iron Hands|45\/100\n|-activate|p2a: Iron Hands|move: Magma Storm|[of] p1a: Heatran\n|move|p2a: Iron Hands|Drain Punch|p1a: Heatran\n|-damage|p1a: Heatran|0 fnt\n|-heal|p2a: Iron Hands|66\/100|[from] drain|[of] p1a: Heatran\n|faint|p1a: Heatran\n|\n|-heal|p2a: Iron Hands|72\/100|[from] item: Leftovers\n|-end|p2a: Iron Hands|Magma Storm|[partiallytrapped]|[silent]\n|upkeep\n|\n|t:|1699867975\n|switch|p1a: Kingambit|Kingambit, M|94\/100\n|-damage|p1a: Kingambit|88\/100|[from] Stealth Rock\n|turn|12\n|\n|t:|1699867981\n|move|p2a: Iron Hands|Drain Punch|p1a: Kingambit\n|-supereffective|p1a: Kingambit\n|-damage|p1a: Kingambit|0 fnt\n|-heal|p2a: Iron Hands|100\/100|[from] drain|[of] p1a: Kingambit\n|faint|p1a: Kingambit\n|\n|win|Jakespeare\n|raw|heymarcusho's rating: 1198 &rarr; <strong>1179<\/strong><br \/>(-19 for losing)\n|raw|Jakespeare's rating: 1286 &rarr; <strong>1305<\/strong><br \/>(+19 for winning)\n|l|\u2606heymarcusho\n","uploadtime":1699867992,"views":8,"p1id":"heymarcusho","p2id":"jakespeare","formatid":"gen9ou","rating":1179,"private":0,"password":""}