{"id":"gen9ou-1995493147","p1":"danz12","p2":"vandonick","format":"[Gen 9] OU","log":"|j|\u2606danz12\n|j|\u2606vandonick\n|t:|1700576773\n|gametype|singles\n|player|p1|danz12|nate|1167\n|player|p2|vandonick|101|1231\n|teamsize|p1|6\n|teamsize|p2|6\n|gen|9\n|tier|[Gen 9] OU\n|rated|\n|rule|Sleep Clause Mod: Limit one foe put to sleep\n|rule|Species Clause: Limit one of each Pok\u00e9mon\n|rule|OHKO Clause: OHKO moves are banned\n|rule|Evasion Items Clause: Evasion items are banned\n|rule|Evasion Moves Clause: Evasion moves are banned\n|rule|Endless Battle Clause: Forcing endless battles is banned\n|rule|HP Percentage Mod: HP is shown in percentages\n|clearpoke\n|poke|p1|Garganacl, F|\n|poke|p1|Clodsire, M|\n|poke|p1|Moltres-Galar|\n|poke|p1|Ceruledge, M|\n|poke|p1|Meowscarada, F|\n|poke|p1|Dragapult, M|\n|poke|p2|Cinderace, F|\n|poke|p2|Landorus-Therian, M|\n|poke|p2|Goodra, F|\n|poke|p2|Walking Wake|\n|poke|p2|Gholdengo|\n|poke|p2|Zapdos|\n|teampreview\n|inactive|Battle timer is ON: inactive players will automatically lose when time's up. (requested by danz12)\n|inactive|vandonick has 120 seconds left.\n|inactive|vandonick has 90 seconds left.\n|\n|t:|1700576854\n|start\n|switch|p1a: Meowscarada|Meowscarada, F|100\/100\n|switch|p2a: Cinderace|Cinderace, F|100\/100\n|turn|1\n|\n|t:|1700576860\n|move|p1a: Meowscarada|U-turn|p2a: Cinderace\n|-start|p1a: Meowscarada|typechange|Bug|[from] ability: Protean\n|-resisted|p2a: Cinderace\n|-damage|p2a: Cinderace|77\/100\n|\n|t:|1700576873\n|switch|p1a: Garganacl|Garganacl, F|100\/100|[from] U-turn\n|move|p2a: Cinderace|U-turn|p1a: Garganacl\n|-start|p2a: Cinderace|typechange|Bug|[from] ability: Libero\n|-damage|p1a: Garganacl|85\/100\n|\n|t:|1700576882\n|switch|p2a: Gholdengo|Gholdengo|100\/100|[from] U-turn\n|\n|-heal|p1a: Garganacl|91\/100|[from] item: Leftovers\n|upkeep\n|turn|2\n|\n|t:|1700576890\n|switch|p1a: Clodsire|Clodsire, M|100\/100\n|move|p2a: Gholdengo|Shadow Ball|p1a: Clodsire\n|-damage|p1a: Clodsire|77\/100\n|\n|-heal|p1a: Clodsire|83\/100|[from] item: Black Sludge\n|upkeep\n|turn|3\n|\n|t:|1700576899\n|switch|p2a: Landorus|Landorus-Therian, M|100\/100\n|-ability|p2a: Landorus|Intimidate|boost\n|-unboost|p1a: Clodsire|atk|1\n|move|p1a: Clodsire|Earthquake|p2a: Landorus\n|-immune|p2a: Landorus\n|\n|-heal|p1a: Clodsire|90\/100|[from] item: Black Sludge\n|upkeep\n|turn|4\n|\n|t:|1700576908\n|switch|p1a: Moltres|Moltres-Galar, shiny|100\/100\n|move|p2a: Landorus|Taunt|p1a: Moltres\n|-start|p1a: Moltres|move: Taunt\n|\n|upkeep\n|turn|5\n|\n|t:|1700576917\n|switch|p2a: Zapdos|Zapdos|100\/100\n|move|p1a: Moltres|Hurricane|p2a: Zapdos\n|-resisted|p2a: Zapdos\n|-damage|p2a: Zapdos|74\/100\n|-start|p2a: Zapdos|confusion\n|\n|-heal|p2a: Zapdos|80\/100|[from] item: Leftovers\n|upkeep\n|turn|6\n|\n|t:|1700576928\n|move|p1a: Moltres|Fiery Wrath|p2a: Zapdos\n|-damage|p2a: Zapdos|35\/100\n|-activate|p2a: Zapdos|confusion\n|move|p2a: Zapdos|Heat Wave|p1a: Moltres\n|-damage|p1a: Moltres|72\/100\n|\n|-heal|p2a: Zapdos|41\/100|[from] item: Leftovers\n|-end|p1a: Moltres|move: Taunt\n|upkeep\n|turn|7\n|\n|t:|1700576937\n|switch|p2a: Goodra|Goodra, F|100\/100\n|move|p1a: Moltres|Fiery Wrath|p2a: Goodra\n|-damage|p2a: Goodra|84\/100\n|\n|upkeep\n|turn|8\n|\n|t:|1700576953\n|move|p1a: Moltres|Agility|p1a: Moltres\n|-boost|p1a: Moltres|spe|2\n|move|p2a: Goodra|Thunderbolt|p1a: Moltres\n|-supereffective|p1a: Moltres\n|-damage|p1a: Moltres|32\/100\n|-enditem|p1a: Moltres|Weakness Policy\n|-boost|p1a: Moltres|atk|2|[from] item: Weakness Policy\n|-boost|p1a: Moltres|spa|2|[from] item: Weakness Policy\n|-ability|p1a: Moltres|Berserk|boost\n|-boost|p1a: Moltres|spa|1\n|\n|upkeep\n|turn|9\n|\n|t:|1700576962\n|move|p1a: Moltres|Hurricane|p2a: Goodra\n|-damage|p2a: Goodra|37\/100\n|move|p2a: Goodra|Thunderbolt|p1a: Moltres\n|-supereffective|p1a: Moltres\n|-damage|p1a: Moltres|0 fnt\n|faint|p1a: Moltres\n|\n|upkeep\n|\n|t:|1700576976\n|switch|p1a: Meowscarada|Meowscarada, F|100\/100\n|turn|10\n|\n|t:|1700576979\n|switch|p2a: Landorus|Landorus-Therian, M|100\/100\n|-ability|p2a: Landorus|Intimidate|boost\n|-unboost|p1a: Meowscarada|atk|1\n|move|p1a: Meowscarada|Play Rough|p2a: Landorus\n|-start|p1a: Meowscarada|typechange|Fairy|[from] ability: Protean\n|-crit|p2a: Landorus\n|-damage|p2a: Landorus|57\/100\n|\n|-heal|p2a: Landorus|63\/100|[from] item: Leftovers\n|upkeep\n|turn|11\n|inactive|danz12 has 120 seconds left.\n|\n|t:|1700577019\n|switch|p1a: Dragapult|Dragapult, M|100\/100\n|move|p2a: Landorus|U-turn|p1a: Dragapult\n|-resisted|p1a: Dragapult\n|-damage|p1a: Dragapult|85\/100\n|inactive|vandonick has 120 seconds left.\n|\n|t:|1700577059\n|switch|p2a: Gholdengo|Gholdengo|100\/100|[from] U-turn\n|\n|upkeep\n|turn|12\n|inactive|danz12 has 120 seconds left.\n|\n|t:|1700577083\n|switch|p2a: Goodra|Goodra, F|37\/100\n|move|p1a: Dragapult|Shadow Ball|p2a: Goodra\n|-damage|p2a: Goodra|20\/100\n|\n|upkeep\n|turn|13\n|\n|t:|1700577089\n|switch|p1a: Clodsire|Clodsire, M|90\/100\n|move|p2a: Goodra|Draco Meteor|p1a: Clodsire\n|-damage|p1a: Clodsire|62\/100\n|-unboost|p2a: Goodra|spa|2\n|\n|-heal|p1a: Clodsire|69\/100|[from] item: Black Sludge\n|upkeep\n|turn|14\n|\n|t:|1700577099\n|switch|p2a: Landorus|Landorus-Therian, M|63\/100\n|-ability|p2a: Landorus|Intimidate|boost\n|-unboost|p1a: Clodsire|atk|1\n|move|p1a: Clodsire|Stealth Rock|p2a: Landorus\n|-sidestart|p2: vandonick|move: Stealth Rock\n|\n|-heal|p2a: Landorus|70\/100|[from] item: Leftovers\n|-heal|p1a: Clodsire|75\/100|[from] item: Black Sludge\n|upkeep\n|turn|15\n|inactive|danz12 has 120 seconds left.\n|\n|t:|1700577115\n|switch|p1a: Dragapult|Dragapult, M|85\/100\n|move|p2a: Landorus|U-turn|p1a: Dragapult\n|-resisted|p1a: Dragapult\n|-damage|p1a: Dragapult|68\/100\n|\n|t:|1700577120\n|switch|p2a: Cinderace|Cinderace, F|77\/100|[from] U-turn\n|\n|upkeep\n|turn|16\n|\n|t:|1700577123\n|move|p1a: Dragapult|Draco Meteor|p2a: Cinderace\n|-damage|p2a: Cinderace|0 fnt\n|-unboost|p1a: Dragapult|spa|2\n|faint|p2a: Cinderace\n|\n|upkeep\n|\n|t:|1700577130\n|switch|p2a: Walking Wake|Walking Wake|100\/100\n|-damage|p2a: Walking Wake|88\/100|[from] Stealth Rock\n|turn|17\n|\n|t:|1700577152\n|switch|p1a: Clodsire|Clodsire, M|75\/100\n|-terastallize|p2a: Walking Wake|Water\n|move|p2a: Walking Wake|Sunny Day|p2a: Walking Wake\n|-weather|SunnyDay\n|-activate|p2a: Walking Wake|ability: Protosynthesis\n|-start|p2a: Walking Wake|protosynthesisspe\n|\n|-weather|SunnyDay|[upkeep]\n|-heal|p1a: Clodsire|81\/100|[from] item: Black Sludge\n|upkeep\n|turn|18\n|\n|t:|1700577156\n|move|p2a: Walking Wake|Hydro Steam|p1a: Clodsire\n|-heal|p1a: Clodsire|100\/100|[from] ability: Water Absorb|[of] p2a: Walking Wake\n|move|p1a: Clodsire|Toxic|p2a: Walking Wake\n|-status|p2a: Walking Wake|tox\n|\n|-weather|SunnyDay|[upkeep]\n|-damage|p2a: Walking Wake|82\/100 tox|[from] psn\n|upkeep\n|turn|19\n|\n|t:|1700577182\n|-end|p2a: Walking Wake|Protosynthesis|[silent]\n|switch|p2a: Landorus|Landorus-Therian, M|70\/100\n|-damage|p2a: Landorus|57\/100|[from] Stealth Rock\n|-ability|p2a: Landorus|Intimidate|boost\n|-unboost|p1a: Clodsire|atk|1\n|move|p1a: Clodsire|Earthquake|p2a: Landorus\n|-immune|p2a: Landorus\n|\n|-weather|SunnyDay|[upkeep]\n|-heal|p2a: Landorus|63\/100|[from] item: Leftovers\n|upkeep\n|turn|20\n|\n|t:|1700577188\n|move|p2a: Landorus|Earthquake|p1a: Clodsire\n|-supereffective|p1a: Clodsire\n|-damage|p1a: Clodsire|0 fnt\n|faint|p1a: Clodsire\n|\n|-weather|SunnyDay|[upkeep]\n|-heal|p2a: Landorus|70\/100|[from] item: Leftovers\n|upkeep\n|\n|t:|1700577190\n|switch|p1a: Dragapult|Dragapult, M|68\/100\n|turn|21\n|\n|t:|1700577197\n|move|p1a: Dragapult|Shadow Ball|p2a: Landorus\n|-damage|p2a: Landorus|15\/100\n|move|p2a: Landorus|U-turn|p1a: Dragapult\n|-resisted|p1a: Dragapult\n|-damage|p1a: Dragapult|52\/100\n|\n|t:|1700577202\n|switch|p2a: Gholdengo|Gholdengo|100\/100|[from] U-turn\n|-damage|p2a: Gholdengo|94\/100|[from] Stealth Rock\n|\n|-weather|none\n|upkeep\n|turn|22\n|\n|t:|1700577205\n|move|p1a: Dragapult|Shadow Ball|p2a: Gholdengo\n|-supereffective|p2a: Gholdengo\n|-damage|p2a: Gholdengo|0 fnt\n|faint|p2a: Gholdengo\n|\n|upkeep\n|\n|t:|1700577211\n|switch|p2a: Goodra|Goodra, F|20\/100\n|-damage|p2a: Goodra|7\/100|[from] Stealth Rock\n|turn|23\n|\n|t:|1700577214\n|move|p1a: Dragapult|Shadow Ball|p2a: Goodra\n|-damage|p2a: Goodra|0 fnt\n|faint|p2a: Goodra\n|\n|upkeep\n|\n|t:|1700577218\n|switch|p2a: Zapdos|Zapdos|41\/100\n|-damage|p2a: Zapdos|16\/100|[from] Stealth Rock\n|turn|24\n|-message|vandonick forfeited.\n|\n|win|danz12\n|raw|danz12's rating: 1167 &rarr; <strong>1197<\/strong><br \/>(+30 for winning)\n|raw|vandonick's rating: 1231 &rarr; <strong>1201<\/strong><br \/>(-30 for losing)\n|l|\u2606vandonick\n","uploadtime":1700577223,"views":1,"p1id":"danz12","p2id":"vandonick","formatid":"gen9ou","rating":1197,"private":0,"password":""}