{"id":"gen9ou-1994605477","p1":"Kill\/them pronoun","p2":"WhyDoIExist81","format":"[Gen 9] OU","log":"|j|\u2606Kill\/them pronoun\n|j|\u2606WhyDoIExist81\n|t:|1700468121\n|gametype|singles\n|player|p1|Kill\/them pronoun|volo|1053\n|player|p2|WhyDoIExist81|caitlin|1023\n|teamsize|p1|6\n|teamsize|p2|6\n|gen|9\n|tier|[Gen 9] OU\n|rated|\n|rule|Sleep Clause Mod: Limit one foe put to sleep\n|rule|Species Clause: Limit one of each Pok\u00e9mon\n|rule|OHKO Clause: OHKO moves are banned\n|rule|Evasion Items Clause: Evasion items are banned\n|rule|Evasion Moves Clause: Evasion moves are banned\n|rule|Endless Battle Clause: Forcing endless battles is banned\n|rule|HP Percentage Mod: HP is shown in percentages\n|clearpoke\n|poke|p1|Manaphy|\n|poke|p1|Grimmsnarl, M|\n|poke|p1|Iron Moth|\n|poke|p1|Ceruledge, F|\n|poke|p1|Iron Valiant|\n|poke|p1|Ogerpon-Wellspring, F|\n|poke|p2|Manaphy|\n|poke|p2|Ninetales-Alola, M|\n|poke|p2|Azelf|\n|poke|p2|Weavile, M|\n|poke|p2|Tyranitar, F|\n|poke|p2|Iron Treads|\n|teampreview\n|inactive|Battle timer is ON: inactive players will automatically lose when time's up. (requested by Kill\/them pronoun)\n|\n|t:|1700468134\n|start\n|switch|p1a: Annoying ass|Grimmsnarl, M|100\/100\n|switch|p2a: Azelf|Azelf, shiny|100\/100\n|turn|1\n|\n|t:|1700468140\n|move|p1a: Annoying ass|Reflect|p1a: Annoying ass\n|-sidestart|p1: Kill\/them pronoun|Reflect\n|move|p2a: Azelf|Taunt|p1a: Annoying ass\n|-start|p1a: Annoying ass|move: Taunt\n|\n|upkeep\n|turn|2\n|\n|t:|1700468146\n|switch|p1a: We\u2019re ceruback|Ceruledge, F|100\/100\n|move|p2a: Azelf|Stealth Rock|p1a: We\u2019re ceruback\n|-sidestart|p1: Kill\/them pronoun|move: Stealth Rock\n|\n|upkeep\n|turn|3\n|\n|t:|1700468160\n|move|p2a: Azelf|Knock Off|p1a: We\u2019re ceruback\n|-supereffective|p1a: We\u2019re ceruback\n|-damage|p1a: We\u2019re ceruback|56\/100\n|-ability|p1a: We\u2019re ceruback|Weak Armor|boost\n|-unboost|p1a: We\u2019re ceruback|def|1\n|-boost|p1a: We\u2019re ceruback|spe|2\n|-enditem|p1a: We\u2019re ceruback|Weakness Policy\n|-boost|p1a: We\u2019re ceruback|atk|2|[from] item: Weakness Policy\n|-boost|p1a: We\u2019re ceruback|spa|2|[from] item: Weakness Policy\n|move|p1a: We\u2019re ceruback|Poltergeist|p2a: Azelf\n|-activate|p2a: Azelf|move: Poltergeist|Focus Sash\n|-supereffective|p2a: Azelf\n|-enditem|p2a: Azelf|Focus Sash\n|-damage|p2a: Azelf|1\/100\n|\n|upkeep\n|turn|4\n|\n|t:|1700468173\n|move|p1a: We\u2019re ceruback|Shadow Sneak|p2a: Azelf\n|-supereffective|p2a: Azelf\n|-damage|p2a: Azelf|0 fnt\n|faint|p2a: Azelf\n|\n|upkeep\n|\n|t:|1700468181\n|switch|p2a: Ninetales|Ninetales-Alola, M, shiny|100\/100\n|-weather|Snow|[from] ability: Snow Warning|[of] p2a: Ninetales\n|turn|5\n|\n|t:|1700468187\n|move|p1a: We\u2019re ceruback|Bitter Blade|p2a: Ninetales\n|-supereffective|p2a: Ninetales\n|-damage|p2a: Ninetales|0 fnt\n|-heal|p1a: We\u2019re ceruback|100\/100|[from] drain|[of] p2a: Ninetales\n|faint|p2a: Ninetales\n|\n|-weather|Snow|[upkeep]\n|upkeep\n|-message|WhyDoIExist81 forfeited.\n|\n|win|Kill\/them pronoun\n|raw|Kill&#x2f;them pronoun's rating: 1053 &rarr; <strong>1082<\/strong><br \/>(+29 for winning)\n|raw|WhyDoIExist81's rating: 1023 &rarr; <strong>1011<\/strong><br \/>(-12 for losing)\n|l|\u2606WhyDoIExist81\n","uploadtime":1700468196,"views":15,"p1id":"killthempronoun","p2id":"whydoiexist81","formatid":"gen9ou","rating":1011,"private":0,"password":""}