{"id":"gen9ou-2000228440","p1":"PLLV52Kindy","p2":"Mr. Screw","format":"[Gen 9] OU","log":"|j|\u2606PLLV52Kindy\n|j|\u2606Mr. Screw\n|t:|1701174930\n|gametype|singles\n|player|p1|PLLV52Kindy|lillie-masters|1499\n|player|p2|Mr. Screw|evelyn|1381\n|teamsize|p1|6\n|teamsize|p2|6\n|gen|9\n|tier|[Gen 9] OU\n|rated|\n|rule|Sleep Clause Mod: Limit one foe put to sleep\n|rule|Species Clause: Limit one of each Pok\u00e9mon\n|rule|OHKO Clause: OHKO moves are banned\n|rule|Evasion Items Clause: Evasion items are banned\n|rule|Evasion Moves Clause: Evasion moves are banned\n|rule|Endless Battle Clause: Forcing endless battles is banned\n|rule|HP Percentage Mod: HP is shown in percentages\n|clearpoke\n|poke|p1|Enamorus, F|\n|poke|p1|Kingambit, F|\n|poke|p1|Ribombee, M|\n|poke|p1|Ogerpon-Wellspring, F|\n|poke|p1|Gholdengo|\n|poke|p1|Great Tusk|\n|poke|p2|Alomomola, F|\n|poke|p2|Blissey, F|\n|poke|p2|Clodsire, F|\n|poke|p2|Dondozo, M|\n|poke|p2|Weezing-Galar, M|\n|poke|p2|Talonflame, M|\n|teampreview\n|inactive|Battle timer is ON: inactive players will automatically lose when time's up. (requested by Mr. Screw)\n|\n|t:|1701174948\n|start\n|switch|p1a: Ribombee|Ribombee, M|100\/100\n|switch|p2a: Iron Dome|Weezing-Galar, M|100\/100\n|-ability|p2a: Iron Dome|Neutralizing Gas\n|turn|1\n|\n|t:|1701174955\n|move|p1a: Ribombee|Stun Spore|p2a: Iron Dome\n|-status|p2a: Iron Dome|par\n|cant|p2a: Iron Dome|par\n|\n|upkeep\n|turn|2\n|\n|t:|1701174965\n|switch|p1a: Gholdengo|Gholdengo|100\/100\n|-item|p1a: Gholdengo|Air Balloon\n|move|p2a: Iron Dome|Toxic|p1a: Gholdengo\n|-immune|p1a: Gholdengo\n|\n|upkeep\n|turn|3\n|\n|t:|1701174985\n|-end|p2a: Iron Dome|ability: Neutralizing Gas\n|switch|p2a: Good Mother|Blissey, F|100\/100\n|move|p1a: Gholdengo|Make It Rain|p2a: Good Mother\n|-damage|p2a: Good Mother|82\/100\n|-unboost|p1a: Gholdengo|spa|1\n|\n|upkeep\n|turn|4\n|\n|t:|1701174994\n|switch|p1a: Enamorus|Enamorus, F|100\/100\n|move|p2a: Good Mother|Stealth Rock|p1a: Enamorus\n|-sidestart|p1: PLLV52Kindy|move: Stealth Rock\n|\n|upkeep\n|turn|5\n|\n|t:|1701175002\n|switch|p2a: Lovely Heart|Alomomola, F|100\/100\n|move|p1a: Enamorus|Superpower|p2a: Lovely Heart\n|-damage|p2a: Lovely Heart|85\/100\n|-boost|p1a: Enamorus|atk|1\n|-boost|p1a: Enamorus|def|1\n|\n|upkeep\n|turn|6\n|\n|t:|1701175011\n|move|p1a: Enamorus|Substitute|p1a: Enamorus\n|-start|p1a: Enamorus|Substitute\n|-damage|p1a: Enamorus|76\/100\n|move|p2a: Lovely Heart|Wish|p2a: Lovely Heart\n|\n|-heal|p1a: Enamorus|82\/100|[from] item: Leftovers\n|upkeep\n|turn|7\n|\n|t:|1701175017\n|switch|p2a: Iron Wells|Dondozo, M|100\/100\n|move|p1a: Enamorus|Moonblast|p2a: Iron Wells\n|-damage|p2a: Iron Wells|52\/100\n|\n|-heal|p2a: Iron Wells|100\/100|[from] move: Wish|[wisher] Lovely Heart\n|-heal|p1a: Enamorus|88\/100|[from] item: Leftovers\n|upkeep\n|turn|8\n|\n|t:|1701175026\n|switch|p2a: Thorny Lump|Clodsire, F|100\/100\n|move|p1a: Enamorus|Moonblast|p2a: Thorny Lump\n|-resisted|p2a: Thorny Lump\n|-damage|p2a: Thorny Lump|87\/100\n|\n|-heal|p1a: Enamorus|94\/100|[from] item: Leftovers\n|upkeep\n|turn|9\n|\n|t:|1701175034\n|move|p1a: Enamorus|Earth Power|p2a: Thorny Lump\n|-supereffective|p2a: Thorny Lump\n|-damage|p2a: Thorny Lump|54\/100\n|move|p2a: Thorny Lump|Haze|p2a: Thorny Lump\n|-clearallboost\n|\n|-heal|p1a: Enamorus|100\/100|[from] item: Leftovers\n|upkeep\n|turn|10\n|\n|t:|1701175040\n|switch|p2a: Iron Flare|Talonflame, M|100\/100\n|move|p1a: Enamorus|Earth Power|p2a: Iron Flare\n|-immune|p2a: Iron Flare\n|\n|upkeep\n|turn|11\n|\n|t:|1701175046\n|move|p2a: Iron Flare|Flamethrower|p1a: Enamorus\n|-end|p1a: Enamorus|Substitute\n|move|p1a: Enamorus|Moonblast|p2a: Iron Flare\n|-resisted|p2a: Iron Flare\n|-damage|p2a: Iron Flare|68\/100\n|-unboost|p2a: Iron Flare|spa|1\n|\n|upkeep\n|turn|12\n|\n|t:|1701175059\n|switch|p1a: Ribombee|Ribombee, M|100\/100\n|-damage|p1a: Ribombee|76\/100|[from] Stealth Rock\n|move|p2a: Iron Flare|Will-O-Wisp|p1a: Ribombee\n|-status|p1a: Ribombee|brn\n|\n|-damage|p1a: Ribombee|69\/100 brn|[from] brn\n|upkeep\n|turn|13\n|\n|t:|1701175067\n|switch|p2a: Iron Dome|Weezing-Galar, M|100\/100 par\n|-ability|p2a: Iron Dome|Neutralizing Gas\n|move|p1a: Ribombee|Stun Spore|p2a: Iron Dome\n|-fail|p2a: Iron Dome|par\n|\n|-damage|p1a: Ribombee|63\/100 brn|[from] brn\n|upkeep\n|turn|14\n|\n|t:|1701175074\n|move|p1a: Ribombee|Sticky Web|p2a: Iron Dome\n|-sidestart|p2: Mr. Screw|move: Sticky Web\n|cant|p2a: Iron Dome|par\n|\n|-damage|p1a: Ribombee|57\/100 brn|[from] brn\n|upkeep\n|turn|15\n|\n|t:|1701175098\n|move|p1a: Ribombee|Psychic|p2a: Iron Dome\n|-supereffective|p2a: Iron Dome\n|-damage|p2a: Iron Dome|30\/100 par\n|move|p2a: Iron Dome|Toxic Spikes|p1a: Ribombee\n|-sidestart|p1: PLLV52Kindy|move: Toxic Spikes\n|\n|-heal|p2a: Iron Dome|36\/100 par|[from] item: Black Sludge\n|-damage|p1a: Ribombee|51\/100 brn|[from] brn\n|upkeep\n|turn|16\n|\n|t:|1701175107\n|switch|p1a: Enamorus|Enamorus, F|100\/100\n|-damage|p1a: Enamorus|76\/100|[from] Stealth Rock\n|-end|p2a: Iron Dome|ability: Neutralizing Gas\n|switch|p2a: Good Mother|Blissey, F|82\/100\n|\n|-heal|p1a: Enamorus|82\/100|[from] item: Leftovers\n|upkeep\n|turn|17\n|\n|t:|1701175116\n|move|p1a: Enamorus|Substitute|p1a: Enamorus\n|-start|p1a: Enamorus|Substitute\n|-damage|p1a: Enamorus|57\/100\n|move|p2a: Good Mother|Seismic Toss|p1a: Enamorus\n|-end|p1a: Enamorus|Substitute\n|\n|-heal|p1a: Enamorus|63\/100|[from] item: Leftovers\n|upkeep\n|turn|18\n|\n|t:|1701175122\n|switch|p2a: Thorny Lump|Clodsire, F|54\/100\n|move|p1a: Enamorus|Superpower|p2a: Thorny Lump\n|-resisted|p2a: Thorny Lump\n|-damage|p2a: Thorny Lump|37\/100\n|-boost|p1a: Enamorus|atk|1\n|-boost|p1a: Enamorus|def|1\n|\n|-heal|p1a: Enamorus|69\/100|[from] item: Leftovers\n|upkeep\n|turn|19\n|\n|t:|1701175131\n|-terastallize|p2a: Thorny Lump|Psychic\n|move|p1a: Enamorus|Substitute|p1a: Enamorus\n|-start|p1a: Enamorus|Substitute\n|-damage|p1a: Enamorus|44\/100\n|move|p2a: Thorny Lump|Recover|p2a: Thorny Lump\n|-heal|p2a: Thorny Lump|87\/100\n|\n|-heal|p1a: Enamorus|51\/100|[from] item: Leftovers\n|upkeep\n|turn|20\n|\n|t:|1701175144\n|move|p1a: Enamorus|Moonblast|p2a: Thorny Lump\n|-damage|p2a: Thorny Lump|62\/100\n|move|p2a: Thorny Lump|Haze|p2a: Thorny Lump\n|-clearallboost\n|\n|-heal|p1a: Enamorus|57\/100|[from] item: Leftovers\n|upkeep\n|turn|21\n|\n|t:|1701175164\n|switch|p2a: Iron Flare|Talonflame, M|68\/100\n|move|p1a: Enamorus|Moonblast|p2a: Iron Flare\n|-resisted|p2a: Iron Flare\n|-damage|p2a: Iron Flare|32\/100\n|\n|-heal|p1a: Enamorus|63\/100|[from] item: Leftovers\n|upkeep\n|turn|22\n|\n|t:|1701175178\n|move|p2a: Iron Flare|Roost|p2a: Iron Flare\n|-heal|p2a: Iron Flare|82\/100\n|-singleturn|p2a: Iron Flare|move: Roost\n|move|p1a: Enamorus|Moonblast|p2a: Iron Flare\n|-resisted|p2a: Iron Flare\n|-damage|p2a: Iron Flare|46\/100\n|-unboost|p2a: Iron Flare|spa|1\n|\n|-heal|p1a: Enamorus|69\/100|[from] item: Leftovers\n|upkeep\n|turn|23\n|\n|t:|1701175187\n|move|p2a: Iron Flare|Roost|p2a: Iron Flare\n|-heal|p2a: Iron Flare|96\/100\n|-singleturn|p2a: Iron Flare|move: Roost\n|move|p1a: Enamorus|Earth Power|p2a: Iron Flare\n|-supereffective|p2a: Iron Flare\n|-damage|p2a: Iron Flare|9\/100\n|\n|-heal|p1a: Enamorus|76\/100|[from] item: Leftovers\n|upkeep\n|turn|24\n|\n|t:|1701175197\n|switch|p2a: Good Mother|Blissey, F|82\/100\n|move|p1a: Enamorus|Moonblast|p2a: Good Mother\n|-damage|p2a: Good Mother|65\/100\n|\n|-heal|p1a: Enamorus|82\/100|[from] item: Leftovers\n|upkeep\n|turn|25\n|\n|t:|1701175203\n|move|p1a: Enamorus|Superpower|p2a: Good Mother\n|-supereffective|p2a: Good Mother\n|-damage|p2a: Good Mother|0 fnt\n|-boost|p1a: Enamorus|atk|1\n|-boost|p1a: Enamorus|def|1\n|faint|p2a: Good Mother\n|\n|-heal|p1a: Enamorus|88\/100|[from] item: Leftovers\n|upkeep\n|c|\u2606Mr. Screw|I tip my hat to you.\n|-message|Mr. Screw forfeited.\n|\n|win|PLLV52Kindy\n|raw|PLLV52Kindy's rating: 1499 &rarr; <strong>1512<\/strong><br \/>(+13 for winning)\n|raw|Mr. Screw's rating: 1381 &rarr; <strong>1368<\/strong><br \/>(-13 for losing)\n","uploadtime":1701175457,"views":2,"p1id":"pllv52kindy","p2id":"mrscrew","formatid":"gen9ou","rating":1368,"private":0,"password":""}