{"id":"gen9ou-1997634855","p1":"OUZO LA DUPLA","p2":"ooj2","format":"[Gen 9] OU","log":"|j|\u2606OUZO LA DUPLA\n|j|\u2606ooj2\n|t:|1700835698\n|gametype|singles\n|player|p1|OUZO LA DUPLA|teamrocket|1453\n|player|p2|ooj2|psychicf-gen4|1488\n|teamsize|p1|6\n|teamsize|p2|6\n|gen|9\n|tier|[Gen 9] OU\n|rated|\n|rule|Sleep Clause Mod: Limit one foe put to sleep\n|rule|Species Clause: Limit one of each Pok\u00e9mon\n|rule|OHKO Clause: OHKO moves are banned\n|rule|Evasion Items Clause: Evasion items are banned\n|rule|Evasion Moves Clause: Evasion moves are banned\n|rule|Endless Battle Clause: Forcing endless battles is banned\n|rule|HP Percentage Mod: HP is shown in percentages\n|clearpoke\n|poke|p1|Arcanine-Hisui, F|\n|poke|p1|Corviknight, F|\n|poke|p1|Greninja-*, M|\n|poke|p1|Slowking-Galar, F|\n|poke|p1|Landorus-Therian, M|\n|poke|p1|Conkeldurr, F|\n|poke|p2|Weezing-Galar, F|\n|poke|p2|Empoleon, M|\n|poke|p2|Zapdos|\n|poke|p2|Clefable, F|\n|poke|p2|Dragapult, F|\n|poke|p2|Samurott-Hisui, F|\n|teampreview\n|inactive|Battle timer is ON: inactive players will automatically lose when time's up. (requested by ooj2)\n|\n|t:|1700835726\n|start\n|switch|p1a: LANDITO|Landorus-Therian, M|100\/100\n|switch|p2a: Empoleon|Empoleon, M|100\/100\n|-ability|p1a: LANDITO|Intimidate|boost\n|-unboost|p2a: Empoleon|atk|1\n|-ability|p2a: Empoleon|Competitive|boost\n|-boost|p2a: Empoleon|spa|2\n|turn|1\n|\n|t:|1700835741\n|switch|p1a: KOLOKON|Slowking-Galar, F, shiny|100\/100\n|move|p2a: Empoleon|Surf|p1a: KOLOKON\n|-damage|p1a: KOLOKON|64\/100\n|\n|upkeep\n|turn|2\n|\n|t:|1700835747\n|move|p2a: Empoleon|Surf|p1a: KOLOKON\n|-damage|p1a: KOLOKON|27\/100\n|move|p1a: KOLOKON|Future Sight|p2a: Empoleon\n|-start|p1a: KOLOKON|move: Future Sight\n|\n|upkeep\n|turn|3\n|\n|t:|1700835751\n|switch|p1a: ANDONI CAGANDO|Conkeldurr, F, shiny|100\/100\n|move|p2a: Empoleon|Surf|p1a: ANDONI CAGANDO\n|-damage|p1a: ANDONI CAGANDO|46\/100\n|\n|upkeep\n|turn|4\n|\n|t:|1700835763\n|move|p2a: Empoleon|Surf|p1a: ANDONI CAGANDO\n|-damage|p1a: ANDONI CAGANDO|0 fnt\n|faint|p1a: ANDONI CAGANDO\n|\n|-end|p2a: Empoleon|move: Future Sight\n|-resisted|p2a: Empoleon\n|-damage|p2a: Empoleon|85\/100\n|upkeep\n|\n|t:|1700835772\n|switch|p1a: KABESINHO|Arcanine-Hisui, F, shiny|100\/100\n|turn|5\n|\n|t:|1700835779\n|move|p1a: KABESINHO|Flare Blitz|p2a: Empoleon\n|-crit|p2a: Empoleon\n|-damage|p2a: Empoleon|0 fnt\n|-damage|p1a: KABESINHO|84\/100|[from] item: Rocky Helmet|[of] p2a: Empoleon\n|faint|p2a: Empoleon\n|\n|upkeep\n|\n|t:|1700835786\n|switch|p2a: Samurott|Samurott-Hisui, F|100\/100\n|turn|6\n|\n|t:|1700835791\n|switch|p1a: PALESTINA LIBRE|Corviknight, F, shiny|100\/100\n|-ability|p1a: PALESTINA LIBRE|Pressure\n|move|p2a: Samurott|Ceaseless Edge|p1a: PALESTINA LIBRE\n|-damage|p1a: PALESTINA LIBRE|74\/100\n|-damage|p2a: Samurott|84\/100|[from] item: Rocky Helmet|[of] p1a: PALESTINA LIBRE\n|-sidestart|p1: OUZO LA DUPLA|Spikes\n|\n|upkeep\n|turn|7\n|\n|t:|1700835800\n|switch|p2a: Zapdos|Zapdos|100\/100\n|move|p1a: PALESTINA LIBRE|Defog|p2a: Zapdos\n|-unboost|p2a: Zapdos|evasion|1\n|-sideend|p1: OUZO LA DUPLA|Spikes|[from] move: Defog|[of] p1a: PALESTINA LIBRE\n|\n|upkeep\n|turn|8\n|\n|t:|1700835809\n|switch|p1a: KOLOKON|Slowking-Galar, F, shiny|60\/100\n|move|p2a: Zapdos|Hurricane|p1a: KOLOKON\n|-damage|p1a: KOLOKON|35\/100\n|\n|upkeep\n|turn|9\n|\n|t:|1700835815\n|move|p2a: Zapdos|Volt Switch|p1a: KOLOKON\n|-damage|p1a: KOLOKON|18\/100\n|\n|t:|1700835818\n|switch|p2a: Samurott|Samurott-Hisui, F|84\/100|[from] Volt Switch\n|move|p1a: KOLOKON|Chilly Reception|p1a: KOLOKON\n|-weather|Snow\n|\n|t:|1700835826\n|switch|p1a: LANDITO|Landorus-Therian, M|100\/100|[from] Chilly Reception\n|-ability|p1a: LANDITO|Intimidate|boost\n|-unboost|p2a: Samurott|atk|1\n|\n|-weather|Snow|[upkeep]\n|upkeep\n|turn|10\n|\n|t:|1700835832\n|switch|p1a: PALESTINA LIBRE|Corviknight, F, shiny|74\/100\n|-ability|p1a: PALESTINA LIBRE|Pressure\n|move|p2a: Samurott|Flip Turn|p1a: PALESTINA LIBRE\n|-damage|p1a: PALESTINA LIBRE|62\/100\n|-damage|p2a: Samurott|68\/100|[from] item: Rocky Helmet|[of] p1a: PALESTINA LIBRE\n|\n|t:|1700835844\n|switch|p2a: Clefable|Clefable, F|100\/100|[from] Flip Turn\n|\n|-weather|Snow|[upkeep]\n|upkeep\n|turn|11\n|\n|t:|1700835850\n|switch|p1a: LANDITO|Landorus-Therian, M|100\/100\n|-ability|p1a: LANDITO|Intimidate|boost\n|-unboost|p2a: Clefable|atk|1\n|move|p2a: Clefable|Calm Mind|p2a: Clefable\n|-boost|p2a: Clefable|spa|1\n|-boost|p2a: Clefable|spd|1\n|\n|-weather|Snow|[upkeep]\n|upkeep\n|turn|12\n|\n|t:|1700835857\n|move|p1a: LANDITO|Stealth Rock|p2a: Clefable\n|-sidestart|p2: ooj2|move: Stealth Rock\n|move|p2a: Clefable|Moonblast|p1a: LANDITO\n|-damage|p1a: LANDITO|37\/100\n|\n|-weather|Snow|[upkeep]\n|-heal|p1a: LANDITO|43\/100|[from] item: Leftovers\n|upkeep\n|turn|13\n|\n|t:|1700835864\n|move|p1a: LANDITO|U-turn|p2a: Clefable\n|-resisted|p2a: Clefable\n|-damage|p2a: Clefable|92\/100\n|\n|t:|1700835867\n|switch|p1a: KABESINHO|Arcanine-Hisui, F, shiny|84\/100|[from] U-turn\n|move|p2a: Clefable|Moonblast|p1a: KABESINHO\n|-resisted|p1a: KABESINHO\n|-damage|p1a: KABESINHO|49\/100\n|\n|-weather|none\n|-heal|p2a: Clefable|98\/100|[from] item: Leftovers\n|upkeep\n|turn|14\n|\n|t:|1700835892\n|move|p1a: KABESINHO|Flare Blitz|p2a: Clefable\n|-damage|p2a: Clefable|23\/100\n|move|p2a: Clefable|Moonblast|p1a: KABESINHO\n|-resisted|p1a: KABESINHO\n|-damage|p1a: KABESINHO|14\/100\n|\n|-heal|p2a: Clefable|29\/100|[from] item: Leftovers\n|upkeep\n|turn|15\n|\n|t:|1700835900\n|move|p1a: KABESINHO|Flare Blitz|p2a: Clefable\n|-damage|p2a: Clefable|0 fnt\n|faint|p2a: Clefable\n|\n|upkeep\n|\n|t:|1700835903\n|switch|p2a: Dragapult|Dragapult, F|100\/100\n|turn|16\n|\n|t:|1700835917\n|switch|p1a: KOLOKON|Slowking-Galar, F, shiny|51\/100\n|move|p2a: Dragapult|Dragon Dance|p2a: Dragapult\n|-boost|p2a: Dragapult|atk|1\n|-boost|p2a: Dragapult|spe|1\n|\n|upkeep\n|turn|17\n|\n|t:|1700835927\n|switch|p1a: LANDITO|Landorus-Therian, M|43\/100\n|-ability|p1a: LANDITO|Intimidate|boost\n|-unboost|p2a: Dragapult|atk|1\n|move|p2a: Dragapult|Dragon Darts|p1a: LANDITO\n|-damage|p1a: LANDITO|22\/100\n|-anim|p2a: Dragapult|Dragon Darts|p1a: LANDITO\n|-damage|p1a: LANDITO|3\/100\n|\n|-heal|p1a: LANDITO|9\/100|[from] item: Leftovers\n|upkeep\n|turn|18\n|\n|t:|1700835941\n|move|p2a: Dragapult|Dragon Darts|p1a: LANDITO\n|-damage|p1a: LANDITO|0 fnt\n|faint|p1a: LANDITO\n|\n|upkeep\n|\n|t:|1700835948\n|switch|p1a: PALESTINA LIBRE|Corviknight, F, shiny|62\/100\n|-ability|p1a: PALESTINA LIBRE|Pressure\n|turn|19\n|\n|t:|1700835960\n|move|p2a: Dragapult|Dragon Dance|p2a: Dragapult\n|-boost|p2a: Dragapult|atk|1\n|-boost|p2a: Dragapult|spe|1\n|move|p1a: PALESTINA LIBRE|Roost|p1a: PALESTINA LIBRE\n|-heal|p1a: PALESTINA LIBRE|100\/100\n|-singleturn|p1a: PALESTINA LIBRE|move: Roost\n|\n|upkeep\n|turn|20\n|\n|t:|1700835966\n|move|p2a: Dragapult|Dragon Dance|p2a: Dragapult\n|-boost|p2a: Dragapult|atk|1\n|-boost|p2a: Dragapult|spe|1\n|move|p1a: PALESTINA LIBRE|U-turn|p2a: Dragapult\n|-resisted|p2a: Dragapult\n|-damage|p2a: Dragapult|91\/100\n|\n|t:|1700835974\n|switch|p1a: EL SAPOTE|Greninja, M|100\/100|[from] U-turn\n|\n|upkeep\n|turn|21\n|\n|t:|1700835978\n|switch|p1a: PALESTINA LIBRE|Corviknight, F, shiny|100\/100\n|-ability|p1a: PALESTINA LIBRE|Pressure\n|move|p2a: Dragapult|Dragon Darts|p1a: PALESTINA LIBRE\n|-resisted|p1a: PALESTINA LIBRE\n|-damage|p1a: PALESTINA LIBRE|85\/100\n|-anim|p2a: Dragapult|Dragon Darts|p1a: PALESTINA LIBRE\n|-resisted|p1a: PALESTINA LIBRE\n|-crit|p1a: PALESTINA LIBRE\n|-damage|p1a: PALESTINA LIBRE|62\/100\n|\n|upkeep\n|turn|22\n|\n|t:|1700835988\n|move|p2a: Dragapult|Dragon Dance|p2a: Dragapult\n|-boost|p2a: Dragapult|atk|1\n|-boost|p2a: Dragapult|spe|1\n|move|p1a: PALESTINA LIBRE|U-turn|p2a: Dragapult\n|-resisted|p2a: Dragapult\n|-damage|p2a: Dragapult|82\/100\n|\n|t:|1700835996\n|switch|p1a: EL SAPOTE|Greninja, M|100\/100|[from] U-turn\n|\n|upkeep\n|turn|23\n|\n|t:|1700836001\n|switch|p1a: PALESTINA LIBRE|Corviknight, F, shiny|62\/100\n|-ability|p1a: PALESTINA LIBRE|Pressure\n|move|p2a: Dragapult|Dragon Darts|p1a: PALESTINA LIBRE\n|-resisted|p1a: PALESTINA LIBRE\n|-damage|p1a: PALESTINA LIBRE|41\/100\n|-anim|p2a: Dragapult|Dragon Darts|p1a: PALESTINA LIBRE\n|-resisted|p1a: PALESTINA LIBRE\n|-damage|p1a: PALESTINA LIBRE|20\/100\n|\n|upkeep\n|turn|24\n|\n|t:|1700836011\n|move|p2a: Dragapult|Dragon Darts|p1a: PALESTINA LIBRE\n|-resisted|p1a: PALESTINA LIBRE\n|-damage|p1a: PALESTINA LIBRE|0 fnt\n|faint|p1a: PALESTINA LIBRE\n|\n|upkeep\n|\n|t:|1700836015\n|switch|p1a: EL SAPOTE|Greninja, M|100\/100\n|turn|25\n|\n|t:|1700836019\n|move|p1a: EL SAPOTE|Water Shuriken|p2a: Dragapult\n|-resisted|p2a: Dragapult\n|-damage|p2a: Dragapult|76\/100\n|-resisted|p2a: Dragapult\n|-damage|p2a: Dragapult|69\/100\n|-hitcount|p2a: Dragapult|2\n|move|p2a: Dragapult|Dragon Darts|p1a: EL SAPOTE\n|-damage|p1a: EL SAPOTE|0 fnt\n|faint|p1a: EL SAPOTE\n|\n|upkeep\n|-message|OUZO LA DUPLA forfeited.\n|\n|win|ooj2\n|raw|OUZO LA DUPLA's rating: 1453 &rarr; <strong>1435<\/strong><br \/>(-18 for losing)\n|raw|ooj2's rating: 1488 &rarr; <strong>1506<\/strong><br \/>(+18 for winning)\n|l|\u2606OUZO LA DUPLA\n","uploadtime":1700836042,"views":6,"p1id":"ouzoladupla","p2id":"ooj2","formatid":"gen9ou","rating":1435,"private":0,"password":""}