{"id":"gen9ou-1997074590","p1":"Piando v","p2":"teszting","format":"[Gen 9] OU","log":"|j|\u2606Piando v\n|j|\u2606teszting\n|t:|1700761920\n|gametype|singles\n|player|p1|Piando v|hugh|1669\n|player|p2|teszting|acetrainersnowf|1726\n|teamsize|p1|6\n|teamsize|p2|6\n|gen|9\n|tier|[Gen 9] OU\n|rated|\n|rule|Sleep Clause Mod: Limit one foe put to sleep\n|rule|Species Clause: Limit one of each Pok\u00e9mon\n|rule|OHKO Clause: OHKO moves are banned\n|rule|Evasion Items Clause: Evasion items are banned\n|rule|Evasion Moves Clause: Evasion moves are banned\n|rule|Endless Battle Clause: Forcing endless battles is banned\n|rule|HP Percentage Mod: HP is shown in percentages\n|clearpoke\n|poke|p1|Yanmega, F|\n|poke|p1|Glimmora, F|\n|poke|p1|Volcanion|\n|poke|p1|Iron Valiant|\n|poke|p1|Dragapult, M|\n|poke|p1|Ogerpon-Cornerstone, F|\n|poke|p2|Great Tusk|\n|poke|p2|Tornadus-Therian, M|\n|poke|p2|Heatran, M|\n|poke|p2|Iron Valiant|\n|poke|p2|Samurott-Hisui, F|\n|poke|p2|Slowking-Galar, M|\n|teampreview\n|\n|t:|1700761941\n|start\n|switch|p1a: Glimmora|Glimmora, F|100\/100\n|switch|p2a: Great Tusk|Great Tusk|100\/100\n|turn|1\n|\n|t:|1700761951\n|move|p2a: Great Tusk|Stealth Rock|p1a: Glimmora\n|-sidestart|p1: Piando v|move: Stealth Rock\n|move|p1a: Glimmora|Mortal Spin|p2a: Great Tusk\n|-resisted|p2a: Great Tusk\n|-damage|p2a: Great Tusk|98\/100\n|-status|p2a: Great Tusk|psn\n|-sideend|p1: Piando v|Stealth Rock|[from] move: Mortal Spin|[of] p1a: Glimmora\n|\n|-damage|p2a: Great Tusk|86\/100 psn|[from] psn\n|upkeep\n|turn|2\n|\n|t:|1700761963\n|switch|p1a: Ogerpon|Ogerpon-Cornerstone, F|100\/100\n|move|p2a: Great Tusk|Stealth Rock|p1a: Ogerpon\n|-sidestart|p1: Piando v|move: Stealth Rock\n|\n|-damage|p2a: Great Tusk|74\/100 psn|[from] psn\n|upkeep\n|turn|3\n|\n|t:|1700761977\n|move|p1a: Ogerpon|Power Whip|p2a: Great Tusk\n|-supereffective|p2a: Great Tusk\n|-damage|p2a: Great Tusk|0 fnt\n|faint|p2a: Great Tusk\n|-end|p2a: Great Tusk|Protosynthesis|[silent]\n|\n|upkeep\n|\n|t:|1700761990\n|switch|p2a: Iron Valiant|Iron Valiant|100\/100\n|turn|4\n|\n|t:|1700761998\n|move|p2a: Iron Valiant|Close Combat|p1a: Ogerpon\n|-supereffective|p1a: Ogerpon\n|-ability|p1a: Ogerpon|Sturdy\n|-damage|p1a: Ogerpon|1\/100\n|-unboost|p2a: Iron Valiant|def|1\n|-unboost|p2a: Iron Valiant|spd|1\n|move|p1a: Ogerpon|Power Whip|p2a: Iron Valiant\n|-damage|p2a: Iron Valiant|0 fnt\n|faint|p2a: Iron Valiant\n|-end|p2a: Iron Valiant|Quark Drive|[silent]\n|\n|upkeep\n|\n|t:|1700762000\n|switch|p2a: Tornadus|Tornadus-Therian, M|100\/100\n|turn|5\n|\n|t:|1700762010\n|switch|p1a: Glimmora|Glimmora, F|100\/100\n|-damage|p1a: Glimmora|88\/100|[from] Stealth Rock\n|move|p2a: Tornadus|U-turn|p1a: Glimmora\n|-resisted|p1a: Glimmora\n|-damage|p1a: Glimmora|80\/100\n|-activate|p1a: Glimmora|ability: Toxic Debris\n|-sidestart|p2: teszting|move: Toxic Spikes\n|\n|t:|1700762019\n|switch|p2a: Samurott|Samurott-Hisui, F|100\/100|[from] U-turn\n|\n|upkeep\n|turn|6\n|\n|t:|1700762024\n|move|p1a: Glimmora|Mortal Spin|p2a: Samurott\n|-damage|p2a: Samurott|93\/100\n|-status|p2a: Samurott|psn\n|-sideend|p1: Piando v|Stealth Rock|[from] move: Mortal Spin|[of] p1a: Glimmora\n|move|p2a: Samurott|Razor Shell|p1a: Glimmora\n|-supereffective|p1a: Glimmora\n|-crit|p1a: Glimmora\n|-damage|p1a: Glimmora|0 fnt\n|-activate|p1a: Glimmora|ability: Toxic Debris\n|-sidestart|p2: teszting|move: Toxic Spikes\n|faint|p1a: Glimmora\n|\n|-damage|p2a: Samurott|80\/100 psn|[from] psn\n|upkeep\n|\n|t:|1700762039\n|switch|p1a: Yanmega|Yanmega, F|100\/100\n|turn|7\n|\n|t:|1700762046\n|switch|p2a: Tornadus|Tornadus-Therian, M|100\/100\n|move|p1a: Yanmega|Protect||[still]\n|-fail|p1a: Yanmega\n|\n|-ability|p1a: Yanmega|Speed Boost|boost\n|-boost|p1a: Yanmega|spe|1\n|upkeep\n|turn|8\n|\n|t:|1700762056\n|switch|p1a: Ogerpon|Ogerpon-Cornerstone, F|1\/100\n|move|p2a: Tornadus|Bleakwind Storm|p1a: Ogerpon\n|-damage|p1a: Ogerpon|0 fnt\n|faint|p1a: Ogerpon\n|\n|upkeep\n|\n|t:|1700762060\n|switch|p1a: Volcanion|Volcanion|100\/100\n|turn|9\n|\n|t:|1700762064\n|move|p2a: Tornadus|Knock Off|p1a: Volcanion\n|-damage|p1a: Volcanion|83\/100\n|-enditem|p1a: Volcanion|Heavy-Duty Boots|[from] move: Knock Off|[of] p2a: Tornadus\n|move|p1a: Volcanion|Earth Power|p2a: Tornadus\n|-immune|p2a: Tornadus\n|\n|upkeep\n|turn|10\n|\n|t:|1700762067\n|move|p2a: Tornadus|Bleakwind Storm|p1a: Volcanion\n|-damage|p1a: Volcanion|42\/100\n|move|p1a: Volcanion|Steam Eruption|p2a: Tornadus\n|-damage|p2a: Tornadus|58\/100\n|\n|upkeep\n|turn|11\n|\n|t:|1700762079\n|move|p2a: Tornadus|U-turn|p1a: Volcanion\n|-resisted|p1a: Volcanion\n|-damage|p1a: Volcanion|36\/100\n|\n|t:|1700762081\n|switch|p2a: Slowking|Slowking-Galar, M|100\/100|[from] U-turn\n|-sideend|p2: teszting|move: Toxic Spikes|[of] p2a: Slowking\n|move|p1a: Volcanion|Earth Power|p2a: Slowking\n|-supereffective|p2a: Slowking\n|-damage|p2a: Slowking|54\/100\n|\n|upkeep\n|turn|12\n|\n|t:|1700762086\n|switch|p2a: Tornadus|Tornadus-Therian, M|91\/100\n|move|p1a: Volcanion|Taunt|p2a: Tornadus\n|-start|p2a: Tornadus|move: Taunt\n|\n|upkeep\n|turn|13\n|\n|t:|1700762091\n|move|p2a: Tornadus|Bleakwind Storm|p1a: Volcanion\n|-damage|p1a: Volcanion|0 fnt\n|faint|p1a: Volcanion\n|\n|upkeep\n|\n|t:|1700762095\n|switch|p1a: Dragapult|Dragapult, M|100\/100\n|turn|14\n|\n|t:|1700762099\n|switch|p2a: Heatran|Heatran, M|100\/100\n|move|p1a: Dragapult|Dragon Darts|p2a: Heatran\n|-resisted|p2a: Heatran\n|-damage|p2a: Heatran|92\/100\n|-anim|p1a: Dragapult|Dragon Darts|p2a: Heatran\n|-resisted|p2a: Heatran\n|-damage|p2a: Heatran|83\/100\n|\n|-heal|p2a: Heatran|89\/100|[from] item: Leftovers\n|upkeep\n|turn|15\n|\n|t:|1700762103\n|move|p1a: Dragapult|Substitute|p1a: Dragapult\n|-start|p1a: Dragapult|Substitute\n|-damage|p1a: Dragapult|76\/100\n|move|p2a: Heatran|Magma Storm|p1a: Dragapult\n|-resisted|p1a: Dragapult\n|-end|p1a: Dragapult|Substitute\n|\n|-heal|p1a: Dragapult|82\/100|[from] item: Leftovers\n|-heal|p2a: Heatran|96\/100|[from] item: Leftovers\n|upkeep\n|turn|16\n|\n|t:|1700762107\n|move|p1a: Dragapult|Hex|p2a: Heatran\n|-damage|p2a: Heatran|79\/100\n|move|p2a: Heatran|Earth Power|p1a: Dragapult\n|-damage|p1a: Dragapult|49\/100\n|\n|-heal|p1a: Dragapult|55\/100|[from] item: Leftovers\n|-heal|p2a: Heatran|85\/100|[from] item: Leftovers\n|upkeep\n|turn|17\n|\n|t:|1700762114\n|move|p1a: Dragapult|Hex|p2a: Heatran\n|-damage|p2a: Heatran|69\/100\n|move|p2a: Heatran|Earth Power|p1a: Dragapult\n|-damage|p1a: Dragapult|18\/100\n|\n|-heal|p1a: Dragapult|24\/100|[from] item: Leftovers\n|-heal|p2a: Heatran|75\/100|[from] item: Leftovers\n|upkeep\n|turn|18\n|\n|t:|1700762116\n|move|p1a: Dragapult|Hex|p2a: Heatran\n|-damage|p2a: Heatran|59\/100\n|move|p2a: Heatran|Earth Power|p1a: Dragapult\n|-damage|p1a: Dragapult|0 fnt\n|faint|p1a: Dragapult\n|\n|-heal|p2a: Heatran|66\/100|[from] item: Leftovers\n|upkeep\n|\n|t:|1700762119\n|switch|p1a: Yanmega|Yanmega, F|100\/100\n|turn|19\n|\n|t:|1700762130\n|switch|p2a: Tornadus|Tornadus-Therian, M|100\/100\n|move|p1a: Yanmega|Protect||[still]\n|-fail|p1a: Yanmega\n|\n|-ability|p1a: Yanmega|Speed Boost|boost\n|-boost|p1a: Yanmega|spe|1\n|upkeep\n|turn|20\n|\n|t:|1700762136\n|move|p1a: Yanmega|Air Slash|p2a: Tornadus\n|-damage|p2a: Tornadus|72\/100\n|cant|p2a: Tornadus|flinch\n|\n|-ability|p1a: Yanmega|Speed Boost|boost\n|-boost|p1a: Yanmega|spe|1\n|upkeep\n|turn|21\n|\n|t:|1700762141\n|move|p1a: Yanmega|Air Slash|p2a: Tornadus\n|-damage|p2a: Tornadus|47\/100\n|move|p2a: Tornadus|Bleakwind Storm|p1a: Yanmega|[miss]\n|-miss|p2a: Tornadus|p1a: Yanmega\n|\n|-ability|p1a: Yanmega|Speed Boost|boost\n|-boost|p1a: Yanmega|spe|1\n|upkeep\n|turn|22\n|\n|t:|1700762145\n|-terastallize|p1a: Yanmega|Ground\n|move|p1a: Yanmega|Air Slash|p2a: Tornadus\n|-damage|p2a: Tornadus|20\/100\n|move|p2a: Tornadus|Bleakwind Storm|p1a: Yanmega\n|-damage|p1a: Yanmega|37\/100\n|\n|-ability|p1a: Yanmega|Speed Boost|boost\n|-boost|p1a: Yanmega|spe|1\n|upkeep\n|turn|23\n|\n|t:|1700762155\n|switch|p2a: Heatran|Heatran, M|66\/100\n|move|p1a: Yanmega|Bug Buzz|p2a: Heatran\n|-resisted|p2a: Heatran\n|-damage|p2a: Heatran|59\/100\n|-enditem|p1a: Yanmega|Throat Spray\n|-boost|p1a: Yanmega|spa|1|[from] item: Throat Spray\n|\n|-heal|p2a: Heatran|65\/100|[from] item: Leftovers\n|-ability|p1a: Yanmega|Speed Boost|boost\n|-boost|p1a: Yanmega|spe|1\n|upkeep\n|turn|24\n|\n|t:|1700762163\n|-terastallize|p2a: Heatran|Grass\n|move|p1a: Yanmega|Tera Blast|p2a: Heatran|[anim] Tera Blast Ground\n|-resisted|p2a: Heatran\n|-damage|p2a: Heatran|45\/100\n|move|p2a: Heatran|Earth Power|p1a: Yanmega\n|-damage|p1a: Yanmega|0 fnt\n|faint|p1a: Yanmega\n|\n|-heal|p2a: Heatran|51\/100|[from] item: Leftovers\n|upkeep\n|\n|t:|1700762167\n|switch|p1a: Iron Valiant|Iron Valiant|100\/100\n|-enditem|p1a: Iron Valiant|Booster Energy\n|-activate|p1a: Iron Valiant|ability: Quark Drive|[fromitem]\n|-start|p1a: Iron Valiant|quarkdrivespe\n|turn|25\n|\n|t:|1700762172\n|move|p1a: Iron Valiant|Encore|p2a: Heatran\n|-start|p2a: Heatran|Encore\n|move|p2a: Heatran|Earth Power|p1a: Iron Valiant\n|-crit|p1a: Iron Valiant\n|-damage|p1a: Iron Valiant|35\/100\n|\n|-heal|p2a: Heatran|57\/100|[from] item: Leftovers\n|upkeep\n|turn|26\n|\n|t:|1700762176\n|move|p1a: Iron Valiant|Moonblast|p2a: Heatran\n|-damage|p2a: Heatran|26\/100\n|move|p2a: Heatran|Earth Power|p1a: Iron Valiant\n|-damage|p1a: Iron Valiant|0 fnt\n|faint|p1a: Iron Valiant\n|-end|p1a: Iron Valiant|Quark Drive|[silent]\n|\n|win|teszting\n|raw|Piando v's rating: 1669 &rarr; <strong>1652<\/strong><br \/>(-17 for losing)\n|raw|teszting's rating: 1726 &rarr; <strong>1743<\/strong><br \/>(+17 for winning)\n|l|\u2606Piando v\n","uploadtime":1700762181,"views":13,"p1id":"piandov","p2id":"teszting","formatid":"gen9ou","rating":1652,"private":0,"password":""}