{"id":"gen9ou-1991864569","p1":"iouhihi0","p2":"LOOPJ21","format":"[Gen 9] OU","log":"|j|\u2606iouhihi0\n|j|\u2606LOOPJ21\n|t:|1700130471\n|gametype|singles\n|player|p1|iouhihi0|ingo|1000\n|player|p2|LOOPJ21|riley|1049\n|teamsize|p1|6\n|teamsize|p2|6\n|gen|9\n|tier|[Gen 9] OU\n|rated|\n|rule|Sleep Clause Mod: Limit one foe put to sleep\n|rule|Species Clause: Limit one of each Pok\u00e9mon\n|rule|OHKO Clause: OHKO moves are banned\n|rule|Evasion Items Clause: Evasion items are banned\n|rule|Evasion Moves Clause: Evasion moves are banned\n|rule|Endless Battle Clause: Forcing endless battles is banned\n|rule|HP Percentage Mod: HP is shown in percentages\n|clearpoke\n|poke|p1|Ogerpon-Wellspring, F|\n|poke|p1|Rillaboom, F|\n|poke|p1|Sneasler, F|\n|poke|p1|Kingambit, F|\n|poke|p1|Great Tusk|\n|poke|p1|Dragapult, M|\n|poke|p2|Conkeldurr, M|\n|poke|p2|Zapdos|\n|poke|p2|Iron Valiant|\n|poke|p2|Glimmora, F|\n|poke|p2|Cinderace, M|\n|poke|p2|Weavile, F|\n|teampreview\n|\n|t:|1700130483\n|start\n|switch|p1a: Rillaboom|Rillaboom, F|100\/100\n|switch|p2a: Glimmora|Glimmora, F|100\/100\n|-fieldstart|move: Grassy Terrain|[from] ability: Grassy Surge|[of] p1a: Rillaboom\n|turn|1\n|\n|t:|1700130495\n|move|p2a: Glimmora|Stealth Rock|p1a: Rillaboom\n|-sidestart|p1: iouhihi0|move: Stealth Rock\n|move|p1a: Rillaboom|U-turn|p2a: Glimmora\n|-resisted|p2a: Glimmora\n|-damage|p2a: Glimmora|82\/100\n|-activate|p2a: Glimmora|ability: Toxic Debris\n|-sidestart|p1: iouhihi0|move: Toxic Spikes\n|\n|t:|1700130498\n|switch|p1a: Great Tusk|Great Tusk|100\/100|[from] U-turn\n|\n|-heal|p2a: Glimmora|88\/100|[from] Grassy Terrain\n|-heal|p2a: Glimmora|94\/100|[from] item: Black Sludge\n|upkeep\n|turn|2\n|\n|t:|1700130515\n|switch|p2a: Zapdos|Zapdos|100\/100\n|move|p1a: Great Tusk|Headlong Rush|p2a: Zapdos\n|-immune|p2a: Zapdos\n|\n|upkeep\n|turn|3\n|\n|t:|1700130556\n|switch|p2a: Cinderace|Cinderace, M|100\/100\n|move|p1a: Great Tusk|Rapid Spin|p2a: Cinderace\n|-damage|p2a: Cinderace|75\/100\n|-boost|p1a: Great Tusk|spe|1\n|-sideend|p1: iouhihi0|Toxic Spikes|[from] move: Rapid Spin|[of] p1a: Great Tusk\n|-sideend|p1: iouhihi0|Stealth Rock|[from] move: Rapid Spin|[of] p1a: Great Tusk\n|\n|-heal|p2a: Cinderace|81\/100|[from] Grassy Terrain\n|upkeep\n|turn|4\n|\n|t:|1700130572\n|move|p1a: Great Tusk|Headlong Rush|p2a: Cinderace\n|-supereffective|p2a: Cinderace\n|-crit|p2a: Cinderace\n|-damage|p2a: Cinderace|0 fnt\n|-unboost|p1a: Great Tusk|def|1\n|-unboost|p1a: Great Tusk|spd|1\n|faint|p2a: Cinderace\n|\n|upkeep\n|\n|t:|1700130585\n|switch|p2a: Conkeldurr|Conkeldurr, M|100\/100\n|turn|5\n|\n|t:|1700130633\n|-end|p1a: Great Tusk|Protosynthesis|[silent]\n|switch|p1a: Dragapult|Dragapult, M|100\/100\n|move|p2a: Conkeldurr|Ice Punch|p1a: Dragapult\n|-supereffective|p1a: Dragapult\n|-damage|p1a: Dragapult|19\/100\n|\n|-heal|p1a: Dragapult|25\/100|[from] Grassy Terrain\n|-fieldend|move: Grassy Terrain\n|upkeep\n|turn|6\n|\n|t:|1700130643\n|move|p1a: Dragapult|Draco Meteor|p2a: Conkeldurr\n|-damage|p2a: Conkeldurr|46\/100\n|-unboost|p1a: Dragapult|spa|2\n|move|p2a: Conkeldurr|Ice Punch|p1a: Dragapult\n|-supereffective|p1a: Dragapult\n|-damage|p1a: Dragapult|0 fnt\n|faint|p1a: Dragapult\n|\n|upkeep\n|\n|t:|1700130655\n|switch|p1a: Rillaboom|Rillaboom, F|100\/100\n|-fieldstart|move: Grassy Terrain|[from] ability: Grassy Surge|[of] p1a: Rillaboom\n|turn|7\n|\n|t:|1700130660\n|move|p1a: Rillaboom|U-turn|p2a: Conkeldurr\n|-resisted|p2a: Conkeldurr\n|-damage|p2a: Conkeldurr|28\/100\n|\n|t:|1700130663\n|switch|p1a: Sneasler|Sneasler, F|100\/100|[from] U-turn\n|-ability|p1a: Sneasler|Pressure\n|-enditem|p1a: Sneasler|Grassy Seed\n|-boost|p1a: Sneasler|def|1|[from] item: Grassy Seed\n|move|p2a: Conkeldurr|Ice Punch|p1a: Sneasler\n|-damage|p1a: Sneasler|64\/100\n|\n|-heal|p1a: Sneasler|70\/100|[from] Grassy Terrain\n|-heal|p2a: Conkeldurr|34\/100|[from] Grassy Terrain\n|upkeep\n|turn|8\n|\n|t:|1700130677\n|-terastallize|p2a: Conkeldurr|Ground\n|move|p1a: Sneasler|Acrobatics|p2a: Conkeldurr\n|-damage|p2a: Conkeldurr|0 fnt\n|faint|p2a: Conkeldurr\n|\n|-heal|p1a: Sneasler|76\/100|[from] Grassy Terrain\n|upkeep\n|\n|t:|1700130692\n|switch|p2a: Iron Valiant|Iron Valiant, shiny|100\/100\n|-enditem|p2a: Iron Valiant|Booster Energy\n|-activate|p2a: Iron Valiant|ability: Quark Drive|[fromitem]\n|-start|p2a: Iron Valiant|quarkdrivespe\n|turn|9\n|\n|t:|1700130718\n|move|p2a: Iron Valiant|Psychic|p1a: Sneasler\n|-supereffective|p1a: Sneasler\n|-damage|p1a: Sneasler|0 fnt\n|faint|p1a: Sneasler\n|\n|upkeep\n|\n|t:|1700130721\n|switch|p1a: Kingambit|Kingambit, F|100\/100\n|-activate|p1a: Kingambit|ability: Supreme Overlord\n|-start|p1a: Kingambit|fallen2|[silent]\n|turn|10\n|\n|t:|1700130727\n|move|p2a: Iron Valiant|Aura Sphere|p1a: Kingambit\n|-supereffective|p1a: Kingambit\n|-damage|p1a: Kingambit|0 fnt\n|faint|p1a: Kingambit\n|-end|p1a: Kingambit|fallen2|[silent]\n|\n|upkeep\n|\n|t:|1700130733\n|switch|p1a: Rillaboom|Rillaboom, F|100\/100\n|turn|11\n|\n|t:|1700130739\n|-end|p2a: Iron Valiant|Quark Drive|[silent]\n|switch|p2a: Glimmora|Glimmora, F|94\/100\n|move|p1a: Rillaboom|Grassy Glide|p2a: Glimmora\n|-damage|p2a: Glimmora|35\/100\n|-activate|p2a: Glimmora|ability: Toxic Debris\n|-sidestart|p1: iouhihi0|move: Toxic Spikes\n|\n|-heal|p2a: Glimmora|42\/100|[from] Grassy Terrain\n|-heal|p2a: Glimmora|48\/100|[from] item: Black Sludge\n|-fieldend|move: Grassy Terrain\n|upkeep\n|turn|12\n|inactive|Battle timer is ON: inactive players will automatically lose when time's up. (requested by LOOPJ21)\n|inactive|iouhihi0 has 120 seconds left.\n|\n|t:|1700130862\n|move|p2a: Glimmora|Stealth Rock|p1a: Rillaboom\n|-sidestart|p1: iouhihi0|move: Stealth Rock\n|move|p1a: Rillaboom|Grassy Glide|p2a: Glimmora\n|-damage|p2a: Glimmora|4\/100\n|-activate|p2a: Glimmora|ability: Toxic Debris\n|-sidestart|p1: iouhihi0|move: Toxic Spikes\n|\n|-heal|p2a: Glimmora|10\/100|[from] item: Black Sludge\n|upkeep\n|turn|13\n|\n|t:|1700130887\n|switch|p1a: Great Tusk|Great Tusk|100\/100\n|move|p2a: Glimmora|Mortal Spin|p1a: Great Tusk\n|-resisted|p1a: Great Tusk\n|-damage|p1a: Great Tusk|98\/100\n|-status|p1a: Great Tusk|psn\n|\n|-heal|p2a: Glimmora|16\/100|[from] item: Black Sludge\n|-damage|p1a: Great Tusk|86\/100 psn|[from] psn\n|upkeep\n|turn|14\n|inactive|iouhihi0 has 120 seconds left.\n|inactive|iouhihi0 has 90 seconds left.\n|\n|t:|1700130971\n|move|p1a: Great Tusk|Rapid Spin|p2a: Glimmora\n|-resisted|p2a: Glimmora\n|-damage|p2a: Glimmora|7\/100\n|-boost|p1a: Great Tusk|spe|1\n|-sideend|p1: iouhihi0|Toxic Spikes|[from] move: Rapid Spin|[of] p1a: Great Tusk\n|-sideend|p1: iouhihi0|Stealth Rock|[from] move: Rapid Spin|[of] p1a: Great Tusk\n|move|p2a: Glimmora|Sludge Bomb|p1a: Great Tusk\n|-resisted|p1a: Great Tusk\n|-damage|p1a: Great Tusk|56\/100 psn\n|\n|-heal|p2a: Glimmora|13\/100|[from] item: Black Sludge\n|-damage|p1a: Great Tusk|44\/100 psn|[from] psn\n|upkeep\n|turn|15\n|\n|t:|1700130984\n|move|p1a: Great Tusk|Knock Off|p2a: Glimmora\n|-damage|p2a: Glimmora|0 fnt\n|-activate|p2a: Glimmora|ability: Toxic Debris\n|-sidestart|p1: iouhihi0|move: Toxic Spikes\n|-enditem|p2a: Glimmora|Black Sludge|[from] move: Knock Off|[of] p1a: Great Tusk\n|faint|p2a: Glimmora\n|\n|-damage|p1a: Great Tusk|31\/100 psn|[from] psn\n|upkeep\n|\n|t:|1700130993\n|switch|p2a: Weavile|Weavile, F|100\/100\n|-ability|p2a: Weavile|Pressure\n|turn|16\n|\n|t:|1700131001\n|move|p2a: Weavile|Ice Shard|p1a: Great Tusk\n|-supereffective|p1a: Great Tusk\n|-damage|p1a: Great Tusk|0 fnt\n|faint|p1a: Great Tusk\n|-end|p1a: Great Tusk|Protosynthesis|[silent]\n|\n|upkeep\n|inactive|iouhihi0 has 90 seconds left.\n|\n|t:|1700131009\n|switch|p1a: Ogerpon|Ogerpon-Wellspring, F|100\/100\n|-status|p1a: Ogerpon|psn\n|turn|17\n|\n|t:|1700131014\n|switch|p2a: Zapdos|Zapdos|100\/100\n|-terastallize|p1a: Ogerpon|Water\n|detailschange|p1a: Ogerpon|Ogerpon-Wellspring-Tera, F, tera:Water\n|-ability|p1a: Ogerpon|Embody Aspect (Wellspring)|boost\n|-boost|p1a: Ogerpon|spd|1\n|move|p1a: Ogerpon|Ivy Cudgel|p2a: Zapdos|[anim] Ivy Cudgel Water\n|-damage|p2a: Zapdos|33\/100\n|\n|-heal|p2a: Zapdos|40\/100|[from] item: Leftovers\n|-damage|p1a: Ogerpon|88\/100 psn|[from] psn\n|upkeep\n|turn|18\n|\n|t:|1700131028\n|move|p1a: Ogerpon|Ivy Cudgel|p2a: Zapdos|[anim] Ivy Cudgel Water\n|-crit|p2a: Zapdos\n|-damage|p2a: Zapdos|0 fnt\n|faint|p2a: Zapdos\n|\n|-damage|p1a: Ogerpon|76\/100 psn|[from] psn\n|upkeep\n|\n|t:|1700131036\n|switch|p2a: Iron Valiant|Iron Valiant, shiny|100\/100\n|turn|19\n|\n|t:|1700131050\n|move|p2a: Iron Valiant|Moonblast|p1a: Ogerpon\n|-damage|p1a: Ogerpon|38\/100 psn\n|move|p1a: Ogerpon|Horn Leech|p2a: Iron Valiant\n|-damage|p2a: Iron Valiant|47\/100\n|-heal|p1a: Ogerpon|64\/100 psn|[from] drain|[of] p2a: Iron Valiant\n|\n|-damage|p1a: Ogerpon|52\/100 psn|[from] psn\n|upkeep\n|turn|20\n|\n|t:|1700131061\n|move|p2a: Iron Valiant|Moonblast|p1a: Ogerpon\n|-damage|p1a: Ogerpon|12\/100 psn\n|move|p1a: Ogerpon|Horn Leech|p2a: Iron Valiant\n|-damage|p2a: Iron Valiant|0 fnt\n|-heal|p1a: Ogerpon|34\/100 psn|[from] drain|[of] p2a: Iron Valiant\n|faint|p2a: Iron Valiant\n|-end|p2a: Iron Valiant|Quark Drive|[silent]\n|\n|-damage|p1a: Ogerpon|22\/100 psn|[from] psn\n|upkeep\n|\n|t:|1700131072\n|switch|p2a: Weavile|Weavile, F|100\/100\n|-ability|p2a: Weavile|Pressure\n|turn|21\n|\n|t:|1700131077\n|move|p2a: Weavile|Ice Spinner|p1a: Ogerpon\n|-resisted|p1a: Ogerpon\n|-damage|p1a: Ogerpon|0 fnt\n|faint|p1a: Ogerpon\n|\n|upkeep\n|\n|t:|1700131080\n|switch|p1a: Rillaboom|Rillaboom, F|100\/100\n|-status|p1a: Rillaboom|psn\n|-fieldstart|move: Grassy Terrain|[from] ability: Grassy Surge|[of] p1a: Rillaboom\n|turn|22\n|\n|t:|1700131087\n|move|p1a: Rillaboom|Grassy Glide|p2a: Weavile\n|-damage|p2a: Weavile|9\/100\n|move|p2a: Weavile|Ice Spinner|p1a: Rillaboom\n|-supereffective|p1a: Rillaboom\n|-damage|p1a: Rillaboom|0 fnt\n|-fieldend|move: Grassy Terrain\n|faint|p1a: Rillaboom\n|\n|win|LOOPJ21\n|raw|iouhihi0's rating: 1000 &rarr; <strong>1000<\/strong><br \/>(+0 for losing)\n|raw|LOOPJ21's rating: 1049 &rarr; <strong>1077<\/strong><br \/>(+28 for winning)\n|l|\u2606iouhihi0\n|l|\u2606LOOPJ21\n|j|\u2606LOOPJ21\n|player|p2|LOOPJ21|riley\n","uploadtime":1700131133,"views":16,"p1id":"iouhihi0","p2id":"loopj21","formatid":"gen9ou","rating":1000,"private":0,"password":""}