{"id":"gen9ou-1988805089","p1":"punkmag","p2":"tesoteuber","format":"[Gen 9] OU","log":"|j|\u2606punkmag\n|j|\u2606tesoteuber\n|t:|1699765662\n|gametype|singles\n|player|p1|punkmag|waitress-gen4|1233\n|player|p2|tesoteuber|170|1242\n|teamsize|p1|6\n|teamsize|p2|6\n|gen|9\n|tier|[Gen 9] OU\n|rated|\n|rule|Sleep Clause Mod: Limit one foe put to sleep\n|rule|Species Clause: Limit one of each Pok\u00e9mon\n|rule|OHKO Clause: OHKO moves are banned\n|rule|Evasion Items Clause: Evasion items are banned\n|rule|Evasion Moves Clause: Evasion moves are banned\n|rule|Endless Battle Clause: Forcing endless battles is banned\n|rule|HP Percentage Mod: HP is shown in percentages\n|clearpoke\n|poke|p1|Hatterene, F|\n|poke|p1|Samurott-Hisui, M|\n|poke|p1|Zapdos|\n|poke|p1|Great Tusk|\n|poke|p1|Maushold|\n|poke|p1|Tinkaton, F|\n|poke|p2|Dondozo, F|\n|poke|p2|Dudunsparce-*, F|\n|poke|p2|Meowscarada, M|\n|poke|p2|Sylveon, F|\n|poke|p2|Kilowattrel, M|\n|poke|p2|Mamoswine, F|\n|teampreview\n|inactive|Battle timer is ON: inactive players will automatically lose when time's up. (requested by punkmag)\n|\n|t:|1699765677\n|start\n|switch|p1a: Tinkaton|Tinkaton, F|100\/100\n|switch|p2a: Kilowattrel|Kilowattrel, M|100\/100\n|-ability|p1a: Tinkaton|Mold Breaker\n|turn|1\n|\n|t:|1699765686\n|move|p2a: Kilowattrel|Volt Switch|p1a: Tinkaton\n|-damage|p1a: Tinkaton|58\/100\n|\n|t:|1699765691\n|switch|p2a: Dondozo|Dondozo, F|100\/100|[from] Volt Switch\n|move|p1a: Tinkaton|Knock Off|p2a: Dondozo\n|-damage|p2a: Dondozo|93\/100\n|-damage|p1a: Tinkaton|41\/100|[from] item: Rocky Helmet|[of] p2a: Dondozo\n|-enditem|p2a: Dondozo|Rocky Helmet|[from] move: Knock Off|[of] p1a: Tinkaton\n|\n|-heal|p1a: Tinkaton|47\/100|[from] item: Leftovers\n|upkeep\n|turn|2\n|\n|t:|1699765720\n|switch|p1a: Zapdos|Zapdos|100\/100\n|move|p2a: Dondozo|Liquidation|p1a: Zapdos\n|-damage|p1a: Zapdos|73\/100\n|\n|upkeep\n|turn|3\n|\n|t:|1699765729\n|switch|p2a: Kilowattrel|Kilowattrel, M|100\/100\n|move|p1a: Zapdos|U-turn|p2a: Kilowattrel\n|-resisted|p2a: Kilowattrel\n|-damage|p2a: Kilowattrel|89\/100\n|inactive|punkmag has 120 seconds left.\n|\n|t:|1699765756\n|switch|p1a: Hatterene|Hatterene, F|100\/100|[from] U-turn\n|\n|upkeep\n|turn|4\n|\n|t:|1699765762\n|move|p2a: Kilowattrel|Volt Switch|p1a: Hatterene\n|-damage|p1a: Hatterene|50\/100\n|\n|t:|1699765771\n|switch|p2a: Sylveon|Sylveon, F|100\/100|[from] Volt Switch\n|move|p1a: Hatterene|Draining Kiss|p2a: Sylveon\n|-damage|p2a: Sylveon|93\/100\n|-heal|p1a: Hatterene|57\/100|[from] drain|[of] p2a: Sylveon\n|\n|-heal|p1a: Hatterene|63\/100|[from] item: Leftovers\n|upkeep\n|turn|5\n|inactive|punkmag has 120 seconds left.\n|\n|t:|1699765783\n|move|p2a: Sylveon|Shadow Ball|p1a: Hatterene\n|-supereffective|p1a: Hatterene\n|-damage|p1a: Hatterene|25\/100\n|move|p1a: Hatterene|Mystical Fire|p2a: Sylveon\n|-damage|p2a: Sylveon|86\/100\n|-unboost|p2a: Sylveon|spa|1\n|\n|-heal|p1a: Hatterene|31\/100|[from] item: Leftovers\n|upkeep\n|turn|6\n|inactive|punkmag has 120 seconds left.\n|\n|t:|1699765798\n|move|p2a: Sylveon|Shadow Ball|p1a: Hatterene\n|-supereffective|p1a: Hatterene\n|-damage|p1a: Hatterene|5\/100\n|move|p1a: Hatterene|Mystical Fire|p2a: Sylveon\n|-damage|p2a: Sylveon|78\/100\n|-unboost|p2a: Sylveon|spa|1\n|\n|-heal|p1a: Hatterene|11\/100|[from] item: Leftovers\n|upkeep\n|turn|7\n|inactive|punkmag has 120 seconds left.\n|\n|t:|1699765827\n|switch|p1a: Tinkaton|Tinkaton, F|47\/100\n|-ability|p1a: Tinkaton|Mold Breaker\n|move|p2a: Sylveon|Shadow Ball|p1a: Tinkaton\n|-damage|p1a: Tinkaton|39\/100\n|\n|-heal|p1a: Tinkaton|45\/100|[from] item: Leftovers\n|upkeep\n|turn|8\n|\n|t:|1699765847\n|switch|p2a: Dondozo|Dondozo, F|93\/100\n|move|p1a: Tinkaton|Gigaton Hammer|p2a: Dondozo\n|-resisted|p2a: Dondozo\n|-crit|p2a: Dondozo\n|-damage|p2a: Dondozo|79\/100\n|\n|-heal|p1a: Tinkaton|51\/100|[from] item: Leftovers\n|upkeep\n|turn|9\n|\n|t:|1699765863\n|switch|p1a: Samurott|Samurott-Hisui, M|100\/100\n|move|p2a: Dondozo|Avalanche|p1a: Samurott\n|-resisted|p1a: Samurott\n|-damage|p1a: Samurott|92\/100\n|\n|upkeep\n|turn|10\n|\n|t:|1699765873\n|move|p1a: Samurott|Ceaseless Edge|p2a: Dondozo\n|-damage|p2a: Dondozo|60\/100\n|-sidestart|p2: tesoteuber|Spikes\n|move|p2a: Dondozo|Body Press|p1a: Samurott\n|-supereffective|p1a: Samurott\n|-damage|p1a: Samurott|18\/100\n|\n|upkeep\n|turn|11\n|\n|t:|1699765884\n|move|p1a: Samurott|Ceaseless Edge|p2a: Dondozo\n|-damage|p2a: Dondozo|41\/100\n|-sidestart|p2: tesoteuber|Spikes\n|move|p2a: Dondozo|Body Press|p1a: Samurott\n|-supereffective|p1a: Samurott\n|-damage|p1a: Samurott|0 fnt\n|faint|p1a: Samurott\n|\n|upkeep\n|inactive|punkmag has 90 seconds left.\n|\n|t:|1699765901\n|switch|p1a: Hatterene|Hatterene, F|11\/100\n|turn|12\n|inactive|tesoteuber has 120 seconds left.\n|l|\u2606tesoteuber\n|inactive|tesoteuber disconnected and has a minute to reconnect!\n|player|p2|\n|inactive|tesoteuber has 30 seconds to reconnect!\n|inactive|tesoteuber has 20 seconds to reconnect!\n|inactive|tesoteuber has 15 seconds to reconnect!\n|inactive|tesoteuber has 10 seconds to reconnect!\n|inactive|tesoteuber has 5 seconds to reconnect!\n|-message|tesoteuber lost due to inactivity.\n|\n|win|punkmag\n|raw|punkmag's rating: 1233 &rarr; <strong>1259<\/strong><br \/>(+26 for winning)\n|raw|tesoteuber's rating: 1242 &rarr; <strong>1216<\/strong><br \/>(-26 for losing)\n","uploadtime":1699766004,"views":10,"p1id":"punkmag","p2id":"tesoteuber","formatid":"gen9ou","rating":1216,"private":0,"password":""}