{"id":"gen9ou-1991543110","p1":"TurboKaiSM64","p2":"OmenTrigger","format":"[Gen 9] OU","log":"|j|\u2606TurboKaiSM64\n|j|\u2606OmenTrigger\n|t:|1700086701\n|gametype|singles\n|player|p1|TurboKaiSM64|170|1089\n|player|p2|OmenTrigger|depotagent|1077\n|teamsize|p1|6\n|teamsize|p2|6\n|gen|9\n|tier|[Gen 9] OU\n|rated|\n|rule|Sleep Clause Mod: Limit one foe put to sleep\n|rule|Species Clause: Limit one of each Pok\u00e9mon\n|rule|OHKO Clause: OHKO moves are banned\n|rule|Evasion Items Clause: Evasion items are banned\n|rule|Evasion Moves Clause: Evasion moves are banned\n|rule|Endless Battle Clause: Forcing endless battles is banned\n|rule|HP Percentage Mod: HP is shown in percentages\n|clearpoke\n|poke|p1|Ogerpon, F|\n|poke|p1|Gholdengo|\n|poke|p1|Glimmora, F|\n|poke|p1|Iron Moth|\n|poke|p1|Great Tusk|\n|poke|p1|Enamorus, F|\n|poke|p2|Glimmora, M|\n|poke|p2|Clodsire, M|\n|poke|p2|Hippowdon, M|\n|poke|p2|Tyranitar, F|\n|poke|p2|Grafaiai, F|\n|poke|p2|Palossand, F|\n|teampreview\n|\n|t:|1700086709\n|start\n|switch|p1a: Glimmora|Glimmora, F|100\/100\n|switch|p2a: Grafaiai|Grafaiai, F|100\/100\n|turn|1\n|\n|t:|1700086722\n|move|p2a: Grafaiai|Taunt|p1a: Glimmora\n|-start|p1a: Glimmora|move: Taunt\n|cant|p1a: Glimmora|move: Taunt|Stealth Rock\n|\n|upkeep\n|turn|2\n|\n|t:|1700086746\n|move|p2a: Grafaiai|Parting Shot|p1a: Glimmora\n|-unboost|p1a: Glimmora|atk|1\n|-unboost|p1a: Glimmora|spa|1\n|\n|t:|1700086756\n|switch|p2a: Palossand|Palossand, F|100\/100|[from] Parting Shot\n|move|p1a: Glimmora|Sludge Wave|p2a: Palossand\n|-resisted|p2a: Palossand\n|-damage|p2a: Palossand|92\/100\n|\n|-heal|p2a: Palossand|99\/100|[from] item: Leftovers\n|upkeep\n|turn|3\n|inactive|Battle timer is ON: inactive players will automatically lose when time's up. (requested by OmenTrigger)\n|\n|t:|1700086817\n|switch|p1a: Ogerpon|Ogerpon, F|100\/100\n|move|p2a: Palossand|Night Shade|p1a: Ogerpon\n|-damage|p1a: Ogerpon|73\/100\n|\n|-heal|p2a: Palossand|100\/100|[from] item: Leftovers\n|upkeep\n|turn|4\n|\n|t:|1700086837\n|switch|p2a: Clodsire|Clodsire, M, shiny|100\/100\n|move|p1a: Ogerpon|Swords Dance|p1a: Ogerpon\n|-boost|p1a: Ogerpon|atk|2\n|\n|upkeep\n|turn|5\n|inactive|TurboKaiSM64 has 120 seconds left.\n|inactive|TurboKaiSM64 has 90 seconds left.\n|\n|t:|1700086902\n|-terastallize|p1a: Ogerpon|Grass\n|detailschange|p1a: Ogerpon|Ogerpon-Teal-Tera, F, tera:Grass\n|-ability|p1a: Ogerpon|Embody Aspect (Teal)|boost\n|-boost|p1a: Ogerpon|spe|1\n|move|p1a: Ogerpon|Ivy Cudgel|p2a: Clodsire\n|-damage|p2a: Clodsire|0 fnt\n|faint|p2a: Clodsire\n|-damage|p1a: Ogerpon|63\/100|[from] item: Life Orb\n|\n|upkeep\n|\n|t:|1700086921\n|switch|p2a: Glimmora|Glimmora, M, shiny|100\/100\n|turn|6\n|\n|t:|1700086927\n|move|p2a: Glimmora|Spiky Shield|p2a: Glimmora\n|-singleturn|p2a: Glimmora|move: Protect\n|move|p1a: Ogerpon|Ivy Cudgel|p2a: Glimmora\n|-activate|p2a: Glimmora|move: Protect\n|\n|upkeep\n|turn|7\n|\n|t:|1700086933\n|move|p1a: Ogerpon|Stomping Tantrum|p2a: Glimmora\n|-supereffective|p2a: Glimmora\n|-enditem|p2a: Glimmora|Focus Sash\n|-damage|p2a: Glimmora|1\/100\n|-activate|p2a: Glimmora|ability: Toxic Debris\n|-sidestart|p1: TurboKaiSM64|move: Toxic Spikes\n|-damage|p1a: Ogerpon|53\/100|[from] item: Life Orb\n|move|p2a: Glimmora|Stealth Rock|p1a: Ogerpon\n|-sidestart|p1: TurboKaiSM64|move: Stealth Rock\n|\n|upkeep\n|turn|8\n|\n|t:|1700086944\n|move|p2a: Glimmora|Spiky Shield|p2a: Glimmora\n|-singleturn|p2a: Glimmora|move: Protect\n|move|p1a: Ogerpon|Ivy Cudgel|p2a: Glimmora\n|-activate|p2a: Glimmora|move: Protect\n|\n|upkeep\n|turn|9\n|\n|t:|1700086950\n|move|p1a: Ogerpon|Ivy Cudgel|p2a: Glimmora\n|-damage|p2a: Glimmora|0 fnt\n|-activate|p2a: Glimmora|ability: Toxic Debris\n|-sidestart|p1: TurboKaiSM64|move: Toxic Spikes\n|faint|p2a: Glimmora\n|-damage|p1a: Ogerpon|43\/100|[from] item: Life Orb\n|\n|upkeep\n|\n|t:|1700086959\n|switch|p2a: Grafaiai|Grafaiai, F|100\/100\n|turn|10\n|\n|t:|1700086967\n|move|p1a: Ogerpon|Superpower|p2a: Grafaiai\n|-enditem|p2a: Grafaiai|Focus Sash\n|-damage|p2a: Grafaiai|1\/100\n|-unboost|p1a: Ogerpon|atk|1\n|-unboost|p1a: Ogerpon|def|1\n|-damage|p1a: Ogerpon|33\/100|[from] item: Life Orb\n|move|p2a: Grafaiai|Acrobatics|p1a: Ogerpon\n|-supereffective|p1a: Ogerpon\n|-damage|p1a: Ogerpon|0 fnt\n|faint|p1a: Ogerpon\n|\n|upkeep\n|inactive|TurboKaiSM64 has 120 seconds left.\n|\n|t:|1700086987\n|switch|p1a: Iron Moth|Iron Moth|100\/100\n|-sideend|p1: TurboKaiSM64|move: Toxic Spikes|[of] p1a: Iron Moth\n|-damage|p1a: Iron Moth|76\/100|[from] Stealth Rock\n|-enditem|p1a: Iron Moth|Booster Energy\n|-activate|p1a: Iron Moth|ability: Quark Drive|[fromitem]\n|-start|p1a: Iron Moth|quarkdrivespa\n|turn|11\n|\n|t:|1700087004\n|move|p2a: Grafaiai|Parting Shot|p1a: Iron Moth\n|-unboost|p1a: Iron Moth|atk|1\n|-unboost|p1a: Iron Moth|spa|1\n|\n|t:|1700087007\n|switch|p2a: Tyranitar|Tyranitar, F|100\/100|[from] Parting Shot\n|-weather|Sandstorm|[from] ability: Sand Stream|[of] p2a: Tyranitar\n|move|p1a: Iron Moth|Substitute|p1a: Iron Moth\n|-start|p1a: Iron Moth|Substitute\n|-damage|p1a: Iron Moth|51\/100\n|\n|-weather|Sandstorm|[upkeep]\n|-damage|p1a: Iron Moth|45\/100|[from] Sandstorm\n|upkeep\n|turn|12\n|\n|t:|1700087018\n|move|p1a: Iron Moth|Bug Buzz|p2a: Tyranitar\n|-supereffective|p2a: Tyranitar\n|-damage|p2a: Tyranitar|77\/100\n|move|p2a: Tyranitar|Bulldoze|p1a: Iron Moth\n|-supereffective|p1a: Iron Moth\n|-end|p1a: Iron Moth|Substitute\n|\n|-weather|Sandstorm|[upkeep]\n|-damage|p1a: Iron Moth|39\/100|[from] Sandstorm\n|upkeep\n|turn|13\n|\n|t:|1700087028\n|-end|p1a: Iron Moth|Quark Drive|[silent]\n|switch|p1a: Enamorus|Enamorus, F|100\/100\n|-damage|p1a: Enamorus|76\/100|[from] Stealth Rock\n|move|p2a: Tyranitar|Bulldoze|p1a: Enamorus\n|-immune|p1a: Enamorus\n|\n|-weather|Sandstorm|[upkeep]\n|-damage|p1a: Enamorus|69\/100|[from] Sandstorm\n|upkeep\n|turn|14\n|\n|t:|1700087036\n|move|p1a: Enamorus|Moonblast|p2a: Tyranitar\n|-supereffective|p2a: Tyranitar\n|-crit|p2a: Tyranitar\n|-damage|p2a: Tyranitar|0 fnt\n|faint|p2a: Tyranitar\n|\n|-weather|Sandstorm|[upkeep]\n|-damage|p1a: Enamorus|63\/100|[from] Sandstorm\n|upkeep\n|\n|t:|1700087044\n|switch|p2a: Grafaiai|Grafaiai, F|1\/100\n|turn|15\n|\n|t:|1700087048\n|move|p2a: Grafaiai|Parting Shot|p1a: Enamorus\n|-boost|p1a: Enamorus|atk|1\n|-boost|p1a: Enamorus|spa|1\n|-message|OmenTrigger forfeited.\n|\n|win|TurboKaiSM64\n|raw|TurboKaiSM64's rating: 1089 &rarr; <strong>1115<\/strong><br \/>(+26 for winning)\n|raw|OmenTrigger's rating: 1077 &rarr; <strong>1056<\/strong><br \/>(-21 for losing)\n|l|\u2606OmenTrigger\n","uploadtime":1700087072,"views":9,"p1id":"turbokaism64","p2id":"omentrigger","formatid":"gen9ou","rating":1056,"private":0,"password":""}