{"id":"gen9ou-1994589608","p1":"Steez Ibanez","p2":"SweatyRon","format":"[Gen 9] OU","log":"|j|\u2606Steez Ibanez\n|j|\u2606SweatyRon\n|t:|1700465274\n|gametype|singles\n|player|p1|Steez Ibanez|lance-gen2|1736\n|player|p2|SweatyRon|pokefan-gen4|1799\n|teamsize|p1|6\n|teamsize|p2|6\n|gen|9\n|tier|[Gen 9] OU\n|rated|\n|rule|Sleep Clause Mod: Limit one foe put to sleep\n|rule|Species Clause: Limit one of each Pok\u00e9mon\n|rule|OHKO Clause: OHKO moves are banned\n|rule|Evasion Items Clause: Evasion items are banned\n|rule|Evasion Moves Clause: Evasion moves are banned\n|rule|Endless Battle Clause: Forcing endless battles is banned\n|rule|HP Percentage Mod: HP is shown in percentages\n|clearpoke\n|poke|p1|Ursaluna, M|\n|poke|p1|Weezing-Galar, M|\n|poke|p1|Dragapult, M|\n|poke|p1|Corviknight, M|\n|poke|p1|Samurott-Hisui, M|\n|poke|p1|Ting-Lu|\n|poke|p2|Dragapult, F|\n|poke|p2|Meowscarada, F|\n|poke|p2|Dondozo, F|\n|poke|p2|Heatran, M|\n|poke|p2|Zapdos|\n|poke|p2|Great Tusk|\n|teampreview\n|inactive|Battle timer is ON: inactive players will automatically lose when time's up. (requested by SweatyRon)\n|\n|t:|1700465282\n|start\n|switch|p1a: Speedwagon|Weezing-Galar, M|100\/100\n|switch|p2a: Zapdos|Zapdos|100\/100\n|-ability|p1a: Speedwagon|Neutralizing Gas\n|turn|1\n|\n|t:|1700465288\n|-end|p1a: Speedwagon|ability: Neutralizing Gas\n|switch|p1a: Yogi|Ursaluna, M|100\/100\n|move|p2a: Zapdos|Hurricane|p1a: Yogi|[miss]\n|-miss|p2a: Zapdos|p1a: Yogi\n|\n|-status|p1a: Yogi|brn|[from] item: Flame Orb\n|upkeep\n|turn|2\n|\n|t:|1700465293\n|move|p2a: Zapdos|Hurricane|p1a: Yogi|[miss]\n|-miss|p2a: Zapdos|p1a: Yogi\n|move|p1a: Yogi|Facade|p2a: Zapdos\n|-damage|p2a: Zapdos|0 fnt\n|-damage|p1a: Yogi|84\/100 brn|[from] item: Rocky Helmet|[of] p2a: Zapdos\n|faint|p2a: Zapdos\n|\n|-damage|p1a: Yogi|78\/100 brn|[from] brn\n|upkeep\n|j| ttyyuui55erreqq122\n|\n|t:|1700465303\n|switch|p2a: Dragapult|Dragapult, F|100\/100\n|turn|3\n|\n|t:|1700465310\n|switch|p1a: Speedwagon|Weezing-Galar, M|100\/100\n|-ability|p1a: Speedwagon|Neutralizing Gas\n|-terastallize|p2a: Dragapult|Dragon\n|move|p2a: Dragapult|Dragon Darts|p1a: Speedwagon\n|-immune|p1a: Speedwagon\n|\n|upkeep\n|turn|4\n|\n|t:|1700465314\n|switch|p2a: Heatran|Heatran, M|100\/100\n|move|p1a: Speedwagon|Toxic Spikes|p2a: Heatran\n|-sidestart|p2: SweatyRon|move: Toxic Spikes\n|\n|upkeep\n|turn|5\n|\n|t:|1700465317\n|-end|p1a: Speedwagon|ability: Neutralizing Gas\n|switch|p1a: Clicker|Ting-Lu|100\/100\n|-ability|p1a: Clicker|Vessel of Ruin\n|move|p2a: Heatran|Magma Storm|p1a: Clicker\n|-damage|p1a: Clicker|84\/100\n|-activate|p1a: Clicker|move: Magma Storm|[of] p2a: Heatran\n|\n|-heal|p1a: Clicker|90\/100|[from] item: Leftovers\n|-damage|p1a: Clicker|78\/100|[from] move: Magma Storm|[partiallytrapped]\n|upkeep\n|turn|6\n|\n|t:|1700465321\n|switch|p2a: Great Tusk|Great Tusk|100\/100\n|-status|p2a: Great Tusk|psn\n|move|p1a: Clicker|Earthquake|p2a: Great Tusk\n|-damage|p2a: Great Tusk|76\/100 psn\n|\n|-heal|p1a: Clicker|84\/100|[from] item: Leftovers\n|-damage|p2a: Great Tusk|63\/100 psn|[from] psn\n|-end|p1a: Clicker|Magma Storm|[partiallytrapped]|[silent]\n|upkeep\n|turn|7\n|\n|t:|1700465326\n|move|p2a: Great Tusk|Knock Off|p1a: Clicker\n|-resisted|p1a: Clicker\n|-damage|p1a: Clicker|76\/100\n|-enditem|p1a: Clicker|Leftovers|[from] move: Knock Off|[of] p2a: Great Tusk\n|move|p1a: Clicker|Stealth Rock|p2a: Great Tusk\n|-sidestart|p2: SweatyRon|move: Stealth Rock\n|\n|-damage|p2a: Great Tusk|51\/100 psn|[from] psn\n|upkeep\n|turn|8\n|\n|t:|1700465328\n|switch|p1a: Toothless|Dragapult, M|100\/100\n|move|p2a: Great Tusk|Knock Off|p1a: Toothless\n|-supereffective|p1a: Toothless\n|-crit|p1a: Toothless\n|-damage|p1a: Toothless|0 fnt\n|-enditem|p1a: Toothless|Heavy-Duty Boots|[from] move: Knock Off|[of] p2a: Great Tusk\n|faint|p1a: Toothless\n|\n|-damage|p2a: Great Tusk|38\/100 psn|[from] psn\n|upkeep\n|\n|t:|1700465332\n|switch|p1a: Darth Tyranus|Samurott-Hisui, M|100\/100\n|turn|9\n|\n|t:|1700465334\n|move|p2a: Great Tusk|Rapid Spin|p1a: Darth Tyranus\n|-damage|p1a: Darth Tyranus|83\/100\n|-boost|p2a: Great Tusk|spe|1\n|-sideend|p2: SweatyRon|Toxic Spikes|[from] move: Rapid Spin|[of] p2a: Great Tusk\n|-sideend|p2: SweatyRon|Stealth Rock|[from] move: Rapid Spin|[of] p2a: Great Tusk\n|move|p1a: Darth Tyranus|Aqua Cutter|p2a: Great Tusk\n|-supereffective|p2a: Great Tusk\n|-damage|p2a: Great Tusk|0 fnt\n|faint|p2a: Great Tusk\n|-end|p2a: Great Tusk|Protosynthesis|[silent]\n|\n|upkeep\n|\n|t:|1700465339\n|switch|p2a: Meowscarada|Meowscarada, F|100\/100\n|turn|10\n|\n|t:|1700465341\n|switch|p1a: Dick Grayson|Corviknight, M|100\/100\n|-ability|p1a: Dick Grayson|Pressure\n|move|p2a: Meowscarada|U-turn|p1a: Dick Grayson\n|-start|p2a: Meowscarada|typechange|Bug|[from] ability: Protean\n|-resisted|p1a: Dick Grayson\n|-damage|p1a: Dick Grayson|95\/100\n|\n|t:|1700465345\n|switch|p2a: Heatran|Heatran, M|100\/100|[from] U-turn\n|\n|-heal|p1a: Dick Grayson|100\/100|[from] item: Leftovers\n|upkeep\n|turn|11\n|\n|t:|1700465348\n|move|p2a: Heatran|Magma Storm|p1a: Dick Grayson|[miss]\n|-miss|p2a: Heatran|p1a: Dick Grayson\n|move|p1a: Dick Grayson|U-turn|p2a: Heatran\n|-resisted|p2a: Heatran\n|-damage|p2a: Heatran|97\/100\n|-message|SweatyRon forfeited.\n|\n|win|Steez Ibanez\n|raw|Steez Ibanez's rating: 1736 &rarr; <strong>1760<\/strong><br \/>(+24 for winning)\n|raw|SweatyRon's rating: 1799 &rarr; <strong>1775<\/strong><br \/>(-24 for losing)\n|l|\u2606SweatyRon\n|l|\u2606Steez Ibanez\n","uploadtime":1700465358,"views":10,"p1id":"steezibanez","p2id":"sweatyron","formatid":"gen9ou","rating":1760,"private":0,"password":""}