{"id":"gen9ou-1991836503","p1":"whatabeautifulname","p2":"swiscool","format":"[Gen 9] OU","log":"|j|\u2606whatabeautifulname\n|j|\u2606swiscool\n|t:|1700125941\n|gametype|singles\n|player|p1|whatabeautifulname|brock|1587\n|player|p2|swiscool|lady|1732\n|teamsize|p1|6\n|teamsize|p2|6\n|gen|9\n|tier|[Gen 9] OU\n|rated|\n|rule|Sleep Clause Mod: Limit one foe put to sleep\n|rule|Species Clause: Limit one of each Pok\u00e9mon\n|rule|OHKO Clause: OHKO moves are banned\n|rule|Evasion Items Clause: Evasion items are banned\n|rule|Evasion Moves Clause: Evasion moves are banned\n|rule|Endless Battle Clause: Forcing endless battles is banned\n|rule|HP Percentage Mod: HP is shown in percentages\n|clearpoke\n|poke|p1|Zamazenta-*|\n|poke|p1|Ceruledge, F|\n|poke|p1|Cresselia, F|\n|poke|p1|Gholdengo|\n|poke|p1|Ogerpon-Cornerstone, F|\n|poke|p1|Komala, F|\n|poke|p2|Torkoal, F|\n|poke|p2|Walking Wake|\n|poke|p2|Great Tusk|\n|poke|p2|Kingambit, M|\n|poke|p2|Ceruledge, M|\n|poke|p2|Iron Moth|\n|teampreview\n|j| Sainthatesyou\n|inactive|Battle timer is ON: inactive players will automatically lose when time's up. (requested by whatabeautifulname)\n|j| orasfunfun\n|\n|t:|1700125959\n|start\n|switch|p1a: Komala|Komala, F|100\/100\n|switch|p2a: Ceruledge|Ceruledge, M|100\/100\n|-ability|p1a: Komala|Comatose\n|turn|1\n|\n|t:|1700125975\n|switch|p1a: Zamazenta|Zamazenta|100\/100\n|-ability|p1a: Zamazenta|Dauntless Shield|boost\n|-boost|p1a: Zamazenta|def|1\n|move|p2a: Ceruledge|Swords Dance|p2a: Ceruledge\n|-boost|p2a: Ceruledge|atk|2\n|\n|upkeep\n|turn|2\n|\n|t:|1700125979\n|move|p1a: Zamazenta|Iron Defense|p1a: Zamazenta\n|-boost|p1a: Zamazenta|def|2\n|move|p2a: Ceruledge|Swords Dance|p2a: Ceruledge\n|-boost|p2a: Ceruledge|atk|2\n|\n|upkeep\n|turn|3\n|\n|t:|1700125997\n|move|p1a: Zamazenta|Iron Defense|p1a: Zamazenta\n|-boost|p1a: Zamazenta|def|2\n|move|p2a: Ceruledge|Poltergeist|p1a: Zamazenta|[miss]\n|-miss|p2a: Ceruledge|p1a: Zamazenta\n|\n|upkeep\n|turn|4\n|\n|t:|1700126001\n|move|p1a: Zamazenta|Crunch|p2a: Ceruledge\n|-supereffective|p2a: Ceruledge\n|-damage|p2a: Ceruledge|39\/100\n|-ability|p2a: Ceruledge|Weak Armor|boost\n|-unboost|p2a: Ceruledge|def|1\n|-boost|p2a: Ceruledge|spe|2\n|move|p2a: Ceruledge|Swords Dance|p2a: Ceruledge\n|-boost|p2a: Ceruledge|atk|2\n|\n|upkeep\n|turn|5\n|\n|t:|1700126010\n|-terastallize|p2a: Ceruledge|Fire\n|move|p2a: Ceruledge|Bitter Blade|p1a: Zamazenta\n|-damage|p1a: Zamazenta|53\/100\n|-heal|p2a: Ceruledge|71\/100|[from] drain|[of] p1a: Zamazenta\n|move|p1a: Zamazenta|Crunch|p2a: Ceruledge\n|-damage|p2a: Ceruledge|27\/100\n|-ability|p2a: Ceruledge|Weak Armor|boost\n|-unboost|p2a: Ceruledge|def|1\n|-boost|p2a: Ceruledge|spe|2\n|\n|-heal|p1a: Zamazenta|59\/100|[from] item: Leftovers\n|upkeep\n|turn|6\n|\n|t:|1700126024\n|move|p2a: Ceruledge|Bitter Blade|p1a: Zamazenta\n|-damage|p1a: Zamazenta|8\/100\n|-heal|p2a: Ceruledge|61\/100|[from] drain|[of] p1a: Zamazenta\n|move|p1a: Zamazenta|Body Press|p2a: Ceruledge\n|-damage|p2a: Ceruledge|0 fnt\n|faint|p2a: Ceruledge\n|\n|-heal|p1a: Zamazenta|14\/100|[from] item: Leftovers\n|upkeep\n|\n|t:|1700126030\n|switch|p2a: Iron Moth|Iron Moth|100\/100\n|-enditem|p2a: Iron Moth|Booster Energy\n|-activate|p2a: Iron Moth|ability: Quark Drive|[fromitem]\n|-start|p2a: Iron Moth|quarkdrivespe\n|turn|7\n|\n|t:|1700126042\n|switch|p1a: Ceruledge|Ceruledge, F|100\/100\n|move|p2a: Iron Moth|Fiery Dance|p1a: Ceruledge\n|-resisted|p1a: Ceruledge\n|-damage|p1a: Ceruledge|83\/100\n|-boost|p2a: Iron Moth|spa|1\n|\n|upkeep\n|turn|8\n|\n|t:|1700126049\n|move|p2a: Iron Moth|Fiery Dance|p1a: Ceruledge\n|-resisted|p1a: Ceruledge\n|-damage|p1a: Ceruledge|59\/100\n|-boost|p2a: Iron Moth|spa|1\n|move|p1a: Ceruledge|Bulk Up|p1a: Ceruledge\n|-boost|p1a: Ceruledge|atk|1\n|-boost|p1a: Ceruledge|def|1\n|\n|upkeep\n|turn|9\n|\n|t:|1700126055\n|move|p2a: Iron Moth|Fiery Dance|p1a: Ceruledge\n|-resisted|p1a: Ceruledge\n|-damage|p1a: Ceruledge|26\/100\n|move|p1a: Ceruledge|Bitter Blade|p2a: Iron Moth\n|-resisted|p2a: Iron Moth\n|-damage|p2a: Iron Moth|45\/100\n|-heal|p1a: Ceruledge|50\/100|[from] drain|[of] p2a: Iron Moth\n|\n|upkeep\n|turn|10\n|\n|t:|1700126062\n|move|p2a: Iron Moth|Sludge Wave|p1a: Ceruledge\n|-resisted|p1a: Ceruledge\n|-damage|p1a: Ceruledge|8\/100\n|move|p1a: Ceruledge|Bitter Blade|p2a: Iron Moth\n|-resisted|p2a: Iron Moth\n|-damage|p2a: Iron Moth|0 fnt\n|-heal|p1a: Ceruledge|26\/100|[from] drain|[of] p2a: Iron Moth\n|faint|p2a: Iron Moth\n|-end|p2a: Iron Moth|Quark Drive|[silent]\n|\n|upkeep\n|\n|t:|1700126069\n|switch|p2a: Walking Wake|Walking Wake|100\/100\n|turn|11\n|\n|t:|1700126074\n|move|p2a: Walking Wake|Hydro Steam|p1a: Ceruledge\n|-supereffective|p1a: Ceruledge\n|-damage|p1a: Ceruledge|0 fnt\n|faint|p1a: Ceruledge\n|\n|upkeep\n|j| Ctannn\n|\n|t:|1700126088\n|switch|p1a: Komala|Komala, F|100\/100\n|-ability|p1a: Komala|Comatose\n|turn|12\n|\n|t:|1700126092\n|-end|p2a: Walking Wake|Protosynthesis|[silent]\n|switch|p2a: Torkoal|Torkoal, F|100\/100\n|-weather|SunnyDay|[from] ability: Drought|[of] p2a: Torkoal\n|move|p1a: Komala|Body Slam|p2a: Torkoal\n|-damage|p2a: Torkoal|82\/100\n|-status|p2a: Torkoal|par\n|\n|-weather|SunnyDay|[upkeep]\n|upkeep\n|turn|13\n|\n|t:|1700126099\n|move|p1a: Komala|Knock Off|p2a: Torkoal\n|-damage|p2a: Torkoal|68\/100 par\n|-enditem|p2a: Torkoal|Heat Rock|[from] move: Knock Off|[of] p1a: Komala\n|move|p2a: Torkoal|Stealth Rock|p1a: Komala\n|-sidestart|p1: whatabeautifulname|move: Stealth Rock\n|\n|-weather|SunnyDay|[upkeep]\n|upkeep\n|turn|14\n|\n|t:|1700126104\n|move|p1a: Komala|Rapid Spin|p2a: Torkoal\n|-damage|p2a: Torkoal|57\/100 par\n|-boost|p1a: Komala|spe|1\n|-sideend|p1: whatabeautifulname|Stealth Rock|[from] move: Rapid Spin|[of] p1a: Komala\n|move|p2a: Torkoal|Lava Plume|p1a: Komala\n|-damage|p1a: Komala|73\/100\n|\n|-weather|SunnyDay|[upkeep]\n|-heal|p1a: Komala|79\/100|[from] item: Leftovers\n|upkeep\n|turn|15\n|\n|t:|1700126112\n|switch|p2a: Great Tusk|Great Tusk|100\/100\n|-activate|p2a: Great Tusk|ability: Protosynthesis\n|-start|p2a: Great Tusk|protosynthesisatk\n|move|p1a: Komala|Protect||[still]\n|-fail|p1a: Komala\n|\n|-weather|SunnyDay|[upkeep]\n|-heal|p1a: Komala|85\/100|[from] item: Leftovers\n|upkeep\n|turn|16\n|j| Tiranito\n|\n|t:|1700126122\n|-end|p2a: Great Tusk|Protosynthesis|[silent]\n|switch|p2a: Kingambit|Kingambit, M|100\/100\n|-activate|p2a: Kingambit|ability: Supreme Overlord\n|-start|p2a: Kingambit|fallen2|[silent]\n|move|p1a: Komala|Protect||[still]\n|-fail|p1a: Komala\n|\n|-weather|SunnyDay|[upkeep]\n|-heal|p1a: Komala|91\/100|[from] item: Leftovers\n|upkeep\n|turn|17\n|\n|t:|1700126130\n|move|p1a: Komala|Body Slam|p2a: Kingambit\n|-resisted|p2a: Kingambit\n|-damage|p2a: Kingambit|88\/100\n|move|p2a: Kingambit|Swords Dance|p2a: Kingambit\n|-boost|p2a: Kingambit|atk|2\n|\n|-weather|SunnyDay|[upkeep]\n|-heal|p1a: Komala|97\/100|[from] item: Leftovers\n|-heal|p2a: Kingambit|94\/100|[from] item: Leftovers\n|upkeep\n|turn|18\n|\n|t:|1700126147\n|move|p1a: Komala|Body Slam|p2a: Kingambit\n|-resisted|p2a: Kingambit\n|-damage|p2a: Kingambit|81\/100\n|-status|p2a: Kingambit|par\n|move|p2a: Kingambit|Kowtow Cleave|p1a: Komala\n|-damage|p1a: Komala|0 fnt\n|faint|p1a: Komala\n|\n|-weather|SunnyDay|[upkeep]\n|-heal|p2a: Kingambit|87\/100 par|[from] item: Leftovers\n|upkeep\n|\n|t:|1700126157\n|switch|p1a: Gholdengo|Gholdengo|100\/100\n|turn|19\n|\n|t:|1700126159\n|move|p1a: Gholdengo|Trick|p2a: Kingambit\n|-activate|p1a: Gholdengo|move: Trick|[of] p2a: Kingambit\n|-item|p2a: Kingambit|Choice Scarf|[from] move: Trick\n|-item|p1a: Gholdengo|Leftovers|[from] move: Trick\n|move|p2a: Kingambit|Kowtow Cleave|p1a: Gholdengo\n|-supereffective|p1a: Gholdengo\n|-damage|p1a: Gholdengo|0 fnt\n|faint|p1a: Gholdengo\n|\n|-weather|none\n|upkeep\n|\n|t:|1700126166\n|switch|p1a: Ogerpon|Ogerpon-Cornerstone, F|100\/100\n|turn|20\n|\n|t:|1700126168\n|move|p1a: Ogerpon|Swords Dance|p1a: Ogerpon\n|-boost|p1a: Ogerpon|atk|2\n|cant|p2a: Kingambit|par\n|\n|upkeep\n|turn|21\n|\n|t:|1700126177\n|move|p1a: Ogerpon|Ivy Cudgel|p2a: Kingambit|[anim] Ivy Cudgel Rock\n|-resisted|p2a: Kingambit\n|-damage|p2a: Kingambit|40\/100 par\n|move|p2a: Kingambit|Kowtow Cleave|p1a: Ogerpon\n|-ability|p1a: Ogerpon|Sturdy\n|-damage|p1a: Ogerpon|1\/100\n|\n|upkeep\n|turn|22\n|\n|t:|1700126183\n|move|p1a: Ogerpon|Ivy Cudgel|p2a: Kingambit|[anim] Ivy Cudgel Rock\n|-resisted|p2a: Kingambit\n|-damage|p2a: Kingambit|0 fnt\n|faint|p2a: Kingambit\n|-end|p2a: Kingambit|fallen2|[silent]\n|\n|upkeep\n|\n|t:|1700126187\n|switch|p2a: Torkoal|Torkoal, F|57\/100 par\n|-weather|SunnyDay|[from] ability: Drought|[of] p2a: Torkoal\n|turn|23\n|\n|t:|1700126201\n|move|p1a: Ogerpon|Spikes|p2a: Torkoal\n|-sidestart|p2: swiscool|Spikes\n|move|p2a: Torkoal|Stealth Rock|p1a: Ogerpon\n|-sidestart|p1: whatabeautifulname|move: Stealth Rock\n|\n|-weather|SunnyDay|[upkeep]\n|upkeep\n|turn|24\n|\n|t:|1700126209\n|move|p1a: Ogerpon|Ivy Cudgel|p2a: Torkoal|[anim] Ivy Cudgel Rock\n|-supereffective|p2a: Torkoal\n|-damage|p2a: Torkoal|0 fnt\n|faint|p2a: Torkoal\n|\n|-weather|SunnyDay|[upkeep]\n|upkeep\n|\n|t:|1700126212\n|switch|p2a: Walking Wake|Walking Wake|100\/100\n|-damage|p2a: Walking Wake|88\/100|[from] Spikes\n|-activate|p2a: Walking Wake|ability: Protosynthesis\n|-start|p2a: Walking Wake|protosynthesisspe\n|turn|25\n|\n|t:|1700126218\n|move|p2a: Walking Wake|Hydro Steam|p1a: Ogerpon\n|-damage|p1a: Ogerpon|0 fnt\n|faint|p1a: Ogerpon\n|\n|-weather|SunnyDay|[upkeep]\n|upkeep\n|\n|t:|1700126220\n|switch|p1a: Zamazenta|Zamazenta|14\/100\n|-damage|p1a: Zamazenta|8\/100|[from] Stealth Rock\n|turn|26\n|\n|t:|1700126223\n|move|p2a: Walking Wake|Hydro Steam|p1a: Zamazenta\n|-damage|p1a: Zamazenta|0 fnt\n|faint|p1a: Zamazenta\n|\n|-weather|SunnyDay|[upkeep]\n|upkeep\n|\n|t:|1700126224\n|switch|p1a: Cresselia|Cresselia, F|100\/100\n|-damage|p1a: Cresselia|88\/100|[from] Stealth Rock\n|turn|27\n|\n|t:|1700126227\n|-terastallize|p1a: Cresselia|Water\n|move|p2a: Walking Wake|Hydro Steam|p1a: Cresselia\n|-resisted|p1a: Cresselia\n|-damage|p1a: Cresselia|58\/100\n|move|p1a: Cresselia|Calm Mind|p1a: Cresselia\n|-boost|p1a: Cresselia|spa|1\n|-boost|p1a: Cresselia|spd|1\n|\n|-weather|none\n|-end|p2a: Walking Wake|Protosynthesis\n|-heal|p1a: Cresselia|64\/100|[from] item: Leftovers\n|upkeep\n|turn|28\n|\n|t:|1700126231\n|-end|p2a: Walking Wake|Protosynthesis|[silent]\n|switch|p2a: Great Tusk|Great Tusk|100\/100\n|-damage|p2a: Great Tusk|88\/100|[from] Spikes\n|move|p1a: Cresselia|Moonblast|p2a: Great Tusk\n|-supereffective|p2a: Great Tusk\n|-damage|p2a: Great Tusk|1\/100\n|-unboost|p2a: Great Tusk|spa|1\n|\n|-heal|p2a: Great Tusk|8\/100|[from] item: Leftovers\n|-heal|p1a: Cresselia|70\/100|[from] item: Leftovers\n|upkeep\n|turn|29\n|\n|t:|1700126239\n|move|p2a: Great Tusk|Close Combat|p1a: Cresselia\n|-damage|p1a: Cresselia|36\/100\n|-unboost|p2a: Great Tusk|def|1\n|-unboost|p2a: Great Tusk|spd|1\n|move|p1a: Cresselia|Moonblast|p2a: Great Tusk\n|-supereffective|p2a: Great Tusk\n|-damage|p2a: Great Tusk|0 fnt\n|faint|p2a: Great Tusk\n|-end|p2a: Great Tusk|Protosynthesis|[silent]\n|\n|-heal|p1a: Cresselia|42\/100|[from] item: Leftovers\n|upkeep\n|\n|t:|1700126244\n|switch|p2a: Walking Wake|Walking Wake|88\/100\n|-damage|p2a: Walking Wake|76\/100|[from] Spikes\n|turn|30\n|\n|t:|1700126246\n|move|p2a: Walking Wake|Draco Meteor|p1a: Cresselia\n|-damage|p1a: Cresselia|0 fnt\n|-unboost|p2a: Walking Wake|spa|2\n|faint|p1a: Cresselia\n|\n|win|swiscool\n|raw|whatabeautifulname's rating: 1609 &rarr; <strong>1596<\/strong><br \/>(-13 for losing)\n|raw|swiscool's rating: 1732 &rarr; <strong>1745<\/strong><br \/>(+13 for winning)\n|l|\u2606whatabeautifulname\n","uploadtime":1700126256,"views":15,"p1id":"whatabeautifulname","p2id":"swiscool","formatid":"gen9ou","rating":1596,"private":0,"password":""}