{"id":"gen9ou-1989236382","p1":"miguelbblazquez","p2":"YUKI on ICE","format":"[Gen 9] OU","log":"|j|\u2606miguelbblazquez\n|j|\u2606YUKI on ICE\n|t:|1699826527\n|gametype|singles\n|player|p1|miguelbblazquez|steven|1116\n|player|p2|YUKI on ICE|maid|1074\n|teamsize|p1|6\n|teamsize|p2|6\n|gen|9\n|tier|[Gen 9] OU\n|rated|\n|rule|Sleep Clause Mod: Limit one foe put to sleep\n|rule|Species Clause: Limit one of each Pok\u00e9mon\n|rule|OHKO Clause: OHKO moves are banned\n|rule|Evasion Items Clause: Evasion items are banned\n|rule|Evasion Moves Clause: Evasion moves are banned\n|rule|Endless Battle Clause: Forcing endless battles is banned\n|rule|HP Percentage Mod: HP is shown in percentages\n|clearpoke\n|poke|p1|Goodra-Hisui, F|\n|poke|p1|Milotic, F|\n|poke|p1|Gengar, F|\n|poke|p1|Slither Wing|\n|poke|p1|Cinderace, M|\n|poke|p1|Rillaboom, F|\n|poke|p2|Arcanine-Hisui, M|\n|poke|p2|Landorus-Therian, M|\n|poke|p2|Corviknight, M|\n|poke|p2|Ogerpon-Wellspring, F|\n|poke|p2|Thundurus-Therian, M|\n|poke|p2|Garchomp, F|\n|teampreview\n|inactive|Battle timer is ON: inactive players will automatically lose when time's up. (requested by miguelbblazquez)\n|\n|t:|1699826532\n|start\n|switch|p1a: Milotic|Milotic, F|100\/100\n|switch|p2a: Landorus|Landorus-Therian, M|100\/100\n|-ability|p2a: Landorus|Intimidate|boost\n|-unboost|p1a: Milotic|atk|1\n|turn|1\n|\n|t:|1699826542\n|move|p1a: Milotic|Ice Beam|p2a: Landorus\n|-supereffective|p2a: Landorus\n|-damage|p2a: Landorus|19\/100\n|move|p2a: Landorus|Stealth Rock|p1a: Milotic\n|-sidestart|p1: miguelbblazquez|move: Stealth Rock\n|\n|-heal|p2a: Landorus|25\/100|[from] item: Leftovers\n|-status|p1a: Milotic|brn|[from] item: Flame Orb\n|upkeep\n|turn|2\n|\n|t:|1699826564\n|switch|p2a: Garchomp|Garchomp, F|100\/100\n|move|p1a: Milotic|Draining Kiss|p2a: Garchomp\n|-supereffective|p2a: Garchomp\n|-damage|p2a: Garchomp|66\/100\n|-damage|p1a: Milotic|88\/100 brn|[from] ability: Rough Skin|[of] p2a: Garchomp\n|\n|-damage|p1a: Milotic|82\/100 brn|[from] brn\n|upkeep\n|turn|3\n|\n|t:|1699826580\n|switch|p2a: Ogerpon|Ogerpon-Wellspring, F|100\/100\n|move|p1a: Milotic|Scald|p2a: Ogerpon\n|-immune|p2a: Ogerpon|[from] ability: Water Absorb\n|\n|-damage|p1a: Milotic|76\/100 brn|[from] brn\n|upkeep\n|turn|4\n|\n|t:|1699826591\n|-terastallize|p1a: Milotic|Grass\n|move|p2a: Ogerpon|Swords Dance|p2a: Ogerpon\n|-boost|p2a: Ogerpon|atk|2\n|move|p1a: Milotic|Ice Beam|p2a: Ogerpon\n|-damage|p2a: Ogerpon|65\/100\n|\n|-damage|p1a: Milotic|70\/100 brn|[from] brn\n|upkeep\n|turn|5\n|\n|t:|1699826604\n|move|p2a: Ogerpon|Trailblaze|p1a: Milotic\n|-resisted|p1a: Milotic\n|-damage|p1a: Milotic|47\/100 brn\n|-boost|p2a: Ogerpon|spe|1\n|move|p1a: Milotic|Draining Kiss|p2a: Ogerpon\n|-damage|p2a: Ogerpon|47\/100\n|-heal|p1a: Milotic|59\/100 brn|[from] drain|[of] p2a: Ogerpon\n|\n|-damage|p1a: Milotic|53\/100 brn|[from] brn\n|upkeep\n|turn|6\n|\n|t:|1699826622\n|switch|p2a: Corviknight|Corviknight, M|100\/100\n|-ability|p2a: Corviknight|Pressure\n|move|p1a: Milotic|Ice Beam|p2a: Corviknight\n|-damage|p2a: Corviknight|74\/100\n|\n|-damage|p1a: Milotic|47\/100 brn|[from] brn\n|upkeep\n|turn|7\n|\n|t:|1699826636\n|move|p1a: Milotic|Recover|p1a: Milotic\n|-heal|p1a: Milotic|97\/100 brn\n|move|p2a: Corviknight|Brave Bird|p1a: Milotic\n|-supereffective|p1a: Milotic\n|-damage|p1a: Milotic|37\/100 brn\n|-damage|p2a: Corviknight|57\/100|[from] Recoil\n|\n|-damage|p1a: Milotic|31\/100 brn|[from] brn\n|upkeep\n|turn|8\n|\n|t:|1699826648\n|move|p1a: Milotic|Recover|p1a: Milotic\n|-heal|p1a: Milotic|81\/100 brn\n|move|p2a: Corviknight|U-turn|p1a: Milotic\n|-supereffective|p1a: Milotic\n|-crit|p1a: Milotic\n|-damage|p1a: Milotic|45\/100 brn\n|\n|t:|1699826654\n|switch|p2a: Thundurus|Thundurus-Therian, M|100\/100|[from] U-turn\n|\n|-damage|p1a: Milotic|39\/100 brn|[from] brn\n|upkeep\n|turn|9\n|\n|t:|1699826662\n|move|p2a: Thundurus|Volt Switch|p1a: Milotic\n|-resisted|p1a: Milotic\n|-damage|p1a: Milotic|25\/100 brn\n|\n|t:|1699826672\n|switch|p2a: Arcanine|Arcanine-Hisui, M|100\/100|[from] Volt Switch\n|move|p1a: Milotic|Scald|p2a: Arcanine\n|-supereffective|p2a: Arcanine\n|-damage|p2a: Arcanine|0 fnt\n|faint|p2a: Arcanine\n|\n|-damage|p1a: Milotic|19\/100 brn|[from] brn\n|upkeep\n|\n|t:|1699826676\n|switch|p2a: Corviknight|Corviknight, M|57\/100\n|-ability|p2a: Corviknight|Pressure\n|turn|10\n|\n|t:|1699826684\n|move|p1a: Milotic|Scald|p2a: Corviknight\n|-damage|p2a: Corviknight|23\/100\n|move|p2a: Corviknight|Brave Bird|p1a: Milotic\n|-supereffective|p1a: Milotic\n|-damage|p1a: Milotic|0 fnt\n|faint|p1a: Milotic\n|-damage|p2a: Corviknight|18\/100|[from] Recoil\n|\n|upkeep\n|\n|t:|1699826692\n|switch|p1a: Cinderace|Cinderace, M|100\/100\n|turn|11\n|\n|t:|1699826698\n|move|p1a: Cinderace|Court Change|p1a: Cinderace\n|-start|p1a: Cinderace|typechange|Normal|[from] ability: Libero\n|-swapsideconditions\n|-activate|p1a: Cinderace|move: Court Change\n|move|p2a: Corviknight|U-turn|p1a: Cinderace\n|-damage|p1a: Cinderace|81\/100\n|\n|t:|1699826710\n|switch|p2a: Landorus|Landorus-Therian, M|25\/100|[from] U-turn\n|-damage|p2a: Landorus|13\/100|[from] Stealth Rock\n|-ability|p2a: Landorus|Intimidate|boost\n|-unboost|p1a: Cinderace|atk|1\n|\n|-heal|p2a: Landorus|19\/100|[from] item: Leftovers\n|upkeep\n|turn|12\n|\n|t:|1699826721\n|move|p1a: Cinderace|Pyro Ball|p2a: Landorus|[miss]\n|-miss|p1a: Cinderace|p2a: Landorus\n|move|p2a: Landorus|Stealth Rock|p1a: Cinderace\n|-sidestart|p1: miguelbblazquez|move: Stealth Rock\n|\n|-heal|p2a: Landorus|25\/100|[from] item: Leftovers\n|upkeep\n|turn|13\n|\n|t:|1699826730\n|move|p1a: Cinderace|Pyro Ball|p2a: Landorus\n|-damage|p2a: Landorus|0 fnt\n|faint|p2a: Landorus\n|\n|upkeep\n|\n|t:|1699826737\n|switch|p2a: Garchomp|Garchomp, F|66\/100\n|-damage|p2a: Garchomp|60\/100|[from] Stealth Rock\n|turn|14\n|\n|t:|1699826743\n|switch|p1a: Rillaboom|Rillaboom, F|100\/100\n|-damage|p1a: Rillaboom|88\/100|[from] Stealth Rock\n|-fieldstart|move: Grassy Terrain|[from] ability: Grassy Surge|[of] p1a: Rillaboom\n|move|p2a: Garchomp|Substitute|p2a: Garchomp\n|-start|p2a: Garchomp|Substitute\n|-damage|p2a: Garchomp|35\/100\n|\n|-heal|p2a: Garchomp|41\/100|[from] Grassy Terrain\n|-heal|p1a: Rillaboom|94\/100|[from] Grassy Terrain\n|upkeep\n|turn|15\n|\n|t:|1699826757\n|-terastallize|p2a: Garchomp|Poison\n|move|p2a: Garchomp|Swords Dance|p2a: Garchomp\n|-boost|p2a: Garchomp|atk|2\n|move|p1a: Rillaboom|Drain Punch|p2a: Garchomp\n|-resisted|p2a: Garchomp\n|-activate|p2a: Garchomp|move: Substitute|[damage]\n|-heal|p1a: Rillaboom|100\/100|[from] drain|[of] p2a: Garchomp\n|\n|-heal|p2a: Garchomp|48\/100|[from] Grassy Terrain\n|upkeep\n|turn|16\n|\n|t:|1699826770\n|move|p2a: Garchomp|Scale Shot|p1a: Rillaboom\n|-damage|p1a: Rillaboom|71\/100\n|-damage|p1a: Rillaboom|42\/100\n|-damage|p1a: Rillaboom|13\/100\n|-damage|p1a: Rillaboom|0 fnt\n|faint|p1a: Rillaboom\n|-hitcount|p1: Rillaboom|4\n|-unboost|p2a: Garchomp|def|1\n|-boost|p2a: Garchomp|spe|1\n|\n|-heal|p2a: Garchomp|54\/100|[from] Grassy Terrain\n|upkeep\n|\n|t:|1699826782\n|switch|p1a: Slither Wing|Slither Wing|100\/100\n|-damage|p1a: Slither Wing|88\/100|[from] Stealth Rock\n|turn|17\n|\n|t:|1699826789\n|move|p1a: Slither Wing|First Impression|p2a: Garchomp\n|-resisted|p2a: Garchomp\n|-end|p2a: Garchomp|Substitute\n|move|p2a: Garchomp|Scale Shot|p1a: Slither Wing\n|-damage|p1a: Slither Wing|49\/100\n|-damage|p1a: Slither Wing|11\/100\n|-damage|p1a: Slither Wing|0 fnt\n|faint|p1a: Slither Wing\n|-end|p1a: Slither Wing|Protosynthesis|[silent]\n|-hitcount|p1: Slither Wing|3\n|-unboost|p2a: Garchomp|def|1\n|-boost|p2a: Garchomp|spe|1\n|\n|-heal|p2a: Garchomp|60\/100|[from] Grassy Terrain\n|upkeep\n|\n|t:|1699826807\n|switch|p1a: Gengar|Gengar, F|100\/100\n|-damage|p1a: Gengar|88\/100|[from] Stealth Rock\n|turn|18\n|\n|t:|1699826816\n|move|p2a: Garchomp|Earthquake|p1a: Gengar\n|-supereffective|p1a: Gengar\n|-damage|p1a: Gengar|0 fnt\n|faint|p1a: Gengar\n|\n|-heal|p2a: Garchomp|66\/100|[from] Grassy Terrain\n|upkeep\n|\n|t:|1699826821\n|switch|p1a: Cinderace|Cinderace, M|81\/100\n|turn|19\n|-message|miguelbblazquez forfeited.\n|\n|win|YUKI on ICE\n|raw|miguelbblazquez's rating: 1116 &rarr; <strong>1088<\/strong><br \/>(-28 for losing)\n|raw|YUKI on ICE's rating: 1074 &rarr; <strong>1106<\/strong><br \/>(+32 for winning)\n|l|\u2606miguelbblazquez\n","uploadtime":1699826834,"views":21,"p1id":"miguelbblazquez","p2id":"yukionice","formatid":"gen9ou","rating":1088,"private":0,"password":""}