{"id":"gen9ou-2000557339","p1":"matusxy3","p2":"Jamescz","format":"[Gen 9] OU","log":"|j|\u2606matusxy3\n|j|\u2606Jamescz\n|t:|1701205103\n|gametype|singles\n|player|p1|matusxy3|102|\n|player|p2|Jamescz|101|\n|teamsize|p1|6\n|teamsize|p2|6\n|gen|9\n|tier|[Gen 9] OU\n|rule|Sleep Clause Mod: Limit one foe put to sleep\n|rule|Species Clause: Limit one of each Pok\u00e9mon\n|rule|OHKO Clause: OHKO moves are banned\n|rule|Evasion Items Clause: Evasion items are banned\n|rule|Evasion Moves Clause: Evasion moves are banned\n|rule|Endless Battle Clause: Forcing endless battles is banned\n|rule|HP Percentage Mod: HP is shown in percentages\n|clearpoke\n|poke|p1|Gastrodon, F|\n|poke|p1|Cloyster, M|\n|poke|p1|Breloom, F|\n|poke|p1|Gengar, M|\n|poke|p1|Charizard, F|\n|poke|p1|Magnezone|\n|poke|p2|Skeledirge, M|\n|poke|p2|Great Tusk|\n|poke|p2|Kilowattrel, F|\n|poke|p2|Arboliva, F|\n|poke|p2|Tinkaton, F|\n|poke|p2|Azumarill, M|\n|teampreview\n|\n|t:|1701205132\n|start\n|switch|p1a: Breloom|Breloom, F|100\/100\n|switch|p2a: Arboliva|Arboliva, F|100\/100\n|turn|1\n|\n|t:|1701205142\n|switch|p1a: Charizard|Charizard, F|100\/100\n|move|p2a: Arboliva|Dazzling Gleam|p1a: Charizard\n|-resisted|p1a: Charizard\n|-damage|p1a: Charizard|85\/100\n|\n|upkeep\n|turn|2\n|\n|t:|1701205153\n|switch|p2a: Azumarill|Azumarill, M|100\/100\n|move|p1a: Charizard|Flamethrower|p2a: Azumarill\n|-resisted|p2a: Azumarill\n|-damage|p2a: Azumarill|80\/100\n|\n|upkeep\n|turn|3\n|\n|t:|1701205163\n|switch|p1a: Magnezone|Magnezone|100\/100\n|move|p2a: Azumarill|Waterfall|p1a: Magnezone\n|-damage|p1a: Magnezone|53\/100\n|\n|upkeep\n|turn|4\n|\n|t:|1701205174\n|switch|p2a: Great Tusk|Great Tusk|100\/100\n|-enditem|p2a: Great Tusk|Booster Energy\n|-activate|p2a: Great Tusk|ability: Protosynthesis|[fromitem]\n|-start|p2a: Great Tusk|protosynthesisatk\n|move|p1a: Magnezone|Thunder|p2a: Great Tusk\n|-immune|p2a: Great Tusk\n|\n|upkeep\n|turn|5\n|\n|t:|1701205189\n|move|p2a: Great Tusk|Headlong Rush|p1a: Magnezone\n|-supereffective|p1a: Magnezone\n|-damage|p1a: Magnezone|0 fnt\n|-unboost|p2a: Great Tusk|def|1\n|-unboost|p2a: Great Tusk|spd|1\n|faint|p1a: Magnezone\n|\n|upkeep\n|\n|t:|1701205203\n|switch|p1a: Breloom|Breloom, F|100\/100\n|turn|6\n|\n|t:|1701205208\n|move|p2a: Great Tusk|Ice Spinner|p1a: Breloom\n|-supereffective|p1a: Breloom\n|-damage|p1a: Breloom|0 fnt\n|-status|p2a: Great Tusk|psn|[from] ability: Effect Spore|[of] p1a: Breloom\n|faint|p1a: Breloom\n|\n|-damage|p2a: Great Tusk|88\/100 psn|[from] psn\n|upkeep\n|\n|t:|1701205219\n|switch|p1a: Cloyster|Cloyster, M|100\/100\n|turn|7\n|\n|t:|1701205227\n|move|p2a: Great Tusk|Close Combat|p1a: Cloyster\n|-supereffective|p1a: Cloyster\n|-damage|p1a: Cloyster|0 fnt\n|-unboost|p2a: Great Tusk|def|1\n|-unboost|p2a: Great Tusk|spd|1\n|faint|p1a: Cloyster\n|\n|-damage|p2a: Great Tusk|76\/100 psn|[from] psn\n|upkeep\n|\n|t:|1701205239\n|switch|p1a: Gengar|Gengar, M|100\/100\n|turn|8\n|\n|t:|1701205246\n|move|p1a: Gengar|Night Shade|p2a: Great Tusk\n|-damage|p2a: Great Tusk|49\/100 psn\n|move|p2a: Great Tusk|Headlong Rush|p1a: Gengar\n|-supereffective|p1a: Gengar\n|-damage|p1a: Gengar|0 fnt\n|-unboost|p2a: Great Tusk|def|1\n|-unboost|p2a: Great Tusk|spd|1\n|faint|p1a: Gengar\n|\n|-damage|p2a: Great Tusk|36\/100 psn|[from] psn\n|upkeep\n|\n|t:|1701205259\n|switch|p1a: Charizard|Charizard, F|85\/100\n|turn|9\n|\n|t:|1701205275\n|-end|p2a: Great Tusk|Protosynthesis|[silent]\n|switch|p2a: Azumarill|Azumarill, M|80\/100\n|move|p1a: Charizard|Hurricane|p2a: Azumarill\n|-damage|p2a: Azumarill|25\/100\n|-start|p2a: Azumarill|confusion\n|-enditem|p2a: Azumarill|Sitrus Berry|[eat]\n|-heal|p2a: Azumarill|50\/100|[from] item: Sitrus Berry\n|\n|upkeep\n|turn|10\n|\n|t:|1701205287\n|switch|p1a: Gastrodon|Gastrodon, F|100\/100\n|-activate|p2a: Azumarill|confusion\n|-damage|p2a: Azumarill|42\/100|[from] confusion\n|\n|upkeep\n|turn|11\n|\n|t:|1701205301\n|switch|p2a: Arboliva|Arboliva, F|100\/100\n|move|p1a: Gastrodon|Hydro Pump|p2a: Arboliva\n|-resisted|p2a: Arboliva\n|-damage|p2a: Arboliva|89\/100\n|-fieldstart|move: Grassy Terrain|[from] ability: Seed Sower|[of] p2a: Arboliva\n|\n|-heal|p2a: Arboliva|95\/100|[from] Grassy Terrain\n|upkeep\n|turn|12\n|\n|t:|1701205314\n|move|p1a: Gastrodon|Earthquake|p2a: Arboliva\n|-resisted|p2a: Arboliva\n|-damage|p2a: Arboliva|85\/100\n|move|p2a: Arboliva|Energy Ball|p1a: Gastrodon\n|-supereffective|p1a: Gastrodon\n|-damage|p1a: Gastrodon|0 fnt\n|faint|p1a: Gastrodon\n|\n|-heal|p2a: Arboliva|91\/100|[from] Grassy Terrain\n|upkeep\n|\n|t:|1701205327\n|switch|p1a: Charizard|Charizard, F|85\/100\n|turn|13\n|\n|t:|1701205337\n|switch|p2a: Kilowattrel|Kilowattrel, F|100\/100\n|move|p1a: Charizard|Hurricane|p2a: Kilowattrel|[miss]\n|-miss|p1a: Charizard|p2a: Kilowattrel\n|\n|upkeep\n|turn|14\n|\n|t:|1701205346\n|move|p2a: Kilowattrel|Thunderbolt|p1a: Charizard\n|-supereffective|p1a: Charizard\n|-damage|p1a: Charizard|0 fnt\n|faint|p1a: Charizard\n|\n|win|Jamescz\n|c|\u2606Jamescz|gg\n","uploadtime":1701205355,"views":5,"p1id":"matusxy3","p2id":"jamescz","formatid":"gen9ou","rating":0,"private":0,"password":""}