{"id":"gen9ou-1988606868","p1":"ms americana","p2":"JiR0k","format":"[Gen 9] OU","log":"|j|\u2606ms americana\n|j|\u2606JiR0k\n|inactive|Battle timer is ON: inactive players will automatically lose when time's up.\n|t:|1699741294\n|gametype|singles\n|player|p1|ms americana|fantina|\n|player|p2|JiR0k|red|\n|teamsize|p1|6\n|teamsize|p2|6\n|gen|9\n|tier|[Gen 9] OU\n|rated|Tournament battle\n|rule|Sleep Clause Mod: Limit one foe put to sleep\n|rule|Species Clause: Limit one of each Pok\u00e9mon\n|rule|OHKO Clause: OHKO moves are banned\n|rule|Evasion Items Clause: Evasion items are banned\n|rule|Evasion Moves Clause: Evasion moves are banned\n|rule|Endless Battle Clause: Forcing endless battles is banned\n|rule|HP Percentage Mod: HP is shown in percentages\n|clearpoke\n|poke|p1|Gliscor, M|\n|poke|p1|Iron Valiant|\n|poke|p1|Slowking-Galar, F|\n|poke|p1|Ting-Lu|\n|poke|p1|Amoonguss, M|\n|poke|p1|Dragapult, F|\n|poke|p2|Great Tusk|\n|poke|p2|Dondozo, M|\n|poke|p2|Slowking-Galar, F|\n|poke|p2|Rillaboom, M|\n|poke|p2|Iron Moth|\n|poke|p2|Zapdos|\n|teampreview\n|j|*Lady Monita \u2746\n|inactive|ms americana also wants the timer to be on.\n|c|\u2606ms americana|hf\n|\n|t:|1699741304\n|start\n|switch|p1a: Dragapult|Dragapult, F|100\/100\n|switch|p2a: Slowking|Slowking-Galar, F|100\/100\n|turn|1\n|\n|t:|1699741311\n|switch|p1a: Ting-Lu|Ting-Lu|100\/100\n|-ability|p1a: Ting-Lu|Vessel of Ruin\n|move|p2a: Slowking|Ice Beam|p1a: Ting-Lu\n|-supereffective|p1a: Ting-Lu\n|-damage|p1a: Ting-Lu|78\/100\n|\n|-heal|p1a: Ting-Lu|85\/100|[from] item: Leftovers\n|upkeep\n|turn|2\n|\n|t:|1699741319\n|move|p1a: Ting-Lu|Ruination|p2a: Slowking|[miss]\n|-miss|p1a: Ting-Lu|p2a: Slowking\n|move|p2a: Slowking|Sludge Bomb|p1a: Ting-Lu\n|-resisted|p1a: Ting-Lu\n|-damage|p1a: Ting-Lu|75\/100\n|-status|p1a: Ting-Lu|psn\n|\n|-heal|p1a: Ting-Lu|81\/100 psn|[from] item: Leftovers\n|-damage|p1a: Ting-Lu|69\/100 psn|[from] psn\n|upkeep\n|turn|3\n|\n|t:|1699741330\n|move|p1a: Ting-Lu|Stealth Rock|p2a: Slowking\n|-sidestart|p2: JiR0k|move: Stealth Rock\n|move|p2a: Slowking|Ice Beam|p1a: Ting-Lu\n|-supereffective|p1a: Ting-Lu\n|-damage|p1a: Ting-Lu|46\/100 psn\n|\n|-heal|p1a: Ting-Lu|52\/100 psn|[from] item: Leftovers\n|-damage|p1a: Ting-Lu|40\/100 psn|[from] psn\n|upkeep\n|turn|4\n|\n|t:|1699741338\n|switch|p1a: Amoonguss|Amoonguss, M|100\/100\n|move|p2a: Slowking|Ice Beam|p1a: Amoonguss\n|-supereffective|p1a: Amoonguss\n|-damage|p1a: Amoonguss|47\/100\n|\n|upkeep\n|turn|5\n|\n|t:|1699741344\n|switch|p1a: Slowking|Slowking-Galar, F|100\/100\n|move|p2a: Slowking|Ice Beam|p1a: Slowking\n|-damage|p1a: Slowking|84\/100\n|-status|p1a: Slowking|frz\n|\n|upkeep\n|turn|6\n|j| ThatJebshuckle\n|l| ThatJebshuckle\n|\n|t:|1699741351\n|move|p2a: Slowking|Future Sight|p1a: Slowking\n|-start|p2a: Slowking|move: Future Sight\n|-curestatus|p1a: Slowking|frz|[msg]\n|move|p1a: Slowking|Chilly Reception|p1a: Slowking\n|-weather|Snow\n|\n|t:|1699741353\n|switch|p1a: Ting-Lu|Ting-Lu|40\/100 psn|[from] Chilly Reception\n|-ability|p1a: Ting-Lu|Vessel of Ruin\n|\n|-weather|Snow|[upkeep]\n|-heal|p1a: Ting-Lu|46\/100 psn|[from] item: Leftovers\n|-damage|p1a: Ting-Lu|34\/100 psn|[from] psn\n|upkeep\n|turn|7\n|\n|t:|1699741362\n|move|p1a: Ting-Lu|Ruination|p2a: Slowking\n|-damage|p2a: Slowking|51\/100\n|move|p2a: Slowking|Ice Beam|p1a: Ting-Lu\n|-supereffective|p1a: Ting-Lu\n|-damage|p1a: Ting-Lu|10\/100 psn\n|\n|-weather|Snow|[upkeep]\n|-heal|p1a: Ting-Lu|17\/100 psn|[from] item: Leftovers\n|-damage|p1a: Ting-Lu|4\/100 psn|[from] psn\n|upkeep\n|turn|8\n|\n|t:|1699741371\n|move|p1a: Ting-Lu|Ruination|p2a: Slowking\n|-damage|p2a: Slowking|26\/100\n|move|p2a: Slowking|Ice Beam|p1a: Ting-Lu\n|-supereffective|p1a: Ting-Lu\n|-damage|p1a: Ting-Lu|0 fnt\n|faint|p1a: Ting-Lu\n|\n|-weather|Snow|[upkeep]\n|-hint|Future Sight did not hit because the target is fainted.\n|upkeep\n|\n|t:|1699741373\n|switch|p1a: Gliscor|Gliscor, M|100\/100\n|turn|9\n|\n|t:|1699741385\n|switch|p2a: Zapdos|Zapdos|100\/100\n|move|p1a: Gliscor|Earthquake|p2a: Zapdos\n|-immune|p2a: Zapdos\n|\n|-weather|Snow|[upkeep]\n|-status|p1a: Gliscor|tox|[from] item: Toxic Orb\n|upkeep\n|turn|10\n|\n|t:|1699741393\n|move|p2a: Zapdos|Hurricane|p1a: Gliscor\n|-damage|p1a: Gliscor|60\/100 tox\n|move|p1a: Gliscor|Swords Dance|p1a: Gliscor\n|-boost|p1a: Gliscor|atk|2\n|\n|-weather|none\n|-heal|p1a: Gliscor|72\/100 tox|[from] ability: Poison Heal\n|upkeep\n|turn|11\n|j| NaokiS2\n|\n|t:|1699741402\n|move|p1a: Gliscor|Protect|p1a: Gliscor\n|-singleturn|p1a: Gliscor|Protect\n|move|p2a: Zapdos|Hurricane|p1a: Gliscor\n|-activate|p1a: Gliscor|move: Protect\n|\n|-heal|p1a: Gliscor|85\/100 tox|[from] ability: Poison Heal\n|upkeep\n|turn|12\n|\n|t:|1699741409\n|move|p2a: Zapdos|Hurricane|p1a: Gliscor|[miss]\n|-miss|p2a: Zapdos|p1a: Gliscor\n|move|p1a: Gliscor|Ice Fang|p2a: Zapdos\n|-supereffective|p2a: Zapdos\n|-damage|p2a: Zapdos|48\/100\n|\n|-heal|p1a: Gliscor|97\/100 tox|[from] ability: Poison Heal\n|upkeep\n|turn|13\n|\n|t:|1699741414\n|move|p2a: Zapdos|Hurricane|p1a: Gliscor\n|-damage|p1a: Gliscor|58\/100 tox\n|move|p1a: Gliscor|Ice Fang|p2a: Zapdos\n|-supereffective|p2a: Zapdos\n|-damage|p2a: Zapdos|0 fnt\n|faint|p2a: Zapdos\n|\n|-heal|p1a: Gliscor|71\/100 tox|[from] ability: Poison Heal\n|upkeep\n|l| NaokiS2\n|\n|t:|1699741420\n|switch|p2a: Slowking|Slowking-Galar, F|59\/100\n|-damage|p2a: Slowking|46\/100|[from] Stealth Rock\n|turn|14\n|\n|t:|1699741427\n|switch|p2a: Dondozo|Dondozo, M|100\/100\n|-damage|p2a: Dondozo|88\/100|[from] Stealth Rock\n|move|p1a: Gliscor|Protect||[still]\n|-fail|p1a: Gliscor\n|\n|-heal|p2a: Dondozo|94\/100|[from] item: Leftovers\n|-heal|p1a: Gliscor|83\/100 tox|[from] ability: Poison Heal\n|upkeep\n|turn|15\n|\n|t:|1699741443\n|switch|p1a: Slowking|Slowking-Galar, F|100\/100\n|switch|p2a: Great Tusk|Great Tusk|100\/100\n|-damage|p2a: Great Tusk|98\/100|[from] Stealth Rock\n|\n|upkeep\n|turn|16\n|\n|t:|1699741450\n|move|p2a: Great Tusk|Ice Spinner|p1a: Slowking\n|-damage|p1a: Slowking|68\/100\n|move|p1a: Slowking|Ice Beam|p2a: Great Tusk\n|-supereffective|p2a: Great Tusk\n|-damage|p2a: Great Tusk|48\/100\n|-status|p2a: Great Tusk|frz\n|\n|upkeep\n|turn|17\n|\n|t:|1699741456\n|cant|p2a: Great Tusk|frz\n|move|p1a: Slowking|Ice Beam|p2a: Great Tusk\n|-supereffective|p2a: Great Tusk\n|-damage|p2a: Great Tusk|6\/100 frz\n|\n|upkeep\n|turn|18\n|\n|t:|1699741458\n|cant|p2a: Great Tusk|frz\n|move|p1a: Slowking|Sludge Bomb|p2a: Great Tusk\n|-resisted|p2a: Great Tusk\n|-damage|p2a: Great Tusk|0 fnt\n|faint|p2a: Great Tusk\n|-end|p2a: Great Tusk|Protosynthesis|[silent]\n|\n|upkeep\n|\n|t:|1699741460\n|switch|p2a: Slowking|Slowking-Galar, F|80\/100\n|-damage|p2a: Slowking|67\/100|[from] Stealth Rock\n|turn|19\n|\n|t:|1699741464\n|move|p2a: Slowking|Future Sight|p1a: Slowking\n|-start|p2a: Slowking|move: Future Sight\n|move|p1a: Slowking|Future Sight|p2a: Slowking\n|-start|p1a: Slowking|move: Future Sight\n|\n|upkeep\n|turn|20\n|\n|t:|1699741468\n|move|p2a: Slowking|Ice Beam|p1a: Slowking\n|-damage|p1a: Slowking|50\/100\n|move|p1a: Slowking|Chilly Reception|p1a: Slowking\n|-weather|Snow\n|\n|t:|1699741469\n|switch|p1a: Gliscor|Gliscor, M|83\/100 tox|[from] Chilly Reception\n|\n|-weather|Snow|[upkeep]\n|-heal|p1a: Gliscor|96\/100 tox|[from] ability: Poison Heal\n|upkeep\n|turn|21\n|\n|t:|1699741473\n|move|p1a: Gliscor|Earthquake|p2a: Slowking\n|-supereffective|p2a: Slowking\n|-damage|p2a: Slowking|2\/100\n|move|p2a: Slowking|Ice Beam|p1a: Gliscor\n|-supereffective|p1a: Gliscor\n|-damage|p1a: Gliscor|0 fnt\n|faint|p1a: Gliscor\n|\n|-weather|Snow|[upkeep]\n|-end|p2a: Slowking|move: Future Sight\n|-crit|p2a: Slowking\n|-damage|p2a: Slowking|0 fnt\n|faint|p2a: Slowking\n|-hint|Future Sight did not hit because the target is fainted.\n|upkeep\n|\n|t:|1699741488\n|switch|p1a: Slowking|Slowking-Galar, F|83\/100\n|switch|p2a: Iron Moth|Iron Moth|100\/100\n|-damage|p2a: Iron Moth|75\/100|[from] Stealth Rock\n|-enditem|p2a: Iron Moth|Booster Energy\n|-activate|p2a: Iron Moth|ability: Quark Drive|[fromitem]\n|-start|p2a: Iron Moth|quarkdrivespe\n|turn|22\n|\n|t:|1699741495\n|move|p2a: Iron Moth|Fiery Dance|p1a: Slowking\n|-damage|p1a: Slowking|58\/100\n|move|p1a: Slowking|Future Sight|p2a: Iron Moth\n|-start|p1a: Slowking|move: Future Sight\n|\n|-weather|Snow|[upkeep]\n|upkeep\n|turn|23\n|\n|t:|1699741499\n|move|p2a: Iron Moth|Fiery Dance|p1a: Slowking\n|-damage|p1a: Slowking|34\/100\n|-boost|p2a: Iron Moth|spa|1\n|move|p1a: Slowking|Sludge Bomb|p2a: Iron Moth\n|-resisted|p2a: Iron Moth\n|-damage|p2a: Iron Moth|59\/100\n|\n|-weather|Snow|[upkeep]\n|upkeep\n|turn|24\n|\n|t:|1699741516\n|switch|p1a: Iron Valiant|Iron Valiant|100\/100\n|move|p2a: Iron Moth|Fiery Dance|p1a: Iron Valiant\n|-damage|p1a: Iron Valiant|0 fnt\n|faint|p1a: Iron Valiant\n|-end|p1a: Iron Valiant|Quark Drive|[silent]\n|\n|-weather|none\n|-end|p2a: Iron Moth|move: Future Sight\n|-supereffective|p2a: Iron Moth\n|-damage|p2a: Iron Moth|0 fnt\n|faint|p2a: Iron Moth\n|-end|p2a: Iron Moth|Quark Drive|[silent]\n|upkeep\n|\n|t:|1699741526\n|switch|p1a: Amoonguss|Amoonguss, M|80\/100\n|switch|p2a: Rillaboom|Rillaboom, M|100\/100\n|-damage|p2a: Rillaboom|88\/100|[from] Stealth Rock\n|-fieldstart|move: Grassy Terrain|[from] ability: Grassy Surge|[of] p2a: Rillaboom\n|turn|25\n|\n|t:|1699741533\n|move|p2a: Rillaboom|Knock Off|p1a: Amoonguss\n|-crit|p1a: Amoonguss\n|-damage|p1a: Amoonguss|21\/100\n|-enditem|p1a: Amoonguss|Heavy-Duty Boots|[from] move: Knock Off|[of] p2a: Rillaboom\n|move|p1a: Amoonguss|Sludge Bomb|p2a: Rillaboom\n|-supereffective|p2a: Rillaboom\n|-damage|p2a: Rillaboom|18\/100\n|\n|-heal|p2a: Rillaboom|24\/100|[from] Grassy Terrain\n|-heal|p1a: Amoonguss|27\/100|[from] Grassy Terrain\n|upkeep\n|turn|26\n|\n|t:|1699741543\n|switch|p1a: Dragapult|Dragapult, F|100\/100\n|move|p2a: Rillaboom|Knock Off|p1a: Dragapult\n|-supereffective|p1a: Dragapult\n|-damage|p1a: Dragapult|0 fnt\n|-enditem|p1a: Dragapult|Heavy-Duty Boots|[from] move: Knock Off|[of] p2a: Rillaboom\n|faint|p1a: Dragapult\n|\n|-heal|p2a: Rillaboom|30\/100|[from] Grassy Terrain\n|upkeep\n|\n|t:|1699741544\n|switch|p1a: Amoonguss|Amoonguss, M|60\/100\n|turn|27\n|\n|t:|1699741553\n|move|p2a: Rillaboom|Knock Off|p1a: Amoonguss\n|-damage|p1a: Amoonguss|35\/100\n|move|p1a: Amoonguss|Sludge Bomb|p2a: Rillaboom\n|-supereffective|p2a: Rillaboom\n|-damage|p2a: Rillaboom|0 fnt\n|faint|p2a: Rillaboom\n|\n|-heal|p1a: Amoonguss|41\/100|[from] Grassy Terrain\n|upkeep\n|j| nodogsaleystay\n|\n|t:|1699741556\n|switch|p2a: Dondozo|Dondozo, M|94\/100\n|-damage|p2a: Dondozo|82\/100|[from] Stealth Rock\n|turn|28\n|\n|t:|1699741562\n|-terastallize|p2a: Dondozo|Dark\n|move|p2a: Dondozo|Curse|p2a: Dondozo\n|-unboost|p2a: Dondozo|spe|1\n|-boost|p2a: Dondozo|atk|1\n|-boost|p2a: Dondozo|def|1\n|move|p1a: Amoonguss|Giga Drain|p2a: Dondozo\n|-damage|p2a: Dondozo|62\/100\n|-heal|p1a: Amoonguss|52\/100|[from] drain|[of] p2a: Dondozo\n|\n|-heal|p1a: Amoonguss|59\/100|[from] Grassy Terrain\n|-heal|p2a: Dondozo|68\/100|[from] Grassy Terrain\n|-heal|p2a: Dondozo|74\/100|[from] item: Leftovers\n|upkeep\n|turn|29\n|\n|t:|1699741574\n|move|p1a: Amoonguss|Giga Drain|p2a: Dondozo\n|-crit|p2a: Dondozo\n|-damage|p2a: Dondozo|42\/100\n|-heal|p1a: Amoonguss|77\/100|[from] drain|[of] p2a: Dondozo\n|move|p2a: Dondozo|Curse|p2a: Dondozo\n|-unboost|p2a: Dondozo|spe|1\n|-boost|p2a: Dondozo|atk|1\n|-boost|p2a: Dondozo|def|1\n|\n|-heal|p1a: Amoonguss|83\/100|[from] Grassy Terrain\n|-heal|p2a: Dondozo|48\/100|[from] Grassy Terrain\n|-heal|p2a: Dondozo|54\/100|[from] item: Leftovers\n|-fieldend|move: Grassy Terrain\n|upkeep\n|turn|30\n|\n|t:|1699741586\n|move|p1a: Amoonguss|Spore|p2a: Dondozo\n|-status|p2a: Dondozo|slp|[from] move: Spore\n|cant|p2a: Dondozo|slp\n|\n|-heal|p2a: Dondozo|61\/100 slp|[from] item: Leftovers\n|upkeep\n|turn|31\n|\n|t:|1699741594\n|switch|p1a: Slowking|Slowking-Galar, F|67\/100\n|-curestatus|p2a: Dondozo|slp|[msg]\n|move|p2a: Dondozo|Sleep Talk||[still]\n|-fail|p2a: Dondozo\n|\n|-heal|p2a: Dondozo|67\/100|[from] item: Leftovers\n|upkeep\n|turn|32\n|\n|t:|1699741602\n|move|p1a: Slowking|Sludge Bomb|p2a: Dondozo\n|-damage|p2a: Dondozo|44\/100\n|move|p2a: Dondozo|Curse|p2a: Dondozo\n|-unboost|p2a: Dondozo|spe|1\n|-boost|p2a: Dondozo|atk|1\n|-boost|p2a: Dondozo|def|1\n|\n|-heal|p2a: Dondozo|51\/100|[from] item: Leftovers\n|upkeep\n|turn|33\n|\n|t:|1699741610\n|move|p1a: Slowking|Sludge Bomb|p2a: Dondozo\n|-damage|p2a: Dondozo|28\/100\n|move|p2a: Dondozo|Rest|p2a: Dondozo\n|-status|p2a: Dondozo|slp|[from] move: Rest\n|-heal|p2a: Dondozo|100\/100 slp|[silent]\n|\n|upkeep\n|turn|34\n|\n|t:|1699741617\n|move|p1a: Slowking|Chilly Reception|p1a: Slowking\n|-weather|Snow\n|\n|t:|1699741619\n|switch|p1a: Amoonguss|Amoonguss, M|100\/100|[from] Chilly Reception\n|cant|p2a: Dondozo|slp\n|move|p2a: Dondozo|Sleep Talk|p2a: Dondozo\n|move|p2a: Dondozo|Rest||[from]move: Sleep Talk|[still]\n|-fail|p2a: Dondozo\n|\n|-weather|Snow|[upkeep]\n|upkeep\n|turn|35\n|\n|t:|1699741626\n|move|p1a: Amoonguss|Worry Seed|p2a: Dondozo\n|-endability|p2a: Dondozo|Unaware|[from] move: Worry Seed\n|-ability|p2a: Dondozo|Insomnia|[from] move: Worry Seed\n|-curestatus|p2a: Dondozo|slp|[msg]\n|move|p2a: Dondozo|Sleep Talk||[still]\n|-fail|p2a: Dondozo\n|\n|-weather|Snow|[upkeep]\n|upkeep\n|turn|36\n|\n|t:|1699741634\n|move|p1a: Amoonguss|Sludge Bomb|p2a: Dondozo\n|-damage|p2a: Dondozo|81\/100\n|move|p2a: Dondozo|Curse|p2a: Dondozo\n|-unboost|p2a: Dondozo|spe|1\n|-boost|p2a: Dondozo|atk|1\n|-boost|p2a: Dondozo|def|1\n|\n|-weather|Snow|[upkeep]\n|-heal|p2a: Dondozo|87\/100|[from] item: Leftovers\n|upkeep\n|turn|37\n|j| Bakonlikescufant\n|\n|t:|1699741649\n|move|p1a: Amoonguss|Sludge Bomb|p2a: Dondozo\n|-damage|p2a: Dondozo|69\/100\n|-status|p2a: Dondozo|psn\n|move|p2a: Dondozo|Curse|p2a: Dondozo\n|-unboost|p2a: Dondozo|spe|1\n|-boost|p2a: Dondozo|atk|1\n|-boost|p2a: Dondozo|def|1\n|\n|-weather|Snow|[upkeep]\n|-heal|p2a: Dondozo|75\/100 psn|[from] item: Leftovers\n|-damage|p2a: Dondozo|62\/100 psn|[from] psn\n|upkeep\n|turn|38\n|\n|t:|1699741655\n|move|p1a: Amoonguss|Sludge Bomb|p2a: Dondozo\n|-damage|p2a: Dondozo|42\/100 psn\n|move|p2a: Dondozo|Waterfall|p1a: Amoonguss\n|-resisted|p1a: Amoonguss\n|-damage|p1a: Amoonguss|68\/100\n|\n|-weather|none\n|-heal|p2a: Dondozo|49\/100 psn|[from] item: Leftovers\n|-damage|p2a: Dondozo|36\/100 psn|[from] psn\n|upkeep\n|turn|39\n|c|\u2606ms americana|gg\n|-message|JiR0k forfeited.\n|\n|win|ms americana\n|n|\u2606ms americana|msamericana\n|n|\u2606JiR0k|jir0k\n|n|*Lady Monita \u2746|ladymonita\n|n| nodogsaleystay|nodogsaleystay\n|n| Bakonlikescufant|bakonlikescufant\n|l|*Lady Monita \u2746\n|l|\u2606JiR0k\n","uploadtime":1699741665,"views":11,"p1id":"msamericana","p2id":"jir0k","formatid":"gen9ou","rating":0,"private":0,"password":""}