{"id":"gen9ou-2000264597","p1":"mother's love","p2":"SquishyOfCinder","format":"[Gen 9] OU","log":"|j|\u2606mother's love\n|j|\u2606SquishyOfCinder\n|t:|1701179165\n|gametype|singles\n|player|p1|mother's love|1|1292\n|player|p2|SquishyOfCinder|volkner|1222\n|teamsize|p1|6\n|teamsize|p2|6\n|gen|9\n|tier|[Gen 9] OU\n|rated|\n|rule|Sleep Clause Mod: Limit one foe put to sleep\n|rule|Species Clause: Limit one of each Pok\u00e9mon\n|rule|OHKO Clause: OHKO moves are banned\n|rule|Evasion Items Clause: Evasion items are banned\n|rule|Evasion Moves Clause: Evasion moves are banned\n|rule|Endless Battle Clause: Forcing endless battles is banned\n|rule|HP Percentage Mod: HP is shown in percentages\n|clearpoke\n|poke|p1|Ceruledge, F|\n|poke|p1|Ting-Lu|\n|poke|p1|Ogerpon-Wellspring, F|\n|poke|p1|Garganacl, M|\n|poke|p1|Enamorus, F|\n|poke|p1|Mandibuzz, F|\n|poke|p2|Great Tusk|\n|poke|p2|Arcanine-Hisui, F|\n|poke|p2|Ogerpon, F|\n|poke|p2|Manaphy|\n|poke|p2|Ninetales-Alola, M|\n|poke|p2|Talonflame, M|\n|teampreview\n|inactive|Battle timer is ON: inactive players will automatically lose when time's up. (requested by mother's love)\n|inactive|SquishyOfCinder has 120 seconds left.\n|\n|t:|1701179207\n|start\n|switch|p1a: Garganacl|Garganacl, M|100\/100\n|switch|p2a: Ninetales|Ninetales-Alola, M|100\/100\n|-weather|Snow|[from] ability: Snow Warning|[of] p2a: Ninetales\n|turn|1\n|\n|t:|1701179223\n|move|p2a: Ninetales|Aurora Veil|p2a: Ninetales\n|-sidestart|p2: SquishyOfCinder|move: Aurora Veil\n|move|p1a: Garganacl|Salt Cure|p2a: Ninetales\n|-supereffective|p2a: Ninetales\n|-damage|p2a: Ninetales|86\/100\n|-start|p2a: Ninetales|Salt Cure\n|\n|-weather|Snow|[upkeep]\n|-damage|p2a: Ninetales|73\/100|[from] Salt Cure\n|upkeep\n|turn|2\n|\n|t:|1701179236\n|move|p2a: Ninetales|Chilling Water|p1a: Garganacl\n|-supereffective|p1a: Garganacl\n|-damage|p1a: Garganacl|83\/100\n|-unboost|p1a: Garganacl|atk|1\n|move|p1a: Garganacl|Salt Cure|p2a: Ninetales\n|-supereffective|p2a: Ninetales\n|-damage|p2a: Ninetales|65\/100\n|\n|-weather|Snow|[upkeep]\n|-heal|p1a: Garganacl|89\/100|[from] item: Leftovers\n|-damage|p2a: Ninetales|52\/100|[from] Salt Cure\n|upkeep\n|turn|3\n|\n|t:|1701179247\n|switch|p2a: Manaphy|Manaphy|100\/100\n|move|p1a: Garganacl|Salt Cure|p2a: Manaphy\n|-damage|p2a: Manaphy|95\/100\n|-start|p2a: Manaphy|Salt Cure\n|\n|-weather|Snow|[upkeep]\n|-heal|p2a: Manaphy|100\/100|[from] item: Leftovers\n|-heal|p1a: Garganacl|96\/100|[from] item: Leftovers\n|-damage|p2a: Manaphy|76\/100|[from] Salt Cure\n|upkeep\n|turn|4\n|\n|t:|1701179258\n|switch|p1a: Ogerpon|Ogerpon-Wellspring, F|100\/100\n|move|p2a: Manaphy|Take Heart|p2a: Manaphy\n|-boost|p2a: Manaphy|spa|1\n|-boost|p2a: Manaphy|spd|1\n|\n|-weather|Snow|[upkeep]\n|-heal|p2a: Manaphy|82\/100|[from] item: Leftovers\n|-damage|p2a: Manaphy|57\/100|[from] Salt Cure\n|upkeep\n|turn|5\n|inactive|mother's love has 120 seconds left.\n|\n|t:|1701179307\n|move|p2a: Manaphy|Ice Beam|p1a: Ogerpon\n|-damage|p1a: Ogerpon|57\/100\n|move|p1a: Ogerpon|Trailblaze|p2a: Manaphy\n|-supereffective|p2a: Manaphy\n|-damage|p2a: Manaphy|22\/100\n|-boost|p1a: Ogerpon|spe|1\n|\n|-weather|none\n|-heal|p2a: Manaphy|28\/100|[from] item: Leftovers\n|-damage|p2a: Manaphy|3\/100|[from] Salt Cure\n|upkeep\n|turn|6\n|\n|t:|1701179317\n|move|p1a: Ogerpon|Trailblaze|p2a: Manaphy\n|-supereffective|p2a: Manaphy\n|-damage|p2a: Manaphy|0 fnt\n|-boost|p1a: Ogerpon|spe|1\n|faint|p2a: Manaphy\n|\n|upkeep\n|\n|t:|1701179325\n|switch|p2a: Talonflame|Talonflame, M|100\/100\n|turn|7\n|\n|t:|1701179329\n|switch|p1a: Garganacl|Garganacl, M|96\/100\n|move|p2a: Talonflame|Brave Bird|p1a: Garganacl\n|-resisted|p1a: Garganacl\n|-damage|p1a: Garganacl|82\/100\n|-damage|p2a: Talonflame|94\/100|[from] Recoil\n|\n|-heal|p1a: Garganacl|88\/100|[from] item: Leftovers\n|upkeep\n|turn|8\n|\n|t:|1701179339\n|move|p2a: Talonflame|Taunt|p1a: Garganacl\n|-start|p1a: Garganacl|move: Taunt\n|move|p1a: Garganacl|Salt Cure|p2a: Talonflame\n|-supereffective|p2a: Talonflame\n|-damage|p2a: Talonflame|51\/100\n|-start|p2a: Talonflame|Salt Cure\n|\n|-heal|p1a: Garganacl|94\/100|[from] item: Leftovers\n|-damage|p2a: Talonflame|39\/100|[from] Salt Cure\n|-sideend|p2: SquishyOfCinder|move: Aurora Veil\n|upkeep\n|turn|9\n|\n|t:|1701179361\n|move|p2a: Talonflame|U-turn|p1a: Garganacl\n|-damage|p1a: Garganacl|83\/100\n|inactive|SquishyOfCinder has 120 seconds left.\n|\n|t:|1701179387\n|switch|p2a: Ogerpon|Ogerpon, F|100\/100|[from] U-turn\n|move|p1a: Garganacl|Salt Cure|p2a: Ogerpon\n|-crit|p2a: Ogerpon\n|-damage|p2a: Ogerpon|75\/100\n|-start|p2a: Ogerpon|Salt Cure\n|\n|-heal|p1a: Garganacl|90\/100|[from] item: Leftovers\n|-damage|p2a: Ogerpon|62\/100|[from] Salt Cure\n|upkeep\n|turn|10\n|inactive|SquishyOfCinder has 90 seconds left.\n|inactive|SquishyOfCinder has 60 seconds left.\n|\n|t:|1701179476\n|switch|p1a: Mandibuzz|Mandibuzz, F|100\/100\n|move|p2a: Ogerpon|Ivy Cudgel|p1a: Mandibuzz\n|-resisted|p1a: Mandibuzz\n|-damage|p1a: Mandibuzz|84\/100\n|-damage|p2a: Ogerpon|52\/100|[from] item: Life Orb\n|\n|-damage|p2a: Ogerpon|40\/100|[from] Salt Cure\n|upkeep\n|turn|11\n|\n|t:|1701179487\n|switch|p2a: Talonflame|Talonflame, M|39\/100\n|move|p1a: Mandibuzz|U-turn|p2a: Talonflame\n|-resisted|p2a: Talonflame\n|-damage|p2a: Talonflame|35\/100\n|\n|t:|1701179492\n|switch|p1a: Garganacl|Garganacl, M|90\/100|[from] U-turn\n|\n|-heal|p1a: Garganacl|96\/100|[from] item: Leftovers\n|upkeep\n|turn|12\n|\n|t:|1701179504\n|move|p2a: Talonflame|Tailwind|p2a: Talonflame\n|-sidestart|p2: SquishyOfCinder|move: Tailwind\n|move|p1a: Garganacl|Salt Cure|p2a: Talonflame\n|-supereffective|p2a: Talonflame\n|-damage|p2a: Talonflame|0 fnt\n|faint|p2a: Talonflame\n|\n|-heal|p1a: Garganacl|100\/100|[from] item: Leftovers\n|upkeep\n|inactive|SquishyOfCinder has 30 seconds left.\n|\n|t:|1701179525\n|switch|p2a: Great Tusk|Great Tusk|100\/100\n|turn|13\n|\n|t:|1701179528\n|-terastallize|p1a: Garganacl|Ghost\n|move|p2a: Great Tusk|Stealth Rock|p1a: Garganacl\n|-sidestart|p1: mother's love|move: Stealth Rock\n|move|p1a: Garganacl|Salt Cure|p2a: Great Tusk\n|-resisted|p2a: Great Tusk\n|-damage|p2a: Great Tusk|98\/100\n|-start|p2a: Great Tusk|Salt Cure\n|\n|-damage|p2a: Great Tusk|85\/100|[from] Salt Cure\n|upkeep\n|turn|14\n|\n|t:|1701179538\n|-end|p2a: Great Tusk|Protosynthesis|[silent]\n|switch|p2a: Ogerpon|Ogerpon, F|40\/100\n|move|p1a: Garganacl|Iron Defense|p1a: Garganacl\n|-boost|p1a: Garganacl|def|2\n|\n|upkeep\n|turn|15\n|\n|t:|1701179543\n|move|p2a: Ogerpon|Knock Off|p1a: Garganacl\n|-supereffective|p1a: Garganacl\n|-damage|p1a: Garganacl|75\/100\n|-enditem|p1a: Garganacl|Leftovers|[from] move: Knock Off|[of] p2a: Ogerpon\n|-damage|p2a: Ogerpon|30\/100|[from] item: Life Orb\n|move|p1a: Garganacl|Body Press|p2a: Ogerpon\n|-damage|p2a: Ogerpon|0 fnt\n|faint|p2a: Ogerpon\n|\n|-sideend|p2: SquishyOfCinder|move: Tailwind\n|upkeep\n|\n|t:|1701179552\n|switch|p2a: Ninetales|Ninetales-Alola, M|52\/100\n|-weather|Snow|[from] ability: Snow Warning|[of] p2a: Ninetales\n|turn|16\n|\n|t:|1701179555\n|move|p2a: Ninetales|Aurora Veil|p2a: Ninetales\n|-sidestart|p2: SquishyOfCinder|move: Aurora Veil\n|move|p1a: Garganacl|Salt Cure|p2a: Ninetales\n|-supereffective|p2a: Ninetales\n|-damage|p2a: Ninetales|37\/100\n|-start|p2a: Ninetales|Salt Cure\n|\n|-weather|Snow|[upkeep]\n|-damage|p2a: Ninetales|25\/100|[from] Salt Cure\n|upkeep\n|turn|17\n|\n|t:|1701179562\n|move|p2a: Ninetales|Chilling Water|p1a: Garganacl\n|-damage|p1a: Garganacl|65\/100\n|-unboost|p1a: Garganacl|atk|1\n|move|p1a: Garganacl|Iron Defense|p1a: Garganacl\n|-boost|p1a: Garganacl|def|2\n|\n|-weather|Snow|[upkeep]\n|-damage|p2a: Ninetales|13\/100|[from] Salt Cure\n|upkeep\n|turn|18\n|\n|t:|1701179570\n|move|p2a: Ninetales|Moonblast|p1a: Garganacl\n|-damage|p1a: Garganacl|41\/100\n|move|p1a: Garganacl|Recover|p1a: Garganacl\n|-heal|p1a: Garganacl|91\/100\n|\n|-weather|Snow|[upkeep]\n|-damage|p2a: Ninetales|1\/100|[from] Salt Cure\n|upkeep\n|turn|19\n|n|!SquishyOfCinder|squishyofcinder\n|-message|SquishyOfCinder forfeited.\n|\n|win|mother's love\n|raw|mother&apos;s love's rating: 1292 &rarr; <strong>1312<\/strong><br \/>(+20 for winning)\n|raw|SquishyOfCinder's rating: 1222 &rarr; <strong>1202<\/strong><br \/>(-20 for losing)\n|l|!SquishyOfCinder\n","uploadtime":1701179580,"views":3,"p1id":"motherslove","p2id":"squishyofcinder","formatid":"gen9ou","rating":1202,"private":0,"password":""}