{"id":"gen9ou-1995579191","p1":"typegenious","p2":"Shaheen85800","format":"[Gen 9] OU","log":"|j|\u2606typegenious\n|j|\u2606Shaheen85800\n|t:|1700584562\n|gametype|singles\n|player|p1|typegenious|169|1135\n|player|p2|Shaheen85800|workerice|1047\n|teamsize|p1|6\n|teamsize|p2|6\n|gen|9\n|tier|[Gen 9] OU\n|rated|\n|rule|Sleep Clause Mod: Limit one foe put to sleep\n|rule|Species Clause: Limit one of each Pok\u00e9mon\n|rule|OHKO Clause: OHKO moves are banned\n|rule|Evasion Items Clause: Evasion items are banned\n|rule|Evasion Moves Clause: Evasion moves are banned\n|rule|Endless Battle Clause: Forcing endless battles is banned\n|rule|HP Percentage Mod: HP is shown in percentages\n|clearpoke\n|poke|p1|Gholdengo|\n|poke|p1|Arcanine-Hisui, M|\n|poke|p1|Great Tusk|\n|poke|p1|Rillaboom, M|\n|poke|p1|Dragonite, F|\n|poke|p1|Ribombee, F|\n|poke|p2|Mimikyu, M|\n|poke|p2|Falinks|\n|poke|p2|Samurott-Hisui, M|\n|poke|p2|Zoroark-Hisui, M|\n|poke|p2|Lokix, M|\n|poke|p2|Dipplin, M|\n|teampreview\n|inactive|Battle timer is ON: inactive players will automatically lose when time's up. (requested by typegenious)\n|inactive|Shaheen85800 also wants the timer to be on.\n|\n|t:|1700584572\n|start\n|switch|p1a: Go kill|Ribombee, F|100\/100\n|switch|p2a: Familinks|Falinks, shiny|100\/100\n|turn|1\n|\n|t:|1700584583\n|-terastallize|p2a: Familinks|Steel\n|move|p1a: Go kill|Sticky Web|p2a: Familinks\n|-sidestart|p2: Shaheen85800|move: Sticky Web\n|move|p2a: Familinks|No Retreat|p2a: Familinks\n|-boost|p2a: Familinks|atk|1\n|-boost|p2a: Familinks|def|1\n|-boost|p2a: Familinks|spa|1\n|-boost|p2a: Familinks|spd|1\n|-boost|p2a: Familinks|spe|1\n|-start|p2a: Familinks|move: No Retreat\n|\n|upkeep\n|turn|2\n|\n|t:|1700584591\n|move|p2a: Familinks|Rock Slide|p1a: Go kill\n|-supereffective|p1a: Go kill\n|-enditem|p1a: Go kill|Focus Sash\n|-damage|p1a: Go kill|1\/100\n|move|p1a: Go kill|Moonblast|p2a: Familinks\n|-resisted|p2a: Familinks\n|-damage|p2a: Familinks|74\/100\n|\n|-heal|p2a: Familinks|80\/100|[from] item: Leftovers\n|upkeep\n|turn|3\n|c|\u2606Shaheen85800|crap\n|\n|t:|1700584615\n|switch|p1a: Rillaboom|Rillaboom, M|100\/100\n|-fieldstart|move: Grassy Terrain|[from] ability: Grassy Surge|[of] p1a: Rillaboom\n|move|p2a: Familinks|Rock Slide|p1a: Rillaboom|[miss]\n|-miss|p2a: Familinks|p1a: Rillaboom\n|\n|-heal|p2a: Familinks|86\/100|[from] Grassy Terrain\n|-heal|p2a: Familinks|92\/100|[from] item: Leftovers\n|upkeep\n|turn|4\n|\n|t:|1700584628\n|move|p2a: Familinks|Megahorn|p1a: Rillaboom\n|-supereffective|p1a: Rillaboom\n|-crit|p1a: Rillaboom\n|-damage|p1a: Rillaboom|0 fnt\n|faint|p1a: Rillaboom\n|\n|-heal|p2a: Familinks|98\/100|[from] Grassy Terrain\n|-heal|p2a: Familinks|100\/100|[from] item: Leftovers\n|upkeep\n|\n|t:|1700584642\n|switch|p1a: Dragonite|Dragonite, F|100\/100\n|turn|5\n|\n|t:|1700584646\n|move|p2a: Familinks|Rock Slide|p1a: Dragonite\n|-supereffective|p1a: Dragonite\n|-damage|p1a: Dragonite|64\/100\n|move|p1a: Dragonite|Earthquake|p2a: Familinks\n|-supereffective|p2a: Familinks\n|-damage|p2a: Familinks|66\/100\n|\n|-heal|p2a: Familinks|72\/100|[from] Grassy Terrain\n|-heal|p2a: Familinks|78\/100|[from] item: Leftovers\n|-heal|p1a: Dragonite|70\/100|[from] item: Leftovers\n|upkeep\n|turn|6\n|\n|t:|1700584656\n|move|p2a: Familinks|Rock Slide|p1a: Dragonite\n|-supereffective|p1a: Dragonite\n|-damage|p1a: Dragonite|0 fnt\n|faint|p1a: Dragonite\n|\n|-heal|p2a: Familinks|84\/100|[from] Grassy Terrain\n|-heal|p2a: Familinks|89\/100|[from] item: Leftovers\n|upkeep\n|\n|t:|1700584661\n|switch|p1a: Arcanine|Arcanine-Hisui, M|100\/100\n|turn|7\n|\n|t:|1700584667\n|move|p2a: Familinks|Close Combat|p1a: Arcanine\n|-supereffective|p1a: Arcanine\n|-damage|p1a: Arcanine|0 fnt\n|-unboost|p2a: Familinks|def|1\n|-unboost|p2a: Familinks|spd|1\n|faint|p1a: Arcanine\n|\n|-heal|p2a: Familinks|95\/100|[from] Grassy Terrain\n|-heal|p2a: Familinks|100\/100|[from] item: Leftovers\n|-fieldend|move: Grassy Terrain\n|upkeep\n|\n|t:|1700584671\n|switch|p1a: Gholdengo|Gholdengo|100\/100\n|-item|p1a: Gholdengo|Air Balloon\n|turn|8\n|c|\u2606Shaheen85800|bro\n|c|\u2606Shaheen85800|falinks\n|\n|t:|1700584677\n|move|p2a: Familinks|Rock Slide|p1a: Gholdengo\n|-resisted|p1a: Gholdengo\n|-damage|p1a: Gholdengo|82\/100\n|-enditem|p1a: Gholdengo|Air Balloon\n|move|p1a: Gholdengo|Nasty Plot|p1a: Gholdengo\n|-boost|p1a: Gholdengo|spa|2\n|\n|upkeep\n|turn|9\n|\n|t:|1700584681\n|move|p2a: Familinks|Megahorn|p1a: Gholdengo\n|-resisted|p1a: Gholdengo\n|-damage|p1a: Gholdengo|68\/100\n|move|p1a: Gholdengo|Nasty Plot|p1a: Gholdengo\n|-boost|p1a: Gholdengo|spa|2\n|\n|upkeep\n|turn|10\n|c|\u2606Shaheen85800|k i'm fked\n|\n|t:|1700584691\n|move|p2a: Familinks|Megahorn|p1a: Gholdengo|[miss]\n|-miss|p2a: Familinks|p1a: Gholdengo\n|move|p1a: Gholdengo|Shadow Ball|p2a: Familinks\n|-damage|p2a: Familinks|0 fnt\n|faint|p2a: Familinks\n|\n|upkeep\n|\n|t:|1700584697\n|switch|p2a: Iron Bug|Lokix, M, shiny|100\/100\n|-activate|p2a: Iron Bug|move: Sticky Web\n|-unboost|p2a: Iron Bug|spe|1\n|turn|11\n|\n|t:|1700584706\n|move|p2a: Iron Bug|Sucker Punch|p1a: Gholdengo\n|-supereffective|p1a: Gholdengo\n|-damage|p1a: Gholdengo|0 fnt\n|faint|p1a: Gholdengo\n|\n|upkeep\n|\n|t:|1700584708\n|switch|p1a: Great Tusk|Great Tusk|100\/100\n|turn|12\n|\n|t:|1700584716\n|move|p1a: Great Tusk|Rapid Spin|p2a: Iron Bug\n|-damage|p2a: Iron Bug|72\/100\n|-boost|p1a: Great Tusk|spe|1\n|move|p2a: Iron Bug|Swords Dance|p2a: Iron Bug\n|-boost|p2a: Iron Bug|atk|2\n|\n|-heal|p2a: Iron Bug|78\/100|[from] item: Leftovers\n|upkeep\n|turn|13\n|\n|t:|1700584724\n|move|p2a: Iron Bug|Sucker Punch||[still]\n|-fail|p2a: Iron Bug\n|move|p1a: Great Tusk|Stealth Rock|p2a: Iron Bug\n|-sidestart|p2: Shaheen85800|move: Stealth Rock\n|\n|-heal|p2a: Iron Bug|84\/100|[from] item: Leftovers\n|upkeep\n|turn|14\n|\n|t:|1700584729\n|move|p2a: Iron Bug|Sucker Punch|p1a: Great Tusk\n|-resisted|p1a: Great Tusk\n|-damage|p1a: Great Tusk|59\/100\n|move|p1a: Great Tusk|Headlong Rush|p2a: Iron Bug\n|-resisted|p2a: Iron Bug\n|-damage|p2a: Iron Bug|35\/100\n|-unboost|p1a: Great Tusk|def|1\n|-unboost|p1a: Great Tusk|spd|1\n|\n|-heal|p1a: Great Tusk|66\/100|[from] item: Leftovers\n|-heal|p2a: Iron Bug|41\/100|[from] item: Leftovers\n|upkeep\n|turn|15\n|\n|t:|1700584740\n|move|p1a: Great Tusk|Headlong Rush|p2a: Iron Bug\n|-resisted|p2a: Iron Bug\n|-damage|p2a: Iron Bug|0 fnt\n|-unboost|p1a: Great Tusk|def|1\n|-unboost|p1a: Great Tusk|spd|1\n|faint|p2a: Iron Bug\n|\n|-heal|p1a: Great Tusk|72\/100|[from] item: Leftovers\n|upkeep\n|\n|t:|1700584751\n|switch|p2a: Mimikyu|Mimikyu, M|100\/100\n|-activate|p2a: Mimikyu|move: Sticky Web\n|-unboost|p2a: Mimikyu|spe|1\n|-damage|p2a: Mimikyu|88\/100|[from] Stealth Rock\n|turn|16\n|\n|t:|1700584755\n|-end|p1a: Great Tusk|Protosynthesis|[silent]\n|switch|p1a: Go kill|Ribombee, F|1\/100\n|move|p2a: Mimikyu|Wood Hammer|p1a: Go kill\n|-resisted|p1a: Go kill\n|-damage|p1a: Go kill|0 fnt\n|faint|p1a: Go kill\n|-damage|p2a: Mimikyu|88\/100|[from] Recoil\n|\n|-heal|p2a: Mimikyu|94\/100|[from] item: Leftovers\n|upkeep\n|\n|t:|1700584759\n|switch|p1a: Great Tusk|Great Tusk|72\/100\n|turn|17\n|\n|t:|1700584765\n|move|p2a: Mimikyu|Swords Dance|p2a: Mimikyu\n|-boost|p2a: Mimikyu|atk|2\n|move|p1a: Great Tusk|Ice Spinner|p2a: Mimikyu\n|-activate|p2a: Mimikyu|ability: Disguise\n|-damage|p2a: Mimikyu|94\/100\n|detailschange|p2a: Mimikyu|Mimikyu-Busted, M\n|-damage|p2a: Mimikyu|81\/100|[from] pokemon: Mimikyu-Busted\n|\n|-heal|p2a: Mimikyu|87\/100|[from] item: Leftovers\n|-heal|p1a: Great Tusk|78\/100|[from] item: Leftovers\n|upkeep\n|turn|18\n|\n|t:|1700584774\n|move|p2a: Mimikyu|Play Rough|p1a: Great Tusk\n|-supereffective|p1a: Great Tusk\n|-damage|p1a: Great Tusk|0 fnt\n|faint|p1a: Great Tusk\n|-end|p1a: Great Tusk|Protosynthesis|[silent]\n|\n|win|Shaheen85800\n|raw|typegenious's rating: 1135 &rarr; <strong>1104<\/strong><br \/>(-31 for losing)\n|raw|Shaheen85800's rating: 1047 &rarr; <strong>1088<\/strong><br \/>(+41 for winning)\n|l|\u2606typegenious\n","uploadtime":1700584779,"views":17,"p1id":"typegenious","p2id":"shaheen85800","formatid":"gen9ou","rating":1088,"private":0,"password":""}