{"id":"gen9ou-1990144892","p1":"Violet Mask","p2":"LuffySwampertIce","format":"[Gen 9] OU","log":"|j|\u2606Violet Mask\n|j|\u2606LuffySwampertIce\n|t:|1699929441\n|gametype|singles\n|player|p1|Violet Mask|mira|1571\n|player|p2|LuffySwampertIce|marlon|1508\n|teamsize|p1|6\n|teamsize|p2|6\n|gen|9\n|tier|[Gen 9] OU\n|rated|\n|rule|Sleep Clause Mod: Limit one foe put to sleep\n|rule|Species Clause: Limit one of each Pok\u00e9mon\n|rule|OHKO Clause: OHKO moves are banned\n|rule|Evasion Items Clause: Evasion items are banned\n|rule|Evasion Moves Clause: Evasion moves are banned\n|rule|Endless Battle Clause: Forcing endless battles is banned\n|rule|HP Percentage Mod: HP is shown in percentages\n|clearpoke\n|poke|p1|Manaphy|\n|poke|p1|Iron Thorns|\n|poke|p1|Ninetales-Alola, F|\n|poke|p1|Great Tusk|\n|poke|p1|Kingambit, M|\n|poke|p1|Dragapult, F|\n|poke|p2|Clefable, M|\n|poke|p2|Empoleon, M|\n|poke|p2|Arcanine-Hisui, M|\n|poke|p2|Breloom, M|\n|poke|p2|Corviknight, M|\n|poke|p2|Slowking-Galar, M|\n|teampreview\n|inactive|Battle timer is ON: inactive players will automatically lose when time's up. (requested by Violet Mask)\n|\n|t:|1699929459\n|start\n|switch|p1a: Dragapult|Dragapult, F|100\/100\n|switch|p2a: Empoleon|Empoleon, M, shiny|100\/100\n|turn|1\n|\n|t:|1699929465\n|switch|p1a: Great Tusk|Great Tusk|100\/100\n|-enditem|p1a: Great Tusk|Booster Energy\n|-activate|p1a: Great Tusk|ability: Protosynthesis|[fromitem]\n|-start|p1a: Great Tusk|protosynthesisatk\n|move|p2a: Empoleon|Knock Off|p1a: Great Tusk\n|-resisted|p1a: Great Tusk\n|-damage|p1a: Great Tusk|96\/100\n|\n|upkeep\n|turn|2\n|\n|t:|1699929487\n|-end|p1a: Great Tusk|Protosynthesis|[silent]\n|switch|p1a: Iron Thorns|Iron Thorns, shiny|100\/100\n|-enditem|p1a: Iron Thorns|Booster Energy\n|-activate|p1a: Iron Thorns|ability: Quark Drive|[fromitem]\n|-start|p1a: Iron Thorns|quarkdrivespe\n|switch|p2a: Corviknight|Corviknight, M, shiny|100\/100\n|\n|upkeep\n|turn|3\n|inactive|LuffySwampertIce has 120 seconds left.\n|inactive|LuffySwampertIce has 90 seconds left.\n|inactive|LuffySwampertIce has 60 seconds left.\n|inactive|LuffySwampertIce has 30 seconds left.\n|\n|t:|1699929605\n|move|p1a: Iron Thorns|Thunder Punch|p2a: Corviknight\n|-supereffective|p2a: Corviknight\n|-damage|p2a: Corviknight|64\/100\n|-damage|p1a: Iron Thorns|84\/100|[from] item: Rocky Helmet|[of] p2a: Corviknight\n|move|p2a: Corviknight|Iron Defense|p2a: Corviknight\n|-boost|p2a: Corviknight|def|2\n|\n|upkeep\n|turn|4\n|\n|t:|1699929611\n|-end|p1a: Iron Thorns|Quark Drive|[silent]\n|switch|p1a: Dragapult|Dragapult, F|100\/100\n|move|p2a: Corviknight|Roost|p2a: Corviknight\n|-heal|p2a: Corviknight|100\/100\n|-singleturn|p2a: Corviknight|move: Roost\n|\n|upkeep\n|turn|5\n|\n|t:|1699929616\n|switch|p2a: Empoleon|Empoleon, M, shiny|100\/100\n|move|p1a: Dragapult|Flamethrower|p2a: Empoleon\n|-damage|p2a: Empoleon|78\/100\n|-damage|p1a: Dragapult|91\/100|[from] item: Life Orb\n|\n|-heal|p2a: Empoleon|84\/100|[from] item: Leftovers\n|upkeep\n|turn|6\n|\n|t:|1699929624\n|switch|p1a: Great Tusk|Great Tusk|96\/100\n|move|p2a: Empoleon|Knock Off|p1a: Great Tusk\n|-resisted|p1a: Great Tusk\n|-damage|p1a: Great Tusk|91\/100\n|\n|-heal|p2a: Empoleon|90\/100|[from] item: Leftovers\n|upkeep\n|turn|7\n|\n|t:|1699929632\n|-end|p1a: Great Tusk|Protosynthesis|[silent]\n|switch|p1a: Dragapult|Dragapult, F|91\/100\n|switch|p2a: Corviknight|Corviknight, M, shiny|100\/100\n|\n|upkeep\n|turn|8\n|inactive|LuffySwampertIce has 60 seconds left.\n|\n|t:|1699929638\n|switch|p2a: Empoleon|Empoleon, M, shiny|90\/100\n|move|p1a: Dragapult|Flamethrower|p2a: Empoleon\n|-damage|p2a: Empoleon|67\/100\n|-damage|p1a: Dragapult|81\/100|[from] item: Life Orb\n|\n|-heal|p2a: Empoleon|73\/100|[from] item: Leftovers\n|upkeep\n|turn|9\n|\n|t:|1699929645\n|move|p1a: Dragapult|Flamethrower|p2a: Empoleon\n|-damage|p2a: Empoleon|52\/100\n|-damage|p1a: Dragapult|71\/100|[from] item: Life Orb\n|move|p2a: Empoleon|Stealth Rock|p1a: Dragapult\n|-sidestart|p1: Violet Mask|move: Stealth Rock\n|\n|-heal|p2a: Empoleon|58\/100|[from] item: Leftovers\n|upkeep\n|turn|10\n|\n|t:|1699929651\n|switch|p1a: Great Tusk|Great Tusk|91\/100\n|-damage|p1a: Great Tusk|88\/100|[from] Stealth Rock\n|move|p2a: Empoleon|Surf|p1a: Great Tusk\n|-supereffective|p1a: Great Tusk\n|-damage|p1a: Great Tusk|0 fnt\n|faint|p1a: Great Tusk\n|-end|p1a: Great Tusk|Protosynthesis|[silent]\n|\n|-heal|p2a: Empoleon|64\/100|[from] item: Leftovers\n|upkeep\n|\n|t:|1699929659\n|switch|p1a: Manaphy|Manaphy|100\/100\n|-damage|p1a: Manaphy|88\/100|[from] Stealth Rock\n|turn|11\n|\n|t:|1699929667\n|move|p1a: Manaphy|Acid Armor|p1a: Manaphy\n|-boost|p1a: Manaphy|def|2\n|move|p2a: Empoleon|Knock Off|p1a: Manaphy\n|-damage|p1a: Manaphy|82\/100\n|-enditem|p1a: Manaphy|Leftovers|[from] move: Knock Off|[of] p2a: Empoleon\n|\n|-heal|p2a: Empoleon|70\/100|[from] item: Leftovers\n|upkeep\n|turn|12\n|inactive|LuffySwampertIce has 90 seconds left.\n|\n|t:|1699929690\n|move|p1a: Manaphy|Acid Armor|p1a: Manaphy\n|-boost|p1a: Manaphy|def|2\n|move|p2a: Empoleon|Surf|p1a: Manaphy\n|-resisted|p1a: Manaphy\n|-damage|p1a: Manaphy|66\/100\n|\n|-heal|p2a: Empoleon|77\/100|[from] item: Leftovers\n|upkeep\n|turn|13\n|\n|t:|1699929699\n|move|p1a: Manaphy|Take Heart|p1a: Manaphy\n|-boost|p1a: Manaphy|spa|1\n|-boost|p1a: Manaphy|spd|1\n|move|p2a: Empoleon|Surf|p1a: Manaphy\n|-resisted|p1a: Manaphy\n|-damage|p1a: Manaphy|57\/100\n|\n|-heal|p2a: Empoleon|83\/100|[from] item: Leftovers\n|upkeep\n|turn|14\n|\n|t:|1699929704\n|move|p1a: Manaphy|Take Heart|p1a: Manaphy\n|-boost|p1a: Manaphy|spa|1\n|-boost|p1a: Manaphy|spd|1\n|move|p2a: Empoleon|Surf|p1a: Manaphy\n|-resisted|p1a: Manaphy\n|-damage|p1a: Manaphy|50\/100\n|\n|-heal|p2a: Empoleon|89\/100|[from] item: Leftovers\n|upkeep\n|turn|15\n|\n|t:|1699929707\n|move|p1a: Manaphy|Take Heart|p1a: Manaphy\n|-boost|p1a: Manaphy|spa|1\n|-boost|p1a: Manaphy|spd|1\n|move|p2a: Empoleon|Surf|p1a: Manaphy\n|-resisted|p1a: Manaphy\n|-damage|p1a: Manaphy|44\/100\n|\n|-heal|p2a: Empoleon|95\/100|[from] item: Leftovers\n|upkeep\n|turn|16\n|\n|t:|1699929709\n|move|p1a: Manaphy|Take Heart|p1a: Manaphy\n|-boost|p1a: Manaphy|spa|1\n|-boost|p1a: Manaphy|spd|1\n|move|p2a: Empoleon|Knock Off|p1a: Manaphy\n|-damage|p1a: Manaphy|41\/100\n|\n|-heal|p2a: Empoleon|100\/100|[from] item: Leftovers\n|upkeep\n|turn|17\n|inactive|LuffySwampertIce has 120 seconds left.\n|\n|t:|1699929719\n|move|p1a: Manaphy|Take Heart|p1a: Manaphy\n|-boost|p1a: Manaphy|spa|1\n|-boost|p1a: Manaphy|spd|1\n|move|p2a: Empoleon|Surf|p1a: Manaphy\n|-resisted|p1a: Manaphy\n|-damage|p1a: Manaphy|37\/100\n|\n|upkeep\n|turn|18\n|\n|t:|1699929729\n|move|p1a: Manaphy|Take Heart|p1a: Manaphy\n|-boost|p1a: Manaphy|spa|1\n|-boost|p1a: Manaphy|spd|1\n|move|p2a: Empoleon|Surf|p1a: Manaphy\n|-resisted|p1a: Manaphy\n|-damage|p1a: Manaphy|34\/100\n|\n|upkeep\n|turn|19\n|inactive|LuffySwampertIce has 120 seconds left.\n|inactive|LuffySwampertIce has 90 seconds left.\n|j| Whammy696969\n|\n|t:|1699929786\n|move|p1a: Manaphy|Stored Power|p2a: Empoleon\n|-resisted|p2a: Empoleon\n|-damage|p2a: Empoleon|2\/100\n|move|p2a: Empoleon|Surf|p1a: Manaphy\n|-resisted|p1a: Manaphy\n|-damage|p1a: Manaphy|30\/100\n|\n|-heal|p2a: Empoleon|8\/100|[from] item: Leftovers\n|upkeep\n|turn|20\n|\n|t:|1699929790\n|move|p1a: Manaphy|Scald|p2a: Empoleon\n|-resisted|p2a: Empoleon\n|-damage|p2a: Empoleon|0 fnt\n|faint|p2a: Empoleon\n|\n|upkeep\n|\n|t:|1699929793\n|switch|p2a: Clefable|Clefable, M, shiny|100\/100\n|turn|21\n|\n|t:|1699929795\n|move|p1a: Manaphy|Stored Power|p2a: Clefable\n|-damage|p2a: Clefable|37\/100\n|move|p2a: Clefable|Cosmic Power|p2a: Clefable\n|-boost|p2a: Clefable|def|1\n|-boost|p2a: Clefable|spd|1\n|\n|-heal|p2a: Clefable|43\/100|[from] item: Leftovers\n|upkeep\n|turn|22\n|\n|t:|1699929801\n|move|p1a: Manaphy|Stored Power|p2a: Clefable\n|-damage|p2a: Clefable|0 fnt\n|faint|p2a: Clefable\n|\n|upkeep\n|\n|t:|1699929806\n|switch|p2a: Breloom|Breloom, M, shiny|100\/100\n|turn|23\n|inactive|LuffySwampertIce has 120 seconds left.\n|\n|t:|1699929819\n|-terastallize|p1a: Manaphy|Poison\n|move|p1a: Manaphy|Stored Power|p2a: Breloom\n|-supereffective|p2a: Breloom\n|-damage|p2a: Breloom|0 fnt\n|faint|p2a: Breloom\n|\n|upkeep\n|\n|t:|1699929822\n|switch|p2a: Slowking|Slowking-Galar, M|100\/100\n|turn|24\n|-message|LuffySwampertIce forfeited.\n|\n|win|Violet Mask\n|raw|Violet Mask's rating: 1571 &rarr; <strong>1587<\/strong><br \/>(+16 for winning)\n|raw|LuffySwampertIce's rating: 1508 &rarr; <strong>1492<\/strong><br \/>(-16 for losing)\n|l|\u2606LuffySwampertIce\n","uploadtime":1699929829,"views":14,"p1id":"violetmask","p2id":"luffyswampertice","formatid":"gen9ou","rating":1492,"private":0,"password":""}