{"id":"gen9ou-1999749068","p1":"AkiDes","p2":"aalleepp____","format":"[Gen 9] OU","log":"|j|\u2606AkiDes\n|j|\u203daalleepp____\n|t:|1701113262\n|gametype|singles\n|player|p1|AkiDes|volkner|1182\n|player|p2|aalleepp____|li|1289\n|teamsize|p1|6\n|teamsize|p2|6\n|gen|9\n|tier|[Gen 9] OU\n|rated|\n|rule|Sleep Clause Mod: Limit one foe put to sleep\n|rule|Species Clause: Limit one of each Pok\u00e9mon\n|rule|OHKO Clause: OHKO moves are banned\n|rule|Evasion Items Clause: Evasion items are banned\n|rule|Evasion Moves Clause: Evasion moves are banned\n|rule|Endless Battle Clause: Forcing endless battles is banned\n|rule|HP Percentage Mod: HP is shown in percentages\n|clearpoke\n|poke|p1|Greninja-*, M|\n|poke|p1|Dragonite, M|\n|poke|p1|Cinderace, M|\n|poke|p1|Mandibuzz, F|\n|poke|p1|Jolteon, M|\n|poke|p1|Glimmora, F|\n|poke|p2|Shiftry, F|\n|poke|p2|Enamorus, F|\n|poke|p2|Zapdos|\n|poke|p2|Ceruledge, M|\n|poke|p2|Landorus-Therian, M|\n|poke|p2|Corviknight, F|\n|teampreview\n|inactive|Battle timer is ON: inactive players will automatically lose when time's up. (requested by AkiDes)\n|\n|t:|1701113286\n|start\n|switch|p1a: Cinderace|Cinderace, M|100\/100\n|switch|p2a: Enamorus|Enamorus, F|100\/100\n|turn|1\n|\n|t:|1701113290\n|move|p1a: Cinderace|Pyro Ball|p2a: Enamorus\n|-damage|p2a: Enamorus|19\/100\n|move|p2a: Enamorus|Tailwind|p2a: Enamorus\n|-sidestart|p2: aalleepp____|move: Tailwind\n|\n|upkeep\n|turn|2\n|\n|t:|1701113293\n|move|p1a: Cinderace|Sucker Punch|p2a: Enamorus\n|-start|p1a: Cinderace|typechange|Dark|[from] ability: Libero\n|-resisted|p2a: Enamorus\n|-damage|p2a: Enamorus|0 fnt\n|faint|p2a: Enamorus\n|\n|upkeep\n|\n|t:|1701113297\n|switch|p2a: Landorus|Landorus-Therian, M|100\/100\n|-ability|p2a: Landorus|Intimidate|boost\n|-unboost|p1a: Cinderace|atk|1\n|turn|3\n|\n|t:|1701113303\n|switch|p1a: Glimmora|Glimmora, F|100\/100\n|-item|p1a: Glimmora|Air Balloon\n|move|p2a: Landorus|Rock Slide|p1a: Glimmora\n|-damage|p1a: Glimmora|52\/100\n|-activate|p1a: Glimmora|ability: Toxic Debris\n|-sidestart|p2: aalleepp____|move: Toxic Spikes\n|-enditem|p1a: Glimmora|Air Balloon\n|\n|upkeep\n|turn|4\n|\n|t:|1701113308\n|switch|p2a: Zapdos|Zapdos|100\/100\n|move|p1a: Glimmora|Explosion|p2a: Zapdos\n|-damage|p2a: Zapdos|59\/100\n|faint|p1a: Glimmora\n|\n|-sideend|p2: aalleepp____|move: Tailwind\n|upkeep\n|\n|t:|1701113315\n|switch|p1a: Greninja|Greninja, M|100\/100\n|turn|5\n|\n|t:|1701113317\n|move|p1a: Greninja|Ice Beam|p2a: Zapdos\n|-start|p1a: Greninja|typechange|Ice|[from] ability: Protean\n|-supereffective|p2a: Zapdos\n|-damage|p2a: Zapdos|0 fnt\n|faint|p2a: Zapdos\n|\n|upkeep\n|\n|t:|1701113321\n|switch|p2a: Corviknight|Corviknight, F|100\/100\n|turn|6\n|\n|t:|1701113324\n|switch|p1a: Cinderace|Cinderace, M|100\/100\n|move|p2a: Corviknight|Defog|p1a: Cinderace\n|-unboost|p1a: Cinderace|evasion|1\n|-sideend|p2: aalleepp____|Toxic Spikes|[from] move: Defog|[of] p2a: Corviknight\n|\n|upkeep\n|turn|7\n|\n|t:|1701113328\n|move|p1a: Cinderace|Pyro Ball|p2a: Corviknight\n|-supereffective|p2a: Corviknight\n|-damage|p2a: Corviknight|17\/100\n|-status|p2a: Corviknight|brn\n|move|p2a: Corviknight|Tailwind|p2a: Corviknight\n|-sidestart|p2: aalleepp____|move: Tailwind\n|\n|-damage|p2a: Corviknight|11\/100 brn|[from] brn\n|upkeep\n|turn|8\n|\n|t:|1701113334\n|move|p1a: Cinderace|Pyro Ball|p2a: Corviknight\n|-supereffective|p2a: Corviknight\n|-damage|p2a: Corviknight|0 fnt\n|faint|p2a: Corviknight\n|\n|upkeep\n|\n|t:|1701113337\n|switch|p2a: Landorus|Landorus-Therian, M|100\/100\n|-ability|p2a: Landorus|Intimidate|boost\n|-unboost|p1a: Cinderace|atk|1\n|turn|9\n|\n|t:|1701113343\n|-terastallize|p2a: Landorus|Flying\n|move|p2a: Landorus|Tera Blast|p1a: Cinderace|[anim] Tera Blast Flying\n|-damage|p1a: Cinderace|0 fnt\n|faint|p1a: Cinderace\n|\n|upkeep\n|\n|t:|1701113347\n|switch|p1a: Jolteon|Jolteon, M|100\/100\n|turn|10\n|\n|t:|1701113350\n|move|p2a: Landorus|Tera Blast|p1a: Jolteon|[anim] Tera Blast Flying\n|-resisted|p1a: Jolteon\n|-damage|p1a: Jolteon|0 fnt\n|faint|p1a: Jolteon\n|\n|-sideend|p2: aalleepp____|move: Tailwind\n|upkeep\n|\n|t:|1701113357\n|switch|p1a: Greninja|Greninja, M|100\/100\n|turn|11\n|\n|t:|1701113359\n|switch|p2a: Ceruledge|Ceruledge, M|100\/100\n|move|p1a: Greninja|Ice Beam|p2a: Ceruledge\n|-start|p1a: Greninja|typechange|Ice|[from] ability: Protean\n|-resisted|p2a: Ceruledge\n|-damage|p2a: Ceruledge|76\/100\n|\n|upkeep\n|turn|12\n|\n|t:|1701113363\n|switch|p1a: Mandibuzz|Mandibuzz, F|100\/100\n|move|p2a: Ceruledge|Bitter Blade|p1a: Mandibuzz\n|-damage|p1a: Mandibuzz|74\/100\n|-heal|p2a: Ceruledge|95\/100|[from] drain|[of] p1a: Mandibuzz\n|\n|upkeep\n|turn|13\n|\n|t:|1701113369\n|move|p2a: Ceruledge|Close Combat|p1a: Mandibuzz\n|-damage|p1a: Mandibuzz|47\/100\n|-unboost|p2a: Ceruledge|def|1\n|-unboost|p2a: Ceruledge|spd|1\n|move|p1a: Mandibuzz|Foul Play|p2a: Ceruledge\n|-supereffective|p2a: Ceruledge\n|-enditem|p2a: Ceruledge|Colbur Berry|[eat]\n|-enditem|p2a: Ceruledge|Colbur Berry|[weaken]\n|-damage|p2a: Ceruledge|0 fnt\n|faint|p2a: Ceruledge\n|\n|upkeep\n|\n|t:|1701113374\n|switch|p2a: Landorus|Landorus-Therian, M, tera:Flying|100\/100\n|-ability|p2a: Landorus|Intimidate|boost\n|-unboost|p1a: Mandibuzz|atk|1\n|turn|14\n|\n|t:|1701113378\n|move|p2a: Landorus|Rock Slide|p1a: Mandibuzz\n|-supereffective|p1a: Mandibuzz\n|-damage|p1a: Mandibuzz|0 fnt\n|faint|p1a: Mandibuzz\n|\n|upkeep\n|\n|t:|1701113381\n|switch|p1a: Greninja|Greninja, M|100\/100\n|turn|15\n|\n|t:|1701113383\n|move|p1a: Greninja|Ice Beam|p2a: Landorus\n|-start|p1a: Greninja|typechange|Ice|[from] ability: Protean\n|-supereffective|p2a: Landorus\n|-damage|p2a: Landorus|0 fnt\n|faint|p2a: Landorus\n|\n|upkeep\n|\n|t:|1701113385\n|switch|p2a: Shiftry|Shiftry, F|100\/100\n|turn|16\n|\n|t:|1701113387\n|move|p1a: Greninja|Ice Beam|p2a: Shiftry\n|-supereffective|p2a: Shiftry\n|-enditem|p2a: Shiftry|Focus Sash\n|-damage|p2a: Shiftry|1\/100\n|move|p2a: Shiftry|Tailwind|p2a: Shiftry\n|-sidestart|p2: aalleepp____|move: Tailwind\n|-ability|p2a: Shiftry|Wind Rider|boost\n|-boost|p2a: Shiftry|atk|1\n|\n|upkeep\n|turn|17\n|\n|t:|1701113391\n|move|p2a: Shiftry|Knock Off|p1a: Greninja\n|-damage|p1a: Greninja|0 fnt\n|-enditem|p1a: Greninja|Choice Scarf|[from] move: Knock Off|[of] p2a: Shiftry\n|faint|p1a: Greninja\n|\n|upkeep\n|\n|t:|1701113393\n|switch|p1a: Dragonite|Dragonite, M|100\/100\n|turn|18\n|\n|t:|1701113395\n|move|p1a: Dragonite|Extreme Speed|p2a: Shiftry\n|-damage|p2a: Shiftry|0 fnt\n|faint|p2a: Shiftry\n|\n|win|AkiDes\n|raw|AkiDes's rating: 1182 &rarr; <strong>1214<\/strong><br \/>(+32 for winning)\n|raw|aalleepp____'s rating: 1289 &rarr; <strong>1257<\/strong><br \/>(-32 for losing)\n|l|\u203daalleepp____\n","uploadtime":1701113399,"views":2,"p1id":"akides","p2id":"aalleepp","formatid":"gen9ou","rating":1214,"private":0,"password":""}