{"id":"gen9ou-1997015678","p1":"GrimThickems","p2":"Takaxhy!","format":"[Gen 9] OU","log":"|j|\u2606GrimThickems\n|j|\u2606Takaxhy!\n|t:|1700755921\n|gametype|singles\n|player|p1|GrimThickems|bellelba|1071\n|player|p2|Takaxhy!|pokemonbreeder-gen8|1107\n|teamsize|p1|6\n|teamsize|p2|6\n|gen|9\n|tier|[Gen 9] OU\n|rated|\n|rule|Sleep Clause Mod: Limit one foe put to sleep\n|rule|Species Clause: Limit one of each Pok\u00e9mon\n|rule|OHKO Clause: OHKO moves are banned\n|rule|Evasion Items Clause: Evasion items are banned\n|rule|Evasion Moves Clause: Evasion moves are banned\n|rule|Endless Battle Clause: Forcing endless battles is banned\n|rule|HP Percentage Mod: HP is shown in percentages\n|clearpoke\n|poke|p1|Iron Valiant|\n|poke|p1|Kingambit, M|\n|poke|p1|Heatran, M|\n|poke|p1|Garchomp, F|\n|poke|p1|Crawdaunt, M|\n|poke|p1|Iron Hands|\n|poke|p2|Cinderace, F|\n|poke|p2|Zapdos|\n|poke|p2|Ogerpon-Wellspring, F|\n|poke|p2|Slowking-Galar, M|\n|poke|p2|Ting-Lu|\n|poke|p2|Dondozo, F|\n|teampreview\n|inactive|Battle timer is ON: inactive players will automatically lose when time's up. (requested by GrimThickems)\n|\n|t:|1700755939\n|start\n|switch|p1a: Heatran|Heatran, M, shiny|100\/100\n|switch|p2a: Dondozo|Dondozo, F|100\/100\n|turn|1\n|\n|t:|1700755949\n|switch|p1a: Iron Valiant|Iron Valiant|100\/100\n|move|p2a: Dondozo|Body Press|p1a: Iron Valiant\n|-resisted|p1a: Iron Valiant\n|-damage|p1a: Iron Valiant|83\/100\n|\n|upkeep\n|turn|2\n|\n|t:|1700755958\n|switch|p2a: Slowking|Slowking-Galar, M|100\/100\n|move|p1a: Iron Valiant|Thunderbolt|p2a: Slowking\n|-crit|p2a: Slowking\n|-damage|p2a: Slowking|57\/100\n|-damage|p1a: Iron Valiant|74\/100|[from] item: Life Orb\n|\n|upkeep\n|turn|3\n|\n|t:|1700755964\n|move|p1a: Iron Valiant|Moonblast|p2a: Slowking\n|-resisted|p2a: Slowking\n|-damage|p2a: Slowking|35\/100\n|-damage|p1a: Iron Valiant|64\/100|[from] item: Life Orb\n|move|p2a: Slowking|Future Sight|p1a: Iron Valiant\n|-start|p2a: Slowking|move: Future Sight\n|\n|upkeep\n|turn|4\n|\n|t:|1700755968\n|move|p1a: Iron Valiant|Focus Blast|p2a: Slowking\n|-resisted|p2a: Slowking\n|-damage|p2a: Slowking|20\/100\n|-damage|p1a: Iron Valiant|54\/100|[from] item: Life Orb\n|move|p2a: Slowking|Chilly Reception|p2a: Slowking\n|-weather|Snow\n|\n|t:|1700755978\n|switch|p2a: Cinderace|Cinderace, F|100\/100|[from] Chilly Reception\n|\n|-weather|Snow|[upkeep]\n|upkeep\n|turn|5\n|\n|t:|1700755993\n|move|p2a: Cinderace|U-turn|p1a: Iron Valiant\n|-resisted|p1a: Iron Valiant\n|-damage|p1a: Iron Valiant|48\/100\n|\n|t:|1700755996\n|switch|p2a: Slowking|Slowking-Galar, M|53\/100|[from] U-turn\n|move|p1a: Iron Valiant|Thunderbolt|p2a: Slowking\n|-damage|p2a: Slowking|24\/100\n|-damage|p1a: Iron Valiant|39\/100|[from] item: Life Orb\n|\n|-weather|Snow|[upkeep]\n|-end|p1a: Iron Valiant|move: Future Sight\n|-supereffective|p1a: Iron Valiant\n|-damage|p1a: Iron Valiant|0 fnt\n|faint|p1a: Iron Valiant\n|-end|p1a: Iron Valiant|Quark Drive|[silent]\n|upkeep\n|\n|t:|1700756006\n|switch|p1a: Crawdaunt|Crawdaunt, M|100\/100\n|turn|6\n|\n|t:|1700756011\n|switch|p2a: Dondozo|Dondozo, F|100\/100\n|move|p1a: Crawdaunt|Dragon Dance|p1a: Crawdaunt\n|-boost|p1a: Crawdaunt|atk|1\n|-boost|p1a: Crawdaunt|spe|1\n|\n|-weather|Snow|[upkeep]\n|upkeep\n|turn|7\n|\n|t:|1700756016\n|move|p1a: Crawdaunt|Knock Off|p2a: Dondozo\n|-damage|p2a: Dondozo|57\/100\n|-enditem|p2a: Dondozo|Heavy-Duty Boots|[from] move: Knock Off|[of] p1a: Crawdaunt\n|-damage|p1a: Crawdaunt|91\/100|[from] item: Life Orb\n|move|p2a: Dondozo|Body Press|p1a: Crawdaunt\n|-supereffective|p1a: Crawdaunt\n|-damage|p1a: Crawdaunt|2\/100\n|\n|-weather|Snow|[upkeep]\n|upkeep\n|turn|8\n|\n|t:|1700756025\n|move|p1a: Crawdaunt|Crabhammer|p2a: Dondozo\n|-resisted|p2a: Dondozo\n|-damage|p2a: Dondozo|34\/100\n|-damage|p1a: Crawdaunt|0 fnt|[from] item: Life Orb\n|faint|p1a: Crawdaunt\n|move|p2a: Dondozo|Rest|p2a: Dondozo\n|-status|p2a: Dondozo|slp|[from] move: Rest\n|-heal|p2a: Dondozo|100\/100 slp|[silent]\n|\n|-weather|none\n|upkeep\n|inactive|GrimThickems has 120 seconds left.\n|\n|t:|1700756058\n|switch|p1a: Iron Hands|Iron Hands|100\/100\n|turn|9\n|\n|t:|1700756079\n|switch|p2a: Slowking|Slowking-Galar, M|57\/100\n|move|p1a: Iron Hands|Thunder Punch|p2a: Slowking\n|-damage|p2a: Slowking|28\/100\n|\n|upkeep\n|turn|10\n|\n|t:|1700756088\n|switch|p2a: Ting-Lu|Ting-Lu|100\/100\n|-ability|p2a: Ting-Lu|Vessel of Ruin\n|move|p1a: Iron Hands|Earthquake|p2a: Ting-Lu\n|-crit|p2a: Ting-Lu\n|-damage|p2a: Ting-Lu|72\/100\n|\n|-heal|p2a: Ting-Lu|78\/100|[from] item: Leftovers\n|upkeep\n|turn|11\n|\n|t:|1700756097\n|switch|p2a: Zapdos|Zapdos|100\/100\n|move|p1a: Iron Hands|Drain Punch|p2a: Zapdos\n|-resisted|p2a: Zapdos\n|-damage|p2a: Zapdos|84\/100\n|\n|upkeep\n|turn|12\n|\n|t:|1700756121\n|move|p2a: Zapdos|Hurricane|p1a: Iron Hands\n|-damage|p1a: Iron Hands|64\/100\n|-start|p1a: Iron Hands|confusion\n|-activate|p1a: Iron Hands|confusion\n|move|p1a: Iron Hands|Swords Dance|p1a: Iron Hands\n|-boost|p1a: Iron Hands|atk|2\n|\n|-heal|p1a: Iron Hands|70\/100|[from] item: Leftovers\n|upkeep\n|turn|13\n|\n|t:|1700756128\n|move|p2a: Zapdos|Hurricane|p1a: Iron Hands\n|-damage|p1a: Iron Hands|37\/100\n|-activate|p1a: Iron Hands|confusion\n|move|p1a: Iron Hands|Drain Punch|p2a: Zapdos\n|-resisted|p2a: Zapdos\n|-damage|p2a: Zapdos|47\/100\n|-heal|p1a: Iron Hands|52\/100|[from] drain|[of] p2a: Zapdos\n|\n|-heal|p1a: Iron Hands|58\/100|[from] item: Leftovers\n|upkeep\n|turn|14\n|\n|t:|1700756133\n|move|p2a: Zapdos|Hurricane|p1a: Iron Hands\n|-damage|p1a: Iron Hands|23\/100\n|-end|p1a: Iron Hands|confusion\n|move|p1a: Iron Hands|Drain Punch|p2a: Zapdos\n|-resisted|p2a: Zapdos\n|-damage|p2a: Zapdos|14\/100\n|-heal|p1a: Iron Hands|37\/100|[from] drain|[of] p2a: Zapdos\n|\n|-heal|p1a: Iron Hands|43\/100|[from] item: Leftovers\n|upkeep\n|turn|15\n|\n|t:|1700756140\n|move|p2a: Zapdos|Hurricane|p1a: Iron Hands\n|-damage|p1a: Iron Hands|8\/100\n|-start|p1a: Iron Hands|confusion\n|-activate|p1a: Iron Hands|confusion\n|-damage|p1a: Iron Hands|0 fnt|[from] confusion\n|faint|p1a: Iron Hands\n|-end|p1a: Iron Hands|Quark Drive|[silent]\n|\n|upkeep\n|\n|t:|1700756147\n|switch|p1a: Garchomp|Garchomp, F|100\/100\n|turn|16\n|\n|t:|1700756153\n|move|p1a: Garchomp|Body Slam|p2a: Zapdos\n|-damage|p2a: Zapdos|0 fnt\n|-status|p1a: Garchomp|par|[from] ability: Static|[of] p2a: Zapdos\n|faint|p2a: Zapdos\n|\n|upkeep\n|\n|t:|1700756160\n|switch|p2a: Ting-Lu|Ting-Lu|78\/100\n|-ability|p2a: Ting-Lu|Vessel of Ruin\n|turn|17\n|\n|t:|1700756170\n|move|p1a: Garchomp|Dragon Claw|p2a: Ting-Lu\n|-damage|p2a: Ting-Lu|56\/100\n|move|p2a: Ting-Lu|Stealth Rock|p1a: Garchomp\n|-sidestart|p1: GrimThickems|move: Stealth Rock\n|\n|-heal|p2a: Ting-Lu|62\/100|[from] item: Leftovers\n|upkeep\n|turn|18\n|\n|t:|1700756186\n|move|p1a: Garchomp|Dragon Claw|p2a: Ting-Lu\n|-damage|p2a: Ting-Lu|40\/100\n|move|p2a: Ting-Lu|Whirlwind|p1a: Garchomp\n|drag|p1a: Heatran|Heatran, M, shiny|100\/100\n|-damage|p1a: Heatran|88\/100|[from] Stealth Rock\n|\n|-heal|p1a: Heatran|94\/100|[from] item: Leftovers\n|-heal|p2a: Ting-Lu|46\/100|[from] item: Leftovers\n|upkeep\n|turn|19\n|\n|t:|1700756193\n|move|p1a: Heatran|Magma Storm|p2a: Ting-Lu|[miss]\n|-miss|p1a: Heatran|p2a: Ting-Lu\n|move|p2a: Ting-Lu|Earthquake|p1a: Heatran\n|-supereffective|p1a: Heatran\n|-crit|p1a: Heatran\n|-damage|p1a: Heatran|0 fnt\n|faint|p1a: Heatran\n|\n|-heal|p2a: Ting-Lu|52\/100|[from] item: Leftovers\n|upkeep\n|\n|t:|1700756200\n|switch|p1a: Garchomp|Garchomp, F|100\/100 par\n|-damage|p1a: Garchomp|94\/100 par|[from] Stealth Rock\n|turn|20\n|\n|t:|1700756204\n|move|p1a: Garchomp|Swords Dance|p1a: Garchomp\n|-boost|p1a: Garchomp|atk|2\n|move|p2a: Ting-Lu|Earthquake|p1a: Garchomp\n|-damage|p1a: Garchomp|58\/100 par\n|\n|-heal|p2a: Ting-Lu|59\/100|[from] item: Leftovers\n|upkeep\n|turn|21\n|\n|t:|1700756212\n|move|p1a: Garchomp|Body Slam|p2a: Ting-Lu\n|-damage|p2a: Ting-Lu|25\/100\n|move|p2a: Ting-Lu|Earthquake|p1a: Garchomp\n|-damage|p1a: Garchomp|23\/100 par\n|\n|-heal|p2a: Ting-Lu|31\/100|[from] item: Leftovers\n|upkeep\n|turn|22\n|\n|t:|1700756218\n|move|p1a: Garchomp|Body Slam|p2a: Ting-Lu\n|-damage|p2a: Ting-Lu|0 fnt\n|faint|p2a: Ting-Lu\n|\n|upkeep\n|\n|t:|1700756221\n|switch|p2a: Ogerpon|Ogerpon-Wellspring, F|100\/100\n|turn|23\n|\n|t:|1700756229\n|move|p2a: Ogerpon|Ivy Cudgel|p1a: Garchomp|[anim] Ivy Cudgel Water\n|-crit|p1a: Garchomp\n|-damage|p1a: Garchomp|0 fnt\n|faint|p1a: Garchomp\n|\n|upkeep\n|\n|t:|1700756231\n|switch|p1a: Kingambit|Kingambit, M, shiny|100\/100\n|-damage|p1a: Kingambit|94\/100|[from] Stealth Rock\n|-activate|p1a: Kingambit|ability: Supreme Overlord\n|-start|p1a: Kingambit|fallen5|[silent]\n|turn|24\n|\n|t:|1700756242\n|move|p2a: Ogerpon|Ivy Cudgel|p1a: Kingambit|[anim] Ivy Cudgel Water\n|-crit|p1a: Kingambit\n|-damage|p1a: Kingambit|25\/100\n|move|p1a: Kingambit|Swords Dance|p1a: Kingambit\n|-boost|p1a: Kingambit|atk|2\n|\n|-heal|p1a: Kingambit|31\/100|[from] item: Leftovers\n|upkeep\n|turn|25\n|\n|t:|1700756247\n|move|p1a: Kingambit|Sucker Punch||[still]\n|-fail|p1a: Kingambit\n|move|p2a: Ogerpon|Encore|p1a: Kingambit\n|-start|p1a: Kingambit|Encore\n|\n|-heal|p1a: Kingambit|37\/100|[from] item: Leftovers\n|upkeep\n|turn|26\n|\n|t:|1700756251\n|move|p1a: Kingambit|Sucker Punch||[still]\n|-fail|p1a: Kingambit\n|move|p2a: Ogerpon|Encore||[still]\n|-fail|p2a: Ogerpon\n|\n|-heal|p1a: Kingambit|43\/100|[from] item: Leftovers\n|upkeep\n|turn|27\n|\n|t:|1700756261\n|switch|p2a: Slowking|Slowking-Galar, M|61\/100\n|-terastallize|p1a: Kingambit|Flying\n|move|p1a: Kingambit|Sucker Punch||[still]\n|-fail|p1a: Kingambit\n|\n|-heal|p1a: Kingambit|49\/100|[from] item: Leftovers\n|upkeep\n|turn|28\n|\n|t:|1700756268\n|switch|p2a: Ogerpon|Ogerpon-Wellspring, F|100\/100\n|move|p1a: Kingambit|Sucker Punch||[still]\n|-fail|p1a: Kingambit\n|\n|-heal|p1a: Kingambit|56\/100|[from] item: Leftovers\n|-end|p1a: Kingambit|Encore\n|upkeep\n|turn|29\n|\n|t:|1700756275\n|move|p2a: Ogerpon|Encore|p1a: Kingambit\n|-start|p1a: Kingambit|Encore\n|move|p1a: Kingambit|Sucker Punch||[still]\n|-fail|p1a: Kingambit\n|\n|-heal|p1a: Kingambit|62\/100|[from] item: Leftovers\n|upkeep\n|turn|30\n|\n|t:|1700756283\n|switch|p2a: Dondozo|Dondozo, F|100\/100 slp\n|move|p1a: Kingambit|Sucker Punch||[still]\n|-fail|p1a: Kingambit\n|\n|-heal|p1a: Kingambit|68\/100|[from] item: Leftovers\n|upkeep\n|turn|31\n|\n|t:|1700756290\n|switch|p2a: Ogerpon|Ogerpon-Wellspring, F|100\/100\n|move|p1a: Kingambit|Sucker Punch||[still]\n|-fail|p1a: Kingambit\n|\n|-heal|p1a: Kingambit|74\/100|[from] item: Leftovers\n|-end|p1a: Kingambit|Encore\n|upkeep\n|turn|32\n|\n|t:|1700756297\n|move|p2a: Ogerpon|Encore|p1a: Kingambit\n|-start|p1a: Kingambit|Encore\n|move|p1a: Kingambit|Sucker Punch||[still]\n|-fail|p1a: Kingambit\n|\n|-heal|p1a: Kingambit|80\/100|[from] item: Leftovers\n|-end|p1a: Kingambit|Encore\n|upkeep\n|turn|33\n|\n|t:|1700756309\n|move|p2a: Ogerpon|Encore||[still]\n|-fail|p2a: Ogerpon\n|move|p1a: Kingambit|Kowtow Cleave|p2a: Ogerpon\n|-damage|p2a: Ogerpon|0 fnt\n|faint|p2a: Ogerpon\n|\n|-heal|p1a: Kingambit|86\/100|[from] item: Leftovers\n|upkeep\n|\n|t:|1700756314\n|switch|p2a: Cinderace|Cinderace, F|100\/100\n|turn|34\n|\n|t:|1700756320\n|move|p2a: Cinderace|Will-O-Wisp|p1a: Kingambit\n|-status|p1a: Kingambit|brn\n|move|p1a: Kingambit|Kowtow Cleave|p2a: Cinderace\n|-damage|p2a: Cinderace|15\/100\n|\n|-heal|p1a: Kingambit|93\/100 brn|[from] item: Leftovers\n|-damage|p1a: Kingambit|86\/100 brn|[from] brn\n|upkeep\n|turn|35\n|\n|t:|1700756326\n|move|p2a: Cinderace|Pyro Ball|p1a: Kingambit|[miss]\n|-miss|p2a: Cinderace|p1a: Kingambit\n|move|p1a: Kingambit|Kowtow Cleave|p2a: Cinderace\n|-damage|p2a: Cinderace|0 fnt\n|faint|p2a: Cinderace\n|\n|-heal|p1a: Kingambit|93\/100 brn|[from] item: Leftovers\n|-damage|p1a: Kingambit|86\/100 brn|[from] brn\n|upkeep\n|\n|t:|1700756331\n|switch|p2a: Slowking|Slowking-Galar, M|94\/100\n|turn|36\n|\n|t:|1700756336\n|move|p1a: Kingambit|Kowtow Cleave|p2a: Slowking\n|-supereffective|p2a: Slowking\n|-crit|p2a: Slowking\n|-damage|p2a: Slowking|0 fnt\n|faint|p2a: Slowking\n|\n|-heal|p1a: Kingambit|93\/100 brn|[from] item: Leftovers\n|-damage|p1a: Kingambit|86\/100 brn|[from] brn\n|upkeep\n|\n|t:|1700756339\n|switch|p2a: Dondozo|Dondozo, F|100\/100 slp\n|turn|37\n|\n|t:|1700756347\n|move|p1a: Kingambit|Kowtow Cleave|p2a: Dondozo\n|-damage|p2a: Dondozo|84\/100 slp\n|cant|p2a: Dondozo|slp\n|move|p2a: Dondozo|Sleep Talk|p2a: Dondozo\n|move|p2a: Dondozo|Rest||[from]move: Sleep Talk|[still]\n|-fail|p2a: Dondozo\n|\n|-heal|p1a: Kingambit|93\/100 brn|[from] item: Leftovers\n|-damage|p1a: Kingambit|86\/100 brn|[from] brn\n|upkeep\n|turn|38\n|\n|t:|1700756354\n|move|p1a: Kingambit|Swords Dance|p1a: Kingambit\n|-boost|p1a: Kingambit|atk|2\n|cant|p2a: Dondozo|slp\n|move|p2a: Dondozo|Sleep Talk|p2a: Dondozo\n|move|p2a: Dondozo|Body Press|p1a: Kingambit|[from]move: Sleep Talk\n|-resisted|p1a: Kingambit\n|-damage|p1a: Kingambit|75\/100 brn\n|\n|-heal|p1a: Kingambit|81\/100 brn|[from] item: Leftovers\n|-damage|p1a: Kingambit|75\/100 brn|[from] brn\n|upkeep\n|turn|39\n|\n|t:|1700756358\n|move|p1a: Kingambit|Kowtow Cleave|p2a: Dondozo\n|-damage|p2a: Dondozo|68\/100 slp\n|-curestatus|p2a: Dondozo|slp|[msg]\n|move|p2a: Dondozo|Avalanche|p1a: Kingambit\n|-supereffective|p1a: Kingambit\n|-damage|p1a: Kingambit|31\/100 brn\n|\n|-heal|p1a: Kingambit|37\/100 brn|[from] item: Leftovers\n|-damage|p1a: Kingambit|31\/100 brn|[from] brn\n|upkeep\n|turn|40\n|\n|t:|1700756365\n|move|p1a: Kingambit|Low Kick|p2a: Dondozo\n|-damage|p2a: Dondozo|51\/100\n|move|p2a: Dondozo|Avalanche|p1a: Kingambit\n|-supereffective|p1a: Kingambit\n|-damage|p1a: Kingambit|0 fnt\n|faint|p1a: Kingambit\n|-end|p1a: Kingambit|fallen5|[silent]\n|\n|win|Takaxhy!\n|raw|GrimThickems's rating: 1071 &rarr; <strong>1052<\/strong><br \/>(-19 for losing)\n|raw|Takaxhy!'s rating: 1107 &rarr; <strong>1129<\/strong><br \/>(+22 for winning)\n|l|\u2606GrimThickems\n","uploadtime":1700756389,"views":1,"p1id":"grimthickems","p2id":"takaxhy","formatid":"gen9ou","rating":1052,"private":0,"password":""}