{"id":"gen9ou-1996032304","p1":"Gyan99","p2":"Angel_Oceanpart","format":"[Gen 9] OU","log":"|j|\u2606Gyan99\n|j|\u2606Angel_Oceanpart\n|t:|1700632401\n|gametype|singles\n|player|p1|Gyan99|265|1272\n|player|p2|Angel_Oceanpart|preschoolerf|1328\n|teamsize|p1|6\n|teamsize|p2|6\n|gen|9\n|tier|[Gen 9] OU\n|rated|\n|rule|Sleep Clause Mod: Limit one foe put to sleep\n|rule|Species Clause: Limit one of each Pok\u00e9mon\n|rule|OHKO Clause: OHKO moves are banned\n|rule|Evasion Items Clause: Evasion items are banned\n|rule|Evasion Moves Clause: Evasion moves are banned\n|rule|Endless Battle Clause: Forcing endless battles is banned\n|rule|HP Percentage Mod: HP is shown in percentages\n|clearpoke\n|poke|p1|Gallade, M|\n|poke|p1|Umbreon, M|\n|poke|p1|Toxapex, F|\n|poke|p1|Landorus-Therian, M|\n|poke|p1|Empoleon, M|\n|poke|p1|Weezing-Galar, F|\n|poke|p2|Ditto|\n|poke|p2|Alomomola, M|\n|poke|p2|Corviknight, F|\n|poke|p2|Heatran, M|\n|poke|p2|Pawmot, M|\n|poke|p2|Zoroark, M|\n|teampreview\n|inactive|Battle timer is ON: inactive players will automatically lose when time's up. (requested by Angel_Oceanpart)\n|inactive|Gyan99 has 120 seconds left.\n|\n|t:|1700632445\n|start\n|switch|p1a: Landorus|Landorus-Therian, M|100\/100\n|switch|p2a: Betrayal|Heatran, M|100\/100\n|-ability|p1a: Landorus|Intimidate|boost\n|-unboost|p2a: Betrayal|atk|1\n|turn|1\n|\n|t:|1700632453\n|move|p2a: Betrayal|U-turn|p1a: Landorus\n|-resisted|p1a: Landorus\n|-damage|p1a: Landorus|91\/100\n|-damage|p2a: Betrayal|84\/100|[from] item: Rocky Helmet|[of] p1a: Landorus\n|\n|t:|1700632457\n|switch|p2a: Forgive|Corviknight, F|100\/100|[from] U-turn\n|-ability|p2a: Forgive|Pressure\n|move|p1a: Landorus|Earthquake|p2a: Forgive\n|-immune|p2a: Forgive\n|\n|upkeep\n|turn|2\n|\n|t:|1700632478\n|switch|p2a: Tori|Ditto|100\/100\n|-transform|p2a: Tori|p1a: Landorus|[from] ability: Imposter\n|-ability|p2a: Tori|Intimidate|boost\n|-unboost|p1a: Landorus|atk|1\n|move|p1a: Landorus|Smack Down|p2a: Tori\n|-damage|p2a: Tori|85\/100\n|-start|p2a: Tori|Smack Down\n|-enditem|p2a: Tori|Red Card|[of] p1a: Landorus\n|drag|p1a: Toxapex|Toxapex, F|100\/100\n|\n|upkeep\n|turn|3\n|inactive|Gyan99 has 120 seconds left.\n|\n|t:|1700632507\n|switch|p1a: Weezing|Weezing-Galar, F|100\/100\n|move|p2a: Tori|Earthquake|p1a: Weezing\n|-immune|p1a: Weezing|[from] ability: Levitate\n|\n|upkeep\n|turn|4\n|inactive|Gyan99 has 120 seconds left.\n|\n|t:|1700632516\n|switch|p2a: Tora|Alomomola, M|100\/100\n|move|p1a: Weezing|Taunt|p2a: Tora\n|-start|p2a: Tora|move: Taunt\n|\n|upkeep\n|turn|5\n|\n|t:|1700632525\n|move|p2a: Tora|Flip Turn|p1a: Weezing\n|-damage|p1a: Weezing|87\/100\n|\n|t:|1700632528\n|switch|p2a: Betrayal|Heatran, M|100\/100|[from] Flip Turn\n|move|p1a: Weezing|Sludge Bomb|p2a: Betrayal\n|-immune|p2a: Betrayal\n|\n|-heal|p1a: Weezing|93\/100|[from] item: Leftovers\n|upkeep\n|turn|6\n|inactive|Gyan99 has 120 seconds left.\n|\n|t:|1700632550\n|switch|p1a: Gallade|Gallade, M, shiny|100\/100\n|move|p2a: Betrayal|Overheat|p1a: Gallade\n|-damage|p1a: Gallade|0 fnt\n|-unboost|p2a: Betrayal|spa|2\n|faint|p1a: Gallade\n|\n|upkeep\n|inactive|Gyan99 has 120 seconds left.\n|\n|t:|1700632574\n|switch|p1a: Umbreon|Umbreon, M|100\/100\n|turn|7\n|\n|t:|1700632580\n|switch|p2a: Tora|Alomomola, M|100\/100\n|move|p1a: Umbreon|Thunder Wave|p2a: Tora\n|-status|p2a: Tora|par\n|\n|upkeep\n|turn|8\n|inactive|Gyan99 has 120 seconds left.\n|\n|t:|1700632586\n|move|p1a: Umbreon|Wish|p1a: Umbreon\n|move|p2a: Tora|Flip Turn|p1a: Umbreon\n|-damage|p1a: Umbreon|88\/100\n|\n|t:|1700632598\n|switch|p2a: Betrayal|Heatran, M|84\/100|[from] Flip Turn\n|\n|-heal|p1a: Umbreon|94\/100|[from] item: Leftovers\n|upkeep\n|turn|9\n|\n|t:|1700632607\n|switch|p1a: Landorus|Landorus-Therian, M|91\/100\n|-ability|p1a: Landorus|Intimidate|boost\n|-unboost|p2a: Betrayal|atk|1\n|move|p2a: Betrayal|U-turn|p1a: Landorus\n|-resisted|p1a: Landorus\n|-damage|p1a: Landorus|83\/100\n|-damage|p2a: Betrayal|68\/100|[from] item: Rocky Helmet|[of] p1a: Landorus\n|\n|t:|1700632625\n|switch|p2a: Tora|Alomomola, M|100\/100 par|[from] U-turn\n|\n|-heal|p1a: Landorus|100\/100|[from] move: Wish|[wisher] Umbreon\n|upkeep\n|turn|10\n|\n|t:|1700632630\n|move|p1a: Landorus|Stealth Rock|p2a: Tora\n|-sidestart|p2: Angel_Oceanpart|move: Stealth Rock\n|move|p2a: Tora|Scald|p1a: Landorus\n|-supereffective|p1a: Landorus\n|-damage|p1a: Landorus|71\/100\n|\n|upkeep\n|turn|11\n|\n|t:|1700632637\n|move|p1a: Landorus|U-turn|p2a: Tora\n|-damage|p2a: Tora|82\/100 par\n|-damage|p1a: Landorus|54\/100|[from] item: Rocky Helmet|[of] p2a: Tora\n|\n|t:|1700632643\n|switch|p1a: Umbreon|Umbreon, M|94\/100|[from] U-turn\n|move|p2a: Tora|Flip Turn|p1a: Umbreon\n|-damage|p1a: Umbreon|80\/100\n|\n|t:|1700632647\n|switch|p2a: Forgive|Corviknight, F|100\/100|[from] Flip Turn\n|-damage|p2a: Forgive|88\/100|[from] Stealth Rock\n|-ability|p2a: Forgive|Pressure\n|\n|-heal|p2a: Forgive|94\/100|[from] item: Leftovers\n|-heal|p1a: Umbreon|87\/100|[from] item: Leftovers\n|upkeep\n|turn|12\n|\n|t:|1700632662\n|switch|p1a: Empoleon|Empoleon, M|100\/100\n|move|p2a: Forgive|Defog|p1a: Empoleon\n|-unboost|p1a: Empoleon|evasion|1\n|-ability|p1a: Empoleon|Competitive|boost\n|-boost|p1a: Empoleon|spa|2\n|-sideend|p2: Angel_Oceanpart|Stealth Rock|[from] move: Defog|[of] p2a: Forgive\n|\n|-heal|p2a: Forgive|99\/100|[from] item: Leftovers\n|upkeep\n|turn|13\n|\n|t:|1700632677\n|move|p2a: Forgive|Brave Bird|p1a: Empoleon\n|-resisted|p1a: Empoleon\n|-damage|p1a: Empoleon|82\/100\n|-damage|p2a: Forgive|95\/100|[from] Recoil\n|move|p1a: Empoleon|Substitute|p1a: Empoleon\n|-start|p1a: Empoleon|Substitute\n|-damage|p1a: Empoleon|57\/100\n|\n|-heal|p2a: Forgive|100\/100|[from] item: Leftovers\n|-heal|p1a: Empoleon|63\/100|[from] item: Leftovers\n|upkeep\n|turn|14\n|\n|t:|1700632682\n|move|p2a: Forgive|Brave Bird|p1a: Empoleon\n|-resisted|p1a: Empoleon\n|-activate|p1a: Empoleon|move: Substitute|[damage]\n|-damage|p2a: Forgive|94\/100|[from] Recoil|[of] p1a: Empoleon\n|move|p1a: Empoleon|Agility|p1a: Empoleon\n|-boost|p1a: Empoleon|spe|2\n|\n|-heal|p1a: Empoleon|70\/100|[from] item: Leftovers\n|-heal|p2a: Forgive|100\/100|[from] item: Leftovers\n|upkeep\n|turn|15\n|\n|t:|1700632688\n|move|p1a: Empoleon|Surf|p2a: Forgive\n|-damage|p2a: Forgive|13\/100\n|move|p2a: Forgive|Brave Bird|p1a: Empoleon\n|-resisted|p1a: Empoleon\n|-end|p1a: Empoleon|Substitute\n|-damage|p2a: Forgive|11\/100|[from] Recoil|[of] p1a: Empoleon\n|\n|-heal|p1a: Empoleon|76\/100|[from] item: Leftovers\n|-heal|p2a: Forgive|17\/100|[from] item: Leftovers\n|upkeep\n|turn|16\n|\n|t:|1700632693\n|switch|p2a: Tori|Ditto|85\/100\n|-transform|p2a: Tori|p1a: Empoleon|[from] ability: Imposter\n|move|p1a: Empoleon|Substitute|p1a: Empoleon\n|-start|p1a: Empoleon|Substitute\n|-damage|p1a: Empoleon|51\/100\n|\n|-heal|p1a: Empoleon|57\/100|[from] item: Leftovers\n|upkeep\n|turn|17\n|\n|t:|1700632709\n|move|p2a: Tori|Surf|p1a: Empoleon\n|-resisted|p1a: Empoleon\n|-end|p1a: Empoleon|Substitute\n|move|p1a: Empoleon|Surf|p2a: Tori\n|-resisted|p2a: Tori\n|-damage|p2a: Tori|31\/100\n|\n|-heal|p1a: Empoleon|63\/100|[from] item: Leftovers\n|upkeep\n|turn|18\n|\n|t:|1700632729\n|move|p1a: Empoleon|Surf|p2a: Tori\n|-resisted|p2a: Tori\n|-damage|p2a: Tori|0 fnt\n|faint|p2a: Tori\n|\n|-heal|p1a: Empoleon|69\/100|[from] item: Leftovers\n|upkeep\n|\n|t:|1700632753\n|switch|p2a: Betrayal|Heatran, M|68\/100\n|turn|19\n|\n|t:|1700632768\n|move|p2a: Betrayal|Low Kick|p1a: Empoleon\n|-supereffective|p1a: Empoleon\n|-damage|p1a: Empoleon|13\/100\n|move|p1a: Empoleon|Surf|p2a: Betrayal\n|-damage|p2a: Betrayal|0 fnt\n|replace|p2a: Forget|Zoroark, M\n|-end|p2a: Forget|Illusion\n|faint|p2a: Forget\n|\n|-heal|p1a: Empoleon|19\/100|[from] item: Leftovers\n|upkeep\n|\n|t:|1700632778\n|switch|p2a: Betrayal|Heatran, M|100\/100\n|turn|20\n|\n|t:|1700632786\n|-terastallize|p2a: Betrayal|Flying\n|move|p1a: Empoleon|Surf|p2a: Betrayal\n|-damage|p2a: Betrayal|26\/100\n|move|p2a: Betrayal|Earth Power|p1a: Empoleon\n|-supereffective|p1a: Empoleon\n|-damage|p1a: Empoleon|0 fnt\n|faint|p1a: Empoleon\n|\n|upkeep\n|\n|t:|1700632801\n|switch|p1a: Landorus|Landorus-Therian, M|54\/100\n|-ability|p1a: Landorus|Intimidate|boost\n|-unboost|p2a: Betrayal|atk|1\n|turn|21\n|\n|t:|1700632804\n|switch|p2a: Tora|Alomomola, M|100\/100 par\n|move|p1a: Landorus|Smack Down|p2a: Tora\n|-damage|p2a: Tora|88\/100 par\n|\n|upkeep\n|turn|22\n|\n|t:|1700632810\n|move|p1a: Landorus|U-turn|p2a: Tora\n|-damage|p2a: Tora|70\/100 par\n|-damage|p1a: Landorus|38\/100|[from] item: Rocky Helmet|[of] p2a: Tora\n|\n|t:|1700632815\n|switch|p1a: Umbreon|Umbreon, M|87\/100|[from] U-turn\n|cant|p2a: Tora|par\n|\n|-heal|p1a: Umbreon|93\/100|[from] item: Leftovers\n|upkeep\n|turn|23\n|\n|t:|1700632819\n|move|p1a: Umbreon|Wish|p1a: Umbreon\n|move|p2a: Tora|Wish|p2a: Tora\n|\n|-heal|p1a: Umbreon|99\/100|[from] item: Leftovers\n|upkeep\n|turn|24\n|\n|t:|1700632827\n|move|p1a: Umbreon|Thunder Wave|p2a: Tora\n|-fail|p2a: Tora|par\n|move|p2a: Tora|Flip Turn|p1a: Umbreon\n|-damage|p1a: Umbreon|85\/100\n|\n|t:|1700632833\n|switch|p2a: Betrayal|Heatran, M, tera:Flying|26\/100|[from] Flip Turn\n|\n|-heal|p1a: Umbreon|100\/100|[from] move: Wish|[wisher] Umbreon\n|-heal|p2a: Betrayal|100\/100|[from] move: Wish|[wisher] Tora\n|upkeep\n|turn|25\n|\n|t:|1700632840\n|switch|p2a: Tora|Alomomola, M|100\/100 par\n|move|p1a: Umbreon|Protect||[still]\n|-fail|p1a: Umbreon\n|\n|upkeep\n|turn|26\n|\n|t:|1700632844\n|move|p1a: Umbreon|Wish|p1a: Umbreon\n|move|p2a: Tora|Wish|p2a: Tora\n|\n|upkeep\n|turn|27\n|\n|t:|1700632848\n|switch|p1a: Landorus|Landorus-Therian, M|38\/100\n|-ability|p1a: Landorus|Intimidate|boost\n|-unboost|p2a: Tora|atk|1\n|move|p2a: Tora|Flip Turn|p1a: Landorus\n|-supereffective|p1a: Landorus\n|-damage|p1a: Landorus|14\/100\n|-damage|p2a: Tora|84\/100 par|[from] item: Rocky Helmet|[of] p1a: Landorus\n|\n|t:|1700632852\n|switch|p2a: Forgive|Corviknight, F|17\/100|[from] Flip Turn\n|-ability|p2a: Forgive|Pressure\n|\n|-heal|p1a: Landorus|74\/100|[from] move: Wish|[wisher] Umbreon\n|-heal|p2a: Forgive|81\/100|[from] move: Wish|[wisher] Tora\n|-heal|p2a: Forgive|87\/100|[from] item: Leftovers\n|upkeep\n|turn|28\n|\n|t:|1700632858\n|move|p1a: Landorus|Smack Down|p2a: Forgive\n|-damage|p2a: Forgive|76\/100\n|-start|p2a: Forgive|Smack Down\n|move|p2a: Forgive|Brave Bird|p1a: Landorus\n|-damage|p1a: Landorus|33\/100\n|-damage|p2a: Forgive|59\/100|[from] item: Rocky Helmet|[of] p1a: Landorus\n|-damage|p2a: Forgive|48\/100|[from] Recoil\n|\n|-heal|p2a: Forgive|54\/100|[from] item: Leftovers\n|upkeep\n|turn|29\n|\n|t:|1700632884\n|switch|p2a: Tora|Alomomola, M|100\/100 par\n|move|p1a: Landorus|Stealth Rock|p2a: Tora\n|-sidestart|p2: Angel_Oceanpart|move: Stealth Rock\n|\n|upkeep\n|turn|30\n|\n|t:|1700632890\n|switch|p1a: Umbreon|Umbreon, M|100\/100\n|move|p2a: Tora|Wish|p2a: Tora\n|\n|upkeep\n|turn|31\n|\n|t:|1700632895\n|move|p1a: Umbreon|Wish|p1a: Umbreon\n|cant|p2a: Tora|par\n|\n|upkeep\n|turn|32\n|\n|t:|1700632900\n|switch|p1a: Landorus|Landorus-Therian, M|33\/100\n|-ability|p1a: Landorus|Intimidate|boost\n|-unboost|p2a: Tora|atk|1\n|move|p2a: Tora|Flip Turn|p1a: Landorus\n|-supereffective|p1a: Landorus\n|-damage|p1a: Landorus|9\/100\n|-damage|p2a: Tora|84\/100 par|[from] item: Rocky Helmet|[of] p1a: Landorus\n|\n|t:|1700632903\n|switch|p2a: Forgive|Corviknight, F|54\/100|[from] Flip Turn\n|-damage|p2a: Forgive|42\/100|[from] Stealth Rock\n|-ability|p2a: Forgive|Pressure\n|\n|-heal|p1a: Landorus|68\/100|[from] move: Wish|[wisher] Umbreon\n|-heal|p2a: Forgive|48\/100|[from] item: Leftovers\n|upkeep\n|turn|33\n|\n|t:|1700632917\n|move|p1a: Landorus|U-turn|p2a: Forgive\n|-resisted|p2a: Forgive\n|-damage|p2a: Forgive|44\/100\n|\n|t:|1700632920\n|switch|p1a: Umbreon|Umbreon, M|100\/100|[from] U-turn\n|move|p2a: Forgive|Roost|p2a: Forgive\n|-heal|p2a: Forgive|94\/100\n|-singleturn|p2a: Forgive|move: Roost\n|\n|-heal|p2a: Forgive|99\/100|[from] item: Leftovers\n|upkeep\n|turn|34\n|\n|t:|1700632924\n|move|p2a: Forgive|U-turn|p1a: Umbreon\n|-supereffective|p1a: Umbreon\n|-damage|p1a: Umbreon|77\/100\n|\n|t:|1700632927\n|switch|p2a: Tora|Alomomola, M|100\/100 par|[from] U-turn\n|-damage|p2a: Tora|88\/100 par|[from] Stealth Rock\n|move|p1a: Umbreon|Wish|p1a: Umbreon\n|\n|-heal|p1a: Umbreon|83\/100|[from] item: Leftovers\n|upkeep\n|turn|35\n|\n|t:|1700632936\n|switch|p1a: Landorus|Landorus-Therian, M|68\/100\n|-ability|p1a: Landorus|Intimidate|boost\n|-unboost|p2a: Tora|atk|1\n|move|p2a: Tora|Scald|p1a: Landorus\n|-supereffective|p1a: Landorus\n|-damage|p1a: Landorus|40\/100\n|\n|-heal|p1a: Landorus|99\/100|[from] move: Wish|[wisher] Umbreon\n|upkeep\n|turn|36\n|\n|t:|1700632948\n|switch|p1a: Toxapex|Toxapex, F|100\/100\n|move|p2a: Tora|Wish|p2a: Tora\n|\n|upkeep\n|turn|37\n|\n|t:|1700632957\n|move|p1a: Toxapex|Toxic||[still]\n|-fail|p1a: Toxapex\n|move|p2a: Tora|Flip Turn|p1a: Toxapex\n|-resisted|p1a: Toxapex\n|-damage|p1a: Toxapex|97\/100\n|\n|t:|1700632960\n|switch|p2a: Retry|Pawmot, M|100\/100|[from] Flip Turn\n|-damage|p2a: Retry|94\/100|[from] Stealth Rock\n|\n|-heal|p2a: Retry|100\/100|[from] move: Wish|[wisher] Tora\n|-heal|p1a: Toxapex|100\/100|[from] item: Leftovers\n|upkeep\n|turn|38\n|\n|t:|1700632971\n|-terastallize|p1a: Toxapex|Grass\n|move|p2a: Retry|Revival Blessing|p2a: Retry\n|-enditem|p2a: Retry|Leppa Berry|[eat]\n|-activate|p2a: Retry|item: Leppa Berry|Revival Blessing|[consumed]\n|\n|t:|1700632978\n|-heal|p2: Forget|50\/100|[from] move: Revival Blessing\n|move|p1a: Toxapex|Toxic|p2a: Retry\n|-status|p2a: Retry|tox\n|\n|-damage|p2a: Retry|94\/100 tox|[from] psn\n|upkeep\n|turn|39\n|\n|t:|1700632984\n|move|p2a: Retry|Revival Blessing|p2a: Retry\n|\n|t:|1700632985\n|-heal|p2: Tori|50\/100|[from] move: Revival Blessing\n|move|p1a: Toxapex|Infestation|p2a: Retry\n|-resisted|p2a: Retry\n|-damage|p2a: Retry|92\/100 tox\n|-activate|p2a: Retry|move: Infestation|[of] p1a: Toxapex\n|\n|-damage|p2a: Retry|80\/100 tox|[from] psn\n|-damage|p2a: Retry|67\/100 tox|[from] move: Infestation|[partiallytrapped]\n|upkeep\n|turn|40\n|\n|t:|1700632994\n|move|p2a: Retry|Wish|p2a: Retry\n|move|p1a: Toxapex|Haze|p1a: Toxapex\n|-clearallboost\n|\n|-damage|p2a: Retry|49\/100 tox|[from] psn\n|-damage|p2a: Retry|36\/100 tox|[from] move: Infestation|[partiallytrapped]\n|upkeep\n|turn|41\n|\n|t:|1700633001\n|move|p2a: Retry|Knock Off|p1a: Toxapex\n|-damage|p1a: Toxapex|85\/100\n|-enditem|p1a: Toxapex|Leftovers|[from] move: Knock Off|[of] p2a: Retry\n|move|p1a: Toxapex|Haze|p1a: Toxapex\n|-clearallboost\n|\n|-heal|p2a: Retry|86\/100 tox|[from] move: Wish|[wisher] Retry\n|-damage|p2a: Retry|62\/100 tox|[from] psn\n|-damage|p2a: Retry|50\/100 tox|[from] move: Infestation|[partiallytrapped]\n|upkeep\n|turn|42\n|\n|t:|1700633010\n|move|p2a: Retry|Double Shock|p1a: Toxapex\n|-resisted|p1a: Toxapex\n|-damage|p1a: Toxapex|70\/100\n|-start|p2a: Retry|typechange|???\/Fighting|[from] move: Double Shock\n|move|p1a: Toxapex|Infestation|p2a: Retry\n|-resisted|p2a: Retry\n|-damage|p2a: Retry|47\/100 tox\n|\n|-damage|p2a: Retry|17\/100 tox|[from] psn\n|-damage|p2a: Retry|4\/100 tox|[from] move: Infestation|[partiallytrapped]\n|upkeep\n|turn|43\n|\n|t:|1700633019\n|move|p2a: Retry|Wish|p2a: Retry\n|move|p1a: Toxapex|Recover|p1a: Toxapex\n|-heal|p1a: Toxapex|100\/100\n|\n|-damage|p2a: Retry|0 fnt|[from] psn\n|faint|p2a: Retry\n|upkeep\n|\n|t:|1700633030\n|switch|p2a: Tori|Ditto|50\/100\n|-damage|p2a: Tori|38\/100|[from] Stealth Rock\n|turn|44\n|inactive|Gyan99 has 120 seconds left.\n|\n|t:|1700633063\n|switch|p1a: Landorus|Landorus-Therian, M|99\/100\n|-ability|p1a: Landorus|Intimidate|boost\n|-unboost|p2a: Tori|atk|1\n|move|p2a: Tori|U-turn|p1a: Landorus\n|-resisted|p1a: Landorus\n|-damage|p1a: Landorus|91\/100\n|-damage|p2a: Tori|22\/100|[from] item: Rocky Helmet|[of] p1a: Landorus\n|\n|t:|1700633066\n|switch|p2a: Tori|Ditto|50\/100|[from] U-turn\n|-damage|p2a: Tori|38\/100|[from] Stealth Rock\n|-transform|p2a: Tori|p1a: Landorus|[from] ability: Imposter\n|-ability|p2a: Tori|Intimidate|boost\n|-unboost|p1a: Landorus|atk|1\n|\n|-heal|p2a: Tori|85\/100|[from] move: Wish|[wisher] Retry\n|upkeep\n|turn|45\n|inactive|Gyan99 has 120 seconds left.\n|\n|t:|1700633108\n|switch|p1a: Toxapex|Toxapex, F, tera:Grass|100\/100\n|move|p2a: Tori|Stealth Rock|p1a: Toxapex\n|-sidestart|p1: Gyan99|move: Stealth Rock\n|\n|upkeep\n|turn|46\n|\n|t:|1700633112\n|move|p2a: Tori|U-turn|p1a: Toxapex\n|-supereffective|p1a: Toxapex\n|-damage|p1a: Toxapex|70\/100\n|\n|t:|1700633119\n|switch|p2a: Betrayal|Heatran, M, tera:Flying|100\/100|[from] U-turn\n|-damage|p2a: Betrayal|76\/100|[from] Stealth Rock\n|move|p1a: Toxapex|Toxic|p2a: Betrayal\n|-status|p2a: Betrayal|tox\n|\n|-damage|p2a: Betrayal|70\/100 tox|[from] psn\n|upkeep\n|turn|47\n|\n|t:|1700633139\n|switch|p1a: Umbreon|Umbreon, M|83\/100\n|-damage|p1a: Umbreon|71\/100|[from] Stealth Rock\n|move|p2a: Betrayal|Overheat|p1a: Umbreon\n|-damage|p1a: Umbreon|14\/100\n|-unboost|p2a: Betrayal|spa|2\n|\n|-heal|p1a: Umbreon|20\/100|[from] item: Leftovers\n|-damage|p2a: Betrayal|57\/100 tox|[from] psn\n|upkeep\n|turn|48\n|\n|t:|1700633149\n|move|p1a: Umbreon|Protect|p1a: Umbreon\n|-singleturn|p1a: Umbreon|Protect\n|move|p2a: Betrayal|Overheat|p1a: Umbreon\n|-activate|p1a: Umbreon|move: Protect\n|\n|-heal|p1a: Umbreon|26\/100|[from] item: Leftovers\n|-damage|p2a: Betrayal|39\/100 tox|[from] psn\n|upkeep\n|turn|49\n|\n|t:|1700633154\n|move|p1a: Umbreon|Protect||[still]\n|-fail|p1a: Umbreon\n|move|p2a: Betrayal|Overheat|p1a: Umbreon\n|-damage|p1a: Umbreon|0 fnt\n|-unboost|p2a: Betrayal|spa|2\n|faint|p1a: Umbreon\n|\n|-damage|p2a: Betrayal|15\/100 tox|[from] psn\n|upkeep\n|\n|t:|1700633164\n|switch|p1a: Landorus|Landorus-Therian, M|91\/100\n|-damage|p1a: Landorus|79\/100|[from] Stealth Rock\n|-ability|p1a: Landorus|Intimidate|boost\n|-unboost|p2a: Betrayal|atk|1\n|turn|50\n|\n|t:|1700633170\n|switch|p2a: Tora|Alomomola, M|100\/100 par\n|-damage|p2a: Tora|88\/100 par|[from] Stealth Rock\n|move|p1a: Landorus|Smack Down|p2a: Tora\n|-damage|p2a: Tora|74\/100 par\n|\n|upkeep\n|turn|51\n|\n|t:|1700633177\n|switch|p1a: Weezing|Weezing-Galar, F|93\/100\n|-damage|p1a: Weezing|80\/100|[from] Stealth Rock\n|cant|p2a: Tora|par\n|\n|-heal|p1a: Weezing|86\/100|[from] item: Leftovers\n|upkeep\n|turn|52\n|\n|t:|1700633182\n|move|p1a: Weezing|Taunt|p2a: Tora\n|-start|p2a: Tora|move: Taunt\n|cant|p2a: Tora|move: Taunt|Wish\n|\n|-heal|p1a: Weezing|92\/100|[from] item: Leftovers\n|upkeep\n|turn|53\n|\n|t:|1700633189\n|move|p1a: Weezing|Strange Steam|p2a: Tora\n|-damage|p2a: Tora|43\/100 par\n|cant|p2a: Tora|par\n|\n|-heal|p1a: Weezing|98\/100|[from] item: Leftovers\n|upkeep\n|turn|54\n|\n|t:|1700633194\n|switch|p2a: Forgive|Corviknight, F|99\/100\n|-damage|p2a: Forgive|88\/100|[from] Stealth Rock\n|-ability|p2a: Forgive|Pressure\n|move|p1a: Weezing|Strange Steam|p2a: Forgive\n|-resisted|p2a: Forgive\n|-damage|p2a: Forgive|68\/100\n|-start|p2a: Forgive|confusion\n|\n|-heal|p2a: Forgive|74\/100|[from] item: Leftovers\n|-heal|p1a: Weezing|100\/100|[from] item: Leftovers\n|upkeep\n|turn|55\n|\n|t:|1700633212\n|-activate|p2a: Forgive|confusion\n|-damage|p2a: Forgive|69\/100|[from] confusion\n|move|p1a: Weezing|Taunt|p2a: Forgive\n|-start|p2a: Forgive|move: Taunt\n|\n|-heal|p2a: Forgive|75\/100|[from] item: Leftovers\n|upkeep\n|turn|56\n|\n|t:|1700633219\n|switch|p1a: Landorus|Landorus-Therian, M|79\/100\n|-damage|p1a: Landorus|67\/100|[from] Stealth Rock\n|-ability|p1a: Landorus|Intimidate|boost\n|-unboost|p2a: Forgive|atk|1\n|-activate|p2a: Forgive|confusion\n|move|p2a: Forgive|U-turn|p1a: Landorus\n|-resisted|p1a: Landorus\n|-damage|p1a: Landorus|62\/100\n|-damage|p2a: Forgive|58\/100|[from] item: Rocky Helmet|[of] p1a: Landorus\n|\n|t:|1700633228\n|switch|p2a: Tora|Alomomola, M|76\/100 par|[from] U-turn\n|-damage|p2a: Tora|64\/100 par|[from] Stealth Rock\n|\n|upkeep\n|turn|57\n|\n|t:|1700633238\n|switch|p2a: Forgive|Corviknight, F|58\/100\n|-damage|p2a: Forgive|46\/100|[from] Stealth Rock\n|-ability|p2a: Forgive|Pressure\n|move|p1a: Landorus|Earthquake|p2a: Forgive\n|-immune|p2a: Forgive\n|\n|-heal|p2a: Forgive|52\/100|[from] item: Leftovers\n|upkeep\n|turn|58\n|\n|t:|1700633242\n|move|p1a: Landorus|Smack Down|p2a: Forgive\n|-damage|p2a: Forgive|41\/100\n|-start|p2a: Forgive|Smack Down\n|move|p2a: Forgive|Roost|p2a: Forgive\n|-heal|p2a: Forgive|91\/100\n|-singleturn|p2a: Forgive|move: Roost\n|\n|-heal|p2a: Forgive|97\/100|[from] item: Leftovers\n|upkeep\n|turn|59\n|\n|t:|1700633248\n|switch|p2a: Tora|Alomomola, M|97\/100 par\n|-damage|p2a: Tora|84\/100 par|[from] Stealth Rock\n|move|p1a: Landorus|Earthquake|p2a: Tora\n|-damage|p2a: Tora|44\/100 par\n|\n|upkeep\n|turn|60\n|\n|t:|1700633261\n|switch|p2a: Tori|Ditto|85\/100\n|-damage|p2a: Tori|72\/100|[from] Stealth Rock\n|-transform|p2a: Tori|p1a: Landorus|[from] ability: Imposter\n|-ability|p2a: Tori|Intimidate|boost\n|-unboost|p1a: Landorus|atk|1\n|move|p1a: Landorus|Smack Down|p2a: Tori\n|-damage|p2a: Tori|56\/100\n|-start|p2a: Tori|Smack Down\n|\n|upkeep\n|turn|61\n|\n|t:|1700633283\n|switch|p2a: Forgive|Corviknight, F|97\/100\n|-damage|p2a: Forgive|85\/100|[from] Stealth Rock\n|-ability|p2a: Forgive|Pressure\n|move|p1a: Landorus|Earthquake|p2a: Forgive\n|-immune|p2a: Forgive\n|\n|-heal|p2a: Forgive|91\/100|[from] item: Leftovers\n|upkeep\n|turn|62\n|\n|t:|1700633295\n|move|p1a: Landorus|Smack Down|p2a: Forgive\n|-damage|p2a: Forgive|83\/100\n|-start|p2a: Forgive|Smack Down\n|move|p2a: Forgive|Brave Bird|p1a: Landorus\n|-damage|p1a: Landorus|20\/100\n|-damage|p2a: Forgive|67\/100|[from] item: Rocky Helmet|[of] p1a: Landorus\n|-damage|p2a: Forgive|55\/100|[from] Recoil\n|\n|-heal|p2a: Forgive|61\/100|[from] item: Leftovers\n|upkeep\n|turn|63\n|\n|t:|1700633302\n|switch|p2a: Tori|Ditto|56\/100\n|-damage|p2a: Tori|43\/100|[from] Stealth Rock\n|-transform|p2a: Tori|p1a: Landorus|[from] ability: Imposter\n|-ability|p2a: Tori|Intimidate|boost\n|-unboost|p1a: Landorus|atk|1\n|move|p1a: Landorus|Earthquake|p2a: Tori\n|-immune|p2a: Tori\n|\n|upkeep\n|turn|64\n|\n|t:|1700633310\n|switch|p1a: Toxapex|Toxapex, F, tera:Grass|100\/100\n|-damage|p1a: Toxapex|88\/100|[from] Stealth Rock\n|move|p2a: Tori|Smack Down|p1a: Toxapex\n|-damage|p1a: Toxapex|80\/100\n|\n|upkeep\n|turn|65\n|\n|t:|1700633316\n|move|p2a: Tori|U-turn|p1a: Toxapex\n|-supereffective|p1a: Toxapex\n|-damage|p1a: Toxapex|57\/100\n|\n|t:|1700633321\n|switch|p2a: Tora|Alomomola, M|77\/100 par|[from] U-turn\n|-damage|p2a: Tora|65\/100 par|[from] Stealth Rock\n|move|p1a: Toxapex|Infestation|p2a: Tora\n|-damage|p2a: Tora|63\/100 par\n|-activate|p2a: Tora|move: Infestation|[of] p1a: Toxapex\n|-damage|p1a: Toxapex|41\/100|[from] item: Rocky Helmet|[of] p2a: Tora\n|\n|-damage|p2a: Tora|50\/100 par|[from] move: Infestation|[partiallytrapped]\n|upkeep\n|turn|66\n|\n|t:|1700633335\n|move|p1a: Toxapex|Recover|p1a: Toxapex\n|-heal|p1a: Toxapex|91\/100\n|move|p2a: Tora|Wish|p2a: Tora\n|\n|-damage|p2a: Tora|38\/100 par|[from] move: Infestation|[partiallytrapped]\n|upkeep\n|turn|67\n|\n|t:|1700633342\n|move|p1a: Toxapex|Infestation|p2a: Tora\n|-damage|p2a: Tora|36\/100 par\n|-damage|p1a: Toxapex|74\/100|[from] item: Rocky Helmet|[of] p2a: Tora\n|move|p2a: Tora|Flip Turn|p1a: Toxapex\n|-resisted|p1a: Toxapex\n|-damage|p1a: Toxapex|69\/100\n|\n|t:|1700633346\n|switch|p2a: Betrayal|Heatran, M, tera:Flying|15\/100 tox|[from] Flip Turn\n|-damage|p2a: Betrayal|0 fnt|[from] Stealth Rock\n|faint|p2a: Betrayal\n|\n|upkeep\n|\n|t:|1700633349\n|switch|p2a: Forgive|Corviknight, F|61\/100\n|-damage|p2a: Forgive|49\/100|[from] Stealth Rock\n|-ability|p2a: Forgive|Pressure\n|turn|68\n|\n|t:|1700633355\n|switch|p1a: Weezing|Weezing-Galar, F|100\/100\n|-damage|p1a: Weezing|88\/100|[from] Stealth Rock\n|move|p2a: Forgive|Roost|p2a: Forgive\n|-heal|p2a: Forgive|99\/100\n|-singleturn|p2a: Forgive|move: Roost\n|\n|-heal|p2a: Forgive|100\/100|[from] item: Leftovers\n|-heal|p1a: Weezing|94\/100|[from] item: Leftovers\n|upkeep\n|turn|69\n|\n|t:|1700633366\n|move|p2a: Forgive|U-turn|p1a: Weezing\n|-resisted|p1a: Weezing\n|-damage|p1a: Weezing|91\/100\n|\n|t:|1700633369\n|switch|p2a: Tora|Alomomola, M|69\/100 par|[from] U-turn\n|-damage|p2a: Tora|56\/100 par|[from] Stealth Rock\n|move|p1a: Weezing|Taunt|p2a: Tora\n|-start|p2a: Tora|move: Taunt\n|\n|-heal|p1a: Weezing|97\/100|[from] item: Leftovers\n|upkeep\n|turn|70\n|\n|t:|1700633373\n|move|p1a: Weezing|Strange Steam|p2a: Tora\n|-damage|p2a: Tora|25\/100 par\n|cant|p2a: Tora|par\n|\n|-heal|p1a: Weezing|100\/100|[from] item: Leftovers\n|upkeep\n|turn|71\n|\n|t:|1700633383\n|switch|p2a: Forgive|Corviknight, F|100\/100\n|-damage|p2a: Forgive|88\/100|[from] Stealth Rock\n|-ability|p2a: Forgive|Pressure\n|move|p1a: Weezing|Strange Steam|p2a: Forgive\n|-resisted|p2a: Forgive\n|-damage|p2a: Forgive|71\/100\n|\n|-heal|p2a: Forgive|77\/100|[from] item: Leftovers\n|upkeep\n|turn|72\n|\n|t:|1700633391\n|move|p2a: Forgive|U-turn|p1a: Weezing\n|-resisted|p1a: Weezing\n|-damage|p1a: Weezing|98\/100\n|\n|t:|1700633393\n|switch|p2a: Tora|Alomomola, M|58\/100 par|[from] U-turn\n|-damage|p2a: Tora|46\/100 par|[from] Stealth Rock\n|move|p1a: Weezing|Strange Steam|p2a: Tora\n|-damage|p2a: Tora|13\/100 par\n|\n|-heal|p1a: Weezing|100\/100|[from] item: Leftovers\n|upkeep\n|turn|73\n|\n|t:|1700633407\n|switch|p2a: Forgive|Corviknight, F|77\/100\n|-damage|p2a: Forgive|65\/100|[from] Stealth Rock\n|-ability|p2a: Forgive|Pressure\n|move|p1a: Weezing|Strange Steam|p2a: Forgive\n|-resisted|p2a: Forgive\n|-damage|p2a: Forgive|47\/100\n|\n|-heal|p2a: Forgive|53\/100|[from] item: Leftovers\n|upkeep\n|turn|74\n|\n|t:|1700633410\n|move|p2a: Forgive|Roost|p2a: Forgive\n|-heal|p2a: Forgive|100\/100\n|-singleturn|p2a: Forgive|move: Roost\n|move|p1a: Weezing|Strange Steam|p2a: Forgive\n|-resisted|p2a: Forgive\n|-crit|p2a: Forgive\n|-damage|p2a: Forgive|74\/100\n|\n|-heal|p2a: Forgive|80\/100|[from] item: Leftovers\n|upkeep\n|turn|75\n|\n|t:|1700633416\n|move|p2a: Forgive|Brave Bird|p1a: Weezing\n|-damage|p1a: Weezing|66\/100\n|-damage|p2a: Forgive|70\/100|[from] Recoil\n|move|p1a: Weezing|Taunt|p2a: Forgive\n|-start|p2a: Forgive|move: Taunt\n|\n|-heal|p2a: Forgive|76\/100|[from] item: Leftovers\n|-heal|p1a: Weezing|72\/100|[from] item: Leftovers\n|upkeep\n|turn|76\n|\n|t:|1700633428\n|move|p2a: Forgive|Brave Bird|p1a: Weezing\n|-damage|p1a: Weezing|38\/100\n|-damage|p2a: Forgive|67\/100|[from] Recoil\n|move|p1a: Weezing|Sludge Bomb|p2a: Forgive\n|-immune|p2a: Forgive\n|\n|-heal|p2a: Forgive|73\/100|[from] item: Leftovers\n|-heal|p1a: Weezing|44\/100|[from] item: Leftovers\n|upkeep\n|turn|77\n|\n|t:|1700633435\n|switch|p1a: Landorus|Landorus-Therian, M|20\/100\n|-damage|p1a: Landorus|7\/100|[from] Stealth Rock\n|-ability|p1a: Landorus|Intimidate|boost\n|-unboost|p2a: Forgive|atk|1\n|move|p2a: Forgive|Brave Bird|p1a: Landorus\n|-damage|p1a: Landorus|0 fnt\n|-damage|p2a: Forgive|56\/100|[from] item: Rocky Helmet|[of] p1a: Landorus\n|faint|p1a: Landorus\n|-damage|p2a: Forgive|54\/100|[from] Recoil\n|\n|-heal|p2a: Forgive|60\/100|[from] item: Leftovers\n|upkeep\n|\n|t:|1700633438\n|switch|p1a: Toxapex|Toxapex, F, tera:Grass|100\/100\n|-damage|p1a: Toxapex|88\/100|[from] Stealth Rock\n|turn|78\n|\n|t:|1700633445\n|move|p2a: Forgive|U-turn|p1a: Toxapex\n|-supereffective|p1a: Toxapex\n|-damage|p1a: Toxapex|76\/100\n|\n|t:|1700633447\n|switch|p2a: Tora|Alomomola, M|46\/100 par|[from] U-turn\n|-damage|p2a: Tora|34\/100 par|[from] Stealth Rock\n|move|p1a: Toxapex|Infestation|p2a: Tora\n|-damage|p2a: Tora|32\/100 par\n|-activate|p2a: Tora|move: Infestation|[of] p1a: Toxapex\n|-damage|p1a: Toxapex|60\/100|[from] item: Rocky Helmet|[of] p2a: Tora\n|\n|-damage|p2a: Tora|19\/100 par|[from] move: Infestation|[partiallytrapped]\n|upkeep\n|turn|79\n|\n|t:|1700633460\n|move|p1a: Toxapex|Infestation|p2a: Tora\n|-damage|p2a: Tora|17\/100 par\n|-damage|p1a: Toxapex|43\/100|[from] item: Rocky Helmet|[of] p2a: Tora\n|move|p2a: Tora|Flip Turn|p1a: Toxapex\n|-resisted|p1a: Toxapex\n|-damage|p1a: Toxapex|38\/100\n|\n|t:|1700633463\n|switch|p2a: Tora|Alomomola, M|22\/100|[from] Flip Turn\n|-damage|p2a: Tora|9\/100|[from] Stealth Rock\n|\n|upkeep\n|turn|80\n|\n|t:|1700633473\n|move|p2a: Tora|U-turn|p1a: Toxapex\n|-supereffective|p1a: Toxapex\n|-damage|p1a: Toxapex|13\/100\n|\n|t:|1700633478\n|switch|p2a: Forgive|Corviknight, F|60\/100|[from] U-turn\n|-damage|p2a: Forgive|48\/100|[from] Stealth Rock\n|-ability|p2a: Forgive|Pressure\n|move|p1a: Toxapex|Recover|p1a: Toxapex\n|-heal|p1a: Toxapex|63\/100\n|\n|-heal|p2a: Forgive|54\/100|[from] item: Leftovers\n|upkeep\n|turn|81\n|\n|t:|1700633482\n|move|p2a: Forgive|Roost|p2a: Forgive\n|-heal|p2a: Forgive|100\/100\n|-singleturn|p2a: Forgive|move: Roost\n|move|p1a: Toxapex|Recover|p1a: Toxapex\n|-heal|p1a: Toxapex|100\/100\n|\n|upkeep\n|turn|82\n|\n|t:|1700633485\n|move|p2a: Forgive|Brave Bird|p1a: Toxapex\n|-supereffective|p1a: Toxapex\n|-damage|p1a: Toxapex|53\/100\n|-damage|p2a: Forgive|88\/100|[from] Recoil\n|move|p1a: Toxapex|Infestation|p2a: Forgive\n|-resisted|p2a: Forgive\n|-damage|p2a: Forgive|88\/100\n|-activate|p2a: Forgive|move: Infestation|[of] p1a: Toxapex\n|\n|-heal|p2a: Forgive|94\/100|[from] item: Leftovers\n|-damage|p2a: Forgive|82\/100|[from] move: Infestation|[partiallytrapped]\n|upkeep\n|turn|83\n|\n|t:|1700633491\n|move|p2a: Forgive|Brave Bird|p1a: Toxapex\n|-supereffective|p1a: Toxapex\n|-damage|p1a: Toxapex|6\/100\n|-damage|p2a: Forgive|70\/100|[from] Recoil\n|move|p1a: Toxapex|Recover|p1a: Toxapex\n|-heal|p1a: Toxapex|56\/100\n|\n|-heal|p2a: Forgive|76\/100|[from] item: Leftovers\n|-damage|p2a: Forgive|63\/100|[from] move: Infestation|[partiallytrapped]\n|upkeep\n|turn|84\n|\n|t:|1700633498\n|move|p2a: Forgive|Roost|p2a: Forgive\n|-heal|p2a: Forgive|100\/100\n|-singleturn|p2a: Forgive|move: Roost\n|move|p1a: Toxapex|Recover|p1a: Toxapex\n|-heal|p1a: Toxapex|100\/100\n|\n|-damage|p2a: Forgive|88\/100|[from] move: Infestation|[partiallytrapped]\n|upkeep\n|turn|85\n|\n|t:|1700633503\n|move|p2a: Forgive|Brave Bird|p1a: Toxapex\n|-supereffective|p1a: Toxapex\n|-damage|p1a: Toxapex|55\/100\n|-damage|p2a: Forgive|77\/100|[from] Recoil\n|move|p1a: Toxapex|Haze|p1a: Toxapex\n|-clearallboost\n|\n|-heal|p2a: Forgive|83\/100|[from] item: Leftovers\n|-damage|p2a: Forgive|70\/100|[from] move: Infestation|[partiallytrapped]\n|upkeep\n|turn|86\n|\n|t:|1700633510\n|switch|p1a: Weezing|Weezing-Galar, F|44\/100\n|-damage|p1a: Weezing|32\/100|[from] Stealth Rock\n|move|p2a: Forgive|Brave Bird|p1a: Weezing\n|-damage|p1a: Weezing|0 fnt\n|faint|p1a: Weezing\n|-damage|p2a: Forgive|62\/100|[from] Recoil\n|\n|-heal|p2a: Forgive|68\/100|[from] item: Leftovers\n|-end|p2a: Forgive|Infestation|[partiallytrapped]\n|upkeep\n|\n|t:|1700633514\n|switch|p1a: Toxapex|Toxapex, F, tera:Grass|88\/100\n|-damage|p1a: Toxapex|76\/100|[from] Stealth Rock\n|turn|87\n|\n|t:|1700633517\n|move|p2a: Forgive|Brave Bird|p1a: Toxapex\n|-supereffective|p1a: Toxapex\n|-damage|p1a: Toxapex|30\/100\n|-damage|p2a: Forgive|56\/100|[from] Recoil\n|move|p1a: Toxapex|Infestation|p2a: Forgive\n|-resisted|p2a: Forgive\n|-damage|p2a: Forgive|56\/100\n|-activate|p2a: Forgive|move: Infestation|[of] p1a: Toxapex\n|\n|-heal|p2a: Forgive|62\/100|[from] item: Leftovers\n|-damage|p2a: Forgive|49\/100|[from] move: Infestation|[partiallytrapped]\n|upkeep\n|turn|88\n|\n|t:|1700633521\n|move|p2a: Forgive|Brave Bird|p1a: Toxapex\n|-supereffective|p1a: Toxapex\n|-damage|p1a: Toxapex|0 fnt\n|faint|p1a: Toxapex\n|-damage|p2a: Forgive|42\/100|[from] Recoil\n|\n|win|Angel_Oceanpart\n|raw|Gyan99's rating: 1272 &rarr; <strong>1251<\/strong><br \/>(-21 for losing)\n|raw|Angel_Oceanpart's rating: 1328 &rarr; <strong>1345<\/strong><br \/>(+17 for winning)\n","uploadtime":1700633525,"views":1,"p1id":"gyan99","p2id":"angeloceanpart","formatid":"gen9ou","rating":1251,"private":0,"password":""}