{"id":"gen9ou-1997750711","p1":"Imanjoneser","p2":"BillyofSilly","format":"[Gen 9] OU","log":"|j|\u2606Imanjoneser\n|j|\u2606BillyofSilly\n|t:|1700848735\n|gametype|singles\n|player|p1|Imanjoneser|bugcatcher-gen4dp|1110\n|player|p2|BillyofSilly|blackbelt-gen4dp|1000\n|teamsize|p1|6\n|teamsize|p2|6\n|gen|9\n|tier|[Gen 9] OU\n|rated|\n|rule|Sleep Clause Mod: Limit one foe put to sleep\n|rule|Species Clause: Limit one of each Pok\u00e9mon\n|rule|OHKO Clause: OHKO moves are banned\n|rule|Evasion Items Clause: Evasion items are banned\n|rule|Evasion Moves Clause: Evasion moves are banned\n|rule|Endless Battle Clause: Forcing endless battles is banned\n|rule|HP Percentage Mod: HP is shown in percentages\n|clearpoke\n|poke|p1|Noivern, F|\n|poke|p1|Cinderace, F|\n|poke|p1|Maushold-Four|\n|poke|p1|Chesnaught, M|\n|poke|p1|Grafaiai, F|\n|poke|p1|Eelektross, F|\n|poke|p2|Gyarados, M|\n|poke|p2|Ting-Lu|\n|poke|p2|Zapdos|\n|poke|p2|Garganacl, F|\n|poke|p2|Breloom, M|\n|poke|p2|Great Tusk|\n|teampreview\n|c|\u2606Imanjoneser|Ting-Lu!\n|inactive|Battle timer is ON: inactive players will automatically lose when time's up. (requested by BillyofSilly)\n|\n|t:|1700848759\n|start\n|switch|p1a: Grafaiai|Grafaiai, F, shiny|100\/100\n|switch|p2a: Gyarados|Gyarados, M, shiny|100\/100\n|turn|1\n|\n|t:|1700848775\n|move|p1a: Grafaiai|Parting Shot|p2a: Gyarados\n|-unboost|p2a: Gyarados|atk|1\n|-unboost|p2a: Gyarados|spa|1\n|\n|t:|1700848778\n|switch|p1a: Eelektross|Eelektross, F, shiny|100\/100|[from] Parting Shot\n|move|p2a: Gyarados|Earthquake|p1a: Eelektross\n|-immune|p1a: Eelektross|[from] ability: Levitate\n|\n|upkeep\n|turn|2\n|\n|t:|1700848785\n|switch|p2a: Ting-Lu|Ting-Lu|100\/100\n|-ability|p2a: Ting-Lu|Vessel of Ruin\n|move|p1a: Eelektross|Coil|p1a: Eelektross\n|-boost|p1a: Eelektross|atk|1\n|-boost|p1a: Eelektross|def|1\n|-boost|p1a: Eelektross|accuracy|1\n|\n|upkeep\n|turn|3\n|\n|t:|1700848793\n|move|p2a: Ting-Lu|Stealth Rock|p1a: Eelektross\n|-sidestart|p1: Imanjoneser|move: Stealth Rock\n|move|p1a: Eelektross|Knock Off|p2a: Ting-Lu\n|-resisted|p2a: Ting-Lu\n|-damage|p2a: Ting-Lu|87\/100\n|-enditem|p2a: Ting-Lu|Leftovers|[from] move: Knock Off|[of] p1a: Eelektross\n|\n|upkeep\n|turn|4\n|\n|t:|1700848801\n|move|p1a: Eelektross|Super Fang|p2a: Ting-Lu\n|-damage|p2a: Ting-Lu|44\/100\n|move|p2a: Ting-Lu|Whirlwind|p1a: Eelektross\n|drag|p1a: Grafaiai|Grafaiai, F, shiny|100\/100\n|-damage|p1a: Grafaiai|88\/100|[from] Stealth Rock\n|\n|upkeep\n|turn|5\n|\n|t:|1700848809\n|move|p1a: Grafaiai|Poison Jab|p2a: Ting-Lu\n|-resisted|p2a: Ting-Lu\n|-damage|p2a: Ting-Lu|35\/100\n|-status|p2a: Ting-Lu|psn\n|move|p2a: Ting-Lu|Earthquake|p1a: Grafaiai\n|-supereffective|p1a: Grafaiai\n|-damage|p1a: Grafaiai|0 fnt\n|faint|p1a: Grafaiai\n|\n|-damage|p2a: Ting-Lu|22\/100 psn|[from] psn\n|upkeep\n|\n|t:|1700848838\n|switch|p1a: Chesnaught|Chesnaught, M, shiny|100\/100\n|-damage|p1a: Chesnaught|94\/100|[from] Stealth Rock\n|turn|6\n|\n|t:|1700848843\n|move|p1a: Chesnaught|Leech Seed|p2a: Ting-Lu\n|-start|p2a: Ting-Lu|move: Leech Seed\n|move|p2a: Ting-Lu|Whirlwind|p1a: Chesnaught\n|drag|p1a: Maushold|Maushold-Four, shiny|100\/100\n|-damage|p1a: Maushold|88\/100|[from] Stealth Rock\n|\n|-damage|p2a: Ting-Lu|10\/100 psn|[from] Leech Seed|[of] p1a: Maushold\n|-heal|p1a: Maushold|100\/100|[silent]\n|-damage|p2a: Ting-Lu|0 fnt|[from] psn\n|faint|p2a: Ting-Lu\n|upkeep\n|\n|t:|1700848853\n|switch|p2a: Breloom|Breloom, M|100\/100\n|turn|7\n|\n|t:|1700848881\n|move|p1a: Maushold|Population Bomb|p2a: Breloom\n|-crit|p2a: Breloom\n|-damage|p2a: Breloom|76\/100\n|-damage|p2a: Breloom|60\/100\n|-damage|p2a: Breloom|43\/100\n|-damage|p2a: Breloom|26\/100\n|-damage|p2a: Breloom|7\/100\n|-damage|p2a: Breloom|0 fnt\n|faint|p2a: Breloom\n|-hitcount|p2: Breloom|6\n|\n|upkeep\n|c|\u2606Imanjoneser|Phew\n|c|\u2606Imanjoneser|No mach punch?\n|inactive|BillyofSilly has 120 seconds left.\n|\n|t:|1700848916\n|switch|p2a: Garganacl|Garganacl, F|100\/100\n|turn|8\n|inactive|Imanjoneser has 120 seconds left.\n|c|\u2606BillyofSilly|was expecting tidy up\n|c|\u2606BillyofSilly|went for spore\n|c|\u2606Imanjoneser|Ah makes sense\n|\n|t:|1700848950\n|move|p1a: Maushold|Super Fang|p2a: Garganacl\n|-damage|p2a: Garganacl|50\/100\n|move|p2a: Garganacl|Iron Defense|p2a: Garganacl\n|-boost|p2a: Garganacl|def|2\n|\n|-heal|p2a: Garganacl|57\/100|[from] item: Leftovers\n|upkeep\n|turn|9\n|\n|t:|1700848957\n|move|p1a: Maushold|Super Fang|p2a: Garganacl\n|-damage|p2a: Garganacl|29\/100\n|move|p2a: Garganacl|Iron Defense|p2a: Garganacl\n|-boost|p2a: Garganacl|def|2\n|\n|-heal|p2a: Garganacl|35\/100|[from] item: Leftovers\n|upkeep\n|turn|10\n|inactive|Imanjoneser has 120 seconds left.\n|\n|t:|1700848967\n|move|p1a: Maushold|Super Fang|p2a: Garganacl|[miss]\n|-miss|p1a: Maushold|p2a: Garganacl\n|move|p2a: Garganacl|Recover|p2a: Garganacl\n|-heal|p2a: Garganacl|85\/100\n|\n|-heal|p2a: Garganacl|91\/100|[from] item: Leftovers\n|upkeep\n|turn|11\n|\n|t:|1700848974\n|move|p1a: Maushold|Super Fang|p2a: Garganacl\n|-damage|p2a: Garganacl|46\/100\n|move|p2a: Garganacl|Iron Defense|p2a: Garganacl\n|-boost|p2a: Garganacl|def|2\n|\n|-heal|p2a: Garganacl|52\/100|[from] item: Leftovers\n|upkeep\n|turn|12\n|\n|t:|1700848981\n|move|p1a: Maushold|Super Fang|p2a: Garganacl\n|-damage|p2a: Garganacl|26\/100\n|move|p2a: Garganacl|Body Press|p1a: Maushold\n|-supereffective|p1a: Maushold\n|-damage|p1a: Maushold|0 fnt\n|faint|p1a: Maushold\n|\n|-heal|p2a: Garganacl|32\/100|[from] item: Leftovers\n|upkeep\n|\n|t:|1700848990\n|switch|p1a: Noivern|Noivern, F, shiny|100\/100\n|-damage|p1a: Noivern|76\/100|[from] Stealth Rock\n|turn|13\n|\n|t:|1700849000\n|-terastallize|p1a: Noivern|Flying\n|-terastallize|p2a: Garganacl|Fairy\n|move|p1a: Noivern|Air Slash|p2a: Garganacl\n|-damage|p2a: Garganacl|0 fnt\n|faint|p2a: Garganacl\n|\n|upkeep\n|\n|t:|1700849007\n|switch|p2a: Zapdos|Zapdos|100\/100\n|turn|14\n|inactive|Imanjoneser has 120 seconds left.\n|\n|t:|1700849057\n|move|p1a: Noivern|Super Fang|p2a: Zapdos\n|-damage|p2a: Zapdos|51\/100\n|move|p2a: Zapdos|Thunderbolt|p1a: Noivern\n|-supereffective|p1a: Noivern\n|-damage|p1a: Noivern|0 fnt\n|faint|p1a: Noivern\n|\n|upkeep\n|inactive|Imanjoneser has 90 seconds left.\n|\n|t:|1700849087\n|switch|p1a: Eelektross|Eelektross, F, shiny|100\/100\n|-damage|p1a: Eelektross|88\/100|[from] Stealth Rock\n|turn|15\n|\n|t:|1700849102\n|move|p2a: Zapdos|Hurricane|p1a: Eelektross\n|-resisted|p1a: Eelektross\n|-damage|p1a: Eelektross|55\/100\n|move|p1a: Eelektross|Knock Off|p2a: Zapdos\n|-damage|p2a: Zapdos|10\/100\n|-enditem|p2a: Zapdos|Heavy-Duty Boots|[from] move: Knock Off|[of] p1a: Eelektross\n|\n|-heal|p1a: Eelektross|61\/100|[from] item: Leftovers\n|upkeep\n|turn|16\n|\n|t:|1700849126\n|move|p2a: Zapdos|Hurricane|p1a: Eelektross\n|-resisted|p1a: Eelektross\n|-damage|p1a: Eelektross|29\/100\n|move|p1a: Eelektross|Knock Off|p2a: Zapdos\n|-damage|p2a: Zapdos|0 fnt\n|faint|p2a: Zapdos\n|\n|-heal|p1a: Eelektross|36\/100|[from] item: Leftovers\n|upkeep\n|\n|t:|1700849134\n|switch|p2a: Great Tusk|Great Tusk|100\/100\n|turn|17\n|\n|t:|1700849139\n|move|p2a: Great Tusk|Knock Off|p1a: Eelektross\n|-damage|p1a: Eelektross|0 fnt\n|-enditem|p1a: Eelektross|Leftovers|[from] move: Knock Off|[of] p2a: Great Tusk\n|faint|p1a: Eelektross\n|\n|upkeep\n|\n|t:|1700849144\n|switch|p1a: Chesnaught|Chesnaught, M, shiny|94\/100\n|-damage|p1a: Chesnaught|88\/100|[from] Stealth Rock\n|turn|18\n|\n|t:|1700849152\n|move|p2a: Great Tusk|Close Combat|p1a: Chesnaught\n|-crit|p1a: Chesnaught\n|-damage|p1a: Chesnaught|17\/100\n|-unboost|p2a: Great Tusk|def|1\n|-unboost|p2a: Great Tusk|spd|1\n|-damage|p2a: Great Tusk|84\/100|[from] item: Rocky Helmet|[of] p1a: Chesnaught\n|move|p1a: Chesnaught|Leech Seed|p2a: Great Tusk\n|-start|p2a: Great Tusk|move: Leech Seed\n|\n|-damage|p2a: Great Tusk|72\/100|[from] Leech Seed|[of] p1a: Chesnaught\n|-heal|p1a: Chesnaught|29\/100|[silent]\n|upkeep\n|turn|19\n|\n|t:|1700849164\n|move|p1a: Chesnaught|Spiky Shield|p1a: Chesnaught\n|-singleturn|p1a: Chesnaught|move: Protect\n|move|p2a: Great Tusk|Close Combat|p1a: Chesnaught\n|-activate|p1a: Chesnaught|move: Protect\n|-damage|p2a: Great Tusk|59\/100|[from] Spiky Shield|[of] p1a: Chesnaught\n|\n|-damage|p2a: Great Tusk|47\/100|[from] Leech Seed|[of] p1a: Chesnaught\n|-heal|p1a: Chesnaught|42\/100|[silent]\n|upkeep\n|turn|20\n|\n|t:|1700849173\n|move|p1a: Chesnaught|Spiky Shield|p1a: Chesnaught\n|-singleturn|p1a: Chesnaught|move: Protect\n|move|p2a: Great Tusk|Close Combat|p1a: Chesnaught\n|-activate|p1a: Chesnaught|move: Protect\n|-damage|p2a: Great Tusk|34\/100|[from] Spiky Shield|[of] p1a: Chesnaught\n|\n|-damage|p2a: Great Tusk|22\/100|[from] Leech Seed|[of] p1a: Chesnaught\n|-heal|p1a: Chesnaught|54\/100|[silent]\n|upkeep\n|turn|21\n|\n|t:|1700849192\n|switch|p1a: Cinderace|Cinderace, F, shiny|100\/100\n|-damage|p1a: Cinderace|76\/100|[from] Stealth Rock\n|move|p2a: Great Tusk|Close Combat|p1a: Cinderace\n|-damage|p1a: Cinderace|0 fnt\n|-unboost|p2a: Great Tusk|def|1\n|-unboost|p2a: Great Tusk|spd|1\n|faint|p1a: Cinderace\n|\n|upkeep\n|\n|t:|1700849200\n|switch|p1a: Chesnaught|Chesnaught, M, shiny|54\/100\n|-damage|p1a: Chesnaught|48\/100|[from] Stealth Rock\n|turn|22\n|\n|t:|1700849212\n|move|p1a: Chesnaught|Spiky Shield|p1a: Chesnaught\n|-singleturn|p1a: Chesnaught|move: Protect\n|move|p2a: Great Tusk|Close Combat|p1a: Chesnaught\n|-activate|p1a: Chesnaught|move: Protect\n|-damage|p2a: Great Tusk|10\/100|[from] Spiky Shield|[of] p1a: Chesnaught\n|\n|-damage|p2a: Great Tusk|0 fnt|[from] Leech Seed|[of] p1a: Chesnaught\n|-heal|p1a: Chesnaught|57\/100|[silent]\n|faint|p2a: Great Tusk\n|-end|p2a: Great Tusk|Protosynthesis|[silent]\n|upkeep\n|c|\u2606Imanjoneser|Thought ace would survive just like at the war\n|\n|t:|1700849221\n|switch|p2a: Gyarados|Gyarados, M, shiny|100\/100\n|turn|23\n|\n|t:|1700849226\n|move|p2a: Gyarados|Dragon Dance|p2a: Gyarados\n|-boost|p2a: Gyarados|atk|1\n|-boost|p2a: Gyarados|spe|1\n|move|p1a: Chesnaught|Leech Seed|p2a: Gyarados\n|-start|p2a: Gyarados|move: Leech Seed\n|\n|-damage|p2a: Gyarados|88\/100|[from] Leech Seed|[of] p1a: Chesnaught\n|-heal|p1a: Chesnaught|67\/100|[silent]\n|upkeep\n|turn|24\n|inactive|Imanjoneser has 120 seconds left.\n|\n|t:|1700849233\n|move|p2a: Gyarados|Dragon Dance|p2a: Gyarados\n|-boost|p2a: Gyarados|atk|1\n|-boost|p2a: Gyarados|spe|1\n|move|p1a: Chesnaught|Knock Off|p2a: Gyarados\n|-damage|p2a: Gyarados|51\/100\n|-enditem|p2a: Gyarados|Focus Sash|[from] move: Knock Off|[of] p1a: Chesnaught\n|\n|-damage|p2a: Gyarados|38\/100|[from] Leech Seed|[of] p1a: Chesnaught\n|-heal|p1a: Chesnaught|78\/100|[silent]\n|upkeep\n|turn|25\n|inactive|Imanjoneser has 120 seconds left.\n|\n|t:|1700849246\n|move|p2a: Gyarados|Dragon Dance|p2a: Gyarados\n|-boost|p2a: Gyarados|atk|1\n|-boost|p2a: Gyarados|spe|1\n|move|p1a: Chesnaught|Drain Punch|p2a: Gyarados\n|-resisted|p2a: Gyarados\n|-damage|p2a: Gyarados|13\/100\n|-heal|p1a: Chesnaught|89\/100|[from] drain|[of] p2a: Gyarados\n|\n|-damage|p2a: Gyarados|1\/100|[from] Leech Seed|[of] p1a: Chesnaught\n|-heal|p1a: Chesnaught|99\/100|[silent]\n|upkeep\n|turn|26\n|c|\u2606Imanjoneser|gg!\n|\n|t:|1700849255\n|move|p1a: Chesnaught|Spiky Shield|p1a: Chesnaught\n|-singleturn|p1a: Chesnaught|move: Protect\n|move|p2a: Gyarados|Earthquake|p1a: Chesnaught\n|-activate|p1a: Chesnaught|move: Protect\n|\n|-damage|p2a: Gyarados|0 fnt|[from] Leech Seed|[of] p1a: Chesnaught\n|-heal|p1a: Chesnaught|99\/100|[silent]\n|faint|p2a: Gyarados\n|\n|win|Imanjoneser\n|upkeep\n|raw|Imanjoneser's rating: 1110 &rarr; <strong>1127<\/strong><br \/>(+17 for winning)\n|raw|BillyofSilly's rating: 1000 &rarr; <strong>1000<\/strong><br \/>(+0 for losing)\n|c|\u2606BillyofSilly|gg\n|l|\u2606BillyofSilly\n","uploadtime":1700849267,"views":4,"p1id":"imanjoneser","p2id":"billyofsilly","formatid":"gen9ou","rating":1000,"private":0,"password":""}