{"id":"gen9ou-1996694668","p1":"Togegemaru","p2":"Ordmas","format":"[Gen 9] OU","log":"|j|\u2606Togegemaru\n|j|\u2606Ordmas\n|t:|1700710719\n|gametype|singles\n|player|p1|Togegemaru|2|1148\n|player|p2|Ordmas|rocketgruntf|1062\n|teamsize|p1|6\n|teamsize|p2|6\n|gen|9\n|tier|[Gen 9] OU\n|rated|\n|rule|Sleep Clause Mod: Limit one foe put to sleep\n|rule|Species Clause: Limit one of each Pok\u00e9mon\n|rule|OHKO Clause: OHKO moves are banned\n|rule|Evasion Items Clause: Evasion items are banned\n|rule|Evasion Moves Clause: Evasion moves are banned\n|rule|Endless Battle Clause: Forcing endless battles is banned\n|rule|HP Percentage Mod: HP is shown in percentages\n|clearpoke\n|poke|p1|Espeon, F|\n|poke|p1|Breloom, M|\n|poke|p1|Slowking-Galar, F|\n|poke|p1|Glaceon, M|\n|poke|p1|Sandslash-Alola, F|\n|poke|p1|Dragapult, M|\n|poke|p2|Jirachi|\n|poke|p2|Garchomp, M|\n|poke|p2|Zapdos|\n|poke|p2|Azumarill, M|\n|poke|p2|Scizor, M|\n|poke|p2|Volcanion|\n|teampreview\n|\n|t:|1700710733\n|start\n|switch|p1a: Dragapult|Dragapult, M|100\/100\n|switch|p2a: Wisha|Jirachi|100\/100\n|turn|1\n|\n|t:|1700710751\n|-terastallize|p1a: Dragapult|Ghost\n|move|p1a: Dragapult|Tera Blast|p2a: Wisha|[anim] Tera Blast Ghost\n|-supereffective|p2a: Wisha\n|-damage|p2a: Wisha|0 fnt\n|faint|p2a: Wisha\n|\n|upkeep\n|\n|t:|1700710762\n|switch|p2a: Alkid|Scizor, M, shiny|100\/100\n|turn|2\n|\n|t:|1700710770\n|move|p1a: Dragapult|Tera Blast|p2a: Alkid|[anim] Tera Blast Ghost\n|-damage|p2a: Alkid|12\/100\n|move|p2a: Alkid|Thief|p1a: Dragapult\n|-supereffective|p1a: Dragapult\n|-damage|p1a: Dragapult|9\/100\n|\n|upkeep\n|turn|3\n|\n|t:|1700710783\n|switch|p1a: Sandslash|Sandslash-Alola, F|100\/100\n|move|p2a: Alkid|Thief|p1a: Sandslash\n|-crit|p1a: Sandslash\n|-damage|p1a: Sandslash|58\/100\n|\n|upkeep\n|turn|4\n|\n|t:|1700710793\n|move|p2a: Alkid|Bullet Punch|p1a: Sandslash\n|-damage|p1a: Sandslash|27\/100\n|move|p1a: Sandslash|Earthquake|p2a: Alkid\n|-damage|p2a: Alkid|0 fnt\n|faint|p2a: Alkid\n|-damage|p1a: Sandslash|17\/100|[from] item: Life Orb\n|\n|upkeep\n|\n|t:|1700710807\n|switch|p2a: Tower|Volcanion|100\/100\n|turn|5\n|\n|t:|1700710815\n|switch|p1a: Slowking|Slowking-Galar, F|100\/100\n|move|p2a: Tower|Flamethrower|p1a: Slowking\n|-damage|p1a: Slowking|64\/100\n|\n|-heal|p1a: Slowking|70\/100|[from] item: Leftovers\n|upkeep\n|turn|6\n|\n|t:|1700710827\n|move|p2a: Tower|Taunt|p1a: Slowking\n|-start|p1a: Slowking|move: Taunt\n|cant|p1a: Slowking|move: Taunt|Chilly Reception\n|\n|-heal|p1a: Slowking|76\/100|[from] item: Leftovers\n|upkeep\n|turn|7\n|\n|t:|1700710836\n|move|p2a: Tower|Steam Eruption|p1a: Slowking\n|-damage|p1a: Slowking|27\/100\n|-status|p1a: Slowking|brn\n|move|p1a: Slowking|Future Sight|p2a: Tower\n|-start|p1a: Slowking|move: Future Sight\n|\n|-heal|p1a: Slowking|33\/100 brn|[from] item: Leftovers\n|-damage|p1a: Slowking|27\/100 brn|[from] brn\n|upkeep\n|turn|8\n|\n|t:|1700710851\n|switch|p1a: Breloom|Breloom, M|100\/100\n|move|p2a: Tower|Flamethrower|p1a: Breloom\n|-supereffective|p1a: Breloom\n|-damage|p1a: Breloom|0 fnt\n|faint|p1a: Breloom\n|\n|upkeep\n|\n|t:|1700710870\n|switch|p1a: Dragapult|Dragapult, M, tera:Ghost|9\/100\n|turn|9\n|\n|t:|1700710882\n|move|p1a: Dragapult|Tera Blast|p2a: Tower|[anim] Tera Blast Ghost\n|-damage|p2a: Tower|22\/100\n|move|p2a: Tower|Flamethrower|p1a: Dragapult\n|-damage|p1a: Dragapult|0 fnt\n|faint|p1a: Dragapult\n|\n|-end|p2a: Tower|move: Future Sight\n|-crit|p2a: Tower\n|-damage|p2a: Tower|0 fnt\n|faint|p2a: Tower\n|upkeep\n|\n|t:|1700710900\n|switch|p1a: Slowking|Slowking-Galar, F|61\/100 brn\n|switch|p2a: Garcha|Garchomp, M|100\/100\n|turn|10\n|\n|t:|1700710908\n|move|p2a: Garcha|Scale Shot|p1a: Slowking\n|-damage|p1a: Slowking|48\/100 brn\n|-damage|p1a: Slowking|35\/100 brn\n|-damage|p1a: Slowking|22\/100 brn\n|-damage|p1a: Slowking|9\/100 brn\n|-damage|p1a: Slowking|0 fnt\n|faint|p1a: Slowking\n|-hitcount|p1: Slowking|5\n|-unboost|p2a: Garcha|def|1\n|-boost|p2a: Garcha|spe|1\n|\n|upkeep\n|\n|t:|1700710919\n|switch|p1a: Glaceon|Glaceon, M|100\/100\n|turn|11\n|\n|t:|1700710925\n|switch|p2a: Pylesos|Azumarill, M, shiny|100\/100\n|move|p1a: Glaceon|Freeze-Dry|p2a: Pylesos\n|-supereffective|p2a: Pylesos\n|-damage|p2a: Pylesos|32\/100\n|\n|upkeep\n|turn|12\n|\n|t:|1700710935\n|move|p1a: Glaceon|Freeze-Dry|p2a: Pylesos\n|-supereffective|p2a: Pylesos\n|-damage|p2a: Pylesos|0 fnt\n|faint|p2a: Pylesos\n|\n|upkeep\n|\n|t:|1700710941\n|switch|p2a: Zeida|Zapdos|100\/100\n|turn|13\n|\n|t:|1700710964\n|move|p2a: Zeida|Volt Switch|p1a: Glaceon\n|-damage|p1a: Glaceon|50\/100\n|\n|t:|1700710967\n|switch|p2a: Garcha|Garchomp, M|100\/100|[from] Volt Switch\n|move|p1a: Glaceon|Freeze-Dry|p2a: Garcha\n|-supereffective|p2a: Garcha\n|-damage|p2a: Garcha|0 fnt\n|faint|p2a: Garcha\n|\n|upkeep\n|\n|t:|1700710976\n|switch|p2a: Zeida|Zapdos|100\/100\n|turn|14\n|\n|t:|1700710985\n|switch|p1a: Sandslash|Sandslash-Alola, F|17\/100\n|move|p2a: Zeida|Thunderbolt|p1a: Sandslash\n|-damage|p1a: Sandslash|0 fnt\n|faint|p1a: Sandslash\n|\n|upkeep\n|\n|t:|1700710991\n|switch|p1a: Espeon|Espeon, F|100\/100\n|turn|15\n|\n|t:|1700710998\n|move|p2a: Zeida|Hurricane|p1a: Espeon\n|-damage|p1a: Espeon|44\/100\n|move|p1a: Espeon|Calm Mind|p1a: Espeon\n|-boost|p1a: Espeon|spa|1\n|-boost|p1a: Espeon|spd|1\n|\n|-heal|p1a: Espeon|50\/100|[from] item: Leftovers\n|upkeep\n|turn|16\n|\n|t:|1700711011\n|move|p2a: Zeida|Hurricane|p1a: Espeon\n|-damage|p1a: Espeon|16\/100\n|-start|p1a: Espeon|confusion\n|-activate|p1a: Espeon|confusion\n|-damage|p1a: Espeon|7\/100|[from] confusion\n|\n|-heal|p1a: Espeon|13\/100|[from] item: Leftovers\n|upkeep\n|turn|17\n|-message|Togegemaru forfeited.\n|\n|win|Ordmas\n|raw|Togegemaru's rating: 1148 &rarr; <strong>1117<\/strong><br \/>(-31 for losing)\n|raw|Ordmas's rating: 1062 &rarr; <strong>1100<\/strong><br \/>(+38 for winning)\n|l|\u2606Togegemaru\n","uploadtime":1700711025,"views":12,"p1id":"togegemaru","p2id":"ordmas","formatid":"gen9ou","rating":1100,"private":0,"password":""}