{"id":"gen9ou-1989755397","p1":"Gopinino","p2":"RaigatheWeeb","format":"[Gen 9] OU","log":"|j|\u2606Gopinino\n|j|\u2606RaigatheWeeb\n|t:|1699893002\n|gametype|singles\n|player|p1|Gopinino|ghetsis|1185\n|player|p2|RaigatheWeeb|hilda-masters3|1218\n|teamsize|p1|6\n|teamsize|p2|6\n|gen|9\n|tier|[Gen 9] OU\n|rated|\n|rule|Sleep Clause Mod: Limit one foe put to sleep\n|rule|Species Clause: Limit one of each Pok\u00e9mon\n|rule|OHKO Clause: OHKO moves are banned\n|rule|Evasion Items Clause: Evasion items are banned\n|rule|Evasion Moves Clause: Evasion moves are banned\n|rule|Endless Battle Clause: Forcing endless battles is banned\n|rule|HP Percentage Mod: HP is shown in percentages\n|clearpoke\n|poke|p1|Enamorus, F|\n|poke|p1|Dragapult, F|\n|poke|p1|Iron Valiant|\n|poke|p1|Gholdengo|\n|poke|p1|Iron Treads|\n|poke|p1|Dragonite, F|\n|poke|p2|Basculegion-F, F|\n|poke|p2|Pelipper, F|\n|poke|p2|Ogerpon-Wellspring, F|\n|poke|p2|Mamoswine, M|\n|poke|p2|Espeon, M|\n|poke|p2|Manaphy|\n|teampreview\n|c|\u2606RaigatheWeeb|Gl\n|c|\u2606Gopinino|u2 mate!\n|\n|t:|1699893020\n|start\n|switch|p1a: Iron Treads|Iron Treads|100\/100\n|switch|p2a: Pelipper|Pelipper, F|100\/100\n|-weather|RainDance|[from] ability: Drizzle|[of] p2a: Pelipper\n|-enditem|p1a: Iron Treads|Booster Energy\n|-activate|p1a: Iron Treads|ability: Quark Drive|[fromitem]\n|-start|p1a: Iron Treads|quarkdrivespe\n|turn|1\n|\n|t:|1699893037\n|switch|p2a: Espeon|Espeon, M|100\/100\n|move|p1a: Iron Treads|Stealth Rock|p2a: Espeon\n|move|p2a: Espeon|Stealth Rock|p1a: Iron Treads|[from]ability: Magic Bounce\n|-sidestart|p1: Gopinino|move: Stealth Rock\n|\n|-weather|RainDance|[upkeep]\n|upkeep\n|turn|2\n|\n|t:|1699893045\n|move|p1a: Iron Treads|Rapid Spin|p2a: Espeon\n|-damage|p2a: Espeon|77\/100\n|-boost|p1a: Iron Treads|spe|1\n|-sideend|p1: Gopinino|Stealth Rock|[from] move: Rapid Spin|[of] p1a: Iron Treads\n|move|p2a: Espeon|Weather Ball|p1a: Iron Treads\n|-supereffective|p1a: Iron Treads\n|-damage|p1a: Iron Treads|0 fnt\n|faint|p1a: Iron Treads\n|-end|p1a: Iron Treads|Quark Drive|[silent]\n|\n|-weather|RainDance|[upkeep]\n|upkeep\n|\n|t:|1699893090\n|switch|p1a: Dragapult|Dragapult, F|100\/100\n|turn|3\n|\n|t:|1699893115\n|switch|p2a: Ogerpon|Ogerpon-Wellspring, F|100\/100\n|move|p1a: Dragapult|Dragon Dance|p1a: Dragapult\n|-boost|p1a: Dragapult|atk|1\n|-boost|p1a: Dragapult|spe|1\n|\n|-weather|RainDance|[upkeep]\n|upkeep\n|turn|4\n|\n|t:|1699893127\n|move|p1a: Dragapult|Dragon Darts|p2a: Ogerpon\n|-damage|p2a: Ogerpon|46\/100\n|-anim|p1a: Dragapult|Dragon Darts|p2a: Ogerpon\n|-damage|p2a: Ogerpon|0 fnt\n|faint|p2a: Ogerpon\n|\n|-weather|RainDance|[upkeep]\n|upkeep\n|\n|t:|1699893130\n|switch|p2a: Mamoswine|Mamoswine, M|100\/100\n|turn|5\n|\n|t:|1699893137\n|move|p2a: Mamoswine|Ice Shard|p1a: Dragapult\n|-supereffective|p1a: Dragapult\n|-damage|p1a: Dragapult|17\/100\n|move|p1a: Dragapult|Dragon Darts|p2a: Mamoswine\n|-damage|p2a: Mamoswine|57\/100\n|-anim|p1a: Dragapult|Dragon Darts|p2a: Mamoswine\n|-damage|p2a: Mamoswine|15\/100\n|\n|-weather|RainDance|[upkeep]\n|upkeep\n|turn|6\n|\n|t:|1699893163\n|move|p2a: Mamoswine|Ice Shard|p1a: Dragapult\n|-supereffective|p1a: Dragapult\n|-damage|p1a: Dragapult|0 fnt\n|faint|p1a: Dragapult\n|\n|-weather|RainDance|[upkeep]\n|upkeep\n|\n|t:|1699893168\n|switch|p1a: Gholdengo|Gholdengo|100\/100\n|-item|p1a: Gholdengo|Air Balloon\n|turn|7\n|\n|t:|1699893178\n|switch|p2a: Manaphy|Manaphy|100\/100\n|move|p1a: Gholdengo|Shadow Ball|p2a: Manaphy\n|-damage|p2a: Manaphy|64\/100\n|\n|-weather|RainDance|[upkeep]\n|-heal|p2a: Manaphy|70\/100|[from] item: Leftovers\n|upkeep\n|turn|8\n|\n|t:|1699893204\n|move|p1a: Gholdengo|Shadow Ball|p2a: Manaphy\n|-damage|p2a: Manaphy|36\/100\n|move|p2a: Manaphy|Scald|p1a: Gholdengo\n|-damage|p1a: Gholdengo|34\/100\n|-status|p1a: Gholdengo|brn\n|-enditem|p1a: Gholdengo|Air Balloon\n|\n|-weather|none\n|-heal|p2a: Manaphy|42\/100|[from] item: Leftovers\n|-damage|p1a: Gholdengo|28\/100 brn|[from] brn\n|upkeep\n|turn|9\n|\n|t:|1699893219\n|move|p1a: Gholdengo|Shadow Ball|p2a: Manaphy\n|-damage|p2a: Manaphy|6\/100\n|move|p2a: Manaphy|Scald|p1a: Gholdengo\n|-damage|p1a: Gholdengo|0 fnt\n|faint|p1a: Gholdengo\n|\n|-heal|p2a: Manaphy|12\/100|[from] item: Leftovers\n|upkeep\n|\n|t:|1699893246\n|switch|p1a: Enamorus|Enamorus, F|100\/100\n|turn|10\n|\n|t:|1699893253\n|move|p1a: Enamorus|Substitute|p1a: Enamorus\n|-start|p1a: Enamorus|Substitute\n|-damage|p1a: Enamorus|76\/100\n|move|p2a: Manaphy|Ice Beam|p1a: Enamorus\n|-supereffective|p1a: Enamorus\n|-end|p1a: Enamorus|Substitute\n|\n|-heal|p1a: Enamorus|82\/100|[from] item: Leftovers\n|-heal|p2a: Manaphy|18\/100|[from] item: Leftovers\n|upkeep\n|turn|11\n|\n|t:|1699893300\n|move|p1a: Enamorus|Moonblast|p2a: Manaphy\n|-damage|p2a: Manaphy|0 fnt\n|faint|p2a: Manaphy\n|\n|-heal|p1a: Enamorus|88\/100|[from] item: Leftovers\n|upkeep\n|\n|t:|1699893303\n|switch|p2a: Pelipper|Pelipper, F|100\/100\n|-weather|RainDance|[from] ability: Drizzle|[of] p2a: Pelipper\n|turn|12\n|\n|t:|1699893313\n|move|p1a: Enamorus|Substitute|p1a: Enamorus\n|-start|p1a: Enamorus|Substitute\n|-damage|p1a: Enamorus|63\/100\n|move|p2a: Pelipper|Hurricane|p1a: Enamorus\n|-end|p1a: Enamorus|Substitute\n|\n|-weather|RainDance|[upkeep]\n|-heal|p1a: Enamorus|69\/100|[from] item: Leftovers\n|upkeep\n|turn|13\n|\n|t:|1699893320\n|move|p1a: Enamorus|Calm Mind|p1a: Enamorus\n|-boost|p1a: Enamorus|spa|1\n|-boost|p1a: Enamorus|spd|1\n|move|p2a: Pelipper|Hurricane|p1a: Enamorus\n|-damage|p1a: Enamorus|17\/100\n|\n|-weather|RainDance|[upkeep]\n|-heal|p1a: Enamorus|23\/100|[from] item: Leftovers\n|upkeep\n|turn|14\n|\n|t:|1699893330\n|move|p1a: Enamorus|Moonblast|p2a: Pelipper\n|-damage|p2a: Pelipper|1\/100\n|-unboost|p2a: Pelipper|spa|1\n|move|p2a: Pelipper|Hurricane|p1a: Enamorus\n|-damage|p1a: Enamorus|0 fnt\n|faint|p1a: Enamorus\n|\n|-weather|RainDance|[upkeep]\n|upkeep\n|inactive|Battle timer is ON: inactive players will automatically lose when time's up. (requested by RaigatheWeeb)\n|\n|t:|1699893391\n|switch|p1a: Iron Valiant|Iron Valiant|100\/100\n|-enditem|p1a: Iron Valiant|Booster Energy\n|-activate|p1a: Iron Valiant|ability: Quark Drive|[fromitem]\n|-start|p1a: Iron Valiant|quarkdrivespe\n|turn|15\n|\n|t:|1699893414\n|move|p1a: Iron Valiant|Moonblast|p2a: Pelipper\n|-damage|p2a: Pelipper|0 fnt\n|faint|p2a: Pelipper\n|\n|-weather|RainDance|[upkeep]\n|upkeep\n|\n|t:|1699893418\n|switch|p2a: Espeon|Espeon, M|77\/100\n|turn|16\n|inactive|Gopinino has 120 seconds left.\n|\n|t:|1699893457\n|move|p1a: Iron Valiant|Moonblast|p2a: Espeon\n|-damage|p2a: Espeon|12\/100\n|-unboost|p2a: Espeon|spa|1\n|-enditem|p2a: Espeon|Sitrus Berry|[eat]\n|-heal|p2a: Espeon|36\/100|[from] item: Sitrus Berry\n|move|p2a: Espeon|Psychic|p1a: Iron Valiant\n|-supereffective|p1a: Iron Valiant\n|-damage|p1a: Iron Valiant|0 fnt\n|faint|p1a: Iron Valiant\n|-end|p1a: Iron Valiant|Quark Drive|[silent]\n|\n|-weather|RainDance|[upkeep]\n|upkeep\n|\n|t:|1699893468\n|switch|p1a: Dragonite|Dragonite, F|100\/100\n|turn|17\n|c|\u2606RaigatheWeeb|Gg\n|\n|t:|1699893476\n|move|p1a: Dragonite|Extreme Speed|p2a: Espeon\n|-damage|p2a: Espeon|0 fnt\n|faint|p2a: Espeon\n|\n|-weather|RainDance|[upkeep]\n|upkeep\n|\n|t:|1699893480\n|switch|p2a: Mamoswine|Mamoswine, M|15\/100\n|turn|18\n|\n|t:|1699893483\n|move|p1a: Dragonite|Extreme Speed|p2a: Mamoswine\n|-damage|p2a: Mamoswine|0 fnt\n|faint|p2a: Mamoswine\n|\n|-weather|RainDance|[upkeep]\n|upkeep\n|\n|t:|1699893485\n|switch|p2a: Basculegion|Basculegion-F, F|100\/100\n|turn|19\n|inactive|Gopinino has 120 seconds left.\n|inactive|Gopinino has 90 seconds left.\n|\n|t:|1699893546\n|-terastallize|p1a: Dragonite|Normal\n|move|p2a: Basculegion|Ice Beam|p1a: Dragonite\n|-damage|p1a: Dragonite|83\/100\n|-status|p1a: Dragonite|frz\n|-damage|p2a: Basculegion|91\/100|[from] item: Life Orb\n|cant|p1a: Dragonite|frz\n|\n|-weather|none\n|upkeep\n|turn|20\n|c|\u2606Gopinino|no\n|c|\u2606Gopinino|cmon please\n|c|\u2606RaigatheWeeb|Rip\n|\n|t:|1699893564\n|-terastallize|p2a: Basculegion|Steel\n|move|p2a: Basculegion|Surf|p1a: Dragonite\n|-damage|p1a: Dragonite|24\/100 frz\n|-damage|p2a: Basculegion|81\/100|[from] item: Life Orb\n|cant|p1a: Dragonite|frz\n|\n|upkeep\n|turn|21\n|c|\u2606RaigatheWeeb|Gg\n|inactive|Gopinino has 60 seconds left.\n|c|\u2606Gopinino|hard to call this a gg tho...\n|\n|t:|1699893600\n|move|p2a: Basculegion|Surf|p1a: Dragonite\n|-damage|p1a: Dragonite|0 fnt\n|faint|p1a: Dragonite\n|-damage|p2a: Basculegion|71\/100|[from] item: Life Orb\n|\n|win|RaigatheWeeb\n|raw|Gopinino's rating: 1185 &rarr; <strong>1162<\/strong><br \/>(-23 for losing)\n|raw|RaigatheWeeb's rating: 1218 &rarr; <strong>1241<\/strong><br \/>(+23 for winning)\n|l|\u2606Gopinino\n","uploadtime":1699893611,"views":13,"p1id":"gopinino","p2id":"raigatheweeb","formatid":"gen9ou","rating":1162,"private":0,"password":""}