{"id":"gen9ou-1989319137","p1":"Niknak841","p2":"Aggron","format":"[Gen 9] OU","log":"|j|\u2606Niknak841\n|j|\u2606Aggron\n|t:|1699835858\n|gametype|singles\n|player|p1|Niknak841|elesa|1741\n|player|p2|Aggron|pokefan-gen4|1767\n|teamsize|p1|6\n|teamsize|p2|6\n|gen|9\n|tier|[Gen 9] OU\n|rated|\n|rule|Sleep Clause Mod: Limit one foe put to sleep\n|rule|Species Clause: Limit one of each Pok\u00e9mon\n|rule|OHKO Clause: OHKO moves are banned\n|rule|Evasion Items Clause: Evasion items are banned\n|rule|Evasion Moves Clause: Evasion moves are banned\n|rule|Endless Battle Clause: Forcing endless battles is banned\n|rule|HP Percentage Mod: HP is shown in percentages\n|clearpoke\n|poke|p1|Ninetales-Alola, M|\n|poke|p1|Manaphy|\n|poke|p1|Rillaboom, F|\n|poke|p1|Sneasler, F|\n|poke|p1|Great Tusk|\n|poke|p1|Ceruledge, F|\n|poke|p2|Sinistcha-Masterpiece|\n|poke|p2|Tyranitar, F|\n|poke|p2|Heatran, F|\n|poke|p2|Rillaboom, F|\n|poke|p2|Sneasler, F|\n|poke|p2|Samurott-Hisui, F|\n|teampreview\n|inactive|Battle timer is ON: inactive players will automatically lose when time's up. (requested by Aggron)\n|inactive|Niknak841 also wants the timer to be on.\n|\n|t:|1699835873\n|start\n|switch|p1a: Rillaboom|Rillaboom, F|100\/100\n|switch|p2a: Sneasler|Sneasler, F|100\/100\n|-fieldstart|move: Grassy Terrain|[from] ability: Grassy Surge|[of] p1a: Rillaboom\n|turn|1\n|\n|t:|1699835879\n|switch|p1a: Ceruledge|Ceruledge, F|100\/100\n|move|p2a: Sneasler|Dire Claw|p1a: Ceruledge\n|-resisted|p1a: Ceruledge\n|-damage|p1a: Ceruledge|72\/100\n|-ability|p1a: Ceruledge|Weak Armor|boost\n|-unboost|p1a: Ceruledge|def|1\n|-boost|p1a: Ceruledge|spe|2\n|\n|-heal|p1a: Ceruledge|78\/100|[from] Grassy Terrain\n|upkeep\n|turn|2\n|\n|t:|1699835889\n|switch|p2a: Samurott|Samurott-Hisui, F|100\/100\n|move|p1a: Ceruledge|Poltergeist|p2a: Samurott\n|-activate|p2a: Samurott|move: Poltergeist|Heavy-Duty Boots\n|-resisted|p2a: Samurott\n|-damage|p2a: Samurott|65\/100\n|\n|-heal|p1a: Ceruledge|84\/100|[from] Grassy Terrain\n|-heal|p2a: Samurott|71\/100|[from] Grassy Terrain\n|upkeep\n|turn|3\n|\n|t:|1699835896\n|move|p2a: Samurott|Sucker Punch|p1a: Ceruledge\n|-supereffective|p1a: Ceruledge\n|-damage|p1a: Ceruledge|0 fnt\n|faint|p1a: Ceruledge\n|\n|-heal|p2a: Samurott|77\/100|[from] Grassy Terrain\n|upkeep\n|\n|t:|1699835904\n|switch|p1a: Sneasler|Sneasler, F|100\/100\n|-enditem|p1a: Sneasler|Grassy Seed\n|-boost|p1a: Sneasler|def|1|[from] item: Grassy Seed\n|turn|4\n|\n|t:|1699835914\n|move|p1a: Sneasler|Swords Dance|p1a: Sneasler\n|-boost|p1a: Sneasler|atk|2\n|move|p2a: Samurott|Encore|p1a: Sneasler\n|-start|p1a: Sneasler|Encore\n|\n|-heal|p2a: Samurott|83\/100|[from] Grassy Terrain\n|upkeep\n|turn|5\n|\n|t:|1699835924\n|switch|p1a: Ninetales|Ninetales-Alola, M|100\/100\n|-weather|Snow|[from] ability: Snow Warning|[of] p1a: Ninetales\n|move|p2a: Samurott|Razor Shell|p1a: Ninetales\n|-damage|p1a: Ninetales|50\/100\n|\n|-weather|Snow|[upkeep]\n|-heal|p1a: Ninetales|56\/100|[from] Grassy Terrain\n|-heal|p2a: Samurott|90\/100|[from] Grassy Terrain\n|upkeep\n|turn|6\n|\n|t:|1699835927\n|switch|p1a: Sneasler|Sneasler, F|100\/100\n|switch|p2a: Tyranitar|Tyranitar, F|100\/100\n|-weather|Sandstorm|[from] ability: Sand Stream|[of] p2a: Tyranitar\n|\n|-weather|Sandstorm|[upkeep]\n|-damage|p1a: Sneasler|95\/100|[from] Sandstorm\n|-heal|p1a: Sneasler|100\/100|[from] Grassy Terrain\n|upkeep\n|turn|7\n|\n|t:|1699835934\n|switch|p2a: Sinistcha|Sinistcha-Masterpiece|100\/100\n|move|p1a: Sneasler|Close Combat|p2a: Sinistcha\n|-immune|p2a: Sinistcha\n|\n|-weather|Sandstorm|[upkeep]\n|-damage|p1a: Sneasler|95\/100|[from] Sandstorm\n|-damage|p2a: Sinistcha|94\/100|[from] Sandstorm\n|-heal|p1a: Sneasler|100\/100|[from] Grassy Terrain\n|-heal|p2a: Sinistcha|100\/100|[from] Grassy Terrain\n|upkeep\n|turn|8\n|\n|t:|1699835941\n|move|p1a: Sneasler|Acrobatics|p2a: Sinistcha\n|-supereffective|p2a: Sinistcha\n|-damage|p2a: Sinistcha|47\/100\n|move|p2a: Sinistcha|Matcha Gotcha|p1a: Sneasler|[miss]\n|-miss|p2a: Sinistcha|p1a: Sneasler\n|\n|-weather|Sandstorm|[upkeep]\n|-damage|p1a: Sneasler|95\/100|[from] Sandstorm\n|-damage|p2a: Sinistcha|41\/100|[from] Sandstorm\n|-heal|p1a: Sneasler|100\/100|[from] Grassy Terrain\n|-heal|p2a: Sinistcha|47\/100|[from] Grassy Terrain\n|-fieldend|move: Grassy Terrain\n|upkeep\n|turn|9\n|\n|t:|1699835949\n|-terastallize|p2a: Sinistcha|Poison\n|move|p1a: Sneasler|Acrobatics|p2a: Sinistcha\n|-damage|p2a: Sinistcha|18\/100\n|move|p2a: Sinistcha|Strength Sap|p1a: Sneasler\n|-unboost|p1a: Sneasler|atk|1\n|-heal|p2a: Sinistcha|100\/100\n|\n|-weather|Sandstorm|[upkeep]\n|-damage|p1a: Sneasler|95\/100|[from] Sandstorm\n|-damage|p2a: Sinistcha|94\/100|[from] Sandstorm\n|upkeep\n|turn|10\n|\n|t:|1699835958\n|move|p1a: Sneasler|Swords Dance|p1a: Sneasler\n|-boost|p1a: Sneasler|atk|2\n|move|p2a: Sinistcha|Shadow Ball|p1a: Sneasler\n|-damage|p1a: Sneasler|47\/100\n|\n|-weather|none\n|upkeep\n|turn|11\n|\n|t:|1699835965\n|move|p1a: Sneasler|Acrobatics|p2a: Sinistcha\n|-damage|p2a: Sinistcha|48\/100\n|move|p2a: Sinistcha|Strength Sap|p1a: Sneasler\n|-unboost|p1a: Sneasler|atk|1\n|-heal|p2a: Sinistcha|100\/100\n|\n|upkeep\n|turn|12\n|\n|t:|1699835969\n|switch|p1a: Great Tusk|Great Tusk|100\/100\n|-enditem|p1a: Great Tusk|Booster Energy\n|-activate|p1a: Great Tusk|ability: Protosynthesis|[fromitem]\n|-start|p1a: Great Tusk|protosynthesisatk\n|move|p2a: Sinistcha|Shadow Ball|p1a: Great Tusk\n|-damage|p1a: Great Tusk|53\/100\n|-unboost|p1a: Great Tusk|spd|1\n|\n|upkeep\n|turn|13\n|\n|t:|1699835978\n|switch|p2a: Rillaboom|Rillaboom, F|100\/100\n|-fieldstart|move: Grassy Terrain|[from] ability: Grassy Surge|[of] p2a: Rillaboom\n|move|p1a: Great Tusk|Ice Spinner|p2a: Rillaboom\n|-supereffective|p2a: Rillaboom\n|-damage|p2a: Rillaboom|21\/100\n|-fieldend|move: Grassy Terrain\n|\n|upkeep\n|turn|14\n|\n|t:|1699835985\n|switch|p2a: Heatran|Heatran, F|100\/100\n|-item|p2a: Heatran|Air Balloon\n|move|p1a: Great Tusk|Rapid Spin|p2a: Heatran\n|-resisted|p2a: Heatran\n|-damage|p2a: Heatran|89\/100\n|-boost|p1a: Great Tusk|spe|1\n|-enditem|p2a: Heatran|Air Balloon\n|\n|upkeep\n|turn|15\n|\n|t:|1699835991\n|move|p1a: Great Tusk|Headlong Rush|p2a: Heatran\n|-supereffective|p2a: Heatran\n|-damage|p2a: Heatran|0 fnt\n|-unboost|p1a: Great Tusk|def|1\n|-unboost|p1a: Great Tusk|spd|1\n|-status|p1a: Great Tusk|brn|[from] ability: Flame Body|[of] p2a: Heatran\n|faint|p2a: Heatran\n|\n|-damage|p1a: Great Tusk|46\/100 brn|[from] brn\n|upkeep\n|\n|t:|1699835999\n|switch|p2a: Rillaboom|Rillaboom, F|21\/100\n|-fieldstart|move: Grassy Terrain|[from] ability: Grassy Surge|[of] p2a: Rillaboom\n|turn|16\n|\n|t:|1699836001\n|-end|p1a: Great Tusk|Protosynthesis|[silent]\n|switch|p1a: Sneasler|Sneasler, F|47\/100\n|move|p2a: Rillaboom|Grassy Glide|p1a: Sneasler\n|-resisted|p1a: Sneasler\n|-damage|p1a: Sneasler|0 fnt\n|faint|p1a: Sneasler\n|\n|-heal|p2a: Rillaboom|27\/100|[from] Grassy Terrain\n|upkeep\n|\n|t:|1699836003\n|switch|p1a: Rillaboom|Rillaboom, F|100\/100\n|turn|17\n|\n|t:|1699836008\n|switch|p2a: Sinistcha|Sinistcha-Masterpiece, tera:Poison|100\/100\n|move|p1a: Rillaboom|U-turn|p2a: Sinistcha\n|-resisted|p2a: Sinistcha\n|-damage|p2a: Sinistcha|92\/100\n|\n|t:|1699836014\n|switch|p1a: Manaphy|Manaphy|100\/100|[from] U-turn\n|\n|-heal|p2a: Sinistcha|98\/100|[from] Grassy Terrain\n|upkeep\n|turn|18\n|\n|t:|1699836019\n|switch|p2a: Sneasler|Sneasler, F|100\/100\n|-terastallize|p1a: Manaphy|Fairy\n|move|p1a: Manaphy|Take Heart|p1a: Manaphy\n|-boost|p1a: Manaphy|spa|1\n|-boost|p1a: Manaphy|spd|1\n|\n|upkeep\n|turn|19\n|\n|t:|1699836024\n|switch|p1a: Great Tusk|Great Tusk|46\/100 brn\n|move|p2a: Sneasler|Fake Out|p1a: Great Tusk\n|-damage|p1a: Great Tusk|36\/100 brn\n|\n|-heal|p1a: Great Tusk|42\/100 brn|[from] Grassy Terrain\n|-damage|p1a: Great Tusk|36\/100 brn|[from] brn\n|upkeep\n|turn|20\n|\n|t:|1699836030\n|move|p2a: Sneasler|U-turn|p1a: Great Tusk\n|-resisted|p1a: Great Tusk\n|-damage|p1a: Great Tusk|27\/100 brn\n|\n|t:|1699836035\n|switch|p2a: Samurott|Samurott-Hisui, F|90\/100|[from] U-turn\n|move|p1a: Great Tusk|Headlong Rush|p2a: Samurott\n|-damage|p2a: Samurott|48\/100\n|-unboost|p1a: Great Tusk|def|1\n|-unboost|p1a: Great Tusk|spd|1\n|\n|-heal|p1a: Great Tusk|33\/100 brn|[from] Grassy Terrain\n|-heal|p2a: Samurott|55\/100|[from] Grassy Terrain\n|-damage|p1a: Great Tusk|27\/100 brn|[from] brn\n|-fieldend|move: Grassy Terrain\n|upkeep\n|turn|21\n|\n|t:|1699836039\n|-end|p1a: Great Tusk|Protosynthesis|[silent]\n|switch|p1a: Rillaboom|Rillaboom, F|100\/100\n|-fieldstart|move: Grassy Terrain|[from] ability: Grassy Surge|[of] p1a: Rillaboom\n|move|p2a: Samurott|Ceaseless Edge|p1a: Rillaboom\n|-damage|p1a: Rillaboom|48\/100\n|-sidestart|p1: Niknak841|Spikes\n|\n|-heal|p2a: Samurott|61\/100|[from] Grassy Terrain\n|-heal|p1a: Rillaboom|54\/100|[from] Grassy Terrain\n|upkeep\n|turn|22\n|\n|t:|1699836044\n|switch|p2a: Sinistcha|Sinistcha-Masterpiece, tera:Poison|98\/100\n|move|p1a: Rillaboom|Swords Dance|p1a: Rillaboom\n|-boost|p1a: Rillaboom|atk|2\n|\n|-heal|p1a: Rillaboom|60\/100|[from] Grassy Terrain\n|-heal|p2a: Sinistcha|100\/100|[from] Grassy Terrain\n|upkeep\n|turn|23\n|\n|t:|1699836052\n|move|p1a: Rillaboom|Wood Hammer|p2a: Sinistcha\n|-resisted|p2a: Sinistcha\n|-damage|p2a: Sinistcha|50\/100\n|-damage|p1a: Rillaboom|43\/100|[from] Recoil\n|move|p2a: Sinistcha|Matcha Gotcha|p1a: Rillaboom\n|-resisted|p1a: Rillaboom\n|-damage|p1a: Rillaboom|14\/100\n|-heal|p2a: Sinistcha|64\/100|[from] drain|[of] p1a: Rillaboom\n|-status|p1a: Rillaboom|brn\n|\n|-heal|p1a: Rillaboom|20\/100 brn|[from] Grassy Terrain\n|-heal|p2a: Sinistcha|70\/100|[from] Grassy Terrain\n|-damage|p1a: Rillaboom|14\/100 brn|[from] brn\n|upkeep\n|turn|24\n|\n|t:|1699836058\n|move|p1a: Rillaboom|U-turn|p2a: Sinistcha\n|-resisted|p2a: Sinistcha\n|-damage|p2a: Sinistcha|62\/100\n|\n|t:|1699836060\n|switch|p1a: Ninetales|Ninetales-Alola, M|56\/100|[from] U-turn\n|-damage|p1a: Ninetales|44\/100|[from] Spikes\n|-weather|Snow|[from] ability: Snow Warning|[of] p1a: Ninetales\n|move|p2a: Sinistcha|Calm Mind|p2a: Sinistcha\n|-boost|p2a: Sinistcha|spa|1\n|-boost|p2a: Sinistcha|spd|1\n|\n|-weather|Snow|[upkeep]\n|-heal|p1a: Ninetales|50\/100|[from] Grassy Terrain\n|-heal|p2a: Sinistcha|68\/100|[from] Grassy Terrain\n|upkeep\n|turn|25\n|\n|t:|1699836063\n|switch|p2a: Tyranitar|Tyranitar, F|100\/100\n|-weather|Sandstorm|[from] ability: Sand Stream|[of] p2a: Tyranitar\n|move|p1a: Ninetales|Encore||[still]\n|-fail|p1a: Ninetales\n|\n|-weather|Sandstorm|[upkeep]\n|-damage|p1a: Ninetales|44\/100|[from] Sandstorm\n|-heal|p1a: Ninetales|50\/100|[from] Grassy Terrain\n|upkeep\n|turn|26\n|\n|t:|1699836066\n|switch|p1a: Great Tusk|Great Tusk|27\/100 brn\n|-damage|p1a: Great Tusk|15\/100 brn|[from] Spikes\n|move|p2a: Tyranitar|Rock Blast|p1a: Great Tusk\n|-resisted|p1a: Great Tusk\n|-damage|p1a: Great Tusk|12\/100 brn\n|-resisted|p1a: Great Tusk\n|-damage|p1a: Great Tusk|10\/100 brn\n|-resisted|p1a: Great Tusk\n|-damage|p1a: Great Tusk|7\/100 brn\n|-hitcount|p1a: Great Tusk|3\n|\n|-weather|Sandstorm|[upkeep]\n|-heal|p1a: Great Tusk|13\/100 brn|[from] Grassy Terrain\n|-damage|p1a: Great Tusk|7\/100 brn|[from] brn\n|upkeep\n|turn|27\n|\n|t:|1699836074\n|switch|p2a: Samurott|Samurott-Hisui, F|61\/100\n|move|p1a: Great Tusk|Rapid Spin|p2a: Samurott\n|-damage|p2a: Samurott|49\/100\n|-boost|p1a: Great Tusk|spe|1\n|-sideend|p1: Niknak841|Spikes|[from] move: Rapid Spin|[of] p1a: Great Tusk\n|\n|-weather|Sandstorm|[upkeep]\n|-damage|p2a: Samurott|43\/100|[from] Sandstorm\n|-heal|p1a: Great Tusk|13\/100 brn|[from] Grassy Terrain\n|-heal|p2a: Samurott|49\/100|[from] Grassy Terrain\n|-damage|p1a: Great Tusk|7\/100 brn|[from] brn\n|upkeep\n|turn|28\n|\n|t:|1699836078\n|move|p1a: Great Tusk|Headlong Rush|p2a: Samurott\n|-damage|p2a: Samurott|6\/100\n|-unboost|p1a: Great Tusk|def|1\n|-unboost|p1a: Great Tusk|spd|1\n|move|p2a: Samurott|Ceaseless Edge|p1a: Great Tusk\n|-resisted|p1a: Great Tusk\n|-damage|p1a: Great Tusk|0 fnt\n|-sidestart|p1: Niknak841|Spikes\n|faint|p1a: Great Tusk\n|-end|p1a: Great Tusk|Protosynthesis|[silent]\n|\n|-weather|Sandstorm|[upkeep]\n|-damage|p2a: Samurott|0 fnt|[from] Sandstorm\n|faint|p2a: Samurott\n|-fieldend|move: Grassy Terrain\n|upkeep\n|\n|t:|1699836082\n|switch|p1a: Manaphy|Manaphy, tera:Fairy|100\/100\n|switch|p2a: Sneasler|Sneasler, F|100\/100\n|-damage|p1a: Manaphy|88\/100|[from] Spikes\n|turn|29\n|-message|Niknak841 forfeited.\n|\n|win|Aggron\n|raw|Niknak841's rating: 1741 &rarr; <strong>1722<\/strong><br \/>(-19 for losing)\n|raw|Aggron's rating: 1767 &rarr; <strong>1786<\/strong><br \/>(+19 for winning)\n|l|\u2606Niknak841\n","uploadtime":1699836097,"views":9,"p1id":"niknak841","p2id":"aggron","formatid":"gen9ou","rating":1722,"private":0,"password":""}