{"id":"gen9ou-1992011226","p1":"Mixeli Jr.","p2":"TPGTV_Real","format":"[Gen 9] OU","log":"|j|\u2606Mixeli Jr.\n|j|\u2606TPGTV_Real\n|t:|1700147550\n|gametype|singles\n|player|p1|Mixeli Jr.|iris-gen5bw2|1166\n|player|p2|TPGTV_Real|1|1141\n|teamsize|p1|6\n|teamsize|p2|6\n|gen|9\n|tier|[Gen 9] OU\n|rated|\n|rule|Sleep Clause Mod: Limit one foe put to sleep\n|rule|Species Clause: Limit one of each Pok\u00e9mon\n|rule|OHKO Clause: OHKO moves are banned\n|rule|Evasion Items Clause: Evasion items are banned\n|rule|Evasion Moves Clause: Evasion moves are banned\n|rule|Endless Battle Clause: Forcing endless battles is banned\n|rule|HP Percentage Mod: HP is shown in percentages\n|clearpoke\n|poke|p1|Greninja-*, M|\n|poke|p1|Toxapex, F|\n|poke|p1|Zamazenta-*|\n|poke|p1|Zoroark, M|\n|poke|p1|Iron Moth|\n|poke|p1|Pikachu, F|\n|poke|p2|Kingambit, F|\n|poke|p2|Iron Valiant|\n|poke|p2|Rillaboom, F|\n|poke|p2|Sneasler, M|\n|poke|p2|Enamorus, F|\n|poke|p2|Hatterene, F|\n|teampreview\n|inactive|Battle timer is ON: inactive players will automatically lose when time's up. (requested by TPGTV_Real)\n|\n|t:|1700147560\n|start\n|switch|p1a: Greninja|Greninja, M|100\/100\n|switch|p2a: Iron Valiant|Iron Valiant|100\/100\n|-enditem|p2a: Iron Valiant|Booster Energy\n|-activate|p2a: Iron Valiant|ability: Quark Drive|[fromitem]\n|-start|p2a: Iron Valiant|quarkdrivespe\n|turn|1\n|\n|t:|1700147568\n|-terastallize|p1a: Greninja|Ghost\n|move|p2a: Iron Valiant|Calm Mind|p2a: Iron Valiant\n|-boost|p2a: Iron Valiant|spa|1\n|-boost|p2a: Iron Valiant|spd|1\n|move|p1a: Greninja|Extrasensory|p2a: Iron Valiant\n|-supereffective|p2a: Iron Valiant\n|-damage|p2a: Iron Valiant|33\/100\n|\n|upkeep\n|turn|2\n|\n|t:|1700147576\n|move|p2a: Iron Valiant|Moonblast|p1a: Greninja\n|-enditem|p1a: Greninja|Focus Sash\n|-damage|p1a: Greninja|1\/100\n|replace|p1a: Zoroark|Zoroark, M\n|-end|p1a: Zoroark|Illusion\n|move|p1a: Zoroark|Extrasensory|p2a: Iron Valiant\n|-supereffective|p2a: Iron Valiant\n|-damage|p2a: Iron Valiant|0 fnt\n|faint|p2a: Iron Valiant\n|-end|p2a: Iron Valiant|Quark Drive|[silent]\n|\n|upkeep\n|\n|t:|1700147591\n|switch|p2a: Rillaboom|Rillaboom, F|100\/100\n|-fieldstart|move: Grassy Terrain|[from] ability: Grassy Surge|[of] p2a: Rillaboom\n|turn|3\n|\n|t:|1700147595\n|move|p1a: Zoroark|Foul Play|p2a: Rillaboom\n|-damage|p2a: Rillaboom|49\/100\n|move|p2a: Rillaboom|U-turn|p1a: Zoroark\n|-resisted|p1a: Zoroark\n|-damage|p1a: Zoroark|0 fnt\n|faint|p1a: Zoroark\n|\n|t:|1700147602\n|switch|p2a: Enamorus|Enamorus, F|100\/100|[from] U-turn\n|\n|upkeep\n|\n|t:|1700147609\n|switch|p1a: Pikachu|Pikachu, F|100\/100\n|turn|4\n|\n|t:|1700147613\n|move|p1a: Pikachu|Fake Out|p2a: Enamorus\n|-damage|p2a: Enamorus|77\/100\n|cant|p2a: Enamorus|flinch\n|\n|upkeep\n|turn|5\n|\n|t:|1700147618\n|switch|p1a: Toxapex|Toxapex, F|100\/100\n|move|p2a: Enamorus|Earth Power|p1a: Toxapex\n|-supereffective|p1a: Toxapex\n|-damage|p1a: Toxapex|23\/100\n|\n|-heal|p1a: Toxapex|29\/100|[from] Grassy Terrain\n|-heal|p1a: Toxapex|35\/100|[from] item: Leftovers\n|upkeep\n|turn|6\n|\n|t:|1700147621\n|move|p1a: Toxapex|Baneful Bunker|p1a: Toxapex\n|-singleturn|p1a: Toxapex|move: Protect\n|move|p2a: Enamorus|Earth Power|p1a: Toxapex\n|-activate|p1a: Toxapex|move: Protect\n|\n|-heal|p1a: Toxapex|42\/100|[from] Grassy Terrain\n|-heal|p1a: Toxapex|48\/100|[from] item: Leftovers\n|upkeep\n|turn|7\n|\n|t:|1700147627\n|move|p2a: Enamorus|Earth Power|p1a: Toxapex\n|-supereffective|p1a: Toxapex\n|-damage|p1a: Toxapex|0 fnt\n|faint|p1a: Toxapex\n|\n|-fieldend|move: Grassy Terrain\n|upkeep\n|\n|t:|1700147630\n|switch|p1a: Greninja|Greninja, M|100\/100\n|turn|8\n|\n|t:|1700147640\n|switch|p2a: Rillaboom|Rillaboom, F|49\/100\n|-fieldstart|move: Grassy Terrain|[from] ability: Grassy Surge|[of] p2a: Rillaboom\n|move|p1a: Greninja|Ice Beam|p2a: Rillaboom\n|-supereffective|p2a: Rillaboom\n|-damage|p2a: Rillaboom|8\/100\n|\n|-heal|p2a: Rillaboom|14\/100|[from] Grassy Terrain\n|upkeep\n|turn|9\n|\n|t:|1700147649\n|move|p1a: Greninja|Water Shuriken|p2a: Rillaboom\n|-resisted|p2a: Rillaboom\n|-damage|p2a: Rillaboom|11\/100\n|-resisted|p2a: Rillaboom\n|-damage|p2a: Rillaboom|8\/100\n|-resisted|p2a: Rillaboom\n|-damage|p2a: Rillaboom|5\/100\n|-hitcount|p2a: Rillaboom|3\n|move|p2a: Rillaboom|High Horsepower|p1a: Greninja\n|-damage|p1a: Greninja|44\/100\n|\n|-heal|p1a: Greninja|50\/100|[from] Grassy Terrain\n|-heal|p2a: Rillaboom|11\/100|[from] Grassy Terrain\n|upkeep\n|turn|10\n|\n|t:|1700147657\n|move|p1a: Greninja|Water Shuriken|p2a: Rillaboom\n|-resisted|p2a: Rillaboom\n|-damage|p2a: Rillaboom|8\/100\n|-resisted|p2a: Rillaboom\n|-damage|p2a: Rillaboom|4\/100\n|-resisted|p2a: Rillaboom\n|-damage|p2a: Rillaboom|0 fnt\n|faint|p2a: Rillaboom\n|-ability|p1a: Greninja|Battle Bond|boost\n|-boost|p1a: Greninja|atk|1\n|-boost|p1a: Greninja|spa|1\n|-boost|p1a: Greninja|spe|1\n|-activate|p1a: Greninja|ability: Battle Bond\n|-hitcount|p2: Rillaboom|3\n|\n|-heal|p1a: Greninja|56\/100|[from] Grassy Terrain\n|upkeep\n|\n|t:|1700147670\n|switch|p2a: Sneasler|Sneasler, M|100\/100\n|-enditem|p2a: Sneasler|Grassy Seed\n|-boost|p2a: Sneasler|def|1|[from] item: Grassy Seed\n|turn|11\n|\n|t:|1700147676\n|move|p2a: Sneasler|Swords Dance|p2a: Sneasler\n|-boost|p2a: Sneasler|atk|2\n|move|p1a: Greninja|Hydro Pump|p2a: Sneasler|[miss]\n|-miss|p1a: Greninja|p2a: Sneasler\n|\n|-heal|p1a: Greninja|62\/100|[from] Grassy Terrain\n|upkeep\n|turn|12\n|\n|t:|1700147688\n|move|p1a: Greninja|Water Shuriken|p2a: Sneasler\n|-damage|p2a: Sneasler|83\/100\n|-damage|p2a: Sneasler|65\/100\n|-damage|p2a: Sneasler|45\/100\n|-damage|p2a: Sneasler|25\/100\n|-damage|p2a: Sneasler|5\/100\n|-hitcount|p2a: Sneasler|5\n|move|p2a: Sneasler|Dire Claw|p1a: Greninja\n|-damage|p1a: Greninja|0 fnt\n|faint|p1a: Greninja\n|\n|-heal|p2a: Sneasler|11\/100|[from] Grassy Terrain\n|-fieldend|move: Grassy Terrain\n|upkeep\n|c|\u2606Mixeli Jr.|damn it\n|\n|t:|1700147694\n|switch|p1a: Pikachu|Pikachu, F|100\/100\n|turn|13\n|\n|t:|1700147700\n|move|p1a: Pikachu|Fake Out|p2a: Sneasler\n|-crit|p2a: Sneasler\n|-damage|p2a: Sneasler|0 fnt\n|faint|p2a: Sneasler\n|\n|upkeep\n|-message|TPGTV_Real forfeited.\n|\n|win|Mixeli Jr.\n|raw|Mixeli Jr.'s rating: 1166 &rarr; <strong>1189<\/strong><br \/>(+23 for winning)\n|raw|TPGTV_Real's rating: 1141 &rarr; <strong>1118<\/strong><br \/>(-23 for losing)\n|l|\u2606TPGTV_Real\n","uploadtime":1700147713,"views":17,"p1id":"mixelijr","p2id":"tpgtvreal","formatid":"gen9ou","rating":1118,"private":0,"password":""}