{"id":"gen9ou-1999916426","p1":"satalan","p2":"WeaselmanWasTaken","format":"[Gen 9] OU","log":"|j|\u2606satalan\n|j|\u2606WeaselmanWasTaken\n|t:|1701129736\n|gametype|singles\n|player|p1|satalan|byron|1134\n|player|p2|WeaselmanWasTaken|erika|1194\n|teamsize|p1|6\n|teamsize|p2|6\n|gen|9\n|tier|[Gen 9] OU\n|rated|\n|rule|Sleep Clause Mod: Limit one foe put to sleep\n|rule|Species Clause: Limit one of each Pok\u00e9mon\n|rule|OHKO Clause: OHKO moves are banned\n|rule|Evasion Items Clause: Evasion items are banned\n|rule|Evasion Moves Clause: Evasion moves are banned\n|rule|Endless Battle Clause: Forcing endless battles is banned\n|rule|HP Percentage Mod: HP is shown in percentages\n|clearpoke\n|poke|p1|Rillaboom, F|\n|poke|p1|Hydreigon, F|\n|poke|p1|Heatran, M|\n|poke|p1|Azumarill, F|\n|poke|p1|Landorus-Therian, M|\n|poke|p1|Corviknight, F|\n|poke|p2|Pelipper, M|\n|poke|p2|Crawdaunt, M|\n|poke|p2|Ting-Lu|\n|poke|p2|Landorus-Therian, M|\n|poke|p2|Zapdos|\n|poke|p2|Revavroom, M|\n|teampreview\n|inactive|Battle timer is ON: inactive players will automatically lose when time's up. (requested by WeaselmanWasTaken)\n|\n|t:|1701129755\n|start\n|switch|p1a: Heatran|Heatran, M|100\/100\n|switch|p2a: Crawdaunt|Crawdaunt, M|100\/100\n|turn|1\n|\n|t:|1701129778\n|switch|p1a: Rillaboom|Rillaboom, F|100\/100\n|-fieldstart|move: Grassy Terrain|[from] ability: Grassy Surge|[of] p1a: Rillaboom\n|move|p2a: Crawdaunt|Knock Off|p1a: Rillaboom\n|-damage|p1a: Rillaboom|39\/100\n|-enditem|p1a: Rillaboom|Leftovers|[from] move: Knock Off|[of] p2a: Crawdaunt\n|\n|-heal|p1a: Rillaboom|45\/100|[from] Grassy Terrain\n|upkeep\n|turn|2\n|\n|t:|1701129789\n|switch|p2a: Zapdos|Zapdos|100\/100\n|move|p1a: Rillaboom|Grassy Glide|p2a: Zapdos\n|-resisted|p2a: Zapdos\n|-damage|p2a: Zapdos|85\/100\n|\n|-heal|p1a: Rillaboom|51\/100|[from] Grassy Terrain\n|upkeep\n|turn|3\n|\n|t:|1701129803\n|switch|p1a: Corviknight|Corviknight, F|100\/100\n|-ability|p1a: Corviknight|Pressure\n|move|p2a: Zapdos|Hurricane|p1a: Corviknight|[miss]\n|-miss|p2a: Zapdos|p1a: Corviknight\n|\n|upkeep\n|turn|4\n|\n|t:|1701129813\n|switch|p1a: Landorus|Landorus-Therian, M|100\/100\n|-ability|p1a: Landorus|Intimidate|boost\n|-unboost|p2a: Zapdos|atk|1\n|move|p2a: Zapdos|Thunder|p1a: Landorus\n|-immune|p1a: Landorus\n|\n|upkeep\n|turn|5\n|\n|t:|1701129826\n|switch|p2a: Pelipper|Pelipper, M|100\/100\n|-weather|RainDance|[from] ability: Drizzle|[of] p2a: Pelipper\n|move|p1a: Landorus|U-turn|p2a: Pelipper\n|-resisted|p2a: Pelipper\n|-damage|p2a: Pelipper|89\/100\n|\n|t:|1701129835\n|switch|p1a: Heatran|Heatran, M|100\/100|[from] U-turn\n|\n|-weather|RainDance|[upkeep]\n|-fieldend|move: Grassy Terrain\n|upkeep\n|turn|6\n|\n|t:|1701129840\n|move|p1a: Heatran|Stealth Rock|p2a: Pelipper\n|-sidestart|p2: WeaselmanWasTaken|move: Stealth Rock\n|move|p2a: Pelipper|Surf|p1a: Heatran\n|-supereffective|p1a: Heatran\n|-damage|p1a: Heatran|25\/100\n|\n|-weather|RainDance|[upkeep]\n|-heal|p1a: Heatran|32\/100|[from] item: Leftovers\n|upkeep\n|turn|7\n|\n|t:|1701129853\n|switch|p1a: Corviknight|Corviknight, F|100\/100\n|-ability|p1a: Corviknight|Pressure\n|move|p2a: Pelipper|Surf|p1a: Corviknight\n|-damage|p1a: Corviknight|34\/100\n|\n|-weather|RainDance|[upkeep]\n|upkeep\n|turn|8\n|\n|t:|1701129865\n|switch|p2a: Zapdos|Zapdos|85\/100\n|move|p1a: Corviknight|Roost|p1a: Corviknight\n|-heal|p1a: Corviknight|84\/100\n|-singleturn|p1a: Corviknight|move: Roost\n|\n|-weather|RainDance|[upkeep]\n|upkeep\n|turn|9\n|\n|t:|1701129873\n|switch|p1a: Landorus|Landorus-Therian, M|100\/100\n|-ability|p1a: Landorus|Intimidate|boost\n|-unboost|p2a: Zapdos|atk|1\n|move|p2a: Zapdos|Hurricane|p1a: Landorus\n|-damage|p1a: Landorus|40\/100\n|\n|-weather|none\n|upkeep\n|turn|10\n|\n|t:|1701129882\n|move|p1a: Landorus|Stone Edge|p2a: Zapdos\n|-supereffective|p2a: Zapdos\n|-damage|p2a: Zapdos|28\/100\n|move|p2a: Zapdos|Hurricane|p1a: Landorus\n|-crit|p1a: Landorus\n|-damage|p1a: Landorus|0 fnt\n|faint|p1a: Landorus\n|\n|upkeep\n|\n|t:|1701129895\n|switch|p1a: Hydreigon|Hydreigon, F|100\/100\n|turn|11\n|\n|t:|1701129908\n|switch|p2a: Landorus|Landorus-Therian, M|100\/100\n|-damage|p2a: Landorus|88\/100|[from] Stealth Rock\n|-ability|p2a: Landorus|Intimidate|boost\n|-unboost|p1a: Hydreigon|atk|1\n|move|p1a: Hydreigon|Draco Meteor|p2a: Landorus\n|-damage|p2a: Landorus|15\/100\n|-unboost|p1a: Hydreigon|spa|2\n|\n|upkeep\n|turn|12\n|\n|t:|1701129928\n|move|p1a: Hydreigon|Draco Meteor|p2a: Landorus|[miss]\n|-miss|p1a: Hydreigon|p2a: Landorus\n|move|p2a: Landorus|U-turn|p1a: Hydreigon\n|-supereffective|p1a: Hydreigon\n|-damage|p1a: Hydreigon|49\/100\n|\n|t:|1701129943\n|switch|p2a: Ting-Lu|Ting-Lu|100\/100|[from] U-turn\n|-damage|p2a: Ting-Lu|94\/100|[from] Stealth Rock\n|-ability|p2a: Ting-Lu|Vessel of Ruin\n|\n|-heal|p2a: Ting-Lu|100\/100|[from] item: Leftovers\n|upkeep\n|turn|13\n|\n|t:|1701129954\n|switch|p1a: Rillaboom|Rillaboom, F|51\/100\n|-fieldstart|move: Grassy Terrain|[from] ability: Grassy Surge|[of] p1a: Rillaboom\n|move|p2a: Ting-Lu|Mean Look|p1a: Rillaboom\n|-activate|p1a: Rillaboom|trapped\n|\n|-heal|p1a: Rillaboom|58\/100|[from] Grassy Terrain\n|upkeep\n|turn|14\n|\n|t:|1701129975\n|move|p1a: Rillaboom|Drain Punch|p2a: Ting-Lu\n|-supereffective|p2a: Ting-Lu\n|-damage|p2a: Ting-Lu|69\/100\n|-heal|p1a: Rillaboom|78\/100|[from] drain|[of] p2a: Ting-Lu\n|move|p2a: Ting-Lu|Stealth Rock|p1a: Rillaboom\n|-sidestart|p1: satalan|move: Stealth Rock\n|\n|-heal|p1a: Rillaboom|84\/100|[from] Grassy Terrain\n|-heal|p2a: Ting-Lu|75\/100|[from] Grassy Terrain\n|-heal|p2a: Ting-Lu|81\/100|[from] item: Leftovers\n|upkeep\n|turn|15\n|\n|t:|1701129988\n|-terastallize|p2a: Ting-Lu|Ghost\n|move|p1a: Rillaboom|Swords Dance|p1a: Rillaboom\n|-boost|p1a: Rillaboom|atk|2\n|move|p2a: Ting-Lu|Spikes|p1a: Rillaboom\n|-sidestart|p1: satalan|Spikes\n|\n|-heal|p1a: Rillaboom|91\/100|[from] Grassy Terrain\n|-heal|p2a: Ting-Lu|88\/100|[from] Grassy Terrain\n|-heal|p2a: Ting-Lu|94\/100|[from] item: Leftovers\n|upkeep\n|turn|16\n|\n|t:|1701129998\n|move|p1a: Rillaboom|Swords Dance|p1a: Rillaboom\n|-boost|p1a: Rillaboom|atk|2\n|move|p2a: Ting-Lu|Spikes|p1a: Rillaboom\n|-sidestart|p1: satalan|Spikes\n|\n|-heal|p1a: Rillaboom|97\/100|[from] Grassy Terrain\n|-heal|p2a: Ting-Lu|99\/100|[from] Grassy Terrain\n|-heal|p2a: Ting-Lu|100\/100|[from] item: Leftovers\n|upkeep\n|turn|17\n|\n|t:|1701130008\n|move|p1a: Rillaboom|Swords Dance|p1a: Rillaboom\n|-boost|p1a: Rillaboom|atk|2\n|move|p2a: Ting-Lu|Spikes|p1a: Rillaboom\n|-sidestart|p1: satalan|Spikes\n|\n|-heal|p1a: Rillaboom|100\/100|[from] Grassy Terrain\n|-fieldend|move: Grassy Terrain\n|upkeep\n|turn|18\n|\n|t:|1701130019\n|move|p1a: Rillaboom|Knock Off|p2a: Ting-Lu\n|-supereffective|p2a: Ting-Lu\n|-damage|p2a: Ting-Lu|0 fnt\n|-enditem|p2a: Ting-Lu|Leftovers|[from] move: Knock Off|[of] p1a: Rillaboom\n|faint|p2a: Ting-Lu\n|\n|upkeep\n|\n|t:|1701130024\n|switch|p2a: Pelipper|Pelipper, M|89\/100\n|-damage|p2a: Pelipper|64\/100|[from] Stealth Rock\n|-weather|RainDance|[from] ability: Drizzle|[of] p2a: Pelipper\n|turn|19\n|\n|t:|1701130030\n|move|p1a: Rillaboom|Knock Off|p2a: Pelipper\n|-damage|p2a: Pelipper|0 fnt\n|-enditem|p2a: Pelipper|Choice Specs|[from] move: Knock Off|[of] p1a: Rillaboom\n|faint|p2a: Pelipper\n|\n|-weather|RainDance|[upkeep]\n|upkeep\n|\n|t:|1701130045\n|switch|p2a: Zapdos|Zapdos|28\/100\n|turn|20\n|\n|t:|1701130050\n|move|p2a: Zapdos|Hurricane|p1a: Rillaboom\n|-supereffective|p1a: Rillaboom\n|-damage|p1a: Rillaboom|1\/100\n|move|p1a: Rillaboom|Knock Off|p2a: Zapdos\n|-damage|p2a: Zapdos|0 fnt\n|-enditem|p2a: Zapdos|Heavy-Duty Boots|[from] move: Knock Off|[of] p1a: Rillaboom\n|faint|p2a: Zapdos\n|\n|-weather|RainDance|[upkeep]\n|upkeep\n|\n|t:|1701130058\n|switch|p2a: Crawdaunt|Crawdaunt, M|100\/100\n|-damage|p2a: Crawdaunt|88\/100|[from] Stealth Rock\n|turn|21\n|\n|t:|1701130072\n|move|p2a: Crawdaunt|Liquidation|p1a: Rillaboom\n|-resisted|p1a: Rillaboom\n|-damage|p1a: Rillaboom|0 fnt\n|faint|p1a: Rillaboom\n|\n|-weather|RainDance|[upkeep]\n|upkeep\n|\n|t:|1701130081\n|switch|p1a: Corviknight|Corviknight, F|84\/100\n|-damage|p1a: Corviknight|72\/100|[from] Stealth Rock\n|-ability|p1a: Corviknight|Pressure\n|turn|22\n|\n|t:|1701130088\n|move|p2a: Crawdaunt|Liquidation|p1a: Corviknight\n|-damage|p1a: Corviknight|19\/100\n|-damage|p2a: Crawdaunt|72\/100|[from] item: Rocky Helmet|[of] p1a: Corviknight\n|move|p1a: Corviknight|Defog|p2a: Crawdaunt\n|-unboost|p2a: Crawdaunt|evasion|1\n|-sideend|p2: WeaselmanWasTaken|Stealth Rock|[from] move: Defog|[of] p1a: Corviknight\n|-sideend|p1: satalan|Spikes|[from] move: Defog|[of] p1a: Corviknight\n|-sideend|p1: satalan|Stealth Rock|[from] move: Defog|[of] p1a: Corviknight\n|\n|-weather|RainDance|[upkeep]\n|upkeep\n|turn|23\n|\n|t:|1701130103\n|switch|p1a: Heatran|Heatran, M|32\/100\n|move|p2a: Crawdaunt|Liquidation|p1a: Heatran\n|-supereffective|p1a: Heatran\n|-damage|p1a: Heatran|0 fnt\n|faint|p1a: Heatran\n|\n|-weather|none\n|upkeep\n|\n|t:|1701130115\n|switch|p1a: Hydreigon|Hydreigon, F|49\/100\n|turn|24\n|\n|t:|1701130125\n|switch|p2a: Landorus|Landorus-Therian, M|15\/100\n|-ability|p2a: Landorus|Intimidate|boost\n|-unboost|p1a: Hydreigon|atk|1\n|move|p1a: Hydreigon|Draco Meteor|p2a: Landorus\n|-damage|p2a: Landorus|0 fnt\n|-unboost|p1a: Hydreigon|spa|2\n|faint|p2a: Landorus\n|\n|upkeep\n|\n|t:|1701130142\n|switch|p2a: Crawdaunt|Crawdaunt, M|72\/100\n|turn|25\n|\n|t:|1701130154\n|move|p1a: Hydreigon|Draco Meteor|p2a: Crawdaunt\n|-damage|p2a: Crawdaunt|0 fnt\n|-unboost|p1a: Hydreigon|spa|2\n|faint|p2a: Crawdaunt\n|\n|upkeep\n|\n|t:|1701130159\n|switch|p2a: 679|Revavroom, M|100\/100\n|turn|26\n|\n|t:|1701130172\n|switch|p1a: Corviknight|Corviknight, F|19\/100\n|-ability|p1a: Corviknight|Pressure\n|move|p2a: 679|Shift Gear|p2a: 679\n|-boost|p2a: 679|spe|2\n|-boost|p2a: 679|atk|1\n|\n|upkeep\n|turn|27\n|\n|t:|1701130180\n|move|p2a: 679|Iron Head|p1a: Corviknight\n|-resisted|p1a: Corviknight\n|-damage|p1a: Corviknight|3\/100\n|-damage|p2a: 679|84\/100|[from] item: Rocky Helmet|[of] p1a: Corviknight\n|cant|p1a: Corviknight|flinch\n|\n|upkeep\n|turn|28\n|\n|t:|1701130198\n|move|p2a: 679|Iron Head|p1a: Corviknight\n|-resisted|p1a: Corviknight\n|-damage|p1a: Corviknight|0 fnt\n|-damage|p2a: 679|67\/100|[from] item: Rocky Helmet|[of] p1a: Corviknight\n|faint|p1a: Corviknight\n|\n|upkeep\n|\n|t:|1701130204\n|switch|p1a: Hydreigon|Hydreigon, F|49\/100\n|turn|29\n|\n|t:|1701130213\n|move|p2a: 679|Iron Head|p1a: Hydreigon\n|-damage|p1a: Hydreigon|0 fnt\n|faint|p1a: Hydreigon\n|\n|upkeep\n|\n|t:|1701130217\n|switch|p1a: Azumarill|Azumarill, F|100\/100\n|turn|30\n|\n|t:|1701130221\n|move|p1a: Azumarill|Aqua Jet|p2a: 679\n|-damage|p2a: 679|40\/100\n|move|p2a: 679|Poison Jab|p1a: Azumarill\n|-supereffective|p1a: Azumarill\n|-damage|p1a: Azumarill|0 fnt\n|faint|p1a: Azumarill\n|\n|win|WeaselmanWasTaken\n|raw|satalan's rating: 1134 &rarr; <strong>1113<\/strong><br \/>(-21 for losing)\n|raw|WeaselmanWasTaken's rating: 1194 &rarr; <strong>1215<\/strong><br \/>(+21 for winning)\n","uploadtime":1701130232,"views":21,"p1id":"satalan","p2id":"weaselmanwastaken","formatid":"gen9ou","rating":1113,"private":0,"password":""}