{"id":"gen9ou-1997843213","p1":"birdword12","p2":"SupernovaOnToaster","format":"[Gen 9] OU","log":"|j|\u2606birdword12\n|j|\u2606SupernovaOnToaster\n|t:|1700858774\n|gametype|singles\n|player|p1|birdword12|linebacker|1171\n|player|p2|SupernovaOnToaster|cilan|1212\n|teamsize|p1|6\n|teamsize|p2|6\n|gen|9\n|tier|[Gen 9] OU\n|rated|\n|rule|Sleep Clause Mod: Limit one foe put to sleep\n|rule|Species Clause: Limit one of each Pok\u00e9mon\n|rule|OHKO Clause: OHKO moves are banned\n|rule|Evasion Items Clause: Evasion items are banned\n|rule|Evasion Moves Clause: Evasion moves are banned\n|rule|Endless Battle Clause: Forcing endless battles is banned\n|rule|HP Percentage Mod: HP is shown in percentages\n|clearpoke\n|poke|p1|Lilligant-Hisui, F|\n|poke|p1|Maushold-Four|\n|poke|p1|Ogerpon-Cornerstone, F|\n|poke|p1|Quaquaval, M|\n|poke|p1|Moltres-Galar|\n|poke|p1|Grimmsnarl, M|\n|poke|p2|Pincurchin, F|\n|poke|p2|Iron Moth|\n|poke|p2|Iron Valiant|\n|poke|p2|Ogerpon-Wellspring, F|\n|poke|p2|Dragapult, M|\n|poke|p2|Great Tusk|\n|teampreview\n|inactive|Battle timer is ON: inactive players will automatically lose when time's up. (requested by SupernovaOnToaster)\n|c|\u2606SupernovaOnToaster|glhf\n|\n|t:|1700858779\n|start\n|switch|p1a: Grimmsnarl|Grimmsnarl, M|100\/100\n|switch|p2a: Pincurchin|Pincurchin, F|100\/100\n|-fieldstart|move: Electric Terrain|[from] ability: Electric Surge|[of] p2a: Pincurchin\n|turn|1\n|\n|t:|1700858786\n|move|p1a: Grimmsnarl|Parting Shot|p2a: Pincurchin\n|-unboost|p2a: Pincurchin|atk|1\n|-unboost|p2a: Pincurchin|spa|1\n|\n|t:|1700858788\n|switch|p1a: Maushold|Maushold-Four|100\/100|[from] Parting Shot\n|move|p2a: Pincurchin|Toxic Spikes|p1a: Maushold\n|-sidestart|p1: birdword12|move: Toxic Spikes\n|\n|upkeep\n|turn|2\n|c|\u2606SupernovaOnToaster|i dont attack\n|c|\u2606SupernovaOnToaster|i set hazards\n|c|\u2606SupernovaOnToaster|that does literally nothing dude\n|\n|t:|1700858804\n|move|p1a: Maushold|Tidy Up|p1a: Maushold\n|-sideend|p1: birdword12|Toxic Spikes\n|-activate|p1a: Maushold|move: Tidy Up\n|-boost|p1a: Maushold|atk|1\n|-boost|p1a: Maushold|spe|1\n|move|p2a: Pincurchin|Toxic Spikes|p1a: Maushold\n|-sidestart|p1: birdword12|move: Toxic Spikes\n|\n|upkeep\n|turn|3\n|\n|t:|1700858811\n|move|p1a: Maushold|Tidy Up|p1a: Maushold\n|-sideend|p1: birdword12|Toxic Spikes\n|-activate|p1a: Maushold|move: Tidy Up\n|-boost|p1a: Maushold|atk|1\n|-boost|p1a: Maushold|spe|1\n|move|p2a: Pincurchin|Memento|p1a: Maushold\n|-unboost|p1a: Maushold|atk|2\n|-unboost|p1a: Maushold|spa|2\n|faint|p2a: Pincurchin\n|\n|upkeep\n|\n|t:|1700858822\n|switch|p2a: Iron Valiant|Iron Valiant|100\/100\n|-activate|p2a: Iron Valiant|ability: Quark Drive\n|-start|p2a: Iron Valiant|quarkdrivespe\n|turn|4\n|\n|t:|1700858829\n|move|p1a: Maushold|Population Bomb|p2a: Iron Valiant\n|-damage|p2a: Iron Valiant|87\/100\n|-damage|p2a: Iron Valiant|72\/100\n|-damage|p2a: Iron Valiant|57\/100\n|-damage|p2a: Iron Valiant|42\/100\n|-damage|p2a: Iron Valiant|27\/100\n|-damage|p2a: Iron Valiant|12\/100\n|-damage|p2a: Iron Valiant|0 fnt\n|faint|p2a: Iron Valiant\n|-end|p2a: Iron Valiant|Quark Drive|[silent]\n|-hitcount|p2: Iron Valiant|7\n|\n|upkeep\n|\n|t:|1700858853\n|switch|p2a: Dragapult|Dragapult, M|100\/100\n|turn|5\n|\n|t:|1700858857\n|move|p1a: Maushold|Bite|p2a: Dragapult\n|-supereffective|p2a: Dragapult\n|-damage|p2a: Dragapult|44\/100\n|cant|p2a: Dragapult|flinch\n|\n|upkeep\n|turn|6\n|c|\u2606SupernovaOnToaster|fuck this bullshit\n|\n|t:|1700858873\n|move|p1a: Maushold|Bite|p2a: Dragapult\n|-supereffective|p2a: Dragapult\n|-damage|p2a: Dragapult|0 fnt\n|faint|p2a: Dragapult\n|\n|upkeep\n|\n|t:|1700858880\n|switch|p2a: Great Tusk|Great Tusk|100\/100\n|turn|7\n|\n|t:|1700858888\n|-terastallize|p1a: Maushold|Normal\n|move|p1a: Maushold|Population Bomb|p2a: Great Tusk\n|-damage|p2a: Great Tusk|93\/100\n|-damage|p2a: Great Tusk|86\/100\n|-damage|p2a: Great Tusk|80\/100\n|-damage|p2a: Great Tusk|73\/100\n|-damage|p2a: Great Tusk|65\/100\n|-damage|p2a: Great Tusk|59\/100\n|-crit|p2a: Great Tusk\n|-damage|p2a: Great Tusk|49\/100\n|-damage|p2a: Great Tusk|42\/100\n|-damage|p2a: Great Tusk|35\/100\n|-damage|p2a: Great Tusk|28\/100\n|-hitcount|p2a: Great Tusk|10\n|move|p2a: Great Tusk|Knock Off|p1a: Maushold\n|-damage|p1a: Maushold|58\/100\n|-enditem|p1a: Maushold|Wide Lens|[from] move: Knock Off|[of] p2a: Great Tusk\n|\n|-heal|p2a: Great Tusk|34\/100|[from] item: Leftovers\n|upkeep\n|turn|8\n|\n|t:|1700858912\n|move|p1a: Maushold|Population Bomb|p2a: Great Tusk\n|-crit|p2a: Great Tusk\n|-damage|p2a: Great Tusk|24\/100\n|-hitcount|p2a: Great Tusk|1\n|move|p2a: Great Tusk|Stealth Rock|p1a: Maushold\n|-sidestart|p1: birdword12|move: Stealth Rock\n|\n|-heal|p2a: Great Tusk|30\/100|[from] item: Leftovers\n|-fieldend|move: Electric Terrain\n|upkeep\n|turn|9\n|\n|t:|1700858921\n|move|p1a: Maushold|Population Bomb|p2a: Great Tusk\n|-damage|p2a: Great Tusk|22\/100\n|-damage|p2a: Great Tusk|15\/100\n|-damage|p2a: Great Tusk|7\/100\n|-hitcount|p2a: Great Tusk|3\n|move|p2a: Great Tusk|Earthquake|p1a: Maushold\n|-damage|p1a: Maushold|0 fnt\n|faint|p1a: Maushold\n|\n|-heal|p2a: Great Tusk|14\/100|[from] item: Leftovers\n|upkeep\n|\n|t:|1700858931\n|switch|p1a: Quaquaval|Quaquaval, M|100\/100\n|-damage|p1a: Quaquaval|94\/100|[from] Stealth Rock\n|turn|10\n|\n|t:|1700858936\n|move|p1a: Quaquaval|Close Combat|p2a: Great Tusk\n|-damage|p2a: Great Tusk|0 fnt\n|-unboost|p1a: Quaquaval|def|1\n|-unboost|p1a: Quaquaval|spd|1\n|faint|p2a: Great Tusk\n|-end|p2a: Great Tusk|Protosynthesis|[silent]\n|-ability|p1a: Quaquaval|Moxie|boost\n|-boost|p1a: Quaquaval|atk|1\n|\n|upkeep\n|\n|t:|1700858944\n|switch|p2a: Ogerpon|Ogerpon-Wellspring, F|100\/100\n|turn|11\n|\n|t:|1700858950\n|-terastallize|p2a: Ogerpon|Water\n|detailschange|p2a: Ogerpon|Ogerpon-Wellspring-Tera, F, tera:Water\n|-ability|p2a: Ogerpon|Embody Aspect (Wellspring)|boost\n|-boost|p2a: Ogerpon|spd|1\n|move|p2a: Ogerpon|Horn Leech|p1a: Quaquaval\n|-supereffective|p1a: Quaquaval\n|-damage|p1a: Quaquaval|0 fnt\n|faint|p1a: Quaquaval\n|\n|upkeep\n|\n|t:|1700858954\n|switch|p1a: Grimmsnarl|Grimmsnarl, M|100\/100\n|-damage|p1a: Grimmsnarl|88\/100|[from] Stealth Rock\n|turn|12\n|\n|t:|1700858962\n|move|p1a: Grimmsnarl|Reflect|p1a: Grimmsnarl\n|-sidestart|p1: birdword12|Reflect\n|move|p2a: Ogerpon|Ivy Cudgel|p1a: Grimmsnarl|[anim] Ivy Cudgel Water\n|-damage|p1a: Grimmsnarl|48\/100\n|\n|upkeep\n|turn|13\n|\n|t:|1700858969\n|move|p1a: Grimmsnarl|Thunder Wave|p2a: Ogerpon\n|-status|p2a: Ogerpon|par\n|move|p2a: Ogerpon|Swords Dance|p2a: Ogerpon\n|-boost|p2a: Ogerpon|atk|2\n|\n|upkeep\n|turn|14\n|\n|t:|1700858975\n|move|p1a: Grimmsnarl|Parting Shot|p2a: Ogerpon\n|-unboost|p2a: Ogerpon|atk|1\n|-unboost|p2a: Ogerpon|spa|1\n|\n|t:|1700858980\n|switch|p1a: Moltres|Moltres-Galar|100\/100|[from] Parting Shot\n|-damage|p1a: Moltres|76\/100|[from] Stealth Rock\n|cant|p2a: Ogerpon|par\n|\n|-heal|p1a: Moltres|82\/100|[from] item: Leftovers\n|upkeep\n|turn|15\n|\n|t:|1700858991\n|move|p1a: Moltres|Nasty Plot|p1a: Moltres\n|-boost|p1a: Moltres|spa|2\n|cant|p2a: Ogerpon|par\n|\n|-heal|p1a: Moltres|88\/100|[from] item: Leftovers\n|upkeep\n|turn|16\n|\n|t:|1700858998\n|move|p1a: Moltres|Fiery Wrath|p2a: Ogerpon\n|-damage|p2a: Ogerpon|42\/100 par\n|cant|p2a: Ogerpon|par\n|\n|-heal|p1a: Moltres|94\/100|[from] item: Leftovers\n|upkeep\n|turn|17\n|\n|t:|1700859005\n|move|p1a: Moltres|Fiery Wrath|p2a: Ogerpon\n|-damage|p2a: Ogerpon|0 fnt\n|faint|p2a: Ogerpon\n|\n|-heal|p1a: Moltres|100\/100|[from] item: Leftovers\n|upkeep\n|\n|t:|1700859011\n|switch|p2a: Iron Moth|Iron Moth|100\/100\n|turn|18\n|\n|t:|1700859022\n|move|p2a: Iron Moth|Dazzling Gleam|p1a: Moltres\n|-supereffective|p1a: Moltres\n|-damage|p1a: Moltres|29\/100\n|-ability|p1a: Moltres|Berserk|boost\n|-boost|p1a: Moltres|spa|1\n|move|p1a: Moltres|Fiery Wrath|p2a: Iron Moth\n|-damage|p2a: Iron Moth|13\/100\n|\n|-heal|p1a: Moltres|35\/100|[from] item: Leftovers\n|upkeep\n|turn|19\n|\n|t:|1700859030\n|move|p2a: Iron Moth|Dazzling Gleam|p1a: Moltres\n|-supereffective|p1a: Moltres\n|-damage|p1a: Moltres|0 fnt\n|faint|p1a: Moltres\n|\n|-sideend|p1: birdword12|Reflect\n|upkeep\n|\n|t:|1700859032\n|switch|p1a: Grimmsnarl|Grimmsnarl, M|48\/100\n|-damage|p1a: Grimmsnarl|35\/100|[from] Stealth Rock\n|turn|20\n|\n|t:|1700859038\n|move|p1a: Grimmsnarl|Light Screen|p1a: Grimmsnarl\n|-sidestart|p1: birdword12|move: Light Screen\n|move|p2a: Iron Moth|Dazzling Gleam|p1a: Grimmsnarl\n|-supereffective|p1a: Grimmsnarl\n|-damage|p1a: Grimmsnarl|0 fnt\n|faint|p1a: Grimmsnarl\n|\n|upkeep\n|\n|t:|1700859045\n|switch|p1a: Ogerpon|Ogerpon-Cornerstone, F|100\/100\n|-damage|p1a: Ogerpon|88\/100|[from] Stealth Rock\n|turn|21\n|\n|t:|1700859053\n|move|p1a: Ogerpon|Ivy Cudgel|p2a: Iron Moth|[anim] Ivy Cudgel Rock\n|-supereffective|p2a: Iron Moth\n|-damage|p2a: Iron Moth|0 fnt\n|faint|p2a: Iron Moth\n|-end|p2a: Iron Moth|Quark Drive|[silent]\n|\n|win|birdword12\n|raw|birdword12's rating: 1171 &rarr; <strong>1199<\/strong><br \/>(+28 for winning)\n|raw|SupernovaOnToaster's rating: 1212 &rarr; <strong>1184<\/strong><br \/>(-28 for losing)\n","uploadtime":1700858868,"views":3,"p1id":"birdword12","p2id":"supernovaontoaster","formatid":"gen9ou","rating":1184,"private":0,"password":""}