{"id":"gen9ou-1989493271","p1":"huge bump","p2":"Magickjelly","format":"[Gen 9] OU","log":"|j|\u2606huge bump\n|j|\u2606Magickjelly\n|t:|1699859955\n|gametype|singles\n|player|p1|huge bump|1|1042\n|player|p2|Magickjelly|265|1051\n|teamsize|p1|6\n|teamsize|p2|6\n|gen|9\n|tier|[Gen 9] OU\n|rated|\n|rule|Sleep Clause Mod: Limit one foe put to sleep\n|rule|Species Clause: Limit one of each Pok\u00e9mon\n|rule|OHKO Clause: OHKO moves are banned\n|rule|Evasion Items Clause: Evasion items are banned\n|rule|Evasion Moves Clause: Evasion moves are banned\n|rule|Endless Battle Clause: Forcing endless battles is banned\n|rule|HP Percentage Mod: HP is shown in percentages\n|clearpoke\n|poke|p1|Cinderace, M|\n|poke|p1|Clefable, F|\n|poke|p1|Dragonite, F|\n|poke|p1|Glimmora, M|\n|poke|p1|Rillaboom, F|\n|poke|p1|Snorlax, F|\n|poke|p2|Arbok, M|\n|poke|p2|Ribombee, M|\n|poke|p2|Lilligant, F|\n|poke|p2|Lokix, M|\n|poke|p2|Orthworm, M|\n|poke|p2|Zoroark-Hisui, M|\n|teampreview\n|inactive|Battle timer is ON: inactive players will automatically lose when time's up. (requested by huge bump)\n|\n|t:|1699859969\n|start\n|switch|p1a: Glimmora|Glimmora, M|100\/100\n|switch|p2a: Evolt|Arbok, M, shiny|100\/100\n|-ability|p2a: Evolt|Intimidate|boost\n|-unboost|p1a: Glimmora|atk|1\n|turn|1\n|\n|t:|1699859975\n|move|p1a: Glimmora|Stealth Rock|p2a: Evolt\n|-sidestart|p2: Magickjelly|move: Stealth Rock\n|move|p2a: Evolt|Coil|p2a: Evolt\n|-boost|p2a: Evolt|atk|1\n|-boost|p2a: Evolt|def|1\n|-boost|p2a: Evolt|accuracy|1\n|\n|upkeep\n|turn|2\n|\n|t:|1699859990\n|move|p1a: Glimmora|Venoshock|p2a: Evolt\n|-resisted|p2a: Evolt\n|-damage|p2a: Evolt|76\/100\n|move|p2a: Evolt|Coil|p2a: Evolt\n|-boost|p2a: Evolt|atk|1\n|-boost|p2a: Evolt|def|1\n|-boost|p2a: Evolt|accuracy|1\n|\n|upkeep\n|turn|3\n|inactive|Magickjelly has 120 seconds left.\n|\n|t:|1699860025\n|-terastallize|p2a: Evolt|Dragon\n|move|p1a: Glimmora|Venoshock|p2a: Evolt\n|-damage|p2a: Evolt|26\/100\n|move|p2a: Evolt|Scale Shot|p1a: Glimmora\n|-damage|p1a: Glimmora|77\/100\n|-activate|p1a: Glimmora|ability: Toxic Debris\n|-sidestart|p2: Magickjelly|move: Toxic Spikes\n|-damage|p1a: Glimmora|53\/100\n|-activate|p1a: Glimmora|ability: Toxic Debris\n|-sidestart|p2: Magickjelly|move: Toxic Spikes\n|-damage|p1a: Glimmora|27\/100\n|-damage|p1a: Glimmora|1\/100\n|-hitcount|p1a: Glimmora|4\n|-unboost|p2a: Evolt|def|1\n|-boost|p2a: Evolt|spe|1\n|\n|upkeep\n|turn|4\n|inactive|Magickjelly has 120 seconds left.\n|\n|t:|1699860042\n|move|p1a: Glimmora|Spiky Shield|p1a: Glimmora\n|-singleturn|p1a: Glimmora|move: Protect\n|move|p2a: Evolt|Earthquake|p1a: Glimmora\n|-activate|p1a: Glimmora|move: Protect\n|\n|upkeep\n|turn|5\n|\n|t:|1699860059\n|move|p2a: Evolt|Scale Shot|p1a: Glimmora\n|-damage|p1a: Glimmora|0 fnt\n|faint|p1a: Glimmora\n|-hitcount|p1: Glimmora|1\n|-unboost|p2a: Evolt|def|1\n|-boost|p2a: Evolt|spe|1\n|\n|upkeep\n|\n|t:|1699860062\n|switch|p1a: Clefable|Clefable, F|100\/100\n|turn|6\n|\n|t:|1699860067\n|move|p2a: Evolt|Gunk Shot|p1a: Clefable\n|-supereffective|p1a: Clefable\n|-damage|p1a: Clefable|0 fnt\n|faint|p1a: Clefable\n|\n|upkeep\n|\n|t:|1699860070\n|switch|p1a: Cinderace|Cinderace, M|100\/100\n|turn|7\n|\n|t:|1699860073\n|move|p2a: Evolt|Earthquake|p1a: Cinderace\n|-supereffective|p1a: Cinderace\n|-damage|p1a: Cinderace|0 fnt\n|faint|p1a: Cinderace\n|\n|upkeep\n|\n|t:|1699860076\n|switch|p1a: Dragonite|Dragonite, F|100\/100\n|turn|8\n|\n|t:|1699860080\n|-terastallize|p1a: Dragonite|Normal\n|move|p1a: Dragonite|Extreme Speed|p2a: Evolt\n|-damage|p2a: Evolt|0 fnt\n|faint|p2a: Evolt\n|\n|upkeep\n|\n|t:|1699860103\n|switch|p2a: Your Colon|Orthworm, M|100\/100\n|-damage|p2a: Your Colon|88\/100|[from] Stealth Rock\n|-status|p2a: Your Colon|tox\n|turn|9\n|\n|t:|1699860115\n|move|p1a: Dragonite|Extreme Speed|p2a: Your Colon\n|-immune|p2a: Your Colon\n|move|p2a: Your Colon|Trick|p1a: Dragonite\n|-activate|p2a: Your Colon|move: Trick|[of] p1a: Dragonite\n|-item|p1a: Dragonite|Choice Specs|[from] move: Trick\n|-item|p2a: Your Colon|Choice Band|[from] move: Trick\n|\n|-damage|p2a: Your Colon|82\/100 tox|[from] psn\n|upkeep\n|turn|10\n|\n|t:|1699860133\n|move|p2a: Your Colon|Flamethrower|p1a: Dragonite\n|-damage|p1a: Dragonite|86\/100\n|move|p1a: Dragonite|Air Slash|p2a: Your Colon\n|-crit|p2a: Your Colon\n|-damage|p2a: Your Colon|0 fnt\n|replace|p2a: Tsuchimikado|Zoroark-Hisui, M\n|-end|p2a: Tsuchimikado|Illusion\n|faint|p2a: Tsuchimikado\n|\n|upkeep\n|\n|t:|1699860142\n|switch|p2a: Your Colon|Orthworm, M|100\/100\n|-damage|p2a: Your Colon|94\/100|[from] Stealth Rock\n|turn|11\n|\n|t:|1699860147\n|switch|p1a: Rillaboom|Rillaboom, F|100\/100\n|move|p2a: Your Colon|Coil|p2a: Your Colon\n|-boost|p2a: Your Colon|atk|1\n|-boost|p2a: Your Colon|def|1\n|-boost|p2a: Your Colon|accuracy|1\n|\n|upkeep\n|turn|12\n|\n|t:|1699860152\n|move|p1a: Rillaboom|Drain Punch|p2a: Your Colon\n|-supereffective|p2a: Your Colon\n|-damage|p2a: Your Colon|73\/100\n|move|p2a: Your Colon|Coil|p2a: Your Colon\n|-boost|p2a: Your Colon|atk|1\n|-boost|p2a: Your Colon|def|1\n|-boost|p2a: Your Colon|accuracy|1\n|\n|upkeep\n|turn|13\n|\n|t:|1699860159\n|move|p1a: Rillaboom|Trailblaze|p2a: Your Colon\n|-resisted|p2a: Your Colon\n|-damage|p2a: Your Colon|69\/100\n|-boost|p1a: Rillaboom|spe|1\n|move|p2a: Your Colon|Coil|p2a: Your Colon\n|-boost|p2a: Your Colon|atk|1\n|-boost|p2a: Your Colon|def|1\n|-boost|p2a: Your Colon|accuracy|1\n|\n|upkeep\n|turn|14\n|\n|t:|1699860167\n|move|p1a: Rillaboom|Drain Punch|p2a: Your Colon\n|-supereffective|p2a: Your Colon\n|-damage|p2a: Your Colon|56\/100\n|move|p2a: Your Colon|Coil|p2a: Your Colon\n|-boost|p2a: Your Colon|atk|1\n|-boost|p2a: Your Colon|def|1\n|-boost|p2a: Your Colon|accuracy|1\n|\n|upkeep\n|turn|15\n|\n|t:|1699860173\n|move|p1a: Rillaboom|Drain Punch|p2a: Your Colon\n|-supereffective|p2a: Your Colon\n|-damage|p2a: Your Colon|46\/100\n|-enditem|p2a: Your Colon|Sitrus Berry|[eat]\n|-heal|p2a: Your Colon|70\/100|[from] item: Sitrus Berry\n|move|p2a: Your Colon|Coil|p2a: Your Colon\n|-boost|p2a: Your Colon|atk|1\n|-boost|p2a: Your Colon|def|1\n|-boost|p2a: Your Colon|accuracy|1\n|\n|upkeep\n|turn|16\n|\n|t:|1699860182\n|move|p1a: Rillaboom|Fake Out||[still]\n|-hint|Fake Out only works on your first turn out.\n|-fail|p1a: Rillaboom\n|move|p2a: Your Colon|Body Press|p1a: Rillaboom\n|-damage|p1a: Rillaboom|0 fnt\n|faint|p1a: Rillaboom\n|\n|upkeep\n|\n|t:|1699860188\n|switch|p1a: Dragonite|Dragonite, F, tera:Normal|86\/100\n|turn|17\n|\n|t:|1699860193\n|move|p1a: Dragonite|Dragon Claw|p2a: Your Colon\n|-resisted|p2a: Your Colon\n|-damage|p2a: Your Colon|67\/100\n|move|p2a: Your Colon|Body Press|p1a: Dragonite\n|-supereffective|p1a: Dragonite\n|-damage|p1a: Dragonite|0 fnt\n|faint|p1a: Dragonite\n|\n|upkeep\n|\n|t:|1699860198\n|switch|p1a: Snorlax|Snorlax, F|100\/100\n|turn|18\n|\n|t:|1699860202\n|move|p2a: Your Colon|Body Press|p1a: Snorlax\n|-supereffective|p1a: Snorlax\n|-damage|p1a: Snorlax|0 fnt\n|faint|p1a: Snorlax\n|\n|win|Magickjelly\n|raw|huge bump's rating: 1042 &rarr; <strong>1028<\/strong><br \/>(-14 for losing)\n|raw|Magickjelly's rating: 1089 &rarr; <strong>1112<\/strong><br \/>(+23 for winning)\n|l|\u2606huge bump\n|c|\u2606Magickjelly|orthworm sweep was definitely not on the bingo card today\n","uploadtime":1699860227,"views":19,"p1id":"hugebump","p2id":"magickjelly","formatid":"gen9ou","rating":1028,"private":0,"password":""}