{"id":"gen9ou-1998345536","p1":"Jugglekid1318","p2":"dragonbrrr","format":"[Gen 9] OU","log":"|j|\u2606Jugglekid1318\n|j|\u2606dragonbrrr\n|t:|1700931961\n|gametype|singles\n|player|p1|Jugglekid1318|koga|1454\n|player|p2|dragonbrrr|unknownf|1540\n|teamsize|p1|6\n|teamsize|p2|6\n|gen|9\n|tier|[Gen 9] OU\n|rated|\n|rule|Sleep Clause Mod: Limit one foe put to sleep\n|rule|Species Clause: Limit one of each Pok\u00e9mon\n|rule|OHKO Clause: OHKO moves are banned\n|rule|Evasion Items Clause: Evasion items are banned\n|rule|Evasion Moves Clause: Evasion moves are banned\n|rule|Endless Battle Clause: Forcing endless battles is banned\n|rule|HP Percentage Mod: HP is shown in percentages\n|clearpoke\n|poke|p1|Amoonguss, F|\n|poke|p1|Heatran, F|\n|poke|p1|Landorus-Therian, M|\n|poke|p1|Samurott-Hisui, M|\n|poke|p1|Iron Moth|\n|poke|p1|Rillaboom, F|\n|poke|p2|Skeledirge, F|\n|poke|p2|Corviknight, F|\n|poke|p2|Clefable, F|\n|poke|p2|Dragapult, F|\n|poke|p2|Blissey, F|\n|poke|p2|Clodsire, F|\n|teampreview\n|\n|t:|1700931978\n|start\n|switch|p1a: Samurott|Samurott-Hisui, M|100\/100\n|switch|p2a: clefunable|Clefable, F|100\/100\n|turn|1\n|\n|t:|1700931986\n|switch|p1a: Heatran|Heatran, F|100\/100\n|move|p2a: clefunable|Protect||[still]\n|-fail|p2a: clefunable\n|\n|upkeep\n|turn|2\n|\n|t:|1700932001\n|switch|p2a: Blissey|Blissey, F|100\/100\n|move|p1a: Heatran|Magma Storm|p2a: Blissey\n|-damage|p2a: Blissey|85\/100\n|-activate|p2a: Blissey|move: Magma Storm|[of] p1a: Heatran\n|\n|-damage|p2a: Blissey|72\/100|[from] move: Magma Storm|[partiallytrapped]\n|upkeep\n|turn|3\n|\n|t:|1700932010\n|move|p1a: Heatran|Taunt|p2a: Blissey\n|-start|p2a: Blissey|move: Taunt\n|cant|p2a: Blissey|move: Taunt|Stealth Rock\n|\n|-damage|p2a: Blissey|60\/100|[from] move: Magma Storm|[partiallytrapped]\n|upkeep\n|turn|4\n|\n|t:|1700932018\n|move|p1a: Heatran|Magma Storm|p2a: Blissey\n|-damage|p2a: Blissey|44\/100\n|move|p2a: Blissey|Seismic Toss|p1a: Heatran\n|-damage|p1a: Heatran|75\/100\n|\n|-heal|p1a: Heatran|81\/100|[from] item: Leftovers\n|-damage|p2a: Blissey|32\/100|[from] move: Magma Storm|[partiallytrapped]\n|upkeep\n|turn|5\n|\n|t:|1700932027\n|move|p1a: Heatran|Magma Storm|p2a: Blissey\n|-damage|p2a: Blissey|16\/100\n|move|p2a: Blissey|Seismic Toss|p1a: Heatran\n|-damage|p1a: Heatran|55\/100\n|\n|-heal|p1a: Heatran|61\/100|[from] item: Leftovers\n|-damage|p2a: Blissey|4\/100|[from] move: Magma Storm|[partiallytrapped]\n|-end|p2a: Blissey|move: Taunt\n|upkeep\n|turn|6\n|\n|t:|1700932038\n|move|p2a: Blissey|Protect|p2a: Blissey\n|-singleturn|p2a: Blissey|Protect\n|move|p1a: Heatran|Taunt|p2a: Blissey\n|-activate|p2a: Blissey|move: Protect\n|\n|-heal|p1a: Heatran|67\/100|[from] item: Leftovers\n|-end|p2a: Blissey|Magma Storm|[partiallytrapped]\n|upkeep\n|turn|7\n|\n|t:|1700932055\n|switch|p2a: clefunable|Clefable, F|100\/100\n|move|p1a: Heatran|Earth Power|p2a: clefunable\n|-damage|p2a: clefunable|75\/100\n|\n|-heal|p1a: Heatran|74\/100|[from] item: Leftovers\n|-heal|p2a: clefunable|81\/100|[from] item: Leftovers\n|upkeep\n|turn|8\n|\n|t:|1700932065\n|move|p2a: clefunable|Protect|p2a: clefunable\n|-singleturn|p2a: clefunable|Protect\n|move|p1a: Heatran|Magma Storm|p2a: clefunable\n|-activate|p2a: clefunable|move: Protect\n|\n|-heal|p1a: Heatran|80\/100|[from] item: Leftovers\n|-heal|p2a: clefunable|87\/100|[from] item: Leftovers\n|upkeep\n|turn|9\n|\n|t:|1700932074\n|move|p1a: Heatran|Earth Power|p2a: clefunable\n|-damage|p2a: clefunable|60\/100\n|-unboost|p2a: clefunable|spd|1\n|move|p2a: clefunable|Knock Off|p1a: Heatran\n|-damage|p1a: Heatran|66\/100\n|-enditem|p1a: Heatran|Leftovers|[from] move: Knock Off|[of] p2a: clefunable\n|\n|-heal|p2a: clefunable|66\/100|[from] item: Leftovers\n|upkeep\n|turn|10\n|\n|t:|1700932085\n|move|p2a: clefunable|Protect|p2a: clefunable\n|-singleturn|p2a: clefunable|Protect\n|move|p1a: Heatran|Earth Power|p2a: clefunable\n|-activate|p2a: clefunable|move: Protect\n|\n|-heal|p2a: clefunable|73\/100|[from] item: Leftovers\n|upkeep\n|turn|11\n|\n|t:|1700932110\n|switch|p2a: Clodsire|Clodsire, F|100\/100\n|move|p1a: Heatran|Magma Storm|p2a: Clodsire\n|-damage|p2a: Clodsire|78\/100\n|-activate|p2a: Clodsire|move: Magma Storm|[of] p1a: Heatran\n|\n|-damage|p2a: Clodsire|66\/100|[from] move: Magma Storm|[partiallytrapped]\n|upkeep\n|turn|12\n|\n|t:|1700932131\n|switch|p1a: Amoonguss|Amoonguss, F|100\/100\n|move|p2a: Clodsire|Earthquake|p1a: Amoonguss\n|-damage|p1a: Amoonguss|80\/100\n|\n|-heal|p1a: Amoonguss|87\/100|[from] item: Black Sludge\n|-end|p2a: Clodsire|Magma Storm|[partiallytrapped]|[silent]\n|upkeep\n|turn|13\n|\n|t:|1700932161\n|move|p1a: Amoonguss|Spore|p2a: Clodsire\n|-status|p2a: Clodsire|slp|[from] move: Spore\n|cant|p2a: Clodsire|slp\n|\n|-heal|p1a: Amoonguss|93\/100|[from] item: Black Sludge\n|upkeep\n|turn|14\n|\n|t:|1700932175\n|switch|p1a: Iron Moth|Iron Moth|100\/100\n|-enditem|p1a: Iron Moth|Booster Energy\n|-activate|p1a: Iron Moth|ability: Quark Drive|[fromitem]\n|-start|p1a: Iron Moth|quarkdrivespe\n|switch|p2a: Corviknight|Corviknight, F|100\/100\n|-ability|p2a: Corviknight|Pressure\n|\n|upkeep\n|turn|15\n|\n|t:|1700932195\n|switch|p2a: Blissey|Blissey, F|4\/100\n|move|p1a: Iron Moth|Fiery Dance|p2a: Blissey\n|-crit|p2a: Blissey\n|-damage|p2a: Blissey|0 fnt\n|faint|p2a: Blissey\n|\n|upkeep\n|\n|t:|1700932201\n|switch|p2a: Clodsire|Clodsire, F|66\/100 slp\n|turn|16\n|\n|t:|1700932208\n|move|p1a: Iron Moth|Psychic|p2a: Clodsire\n|-supereffective|p2a: Clodsire\n|-damage|p2a: Clodsire|30\/100 slp\n|cant|p2a: Clodsire|slp\n|\n|upkeep\n|turn|17\n|\n|t:|1700932214\n|-terastallize|p2a: Clodsire|Fire\n|move|p1a: Iron Moth|Psychic|p2a: Clodsire\n|-crit|p2a: Clodsire\n|-damage|p2a: Clodsire|7\/100 slp\n|cant|p2a: Clodsire|slp\n|\n|upkeep\n|turn|18\n|c|\u2606dragonbrrr|:(\n|\n|t:|1700932248\n|switch|p2a: Skeledirge|Skeledirge, F|100\/100\n|move|p1a: Iron Moth|Sludge Wave|p2a: Skeledirge\n|-resisted|p2a: Skeledirge\n|-damage|p2a: Skeledirge|76\/100\n|\n|upkeep\n|turn|19\n|\n|t:|1700932262\n|move|p1a: Iron Moth|Sludge Wave|p2a: Skeledirge\n|-resisted|p2a: Skeledirge\n|-damage|p2a: Skeledirge|52\/100\n|move|p2a: Skeledirge|Torch Song|p1a: Iron Moth\n|-resisted|p1a: Iron Moth\n|-damage|p1a: Iron Moth|85\/100\n|-boost|p2a: Skeledirge|spa|1\n|\n|upkeep\n|turn|20\n|inactive|Battle timer is ON: inactive players will automatically lose when time's up. (requested by dragonbrrr)\n|\n|t:|1700932270\n|move|p1a: Iron Moth|Sludge Wave|p2a: Skeledirge\n|-resisted|p2a: Skeledirge\n|-damage|p2a: Skeledirge|28\/100\n|move|p2a: Skeledirge|Slack Off|p2a: Skeledirge\n|-heal|p2a: Skeledirge|78\/100\n|\n|upkeep\n|turn|21\n|\n|t:|1700932278\n|switch|p2a: Corviknight|Corviknight, F|100\/100\n|-ability|p2a: Corviknight|Pressure\n|move|p1a: Iron Moth|Psychic|p2a: Corviknight\n|-resisted|p2a: Corviknight\n|-damage|p2a: Corviknight|85\/100\n|\n|upkeep\n|turn|22\n|\n|t:|1700932302\n|switch|p2a: Dragapult|Dragapult, F|100\/100\n|move|p1a: Iron Moth|Fiery Dance|p2a: Dragapult\n|-resisted|p2a: Dragapult\n|-damage|p2a: Dragapult|72\/100\n|-boost|p1a: Iron Moth|spa|1\n|\n|upkeep\n|turn|23\n|\n|t:|1700932312\n|move|p1a: Iron Moth|Psychic|p2a: Dragapult\n|-damage|p2a: Dragapult|12\/100\n|move|p2a: Dragapult|Draco Meteor|p1a: Iron Moth\n|-damage|p1a: Iron Moth|27\/100\n|-unboost|p2a: Dragapult|spa|2\n|\n|upkeep\n|turn|24\n|\n|t:|1700932324\n|switch|p2a: Corviknight|Corviknight, F|85\/100\n|-ability|p2a: Corviknight|Pressure\n|move|p1a: Iron Moth|Fiery Dance|p2a: Corviknight\n|-supereffective|p2a: Corviknight\n|-damage|p2a: Corviknight|0 fnt\n|-boost|p1a: Iron Moth|spa|1\n|faint|p2a: Corviknight\n|\n|upkeep\n|\n|t:|1700932328\n|switch|p2a: Skeledirge|Skeledirge, F|78\/100\n|turn|25\n|\n|t:|1700932338\n|move|p1a: Iron Moth|Psychic|p2a: Skeledirge\n|-damage|p2a: Skeledirge|44\/100\n|move|p2a: Skeledirge|Torch Song|p1a: Iron Moth\n|-resisted|p1a: Iron Moth\n|-damage|p1a: Iron Moth|12\/100\n|-boost|p2a: Skeledirge|spa|1\n|\n|upkeep\n|turn|26\n|\n|t:|1700932350\n|move|p1a: Iron Moth|Psychic|p2a: Skeledirge\n|-damage|p2a: Skeledirge|12\/100\n|move|p2a: Skeledirge|Slack Off|p2a: Skeledirge\n|-heal|p2a: Skeledirge|62\/100\n|\n|upkeep\n|turn|27\n|c|\u2606dragonbrrr|Im testing teams rn, do you mind if we rematch and i use a different one? (We can do friendly challenge and make it unrated if you want)\n|inactive|dragonbrrr has 120 seconds left.\n|\n|t:|1700932391\n|move|p1a: Iron Moth|Psychic|p2a: Skeledirge\n|-damage|p2a: Skeledirge|33\/100\n|move|p2a: Skeledirge|Torch Song|p1a: Iron Moth\n|-resisted|p1a: Iron Moth\n|-crit|p1a: Iron Moth\n|-damage|p1a: Iron Moth|0 fnt\n|-boost|p2a: Skeledirge|spa|1\n|faint|p1a: Iron Moth\n|-end|p1a: Iron Moth|Quark Drive|[silent]\n|\n|upkeep\n|c|\u2606Jugglekid1318|Sure\n|c|\u2606dragonbrrr|Thx!\n|\n|t:|1700932404\n|switch|p1a: Heatran|Heatran, F|66\/100\n|turn|28\n|inactive|dragonbrrr has 120 seconds left.\n|\n|t:|1700932414\n|switch|p2a: clefunable|Clefable, F|73\/100\n|move|p1a: Heatran|Earth Power|p2a: clefunable\n|-damage|p2a: clefunable|47\/100\n|\n|-heal|p2a: clefunable|53\/100|[from] item: Leftovers\n|upkeep\n|turn|29\n|\n|t:|1700932425\n|move|p2a: clefunable|Protect|p2a: clefunable\n|-singleturn|p2a: clefunable|Protect\n|move|p1a: Heatran|Taunt|p2a: clefunable\n|-activate|p2a: clefunable|move: Protect\n|\n|-heal|p2a: clefunable|59\/100|[from] item: Leftovers\n|upkeep\n|turn|30\n|\n|t:|1700932436\n|switch|p2a: Dragapult|Dragapult, F|12\/100\n|move|p1a: Heatran|Magma Storm|p2a: Dragapult\n|-resisted|p2a: Dragapult\n|-damage|p2a: Dragapult|0 fnt\n|faint|p2a: Dragapult\n|\n|upkeep\n|\n|t:|1700932443\n|switch|p2a: clefunable|Clefable, F|59\/100\n|turn|31\n|\n|t:|1700932447\n|move|p2a: clefunable|Protect|p2a: clefunable\n|-singleturn|p2a: clefunable|Protect\n|move|p1a: Heatran|Earth Power|p2a: clefunable\n|-activate|p2a: clefunable|move: Protect\n|\n|-heal|p2a: clefunable|65\/100|[from] item: Leftovers\n|upkeep\n|turn|32\n|\n|t:|1700932456\n|move|p1a: Heatran|Magma Storm|p2a: clefunable\n|-damage|p2a: clefunable|21\/100\n|-activate|p2a: clefunable|move: Magma Storm|[of] p1a: Heatran\n|move|p2a: clefunable|Wish|p2a: clefunable\n|\n|-heal|p2a: clefunable|27\/100|[from] item: Leftovers\n|upkeep\n|turn|33\n|\n|t:|1700932465\n|move|p2a: clefunable|Protect|p2a: clefunable\n|-singleturn|p2a: clefunable|Protect\n|move|p1a: Heatran|Earth Power|p2a: clefunable\n|-activate|p2a: clefunable|move: Protect\n|\n|-heal|p2a: clefunable|77\/100|[from] move: Wish|[wisher] clefunable\n|-heal|p2a: clefunable|83\/100|[from] item: Leftovers\n|upkeep\n|turn|34\n|\n|t:|1700932475\n|move|p1a: Heatran|Taunt|p2a: clefunable\n|-start|p2a: clefunable|move: Taunt\n|move|p2a: clefunable|Moonblast|p1a: Heatran\n|-resisted|p1a: Heatran\n|-damage|p1a: Heatran|61\/100\n|\n|-heal|p2a: clefunable|89\/100|[from] item: Leftovers\n|upkeep\n|turn|35\n|\n|t:|1700932485\n|move|p1a: Heatran|Earth Power|p2a: clefunable\n|-damage|p2a: clefunable|64\/100\n|move|p2a: clefunable|Knock Off|p1a: Heatran\n|-damage|p1a: Heatran|53\/100\n|\n|-heal|p2a: clefunable|71\/100|[from] item: Leftovers\n|upkeep\n|turn|36\n|\n|t:|1700932493\n|move|p1a: Heatran|Earth Power|p2a: clefunable\n|-damage|p2a: clefunable|47\/100\n|move|p2a: clefunable|Knock Off|p1a: Heatran\n|-damage|p1a: Heatran|45\/100\n|\n|-heal|p2a: clefunable|54\/100|[from] item: Leftovers\n|-end|p2a: clefunable|Magma Storm|[partiallytrapped]\n|-end|p2a: clefunable|move: Taunt\n|upkeep\n|turn|37\n|\n|t:|1700932502\n|switch|p1a: Rillaboom|Rillaboom, F|100\/100\n|-fieldstart|move: Grassy Terrain|[from] ability: Grassy Surge|[of] p1a: Rillaboom\n|move|p2a: clefunable|Protect||[still]\n|-fail|p2a: clefunable\n|\n|-heal|p2a: clefunable|60\/100|[from] Grassy Terrain\n|-heal|p2a: clefunable|66\/100|[from] item: Leftovers\n|upkeep\n|turn|38\n|\n|t:|1700932514\n|-terastallize|p1a: Rillaboom|Grass\n|move|p2a: clefunable|Protect|p2a: clefunable\n|-singleturn|p2a: clefunable|Protect\n|move|p1a: Rillaboom|Wood Hammer|p2a: clefunable\n|-activate|p2a: clefunable|move: Protect\n|\n|-heal|p2a: clefunable|72\/100|[from] Grassy Terrain\n|-heal|p2a: clefunable|78\/100|[from] item: Leftovers\n|upkeep\n|turn|39\n|\n|t:|1700932535\n|move|p1a: Rillaboom|Wood Hammer|p2a: clefunable\n|-damage|p2a: clefunable|0 fnt\n|faint|p2a: clefunable\n|-damage|p1a: Rillaboom|71\/100|[from] Recoil\n|\n|-heal|p1a: Rillaboom|77\/100|[from] Grassy Terrain\n|upkeep\n|\n|t:|1700932539\n|switch|p2a: Skeledirge|Skeledirge, F|33\/100\n|turn|40\n|\n|t:|1700932546\n|move|p1a: Rillaboom|Wood Hammer|p2a: Skeledirge\n|-resisted|p2a: Skeledirge\n|-damage|p2a: Skeledirge|0 fnt\n|faint|p2a: Skeledirge\n|-damage|p1a: Rillaboom|64\/100|[from] Recoil\n|\n|-heal|p1a: Rillaboom|70\/100|[from] Grassy Terrain\n|upkeep\n|\n|t:|1700932548\n|switch|p2a: Clodsire|Clodsire, F, tera:Fire|7\/100 slp\n|turn|41\n|c|\u2606dragonbrrr|Gg\n|\n|t:|1700932556\n|move|p1a: Rillaboom|Wood Hammer|p2a: Clodsire\n|-resisted|p2a: Clodsire\n|-damage|p2a: Clodsire|0 fnt\n|faint|p2a: Clodsire\n|-damage|p1a: Rillaboom|67\/100|[from] Recoil\n|\n|win|Jugglekid1318\n|raw|Jugglekid1318's rating: 1454 &rarr; <strong>1479<\/strong><br \/>(+25 for winning)\n|raw|dragonbrrr's rating: 1540 &rarr; <strong>1515<\/strong><br \/>(-25 for losing)\n|c|\u2606Jugglekid1318|gg\n|c|\u2606dragonbrrr|Ill send it\n","uploadtime":1700932574,"views":1,"p1id":"jugglekid1318","p2id":"dragonbrrr","formatid":"gen9ou","rating":1479,"private":0,"password":""}