{"id":"gen9ou-1996422765","p1":"uniandes5","p2":"thunderdog_32","format":"[Gen 9] OU","log":"|j|\u2606uniandes5\n|j|\u2606thunderdog_32\n|t:|1700680546\n|gametype|singles\n|player|p1|uniandes5|170|1354\n|player|p2|thunderdog_32|2|1287\n|teamsize|p1|6\n|teamsize|p2|6\n|gen|9\n|tier|[Gen 9] OU\n|rated|\n|rule|Sleep Clause Mod: Limit one foe put to sleep\n|rule|Species Clause: Limit one of each Pok\u00e9mon\n|rule|OHKO Clause: OHKO moves are banned\n|rule|Evasion Items Clause: Evasion items are banned\n|rule|Evasion Moves Clause: Evasion moves are banned\n|rule|Endless Battle Clause: Forcing endless battles is banned\n|rule|HP Percentage Mod: HP is shown in percentages\n|clearpoke\n|poke|p1|Grimmsnarl, M|\n|poke|p1|Hoopa-Unbound|\n|poke|p1|Rillaboom, M|\n|poke|p1|Haxorus, M|\n|poke|p1|Iron Valiant|\n|poke|p1|Gholdengo|\n|poke|p2|Landorus-Therian, M|\n|poke|p2|Heatran, M|\n|poke|p2|Ogerpon-Wellspring, F|\n|poke|p2|Zapdos|\n|poke|p2|Dragapult, F|\n|poke|p2|Ribombee, M|\n|teampreview\n|inactive|Battle timer is ON: inactive players will automatically lose when time's up. (requested by thunderdog_32)\n|\n|t:|1700680553\n|start\n|switch|p1a: Hoopa|Hoopa-Unbound|100\/100\n|switch|p2a: Ribombee|Ribombee, M|100\/100\n|turn|1\n|\n|t:|1700680561\n|move|p2a: Ribombee|Sticky Web|p1a: Hoopa\n|-sidestart|p1: uniandes5|move: Sticky Web\n|move|p1a: Hoopa|Psychic|p2a: Ribombee\n|-damage|p2a: Ribombee|20\/100\n|\n|upkeep\n|turn|2\n|\n|t:|1700680567\n|move|p2a: Ribombee|Moonblast|p1a: Hoopa\n|-supereffective|p1a: Hoopa\n|-damage|p1a: Hoopa|58\/100\n|-unboost|p1a: Hoopa|spa|1\n|move|p1a: Hoopa|Psychic|p2a: Ribombee\n|-damage|p2a: Ribombee|0 fnt\n|faint|p2a: Ribombee\n|\n|upkeep\n|\n|t:|1700680583\n|switch|p2a: Ogerpon|Ogerpon-Wellspring, F|100\/100\n|turn|3\n|inactive|uniandes5 has 120 seconds left.\n|\n|t:|1700680614\n|move|p2a: Ogerpon|U-turn|p1a: Hoopa\n|-supereffective|p1a: Hoopa\n|-damage|p1a: Hoopa|0 fnt\n|faint|p1a: Hoopa\n|\n|t:|1700680618\n|switch|p2a: Zapdos|Zapdos|100\/100|[from] U-turn\n|\n|upkeep\n|\n|t:|1700680622\n|switch|p1a: Grimmsnarl|Grimmsnarl, M|100\/100\n|-activate|p1a: Grimmsnarl|move: Sticky Web\n|-unboost|p1a: Grimmsnarl|spe|1\n|turn|4\n|\n|t:|1700680627\n|move|p1a: Grimmsnarl|Light Screen|p1a: Grimmsnarl\n|-sidestart|p1: uniandes5|move: Light Screen\n|move|p2a: Zapdos|Volt Switch|p1a: Grimmsnarl\n|-damage|p1a: Grimmsnarl|88\/100\n|\n|t:|1700680630\n|switch|p2a: Heatran|Heatran, M|100\/100|[from] Volt Switch\n|\n|upkeep\n|turn|5\n|\n|t:|1700680642\n|move|p1a: Grimmsnarl|Taunt|p2a: Heatran\n|-start|p2a: Heatran|move: Taunt\n|cant|p2a: Heatran|move: Taunt|Taunt\n|\n|upkeep\n|turn|6\n|inactive|uniandes5 has 120 seconds left.\n|\n|t:|1700680673\n|switch|p1a: Iron Valiant|Iron Valiant|100\/100\n|-activate|p1a: Iron Valiant|move: Sticky Web\n|-unboost|p1a: Iron Valiant|spe|1\n|-enditem|p1a: Iron Valiant|Booster Energy\n|-activate|p1a: Iron Valiant|ability: Quark Drive|[fromitem]\n|-start|p1a: Iron Valiant|quarkdrivespa\n|move|p2a: Heatran|Magma Storm|p1a: Iron Valiant\n|-damage|p1a: Iron Valiant|60\/100\n|-activate|p1a: Iron Valiant|move: Magma Storm|[of] p2a: Heatran\n|\n|-damage|p1a: Iron Valiant|47\/100|[from] move: Magma Storm|[partiallytrapped]\n|upkeep\n|turn|7\n|\n|t:|1700680682\n|switch|p2a: Landorus|Landorus-Therian, M|100\/100\n|-ability|p2a: Landorus|Intimidate|boost\n|-unboost|p1a: Iron Valiant|atk|1\n|move|p1a: Iron Valiant|Vacuum Wave|p2a: Landorus\n|-resisted|p2a: Landorus\n|-damage|p2a: Landorus|79\/100\n|\n|-heal|p2a: Landorus|85\/100|[from] item: Leftovers\n|-end|p1a: Iron Valiant|Magma Storm|[partiallytrapped]|[silent]\n|upkeep\n|turn|8\n|\n|t:|1700680698\n|move|p2a: Landorus|Substitute|p2a: Landorus\n|-start|p2a: Landorus|Substitute\n|-damage|p2a: Landorus|60\/100\n|move|p1a: Iron Valiant|Moonblast|p2a: Landorus\n|-end|p2a: Landorus|Substitute\n|\n|-heal|p2a: Landorus|66\/100|[from] item: Leftovers\n|upkeep\n|turn|9\n|\n|t:|1700680705\n|switch|p2a: Heatran|Heatran, M|100\/100\n|move|p1a: Iron Valiant|Moonblast|p2a: Heatran\n|-resisted|p2a: Heatran\n|-damage|p2a: Heatran|90\/100\n|\n|-heal|p2a: Heatran|96\/100|[from] item: Leftovers\n|upkeep\n|turn|10\n|\n|t:|1700680714\n|move|p1a: Iron Valiant|Vacuum Wave|p2a: Heatran\n|-supereffective|p2a: Heatran\n|-damage|p2a: Heatran|56\/100\n|move|p2a: Heatran|Magma Storm|p1a: Iron Valiant\n|-damage|p1a: Iron Valiant|11\/100\n|-activate|p1a: Iron Valiant|move: Magma Storm|[of] p2a: Heatran\n|\n|-heal|p2a: Heatran|63\/100|[from] item: Leftovers\n|-damage|p1a: Iron Valiant|0 fnt|[from] move: Magma Storm|[partiallytrapped]\n|faint|p1a: Iron Valiant\n|-end|p1a: Iron Valiant|Quark Drive|[silent]\n|upkeep\n|\n|t:|1700680723\n|switch|p1a: Kuzko|Gholdengo, shiny|100\/100\n|-activate|p1a: Kuzko|move: Sticky Web\n|-unboost|p1a: Kuzko|spe|1\n|turn|11\n|\n|t:|1700680736\n|move|p2a: Heatran|Stealth Rock|p1a: Kuzko\n|-sidestart|p1: uniandes5|move: Stealth Rock\n|move|p1a: Kuzko|Shadow Ball|p2a: Heatran\n|-damage|p2a: Heatran|40\/100\n|\n|-heal|p2a: Heatran|46\/100|[from] item: Leftovers\n|-sideend|p1: uniandes5|move: Light Screen\n|upkeep\n|turn|12\n|\n|t:|1700680739\n|move|p2a: Heatran|Magma Storm|p1a: Kuzko|[miss]\n|-miss|p2a: Heatran|p1a: Kuzko\n|move|p1a: Kuzko|Shadow Ball|p2a: Heatran\n|-damage|p2a: Heatran|25\/100\n|\n|-heal|p2a: Heatran|31\/100|[from] item: Leftovers\n|upkeep\n|turn|13\n|\n|t:|1700680742\n|move|p2a: Heatran|Magma Storm|p1a: Kuzko\n|-supereffective|p1a: Kuzko\n|-damage|p1a: Kuzko|19\/100\n|-activate|p1a: Kuzko|move: Magma Storm|[of] p2a: Heatran\n|move|p1a: Kuzko|Shadow Ball|p2a: Heatran\n|-damage|p2a: Heatran|7\/100\n|-unboost|p2a: Heatran|spd|1\n|\n|-heal|p2a: Heatran|13\/100|[from] item: Leftovers\n|-heal|p1a: Kuzko|25\/100|[from] item: Leftovers\n|-damage|p1a: Kuzko|12\/100|[from] move: Magma Storm|[partiallytrapped]\n|upkeep\n|turn|14\n|\n|t:|1700680746\n|move|p2a: Heatran|Earth Power|p1a: Kuzko\n|-supereffective|p1a: Kuzko\n|-damage|p1a: Kuzko|0 fnt\n|faint|p1a: Kuzko\n|\n|-heal|p2a: Heatran|20\/100|[from] item: Leftovers\n|upkeep\n|\n|t:|1700680750\n|switch|p1a: Rillaboom|Rillaboom, M|100\/100\n|-activate|p1a: Rillaboom|move: Sticky Web\n|-unboost|p1a: Rillaboom|spe|1\n|-damage|p1a: Rillaboom|88\/100|[from] Stealth Rock\n|-fieldstart|move: Grassy Terrain|[from] ability: Grassy Surge|[of] p1a: Rillaboom\n|turn|15\n|\n|t:|1700680756\n|move|p2a: Heatran|Magma Storm|p1a: Rillaboom|[miss]\n|-miss|p2a: Heatran|p1a: Rillaboom\n|move|p1a: Rillaboom|Drain Punch|p2a: Heatran\n|-supereffective|p2a: Heatran\n|-damage|p2a: Heatran|0 fnt\n|-heal|p1a: Rillaboom|97\/100|[from] drain|[of] p2a: Heatran\n|faint|p2a: Heatran\n|-damage|p1a: Rillaboom|87\/100|[from] item: Life Orb\n|\n|-heal|p1a: Rillaboom|94\/100|[from] Grassy Terrain\n|upkeep\n|\n|t:|1700680768\n|switch|p2a: Dragapult|Dragapult, F|100\/100\n|turn|16\n|\n|t:|1700680772\n|move|p2a: Dragapult|Flamethrower|p1a: Rillaboom\n|-supereffective|p1a: Rillaboom\n|-damage|p1a: Rillaboom|9\/100\n|-status|p1a: Rillaboom|brn\n|move|p1a: Rillaboom|Wood Hammer|p2a: Dragapult\n|-resisted|p2a: Dragapult\n|-damage|p2a: Dragapult|59\/100\n|-damage|p1a: Rillaboom|0 fnt|[from] Recoil\n|faint|p1a: Rillaboom\n|\n|-heal|p2a: Dragapult|65\/100|[from] Grassy Terrain\n|upkeep\n|\n|t:|1700680775\n|switch|p1a: Grimmsnarl|Grimmsnarl, M|88\/100\n|-activate|p1a: Grimmsnarl|move: Sticky Web\n|-unboost|p1a: Grimmsnarl|spe|1\n|-damage|p1a: Grimmsnarl|76\/100|[from] Stealth Rock\n|turn|17\n|\n|t:|1700680782\n|move|p2a: Dragapult|Flamethrower|p1a: Grimmsnarl\n|-crit|p1a: Grimmsnarl\n|-damage|p1a: Grimmsnarl|25\/100\n|move|p1a: Grimmsnarl|Spirit Break|p2a: Dragapult\n|-supereffective|p2a: Dragapult\n|-damage|p2a: Dragapult|0 fnt\n|faint|p2a: Dragapult\n|\n|-heal|p1a: Grimmsnarl|31\/100|[from] Grassy Terrain\n|upkeep\n|\n|t:|1700680791\n|switch|p2a: Ogerpon|Ogerpon-Wellspring, F|100\/100\n|turn|18\n|\n|t:|1700680794\n|move|p1a: Grimmsnarl|Reflect|p1a: Grimmsnarl\n|-sidestart|p1: uniandes5|Reflect\n|move|p2a: Ogerpon|Horn Leech|p1a: Grimmsnarl\n|-damage|p1a: Grimmsnarl|0 fnt\n|faint|p1a: Grimmsnarl\n|\n|upkeep\n|\n|t:|1700680806\n|switch|p1a: Haxorus|Haxorus, M|100\/100\n|-activate|p1a: Haxorus|move: Sticky Web\n|-unboost|p1a: Haxorus|spe|1\n|-damage|p1a: Haxorus|88\/100|[from] Stealth Rock\n|-ability|p1a: Haxorus|Mold Breaker\n|turn|19\n|\n|t:|1700680811\n|move|p2a: Ogerpon|Taunt|p1a: Haxorus\n|-start|p1a: Haxorus|move: Taunt\n|cant|p1a: Haxorus|move: Taunt|Dragon Dance\n|\n|-heal|p1a: Haxorus|94\/100|[from] Grassy Terrain\n|-fieldend|move: Grassy Terrain\n|upkeep\n|turn|20\n|-message|uniandes5 forfeited.\n|\n|win|thunderdog_32\n|raw|uniandes5's rating: 1354 &rarr; <strong>1330<\/strong><br \/>(-24 for losing)\n|raw|thunderdog_32's rating: 1287 &rarr; <strong>1317<\/strong><br \/>(+30 for winning)\n|l|\u2606uniandes5\n","uploadtime":1700680818,"views":0,"p1id":"uniandes5","p2id":"thunderdog32","formatid":"gen9ou","rating":1317,"private":0,"password":""}