{"id":"gen9ou-2000508925","p1":"Viggo8000","p2":"tweekfan98","format":"[Gen 9] OU","log":"|j|\u2606Viggo8000\n|j|\u2606tweekfan98\n|t:|1701200749\n|gametype|singles\n|player|p1|Viggo8000|waiter-gen4dp|1077\n|player|p2|tweekfan98|dawn|1125\n|teamsize|p1|6\n|teamsize|p2|6\n|gen|9\n|tier|[Gen 9] OU\n|rated|\n|rule|Sleep Clause Mod: Limit one foe put to sleep\n|rule|Species Clause: Limit one of each Pok\u00e9mon\n|rule|OHKO Clause: OHKO moves are banned\n|rule|Evasion Items Clause: Evasion items are banned\n|rule|Evasion Moves Clause: Evasion moves are banned\n|rule|Endless Battle Clause: Forcing endless battles is banned\n|rule|HP Percentage Mod: HP is shown in percentages\n|clearpoke\n|poke|p1|Alomomola, F|\n|poke|p1|Dragonite, M|\n|poke|p1|Walking Wake|\n|poke|p1|Great Tusk|\n|poke|p1|Corviknight, M|\n|poke|p1|Kingambit, M|\n|poke|p2|Heatran, F|\n|poke|p2|Ogerpon-Wellspring, F|\n|poke|p2|Skeledirge, M|\n|poke|p2|Corviknight, F|\n|poke|p2|Dragapult, M|\n|poke|p2|Samurott-Hisui, M|\n|teampreview\n|\n|t:|1701200761\n|start\n|switch|p1a: Walking Wake|Walking Wake|100\/100\n|switch|p2a: aye aye|Heatran, F, shiny|100\/100\n|-item|p2a: aye aye|Air Balloon\n|-enditem|p1a: Walking Wake|Booster Energy\n|-activate|p1a: Walking Wake|ability: Protosynthesis|[fromitem]\n|-start|p1a: Walking Wake|protosynthesisspe\n|turn|1\n|\n|t:|1701200771\n|switch|p2a: yea|Ogerpon-Wellspring, F|100\/100\n|move|p1a: Walking Wake|Scald|p2a: yea\n|-immune|p2a: yea|[from] ability: Water Absorb\n|\n|upkeep\n|turn|2\n|c|\u2606Viggo8000|grrrr\n|c|\u2606tweekfan98|hehehehaw\n|\n|t:|1701200787\n|-end|p1a: Walking Wake|Protosynthesis|[silent]\n|switch|p1a: Alomomola|Alomomola, F|100\/100\n|move|p2a: yea|Horn Leech|p1a: Alomomola\n|-supereffective|p1a: Alomomola\n|-damage|p1a: Alomomola|53\/100\n|\n|upkeep\n|turn|3\n|c|\u2606Viggo8000|noooo you cant tweak on me\n|\n|t:|1701200802\n|move|p2a: yea|Horn Leech|p1a: Alomomola\n|-supereffective|p1a: Alomomola\n|-crit|p1a: Alomomola\n|-damage|p1a: Alomomola|0 fnt\n|faint|p1a: Alomomola\n|\n|upkeep\n|c|\u2606tweekfan98|damn\n|c|\u2606Viggo8000|crit mattered\n|c|\u2606tweekfan98|it did, you would get 3hkoed without it\n|\n|t:|1701200826\n|switch|p1a: Dragonite|Dragonite, M|100\/100\n|turn|4\n|\n|t:|1701200834\n|move|p1a: Dragonite|Extreme Speed|p2a: yea\n|-damage|p2a: yea|61\/100\n|move|p2a: yea|Taunt|p1a: Dragonite\n|-start|p1a: Dragonite|move: Taunt\n|\n|upkeep\n|turn|5\n|\n|t:|1701200854\n|switch|p2a: dirt|Skeledirge, M|100\/100\n|move|p1a: Dragonite|Fire Punch|p2a: dirt\n|-resisted|p2a: dirt\n|-damage|p2a: dirt|92\/100\n|\n|upkeep\n|turn|6\n|\n|t:|1701200863\n|move|p1a: Dragonite|Earthquake|p2a: dirt\n|-supereffective|p2a: dirt\n|-damage|p2a: dirt|45\/100\n|move|p2a: dirt|Will-O-Wisp|p1a: Dragonite|[miss]\n|-miss|p2a: dirt|p1a: Dragonite\n|\n|upkeep\n|turn|7\n|c|\u2606tweekfan98|ooh boy that really gets my gears grinding\n|\n|t:|1701200877\n|switch|p2a: aye aye|Heatran, F, shiny|100\/100\n|-item|p2a: aye aye|Air Balloon\n|move|p1a: Dragonite|Earthquake|p2a: aye aye\n|-immune|p2a: aye aye\n|\n|-end|p1a: Dragonite|move: Taunt\n|upkeep\n|turn|8\n|c|\u2606Viggo8000|it's a trade for the crit its fair\n|c|\u2606tweekfan98|yea\n|\n|t:|1701200895\n|switch|p1a: Great Tusk|Great Tusk|100\/100\n|-enditem|p1a: Great Tusk|Booster Energy\n|-activate|p1a: Great Tusk|ability: Protosynthesis|[fromitem]\n|-start|p1a: Great Tusk|protosynthesisatk\n|move|p2a: aye aye|Will-O-Wisp|p1a: Great Tusk\n|-status|p1a: Great Tusk|brn\n|\n|-damage|p1a: Great Tusk|94\/100 brn|[from] brn\n|upkeep\n|turn|9\n|c|\u2606Viggo8000|im going to knock off your balloon\n|c|\u2606tweekfan98|great idea\n|\n|t:|1701200914\n|switch|p2a: nah|Corviknight, F, shiny|100\/100\n|-ability|p2a: nah|Pressure\n|move|p1a: Great Tusk|Rapid Spin|p2a: nah\n|-resisted|p2a: nah\n|-damage|p2a: nah|97\/100\n|-boost|p1a: Great Tusk|spe|1\n|-damage|p1a: Great Tusk|78\/100 brn|[from] item: Rocky Helmet|[of] p2a: nah\n|\n|-damage|p1a: Great Tusk|72\/100 brn|[from] brn\n|upkeep\n|turn|10\n|c|\u2606Viggo8000|sorry i lied\n|c|\u2606tweekfan98|i cant believe it\n|\n|t:|1701200928\n|move|p1a: Great Tusk|Knock Off|p2a: nah\n|-crit|p2a: nah\n|-damage|p2a: nah|77\/100\n|-damage|p1a: Great Tusk|55\/100 brn|[from] item: Rocky Helmet|[of] p2a: nah\n|-enditem|p2a: nah|Rocky Helmet|[from] move: Knock Off|[of] p1a: Great Tusk\n|move|p2a: nah|Iron Defense|p2a: nah\n|-boost|p2a: nah|def|2\n|\n|-damage|p1a: Great Tusk|49\/100 brn|[from] brn\n|upkeep\n|turn|11\n|\n|t:|1701200949\n|move|p1a: Great Tusk|Brick Break|p2a: nah\n|-damage|p2a: nah|70\/100\n|move|p2a: nah|Iron Defense|p2a: nah\n|-boost|p2a: nah|def|2\n|\n|-damage|p1a: Great Tusk|43\/100 brn|[from] brn\n|upkeep\n|turn|12\n|c|\u2606tweekfan98|its just physical attackers and then walking wake on ya team\n|c|\u2606Viggo8000|damn im doing great frrr\n|c|\u2606Viggo8000|yes\n|c|\u2606tweekfan98|you get rekt by burnspam\n|c|\u2606Viggo8000|physical attackers are cooler than nerds\n|c|\u2606tweekfan98|hey, just saying\n|\n|t:|1701200981\n|-end|p1a: Great Tusk|Protosynthesis|[silent]\n|switch|p1a: Walking Wake|Walking Wake|100\/100\n|move|p2a: nah|Body Press|p1a: Walking Wake\n|-damage|p1a: Walking Wake|20\/100\n|\n|upkeep\n|turn|13\n|c|\u2606Viggo8000|wait no i was kidding please dont be offended\n|\n|t:|1701200998\n|-terastallize|p2a: nah|Water\n|move|p1a: Walking Wake|Scald|p2a: nah\n|-resisted|p2a: nah\n|-damage|p2a: nah|51\/100\n|move|p2a: nah|Body Press|p1a: Walking Wake\n|-damage|p1a: Walking Wake|0 fnt\n|faint|p1a: Walking Wake\n|-end|p1a: Walking Wake|Protosynthesis|[silent]\n|\n|upkeep\n|\n|t:|1701201008\n|switch|p1a: Dragonite|Dragonite, M|100\/100\n|turn|14\n|\n|t:|1701201015\n|move|p1a: Dragonite|Extreme Speed|p2a: nah\n|-damage|p2a: nah|45\/100\n|move|p2a: nah|Roost|p2a: nah\n|-heal|p2a: nah|95\/100\n|\n|upkeep\n|turn|15\n|c|\u2606tweekfan98|wow so much damage\n|c|\u2606Viggo8000|I better crit rn fr\n|\n|t:|1701201031\n|-terastallize|p1a: Dragonite|Normal\n|move|p1a: Dragonite|Extreme Speed|p2a: nah\n|-damage|p2a: nah|86\/100\n|move|p2a: nah|Iron Defense|p2a: nah\n|-boost|p2a: nah|def|2\n|\n|upkeep\n|turn|16\n|c|\u2606tweekfan98|u can crit fish yea\n|\n|t:|1701201039\n|move|p1a: Dragonite|Extreme Speed|p2a: nah\n|-damage|p2a: nah|78\/100\n|move|p2a: nah|Body Press|p1a: Dragonite\n|-supereffective|p1a: Dragonite\n|-damage|p1a: Dragonite|0 fnt\n|faint|p1a: Dragonite\n|\n|upkeep\n|c|\u2606Viggo8000|damn that was a bad crit\n|\n|t:|1701201053\n|switch|p1a: Corviknight|Corviknight, M|100\/100\n|-ability|p1a: Corviknight|Pressure\n|turn|17\n|\n|t:|1701201061\n|move|p1a: Corviknight|Iron Defense|p1a: Corviknight\n|-boost|p1a: Corviknight|def|2\n|move|p2a: nah|Body Press|p1a: Corviknight\n|-damage|p1a: Corviknight|56\/100\n|\n|-heal|p1a: Corviknight|62\/100|[from] item: Leftovers\n|upkeep\n|turn|18\n|c|\u2606tweekfan98|its too late\n|\n|t:|1701201070\n|move|p1a: Corviknight|Iron Defense|p1a: Corviknight\n|-boost|p1a: Corviknight|def|2\n|move|p2a: nah|Body Press|p1a: Corviknight\n|-damage|p1a: Corviknight|32\/100\n|\n|-heal|p1a: Corviknight|38\/100|[from] item: Leftovers\n|upkeep\n|turn|19\n|c|\u2606Viggo8000|nuh uh\n|\n|t:|1701201079\n|move|p2a: nah|Body Press|p1a: Corviknight\n|-damage|p1a: Corviknight|8\/100\n|move|p1a: Corviknight|Roost|p1a: Corviknight\n|-heal|p1a: Corviknight|58\/100\n|-singleturn|p1a: Corviknight|move: Roost\n|\n|-heal|p1a: Corviknight|65\/100|[from] item: Leftovers\n|upkeep\n|turn|20\n|\n|t:|1701201089\n|move|p2a: nah|Body Press|p1a: Corviknight\n|-damage|p1a: Corviknight|35\/100\n|move|p1a: Corviknight|Iron Defense|p1a: Corviknight\n|-boost|p1a: Corviknight|def|2\n|\n|-heal|p1a: Corviknight|41\/100|[from] item: Leftovers\n|upkeep\n|turn|21\n|c|\u2606tweekfan98|actually yea you out pp me\n|\n|t:|1701201101\n|move|p1a: Corviknight|Roost|p1a: Corviknight\n|-heal|p1a: Corviknight|91\/100\n|-singleturn|p1a: Corviknight|move: Roost\n|move|p2a: nah|Body Press|p1a: Corviknight\n|-supereffective|p1a: Corviknight\n|-damage|p1a: Corviknight|45\/100\n|\n|-heal|p1a: Corviknight|52\/100|[from] item: Leftovers\n|upkeep\n|turn|22\n|\n|t:|1701201109\n|move|p1a: Corviknight|Body Press|p2a: nah\n|-damage|p2a: nah|66\/100\n|move|p2a: nah|Body Press|p1a: Corviknight\n|-damage|p1a: Corviknight|31\/100\n|\n|-heal|p1a: Corviknight|37\/100|[from] item: Leftovers\n|upkeep\n|turn|23\n|\n|t:|1701201121\n|move|p1a: Corviknight|Body Press|p2a: nah\n|-damage|p2a: nah|54\/100\n|move|p2a: nah|Body Press|p1a: Corviknight\n|-damage|p1a: Corviknight|15\/100\n|\n|-heal|p1a: Corviknight|21\/100|[from] item: Leftovers\n|upkeep\n|turn|24\n|c|\u2606tweekfan98|in the hole\n|c|\u2606tweekfan98|ok byeee\n|\n|t:|1701201132\n|switch|p2a: dirt|Skeledirge, M|45\/100\n|move|p1a: Corviknight|Roost|p1a: Corviknight\n|-heal|p1a: Corviknight|71\/100\n|-singleturn|p1a: Corviknight|move: Roost\n|\n|-heal|p1a: Corviknight|78\/100|[from] item: Leftovers\n|upkeep\n|turn|25\n|c|\u2606Viggo8000|gg\n|c|\u2606tweekfan98|?\n|\n|t:|1701201142\n|switch|p1a: Great Tusk|Great Tusk|43\/100 brn\n|move|p2a: dirt|Slack Off|p2a: dirt\n|-heal|p2a: dirt|95\/100\n|\n|-damage|p1a: Great Tusk|37\/100 brn|[from] brn\n|upkeep\n|turn|26\n|c|\u2606Viggo8000|i cant do shit\n|c|\u2606tweekfan98|oh yea\n|c|\u2606tweekfan98|lol\n|\n|t:|1701201152\n|move|p1a: Great Tusk|Knock Off|p2a: dirt\n|-supereffective|p2a: dirt\n|-damage|p2a: dirt|73\/100\n|-enditem|p2a: dirt|Heavy-Duty Boots|[from] move: Knock Off|[of] p1a: Great Tusk\n|move|p2a: dirt|Torch Song|p1a: Great Tusk\n|-damage|p1a: Great Tusk|0 fnt\n|-boost|p2a: dirt|spa|1\n|faint|p1a: Great Tusk\n|-end|p1a: Great Tusk|Protosynthesis|[silent]\n|\n|upkeep\n|c|\u2606tweekfan98|this does like 20\n|\n|t:|1701201162\n|switch|p1a: Kingambit|Kingambit, M|100\/100\n|-activate|p1a: Kingambit|ability: Supreme Overlord\n|-start|p1a: Kingambit|fallen4|[silent]\n|turn|27\n|c|\u2606Viggo8000|he can do it\n|\n|t:|1701201172\n|move|p2a: dirt|Will-O-Wisp|p1a: Kingambit|[miss]\n|-miss|p2a: dirt|p1a: Kingambit\n|move|p1a: Kingambit|Kowtow Cleave|p2a: dirt\n|-supereffective|p2a: dirt\n|-damage|p2a: dirt|0 fnt\n|faint|p2a: dirt\n|-damage|p1a: Kingambit|91\/100|[from] item: Life Orb\n|\n|upkeep\n|c|\u2606tweekfan98|damn\n|\n|t:|1701201180\n|switch|p2a: aye aye|Heatran, F, shiny|100\/100\n|-item|p2a: aye aye|Air Balloon\n|turn|28\n|c|\u2606tweekfan98|ill do it again\n|\n|t:|1701201189\n|-end|p1a: Kingambit|fallen4|[silent]\n|switch|p1a: Corviknight|Corviknight, M|78\/100\n|-ability|p1a: Corviknight|Pressure\n|move|p2a: aye aye|Will-O-Wisp|p1a: Corviknight\n|-status|p1a: Corviknight|brn\n|\n|-heal|p1a: Corviknight|84\/100 brn|[from] item: Leftovers\n|-damage|p1a: Corviknight|78\/100 brn|[from] brn\n|upkeep\n|turn|29\n|c|\u2606Viggo8000|nuh uh\n|c|\u2606tweekfan98|roll the dice\n|c|\u2606tweekfan98|do i get magma storm\n|c|\u2606tweekfan98|y\/n\n|\n|t:|1701201207\n|move|p2a: aye aye|Magma Storm|p1a: Corviknight\n|-supereffective|p1a: Corviknight\n|-damage|p1a: Corviknight|14\/100 brn\n|-activate|p1a: Corviknight|move: Magma Storm|[of] p2a: aye aye\n|move|p1a: Corviknight|Body Press|p2a: aye aye\n|-supereffective|p2a: aye aye\n|-damage|p2a: aye aye|86\/100\n|-enditem|p2a: aye aye|Air Balloon\n|\n|-heal|p1a: Corviknight|20\/100 brn|[from] item: Leftovers\n|-damage|p1a: Corviknight|14\/100 brn|[from] brn\n|-damage|p1a: Corviknight|2\/100 brn|[from] move: Magma Storm|[partiallytrapped]\n|upkeep\n|turn|30\n|c|\u2606tweekfan98|letes gooo\n|\n|t:|1701201221\n|move|p2a: aye aye|Magma Storm|p1a: Corviknight|[miss]\n|-miss|p2a: aye aye|p1a: Corviknight\n|move|p1a: Corviknight|Roost|p1a: Corviknight\n|-heal|p1a: Corviknight|52\/100 brn\n|-singleturn|p1a: Corviknight|move: Roost\n|\n|-heal|p1a: Corviknight|58\/100 brn|[from] item: Leftovers\n|-damage|p1a: Corviknight|52\/100 brn|[from] brn\n|-damage|p1a: Corviknight|39\/100 brn|[from] move: Magma Storm|[partiallytrapped]\n|upkeep\n|turn|31\n|c|\u2606Viggo8000|rude\n|\n|t:|1701201232\n|move|p2a: aye aye|Magma Storm|p1a: Corviknight\n|-supereffective|p1a: Corviknight\n|-damage|p1a: Corviknight|0 fnt\n|faint|p1a: Corviknight\n|\n|upkeep\n|\n|t:|1701201237\n|switch|p1a: Kingambit|Kingambit, M|91\/100\n|-activate|p1a: Kingambit|ability: Supreme Overlord\n|-start|p1a: Kingambit|fallen5|[silent]\n|turn|32\n|c|\u2606tweekfan98|ok its over now\n|c|\u2606tweekfan98|unless low kick lol\n|\n|t:|1701201247\n|move|p1a: Kingambit|Sucker Punch||[still]\n|-fail|p1a: Kingambit\n|move|p2a: aye aye|Will-O-Wisp|p1a: Kingambit\n|-status|p1a: Kingambit|brn\n|\n|-damage|p1a: Kingambit|84\/100 brn|[from] brn\n|upkeep\n|turn|33\n|c|\u2606tweekfan98|low kick doesnt kill either tho\n|c|\u2606Viggo8000|cant do it\n|\n|t:|1701201262\n|switch|p2a: no|Samurott-Hisui, M|100\/100\n|move|p1a: Kingambit|Kowtow Cleave|p2a: no\n|-resisted|p2a: no\n|-damage|p2a: no|72\/100\n|-damage|p1a: Kingambit|75\/100 brn|[from] item: Life Orb\n|\n|-damage|p1a: Kingambit|68\/100 brn|[from] brn\n|upkeep\n|turn|34\n|c|\u2606tweekfan98|this is the highest damage i can do to you i think\n|c|\u2606Viggo8000|i failed to en passant\n|\n|t:|1701201280\n|move|p2a: no|Sacred Sword|p1a: Kingambit\n|-supereffective|p1a: Kingambit\n|-damage|p1a: Kingambit|0 fnt\n|faint|p1a: Kingambit\n|-end|p1a: Kingambit|fallen5|[silent]\n|\n|win|tweekfan98\n|raw|Viggo8000's rating: 1077 &rarr; <strong>1058<\/strong><br \/>(-19 for losing)\n|raw|tweekfan98's rating: 1125 &rarr; <strong>1147<\/strong><br \/>(+22 for winning)\n|c|\u2606tweekfan98|mhm\n|c|\u2606Viggo8000|gg!\n|l|\u2606Viggo8000\n|c|\u2606tweekfan98|gg\n","uploadtime":1701201298,"views":2,"p1id":"viggo8000","p2id":"tweekfan98","formatid":"gen9ou","rating":1058,"private":0,"password":""}