{"id":"gen9ou-1991063919","p1":"snakadactyl","p2":"Pope Temporal","format":"[Gen 9] OU","log":"|j|\u2606snakadactyl\n|j|\u2606Pope Temporal\n|t:|1700037037\n|gametype|singles\n|player|p1|snakadactyl|clair|1400\n|player|p2|Pope Temporal|cynthia-gen4|1448\n|teamsize|p1|6\n|teamsize|p2|6\n|gen|9\n|tier|[Gen 9] OU\n|rated|\n|rule|Sleep Clause Mod: Limit one foe put to sleep\n|rule|Species Clause: Limit one of each Pok\u00e9mon\n|rule|OHKO Clause: OHKO moves are banned\n|rule|Evasion Items Clause: Evasion items are banned\n|rule|Evasion Moves Clause: Evasion moves are banned\n|rule|Endless Battle Clause: Forcing endless battles is banned\n|rule|HP Percentage Mod: HP is shown in percentages\n|clearpoke\n|poke|p1|Golem-Alola, M|\n|poke|p1|Lilligant-Hisui, F|\n|poke|p1|Vikavolt, M|\n|poke|p1|Diancie|\n|poke|p1|Hawlucha, F|\n|poke|p1|Weezing-Galar, F|\n|poke|p2|Iron Valiant|\n|poke|p2|Manaphy|\n|poke|p2|Enamorus, F|\n|poke|p2|Iron Treads|\n|poke|p2|Slowking-Galar, F|\n|poke|p2|Garganacl, F|\n|teampreview\n|inactive|Battle timer is ON: inactive players will automatically lose when time's up. (requested by Pope Temporal)\n|\n|t:|1700037045\n|start\n|switch|p1a: Hawlucha|Hawlucha, F|100\/100\n|switch|p2a: Garganacl|Garganacl, F, shiny|100\/100\n|turn|1\n|\n|t:|1700037049\n|move|p1a: Hawlucha|Mean Look|p2a: Garganacl\n|-activate|p2a: Garganacl|trapped\n|move|p2a: Garganacl|Iron Defense|p2a: Garganacl\n|-boost|p2a: Garganacl|def|2\n|\n|upkeep\n|turn|2\n|\n|t:|1700037052\n|move|p1a: Hawlucha|Encore|p2a: Garganacl\n|-start|p2a: Garganacl|Encore\n|move|p2a: Garganacl|Iron Defense|p2a: Garganacl\n|-boost|p2a: Garganacl|def|2\n|\n|upkeep\n|turn|3\n|\n|t:|1700037055\n|move|p1a: Hawlucha|Bulk Up|p1a: Hawlucha\n|-boost|p1a: Hawlucha|atk|1\n|-boost|p1a: Hawlucha|def|1\n|move|p2a: Garganacl|Iron Defense|p2a: Garganacl\n|-boost|p2a: Garganacl|def|2\n|\n|upkeep\n|turn|4\n|\n|t:|1700037057\n|move|p1a: Hawlucha|Bulk Up|p1a: Hawlucha\n|-boost|p1a: Hawlucha|atk|1\n|-boost|p1a: Hawlucha|def|1\n|move|p2a: Garganacl|Iron Defense|p2a: Garganacl\n|-boost|p2a: Garganacl|def|0\n|\n|-end|p2a: Garganacl|Encore\n|upkeep\n|turn|5\n|\n|t:|1700037061\n|move|p1a: Hawlucha|Encore|p2a: Garganacl\n|-start|p2a: Garganacl|Encore\n|move|p2a: Garganacl|Iron Defense|p2a: Garganacl\n|-boost|p2a: Garganacl|def|0\n|\n|upkeep\n|turn|6\n|\n|t:|1700037063\n|move|p1a: Hawlucha|Bulk Up|p1a: Hawlucha\n|-boost|p1a: Hawlucha|atk|1\n|-boost|p1a: Hawlucha|def|1\n|move|p2a: Garganacl|Iron Defense|p2a: Garganacl\n|-boost|p2a: Garganacl|def|0\n|\n|upkeep\n|turn|7\n|\n|t:|1700037066\n|move|p1a: Hawlucha|Bulk Up|p1a: Hawlucha\n|-boost|p1a: Hawlucha|atk|1\n|-boost|p1a: Hawlucha|def|1\n|move|p2a: Garganacl|Iron Defense|p2a: Garganacl\n|-boost|p2a: Garganacl|def|0\n|\n|-end|p2a: Garganacl|Encore\n|upkeep\n|turn|8\n|\n|t:|1700037069\n|move|p1a: Hawlucha|Encore|p2a: Garganacl\n|-start|p2a: Garganacl|Encore\n|move|p2a: Garganacl|Iron Defense|p2a: Garganacl\n|-boost|p2a: Garganacl|def|0\n|\n|upkeep\n|turn|9\n|\n|t:|1700037071\n|move|p1a: Hawlucha|Bulk Up|p1a: Hawlucha\n|-boost|p1a: Hawlucha|atk|1\n|-boost|p1a: Hawlucha|def|1\n|move|p2a: Garganacl|Iron Defense|p2a: Garganacl\n|-boost|p2a: Garganacl|def|0\n|\n|upkeep\n|turn|10\n|\n|t:|1700037073\n|move|p1a: Hawlucha|Bulk Up|p1a: Hawlucha\n|-boost|p1a: Hawlucha|atk|1\n|-boost|p1a: Hawlucha|def|1\n|move|p2a: Garganacl|Iron Defense|p2a: Garganacl\n|-boost|p2a: Garganacl|def|0\n|\n|-end|p2a: Garganacl|Encore\n|upkeep\n|turn|11\n|\n|t:|1700037079\n|move|p1a: Hawlucha|Encore|p2a: Garganacl\n|-start|p2a: Garganacl|Encore\n|move|p2a: Garganacl|Iron Defense|p2a: Garganacl\n|-boost|p2a: Garganacl|def|0\n|\n|upkeep\n|turn|12\n|\n|t:|1700037083\n|move|p1a: Hawlucha|Encore||[still]\n|-fail|p1a: Hawlucha\n|move|p2a: Garganacl|Iron Defense|p2a: Garganacl\n|-boost|p2a: Garganacl|def|0\n|\n|upkeep\n|turn|13\n|\n|t:|1700037086\n|move|p1a: Hawlucha|Acrobatics|p2a: Garganacl\n|-resisted|p2a: Garganacl\n|-damage|p2a: Garganacl|92\/100\n|move|p2a: Garganacl|Iron Defense|p2a: Garganacl\n|-boost|p2a: Garganacl|def|0\n|\n|-heal|p2a: Garganacl|99\/100|[from] item: Leftovers\n|-end|p2a: Garganacl|Encore\n|upkeep\n|turn|14\n|\n|t:|1700037089\n|move|p1a: Hawlucha|Encore|p2a: Garganacl\n|-start|p2a: Garganacl|Encore\n|move|p2a: Garganacl|Iron Defense|p2a: Garganacl\n|-boost|p2a: Garganacl|def|0\n|\n|-heal|p2a: Garganacl|100\/100|[from] item: Leftovers\n|upkeep\n|turn|15\n|\n|t:|1700037091\n|move|p1a: Hawlucha|Acrobatics|p2a: Garganacl\n|-resisted|p2a: Garganacl\n|-damage|p2a: Garganacl|92\/100\n|move|p2a: Garganacl|Iron Defense|p2a: Garganacl\n|-boost|p2a: Garganacl|def|0\n|\n|-heal|p2a: Garganacl|99\/100|[from] item: Leftovers\n|upkeep\n|turn|16\n|\n|t:|1700037094\n|move|p1a: Hawlucha|Encore||[still]\n|-fail|p1a: Hawlucha\n|move|p2a: Garganacl|Iron Defense|p2a: Garganacl\n|-boost|p2a: Garganacl|def|0\n|\n|-heal|p2a: Garganacl|100\/100|[from] item: Leftovers\n|-end|p2a: Garganacl|Encore\n|upkeep\n|turn|17\n|\n|t:|1700037097\n|move|p1a: Hawlucha|Encore|p2a: Garganacl\n|-start|p2a: Garganacl|Encore\n|-enditem|p1a: Hawlucha|Leppa Berry|[eat]\n|-activate|p1a: Hawlucha|item: Leppa Berry|Encore|[consumed]\n|move|p2a: Garganacl|Iron Defense|p2a: Garganacl\n|-boost|p2a: Garganacl|def|0\n|\n|upkeep\n|turn|18\n|\n|t:|1700037099\n|move|p1a: Hawlucha|Acrobatics|p2a: Garganacl\n|-resisted|p2a: Garganacl\n|-damage|p2a: Garganacl|86\/100\n|move|p2a: Garganacl|Iron Defense|p2a: Garganacl\n|-boost|p2a: Garganacl|def|0\n|\n|-heal|p2a: Garganacl|92\/100|[from] item: Leftovers\n|upkeep\n|turn|19\n|\n|t:|1700037103\n|move|p1a: Hawlucha|Acrobatics|p2a: Garganacl\n|-resisted|p2a: Garganacl\n|-damage|p2a: Garganacl|77\/100\n|move|p2a: Garganacl|Iron Defense|p2a: Garganacl\n|-boost|p2a: Garganacl|def|0\n|\n|-heal|p2a: Garganacl|83\/100|[from] item: Leftovers\n|-end|p2a: Garganacl|Encore\n|upkeep\n|turn|20\n|\n|t:|1700037107\n|move|p1a: Hawlucha|Encore|p2a: Garganacl\n|-start|p2a: Garganacl|Encore\n|move|p2a: Garganacl|Iron Defense|p2a: Garganacl\n|-boost|p2a: Garganacl|def|0\n|\n|-heal|p2a: Garganacl|89\/100|[from] item: Leftovers\n|upkeep\n|turn|21\n|\n|t:|1700037117\n|-terastallize|p1a: Hawlucha|Flying\n|move|p1a: Hawlucha|Acrobatics|p2a: Garganacl\n|-resisted|p2a: Garganacl\n|-damage|p2a: Garganacl|69\/100\n|move|p2a: Garganacl|Iron Defense|p2a: Garganacl\n|-boost|p2a: Garganacl|def|0\n|\n|-heal|p2a: Garganacl|75\/100|[from] item: Leftovers\n|upkeep\n|turn|22\n|\n|t:|1700037122\n|move|p1a: Hawlucha|Acrobatics|p2a: Garganacl\n|-resisted|p2a: Garganacl\n|-damage|p2a: Garganacl|53\/100\n|move|p2a: Garganacl|Iron Defense|p2a: Garganacl\n|-boost|p2a: Garganacl|def|0\n|\n|-heal|p2a: Garganacl|60\/100|[from] item: Leftovers\n|-end|p2a: Garganacl|Encore\n|upkeep\n|turn|23\n|\n|t:|1700037125\n|move|p1a: Hawlucha|Encore|p2a: Garganacl\n|-start|p2a: Garganacl|Encore\n|move|p2a: Garganacl|Iron Defense|p2a: Garganacl\n|-boost|p2a: Garganacl|def|0\n|\n|-heal|p2a: Garganacl|66\/100|[from] item: Leftovers\n|upkeep\n|turn|24\n|\n|t:|1700037127\n|move|p1a: Hawlucha|Acrobatics|p2a: Garganacl\n|-resisted|p2a: Garganacl\n|-damage|p2a: Garganacl|46\/100\n|move|p2a: Garganacl|Iron Defense|p2a: Garganacl\n|-boost|p2a: Garganacl|def|0\n|\n|-heal|p2a: Garganacl|52\/100|[from] item: Leftovers\n|-end|p2a: Garganacl|Encore\n|upkeep\n|turn|25\n|\n|t:|1700037131\n|move|p1a: Hawlucha|Acrobatics|p2a: Garganacl\n|-resisted|p2a: Garganacl\n|-damage|p2a: Garganacl|31\/100\n|move|p2a: Garganacl|Recover|p2a: Garganacl\n|-heal|p2a: Garganacl|81\/100\n|\n|-heal|p2a: Garganacl|88\/100|[from] item: Leftovers\n|upkeep\n|turn|26\n|\n|t:|1700037134\n|move|p1a: Hawlucha|Encore|p2a: Garganacl\n|-start|p2a: Garganacl|Encore\n|move|p2a: Garganacl|Recover|p2a: Garganacl\n|-heal|p2a: Garganacl|100\/100\n|\n|upkeep\n|turn|27\n|\n|t:|1700037139\n|move|p1a: Hawlucha|Acrobatics|p2a: Garganacl\n|-resisted|p2a: Garganacl\n|-damage|p2a: Garganacl|81\/100\n|move|p2a: Garganacl|Recover|p2a: Garganacl\n|-heal|p2a: Garganacl|100\/100\n|\n|upkeep\n|turn|28\n|\n|t:|1700037144\n|move|p1a: Hawlucha|Acrobatics|p2a: Garganacl\n|-resisted|p2a: Garganacl\n|-damage|p2a: Garganacl|78\/100\n|move|p2a: Garganacl|Recover|p2a: Garganacl\n|-heal|p2a: Garganacl|100\/100\n|\n|-end|p2a: Garganacl|Encore\n|upkeep\n|turn|29\n|\n|t:|1700037147\n|move|p1a: Hawlucha|Encore|p2a: Garganacl\n|-start|p2a: Garganacl|Encore\n|move|p2a: Garganacl|Recover||[still]\n|-fail|p2a: Garganacl|heal\n|\n|upkeep\n|turn|30\n|\n|t:|1700037149\n|move|p1a: Hawlucha|Acrobatics|p2a: Garganacl\n|-resisted|p2a: Garganacl\n|-damage|p2a: Garganacl|82\/100\n|move|p2a: Garganacl|Recover|p2a: Garganacl\n|-heal|p2a: Garganacl|100\/100\n|\n|upkeep\n|turn|31\n|\n|t:|1700037151\n|move|p1a: Hawlucha|Acrobatics|p2a: Garganacl\n|-resisted|p2a: Garganacl\n|-damage|p2a: Garganacl|81\/100\n|move|p2a: Garganacl|Recover|p2a: Garganacl\n|-heal|p2a: Garganacl|100\/100\n|\n|-end|p2a: Garganacl|Encore\n|upkeep\n|turn|32\n|\n|t:|1700037155\n|move|p1a: Hawlucha|Encore|p2a: Garganacl\n|-start|p2a: Garganacl|Encore\n|move|p2a: Garganacl|Recover||[still]\n|-fail|p2a: Garganacl|heal\n|\n|-end|p2a: Garganacl|Encore\n|upkeep\n|turn|33\n|\n|t:|1700037160\n|move|p1a: Hawlucha|Mean Look||[still]\n|-fail|p1a: Hawlucha\n|move|p2a: Garganacl|Salt Cure|p1a: Hawlucha\n|-supereffective|p1a: Hawlucha\n|-damage|p1a: Hawlucha|90\/100\n|-start|p1a: Hawlucha|Salt Cure\n|\n|-damage|p1a: Hawlucha|77\/100|[from] Salt Cure\n|upkeep\n|turn|34\n|\n|t:|1700037163\n|move|p1a: Hawlucha|Encore|p2a: Garganacl\n|-start|p2a: Garganacl|Encore\n|move|p2a: Garganacl|Salt Cure|p1a: Hawlucha\n|-supereffective|p1a: Hawlucha\n|-damage|p1a: Hawlucha|67\/100\n|\n|-damage|p1a: Hawlucha|55\/100|[from] Salt Cure\n|upkeep\n|turn|35\n|\n|t:|1700037168\n|move|p1a: Hawlucha|Encore||[still]\n|-fail|p1a: Hawlucha\n|move|p2a: Garganacl|Salt Cure|p1a: Hawlucha\n|-supereffective|p1a: Hawlucha\n|-damage|p1a: Hawlucha|44\/100\n|\n|-damage|p1a: Hawlucha|32\/100|[from] Salt Cure\n|upkeep\n|turn|36\n|\n|t:|1700037172\n|move|p1a: Hawlucha|Encore||[still]\n|-fail|p1a: Hawlucha\n|move|p2a: Garganacl|Salt Cure|p1a: Hawlucha\n|-supereffective|p1a: Hawlucha\n|-damage|p1a: Hawlucha|22\/100\n|\n|-damage|p1a: Hawlucha|9\/100|[from] Salt Cure\n|-end|p2a: Garganacl|Encore\n|upkeep\n|turn|37\n|-message|snakadactyl forfeited.\n|\n|win|Pope Temporal\n|raw|snakadactyl's rating: 1374 &rarr; <strong>1358<\/strong><br \/>(-16 for losing)\n|raw|Pope Temporal's rating: 1448 &rarr; <strong>1464<\/strong><br \/>(+16 for winning)\n|l|\u2606snakadactyl\n","uploadtime":1700037185,"views":8,"p1id":"snakadactyl","p2id":"popetemporal","formatid":"gen9ou","rating":1358,"private":0,"password":""}