{"id":"gen9ou-1994550971","p1":"WizzardEck","p2":"Simpleton 2","format":"[Gen 9] OU","log":"|j|\u2606WizzardEck\n|j|\u2606Simpleton 2\n|t:|1700458405\n|gametype|singles\n|player|p1|WizzardEck|cameraman|1027\n|player|p2|Simpleton 2|hilbert|1036\n|teamsize|p1|6\n|teamsize|p2|6\n|gen|9\n|tier|[Gen 9] OU\n|rated|\n|rule|Sleep Clause Mod: Limit one foe put to sleep\n|rule|Species Clause: Limit one of each Pok\u00e9mon\n|rule|OHKO Clause: OHKO moves are banned\n|rule|Evasion Items Clause: Evasion items are banned\n|rule|Evasion Moves Clause: Evasion moves are banned\n|rule|Endless Battle Clause: Forcing endless battles is banned\n|rule|HP Percentage Mod: HP is shown in percentages\n|clearpoke\n|poke|p1|Diancie|\n|poke|p1|Mew|\n|poke|p1|Thundurus-Therian, M|\n|poke|p1|Meowscarada, F|\n|poke|p1|Mienshao, F|\n|poke|p1|Grafaiai, F|\n|poke|p2|Numel, M|\n|poke|p2|Ribombee, F|\n|poke|p2|Ting-Lu|\n|poke|p2|Ninetales-Alola, F|\n|poke|p2|Gholdengo|\n|poke|p2|Clefable, F|\n|teampreview\n|\n|t:|1700458426\n|start\n|switch|p1a: d7|Grafaiai, F|100\/100\n|switch|p2a: Ribombee|Ribombee, F|100\/100\n|turn|1\n|\n|t:|1700458434\n|move|p2a: Ribombee|Sticky Web|p1a: d7\n|-sidestart|p1: WizzardEck|move: Sticky Web\n|move|p1a: d7|Gunk Shot|p2a: Ribombee\n|-supereffective|p2a: Ribombee\n|-enditem|p2a: Ribombee|Focus Sash\n|-damage|p2a: Ribombee|1\/100\n|\n|upkeep\n|turn|2\n|\n|t:|1700458439\n|move|p1a: d7|Metronome|p1a: d7\n|move|p1a: d7|Dark Pulse|p2a: Ribombee|[from]move: Metronome\n|-resisted|p2a: Ribombee\n|-damage|p2a: Ribombee|0 fnt\n|faint|p2a: Ribombee\n|\n|upkeep\n|\n|t:|1700458449\n|switch|p2a: Ting-Lu|Ting-Lu|100\/100\n|-ability|p2a: Ting-Lu|Vessel of Ruin\n|turn|3\n|\n|t:|1700458455\n|move|p1a: d7|Gunk Shot|p2a: Ting-Lu|[miss]\n|-miss|p1a: d7|p2a: Ting-Lu\n|move|p2a: Ting-Lu|Stealth Rock|p1a: d7\n|-sidestart|p1: WizzardEck|move: Stealth Rock\n|\n|upkeep\n|turn|4\n|\n|t:|1700458464\n|move|p1a: d7|Gunk Shot|p2a: Ting-Lu\n|-resisted|p2a: Ting-Lu\n|-damage|p2a: Ting-Lu|91\/100\n|-status|p2a: Ting-Lu|psn\n|move|p2a: Ting-Lu|Earthquake|p1a: d7\n|-supereffective|p1a: d7\n|-damage|p1a: d7|0 fnt\n|faint|p1a: d7\n|\n|-heal|p2a: Ting-Lu|97\/100 psn|[from] item: Leftovers\n|-damage|p2a: Ting-Lu|84\/100 psn|[from] psn\n|upkeep\n|\n|t:|1700458473\n|switch|p1a: d6|Meowscarada, F|100\/100\n|-activate|p1a: d6|move: Sticky Web\n|-unboost|p1a: d6|spe|1\n|-damage|p1a: d6|88\/100|[from] Stealth Rock\n|turn|5\n|\n|t:|1700458486\n|move|p1a: d6|Flower Trick|p2a: Ting-Lu\n|-start|p1a: d6|typechange|Grass|[from] ability: Protean\n|-supereffective|p2a: Ting-Lu\n|-crit|p2a: Ting-Lu\n|-damage|p2a: Ting-Lu|38\/100 psn\n|move|p2a: Ting-Lu|Memento|p1a: d6\n|-unboost|p1a: d6|atk|2\n|-unboost|p1a: d6|spa|2\n|faint|p2a: Ting-Lu\n|\n|upkeep\n|\n|t:|1700458495\n|switch|p2a: Ninetales|Ninetales-Alola, F|100\/100\n|-weather|Snow|[from] ability: Snow Warning|[of] p2a: Ninetales\n|turn|6\n|\n|t:|1700458502\n|switch|p1a: d100|Mew|100\/100\n|-activate|p1a: d100|move: Sticky Web\n|-unboost|p1a: d100|spe|1\n|-damage|p1a: d100|88\/100|[from] Stealth Rock\n|move|p2a: Ninetales|Aurora Veil|p2a: Ninetales\n|-sidestart|p2: Simpleton 2|move: Aurora Veil\n|\n|-weather|Snow|[upkeep]\n|upkeep\n|turn|7\n|\n|t:|1700458521\n|switch|p2a: Gholdengo|Gholdengo|100\/100\n|move|p1a: d100|Zen Headbutt|p2a: Gholdengo\n|-resisted|p2a: Gholdengo\n|-crit|p2a: Gholdengo\n|-damage|p2a: Gholdengo|77\/100\n|\n|-weather|Snow|[upkeep]\n|upkeep\n|turn|8\n|\n|t:|1700458528\n|move|p2a: Gholdengo|Thunder Wave|p1a: d100\n|-status|p1a: d100|par\n|-activate|p1a: d100|ability: Synchronize\n|-status|p2a: Gholdengo|par\n|move|p1a: d100|Zen Headbutt|p2a: Gholdengo|[miss]\n|-miss|p1a: d100|p2a: Gholdengo\n|\n|-weather|Snow|[upkeep]\n|upkeep\n|turn|9\n|\n|t:|1700458540\n|switch|p2a: Clefable|Clefable, F|100\/100\n|switch|p1a: d12|Thundurus-Therian, M, shiny|100\/100\n|-damage|p1a: d12|76\/100|[from] Stealth Rock\n|\n|-weather|Snow|[upkeep]\n|upkeep\n|turn|10\n|\n|t:|1700458559\n|move|p1a: d12|Weather Ball|p2a: Clefable\n|-damage|p2a: Clefable|84\/100\n|-enditem|p2a: Clefable|Red Card|[of] p1a: d12\n|drag|p1a: d6|Meowscarada, F|88\/100\n|-activate|p1a: d6|move: Sticky Web\n|-unboost|p1a: d6|spe|1\n|-damage|p1a: d6|76\/100|[from] Stealth Rock\n|move|p2a: Clefable|Thunder Wave|p1a: d6|[miss]\n|-miss|p2a: Clefable|p1a: d6\n|\n|-weather|none\n|upkeep\n|turn|11\n|\n|t:|1700458571\n|move|p1a: d6|Shadow Claw|p2a: Clefable\n|-start|p1a: d6|typechange|Ghost|[from] ability: Protean\n|-damage|p2a: Clefable|72\/100\n|move|p2a: Clefable|Thunder Wave|p1a: d6|[miss]\n|-miss|p2a: Clefable|p1a: d6\n|\n|upkeep\n|turn|12\n|\n|t:|1700458579\n|move|p1a: d6|Shadow Claw|p2a: Clefable\n|-damage|p2a: Clefable|60\/100\n|move|p2a: Clefable|Thunder Wave|p1a: d6\n|-status|p1a: d6|par\n|\n|upkeep\n|turn|13\n|\n|t:|1700458588\n|move|p1a: d6|Shadow Claw|p2a: Clefable\n|-damage|p2a: Clefable|47\/100\n|move|p2a: Clefable|Knock Off|p1a: d6\n|-supereffective|p1a: d6\n|-damage|p1a: d6|21\/100 par\n|-enditem|p1a: d6|Choice Scarf|[from] move: Knock Off|[of] p2a: Clefable\n|\n|-sideend|p2: Simpleton 2|move: Aurora Veil\n|upkeep\n|turn|14\n|\n|t:|1700458599\n|move|p2a: Clefable|Moonlight|p2a: Clefable\n|-heal|p2a: Clefable|97\/100\n|move|p1a: d6|Play Rough|p2a: Clefable\n|-damage|p2a: Clefable|74\/100\n|\n|upkeep\n|turn|15\n|\n|t:|1700458605\n|move|p2a: Clefable|Encore|p1a: d6\n|-start|p1a: d6|Encore\n|move|p1a: d6|Play Rough|p2a: Clefable\n|-damage|p2a: Clefable|54\/100\n|\n|upkeep\n|turn|16\n|\n|t:|1700458615\n|switch|p2a: Ninetales|Ninetales-Alola, F|100\/100\n|-weather|Snow|[from] ability: Snow Warning|[of] p2a: Ninetales\n|cant|p1a: d6|par\n|\n|-weather|Snow|[upkeep]\n|upkeep\n|turn|17\n|\n|t:|1700458621\n|move|p2a: Ninetales|Aurora Veil|p2a: Ninetales\n|-sidestart|p2: Simpleton 2|move: Aurora Veil\n|move|p1a: d6|Play Rough|p2a: Ninetales\n|-damage|p2a: Ninetales|81\/100\n|\n|-weather|Snow|[upkeep]\n|-end|p1a: d6|Encore\n|upkeep\n|turn|18\n|\n|t:|1700458667\n|switch|p2a: Numel|Numel, M|100\/100\n|cant|p1a: d6|par\n|\n|-weather|Snow|[upkeep]\n|upkeep\n|turn|19\n|\n|t:|1700458672\n|cant|p1a: d6|par\n|move|p2a: Numel|Stockpile|p2a: Numel\n|-start|p2a: Numel|stockpile1\n|-boost|p2a: Numel|def|2\n|-boost|p2a: Numel|spd|2\n|\n|-weather|Snow|[upkeep]\n|upkeep\n|turn|20\n|\n|t:|1700458676\n|move|p1a: d6|Shadow Claw|p2a: Numel\n|-damage|p2a: Numel|92\/100\n|move|p2a: Numel|Flame Charge|p1a: d6\n|-damage|p1a: d6|5\/100 par\n|-boost|p2a: Numel|spe|2\n|\n|-weather|none\n|upkeep\n|turn|21\n|\n|t:|1700458680\n|move|p2a: Numel|Stockpile|p2a: Numel\n|-start|p2a: Numel|stockpile2\n|-boost|p2a: Numel|def|2\n|-boost|p2a: Numel|spd|2\n|move|p1a: d6|Knock Off|p2a: Numel\n|-damage|p2a: Numel|87\/100\n|-enditem|p2a: Numel|Eviolite|[from] move: Knock Off|[of] p1a: d6\n|\n|upkeep\n|turn|22\n|\n|t:|1700458688\n|move|p2a: Numel|Stockpile|p2a: Numel\n|-start|p2a: Numel|stockpile3\n|-boost|p2a: Numel|def|2\n|-boost|p2a: Numel|spd|2\n|move|p1a: d6|Knock Off|p2a: Numel\n|-damage|p2a: Numel|83\/100\n|\n|upkeep\n|turn|23\n|\n|t:|1700458695\n|move|p2a: Numel|Flame Charge|p1a: d6\n|-damage|p1a: d6|0 fnt\n|-boost|p2a: Numel|spe|2\n|faint|p1a: d6\n|\n|upkeep\n|\n|t:|1700458699\n|switch|p1a: d12|Thundurus-Therian, M, shiny|76\/100\n|-damage|p1a: d12|51\/100|[from] Stealth Rock\n|turn|24\n|\n|t:|1700458710\n|move|p1a: d12|Dark Pulse|p2a: Numel\n|-damage|p2a: Numel|76\/100\n|move|p2a: Numel|Body Press|p1a: d12\n|-resisted|p1a: d12\n|-damage|p1a: d12|3\/100\n|\n|-sideend|p2: Simpleton 2|move: Aurora Veil\n|upkeep\n|turn|25\n|\n|t:|1700458720\n|move|p1a: d12|Dark Pulse|p2a: Numel\n|-damage|p2a: Numel|65\/100\n|move|p2a: Numel|Flame Charge|p1a: d12\n|-damage|p1a: d12|0 fnt\n|-boost|p2a: Numel|spe|2\n|faint|p1a: d12\n|\n|upkeep\n|\n|t:|1700458726\n|switch|p1a: d100|Mew|88\/100 par\n|-activate|p1a: d100|move: Sticky Web\n|-unboost|p1a: d100|spe|1\n|-damage|p1a: d100|76\/100 par|[from] Stealth Rock\n|turn|26\n|\n|t:|1700458732\n|move|p2a: Numel|Body Press|p1a: d100\n|-resisted|p1a: d100\n|-damage|p1a: d100|48\/100 par\n|move|p1a: d100|Earthquake|p2a: Numel\n|-supereffective|p2a: Numel\n|-damage|p2a: Numel|40\/100\n|\n|upkeep\n|turn|27\n|\n|t:|1700458765\n|move|p2a: Numel|Body Press|p1a: d100\n|-resisted|p1a: d100\n|-damage|p1a: d100|18\/100 par\n|move|p1a: d100|Earthquake|p2a: Numel\n|-supereffective|p2a: Numel\n|-damage|p2a: Numel|17\/100\n|\n|upkeep\n|turn|28\n|\n|t:|1700458774\n|move|p2a: Numel|Rest|p2a: Numel\n|-status|p2a: Numel|slp|[from] move: Rest\n|-heal|p2a: Numel|100\/100 slp|[silent]\n|move|p1a: d100|Earthquake|p2a: Numel\n|-supereffective|p2a: Numel\n|-damage|p2a: Numel|78\/100 slp\n|\n|upkeep\n|turn|29\n|\n|t:|1700458781\n|cant|p2a: Numel|slp\n|move|p1a: d100|Earthquake|p2a: Numel\n|-supereffective|p2a: Numel\n|-damage|p2a: Numel|55\/100 slp\n|\n|upkeep\n|turn|30\n|\n|t:|1700458787\n|cant|p2a: Numel|slp\n|move|p1a: d100|Earthquake|p2a: Numel\n|-supereffective|p2a: Numel\n|-damage|p2a: Numel|30\/100 slp\n|\n|upkeep\n|turn|31\n|\n|t:|1700458797\n|-curestatus|p2a: Numel|slp|[msg]\n|move|p2a: Numel|Rest|p2a: Numel\n|-status|p2a: Numel|slp|[from] move: Rest\n|-heal|p2a: Numel|100\/100 slp|[silent]\n|move|p1a: d100|Earthquake|p2a: Numel\n|-supereffective|p2a: Numel\n|-damage|p2a: Numel|78\/100 slp\n|\n|upkeep\n|turn|32\n|\n|t:|1700458804\n|cant|p2a: Numel|slp\n|move|p1a: d100|Earthquake|p2a: Numel\n|-supereffective|p2a: Numel\n|-damage|p2a: Numel|53\/100 slp\n|\n|upkeep\n|turn|33\n|\n|t:|1700458809\n|cant|p2a: Numel|slp\n|move|p1a: d100|Earthquake|p2a: Numel\n|-supereffective|p2a: Numel\n|-damage|p2a: Numel|30\/100 slp\n|\n|upkeep\n|turn|34\n|\n|t:|1700458819\n|-curestatus|p2a: Numel|slp|[msg]\n|move|p2a: Numel|Rest|p2a: Numel\n|-status|p2a: Numel|slp|[from] move: Rest\n|-heal|p2a: Numel|100\/100 slp|[silent]\n|move|p1a: d100|Earthquake|p2a: Numel\n|-supereffective|p2a: Numel\n|-damage|p2a: Numel|75\/100 slp\n|\n|upkeep\n|turn|35\n|\n|t:|1700458826\n|cant|p2a: Numel|slp\n|move|p1a: d100|Earthquake|p2a: Numel\n|-supereffective|p2a: Numel\n|-damage|p2a: Numel|52\/100 slp\n|\n|upkeep\n|turn|36\n|\n|t:|1700458834\n|-terastallize|p2a: Numel|Fighting\n|cant|p2a: Numel|slp\n|move|p1a: d100|Earthquake|p2a: Numel\n|-damage|p2a: Numel|40\/100 slp\n|\n|upkeep\n|turn|37\n|c|\u2606WizzardEck|one of these will crit\n|\n|t:|1700458842\n|switch|p1a: d4|Mienshao, F, shiny|100\/100\n|-activate|p1a: d4|move: Sticky Web\n|-unboost|p1a: d4|spe|1\n|-damage|p1a: d4|95\/100|[from] Stealth Rock\n|-curestatus|p2a: Numel|slp|[msg]\n|move|p2a: Numel|Body Press|p1a: d4\n|-damage|p1a: d4|0 fnt\n|faint|p1a: d4\n|\n|upkeep\n|\n|t:|1700458850\n|switch|p1a: d8|Diancie, shiny|100\/100\n|-activate|p1a: d8|move: Sticky Web\n|-fail|p1a: d8|unboost|[from] ability: Clear Body|[of] p1a: d8\n|-damage|p1a: d8|88\/100|[from] Stealth Rock\n|turn|38\n|\n|t:|1700458886\n|move|p2a: Numel|Body Press|p1a: d8\n|-crit|p1a: d8\n|-damage|p1a: d8|0 fnt\n|faint|p1a: d8\n|\n|upkeep\n|\n|t:|1700458891\n|switch|p1a: d100|Mew|18\/100 par\n|-activate|p1a: d100|move: Sticky Web\n|-unboost|p1a: d100|spe|1\n|-damage|p1a: d100|6\/100 par|[from] Stealth Rock\n|turn|39\n|\n|t:|1700458896\n|move|p2a: Numel|Body Press|p1a: d100\n|-resisted|p1a: d100\n|-damage|p1a: d100|0 fnt\n|faint|p1a: d100\n|\n|win|Simpleton 2\n|raw|WizzardEck's rating: 1027 &rarr; <strong>1013<\/strong><br \/>(-14 for losing)\n|raw|Simpleton 2's rating: 1036 &rarr; <strong>1070<\/strong><br \/>(+34 for winning)\n|l|\u2606WizzardEck\n|l|\u2606Simpleton 2\n|j|\u2606Simpleton 2\n|player|p2|Simpleton 2|hilbert\n","uploadtime":1700459205,"views":19,"p1id":"wizzardeck","p2id":"simpleton2","formatid":"gen9ou","rating":1013,"private":0,"password":""}