{"id":"gen9ou-1994709782","p1":"Mrcrabfab","p2":"Zulneily","format":"[Gen 9] OU","log":"|j|\u2606Mrcrabfab\n|j|\u2606Zulneily\n|t:|1700484177\n|gametype|singles\n|player|p1|Mrcrabfab|2|1098\n|player|p2|Zulneily|hilda-wonderlauncher|1027\n|teamsize|p1|6\n|teamsize|p2|6\n|gen|9\n|tier|[Gen 9] OU\n|rated|\n|rule|Sleep Clause Mod: Limit one foe put to sleep\n|rule|Species Clause: Limit one of each Pok\u00e9mon\n|rule|OHKO Clause: OHKO moves are banned\n|rule|Evasion Items Clause: Evasion items are banned\n|rule|Evasion Moves Clause: Evasion moves are banned\n|rule|Endless Battle Clause: Forcing endless battles is banned\n|rule|HP Percentage Mod: HP is shown in percentages\n|clearpoke\n|poke|p1|Kingambit, M|\n|poke|p1|Pelipper, F|\n|poke|p1|Crawdaunt, M|\n|poke|p1|Basculegion-F, F|\n|poke|p1|Alomomola, M|\n|poke|p1|Cinderace, M|\n|poke|p2|Garganacl, M|\n|poke|p2|Corviknight, M|\n|poke|p2|Clodsire, M|\n|poke|p2|Cresselia, F|\n|poke|p2|Iron Valiant|\n|poke|p2|Meowscarada, F|\n|teampreview\n|\n|t:|1700484188\n|start\n|switch|p1a: Pelipper|Pelipper, F|100\/100\n|switch|p2a: NMIXX|Meowscarada, F|100\/100\n|-weather|RainDance|[from] ability: Drizzle|[of] p1a: Pelipper\n|turn|1\n|\n|t:|1700484202\n|move|p2a: NMIXX|Knock Off|p1a: Pelipper\n|-start|p2a: NMIXX|typechange|Dark|[from] ability: Protean\n|-damage|p1a: Pelipper|69\/100\n|-enditem|p1a: Pelipper|Damp Rock|[from] move: Knock Off|[of] p2a: NMIXX\n|move|p1a: Pelipper|Hurricane|p2a: NMIXX\n|-damage|p2a: NMIXX|45\/100\n|\n|-weather|RainDance|[upkeep]\n|upkeep\n|turn|2\n|\n|t:|1700484214\n|switch|p2a: Twice|Clodsire, M|100\/100\n|move|p1a: Pelipper|U-turn|p2a: Twice\n|-resisted|p2a: Twice\n|-damage|p2a: Twice|96\/100\n|\n|t:|1700484221\n|switch|p1a: Crawdaunt|Crawdaunt, M|100\/100|[from] U-turn\n|\n|-weather|RainDance|[upkeep]\n|-heal|p2a: Twice|100\/100|[from] item: Black Sludge\n|upkeep\n|turn|3\n|\n|t:|1700484226\n|move|p1a: Crawdaunt|Knock Off|p2a: Twice\n|-damage|p2a: Twice|0 fnt\n|-enditem|p2a: Twice|Black Sludge|[from] move: Knock Off|[of] p1a: Crawdaunt\n|faint|p2a: Twice\n|\n|-weather|RainDance|[upkeep]\n|upkeep\n|\n|t:|1700484241\n|switch|p2a: Dreamcatcher|Corviknight, M|100\/100\n|turn|4\n|\n|t:|1700484255\n|move|p1a: Crawdaunt|Knock Off|p2a: Dreamcatcher\n|-damage|p2a: Dreamcatcher|40\/100\n|-damage|p1a: Crawdaunt|84\/100|[from] item: Rocky Helmet|[of] p2a: Dreamcatcher\n|-enditem|p2a: Dreamcatcher|Rocky Helmet|[from] move: Knock Off|[of] p1a: Crawdaunt\n|move|p2a: Dreamcatcher|Body Press|p1a: Crawdaunt\n|-supereffective|p1a: Crawdaunt\n|-damage|p1a: Crawdaunt|9\/100\n|\n|-weather|RainDance|[upkeep]\n|upkeep\n|turn|5\n|\n|t:|1700484262\n|move|p1a: Crawdaunt|Knock Off|p2a: Dreamcatcher\n|-damage|p2a: Dreamcatcher|0 fnt\n|faint|p2a: Dreamcatcher\n|\n|-weather|RainDance|[upkeep]\n|upkeep\n|\n|t:|1700484266\n|switch|p2a: NMIXX|Meowscarada, F|45\/100\n|turn|6\n|\n|t:|1700484272\n|switch|p1a: Cinderace|Cinderace, M|100\/100\n|move|p2a: NMIXX|U-turn|p1a: Cinderace\n|-start|p2a: NMIXX|typechange|Bug|[from] ability: Protean\n|-resisted|p1a: Cinderace\n|-damage|p1a: Cinderace|78\/100\n|\n|t:|1700484279\n|switch|p2a: Les serafim|Garganacl, M|100\/100|[from] U-turn\n|\n|-weather|RainDance|[upkeep]\n|upkeep\n|turn|7\n|\n|t:|1700484290\n|-terastallize|p2a: Les serafim|Ghost\n|move|p1a: Cinderace|High Jump Kick|p2a: Les serafim\n|-start|p1a: Cinderace|typechange|Fighting|[from] ability: Libero\n|-immune|p2a: Les serafim\n|-damage|p1a: Cinderace|28\/100|[from] highjumpkick\n|move|p2a: Les serafim|Salt Cure|p1a: Cinderace\n|-resisted|p1a: Cinderace\n|-damage|p1a: Cinderace|19\/100\n|-start|p1a: Cinderace|Salt Cure\n|\n|-weather|RainDance|[upkeep]\n|-damage|p1a: Cinderace|7\/100|[from] Salt Cure\n|upkeep\n|turn|8\n|\n|t:|1700484306\n|switch|p1a: Alomomola|Alomomola, M|100\/100\n|move|p2a: Les serafim|Salt Cure|p1a: Alomomola\n|-damage|p1a: Alomomola|93\/100\n|-start|p1a: Alomomola|Salt Cure\n|\n|-weather|none\n|-heal|p1a: Alomomola|99\/100|[from] item: Leftovers\n|-damage|p1a: Alomomola|74\/100|[from] Salt Cure\n|upkeep\n|turn|9\n|\n|t:|1700484311\n|move|p1a: Alomomola|Wish|p1a: Alomomola\n|move|p2a: Les serafim|Iron Defense|p2a: Les serafim\n|-boost|p2a: Les serafim|def|2\n|\n|-heal|p1a: Alomomola|81\/100|[from] item: Leftovers\n|-damage|p1a: Alomomola|56\/100|[from] Salt Cure\n|upkeep\n|turn|10\n|\n|t:|1700484321\n|move|p1a: Alomomola|Flip Turn|p2a: Les serafim\n|-damage|p2a: Les serafim|95\/100\n|\n|t:|1700484325\n|switch|p1a: Crawdaunt|Crawdaunt, M|9\/100|[from] Flip Turn\n|move|p2a: Les serafim|Salt Cure|p1a: Crawdaunt\n|-damage|p1a: Crawdaunt|0 fnt\n|faint|p1a: Crawdaunt\n|\n|-heal|p2a: Les serafim|100\/100|[from] item: Leftovers\n|upkeep\n|\n|t:|1700484332\n|switch|p1a: Pelipper|Pelipper, F|69\/100\n|-weather|RainDance|[from] ability: Drizzle|[of] p1a: Pelipper\n|turn|11\n|\n|t:|1700484338\n|move|p1a: Pelipper|Surf|p2a: Les serafim\n|-damage|p2a: Les serafim|68\/100\n|move|p2a: Les serafim|Iron Defense|p2a: Les serafim\n|-boost|p2a: Les serafim|def|2\n|\n|-weather|RainDance|[upkeep]\n|-heal|p2a: Les serafim|75\/100|[from] item: Leftovers\n|upkeep\n|turn|12\n|\n|t:|1700484345\n|move|p1a: Pelipper|Surf|p2a: Les serafim\n|-damage|p2a: Les serafim|43\/100\n|move|p2a: Les serafim|Iron Defense|p2a: Les serafim\n|-boost|p2a: Les serafim|def|2\n|\n|-weather|RainDance|[upkeep]\n|-heal|p2a: Les serafim|49\/100|[from] item: Leftovers\n|upkeep\n|turn|13\n|\n|t:|1700484352\n|move|p1a: Pelipper|Surf|p2a: Les serafim\n|-damage|p2a: Les serafim|17\/100\n|move|p2a: Les serafim|Recover|p2a: Les serafim\n|-heal|p2a: Les serafim|67\/100\n|\n|-weather|RainDance|[upkeep]\n|-heal|p2a: Les serafim|73\/100|[from] item: Leftovers\n|upkeep\n|turn|14\n|\n|t:|1700484362\n|move|p1a: Pelipper|Surf|p2a: Les serafim\n|-damage|p2a: Les serafim|43\/100\n|move|p2a: Les serafim|Recover|p2a: Les serafim\n|-heal|p2a: Les serafim|93\/100\n|\n|-weather|RainDance|[upkeep]\n|-heal|p2a: Les serafim|99\/100|[from] item: Leftovers\n|upkeep\n|turn|15\n|\n|t:|1700484368\n|move|p1a: Pelipper|Surf|p2a: Les serafim\n|-damage|p2a: Les serafim|68\/100\n|move|p2a: Les serafim|Salt Cure|p1a: Pelipper\n|-supereffective|p1a: Pelipper\n|-damage|p1a: Pelipper|46\/100\n|-start|p1a: Pelipper|Salt Cure\n|\n|-weather|none\n|-heal|p2a: Les serafim|75\/100|[from] item: Leftovers\n|-damage|p1a: Pelipper|21\/100|[from] Salt Cure\n|upkeep\n|turn|16\n|\n|t:|1700484374\n|switch|p1a: Basculegion|Basculegion-F, F|100\/100\n|move|p2a: Les serafim|Salt Cure|p1a: Basculegion\n|-damage|p1a: Basculegion|82\/100\n|-start|p1a: Basculegion|Salt Cure\n|\n|-heal|p2a: Les serafim|81\/100|[from] item: Leftovers\n|-damage|p1a: Basculegion|57\/100|[from] Salt Cure\n|upkeep\n|turn|17\n|\n|t:|1700484393\n|switch|p1a: Pelipper|Pelipper, F|21\/100\n|-weather|RainDance|[from] ability: Drizzle|[of] p1a: Pelipper\n|move|p2a: Les serafim|Recover|p2a: Les serafim\n|-heal|p2a: Les serafim|100\/100\n|\n|-weather|RainDance|[upkeep]\n|upkeep\n|turn|18\n|\n|t:|1700484401\n|move|p1a: Pelipper|Roost|p1a: Pelipper\n|-heal|p1a: Pelipper|71\/100\n|-singleturn|p1a: Pelipper|move: Roost\n|move|p2a: Les serafim|Salt Cure|p1a: Pelipper\n|-damage|p1a: Pelipper|60\/100\n|-start|p1a: Pelipper|Salt Cure\n|\n|-weather|RainDance|[upkeep]\n|-damage|p1a: Pelipper|35\/100|[from] Salt Cure\n|upkeep\n|turn|19\n|\n|t:|1700484409\n|move|p1a: Pelipper|Surf|p2a: Les serafim\n|-damage|p2a: Les serafim|68\/100\n|move|p2a: Les serafim|Body Press|p1a: Pelipper\n|-resisted|p1a: Pelipper\n|-damage|p1a: Pelipper|0 fnt\n|faint|p1a: Pelipper\n|\n|-weather|RainDance|[upkeep]\n|-heal|p2a: Les serafim|75\/100|[from] item: Leftovers\n|upkeep\n|\n|t:|1700484415\n|switch|p1a: Basculegion|Basculegion-F, F|57\/100\n|turn|20\n|\n|t:|1700484438\n|move|p1a: Basculegion|Surf|p2a: Les serafim\n|-damage|p2a: Les serafim|19\/100\n|move|p2a: Les serafim|Recover|p2a: Les serafim\n|-heal|p2a: Les serafim|69\/100\n|\n|-weather|RainDance|[upkeep]\n|-heal|p2a: Les serafim|75\/100|[from] item: Leftovers\n|upkeep\n|turn|21\n|\n|t:|1700484449\n|move|p1a: Basculegion|Surf|p2a: Les serafim\n|-damage|p2a: Les serafim|15\/100\n|move|p2a: Les serafim|Recover|p2a: Les serafim\n|-heal|p2a: Les serafim|65\/100\n|\n|-weather|none\n|-heal|p2a: Les serafim|71\/100|[from] item: Leftovers\n|upkeep\n|turn|22\n|\n|t:|1700484454\n|move|p1a: Basculegion|Surf|p2a: Les serafim\n|-damage|p2a: Les serafim|35\/100\n|move|p2a: Les serafim|Recover|p2a: Les serafim\n|-heal|p2a: Les serafim|85\/100\n|\n|-heal|p2a: Les serafim|91\/100|[from] item: Leftovers\n|upkeep\n|turn|23\n|-message|Mrcrabfab forfeited.\n|\n|win|Zulneily\n|raw|Mrcrabfab's rating: 1098 &rarr; <strong>1068<\/strong><br \/>(-30 for losing)\n|raw|Zulneily's rating: 1027 &rarr; <strong>1070<\/strong><br \/>(+43 for winning)\n|l|\u2606Mrcrabfab\n","uploadtime":1700484477,"views":4,"p1id":"mrcrabfab","p2id":"zulneily","formatid":"gen9ou","rating":1068,"private":0,"password":""}