{"id":"gen9ou-1990593670","p1":"oussey","p2":"boltaway","format":"[Gen 9] OU","log":"|j|\u2606oussey\n|j|\u203dboltaway\n|t:|1699984180\n|gametype|singles\n|player|p1|oussey|1|1424\n|player|p2|boltaway|nemona-s|1517\n|teamsize|p1|6\n|teamsize|p2|6\n|gen|9\n|tier|[Gen 9] OU\n|rated|\n|rule|Sleep Clause Mod: Limit one foe put to sleep\n|rule|Species Clause: Limit one of each Pok\u00e9mon\n|rule|OHKO Clause: OHKO moves are banned\n|rule|Evasion Items Clause: Evasion items are banned\n|rule|Evasion Moves Clause: Evasion moves are banned\n|rule|Endless Battle Clause: Forcing endless battles is banned\n|rule|HP Percentage Mod: HP is shown in percentages\n|clearpoke\n|poke|p1|Kingambit, M|\n|poke|p1|Great Tusk|\n|poke|p1|Dragapult, F|\n|poke|p1|Ogerpon-Wellspring, F|\n|poke|p1|Blissey, F|\n|poke|p1|Zapdos|\n|poke|p2|Manaphy|\n|poke|p2|Heatran, M|\n|poke|p2|Ogerpon, F|\n|poke|p2|Weavile, F|\n|poke|p2|Gholdengo|\n|poke|p2|Landorus-Therian, M|\n|teampreview\n|inactive|Battle timer is ON: inactive players will automatically lose when time's up. (requested by oussey)\n|inactive|boltaway also wants the timer to be on.\n|\n|t:|1699984198\n|start\n|switch|p1a: Blissey|Blissey, F|100\/100\n|switch|p2a: Heatran|Heatran, M|100\/100\n|turn|1\n|\n|t:|1699984210\n|switch|p1a: Ogerpon|Ogerpon-Wellspring, F|100\/100\n|move|p2a: Heatran|Will-O-Wisp|p1a: Ogerpon\n|-status|p1a: Ogerpon|brn\n|\n|-damage|p1a: Ogerpon|95\/100 brn|[from] brn\n|upkeep\n|turn|2\n|\n|t:|1699984221\n|switch|p2a: Ogerpon|Ogerpon, F|100\/100\n|move|p1a: Ogerpon|Encore||[still]\n|-fail|p1a: Ogerpon\n|\n|-damage|p1a: Ogerpon|89\/100 brn|[from] brn\n|upkeep\n|turn|3\n|\n|t:|1699984230\n|move|p2a: Ogerpon|Spikes|p1a: Ogerpon\n|-sidestart|p1: oussey|Spikes\n|move|p1a: Ogerpon|U-turn|p2a: Ogerpon\n|-supereffective|p2a: Ogerpon\n|-damage|p2a: Ogerpon|62\/100\n|\n|t:|1699984242\n|switch|p1a: Dragapult|Dragapult, F|100\/100|[from] U-turn\n|-damage|p1a: Dragapult|88\/100|[from] Spikes\n|\n|upkeep\n|turn|4\n|\n|t:|1699984250\n|switch|p2a: Heatran|Heatran, M|100\/100\n|move|p1a: Dragapult|Flamethrower|p2a: Heatran\n|-damage|p2a: Heatran|76\/100\n|\n|-heal|p2a: Heatran|83\/100|[from] item: Leftovers\n|upkeep\n|turn|5\n|\n|t:|1699984260\n|switch|p1a: Zapdos|Zapdos|100\/100\n|switch|p2a: Manaphy|Manaphy|100\/100\n|\n|upkeep\n|turn|6\n|\n|t:|1699984278\n|move|p1a: Zapdos|Volt Switch|p2a: Manaphy\n|-supereffective|p2a: Manaphy\n|-damage|p2a: Manaphy|74\/100\n|\n|t:|1699984281\n|switch|p1a: Ogerpon|Ogerpon-Wellspring, F|89\/100 brn|[from] Volt Switch\n|-damage|p1a: Ogerpon|76\/100 brn|[from] Spikes\n|move|p2a: Manaphy|Ice Beam|p1a: Ogerpon\n|-damage|p1a: Ogerpon|51\/100 brn\n|\n|-damage|p1a: Ogerpon|45\/100 brn|[from] brn\n|upkeep\n|turn|7\n|\n|t:|1699984290\n|switch|p2a: Landorus|Landorus-Therian, M|100\/100\n|-ability|p2a: Landorus|Intimidate|boost\n|-unboost|p1a: Ogerpon|atk|1\n|move|p1a: Ogerpon|Power Whip|p2a: Landorus\n|-damage|p2a: Landorus|78\/100\n|\n|-heal|p2a: Landorus|84\/100|[from] item: Leftovers\n|-damage|p1a: Ogerpon|39\/100 brn|[from] brn\n|upkeep\n|turn|8\n|\n|t:|1699984303\n|switch|p2a: Ogerpon|Ogerpon, F|62\/100\n|move|p1a: Ogerpon|Ivy Cudgel|p2a: Ogerpon|[anim] Ivy Cudgel Water\n|-resisted|p2a: Ogerpon\n|-damage|p2a: Ogerpon|49\/100\n|\n|-damage|p1a: Ogerpon|33\/100 brn|[from] brn\n|upkeep\n|turn|9\n|\n|t:|1699984324\n|move|p1a: Ogerpon|U-turn|p2a: Ogerpon\n|-supereffective|p2a: Ogerpon\n|-damage|p2a: Ogerpon|26\/100\n|\n|t:|1699984328\n|switch|p1a: Zapdos|Zapdos|100\/100|[from] U-turn\n|move|p2a: Ogerpon|Ivy Cudgel|p1a: Zapdos\n|-resisted|p1a: Zapdos\n|-damage|p1a: Zapdos|79\/100\n|\n|upkeep\n|turn|10\n|\n|t:|1699984336\n|switch|p2a: Heatran|Heatran, M|83\/100\n|move|p1a: Zapdos|Heat Wave|p2a: Heatran\n|-damage|p2a: Heatran|67\/100\n|\n|-heal|p2a: Heatran|73\/100|[from] item: Leftovers\n|upkeep\n|turn|11\n|\n|t:|1699984351\n|move|p1a: Zapdos|Volt Switch|p2a: Heatran\n|-damage|p2a: Heatran|54\/100\n|\n|t:|1699984355\n|switch|p1a: Ogerpon|Ogerpon-Wellspring, F|33\/100 brn|[from] Volt Switch\n|-damage|p1a: Ogerpon|21\/100 brn|[from] Spikes\n|move|p2a: Heatran|Magma Storm|p1a: Ogerpon\n|-damage|p1a: Ogerpon|0 fnt\n|faint|p1a: Ogerpon\n|\n|-heal|p2a: Heatran|60\/100|[from] item: Leftovers\n|upkeep\n|\n|t:|1699984360\n|switch|p1a: Great Tusk|Great Tusk|100\/100\n|-damage|p1a: Great Tusk|88\/100|[from] Spikes\n|turn|12\n|\n|t:|1699984373\n|switch|p2a: Gholdengo|Gholdengo|100\/100\n|-item|p2a: Gholdengo|Air Balloon\n|move|p1a: Great Tusk|Rapid Spin|p2a: Gholdengo\n|-immune|p2a: Gholdengo\n|\n|-heal|p1a: Great Tusk|94\/100|[from] item: Leftovers\n|upkeep\n|turn|13\n|\n|t:|1699984381\n|move|p1a: Great Tusk|Knock Off|p2a: Gholdengo\n|-supereffective|p2a: Gholdengo\n|-damage|p2a: Gholdengo|41\/100\n|-enditem|p2a: Gholdengo|Air Balloon\n|move|p2a: Gholdengo|Make It Rain|p1a: Great Tusk\n|-damage|p1a: Great Tusk|0 fnt\n|-unboost|p2a: Gholdengo|spa|1\n|faint|p1a: Great Tusk\n|-end|p1a: Great Tusk|Protosynthesis|[silent]\n|\n|upkeep\n|\n|t:|1699984386\n|switch|p1a: Dragapult|Dragapult, F|88\/100\n|-damage|p1a: Dragapult|76\/100|[from] Spikes\n|turn|14\n|\n|t:|1699984392\n|switch|p2a: Manaphy|Manaphy|74\/100\n|move|p1a: Dragapult|Shadow Ball|p2a: Manaphy\n|-crit|p2a: Manaphy\n|-damage|p2a: Manaphy|43\/100\n|\n|upkeep\n|turn|15\n|\n|t:|1699984402\n|switch|p1a: Blissey|Blissey, F|100\/100\n|move|p2a: Manaphy|Ice Beam|p1a: Blissey\n|-damage|p1a: Blissey|93\/100\n|\n|upkeep\n|turn|16\n|\n|t:|1699984415\n|move|p2a: Manaphy|U-turn|p1a: Blissey\n|-damage|p1a: Blissey|80\/100\n|\n|t:|1699984420\n|switch|p2a: Heatran|Heatran, M|60\/100|[from] U-turn\n|move|p1a: Blissey|Seismic Toss|p2a: Heatran\n|-damage|p2a: Heatran|34\/100\n|\n|-heal|p2a: Heatran|41\/100|[from] item: Leftovers\n|upkeep\n|turn|17\n|\n|t:|1699984430\n|switch|p1a: Zapdos|Zapdos|79\/100\n|move|p2a: Heatran|Magma Storm|p1a: Zapdos\n|-damage|p1a: Zapdos|35\/100\n|-activate|p1a: Zapdos|move: Magma Storm|[of] p2a: Heatran\n|\n|-heal|p2a: Heatran|47\/100|[from] item: Leftovers\n|-damage|p1a: Zapdos|22\/100|[from] move: Magma Storm|[partiallytrapped]\n|upkeep\n|turn|18\n|\n|t:|1699984437\n|switch|p2a: Landorus|Landorus-Therian, M|84\/100\n|-ability|p2a: Landorus|Intimidate|boost\n|-unboost|p1a: Zapdos|atk|1\n|move|p1a: Zapdos|Volt Switch|p2a: Landorus\n|-immune|p2a: Landorus\n|\n|-heal|p2a: Landorus|90\/100|[from] item: Leftovers\n|-end|p1a: Zapdos|Magma Storm|[partiallytrapped]|[silent]\n|upkeep\n|turn|19\n|\n|t:|1699984446\n|move|p1a: Zapdos|Roost|p1a: Zapdos\n|-heal|p1a: Zapdos|72\/100\n|-singleturn|p1a: Zapdos|move: Roost\n|move|p2a: Landorus|Earthquake|p1a: Zapdos\n|-supereffective|p1a: Zapdos\n|-damage|p1a: Zapdos|0 fnt\n|faint|p1a: Zapdos\n|\n|-heal|p2a: Landorus|96\/100|[from] item: Leftovers\n|upkeep\n|\n|t:|1699984455\n|switch|p1a: Dragapult|Dragapult, F|76\/100\n|-damage|p1a: Dragapult|64\/100|[from] Spikes\n|turn|20\n|\n|t:|1699984461\n|switch|p2a: Manaphy|Manaphy|43\/100\n|move|p1a: Dragapult|Draco Meteor|p2a: Manaphy\n|-damage|p2a: Manaphy|8\/100\n|-unboost|p1a: Dragapult|spa|2\n|\n|upkeep\n|turn|21\n|\n|t:|1699984470\n|switch|p2a: Heatran|Heatran, M|47\/100\n|move|p1a: Dragapult|Draco Meteor|p2a: Heatran\n|-resisted|p2a: Heatran\n|-damage|p2a: Heatran|33\/100\n|-unboost|p1a: Dragapult|spa|2\n|\n|-heal|p2a: Heatran|40\/100|[from] item: Leftovers\n|upkeep\n|turn|22\n|\n|t:|1699984482\n|switch|p1a: Blissey|Blissey, F|80\/100\n|move|p2a: Heatran|Magma Storm|p1a: Blissey\n|-damage|p1a: Blissey|65\/100\n|-activate|p1a: Blissey|move: Magma Storm|[of] p2a: Heatran\n|\n|-heal|p2a: Heatran|46\/100|[from] item: Leftovers\n|-damage|p1a: Blissey|52\/100|[from] move: Magma Storm|[partiallytrapped]\n|upkeep\n|turn|23\n|\n|t:|1699984492\n|move|p2a: Heatran|Taunt|p1a: Blissey\n|-start|p1a: Blissey|move: Taunt\n|move|p1a: Blissey|Seismic Toss|p2a: Heatran\n|-damage|p2a: Heatran|20\/100\n|\n|-heal|p2a: Heatran|26\/100|[from] item: Leftovers\n|-damage|p1a: Blissey|40\/100|[from] move: Magma Storm|[partiallytrapped]\n|upkeep\n|turn|24\n|\n|t:|1699984507\n|move|p2a: Heatran|Will-O-Wisp|p1a: Blissey\n|-status|p1a: Blissey|brn\n|move|p1a: Blissey|Seismic Toss|p2a: Heatran\n|-damage|p2a: Heatran|0 fnt\n|faint|p2a: Heatran\n|\n|-damage|p1a: Blissey|34\/100 brn|[from] brn\n|-end|p1a: Blissey|Magma Storm|[partiallytrapped]|[silent]\n|upkeep\n|\n|t:|1699984516\n|switch|p2a: Weavile|Weavile, F|100\/100\n|-ability|p2a: Weavile|Pressure\n|turn|25\n|\n|t:|1699984524\n|move|p2a: Weavile|Swords Dance|p2a: Weavile\n|-boost|p2a: Weavile|atk|2\n|move|p1a: Blissey|Seismic Toss|p2a: Weavile\n|-damage|p2a: Weavile|65\/100\n|\n|-damage|p1a: Blissey|27\/100 brn|[from] brn\n|-end|p1a: Blissey|move: Taunt\n|upkeep\n|turn|26\n|\n|t:|1699984535\n|move|p2a: Weavile|Knock Off|p1a: Blissey\n|-damage|p1a: Blissey|0 fnt\n|-enditem|p1a: Blissey|Heavy-Duty Boots|[from] move: Knock Off|[of] p2a: Weavile\n|faint|p1a: Blissey\n|\n|upkeep\n|\n|t:|1699984539\n|switch|p1a: Kingambit|Kingambit, M|100\/100\n|-damage|p1a: Kingambit|88\/100|[from] Spikes\n|-activate|p1a: Kingambit|ability: Supreme Overlord\n|-start|p1a: Kingambit|fallen4|[silent]\n|turn|27\n|\n|t:|1699984544\n|move|p2a: Weavile|Low Kick|p1a: Kingambit\n|-supereffective|p1a: Kingambit\n|-damage|p1a: Kingambit|0 fnt\n|faint|p1a: Kingambit\n|-end|p1a: Kingambit|fallen4|[silent]\n|\n|upkeep\n|\n|t:|1699984549\n|switch|p1a: Dragapult|Dragapult, F|64\/100\n|-damage|p1a: Dragapult|51\/100|[from] Spikes\n|turn|28\n|\n|t:|1699984554\n|-terastallize|p1a: Dragapult|Ghost\n|move|p2a: Weavile|Ice Shard|p1a: Dragapult\n|-damage|p1a: Dragapult|0 fnt\n|faint|p1a: Dragapult\n|\n|win|boltaway\n|raw|oussey's rating: 1424 &rarr; <strong>1409<\/strong><br \/>(-15 for losing)\n|raw|boltaway's rating: 1517 &rarr; <strong>1532<\/strong><br \/>(+15 for winning)\n|l|\u2606oussey\n","uploadtime":1699984564,"views":4,"p1id":"oussey","p2id":"boltaway","formatid":"gen9ou","rating":1409,"private":0,"password":""}