{"id":"gen9ou-1994871636","p1":"LaxativeCement","p2":"pok3monjake","format":"[Gen 9] OU","log":"|j|\u2606LaxativeCement\n|j|\u2606pok3monjake\n|t:|1700500438\n|gametype|singles\n|player|p1|LaxativeCement|lucas|1592\n|player|p2|pok3monjake|unknown|1493\n|teamsize|p1|6\n|teamsize|p2|6\n|gen|9\n|tier|[Gen 9] OU\n|rated|\n|rule|Sleep Clause Mod: Limit one foe put to sleep\n|rule|Species Clause: Limit one of each Pok\u00e9mon\n|rule|OHKO Clause: OHKO moves are banned\n|rule|Evasion Items Clause: Evasion items are banned\n|rule|Evasion Moves Clause: Evasion moves are banned\n|rule|Endless Battle Clause: Forcing endless battles is banned\n|rule|HP Percentage Mod: HP is shown in percentages\n|clearpoke\n|poke|p1|Pelipper, F|\n|poke|p1|Greninja-*, M|\n|poke|p1|Barraskewda, F|\n|poke|p1|Scizor, F|\n|poke|p1|Manaphy|\n|poke|p1|Zapdos|\n|poke|p2|Sandslash-Alola, F|\n|poke|p2|Slowking, M|\n|poke|p2|Glaceon, F|\n|poke|p2|Heatran, M|\n|poke|p2|Toedscruel, M|\n|poke|p2|Zapdos|\n|teampreview\n|inactive|Battle timer is ON: inactive players will automatically lose when time's up. (requested by LaxativeCement)\n|\n|t:|1700500449\n|start\n|switch|p1a: Edward Scizorhands|Scizor, F|100\/100\n|switch|p2a: Slowking|Slowking, M|100\/100\n|turn|1\n|\n|t:|1700500452\n|switch|p2a: Zapdos|Zapdos|100\/100\n|move|p1a: Edward Scizorhands|U-turn|p2a: Zapdos\n|-resisted|p2a: Zapdos\n|-damage|p2a: Zapdos|73\/100\n|\n|t:|1700500458\n|switch|p1a: Big Bird|Zapdos|100\/100|[from] U-turn\n|\n|upkeep\n|turn|2\n|\n|t:|1700500464\n|move|p1a: Big Bird|Thunder|p2a: Zapdos\n|-damage|p2a: Zapdos|20\/100\n|move|p2a: Zapdos|Roost|p2a: Zapdos\n|-heal|p2a: Zapdos|70\/100\n|-singleturn|p2a: Zapdos|move: Roost\n|\n|upkeep\n|turn|3\n|\n|t:|1700500474\n|switch|p2a: Toedscruel|Toedscruel, M|100\/100\n|move|p1a: Big Bird|Thunder|p2a: Toedscruel\n|-immune|p2a: Toedscruel\n|\n|upkeep\n|turn|4\n|\n|t:|1700500482\n|switch|p1a: Faucet Failure|Pelipper, F|100\/100\n|-weather|RainDance|[from] ability: Drizzle|[of] p1a: Faucet Failure\n|switch|p2a: Heatran|Heatran, M|100\/100\n|-item|p2a: Heatran|Air Balloon\n|\n|-weather|RainDance|[upkeep]\n|upkeep\n|turn|5\n|\n|t:|1700500497\n|move|p2a: Heatran|Stealth Rock|p1a: Faucet Failure\n|-sidestart|p1: LaxativeCement|move: Stealth Rock\n|move|p1a: Faucet Failure|U-turn|p2a: Heatran\n|-resisted|p2a: Heatran\n|-damage|p2a: Heatran|98\/100\n|-enditem|p2a: Heatran|Air Balloon\n|\n|t:|1700500500\n|switch|p1a: Tech N9ne|Barraskewda, F|100\/100|[from] U-turn\n|-damage|p1a: Tech N9ne|88\/100|[from] Stealth Rock\n|\n|-weather|RainDance|[upkeep]\n|upkeep\n|turn|6\n|inactive|pok3monjake has 120 seconds left.\n|\n|t:|1700500552\n|switch|p2a: Zapdos|Zapdos|70\/100\n|move|p1a: Tech N9ne|Flip Turn|p2a: Zapdos\n|-damage|p2a: Zapdos|7\/100\n|-status|p1a: Tech N9ne|par|[from] ability: Static|[of] p2a: Zapdos\n|inactive|LaxativeCement has 120 seconds left.\n|inactive|LaxativeCement has 90 seconds left.\n|\n|t:|1700500613\n|switch|p1a: Brazy Frog|Greninja, M|100\/100|[from] Flip Turn\n|-damage|p1a: Brazy Frog|88\/100|[from] Stealth Rock\n|\n|-weather|RainDance|[upkeep]\n|upkeep\n|turn|7\n|\n|t:|1700500619\n|switch|p2a: Slowking|Slowking, M|100\/100\n|move|p1a: Brazy Frog|Dark Pulse|p2a: Slowking\n|-supereffective|p2a: Slowking\n|-damage|p2a: Slowking|50\/100\n|-damage|p1a: Brazy Frog|78\/100|[from] item: Life Orb\n|\n|-weather|RainDance|[upkeep]\n|upkeep\n|turn|8\n|\n|t:|1700500623\n|-terastallize|p2a: Slowking|Fairy\n|move|p1a: Brazy Frog|Dark Pulse|p2a: Slowking\n|-resisted|p2a: Slowking\n|-damage|p2a: Slowking|36\/100\n|-damage|p1a: Brazy Frog|69\/100|[from] item: Life Orb\n|move|p2a: Slowking|Chilly Reception|p2a: Slowking\n|-weather|Snow\n|inactive|pok3monjake has 120 seconds left.\n|\n|t:|1700500630\n|switch|p2a: Glaceon|Glaceon, F|100\/100|[from] Chilly Reception\n|\n|-weather|Snow|[upkeep]\n|upkeep\n|turn|9\n|inactive|pok3monjake has 120 seconds left.\n|\n|t:|1700500643\n|switch|p1a: Edward Scizorhands|Scizor, F|100\/100\n|-damage|p1a: Edward Scizorhands|88\/100|[from] Stealth Rock\n|move|p2a: Glaceon|Blizzard|p1a: Edward Scizorhands\n|-resisted|p1a: Edward Scizorhands\n|-damage|p1a: Edward Scizorhands|21\/100\n|\n|-weather|Snow|[upkeep]\n|upkeep\n|turn|10\n|\n|t:|1700500653\n|move|p2a: Glaceon|Blizzard|p1a: Edward Scizorhands\n|-resisted|p1a: Edward Scizorhands\n|-damage|p1a: Edward Scizorhands|0 fnt\n|faint|p1a: Edward Scizorhands\n|\n|-weather|Snow|[upkeep]\n|upkeep\n|\n|t:|1700500661\n|switch|p1a: Tech N9ne|Barraskewda, F|88\/100 par\n|-damage|p1a: Tech N9ne|76\/100 par|[from] Stealth Rock\n|turn|11\n|\n|t:|1700500666\n|move|p2a: Glaceon|Blizzard|p1a: Tech N9ne\n|-resisted|p1a: Tech N9ne\n|-damage|p1a: Tech N9ne|0 fnt\n|faint|p1a: Tech N9ne\n|\n|-weather|Snow|[upkeep]\n|upkeep\n|\n|t:|1700500671\n|switch|p1a: Faucet Failure|Pelipper, F|100\/100\n|-damage|p1a: Faucet Failure|76\/100|[from] Stealth Rock\n|-weather|RainDance|[from] ability: Drizzle|[of] p1a: Faucet Failure\n|turn|12\n|\n|t:|1700500677\n|move|p2a: Glaceon|Blizzard|p1a: Faucet Failure\n|-damage|p1a: Faucet Failure|0 fnt\n|faint|p1a: Faucet Failure\n|\n|-weather|RainDance|[upkeep]\n|upkeep\n|\n|t:|1700500683\n|switch|p1a: Brazy Frog|Greninja, M|69\/100\n|-damage|p1a: Brazy Frog|56\/100|[from] Stealth Rock\n|turn|13\n|inactive|pok3monjake has 120 seconds left.\n|inactive|pok3monjake has 90 seconds left.\n|\n|t:|1700500746\n|-terastallize|p1a: Brazy Frog|Water\n|move|p1a: Brazy Frog|Surf|p2a: Glaceon\n|-damage|p2a: Glaceon|0 fnt\n|faint|p2a: Glaceon\n|-ability|p1a: Brazy Frog|Battle Bond|boost\n|-boost|p1a: Brazy Frog|atk|1\n|-boost|p1a: Brazy Frog|spa|1\n|-boost|p1a: Brazy Frog|spe|1\n|-activate|p1a: Brazy Frog|ability: Battle Bond\n|-damage|p1a: Brazy Frog|46\/100|[from] item: Life Orb\n|\n|-weather|RainDance|[upkeep]\n|upkeep\n|inactive|pok3monjake has 90 seconds left.\n|\n|t:|1700500762\n|switch|p2a: Toedscruel|Toedscruel, M|100\/100\n|turn|14\n|\n|t:|1700500787\n|move|p1a: Brazy Frog|Surf|p2a: Toedscruel\n|-damage|p2a: Toedscruel|0 fnt\n|faint|p2a: Toedscruel\n|-damage|p1a: Brazy Frog|37\/100|[from] item: Life Orb\n|\n|-weather|RainDance|[upkeep]\n|upkeep\n|\n|t:|1700500794\n|switch|p2a: Slowking|Slowking, M, tera:Fairy|69\/100\n|turn|15\n|\n|t:|1700500796\n|switch|p2a: Zapdos|Zapdos|7\/100\n|move|p1a: Brazy Frog|Surf|p2a: Zapdos\n|-damage|p2a: Zapdos|0 fnt\n|faint|p2a: Zapdos\n|-damage|p1a: Brazy Frog|27\/100|[from] item: Life Orb\n|\n|-weather|RainDance|[upkeep]\n|upkeep\n|inactive|pok3monjake has 90 seconds left.\n|\n|t:|1700500812\n|switch|p2a: Slowking|Slowking, M, tera:Fairy|100\/100\n|turn|16\n|\n|t:|1700500815\n|move|p1a: Brazy Frog|Surf|p2a: Slowking\n|-damage|p2a: Slowking|10\/100\n|-damage|p1a: Brazy Frog|17\/100|[from] item: Life Orb\n|move|p2a: Slowking|Chilly Reception|p2a: Slowking\n|-weather|Snow\n|\n|t:|1700500818\n|switch|p2a: Heatran|Heatran, M|98\/100|[from] Chilly Reception\n|\n|-weather|Snow|[upkeep]\n|upkeep\n|turn|17\n|inactive|pok3monjake has 90 seconds left.\n|\n|t:|1700500850\n|move|p1a: Brazy Frog|Surf|p2a: Heatran\n|-supereffective|p2a: Heatran\n|-damage|p2a: Heatran|0 fnt\n|faint|p2a: Heatran\n|-damage|p1a: Brazy Frog|7\/100|[from] item: Life Orb\n|\n|-weather|Snow|[upkeep]\n|upkeep\n|\n|t:|1700500853\n|switch|p2a: Slowking|Slowking, M, tera:Fairy|44\/100\n|turn|18\n|\n|t:|1700500859\n|move|p1a: Brazy Frog|Surf|p2a: Slowking\n|-damage|p2a: Slowking|0 fnt\n|faint|p2a: Slowking\n|-damage|p1a: Brazy Frog|0 fnt|[from] item: Life Orb\n|faint|p1a: Brazy Frog\n|\n|-weather|Snow|[upkeep]\n|upkeep\n|\n|t:|1700500876\n|switch|p1a: Chance|Manaphy|100\/100\n|switch|p2a: Sandslash|Sandslash-Alola, F|100\/100\n|-damage|p1a: Chance|88\/100|[from] Stealth Rock\n|turn|19\n|\n|t:|1700500893\n|move|p2a: Sandslash|Knock Off|p1a: Chance\n|-damage|p1a: Chance|69\/100\n|-enditem|p1a: Chance|Leftovers|[from] move: Knock Off|[of] p2a: Sandslash\n|move|p1a: Chance|Acid Armor|p1a: Chance\n|-boost|p1a: Chance|def|2\n|\n|-weather|Snow|[upkeep]\n|upkeep\n|turn|20\n|\n|t:|1700500898\n|move|p2a: Sandslash|Swords Dance|p2a: Sandslash\n|-boost|p2a: Sandslash|atk|2\n|move|p1a: Chance|Scald|p2a: Sandslash\n|-damage|p2a: Sandslash|56\/100\n|-status|p2a: Sandslash|brn\n|\n|-weather|Snow|[upkeep]\n|-damage|p2a: Sandslash|50\/100 brn|[from] brn\n|upkeep\n|turn|21\n|\n|t:|1700500902\n|move|p2a: Sandslash|Earthquake|p1a: Chance\n|-damage|p1a: Chance|58\/100\n|move|p1a: Chance|Scald|p2a: Sandslash\n|-damage|p2a: Sandslash|3\/100 brn\n|\n|-weather|Snow|[upkeep]\n|-damage|p2a: Sandslash|0 fnt|[from] brn\n|faint|p2a: Sandslash\n|\n|win|LaxativeCement\n|upkeep\n|raw|LaxativeCement's rating: 1592 &rarr; <strong>1606<\/strong><br \/>(+14 for winning)\n|raw|pok3monjake's rating: 1493 &rarr; <strong>1479<\/strong><br \/>(-14 for losing)\n|c|\u2606LaxativeCement|gg\n","uploadtime":1700500907,"views":14,"p1id":"laxativecement","p2id":"pok3monjake","formatid":"gen9ou","rating":1479,"private":0,"password":""}