{"id":"gen9ou-1993004375","p1":"Too_much_001","p2":"LanceMaster","format":"[Gen 9] OU","log":"|j|\u2606Too_much_001\n|j|\u2606LanceMaster\n|t:|1700254611\n|gametype|singles\n|player|p1|Too_much_001|lance|1095\n|player|p2|LanceMaster|red|1119\n|teamsize|p1|6\n|teamsize|p2|6\n|gen|9\n|tier|[Gen 9] OU\n|rated|\n|rule|Sleep Clause Mod: Limit one foe put to sleep\n|rule|Species Clause: Limit one of each Pok\u00e9mon\n|rule|OHKO Clause: OHKO moves are banned\n|rule|Evasion Items Clause: Evasion items are banned\n|rule|Evasion Moves Clause: Evasion moves are banned\n|rule|Endless Battle Clause: Forcing endless battles is banned\n|rule|HP Percentage Mod: HP is shown in percentages\n|clearpoke\n|poke|p1|Cinderace, F|\n|poke|p1|Glimmora, F|\n|poke|p1|Zangoose, F|\n|poke|p1|Conkeldurr, M|\n|poke|p1|Breloom, F|\n|poke|p1|Gholdengo|\n|poke|p2|Scizor, F|\n|poke|p2|Garchomp, M|\n|poke|p2|Gengar, M|\n|poke|p2|Umbreon, F|\n|poke|p2|Electrode-Hisui|\n|poke|p2|Great Tusk|\n|teampreview\n|\n|t:|1700254622\n|start\n|switch|p1a: Glimmora|Glimmora, F, shiny|100\/100\n|switch|p2a: Deviljho|Garchomp, M, shiny|100\/100\n|turn|1\n|\n|t:|1700254639\n|move|p2a: Deviljho|Stealth Rock|p1a: Glimmora\n|-sidestart|p1: Too_much_001|move: Stealth Rock\n|move|p1a: Glimmora|Sludge Wave|p2a: Deviljho\n|-resisted|p2a: Deviljho\n|-damage|p2a: Deviljho|76\/100\n|\n|upkeep\n|turn|2\n|\n|t:|1700254645\n|move|p2a: Deviljho|Earthquake|p1a: Glimmora\n|-supereffective|p1a: Glimmora\n|-damage|p1a: Glimmora|0 fnt\n|-activate|p1a: Glimmora|ability: Toxic Debris\n|-sidestart|p2: LanceMaster|move: Toxic Spikes\n|faint|p1a: Glimmora\n|\n|upkeep\n|\n|t:|1700254653\n|switch|p1a: Cinderace|Cinderace, F|100\/100\n|turn|3\n|\n|t:|1700254662\n|move|p1a: Cinderace|Court Change|p1a: Cinderace\n|-start|p1a: Cinderace|typechange|Normal|[from] ability: Libero\n|-swapsideconditions\n|-activate|p1a: Cinderace|move: Court Change\n|move|p2a: Deviljho|Earthquake|p1a: Cinderace\n|-damage|p1a: Cinderace|44\/100\n|\n|upkeep\n|turn|4\n|\n|t:|1700254674\n|move|p1a: Cinderace|U-turn|p2a: Deviljho\n|-damage|p2a: Deviljho|58\/100\n|-damage|p1a: Cinderace|32\/100|[from] ability: Rough Skin|[of] p2a: Deviljho\n|-damage|p1a: Cinderace|15\/100|[from] item: Rocky Helmet|[of] p2a: Deviljho\n|\n|t:|1700254679\n|switch|p1a: Breloom|Breloom, F, shiny|100\/100|[from] U-turn\n|-status|p1a: Breloom|psn\n|move|p2a: Deviljho|Spikes|p1a: Breloom\n|-sidestart|p1: Too_much_001|Spikes\n|\n|upkeep\n|turn|5\n|\n|t:|1700254687\n|move|p2a: Deviljho|Stealth Rock|p1a: Breloom\n|-sidestart|p1: Too_much_001|move: Stealth Rock\n|move|p1a: Breloom|Leech Seed|p2a: Deviljho\n|-start|p2a: Deviljho|move: Leech Seed\n|\n|-damage|p2a: Deviljho|45\/100|[from] Leech Seed|[of] p1a: Breloom\n|upkeep\n|turn|6\n|\n|t:|1700254693\n|move|p1a: Breloom|Substitute|p1a: Breloom\n|-start|p1a: Breloom|Substitute\n|-damage|p1a: Breloom|75\/100 psn\n|move|p2a: Deviljho|Dragon Tail|p1a: Breloom\n|-end|p1a: Breloom|Substitute\n|\n|-heal|p1a: Breloom|82\/100 psn|[from] item: Leftovers\n|-damage|p2a: Deviljho|33\/100|[from] Leech Seed|[of] p1a: Breloom\n|-heal|p1a: Breloom|98\/100 psn|[silent]\n|-heal|p1a: Breloom|100\/100 psn|[from] ability: Poison Heal\n|upkeep\n|turn|7\n|\n|t:|1700254703\n|move|p1a: Breloom|Protect|p1a: Breloom\n|-singleturn|p1a: Breloom|Protect\n|move|p2a: Deviljho|Dragon Tail|p1a: Breloom\n|-activate|p1a: Breloom|move: Protect\n|\n|-damage|p2a: Deviljho|21\/100|[from] Leech Seed|[of] p1a: Breloom\n|upkeep\n|turn|8\n|\n|t:|1700254715\n|move|p1a: Breloom|Substitute|p1a: Breloom\n|-start|p1a: Breloom|Substitute\n|-damage|p1a: Breloom|75\/100 psn\n|move|p2a: Deviljho|Dragon Tail|p1a: Breloom\n|-end|p1a: Breloom|Substitute\n|\n|-heal|p1a: Breloom|82\/100 psn|[from] item: Leftovers\n|-damage|p2a: Deviljho|8\/100|[from] Leech Seed|[of] p1a: Breloom\n|-heal|p1a: Breloom|98\/100 psn|[silent]\n|-heal|p1a: Breloom|100\/100 psn|[from] ability: Poison Heal\n|upkeep\n|turn|9\n|\n|t:|1700254731\n|move|p1a: Breloom|Substitute|p1a: Breloom\n|-start|p1a: Breloom|Substitute\n|-damage|p1a: Breloom|75\/100 psn\n|move|p2a: Deviljho|Dragon Tail|p1a: Breloom\n|-end|p1a: Breloom|Substitute\n|\n|-heal|p1a: Breloom|82\/100 psn|[from] item: Leftovers\n|-damage|p2a: Deviljho|0 fnt|[from] Leech Seed|[of] p1a: Breloom\n|-heal|p1a: Breloom|92\/100 psn|[silent]\n|faint|p2a: Deviljho\n|-heal|p1a: Breloom|100\/100 psn|[from] ability: Poison Heal\n|upkeep\n|\n|t:|1700254746\n|switch|p2a: Clamp|Scizor, F|100\/100\n|-damage|p2a: Clamp|88\/100|[from] Stealth Rock\n|turn|10\n|\n|t:|1700254768\n|move|p2a: Clamp|Dual Wingbeat|p1a: Breloom\n|-supereffective|p1a: Breloom\n|-damage|p1a: Breloom|0 fnt\n|faint|p1a: Breloom\n|-hitcount|p1: Breloom|1\n|-damage|p2a: Clamp|78\/100|[from] item: Life Orb\n|\n|upkeep\n|\n|t:|1700254789\n|switch|p1a: Gholdengo|Gholdengo|100\/100\n|-damage|p1a: Gholdengo|88\/100|[from] Spikes\n|-damage|p1a: Gholdengo|82\/100|[from] Stealth Rock\n|turn|11\n|\n|t:|1700254811\n|move|p1a: Gholdengo|Make It Rain|p2a: Clamp\n|-resisted|p2a: Clamp\n|-damage|p2a: Clamp|30\/100\n|-unboost|p1a: Gholdengo|spa|1\n|move|p2a: Clamp|Dual Wingbeat|p1a: Gholdengo\n|-resisted|p1a: Gholdengo\n|-damage|p1a: Gholdengo|65\/100\n|-resisted|p1a: Gholdengo\n|-damage|p1a: Gholdengo|50\/100\n|-hitcount|p1a: Gholdengo|2\n|-damage|p2a: Clamp|20\/100|[from] item: Life Orb\n|\n|upkeep\n|turn|12\n|\n|t:|1700254825\n|move|p2a: Clamp|Bullet Punch|p1a: Gholdengo\n|-resisted|p1a: Gholdengo\n|-damage|p1a: Gholdengo|26\/100\n|-damage|p2a: Clamp|10\/100|[from] item: Life Orb\n|move|p1a: Gholdengo|Make It Rain|p2a: Clamp\n|-resisted|p2a: Clamp\n|-damage|p2a: Clamp|0 fnt\n|-unboost|p1a: Gholdengo|spa|1\n|faint|p2a: Clamp\n|\n|upkeep\n|\n|t:|1700254838\n|switch|p2a: Mokujin|Electrode-Hisui|100\/100\n|turn|13\n|\n|t:|1700254846\n|switch|p1a: Cinderace|Cinderace, F|15\/100\n|move|p2a: Mokujin|Thunderbolt|p1a: Cinderace\n|-damage|p1a: Cinderace|0 fnt\n|faint|p1a: Cinderace\n|\n|upkeep\n|\n|t:|1700254856\n|switch|p1a: Conkeldurr|Conkeldurr, M, shiny|100\/100\n|-status|p1a: Conkeldurr|psn\n|-damage|p1a: Conkeldurr|88\/100 psn|[from] Spikes\n|-damage|p1a: Conkeldurr|82\/100 psn|[from] Stealth Rock\n|turn|14\n|\n|t:|1700254865\n|move|p2a: Mokujin|Volt Switch|p1a: Conkeldurr\n|-crit|p1a: Conkeldurr\n|-damage|p1a: Conkeldurr|23\/100 psn\n|\n|t:|1700254868\n|switch|p2a: Creepypasta|Gengar, M, shiny|100\/100|[from] Volt Switch\n|-damage|p2a: Creepypasta|88\/100|[from] Stealth Rock\n|move|p1a: Conkeldurr|Facade|p2a: Creepypasta\n|-immune|p2a: Creepypasta\n|\n|-heal|p2a: Creepypasta|94\/100|[from] item: Leftovers\n|-damage|p1a: Conkeldurr|11\/100 psn|[from] psn\n|upkeep\n|turn|15\n|\n|t:|1700254879\n|move|p2a: Creepypasta|Hex|p1a: Conkeldurr\n|-damage|p1a: Conkeldurr|0 fnt\n|faint|p1a: Conkeldurr\n|\n|-heal|p2a: Creepypasta|100\/100|[from] item: Leftovers\n|upkeep\n|\n|t:|1700254885\n|switch|p1a: Gholdengo|Gholdengo|26\/100\n|-damage|p1a: Gholdengo|14\/100|[from] Spikes\n|-damage|p1a: Gholdengo|8\/100|[from] Stealth Rock\n|turn|16\n|\n|t:|1700254889\n|move|p1a: Gholdengo|Make It Rain|p2a: Creepypasta\n|-damage|p2a: Creepypasta|0 fnt\n|-unboost|p1a: Gholdengo|spa|1\n|-start|p1a: Gholdengo|Disable|Make It Rain|[from] ability: Cursed Body|[of] p2a: Creepypasta\n|faint|p2a: Creepypasta\n|\n|upkeep\n|\n|t:|1700254894\n|switch|p2a: Mokujin|Electrode-Hisui|100\/100\n|turn|17\n|\n|t:|1700254899\n|move|p2a: Mokujin|Thunderbolt|p1a: Gholdengo\n|-damage|p1a: Gholdengo|0 fnt\n|faint|p1a: Gholdengo\n|\n|upkeep\n|\n|t:|1700254902\n|switch|p1a: Zangoose|Zangoose, F, shiny|100\/100\n|-status|p1a: Zangoose|psn\n|-damage|p1a: Zangoose|88\/100 psn|[from] Spikes\n|-damage|p1a: Zangoose|76\/100 psn|[from] Stealth Rock\n|turn|18\n|\n|t:|1700254911\n|move|p2a: Mokujin|Thunderbolt|p1a: Zangoose\n|-damage|p1a: Zangoose|17\/100 psn\n|move|p1a: Zangoose|Facade|p2a: Mokujin\n|-damage|p2a: Mokujin|0 fnt\n|faint|p2a: Mokujin\n|-damage|p1a: Zangoose|7\/100 psn|[from] item: Life Orb\n|\n|-damage|p1a: Zangoose|0 fnt|[from] psn\n|faint|p1a: Zangoose\n|\n|win|LanceMaster\n|upkeep\n|raw|Too_much_001's rating: 1095 &rarr; <strong>1072<\/strong><br \/>(-23 for losing)\n|raw|LanceMaster's rating: 1119 &rarr; <strong>1142<\/strong><br \/>(+23 for winning)\n","uploadtime":1700254931,"views":11,"p1id":"toomuch001","p2id":"lancemaster","formatid":"gen9ou","rating":1072,"private":0,"password":""}