{"id":"gen9ou-1994146574","p1":"TyraxTest","p2":"eddy kujo","format":"[Gen 9] OU","log":"|j|\u2606TyraxTest\n|j|\u2606eddy kujo\n|t:|1700412318\n|gametype|singles\n|player|p1|TyraxTest|pokemonbreeder-gen4|1156\n|player|p2|eddy kujo|flint|1190\n|teamsize|p1|6\n|teamsize|p2|6\n|gen|9\n|tier|[Gen 9] OU\n|rated|\n|rule|Sleep Clause Mod: Limit one foe put to sleep\n|rule|Species Clause: Limit one of each Pok\u00e9mon\n|rule|OHKO Clause: OHKO moves are banned\n|rule|Evasion Items Clause: Evasion items are banned\n|rule|Evasion Moves Clause: Evasion moves are banned\n|rule|Endless Battle Clause: Forcing endless battles is banned\n|rule|HP Percentage Mod: HP is shown in percentages\n|clearpoke\n|poke|p1|Clefable, F|\n|poke|p1|Dragapult, F|\n|poke|p1|Ogerpon-Wellspring, F|\n|poke|p1|Kingambit, M|\n|poke|p1|Samurott-Hisui, F|\n|poke|p1|Ceruledge, F|\n|poke|p2|Weavile, M|\n|poke|p2|Goodra, F|\n|poke|p2|Torterra, M|\n|poke|p2|Pelipper, F|\n|poke|p2|Barraskewda, F|\n|poke|p2|Thundurus-Therian, M|\n|teampreview\n|inactive|Battle timer is ON: inactive players will automatically lose when time's up. (requested by eddy kujo)\n|c|\u2606TyraxTest|Good Fight\n|\n|t:|1700412325\n|start\n|switch|p1a: Dragapult|Dragapult, F|100\/100\n|switch|p2a: Pelipper|Pelipper, F|100\/100\n|-weather|RainDance|[from] ability: Drizzle|[of] p2a: Pelipper\n|turn|1\n|c|\u2606eddy kujo|glhf\n|\n|t:|1700412330\n|move|p1a: Dragapult|Reflect|p1a: Dragapult\n|-sidestart|p1: TyraxTest|Reflect\n|move|p2a: Pelipper|Ice Beam|p1a: Dragapult\n|-supereffective|p1a: Dragapult\n|-damage|p1a: Dragapult|34\/100\n|\n|-weather|RainDance|[upkeep]\n|upkeep\n|turn|2\n|\n|t:|1700412334\n|move|p1a: Dragapult|Light Screen|p1a: Dragapult\n|-sidestart|p1: TyraxTest|move: Light Screen\n|move|p2a: Pelipper|Ice Beam|p1a: Dragapult\n|-supereffective|p1a: Dragapult\n|-damage|p1a: Dragapult|3\/100\n|\n|-weather|RainDance|[upkeep]\n|upkeep\n|turn|3\n|\n|t:|1700412341\n|move|p1a: Dragapult|Dragon Darts|p2a: Pelipper\n|-damage|p2a: Pelipper|79\/100\n|-anim|p1a: Dragapult|Dragon Darts|p2a: Pelipper\n|-damage|p2a: Pelipper|56\/100\n|move|p2a: Pelipper|U-turn|p1a: Dragapult\n|-resisted|p1a: Dragapult\n|-damage|p1a: Dragapult|1\/100\n|-start|p2a: Pelipper|Disable|U-turn|[from] ability: Cursed Body|[of] p1a: Dragapult\n|\n|t:|1700412355\n|switch|p2a: Thundurus|Thundurus-Therian, M|100\/100|[from] U-turn\n|\n|-weather|RainDance|[upkeep]\n|upkeep\n|turn|4\n|\n|t:|1700412359\n|move|p2a: Thundurus|Thunder|p1a: Dragapult\n|-resisted|p1a: Dragapult\n|-damage|p1a: Dragapult|0 fnt\n|faint|p1a: Dragapult\n|\n|-weather|RainDance|[upkeep]\n|upkeep\n|\n|t:|1700412373\n|switch|p1a: Clefable|Clefable, F|100\/100\n|turn|5\n|\n|t:|1700412380\n|switch|p2a: Pelipper|Pelipper, F|56\/100\n|move|p1a: Clefable|Moonblast|p2a: Pelipper\n|-damage|p2a: Pelipper|0 fnt\n|faint|p2a: Pelipper\n|\n|-weather|RainDance|[upkeep]\n|upkeep\n|\n|t:|1700412385\n|switch|p2a: Barraskewda|Barraskewda, F|100\/100\n|turn|6\n|\n|t:|1700412388\n|move|p2a: Barraskewda|Liquidation|p1a: Clefable\n|-damage|p1a: Clefable|60\/100\n|move|p1a: Clefable|Moonblast|p2a: Barraskewda\n|-damage|p2a: Barraskewda|7\/100\n|-unboost|p2a: Barraskewda|spa|1\n|\n|-weather|RainDance|[upkeep]\n|upkeep\n|turn|7\n|\n|t:|1700412393\n|move|p2a: Barraskewda|Liquidation|p1a: Clefable\n|-damage|p1a: Clefable|24\/100\n|move|p1a: Clefable|Moonblast|p2a: Barraskewda\n|-damage|p2a: Barraskewda|0 fnt\n|faint|p2a: Barraskewda\n|\n|-weather|RainDance|[upkeep]\n|upkeep\n|\n|t:|1700412397\n|switch|p2a: Torterra|Torterra, M|100\/100\n|turn|8\n|\n|t:|1700412402\n|-terastallize|p2a: Torterra|Ice\n|move|p2a: Torterra|Shell Smash|p2a: Torterra\n|-unboost|p2a: Torterra|def|1\n|-unboost|p2a: Torterra|spd|1\n|-boost|p2a: Torterra|atk|2\n|-boost|p2a: Torterra|spa|2\n|-boost|p2a: Torterra|spe|2\n|-enditem|p2a: Torterra|White Herb\n|-clearnegativeboost|p2a: Torterra|[silent]\n|move|p1a: Clefable|Moonblast|p2a: Torterra\n|-damage|p2a: Torterra|49\/100\n|\n|-weather|none\n|-sideend|p1: TyraxTest|Reflect\n|upkeep\n|turn|9\n|\n|t:|1700412424\n|move|p2a: Torterra|Earthquake|p1a: Clefable\n|-damage|p1a: Clefable|0 fnt\n|faint|p1a: Clefable\n|\n|-sideend|p1: TyraxTest|move: Light Screen\n|upkeep\n|\n|t:|1700412434\n|switch|p1a: Ceruledge|Ceruledge, F|100\/100\n|turn|10\n|\n|t:|1700412441\n|-terastallize|p1a: Ceruledge|Grass\n|move|p2a: Torterra|Earthquake|p1a: Ceruledge\n|-resisted|p1a: Ceruledge\n|-damage|p1a: Ceruledge|38\/100\n|move|p1a: Ceruledge|Swords Dance|p1a: Ceruledge\n|-boost|p1a: Ceruledge|atk|2\n|\n|upkeep\n|turn|11\n|\n|t:|1700412445\n|move|p1a: Ceruledge|Shadow Sneak|p2a: Torterra\n|-damage|p2a: Torterra|0 fnt\n|faint|p2a: Torterra\n|\n|upkeep\n|\n|t:|1700412448\n|switch|p2a: Weavile|Weavile, M|100\/100\n|-ability|p2a: Weavile|Pressure\n|turn|12\n|\n|t:|1700412456\n|switch|p1a: Ogerpon|Ogerpon-Wellspring, F|100\/100\n|move|p2a: Weavile|Ice Shard|p1a: Ogerpon\n|-damage|p1a: Ogerpon|66\/100\n|-damage|p2a: Weavile|91\/100|[from] item: Life Orb\n|\n|upkeep\n|turn|13\n|\n|t:|1700412462\n|move|p2a: Weavile|Knock Off|p1a: Ogerpon\n|-damage|p1a: Ogerpon|15\/100\n|-damage|p2a: Weavile|81\/100|[from] item: Life Orb\n|move|p1a: Ogerpon|Ivy Cudgel|p2a: Weavile|[anim] Ivy Cudgel Water\n|-crit|p2a: Weavile\n|-damage|p2a: Weavile|0 fnt\n|faint|p2a: Weavile\n|\n|upkeep\n|\n|t:|1700412468\n|switch|p2a: Thundurus|Thundurus-Therian, M|100\/100\n|turn|14\n|\n|t:|1700412476\n|switch|p1a: Ceruledge|Ceruledge, F, tera:Grass|38\/100\n|move|p2a: Thundurus|Volt Switch|p1a: Ceruledge\n|-resisted|p1a: Ceruledge\n|-damage|p1a: Ceruledge|17\/100\n|\n|t:|1700412479\n|switch|p2a: Goodra|Goodra, F|100\/100|[from] Volt Switch\n|\n|upkeep\n|turn|15\n|\n|t:|1700412481\n|move|p1a: Ceruledge|Poltergeist|p2a: Goodra\n|-activate|p2a: Goodra|move: Poltergeist|Assault Vest\n|-damage|p2a: Goodra|25\/100\n|move|p2a: Goodra|Sludge Bomb|p1a: Ceruledge\n|-supereffective|p1a: Ceruledge\n|-damage|p1a: Ceruledge|0 fnt\n|faint|p1a: Ceruledge\n|\n|upkeep\n|\n|t:|1700412490\n|switch|p1a: Samurott|Samurott-Hisui, F|100\/100\n|turn|16\n|\n|t:|1700412496\n|move|p1a: Samurott|Knock Off|p2a: Goodra\n|-damage|p2a: Goodra|0 fnt\n|-enditem|p2a: Goodra|Assault Vest|[from] move: Knock Off|[of] p1a: Samurott\n|faint|p2a: Goodra\n|\n|upkeep\n|\n|t:|1700412498\n|switch|p2a: Thundurus|Thundurus-Therian, M|100\/100\n|turn|17\n|\n|t:|1700412500\n|move|p2a: Thundurus|Thunder|p1a: Samurott\n|-supereffective|p1a: Samurott\n|-damage|p1a: Samurott|0 fnt\n|faint|p1a: Samurott\n|\n|upkeep\n|\n|t:|1700412503\n|switch|p1a: Ogerpon|Ogerpon-Wellspring, F|15\/100\n|turn|18\n|\n|t:|1700412509\n|move|p2a: Thundurus|Thunder|p1a: Ogerpon\n|-crit|p1a: Ogerpon\n|-damage|p1a: Ogerpon|0 fnt\n|faint|p1a: Ogerpon\n|\n|upkeep\n|\n|t:|1700412510\n|switch|p1a: Kingambit|Kingambit, M|100\/100\n|-activate|p1a: Kingambit|ability: Supreme Overlord\n|-start|p1a: Kingambit|fallen5|[silent]\n|turn|19\n|\n|t:|1700412514\n|move|p1a: Kingambit|Sucker Punch|p2a: Thundurus\n|-damage|p2a: Thundurus|11\/100\n|move|p2a: Thundurus|Thunder|p1a: Kingambit\n|-damage|p1a: Kingambit|33\/100\n|\n|upkeep\n|turn|20\n|c|\u2606eddy kujo|gg\n|\n|t:|1700412522\n|move|p1a: Kingambit|Sucker Punch|p2a: Thundurus\n|-crit|p2a: Thundurus\n|-damage|p2a: Thundurus|0 fnt\n|faint|p2a: Thundurus\n|\n|win|TyraxTest\n|raw|TyraxTest's rating: 1156 &rarr; <strong>1183<\/strong><br \/>(+27 for winning)\n|raw|eddy kujo's rating: 1190 &rarr; <strong>1163<\/strong><br \/>(-27 for losing)\n|c|\u2606TyraxTest|gg\n|l|\u2606eddy kujo\n","uploadtime":1700412528,"views":17,"p1id":"tyraxtest","p2id":"eddykujo","formatid":"gen9ou","rating":1163,"private":0,"password":""}