{"id":"gen9ou-1991037318","p1":"mark_of_chaos","p2":"Bhaviswar 2","format":"[Gen 9] OU","log":"|j|\u2606mark_of_chaos\n|j|\u2606Bhaviswar 2\n|inactive|Battle timer is ON: inactive players will automatically lose when time's up.\n|t:|1700032338\n|gametype|singles\n|player|p1|mark_of_chaos|169|\n|player|p2|Bhaviswar 2|volkner|\n|teamsize|p1|6\n|teamsize|p2|6\n|gen|9\n|tier|[Gen 9] OU\n|rated|Tournament battle\n|rule|Sleep Clause Mod: Limit one foe put to sleep\n|rule|Species Clause: Limit one of each Pok\u00e9mon\n|rule|OHKO Clause: OHKO moves are banned\n|rule|Evasion Items Clause: Evasion items are banned\n|rule|Evasion Moves Clause: Evasion moves are banned\n|rule|Endless Battle Clause: Forcing endless battles is banned\n|rule|HP Percentage Mod: HP is shown in percentages\n|clearpoke\n|poke|p1|Okidogi, M|\n|poke|p1|Qwilfish-Hisui, F|\n|poke|p1|Altaria, F|\n|poke|p1|Grumpig, F|\n|poke|p1|Dondozo, M|\n|poke|p1|Dachsbun, F|\n|poke|p2|Qwilfish-Hisui, F|\n|poke|p2|Dachsbun, M|\n|poke|p2|Okidogi, M|\n|poke|p2|Dondozo, F|\n|poke|p2|Grumpig, M|\n|poke|p2|Altaria, M|\n|teampreview\n|j|*Lady Monita \u2746\n|\n|t:|1700032344\n|start\n|switch|p1a: Grumpig|Grumpig, F|100\/100\n|switch|p2a: Altaria|Altaria, M|100\/100\n|turn|1\n|\n|t:|1700032347\n|move|p1a: Grumpig|Nasty Plot|p1a: Grumpig\n|-boost|p1a: Grumpig|spa|2\n|move|p2a: Altaria|Tailwind|p2a: Altaria\n|-sidestart|p2: Bhaviswar 2|move: Tailwind\n|\n|upkeep\n|turn|2\n|\n|t:|1700032353\n|move|p2a: Altaria|Haze|p2a: Altaria\n|-clearallboost\n|move|p1a: Grumpig|Psyshock|p2a: Altaria\n|-damage|p2a: Altaria|58\/100\n|-damage|p1a: Grumpig|91\/100|[from] item: Life Orb\n|\n|-heal|p2a: Altaria|64\/100|[from] item: Leftovers\n|upkeep\n|turn|3\n|\n|t:|1700032359\n|switch|p2a: Qwilfish|Qwilfish-Hisui, F|100\/100\n|-ability|p2a: Qwilfish|Intimidate|boost\n|-unboost|p1a: Grumpig|atk|1\n|move|p1a: Grumpig|Nasty Plot|p1a: Grumpig\n|-boost|p1a: Grumpig|spa|2\n|\n|upkeep\n|turn|4\n|\n|t:|1700032371\n|move|p2a: Qwilfish|Hex|p1a: Grumpig\n|-supereffective|p1a: Grumpig\n|-damage|p1a: Grumpig|69\/100\n|move|p1a: Grumpig|Earth Power|p2a: Qwilfish\n|-supereffective|p2a: Qwilfish\n|-damage|p2a: Qwilfish|0 fnt\n|faint|p2a: Qwilfish\n|-damage|p1a: Grumpig|59\/100|[from] item: Life Orb\n|\n|-sideend|p2: Bhaviswar 2|move: Tailwind\n|upkeep\n|\n|t:|1700032384\n|switch|p2a: Altaria|Altaria, M|64\/100\n|turn|5\n|\n|t:|1700032400\n|move|p1a: Grumpig|Psyshock|p2a: Altaria\n|-damage|p2a: Altaria|0 fnt\n|faint|p2a: Altaria\n|-damage|p1a: Grumpig|49\/100|[from] item: Life Orb\n|\n|upkeep\n|c|\u2606mark_of_chaos|my last two games went 86 and 53 turns respectivly :S\n|inactive|Bhaviswar 2 has 120 seconds left.\n|\n|t:|1700032441\n|switch|p2a: Okidogi|Okidogi, M|100\/100\n|turn|6\n|\n|t:|1700032452\n|-terastallize|p2a: Okidogi|Dark\n|move|p2a: Okidogi|Crunch|p1a: Grumpig\n|-supereffective|p1a: Grumpig\n|-damage|p1a: Grumpig|0 fnt\n|faint|p1a: Grumpig\n|\n|upkeep\n|\n|t:|1700032466\n|switch|p1a: Okidogi|Okidogi, M|100\/100\n|turn|7\n|\n|t:|1700032473\n|switch|p2a: Dondozo|Dondozo, F|100\/100\n|move|p1a: Okidogi|Bulk Up|p1a: Okidogi\n|-boost|p1a: Okidogi|atk|1\n|-boost|p1a: Okidogi|def|1\n|\n|upkeep\n|turn|8\n|\n|t:|1700032482\n|switch|p1a: Altaria|Altaria, F|100\/100\n|move|p2a: Dondozo|Earthquake|p1a: Altaria\n|-immune|p1a: Altaria\n|\n|upkeep\n|turn|9\n|\n|t:|1700032484\n|move|p1a: Altaria|Hyper Beam|p2a: Dondozo\n|-crit|p2a: Dondozo\n|-damage|p2a: Dondozo|50\/100\n|-mustrecharge|p1a: Altaria\n|move|p2a: Dondozo|Wave Crash|p1a: Altaria\n|-resisted|p1a: Altaria\n|-damage|p1a: Altaria|62\/100\n|-damage|p2a: Dondozo|43\/100|[from] Recoil\n|\n|upkeep\n|turn|10\n|\n|t:|1700032488\n|cant|p1a: Altaria|recharge\n|move|p2a: Dondozo|Wave Crash|p1a: Altaria\n|-resisted|p1a: Altaria\n|-damage|p1a: Altaria|28\/100\n|-damage|p2a: Dondozo|37\/100|[from] Recoil\n|\n|upkeep\n|turn|11\n|\n|t:|1700032491\n|move|p1a: Altaria|Hyper Beam|p2a: Dondozo\n|-damage|p2a: Dondozo|0 fnt\n|-mustrecharge|p1a: Altaria\n|faint|p2a: Dondozo\n|\n|upkeep\n|\n|t:|1700032499\n|switch|p2a: Dachsbun|Dachsbun, M, shiny|100\/100\n|turn|12\n|\n|t:|1700032502\n|cant|p1a: Altaria|recharge\n|move|p2a: Dachsbun|Play Rough|p1a: Altaria\n|-supereffective|p1a: Altaria\n|-damage|p1a: Altaria|0 fnt\n|faint|p1a: Altaria\n|\n|upkeep\n|\n|t:|1700032511\n|switch|p1a: Qwilfish|Qwilfish-Hisui, F|100\/100\n|-ability|p1a: Qwilfish|Intimidate|boost\n|-unboost|p2a: Dachsbun|atk|1\n|turn|13\n|\n|t:|1700032518\n|move|p1a: Qwilfish|Gunk Shot|p2a: Dachsbun|[miss]\n|-miss|p1a: Qwilfish|p2a: Dachsbun\n|move|p2a: Dachsbun|Yawn|p1a: Qwilfish\n|-start|p1a: Qwilfish|move: Yawn|[of] p2a: Dachsbun\n|\n|upkeep\n|turn|14\n|\n|t:|1700032523\n|switch|p1a: Dachsbun|Dachsbun, F|100\/100\n|move|p2a: Dachsbun|Wish|p2a: Dachsbun\n|\n|upkeep\n|turn|15\n|\n|t:|1700032534\n|switch|p2a: Grumpig|Grumpig, M, shiny|100\/100\n|move|p1a: Dachsbun|Wish|p1a: Dachsbun\n|\n|upkeep\n|turn|16\n|\n|t:|1700032539\n|move|p2a: Grumpig|Earth Power|p1a: Dachsbun\n|-damage|p1a: Dachsbun|71\/100\n|move|p1a: Dachsbun|Yawn|p2a: Grumpig\n|-start|p2a: Grumpig|move: Yawn|[of] p1a: Dachsbun\n|\n|-heal|p1a: Dachsbun|100\/100|[from] move: Wish|[wisher] Dachsbun\n|upkeep\n|turn|17\n|\n|t:|1700032544\n|switch|p2a: Okidogi|Okidogi, M, tera:Dark|100\/100\n|move|p1a: Dachsbun|Charm|p2a: Okidogi\n|-unboost|p2a: Okidogi|atk|2\n|\n|upkeep\n|turn|18\n|\n|t:|1700032549\n|move|p1a: Dachsbun|Wish|p1a: Dachsbun\n|move|p2a: Okidogi|Gunk Shot|p1a: Dachsbun\n|-supereffective|p1a: Dachsbun\n|-enditem|p1a: Dachsbun|Kebia Berry|[eat]\n|-enditem|p1a: Dachsbun|Kebia Berry|[weaken]\n|-damage|p1a: Dachsbun|54\/100\n|\n|upkeep\n|turn|19\n|\n|t:|1700032559\n|switch|p1a: Okidogi|Okidogi, M|100\/100\n|switch|p2a: Dachsbun|Dachsbun, M, shiny|100\/100\n|\n|upkeep\n|turn|20\n|\n|t:|1700032564\n|move|p2a: Dachsbun|Yawn|p1a: Okidogi\n|-start|p1a: Okidogi|move: Yawn|[of] p2a: Dachsbun\n|move|p1a: Okidogi|Gunk Shot|p2a: Dachsbun\n|-supereffective|p2a: Dachsbun\n|-damage|p2a: Dachsbun|8\/100\n|\n|-heal|p2a: Dachsbun|14\/100|[from] item: Leftovers\n|upkeep\n|turn|21\n|\n|t:|1700032575\n|move|p2a: Dachsbun|Play Rough|p1a: Okidogi\n|-damage|p1a: Okidogi|72\/100\n|move|p1a: Okidogi|Gunk Shot|p2a: Dachsbun\n|-supereffective|p2a: Dachsbun\n|-damage|p2a: Dachsbun|0 fnt\n|faint|p2a: Dachsbun\n|\n|-end|p1a: Okidogi|move: Yawn|[silent]\n|-status|p1a: Okidogi|slp\n|upkeep\n|\n|t:|1700032593\n|switch|p2a: Grumpig|Grumpig, M, shiny|100\/100\n|turn|22\n|\n|t:|1700032595\n|switch|p1a: Dachsbun|Dachsbun, F|54\/100\n|move|p2a: Grumpig|Energy Ball|p1a: Dachsbun\n|-crit|p1a: Dachsbun\n|-damage|p1a: Dachsbun|7\/100\n|\n|upkeep\n|turn|23\n|\n|t:|1700032598\n|move|p2a: Grumpig|Energy Ball|p1a: Dachsbun\n|-crit|p1a: Dachsbun\n|-damage|p1a: Dachsbun|0 fnt\n|faint|p1a: Dachsbun\n|\n|upkeep\n|\n|t:|1700032602\n|switch|p1a: Qwilfish|Qwilfish-Hisui, F|100\/100\n|-ability|p1a: Qwilfish|Intimidate|boost\n|-unboost|p2a: Grumpig|atk|1\n|turn|24\n|\n|t:|1700032607\n|switch|p2a: Okidogi|Okidogi, M, tera:Dark|100\/100\n|move|p1a: Qwilfish|Gunk Shot|p2a: Okidogi\n|-damage|p2a: Okidogi|49\/100\n|\n|upkeep\n|turn|25\n|\n|t:|1700032620\n|move|p1a: Qwilfish|Gunk Shot|p2a: Okidogi\n|-damage|p2a: Okidogi|0 fnt\n|faint|p2a: Okidogi\n|\n|upkeep\n|\n|t:|1700032623\n|switch|p2a: Grumpig|Grumpig, M, shiny|100\/100\n|turn|26\n|\n|t:|1700032628\n|move|p2a: Grumpig|Earth Power|p1a: Qwilfish\n|-supereffective|p1a: Qwilfish\n|-damage|p1a: Qwilfish|38\/100\n|move|p1a: Qwilfish|Taunt|p2a: Grumpig\n|-start|p2a: Grumpig|move: Taunt\n|\n|upkeep\n|turn|27\n|\n|t:|1700032636\n|-terastallize|p1a: Qwilfish|Bug\n|move|p2a: Grumpig|Earth Power|p1a: Qwilfish\n|-resisted|p1a: Qwilfish\n|-damage|p1a: Qwilfish|22\/100\n|move|p1a: Qwilfish|Destiny Bond|p1a: Qwilfish\n|-singlemove|p1a: Qwilfish|Destiny Bond\n|\n|upkeep\n|turn|28\n|c|\u2606mark_of_chaos|WOW\n|c|\u2606mark_of_chaos|IT WAS TOO STRONG\n|\n|t:|1700032654\n|move|p2a: Grumpig|Earth Power|p1a: Qwilfish\n|-resisted|p1a: Qwilfish\n|-damage|p1a: Qwilfish|6\/100\n|move|p1a: Qwilfish|Gunk Shot|p2a: Grumpig\n|-damage|p2a: Grumpig|17\/100\n|\n|upkeep\n|turn|29\n|j| Im dumb srly\n|c|\u2606mark_of_chaos|i had\n|c|\u2606mark_of_chaos|destiny bond but bug terra was to strong ahaha\n|inactive|Bhaviswar 2 has 120 seconds left.\n|c|\u2606mark_of_chaos|also ur scarfed so GG\n|\n|t:|1700032709\n|move|p2a: Grumpig|Earth Power|p1a: Qwilfish\n|-resisted|p1a: Qwilfish\n|-damage|p1a: Qwilfish|0 fnt\n|faint|p1a: Qwilfish\n|\n|-end|p2a: Grumpig|move: Taunt\n|upkeep\n|c|\u2606mark_of_chaos|nice comeback but why did u sacrfice the dondozo?\n|\n|t:|1700032723\n|switch|p1a: Dondozo|Dondozo, M|100\/100\n|turn|30\n|\n|t:|1700032726\n|move|p2a: Grumpig|Earth Power|p1a: Dondozo\n|-damage|p1a: Dondozo|76\/100\n|move|p1a: Dondozo|Wave Crash|p2a: Grumpig\n|-damage|p2a: Grumpig|0 fnt\n|faint|p2a: Grumpig\n|-damage|p1a: Dondozo|73\/100|[from] Recoil\n|\n|win|mark_of_chaos\n|n|\u2606mark_of_chaos|markofchaos\n|n|\u2606Bhaviswar 2|bhaviswar2\n|n|*Lady Monita \u2746|ladymonita\n|n| Im dumb srly|imdumbsrly\n","uploadtime":1700032727,"views":5,"p1id":"markofchaos","p2id":"bhaviswar2","formatid":"gen9ou","rating":0,"private":0,"password":""}