{"id":"gen9ou-1996081294","p1":"spcplayzz","p2":"natsuzamaki","format":"[Gen 9] OU","log":"|j|\u2606spcplayzz\n|j|\u2606natsuzamaki\n|inactive|Battle timer is ON: inactive players will automatically lose when time's up.\n|t:|1700641014\n|gametype|singles\n|player|p1|spcplayzz|fantina|\n|player|p2|natsuzamaki|1|\n|teamsize|p1|6\n|teamsize|p2|6\n|gen|9\n|tier|[Gen 9] OU\n|rated|Tournament battle\n|rule|Sleep Clause Mod: Limit one foe put to sleep\n|rule|Species Clause: Limit one of each Pok\u00e9mon\n|rule|OHKO Clause: OHKO moves are banned\n|rule|Evasion Items Clause: Evasion items are banned\n|rule|Evasion Moves Clause: Evasion moves are banned\n|rule|Endless Battle Clause: Forcing endless battles is banned\n|rule|HP Percentage Mod: HP is shown in percentages\n|rule|Scalemons Mod: Every Pokemon's stats, barring HP, are scaled to come as close to a BST of 600 as possible\n|clearpoke\n|poke|p1|Ogerpon-Wellspring, F|\n|poke|p1|Gholdengo|\n|poke|p1|Kingambit, F|\n|poke|p1|Glimmora, M|\n|poke|p1|Iron Moth|\n|poke|p1|Iron Valiant|\n|poke|p2|Azumarill, F|\n|poke|p2|Impidimp, M|\n|poke|p2|Froslass, F|\n|poke|p2|Nosepass, M|\n|poke|p2|Corviknight, F|\n|poke|p2|Qwilfish, F|\n|teampreview\n|j|*Lady Monita \u2746\n|inactive|spcplayzz also wants the timer to be on.\n|inactive|natsuzamaki also wants the timer to be on.\n|\n|t:|1700641034\n|start\n|switch|p1a: Glimmora|Glimmora, M|100\/100\n|switch|p2a: Froslass|Froslass, F|100\/100\n|turn|1\n|\n|t:|1700641040\n|move|p2a: Froslass|Spikes|p1a: Glimmora\n|-sidestart|p1: spcplayzz|Spikes\n|move|p1a: Glimmora|Stealth Rock|p2a: Froslass\n|-sidestart|p2: natsuzamaki|move: Stealth Rock\n|\n|upkeep\n|turn|2\n|\n|t:|1700641044\n|move|p2a: Froslass|Spikes|p1a: Glimmora\n|-sidestart|p1: spcplayzz|Spikes\n|move|p1a: Glimmora|Power Gem|p2a: Froslass\n|-supereffective|p2a: Froslass\n|-crit|p2a: Froslass\n|-enditem|p2a: Froslass|Focus Sash\n|-damage|p2a: Froslass|1\/100\n|-start|p1a: Glimmora|Disable|Power Gem|[from] ability: Cursed Body|[of] p2a: Froslass\n|\n|upkeep\n|turn|3\n|\n|t:|1700641068\n|switch|p1a: Kingambit|Kingambit, F|100\/100\n|-damage|p1a: Kingambit|84\/100|[from] Spikes\n|move|p2a: Froslass|Destiny Bond|p2a: Froslass\n|-singlemove|p2a: Froslass|Destiny Bond\n|\n|upkeep\n|turn|4\n|j|^RUMYMOME\n|\n|t:|1700641077\n|move|p2a: Froslass|Spikes|p1a: Kingambit\n|-sidestart|p1: spcplayzz|Spikes\n|move|p1a: Kingambit|Kowtow Cleave|p2a: Froslass\n|-supereffective|p2a: Froslass\n|-crit|p2a: Froslass\n|-damage|p2a: Froslass|0 fnt\n|faint|p2a: Froslass\n|\n|upkeep\n|\n|t:|1700641093\n|switch|p2a: Qwilfish|Qwilfish, F|100\/100\n|-damage|p2a: Qwilfish|88\/100|[from] Stealth Rock\n|-ability|p2a: Qwilfish|Intimidate|boost\n|-unboost|p1a: Kingambit|atk|1\n|turn|5\n|\n|t:|1700641103\n|-end|p1a: Kingambit|fallenundefined|[silent]\n|switch|p1a: Gholdengo|Gholdengo|100\/100\n|-item|p1a: Gholdengo|Air Balloon\n|move|p2a: Qwilfish|Flip Turn|p1a: Gholdengo\n|-damage|p1a: Gholdengo|72\/100\n|-enditem|p1a: Gholdengo|Air Balloon\n|inactive|natsuzamaki has 120 seconds left.\n|\n|t:|1700641137\n|switch|p2a: Impidimp|Impidimp, M|100\/100|[from] Flip Turn\n|-damage|p2a: Impidimp|88\/100|[from] Stealth Rock\n|\n|upkeep\n|turn|6\n|\n|t:|1700641159\n|move|p2a: Impidimp|Light Screen|p2a: Impidimp\n|-sidestart|p2: natsuzamaki|move: Light Screen\n|move|p1a: Gholdengo|Nasty Plot|p1a: Gholdengo\n|-boost|p1a: Gholdengo|spa|2\n|\n|upkeep\n|turn|7\n|\n|t:|1700641166\n|move|p2a: Impidimp|Sucker Punch||[still]\n|-fail|p2a: Impidimp\n|move|p1a: Gholdengo|Recover|p1a: Gholdengo\n|-heal|p1a: Gholdengo|100\/100\n|\n|upkeep\n|turn|8\n|\n|t:|1700641172\n|switch|p2a: Corviknight|Corviknight, F|100\/100\n|-damage|p2a: Corviknight|88\/100|[from] Stealth Rock\n|-ability|p2a: Corviknight|Pressure\n|move|p1a: Gholdengo|Nasty Plot|p1a: Gholdengo\n|-boost|p1a: Gholdengo|spa|2\n|\n|-heal|p2a: Corviknight|94\/100|[from] item: Leftovers\n|upkeep\n|turn|9\n|\n|t:|1700641188\n|switch|p2a: Nosepass|Nosepass, M|100\/100\n|-damage|p2a: Nosepass|88\/100|[from] Stealth Rock\n|move|p1a: Gholdengo|Shadow Ball|p2a: Nosepass\n|-damage|p2a: Nosepass|22\/100\n|-enditem|p2a: Nosepass|Red Card|[of] p1a: Gholdengo\n|drag|p1a: Iron Moth|Iron Moth|100\/100\n|-damage|p1a: Iron Moth|76\/100|[from] Spikes\n|-enditem|p1a: Iron Moth|Booster Energy\n|-activate|p1a: Iron Moth|ability: Quark Drive|[fromitem]\n|-start|p1a: Iron Moth|quarkdrivespa\n|\n|upkeep\n|turn|10\n|c|\u2606spcplayzz|u\n|\n|t:|1700641209\n|move|p1a: Iron Moth|Substitute|p1a: Iron Moth\n|-start|p1a: Iron Moth|Substitute\n|-damage|p1a: Iron Moth|51\/100\n|move|p2a: Nosepass|Stealth Rock|p1a: Iron Moth\n|-sidestart|p1: spcplayzz|move: Stealth Rock\n|\n|upkeep\n|turn|11\n|\n|t:|1700641228\n|move|p1a: Iron Moth|Sludge Wave|p2a: Nosepass\n|-resisted|p2a: Nosepass\n|-damage|p2a: Nosepass|6\/100\n|move|p2a: Nosepass|Taunt|p1a: Iron Moth\n|-start|p1a: Iron Moth|move: Taunt\n|\n|upkeep\n|turn|12\n|\n|t:|1700641234\n|move|p1a: Iron Moth|Fiery Dance|p2a: Nosepass\n|-resisted|p2a: Nosepass\n|-damage|p2a: Nosepass|0 fnt\n|-boost|p1a: Iron Moth|spa|1\n|faint|p2a: Nosepass\n|\n|upkeep\n|\n|t:|1700641255\n|switch|p2a: Azumarill|Azumarill, F|100\/100\n|-damage|p2a: Azumarill|88\/100|[from] Stealth Rock\n|turn|13\n|\n|t:|1700641259\n|-terastallize|p2a: Azumarill|Water\n|move|p2a: Azumarill|Aqua Jet|p1a: Iron Moth\n|-supereffective|p1a: Iron Moth\n|-end|p1a: Iron Moth|Substitute\n|move|p1a: Iron Moth|Sludge Wave|p2a: Azumarill\n|-damage|p2a: Azumarill|52\/100\n|\n|-sideend|p2: natsuzamaki|move: Light Screen\n|upkeep\n|turn|14\n|\n|t:|1700641269\n|-end|p1a: Iron Moth|Quark Drive|[silent]\n|switch|p1a: Ogerpon|Ogerpon-Wellspring, F|100\/100\n|-damage|p1a: Ogerpon|76\/100|[from] Spikes\n|-damage|p1a: Ogerpon|63\/100|[from] Stealth Rock\n|move|p2a: Azumarill|Aqua Jet|p1a: Ogerpon\n|-heal|p1a: Ogerpon|88\/100|[from] ability: Water Absorb|[of] p2a: Azumarill\n|\n|upkeep\n|turn|15\n|\n|t:|1700641280\n|switch|p2a: Corviknight|Corviknight, F|94\/100\n|-damage|p2a: Corviknight|82\/100|[from] Stealth Rock\n|-ability|p2a: Corviknight|Pressure\n|move|p1a: Ogerpon|Swords Dance|p1a: Ogerpon\n|-boost|p1a: Ogerpon|atk|2\n|\n|-heal|p2a: Corviknight|88\/100|[from] item: Leftovers\n|upkeep\n|turn|16\n|\n|t:|1700641288\n|-terastallize|p1a: Ogerpon|Water\n|detailschange|p1a: Ogerpon|Ogerpon-Wellspring-Tera, F, tera:Water\n|-ability|p1a: Ogerpon|Embody Aspect (Wellspring)|boost\n|-boost|p1a: Ogerpon|spd|1\n|move|p1a: Ogerpon|Ivy Cudgel|p2a: Corviknight|[anim] Ivy Cudgel Water\n|-damage|p2a: Corviknight|4\/100\n|move|p2a: Corviknight|Bulk Up|p2a: Corviknight\n|-boost|p2a: Corviknight|atk|1\n|-boost|p2a: Corviknight|def|1\n|\n|-heal|p2a: Corviknight|10\/100|[from] item: Leftovers\n|upkeep\n|turn|17\n|\n|t:|1700641297\n|move|p1a: Ogerpon|Ivy Cudgel|p2a: Corviknight|[anim] Ivy Cudgel Water\n|-damage|p2a: Corviknight|0 fnt\n|faint|p2a: Corviknight\n|\n|upkeep\n|-message|natsuzamaki forfeited.\n|\n|win|spcplayzz\n|n|\u2606spcplayzz|spcplayzz\n|n|\u2606natsuzamaki|natsuzamaki\n|n|*Lady Monita \u2746|ladymonita\n|n| RUMYMOME|rumymome\n","uploadtime":1700641306,"views":0,"p1id":"spcplayzz","p2id":"natsuzamaki","formatid":"gen9ou","rating":0,"private":0,"password":""}