{"id":"gen9ou-1994170184","p1":"Samklesss","p2":"sr888","format":"[Gen 9] OU","log":"|j|\u2606Samklesss\n|j|\u2606sr888\n|t:|1700414951\n|gametype|singles\n|player|p1|Samklesss|red|1099\n|player|p2|sr888|acetrainer-gen4|1000\n|teamsize|p1|6\n|teamsize|p2|6\n|gen|9\n|tier|[Gen 9] OU\n|rated|\n|rule|Sleep Clause Mod: Limit one foe put to sleep\n|rule|Species Clause: Limit one of each Pok\u00e9mon\n|rule|OHKO Clause: OHKO moves are banned\n|rule|Evasion Items Clause: Evasion items are banned\n|rule|Evasion Moves Clause: Evasion moves are banned\n|rule|Endless Battle Clause: Forcing endless battles is banned\n|rule|HP Percentage Mod: HP is shown in percentages\n|clearpoke\n|poke|p1|Zamazenta-*|\n|poke|p1|Cinderace, M|\n|poke|p1|Dragonite, F|\n|poke|p1|Rotom-Wash|\n|poke|p1|Landorus-Therian, M|\n|poke|p1|Dragapult, F|\n|poke|p2|Heracross, M|\n|poke|p2|Magneton|\n|poke|p2|Toxicroak, M|\n|poke|p2|Politoed, M|\n|poke|p2|Chandelure, M|\n|poke|p2|Staraptor, M|\n|teampreview\n|inactive|Battle timer is ON: inactive players will automatically lose when time's up. (requested by Samklesss)\n|\n|t:|1700414963\n|start\n|switch|p1a: Dragapult|Dragapult, F|100\/100\n|switch|p2a: Chandelure|Chandelure, M|100\/100\n|turn|1\n|\n|t:|1700414982\n|move|p2a: Chandelure|Dark Pulse|p1a: Dragapult\n|-supereffective|p1a: Dragapult\n|-damage|p1a: Dragapult|36\/100\n|move|p1a: Dragapult|Shadow Ball|p2a: Chandelure\n|-supereffective|p2a: Chandelure\n|-damage|p2a: Chandelure|0 fnt\n|faint|p2a: Chandelure\n|\n|upkeep\n|\n|t:|1700414990\n|switch|p2a: Politoed|Politoed, M|100\/100\n|-weather|RainDance|[from] ability: Drizzle|[of] p2a: Politoed\n|turn|2\n|\n|t:|1700414996\n|switch|p1a: Rotom|Rotom-Wash|100\/100\n|move|p2a: Politoed|Ice Beam|p1a: Rotom\n|-resisted|p1a: Rotom\n|-damage|p1a: Rotom|91\/100\n|\n|-weather|RainDance|[upkeep]\n|upkeep\n|turn|3\n|\n|t:|1700415006\n|switch|p2a: Magneton|Magneton, shiny|100\/100\n|move|p1a: Rotom|Trick|p2a: Magneton\n|-activate|p1a: Rotom|move: Trick|[of] p2a: Magneton\n|-item|p2a: Magneton|Choice Scarf|[from] move: Trick\n|-item|p1a: Rotom|Eviolite|[from] move: Trick\n|\n|-weather|RainDance|[upkeep]\n|upkeep\n|turn|4\n|\n|t:|1700415015\n|switch|p1a: Landorus|Landorus-Therian, M|100\/100\n|-ability|p1a: Landorus|Intimidate|boost\n|-unboost|p2a: Magneton|atk|1\n|move|p2a: Magneton|Thunderbolt|p1a: Landorus\n|-immune|p1a: Landorus\n|\n|-weather|RainDance|[upkeep]\n|upkeep\n|turn|5\n|\n|t:|1700415031\n|switch|p2a: Staraptor|Staraptor, M|100\/100\n|-ability|p2a: Staraptor|Intimidate|boost\n|-unboost|p1a: Landorus|atk|1\n|switch|p1a: Rotom|Rotom-Wash|91\/100\n|\n|-weather|RainDance|[upkeep]\n|upkeep\n|turn|6\n|\n|t:|1700415041\n|switch|p2a: Magneton|Magneton, shiny|100\/100\n|move|p1a: Rotom|Volt Switch|p2a: Magneton\n|-resisted|p2a: Magneton\n|-damage|p2a: Magneton|81\/100\n|\n|t:|1700415049\n|switch|p1a: Landorus|Landorus-Therian, M|100\/100|[from] Volt Switch\n|-ability|p1a: Landorus|Intimidate|boost\n|-unboost|p2a: Magneton|atk|1\n|\n|-weather|none\n|upkeep\n|turn|7\n|\n|t:|1700415055\n|switch|p2a: Staraptor|Staraptor, M|100\/100\n|-ability|p2a: Staraptor|Intimidate|boost\n|-unboost|p1a: Landorus|atk|1\n|move|p1a: Landorus|Stone Edge|p2a: Staraptor|[miss]\n|-miss|p1a: Landorus|p2a: Staraptor\n|\n|upkeep\n|turn|8\n|\n|t:|1700415065\n|move|p1a: Landorus|Protect|p1a: Landorus\n|-singleturn|p1a: Landorus|Protect\n|move|p2a: Staraptor|U-turn|p1a: Landorus\n|-activate|p1a: Landorus|move: Protect\n|\n|upkeep\n|turn|9\n|\n|t:|1700415072\n|move|p2a: Staraptor|U-turn|p1a: Landorus\n|-resisted|p1a: Landorus\n|-damage|p1a: Landorus|84\/100\n|\n|t:|1700415076\n|switch|p2a: Politoed|Politoed, M|100\/100|[from] U-turn\n|-weather|RainDance|[from] ability: Drizzle|[of] p2a: Politoed\n|move|p1a: Landorus|U-turn|p2a: Politoed\n|-damage|p2a: Politoed|82\/100\n|\n|t:|1700415082\n|switch|p1a: Rotom|Rotom-Wash|91\/100|[from] U-turn\n|\n|-weather|RainDance|[upkeep]\n|upkeep\n|turn|10\n|\n|t:|1700415096\n|switch|p2a: Toxicroak|Toxicroak, M|100\/100\n|move|p1a: Rotom|Hydro Pump|p2a: Toxicroak\n|-immune|p2a: Toxicroak|[from] ability: Dry Skin\n|\n|-weather|RainDance|[upkeep]\n|upkeep\n|turn|11\n|\n|t:|1700415112\n|move|p2a: Toxicroak|Earthquake|p1a: Rotom\n|-immune|p1a: Rotom|[from] ability: Levitate\n|move|p1a: Rotom|Volt Switch|p2a: Toxicroak\n|-damage|p2a: Toxicroak|69\/100\n|\n|t:|1700415119\n|switch|p1a: Landorus|Landorus-Therian, M|84\/100|[from] Volt Switch\n|-ability|p1a: Landorus|Intimidate|boost\n|-unboost|p2a: Toxicroak|atk|1\n|\n|-weather|RainDance|[upkeep]\n|-heal|p2a: Toxicroak|81\/100|[from] ability: Dry Skin\n|-heal|p2a: Toxicroak|87\/100|[from] item: Leftovers\n|-heal|p1a: Landorus|91\/100|[from] item: Leftovers\n|upkeep\n|turn|12\n|\n|t:|1700415129\n|switch|p1a: Rotom|Rotom-Wash|91\/100\n|move|p2a: Toxicroak|Substitute|p2a: Toxicroak\n|-start|p2a: Toxicroak|Substitute\n|-damage|p2a: Toxicroak|62\/100\n|\n|-weather|RainDance|[upkeep]\n|-heal|p2a: Toxicroak|75\/100|[from] ability: Dry Skin\n|-heal|p2a: Toxicroak|81\/100|[from] item: Leftovers\n|upkeep\n|turn|13\n|\n|t:|1700415137\n|move|p2a: Toxicroak|Drain Punch|p1a: Rotom\n|-damage|p1a: Rotom|76\/100\n|-heal|p2a: Toxicroak|87\/100|[from] drain|[of] p1a: Rotom\n|move|p1a: Rotom|Volt Switch|p2a: Toxicroak\n|-end|p2a: Toxicroak|Substitute\n|\n|t:|1700415145\n|switch|p1a: Cinderace|Cinderace, M|100\/100|[from] Volt Switch\n|\n|-weather|none\n|-heal|p2a: Toxicroak|94\/100|[from] item: Leftovers\n|upkeep\n|turn|14\n|\n|t:|1700415151\n|move|p1a: Cinderace|Will-O-Wisp|p2a: Toxicroak\n|-status|p2a: Toxicroak|brn\n|move|p2a: Toxicroak|Earthquake|p1a: Cinderace\n|-supereffective|p1a: Cinderace\n|-damage|p1a: Cinderace|83\/100\n|\n|-heal|p2a: Toxicroak|99\/100 brn|[from] item: Leftovers\n|-damage|p2a: Toxicroak|94\/100 brn|[from] brn\n|upkeep\n|turn|15\n|\n|t:|1700415161\n|move|p1a: Cinderace|Will-O-Wisp|p2a: Toxicroak\n|-fail|p2a: Toxicroak|brn\n|move|p2a: Toxicroak|Substitute|p2a: Toxicroak\n|-start|p2a: Toxicroak|Substitute\n|-damage|p2a: Toxicroak|69\/100 brn\n|\n|-heal|p2a: Toxicroak|75\/100 brn|[from] item: Leftovers\n|-damage|p2a: Toxicroak|69\/100 brn|[from] brn\n|upkeep\n|turn|16\n|\n|t:|1700415170\n|move|p1a: Cinderace|Pyro Ball|p2a: Toxicroak\n|-end|p2a: Toxicroak|Substitute\n|move|p2a: Toxicroak|Rain Dance|p2a: Toxicroak\n|-weather|RainDance\n|\n|-weather|RainDance|[upkeep]\n|-heal|p2a: Toxicroak|81\/100 brn|[from] ability: Dry Skin\n|-heal|p2a: Toxicroak|87\/100 brn|[from] item: Leftovers\n|-damage|p2a: Toxicroak|81\/100 brn|[from] brn\n|upkeep\n|turn|17\n|\n|t:|1700415180\n|switch|p1a: Landorus|Landorus-Therian, M|91\/100\n|-ability|p1a: Landorus|Intimidate|boost\n|-unboost|p2a: Toxicroak|atk|1\n|move|p2a: Toxicroak|Drain Punch|p1a: Landorus\n|-resisted|p1a: Landorus\n|-damage|p1a: Landorus|87\/100\n|-heal|p2a: Toxicroak|83\/100 brn|[from] drain|[of] p1a: Landorus\n|\n|-weather|RainDance|[upkeep]\n|-heal|p2a: Toxicroak|95\/100 brn|[from] ability: Dry Skin\n|-heal|p2a: Toxicroak|100\/100 brn|[from] item: Leftovers\n|-heal|p1a: Landorus|93\/100|[from] item: Leftovers\n|-damage|p2a: Toxicroak|94\/100 brn|[from] brn\n|upkeep\n|turn|18\n|\n|t:|1700415192\n|move|p2a: Toxicroak|Substitute|p2a: Toxicroak\n|-start|p2a: Toxicroak|Substitute\n|-damage|p2a: Toxicroak|69\/100 brn\n|move|p1a: Landorus|Stone Edge|p2a: Toxicroak|[miss]\n|-miss|p1a: Landorus|p2a: Toxicroak\n|\n|-weather|RainDance|[upkeep]\n|-heal|p2a: Toxicroak|82\/100 brn|[from] ability: Dry Skin\n|-heal|p2a: Toxicroak|88\/100 brn|[from] item: Leftovers\n|-heal|p1a: Landorus|99\/100|[from] item: Leftovers\n|-damage|p2a: Toxicroak|82\/100 brn|[from] brn\n|upkeep\n|turn|19\n|\n|t:|1700415203\n|move|p2a: Toxicroak|Drain Punch|p1a: Landorus\n|-resisted|p1a: Landorus\n|-damage|p1a: Landorus|97\/100\n|-heal|p2a: Toxicroak|84\/100 brn|[from] drain|[of] p1a: Landorus\n|move|p1a: Landorus|Earthquake|p2a: Toxicroak\n|-supereffective|p2a: Toxicroak\n|-end|p2a: Toxicroak|Substitute\n|\n|-weather|RainDance|[upkeep]\n|-heal|p2a: Toxicroak|96\/100 brn|[from] ability: Dry Skin\n|-heal|p2a: Toxicroak|100\/100 brn|[from] item: Leftovers\n|-heal|p1a: Landorus|100\/100|[from] item: Leftovers\n|-damage|p2a: Toxicroak|94\/100 brn|[from] brn\n|upkeep\n|turn|20\n|\n|t:|1700415217\n|switch|p2a: Staraptor|Staraptor, M|100\/100\n|-ability|p2a: Staraptor|Intimidate|boost\n|-unboost|p1a: Landorus|atk|1\n|move|p1a: Landorus|U-turn|p2a: Staraptor\n|-resisted|p2a: Staraptor\n|-damage|p2a: Staraptor|90\/100\n|\n|t:|1700415230\n|switch|p1a: Rotom|Rotom-Wash|76\/100|[from] U-turn\n|\n|-weather|none\n|upkeep\n|turn|21\n|\n|t:|1700415235\n|move|p2a: Staraptor|U-turn|p1a: Rotom\n|-damage|p1a: Rotom|47\/100\n|\n|t:|1700415239\n|switch|p2a: Magneton|Magneton, shiny|81\/100|[from] U-turn\n|move|p1a: Rotom|Volt Switch|p2a: Magneton\n|-resisted|p2a: Magneton\n|-damage|p2a: Magneton|60\/100\n|\n|t:|1700415252\n|switch|p1a: Landorus|Landorus-Therian, M|100\/100|[from] Volt Switch\n|-ability|p1a: Landorus|Intimidate|boost\n|-unboost|p2a: Magneton|atk|1\n|\n|upkeep\n|turn|22\n|\n|t:|1700415257\n|switch|p2a: Politoed|Politoed, M|82\/100\n|-weather|RainDance|[from] ability: Drizzle|[of] p2a: Politoed\n|move|p1a: Landorus|U-turn|p2a: Politoed\n|-crit|p2a: Politoed\n|-damage|p2a: Politoed|45\/100\n|\n|t:|1700415265\n|switch|p1a: Dragapult|Dragapult, F|36\/100|[from] U-turn\n|\n|-weather|RainDance|[upkeep]\n|upkeep\n|turn|23\n|\n|t:|1700415270\n|move|p1a: Dragapult|Shadow Ball|p2a: Politoed\n|-damage|p2a: Politoed|0 fnt\n|faint|p2a: Politoed\n|\n|-weather|RainDance|[upkeep]\n|upkeep\n|\n|t:|1700415280\n|switch|p2a: Heracross|Heracross, M|100\/100\n|turn|24\n|\n|t:|1700415288\n|move|p1a: Dragapult|Shadow Ball|p2a: Heracross\n|-damage|p2a: Heracross|40\/100\n|move|p2a: Heracross|Stone Edge|p1a: Dragapult\n|-crit|p1a: Dragapult\n|-damage|p1a: Dragapult|0 fnt\n|faint|p1a: Dragapult\n|-ability|p2a: Heracross|Moxie|boost\n|-boost|p2a: Heracross|atk|1\n|\n|-weather|RainDance|[upkeep]\n|upkeep\n|\n|t:|1700415302\n|switch|p1a: Dragonite|Dragonite, F|100\/100\n|turn|25\n|\n|t:|1700415308\n|switch|p2a: Magneton|Magneton, shiny|60\/100\n|-terastallize|p1a: Dragonite|Normal\n|move|p1a: Dragonite|Dragon Dance|p1a: Dragonite\n|-boost|p1a: Dragonite|atk|1\n|-boost|p1a: Dragonite|spe|1\n|\n|-weather|RainDance|[upkeep]\n|upkeep\n|turn|26\n|\n|t:|1700415315\n|move|p2a: Magneton|Thunderbolt|p1a: Dragonite\n|-damage|p1a: Dragonite|85\/100\n|move|p1a: Dragonite|Dragon Dance|p1a: Dragonite\n|-boost|p1a: Dragonite|atk|1\n|-boost|p1a: Dragonite|spe|1\n|\n|-weather|none\n|upkeep\n|turn|27\n|\n|t:|1700415324\n|-terastallize|p2a: Magneton|Electric\n|move|p1a: Dragonite|Earthquake|p2a: Magneton\n|-supereffective|p2a: Magneton\n|-damage|p2a: Magneton|0 fnt\n|faint|p2a: Magneton\n|\n|upkeep\n|\n|t:|1700415333\n|switch|p2a: Staraptor|Staraptor, M|90\/100\n|-ability|p2a: Staraptor|Intimidate|boost\n|-unboost|p1a: Dragonite|atk|1\n|turn|28\n|\n|t:|1700415341\n|move|p1a: Dragonite|Ice Spinner|p2a: Staraptor\n|-supereffective|p2a: Staraptor\n|-damage|p2a: Staraptor|0 fnt\n|faint|p2a: Staraptor\n|\n|upkeep\n|-message|sr888 forfeited.\n|\n|win|Samklesss\n|raw|Samklesss's rating: 1099 &rarr; <strong>1117<\/strong><br \/>(+18 for winning)\n|raw|sr888's rating: 1000 &rarr; <strong>1000<\/strong><br \/>(+0 for losing)\n|l|\u2606sr888\n","uploadtime":1700415353,"views":10,"p1id":"samklesss","p2id":"sr888","formatid":"gen9ou","rating":1000,"private":0,"password":""}