{"id":"gen9ou-1991405199","p1":"eltodo13","p2":"Majner","format":"[Gen 9] OU","log":"|j|\u2606eltodo13\n|j|\u2606Majner\n|t:|1700074338\n|gametype|singles\n|player|p1|eltodo13|li|1138\n|player|p2|Majner|2|1116\n|teamsize|p1|6\n|teamsize|p2|6\n|gen|9\n|tier|[Gen 9] OU\n|rated|\n|rule|Sleep Clause Mod: Limit one foe put to sleep\n|rule|Species Clause: Limit one of each Pok\u00e9mon\n|rule|OHKO Clause: OHKO moves are banned\n|rule|Evasion Items Clause: Evasion items are banned\n|rule|Evasion Moves Clause: Evasion moves are banned\n|rule|Endless Battle Clause: Forcing endless battles is banned\n|rule|HP Percentage Mod: HP is shown in percentages\n|clearpoke\n|poke|p1|Magnezone|\n|poke|p1|Iron Moth|\n|poke|p1|Iron Valiant|\n|poke|p1|Iron Treads|\n|poke|p1|Iron Leaves|\n|poke|p1|Kilowattrel, F|\n|poke|p2|Trevenant, M|\n|poke|p2|Ninetales, M|\n|poke|p2|Jumpluff, M|\n|poke|p2|Rotom-Wash|\n|poke|p2|Lurantis, F|\n|poke|p2|Toxapex, F|\n|teampreview\n|\n|t:|1700074350\n|start\n|switch|p1a: Magnezone|Magnezone|100\/100\n|switch|p2a: Rotom|Rotom-Wash, shiny|100\/100\n|turn|1\n|inactive|Battle timer is ON: inactive players will automatically lose when time's up. (requested by eltodo13)\n|\n|t:|1700074355\n|move|p2a: Rotom|Volt Switch|p1a: Magnezone\n|-resisted|p1a: Magnezone\n|-damage|p1a: Magnezone|87\/100\n|\n|t:|1700074359\n|switch|p2a: Ninetales|Ninetales, M|100\/100|[from] Volt Switch\n|-weather|SunnyDay|[from] ability: Drought|[of] p2a: Ninetales\n|move|p1a: Magnezone|Electric Terrain|p1a: Magnezone\n|-fieldstart|move: Electric Terrain\n|\n|-weather|SunnyDay|[upkeep]\n|upkeep\n|turn|2\n|\n|t:|1700074370\n|switch|p1a: Iron Moth|Iron Moth|100\/100\n|-activate|p1a: Iron Moth|ability: Quark Drive\n|-start|p1a: Iron Moth|quarkdrivespa\n|move|p2a: Ninetales|Flamethrower|p1a: Iron Moth\n|-resisted|p1a: Iron Moth\n|-damage|p1a: Iron Moth|72\/100\n|\n|-weather|SunnyDay|[upkeep]\n|upkeep\n|turn|3\n|\n|t:|1700074378\n|move|p1a: Iron Moth|Sludge Wave|p2a: Ninetales\n|-damage|p2a: Ninetales|24\/100\n|move|p2a: Ninetales|Flamethrower|p1a: Iron Moth\n|-resisted|p1a: Iron Moth\n|-damage|p1a: Iron Moth|44\/100\n|\n|-weather|SunnyDay|[upkeep]\n|upkeep\n|turn|4\n|\n|t:|1700074384\n|move|p1a: Iron Moth|Fiery Dance|p2a: Ninetales\n|-resisted|p2a: Ninetales\n|-damage|p2a: Ninetales|0 fnt\n|-boost|p1a: Iron Moth|spa|1\n|faint|p2a: Ninetales\n|\n|-weather|SunnyDay|[upkeep]\n|upkeep\n|\n|t:|1700074392\n|switch|p2a: Rotom|Rotom-Wash, shiny|100\/100\n|turn|5\n|\n|t:|1700074398\n|move|p1a: Iron Moth|Sludge Wave|p2a: Rotom\n|-damage|p2a: Rotom|0 fnt\n|faint|p2a: Rotom\n|\n|-weather|SunnyDay|[upkeep]\n|upkeep\n|\n|t:|1700074407\n|switch|p2a: Trevenant|Trevenant, M, shiny|100\/100\n|turn|6\n|\n|t:|1700074414\n|-terastallize|p2a: Trevenant|Fire\n|move|p1a: Iron Moth|Fiery Dance|p2a: Trevenant\n|-resisted|p2a: Trevenant\n|-damage|p2a: Trevenant|22\/100\n|-boost|p1a: Iron Moth|spa|1\n|move|p2a: Trevenant|Growth|p2a: Trevenant\n|-boost|p2a: Trevenant|atk|2\n|-boost|p2a: Trevenant|spa|2\n|\n|-weather|SunnyDay|[upkeep]\n|upkeep\n|turn|7\n|-enditem|p2a: Trevenant|Custap Berry|[eat]\n|-activate|p2a: Trevenant|item: Custap Berry|[consumed]\n|\n|t:|1700074426\n|move|p2a: Trevenant|Poltergeist|p1a: Iron Moth\n|-activate|p1a: Iron Moth|move: Poltergeist|Booster Energy\n|-damage|p1a: Iron Moth|0 fnt\n|faint|p1a: Iron Moth\n|-end|p1a: Iron Moth|Quark Drive|[silent]\n|\n|-weather|SunnyDay|[upkeep]\n|-item|p2a: Trevenant|Custap Berry|[from] ability: Harvest\n|upkeep\n|\n|t:|1700074441\n|switch|p1a: Iron Treads|Iron Treads|100\/100\n|-activate|p1a: Iron Treads|ability: Quark Drive\n|-start|p1a: Iron Treads|quarkdrivespe\n|turn|8\n|-enditem|p2a: Trevenant|Custap Berry|[eat]\n|-activate|p2a: Trevenant|item: Custap Berry|[consumed]\n|\n|t:|1700074447\n|-terastallize|p1a: Iron Treads|Ground\n|move|p2a: Trevenant|Tera Blast|p1a: Iron Treads|[anim] Tera Blast Fire\n|-damage|p1a: Iron Treads|0 fnt\n|faint|p1a: Iron Treads\n|-end|p1a: Iron Treads|Quark Drive|[silent]\n|\n|-weather|none\n|-fieldend|move: Electric Terrain\n|-item|p2a: Trevenant|Custap Berry|[from] ability: Harvest\n|upkeep\n|\n|t:|1700074460\n|switch|p1a: Magnezone|Magnezone|87\/100\n|turn|9\n|-enditem|p2a: Trevenant|Custap Berry|[eat]\n|-activate|p2a: Trevenant|item: Custap Berry|[consumed]\n|\n|t:|1700074469\n|move|p2a: Trevenant|Tera Blast|p1a: Magnezone|[anim] Tera Blast Fire\n|-supereffective|p1a: Magnezone\n|-damage|p1a: Magnezone|0 fnt\n|faint|p1a: Magnezone\n|\n|upkeep\n|\n|t:|1700074476\n|switch|p1a: Iron Valiant|Iron Valiant|100\/100\n|-enditem|p1a: Iron Valiant|Booster Energy\n|-activate|p1a: Iron Valiant|ability: Quark Drive|[fromitem]\n|-start|p1a: Iron Valiant|quarkdrivespe\n|turn|10\n|inactive|Majner has 120 seconds left.\n|\n|t:|1700074522\n|switch|p2a: Jumpluff|Jumpluff, M, shiny|100\/100\n|move|p1a: Iron Valiant|Liquidation|p2a: Jumpluff\n|-resisted|p2a: Jumpluff\n|-damage|p2a: Jumpluff|78\/100\n|-unboost|p2a: Jumpluff|def|1\n|\n|upkeep\n|turn|11\n|inactive|eltodo13 has 120 seconds left.\n|inactive|eltodo13 has 90 seconds left.\n|inactive|eltodo13 has 60 seconds left.\n|\n|t:|1700074616\n|move|p1a: Iron Valiant|Thunderbolt|p2a: Jumpluff\n|-crit|p2a: Jumpluff\n|-damage|p2a: Jumpluff|30\/100\n|move|p2a: Jumpluff|Sleep Powder|p1a: Iron Valiant\n|-status|p1a: Iron Valiant|slp|[from] move: Sleep Powder\n|\n|upkeep\n|turn|12\n|\n|t:|1700074645\n|cant|p1a: Iron Valiant|slp\n|move|p2a: Jumpluff|Swords Dance|p2a: Jumpluff\n|-boost|p2a: Jumpluff|atk|2\n|\n|upkeep\n|turn|13\n|\n|t:|1700074653\n|cant|p1a: Iron Valiant|slp\n|move|p2a: Jumpluff|Acrobatics|p1a: Iron Valiant\n|-supereffective|p1a: Iron Valiant\n|-damage|p1a: Iron Valiant|0 fnt\n|faint|p1a: Iron Valiant\n|-end|p1a: Iron Valiant|Quark Drive|[silent]\n|\n|upkeep\n|\n|t:|1700074656\n|switch|p1a: Kilowattrel|Kilowattrel, F|100\/100\n|turn|14\n|\n|t:|1700074662\n|move|p2a: Jumpluff|Acrobatics|p1a: Kilowattrel\n|-resisted|p1a: Kilowattrel\n|-damage|p1a: Kilowattrel|39\/100\n|move|p1a: Kilowattrel|Hurricane|p2a: Jumpluff|[miss]\n|-miss|p1a: Kilowattrel|p2a: Jumpluff\n|\n|upkeep\n|turn|15\n|\n|t:|1700074670\n|move|p2a: Jumpluff|Acrobatics|p1a: Kilowattrel\n|-resisted|p1a: Kilowattrel\n|-crit|p1a: Kilowattrel\n|-damage|p1a: Kilowattrel|0 fnt\n|faint|p1a: Kilowattrel\n|\n|upkeep\n|inactive|eltodo13 has 90 seconds left.\n|\n|t:|1700074681\n|switch|p1a: Iron Leaves|Iron Leaves|100\/100\n|-enditem|p1a: Iron Leaves|Booster Energy\n|-activate|p1a: Iron Leaves|ability: Quark Drive|[fromitem]\n|-start|p1a: Iron Leaves|quarkdrivespe\n|turn|16\n|\n|t:|1700074686\n|move|p1a: Iron Leaves|Psyblade|p2a: Jumpluff\n|-damage|p2a: Jumpluff|0 fnt\n|faint|p2a: Jumpluff\n|\n|upkeep\n|inactive|Majner has 120 seconds left.\n|\n|t:|1700074699\n|switch|p2a: Trevenant|Trevenant, M, shiny, tera:Fire|22\/100\n|turn|17\n|\n|t:|1700074705\n|move|p1a: Iron Leaves|Psyblade|p2a: Trevenant\n|-damage|p2a: Trevenant|0 fnt\n|faint|p2a: Trevenant\n|\n|upkeep\n|\n|t:|1700074712\n|switch|p2a: Lurantis|Lurantis, F, shiny|100\/100\n|turn|18\n|inactive|eltodo13 has 120 seconds left.\n|\n|t:|1700074720\n|move|p1a: Iron Leaves|Swords Dance|p1a: Iron Leaves\n|-boost|p1a: Iron Leaves|atk|2\n|move|p2a: Lurantis|Leech Life|p1a: Iron Leaves\n|-supereffective|p1a: Iron Leaves\n|-damage|p1a: Iron Leaves|11\/100\n|\n|upkeep\n|turn|19\n|\n|t:|1700074728\n|move|p1a: Iron Leaves|Psyblade|p2a: Lurantis\n|-damage|p2a: Lurantis|34\/100\n|move|p2a: Lurantis|Leech Life|p1a: Iron Leaves\n|-supereffective|p1a: Iron Leaves\n|-damage|p1a: Iron Leaves|0 fnt\n|-heal|p2a: Lurantis|39\/100|[from] drain|[of] p1a: Iron Leaves\n|faint|p1a: Iron Leaves\n|-end|p1a: Iron Leaves|Quark Drive|[silent]\n|\n|win|Majner\n|raw|eltodo13's rating: 1138 &rarr; <strong>1111<\/strong><br \/>(-27 for losing)\n|raw|Majner's rating: 1116 &rarr; <strong>1143<\/strong><br \/>(+27 for winning)\n|l|\u2606eltodo13\n","uploadtime":1700074740,"views":10,"p1id":"eltodo13","p2id":"majner","formatid":"gen9ou","rating":1111,"private":0,"password":""}