{"id":"gen9ou-1994114210","p1":"EllieTheAlt","p2":"santos_overlord","format":"[Gen 9] OU","log":"|j|\u2606EllieTheAlt\n|j|\u2606santos_overlord\n|t:|1700408537\n|gametype|singles\n|player|p1|EllieTheAlt|leaf-masters|1630\n|player|p2|santos_overlord|scientist-gen4dp|1596\n|teamsize|p1|6\n|teamsize|p2|6\n|gen|9\n|tier|[Gen 9] OU\n|rated|\n|rule|Sleep Clause Mod: Limit one foe put to sleep\n|rule|Species Clause: Limit one of each Pok\u00e9mon\n|rule|OHKO Clause: OHKO moves are banned\n|rule|Evasion Items Clause: Evasion items are banned\n|rule|Evasion Moves Clause: Evasion moves are banned\n|rule|Endless Battle Clause: Forcing endless battles is banned\n|rule|HP Percentage Mod: HP is shown in percentages\n|clearpoke\n|poke|p1|Great Tusk|\n|poke|p1|Rillaboom, M|\n|poke|p1|Clodsire, M|\n|poke|p1|Moltres|\n|poke|p1|Heatran, F|\n|poke|p1|Kingambit, F|\n|poke|p2|Samurott-Hisui, F|\n|poke|p2|Ogerpon-Wellspring, F|\n|poke|p2|Hatterene, F|\n|poke|p2|Corviknight, M|\n|poke|p2|Cinderace, M|\n|poke|p2|Dragonite, F|\n|teampreview\n|inactive|Battle timer is ON: inactive players will automatically lose when time's up. (requested by santos_overlord)\n|\n|t:|1700408555\n|start\n|switch|p1a: Rillaboom|Rillaboom, M|100\/100\n|switch|p2a: Cinderace|Cinderace, M|100\/100\n|-fieldstart|move: Grassy Terrain|[from] ability: Grassy Surge|[of] p1a: Rillaboom\n|turn|1\n|\n|t:|1700408561\n|switch|p1a: Moltres|Moltres|100\/100\n|move|p2a: Cinderace|U-turn|p1a: Moltres\n|-start|p2a: Cinderace|typechange|Bug|[from] ability: Libero\n|-resisted|p1a: Moltres\n|-damage|p1a: Moltres|94\/100\n|-status|p2a: Cinderace|brn|[from] ability: Flame Body|[of] p1a: Moltres\n|\n|t:|1700408564\n|switch|p2a: Ogerpon|Ogerpon-Wellspring, F|100\/100|[from] U-turn\n|\n|upkeep\n|turn|2\n|\n|t:|1700408570\n|switch|p1a: Rillaboom|Rillaboom, M|100\/100\n|move|p2a: Ogerpon|Ivy Cudgel|p1a: Rillaboom|[anim] Ivy Cudgel Water\n|-resisted|p1a: Rillaboom\n|-damage|p1a: Rillaboom|78\/100\n|\n|-heal|p1a: Rillaboom|85\/100|[from] Grassy Terrain\n|-heal|p1a: Rillaboom|91\/100|[from] item: Leftovers\n|upkeep\n|turn|3\n|\n|t:|1700408574\n|switch|p2a: Corviknight|Corviknight, M|100\/100\n|move|p1a: Rillaboom|Wood Hammer|p2a: Corviknight\n|-resisted|p2a: Corviknight\n|-damage|p2a: Corviknight|85\/100\n|-damage|p1a: Rillaboom|86\/100|[from] Recoil\n|\n|-heal|p1a: Rillaboom|92\/100|[from] Grassy Terrain\n|-heal|p1a: Rillaboom|98\/100|[from] item: Leftovers\n|-heal|p2a: Corviknight|91\/100|[from] item: Leftovers\n|upkeep\n|turn|4\n|\n|t:|1700408579\n|switch|p2a: Samurott|Samurott-Hisui, F|100\/100\n|move|p1a: Rillaboom|U-turn|p2a: Samurott\n|-supereffective|p2a: Samurott\n|-damage|p2a: Samurott|53\/100\n|\n|t:|1700408587\n|switch|p1a: Great Tusk|Great Tusk|100\/100|[from] U-turn\n|\n|-heal|p2a: Samurott|59\/100|[from] Grassy Terrain\n|upkeep\n|turn|5\n|\n|t:|1700408591\n|move|p1a: Great Tusk|Headlong Rush|p2a: Samurott\n|-damage|p2a: Samurott|4\/100\n|-unboost|p1a: Great Tusk|def|1\n|-unboost|p1a: Great Tusk|spd|1\n|move|p2a: Samurott|Aqua Cutter|p1a: Great Tusk\n|-supereffective|p1a: Great Tusk\n|-damage|p1a: Great Tusk|7\/100\n|\n|-heal|p1a: Great Tusk|13\/100|[from] Grassy Terrain\n|-heal|p1a: Great Tusk|19\/100|[from] item: Leftovers\n|-heal|p2a: Samurott|11\/100|[from] Grassy Terrain\n|-fieldend|move: Grassy Terrain\n|upkeep\n|turn|6\n|\n|t:|1700408599\n|-end|p1a: Great Tusk|Protosynthesis|[silent]\n|switch|p1a: Rillaboom|Rillaboom, M|98\/100\n|-fieldstart|move: Grassy Terrain|[from] ability: Grassy Surge|[of] p1a: Rillaboom\n|move|p2a: Samurott|Aqua Jet|p1a: Rillaboom\n|-resisted|p1a: Rillaboom\n|-damage|p1a: Rillaboom|92\/100\n|\n|-heal|p1a: Rillaboom|99\/100|[from] Grassy Terrain\n|-heal|p2a: Samurott|17\/100|[from] Grassy Terrain\n|-heal|p1a: Rillaboom|100\/100|[from] item: Leftovers\n|upkeep\n|turn|7\n|\n|t:|1700408604\n|switch|p2a: Cinderace|Cinderace, M|100\/100 brn\n|move|p1a: Rillaboom|U-turn|p2a: Cinderace\n|-resisted|p2a: Cinderace\n|-damage|p2a: Cinderace|84\/100 brn\n|\n|t:|1700408616\n|switch|p1a: Heatran|Heatran, F|100\/100|[from] U-turn\n|\n|-heal|p2a: Cinderace|90\/100 brn|[from] Grassy Terrain\n|-damage|p2a: Cinderace|84\/100 brn|[from] brn\n|upkeep\n|turn|8\n|\n|t:|1700408620\n|move|p2a: Cinderace|U-turn|p1a: Heatran\n|-start|p2a: Cinderace|typechange|Bug|[from] ability: Libero\n|-resisted|p1a: Heatran\n|-damage|p1a: Heatran|97\/100\n|\n|t:|1700408624\n|switch|p2a: Ogerpon|Ogerpon-Wellspring, F|100\/100|[from] U-turn\n|move|p1a: Heatran|Earth Power|p2a: Ogerpon\n|-resisted|p2a: Ogerpon\n|-damage|p2a: Ogerpon|85\/100\n|-unboost|p2a: Ogerpon|spd|1\n|\n|-heal|p2a: Ogerpon|91\/100|[from] Grassy Terrain\n|-heal|p1a: Heatran|100\/100|[from] Grassy Terrain\n|upkeep\n|turn|9\n|\n|t:|1700408630\n|switch|p1a: Rillaboom|Rillaboom, M|100\/100\n|move|p2a: Ogerpon|Ivy Cudgel|p1a: Rillaboom|[anim] Ivy Cudgel Water\n|-resisted|p1a: Rillaboom\n|-damage|p1a: Rillaboom|79\/100\n|\n|-heal|p2a: Ogerpon|97\/100|[from] Grassy Terrain\n|-heal|p1a: Rillaboom|86\/100|[from] Grassy Terrain\n|-heal|p1a: Rillaboom|92\/100|[from] item: Leftovers\n|upkeep\n|turn|10\n|\n|t:|1700408636\n|switch|p2a: Corviknight|Corviknight, M|91\/100\n|move|p1a: Rillaboom|Wood Hammer|p2a: Corviknight\n|-resisted|p2a: Corviknight\n|-damage|p2a: Corviknight|77\/100\n|-damage|p1a: Rillaboom|87\/100|[from] Recoil\n|\n|-heal|p1a: Rillaboom|93\/100|[from] Grassy Terrain\n|-heal|p1a: Rillaboom|99\/100|[from] item: Leftovers\n|-heal|p2a: Corviknight|83\/100|[from] item: Leftovers\n|-fieldend|move: Grassy Terrain\n|upkeep\n|turn|11\n|\n|t:|1700408641\n|move|p1a: Rillaboom|Knock Off|p2a: Corviknight\n|-damage|p2a: Corviknight|59\/100\n|-enditem|p2a: Corviknight|Leftovers|[from] move: Knock Off|[of] p1a: Rillaboom\n|move|p2a: Corviknight|Body Press|p1a: Rillaboom\n|-damage|p1a: Rillaboom|85\/100\n|\n|-heal|p1a: Rillaboom|91\/100|[from] item: Leftovers\n|upkeep\n|turn|12\n|\n|t:|1700408645\n|move|p1a: Rillaboom|U-turn|p2a: Corviknight\n|-resisted|p2a: Corviknight\n|-damage|p2a: Corviknight|54\/100\n|\n|t:|1700408647\n|switch|p1a: Moltres|Moltres|94\/100|[from] U-turn\n|move|p2a: Corviknight|Roost|p2a: Corviknight\n|-heal|p2a: Corviknight|100\/100\n|-singleturn|p2a: Corviknight|move: Roost\n|\n|upkeep\n|turn|13\n|\n|t:|1700408653\n|switch|p2a: Hatterene|Hatterene, F|100\/100\n|move|p1a: Moltres|U-turn|p2a: Hatterene\n|-damage|p2a: Hatterene|86\/100\n|\n|t:|1700408682\n|switch|p1a: Kingambit|Kingambit, F|100\/100|[from] U-turn\n|\n|upkeep\n|turn|14\n|\n|t:|1700408709\n|move|p1a: Kingambit|Iron Head|p2a: Hatterene\n|-supereffective|p2a: Hatterene\n|-crit|p2a: Hatterene\n|-damage|p2a: Hatterene|0 fnt\n|faint|p2a: Hatterene\n|\n|upkeep\n|\n|t:|1700408714\n|switch|p2a: Cinderace|Cinderace, M|84\/100 brn\n|turn|15\n|\n|t:|1700408720\n|-end|p1a: Kingambit|fallenundefined|[silent]\n|switch|p1a: Moltres|Moltres|94\/100\n|move|p2a: Cinderace|Pyro Ball|p1a: Moltres\n|-resisted|p1a: Moltres\n|-damage|p1a: Moltres|85\/100\n|\n|-damage|p2a: Cinderace|78\/100 brn|[from] brn\n|upkeep\n|turn|16\n|\n|t:|1700408731\n|move|p2a: Cinderace|U-turn|p1a: Moltres\n|-start|p2a: Cinderace|typechange|Bug|[from] ability: Libero\n|-resisted|p1a: Moltres\n|-damage|p1a: Moltres|82\/100\n|\n|t:|1700408734\n|switch|p2a: Samurott|Samurott-Hisui, F|17\/100|[from] U-turn\n|move|p1a: Moltres|U-turn|p2a: Samurott\n|-supereffective|p2a: Samurott\n|-damage|p2a: Samurott|0 fnt\n|faint|p2a: Samurott\n|\n|t:|1700408742\n|switch|p1a: Rillaboom|Rillaboom, M|91\/100|[from] U-turn\n|-fieldstart|move: Grassy Terrain|[from] ability: Grassy Surge|[of] p1a: Rillaboom\n|\n|-heal|p1a: Rillaboom|97\/100|[from] Grassy Terrain\n|-heal|p1a: Rillaboom|100\/100|[from] item: Leftovers\n|upkeep\n|\n|t:|1700408747\n|switch|p2a: Corviknight|Corviknight, M|100\/100\n|turn|17\n|\n|t:|1700408753\n|move|p1a: Rillaboom|U-turn|p2a: Corviknight\n|-resisted|p2a: Corviknight\n|-damage|p2a: Corviknight|96\/100\n|\n|t:|1700408756\n|switch|p1a: Moltres|Moltres|82\/100|[from] U-turn\n|move|p2a: Corviknight|Bulk Up|p2a: Corviknight\n|-boost|p2a: Corviknight|atk|1\n|-boost|p2a: Corviknight|def|1\n|\n|upkeep\n|turn|18\n|\n|t:|1700408761\n|-terastallize|p2a: Corviknight|Ghost\n|move|p1a: Moltres|Will-O-Wisp|p2a: Corviknight\n|-status|p2a: Corviknight|brn\n|move|p2a: Corviknight|Bulk Up|p2a: Corviknight\n|-boost|p2a: Corviknight|atk|1\n|-boost|p2a: Corviknight|def|1\n|\n|-heal|p2a: Corviknight|100\/100 brn|[from] Grassy Terrain\n|-damage|p2a: Corviknight|94\/100 brn|[from] brn\n|upkeep\n|turn|19\n|\n|t:|1700408767\n|move|p1a: Moltres|Flamethrower|p2a: Corviknight\n|-damage|p2a: Corviknight|67\/100 brn\n|move|p2a: Corviknight|Bulk Up|p2a: Corviknight\n|-boost|p2a: Corviknight|atk|1\n|-boost|p2a: Corviknight|def|1\n|\n|-heal|p2a: Corviknight|73\/100 brn|[from] Grassy Terrain\n|-damage|p2a: Corviknight|67\/100 brn|[from] brn\n|upkeep\n|turn|20\n|\n|t:|1700408779\n|move|p1a: Moltres|Flamethrower|p2a: Corviknight\n|-damage|p2a: Corviknight|41\/100 brn\n|move|p2a: Corviknight|Roost|p2a: Corviknight\n|-heal|p2a: Corviknight|91\/100 brn\n|\n|-heal|p2a: Corviknight|97\/100 brn|[from] Grassy Terrain\n|-damage|p2a: Corviknight|91\/100 brn|[from] brn\n|-fieldend|move: Grassy Terrain\n|upkeep\n|turn|21\n|\n|t:|1700408783\n|move|p1a: Moltres|Flamethrower|p2a: Corviknight\n|-damage|p2a: Corviknight|61\/100 brn\n|move|p2a: Corviknight|Bulk Up|p2a: Corviknight\n|-boost|p2a: Corviknight|atk|1\n|-boost|p2a: Corviknight|def|1\n|\n|-damage|p2a: Corviknight|55\/100 brn|[from] brn\n|upkeep\n|turn|22\n|\n|t:|1700408786\n|move|p1a: Moltres|U-turn|p2a: Corviknight\n|-resisted|p2a: Corviknight\n|-damage|p2a: Corviknight|53\/100 brn\n|\n|t:|1700408793\n|switch|p1a: Heatran|Heatran, F|100\/100|[from] U-turn\n|move|p2a: Corviknight|Roost|p2a: Corviknight\n|-heal|p2a: Corviknight|100\/100 brn\n|\n|-damage|p2a: Corviknight|94\/100 brn|[from] brn\n|upkeep\n|turn|23\n|\n|t:|1700408796\n|move|p1a: Heatran|Taunt|p2a: Corviknight\n|-start|p2a: Corviknight|move: Taunt\n|move|p2a: Corviknight|Body Press|p1a: Heatran\n|-supereffective|p1a: Heatran\n|-damage|p1a: Heatran|46\/100\n|\n|-heal|p1a: Heatran|52\/100|[from] item: Leftovers\n|-damage|p2a: Corviknight|88\/100 brn|[from] brn\n|upkeep\n|turn|24\n|\n|t:|1700408802\n|switch|p1a: Moltres|Moltres|82\/100\n|move|p2a: Corviknight|Body Press|p1a: Moltres\n|-resisted|p1a: Moltres\n|-damage|p1a: Moltres|71\/100\n|\n|-damage|p2a: Corviknight|82\/100 brn|[from] brn\n|upkeep\n|turn|25\n|\n|t:|1700408805\n|move|p1a: Moltres|Flamethrower|p2a: Corviknight\n|-damage|p2a: Corviknight|56\/100 brn\n|move|p2a: Corviknight|Brave Bird|p1a: Moltres\n|-damage|p1a: Moltres|33\/100\n|-damage|p2a: Corviknight|44\/100 brn|[from] Recoil\n|\n|-damage|p2a: Corviknight|37\/100 brn|[from] brn\n|-end|p2a: Corviknight|move: Taunt\n|upkeep\n|turn|26\n|\n|t:|1700408809\n|move|p1a: Moltres|Roost|p1a: Moltres\n|-heal|p1a: Moltres|83\/100\n|-singleturn|p1a: Moltres|move: Roost\n|move|p2a: Corviknight|Roost|p2a: Corviknight\n|-heal|p2a: Corviknight|87\/100 brn\n|\n|-damage|p2a: Corviknight|81\/100 brn|[from] brn\n|upkeep\n|turn|27\n|\n|t:|1700408815\n|move|p1a: Moltres|Flamethrower|p2a: Corviknight\n|-damage|p2a: Corviknight|55\/100 brn\n|move|p2a: Corviknight|Bulk Up|p2a: Corviknight\n|-boost|p2a: Corviknight|atk|1\n|-boost|p2a: Corviknight|def|1\n|\n|-damage|p2a: Corviknight|48\/100 brn|[from] brn\n|upkeep\n|turn|28\n|\n|t:|1700408818\n|move|p1a: Moltres|Flamethrower|p2a: Corviknight\n|-damage|p2a: Corviknight|23\/100 brn\n|move|p2a: Corviknight|Roost|p2a: Corviknight\n|-heal|p2a: Corviknight|73\/100 brn\n|\n|-damage|p2a: Corviknight|67\/100 brn|[from] brn\n|upkeep\n|turn|29\n|\n|t:|1700408820\n|move|p1a: Moltres|Flamethrower|p2a: Corviknight\n|-damage|p2a: Corviknight|41\/100 brn\n|move|p2a: Corviknight|Roost|p2a: Corviknight\n|-heal|p2a: Corviknight|91\/100 brn\n|\n|-damage|p2a: Corviknight|84\/100 brn|[from] brn\n|upkeep\n|turn|30\n|\n|t:|1700408824\n|move|p1a: Moltres|Flamethrower|p2a: Corviknight\n|-damage|p2a: Corviknight|57\/100 brn\n|move|p2a: Corviknight|Bulk Up|p2a: Corviknight\n|-boost|p2a: Corviknight|atk|1\n|-boost|p2a: Corviknight|def|1\n|\n|-damage|p2a: Corviknight|50\/100 brn|[from] brn\n|upkeep\n|turn|31\n|\n|t:|1700408826\n|move|p1a: Moltres|Flamethrower|p2a: Corviknight\n|-damage|p2a: Corviknight|25\/100 brn\n|move|p2a: Corviknight|Roost|p2a: Corviknight\n|-heal|p2a: Corviknight|75\/100 brn\n|\n|-damage|p2a: Corviknight|69\/100 brn|[from] brn\n|upkeep\n|turn|32\n|j| Spiderking3261\n|\n|t:|1700408830\n|move|p1a: Moltres|Flamethrower|p2a: Corviknight\n|-damage|p2a: Corviknight|44\/100 brn\n|move|p2a: Corviknight|Brave Bird|p1a: Moltres\n|-damage|p1a: Moltres|34\/100\n|-damage|p2a: Corviknight|29\/100 brn|[from] Recoil\n|\n|-damage|p2a: Corviknight|22\/100 brn|[from] brn\n|upkeep\n|turn|33\n|\n|t:|1700408834\n|move|p1a: Moltres|Roost|p1a: Moltres\n|-heal|p1a: Moltres|84\/100\n|-singleturn|p1a: Moltres|move: Roost\n|move|p2a: Corviknight|Roost|p2a: Corviknight\n|-heal|p2a: Corviknight|72\/100 brn\n|\n|-damage|p2a: Corviknight|66\/100 brn|[from] brn\n|upkeep\n|turn|34\n|\n|t:|1700408837\n|move|p1a: Moltres|Flamethrower|p2a: Corviknight\n|-damage|p2a: Corviknight|39\/100 brn\n|move|p2a: Corviknight|Brave Bird|p1a: Moltres\n|-damage|p1a: Moltres|32\/100\n|-damage|p2a: Corviknight|22\/100 brn|[from] Recoil\n|\n|-damage|p2a: Corviknight|16\/100 brn|[from] brn\n|upkeep\n|turn|35\n|\n|t:|1700408840\n|move|p1a: Moltres|Roost|p1a: Moltres\n|-heal|p1a: Moltres|82\/100\n|-singleturn|p1a: Moltres|move: Roost\n|move|p2a: Corviknight|Brave Bird|p1a: Moltres\n|-damage|p1a: Moltres|33\/100\n|-damage|p2a: Corviknight|1\/100 brn|[from] Recoil\n|\n|-damage|p2a: Corviknight|0 fnt|[from] brn\n|faint|p2a: Corviknight\n|upkeep\n|\n|t:|1700408843\n|switch|p2a: Ogerpon|Ogerpon-Wellspring, F|97\/100\n|turn|36\n|\n|t:|1700408857\n|switch|p1a: Rillaboom|Rillaboom, M|100\/100\n|-fieldstart|move: Grassy Terrain|[from] ability: Grassy Surge|[of] p1a: Rillaboom\n|move|p2a: Ogerpon|Swords Dance|p2a: Ogerpon\n|-boost|p2a: Ogerpon|atk|2\n|\n|-heal|p2a: Ogerpon|100\/100|[from] Grassy Terrain\n|upkeep\n|turn|37\n|\n|t:|1700408861\n|move|p2a: Ogerpon|Knock Off|p1a: Rillaboom\n|-damage|p1a: Rillaboom|46\/100\n|-enditem|p1a: Rillaboom|Leftovers|[from] move: Knock Off|[of] p2a: Ogerpon\n|move|p1a: Rillaboom|Wood Hammer|p2a: Ogerpon\n|-damage|p2a: Ogerpon|0 fnt\n|faint|p2a: Ogerpon\n|-damage|p1a: Rillaboom|21\/100|[from] Recoil\n|\n|-heal|p1a: Rillaboom|27\/100|[from] Grassy Terrain\n|upkeep\n|\n|t:|1700408866\n|switch|p2a: Dragonite|Dragonite, F|100\/100\n|turn|38\n|\n|t:|1700408872\n|move|p2a: Dragonite|Dragon Dance|p2a: Dragonite\n|-boost|p2a: Dragonite|atk|1\n|-boost|p2a: Dragonite|spe|1\n|move|p1a: Rillaboom|U-turn|p2a: Dragonite\n|-resisted|p2a: Dragonite\n|-damage|p2a: Dragonite|95\/100\n|\n|t:|1700408878\n|switch|p1a: Great Tusk|Great Tusk|19\/100|[from] U-turn\n|\n|-heal|p1a: Great Tusk|25\/100|[from] Grassy Terrain\n|-heal|p1a: Great Tusk|31\/100|[from] item: Leftovers\n|upkeep\n|turn|39\n|\n|t:|1700408883\n|move|p2a: Dragonite|Roost|p2a: Dragonite\n|-heal|p2a: Dragonite|100\/100\n|-singleturn|p2a: Dragonite|move: Roost\n|move|p1a: Great Tusk|Ice Spinner|p2a: Dragonite\n|-supereffective|p2a: Dragonite\n|-damage|p2a: Dragonite|78\/100\n|-fieldend|move: Grassy Terrain\n|\n|-heal|p1a: Great Tusk|37\/100|[from] item: Leftovers\n|upkeep\n|turn|40\n|\n|t:|1700408887\n|move|p2a: Dragonite|Extreme Speed|p1a: Great Tusk\n|-damage|p1a: Great Tusk|0 fnt\n|faint|p1a: Great Tusk\n|-end|p1a: Great Tusk|Protosynthesis|[silent]\n|\n|upkeep\n|\n|t:|1700408900\n|switch|p1a: Moltres|Moltres|33\/100\n|turn|41\n|\n|t:|1700408903\n|move|p2a: Dragonite|Extreme Speed|p1a: Moltres\n|-damage|p1a: Moltres|4\/100\n|move|p1a: Moltres|Will-O-Wisp|p2a: Dragonite|[miss]\n|-miss|p1a: Moltres|p2a: Dragonite\n|\n|upkeep\n|turn|42\n|\n|t:|1700408910\n|move|p2a: Dragonite|Extreme Speed|p1a: Moltres\n|-damage|p1a: Moltres|0 fnt\n|faint|p1a: Moltres\n|\n|upkeep\n|c|\u2606EllieTheAlt|bruh\n|c|\u2606EllieTheAlt|no burn\n|\n|t:|1700408923\n|switch|p1a: Rillaboom|Rillaboom, M|27\/100\n|-fieldstart|move: Grassy Terrain|[from] ability: Grassy Surge|[of] p1a: Rillaboom\n|turn|43\n|\n|t:|1700408928\n|move|p2a: Dragonite|Extreme Speed|p1a: Rillaboom\n|-damage|p1a: Rillaboom|0 fnt\n|faint|p1a: Rillaboom\n|\n|upkeep\n|\n|t:|1700408934\n|switch|p1a: Kingambit|Kingambit, F|100\/100\n|-activate|p1a: Kingambit|ability: Supreme Overlord\n|-start|p1a: Kingambit|fallen3|[silent]\n|turn|44\n|c|\u2606santos_overlord|you got 1 in 3 so\n|l| Spiderking3261\n|\n|t:|1700408945\n|move|p2a: Dragonite|Roost|p2a: Dragonite\n|-heal|p2a: Dragonite|100\/100\n|-singleturn|p2a: Dragonite|move: Roost\n|move|p1a: Kingambit|Kowtow Cleave|p2a: Dragonite\n|-damage|p2a: Dragonite|70\/100\n|\n|-heal|p2a: Dragonite|76\/100|[from] Grassy Terrain\n|upkeep\n|turn|45\n|c|\u2606EllieTheAlt|i also missed wisp\n|\n|t:|1700408962\n|switch|p2a: Cinderace|Cinderace, M|78\/100 brn\n|move|p1a: Kingambit|Kowtow Cleave|p2a: Cinderace\n|-damage|p2a: Cinderace|0 fnt\n|faint|p2a: Cinderace\n|\n|upkeep\n|c|\u2606santos_overlord|and you also hit it, it is an 85% move its risky\n|\n|t:|1700408989\n|switch|p2a: Dragonite|Dragonite, F|76\/100\n|turn|46\n|\n|t:|1700408999\n|move|p2a: Dragonite|Roost|p2a: Dragonite\n|-heal|p2a: Dragonite|100\/100\n|-singleturn|p2a: Dragonite|move: Roost\n|move|p1a: Kingambit|Kowtow Cleave|p2a: Dragonite\n|-damage|p2a: Dragonite|68\/100\n|\n|-heal|p2a: Dragonite|74\/100|[from] Grassy Terrain\n|upkeep\n|turn|47\n|\n|t:|1700409002\n|move|p2a: Dragonite|Roost|p2a: Dragonite\n|-heal|p2a: Dragonite|100\/100\n|-singleturn|p2a: Dragonite|move: Roost\n|move|p1a: Kingambit|Swords Dance|p1a: Kingambit\n|-boost|p1a: Kingambit|atk|2\n|\n|-fieldend|move: Grassy Terrain\n|upkeep\n|turn|48\n|\n|t:|1700409005\n|-terastallize|p1a: Kingambit|Fairy\n|move|p2a: Dragonite|Earthquake|p1a: Kingambit\n|-damage|p1a: Kingambit|70\/100\n|move|p1a: Kingambit|Kowtow Cleave|p2a: Dragonite\n|-damage|p2a: Dragonite|32\/100\n|\n|-heal|p1a: Kingambit|76\/100|[from] item: Leftovers\n|upkeep\n|turn|49\n|\n|t:|1700409010\n|move|p2a: Dragonite|Extreme Speed|p1a: Kingambit\n|-damage|p1a: Kingambit|55\/100\n|move|p1a: Kingambit|Kowtow Cleave|p2a: Dragonite\n|-damage|p2a: Dragonite|0 fnt\n|faint|p2a: Dragonite\n|\n|win|EllieTheAlt\n|raw|EllieTheAlt's rating: 1630 &rarr; <strong>1648<\/strong><br \/>(+18 for winning)\n|raw|santos_overlord's rating: 1596 &rarr; <strong>1578<\/strong><br \/>(-18 for losing)\n|l|\u2606santos_overlord\n","uploadtime":1700409028,"views":12,"p1id":"elliethealt","p2id":"santosoverlord","formatid":"gen9ou","rating":1578,"private":0,"password":""}