{"id":"gen9ou-1989851021","p1":"Yanmegafan","p2":"UdAngel","format":"[Gen 9] OU","log":"|j|\u203dYanmegafan\n|j|\u2606UdAngel\n|t:|1699900999\n|gametype|singles\n|player|p1|Yanmegafan|ruinmaniac|1395\n|player|p2|UdAngel|101|1433\n|teamsize|p1|6\n|teamsize|p2|6\n|gen|9\n|tier|[Gen 9] OU\n|rated|\n|rule|Sleep Clause Mod: Limit one foe put to sleep\n|rule|Species Clause: Limit one of each Pok\u00e9mon\n|rule|OHKO Clause: OHKO moves are banned\n|rule|Evasion Items Clause: Evasion items are banned\n|rule|Evasion Moves Clause: Evasion moves are banned\n|rule|Endless Battle Clause: Forcing endless battles is banned\n|rule|HP Percentage Mod: HP is shown in percentages\n|clearpoke\n|poke|p1|Sandy Shocks|\n|poke|p1|Masquerain, F|\n|poke|p1|Yanmega, M|\n|poke|p1|Great Tusk|\n|poke|p1|Dragapult, F|\n|poke|p1|Iron Valiant|\n|poke|p2|Rillaboom, F|\n|poke|p2|Cresselia, F|\n|poke|p2|Zamazenta-*|\n|poke|p2|Sneasler, F|\n|poke|p2|Iron Moth|\n|poke|p2|Jirachi|\n|teampreview\n|\n|t:|1699901009\n|start\n|switch|p1a: Masquerain|Masquerain, F, shiny|100\/100\n|switch|p2a: Rillaboom|Rillaboom, F|100\/100\n|-ability|p1a: Masquerain|Intimidate|boost\n|-unboost|p2a: Rillaboom|atk|1\n|-fieldstart|move: Grassy Terrain|[from] ability: Grassy Surge|[of] p2a: Rillaboom\n|turn|1\n|\n|t:|1699901021\n|switch|p2a: Sneasler|Sneasler, F|100\/100\n|-enditem|p2a: Sneasler|Grassy Seed\n|-boost|p2a: Sneasler|def|1|[from] item: Grassy Seed\n|move|p1a: Masquerain|Sticky Web|p2a: Sneasler\n|-sidestart|p2: UdAngel|move: Sticky Web\n|\n|upkeep\n|turn|2\n|\n|t:|1699901028\n|move|p2a: Sneasler|Dire Claw|p1a: Masquerain\n|-damage|p1a: Masquerain|24\/100\n|-status|p1a: Masquerain|slp\n|cant|p1a: Masquerain|slp\n|\n|upkeep\n|turn|3\n|\n|t:|1699901035\n|move|p2a: Sneasler|Swords Dance|p2a: Sneasler\n|-boost|p2a: Sneasler|atk|2\n|cant|p1a: Masquerain|slp\n|\n|upkeep\n|turn|4\n|\n|t:|1699901041\n|move|p2a: Sneasler|Dire Claw|p1a: Masquerain\n|-damage|p1a: Masquerain|0 fnt\n|faint|p1a: Masquerain\n|\n|upkeep\n|\n|t:|1699901046\n|switch|p1a: Sandy Shocks|Sandy Shocks, shiny|100\/100\n|turn|5\n|\n|t:|1699901055\n|-terastallize|p2a: Sneasler|Ground\n|move|p2a: Sneasler|Dire Claw|p1a: Sandy Shocks\n|-resisted|p1a: Sandy Shocks\n|-damage|p1a: Sandy Shocks|47\/100\n|move|p1a: Sandy Shocks|Volt Switch|p2a: Sneasler\n|-immune|p2a: Sneasler\n|\n|-heal|p1a: Sandy Shocks|54\/100|[from] Grassy Terrain\n|upkeep\n|turn|6\n|\n|t:|1699901067\n|-terastallize|p1a: Sandy Shocks|Ice\n|move|p2a: Sneasler|Tera Blast|p1a: Sandy Shocks|[anim] Tera Blast Ground\n|-damage|p1a: Sandy Shocks|0 fnt\n|faint|p1a: Sandy Shocks\n|-end|p1a: Sandy Shocks|Protosynthesis|[silent]\n|\n|upkeep\n|\n|t:|1699901073\n|switch|p1a: Iron Valiant|Iron Valiant|100\/100\n|-enditem|p1a: Iron Valiant|Booster Energy\n|-activate|p1a: Iron Valiant|ability: Quark Drive|[fromitem]\n|-start|p1a: Iron Valiant|quarkdrivespe\n|turn|7\n|\n|t:|1699901079\n|move|p2a: Sneasler|Dire Claw|p1a: Iron Valiant\n|-supereffective|p1a: Iron Valiant\n|-damage|p1a: Iron Valiant|0 fnt\n|faint|p1a: Iron Valiant\n|-end|p1a: Iron Valiant|Quark Drive|[silent]\n|\n|upkeep\n|-message|Yanmegafan forfeited.\n|\n|win|UdAngel\n|raw|Yanmegafan's rating: 1395 &rarr; <strong>1377<\/strong><br \/>(-18 for losing)\n|raw|UdAngel's rating: 1433 &rarr; <strong>1451<\/strong><br \/>(+18 for winning)\n|l|\u203dYanmegafan\n","uploadtime":1699901093,"views":15,"p1id":"yanmegafan","p2id":"udangel","formatid":"gen9ou","rating":1377,"private":0,"password":""}