{"id":"gen9ou-1993671404","p1":"oldworm","p2":"AubreyOmori1","format":"[Gen 9] OU","log":"|j|\u2606oldworm\n|j|\u2606AubreyOmori1\n|t:|1700343863\n|gametype|singles\n|player|p1|oldworm|265|1323\n|player|p2|AubreyOmori1|roxie|1260\n|teamsize|p1|6\n|teamsize|p2|6\n|gen|9\n|tier|[Gen 9] OU\n|rated|\n|rule|Sleep Clause Mod: Limit one foe put to sleep\n|rule|Species Clause: Limit one of each Pok\u00e9mon\n|rule|OHKO Clause: OHKO moves are banned\n|rule|Evasion Items Clause: Evasion items are banned\n|rule|Evasion Moves Clause: Evasion moves are banned\n|rule|Endless Battle Clause: Forcing endless battles is banned\n|rule|HP Percentage Mod: HP is shown in percentages\n|clearpoke\n|poke|p1|Alomomola, F|\n|poke|p1|Slowking-Galar, F|\n|poke|p1|Kingambit, F|\n|poke|p1|Great Tusk|\n|poke|p1|Cinderace, F|\n|poke|p1|Thundurus-Therian, M|\n|poke|p2|Rillaboom, M|\n|poke|p2|Sneasler, F|\n|poke|p2|Zamazenta-*|\n|poke|p2|Heatran, M|\n|poke|p2|Hatterene, F|\n|poke|p2|Manaphy|\n|teampreview\n|\n|t:|1700343877\n|start\n|switch|p1a: Great Tusk|Great Tusk|100\/100\n|switch|p2a: Owen|Heatran, M, shiny|100\/100\n|-item|p2a: Owen|Air Balloon\n|turn|1\n|\n|t:|1700343887\n|switch|p2a: Donkey Kong|Rillaboom, M, shiny|100\/100\n|-fieldstart|move: Grassy Terrain|[from] ability: Grassy Surge|[of] p2a: Donkey Kong\n|move|p1a: Great Tusk|Rapid Spin|p2a: Donkey Kong\n|-damage|p2a: Donkey Kong|81\/100\n|-boost|p1a: Great Tusk|spe|1\n|\n|-heal|p2a: Donkey Kong|87\/100|[from] Grassy Terrain\n|upkeep\n|turn|2\n|\n|t:|1700343895\n|move|p1a: Great Tusk|Ice Spinner|p2a: Donkey Kong\n|-supereffective|p2a: Donkey Kong\n|-damage|p2a: Donkey Kong|32\/100\n|-fieldend|move: Grassy Terrain\n|move|p2a: Donkey Kong|U-turn|p1a: Great Tusk\n|-resisted|p1a: Great Tusk\n|-damage|p1a: Great Tusk|87\/100\n|-damage|p2a: Donkey Kong|16\/100|[from] item: Rocky Helmet|[of] p1a: Great Tusk\n|\n|t:|1700343901\n|switch|p2a: Teardrop|Manaphy, shiny|100\/100|[from] U-turn\n|\n|upkeep\n|turn|3\n|\n|t:|1700343906\n|move|p1a: Great Tusk|Stealth Rock|p2a: Teardrop\n|-sidestart|p2: AubreyOmori1|move: Stealth Rock\n|move|p2a: Teardrop|Acid Armor|p2a: Teardrop\n|-boost|p2a: Teardrop|def|2\n|\n|upkeep\n|turn|4\n|\n|t:|1700343910\n|-end|p1a: Great Tusk|Protosynthesis|[silent]\n|switch|p1a: Alomomola|Alomomola, F|100\/100\n|move|p2a: Teardrop|Acid Armor|p2a: Teardrop\n|-boost|p2a: Teardrop|def|2\n|\n|upkeep\n|turn|5\n|\n|t:|1700343915\n|move|p2a: Teardrop|Take Heart|p2a: Teardrop\n|-boost|p2a: Teardrop|spa|1\n|-boost|p2a: Teardrop|spd|1\n|move|p1a: Alomomola|Scald|p2a: Teardrop\n|-resisted|p2a: Teardrop\n|-damage|p2a: Teardrop|96\/100\n|\n|-heal|p2a: Teardrop|100\/100|[from] item: Leftovers\n|upkeep\n|turn|6\n|\n|t:|1700343921\n|move|p2a: Teardrop|Take Heart|p2a: Teardrop\n|-boost|p2a: Teardrop|spa|1\n|-boost|p2a: Teardrop|spd|1\n|move|p1a: Alomomola|Scald|p2a: Teardrop\n|-resisted|p2a: Teardrop\n|-damage|p2a: Teardrop|98\/100\n|\n|-heal|p2a: Teardrop|100\/100|[from] item: Leftovers\n|upkeep\n|turn|7\n|\n|t:|1700343932\n|move|p2a: Teardrop|Acid Armor|p2a: Teardrop\n|-boost|p2a: Teardrop|def|2\n|move|p1a: Alomomola|Scald|p2a: Teardrop\n|-resisted|p2a: Teardrop\n|-damage|p2a: Teardrop|98\/100\n|\n|-heal|p2a: Teardrop|100\/100|[from] item: Leftovers\n|upkeep\n|turn|8\n|\n|t:|1700343937\n|move|p2a: Teardrop|Take Heart|p2a: Teardrop\n|-boost|p2a: Teardrop|spa|1\n|-boost|p2a: Teardrop|spd|1\n|move|p1a: Alomomola|Scald|p2a: Teardrop\n|-resisted|p2a: Teardrop\n|-damage|p2a: Teardrop|98\/100\n|\n|-heal|p2a: Teardrop|100\/100|[from] item: Leftovers\n|upkeep\n|turn|9\n|\n|t:|1700343942\n|move|p2a: Teardrop|Take Heart|p2a: Teardrop\n|-boost|p2a: Teardrop|spa|1\n|-boost|p2a: Teardrop|spd|1\n|move|p1a: Alomomola|Scald|p2a: Teardrop\n|-resisted|p2a: Teardrop\n|-damage|p2a: Teardrop|98\/100\n|-status|p2a: Teardrop|brn\n|\n|-heal|p2a: Teardrop|100\/100 brn|[from] item: Leftovers\n|-damage|p2a: Teardrop|94\/100 brn|[from] brn\n|upkeep\n|turn|10\n|\n|t:|1700343963\n|move|p2a: Teardrop|Take Heart|p2a: Teardrop\n|-boost|p2a: Teardrop|spa|1\n|-boost|p2a: Teardrop|spd|1\n|-curestatus|p2a: Teardrop|brn|[msg]\n|move|p1a: Alomomola|Scald|p2a: Teardrop\n|-resisted|p2a: Teardrop\n|-damage|p2a: Teardrop|93\/100\n|\n|-heal|p2a: Teardrop|99\/100|[from] item: Leftovers\n|upkeep\n|turn|11\n|\n|t:|1700343971\n|move|p2a: Teardrop|Take Heart|p2a: Teardrop\n|-boost|p2a: Teardrop|spa|1\n|-boost|p2a: Teardrop|spd|1\n|move|p1a: Alomomola|Scald|p2a: Teardrop\n|-resisted|p2a: Teardrop\n|-damage|p2a: Teardrop|98\/100\n|\n|-heal|p2a: Teardrop|100\/100|[from] item: Leftovers\n|upkeep\n|turn|12\n|\n|t:|1700343980\n|switch|p1a: Kingambit|Kingambit, F|100\/100\n|move|p2a: Teardrop|Stored Power|p1a: Kingambit\n|-immune|p1a: Kingambit\n|\n|upkeep\n|turn|13\n|\n|t:|1700343996\n|move|p1a: Kingambit|Sucker Punch|p2a: Teardrop\n|-damage|p2a: Teardrop|92\/100\n|move|p2a: Teardrop|Scald|p1a: Kingambit\n|-damage|p1a: Kingambit|2\/100\n|\n|-heal|p2a: Teardrop|98\/100|[from] item: Leftovers\n|-heal|p1a: Kingambit|9\/100|[from] item: Leftovers\n|upkeep\n|turn|14\n|\n|t:|1700344003\n|move|p1a: Kingambit|Sucker Punch|p2a: Teardrop\n|-damage|p2a: Teardrop|90\/100\n|move|p2a: Teardrop|Scald|p1a: Kingambit\n|-damage|p1a: Kingambit|0 fnt\n|faint|p1a: Kingambit\n|-end|p1a: Kingambit|fallenundefined|[silent]\n|\n|-heal|p2a: Teardrop|96\/100|[from] item: Leftovers\n|upkeep\n|c|\u2606AubreyOmori1|I think this is gg\n|\n|t:|1700344047\n|switch|p1a: Thundurus|Thundurus-Therian, M|100\/100\n|turn|15\n|\n|t:|1700344053\n|move|p1a: Thundurus|Volt Switch|p2a: Teardrop\n|-supereffective|p2a: Teardrop\n|-damage|p2a: Teardrop|68\/100\n|\n|t:|1700344057\n|switch|p1a: Slowking|Slowking-Galar, F|100\/100|[from] Volt Switch\n|move|p2a: Teardrop|Stored Power|p1a: Slowking\n|-damage|p1a: Slowking|0 fnt\n|faint|p1a: Slowking\n|\n|-heal|p2a: Teardrop|74\/100|[from] item: Leftovers\n|upkeep\n|\n|t:|1700344059\n|switch|p1a: Thundurus|Thundurus-Therian, M|100\/100\n|turn|16\n|\n|t:|1700344061\n|move|p1a: Thundurus|Volt Switch|p2a: Teardrop\n|-supereffective|p2a: Teardrop\n|-damage|p2a: Teardrop|47\/100\n|\n|t:|1700344065\n|switch|p1a: Alomomola|Alomomola, F|100\/100|[from] Volt Switch\n|move|p2a: Teardrop|Stored Power|p1a: Alomomola\n|-damage|p1a: Alomomola|0 fnt\n|faint|p1a: Alomomola\n|\n|-heal|p2a: Teardrop|53\/100|[from] item: Leftovers\n|upkeep\n|\n|t:|1700344067\n|switch|p1a: Thundurus|Thundurus-Therian, M|100\/100\n|turn|17\n|\n|t:|1700344071\n|move|p1a: Thundurus|Volt Switch|p2a: Teardrop\n|-supereffective|p2a: Teardrop\n|-damage|p2a: Teardrop|25\/100\n|-message|oldworm forfeited.\n|\n|win|AubreyOmori1\n|raw|oldworm's rating: 1323 &rarr; <strong>1299<\/strong><br \/>(-24 for losing)\n|raw|AubreyOmori1's rating: 1260 &rarr; <strong>1289<\/strong><br \/>(+29 for winning)\n|l|\u2606oldworm\n","uploadtime":1700344081,"views":8,"p1id":"oldworm","p2id":"aubreyomori1","formatid":"gen9ou","rating":1289,"private":0,"password":""}