{"id":"gen9ou-1999812269","p1":"RovaRed","p2":"quetzuma","format":"[Gen 9] OU","log":"|j|\u2606RovaRed\n|j|\u2606quetzuma\n|t:|1701118986\n|gametype|singles\n|player|p1|RovaRed|wicke|1379\n|player|p2|quetzuma|volkner|1436\n|teamsize|p1|6\n|teamsize|p2|6\n|gen|9\n|tier|[Gen 9] OU\n|rated|\n|rule|Sleep Clause Mod: Limit one foe put to sleep\n|rule|Species Clause: Limit one of each Pok\u00e9mon\n|rule|OHKO Clause: OHKO moves are banned\n|rule|Evasion Items Clause: Evasion items are banned\n|rule|Evasion Moves Clause: Evasion moves are banned\n|rule|Endless Battle Clause: Forcing endless battles is banned\n|rule|HP Percentage Mod: HP is shown in percentages\n|clearpoke\n|poke|p1|Haxorus, F|\n|poke|p1|Great Tusk|\n|poke|p1|Ribombee, M|\n|poke|p1|Iron Valiant|\n|poke|p1|Gholdengo|\n|poke|p1|Iron Moth|\n|poke|p2|Yanmega, M|\n|poke|p2|Great Tusk|\n|poke|p2|Weavile, M|\n|poke|p2|Dragapult, M|\n|poke|p2|Munkidori, M|\n|poke|p2|Heatran, F|\n|teampreview\n|inactive|Battle timer is ON: inactive players will automatically lose when time's up. (requested by quetzuma)\n|\n|t:|1701118991\n|start\n|switch|p1a: Buck Bumble|Ribombee, M, shiny|100\/100\n|switch|p2a: Heatran|Heatran, F|100\/100\n|turn|1\n|\n|t:|1701118994\n|move|p1a: Buck Bumble|Sticky Web|p2a: Heatran\n|-sidestart|p2: quetzuma|move: Sticky Web\n|move|p2a: Heatran|Lava Plume|p1a: Buck Bumble\n|-supereffective|p1a: Buck Bumble\n|-enditem|p1a: Buck Bumble|Focus Sash\n|-damage|p1a: Buck Bumble|1\/100\n|\n|upkeep\n|turn|2\n|\n|t:|1701119000\n|move|p1a: Buck Bumble|Stun Spore|p2a: Heatran\n|-status|p2a: Heatran|par\n|move|p2a: Heatran|Lava Plume|p1a: Buck Bumble\n|-supereffective|p1a: Buck Bumble\n|-damage|p1a: Buck Bumble|0 fnt\n|faint|p1a: Buck Bumble\n|\n|upkeep\n|\n|t:|1701119012\n|switch|p1a: Tuskathy|Great Tusk|100\/100\n|-enditem|p1a: Tuskathy|Booster Energy\n|-activate|p1a: Tuskathy|ability: Protosynthesis|[fromitem]\n|-start|p1a: Tuskathy|protosynthesisatk\n|turn|3\n|\n|t:|1701119021\n|switch|p2a: Great Tusk|Great Tusk|100\/100\n|-activate|p2a: Great Tusk|move: Sticky Web\n|-unboost|p2a: Great Tusk|spe|1\n|move|p1a: Tuskathy|Earthquake|p2a: Great Tusk\n|-damage|p2a: Great Tusk|49\/100\n|\n|-heal|p2a: Great Tusk|55\/100|[from] item: Leftovers\n|upkeep\n|turn|4\n|\n|t:|1701119047\n|move|p1a: Tuskathy|Ice Spinner|p2a: Great Tusk\n|-supereffective|p2a: Great Tusk\n|-damage|p2a: Great Tusk|0 fnt\n|faint|p2a: Great Tusk\n|-end|p2a: Great Tusk|Protosynthesis|[silent]\n|\n|upkeep\n|\n|t:|1701119051\n|switch|p2a: Munkidori|Munkidori, M|100\/100\n|-activate|p2a: Munkidori|move: Sticky Web\n|-unboost|p2a: Munkidori|spe|1\n|turn|5\n|inactive|RovaRed has 120 seconds left.\n|\n|t:|1701119076\n|move|p2a: Munkidori|Trick|p1a: Tuskathy\n|-activate|p2a: Munkidori|move: Trick|[of] p1a: Tuskathy\n|-item|p1a: Tuskathy|Choice Scarf|[from] move: Trick\n|-enditem|p2a: Munkidori|Choice Scarf|[silent]|[from] move: Trick\n|move|p1a: Tuskathy|Earthquake|p2a: Munkidori\n|-supereffective|p2a: Munkidori\n|-damage|p2a: Munkidori|0 fnt\n|faint|p2a: Munkidori\n|\n|upkeep\n|\n|t:|1701119086\n|switch|p2a: Heatran|Heatran, F|100\/100 par\n|-activate|p2a: Heatran|move: Sticky Web\n|-unboost|p2a: Heatran|spe|1\n|turn|6\n|\n|t:|1701119089\n|switch|p2a: Yanmega|Yanmega, M|100\/100\n|move|p1a: Tuskathy|Earthquake|p2a: Yanmega\n|-immune|p2a: Yanmega\n|\n|upkeep\n|turn|7\n|inactive|RovaRed has 120 seconds left.\n|\n|t:|1701119109\n|-end|p1a: Tuskathy|Protosynthesis|[silent]\n|switch|p1a: Old Money|Gholdengo|100\/100\n|-item|p1a: Old Money|Air Balloon\n|move|p2a: Yanmega|Swords Dance|p2a: Yanmega\n|-boost|p2a: Yanmega|atk|2\n|\n|-ability|p2a: Yanmega|Speed Boost|boost\n|-boost|p2a: Yanmega|spe|1\n|upkeep\n|turn|8\n|inactive|RovaRed has 120 seconds left.\n|\n|t:|1701119120\n|move|p2a: Yanmega|Crunch|p1a: Old Money\n|-supereffective|p1a: Old Money\n|-damage|p1a: Old Money|28\/100\n|-enditem|p1a: Old Money|Air Balloon\n|move|p1a: Old Money|Make It Rain|p2a: Yanmega\n|-damage|p2a: Yanmega|0 fnt\n|-unboost|p1a: Old Money|spa|1\n|faint|p2a: Yanmega\n|\n|upkeep\n|\n|t:|1701119124\n|switch|p2a: Dragapult|Dragapult, M|100\/100\n|-activate|p2a: Dragapult|move: Sticky Web\n|-fail|p2a: Dragapult|unboost|[from] ability: Clear Body|[of] p2a: Dragapult\n|turn|9\n|-message|quetzuma forfeited.\n|\n|win|RovaRed\n|raw|RovaRed's rating: 1379 &rarr; <strong>1402<\/strong><br \/>(+23 for winning)\n|raw|quetzuma's rating: 1436 &rarr; <strong>1413<\/strong><br \/>(-23 for losing)\n|l|\u2606quetzuma\n","uploadtime":1701119145,"views":3,"p1id":"rovared","p2id":"quetzuma","formatid":"gen9ou","rating":1402,"private":0,"password":""}