{"id":"gen9ou-2000405786","p1":"ChosenLotion","p2":"boom moon","format":"[Gen 9] OU","log":"|j|\u2606ChosenLotion\n|j|\u2606boom moon\n|t:|1701192095\n|gametype|singles\n|player|p1|ChosenLotion|morty|1424\n|player|p2|boom moon|265|1369\n|teamsize|p1|6\n|teamsize|p2|6\n|gen|9\n|tier|[Gen 9] OU\n|rated|\n|rule|Sleep Clause Mod: Limit one foe put to sleep\n|rule|Species Clause: Limit one of each Pok\u00e9mon\n|rule|OHKO Clause: OHKO moves are banned\n|rule|Evasion Items Clause: Evasion items are banned\n|rule|Evasion Moves Clause: Evasion moves are banned\n|rule|Endless Battle Clause: Forcing endless battles is banned\n|rule|HP Percentage Mod: HP is shown in percentages\n|clearpoke\n|poke|p1|Ceruledge, F|\n|poke|p1|Torkoal, F|\n|poke|p1|Walking Wake|\n|poke|p1|Great Tusk|\n|poke|p1|Clodsire, M|\n|poke|p1|Dragonite, M|\n|poke|p2|Greninja-*, M|\n|poke|p2|Kommo-o, M|\n|poke|p2|Ceruledge, M|\n|poke|p2|Krookodile, F|\n|poke|p2|Breloom, F|\n|poke|p2|Maushold-Four|\n|teampreview\n|\n|t:|1701192116\n|start\n|switch|p1a: Torkoal|Torkoal, F, shiny|100\/100\n|switch|p2a: Krookodile|Krookodile, F|100\/100\n|-weather|SunnyDay|[from] ability: Drought|[of] p1a: Torkoal\n|turn|1\n|inactive|Battle timer is ON: inactive players will automatically lose when time's up. (requested by boom moon)\n|\n|t:|1701192128\n|switch|p1a: Great Tusk|Great Tusk|100\/100\n|-activate|p1a: Great Tusk|ability: Protosynthesis\n|-start|p1a: Great Tusk|protosynthesisatk\n|move|p2a: Krookodile|Stealth Rock|p1a: Great Tusk\n|-sidestart|p1: ChosenLotion|move: Stealth Rock\n|\n|-weather|SunnyDay|[upkeep]\n|upkeep\n|turn|2\n|\n|t:|1701192139\n|switch|p2a: Ceruledge|Ceruledge, M|100\/100\n|move|p1a: Great Tusk|Knock Off|p2a: Ceruledge\n|-supereffective|p2a: Ceruledge\n|-damage|p2a: Ceruledge|0 fnt\n|-enditem|p2a: Ceruledge|Covert Cloak|[from] move: Knock Off|[of] p1a: Great Tusk\n|faint|p2a: Ceruledge\n|\n|-weather|SunnyDay|[upkeep]\n|upkeep\n|\n|t:|1701192148\n|switch|p2a: Breloom|Breloom, F, shiny|100\/100\n|turn|3\n|\n|t:|1701192157\n|move|p1a: Great Tusk|Rapid Spin|p2a: Breloom\n|-damage|p2a: Breloom|67\/100\n|-boost|p1a: Great Tusk|spe|1\n|-sideend|p1: ChosenLotion|Stealth Rock|[from] move: Rapid Spin|[of] p1a: Great Tusk\n|move|p2a: Breloom|Bullet Seed|p1a: Great Tusk\n|-supereffective|p1a: Great Tusk\n|-damage|p1a: Great Tusk|68\/100\n|-supereffective|p1a: Great Tusk\n|-damage|p1a: Great Tusk|36\/100\n|-supereffective|p1a: Great Tusk\n|-damage|p1a: Great Tusk|3\/100\n|-supereffective|p1a: Great Tusk\n|-damage|p1a: Great Tusk|0 fnt\n|faint|p1a: Great Tusk\n|-end|p1a: Great Tusk|Protosynthesis|[silent]\n|-hitcount|p1: Great Tusk|4\n|\n|-weather|SunnyDay|[upkeep]\n|upkeep\n|\n|t:|1701192183\n|switch|p1a: Ceruledge|Ceruledge, F, shiny|100\/100\n|turn|4\n|\n|t:|1701192189\n|move|p1a: Ceruledge|Bitter Blade|p2a: Breloom\n|-supereffective|p2a: Breloom\n|-damage|p2a: Breloom|0 fnt\n|faint|p2a: Breloom\n|\n|-weather|SunnyDay|[upkeep]\n|upkeep\n|\n|t:|1701192198\n|switch|p2a: Kommo-o|Kommo-o, M|100\/100\n|turn|5\n|\n|t:|1701192210\n|move|p1a: Ceruledge|Shadow Sneak|p2a: Kommo-o\n|-damage|p2a: Kommo-o|80\/100\n|move|p2a: Kommo-o|Clangorous Soul|p2a: Kommo-o\n|-boost|p2a: Kommo-o|atk|1\n|-boost|p2a: Kommo-o|def|1\n|-boost|p2a: Kommo-o|spa|1\n|-boost|p2a: Kommo-o|spd|1\n|-boost|p2a: Kommo-o|spe|1\n|-damage|p2a: Kommo-o|47\/100\n|-enditem|p2a: Kommo-o|Throat Spray\n|-boost|p2a: Kommo-o|spa|1|[from] item: Throat Spray\n|\n|-weather|SunnyDay|[upkeep]\n|upkeep\n|turn|6\n|\n|t:|1701192222\n|move|p2a: Kommo-o|Clanging Scales|p1a: Ceruledge\n|-enditem|p1a: Ceruledge|Focus Sash\n|-damage|p1a: Ceruledge|1\/100\n|-unboost|p2a: Kommo-o|def|1\n|move|p1a: Ceruledge|Swords Dance|p1a: Ceruledge\n|-boost|p1a: Ceruledge|atk|2\n|\n|-weather|SunnyDay|[upkeep]\n|upkeep\n|turn|7\n|\n|t:|1701192232\n|move|p1a: Ceruledge|Shadow Sneak|p2a: Kommo-o\n|-damage|p2a: Kommo-o|7\/100\n|move|p2a: Kommo-o|Clanging Scales|p1a: Ceruledge\n|-damage|p1a: Ceruledge|0 fnt\n|faint|p1a: Ceruledge\n|-unboost|p2a: Kommo-o|def|1\n|\n|-weather|SunnyDay|[upkeep]\n|upkeep\n|\n|t:|1701192246\n|switch|p1a: Dragonite|Dragonite, M, shiny|100\/100\n|turn|8\n|\n|t:|1701192255\n|move|p1a: Dragonite|Extreme Speed|p2a: Kommo-o\n|-damage|p2a: Kommo-o|0 fnt\n|faint|p2a: Kommo-o\n|\n|-weather|none\n|upkeep\n|\n|t:|1701192258\n|switch|p2a: Maushold|Maushold-Four|100\/100\n|turn|9\n|\n|t:|1701192271\n|move|p1a: Dragonite|Extreme Speed|p2a: Maushold\n|-damage|p2a: Maushold|53\/100\n|move|p2a: Maushold|Tidy Up|p2a: Maushold\n|-boost|p2a: Maushold|atk|1\n|-boost|p2a: Maushold|spe|1\n|\n|upkeep\n|turn|10\n|\n|t:|1701192279\n|move|p1a: Dragonite|Extreme Speed|p2a: Maushold\n|-damage|p2a: Maushold|0 fnt\n|faint|p2a: Maushold\n|\n|upkeep\n|\n|t:|1701192287\n|switch|p2a: Greninja|Greninja, M|100\/100\n|turn|11\n|\n|t:|1701192293\n|switch|p1a: Torkoal|Torkoal, F, shiny|100\/100\n|-weather|SunnyDay|[from] ability: Drought|[of] p1a: Torkoal\n|move|p2a: Greninja|Ice Beam|p1a: Torkoal\n|-resisted|p1a: Torkoal\n|-damage|p1a: Torkoal|82\/100\n|\n|-weather|SunnyDay|[upkeep]\n|upkeep\n|turn|12\n|\n|t:|1701192304\n|move|p2a: Greninja|Dark Pulse|p1a: Torkoal\n|-damage|p1a: Torkoal|29\/100\n|cant|p1a: Torkoal|flinch\n|\n|-weather|SunnyDay|[upkeep]\n|upkeep\n|turn|13\n|\n|t:|1701192312\n|switch|p1a: Clodsire|Clodsire, M|100\/100\n|move|p2a: Greninja|Dark Pulse|p1a: Clodsire\n|-damage|p1a: Clodsire|80\/100\n|\n|-weather|SunnyDay|[upkeep]\n|-heal|p1a: Clodsire|86\/100|[from] item: Leftovers\n|upkeep\n|turn|14\n|\n|t:|1701192322\n|move|p2a: Greninja|Ice Beam|p1a: Clodsire\n|-supereffective|p1a: Clodsire\n|-damage|p1a: Clodsire|54\/100\n|move|p1a: Clodsire|Earthquake|p2a: Greninja\n|-crit|p2a: Greninja\n|-damage|p2a: Greninja|34\/100\n|\n|-weather|SunnyDay|[upkeep]\n|-heal|p1a: Clodsire|60\/100|[from] item: Leftovers\n|upkeep\n|turn|15\n|\n|t:|1701192332\n|move|p2a: Greninja|Ice Beam|p1a: Clodsire\n|-supereffective|p1a: Clodsire\n|-damage|p1a: Clodsire|31\/100\n|move|p1a: Clodsire|Earthquake|p2a: Greninja\n|-damage|p2a: Greninja|0 fnt\n|faint|p2a: Greninja\n|\n|-weather|SunnyDay|[upkeep]\n|-heal|p1a: Clodsire|37\/100|[from] item: Leftovers\n|upkeep\n|\n|t:|1701192334\n|switch|p2a: Krookodile|Krookodile, F|100\/100\n|turn|16\n|\n|t:|1701192345\n|move|p2a: Krookodile|Crunch|p1a: Clodsire\n|-damage|p1a: Clodsire|0 fnt\n|faint|p1a: Clodsire\n|-ability|p2a: Krookodile|Moxie|boost\n|-boost|p2a: Krookodile|atk|1\n|\n|-weather|SunnyDay|[upkeep]\n|upkeep\n|\n|t:|1701192352\n|switch|p1a: Walking Wake|Walking Wake|100\/100\n|-activate|p1a: Walking Wake|ability: Protosynthesis\n|-start|p1a: Walking Wake|protosynthesisspe\n|turn|17\n|\n|t:|1701192357\n|-terastallize|p2a: Krookodile|Dark\n|move|p1a: Walking Wake|Hydro Steam|p2a: Krookodile\n|-damage|p2a: Krookodile|0 fnt\n|faint|p2a: Krookodile\n|\n|win|ChosenLotion\n|raw|ChosenLotion's rating: 1424 &rarr; <strong>1441<\/strong><br \/>(+17 for winning)\n|raw|boom moon's rating: 1369 &rarr; <strong>1352<\/strong><br \/>(-17 for losing)\n|l|\u2606boom moon\n","uploadtime":1701192380,"views":4,"p1id":"chosenlotion","p2id":"boommoon","formatid":"gen9ou","rating":1352,"private":0,"password":""}