{"id":"gen9ou-1990727193","p1":"Cinny69","p2":"Jeeeeemo","format":"[Gen 9] OU","log":"|j|\u2606Cinny69\n|j|\u2606Jeeeeemo\n|t:|1699995245\n|gametype|singles\n|player|p1|Cinny69|rika|1451\n|player|p2|Jeeeeemo|li|1518\n|teamsize|p1|6\n|teamsize|p2|6\n|gen|9\n|tier|[Gen 9] OU\n|rated|\n|rule|Sleep Clause Mod: Limit one foe put to sleep\n|rule|Species Clause: Limit one of each Pok\u00e9mon\n|rule|OHKO Clause: OHKO moves are banned\n|rule|Evasion Items Clause: Evasion items are banned\n|rule|Evasion Moves Clause: Evasion moves are banned\n|rule|Endless Battle Clause: Forcing endless battles is banned\n|rule|HP Percentage Mod: HP is shown in percentages\n|clearpoke\n|poke|p1|Revavroom, F|\n|poke|p1|Iron Valiant|\n|poke|p1|Rotom-Wash|\n|poke|p1|Hydreigon, M|\n|poke|p1|Mandibuzz, F|\n|poke|p1|Milotic, M|\n|poke|p2|Ceruledge, M|\n|poke|p2|Dondozo, M|\n|poke|p2|Maushold-Four|\n|poke|p2|Tinkaton, F|\n|poke|p2|Ditto|\n|poke|p2|Dudunsparce-*, F|\n|teampreview\n|inactive|Battle timer is ON: inactive players will automatically lose when time's up. (requested by Jeeeeemo)\n|inactive|Cinny69 also wants the timer to be on.\n|\n|t:|1699995253\n|start\n|switch|p1a: Rotom|Rotom-Wash|100\/100\n|switch|p2a: Maushold|Maushold-Four|100\/100\n|turn|1\n|\n|t:|1699995259\n|move|p2a: Maushold|Population Bomb|p1a: Rotom\n|-damage|p1a: Rotom|90\/100\n|-damage|p1a: Rotom|81\/100\n|-damage|p1a: Rotom|72\/100\n|-damage|p1a: Rotom|63\/100\n|-damage|p1a: Rotom|54\/100\n|-damage|p1a: Rotom|45\/100\n|-damage|p1a: Rotom|36\/100\n|-damage|p1a: Rotom|27\/100\n|-damage|p1a: Rotom|17\/100\n|-damage|p1a: Rotom|8\/100\n|-hitcount|p1a: Rotom|10\n|move|p1a: Rotom|Thunder Wave|p2a: Maushold\n|-status|p2a: Maushold|par\n|\n|-heal|p1a: Rotom|14\/100|[from] item: Leftovers\n|upkeep\n|turn|2\n|\n|t:|1699995277\n|move|p1a: Rotom|Hydro Pump|p2a: Maushold\n|-damage|p2a: Maushold|44\/100 par\n|move|p2a: Maushold|Tidy Up|p2a: Maushold\n|-boost|p2a: Maushold|atk|1\n|-boost|p2a: Maushold|spe|1\n|\n|-heal|p1a: Rotom|20\/100|[from] item: Leftovers\n|upkeep\n|turn|3\n|\n|t:|1699995286\n|move|p2a: Maushold|Tidy Up|p2a: Maushold\n|-boost|p2a: Maushold|atk|1\n|-boost|p2a: Maushold|spe|1\n|move|p1a: Rotom|Volt Switch|p2a: Maushold\n|-damage|p2a: Maushold|8\/100 par\n|\n|t:|1699995297\n|switch|p1a: Iron Valiant|Iron Valiant, shiny|100\/100|[from] Volt Switch\n|-enditem|p1a: Iron Valiant|Booster Energy\n|-activate|p1a: Iron Valiant|ability: Quark Drive|[fromitem]\n|-start|p1a: Iron Valiant|quarkdrivespe\n|\n|upkeep\n|turn|4\n|\n|t:|1699995306\n|move|p1a: Iron Valiant|Moonblast|p2a: Maushold\n|-damage|p2a: Maushold|0 fnt\n|faint|p2a: Maushold\n|\n|upkeep\n|\n|t:|1699995309\n|switch|p2a: Ceruledge|Ceruledge, M|100\/100\n|turn|5\n|\n|t:|1699995319\n|move|p1a: Iron Valiant|Knock Off|p2a: Ceruledge\n|-supereffective|p2a: Ceruledge\n|-damage|p2a: Ceruledge|2\/100\n|-enditem|p2a: Ceruledge|Focus Sash|[from] move: Knock Off|[of] p1a: Iron Valiant\n|move|p2a: Ceruledge|Bitter Blade|p1a: Iron Valiant\n|-damage|p1a: Iron Valiant|46\/100\n|-heal|p2a: Ceruledge|29\/100|[from] drain|[of] p1a: Iron Valiant\n|\n|upkeep\n|turn|6\n|\n|t:|1699995345\n|move|p2a: Ceruledge|Shadow Sneak|p1a: Iron Valiant\n|-damage|p1a: Iron Valiant|18\/100\n|move|p1a: Iron Valiant|Knock Off|p2a: Ceruledge\n|-supereffective|p2a: Ceruledge\n|-damage|p2a: Ceruledge|0 fnt\n|faint|p2a: Ceruledge\n|\n|upkeep\n|inactive|Jeeeeemo has 120 seconds left.\n|\n|t:|1699995355\n|switch|p2a: Tinkaton|Tinkaton, F|100\/100\n|-item|p2a: Tinkaton|Air Balloon\n|turn|7\n|\n|t:|1699995360\n|move|p1a: Iron Valiant|Close Combat|p2a: Tinkaton\n|-damage|p2a: Tinkaton|12\/100\n|-unboost|p1a: Iron Valiant|def|1\n|-unboost|p1a: Iron Valiant|spd|1\n|-enditem|p2a: Tinkaton|Air Balloon\n|move|p2a: Tinkaton|Swords Dance|p2a: Tinkaton\n|-boost|p2a: Tinkaton|atk|2\n|\n|upkeep\n|turn|8\n|\n|t:|1699995373\n|move|p1a: Iron Valiant|Knock Off|p2a: Tinkaton\n|-resisted|p2a: Tinkaton\n|-damage|p2a: Tinkaton|0 fnt\n|faint|p2a: Tinkaton\n|\n|upkeep\n|\n|t:|1699995382\n|switch|p2a: Dudunsparce|Dudunsparce, F|100\/100\n|turn|9\n|\n|t:|1699995390\n|-terastallize|p2a: Dudunsparce|Ghost\n|move|p1a: Iron Valiant|Knock Off|p2a: Dudunsparce\n|-supereffective|p2a: Dudunsparce\n|-damage|p2a: Dudunsparce|35\/100\n|-enditem|p2a: Dudunsparce|Leftovers|[from] move: Knock Off|[of] p1a: Iron Valiant\n|move|p2a: Dudunsparce|Body Slam|p1a: Iron Valiant\n|-damage|p1a: Iron Valiant|0 fnt\n|faint|p1a: Iron Valiant\n|-end|p1a: Iron Valiant|Quark Drive|[silent]\n|\n|upkeep\n|\n|t:|1699995401\n|switch|p1a: Hydreigon|Hydreigon, M, shiny|100\/100\n|turn|10\n|\n|t:|1699995408\n|switch|p2a: Ditto|Ditto, shiny|100\/100\n|-transform|p2a: Ditto|p1a: Hydreigon|[from] ability: Imposter\n|move|p1a: Hydreigon|Dark Pulse|p2a: Ditto\n|-resisted|p2a: Ditto\n|-damage|p2a: Ditto|76\/100\n|\n|upkeep\n|turn|11\n|\n|t:|1699995417\n|switch|p1a: Mandibuzz|Mandibuzz, F|100\/100\n|move|p2a: Ditto|Draco Meteor|p1a: Mandibuzz\n|-damage|p1a: Mandibuzz|59\/100\n|-unboost|p2a: Ditto|spa|2\n|\n|upkeep\n|turn|12\n|\n|t:|1699995425\n|switch|p2a: Dudunsparce|Dudunsparce, F, tera:Ghost|35\/100\n|move|p1a: Mandibuzz|Toxic|p2a: Dudunsparce\n|-status|p2a: Dudunsparce|tox\n|\n|-damage|p2a: Dudunsparce|29\/100 tox|[from] psn\n|upkeep\n|turn|13\n|\n|t:|1699995433\n|move|p1a: Mandibuzz|Foul Play|p2a: Dudunsparce\n|-supereffective|p2a: Dudunsparce\n|-damage|p2a: Dudunsparce|0 fnt\n|faint|p2a: Dudunsparce\n|\n|upkeep\n|\n|t:|1699995437\n|switch|p2a: Dondozo|Dondozo, M|100\/100\n|turn|14\n|\n|t:|1699995441\n|move|p1a: Mandibuzz|Toxic|p2a: Dondozo\n|-status|p2a: Dondozo|tox\n|move|p2a: Dondozo|Ice Fang|p1a: Mandibuzz\n|-supereffective|p1a: Mandibuzz\n|-damage|p1a: Mandibuzz|39\/100\n|\n|-damage|p2a: Dondozo|94\/100 tox|[from] psn\n|upkeep\n|turn|15\n|\n|t:|1699995450\n|move|p1a: Mandibuzz|Foul Play|p2a: Dondozo\n|-damage|p2a: Dondozo|80\/100 tox\n|move|p2a: Dondozo|Curse|p2a: Dondozo\n|-unboost|p2a: Dondozo|spe|1\n|-boost|p2a: Dondozo|atk|1\n|-boost|p2a: Dondozo|def|1\n|\n|-heal|p2a: Dondozo|86\/100 tox|[from] item: Leftovers\n|-damage|p2a: Dondozo|74\/100 tox|[from] psn\n|upkeep\n|turn|16\n|\n|t:|1699995460\n|switch|p1a: Rotom|Rotom-Wash|20\/100\n|move|p2a: Dondozo|Ice Fang|p1a: Rotom\n|-resisted|p1a: Rotom\n|-damage|p1a: Rotom|11\/100\n|\n|-heal|p1a: Rotom|17\/100|[from] item: Leftovers\n|-heal|p2a: Dondozo|80\/100 tox|[from] item: Leftovers\n|-damage|p2a: Dondozo|62\/100 tox|[from] psn\n|upkeep\n|turn|17\n|\n|t:|1699995471\n|move|p1a: Rotom|Volt Switch|p2a: Dondozo\n|-supereffective|p2a: Dondozo\n|-damage|p2a: Dondozo|16\/100 tox\n|\n|t:|1699995475\n|switch|p1a: Hydreigon|Hydreigon, M, shiny|100\/100|[from] Volt Switch\n|move|p2a: Dondozo|Rest|p2a: Dondozo\n|-status|p2a: Dondozo|slp|[from] move: Rest\n|-heal|p2a: Dondozo|100\/100 slp|[silent]\n|\n|upkeep\n|turn|18\n|\n|t:|1699995483\n|move|p1a: Hydreigon|Draco Meteor|p2a: Dondozo\n|-damage|p2a: Dondozo|37\/100 slp\n|-unboost|p1a: Hydreigon|spa|2\n|cant|p2a: Dondozo|slp\n|move|p2a: Dondozo|Sleep Talk|p2a: Dondozo\n|move|p2a: Dondozo|Ice Fang|p1a: Hydreigon|[from]move: Sleep Talk\n|-supereffective|p1a: Hydreigon\n|-damage|p1a: Hydreigon|45\/100\n|\n|-heal|p1a: Hydreigon|51\/100|[from] item: Leftovers\n|-heal|p2a: Dondozo|44\/100 slp|[from] item: Leftovers\n|upkeep\n|turn|19\n|\n|t:|1699995497\n|move|p1a: Hydreigon|Draco Meteor|p2a: Dondozo|[miss]\n|-miss|p1a: Hydreigon|p2a: Dondozo\n|cant|p2a: Dondozo|slp\n|move|p2a: Dondozo|Sleep Talk|p2a: Dondozo\n|move|p2a: Dondozo|Rest||[from]move: Sleep Talk|[still]\n|-fail|p2a: Dondozo\n|\n|-heal|p1a: Hydreigon|57\/100|[from] item: Leftovers\n|-heal|p2a: Dondozo|50\/100 slp|[from] item: Leftovers\n|upkeep\n|turn|20\n|\n|t:|1699995510\n|-terastallize|p1a: Hydreigon|Poison\n|move|p1a: Hydreigon|Draco Meteor|p2a: Dondozo\n|-damage|p2a: Dondozo|0 fnt\n|-unboost|p1a: Hydreigon|spa|2\n|faint|p2a: Dondozo\n|\n|-heal|p1a: Hydreigon|64\/100|[from] item: Leftovers\n|upkeep\n|c|\u2606Cinny69|Gg\n|\n|t:|1699995518\n|switch|p2a: Ditto|Ditto, shiny|76\/100\n|-transform|p2a: Ditto|p1a: Hydreigon|[from] ability: Imposter\n|-start|p2a: Ditto|typechange|Dark\/Dragon|[silent]\n|turn|21\n|\n|t:|1699995529\n|switch|p1a: Rotom|Rotom-Wash|17\/100\n|move|p2a: Ditto|Nasty Plot|p2a: Ditto\n|-boost|p2a: Ditto|spa|2\n|\n|-heal|p1a: Rotom|23\/100|[from] item: Leftovers\n|upkeep\n|turn|22\n|\n|t:|1699995538\n|move|p2a: Ditto|Dark Pulse|p1a: Rotom\n|-damage|p1a: Rotom|5\/100\n|move|p1a: Rotom|Thunder Wave|p2a: Ditto\n|-status|p2a: Ditto|par\n|\n|-heal|p1a: Rotom|11\/100|[from] item: Leftovers\n|upkeep\n|turn|23\n|-activate|p2a: Ditto|item: Quick Claw\n|\n|t:|1699995547\n|move|p2a: Ditto|Nasty Plot|p2a: Ditto\n|-boost|p2a: Ditto|spa|2\n|move|p1a: Rotom|Volt Switch|p2a: Ditto\n|-resisted|p2a: Ditto\n|-damage|p2a: Ditto|61\/100 par\n|\n|t:|1699995554\n|switch|p1a: Hydreigon|Hydreigon, M, shiny, tera:Poison|64\/100|[from] Volt Switch\n|\n|-heal|p1a: Hydreigon|70\/100|[from] item: Leftovers\n|upkeep\n|turn|24\n|\n|t:|1699995560\n|move|p1a: Hydreigon|Draco Meteor|p2a: Ditto\n|-supereffective|p2a: Ditto\n|-damage|p2a: Ditto|0 fnt\n|-unboost|p1a: Hydreigon|spa|2\n|faint|p2a: Ditto\n|\n|win|Cinny69\n|raw|Cinny69's rating: 1451 &rarr; <strong>1475<\/strong><br \/>(+24 for winning)\n|raw|Jeeeeemo's rating: 1518 &rarr; <strong>1494<\/strong><br \/>(-24 for losing)\n|l|\u2606Jeeeeemo\n","uploadtime":1699995569,"views":11,"p1id":"cinny69","p2id":"jeeeeemo","formatid":"gen9ou","rating":1475,"private":0,"password":""}