{"id":"gen9ou-1989635901","p1":"Tester444","p2":"Drytron Fafnir","format":"[Gen 9] OU","log":"|j|\u2606Tester444\n|j|\u2606Drytron Fafnir\n|t:|1699881619\n|gametype|singles\n|player|p1|Tester444|dawn-gen4pt|1489\n|player|p2|Drytron Fafnir|kieran-festival|1387\n|teamsize|p1|6\n|teamsize|p2|6\n|gen|9\n|tier|[Gen 9] OU\n|rated|\n|rule|Sleep Clause Mod: Limit one foe put to sleep\n|rule|Species Clause: Limit one of each Pok\u00e9mon\n|rule|OHKO Clause: OHKO moves are banned\n|rule|Evasion Items Clause: Evasion items are banned\n|rule|Evasion Moves Clause: Evasion moves are banned\n|rule|Endless Battle Clause: Forcing endless battles is banned\n|rule|HP Percentage Mod: HP is shown in percentages\n|clearpoke\n|poke|p1|Torkoal, M|\n|poke|p1|Lilligant-Hisui, F|\n|poke|p1|Walking Wake|\n|poke|p1|Great Tusk|\n|poke|p1|Arcanine-Hisui, F|\n|poke|p1|Sneasler, F|\n|poke|p2|Pelipper, F|\n|poke|p2|Ogerpon-Wellspring, F|\n|poke|p2|Pawmot, M|\n|poke|p2|Tornadus-Therian, M|\n|poke|p2|Toedscruel, M|\n|poke|p2|Floatzel, M|\n|teampreview\n|\n|t:|1699881626\n|start\n|switch|p1a: Arcanine|Arcanine-Hisui, F, shiny|100\/100\n|switch|p2a: Toedscruel|Toedscruel, M|100\/100\n|turn|1\n|\n|t:|1699881640\n|switch|p1a: Torkoal|Torkoal, M|100\/100\n|-weather|SunnyDay|[from] ability: Drought|[of] p1a: Torkoal\n|move|p2a: Toedscruel|Spikes|p1a: Torkoal\n|-sidestart|p1: Tester444|Spikes\n|\n|-weather|SunnyDay|[upkeep]\n|upkeep\n|turn|2\n|\n|t:|1699881649\n|move|p1a: Torkoal|Yawn|p2a: Toedscruel\n|-start|p2a: Toedscruel|move: Yawn|[of] p1a: Torkoal\n|move|p2a: Toedscruel|Spore|p1a: Torkoal\n|-status|p1a: Torkoal|slp|[from] move: Spore\n|\n|-weather|SunnyDay|[upkeep]\n|upkeep\n|turn|3\n|\n|t:|1699881657\n|switch|p2a: Pelipper|Pelipper, F|100\/100\n|-weather|RainDance|[from] ability: Drizzle|[of] p2a: Pelipper\n|switch|p1a: Great Tusk|Great Tusk, shiny|100\/100\n|-damage|p1a: Great Tusk|88\/100|[from] Spikes\n|\n|-weather|RainDance|[upkeep]\n|upkeep\n|turn|4\n|\n|t:|1699881668\n|-end|p1a: Great Tusk|Protosynthesis|[silent]\n|switch|p1a: Torkoal|Torkoal, M|100\/100 slp\n|-damage|p1a: Torkoal|88\/100 slp|[from] Spikes\n|-weather|SunnyDay|[from] ability: Drought|[of] p1a: Torkoal\n|move|p2a: Pelipper|Surf|p1a: Torkoal\n|-supereffective|p1a: Torkoal\n|-damage|p1a: Torkoal|50\/100 slp\n|\n|-weather|SunnyDay|[upkeep]\n|upkeep\n|turn|5\n|\n|t:|1699881677\n|switch|p1a: Walking Wake|Walking Wake|100\/100\n|-damage|p1a: Walking Wake|88\/100|[from] Spikes\n|-activate|p1a: Walking Wake|ability: Protosynthesis\n|-start|p1a: Walking Wake|protosynthesisspa\n|move|p2a: Pelipper|Surf|p1a: Walking Wake\n|-resisted|p1a: Walking Wake\n|-damage|p1a: Walking Wake|84\/100\n|\n|-weather|SunnyDay|[upkeep]\n|upkeep\n|turn|6\n|\n|t:|1699881682\n|switch|p2a: Toedscruel|Toedscruel, M|100\/100\n|move|p1a: Walking Wake|Dragon Pulse|p2a: Toedscruel\n|-damage|p2a: Toedscruel|34\/100\n|-damage|p1a: Walking Wake|74\/100|[from] item: Life Orb\n|\n|-weather|SunnyDay|[upkeep]\n|upkeep\n|turn|7\n|\n|t:|1699881686\n|move|p1a: Walking Wake|Hydro Steam|p2a: Toedscruel\n|-damage|p2a: Toedscruel|0 fnt\n|faint|p2a: Toedscruel\n|-damage|p1a: Walking Wake|64\/100|[from] item: Life Orb\n|\n|-weather|SunnyDay|[upkeep]\n|upkeep\n|\n|t:|1699881690\n|switch|p2a: Ogerpon|Ogerpon-Wellspring, F|100\/100\n|turn|8\n|\n|t:|1699881706\n|-terastallize|p1a: Walking Wake|Steel\n|move|p2a: Ogerpon|Power Whip|p1a: Walking Wake\n|-resisted|p1a: Walking Wake\n|-damage|p1a: Walking Wake|22\/100\n|move|p1a: Walking Wake|Flamethrower|p2a: Ogerpon\n|-damage|p2a: Ogerpon|6\/100\n|-damage|p1a: Walking Wake|13\/100|[from] item: Life Orb\n|\n|-weather|SunnyDay|[upkeep]\n|upkeep\n|turn|9\n|\n|t:|1699881721\n|-end|p1a: Walking Wake|Protosynthesis|[silent]\n|switch|p1a: Lilligant|Lilligant-Hisui, F|100\/100\n|-damage|p1a: Lilligant|88\/100|[from] Spikes\n|move|p2a: Ogerpon|Ivy Cudgel|p1a: Lilligant\n|-resisted|p1a: Lilligant\n|-damage|p1a: Lilligant|66\/100\n|\n|-weather|SunnyDay|[upkeep]\n|upkeep\n|turn|10\n|\n|t:|1699881729\n|switch|p2a: Pelipper|Pelipper, F|100\/100\n|-weather|RainDance|[from] ability: Drizzle|[of] p2a: Pelipper\n|move|p1a: Lilligant|Leaf Blade|p2a: Pelipper\n|-crit|p2a: Pelipper\n|-damage|p2a: Pelipper|48\/100\n|\n|-weather|RainDance|[upkeep]\n|upkeep\n|turn|11\n|\n|t:|1699881759\n|switch|p1a: Walking Wake|Walking Wake, tera:Steel|13\/100\n|-damage|p1a: Walking Wake|0 fnt|[from] Spikes\n|faint|p1a: Walking Wake\n|-end|p1a: Walking Wake|Protosynthesis|[silent]\n|move|p2a: Pelipper|Surf|p1: Walking Wake|[notarget]\n|-fail|p2a: Pelipper\n|\n|-weather|RainDance|[upkeep]\n|upkeep\n|\n|t:|1699881764\n|switch|p1a: Torkoal|Torkoal, M|50\/100 slp\n|-damage|p1a: Torkoal|38\/100 slp|[from] Spikes\n|-weather|SunnyDay|[from] ability: Drought|[of] p1a: Torkoal\n|turn|12\n|\n|t:|1699881769\n|switch|p1a: Sneasler|Sneasler, F|100\/100\n|-item|p1a: Sneasler|Air Balloon\n|move|p2a: Pelipper|U-turn|p1a: Sneasler\n|-resisted|p1a: Sneasler\n|-damage|p1a: Sneasler|97\/100\n|-enditem|p1a: Sneasler|Air Balloon\n|\n|t:|1699881772\n|switch|p2a: Tornadus|Tornadus-Therian, M|100\/100|[from] U-turn\n|\n|-weather|SunnyDay|[upkeep]\n|upkeep\n|turn|13\n|\n|t:|1699881786\n|switch|p1a: Arcanine|Arcanine-Hisui, F, shiny|100\/100\n|-damage|p1a: Arcanine|88\/100|[from] Spikes\n|move|p2a: Tornadus|Hurricane|p1a: Arcanine\n|-resisted|p1a: Arcanine\n|-damage|p1a: Arcanine|59\/100\n|\n|-weather|SunnyDay|[upkeep]\n|upkeep\n|turn|14\n|\n|t:|1699881793\n|move|p1a: Arcanine|Head Smash|p2a: Tornadus\n|-supereffective|p2a: Tornadus\n|-crit|p2a: Tornadus\n|-damage|p2a: Tornadus|0 fnt\n|faint|p2a: Tornadus\n|\n|-weather|SunnyDay|[upkeep]\n|upkeep\n|\n|t:|1699881796\n|switch|p2a: Pawmot|Pawmot, M|100\/100\n|turn|15\n|\n|t:|1699881808\n|switch|p2a: Pelipper|Pelipper, F|48\/100\n|-weather|RainDance|[from] ability: Drizzle|[of] p2a: Pelipper\n|move|p1a: Arcanine|Head Smash|p2a: Pelipper\n|-supereffective|p2a: Pelipper\n|-damage|p2a: Pelipper|0 fnt\n|faint|p2a: Pelipper\n|\n|-weather|RainDance|[upkeep]\n|upkeep\n|\n|t:|1699881811\n|switch|p2a: Pawmot|Pawmot, M|100\/100\n|turn|16\n|\n|t:|1699881829\n|move|p1a: Arcanine|Head Smash|p2a: Pawmot\n|-resisted|p2a: Pawmot\n|-damage|p2a: Pawmot|45\/100\n|move|p2a: Pawmot|Revival Blessing|p2a: Pawmot\n|\n|t:|1699881832\n|-heal|p2: Pelipper|50\/100|[from] move: Revival Blessing\n|\n|-weather|RainDance|[upkeep]\n|upkeep\n|turn|17\n|\n|t:|1699881838\n|move|p1a: Arcanine|Head Smash|p2a: Pawmot\n|-resisted|p2a: Pawmot\n|-damage|p2a: Pawmot|0 fnt\n|faint|p2a: Pawmot\n|\n|-weather|RainDance|[upkeep]\n|upkeep\n|\n|t:|1699881840\n|switch|p2a: Floatzel|Floatzel, M|100\/100\n|turn|18\n|\n|t:|1699881853\n|switch|p1a: Torkoal|Torkoal, M|38\/100 slp\n|-damage|p1a: Torkoal|25\/100 slp|[from] Spikes\n|-weather|SunnyDay|[from] ability: Drought|[of] p1a: Torkoal\n|move|p2a: Floatzel|Aqua Jet|p1a: Torkoal\n|-supereffective|p1a: Torkoal\n|-damage|p1a: Torkoal|8\/100 slp\n|\n|-weather|SunnyDay|[upkeep]\n|upkeep\n|turn|19\n|\n|t:|1699881868\n|switch|p2a: Pelipper|Pelipper, F|50\/100\n|-weather|RainDance|[from] ability: Drizzle|[of] p2a: Pelipper\n|switch|p1a: Sneasler|Sneasler, F|97\/100\n|-damage|p1a: Sneasler|85\/100|[from] Spikes\n|\n|-weather|RainDance|[upkeep]\n|upkeep\n|turn|20\n|\n|t:|1699881872\n|switch|p2a: Ogerpon|Ogerpon-Wellspring, F|6\/100\n|move|p1a: Sneasler|Dire Claw|p2a: Ogerpon\n|-supereffective|p2a: Ogerpon\n|-damage|p2a: Ogerpon|0 fnt\n|faint|p2a: Ogerpon\n|\n|-weather|RainDance|[upkeep]\n|upkeep\n|\n|t:|1699881874\n|switch|p2a: Floatzel|Floatzel, M|100\/100\n|turn|21\n|\n|t:|1699881885\n|switch|p1a: Torkoal|Torkoal, M|8\/100 slp\n|-damage|p1a: Torkoal|0 fnt|[from] Spikes\n|faint|p1a: Torkoal\n|move|p2a: Floatzel|Wave Crash|p1: Torkoal|[notarget]\n|-fail|p2a: Floatzel\n|\n|-weather|RainDance|[upkeep]\n|upkeep\n|inactive|Battle timer is ON: inactive players will automatically lose when time's up. (requested by Drytron Fafnir)\n|\n|t:|1699881932\n|switch|p1a: Lilligant|Lilligant-Hisui, F|66\/100\n|-damage|p1a: Lilligant|54\/100|[from] Spikes\n|turn|22\n|\n|t:|1699881944\n|move|p2a: Floatzel|Wave Crash|p1a: Lilligant\n|-resisted|p1a: Lilligant\n|-damage|p1a: Lilligant|0 fnt\n|faint|p1a: Lilligant\n|-damage|p2a: Floatzel|84\/100|[from] Recoil\n|\n|-weather|RainDance|[upkeep]\n|upkeep\n|\n|t:|1699881962\n|switch|p1a: Arcanine|Arcanine-Hisui, F, shiny|59\/100\n|-damage|p1a: Arcanine|46\/100|[from] Spikes\n|turn|23\n|\n|t:|1699881964\n|move|p1a: Arcanine|Extreme Speed|p2a: Floatzel\n|-damage|p2a: Floatzel|36\/100\n|move|p2a: Floatzel|Wave Crash|p1a: Arcanine\n|-supereffective|p1a: Arcanine\n|-damage|p1a: Arcanine|0 fnt\n|faint|p1a: Arcanine\n|-damage|p2a: Floatzel|20\/100|[from] Recoil\n|\n|-weather|RainDance|[upkeep]\n|upkeep\n|\n|t:|1699881976\n|switch|p1a: Great Tusk|Great Tusk, shiny|88\/100\n|-damage|p1a: Great Tusk|76\/100|[from] Spikes\n|turn|24\n|\n|t:|1699881981\n|move|p2a: Floatzel|Wave Crash|p1a: Great Tusk\n|-supereffective|p1a: Great Tusk\n|-damage|p1a: Great Tusk|0 fnt\n|-damage|p2a: Floatzel|3\/100|[from] item: Rocky Helmet|[of] p1a: Great Tusk\n|faint|p1a: Great Tusk\n|-end|p1a: Great Tusk|Protosynthesis|[silent]\n|-damage|p2a: Floatzel|0 fnt|[from] Recoil\n|faint|p2a: Floatzel\n|\n|-weather|RainDance|[upkeep]\n|upkeep\n|\n|t:|1699881985\n|switch|p2a: Pelipper|Pelipper, F|50\/100\n|switch|p1a: Sneasler|Sneasler, F|85\/100\n|-damage|p1a: Sneasler|72\/100|[from] Spikes\n|turn|25\n|\n|t:|1699881991\n|move|p1a: Sneasler|Dire Claw|p2a: Pelipper\n|-damage|p2a: Pelipper|20\/100\n|move|p2a: Pelipper|Surf|p1a: Sneasler\n|-damage|p1a: Sneasler|15\/100\n|\n|-weather|RainDance|[upkeep]\n|upkeep\n|turn|26\n|\n|t:|1699881997\n|move|p1a: Sneasler|Dire Claw|p2a: Pelipper\n|-damage|p2a: Pelipper|0 fnt\n|faint|p2a: Pelipper\n|\n|win|Tester444\n|raw|Tester444's rating: 1489 &rarr; <strong>1503<\/strong><br \/>(+14 for winning)\n|raw|Drytron Fafnir's rating: 1387 &rarr; <strong>1373<\/strong><br \/>(-14 for losing)\n|l|\u2606Drytron Fafnir\n","uploadtime":1699882045,"views":17,"p1id":"tester444","p2id":"drytronfafnir","formatid":"gen9ou","rating":1373,"private":0,"password":""}