{"id":"gen9ou-1999487769","p1":"zsici7","p2":"dddddqweasddddd","format":"[Gen 9] OU","log":"|j|\u2606zsici7\n|j|\u2606dddddqweasddddd\n|t:|1701087951\n|gametype|singles\n|player|p1|zsici7|hiker-gen4|1000\n|player|p2|dddddqweasddddd|gentleman|1089\n|teamsize|p1|6\n|teamsize|p2|6\n|gen|9\n|tier|[Gen 9] OU\n|rated|\n|rule|Sleep Clause Mod: Limit one foe put to sleep\n|rule|Species Clause: Limit one of each Pok\u00e9mon\n|rule|OHKO Clause: OHKO moves are banned\n|rule|Evasion Items Clause: Evasion items are banned\n|rule|Evasion Moves Clause: Evasion moves are banned\n|rule|Endless Battle Clause: Forcing endless battles is banned\n|rule|HP Percentage Mod: HP is shown in percentages\n|clearpoke\n|poke|p1|Corviknight, F|\n|poke|p1|Ribombee, F|\n|poke|p1|Slowking-Galar, F|\n|poke|p1|Cinderace, F|\n|poke|p1|Manaphy|\n|poke|p1|Garchomp, F|\n|poke|p2|Zapdos|\n|poke|p2|Slowking-Galar, F|\n|poke|p2|Perrserker, F|\n|poke|p2|Great Tusk|\n|poke|p2|Crawdaunt, F|\n|poke|p2|Mandibuzz, F|\n|teampreview\n|inactive|Battle timer is ON: inactive players will automatically lose when time's up. (requested by zsici7)\n|\n|t:|1701087962\n|start\n|switch|p1a: Corviknight|Corviknight, F|100\/100\n|switch|p2a: Perrserker|Perrserker, F|100\/100\n|turn|1\n|\n|t:|1701087977\n|switch|p1a: Cinderace|Cinderace, F|100\/100\n|switch|p2a: Zapdos|Zapdos|100\/100\n|\n|upkeep\n|turn|2\n|\n|t:|1701087992\n|switch|p2a: Mandibuzz|Mandibuzz, F|100\/100\n|move|p1a: Cinderace|U-turn|p2a: Mandibuzz\n|-start|p1a: Cinderace|typechange|Bug|[from] ability: Libero\n|-damage|p2a: Mandibuzz|80\/100\n|\n|t:|1701087998\n|switch|p1a: Ribombee|Ribombee, F|100\/100|[from] U-turn\n|\n|upkeep\n|turn|3\n|\n|t:|1701088005\n|switch|p2a: Perrserker|Perrserker, F|100\/100\n|move|p1a: Ribombee|Quiver Dance|p1a: Ribombee\n|-boost|p1a: Ribombee|spa|1\n|-boost|p1a: Ribombee|spd|1\n|-boost|p1a: Ribombee|spe|1\n|\n|upkeep\n|turn|4\n|\n|t:|1701088012\n|move|p1a: Ribombee|Moonblast|p2a: Perrserker\n|-resisted|p2a: Perrserker\n|-crit|p2a: Perrserker\n|-damage|p2a: Perrserker|23\/100\n|-unboost|p2a: Perrserker|spa|1\n|move|p2a: Perrserker|Gyro Ball|p1a: Ribombee\n|-supereffective|p1a: Ribombee\n|-enditem|p1a: Ribombee|Focus Sash\n|-damage|p1a: Ribombee|1\/100\n|\n|upkeep\n|turn|5\n|\n|t:|1701088019\n|switch|p2a: Slowking|Slowking-Galar, F|100\/100\n|move|p1a: Ribombee|Moonblast|p2a: Slowking\n|-resisted|p2a: Slowking\n|-damage|p2a: Slowking|76\/100\n|\n|upkeep\n|turn|6\n|\n|t:|1701088025\n|move|p1a: Ribombee|Moonblast|p2a: Slowking\n|-resisted|p2a: Slowking\n|-damage|p2a: Slowking|52\/100\n|move|p2a: Slowking|Ice Beam|p1a: Ribombee\n|-damage|p1a: Ribombee|0 fnt\n|faint|p1a: Ribombee\n|\n|upkeep\n|\n|t:|1701088030\n|switch|p1a: Manaphy|Manaphy|100\/100\n|turn|7\n|\n|t:|1701088037\n|move|p1a: Manaphy|Take Heart|p1a: Manaphy\n|-boost|p1a: Manaphy|spa|1\n|-boost|p1a: Manaphy|spd|1\n|move|p2a: Slowking|Trick Room|p2a: Slowking\n|-fieldstart|move: Trick Room|[of] p2a: Slowking\n|\n|upkeep\n|turn|8\n|\n|t:|1701088040\n|move|p2a: Slowking|Chilly Reception|p2a: Slowking\n|-weather|Snow\n|\n|t:|1701088045\n|switch|p2a: Crawdaunt|Crawdaunt, F|100\/100|[from] Chilly Reception\n|move|p1a: Manaphy|Acid Armor|p1a: Manaphy\n|-boost|p1a: Manaphy|def|2\n|\n|-weather|Snow|[upkeep]\n|upkeep\n|turn|9\n|\n|t:|1701088056\n|move|p2a: Crawdaunt|Crunch|p1a: Manaphy\n|-damage|p1a: Manaphy|60\/100\n|-unboost|p1a: Manaphy|def|1\n|move|p1a: Manaphy|Energy Ball|p2a: Crawdaunt\n|-supereffective|p2a: Crawdaunt\n|-damage|p2a: Crawdaunt|0 fnt\n|faint|p2a: Crawdaunt\n|\n|-weather|Snow|[upkeep]\n|-heal|p1a: Manaphy|66\/100|[from] item: Leftovers\n|upkeep\n|\n|t:|1701088069\n|switch|p2a: Perrserker|Perrserker, F|23\/100\n|turn|10\n|\n|t:|1701088074\n|-terastallize|p2a: Perrserker|Steel\n|move|p2a: Perrserker|Gyro Ball|p1a: Manaphy\n|-resisted|p1a: Manaphy\n|-damage|p1a: Manaphy|14\/100\n|move|p1a: Manaphy|Scald|p2a: Perrserker\n|-damage|p2a: Perrserker|0 fnt\n|faint|p2a: Perrserker\n|\n|-weather|Snow|[upkeep]\n|-heal|p1a: Manaphy|20\/100|[from] item: Leftovers\n|upkeep\n|\n|t:|1701088080\n|switch|p2a: Zapdos|Zapdos|100\/100\n|turn|11\n|\n|t:|1701088083\n|move|p2a: Zapdos|Volt Switch|p1a: Manaphy\n|-supereffective|p1a: Manaphy\n|-damage|p1a: Manaphy|0 fnt\n|faint|p1a: Manaphy\n|\n|t:|1701088091\n|switch|p2a: Great Tusk|Great Tusk, shiny|100\/100|[from] Volt Switch\n|\n|-weather|Snow|[upkeep]\n|-fieldend|move: Trick Room\n|upkeep\n|\n|t:|1701088095\n|switch|p1a: Corviknight|Corviknight, F|100\/100\n|turn|12\n|\n|t:|1701088100\n|-end|p2a: Great Tusk|Protosynthesis|[silent]\n|switch|p2a: Zapdos|Zapdos|100\/100\n|move|p1a: Corviknight|Bulk Up|p1a: Corviknight\n|-boost|p1a: Corviknight|atk|1\n|-boost|p1a: Corviknight|def|1\n|\n|-weather|none\n|upkeep\n|turn|13\n|\n|t:|1701088106\n|switch|p1a: Garchomp|Garchomp, F|100\/100\n|move|p2a: Zapdos|Volt Switch|p1a: Garchomp\n|-immune|p1a: Garchomp\n|\n|upkeep\n|turn|14\n|\n|t:|1701088112\n|switch|p2a: Great Tusk|Great Tusk, shiny|100\/100\n|move|p1a: Garchomp|Poison Jab|p2a: Great Tusk\n|-resisted|p2a: Great Tusk\n|-damage|p2a: Great Tusk|95\/100\n|\n|-heal|p2a: Great Tusk|100\/100|[from] item: Leftovers\n|upkeep\n|turn|15\n|\n|t:|1701088123\n|move|p1a: Garchomp|Outrage|p2a: Great Tusk\n|-damage|p2a: Great Tusk|70\/100\n|move|p2a: Great Tusk|Ice Spinner|p1a: Garchomp\n|-supereffective|p1a: Garchomp\n|-damage|p1a: Garchomp|2\/100\n|-damage|p2a: Great Tusk|57\/100|[from] ability: Rough Skin|[of] p1a: Garchomp\n|\n|-heal|p2a: Great Tusk|64\/100|[from] item: Leftovers\n|upkeep\n|turn|16\n|\n|t:|1701088133\n|move|p1a: Garchomp|Outrage|p2a: Great Tusk|[from]lockedmove\n|-damage|p2a: Great Tusk|35\/100\n|move|p2a: Great Tusk|Rapid Spin|p1a: Garchomp\n|-damage|p1a: Garchomp|0 fnt\n|-boost|p2a: Great Tusk|spe|1\n|-damage|p2a: Great Tusk|22\/100|[from] ability: Rough Skin|[of] p1a: Garchomp\n|faint|p1a: Garchomp\n|\n|-heal|p2a: Great Tusk|28\/100|[from] item: Leftovers\n|upkeep\n|\n|t:|1701088143\n|switch|p1a: Corviknight|Corviknight, F|100\/100\n|turn|17\n|\n|t:|1701088152\n|-end|p2a: Great Tusk|Protosynthesis|[silent]\n|switch|p2a: Zapdos|Zapdos|100\/100\n|switch|p1a: Slowking|Slowking-Galar, F|100\/100\n|\n|upkeep\n|turn|18\n|\n|t:|1701088155\n|move|p2a: Zapdos|Volt Switch|p1a: Slowking\n|-damage|p1a: Slowking|78\/100\n|\n|t:|1701088158\n|switch|p2a: Slowking|Slowking-Galar, F|85\/100|[from] Volt Switch\n|move|p1a: Slowking|Sludge Bomb|p2a: Slowking\n|-resisted|p2a: Slowking\n|-damage|p2a: Slowking|69\/100\n|\n|upkeep\n|turn|19\n|\n|t:|1701088164\n|move|p1a: Slowking|Nasty Plot|p1a: Slowking\n|-boost|p1a: Slowking|spa|2\n|move|p2a: Slowking|Future Sight|p1a: Slowking\n|-start|p2a: Slowking|move: Future Sight\n|\n|upkeep\n|turn|20\n|\n|t:|1701088171\n|move|p1a: Slowking|Psychic|p2a: Slowking\n|-damage|p2a: Slowking|12\/100\n|move|p2a: Slowking|Chilly Reception|p2a: Slowking\n|-weather|Snow\n|\n|t:|1701088178\n|switch|p2a: Great Tusk|Great Tusk, shiny|28\/100|[from] Chilly Reception\n|\n|-weather|Snow|[upkeep]\n|-heal|p2a: Great Tusk|35\/100|[from] item: Leftovers\n|upkeep\n|turn|21\n|\n|t:|1701088184\n|-terastallize|p1a: Slowking|Water\n|move|p2a: Great Tusk|Earthquake|p1a: Slowking\n|-damage|p1a: Slowking|41\/100\n|move|p1a: Slowking|Psychic|p2a: Great Tusk\n|-supereffective|p2a: Great Tusk\n|-damage|p2a: Great Tusk|0 fnt\n|faint|p2a: Great Tusk\n|-end|p2a: Great Tusk|Protosynthesis|[silent]\n|\n|-weather|Snow|[upkeep]\n|-end|p1a: Slowking|move: Future Sight\n|-damage|p1a: Slowking|3\/100\n|-enditem|p1a: Slowking|Aguav Berry|[eat]\n|-heal|p1a: Slowking|36\/100|[from] item: Aguav Berry\n|upkeep\n|\n|t:|1701088193\n|switch|p2a: Zapdos|Zapdos|100\/100\n|turn|22\n|\n|t:|1701088196\n|move|p2a: Zapdos|Volt Switch|p1a: Slowking\n|-supereffective|p1a: Slowking\n|-damage|p1a: Slowking|0 fnt\n|faint|p1a: Slowking\n|\n|t:|1701088202\n|switch|p2a: Mandibuzz|Mandibuzz, F|80\/100|[from] Volt Switch\n|\n|-weather|Snow|[upkeep]\n|upkeep\n|\n|t:|1701088206\n|switch|p1a: Cinderace|Cinderace, F|100\/100\n|turn|23\n|\n|t:|1701088211\n|move|p1a: Cinderace|Gunk Shot|p2a: Mandibuzz\n|-start|p1a: Cinderace|typechange|Poison|[from] ability: Libero\n|-damage|p2a: Mandibuzz|49\/100\n|move|p2a: Mandibuzz|Foul Play|p1a: Cinderace\n|-damage|p1a: Cinderace|35\/100\n|\n|-weather|Snow|[upkeep]\n|upkeep\n|turn|24\n|\n|t:|1701088221\n|move|p1a: Cinderace|Pyro Ball|p2a: Mandibuzz\n|-damage|p2a: Mandibuzz|27\/100\n|move|p2a: Mandibuzz|Roost|p2a: Mandibuzz\n|-heal|p2a: Mandibuzz|77\/100\n|-singleturn|p2a: Mandibuzz|move: Roost\n|\n|-weather|none\n|upkeep\n|turn|25\n|\n|t:|1701088224\n|move|p1a: Cinderace|U-turn|p2a: Mandibuzz\n|-damage|p2a: Mandibuzz|64\/100\n|\n|t:|1701088226\n|switch|p1a: Corviknight|Corviknight, F|100\/100|[from] U-turn\n|move|p2a: Mandibuzz|Foul Play|p1a: Corviknight\n|-damage|p1a: Corviknight|65\/100\n|\n|-heal|p1a: Corviknight|71\/100|[from] item: Leftovers\n|upkeep\n|turn|26\n|\n|t:|1701088229\n|move|p2a: Mandibuzz|U-turn|p1a: Corviknight\n|-resisted|p1a: Corviknight\n|-damage|p1a: Corviknight|68\/100\n|\n|t:|1701088232\n|switch|p2a: Zapdos|Zapdos|100\/100|[from] U-turn\n|move|p1a: Corviknight|Bulk Up|p1a: Corviknight\n|-boost|p1a: Corviknight|atk|1\n|-boost|p1a: Corviknight|def|1\n|\n|-heal|p1a: Corviknight|74\/100|[from] item: Leftovers\n|upkeep\n|turn|27\n|-message|zsici7 forfeited.\n|\n|win|dddddqweasddddd\n|raw|zsici7's rating: 1000 &rarr; <strong>1000<\/strong><br \/>(+0 for losing)\n|raw|dddddqweasddddd's rating: 1089 &rarr; <strong>1109<\/strong><br \/>(+20 for winning)\n|l|\u2606zsici7\n","uploadtime":1701088236,"views":2,"p1id":"zsici7","p2id":"dddddqweasddddd","formatid":"gen9ou","rating":1000,"private":0,"password":""}