{"id":"gen9ou-1996333036","p1":"Irvantheboredone","p2":"ipert","format":"[Gen 9] OU","log":"|j|\u2606Irvantheboredone\n|j|\u2606ipert\n|t:|1700672049\n|gametype|singles\n|player|p1|Irvantheboredone|unknown|1213\n|player|p2|ipert|1|1193\n|teamsize|p1|6\n|teamsize|p2|6\n|gen|9\n|tier|[Gen 9] OU\n|rated|\n|rule|Sleep Clause Mod: Limit one foe put to sleep\n|rule|Species Clause: Limit one of each Pok\u00e9mon\n|rule|OHKO Clause: OHKO moves are banned\n|rule|Evasion Items Clause: Evasion items are banned\n|rule|Evasion Moves Clause: Evasion moves are banned\n|rule|Endless Battle Clause: Forcing endless battles is banned\n|rule|HP Percentage Mod: HP is shown in percentages\n|clearpoke\n|poke|p1|Cinderace, M|\n|poke|p1|Cresselia, F|\n|poke|p1|Infernape, M|\n|poke|p1|Kommo-o, M|\n|poke|p1|Zapdos-Galar|\n|poke|p1|Ribombee, M|\n|poke|p2|Ribombee, F|\n|poke|p2|Quaquaval, F|\n|poke|p2|Ogerpon-Cornerstone, F|\n|poke|p2|Enamorus, F|\n|poke|p2|Rillaboom, F|\n|poke|p2|Heatran, F|\n|teampreview\n|\n|t:|1700672062\n|start\n|switch|p1a: Filth|Zapdos-Galar|100\/100\n|switch|p2a: Heatran|Heatran, F|100\/100\n|-item|p2a: Heatran|Air Balloon\n|turn|1\n|\n|t:|1700672068\n|-terastallize|p2a: Heatran|Ghost\n|move|p1a: Filth|Thunderous Kick|p2a: Heatran\n|-immune|p2a: Heatran\n|move|p2a: Heatran|Stealth Rock|p1a: Filth\n|-sidestart|p1: Irvantheboredone|move: Stealth Rock\n|\n|upkeep\n|turn|2\n|\n|t:|1700672091\n|switch|p1a: Streetcleaner|Infernape, M|100\/100\n|-damage|p1a: Streetcleaner|88\/100|[from] Stealth Rock\n|move|p2a: Heatran|Flamethrower|p1a: Streetcleaner\n|-resisted|p1a: Streetcleaner\n|-damage|p1a: Streetcleaner|46\/100\n|\n|upkeep\n|turn|3\n|\n|t:|1700672096\n|move|p1a: Streetcleaner|Fling|p2a: Heatran\n|-supereffective|p2a: Heatran\n|-damage|p2a: Heatran|21\/100\n|-enditem|p2a: Heatran|Air Balloon\n|-enditem|p1a: Streetcleaner|Big Nugget|[from] move: Fling\n|move|p2a: Heatran|Tera Blast|p1a: Streetcleaner|[anim] Tera Blast Ghost\n|-damage|p1a: Streetcleaner|0 fnt\n|faint|p1a: Streetcleaner\n|\n|upkeep\n|\n|t:|1700672101\n|switch|p1a: Filth|Zapdos-Galar|100\/100\n|-damage|p1a: Filth|88\/100|[from] Stealth Rock\n|turn|4\n|inactive|Battle timer is ON: inactive players will automatically lose when time's up. (requested by Irvantheboredone)\n|\n|t:|1700672124\n|move|p1a: Filth|Dual Wingbeat|p2a: Heatran\n|-damage|p2a: Heatran|0 fnt\n|faint|p2a: Heatran\n|-hitcount|p2: Heatran|1\n|\n|upkeep\n|\n|t:|1700672129\n|switch|p2a: Ribombee|Ribombee, F|100\/100\n|turn|5\n|\n|t:|1700672135\n|move|p1a: Filth|Dual Wingbeat|p2a: Ribombee\n|-supereffective|p2a: Ribombee\n|-damage|p2a: Ribombee|10\/100\n|-supereffective|p2a: Ribombee\n|-damage|p2a: Ribombee|0 fnt\n|faint|p2a: Ribombee\n|-hitcount|p2: Ribombee|2\n|\n|upkeep\n|\n|t:|1700672145\n|switch|p2a: Ogerpon|Ogerpon-Cornerstone, F|100\/100\n|turn|6\n|\n|t:|1700672151\n|switch|p1a: Flesh panopticon|Cresselia, F|100\/100\n|-damage|p1a: Flesh panopticon|88\/100|[from] Stealth Rock\n|move|p2a: Ogerpon|Ivy Cudgel|p1a: Flesh panopticon|[anim] Ivy Cudgel Rock\n|-damage|p1a: Flesh panopticon|48\/100\n|\n|-heal|p1a: Flesh panopticon|54\/100|[from] item: Leftovers\n|upkeep\n|turn|7\n|\n|t:|1700672158\n|move|p2a: Ogerpon|Swords Dance|p2a: Ogerpon\n|-boost|p2a: Ogerpon|atk|2\n|move|p1a: Flesh panopticon|Moonlight|p1a: Flesh panopticon\n|-heal|p1a: Flesh panopticon|100\/100\n|\n|upkeep\n|turn|8\n|\n|t:|1700672166\n|move|p2a: Ogerpon|Ivy Cudgel|p1a: Flesh panopticon|[anim] Ivy Cudgel Rock\n|-damage|p1a: Flesh panopticon|17\/100\n|move|p1a: Flesh panopticon|Moonblast|p2a: Ogerpon\n|-damage|p2a: Ogerpon|70\/100\n|\n|-heal|p1a: Flesh panopticon|23\/100|[from] item: Leftovers\n|upkeep\n|turn|9\n|\n|t:|1700672170\n|move|p2a: Ogerpon|Horn Leech|p1a: Flesh panopticon\n|-damage|p1a: Flesh panopticon|0 fnt\n|-heal|p2a: Ogerpon|87\/100|[from] drain|[of] p1a: Flesh panopticon\n|faint|p1a: Flesh panopticon\n|\n|upkeep\n|\n|t:|1700672196\n|switch|p1a: Turret|Cinderace, M, shiny|100\/100\n|-damage|p1a: Turret|76\/100|[from] Stealth Rock\n|turn|10\n|\n|t:|1700672202\n|move|p1a: Turret|Bulk Up|p1a: Turret\n|-start|p1a: Turret|typechange|Fighting|[from] ability: Libero\n|-boost|p1a: Turret|atk|1\n|-boost|p1a: Turret|def|1\n|move|p2a: Ogerpon|Horn Leech|p1a: Turret\n|-damage|p1a: Turret|0 fnt\n|-heal|p2a: Ogerpon|100\/100|[from] drain|[of] p1a: Turret\n|faint|p1a: Turret\n|\n|upkeep\n|c|\u2606Irvantheboredone|D a m n\n|\n|t:|1700672216\n|switch|p1a: Filth|Zapdos-Galar|88\/100\n|-damage|p1a: Filth|76\/100|[from] Stealth Rock\n|turn|11\n|\n|t:|1700672222\n|move|p1a: Filth|Thunderous Kick|p2a: Ogerpon\n|-supereffective|p2a: Ogerpon\n|-ability|p2a: Ogerpon|Sturdy\n|-damage|p2a: Ogerpon|1\/100\n|-unboost|p2a: Ogerpon|def|1\n|move|p2a: Ogerpon|Ivy Cudgel|p1a: Filth|[anim] Ivy Cudgel Rock\n|-damage|p1a: Filth|0 fnt\n|faint|p1a: Filth\n|\n|upkeep\n|\n|t:|1700672225\n|switch|p1a: Idol|Ribombee, M|100\/100\n|-damage|p1a: Idol|76\/100|[from] Stealth Rock\n|turn|12\n|\n|t:|1700672232\n|move|p1a: Idol|Moonblast|p2a: Ogerpon\n|-damage|p2a: Ogerpon|0 fnt\n|faint|p2a: Ogerpon\n|\n|upkeep\n|\n|t:|1700672237\n|switch|p2a: Enamorus|Enamorus, F|100\/100\n|turn|13\n|\n|t:|1700672240\n|move|p1a: Idol|Light Screen|p1a: Idol\n|-sidestart|p1: Irvantheboredone|move: Light Screen\n|move|p2a: Enamorus|Mystical Fire|p1a: Idol\n|-supereffective|p1a: Idol\n|-damage|p1a: Idol|36\/100\n|\n|upkeep\n|turn|14\n|\n|t:|1700672248\n|move|p1a: Idol|Moonblast|p2a: Enamorus\n|-damage|p2a: Enamorus|58\/100\n|move|p2a: Enamorus|Mystical Fire|p1a: Idol\n|-supereffective|p1a: Idol\n|-damage|p1a: Idol|0 fnt\n|faint|p1a: Idol\n|\n|upkeep\n|\n|t:|1700672251\n|switch|p1a: Sisyphus prime|Kommo-o, M, shiny|100\/100\n|-damage|p1a: Sisyphus prime|94\/100|[from] Stealth Rock\n|turn|15\n|\n|t:|1700672256\n|-terastallize|p1a: Sisyphus prime|Poison\n|move|p2a: Enamorus|Moonblast|p1a: Sisyphus prime\n|-resisted|p1a: Sisyphus prime\n|-damage|p1a: Sisyphus prime|81\/100\n|move|p1a: Sisyphus prime|Clangorous Soul|p1a: Sisyphus prime\n|-boost|p1a: Sisyphus prime|atk|1\n|-boost|p1a: Sisyphus prime|def|1\n|-boost|p1a: Sisyphus prime|spa|1\n|-boost|p1a: Sisyphus prime|spd|1\n|-boost|p1a: Sisyphus prime|spe|1\n|-damage|p1a: Sisyphus prime|48\/100\n|\n|upkeep\n|turn|16\n|\n|t:|1700672264\n|move|p1a: Sisyphus prime|Poison Jab|p2a: Enamorus\n|-supereffective|p2a: Enamorus\n|-damage|p2a: Enamorus|0 fnt\n|faint|p2a: Enamorus\n|\n|upkeep\n|\n|t:|1700672279\n|switch|p2a: Quaquaval|Quaquaval, F|100\/100\n|turn|17\n|\n|t:|1700672282\n|move|p1a: Sisyphus prime|Drain Punch|p2a: Quaquaval\n|-damage|p2a: Quaquaval|33\/100\n|-heal|p1a: Sisyphus prime|86\/100|[from] drain|[of] p2a: Quaquaval\n|move|p2a: Quaquaval|Aqua Step|p1a: Sisyphus prime\n|-damage|p1a: Sisyphus prime|58\/100\n|-boost|p2a: Quaquaval|spe|1\n|\n|upkeep\n|turn|18\n|\n|t:|1700672292\n|move|p1a: Sisyphus prime|Drain Punch|p2a: Quaquaval\n|-damage|p2a: Quaquaval|0 fnt\n|-heal|p1a: Sisyphus prime|76\/100|[from] drain|[of] p2a: Quaquaval\n|faint|p2a: Quaquaval\n|\n|upkeep\n|c|\u2606Irvantheboredone|BE\n|c|\u2606Irvantheboredone|GONE\n|\n|t:|1700672295\n|switch|p2a: Rillaboom|Rillaboom, F|100\/100\n|-fieldstart|move: Grassy Terrain|[from] ability: Grassy Surge|[of] p2a: Rillaboom\n|turn|19\n|\n|t:|1700672299\n|move|p1a: Sisyphus prime|Poison Jab|p2a: Rillaboom\n|-supereffective|p2a: Rillaboom\n|-damage|p2a: Rillaboom|0 fnt\n|faint|p2a: Rillaboom\n|\n|win|Irvantheboredone\n|raw|Irvantheboredone's rating: 1213 &rarr; <strong>1237<\/strong><br \/>(+24 for winning)\n|raw|ipert's rating: 1193 &rarr; <strong>1169<\/strong><br \/>(-24 for losing)\n|l|\u2606ipert\n|c|\u2606Irvantheboredone|gg\n","uploadtime":1700672308,"views":1,"p1id":"irvantheboredone","p2id":"ipert","formatid":"gen9ou","rating":1169,"private":0,"password":""}