{"id":"gen9ou-1990041435","p1":"theos rex","p2":"ananweeb","format":"[Gen 9] OU","log":"|j|\u2606theos rex\n|j|\u2606ananweeb\n|t:|1699918247\n|gametype|singles\n|player|p1|theos rex|giovanni|1580\n|player|p2|ananweeb|skyla|1522\n|teamsize|p1|6\n|teamsize|p2|6\n|gen|9\n|tier|[Gen 9] OU\n|rated|\n|rule|Sleep Clause Mod: Limit one foe put to sleep\n|rule|Species Clause: Limit one of each Pok\u00e9mon\n|rule|OHKO Clause: OHKO moves are banned\n|rule|Evasion Items Clause: Evasion items are banned\n|rule|Evasion Moves Clause: Evasion moves are banned\n|rule|Endless Battle Clause: Forcing endless battles is banned\n|rule|HP Percentage Mod: HP is shown in percentages\n|clearpoke\n|poke|p1|Pincurchin, F|\n|poke|p1|Iron Valiant|\n|poke|p1|Iron Moth|\n|poke|p1|Hatterene, F|\n|poke|p1|Corviknight, F|\n|poke|p1|Iron Leaves|\n|poke|p2|Ting-Lu|\n|poke|p2|Great Tusk|\n|poke|p2|Greninja-*, M|\n|poke|p2|Dragapult, M|\n|poke|p2|Heatran, M|\n|poke|p2|Zapdos|\n|teampreview\n|inactive|Battle timer is ON: inactive players will automatically lose when time's up. (requested by theos rex)\n|\n|t:|1699918255\n|start\n|switch|p1a: Pincurchin|Pincurchin, F|100\/100\n|switch|p2a: Heatran|Heatran, M|100\/100\n|-fieldstart|move: Electric Terrain|[from] ability: Electric Surge|[of] p1a: Pincurchin\n|turn|1\n|\n|t:|1699918259\n|switch|p1a: Hatterene|Hatterene, F|100\/100\n|move|p2a: Heatran|Magma Storm|p1a: Hatterene|[miss]\n|-miss|p2a: Heatran|p1a: Hatterene\n|\n|upkeep\n|turn|2\n|\n|t:|1699918264\n|move|p2a: Heatran|Magma Storm|p1a: Hatterene|[miss]\n|-miss|p2a: Heatran|p1a: Hatterene\n|move|p1a: Hatterene|Psychic|p2a: Heatran\n|-resisted|p2a: Heatran\n|-damage|p2a: Heatran|87\/100\n|\n|-heal|p2a: Heatran|93\/100|[from] item: Leftovers\n|upkeep\n|turn|3\n|\n|t:|1699918274\n|switch|p2a: Zapdos|Zapdos|100\/100\n|move|p1a: Hatterene|Nuzzle|p2a: Zapdos\n|-damage|p2a: Zapdos|95\/100\n|-status|p1a: Hatterene|par|[from] ability: Static|[of] p2a: Zapdos\n|\n|upkeep\n|turn|4\n|\n|t:|1699918285\n|move|p2a: Zapdos|Roost|p2a: Zapdos\n|-heal|p2a: Zapdos|100\/100\n|-singleturn|p2a: Zapdos|move: Roost\n|move|p1a: Hatterene|Nuzzle|p2a: Zapdos\n|-resisted|p2a: Zapdos\n|-damage|p2a: Zapdos|98\/100\n|\n|upkeep\n|turn|5\n|\n|t:|1699918288\n|move|p2a: Zapdos|Discharge|p1a: Hatterene\n|-damage|p1a: Hatterene|65\/100 par\n|-enditem|p1a: Hatterene|Eject Button\n|\n|t:|1699918292\n|switch|p1a: Iron Moth|Iron Moth|100\/100\n|-activate|p1a: Iron Moth|ability: Quark Drive\n|-start|p1a: Iron Moth|quarkdrivespa\n|\n|upkeep\n|turn|6\n|\n|t:|1699918297\n|move|p1a: Iron Moth|Overheat|p2a: Zapdos\n|-damage|p2a: Zapdos|3\/100\n|-unboost|p1a: Iron Moth|spa|2\n|move|p2a: Zapdos|Discharge|p1a: Iron Moth\n|-damage|p1a: Iron Moth|64\/100\n|\n|upkeep\n|turn|7\n|\n|t:|1699918305\n|-end|p1a: Iron Moth|Quark Drive|[silent]\n|switch|p1a: Iron Valiant|Iron Valiant|100\/100\n|-activate|p1a: Iron Valiant|ability: Quark Drive\n|-start|p1a: Iron Valiant|quarkdrivespe\n|move|p2a: Zapdos|Roost|p2a: Zapdos\n|-heal|p2a: Zapdos|54\/100\n|-singleturn|p2a: Zapdos|move: Roost\n|\n|upkeep\n|turn|8\n|\n|t:|1699918311\n|switch|p2a: Heatran|Heatran, M|93\/100\n|move|p1a: Iron Valiant|Moonblast|p2a: Heatran\n|-resisted|p2a: Heatran\n|-damage|p2a: Heatran|83\/100\n|\n|-heal|p2a: Heatran|89\/100|[from] item: Leftovers\n|-fieldend|move: Electric Terrain\n|-end|p1a: Iron Valiant|Quark Drive\n|upkeep\n|turn|9\n|\n|t:|1699918315\n|-end|p1a: Iron Valiant|Quark Drive|[silent]\n|switch|p1a: Hatterene|Hatterene, F|65\/100 par\n|move|p2a: Heatran|Magma Storm|p1a: Hatterene\n|-damage|p1a: Hatterene|19\/100 par\n|-activate|p1a: Hatterene|move: Magma Storm|[of] p2a: Heatran\n|\n|-heal|p2a: Heatran|95\/100|[from] item: Leftovers\n|-damage|p1a: Hatterene|7\/100 par|[from] move: Magma Storm|[partiallytrapped]\n|upkeep\n|turn|10\n|\n|t:|1699918321\n|move|p2a: Heatran|Earth Power|p1a: Hatterene\n|-crit|p1a: Hatterene\n|-damage|p1a: Hatterene|0 fnt\n|faint|p1a: Hatterene\n|\n|-heal|p2a: Heatran|100\/100|[from] item: Leftovers\n|upkeep\n|\n|t:|1699918324\n|switch|p1a: Iron Leaves|Iron Leaves|100\/100\n|turn|11\n|\n|t:|1699918330\n|move|p1a: Iron Leaves|Close Combat|p2a: Heatran\n|-supereffective|p2a: Heatran\n|-damage|p2a: Heatran|0 fnt\n|-unboost|p1a: Iron Leaves|def|1\n|-unboost|p1a: Iron Leaves|spd|1\n|faint|p2a: Heatran\n|\n|upkeep\n|\n|t:|1699918333\n|switch|p2a: Dragapult|Dragapult, M|100\/100\n|turn|12\n|\n|t:|1699918339\n|-end|p1a: Iron Leaves|Quark Drive|[silent]\n|switch|p1a: Pincurchin|Pincurchin, F|100\/100\n|-fieldstart|move: Electric Terrain|[from] ability: Electric Surge|[of] p1a: Pincurchin\n|-terastallize|p2a: Dragapult|Ghost\n|move|p2a: Dragapult|Tera Blast|p1a: Pincurchin|[anim] Tera Blast Ghost\n|-damage|p1a: Pincurchin|34\/100\n|\n|upkeep\n|turn|13\n|\n|t:|1699918342\n|switch|p1a: Corviknight|Corviknight, F|100\/100\n|-ability|p1a: Corviknight|Pressure\n|move|p2a: Dragapult|Tera Blast|p1a: Corviknight|[anim] Tera Blast Ghost\n|-damage|p1a: Corviknight|37\/100\n|\n|upkeep\n|turn|14\n|\n|t:|1699918345\n|move|p2a: Dragapult|Tera Blast|p1a: Corviknight|[anim] Tera Blast Ghost\n|-damage|p1a: Corviknight|0 fnt\n|faint|p1a: Corviknight\n|\n|upkeep\n|\n|t:|1699918348\n|switch|p1a: Iron Valiant|Iron Valiant|100\/100\n|-activate|p1a: Iron Valiant|ability: Quark Drive\n|-start|p1a: Iron Valiant|quarkdrivespe\n|turn|15\n|\n|t:|1699918361\n|-terastallize|p1a: Iron Valiant|Fairy\n|move|p1a: Iron Valiant|Moonblast|p2a: Dragapult\n|-damage|p2a: Dragapult|0 fnt\n|faint|p2a: Dragapult\n|\n|upkeep\n|\n|t:|1699918367\n|switch|p2a: Zapdos|Zapdos|54\/100\n|turn|16\n|\n|t:|1699918370\n|move|p1a: Iron Valiant|Moonblast|p2a: Zapdos\n|-damage|p2a: Zapdos|0 fnt\n|faint|p2a: Zapdos\n|\n|upkeep\n|\n|t:|1699918373\n|switch|p2a: Ting-Lu|Ting-Lu|100\/100\n|-ability|p2a: Ting-Lu|Vessel of Ruin\n|turn|17\n|\n|t:|1699918376\n|move|p1a: Iron Valiant|Moonblast|p2a: Ting-Lu\n|-supereffective|p2a: Ting-Lu\n|-damage|p2a: Ting-Lu|0 fnt\n|faint|p2a: Ting-Lu\n|\n|upkeep\n|\n|t:|1699918379\n|switch|p2a: Greninja|Greninja, M|100\/100\n|turn|18\n|\n|t:|1699918380\n|move|p1a: Iron Valiant|Moonblast|p2a: Greninja\n|-supereffective|p2a: Greninja\n|-damage|p2a: Greninja|0 fnt\n|faint|p2a: Greninja\n|\n|upkeep\n|-message|ananweeb forfeited.\n|\n|win|theos rex\n|raw|theos rex's rating: 1580 &rarr; <strong>1597<\/strong><br \/>(+17 for winning)\n|raw|ananweeb's rating: 1522 &rarr; <strong>1505<\/strong><br \/>(-17 for losing)\n|l|\u2606ananweeb\n","uploadtime":1699918387,"views":7,"p1id":"theosrex","p2id":"ananweeb","formatid":"gen9ou","rating":1505,"private":0,"password":""}