{"id":"gen9ou-1988577408","p1":"SkyOnPS","p2":"freebird88","format":"[Gen 9] OU","log":"|j|\u2606SkyOnPS\n|j|\u2606freebird88\n|inactive|Battle timer is ON: inactive players will automatically lose when time's up.\n|t:|1699738047\n|gametype|singles\n|player|p1|SkyOnPS|shadowtriad|\n|player|p2|freebird88|clown|\n|teamsize|p1|5\n|teamsize|p2|5\n|gen|9\n|tier|[Gen 9] OU\n|rated|Tournament battle\n|rule|Sleep Clause Mod: Limit one foe put to sleep\n|rule|Species Clause: Limit one of each Pok\u00e9mon\n|rule|OHKO Clause: OHKO moves are banned\n|rule|Evasion Items Clause: Evasion items are banned\n|rule|Evasion Moves Clause: Evasion moves are banned\n|rule|Endless Battle Clause: Forcing endless battles is banned\n|rule|HP Percentage Mod: HP is shown in percentages\n|clearpoke\n|poke|p1|Cloyster, M|\n|poke|p1|Probopass, F|\n|poke|p1|Mandibuzz, F|\n|poke|p1|Haxorus, M|\n|poke|p1|Sinistcha-Masterpiece|\n|poke|p2|Golem-Alola, F|\n|poke|p2|Lycanroc-Dusk, F|\n|poke|p2|Dragonite, F|\n|poke|p2|Magnezone|\n|poke|p2|Glimmora, M|\n|teampreview\n|j|*Lady Monita \u2746\n|inactive|SkyOnPS also wants the timer to be on.\n|j| Osgovs\n|j| Im dumb srly\n|j| ZacianBoi101\n|j| DreamyFleur\n|c|\u2606freebird88|glhf\n|c|\u2606SkyOnPS|u2\n|inactive|SkyOnPS has 120 seconds left.\n|l| Im dumb srly\n|\n|t:|1699738094\n|start\n|switch|p1a: Cloyster|Cloyster, M|100\/100\n|switch|p2a: Glimmora|Glimmora, M|100\/100\n|turn|1\n|\n|t:|1699738104\n|move|p2a: Glimmora|Power Gem|p1a: Cloyster\n|-supereffective|p1a: Cloyster\n|-damage|p1a: Cloyster|0 fnt\n|faint|p1a: Cloyster\n|\n|upkeep\n|j| SunnnyDays\n|\n|t:|1699738115\n|switch|p1a: Sinistcha|Sinistcha-Masterpiece|100\/100\n|turn|2\n|\n|t:|1699738134\n|switch|p2a: Magnezone|Magnezone|100\/100\n|move|p1a: Sinistcha|Calm Mind|p1a: Sinistcha\n|-boost|p1a: Sinistcha|spa|1\n|-boost|p1a: Sinistcha|spd|1\n|\n|upkeep\n|turn|3\n|j| DIMU179\n|\n|t:|1699738143\n|move|p1a: Sinistcha|Shadow Ball|p2a: Magnezone\n|-damage|p2a: Magnezone|53\/100\n|move|p2a: Magnezone|Volt Switch|p1a: Sinistcha\n|-resisted|p1a: Sinistcha\n|-damage|p1a: Sinistcha|86\/100\n|\n|t:|1699738156\n|switch|p2a: Dragonite|Dragonite, F|100\/100|[from] Volt Switch\n|\n|upkeep\n|turn|4\n|\n|t:|1699738162\n|move|p2a: Dragonite|Dragon Dance|p2a: Dragonite\n|-boost|p2a: Dragonite|atk|1\n|-boost|p2a: Dragonite|spe|1\n|move|p1a: Sinistcha|Shadow Ball|p2a: Dragonite\n|-damage|p2a: Dragonite|70\/100\n|\n|upkeep\n|turn|5\n|\n|t:|1699738171\n|move|p2a: Dragonite|Outrage|p1a: Sinistcha\n|-damage|p1a: Sinistcha|0 fnt\n|faint|p1a: Sinistcha\n|\n|upkeep\n|\n|t:|1699738180\n|switch|p1a: Probopass|Probopass, F|100\/100\n|turn|6\n|\n|t:|1699738182\n|move|p2a: Dragonite|Outrage|p1a: Probopass|[from]lockedmove\n|-resisted|p1a: Probopass\n|-damage|p1a: Probopass|65\/100\n|move|p1a: Probopass|Thunder Wave|p2a: Dragonite\n|-status|p2a: Dragonite|par\n|\n|upkeep\n|turn|7\n|l| DreamyFleur\n|\n|t:|1699738191\n|switch|p1a: Haxorus|Haxorus, M|100\/100\n|-ability|p1a: Haxorus|Mold Breaker\n|cant|p2a: Dragonite|par\n|\n|-start|p2a: Dragonite|confusion|[fatigue]\n|upkeep\n|turn|8\n|\n|t:|1699738203\n|-terastallize|p1a: Haxorus|Steel\n|-terastallize|p2a: Dragonite|Normal\n|move|p1a: Haxorus|Dragon Dance|p1a: Haxorus\n|-boost|p1a: Haxorus|atk|1\n|-boost|p1a: Haxorus|spe|1\n|-activate|p2a: Dragonite|confusion\n|move|p2a: Dragonite|Outrage|p1a: Haxorus\n|-resisted|p1a: Haxorus\n|-damage|p1a: Haxorus|40\/100\n|\n|upkeep\n|turn|9\n|\n|t:|1699738220\n|move|p1a: Haxorus|Close Combat|p2a: Dragonite\n|-supereffective|p2a: Dragonite\n|-damage|p2a: Dragonite|0 fnt\n|-unboost|p1a: Haxorus|def|1\n|-unboost|p1a: Haxorus|spd|1\n|faint|p2a: Dragonite\n|\n|upkeep\n|j| BuffYoda21\n|inactive|freebird88 has 120 seconds left.\n|\n|t:|1699738256\n|switch|p2a: Glimmora|Glimmora, M|100\/100\n|turn|10\n|l| BuffYoda21\n|inactive|SkyOnPS has 120 seconds left.\n|\n|t:|1699738287\n|move|p1a: Haxorus|Close Combat|p2a: Glimmora\n|-damage|p2a: Glimmora|4\/100\n|-unboost|p1a: Haxorus|def|1\n|-unboost|p1a: Haxorus|spd|1\n|-activate|p2a: Glimmora|ability: Toxic Debris\n|-sidestart|p1: SkyOnPS|move: Toxic Spikes\n|move|p2a: Glimmora|Power Gem|p1a: Haxorus\n|-resisted|p1a: Haxorus\n|-damage|p1a: Haxorus|0 fnt\n|faint|p1a: Haxorus\n|\n|upkeep\n|inactive|SkyOnPS has 120 seconds left.\n|c|\u2606SkyOnPS|damn\n|c|\u2606SkyOnPS|4%\n|c|\u2606freebird88|i had sash\n|\n|t:|1699738305\n|switch|p1a: Probopass|Probopass, F|65\/100\n|turn|11\n|c|\u2606SkyOnPS|ah, lol\n|\n|t:|1699738315\n|move|p2a: Glimmora|Stealth Rock|p1a: Probopass\n|-sidestart|p1: SkyOnPS|move: Stealth Rock\n|move|p1a: Probopass|Thunder Wave|p2a: Glimmora\n|-status|p2a: Glimmora|par\n|\n|upkeep\n|turn|12\n|inactive|SkyOnPS has 120 seconds left.\n|\n|t:|1699738321\n|move|p2a: Glimmora|Power Gem|p1a: Probopass\n|-resisted|p1a: Probopass\n|-damage|p1a: Probopass|54\/100\n|move|p1a: Probopass|Stealth Rock|p2a: Glimmora\n|-sidestart|p2: freebird88|move: Stealth Rock\n|\n|upkeep\n|turn|13\n|\n|t:|1699738326\n|move|p2a: Glimmora|Power Gem|p1a: Probopass\n|-resisted|p1a: Probopass\n|-damage|p1a: Probopass|43\/100\n|move|p1a: Probopass|Body Press|p2a: Glimmora\n|-crit|p2a: Glimmora\n|-damage|p2a: Glimmora|0 fnt\n|-activate|p2a: Glimmora|ability: Toxic Debris\n|-sidestart|p1: SkyOnPS|move: Toxic Spikes\n|faint|p2a: Glimmora\n|\n|upkeep\n|\n|t:|1699738333\n|switch|p2a: Magnezone|Magnezone|53\/100\n|-damage|p2a: Magnezone|47\/100|[from] Stealth Rock\n|turn|14\n|\n|t:|1699738339\n|move|p2a: Magnezone|Body Press|p1a: Probopass\n|-supereffective|p1a: Probopass\n|-damage|p1a: Probopass|0 fnt\n|faint|p1a: Probopass\n|\n|upkeep\n|\n|t:|1699738343\n|switch|p1a: Mandibuzz|Mandibuzz, F, shiny|100\/100\n|-damage|p1a: Mandibuzz|75\/100|[from] Stealth Rock\n|turn|15\n|j| Im dumb srly\n|\n|t:|1699738347\n|move|p1a: Mandibuzz|Foul Play|p2a: Magnezone\n|-damage|p2a: Magnezone|32\/100\n|move|p2a: Magnezone|Thunderbolt|p1a: Mandibuzz\n|-supereffective|p1a: Mandibuzz\n|-crit|p1a: Mandibuzz\n|-damage|p1a: Mandibuzz|0 fnt\n|faint|p1a: Mandibuzz\n|\n|win|freebird88\n|n|\u2606SkyOnPS|skyonps\n|n|\u2606freebird88|freebird88\n|n|*Lady Monita \u2746|ladymonita\n|n| Osgovs|osgovs\n|n| ZacianBoi101|zacianboi101\n|n| SunnnyDays|sunnnydays\n|n| DIMU179|dimu179\n|n| Im dumb srly|imdumbsrly\n","uploadtime":1699738348,"views":10,"p1id":"skyonps","p2id":"freebird88","formatid":"gen9ou","rating":0,"private":0,"password":""}