{"id":"gen9ou-1994950798","p1":"AVALUGGENJOYER420","p2":"z0ku0","format":"[Gen 9] OU","log":"|j|\u203dAVALUGGENJOYER420\n|j|\u2606z0ku0\n|t:|1700507455\n|gametype|singles\n|player|p1|AVALUGGENJOYER420|169|1000\n|player|p2|z0ku0|pokekid|1101\n|teamsize|p1|6\n|teamsize|p2|6\n|gen|9\n|tier|[Gen 9] OU\n|rated|\n|rule|Sleep Clause Mod: Limit one foe put to sleep\n|rule|Species Clause: Limit one of each Pok\u00e9mon\n|rule|OHKO Clause: OHKO moves are banned\n|rule|Evasion Items Clause: Evasion items are banned\n|rule|Evasion Moves Clause: Evasion moves are banned\n|rule|Endless Battle Clause: Forcing endless battles is banned\n|rule|HP Percentage Mod: HP is shown in percentages\n|clearpoke\n|poke|p1|Golem-Alola, M|\n|poke|p1|Rabsca, M|\n|poke|p1|Avalugg, M|\n|poke|p1|Dipplin, M|\n|poke|p1|Vaporeon, M|\n|poke|p1|Clefable, F|\n|poke|p2|Salamence, F|\n|poke|p2|Scizor, F|\n|poke|p2|Houndstone, M|\n|poke|p2|Landorus-Therian, M|\n|poke|p2|Clodsire, F|\n|poke|p2|Tyranitar, F|\n|teampreview\n|inactive|Battle timer is ON: inactive players will automatically lose when time's up. (requested by z0ku0)\n|\n|t:|1700507459\n|start\n|switch|p1a: Vaporeon|Vaporeon, M, shiny|100\/100\n|switch|p2a: Tyranitar|Tyranitar, F|100\/100\n|-weather|Sandstorm|[from] ability: Sand Stream|[of] p2a: Tyranitar\n|turn|1\n|\n|t:|1700507466\n|switch|p2a: Clodsire|Clodsire, F|100\/100\n|move|p1a: Vaporeon|Scald|p2a: Clodsire\n|-immune|p2a: Clodsire|[from] ability: Water Absorb\n|\n|-weather|Sandstorm|[upkeep]\n|-damage|p1a: Vaporeon|94\/100|[from] Sandstorm\n|upkeep\n|turn|2\n|\n|t:|1700507474\n|move|p1a: Vaporeon|Wish|p1a: Vaporeon\n|move|p2a: Clodsire|Spikes|p1a: Vaporeon\n|-sidestart|p1: AVALUGGENJOYER420|Spikes\n|\n|-weather|Sandstorm|[upkeep]\n|-damage|p1a: Vaporeon|88\/100|[from] Sandstorm\n|upkeep\n|turn|3\n|\n|t:|1700507480\n|switch|p1a: Golem|Golem-Alola, M, shiny|100\/100\n|-damage|p1a: Golem|88\/100|[from] Spikes\n|switch|p2a: Scizor|Scizor, F|100\/100\n|\n|-weather|Sandstorm|[upkeep]\n|-heal|p1a: Golem|100\/100|[from] move: Wish|[wisher] Vaporeon\n|upkeep\n|turn|4\n|\n|t:|1700507488\n|move|p2a: Scizor|Bullet Punch|p1a: Golem\n|-damage|p1a: Golem|69\/100\n|move|p1a: Golem|Explosion|p2a: Scizor\n|-damage|p2a: Scizor|0 fnt\n|faint|p1a: Golem\n|faint|p2a: Scizor\n|\n|-weather|Sandstorm|[upkeep]\n|upkeep\n|\n|t:|1700507498\n|switch|p2a: Houndstone|Houndstone, M|100\/100\n|switch|p1a: Avalugg|Avalugg, M|100\/100\n|turn|5\n|\n|t:|1700507504\n|move|p2a: Houndstone|Trick|p1a: Avalugg\n|-activate|p2a: Houndstone|move: Trick|[of] p1a: Avalugg\n|-item|p1a: Avalugg|Choice Band|[from] move: Trick\n|-item|p2a: Houndstone|Heavy-Duty Boots|[from] move: Trick\n|move|p1a: Avalugg|Ice Spinner|p2a: Houndstone\n|-damage|p2a: Houndstone|31\/100\n|\n|-weather|Sandstorm|[upkeep]\n|-damage|p1a: Avalugg|94\/100|[from] Sandstorm\n|upkeep\n|turn|6\n|\n|t:|1700507518\n|switch|p2a: Landorus|Landorus-Therian, M|100\/100\n|-ability|p2a: Landorus|Intimidate|boost\n|-unboost|p1a: Avalugg|atk|1\n|move|p1a: Avalugg|Ice Spinner|p2a: Landorus\n|-supereffective|p2a: Landorus\n|-damage|p2a: Landorus|0 fnt\n|faint|p2a: Landorus\n|\n|-weather|Sandstorm|[upkeep]\n|-damage|p1a: Avalugg|88\/100|[from] Sandstorm\n|upkeep\n|\n|t:|1700507527\n|switch|p2a: Salamence|Salamence, F|100\/100\n|turn|7\n|\n|t:|1700507531\n|-terastallize|p2a: Salamence|Rock\n|move|p2a: Salamence|Tera Blast|p1a: Avalugg|[anim] Tera Blast Rock\n|-supereffective|p1a: Avalugg\n|-damage|p1a: Avalugg|50\/100\n|move|p1a: Avalugg|Ice Spinner|p2a: Salamence\n|-damage|p2a: Salamence|56\/100\n|\n|-weather|Sandstorm|[upkeep]\n|-damage|p1a: Avalugg|44\/100|[from] Sandstorm\n|upkeep\n|turn|8\n|\n|t:|1700507540\n|-terastallize|p1a: Avalugg|Ground\n|move|p2a: Salamence|Tera Blast|p1a: Avalugg|[anim] Tera Blast Rock\n|-resisted|p1a: Avalugg\n|-damage|p1a: Avalugg|34\/100\n|move|p1a: Avalugg|Ice Spinner|p2a: Salamence\n|-damage|p2a: Salamence|11\/100\n|\n|-weather|none\n|upkeep\n|turn|9\n|\n|t:|1700507550\n|switch|p2a: Tyranitar|Tyranitar, F|100\/100\n|-weather|Sandstorm|[from] ability: Sand Stream|[of] p2a: Tyranitar\n|move|p1a: Avalugg|Ice Spinner|p2a: Tyranitar\n|-crit|p2a: Tyranitar\n|-damage|p2a: Tyranitar|31\/100\n|\n|-weather|Sandstorm|[upkeep]\n|upkeep\n|turn|10\n|\n|t:|1700507561\n|move|p2a: Tyranitar|Thunder Wave|p1a: Avalugg\n|-immune|p1a: Avalugg\n|move|p1a: Avalugg|Ice Spinner|p2a: Tyranitar\n|-damage|p2a: Tyranitar|0 fnt\n|faint|p2a: Tyranitar\n|\n|-weather|Sandstorm|[upkeep]\n|upkeep\n|\n|t:|1700507569\n|switch|p2a: Salamence|Salamence, F, tera:Rock|11\/100\n|turn|11\n|\n|t:|1700507576\n|move|p2a: Salamence|Earthquake|p1a: Avalugg\n|-damage|p1a: Avalugg|16\/100\n|move|p1a: Avalugg|Ice Spinner|p2a: Salamence\n|-damage|p2a: Salamence|0 fnt\n|faint|p2a: Salamence\n|\n|-weather|Sandstorm|[upkeep]\n|upkeep\n|\n|t:|1700507583\n|switch|p2a: Houndstone|Houndstone, M|31\/100\n|turn|12\n|\n|t:|1700507589\n|move|p2a: Houndstone|Poltergeist|p1a: Avalugg\n|-activate|p1a: Avalugg|move: Poltergeist|Choice Band\n|-damage|p1a: Avalugg|0 fnt\n|faint|p1a: Avalugg\n|\n|-weather|Sandstorm|[upkeep]\n|upkeep\n|\n|t:|1700507598\n|switch|p1a: Clefable|Clefable, F, shiny|100\/100\n|-damage|p1a: Clefable|88\/100|[from] Spikes\n|turn|13\n|\n|t:|1700507603\n|move|p2a: Houndstone|Destiny Bond|p2a: Houndstone\n|-singlemove|p2a: Houndstone|Destiny Bond\n|move|p1a: Clefable|Cosmic Power|p1a: Clefable\n|-boost|p1a: Clefable|def|1\n|-boost|p1a: Clefable|spd|1\n|\n|-weather|Sandstorm|[upkeep]\n|-damage|p1a: Clefable|82\/100|[from] Sandstorm\n|upkeep\n|turn|14\n|\n|t:|1700507612\n|move|p2a: Houndstone|Poltergeist|p1a: Clefable\n|-activate|p1a: Clefable|move: Poltergeist|Ability Shield\n|-damage|p1a: Clefable|52\/100\n|move|p1a: Clefable|Cosmic Power|p1a: Clefable\n|-boost|p1a: Clefable|def|1\n|-boost|p1a: Clefable|spd|1\n|\n|-weather|Sandstorm|[upkeep]\n|-damage|p1a: Clefable|46\/100|[from] Sandstorm\n|upkeep\n|turn|15\n|\n|t:|1700507625\n|move|p2a: Houndstone|Destiny Bond|p2a: Houndstone\n|-singlemove|p2a: Houndstone|Destiny Bond\n|move|p1a: Clefable|Moonlight|p1a: Clefable\n|-heal|p1a: Clefable|71\/100\n|\n|-weather|Sandstorm|[upkeep]\n|-damage|p1a: Clefable|65\/100|[from] Sandstorm\n|upkeep\n|turn|16\n|\n|t:|1700507632\n|move|p2a: Houndstone|Poltergeist|p1a: Clefable|[miss]\n|-miss|p2a: Houndstone|p1a: Clefable\n|move|p1a: Clefable|Cosmic Power|p1a: Clefable\n|-boost|p1a: Clefable|def|1\n|-boost|p1a: Clefable|spd|1\n|\n|-weather|none\n|upkeep\n|turn|17\n|\n|t:|1700507640\n|move|p2a: Houndstone|Poltergeist|p1a: Clefable\n|-activate|p1a: Clefable|move: Poltergeist|Ability Shield\n|-damage|p1a: Clefable|48\/100\n|move|p1a: Clefable|Moonlight|p1a: Clefable\n|-heal|p1a: Clefable|98\/100\n|\n|upkeep\n|turn|18\n|\n|t:|1700507647\n|move|p2a: Houndstone|Destiny Bond|p2a: Houndstone\n|-singlemove|p2a: Houndstone|Destiny Bond\n|move|p1a: Clefable|Cosmic Power|p1a: Clefable\n|-boost|p1a: Clefable|def|1\n|-boost|p1a: Clefable|spd|1\n|\n|upkeep\n|turn|19\n|\n|t:|1700507652\n|move|p2a: Houndstone|Poltergeist|p1a: Clefable\n|-activate|p1a: Clefable|move: Poltergeist|Ability Shield\n|-damage|p1a: Clefable|83\/100\n|move|p1a: Clefable|Cosmic Power|p1a: Clefable\n|-boost|p1a: Clefable|def|1\n|-boost|p1a: Clefable|spd|1\n|\n|upkeep\n|turn|20\n|\n|t:|1700507660\n|move|p2a: Houndstone|Poltergeist|p1a: Clefable\n|-activate|p1a: Clefable|move: Poltergeist|Ability Shield\n|-damage|p1a: Clefable|69\/100\n|move|p1a: Clefable|Cosmic Power|p1a: Clefable\n|-boost|p1a: Clefable|def|1\n|-boost|p1a: Clefable|spd|1\n|\n|upkeep\n|turn|21\n|\n|t:|1700507669\n|move|p2a: Houndstone|Play Rough|p1a: Clefable|[miss]\n|-miss|p2a: Houndstone|p1a: Clefable\n|move|p1a: Clefable|Moonlight|p1a: Clefable\n|-heal|p1a: Clefable|100\/100\n|\n|upkeep\n|turn|22\n|\n|t:|1700507676\n|move|p2a: Houndstone|Play Rough|p1a: Clefable\n|-damage|p1a: Clefable|94\/100\n|move|p1a: Clefable|Cosmic Power|p1a: Clefable\n|-boost|p1a: Clefable|def|0\n|-boost|p1a: Clefable|spd|0\n|\n|upkeep\n|turn|23\n|\n|t:|1700507682\n|move|p2a: Houndstone|Play Rough|p1a: Clefable\n|-crit|p1a: Clefable\n|-damage|p1a: Clefable|57\/100\n|move|p1a: Clefable|Charge Beam|p2a: Houndstone\n|-damage|p2a: Houndstone|18\/100\n|-boost|p1a: Clefable|spa|1\n|\n|upkeep\n|turn|24\n|\n|t:|1700507689\n|move|p2a: Houndstone|Play Rough|p1a: Clefable\n|-damage|p1a: Clefable|50\/100\n|move|p1a: Clefable|Moonlight|p1a: Clefable\n|-heal|p1a: Clefable|99\/100\n|\n|upkeep\n|turn|25\n|\n|t:|1700507699\n|move|p2a: Houndstone|Destiny Bond|p2a: Houndstone\n|-singlemove|p2a: Houndstone|Destiny Bond\n|move|p1a: Clefable|Cosmic Power|p1a: Clefable\n|-boost|p1a: Clefable|def|0\n|-boost|p1a: Clefable|spd|0\n|\n|upkeep\n|turn|26\n|\n|t:|1700507711\n|move|p2a: Houndstone|Play Rough|p1a: Clefable\n|-damage|p1a: Clefable|94\/100\n|move|p1a: Clefable|Cosmic Power|p1a: Clefable\n|-boost|p1a: Clefable|def|0\n|-boost|p1a: Clefable|spd|0\n|\n|upkeep\n|turn|27\n|\n|t:|1700507717\n|move|p2a: Houndstone|Destiny Bond|p2a: Houndstone\n|-singlemove|p2a: Houndstone|Destiny Bond\n|move|p1a: Clefable|Cosmic Power|p1a: Clefable\n|-boost|p1a: Clefable|def|0\n|-boost|p1a: Clefable|spd|0\n|\n|upkeep\n|turn|28\n|\n|t:|1700507723\n|move|p2a: Houndstone|Poltergeist|p1a: Clefable\n|-activate|p1a: Clefable|move: Poltergeist|Ability Shield\n|-damage|p1a: Clefable|82\/100\n|move|p1a: Clefable|Cosmic Power|p1a: Clefable\n|-boost|p1a: Clefable|def|0\n|-boost|p1a: Clefable|spd|0\n|\n|upkeep\n|turn|29\n|\n|t:|1700507730\n|move|p2a: Houndstone|Destiny Bond|p2a: Houndstone\n|-singlemove|p2a: Houndstone|Destiny Bond\n|move|p1a: Clefable|Cosmic Power|p1a: Clefable\n|-boost|p1a: Clefable|def|0\n|-boost|p1a: Clefable|spd|0\n|\n|upkeep\n|turn|30\n|\n|t:|1700507735\n|move|p2a: Houndstone|Play Rough|p1a: Clefable\n|-damage|p1a: Clefable|76\/100\n|move|p1a: Clefable|Moonlight|p1a: Clefable\n|-heal|p1a: Clefable|100\/100\n|\n|upkeep\n|turn|31\n|\n|t:|1700507743\n|move|p2a: Houndstone|Destiny Bond|p2a: Houndstone\n|-singlemove|p2a: Houndstone|Destiny Bond\n|move|p1a: Clefable|Cosmic Power|p1a: Clefable\n|-boost|p1a: Clefable|def|0\n|-boost|p1a: Clefable|spd|0\n|\n|upkeep\n|turn|32\n|\n|t:|1700507748\n|move|p2a: Houndstone|Play Rough|p1a: Clefable\n|-damage|p1a: Clefable|93\/100\n|-unboost|p1a: Clefable|atk|1\n|move|p1a: Clefable|Cosmic Power|p1a: Clefable\n|-boost|p1a: Clefable|def|0\n|-boost|p1a: Clefable|spd|0\n|\n|upkeep\n|turn|33\n|\n|t:|1700507756\n|move|p2a: Houndstone|Poltergeist|p1a: Clefable\n|-activate|p1a: Clefable|move: Poltergeist|Ability Shield\n|-crit|p1a: Clefable\n|-damage|p1a: Clefable|21\/100\n|move|p1a: Clefable|Cosmic Power|p1a: Clefable\n|-boost|p1a: Clefable|def|0\n|-boost|p1a: Clefable|spd|0\n|\n|upkeep\n|turn|34\n|\n|t:|1700507764\n|move|p2a: Houndstone|Destiny Bond|p2a: Houndstone\n|-singlemove|p2a: Houndstone|Destiny Bond\n|move|p1a: Clefable|Moonlight|p1a: Clefable\n|-heal|p1a: Clefable|71\/100\n|\n|upkeep\n|turn|35\n|\n|t:|1700507770\n|move|p2a: Houndstone|Play Rough|p1a: Clefable\n|-damage|p1a: Clefable|63\/100\n|move|p1a: Clefable|Moonlight|p1a: Clefable\n|-heal|p1a: Clefable|100\/100\n|\n|upkeep\n|turn|36\n|\n|t:|1700507779\n|switch|p2a: Clodsire|Clodsire, F|100\/100\n|move|p1a: Clefable|Charge Beam|p2a: Clodsire\n|-immune|p2a: Clodsire\n|\n|upkeep\n|turn|37\n|\n|t:|1700507792\n|move|p1a: Clefable|Stored Power|p2a: Clodsire\n|-supereffective|p2a: Clodsire\n|-damage|p2a: Clodsire|0 fnt\n|faint|p2a: Clodsire\n|\n|upkeep\n|\n|t:|1700507796\n|switch|p2a: Houndstone|Houndstone, M|18\/100\n|turn|38\n|\n|t:|1700507799\n|move|p2a: Houndstone|Play Rough|p1a: Clefable\n|-crit|p1a: Clefable\n|-damage|p1a: Clefable|58\/100\n|-unboost|p1a: Clefable|atk|1\n|move|p1a: Clefable|Stored Power|p2a: Houndstone\n|-damage|p2a: Houndstone|0 fnt\n|faint|p2a: Houndstone\n|\n|win|AVALUGGENJOYER420\n|raw|AVALUGGENJOYER420's rating: 1000 &rarr; <strong>1051<\/strong><br \/>(+51 for winning)\n|raw|z0ku0's rating: 1101 &rarr; <strong>1069<\/strong><br \/>(-32 for losing)\n|l|\u2606z0ku0\n","uploadtime":1700507808,"views":49,"p1id":"avaluggenjoyer420","p2id":"z0ku0","formatid":"gen9ou","rating":1051,"private":0,"password":""}