{"id":"gen9ou-1994092266","p1":"Chito24","p2":"ChosenNoobster","format":"[Gen 9] OU","log":"|j|\u2606Chito24\n|j|\u2606ChosenNoobster\n|t:|1700405836\n|gametype|singles\n|player|p1|Chito24|harlequin|1150\n|player|p2|ChosenNoobster|169|1075\n|teamsize|p1|6\n|teamsize|p2|6\n|gen|9\n|tier|[Gen 9] OU\n|rated|\n|rule|Sleep Clause Mod: Limit one foe put to sleep\n|rule|Species Clause: Limit one of each Pok\u00e9mon\n|rule|OHKO Clause: OHKO moves are banned\n|rule|Evasion Items Clause: Evasion items are banned\n|rule|Evasion Moves Clause: Evasion moves are banned\n|rule|Endless Battle Clause: Forcing endless battles is banned\n|rule|HP Percentage Mod: HP is shown in percentages\n|clearpoke\n|poke|p1|Kommo-o, F|\n|poke|p1|Ribombee, F|\n|poke|p1|Arcanine-Hisui, F|\n|poke|p1|Clodsire, F|\n|poke|p1|Hatterene, F|\n|poke|p1|Crawdaunt, M|\n|poke|p2|Dragapult, M|\n|poke|p2|Pelipper, M|\n|poke|p2|Amoonguss, F|\n|poke|p2|Iron Valiant|\n|poke|p2|Iron Treads|\n|poke|p2|Ting-Lu|\n|teampreview\n|\n|t:|1700405848\n|start\n|switch|p1a: Stinky|Ribombee, F, shiny|100\/100\n|switch|p2a: Pelipper|Pelipper, M|100\/100\n|-weather|RainDance|[from] ability: Drizzle|[of] p2a: Pelipper\n|turn|1\n|\n|t:|1700405855\n|move|p1a: Stinky|Stun Spore|p2a: Pelipper\n|-status|p2a: Pelipper|par\n|move|p2a: Pelipper|Hurricane|p1a: Stinky\n|-supereffective|p1a: Stinky\n|-enditem|p1a: Stinky|Focus Sash\n|-damage|p1a: Stinky|1\/100\n|\n|-weather|RainDance|[upkeep]\n|upkeep\n|turn|2\n|\n|t:|1700405864\n|switch|p2a: Iron Treads|Iron Treads|100\/100\n|-item|p2a: Iron Treads|Air Balloon\n|move|p1a: Stinky|Sticky Web|p2a: Iron Treads\n|-sidestart|p2: ChosenNoobster|move: Sticky Web\n|\n|-weather|RainDance|[upkeep]\n|upkeep\n|turn|3\n|\n|t:|1700405871\n|move|p1a: Stinky|Stun Spore|p2a: Iron Treads\n|-status|p2a: Iron Treads|par\n|cant|p2a: Iron Treads|par\n|\n|-weather|RainDance|[upkeep]\n|upkeep\n|turn|4\n|\n|t:|1700405876\n|move|p1a: Stinky|Psychic|p2a: Iron Treads\n|-resisted|p2a: Iron Treads\n|-damage|p2a: Iron Treads|82\/100 par\n|-enditem|p2a: Iron Treads|Air Balloon\n|cant|p2a: Iron Treads|par\n|\n|-weather|RainDance|[upkeep]\n|upkeep\n|turn|5\n|\n|t:|1700405879\n|move|p1a: Stinky|Psychic|p2a: Iron Treads\n|-resisted|p2a: Iron Treads\n|-damage|p2a: Iron Treads|64\/100 par\n|move|p2a: Iron Treads|Rapid Spin|p1a: Stinky\n|-damage|p1a: Stinky|0 fnt\n|-boost|p2a: Iron Treads|spe|1\n|-sideend|p2: ChosenNoobster|Sticky Web|[from] move: Rapid Spin|[of] p2a: Iron Treads\n|faint|p1a: Stinky\n|\n|-weather|none\n|upkeep\n|\n|t:|1700405884\n|switch|p1a: Dinky|Clodsire, F|100\/100\n|turn|6\n|\n|t:|1700405890\n|-end|p2a: Iron Treads|Quark Drive|[silent]\n|switch|p2a: Ting-Lu|Ting-Lu|100\/100\n|-ability|p2a: Ting-Lu|Vessel of Ruin\n|move|p1a: Dinky|Stealth Rock|p2a: Ting-Lu\n|-sidestart|p2: ChosenNoobster|move: Stealth Rock\n|\n|upkeep\n|turn|7\n|\n|t:|1700405895\n|move|p2a: Ting-Lu|Earthquake|p1a: Dinky\n|-supereffective|p1a: Dinky\n|-damage|p1a: Dinky|19\/100\n|move|p1a: Dinky|Toxic|p2a: Ting-Lu\n|-status|p2a: Ting-Lu|tox\n|\n|-heal|p1a: Dinky|25\/100|[from] item: Black Sludge\n|-damage|p2a: Ting-Lu|94\/100 tox|[from] psn\n|upkeep\n|turn|8\n|\n|t:|1700405902\n|move|p2a: Ting-Lu|Earthquake|p1a: Dinky\n|-supereffective|p1a: Dinky\n|-damage|p1a: Dinky|0 fnt\n|faint|p1a: Dinky\n|\n|-heal|p2a: Ting-Lu|100\/100 tox|[from] item: Leftovers\n|-damage|p2a: Ting-Lu|88\/100 tox|[from] psn\n|upkeep\n|\n|t:|1700405905\n|switch|p1a: Bart|Crawdaunt, M|100\/100\n|turn|9\n|\n|t:|1700405912\n|switch|p2a: Amoonguss|Amoonguss, F|100\/100\n|-damage|p2a: Amoonguss|88\/100|[from] Stealth Rock\n|move|p1a: Bart|Swords Dance|p1a: Bart\n|-boost|p1a: Bart|atk|2\n|\n|upkeep\n|turn|10\n|\n|t:|1700405916\n|move|p1a: Bart|Knock Off|p2a: Amoonguss\n|-damage|p2a: Amoonguss|0 fnt\n|-damage|p1a: Bart|84\/100|[from] item: Rocky Helmet|[of] p2a: Amoonguss\n|-enditem|p2a: Amoonguss|Rocky Helmet|[from] move: Knock Off|[of] p1a: Bart\n|faint|p2a: Amoonguss\n|-damage|p1a: Bart|74\/100|[from] item: Life Orb\n|\n|upkeep\n|\n|t:|1700405922\n|switch|p2a: Iron Valiant|Iron Valiant|100\/100\n|-damage|p2a: Iron Valiant|94\/100|[from] Stealth Rock\n|turn|11\n|\n|t:|1700405931\n|move|p1a: Bart|Aqua Jet|p2a: Iron Valiant\n|-damage|p2a: Iron Valiant|0 fnt\n|faint|p2a: Iron Valiant\n|-end|p2a: Iron Valiant|Quark Drive|[silent]\n|-damage|p1a: Bart|65\/100|[from] item: Life Orb\n|\n|upkeep\n|\n|t:|1700405940\n|switch|p2a: Dragapult|Dragapult, M|100\/100\n|-damage|p2a: Dragapult|88\/100|[from] Stealth Rock\n|turn|12\n|\n|t:|1700405945\n|move|p2a: Dragapult|Dragon Darts|p1a: Bart\n|-damage|p1a: Bart|9\/100\n|-anim|p2a: Dragapult|Dragon Darts|p1a: Bart\n|-damage|p1a: Bart|0 fnt\n|faint|p1a: Bart\n|\n|upkeep\n|\n|t:|1700405950\n|switch|p1a: Plinky|Hatterene, F, shiny|100\/100\n|turn|13\n|\n|t:|1700405978\n|switch|p2a: Iron Treads|Iron Treads|64\/100 par\n|-damage|p2a: Iron Treads|61\/100 par|[from] Stealth Rock\n|move|p1a: Plinky|Dazzling Gleam|p2a: Iron Treads\n|-resisted|p2a: Iron Treads\n|-damage|p2a: Iron Treads|27\/100 par\n|\n|upkeep\n|turn|14\n|\n|t:|1700405986\n|cant|p2a: Iron Treads|par\n|move|p1a: Plinky|Trick Room|p1a: Plinky\n|-fieldstart|move: Trick Room|[of] p1a: Plinky\n|\n|upkeep\n|turn|15\n|\n|t:|1700405993\n|switch|p1a: Pinky|Kommo-o, F, shiny|100\/100\n|move|p2a: Iron Treads|Rapid Spin|p1a: Pinky\n|-damage|p1a: Pinky|87\/100\n|-boost|p2a: Iron Treads|spe|1\n|-sideend|p2: ChosenNoobster|Stealth Rock|[from] move: Rapid Spin|[of] p2a: Iron Treads\n|\n|upkeep\n|turn|16\n|\n|t:|1700406000\n|move|p1a: Pinky|Belly Drum|p1a: Pinky\n|-damage|p1a: Pinky|37\/100\n|-setboost|p1a: Pinky|atk|6|[from] move: Belly Drum\n|-enditem|p1a: Pinky|Sitrus Berry|[eat]\n|-heal|p1a: Pinky|62\/100|[from] item: Sitrus Berry\n|move|p2a: Iron Treads|Earthquake|p1a: Pinky\n|-damage|p1a: Pinky|25\/100\n|\n|upkeep\n|turn|17\n|\n|t:|1700406012\n|-end|p2a: Iron Treads|Quark Drive|[silent]\n|switch|p2a: Dragapult|Dragapult, M|88\/100\n|move|p1a: Pinky|Drain Punch|p2a: Dragapult\n|-immune|p2a: Dragapult\n|\n|upkeep\n|turn|18\n|\n|t:|1700406020\n|switch|p2a: Iron Treads|Iron Treads|27\/100 par\n|move|p1a: Pinky|Outrage|p2a: Iron Treads\n|-resisted|p2a: Iron Treads\n|-damage|p2a: Iron Treads|0 fnt\n|faint|p2a: Iron Treads\n|-end|p2a: Iron Treads|Quark Drive|[silent]\n|\n|-fieldend|move: Trick Room\n|upkeep\n|\n|t:|1700406030\n|switch|p2a: Dragapult|Dragapult, M|88\/100\n|turn|19\n|\n|t:|1700406037\n|move|p2a: Dragapult|Dragon Darts|p1a: Pinky\n|-supereffective|p1a: Pinky\n|-damage|p1a: Pinky|0 fnt\n|faint|p1a: Pinky\n|\n|upkeep\n|\n|t:|1700406042\n|switch|p1a: Plinky|Hatterene, F, shiny|100\/100\n|turn|20\n|\n|t:|1700406047\n|switch|p2a: Pelipper|Pelipper, M|100\/100 par\n|-weather|RainDance|[from] ability: Drizzle|[of] p2a: Pelipper\n|move|p1a: Plinky|Trick Room|p1a: Plinky\n|-fieldstart|move: Trick Room|[of] p1a: Plinky\n|\n|-weather|RainDance|[upkeep]\n|upkeep\n|turn|21\n|\n|t:|1700406051\n|move|p1a: Plinky|Psychic|p2a: Pelipper\n|-damage|p2a: Pelipper|13\/100 par\n|cant|p2a: Pelipper|par\n|\n|-weather|RainDance|[upkeep]\n|upkeep\n|turn|22\n|\n|t:|1700406056\n|move|p1a: Plinky|Psychic|p2a: Pelipper\n|-damage|p2a: Pelipper|0 fnt\n|faint|p2a: Pelipper\n|\n|-weather|RainDance|[upkeep]\n|upkeep\n|\n|t:|1700406059\n|switch|p2a: Ting-Lu|Ting-Lu|88\/100 tox\n|-ability|p2a: Ting-Lu|Vessel of Ruin\n|turn|23\n|\n|t:|1700406065\n|move|p1a: Plinky|Dazzling Gleam|p2a: Ting-Lu\n|-supereffective|p2a: Ting-Lu\n|-damage|p2a: Ting-Lu|47\/100 tox\n|move|p2a: Ting-Lu|Earthquake|p1a: Plinky\n|-damage|p1a: Plinky|60\/100\n|-enditem|p1a: Plinky|Eject Button\n|\n|t:|1700406068\n|switch|p1a: Blinky|Arcanine-Hisui, F, shiny|100\/100\n|\n|-weather|RainDance|[upkeep]\n|-heal|p2a: Ting-Lu|53\/100 tox|[from] item: Leftovers\n|-damage|p2a: Ting-Lu|47\/100 tox|[from] psn\n|upkeep\n|turn|24\n|\n|t:|1700406088\n|-terastallize|p2a: Ting-Lu|Water\n|-terastallize|p1a: Blinky|Fire\n|move|p2a: Ting-Lu|Earthquake|p1a: Blinky\n|-supereffective|p1a: Blinky\n|-damage|p1a: Blinky|4\/100\n|move|p1a: Blinky|Close Combat|p2a: Ting-Lu\n|-damage|p2a: Ting-Lu|17\/100 tox\n|-unboost|p1a: Blinky|def|1\n|-unboost|p1a: Blinky|spd|1\n|\n|-weather|none\n|-heal|p2a: Ting-Lu|23\/100 tox|[from] item: Leftovers\n|-damage|p2a: Ting-Lu|11\/100 tox|[from] psn\n|-fieldend|move: Trick Room\n|upkeep\n|turn|25\n|\n|t:|1700406097\n|move|p1a: Blinky|Close Combat|p2a: Ting-Lu\n|-damage|p2a: Ting-Lu|0 fnt\n|-unboost|p1a: Blinky|def|1\n|-unboost|p1a: Blinky|spd|1\n|faint|p2a: Ting-Lu\n|\n|upkeep\n|\n|t:|1700406101\n|switch|p2a: Dragapult|Dragapult, M|88\/100\n|turn|26\n|\n|t:|1700406105\n|move|p2a: Dragapult|U-turn|p1a: Blinky\n|-resisted|p1a: Blinky\n|-damage|p1a: Blinky|0 fnt\n|faint|p1a: Blinky\n|\n|upkeep\n|\n|t:|1700406107\n|switch|p1a: Plinky|Hatterene, F, shiny|60\/100\n|turn|27\n|\n|t:|1700406110\n|move|p2a: Dragapult|U-turn|p1a: Plinky\n|-damage|p1a: Plinky|19\/100\n|move|p1a: Plinky|Dazzling Gleam|p2a: Dragapult\n|-supereffective|p2a: Dragapult\n|-damage|p2a: Dragapult|0 fnt\n|faint|p2a: Dragapult\n|\n|win|Chito24\n|raw|Chito24's rating: 1150 &rarr; <strong>1170<\/strong><br \/>(+20 for winning)\n|raw|ChosenNoobster's rating: 1075 &rarr; <strong>1058<\/strong><br \/>(-17 for losing)\n|l|\u2606ChosenNoobster\n|c|\u2606Chito24|gg\n","uploadtime":1700406117,"views":5,"p1id":"chito24","p2id":"chosennoobster","formatid":"gen9ou","rating":1058,"private":0,"password":""}