{"id":"gen9ou-1989207488","p1":"DeerPKMN","p2":"soakey","format":"[Gen 9] OU","log":"|j|\u2606DeerPKMN\n|j|\u2606soakey\n|t:|1699823473\n|gametype|singles\n|player|p1|DeerPKMN|flannery|\n|player|p2|soakey|170|\n|teamsize|p1|6\n|teamsize|p2|6\n|gen|9\n|tier|[Gen 9] OU\n|rule|Sleep Clause Mod: Limit one foe put to sleep\n|rule|Species Clause: Limit one of each Pok\u00e9mon\n|rule|OHKO Clause: OHKO moves are banned\n|rule|Evasion Items Clause: Evasion items are banned\n|rule|Evasion Moves Clause: Evasion moves are banned\n|rule|Endless Battle Clause: Forcing endless battles is banned\n|rule|HP Percentage Mod: HP is shown in percentages\n|clearpoke\n|poke|p1|Garganacl, F|\n|poke|p1|Ninetales-Alola, M|\n|poke|p1|Dragapult, F|\n|poke|p1|Great Tusk|\n|poke|p1|Iron Moth|\n|poke|p1|Samurott-Hisui, F|\n|poke|p2|Gholdengo|\n|poke|p2|Greninja-*, M|\n|poke|p2|Zamazenta-*|\n|poke|p2|Landorus-Therian, M|\n|poke|p2|Chansey, F|\n|poke|p2|Iron Moth|\n|teampreview\n|\n|t:|1699823505\n|start\n|switch|p1a: Samurott|Samurott-Hisui, F, shiny|100\/100\n|switch|p2a: Gholdengo|Gholdengo|100\/100\n|turn|1\n|\n|t:|1699823514\n|move|p1a: Samurott|Ceaseless Edge|p2a: Gholdengo\n|-supereffective|p2a: Gholdengo\n|-damage|p2a: Gholdengo|0 fnt\n|-sidestart|p2: soakey|Spikes\n|faint|p2a: Gholdengo\n|\n|upkeep\n|\n|t:|1699823523\n|switch|p2a: Zamazenta|Zamazenta|100\/100\n|-damage|p2a: Zamazenta|88\/100|[from] Spikes\n|-ability|p2a: Zamazenta|Dauntless Shield|boost\n|-boost|p2a: Zamazenta|def|1\n|turn|2\n|\n|t:|1699823537\n|move|p1a: Samurott|Sucker Punch|p2a: Zamazenta\n|-resisted|p2a: Zamazenta\n|-damage|p2a: Zamazenta|78\/100\n|move|p2a: Zamazenta|Close Combat|p1a: Samurott\n|-supereffective|p1a: Samurott\n|-enditem|p1a: Samurott|Focus Sash\n|-damage|p1a: Samurott|1\/100\n|-unboost|p2a: Zamazenta|def|1\n|-unboost|p2a: Zamazenta|spd|1\n|\n|-heal|p2a: Zamazenta|84\/100|[from] item: Leftovers\n|upkeep\n|turn|3\n|\n|t:|1699823552\n|move|p2a: Zamazenta|Crunch|p1a: Samurott\n|-resisted|p1a: Samurott\n|-damage|p1a: Samurott|0 fnt\n|faint|p1a: Samurott\n|\n|-heal|p2a: Zamazenta|90\/100|[from] item: Leftovers\n|upkeep\n|\n|t:|1699823557\n|switch|p1a: Dragapult|Dragapult, F, shiny|100\/100\n|turn|4\n|\n|t:|1699823564\n|move|p1a: Dragapult|Thunder Wave|p2a: Zamazenta\n|-status|p2a: Zamazenta|par\n|move|p2a: Zamazenta|Psychic Fangs|p1a: Dragapult\n|-damage|p1a: Dragapult|65\/100\n|\n|-heal|p1a: Dragapult|71\/100|[from] item: Leftovers\n|-heal|p2a: Zamazenta|96\/100 par|[from] item: Leftovers\n|upkeep\n|turn|5\n|\n|t:|1699823572\n|move|p1a: Dragapult|Substitute|p1a: Dragapult\n|-start|p1a: Dragapult|Substitute\n|-damage|p1a: Dragapult|46\/100\n|move|p2a: Zamazenta|Crunch|p1a: Dragapult\n|-supereffective|p1a: Dragapult\n|-crit|p1a: Dragapult\n|-end|p1a: Dragapult|Substitute\n|\n|-heal|p1a: Dragapult|52\/100|[from] item: Leftovers\n|-heal|p2a: Zamazenta|100\/100 par|[from] item: Leftovers\n|upkeep\n|turn|6\n|\n|t:|1699823580\n|move|p1a: Dragapult|Hex|p2a: Zamazenta\n|-damage|p2a: Zamazenta|27\/100 par\n|move|p2a: Zamazenta|Crunch|p1a: Dragapult\n|-supereffective|p1a: Dragapult\n|-damage|p1a: Dragapult|0 fnt\n|faint|p1a: Dragapult\n|\n|-heal|p2a: Zamazenta|33\/100 par|[from] item: Leftovers\n|upkeep\n|\n|t:|1699823588\n|switch|p1a: Ninetales|Ninetales-Alola, M, shiny|100\/100\n|-weather|Snow|[from] ability: Snow Warning|[of] p1a: Ninetales\n|turn|7\n|j| SirSpoops\n|\n|t:|1699823594\n|move|p1a: Ninetales|Aurora Veil|p1a: Ninetales\n|-sidestart|p1: DeerPKMN|move: Aurora Veil\n|cant|p2a: Zamazenta|par\n|\n|-weather|Snow|[upkeep]\n|-heal|p2a: Zamazenta|39\/100 par|[from] item: Leftovers\n|upkeep\n|turn|8\n|\n|t:|1699823600\n|move|p1a: Ninetales|Freeze-Dry|p2a: Zamazenta\n|-damage|p2a: Zamazenta|8\/100 par\n|move|p2a: Zamazenta|Iron Head|p1a: Ninetales\n|-supereffective|p1a: Ninetales\n|-damage|p1a: Ninetales|60\/100\n|\n|-weather|Snow|[upkeep]\n|-heal|p2a: Zamazenta|14\/100 par|[from] item: Leftovers\n|upkeep\n|turn|9\n|\n|t:|1699823608\n|move|p1a: Ninetales|Freeze-Dry|p2a: Zamazenta\n|-damage|p2a: Zamazenta|0 fnt\n|faint|p2a: Zamazenta\n|\n|-weather|Snow|[upkeep]\n|upkeep\n|\n|t:|1699823615\n|switch|p2a: Landorus|Landorus-Therian, M|100\/100\n|-ability|p2a: Landorus|Intimidate|boost\n|-unboost|p1a: Ninetales|atk|1\n|turn|10\n|\n|t:|1699823620\n|move|p1a: Ninetales|Freeze-Dry|p2a: Landorus\n|-supereffective|p2a: Landorus\n|-damage|p2a: Landorus|0 fnt\n|faint|p2a: Landorus\n|\n|-weather|Snow|[upkeep]\n|upkeep\n|c| SirSpoops|fuck landorus all my homies hate landorus\n|\n|t:|1699823626\n|switch|p2a: Chansey|Chansey, F|100\/100\n|-damage|p2a: Chansey|88\/100|[from] Spikes\n|turn|11\n|\n|t:|1699823634\n|move|p2a: Chansey|Protect|p2a: Chansey\n|-singleturn|p2a: Chansey|Protect\n|move|p1a: Ninetales|Hypnosis|p2a: Chansey\n|-activate|p2a: Chansey|move: Protect\n|\n|-weather|none\n|upkeep\n|turn|12\n|\n|t:|1699823649\n|move|p1a: Ninetales|Hypnosis|p2a: Chansey|[miss]\n|-miss|p1a: Ninetales|p2a: Chansey\n|move|p2a: Chansey|Calm Mind|p2a: Chansey\n|-boost|p2a: Chansey|spa|1\n|-boost|p2a: Chansey|spd|1\n|\n|upkeep\n|turn|13\n|\n|t:|1699823656\n|move|p1a: Ninetales|Hypnosis|p2a: Chansey\n|-status|p2a: Chansey|slp|[from] move: Hypnosis\n|cant|p2a: Chansey|slp\n|\n|upkeep\n|turn|14\n|\n|t:|1699823668\n|switch|p1a: Great Tusk|Great Tusk|100\/100\n|-enditem|p1a: Great Tusk|Booster Energy\n|-activate|p1a: Great Tusk|ability: Protosynthesis|[fromitem]\n|-start|p1a: Great Tusk|protosynthesisatk\n|cant|p2a: Chansey|slp\n|\n|-sideend|p1: DeerPKMN|move: Aurora Veil\n|upkeep\n|turn|15\n|\n|t:|1699823678\n|move|p1a: Great Tusk|Bulk Up|p1a: Great Tusk\n|-boost|p1a: Great Tusk|atk|1\n|-boost|p1a: Great Tusk|def|1\n|cant|p2a: Chansey|slp\n|\n|upkeep\n|turn|16\n|\n|t:|1699823690\n|switch|p2a: Greninja|Greninja, M|100\/100\n|-damage|p2a: Greninja|88\/100|[from] Spikes\n|move|p1a: Great Tusk|Headlong Rush|p2a: Greninja\n|-damage|p2a: Greninja|0 fnt\n|-unboost|p1a: Great Tusk|def|1\n|-unboost|p1a: Great Tusk|spd|1\n|faint|p2a: Greninja\n|\n|upkeep\n|\n|t:|1699823701\n|switch|p2a: Chansey|Chansey, F|88\/100 slp\n|-damage|p2a: Chansey|76\/100 slp|[from] Spikes\n|turn|17\n|\n|t:|1699823705\n|move|p1a: Great Tusk|Headlong Rush|p2a: Chansey\n|-damage|p2a: Chansey|2\/100 slp\n|-unboost|p1a: Great Tusk|def|1\n|-unboost|p1a: Great Tusk|spd|1\n|-curestatus|p2a: Chansey|slp|[msg]\n|move|p2a: Chansey|Soft-Boiled|p2a: Chansey\n|-heal|p2a: Chansey|52\/100\n|\n|upkeep\n|turn|18\n|\n|t:|1699823714\n|move|p2a: Chansey|Protect|p2a: Chansey\n|-singleturn|p2a: Chansey|Protect\n|move|p1a: Great Tusk|Headlong Rush|p2a: Chansey\n|-activate|p2a: Chansey|move: Protect\n|\n|upkeep\n|turn|19\n|\n|t:|1699823728\n|move|p1a: Great Tusk|Headlong Rush|p2a: Chansey\n|-damage|p2a: Chansey|0 fnt\n|-unboost|p1a: Great Tusk|def|1\n|-unboost|p1a: Great Tusk|spd|1\n|faint|p2a: Chansey\n|\n|upkeep\n|\n|t:|1699823734\n|switch|p2a: Iron Moth|Iron Moth|100\/100\n|-damage|p2a: Iron Moth|88\/100|[from] Spikes\n|turn|20\n|\n|t:|1699823741\n|move|p2a: Iron Moth|Dazzling Gleam|p1a: Great Tusk\n|-supereffective|p1a: Great Tusk\n|-damage|p1a: Great Tusk|0 fnt\n|faint|p1a: Great Tusk\n|-end|p1a: Great Tusk|Protosynthesis|[silent]\n|\n|-heal|p2a: Iron Moth|94\/100|[from] item: Leftovers\n|upkeep\n|\n|t:|1699823748\n|switch|p1a: Garganacl|Garganacl, F|100\/100\n|turn|21\n|\n|t:|1699823753\n|-terastallize|p2a: Iron Moth|Fire\n|move|p2a: Iron Moth|Dazzling Gleam|p1a: Garganacl\n|-damage|p1a: Garganacl|72\/100\n|move|p1a: Garganacl|Salt Cure|p2a: Iron Moth\n|-supereffective|p2a: Iron Moth\n|-damage|p2a: Iron Moth|50\/100\n|-start|p2a: Iron Moth|Salt Cure\n|\n|-heal|p2a: Iron Moth|56\/100|[from] item: Leftovers\n|-heal|p1a: Garganacl|78\/100|[from] item: Leftovers\n|-damage|p2a: Iron Moth|43\/100|[from] Salt Cure\n|upkeep\n|turn|22\n|\n|t:|1699823776\n|move|p2a: Iron Moth|Energy Ball|p1a: Garganacl\n|-supereffective|p1a: Garganacl\n|-damage|p1a: Garganacl|17\/100\n|move|p1a: Garganacl|Recover|p1a: Garganacl\n|-heal|p1a: Garganacl|67\/100\n|\n|-heal|p2a: Iron Moth|49\/100|[from] item: Leftovers\n|-heal|p1a: Garganacl|73\/100|[from] item: Leftovers\n|-damage|p2a: Iron Moth|37\/100|[from] Salt Cure\n|upkeep\n|turn|23\n|\n|t:|1699823790\n|move|p2a: Iron Moth|Energy Ball|p1a: Garganacl\n|-supereffective|p1a: Garganacl\n|-damage|p1a: Garganacl|15\/100\n|move|p1a: Garganacl|Salt Cure|p2a: Iron Moth\n|-supereffective|p2a: Iron Moth\n|-damage|p2a: Iron Moth|0 fnt\n|faint|p2a: Iron Moth\n|-end|p2a: Iron Moth|Quark Drive|[silent]\n|\n|win|DeerPKMN\n|l| SirSpoops\n","uploadtime":1699823804,"views":18,"p1id":"deerpkmn","p2id":"soakey","formatid":"gen9ou","rating":0,"private":0,"password":""}