{"id":"gen9ou-1989923194","p1":"dumbo124","p2":"PLAYB0I R0BBIE B","format":"[Gen 9] OU","log":"|j|\u2606dumbo124\n|j|\u2606PLAYB0I R0BBIE B\n|t:|1699907070\n|gametype|singles\n|player|p1|dumbo124|266|1444\n|player|p2|PLAYB0I R0BBIE B|eusine|1400\n|teamsize|p1|6\n|teamsize|p2|6\n|gen|9\n|tier|[Gen 9] OU\n|rated|\n|rule|Sleep Clause Mod: Limit one foe put to sleep\n|rule|Species Clause: Limit one of each Pok\u00e9mon\n|rule|OHKO Clause: OHKO moves are banned\n|rule|Evasion Items Clause: Evasion items are banned\n|rule|Evasion Moves Clause: Evasion moves are banned\n|rule|Endless Battle Clause: Forcing endless battles is banned\n|rule|HP Percentage Mod: HP is shown in percentages\n|clearpoke\n|poke|p1|Rillaboom, F|\n|poke|p1|Sneasler, F|\n|poke|p1|Zamazenta-*|\n|poke|p1|Heatran, M|\n|poke|p1|Hatterene, F|\n|poke|p1|Manaphy|\n|poke|p2|Meowscarada, M|\n|poke|p2|Thundurus-Therian, M|\n|poke|p2|Volcanion|\n|poke|p2|Great Tusk|\n|poke|p2|Slowking-Galar, M|\n|poke|p2|Clefable, M|\n|teampreview\n|inactive|Battle timer is ON: inactive players will automatically lose when time's up. (requested by dumbo124)\n|\n|t:|1699907082\n|start\n|switch|p1a: Rillaboom|Rillaboom, F|100\/100\n|switch|p2a: Meowscarada|Meowscarada, M|100\/100\n|-fieldstart|move: Grassy Terrain|[from] ability: Grassy Surge|[of] p1a: Rillaboom\n|turn|1\n|\n|t:|1699907085\n|move|p2a: Meowscarada|U-turn|p1a: Rillaboom\n|-start|p2a: Meowscarada|typechange|Bug|[from] ability: Protean\n|-supereffective|p1a: Rillaboom\n|-damage|p1a: Rillaboom|0 fnt\n|faint|p1a: Rillaboom\n|\n|t:|1699907094\n|switch|p2a: Slowking|Slowking-Galar, M|100\/100|[from] U-turn\n|\n|upkeep\n|\n|t:|1699907103\n|switch|p1a: Sneasler|Sneasler, F|100\/100\n|-enditem|p1a: Sneasler|Grassy Seed\n|-boost|p1a: Sneasler|def|1|[from] item: Grassy Seed\n|turn|2\n|\n|t:|1699907107\n|move|p1a: Sneasler|Swords Dance|p1a: Sneasler\n|-boost|p1a: Sneasler|atk|2\n|move|p2a: Slowking|Thunder Wave|p1a: Sneasler\n|-status|p1a: Sneasler|par\n|\n|upkeep\n|turn|3\n|\n|t:|1699907109\n|move|p1a: Sneasler|Lash Out|p2a: Slowking\n|-supereffective|p2a: Slowking\n|-damage|p2a: Slowking|20\/100\n|move|p2a: Slowking|Future Sight|p1a: Sneasler\n|-start|p2a: Slowking|move: Future Sight\n|\n|-heal|p2a: Slowking|26\/100|[from] Grassy Terrain\n|upkeep\n|turn|4\n|\n|t:|1699907121\n|switch|p2a: Great Tusk|Great Tusk|100\/100\n|cant|p1a: Sneasler|par\n|\n|upkeep\n|turn|5\n|\n|t:|1699907137\n|-terastallize|p1a: Sneasler|Dark\n|cant|p1a: Sneasler|par\n|move|p2a: Great Tusk|Ice Spinner|p1a: Sneasler\n|-damage|p1a: Sneasler|72\/100 par\n|-fieldend|move: Grassy Terrain\n|\n|-end|p1a: Sneasler|move: Future Sight\n|-immune|p1a: Sneasler\n|upkeep\n|turn|6\n|\n|t:|1699907148\n|move|p1a: Sneasler|Dire Claw|p2a: Great Tusk\n|-resisted|p2a: Great Tusk\n|-damage|p2a: Great Tusk|68\/100\n|-status|p2a: Great Tusk|par\n|move|p2a: Great Tusk|Headlong Rush|p1a: Sneasler\n|-damage|p1a: Sneasler|4\/100 par\n|-unboost|p2a: Great Tusk|def|1\n|-unboost|p2a: Great Tusk|spd|1\n|\n|upkeep\n|turn|7\n|\n|t:|1699907161\n|move|p1a: Sneasler|Close Combat|p2a: Great Tusk\n|-damage|p2a: Great Tusk|0 fnt\n|-unboost|p1a: Sneasler|def|1\n|-unboost|p1a: Sneasler|spd|1\n|faint|p2a: Great Tusk\n|-end|p2a: Great Tusk|Protosynthesis|[silent]\n|\n|upkeep\n|\n|t:|1699907166\n|switch|p2a: Meowscarada|Meowscarada, M|100\/100\n|turn|8\n|\n|t:|1699907172\n|move|p2a: Meowscarada|U-turn|p1a: Sneasler\n|-start|p2a: Meowscarada|typechange|Bug|[from] ability: Protean\n|-supereffective|p1a: Sneasler\n|-damage|p1a: Sneasler|0 fnt\n|faint|p1a: Sneasler\n|\n|t:|1699907181\n|switch|p2a: Thundurus|Thundurus-Therian, M|100\/100|[from] U-turn\n|\n|upkeep\n|\n|t:|1699907187\n|switch|p1a: Heatran|Heatran, M|100\/100\n|-item|p1a: Heatran|Air Balloon\n|turn|9\n|\n|t:|1699907200\n|move|p2a: Thundurus|Volt Switch|p1a: Heatran\n|-damage|p1a: Heatran|65\/100\n|-enditem|p1a: Heatran|Air Balloon\n|\n|t:|1699907204\n|switch|p2a: Volcanion|Volcanion|100\/100|[from] Volt Switch\n|move|p1a: Heatran|Earth Power|p2a: Volcanion\n|-supereffective|p2a: Volcanion\n|-damage|p2a: Volcanion|40\/100\n|\n|upkeep\n|turn|10\n|\n|t:|1699907214\n|move|p2a: Volcanion|Steam Eruption|p1a: Heatran\n|-supereffective|p1a: Heatran\n|-damage|p1a: Heatran|0 fnt\n|faint|p1a: Heatran\n|\n|upkeep\n|\n|t:|1699907219\n|switch|p1a: Manaphy|Manaphy|100\/100\n|turn|11\n|\n|t:|1699907223\n|move|p1a: Manaphy|Take Heart|p1a: Manaphy\n|-boost|p1a: Manaphy|spa|1\n|-boost|p1a: Manaphy|spd|1\n|move|p2a: Volcanion|Taunt|p1a: Manaphy\n|-start|p1a: Manaphy|move: Taunt\n|\n|upkeep\n|turn|12\n|\n|t:|1699907227\n|switch|p2a: Meowscarada|Meowscarada, M|100\/100\n|move|p1a: Manaphy|Stored Power|p2a: Meowscarada\n|-immune|p2a: Meowscarada\n|\n|upkeep\n|turn|13\n|\n|t:|1699907241\n|move|p2a: Meowscarada|Flower Trick|p1a: Manaphy\n|-start|p2a: Meowscarada|typechange|Grass|[from] ability: Protean\n|-supereffective|p1a: Manaphy\n|-crit|p1a: Manaphy\n|-damage|p1a: Manaphy|0 fnt\n|faint|p1a: Manaphy\n|\n|upkeep\n|\n|t:|1699907242\n|switch|p1a: Zamazenta|Zamazenta|100\/100\n|-ability|p1a: Zamazenta|Dauntless Shield|boost\n|-boost|p1a: Zamazenta|def|1\n|turn|14\n|\n|t:|1699907247\n|switch|p2a: Volcanion|Volcanion|40\/100\n|move|p1a: Zamazenta|Iron Defense|p1a: Zamazenta\n|-boost|p1a: Zamazenta|def|2\n|\n|upkeep\n|turn|15\n|\n|t:|1699907251\n|move|p1a: Zamazenta|Body Press|p2a: Volcanion\n|-damage|p2a: Volcanion|0 fnt\n|faint|p2a: Volcanion\n|\n|upkeep\n|\n|t:|1699907252\n|switch|p2a: Clefable|Clefable, M|100\/100\n|turn|16\n|\n|t:|1699907256\n|move|p1a: Zamazenta|Heavy Slam|p2a: Clefable\n|-supereffective|p2a: Clefable\n|-damage|p2a: Clefable|28\/100\n|move|p2a: Clefable|Moonblast|p1a: Zamazenta\n|-supereffective|p1a: Zamazenta\n|-damage|p1a: Zamazenta|40\/100\n|\n|-heal|p1a: Zamazenta|46\/100|[from] item: Leftovers\n|-heal|p2a: Clefable|34\/100|[from] item: Leftovers\n|upkeep\n|turn|17\n|\n|t:|1699907261\n|move|p1a: Zamazenta|Heavy Slam|p2a: Clefable\n|-supereffective|p2a: Clefable\n|-damage|p2a: Clefable|0 fnt\n|faint|p2a: Clefable\n|\n|-heal|p1a: Zamazenta|52\/100|[from] item: Leftovers\n|upkeep\n|\n|t:|1699907264\n|switch|p2a: Thundurus|Thundurus-Therian, M|100\/100\n|turn|18\n|\n|t:|1699907273\n|switch|p1a: Hatterene|Hatterene, F|100\/100\n|-terastallize|p2a: Thundurus|Flying\n|move|p2a: Thundurus|Tera Blast|p1a: Hatterene|[anim] Tera Blast Flying\n|-damage|p1a: Hatterene|7\/100\n|\n|upkeep\n|turn|19\n|\n|t:|1699907276\n|move|p2a: Thundurus|Tera Blast|p1a: Hatterene|[anim] Tera Blast Flying\n|-damage|p1a: Hatterene|0 fnt\n|faint|p1a: Hatterene\n|\n|upkeep\n|\n|t:|1699907279\n|switch|p1a: Zamazenta|Zamazenta|52\/100\n|turn|20\n|-message|dumbo124 forfeited.\n|\n|win|PLAYB0I R0BBIE B\n|raw|dumbo124's rating: 1444 &rarr; <strong>1421<\/strong><br \/>(-23 for losing)\n|raw|PLAYB0I R0BBIE B's rating: 1400 &rarr; <strong>1423<\/strong><br \/>(+23 for winning)\n|l|\u2606dumbo124\n","uploadtime":1699907290,"views":9,"p1id":"dumbo124","p2id":"playb0ir0bbieb","formatid":"gen9ou","rating":1421,"private":0,"password":""}