{"id":"gen9ou-1997843531","p1":"PLLV51 Nemosse","p2":"TheNutmeg33","format":"[Gen 9] OU","log":"|j|\u2606PLLV51 Nemosse\n|j|\u2606TheNutmeg33\n|t:|1700858811\n|gametype|singles\n|player|p1|PLLV51 Nemosse|unknown|1565\n|player|p2|TheNutmeg33|102|1619\n|teamsize|p1|6\n|teamsize|p2|6\n|gen|9\n|tier|[Gen 9] OU\n|rated|\n|rule|Sleep Clause Mod: Limit one foe put to sleep\n|rule|Species Clause: Limit one of each Pok\u00e9mon\n|rule|OHKO Clause: OHKO moves are banned\n|rule|Evasion Items Clause: Evasion items are banned\n|rule|Evasion Moves Clause: Evasion moves are banned\n|rule|Endless Battle Clause: Forcing endless battles is banned\n|rule|HP Percentage Mod: HP is shown in percentages\n|clearpoke\n|poke|p1|Great Tusk|\n|poke|p1|Clodsire, F|\n|poke|p1|Gholdengo|\n|poke|p1|Dragapult, M|\n|poke|p1|Ogerpon-Wellspring, F|\n|poke|p1|Kingambit, F|\n|poke|p2|Iron Moth|\n|poke|p2|Great Tusk|\n|poke|p2|Clodsire, F|\n|poke|p2|Ceruledge, F|\n|poke|p2|Garganacl, M|\n|poke|p2|Corviknight, M|\n|teampreview\n|inactive|Battle timer is ON: inactive players will automatically lose when time's up. (requested by TheNutmeg33)\n|\n|t:|1700858839\n|start\n|switch|p1a: Ogerpon|Ogerpon-Wellspring, F|100\/100\n|switch|p2a: Garganacl|Garganacl, M, shiny|100\/100\n|turn|1\n|\n|t:|1700858844\n|-terastallize|p2a: Garganacl|Ghost\n|move|p1a: Ogerpon|Knock Off|p2a: Garganacl\n|-supereffective|p2a: Garganacl\n|-damage|p2a: Garganacl|55\/100\n|-enditem|p2a: Garganacl|Leftovers|[from] move: Knock Off|[of] p1a: Ogerpon\n|move|p2a: Garganacl|Salt Cure|p1a: Ogerpon\n|-damage|p1a: Ogerpon|82\/100\n|-start|p1a: Ogerpon|Salt Cure\n|\n|-damage|p1a: Ogerpon|57\/100|[from] Salt Cure\n|upkeep\n|turn|2\n|\n|t:|1700858852\n|move|p1a: Ogerpon|U-turn|p2a: Garganacl\n|-resisted|p2a: Garganacl\n|-damage|p2a: Garganacl|47\/100\n|\n|t:|1700858857\n|switch|p1a: Kingambit|Kingambit, F|100\/100|[from] U-turn\n|move|p2a: Garganacl|Recover|p2a: Garganacl\n|-heal|p2a: Garganacl|97\/100\n|\n|upkeep\n|turn|3\n|\n|t:|1700858864\n|-end|p1a: Kingambit|fallenundefined|[silent]\n|switch|p1a: Great Tusk|Great Tusk|100\/100\n|move|p2a: Garganacl|Salt Cure|p1a: Great Tusk\n|-resisted|p1a: Great Tusk\n|-damage|p1a: Great Tusk|99\/100\n|-start|p1a: Great Tusk|Salt Cure\n|\n|-heal|p1a: Great Tusk|100\/100|[from] item: Leftovers\n|-damage|p1a: Great Tusk|88\/100|[from] Salt Cure\n|upkeep\n|turn|4\n|\n|t:|1700858876\n|switch|p2a: Corviknight|Corviknight, M, shiny|100\/100\n|-ability|p2a: Corviknight|Pressure\n|move|p1a: Great Tusk|Stealth Rock|p2a: Corviknight\n|-sidestart|p2: TheNutmeg33|move: Stealth Rock\n|\n|-heal|p1a: Great Tusk|94\/100|[from] item: Leftovers\n|-damage|p1a: Great Tusk|82\/100|[from] Salt Cure\n|upkeep\n|turn|5\n|\n|t:|1700858880\n|-end|p1a: Great Tusk|Protosynthesis|[silent]\n|switch|p1a: Gholdengo|Gholdengo|100\/100\n|-item|p1a: Gholdengo|Air Balloon\n|move|p2a: Corviknight|U-turn|p1a: Gholdengo\n|-resisted|p1a: Gholdengo\n|-damage|p1a: Gholdengo|97\/100\n|-enditem|p1a: Gholdengo|Air Balloon\n|\n|t:|1700858887\n|switch|p2a: Great Tusk|Great Tusk, shiny|100\/100|[from] U-turn\n|-damage|p2a: Great Tusk|98\/100|[from] Stealth Rock\n|\n|upkeep\n|turn|6\n|\n|t:|1700858893\n|move|p2a: Great Tusk|Headlong Rush|p1a: Gholdengo\n|-supereffective|p1a: Gholdengo\n|-damage|p1a: Gholdengo|0 fnt\n|-unboost|p2a: Great Tusk|def|1\n|-unboost|p2a: Great Tusk|spd|1\n|faint|p1a: Gholdengo\n|\n|upkeep\n|\n|t:|1700858903\n|switch|p1a: Ogerpon|Ogerpon-Wellspring, F|57\/100\n|turn|7\n|\n|t:|1700858910\n|-end|p2a: Great Tusk|Protosynthesis|[silent]\n|switch|p2a: Corviknight|Corviknight, M, shiny|100\/100\n|-damage|p2a: Corviknight|88\/100|[from] Stealth Rock\n|-ability|p2a: Corviknight|Pressure\n|move|p1a: Ogerpon|Ivy Cudgel|p2a: Corviknight|[anim] Ivy Cudgel Water\n|-damage|p2a: Corviknight|54\/100\n|\n|upkeep\n|turn|8\n|\n|t:|1700858914\n|move|p1a: Ogerpon|Ivy Cudgel|p2a: Corviknight|[anim] Ivy Cudgel Water\n|-damage|p2a: Corviknight|19\/100\n|move|p2a: Corviknight|Roost|p2a: Corviknight\n|-heal|p2a: Corviknight|69\/100\n|-singleturn|p2a: Corviknight|move: Roost\n|\n|upkeep\n|turn|9\n|\n|t:|1700858918\n|move|p1a: Ogerpon|Knock Off|p2a: Corviknight\n|-damage|p2a: Corviknight|47\/100\n|-damage|p1a: Ogerpon|40\/100|[from] item: Rocky Helmet|[of] p2a: Corviknight\n|-enditem|p2a: Corviknight|Rocky Helmet|[from] move: Knock Off|[of] p1a: Ogerpon\n|move|p2a: Corviknight|Brave Bird|p1a: Ogerpon\n|-supereffective|p1a: Ogerpon\n|-damage|p1a: Ogerpon|0 fnt\n|faint|p1a: Ogerpon\n|-damage|p2a: Corviknight|37\/100|[from] Recoil\n|\n|upkeep\n|\n|t:|1700858929\n|switch|p1a: Dragapult|Dragapult, M|100\/100\n|turn|10\n|\n|t:|1700858934\n|-terastallize|p1a: Dragapult|Ghost\n|move|p1a: Dragapult|Shadow Ball|p2a: Corviknight\n|-damage|p2a: Corviknight|0 fnt\n|faint|p2a: Corviknight\n|\n|upkeep\n|\n|t:|1700858939\n|switch|p2a: Clodsire|Clodsire, F, shiny|100\/100\n|-damage|p2a: Clodsire|94\/100|[from] Stealth Rock\n|turn|11\n|\n|t:|1700858942\n|switch|p1a: Great Tusk|Great Tusk|82\/100\n|move|p2a: Clodsire|Toxic|p1a: Great Tusk\n|-status|p1a: Great Tusk|tox\n|\n|-heal|p1a: Great Tusk|88\/100 tox|[from] item: Leftovers\n|-heal|p2a: Clodsire|100\/100|[from] item: Black Sludge\n|-damage|p1a: Great Tusk|82\/100 tox|[from] psn\n|upkeep\n|turn|12\n|\n|t:|1700858951\n|-end|p1a: Great Tusk|Protosynthesis|[silent]\n|switch|p1a: Kingambit|Kingambit, F|100\/100\n|-activate|p1a: Kingambit|ability: Supreme Overlord\n|-start|p1a: Kingambit|fallen2|[silent]\n|switch|p2a: Garganacl|Garganacl, M, shiny, tera:Ghost|97\/100\n|-damage|p2a: Garganacl|85\/100|[from] Stealth Rock\n|\n|upkeep\n|turn|13\n|\n|t:|1700858958\n|move|p1a: Kingambit|Iron Head|p2a: Garganacl\n|-damage|p2a: Garganacl|57\/100\n|move|p2a: Garganacl|Salt Cure|p1a: Kingambit\n|-resisted|p1a: Kingambit\n|-damage|p1a: Kingambit|96\/100\n|-start|p1a: Kingambit|Salt Cure\n|\n|-damage|p1a: Kingambit|71\/100|[from] Salt Cure\n|upkeep\n|turn|14\n|\n|t:|1700858968\n|move|p1a: Kingambit|Iron Head|p2a: Garganacl\n|-damage|p2a: Garganacl|30\/100\n|move|p2a: Garganacl|Recover|p2a: Garganacl\n|-heal|p2a: Garganacl|80\/100\n|\n|-damage|p1a: Kingambit|46\/100|[from] Salt Cure\n|upkeep\n|turn|15\n|\n|t:|1700858975\n|-end|p1a: Kingambit|fallen2|[silent]\n|switch|p1a: Great Tusk|Great Tusk|82\/100 tox\n|move|p2a: Garganacl|Protect||[still]\n|-fail|p2a: Garganacl\n|\n|-heal|p1a: Great Tusk|88\/100 tox|[from] item: Leftovers\n|-damage|p1a: Great Tusk|82\/100 tox|[from] psn\n|upkeep\n|turn|16\n|\n|t:|1700859002\n|move|p1a: Great Tusk|Earthquake|p2a: Garganacl\n|-damage|p2a: Garganacl|54\/100\n|move|p2a: Garganacl|Salt Cure|p1a: Great Tusk\n|-resisted|p1a: Great Tusk\n|-damage|p1a: Great Tusk|80\/100 tox\n|-start|p1a: Great Tusk|Salt Cure\n|\n|-heal|p1a: Great Tusk|86\/100 tox|[from] item: Leftovers\n|-damage|p1a: Great Tusk|74\/100 tox|[from] psn\n|-damage|p1a: Great Tusk|62\/100 tox|[from] Salt Cure\n|upkeep\n|turn|17\n|\n|t:|1700859006\n|-end|p1a: Great Tusk|Protosynthesis|[silent]\n|switch|p1a: Kingambit|Kingambit, F|46\/100\n|-activate|p1a: Kingambit|ability: Supreme Overlord\n|-start|p1a: Kingambit|fallen2|[silent]\n|move|p2a: Garganacl|Recover|p2a: Garganacl\n|-heal|p2a: Garganacl|100\/100\n|\n|upkeep\n|turn|18\n|inactive|PLLV51 Nemosse has 120 seconds left.\n|\n|t:|1700859037\n|move|p1a: Kingambit|Kowtow Cleave|p2a: Garganacl\n|-supereffective|p2a: Garganacl\n|-damage|p2a: Garganacl|41\/100\n|move|p2a: Garganacl|Salt Cure|p1a: Kingambit\n|-resisted|p1a: Kingambit\n|-damage|p1a: Kingambit|41\/100\n|-start|p1a: Kingambit|Salt Cure\n|\n|-damage|p1a: Kingambit|16\/100|[from] Salt Cure\n|upkeep\n|turn|19\n|\n|t:|1700859049\n|move|p1a: Kingambit|Kowtow Cleave|p2a: Garganacl\n|-supereffective|p2a: Garganacl\n|-damage|p2a: Garganacl|0 fnt\n|faint|p2a: Garganacl\n|\n|-damage|p1a: Kingambit|0 fnt|[from] Salt Cure\n|faint|p1a: Kingambit\n|-end|p1a: Kingambit|fallen2|[silent]\n|upkeep\n|\n|t:|1700859054\n|switch|p1a: Dragapult|Dragapult, M, tera:Ghost|100\/100\n|switch|p2a: Great Tusk|Great Tusk, shiny|98\/100\n|-damage|p2a: Great Tusk|95\/100|[from] Stealth Rock\n|turn|20\n|\n|t:|1700859061\n|-end|p2a: Great Tusk|Protosynthesis|[silent]\n|switch|p2a: Clodsire|Clodsire, F, shiny|100\/100\n|-damage|p2a: Clodsire|94\/100|[from] Stealth Rock\n|move|p1a: Dragapult|Draco Meteor|p2a: Clodsire\n|-damage|p2a: Clodsire|48\/100\n|-unboost|p1a: Dragapult|spa|2\n|\n|-heal|p2a: Clodsire|54\/100|[from] item: Black Sludge\n|upkeep\n|turn|21\n|\n|t:|1700859070\n|move|p1a: Dragapult|Draco Meteor|p2a: Clodsire\n|-damage|p2a: Clodsire|33\/100\n|-unboost|p1a: Dragapult|spa|2\n|move|p2a: Clodsire|Recover|p2a: Clodsire\n|-heal|p2a: Clodsire|83\/100\n|\n|-heal|p2a: Clodsire|89\/100|[from] item: Black Sludge\n|upkeep\n|turn|22\n|\n|t:|1700859073\n|switch|p1a: Great Tusk|Great Tusk|62\/100 tox\n|move|p2a: Clodsire|Toxic|p1a: Great Tusk\n|-fail|p1a: Great Tusk|tox\n|\n|-heal|p1a: Great Tusk|68\/100 tox|[from] item: Leftovers\n|-heal|p2a: Clodsire|95\/100|[from] item: Black Sludge\n|-damage|p1a: Great Tusk|62\/100 tox|[from] psn\n|upkeep\n|turn|23\n|\n|t:|1700859085\n|switch|p2a: Great Tusk|Great Tusk, shiny|95\/100\n|-damage|p2a: Great Tusk|92\/100|[from] Stealth Rock\n|move|p1a: Great Tusk|Earthquake|p2a: Great Tusk\n|-damage|p2a: Great Tusk|62\/100\n|\n|-heal|p1a: Great Tusk|68\/100 tox|[from] item: Leftovers\n|-damage|p1a: Great Tusk|55\/100 tox|[from] psn\n|upkeep\n|turn|24\n|\n|t:|1700859090\n|-end|p1a: Great Tusk|Protosynthesis|[silent]\n|switch|p1a: Dragapult|Dragapult, M, tera:Ghost|100\/100\n|move|p2a: Great Tusk|Ice Spinner|p1a: Dragapult\n|-damage|p1a: Dragapult|61\/100\n|\n|upkeep\n|turn|25\n|\n|t:|1700859097\n|-end|p2a: Great Tusk|Protosynthesis|[silent]\n|switch|p2a: Clodsire|Clodsire, F, shiny|95\/100\n|-damage|p2a: Clodsire|89\/100|[from] Stealth Rock\n|move|p1a: Dragapult|Shadow Ball|p2a: Clodsire\n|-damage|p2a: Clodsire|51\/100\n|\n|-heal|p2a: Clodsire|57\/100|[from] item: Black Sludge\n|upkeep\n|turn|26\n|\n|t:|1700859099\n|move|p1a: Dragapult|Shadow Ball|p2a: Clodsire\n|-damage|p2a: Clodsire|17\/100\n|-unboost|p2a: Clodsire|spd|1\n|move|p2a: Clodsire|Earthquake|p1a: Dragapult\n|-damage|p1a: Dragapult|24\/100\n|\n|-heal|p2a: Clodsire|23\/100|[from] item: Black Sludge\n|upkeep\n|turn|27\n|\n|t:|1700859108\n|move|p1a: Dragapult|Shadow Ball|p2a: Clodsire\n|-damage|p2a: Clodsire|0 fnt\n|faint|p2a: Clodsire\n|\n|upkeep\n|\n|t:|1700859119\n|switch|p2a: Ceruledge|Ceruledge, F, shiny|100\/100\n|-damage|p2a: Ceruledge|76\/100|[from] Stealth Rock\n|turn|28\n|\n|t:|1700859128\n|switch|p1a: Clodsire|Clodsire, F|100\/100\n|move|p2a: Ceruledge|Shadow Sneak|p1a: Clodsire\n|-damage|p1a: Clodsire|78\/100\n|\n|-heal|p1a: Clodsire|84\/100|[from] item: Leftovers\n|upkeep\n|turn|29\n|\n|t:|1700859131\n|move|p2a: Ceruledge|Swords Dance|p2a: Ceruledge\n|-boost|p2a: Ceruledge|atk|2\n|move|p1a: Clodsire|Earthquake|p2a: Ceruledge\n|-supereffective|p2a: Ceruledge\n|-damage|p2a: Ceruledge|0 fnt\n|faint|p2a: Ceruledge\n|\n|-heal|p1a: Clodsire|90\/100|[from] item: Leftovers\n|upkeep\n|\n|t:|1700859138\n|switch|p2a: Great Tusk|Great Tusk, shiny|62\/100\n|-damage|p2a: Great Tusk|59\/100|[from] Stealth Rock\n|turn|30\n|\n|t:|1700859146\n|move|p2a: Great Tusk|Headlong Rush|p1a: Clodsire\n|-supereffective|p1a: Clodsire\n|-damage|p1a: Clodsire|0 fnt\n|-unboost|p2a: Great Tusk|def|1\n|-unboost|p2a: Great Tusk|spd|1\n|faint|p1a: Clodsire\n|\n|upkeep\n|\n|t:|1700859149\n|switch|p1a: Dragapult|Dragapult, M, tera:Ghost|24\/100\n|turn|31\n|\n|t:|1700859153\n|move|p1a: Dragapult|Shadow Ball|p2a: Great Tusk\n|-damage|p2a: Great Tusk|0 fnt\n|faint|p2a: Great Tusk\n|-end|p2a: Great Tusk|Protosynthesis|[silent]\n|\n|upkeep\n|\n|t:|1700859155\n|switch|p2a: Iron Moth|Iron Moth, shiny|100\/100\n|-damage|p2a: Iron Moth|76\/100|[from] Stealth Rock\n|-enditem|p2a: Iron Moth|Booster Energy\n|-activate|p2a: Iron Moth|ability: Quark Drive|[fromitem]\n|-start|p2a: Iron Moth|quarkdrivespe\n|turn|32\n|\n|t:|1700859158\n|move|p2a: Iron Moth|Fiery Dance|p1a: Dragapult\n|-damage|p1a: Dragapult|0 fnt\n|-boost|p2a: Iron Moth|spa|1\n|faint|p1a: Dragapult\n|\n|upkeep\n|\n|t:|1700859160\n|switch|p1a: Great Tusk|Great Tusk|55\/100 tox\n|turn|33\n|\n|t:|1700859162\n|move|p2a: Iron Moth|Energy Ball|p1a: Great Tusk\n|-supereffective|p1a: Great Tusk\n|-damage|p1a: Great Tusk|0 fnt\n|faint|p1a: Great Tusk\n|-end|p1a: Great Tusk|Protosynthesis|[silent]\n|\n|win|TheNutmeg33\n|raw|PLLV51 Nemosse's rating: 1565 &rarr; <strong>1548<\/strong><br \/>(-17 for losing)\n|raw|TheNutmeg33's rating: 1619 &rarr; <strong>1636<\/strong><br \/>(+17 for winning)\n|l|\u2606PLLV51 Nemosse\n","uploadtime":1700859182,"views":14,"p1id":"pllv51nemosse","p2id":"thenutmeg33","formatid":"gen9ou","rating":1548,"private":0,"password":""}