{"id":"gen9ou-1996783262","p1":"pelukas","p2":"AkiDes","format":"[Gen 9] OU","log":"|j|\u2606pelukas\n|j|\u2606AkiDes\n|t:|1700724609\n|gametype|singles\n|player|p1|pelukas|grimsley|1131\n|player|p2|AkiDes|cilan|1213\n|teamsize|p1|6\n|teamsize|p2|6\n|gen|9\n|tier|[Gen 9] OU\n|rated|\n|rule|Sleep Clause Mod: Limit one foe put to sleep\n|rule|Species Clause: Limit one of each Pok\u00e9mon\n|rule|OHKO Clause: OHKO moves are banned\n|rule|Evasion Items Clause: Evasion items are banned\n|rule|Evasion Moves Clause: Evasion moves are banned\n|rule|Endless Battle Clause: Forcing endless battles is banned\n|rule|HP Percentage Mod: HP is shown in percentages\n|clearpoke\n|poke|p1|Hoopa-Unbound|\n|poke|p1|Hydreigon, M|\n|poke|p1|Moltres-Galar|\n|poke|p1|Ting-Lu|\n|poke|p1|Qwilfish-Hisui, M|\n|poke|p1|Meowscarada, F|\n|poke|p2|Greninja-*, M|\n|poke|p2|Dragonite, F|\n|poke|p2|Cinderace, M|\n|poke|p2|Mandibuzz, F|\n|poke|p2|Jolteon, F|\n|poke|p2|Gengar, M|\n|teampreview\n|inactive|Battle timer is ON: inactive players will automatically lose when time's up. (requested by pelukas)\n|c|\u2606AkiDes|:0 Monotype\n|\n|t:|1700724630\n|start\n|switch|p1a: Meowscarada|Meowscarada, F|100\/100\n|switch|p2a: Jarcres|Jolteon, F|100\/100\n|turn|1\n|\n|t:|1700724642\n|move|p1a: Meowscarada|Flower Trick|p2a: Jarcres\n|-start|p1a: Meowscarada|typechange|Grass|[from] ability: Protean\n|-crit|p2a: Jarcres\n|-damage|p2a: Jarcres|0 fnt\n|faint|p2a: Jarcres\n|\n|upkeep\n|\n|t:|1700724652\n|switch|p2a: SIUUUU|Cinderace, M|100\/100\n|turn|2\n|\n|t:|1700724657\n|switch|p1a: Qwilfish|Qwilfish-Hisui, M|100\/100\n|-ability|p1a: Qwilfish|Intimidate|boost\n|-unboost|p2a: SIUUUU|atk|1\n|move|p2a: SIUUUU|Pyro Ball|p1a: Qwilfish\n|-damage|p1a: Qwilfish|80\/100\n|\n|upkeep\n|turn|3\n|\n|t:|1700724668\n|move|p2a: SIUUUU|U-turn|p1a: Qwilfish\n|-start|p2a: SIUUUU|typechange|Bug|[from] ability: Libero\n|-damage|p1a: Qwilfish|68\/100\n|\n|t:|1700724676\n|switch|p2a: Cacahuate|Dragonite, F|100\/100|[from] U-turn\n|move|p1a: Qwilfish|Toxic Spikes|p2a: Cacahuate\n|-sidestart|p2: AkiDes|move: Toxic Spikes\n|\n|upkeep\n|turn|4\n|\n|t:|1700724688\n|switch|p1a: Moltres|Moltres-Galar|100\/100\n|move|p2a: Cacahuate|Dragon Dance|p2a: Cacahuate\n|-boost|p2a: Cacahuate|atk|1\n|-boost|p2a: Cacahuate|spe|1\n|\n|upkeep\n|turn|5\n|\n|t:|1700724703\n|move|p2a: Cacahuate|Dragon Dance|p2a: Cacahuate\n|-boost|p2a: Cacahuate|atk|1\n|-boost|p2a: Cacahuate|spe|1\n|move|p1a: Moltres|Fiery Wrath|p2a: Cacahuate\n|-damage|p2a: Cacahuate|78\/100\n|\n|upkeep\n|turn|6\n|\n|t:|1700724715\n|-terastallize|p2a: Cacahuate|Normal\n|-terastallize|p1a: Moltres|Steel\n|move|p2a: Cacahuate|Extreme Speed|p1a: Moltres\n|-resisted|p1a: Moltres\n|-damage|p1a: Moltres|47\/100\n|-ability|p1a: Moltres|Berserk|boost\n|-boost|p1a: Moltres|spa|1\n|move|p1a: Moltres|Fiery Wrath|p2a: Cacahuate\n|-damage|p2a: Cacahuate|5\/100\n|\n|upkeep\n|turn|7\n|\n|t:|1700724730\n|switch|p1a: Qwilfish|Qwilfish-Hisui, M|68\/100\n|-ability|p1a: Qwilfish|Intimidate|boost\n|-unboost|p2a: Cacahuate|atk|1\n|move|p2a: Cacahuate|Earthquake|p1a: Qwilfish\n|-supereffective|p1a: Qwilfish\n|-damage|p1a: Qwilfish|8\/100\n|\n|upkeep\n|turn|8\n|\n|t:|1700724740\n|move|p2a: Cacahuate|Extreme Speed|p1a: Qwilfish\n|-damage|p1a: Qwilfish|0 fnt\n|faint|p1a: Qwilfish\n|\n|upkeep\n|\n|t:|1700724747\n|switch|p1a: Ting-Lu|Ting-Lu|100\/100\n|-ability|p1a: Ting-Lu|Vessel of Ruin\n|turn|9\n|\n|t:|1700724757\n|move|p2a: Cacahuate|Extreme Speed|p1a: Ting-Lu\n|-damage|p1a: Ting-Lu|59\/100\n|move|p1a: Ting-Lu|Heavy Slam|p2a: Cacahuate\n|-damage|p2a: Cacahuate|0 fnt\n|faint|p2a: Cacahuate\n|\n|-heal|p1a: Ting-Lu|65\/100|[from] item: Leftovers\n|upkeep\n|\n|t:|1700724765\n|switch|p2a: Clefable? ._.|Gengar, M|100\/100\n|-sideend|p2: AkiDes|move: Toxic Spikes|[of] p2a: Clefable? ._.\n|turn|10\n|\n|t:|1700724770\n|move|p2a: Clefable? ._.|Substitute|p2a: Clefable? ._.\n|-start|p2a: Clefable? ._.|Substitute\n|-damage|p2a: Clefable? ._.|76\/100\n|move|p1a: Ting-Lu|Earthquake|p2a: Clefable? ._.\n|-supereffective|p2a: Clefable? ._.\n|-end|p2a: Clefable? ._.|Substitute\n|\n|-heal|p2a: Clefable? ._.|82\/100|[from] item: Leftovers\n|-heal|p1a: Ting-Lu|71\/100|[from] item: Leftovers\n|upkeep\n|turn|11\n|\n|t:|1700724789\n|move|p2a: Clefable? ._.|Destiny Bond|p2a: Clefable? ._.\n|-singlemove|p2a: Clefable? ._.|Destiny Bond\n|move|p1a: Ting-Lu|Earthquake|p2a: Clefable? ._.\n|-supereffective|p2a: Clefable? ._.\n|-damage|p2a: Clefable? ._.|0 fnt\n|faint|p2a: Clefable? ._.\n|-activate|p2a: Clefable? ._.|move: Destiny Bond\n|faint|p1a: Ting-Lu\n|\n|upkeep\n|\n|t:|1700724801\n|switch|p2a: SIUUUU|Cinderace, M|100\/100\n|switch|p1a: Meowscarada|Meowscarada, F|100\/100\n|turn|12\n|\n|t:|1700724816\n|move|p1a: Meowscarada|Knock Off|p2a: SIUUUU\n|-start|p1a: Meowscarada|typechange|Dark|[from] ability: Protean\n|-damage|p2a: SIUUUU|37\/100\n|-enditem|p2a: SIUUUU|Assault Vest|[from] move: Knock Off|[of] p1a: Meowscarada\n|move|p2a: SIUUUU|Pyro Ball|p1a: Meowscarada\n|-damage|p1a: Meowscarada|12\/100\n|\n|upkeep\n|turn|13\n|\n|t:|1700724826\n|switch|p1a: Hydreigon|Hydreigon, M, shiny|100\/100\n|move|p2a: SIUUUU|Sucker Punch||[still]\n|-fail|p2a: SIUUUU\n|\n|upkeep\n|turn|14\n|\n|t:|1700724834\n|move|p2a: SIUUUU|High Jump Kick|p1a: Hydreigon\n|-start|p2a: SIUUUU|typechange|Fighting|[from] ability: Libero\n|-supereffective|p1a: Hydreigon\n|-damage|p1a: Hydreigon|0 fnt\n|faint|p1a: Hydreigon\n|\n|upkeep\n|\n|t:|1700724843\n|switch|p1a: Moltres|Moltres-Galar, tera:Steel|47\/100\n|turn|15\n|\n|t:|1700724848\n|move|p2a: SIUUUU|Pyro Ball|p1a: Moltres\n|-supereffective|p1a: Moltres\n|-damage|p1a: Moltres|0 fnt\n|faint|p1a: Moltres\n|\n|upkeep\n|\n|t:|1700724852\n|switch|p1a: Hoopa|Hoopa-Unbound|100\/100\n|turn|16\n|\n|t:|1700724859\n|move|p2a: SIUUUU|U-turn|p1a: Hoopa\n|-supereffective|p1a: Hoopa\n|-damage|p1a: Hoopa|0 fnt\n|faint|p1a: Hoopa\n|\n|t:|1700724866\n|switch|p2a: Festin celestial|Mandibuzz, F|100\/100|[from] U-turn\n|\n|upkeep\n|\n|t:|1700724871\n|switch|p1a: Meowscarada|Meowscarada, F|12\/100\n|turn|17\n|\n|t:|1700724879\n|move|p1a: Meowscarada|Low Kick|p2a: Festin celestial\n|-start|p1a: Meowscarada|typechange|Fighting|[from] ability: Protean\n|-damage|p2a: Festin celestial|85\/100\n|move|p2a: Festin celestial|Foul Play|p1a: Meowscarada\n|-resisted|p1a: Meowscarada\n|-crit|p1a: Meowscarada\n|-damage|p1a: Meowscarada|0 fnt\n|faint|p1a: Meowscarada\n|\n|win|AkiDes\n|raw|pelukas's rating: 1131 &rarr; <strong>1112<\/strong><br \/>(-19 for losing)\n|raw|AkiDes's rating: 1213 &rarr; <strong>1232<\/strong><br \/>(+19 for winning)\n|c|\u2606AkiDes|gg\n","uploadtime":1700724891,"views":2,"p1id":"pelukas","p2id":"akides","formatid":"gen9ou","rating":1112,"private":0,"password":""}