{"id":"gen9ou-1990468916","p1":"spiderkitty410","p2":"Dirlebanger","format":"[Gen 9] OU","log":"|j|\u2606spiderkitty410\n|j|\u2606Dirlebanger\n|t:|1699973828\n|gametype|singles\n|player|p1|spiderkitty410|brendan|1330\n|player|p2|Dirlebanger|rocketgrunt|1270\n|teamsize|p1|6\n|teamsize|p2|6\n|gen|9\n|tier|[Gen 9] OU\n|rated|\n|rule|Sleep Clause Mod: Limit one foe put to sleep\n|rule|Species Clause: Limit one of each Pok\u00e9mon\n|rule|OHKO Clause: OHKO moves are banned\n|rule|Evasion Items Clause: Evasion items are banned\n|rule|Evasion Moves Clause: Evasion moves are banned\n|rule|Endless Battle Clause: Forcing endless battles is banned\n|rule|HP Percentage Mod: HP is shown in percentages\n|clearpoke\n|poke|p1|Maushold-Four|\n|poke|p1|Ninetales-Alola, M|\n|poke|p1|Zamazenta-*|\n|poke|p1|Ogerpon-Wellspring, F|\n|poke|p1|Iron Valiant|\n|poke|p1|Dragapult, F|\n|poke|p2|Grimmsnarl, M|\n|poke|p2|Gholdengo|\n|poke|p2|Ogerpon-Wellspring, F|\n|poke|p2|Heatran, M|\n|poke|p2|Landorus-Therian, M|\n|poke|p2|Hatterene, F|\n|teampreview\n|\n|t:|1699973837\n|start\n|switch|p1a: Ninetales|Ninetales-Alola, M|100\/100\n|switch|p2a: Heatran|Heatran, M|100\/100\n|-weather|Snow|[from] ability: Snow Warning|[of] p1a: Ninetales\n|turn|1\n|\n|t:|1699973842\n|move|p1a: Ninetales|Aurora Veil|p1a: Ninetales\n|-sidestart|p1: spiderkitty410|move: Aurora Veil\n|move|p2a: Heatran|Stealth Rock|p1a: Ninetales\n|-sidestart|p1: spiderkitty410|move: Stealth Rock\n|\n|-weather|Snow|[upkeep]\n|upkeep\n|turn|2\n|\n|t:|1699973847\n|move|p1a: Ninetales|Encore|p2a: Heatran\n|-start|p2a: Heatran|Encore\n|move|p2a: Heatran|Stealth Rock||[still]\n|-fail|p2a: Heatran\n|\n|-weather|Snow|[upkeep]\n|upkeep\n|turn|3\n|\n|t:|1699973859\n|switch|p1a: Maushold|Maushold-Four|100\/100\n|-damage|p1a: Maushold|88\/100|[from] Stealth Rock\n|switch|p2a: Grimmsnarl|Grimmsnarl, M|100\/100\n|\n|-weather|Snow|[upkeep]\n|upkeep\n|turn|4\n|\n|t:|1699973874\n|move|p2a: Grimmsnarl|Trick|p1a: Maushold\n|-activate|p2a: Grimmsnarl|move: Trick|[of] p1a: Maushold\n|-item|p1a: Maushold|Choice Band|[from] move: Trick\n|-item|p2a: Grimmsnarl|Wide Lens|[from] move: Trick\n|move|p1a: Maushold|Tidy Up|p1a: Maushold\n|-sideend|p1: spiderkitty410|Stealth Rock\n|-activate|p1a: Maushold|move: Tidy Up\n|-boost|p1a: Maushold|atk|1\n|-boost|p1a: Maushold|spe|1\n|\n|-weather|Snow|[upkeep]\n|upkeep\n|turn|5\n|j| Serene Art\n|\n|t:|1699973922\n|switch|p1a: Ogerpon|Ogerpon-Wellspring, F|100\/100\n|move|p2a: Grimmsnarl|Parting Shot|p1a: Ogerpon\n|-unboost|p1a: Ogerpon|atk|1\n|-unboost|p1a: Ogerpon|spa|1\n|\n|t:|1699973931\n|switch|p2a: Landorus|Landorus-Therian, M|100\/100|[from] Parting Shot\n|-ability|p2a: Landorus|Intimidate|boost\n|-unboost|p1a: Ogerpon|atk|1\n|\n|-weather|none\n|upkeep\n|turn|6\n|\n|t:|1699973936\n|switch|p1a: Zamazenta|Zamazenta|100\/100\n|-ability|p1a: Zamazenta|Dauntless Shield|boost\n|-boost|p1a: Zamazenta|def|1\n|move|p2a: Landorus|U-turn|p1a: Zamazenta\n|-resisted|p1a: Zamazenta\n|-damage|p1a: Zamazenta|97\/100\n|\n|t:|1699973951\n|switch|p2a: Grimmsnarl|Grimmsnarl, M|100\/100|[from] U-turn\n|\n|upkeep\n|turn|7\n|\n|t:|1699973956\n|move|p2a: Grimmsnarl|Parting Shot|p1a: Zamazenta\n|-unboost|p1a: Zamazenta|atk|1\n|-unboost|p1a: Zamazenta|spa|1\n|\n|t:|1699973966\n|switch|p2a: Landorus|Landorus-Therian, M|100\/100|[from] Parting Shot\n|-ability|p2a: Landorus|Intimidate|boost\n|-unboost|p1a: Zamazenta|atk|1\n|move|p1a: Zamazenta|Close Combat|p2a: Landorus\n|-resisted|p2a: Landorus\n|-damage|p2a: Landorus|85\/100\n|-unboost|p1a: Zamazenta|def|1\n|-unboost|p1a: Zamazenta|spd|1\n|\n|upkeep\n|turn|8\n|\n|t:|1699973978\n|move|p2a: Landorus|U-turn|p1a: Zamazenta\n|-resisted|p1a: Zamazenta\n|-damage|p1a: Zamazenta|90\/100\n|\n|t:|1699973986\n|switch|p2a: Gholdengo|Gholdengo|100\/100|[from] U-turn\n|move|p1a: Zamazenta|Ice Fang|p2a: Gholdengo\n|-resisted|p2a: Gholdengo\n|-damage|p2a: Gholdengo|94\/100\n|\n|-sideend|p1: spiderkitty410|move: Aurora Veil\n|upkeep\n|turn|9\n|\n|t:|1699973993\n|switch|p1a: Ogerpon|Ogerpon-Wellspring, F|100\/100\n|move|p2a: Gholdengo|Make It Rain|p1a: Ogerpon\n|-resisted|p1a: Ogerpon\n|-damage|p1a: Ogerpon|37\/100\n|-unboost|p2a: Gholdengo|spa|1\n|\n|upkeep\n|turn|10\n|\n|t:|1699974001\n|move|p1a: Ogerpon|Swords Dance|p1a: Ogerpon\n|-boost|p1a: Ogerpon|atk|2\n|move|p2a: Gholdengo|Make It Rain|p1a: Ogerpon\n|-resisted|p1a: Ogerpon\n|-damage|p1a: Ogerpon|0 fnt\n|-unboost|p2a: Gholdengo|spa|1\n|faint|p1a: Ogerpon\n|\n|upkeep\n|\n|t:|1699974011\n|switch|p1a: Dragapult|Dragapult, F|100\/100\n|turn|11\n|\n|t:|1699974020\n|switch|p2a: Grimmsnarl|Grimmsnarl, M|100\/100\n|move|p1a: Dragapult|Thunder Wave|p2a: Grimmsnarl\n|-status|p2a: Grimmsnarl|par\n|\n|upkeep\n|turn|12\n|\n|t:|1699974025\n|move|p1a: Dragapult|Hex|p2a: Grimmsnarl\n|-resisted|p2a: Grimmsnarl\n|-damage|p2a: Grimmsnarl|72\/100 par\n|move|p2a: Grimmsnarl|Play Rough|p1a: Dragapult\n|-supereffective|p1a: Dragapult\n|-enditem|p1a: Dragapult|Focus Sash\n|-damage|p1a: Dragapult|1\/100\n|\n|upkeep\n|turn|13\n|\n|t:|1699974035\n|move|p2a: Grimmsnarl|Sucker Punch|p1a: Dragapult\n|-supereffective|p1a: Dragapult\n|-damage|p1a: Dragapult|0 fnt\n|faint|p1a: Dragapult\n|\n|upkeep\n|\n|t:|1699974038\n|switch|p1a: Maushold|Maushold-Four|88\/100\n|turn|14\n|\n|t:|1699974044\n|move|p2a: Grimmsnarl|Parting Shot|p1a: Maushold\n|-unboost|p1a: Maushold|atk|1\n|-unboost|p1a: Maushold|spa|1\n|\n|t:|1699974047\n|switch|p2a: Gholdengo|Gholdengo|94\/100|[from] Parting Shot\n|move|p1a: Maushold|Bite|p2a: Gholdengo\n|-supereffective|p2a: Gholdengo\n|-damage|p2a: Gholdengo|44\/100\n|\n|upkeep\n|turn|15\n|\n|t:|1699974056\n|switch|p2a: Landorus|Landorus-Therian, M|85\/100\n|-ability|p2a: Landorus|Intimidate|boost\n|-unboost|p1a: Maushold|atk|1\n|move|p1a: Maushold|Bite|p2a: Landorus\n|-damage|p2a: Landorus|64\/100\n|\n|upkeep\n|turn|16\n|\n|t:|1699974063\n|switch|p1a: Ninetales|Ninetales-Alola, M|100\/100\n|-weather|Snow|[from] ability: Snow Warning|[of] p1a: Ninetales\n|move|p2a: Landorus|Earthquake|p1a: Ninetales\n|-damage|p1a: Ninetales|45\/100\n|\n|-weather|Snow|[upkeep]\n|upkeep\n|turn|17\n|\n|t:|1699974077\n|switch|p1a: Zamazenta|Zamazenta|90\/100\n|move|p2a: Landorus|Earthquake|p1a: Zamazenta\n|-damage|p1a: Zamazenta|33\/100\n|\n|-weather|Snow|[upkeep]\n|upkeep\n|turn|18\n|\n|t:|1699974084\n|move|p2a: Landorus|Earthquake|p1a: Zamazenta\n|-damage|p1a: Zamazenta|0 fnt\n|faint|p1a: Zamazenta\n|\n|-weather|Snow|[upkeep]\n|upkeep\n|\n|t:|1699974086\n|switch|p1a: Iron Valiant|Iron Valiant|100\/100\n|-enditem|p1a: Iron Valiant|Booster Energy\n|-activate|p1a: Iron Valiant|ability: Quark Drive|[fromitem]\n|-start|p1a: Iron Valiant|quarkdrivespe\n|turn|19\n|\n|t:|1699974092\n|switch|p2a: Hatterene|Hatterene, F|100\/100\n|move|p1a: Iron Valiant|Moonblast|p2a: Hatterene\n|-damage|p2a: Hatterene|51\/100\n|-enditem|p2a: Hatterene|Eject Button\n|\n|t:|1699974099\n|switch|p2a: Heatran|Heatran, M|100\/100\n|\n|-weather|Snow|[upkeep]\n|upkeep\n|turn|20\n|\n|t:|1699974108\n|move|p1a: Iron Valiant|Calm Mind|p1a: Iron Valiant\n|-boost|p1a: Iron Valiant|spa|1\n|-boost|p1a: Iron Valiant|spd|1\n|move|p2a: Heatran|Magma Storm|p1a: Iron Valiant\n|-damage|p1a: Iron Valiant|45\/100\n|-activate|p1a: Iron Valiant|move: Magma Storm|[of] p2a: Heatran\n|\n|-weather|none\n|-damage|p1a: Iron Valiant|33\/100|[from] move: Magma Storm|[partiallytrapped]\n|upkeep\n|turn|21\n|\n|t:|1699974118\n|move|p1a: Iron Valiant|Thunderbolt|p2a: Heatran\n|-damage|p2a: Heatran|71\/100\n|-status|p2a: Heatran|par\n|move|p2a: Heatran|Stealth Rock|p1a: Iron Valiant\n|-sidestart|p1: spiderkitty410|move: Stealth Rock\n|\n|-heal|p2a: Heatran|77\/100 par|[from] item: Leftovers\n|-damage|p1a: Iron Valiant|20\/100|[from] move: Magma Storm|[partiallytrapped]\n|upkeep\n|turn|22\n|\n|t:|1699974126\n|move|p1a: Iron Valiant|Thunderbolt|p2a: Heatran\n|-damage|p2a: Heatran|51\/100 par\n|move|p2a: Heatran|Earth Power|p1a: Iron Valiant\n|-damage|p1a: Iron Valiant|0 fnt\n|faint|p1a: Iron Valiant\n|-end|p1a: Iron Valiant|Quark Drive|[silent]\n|\n|-heal|p2a: Heatran|57\/100 par|[from] item: Leftovers\n|upkeep\n|\n|t:|1699974132\n|switch|p1a: Maushold|Maushold-Four|88\/100\n|-damage|p1a: Maushold|76\/100|[from] Stealth Rock\n|turn|23\n|\n|t:|1699974141\n|move|p1a: Maushold|Population Bomb|p2a: Heatran\n|-resisted|p2a: Heatran\n|-damage|p2a: Heatran|51\/100 par\n|-resisted|p2a: Heatran\n|-damage|p2a: Heatran|45\/100 par\n|-resisted|p2a: Heatran\n|-damage|p2a: Heatran|38\/100 par\n|-resisted|p2a: Heatran\n|-damage|p2a: Heatran|31\/100 par\n|-resisted|p2a: Heatran\n|-damage|p2a: Heatran|24\/100 par\n|-resisted|p2a: Heatran\n|-damage|p2a: Heatran|17\/100 par\n|-resisted|p2a: Heatran\n|-damage|p2a: Heatran|11\/100 par\n|-resisted|p2a: Heatran\n|-damage|p2a: Heatran|5\/100 par\n|-resisted|p2a: Heatran\n|-damage|p2a: Heatran|0 fnt\n|faint|p2a: Heatran\n|-hitcount|p2: Heatran|9\n|\n|upkeep\n|\n|t:|1699974165\n|switch|p2a: Gholdengo|Gholdengo|44\/100\n|turn|24\n|\n|t:|1699974169\n|switch|p1a: Ninetales|Ninetales-Alola, M|45\/100\n|-damage|p1a: Ninetales|20\/100|[from] Stealth Rock\n|-weather|Snow|[from] ability: Snow Warning|[of] p1a: Ninetales\n|move|p2a: Gholdengo|Make It Rain|p1a: Ninetales\n|-supereffective|p1a: Ninetales\n|-damage|p1a: Ninetales|0 fnt\n|-unboost|p2a: Gholdengo|spa|1\n|faint|p1a: Ninetales\n|\n|-weather|Snow|[upkeep]\n|upkeep\n|\n|t:|1699974173\n|switch|p1a: Maushold|Maushold-Four|76\/100\n|-damage|p1a: Maushold|63\/100|[from] Stealth Rock\n|turn|25\n|c|\u2606spiderkitty410|gg\n|c|\u2606spiderkitty410|cool team\n|\n|t:|1699974189\n|switch|p2a: Landorus|Landorus-Therian, M|64\/100\n|-ability|p2a: Landorus|Intimidate|boost\n|-unboost|p1a: Maushold|atk|1\n|move|p1a: Maushold|Bite|p2a: Landorus\n|-damage|p2a: Landorus|36\/100\n|\n|-weather|Snow|[upkeep]\n|upkeep\n|turn|26\n|c|\u2606Dirlebanger|gg thx u 2\n|\n|t:|1699974196\n|move|p2a: Landorus|Earthquake|p1a: Maushold\n|-damage|p1a: Maushold|0 fnt\n|faint|p1a: Maushold\n|\n|win|Dirlebanger\n|raw|spiderkitty410's rating: 1330 &rarr; <strong>1307<\/strong><br \/>(-23 for losing)\n|raw|Dirlebanger's rating: 1270 &rarr; <strong>1299<\/strong><br \/>(+29 for winning)\n|l|\u2606spiderkitty410\n|l|\u2606Dirlebanger\n","uploadtime":1699974366,"views":7,"p1id":"spiderkitty410","p2id":"dirlebanger","formatid":"gen9ou","rating":1299,"private":0,"password":""}