{"id":"gen9ou-1992831940","p1":"twoj stary wedkarz","p2":"sanvasc","format":"[Gen 9] OU","log":"|j|\u2606twoj stary wedkarz\n|j|\u2606sanvasc\n|t:|1700239268\n|gametype|singles\n|player|p1|twoj stary wedkarz|265|1026\n|player|p2|sanvasc|2|1049\n|teamsize|p1|6\n|teamsize|p2|6\n|gen|9\n|tier|[Gen 9] OU\n|rated|\n|rule|Sleep Clause Mod: Limit one foe put to sleep\n|rule|Species Clause: Limit one of each Pok\u00e9mon\n|rule|OHKO Clause: OHKO moves are banned\n|rule|Evasion Items Clause: Evasion items are banned\n|rule|Evasion Moves Clause: Evasion moves are banned\n|rule|Endless Battle Clause: Forcing endless battles is banned\n|rule|HP Percentage Mod: HP is shown in percentages\n|clearpoke\n|poke|p1|Gengar, F|\n|poke|p1|Azumarill, M|\n|poke|p1|Clefable, M|\n|poke|p1|Dragonite, F|\n|poke|p1|Kingambit, M|\n|poke|p1|Slowbro-Galar, F|\n|poke|p2|Dondozo, F|\n|poke|p2|Great Tusk|\n|poke|p2|Jirachi|\n|poke|p2|Skeledirge, M|\n|poke|p2|Dragapult, M|\n|poke|p2|Krookodile, M|\n|teampreview\n|\n|t:|1700239284\n|start\n|switch|p1a: fuck goldhengo|Clefable, M|100\/100\n|switch|p2a: Krookodile|Krookodile, M|100\/100\n|turn|1\n|inactive|Battle timer is ON: inactive players will automatically lose when time's up. (requested by sanvasc)\n|\n|t:|1700239299\n|switch|p2a: Dondozo|Dondozo, F|100\/100\n|move|p1a: fuck goldhengo|Stealth Rock|p2a: Dondozo\n|-sidestart|p2: sanvasc|move: Stealth Rock\n|\n|upkeep\n|turn|2\n|\n|t:|1700239307\n|move|p1a: fuck goldhengo|Thunder Wave|p2a: Dondozo\n|-status|p2a: Dondozo|par\n|-enditem|p2a: Dondozo|Lum Berry|[eat]\n|-curestatus|p2a: Dondozo|par|[msg]\n|move|p2a: Dondozo|Curse|p2a: Dondozo\n|-unboost|p2a: Dondozo|spe|1\n|-boost|p2a: Dondozo|atk|1\n|-boost|p2a: Dondozo|def|1\n|\n|upkeep\n|turn|3\n|\n|t:|1700239318\n|switch|p1a: Gengar|Gengar, F|100\/100\n|move|p2a: Dondozo|Curse|p2a: Dondozo\n|-unboost|p2a: Dondozo|spe|1\n|-boost|p2a: Dondozo|atk|1\n|-boost|p2a: Dondozo|def|1\n|\n|upkeep\n|turn|4\n|\n|t:|1700239325\n|move|p1a: Gengar|Thunder|p2a: Dondozo\n|-supereffective|p2a: Dondozo\n|-damage|p2a: Dondozo|25\/100\n|move|p2a: Dondozo|Liquidation|p1a: Gengar\n|-damage|p1a: Gengar|0 fnt\n|-start|p2a: Dondozo|Disable|Liquidation|[from] ability: Cursed Body|[of] p1a: Gengar\n|faint|p1a: Gengar\n|\n|upkeep\n|\n|t:|1700239336\n|switch|p1a: Dragonite|Dragonite, F|100\/100\n|turn|5\n|\n|t:|1700239350\n|move|p1a: Dragonite|Outrage|p2a: Dondozo\n|-damage|p2a: Dondozo|6\/100\n|move|p2a: Dondozo|Avalanche|p1a: Dragonite\n|-supereffective|p1a: Dragonite\n|-damage|p1a: Dragonite|0 fnt\n|faint|p1a: Dragonite\n|\n|upkeep\n|inactive|twoj stary wedkarz has 120 seconds left.\n|\n|t:|1700239381\n|switch|p1a: Slowbro|Slowbro-Galar, F|100\/100\n|turn|6\n|-activate|p1a: Slowbro|ability: Quick Draw\n|\n|t:|1700239385\n|move|p1a: Slowbro|Gunk Shot|p2a: Dondozo\n|-crit|p2a: Dondozo\n|-damage|p2a: Dondozo|0 fnt\n|faint|p2a: Dondozo\n|\n|upkeep\n|\n|t:|1700239400\n|switch|p2a: Jirachi|Jirachi|100\/100\n|-damage|p2a: Jirachi|94\/100|[from] Stealth Rock\n|turn|7\n|inactive|twoj stary wedkarz has 120 seconds left.\n|\n|t:|1700239423\n|move|p1a: Slowbro|Earthquake|p2a: Jirachi\n|-supereffective|p2a: Jirachi\n|-damage|p2a: Jirachi|30\/100\n|move|p2a: Jirachi|Trick|p1a: Slowbro\n|-activate|p2a: Jirachi|move: Trick|[of] p1a: Slowbro\n|-item|p1a: Slowbro|Lagging Tail|[from] move: Trick\n|-item|p2a: Jirachi|Leftovers|[from] move: Trick\n|\n|-heal|p2a: Jirachi|37\/100|[from] item: Leftovers\n|upkeep\n|turn|8\n|\n|t:|1700239433\n|move|p2a: Jirachi|Thunder Wave|p1a: Slowbro\n|-status|p1a: Slowbro|par\n|move|p1a: Slowbro|Earthquake|p2a: Jirachi\n|-supereffective|p2a: Jirachi\n|-damage|p2a: Jirachi|0 fnt\n|faint|p2a: Jirachi\n|\n|upkeep\n|\n|t:|1700239445\n|switch|p2a: Dragapult|Dragapult, M|100\/100\n|-damage|p2a: Dragapult|88\/100|[from] Stealth Rock\n|turn|9\n|\n|t:|1700239460\n|move|p2a: Dragapult|Reflect|p2a: Dragapult\n|-sidestart|p2: sanvasc|Reflect\n|move|p1a: Slowbro|Earthquake|p2a: Dragapult\n|-damage|p2a: Dragapult|65\/100\n|-enditem|p2a: Dragapult|Red Card|[of] p1a: Slowbro\n|drag|p1a: Kingambit|Kingambit, M|100\/100\n|-activate|p1a: Kingambit|ability: Supreme Overlord\n|-start|p1a: Kingambit|fallen2|[silent]\n|\n|upkeep\n|turn|10\n|inactive|twoj stary wedkarz has 120 seconds left.\n|\n|t:|1700239483\n|switch|p2a: Skeledirge|Skeledirge, M|100\/100\n|-damage|p2a: Skeledirge|76\/100|[from] Stealth Rock\n|move|p1a: Kingambit|Sucker Punch||[still]\n|-fail|p1a: Kingambit\n|\n|upkeep\n|turn|11\n|inactive|twoj stary wedkarz has 120 seconds left.\n|\n|t:|1700239493\n|-end|p1a: Kingambit|fallen2|[silent]\n|switch|p1a: fuck ogerpon|Azumarill, M|100\/100\n|move|p2a: Skeledirge|Slack Off|p2a: Skeledirge\n|-heal|p2a: Skeledirge|100\/100\n|\n|upkeep\n|turn|12\n|inactive|twoj stary wedkarz has 120 seconds left.\n|\n|t:|1700239507\n|switch|p2a: Dragapult|Dragapult, M|65\/100\n|-damage|p2a: Dragapult|53\/100|[from] Stealth Rock\n|move|p1a: fuck ogerpon|Belly Drum|p1a: fuck ogerpon\n|-damage|p1a: fuck ogerpon|50\/100\n|-setboost|p1a: fuck ogerpon|atk|6|[from] move: Belly Drum\n|\n|-heal|p1a: fuck ogerpon|57\/100|[from] item: Leftovers\n|upkeep\n|turn|13\n|inactive|twoj stary wedkarz has 120 seconds left.\n|\n|t:|1700239519\n|move|p1a: fuck ogerpon|Aqua Jet|p2a: Dragapult\n|-resisted|p2a: Dragapult\n|-damage|p2a: Dragapult|18\/100\n|move|p2a: Dragapult|Phantom Force||[still]\n|-prepare|p2a: Dragapult|Phantom Force\n|\n|-heal|p1a: fuck ogerpon|63\/100|[from] item: Leftovers\n|-sideend|p2: sanvasc|Reflect\n|upkeep\n|turn|14\n|inactive|twoj stary wedkarz has 120 seconds left.\n|\n|t:|1700239548\n|move|p2a: Dragapult|Phantom Force|p1a: fuck ogerpon|[from]lockedmove\n|-damage|p1a: fuck ogerpon|16\/100\n|move|p1a: fuck ogerpon|Ice Spinner|p2a: Dragapult\n|-supereffective|p2a: Dragapult\n|-damage|p2a: Dragapult|0 fnt\n|faint|p2a: Dragapult\n|\n|-heal|p1a: fuck ogerpon|22\/100|[from] item: Leftovers\n|upkeep\n|\n|t:|1700239559\n|switch|p2a: Skeledirge|Skeledirge, M|100\/100\n|-damage|p2a: Skeledirge|76\/100|[from] Stealth Rock\n|turn|15\n|\n|t:|1700239566\n|-terastallize|p2a: Skeledirge|Normal\n|move|p1a: fuck ogerpon|Aqua Jet|p2a: Skeledirge\n|-damage|p2a: Skeledirge|50\/100\n|move|p2a: Skeledirge|Shadow Ball|p1a: fuck ogerpon\n|-damage|p1a: fuck ogerpon|0 fnt\n|faint|p1a: fuck ogerpon\n|\n|upkeep\n|inactive|twoj stary wedkarz has 120 seconds left.\n|\n|t:|1700239578\n|switch|p1a: Kingambit|Kingambit, M|100\/100\n|-activate|p1a: Kingambit|ability: Supreme Overlord\n|-start|p1a: Kingambit|fallen3|[silent]\n|turn|16\n|\n|t:|1700239597\n|switch|p2a: Great Tusk|Great Tusk|100\/100\n|-damage|p2a: Great Tusk|98\/100|[from] Stealth Rock\n|move|p1a: Kingambit|Low Kick|p2a: Great Tusk\n|-damage|p2a: Great Tusk|53\/100\n|\n|upkeep\n|turn|17\n|\n|t:|1700239609\n|-end|p1a: Kingambit|fallen3|[silent]\n|switch|p1a: Slowbro|Slowbro-Galar, F|100\/100 par\n|move|p2a: Great Tusk|Body Press|p1a: Slowbro\n|-resisted|p1a: Slowbro\n|-damage|p1a: Slowbro|93\/100 par\n|\n|upkeep\n|turn|18\n|\n|t:|1700239619\n|move|p2a: Great Tusk|Headlong Rush|p1a: Slowbro\n|-supereffective|p1a: Slowbro\n|-crit|p1a: Slowbro\n|-damage|p1a: Slowbro|0 fnt\n|-unboost|p2a: Great Tusk|def|1\n|-unboost|p2a: Great Tusk|spd|1\n|faint|p1a: Slowbro\n|\n|upkeep\n|inactive|twoj stary wedkarz has 120 seconds left.\n|\n|t:|1700239638\n|switch|p1a: Kingambit|Kingambit, M|100\/100\n|-activate|p1a: Kingambit|ability: Supreme Overlord\n|-start|p1a: Kingambit|fallen4|[silent]\n|turn|19\n|inactive|twoj stary wedkarz has 120 seconds left.\n|\n|t:|1700239660\n|move|p2a: Great Tusk|Body Press|p1a: Kingambit\n|-supereffective|p1a: Kingambit\n|-damage|p1a: Kingambit|31\/100\n|move|p1a: Kingambit|Swords Dance|p1a: Kingambit\n|-boost|p1a: Kingambit|atk|2\n|\n|upkeep\n|turn|20\n|inactive|twoj stary wedkarz has 120 seconds left.\n|\n|t:|1700239667\n|move|p1a: Kingambit|Sucker Punch|p2a: Great Tusk\n|-resisted|p2a: Great Tusk\n|-damage|p2a: Great Tusk|0 fnt\n|faint|p2a: Great Tusk\n|-end|p2a: Great Tusk|Protosynthesis|[silent]\n|\n|upkeep\n|\n|t:|1700239672\n|switch|p2a: Skeledirge|Skeledirge, M, tera:Normal|50\/100\n|-damage|p2a: Skeledirge|37\/100|[from] Stealth Rock\n|turn|21\n|inactive|twoj stary wedkarz has 120 seconds left.\n|\n|t:|1700239693\n|move|p1a: Kingambit|Sucker Punch|p2a: Skeledirge\n|-crit|p2a: Skeledirge\n|-damage|p2a: Skeledirge|0 fnt\n|faint|p2a: Skeledirge\n|\n|upkeep\n|\n|t:|1700239722\n|switch|p2a: Krookodile|Krookodile, M|100\/100\n|-damage|p2a: Krookodile|94\/100|[from] Stealth Rock\n|turn|22\n|\n|t:|1700239730\n|move|p2a: Krookodile|Earthquake|p1a: Kingambit\n|-supereffective|p1a: Kingambit\n|-damage|p1a: Kingambit|0 fnt\n|faint|p1a: Kingambit\n|-end|p1a: Kingambit|fallen4|[silent]\n|-ability|p2a: Krookodile|Moxie|boost\n|-boost|p2a: Krookodile|atk|1\n|\n|upkeep\n|\n|t:|1700239738\n|switch|p1a: fuck goldhengo|Clefable, M|100\/100\n|turn|23\n|\n|t:|1700239745\n|move|p2a: Krookodile|Earthquake|p1a: fuck goldhengo\n|-damage|p1a: fuck goldhengo|41\/100\n|move|p1a: fuck goldhengo|Blizzard|p2a: Krookodile\n|-supereffective|p2a: Krookodile\n|-damage|p2a: Krookodile|46\/100\n|-status|p2a: Krookodile|frz\n|\n|-heal|p1a: fuck goldhengo|47\/100|[from] item: Leftovers\n|upkeep\n|turn|24\n|\n|t:|1700239755\n|cant|p2a: Krookodile|frz\n|move|p1a: fuck goldhengo|Blizzard|p2a: Krookodile\n|-supereffective|p2a: Krookodile\n|-damage|p2a: Krookodile|4\/100 frz\n|\n|-heal|p1a: fuck goldhengo|53\/100|[from] item: Leftovers\n|upkeep\n|turn|25\n|\n|t:|1700239762\n|cant|p2a: Krookodile|frz\n|move|p1a: fuck goldhengo|Blizzard|p2a: Krookodile\n|-supereffective|p2a: Krookodile\n|-damage|p2a: Krookodile|0 fnt\n|faint|p2a: Krookodile\n|\n|win|twoj stary wedkarz\n|raw|twoj stary wedkarz's rating: 1026 &rarr; <strong>1064<\/strong><br \/>(+38 for winning)\n|raw|sanvasc's rating: 1049 &rarr; <strong>1031<\/strong><br \/>(-18 for losing)\n|l|\u2606sanvasc\n","uploadtime":1700239777,"views":12,"p1id":"twojstarywedkarz","p2id":"sanvasc","formatid":"gen9ou","rating":1031,"private":0,"password":""}