{"id":"gen9ou-1991931893","p1":"8-bitgamer2","p2":"Garpinis","format":"[Gen 9] OU","log":"|j|\u26068-bitgamer2\n|j|\u2606Garpinis\n|t:|1700139672\n|gametype|singles\n|player|p1|8-bitgamer2|linebacker|1000\n|player|p2|Garpinis|sabrina|1099\n|teamsize|p1|6\n|teamsize|p2|6\n|gen|9\n|tier|[Gen 9] OU\n|rated|\n|rule|Sleep Clause Mod: Limit one foe put to sleep\n|rule|Species Clause: Limit one of each Pok\u00e9mon\n|rule|OHKO Clause: OHKO moves are banned\n|rule|Evasion Items Clause: Evasion items are banned\n|rule|Evasion Moves Clause: Evasion moves are banned\n|rule|Endless Battle Clause: Forcing endless battles is banned\n|rule|HP Percentage Mod: HP is shown in percentages\n|clearpoke\n|poke|p1|Vespiquen, F|\n|poke|p1|Maushold|\n|poke|p1|Grimmsnarl, M|\n|poke|p1|Clefable, F|\n|poke|p1|Kingambit, F|\n|poke|p1|Clodsire, M|\n|poke|p2|Manaphy|\n|poke|p2|Kommo-o, F|\n|poke|p2|Ninetales-Alola, M|\n|poke|p2|Cinderace, F|\n|poke|p2|Great Tusk|\n|poke|p2|Clefable, M|\n|teampreview\n|\n|t:|1700139685\n|start\n|switch|p1a: Grimmsnarl|Grimmsnarl, M|100\/100\n|switch|p2a: Cinderace|Cinderace, F|100\/100\n|turn|1\n|\n|t:|1700139690\n|move|p1a: Grimmsnarl|Reflect|p1a: Grimmsnarl\n|-sidestart|p1: 8-bitgamer2|Reflect\n|move|p2a: Cinderace|Pyro Ball|p1a: Grimmsnarl\n|-damage|p1a: Grimmsnarl|65\/100\n|-status|p1a: Grimmsnarl|brn\n|\n|-damage|p1a: Grimmsnarl|59\/100 brn|[from] brn\n|upkeep\n|turn|2\n|\n|t:|1700139697\n|move|p1a: Grimmsnarl|Light Screen|p1a: Grimmsnarl\n|-sidestart|p1: 8-bitgamer2|move: Light Screen\n|move|p2a: Cinderace|Court Change|p2a: Cinderace\n|-start|p2a: Cinderace|typechange|Normal|[from] ability: Libero\n|-swapsideconditions\n|-activate|p2a: Cinderace|move: Court Change\n|\n|-damage|p1a: Grimmsnarl|53\/100 brn|[from] brn\n|upkeep\n|turn|3\n|\n|t:|1700139703\n|move|p1a: Grimmsnarl|Reflect|p1a: Grimmsnarl\n|-sidestart|p1: 8-bitgamer2|Reflect\n|move|p2a: Cinderace|Pyro Ball|p1a: Grimmsnarl\n|-damage|p1a: Grimmsnarl|29\/100 brn\n|\n|-damage|p1a: Grimmsnarl|23\/100 brn|[from] brn\n|upkeep\n|turn|4\n|\n|t:|1700139708\n|move|p1a: Grimmsnarl|Light Screen|p1a: Grimmsnarl\n|-sidestart|p1: 8-bitgamer2|move: Light Screen\n|move|p2a: Cinderace|Pyro Ball|p1a: Grimmsnarl\n|-damage|p1a: Grimmsnarl|0 fnt\n|faint|p1a: Grimmsnarl\n|\n|upkeep\n|\n|t:|1700139715\n|switch|p1a: Vespiquen|Vespiquen, F, shiny|100\/100\n|-ability|p1a: Vespiquen|Unnerve\n|turn|5\n|\n|t:|1700139721\n|-terastallize|p1a: Vespiquen|Steel\n|move|p2a: Cinderace|Pyro Ball|p1a: Vespiquen\n|-supereffective|p1a: Vespiquen\n|-damage|p1a: Vespiquen|63\/100\n|-enditem|p1a: Vespiquen|Weakness Policy\n|-boost|p1a: Vespiquen|atk|2|[from] item: Weakness Policy\n|-boost|p1a: Vespiquen|spa|2|[from] item: Weakness Policy\n|move|p1a: Vespiquen|Dual Wingbeat|p2a: Cinderace\n|-damage|p2a: Cinderace|84\/100\n|-damage|p2a: Cinderace|67\/100\n|-hitcount|p2a: Cinderace|2\n|\n|upkeep\n|turn|6\n|\n|t:|1700139733\n|move|p2a: Cinderace|Pyro Ball|p1a: Vespiquen\n|-supereffective|p1a: Vespiquen\n|-damage|p1a: Vespiquen|26\/100\n|move|p1a: Vespiquen|Roost|p1a: Vespiquen\n|-heal|p1a: Vespiquen|76\/100\n|\n|upkeep\n|turn|7\n|\n|t:|1700139750\n|move|p2a: Cinderace|U-turn|p1a: Vespiquen\n|-resisted|p1a: Vespiquen\n|-damage|p1a: Vespiquen|70\/100\n|\n|t:|1700139754\n|switch|p2a: Manaphy|Manaphy|100\/100|[from] U-turn\n|move|p1a: Vespiquen|Roost|p1a: Vespiquen\n|-heal|p1a: Vespiquen|100\/100\n|\n|upkeep\n|turn|8\n|\n|t:|1700139760\n|move|p2a: Manaphy|Acid Armor|p2a: Manaphy\n|-boost|p2a: Manaphy|def|2\n|move|p1a: Vespiquen|Defend Order|p1a: Vespiquen\n|-boost|p1a: Vespiquen|def|1\n|-boost|p1a: Vespiquen|spd|1\n|\n|-sideend|p2: Garpinis|Reflect\n|upkeep\n|turn|9\n|\n|t:|1700139771\n|move|p2a: Manaphy|Acid Armor|p2a: Manaphy\n|-boost|p2a: Manaphy|def|2\n|move|p1a: Vespiquen|Defend Order|p1a: Vespiquen\n|-boost|p1a: Vespiquen|def|1\n|-boost|p1a: Vespiquen|spd|1\n|\n|-sideend|p2: Garpinis|move: Light Screen\n|upkeep\n|turn|10\n|\n|t:|1700139778\n|move|p2a: Manaphy|Acid Armor|p2a: Manaphy\n|-boost|p2a: Manaphy|def|2\n|move|p1a: Vespiquen|Defend Order|p1a: Vespiquen\n|-boost|p1a: Vespiquen|def|1\n|-boost|p1a: Vespiquen|spd|1\n|\n|-sideend|p1: 8-bitgamer2|Reflect\n|upkeep\n|turn|11\n|\n|t:|1700139786\n|move|p2a: Manaphy|Take Heart|p2a: Manaphy\n|-boost|p2a: Manaphy|spa|1\n|-boost|p2a: Manaphy|spd|1\n|move|p1a: Vespiquen|Defend Order|p1a: Vespiquen\n|-boost|p1a: Vespiquen|def|1\n|-boost|p1a: Vespiquen|spd|1\n|\n|-sideend|p1: 8-bitgamer2|move: Light Screen\n|upkeep\n|turn|12\n|\n|t:|1700139792\n|move|p2a: Manaphy|Take Heart|p2a: Manaphy\n|-boost|p2a: Manaphy|spa|1\n|-boost|p2a: Manaphy|spd|1\n|move|p1a: Vespiquen|Dual Wingbeat|p2a: Manaphy\n|-damage|p2a: Manaphy|96\/100\n|-damage|p2a: Manaphy|92\/100\n|-hitcount|p2a: Manaphy|2\n|\n|-heal|p2a: Manaphy|98\/100|[from] item: Leftovers\n|upkeep\n|turn|13\n|\n|t:|1700139800\n|move|p2a: Manaphy|Take Heart|p2a: Manaphy\n|-boost|p2a: Manaphy|spa|1\n|-boost|p2a: Manaphy|spd|1\n|move|p1a: Vespiquen|Dual Wingbeat|p2a: Manaphy\n|-damage|p2a: Manaphy|94\/100\n|-damage|p2a: Manaphy|89\/100\n|-hitcount|p2a: Manaphy|2\n|\n|-heal|p2a: Manaphy|96\/100|[from] item: Leftovers\n|upkeep\n|turn|14\n|\n|t:|1700139809\n|move|p2a: Manaphy|Take Heart|p2a: Manaphy\n|-boost|p2a: Manaphy|spa|1\n|-boost|p2a: Manaphy|spd|1\n|move|p1a: Vespiquen|Dual Wingbeat|p2a: Manaphy\n|-damage|p2a: Manaphy|91\/100\n|-damage|p2a: Manaphy|87\/100\n|-hitcount|p2a: Manaphy|2\n|\n|-heal|p2a: Manaphy|93\/100|[from] item: Leftovers\n|upkeep\n|turn|15\n|\n|t:|1700139817\n|move|p2a: Manaphy|Take Heart|p2a: Manaphy\n|-boost|p2a: Manaphy|spa|1\n|-boost|p2a: Manaphy|spd|1\n|move|p1a: Vespiquen|Defend Order|p1a: Vespiquen\n|-boost|p1a: Vespiquen|def|1\n|-boost|p1a: Vespiquen|spd|1\n|\n|-heal|p2a: Manaphy|99\/100|[from] item: Leftovers\n|upkeep\n|turn|16\n|\n|t:|1700139824\n|move|p2a: Manaphy|Take Heart|p2a: Manaphy\n|-boost|p2a: Manaphy|spa|1\n|-boost|p2a: Manaphy|spd|1\n|move|p1a: Vespiquen|Defend Order|p1a: Vespiquen\n|-boost|p1a: Vespiquen|def|1\n|-boost|p1a: Vespiquen|spd|1\n|\n|-heal|p2a: Manaphy|100\/100|[from] item: Leftovers\n|upkeep\n|turn|17\n|\n|t:|1700139831\n|move|p2a: Manaphy|Scald|p1a: Vespiquen\n|-damage|p1a: Vespiquen|80\/100\n|move|p1a: Vespiquen|Dual Wingbeat|p2a: Manaphy\n|-damage|p2a: Manaphy|96\/100\n|-damage|p2a: Manaphy|92\/100\n|-hitcount|p2a: Manaphy|2\n|\n|-heal|p2a: Manaphy|98\/100|[from] item: Leftovers\n|upkeep\n|turn|18\n|\n|t:|1700139840\n|move|p2a: Manaphy|Scald|p1a: Vespiquen\n|-damage|p1a: Vespiquen|62\/100\n|move|p1a: Vespiquen|Dual Wingbeat|p2a: Manaphy\n|-damage|p2a: Manaphy|93\/100\n|-damage|p2a: Manaphy|89\/100\n|-hitcount|p2a: Manaphy|2\n|\n|-heal|p2a: Manaphy|95\/100|[from] item: Leftovers\n|upkeep\n|turn|19\n|\n|t:|1700139849\n|move|p2a: Manaphy|Scald|p1a: Vespiquen\n|-damage|p1a: Vespiquen|42\/100\n|move|p1a: Vespiquen|Roost|p1a: Vespiquen\n|-heal|p1a: Vespiquen|92\/100\n|\n|-heal|p2a: Manaphy|100\/100|[from] item: Leftovers\n|upkeep\n|turn|20\n|\n|t:|1700139857\n|move|p2a: Manaphy|Scald|p1a: Vespiquen\n|-damage|p1a: Vespiquen|72\/100\n|move|p1a: Vespiquen|Dual Wingbeat|p2a: Manaphy|[miss]\n|-miss|p1a: Vespiquen|p2a: Manaphy\n|\n|upkeep\n|turn|21\n|\n|t:|1700139863\n|move|p2a: Manaphy|Scald|p1a: Vespiquen\n|-damage|p1a: Vespiquen|51\/100\n|-status|p1a: Vespiquen|brn\n|move|p1a: Vespiquen|Dual Wingbeat|p2a: Manaphy\n|-damage|p2a: Manaphy|99\/100\n|-damage|p2a: Manaphy|97\/100\n|-hitcount|p2a: Manaphy|2\n|\n|-heal|p2a: Manaphy|100\/100|[from] item: Leftovers\n|-damage|p1a: Vespiquen|45\/100 brn|[from] brn\n|upkeep\n|turn|22\n|\n|t:|1700139880\n|move|p2a: Manaphy|Stored Power|p1a: Vespiquen\n|-resisted|p1a: Vespiquen\n|-damage|p1a: Vespiquen|12\/100 brn\n|move|p1a: Vespiquen|Destiny Bond|p1a: Vespiquen\n|-singlemove|p1a: Vespiquen|Destiny Bond\n|\n|-damage|p1a: Vespiquen|6\/100 brn|[from] brn\n|upkeep\n|turn|23\n|\n|t:|1700139894\n|move|p2a: Manaphy|Acid Armor|p2a: Manaphy\n|-boost|p2a: Manaphy|def|0\n|move|p1a: Vespiquen|Roost|p1a: Vespiquen\n|-heal|p1a: Vespiquen|56\/100 brn\n|\n|-damage|p1a: Vespiquen|50\/100 brn|[from] brn\n|upkeep\n|turn|24\n|\n|t:|1700139901\n|move|p2a: Manaphy|Stored Power|p1a: Vespiquen\n|-resisted|p1a: Vespiquen\n|-damage|p1a: Vespiquen|18\/100 brn\n|move|p1a: Vespiquen|Destiny Bond|p1a: Vespiquen\n|-singlemove|p1a: Vespiquen|Destiny Bond\n|\n|-damage|p1a: Vespiquen|12\/100 brn|[from] brn\n|upkeep\n|turn|25\n|\n|t:|1700139908\n|move|p2a: Manaphy|Acid Armor|p2a: Manaphy\n|-boost|p2a: Manaphy|def|0\n|move|p1a: Vespiquen|Roost|p1a: Vespiquen\n|-heal|p1a: Vespiquen|62\/100 brn\n|\n|-damage|p1a: Vespiquen|56\/100 brn|[from] brn\n|upkeep\n|turn|26\n|\n|t:|1700139914\n|move|p2a: Manaphy|Stored Power|p1a: Vespiquen\n|-resisted|p1a: Vespiquen\n|-damage|p1a: Vespiquen|26\/100 brn\n|move|p1a: Vespiquen|Roost|p1a: Vespiquen\n|-heal|p1a: Vespiquen|76\/100 brn\n|\n|-damage|p1a: Vespiquen|70\/100 brn|[from] brn\n|upkeep\n|turn|27\n|\n|t:|1700139929\n|move|p2a: Manaphy|Stored Power|p1a: Vespiquen\n|-resisted|p1a: Vespiquen\n|-damage|p1a: Vespiquen|39\/100 brn\n|move|p1a: Vespiquen|Dual Wingbeat|p2a: Manaphy\n|-crit|p2a: Manaphy\n|-damage|p2a: Manaphy|89\/100\n|-damage|p2a: Manaphy|86\/100\n|-hitcount|p2a: Manaphy|2\n|\n|-heal|p2a: Manaphy|93\/100|[from] item: Leftovers\n|-damage|p1a: Vespiquen|32\/100 brn|[from] brn\n|upkeep\n|turn|28\n|\n|t:|1700139939\n|move|p2a: Manaphy|Stored Power|p1a: Vespiquen\n|-resisted|p1a: Vespiquen\n|-damage|p1a: Vespiquen|1\/100 brn\n|move|p1a: Vespiquen|Destiny Bond|p1a: Vespiquen\n|-singlemove|p1a: Vespiquen|Destiny Bond\n|\n|-heal|p2a: Manaphy|99\/100|[from] item: Leftovers\n|-damage|p1a: Vespiquen|0 fnt|[from] brn\n|faint|p1a: Vespiquen\n|upkeep\n|\n|t:|1700139949\n|switch|p1a: Maushold|Maushold, shiny|100\/100\n|turn|29\n|\n|t:|1700139955\n|move|p1a: Maushold|Tidy Up|p1a: Maushold\n|-boost|p1a: Maushold|atk|1\n|-boost|p1a: Maushold|spe|1\n|move|p2a: Manaphy|Stored Power|p1a: Maushold\n|-damage|p1a: Maushold|0 fnt\n|faint|p1a: Maushold\n|\n|-heal|p2a: Manaphy|100\/100|[from] item: Leftovers\n|upkeep\n|\n|t:|1700139965\n|switch|p1a: Kingambit|Kingambit, F|100\/100\n|-activate|p1a: Kingambit|ability: Supreme Overlord\n|-start|p1a: Kingambit|fallen3|[silent]\n|turn|30\n|\n|t:|1700139977\n|move|p2a: Manaphy|Scald|p1a: Kingambit\n|-crit|p1a: Kingambit\n|-damage|p1a: Kingambit|0 fnt\n|faint|p1a: Kingambit\n|-end|p1a: Kingambit|fallen3|[silent]\n|\n|upkeep\n|-message|8-bitgamer2 forfeited.\n|\n|win|Garpinis\n|raw|8-bitgamer2's rating: 1000 &rarr; <strong>1000<\/strong><br \/>(+0 for losing)\n|raw|Garpinis's rating: 1099 &rarr; <strong>1117<\/strong><br \/>(+18 for winning)\n|l|\u26068-bitgamer2\n","uploadtime":1700140000,"views":17,"p1id":"8bitgamer2","p2id":"garpinis","formatid":"gen9ou","rating":1000,"private":0,"password":""}