{"id":"gen9ou-1990005123","p1":"StealthBox","p2":"iPlutOnIum!","format":"[Gen 9] OU","log":"|j|\u2606StealthBox\n|j|\u2606iPlutOnIum!\n|t:|1699914568\n|gametype|singles\n|player|p1|StealthBox|hilbert|1268\n|player|p2|iPlutOnIum!|riley|1266\n|teamsize|p1|6\n|teamsize|p2|6\n|gen|9\n|tier|[Gen 9] OU\n|rated|\n|rule|Sleep Clause Mod: Limit one foe put to sleep\n|rule|Species Clause: Limit one of each Pok\u00e9mon\n|rule|OHKO Clause: OHKO moves are banned\n|rule|Evasion Items Clause: Evasion items are banned\n|rule|Evasion Moves Clause: Evasion moves are banned\n|rule|Endless Battle Clause: Forcing endless battles is banned\n|rule|HP Percentage Mod: HP is shown in percentages\n|clearpoke\n|poke|p1|Magnezone|\n|poke|p1|Salamence, F|\n|poke|p1|Samurott-Hisui, M|\n|poke|p1|Garganacl, F|\n|poke|p1|Slowking-Galar, F|\n|poke|p1|Cinderace, F|\n|poke|p2|Dragapult, F|\n|poke|p2|Cinderace, M|\n|poke|p2|Zapdos|\n|poke|p2|Walking Wake|\n|poke|p2|Great Tusk|\n|poke|p2|Ogerpon-Wellspring, F|\n|teampreview\n|inactive|Battle timer is ON: inactive players will automatically lose when time's up. (requested by iPlutOnIum!)\n|inactive|StealthBox has 120 seconds left.\n|inactive|iPlutOnIum! has 120 seconds left.\n|\n|t:|1699914608\n|start\n|switch|p1a: fastqueen|Slowking-Galar, F|100\/100\n|switch|p2a: Cinderace|Cinderace, M|100\/100\n|turn|1\n|\n|t:|1699914633\n|move|p2a: Cinderace|U-turn|p1a: fastqueen\n|-start|p2a: Cinderace|typechange|Bug|[from] ability: Libero\n|-damage|p1a: fastqueen|74\/100\n|\n|t:|1699914642\n|switch|p2a: Great Tusk|Great Tusk|100\/100|[from] U-turn\n|move|p1a: fastqueen|Yawn|p2a: Great Tusk\n|-start|p2a: Great Tusk|move: Yawn|[of] p1a: fastqueen\n|\n|-heal|p1a: fastqueen|80\/100|[from] item: Black Sludge\n|upkeep\n|turn|2\n|\n|t:|1699914659\n|-end|p2a: Great Tusk|Protosynthesis|[silent]\n|switch|p2a: Dragapult|Dragapult, F|100\/100\n|move|p1a: fastqueen|Future Sight|p2a: Dragapult\n|-start|p1a: fastqueen|move: Future Sight\n|\n|-heal|p1a: fastqueen|86\/100|[from] item: Black Sludge\n|upkeep\n|turn|3\n|inactive|iPlutOnIum! has 120 seconds left.\n|\n|t:|1699914700\n|move|p2a: Dragapult|Dragon Darts|p1a: fastqueen\n|-damage|p1a: fastqueen|65\/100\n|-anim|p2a: Dragapult|Dragon Darts|p1a: fastqueen\n|-crit|p1a: fastqueen\n|-damage|p1a: fastqueen|31\/100\n|move|p1a: fastqueen|Yawn|p2a: Dragapult\n|-start|p2a: Dragapult|move: Yawn|[of] p1a: fastqueen\n|\n|-heal|p1a: fastqueen|37\/100|[from] item: Black Sludge\n|upkeep\n|turn|4\n|\n|t:|1699914714\n|switch|p2a: Great Tusk|Great Tusk|100\/100\n|switch|p1a: u salty bruh?!?|Garganacl, F|100\/100\n|\n|-end|p2a: Great Tusk|move: Future Sight\n|-supereffective|p2a: Great Tusk\n|-damage|p2a: Great Tusk|48\/100\n|upkeep\n|turn|5\n|\n|t:|1699914733\n|move|p2a: Great Tusk|Knock Off|p1a: u salty bruh?!?\n|-damage|p1a: u salty bruh?!?|85\/100\n|-enditem|p1a: u salty bruh?!?|Leftovers|[from] move: Knock Off|[of] p2a: Great Tusk\n|move|p1a: u salty bruh?!?|Stealth Rock|p2a: Great Tusk\n|-sidestart|p2: iPlutOnIum!|move: Stealth Rock\n|\n|upkeep\n|turn|6\n|\n|t:|1699914746\n|move|p2a: Great Tusk|Close Combat|p1a: u salty bruh?!?\n|-supereffective|p1a: u salty bruh?!?\n|-damage|p1a: u salty bruh?!?|20\/100\n|-unboost|p2a: Great Tusk|def|1\n|-unboost|p2a: Great Tusk|spd|1\n|move|p1a: u salty bruh?!?|Salt Cure|p2a: Great Tusk\n|-resisted|p2a: Great Tusk\n|-damage|p2a: Great Tusk|45\/100\n|-start|p2a: Great Tusk|Salt Cure\n|\n|-damage|p2a: Great Tusk|32\/100|[from] Salt Cure\n|upkeep\n|turn|7\n|\n|t:|1699914759\n|switch|p1a: Dragussy|Salamence, F|100\/100\n|move|p2a: Great Tusk|Headlong Rush|p1a: Dragussy\n|-immune|p1a: Dragussy\n|\n|-damage|p2a: Great Tusk|20\/100|[from] Salt Cure\n|upkeep\n|turn|8\n|\n|t:|1699914770\n|move|p1a: Dragussy|Dragon Dance|p1a: Dragussy\n|-boost|p1a: Dragussy|atk|1\n|-boost|p1a: Dragussy|spe|1\n|move|p2a: Great Tusk|Rapid Spin|p1a: Dragussy\n|-damage|p1a: Dragussy|81\/100\n|-boost|p2a: Great Tusk|spe|1\n|-sideend|p2: iPlutOnIum!|Stealth Rock|[from] move: Rapid Spin|[of] p2a: Great Tusk\n|\n|-damage|p2a: Great Tusk|7\/100|[from] Salt Cure\n|upkeep\n|turn|9\n|\n|t:|1699914780\n|move|p1a: Dragussy|Dual Wingbeat|p2a: Great Tusk\n|-supereffective|p2a: Great Tusk\n|-damage|p2a: Great Tusk|0 fnt\n|faint|p2a: Great Tusk\n|-end|p2a: Great Tusk|Protosynthesis|[silent]\n|-ability|p1a: Dragussy|Moxie|boost\n|-boost|p1a: Dragussy|atk|1\n|-hitcount|p2: Great Tusk|1\n|\n|upkeep\n|\n|t:|1699914801\n|switch|p2a: Walking Wake|Walking Wake|100\/100\n|-enditem|p2a: Walking Wake|Booster Energy\n|-activate|p2a: Walking Wake|ability: Protosynthesis|[fromitem]\n|-start|p2a: Walking Wake|protosynthesisspe\n|turn|10\n|inactive|iPlutOnIum! has 90 seconds left.\n|\n|t:|1699914843\n|-terastallize|p1a: Dragussy|Steel\n|move|p2a: Walking Wake|Draco Meteor|p1a: Dragussy\n|-resisted|p1a: Dragussy\n|-damage|p1a: Dragussy|42\/100\n|-unboost|p2a: Walking Wake|spa|2\n|move|p1a: Dragussy|Dragon Claw|p2a: Walking Wake\n|-supereffective|p2a: Walking Wake\n|-damage|p2a: Walking Wake|0 fnt\n|faint|p2a: Walking Wake\n|-end|p2a: Walking Wake|Protosynthesis|[silent]\n|-ability|p1a: Dragussy|Moxie|boost\n|-boost|p1a: Dragussy|atk|1\n|\n|upkeep\n|\n|t:|1699914853\n|switch|p2a: Dragapult|Dragapult, F|100\/100\n|turn|11\n|\n|t:|1699914866\n|switch|p2a: Zapdos|Zapdos|100\/100\n|move|p1a: Dragussy|Dual Wingbeat|p2a: Zapdos\n|-resisted|p2a: Zapdos\n|-damage|p2a: Zapdos|72\/100\n|-resisted|p2a: Zapdos\n|-damage|p2a: Zapdos|43\/100\n|-hitcount|p2a: Zapdos|2\n|\n|upkeep\n|turn|12\n|\n|t:|1699914876\n|move|p1a: Dragussy|Dragon Claw|p2a: Zapdos\n|-damage|p2a: Zapdos|0 fnt\n|faint|p2a: Zapdos\n|-ability|p1a: Dragussy|Moxie|boost\n|-boost|p1a: Dragussy|atk|1\n|\n|upkeep\n|j| PoisonMasterOB\n|j| A1pha_Sleepz\n|inactive|iPlutOnIum! has 60 seconds left.\n|\n|t:|1699914892\n|switch|p2a: Dragapult|Dragapult, F|100\/100\n|turn|13\n|inactive|iPlutOnIum! has 60 seconds left.\n|\n|t:|1699914905\n|move|p2a: Dragapult|Sucker Punch|p1a: Dragussy\n|-damage|p1a: Dragussy|12\/100\n|move|p1a: Dragussy|Dual Wingbeat|p2a: Dragapult\n|-crit|p2a: Dragapult\n|-enditem|p2a: Dragapult|Focus Sash\n|-damage|p2a: Dragapult|1\/100\n|-damage|p2a: Dragapult|0 fnt\n|faint|p2a: Dragapult\n|-ability|p1a: Dragussy|Moxie|boost\n|-boost|p1a: Dragussy|atk|1\n|-hitcount|p2: Dragapult|2\n|\n|upkeep\n|inactive|iPlutOnIum! has 60 seconds left.\n|-message|iPlutOnIum! forfeited.\n|\n|win|StealthBox\n|raw|StealthBox's rating: 1268 &rarr; <strong>1293<\/strong><br \/>(+25 for winning)\n|raw|iPlutOnIum!'s rating: 1266 &rarr; <strong>1241<\/strong><br \/>(-25 for losing)\n|l|\u2606iPlutOnIum!\n|l| A1pha_Sleepz\n","uploadtime":1699914938,"views":26,"p1id":"stealthbox","p2id":"iplutonium","formatid":"gen9ou","rating":1241,"private":0,"password":""}