{"id":"gen9ou-1999415116","p1":"FlaminThundez","p2":"LadyZoroark","format":"[Gen 9] OU","log":"|j|\u2606FlaminThundez\n|j|\u2606LadyZoroark\n|t:|1701076681\n|gametype|singles\n|player|p1|FlaminThundez|benga|1048\n|player|p2|LadyZoroark|maid|1109\n|teamsize|p1|6\n|teamsize|p2|6\n|gen|9\n|tier|[Gen 9] OU\n|rated|\n|rule|Sleep Clause Mod: Limit one foe put to sleep\n|rule|Species Clause: Limit one of each Pok\u00e9mon\n|rule|OHKO Clause: OHKO moves are banned\n|rule|Evasion Items Clause: Evasion items are banned\n|rule|Evasion Moves Clause: Evasion moves are banned\n|rule|Endless Battle Clause: Forcing endless battles is banned\n|rule|HP Percentage Mod: HP is shown in percentages\n|clearpoke\n|poke|p1|Ursaluna, F|\n|poke|p1|Hatterene, F|\n|poke|p1|Garganacl, M|\n|poke|p1|Toxapex, M|\n|poke|p1|Maushold-Four|\n|poke|p1|Torkoal, M|\n|poke|p2|Mew|\n|poke|p2|Zoroark-Hisui, F|\n|poke|p2|Kingambit, M|\n|poke|p2|Iron Valiant|\n|poke|p2|Hatterene, F|\n|poke|p2|Cinderace, M|\n|teampreview\n|\n|t:|1701076695\n|start\n|switch|p1a: Hatterene|Hatterene, F|100\/100\n|switch|p2a: Mew|Mew|100\/100\n|turn|1\n|\n|t:|1701076711\n|move|p2a: Mew|Knock Off|p1a: Hatterene\n|-damage|p1a: Hatterene|75\/100\n|-enditem|p1a: Hatterene|Leftovers|[from] move: Knock Off|[of] p2a: Mew\n|move|p1a: Hatterene|Trick Room|p1a: Hatterene\n|-fieldstart|move: Trick Room|[of] p1a: Hatterene\n|\n|upkeep\n|turn|2\n|\n|t:|1701076732\n|switch|p1a: Toxapex|Toxapex, M|100\/100\n|move|p2a: Mew|Light Screen|p2a: Mew\n|-sidestart|p2: LadyZoroark|move: Light Screen\n|\n|upkeep\n|turn|3\n|\n|t:|1701076742\n|-terastallize|p2a: Mew|Ghost\n|move|p1a: Toxapex|Toxic|p2a: Mew\n|-status|p2a: Mew|tox\n|-activate|p2a: Mew|ability: Synchronize\n|-immune|p1a: Toxapex\n|move|p2a: Mew|Thunderbolt|p1a: Toxapex\n|-supereffective|p1a: Toxapex\n|-damage|p1a: Toxapex|70\/100\n|\n|-heal|p1a: Toxapex|76\/100|[from] item: Black Sludge\n|-damage|p2a: Mew|94\/100 tox|[from] psn\n|upkeep\n|turn|4\n|\n|t:|1701076760\n|switch|p1a: Torkoal|Torkoal, M|100\/100\n|-weather|SunnyDay|[from] ability: Drought|[of] p1a: Torkoal\n|move|p2a: Mew|Knock Off|p1a: Torkoal\n|-damage|p1a: Torkoal|85\/100\n|-enditem|p1a: Torkoal|Life Orb|[from] move: Knock Off|[of] p2a: Mew\n|\n|-weather|SunnyDay|[upkeep]\n|-damage|p2a: Mew|82\/100 tox|[from] psn\n|upkeep\n|turn|5\n|\n|t:|1701076772\n|move|p1a: Torkoal|Eruption|p2a: Mew\n|-damage|p2a: Mew|58\/100 tox\n|move|p2a: Mew|Stealth Rock|p1a: Torkoal\n|-sidestart|p1: FlaminThundez|move: Stealth Rock\n|\n|-weather|SunnyDay|[upkeep]\n|-damage|p2a: Mew|39\/100 tox|[from] psn\n|-fieldend|move: Trick Room\n|upkeep\n|turn|6\n|\n|t:|1701076789\n|move|p2a: Mew|Knock Off|p1a: Torkoal\n|-damage|p1a: Torkoal|73\/100\n|move|p1a: Torkoal|Eruption|p2a: Mew\n|-damage|p2a: Mew|18\/100 tox\n|\n|-weather|SunnyDay|[upkeep]\n|-damage|p2a: Mew|0 fnt|[from] psn\n|faint|p2a: Mew\n|-sideend|p2: LadyZoroark|move: Light Screen\n|upkeep\n|\n|t:|1701076802\n|switch|p2a: Iron Valiant|Iron Valiant|100\/100\n|turn|7\n|\n|t:|1701076808\n|move|p2a: Iron Valiant|Nasty Plot|p2a: Iron Valiant\n|-boost|p2a: Iron Valiant|spa|2\n|move|p1a: Torkoal|Earthquake|p2a: Iron Valiant\n|-damage|p2a: Iron Valiant|60\/100\n|replace|p2a: Zora|Zoroark-Hisui, F\n|-end|p2a: Zora|Illusion\n|\n|-weather|SunnyDay|[upkeep]\n|upkeep\n|turn|8\n|\n|t:|1701076821\n|move|p2a: Zora|Bitter Malice|p1a: Torkoal\n|-damage|p1a: Torkoal|0 fnt\n|faint|p1a: Torkoal\n|\n|-weather|none\n|upkeep\n|\n|t:|1701076830\n|switch|p1a: Garganacl|Garganacl, M|100\/100\n|-damage|p1a: Garganacl|88\/100|[from] Stealth Rock\n|turn|9\n|\n|t:|1701076837\n|move|p2a: Zora|Bitter Malice|p1a: Garganacl\n|-damage|p1a: Garganacl|54\/100\n|-unboost|p1a: Garganacl|atk|1\n|move|p1a: Garganacl|Salt Cure|p2a: Zora\n|-damage|p2a: Zora|42\/100\n|-start|p2a: Zora|Salt Cure\n|\n|-heal|p1a: Garganacl|60\/100|[from] item: Leftovers\n|-damage|p2a: Zora|29\/100|[from] Salt Cure\n|upkeep\n|turn|10\n|\n|t:|1701076851\n|move|p2a: Zora|Dark Pulse|p1a: Garganacl\n|-damage|p1a: Garganacl|6\/100\n|move|p1a: Garganacl|Recover|p1a: Garganacl\n|-heal|p1a: Garganacl|56\/100\n|\n|-heal|p1a: Garganacl|62\/100|[from] item: Leftovers\n|-damage|p2a: Zora|17\/100|[from] Salt Cure\n|upkeep\n|turn|11\n|\n|t:|1701076862\n|move|p1a: Garganacl|Protect|p1a: Garganacl\n|-singleturn|p1a: Garganacl|Protect\n|move|p2a: Zora|Dark Pulse|p1a: Garganacl\n|-activate|p1a: Garganacl|move: Protect\n|\n|-heal|p1a: Garganacl|68\/100|[from] item: Leftovers\n|-damage|p2a: Zora|4\/100|[from] Salt Cure\n|upkeep\n|turn|12\n|\n|t:|1701076872\n|move|p2a: Zora|Bitter Malice|p1a: Garganacl\n|-damage|p1a: Garganacl|32\/100\n|-unboost|p1a: Garganacl|atk|1\n|move|p1a: Garganacl|Recover|p1a: Garganacl\n|-heal|p1a: Garganacl|82\/100\n|\n|-heal|p1a: Garganacl|88\/100|[from] item: Leftovers\n|-damage|p2a: Zora|0 fnt|[from] Salt Cure\n|faint|p2a: Zora\n|upkeep\n|\n|t:|1701076893\n|switch|p2a: Iron Valiant|Iron Valiant|100\/100\n|-enditem|p2a: Iron Valiant|Booster Energy\n|-activate|p2a: Iron Valiant|ability: Quark Drive|[fromitem]\n|-start|p2a: Iron Valiant|quarkdrivespe\n|turn|13\n|\n|t:|1701076901\n|move|p2a: Iron Valiant|Substitute|p2a: Iron Valiant\n|-start|p2a: Iron Valiant|Substitute\n|-damage|p2a: Iron Valiant|76\/100\n|move|p1a: Garganacl|Salt Cure|p2a: Iron Valiant\n|-resisted|p2a: Iron Valiant\n|-activate|p2a: Iron Valiant|move: Substitute|[damage]\n|\n|-heal|p1a: Garganacl|95\/100|[from] item: Leftovers\n|upkeep\n|turn|14\n|\n|t:|1701076910\n|move|p1a: Garganacl|Protect|p1a: Garganacl\n|-singleturn|p1a: Garganacl|Protect\n|move|p2a: Iron Valiant|Swords Dance|p2a: Iron Valiant\n|-boost|p2a: Iron Valiant|atk|2\n|\n|-heal|p1a: Garganacl|100\/100|[from] item: Leftovers\n|upkeep\n|turn|15\n|\n|t:|1701076920\n|move|p2a: Iron Valiant|Swords Dance|p2a: Iron Valiant\n|-boost|p2a: Iron Valiant|atk|2\n|move|p1a: Garganacl|Salt Cure|p2a: Iron Valiant\n|-resisted|p2a: Iron Valiant\n|-activate|p2a: Iron Valiant|move: Substitute|[damage]\n|\n|upkeep\n|turn|16\n|\n|t:|1701076930\n|switch|p1a: Toxapex|Toxapex, M|100\/100\n|-damage|p1a: Toxapex|88\/100|[from] Stealth Rock\n|move|p2a: Iron Valiant|Swords Dance|p2a: Iron Valiant\n|-boost|p2a: Iron Valiant|atk|2\n|\n|-heal|p1a: Toxapex|94\/100|[from] item: Black Sludge\n|upkeep\n|turn|17\n|\n|t:|1701076943\n|move|p1a: Toxapex|Baneful Bunker|p1a: Toxapex\n|-singleturn|p1a: Toxapex|move: Protect\n|move|p2a: Iron Valiant|Knock Off|p1a: Toxapex\n|-activate|p1a: Toxapex|move: Protect\n|-status|p2a: Iron Valiant|psn\n|\n|-heal|p1a: Toxapex|99\/100|[from] item: Black Sludge\n|-damage|p2a: Iron Valiant|63\/100 psn|[from] psn\n|upkeep\n|turn|18\n|\n|t:|1701076959\n|move|p2a: Iron Valiant|Knock Off|p1a: Toxapex\n|-damage|p1a: Toxapex|15\/100\n|-enditem|p1a: Toxapex|Black Sludge|[from] move: Knock Off|[of] p2a: Iron Valiant\n|move|p1a: Toxapex|Recover|p1a: Toxapex\n|-heal|p1a: Toxapex|65\/100\n|\n|-damage|p2a: Iron Valiant|51\/100 psn|[from] psn\n|upkeep\n|turn|19\n|\n|t:|1701076980\n|move|p1a: Toxapex|Baneful Bunker|p1a: Toxapex\n|-singleturn|p1a: Toxapex|move: Protect\n|move|p2a: Iron Valiant|Drain Punch|p1a: Toxapex\n|-activate|p1a: Toxapex|move: Protect\n|\n|-damage|p2a: Iron Valiant|38\/100 psn|[from] psn\n|upkeep\n|turn|20\n|\n|t:|1701077008\n|move|p2a: Iron Valiant|Drain Punch|p1a: Toxapex\n|-resisted|p1a: Toxapex\n|-damage|p1a: Toxapex|11\/100\n|-heal|p2a: Iron Valiant|66\/100 psn|[from] drain|[of] p1a: Toxapex\n|move|p1a: Toxapex|Recover|p1a: Toxapex\n|-heal|p1a: Toxapex|62\/100\n|\n|-damage|p2a: Iron Valiant|54\/100 psn|[from] psn\n|upkeep\n|turn|21\n|\n|t:|1701077025\n|move|p1a: Toxapex|Baneful Bunker|p1a: Toxapex\n|-singleturn|p1a: Toxapex|move: Protect\n|move|p2a: Iron Valiant|Knock Off|p1a: Toxapex\n|-activate|p1a: Toxapex|move: Protect\n|\n|-damage|p2a: Iron Valiant|41\/100 psn|[from] psn\n|upkeep\n|turn|22\n|\n|t:|1701077036\n|move|p2a: Iron Valiant|Drain Punch|p1a: Toxapex\n|-resisted|p1a: Toxapex\n|-damage|p1a: Toxapex|9\/100\n|-heal|p2a: Iron Valiant|69\/100 psn|[from] drain|[of] p1a: Toxapex\n|move|p1a: Toxapex|Recover|p1a: Toxapex\n|-heal|p1a: Toxapex|59\/100\n|\n|-damage|p2a: Iron Valiant|57\/100 psn|[from] psn\n|upkeep\n|turn|23\n|\n|t:|1701077047\n|move|p2a: Iron Valiant|Knock Off|p1a: Toxapex\n|-damage|p1a: Toxapex|0 fnt\n|faint|p1a: Toxapex\n|\n|-damage|p2a: Iron Valiant|44\/100 psn|[from] psn\n|upkeep\n|\n|t:|1701077092\n|switch|p1a: Ursaluna|Ursaluna, F|100\/100\n|-damage|p1a: Ursaluna|94\/100|[from] Stealth Rock\n|turn|24\n|\n|t:|1701077101\n|move|p2a: Iron Valiant|Drain Punch|p1a: Ursaluna\n|-supereffective|p1a: Ursaluna\n|-damage|p1a: Ursaluna|0 fnt\n|-heal|p2a: Iron Valiant|100\/100 psn|[from] drain|[of] p1a: Ursaluna\n|faint|p1a: Ursaluna\n|\n|-damage|p2a: Iron Valiant|88\/100 psn|[from] psn\n|upkeep\n|\n|t:|1701077109\n|switch|p1a: Maushold|Maushold-Four|100\/100\n|-damage|p1a: Maushold|88\/100|[from] Stealth Rock\n|turn|25\n|\n|t:|1701077117\n|move|p2a: Iron Valiant|Drain Punch|p1a: Maushold\n|-supereffective|p1a: Maushold\n|-damage|p1a: Maushold|0 fnt\n|-heal|p2a: Iron Valiant|100\/100 psn|[from] drain|[of] p1a: Maushold\n|faint|p1a: Maushold\n|\n|-damage|p2a: Iron Valiant|88\/100 psn|[from] psn\n|upkeep\n|-message|FlaminThundez forfeited.\n|\n|win|LadyZoroark\n|raw|FlaminThundez's rating: 1048 &rarr; <strong>1034<\/strong><br \/>(-14 for losing)\n|raw|LadyZoroark's rating: 1109 &rarr; <strong>1130<\/strong><br \/>(+21 for winning)\n|l|\u2606FlaminThundez\n|c|\u2606LadyZoroark|Ty for the health\n","uploadtime":1701077152,"views":29,"p1id":"flaminthundez","p2id":"ladyzoroark","formatid":"gen9ou","rating":1034,"private":0,"password":""}