{"id":"gen9ou-1992402462","p1":"king cordon bleu","p2":"Poison Ivy Thorns","format":"[Gen 9] OU","log":"|j|\u2606king cordon bleu\n|j|\u2606Poison Ivy Thorns\n|t:|1700183418\n|gametype|singles\n|player|p1|king cordon bleu|petrel|1344\n|player|p2|Poison Ivy Thorns|barry|1389\n|teamsize|p1|6\n|teamsize|p2|6\n|gen|9\n|tier|[Gen 9] OU\n|rated|\n|rule|Sleep Clause Mod: Limit one foe put to sleep\n|rule|Species Clause: Limit one of each Pok\u00e9mon\n|rule|OHKO Clause: OHKO moves are banned\n|rule|Evasion Items Clause: Evasion items are banned\n|rule|Evasion Moves Clause: Evasion moves are banned\n|rule|Endless Battle Clause: Forcing endless battles is banned\n|rule|HP Percentage Mod: HP is shown in percentages\n|clearpoke\n|poke|p1|Dragapult, F|\n|poke|p1|Enamorus-Therian, F|\n|poke|p1|Ninetales-Alola, M|\n|poke|p1|Ogerpon-Wellspring, F|\n|poke|p1|Great Tusk|\n|poke|p1|Munkidori, M|\n|poke|p2|Glimmora, F|\n|poke|p2|Ogerpon-Wellspring, F|\n|poke|p2|Zapdos|\n|poke|p2|Arcanine, F|\n|poke|p2|Gholdengo|\n|poke|p2|Great Tusk|\n|teampreview\n|inactive|Battle timer is ON: inactive players will automatically lose when time's up. (requested by king cordon bleu)\n|\n|t:|1700183448\n|start\n|switch|p1a: Munkidori|Munkidori, M|100\/100\n|switch|p2a: Gholdengo|Gholdengo|100\/100\n|turn|1\n|\n|t:|1700183458\n|-terastallize|p1a: Munkidori|Ghost\n|move|p1a: Munkidori|Shadow Ball|p2a: Gholdengo\n|-supereffective|p2a: Gholdengo\n|-damage|p2a: Gholdengo|0 fnt\n|faint|p2a: Gholdengo\n|\n|upkeep\n|\n|t:|1700183466\n|switch|p2a: Ogerpon|Ogerpon-Wellspring, F|100\/100\n|turn|2\n|\n|t:|1700183485\n|move|p1a: Munkidori|Shadow Ball|p2a: Ogerpon\n|-damage|p2a: Ogerpon|48\/100\n|move|p2a: Ogerpon|Knock Off|p1a: Munkidori\n|-supereffective|p1a: Munkidori\n|-damage|p1a: Munkidori|0 fnt\n|-enditem|p1a: Munkidori|Choice Scarf|[from] move: Knock Off|[of] p2a: Ogerpon\n|faint|p1a: Munkidori\n|\n|upkeep\n|\n|t:|1700183498\n|switch|p1a: Dragapult|Dragapult, F|100\/100\n|turn|3\n|\n|t:|1700183510\n|switch|p2a: Glimmora|Glimmora, F|100\/100\n|move|p1a: Dragapult|U-turn|p2a: Glimmora\n|-resisted|p2a: Glimmora\n|-damage|p2a: Glimmora|91\/100\n|-activate|p2a: Glimmora|ability: Toxic Debris\n|-sidestart|p1: king cordon bleu|move: Toxic Spikes\n|inactive|king cordon bleu has 120 seconds left.\n|\n|t:|1700183553\n|switch|p1a: Ninetales|Ninetales-Alola, M, shiny|100\/100|[from] U-turn\n|-status|p1a: Ninetales|psn\n|-weather|Snow|[from] ability: Snow Warning|[of] p1a: Ninetales\n|\n|-weather|Snow|[upkeep]\n|-damage|p1a: Ninetales|88\/100 psn|[from] psn\n|upkeep\n|turn|4\n|\n|t:|1700183564\n|move|p1a: Ninetales|Aurora Veil|p1a: Ninetales\n|-sidestart|p1: king cordon bleu|move: Aurora Veil\n|move|p2a: Glimmora|Stealth Rock|p1a: Ninetales\n|-sidestart|p1: king cordon bleu|move: Stealth Rock\n|\n|-weather|Snow|[upkeep]\n|-damage|p1a: Ninetales|76\/100 psn|[from] psn\n|upkeep\n|turn|5\n|\n|t:|1700183574\n|move|p1a: Ninetales|Encore|p2a: Glimmora\n|-start|p2a: Glimmora|Encore\n|move|p2a: Glimmora|Stealth Rock||[still]\n|-fail|p2a: Glimmora\n|\n|-weather|Snow|[upkeep]\n|-damage|p1a: Ninetales|64\/100 psn|[from] psn\n|upkeep\n|turn|6\n|\n|t:|1700183589\n|switch|p1a: Great Tusk|Great Tusk|100\/100\n|-status|p1a: Great Tusk|psn\n|-damage|p1a: Great Tusk|98\/100 psn|[from] Stealth Rock\n|-enditem|p1a: Great Tusk|Booster Energy\n|-activate|p1a: Great Tusk|ability: Protosynthesis|[fromitem]\n|-start|p1a: Great Tusk|protosynthesisatk\n|switch|p2a: Arcanine|Arcanine, F|100\/100\n|\n|-weather|Snow|[upkeep]\n|-damage|p1a: Great Tusk|85\/100 psn|[from] psn\n|upkeep\n|turn|7\n|\n|t:|1700183601\n|move|p2a: Arcanine|Flare Blitz|p1a: Great Tusk\n|-damage|p1a: Great Tusk|56\/100 psn\n|-damage|p2a: Arcanine|90\/100|[from] Recoil\n|move|p1a: Great Tusk|Rapid Spin|p2a: Arcanine\n|-damage|p2a: Arcanine|59\/100\n|-boost|p1a: Great Tusk|spe|1\n|-sideend|p1: king cordon bleu|Toxic Spikes|[from] move: Rapid Spin|[of] p1a: Great Tusk\n|-sideend|p1: king cordon bleu|Stealth Rock|[from] move: Rapid Spin|[of] p1a: Great Tusk\n|\n|-weather|none\n|-damage|p1a: Great Tusk|44\/100 psn|[from] psn\n|upkeep\n|turn|8\n|\n|t:|1700183615\n|switch|p2a: Zapdos|Zapdos|100\/100\n|move|p1a: Great Tusk|Earthquake|p2a: Zapdos\n|-immune|p2a: Zapdos\n|\n|-damage|p1a: Great Tusk|31\/100 psn|[from] psn\n|upkeep\n|turn|9\n|\n|t:|1700183621\n|move|p1a: Great Tusk|Ice Spinner|p2a: Zapdos\n|-supereffective|p2a: Zapdos\n|-damage|p2a: Zapdos|27\/100\n|move|p2a: Zapdos|Roost|p2a: Zapdos\n|-heal|p2a: Zapdos|77\/100\n|-singleturn|p2a: Zapdos|move: Roost\n|\n|-damage|p1a: Great Tusk|19\/100 psn|[from] psn\n|upkeep\n|turn|10\n|\n|t:|1700183631\n|switch|p2a: Ogerpon|Ogerpon-Wellspring, F|48\/100\n|move|p1a: Great Tusk|Ice Spinner|p2a: Ogerpon\n|-damage|p2a: Ogerpon|0 fnt\n|faint|p2a: Ogerpon\n|\n|-damage|p1a: Great Tusk|7\/100 psn|[from] psn\n|upkeep\n|\n|t:|1700183636\n|switch|p2a: Glimmora|Glimmora, F|91\/100\n|turn|11\n|\n|t:|1700183640\n|switch|p2a: Zapdos|Zapdos|77\/100\n|move|p1a: Great Tusk|Earthquake|p2a: Zapdos\n|-immune|p2a: Zapdos\n|\n|-damage|p1a: Great Tusk|0 fnt|[from] psn\n|faint|p1a: Great Tusk\n|-end|p1a: Great Tusk|Protosynthesis|[silent]\n|-sideend|p1: king cordon bleu|move: Aurora Veil\n|upkeep\n|inactive|king cordon bleu has 120 seconds left.\n|\n|t:|1700183653\n|switch|p1a: Ninetales|Ninetales-Alola, M, shiny|64\/100 psn\n|-weather|Snow|[from] ability: Snow Warning|[of] p1a: Ninetales\n|turn|12\n|\n|t:|1700183657\n|switch|p2a: Glimmora|Glimmora, F|91\/100\n|move|p1a: Ninetales|Aurora Veil|p1a: Ninetales\n|-sidestart|p1: king cordon bleu|move: Aurora Veil\n|\n|-weather|Snow|[upkeep]\n|-damage|p1a: Ninetales|52\/100 psn|[from] psn\n|upkeep\n|turn|13\n|\n|t:|1700183666\n|move|p1a: Ninetales|Freeze-Dry|p2a: Glimmora\n|-damage|p2a: Glimmora|52\/100\n|move|p2a: Glimmora|Stealth Rock|p1a: Ninetales\n|-sidestart|p1: king cordon bleu|move: Stealth Rock\n|\n|-weather|Snow|[upkeep]\n|-damage|p1a: Ninetales|40\/100 psn|[from] psn\n|upkeep\n|turn|14\n|\n|t:|1700183675\n|switch|p2a: Arcanine|Arcanine, F|59\/100\n|move|p1a: Ninetales|Encore||[still]\n|-fail|p1a: Ninetales\n|\n|-weather|Snow|[upkeep]\n|-damage|p1a: Ninetales|27\/100 psn|[from] psn\n|upkeep\n|turn|15\n|\n|t:|1700183692\n|switch|p1a: Enamorus|Enamorus-Therian, F|100\/100\n|-damage|p1a: Enamorus|75\/100|[from] Stealth Rock\n|move|p2a: Arcanine|Flare Blitz|p1a: Enamorus\n|-damage|p1a: Enamorus|36\/100\n|-damage|p2a: Arcanine|45\/100|[from] Recoil\n|\n|-weather|Snow|[upkeep]\n|upkeep\n|turn|16\n|\n|t:|1700183708\n|move|p2a: Arcanine|Flare Blitz|p1a: Enamorus\n|-damage|p1a: Enamorus|0 fnt\n|faint|p1a: Enamorus\n|-damage|p2a: Arcanine|32\/100|[from] Recoil\n|\n|-weather|none\n|upkeep\n|\n|t:|1700183718\n|switch|p1a: Dragapult|Dragapult, F|100\/100\n|-damage|p1a: Dragapult|88\/100|[from] Stealth Rock\n|turn|17\n|\n|t:|1700183724\n|move|p1a: Dragapult|Shadow Ball|p2a: Arcanine\n|-damage|p2a: Arcanine|0 fnt\n|faint|p2a: Arcanine\n|\n|upkeep\n|\n|t:|1700183728\n|switch|p2a: Zapdos|Zapdos|77\/100\n|turn|18\n|\n|t:|1700183736\n|move|p1a: Dragapult|Shadow Ball|p2a: Zapdos\n|-damage|p2a: Zapdos|23\/100\n|move|p2a: Zapdos|Roost|p2a: Zapdos\n|-heal|p2a: Zapdos|73\/100\n|-singleturn|p2a: Zapdos|move: Roost\n|\n|upkeep\n|turn|19\n|\n|t:|1700183756\n|switch|p1a: Ninetales|Ninetales-Alola, M, shiny|27\/100 psn\n|-damage|p1a: Ninetales|3\/100 psn|[from] Stealth Rock\n|-weather|Snow|[from] ability: Snow Warning|[of] p1a: Ninetales\n|switch|p2a: Glimmora|Glimmora, F|52\/100\n|\n|-weather|Snow|[upkeep]\n|-damage|p1a: Ninetales|0 fnt|[from] psn\n|faint|p1a: Ninetales\n|-sideend|p1: king cordon bleu|move: Aurora Veil\n|upkeep\n|inactive|king cordon bleu has 120 seconds left.\n|\n|t:|1700183781\n|switch|p1a: Dragapult|Dragapult, F|88\/100\n|-damage|p1a: Dragapult|76\/100|[from] Stealth Rock\n|turn|20\n|\n|t:|1700183786\n|move|p1a: Dragapult|Shadow Ball|p2a: Glimmora\n|-damage|p2a: Glimmora|0 fnt\n|faint|p2a: Glimmora\n|\n|-weather|Snow|[upkeep]\n|upkeep\n|\n|t:|1700183793\n|switch|p2a: Zapdos|Zapdos|73\/100\n|turn|21\n|\n|t:|1700183801\n|move|p1a: Dragapult|Shadow Ball|p2a: Zapdos\n|-damage|p2a: Zapdos|21\/100\n|move|p2a: Zapdos|Hurricane|p1a: Dragapult|[miss]\n|-miss|p2a: Zapdos|p1a: Dragapult\n|\n|-weather|Snow|[upkeep]\n|upkeep\n|turn|22\n|c|\u2606Poison Ivy Thorns|bruh\n|c|\u2606Poison Ivy Thorns|I won if I hit that\n|\n|t:|1700183809\n|move|p1a: Dragapult|Shadow Ball|p2a: Zapdos\n|-damage|p2a: Zapdos|0 fnt\n|faint|p2a: Zapdos\n|\n|-weather|Snow|[upkeep]\n|upkeep\n|c|\u2606king cordon bleu|lol\n|\n|t:|1700183813\n|switch|p2a: Great Tusk|Great Tusk|100\/100\n|turn|23\n|\n|t:|1700183838\n|switch|p1a: Ogerpon|Ogerpon-Wellspring, F|100\/100\n|-damage|p1a: Ogerpon|88\/100|[from] Stealth Rock\n|move|p2a: Great Tusk|Ice Spinner|p1a: Ogerpon\n|-damage|p1a: Ogerpon|54\/100\n|\n|-weather|none\n|upkeep\n|turn|24\n|\n|t:|1700183847\n|-terastallize|p2a: Great Tusk|Steel\n|move|p1a: Ogerpon|Ivy Cudgel|p2a: Great Tusk|[anim] Ivy Cudgel Water\n|-damage|p2a: Great Tusk|57\/100\n|move|p2a: Great Tusk|Rapid Spin|p1a: Ogerpon\n|-damage|p1a: Ogerpon|30\/100\n|-boost|p2a: Great Tusk|spe|1\n|\n|upkeep\n|turn|25\n|inactive|king cordon bleu has 120 seconds left.\n|\n|t:|1700183870\n|move|p2a: Great Tusk|Close Combat|p1a: Ogerpon\n|-damage|p1a: Ogerpon|0 fnt\n|-unboost|p2a: Great Tusk|def|1\n|-unboost|p2a: Great Tusk|spd|1\n|faint|p1a: Ogerpon\n|\n|upkeep\n|inactive|king cordon bleu has 120 seconds left.\n|\n|t:|1700183876\n|switch|p1a: Dragapult|Dragapult, F|76\/100\n|-damage|p1a: Dragapult|64\/100|[from] Stealth Rock\n|turn|26\n|\n|t:|1700183880\n|move|p2a: Great Tusk|Ice Spinner|p1a: Dragapult\n|-supereffective|p1a: Dragapult\n|-damage|p1a: Dragapult|0 fnt\n|faint|p1a: Dragapult\n|\n|win|Poison Ivy Thorns\n|raw|king cordon bleu's rating: 1344 &rarr; <strong>1327<\/strong><br \/>(-17 for losing)\n|raw|Poison Ivy Thorns's rating: 1389 &rarr; <strong>1406<\/strong><br \/>(+17 for winning)\n|c|\u2606Poison Ivy Thorns|lol\n","uploadtime":1700183884,"views":7,"p1id":"kingcordonbleu","p2id":"poisonivythorns","formatid":"gen9ou","rating":1327,"private":0,"password":""}