{"id":"gen9ou-1994041945","p1":"triexiemortel","p2":"Cupcake Collector","format":"[Gen 9] OU","log":"|j|\u2606triexiemortel\n|j|\u2606Cupcake Collector\n|inactive|Battle timer is ON: inactive players will automatically lose when time's up.\n|t:|1700398605\n|gametype|singles\n|player|p1|triexiemortel|102|\n|player|p2|Cupcake Collector|heroine2-conquest|\n|teamsize|p1|3\n|teamsize|p2|3\n|gen|9\n|tier|[Gen 9] OU\n|rated|Tournament battle\n|rule|Sleep Clause Mod: Limit one foe put to sleep\n|rule|Species Clause: Limit one of each Pok\u00e9mon\n|rule|OHKO Clause: OHKO moves are banned\n|rule|Evasion Items Clause: Evasion items are banned\n|rule|Evasion Moves Clause: Evasion moves are banned\n|rule|Endless Battle Clause: Forcing endless battles is banned\n|rule|HP Percentage Mod: HP is shown in percentages\n|clearpoke\n|poke|p1|Zoroark-Hisui, M|\n|poke|p1|Lycanroc-Dusk, F|\n|poke|p1|Lampent, M|\n|poke|p2|Pineco, F|\n|poke|p2|Quilladin, F|\n|poke|p2|Dragonite, M|\n|teampreview\n|j|*Lady Monita \u2746\n|inactive|Cupcake Collector also wants the timer to be on.\n|\n|t:|1700398619\n|start\n|switch|p1a: Lycanroc|Lycanroc-Dusk, F|100\/100\n|switch|p2a: Pineco|Pineco, F|100\/100\n|turn|1\n|j| Oscarx90\n|\n|t:|1700398638\n|move|p1a: Lycanroc|Tera Blast|p2a: Pineco\n|-damage|p2a: Pineco|72\/100\n|move|p2a: Pineco|Stealth Rock|p1a: Lycanroc\n|-sidestart|p1: triexiemortel|move: Stealth Rock\n|\n|upkeep\n|turn|2\n|j| casacasa\n|\n|t:|1700398647\n|-terastallize|p1a: Lycanroc|Flying\n|move|p1a: Lycanroc|Tera Blast|p2a: Pineco|[anim] Tera Blast Flying\n|-supereffective|p2a: Pineco\n|-damage|p2a: Pineco|0 fnt\n|faint|p2a: Pineco\n|\n|upkeep\n|l| casacasa\n|\n|t:|1700398657\n|switch|p2a: Quilladin|Quilladin, F, shiny|100\/100\n|turn|3\n|\n|t:|1700398664\n|move|p1a: Lycanroc|Tera Blast|p2a: Quilladin|[anim] Tera Blast Flying\n|-supereffective|p2a: Quilladin\n|-damage|p2a: Quilladin|25\/100\n|move|p2a: Quilladin|Trailblaze|p1a: Lycanroc\n|-resisted|p1a: Lycanroc\n|-crit|p1a: Lycanroc\n|-damage|p1a: Lycanroc|76\/100\n|-boost|p2a: Quilladin|spe|1\n|\n|upkeep\n|turn|4\n|\n|t:|1700398677\n|move|p1a: Lycanroc|Tera Blast|p2a: Quilladin|[anim] Tera Blast Flying\n|-supereffective|p2a: Quilladin\n|-damage|p2a: Quilladin|0 fnt\n|faint|p2a: Quilladin\n|\n|upkeep\n|\n|t:|1700398680\n|switch|p2a: Dragonite|Dragonite, M|100\/100\n|turn|5\n|\n|t:|1700398686\n|switch|p1a: Lampent|Lampent, M|100\/100\n|-damage|p1a: Lampent|76\/100|[from] Stealth Rock\n|-terastallize|p2a: Dragonite|Normal\n|move|p2a: Dragonite|Dragon Dance|p2a: Dragonite\n|-boost|p2a: Dragonite|atk|1\n|-boost|p2a: Dragonite|spe|1\n|\n|upkeep\n|turn|6\n|\n|t:|1700398693\n|move|p2a: Dragonite|Earthquake|p1a: Lampent\n|-supereffective|p1a: Lampent\n|-damage|p1a: Lampent|0 fnt\n|faint|p1a: Lampent\n|\n|upkeep\n|\n|t:|1700398703\n|switch|p1a: Lycanroc|Lycanroc-Dusk, F|100\/100\n|-damage|p1a: Lycanroc|88\/100|[from] Stealth Rock\n|-start|p1a: Lycanroc|typechange|Flying|[silent]\n|turn|7\n|\n|t:|1700398716\n|move|p2a: Dragonite|Earthquake|p1a: Lycanroc\n|-damage|p1a: Lycanroc|0 fnt\n|replace|p1a: Zoroark|Zoroark-Hisui, M\n|-end|p1a: Zoroark|Illusion\n|faint|p1a: Zoroark\n|\n|upkeep\n|\n|t:|1700398719\n|switch|p1a: Lycanroc|Lycanroc-Dusk, F, tera:Flying|76\/100\n|-damage|p1a: Lycanroc|51\/100|[from] Stealth Rock\n|turn|8\n|\n|t:|1700398726\n|move|p2a: Dragonite|Extreme Speed|p1a: Lycanroc\n|-damage|p1a: Lycanroc|0 fnt\n|faint|p1a: Lycanroc\n|\n|win|Cupcake Collector\n|n|\u2606triexiemortel|triexiemortel\n|n|\u2606Cupcake Collector|cupcakecollector\n|n|*Lady Monita \u2746|ladymonita\n|n| Oscarx90|oscarx90\n","uploadtime":1700398727,"views":6,"p1id":"triexiemortel","p2id":"cupcakecollector","formatid":"gen9ou","rating":0,"private":0,"password":""}