{"id":"gen9ou-1993194050","p1":"Kuzwa","p2":"Focus sash JFK","format":"[Gen 9] OU","log":"|j|\u2606Kuzwa\n|j|\u2606Focus sash JFK\n|t:|1700276356\n|gametype|singles\n|player|p1|Kuzwa|pokemonbreeder-gen4|1121\n|player|p2|Focus sash JFK|marlon|1174\n|teamsize|p1|6\n|teamsize|p2|6\n|gen|9\n|tier|[Gen 9] OU\n|rated|\n|rule|Sleep Clause Mod: Limit one foe put to sleep\n|rule|Species Clause: Limit one of each Pok\u00e9mon\n|rule|OHKO Clause: OHKO moves are banned\n|rule|Evasion Items Clause: Evasion items are banned\n|rule|Evasion Moves Clause: Evasion moves are banned\n|rule|Endless Battle Clause: Forcing endless battles is banned\n|rule|HP Percentage Mod: HP is shown in percentages\n|clearpoke\n|poke|p1|Greninja-*, M|\n|poke|p1|Sinistcha-Masterpiece|\n|poke|p1|Gallade, M|\n|poke|p1|Weavile, F|\n|poke|p1|Hydreigon, M|\n|poke|p1|Glimmora, M|\n|poke|p2|Pelipper, M|\n|poke|p2|Basculegion, M|\n|poke|p2|Garganacl, F|\n|poke|p2|Zapdos|\n|poke|p2|Clodsire, F|\n|poke|p2|Cinderace, F|\n|teampreview\n|\n|t:|1700276363\n|start\n|switch|p1a: thing|Glimmora, M, shiny|100\/100\n|switch|p2a: Miss|Cinderace, F|100\/100\n|-item|p1a: thing|Air Balloon\n|turn|1\n|inactive|Battle timer is ON: inactive players will automatically lose when time's up. (requested by Kuzwa)\n|\n|t:|1700276368\n|move|p2a: Miss|U-turn|p1a: thing\n|-start|p2a: Miss|typechange|Bug|[from] ability: Libero\n|-resisted|p1a: thing\n|-damage|p1a: thing|82\/100\n|-activate|p1a: thing|ability: Toxic Debris\n|-sidestart|p2: Focus sash JFK|move: Toxic Spikes\n|-enditem|p1a: thing|Air Balloon\n|\n|t:|1700276370\n|switch|p2a: Poopy|Clodsire, F|100\/100|[from] U-turn\n|-sideend|p2: Focus sash JFK|move: Toxic Spikes|[of] p2a: Poopy\n|move|p1a: thing|Power Gem|p2a: Poopy\n|-resisted|p2a: Poopy\n|-crit|p2a: Poopy\n|-damage|p2a: Poopy|84\/100\n|\n|upkeep\n|turn|2\n|\n|t:|1700276374\n|move|p1a: thing|Earth Power|p2a: Poopy\n|-supereffective|p2a: Poopy\n|-damage|p2a: Poopy|51\/100\n|move|p2a: Poopy|Earthquake|p1a: thing\n|-supereffective|p1a: thing\n|-damage|p1a: thing|0 fnt\n|-activate|p1a: thing|ability: Toxic Debris\n|-sidestart|p2: Focus sash JFK|move: Toxic Spikes\n|faint|p1a: thing\n|\n|upkeep\n|\n|t:|1700276377\n|switch|p1a: Thanatos|Hydreigon, M|100\/100\n|turn|3\n|\n|t:|1700276382\n|move|p1a: Thanatos|Nasty Plot|p1a: Thanatos\n|-boost|p1a: Thanatos|spa|2\n|move|p2a: Poopy|Toxic|p1a: Thanatos\n|-status|p1a: Thanatos|tox\n|\n|-damage|p1a: Thanatos|94\/100 tox|[from] psn\n|upkeep\n|turn|4\n|\n|t:|1700276385\n|move|p1a: Thanatos|Nasty Plot|p1a: Thanatos\n|-boost|p1a: Thanatos|spa|2\n|move|p2a: Poopy|Recover|p2a: Poopy\n|-heal|p2a: Poopy|100\/100\n|\n|-damage|p1a: Thanatos|82\/100 tox|[from] psn\n|upkeep\n|turn|5\n|\n|t:|1700276387\n|move|p1a: Thanatos|Nasty Plot|p1a: Thanatos\n|-boost|p1a: Thanatos|spa|2\n|move|p2a: Poopy|Recover||[still]\n|-fail|p2a: Poopy|heal\n|\n|-damage|p1a: Thanatos|64\/100 tox|[from] psn\n|upkeep\n|turn|6\n|\n|t:|1700276390\n|move|p1a: Thanatos|Dark Pulse|p2a: Poopy\n|-damage|p2a: Poopy|10\/100\n|move|p2a: Poopy|Recover|p2a: Poopy\n|-heal|p2a: Poopy|60\/100\n|\n|-damage|p1a: Thanatos|39\/100 tox|[from] psn\n|upkeep\n|turn|7\n|\n|t:|1700276395\n|move|p1a: Thanatos|Dark Pulse|p2a: Poopy\n|-damage|p2a: Poopy|0 fnt\n|faint|p2a: Poopy\n|\n|-damage|p1a: Thanatos|8\/100 tox|[from] psn\n|upkeep\n|\n|t:|1700276400\n|switch|p2a: Miss|Cinderace, F|100\/100\n|-status|p2a: Miss|psn\n|turn|8\n|\n|t:|1700276410\n|move|p2a: Miss|Court Change|p2a: Miss\n|-start|p2a: Miss|typechange|Normal|[from] ability: Libero\n|-swapsideconditions\n|-activate|p2a: Miss|move: Court Change\n|move|p1a: Thanatos|Draco Meteor|p2a: Miss\n|-damage|p2a: Miss|0 fnt\n|-unboost|p1a: Thanatos|spa|2\n|faint|p2a: Miss\n|\n|-damage|p1a: Thanatos|0 fnt|[from] psn\n|faint|p1a: Thanatos\n|upkeep\n|\n|t:|1700276425\n|switch|p2a: Fat chin ahh|Pelipper, M|100\/100\n|switch|p1a: Hidetoshi Odagiri|Greninja, M|100\/100\n|-status|p1a: Hidetoshi Odagiri|psn\n|-weather|RainDance|[from] ability: Drizzle|[of] p2a: Fat chin ahh\n|turn|9\n|\n|t:|1700276428\n|move|p1a: Hidetoshi Odagiri|Dark Pulse|p2a: Fat chin ahh\n|-damage|p2a: Fat chin ahh|49\/100\n|move|p2a: Fat chin ahh|U-turn|p1a: Hidetoshi Odagiri\n|-supereffective|p1a: Hidetoshi Odagiri\n|-damage|p1a: Hidetoshi Odagiri|72\/100 psn\n|\n|t:|1700276430\n|switch|p2a: \u3051\u3093|Basculegion, M|100\/100|[from] U-turn\n|\n|-weather|RainDance|[upkeep]\n|-damage|p1a: Hidetoshi Odagiri|60\/100 psn|[from] psn\n|upkeep\n|turn|10\n|\n|t:|1700276452\n|move|p2a: \u3051\u3093|Wave Crash|p1a: Hidetoshi Odagiri\n|-resisted|p1a: Hidetoshi Odagiri\n|-damage|p1a: Hidetoshi Odagiri|0 fnt\n|faint|p1a: Hidetoshi Odagiri\n|-damage|p2a: \u3051\u3093|86\/100|[from] Recoil\n|\n|-weather|RainDance|[upkeep]\n|upkeep\n|\n|t:|1700276456\n|switch|p1a: Ken Amada|Sinistcha-Masterpiece|100\/100\n|turn|11\n|inactive|Focus sash JFK has 120 seconds left.\n|\n|t:|1700276490\n|switch|p2a: Zwe|Zapdos|100\/100\n|move|p1a: Ken Amada|Matcha Gotcha|p2a: Zwe\n|-resisted|p2a: Zwe\n|-damage|p2a: Zwe|79\/100\n|\n|-weather|RainDance|[upkeep]\n|upkeep\n|turn|12\n|\n|t:|1700276498\n|switch|p1a: Nyx|Weavile, F|100\/100\n|-status|p1a: Nyx|psn\n|move|p2a: Zwe|Hurricane|p1a: Nyx\n|-damage|p1a: Nyx|16\/100 psn\n|\n|-weather|RainDance|[upkeep]\n|-damage|p1a: Nyx|4\/100 psn|[from] psn\n|upkeep\n|turn|13\n|\n|t:|1700276503\n|switch|p2a: Flinch|Garganacl, F|100\/100\n|move|p1a: Nyx|Ice Spinner|p2a: Flinch\n|-damage|p2a: Flinch|80\/100\n|\n|-weather|RainDance|[upkeep]\n|-damage|p1a: Nyx|0 fnt|[from] psn\n|faint|p1a: Nyx\n|upkeep\n|\n|t:|1700276509\n|switch|p1a: Ryoji Mochizuki|Gallade, M, shiny|100\/100\n|-status|p1a: Ryoji Mochizuki|psn\n|turn|14\n|\n|t:|1700276523\n|-terastallize|p2a: Flinch|Water\n|move|p1a: Ryoji Mochizuki|Swords Dance|p1a: Ryoji Mochizuki\n|-boost|p1a: Ryoji Mochizuki|atk|2\n|move|p2a: Flinch|Curse|p2a: Flinch\n|-unboost|p2a: Flinch|spe|1\n|-boost|p2a: Flinch|atk|1\n|-boost|p2a: Flinch|def|1\n|\n|-weather|RainDance|[upkeep]\n|-damage|p1a: Ryoji Mochizuki|88\/100 psn|[from] psn\n|upkeep\n|turn|15\n|\n|t:|1700276528\n|move|p1a: Ryoji Mochizuki|Sacred Sword|p2a: Flinch\n|-damage|p2a: Flinch|14\/100\n|move|p2a: Flinch|Salt Cure|p1a: Ryoji Mochizuki\n|-resisted|p1a: Ryoji Mochizuki\n|-damage|p1a: Ryoji Mochizuki|69\/100 psn\n|-start|p1a: Ryoji Mochizuki|Salt Cure\n|\n|-weather|RainDance|[upkeep]\n|-damage|p1a: Ryoji Mochizuki|56\/100 psn|[from] psn\n|-damage|p1a: Ryoji Mochizuki|44\/100 psn|[from] Salt Cure\n|upkeep\n|turn|16\n|\n|t:|1700276531\n|move|p1a: Ryoji Mochizuki|Shadow Sneak|p2a: Flinch\n|-damage|p2a: Flinch|10\/100\n|move|p2a: Flinch|Recover|p2a: Flinch\n|-heal|p2a: Flinch|60\/100\n|\n|-weather|none\n|-damage|p1a: Ryoji Mochizuki|32\/100 psn|[from] psn\n|-damage|p1a: Ryoji Mochizuki|20\/100 psn|[from] Salt Cure\n|upkeep\n|turn|17\n|\n|t:|1700276534\n|move|p1a: Ryoji Mochizuki|Sacred Sword|p2a: Flinch\n|-damage|p2a: Flinch|0 fnt\n|faint|p2a: Flinch\n|\n|-damage|p1a: Ryoji Mochizuki|7\/100 psn|[from] psn\n|-damage|p1a: Ryoji Mochizuki|0 fnt|[from] Salt Cure\n|faint|p1a: Ryoji Mochizuki\n|upkeep\n|\n|t:|1700276539\n|switch|p1a: Ken Amada|Sinistcha-Masterpiece|100\/100\n|switch|p2a: Fat chin ahh|Pelipper, M|49\/100\n|-weather|RainDance|[from] ability: Drizzle|[of] p2a: Fat chin ahh\n|turn|18\n|\n|t:|1700276548\n|move|p1a: Ken Amada|Shadow Ball|p2a: Fat chin ahh\n|-damage|p2a: Fat chin ahh|0 fnt\n|faint|p2a: Fat chin ahh\n|\n|-weather|RainDance|[upkeep]\n|upkeep\n|\n|t:|1700276562\n|switch|p2a: Zwe|Zapdos|79\/100\n|turn|19\n|\n|t:|1700276566\n|-terastallize|p1a: Ken Amada|Steel\n|move|p2a: Zwe|Hurricane|p1a: Ken Amada\n|-resisted|p1a: Ken Amada\n|-damage|p1a: Ken Amada|62\/100\n|move|p1a: Ken Amada|Calm Mind|p1a: Ken Amada\n|-boost|p1a: Ken Amada|spa|1\n|-boost|p1a: Ken Amada|spd|1\n|\n|-weather|RainDance|[upkeep]\n|upkeep\n|turn|20\n|\n|t:|1700276573\n|move|p2a: Zwe|Volt Switch|p1a: Ken Amada\n|-damage|p1a: Ken Amada|32\/100\n|\n|t:|1700276574\n|switch|p2a: \u3051\u3093|Basculegion, M|86\/100|[from] Volt Switch\n|move|p1a: Ken Amada|Matcha Gotcha|p2a: \u3051\u3093\n|-supereffective|p2a: \u3051\u3093\n|-damage|p2a: \u3051\u3093|0 fnt\n|-heal|p1a: Ken Amada|79\/100|[from] drain|[of] p2a: \u3051\u3093\n|faint|p2a: \u3051\u3093\n|\n|-weather|RainDance|[upkeep]\n|upkeep\n|\n|t:|1700276576\n|switch|p2a: Zwe|Zapdos|79\/100\n|turn|21\n|\n|t:|1700276578\n|move|p2a: Zwe|Weather Ball|p1a: Ken Amada\n|-damage|p1a: Ken Amada|38\/100\n|move|p1a: Ken Amada|Shadow Ball|p2a: Zwe\n|-damage|p2a: Zwe|15\/100\n|\n|-weather|RainDance|[upkeep]\n|upkeep\n|turn|22\n|\n|t:|1700276581\n|move|p2a: Zwe|Volt Switch|p1a: Ken Amada\n|-damage|p1a: Ken Amada|5\/100\n|move|p1a: Ken Amada|Shadow Ball|p2a: Zwe\n|-damage|p2a: Zwe|0 fnt\n|faint|p2a: Zwe\n|\n|win|Kuzwa\n|raw|Kuzwa's rating: 1121 &rarr; <strong>1150<\/strong><br \/>(+29 for winning)\n|raw|Focus sash JFK's rating: 1174 &rarr; <strong>1145<\/strong><br \/>(-29 for losing)\n","uploadtime":1700276585,"views":11,"p1id":"kuzwa","p2id":"focussashjfk","formatid":"gen9ou","rating":1145,"private":0,"password":""}