{"id":"gen9ou-1991695693","p1":"hameed425","p2":"MasterSneak","format":"[Gen 9] OU","log":"|j|\u2606hameed425\n|j|\u2606MasterSneak\n|t:|1700103685\n|gametype|singles\n|player|p1|hameed425|1|1156\n|player|p2|MasterSneak|102|1084\n|teamsize|p1|6\n|teamsize|p2|6\n|gen|9\n|tier|[Gen 9] OU\n|rated|\n|rule|Sleep Clause Mod: Limit one foe put to sleep\n|rule|Species Clause: Limit one of each Pok\u00e9mon\n|rule|OHKO Clause: OHKO moves are banned\n|rule|Evasion Items Clause: Evasion items are banned\n|rule|Evasion Moves Clause: Evasion moves are banned\n|rule|Endless Battle Clause: Forcing endless battles is banned\n|rule|HP Percentage Mod: HP is shown in percentages\n|clearpoke\n|poke|p1|Alomomola, M|\n|poke|p1|Vaporeon, M|\n|poke|p1|Rillaboom, F|\n|poke|p1|Sneasler, F|\n|poke|p1|Thundurus-Therian, M|\n|poke|p1|Kingambit, M|\n|poke|p2|Ursaluna, F|\n|poke|p2|Kilowattrel, F|\n|poke|p2|Appletun, M|\n|poke|p2|Klawf, F|\n|poke|p2|Arbok, M|\n|poke|p2|Coalossal, F|\n|teampreview\n|\n|t:|1700103727\n|start\n|switch|p1a: Vaporeon|Vaporeon, M|100\/100\n|switch|p2a: Klawf|Klawf, F|100\/100\n|turn|1\n|\n|t:|1700103737\n|switch|p2a: Ursaluna|Ursaluna, F|100\/100\n|move|p1a: Vaporeon|Scald|p2a: Ursaluna\n|-supereffective|p2a: Ursaluna\n|-damage|p2a: Ursaluna|66\/100\n|\n|upkeep\n|turn|2\n|\n|t:|1700103743\n|move|p1a: Vaporeon|Acid Armor|p1a: Vaporeon\n|-boost|p1a: Vaporeon|def|2\n|move|p2a: Ursaluna|Body Slam|p1a: Vaporeon\n|-damage|p1a: Vaporeon|74\/100\n|\n|-heal|p1a: Vaporeon|80\/100|[from] item: Leftovers\n|upkeep\n|turn|3\n|\n|t:|1700103749\n|switch|p2a: Appletun|Appletun, M|100\/100\n|move|p1a: Vaporeon|Acid Armor|p1a: Vaporeon\n|-boost|p1a: Vaporeon|def|2\n|\n|-heal|p1a: Vaporeon|86\/100|[from] item: Leftovers\n|upkeep\n|turn|4\n|inactive|Battle timer is ON: inactive players will automatically lose when time's up. (requested by MasterSneak)\n|c|\u2606MasterSneak|Jgf\n|c|\u2606MasterSneak|Hhttoljhu\n|\n|t:|1700103775\n|switch|p1a: Sneasler|Sneasler, F|100\/100\n|move|p2a: Appletun|Apple Acid|p1a: Sneasler\n|-resisted|p1a: Sneasler\n|-damage|p1a: Sneasler|83\/100\n|-unboost|p1a: Sneasler|spd|1\n|\n|upkeep\n|turn|5\n|c|\u2606MasterSneak|Gfiikknfsalllppiopoopoopoop\n|\n|t:|1700103788\n|move|p1a: Sneasler|Acrobatics|p2a: Appletun\n|-supereffective|p2a: Appletun\n|-damage|p2a: Appletun|62\/100\n|move|p2a: Appletun|Leech Seed|p1a: Sneasler|[miss]\n|-miss|p2a: Appletun|p1a: Sneasler\n|\n|-heal|p2a: Appletun|68\/100|[from] item: Leftovers\n|upkeep\n|turn|6\n|\n|t:|1700103798\n|switch|p1a: Rillaboom|Rillaboom, F|100\/100\n|-fieldstart|move: Grassy Terrain|[from] ability: Grassy Surge|[of] p1a: Rillaboom\n|move|p2a: Appletun|Leech Seed|p1a: Rillaboom\n|-immune|p1a: Rillaboom\n|\n|-heal|p2a: Appletun|74\/100|[from] Grassy Terrain\n|-heal|p2a: Appletun|80\/100|[from] item: Leftovers\n|upkeep\n|turn|7\n|\n|t:|1700103809\n|move|p1a: Rillaboom|U-turn|p2a: Appletun\n|-supereffective|p2a: Appletun\n|-damage|p2a: Appletun|4\/100\n|\n|t:|1700103816\n|switch|p1a: Sneasler|Sneasler, F|83\/100|[from] U-turn\n|-enditem|p1a: Sneasler|Grassy Seed\n|-boost|p1a: Sneasler|def|1|[from] item: Grassy Seed\n|move|p2a: Appletun|Apple Acid|p1a: Sneasler\n|-resisted|p1a: Sneasler\n|-damage|p1a: Sneasler|57\/100\n|-unboost|p1a: Sneasler|spd|1\n|\n|-heal|p1a: Sneasler|63\/100|[from] Grassy Terrain\n|-heal|p2a: Appletun|10\/100|[from] Grassy Terrain\n|-heal|p2a: Appletun|16\/100|[from] item: Leftovers\n|upkeep\n|turn|8\n|\n|t:|1700103845\n|move|p1a: Sneasler|Acrobatics|p2a: Appletun\n|-supereffective|p2a: Appletun\n|-damage|p2a: Appletun|0 fnt\n|faint|p2a: Appletun\n|\n|-heal|p1a: Sneasler|69\/100|[from] Grassy Terrain\n|upkeep\n|\n|t:|1700103856\n|switch|p2a: Arbok|Arbok, M|100\/100\n|-ability|p2a: Arbok|Intimidate|boost\n|-unboost|p1a: Sneasler|atk|1\n|turn|9\n|\n|t:|1700103869\n|move|p1a: Sneasler|Acrobatics|p2a: Arbok\n|-damage|p2a: Arbok|46\/100\n|move|p2a: Arbok|Coil|p2a: Arbok\n|-boost|p2a: Arbok|atk|1\n|-boost|p2a: Arbok|def|1\n|-boost|p2a: Arbok|accuracy|1\n|\n|-heal|p1a: Sneasler|75\/100|[from] Grassy Terrain\n|-heal|p2a: Arbok|53\/100|[from] Grassy Terrain\n|-heal|p2a: Arbok|59\/100|[from] item: Leftovers\n|upkeep\n|turn|10\n|\n|t:|1700103882\n|move|p1a: Sneasler|Swords Dance|p1a: Sneasler\n|-boost|p1a: Sneasler|atk|2\n|move|p2a: Arbok|Earthquake|p1a: Sneasler\n|-supereffective|p1a: Sneasler\n|-damage|p1a: Sneasler|30\/100\n|\n|-heal|p1a: Sneasler|36\/100|[from] Grassy Terrain\n|-heal|p2a: Arbok|65\/100|[from] Grassy Terrain\n|-heal|p2a: Arbok|71\/100|[from] item: Leftovers\n|-fieldend|move: Grassy Terrain\n|upkeep\n|turn|11\n|\n|t:|1700103890\n|-terastallize|p1a: Sneasler|Flying\n|move|p1a: Sneasler|Swords Dance|p1a: Sneasler\n|-boost|p1a: Sneasler|atk|2\n|move|p2a: Arbok|Scale Shot|p1a: Sneasler\n|-damage|p1a: Sneasler|23\/100\n|-damage|p1a: Sneasler|10\/100\n|-damage|p1a: Sneasler|0 fnt\n|faint|p1a: Sneasler\n|-hitcount|p1: Sneasler|3\n|-unboost|p2a: Arbok|def|1\n|-boost|p2a: Arbok|spe|1\n|\n|-heal|p2a: Arbok|77\/100|[from] item: Leftovers\n|upkeep\n|\n|t:|1700103906\n|switch|p1a: Thundurus|Thundurus-Therian, M|100\/100\n|turn|12\n|\n|t:|1700103929\n|-terastallize|p2a: Arbok|Dragon\n|move|p2a: Arbok|Coil|p2a: Arbok\n|-boost|p2a: Arbok|atk|1\n|-boost|p2a: Arbok|def|1\n|-boost|p2a: Arbok|accuracy|1\n|move|p1a: Thundurus|Volt Switch|p2a: Arbok\n|-resisted|p2a: Arbok\n|-damage|p2a: Arbok|43\/100\n|inactive|hameed425 has 120 seconds left.\n|inactiveoff|Battle timer is now OFF.\n|c|\u2606MasterSneak|Ffjj\n|c|\u2606MasterSneak|Ggghhhhh\n|c|\u2606MasterSneak|Hgdssssssssssss\n|c|\u2606MasterSneak|Fuuuuuuuuuuuck\n|c|\u2606MasterSneak|Fffffff\n|c|\u2606MasterSneak|Jjhhjj\n|inactive|Battle timer is ON: inactive players will automatically lose when time's up. (requested by MasterSneak)\n|c|\u2606MasterSneak|HURRY THE FUCK UP\n|inactive|hameed425 has 90 seconds left.\n|c|\u2606MasterSneak|FUCKING WORTHLESS PIECE OF SHIET\n|inactive|hameed425 has 60 seconds left.\n|c|\u2606MasterSneak|just give up\n|c|\u2606MasterSneak|You are a shame\n|c|\u2606MasterSneak|FUCKING BITCH\n|n|\u203dMasterSneak|mastersneak\n|c|&|\/log MasterSneak was locked from talking by Artemis. (\u2606MasterSneak: FUCKING BITCH)\n|c|&|\/raw <small>This action was done automatically. Want to learn more about the AI? <a href=\"https:\/\/www.smogon.com\/forums\/threads\/3570628\/#post-9056769\">Visit the information thread<\/a>.<\/small>\n|inactive|hameed425 has 30 seconds left.\n|inactive|hameed425 has 20 seconds left.\n|inactive|hameed425 has 15 seconds left.\n|inactive|hameed425 has 10 seconds left.\n|inactive|hameed425 has 5 seconds left.\n|-message|hameed425 lost due to inactivity.\n|\n|win|MasterSneak\n|raw|hameed425's rating: 1156 &rarr; <strong>1126<\/strong><br \/>(-30 for losing)\n|raw|MasterSneak's rating: 1084 &rarr; <strong>1117<\/strong><br \/>(+33 for winning)\n","uploadtime":1700104060,"views":7,"p1id":"hameed425","p2id":"mastersneak","formatid":"gen9ou","rating":1117,"private":0,"password":""}