{"id":"gen9ou-1988576850","p1":"Theimpactassault","p2":"Mista_Meaty","format":"[Gen 9] OU","log":"|j|\u2606Theimpactassault\n|j|\u2606Mista_Meaty\n|t:|1699737987\n|gametype|singles\n|player|p1|Theimpactassault|hilda|1308\n|player|p2|Mista_Meaty|hiker-gen4|1230\n|teamsize|p1|6\n|teamsize|p2|6\n|gen|9\n|tier|[Gen 9] OU\n|rated|\n|rule|Sleep Clause Mod: Limit one foe put to sleep\n|rule|Species Clause: Limit one of each Pok\u00e9mon\n|rule|OHKO Clause: OHKO moves are banned\n|rule|Evasion Items Clause: Evasion items are banned\n|rule|Evasion Moves Clause: Evasion moves are banned\n|rule|Endless Battle Clause: Forcing endless battles is banned\n|rule|HP Percentage Mod: HP is shown in percentages\n|clearpoke\n|poke|p1|Samurott-Hisui, M|\n|poke|p1|Arcanine-Hisui, M|\n|poke|p1|Corviknight, M|\n|poke|p1|Clodsire, M|\n|poke|p1|Forretress, F|\n|poke|p1|Meowscarada, F|\n|poke|p2|Dragapult, F|\n|poke|p2|Toxapex, M|\n|poke|p2|Great Tusk|\n|poke|p2|Clefable, M|\n|poke|p2|Zapdos|\n|poke|p2|Iron Moth|\n|teampreview\n|\n|t:|1699737993\n|start\n|switch|p1a: Meowscarada|Meowscarada, F|100\/100\n|switch|p2a: not iron at all|Iron Moth, shiny|100\/100\n|-enditem|p2a: not iron at all|Booster Energy\n|-activate|p2a: not iron at all|ability: Quark Drive|[fromitem]\n|-start|p2a: not iron at all|quarkdrivespe\n|turn|1\n|\n|t:|1699738001\n|move|p1a: Meowscarada|U-turn|p2a: not iron at all\n|-start|p1a: Meowscarada|typechange|Bug|[from] ability: Protean\n|-resisted|p2a: not iron at all\n|-damage|p2a: not iron at all|90\/100\n|\n|t:|1699738005\n|switch|p1a: Arcanine|Arcanine-Hisui, M|100\/100|[from] U-turn\n|move|p2a: not iron at all|Substitute|p2a: not iron at all\n|-start|p2a: not iron at all|Substitute\n|-damage|p2a: not iron at all|65\/100\n|\n|upkeep\n|turn|2\n|\n|t:|1699738012\n|-terastallize|p2a: not iron at all|Water\n|move|p2a: not iron at all|Tera Blast|p1a: Arcanine|[anim] Tera Blast Water\n|-supereffective|p1a: Arcanine\n|-damage|p1a: Arcanine|0 fnt\n|faint|p1a: Arcanine\n|\n|upkeep\n|\n|t:|1699738017\n|switch|p1a: Clodsire|Clodsire, M|100\/100\n|turn|3\n|\n|t:|1699738021\n|move|p2a: not iron at all|Fiery Dance|p1a: Clodsire\n|-damage|p1a: Clodsire|79\/100\n|move|p1a: Clodsire|Earthquake|p2a: not iron at all\n|-end|p2a: not iron at all|Substitute\n|\n|-heal|p1a: Clodsire|85\/100|[from] item: Black Sludge\n|upkeep\n|turn|4\n|inactive|Battle timer is ON: inactive players will automatically lose when time's up. (requested by Theimpactassault)\n|\n|t:|1699738037\n|move|p2a: not iron at all|Fiery Dance|p1a: Clodsire\n|-damage|p1a: Clodsire|65\/100\n|-boost|p2a: not iron at all|spa|1\n|move|p1a: Clodsire|Toxic|p2a: not iron at all\n|-status|p2a: not iron at all|tox\n|\n|-heal|p1a: Clodsire|71\/100|[from] item: Black Sludge\n|-damage|p2a: not iron at all|59\/100 tox|[from] psn\n|upkeep\n|turn|5\n|\n|t:|1699738046\n|move|p1a: Clodsire|Protect|p1a: Clodsire\n|-singleturn|p1a: Clodsire|Protect\n|move|p2a: not iron at all|Fiery Dance|p1a: Clodsire\n|-activate|p1a: Clodsire|move: Protect\n|\n|-heal|p1a: Clodsire|77\/100|[from] item: Black Sludge\n|-damage|p2a: not iron at all|47\/100 tox|[from] psn\n|upkeep\n|turn|6\n|\n|t:|1699738059\n|move|p2a: not iron at all|Fiery Dance|p1a: Clodsire\n|-damage|p1a: Clodsire|46\/100\n|move|p1a: Clodsire|Recover|p1a: Clodsire\n|-heal|p1a: Clodsire|96\/100\n|\n|-heal|p1a: Clodsire|100\/100|[from] item: Black Sludge\n|-damage|p2a: not iron at all|29\/100 tox|[from] psn\n|upkeep\n|turn|7\n|\n|t:|1699738074\n|move|p1a: Clodsire|Protect|p1a: Clodsire\n|-singleturn|p1a: Clodsire|Protect\n|move|p2a: not iron at all|Fiery Dance|p1a: Clodsire\n|-activate|p1a: Clodsire|move: Protect\n|\n|-damage|p2a: not iron at all|5\/100 tox|[from] psn\n|upkeep\n|turn|8\n|\n|t:|1699738082\n|move|p2a: not iron at all|Fiery Dance|p1a: Clodsire\n|-damage|p1a: Clodsire|67\/100\n|move|p1a: Clodsire|Recover|p1a: Clodsire\n|-heal|p1a: Clodsire|100\/100\n|\n|-damage|p2a: not iron at all|0 fnt|[from] psn\n|faint|p2a: not iron at all\n|-end|p2a: not iron at all|Quark Drive|[silent]\n|upkeep\n|\n|t:|1699738101\n|switch|p2a: big dawg|Great Tusk, shiny|100\/100\n|-enditem|p2a: big dawg|Booster Energy\n|-activate|p2a: big dawg|ability: Protosynthesis|[fromitem]\n|-start|p2a: big dawg|protosynthesisspe\n|turn|9\n|\n|t:|1699738112\n|switch|p1a: Corviknight|Corviknight, M|100\/100\n|-ability|p1a: Corviknight|Pressure\n|move|p2a: big dawg|Bulk Up|p2a: big dawg\n|-boost|p2a: big dawg|atk|1\n|-boost|p2a: big dawg|def|1\n|\n|upkeep\n|turn|10\n|\n|t:|1699738119\n|move|p2a: big dawg|Ice Spinner|p1a: Corviknight\n|-damage|p1a: Corviknight|79\/100\n|move|p1a: Corviknight|Substitute|p1a: Corviknight\n|-start|p1a: Corviknight|Substitute\n|-damage|p1a: Corviknight|54\/100\n|\n|-heal|p1a: Corviknight|60\/100|[from] item: Leftovers\n|upkeep\n|turn|11\n|\n|t:|1699738139\n|-end|p2a: big dawg|Protosynthesis|[silent]\n|switch|p2a: ziptwo|Zapdos|100\/100\n|move|p1a: Corviknight|Iron Defense|p1a: Corviknight\n|-boost|p1a: Corviknight|def|2\n|\n|-heal|p1a: Corviknight|67\/100|[from] item: Leftovers\n|upkeep\n|turn|12\n|inactive|Mista_Meaty has 120 seconds left.\n|c|\u2606Mista_Meaty|steel resists ice?\n|c|\u2606Mista_Meaty|that makes no sense\n|\n|t:|1699738173\n|move|p2a: ziptwo|Thunderbolt|p1a: Corviknight\n|-supereffective|p1a: Corviknight\n|-end|p1a: Corviknight|Substitute\n|move|p1a: Corviknight|Substitute|p1a: Corviknight\n|-start|p1a: Corviknight|Substitute\n|-damage|p1a: Corviknight|42\/100\n|\n|-heal|p1a: Corviknight|48\/100|[from] item: Leftovers\n|upkeep\n|turn|13\n|\n|t:|1699738181\n|move|p2a: ziptwo|Thunderbolt|p1a: Corviknight\n|-supereffective|p1a: Corviknight\n|-end|p1a: Corviknight|Substitute\n|move|p1a: Corviknight|Roost|p1a: Corviknight\n|-heal|p1a: Corviknight|98\/100\n|-singleturn|p1a: Corviknight|move: Roost\n|\n|-heal|p1a: Corviknight|100\/100|[from] item: Leftovers\n|upkeep\n|turn|14\n|inactive|Mista_Meaty has 120 seconds left.\n|\n|t:|1699738190\n|switch|p1a: Clodsire|Clodsire, M|100\/100\n|move|p2a: ziptwo|Thunderbolt|p1a: Clodsire\n|-immune|p1a: Clodsire\n|\n|upkeep\n|turn|15\n|\n|t:|1699738197\n|switch|p2a: big dawg|Great Tusk, shiny|100\/100\n|move|p1a: Clodsire|Toxic|p2a: big dawg\n|-status|p2a: big dawg|tox\n|\n|-damage|p2a: big dawg|94\/100 tox|[from] psn\n|upkeep\n|turn|16\n|\n|t:|1699738205\n|move|p1a: Clodsire|Protect|p1a: Clodsire\n|-singleturn|p1a: Clodsire|Protect\n|move|p2a: big dawg|Close Combat|p1a: Clodsire\n|-activate|p1a: Clodsire|move: Protect\n|\n|-damage|p2a: big dawg|82\/100 tox|[from] psn\n|upkeep\n|turn|17\n|\n|t:|1699738212\n|switch|p1a: Corviknight|Corviknight, M|100\/100\n|-ability|p1a: Corviknight|Pressure\n|move|p2a: big dawg|Close Combat|p1a: Corviknight\n|-damage|p1a: Corviknight|70\/100\n|-unboost|p2a: big dawg|def|1\n|-unboost|p2a: big dawg|spd|1\n|\n|-heal|p1a: Corviknight|76\/100|[from] item: Leftovers\n|-damage|p2a: big dawg|63\/100 tox|[from] psn\n|upkeep\n|turn|18\n|\n|t:|1699738224\n|-end|p2a: big dawg|Protosynthesis|[silent]\n|switch|p2a: ziptwo|Zapdos|100\/100\n|switch|p1a: Clodsire|Clodsire, M|100\/100\n|\n|upkeep\n|turn|19\n|\n|t:|1699738229\n|move|p2a: ziptwo|Hurricane|p1a: Clodsire|[miss]\n|-miss|p2a: ziptwo|p1a: Clodsire\n|move|p1a: Clodsire|Earthquake|p2a: ziptwo\n|-immune|p2a: ziptwo\n|\n|upkeep\n|turn|20\n|\n|t:|1699738239\n|switch|p2a: oops u died|Toxapex, M, shiny|100\/100\n|move|p1a: Clodsire|Toxic|p2a: oops u died\n|-immune|p2a: oops u died\n|\n|upkeep\n|turn|21\n|\n|t:|1699738247\n|switch|p2a: ziptwo|Zapdos|100\/100\n|move|p1a: Clodsire|Earthquake|p2a: ziptwo\n|-immune|p2a: ziptwo\n|\n|upkeep\n|turn|22\n|\n|t:|1699738256\n|move|p1a: Clodsire|Protect|p1a: Clodsire\n|-singleturn|p1a: Clodsire|Protect\n|move|p2a: ziptwo|Hurricane|p1a: Clodsire\n|-activate|p1a: Clodsire|move: Protect\n|\n|upkeep\n|turn|23\n|\n|t:|1699738281\n|switch|p2a: oops u died|Toxapex, M, shiny|100\/100\n|move|p1a: Clodsire|Toxic|p2a: oops u died\n|-immune|p2a: oops u died\n|\n|upkeep\n|turn|24\n|\n|t:|1699738288\n|move|p2a: oops u died|Baneful Bunker|p2a: oops u died\n|-singleturn|p2a: oops u died|move: Protect\n|move|p1a: Clodsire|Toxic|p2a: oops u died\n|-activate|p2a: oops u died|move: Protect\n|\n|upkeep\n|turn|25\n|\n|t:|1699738294\n|switch|p2a: ziptwo|Zapdos|100\/100\n|move|p1a: Clodsire|Earthquake|p2a: ziptwo\n|-immune|p2a: ziptwo\n|\n|upkeep\n|turn|26\n|\n|t:|1699738301\n|move|p2a: ziptwo|Hurricane|p1a: Clodsire\n|-damage|p1a: Clodsire|69\/100\n|move|p1a: Clodsire|Toxic|p2a: ziptwo\n|-status|p2a: ziptwo|tox\n|\n|-heal|p1a: Clodsire|75\/100|[from] item: Black Sludge\n|-damage|p2a: ziptwo|94\/100 tox|[from] psn\n|upkeep\n|turn|27\n|\n|t:|1699738309\n|move|p1a: Clodsire|Protect|p1a: Clodsire\n|-singleturn|p1a: Clodsire|Protect\n|move|p2a: ziptwo|Hurricane|p1a: Clodsire\n|-activate|p1a: Clodsire|move: Protect\n|\n|-heal|p1a: Clodsire|82\/100|[from] item: Black Sludge\n|-damage|p2a: ziptwo|82\/100 tox|[from] psn\n|upkeep\n|turn|28\n|\n|t:|1699738319\n|move|p2a: ziptwo|Hurricane|p1a: Clodsire\n|-damage|p1a: Clodsire|50\/100\n|-start|p1a: Clodsire|confusion\n|-activate|p1a: Clodsire|confusion\n|move|p1a: Clodsire|Earthquake|p2a: ziptwo\n|-immune|p2a: ziptwo\n|\n|-heal|p1a: Clodsire|56\/100|[from] item: Black Sludge\n|-damage|p2a: ziptwo|63\/100 tox|[from] psn\n|upkeep\n|turn|29\n|\n|t:|1699738334\n|-activate|p1a: Clodsire|confusion\n|move|p1a: Clodsire|Protect|p1a: Clodsire\n|-singleturn|p1a: Clodsire|Protect\n|move|p2a: ziptwo|Thunderbolt|p1a: Clodsire\n|-activate|p1a: Clodsire|move: Protect\n|\n|-heal|p1a: Clodsire|63\/100|[from] item: Black Sludge\n|-damage|p2a: ziptwo|38\/100 tox|[from] psn\n|upkeep\n|turn|30\n|\n|t:|1699738342\n|move|p2a: ziptwo|Hurricane|p1a: Clodsire\n|-damage|p1a: Clodsire|34\/100\n|-activate|p1a: Clodsire|confusion\n|move|p1a: Clodsire|Recover|p1a: Clodsire\n|-heal|p1a: Clodsire|84\/100\n|\n|-heal|p1a: Clodsire|90\/100|[from] item: Black Sludge\n|-damage|p2a: ziptwo|7\/100 tox|[from] psn\n|upkeep\n|turn|31\n|\n|t:|1699738353\n|move|p2a: ziptwo|Hurricane|p1a: Clodsire\n|-damage|p1a: Clodsire|59\/100\n|-activate|p1a: Clodsire|confusion\n|-damage|p1a: Clodsire|51\/100|[from] confusion\n|\n|-heal|p1a: Clodsire|58\/100|[from] item: Black Sludge\n|-damage|p2a: ziptwo|0 fnt|[from] psn\n|faint|p2a: ziptwo\n|upkeep\n|\n|t:|1699738367\n|switch|p2a: alivegar|Clefable, M, shiny|100\/100\n|turn|32\n|\n|t:|1699738376\n|move|p2a: alivegar|Calm Mind|p2a: alivegar\n|-boost|p2a: alivegar|spa|1\n|-boost|p2a: alivegar|spd|1\n|-end|p1a: Clodsire|confusion\n|move|p1a: Clodsire|Toxic|p2a: alivegar\n|-status|p2a: alivegar|tox\n|\n|-heal|p1a: Clodsire|64\/100|[from] item: Black Sludge\n|upkeep\n|turn|33\n|\n|t:|1699738389\n|switch|p1a: Meowscarada|Meowscarada, F|100\/100\n|move|p2a: alivegar|Calm Mind|p2a: alivegar\n|-boost|p2a: alivegar|spa|1\n|-boost|p2a: alivegar|spd|1\n|\n|upkeep\n|turn|34\n|\n|t:|1699738395\n|-terastallize|p1a: Meowscarada|Fairy\n|move|p1a: Meowscarada|Play Rough|p2a: alivegar\n|-damage|p2a: alivegar|68\/100 tox\n|move|p2a: alivegar|Moonblast|p1a: Meowscarada\n|-damage|p1a: Meowscarada|4\/100\n|\n|-heal|p2a: alivegar|74\/100 tox|[from] item: Leftovers\n|upkeep\n|turn|35\n|\n|t:|1699738404\n|move|p1a: Meowscarada|Play Rough|p2a: alivegar\n|-damage|p2a: alivegar|38\/100 tox\n|move|p2a: alivegar|Moonblast|p1a: Meowscarada\n|-damage|p1a: Meowscarada|0 fnt\n|faint|p1a: Meowscarada\n|\n|-heal|p2a: alivegar|44\/100 tox|[from] item: Leftovers\n|upkeep\n|\n|t:|1699738407\n|switch|p1a: Samurott|Samurott-Hisui, M, shiny|100\/100\n|turn|36\n|\n|t:|1699738415\n|move|p1a: Samurott|Razor Shell|p2a: alivegar\n|-damage|p2a: alivegar|2\/100 tox\n|-unboost|p2a: alivegar|def|1\n|move|p2a: alivegar|Moonlight|p2a: alivegar\n|-heal|p2a: alivegar|52\/100 tox\n|\n|-heal|p2a: alivegar|58\/100 tox|[from] item: Leftovers\n|upkeep\n|turn|37\n|\n|t:|1699738425\n|move|p1a: Samurott|Razor Shell|p2a: alivegar\n|-damage|p2a: alivegar|0 fnt\n|faint|p2a: alivegar\n|\n|upkeep\n|\n|t:|1699738432\n|switch|p2a: big dawg|Great Tusk, shiny|63\/100 tox\n|turn|38\n|\n|t:|1699738436\n|switch|p1a: Forretress|Forretress, F|100\/100\n|move|p2a: big dawg|Close Combat|p1a: Forretress\n|-damage|p1a: Forretress|72\/100\n|-unboost|p2a: big dawg|def|1\n|-unboost|p2a: big dawg|spd|1\n|\n|-damage|p2a: big dawg|57\/100 tox|[from] psn\n|upkeep\n|turn|39\n|\n|t:|1699738445\n|move|p2a: big dawg|Headlong Rush|p1a: Forretress\n|-damage|p1a: Forretress|43\/100\n|-unboost|p2a: big dawg|def|1\n|-unboost|p2a: big dawg|spd|1\n|move|p1a: Forretress|Stealth Rock|p2a: big dawg\n|-sidestart|p2: Mista_Meaty|move: Stealth Rock\n|\n|-damage|p2a: big dawg|45\/100 tox|[from] psn\n|upkeep\n|turn|40\n|\n|t:|1699738454\n|switch|p1a: Corviknight|Corviknight, M|76\/100\n|-ability|p1a: Corviknight|Pressure\n|move|p2a: big dawg|Close Combat|p1a: Corviknight\n|-damage|p1a: Corviknight|45\/100\n|-unboost|p2a: big dawg|def|1\n|-unboost|p2a: big dawg|spd|1\n|\n|-heal|p1a: Corviknight|51\/100|[from] item: Leftovers\n|-damage|p2a: big dawg|26\/100 tox|[from] psn\n|upkeep\n|turn|41\n|\n|t:|1699738464\n|move|p2a: big dawg|Close Combat|p1a: Corviknight\n|-damage|p1a: Corviknight|18\/100\n|-unboost|p2a: big dawg|def|1\n|-unboost|p2a: big dawg|spd|1\n|move|p1a: Corviknight|Roost|p1a: Corviknight\n|-heal|p1a: Corviknight|68\/100\n|-singleturn|p1a: Corviknight|move: Roost\n|\n|-heal|p1a: Corviknight|74\/100|[from] item: Leftovers\n|-damage|p2a: big dawg|1\/100 tox|[from] psn\n|upkeep\n|turn|42\n|\n|t:|1699738476\n|move|p2a: big dawg|Ice Spinner|p1a: Corviknight\n|-damage|p1a: Corviknight|60\/100\n|move|p1a: Corviknight|Roost|p1a: Corviknight\n|-heal|p1a: Corviknight|100\/100\n|-singleturn|p1a: Corviknight|move: Roost\n|\n|-damage|p2a: big dawg|0 fnt|[from] psn\n|faint|p2a: big dawg\n|-end|p2a: big dawg|Protosynthesis|[silent]\n|upkeep\n|\n|t:|1699738498\n|switch|p2a: wood crawler|Dragapult, F, shiny|100\/100\n|-damage|p2a: wood crawler|88\/100|[from] Stealth Rock\n|turn|43\n|c|\u2606Theimpactassault|I gotta be honest I can't think of any scenario where Ice beats steel\n|\n|t:|1699738516\n|switch|p1a: Clodsire|Clodsire, M|64\/100\n|move|p2a: wood crawler|Flamethrower|p1a: Clodsire\n|-damage|p1a: Clodsire|42\/100\n|\n|-heal|p1a: Clodsire|48\/100|[from] item: Black Sludge\n|upkeep\n|turn|44\n|\n|t:|1699738525\n|move|p2a: wood crawler|Flamethrower|p1a: Clodsire\n|-damage|p1a: Clodsire|26\/100\n|move|p1a: Clodsire|Recover|p1a: Clodsire\n|-heal|p1a: Clodsire|76\/100\n|\n|-heal|p1a: Clodsire|82\/100|[from] item: Black Sludge\n|upkeep\n|turn|45\n|\n|t:|1699738532\n|move|p2a: wood crawler|Flamethrower|p1a: Clodsire\n|-damage|p1a: Clodsire|61\/100\n|move|p1a: Clodsire|Toxic|p2a: wood crawler\n|-status|p2a: wood crawler|tox\n|\n|-heal|p1a: Clodsire|67\/100|[from] item: Black Sludge\n|-damage|p2a: wood crawler|82\/100 tox|[from] psn\n|upkeep\n|turn|46\n|\n|t:|1699738542\n|move|p2a: wood crawler|Flamethrower|p1a: Clodsire\n|-damage|p1a: Clodsire|47\/100\n|move|p1a: Clodsire|Recover|p1a: Clodsire\n|-heal|p1a: Clodsire|97\/100\n|\n|-heal|p1a: Clodsire|100\/100|[from] item: Black Sludge\n|-damage|p2a: wood crawler|70\/100 tox|[from] psn\n|upkeep\n|turn|47\n|c|\u2606Mista_Meaty|gg\n|-message|Mista_Meaty forfeited.\n|\n|win|Theimpactassault\n|raw|Theimpactassault's rating: 1308 &rarr; <strong>1324<\/strong><br \/>(+16 for winning)\n|raw|Mista_Meaty's rating: 1230 &rarr; <strong>1211<\/strong><br \/>(-19 for losing)\n|l|\u2606Mista_Meaty\n|c|\u2606Theimpactassault|Yer\n","uploadtime":1699738562,"views":23,"p1id":"theimpactassault","p2id":"mistameaty","formatid":"gen9ou","rating":1211,"private":0,"password":""}