{"id":"gen9ou-1994983035","p1":"FormationX","p2":"brockpewtercitygym","format":"[Gen 9] OU","log":"|j|\u2606FormationX\n|j|\u2606brockpewtercitygym\n|inactive|Battle timer is ON: inactive players will automatically lose when time's up.\n|t:|1700510381\n|gametype|singles\n|player|p1|FormationX|plasmagrunt-gen5bw|\n|player|p2|brockpewtercitygym|brock|\n|teamsize|p1|6\n|teamsize|p2|6\n|gen|9\n|tier|[Gen 9] OU\n|rated|Tournament battle\n|rule|Sleep Clause Mod: Limit one foe put to sleep\n|rule|Species Clause: Limit one of each Pok\u00e9mon\n|rule|OHKO Clause: OHKO moves are banned\n|rule|Evasion Items Clause: Evasion items are banned\n|rule|Evasion Moves Clause: Evasion moves are banned\n|rule|Endless Battle Clause: Forcing endless battles is banned\n|rule|HP Percentage Mod: HP is shown in percentages\n|clearpoke\n|poke|p1|Braviary, M|\n|poke|p1|Indeedee, M|\n|poke|p1|Azumarill, M|\n|poke|p1|Sableye, F|\n|poke|p1|Heatran, F|\n|poke|p1|Lokix, F|\n|poke|p2|Braviary, M|\n|poke|p2|Indeedee, M|\n|poke|p2|Azumarill, M|\n|poke|p2|Sableye, M|\n|poke|p2|Heatran, F|\n|poke|p2|Lokix, F|\n|teampreview\n|inactive|FormationX also wants the timer to be on.\n|j|*Lady Monita \u2746\n|\n|t:|1700510386\n|start\n|switch|p1a: Sableye|Sableye, F, shiny|100\/100\n|switch|p2a: Lokix|Lokix, F|100\/100\n|turn|1\n|\n|t:|1700510392\n|move|p2a: Lokix|First Impression|p1a: Sableye\n|-damage|p1a: Sableye|29\/100\n|-damage|p2a: Lokix|91\/100|[from] item: Life Orb\n|move|p1a: Sableye|Bulk Up|p1a: Sableye\n|-boost|p1a: Sableye|atk|1\n|-boost|p1a: Sableye|def|1\n|\n|-heal|p1a: Sableye|35\/100|[from] item: Leftovers\n|upkeep\n|turn|2\n|\n|t:|1700510401\n|move|p1a: Sableye|Recover|p1a: Sableye\n|-heal|p1a: Sableye|85\/100\n|move|p2a: Lokix|U-turn|p1a: Sableye\n|-damage|p1a: Sableye|48\/100\n|-damage|p2a: Lokix|81\/100|[from] item: Life Orb\n|\n|t:|1700510406\n|switch|p2a: Sableye|Sableye, M|100\/100|[from] U-turn\n|\n|-heal|p1a: Sableye|54\/100|[from] item: Leftovers\n|upkeep\n|turn|3\n|\n|t:|1700510412\n|move|p1a: Sableye|Bulk Up|p1a: Sableye\n|-boost|p1a: Sableye|atk|1\n|-boost|p1a: Sableye|def|1\n|move|p2a: Sableye|Encore|p1a: Sableye\n|-start|p1a: Sableye|Encore\n|\n|-heal|p1a: Sableye|60\/100|[from] item: Leftovers\n|upkeep\n|turn|4\n|\n|t:|1700510423\n|switch|p2a: Indeedee|Indeedee, M|100\/100\n|-fieldstart|move: Psychic Terrain|[from] ability: Psychic Surge|[of] p2a: Indeedee\n|move|p1a: Sableye|Bulk Up|p1a: Sableye\n|-boost|p1a: Sableye|atk|1\n|-boost|p1a: Sableye|def|1\n|\n|-heal|p1a: Sableye|66\/100|[from] item: Leftovers\n|upkeep\n|turn|5\n|l|\u2606brockpewtercitygym\n|inactive|brockpewtercitygym disconnected and has a minute to reconnect!\n|player|p2|\n|inactive|FormationX no longer wants the timer on, but the timer is staying on because staff still does.\n|inactive|brockpewtercitygym has 30 seconds to reconnect!\n|inactive|brockpewtercitygym has 20 seconds to reconnect!\n|j|\u2606brockpewtercitygym\n|inactive|brockpewtercitygym reconnected and has 95 seconds left.\n|player|p2|brockpewtercitygym|brock\n|\n|t:|1700510485\n|move|p1a: Sableye|Bulk Up|p1a: Sableye\n|-boost|p1a: Sableye|atk|1\n|-boost|p1a: Sableye|def|1\n|move|p2a: Indeedee|Psychic|p1a: Sableye\n|-immune|p1a: Sableye\n|\n|-heal|p1a: Sableye|73\/100|[from] item: Leftovers\n|upkeep\n|turn|6\n|\n|t:|1700510487\n|move|p1a: Sableye|Bulk Up|p1a: Sableye\n|-boost|p1a: Sableye|atk|1\n|-boost|p1a: Sableye|def|1\n|move|p2a: Indeedee|Dazzling Gleam|p1a: Sableye\n|-supereffective|p1a: Sableye\n|-damage|p1a: Sableye|0 fnt\n|faint|p1a: Sableye\n|-damage|p2a: Indeedee|91\/100|[from] item: Life Orb\n|\n|upkeep\n|\n|t:|1700510510\n|switch|p1a: Heatran|Heatran, F|100\/100\n|turn|7\n|\n|t:|1700510514\n|-terastallize|p2a: Indeedee|Ground\n|move|p2a: Indeedee|Tera Blast|p1a: Heatran|[anim] Tera Blast Ground\n|-supereffective|p1a: Heatran\n|-damage|p1a: Heatran|0 fnt\n|faint|p1a: Heatran\n|-damage|p2a: Indeedee|81\/100|[from] item: Life Orb\n|\n|upkeep\n|j|^HEAVY-DUTY B0OTY\n|\n|t:|1700510531\n|switch|p1a: Azumarill|Azumarill, M, shiny|100\/100\n|turn|8\n|\n|t:|1700510537\n|move|p2a: Indeedee|Tera Blast|p1a: Azumarill|[anim] Tera Blast Ground\n|-damage|p1a: Azumarill|44\/100\n|-damage|p2a: Indeedee|71\/100|[from] item: Life Orb\n|move|p1a: Azumarill|Trailblaze|p2a: Indeedee\n|-supereffective|p2a: Indeedee\n|-damage|p2a: Indeedee|0 fnt\n|-boost|p1a: Azumarill|spe|1\n|faint|p2a: Indeedee\n|-damage|p1a: Azumarill|34\/100|[from] item: Life Orb\n|\n|-fieldend|move: Psychic Terrain\n|upkeep\n|\n|t:|1700510545\n|switch|p2a: Lokix|Lokix, F|81\/100\n|turn|9\n|\n|t:|1700510551\n|move|p2a: Lokix|First Impression|p1a: Azumarill\n|-resisted|p1a: Azumarill\n|-damage|p1a: Azumarill|0 fnt\n|faint|p1a: Azumarill\n|-damage|p2a: Lokix|71\/100|[from] item: Life Orb\n|\n|upkeep\n|\n|t:|1700510553\n|switch|p1a: Braviary|Braviary, M, shiny|100\/100\n|turn|10\n|\n|t:|1700510563\n|move|p2a: Lokix|Axe Kick|p1a: Braviary\n|-damage|p1a: Braviary|41\/100\n|-damage|p2a: Lokix|61\/100|[from] item: Life Orb\n|move|p1a: Braviary|Bulk Up|p1a: Braviary\n|-boost|p1a: Braviary|atk|1\n|-boost|p1a: Braviary|def|1\n|\n|-heal|p1a: Braviary|47\/100|[from] item: Leftovers\n|upkeep\n|turn|11\n|\n|t:|1700510571\n|move|p2a: Lokix|Axe Kick|p1a: Braviary|[miss]\n|-miss|p2a: Lokix|p1a: Braviary\n|-damage|p2a: Lokix|11\/100|[from] highjumpkick\n|move|p1a: Braviary|Agility|p1a: Braviary\n|-boost|p1a: Braviary|spe|2\n|\n|-heal|p1a: Braviary|53\/100|[from] item: Leftovers\n|upkeep\n|turn|12\n|\n|t:|1700510577\n|move|p1a: Braviary|Brave Bird|p2a: Lokix\n|-supereffective|p2a: Lokix\n|-damage|p2a: Lokix|0 fnt\n|faint|p2a: Lokix\n|-damage|p1a: Braviary|50\/100|[from] Recoil\n|\n|-heal|p1a: Braviary|57\/100|[from] item: Leftovers\n|upkeep\n|\n|t:|1700510585\n|switch|p2a: Azumarill|Azumarill, M|100\/100\n|turn|13\n|\n|t:|1700510590\n|move|p1a: Braviary|Bulk Up|p1a: Braviary\n|-boost|p1a: Braviary|atk|1\n|-boost|p1a: Braviary|def|1\n|move|p2a: Azumarill|Belly Drum|p2a: Azumarill\n|-damage|p2a: Azumarill|50\/100\n|-setboost|p2a: Azumarill|atk|6|[from] move: Belly Drum\n|-enditem|p2a: Azumarill|Sitrus Berry|[eat]\n|-heal|p2a: Azumarill|75\/100|[from] item: Sitrus Berry\n|\n|-heal|p1a: Braviary|63\/100|[from] item: Leftovers\n|upkeep\n|turn|14\n|\n|t:|1700510593\n|move|p2a: Azumarill|Aqua Jet|p1a: Braviary\n|-crit|p1a: Braviary\n|-damage|p1a: Braviary|0 fnt\n|faint|p1a: Braviary\n|\n|upkeep\n|\n|t:|1700510605\n|switch|p1a: Indeedee|Indeedee, M|100\/100\n|-fieldstart|move: Psychic Terrain|[from] ability: Psychic Surge|[of] p1a: Indeedee\n|turn|15\n|\n|t:|1700510610\n|move|p2a: Azumarill|Protect|p2a: Azumarill\n|-singleturn|p2a: Azumarill|Protect\n|move|p1a: Indeedee|Draining Kiss|p2a: Azumarill\n|-activate|p2a: Azumarill|move: Protect\n|\n|upkeep\n|turn|16\n|j| presidente007\n|\n|t:|1700510613\n|move|p1a: Indeedee|Draining Kiss|p2a: Azumarill\n|-damage|p2a: Azumarill|59\/100\n|move|p2a: Azumarill|Trailblaze|p1a: Indeedee\n|-enditem|p1a: Indeedee|Focus Sash\n|-damage|p1a: Indeedee|1\/100\n|-boost|p2a: Azumarill|spe|1\n|\n|upkeep\n|turn|17\n|\n|t:|1700510616\n|move|p2a: Azumarill|Protect|p2a: Azumarill\n|-singleturn|p2a: Azumarill|Protect\n|move|p1a: Indeedee|Draining Kiss|p2a: Azumarill\n|-activate|p2a: Azumarill|move: Protect\n|\n|upkeep\n|turn|18\n|\n|t:|1700510619\n|move|p1a: Indeedee|Draining Kiss|p2a: Azumarill\n|-damage|p2a: Azumarill|42\/100\n|-heal|p1a: Indeedee|20\/100|[from] drain|[of] p2a: Azumarill\n|move|p2a: Azumarill|Trailblaze|p1a: Indeedee\n|-crit|p1a: Indeedee\n|-damage|p1a: Indeedee|0 fnt\n|-boost|p2a: Azumarill|spe|1\n|faint|p1a: Indeedee\n|\n|upkeep\n|\n|t:|1700510621\n|switch|p1a: Lokix|Lokix, F|100\/100\n|turn|19\n|\n|t:|1700510624\n|move|p2a: Azumarill|Protect|p2a: Azumarill\n|-singleturn|p2a: Azumarill|Protect\n|move|p1a: Lokix|Swords Dance|p1a: Lokix\n|-boost|p1a: Lokix|atk|2\n|\n|-fieldend|move: Psychic Terrain\n|upkeep\n|turn|20\n|\n|t:|1700510627\n|move|p2a: Azumarill|Aqua Jet|p1a: Lokix\n|-damage|p1a: Lokix|0 fnt\n|faint|p1a: Lokix\n|\n|win|brockpewtercitygym\n|n|\u2606FormationX|formationx\n|n|*Lady Monita \u2746|ladymonita\n|n|\u2606brockpewtercitygym|brockpewtercitygym\n|n| HEAVY-DUTY B0OTY|heavydutyb0oty\n|n| presidente007|presidente007\n","uploadtime":1700510630,"views":5,"p1id":"formationx","p2id":"brockpewtercitygym","formatid":"gen9ou","rating":0,"private":0,"password":""}