{"id":"gen9ou-1999577395","p1":"Darkmaniman+Minus","p2":"Obling","format":"[Gen 9] OU","log":"|j|\u203dDarkmaniman+Minus\n|j|\u2606Obling\n|t:|1701097890\n|gametype|singles\n|player|p1|Darkmaniman+Minus|2|1622\n|player|p2|Obling|turo|1575\n|teamsize|p1|6\n|teamsize|p2|6\n|gen|9\n|tier|[Gen 9] OU\n|rated|\n|rule|Sleep Clause Mod: Limit one foe put to sleep\n|rule|Species Clause: Limit one of each Pok\u00e9mon\n|rule|OHKO Clause: OHKO moves are banned\n|rule|Evasion Items Clause: Evasion items are banned\n|rule|Evasion Moves Clause: Evasion moves are banned\n|rule|Endless Battle Clause: Forcing endless battles is banned\n|rule|HP Percentage Mod: HP is shown in percentages\n|clearpoke\n|poke|p1|Rillaboom, F|\n|poke|p1|Drifblim, F|\n|poke|p1|Magnezone|\n|poke|p1|Great Tusk|\n|poke|p1|Heatran, M|\n|poke|p1|Kingambit, M|\n|poke|p2|Torkoal, M|\n|poke|p2|Walking Wake|\n|poke|p2|Iron Moth|\n|poke|p2|Mandibuzz, F|\n|poke|p2|Charizard, M|\n|poke|p2|Ceruledge, M|\n|teampreview\n|inactive|Battle timer is ON: inactive players will automatically lose when time's up. (requested by Obling)\n|\n|t:|1701097905\n|start\n|switch|p1a: Magnezone|Magnezone|100\/100\n|switch|p2a: Torkoal|Torkoal, M|100\/100\n|-weather|SunnyDay|[from] ability: Drought|[of] p2a: Torkoal\n|turn|1\n|\n|t:|1701097915\n|move|p1a: Magnezone|Thunderbolt|p2a: Torkoal\n|-damage|p2a: Torkoal|3\/100\n|move|p2a: Torkoal|Lava Plume|p1a: Magnezone\n|-supereffective|p1a: Magnezone\n|-damage|p1a: Magnezone|27\/100\n|-status|p1a: Magnezone|brn\n|\n|-weather|SunnyDay|[upkeep]\n|-damage|p1a: Magnezone|21\/100 brn|[from] brn\n|upkeep\n|turn|2\n|\n|t:|1701097932\n|switch|p2a: Walking Wake|Walking Wake|100\/100\n|-activate|p2a: Walking Wake|ability: Protosynthesis\n|-start|p2a: Walking Wake|protosynthesisspe\n|move|p1a: Magnezone|Thunderbolt|p2a: Walking Wake\n|-damage|p2a: Walking Wake|0 fnt\n|faint|p2a: Walking Wake\n|-end|p2a: Walking Wake|Protosynthesis|[silent]\n|\n|-weather|SunnyDay|[upkeep]\n|-damage|p1a: Magnezone|15\/100 brn|[from] brn\n|upkeep\n|\n|t:|1701097941\n|switch|p2a: Iron Moth|Iron Moth|100\/100\n|-enditem|p2a: Iron Moth|Booster Energy\n|-activate|p2a: Iron Moth|ability: Quark Drive|[fromitem]\n|-start|p2a: Iron Moth|quarkdrivespe\n|turn|3\n|\n|t:|1701097950\n|switch|p1a: Heatran|Heatran, M|100\/100\n|move|p2a: Iron Moth|Substitute|p2a: Iron Moth\n|-start|p2a: Iron Moth|Substitute\n|-damage|p2a: Iron Moth|76\/100\n|\n|-weather|SunnyDay|[upkeep]\n|upkeep\n|turn|4\n|\n|t:|1701097961\n|move|p2a: Iron Moth|Psychic|p1a: Heatran\n|-resisted|p1a: Heatran\n|-damage|p1a: Heatran|91\/100\n|move|p1a: Heatran|Earth Power|p2a: Iron Moth\n|-supereffective|p2a: Iron Moth\n|-end|p2a: Iron Moth|Substitute\n|\n|-weather|SunnyDay|[upkeep]\n|-heal|p1a: Heatran|97\/100|[from] item: Leftovers\n|upkeep\n|turn|5\n|\n|t:|1701097966\n|-end|p2a: Iron Moth|Quark Drive|[silent]\n|switch|p2a: Charizard|Charizard, M|100\/100\n|move|p1a: Heatran|Stealth Rock|p2a: Charizard\n|-sidestart|p2: Obling|move: Stealth Rock\n|\n|-weather|SunnyDay|[upkeep]\n|-damage|p2a: Charizard|88\/100|[from] ability: Solar Power|[of] p2a: Charizard\n|-heal|p1a: Heatran|100\/100|[from] item: Leftovers\n|upkeep\n|turn|6\n|\n|t:|1701097974\n|switch|p2a: Mandibuzz|Mandibuzz, F|100\/100\n|move|p1a: Heatran|Magma Storm|p2a: Mandibuzz|[miss]\n|-miss|p1a: Heatran|p2a: Mandibuzz\n|\n|-weather|SunnyDay|[upkeep]\n|upkeep\n|turn|7\n|\n|t:|1701097980\n|move|p2a: Mandibuzz|Defog|p1a: Heatran\n|-unboost|p1a: Heatran|evasion|1\n|-sideend|p2: Obling|Stealth Rock|[from] move: Defog|[of] p2a: Mandibuzz\n|move|p1a: Heatran|Magma Storm|p2a: Mandibuzz\n|-damage|p2a: Mandibuzz|49\/100\n|-activate|p2a: Mandibuzz|move: Magma Storm|[of] p1a: Heatran\n|\n|-weather|SunnyDay|[upkeep]\n|-damage|p2a: Mandibuzz|37\/100|[from] move: Magma Storm|[partiallytrapped]\n|upkeep\n|turn|8\n|\n|t:|1701097998\n|move|p1a: Heatran|Taunt|p2a: Mandibuzz\n|-start|p2a: Mandibuzz|move: Taunt\n|cant|p2a: Mandibuzz|move: Taunt|Roost\n|\n|-weather|none\n|-damage|p2a: Mandibuzz|25\/100|[from] move: Magma Storm|[partiallytrapped]\n|upkeep\n|turn|9\n|\n|t:|1701098007\n|move|p2a: Mandibuzz|U-turn|p1a: Heatran\n|-resisted|p1a: Heatran\n|-damage|p1a: Heatran|98\/100\n|\n|t:|1701098013\n|switch|p2a: Iron Moth|Iron Moth|76\/100|[from] U-turn\n|move|p1a: Heatran|Magma Storm|p2a: Iron Moth\n|-resisted|p2a: Iron Moth\n|-damage|p2a: Iron Moth|51\/100\n|-activate|p2a: Iron Moth|move: Magma Storm|[of] p1a: Heatran\n|\n|-heal|p1a: Heatran|100\/100|[from] item: Leftovers\n|-damage|p2a: Iron Moth|39\/100|[from] move: Magma Storm|[partiallytrapped]\n|upkeep\n|turn|10\n|\n|t:|1701098018\n|move|p2a: Iron Moth|Substitute|p2a: Iron Moth\n|-start|p2a: Iron Moth|Substitute\n|-end|p2a: Iron Moth|Magma Storm|[partiallytrapped]|[silent]\n|-damage|p2a: Iron Moth|14\/100\n|move|p1a: Heatran|Stealth Rock|p2a: Iron Moth\n|-sidestart|p2: Obling|move: Stealth Rock\n|\n|upkeep\n|turn|11\n|-message|Obling forfeited.\n|\n|win|Darkmaniman+Minus\n|raw|Darkmaniman+Minus's rating: 1622 &rarr; <strong>1639<\/strong><br \/>(+17 for winning)\n|raw|Obling's rating: 1575 &rarr; <strong>1558<\/strong><br \/>(-17 for losing)\n|l|\u2606Obling\n","uploadtime":1701098032,"views":4,"p1id":"darkmanimanminus","p2id":"obling","formatid":"gen9ou","rating":1558,"private":0,"password":""}