{"id":"gen9ou-1989345538","p1":"tagyournot","p2":"strayedbullet","format":"[Gen 9] OU","log":"|j|\u2606tagyournot\n|j|\u2606strayedbullet\n|t:|1699838896\n|gametype|singles\n|player|p1|tagyournot|maid|1075\n|player|p2|strayedbullet|red|1160\n|teamsize|p1|6\n|teamsize|p2|6\n|gen|9\n|tier|[Gen 9] OU\n|rated|\n|rule|Sleep Clause Mod: Limit one foe put to sleep\n|rule|Species Clause: Limit one of each Pok\u00e9mon\n|rule|OHKO Clause: OHKO moves are banned\n|rule|Evasion Items Clause: Evasion items are banned\n|rule|Evasion Moves Clause: Evasion moves are banned\n|rule|Endless Battle Clause: Forcing endless battles is banned\n|rule|HP Percentage Mod: HP is shown in percentages\n|clearpoke\n|poke|p1|Tinkaton, F|\n|poke|p1|Dragapult, M|\n|poke|p1|Garganacl, M|\n|poke|p1|Cinderace, M|\n|poke|p1|Glimmora, M|\n|poke|p1|Ogerpon-Wellspring, F|\n|poke|p2|Electrode-Hisui|\n|poke|p2|Thundurus-Therian, M|\n|poke|p2|Cresselia, F|\n|poke|p2|Iron Treads|\n|poke|p2|Iron Moth|\n|poke|p2|Iron Leaves|\n|teampreview\n|\n|t:|1699838918\n|start\n|switch|p1a: Aresnal player|Cinderace, M|100\/100\n|switch|p2a: Chrode|Electrode-Hisui|100\/100\n|-item|p2a: Chrode|Air Balloon\n|turn|1\n|\n|t:|1699838937\n|move|p2a: Chrode|Thunder Wave|p1a: Aresnal player\n|-status|p1a: Aresnal player|par\n|move|p1a: Aresnal player|Pyro Ball|p2a: Chrode\n|-supereffective|p2a: Chrode\n|-damage|p2a: Chrode|0 fnt\n|-enditem|p2a: Chrode|Air Balloon\n|faint|p2a: Chrode\n|\n|upkeep\n|\n|t:|1699838947\n|switch|p2a: Ironphan|Iron Treads|100\/100\n|-enditem|p2a: Ironphan|Booster Energy\n|-activate|p2a: Ironphan|ability: Quark Drive|[fromitem]\n|-start|p2a: Ironphan|quarkdrivespe\n|turn|2\n|inactive|Battle timer is ON: inactive players will automatically lose when time's up. (requested by strayedbullet)\n|\n|t:|1699838980\n|switch|p1a: Waterrr|Ogerpon-Wellspring, F|100\/100\n|move|p2a: Ironphan|Earthquake|p1a: Waterrr\n|-resisted|p1a: Waterrr\n|-damage|p1a: Waterrr|67\/100\n|\n|upkeep\n|turn|3\n|\n|t:|1699838994\n|-end|p2a: Ironphan|Quark Drive|[silent]\n|switch|p2a: Viriziron|Iron Leaves|100\/100\n|move|p1a: Waterrr|Ivy Cudgel|p2a: Viriziron\n|-resisted|p2a: Viriziron\n|-damage|p2a: Viriziron|66\/100\n|\n|upkeep\n|turn|4\n|\n|t:|1699839001\n|move|p2a: Viriziron|Megahorn|p1a: Waterrr\n|-supereffective|p1a: Waterrr\n|-damage|p1a: Waterrr|0 fnt\n|faint|p1a: Waterrr\n|\n|upkeep\n|\n|t:|1699839014\n|switch|p1a: Glimmora|Glimmora, M|100\/100\n|turn|5\n|\n|t:|1699839023\n|-end|p2a: Viriziron|Quark Drive|[silent]\n|switch|p2a: Ironphan|Iron Treads|100\/100\n|move|p1a: Glimmora|Stealth Rock|p2a: Ironphan\n|-sidestart|p2: strayedbullet|move: Stealth Rock\n|\n|upkeep\n|turn|6\n|c|\u2606tagyournot|my team aint looking too good rn\n|c|\u2606strayedbullet|just a bad matchup\n|c|\u2606tagyournot|i hope so\n|inactive|tagyournot has 120 seconds left.\n|\n|t:|1699839058\n|switch|p1a: Pink thor|Tinkaton, F|100\/100\n|-item|p1a: Pink thor|Air Balloon\n|move|p2a: Ironphan|Earthquake|p1a: Pink thor\n|-immune|p1a: Pink thor\n|\n|upkeep\n|turn|7\n|inactive|tagyournot has 120 seconds left.\n|c|\u2606tagyournot|im so dum\n|c|\u2606tagyournot|i thought i was faster\n|\n|t:|1699839090\n|switch|p1a: Drago|Dragapult, M, shiny|100\/100\n|move|p2a: Ironphan|Rapid Spin|p1a: Drago\n|-immune|p1a: Drago\n|\n|upkeep\n|turn|8\n|inactive|tagyournot has 90 seconds left.\n|\n|t:|1699839105\n|move|p1a: Drago|Will-O-Wisp|p2a: Ironphan\n|-status|p2a: Ironphan|brn\n|move|p2a: Ironphan|Ice Spinner|p1a: Drago\n|-supereffective|p1a: Drago\n|-damage|p1a: Drago|68\/100\n|\n|-damage|p2a: Ironphan|94\/100 brn|[from] brn\n|upkeep\n|turn|9\n|\n|t:|1699839114\n|move|p1a: Drago|Phantom Force||[still]\n|-prepare|p1a: Drago|Phantom Force\n|-enditem|p1a: Drago|Power Herb\n|-anim|p1a: Drago|Phantom Force|p2a: Ironphan\n|-damage|p2a: Ironphan|55\/100 brn\n|move|p2a: Ironphan|Knock Off|p1a: Drago\n|-supereffective|p1a: Drago\n|-damage|p1a: Drago|40\/100\n|\n|-damage|p2a: Ironphan|49\/100 brn|[from] brn\n|upkeep\n|turn|10\n|\n|t:|1699839124\n|move|p1a: Drago|U-turn|p2a: Ironphan\n|-resisted|p2a: Ironphan\n|-damage|p2a: Ironphan|39\/100 brn\n|\n|t:|1699839133\n|switch|p1a: Aresnal player|Cinderace, M|100\/100 par|[from] U-turn\n|move|p2a: Ironphan|Ice Spinner|p1a: Aresnal player\n|-resisted|p1a: Aresnal player\n|-damage|p1a: Aresnal player|92\/100 par\n|\n|-damage|p2a: Ironphan|33\/100 brn|[from] brn\n|upkeep\n|turn|11\n|\n|t:|1699839148\n|move|p2a: Ironphan|Earthquake|p1a: Aresnal player\n|-supereffective|p1a: Aresnal player\n|-damage|p1a: Aresnal player|24\/100 par\n|move|p1a: Aresnal player|High Jump Kick|p2a: Ironphan\n|-start|p1a: Aresnal player|typechange|Fighting|[from] ability: Libero\n|-supereffective|p2a: Ironphan\n|-damage|p2a: Ironphan|0 fnt\n|faint|p2a: Ironphan\n|-end|p2a: Ironphan|Quark Drive|[silent]\n|\n|upkeep\n|\n|t:|1699839159\n|switch|p2a: Thunder Funk|Thundurus-Therian, M|100\/100\n|-damage|p2a: Thunder Funk|75\/100|[from] Stealth Rock\n|turn|12\n|\n|t:|1699839164\n|cant|p1a: Aresnal player|par\n|move|p2a: Thunder Funk|Thunderbolt|p1a: Aresnal player\n|-damage|p1a: Aresnal player|0 fnt\n|faint|p1a: Aresnal player\n|\n|upkeep\n|\n|t:|1699839172\n|switch|p1a: Stairs|Garganacl, M|100\/100\n|turn|13\n|\n|t:|1699839177\n|move|p2a: Thunder Funk|Thunderbolt|p1a: Stairs\n|-damage|p1a: Stairs|64\/100\n|move|p1a: Stairs|Salt Cure|p2a: Thunder Funk\n|-supereffective|p2a: Thunder Funk\n|-damage|p2a: Thunder Funk|27\/100\n|-start|p2a: Thunder Funk|Salt Cure\n|\n|-heal|p1a: Stairs|70\/100|[from] item: Leftovers\n|-damage|p2a: Thunder Funk|15\/100|[from] Salt Cure\n|upkeep\n|turn|14\n|inactive|tagyournot has 120 seconds left.\n|\n|t:|1699839188\n|move|p1a: Stairs|Protect|p1a: Stairs\n|-singleturn|p1a: Stairs|Protect\n|move|p2a: Thunder Funk|Thunderbolt|p1a: Stairs\n|-activate|p1a: Stairs|move: Protect\n|\n|-heal|p1a: Stairs|76\/100|[from] item: Leftovers\n|-damage|p2a: Thunder Funk|2\/100|[from] Salt Cure\n|upkeep\n|turn|15\n|\n|t:|1699839197\n|move|p2a: Thunder Funk|Thunderbolt|p1a: Stairs\n|-damage|p1a: Stairs|39\/100\n|move|p1a: Stairs|Recover|p1a: Stairs\n|-heal|p1a: Stairs|89\/100\n|\n|-heal|p1a: Stairs|95\/100|[from] item: Leftovers\n|-damage|p2a: Thunder Funk|0 fnt|[from] Salt Cure\n|faint|p2a: Thunder Funk\n|upkeep\n|\n|t:|1699839201\n|switch|p2a: Viriziron|Iron Leaves|66\/100\n|-damage|p2a: Viriziron|53\/100|[from] Stealth Rock\n|turn|16\n|\n|t:|1699839210\n|move|p2a: Viriziron|Smart Strike|p1a: Stairs\n|-supereffective|p1a: Stairs\n|-damage|p1a: Stairs|56\/100\n|move|p1a: Stairs|Salt Cure|p2a: Viriziron\n|-damage|p2a: Viriziron|38\/100\n|-start|p2a: Viriziron|Salt Cure\n|\n|-heal|p1a: Stairs|62\/100|[from] item: Leftovers\n|-damage|p2a: Viriziron|26\/100|[from] Salt Cure\n|upkeep\n|turn|17\n|\n|t:|1699839219\n|move|p1a: Stairs|Protect|p1a: Stairs\n|-singleturn|p1a: Stairs|Protect\n|move|p2a: Viriziron|Smart Strike|p1a: Stairs\n|-activate|p1a: Stairs|move: Protect\n|\n|-heal|p1a: Stairs|68\/100|[from] item: Leftovers\n|-damage|p2a: Viriziron|13\/100|[from] Salt Cure\n|upkeep\n|turn|18\n|\n|t:|1699839227\n|move|p2a: Viriziron|Smart Strike|p1a: Stairs\n|-supereffective|p1a: Stairs\n|-damage|p1a: Stairs|31\/100\n|move|p1a: Stairs|Recover|p1a: Stairs\n|-heal|p1a: Stairs|81\/100\n|\n|-heal|p1a: Stairs|87\/100|[from] item: Leftovers\n|-damage|p2a: Viriziron|1\/100|[from] Salt Cure\n|upkeep\n|turn|19\n|\n|t:|1699839236\n|move|p2a: Viriziron|Smart Strike|p1a: Stairs\n|-supereffective|p1a: Stairs\n|-damage|p1a: Stairs|50\/100\n|move|p1a: Stairs|Iron Defense|p1a: Stairs\n|-boost|p1a: Stairs|def|2\n|\n|-heal|p1a: Stairs|56\/100|[from] item: Leftovers\n|-damage|p2a: Viriziron|0 fnt|[from] Salt Cure\n|faint|p2a: Viriziron\n|-end|p2a: Viriziron|Quark Drive|[silent]\n|upkeep\n|\n|t:|1699839240\n|switch|p2a: Volcirona|Iron Moth|100\/100\n|-damage|p2a: Volcirona|76\/100|[from] Stealth Rock\n|turn|20\n|\n|t:|1699839248\n|-terastallize|p2a: Volcirona|Fire\n|move|p2a: Volcirona|Fiery Dance|p1a: Stairs\n|-resisted|p1a: Stairs\n|-damage|p1a: Stairs|35\/100\n|-boost|p2a: Volcirona|spa|1\n|move|p1a: Stairs|Recover|p1a: Stairs\n|-heal|p1a: Stairs|85\/100\n|\n|-heal|p1a: Stairs|92\/100|[from] item: Leftovers\n|upkeep\n|turn|21\n|\n|t:|1699839257\n|move|p2a: Volcirona|Fiery Dance|p1a: Stairs\n|-resisted|p1a: Stairs\n|-damage|p1a: Stairs|61\/100\n|move|p1a: Stairs|Salt Cure|p2a: Volcirona\n|-supereffective|p2a: Volcirona\n|-damage|p2a: Volcirona|27\/100\n|-start|p2a: Volcirona|Salt Cure\n|\n|-heal|p1a: Stairs|68\/100|[from] item: Leftovers\n|-damage|p2a: Volcirona|15\/100|[from] Salt Cure\n|upkeep\n|turn|22\n|\n|t:|1699839269\n|move|p2a: Volcirona|Fiery Dance|p1a: Stairs\n|-resisted|p1a: Stairs\n|-damage|p1a: Stairs|38\/100\n|-boost|p2a: Volcirona|spa|1\n|move|p1a: Stairs|Recover|p1a: Stairs\n|-heal|p1a: Stairs|88\/100\n|\n|-heal|p1a: Stairs|94\/100|[from] item: Leftovers\n|-damage|p2a: Volcirona|2\/100|[from] Salt Cure\n|upkeep\n|turn|23\n|\n|t:|1699839279\n|move|p2a: Volcirona|Fiery Dance|p1a: Stairs\n|-resisted|p1a: Stairs\n|-damage|p1a: Stairs|52\/100\n|-boost|p2a: Volcirona|spa|1\n|move|p1a: Stairs|Iron Defense|p1a: Stairs\n|-boost|p1a: Stairs|def|2\n|\n|-heal|p1a: Stairs|59\/100|[from] item: Leftovers\n|-damage|p2a: Volcirona|0 fnt|[from] Salt Cure\n|faint|p2a: Volcirona\n|-end|p2a: Volcirona|Quark Drive|[silent]\n|upkeep\n|\n|t:|1699839286\n|switch|p2a: Cresselina|Cresselia, F|100\/100\n|-damage|p2a: Cresselina|88\/100|[from] Stealth Rock\n|turn|24\n|\n|t:|1699839292\n|move|p2a: Cresselina|Calm Mind|p2a: Cresselina\n|-boost|p2a: Cresselina|spa|1\n|-boost|p2a: Cresselina|spd|1\n|move|p1a: Stairs|Salt Cure|p2a: Cresselina\n|-damage|p2a: Cresselina|81\/100\n|-start|p2a: Cresselina|Salt Cure\n|\n|-heal|p2a: Cresselina|87\/100|[from] item: Leftovers\n|-heal|p1a: Stairs|65\/100|[from] item: Leftovers\n|-damage|p2a: Cresselina|74\/100|[from] Salt Cure\n|upkeep\n|turn|25\n|c|\u2606strayedbullet|gg\n|c|\u2606strayedbullet|wp\n|\n|t:|1699839305\n|move|p2a: Cresselina|Calm Mind|p2a: Cresselina\n|-boost|p2a: Cresselina|spa|1\n|-boost|p2a: Cresselina|spd|1\n|move|p1a: Stairs|Recover|p1a: Stairs\n|-heal|p1a: Stairs|100\/100\n|\n|-heal|p2a: Cresselina|80\/100|[from] item: Leftovers\n|-damage|p2a: Cresselina|68\/100|[from] Salt Cure\n|upkeep\n|turn|26\n|c|\u2606strayedbullet|told you it was just a bad matchup lol\n|c|\u2606tagyournot|ye\n|\n|t:|1699839320\n|move|p2a: Cresselina|Calm Mind|p2a: Cresselina\n|-boost|p2a: Cresselina|spa|1\n|-boost|p2a: Cresselina|spd|1\n|move|p1a: Stairs|Iron Defense|p1a: Stairs\n|-boost|p1a: Stairs|def|2\n|\n|-heal|p2a: Cresselina|74\/100|[from] item: Leftovers\n|-damage|p2a: Cresselina|62\/100|[from] Salt Cure\n|upkeep\n|turn|27\n|\n|t:|1699839327\n|move|p2a: Cresselina|Stored Power|p1a: Stairs\n|-damage|p1a: Stairs|37\/100\n|move|p1a: Stairs|Salt Cure|p2a: Cresselina\n|-damage|p2a: Cresselina|54\/100\n|\n|-heal|p2a: Cresselina|60\/100|[from] item: Leftovers\n|-heal|p1a: Stairs|43\/100|[from] item: Leftovers\n|-damage|p2a: Cresselina|48\/100|[from] Salt Cure\n|upkeep\n|turn|28\n|\n|t:|1699839337\n|move|p1a: Stairs|Protect|p1a: Stairs\n|-singleturn|p1a: Stairs|Protect\n|move|p2a: Cresselina|Stored Power|p1a: Stairs\n|-activate|p1a: Stairs|move: Protect\n|\n|-heal|p2a: Cresselina|54\/100|[from] item: Leftovers\n|-heal|p1a: Stairs|49\/100|[from] item: Leftovers\n|-damage|p2a: Cresselina|41\/100|[from] Salt Cure\n|upkeep\n|turn|29\n|\n|t:|1699839348\n|move|p2a: Cresselina|Rest|p2a: Cresselina\n|-status|p2a: Cresselina|slp|[from] move: Rest\n|-heal|p2a: Cresselina|100\/100 slp|[silent]\n|move|p1a: Stairs|Recover|p1a: Stairs\n|-heal|p1a: Stairs|99\/100\n|\n|-heal|p1a: Stairs|100\/100|[from] item: Leftovers\n|-damage|p2a: Cresselina|88\/100 slp|[from] Salt Cure\n|upkeep\n|turn|30\n|\n|t:|1699839361\n|cant|p2a: Cresselina|slp\n|move|p1a: Stairs|Salt Cure|p2a: Cresselina\n|-damage|p2a: Cresselina|81\/100 slp\n|\n|-heal|p2a: Cresselina|87\/100 slp|[from] item: Leftovers\n|-damage|p2a: Cresselina|75\/100 slp|[from] Salt Cure\n|upkeep\n|turn|31\n|c|\u2606tagyournot|peak battling right here\n|\n|t:|1699839381\n|cant|p2a: Cresselina|slp\n|move|p1a: Stairs|Salt Cure|p2a: Cresselina\n|-damage|p2a: Cresselina|67\/100 slp\n|\n|-heal|p2a: Cresselina|73\/100 slp|[from] item: Leftovers\n|-damage|p2a: Cresselina|61\/100 slp|[from] Salt Cure\n|upkeep\n|turn|32\n|c|\u2606tagyournot|how many rounds do you think we gonna go?\n|\n|t:|1699839394\n|-curestatus|p2a: Cresselina|slp|[msg]\n|move|p2a: Cresselina|Stored Power|p1a: Stairs\n|-damage|p1a: Stairs|34\/100\n|move|p1a: Stairs|Salt Cure|p2a: Cresselina\n|-damage|p2a: Cresselina|54\/100\n|\n|-heal|p2a: Cresselina|60\/100|[from] item: Leftovers\n|-heal|p1a: Stairs|40\/100|[from] item: Leftovers\n|-damage|p2a: Cresselina|48\/100|[from] Salt Cure\n|upkeep\n|turn|33\n|c|\u2606strayedbullet|this is the game stall players want\n|c|\u2606strayedbullet|lmao\n|\n|t:|1699839405\n|move|p1a: Stairs|Protect|p1a: Stairs\n|-singleturn|p1a: Stairs|Protect\n|move|p2a: Cresselina|Calm Mind|p2a: Cresselina\n|-boost|p2a: Cresselina|spa|1\n|-boost|p2a: Cresselina|spd|1\n|\n|-heal|p2a: Cresselina|54\/100|[from] item: Leftovers\n|-heal|p1a: Stairs|46\/100|[from] item: Leftovers\n|-damage|p2a: Cresselina|41\/100|[from] Salt Cure\n|upkeep\n|turn|34\n|\n|t:|1699839418\n|move|p2a: Cresselina|Calm Mind|p2a: Cresselina\n|-boost|p2a: Cresselina|spa|1\n|-boost|p2a: Cresselina|spd|1\n|move|p1a: Stairs|Recover|p1a: Stairs\n|-heal|p1a: Stairs|96\/100\n|\n|-heal|p2a: Cresselina|47\/100|[from] item: Leftovers\n|-heal|p1a: Stairs|100\/100|[from] item: Leftovers\n|-damage|p2a: Cresselina|35\/100|[from] Salt Cure\n|upkeep\n|turn|35\n|\n|t:|1699839428\n|move|p2a: Cresselina|Rest|p2a: Cresselina\n|-status|p2a: Cresselina|slp|[from] move: Rest\n|-heal|p2a: Cresselina|100\/100 slp|[silent]\n|move|p1a: Stairs|Salt Cure|p2a: Cresselina\n|-damage|p2a: Cresselina|94\/100 slp\n|\n|-heal|p2a: Cresselina|99\/100 slp|[from] item: Leftovers\n|-damage|p2a: Cresselina|87\/100 slp|[from] Salt Cure\n|upkeep\n|turn|36\n|\n|t:|1699839447\n|switch|p1a: Drago|Dragapult, M, shiny|40\/100\n|cant|p2a: Cresselina|slp\n|\n|-heal|p2a: Cresselina|93\/100 slp|[from] item: Leftovers\n|-damage|p2a: Cresselina|81\/100 slp|[from] Salt Cure\n|upkeep\n|turn|37\n|\n|t:|1699839456\n|move|p1a: Drago|Phantom Force||[still]\n|-prepare|p1a: Drago|Phantom Force\n|cant|p2a: Cresselina|slp\n|\n|-heal|p2a: Cresselina|87\/100 slp|[from] item: Leftovers\n|-damage|p2a: Cresselina|75\/100 slp|[from] Salt Cure\n|upkeep\n|turn|38\n|\n|t:|1699839462\n|move|p1a: Drago|Phantom Force|p2a: Cresselina|[from]lockedmove\n|-supereffective|p2a: Cresselina\n|-damage|p2a: Cresselina|27\/100 slp\n|-curestatus|p2a: Cresselina|slp|[msg]\n|move|p2a: Cresselina|Moonblast|p1a: Drago\n|-supereffective|p1a: Drago\n|-damage|p1a: Drago|0 fnt\n|faint|p1a: Drago\n|\n|-heal|p2a: Cresselina|33\/100|[from] item: Leftovers\n|-damage|p2a: Cresselina|21\/100|[from] Salt Cure\n|upkeep\n|c|\u2606tagyournot|crap\n|c|\u2606tagyournot|i thought it would work there\n|\n|t:|1699839479\n|switch|p1a: Glimmora|Glimmora, M|100\/100\n|turn|39\n|\n|t:|1699839486\n|move|p1a: Glimmora|Energy Ball|p2a: Cresselina\n|-damage|p2a: Cresselina|15\/100\n|move|p2a: Cresselina|Rest|p2a: Cresselina\n|-status|p2a: Cresselina|slp|[from] move: Rest\n|-heal|p2a: Cresselina|100\/100 slp|[silent]\n|\n|-damage|p2a: Cresselina|88\/100 slp|[from] Salt Cure\n|upkeep\n|turn|40\n|c|\u2606strayedbullet|I'm almost ded\n|c|\u2606strayedbullet|jk\n|c|\u2606tagyournot|if only if only the woodpecker sighed\n|\n|t:|1699839508\n|move|p1a: Glimmora|Energy Ball|p2a: Cresselina\n|-crit|p2a: Cresselina\n|-damage|p2a: Cresselina|57\/100 slp\n|cant|p2a: Cresselina|slp\n|\n|-heal|p2a: Cresselina|63\/100 slp|[from] item: Leftovers\n|-damage|p2a: Cresselina|51\/100 slp|[from] Salt Cure\n|upkeep\n|turn|41\n|\n|t:|1699839519\n|move|p1a: Glimmora|Energy Ball|p2a: Cresselina\n|-damage|p2a: Cresselina|45\/100 slp\n|cant|p2a: Cresselina|slp\n|\n|-heal|p2a: Cresselina|51\/100 slp|[from] item: Leftovers\n|-damage|p2a: Cresselina|38\/100 slp|[from] Salt Cure\n|upkeep\n|turn|42\n|c|\u2606tagyournot|you have a really good team\n|\n|t:|1699839526\n|move|p1a: Glimmora|Energy Ball|p2a: Cresselina\n|-damage|p2a: Cresselina|33\/100 slp\n|-curestatus|p2a: Cresselina|slp|[msg]\n|move|p2a: Cresselina|Stored Power|p1a: Glimmora\n|-supereffective|p1a: Glimmora\n|-enditem|p1a: Glimmora|Focus Sash\n|-damage|p1a: Glimmora|1\/100\n|\n|-heal|p2a: Cresselina|39\/100|[from] item: Leftovers\n|-damage|p2a: Cresselina|26\/100|[from] Salt Cure\n|upkeep\n|turn|43\n|c|\u2606strayedbullet|it has it's weaknesses\n|c|\u2606strayedbullet|but ty\n|\n|t:|1699839540\n|move|p1a: Glimmora|Energy Ball|p2a: Cresselina\n|-damage|p2a: Cresselina|20\/100\n|move|p2a: Cresselina|Rest|p2a: Cresselina\n|-status|p2a: Cresselina|slp|[from] move: Rest\n|-heal|p2a: Cresselina|100\/100 slp|[silent]\n|\n|-damage|p2a: Cresselina|88\/100 slp|[from] Salt Cure\n|upkeep\n|turn|44\n|c|\u2606strayedbullet|suicune used to be OP back in the day and I use this in gen 9 as a replacement\n|inactive|tagyournot has 120 seconds left.\n|c|\u2606tagyournot|auora veil?\n|\n|t:|1699839587\n|move|p1a: Glimmora|Energy Ball|p2a: Cresselina\n|-damage|p2a: Cresselina|82\/100 slp\n|cant|p2a: Cresselina|slp\n|\n|-heal|p2a: Cresselina|88\/100 slp|[from] item: Leftovers\n|-damage|p2a: Cresselina|75\/100 slp|[from] Salt Cure\n|upkeep\n|turn|45\n|c|\u2606strayedbullet|No just mono water typing is good defensively and it has monster bulk plus calm mind\n|\n|t:|1699839602\n|move|p1a: Glimmora|Energy Ball|p2a: Cresselina\n|-damage|p2a: Cresselina|69\/100 slp\n|cant|p2a: Cresselina|slp\n|\n|-heal|p2a: Cresselina|75\/100 slp|[from] item: Leftovers\n|-damage|p2a: Cresselina|62\/100 slp|[from] Salt Cure\n|upkeep\n|turn|46\n|c|\u2606tagyournot|ohhhh\n|c|\u2606tagyournot|im pretty new to ou\n|\n|t:|1699839616\n|move|p1a: Glimmora|Energy Ball|p2a: Cresselina\n|-damage|p2a: Cresselina|56\/100 slp\n|-unboost|p2a: Cresselina|spd|1\n|-curestatus|p2a: Cresselina|slp|[msg]\n|move|p2a: Cresselina|Stored Power|p1a: Glimmora\n|-supereffective|p1a: Glimmora\n|-damage|p1a: Glimmora|0 fnt\n|faint|p1a: Glimmora\n|\n|-heal|p2a: Cresselina|62\/100|[from] item: Leftovers\n|-damage|p2a: Cresselina|50\/100|[from] Salt Cure\n|upkeep\n|c|\u2606tagyournot|so idk that much bout suicune\n|\n|t:|1699839630\n|switch|p1a: Pink thor|Tinkaton, F|100\/100\n|-item|p1a: Pink thor|Air Balloon\n|turn|47\n|c|\u2606strayedbullet|I've played gen 1-5 and then skipped 6-9\n|\n|t:|1699839642\n|move|p1a: Pink thor|Play Rough|p2a: Cresselina\n|-damage|p2a: Cresselina|38\/100\n|move|p2a: Cresselina|Rest|p2a: Cresselina\n|-status|p2a: Cresselina|slp|[from] move: Rest\n|-heal|p2a: Cresselina|100\/100 slp|[silent]\n|\n|-damage|p2a: Cresselina|88\/100 slp|[from] Salt Cure\n|upkeep\n|turn|48\n|\n|t:|1699839650\n|move|p1a: Pink thor|Encore|p2a: Cresselina\n|-start|p2a: Cresselina|Encore\n|cant|p2a: Cresselina|slp\n|\n|-heal|p2a: Cresselina|94\/100 slp|[from] item: Leftovers\n|-damage|p2a: Cresselina|82\/100 slp|[from] Salt Cure\n|upkeep\n|turn|49\n|\n|t:|1699839664\n|move|p1a: Pink thor|Play Rough|p2a: Cresselina\n|-damage|p2a: Cresselina|69\/100 slp\n|cant|p2a: Cresselina|slp\n|\n|-heal|p2a: Cresselina|75\/100 slp|[from] item: Leftovers\n|-damage|p2a: Cresselina|62\/100 slp|[from] Salt Cure\n|upkeep\n|turn|50\n|inactive|tagyournot has 120 seconds left.\n|c|\u2606strayedbullet|damn\n|c|\u2606strayedbullet|gg\n|c|\u2606tagyournot|idk what im trying to do rn\n|\n|t:|1699839673\n|move|p1a: Pink thor|Play Rough|p2a: Cresselina\n|-damage|p2a: Cresselina|49\/100 slp\n|-unboost|p2a: Cresselina|atk|1\n|-curestatus|p2a: Cresselina|slp|[msg]\n|move|p2a: Cresselina|Rest|p2a: Cresselina\n|-status|p2a: Cresselina|slp|[from] move: Rest\n|-heal|p2a: Cresselina|100\/100 slp|[silent]\n|\n|-damage|p2a: Cresselina|88\/100 slp|[from] Salt Cure\n|-end|p2a: Cresselina|Encore\n|upkeep\n|turn|51\n|c|\u2606strayedbullet|pretty sure I can't move\n|c|\u2606tagyournot|wait\n|inactive|tagyournot has 120 seconds left.\n|c|\u2606strayedbullet|I have 2 rests left\n|c|\u2606tagyournot|idk if that was a good idea on my part\n|c|\u2606tagyournot|ohh\n|c|\u2606strayedbullet|stall em out\n|inactive|strayedbullet has 120 seconds left.\n|c|\u2606strayedbullet|and i'll die to salt cure\n|c|\u2606tagyournot|51 turns is wild\n|c|\u2606strayedbullet|or attack for damage whatever you feel\n|c|\u2606strayedbullet|you've never played gen 2 lol\n|inactive|strayedbullet has 90 seconds left.\n|c|\u2606tagyournot|ye\n|c|\u2606strayedbullet|curse is everywhere\n|inactive|strayedbullet has 60 seconds left.\n|c|\u2606strayedbullet|it was a tm anyone could learn lol\n|\n|t:|1699839781\n|move|p1a: Pink thor|Play Rough|p2a: Cresselina|[miss]\n|-miss|p1a: Pink thor|p2a: Cresselina\n|cant|p2a: Cresselina|slp\n|\n|-heal|p2a: Cresselina|94\/100 slp|[from] item: Leftovers\n|-damage|p2a: Cresselina|82\/100 slp|[from] Salt Cure\n|upkeep\n|turn|52\n|c|\u2606tagyournot|lol\n|c|\u2606strayedbullet|sorry didn't know it was my move\n|\n|t:|1699839790\n|move|p1a: Pink thor|Play Rough|p2a: Cresselina\n|-damage|p2a: Cresselina|69\/100 slp\n|cant|p2a: Cresselina|slp\n|\n|-heal|p2a: Cresselina|75\/100 slp|[from] item: Leftovers\n|-damage|p2a: Cresselina|62\/100 slp|[from] Salt Cure\n|upkeep\n|turn|53\n|c|\u2606tagyournot|i mostly play the gen 3 games\n|c|\u2606tagyournot|using a silly way\n|c|\u2606strayedbullet|gen 3 ou is good\n|inactive|tagyournot has 120 seconds left.\n|c|\u2606strayedbullet|lots of sand lol\n|c|\u2606tagyournot|im talking bout the mainline game\n|\n|t:|1699839815\n|move|p1a: Pink thor|Play Rough|p2a: Cresselina\n|-damage|p2a: Cresselina|50\/100 slp\n|-curestatus|p2a: Cresselina|slp|[msg]\n|move|p2a: Cresselina|Stored Power|p1a: Pink thor\n|-resisted|p1a: Pink thor\n|-damage|p1a: Pink thor|17\/100\n|-enditem|p1a: Pink thor|Air Balloon\n|\n|-heal|p2a: Cresselina|56\/100|[from] item: Leftovers\n|-damage|p2a: Cresselina|44\/100|[from] Salt Cure\n|upkeep\n|turn|54\n|c|\u2606strayedbullet|oh okay yeah\n|c|\u2606strayedbullet|they're good\n|inactive|tagyournot has 120 seconds left.\n|inactive|strayedbullet has 60 seconds left.\n|c|\u2606strayedbullet|I tried getting all the gold symbols on emerald battle frontier\n|\n|t:|1699839836\n|move|p1a: Pink thor|Encore|p2a: Cresselina\n|-start|p2a: Cresselina|Encore\n|move|p2a: Cresselina|Stored Power|p1a: Pink thor\n|-resisted|p1a: Pink thor\n|-damage|p1a: Pink thor|0 fnt\n|faint|p1a: Pink thor\n|\n|-heal|p2a: Cresselina|50\/100|[from] item: Leftovers\n|-damage|p2a: Cresselina|38\/100|[from] Salt Cure\n|upkeep\n|c|\u2606strayedbullet|gg\n|c|\u2606tagyournot|gg\n|c|\u2606strayedbullet|wp\n|c|\u2606tagyournot|i lose here\n|-message|strayedbullet forfeited.\n|\n|win|tagyournot\n|raw|tagyournot's rating: 1075 &rarr; <strong>1111<\/strong><br \/>(+36 for winning)\n|raw|strayedbullet's rating: 1160 &rarr; <strong>1129<\/strong><br \/>(-31 for losing)\n|l|\u2606strayedbullet\n","uploadtime":1699839856,"views":18,"p1id":"tagyournot","p2id":"strayedbullet","formatid":"gen9ou","rating":1111,"private":0,"password":""}