{"id":"gen9ou-1996428366","p1":"punkmag","p2":"mamle","format":"[Gen 9] OU","log":"|j|\u2606punkmag\n|j|\u2606mamle\n|t:|1700681082\n|gametype|singles\n|player|p1|punkmag|waitress-gen4|1234\n|player|p2|mamle|rood|1273\n|teamsize|p1|6\n|teamsize|p2|6\n|gen|9\n|tier|[Gen 9] OU\n|rated|\n|rule|Sleep Clause Mod: Limit one foe put to sleep\n|rule|Species Clause: Limit one of each Pok\u00e9mon\n|rule|OHKO Clause: OHKO moves are banned\n|rule|Evasion Items Clause: Evasion items are banned\n|rule|Evasion Moves Clause: Evasion moves are banned\n|rule|Endless Battle Clause: Forcing endless battles is banned\n|rule|HP Percentage Mod: HP is shown in percentages\n|clearpoke\n|poke|p1|Tinkaton, F|\n|poke|p1|Rillaboom, F|\n|poke|p1|Iron Moth|\n|poke|p1|Iron Valiant|\n|poke|p1|Dragonite, M|\n|poke|p1|Mandibuzz, F|\n|poke|p2|Greninja-*, M|\n|poke|p2|Ting-Lu|\n|poke|p2|Iron Moth|\n|poke|p2|Rillaboom, F|\n|poke|p2|Lucario, F|\n|poke|p2|Gholdengo|\n|teampreview\n|inactive|Battle timer is ON: inactive players will automatically lose when time's up. (requested by punkmag)\n|\n|t:|1700681094\n|start\n|switch|p1a: Iron Takes Off|Iron Valiant|100\/100\n|switch|p2a: Greninja|Greninja, M|100\/100\n|turn|1\n|\n|t:|1700681101\n|move|p1a: Iron Takes Off|Moonblast|p2a: Greninja\n|-supereffective|p2a: Greninja\n|-damage|p2a: Greninja|0 fnt\n|faint|p2a: Greninja\n|\n|upkeep\n|\n|t:|1700681108\n|switch|p2a: Rillaboom|Rillaboom, F|100\/100\n|-fieldstart|move: Grassy Terrain|[from] ability: Grassy Surge|[of] p2a: Rillaboom\n|turn|2\n|\n|t:|1700681113\n|-end|p1a: Iron Takes Off|Quark Drive|[silent]\n|switch|p1a: Mandibuzz|Mandibuzz, F|100\/100\n|move|p2a: Rillaboom|Grassy Glide|p1a: Mandibuzz\n|-resisted|p1a: Mandibuzz\n|-damage|p1a: Mandibuzz|78\/100\n|\n|-heal|p1a: Mandibuzz|84\/100|[from] item: Leftovers\n|upkeep\n|turn|3\n|\n|t:|1700681121\n|switch|p2a: Ting-Lu|Ting-Lu|100\/100\n|-ability|p2a: Ting-Lu|Vessel of Ruin\n|move|p1a: Mandibuzz|U-turn|p2a: Ting-Lu\n|-supereffective|p2a: Ting-Lu\n|-damage|p2a: Ting-Lu|82\/100\n|\n|t:|1700681129\n|switch|p1a: Pinecones|Rillaboom, F|100\/100|[from] U-turn\n|\n|-heal|p2a: Ting-Lu|88\/100|[from] Grassy Terrain\n|upkeep\n|turn|4\n|\n|t:|1700681136\n|move|p1a: Pinecones|Swords Dance|p1a: Pinecones\n|-boost|p1a: Pinecones|atk|2\n|move|p2a: Ting-Lu|Stealth Rock|p1a: Pinecones\n|-sidestart|p1: punkmag|move: Stealth Rock\n|\n|-heal|p2a: Ting-Lu|95\/100|[from] Grassy Terrain\n|upkeep\n|turn|5\n|\n|t:|1700681142\n|move|p1a: Pinecones|Grassy Glide|p2a: Ting-Lu\n|-supereffective|p2a: Ting-Lu\n|-damage|p2a: Ting-Lu|11\/100\n|-enditem|p2a: Ting-Lu|Aguav Berry|[eat]\n|-heal|p2a: Ting-Lu|44\/100|[from] item: Aguav Berry\n|move|p2a: Ting-Lu|Spikes|p1a: Pinecones\n|-sidestart|p1: punkmag|Spikes\n|\n|-heal|p2a: Ting-Lu|50\/100|[from] Grassy Terrain\n|upkeep\n|turn|6\n|\n|t:|1700681152\n|move|p1a: Pinecones|Grassy Glide|p2a: Ting-Lu\n|-supereffective|p2a: Ting-Lu\n|-damage|p2a: Ting-Lu|0 fnt\n|faint|p2a: Ting-Lu\n|\n|-fieldend|move: Grassy Terrain\n|upkeep\n|\n|t:|1700681157\n|switch|p2a: Rillaboom|Rillaboom, F|100\/100\n|-fieldstart|move: Grassy Terrain|[from] ability: Grassy Surge|[of] p2a: Rillaboom\n|turn|7\n|\n|t:|1700681162\n|move|p1a: Pinecones|U-turn|p2a: Rillaboom\n|-supereffective|p2a: Rillaboom\n|-damage|p2a: Rillaboom|13\/100\n|\n|t:|1700681172\n|switch|p1a: Mandibuzz|Mandibuzz, F|84\/100|[from] U-turn\n|-damage|p1a: Mandibuzz|59\/100|[from] Stealth Rock\n|move|p2a: Rillaboom|U-turn|p1a: Mandibuzz\n|-damage|p1a: Mandibuzz|30\/100\n|\n|t:|1700681178\n|switch|p2a: Lucario|Lucario, F|100\/100|[from] U-turn\n|-enditem|p2a: Lucario|Grassy Seed\n|-boost|p2a: Lucario|def|1|[from] item: Grassy Seed\n|\n|-heal|p1a: Mandibuzz|36\/100|[from] item: Leftovers\n|upkeep\n|turn|8\n|\n|t:|1700681191\n|move|p2a: Lucario|Swords Dance|p2a: Lucario\n|-boost|p2a: Lucario|atk|2\n|move|p1a: Mandibuzz|Defog|p2a: Lucario\n|-unboost|p2a: Lucario|evasion|1\n|-sideend|p1: punkmag|Spikes|[from] move: Defog|[of] p1a: Mandibuzz\n|-sideend|p1: punkmag|Stealth Rock|[from] move: Defog|[of] p1a: Mandibuzz\n|-fieldend|move: Grassy Terrain\n|\n|-heal|p1a: Mandibuzz|42\/100|[from] item: Leftovers\n|upkeep\n|turn|9\n|\n|t:|1700681205\n|move|p2a: Lucario|Swords Dance|p2a: Lucario\n|-boost|p2a: Lucario|atk|2\n|move|p1a: Mandibuzz|Foul Play|p2a: Lucario\n|-resisted|p2a: Lucario\n|-damage|p2a: Lucario|25\/100\n|-ability|p2a: Lucario|Justified|boost\n|-boost|p2a: Lucario|atk|1\n|\n|-heal|p1a: Mandibuzz|48\/100|[from] item: Leftovers\n|upkeep\n|turn|10\n|\n|t:|1700681216\n|move|p2a: Lucario|Drain Punch|p1a: Mandibuzz\n|-damage|p1a: Mandibuzz|0 fnt\n|-heal|p2a: Lucario|61\/100|[from] drain|[of] p1a: Mandibuzz\n|faint|p1a: Mandibuzz\n|\n|upkeep\n|\n|t:|1700681231\n|switch|p1a: Amazon|Tinkaton, F|100\/100\n|-ability|p1a: Amazon|Mold Breaker\n|turn|11\n|\n|t:|1700681237\n|move|p2a: Lucario|Bullet Punch|p1a: Amazon\n|-damage|p1a: Amazon|14\/100\n|move|p1a: Amazon|Encore|p2a: Lucario\n|-start|p2a: Lucario|Encore\n|\n|-heal|p1a: Amazon|20\/100|[from] item: Leftovers\n|upkeep\n|turn|12\n|\n|t:|1700681244\n|move|p2a: Lucario|Bullet Punch|p1a: Amazon\n|-damage|p1a: Amazon|0 fnt\n|faint|p1a: Amazon\n|\n|upkeep\n|\n|t:|1700681262\n|switch|p1a: Niltelace|Dragonite, M|100\/100\n|turn|13\n|\n|t:|1700681270\n|move|p2a: Lucario|Bullet Punch|p1a: Niltelace\n|-damage|p1a: Niltelace|66\/100\n|move|p1a: Niltelace|Earthquake|p2a: Lucario\n|-supereffective|p2a: Lucario\n|-damage|p2a: Lucario|0 fnt\n|faint|p2a: Lucario\n|\n|upkeep\n|\n|t:|1700681280\n|switch|p2a: Iron Moth|Iron Moth|100\/100\n|-enditem|p2a: Iron Moth|Booster Energy\n|-activate|p2a: Iron Moth|ability: Quark Drive|[fromitem]\n|-start|p2a: Iron Moth|quarkdrivespe\n|turn|14\n|\n|t:|1700681293\n|move|p2a: Iron Moth|Sludge Wave|p1a: Niltelace\n|-damage|p1a: Niltelace|13\/100\n|move|p1a: Niltelace|Encore|p2a: Iron Moth\n|-start|p2a: Iron Moth|Encore\n|\n|upkeep\n|turn|15\n|\n|t:|1700681300\n|move|p1a: Niltelace|Extreme Speed|p2a: Iron Moth\n|-damage|p2a: Iron Moth|50\/100\n|move|p2a: Iron Moth|Sludge Wave|p1a: Niltelace\n|-damage|p1a: Niltelace|0 fnt\n|faint|p1a: Niltelace\n|\n|upkeep\n|\n|t:|1700681317\n|switch|p1a: Iron Takes Off|Iron Valiant|100\/100\n|turn|16\n|\n|t:|1700681322\n|move|p1a: Iron Takes Off|Psyshock|p2a: Iron Moth\n|-supereffective|p2a: Iron Moth\n|-damage|p2a: Iron Moth|0 fnt\n|faint|p2a: Iron Moth\n|-end|p2a: Iron Moth|Quark Drive|[silent]\n|\n|upkeep\n|\n|t:|1700681325\n|switch|p2a: Gholdengo|Gholdengo|100\/100\n|turn|17\n|\n|t:|1700681331\n|-end|p1a: Iron Takes Off|Quark Drive|[silent]\n|switch|p1a: Pinecones|Rillaboom, F|100\/100\n|-fieldstart|move: Grassy Terrain|[from] ability: Grassy Surge|[of] p1a: Pinecones\n|move|p2a: Gholdengo|Substitute|p2a: Gholdengo\n|-start|p2a: Gholdengo|Substitute\n|-damage|p2a: Gholdengo|76\/100\n|\n|-heal|p2a: Gholdengo|82\/100|[from] Grassy Terrain\n|-heal|p2a: Gholdengo|88\/100|[from] item: Leftovers\n|upkeep\n|turn|18\n|\n|t:|1700681340\n|move|p1a: Pinecones|Knock Off|p2a: Gholdengo\n|-supereffective|p2a: Gholdengo\n|-end|p2a: Gholdengo|Substitute\n|move|p2a: Gholdengo|Focus Blast|p1a: Pinecones\n|-damage|p1a: Pinecones|48\/100\n|\n|-heal|p1a: Pinecones|54\/100|[from] Grassy Terrain\n|-heal|p2a: Gholdengo|94\/100|[from] Grassy Terrain\n|-heal|p2a: Gholdengo|99\/100|[from] item: Leftovers\n|upkeep\n|turn|19\n|\n|t:|1700681350\n|switch|p2a: Rillaboom|Rillaboom, F|13\/100\n|move|p1a: Pinecones|Knock Off|p2a: Rillaboom\n|-damage|p2a: Rillaboom|0 fnt\n|-enditem|p2a: Rillaboom|Choice Band|[from] move: Knock Off|[of] p1a: Pinecones\n|faint|p2a: Rillaboom\n|\n|-heal|p1a: Pinecones|60\/100|[from] Grassy Terrain\n|upkeep\n|\n|t:|1700681355\n|switch|p2a: Gholdengo|Gholdengo|99\/100\n|turn|20\n|\n|t:|1700681368\n|-terastallize|p2a: Gholdengo|Flying\n|move|p1a: Pinecones|Swords Dance|p1a: Pinecones\n|-boost|p1a: Pinecones|atk|2\n|move|p2a: Gholdengo|Focus Blast|p1a: Pinecones\n|-damage|p1a: Pinecones|7\/100\n|\n|-heal|p1a: Pinecones|13\/100|[from] Grassy Terrain\n|-heal|p2a: Gholdengo|100\/100|[from] item: Leftovers\n|upkeep\n|turn|21\n|\n|t:|1700681377\n|move|p1a: Pinecones|Knock Off|p2a: Gholdengo\n|-damage|p2a: Gholdengo|41\/100\n|-enditem|p2a: Gholdengo|Leftovers|[from] move: Knock Off|[of] p1a: Pinecones\n|move|p2a: Gholdengo|Dazzling Gleam|p1a: Pinecones\n|-damage|p1a: Pinecones|0 fnt\n|faint|p1a: Pinecones\n|\n|-fieldend|move: Grassy Terrain\n|upkeep\n|-message|mamle forfeited.\n|\n|win|punkmag\n|raw|punkmag's rating: 1234 &rarr; <strong>1262<\/strong><br \/>(+28 for winning)\n|raw|mamle's rating: 1273 &rarr; <strong>1245<\/strong><br \/>(-28 for losing)\n|l|\u2606mamle\n","uploadtime":1700681394,"views":0,"p1id":"punkmag","p2id":"mamle","formatid":"gen9ou","rating":1245,"private":0,"password":""}