{"id":"gen9ou-1990214036","p1":"Ch4rle5","p2":"Tommy no-luck","format":"[Gen 9] OU","log":"|j|\u2606Ch4rle5\n|j|\u2606Tommy no-luck\n|t:|1699938438\n|gametype|singles\n|player|p1|Ch4rle5|colress|1075\n|player|p2|Tommy no-luck|waiter-gen4|1134\n|teamsize|p1|6\n|teamsize|p2|6\n|gen|9\n|tier|[Gen 9] OU\n|rated|\n|rule|Sleep Clause Mod: Limit one foe put to sleep\n|rule|Species Clause: Limit one of each Pok\u00e9mon\n|rule|OHKO Clause: OHKO moves are banned\n|rule|Evasion Items Clause: Evasion items are banned\n|rule|Evasion Moves Clause: Evasion moves are banned\n|rule|Endless Battle Clause: Forcing endless battles is banned\n|rule|HP Percentage Mod: HP is shown in percentages\n|clearpoke\n|poke|p1|Ceruledge, F|\n|poke|p1|Landorus-Therian, M|\n|poke|p1|Quaquaval, M|\n|poke|p1|Blissey, F|\n|poke|p1|Hatterene, F|\n|poke|p1|Ogerpon-Cornerstone, F|\n|poke|p2|Landorus-Therian, M|\n|poke|p2|Greninja-*, F|\n|poke|p2|Grafaiai, M|\n|poke|p2|Rillaboom, F|\n|poke|p2|Dragapult, M|\n|poke|p2|Thundurus-Therian, M|\n|teampreview\n|\n|t:|1699938451\n|start\n|switch|p1a: Ogerpon|Ogerpon-Cornerstone, F|100\/100\n|switch|p2a: Greninja|Greninja, F|100\/100\n|turn|1\n|inactive|Battle timer is ON: inactive players will automatically lose when time's up. (requested by Tommy no-luck)\n|\n|t:|1699938457\n|move|p2a: Greninja|Ice Beam|p1a: Ogerpon\n|-start|p2a: Greninja|typechange|Ice|[from] ability: Protean\n|-supereffective|p1a: Ogerpon\n|-ability|p1a: Ogerpon|Sturdy\n|-damage|p1a: Ogerpon|1\/100\n|move|p1a: Ogerpon|Leech Seed|p2a: Greninja\n|-start|p2a: Greninja|move: Leech Seed\n|\n|-damage|p2a: Greninja|88\/100|[from] Leech Seed|[of] p1a: Ogerpon\n|-heal|p1a: Ogerpon|10\/100|[silent]\n|upkeep\n|turn|2\n|\n|t:|1699938469\n|switch|p2a: Landorus|Landorus-Therian, M|100\/100\n|-ability|p2a: Landorus|Intimidate|boost\n|-unboost|p1a: Ogerpon|atk|1\n|switch|p1a: Blissey|Blissey, F|100\/100\n|\n|upkeep\n|turn|3\n|\n|t:|1699938475\n|move|p2a: Landorus|Earthquake|p1a: Blissey\n|-damage|p1a: Blissey|55\/100\n|move|p1a: Blissey|Stealth Rock|p2a: Landorus\n|-sidestart|p2: Tommy no-luck|move: Stealth Rock\n|\n|-heal|p1a: Blissey|61\/100|[from] item: Leftovers\n|upkeep\n|turn|4\n|\n|t:|1699938482\n|move|p2a: Landorus|Earthquake|p1a: Blissey\n|-damage|p1a: Blissey|15\/100\n|move|p1a: Blissey|Seismic Toss|p2a: Landorus\n|-damage|p2a: Landorus|69\/100\n|\n|-heal|p1a: Blissey|21\/100|[from] item: Leftovers\n|upkeep\n|turn|5\n|\n|t:|1699938490\n|move|p2a: Landorus|Earthquake|p1a: Blissey\n|-damage|p1a: Blissey|0 fnt\n|faint|p1a: Blissey\n|\n|upkeep\n|\n|t:|1699938496\n|switch|p1a: Quaquaval|Quaquaval, M|100\/100\n|turn|6\n|\n|t:|1699938501\n|switch|p2a: Thundurus|Thundurus-Therian, M|100\/100\n|-damage|p2a: Thundurus|76\/100|[from] Stealth Rock\n|move|p1a: Quaquaval|Bulk Up|p1a: Quaquaval\n|-boost|p1a: Quaquaval|atk|1\n|-boost|p1a: Quaquaval|def|1\n|\n|upkeep\n|turn|7\n|\n|t:|1699938508\n|switch|p1a: Landorus|Landorus-Therian, M|100\/100\n|-ability|p1a: Landorus|Intimidate|boost\n|-unboost|p2a: Thundurus|atk|1\n|move|p2a: Thundurus|Volt Switch|p1a: Landorus\n|-immune|p1a: Landorus\n|\n|upkeep\n|turn|8\n|-message|Ch4rle5 forfeited.\n|\n|win|Tommy no-luck\n|raw|Ch4rle5's rating: 1075 &rarr; <strong>1057<\/strong><br \/>(-18 for losing)\n|raw|Tommy no-luck's rating: 1134 &rarr; <strong>1155<\/strong><br \/>(+21 for winning)\n|l|\u2606Ch4rle5\n","uploadtime":1699938518,"views":8,"p1id":"ch4rle5","p2id":"tommynoluck","formatid":"gen9ou","rating":1057,"private":0,"password":""}