{"id":"gen9ou-1999909717","p1":"atonthesunbreaker0","p2":"AkiDes","format":"[Gen 9] OU","log":"|j|\u2606atonthesunbreaker0\n|j|\u2606AkiDes\n|t:|1701128955\n|gametype|singles\n|player|p1|atonthesunbreaker0|gambler|1243\n|player|p2|AkiDes|volkner|1171\n|teamsize|p1|6\n|teamsize|p2|6\n|gen|9\n|tier|[Gen 9] OU\n|rated|\n|rule|Sleep Clause Mod: Limit one foe put to sleep\n|rule|Species Clause: Limit one of each Pok\u00e9mon\n|rule|OHKO Clause: OHKO moves are banned\n|rule|Evasion Items Clause: Evasion items are banned\n|rule|Evasion Moves Clause: Evasion moves are banned\n|rule|Endless Battle Clause: Forcing endless battles is banned\n|rule|HP Percentage Mod: HP is shown in percentages\n|clearpoke\n|poke|p1|Torkoal, F|\n|poke|p1|Walking Wake|\n|poke|p1|Thundurus-Therian, M|\n|poke|p1|Kingambit, M|\n|poke|p1|Hatterene, F|\n|poke|p1|Ceruledge, F|\n|poke|p2|Greninja-*, F|\n|poke|p2|Dragonite, M|\n|poke|p2|Cinderace, F|\n|poke|p2|Mandibuzz, F|\n|poke|p2|Jolteon, F|\n|poke|p2|Landorus-Therian, M|\n|teampreview\n|\n|t:|1701128967\n|start\n|switch|p1a: Thundurus|Thundurus-Therian, M|100\/100\n|switch|p2a: Fuego en la pista|Cinderace, F|100\/100\n|turn|1\n|\n|t:|1701128980\n|move|p1a: Thundurus|Knock Off|p2a: Fuego en la pista\n|-damage|p2a: Fuego en la pista|67\/100\n|-enditem|p2a: Fuego en la pista|Assault Vest|[from] move: Knock Off|[of] p1a: Thundurus\n|move|p2a: Fuego en la pista|Pyro Ball|p1a: Thundurus\n|-damage|p1a: Thundurus|0 fnt\n|faint|p1a: Thundurus\n|\n|upkeep\n|\n|t:|1701129003\n|switch|p1a: Torkoal|Torkoal, F|100\/100\n|-weather|SunnyDay|[from] ability: Drought|[of] p1a: Torkoal\n|turn|2\n|\n|t:|1701129015\n|move|p2a: Fuego en la pista|High Jump Kick|p1a: Torkoal\n|-start|p2a: Fuego en la pista|typechange|Fighting|[from] ability: Libero\n|-damage|p1a: Torkoal|66\/100\n|move|p1a: Torkoal|Stealth Rock|p2a: Fuego en la pista\n|-sidestart|p2: AkiDes|move: Stealth Rock\n|\n|-weather|SunnyDay|[upkeep]\n|upkeep\n|turn|3\n|\n|t:|1701129023\n|move|p2a: Fuego en la pista|U-turn|p1a: Torkoal\n|-resisted|p1a: Torkoal\n|-damage|p1a: Torkoal|60\/100\n|\n|t:|1701129026\n|switch|p2a: Festin celestial|Mandibuzz, F|100\/100|[from] U-turn\n|move|p1a: Torkoal|Yawn|p2a: Festin celestial\n|-start|p2a: Festin celestial|move: Yawn|[of] p1a: Torkoal\n|\n|-weather|SunnyDay|[upkeep]\n|upkeep\n|turn|4\n|\n|t:|1701129043\n|switch|p1a: Walking Wake|Walking Wake|100\/100\n|-activate|p1a: Walking Wake|ability: Protosynthesis\n|-start|p1a: Walking Wake|protosynthesisspe\n|move|p2a: Festin celestial|Toxic|p1a: Walking Wake\n|-status|p1a: Walking Wake|tox\n|\n|-weather|SunnyDay|[upkeep]\n|-damage|p1a: Walking Wake|94\/100 tox|[from] psn\n|-end|p2a: Festin celestial|move: Yawn|[silent]\n|-status|p2a: Festin celestial|slp\n|upkeep\n|turn|5\n|\n|t:|1701129056\n|move|p1a: Walking Wake|Hydro Steam|p2a: Festin celestial\n|-damage|p2a: Festin celestial|29\/100 slp\n|cant|p2a: Festin celestial|slp\n|\n|-weather|SunnyDay|[upkeep]\n|-damage|p1a: Walking Wake|82\/100 tox|[from] psn\n|upkeep\n|turn|6\n|\n|t:|1701129064\n|move|p1a: Walking Wake|Hydro Steam|p2a: Festin celestial\n|-damage|p2a: Festin celestial|0 fnt\n|faint|p2a: Festin celestial\n|\n|-weather|SunnyDay|[upkeep]\n|-damage|p1a: Walking Wake|64\/100 tox|[from] psn\n|upkeep\n|\n|t:|1701129078\n|switch|p2a: Fuego en la pista|Cinderace, F|67\/100\n|-damage|p2a: Fuego en la pista|42\/100|[from] Stealth Rock\n|turn|7\n|\n|t:|1701129082\n|move|p1a: Walking Wake|Hydro Steam|p2a: Fuego en la pista\n|-supereffective|p2a: Fuego en la pista\n|-damage|p2a: Fuego en la pista|0 fnt\n|faint|p2a: Fuego en la pista\n|\n|-weather|SunnyDay|[upkeep]\n|-damage|p1a: Walking Wake|39\/100 tox|[from] psn\n|upkeep\n|\n|t:|1701129089\n|switch|p2a: Babotas|Greninja, F|100\/100\n|-damage|p2a: Babotas|88\/100|[from] Stealth Rock\n|turn|8\n|inactive|Battle timer is ON: inactive players will automatically lose when time's up. (requested by atonthesunbreaker0)\n|\n|t:|1701129097\n|move|p2a: Babotas|Dark Pulse|p1a: Walking Wake\n|-start|p2a: Babotas|typechange|Dark|[from] ability: Protean\n|-damage|p1a: Walking Wake|0 fnt\n|faint|p1a: Walking Wake\n|-end|p1a: Walking Wake|Protosynthesis|[silent]\n|\n|-weather|SunnyDay|[upkeep]\n|upkeep\n|\n|t:|1701129117\n|switch|p1a: Ceruledge|Ceruledge, F|100\/100\n|turn|9\n|\n|t:|1701129126\n|move|p2a: Babotas|Dark Pulse|p1a: Ceruledge\n|-supereffective|p1a: Ceruledge\n|-crit|p1a: Ceruledge\n|-enditem|p1a: Ceruledge|Focus Sash\n|-damage|p1a: Ceruledge|1\/100\n|move|p1a: Ceruledge|Bitter Blade|p2a: Babotas\n|-damage|p2a: Babotas|0 fnt\n|-heal|p1a: Ceruledge|44\/100|[from] drain|[of] p2a: Babotas\n|faint|p2a: Babotas\n|\n|-weather|none\n|upkeep\n|\n|t:|1701129130\n|switch|p2a: Prueba nomas|Landorus-Therian, M|100\/100\n|-damage|p2a: Prueba nomas|88\/100|[from] Stealth Rock\n|-ability|p2a: Prueba nomas|Intimidate|boost\n|-unboost|p1a: Ceruledge|atk|1\n|turn|10\n|\n|t:|1701129144\n|switch|p1a: Torkoal|Torkoal, F|60\/100\n|-weather|SunnyDay|[from] ability: Drought|[of] p1a: Torkoal\n|move|p2a: Prueba nomas|Earthquake|p1a: Torkoal\n|-supereffective|p1a: Torkoal\n|-damage|p1a: Torkoal|0 fnt\n|faint|p1a: Torkoal\n|\n|-weather|SunnyDay|[upkeep]\n|upkeep\n|\n|t:|1701129155\n|switch|p1a: Ceruledge|Ceruledge, F|44\/100\n|turn|11\n|\n|t:|1701129164\n|move|p2a: Prueba nomas|Earthquake|p1a: Ceruledge\n|-supereffective|p1a: Ceruledge\n|-damage|p1a: Ceruledge|0 fnt\n|faint|p1a: Ceruledge\n|\n|-weather|SunnyDay|[upkeep]\n|upkeep\n|\n|t:|1701129171\n|switch|p1a: Kingambit|Kingambit, M|100\/100\n|-activate|p1a: Kingambit|ability: Supreme Overlord\n|-start|p1a: Kingambit|fallen4|[silent]\n|turn|12\n|\n|t:|1701129182\n|-terastallize|p1a: Kingambit|Flying\n|move|p2a: Prueba nomas|Hammer Arm|p1a: Kingambit\n|-resisted|p1a: Kingambit\n|-damage|p1a: Kingambit|88\/100\n|-unboost|p2a: Prueba nomas|spe|1\n|move|p1a: Kingambit|Swords Dance|p1a: Kingambit\n|-boost|p1a: Kingambit|atk|2\n|\n|-weather|SunnyDay|[upkeep]\n|-heal|p1a: Kingambit|94\/100|[from] item: Leftovers\n|upkeep\n|turn|13\n|\n|t:|1701129194\n|move|p2a: Prueba nomas|Stone Edge|p1a: Kingambit\n|-supereffective|p1a: Kingambit\n|-damage|p1a: Kingambit|36\/100\n|move|p1a: Kingambit|Swords Dance|p1a: Kingambit\n|-boost|p1a: Kingambit|atk|2\n|\n|-weather|SunnyDay|[upkeep]\n|-heal|p1a: Kingambit|42\/100|[from] item: Leftovers\n|upkeep\n|turn|14\n|\n|t:|1701129204\n|move|p1a: Kingambit|Sucker Punch||[still]\n|-fail|p1a: Kingambit\n|move|p2a: Prueba nomas|Stealth Rock|p1a: Kingambit\n|-sidestart|p1: atonthesunbreaker0|move: Stealth Rock\n|\n|-weather|SunnyDay|[upkeep]\n|-heal|p1a: Kingambit|48\/100|[from] item: Leftovers\n|upkeep\n|turn|15\n|\n|t:|1701129212\n|move|p1a: Kingambit|Sucker Punch|p2a: Prueba nomas\n|-damage|p2a: Prueba nomas|0 fnt\n|-damage|p1a: Kingambit|32\/100|[from] item: Rocky Helmet|[of] p2a: Prueba nomas\n|faint|p2a: Prueba nomas\n|\n|-weather|SunnyDay|[upkeep]\n|-heal|p1a: Kingambit|38\/100|[from] item: Leftovers\n|upkeep\n|\n|t:|1701129214\n|switch|p2a: Cacahuate|Dragonite, M|100\/100\n|turn|16\n|\n|t:|1701129230\n|-terastallize|p2a: Cacahuate|Normal\n|move|p2a: Cacahuate|Dragon Dance|p2a: Cacahuate\n|-boost|p2a: Cacahuate|atk|1\n|-boost|p2a: Cacahuate|spe|1\n|move|p1a: Kingambit|Iron Head|p2a: Cacahuate\n|-damage|p2a: Cacahuate|1\/100\n|\n|-weather|SunnyDay|[upkeep]\n|-heal|p1a: Kingambit|44\/100|[from] item: Leftovers\n|upkeep\n|turn|17\n|\n|t:|1701129244\n|move|p2a: Cacahuate|Extreme Speed|p1a: Kingambit\n|-damage|p1a: Kingambit|0 fnt\n|faint|p1a: Kingambit\n|-end|p1a: Kingambit|fallen4|[silent]\n|\n|-weather|none\n|upkeep\n|\n|t:|1701129250\n|switch|p1a: Hatterene|Hatterene, F|100\/100\n|-damage|p1a: Hatterene|88\/100|[from] Stealth Rock\n|turn|18\n|\n|t:|1701129262\n|move|p2a: Cacahuate|Extreme Speed|p1a: Hatterene\n|-damage|p1a: Hatterene|26\/100\n|move|p1a: Hatterene|Draining Kiss|p2a: Cacahuate\n|-damage|p2a: Cacahuate|0 fnt\n|-heal|p1a: Hatterene|27\/100|[from] drain|[of] p2a: Cacahuate\n|faint|p2a: Cacahuate\n|\n|-heal|p1a: Hatterene|33\/100|[from] item: Leftovers\n|upkeep\n|\n|t:|1701129265\n|switch|p2a: Jarcres|Jolteon, F|100\/100\n|-damage|p2a: Jarcres|88\/100|[from] Stealth Rock\n|turn|19\n|\n|t:|1701129277\n|move|p2a: Jarcres|Shadow Ball|p1a: Hatterene\n|-supereffective|p1a: Hatterene\n|-damage|p1a: Hatterene|0 fnt\n|faint|p1a: Hatterene\n|\n|win|AkiDes\n|raw|atonthesunbreaker0's rating: 1243 &rarr; <strong>1213<\/strong><br \/>(-30 for losing)\n|raw|AkiDes's rating: 1171 &rarr; <strong>1201<\/strong><br \/>(+30 for winning)\n","uploadtime":1701129280,"views":2,"p1id":"atonthesunbreaker0","p2id":"akides","formatid":"gen9ou","rating":1201,"private":0,"password":""}