{"id":"gen9ou-1990623097","p1":"BigMacishere","p2":"FDEsl","format":"[Gen 9] OU","log":"|j|\u2606BigMacishere\n|j|\u2606FDEsl\n|t:|1699986549\n|gametype|singles\n|player|p1|BigMacishere|chili|1035\n|player|p2|FDEsl|benga|1041\n|teamsize|p1|6\n|teamsize|p2|6\n|gen|9\n|tier|[Gen 9] OU\n|rated|\n|rule|Sleep Clause Mod: Limit one foe put to sleep\n|rule|Species Clause: Limit one of each Pok\u00e9mon\n|rule|OHKO Clause: OHKO moves are banned\n|rule|Evasion Items Clause: Evasion items are banned\n|rule|Evasion Moves Clause: Evasion moves are banned\n|rule|Endless Battle Clause: Forcing endless battles is banned\n|rule|HP Percentage Mod: HP is shown in percentages\n|clearpoke\n|poke|p1|Great Tusk|\n|poke|p1|Heatran, M|\n|poke|p1|Gholdengo|\n|poke|p1|Ogerpon-Wellspring, F|\n|poke|p1|Dragonite, F|\n|poke|p1|Iron Valiant|\n|poke|p2|Zapdos|\n|poke|p2|Ogerpon-Wellspring, F|\n|poke|p2|Great Tusk|\n|poke|p2|Dragapult, M|\n|poke|p2|Heatran, F|\n|poke|p2|Enamorus, F|\n|teampreview\n|inactive|Battle timer is ON: inactive players will automatically lose when time's up. (requested by BigMacishere)\n|\n|t:|1699986560\n|start\n|switch|p1a: Heatran|Heatran, M|100\/100\n|switch|p2a: BRELOOM REPLACMENT|Ogerpon-Wellspring, F|100\/100\n|turn|1\n|\n|t:|1699986570\n|move|p2a: BRELOOM REPLACMENT|Ivy Cudgel|p1a: Heatran|[anim] Ivy Cudgel Water\n|-supereffective|p1a: Heatran\n|-damage|p1a: Heatran|7\/100\n|move|p1a: Heatran|Stealth Rock|p2a: BRELOOM REPLACMENT\n|-sidestart|p2: FDEsl|move: Stealth Rock\n|\n|-heal|p1a: Heatran|13\/100|[from] item: Leftovers\n|upkeep\n|turn|2\n|\n|t:|1699986578\n|switch|p1a: Ogerpon|Ogerpon-Wellspring, F|100\/100\n|move|p2a: BRELOOM REPLACMENT|Ivy Cudgel|p1a: Ogerpon|[anim] Ivy Cudgel Water\n|-immune|p1a: Ogerpon|[from] ability: Water Absorb\n|\n|upkeep\n|turn|3\n|\n|t:|1699986584\n|move|p1a: Ogerpon|U-turn|p2a: BRELOOM REPLACMENT\n|-supereffective|p2a: BRELOOM REPLACMENT\n|-damage|p2a: BRELOOM REPLACMENT|25\/100\n|\n|t:|1699986590\n|switch|p1a: Gholdengo|Gholdengo|100\/100|[from] U-turn\n|move|p2a: BRELOOM REPLACMENT|U-turn|p1a: Gholdengo\n|-resisted|p1a: Gholdengo\n|-damage|p1a: Gholdengo|93\/100\n|\n|t:|1699986600\n|switch|p2a: DRAGON DEEZ NUTS|Dragapult, M|100\/100|[from] U-turn\n|\n|upkeep\n|turn|4\n|\n|t:|1699986607\n|move|p2a: DRAGON DEEZ NUTS|Hex|p1a: Gholdengo\n|-supereffective|p1a: Gholdengo\n|-damage|p1a: Gholdengo|26\/100\n|move|p1a: Gholdengo|Shadow Ball|p2a: DRAGON DEEZ NUTS\n|-supereffective|p2a: DRAGON DEEZ NUTS\n|-damage|p2a: DRAGON DEEZ NUTS|0 fnt\n|faint|p2a: DRAGON DEEZ NUTS\n|\n|upkeep\n|\n|t:|1699986622\n|switch|p2a: Neintails|Zapdos|100\/100\n|turn|5\n|\n|t:|1699986640\n|switch|p1a: Heatran|Heatran, M|13\/100\n|move|p2a: Neintails|Volt Switch|p1a: Heatran\n|-damage|p1a: Heatran|0 fnt\n|faint|p1a: Heatran\n|\n|t:|1699986647\n|switch|p2a: SPIN BABY SPIN|Great Tusk|100\/100|[from] Volt Switch\n|-damage|p2a: SPIN BABY SPIN|98\/100|[from] Stealth Rock\n|-enditem|p2a: SPIN BABY SPIN|Booster Energy\n|-activate|p2a: SPIN BABY SPIN|ability: Protosynthesis|[fromitem]\n|-start|p2a: SPIN BABY SPIN|protosynthesisspe\n|\n|upkeep\n|\n|t:|1699986661\n|switch|p1a: Iron Valiant|Iron Valiant|100\/100\n|-enditem|p1a: Iron Valiant|Booster Energy\n|-activate|p1a: Iron Valiant|ability: Quark Drive|[fromitem]\n|-start|p1a: Iron Valiant|quarkdrivespe\n|turn|6\n|\n|t:|1699986670\n|move|p1a: Iron Valiant|Moonblast|p2a: SPIN BABY SPIN\n|-supereffective|p2a: SPIN BABY SPIN\n|-damage|p2a: SPIN BABY SPIN|0 fnt\n|faint|p2a: SPIN BABY SPIN\n|-end|p2a: SPIN BABY SPIN|Protosynthesis|[silent]\n|\n|upkeep\n|\n|t:|1699986683\n|switch|p2a: Neintails|Zapdos|100\/100\n|turn|7\n|\n|t:|1699986706\n|-terastallize|p1a: Iron Valiant|Fairy\n|move|p1a: Iron Valiant|Moonblast|p2a: Neintails\n|-damage|p2a: Neintails|34\/100\n|move|p2a: Neintails|Hurricane|p1a: Iron Valiant|[miss]\n|-miss|p2a: Neintails|p1a: Iron Valiant\n|\n|upkeep\n|turn|8\n|\n|t:|1699986716\n|move|p1a: Iron Valiant|Calm Mind|p1a: Iron Valiant\n|-boost|p1a: Iron Valiant|spa|1\n|-boost|p1a: Iron Valiant|spd|1\n|move|p2a: Neintails|Roost|p2a: Neintails\n|-heal|p2a: Neintails|84\/100\n|-singleturn|p2a: Neintails|move: Roost\n|\n|upkeep\n|turn|9\n|\n|t:|1699986723\n|move|p1a: Iron Valiant|Moonblast|p2a: Neintails\n|-damage|p2a: Neintails|0 fnt\n|faint|p2a: Neintails\n|\n|upkeep\n|\n|t:|1699986728\n|switch|p2a: Heatran|Heatran, F|100\/100\n|-damage|p2a: Heatran|88\/100|[from] Stealth Rock\n|turn|10\n|\n|t:|1699986734\n|move|p1a: Iron Valiant|Thunderbolt|p2a: Heatran\n|-damage|p2a: Heatran|41\/100\n|move|p2a: Heatran|Taunt|p1a: Iron Valiant\n|-start|p1a: Iron Valiant|move: Taunt\n|\n|-heal|p2a: Heatran|48\/100|[from] item: Leftovers\n|upkeep\n|turn|11\n|\n|t:|1699986742\n|move|p1a: Iron Valiant|Thunderbolt|p2a: Heatran\n|-damage|p2a: Heatran|0 fnt\n|faint|p2a: Heatran\n|\n|upkeep\n|\n|t:|1699986748\n|switch|p2a: ugly|Enamorus, F|100\/100\n|turn|12\n|\n|t:|1699986755\n|move|p1a: Iron Valiant|Thunderbolt|p2a: ugly\n|-supereffective|p2a: ugly\n|-damage|p2a: ugly|0 fnt\n|faint|p2a: ugly\n|\n|upkeep\n|\n|t:|1699986759\n|switch|p2a: BRELOOM REPLACMENT|Ogerpon-Wellspring, F|25\/100\n|-damage|p2a: BRELOOM REPLACMENT|12\/100|[from] Stealth Rock\n|turn|13\n|\n|t:|1699986762\n|move|p1a: Iron Valiant|Moonblast|p2a: BRELOOM REPLACMENT\n|-damage|p2a: BRELOOM REPLACMENT|0 fnt\n|faint|p2a: BRELOOM REPLACMENT\n|\n|win|BigMacishere\n|raw|BigMacishere's rating: 1035 &rarr; <strong>1070<\/strong><br \/>(+35 for winning)\n|raw|FDEsl's rating: 1041 &rarr; <strong>1025<\/strong><br \/>(-16 for losing)\n|l|\u2606FDEsl\n","uploadtime":1699986817,"views":10,"p1id":"bigmacishere","p2id":"fdesl","formatid":"gen9ou","rating":1025,"private":0,"password":""}