{"id":"gen9ou-1995147581","p1":"Quamnckkk","p2":"clorox man","format":"[Gen 9] OU","log":"|j|\u2606Quamnckkk\n|j|\u203dclorox man\n|t:|1700527877\n|gametype|singles\n|player|p1|Quamnckkk|yellow|1868\n|player|p2|clorox man|clown|1788\n|teamsize|p1|6\n|teamsize|p2|6\n|gen|9\n|tier|[Gen 9] OU\n|rated|\n|rule|Sleep Clause Mod: Limit one foe put to sleep\n|rule|Species Clause: Limit one of each Pok\u00e9mon\n|rule|OHKO Clause: OHKO moves are banned\n|rule|Evasion Items Clause: Evasion items are banned\n|rule|Evasion Moves Clause: Evasion moves are banned\n|rule|Endless Battle Clause: Forcing endless battles is banned\n|rule|HP Percentage Mod: HP is shown in percentages\n|clearpoke\n|poke|p1|Weavile, M|\n|poke|p1|Weezing-Galar, F|\n|poke|p1|Alomomola, F|\n|poke|p1|Ting-Lu|\n|poke|p1|Corviknight, F|\n|poke|p1|Dondozo, F|\n|poke|p2|Empoleon, F|\n|poke|p2|Dragapult, M|\n|poke|p2|Amoonguss, M|\n|poke|p2|Great Tusk|\n|poke|p2|Cinderace, M|\n|poke|p2|Kingambit, F|\n|teampreview\n|inactive|Battle timer is ON: inactive players will automatically lose when time's up. (requested by Quamnckkk)\n|\n|t:|1700527889\n|start\n|switch|p1a: Alomomola|Alomomola, F|100\/100\n|switch|p2a: Cinderace|Cinderace, M|100\/100\n|turn|1\n|\n|t:|1700527895\n|move|p2a: Cinderace|Will-O-Wisp|p1a: Alomomola\n|-status|p1a: Alomomola|brn\n|move|p1a: Alomomola|Flip Turn|p2a: Cinderace\n|-supereffective|p2a: Cinderace\n|-damage|p2a: Cinderace|81\/100\n|\n|t:|1700527914\n|switch|p1a: Dondozo|Dondozo, F|100\/100|[from] Flip Turn\n|\n|upkeep\n|turn|2\n|\n|t:|1700527918\n|switch|p1a: Alomomola|Alomomola, F|100\/100 brn\n|move|p2a: Cinderace|U-turn|p1a: Alomomola\n|-damage|p1a: Alomomola|89\/100 brn\n|\n|t:|1700527923\n|switch|p2a: Empoleon|Empoleon, F|100\/100|[from] U-turn\n|\n|-heal|p1a: Alomomola|95\/100 brn|[from] item: Leftovers\n|-damage|p1a: Alomomola|89\/100 brn|[from] brn\n|upkeep\n|turn|3\n|\n|t:|1700527929\n|move|p2a: Empoleon|Stealth Rock|p1a: Alomomola\n|-sidestart|p1: Quamnckkk|move: Stealth Rock\n|move|p1a: Alomomola|Flip Turn|p2a: Empoleon\n|-resisted|p2a: Empoleon\n|-damage|p2a: Empoleon|96\/100\n|\n|t:|1700527935\n|switch|p1a: Weezing|Weezing-Galar, F|100\/100|[from] Flip Turn\n|-ability|p1a: Weezing|Neutralizing Gas\n|\n|-heal|p2a: Empoleon|100\/100|[from] item: Leftovers\n|upkeep\n|turn|4\n|\n|t:|1700527941\n|move|p2a: Empoleon|Surf|p1a: Weezing\n|-damage|p1a: Weezing|51\/100\n|move|p1a: Weezing|Will-O-Wisp|p2a: Empoleon\n|-status|p2a: Empoleon|brn\n|\n|-damage|p2a: Empoleon|94\/100 brn|[from] brn\n|upkeep\n|turn|5\n|\n|t:|1700527951\n|switch|p2a: Cinderace|Cinderace, M|81\/100\n|-end|p1a: Weezing|ability: Neutralizing Gas\n|switch|p1a: Alomomola|Alomomola, F|100\/100 brn\n|-damage|p1a: Alomomola|88\/100 brn|[from] Stealth Rock\n|\n|-heal|p1a: Alomomola|94\/100 brn|[from] item: Leftovers\n|-damage|p1a: Alomomola|88\/100 brn|[from] brn\n|upkeep\n|turn|6\n|\n|t:|1700527957\n|move|p2a: Cinderace|U-turn|p1a: Alomomola\n|-damage|p1a: Alomomola|76\/100 brn\n|\n|t:|1700527966\n|switch|p2a: Dragapult|Dragapult, M|100\/100|[from] U-turn\n|move|p1a: Alomomola|Wish|p1a: Alomomola\n|\n|-heal|p1a: Alomomola|82\/100 brn|[from] item: Leftovers\n|-damage|p1a: Alomomola|76\/100 brn|[from] brn\n|upkeep\n|turn|7\n|\n|t:|1700527973\n|move|p1a: Alomomola|Protect|p1a: Alomomola\n|-singleturn|p1a: Alomomola|Protect\n|move|p2a: Dragapult|U-turn|p1a: Alomomola\n|-activate|p1a: Alomomola|move: Protect\n|\n|-heal|p1a: Alomomola|100\/100 brn|[from] move: Wish|[wisher] Alomomola\n|-damage|p1a: Alomomola|94\/100 brn|[from] brn\n|upkeep\n|turn|8\n|\n|t:|1700527976\n|move|p2a: Dragapult|U-turn|p1a: Alomomola\n|-damage|p1a: Alomomola|85\/100 brn\n|\n|t:|1700527983\n|switch|p2a: Great Tusk|Great Tusk|100\/100|[from] U-turn\n|move|p1a: Alomomola|Wish|p1a: Alomomola\n|\n|-heal|p1a: Alomomola|91\/100 brn|[from] item: Leftovers\n|-damage|p1a: Alomomola|85\/100 brn|[from] brn\n|upkeep\n|turn|9\n|\n|t:|1700527988\n|-end|p2a: Great Tusk|Protosynthesis|[silent]\n|switch|p2a: Empoleon|Empoleon, F|94\/100 brn\n|move|p1a: Alomomola|Flip Turn|p2a: Empoleon\n|-resisted|p2a: Empoleon\n|-damage|p2a: Empoleon|90\/100 brn\n|\n|t:|1700527990\n|switch|p1a: Weezing|Weezing-Galar, F|51\/100|[from] Flip Turn\n|-ability|p1a: Weezing|Neutralizing Gas\n|\n|-heal|p1a: Weezing|100\/100|[from] move: Wish|[wisher] Alomomola\n|-heal|p2a: Empoleon|96\/100 brn|[from] item: Leftovers\n|-damage|p2a: Empoleon|90\/100 brn|[from] brn\n|upkeep\n|turn|10\n|\n|t:|1700527996\n|-end|p1a: Weezing|ability: Neutralizing Gas\n|switch|p1a: Alomomola|Alomomola, F|100\/100 brn\n|-damage|p1a: Alomomola|88\/100 brn|[from] Stealth Rock\n|move|p2a: Empoleon|Surf|p1a: Alomomola\n|-resisted|p1a: Alomomola\n|-damage|p1a: Alomomola|73\/100 brn\n|\n|-heal|p2a: Empoleon|96\/100 brn|[from] item: Leftovers\n|-heal|p1a: Alomomola|79\/100 brn|[from] item: Leftovers\n|-damage|p2a: Empoleon|90\/100 brn|[from] brn\n|-damage|p1a: Alomomola|73\/100 brn|[from] brn\n|upkeep\n|turn|11\n|\n|t:|1700528006\n|switch|p2a: Dragapult|Dragapult, M|100\/100\n|move|p1a: Alomomola|Flip Turn|p2a: Dragapult\n|-resisted|p2a: Dragapult\n|-damage|p2a: Dragapult|95\/100\n|j| Outdated AHH Team\n|\n|t:|1700528010\n|switch|p1a: Ting-Lu|Ting-Lu|100\/100|[from] Flip Turn\n|-damage|p1a: Ting-Lu|94\/100|[from] Stealth Rock\n|-ability|p1a: Ting-Lu|Vessel of Ruin\n|\n|-heal|p1a: Ting-Lu|100\/100|[from] item: Leftovers\n|upkeep\n|turn|12\n|j| LT_Alt1\n|inactive|Quamnckkk has 120 seconds left.\n|\n|t:|1700528043\n|move|p1a: Ting-Lu|Protect|p1a: Ting-Lu\n|-singleturn|p1a: Ting-Lu|Protect\n|move|p2a: Dragapult|U-turn|p1a: Ting-Lu\n|-activate|p1a: Ting-Lu|move: Protect\n|\n|upkeep\n|turn|13\n|\n|t:|1700528049\n|move|p2a: Dragapult|U-turn|p1a: Ting-Lu\n|-supereffective|p1a: Ting-Lu\n|-damage|p1a: Ting-Lu|83\/100\n|\n|t:|1700528053\n|switch|p2a: Great Tusk|Great Tusk|100\/100|[from] U-turn\n|move|p1a: Ting-Lu|Earthquake|p2a: Great Tusk\n|-damage|p2a: Great Tusk|74\/100\n|\n|-heal|p1a: Ting-Lu|89\/100|[from] item: Leftovers\n|upkeep\n|turn|14\n|\n|t:|1700528062\n|move|p1a: Ting-Lu|Protect|p1a: Ting-Lu\n|-singleturn|p1a: Ting-Lu|Protect\n|move|p2a: Great Tusk|Knock Off|p1a: Ting-Lu\n|-activate|p1a: Ting-Lu|move: Protect\n|\n|-heal|p1a: Ting-Lu|95\/100|[from] item: Leftovers\n|upkeep\n|turn|15\n|\n|t:|1700528066\n|switch|p1a: Corviknight|Corviknight, F|100\/100\n|-damage|p1a: Corviknight|88\/100|[from] Stealth Rock\n|-ability|p1a: Corviknight|Pressure\n|move|p2a: Great Tusk|Knock Off|p1a: Corviknight\n|-damage|p1a: Corviknight|67\/100\n|-damage|p2a: Great Tusk|58\/100|[from] item: Rocky Helmet|[of] p1a: Corviknight\n|-enditem|p1a: Corviknight|Rocky Helmet|[from] move: Knock Off|[of] p2a: Great Tusk\n|\n|upkeep\n|turn|16\n|\n|t:|1700528071\n|-end|p2a: Great Tusk|Protosynthesis|[silent]\n|switch|p2a: Empoleon|Empoleon, F|90\/100 brn\n|move|p1a: Corviknight|Defog|p2a: Empoleon\n|-unboost|p2a: Empoleon|evasion|1\n|-ability|p2a: Empoleon|Competitive|boost\n|-boost|p2a: Empoleon|spa|2\n|-sideend|p1: Quamnckkk|Stealth Rock|[from] move: Defog|[of] p1a: Corviknight\n|\n|-heal|p2a: Empoleon|96\/100 brn|[from] item: Leftovers\n|-damage|p2a: Empoleon|90\/100 brn|[from] brn\n|upkeep\n|turn|17\n|\n|t:|1700528076\n|switch|p1a: Dondozo|Dondozo, F|100\/100\n|move|p2a: Empoleon|Surf|p1a: Dondozo\n|-resisted|p1a: Dondozo\n|-damage|p1a: Dondozo|89\/100\n|\n|-heal|p2a: Empoleon|96\/100 brn|[from] item: Leftovers\n|-damage|p2a: Empoleon|90\/100 brn|[from] brn\n|upkeep\n|turn|18\n|\n|t:|1700528081\n|move|p2a: Empoleon|Stealth Rock|p1a: Dondozo\n|-sidestart|p1: Quamnckkk|move: Stealth Rock\n|move|p1a: Dondozo|Earthquake|p2a: Empoleon\n|-supereffective|p2a: Empoleon\n|-damage|p2a: Empoleon|45\/100 brn\n|\n|-heal|p2a: Empoleon|51\/100 brn|[from] item: Leftovers\n|-damage|p2a: Empoleon|45\/100 brn|[from] brn\n|upkeep\n|turn|19\n|j| FaronAan\n|\n|t:|1700528088\n|switch|p2a: Dragapult|Dragapult, M|95\/100\n|move|p1a: Dondozo|Earthquake|p2a: Dragapult\n|-damage|p2a: Dragapult|63\/100\n|\n|upkeep\n|turn|20\n|\n|t:|1700528095\n|switch|p1a: Ting-Lu|Ting-Lu|95\/100\n|-damage|p1a: Ting-Lu|89\/100|[from] Stealth Rock\n|-ability|p1a: Ting-Lu|Vessel of Ruin\n|move|p2a: Dragapult|Draco Meteor|p1a: Ting-Lu\n|-damage|p1a: Ting-Lu|57\/100\n|-unboost|p2a: Dragapult|spa|2\n|\n|-heal|p1a: Ting-Lu|63\/100|[from] item: Leftovers\n|upkeep\n|turn|21\n|\n|t:|1700528103\n|switch|p2a: Great Tusk|Great Tusk|58\/100\n|switch|p1a: Corviknight|Corviknight, F|67\/100\n|-damage|p1a: Corviknight|54\/100|[from] Stealth Rock\n|-ability|p1a: Corviknight|Pressure\n|\n|upkeep\n|turn|22\n|\n|t:|1700528108\n|-end|p2a: Great Tusk|Protosynthesis|[silent]\n|switch|p2a: Empoleon|Empoleon, F|45\/100 brn\n|move|p1a: Corviknight|Roost|p1a: Corviknight\n|-heal|p1a: Corviknight|100\/100\n|-singleturn|p1a: Corviknight|move: Roost\n|\n|-heal|p2a: Empoleon|51\/100 brn|[from] item: Leftovers\n|-damage|p2a: Empoleon|45\/100 brn|[from] brn\n|upkeep\n|turn|23\n|\n|t:|1700528112\n|move|p1a: Corviknight|Iron Defense|p1a: Corviknight\n|-boost|p1a: Corviknight|def|2\n|move|p2a: Empoleon|Roost|p2a: Empoleon\n|-heal|p2a: Empoleon|95\/100 brn\n|-singleturn|p2a: Empoleon|move: Roost\n|\n|-heal|p2a: Empoleon|100\/100 brn|[from] item: Leftovers\n|-damage|p2a: Empoleon|94\/100 brn|[from] brn\n|upkeep\n|turn|24\n|\n|t:|1700528118\n|switch|p2a: Amoonguss|Amoonguss, M|100\/100\n|move|p1a: Corviknight|Defog|p2a: Amoonguss\n|-unboost|p2a: Amoonguss|evasion|1\n|-sideend|p1: Quamnckkk|Stealth Rock|[from] move: Defog|[of] p1a: Corviknight\n|\n|upkeep\n|turn|25\n|\n|t:|1700528131\n|switch|p1a: Alomomola|Alomomola, F|100\/100 brn\n|move|p2a: Amoonguss|Spore||[still]\n|-fail|p2a: Amoonguss\n|\n|-damage|p1a: Alomomola|94\/100 brn|[from] brn\n|upkeep\n|turn|26\n|\n|t:|1700528136\n|switch|p2a: Empoleon|Empoleon, F|94\/100 brn\n|move|p1a: Alomomola|Flip Turn|p2a: Empoleon\n|-resisted|p2a: Empoleon\n|-damage|p2a: Empoleon|90\/100 brn\n|\n|t:|1700528146\n|switch|p1a: Ting-Lu|Ting-Lu|63\/100|[from] Flip Turn\n|-ability|p1a: Ting-Lu|Vessel of Ruin\n|\n|-heal|p2a: Empoleon|96\/100 brn|[from] item: Leftovers\n|-heal|p1a: Ting-Lu|69\/100|[from] item: Leftovers\n|-damage|p2a: Empoleon|90\/100 brn|[from] brn\n|upkeep\n|turn|27\n|\n|t:|1700528151\n|switch|p2a: Amoonguss|Amoonguss, M|100\/100\n|move|p1a: Ting-Lu|Earthquake|p2a: Amoonguss\n|-damage|p2a: Amoonguss|70\/100\n|\n|-heal|p1a: Ting-Lu|76\/100|[from] item: Leftovers\n|upkeep\n|turn|28\n|\n|t:|1700528156\n|move|p1a: Ting-Lu|Protect|p1a: Ting-Lu\n|-singleturn|p1a: Ting-Lu|Protect\n|move|p2a: Amoonguss|Grass Knot|p1a: Ting-Lu\n|-activate|p1a: Ting-Lu|move: Protect\n|\n|-heal|p1a: Ting-Lu|82\/100|[from] item: Leftovers\n|upkeep\n|turn|29\n|\n|t:|1700528161\n|switch|p1a: Weezing|Weezing-Galar, F|100\/100\n|-ability|p1a: Weezing|Neutralizing Gas\n|move|p2a: Amoonguss|Grass Knot|p1a: Weezing\n|-resisted|p1a: Weezing\n|-crit|p1a: Weezing\n|-damage|p1a: Weezing|87\/100\n|\n|upkeep\n|turn|30\n|\n|t:|1700528168\n|-end|p1a: Weezing|ability: Neutralizing Gas\n|switch|p1a: Alomomola|Alomomola, F|100\/100 brn\n|switch|p2a: Empoleon|Empoleon, F|90\/100 brn\n|\n|-heal|p2a: Empoleon|96\/100 brn|[from] item: Leftovers\n|-damage|p2a: Empoleon|90\/100 brn|[from] brn\n|-damage|p1a: Alomomola|94\/100 brn|[from] brn\n|upkeep\n|turn|31\n|\n|t:|1700528172\n|switch|p1a: Ting-Lu|Ting-Lu|82\/100\n|-ability|p1a: Ting-Lu|Vessel of Ruin\n|move|p2a: Empoleon|Stealth Rock|p1a: Ting-Lu\n|-sidestart|p1: Quamnckkk|move: Stealth Rock\n|\n|-heal|p2a: Empoleon|96\/100 brn|[from] item: Leftovers\n|-heal|p1a: Ting-Lu|88\/100|[from] item: Leftovers\n|-damage|p2a: Empoleon|90\/100 brn|[from] brn\n|upkeep\n|turn|32\n|\n|t:|1700528183\n|switch|p2a: Amoonguss|Amoonguss, M|100\/100\n|move|p1a: Ting-Lu|Spikes|p2a: Amoonguss\n|-sidestart|p2: clorox man|Spikes\n|\n|-heal|p1a: Ting-Lu|94\/100|[from] item: Leftovers\n|upkeep\n|turn|33\n|\n|t:|1700528194\n|switch|p1a: Alomomola|Alomomola, F|100\/100 brn\n|-damage|p1a: Alomomola|88\/100 brn|[from] Stealth Rock\n|move|p2a: Amoonguss|Grass Knot|p1a: Alomomola\n|-supereffective|p1a: Alomomola\n|-damage|p1a: Alomomola|53\/100 brn\n|\n|-heal|p1a: Alomomola|59\/100 brn|[from] item: Leftovers\n|-damage|p1a: Alomomola|53\/100 brn|[from] brn\n|upkeep\n|turn|34\n|\n|t:|1700528197\n|move|p1a: Alomomola|Wish|p1a: Alomomola\n|move|p2a: Amoonguss|Grass Knot|p1a: Alomomola\n|-supereffective|p1a: Alomomola\n|-damage|p1a: Alomomola|18\/100 brn\n|\n|-heal|p1a: Alomomola|25\/100 brn|[from] item: Leftovers\n|-damage|p1a: Alomomola|18\/100 brn|[from] brn\n|upkeep\n|turn|35\n|\n|t:|1700528210\n|move|p1a: Alomomola|Protect|p1a: Alomomola\n|-singleturn|p1a: Alomomola|Protect\n|move|p2a: Amoonguss|Grass Knot|p1a: Alomomola\n|-activate|p1a: Alomomola|move: Protect\n|\n|-heal|p1a: Alomomola|68\/100 brn|[from] move: Wish|[wisher] Alomomola\n|-heal|p1a: Alomomola|75\/100 brn|[from] item: Leftovers\n|-damage|p1a: Alomomola|68\/100 brn|[from] brn\n|upkeep\n|turn|36\n|\n|t:|1700528219\n|move|p1a: Alomomola|Wish|p1a: Alomomola\n|move|p2a: Amoonguss|Spore||[still]\n|-fail|p2a: Amoonguss\n|\n|-heal|p1a: Alomomola|75\/100 brn|[from] item: Leftovers\n|-damage|p1a: Alomomola|68\/100 brn|[from] brn\n|upkeep\n|turn|37\n|\n|t:|1700528225\n|move|p2a: Amoonguss|Grass Knot|p1a: Alomomola\n|-supereffective|p1a: Alomomola\n|-damage|p1a: Alomomola|36\/100 brn\n|move|p1a: Alomomola|Mirror Coat|p2a: Amoonguss\n|-damage|p2a: Amoonguss|28\/100\n|\n|-heal|p1a: Alomomola|86\/100 brn|[from] move: Wish|[wisher] Alomomola\n|-heal|p1a: Alomomola|92\/100 brn|[from] item: Leftovers\n|-damage|p1a: Alomomola|86\/100 brn|[from] brn\n|upkeep\n|turn|38\n|\n|t:|1700528234\n|switch|p2a: Great Tusk|Great Tusk|58\/100\n|-damage|p2a: Great Tusk|46\/100|[from] Spikes\n|move|p1a: Alomomola|Flip Turn|p2a: Great Tusk\n|-supereffective|p2a: Great Tusk\n|-damage|p2a: Great Tusk|33\/100\n|-damage|p1a: Alomomola|69\/100 brn|[from] item: Rocky Helmet|[of] p2a: Great Tusk\n|\n|t:|1700528254\n|switch|p1a: Weezing|Weezing-Galar, F|87\/100|[from] Flip Turn\n|-ability|p1a: Weezing|Neutralizing Gas\n|\n|upkeep\n|turn|39\n|\n|t:|1700528260\n|move|p2a: Great Tusk|Headlong Rush|p1a: Weezing\n|-supereffective|p1a: Weezing\n|-damage|p1a: Weezing|12\/100\n|-unboost|p2a: Great Tusk|def|1\n|-unboost|p2a: Great Tusk|spd|1\n|move|p1a: Weezing|Will-O-Wisp|p2a: Great Tusk\n|-status|p2a: Great Tusk|brn\n|\n|-damage|p2a: Great Tusk|27\/100 brn|[from] brn\n|upkeep\n|turn|40\n|j| MikeFlem12326171\n|\n|t:|1700528268\n|move|p2a: Great Tusk|Headlong Rush|p1a: Weezing\n|-supereffective|p1a: Weezing\n|-damage|p1a: Weezing|0 fnt\n|-unboost|p2a: Great Tusk|def|1\n|-unboost|p2a: Great Tusk|spd|1\n|faint|p1a: Weezing\n|-end|p1a: Weezing|ability: Neutralizing Gas\n|\n|-damage|p2a: Great Tusk|21\/100 brn|[from] brn\n|upkeep\n|\n|t:|1700528272\n|switch|p1a: Weavile|Weavile, M|100\/100\n|-damage|p1a: Weavile|76\/100|[from] Stealth Rock\n|-ability|p1a: Weavile|Pressure\n|turn|41\n|\n|t:|1700528282\n|move|p1a: Weavile|Protect|p1a: Weavile\n|-singleturn|p1a: Weavile|Protect\n|move|p2a: Great Tusk|Rapid Spin|p1a: Weavile\n|-activate|p1a: Weavile|move: Protect\n|\n|-heal|p1a: Weavile|82\/100|[from] item: Leftovers\n|-damage|p2a: Great Tusk|15\/100 brn|[from] brn\n|upkeep\n|turn|42\n|\n|t:|1700528294\n|move|p1a: Weavile|Knock Off|p2a: Great Tusk\n|-resisted|p2a: Great Tusk\n|-damage|p2a: Great Tusk|0 fnt\n|-damage|p1a: Weavile|65\/100|[from] item: Rocky Helmet|[of] p2a: Great Tusk\n|-enditem|p2a: Great Tusk|Rocky Helmet|[from] move: Knock Off|[of] p1a: Weavile\n|faint|p2a: Great Tusk\n|-end|p2a: Great Tusk|Protosynthesis|[silent]\n|\n|-heal|p1a: Weavile|71\/100|[from] item: Leftovers\n|upkeep\n|\n|t:|1700528315\n|switch|p2a: Cinderace|Cinderace, M|81\/100\n|turn|43\n|\n|t:|1700528325\n|move|p1a: Weavile|Protect|p1a: Weavile\n|-singleturn|p1a: Weavile|Protect\n|move|p2a: Cinderace|Pyro Ball|p1a: Weavile\n|-activate|p1a: Weavile|move: Protect\n|\n|-heal|p1a: Weavile|77\/100|[from] item: Leftovers\n|upkeep\n|turn|44\n|\n|t:|1700528331\n|move|p1a: Weavile|Substitute|p1a: Weavile\n|-start|p1a: Weavile|Substitute\n|-damage|p1a: Weavile|53\/100\n|move|p2a: Cinderace|Pyro Ball|p1a: Weavile\n|-supereffective|p1a: Weavile\n|-end|p1a: Weavile|Substitute\n|\n|-heal|p1a: Weavile|59\/100|[from] item: Leftovers\n|upkeep\n|turn|45\n|\n|t:|1700528337\n|move|p1a: Weavile|Protect|p1a: Weavile\n|-singleturn|p1a: Weavile|Protect\n|move|p2a: Cinderace|U-turn|p1a: Weavile\n|-activate|p1a: Weavile|move: Protect\n|\n|-heal|p1a: Weavile|65\/100|[from] item: Leftovers\n|upkeep\n|turn|46\n|\n|t:|1700528344\n|switch|p1a: Alomomola|Alomomola, F|100\/100 brn\n|-damage|p1a: Alomomola|88\/100 brn|[from] Stealth Rock\n|move|p2a: Cinderace|U-turn|p1a: Alomomola\n|-damage|p1a: Alomomola|78\/100 brn\n|\n|t:|1700528359\n|switch|p2a: Dragapult|Dragapult, M|63\/100|[from] U-turn\n|-damage|p2a: Dragapult|51\/100|[from] Spikes\n|\n|-heal|p1a: Alomomola|84\/100 brn|[from] item: Leftovers\n|-damage|p1a: Alomomola|78\/100 brn|[from] brn\n|upkeep\n|turn|47\n|\n|t:|1700528365\n|move|p1a: Alomomola|Protect|p1a: Alomomola\n|-singleturn|p1a: Alomomola|Protect\n|move|p2a: Dragapult|Draco Meteor|p1a: Alomomola\n|-activate|p1a: Alomomola|move: Protect\n|\n|-heal|p1a: Alomomola|84\/100 brn|[from] item: Leftovers\n|-damage|p1a: Alomomola|78\/100 brn|[from] brn\n|upkeep\n|turn|48\n|\n|t:|1700528369\n|switch|p1a: Corviknight|Corviknight, F|100\/100\n|-damage|p1a: Corviknight|88\/100|[from] Stealth Rock\n|-ability|p1a: Corviknight|Pressure\n|move|p2a: Dragapult|Draco Meteor|p1a: Corviknight\n|-resisted|p1a: Corviknight\n|-damage|p1a: Corviknight|42\/100\n|-unboost|p2a: Dragapult|spa|2\n|\n|upkeep\n|turn|49\n|\n|t:|1700528373\n|switch|p2a: Empoleon|Empoleon, F|90\/100 brn\n|-damage|p2a: Empoleon|78\/100 brn|[from] Spikes\n|move|p1a: Corviknight|Roost|p1a: Corviknight\n|-heal|p1a: Corviknight|92\/100\n|-singleturn|p1a: Corviknight|move: Roost\n|\n|-heal|p2a: Empoleon|84\/100 brn|[from] item: Leftovers\n|-damage|p2a: Empoleon|78\/100 brn|[from] brn\n|upkeep\n|turn|50\n|\n|t:|1700528389\n|switch|p2a: Amoonguss|Amoonguss, M|61\/100\n|move|p1a: Corviknight|Body Press|p2a: Amoonguss\n|-resisted|p2a: Amoonguss\n|-damage|p2a: Amoonguss|52\/100\n|\n|upkeep\n|turn|51\n|\n|t:|1700528402\n|switch|p1a: Weavile|Weavile, M|65\/100\n|-damage|p1a: Weavile|40\/100|[from] Stealth Rock\n|-ability|p1a: Weavile|Pressure\n|move|p2a: Amoonguss|Spore|p1a: Weavile\n|-status|p1a: Weavile|slp|[from] move: Spore\n|\n|-heal|p1a: Weavile|46\/100 slp|[from] item: Leftovers\n|upkeep\n|turn|52\n|\n|t:|1700528413\n|switch|p1a: Corviknight|Corviknight, F|92\/100\n|-damage|p1a: Corviknight|79\/100|[from] Stealth Rock\n|-ability|p1a: Corviknight|Pressure\n|switch|p2a: Cinderace|Cinderace, M|81\/100\n|\n|upkeep\n|turn|53\n|\n|t:|1700528419\n|switch|p1a: Alomomola|Alomomola, F|100\/100 brn\n|-damage|p1a: Alomomola|88\/100 brn|[from] Stealth Rock\n|move|p2a: Cinderace|Will-O-Wisp|p1a: Alomomola\n|-fail|p1a: Alomomola|brn\n|\n|-heal|p1a: Alomomola|94\/100 brn|[from] item: Leftovers\n|-damage|p1a: Alomomola|88\/100 brn|[from] brn\n|upkeep\n|turn|54\n|\n|t:|1700528426\n|move|p2a: Cinderace|U-turn|p1a: Alomomola\n|-crit|p1a: Alomomola\n|-damage|p1a: Alomomola|71\/100 brn\n|\n|t:|1700528434\n|switch|p2a: Dragapult|Dragapult, M|51\/100|[from] U-turn\n|-damage|p2a: Dragapult|38\/100|[from] Spikes\n|move|p1a: Alomomola|Flip Turn|p2a: Dragapult\n|-resisted|p2a: Dragapult\n|-damage|p2a: Dragapult|33\/100\n|\n|t:|1700528441\n|switch|p1a: Ting-Lu|Ting-Lu|94\/100|[from] Flip Turn\n|-damage|p1a: Ting-Lu|88\/100|[from] Stealth Rock\n|-ability|p1a: Ting-Lu|Vessel of Ruin\n|\n|-heal|p1a: Ting-Lu|94\/100|[from] item: Leftovers\n|upkeep\n|turn|55\n|\n|t:|1700528448\n|move|p1a: Ting-Lu|Protect|p1a: Ting-Lu\n|-singleturn|p1a: Ting-Lu|Protect\n|move|p2a: Dragapult|U-turn|p1a: Ting-Lu\n|-activate|p1a: Ting-Lu|move: Protect\n|\n|-heal|p1a: Ting-Lu|100\/100|[from] item: Leftovers\n|upkeep\n|turn|56\n|\n|t:|1700528455\n|move|p2a: Dragapult|U-turn|p1a: Ting-Lu\n|-supereffective|p1a: Ting-Lu\n|-damage|p1a: Ting-Lu|81\/100\n|\n|t:|1700528457\n|switch|p2a: Amoonguss|Amoonguss, M|85\/100|[from] U-turn\n|move|p1a: Ting-Lu|Earthquake|p2a: Amoonguss\n|-damage|p2a: Amoonguss|54\/100\n|\n|-heal|p1a: Ting-Lu|88\/100|[from] item: Leftovers\n|upkeep\n|turn|57\n|\n|t:|1700528464\n|move|p1a: Ting-Lu|Protect|p1a: Ting-Lu\n|-singleturn|p1a: Ting-Lu|Protect\n|move|p2a: Amoonguss|Grass Knot|p1a: Ting-Lu\n|-activate|p1a: Ting-Lu|move: Protect\n|\n|-heal|p1a: Ting-Lu|94\/100|[from] item: Leftovers\n|upkeep\n|turn|58\n|\n|t:|1700528469\n|move|p1a: Ting-Lu|Earthquake|p2a: Amoonguss\n|-damage|p2a: Amoonguss|24\/100\n|move|p2a: Amoonguss|Grass Knot|p1a: Ting-Lu\n|-supereffective|p1a: Ting-Lu\n|-damage|p1a: Ting-Lu|66\/100\n|\n|-heal|p1a: Ting-Lu|72\/100|[from] item: Leftovers\n|upkeep\n|turn|59\n|\n|t:|1700528473\n|switch|p2a: Cinderace|Cinderace, M|81\/100\n|move|p1a: Ting-Lu|Earthquake|p2a: Cinderace\n|-supereffective|p2a: Cinderace\n|-damage|p2a: Cinderace|0 fnt\n|faint|p2a: Cinderace\n|\n|-heal|p1a: Ting-Lu|78\/100|[from] item: Leftovers\n|upkeep\n|\n|t:|1700528487\n|switch|p2a: Empoleon|Empoleon, F|78\/100 brn\n|-damage|p2a: Empoleon|65\/100 brn|[from] Spikes\n|turn|60\n|\n|t:|1700528493\n|move|p2a: Empoleon|Surf|p1a: Ting-Lu\n|-supereffective|p1a: Ting-Lu\n|-damage|p1a: Ting-Lu|52\/100\n|move|p1a: Ting-Lu|Earthquake|p2a: Empoleon\n|-supereffective|p2a: Empoleon\n|-damage|p2a: Empoleon|0 fnt\n|faint|p2a: Empoleon\n|\n|-heal|p1a: Ting-Lu|58\/100|[from] item: Leftovers\n|upkeep\n|\n|t:|1700528499\n|switch|p2a: Kingambit|Kingambit, F|100\/100\n|-damage|p2a: Kingambit|88\/100|[from] Spikes\n|-activate|p2a: Kingambit|ability: Supreme Overlord\n|-start|p2a: Kingambit|fallen3|[silent]\n|turn|61\n|\n|t:|1700528506\n|switch|p1a: Corviknight|Corviknight, F|79\/100\n|-damage|p1a: Corviknight|67\/100|[from] Stealth Rock\n|-ability|p1a: Corviknight|Pressure\n|-terastallize|p2a: Kingambit|Flying\n|move|p2a: Kingambit|Swords Dance|p2a: Kingambit\n|-boost|p2a: Kingambit|atk|2\n|\n|-heal|p2a: Kingambit|94\/100|[from] item: Leftovers\n|upkeep\n|turn|62\n|\n|t:|1700528509\n|move|p1a: Corviknight|Iron Defense|p1a: Corviknight\n|-boost|p1a: Corviknight|def|2\n|move|p2a: Kingambit|Kowtow Cleave|p1a: Corviknight\n|-damage|p1a: Corviknight|26\/100\n|\n|-heal|p2a: Kingambit|100\/100|[from] item: Leftovers\n|upkeep\n|turn|63\n|\n|t:|1700528516\n|move|p1a: Corviknight|Roost|p1a: Corviknight\n|-heal|p1a: Corviknight|76\/100\n|-singleturn|p1a: Corviknight|move: Roost\n|move|p2a: Kingambit|Swords Dance|p2a: Kingambit\n|-boost|p2a: Kingambit|atk|2\n|\n|upkeep\n|turn|64\n|\n|t:|1700528519\n|move|p1a: Corviknight|Iron Defense|p1a: Corviknight\n|-boost|p1a: Corviknight|def|2\n|move|p2a: Kingambit|Kowtow Cleave|p1a: Corviknight\n|-damage|p1a: Corviknight|37\/100\n|\n|upkeep\n|turn|65\n|\n|t:|1700528522\n|-end|p2a: Kingambit|fallen3|[silent]\n|switch|p2a: Dragapult|Dragapult, M|33\/100\n|-damage|p2a: Dragapult|20\/100|[from] Spikes\n|move|p1a: Corviknight|Roost|p1a: Corviknight\n|-heal|p1a: Corviknight|87\/100\n|-singleturn|p1a: Corviknight|move: Roost\n|\n|upkeep\n|turn|66\n|\n|t:|1700528528\n|switch|p1a: Alomomola|Alomomola, F|100\/100 brn\n|-damage|p1a: Alomomola|88\/100 brn|[from] Stealth Rock\n|move|p2a: Dragapult|Flamethrower|p1a: Alomomola\n|-resisted|p1a: Alomomola\n|-damage|p1a: Alomomola|71\/100 brn\n|\n|-heal|p1a: Alomomola|77\/100 brn|[from] item: Leftovers\n|-damage|p1a: Alomomola|71\/100 brn|[from] brn\n|upkeep\n|turn|67\n|\n|t:|1700528535\n|switch|p2a: Kingambit|Kingambit, F, tera:Flying|100\/100\n|-activate|p2a: Kingambit|ability: Supreme Overlord\n|-start|p2a: Kingambit|fallen3|[silent]\n|move|p1a: Alomomola|Flip Turn|p2a: Kingambit\n|-damage|p2a: Kingambit|94\/100\n|j| Electronno\n|\n|t:|1700528542\n|switch|p1a: Corviknight|Corviknight, F|87\/100|[from] Flip Turn\n|-damage|p1a: Corviknight|75\/100|[from] Stealth Rock\n|-ability|p1a: Corviknight|Pressure\n|\n|-heal|p2a: Kingambit|100\/100|[from] item: Leftovers\n|upkeep\n|turn|68\n|\n|t:|1700528546\n|move|p1a: Corviknight|Defog|p2a: Kingambit\n|-unboost|p2a: Kingambit|evasion|1\n|-sideend|p2: clorox man|Spikes|[from] move: Defog|[of] p1a: Corviknight\n|-sideend|p1: Quamnckkk|Stealth Rock|[from] move: Defog|[of] p1a: Corviknight\n|move|p2a: Kingambit|Swords Dance|p2a: Kingambit\n|-boost|p2a: Kingambit|atk|2\n|\n|upkeep\n|turn|69\n|\n|t:|1700528550\n|move|p1a: Corviknight|Iron Defense|p1a: Corviknight\n|-boost|p1a: Corviknight|def|2\n|move|p2a: Kingambit|Kowtow Cleave|p1a: Corviknight\n|-damage|p1a: Corviknight|35\/100\n|\n|upkeep\n|turn|70\n|\n|t:|1700528562\n|-end|p2a: Kingambit|fallen3|[silent]\n|switch|p2a: Dragapult|Dragapult, M|20\/100\n|move|p1a: Corviknight|Roost|p1a: Corviknight\n|-heal|p1a: Corviknight|85\/100\n|-singleturn|p1a: Corviknight|move: Roost\n|\n|upkeep\n|turn|71\n|\n|t:|1700528569\n|switch|p1a: Alomomola|Alomomola, F|100\/100 brn\n|move|p2a: Dragapult|Shadow Ball|p1a: Alomomola\n|-damage|p1a: Alomomola|52\/100 brn\n|\n|-heal|p1a: Alomomola|58\/100 brn|[from] item: Leftovers\n|-damage|p1a: Alomomola|52\/100 brn|[from] brn\n|upkeep\n|turn|72\n|\n|t:|1700528575\n|switch|p2a: Kingambit|Kingambit, F, tera:Flying|100\/100\n|-activate|p2a: Kingambit|ability: Supreme Overlord\n|-start|p2a: Kingambit|fallen3|[silent]\n|switch|p1a: Ting-Lu|Ting-Lu|58\/100\n|-ability|p1a: Ting-Lu|Vessel of Ruin\n|\n|-heal|p1a: Ting-Lu|65\/100|[from] item: Leftovers\n|upkeep\n|turn|73\n|\n|t:|1700528582\n|switch|p1a: Corviknight|Corviknight, F|85\/100\n|-ability|p1a: Corviknight|Pressure\n|move|p2a: Kingambit|Iron Head|p1a: Corviknight\n|-resisted|p1a: Corviknight\n|-damage|p1a: Corviknight|65\/100\n|\n|upkeep\n|turn|74\n|\n|t:|1700528596\n|switch|p1a: Ting-Lu|Ting-Lu|65\/100\n|-ability|p1a: Ting-Lu|Vessel of Ruin\n|move|p2a: Kingambit|Swords Dance|p2a: Kingambit\n|-boost|p2a: Kingambit|atk|2\n|\n|-heal|p1a: Ting-Lu|71\/100|[from] item: Leftovers\n|upkeep\n|turn|75\n|\n|t:|1700528602\n|switch|p1a: Weavile|Weavile, M|46\/100 slp\n|-ability|p1a: Weavile|Pressure\n|move|p2a: Kingambit|Iron Head|p1a: Weavile\n|-supereffective|p1a: Weavile\n|-damage|p1a: Weavile|0 fnt\n|faint|p1a: Weavile\n|\n|upkeep\n|\n|t:|1700528604\n|switch|p1a: Corviknight|Corviknight, F|65\/100\n|-ability|p1a: Corviknight|Pressure\n|turn|76\n|\n|t:|1700528608\n|move|p1a: Corviknight|Iron Defense|p1a: Corviknight\n|-boost|p1a: Corviknight|def|2\n|move|p2a: Kingambit|Kowtow Cleave|p1a: Corviknight\n|-damage|p1a: Corviknight|27\/100\n|\n|upkeep\n|turn|77\n|\n|t:|1700528618\n|-end|p2a: Kingambit|fallen3|[silent]\n|switch|p2a: Amoonguss|Amoonguss, M|57\/100\n|move|p1a: Corviknight|Roost|p1a: Corviknight\n|-heal|p1a: Corviknight|77\/100\n|-singleturn|p1a: Corviknight|move: Roost\n|\n|upkeep\n|turn|78\n|\n|t:|1700528638\n|switch|p1a: Alomomola|Alomomola, F|86\/100 brn\n|move|p2a: Amoonguss|Grass Knot|p1a: Alomomola\n|-supereffective|p1a: Alomomola\n|-damage|p1a: Alomomola|55\/100 brn\n|\n|-heal|p1a: Alomomola|61\/100 brn|[from] item: Leftovers\n|-damage|p1a: Alomomola|55\/100 brn|[from] brn\n|upkeep\n|turn|79\n|\n|t:|1700528647\n|switch|p2a: Kingambit|Kingambit, F, tera:Flying|100\/100\n|-activate|p2a: Kingambit|ability: Supreme Overlord\n|-start|p2a: Kingambit|fallen3|[silent]\n|move|p1a: Alomomola|Wish|p1a: Alomomola\n|\n|-heal|p1a: Alomomola|61\/100 brn|[from] item: Leftovers\n|-damage|p1a: Alomomola|55\/100 brn|[from] brn\n|upkeep\n|turn|80\n|\n|t:|1700528653\n|switch|p1a: Corviknight|Corviknight, F|77\/100\n|-ability|p1a: Corviknight|Pressure\n|move|p2a: Kingambit|Swords Dance|p2a: Kingambit\n|-boost|p2a: Kingambit|atk|2\n|\n|-heal|p1a: Corviknight|100\/100|[from] move: Wish|[wisher] Alomomola\n|upkeep\n|turn|81\n|\n|t:|1700528659\n|move|p1a: Corviknight|Iron Defense|p1a: Corviknight\n|-boost|p1a: Corviknight|def|2\n|move|p2a: Kingambit|Swords Dance|p2a: Kingambit\n|-boost|p2a: Kingambit|atk|2\n|\n|upkeep\n|turn|82\n|\n|t:|1700528663\n|move|p1a: Corviknight|Iron Defense|p1a: Corviknight\n|-boost|p1a: Corviknight|def|2\n|move|p2a: Kingambit|Iron Head|p1a: Corviknight\n|-resisted|p1a: Corviknight\n|-damage|p1a: Corviknight|79\/100\n|\n|upkeep\n|turn|83\n|\n|t:|1700528674\n|-end|p2a: Kingambit|fallen3|[silent]\n|switch|p2a: Amoonguss|Amoonguss, M|90\/100\n|move|p1a: Corviknight|Iron Defense|p1a: Corviknight\n|-boost|p1a: Corviknight|def|2\n|\n|upkeep\n|turn|84\n|\n|t:|1700528685\n|move|p1a: Corviknight|Body Press|p2a: Amoonguss\n|-resisted|p2a: Amoonguss\n|-damage|p2a: Amoonguss|47\/100\n|move|p2a: Amoonguss|Spore|p1a: Corviknight\n|-status|p1a: Corviknight|slp|[from] move: Spore\n|\n|upkeep\n|turn|85\n|j| diyuenji\n|\n|t:|1700528689\n|switch|p2a: Dragapult|Dragapult, M|20\/100\n|cant|p1a: Corviknight|slp\n|\n|upkeep\n|turn|86\n|\n|t:|1700528694\n|switch|p1a: Alomomola|Alomomola, F|88\/100 brn\n|move|p2a: Dragapult|Shadow Ball|p1a: Alomomola\n|-damage|p1a: Alomomola|37\/100 brn\n|\n|-heal|p1a: Alomomola|43\/100 brn|[from] item: Leftovers\n|-damage|p1a: Alomomola|37\/100 brn|[from] brn\n|upkeep\n|turn|87\n|\n|t:|1700528697\n|switch|p1a: Ting-Lu|Ting-Lu|71\/100\n|-ability|p1a: Ting-Lu|Vessel of Ruin\n|move|p2a: Dragapult|Shadow Ball|p1a: Ting-Lu\n|-resisted|p1a: Ting-Lu\n|-damage|p1a: Ting-Lu|60\/100\n|\n|-heal|p1a: Ting-Lu|67\/100|[from] item: Leftovers\n|upkeep\n|turn|88\n|\n|t:|1700528703\n|switch|p2a: Kingambit|Kingambit, F, tera:Flying|100\/100\n|-activate|p2a: Kingambit|ability: Supreme Overlord\n|-start|p2a: Kingambit|fallen3|[silent]\n|move|p1a: Ting-Lu|Stealth Rock|p2a: Kingambit\n|-sidestart|p2: clorox man|move: Stealth Rock\n|\n|-heal|p1a: Ting-Lu|73\/100|[from] item: Leftovers\n|upkeep\n|turn|89\n|j| Milkshook\n|\n|t:|1700528710\n|switch|p1a: Corviknight|Corviknight, F|79\/100 slp\n|-ability|p1a: Corviknight|Pressure\n|move|p2a: Kingambit|Swords Dance|p2a: Kingambit\n|-boost|p2a: Kingambit|atk|2\n|\n|upkeep\n|turn|90\n|\n|t:|1700528715\n|cant|p1a: Corviknight|slp\n|move|p2a: Kingambit|Kowtow Cleave|p1a: Corviknight\n|-damage|p1a: Corviknight|0 fnt\n|faint|p1a: Corviknight\n|\n|upkeep\n|\n|t:|1700528719\n|switch|p1a: Dondozo|Dondozo, F|89\/100\n|turn|91\n|\n|t:|1700528723\n|move|p2a: Kingambit|Kowtow Cleave|p1a: Dondozo\n|-damage|p1a: Dondozo|52\/100\n|move|p1a: Dondozo|Curse|p1a: Dondozo\n|-unboost|p1a: Dondozo|spe|1\n|-boost|p1a: Dondozo|atk|1\n|-boost|p1a: Dondozo|def|1\n|\n|upkeep\n|turn|92\n|\n|t:|1700528733\n|-end|p2a: Kingambit|fallen3|[silent]\n|switch|p2a: Amoonguss|Amoonguss, M|80\/100\n|move|p1a: Dondozo|Avalanche|p2a: Amoonguss\n|-supereffective|p2a: Amoonguss\n|-damage|p2a: Amoonguss|47\/100\n|\n|upkeep\n|turn|93\n|\n|t:|1700528739\n|switch|p1a: Alomomola|Alomomola, F|71\/100 brn\n|move|p2a: Amoonguss|Grass Knot|p1a: Alomomola\n|-supereffective|p1a: Alomomola\n|-damage|p1a: Alomomola|40\/100 brn\n|\n|-heal|p1a: Alomomola|46\/100 brn|[from] item: Leftovers\n|-damage|p1a: Alomomola|40\/100 brn|[from] brn\n|upkeep\n|turn|94\n|\n|t:|1700528742\n|move|p1a: Alomomola|Wish|p1a: Alomomola\n|move|p2a: Amoonguss|Grass Knot|p1a: Alomomola\n|-supereffective|p1a: Alomomola\n|-damage|p1a: Alomomola|9\/100 brn\n|\n|-heal|p1a: Alomomola|15\/100 brn|[from] item: Leftovers\n|-damage|p1a: Alomomola|9\/100 brn|[from] brn\n|upkeep\n|turn|95\n|\n|t:|1700528750\n|switch|p1a: Ting-Lu|Ting-Lu|73\/100\n|-ability|p1a: Ting-Lu|Vessel of Ruin\n|move|p2a: Amoonguss|Sludge Bomb|p1a: Ting-Lu\n|-resisted|p1a: Ting-Lu\n|-damage|p1a: Ting-Lu|67\/100\n|-status|p1a: Ting-Lu|psn\n|\n|-heal|p1a: Ting-Lu|100\/100 psn|[from] move: Wish|[wisher] Alomomola\n|-damage|p1a: Ting-Lu|88\/100 psn|[from] psn\n|upkeep\n|turn|96\n|\n|t:|1700528760\n|switch|p1a: Alomomola|Alomomola, F|42\/100 brn\n|move|p2a: Amoonguss|Grass Knot|p1a: Alomomola\n|-supereffective|p1a: Alomomola\n|-damage|p1a: Alomomola|6\/100 brn\n|\n|-heal|p1a: Alomomola|13\/100 brn|[from] item: Leftovers\n|-damage|p1a: Alomomola|6\/100 brn|[from] brn\n|upkeep\n|turn|97\n|\n|t:|1700528764\n|move|p1a: Alomomola|Flip Turn|p2a: Amoonguss\n|-resisted|p2a: Amoonguss\n|-damage|p2a: Amoonguss|44\/100\n|\n|t:|1700528767\n|switch|p1a: Ting-Lu|Ting-Lu|88\/100 psn|[from] Flip Turn\n|-ability|p1a: Ting-Lu|Vessel of Ruin\n|move|p2a: Amoonguss|Grass Knot|p1a: Ting-Lu\n|-supereffective|p1a: Ting-Lu\n|-damage|p1a: Ting-Lu|57\/100 psn\n|\n|-heal|p1a: Ting-Lu|63\/100 psn|[from] item: Leftovers\n|-damage|p1a: Ting-Lu|50\/100 psn|[from] psn\n|upkeep\n|turn|98\n|\n|t:|1700528771\n|move|p1a: Ting-Lu|Earthquake|p2a: Amoonguss\n|-damage|p2a: Amoonguss|12\/100\n|move|p2a: Amoonguss|Grass Knot|p1a: Ting-Lu\n|-supereffective|p1a: Ting-Lu\n|-damage|p1a: Ting-Lu|19\/100 psn\n|\n|-heal|p1a: Ting-Lu|25\/100 psn|[from] item: Leftovers\n|-damage|p1a: Ting-Lu|13\/100 psn|[from] psn\n|upkeep\n|turn|99\n|\n|t:|1700528776\n|switch|p2a: Kingambit|Kingambit, F, tera:Flying|100\/100\n|-damage|p2a: Kingambit|76\/100|[from] Stealth Rock\n|-activate|p2a: Kingambit|ability: Supreme Overlord\n|-start|p2a: Kingambit|fallen3|[silent]\n|move|p1a: Ting-Lu|Spikes|p2a: Kingambit\n|-sidestart|p2: clorox man|Spikes\n|\n|-heal|p2a: Kingambit|82\/100|[from] item: Leftovers\n|-heal|p1a: Ting-Lu|19\/100 psn|[from] item: Leftovers\n|-damage|p1a: Ting-Lu|6\/100 psn|[from] psn\n|upkeep\n|turn|100\n|\n|t:|1700528783\n|move|p2a: Kingambit|Iron Head|p1a: Ting-Lu\n|-damage|p1a: Ting-Lu|0 fnt\n|faint|p1a: Ting-Lu\n|\n|-heal|p2a: Kingambit|88\/100|[from] item: Leftovers\n|upkeep\n|\n|t:|1700528787\n|switch|p1a: Dondozo|Dondozo, F|52\/100\n|turn|101\n|j| 0Phux\n|\n|t:|1700528801\n|-terastallize|p1a: Dondozo|Dark\n|move|p2a: Kingambit|Kowtow Cleave|p1a: Dondozo\n|-resisted|p1a: Dondozo\n|-damage|p1a: Dondozo|32\/100\n|move|p1a: Dondozo|Curse|p1a: Dondozo\n|-unboost|p1a: Dondozo|spe|1\n|-boost|p1a: Dondozo|atk|1\n|-boost|p1a: Dondozo|def|1\n|\n|-heal|p2a: Kingambit|94\/100|[from] item: Leftovers\n|upkeep\n|turn|102\n|\n|t:|1700528819\n|move|p2a: Kingambit|Iron Head|p1a: Dondozo\n|-damage|p1a: Dondozo|8\/100\n|move|p1a: Dondozo|Rest|p1a: Dondozo\n|-status|p1a: Dondozo|slp|[from] move: Rest\n|-heal|p1a: Dondozo|100\/100 slp|[silent]\n|\n|-heal|p2a: Kingambit|99\/100|[from] item: Leftovers\n|upkeep\n|turn|103\n|j| Seleukos\n|inactive|clorox man has 120 seconds left.\n|\n|t:|1700528835\n|-end|p2a: Kingambit|fallen3|[silent]\n|switch|p2a: Amoonguss|Amoonguss, M|46\/100\n|cant|p1a: Dondozo|slp\n|\n|upkeep\n|turn|104\n|l| Seleukos\n|\n|t:|1700528838\n|move|p2a: Amoonguss|Grass Knot|p1a: Dondozo\n|-damage|p1a: Dondozo|79\/100 slp\n|cant|p1a: Dondozo|slp\n|\n|upkeep\n|turn|105\n|\n|t:|1700528846\n|move|p2a: Amoonguss|Grass Knot|p1a: Dondozo\n|-damage|p1a: Dondozo|56\/100 slp\n|-curestatus|p1a: Dondozo|slp|[msg]\n|move|p1a: Dondozo|Avalanche|p2a: Amoonguss\n|-supereffective|p2a: Amoonguss\n|-damage|p2a: Amoonguss|0 fnt\n|faint|p2a: Amoonguss\n|\n|upkeep\n|\n|t:|1700528851\n|switch|p2a: Dragapult|Dragapult, M|20\/100\n|-damage|p2a: Dragapult|8\/100|[from] Stealth Rock\n|-damage|p2a: Dragapult|0 fnt|[from] Spikes\n|faint|p2a: Dragapult\n|\n|t:|1700528853\n|switch|p2a: Kingambit|Kingambit, F, tera:Flying|99\/100\n|-damage|p2a: Kingambit|75\/100|[from] Stealth Rock\n|-activate|p2a: Kingambit|ability: Supreme Overlord\n|-start|p2a: Kingambit|fallen5|[silent]\n|turn|106\n|\n|t:|1700528857\n|move|p2a: Kingambit|Iron Head|p1a: Dondozo\n|-damage|p1a: Dondozo|29\/100\n|move|p1a: Dondozo|Avalanche|p2a: Kingambit\n|-supereffective|p2a: Kingambit\n|-damage|p2a: Kingambit|5\/100\n|\n|-heal|p2a: Kingambit|12\/100|[from] item: Leftovers\n|upkeep\n|turn|107\n|\n|t:|1700528863\n|move|p2a: Kingambit|Iron Head|p1a: Dondozo\n|-damage|p1a: Dondozo|3\/100\n|move|p1a: Dondozo|Avalanche|p2a: Kingambit\n|-supereffective|p2a: Kingambit\n|-damage|p2a: Kingambit|0 fnt\n|faint|p2a: Kingambit\n|-end|p2a: Kingambit|fallen5|[silent]\n|\n|win|Quamnckkk\n|raw|Quamnckkk's rating: 1868 &rarr; <strong>1883<\/strong><br \/>(+15 for winning)\n|raw|clorox man's rating: 1788 &rarr; <strong>1773<\/strong><br \/>(-15 for losing)\n|c|\u2606Quamnckkk|gg\n|l|\u203dclorox man\n|l| 0Phux\n|l| Milkshook\n","uploadtime":1700528965,"views":37,"p1id":"quamnckkk","p2id":"cloroxman","formatid":"gen9ou","rating":1773,"private":0,"password":""}