{"id":"gen9ou-1990971454","p1":"Velho Aidetico","p2":"pina sin pizza","format":"[Gen 9] OU","log":"|j|\u2606Velho Aidetico\n|j|\u2606pina sin pizza\n|t:|1700021543\n|gametype|singles\n|player|p1|Velho Aidetico|gentleman|1386\n|player|p2|pina sin pizza|roxie|1310\n|teamsize|p1|6\n|teamsize|p2|6\n|gen|9\n|tier|[Gen 9] OU\n|rated|\n|rule|Sleep Clause Mod: Limit one foe put to sleep\n|rule|Species Clause: Limit one of each Pok\u00e9mon\n|rule|OHKO Clause: OHKO moves are banned\n|rule|Evasion Items Clause: Evasion items are banned\n|rule|Evasion Moves Clause: Evasion moves are banned\n|rule|Endless Battle Clause: Forcing endless battles is banned\n|rule|HP Percentage Mod: HP is shown in percentages\n|clearpoke\n|poke|p1|Crawdaunt, M|\n|poke|p1|Ogerpon-Cornerstone, F|\n|poke|p1|Weezing-Galar, F|\n|poke|p1|Gallade, M|\n|poke|p1|Tornadus-Therian, M|\n|poke|p1|Chandelure, M|\n|poke|p2|Samurott-Hisui, M|\n|poke|p2|Mandibuzz, F|\n|poke|p2|Cinderace, M|\n|poke|p2|Empoleon, F|\n|poke|p2|Zapdos|\n|poke|p2|Skeledirge, M|\n|teampreview\n|inactive|Battle timer is ON: inactive players will automatically lose when time's up. (requested by pina sin pizza)\n|\n|t:|1700021549\n|start\n|switch|p1a: It's all Ogre now|Ogerpon-Cornerstone, F|100\/100\n|switch|p2a: Samurott|Samurott-Hisui, M|100\/100\n|turn|1\n|\n|t:|1700021562\n|switch|p2a: Zapdos|Zapdos|100\/100\n|move|p1a: It's all Ogre now|Ivy Cudgel|p2a: Zapdos|[anim] Ivy Cudgel Rock\n|-supereffective|p2a: Zapdos\n|-crit|p2a: Zapdos\n|-damage|p2a: Zapdos|0 fnt\n|faint|p2a: Zapdos\n|\n|upkeep\n|inactive|pina sin pizza has 120 seconds left.\n|\n|t:|1700021589\n|switch|p2a: Skeledirge|Skeledirge, M|100\/100\n|turn|2\n|inactive|pina sin pizza has 120 seconds left.\n|\n|t:|1700021601\n|switch|p1a: Voa|Tornadus-Therian, M|100\/100\n|-terastallize|p2a: Skeledirge|Fairy\n|move|p2a: Skeledirge|Torch Song|p1a: Voa\n|-damage|p1a: Voa|71\/100\n|-boost|p2a: Skeledirge|spa|1\n|\n|upkeep\n|turn|3\n|\n|t:|1700021610\n|move|p1a: Voa|Taunt|p2a: Skeledirge\n|-start|p2a: Skeledirge|move: Taunt\n|move|p2a: Skeledirge|Torch Song|p1a: Voa\n|-damage|p1a: Voa|25\/100\n|-boost|p2a: Skeledirge|spa|1\n|\n|upkeep\n|turn|4\n|\n|t:|1700021618\n|switch|p1a: Xuping\u00e3o|Chandelure, M|100\/100\n|move|p2a: Skeledirge|Torch Song|p1a: Xuping\u00e3o\n|-start|p1a: Xuping\u00e3o|ability: Flash Fire\n|\n|upkeep\n|turn|5\n|\n|t:|1700021623\n|move|p1a: Xuping\u00e3o|Flamethrower|p2a: Skeledirge\n|-damage|p2a: Skeledirge|38\/100\n|move|p2a: Skeledirge|Shadow Ball|p1a: Xuping\u00e3o\n|-supereffective|p1a: Xuping\u00e3o\n|-damage|p1a: Xuping\u00e3o|0 fnt\n|faint|p1a: Xuping\u00e3o\n|\n|-end|p2a: Skeledirge|move: Taunt\n|upkeep\n|\n|t:|1700021631\n|switch|p1a: It's all Ogre now|Ogerpon-Cornerstone, F|100\/100\n|turn|6\n|\n|t:|1700021635\n|move|p1a: It's all Ogre now|Ivy Cudgel|p2a: Skeledirge|[anim] Ivy Cudgel Rock\n|-crit|p2a: Skeledirge\n|-damage|p2a: Skeledirge|0 fnt\n|faint|p2a: Skeledirge\n|\n|upkeep\n|\n|t:|1700021646\n|switch|p2a: Samurott|Samurott-Hisui, M|100\/100\n|turn|7\n|\n|t:|1700021649\n|move|p1a: It's all Ogre now|Ivy Cudgel|p2a: Samurott|[anim] Ivy Cudgel Rock\n|-crit|p2a: Samurott\n|-enditem|p2a: Samurott|Focus Sash\n|-damage|p2a: Samurott|1\/100\n|move|p2a: Samurott|Aqua Cutter|p1a: It's all Ogre now\n|-damage|p1a: It's all Ogre now|38\/100\n|\n|upkeep\n|turn|8\n|\n|t:|1700021656\n|move|p1a: It's all Ogre now|Horn Leech|p2a: Samurott\n|-supereffective|p2a: Samurott\n|-damage|p2a: Samurott|0 fnt\n|-heal|p1a: It's all Ogre now|38\/100|[from] drain|[of] p2a: Samurott\n|faint|p2a: Samurott\n|\n|upkeep\n|\n|t:|1700021659\n|switch|p2a: Mandibuzz|Mandibuzz, F|100\/100\n|turn|9\n|\n|t:|1700021664\n|move|p1a: It's all Ogre now|Ivy Cudgel|p2a: Mandibuzz|[anim] Ivy Cudgel Rock\n|-supereffective|p2a: Mandibuzz\n|-damage|p2a: Mandibuzz|33\/100\n|move|p2a: Mandibuzz|Iron Defense|p2a: Mandibuzz\n|-boost|p2a: Mandibuzz|def|2\n|\n|upkeep\n|turn|10\n|\n|t:|1700021668\n|move|p1a: It's all Ogre now|Ivy Cudgel|p2a: Mandibuzz|[anim] Ivy Cudgel Rock\n|-supereffective|p2a: Mandibuzz\n|-damage|p2a: Mandibuzz|0 fnt\n|faint|p2a: Mandibuzz\n|\n|upkeep\n|\n|t:|1700021673\n|switch|p2a: Cinderace|Cinderace, M|100\/100\n|turn|11\n|\n|t:|1700021676\n|move|p2a: Cinderace|U-turn|p1a: It's all Ogre now\n|-start|p2a: Cinderace|typechange|Bug|[from] ability: Libero\n|-supereffective|p1a: It's all Ogre now\n|-damage|p1a: It's all Ogre now|0 fnt\n|faint|p1a: It's all Ogre now\n|\n|t:|1700021678\n|switch|p2a: Empoleon|Empoleon, F|100\/100|[from] U-turn\n|\n|upkeep\n|\n|t:|1700021681\n|switch|p1a: Galudo|Gallade, M|100\/100\n|turn|12\n|\n|t:|1700021686\n|move|p1a: Galudo|Sacred Sword|p2a: Empoleon\n|-supereffective|p2a: Empoleon\n|-damage|p2a: Empoleon|0 fnt\n|faint|p2a: Empoleon\n|\n|upkeep\n|\n|t:|1700021689\n|switch|p2a: Cinderace|Cinderace, M|100\/100\n|turn|13\n|\n|t:|1700021691\n|move|p1a: Galudo|Sacred Sword|p2a: Cinderace\n|-damage|p2a: Cinderace|0 fnt\n|faint|p2a: Cinderace\n|\n|win|Velho Aidetico\n|raw|Velho Aidetico's rating: 1386 &rarr; <strong>1402<\/strong><br \/>(+16 for winning)\n|raw|pina sin pizza's rating: 1310 &rarr; <strong>1294<\/strong><br \/>(-16 for losing)\n|l|\u2606pina sin pizza\n","uploadtime":1700021700,"views":7,"p1id":"velhoaidetico","p2id":"pinasinpizza","formatid":"gen9ou","rating":1294,"private":0,"password":""}