{"id":"gen9ou-1993455395","p1":"bulbasaurisbetter","p2":"Theimpactassault","format":"[Gen 9] OU","log":"|j|\u2606bulbasaurisbetter\n|j|\u2606Theimpactassault\n|t:|1700320037\n|gametype|singles\n|player|p1|bulbasaurisbetter|265|1451\n|player|p2|Theimpactassault|hilda|1422\n|teamsize|p1|6\n|teamsize|p2|6\n|gen|9\n|tier|[Gen 9] OU\n|rated|\n|rule|Sleep Clause Mod: Limit one foe put to sleep\n|rule|Species Clause: Limit one of each Pok\u00e9mon\n|rule|OHKO Clause: OHKO moves are banned\n|rule|Evasion Items Clause: Evasion items are banned\n|rule|Evasion Moves Clause: Evasion moves are banned\n|rule|Endless Battle Clause: Forcing endless battles is banned\n|rule|HP Percentage Mod: HP is shown in percentages\n|clearpoke\n|poke|p1|Landorus-Therian, M|\n|poke|p1|Pelipper, M|\n|poke|p1|Kingambit, F|\n|poke|p1|Hatterene, F|\n|poke|p1|Barraskewda, F|\n|poke|p1|Dragapult, F|\n|poke|p2|Samurott-Hisui, M|\n|poke|p2|Arcanine-Hisui, F|\n|poke|p2|Corviknight, M|\n|poke|p2|Clodsire, F|\n|poke|p2|Forretress, M|\n|poke|p2|Meowscarada, F|\n|teampreview\n|\n|t:|1700320047\n|start\n|switch|p1a: Pelipper|Pelipper, M, shiny|100\/100\n|switch|p2a: Meowscarada|Meowscarada, F|100\/100\n|-weather|RainDance|[from] ability: Drizzle|[of] p1a: Pelipper\n|turn|1\n|\n|t:|1700320061\n|move|p2a: Meowscarada|Knock Off|p1a: Pelipper\n|-start|p2a: Meowscarada|typechange|Dark|[from] ability: Protean\n|-damage|p1a: Pelipper|60\/100\n|-enditem|p1a: Pelipper|Damp Rock|[from] move: Knock Off|[of] p2a: Meowscarada\n|move|p1a: Pelipper|U-turn|p2a: Meowscarada\n|-supereffective|p2a: Meowscarada\n|-damage|p2a: Meowscarada|74\/100\n|\n|t:|1700320074\n|switch|p1a: Barraskewda|Barraskewda, F|100\/100|[from] U-turn\n|\n|-weather|RainDance|[upkeep]\n|upkeep\n|turn|2\n|\n|t:|1700320081\n|switch|p2a: Clodsire|Clodsire, F|100\/100\n|move|p1a: Barraskewda|Close Combat|p2a: Clodsire\n|-resisted|p2a: Clodsire\n|-damage|p2a: Clodsire|61\/100\n|-unboost|p1a: Barraskewda|def|1\n|-unboost|p1a: Barraskewda|spd|1\n|\n|-weather|RainDance|[upkeep]\n|-heal|p2a: Clodsire|68\/100|[from] item: Black Sludge\n|upkeep\n|turn|3\n|\n|t:|1700320089\n|switch|p1a: Kingambit|Kingambit, F|100\/100\n|move|p2a: Clodsire|Earthquake|p1a: Kingambit\n|-supereffective|p1a: Kingambit\n|-damage|p1a: Kingambit|56\/100\n|\n|-weather|RainDance|[upkeep]\n|-heal|p2a: Clodsire|74\/100|[from] item: Black Sludge\n|upkeep\n|turn|4\n|\n|t:|1700320098\n|switch|p2a: Forretress|Forretress, M|100\/100\n|move|p1a: Kingambit|Iron Head|p2a: Forretress\n|-resisted|p2a: Forretress\n|-damage|p2a: Forretress|88\/100\n|\n|-weather|RainDance|[upkeep]\n|upkeep\n|turn|5\n|\n|t:|1700320104\n|-end|p1a: Kingambit|fallenundefined|[silent]\n|switch|p1a: Dragapult|Dragapult, F|100\/100\n|move|p2a: Forretress|Stealth Rock|p1a: Dragapult\n|-sidestart|p1: bulbasaurisbetter|move: Stealth Rock\n|\n|-weather|RainDance|[upkeep]\n|upkeep\n|turn|6\n|\n|t:|1700320111\n|switch|p2a: Clodsire|Clodsire, F|74\/100\n|move|p1a: Dragapult|Shadow Ball|p2a: Clodsire\n|-damage|p2a: Clodsire|44\/100\n|\n|-weather|RainDance|[upkeep]\n|-heal|p2a: Clodsire|50\/100|[from] item: Black Sludge\n|upkeep\n|turn|7\n|\n|t:|1700320116\n|move|p1a: Dragapult|Shadow Ball|p2a: Clodsire\n|-damage|p2a: Clodsire|22\/100\n|move|p2a: Clodsire|Recover|p2a: Clodsire\n|-heal|p2a: Clodsire|72\/100\n|\n|-weather|RainDance|[upkeep]\n|-heal|p2a: Clodsire|78\/100|[from] item: Black Sludge\n|upkeep\n|turn|8\n|\n|t:|1700320121\n|switch|p1a: Landorus|Landorus-Therian, M|100\/100\n|-damage|p1a: Landorus|88\/100|[from] Stealth Rock\n|-ability|p1a: Landorus|Intimidate|boost\n|-unboost|p2a: Clodsire|atk|1\n|move|p2a: Clodsire|Toxic|p1a: Landorus\n|-status|p1a: Landorus|tox\n|\n|-weather|none\n|-heal|p2a: Clodsire|84\/100|[from] item: Black Sludge\n|-damage|p1a: Landorus|82\/100 tox|[from] psn\n|upkeep\n|turn|9\n|\n|t:|1700320129\n|switch|p2a: Corviknight|Corviknight, M|100\/100\n|-ability|p2a: Corviknight|Pressure\n|move|p1a: Landorus|Sandsear Storm|p2a: Corviknight\n|-immune|p2a: Corviknight\n|\n|-damage|p1a: Landorus|70\/100 tox|[from] psn\n|upkeep\n|turn|10\n|\n|t:|1700320136\n|switch|p1a: Pelipper|Pelipper, M, shiny|60\/100\n|-damage|p1a: Pelipper|35\/100|[from] Stealth Rock\n|-weather|RainDance|[from] ability: Drizzle|[of] p1a: Pelipper\n|move|p2a: Corviknight|Substitute|p2a: Corviknight\n|-start|p2a: Corviknight|Substitute\n|-damage|p2a: Corviknight|75\/100\n|\n|-weather|RainDance|[upkeep]\n|-heal|p2a: Corviknight|82\/100|[from] item: Leftovers\n|upkeep\n|turn|11\n|inactive|Battle timer is ON: inactive players will automatically lose when time's up. (requested by bulbasaurisbetter)\n|\n|t:|1700320146\n|move|p2a: Corviknight|Iron Defense|p2a: Corviknight\n|-boost|p2a: Corviknight|def|2\n|move|p1a: Pelipper|Hurricane|p2a: Corviknight\n|-resisted|p2a: Corviknight\n|-activate|p2a: Corviknight|move: Substitute|[damage]\n|\n|-weather|RainDance|[upkeep]\n|-heal|p2a: Corviknight|88\/100|[from] item: Leftovers\n|upkeep\n|turn|12\n|\n|t:|1700320152\n|move|p2a: Corviknight|Body Press|p1a: Pelipper\n|-resisted|p1a: Pelipper\n|-damage|p1a: Pelipper|12\/100\n|move|p1a: Pelipper|U-turn|p2a: Corviknight\n|-resisted|p2a: Corviknight\n|-activate|p2a: Corviknight|move: Substitute|[damage]\n|\n|t:|1700320159\n|switch|p1a: Dragapult|Dragapult, F|100\/100|[from] U-turn\n|-damage|p1a: Dragapult|88\/100|[from] Stealth Rock\n|\n|-weather|RainDance|[upkeep]\n|-heal|p2a: Corviknight|94\/100|[from] item: Leftovers\n|upkeep\n|turn|13\n|\n|t:|1700320162\n|move|p1a: Dragapult|Shadow Ball|p2a: Corviknight\n|-damage|p2a: Corviknight|45\/100\n|move|p2a: Corviknight|Roost|p2a: Corviknight\n|-heal|p2a: Corviknight|95\/100\n|-singleturn|p2a: Corviknight|move: Roost\n|\n|-weather|RainDance|[upkeep]\n|-heal|p2a: Corviknight|100\/100|[from] item: Leftovers\n|upkeep\n|turn|14\n|\n|t:|1700320166\n|switch|p2a: Clodsire|Clodsire, F|84\/100\n|move|p1a: Dragapult|Shadow Ball|p2a: Clodsire\n|-damage|p2a: Clodsire|54\/100\n|-unboost|p2a: Clodsire|spd|1\n|\n|-weather|none\n|-heal|p2a: Clodsire|61\/100|[from] item: Black Sludge\n|upkeep\n|turn|15\n|\n|t:|1700320170\n|move|p1a: Dragapult|Shadow Ball|p2a: Clodsire\n|-damage|p2a: Clodsire|16\/100\n|move|p2a: Clodsire|Recover|p2a: Clodsire\n|-heal|p2a: Clodsire|66\/100\n|\n|-heal|p2a: Clodsire|72\/100|[from] item: Black Sludge\n|upkeep\n|turn|16\n|\n|t:|1700320175\n|move|p2a: Clodsire|Protect|p2a: Clodsire\n|-singleturn|p2a: Clodsire|Protect\n|move|p1a: Dragapult|Shadow Ball|p2a: Clodsire\n|-activate|p2a: Clodsire|move: Protect\n|\n|-heal|p2a: Clodsire|79\/100|[from] item: Black Sludge\n|upkeep\n|turn|17\n|\n|t:|1700320177\n|switch|p2a: Samurott|Samurott-Hisui, M, shiny|100\/100\n|move|p1a: Dragapult|Shadow Ball|p2a: Samurott\n|-resisted|p2a: Samurott\n|-damage|p2a: Samurott|58\/100\n|\n|-heal|p2a: Samurott|64\/100|[from] item: Leftovers\n|upkeep\n|turn|18\n|\n|t:|1700320184\n|switch|p1a: Pelipper|Pelipper, M, shiny|12\/100\n|-damage|p1a: Pelipper|0 fnt|[from] Stealth Rock\n|faint|p1a: Pelipper\n|move|p2a: Samurott|Swords Dance|p2a: Samurott\n|-boost|p2a: Samurott|atk|2\n|\n|-heal|p2a: Samurott|71\/100|[from] item: Leftovers\n|upkeep\n|\n|t:|1700320196\n|switch|p1a: Landorus|Landorus-Therian, M|70\/100 tox\n|-damage|p1a: Landorus|58\/100 tox|[from] Stealth Rock\n|-ability|p1a: Landorus|Intimidate|boost\n|-unboost|p2a: Samurott|atk|1\n|turn|19\n|\n|t:|1700320202\n|-terastallize|p2a: Samurott|Water\n|move|p2a: Samurott|Aqua Jet|p1a: Landorus\n|-supereffective|p1a: Landorus\n|-damage|p1a: Landorus|0 fnt\n|faint|p1a: Landorus\n|\n|-heal|p2a: Samurott|77\/100|[from] item: Leftovers\n|upkeep\n|\n|t:|1700320208\n|switch|p1a: Barraskewda|Barraskewda, F|100\/100\n|-damage|p1a: Barraskewda|88\/100|[from] Stealth Rock\n|turn|20\n|\n|t:|1700320213\n|switch|p2a: Clodsire|Clodsire, F|79\/100\n|move|p1a: Barraskewda|Close Combat|p2a: Clodsire\n|-resisted|p2a: Clodsire\n|-damage|p2a: Clodsire|44\/100\n|-unboost|p1a: Barraskewda|def|1\n|-unboost|p1a: Barraskewda|spd|1\n|\n|-heal|p2a: Clodsire|50\/100|[from] item: Black Sludge\n|upkeep\n|turn|21\n|\n|t:|1700320218\n|move|p1a: Barraskewda|Close Combat|p2a: Clodsire\n|-resisted|p2a: Clodsire\n|-damage|p2a: Clodsire|14\/100\n|-unboost|p1a: Barraskewda|def|1\n|-unboost|p1a: Barraskewda|spd|1\n|move|p2a: Clodsire|Recover|p2a: Clodsire\n|-heal|p2a: Clodsire|64\/100\n|\n|-heal|p2a: Clodsire|70\/100|[from] item: Black Sludge\n|upkeep\n|turn|22\n|\n|t:|1700320226\n|switch|p1a: Hatterene|Hatterene, F|100\/100\n|-damage|p1a: Hatterene|88\/100|[from] Stealth Rock\n|move|p2a: Clodsire|Earthquake|p1a: Hatterene\n|-damage|p1a: Hatterene|65\/100\n|\n|-heal|p2a: Clodsire|76\/100|[from] item: Black Sludge\n|upkeep\n|turn|23\n|\n|t:|1700320233\n|switch|p2a: Arcanine|Arcanine-Hisui, F|100\/100\n|move|p1a: Hatterene|Draining Kiss|p2a: Arcanine\n|-resisted|p2a: Arcanine\n|-damage|p2a: Arcanine|88\/100\n|-heal|p1a: Hatterene|75\/100|[from] drain|[of] p2a: Arcanine\n|\n|upkeep\n|turn|24\n|\n|t:|1700320239\n|move|p2a: Arcanine|Head Smash|p1a: Hatterene|[miss]\n|-miss|p2a: Arcanine|p1a: Hatterene\n|move|p1a: Hatterene|Nuzzle|p2a: Arcanine\n|-crit|p2a: Arcanine\n|-damage|p2a: Arcanine|80\/100\n|-status|p2a: Arcanine|par\n|\n|upkeep\n|turn|25\n|\n|t:|1700320246\n|switch|p1a: Kingambit|Kingambit, F|56\/100\n|-activate|p1a: Kingambit|ability: Supreme Overlord\n|-start|p1a: Kingambit|fallen2|[silent]\n|move|p2a: Arcanine|Head Smash|p1a: Kingambit\n|-resisted|p1a: Kingambit\n|-damage|p1a: Kingambit|24\/100\n|\n|upkeep\n|turn|26\n|\n|t:|1700320254\n|cant|p2a: Arcanine|par\n|move|p1a: Kingambit|Iron Head|p2a: Arcanine\n|-damage|p2a: Arcanine|5\/100 par\n|\n|upkeep\n|turn|27\n|\n|t:|1700320259\n|switch|p2a: Corviknight|Corviknight, M|100\/100\n|-ability|p2a: Corviknight|Pressure\n|move|p1a: Kingambit|Sucker Punch||[still]\n|-fail|p1a: Kingambit\n|\n|upkeep\n|turn|28\n|\n|t:|1700320264\n|move|p1a: Kingambit|Kowtow Cleave|p2a: Corviknight\n|-damage|p2a: Corviknight|61\/100\n|move|p2a: Corviknight|Body Press|p1a: Kingambit\n|-supereffective|p1a: Kingambit\n|-crit|p1a: Kingambit\n|-damage|p1a: Kingambit|0 fnt\n|faint|p1a: Kingambit\n|-end|p1a: Kingambit|fallen2|[silent]\n|\n|-heal|p2a: Corviknight|67\/100|[from] item: Leftovers\n|upkeep\n|\n|t:|1700320276\n|switch|p1a: Hatterene|Hatterene, F|75\/100\n|-damage|p1a: Hatterene|62\/100|[from] Stealth Rock\n|turn|29\n|\n|t:|1700320281\n|switch|p2a: Arcanine|Arcanine-Hisui, F|5\/100 par\n|move|p1a: Hatterene|Nuzzle|p2a: Arcanine\n|-damage|p2a: Arcanine|0 fnt\n|faint|p2a: Arcanine\n|\n|upkeep\n|\n|t:|1700320283\n|switch|p2a: Samurott|Samurott-Hisui, M, shiny, tera:Water|77\/100\n|turn|30\n|\n|t:|1700320286\n|move|p2a: Samurott|Razor Shell|p1a: Hatterene\n|-damage|p1a: Hatterene|4\/100\n|move|p1a: Hatterene|Nuzzle|p2a: Samurott\n|-supereffective|p2a: Samurott\n|-damage|p2a: Samurott|67\/100\n|-status|p2a: Samurott|par\n|\n|-heal|p2a: Samurott|74\/100 par|[from] item: Leftovers\n|upkeep\n|turn|31\n|\n|t:|1700320290\n|move|p2a: Samurott|Aqua Jet|p1a: Hatterene\n|-damage|p1a: Hatterene|0 fnt\n|faint|p1a: Hatterene\n|\n|-heal|p2a: Samurott|80\/100 par|[from] item: Leftovers\n|upkeep\n|\n|t:|1700320294\n|switch|p1a: Dragapult|Dragapult, F|88\/100\n|-damage|p1a: Dragapult|76\/100|[from] Stealth Rock\n|turn|32\n|\n|t:|1700320299\n|move|p1a: Dragapult|Shadow Ball|p2a: Samurott\n|-damage|p2a: Samurott|0 fnt\n|faint|p2a: Samurott\n|\n|upkeep\n|\n|t:|1700320304\n|switch|p2a: Meowscarada|Meowscarada, F|74\/100\n|turn|33\n|\n|t:|1700320311\n|move|p2a: Meowscarada|Knock Off|p1a: Dragapult\n|-start|p2a: Meowscarada|typechange|Dark|[from] ability: Protean\n|-supereffective|p1a: Dragapult\n|-damage|p1a: Dragapult|0 fnt\n|-enditem|p1a: Dragapult|Choice Specs|[from] move: Knock Off|[of] p2a: Meowscarada\n|faint|p1a: Dragapult\n|\n|upkeep\n|\n|t:|1700320315\n|switch|p1a: Barraskewda|Barraskewda, F|88\/100\n|-damage|p1a: Barraskewda|76\/100|[from] Stealth Rock\n|turn|34\n|\n|t:|1700320321\n|switch|p2a: Forretress|Forretress, M|88\/100\n|move|p1a: Barraskewda|Liquidation|p2a: Forretress\n|-damage|p2a: Forretress|47\/100\n|\n|upkeep\n|turn|35\n|\n|t:|1700320326\n|switch|p2a: Clodsire|Clodsire, F|76\/100\n|move|p1a: Barraskewda|Liquidation|p2a: Clodsire\n|-heal|p2a: Clodsire|100\/100|[from] ability: Water Absorb|[of] p1a: Barraskewda\n|\n|upkeep\n|turn|36\n|-message|bulbasaurisbetter forfeited.\n|\n|win|Theimpactassault\n|raw|bulbasaurisbetter's rating: 1451 &rarr; <strong>1429<\/strong><br \/>(-22 for losing)\n|raw|Theimpactassault's rating: 1422 &rarr; <strong>1444<\/strong><br \/>(+22 for winning)\n|l|\u2606bulbasaurisbetter\n","uploadtime":1700320339,"views":9,"p1id":"bulbasaurisbetter","p2id":"theimpactassault","formatid":"gen9ou","rating":1429,"private":0,"password":""}