{"id":"gen9ou-1993304106","p1":"PhotosFromJames","p2":"Kylooooren","format":"[Gen 9] OU","log":"|j|\u2606PhotosFromJames\n|j|\u2606Kylooooren\n|t:|1700294187\n|gametype|singles\n|player|p1|PhotosFromJames|102|1079\n|player|p2|Kylooooren|170|1000\n|teamsize|p1|6\n|teamsize|p2|6\n|gen|9\n|tier|[Gen 9] OU\n|rated|\n|rule|Sleep Clause Mod: Limit one foe put to sleep\n|rule|Species Clause: Limit one of each Pok\u00e9mon\n|rule|OHKO Clause: OHKO moves are banned\n|rule|Evasion Items Clause: Evasion items are banned\n|rule|Evasion Moves Clause: Evasion moves are banned\n|rule|Endless Battle Clause: Forcing endless battles is banned\n|rule|HP Percentage Mod: HP is shown in percentages\n|clearpoke\n|poke|p1|Krookodile, F|\n|poke|p1|Kingambit, F|\n|poke|p1|Arboliva, F|\n|poke|p1|Gyarados, F|\n|poke|p1|Toxapex, F|\n|poke|p1|Salamence, F|\n|poke|p2|Zamazenta-*|\n|poke|p2|Dragapult, M|\n|poke|p2|Great Tusk|\n|poke|p2|Iron Moth|\n|poke|p2|Walking Wake|\n|poke|p2|Zapdos|\n|teampreview\n|\n|t:|1700294215\n|start\n|switch|p1a: Salamence|Salamence, F, shiny|100\/100\n|switch|p2a: Zamazenta|Zamazenta|100\/100\n|-ability|p2a: Zamazenta|Dauntless Shield|boost\n|-boost|p2a: Zamazenta|def|1\n|turn|1\n|\n|t:|1700294234\n|-terastallize|p2a: Zamazenta|Steel\n|move|p2a: Zamazenta|Stone Edge|p1a: Salamence|[miss]\n|-miss|p2a: Zamazenta|p1a: Salamence\n|move|p1a: Salamence|Dragon Dance|p1a: Salamence\n|-boost|p1a: Salamence|atk|1\n|-boost|p1a: Salamence|spe|1\n|\n|upkeep\n|turn|2\n|\n|t:|1700294257\n|move|p1a: Salamence|Crunch|p2a: Zamazenta\n|-damage|p2a: Zamazenta|77\/100\n|-unboost|p2a: Zamazenta|def|1\n|move|p2a: Zamazenta|Stone Edge|p1a: Salamence\n|-supereffective|p1a: Salamence\n|-damage|p1a: Salamence|29\/100\n|\n|upkeep\n|turn|3\n|\n|t:|1700294276\n|move|p1a: Salamence|Crunch|p2a: Zamazenta\n|-damage|p2a: Zamazenta|41\/100\n|move|p2a: Zamazenta|Stone Edge|p1a: Salamence\n|-supereffective|p1a: Salamence\n|-damage|p1a: Salamence|0 fnt\n|faint|p1a: Salamence\n|\n|upkeep\n|\n|t:|1700294290\n|switch|p1a: Toxapex|Toxapex, F, shiny|100\/100\n|turn|4\n|\n|t:|1700294302\n|move|p2a: Zamazenta|Crunch|p1a: Toxapex\n|-damage|p1a: Toxapex|85\/100\n|move|p1a: Toxapex|Infestation|p2a: Zamazenta\n|-resisted|p2a: Zamazenta\n|-damage|p2a: Zamazenta|40\/100\n|-activate|p2a: Zamazenta|move: Infestation|[of] p1a: Toxapex\n|\n|-heal|p1a: Toxapex|91\/100|[from] item: Leftovers\n|-damage|p2a: Zamazenta|27\/100|[from] move: Infestation|[partiallytrapped]\n|upkeep\n|turn|5\n|\n|t:|1700294316\n|move|p2a: Zamazenta|Crunch|p1a: Toxapex\n|-damage|p1a: Toxapex|75\/100\n|-unboost|p1a: Toxapex|def|1\n|move|p1a: Toxapex|Infestation|p2a: Zamazenta\n|-resisted|p2a: Zamazenta\n|-damage|p2a: Zamazenta|26\/100\n|\n|-heal|p1a: Toxapex|81\/100|[from] item: Leftovers\n|-damage|p2a: Zamazenta|14\/100|[from] move: Infestation|[partiallytrapped]\n|upkeep\n|turn|6\n|\n|t:|1700294325\n|move|p2a: Zamazenta|Heavy Slam|p1a: Toxapex\n|-resisted|p1a: Toxapex\n|-damage|p1a: Toxapex|53\/100\n|move|p1a: Toxapex|Infestation|p2a: Zamazenta\n|-resisted|p2a: Zamazenta\n|-damage|p2a: Zamazenta|12\/100\n|\n|-heal|p1a: Toxapex|59\/100|[from] item: Leftovers\n|-damage|p2a: Zamazenta|0 fnt|[from] move: Infestation|[partiallytrapped]\n|faint|p2a: Zamazenta\n|upkeep\n|\n|t:|1700294338\n|switch|p2a: Iron Moth|Iron Moth|100\/100\n|-enditem|p2a: Iron Moth|Booster Energy\n|-activate|p2a: Iron Moth|ability: Quark Drive|[fromitem]\n|-start|p2a: Iron Moth|quarkdrivespe\n|turn|7\n|\n|t:|1700294351\n|move|p2a: Iron Moth|Substitute|p2a: Iron Moth\n|-start|p2a: Iron Moth|Substitute\n|-damage|p2a: Iron Moth|76\/100\n|move|p1a: Toxapex|Recover|p1a: Toxapex\n|-heal|p1a: Toxapex|100\/100\n|\n|upkeep\n|turn|8\n|\n|t:|1700294362\n|move|p2a: Iron Moth|Fiery Dance|p1a: Toxapex\n|-resisted|p1a: Toxapex\n|-damage|p1a: Toxapex|84\/100\n|-boost|p2a: Iron Moth|spa|1\n|move|p1a: Toxapex|Haze|p1a: Toxapex\n|-clearallboost\n|\n|-heal|p1a: Toxapex|90\/100|[from] item: Leftovers\n|upkeep\n|turn|9\n|\n|t:|1700294371\n|switch|p1a: Krookodile|Krookodile, F|100\/100\n|move|p2a: Iron Moth|Fiery Dance|p1a: Krookodile\n|-damage|p1a: Krookodile|50\/100\n|-boost|p2a: Iron Moth|spa|1\n|\n|upkeep\n|turn|10\n|\n|t:|1700294379\n|move|p2a: Iron Moth|Fiery Dance|p1a: Krookodile\n|-damage|p1a: Krookodile|0 fnt\n|-boost|p2a: Iron Moth|spa|1\n|faint|p1a: Krookodile\n|\n|upkeep\n|\n|t:|1700294396\n|switch|p1a: Kingambit|Kingambit, F|100\/100\n|-activate|p1a: Kingambit|ability: Supreme Overlord\n|-start|p1a: Kingambit|fallen2|[silent]\n|turn|11\n|\n|t:|1700294407\n|move|p2a: Iron Moth|Fiery Dance|p1a: Kingambit\n|-supereffective|p1a: Kingambit\n|-damage|p1a: Kingambit|0 fnt\n|faint|p1a: Kingambit\n|-end|p1a: Kingambit|fallen2|[silent]\n|\n|upkeep\n|\n|t:|1700294422\n|switch|p1a: Gyarados|Gyarados, F, shiny|100\/100\n|turn|12\n|\n|t:|1700294431\n|move|p2a: Iron Moth|Sludge Wave|p1a: Gyarados\n|-damage|p1a: Gyarados|13\/100\n|move|p1a: Gyarados|Waterfall|p2a: Iron Moth\n|-supereffective|p2a: Iron Moth\n|-end|p2a: Iron Moth|Substitute\n|\n|upkeep\n|turn|13\n|\n|t:|1700294455\n|move|p2a: Iron Moth|Fiery Dance|p1a: Gyarados\n|-resisted|p1a: Gyarados\n|-damage|p1a: Gyarados|0 fnt\n|faint|p1a: Gyarados\n|\n|upkeep\n|\n|t:|1700294460\n|switch|p1a: Arboliva|Arboliva, F, shiny|100\/100\n|turn|14\n|\n|t:|1700294464\n|-terastallize|p1a: Arboliva|Ghost\n|move|p2a: Iron Moth|Fiery Dance|p1a: Arboliva\n|-crit|p1a: Arboliva\n|-damage|p1a: Arboliva|22\/100\n|-enditem|p1a: Arboliva|Sitrus Berry|[eat]\n|-heal|p1a: Arboliva|47\/100|[from] item: Sitrus Berry\n|move|p1a: Arboliva|Leech Seed|p2a: Iron Moth|[miss]\n|-miss|p1a: Arboliva|p2a: Iron Moth\n|\n|-item|p1a: Arboliva|Sitrus Berry|[from] ability: Harvest\n|upkeep\n|-enditem|p1a: Arboliva|Sitrus Berry|[eat]\n|-heal|p1a: Arboliva|72\/100|[from] item: Sitrus Berry\n|turn|15\n|-message|PhotosFromJames forfeited.\n|\n|win|Kylooooren\n|raw|PhotosFromJames's rating: 1079 &rarr; <strong>1052<\/strong><br \/>(-27 for losing)\n|raw|Kylooooren's rating: 1000 &rarr; <strong>1049<\/strong><br \/>(+49 for winning)\n|l|\u2606PhotosFromJames\n","uploadtime":1700294481,"views":20,"p1id":"photosfromjames","p2id":"kylooooren","formatid":"gen9ou","rating":1049,"private":0,"password":""}