{"id":"gen9ou-1997539449","p1":"FortunesCrimson","p2":"StinkyBinky609","format":"[Gen 9] OU","log":"|j|\u2606FortunesCrimson\n|j|\u2606StinkyBinky609\n|t:|1700822388\n|gametype|singles\n|player|p1|FortunesCrimson|wallace|1156\n|player|p2|StinkyBinky609|drayden|1231\n|teamsize|p1|6\n|teamsize|p2|6\n|gen|9\n|tier|[Gen 9] OU\n|rated|\n|rule|Sleep Clause Mod: Limit one foe put to sleep\n|rule|Species Clause: Limit one of each Pok\u00e9mon\n|rule|OHKO Clause: OHKO moves are banned\n|rule|Evasion Items Clause: Evasion items are banned\n|rule|Evasion Moves Clause: Evasion moves are banned\n|rule|Endless Battle Clause: Forcing endless battles is banned\n|rule|HP Percentage Mod: HP is shown in percentages\n|clearpoke\n|poke|p1|Pelipper, M|\n|poke|p1|Poliwrath, M|\n|poke|p1|Barraskewda, M|\n|poke|p1|Zapdos|\n|poke|p1|Rotom-Wash|\n|poke|p1|Greninja-*, M|\n|poke|p2|Great Tusk|\n|poke|p2|Chandelure, M|\n|poke|p2|Kilowattrel, M|\n|poke|p2|Iron Valiant|\n|poke|p2|Piloswine, F|\n|poke|p2|Dragapult, F|\n|teampreview\n|inactive|Battle timer is ON: inactive players will automatically lose when time's up. (requested by FortunesCrimson)\n|\n|t:|1700822411\n|start\n|switch|p1a: Pelipper|Pelipper, M|100\/100\n|switch|p2a: Chandy|Chandelure, M|100\/100\n|-weather|RainDance|[from] ability: Drizzle|[of] p1a: Pelipper\n|turn|1\n|\n|t:|1700822415\n|move|p2a: Chandy|Shadow Ball|p1a: Pelipper\n|-crit|p1a: Pelipper\n|-damage|p1a: Pelipper|0 fnt\n|faint|p1a: Pelipper\n|\n|-weather|RainDance|[upkeep]\n|upkeep\n|\n|t:|1700822421\n|switch|p1a: Barraskewda|Barraskewda, M, shiny|100\/100\n|turn|2\n|c|\u2606StinkyBinky609|My chandeluee doesnt have a nature\n|c|\u2606StinkyBinky609|i just realised that\n|c|\u2606FortunesCrimson|why not\n|c|\u2606FortunesCrimson|oh\n|c|\u2606FortunesCrimson|ouch\n|\n|t:|1700822450\n|move|p1a: Barraskewda|Flip Turn|p2a: Chandy\n|-supereffective|p2a: Chandy\n|-damage|p2a: Chandy|0 fnt\n|faint|p2a: Chandy\n|-damage|p1a: Barraskewda|91\/100|[from] item: Life Orb\n|\n|t:|1700822466\n|switch|p1a: Zapdos|Zapdos, shiny|100\/100|[from] Flip Turn\n|\n|-weather|RainDance|[upkeep]\n|upkeep\n|c|\u2606StinkyBinky609|Flip turn\n|\n|t:|1700822472\n|switch|p2a: Small Tusk|Piloswine, F|100\/100\n|turn|3\n|\n|t:|1700822478\n|move|p1a: Zapdos|Heat Wave|p2a: Small Tusk\n|-supereffective|p2a: Small Tusk\n|-damage|p2a: Small Tusk|87\/100\n|move|p2a: Small Tusk|Icicle Crash|p1a: Zapdos\n|-supereffective|p1a: Zapdos\n|-crit|p1a: Zapdos\n|-damage|p1a: Zapdos|0 fnt\n|faint|p1a: Zapdos\n|\n|-weather|RainDance|[upkeep]\n|upkeep\n|c|\u2606StinkyBinky609|That move is pure bullshit\n|\n|t:|1700822484\n|switch|p1a: Poliwrath|Poliwrath, M|100\/100\n|turn|4\n|c|\u2606StinkyBinky609|Use weather ball\n|c|\u2606StinkyBinky609|on zappy\n|\n|t:|1700822494\n|move|p1a: Poliwrath|Belly Drum|p1a: Poliwrath\n|-damage|p1a: Poliwrath|50\/100\n|-setboost|p1a: Poliwrath|atk|6|[from] move: Belly Drum\n|-enditem|p1a: Poliwrath|Sitrus Berry|[eat]\n|-heal|p1a: Poliwrath|75\/100|[from] item: Sitrus Berry\n|move|p2a: Small Tusk|Scary Face|p1a: Poliwrath\n|-unboost|p1a: Poliwrath|spe|2\n|\n|-weather|RainDance|[upkeep]\n|upkeep\n|turn|5\n|\n|t:|1700822509\n|switch|p2a: Dre|Dragapult, F|100\/100\n|move|p1a: Poliwrath|Drain Punch|p2a: Dre\n|-immune|p2a: Dre\n|\n|-weather|RainDance|[upkeep]\n|upkeep\n|turn|6\n|\n|t:|1700822514\n|-terastallize|p2a: Dre|Dragon\n|move|p2a: Dre|Draco Meteor|p1a: Poliwrath\n|-damage|p1a: Poliwrath|0 fnt\n|-unboost|p2a: Dre|spa|2\n|faint|p1a: Poliwrath\n|\n|-weather|RainDance|[upkeep]\n|upkeep\n|\n|t:|1700822522\n|switch|p1a: Greninja|Greninja, M|100\/100\n|turn|7\n|c|\u2606StinkyBinky609|Scary face\n|\n|t:|1700822530\n|switch|p2a: Small Tusk|Piloswine, F|87\/100\n|move|p1a: Greninja|Ice Beam|p2a: Small Tusk\n|-damage|p2a: Small Tusk|71\/100\n|-damage|p1a: Greninja|91\/100|[from] item: Life Orb\n|\n|-weather|RainDance|[upkeep]\n|upkeep\n|turn|8\n|\n|t:|1700822536\n|switch|p2a: Dre|Dragapult, F, tera:Dragon|100\/100\n|move|p1a: Greninja|Water Shuriken|p2a: Dre\n|-resisted|p2a: Dre\n|-damage|p2a: Dre|92\/100\n|-resisted|p2a: Dre\n|-damage|p2a: Dre|83\/100\n|-hitcount|p2a: Dre|2\n|-damage|p1a: Greninja|81\/100|[from] item: Life Orb\n|\n|-weather|none\n|upkeep\n|turn|9\n|\n|t:|1700822540\n|move|p2a: Dre|Draco Meteor|p1a: Greninja\n|-damage|p1a: Greninja|0 fnt\n|-unboost|p2a: Dre|spa|2\n|faint|p1a: Greninja\n|\n|upkeep\n|\n|t:|1700822543\n|switch|p1a: Rotom|Rotom-Wash, shiny|100\/100\n|turn|10\n|-message|FortunesCrimson forfeited.\n|\n|win|StinkyBinky609\n|raw|FortunesCrimson's rating: 1180 &rarr; <strong>1159<\/strong><br \/>(-21 for losing)\n|raw|StinkyBinky609's rating: 1231 &rarr; <strong>1252<\/strong><br \/>(+21 for winning)\n|l|\u2606FortunesCrimson\n","uploadtime":1700822549,"views":4,"p1id":"fortunescrimson","p2id":"stinkybinky609","formatid":"gen9ou","rating":1159,"private":0,"password":""}