{"id":"gen9ou-1989385251","p1":"AkiDes","p2":"Tempest7985","format":"[Gen 9] OU","log":"|j|\u2606AkiDes\n|j|\u2606Tempest7985\n|t:|1699843566\n|gametype|singles\n|player|p1|AkiDes|volkner|1140\n|player|p2|Tempest7985|266|1116\n|teamsize|p1|6\n|teamsize|p2|6\n|gen|9\n|tier|[Gen 9] OU\n|rated|\n|rule|Sleep Clause Mod: Limit one foe put to sleep\n|rule|Species Clause: Limit one of each Pok\u00e9mon\n|rule|OHKO Clause: OHKO moves are banned\n|rule|Evasion Items Clause: Evasion items are banned\n|rule|Evasion Moves Clause: Evasion moves are banned\n|rule|Endless Battle Clause: Forcing endless battles is banned\n|rule|HP Percentage Mod: HP is shown in percentages\n|clearpoke\n|poke|p1|Greninja-*, M|\n|poke|p1|Dragonite, M|\n|poke|p1|Cinderace, F|\n|poke|p1|Mandibuzz, F|\n|poke|p1|Jolteon, F|\n|poke|p1|Gengar, F|\n|poke|p2|Kingambit, F|\n|poke|p2|Glimmora, F|\n|poke|p2|Zamazenta-*|\n|poke|p2|Iron Valiant|\n|poke|p2|Iron Moth|\n|poke|p2|Ogerpon-Wellspring, F|\n|teampreview\n|\n|t:|1699843578\n|start\n|switch|p1a: Greninja|Greninja, M, shiny|100\/100\n|switch|p2a: Glimmora|Glimmora, F|100\/100\n|turn|1\n|\n|t:|1699843588\n|move|p1a: Greninja|Hydro Pump|p2a: Glimmora\n|-start|p1a: Greninja|typechange|Water|[from] ability: Protean\n|-supereffective|p2a: Glimmora\n|-enditem|p2a: Glimmora|Focus Sash\n|-damage|p2a: Glimmora|1\/100\n|move|p2a: Glimmora|Stealth Rock|p1a: Greninja\n|-sidestart|p1: AkiDes|move: Stealth Rock\n|\n|upkeep\n|turn|2\n|\n|t:|1699843600\n|switch|p1a: Mandibuzz|Mandibuzz, F|100\/100\n|switch|p2a: Ogerpon|Ogerpon-Wellspring, F|100\/100\n|\n|upkeep\n|turn|3\n|\n|t:|1699843608\n|move|p2a: Ogerpon|Ivy Cudgel|p1a: Mandibuzz\n|-crit|p1a: Mandibuzz\n|-damage|p1a: Mandibuzz|54\/100\n|move|p1a: Mandibuzz|Defog|p2a: Ogerpon\n|-unboost|p2a: Ogerpon|evasion|1\n|-sideend|p1: AkiDes|Stealth Rock|[from] move: Defog|[of] p1a: Mandibuzz\n|\n|upkeep\n|turn|4\n|\n|t:|1699843622\n|switch|p2a: Kingambit|Kingambit, F|100\/100\n|move|p1a: Mandibuzz|Roost|p1a: Mandibuzz\n|-heal|p1a: Mandibuzz|100\/100\n|-singleturn|p1a: Mandibuzz|move: Roost\n|\n|upkeep\n|turn|5\n|\n|t:|1699843637\n|switch|p1a: Cinderace|Cinderace, F|100\/100\n|move|p2a: Kingambit|Swords Dance|p2a: Kingambit\n|-boost|p2a: Kingambit|atk|2\n|\n|upkeep\n|turn|6\n|\n|t:|1699843644\n|-terastallize|p2a: Kingambit|Flying\n|move|p1a: Cinderace|Pyro Ball|p2a: Kingambit\n|-damage|p2a: Kingambit|51\/100\n|move|p2a: Kingambit|Kowtow Cleave|p1a: Cinderace\n|-damage|p1a: Cinderace|0 fnt\n|faint|p1a: Cinderace\n|\n|upkeep\n|\n|t:|1699843657\n|switch|p1a: Mandibuzz|Mandibuzz, F|100\/100\n|turn|7\n|\n|t:|1699843671\n|move|p2a: Kingambit|Iron Head|p1a: Mandibuzz\n|-damage|p1a: Mandibuzz|49\/100\n|move|p1a: Mandibuzz|Foul Play|p2a: Kingambit\n|-damage|p2a: Kingambit|0 fnt\n|faint|p2a: Kingambit\n|-end|p2a: Kingambit|fallenundefined|[silent]\n|\n|upkeep\n|\n|t:|1699843677\n|switch|p2a: Zamazenta|Zamazenta, shiny|100\/100\n|-ability|p2a: Zamazenta|Dauntless Shield|boost\n|-boost|p2a: Zamazenta|def|1\n|turn|8\n|\n|t:|1699843683\n|move|p2a: Zamazenta|Body Press|p1a: Mandibuzz\n|-damage|p1a: Mandibuzz|22\/100\n|move|p1a: Mandibuzz|Roost|p1a: Mandibuzz\n|-heal|p1a: Mandibuzz|72\/100\n|-singleturn|p1a: Mandibuzz|move: Roost\n|\n|upkeep\n|turn|9\n|\n|t:|1699843688\n|move|p2a: Zamazenta|Stone Edge|p1a: Mandibuzz|[miss]\n|-miss|p2a: Zamazenta|p1a: Mandibuzz\n|move|p1a: Mandibuzz|Toxic|p2a: Zamazenta\n|-status|p2a: Zamazenta|tox\n|\n|-damage|p2a: Zamazenta|94\/100 tox|[from] psn\n|upkeep\n|turn|10\n|\n|t:|1699843694\n|move|p2a: Zamazenta|Stone Edge|p1a: Mandibuzz\n|-supereffective|p1a: Mandibuzz\n|-damage|p1a: Mandibuzz|36\/100\n|move|p1a: Mandibuzz|Roost|p1a: Mandibuzz\n|-heal|p1a: Mandibuzz|87\/100\n|-singleturn|p1a: Mandibuzz|move: Roost\n|\n|-heal|p2a: Zamazenta|100\/100 tox|[from] item: Leftovers\n|-damage|p2a: Zamazenta|88\/100 tox|[from] psn\n|upkeep\n|turn|11\n|\n|t:|1699843708\n|switch|p2a: Iron Valiant|Iron Valiant|100\/100\n|-enditem|p2a: Iron Valiant|Booster Energy\n|-activate|p2a: Iron Valiant|ability: Quark Drive|[fromitem]\n|-start|p2a: Iron Valiant|quarkdrivespe\n|move|p1a: Mandibuzz|Toxic|p2a: Iron Valiant\n|-status|p2a: Iron Valiant|tox\n|\n|-damage|p2a: Iron Valiant|94\/100 tox|[from] psn\n|upkeep\n|turn|12\n|\n|t:|1699843718\n|move|p2a: Iron Valiant|Moonblast|p1a: Mandibuzz\n|-supereffective|p1a: Mandibuzz\n|-damage|p1a: Mandibuzz|4\/100\n|-unboost|p1a: Mandibuzz|spa|1\n|move|p1a: Mandibuzz|Foul Play|p2a: Iron Valiant\n|-resisted|p2a: Iron Valiant\n|-damage|p2a: Iron Valiant|84\/100 tox\n|\n|-damage|p2a: Iron Valiant|71\/100 tox|[from] psn\n|upkeep\n|turn|13\n|\n|t:|1699843724\n|move|p2a: Iron Valiant|Moonblast|p1a: Mandibuzz\n|-supereffective|p1a: Mandibuzz\n|-damage|p1a: Mandibuzz|0 fnt\n|faint|p1a: Mandibuzz\n|\n|-damage|p2a: Iron Valiant|53\/100 tox|[from] psn\n|upkeep\n|\n|t:|1699843726\n|switch|p1a: Gengar|Gengar, F|100\/100\n|turn|14\n|\n|t:|1699843737\n|move|p2a: Iron Valiant|Psyshock|p1a: Gengar\n|-supereffective|p1a: Gengar\n|-damage|p1a: Gengar|0 fnt\n|-start|p2a: Iron Valiant|Disable|Psyshock|[from] ability: Cursed Body|[of] p1a: Gengar\n|faint|p1a: Gengar\n|\n|-damage|p2a: Iron Valiant|28\/100 tox|[from] psn\n|upkeep\n|\n|t:|1699843740\n|switch|p1a: Greninja|Greninja, M, shiny|100\/100\n|turn|15\n|\n|t:|1699843744\n|move|p1a: Greninja|Dark Pulse|p2a: Iron Valiant\n|-start|p1a: Greninja|typechange|Dark|[from] ability: Protean\n|-resisted|p2a: Iron Valiant\n|-damage|p2a: Iron Valiant|11\/100 tox\n|move|p2a: Iron Valiant|Moonblast|p1a: Greninja\n|-supereffective|p1a: Greninja\n|-damage|p1a: Greninja|0 fnt\n|faint|p1a: Greninja\n|\n|-damage|p2a: Iron Valiant|0 fnt|[from] psn\n|faint|p2a: Iron Valiant\n|-end|p2a: Iron Valiant|Quark Drive|[silent]\n|upkeep\n|\n|t:|1699843757\n|switch|p1a: Jolteon|Jolteon, F|100\/100\n|switch|p2a: Glimmora|Glimmora, F|1\/100\n|turn|16\n|\n|t:|1699843765\n|move|p1a: Jolteon|Volt Switch|p2a: Glimmora\n|-damage|p2a: Glimmora|0 fnt\n|faint|p2a: Glimmora\n|\n|t:|1699843770\n|switch|p1a: Dragonite|Dragonite, M|100\/100|[from] Volt Switch\n|\n|upkeep\n|\n|t:|1699843786\n|switch|p2a: Iron Moth|Iron Moth|100\/100\n|-enditem|p2a: Iron Moth|Booster Energy\n|-activate|p2a: Iron Moth|ability: Quark Drive|[fromitem]\n|-start|p2a: Iron Moth|quarkdrivespe\n|turn|17\n|\n|t:|1699843794\n|move|p2a: Iron Moth|Dazzling Gleam|p1a: Dragonite\n|-supereffective|p1a: Dragonite\n|-damage|p1a: Dragonite|74\/100\n|move|p1a: Dragonite|Earthquake|p2a: Iron Moth\n|-supereffective|p2a: Iron Moth\n|-damage|p2a: Iron Moth|0 fnt\n|faint|p2a: Iron Moth\n|-end|p2a: Iron Moth|Quark Drive|[silent]\n|\n|upkeep\n|\n|t:|1699843801\n|switch|p2a: Ogerpon|Ogerpon-Wellspring, F|100\/100\n|turn|18\n|\n|t:|1699843816\n|move|p2a: Ogerpon|Ivy Cudgel|p1a: Dragonite\n|-resisted|p1a: Dragonite\n|-damage|p1a: Dragonite|38\/100\n|move|p1a: Dragonite|Dragon Dance|p1a: Dragonite\n|-boost|p1a: Dragonite|atk|1\n|-boost|p1a: Dragonite|spe|1\n|\n|upkeep\n|turn|19\n|\n|t:|1699843820\n|move|p1a: Dragonite|Extreme Speed|p2a: Ogerpon\n|-damage|p2a: Ogerpon|41\/100\n|move|p2a: Ogerpon|Ivy Cudgel|p1a: Dragonite\n|-resisted|p1a: Dragonite\n|-damage|p1a: Dragonite|3\/100\n|\n|upkeep\n|turn|20\n|\n|t:|1699843828\n|move|p1a: Dragonite|Extreme Speed|p2a: Ogerpon\n|-damage|p2a: Ogerpon|0 fnt\n|faint|p2a: Ogerpon\n|\n|upkeep\n|\n|t:|1699843831\n|switch|p2a: Zamazenta|Zamazenta, shiny|88\/100 tox\n|turn|21\n|\n|t:|1699843837\n|move|p1a: Dragonite|Extreme Speed|p2a: Zamazenta\n|-damage|p2a: Zamazenta|52\/100 tox\n|move|p2a: Zamazenta|Crunch|p1a: Dragonite\n|-damage|p1a: Dragonite|0 fnt\n|faint|p1a: Dragonite\n|\n|-heal|p2a: Zamazenta|58\/100 tox|[from] item: Leftovers\n|-damage|p2a: Zamazenta|52\/100 tox|[from] psn\n|upkeep\n|\n|t:|1699843840\n|switch|p1a: Jolteon|Jolteon, F|100\/100\n|turn|22\n|\n|t:|1699843846\n|move|p1a: Jolteon|Thunderbolt|p2a: Zamazenta\n|-damage|p2a: Zamazenta|0 fnt\n|faint|p2a: Zamazenta\n|\n|win|AkiDes\n|raw|AkiDes's rating: 1140 &rarr; <strong>1163<\/strong><br \/>(+23 for winning)\n|raw|Tempest7985's rating: 1116 &rarr; <strong>1093<\/strong><br \/>(-23 for losing)\n","uploadtime":1699843849,"views":22,"p1id":"akides","p2id":"tempest7985","formatid":"gen9ou","rating":1093,"private":0,"password":""}