{"id":"gen9ou-2000020267","p1":"VDivaster","p2":"TeamGhost","format":"[Gen 9] OU","log":"|j|\u2606VDivaster\n|j|\u2606TeamGhost\n|t:|1701142057\n|gametype|singles\n|player|p1|VDivaster|byron|1020\n|player|p2|TeamGhost|266|1000\n|teamsize|p1|6\n|teamsize|p2|6\n|gen|9\n|tier|[Gen 9] OU\n|rated|\n|rule|Sleep Clause Mod: Limit one foe put to sleep\n|rule|Species Clause: Limit one of each Pok\u00e9mon\n|rule|OHKO Clause: OHKO moves are banned\n|rule|Evasion Items Clause: Evasion items are banned\n|rule|Evasion Moves Clause: Evasion moves are banned\n|rule|Endless Battle Clause: Forcing endless battles is banned\n|rule|HP Percentage Mod: HP is shown in percentages\n|clearpoke\n|poke|p1|Tornadus, M|\n|poke|p1|Kingambit, M|\n|poke|p1|Rotom-Wash|\n|poke|p1|Hatterene, F|\n|poke|p1|Amoonguss, F|\n|poke|p1|Arcanine-Hisui, M|\n|poke|p2|Gengar, F|\n|poke|p2|Chandelure, F|\n|poke|p2|Dusclops, M|\n|poke|p2|Dragapult, M|\n|poke|p2|Ceruledge, M|\n|poke|p2|Skeledirge, M|\n|teampreview\n|\n|t:|1701142080\n|start\n|switch|p1a: Tornadus|Tornadus, M|100\/100\n|switch|p2a: Ceruledge|Ceruledge, M|100\/100\n|turn|1\n|\n|t:|1701142095\n|move|p1a: Tornadus|Tailwind|p1a: Tornadus\n|-sidestart|p1: VDivaster|move: Tailwind\n|move|p2a: Ceruledge|Bitter Blade|p1a: Tornadus\n|-damage|p1a: Tornadus|9\/100\n|-damage|p2a: Ceruledge|91\/100|[from] item: Life Orb\n|\n|upkeep\n|turn|2\n|\n|t:|1701142108\n|move|p1a: Tornadus|Air Slash|p2a: Ceruledge\n|-damage|p2a: Ceruledge|47\/100\n|cant|p2a: Ceruledge|flinch\n|\n|upkeep\n|turn|3\n|\n|t:|1701142116\n|move|p1a: Tornadus|Air Slash|p2a: Ceruledge\n|-crit|p2a: Ceruledge\n|-damage|p2a: Ceruledge|0 fnt\n|faint|p2a: Ceruledge\n|\n|upkeep\n|\n|t:|1701142131\n|switch|p2a: Dragapult|Dragapult, M|100\/100\n|turn|4\n|\n|t:|1701142135\n|move|p2a: Dragapult|Sucker Punch|p1a: Tornadus\n|-damage|p1a: Tornadus|0 fnt\n|faint|p1a: Tornadus\n|\n|-sideend|p1: VDivaster|move: Tailwind\n|upkeep\n|\n|t:|1701142141\n|switch|p1a: Hatterene|Hatterene, F|100\/100\n|turn|5\n|\n|t:|1701142148\n|switch|p2a: Dusclops|Dusclops, M|100\/100\n|-ability|p2a: Dusclops|Pressure\n|-terastallize|p1a: Hatterene|Fire\n|move|p1a: Hatterene|Calm Mind|p1a: Hatterene\n|-boost|p1a: Hatterene|spa|1\n|-boost|p1a: Hatterene|spd|1\n|\n|upkeep\n|turn|6\n|\n|t:|1701142170\n|move|p2a: Dusclops|Haze|p2a: Dusclops\n|-clearallboost\n|move|p1a: Hatterene|Calm Mind|p1a: Hatterene\n|-boost|p1a: Hatterene|spa|1\n|-boost|p1a: Hatterene|spd|1\n|\n|upkeep\n|turn|7\n|\n|t:|1701142180\n|move|p2a: Dusclops|Haze|p2a: Dusclops\n|-clearallboost\n|move|p1a: Hatterene|Mystical Fire|p2a: Dusclops\n|-damage|p2a: Dusclops|76\/100\n|-unboost|p2a: Dusclops|spa|1\n|\n|upkeep\n|turn|8\n|\n|t:|1701142220\n|move|p2a: Dusclops|Pain Split|p1a: Hatterene\n|-sethp|p1a: Hatterene|87\/100|[from] move: Pain Split|[silent]\n|-sethp|p2a: Dusclops|90\/100|[from] move: Pain Split\n|move|p1a: Hatterene|Mystical Fire|p2a: Dusclops\n|-damage|p2a: Dusclops|66\/100\n|-unboost|p2a: Dusclops|spa|1\n|\n|upkeep\n|turn|9\n|\n|t:|1701142242\n|move|p2a: Dusclops|Night Shade|p1a: Hatterene\n|-damage|p1a: Hatterene|53\/100\n|move|p1a: Hatterene|Nuzzle|p2a: Dusclops\n|-damage|p2a: Dusclops|64\/100\n|-status|p2a: Dusclops|par\n|\n|upkeep\n|turn|10\n|\n|t:|1701142257\n|move|p1a: Hatterene|Draining Kiss|p2a: Dusclops\n|-damage|p2a: Dusclops|45\/100 par\n|-heal|p1a: Hatterene|67\/100|[from] drain|[of] p2a: Dusclops\n|move|p2a: Dusclops|Pain Split|p1a: Hatterene\n|-sethp|p1a: Hatterene|55\/100|[from] move: Pain Split|[silent]\n|-sethp|p2a: Dusclops|57\/100 par|[from] move: Pain Split\n|\n|upkeep\n|turn|11\n|\n|t:|1701142267\n|move|p1a: Hatterene|Draining Kiss|p2a: Dusclops\n|-damage|p2a: Dusclops|40\/100 par\n|-heal|p1a: Hatterene|67\/100|[from] drain|[of] p2a: Dusclops\n|move|p2a: Dusclops|Night Shade|p1a: Hatterene\n|-damage|p1a: Hatterene|33\/100\n|\n|upkeep\n|turn|12\n|\n|t:|1701142282\n|switch|p1a: Rotom|Rotom-Wash|100\/100\n|move|p2a: Dusclops|Night Shade|p1a: Rotom\n|-damage|p1a: Rotom|68\/100\n|\n|-heal|p1a: Rotom|74\/100|[from] item: Leftovers\n|upkeep\n|turn|13\n|\n|t:|1701142291\n|move|p1a: Rotom|Light Screen|p1a: Rotom\n|-sidestart|p1: VDivaster|move: Light Screen\n|cant|p2a: Dusclops|par\n|\n|-heal|p1a: Rotom|80\/100|[from] item: Leftovers\n|upkeep\n|turn|14\n|\n|t:|1701142302\n|move|p1a: Rotom|Hydro Pump|p2a: Dusclops\n|-damage|p2a: Dusclops|18\/100 par\n|move|p2a: Dusclops|Pain Split|p1a: Rotom\n|-sethp|p1a: Rotom|49\/100|[from] move: Pain Split|[silent]\n|-sethp|p2a: Dusclops|52\/100 par|[from] move: Pain Split\n|\n|-heal|p1a: Rotom|55\/100|[from] item: Leftovers\n|upkeep\n|turn|15\n|\n|t:|1701142312\n|move|p1a: Rotom|Volt Switch|p2a: Dusclops\n|-damage|p2a: Dusclops|37\/100 par\n|\n|t:|1701142317\n|switch|p1a: Arcanine|Arcanine-Hisui, M|100\/100|[from] Volt Switch\n|move|p2a: Dusclops|Will-O-Wisp|p1a: Arcanine\n|-immune|p1a: Arcanine\n|\n|upkeep\n|turn|16\n|\n|t:|1701142330\n|switch|p2a: Skeledirge|Skeledirge, M|100\/100\n|move|p1a: Arcanine|Head Smash|p2a: Skeledirge|[miss]\n|-miss|p1a: Arcanine|p2a: Skeledirge\n|\n|upkeep\n|turn|17\n|\n|t:|1701142339\n|move|p1a: Arcanine|Head Smash|p2a: Skeledirge\n|-supereffective|p2a: Skeledirge\n|-crit|p2a: Skeledirge\n|-damage|p2a: Skeledirge|0 fnt\n|faint|p2a: Skeledirge\n|\n|-sideend|p1: VDivaster|move: Light Screen\n|upkeep\n|\n|t:|1701142354\n|switch|p2a: Chandelure|Chandelure, F|100\/100\n|turn|18\n|\n|t:|1701142367\n|-terastallize|p2a: Chandelure|Ghost\n|move|p2a: Chandelure|Shadow Ball|p1a: Arcanine\n|-damage|p1a: Arcanine|30\/100\n|move|p1a: Arcanine|Head Smash|p2a: Chandelure\n|-damage|p2a: Chandelure|0 fnt\n|faint|p2a: Chandelure\n|\n|upkeep\n|\n|t:|1701142378\n|switch|p2a: Gengar|Gengar, F|100\/100\n|turn|19\n|\n|t:|1701142382\n|move|p2a: Gengar|Shadow Ball|p1a: Arcanine\n|-damage|p1a: Arcanine|0 fnt\n|faint|p1a: Arcanine\n|\n|upkeep\n|\n|t:|1701142390\n|switch|p1a: Amoonguss|Amoonguss, F|100\/100\n|turn|20\n|\n|t:|1701142395\n|move|p2a: Gengar|Psychic|p1a: Amoonguss\n|-supereffective|p1a: Amoonguss\n|-damage|p1a: Amoonguss|53\/100\n|move|p1a: Amoonguss|Spore|p2a: Gengar\n|-status|p2a: Gengar|slp|[from] move: Spore\n|\n|-heal|p1a: Amoonguss|59\/100|[from] item: Black Sludge\n|upkeep\n|turn|21\n|\n|t:|1701142405\n|switch|p1a: Hatterene|Hatterene, F, tera:Fire|33\/100\n|cant|p2a: Gengar|slp\n|\n|upkeep\n|turn|22\n|\n|t:|1701142412\n|switch|p2a: Dusclops|Dusclops, M|37\/100 par\n|-ability|p2a: Dusclops|Pressure\n|move|p1a: Hatterene|Draining Kiss|p2a: Dusclops\n|-crit|p2a: Dusclops\n|-damage|p2a: Dusclops|10\/100 par\n|-heal|p1a: Hatterene|52\/100|[from] drain|[of] p2a: Dusclops\n|\n|upkeep\n|turn|23\n|\n|t:|1701142420\n|move|p1a: Hatterene|Draining Kiss|p2a: Dusclops\n|-damage|p2a: Dusclops|0 fnt\n|-heal|p1a: Hatterene|59\/100|[from] drain|[of] p2a: Dusclops\n|faint|p2a: Dusclops\n|\n|upkeep\n|-message|TeamGhost forfeited.\n|\n|win|VDivaster\n|raw|VDivaster's rating: 1020 &rarr; <strong>1055<\/strong><br \/>(+35 for winning)\n|raw|TeamGhost's rating: 1000 &rarr; <strong>1000<\/strong><br \/>(+0 for losing)\n|l|\u2606TeamGhost\n","uploadtime":1701142431,"views":8,"p1id":"vdivaster","p2id":"teamghost","formatid":"gen9ou","rating":1000,"private":0,"password":""}