{"id":"gen9ou-1988780044","p1":"Official Poyo","p2":"XOGreenTea","format":"[Gen 9] OU","log":"|j|\u2606Official Poyo\n|j|\u2606XOGreenTea\n|t:|1699762152\n|gametype|singles\n|player|p1|Official Poyo|richboy-gen4|1535\n|player|p2|XOGreenTea|cynthia-gen4|1532\n|teamsize|p1|6\n|teamsize|p2|6\n|gen|9\n|tier|[Gen 9] OU\n|rated|\n|rule|Sleep Clause Mod: Limit one foe put to sleep\n|rule|Species Clause: Limit one of each Pok\u00e9mon\n|rule|OHKO Clause: OHKO moves are banned\n|rule|Evasion Items Clause: Evasion items are banned\n|rule|Evasion Moves Clause: Evasion moves are banned\n|rule|Endless Battle Clause: Forcing endless battles is banned\n|rule|HP Percentage Mod: HP is shown in percentages\n|clearpoke\n|poke|p1|Moltres|\n|poke|p1|Gliscor, M|\n|poke|p1|Gholdengo|\n|poke|p1|Tatsugiri, F|\n|poke|p1|Iron Valiant|\n|poke|p1|Clefable, F|\n|poke|p2|Alomomola, M|\n|poke|p2|Cinderace, M|\n|poke|p2|Scizor, F|\n|poke|p2|Hoopa-Unbound|\n|poke|p2|Zapdos|\n|poke|p2|Dragonite, M|\n|teampreview\n|inactive|Battle timer is ON: inactive players will automatically lose when time's up. (requested by XOGreenTea)\n|\n|t:|1699762165\n|start\n|switch|p1a: Gliscor|Gliscor, M|100\/100\n|switch|p2a: Scizor|Scizor, F|100\/100\n|turn|1\n|\n|t:|1699762168\n|move|p1a: Gliscor|Protect|p1a: Gliscor\n|-singleturn|p1a: Gliscor|Protect\n|move|p2a: Scizor|Swords Dance|p2a: Scizor\n|-boost|p2a: Scizor|atk|2\n|\n|-status|p1a: Gliscor|tox|[from] item: Toxic Orb\n|upkeep\n|turn|2\n|\n|t:|1699762172\n|move|p1a: Gliscor|U-turn|p2a: Scizor\n|-resisted|p2a: Scizor\n|-damage|p2a: Scizor|94\/100\n|\n|t:|1699762174\n|switch|p1a: Moltres|Moltres|100\/100|[from] U-turn\n|move|p2a: Scizor|Knock Off|p1a: Moltres\n|-damage|p1a: Moltres|29\/100\n|-status|p2a: Scizor|brn|[from] ability: Flame Body|[of] p1a: Moltres\n|-enditem|p1a: Moltres|Heavy-Duty Boots|[from] move: Knock Off|[of] p2a: Scizor\n|\n|-damage|p2a: Scizor|87\/100 brn|[from] brn\n|upkeep\n|turn|3\n|\n|t:|1699762186\n|switch|p2a: Alomomola|Alomomola, M|100\/100\n|move|p1a: Moltres|Roost|p1a: Moltres\n|-heal|p1a: Moltres|79\/100\n|-singleturn|p1a: Moltres|move: Roost\n|\n|upkeep\n|turn|4\n|\n|t:|1699762190\n|move|p1a: Moltres|U-turn|p2a: Alomomola\n|-damage|p2a: Alomomola|83\/100\n|-damage|p1a: Moltres|63\/100|[from] item: Rocky Helmet|[of] p2a: Alomomola\n|\n|t:|1699762193\n|switch|p1a: Tatsugiri|Tatsugiri, F|100\/100|[from] U-turn\n|move|p2a: Alomomola|Flip Turn|p1a: Tatsugiri\n|-ability|p1a: Tatsugiri|Storm Drain|boost\n|-boost|p1a: Tatsugiri|spa|1\n|\n|upkeep\n|turn|5\n|\n|t:|1699762200\n|switch|p2a: Hoopa|Hoopa-Unbound|100\/100\n|move|p1a: Tatsugiri|Rapid Spin|p2a: Hoopa\n|-damage|p2a: Hoopa|91\/100\n|-boost|p1a: Tatsugiri|spe|1\n|\n|upkeep\n|turn|6\n|\n|t:|1699762208\n|move|p1a: Tatsugiri|Draco Meteor|p2a: Hoopa\n|-damage|p2a: Hoopa|26\/100\n|-unboost|p1a: Tatsugiri|spa|2\n|move|p2a: Hoopa|Psychic|p1a: Tatsugiri\n|-damage|p1a: Tatsugiri|0 fnt\n|faint|p1a: Tatsugiri\n|\n|upkeep\n|\n|t:|1699762220\n|switch|p1a: Gholdengo|Gholdengo|100\/100\n|-item|p1a: Gholdengo|Air Balloon\n|turn|7\n|\n|t:|1699762226\n|switch|p2a: Alomomola|Alomomola, M|100\/100\n|move|p1a: Gholdengo|Shadow Ball|p2a: Alomomola\n|-damage|p2a: Alomomola|68\/100\n|-unboost|p2a: Alomomola|spd|1\n|\n|upkeep\n|turn|8\n|\n|t:|1699762232\n|move|p1a: Gholdengo|Nasty Plot|p1a: Gholdengo\n|-boost|p1a: Gholdengo|spa|2\n|move|p2a: Alomomola|Flip Turn|p1a: Gholdengo\n|-damage|p1a: Gholdengo|83\/100\n|-enditem|p1a: Gholdengo|Air Balloon\n|\n|t:|1699762235\n|switch|p2a: Cinderace|Cinderace, M|100\/100|[from] Flip Turn\n|\n|upkeep\n|turn|9\n|\n|t:|1699762238\n|switch|p1a: Gliscor|Gliscor, M|100\/100 tox\n|move|p2a: Cinderace|Pyro Ball|p1a: Gliscor\n|-damage|p1a: Gliscor|71\/100 tox\n|\n|-heal|p1a: Gliscor|84\/100 tox|[from] ability: Poison Heal\n|upkeep\n|turn|10\n|\n|t:|1699762241\n|move|p2a: Cinderace|U-turn|p1a: Gliscor\n|-start|p2a: Cinderace|typechange|Bug|[from] ability: Libero\n|-resisted|p1a: Gliscor\n|-damage|p1a: Gliscor|75\/100 tox\n|\n|t:|1699762246\n|switch|p2a: Alomomola|Alomomola, M|100\/100|[from] U-turn\n|move|p1a: Gliscor|U-turn|p2a: Alomomola\n|-damage|p2a: Alomomola|88\/100\n|-damage|p1a: Gliscor|58\/100 tox|[from] item: Rocky Helmet|[of] p2a: Alomomola\n|\n|t:|1699762249\n|switch|p1a: Gholdengo|Gholdengo|83\/100|[from] U-turn\n|\n|upkeep\n|turn|11\n|\n|t:|1699762252\n|move|p1a: Gholdengo|Shadow Ball|p2a: Alomomola\n|-crit|p2a: Alomomola\n|-damage|p2a: Alomomola|39\/100\n|move|p2a: Alomomola|Wish|p2a: Alomomola\n|\n|upkeep\n|turn|12\n|\n|t:|1699762257\n|move|p1a: Gholdengo|Nasty Plot|p1a: Gholdengo\n|-boost|p1a: Gholdengo|spa|2\n|move|p2a: Alomomola|Flip Turn|p1a: Gholdengo\n|-damage|p1a: Gholdengo|66\/100\n|\n|t:|1699762260\n|switch|p2a: Hoopa|Hoopa-Unbound|26\/100|[from] Flip Turn\n|\n|-heal|p2a: Hoopa|100\/100|[from] move: Wish|[wisher] Alomomola\n|upkeep\n|turn|13\n|\n|t:|1699762265\n|-terastallize|p1a: Gholdengo|Fighting\n|-terastallize|p2a: Hoopa|Electric\n|move|p1a: Gholdengo|Focus Blast|p2a: Hoopa\n|-damage|p2a: Hoopa|0 fnt\n|faint|p2a: Hoopa\n|\n|upkeep\n|\n|t:|1699762273\n|switch|p2a: Zapdos|Zapdos|100\/100\n|turn|14\n|\n|t:|1699762276\n|switch|p1a: Clefable|Clefable, F|100\/100\n|move|p2a: Zapdos|Hurricane|p1a: Clefable\n|-damage|p1a: Clefable|63\/100\n|-start|p1a: Clefable|confusion\n|\n|-heal|p1a: Clefable|69\/100|[from] item: Leftovers\n|upkeep\n|turn|15\n|\n|t:|1699762281\n|move|p2a: Zapdos|U-turn|p1a: Clefable\n|-resisted|p1a: Clefable\n|-damage|p1a: Clefable|61\/100\n|\n|t:|1699762284\n|switch|p2a: Scizor|Scizor, F|87\/100 brn|[from] U-turn\n|-activate|p1a: Clefable|confusion\n|move|p1a: Clefable|Wish|p1a: Clefable\n|\n|-heal|p1a: Clefable|67\/100|[from] item: Leftovers\n|-damage|p2a: Scizor|81\/100 brn|[from] brn\n|upkeep\n|turn|16\n|\n|t:|1699762292\n|switch|p1a: Moltres|Moltres|63\/100\n|move|p2a: Scizor|U-turn|p1a: Moltres\n|-resisted|p1a: Moltres\n|-damage|p1a: Moltres|58\/100\n|\n|t:|1699762300\n|switch|p2a: Zapdos|Zapdos|100\/100|[from] U-turn\n|\n|-heal|p1a: Moltres|100\/100|[from] move: Wish|[wisher] Clefable\n|upkeep\n|turn|17\n|\n|t:|1699762305\n|switch|p1a: Gliscor|Gliscor, M|58\/100 tox\n|move|p2a: Zapdos|Hurricane|p1a: Gliscor\n|-damage|p1a: Gliscor|0 fnt\n|faint|p1a: Gliscor\n|\n|upkeep\n|\n|t:|1699762309\n|switch|p1a: Clefable|Clefable, F|67\/100\n|turn|18\n|\n|t:|1699762311\n|move|p2a: Zapdos|U-turn|p1a: Clefable\n|-resisted|p1a: Clefable\n|-damage|p1a: Clefable|60\/100\n|\n|t:|1699762314\n|switch|p2a: Scizor|Scizor, F|81\/100 brn|[from] U-turn\n|move|p1a: Clefable|Wish|p1a: Clefable\n|\n|-heal|p1a: Clefable|66\/100|[from] item: Leftovers\n|-damage|p2a: Scizor|75\/100 brn|[from] brn\n|upkeep\n|turn|19\n|\n|t:|1699762316\n|move|p2a: Scizor|Swords Dance|p2a: Scizor\n|-boost|p2a: Scizor|atk|2\n|move|p1a: Clefable|Moonblast|p2a: Scizor\n|-resisted|p2a: Scizor\n|-damage|p2a: Scizor|58\/100 brn\n|\n|-heal|p1a: Clefable|100\/100|[from] move: Wish|[wisher] Clefable\n|-damage|p2a: Scizor|52\/100 brn|[from] brn\n|upkeep\n|turn|20\n|\n|t:|1699762322\n|switch|p1a: Moltres|Moltres|100\/100\n|move|p2a: Scizor|Swords Dance|p2a: Scizor\n|-boost|p2a: Scizor|atk|2\n|\n|-damage|p2a: Scizor|46\/100 brn|[from] brn\n|upkeep\n|turn|21\n|\n|t:|1699762328\n|move|p2a: Scizor|Bullet Punch|p1a: Moltres\n|-resisted|p1a: Moltres\n|-damage|p1a: Moltres|69\/100\n|move|p1a: Moltres|Flare Blitz|p2a: Scizor\n|-supereffective|p2a: Scizor\n|-damage|p2a: Scizor|0 fnt\n|faint|p2a: Scizor\n|-damage|p1a: Moltres|55\/100|[from] Recoil\n|\n|upkeep\n|\n|t:|1699762334\n|switch|p2a: Zapdos|Zapdos|100\/100\n|turn|22\n|\n|t:|1699762337\n|switch|p1a: Clefable|Clefable, F|100\/100\n|move|p2a: Zapdos|Hurricane|p1a: Clefable\n|-damage|p1a: Clefable|62\/100\n|-start|p1a: Clefable|confusion\n|\n|-heal|p1a: Clefable|68\/100|[from] item: Leftovers\n|upkeep\n|turn|23\n|\n|t:|1699762343\n|move|p2a: Zapdos|Hurricane|p1a: Clefable\n|-damage|p1a: Clefable|29\/100\n|-activate|p1a: Clefable|confusion\n|move|p1a: Clefable|Wish|p1a: Clefable\n|\n|-heal|p1a: Clefable|36\/100|[from] item: Leftovers\n|upkeep\n|turn|24\n|\n|t:|1699762348\n|-end|p1a: Clefable|confusion\n|move|p1a: Clefable|Protect|p1a: Clefable\n|-singleturn|p1a: Clefable|Protect\n|move|p2a: Zapdos|Hurricane|p1a: Clefable\n|-activate|p1a: Clefable|move: Protect\n|\n|-heal|p1a: Clefable|86\/100|[from] move: Wish|[wisher] Clefable\n|-heal|p1a: Clefable|92\/100|[from] item: Leftovers\n|upkeep\n|turn|25\n|\n|t:|1699762353\n|move|p2a: Zapdos|Hurricane|p1a: Clefable\n|-damage|p1a: Clefable|49\/100\n|move|p1a: Clefable|Wish|p1a: Clefable\n|\n|-heal|p1a: Clefable|55\/100|[from] item: Leftovers\n|upkeep\n|turn|26\n|\n|t:|1699762358\n|move|p2a: Zapdos|Hurricane|p1a: Clefable\n|-damage|p1a: Clefable|16\/100\n|move|p1a: Clefable|Moonblast|p2a: Zapdos\n|-damage|p2a: Zapdos|72\/100\n|\n|-heal|p1a: Clefable|66\/100|[from] move: Wish|[wisher] Clefable\n|-heal|p2a: Zapdos|79\/100|[from] item: Leftovers\n|-heal|p1a: Clefable|72\/100|[from] item: Leftovers\n|upkeep\n|turn|27\n|\n|t:|1699762363\n|move|p2a: Zapdos|Hurricane|p1a: Clefable\n|-damage|p1a: Clefable|32\/100\n|-start|p1a: Clefable|confusion\n|-activate|p1a: Clefable|confusion\n|-damage|p1a: Clefable|26\/100|[from] confusion\n|\n|-heal|p2a: Zapdos|85\/100|[from] item: Leftovers\n|-heal|p1a: Clefable|32\/100|[from] item: Leftovers\n|upkeep\n|turn|28\n|\n|t:|1699762369\n|-end|p1a: Clefable|confusion\n|move|p1a: Clefable|Protect|p1a: Clefable\n|-singleturn|p1a: Clefable|Protect\n|move|p2a: Zapdos|Hurricane|p1a: Clefable\n|-activate|p1a: Clefable|move: Protect\n|\n|-heal|p2a: Zapdos|91\/100|[from] item: Leftovers\n|-heal|p1a: Clefable|39\/100|[from] item: Leftovers\n|upkeep\n|turn|29\n|\n|t:|1699762375\n|move|p2a: Zapdos|Hurricane|p1a: Clefable|[miss]\n|-miss|p2a: Zapdos|p1a: Clefable\n|move|p1a: Clefable|Wish|p1a: Clefable\n|\n|-heal|p2a: Zapdos|97\/100|[from] item: Leftovers\n|-heal|p1a: Clefable|45\/100|[from] item: Leftovers\n|upkeep\n|turn|30\n|\n|t:|1699762379\n|move|p2a: Zapdos|Hurricane|p1a: Clefable|[miss]\n|-miss|p2a: Zapdos|p1a: Clefable\n|move|p1a: Clefable|Moonblast|p2a: Zapdos\n|-damage|p2a: Zapdos|70\/100\n|\n|-heal|p1a: Clefable|95\/100|[from] move: Wish|[wisher] Clefable\n|-heal|p2a: Zapdos|76\/100|[from] item: Leftovers\n|-heal|p1a: Clefable|100\/100|[from] item: Leftovers\n|upkeep\n|turn|31\n|\n|t:|1699762382\n|move|p2a: Zapdos|Hurricane|p1a: Clefable|[miss]\n|-miss|p2a: Zapdos|p1a: Clefable\n|move|p1a: Clefable|Moonblast|p2a: Zapdos\n|-damage|p2a: Zapdos|49\/100\n|\n|-heal|p2a: Zapdos|55\/100|[from] item: Leftovers\n|upkeep\n|turn|32\n|\n|t:|1699762386\n|move|p2a: Zapdos|Hurricane|p1a: Clefable\n|-damage|p1a: Clefable|57\/100\n|-start|p1a: Clefable|confusion\n|-activate|p1a: Clefable|confusion\n|-damage|p1a: Clefable|51\/100|[from] confusion\n|\n|-heal|p2a: Zapdos|61\/100|[from] item: Leftovers\n|-heal|p1a: Clefable|57\/100|[from] item: Leftovers\n|upkeep\n|turn|33\n|\n|t:|1699762390\n|-activate|p1a: Clefable|confusion\n|move|p1a: Clefable|Protect|p1a: Clefable\n|-singleturn|p1a: Clefable|Protect\n|move|p2a: Zapdos|Hurricane|p1a: Clefable\n|-activate|p1a: Clefable|move: Protect\n|\n|-heal|p2a: Zapdos|68\/100|[from] item: Leftovers\n|-heal|p1a: Clefable|63\/100|[from] item: Leftovers\n|upkeep\n|turn|34\n|\n|t:|1699762393\n|move|p2a: Zapdos|Hurricane|p1a: Clefable\n|-damage|p1a: Clefable|24\/100\n|-activate|p1a: Clefable|confusion\n|move|p1a: Clefable|Wish|p1a: Clefable\n|\n|-heal|p2a: Zapdos|74\/100|[from] item: Leftovers\n|-heal|p1a: Clefable|30\/100|[from] item: Leftovers\n|upkeep\n|turn|35\n|\n|t:|1699762399\n|-activate|p1a: Clefable|confusion\n|move|p1a: Clefable|Protect|p1a: Clefable\n|-singleturn|p1a: Clefable|Protect\n|move|p2a: Zapdos|Roost|p2a: Zapdos\n|-heal|p2a: Zapdos|100\/100\n|-singleturn|p2a: Zapdos|move: Roost\n|\n|-heal|p1a: Clefable|80\/100|[from] move: Wish|[wisher] Clefable\n|-heal|p1a: Clefable|86\/100|[from] item: Leftovers\n|upkeep\n|turn|36\n|\n|t:|1699762404\n|move|p2a: Zapdos|U-turn|p1a: Clefable\n|-resisted|p1a: Clefable\n|-damage|p1a: Clefable|79\/100\n|\n|t:|1699762407\n|switch|p2a: Cinderace|Cinderace, M|100\/100|[from] U-turn\n|-end|p1a: Clefable|confusion\n|move|p1a: Clefable|Wish|p1a: Clefable\n|\n|-heal|p1a: Clefable|85\/100|[from] item: Leftovers\n|upkeep\n|turn|37\n|\n|t:|1699762409\n|move|p2a: Cinderace|Pyro Ball|p1a: Clefable\n|-damage|p1a: Clefable|37\/100\n|move|p1a: Clefable|Thunder Wave|p2a: Cinderace\n|-status|p2a: Cinderace|par\n|\n|-heal|p1a: Clefable|87\/100|[from] move: Wish|[wisher] Clefable\n|-heal|p1a: Clefable|93\/100|[from] item: Leftovers\n|upkeep\n|turn|38\n|\n|t:|1699762414\n|switch|p1a: Moltres|Moltres|55\/100\n|move|p2a: Cinderace|Pyro Ball|p1a: Moltres\n|-resisted|p1a: Moltres\n|-damage|p1a: Moltres|32\/100\n|\n|upkeep\n|turn|39\n|\n|t:|1699762422\n|move|p1a: Moltres|Roost|p1a: Moltres\n|-heal|p1a: Moltres|83\/100\n|-singleturn|p1a: Moltres|move: Roost\n|cant|p2a: Cinderace|par\n|\n|upkeep\n|turn|40\n|\n|t:|1699762424\n|move|p1a: Moltres|Brave Bird|p2a: Cinderace\n|-damage|p2a: Cinderace|36\/100 par\n|-damage|p1a: Moltres|61\/100|[from] Recoil\n|cant|p2a: Cinderace|par\n|\n|upkeep\n|turn|41\n|\n|t:|1699762431\n|switch|p2a: Alomomola|Alomomola, M|72\/100\n|move|p1a: Moltres|Flare Blitz|p2a: Alomomola\n|-resisted|p2a: Alomomola\n|-damage|p2a: Alomomola|49\/100\n|-damage|p1a: Moltres|44\/100|[from] item: Rocky Helmet|[of] p2a: Alomomola\n|-damage|p1a: Moltres|33\/100|[from] Recoil\n|\n|upkeep\n|turn|42\n|\n|t:|1699762436\n|switch|p1a: Gholdengo|Gholdengo, tera:Fighting|66\/100\n|move|p2a: Alomomola|Wish|p2a: Alomomola\n|\n|upkeep\n|turn|43\n|\n|t:|1699762441\n|switch|p2a: Zapdos|Zapdos|100\/100\n|move|p1a: Gholdengo|Focus Blast|p2a: Zapdos|[miss]\n|-miss|p1a: Gholdengo|p2a: Zapdos\n|\n|upkeep\n|turn|44\n|\n|t:|1699762446\n|switch|p1a: Clefable|Clefable, F|93\/100\n|move|p2a: Zapdos|U-turn|p1a: Clefable\n|-resisted|p1a: Clefable\n|-damage|p1a: Clefable|86\/100\n|\n|t:|1699762449\n|switch|p2a: Cinderace|Cinderace, M|36\/100 par|[from] U-turn\n|\n|-heal|p1a: Clefable|92\/100|[from] item: Leftovers\n|upkeep\n|turn|45\n|\n|t:|1699762451\n|move|p2a: Cinderace|U-turn|p1a: Clefable\n|-start|p2a: Cinderace|typechange|Bug|[from] ability: Libero\n|-resisted|p1a: Clefable\n|-damage|p1a: Clefable|78\/100\n|\n|t:|1699762456\n|switch|p2a: Zapdos|Zapdos|100\/100|[from] U-turn\n|move|p1a: Clefable|Wish|p1a: Clefable\n|\n|-heal|p1a: Clefable|84\/100|[from] item: Leftovers\n|upkeep\n|turn|46\n|\n|t:|1699762462\n|move|p2a: Zapdos|Heat Wave|p1a: Clefable\n|-damage|p1a: Clefable|61\/100\n|move|p1a: Clefable|Moonblast|p2a: Zapdos\n|-damage|p2a: Zapdos|70\/100\n|-unboost|p2a: Zapdos|spa|1\n|\n|-heal|p1a: Clefable|100\/100|[from] move: Wish|[wisher] Clefable\n|-heal|p2a: Zapdos|76\/100|[from] item: Leftovers\n|upkeep\n|turn|47\n|\n|t:|1699762468\n|move|p2a: Zapdos|Heat Wave|p1a: Clefable|[miss]\n|-miss|p2a: Zapdos|p1a: Clefable\n|move|p1a: Clefable|Moonblast|p2a: Zapdos\n|-damage|p2a: Zapdos|46\/100\n|\n|-heal|p2a: Zapdos|53\/100|[from] item: Leftovers\n|upkeep\n|turn|48\n|\n|t:|1699762471\n|move|p2a: Zapdos|Roost|p2a: Zapdos\n|-heal|p2a: Zapdos|100\/100\n|-singleturn|p2a: Zapdos|move: Roost\n|move|p1a: Clefable|Moonblast|p2a: Zapdos\n|-damage|p2a: Zapdos|71\/100\n|-unboost|p2a: Zapdos|spa|1\n|\n|-heal|p2a: Zapdos|77\/100|[from] item: Leftovers\n|upkeep\n|turn|49\n|\n|t:|1699762475\n|move|p2a: Zapdos|Heat Wave|p1a: Clefable\n|-damage|p1a: Clefable|89\/100\n|move|p1a: Clefable|Moonblast|p2a: Zapdos\n|-damage|p2a: Zapdos|48\/100\n|\n|-heal|p2a: Zapdos|54\/100|[from] item: Leftovers\n|-heal|p1a: Clefable|95\/100|[from] item: Leftovers\n|upkeep\n|turn|50\n|\n|t:|1699762480\n|switch|p1a: Moltres|Moltres|33\/100\n|move|p2a: Zapdos|U-turn|p1a: Moltres\n|-resisted|p1a: Moltres\n|-damage|p1a: Moltres|29\/100\n|\n|t:|1699762492\n|switch|p2a: Cutie Patootie|Dragonite, M|100\/100|[from] U-turn\n|\n|upkeep\n|turn|51\n|\n|t:|1699762498\n|move|p1a: Moltres|U-turn|p2a: Cutie Patootie\n|-resisted|p2a: Cutie Patootie\n|-damage|p2a: Cutie Patootie|95\/100\n|\n|t:|1699762499\n|switch|p1a: Clefable|Clefable, F|95\/100|[from] U-turn\n|move|p2a: Cutie Patootie|Dragon Dance|p2a: Cutie Patootie\n|-boost|p2a: Cutie Patootie|atk|1\n|-boost|p2a: Cutie Patootie|spe|1\n|\n|-heal|p1a: Clefable|100\/100|[from] item: Leftovers\n|upkeep\n|turn|52\n|\n|t:|1699762504\n|move|p2a: Cutie Patootie|Extreme Speed|p1a: Clefable\n|-damage|p1a: Clefable|43\/100\n|move|p1a: Clefable|Thunder Wave|p2a: Cutie Patootie\n|-status|p2a: Cutie Patootie|par\n|\n|-heal|p1a: Clefable|49\/100|[from] item: Leftovers\n|upkeep\n|turn|53\n|\n|t:|1699762512\n|move|p1a: Clefable|Protect|p1a: Clefable\n|-singleturn|p1a: Clefable|Protect\n|cant|p2a: Cutie Patootie|par\n|\n|-heal|p1a: Clefable|56\/100|[from] item: Leftovers\n|upkeep\n|turn|54\n|\n|t:|1699762516\n|cant|p2a: Cutie Patootie|par\n|move|p1a: Clefable|Wish|p1a: Clefable\n|\n|-heal|p1a: Clefable|62\/100|[from] item: Leftovers\n|upkeep\n|turn|55\n|\n|t:|1699762519\n|move|p2a: Cutie Patootie|Dragon Dance|p2a: Cutie Patootie\n|-boost|p2a: Cutie Patootie|atk|1\n|-boost|p2a: Cutie Patootie|spe|1\n|move|p1a: Clefable|Moonblast|p2a: Cutie Patootie\n|-supereffective|p2a: Cutie Patootie\n|-damage|p2a: Cutie Patootie|35\/100 par\n|\n|-heal|p1a: Clefable|100\/100|[from] move: Wish|[wisher] Clefable\n|upkeep\n|turn|56\n|\n|t:|1699762522\n|move|p2a: Cutie Patootie|Extreme Speed|p1a: Clefable\n|-damage|p1a: Clefable|32\/100\n|move|p1a: Clefable|Moonblast|p2a: Cutie Patootie\n|-supereffective|p2a: Cutie Patootie\n|-damage|p2a: Cutie Patootie|0 fnt\n|faint|p2a: Cutie Patootie\n|\n|-heal|p1a: Clefable|38\/100|[from] item: Leftovers\n|upkeep\n|\n|t:|1699762526\n|switch|p2a: Zapdos|Zapdos|54\/100\n|turn|57\n|\n|t:|1699762528\n|move|p1a: Clefable|Protect|p1a: Clefable\n|-singleturn|p1a: Clefable|Protect\n|move|p2a: Zapdos|Hurricane|p1a: Clefable\n|-activate|p1a: Clefable|move: Protect\n|\n|-heal|p2a: Zapdos|60\/100|[from] item: Leftovers\n|-heal|p1a: Clefable|44\/100|[from] item: Leftovers\n|upkeep\n|turn|58\n|-message|XOGreenTea forfeited.\n|\n|win|Official Poyo\n|raw|Official Poyo's rating: 1535 &rarr; <strong>1555<\/strong><br \/>(+20 for winning)\n|raw|XOGreenTea's rating: 1532 &rarr; <strong>1512<\/strong><br \/>(-20 for losing)\n|l|\u2606XOGreenTea\n","uploadtime":1699762536,"views":11,"p1id":"officialpoyo","p2id":"xogreentea","formatid":"gen9ou","rating":1512,"private":0,"password":""}