{"id":"gen9ou-1993874216","p1":"mikuontheladder","p2":"Andrews Finn2","format":"[Gen 9] OU","log":"|j|\u2606mikuontheladder\n|j|\u2606Andrews Finn2\n|t:|1700368412\n|gametype|singles\n|player|p1|mikuontheladder|iono|1128\n|player|p2|Andrews Finn2|steven|1127\n|teamsize|p1|6\n|teamsize|p2|6\n|gen|9\n|tier|[Gen 9] OU\n|rated|\n|rule|Sleep Clause Mod: Limit one foe put to sleep\n|rule|Species Clause: Limit one of each Pok\u00e9mon\n|rule|OHKO Clause: OHKO moves are banned\n|rule|Evasion Items Clause: Evasion items are banned\n|rule|Evasion Moves Clause: Evasion moves are banned\n|rule|Endless Battle Clause: Forcing endless battles is banned\n|rule|HP Percentage Mod: HP is shown in percentages\n|clearpoke\n|poke|p1|Gholdengo|\n|poke|p1|Great Tusk|\n|poke|p1|Ninetales-Alola, F|\n|poke|p1|Slowking-Galar, F|\n|poke|p1|Meowscarada, M|\n|poke|p1|Thundurus, M|\n|poke|p2|Alomomola, F|\n|poke|p2|Slowking-Galar, F|\n|poke|p2|Kingambit, F|\n|poke|p2|Great Tusk|\n|poke|p2|Cinderace, F|\n|poke|p2|Thundurus-Therian, M|\n|teampreview\n|\n|t:|1700368426\n|start\n|switch|p1a: Ninetales|Ninetales-Alola, F|100\/100\n|switch|p2a: Great Tusk|Great Tusk|100\/100\n|-weather|Snow|[from] ability: Snow Warning|[of] p1a: Ninetales\n|turn|1\n|\n|t:|1700368433\n|-end|p2a: Great Tusk|Protosynthesis|[silent]\n|switch|p2a: Cinderace|Cinderace, F|100\/100\n|move|p1a: Ninetales|Aurora Veil|p1a: Ninetales\n|-sidestart|p1: mikuontheladder|move: Aurora Veil\n|\n|-weather|Snow|[upkeep]\n|upkeep\n|turn|2\n|\n|t:|1700368439\n|move|p2a: Cinderace|Court Change|p2a: Cinderace\n|-start|p2a: Cinderace|typechange|Normal|[from] ability: Libero\n|-swapsideconditions\n|-activate|p2a: Cinderace|move: Court Change\n|move|p1a: Ninetales|Encore|p2a: Cinderace\n|-start|p2a: Cinderace|Encore\n|\n|-weather|Snow|[upkeep]\n|upkeep\n|turn|3\n|\n|t:|1700368450\n|switch|p2a: Slowking|Slowking-Galar, F|100\/100\n|move|p1a: Ninetales|Aurora Veil|p1a: Ninetales\n|-sidestart|p1: mikuontheladder|move: Aurora Veil\n|\n|-weather|Snow|[upkeep]\n|upkeep\n|turn|4\n|\n|t:|1700368461\n|switch|p1a: Thundurus|Thundurus, M|100\/100\n|move|p2a: Slowking|Sludge Bomb|p1a: Thundurus\n|-damage|p1a: Thundurus|76\/100\n|\n|-weather|Snow|[upkeep]\n|upkeep\n|turn|5\n|\n|t:|1700368467\n|move|p1a: Thundurus|Thunder Wave|p2a: Slowking\n|-status|p2a: Slowking|par\n|move|p2a: Slowking|Future Sight|p1a: Thundurus\n|-start|p2a: Slowking|move: Future Sight\n|\n|-weather|none\n|upkeep\n|turn|6\n|\n|t:|1700368484\n|move|p1a: Thundurus|Volt Switch|p2a: Slowking\n|-damage|p2a: Slowking|91\/100 par\n|\n|t:|1700368488\n|switch|p1a: Meowscarada|Meowscarada, M, shiny|100\/100|[from] Volt Switch\n|move|p2a: Slowking|Chilly Reception|p2a: Slowking\n|-weather|Snow\n|\n|t:|1700368494\n|switch|p2a: Cinderace|Cinderace, F|100\/100|[from] Chilly Reception\n|\n|-weather|Snow|[upkeep]\n|upkeep\n|turn|7\n|\n|t:|1700368527\n|switch|p1a: Great Tusk|Great Tusk|100\/100\n|move|p2a: Cinderace|Will-O-Wisp|p1a: Great Tusk\n|-status|p1a: Great Tusk|brn\n|\n|-weather|Snow|[upkeep]\n|-end|p1a: Great Tusk|move: Future Sight\n|-supereffective|p1a: Great Tusk\n|-damage|p1a: Great Tusk|37\/100 brn\n|-damage|p1a: Great Tusk|31\/100 brn|[from] brn\n|upkeep\n|turn|8\n|\n|t:|1700368557\n|move|p2a: Cinderace|U-turn|p1a: Great Tusk\n|-start|p2a: Cinderace|typechange|Bug|[from] ability: Libero\n|-resisted|p1a: Great Tusk\n|-damage|p1a: Great Tusk|26\/100 brn\n|\n|t:|1700368562\n|switch|p2a: Alomomola|Alomomola, F|100\/100|[from] U-turn\n|move|p1a: Great Tusk|Stealth Rock|p2a: Alomomola\n|-sidestart|p2: Andrews Finn2|move: Stealth Rock\n|\n|-weather|Snow|[upkeep]\n|-damage|p1a: Great Tusk|19\/100 brn|[from] brn\n|-sideend|p2: Andrews Finn2|move: Aurora Veil\n|upkeep\n|turn|9\n|\n|t:|1700368569\n|-end|p1a: Great Tusk|Protosynthesis|[silent]\n|switch|p1a: Meowscarada|Meowscarada, M, shiny|100\/100\n|move|p2a: Alomomola|Wish|p2a: Alomomola\n|\n|-weather|Snow|[upkeep]\n|upkeep\n|turn|10\n|\n|t:|1700368574\n|switch|p2a: Cinderace|Cinderace, F|100\/100\n|move|p1a: Meowscarada|Flower Trick|p2a: Cinderace\n|-start|p1a: Meowscarada|typechange|Grass|[from] ability: Protean\n|-resisted|p2a: Cinderace\n|-crit|p2a: Cinderace\n|-damage|p2a: Cinderace|48\/100\n|\n|-weather|none\n|-heal|p2a: Cinderace|100\/100|[from] move: Wish|[wisher] Alomomola\n|-sideend|p1: mikuontheladder|move: Aurora Veil\n|upkeep\n|turn|11\n|\n|t:|1700368589\n|-terastallize|p1a: Meowscarada|Grass\n|move|p1a: Meowscarada|Flower Trick|p2a: Cinderace\n|-resisted|p2a: Cinderace\n|-crit|p2a: Cinderace\n|-damage|p2a: Cinderace|34\/100\n|move|p2a: Cinderace|Pyro Ball|p1a: Meowscarada\n|-supereffective|p1a: Meowscarada\n|-damage|p1a: Meowscarada|0 fnt\n|faint|p1a: Meowscarada\n|\n|upkeep\n|\n|t:|1700368608\n|switch|p1a: Thundurus|Thundurus, M|76\/100\n|turn|12\n|\n|t:|1700368612\n|switch|p2a: Thundurus|Thundurus-Therian, M|100\/100\n|-damage|p2a: Thundurus|76\/100|[from] Stealth Rock\n|move|p1a: Thundurus|Taunt|p2a: Thundurus\n|-start|p2a: Thundurus|move: Taunt\n|\n|upkeep\n|turn|13\n|\n|t:|1700368621\n|switch|p1a: Ninetales|Ninetales-Alola, F|100\/100\n|-weather|Snow|[from] ability: Snow Warning|[of] p1a: Ninetales\n|move|p2a: Thundurus|Volt Switch|p1a: Ninetales\n|-damage|p1a: Ninetales|45\/100\n|\n|t:|1700368628\n|switch|p2a: Cinderace|Cinderace, F|34\/100|[from] Volt Switch\n|\n|-weather|Snow|[upkeep]\n|upkeep\n|turn|14\n|\n|t:|1700368636\n|move|p2a: Cinderace|Pyro Ball|p1a: Ninetales\n|-supereffective|p1a: Ninetales\n|-damage|p1a: Ninetales|0 fnt\n|faint|p1a: Ninetales\n|\n|-weather|Snow|[upkeep]\n|upkeep\n|\n|t:|1700368639\n|switch|p1a: Thundurus|Thundurus, M|76\/100\n|turn|15\n|\n|t:|1700368642\n|switch|p2a: Thundurus|Thundurus-Therian, M|76\/100\n|-damage|p2a: Thundurus|51\/100|[from] Stealth Rock\n|move|p1a: Thundurus|Weather Ball|p2a: Thundurus\n|-supereffective|p2a: Thundurus\n|-damage|p2a: Thundurus|0 fnt\n|faint|p2a: Thundurus\n|\n|-weather|Snow|[upkeep]\n|upkeep\n|\n|t:|1700368654\n|switch|p2a: Slowking|Slowking-Galar, F|100\/100 par\n|turn|16\n|\n|t:|1700368658\n|move|p1a: Thundurus|Taunt|p2a: Slowking\n|-start|p2a: Slowking|move: Taunt\n|move|p2a: Slowking|Future Sight|p1a: Thundurus\n|-start|p2a: Slowking|move: Future Sight\n|\n|-weather|Snow|[upkeep]\n|upkeep\n|turn|17\n|\n|t:|1700368668\n|move|p1a: Thundurus|Volt Switch|p2a: Slowking\n|-damage|p2a: Slowking|79\/100 par\n|\n|t:|1700368672\n|switch|p1a: Slowking|Slowking-Galar, F|100\/100|[from] Volt Switch\n|cant|p2a: Slowking|par\n|\n|-weather|none\n|upkeep\n|turn|18\n|\n|t:|1700368680\n|switch|p2a: Kingambit|Kingambit, F|100\/100\n|-damage|p2a: Kingambit|94\/100|[from] Stealth Rock\n|-activate|p2a: Kingambit|ability: Supreme Overlord\n|-start|p2a: Kingambit|fallen1|[silent]\n|move|p1a: Slowking|Future Sight|p2a: Kingambit\n|-start|p1a: Slowking|move: Future Sight\n|\n|-end|p1a: Slowking|move: Future Sight\n|-damage|p1a: Slowking|76\/100\n|-heal|p2a: Kingambit|100\/100|[from] item: Leftovers\n|upkeep\n|turn|19\n|\n|t:|1700368691\n|move|p2a: Kingambit|Kowtow Cleave|p1a: Slowking\n|-supereffective|p1a: Slowking\n|-enditem|p1a: Slowking|Colbur Berry|[eat]\n|-enditem|p1a: Slowking|Colbur Berry|[weaken]\n|-damage|p1a: Slowking|14\/100\n|move|p1a: Slowking|Thunder Wave|p2a: Kingambit\n|-status|p2a: Kingambit|par\n|\n|upkeep\n|turn|20\n|\n|t:|1700368701\n|switch|p1a: Great Tusk|Great Tusk|19\/100 brn\n|move|p2a: Kingambit|Kowtow Cleave|p1a: Great Tusk\n|-resisted|p1a: Great Tusk\n|-damage|p1a: Great Tusk|0 fnt\n|faint|p1a: Great Tusk\n|-end|p1a: Great Tusk|Protosynthesis|[silent]\n|\n|-end|p2a: Kingambit|move: Future Sight\n|-immune|p2a: Kingambit\n|upkeep\n|\n|t:|1700368704\n|switch|p1a: Thundurus|Thundurus, M|76\/100\n|turn|21\n|\n|t:|1700368710\n|-end|p2a: Kingambit|fallen1|[silent]\n|switch|p2a: Slowking|Slowking-Galar, F|100\/100 par\n|move|p1a: Thundurus|Volt Switch|p2a: Slowking\n|-damage|p2a: Slowking|80\/100 par\n|\n|t:|1700368712\n|switch|p1a: Slowking|Slowking-Galar, F|47\/100|[from] Volt Switch\n|\n|upkeep\n|turn|22\n|\n|t:|1700368717\n|move|p1a: Slowking|Chilly Reception|p1a: Slowking\n|-weather|Snow\n|\n|t:|1700368720\n|switch|p1a: Thundurus|Thundurus, M|76\/100|[from] Chilly Reception\n|move|p2a: Slowking|Chilly Reception|p2a: Slowking\n|\n|t:|1700368728\n|switch|p2a: Cinderace|Cinderace, F|34\/100|[from] Chilly Reception\n|\n|-weather|Snow|[upkeep]\n|upkeep\n|turn|23\n|\n|t:|1700368741\n|move|p2a: Cinderace|Court Change|p2a: Cinderace\n|-start|p2a: Cinderace|typechange|Normal|[from] ability: Libero\n|-swapsideconditions\n|-activate|p2a: Cinderace|move: Court Change\n|move|p1a: Thundurus|Volt Switch|p2a: Cinderace\n|-damage|p2a: Cinderace|0 fnt\n|faint|p2a: Cinderace\n|\n|t:|1700368750\n|switch|p1a: Slowking|Slowking-Galar, F|80\/100|[from] Volt Switch\n|-damage|p1a: Slowking|68\/100|[from] Stealth Rock\n|\n|-weather|Snow|[upkeep]\n|upkeep\n|\n|t:|1700368758\n|switch|p2a: Kingambit|Kingambit, F|100\/100 par\n|-activate|p2a: Kingambit|ability: Supreme Overlord\n|-start|p2a: Kingambit|fallen2|[silent]\n|turn|24\n|\n|t:|1700368768\n|move|p1a: Slowking|Future Sight|p2a: Kingambit\n|-start|p1a: Slowking|move: Future Sight\n|move|p2a: Kingambit|Kowtow Cleave|p1a: Slowking\n|-supereffective|p1a: Slowking\n|-damage|p1a: Slowking|0 fnt\n|faint|p1a: Slowking\n|\n|-weather|Snow|[upkeep]\n|upkeep\n|\n|t:|1700368770\n|switch|p1a: Thundurus|Thundurus, M|76\/100\n|turn|25\n|\n|t:|1700368774\n|-end|p2a: Kingambit|fallen2|[silent]\n|switch|p2a: Slowking|Slowking-Galar, F|100\/100 par\n|move|p1a: Thundurus|Weather Ball|p2a: Slowking\n|-damage|p2a: Slowking|82\/100 par\n|\n|-weather|Snow|[upkeep]\n|upkeep\n|turn|26\n|\n|t:|1700368783\n|move|p1a: Thundurus|Taunt|p2a: Slowking\n|-start|p2a: Slowking|move: Taunt\n|cant|p2a: Slowking|par\n|\n|-weather|none\n|-end|p2a: Slowking|move: Future Sight\n|-damage|p2a: Slowking|55\/100 par\n|upkeep\n|turn|27\n|\n|t:|1700368792\n|move|p1a: Thundurus|Weather Ball|p2a: Slowking\n|-damage|p2a: Slowking|46\/100 par\n|move|p2a: Slowking|Future Sight|p1a: Thundurus\n|-start|p2a: Slowking|move: Future Sight\n|\n|upkeep\n|turn|28\n|\n|t:|1700368798\n|switch|p2a: Kingambit|Kingambit, F|100\/100 par\n|-activate|p2a: Kingambit|ability: Supreme Overlord\n|-start|p2a: Kingambit|fallen2|[silent]\n|move|p1a: Thundurus|Volt Switch|p2a: Kingambit\n|-damage|p2a: Kingambit|64\/100 par\n|\n|t:|1700368800\n|switch|p1a: Gholdengo|Gholdengo|100\/100|[from] Volt Switch\n|-damage|p1a: Gholdengo|94\/100|[from] Stealth Rock\n|\n|-heal|p1a: Gholdengo|100\/100|[from] item: Leftovers\n|-heal|p2a: Kingambit|70\/100 par|[from] item: Leftovers\n|upkeep\n|turn|29\n|inactive|Battle timer is ON: inactive players will automatically lose when time's up. (requested by mikuontheladder)\n|\n|t:|1700368827\n|-end|p2a: Kingambit|fallen2|[silent]\n|switch|p2a: Alomomola|Alomomola, F|100\/100\n|move|p1a: Gholdengo|Hex|p2a: Alomomola\n|-damage|p2a: Alomomola|74\/100\n|-enditem|p2a: Alomomola|Red Card|[of] p1a: Gholdengo\n|drag|p1a: Thundurus|Thundurus, M|76\/100\n|\n|-end|p1a: Thundurus|move: Future Sight\n|-damage|p1a: Thundurus|14\/100\n|upkeep\n|turn|30\n|\n|t:|1700368839\n|switch|p2a: Great Tusk|Great Tusk|100\/100\n|move|p1a: Thundurus|Thunder Wave|p2a: Great Tusk\n|-immune|p2a: Great Tusk\n|\n|upkeep\n|turn|31\n|\n|t:|1700368852\n|move|p1a: Thundurus|Weather Ball|p2a: Great Tusk\n|-damage|p2a: Great Tusk|76\/100\n|move|p2a: Great Tusk|Rapid Spin|p1a: Thundurus\n|-damage|p1a: Thundurus|0 fnt\n|-boost|p2a: Great Tusk|spe|1\n|faint|p1a: Thundurus\n|\n|upkeep\n|\n|t:|1700368854\n|switch|p1a: Gholdengo|Gholdengo|100\/100\n|-damage|p1a: Gholdengo|94\/100|[from] Stealth Rock\n|turn|32\n|\n|t:|1700368862\n|move|p2a: Great Tusk|Headlong Rush|p1a: Gholdengo\n|-supereffective|p1a: Gholdengo\n|-damage|p1a: Gholdengo|13\/100\n|-unboost|p2a: Great Tusk|def|1\n|-unboost|p2a: Great Tusk|spd|1\n|move|p1a: Gholdengo|Hex|p2a: Great Tusk\n|-crit|p2a: Great Tusk\n|-damage|p2a: Great Tusk|0 fnt\n|faint|p2a: Great Tusk\n|-end|p2a: Great Tusk|Protosynthesis|[silent]\n|\n|-heal|p1a: Gholdengo|20\/100|[from] item: Leftovers\n|upkeep\n|\n|t:|1700368872\n|switch|p2a: Kingambit|Kingambit, F|70\/100 par\n|-activate|p2a: Kingambit|ability: Supreme Overlord\n|-start|p2a: Kingambit|fallen3|[silent]\n|turn|33\n|\n|t:|1700368879\n|move|p1a: Gholdengo|Nasty Plot|p1a: Gholdengo\n|-boost|p1a: Gholdengo|spa|2\n|move|p2a: Kingambit|Kowtow Cleave|p1a: Gholdengo\n|-supereffective|p1a: Gholdengo\n|-damage|p1a: Gholdengo|0 fnt\n|faint|p1a: Gholdengo\n|\n|win|Andrews Finn2\n|raw|mikuontheladder's rating: 1128 &rarr; <strong>1103<\/strong><br \/>(-25 for losing)\n|raw|Andrews Finn2's rating: 1127 &rarr; <strong>1152<\/strong><br \/>(+25 for winning)\n|l|\u2606mikuontheladder\n","uploadtime":1700368889,"views":13,"p1id":"mikuontheladder","p2id":"andrewsfinn2","formatid":"gen9ou","rating":1103,"private":0,"password":""}