{"id":"gen9ou-1991420996","p1":"kompoppy","p2":"Wetgras","format":"[Gen 9] OU","log":"|j|\u2606kompoppy\n|j|\u2606Wetgras\n|t:|1700075677\n|gametype|singles\n|player|p1|kompoppy|gentleman|1023\n|player|p2|Wetgras|acetrainerf|1119\n|teamsize|p1|6\n|teamsize|p2|6\n|gen|9\n|tier|[Gen 9] OU\n|rated|\n|rule|Sleep Clause Mod: Limit one foe put to sleep\n|rule|Species Clause: Limit one of each Pok\u00e9mon\n|rule|OHKO Clause: OHKO moves are banned\n|rule|Evasion Items Clause: Evasion items are banned\n|rule|Evasion Moves Clause: Evasion moves are banned\n|rule|Endless Battle Clause: Forcing endless battles is banned\n|rule|HP Percentage Mod: HP is shown in percentages\n|clearpoke\n|poke|p1|Garchomp, F|\n|poke|p1|Ribombee, M|\n|poke|p1|Ninetales-Alola, M|\n|poke|p1|Corviknight, M|\n|poke|p1|Blissey, F|\n|poke|p1|Ceruledge, F|\n|poke|p2|Cryogonal|\n|poke|p2|Alomomola, F|\n|poke|p2|Flamigo, F|\n|poke|p2|Chandelure, M|\n|poke|p2|Clefable, M|\n|poke|p2|Overqwil, M|\n|teampreview\n|\n|t:|1700075684\n|start\n|switch|p1a: Ribombee|Ribombee, M|100\/100\n|switch|p2a: Chandelure|Chandelure, M|100\/100\n|turn|1\n|\n|t:|1700075693\n|move|p2a: Chandelure|Overheat|p1a: Ribombee\n|-supereffective|p1a: Ribombee\n|-enditem|p1a: Ribombee|Focus Sash\n|-damage|p1a: Ribombee|1\/100\n|-unboost|p2a: Chandelure|spa|2\n|move|p1a: Ribombee|Skill Swap|p2a: Chandelure\n|-activate|p1a: Ribombee|move: Skill Swap|Flash Fire|Honey Gather|[of] p2a: Chandelure\n|\n|upkeep\n|turn|2\n|\n|t:|1700075704\n|switch|p2a: Cryogonal|Cryogonal|100\/100\n|move|p1a: Ribombee|Sticky Web|p2a: Cryogonal\n|-sidestart|p2: Wetgras|move: Sticky Web\n|\n|upkeep\n|turn|3\n|\n|t:|1700075712\n|-terastallize|p2a: Cryogonal|Electric\n|move|p1a: Ribombee|Light Screen|p1a: Ribombee\n|-sidestart|p1: kompoppy|move: Light Screen\n|move|p2a: Cryogonal|Rapid Spin|p1a: Ribombee\n|-damage|p1a: Ribombee|0 fnt\n|-boost|p2a: Cryogonal|spe|1\n|-sideend|p2: Wetgras|Sticky Web|[from] move: Rapid Spin|[of] p2a: Cryogonal\n|faint|p1a: Ribombee\n|\n|upkeep\n|\n|t:|1700075721\n|switch|p1a: Ceruledge|Ceruledge, F|100\/100\n|turn|4\n|\n|t:|1700075725\n|switch|p2a: Overqwil|Overqwil, M|100\/100\n|-ability|p2a: Overqwil|Intimidate|boost\n|-unboost|p1a: Ceruledge|atk|1\n|move|p1a: Ceruledge|Bitter Blade|p2a: Overqwil\n|-damage|p2a: Overqwil|71\/100\n|\n|upkeep\n|turn|5\n|\n|t:|1700075736\n|move|p2a: Overqwil|Toxic Spikes|p1a: Ceruledge\n|-sidestart|p1: kompoppy|move: Toxic Spikes\n|move|p1a: Ceruledge|Bulk Up|p1a: Ceruledge\n|-boost|p1a: Ceruledge|atk|1\n|-boost|p1a: Ceruledge|def|1\n|\n|upkeep\n|turn|6\n|\n|t:|1700075744\n|move|p2a: Overqwil|Taunt|p1a: Ceruledge\n|-start|p1a: Ceruledge|move: Taunt\n|move|p1a: Ceruledge|Bitter Blade|p2a: Overqwil\n|-damage|p2a: Overqwil|26\/100\n|\n|upkeep\n|turn|7\n|\n|t:|1700075751\n|move|p2a: Overqwil|Destiny Bond|p2a: Overqwil\n|-singlemove|p2a: Overqwil|Destiny Bond\n|move|p1a: Ceruledge|Bitter Blade|p2a: Overqwil\n|-damage|p2a: Overqwil|0 fnt\n|faint|p2a: Overqwil\n|-activate|p2a: Overqwil|move: Destiny Bond\n|faint|p1a: Ceruledge\n|\n|-sideend|p1: kompoppy|move: Light Screen\n|upkeep\n|\n|t:|1700075759\n|switch|p2a: Chandelure|Chandelure, M|100\/100\n|switch|p1a: Corviknight|Corviknight, M|100\/100\n|-ability|p1a: Corviknight|Pressure\n|turn|8\n|\n|t:|1700075769\n|switch|p1a: Blissey|Blissey, F|100\/100\n|-status|p1a: Blissey|psn\n|move|p2a: Chandelure|Overheat|p1a: Blissey\n|-damage|p1a: Blissey|71\/100 psn\n|-unboost|p2a: Chandelure|spa|2\n|\n|-heal|p1a: Blissey|77\/100 psn|[from] item: Leftovers\n|-damage|p1a: Blissey|64\/100 psn|[from] psn\n|upkeep\n|turn|9\n|\n|t:|1700075780\n|switch|p2a: Clefable|Clefable, M|100\/100\n|move|p1a: Blissey|Stealth Rock|p2a: Clefable\n|-sidestart|p2: Wetgras|move: Stealth Rock\n|\n|-heal|p1a: Blissey|71\/100 psn|[from] item: Leftovers\n|-damage|p1a: Blissey|58\/100 psn|[from] psn\n|upkeep\n|turn|10\n|\n|t:|1700075787\n|move|p2a: Clefable|Calm Mind|p2a: Clefable\n|-boost|p2a: Clefable|spa|1\n|-boost|p2a: Clefable|spd|1\n|move|p1a: Blissey|Thunder Wave|p2a: Clefable|[miss]\n|-miss|p1a: Blissey|p2a: Clefable\n|\n|-heal|p1a: Blissey|64\/100 psn|[from] item: Leftovers\n|-damage|p1a: Blissey|52\/100 psn|[from] psn\n|upkeep\n|turn|11\n|c|\u2606kompoppy|bruh\n|\n|t:|1700075799\n|switch|p2a: Cryogonal|Cryogonal, tera:Electric|100\/100\n|-damage|p2a: Cryogonal|88\/100|[from] Stealth Rock\n|move|p1a: Blissey|Thunder Wave|p2a: Cryogonal\n|-immune|p2a: Cryogonal\n|\n|-heal|p1a: Blissey|58\/100 psn|[from] item: Leftovers\n|-damage|p1a: Blissey|45\/100 psn|[from] psn\n|upkeep\n|turn|12\n|\n|t:|1700075808\n|move|p2a: Cryogonal|Rapid Spin|p1a: Blissey\n|-damage|p1a: Blissey|40\/100 psn\n|-boost|p2a: Cryogonal|spe|1\n|-sideend|p2: Wetgras|Stealth Rock|[from] move: Rapid Spin|[of] p2a: Cryogonal\n|move|p1a: Blissey|Soft-Boiled|p1a: Blissey\n|-heal|p1a: Blissey|90\/100 psn\n|\n|-heal|p1a: Blissey|96\/100 psn|[from] item: Leftovers\n|-damage|p1a: Blissey|84\/100 psn|[from] psn\n|upkeep\n|turn|13\n|\n|t:|1700075819\n|move|p2a: Cryogonal|Ancient Power|p1a: Blissey\n|-damage|p1a: Blissey|77\/100 psn\n|move|p1a: Blissey|Stealth Rock|p2a: Cryogonal\n|-sidestart|p2: Wetgras|move: Stealth Rock\n|\n|-heal|p1a: Blissey|84\/100 psn|[from] item: Leftovers\n|-damage|p1a: Blissey|71\/100 psn|[from] psn\n|upkeep\n|turn|14\n|\n|t:|1700075830\n|move|p1a: Blissey|Protect|p1a: Blissey\n|-singleturn|p1a: Blissey|Protect\n|move|p2a: Cryogonal|Tera Blast|p1a: Blissey|[anim] Tera Blast Electric\n|-activate|p1a: Blissey|move: Protect\n|\n|-heal|p1a: Blissey|77\/100 psn|[from] item: Leftovers\n|-damage|p1a: Blissey|65\/100 psn|[from] psn\n|upkeep\n|turn|15\n|\n|t:|1700075838\n|move|p2a: Cryogonal|Tera Blast|p1a: Blissey|[anim] Tera Blast Electric\n|-damage|p1a: Blissey|53\/100 psn\n|move|p1a: Blissey|Soft-Boiled|p1a: Blissey\n|-heal|p1a: Blissey|100\/100 psn\n|\n|-damage|p1a: Blissey|88\/100 psn|[from] psn\n|upkeep\n|turn|16\n|\n|t:|1700075849\n|move|p1a: Blissey|Protect|p1a: Blissey\n|-singleturn|p1a: Blissey|Protect\n|move|p2a: Cryogonal|Rapid Spin|p1a: Blissey\n|-activate|p1a: Blissey|move: Protect\n|\n|-heal|p1a: Blissey|94\/100 psn|[from] item: Leftovers\n|-damage|p1a: Blissey|82\/100 psn|[from] psn\n|upkeep\n|turn|17\n|\n|t:|1700075857\n|move|p2a: Cryogonal|Rapid Spin|p1a: Blissey\n|-damage|p1a: Blissey|77\/100 psn\n|-boost|p2a: Cryogonal|spe|1\n|-sideend|p2: Wetgras|Stealth Rock|[from] move: Rapid Spin|[of] p2a: Cryogonal\n|move|p1a: Blissey|Stealth Rock|p2a: Cryogonal\n|-sidestart|p2: Wetgras|move: Stealth Rock\n|\n|-heal|p1a: Blissey|83\/100 psn|[from] item: Leftovers\n|-damage|p1a: Blissey|70\/100 psn|[from] psn\n|upkeep\n|turn|18\n|\n|t:|1700075865\n|move|p1a: Blissey|Protect|p1a: Blissey\n|-singleturn|p1a: Blissey|Protect\n|move|p2a: Cryogonal|Rapid Spin|p1a: Blissey\n|-activate|p1a: Blissey|move: Protect\n|\n|-heal|p1a: Blissey|77\/100 psn|[from] item: Leftovers\n|-damage|p1a: Blissey|64\/100 psn|[from] psn\n|upkeep\n|turn|19\n|\n|t:|1700075873\n|move|p2a: Cryogonal|Rapid Spin|p1a: Blissey\n|-damage|p1a: Blissey|59\/100 psn\n|-boost|p2a: Cryogonal|spe|1\n|-sideend|p2: Wetgras|Stealth Rock|[from] move: Rapid Spin|[of] p2a: Cryogonal\n|move|p1a: Blissey|Soft-Boiled|p1a: Blissey\n|-heal|p1a: Blissey|100\/100 psn\n|\n|-damage|p1a: Blissey|88\/100 psn|[from] psn\n|upkeep\n|turn|20\n|c|\u2606kompoppy|im such a sad person\n|\n|t:|1700075888\n|move|p2a: Cryogonal|Rapid Spin|p1a: Blissey\n|-damage|p1a: Blissey|83\/100 psn\n|-boost|p2a: Cryogonal|spe|1\n|move|p1a: Blissey|Stealth Rock|p2a: Cryogonal\n|-sidestart|p2: Wetgras|move: Stealth Rock\n|\n|-heal|p1a: Blissey|89\/100 psn|[from] item: Leftovers\n|-damage|p1a: Blissey|76\/100 psn|[from] psn\n|upkeep\n|turn|21\n|\n|t:|1700075895\n|move|p1a: Blissey|Protect|p1a: Blissey\n|-singleturn|p1a: Blissey|Protect\n|move|p2a: Cryogonal|Rapid Spin|p1a: Blissey\n|-activate|p1a: Blissey|move: Protect\n|\n|-heal|p1a: Blissey|82\/100 psn|[from] item: Leftovers\n|-damage|p1a: Blissey|70\/100 psn|[from] psn\n|upkeep\n|turn|22\n|c|\u2606Wetgras|This is great\n|c|\u2606kompoppy|ikr\n|c|\u2606kompoppy|im bored\n|c|\u2606Wetgras|I'm an adult attorney doing this at 11am on a Wednesday\n|n|!Wetgras|wetgras\n|c|\u2606kompoppy|good for u\n|\n|t:|1700075938\n|move|p2a: Cryogonal|Rapid Spin|p1a: Blissey\n|-damage|p1a: Blissey|65\/100 psn\n|-boost|p2a: Cryogonal|spe|1\n|-sideend|p2: Wetgras|Stealth Rock|[from] move: Rapid Spin|[of] p2a: Cryogonal\n|move|p1a: Blissey|Stealth Rock|p2a: Cryogonal\n|-sidestart|p2: Wetgras|move: Stealth Rock\n|\n|-heal|p1a: Blissey|71\/100 psn|[from] item: Leftovers\n|-damage|p1a: Blissey|58\/100 psn|[from] psn\n|upkeep\n|turn|23\n|\n|t:|1700075947\n|move|p1a: Blissey|Protect|p1a: Blissey\n|-singleturn|p1a: Blissey|Protect\n|move|p2a: Cryogonal|Rapid Spin|p1a: Blissey\n|-activate|p1a: Blissey|move: Protect\n|\n|-heal|p1a: Blissey|64\/100 psn|[from] item: Leftovers\n|-damage|p1a: Blissey|52\/100 psn|[from] psn\n|upkeep\n|turn|24\n|c|\u2606kompoppy|u win on pp tho\n|\n|t:|1700075965\n|move|p2a: Cryogonal|Ancient Power|p1a: Blissey\n|-damage|p1a: Blissey|46\/100 psn\n|move|p1a: Blissey|Thunder Wave|p2a: Cryogonal\n|-immune|p2a: Cryogonal\n|\n|-heal|p1a: Blissey|52\/100 psn|[from] item: Leftovers\n|-damage|p1a: Blissey|39\/100 psn|[from] psn\n|upkeep\n|turn|25\n|\n|t:|1700075976\n|move|p2a: Cryogonal|Rapid Spin|p1a: Blissey\n|-damage|p1a: Blissey|34\/100 psn\n|-boost|p2a: Cryogonal|spe|1\n|-sideend|p2: Wetgras|Stealth Rock|[from] move: Rapid Spin|[of] p2a: Cryogonal\n|move|p1a: Blissey|Thunder Wave|p2a: Cryogonal\n|-immune|p2a: Cryogonal\n|\n|-heal|p1a: Blissey|41\/100 psn|[from] item: Leftovers\n|-damage|p1a: Blissey|28\/100 psn|[from] psn\n|upkeep\n|turn|26\n|\n|t:|1700075987\n|move|p2a: Cryogonal|Rapid Spin|p1a: Blissey\n|-crit|p1a: Blissey\n|-damage|p1a: Blissey|20\/100 psn\n|move|p1a: Blissey|Stealth Rock|p2a: Cryogonal\n|-sidestart|p2: Wetgras|move: Stealth Rock\n|\n|-heal|p1a: Blissey|26\/100 psn|[from] item: Leftovers\n|-damage|p1a: Blissey|13\/100 psn|[from] psn\n|upkeep\n|turn|27\n|\n|t:|1700075994\n|move|p2a: Cryogonal|Rapid Spin|p1a: Blissey\n|-damage|p1a: Blissey|8\/100 psn\n|-sideend|p2: Wetgras|Stealth Rock|[from] move: Rapid Spin|[of] p2a: Cryogonal\n|move|p1a: Blissey|Soft-Boiled|p1a: Blissey\n|-heal|p1a: Blissey|58\/100 psn\n|\n|-heal|p1a: Blissey|65\/100 psn|[from] item: Leftovers\n|-damage|p1a: Blissey|52\/100 psn|[from] psn\n|upkeep\n|turn|28\n|\n|t:|1700076004\n|move|p1a: Blissey|Protect|p1a: Blissey\n|-singleturn|p1a: Blissey|Protect\n|move|p2a: Cryogonal|Rapid Spin|p1a: Blissey\n|-activate|p1a: Blissey|move: Protect\n|\n|-heal|p1a: Blissey|58\/100 psn|[from] item: Leftovers\n|-damage|p1a: Blissey|46\/100 psn|[from] psn\n|upkeep\n|turn|29\n|\n|t:|1700076011\n|move|p2a: Cryogonal|Ancient Power|p1a: Blissey\n|-damage|p1a: Blissey|39\/100 psn\n|move|p1a: Blissey|Stealth Rock|p2a: Cryogonal\n|-sidestart|p2: Wetgras|move: Stealth Rock\n|\n|-heal|p1a: Blissey|46\/100 psn|[from] item: Leftovers\n|-damage|p1a: Blissey|33\/100 psn|[from] psn\n|upkeep\n|turn|30\n|\n|t:|1700076019\n|move|p1a: Blissey|Protect|p1a: Blissey\n|-singleturn|p1a: Blissey|Protect\n|move|p2a: Cryogonal|Rapid Spin|p1a: Blissey\n|-activate|p1a: Blissey|move: Protect\n|\n|-heal|p1a: Blissey|39\/100 psn|[from] item: Leftovers\n|-damage|p1a: Blissey|27\/100 psn|[from] psn\n|upkeep\n|turn|31\n|\n|t:|1700076026\n|move|p2a: Cryogonal|Ancient Power|p1a: Blissey\n|-damage|p1a: Blissey|21\/100 psn\n|move|p1a: Blissey|Stealth Rock||[still]\n|-fail|p1a: Blissey\n|\n|-heal|p1a: Blissey|27\/100 psn|[from] item: Leftovers\n|-damage|p1a: Blissey|14\/100 psn|[from] psn\n|upkeep\n|turn|32\n|\n|t:|1700076033\n|move|p2a: Cryogonal|Rapid Spin|p1a: Blissey\n|-damage|p1a: Blissey|9\/100 psn\n|-sideend|p2: Wetgras|Stealth Rock|[from] move: Rapid Spin|[of] p2a: Cryogonal\n|move|p1a: Blissey|Soft-Boiled|p1a: Blissey\n|-heal|p1a: Blissey|59\/100 psn\n|\n|-heal|p1a: Blissey|65\/100 psn|[from] item: Leftovers\n|-damage|p1a: Blissey|53\/100 psn|[from] psn\n|upkeep\n|turn|33\n|\n|t:|1700076044\n|move|p2a: Cryogonal|Rapid Spin|p1a: Blissey\n|-damage|p1a: Blissey|48\/100 psn\n|move|p1a: Blissey|Soft-Boiled|p1a: Blissey\n|-heal|p1a: Blissey|98\/100 psn\n|\n|-heal|p1a: Blissey|100\/100 psn|[from] item: Leftovers\n|-damage|p1a: Blissey|88\/100 psn|[from] psn\n|upkeep\n|turn|34\n|\n|t:|1700076054\n|move|p2a: Cryogonal|Rapid Spin|p1a: Blissey\n|-damage|p1a: Blissey|83\/100 psn\n|move|p1a: Blissey|Thunder Wave|p2a: Cryogonal\n|-immune|p2a: Cryogonal\n|\n|-heal|p1a: Blissey|89\/100 psn|[from] item: Leftovers\n|-damage|p1a: Blissey|76\/100 psn|[from] psn\n|upkeep\n|turn|35\n|inactive|Battle timer is ON: inactive players will automatically lose when time's up. (requested by kompoppy)\n|\n|t:|1700076063\n|move|p2a: Cryogonal|Rapid Spin|p1a: Blissey\n|-damage|p1a: Blissey|71\/100 psn\n|move|p1a: Blissey|Stealth Rock|p2a: Cryogonal\n|-sidestart|p2: Wetgras|move: Stealth Rock\n|\n|-heal|p1a: Blissey|77\/100 psn|[from] item: Leftovers\n|-damage|p1a: Blissey|65\/100 psn|[from] psn\n|upkeep\n|turn|36\n|\n|t:|1700076072\n|move|p1a: Blissey|Protect|p1a: Blissey\n|-singleturn|p1a: Blissey|Protect\n|move|p2a: Cryogonal|Rapid Spin|p1a: Blissey\n|-activate|p1a: Blissey|move: Protect\n|\n|-heal|p1a: Blissey|71\/100 psn|[from] item: Leftovers\n|-damage|p1a: Blissey|58\/100 psn|[from] psn\n|upkeep\n|turn|37\n|\n|t:|1700076080\n|move|p2a: Cryogonal|Ancient Power|p1a: Blissey\n|-crit|p1a: Blissey\n|-damage|p1a: Blissey|50\/100 psn\n|move|p1a: Blissey|Thunder Wave|p2a: Cryogonal\n|-immune|p2a: Cryogonal\n|\n|-heal|p1a: Blissey|56\/100 psn|[from] item: Leftovers\n|-damage|p1a: Blissey|43\/100 psn|[from] psn\n|upkeep\n|turn|38\n|\n|t:|1700076088\n|move|p2a: Cryogonal|Rapid Spin|p1a: Blissey\n|-damage|p1a: Blissey|38\/100 psn\n|-sideend|p2: Wetgras|Stealth Rock|[from] move: Rapid Spin|[of] p2a: Cryogonal\n|move|p1a: Blissey|Stealth Rock|p2a: Cryogonal\n|-sidestart|p2: Wetgras|move: Stealth Rock\n|\n|-heal|p1a: Blissey|44\/100 psn|[from] item: Leftovers\n|-damage|p1a: Blissey|32\/100 psn|[from] psn\n|upkeep\n|turn|39\n|\n|t:|1700076095\n|move|p1a: Blissey|Protect|p1a: Blissey\n|-singleturn|p1a: Blissey|Protect\n|move|p2a: Cryogonal|Rapid Spin|p1a: Blissey\n|-activate|p1a: Blissey|move: Protect\n|\n|-heal|p1a: Blissey|38\/100 psn|[from] item: Leftovers\n|-damage|p1a: Blissey|25\/100 psn|[from] psn\n|upkeep\n|turn|40\n|\n|t:|1700076106\n|move|p2a: Cryogonal|Ancient Power|p1a: Blissey\n|-damage|p1a: Blissey|19\/100 psn\n|move|p1a: Blissey|Soft-Boiled|p1a: Blissey\n|-heal|p1a: Blissey|69\/100 psn\n|\n|-heal|p1a: Blissey|75\/100 psn|[from] item: Leftovers\n|-damage|p1a: Blissey|63\/100 psn|[from] psn\n|upkeep\n|turn|41\n|\n|t:|1700076116\n|move|p1a: Blissey|Protect|p1a: Blissey\n|-singleturn|p1a: Blissey|Protect\n|move|p2a: Cryogonal|Rapid Spin|p1a: Blissey\n|-activate|p1a: Blissey|move: Protect\n|\n|-heal|p1a: Blissey|69\/100 psn|[from] item: Leftovers\n|-damage|p1a: Blissey|57\/100 psn|[from] psn\n|upkeep\n|turn|42\n|\n|t:|1700076127\n|move|p2a: Cryogonal|Ancient Power|p1a: Blissey\n|-damage|p1a: Blissey|50\/100 psn\n|move|p1a: Blissey|Stealth Rock||[still]\n|-fail|p1a: Blissey\n|\n|-heal|p1a: Blissey|56\/100 psn|[from] item: Leftovers\n|-damage|p1a: Blissey|44\/100 psn|[from] psn\n|upkeep\n|turn|43\n|\n|t:|1700076135\n|move|p1a: Blissey|Protect|p1a: Blissey\n|-singleturn|p1a: Blissey|Protect\n|move|p2a: Cryogonal|Rapid Spin|p1a: Blissey\n|-activate|p1a: Blissey|move: Protect\n|\n|-heal|p1a: Blissey|50\/100 psn|[from] item: Leftovers\n|-damage|p1a: Blissey|38\/100 psn|[from] psn\n|upkeep\n|turn|44\n|\n|t:|1700076142\n|move|p2a: Cryogonal|Ancient Power|p1a: Blissey\n|-damage|p1a: Blissey|31\/100 psn\n|move|p1a: Blissey|Thunder Wave|p2a: Cryogonal|[miss]\n|-miss|p1a: Blissey|p2a: Cryogonal\n|\n|-heal|p1a: Blissey|37\/100 psn|[from] item: Leftovers\n|-damage|p1a: Blissey|25\/100 psn|[from] psn\n|upkeep\n|turn|45\n|\n|t:|1700076152\n|move|p2a: Cryogonal|Tera Blast|p1a: Blissey|[anim] Tera Blast Electric\n|-damage|p1a: Blissey|13\/100 psn\n|move|p1a: Blissey|Soft-Boiled|p1a: Blissey\n|-heal|p1a: Blissey|63\/100 psn\n|\n|-heal|p1a: Blissey|69\/100 psn|[from] item: Leftovers\n|-damage|p1a: Blissey|57\/100 psn|[from] psn\n|upkeep\n|turn|46\n|\n|t:|1700076163\n|move|p1a: Blissey|Protect|p1a: Blissey\n|-singleturn|p1a: Blissey|Protect\n|move|p2a: Cryogonal|Rapid Spin|p1a: Blissey\n|-activate|p1a: Blissey|move: Protect\n|\n|-heal|p1a: Blissey|63\/100 psn|[from] item: Leftovers\n|-damage|p1a: Blissey|50\/100 psn|[from] psn\n|upkeep\n|turn|47\n|\n|t:|1700076172\n|move|p2a: Cryogonal|Rapid Spin|p1a: Blissey\n|-damage|p1a: Blissey|45\/100 psn\n|-sideend|p2: Wetgras|Stealth Rock|[from] move: Rapid Spin|[of] p2a: Cryogonal\n|move|p1a: Blissey|Stealth Rock|p2a: Cryogonal\n|-sidestart|p2: Wetgras|move: Stealth Rock\n|\n|-heal|p1a: Blissey|51\/100 psn|[from] item: Leftovers\n|-damage|p1a: Blissey|38\/100 psn|[from] psn\n|upkeep\n|turn|48\n|\n|t:|1700076182\n|move|p1a: Blissey|Protect|p1a: Blissey\n|-singleturn|p1a: Blissey|Protect\n|move|p2a: Cryogonal|Rapid Spin|p1a: Blissey\n|-activate|p1a: Blissey|move: Protect\n|\n|-heal|p1a: Blissey|45\/100 psn|[from] item: Leftovers\n|-damage|p1a: Blissey|32\/100 psn|[from] psn\n|upkeep\n|turn|49\n|\n|t:|1700076191\n|move|p2a: Cryogonal|Tera Blast|p1a: Blissey|[anim] Tera Blast Electric\n|-damage|p1a: Blissey|19\/100 psn\n|move|p1a: Blissey|Thunder Wave|p2a: Cryogonal\n|-immune|p2a: Cryogonal\n|\n|-heal|p1a: Blissey|25\/100 psn|[from] item: Leftovers\n|-damage|p1a: Blissey|13\/100 psn|[from] psn\n|upkeep\n|turn|50\n|\n|t:|1700076199\n|move|p2a: Cryogonal|Rapid Spin|p1a: Blissey\n|-damage|p1a: Blissey|8\/100 psn\n|-sideend|p2: Wetgras|Stealth Rock|[from] move: Rapid Spin|[of] p2a: Cryogonal\n|move|p1a: Blissey|Stealth Rock|p2a: Cryogonal\n|-sidestart|p2: Wetgras|move: Stealth Rock\n|\n|-heal|p1a: Blissey|14\/100 psn|[from] item: Leftovers\n|-damage|p1a: Blissey|1\/100 psn|[from] psn\n|upkeep\n|turn|51\n|\n|t:|1700076206\n|move|p2a: Cryogonal|Rapid Spin|p1a: Blissey\n|-damage|p1a: Blissey|0 fnt\n|-sideend|p2: Wetgras|Stealth Rock|[from] move: Rapid Spin|[of] p2a: Cryogonal\n|faint|p1a: Blissey\n|\n|upkeep\n|\n|t:|1700076211\n|switch|p1a: Corviknight|Corviknight, M|100\/100\n|-ability|p1a: Corviknight|Pressure\n|turn|52\n|\n|t:|1700076220\n|move|p2a: Cryogonal|Tera Blast|p1a: Corviknight|[anim] Tera Blast Electric\n|-supereffective|p1a: Corviknight\n|-damage|p1a: Corviknight|51\/100\n|-enditem|p1a: Corviknight|Weakness Policy\n|-boost|p1a: Corviknight|atk|2|[from] item: Weakness Policy\n|-boost|p1a: Corviknight|spa|2|[from] item: Weakness Policy\n|move|p1a: Corviknight|Defog|p2a: Cryogonal\n|-unboost|p2a: Cryogonal|evasion|1\n|-sideend|p1: kompoppy|Toxic Spikes|[from] move: Defog|[of] p1a: Corviknight\n|\n|upkeep\n|turn|53\n|\n|t:|1700076233\n|move|p2a: Cryogonal|Tera Blast|p1a: Corviknight|[anim] Tera Blast Electric\n|-supereffective|p1a: Corviknight\n|-damage|p1a: Corviknight|4\/100\n|move|p1a: Corviknight|Iron Defense|p1a: Corviknight\n|-boost|p1a: Corviknight|def|2\n|\n|upkeep\n|turn|54\n|\n|t:|1700076242\n|switch|p1a: Garchomp|Garchomp, F|100\/100\n|move|p2a: Cryogonal|Tera Blast|p1a: Garchomp|[anim] Tera Blast Electric\n|-immune|p1a: Garchomp\n|\n|upkeep\n|turn|55\n|\n|t:|1700076260\n|switch|p1a: Ninetales|Ninetales-Alola, M|100\/100\n|-weather|Snow|[from] ability: Snow Warning|[of] p1a: Ninetales\n|move|p2a: Cryogonal|Freeze-Dry|p1a: Ninetales\n|-resisted|p1a: Ninetales\n|-damage|p1a: Ninetales|83\/100\n|\n|-weather|Snow|[upkeep]\n|-heal|p1a: Ninetales|89\/100|[from] item: Leftovers\n|upkeep\n|turn|56\n|\n|t:|1700076269\n|move|p2a: Cryogonal|Tera Blast|p1a: Ninetales|[anim] Tera Blast Electric\n|-damage|p1a: Ninetales|48\/100\n|move|p1a: Ninetales|Aurora Veil|p1a: Ninetales\n|-sidestart|p1: kompoppy|move: Aurora Veil\n|\n|-weather|Snow|[upkeep]\n|-heal|p1a: Ninetales|54\/100|[from] item: Leftovers\n|upkeep\n|turn|57\n|\n|t:|1700076278\n|move|p2a: Cryogonal|Rapid Spin|p1a: Ninetales\n|-damage|p1a: Ninetales|51\/100\n|move|p1a: Ninetales|Calm Mind|p1a: Ninetales\n|-boost|p1a: Ninetales|spa|1\n|-boost|p1a: Ninetales|spd|1\n|\n|-weather|Snow|[upkeep]\n|-heal|p1a: Ninetales|57\/100|[from] item: Leftovers\n|upkeep\n|turn|58\n|\n|t:|1700076288\n|switch|p2a: Clefable|Clefable, M|100\/100\n|move|p1a: Ninetales|Dazzling Gleam|p2a: Clefable\n|-damage|p2a: Clefable|67\/100\n|\n|-weather|Snow|[upkeep]\n|-heal|p1a: Ninetales|63\/100|[from] item: Leftovers\n|upkeep\n|turn|59\n|\n|t:|1700076296\n|move|p1a: Ninetales|Freeze-Dry|p2a: Clefable\n|-damage|p2a: Clefable|40\/100\n|move|p2a: Clefable|Thunder Wave|p1a: Ninetales\n|-status|p1a: Ninetales|par\n|\n|-weather|none\n|-heal|p1a: Ninetales|69\/100 par|[from] item: Leftovers\n|upkeep\n|turn|60\n|\n|t:|1700076304\n|move|p2a: Clefable|Calm Mind|p2a: Clefable\n|-boost|p2a: Clefable|spa|1\n|-boost|p2a: Clefable|spd|1\n|cant|p1a: Ninetales|par\n|\n|-heal|p1a: Ninetales|75\/100 par|[from] item: Leftovers\n|-sideend|p1: kompoppy|move: Aurora Veil\n|upkeep\n|turn|61\n|\n|t:|1700076311\n|switch|p1a: Corviknight|Corviknight, M|4\/100\n|-ability|p1a: Corviknight|Pressure\n|move|p2a: Clefable|Draining Kiss|p1a: Corviknight\n|-resisted|p1a: Corviknight\n|-damage|p1a: Corviknight|0 fnt\n|-heal|p2a: Clefable|43\/100|[from] drain|[of] p1a: Corviknight\n|faint|p1a: Corviknight\n|\n|upkeep\n|\n|t:|1700076322\n|switch|p1a: Garchomp|Garchomp, F|100\/100\n|turn|62\n|\n|t:|1700076330\n|move|p1a: Garchomp|Iron Head|p2a: Clefable\n|-supereffective|p2a: Clefable\n|-damage|p2a: Clefable|0 fnt\n|faint|p2a: Clefable\n|\n|upkeep\n|\n|t:|1700076334\n|switch|p2a: Cryogonal|Cryogonal, tera:Electric|88\/100\n|turn|63\n|\n|t:|1700076339\n|move|p2a: Cryogonal|Freeze-Dry|p1a: Garchomp\n|-supereffective|p1a: Garchomp\n|-damage|p1a: Garchomp|17\/100\n|move|p1a: Garchomp|Dragon Claw|p2a: Cryogonal\n|-damage|p2a: Cryogonal|0 fnt\n|faint|p2a: Cryogonal\n|\n|upkeep\n|\n|t:|1700076345\n|switch|p2a: Chandelure|Chandelure, M|100\/100\n|turn|64\n|\n|t:|1700076351\n|move|p2a: Chandelure|Shadow Ball|p1a: Garchomp\n|-damage|p1a: Garchomp|0 fnt\n|faint|p1a: Garchomp\n|\n|upkeep\n|n|\u2606Wetgras|wetgras\n|c|\u2606kompoppy|scarf???\n|\n|t:|1700076357\n|switch|p1a: Ninetales|Ninetales-Alola, M|75\/100 par\n|-weather|Snow|[from] ability: Snow Warning|[of] p1a: Ninetales\n|turn|65\n|c|\u2606Wetgras|Yes\n|\n|t:|1700076364\n|move|p2a: Chandelure|Shadow Ball|p1a: Ninetales\n|-damage|p1a: Ninetales|19\/100 par\n|-unboost|p1a: Ninetales|spd|1\n|move|p1a: Ninetales|Dazzling Gleam|p2a: Chandelure\n|-resisted|p2a: Chandelure\n|-damage|p2a: Chandelure|78\/100\n|\n|-weather|Snow|[upkeep]\n|-heal|p1a: Ninetales|25\/100 par|[from] item: Leftovers\n|upkeep\n|turn|66\n|c|\u2606kompoppy|gg\n|c|\u2606Wetgras|Ggish\n|\n|t:|1700076378\n|move|p2a: Chandelure|Shadow Ball|p1a: Ninetales\n|-damage|p1a: Ninetales|0 fnt\n|faint|p1a: Ninetales\n|\n|win|Wetgras\n|raw|kompoppy's rating: 1023 &rarr; <strong>1013<\/strong><br \/>(-10 for losing)\n|raw|Wetgras's rating: 1119 &rarr; <strong>1137<\/strong><br \/>(+18 for winning)\n","uploadtime":1700075933,"views":6,"p1id":"kompoppy","p2id":"wetgras","formatid":"gen9ou","rating":1013,"private":0,"password":""}