{"id":"gen9ou-1991205684","p1":"Chaperitif","p2":"ochoagenalyn","format":"[Gen 9] OU","log":"|j|\u203dChaperitif\n|j|\u2606ochoagenalyn\n|t:|1700057007\n|gametype|singles\n|player|p1|Chaperitif|169|1379\n|player|p2|ochoagenalyn|1|1432\n|teamsize|p1|6\n|teamsize|p2|6\n|gen|9\n|tier|[Gen 9] OU\n|rated|\n|rule|Sleep Clause Mod: Limit one foe put to sleep\n|rule|Species Clause: Limit one of each Pok\u00e9mon\n|rule|OHKO Clause: OHKO moves are banned\n|rule|Evasion Items Clause: Evasion items are banned\n|rule|Evasion Moves Clause: Evasion moves are banned\n|rule|Endless Battle Clause: Forcing endless battles is banned\n|rule|HP Percentage Mod: HP is shown in percentages\n|clearpoke\n|poke|p1|Ogerpon-Wellspring, F|\n|poke|p1|Kingambit, F|\n|poke|p1|Iron Moth|\n|poke|p1|Dragapult, F|\n|poke|p1|Great Tusk|\n|poke|p1|Slowking-Galar, M|\n|poke|p2|Manaphy|\n|poke|p2|Kingambit, F|\n|poke|p2|Ribombee, F|\n|poke|p2|Gholdengo|\n|poke|p2|Iron Moth|\n|poke|p2|Ogerpon-Wellspring, F|\n|teampreview\n|\n|t:|1700057012\n|start\n|switch|p1a: Great Tusk|Great Tusk|100\/100\n|switch|p2a: Robombee|Ribombee, F, shiny|100\/100\n|turn|1\n|\n|t:|1700057025\n|move|p2a: Robombee|Moonblast|p1a: Great Tusk\n|-supereffective|p1a: Great Tusk\n|-enditem|p1a: Great Tusk|Focus Sash\n|-damage|p1a: Great Tusk|1\/100\n|move|p1a: Great Tusk|Rapid Spin|p2a: Robombee\n|-damage|p2a: Robombee|68\/100\n|-boost|p1a: Great Tusk|spe|1\n|\n|upkeep\n|turn|2\n|\n|t:|1700057036\n|move|p1a: Great Tusk|Stealth Rock|p2a: Robombee\n|-sidestart|p2: ochoagenalyn|move: Stealth Rock\n|move|p2a: Robombee|Moonblast|p1a: Great Tusk\n|-supereffective|p1a: Great Tusk\n|-damage|p1a: Great Tusk|0 fnt\n|faint|p1a: Great Tusk\n|-end|p1a: Great Tusk|Protosynthesis|[silent]\n|\n|upkeep\n|\n|t:|1700057040\n|switch|p1a: Dragapult|Dragapult, F|100\/100\n|turn|3\n|\n|t:|1700057049\n|switch|p2a: Kingambit|Kingambit, F|100\/100\n|-damage|p2a: Kingambit|94\/100|[from] Stealth Rock\n|move|p1a: Dragapult|Hex|p2a: Kingambit\n|-resisted|p2a: Kingambit\n|-damage|p2a: Kingambit|78\/100\n|\n|upkeep\n|turn|4\n|\n|t:|1700057056\n|move|p1a: Dragapult|U-turn|p2a: Kingambit\n|-damage|p2a: Kingambit|63\/100\n|\n|t:|1700057058\n|switch|p1a: Kingambit|Kingambit, F|100\/100|[from] U-turn\n|-activate|p1a: Kingambit|ability: Supreme Overlord\n|-start|p1a: Kingambit|fallen1|[silent]\n|move|p2a: Kingambit|Swords Dance|p2a: Kingambit\n|-boost|p2a: Kingambit|atk|2\n|\n|upkeep\n|turn|5\n|\n|t:|1700057062\n|move|p1a: Kingambit|Swords Dance|p1a: Kingambit\n|-boost|p1a: Kingambit|atk|2\n|move|p2a: Kingambit|Low Kick|p1a: Kingambit\n|-supereffective|p1a: Kingambit\n|-damage|p1a: Kingambit|0 fnt\n|faint|p1a: Kingambit\n|-end|p1a: Kingambit|fallen1|[silent]\n|\n|upkeep\n|\n|t:|1700057066\n|switch|p1a: Iron Moth|Iron Moth|100\/100\n|turn|6\n|\n|t:|1700057070\n|-end|p1a: Iron Moth|Quark Drive|[silent]\n|switch|p1a: Ogerpon|Ogerpon-Wellspring, F|100\/100\n|move|p2a: Kingambit|Kowtow Cleave|p1a: Ogerpon\n|-damage|p1a: Ogerpon|0 fnt\n|faint|p1a: Ogerpon\n|\n|upkeep\n|\n|t:|1700057073\n|switch|p1a: Iron Moth|Iron Moth|100\/100\n|turn|7\n|\n|t:|1700057077\n|move|p2a: Kingambit|Sucker Punch|p1a: Iron Moth\n|-damage|p1a: Iron Moth|0 fnt\n|faint|p1a: Iron Moth\n|-end|p1a: Iron Moth|Quark Drive|[silent]\n|\n|upkeep\n|-message|Chaperitif forfeited.\n|\n|win|ochoagenalyn\n|raw|Chaperitif's rating: 1379 &rarr; <strong>1362<\/strong><br \/>(-17 for losing)\n|raw|ochoagenalyn's rating: 1432 &rarr; <strong>1449<\/strong><br \/>(+17 for winning)\n|l|\u203dChaperitif\n","uploadtime":1700057102,"views":9,"p1id":"chaperitif","p2id":"ochoagenalyn","formatid":"gen9ou","rating":1362,"private":0,"password":""}