{"id":"gen9ou-1994652766","p1":"dawggggg","p2":"voltes99","format":"[Gen 9] OU","log":"|j|\u2606dawggggg\n|j|\u2606voltes99\n|t:|1700475897\n|gametype|singles\n|player|p1|dawggggg|1|1107\n|player|p2|voltes99|170|1083\n|teamsize|p1|6\n|teamsize|p2|6\n|gen|9\n|tier|[Gen 9] OU\n|rated|\n|rule|Sleep Clause Mod: Limit one foe put to sleep\n|rule|Species Clause: Limit one of each Pok\u00e9mon\n|rule|OHKO Clause: OHKO moves are banned\n|rule|Evasion Items Clause: Evasion items are banned\n|rule|Evasion Moves Clause: Evasion moves are banned\n|rule|Endless Battle Clause: Forcing endless battles is banned\n|rule|HP Percentage Mod: HP is shown in percentages\n|clearpoke\n|poke|p1|Kingambit, F|\n|poke|p1|Glimmora, F|\n|poke|p1|Zamazenta-*|\n|poke|p1|Iron Valiant|\n|poke|p1|Iron Moth|\n|poke|p1|Ogerpon-Wellspring, F|\n|poke|p2|Gastrodon, M|\n|poke|p2|Ogerpon-Cornerstone, F|\n|poke|p2|Glimmora, F|\n|poke|p2|Corviknight, M|\n|poke|p2|Tyranitar, M|\n|poke|p2|Gholdengo|\n|teampreview\n|\n|t:|1700475901\n|start\n|switch|p1a: Glimmora|Glimmora, F|100\/100\n|switch|p2a: Tyranitar|Tyranitar, M|100\/100\n|-weather|Sandstorm|[from] ability: Sand Stream|[of] p2a: Tyranitar\n|turn|1\n|\n|t:|1700475910\n|move|p1a: Glimmora|Stealth Rock|p2a: Tyranitar\n|-sidestart|p2: voltes99|move: Stealth Rock\n|move|p2a: Tyranitar|Knock Off|p1a: Glimmora\n|-damage|p1a: Glimmora|6\/100\n|-activate|p1a: Glimmora|ability: Toxic Debris\n|-sidestart|p2: voltes99|move: Toxic Spikes\n|-enditem|p1a: Glimmora|Focus Sash|[from] move: Knock Off|[of] p2a: Tyranitar\n|\n|-weather|Sandstorm|[upkeep]\n|upkeep\n|turn|2\n|\n|t:|1700475920\n|move|p1a: Glimmora|Earth Power|p2a: Tyranitar\n|-supereffective|p2a: Tyranitar\n|-damage|p2a: Tyranitar|57\/100\n|move|p2a: Tyranitar|Knock Off|p1a: Glimmora\n|-damage|p1a: Glimmora|0 fnt\n|-activate|p1a: Glimmora|ability: Toxic Debris\n|-sidestart|p2: voltes99|move: Toxic Spikes\n|faint|p1a: Glimmora\n|\n|-weather|Sandstorm|[upkeep]\n|upkeep\n|\n|t:|1700475933\n|switch|p1a: Zamazenta|Zamazenta, shiny|100\/100\n|-ability|p1a: Zamazenta|Dauntless Shield|boost\n|-boost|p1a: Zamazenta|def|1\n|turn|3\n|\n|t:|1700475938\n|switch|p2a: Corviknight|Corviknight, M, shiny|100\/100\n|-damage|p2a: Corviknight|88\/100|[from] Stealth Rock\n|-ability|p2a: Corviknight|Pressure\n|move|p1a: Zamazenta|Iron Defense|p1a: Zamazenta\n|-boost|p1a: Zamazenta|def|2\n|\n|-weather|Sandstorm|[upkeep]\n|-damage|p1a: Zamazenta|94\/100|[from] Sandstorm\n|-heal|p1a: Zamazenta|100\/100|[from] item: Leftovers\n|upkeep\n|turn|4\n|\n|t:|1700475955\n|move|p1a: Zamazenta|Body Press|p2a: Corviknight\n|-damage|p2a: Corviknight|31\/100\n|-damage|p1a: Zamazenta|84\/100|[from] item: Rocky Helmet|[of] p2a: Corviknight\n|move|p2a: Corviknight|Defog|p1a: Zamazenta\n|-unboost|p1a: Zamazenta|evasion|1\n|-sideend|p2: voltes99|Toxic Spikes|[from] move: Defog|[of] p2a: Corviknight\n|-sideend|p2: voltes99|Stealth Rock|[from] move: Defog|[of] p2a: Corviknight\n|\n|-weather|Sandstorm|[upkeep]\n|-damage|p1a: Zamazenta|78\/100|[from] Sandstorm\n|-heal|p1a: Zamazenta|84\/100|[from] item: Leftovers\n|upkeep\n|turn|5\n|\n|t:|1700475968\n|switch|p2a: Gholdengo|Gholdengo, shiny|100\/100\n|-item|p2a: Gholdengo|Air Balloon\n|move|p1a: Zamazenta|Body Press|p2a: Gholdengo\n|-immune|p2a: Gholdengo\n|\n|-weather|none\n|-heal|p1a: Zamazenta|90\/100|[from] item: Leftovers\n|upkeep\n|turn|6\n|\n|t:|1700475983\n|move|p1a: Zamazenta|Stone Edge|p2a: Gholdengo\n|-resisted|p2a: Gholdengo\n|-damage|p2a: Gholdengo|85\/100\n|-enditem|p2a: Gholdengo|Air Balloon\n|move|p2a: Gholdengo|Shadow Ball|p1a: Zamazenta\n|-damage|p1a: Zamazenta|50\/100\n|\n|-heal|p1a: Zamazenta|57\/100|[from] item: Leftovers\n|upkeep\n|turn|7\n|\n|t:|1700475994\n|switch|p1a: Iron Moth|Iron Moth|100\/100\n|-enditem|p1a: Iron Moth|Booster Energy\n|-activate|p1a: Iron Moth|ability: Quark Drive|[fromitem]\n|-start|p1a: Iron Moth|quarkdrivespe\n|move|p2a: Gholdengo|Make It Rain|p1a: Iron Moth\n|-resisted|p1a: Iron Moth\n|-damage|p1a: Iron Moth|69\/100\n|-unboost|p2a: Gholdengo|spa|1\n|\n|upkeep\n|turn|8\n|\n|t:|1700476008\n|switch|p2a: Glimmora|Glimmora, F, shiny|100\/100\n|-terastallize|p1a: Iron Moth|Fairy\n|move|p1a: Iron Moth|Fiery Dance|p2a: Glimmora\n|-resisted|p2a: Glimmora\n|-damage|p2a: Glimmora|80\/100\n|-boost|p1a: Iron Moth|spa|1\n|\n|-heal|p2a: Glimmora|86\/100|[from] item: Leftovers\n|upkeep\n|turn|9\n|\n|t:|1700476022\n|-end|p1a: Iron Moth|Quark Drive|[silent]\n|switch|p1a: Zamazenta|Zamazenta, shiny|57\/100\n|move|p2a: Glimmora|Spiky Shield||[still]\n|-fail|p2a: Glimmora\n|\n|-heal|p1a: Zamazenta|63\/100|[from] item: Leftovers\n|-heal|p2a: Glimmora|93\/100|[from] item: Leftovers\n|upkeep\n|turn|10\n|\n|t:|1700476032\n|move|p1a: Zamazenta|Stone Edge|p2a: Glimmora\n|-crit|p2a: Glimmora\n|-damage|p2a: Glimmora|51\/100\n|move|p2a: Glimmora|Toxic|p1a: Zamazenta\n|-status|p1a: Zamazenta|tox\n|\n|-heal|p1a: Zamazenta|69\/100 tox|[from] item: Leftovers\n|-heal|p2a: Glimmora|58\/100|[from] item: Leftovers\n|-damage|p1a: Zamazenta|63\/100 tox|[from] psn\n|upkeep\n|turn|11\n|\n|t:|1700476043\n|move|p2a: Glimmora|Spiky Shield|p2a: Glimmora\n|-singleturn|p2a: Glimmora|move: Protect\n|move|p1a: Zamazenta|Iron Defense|p1a: Zamazenta\n|-boost|p1a: Zamazenta|def|2\n|\n|-heal|p1a: Zamazenta|69\/100 tox|[from] item: Leftovers\n|-heal|p2a: Glimmora|64\/100|[from] item: Leftovers\n|-damage|p1a: Zamazenta|57\/100 tox|[from] psn\n|upkeep\n|turn|12\n|\n|t:|1700476055\n|switch|p2a: Gholdengo|Gholdengo, shiny|85\/100\n|move|p1a: Zamazenta|Stone Edge|p2a: Gholdengo\n|-resisted|p2a: Gholdengo\n|-damage|p2a: Gholdengo|71\/100\n|\n|-heal|p1a: Zamazenta|63\/100 tox|[from] item: Leftovers\n|-damage|p1a: Zamazenta|44\/100 tox|[from] psn\n|upkeep\n|turn|13\n|\n|t:|1700476066\n|move|p1a: Zamazenta|Crunch|p2a: Gholdengo\n|-supereffective|p2a: Gholdengo\n|-damage|p2a: Gholdengo|23\/100\n|move|p2a: Gholdengo|Shadow Ball|p1a: Zamazenta\n|-damage|p1a: Zamazenta|11\/100 tox\n|\n|-heal|p1a: Zamazenta|17\/100 tox|[from] item: Leftovers\n|-damage|p1a: Zamazenta|0 fnt|[from] psn\n|faint|p1a: Zamazenta\n|upkeep\n|\n|t:|1700476070\n|switch|p1a: Iron Moth|Iron Moth, tera:Fairy|69\/100\n|turn|14\n|\n|t:|1700476083\n|move|p1a: Iron Moth|Fiery Dance|p2a: Gholdengo\n|-supereffective|p2a: Gholdengo\n|-damage|p2a: Gholdengo|0 fnt\n|-boost|p1a: Iron Moth|spa|1\n|faint|p2a: Gholdengo\n|\n|upkeep\n|\n|t:|1700476094\n|switch|p2a: Glimmora|Glimmora, F, shiny|64\/100\n|turn|15\n|\n|t:|1700476103\n|move|p1a: Iron Moth|Sludge Wave|p2a: Glimmora\n|-resisted|p2a: Glimmora\n|-damage|p2a: Glimmora|47\/100\n|move|p2a: Glimmora|Toxic|p1a: Iron Moth\n|-status|p1a: Iron Moth|tox\n|\n|-heal|p2a: Glimmora|53\/100|[from] item: Leftovers\n|-damage|p1a: Iron Moth|63\/100 tox|[from] psn\n|upkeep\n|turn|16\n|\n|t:|1700476113\n|move|p2a: Glimmora|Spiky Shield|p2a: Glimmora\n|-singleturn|p2a: Glimmora|move: Protect\n|move|p1a: Iron Moth|Dazzling Gleam|p2a: Glimmora\n|-activate|p2a: Glimmora|move: Protect\n|\n|-heal|p2a: Glimmora|59\/100|[from] item: Leftovers\n|-damage|p1a: Iron Moth|51\/100 tox|[from] psn\n|upkeep\n|turn|17\n|\n|t:|1700476124\n|move|p1a: Iron Moth|Dazzling Gleam|p2a: Glimmora\n|-resisted|p2a: Glimmora\n|-damage|p2a: Glimmora|29\/100\n|move|p2a: Glimmora|Energy Ball|p1a: Iron Moth\n|-crit|p1a: Iron Moth\n|-damage|p1a: Iron Moth|5\/100 tox\n|\n|-heal|p2a: Glimmora|35\/100|[from] item: Leftovers\n|-damage|p1a: Iron Moth|0 fnt|[from] psn\n|faint|p1a: Iron Moth\n|-end|p1a: Iron Moth|Quark Drive|[silent]\n|upkeep\n|\n|t:|1700476141\n|switch|p1a: Ogerpon|Ogerpon-Wellspring, F|100\/100\n|turn|18\n|\n|t:|1700476147\n|move|p2a: Glimmora|Spiky Shield|p2a: Glimmora\n|-singleturn|p2a: Glimmora|move: Protect\n|move|p1a: Ogerpon|Ivy Cudgel|p2a: Glimmora|[anim] Ivy Cudgel Water\n|-activate|p2a: Glimmora|move: Protect\n|\n|-heal|p2a: Glimmora|41\/100|[from] item: Leftovers\n|upkeep\n|turn|19\n|\n|t:|1700476158\n|move|p1a: Ogerpon|Ivy Cudgel|p2a: Glimmora|[anim] Ivy Cudgel Water\n|-supereffective|p2a: Glimmora\n|-damage|p2a: Glimmora|0 fnt\n|faint|p2a: Glimmora\n|\n|upkeep\n|\n|t:|1700476170\n|switch|p2a: Corviknight|Corviknight, M, shiny|31\/100\n|-ability|p2a: Corviknight|Pressure\n|turn|20\n|\n|t:|1700476178\n|move|p1a: Ogerpon|Swords Dance|p1a: Ogerpon\n|-boost|p1a: Ogerpon|atk|2\n|move|p2a: Corviknight|U-turn|p1a: Ogerpon\n|-supereffective|p1a: Ogerpon\n|-damage|p1a: Ogerpon|63\/100\n|\n|t:|1700476186\n|switch|p2a: Tyranitar|Tyranitar, M|57\/100|[from] U-turn\n|-weather|Sandstorm|[from] ability: Sand Stream|[of] p2a: Tyranitar\n|\n|-weather|Sandstorm|[upkeep]\n|-damage|p1a: Ogerpon|57\/100|[from] Sandstorm\n|upkeep\n|turn|21\n|\n|t:|1700476194\n|switch|p2a: Gastrodon|Gastrodon, M, shiny|100\/100\n|move|p1a: Ogerpon|Ivy Cudgel|p2a: Gastrodon|[anim] Ivy Cudgel Water\n|-ability|p2a: Gastrodon|Storm Drain|boost\n|-boost|p2a: Gastrodon|spa|1\n|\n|-weather|Sandstorm|[upkeep]\n|-damage|p1a: Ogerpon|51\/100|[from] Sandstorm\n|upkeep\n|turn|22\n|\n|t:|1700476207\n|-terastallize|p2a: Gastrodon|Fire\n|move|p1a: Ogerpon|Power Whip|p2a: Gastrodon\n|-resisted|p2a: Gastrodon\n|-damage|p2a: Gastrodon|25\/100\n|move|p2a: Gastrodon|Earth Power|p1a: Ogerpon\n|-resisted|p1a: Ogerpon\n|-damage|p1a: Ogerpon|27\/100\n|\n|-weather|Sandstorm|[upkeep]\n|-damage|p1a: Ogerpon|21\/100|[from] Sandstorm\n|-damage|p2a: Gastrodon|19\/100|[from] Sandstorm\n|upkeep\n|turn|23\n|\n|t:|1700476221\n|move|p1a: Ogerpon|Knock Off|p2a: Gastrodon\n|-damage|p2a: Gastrodon|0 fnt\n|-enditem|p2a: Gastrodon|Covert Cloak|[from] move: Knock Off|[of] p1a: Ogerpon\n|faint|p2a: Gastrodon\n|\n|-weather|Sandstorm|[upkeep]\n|-damage|p1a: Ogerpon|15\/100|[from] Sandstorm\n|upkeep\n|\n|t:|1700476230\n|switch|p2a: Ogerpon|Ogerpon-Cornerstone, F|100\/100\n|turn|24\n|\n|t:|1700476235\n|move|p2a: Ogerpon|Horn Leech|p1a: Ogerpon\n|-damage|p1a: Ogerpon|0 fnt\n|faint|p1a: Ogerpon\n|\n|-weather|none\n|upkeep\n|\n|t:|1700476251\n|switch|p1a: Kingambit|Kingambit, F|100\/100\n|-activate|p1a: Kingambit|ability: Supreme Overlord\n|-start|p1a: Kingambit|fallen4|[silent]\n|turn|25\n|\n|t:|1700476260\n|move|p2a: Ogerpon|Ivy Cudgel|p1a: Kingambit|[anim] Ivy Cudgel Rock\n|-resisted|p1a: Kingambit\n|-damage|p1a: Kingambit|79\/100\n|move|p1a: Kingambit|Iron Head|p2a: Ogerpon\n|-supereffective|p2a: Ogerpon\n|-ability|p2a: Ogerpon|Sturdy\n|-damage|p2a: Ogerpon|1\/100\n|\n|upkeep\n|turn|26\n|\n|t:|1700476271\n|switch|p2a: Corviknight|Corviknight, M, shiny|31\/100\n|-ability|p2a: Corviknight|Pressure\n|move|p1a: Kingambit|Sucker Punch||[still]\n|-fail|p1a: Kingambit\n|\n|upkeep\n|turn|27\n|\n|t:|1700476280\n|move|p2a: Corviknight|Body Press|p1a: Kingambit\n|-supereffective|p1a: Kingambit\n|-damage|p1a: Kingambit|0 fnt\n|faint|p1a: Kingambit\n|-end|p1a: Kingambit|fallen4|[silent]\n|\n|upkeep\n|\n|t:|1700476285\n|switch|p1a: Iron Valiant|Iron Valiant|100\/100\n|-enditem|p1a: Iron Valiant|Booster Energy\n|-activate|p1a: Iron Valiant|ability: Quark Drive|[fromitem]\n|-start|p1a: Iron Valiant|quarkdrivespe\n|turn|28\n|\n|t:|1700476291\n|move|p1a: Iron Valiant|Moonblast|p2a: Corviknight\n|-resisted|p2a: Corviknight\n|-damage|p2a: Corviknight|8\/100\n|move|p2a: Corviknight|Roost|p2a: Corviknight\n|-heal|p2a: Corviknight|58\/100\n|-singleturn|p2a: Corviknight|move: Roost\n|\n|upkeep\n|turn|29\n|\n|t:|1700476301\n|move|p1a: Iron Valiant|Psyshock|p2a: Corviknight\n|-resisted|p2a: Corviknight\n|-damage|p2a: Corviknight|49\/100\n|move|p2a: Corviknight|Roost|p2a: Corviknight\n|-heal|p2a: Corviknight|99\/100\n|-singleturn|p2a: Corviknight|move: Roost\n|\n|upkeep\n|turn|30\n|\n|t:|1700476309\n|move|p1a: Iron Valiant|Hypnosis|p2a: Corviknight\n|-status|p2a: Corviknight|slp|[from] move: Hypnosis\n|cant|p2a: Corviknight|slp\n|\n|upkeep\n|turn|31\n|\n|t:|1700476315\n|move|p1a: Iron Valiant|Moonblast|p2a: Corviknight\n|-resisted|p2a: Corviknight\n|-damage|p2a: Corviknight|76\/100 slp\n|cant|p2a: Corviknight|slp\n|\n|upkeep\n|turn|32\n|\n|t:|1700476323\n|move|p1a: Iron Valiant|Psyshock|p2a: Corviknight\n|-resisted|p2a: Corviknight\n|-crit|p2a: Corviknight\n|-damage|p2a: Corviknight|64\/100 slp\n|cant|p2a: Corviknight|slp\n|\n|upkeep\n|turn|33\n|c|\u2606dawggggg|Gg\n|\n|t:|1700476330\n|move|p1a: Iron Valiant|Moonblast|p2a: Corviknight\n|-resisted|p2a: Corviknight\n|-damage|p2a: Corviknight|42\/100 slp\n|-curestatus|p2a: Corviknight|slp|[msg]\n|move|p2a: Corviknight|Roost|p2a: Corviknight\n|-heal|p2a: Corviknight|92\/100\n|-singleturn|p2a: Corviknight|move: Roost\n|\n|upkeep\n|turn|34\n|\n|t:|1700476339\n|move|p1a: Iron Valiant|Hypnosis|p2a: Corviknight|[miss]\n|-miss|p1a: Iron Valiant|p2a: Corviknight\n|move|p2a: Corviknight|U-turn|p1a: Iron Valiant\n|-resisted|p1a: Iron Valiant\n|-damage|p1a: Iron Valiant|96\/100\n|\n|t:|1700476345\n|switch|p2a: Ogerpon|Ogerpon-Cornerstone, F|1\/100|[from] U-turn\n|\n|upkeep\n|turn|35\n|\n|t:|1700476350\n|move|p1a: Iron Valiant|Moonblast|p2a: Ogerpon\n|-damage|p2a: Ogerpon|0 fnt\n|faint|p2a: Ogerpon\n|\n|upkeep\n|\n|t:|1700476356\n|switch|p2a: Tyranitar|Tyranitar, M|57\/100\n|-weather|Sandstorm|[from] ability: Sand Stream|[of] p2a: Tyranitar\n|turn|36\n|\n|t:|1700476365\n|move|p1a: Iron Valiant|Hypnosis|p2a: Tyranitar|[miss]\n|-miss|p1a: Iron Valiant|p2a: Tyranitar\n|move|p2a: Tyranitar|Knock Off|p1a: Iron Valiant\n|-resisted|p1a: Iron Valiant\n|-damage|p1a: Iron Valiant|77\/100\n|\n|-weather|Sandstorm|[upkeep]\n|-damage|p1a: Iron Valiant|71\/100|[from] Sandstorm\n|upkeep\n|turn|37\n|\n|t:|1700476374\n|switch|p2a: Corviknight|Corviknight, M, shiny|92\/100\n|-ability|p2a: Corviknight|Pressure\n|move|p1a: Iron Valiant|Psyshock|p2a: Corviknight\n|-resisted|p2a: Corviknight\n|-damage|p2a: Corviknight|84\/100\n|\n|-weather|Sandstorm|[upkeep]\n|-damage|p1a: Iron Valiant|65\/100|[from] Sandstorm\n|upkeep\n|turn|38\n|\n|t:|1700476388\n|move|p1a: Iron Valiant|Hypnosis|p2a: Corviknight\n|-status|p2a: Corviknight|slp|[from] move: Hypnosis\n|cant|p2a: Corviknight|slp\n|\n|-weather|Sandstorm|[upkeep]\n|-damage|p1a: Iron Valiant|58\/100|[from] Sandstorm\n|upkeep\n|turn|39\n|\n|t:|1700476399\n|move|p1a: Iron Valiant|Moonblast|p2a: Corviknight\n|-resisted|p2a: Corviknight\n|-damage|p2a: Corviknight|60\/100 slp\n|-curestatus|p2a: Corviknight|slp|[msg]\n|move|p2a: Corviknight|U-turn|p1a: Iron Valiant\n|-resisted|p1a: Iron Valiant\n|-damage|p1a: Iron Valiant|54\/100\n|\n|t:|1700476406\n|switch|p2a: Tyranitar|Tyranitar, M|57\/100|[from] U-turn\n|\n|-weather|Sandstorm|[upkeep]\n|-damage|p1a: Iron Valiant|48\/100|[from] Sandstorm\n|upkeep\n|turn|40\n|\n|t:|1700476415\n|move|p1a: Iron Valiant|Psyshock|p2a: Tyranitar\n|-immune|p2a: Tyranitar\n|move|p2a: Tyranitar|Stone Edge|p1a: Iron Valiant|[miss]\n|-miss|p2a: Tyranitar|p1a: Iron Valiant\n|\n|-weather|none\n|upkeep\n|turn|41\n|\n|t:|1700476423\n|move|p1a: Iron Valiant|Moonblast|p2a: Tyranitar\n|-supereffective|p2a: Tyranitar\n|-damage|p2a: Tyranitar|0 fnt\n|faint|p2a: Tyranitar\n|\n|upkeep\n|\n|t:|1700476429\n|switch|p2a: Corviknight|Corviknight, M, shiny|60\/100\n|-ability|p2a: Corviknight|Pressure\n|turn|42\n|\n|t:|1700476434\n|move|p1a: Iron Valiant|Hypnosis|p2a: Corviknight|[miss]\n|-miss|p1a: Iron Valiant|p2a: Corviknight\n|move|p2a: Corviknight|Roost|p2a: Corviknight\n|-heal|p2a: Corviknight|100\/100\n|-singleturn|p2a: Corviknight|move: Roost\n|\n|upkeep\n|turn|43\n|\n|t:|1700476442\n|move|p1a: Iron Valiant|Hypnosis|p2a: Corviknight\n|-status|p2a: Corviknight|slp|[from] move: Hypnosis\n|cant|p2a: Corviknight|slp\n|\n|upkeep\n|turn|44\n|\n|t:|1700476448\n|move|p1a: Iron Valiant|Moonblast|p2a: Corviknight\n|-resisted|p2a: Corviknight\n|-damage|p2a: Corviknight|79\/100 slp\n|cant|p2a: Corviknight|slp\n|\n|upkeep\n|turn|45\n|\n|t:|1700476456\n|move|p1a: Iron Valiant|Moonblast|p2a: Corviknight\n|-resisted|p2a: Corviknight\n|-damage|p2a: Corviknight|56\/100 slp\n|-curestatus|p2a: Corviknight|slp|[msg]\n|move|p2a: Corviknight|Body Press|p1a: Iron Valiant\n|-resisted|p1a: Iron Valiant\n|-damage|p1a: Iron Valiant|33\/100\n|\n|upkeep\n|turn|46\n|\n|t:|1700476465\n|move|p1a: Iron Valiant|Hypnosis|p2a: Corviknight|[miss]\n|-miss|p1a: Iron Valiant|p2a: Corviknight\n|move|p2a: Corviknight|Roost|p2a: Corviknight\n|-heal|p2a: Corviknight|100\/100\n|-singleturn|p2a: Corviknight|move: Roost\n|\n|upkeep\n|turn|47\n|\n|t:|1700476473\n|move|p1a: Iron Valiant|Hypnosis|p2a: Corviknight\n|-status|p2a: Corviknight|slp|[from] move: Hypnosis\n|cant|p2a: Corviknight|slp\n|\n|upkeep\n|turn|48\n|\n|t:|1700476479\n|move|p1a: Iron Valiant|Calm Mind|p1a: Iron Valiant\n|-boost|p1a: Iron Valiant|spa|1\n|-boost|p1a: Iron Valiant|spd|1\n|-curestatus|p2a: Corviknight|slp|[msg]\n|move|p2a: Corviknight|U-turn|p1a: Iron Valiant\n|-resisted|p1a: Iron Valiant\n|-damage|p1a: Iron Valiant|29\/100\n|\n|upkeep\n|turn|49\n|-message|voltes99 forfeited.\n|\n|win|dawggggg\n|raw|dawggggg's rating: 1107 &rarr; <strong>1130<\/strong><br \/>(+23 for winning)\n|raw|voltes99's rating: 1083 &rarr; <strong>1062<\/strong><br \/>(-21 for losing)\n|l|\u2606voltes99\n|c|\u2606dawggggg|LMFAOOOO\n","uploadtime":1700476501,"views":48,"p1id":"dawggggg","p2id":"voltes99","formatid":"gen9ou","rating":1062,"private":0,"password":""}