{"id":"gen9ou-1989236836","p1":"Zixerneas","p2":"moope","format":"[Gen 9] OU","log":"|j|\u2606Zixerneas\n|j|\u2606moope\n|t:|1699826574\n|gametype|singles\n|player|p1|Zixerneas|az|1320\n|player|p2|moope|iono|1376\n|teamsize|p1|6\n|teamsize|p2|6\n|gen|9\n|tier|[Gen 9] OU\n|rated|\n|rule|Sleep Clause Mod: Limit one foe put to sleep\n|rule|Species Clause: Limit one of each Pok\u00e9mon\n|rule|OHKO Clause: OHKO moves are banned\n|rule|Evasion Items Clause: Evasion items are banned\n|rule|Evasion Moves Clause: Evasion moves are banned\n|rule|Endless Battle Clause: Forcing endless battles is banned\n|rule|HP Percentage Mod: HP is shown in percentages\n|clearpoke\n|poke|p1|Rillaboom, F|\n|poke|p1|Iron Valiant|\n|poke|p1|Maushold|\n|poke|p1|Heatran, F|\n|poke|p1|Great Tusk|\n|poke|p1|Sneasler, M|\n|poke|p2|Polteageist|\n|poke|p2|Sneasler, M|\n|poke|p2|Maushold|\n|poke|p2|Indeedee-F, F|\n|poke|p2|Zapdos-Galar|\n|poke|p2|Heatran, M|\n|teampreview\n|inactive|Battle timer is ON: inactive players will automatically lose when time's up. (requested by Zixerneas)\n|inactive|moope has 120 seconds left.\n|\n|t:|1699826617\n|start\n|switch|p1a: Heatran|Heatran, F|100\/100\n|switch|p2a: Maushold|Maushold|100\/100\n|-item|p1a: Heatran|Air Balloon\n|turn|1\n|\n|t:|1699826639\n|move|p2a: Maushold|Population Bomb|p1a: Heatran\n|-resisted|p1a: Heatran\n|-damage|p1a: Heatran|95\/100\n|-enditem|p1a: Heatran|Air Balloon\n|-resisted|p1a: Heatran\n|-damage|p1a: Heatran|90\/100\n|-resisted|p1a: Heatran\n|-damage|p1a: Heatran|85\/100\n|-resisted|p1a: Heatran\n|-damage|p1a: Heatran|80\/100\n|-resisted|p1a: Heatran\n|-damage|p1a: Heatran|75\/100\n|-resisted|p1a: Heatran\n|-damage|p1a: Heatran|69\/100\n|-resisted|p1a: Heatran\n|-damage|p1a: Heatran|65\/100\n|-resisted|p1a: Heatran\n|-damage|p1a: Heatran|60\/100\n|-resisted|p1a: Heatran\n|-damage|p1a: Heatran|55\/100\n|-resisted|p1a: Heatran\n|-damage|p1a: Heatran|50\/100\n|-hitcount|p1a: Heatran|10\n|move|p1a: Heatran|Magma Storm|p2a: Maushold\n|-damage|p2a: Maushold|14\/100\n|-activate|p2a: Maushold|move: Magma Storm|[of] p1a: Heatran\n|\n|-damage|p2a: Maushold|2\/100|[from] move: Magma Storm|[partiallytrapped]\n|upkeep\n|turn|2\n|\n|t:|1699826653\n|move|p2a: Maushold|Population Bomb|p1a: Heatran\n|-resisted|p1a: Heatran\n|-damage|p1a: Heatran|46\/100\n|-resisted|p1a: Heatran\n|-damage|p1a: Heatran|41\/100\n|-resisted|p1a: Heatran\n|-damage|p1a: Heatran|36\/100\n|-resisted|p1a: Heatran\n|-damage|p1a: Heatran|32\/100\n|-resisted|p1a: Heatran\n|-damage|p1a: Heatran|26\/100\n|-resisted|p1a: Heatran\n|-damage|p1a: Heatran|21\/100\n|-resisted|p1a: Heatran\n|-damage|p1a: Heatran|16\/100\n|-resisted|p1a: Heatran\n|-damage|p1a: Heatran|11\/100\n|-resisted|p1a: Heatran\n|-damage|p1a: Heatran|6\/100\n|-resisted|p1a: Heatran\n|-damage|p1a: Heatran|2\/100\n|-hitcount|p1a: Heatran|10\n|move|p1a: Heatran|Stealth Rock|p2a: Maushold\n|-sidestart|p2: moope|move: Stealth Rock\n|\n|-damage|p2a: Maushold|0 fnt|[from] move: Magma Storm|[partiallytrapped]\n|faint|p2a: Maushold\n|upkeep\n|\n|t:|1699826673\n|switch|p2a: Zapdos|Zapdos-Galar|100\/100\n|-damage|p2a: Zapdos|88\/100|[from] Stealth Rock\n|turn|3\n|\n|t:|1699826684\n|move|p2a: Zapdos|Thunderous Kick|p1a: Heatran\n|-supereffective|p1a: Heatran\n|-damage|p1a: Heatran|0 fnt\n|faint|p1a: Heatran\n|\n|upkeep\n|\n|t:|1699826688\n|switch|p1a: Maushold|Maushold|100\/100\n|turn|4\n|inactive|moope has 120 seconds left.\n|\n|t:|1699826727\n|move|p2a: Zapdos|Thunderous Kick|p1a: Maushold\n|-supereffective|p1a: Maushold\n|-damage|p1a: Maushold|0 fnt\n|faint|p1a: Maushold\n|\n|upkeep\n|\n|t:|1699826734\n|switch|p1a: Great Tusk|Great Tusk|100\/100\n|-enditem|p1a: Great Tusk|Booster Energy\n|-activate|p1a: Great Tusk|ability: Protosynthesis|[fromitem]\n|-start|p1a: Great Tusk|protosynthesisspe\n|turn|5\n|\n|t:|1699826746\n|move|p2a: Zapdos|Thunderous Kick|p1a: Great Tusk\n|-damage|p1a: Great Tusk|73\/100\n|-unboost|p1a: Great Tusk|def|1\n|move|p1a: Great Tusk|Bulk Up|p1a: Great Tusk\n|-boost|p1a: Great Tusk|atk|1\n|-boost|p1a: Great Tusk|def|1\n|\n|upkeep\n|turn|6\n|inactive|Zixerneas has 120 seconds left.\n|\n|t:|1699826770\n|move|p2a: Zapdos|Thunderous Kick|p1a: Great Tusk\n|-damage|p1a: Great Tusk|45\/100\n|-unboost|p1a: Great Tusk|def|1\n|move|p1a: Great Tusk|Bulk Up|p1a: Great Tusk\n|-boost|p1a: Great Tusk|atk|1\n|-boost|p1a: Great Tusk|def|1\n|\n|upkeep\n|turn|7\n|\n|t:|1699826777\n|move|p2a: Zapdos|Thunderous Kick|p1a: Great Tusk\n|-damage|p1a: Great Tusk|14\/100\n|-unboost|p1a: Great Tusk|def|1\n|move|p1a: Great Tusk|Ice Spinner|p2a: Zapdos\n|-supereffective|p2a: Zapdos\n|-damage|p2a: Zapdos|0 fnt\n|faint|p2a: Zapdos\n|\n|upkeep\n|\n|t:|1699826800\n|switch|p2a: Indeedee|Indeedee-F, F|100\/100\n|-damage|p2a: Indeedee|88\/100|[from] Stealth Rock\n|-fieldstart|move: Psychic Terrain|[from] ability: Psychic Surge|[of] p2a: Indeedee\n|turn|8\n|\n|t:|1699826807\n|move|p1a: Great Tusk|Headlong Rush|p2a: Indeedee\n|-damage|p2a: Indeedee|0 fnt\n|-unboost|p1a: Great Tusk|def|1\n|-unboost|p1a: Great Tusk|spd|1\n|faint|p2a: Indeedee\n|\n|upkeep\n|\n|t:|1699826808\n|switch|p2a: Sneasler|Sneasler, M|100\/100\n|-damage|p2a: Sneasler|95\/100|[from] Stealth Rock\n|-enditem|p2a: Sneasler|Psychic Seed\n|-boost|p2a: Sneasler|spd|1|[from] item: Psychic Seed\n|turn|9\n|\n|t:|1699826822\n|move|p2a: Sneasler|Acrobatics|p1a: Great Tusk\n|-supereffective|p1a: Great Tusk\n|-damage|p1a: Great Tusk|0 fnt\n|faint|p1a: Great Tusk\n|-end|p1a: Great Tusk|Protosynthesis|[silent]\n|\n|upkeep\n|\n|t:|1699826835\n|switch|p1a: Rillaboom|Rillaboom, F|100\/100\n|-fieldstart|move: Grassy Terrain|[from] ability: Grassy Surge|[of] p1a: Rillaboom\n|turn|10\n|inactive|moope has 120 seconds left.\n|\n|t:|1699826894\n|move|p1a: Rillaboom|Grassy Glide|p2a: Sneasler\n|-resisted|p2a: Sneasler\n|-damage|p2a: Sneasler|58\/100\n|move|p2a: Sneasler|Dire Claw|p1a: Rillaboom\n|-supereffective|p1a: Rillaboom\n|-damage|p1a: Rillaboom|10\/100\n|-status|p1a: Rillaboom|psn\n|\n|-heal|p2a: Sneasler|64\/100|[from] Grassy Terrain\n|-heal|p1a: Rillaboom|16\/100 psn|[from] Grassy Terrain\n|-damage|p1a: Rillaboom|3\/100 psn|[from] psn\n|upkeep\n|turn|11\n|\n|t:|1699826906\n|move|p1a: Rillaboom|Grassy Glide|p2a: Sneasler\n|-resisted|p2a: Sneasler\n|-damage|p2a: Sneasler|32\/100\n|move|p2a: Sneasler|Acrobatics|p1a: Rillaboom\n|-supereffective|p1a: Rillaboom\n|-damage|p1a: Rillaboom|0 fnt\n|faint|p1a: Rillaboom\n|\n|-heal|p2a: Sneasler|38\/100|[from] Grassy Terrain\n|upkeep\n|\n|t:|1699826919\n|switch|p1a: Sneasler|Sneasler, M|100\/100\n|-enditem|p1a: Sneasler|Grassy Seed\n|-boost|p1a: Sneasler|def|1|[from] item: Grassy Seed\n|turn|12\n|\n|t:|1699826936\n|-terastallize|p1a: Sneasler|Ghost\n|move|p2a: Sneasler|Acrobatics|p1a: Sneasler\n|-damage|p1a: Sneasler|60\/100\n|move|p1a: Sneasler|Close Combat|p2a: Sneasler\n|-resisted|p2a: Sneasler\n|-damage|p2a: Sneasler|0 fnt\n|-unboost|p1a: Sneasler|def|1\n|-unboost|p1a: Sneasler|spd|1\n|faint|p2a: Sneasler\n|\n|-heal|p1a: Sneasler|66\/100|[from] Grassy Terrain\n|upkeep\n|\n|t:|1699826940\n|switch|p2a: Heatran|Heatran, M|100\/100\n|-damage|p2a: Heatran|88\/100|[from] Stealth Rock\n|turn|13\n|inactive|moope has 120 seconds left.\n|\n|t:|1699826946\n|-terastallize|p2a: Heatran|Grass\n|move|p1a: Sneasler|Close Combat|p2a: Heatran\n|-damage|p2a: Heatran|24\/100\n|-unboost|p1a: Sneasler|def|1\n|-unboost|p1a: Sneasler|spd|1\n|move|p2a: Heatran|Lava Plume|p1a: Sneasler\n|-damage|p1a: Sneasler|0 fnt\n|faint|p1a: Sneasler\n|\n|-heal|p2a: Heatran|30\/100|[from] Grassy Terrain\n|-heal|p2a: Heatran|36\/100|[from] item: Leftovers\n|upkeep\n|\n|t:|1699826952\n|switch|p1a: Iron Valiant|Iron Valiant|100\/100\n|-enditem|p1a: Iron Valiant|Booster Energy\n|-activate|p1a: Iron Valiant|ability: Quark Drive|[fromitem]\n|-start|p1a: Iron Valiant|quarkdrivespe\n|turn|14\n|\n|t:|1699826957\n|move|p1a: Iron Valiant|Moonblast|p2a: Heatran\n|-damage|p2a: Heatran|0 fnt\n|faint|p2a: Heatran\n|\n|-fieldend|move: Grassy Terrain\n|upkeep\n|\n|t:|1699826958\n|switch|p2a: Polteageist|Polteageist|100\/100\n|-damage|p2a: Polteageist|88\/100|[from] Stealth Rock\n|turn|15\n|\n|t:|1699826964\n|move|p1a: Iron Valiant|Taunt|p2a: Polteageist\n|-start|p2a: Polteageist|move: Taunt\n|move|p2a: Polteageist|Shadow Ball|p1a: Iron Valiant\n|-damage|p1a: Iron Valiant|31\/100\n|\n|upkeep\n|turn|16\n|\n|t:|1699826968\n|move|p1a: Iron Valiant|Moonblast|p2a: Polteageist\n|-damage|p2a: Polteageist|34\/100\n|move|p2a: Polteageist|Shadow Ball|p1a: Iron Valiant\n|-damage|p1a: Iron Valiant|0 fnt\n|faint|p1a: Iron Valiant\n|-end|p1a: Iron Valiant|Quark Drive|[silent]\n|\n|win|moope\n|raw|Zixerneas's rating: 1320 &rarr; <strong>1303<\/strong><br \/>(-17 for losing)\n|raw|moope's rating: 1376 &rarr; <strong>1393<\/strong><br \/>(+17 for winning)\n|c|\u2606moope|lol\n|l|\u2606Zixerneas\n","uploadtime":1699826979,"views":12,"p1id":"zixerneas","p2id":"moope","formatid":"gen9ou","rating":1303,"private":0,"password":""}