{"id":"gen9ou-1994128361","p1":"outdated ahh team","p2":"Yanea","format":"[Gen 9] OU","log":"|j|\u2606outdated ahh team\n|j|\u2606Yanea\n|t:|1700410231\n|gametype|singles\n|player|p1|outdated ahh team|bruno-gen2|1542\n|player|p2|Yanea|cress|1499\n|teamsize|p1|6\n|teamsize|p2|6\n|gen|9\n|tier|[Gen 9] OU\n|rated|\n|rule|Sleep Clause Mod: Limit one foe put to sleep\n|rule|Species Clause: Limit one of each Pok\u00e9mon\n|rule|OHKO Clause: OHKO moves are banned\n|rule|Evasion Items Clause: Evasion items are banned\n|rule|Evasion Moves Clause: Evasion moves are banned\n|rule|Endless Battle Clause: Forcing endless battles is banned\n|rule|HP Percentage Mod: HP is shown in percentages\n|clearpoke\n|poke|p1|Kingambit, M|\n|poke|p1|Ogerpon-Wellspring, F|\n|poke|p1|Hoopa-Unbound|\n|poke|p1|Iron Valiant|\n|poke|p1|Arcanine-Hisui, F|\n|poke|p1|Great Tusk|\n|poke|p2|Goodra-Hisui, F|\n|poke|p2|Great Tusk|\n|poke|p2|Ogerpon-Wellspring, F|\n|poke|p2|Enamorus, F|\n|poke|p2|Zapdos|\n|poke|p2|Kingambit, F|\n|teampreview\n|inactive|Battle timer is ON: inactive players will automatically lose when time's up. (requested by outdated ahh team)\n|inactive|Yanea has 120 seconds left.\n|\n|t:|1700410267\n|start\n|switch|p1a: Alisa Bosconovitch|Iron Valiant|100\/100\n|switch|p2a: Great Tusk|Great Tusk|100\/100\n|turn|1\n|\n|t:|1700410277\n|-end|p2a: Great Tusk|Protosynthesis|[silent]\n|switch|p2a: Goodra|Goodra-Hisui, F|100\/100\n|move|p1a: Alisa Bosconovitch|Moonblast|p2a: Goodra\n|-damage|p2a: Goodra|85\/100\n|-unboost|p2a: Goodra|spa|1\n|\n|upkeep\n|turn|2\n|\n|t:|1700410286\n|move|p1a: Alisa Bosconovitch|Moonblast|p2a: Goodra\n|-damage|p2a: Goodra|69\/100\n|-unboost|p2a: Goodra|spa|1\n|move|p2a: Goodra|Knock Off|p1a: Alisa Bosconovitch\n|-resisted|p1a: Alisa Bosconovitch\n|-damage|p1a: Alisa Bosconovitch|93\/100\n|-enditem|p1a: Alisa Bosconovitch|Focus Sash|[from] move: Knock Off|[of] p2a: Goodra\n|\n|upkeep\n|turn|3\n|\n|t:|1700410298\n|-end|p1a: Alisa Bosconovitch|Quark Drive|[silent]\n|switch|p1a: Ryomen Sukuna \u26e9\ufe0f|Hoopa-Unbound|100\/100\n|move|p2a: Goodra|Flash Cannon|p1a: Ryomen Sukuna \u26e9\ufe0f\n|-damage|p1a: Ryomen Sukuna \u26e9\ufe0f|93\/100\n|\n|upkeep\n|turn|4\n|\n|t:|1700410312\n|switch|p2a: Great Tusk|Great Tusk|100\/100\n|move|p1a: Ryomen Sukuna \u26e9\ufe0f|Drain Punch|p2a: Great Tusk\n|-damage|p2a: Great Tusk|77\/100\n|-heal|p1a: Ryomen Sukuna \u26e9\ufe0f|100\/100|[from] drain|[of] p2a: Great Tusk\n|-damage|p1a: Ryomen Sukuna \u26e9\ufe0f|84\/100|[from] item: Rocky Helmet|[of] p2a: Great Tusk\n|\n|upkeep\n|turn|5\n|\n|t:|1700410315\n|-end|p2a: Great Tusk|Protosynthesis|[silent]\n|switch|p2a: Kingambit|Kingambit, F|100\/100\n|move|p1a: Ryomen Sukuna \u26e9\ufe0f|Psychic|p2a: Kingambit\n|-immune|p2a: Kingambit\n|\n|upkeep\n|turn|6\n|\n|t:|1700410326\n|move|p1a: Ryomen Sukuna \u26e9\ufe0f|Drain Punch|p2a: Kingambit\n|-supereffective|p2a: Kingambit\n|-damage|p2a: Kingambit|1\/100\n|-heal|p1a: Ryomen Sukuna \u26e9\ufe0f|100\/100|[from] drain|[of] p2a: Kingambit\n|move|p2a: Kingambit|Kowtow Cleave|p1a: Ryomen Sukuna \u26e9\ufe0f\n|-damage|p1a: Ryomen Sukuna \u26e9\ufe0f|16\/100\n|\n|-heal|p2a: Kingambit|7\/100|[from] item: Leftovers\n|upkeep\n|turn|7\n|\n|t:|1700410332\n|switch|p1a: Tuskuthy the Great|Great Tusk|100\/100\n|move|p2a: Kingambit|Sucker Punch||[still]\n|-fail|p2a: Kingambit\n|\n|-heal|p2a: Kingambit|13\/100|[from] item: Leftovers\n|upkeep\n|turn|8\n|\n|t:|1700410336\n|-end|p2a: Kingambit|fallenundefined|[silent]\n|switch|p2a: Zapdos|Zapdos|100\/100\n|move|p1a: Tuskuthy the Great|Rapid Spin|p2a: Zapdos\n|-damage|p2a: Zapdos|82\/100\n|-boost|p1a: Tuskuthy the Great|spe|1\n|\n|upkeep\n|turn|9\n|\n|t:|1700410354\n|-end|p1a: Tuskuthy the Great|Protosynthesis|[silent]\n|switch|p1a: Ryomen Sukuna \u26e9\ufe0f|Hoopa-Unbound|16\/100\n|move|p2a: Zapdos|Hurricane|p1a: Ryomen Sukuna \u26e9\ufe0f|[miss]\n|-miss|p2a: Zapdos|p1a: Ryomen Sukuna \u26e9\ufe0f\n|\n|upkeep\n|turn|10\n|\n|t:|1700410380\n|move|p2a: Zapdos|Volt Switch|p1a: Ryomen Sukuna \u26e9\ufe0f\n|-damage|p1a: Ryomen Sukuna \u26e9\ufe0f|0 fnt\n|faint|p1a: Ryomen Sukuna \u26e9\ufe0f\n|inactive|Yanea has 120 seconds left.\n|\n|t:|1700410400\n|switch|p2a: Enamorus|Enamorus, F|100\/100|[from] Volt Switch\n|\n|upkeep\n|\n|t:|1700410413\n|switch|p1a: Alisa Bosconovitch|Iron Valiant|93\/100\n|turn|11\n|inactive|Yanea has 120 seconds left.\n|\n|t:|1700410425\n|move|p2a: Enamorus|Moonblast|p1a: Alisa Bosconovitch\n|-supereffective|p1a: Alisa Bosconovitch\n|-damage|p1a: Alisa Bosconovitch|0 fnt\n|faint|p1a: Alisa Bosconovitch\n|-end|p1a: Alisa Bosconovitch|Quark Drive|[silent]\n|\n|upkeep\n|\n|t:|1700410448\n|switch|p1a: Alpha \ud83d\udc15|Arcanine-Hisui, F|100\/100\n|turn|12\n|inactive|Yanea has 120 seconds left.\n|\n|t:|1700410471\n|switch|p2a: Goodra|Goodra-Hisui, F|69\/100\n|switch|p1a: Casca \u2694\ufe0f|Ogerpon-Wellspring, F|100\/100\n|\n|upkeep\n|turn|13\n|\n|t:|1700410482\n|move|p1a: Casca \u2694\ufe0f|Swords Dance|p1a: Casca \u2694\ufe0f\n|-boost|p1a: Casca \u2694\ufe0f|atk|2\n|move|p2a: Goodra|Draco Meteor|p1a: Casca \u2694\ufe0f|[miss]\n|-miss|p2a: Goodra|p1a: Casca \u2694\ufe0f\n|\n|upkeep\n|turn|14\n|\n|t:|1700410487\n|-terastallize|p1a: Casca \u2694\ufe0f|Water\n|detailschange|p1a: Casca \u2694\ufe0f|Ogerpon-Wellspring-Tera, F, tera:Water\n|-ability|p1a: Casca \u2694\ufe0f|Embody Aspect (Wellspring)|boost\n|-boost|p1a: Casca \u2694\ufe0f|spd|1\n|move|p1a: Casca \u2694\ufe0f|Trailblaze|p2a: Goodra\n|-resisted|p2a: Goodra\n|-damage|p2a: Goodra|54\/100\n|-boost|p1a: Casca \u2694\ufe0f|spe|1\n|-ability|p2a: Goodra|Gooey\n|-unboost|p1a: Casca \u2694\ufe0f|spe|1\n|move|p2a: Goodra|Draco Meteor|p1a: Casca \u2694\ufe0f\n|-damage|p1a: Casca \u2694\ufe0f|64\/100\n|-unboost|p2a: Goodra|spa|2\n|\n|upkeep\n|turn|15\n|\n|t:|1700410495\n|move|p1a: Casca \u2694\ufe0f|Ivy Cudgel|p2a: Goodra|[anim] Ivy Cudgel Water\n|-resisted|p2a: Goodra\n|-damage|p2a: Goodra|0 fnt\n|faint|p2a: Goodra\n|\n|upkeep\n|\n|t:|1700410499\n|switch|p2a: Zapdos|Zapdos|82\/100\n|turn|16\n|\n|t:|1700410501\n|move|p1a: Casca \u2694\ufe0f|Ivy Cudgel|p2a: Zapdos|[anim] Ivy Cudgel Water\n|-damage|p2a: Zapdos|0 fnt\n|faint|p2a: Zapdos\n|\n|upkeep\n|\n|t:|1700410506\n|switch|p2a: Kingambit|Kingambit, F|13\/100\n|-activate|p2a: Kingambit|ability: Supreme Overlord\n|-start|p2a: Kingambit|fallen2|[silent]\n|turn|17\n|\n|t:|1700410511\n|switch|p1a: Tuskuthy the Great|Great Tusk|100\/100\n|move|p2a: Kingambit|Sucker Punch||[still]\n|-fail|p2a: Kingambit\n|\n|-heal|p2a: Kingambit|19\/100|[from] item: Leftovers\n|upkeep\n|turn|18\n|\n|t:|1700410517\n|-end|p2a: Kingambit|fallen2|[silent]\n|switch|p2a: Enamorus|Enamorus, F|100\/100\n|move|p1a: Tuskuthy the Great|Knock Off|p2a: Enamorus\n|-resisted|p2a: Enamorus\n|-damage|p2a: Enamorus|71\/100\n|-enditem|p2a: Enamorus|Choice Scarf|[from] move: Knock Off|[of] p1a: Tuskuthy the Great\n|\n|upkeep\n|turn|19\n|\n|t:|1700410535\n|-end|p1a: Tuskuthy the Great|Protosynthesis|[silent]\n|switch|p1a: Guts \u2694\ufe0f|Kingambit, M|100\/100\n|-activate|p1a: Guts \u2694\ufe0f|ability: Supreme Overlord\n|-start|p1a: Guts \u2694\ufe0f|fallen2|[silent]\n|move|p2a: Enamorus|Moonblast|p1a: Guts \u2694\ufe0f\n|-damage|p1a: Guts \u2694\ufe0f|41\/100\n|\n|-heal|p1a: Guts \u2694\ufe0f|47\/100|[from] item: Leftovers\n|upkeep\n|turn|20\n|\n|t:|1700410541\n|move|p1a: Guts \u2694\ufe0f|Sucker Punch|p2a: Enamorus\n|-resisted|p2a: Enamorus\n|-damage|p2a: Enamorus|31\/100\n|move|p2a: Enamorus|Moonblast|p1a: Guts \u2694\ufe0f\n|-damage|p1a: Guts \u2694\ufe0f|0 fnt\n|faint|p1a: Guts \u2694\ufe0f\n|-end|p1a: Guts \u2694\ufe0f|fallen2|[silent]\n|\n|upkeep\n|\n|t:|1700410545\n|switch|p1a: Casca \u2694\ufe0f|Ogerpon-Wellspring-Tera, F, tera:Water|64\/100\n|-ability|p1a: Casca \u2694\ufe0f|Embody Aspect (Wellspring)|boost\n|-boost|p1a: Casca \u2694\ufe0f|spd|1\n|turn|21\n|\n|t:|1700410552\n|switch|p2a: Great Tusk|Great Tusk|77\/100\n|move|p1a: Casca \u2694\ufe0f|Trailblaze|p2a: Great Tusk\n|-supereffective|p2a: Great Tusk\n|-damage|p2a: Great Tusk|31\/100\n|-boost|p1a: Casca \u2694\ufe0f|spe|1\n|-damage|p1a: Casca \u2694\ufe0f|48\/100|[from] item: Rocky Helmet|[of] p2a: Great Tusk\n|\n|upkeep\n|turn|22\n|\n|t:|1700410556\n|move|p1a: Casca \u2694\ufe0f|Horn Leech|p2a: Great Tusk\n|-supereffective|p2a: Great Tusk\n|-damage|p2a: Great Tusk|0 fnt\n|-heal|p1a: Casca \u2694\ufe0f|67\/100|[from] drain|[of] p2a: Great Tusk\n|-damage|p1a: Casca \u2694\ufe0f|50\/100|[from] item: Rocky Helmet|[of] p2a: Great Tusk\n|faint|p2a: Great Tusk\n|-end|p2a: Great Tusk|Protosynthesis|[silent]\n|\n|upkeep\n|\n|t:|1700410559\n|switch|p2a: Ogerpon|Ogerpon-Wellspring, F|100\/100\n|turn|23\n|\n|t:|1700410563\n|move|p1a: Casca \u2694\ufe0f|Horn Leech|p2a: Ogerpon\n|-damage|p2a: Ogerpon|37\/100\n|-heal|p1a: Casca \u2694\ufe0f|82\/100|[from] drain|[of] p2a: Ogerpon\n|move|p2a: Ogerpon|Wood Hammer|p1a: Casca \u2694\ufe0f\n|-supereffective|p1a: Casca \u2694\ufe0f\n|-damage|p1a: Casca \u2694\ufe0f|0 fnt\n|faint|p1a: Casca \u2694\ufe0f\n|-damage|p2a: Ogerpon|10\/100|[from] Recoil\n|\n|upkeep\n|\n|t:|1700410569\n|switch|p1a: Alpha \ud83d\udc15|Arcanine-Hisui, F|100\/100\n|turn|24\n|\n|t:|1700410572\n|move|p1a: Alpha \ud83d\udc15|Extreme Speed|p2a: Ogerpon\n|-damage|p2a: Ogerpon|0 fnt\n|faint|p2a: Ogerpon\n|\n|upkeep\n|\n|t:|1700410576\n|switch|p2a: Kingambit|Kingambit, F|19\/100\n|-activate|p2a: Kingambit|ability: Supreme Overlord\n|-start|p2a: Kingambit|fallen4|[silent]\n|turn|25\n|\n|t:|1700410584\n|switch|p1a: Tuskuthy the Great|Great Tusk|100\/100\n|move|p2a: Kingambit|Kowtow Cleave|p1a: Tuskuthy the Great\n|-resisted|p1a: Tuskuthy the Great\n|-damage|p1a: Tuskuthy the Great|74\/100\n|\n|-heal|p2a: Kingambit|25\/100|[from] item: Leftovers\n|upkeep\n|turn|26\n|\n|t:|1700410591\n|-terastallize|p2a: Kingambit|Flying\n|move|p1a: Tuskuthy the Great|Rapid Spin|p2a: Kingambit\n|-damage|p2a: Kingambit|12\/100\n|-boost|p1a: Tuskuthy the Great|spe|1\n|move|p2a: Kingambit|Swords Dance|p2a: Kingambit\n|-boost|p2a: Kingambit|atk|2\n|\n|-heal|p2a: Kingambit|18\/100|[from] item: Leftovers\n|upkeep\n|turn|27\n|\n|t:|1700410596\n|move|p2a: Kingambit|Sucker Punch|p1a: Tuskuthy the Great\n|-resisted|p1a: Tuskuthy the Great\n|-damage|p1a: Tuskuthy the Great|30\/100\n|move|p1a: Tuskuthy the Great|Ice Spinner|p2a: Kingambit\n|-supereffective|p2a: Kingambit\n|-damage|p2a: Kingambit|0 fnt\n|faint|p2a: Kingambit\n|-end|p2a: Kingambit|fallen4|[silent]\n|\n|upkeep\n|\n|t:|1700410599\n|switch|p2a: Enamorus|Enamorus, F|31\/100\n|turn|28\n|\n|t:|1700410600\n|move|p1a: Tuskuthy the Great|Ice Spinner|p2a: Enamorus\n|-supereffective|p2a: Enamorus\n|-damage|p2a: Enamorus|0 fnt\n|faint|p2a: Enamorus\n|\n|win|outdated ahh team\n|raw|outdated ahh team's rating: 1542 &rarr; <strong>1560<\/strong><br \/>(+18 for winning)\n|raw|Yanea's rating: 1499 &rarr; <strong>1481<\/strong><br \/>(-18 for losing)\n|l|\u2606Yanea\n","uploadtime":1700410604,"views":7,"p1id":"outdatedahhteam","p2id":"yanea","formatid":"gen9ou","rating":1481,"private":0,"password":""}