{"id":"gen9ou-1991611920","p1":"Sindicate VI","p2":"milkcoffee21","format":"[Gen 9] OU","log":"|j|\u2606Sindicate VI\n|j|\u2606milkcoffee21\n|t:|1700094114\n|gametype|singles\n|player|p1|Sindicate VI|266|1500\n|player|p2|milkcoffee21|170|1515\n|teamsize|p1|6\n|teamsize|p2|6\n|gen|9\n|tier|[Gen 9] OU\n|rated|\n|rule|Sleep Clause Mod: Limit one foe put to sleep\n|rule|Species Clause: Limit one of each Pok\u00e9mon\n|rule|OHKO Clause: OHKO moves are banned\n|rule|Evasion Items Clause: Evasion items are banned\n|rule|Evasion Moves Clause: Evasion moves are banned\n|rule|Endless Battle Clause: Forcing endless battles is banned\n|rule|HP Percentage Mod: HP is shown in percentages\n|clearpoke\n|poke|p1|Heatran, F|\n|poke|p1|Torkoal, F|\n|poke|p1|Walking Wake|\n|poke|p1|Slowking-Galar, M|\n|poke|p1|Lilligant, F|\n|poke|p1|Landorus-Therian, M|\n|poke|p2|Kingambit, M|\n|poke|p2|Ogerpon-Wellspring, F|\n|poke|p2|Rillaboom, M|\n|poke|p2|Hatterene, F|\n|poke|p2|Iron Valiant|\n|poke|p2|Samurott-Hisui, M|\n|teampreview\n|inactive|Battle timer is ON: inactive players will automatically lose when time's up. (requested by Sindicate VI)\n|\n|t:|1700094128\n|start\n|switch|p1a: Landorus|Landorus-Therian, M|100\/100\n|switch|p2a: Samurott|Samurott-Hisui, M|100\/100\n|-ability|p1a: Landorus|Intimidate|boost\n|-unboost|p2a: Samurott|atk|1\n|turn|1\n|\n|t:|1700094135\n|move|p2a: Samurott|Ceaseless Edge|p1a: Landorus\n|-damage|p1a: Landorus|65\/100\n|-sidestart|p1: Sindicate VI|Spikes\n|move|p1a: Landorus|U-turn|p2a: Samurott\n|-supereffective|p2a: Samurott\n|-damage|p2a: Samurott|0 fnt\n|faint|p2a: Samurott\n|\n|t:|1700094142\n|switch|p1a: Torkoal|Torkoal, F|100\/100|[from] U-turn\n|-damage|p1a: Torkoal|88\/100|[from] Spikes\n|-weather|SunnyDay|[from] ability: Drought|[of] p1a: Torkoal\n|\n|-weather|SunnyDay|[upkeep]\n|upkeep\n|inactive|milkcoffee21 has 120 seconds left.\n|\n|t:|1700094177\n|switch|p2a: Hatterene|Hatterene, F|100\/100\n|turn|2\n|inactive|Sindicate VI has 120 seconds left.\n|inactive|Sindicate VI has 90 seconds left.\n|\n|t:|1700094254\n|move|p2a: Hatterene|Calm Mind|p2a: Hatterene\n|-boost|p2a: Hatterene|spa|1\n|-boost|p2a: Hatterene|spd|1\n|move|p1a: Torkoal|Rapid Spin|p2a: Hatterene\n|-damage|p2a: Hatterene|89\/100\n|-boost|p1a: Torkoal|spe|1\n|-sideend|p1: Sindicate VI|Spikes|[from] move: Rapid Spin|[of] p1a: Torkoal\n|\n|-weather|SunnyDay|[upkeep]\n|-heal|p2a: Hatterene|95\/100|[from] item: Leftovers\n|upkeep\n|turn|3\n|\n|t:|1700094262\n|switch|p1a: Landorus|Landorus-Therian, M|65\/100\n|-ability|p1a: Landorus|Intimidate|boost\n|-unboost|p2a: Hatterene|atk|1\n|move|p2a: Hatterene|Calm Mind|p2a: Hatterene\n|-boost|p2a: Hatterene|spa|1\n|-boost|p2a: Hatterene|spd|1\n|\n|-weather|SunnyDay|[upkeep]\n|-heal|p2a: Hatterene|100\/100|[from] item: Leftovers\n|upkeep\n|turn|4\n|\n|t:|1700094267\n|move|p1a: Landorus|Earthquake|p2a: Hatterene\n|-damage|p2a: Hatterene|0 fnt\n|faint|p2a: Hatterene\n|\n|-weather|SunnyDay|[upkeep]\n|upkeep\n|\n|t:|1700094277\n|switch|p2a: Rillaboom|Rillaboom, M|100\/100\n|-fieldstart|move: Grassy Terrain|[from] ability: Grassy Surge|[of] p2a: Rillaboom\n|turn|5\n|\n|t:|1700094281\n|switch|p1a: Heatran|Heatran, F|100\/100\n|move|p2a: Rillaboom|Wood Hammer|p1a: Heatran\n|-resisted|p1a: Heatran\n|-damage|p1a: Heatran|74\/100\n|-damage|p2a: Rillaboom|91\/100|[from] Recoil\n|\n|-weather|SunnyDay|[upkeep]\n|-heal|p2a: Rillaboom|97\/100|[from] Grassy Terrain\n|-heal|p1a: Heatran|80\/100|[from] Grassy Terrain\n|-heal|p1a: Heatran|86\/100|[from] item: Leftovers\n|upkeep\n|turn|6\n|\n|t:|1700094286\n|switch|p2a: Iron Valiant|Iron Valiant|100\/100\n|-enditem|p2a: Iron Valiant|Booster Energy\n|-activate|p2a: Iron Valiant|ability: Quark Drive|[fromitem]\n|-start|p2a: Iron Valiant|quarkdrivespe\n|move|p1a: Heatran|Lava Plume|p2a: Iron Valiant\n|-damage|p2a: Iron Valiant|3\/100\n|\n|-weather|SunnyDay|[upkeep]\n|-heal|p2a: Iron Valiant|9\/100|[from] Grassy Terrain\n|-heal|p1a: Heatran|92\/100|[from] Grassy Terrain\n|-heal|p1a: Heatran|98\/100|[from] item: Leftovers\n|upkeep\n|turn|7\n|inactive|Sindicate VI has 120 seconds left.\n|\n|t:|1700094293\n|move|p2a: Iron Valiant|Thunderbolt|p1a: Heatran\n|-damage|p1a: Heatran|80\/100\n|move|p1a: Heatran|Lava Plume|p2a: Iron Valiant\n|-damage|p2a: Iron Valiant|0 fnt\n|faint|p2a: Iron Valiant\n|-end|p2a: Iron Valiant|Quark Drive|[silent]\n|\n|-weather|SunnyDay|[upkeep]\n|-heal|p1a: Heatran|86\/100|[from] Grassy Terrain\n|-heal|p1a: Heatran|92\/100|[from] item: Leftovers\n|upkeep\n|\n|t:|1700094304\n|switch|p2a: Ogerpon|Ogerpon-Wellspring, F|100\/100\n|turn|8\n|\n|t:|1700094308\n|move|p2a: Ogerpon|Swords Dance|p2a: Ogerpon\n|-boost|p2a: Ogerpon|atk|2\n|move|p1a: Heatran|Lava Plume|p2a: Ogerpon\n|-damage|p2a: Ogerpon|45\/100\n|-status|p2a: Ogerpon|brn\n|\n|-weather|none\n|-heal|p2a: Ogerpon|51\/100 brn|[from] Grassy Terrain\n|-heal|p1a: Heatran|98\/100|[from] Grassy Terrain\n|-heal|p1a: Heatran|100\/100|[from] item: Leftovers\n|-damage|p2a: Ogerpon|45\/100 brn|[from] brn\n|upkeep\n|turn|9\n|\n|t:|1700094315\n|switch|p1a: Slowking|Slowking-Galar, M|100\/100\n|-terastallize|p2a: Ogerpon|Water\n|detailschange|p2a: Ogerpon|Ogerpon-Wellspring-Tera, F, tera:Water\n|-ability|p2a: Ogerpon|Embody Aspect (Wellspring)|boost\n|-boost|p2a: Ogerpon|spd|1\n|move|p2a: Ogerpon|Ivy Cudgel|p1a: Slowking|[anim] Ivy Cudgel Water\n|-damage|p1a: Slowking|42\/100\n|\n|-heal|p2a: Ogerpon|51\/100 brn|[from] Grassy Terrain\n|-heal|p1a: Slowking|48\/100|[from] Grassy Terrain\n|-damage|p2a: Ogerpon|45\/100 brn|[from] brn\n|-fieldend|move: Grassy Terrain\n|upkeep\n|turn|10\n|\n|t:|1700094320\n|-terastallize|p1a: Slowking|Water\n|move|p2a: Ogerpon|Ivy Cudgel|p1a: Slowking|[anim] Ivy Cudgel Water\n|-resisted|p1a: Slowking\n|-damage|p1a: Slowking|20\/100\n|move|p1a: Slowking|Psyshock|p2a: Ogerpon\n|-damage|p2a: Ogerpon|7\/100 brn\n|\n|-damage|p2a: Ogerpon|1\/100 brn|[from] brn\n|upkeep\n|turn|11\n|\n|t:|1700094326\n|move|p2a: Ogerpon|Power Whip|p1a: Slowking\n|-supereffective|p1a: Slowking\n|-damage|p1a: Slowking|0 fnt\n|faint|p1a: Slowking\n|\n|-damage|p2a: Ogerpon|0 fnt|[from] brn\n|faint|p2a: Ogerpon\n|upkeep\n|\n|t:|1700094333\n|switch|p2a: Rillaboom|Rillaboom, M|97\/100\n|switch|p1a: Torkoal|Torkoal, F|88\/100\n|-fieldstart|move: Grassy Terrain|[from] ability: Grassy Surge|[of] p2a: Rillaboom\n|-weather|SunnyDay|[from] ability: Drought|[of] p1a: Torkoal\n|turn|12\n|\n|t:|1700094347\n|move|p2a: Rillaboom|Knock Off|p1a: Torkoal\n|-damage|p1a: Torkoal|46\/100\n|-enditem|p1a: Torkoal|Heat Rock|[from] move: Knock Off|[of] p2a: Rillaboom\n|move|p1a: Torkoal|Overheat|p2a: Rillaboom|[miss]\n|-miss|p1a: Torkoal|p2a: Rillaboom\n|\n|-weather|SunnyDay|[upkeep]\n|-heal|p2a: Rillaboom|100\/100|[from] Grassy Terrain\n|-heal|p1a: Torkoal|52\/100|[from] Grassy Terrain\n|upkeep\n|turn|13\n|\n|t:|1700094353\n|move|p2a: Rillaboom|Knock Off|p1a: Torkoal\n|-damage|p1a: Torkoal|23\/100\n|move|p1a: Torkoal|Yawn|p2a: Rillaboom\n|-start|p2a: Rillaboom|move: Yawn|[of] p1a: Torkoal\n|\n|-weather|SunnyDay|[upkeep]\n|-heal|p1a: Torkoal|29\/100|[from] Grassy Terrain\n|upkeep\n|turn|14\n|\n|t:|1700094357\n|move|p2a: Rillaboom|Knock Off|p1a: Torkoal\n|-damage|p1a: Torkoal|2\/100\n|move|p1a: Torkoal|Overheat|p2a: Rillaboom\n|-supereffective|p2a: Rillaboom\n|-crit|p2a: Rillaboom\n|-damage|p2a: Rillaboom|0 fnt\n|-unboost|p1a: Torkoal|spa|2\n|faint|p2a: Rillaboom\n|\n|-weather|SunnyDay|[upkeep]\n|-heal|p1a: Torkoal|8\/100|[from] Grassy Terrain\n|upkeep\n|\n|t:|1700094359\n|switch|p2a: Kingambit|Kingambit, M|100\/100\n|-activate|p2a: Kingambit|ability: Supreme Overlord\n|-start|p2a: Kingambit|fallen5|[silent]\n|turn|15\n|\n|t:|1700094366\n|move|p2a: Kingambit|Kowtow Cleave|p1a: Torkoal\n|-damage|p1a: Torkoal|0 fnt\n|faint|p1a: Torkoal\n|\n|-weather|SunnyDay|[upkeep]\n|upkeep\n|\n|t:|1700094370\n|switch|p1a: Walking Wake|Walking Wake|100\/100\n|-activate|p1a: Walking Wake|ability: Protosynthesis\n|-start|p1a: Walking Wake|protosynthesisspa\n|turn|16\n|\n|t:|1700094372\n|move|p2a: Kingambit|Sucker Punch|p1a: Walking Wake\n|-damage|p1a: Walking Wake|34\/100\n|move|p1a: Walking Wake|Hydro Steam|p2a: Kingambit\n|-damage|p2a: Kingambit|0 fnt\n|faint|p2a: Kingambit\n|-end|p2a: Kingambit|fallen5|[silent]\n|\n|win|Sindicate VI\n|raw|Sindicate VI's rating: 1500 &rarr; <strong>1521<\/strong><br \/>(+21 for winning)\n|raw|milkcoffee21's rating: 1515 &rarr; <strong>1494<\/strong><br \/>(-21 for losing)\n|l|\u2606milkcoffee21\n","uploadtime":1700094379,"views":7,"p1id":"sindicatevi","p2id":"milkcoffee21","formatid":"gen9ou","rating":1494,"private":0,"password":""}