{"id":"gen9ou-1991272562","p1":"Hacker tumbleweed","p2":"NightwalkerYt","format":"[Gen 9] OU","log":"|j|\u2606Hacker tumbleweed\n|j|\u2606NightwalkerYt\n|t:|1700063206\n|gametype|singles\n|player|p1|Hacker tumbleweed|silver|\n|player|p2|NightwalkerYt|ethan|\n|teamsize|p1|6\n|teamsize|p2|6\n|gen|9\n|tier|[Gen 9] OU\n|rule|Sleep Clause Mod: Limit one foe put to sleep\n|rule|Species Clause: Limit one of each Pok\u00e9mon\n|rule|OHKO Clause: OHKO moves are banned\n|rule|Evasion Items Clause: Evasion items are banned\n|rule|Evasion Moves Clause: Evasion moves are banned\n|rule|Endless Battle Clause: Forcing endless battles is banned\n|rule|HP Percentage Mod: HP is shown in percentages\n|clearpoke\n|poke|p1|Glimmora, F|\n|poke|p1|Kingambit, F|\n|poke|p1|Ogerpon, F|\n|poke|p1|Ting-Lu|\n|poke|p1|Ninetales-Alola, F|\n|poke|p1|Iron Hands|\n|poke|p2|Dragapult, F|\n|poke|p2|Enamorus, F|\n|poke|p2|Glimmora, M|\n|poke|p2|Ogerpon-Wellspring, F|\n|poke|p2|Ribombee, F|\n|poke|p2|Dragonite, M|\n|teampreview\n|c|\u2606NightwalkerYt|different team\n|c|\u2606Hacker tumbleweed|nice\n|\n|t:|1700063227\n|start\n|switch|p1a: Glimmora|Glimmora, F|100\/100\n|switch|p2a: Rosie|Ribombee, F, shiny|100\/100\n|turn|1\n|\n|t:|1700063233\n|move|p2a: Rosie|Sticky Web|p1a: Glimmora\n|-sidestart|p1: Hacker tumbleweed|move: Sticky Web\n|move|p1a: Glimmora|Flash Cannon|p2a: Rosie\n|-supereffective|p2a: Rosie\n|-damage|p2a: Rosie|12\/100\n|\n|upkeep\n|turn|2\n|\n|t:|1700063239\n|move|p2a: Rosie|Moonblast|p1a: Glimmora\n|-resisted|p1a: Glimmora\n|-damage|p1a: Glimmora|81\/100\n|move|p1a: Glimmora|Mortal Spin|p2a: Rosie\n|-supereffective|p2a: Rosie\n|-damage|p2a: Rosie|0 fnt\n|-sideend|p1: Hacker tumbleweed|Sticky Web|[from] move: Mortal Spin|[of] p1a: Glimmora\n|faint|p2a: Rosie\n|\n|upkeep\n|c|\u2606NightwalkerYt|i forgot it was like rapid spin\n|c|\u2606Hacker tumbleweed|mortal spin go brrr\n|\n|t:|1700063272\n|switch|p2a: Glimmora|Glimmora, M|100\/100\n|turn|3\n|\n|t:|1700063280\n|move|p2a: Glimmora|Spiky Shield|p2a: Glimmora\n|-singleturn|p2a: Glimmora|move: Protect\n|move|p1a: Glimmora|Flash Cannon|p2a: Glimmora\n|-activate|p2a: Glimmora|move: Protect\n|\n|upkeep\n|turn|4\n|\n|t:|1700063300\n|switch|p2a: Ghost|Dragapult, F|100\/100\n|move|p1a: Glimmora|Flash Cannon|p2a: Ghost\n|-damage|p2a: Ghost|63\/100\n|\n|upkeep\n|turn|5\n|\n|t:|1700063310\n|move|p2a: Ghost|Draco Meteor|p1a: Glimmora\n|-damage|p1a: Glimmora|2\/100\n|-unboost|p2a: Ghost|spa|2\n|-enditem|p1a: Glimmora|Mago Berry|[eat]\n|-heal|p1a: Glimmora|35\/100|[from] item: Mago Berry\n|move|p1a: Glimmora|Stealth Rock|p2a: Ghost\n|-sidestart|p2: NightwalkerYt|move: Stealth Rock\n|\n|upkeep\n|turn|6\n|c|\u2606NightwalkerYt|what\n|\n|t:|1700063319\n|move|p2a: Ghost|Draco Meteor|p1a: Glimmora\n|-damage|p1a: Glimmora|0 fnt\n|-unboost|p2a: Ghost|spa|2\n|faint|p1a: Glimmora\n|\n|upkeep\n|c|\u2606NightwalkerYt|how\n|c|\u2606Hacker tumbleweed|health\n|c|\u2606Hacker tumbleweed|berry\n|c|\u2606NightwalkerYt|i was 400\n|c|\u2606Hacker tumbleweed|idk\n|\n|t:|1700063350\n|switch|p1a: Kingambit|Kingambit, F|100\/100\n|-activate|p1a: Kingambit|ability: Supreme Overlord\n|-start|p1a: Kingambit|fallen1|[silent]\n|turn|7\n|c|\u2606NightwalkerYt|hacker\n|c|\u2606NightwalkerYt|we doing RU next\n|\n|t:|1700063371\n|switch|p2a: Glimmora|Glimmora, M|100\/100\n|-damage|p2a: Glimmora|88\/100|[from] Stealth Rock\n|move|p1a: Kingambit|Sucker Punch||[still]\n|-fail|p1a: Kingambit\n|\n|upkeep\n|turn|8\n|\n|t:|1700063386\n|-end|p1a: Kingambit|fallen1|[silent]\n|switch|p1a: Ninetales|Ninetales-Alola, F|100\/100\n|-weather|Snow|[from] ability: Snow Warning|[of] p1a: Ninetales\n|move|p2a: Glimmora|Stealth Rock|p1a: Ninetales\n|-sidestart|p1: Hacker tumbleweed|move: Stealth Rock\n|\n|-weather|Snow|[upkeep]\n|upkeep\n|turn|9\n|\n|t:|1700063394\n|move|p1a: Ninetales|Aurora Veil|p1a: Ninetales\n|-sidestart|p1: Hacker tumbleweed|move: Aurora Veil\n|move|p2a: Glimmora|Mortal Spin|p1a: Ninetales\n|-supereffective|p1a: Ninetales\n|-crit|p1a: Ninetales\n|-damage|p1a: Ninetales|80\/100\n|-status|p1a: Ninetales|psn\n|-sideend|p2: NightwalkerYt|Stealth Rock|[from] move: Mortal Spin|[of] p2a: Glimmora\n|\n|-weather|Snow|[upkeep]\n|-damage|p1a: Ninetales|68\/100 psn|[from] psn\n|upkeep\n|turn|10\n|\n|t:|1700063403\n|move|p2a: Glimmora|Spikes|p1a: Ninetales\n|-sidestart|p1: Hacker tumbleweed|Spikes\n|move|p1a: Ninetales|Roar|p2a: Glimmora\n|drag|p2a: Ponei|Ogerpon-Wellspring, F|100\/100\n|\n|-weather|Snow|[upkeep]\n|-damage|p1a: Ninetales|55\/100 psn|[from] psn\n|upkeep\n|turn|11\n|\n|t:|1700063412\n|move|p2a: Ponei|U-turn|p1a: Ninetales\n|-resisted|p1a: Ninetales\n|-damage|p1a: Ninetales|49\/100 psn\n|\n|t:|1700063416\n|switch|p2a: Glimmora|Glimmora, M|88\/100|[from] U-turn\n|move|p1a: Ninetales|Draining Kiss|p2a: Glimmora\n|-resisted|p2a: Glimmora\n|-damage|p2a: Glimmora|76\/100\n|-heal|p1a: Ninetales|61\/100 psn|[from] drain|[of] p2a: Glimmora\n|\n|-weather|Snow|[upkeep]\n|-damage|p1a: Ninetales|48\/100 psn|[from] psn\n|upkeep\n|turn|12\n|\n|t:|1700063426\n|move|p1a: Ninetales|Blizzard|p2a: Glimmora\n|-damage|p2a: Glimmora|26\/100\n|move|p2a: Glimmora|Spikes|p1a: Ninetales\n|-sidestart|p1: Hacker tumbleweed|Spikes\n|\n|-weather|none\n|-damage|p1a: Ninetales|36\/100 psn|[from] psn\n|upkeep\n|turn|13\n|\n|t:|1700063433\n|move|p2a: Glimmora|Spiky Shield|p2a: Glimmora\n|-singleturn|p2a: Glimmora|move: Protect\n|move|p1a: Ninetales|Blizzard|p2a: Glimmora\n|-activate|p2a: Glimmora|move: Protect\n|\n|-damage|p1a: Ninetales|24\/100 psn|[from] psn\n|upkeep\n|turn|14\n|\n|t:|1700063441\n|switch|p2a: Ponei|Ogerpon-Wellspring, F|100\/100\n|move|p1a: Ninetales|Blizzard|p2a: Ponei\n|-damage|p2a: Ponei|50\/100\n|\n|-damage|p1a: Ninetales|11\/100 psn|[from] psn\n|upkeep\n|turn|15\n|\n|t:|1700063450\n|move|p2a: Ponei|Horn Leech|p1a: Ninetales\n|-damage|p1a: Ninetales|0 fnt\n|-heal|p2a: Ponei|55\/100|[from] drain|[of] p1a: Ninetales\n|faint|p1a: Ninetales\n|\n|upkeep\n|\n|t:|1700063456\n|switch|p1a: Iron Hands|Iron Hands|100\/100\n|-damage|p1a: Iron Hands|94\/100|[from] Stealth Rock\n|-damage|p1a: Iron Hands|78\/100|[from] Spikes\n|turn|16\n|\n|t:|1700063462\n|switch|p2a: Glimmora|Glimmora, M|26\/100\n|move|p1a: Iron Hands|Fake Out|p2a: Glimmora\n|-resisted|p2a: Glimmora\n|-damage|p2a: Glimmora|20\/100\n|-activate|p2a: Glimmora|ability: Toxic Debris\n|-sidestart|p1: Hacker tumbleweed|move: Toxic Spikes\n|\n|-sideend|p1: Hacker tumbleweed|move: Aurora Veil\n|upkeep\n|turn|17\n|\n|t:|1700063471\n|move|p2a: Glimmora|Spiky Shield|p2a: Glimmora\n|-singleturn|p2a: Glimmora|move: Protect\n|move|p1a: Iron Hands|Volt Switch|p2a: Glimmora\n|-activate|p2a: Glimmora|move: Protect\n|\n|upkeep\n|turn|18\n|\n|t:|1700063477\n|switch|p2a: Ghost|Dragapult, F|63\/100\n|move|p1a: Iron Hands|Volt Switch|p2a: Ghost\n|-resisted|p2a: Ghost\n|-damage|p2a: Ghost|54\/100\n|\n|t:|1700063483\n|-end|p1a: Iron Hands|Quark Drive|[silent]\n|switch|p1a: Ting-Lu|Ting-Lu|100\/100|[from] Volt Switch\n|-damage|p1a: Ting-Lu|94\/100|[from] Stealth Rock\n|-damage|p1a: Ting-Lu|78\/100|[from] Spikes\n|-status|p1a: Ting-Lu|psn\n|-ability|p1a: Ting-Lu|Vessel of Ruin\n|\n|-damage|p1a: Ting-Lu|65\/100 psn|[from] psn\n|upkeep\n|turn|19\n|\n|t:|1700063495\n|move|p2a: Ghost|U-turn|p1a: Ting-Lu\n|-supereffective|p1a: Ting-Lu\n|-damage|p1a: Ting-Lu|47\/100 psn\n|\n|t:|1700063500\n|switch|p2a: Lady Love|Enamorus, F|100\/100|[from] U-turn\n|move|p1a: Ting-Lu|Mud-Slap|p2a: Lady Love\n|-immune|p2a: Lady Love\n|\n|-damage|p1a: Ting-Lu|34\/100 psn|[from] psn\n|upkeep\n|turn|20\n|\n|t:|1700063512\n|move|p2a: Lady Love|Superpower|p1a: Ting-Lu\n|-supereffective|p1a: Ting-Lu\n|-damage|p1a: Ting-Lu|0 fnt\n|-boost|p2a: Lady Love|atk|1\n|-boost|p2a: Lady Love|def|1\n|faint|p1a: Ting-Lu\n|\n|upkeep\n|\n|t:|1700063518\n|switch|p1a: Kingambit|Kingambit, F|100\/100\n|-activate|p1a: Kingambit|ability: Supreme Overlord\n|-start|p1a: Kingambit|fallen3|[silent]\n|turn|21\n|\n|t:|1700063533\n|move|p2a: Lady Love|Superpower|p1a: Kingambit\n|-supereffective|p1a: Kingambit\n|-damage|p1a: Kingambit|0 fnt\n|-boost|p2a: Lady Love|atk|1\n|-boost|p2a: Lady Love|def|1\n|faint|p1a: Kingambit\n|-end|p1a: Kingambit|fallen3|[silent]\n|\n|upkeep\n|c|\u2606NightwalkerYt|hehehe\n|\n|t:|1700063550\n|switch|p1a: Iron Hands|Iron Hands|78\/100\n|-damage|p1a: Iron Hands|72\/100|[from] Stealth Rock\n|-damage|p1a: Iron Hands|55\/100|[from] Spikes\n|-status|p1a: Iron Hands|psn\n|turn|22\n|\n|t:|1700063557\n|move|p1a: Iron Hands|Fake Out|p2a: Lady Love\n|-damage|p2a: Lady Love|89\/100\n|cant|p2a: Lady Love|flinch\n|\n|-heal|p2a: Lady Love|95\/100|[from] item: Leftovers\n|-damage|p1a: Iron Hands|43\/100 psn|[from] psn\n|upkeep\n|turn|23\n|\n|t:|1700063566\n|move|p2a: Lady Love|Play Rough|p1a: Iron Hands\n|-supereffective|p1a: Iron Hands\n|-damage|p1a: Iron Hands|0 fnt\n|faint|p1a: Iron Hands\n|-end|p1a: Iron Hands|Quark Drive|[silent]\n|\n|-heal|p2a: Lady Love|100\/100|[from] item: Leftovers\n|upkeep\n|\n|t:|1700063570\n|switch|p1a: Ogerpon|Ogerpon, F|100\/100\n|-damage|p1a: Ogerpon|88\/100|[from] Stealth Rock\n|-damage|p1a: Ogerpon|71\/100|[from] Spikes\n|-status|p1a: Ogerpon|psn\n|turn|24\n|\n|t:|1700063578\n|move|p2a: Lady Love|Play Rough|p1a: Ogerpon\n|-damage|p1a: Ogerpon|0 fnt\n|faint|p1a: Ogerpon\n|\n|win|NightwalkerYt\n|c|\u2606NightwalkerYt|gg\n|c|\u2606Hacker tumbleweed|gg\n|c|\u2606NightwalkerYt|post it in group\n|l|\u2606Hacker tumbleweed\n","uploadtime":1700063599,"views":7,"p1id":"hackertumbleweed","p2id":"nightwalkeryt","formatid":"gen9ou","rating":0,"private":0,"password":""}