{"id":"gen9ou-1995706260","p1":"i love gunk","p2":"svndfjjsdi","format":"[Gen 9] OU","log":"|j|\u2606i love gunk\n|j|\u2606svndfjjsdi\n|t:|1700595645\n|gametype|singles\n|player|p1|i love gunk|ghetsis|1064\n|player|p2|svndfjjsdi|1|1000\n|teamsize|p1|6\n|teamsize|p2|5\n|gen|9\n|tier|[Gen 9] OU\n|rated|\n|rule|Sleep Clause Mod: Limit one foe put to sleep\n|rule|Species Clause: Limit one of each Pok\u00e9mon\n|rule|OHKO Clause: OHKO moves are banned\n|rule|Evasion Items Clause: Evasion items are banned\n|rule|Evasion Moves Clause: Evasion moves are banned\n|rule|Endless Battle Clause: Forcing endless battles is banned\n|rule|HP Percentage Mod: HP is shown in percentages\n|clearpoke\n|poke|p1|Manaphy|\n|poke|p1|Kingambit, M|\n|poke|p1|Ribombee, M|\n|poke|p1|Gholdengo|\n|poke|p1|Iron Moth|\n|poke|p1|Ogerpon-Wellspring, F|\n|poke|p2|Clodsire, F|\n|poke|p2|Ribombee, M|\n|poke|p2|Noivern, M|\n|poke|p2|Cinderace, M|\n|poke|p2|Zamazenta-*|\n|teampreview\n|inactive|Battle timer is ON: inactive players will automatically lose when time's up. (requested by svndfjjsdi)\n|\n|t:|1700595666\n|start\n|switch|p1a: Iron Moth|Iron Moth|100\/100\n|switch|p2a: Clodsire|Clodsire, F|100\/100\n|-enditem|p1a: Iron Moth|Booster Energy\n|-activate|p1a: Iron Moth|ability: Quark Drive|[fromitem]\n|-start|p1a: Iron Moth|quarkdrivespe\n|turn|1\n|\n|t:|1700595683\n|move|p1a: Iron Moth|Psychic|p2a: Clodsire\n|-supereffective|p2a: Clodsire\n|-damage|p2a: Clodsire|57\/100\n|move|p2a: Clodsire|Stealth Rock|p1a: Iron Moth\n|-sidestart|p1: i love gunk|move: Stealth Rock\n|\n|-heal|p2a: Clodsire|63\/100|[from] item: Leftovers\n|upkeep\n|turn|2\n|\n|t:|1700595689\n|move|p1a: Iron Moth|Fiery Dance|p2a: Clodsire\n|-damage|p2a: Clodsire|38\/100\n|move|p2a: Clodsire|Toxic Spikes|p1a: Iron Moth\n|-sidestart|p1: i love gunk|move: Toxic Spikes\n|\n|-heal|p2a: Clodsire|44\/100|[from] item: Leftovers\n|upkeep\n|turn|3\n|\n|t:|1700595696\n|move|p1a: Iron Moth|Fiery Dance|p2a: Clodsire\n|-damage|p2a: Clodsire|16\/100\n|move|p2a: Clodsire|Spikes|p1a: Iron Moth\n|-sidestart|p1: i love gunk|Spikes\n|\n|-heal|p2a: Clodsire|23\/100|[from] item: Leftovers\n|upkeep\n|turn|4\n|\n|t:|1700595704\n|move|p1a: Iron Moth|Fiery Dance|p2a: Clodsire\n|-damage|p2a: Clodsire|0 fnt\n|faint|p2a: Clodsire\n|\n|upkeep\n|\n|t:|1700595707\n|switch|p2a: Ribombee|Ribombee, M|100\/100\n|turn|5\n|\n|t:|1700595710\n|move|p1a: Iron Moth|Sludge Wave|p2a: Ribombee\n|-supereffective|p2a: Ribombee\n|-enditem|p2a: Ribombee|Focus Sash\n|-damage|p2a: Ribombee|1\/100\n|move|p2a: Ribombee|Sticky Web|p1a: Iron Moth\n|-sidestart|p1: i love gunk|move: Sticky Web\n|\n|upkeep\n|turn|6\n|\n|t:|1700595728\n|move|p1a: Iron Moth|Fiery Dance|p2a: Ribombee\n|-supereffective|p2a: Ribombee\n|-damage|p2a: Ribombee|0 fnt\n|faint|p2a: Ribombee\n|\n|upkeep\n|\n|t:|1700595733\n|switch|p2a: Zamazenta|Zamazenta|100\/100\n|-ability|p2a: Zamazenta|Dauntless Shield|boost\n|-boost|p2a: Zamazenta|def|1\n|turn|7\n|\n|t:|1700595738\n|move|p1a: Iron Moth|Fiery Dance|p2a: Zamazenta\n|-damage|p2a: Zamazenta|66\/100\n|move|p2a: Zamazenta|Roar|p1a: Iron Moth\n|-end|p1a: Iron Moth|Quark Drive|[silent]\n|drag|p1a: Ogerpon|Ogerpon-Wellspring, F|100\/100\n|-damage|p1a: Ogerpon|88\/100|[from] Stealth Rock\n|-status|p1a: Ogerpon|psn\n|-damage|p1a: Ogerpon|76\/100 psn|[from] Spikes\n|-activate|p1a: Ogerpon|move: Sticky Web\n|-unboost|p1a: Ogerpon|spe|1\n|\n|-damage|p1a: Ogerpon|64\/100 psn|[from] psn\n|upkeep\n|turn|8\n|\n|t:|1700595748\n|move|p1a: Ogerpon|Ivy Cudgel|p2a: Zamazenta|[anim] Ivy Cudgel Water\n|-damage|p2a: Zamazenta|35\/100\n|move|p2a: Zamazenta|Roar|p1a: Ogerpon\n|drag|p1a: Manaphy|Manaphy|100\/100\n|-damage|p1a: Manaphy|88\/100|[from] Stealth Rock\n|-status|p1a: Manaphy|psn\n|-damage|p1a: Manaphy|76\/100 psn|[from] Spikes\n|-activate|p1a: Manaphy|move: Sticky Web\n|-unboost|p1a: Manaphy|spe|1\n|\n|-heal|p1a: Manaphy|82\/100 psn|[from] item: Leftovers\n|-damage|p1a: Manaphy|69\/100 psn|[from] psn\n|upkeep\n|turn|9\n|\n|t:|1700595753\n|move|p1a: Manaphy|Surf|p2a: Zamazenta\n|-damage|p2a: Zamazenta|5\/100\n|move|p2a: Zamazenta|Roar|p1a: Manaphy\n|drag|p1a: Ogerpon|Ogerpon-Wellspring, F|64\/100 psn\n|-damage|p1a: Ogerpon|51\/100 psn|[from] Stealth Rock\n|-damage|p1a: Ogerpon|39\/100 psn|[from] Spikes\n|-activate|p1a: Ogerpon|move: Sticky Web\n|-unboost|p1a: Ogerpon|spe|1\n|\n|-damage|p1a: Ogerpon|27\/100 psn|[from] psn\n|upkeep\n|turn|10\n|\n|t:|1700595760\n|move|p1a: Ogerpon|Ivy Cudgel|p2a: Zamazenta|[anim] Ivy Cudgel Water\n|-damage|p2a: Zamazenta|0 fnt\n|faint|p2a: Zamazenta\n|\n|-damage|p1a: Ogerpon|14\/100 psn|[from] psn\n|upkeep\n|\n|t:|1700595762\n|switch|p2a: Noivern|Noivern, M|100\/100\n|-item|p1a: Ogerpon|Wellspring Mask|[from] ability: Frisk|[of] p2a: Noivern|[identify]\n|turn|11\n|\n|t:|1700595768\n|-terastallize|p1a: Ogerpon|Water\n|detailschange|p1a: Ogerpon|Ogerpon-Wellspring-Tera, F, tera:Water\n|-ability|p1a: Ogerpon|Embody Aspect (Wellspring)|boost\n|-boost|p1a: Ogerpon|spd|1\n|move|p1a: Ogerpon|Ivy Cudgel|p2a: Noivern|[anim] Ivy Cudgel Water\n|-resisted|p2a: Noivern\n|-damage|p2a: Noivern|57\/100\n|move|p2a: Noivern|Whirlwind|p1a: Ogerpon\n|drag|p1a: Ribombee|Ribombee, M|100\/100\n|-damage|p1a: Ribombee|76\/100|[from] Stealth Rock\n|-status|p1a: Ribombee|psn\n|-damage|p1a: Ribombee|63\/100 psn|[from] Spikes\n|-activate|p1a: Ribombee|move: Sticky Web\n|-unboost|p1a: Ribombee|spe|1\n|\n|-damage|p1a: Ribombee|51\/100 psn|[from] psn\n|upkeep\n|turn|12\n|\n|t:|1700595776\n|move|p1a: Ribombee|Moonblast|p2a: Noivern\n|-supereffective|p2a: Noivern\n|-damage|p2a: Noivern|0 fnt\n|faint|p2a: Noivern\n|\n|-damage|p1a: Ribombee|39\/100 psn|[from] psn\n|upkeep\n|\n|t:|1700595779\n|switch|p2a: Cinderace|Cinderace, M|100\/100\n|turn|13\n|\n|t:|1700595787\n|move|p2a: Cinderace|Pyro Ball|p1a: Ribombee\n|-supereffective|p1a: Ribombee\n|-damage|p1a: Ribombee|0 fnt\n|faint|p1a: Ribombee\n|\n|upkeep\n|\n|t:|1700595797\n|switch|p1a: Iron Moth|Iron Moth|100\/100\n|-damage|p1a: Iron Moth|76\/100|[from] Stealth Rock\n|-sideend|p1: i love gunk|move: Toxic Spikes|[of] p1a: Iron Moth\n|-damage|p1a: Iron Moth|63\/100|[from] Spikes\n|-activate|p1a: Iron Moth|move: Sticky Web\n|-unboost|p1a: Iron Moth|spe|1\n|turn|14\n|\n|t:|1700595807\n|move|p2a: Cinderace|Zen Headbutt|p1a: Iron Moth\n|-start|p2a: Cinderace|typechange|Psychic|[from] ability: Libero\n|-supereffective|p1a: Iron Moth\n|-damage|p1a: Iron Moth|0 fnt\n|faint|p1a: Iron Moth\n|-end|p1a: Iron Moth|Quark Drive|[silent]\n|\n|upkeep\n|\n|t:|1700595816\n|switch|p1a: Gholdengo|Gholdengo|100\/100\n|-damage|p1a: Gholdengo|94\/100|[from] Stealth Rock\n|-item|p1a: Gholdengo|Air Balloon\n|turn|15\n|\n|t:|1700595825\n|move|p2a: Cinderace|Pyro Ball|p1a: Gholdengo\n|-supereffective|p1a: Gholdengo\n|-crit|p1a: Gholdengo\n|-damage|p1a: Gholdengo|0 fnt\n|-enditem|p1a: Gholdengo|Air Balloon\n|faint|p1a: Gholdengo\n|\n|upkeep\n|\n|t:|1700595831\n|switch|p1a: Manaphy|Manaphy|69\/100 psn\n|-damage|p1a: Manaphy|57\/100 psn|[from] Stealth Rock\n|-damage|p1a: Manaphy|45\/100 psn|[from] Spikes\n|-activate|p1a: Manaphy|move: Sticky Web\n|-unboost|p1a: Manaphy|spe|1\n|turn|16\n|\n|t:|1700595836\n|move|p2a: Cinderace|Zen Headbutt|p1a: Manaphy\n|-damage|p1a: Manaphy|8\/100 psn\n|cant|p1a: Manaphy|flinch\n|\n|-heal|p1a: Manaphy|14\/100 psn|[from] item: Leftovers\n|-damage|p1a: Manaphy|2\/100 psn|[from] psn\n|upkeep\n|turn|17\n|\n|t:|1700595841\n|move|p2a: Cinderace|U-turn|p1a: Manaphy\n|-damage|p1a: Manaphy|0 fnt\n|faint|p1a: Manaphy\n|\n|upkeep\n|\n|t:|1700595845\n|switch|p1a: Ogerpon|Ogerpon-Wellspring-Tera, F, tera:Water|14\/100 psn\n|-damage|p1a: Ogerpon|2\/100 psn|[from] Stealth Rock\n|-damage|p1a: Ogerpon|0 fnt|[from] Spikes\n|-activate|p1a: Ogerpon|move: Sticky Web\n|faint|p1a: Ogerpon\n|\n|t:|1700595847\n|switch|p1a: Kingambit|Kingambit, M|100\/100\n|-damage|p1a: Kingambit|94\/100|[from] Stealth Rock\n|-damage|p1a: Kingambit|82\/100|[from] Spikes\n|-activate|p1a: Kingambit|move: Sticky Web\n|-unboost|p1a: Kingambit|spe|1\n|-activate|p1a: Kingambit|ability: Supreme Overlord\n|-start|p1a: Kingambit|fallen5|[silent]\n|turn|18\n|\n|t:|1700595852\n|-terastallize|p2a: Cinderace|Fire\n|move|p1a: Kingambit|Sucker Punch|p2a: Cinderace\n|-enditem|p2a: Cinderace|Focus Sash\n|-damage|p2a: Cinderace|1\/100\n|move|p2a: Cinderace|Pyro Ball|p1a: Kingambit\n|-supereffective|p1a: Kingambit\n|-crit|p1a: Kingambit\n|-damage|p1a: Kingambit|0 fnt\n|faint|p1a: Kingambit\n|-end|p1a: Kingambit|fallen5|[silent]\n|\n|win|svndfjjsdi\n|raw|i love gunk's rating: 1064 &rarr; <strong>1041<\/strong><br \/>(-23 for losing)\n|raw|svndfjjsdi's rating: 1000 &rarr; <strong>1047<\/strong><br \/>(+47 for winning)\n|l|\u2606i love gunk\n","uploadtime":1700595865,"views":0,"p1id":"ilovegunk","p2id":"svndfjjsdi","formatid":"gen9ou","rating":1041,"private":0,"password":""}