{"id":"gen9ou-1995925293","p1":"fuctmdk","p2":"UTUTU_sape","format":"[Gen 9] OU","log":"|j|\u2606fuctmdk\n|j|\u2606UTUTU_sape\n|t:|1700618089\n|gametype|singles\n|player|p1|fuctmdk|caitlin-masters|1104\n|player|p2|UTUTU_sape|hiker-gen4|1034\n|teamsize|p1|6\n|teamsize|p2|6\n|gen|9\n|tier|[Gen 9] OU\n|rated|\n|rule|Sleep Clause Mod: Limit one foe put to sleep\n|rule|Species Clause: Limit one of each Pok\u00e9mon\n|rule|OHKO Clause: OHKO moves are banned\n|rule|Evasion Items Clause: Evasion items are banned\n|rule|Evasion Moves Clause: Evasion moves are banned\n|rule|Endless Battle Clause: Forcing endless battles is banned\n|rule|HP Percentage Mod: HP is shown in percentages\n|clearpoke\n|poke|p1|Fezandipiti, M|\n|poke|p1|Landorus-Therian, M|\n|poke|p1|Samurott-Hisui, F|\n|poke|p1|Iron Valiant|\n|poke|p1|Skeledirge, F|\n|poke|p1|Dragapult, F|\n|poke|p2|Iron Hands|\n|poke|p2|Volcanion|\n|poke|p2|Toxapex, M|\n|poke|p2|Corviknight, M|\n|poke|p2|Ninetales-Alola, F|\n|poke|p2|Ting-Lu|\n|teampreview\n|\n|t:|1700618106\n|start\n|switch|p1a: Dragapult|Dragapult, F|100\/100\n|switch|p2a: Ninetales|Ninetales-Alola, F|100\/100\n|-weather|Snow|[from] ability: Snow Warning|[of] p2a: Ninetales\n|turn|1\n|\n|t:|1700618121\n|move|p1a: Dragapult|U-turn|p2a: Ninetales\n|-resisted|p2a: Ninetales\n|-damage|p2a: Ninetales|94\/100\n|\n|t:|1700618127\n|switch|p1a: Skeledirge|Skeledirge, F|100\/100|[from] U-turn\n|move|p2a: Ninetales|Freeze-Dry|p1a: Skeledirge\n|-resisted|p1a: Skeledirge\n|-damage|p1a: Skeledirge|93\/100\n|\n|-weather|Snow|[upkeep]\n|upkeep\n|turn|2\n|\n|t:|1700618139\n|switch|p2a: Volcanion|Volcanion|100\/100\n|move|p1a: Skeledirge|Torch Song|p2a: Volcanion\n|-resisted|p2a: Volcanion\n|-crit|p2a: Volcanion\n|-damage|p2a: Volcanion|90\/100\n|-boost|p1a: Skeledirge|spa|1\n|\n|-weather|Snow|[upkeep]\n|upkeep\n|turn|3\n|\n|t:|1700618151\n|switch|p1a: Dragapult|Dragapult, F|100\/100\n|move|p2a: Volcanion|Steam Eruption|p1a: Dragapult\n|-resisted|p1a: Dragapult\n|-damage|p1a: Dragapult|59\/100\n|-status|p1a: Dragapult|brn\n|\n|-weather|Snow|[upkeep]\n|-damage|p1a: Dragapult|53\/100 brn|[from] brn\n|upkeep\n|turn|4\n|\n|t:|1700618164\n|move|p1a: Dragapult|Draco Meteor|p2a: Volcanion\n|-damage|p2a: Volcanion|27\/100\n|-unboost|p1a: Dragapult|spa|2\n|move|p2a: Volcanion|Fire Blast|p1a: Dragapult\n|-resisted|p1a: Dragapult\n|-damage|p1a: Dragapult|7\/100 brn\n|\n|-weather|Snow|[upkeep]\n|-damage|p1a: Dragapult|1\/100 brn|[from] brn\n|upkeep\n|turn|5\n|\n|t:|1700618180\n|switch|p2a: Toxapex|Toxapex, M|100\/100\n|move|p1a: Dragapult|U-turn|p2a: Toxapex\n|-resisted|p2a: Toxapex\n|-crit|p2a: Toxapex\n|-damage|p2a: Toxapex|96\/100\n|\n|t:|1700618190\n|switch|p1a: Samurott|Samurott-Hisui, F|100\/100|[from] U-turn\n|\n|-weather|none\n|upkeep\n|turn|6\n|\n|t:|1700618195\n|move|p1a: Samurott|Ceaseless Edge|p2a: Toxapex\n|-damage|p2a: Toxapex|58\/100\n|-sidestart|p2: UTUTU_sape|Spikes\n|move|p2a: Toxapex|Toxic|p1a: Samurott\n|-status|p1a: Samurott|tox\n|\n|-damage|p1a: Samurott|94\/100 tox|[from] psn\n|upkeep\n|turn|7\n|\n|t:|1700618203\n|move|p1a: Samurott|Ceaseless Edge|p2a: Toxapex\n|-damage|p2a: Toxapex|19\/100\n|-sidestart|p2: UTUTU_sape|Spikes\n|move|p2a: Toxapex|Recover|p2a: Toxapex\n|-heal|p2a: Toxapex|69\/100\n|\n|-damage|p1a: Samurott|82\/100 tox|[from] psn\n|upkeep\n|turn|8\n|\n|t:|1700618210\n|move|p1a: Samurott|Ceaseless Edge|p2a: Toxapex\n|-damage|p2a: Toxapex|29\/100\n|-sidestart|p2: UTUTU_sape|Spikes\n|move|p2a: Toxapex|Recover|p2a: Toxapex\n|-heal|p2a: Toxapex|79\/100\n|\n|-damage|p1a: Samurott|64\/100 tox|[from] psn\n|upkeep\n|turn|9\n|\n|t:|1700618218\n|move|p1a: Samurott|Encore|p2a: Toxapex\n|-start|p2a: Toxapex|Encore\n|move|p2a: Toxapex|Recover|p2a: Toxapex\n|-heal|p2a: Toxapex|100\/100\n|\n|-damage|p1a: Samurott|40\/100 tox|[from] psn\n|upkeep\n|turn|10\n|\n|t:|1700618226\n|switch|p1a: Fezandipiti|Fezandipiti, M|100\/100\n|move|p2a: Toxapex|Recover||[still]\n|-fail|p2a: Toxapex|heal\n|\n|upkeep\n|turn|11\n|inactive|Battle timer is ON: inactive players will automatically lose when time's up. (requested by fuctmdk)\n|\n|t:|1700618247\n|switch|p2a: Ting-Lu|Ting-Lu|100\/100\n|-damage|p2a: Ting-Lu|76\/100|[from] Spikes\n|-ability|p2a: Ting-Lu|Vessel of Ruin\n|move|p1a: Fezandipiti|Calm Mind|p1a: Fezandipiti\n|-boost|p1a: Fezandipiti|spa|1\n|-boost|p1a: Fezandipiti|spd|1\n|\n|-heal|p2a: Ting-Lu|82\/100|[from] item: Leftovers\n|upkeep\n|turn|12\n|\n|t:|1700618261\n|move|p1a: Fezandipiti|Moonblast|p2a: Ting-Lu\n|-supereffective|p2a: Ting-Lu\n|-damage|p2a: Ting-Lu|51\/100\n|move|p2a: Ting-Lu|Ruination|p1a: Fezandipiti\n|-damage|p1a: Fezandipiti|50\/100\n|\n|-heal|p1a: Fezandipiti|57\/100|[from] item: Leftovers\n|-heal|p2a: Ting-Lu|58\/100|[from] item: Leftovers\n|upkeep\n|turn|13\n|\n|t:|1700618272\n|move|p1a: Fezandipiti|Calm Mind|p1a: Fezandipiti\n|-boost|p1a: Fezandipiti|spa|1\n|-boost|p1a: Fezandipiti|spd|1\n|move|p2a: Ting-Lu|Earthquake|p1a: Fezandipiti\n|-supereffective|p1a: Fezandipiti\n|-damage|p1a: Fezandipiti|0 fnt\n|faint|p1a: Fezandipiti\n|\n|-heal|p2a: Ting-Lu|64\/100|[from] item: Leftovers\n|upkeep\n|\n|t:|1700618284\n|switch|p1a: Dragapult|Dragapult, F|1\/100 brn\n|turn|14\n|\n|t:|1700618293\n|switch|p2a: Toxapex|Toxapex, M|100\/100\n|move|p1a: Dragapult|Will-O-Wisp|p2a: Toxapex\n|-status|p2a: Toxapex|brn\n|\n|-damage|p1a: Dragapult|0 fnt|[from] brn\n|faint|p1a: Dragapult\n|-damage|p2a: Toxapex|94\/100 brn|[from] brn\n|upkeep\n|\n|t:|1700618301\n|switch|p1a: Landorus|Landorus-Therian, M|100\/100\n|-ability|p1a: Landorus|Intimidate|boost\n|-unboost|p2a: Toxapex|atk|1\n|turn|15\n|\n|t:|1700618306\n|move|p1a: Landorus|Earth Power|p2a: Toxapex\n|-supereffective|p2a: Toxapex\n|-damage|p2a: Toxapex|41\/100 brn\n|move|p2a: Toxapex|Toxic|p1a: Landorus\n|-status|p1a: Landorus|tox\n|\n|-damage|p1a: Landorus|94\/100 tox|[from] psn\n|-damage|p2a: Toxapex|35\/100 brn|[from] brn\n|upkeep\n|turn|16\n|\n|t:|1700618315\n|move|p1a: Landorus|Stealth Rock|p2a: Toxapex\n|-sidestart|p2: UTUTU_sape|move: Stealth Rock\n|move|p2a: Toxapex|Recover|p2a: Toxapex\n|-heal|p2a: Toxapex|85\/100 brn\n|\n|-damage|p1a: Landorus|82\/100 tox|[from] psn\n|-damage|p2a: Toxapex|79\/100 brn|[from] brn\n|upkeep\n|turn|17\n|\n|t:|1700618326\n|move|p1a: Landorus|Earth Power|p2a: Toxapex\n|-supereffective|p2a: Toxapex\n|-damage|p2a: Toxapex|24\/100 brn\n|move|p2a: Toxapex|Toxic Spikes|p1a: Landorus\n|-sidestart|p1: fuctmdk|move: Toxic Spikes\n|\n|-damage|p1a: Landorus|64\/100 tox|[from] psn\n|-damage|p2a: Toxapex|18\/100 brn|[from] brn\n|upkeep\n|turn|18\n|\n|t:|1700618334\n|move|p1a: Landorus|Earth Power|p2a: Toxapex\n|-supereffective|p2a: Toxapex\n|-damage|p2a: Toxapex|0 fnt\n|faint|p2a: Toxapex\n|\n|-damage|p1a: Landorus|40\/100 tox|[from] psn\n|upkeep\n|\n|t:|1700618347\n|switch|p2a: Corviknight|Corviknight, M|100\/100\n|-damage|p2a: Corviknight|88\/100|[from] Stealth Rock\n|-ability|p2a: Corviknight|Pressure\n|turn|19\n|\n|t:|1700618358\n|move|p1a: Landorus|U-turn|p2a: Corviknight\n|-resisted|p2a: Corviknight\n|-damage|p2a: Corviknight|85\/100\n|\n|t:|1700618360\n|switch|p1a: Skeledirge|Skeledirge, F|93\/100|[from] U-turn\n|move|p2a: Corviknight|Roost|p2a: Corviknight\n|-heal|p2a: Corviknight|100\/100\n|-singleturn|p2a: Corviknight|move: Roost\n|\n|upkeep\n|turn|20\n|\n|t:|1700618382\n|switch|p2a: Ting-Lu|Ting-Lu|64\/100\n|-damage|p2a: Ting-Lu|39\/100|[from] Spikes\n|-damage|p2a: Ting-Lu|33\/100|[from] Stealth Rock\n|-ability|p2a: Ting-Lu|Vessel of Ruin\n|move|p1a: Skeledirge|Will-O-Wisp|p2a: Ting-Lu\n|-status|p2a: Ting-Lu|brn\n|\n|-heal|p2a: Ting-Lu|39\/100 brn|[from] item: Leftovers\n|-damage|p2a: Ting-Lu|33\/100 brn|[from] brn\n|upkeep\n|turn|21\n|\n|t:|1700618396\n|switch|p1a: Landorus|Landorus-Therian, M|40\/100 tox\n|-ability|p1a: Landorus|Intimidate|boost\n|-unboost|p2a: Ting-Lu|atk|1\n|move|p2a: Ting-Lu|Earthquake|p1a: Landorus\n|-immune|p1a: Landorus\n|\n|-heal|p2a: Ting-Lu|39\/100 brn|[from] item: Leftovers\n|-damage|p1a: Landorus|34\/100 tox|[from] psn\n|-damage|p2a: Ting-Lu|33\/100 brn|[from] brn\n|upkeep\n|turn|22\n|\n|t:|1700618411\n|move|p1a: Landorus|Earth Power|p2a: Ting-Lu\n|-damage|p2a: Ting-Lu|19\/100 brn\n|move|p2a: Ting-Lu|Spikes|p1a: Landorus\n|-sidestart|p1: fuctmdk|Spikes\n|\n|-heal|p2a: Ting-Lu|25\/100 brn|[from] item: Leftovers\n|-damage|p1a: Landorus|22\/100 tox|[from] psn\n|-damage|p2a: Ting-Lu|19\/100 brn|[from] brn\n|upkeep\n|turn|23\n|\n|t:|1700618422\n|move|p1a: Landorus|Grass Knot|p2a: Ting-Lu\n|-supereffective|p2a: Ting-Lu\n|-damage|p2a: Ting-Lu|0 fnt\n|faint|p2a: Ting-Lu\n|\n|-damage|p1a: Landorus|4\/100 tox|[from] psn\n|upkeep\n|\n|t:|1700618429\n|switch|p2a: Iron Hands|Iron Hands|100\/100\n|-damage|p2a: Iron Hands|75\/100|[from] Spikes\n|-damage|p2a: Iron Hands|69\/100|[from] Stealth Rock\n|turn|24\n|\n|t:|1700618436\n|move|p1a: Landorus|Earth Power|p2a: Iron Hands\n|-supereffective|p2a: Iron Hands\n|-damage|p2a: Iron Hands|30\/100\n|move|p2a: Iron Hands|Wild Charge|p1a: Landorus\n|-immune|p1a: Landorus\n|\n|-damage|p1a: Landorus|0 fnt|[from] psn\n|faint|p1a: Landorus\n|upkeep\n|\n|t:|1700618441\n|switch|p1a: Iron Valiant|Iron Valiant|100\/100\n|turn|25\n|\n|t:|1700618458\n|-end|p2a: Iron Hands|Quark Drive|[silent]\n|switch|p2a: Corviknight|Corviknight, M|100\/100\n|-damage|p2a: Corviknight|88\/100|[from] Stealth Rock\n|-ability|p2a: Corviknight|Pressure\n|move|p1a: Iron Valiant|Moonblast|p2a: Corviknight\n|-resisted|p2a: Corviknight\n|-damage|p2a: Corviknight|68\/100\n|\n|-heal|p2a: Corviknight|75\/100|[from] item: Leftovers\n|upkeep\n|turn|26\n|\n|t:|1700618469\n|-end|p1a: Iron Valiant|Quark Drive|[silent]\n|switch|p1a: Skeledirge|Skeledirge, F|93\/100\n|move|p2a: Corviknight|Brave Bird|p1a: Skeledirge\n|-damage|p1a: Skeledirge|62\/100\n|-damage|p2a: Corviknight|62\/100|[from] Recoil\n|\n|-heal|p2a: Corviknight|68\/100|[from] item: Leftovers\n|upkeep\n|turn|27\n|inactive|UTUTU_sape has 120 seconds left.\n|\n|t:|1700618494\n|move|p1a: Skeledirge|Slack Off|p1a: Skeledirge\n|-heal|p1a: Skeledirge|100\/100\n|move|p2a: Corviknight|Body Press|p1a: Skeledirge\n|-immune|p1a: Skeledirge\n|\n|-heal|p2a: Corviknight|75\/100|[from] item: Leftovers\n|upkeep\n|turn|28\n|\n|t:|1700618502\n|move|p1a: Skeledirge|Will-O-Wisp|p2a: Corviknight\n|-status|p2a: Corviknight|brn\n|move|p2a: Corviknight|Brave Bird|p1a: Skeledirge\n|-damage|p1a: Skeledirge|86\/100\n|-damage|p2a: Corviknight|69\/100 brn|[from] Recoil\n|\n|-heal|p2a: Corviknight|75\/100 brn|[from] item: Leftovers\n|-damage|p2a: Corviknight|69\/100 brn|[from] brn\n|upkeep\n|turn|29\n|\n|t:|1700618511\n|move|p1a: Skeledirge|Torch Song|p2a: Corviknight\n|-supereffective|p2a: Corviknight\n|-damage|p2a: Corviknight|15\/100 brn\n|-boost|p1a: Skeledirge|spa|1\n|move|p2a: Corviknight|Roost|p2a: Corviknight\n|-heal|p2a: Corviknight|65\/100 brn\n|-singleturn|p2a: Corviknight|move: Roost\n|\n|-heal|p2a: Corviknight|71\/100 brn|[from] item: Leftovers\n|-damage|p2a: Corviknight|65\/100 brn|[from] brn\n|upkeep\n|turn|30\n|\n|t:|1700618523\n|move|p1a: Skeledirge|Torch Song|p2a: Corviknight\n|-supereffective|p2a: Corviknight\n|-damage|p2a: Corviknight|0 fnt\n|-boost|p1a: Skeledirge|spa|1\n|faint|p2a: Corviknight\n|\n|upkeep\n|\n|t:|1700618529\n|switch|p2a: Ninetales|Ninetales-Alola, F|94\/100\n|-damage|p2a: Ninetales|69\/100|[from] Spikes\n|-damage|p2a: Ninetales|44\/100|[from] Stealth Rock\n|-weather|Snow|[from] ability: Snow Warning|[of] p2a: Ninetales\n|turn|31\n|\n|t:|1700618545\n|move|p2a: Ninetales|Hypnosis|p1a: Skeledirge|[miss]\n|-miss|p2a: Ninetales|p1a: Skeledirge\n|move|p1a: Skeledirge|Torch Song|p2a: Ninetales\n|-supereffective|p2a: Ninetales\n|-damage|p2a: Ninetales|0 fnt\n|-boost|p1a: Skeledirge|spa|1\n|faint|p2a: Ninetales\n|\n|-weather|Snow|[upkeep]\n|upkeep\n|\n|t:|1700618554\n|switch|p2a: Volcanion|Volcanion|27\/100\n|turn|32\n|\n|t:|1700618560\n|-terastallize|p1a: Skeledirge|Water\n|move|p1a: Skeledirge|Shadow Ball|p2a: Volcanion\n|-damage|p2a: Volcanion|0 fnt\n|faint|p2a: Volcanion\n|\n|-weather|Snow|[upkeep]\n|upkeep\n|-message|UTUTU_sape forfeited.\n|\n|win|fuctmdk\n|raw|fuctmdk's rating: 1104 &rarr; <strong>1124<\/strong><br \/>(+20 for winning)\n|raw|UTUTU_sape's rating: 1034 &rarr; <strong>1022<\/strong><br \/>(-12 for losing)\n|l|\u2606UTUTU_sape\n","uploadtime":1700618577,"views":0,"p1id":"fuctmdk","p2id":"ututusape","formatid":"gen9ou","rating":1022,"private":0,"password":""}