{"id":"gen9ou-1997969971","p1":"AESOP'S BARGAIN","p2":"2021MarkelleFultz","format":"[Gen 9] OU","log":"|j|\u2606AESOP'S BARGAIN\n|j|\u26062021MarkelleFultz\n|t:|1700873587\n|gametype|singles\n|player|p1|AESOP'S BARGAIN|265|1303\n|player|p2|2021MarkelleFultz|caitlin|1324\n|teamsize|p1|6\n|teamsize|p2|6\n|gen|9\n|tier|[Gen 9] OU\n|rated|\n|rule|Sleep Clause Mod: Limit one foe put to sleep\n|rule|Species Clause: Limit one of each Pok\u00e9mon\n|rule|OHKO Clause: OHKO moves are banned\n|rule|Evasion Items Clause: Evasion items are banned\n|rule|Evasion Moves Clause: Evasion moves are banned\n|rule|Endless Battle Clause: Forcing endless battles is banned\n|rule|HP Percentage Mod: HP is shown in percentages\n|clearpoke\n|poke|p1|Kingambit, M|\n|poke|p1|Glimmora, M|\n|poke|p1|Zamazenta-*|\n|poke|p1|Iron Valiant|\n|poke|p1|Iron Moth|\n|poke|p1|Ogerpon-Wellspring, F|\n|poke|p2|Pelipper, F|\n|poke|p2|Honchkrow, F|\n|poke|p2|Barraskewda, F|\n|poke|p2|Kilowattrel, M|\n|poke|p2|Gardevoir, F|\n|poke|p2|Maushold-Four|\n|teampreview\n|inactive|Battle timer is ON: inactive players will automatically lose when time's up. (requested by 2021MarkelleFultz)\n|\n|t:|1700873596\n|start\n|switch|p1a: Glimmora|Glimmora, M|100\/100\n|switch|p2a: Dragon Up|Maushold-Four|100\/100\n|turn|1\n|\n|t:|1700873606\n|switch|p1a: Zamazenta|Zamazenta, shiny|100\/100\n|-ability|p1a: Zamazenta|Dauntless Shield|boost\n|-boost|p1a: Zamazenta|def|1\n|move|p2a: Dragon Up|Tidy Up|p2a: Dragon Up\n|-boost|p2a: Dragon Up|atk|1\n|-boost|p2a: Dragon Up|spe|1\n|\n|upkeep\n|turn|2\n|\n|t:|1700873614\n|-terastallize|p2a: Dragon Up|Ghost\n|move|p2a: Dragon Up|Tidy Up|p2a: Dragon Up\n|-boost|p2a: Dragon Up|atk|1\n|-boost|p2a: Dragon Up|spe|1\n|move|p1a: Zamazenta|Body Press|p2a: Dragon Up\n|-immune|p2a: Dragon Up\n|\n|upkeep\n|turn|3\n|\n|t:|1700873640\n|move|p2a: Dragon Up|Encore|p1a: Zamazenta\n|-start|p1a: Zamazenta|Encore\n|move|p1a: Zamazenta|Body Press|p2a: Dragon Up\n|-immune|p2a: Dragon Up\n|\n|upkeep\n|turn|4\n|\n|t:|1700873653\n|switch|p1a: Glimmora|Glimmora, M|100\/100\n|move|p2a: Dragon Up|Tidy Up|p2a: Dragon Up\n|-boost|p2a: Dragon Up|atk|1\n|-boost|p2a: Dragon Up|spe|1\n|\n|upkeep\n|turn|5\n|\n|t:|1700873664\n|switch|p1a: Kingambit|Kingambit, M|100\/100\n|move|p2a: Dragon Up|Population Bomb|p1a: Kingambit\n|-resisted|p1a: Kingambit\n|-damage|p1a: Kingambit|89\/100\n|-resisted|p1a: Kingambit\n|-damage|p1a: Kingambit|77\/100\n|-resisted|p1a: Kingambit\n|-damage|p1a: Kingambit|65\/100\n|-resisted|p1a: Kingambit\n|-damage|p1a: Kingambit|54\/100\n|-resisted|p1a: Kingambit\n|-damage|p1a: Kingambit|42\/100\n|-resisted|p1a: Kingambit\n|-damage|p1a: Kingambit|30\/100\n|-resisted|p1a: Kingambit\n|-crit|p1a: Kingambit\n|-damage|p1a: Kingambit|14\/100\n|-resisted|p1a: Kingambit\n|-damage|p1a: Kingambit|2\/100\n|-resisted|p1a: Kingambit\n|-damage|p1a: Kingambit|0 fnt\n|faint|p1a: Kingambit\n|-end|p1a: Kingambit|fallenundefined|[silent]\n|-hitcount|p1: Kingambit|9\n|\n|upkeep\n|inactive|AESOP'S BARGAIN has 120 seconds left.\n|\n|t:|1700873687\n|switch|p1a: Zamazenta|Zamazenta, shiny|100\/100\n|turn|6\n|\n|t:|1700873695\n|move|p2a: Dragon Up|Population Bomb|p1a: Zamazenta\n|-damage|p1a: Zamazenta|78\/100\n|-damage|p1a: Zamazenta|55\/100\n|-damage|p1a: Zamazenta|31\/100\n|-damage|p1a: Zamazenta|10\/100\n|-damage|p1a: Zamazenta|0 fnt\n|faint|p1a: Zamazenta\n|-hitcount|p1: Zamazenta|5\n|\n|upkeep\n|inactive|AESOP'S BARGAIN has 120 seconds left.\n|\n|t:|1700873707\n|switch|p1a: Iron Moth|Iron Moth|100\/100\n|-enditem|p1a: Iron Moth|Booster Energy\n|-activate|p1a: Iron Moth|ability: Quark Drive|[fromitem]\n|-start|p1a: Iron Moth|quarkdrivespe\n|turn|7\n|\n|t:|1700873714\n|move|p2a: Dragon Up|Population Bomb|p1a: Iron Moth\n|-damage|p1a: Iron Moth|63\/100\n|-damage|p1a: Iron Moth|23\/100\n|-damage|p1a: Iron Moth|0 fnt\n|faint|p1a: Iron Moth\n|-end|p1a: Iron Moth|Quark Drive|[silent]\n|-hitcount|p1: Iron Moth|3\n|\n|upkeep\n|\n|t:|1700873723\n|switch|p1a: Ogerpon|Ogerpon-Wellspring, F|100\/100\n|turn|8\n|\n|t:|1700873728\n|move|p2a: Dragon Up|Population Bomb|p1a: Ogerpon\n|-damage|p1a: Ogerpon|68\/100\n|-damage|p1a: Ogerpon|31\/100\n|-damage|p1a: Ogerpon|0 fnt\n|faint|p1a: Ogerpon\n|-hitcount|p1: Ogerpon|3\n|\n|upkeep\n|-message|AESOP'S BARGAIN forfeited.\n|\n|win|2021MarkelleFultz\n|raw|AESOP&apos;S BARGAIN's rating: 1303 &rarr; <strong>1284<\/strong><br \/>(-19 for losing)\n|raw|2021MarkelleFultz's rating: 1324 &rarr; <strong>1343<\/strong><br \/>(+19 for winning)\n|l|\u2606AESOP'S BARGAIN\n","uploadtime":1700873744,"views":1,"p1id":"aesopsbargain","p2id":"2021markellefultz","formatid":"gen9ou","rating":1284,"private":0,"password":""}