{"id":"gen9ou-1990627771","p1":"Deraiven test","p2":"Qazect","format":"[Gen 9] OU","log":"|j|\u2606Deraiven test\n|j|\u2606Qazect\n|t:|1699986929\n|gametype|singles\n|player|p1|Deraiven test|swimmer|1308\n|player|p2|Qazect|102|1364\n|teamsize|p1|6\n|teamsize|p2|6\n|gen|9\n|tier|[Gen 9] OU\n|rated|\n|rule|Sleep Clause Mod: Limit one foe put to sleep\n|rule|Species Clause: Limit one of each Pok\u00e9mon\n|rule|OHKO Clause: OHKO moves are banned\n|rule|Evasion Items Clause: Evasion items are banned\n|rule|Evasion Moves Clause: Evasion moves are banned\n|rule|Endless Battle Clause: Forcing endless battles is banned\n|rule|HP Percentage Mod: HP is shown in percentages\n|clearpoke\n|poke|p1|Samurott-Hisui, F|\n|poke|p1|Dragonite, M|\n|poke|p1|Enamorus, F|\n|poke|p1|Kingambit, F|\n|poke|p1|Sneasler, M|\n|poke|p1|Rillaboom, F|\n|poke|p2|Alomomola, M|\n|poke|p2|Scream Tail|\n|poke|p2|Cinderace, M|\n|poke|p2|Quaquaval, F|\n|poke|p2|Scizor, F|\n|poke|p2|Enamorus, F|\n|teampreview\n|\n|t:|1699986937\n|start\n|switch|p1a: Samurott|Samurott-Hisui, F|100\/100\n|switch|p2a: Enamorus|Enamorus, F|100\/100\n|turn|1\n|inactive|Battle timer is ON: inactive players will automatically lose when time's up. (requested by Qazect)\n|\n|t:|1699986942\n|move|p2a: Enamorus|Moonblast|p1a: Samurott\n|-supereffective|p1a: Samurott\n|-enditem|p1a: Samurott|Focus Sash\n|-damage|p1a: Samurott|1\/100\n|move|p1a: Samurott|Ceaseless Edge|p2a: Enamorus\n|-resisted|p2a: Enamorus\n|-damage|p2a: Enamorus|65\/100\n|-sidestart|p2: Qazect|Spikes\n|\n|upkeep\n|turn|2\n|\n|t:|1699986946\n|move|p1a: Samurott|Aqua Jet|p2a: Enamorus\n|-damage|p2a: Enamorus|34\/100\n|move|p2a: Enamorus|Moonblast|p1a: Samurott\n|-supereffective|p1a: Samurott\n|-damage|p1a: Samurott|0 fnt\n|faint|p1a: Samurott\n|\n|upkeep\n|\n|t:|1699986955\n|switch|p1a: Enamorus|Enamorus, F|100\/100\n|turn|3\n|\n|t:|1699986967\n|switch|p2a: Scream Tail|Scream Tail|100\/100\n|-damage|p2a: Scream Tail|88\/100|[from] Spikes\n|move|p1a: Enamorus|Moonblast|p2a: Scream Tail\n|-damage|p2a: Scream Tail|58\/100\n|-unboost|p2a: Scream Tail|spa|1\n|\n|-heal|p2a: Scream Tail|64\/100|[from] item: Leftovers\n|upkeep\n|turn|4\n|\n|t:|1699986971\n|switch|p1a: Rillaboom|Rillaboom, F|100\/100\n|-fieldstart|move: Grassy Terrain|[from] ability: Grassy Surge|[of] p1a: Rillaboom\n|move|p2a: Scream Tail|Wish|p2a: Scream Tail\n|\n|-heal|p2a: Scream Tail|70\/100|[from] Grassy Terrain\n|-heal|p2a: Scream Tail|77\/100|[from] item: Leftovers\n|upkeep\n|turn|5\n|\n|t:|1699986977\n|move|p2a: Scream Tail|Protect|p2a: Scream Tail\n|-singleturn|p2a: Scream Tail|Protect\n|move|p1a: Rillaboom|Knock Off|p2a: Scream Tail\n|-activate|p2a: Scream Tail|move: Protect\n|\n|-heal|p2a: Scream Tail|100\/100|[from] move: Wish|[wisher] Scream Tail\n|upkeep\n|turn|6\n|\n|t:|1699986992\n|-end|p2a: Scream Tail|Protosynthesis|[silent]\n|switch|p2a: Scizor|Scizor, F|100\/100\n|-damage|p2a: Scizor|88\/100|[from] Spikes\n|move|p1a: Rillaboom|Knock Off|p2a: Scizor\n|-damage|p2a: Scizor|53\/100\n|-enditem|p2a: Scizor|Choice Band|[from] move: Knock Off|[of] p1a: Rillaboom\n|\n|-heal|p2a: Scizor|59\/100|[from] Grassy Terrain\n|upkeep\n|turn|7\n|\n|t:|1699987003\n|move|p1a: Rillaboom|U-turn|p2a: Scizor\n|-resisted|p2a: Scizor\n|-damage|p2a: Scizor|47\/100\n|\n|t:|1699987006\n|switch|p1a: Dragonite|Dragonite, M|100\/100|[from] U-turn\n|move|p2a: Scizor|U-turn|p1a: Dragonite\n|-resisted|p1a: Dragonite\n|-damage|p1a: Dragonite|90\/100\n|\n|t:|1699987011\n|switch|p2a: Quaquaval|Quaquaval, F|100\/100|[from] U-turn\n|-damage|p2a: Quaquaval|88\/100|[from] Spikes\n|\n|-heal|p2a: Quaquaval|94\/100|[from] Grassy Terrain\n|-heal|p2a: Quaquaval|99\/100|[from] item: Leftovers\n|upkeep\n|turn|8\n|\n|t:|1699987021\n|move|p1a: Dragonite|Extreme Speed|p2a: Quaquaval\n|-damage|p2a: Quaquaval|62\/100\n|move|p2a: Quaquaval|Bulk Up|p2a: Quaquaval\n|-boost|p2a: Quaquaval|atk|1\n|-boost|p2a: Quaquaval|def|1\n|\n|-heal|p2a: Quaquaval|68\/100|[from] Grassy Terrain\n|-heal|p2a: Quaquaval|74\/100|[from] item: Leftovers\n|upkeep\n|turn|9\n|\n|t:|1699987027\n|move|p1a: Dragonite|Dragon Dance|p1a: Dragonite\n|-boost|p1a: Dragonite|atk|1\n|-boost|p1a: Dragonite|spe|1\n|move|p2a: Quaquaval|Aqua Step|p1a: Dragonite\n|-resisted|p1a: Dragonite\n|-damage|p1a: Dragonite|55\/100\n|-boost|p2a: Quaquaval|spe|1\n|\n|-heal|p2a: Quaquaval|80\/100|[from] Grassy Terrain\n|-heal|p2a: Quaquaval|86\/100|[from] item: Leftovers\n|upkeep\n|turn|10\n|\n|t:|1699987032\n|move|p1a: Dragonite|Earthquake|p2a: Quaquaval\n|-damage|p2a: Quaquaval|64\/100\n|move|p2a: Quaquaval|Bulk Up|p2a: Quaquaval\n|-boost|p2a: Quaquaval|atk|1\n|-boost|p2a: Quaquaval|def|1\n|\n|-heal|p2a: Quaquaval|70\/100|[from] Grassy Terrain\n|-heal|p2a: Quaquaval|76\/100|[from] item: Leftovers\n|upkeep\n|turn|11\n|\n|t:|1699987035\n|move|p1a: Dragonite|Extreme Speed|p2a: Quaquaval\n|-damage|p2a: Quaquaval|49\/100\n|move|p2a: Quaquaval|Aqua Step|p1a: Dragonite\n|-resisted|p1a: Dragonite\n|-damage|p1a: Dragonite|9\/100\n|-boost|p2a: Quaquaval|spe|1\n|\n|-heal|p2a: Quaquaval|55\/100|[from] Grassy Terrain\n|-heal|p2a: Quaquaval|61\/100|[from] item: Leftovers\n|-fieldend|move: Grassy Terrain\n|upkeep\n|turn|12\n|\n|t:|1699987040\n|move|p1a: Dragonite|Extreme Speed|p2a: Quaquaval\n|-damage|p2a: Quaquaval|32\/100\n|move|p2a: Quaquaval|Roost|p2a: Quaquaval\n|-heal|p2a: Quaquaval|82\/100\n|-singleturn|p2a: Quaquaval|move: Roost\n|\n|-heal|p2a: Quaquaval|88\/100|[from] item: Leftovers\n|upkeep\n|turn|13\n|\n|t:|1699987043\n|move|p1a: Dragonite|Extreme Speed|p2a: Quaquaval\n|-damage|p2a: Quaquaval|60\/100\n|move|p2a: Quaquaval|Aqua Step|p1a: Dragonite\n|-resisted|p1a: Dragonite\n|-damage|p1a: Dragonite|0 fnt\n|-boost|p2a: Quaquaval|spe|1\n|faint|p1a: Dragonite\n|-ability|p2a: Quaquaval|Moxie|boost\n|-boost|p2a: Quaquaval|atk|1\n|\n|-heal|p2a: Quaquaval|66\/100|[from] item: Leftovers\n|upkeep\n|\n|t:|1699987044\n|switch|p1a: Enamorus|Enamorus, F|100\/100\n|turn|14\n|\n|t:|1699987050\n|move|p2a: Quaquaval|Aqua Step|p1a: Enamorus\n|-damage|p1a: Enamorus|0 fnt\n|-boost|p2a: Quaquaval|spe|1\n|faint|p1a: Enamorus\n|-ability|p2a: Quaquaval|Moxie|boost\n|-boost|p2a: Quaquaval|atk|1\n|\n|-heal|p2a: Quaquaval|72\/100|[from] item: Leftovers\n|upkeep\n|\n|t:|1699987052\n|switch|p1a: Rillaboom|Rillaboom, F|100\/100\n|-fieldstart|move: Grassy Terrain|[from] ability: Grassy Surge|[of] p1a: Rillaboom\n|turn|15\n|\n|t:|1699987057\n|move|p2a: Quaquaval|Close Combat|p1a: Rillaboom\n|-damage|p1a: Rillaboom|0 fnt\n|-unboost|p2a: Quaquaval|def|1\n|-unboost|p2a: Quaquaval|spd|1\n|faint|p1a: Rillaboom\n|-ability|p2a: Quaquaval|Moxie|boost\n|-boost|p2a: Quaquaval|atk|1\n|\n|-heal|p2a: Quaquaval|78\/100|[from] Grassy Terrain\n|-heal|p2a: Quaquaval|84\/100|[from] item: Leftovers\n|upkeep\n|\n|t:|1699987059\n|switch|p1a: Sneasler|Sneasler, M|100\/100\n|-enditem|p1a: Sneasler|Grassy Seed\n|-boost|p1a: Sneasler|def|1|[from] item: Grassy Seed\n|turn|16\n|\n|t:|1699987066\n|-terastallize|p1a: Sneasler|Flying\n|move|p2a: Quaquaval|Aqua Step|p1a: Sneasler\n|-damage|p1a: Sneasler|0 fnt\n|-boost|p2a: Quaquaval|spe|1\n|faint|p1a: Sneasler\n|-ability|p2a: Quaquaval|Moxie|boost\n|-boost|p2a: Quaquaval|atk|1\n|\n|-heal|p2a: Quaquaval|90\/100|[from] Grassy Terrain\n|-heal|p2a: Quaquaval|96\/100|[from] item: Leftovers\n|upkeep\n|\n|t:|1699987070\n|switch|p1a: Kingambit|Kingambit, F|100\/100\n|-activate|p1a: Kingambit|ability: Supreme Overlord\n|-start|p1a: Kingambit|fallen5|[silent]\n|turn|17\n|\n|t:|1699987076\n|move|p1a: Kingambit|Sucker Punch|p2a: Quaquaval\n|-resisted|p2a: Quaquaval\n|-damage|p2a: Quaquaval|73\/100\n|move|p2a: Quaquaval|Close Combat|p1a: Kingambit\n|-supereffective|p1a: Kingambit\n|-damage|p1a: Kingambit|0 fnt\n|-unboost|p2a: Quaquaval|def|1\n|-unboost|p2a: Quaquaval|spd|1\n|faint|p1a: Kingambit\n|-end|p1a: Kingambit|fallen5|[silent]\n|\n|win|Qazect\n|raw|Deraiven test's rating: 1308 &rarr; <strong>1291<\/strong><br \/>(-17 for losing)\n|raw|Qazect's rating: 1364 &rarr; <strong>1381<\/strong><br \/>(+17 for winning)\n|c|\u2606Qazect|gg\n|l|\u2606Deraiven test\n","uploadtime":1699987106,"views":15,"p1id":"deraiventest","p2id":"qazect","formatid":"gen9ou","rating":1291,"private":0,"password":""}