{"id":"gen9ou-1996511136","p1":"Tristaaaaw","p2":"EL Tim Tim","format":"[Gen 9] OU","log":"|j|\u2606Tristaaaaw\n|j|\u2606EL Tim Tim\n|t:|1700689166\n|gametype|singles\n|player|p1|Tristaaaaw|palmer|1405\n|player|p2|EL Tim Tim|hiker-gen4|1300\n|teamsize|p1|6\n|teamsize|p2|6\n|gen|9\n|tier|[Gen 9] OU\n|rated|\n|rule|Sleep Clause Mod: Limit one foe put to sleep\n|rule|Species Clause: Limit one of each Pok\u00e9mon\n|rule|OHKO Clause: OHKO moves are banned\n|rule|Evasion Items Clause: Evasion items are banned\n|rule|Evasion Moves Clause: Evasion moves are banned\n|rule|Endless Battle Clause: Forcing endless battles is banned\n|rule|HP Percentage Mod: HP is shown in percentages\n|clearpoke\n|poke|p1|Enamorus, F|\n|poke|p1|Dragapult, F|\n|poke|p1|Iron Valiant|\n|poke|p1|Gholdengo|\n|poke|p1|Iron Treads|\n|poke|p1|Dragonite, F|\n|poke|p2|Maushold-Four|\n|poke|p2|Weavile, M|\n|poke|p2|Garganacl, F|\n|poke|p2|Samurott-Hisui, F|\n|poke|p2|Kingambit, F|\n|poke|p2|Amoonguss, M|\n|teampreview\n|inactive|Battle timer is ON: inactive players will automatically lose when time's up. (requested by Tristaaaaw)\n|inactive|Tristaaaaw has 120 seconds left.\n|\n|t:|1700689204\n|start\n|switch|p1a: Iron Treads|Iron Treads|100\/100\n|switch|p2a: Weavile|Weavile, M|100\/100\n|-ability|p2a: Weavile|Pressure\n|-enditem|p1a: Iron Treads|Booster Energy\n|-activate|p1a: Iron Treads|ability: Quark Drive|[fromitem]\n|-start|p1a: Iron Treads|quarkdrivespe\n|turn|1\n|\n|t:|1700689217\n|switch|p2a: Amoonguss|Amoonguss, M|100\/100\n|move|p1a: Iron Treads|Stealth Rock|p2a: Amoonguss\n|-sidestart|p2: EL Tim Tim|move: Stealth Rock\n|\n|upkeep\n|turn|2\n|\n|t:|1700689224\n|move|p1a: Iron Treads|Earthquake|p2a: Amoonguss\n|-damage|p2a: Amoonguss|69\/100\n|move|p2a: Amoonguss|Spore|p1a: Iron Treads\n|-status|p1a: Iron Treads|slp|[from] move: Spore\n|\n|-heal|p2a: Amoonguss|75\/100|[from] item: Leftovers\n|upkeep\n|turn|3\n|\n|t:|1700689249\n|-end|p1a: Iron Treads|Quark Drive|[silent]\n|switch|p1a: Gholdengo|Gholdengo|100\/100\n|-item|p1a: Gholdengo|Air Balloon\n|move|p2a: Amoonguss|Foul Play|p1a: Gholdengo\n|-supereffective|p1a: Gholdengo\n|-damage|p1a: Gholdengo|77\/100\n|-enditem|p1a: Gholdengo|Air Balloon\n|\n|-heal|p2a: Amoonguss|81\/100|[from] item: Leftovers\n|upkeep\n|turn|4\n|inactive|Tristaaaaw has 120 seconds left.\n|inactive|EL Tim Tim has 120 seconds left.\n|\n|t:|1700689284\n|move|p1a: Gholdengo|Shadow Ball|p2a: Amoonguss\n|-damage|p2a: Amoonguss|45\/100\n|move|p2a: Amoonguss|Foul Play|p1a: Gholdengo\n|-supereffective|p1a: Gholdengo\n|-damage|p1a: Gholdengo|55\/100\n|\n|-heal|p2a: Amoonguss|51\/100|[from] item: Leftovers\n|upkeep\n|turn|5\n|inactive|EL Tim Tim has 120 seconds left.\n|inactive|Tristaaaaw has 120 seconds left.\n|\n|t:|1700689296\n|switch|p1a: Enamorus|Enamorus, F|100\/100\n|switch|p2a: Maushold|Maushold-Four|100\/100\n|-damage|p2a: Maushold|88\/100|[from] Stealth Rock\n|\n|upkeep\n|turn|6\n|inactive|EL Tim Tim has 120 seconds left.\n|\n|t:|1700689309\n|move|p2a: Maushold|Tidy Up|p2a: Maushold\n|-sideend|p2: EL Tim Tim|Stealth Rock\n|-activate|p2a: Maushold|move: Tidy Up\n|-boost|p2a: Maushold|atk|1\n|-boost|p2a: Maushold|spe|1\n|move|p1a: Enamorus|Moonblast|p2a: Maushold\n|-damage|p2a: Maushold|16\/100\n|\n|upkeep\n|turn|7\n|\n|t:|1700689321\n|switch|p1a: Iron Treads|Iron Treads|100\/100 slp\n|move|p2a: Maushold|Bite|p1a: Iron Treads\n|-damage|p1a: Iron Treads|75\/100 slp\n|\n|upkeep\n|turn|8\n|\n|t:|1700689329\n|move|p2a: Maushold|Tidy Up|p2a: Maushold\n|-boost|p2a: Maushold|atk|1\n|-boost|p2a: Maushold|spe|1\n|cant|p1a: Iron Treads|slp\n|\n|upkeep\n|turn|9\n|\n|t:|1700689336\n|move|p2a: Maushold|Population Bomb|p1a: Iron Treads\n|-resisted|p1a: Iron Treads\n|-damage|p1a: Iron Treads|67\/100 slp\n|-resisted|p1a: Iron Treads\n|-damage|p1a: Iron Treads|59\/100 slp\n|-resisted|p1a: Iron Treads\n|-damage|p1a: Iron Treads|51\/100 slp\n|-resisted|p1a: Iron Treads\n|-crit|p1a: Iron Treads\n|-damage|p1a: Iron Treads|38\/100 slp\n|-resisted|p1a: Iron Treads\n|-damage|p1a: Iron Treads|30\/100 slp\n|-resisted|p1a: Iron Treads\n|-damage|p1a: Iron Treads|22\/100 slp\n|-resisted|p1a: Iron Treads\n|-damage|p1a: Iron Treads|14\/100 slp\n|-resisted|p1a: Iron Treads\n|-damage|p1a: Iron Treads|6\/100 slp\n|-resisted|p1a: Iron Treads\n|-damage|p1a: Iron Treads|0 fnt\n|faint|p1a: Iron Treads\n|-end|p1a: Iron Treads|Quark Drive|[silent]\n|-hitcount|p1: Iron Treads|9\n|\n|upkeep\n|\n|t:|1700689353\n|switch|p1a: Dragonite|Dragonite, F|100\/100\n|turn|10\n|\n|t:|1700689358\n|-terastallize|p2a: Maushold|Ghost\n|move|p1a: Dragonite|Extreme Speed|p2a: Maushold\n|-immune|p2a: Maushold\n|move|p2a: Maushold|Population Bomb|p1a: Dragonite\n|-damage|p1a: Dragonite|88\/100\n|-damage|p1a: Dragonite|63\/100\n|-damage|p1a: Dragonite|39\/100\n|-damage|p1a: Dragonite|17\/100\n|-damage|p1a: Dragonite|0 fnt\n|faint|p1a: Dragonite\n|-hitcount|p1: Dragonite|5\n|\n|upkeep\n|\n|t:|1700689373\n|switch|p1a: Dragapult|Dragapult, F|100\/100\n|turn|11\n|\n|t:|1700689391\n|move|p2a: Maushold|Bite|p1a: Dragapult\n|-supereffective|p1a: Dragapult\n|-enditem|p1a: Dragapult|Focus Sash\n|-damage|p1a: Dragapult|1\/100\n|cant|p1a: Dragapult|flinch\n|\n|upkeep\n|turn|12\n|c|\u2606EL Tim Tim|im mad for you ngl\n|\n|t:|1700689408\n|move|p2a: Maushold|Bite|p1a: Dragapult\n|-supereffective|p1a: Dragapult\n|-crit|p1a: Dragapult\n|-damage|p1a: Dragapult|0 fnt\n|faint|p1a: Dragapult\n|\n|upkeep\n|\n|t:|1700689420\n|switch|p1a: Gholdengo|Gholdengo|55\/100\n|turn|13\n|\n|t:|1700689430\n|-terastallize|p1a: Gholdengo|Water\n|move|p2a: Maushold|Bite|p1a: Gholdengo\n|-damage|p1a: Gholdengo|9\/100\n|move|p1a: Gholdengo|Shadow Ball|p2a: Maushold\n|-supereffective|p2a: Maushold\n|-damage|p2a: Maushold|0 fnt\n|faint|p2a: Maushold\n|\n|upkeep\n|\n|t:|1700689453\n|switch|p2a: Weavile|Weavile, M|100\/100\n|-ability|p2a: Weavile|Pressure\n|turn|14\n|\n|t:|1700689460\n|move|p2a: Weavile|Knock Off|p1a: Gholdengo\n|-damage|p1a: Gholdengo|0 fnt\n|faint|p1a: Gholdengo\n|\n|upkeep\n|\n|t:|1700689465\n|switch|p1a: Iron Valiant|Iron Valiant|100\/100\n|-enditem|p1a: Iron Valiant|Booster Energy\n|-activate|p1a: Iron Valiant|ability: Quark Drive|[fromitem]\n|-start|p1a: Iron Valiant|quarkdrivespe\n|turn|15\n|\n|t:|1700689484\n|move|p2a: Weavile|Ice Shard|p1a: Iron Valiant\n|-damage|p1a: Iron Valiant|76\/100\n|move|p1a: Iron Valiant|Calm Mind|p1a: Iron Valiant\n|-boost|p1a: Iron Valiant|spa|1\n|-boost|p1a: Iron Valiant|spd|1\n|\n|upkeep\n|turn|16\n|\n|t:|1700689491\n|move|p1a: Iron Valiant|Moonblast|p2a: Weavile\n|-supereffective|p2a: Weavile\n|-damage|p2a: Weavile|0 fnt\n|faint|p2a: Weavile\n|\n|upkeep\n|\n|t:|1700689494\n|switch|p2a: Amoonguss|Amoonguss, M|85\/100\n|turn|17\n|\n|t:|1700689502\n|move|p1a: Iron Valiant|Psyshock|p2a: Amoonguss\n|-supereffective|p2a: Amoonguss\n|-damage|p2a: Amoonguss|28\/100\n|move|p2a: Amoonguss|Spore|p1a: Iron Valiant\n|-status|p1a: Iron Valiant|slp|[from] move: Spore\n|\n|-heal|p2a: Amoonguss|34\/100|[from] item: Leftovers\n|upkeep\n|turn|18\n|\n|t:|1700689513\n|cant|p1a: Iron Valiant|slp\n|move|p2a: Amoonguss|Sludge Bomb|p1a: Iron Valiant\n|-supereffective|p1a: Iron Valiant\n|-damage|p1a: Iron Valiant|5\/100 slp\n|\n|-heal|p2a: Amoonguss|40\/100|[from] item: Leftovers\n|upkeep\n|turn|19\n|\n|t:|1700689520\n|-curestatus|p1a: Iron Valiant|slp|[msg]\n|move|p1a: Iron Valiant|Psyshock|p2a: Amoonguss\n|-supereffective|p2a: Amoonguss\n|-damage|p2a: Amoonguss|0 fnt\n|faint|p2a: Amoonguss\n|\n|upkeep\n|\n|t:|1700689523\n|switch|p2a: Samurott|Samurott-Hisui, F, shiny|100\/100\n|turn|20\n|\n|t:|1700689529\n|move|p2a: Samurott|Aqua Jet|p1a: Iron Valiant\n|-damage|p1a: Iron Valiant|0 fnt\n|faint|p1a: Iron Valiant\n|-end|p1a: Iron Valiant|Quark Drive|[silent]\n|\n|upkeep\n|\n|t:|1700689533\n|switch|p1a: Enamorus|Enamorus, F|100\/100\n|turn|21\n|\n|t:|1700689538\n|move|p2a: Samurott|Aqua Jet|p1a: Enamorus\n|-damage|p1a: Enamorus|61\/100\n|move|p1a: Enamorus|Substitute|p1a: Enamorus\n|-start|p1a: Enamorus|Substitute\n|-damage|p1a: Enamorus|36\/100\n|\n|-heal|p1a: Enamorus|42\/100|[from] item: Leftovers\n|upkeep\n|turn|22\n|\n|t:|1700689546\n|move|p2a: Samurott|Aqua Jet|p1a: Enamorus\n|-end|p1a: Enamorus|Substitute\n|move|p1a: Enamorus|Moonblast|p2a: Samurott\n|-supereffective|p2a: Samurott\n|-damage|p2a: Samurott|0 fnt\n|faint|p2a: Samurott\n|\n|-heal|p1a: Enamorus|49\/100|[from] item: Leftovers\n|upkeep\n|\n|t:|1700689552\n|switch|p2a: Garganacl|Garganacl, F|100\/100\n|turn|23\n|\n|t:|1700689558\n|move|p1a: Enamorus|Earth Power|p2a: Garganacl\n|-supereffective|p2a: Garganacl\n|-damage|p2a: Garganacl|57\/100\n|move|p2a: Garganacl|Salt Cure|p1a: Enamorus\n|-supereffective|p1a: Enamorus\n|-damage|p1a: Enamorus|2\/100\n|-start|p1a: Enamorus|Salt Cure\n|\n|-heal|p1a: Enamorus|8\/100|[from] item: Leftovers\n|-heal|p2a: Garganacl|63\/100|[from] item: Leftovers\n|-damage|p1a: Enamorus|0 fnt|[from] Salt Cure\n|faint|p1a: Enamorus\n|\n|win|EL Tim Tim\n|upkeep\n|raw|Tristaaaaw's rating: 1405 &rarr; <strong>1379<\/strong><br \/>(-26 for losing)\n|raw|EL Tim Tim's rating: 1300 &rarr; <strong>1332<\/strong><br \/>(+32 for winning)\n|c|\u2606EL Tim Tim|gg\n|l|\u2606Tristaaaaw\n","uploadtime":1700689669,"views":3,"p1id":"tristaaaaw","p2id":"eltimtim","formatid":"gen9ou","rating":1332,"private":0,"password":""}