{"id":"gen9ou-1995337772","p1":"dingus47","p2":"ziyi1117","format":"[Gen 9] OU","log":"|j|\u2606dingus47\n|j|\u2606ziyi1117\n|t:|1700556056\n|gametype|singles\n|player|p1|dingus47|170|1162\n|player|p2|ziyi1117|linebacker|1181\n|teamsize|p1|6\n|teamsize|p2|6\n|gen|9\n|tier|[Gen 9] OU\n|rated|\n|rule|Sleep Clause Mod: Limit one foe put to sleep\n|rule|Species Clause: Limit one of each Pok\u00e9mon\n|rule|OHKO Clause: OHKO moves are banned\n|rule|Evasion Items Clause: Evasion items are banned\n|rule|Evasion Moves Clause: Evasion moves are banned\n|rule|Endless Battle Clause: Forcing endless battles is banned\n|rule|HP Percentage Mod: HP is shown in percentages\n|clearpoke\n|poke|p1|Kingambit, M|\n|poke|p1|Toxapex, F|\n|poke|p1|Great Tusk|\n|poke|p1|Rillaboom, M|\n|poke|p1|Cinderace, M|\n|poke|p1|Zapdos|\n|poke|p2|Ninetales-Alola, M|\n|poke|p2|Cetitan, F|\n|poke|p2|Alomomola, M|\n|poke|p2|Clodsire, M|\n|poke|p2|Iron Valiant|\n|poke|p2|Great Tusk|\n|teampreview\n|\n|t:|1700556084\n|start\n|switch|p1a: Rillaboom|Rillaboom, M|100\/100\n|switch|p2a: Ninetales|Ninetales-Alola, M|100\/100\n|-weather|Snow|[from] ability: Snow Warning|[of] p2a: Ninetales\n|-fieldstart|move: Grassy Terrain|[from] ability: Grassy Surge|[of] p1a: Rillaboom\n|-enditem|p1a: Rillaboom|Grassy Seed\n|-boost|p1a: Rillaboom|def|1|[from] item: Grassy Seed\n|turn|1\n|\n|t:|1700556111\n|move|p2a: Ninetales|Blizzard|p1a: Rillaboom\n|-supereffective|p1a: Rillaboom\n|-damage|p1a: Rillaboom|0 fnt\n|faint|p1a: Rillaboom\n|\n|-weather|Snow|[upkeep]\n|upkeep\n|\n|t:|1700556119\n|switch|p1a: Cinderace|Cinderace, M|100\/100\n|turn|2\n|\n|t:|1700556124\n|switch|p2a: Alomomola|Alomomola, M|100\/100\n|move|p1a: Cinderace|Pyro Ball|p2a: Alomomola|[miss]\n|-miss|p1a: Cinderace|p2a: Alomomola\n|\n|-weather|Snow|[upkeep]\n|upkeep\n|turn|3\n|\n|t:|1700556132\n|move|p1a: Cinderace|U-turn|p2a: Alomomola\n|-start|p1a: Cinderace|typechange|Bug|[from] ability: Libero\n|-damage|p2a: Alomomola|85\/100\n|\n|t:|1700556136\n|switch|p1a: Zapdos|Zapdos|100\/100|[from] U-turn\n|move|p2a: Alomomola|Scald|p1a: Zapdos\n|-damage|p1a: Zapdos|86\/100\n|-status|p1a: Zapdos|brn\n|\n|-weather|Snow|[upkeep]\n|-heal|p2a: Alomomola|91\/100|[from] Grassy Terrain\n|-heal|p2a: Alomomola|98\/100|[from] item: Leftovers\n|-damage|p1a: Zapdos|80\/100 brn|[from] brn\n|upkeep\n|turn|4\n|\n|t:|1700556150\n|switch|p2a: Clodsire|Clodsire, M|100\/100\n|move|p1a: Zapdos|Hurricane|p2a: Clodsire\n|-damage|p2a: Clodsire|71\/100\n|-start|p2a: Clodsire|confusion\n|\n|-weather|Snow|[upkeep]\n|-heal|p2a: Clodsire|77\/100|[from] Grassy Terrain\n|-heal|p2a: Clodsire|83\/100|[from] item: Black Sludge\n|-damage|p1a: Zapdos|73\/100 brn|[from] brn\n|upkeep\n|turn|5\n|\n|t:|1700556162\n|move|p1a: Zapdos|Roost|p1a: Zapdos\n|-heal|p1a: Zapdos|100\/100 brn\n|-singleturn|p1a: Zapdos|move: Roost\n|-activate|p2a: Clodsire|confusion\n|-damage|p2a: Clodsire|75\/100|[from] confusion\n|\n|-weather|Snow|[upkeep]\n|-heal|p2a: Clodsire|82\/100|[from] Grassy Terrain\n|-heal|p2a: Clodsire|88\/100|[from] item: Black Sludge\n|-damage|p1a: Zapdos|94\/100 brn|[from] brn\n|-fieldend|move: Grassy Terrain\n|upkeep\n|turn|6\n|\n|t:|1700556172\n|switch|p1a: Toxapex|Toxapex, F|100\/100\n|-activate|p2a: Clodsire|confusion\n|-damage|p2a: Clodsire|80\/100|[from] confusion\n|\n|-weather|Snow|[upkeep]\n|-heal|p2a: Clodsire|86\/100|[from] item: Black Sludge\n|upkeep\n|turn|7\n|\n|t:|1700556182\n|move|p1a: Toxapex|Hydro Pump|p2a: Clodsire\n|-supereffective|p2a: Clodsire\n|-damage|p2a: Clodsire|48\/100\n|-activate|p2a: Clodsire|confusion\n|move|p2a: Clodsire|Curse|p2a: Clodsire\n|-unboost|p2a: Clodsire|spe|1\n|-boost|p2a: Clodsire|atk|1\n|-boost|p2a: Clodsire|def|1\n|\n|-weather|Snow|[upkeep]\n|-heal|p2a: Clodsire|54\/100|[from] item: Black Sludge\n|upkeep\n|turn|8\n|\n|t:|1700556190\n|move|p1a: Toxapex|Hydro Pump|p2a: Clodsire\n|-supereffective|p2a: Clodsire\n|-damage|p2a: Clodsire|16\/100\n|-end|p2a: Clodsire|confusion\n|move|p2a: Clodsire|Recover|p2a: Clodsire\n|-heal|p2a: Clodsire|66\/100\n|\n|-weather|none\n|-heal|p2a: Clodsire|72\/100|[from] item: Black Sludge\n|upkeep\n|turn|9\n|\n|t:|1700556200\n|move|p1a: Toxapex|Hydro Pump|p2a: Clodsire\n|-supereffective|p2a: Clodsire\n|-damage|p2a: Clodsire|35\/100\n|move|p2a: Clodsire|Earthquake|p1a: Toxapex\n|-supereffective|p1a: Toxapex\n|-damage|p1a: Toxapex|33\/100\n|\n|-heal|p1a: Toxapex|39\/100|[from] item: Leftovers\n|-heal|p2a: Clodsire|41\/100|[from] item: Black Sludge\n|upkeep\n|turn|10\n|\n|t:|1700556211\n|move|p1a: Toxapex|Hydro Pump|p2a: Clodsire\n|-supereffective|p2a: Clodsire\n|-damage|p2a: Clodsire|0 fnt\n|faint|p2a: Clodsire\n|\n|-heal|p1a: Toxapex|46\/100|[from] item: Leftovers\n|upkeep\n|\n|t:|1700556226\n|switch|p2a: Great Tusk|Great Tusk|100\/100\n|turn|11\n|\n|t:|1700556242\n|switch|p1a: Zapdos|Zapdos|94\/100 brn\n|-terastallize|p2a: Great Tusk|Steel\n|move|p2a: Great Tusk|Headlong Rush|p1a: Zapdos\n|-immune|p1a: Zapdos\n|\n|-damage|p1a: Zapdos|88\/100 brn|[from] brn\n|upkeep\n|turn|12\n|\n|t:|1700556264\n|move|p1a: Zapdos|Volt Switch|p2a: Great Tusk\n|-damage|p2a: Great Tusk|74\/100\n|\n|t:|1700556272\n|switch|p1a: Great Tusk|Great Tusk|100\/100|[from] Volt Switch\n|move|p2a: Great Tusk|Ice Spinner|p1a: Great Tusk\n|-supereffective|p1a: Great Tusk\n|-damage|p1a: Great Tusk|53\/100\n|\n|upkeep\n|turn|13\n|\n|t:|1700556289\n|-end|p2a: Great Tusk|Protosynthesis|[silent]\n|switch|p2a: Ninetales|Ninetales-Alola, M|100\/100\n|-weather|Snow|[from] ability: Snow Warning|[of] p2a: Ninetales\n|move|p1a: Great Tusk|Close Combat|p2a: Ninetales\n|-crit|p2a: Ninetales\n|-damage|p2a: Ninetales|4\/100\n|-unboost|p1a: Great Tusk|def|1\n|-unboost|p1a: Great Tusk|spd|1\n|\n|-weather|Snow|[upkeep]\n|upkeep\n|turn|14\n|\n|t:|1700556300\n|move|p2a: Ninetales|Aurora Veil|p2a: Ninetales\n|-sidestart|p2: ziyi1117|move: Aurora Veil\n|move|p1a: Great Tusk|Knock Off|p2a: Ninetales\n|-resisted|p2a: Ninetales\n|-damage|p2a: Ninetales|0 fnt\n|-enditem|p2a: Ninetales|Icy Rock|[from] move: Knock Off|[of] p1a: Great Tusk\n|faint|p2a: Ninetales\n|\n|-weather|Snow|[upkeep]\n|upkeep\n|\n|t:|1700556307\n|switch|p2a: Cetitan|Cetitan, F|100\/100\n|turn|15\n|\n|t:|1700556319\n|move|p2a: Cetitan|Belly Drum|p2a: Cetitan\n|-damage|p2a: Cetitan|51\/100\n|-setboost|p2a: Cetitan|atk|6|[from] move: Belly Drum\n|move|p1a: Great Tusk|Close Combat|p2a: Cetitan\n|-supereffective|p2a: Cetitan\n|-damage|p2a: Cetitan|1\/100\n|-unboost|p1a: Great Tusk|def|1\n|-unboost|p1a: Great Tusk|spd|1\n|-enditem|p2a: Cetitan|Sitrus Berry|[eat]\n|-heal|p2a: Cetitan|26\/100|[from] item: Sitrus Berry\n|\n|-weather|Snow|[upkeep]\n|upkeep\n|turn|16\n|\n|t:|1700556329\n|move|p2a: Cetitan|Icicle Crash|p1a: Great Tusk|[miss]\n|-miss|p2a: Cetitan|p1a: Great Tusk\n|move|p1a: Great Tusk|Knock Off|p2a: Cetitan\n|-damage|p2a: Cetitan|18\/100\n|\n|-weather|Snow|[upkeep]\n|upkeep\n|turn|17\n|\n|t:|1700556336\n|move|p2a: Cetitan|Icicle Crash|p1a: Great Tusk\n|-supereffective|p1a: Great Tusk\n|-damage|p1a: Great Tusk|0 fnt\n|faint|p1a: Great Tusk\n|-end|p1a: Great Tusk|Protosynthesis|[silent]\n|\n|-weather|Snow|[upkeep]\n|upkeep\n|\n|t:|1700556339\n|switch|p1a: Cinderace|Cinderace, M|100\/100\n|turn|18\n|\n|t:|1700556346\n|move|p2a: Cetitan|Earthquake|p1a: Cinderace\n|-supereffective|p1a: Cinderace\n|-damage|p1a: Cinderace|0 fnt\n|faint|p1a: Cinderace\n|\n|-weather|Snow|[upkeep]\n|-sideend|p2: ziyi1117|move: Aurora Veil\n|upkeep\n|\n|t:|1700556374\n|switch|p1a: Kingambit|Kingambit, M|100\/100\n|-activate|p1a: Kingambit|ability: Supreme Overlord\n|-start|p1a: Kingambit|fallen3|[silent]\n|turn|19\n|\n|t:|1700556379\n|move|p1a: Kingambit|Sucker Punch|p2a: Cetitan\n|-damage|p2a: Cetitan|0 fnt\n|faint|p2a: Cetitan\n|\n|-weather|Snow|[upkeep]\n|upkeep\n|\n|t:|1700556385\n|switch|p2a: Alomomola|Alomomola, M|100\/100\n|turn|20\n|\n|t:|1700556391\n|-end|p1a: Kingambit|fallen3|[silent]\n|switch|p1a: Zapdos|Zapdos|88\/100 brn\n|move|p2a: Alomomola|Wish|p2a: Alomomola\n|\n|-weather|none\n|-damage|p1a: Zapdos|82\/100 brn|[from] brn\n|upkeep\n|turn|21\n|\n|t:|1700556398\n|switch|p2a: Great Tusk|Great Tusk, tera:Steel|74\/100\n|move|p1a: Zapdos|Roost|p1a: Zapdos\n|-heal|p1a: Zapdos|100\/100 brn\n|-singleturn|p1a: Zapdos|move: Roost\n|\n|-heal|p2a: Great Tusk|100\/100|[from] move: Wish|[wisher] Alomomola\n|-damage|p1a: Zapdos|94\/100 brn|[from] brn\n|upkeep\n|turn|22\n|\n|t:|1700556408\n|move|p1a: Zapdos|Volt Switch|p2a: Great Tusk\n|-crit|p2a: Great Tusk\n|-damage|p2a: Great Tusk|56\/100\n|\n|t:|1700556413\n|switch|p1a: Toxapex|Toxapex, F|79\/100|[from] Volt Switch\n|move|p2a: Great Tusk|Ice Spinner|p1a: Toxapex\n|-resisted|p1a: Toxapex\n|-crit|p1a: Toxapex\n|-damage|p1a: Toxapex|60\/100\n|\n|-heal|p1a: Toxapex|66\/100|[from] item: Leftovers\n|upkeep\n|turn|23\n|\n|t:|1700556419\n|move|p2a: Great Tusk|Headlong Rush|p1a: Toxapex\n|-supereffective|p1a: Toxapex\n|-damage|p1a: Toxapex|0 fnt\n|-unboost|p2a: Great Tusk|def|1\n|-unboost|p2a: Great Tusk|spd|1\n|faint|p1a: Toxapex\n|\n|upkeep\n|\n|t:|1700556423\n|switch|p1a: Zapdos|Zapdos|94\/100 brn\n|turn|24\n|\n|t:|1700556435\n|-end|p2a: Great Tusk|Protosynthesis|[silent]\n|switch|p2a: Iron Valiant|Iron Valiant|100\/100\n|move|p1a: Zapdos|Discharge|p2a: Iron Valiant\n|-damage|p2a: Iron Valiant|22\/100\n|\n|-damage|p1a: Zapdos|88\/100 brn|[from] brn\n|upkeep\n|turn|25\n|\n|t:|1700556445\n|move|p2a: Iron Valiant|Moonblast|p1a: Zapdos\n|-damage|p1a: Zapdos|34\/100 brn\n|-unboost|p1a: Zapdos|spa|1\n|move|p1a: Zapdos|Discharge|p2a: Iron Valiant\n|-damage|p2a: Iron Valiant|0 fnt\n|faint|p2a: Iron Valiant\n|-end|p2a: Iron Valiant|Quark Drive|[silent]\n|\n|-damage|p1a: Zapdos|28\/100 brn|[from] brn\n|upkeep\n|\n|t:|1700556455\n|switch|p2a: Alomomola|Alomomola, M|100\/100\n|turn|26\n|\n|t:|1700556461\n|move|p1a: Zapdos|Roost|p1a: Zapdos\n|-heal|p1a: Zapdos|78\/100 brn\n|-singleturn|p1a: Zapdos|move: Roost\n|move|p2a: Alomomola|Wish|p2a: Alomomola\n|\n|-damage|p1a: Zapdos|72\/100 brn|[from] brn\n|upkeep\n|turn|27\n|\n|t:|1700556470\n|switch|p2a: Great Tusk|Great Tusk, tera:Steel|56\/100\n|move|p1a: Zapdos|Roost|p1a: Zapdos\n|-heal|p1a: Zapdos|100\/100 brn\n|-singleturn|p1a: Zapdos|move: Roost\n|\n|-heal|p2a: Great Tusk|100\/100|[from] move: Wish|[wisher] Alomomola\n|-damage|p1a: Zapdos|94\/100 brn|[from] brn\n|upkeep\n|turn|28\n|\n|t:|1700556484\n|move|p1a: Zapdos|Discharge|p2a: Great Tusk\n|-damage|p2a: Great Tusk|78\/100\n|move|p2a: Great Tusk|Close Combat|p1a: Zapdos\n|-resisted|p1a: Zapdos\n|-damage|p1a: Zapdos|53\/100 brn\n|-unboost|p2a: Great Tusk|def|1\n|-unboost|p2a: Great Tusk|spd|1\n|\n|-damage|p1a: Zapdos|47\/100 brn|[from] brn\n|upkeep\n|turn|29\n|\n|t:|1700556492\n|move|p1a: Zapdos|Roost|p1a: Zapdos\n|-heal|p1a: Zapdos|97\/100 brn\n|-singleturn|p1a: Zapdos|move: Roost\n|move|p2a: Great Tusk|Ice Spinner|p1a: Zapdos\n|-damage|p1a: Zapdos|59\/100 brn\n|\n|-damage|p1a: Zapdos|53\/100 brn|[from] brn\n|upkeep\n|turn|30\n|\n|t:|1700556505\n|move|p1a: Zapdos|Roost|p1a: Zapdos\n|-heal|p1a: Zapdos|100\/100 brn\n|-singleturn|p1a: Zapdos|move: Roost\n|move|p2a: Great Tusk|Close Combat|p1a: Zapdos\n|-damage|p1a: Zapdos|25\/100 brn\n|-unboost|p2a: Great Tusk|def|1\n|-unboost|p2a: Great Tusk|spd|1\n|\n|-damage|p1a: Zapdos|19\/100 brn|[from] brn\n|upkeep\n|turn|31\n|\n|t:|1700556514\n|move|p1a: Zapdos|Discharge|p2a: Great Tusk\n|-damage|p2a: Great Tusk|38\/100\n|-status|p2a: Great Tusk|par\n|move|p2a: Great Tusk|Ice Spinner|p1a: Zapdos\n|-supereffective|p1a: Zapdos\n|-damage|p1a: Zapdos|0 fnt\n|faint|p1a: Zapdos\n|\n|upkeep\n|\n|t:|1700556518\n|switch|p1a: Kingambit|Kingambit, M|100\/100\n|-activate|p1a: Kingambit|ability: Supreme Overlord\n|-start|p1a: Kingambit|fallen5|[silent]\n|turn|32\n|\n|t:|1700556526\n|-end|p2a: Great Tusk|Protosynthesis|[silent]\n|switch|p2a: Alomomola|Alomomola, M|100\/100\n|-terastallize|p1a: Kingambit|Fairy\n|move|p1a: Kingambit|Swords Dance|p1a: Kingambit\n|-boost|p1a: Kingambit|atk|2\n|\n|upkeep\n|turn|33\n|\n|t:|1700556532\n|move|p2a: Alomomola|Wish|p2a: Alomomola\n|move|p1a: Kingambit|Kowtow Cleave|p2a: Alomomola\n|-damage|p2a: Alomomola|7\/100\n|\n|-heal|p2a: Alomomola|13\/100|[from] item: Leftovers\n|upkeep\n|turn|34\n|\n|t:|1700556540\n|move|p2a: Alomomola|Protect|p2a: Alomomola\n|-singleturn|p2a: Alomomola|Protect\n|move|p1a: Kingambit|Kowtow Cleave|p2a: Alomomola\n|-activate|p2a: Alomomola|move: Protect\n|\n|-heal|p2a: Alomomola|63\/100|[from] move: Wish|[wisher] Alomomola\n|-heal|p2a: Alomomola|70\/100|[from] item: Leftovers\n|upkeep\n|turn|35\n|\n|t:|1700556553\n|move|p2a: Alomomola|Scald|p1a: Kingambit\n|-damage|p1a: Kingambit|87\/100\n|-status|p1a: Kingambit|brn\n|move|p1a: Kingambit|Kowtow Cleave|p2a: Alomomola\n|-damage|p2a: Alomomola|25\/100\n|\n|-heal|p2a: Alomomola|31\/100|[from] item: Leftovers\n|-damage|p1a: Kingambit|81\/100 brn|[from] brn\n|upkeep\n|turn|36\n|\n|t:|1700556562\n|move|p2a: Alomomola|Protect|p2a: Alomomola\n|-singleturn|p2a: Alomomola|Protect\n|move|p1a: Kingambit|Swords Dance|p1a: Kingambit\n|-boost|p1a: Kingambit|atk|2\n|\n|-heal|p2a: Alomomola|37\/100|[from] item: Leftovers\n|-damage|p1a: Kingambit|75\/100 brn|[from] brn\n|upkeep\n|turn|37\n|\n|t:|1700556573\n|move|p2a: Alomomola|Wish|p2a: Alomomola\n|move|p1a: Kingambit|Swords Dance|p1a: Kingambit\n|-boost|p1a: Kingambit|atk|2\n|\n|-heal|p2a: Alomomola|43\/100|[from] item: Leftovers\n|-damage|p1a: Kingambit|69\/100 brn|[from] brn\n|upkeep\n|turn|38\n|\n|t:|1700556580\n|move|p2a: Alomomola|Protect|p2a: Alomomola\n|-singleturn|p2a: Alomomola|Protect\n|move|p1a: Kingambit|Kowtow Cleave|p2a: Alomomola\n|-activate|p2a: Alomomola|move: Protect\n|\n|-heal|p2a: Alomomola|93\/100|[from] move: Wish|[wisher] Alomomola\n|-heal|p2a: Alomomola|99\/100|[from] item: Leftovers\n|-damage|p1a: Kingambit|62\/100 brn|[from] brn\n|upkeep\n|turn|39\n|\n|t:|1700556590\n|move|p2a: Alomomola|Wish|p2a: Alomomola\n|move|p1a: Kingambit|Kowtow Cleave|p2a: Alomomola\n|-damage|p2a: Alomomola|10\/100\n|\n|-heal|p2a: Alomomola|17\/100|[from] item: Leftovers\n|-damage|p1a: Kingambit|56\/100 brn|[from] brn\n|upkeep\n|turn|40\n|\n|t:|1700556596\n|move|p2a: Alomomola|Protect|p2a: Alomomola\n|-singleturn|p2a: Alomomola|Protect\n|move|p1a: Kingambit|Swords Dance|p1a: Kingambit\n|-boost|p1a: Kingambit|atk|0\n|\n|-heal|p2a: Alomomola|67\/100|[from] move: Wish|[wisher] Alomomola\n|-heal|p2a: Alomomola|73\/100|[from] item: Leftovers\n|-damage|p1a: Kingambit|50\/100 brn|[from] brn\n|upkeep\n|turn|41\n|\n|t:|1700556609\n|move|p2a: Alomomola|Wish|p2a: Alomomola\n|move|p1a: Kingambit|Kowtow Cleave|p2a: Alomomola\n|-damage|p2a: Alomomola|0 fnt\n|faint|p2a: Alomomola\n|\n|-damage|p1a: Kingambit|44\/100 brn|[from] brn\n|upkeep\n|\n|t:|1700556616\n|switch|p2a: Great Tusk|Great Tusk, tera:Steel|38\/100 par\n|turn|42\n|\n|t:|1700556620\n|move|p1a: Kingambit|Sucker Punch|p2a: Great Tusk\n|-damage|p2a: Great Tusk|0 fnt\n|faint|p2a: Great Tusk\n|-end|p2a: Great Tusk|Protosynthesis|[silent]\n|\n|win|dingus47\n|raw|dingus47's rating: 1162 &rarr; <strong>1188<\/strong><br \/>(+26 for winning)\n|raw|ziyi1117's rating: 1181 &rarr; <strong>1155<\/strong><br \/>(-26 for losing)\n|c|\u2606dingus47|gg\n","uploadtime":1700556626,"views":6,"p1id":"dingus47","p2id":"ziyi1117","formatid":"gen9ou","rating":1155,"private":0,"password":""}