{"id":"gen9ou-1989125814","p1":"red violet blue","p2":"Princessu","format":"[Gen 9] OU","log":"|j|\u2606red violet blue\n|j|\u2606Princessu\n|t:|1699814992\n|gametype|singles\n|player|p1|red violet blue|1|1520\n|player|p2|Princessu|erika|1449\n|teamsize|p1|6\n|teamsize|p2|6\n|gen|9\n|tier|[Gen 9] OU\n|rated|\n|rule|Sleep Clause Mod: Limit one foe put to sleep\n|rule|Species Clause: Limit one of each Pok\u00e9mon\n|rule|OHKO Clause: OHKO moves are banned\n|rule|Evasion Items Clause: Evasion items are banned\n|rule|Evasion Moves Clause: Evasion moves are banned\n|rule|Endless Battle Clause: Forcing endless battles is banned\n|rule|HP Percentage Mod: HP is shown in percentages\n|clearpoke\n|poke|p1|Rillaboom, F|\n|poke|p1|Sneasler, M|\n|poke|p1|Samurott-Hisui, F|\n|poke|p1|Ogerpon-Cornerstone, F|\n|poke|p1|Ceruledge, F|\n|poke|p1|Iron Moth|\n|poke|p2|Ogerpon-Cornerstone, F|\n|poke|p2|Gholdengo|\n|poke|p2|Moltres-Galar|\n|poke|p2|Veluza, M|\n|poke|p2|Clefable, M|\n|poke|p2|Manaphy|\n|teampreview\n|inactive|Battle timer is ON: inactive players will automatically lose when time's up. (requested by red violet blue)\n|\n|t:|1699815003\n|start\n|switch|p1a: Samurott|Samurott-Hisui, F|100\/100\n|switch|p2a: Manaphy|Manaphy|100\/100\n|turn|1\n|\n|t:|1699815008\n|move|p1a: Samurott|Taunt|p2a: Manaphy\n|-start|p2a: Manaphy|move: Taunt\n|cant|p2a: Manaphy|move: Taunt|Tail Glow\n|\n|upkeep\n|turn|2\n|\n|t:|1699815012\n|move|p1a: Samurott|Ceaseless Edge|p2a: Manaphy\n|-damage|p2a: Manaphy|63\/100\n|-sidestart|p2: Princessu|Spikes\n|move|p2a: Manaphy|Scald|p1a: Samurott\n|-resisted|p1a: Samurott\n|-damage|p1a: Samurott|72\/100\n|\n|-heal|p2a: Manaphy|70\/100|[from] item: Leftovers\n|upkeep\n|turn|3\n|\n|t:|1699815021\n|switch|p2a: Clefable|Clefable, M|100\/100\n|move|p1a: Samurott|Ceaseless Edge|p2a: Clefable\n|-resisted|p2a: Clefable\n|-damage|p2a: Clefable|73\/100\n|-sidestart|p2: Princessu|Spikes\n|\n|-heal|p2a: Clefable|79\/100|[from] item: Leftovers\n|upkeep\n|turn|4\n|\n|t:|1699815028\n|move|p1a: Samurott|Taunt|p2a: Clefable\n|-start|p2a: Clefable|move: Taunt\n|cant|p2a: Clefable|move: Taunt|Calm Mind\n|\n|-heal|p2a: Clefable|86\/100|[from] item: Leftovers\n|upkeep\n|turn|5\n|\n|t:|1699815032\n|move|p1a: Samurott|Ceaseless Edge|p2a: Clefable\n|-resisted|p2a: Clefable\n|-damage|p2a: Clefable|61\/100\n|-sidestart|p2: Princessu|Spikes\n|move|p2a: Clefable|Moonblast|p1a: Samurott\n|-supereffective|p1a: Samurott\n|-damage|p1a: Samurott|0 fnt\n|faint|p1a: Samurott\n|\n|-heal|p2a: Clefable|67\/100|[from] item: Leftovers\n|upkeep\n|\n|t:|1699815044\n|switch|p1a: Ceruledge|Ceruledge, F|100\/100\n|turn|6\n|\n|t:|1699815051\n|switch|p2a: Manaphy|Manaphy|70\/100\n|-damage|p2a: Manaphy|45\/100|[from] Spikes\n|move|p1a: Ceruledge|Bulk Up|p1a: Ceruledge\n|-boost|p1a: Ceruledge|atk|1\n|-boost|p1a: Ceruledge|def|1\n|\n|-heal|p2a: Manaphy|51\/100|[from] item: Leftovers\n|upkeep\n|turn|7\n|\n|t:|1699815060\n|switch|p1a: Rillaboom|Rillaboom, F|100\/100\n|-fieldstart|move: Grassy Terrain|[from] ability: Grassy Surge|[of] p1a: Rillaboom\n|move|p2a: Manaphy|Scald|p1a: Rillaboom\n|-resisted|p1a: Rillaboom\n|-damage|p1a: Rillaboom|77\/100\n|-status|p1a: Rillaboom|brn\n|\n|-heal|p2a: Manaphy|57\/100|[from] Grassy Terrain\n|-heal|p2a: Manaphy|63\/100|[from] item: Leftovers\n|-heal|p1a: Rillaboom|83\/100 brn|[from] Grassy Terrain\n|-damage|p1a: Rillaboom|77\/100 brn|[from] brn\n|upkeep\n|turn|8\n|\n|t:|1699815074\n|switch|p2a: Moltres|Moltres-Galar|100\/100\n|move|p1a: Rillaboom|Drum Beating|p2a: Moltres\n|-resisted|p2a: Moltres\n|-damage|p2a: Moltres|85\/100\n|-unboost|p2a: Moltres|spe|1\n|\n|-heal|p1a: Rillaboom|83\/100 brn|[from] Grassy Terrain\n|-damage|p1a: Rillaboom|77\/100 brn|[from] brn\n|upkeep\n|turn|9\n|\n|t:|1699815082\n|move|p1a: Rillaboom|U-turn|p2a: Moltres\n|-damage|p2a: Moltres|71\/100\n|\n|t:|1699815091\n|switch|p1a: Ogerpon|Ogerpon-Cornerstone, F|100\/100|[from] U-turn\n|move|p2a: Moltres|Agility|p2a: Moltres\n|-boost|p2a: Moltres|spe|2\n|\n|upkeep\n|turn|10\n|\n|t:|1699815097\n|move|p2a: Moltres|Hurricane|p1a: Ogerpon\n|-damage|p1a: Ogerpon|43\/100\n|move|p1a: Ogerpon|Ivy Cudgel|p2a: Moltres\n|-supereffective|p2a: Moltres\n|-crit|p2a: Moltres\n|-damage|p2a: Moltres|0 fnt\n|faint|p2a: Moltres\n|\n|-heal|p1a: Ogerpon|49\/100|[from] Grassy Terrain\n|upkeep\n|\n|t:|1699815105\n|switch|p2a: Gholdengo|Gholdengo|100\/100\n|-item|p2a: Gholdengo|Air Balloon\n|turn|11\n|\n|t:|1699815127\n|move|p1a: Ogerpon|Ivy Cudgel|p2a: Gholdengo\n|-resisted|p2a: Gholdengo\n|-damage|p2a: Gholdengo|71\/100\n|-enditem|p2a: Gholdengo|Air Balloon\n|move|p2a: Gholdengo|Make It Rain|p1a: Ogerpon\n|-supereffective|p1a: Ogerpon\n|-damage|p1a: Ogerpon|0 fnt\n|-unboost|p2a: Gholdengo|spa|1\n|faint|p1a: Ogerpon\n|\n|-heal|p2a: Gholdengo|77\/100|[from] Grassy Terrain\n|upkeep\n|\n|t:|1699815130\n|switch|p1a: Iron Moth|Iron Moth|100\/100\n|-enditem|p1a: Iron Moth|Booster Energy\n|-activate|p1a: Iron Moth|ability: Quark Drive|[fromitem]\n|-start|p1a: Iron Moth|quarkdrivespe\n|turn|12\n|\n|t:|1699815137\n|switch|p2a: Manaphy|Manaphy|63\/100\n|-damage|p2a: Manaphy|38\/100|[from] Spikes\n|move|p1a: Iron Moth|Fiery Dance|p2a: Manaphy\n|-resisted|p2a: Manaphy\n|-damage|p2a: Manaphy|21\/100\n|-boost|p1a: Iron Moth|spa|1\n|\n|-heal|p2a: Manaphy|27\/100|[from] Grassy Terrain\n|-heal|p2a: Manaphy|33\/100|[from] item: Leftovers\n|upkeep\n|turn|13\n|\n|t:|1699815148\n|move|p1a: Iron Moth|Sludge Wave|p2a: Manaphy\n|-damage|p2a: Manaphy|0 fnt\n|faint|p2a: Manaphy\n|\n|upkeep\n|\n|t:|1699815155\n|switch|p2a: Ogerpon|Ogerpon-Cornerstone, F|100\/100\n|-damage|p2a: Ogerpon|76\/100|[from] Spikes\n|turn|14\n|\n|t:|1699815162\n|-terastallize|p2a: Ogerpon|Rock\n|detailschange|p2a: Ogerpon|Ogerpon-Cornerstone-Tera, F, tera:Rock\n|-ability|p2a: Ogerpon|Embody Aspect (Cornerstone)|boost\n|-boost|p2a: Ogerpon|def|1\n|move|p1a: Iron Moth|Substitute|p1a: Iron Moth\n|-start|p1a: Iron Moth|Substitute\n|-damage|p1a: Iron Moth|76\/100\n|move|p2a: Ogerpon|Ivy Cudgel|p1a: Iron Moth\n|-supereffective|p1a: Iron Moth\n|-end|p1a: Iron Moth|Substitute\n|\n|-heal|p1a: Iron Moth|82\/100|[from] Grassy Terrain\n|-heal|p2a: Ogerpon|82\/100|[from] Grassy Terrain\n|-fieldend|move: Grassy Terrain\n|upkeep\n|turn|15\n|\n|t:|1699815177\n|-terastallize|p1a: Iron Moth|Fairy\n|move|p1a: Iron Moth|Dazzling Gleam|p2a: Ogerpon\n|-damage|p2a: Ogerpon|6\/100\n|move|p2a: Ogerpon|Ivy Cudgel|p1a: Iron Moth\n|-damage|p1a: Iron Moth|0 fnt\n|faint|p1a: Iron Moth\n|-end|p1a: Iron Moth|Quark Drive|[silent]\n|\n|upkeep\n|\n|t:|1699815188\n|switch|p1a: Rillaboom|Rillaboom, F|77\/100 brn\n|-fieldstart|move: Grassy Terrain|[from] ability: Grassy Surge|[of] p1a: Rillaboom\n|turn|16\n|\n|t:|1699815196\n|move|p2a: Ogerpon|Ivy Cudgel|p1a: Rillaboom\n|-damage|p1a: Rillaboom|7\/100 brn\n|move|p1a: Rillaboom|U-turn|p2a: Ogerpon\n|-damage|p2a: Ogerpon|0 fnt\n|faint|p2a: Ogerpon\n|\n|t:|1699815199\n|switch|p1a: Sneasler|Sneasler, M|100\/100|[from] U-turn\n|-enditem|p1a: Sneasler|Grassy Seed\n|-boost|p1a: Sneasler|def|1|[from] item: Grassy Seed\n|\n|upkeep\n|\n|t:|1699815204\n|switch|p2a: Veluza|Veluza, M|100\/100\n|-damage|p2a: Veluza|76\/100|[from] Spikes\n|-ability|p2a: Veluza|Mold Breaker\n|turn|17\n|\n|t:|1699815209\n|move|p1a: Sneasler|Shadow Claw|p2a: Veluza\n|-supereffective|p2a: Veluza\n|-crit|p2a: Veluza\n|-damage|p2a: Veluza|0 fnt\n|faint|p2a: Veluza\n|\n|upkeep\n|\n|t:|1699815213\n|switch|p2a: Clefable|Clefable, M|67\/100\n|turn|18\n|\n|t:|1699815219\n|move|p1a: Sneasler|Dire Claw|p2a: Clefable\n|-supereffective|p2a: Clefable\n|-damage|p2a: Clefable|0 fnt\n|faint|p2a: Clefable\n|\n|upkeep\n|\n|t:|1699815223\n|switch|p2a: Gholdengo|Gholdengo|77\/100\n|-damage|p2a: Gholdengo|52\/100|[from] Spikes\n|turn|19\n|\n|t:|1699815225\n|move|p1a: Sneasler|Shadow Claw|p2a: Gholdengo\n|-supereffective|p2a: Gholdengo\n|-damage|p2a: Gholdengo|4\/100\n|move|p2a: Gholdengo|Recover|p2a: Gholdengo\n|-heal|p2a: Gholdengo|54\/100\n|\n|-heal|p2a: Gholdengo|60\/100|[from] Grassy Terrain\n|upkeep\n|turn|20\n|\n|t:|1699815229\n|move|p1a: Sneasler|Swords Dance|p1a: Sneasler\n|-boost|p1a: Sneasler|atk|2\n|move|p2a: Gholdengo|Recover|p2a: Gholdengo\n|-heal|p2a: Gholdengo|100\/100\n|\n|upkeep\n|turn|21\n|\n|t:|1699815233\n|move|p1a: Sneasler|Shadow Claw|p2a: Gholdengo\n|-supereffective|p2a: Gholdengo\n|-damage|p2a: Gholdengo|2\/100\n|move|p2a: Gholdengo|Make It Rain|p1a: Sneasler\n|-damage|p1a: Sneasler|5\/100\n|-unboost|p2a: Gholdengo|spa|1\n|\n|-heal|p1a: Sneasler|11\/100|[from] Grassy Terrain\n|-heal|p2a: Gholdengo|8\/100|[from] Grassy Terrain\n|upkeep\n|turn|22\n|\n|t:|1699815237\n|move|p1a: Sneasler|Shadow Claw|p2a: Gholdengo\n|-supereffective|p2a: Gholdengo\n|-damage|p2a: Gholdengo|0 fnt\n|faint|p2a: Gholdengo\n|\n|win|red violet blue\n|raw|red violet blue's rating: 1520 &rarr; <strong>1536<\/strong><br \/>(+16 for winning)\n|raw|Princessu's rating: 1449 &rarr; <strong>1433<\/strong><br \/>(-16 for losing)\n|l|\u2606Princessu\n","uploadtime":1699815247,"views":13,"p1id":"redvioletblue","p2id":"princessu","formatid":"gen9ou","rating":1433,"private":0,"password":""}