{"id":"gen9ou-1997096876","p1":"igorcda","p2":"averagechiefer","format":"[Gen 9] OU","log":"|j|\u2606igorcda\n|j|\u2606averagechiefer\n|t:|1700764177\n|gametype|singles\n|player|p1|igorcda|richboy-gen4|1393\n|player|p2|averagechiefer|170|1279\n|teamsize|p1|6\n|teamsize|p2|6\n|gen|9\n|tier|[Gen 9] OU\n|rated|\n|rule|Sleep Clause Mod: Limit one foe put to sleep\n|rule|Species Clause: Limit one of each Pok\u00e9mon\n|rule|OHKO Clause: OHKO moves are banned\n|rule|Evasion Items Clause: Evasion items are banned\n|rule|Evasion Moves Clause: Evasion moves are banned\n|rule|Endless Battle Clause: Forcing endless battles is banned\n|rule|HP Percentage Mod: HP is shown in percentages\n|clearpoke\n|poke|p1|Ursaluna, F|\n|poke|p1|Rillaboom, M|\n|poke|p1|Infernape, M|\n|poke|p1|Empoleon, M|\n|poke|p1|Ninetales-Alola, F|\n|poke|p1|Tornadus-Therian, M|\n|poke|p2|Infernape, F|\n|poke|p2|Ninetales-Alola, F|\n|poke|p2|Kingambit, M|\n|poke|p2|Garchomp, M|\n|poke|p2|Toedscruel, F|\n|poke|p2|Glimmora, F|\n|teampreview\n|inactive|Battle timer is ON: inactive players will automatically lose when time's up. (requested by igorcda)\n|\n|t:|1700764226\n|start\n|switch|p1a: Empoleon|Empoleon, M, shiny|100\/100\n|switch|p2a: Toedscruel|Toedscruel, F|100\/100\n|turn|1\n|\n|t:|1700764240\n|switch|p1a: Rillaboom|Rillaboom, M, shiny|100\/100\n|-fieldstart|move: Grassy Terrain|[from] ability: Grassy Surge|[of] p1a: Rillaboom\n|move|p2a: Toedscruel|Knock Off|p1a: Rillaboom\n|-damage|p1a: Rillaboom|85\/100\n|-enditem|p1a: Rillaboom|Loaded Dice|[from] move: Knock Off|[of] p2a: Toedscruel\n|\n|-heal|p1a: Rillaboom|91\/100|[from] Grassy Terrain\n|upkeep\n|turn|2\n|c|\u2606averagechiefer|now im scared bro\n|\n|t:|1700764264\n|switch|p1a: Empoleon|Empoleon, M, shiny|100\/100\n|move|p2a: Toedscruel|Rapid Spin|p1a: Empoleon\n|-resisted|p1a: Empoleon\n|-damage|p1a: Empoleon|96\/100\n|-boost|p2a: Toedscruel|spe|1\n|\n|-heal|p1a: Empoleon|100\/100|[from] Grassy Terrain\n|upkeep\n|turn|3\n|\n|t:|1700764271\n|switch|p1a: Rillaboom|Rillaboom, M, shiny|91\/100\n|move|p2a: Toedscruel|Knock Off|p1a: Rillaboom\n|-damage|p1a: Rillaboom|80\/100\n|\n|-heal|p1a: Rillaboom|86\/100|[from] Grassy Terrain\n|upkeep\n|turn|4\n|\n|t:|1700764275\n|move|p2a: Toedscruel|Knock Off|p1a: Rillaboom\n|-damage|p1a: Rillaboom|76\/100\n|move|p1a: Rillaboom|Swords Dance|p1a: Rillaboom\n|-boost|p1a: Rillaboom|atk|2\n|\n|-heal|p1a: Rillaboom|82\/100|[from] Grassy Terrain\n|upkeep\n|turn|5\n|\n|t:|1700764291\n|switch|p2a: Glimmora|Glimmora, F|100\/100\n|move|p1a: Rillaboom|Bullet Seed|p2a: Glimmora\n|-damage|p2a: Glimmora|54\/100\n|-activate|p2a: Glimmora|ability: Toxic Debris\n|-sidestart|p1: igorcda|move: Toxic Spikes\n|-damage|p2a: Glimmora|13\/100\n|-activate|p2a: Glimmora|ability: Toxic Debris\n|-sidestart|p1: igorcda|move: Toxic Spikes\n|-hitcount|p2a: Glimmora|2\n|\n|-heal|p2a: Glimmora|19\/100|[from] Grassy Terrain\n|-heal|p1a: Rillaboom|88\/100|[from] Grassy Terrain\n|-fieldend|move: Grassy Terrain\n|upkeep\n|turn|6\n|\n|t:|1700764311\n|switch|p1a: Empoleon|Empoleon, M, shiny|100\/100\n|move|p2a: Glimmora|Sludge Wave|p1a: Empoleon\n|-immune|p1a: Empoleon\n|\n|upkeep\n|turn|7\n|\n|t:|1700764319\n|switch|p2a: Ninetales|Ninetales-Alola, F|100\/100\n|-weather|Snow|[from] ability: Snow Warning|[of] p2a: Ninetales\n|move|p1a: Empoleon|Vacuum Wave|p2a: Ninetales\n|-damage|p2a: Ninetales|86\/100\n|\n|-weather|Snow|[upkeep]\n|upkeep\n|turn|8\n|\n|t:|1700764323\n|move|p2a: Ninetales|Aurora Veil|p2a: Ninetales\n|-sidestart|p2: averagechiefer|move: Aurora Veil\n|move|p1a: Empoleon|Flash Cannon|p2a: Ninetales\n|-supereffective|p2a: Ninetales\n|-damage|p2a: Ninetales|7\/100\n|\n|-weather|Snow|[upkeep]\n|upkeep\n|turn|9\n|c|\u2606averagechiefer|misclick fuck\n|n|\u203daveragechiefer|averagechiefer\n|c|&|\/log averagechiefer was locked from talking by Artemis for a week. (\u2606averagechiefer:   fuck)\n|c|&|\/raw <small>This action was done automatically. Want to learn more about the AI? <a href=\"https:\/\/www.smogon.com\/forums\/threads\/3570628\/#post-9056769\">Visit the information thread<\/a>.<\/small>\n|\n|t:|1700764349\n|move|p1a: Empoleon|Vacuum Wave|p2a: Ninetales\n|-damage|p2a: Ninetales|0 fnt\n|faint|p2a: Ninetales\n|\n|-weather|Snow|[upkeep]\n|upkeep\n|inactive|averagechiefer has 120 seconds left.\n|\n|t:|1700764378\n|switch|p2a: Toedscruel|Toedscruel, F|100\/100\n|turn|10\n|\n|t:|1700764383\n|switch|p1a: Rillaboom|Rillaboom, M, shiny|88\/100\n|-status|p1a: Rillaboom|tox\n|-fieldstart|move: Grassy Terrain|[from] ability: Grassy Surge|[of] p1a: Rillaboom\n|move|p2a: Toedscruel|Giga Drain|p1a: Rillaboom\n|-resisted|p1a: Rillaboom\n|-damage|p1a: Rillaboom|69\/100 tox\n|\n|-weather|Snow|[upkeep]\n|-heal|p1a: Rillaboom|75\/100 tox|[from] Grassy Terrain\n|-damage|p1a: Rillaboom|69\/100 tox|[from] psn\n|upkeep\n|turn|11\n|\n|t:|1700764388\n|switch|p2a: Glimmora|Glimmora, F|19\/100\n|move|p1a: Rillaboom|Swords Dance|p1a: Rillaboom\n|-boost|p1a: Rillaboom|atk|2\n|\n|-weather|none\n|-heal|p2a: Glimmora|25\/100|[from] Grassy Terrain\n|-heal|p1a: Rillaboom|75\/100 tox|[from] Grassy Terrain\n|-damage|p1a: Rillaboom|62\/100 tox|[from] psn\n|upkeep\n|turn|12\n|\n|t:|1700764390\n|move|p1a: Rillaboom|Grassy Glide|p2a: Glimmora\n|-damage|p2a: Glimmora|0 fnt\n|faint|p2a: Glimmora\n|\n|-heal|p1a: Rillaboom|69\/100 tox|[from] Grassy Terrain\n|-damage|p1a: Rillaboom|50\/100 tox|[from] psn\n|upkeep\n|\n|t:|1700764395\n|switch|p2a: Garchomp|Garchomp, M|100\/100\n|turn|13\n|\n|t:|1700764397\n|move|p2a: Garchomp|Scale Shot|p1a: Rillaboom\n|-damage|p1a: Rillaboom|34\/100 tox\n|-damage|p1a: Rillaboom|21\/100 tox\n|-damage|p1a: Rillaboom|7\/100 tox\n|-damage|p1a: Rillaboom|0 fnt\n|faint|p1a: Rillaboom\n|-hitcount|p1: Rillaboom|4\n|-unboost|p2a: Garchomp|def|1\n|-boost|p2a: Garchomp|spe|1\n|\n|upkeep\n|\n|t:|1700764404\n|switch|p1a: Ninetales|Ninetales-Alola, F, shiny|100\/100\n|-status|p1a: Ninetales|tox\n|-weather|Snow|[from] ability: Snow Warning|[of] p1a: Ninetales\n|turn|14\n|\n|t:|1700764410\n|-terastallize|p2a: Garchomp|Fire\n|-terastallize|p1a: Ninetales|Ghost\n|move|p2a: Garchomp|Fire Fang|p1a: Ninetales\n|-damage|p1a: Ninetales|61\/100 tox\n|move|p1a: Ninetales|Aurora Veil|p1a: Ninetales\n|-sidestart|p1: igorcda|move: Aurora Veil\n|\n|-weather|Snow|[upkeep]\n|-heal|p1a: Ninetales|67\/100 tox|[from] Grassy Terrain\n|-damage|p1a: Ninetales|61\/100 tox|[from] psn\n|-fieldend|move: Grassy Terrain\n|upkeep\n|turn|15\n|\n|t:|1700764429\n|move|p2a: Garchomp|Swords Dance|p2a: Garchomp\n|-boost|p2a: Garchomp|atk|2\n|move|p1a: Ninetales|Encore|p2a: Garchomp\n|-start|p2a: Garchomp|Encore\n|\n|-weather|Snow|[upkeep]\n|-damage|p1a: Ninetales|49\/100 tox|[from] psn\n|-sideend|p2: averagechiefer|move: Aurora Veil\n|upkeep\n|turn|16\n|\n|t:|1700764438\n|switch|p1a: Ursaluna|Ursaluna, F, shiny|100\/100\n|-status|p1a: Ursaluna|tox\n|move|p2a: Garchomp|Swords Dance|p2a: Garchomp\n|-boost|p2a: Garchomp|atk|2\n|\n|-weather|Snow|[upkeep]\n|-damage|p1a: Ursaluna|94\/100 tox|[from] psn\n|upkeep\n|turn|17\n|\n|t:|1700764446\n|switch|p2a: Toedscruel|Toedscruel, F|100\/100\n|move|p1a: Ursaluna|Facade|p2a: Toedscruel\n|-damage|p2a: Toedscruel|0 fnt\n|faint|p2a: Toedscruel\n|\n|-weather|Snow|[upkeep]\n|-damage|p1a: Ursaluna|82\/100 tox|[from] psn\n|upkeep\n|\n|t:|1700764449\n|switch|p2a: Kingambit|Kingambit, M|100\/100\n|-activate|p2a: Kingambit|ability: Supreme Overlord\n|-start|p2a: Kingambit|fallen3|[silent]\n|-item|p2a: Kingambit|Air Balloon\n|turn|18\n|\n|t:|1700764452\n|move|p1a: Ursaluna|Drain Punch|p2a: Kingambit\n|-supereffective|p2a: Kingambit\n|-damage|p2a: Kingambit|0 fnt\n|-heal|p1a: Ursaluna|100\/100 tox|[from] drain|[of] p2a: Kingambit\n|-enditem|p2a: Kingambit|Air Balloon\n|faint|p2a: Kingambit\n|-end|p2a: Kingambit|fallen3|[silent]\n|\n|-weather|none\n|-damage|p1a: Ursaluna|82\/100 tox|[from] psn\n|upkeep\n|-message|averagechiefer forfeited.\n|\n|win|igorcda\n|raw|igorcda's rating: 1393 &rarr; <strong>1407<\/strong><br \/>(+14 for winning)\n|raw|averagechiefer's rating: 1279 &rarr; <strong>1262<\/strong><br \/>(-17 for losing)\n","uploadtime":1700764332,"views":5,"p1id":"igorcda","p2id":"averagechiefer","formatid":"gen9ou","rating":1262,"private":0,"password":""}