{"id":"gen9ou-1988709934","p1":"Pikesito","p2":"Im dumb srly","format":"[Gen 9] OU","log":"|j|\u2606Pikesito\n|j|\u2606Im dumb srly\n|inactive|Battle timer is ON: inactive players will automatically lose when time's up.\n|t:|1699753422\n|gametype|singles\n|player|p1|Pikesito|penny|\n|player|p2|Im dumb srly|cheryl|\n|teamsize|p1|5\n|teamsize|p2|5\n|gen|9\n|tier|[Gen 9] OU\n|rated|Tournament battle\n|rule|Sleep Clause Mod: Limit one foe put to sleep\n|rule|Species Clause: Limit one of each Pok\u00e9mon\n|rule|OHKO Clause: OHKO moves are banned\n|rule|Evasion Items Clause: Evasion items are banned\n|rule|Evasion Moves Clause: Evasion moves are banned\n|rule|Endless Battle Clause: Forcing endless battles is banned\n|rule|HP Percentage Mod: HP is shown in percentages\n|clearpoke\n|poke|p1|Infernape, F|\n|poke|p1|Beartic, F|\n|poke|p1|Cloyster, M|\n|poke|p1|Weepinbell, M|\n|poke|p1|Skuntank, M|\n|poke|p2|Haxorus, M|\n|poke|p2|Sneasler, F|\n|poke|p2|Polteageist|\n|poke|p2|Snorlax, F|\n|poke|p2|Floette, F|\n|teampreview\n|j|*Lady Monita \u2746\n|inactive|Pikesito also wants the timer to be on.\n|\n|t:|1699753429\n|start\n|switch|p1a: Infernape|Infernape, F|100\/100\n|switch|p2a: Has|Haxorus, M, shiny|100\/100\n|turn|1\n|\n|t:|1699753440\n|move|p1a: Infernape|Stealth Rock|p2a: Has\n|-sidestart|p2: Im dumb srly|move: Stealth Rock\n|move|p2a: Has|Outrage|p1a: Infernape\n|-damage|p1a: Infernape|28\/100\n|\n|upkeep\n|turn|2\n|\n|t:|1699753452\n|move|p1a: Infernape|Fire Blast|p2a: Has\n|-resisted|p2a: Has\n|-damage|p2a: Has|39\/100\n|move|p2a: Has|Outrage|p1a: Infernape|[from]lockedmove\n|-damage|p1a: Infernape|0 fnt\n|faint|p1a: Infernape\n|-start|p2a: Has|confusion|[fatigue]\n|\n|upkeep\n|inactive|Pikesito has 120 seconds left.\n|\n|t:|1699753491\n|switch|p1a: Weepinbell|Weepinbell, M|100\/100\n|turn|3\n|\n|t:|1699753499\n|-activate|p2a: Has|confusion\n|-damage|p2a: Has|21\/100|[from] confusion\n|move|p1a: Weepinbell|Poison Jab|p2a: Has\n|-damage|p2a: Has|0 fnt\n|faint|p2a: Has\n|\n|upkeep\n|\n|t:|1699753522\n|switch|p2a: Snorer|Snorlax, F, shiny|100\/100\n|-damage|p2a: Snorer|88\/100|[from] Stealth Rock\n|turn|4\n|\n|t:|1699753531\n|switch|p1a: Beartic|Beartic, F|100\/100\n|move|p2a: Snorer|Belly Drum|p2a: Snorer\n|-damage|p2a: Snorer|38\/100\n|-setboost|p2a: Snorer|atk|6|[from] move: Belly Drum\n|-enditem|p2a: Snorer|Sitrus Berry|[eat]\n|-heal|p2a: Snorer|63\/100|[from] item: Sitrus Berry\n|\n|upkeep\n|turn|5\n|\n|t:|1699753540\n|move|p1a: Beartic|Close Combat|p2a: Snorer\n|-supereffective|p2a: Snorer\n|-damage|p2a: Snorer|0 fnt\n|-unboost|p1a: Beartic|def|1\n|-unboost|p1a: Beartic|spd|1\n|faint|p2a: Snorer\n|\n|upkeep\n|\n|t:|1699753555\n|switch|p2a: Sneezler|Sneasler, F, shiny|100\/100\n|-damage|p2a: Sneezler|95\/100|[from] Stealth Rock\n|turn|6\n|\n|t:|1699753562\n|switch|p1a: Skuntank|Skuntank, M|100\/100\n|move|p2a: Sneezler|Fake Out|p1a: Skuntank\n|-damage|p1a: Skuntank|82\/100\n|\n|upkeep\n|turn|7\n|\n|t:|1699753572\n|move|p2a: Sneezler|U-turn|p1a: Skuntank\n|-damage|p1a: Skuntank|49\/100\n|\n|t:|1699753578\n|switch|p2a: Flowent byebye|Floette, F, shiny|100\/100|[from] U-turn\n|-damage|p2a: Flowent byebye|88\/100|[from] Stealth Rock\n|move|p1a: Skuntank|Fire Blast|p2a: Flowent byebye\n|-damage|p2a: Flowent byebye|61\/100\n|-damage|p1a: Skuntank|39\/100|[from] item: Life Orb\n|\n|upkeep\n|turn|8\n|\n|t:|1699753589\n|move|p1a: Skuntank|Sludge Bomb|p2a: Flowent byebye\n|-supereffective|p2a: Flowent byebye\n|-damage|p2a: Flowent byebye|1\/100\n|-damage|p1a: Skuntank|30\/100|[from] item: Life Orb\n|move|p2a: Flowent byebye|Light Screen|p2a: Flowent byebye\n|-sidestart|p2: Im dumb srly|move: Light Screen\n|\n|upkeep\n|turn|9\n|\n|t:|1699753594\n|move|p1a: Skuntank|Sludge Bomb|p2a: Flowent byebye\n|-supereffective|p2a: Flowent byebye\n|-damage|p2a: Flowent byebye|0 fnt\n|faint|p2a: Flowent byebye\n|-damage|p1a: Skuntank|20\/100|[from] item: Life Orb\n|\n|upkeep\n|\n|t:|1699753598\n|switch|p2a: Sneezler|Sneasler, F, shiny|95\/100\n|-damage|p2a: Sneezler|89\/100|[from] Stealth Rock\n|turn|10\n|\n|t:|1699753603\n|move|p2a: Sneezler|Fake Out|p1a: Skuntank\n|-damage|p1a: Skuntank|0 fnt\n|faint|p1a: Skuntank\n|\n|upkeep\n|\n|t:|1699753621\n|switch|p1a: Cloyster|Cloyster, M|100\/100\n|turn|11\n|\n|t:|1699753628\n|-terastallize|p1a: Cloyster|Ground\n|move|p2a: Sneezler|Dire Claw|p1a: Cloyster\n|-resisted|p1a: Cloyster\n|-damage|p1a: Cloyster|83\/100\n|-status|p1a: Cloyster|slp\n|cant|p1a: Cloyster|slp\n|\n|upkeep\n|turn|12\n|\n|t:|1699753642\n|-terastallize|p2a: Sneezler|Water\n|move|p2a: Sneezler|Tera Blast|p1a: Cloyster|[anim] Tera Blast Water\n|-supereffective|p1a: Cloyster\n|-damage|p1a: Cloyster|8\/100 slp\n|cant|p1a: Cloyster|slp\n|\n|-sideend|p2: Im dumb srly|move: Light Screen\n|upkeep\n|turn|13\n|\n|t:|1699753649\n|move|p2a: Sneezler|Tera Blast|p1a: Cloyster|[anim] Tera Blast Water\n|-supereffective|p1a: Cloyster\n|-damage|p1a: Cloyster|0 fnt\n|faint|p1a: Cloyster\n|\n|upkeep\n|\n|t:|1699753651\n|switch|p1a: Weepinbell|Weepinbell, M|100\/100\n|turn|14\n|\n|t:|1699753657\n|move|p2a: Sneezler|U-turn|p1a: Weepinbell\n|-damage|p1a: Weepinbell|67\/100\n|\n|t:|1699753659\n|switch|p2a: Bolteageist|Polteageist, shiny|100\/100|[from] U-turn\n|-damage|p2a: Bolteageist|88\/100|[from] Stealth Rock\n|move|p1a: Weepinbell|Power Whip|p2a: Bolteageist|[miss]\n|-miss|p1a: Weepinbell|p2a: Bolteageist\n|\n|upkeep\n|turn|15\n|c|\u2606Im dumb srly|This is so sad I forgot she\u2019ll smash\n|\n|t:|1699753684\n|move|p2a: Bolteageist|Psychic|p1a: Weepinbell\n|-supereffective|p1a: Weepinbell\n|-damage|p1a: Weepinbell|0 fnt\n|faint|p1a: Weepinbell\n|\n|upkeep\n|\n|t:|1699753687\n|switch|p1a: Beartic|Beartic, F|100\/100\n|turn|16\n|\n|t:|1699753697\n|move|p2a: Bolteageist|Shadow Ball|p1a: Beartic\n|-damage|p1a: Beartic|60\/100\n|move|p1a: Beartic|Earthquake|p2a: Bolteageist\n|-damage|p2a: Bolteageist|0 fnt\n|faint|p2a: Bolteageist\n|\n|upkeep\n|\n|t:|1699753699\n|switch|p2a: Sneezler|Sneasler, F, shiny, tera:Water|89\/100\n|-damage|p2a: Sneezler|76\/100|[from] Stealth Rock\n|turn|17\n|\n|t:|1699753701\n|move|p2a: Sneezler|Fake Out|p1a: Beartic\n|-damage|p1a: Beartic|45\/100\n|-status|p1a: Beartic|psn|[from] ability: Poison Touch|[of] p2a: Sneezler\n|cant|p1a: Beartic|flinch\n|\n|-damage|p1a: Beartic|33\/100 psn|[from] psn\n|upkeep\n|turn|18\n|j| TJ799\n|\n|t:|1699753708\n|move|p2a: Sneezler|Tera Blast|p1a: Beartic|[anim] Tera Blast Water\n|-damage|p1a: Beartic|0 fnt\n|faint|p1a: Beartic\n|\n|win|Im dumb srly\n|n|\u2606Pikesito|pikesito\n|n|\u2606Im dumb srly|imdumbsrly\n|n|*Lady Monita \u2746|ladymonita\n|n| TJ799|tj799\n","uploadtime":1699753710,"views":8,"p1id":"pikesito","p2id":"imdumbsrly","formatid":"gen9ou","rating":0,"private":0,"password":""}