{"id":"gen9ou-1995674828","p1":"PLAYB0I R0BBIE B","p2":"cdscdscds","format":"[Gen 9] OU","log":"|j|\u2606PLAYB0I R0BBIE B\n|j|\u2606cdscdscds\n|t:|1700592899\n|gametype|singles\n|player|p1|PLAYB0I R0BBIE B|eusine|1373\n|player|p2|cdscdscds|lucas|1268\n|teamsize|p1|6\n|teamsize|p2|6\n|gen|9\n|tier|[Gen 9] OU\n|rated|\n|rule|Sleep Clause Mod: Limit one foe put to sleep\n|rule|Species Clause: Limit one of each Pok\u00e9mon\n|rule|OHKO Clause: OHKO moves are banned\n|rule|Evasion Items Clause: Evasion items are banned\n|rule|Evasion Moves Clause: Evasion moves are banned\n|rule|Endless Battle Clause: Forcing endless battles is banned\n|rule|HP Percentage Mod: HP is shown in percentages\n|clearpoke\n|poke|p1|Meowscarada, F|\n|poke|p1|Heatran, F|\n|poke|p1|Thundurus-Therian, M|\n|poke|p1|Dragapult, F|\n|poke|p1|Great Tusk|\n|poke|p1|Azumarill, F|\n|poke|p2|Indeedee, M|\n|poke|p2|Maushold|\n|poke|p2|Armarouge, M|\n|poke|p2|Hawlucha, F|\n|poke|p2|Dondozo, F|\n|poke|p2|Torterra, M|\n|teampreview\n|\n|t:|1700592914\n|start\n|switch|p1a: SICKO MODE|Meowscarada, F|100\/100\n|switch|p2a: Indeedee|Indeedee, M|100\/100\n|-fieldstart|move: Psychic Terrain|[from] ability: Psychic Surge|[of] p2a: Indeedee\n|turn|1\n|\n|t:|1700592926\n|switch|p2a: Hawlucha|Hawlucha, F|100\/100\n|-enditem|p2a: Hawlucha|Psychic Seed\n|-boost|p2a: Hawlucha|spd|1|[from] item: Psychic Seed\n|move|p1a: SICKO MODE|Knock Off|p2a: Hawlucha\n|-start|p1a: SICKO MODE|typechange|Dark|[from] ability: Protean\n|-resisted|p2a: Hawlucha\n|-damage|p2a: Hawlucha|70\/100\n|\n|upkeep\n|turn|2\n|\n|t:|1700592939\n|switch|p1a: NO BYSTANDERS|Dragapult, F|100\/100\n|move|p2a: Hawlucha|Acrobatics|p1a: NO BYSTANDERS\n|-damage|p1a: NO BYSTANDERS|24\/100\n|\n|upkeep\n|turn|3\n|\n|t:|1700592951\n|move|p2a: Hawlucha|Acrobatics|p1a: NO BYSTANDERS\n|-damage|p1a: NO BYSTANDERS|0 fnt\n|faint|p1a: NO BYSTANDERS\n|\n|upkeep\n|\n|t:|1700592969\n|switch|p1a: YOSEMITE|Great Tusk|100\/100\n|turn|4\n|\n|t:|1700592975\n|move|p2a: Hawlucha|Acrobatics|p1a: YOSEMITE\n|-supereffective|p1a: YOSEMITE\n|-damage|p1a: YOSEMITE|23\/100\n|move|p1a: YOSEMITE|Ice Spinner|p2a: Hawlucha\n|-supereffective|p2a: Hawlucha\n|-damage|p2a: Hawlucha|0 fnt\n|-fieldend|move: Psychic Terrain\n|faint|p2a: Hawlucha\n|\n|upkeep\n|\n|t:|1700592981\n|switch|p2a: Indeedee|Indeedee, M|100\/100\n|-fieldstart|move: Psychic Terrain|[from] ability: Psychic Surge|[of] p2a: Indeedee\n|turn|5\n|\n|t:|1700592992\n|move|p2a: Indeedee|Dazzling Gleam|p1a: YOSEMITE\n|-supereffective|p1a: YOSEMITE\n|-damage|p1a: YOSEMITE|0 fnt\n|faint|p1a: YOSEMITE\n|-end|p1a: YOSEMITE|Protosynthesis|[silent]\n|\n|upkeep\n|\n|t:|1700592998\n|switch|p1a: SICKO MODE|Meowscarada, F|100\/100\n|turn|6\n|\n|t:|1700593015\n|switch|p2a: Armarouge|Armarouge, M|100\/100\n|move|p1a: SICKO MODE|U-turn|p2a: Armarouge\n|-start|p1a: SICKO MODE|typechange|Bug|[from] ability: Protean\n|-damage|p2a: Armarouge|46\/100\n|-ability|p2a: Armarouge|Weak Armor|boost\n|-unboost|p2a: Armarouge|def|1\n|-boost|p2a: Armarouge|spe|2\n|\n|t:|1700593018\n|switch|p1a: CAN'T SAY|Azumarill, F|100\/100|[from] U-turn\n|\n|upkeep\n|turn|7\n|\n|t:|1700593025\n|move|p2a: Armarouge|Expanding Force|p1a: CAN'T SAY\n|-damage|p1a: CAN'T SAY|43\/100\n|move|p1a: CAN'T SAY|Liquidation|p2a: Armarouge\n|-supereffective|p2a: Armarouge\n|-damage|p2a: Armarouge|0 fnt\n|faint|p2a: Armarouge\n|\n|upkeep\n|\n|t:|1700593031\n|switch|p2a: Maushold|Maushold|100\/100\n|turn|8\n|inactive|Battle timer is ON: inactive players will automatically lose when time's up. (requested by PLAYB0I R0BBIE B)\n|\n|t:|1700593045\n|move|p2a: Maushold|Tidy Up|p2a: Maushold\n|-boost|p2a: Maushold|atk|1\n|-boost|p2a: Maushold|spe|1\n|move|p1a: CAN'T SAY|Ice Spinner|p2a: Maushold\n|-damage|p2a: Maushold|50\/100\n|-fieldend|move: Psychic Terrain\n|\n|upkeep\n|turn|9\n|\n|t:|1700593051\n|-terastallize|p1a: CAN'T SAY|Water\n|move|p1a: CAN'T SAY|Aqua Jet|p2a: Maushold\n|-damage|p2a: Maushold|0 fnt\n|faint|p2a: Maushold\n|\n|upkeep\n|\n|t:|1700593066\n|switch|p2a: Torterra|Torterra, M|100\/100\n|turn|10\n|\n|t:|1700593073\n|move|p2a: Torterra|Bullet Seed|p1a: CAN'T SAY\n|-supereffective|p1a: CAN'T SAY\n|-damage|p1a: CAN'T SAY|19\/100\n|-supereffective|p1a: CAN'T SAY\n|-damage|p1a: CAN'T SAY|0 fnt\n|faint|p1a: CAN'T SAY\n|-hitcount|p1: CAN'T SAY|2\n|\n|upkeep\n|\n|t:|1700593080\n|switch|p1a: SICKO MODE|Meowscarada, F|100\/100\n|turn|11\n|\n|t:|1700593085\n|move|p1a: SICKO MODE|U-turn|p2a: Torterra\n|-start|p1a: SICKO MODE|typechange|Bug|[from] ability: Protean\n|-supereffective|p2a: Torterra\n|-damage|p2a: Torterra|4\/100\n|\n|t:|1700593091\n|switch|p1a: ASTROTHUNDER|Thundurus-Therian, M|100\/100|[from] U-turn\n|move|p2a: Torterra|Shell Smash|p2a: Torterra\n|-unboost|p2a: Torterra|def|1\n|-unboost|p2a: Torterra|spd|1\n|-boost|p2a: Torterra|atk|2\n|-boost|p2a: Torterra|spa|2\n|-boost|p2a: Torterra|spe|2\n|\n|upkeep\n|turn|12\n|\n|t:|1700593097\n|move|p2a: Torterra|Bullet Seed|p1a: ASTROTHUNDER\n|-resisted|p1a: ASTROTHUNDER\n|-damage|p1a: ASTROTHUNDER|83\/100\n|-resisted|p1a: ASTROTHUNDER\n|-damage|p1a: ASTROTHUNDER|65\/100\n|-resisted|p1a: ASTROTHUNDER\n|-damage|p1a: ASTROTHUNDER|48\/100\n|-resisted|p1a: ASTROTHUNDER\n|-damage|p1a: ASTROTHUNDER|30\/100\n|-hitcount|p1a: ASTROTHUNDER|4\n|move|p1a: ASTROTHUNDER|Grass Knot|p2a: Torterra\n|-damage|p2a: Torterra|0 fnt\n|faint|p2a: Torterra\n|\n|upkeep\n|\n|t:|1700593113\n|switch|p2a: Indeedee|Indeedee, M|100\/100\n|-fieldstart|move: Psychic Terrain|[from] ability: Psychic Surge|[of] p2a: Indeedee\n|turn|13\n|\n|t:|1700593119\n|switch|p1a: 5% TINT|Heatran, F|100\/100\n|-item|p1a: 5% TINT|Air Balloon\n|move|p2a: Indeedee|Dazzling Gleam|p1a: 5% TINT\n|-resisted|p1a: 5% TINT\n|-damage|p1a: 5% TINT|95\/100\n|-enditem|p1a: 5% TINT|Air Balloon\n|\n|upkeep\n|turn|14\n|\n|t:|1700593133\n|move|p2a: Indeedee|Healing Wish|p2a: Indeedee\n|faint|p2a: Indeedee\n|move|p1a: 5% TINT|Magma Storm|p2: Indeedee|[notarget]\n|-fail|p1a: 5% TINT\n|\n|upkeep\n|\n|t:|1700593136\n|switch|p2a: Dondozo|Dondozo, F|100\/100\n|turn|15\n|\n|t:|1700593139\n|move|p1a: 5% TINT|Taunt|p2a: Dondozo\n|-start|p2a: Dondozo|move: Taunt\n|cant|p2a: Dondozo|move: Taunt|Curse\n|\n|upkeep\n|turn|16\n|\n|t:|1700593143\n|move|p1a: 5% TINT|Magma Storm|p2a: Dondozo|[miss]\n|-miss|p1a: 5% TINT|p2a: Dondozo\n|move|p2a: Dondozo|Liquidation|p1a: 5% TINT\n|-supereffective|p1a: 5% TINT\n|-damage|p1a: 5% TINT|45\/100\n|\n|upkeep\n|turn|17\n|\n|t:|1700593147\n|move|p1a: 5% TINT|Magma Storm|p2a: Dondozo\n|-resisted|p2a: Dondozo\n|-damage|p2a: Dondozo|83\/100\n|-activate|p2a: Dondozo|move: Magma Storm|[of] p1a: 5% TINT\n|move|p2a: Dondozo|Liquidation|p1a: 5% TINT\n|-supereffective|p1a: 5% TINT\n|-damage|p1a: 5% TINT|0 fnt\n|faint|p1a: 5% TINT\n|\n|-heal|p2a: Dondozo|89\/100|[from] item: Leftovers\n|-end|p2a: Dondozo|Magma Storm|[partiallytrapped]|[silent]\n|-end|p2a: Dondozo|move: Taunt\n|upkeep\n|\n|t:|1700593149\n|switch|p1a: ASTROTHUNDER|Thundurus-Therian, M|30\/100\n|turn|18\n|\n|t:|1700593155\n|-terastallize|p2a: Dondozo|Grass\n|move|p1a: ASTROTHUNDER|Grass Knot|p2a: Dondozo\n|-resisted|p2a: Dondozo\n|-damage|p2a: Dondozo|68\/100\n|move|p2a: Dondozo|Liquidation|p1a: ASTROTHUNDER\n|-damage|p1a: ASTROTHUNDER|0 fnt\n|faint|p1a: ASTROTHUNDER\n|\n|-heal|p2a: Dondozo|74\/100|[from] item: Leftovers\n|upkeep\n|\n|t:|1700593157\n|switch|p1a: SICKO MODE|Meowscarada, F|100\/100\n|turn|19\n|\n|t:|1700593165\n|move|p2a: Dondozo|Protect|p2a: Dondozo\n|-singleturn|p2a: Dondozo|Protect\n|move|p1a: SICKO MODE|U-turn|p2a: Dondozo\n|-start|p1a: SICKO MODE|typechange|Bug|[from] ability: Protean\n|-activate|p2a: Dondozo|move: Protect\n|\n|-heal|p2a: Dondozo|80\/100|[from] item: Leftovers\n|upkeep\n|turn|20\n|\n|t:|1700593173\n|move|p1a: SICKO MODE|U-turn|p2a: Dondozo\n|-supereffective|p2a: Dondozo\n|-damage|p2a: Dondozo|23\/100\n|move|p2a: Dondozo|Curse|p2a: Dondozo\n|-unboost|p2a: Dondozo|spe|1\n|-boost|p2a: Dondozo|atk|1\n|-boost|p2a: Dondozo|def|1\n|\n|-heal|p2a: Dondozo|29\/100|[from] item: Leftovers\n|-fieldend|move: Psychic Terrain\n|upkeep\n|turn|21\n|\n|t:|1700593178\n|move|p1a: SICKO MODE|U-turn|p2a: Dondozo\n|-supereffective|p2a: Dondozo\n|-damage|p2a: Dondozo|0 fnt\n|faint|p2a: Dondozo\n|\n|win|PLAYB0I R0BBIE B\n|raw|PLAYB0I R0BBIE B's rating: 1373 &rarr; <strong>1387<\/strong><br \/>(+14 for winning)\n|raw|cdscdscds's rating: 1268 &rarr; <strong>1250<\/strong><br \/>(-18 for losing)\n|l|\u2606cdscdscds\n|c|\u2606PLAYB0I R0BBIE B|gg\n","uploadtime":1700593184,"views":1,"p1id":"playb0ir0bbieb","p2id":"cdscdscds","formatid":"gen9ou","rating":1250,"private":0,"password":""}