{"id":"gen9ou-1992696444","p1":"snotnosezill","p2":"KerosenPlan","format":"[Gen 9] OU","log":"|j|\u2606snotnosezill\n|j|\u2606KerosenPlan\n|t:|1700226356\n|gametype|singles\n|player|p1|snotnosezill|266|1091\n|player|p2|KerosenPlan|misty|1046\n|teamsize|p1|6\n|teamsize|p2|6\n|gen|9\n|tier|[Gen 9] OU\n|rated|\n|rule|Sleep Clause Mod: Limit one foe put to sleep\n|rule|Species Clause: Limit one of each Pok\u00e9mon\n|rule|OHKO Clause: OHKO moves are banned\n|rule|Evasion Items Clause: Evasion items are banned\n|rule|Evasion Moves Clause: Evasion moves are banned\n|rule|Endless Battle Clause: Forcing endless battles is banned\n|rule|HP Percentage Mod: HP is shown in percentages\n|clearpoke\n|poke|p1|Ninetales, M|\n|poke|p1|Skeledirge, M|\n|poke|p1|Heatran, M|\n|poke|p1|Walking Wake|\n|poke|p1|Moltres-Galar|\n|poke|p1|Landorus-Therian, M|\n|poke|p2|Basculegion, M|\n|poke|p2|Mamoswine, M|\n|poke|p2|Cinderace, M|\n|poke|p2|Sinistcha|\n|poke|p2|Meowscarada, F|\n|poke|p2|Ceruledge, F|\n|teampreview\n|\n|t:|1700226367\n|start\n|switch|p1a: Landorus|Landorus-Therian, M|100\/100\n|switch|p2a: Ghoul!|Ceruledge, F|100\/100\n|-ability|p1a: Landorus|Intimidate|boost\n|-unboost|p2a: Ghoul!|atk|1\n|turn|1\n|inactive|Battle timer is ON: inactive players will automatically lose when time's up. (requested by KerosenPlan)\n|\n|t:|1700226462\n|move|p1a: Landorus|Earthquake|p2a: Ghoul!\n|-supereffective|p2a: Ghoul!\n|-damage|p2a: Ghoul!|0 fnt\n|faint|p2a: Ghoul!\n|\n|upkeep\n|\n|t:|1700226476\n|switch|p2a: Lawn Mower|Meowscarada, F, shiny|100\/100\n|turn|2\n|\n|t:|1700226501\n|switch|p1a: Heatran|Heatran, M|100\/100\n|-item|p1a: Heatran|Air Balloon\n|move|p2a: Lawn Mower|Leaf Storm|p1a: Heatran\n|-resisted|p1a: Heatran\n|-damage|p1a: Heatran|91\/100\n|-unboost|p2a: Lawn Mower|spa|2\n|-enditem|p1a: Heatran|Air Balloon\n|\n|upkeep\n|turn|3\n|inactive|snotnosezill has 120 seconds left.\n|\n|t:|1700226523\n|switch|p2a: Fishy|Basculegion, M|100\/100\n|move|p1a: Heatran|Magma Storm|p2a: Fishy|[miss]\n|-miss|p1a: Heatran|p2a: Fishy\n|\n|upkeep\n|turn|4\n|inactive|snotnosezill has 120 seconds left.\n|\n|t:|1700226555\n|move|p1a: Heatran|Protect|p1a: Heatran\n|-singleturn|p1a: Heatran|Protect\n|move|p2a: Fishy|Chilling Water|p1a: Heatran\n|-activate|p1a: Heatran|move: Protect\n|\n|upkeep\n|turn|5\n|inactive|snotnosezill has 90 seconds left.\n|inactive|KerosenPlan has 120 seconds left.\n|inactive|snotnosezill has 60 seconds left.\n|\n|t:|1700226632\n|switch|p1a: Ninetales|Ninetales, M|100\/100\n|-weather|SunnyDay|[from] ability: Drought|[of] p1a: Ninetales\n|move|p2a: Fishy|Chilling Water|p1a: Ninetales\n|-supereffective|p1a: Ninetales\n|-damage|p1a: Ninetales|87\/100\n|-unboost|p1a: Ninetales|atk|1\n|\n|-weather|SunnyDay|[upkeep]\n|upkeep\n|turn|6\n|inactive|KerosenPlan has 120 seconds left.\n|\n|t:|1700226646\n|move|p1a: Ninetales|Will-O-Wisp|p2a: Fishy\n|-status|p2a: Fishy|brn\n|move|p2a: Fishy|Phantom Force||[still]\n|-prepare|p2a: Fishy|Phantom Force\n|\n|-weather|SunnyDay|[upkeep]\n|-damage|p2a: Fishy|94\/100 brn|[from] brn\n|upkeep\n|turn|7\n|inactive|KerosenPlan has 120 seconds left.\n|inactive|snotnosezill has 30 seconds left.\n|inactive|snotnosezill has 20 seconds left.\n|inactive|snotnosezill has 15 seconds left.\n|inactive|snotnosezill has 10 seconds left.\n|inactive|snotnosezill has 5 seconds left.\n|\n|t:|1700226687\n|switch|p1a: Heatran|Heatran, M|91\/100\n|move|p2a: Fishy|Phantom Force|p1a: Heatran|[from]lockedmove\n|-damage|p1a: Heatran|66\/100\n|\n|-weather|SunnyDay|[upkeep]\n|-damage|p2a: Fishy|88\/100 brn|[from] brn\n|upkeep\n|turn|8\n|inactive|snotnosezill has 15 seconds left this turn.\n|inactive|snotnosezill has 10 seconds left.\n|inactive|KerosenPlan has 120 seconds left.\n|\n|t:|1700226703\n|-terastallize|p1a: Heatran|Grass\n|move|p2a: Fishy|Aqua Jet|p1a: Heatran\n|-resisted|p1a: Heatran\n|-damage|p1a: Heatran|64\/100\n|move|p1a: Heatran|Solar Beam||[still]\n|-prepare|p1a: Heatran|Solar Beam\n|-anim|p1a: Heatran|Solar Beam|p2a: Fishy\n|-supereffective|p2a: Fishy\n|-damage|p2a: Fishy|0 fnt\n|faint|p2a: Fishy\n|\n|-weather|SunnyDay|[upkeep]\n|upkeep\n|inactive|snotnosezill has 15 seconds left this turn.\n|\n|t:|1700226716\n|switch|p2a: Zootopia Character|Cinderace, M|100\/100\n|turn|9\n|inactive|snotnosezill has 25 seconds left this turn.\n|inactive|snotnosezill has 20 seconds left.\n|inactive|snotnosezill has 15 seconds left.\n|\n|t:|1700226730\n|move|p2a: Zootopia Character|Flamethrower|p1a: Heatran\n|-supereffective|p1a: Heatran\n|-damage|p1a: Heatran|0 fnt\n|faint|p1a: Heatran\n|\n|-weather|SunnyDay|[upkeep]\n|upkeep\n|inactive|snotnosezill has 20 seconds left this turn.\n|inactive|snotnosezill has 15 seconds left.\n|inactive|snotnosezill has 10 seconds left.\n|\n|t:|1700226743\n|switch|p1a: Walking Wake|Walking Wake|100\/100\n|-activate|p1a: Walking Wake|ability: Protosynthesis\n|-start|p1a: Walking Wake|protosynthesisspe\n|turn|10\n|inactive|snotnosezill has 20 seconds left this turn.\n|inactive|snotnosezill has 15 seconds left.\n|inactive|snotnosezill has 10 seconds left.\n|inactive|KerosenPlan has 120 seconds left.\n|\n|t:|1700226758\n|move|p1a: Walking Wake|Hydro Steam|p2a: Zootopia Character\n|-supereffective|p2a: Zootopia Character\n|-damage|p2a: Zootopia Character|0 fnt\n|faint|p2a: Zootopia Character\n|\n|-weather|SunnyDay|[upkeep]\n|upkeep\n|inactive|snotnosezill has 15 seconds left this turn.\n|inactive|KerosenPlan has 120 seconds left.\n|\n|t:|1700226772\n|switch|p2a: Lawn Mower|Meowscarada, F, shiny|100\/100\n|turn|11\n|inactive|snotnosezill has 25 seconds left this turn.\n|inactive|snotnosezill has 20 seconds left.\n|inactive|snotnosezill has 15 seconds left.\n|inactive|snotnosezill has 10 seconds left.\n|inactive|snotnosezill has 5 seconds left.\n|\n|t:|1700226796\n|move|p1a: Walking Wake|Dragon Pulse|p2a: Lawn Mower\n|-damage|p2a: Lawn Mower|46\/100\n|move|p2a: Lawn Mower|Leech Seed|p1a: Walking Wake\n|-start|p1a: Walking Wake|move: Leech Seed\n|\n|-weather|SunnyDay|[upkeep]\n|-heal|p2a: Lawn Mower|52\/100|[from] item: Leftovers\n|-damage|p1a: Walking Wake|88\/100|[from] Leech Seed|[of] p2a: Lawn Mower\n|-heal|p2a: Lawn Mower|64\/100|[silent]\n|upkeep\n|turn|12\n|inactive|snotnosezill has 15 seconds left this turn.\n|inactive|snotnosezill has 10 seconds left.\n|\n|t:|1700226808\n|move|p1a: Walking Wake|Dragon Pulse|p2a: Lawn Mower\n|-damage|p2a: Lawn Mower|8\/100\n|move|p2a: Lawn Mower|Trailblaze|p1a: Walking Wake\n|-damage|p1a: Walking Wake|59\/100\n|-boost|p2a: Lawn Mower|spe|1\n|\n|-weather|none\n|-end|p1a: Walking Wake|Protosynthesis\n|-heal|p2a: Lawn Mower|14\/100|[from] item: Leftovers\n|-damage|p1a: Walking Wake|47\/100|[from] Leech Seed|[of] p2a: Lawn Mower\n|-heal|p2a: Lawn Mower|26\/100|[silent]\n|upkeep\n|-enditem|p1a: Walking Wake|Booster Energy\n|-activate|p1a: Walking Wake|ability: Protosynthesis|[fromitem]\n|-start|p1a: Walking Wake|protosynthesisspe\n|turn|13\n|inactive|snotnosezill has 20 seconds left this turn.\n|inactive|snotnosezill has 15 seconds left.\n|inactive|snotnosezill has 10 seconds left.\n|\n|t:|1700226822\n|move|p2a: Lawn Mower|Toxic Spikes|p1a: Walking Wake\n|-sidestart|p1: snotnosezill|move: Toxic Spikes\n|move|p1a: Walking Wake|Dragon Pulse|p2a: Lawn Mower\n|-damage|p2a: Lawn Mower|0 fnt\n|faint|p2a: Lawn Mower\n|\n|upkeep\n|inactive|snotnosezill has 15 seconds left this turn.\n|\n|t:|1700226830\n|switch|p2a: Annoying Cup|Sinistcha, shiny|100\/100\n|turn|14\n|inactive|snotnosezill has 25 seconds left this turn.\n|inactive|snotnosezill has 20 seconds left.\n|inactive|snotnosezill has 15 seconds left.\n|\n|t:|1700226840\n|-end|p1a: Walking Wake|Protosynthesis|[silent]\n|switch|p1a: Ninetales|Ninetales, M|87\/100\n|-status|p1a: Ninetales|psn\n|-weather|SunnyDay|[from] ability: Drought|[of] p1a: Ninetales\n|-terastallize|p2a: Annoying Cup|Grass\n|move|p2a: Annoying Cup|Energy Ball|p1a: Ninetales\n|-resisted|p1a: Ninetales\n|-damage|p1a: Ninetales|54\/100 psn\n|\n|-weather|SunnyDay|[upkeep]\n|-damage|p1a: Ninetales|42\/100 psn|[from] psn\n|upkeep\n|turn|15\n|inactive|snotnosezill has 25 seconds left this turn.\n|inactive|snotnosezill has 20 seconds left.\n|inactive|snotnosezill has 15 seconds left.\n|inactive|snotnosezill has 10 seconds left.\n|inactive|KerosenPlan has 120 seconds left.\n|\n|t:|1700226862\n|move|p1a: Ninetales|Overheat|p2a: Annoying Cup\n|-supereffective|p2a: Annoying Cup\n|-damage|p2a: Annoying Cup|28\/100\n|-unboost|p1a: Ninetales|spa|2\n|move|p2a: Annoying Cup|Stun Spore||[still]\n|-fail|p2a: Annoying Cup\n|\n|-weather|SunnyDay|[upkeep]\n|-damage|p1a: Ninetales|30\/100 psn|[from] psn\n|upkeep\n|turn|16\n|inactive|snotnosezill has 20 seconds left this turn.\n|inactive|snotnosezill has 15 seconds left.\n|inactive|snotnosezill has 10 seconds left.\n|inactive|snotnosezill has 5 seconds left.\n|\n|t:|1700226877\n|move|p1a: Ninetales|Healing Wish|p1a: Ninetales\n|faint|p1a: Ninetales\n|move|p2a: Annoying Cup|Strength Sap|p1: Ninetales|[notarget]\n|-fail|p2a: Annoying Cup\n|\n|-weather|SunnyDay|[upkeep]\n|upkeep\n|inactive|snotnosezill has 10 seconds left this turn.\n|inactive|snotnosezill has 5 seconds left.\n|\n|t:|1700226885\n|switch|p1a: Walking Wake|Walking Wake|47\/100\n|-heal|p1a: Walking Wake|100\/100|[from] move: Healing Wish\n|-status|p1a: Walking Wake|psn\n|-activate|p1a: Walking Wake|ability: Protosynthesis\n|-start|p1a: Walking Wake|protosynthesisspe\n|turn|17\n|inactive|snotnosezill has 15 seconds left this turn.\n|inactive|snotnosezill has 10 seconds left.\n|\n|t:|1700226892\n|move|p1a: Walking Wake|Dragon Pulse|p2a: Annoying Cup\n|-damage|p2a: Annoying Cup|0 fnt\n|faint|p2a: Annoying Cup\n|\n|-weather|SunnyDay|[upkeep]\n|-damage|p1a: Walking Wake|88\/100 psn|[from] psn\n|upkeep\n|inactive|snotnosezill has 15 seconds left this turn.\n|\n|t:|1700226899\n|switch|p2a: Ice Age|Mamoswine, M|100\/100\n|turn|18\n|inactive|snotnosezill has 25 seconds left this turn.\n|inactive|snotnosezill has 20 seconds left.\n|inactive|snotnosezill has 15 seconds left.\n|\n|t:|1700226909\n|move|p1a: Walking Wake|Dragon Pulse|p2a: Ice Age\n|-damage|p2a: Ice Age|44\/100\n|move|p2a: Ice Age|Earthquake|p1a: Walking Wake\n|-damage|p1a: Walking Wake|43\/100 psn\n|-heal|p2a: Ice Age|48\/100|[from] item: Shell Bell|[of] p1a: Walking Wake\n|\n|-weather|SunnyDay|[upkeep]\n|-damage|p1a: Walking Wake|31\/100 psn|[from] psn\n|upkeep\n|turn|19\n|inactive|snotnosezill has 25 seconds left this turn.\n|inactive|snotnosezill has 20 seconds left.\n|\n|t:|1700226919\n|move|p1a: Walking Wake|Dragon Pulse|p2a: Ice Age\n|-damage|p2a: Ice Age|0 fnt\n|faint|p2a: Ice Age\n|\n|win|snotnosezill\n|inactive|snotnosezill has 25 seconds left this turn.\n|raw|snotnosezill's rating: 1091 &rarr; <strong>1114<\/strong><br \/>(+23 for winning)\n|raw|KerosenPlan's rating: 1046 &rarr; <strong>1031<\/strong><br \/>(-15 for losing)\n|l|\u2606KerosenPlan\n","uploadtime":1700226926,"views":9,"p1id":"snotnosezill","p2id":"kerosenplan","formatid":"gen9ou","rating":1031,"private":0,"password":""}