{"id":"gen9ou-1991615954","p1":"klTr4fRFiXFS4IY6j9","p2":"Seanl6Eighty","format":"[Gen 9] OU","log":"|j|\u2606klTr4fRFiXFS4IY6j9\n|j|\u2606Seanl6Eighty\n|t:|1700094575\n|gametype|singles\n|player|p1|klTr4fRFiXFS4IY6j9|1|1000\n|player|p2|Seanl6Eighty|youngster-gen4dp|1101\n|teamsize|p1|6\n|teamsize|p2|6\n|gen|9\n|tier|[Gen 9] OU\n|rated|\n|rule|Sleep Clause Mod: Limit one foe put to sleep\n|rule|Species Clause: Limit one of each Pok\u00e9mon\n|rule|OHKO Clause: OHKO moves are banned\n|rule|Evasion Items Clause: Evasion items are banned\n|rule|Evasion Moves Clause: Evasion moves are banned\n|rule|Endless Battle Clause: Forcing endless battles is banned\n|rule|HP Percentage Mod: HP is shown in percentages\n|clearpoke\n|poke|p1|Manaphy|\n|poke|p1|Kingambit, F|\n|poke|p1|Ribombee, M|\n|poke|p1|Gholdengo|\n|poke|p1|Iron Moth|\n|poke|p1|Ogerpon-Wellspring, F|\n|poke|p2|Clefable, F|\n|poke|p2|Trevenant, M|\n|poke|p2|Quagsire, F|\n|poke|p2|Talonflame, F|\n|poke|p2|Grafaiai, M|\n|poke|p2|Haxorus, M|\n|teampreview\n|inactive|Battle timer is ON: inactive players will automatically lose when time's up. (requested by klTr4fRFiXFS4IY6j9)\n|inactive|Seanl6Eighty also wants the timer to be on.\n|\n|t:|1700094581\n|start\n|switch|p1a: Ribombee|Ribombee, M, shiny|100\/100\n|switch|p2a: Grafaiai|Grafaiai, M|100\/100\n|turn|1\n|\n|t:|1700094587\n|move|p1a: Ribombee|Sticky Web|p2a: Grafaiai\n|-sidestart|p2: Seanl6Eighty|move: Sticky Web\n|move|p2a: Grafaiai|Knock Off|p1a: Ribombee\n|-resisted|p1a: Ribombee\n|-damage|p1a: Ribombee|81\/100\n|-enditem|p1a: Ribombee|Focus Sash|[from] move: Knock Off|[of] p2a: Grafaiai\n|\n|upkeep\n|turn|2\n|\n|t:|1700094592\n|switch|p1a: Kingambit|Kingambit, F|100\/100\n|move|p2a: Grafaiai|Parting Shot|p1a: Kingambit\n|-unboost|p1a: Kingambit|atk|1\n|-unboost|p1a: Kingambit|spa|1\n|\n|t:|1700094601\n|switch|p2a: Trevenant|Trevenant, M|100\/100|[from] Parting Shot\n|-activate|p2a: Trevenant|move: Sticky Web\n|-unboost|p2a: Trevenant|spe|1\n|\n|upkeep\n|turn|3\n|\n|t:|1700094610\n|move|p1a: Kingambit|Kowtow Cleave|p2a: Trevenant\n|-supereffective|p2a: Trevenant\n|-damage|p2a: Trevenant|7\/100\n|move|p2a: Trevenant|Leech Seed|p1a: Kingambit\n|-start|p1a: Kingambit|move: Leech Seed\n|\n|-damage|p1a: Kingambit|88\/100|[from] Leech Seed|[of] p2a: Trevenant\n|-heal|p2a: Trevenant|19\/100|[silent]\n|upkeep\n|turn|4\n|\n|t:|1700094617\n|-end|p1a: Kingambit|fallenundefined|[silent]\n|switch|p1a: Ribombee|Ribombee, M, shiny|81\/100\n|move|p2a: Trevenant|Protect||[still]\n|-fail|p2a: Trevenant\n|\n|upkeep\n|turn|5\n|\n|t:|1700094622\n|move|p1a: Ribombee|Moonblast|p2a: Trevenant\n|-damage|p2a: Trevenant|0 fnt\n|faint|p2a: Trevenant\n|\n|upkeep\n|\n|t:|1700094629\n|switch|p2a: Grafaiai|Grafaiai, M|100\/100\n|-activate|p2a: Grafaiai|move: Sticky Web\n|-unboost|p2a: Grafaiai|spe|1\n|turn|6\n|\n|t:|1700094634\n|move|p1a: Ribombee|Psychic|p2a: Grafaiai\n|-supereffective|p2a: Grafaiai\n|-damage|p2a: Grafaiai|31\/100\n|-unboost|p2a: Grafaiai|spd|1\n|move|p2a: Grafaiai|Swagger|p1a: Ribombee\n|-boost|p1a: Ribombee|atk|2\n|-start|p1a: Ribombee|confusion\n|\n|upkeep\n|turn|7\n|\n|t:|1700094644\n|-activate|p1a: Ribombee|confusion\n|move|p1a: Ribombee|Psychic|p2a: Grafaiai\n|-supereffective|p2a: Grafaiai\n|-crit|p2a: Grafaiai\n|-damage|p2a: Grafaiai|0 fnt\n|faint|p2a: Grafaiai\n|\n|upkeep\n|\n|t:|1700094650\n|switch|p2a: Talonflame|Talonflame, F|100\/100\n|turn|8\n|\n|t:|1700094654\n|move|p2a: Talonflame|Swords Dance|p2a: Talonflame\n|-boost|p2a: Talonflame|atk|2\n|-activate|p1a: Ribombee|confusion\n|move|p1a: Ribombee|Stun Spore|p2a: Talonflame|[miss]\n|-miss|p1a: Ribombee|p2a: Talonflame\n|\n|upkeep\n|turn|9\n|\n|t:|1700094661\n|move|p2a: Talonflame|Dual Wingbeat|p1a: Ribombee\n|-supereffective|p1a: Ribombee\n|-damage|p1a: Ribombee|0 fnt\n|faint|p1a: Ribombee\n|-hitcount|p1: Ribombee|1\n|\n|upkeep\n|\n|t:|1700094667\n|switch|p1a: Manaphy|Manaphy|100\/100\n|turn|10\n|\n|t:|1700094670\n|move|p2a: Talonflame|Dual Wingbeat|p1a: Manaphy\n|-damage|p1a: Manaphy|63\/100\n|-damage|p1a: Manaphy|29\/100\n|-hitcount|p1a: Manaphy|2\n|move|p1a: Manaphy|Scald|p2a: Talonflame\n|-supereffective|p2a: Talonflame\n|-damage|p2a: Talonflame|0 fnt\n|faint|p2a: Talonflame\n|\n|-heal|p1a: Manaphy|35\/100|[from] item: Leftovers\n|upkeep\n|\n|t:|1700094679\n|switch|p2a: Clefable|Clefable, F|100\/100\n|-activate|p2a: Clefable|move: Sticky Web\n|-unboost|p2a: Clefable|spe|1\n|turn|11\n|\n|t:|1700094684\n|switch|p1a: Gholdengo|Gholdengo|100\/100\n|-item|p1a: Gholdengo|Air Balloon\n|move|p2a: Clefable|Moonblast|p1a: Gholdengo\n|-resisted|p1a: Gholdengo\n|-damage|p1a: Gholdengo|69\/100\n|-unboost|p1a: Gholdengo|spa|1\n|-enditem|p1a: Gholdengo|Air Balloon\n|\n|upkeep\n|turn|12\n|\n|t:|1700094694\n|move|p1a: Gholdengo|Make It Rain|p2a: Clefable\n|-supereffective|p2a: Clefable\n|-damage|p2a: Clefable|24\/100\n|-unboost|p1a: Gholdengo|spa|1\n|move|p2a: Clefable|Calm Mind|p2a: Clefable\n|-boost|p2a: Clefable|spa|1\n|-boost|p2a: Clefable|spd|1\n|\n|upkeep\n|turn|13\n|\n|t:|1700094703\n|move|p1a: Gholdengo|Make It Rain|p2a: Clefable\n|-supereffective|p2a: Clefable\n|-damage|p2a: Clefable|0 fnt\n|-unboost|p1a: Gholdengo|spa|1\n|faint|p2a: Clefable\n|\n|upkeep\n|\n|t:|1700094710\n|switch|p2a: Haxorus|Haxorus, M|100\/100\n|-activate|p2a: Haxorus|move: Sticky Web\n|-unboost|p2a: Haxorus|spe|1\n|-ability|p2a: Haxorus|Mold Breaker\n|turn|14\n|\n|t:|1700094721\n|switch|p1a: Manaphy|Manaphy|35\/100\n|move|p2a: Haxorus|Scale Shot|p1a: Manaphy\n|-damage|p1a: Manaphy|21\/100\n|-damage|p1a: Manaphy|8\/100\n|-hitcount|p1a: Manaphy|2\n|-unboost|p2a: Haxorus|def|1\n|-boost|p2a: Haxorus|spe|1\n|\n|-heal|p1a: Manaphy|14\/100|[from] item: Leftovers\n|upkeep\n|turn|15\n|\n|t:|1700094730\n|move|p2a: Haxorus|Scale Shot|p1a: Manaphy\n|-damage|p1a: Manaphy|1\/100\n|-damage|p1a: Manaphy|0 fnt\n|faint|p1a: Manaphy\n|-hitcount|p1: Manaphy|2\n|-unboost|p2a: Haxorus|def|1\n|-boost|p2a: Haxorus|spe|1\n|\n|upkeep\n|\n|t:|1700094738\n|switch|p1a: Iron Moth|Iron Moth|100\/100\n|-enditem|p1a: Iron Moth|Booster Energy\n|-activate|p1a: Iron Moth|ability: Quark Drive|[fromitem]\n|-start|p1a: Iron Moth|quarkdrivespe\n|turn|16\n|\n|t:|1700094746\n|-terastallize|p1a: Iron Moth|Fairy\n|move|p1a: Iron Moth|Dazzling Gleam|p2a: Haxorus\n|-supereffective|p2a: Haxorus\n|-enditem|p2a: Haxorus|Focus Sash\n|-damage|p2a: Haxorus|1\/100\n|move|p2a: Haxorus|Earthquake|p1a: Iron Moth\n|-damage|p1a: Iron Moth|45\/100\n|\n|upkeep\n|turn|17\n|\n|t:|1700094754\n|move|p1a: Iron Moth|Fiery Dance|p2a: Haxorus\n|-resisted|p2a: Haxorus\n|-damage|p2a: Haxorus|0 fnt\n|-boost|p1a: Iron Moth|spa|1\n|faint|p2a: Haxorus\n|\n|upkeep\n|\n|t:|1700094759\n|switch|p2a: Quagsire|Quagsire, F|100\/100\n|-activate|p2a: Quagsire|move: Sticky Web\n|-unboost|p2a: Quagsire|spe|1\n|turn|18\n|\n|t:|1700094765\n|move|p1a: Iron Moth|Dazzling Gleam|p2a: Quagsire\n|-damage|p2a: Quagsire|53\/100\n|move|p2a: Quagsire|Toxic|p1a: Iron Moth\n|-status|p1a: Iron Moth|tox\n|\n|-heal|p2a: Quagsire|59\/100|[from] item: Leftovers\n|-damage|p1a: Iron Moth|39\/100 tox|[from] psn\n|upkeep\n|turn|19\n|\n|t:|1700094772\n|move|p1a: Iron Moth|Dazzling Gleam|p2a: Quagsire\n|-damage|p2a: Quagsire|8\/100\n|move|p2a: Quagsire|Recover|p2a: Quagsire\n|-heal|p2a: Quagsire|58\/100\n|\n|-heal|p2a: Quagsire|64\/100|[from] item: Leftovers\n|-damage|p1a: Iron Moth|27\/100 tox|[from] psn\n|upkeep\n|turn|20\n|\n|t:|1700094780\n|-end|p1a: Iron Moth|Quark Drive|[silent]\n|switch|p1a: Gholdengo|Gholdengo|69\/100\n|move|p2a: Quagsire|Recover|p2a: Quagsire\n|-heal|p2a: Quagsire|100\/100\n|\n|upkeep\n|turn|21\n|\n|t:|1700094785\n|move|p1a: Gholdengo|Shadow Ball|p2a: Quagsire\n|-damage|p2a: Quagsire|51\/100\n|move|p2a: Quagsire|Earthquake|p1a: Gholdengo\n|-supereffective|p1a: Gholdengo\n|-damage|p1a: Gholdengo|4\/100\n|\n|-heal|p2a: Quagsire|57\/100|[from] item: Leftovers\n|upkeep\n|turn|22\n|\n|t:|1700094792\n|move|p1a: Gholdengo|Shadow Ball|p2a: Quagsire\n|-damage|p2a: Quagsire|7\/100\n|move|p2a: Quagsire|Recover|p2a: Quagsire\n|-heal|p2a: Quagsire|57\/100\n|\n|-heal|p2a: Quagsire|63\/100|[from] item: Leftovers\n|upkeep\n|turn|23\n|\n|t:|1700094800\n|move|p1a: Gholdengo|Shadow Ball|p2a: Quagsire\n|-damage|p2a: Quagsire|11\/100\n|move|p2a: Quagsire|Earthquake|p1a: Gholdengo\n|-supereffective|p1a: Gholdengo\n|-damage|p1a: Gholdengo|0 fnt\n|faint|p1a: Gholdengo\n|\n|-heal|p2a: Quagsire|17\/100|[from] item: Leftovers\n|upkeep\n|\n|t:|1700094805\n|switch|p1a: Ogerpon|Ogerpon-Wellspring, F|100\/100\n|turn|24\n|\n|t:|1700094815\n|move|p1a: Ogerpon|Power Whip|p2a: Quagsire\n|-supereffective|p2a: Quagsire\n|-damage|p2a: Quagsire|0 fnt\n|faint|p2a: Quagsire\n|\n|win|klTr4fRFiXFS4IY6j9\n|raw|klTr4fRFiXFS4IY6j9's rating: 1000 &rarr; <strong>1051<\/strong><br \/>(+51 for winning)\n|raw|Seanl6Eighty's rating: 1101 &rarr; <strong>1069<\/strong><br \/>(-32 for losing)\n","uploadtime":1700094819,"views":6,"p1id":"kltr4frfixfs4iy6j9","p2id":"seanl6eighty","formatid":"gen9ou","rating":1051,"private":0,"password":""}