{"id":"gen9ou-2000008070","p1":"Darth Sicko","p2":"Mr.X&Y97","format":"[Gen 9] OU","log":"|j|\u2606Darth Sicko\n|j|\u2606Mr.X&Y97\n|t:|1701140529\n|gametype|singles\n|player|p1|Darth Sicko|will|1558\n|player|p2|Mr.X&Y97|marlon|1545\n|teamsize|p1|6\n|teamsize|p2|6\n|gen|9\n|tier|[Gen 9] OU\n|rated|\n|rule|Sleep Clause Mod: Limit one foe put to sleep\n|rule|Species Clause: Limit one of each Pok\u00e9mon\n|rule|OHKO Clause: OHKO moves are banned\n|rule|Evasion Items Clause: Evasion items are banned\n|rule|Evasion Moves Clause: Evasion moves are banned\n|rule|Endless Battle Clause: Forcing endless battles is banned\n|rule|HP Percentage Mod: HP is shown in percentages\n|clearpoke\n|poke|p1|Samurott-Hisui, M|\n|poke|p1|Great Tusk|\n|poke|p1|Sinistcha|\n|poke|p1|Cinderace, M|\n|poke|p1|Landorus-Therian, M|\n|poke|p1|Goodra-Hisui, F|\n|poke|p2|Torkoal, F|\n|poke|p2|Great Tusk|\n|poke|p2|Walking Wake|\n|poke|p2|Sandy Shocks|\n|poke|p2|Slither Wing|\n|poke|p2|Lilligant-Hisui, F|\n|teampreview\n|inactive|Battle timer is ON: inactive players will automatically lose when time's up. (requested by Mr.X&Y97)\n|\n|t:|1701140538\n|start\n|switch|p1a: Landorus|Landorus-Therian, M|100\/100\n|switch|p2a: Torkoal|Torkoal, F|100\/100\n|-ability|p1a: Landorus|Intimidate|boost\n|-unboost|p2a: Torkoal|atk|1\n|-weather|SunnyDay|[from] ability: Drought|[of] p2a: Torkoal\n|turn|1\n|\n|t:|1701140543\n|move|p1a: Landorus|Stealth Rock|p2a: Torkoal\n|-sidestart|p2: Mr.X&Y97|move: Stealth Rock\n|move|p2a: Torkoal|Yawn|p1a: Landorus\n|-start|p1a: Landorus|move: Yawn|[of] p2a: Torkoal\n|\n|-weather|SunnyDay|[upkeep]\n|upkeep\n|turn|2\n|\n|t:|1701140548\n|move|p1a: Landorus|Earthquake|p2a: Torkoal\n|-supereffective|p2a: Torkoal\n|-damage|p2a: Torkoal|42\/100\n|move|p2a: Torkoal|Stealth Rock|p1a: Landorus\n|-sidestart|p1: Darth Sicko|move: Stealth Rock\n|\n|-weather|SunnyDay|[upkeep]\n|-end|p1a: Landorus|move: Yawn|[silent]\n|-status|p1a: Landorus|slp\n|upkeep\n|turn|3\n|\n|t:|1701140554\n|switch|p1a: Cinderace|Cinderace, M|100\/100\n|move|p2a: Torkoal|Rapid Spin|p1a: Cinderace\n|-damage|p1a: Cinderace|93\/100\n|-boost|p2a: Torkoal|spe|1\n|-sideend|p2: Mr.X&Y97|Stealth Rock|[from] move: Rapid Spin|[of] p2a: Torkoal\n|\n|-weather|SunnyDay|[upkeep]\n|upkeep\n|turn|4\n|\n|t:|1701140566\n|switch|p2a: Sandy Shocks|Sandy Shocks|100\/100\n|-activate|p2a: Sandy Shocks|ability: Protosynthesis\n|-start|p2a: Sandy Shocks|protosynthesisspa\n|move|p1a: Cinderace|Court Change|p1a: Cinderace\n|-start|p1a: Cinderace|typechange|Normal|[from] ability: Libero\n|-swapsideconditions\n|-activate|p1a: Cinderace|move: Court Change\n|\n|-weather|SunnyDay|[upkeep]\n|upkeep\n|turn|5\n|inactive|Mr.X&Y97 has 120 seconds left.\n|\n|t:|1701140599\n|switch|p1a: Landorus|Landorus-Therian, M|100\/100 slp\n|-ability|p1a: Landorus|Intimidate|boost\n|-unboost|p2a: Sandy Shocks|atk|1\n|move|p2a: Sandy Shocks|Thunderbolt|p1a: Landorus\n|-immune|p1a: Landorus\n|\n|-weather|SunnyDay|[upkeep]\n|upkeep\n|turn|6\n|\n|t:|1701140604\n|-terastallize|p2a: Sandy Shocks|Ice\n|move|p2a: Sandy Shocks|Tera Blast|p1a: Landorus|[anim] Tera Blast Ice\n|-supereffective|p1a: Landorus\n|-damage|p1a: Landorus|0 fnt\n|faint|p1a: Landorus\n|\n|-weather|SunnyDay|[upkeep]\n|upkeep\n|\n|t:|1701140613\n|switch|p1a: Cinderace|Cinderace, M|93\/100\n|turn|7\n|\n|t:|1701140618\n|-end|p2a: Sandy Shocks|Protosynthesis|[silent]\n|switch|p2a: Walking Wake|Walking Wake|100\/100\n|-damage|p2a: Walking Wake|88\/100|[from] Stealth Rock\n|-activate|p2a: Walking Wake|ability: Protosynthesis\n|-start|p2a: Walking Wake|protosynthesisspe\n|move|p1a: Cinderace|Pyro Ball|p2a: Walking Wake|[miss]\n|-miss|p1a: Cinderace|p2a: Walking Wake\n|\n|-weather|SunnyDay|[upkeep]\n|upkeep\n|turn|8\n|\n|t:|1701140625\n|switch|p1a: Goodra|Goodra-Hisui, F|100\/100\n|move|p2a: Walking Wake|Hydro Steam|p1a: Goodra\n|-resisted|p1a: Goodra\n|-damage|p1a: Goodra|78\/100\n|\n|-weather|none\n|-end|p2a: Walking Wake|Protosynthesis\n|upkeep\n|turn|9\n|\n|t:|1701140637\n|-end|p2a: Walking Wake|Protosynthesis|[silent]\n|switch|p2a: Torkoal|Torkoal, F|42\/100\n|-damage|p2a: Torkoal|17\/100|[from] Stealth Rock\n|-weather|SunnyDay|[from] ability: Drought|[of] p2a: Torkoal\n|move|p1a: Goodra|Dragon Tail|p2a: Torkoal\n|-damage|p2a: Torkoal|7\/100\n|drag|p2a: Great Tusk|Great Tusk|100\/100\n|-damage|p2a: Great Tusk|97\/100|[from] Stealth Rock\n|-activate|p2a: Great Tusk|ability: Protosynthesis\n|-start|p2a: Great Tusk|protosynthesisspe\n|\n|-weather|SunnyDay|[upkeep]\n|upkeep\n|turn|10\n|\n|t:|1701140651\n|switch|p1a: Sinistcha|Sinistcha|100\/100\n|move|p2a: Great Tusk|Ice Spinner|p1a: Sinistcha\n|-supereffective|p1a: Sinistcha\n|-crit|p1a: Sinistcha\n|-damage|p1a: Sinistcha|20\/100\n|\n|-weather|SunnyDay|[upkeep]\n|upkeep\n|turn|11\n|\n|t:|1701140658\n|move|p2a: Great Tusk|Ice Spinner|p1a: Sinistcha\n|-supereffective|p1a: Sinistcha\n|-crit|p1a: Sinistcha\n|-damage|p1a: Sinistcha|0 fnt\n|faint|p1a: Sinistcha\n|\n|-weather|SunnyDay|[upkeep]\n|upkeep\n|\n|t:|1701140663\n|switch|p1a: Cinderace|Cinderace, M|93\/100\n|turn|12\n|\n|t:|1701140669\n|-end|p2a: Great Tusk|Protosynthesis|[silent]\n|switch|p2a: Torkoal|Torkoal, F|7\/100\n|-damage|p2a: Torkoal|0 fnt|[from] Stealth Rock\n|faint|p2a: Torkoal\n|move|p1a: Cinderace|Will-O-Wisp|p2: Torkoal|[notarget]\n|-fail|p1a: Cinderace\n|\n|-weather|SunnyDay|[upkeep]\n|upkeep\n|\n|t:|1701140676\n|switch|p2a: Slither Wing|Slither Wing|100\/100\n|-damage|p2a: Slither Wing|88\/100|[from] Stealth Rock\n|-activate|p2a: Slither Wing|ability: Protosynthesis\n|-start|p2a: Slither Wing|protosynthesisatk\n|turn|13\n|\n|t:|1701140682\n|move|p2a: Slither Wing|Close Combat|p1a: Cinderace\n|-damage|p1a: Cinderace|0 fnt\n|-unboost|p2a: Slither Wing|def|1\n|-unboost|p2a: Slither Wing|spd|1\n|faint|p1a: Cinderace\n|\n|-weather|SunnyDay|[upkeep]\n|upkeep\n|\n|t:|1701140686\n|switch|p1a: Great Tusk|Great Tusk|100\/100\n|-activate|p1a: Great Tusk|ability: Protosynthesis\n|-start|p1a: Great Tusk|protosynthesisspe\n|turn|14\n|\n|t:|1701140704\n|-terastallize|p1a: Great Tusk|Poison\n|move|p1a: Great Tusk|Rapid Spin|p2a: Slither Wing\n|-damage|p2a: Slither Wing|57\/100\n|-boost|p1a: Great Tusk|spe|1\n|move|p2a: Slither Wing|Close Combat|p1a: Great Tusk\n|-resisted|p1a: Great Tusk\n|-damage|p1a: Great Tusk|74\/100\n|-unboost|p2a: Slither Wing|def|1\n|-unboost|p2a: Slither Wing|spd|1\n|\n|-weather|SunnyDay|[upkeep]\n|upkeep\n|turn|15\n|\n|t:|1701140712\n|-end|p2a: Slither Wing|Protosynthesis|[silent]\n|switch|p2a: Great Tusk|Great Tusk|97\/100\n|-damage|p2a: Great Tusk|94\/100|[from] Stealth Rock\n|-activate|p2a: Great Tusk|ability: Protosynthesis\n|-start|p2a: Great Tusk|protosynthesisspe\n|move|p1a: Great Tusk|Bulk Up|p1a: Great Tusk\n|-boost|p1a: Great Tusk|atk|1\n|-boost|p1a: Great Tusk|def|1\n|\n|-weather|SunnyDay|[upkeep]\n|upkeep\n|turn|16\n|\n|t:|1701140717\n|move|p1a: Great Tusk|Ice Spinner|p2a: Great Tusk\n|-supereffective|p2a: Great Tusk\n|-damage|p2a: Great Tusk|50\/100\n|move|p2a: Great Tusk|Headlong Rush|p1a: Great Tusk\n|-supereffective|p1a: Great Tusk\n|-damage|p1a: Great Tusk|14\/100\n|-unboost|p2a: Great Tusk|def|1\n|-unboost|p2a: Great Tusk|spd|1\n|\n|-weather|none\n|-end|p1a: Great Tusk|Protosynthesis\n|-end|p2a: Great Tusk|Protosynthesis\n|upkeep\n|-enditem|p1a: Great Tusk|Booster Energy\n|-activate|p1a: Great Tusk|ability: Protosynthesis|[fromitem]\n|-start|p1a: Great Tusk|protosynthesisspe\n|turn|17\n|\n|t:|1701140723\n|move|p1a: Great Tusk|Ice Spinner|p2a: Great Tusk\n|-supereffective|p2a: Great Tusk\n|-damage|p2a: Great Tusk|0 fnt\n|faint|p2a: Great Tusk\n|-end|p2a: Great Tusk|Protosynthesis|[silent]\n|\n|upkeep\n|inactive|Mr.X&Y97 has 120 seconds left.\n|\n|t:|1701140758\n|switch|p2a: Walking Wake|Walking Wake|88\/100\n|-damage|p2a: Walking Wake|76\/100|[from] Stealth Rock\n|turn|18\n|\n|t:|1701140765\n|move|p1a: Great Tusk|Headlong Rush|p2a: Walking Wake\n|-damage|p2a: Walking Wake|0 fnt\n|-unboost|p1a: Great Tusk|def|1\n|-unboost|p1a: Great Tusk|spd|1\n|faint|p2a: Walking Wake\n|-end|p2a: Walking Wake|Protosynthesis|[silent]\n|\n|upkeep\n|inactive|Mr.X&Y97 has 120 seconds left.\n|\n|t:|1701140805\n|switch|p2a: Slither Wing|Slither Wing|57\/100\n|-damage|p2a: Slither Wing|45\/100|[from] Stealth Rock\n|turn|19\n|\n|t:|1701140811\n|move|p2a: Slither Wing|First Impression|p1a: Great Tusk\n|-resisted|p1a: Great Tusk\n|-damage|p1a: Great Tusk|0 fnt\n|faint|p1a: Great Tusk\n|-end|p1a: Great Tusk|Protosynthesis|[silent]\n|\n|upkeep\n|\n|t:|1701140817\n|switch|p1a: Samurott|Samurott-Hisui, M|100\/100\n|turn|20\n|\n|t:|1701140826\n|-end|p2a: Slither Wing|Protosynthesis|[silent]\n|switch|p2a: Lilligant|Lilligant-Hisui, F|100\/100\n|-damage|p2a: Lilligant|94\/100|[from] Stealth Rock\n|move|p1a: Samurott|Swords Dance|p1a: Samurott\n|-boost|p1a: Samurott|atk|2\n|\n|-heal|p2a: Lilligant|100\/100|[from] item: Leftovers\n|upkeep\n|turn|21\n|inactive|Mr.X&Y97 has 120 seconds left.\n|\n|t:|1701140831\n|move|p1a: Samurott|Aqua Jet|p2a: Lilligant\n|-resisted|p2a: Lilligant\n|-damage|p2a: Lilligant|62\/100\n|move|p2a: Lilligant|Sleep Powder|p1a: Samurott\n|-status|p1a: Samurott|slp|[from] move: Sleep Powder\n|\n|-heal|p2a: Lilligant|68\/100|[from] item: Leftovers\n|upkeep\n|turn|22\n|\n|t:|1701140841\n|move|p2a: Lilligant|Close Combat|p1a: Samurott\n|-supereffective|p1a: Samurott\n|-damage|p1a: Samurott|0 fnt\n|-unboost|p2a: Lilligant|def|1\n|-unboost|p2a: Lilligant|spd|1\n|faint|p1a: Samurott\n|\n|-heal|p2a: Lilligant|74\/100|[from] item: Leftovers\n|upkeep\n|\n|t:|1701140844\n|switch|p1a: Goodra|Goodra-Hisui, F|78\/100\n|turn|23\n|\n|t:|1701140846\n|move|p2a: Lilligant|Sleep Powder|p1a: Goodra\n|-status|p1a: Goodra|slp|[from] move: Sleep Powder\n|cant|p1a: Goodra|slp\n|\n|-heal|p2a: Lilligant|80\/100|[from] item: Leftovers\n|upkeep\n|turn|24\n|\n|t:|1701140849\n|move|p2a: Lilligant|Victory Dance|p2a: Lilligant\n|-boost|p2a: Lilligant|atk|1\n|-boost|p2a: Lilligant|def|1\n|-boost|p2a: Lilligant|spe|1\n|cant|p1a: Goodra|slp\n|\n|-heal|p2a: Lilligant|86\/100|[from] item: Leftovers\n|upkeep\n|turn|25\n|\n|t:|1701140851\n|move|p2a: Lilligant|Close Combat|p1a: Goodra\n|-supereffective|p1a: Goodra\n|-damage|p1a: Goodra|0 fnt\n|-unboost|p2a: Lilligant|def|1\n|-unboost|p2a: Lilligant|spd|1\n|-ability|p1a: Goodra|Gooey\n|-unboost|p2a: Lilligant|spe|1\n|faint|p1a: Goodra\n|\n|win|Mr.X&Y97\n|raw|Darth Sicko's rating: 1558 &rarr; <strong>1537<\/strong><br \/>(-21 for losing)\n|raw|Mr.X&amp;Y97's rating: 1545 &rarr; <strong>1566<\/strong><br \/>(+21 for winning)\n|l|\u2606Darth Sicko\n|c|\u2606Mr.X&Y97|Ggs wp!\n","uploadtime":1701140859,"views":4,"p1id":"darthsicko","p2id":"mrxy97","formatid":"gen9ou","rating":1537,"private":0,"password":""}