{"id":"gen9ou-1992016214","p1":"KakunaBR","p2":"Yoink 0","format":"[Gen 9] OU","log":"|j|\u2606KakunaBR\n|j|\u2606Yoink 0\n|t:|1700147980\n|gametype|singles\n|player|p1|KakunaBR|veteran|1589\n|player|p2|Yoink 0|kukui|1600\n|teamsize|p1|6\n|teamsize|p2|6\n|gen|9\n|tier|[Gen 9] OU\n|rated|\n|rule|Sleep Clause Mod: Limit one foe put to sleep\n|rule|Species Clause: Limit one of each Pok\u00e9mon\n|rule|OHKO Clause: OHKO moves are banned\n|rule|Evasion Items Clause: Evasion items are banned\n|rule|Evasion Moves Clause: Evasion moves are banned\n|rule|Endless Battle Clause: Forcing endless battles is banned\n|rule|HP Percentage Mod: HP is shown in percentages\n|clearpoke\n|poke|p1|Gengar, M|\n|poke|p1|Dragonite, M|\n|poke|p1|Cinderace, M|\n|poke|p1|Greninja-*, M|\n|poke|p1|Zapdos|\n|poke|p1|Hawlucha, F|\n|poke|p2|Zamazenta-*|\n|poke|p2|Slowking-Galar, M|\n|poke|p2|Alomomola, F|\n|poke|p2|Kingambit, F|\n|poke|p2|Landorus-Therian, M|\n|poke|p2|Dragapult, F|\n|teampreview\n|\n|t:|1700147989\n|start\n|switch|p1a: Zapdos|Zapdos|100\/100\n|switch|p2a: Alomomola|Alomomola, F|100\/100\n|turn|1\n|j| AntiDinkus\n|\n|t:|1700147996\n|move|p1a: Zapdos|Volt Switch|p2a: Alomomola\n|-supereffective|p2a: Alomomola\n|-damage|p2a: Alomomola|12\/100\n|c|\u2606Yoink 0|hf\n|inactive|Battle timer is ON: inactive players will automatically lose when time's up. (requested by Yoink 0)\n|\n|t:|1700147999\n|switch|p1a: Gengar|Gengar, M|100\/100|[from] Volt Switch\n|move|p2a: Alomomola|Flip Turn|p1a: Gengar\n|-damage|p1a: Gengar|67\/100\n|\n|t:|1700148007\n|switch|p2a: Dragapult|Dragapult, F|100\/100|[from] Flip Turn\n|\n|upkeep\n|turn|2\n|\n|t:|1700148012\n|switch|p2a: Kingambit|Kingambit, F|100\/100\n|move|p1a: Gengar|Shadow Ball|p2a: Kingambit\n|-resisted|p2a: Kingambit\n|-damage|p2a: Kingambit|76\/100\n|-unboost|p2a: Kingambit|spd|1\n|\n|-heal|p2a: Kingambit|83\/100|[from] item: Leftovers\n|upkeep\n|turn|3\n|j| ccrespo85\n|inactive|Yoink 0 has 120 seconds left.\n|l| ccrespo85\n|\n|t:|1700148043\n|switch|p1a: Greninja|Greninja, M|100\/100\n|-end|p2a: Kingambit|fallenundefined|[silent]\n|switch|p2a: Slowking|Slowking-Galar, M|100\/100\n|\n|upkeep\n|turn|4\n|\n|t:|1700148047\n|move|p1a: Greninja|Dark Pulse|p2a: Slowking\n|-supereffective|p2a: Slowking\n|-crit|p2a: Slowking\n|-damage|p2a: Slowking|31\/100\n|move|p2a: Slowking|Thunder Wave|p1a: Greninja|[miss]\n|-miss|p2a: Slowking|p1a: Greninja\n|\n|upkeep\n|turn|5\n|c|\u2606Yoink 0|wp\n|\n|t:|1700148055\n|switch|p2a: Zamazenta|Zamazenta, shiny|100\/100\n|-ability|p2a: Zamazenta|Dauntless Shield|boost\n|-boost|p2a: Zamazenta|def|1\n|move|p1a: Greninja|Hydro Pump|p2a: Zamazenta\n|-crit|p2a: Zamazenta\n|-damage|p2a: Zamazenta|34\/100\n|\n|upkeep\n|turn|6\n|c| AntiDinkus|Unfortunate\n|\n|t:|1700148064\n|move|p1a: Greninja|Ice Beam|p2a: Zamazenta\n|-damage|p2a: Zamazenta|12\/100\n|-status|p2a: Zamazenta|frz\n|cant|p2a: Zamazenta|frz\n|\n|upkeep\n|turn|7\n|c|\u2606KakunaBR|lol\n|c|\u2606Yoink 0|lmaoooo\n|c| AntiDinkus|Bruh\n|\n|t:|1700148080\n|move|p1a: Greninja|Ice Beam|p2a: Zamazenta\n|-damage|p2a: Zamazenta|0 fnt\n|faint|p2a: Zamazenta\n|-ability|p1a: Greninja|Battle Bond|boost\n|-boost|p1a: Greninja|atk|1\n|-boost|p1a: Greninja|spa|1\n|-boost|p1a: Greninja|spe|1\n|-activate|p1a: Greninja|ability: Battle Bond\n|\n|upkeep\n|inactive|Yoink 0 has 120 seconds left.\n|\n|t:|1700148112\n|switch|p2a: Kingambit|Kingambit, F|83\/100\n|-activate|p2a: Kingambit|ability: Supreme Overlord\n|-start|p2a: Kingambit|fallen1|[silent]\n|turn|8\n|\n|t:|1700148133\n|-terastallize|p1a: Greninja|Water\n|move|p1a: Greninja|Hydro Pump|p2a: Kingambit\n|-damage|p2a: Kingambit|0 fnt\n|faint|p2a: Kingambit\n|-end|p2a: Kingambit|fallen1|[silent]\n|\n|upkeep\n|c|\u2606Yoink 0|gg i guess\n|inactive|Yoink 0 has 90 seconds left.\n|l| AntiDinkus\n|-message|Yoink 0 forfeited.\n|\n|win|KakunaBR\n|raw|KakunaBR's rating: 1589 &rarr; <strong>1610<\/strong><br \/>(+21 for winning)\n|raw|Yoink 0's rating: 1600 &rarr; <strong>1579<\/strong><br \/>(-21 for losing)\n|l|\u2606Yoink 0\n","uploadtime":1700148425,"views":19,"p1id":"kakunabr","p2id":"yoink0","formatid":"gen9ou","rating":1579,"private":0,"password":""}