{"id":"gen9ou-1989804286","p1":"Miss Cottoncandy","p2":"TaxesAreEvil","format":"[Gen 9] OU","log":"|j|\u2606Miss Cottoncandy\n|j|\u2606TaxesAreEvil\n|t:|1699897134\n|gametype|singles\n|player|p1|Miss Cottoncandy|caitlin|1059\n|player|p2|TaxesAreEvil|170|1140\n|teamsize|p1|6\n|teamsize|p2|6\n|gen|9\n|tier|[Gen 9] OU\n|rated|\n|rule|Sleep Clause Mod: Limit one foe put to sleep\n|rule|Species Clause: Limit one of each Pok\u00e9mon\n|rule|OHKO Clause: OHKO moves are banned\n|rule|Evasion Items Clause: Evasion items are banned\n|rule|Evasion Moves Clause: Evasion moves are banned\n|rule|Endless Battle Clause: Forcing endless battles is banned\n|rule|HP Percentage Mod: HP is shown in percentages\n|clearpoke\n|poke|p1|Diancie|\n|poke|p1|Hatterene, F|\n|poke|p1|Klefki, F|\n|poke|p1|Enamorus-Therian, F|\n|poke|p1|Slowking, F|\n|poke|p1|Maushold|\n|poke|p2|Eiscue, M|\n|poke|p2|Crawdaunt, F|\n|poke|p2|Ninetales-Alola, M|\n|poke|p2|Slowking-Galar, M|\n|poke|p2|Conkeldurr, F|\n|poke|p2|Glimmora, M|\n|teampreview\n|inactive|Battle timer is ON: inactive players will automatically lose when time's up. (requested by TaxesAreEvil)\n|inactive|Miss Cottoncandy has 120 seconds left.\n|\n|t:|1699897170\n|start\n|switch|p1a: Maushold|Maushold|100\/100\n|switch|p2a: Slowking|Slowking-Galar, M|100\/100\n|turn|1\n|\n|t:|1699897184\n|move|p1a: Maushold|Population Bomb|p2a: Slowking\n|-damage|p2a: Slowking|82\/100\n|-damage|p2a: Slowking|63\/100\n|-damage|p2a: Slowking|47\/100\n|-damage|p2a: Slowking|30\/100\n|-damage|p2a: Slowking|14\/100\n|-damage|p2a: Slowking|0 fnt\n|faint|p2a: Slowking\n|-hitcount|p2: Slowking|6\n|\n|upkeep\n|\n|t:|1699897196\n|switch|p2a: Conkeldurr|Conkeldurr, F|100\/100\n|turn|2\n|\n|t:|1699897213\n|switch|p1a: Klefki|Klefki, F|100\/100\n|move|p2a: Conkeldurr|Drain Punch|p1a: Klefki\n|-damage|p1a: Klefki|57\/100\n|\n|upkeep\n|turn|3\n|\n|t:|1699897226\n|move|p1a: Klefki|Reflect|p1a: Klefki\n|-sidestart|p1: Miss Cottoncandy|Reflect\n|move|p2a: Conkeldurr|Knock Off|p1a: Klefki\n|-resisted|p1a: Klefki\n|-damage|p1a: Klefki|49\/100\n|-enditem|p1a: Klefki|Toxic Orb|[from] move: Knock Off|[of] p2a: Conkeldurr\n|\n|upkeep\n|turn|4\n|\n|t:|1699897241\n|switch|p2a: Ninetales|Ninetales-Alola, M|100\/100\n|-weather|Snow|[from] ability: Snow Warning|[of] p2a: Ninetales\n|move|p1a: Klefki|Spikes|p2a: Ninetales\n|-sidestart|p2: TaxesAreEvil|Spikes\n|\n|-weather|Snow|[upkeep]\n|upkeep\n|turn|5\n|\n|t:|1699897251\n|move|p1a: Klefki|Spikes|p2a: Ninetales\n|-sidestart|p2: TaxesAreEvil|Spikes\n|move|p2a: Ninetales|Aurora Veil|p2a: Ninetales\n|-sidestart|p2: TaxesAreEvil|move: Aurora Veil\n|\n|-weather|Snow|[upkeep]\n|upkeep\n|turn|6\n|\n|t:|1699897257\n|move|p1a: Klefki|Spikes|p2a: Ninetales\n|-sidestart|p2: TaxesAreEvil|Spikes\n|move|p2a: Ninetales|Encore|p1a: Klefki\n|-start|p1a: Klefki|Encore\n|\n|-weather|Snow|[upkeep]\n|upkeep\n|turn|7\n|\n|t:|1699897269\n|switch|p1a: Slowking|Slowking, F|100\/100\n|move|p2a: Ninetales|Moonblast|p1a: Slowking\n|-damage|p1a: Slowking|77\/100\n|\n|-weather|Snow|[upkeep]\n|-heal|p1a: Slowking|83\/100|[from] item: Leftovers\n|-sideend|p1: Miss Cottoncandy|Reflect\n|upkeep\n|turn|8\n|\n|t:|1699897284\n|move|p2a: Ninetales|Moonblast|p1a: Slowking\n|-damage|p1a: Slowking|60\/100\n|move|p1a: Slowking|Yawn|p2a: Ninetales\n|-start|p2a: Ninetales|move: Yawn|[of] p1a: Slowking\n|\n|-weather|none\n|-heal|p1a: Slowking|66\/100|[from] item: Leftovers\n|upkeep\n|turn|9\n|\n|t:|1699897301\n|switch|p2a: Glimmora|Glimmora, M|100\/100\n|-damage|p2a: Glimmora|76\/100|[from] Spikes\n|move|p1a: Slowking|Surf|p2a: Glimmora\n|-supereffective|p2a: Glimmora\n|-damage|p2a: Glimmora|29\/100\n|\n|-heal|p2a: Glimmora|35\/100|[from] item: Leftovers\n|-heal|p1a: Slowking|72\/100|[from] item: Leftovers\n|upkeep\n|turn|10\n|\n|t:|1699897313\n|move|p2a: Glimmora|Mortal Spin|p1a: Slowking\n|-damage|p1a: Slowking|65\/100\n|-status|p1a: Slowking|psn\n|-sideend|p2: TaxesAreEvil|Spikes|[from] move: Mortal Spin|[of] p2a: Glimmora\n|move|p1a: Slowking|Surf|p2a: Glimmora\n|-supereffective|p2a: Glimmora\n|-damage|p2a: Glimmora|0 fnt\n|faint|p2a: Glimmora\n|\n|-heal|p1a: Slowking|71\/100 psn|[from] item: Leftovers\n|-damage|p1a: Slowking|58\/100 psn|[from] psn\n|upkeep\n|\n|t:|1699897332\n|switch|p2a: Crawdaunt|Crawdaunt, F|100\/100\n|turn|11\n|\n|t:|1699897338\n|move|p2a: Crawdaunt|Swords Dance|p2a: Crawdaunt\n|-boost|p2a: Crawdaunt|atk|2\n|move|p1a: Slowking|Yawn|p2a: Crawdaunt\n|-start|p2a: Crawdaunt|move: Yawn|[of] p1a: Slowking\n|\n|-heal|p1a: Slowking|64\/100 psn|[from] item: Leftovers\n|-damage|p1a: Slowking|52\/100 psn|[from] psn\n|upkeep\n|turn|12\n|\n|t:|1699897351\n|move|p2a: Crawdaunt|Knock Off|p1a: Slowking\n|-supereffective|p1a: Slowking\n|-damage|p1a: Slowking|0 fnt\n|-enditem|p1a: Slowking|Leftovers|[from] move: Knock Off|[of] p2a: Crawdaunt\n|faint|p1a: Slowking\n|\n|-end|p2a: Crawdaunt|move: Yawn|[silent]\n|-status|p2a: Crawdaunt|slp\n|-sideend|p2: TaxesAreEvil|move: Aurora Veil\n|upkeep\n|\n|t:|1699897364\n|switch|p1a: Klefki|Klefki, F|49\/100\n|turn|13\n|\n|t:|1699897385\n|move|p1a: Klefki|Switcheroo|p2a: Crawdaunt\n|-hint|Since gen 7, Dark is immune to Prankster moves.\n|-immune|p2a: Crawdaunt\n|cant|p2a: Crawdaunt|slp\n|\n|upkeep\n|turn|14\n|inactive|Miss Cottoncandy has 120 seconds left.\n|\n|t:|1699897415\n|move|p1a: Klefki|Reflect|p1a: Klefki\n|-sidestart|p1: Miss Cottoncandy|Reflect\n|cant|p2a: Crawdaunt|slp\n|\n|upkeep\n|turn|15\n|\n|t:|1699897440\n|move|p1a: Klefki|Spikes|p2a: Crawdaunt\n|-sidestart|p2: TaxesAreEvil|Spikes\n|-curestatus|p2a: Crawdaunt|slp|[msg]\n|move|p2a: Crawdaunt|Swords Dance|p2a: Crawdaunt\n|-boost|p2a: Crawdaunt|atk|2\n|\n|upkeep\n|turn|16\n|\n|t:|1699897456\n|move|p1a: Klefki|Spikes|p2a: Crawdaunt\n|-sidestart|p2: TaxesAreEvil|Spikes\n|move|p2a: Crawdaunt|Aqua Jet|p1a: Klefki\n|-damage|p1a: Klefki|13\/100\n|\n|upkeep\n|turn|17\n|\n|t:|1699897466\n|move|p1a: Klefki|Spikes|p2a: Crawdaunt\n|-sidestart|p2: TaxesAreEvil|Spikes\n|move|p2a: Crawdaunt|Swords Dance|p2a: Crawdaunt\n|-boost|p2a: Crawdaunt|atk|2\n|\n|upkeep\n|turn|18\n|inactive|Miss Cottoncandy has 90 seconds left.\n|\n|t:|1699897498\n|switch|p1a: Diancie|Diancie|100\/100\n|move|p2a: Crawdaunt|Aqua Jet|p1a: Diancie\n|-supereffective|p1a: Diancie\n|-damage|p1a: Diancie|36\/100\n|\n|-sideend|p1: Miss Cottoncandy|Reflect\n|upkeep\n|turn|19\n|inactive|Miss Cottoncandy has 90 seconds left.\n|\n|t:|1699897525\n|move|p2a: Crawdaunt|Aqua Jet|p1a: Diancie\n|-supereffective|p1a: Diancie\n|-damage|p1a: Diancie|0 fnt\n|faint|p1a: Diancie\n|\n|upkeep\n|\n|t:|1699897530\n|switch|p1a: Klefki|Klefki, F|13\/100\n|turn|20\n|\n|t:|1699897536\n|move|p1a: Klefki|Reflect|p1a: Klefki\n|-sidestart|p1: Miss Cottoncandy|Reflect\n|move|p2a: Crawdaunt|Aqua Jet|p1a: Klefki\n|-damage|p1a: Klefki|0 fnt\n|faint|p1a: Klefki\n|\n|upkeep\n|\n|t:|1699897543\n|switch|p1a: Enamorus|Enamorus-Therian, F|100\/100\n|turn|21\n|\n|t:|1699897550\n|-terastallize|p2a: Crawdaunt|Water\n|move|p2a: Crawdaunt|Crabhammer|p1a: Enamorus\n|-damage|p1a: Enamorus|0 fnt\n|faint|p1a: Enamorus\n|\n|upkeep\n|\n|t:|1699897567\n|switch|p1a: Maushold|Maushold|100\/100\n|turn|22\n|\n|t:|1699897572\n|move|p2a: Crawdaunt|Aqua Jet|p1a: Maushold\n|-damage|p1a: Maushold|5\/100\n|move|p1a: Maushold|Population Bomb|p2a: Crawdaunt\n|-damage|p2a: Crawdaunt|81\/100\n|-damage|p2a: Crawdaunt|64\/100\n|-damage|p2a: Crawdaunt|44\/100\n|-damage|p2a: Crawdaunt|24\/100\n|-damage|p2a: Crawdaunt|2\/100\n|-damage|p2a: Crawdaunt|0 fnt\n|faint|p2a: Crawdaunt\n|-hitcount|p2: Crawdaunt|6\n|\n|upkeep\n|\n|t:|1699897586\n|switch|p2a: Conkeldurr|Conkeldurr, F|100\/100\n|-damage|p2a: Conkeldurr|76\/100|[from] Spikes\n|turn|23\n|\n|t:|1699897595\n|move|p2a: Conkeldurr|Mach Punch|p1a: Maushold\n|-supereffective|p1a: Maushold\n|-damage|p1a: Maushold|0 fnt\n|faint|p1a: Maushold\n|\n|upkeep\n|\n|t:|1699897602\n|switch|p1a: Hatterene|Hatterene, F|100\/100\n|turn|24\n|inactive|Miss Cottoncandy has 90 seconds left.\n|\n|t:|1699897621\n|move|p2a: Conkeldurr|Knock Off|p1a: Hatterene\n|-damage|p1a: Hatterene|78\/100\n|-enditem|p1a: Hatterene|Leftovers|[from] move: Knock Off|[of] p2a: Conkeldurr\n|move|p1a: Hatterene|Substitute|p1a: Hatterene\n|-start|p1a: Hatterene|Substitute\n|-damage|p1a: Hatterene|53\/100\n|\n|-sideend|p1: Miss Cottoncandy|Reflect\n|upkeep\n|turn|25\n|\n|t:|1699897632\n|switch|p2a: Ninetales|Ninetales-Alola, M|100\/100\n|-damage|p2a: Ninetales|76\/100|[from] Spikes\n|-weather|Snow|[from] ability: Snow Warning|[of] p2a: Ninetales\n|move|p1a: Hatterene|Draining Kiss|p2a: Ninetales\n|-damage|p2a: Ninetales|45\/100\n|-heal|p1a: Hatterene|78\/100|[from] drain|[of] p2a: Ninetales\n|\n|-weather|Snow|[upkeep]\n|upkeep\n|turn|26\n|inactive|Miss Cottoncandy has 90 seconds left.\n|\n|t:|1699897644\n|move|p2a: Ninetales|Aurora Veil|p2a: Ninetales\n|-sidestart|p2: TaxesAreEvil|move: Aurora Veil\n|move|p1a: Hatterene|Calm Mind|p1a: Hatterene\n|-boost|p1a: Hatterene|spa|1\n|-boost|p1a: Hatterene|spd|1\n|\n|-weather|Snow|[upkeep]\n|upkeep\n|turn|27\n|inactive|Miss Cottoncandy has 90 seconds left.\n|\n|t:|1699897667\n|switch|p2a: Conkeldurr|Conkeldurr, F|76\/100\n|-damage|p2a: Conkeldurr|51\/100|[from] Spikes\n|move|p1a: Hatterene|Draining Kiss|p2a: Conkeldurr\n|-supereffective|p2a: Conkeldurr\n|-damage|p2a: Conkeldurr|19\/100\n|-heal|p1a: Hatterene|100\/100|[from] drain|[of] p2a: Conkeldurr\n|\n|-weather|Snow|[upkeep]\n|upkeep\n|turn|28\n|\n|t:|1699897690\n|-terastallize|p1a: Hatterene|Fairy\n|move|p2a: Conkeldurr|Thunder Punch|p1a: Hatterene\n|-end|p1a: Hatterene|Substitute\n|move|p1a: Hatterene|Draining Kiss|p2a: Conkeldurr\n|-supereffective|p2a: Conkeldurr\n|-damage|p2a: Conkeldurr|0 fnt\n|faint|p2a: Conkeldurr\n|\n|-weather|Snow|[upkeep]\n|upkeep\n|\n|t:|1699897698\n|switch|p2a: Eiscue|Eiscue, M|100\/100\n|-damage|p2a: Eiscue|76\/100|[from] Spikes\n|turn|29\n|\n|t:|1699897704\n|move|p2a: Eiscue|Icicle Spear|p1a: Hatterene\n|-damage|p1a: Hatterene|90\/100\n|-damage|p1a: Hatterene|78\/100\n|-damage|p1a: Hatterene|68\/100\n|-damage|p1a: Hatterene|57\/100\n|-damage|p1a: Hatterene|45\/100\n|-hitcount|p1a: Hatterene|5\n|move|p1a: Hatterene|Mystical Fire|p2a: Eiscue\n|-supereffective|p2a: Eiscue\n|-damage|p2a: Eiscue|16\/100\n|-unboost|p2a: Eiscue|spa|1\n|\n|-weather|none\n|upkeep\n|turn|30\n|\n|t:|1699897717\n|move|p2a: Eiscue|Icicle Spear|p1a: Hatterene\n|-crit|p1a: Hatterene\n|-damage|p1a: Hatterene|27\/100\n|-crit|p1a: Hatterene\n|-damage|p1a: Hatterene|9\/100\n|-damage|p1a: Hatterene|0 fnt\n|faint|p1a: Hatterene\n|-hitcount|p1: Hatterene|3\n|\n|win|TaxesAreEvil\n|raw|Miss Cottoncandy's rating: 1059 &rarr; <strong>1044<\/strong><br \/>(-15 for losing)\n|raw|TaxesAreEvil's rating: 1140 &rarr; <strong>1159<\/strong><br \/>(+19 for winning)\n|l|\u2606Miss Cottoncandy\n","uploadtime":1699897729,"views":8,"p1id":"misscottoncandy","p2id":"taxesareevil","formatid":"gen9ou","rating":1044,"private":0,"password":""}