{"id":"gen9ou-1988445073","p1":"ChimeBliss","p2":"TestingFE","format":"[Gen 9] OU","log":"|j|\u2606ChimeBliss\n|j|\u2606TestingFE\n|t:|1699723683\n|gametype|singles\n|player|p1|ChimeBliss|bianca-pwt|\n|player|p2|TestingFE|bianca|\n|teamsize|p1|1\n|teamsize|p2|2\n|gen|9\n|tier|[Gen 9] OU\n|rule|Sleep Clause Mod: Limit one foe put to sleep\n|rule|Species Clause: Limit one of each Pok\u00e9mon\n|rule|OHKO Clause: OHKO moves are banned\n|rule|Evasion Items Clause: Evasion items are banned\n|rule|Evasion Moves Clause: Evasion moves are banned\n|rule|Endless Battle Clause: Forcing endless battles is banned\n|rule|HP Percentage Mod: HP is shown in percentages\n|clearpoke\n|poke|p1|Zapdos|\n|poke|p2|Dipplin, M|\n|poke|p2|Blissey, F|\n|teampreview\n|inactive|Battle timer is ON: inactive players will automatically lose when time's up. (requested by ChimeBliss)\n|inactive|TestingFE also wants the timer to be on.\n|\n|t:|1699723688\n|start\n|switch|p1a: Zapdos|Zapdos|100\/100\n|switch|p2a: Dipplin|Dipplin, M|100\/100\n|-ability|p1a: Zapdos|Pressure\n|-ability|p2a: Dipplin|Supersweet Syrup\n|-ability|p2a: Dipplin|Supersweet Syrup|boost\n|-unboost|p1a: Zapdos|evasion|1\n|turn|1\n|\n|t:|1699723694\n|move|p1a: Zapdos|Swift|p2a: Dipplin\n|-damage|p2a: Dipplin|81\/100\n|move|p2a: Dipplin|Syrup Bomb|p1a: Zapdos\n|-resisted|p1a: Zapdos\n|-damage|p1a: Zapdos|91\/100\n|-start|p1a: Zapdos|Syrup Bomb\n|\n|-unboost|p1a: Zapdos|spe|1\n|upkeep\n|turn|2\n|\n|t:|1699723699\n|switch|p2a: Blissey|Blissey, F|100\/100\n|move|p1a: Zapdos|Swift|p2a: Blissey\n|-damage|p2a: Blissey|94\/100\n|\n|-unboost|p1a: Zapdos|spe|1\n|upkeep\n|turn|3\n|\n|t:|1699723703\n|switch|p2a: Dipplin|Dipplin, M|81\/100\n|move|p1a: Zapdos|Swift|p2a: Dipplin\n|-damage|p2a: Dipplin|63\/100\n|\n|-unboost|p1a: Zapdos|spe|1\n|upkeep\n|turn|4\n|\n|t:|1699723711\n|move|p2a: Dipplin|Recover|p2a: Dipplin\n|-heal|p2a: Dipplin|100\/100\n|move|p1a: Zapdos|Swift|p2a: Dipplin\n|-damage|p2a: Dipplin|83\/100\n|\n|-end|p1a: Zapdos|Syrup Bomb|[silent]\n|upkeep\n|turn|5\n|\n|t:|1699723715\n|move|p2a: Dipplin|Syrup Bomb|p1a: Zapdos\n|-resisted|p1a: Zapdos\n|-damage|p1a: Zapdos|82\/100\n|-start|p1a: Zapdos|Syrup Bomb\n|move|p1a: Zapdos|Swift|p2a: Dipplin\n|-crit|p2a: Dipplin\n|-damage|p2a: Dipplin|55\/100\n|\n|-unboost|p1a: Zapdos|spe|1\n|upkeep\n|turn|6\n|\n|t:|1699723722\n|move|p2a: Dipplin|Syrup Bomb|p1a: Zapdos\n|-resisted|p1a: Zapdos\n|-damage|p1a: Zapdos|73\/100\n|move|p1a: Zapdos|Hurricane|p2a: Dipplin\n|-supereffective|p2a: Dipplin\n|-damage|p2a: Dipplin|0 fnt\n|faint|p2a: Dipplin\n|\n|-unboost|p1a: Zapdos|spe|1\n|upkeep\n|\n|t:|1699723727\n|switch|p2a: Blissey|Blissey, F|94\/100\n|turn|7\n|inactive|ChimeBliss has 270 seconds left.\n|inactive|TestingFE has 270 seconds left.\n|inactive|ChimeBliss has 240 seconds left.\n|inactive|TestingFE has 240 seconds left.\n|inactive|ChimeBliss has 210 seconds left.\n|inactive|TestingFE has 210 seconds left.\n|\n|t:|1699723837\n|move|p2a: Blissey|Charm|p1a: Zapdos\n|-unboost|p1a: Zapdos|atk|2\n|move|p1a: Zapdos|Swift|p2a: Blissey\n|-damage|p2a: Blissey|88\/100\n|\n|-unboost|p1a: Zapdos|spe|1\n|upkeep\n|turn|8\n|\n|t:|1699723845\n|move|p2a: Blissey|Charm|p1a: Zapdos\n|-unboost|p1a: Zapdos|atk|2\n|move|p1a: Zapdos|Swift|p2a: Blissey\n|-damage|p2a: Blissey|81\/100\n|\n|-end|p1a: Zapdos|Syrup Bomb|[silent]\n|upkeep\n|turn|9\n|-message|ChimeBliss forfeited.\n|\n|win|TestingFE\n","uploadtime":1699723854,"views":42,"p1id":"chimebliss","p2id":"testingfe","formatid":"gen9ou","rating":0,"private":0,"password":""}