{"id":"gen9ou-1997772413","p1":"VanhominTest","p2":"whitepikmin","format":"[Gen 9] OU","log":"|j|\u2606VanhominTest\n|j|\u2606whitepikmin\n|t:|1700851027\n|gametype|singles\n|player|p1|VanhominTest|scientist-gen4|\n|player|p2|whitepikmin|wallace|\n|teamsize|p1|6\n|teamsize|p2|6\n|gen|9\n|tier|[Gen 9] OU\n|rule|Sleep Clause Mod: Limit one foe put to sleep\n|rule|Species Clause: Limit one of each Pok\u00e9mon\n|rule|OHKO Clause: OHKO moves are banned\n|rule|Evasion Items Clause: Evasion items are banned\n|rule|Evasion Moves Clause: Evasion moves are banned\n|rule|Endless Battle Clause: Forcing endless battles is banned\n|rule|HP Percentage Mod: HP is shown in percentages\n|clearpoke\n|poke|p1|Ditto|\n|poke|p1|Ninetales-Alola, F|\n|poke|p1|Garganacl, M|\n|poke|p1|Ursaluna, M|\n|poke|p1|Enamorus, F|\n|poke|p1|Corviknight, M|\n|poke|p2|Weezing-Galar, M|\n|poke|p2|Rillaboom, M|\n|poke|p2|Scream Tail|\n|poke|p2|Armarouge, M|\n|poke|p2|Slowking-Galar, M|\n|poke|p2|Ogerpon-Wellspring, F|\n|teampreview\n|inactive|Battle timer is ON: inactive players will automatically lose when time's up. (requested by VanhominTest)\n|\n|t:|1700851050\n|start\n|switch|p1a: Mordred|Corviknight, M|100\/100\n|switch|p2a: AngrySquare|Scream Tail|100\/100\n|-ability|p1a: Mordred|Pressure\n|turn|1\n|\n|t:|1700851057\n|move|p2a: AngrySquare|Reflect|p2a: AngrySquare\n|-sidestart|p2: whitepikmin|Reflect\n|move|p1a: Mordred|U-turn|p2a: AngrySquare\n|-damage|p2a: AngrySquare|95\/100\n|\n|t:|1700851060\n|switch|p1a: Makwa|Ursaluna, M, shiny|100\/100|[from] U-turn\n|\n|-status|p1a: Makwa|brn|[from] item: Flame Orb\n|upkeep\n|turn|2\n|\n|t:|1700851069\n|move|p2a: AngrySquare|Light Screen|p2a: AngrySquare\n|-sidestart|p2: whitepikmin|move: Light Screen\n|move|p1a: Makwa|Bulk Up|p1a: Makwa\n|-boost|p1a: Makwa|atk|1\n|-boost|p1a: Makwa|def|1\n|\n|-damage|p1a: Makwa|94\/100 brn|[from] brn\n|upkeep\n|turn|3\n|\n|t:|1700851078\n|move|p2a: AngrySquare|Encore|p1a: Makwa\n|-start|p1a: Makwa|Encore\n|move|p1a: Makwa|Bulk Up|p1a: Makwa\n|-boost|p1a: Makwa|atk|1\n|-boost|p1a: Makwa|def|1\n|\n|-damage|p1a: Makwa|88\/100 brn|[from] brn\n|upkeep\n|turn|4\n|c|\u2606VanhominTest|Oh yeah lmao, I was specifically avoiding that but still forgot\n|\n|t:|1700851098\n|-end|p2a: AngrySquare|Protosynthesis|[silent]\n|switch|p2a: Jogo|Armarouge, M|100\/100\n|switch|p1a: Giiwedin|Ninetales-Alola, F|100\/100\n|-weather|Snow|[from] ability: Snow Warning|[of] p1a: Giiwedin\n|\n|-weather|Snow|[upkeep]\n|upkeep\n|turn|5\n|\n|t:|1700851107\n|move|p1a: Giiwedin|Aurora Veil|p1a: Giiwedin\n|-sidestart|p1: VanhominTest|move: Aurora Veil\n|move|p2a: Jogo|Armor Cannon|p1a: Giiwedin\n|-supereffective|p1a: Giiwedin\n|-damage|p1a: Giiwedin|34\/100\n|-unboost|p2a: Jogo|def|1\n|-unboost|p2a: Jogo|spd|1\n|\n|-weather|Snow|[upkeep]\n|upkeep\n|turn|6\n|\n|t:|1700851133\n|switch|p2a: Claude|Slowking-Galar, M, shiny|100\/100\n|move|p1a: Giiwedin|Encore||[still]\n|-fail|p1a: Giiwedin\n|\n|-weather|Snow|[upkeep]\n|upkeep\n|turn|7\n|inactive|VanhominTest has 270 seconds left.\n|\n|t:|1700851154\n|switch|p1a: Mordred|Corviknight, M|100\/100\n|-ability|p1a: Mordred|Pressure\n|move|p2a: Claude|Thunder Wave|p1a: Mordred\n|-status|p1a: Mordred|par\n|\n|-weather|Snow|[upkeep]\n|upkeep\n|turn|8\n|\n|t:|1700851157\n|move|p2a: Claude|Future Sight|p1a: Mordred\n|-start|p2a: Claude|move: Future Sight\n|move|p1a: Mordred|U-turn|p2a: Claude\n|-damage|p2a: Claude|93\/100\n|\n|t:|1700851161\n|switch|p1a: Makwa|Ursaluna, M, shiny|88\/100 brn|[from] U-turn\n|\n|-weather|none\n|-damage|p1a: Makwa|82\/100 brn|[from] brn\n|-sideend|p2: whitepikmin|Reflect\n|upkeep\n|turn|9\n|\n|t:|1700851174\n|switch|p2a: Gent|Weezing-Galar, M, shiny|100\/100\n|move|p1a: Makwa|Facade|p2a: Gent\n|-damage|p2a: Gent|16\/100\n|\n|-heal|p2a: Gent|22\/100|[from] item: Black Sludge\n|-damage|p1a: Makwa|76\/100 brn|[from] brn\n|-sideend|p2: whitepikmin|move: Light Screen\n|upkeep\n|turn|10\n|\n|t:|1700851197\n|move|p2a: Gent|Protect|p2a: Gent\n|-singleturn|p2a: Gent|Protect\n|move|p1a: Makwa|Facade|p2a: Gent\n|-activate|p2a: Gent|move: Protect\n|\n|-end|p1a: Makwa|move: Future Sight\n|-damage|p1a: Makwa|56\/100 brn\n|-heal|p2a: Gent|28\/100|[from] item: Black Sludge\n|-damage|p1a: Makwa|50\/100 brn|[from] brn\n|upkeep\n|turn|11\n|\n|t:|1700851206\n|move|p2a: Gent|Pain Split|p1a: Makwa\n|-sethp|p1a: Makwa|35\/100 brn|[from] move: Pain Split|[silent]\n|-sethp|p2a: Gent|48\/100|[from] move: Pain Split\n|move|p1a: Makwa|Facade|p2a: Gent\n|-damage|p2a: Gent|0 fnt\n|faint|p2a: Gent\n|\n|-damage|p1a: Makwa|29\/100 brn|[from] brn\n|upkeep\n|\n|t:|1700851210\n|switch|p2a: Jogo|Armarouge, M|100\/100\n|turn|12\n|\n|t:|1700851216\n|move|p2a: Jogo|Calm Mind|p2a: Jogo\n|-boost|p2a: Jogo|spa|1\n|-boost|p2a: Jogo|spd|1\n|move|p1a: Makwa|Facade|p2a: Jogo\n|-enditem|p2a: Jogo|Focus Sash\n|-damage|p2a: Jogo|1\/100\n|-ability|p2a: Jogo|Weak Armor|boost\n|-unboost|p2a: Jogo|def|1\n|-boost|p2a: Jogo|spe|2\n|\n|-damage|p1a: Makwa|23\/100 brn|[from] brn\n|-sideend|p1: VanhominTest|move: Aurora Veil\n|upkeep\n|turn|13\n|\n|t:|1700851223\n|move|p2a: Jogo|Psychic|p1a: Makwa\n|-damage|p1a: Makwa|0 fnt\n|faint|p1a: Makwa\n|\n|upkeep\n|\n|t:|1700851228\n|switch|p1a: Recursion|Ditto|100\/100\n|-transform|p1a: Recursion|p2a: Jogo|[from] ability: Imposter\n|turn|14\n|\n|t:|1700851238\n|switch|p2a: Claude|Slowking-Galar, M, shiny|100\/100\n|move|p1a: Recursion|Armor Cannon|p2a: Claude\n|-damage|p2a: Claude|46\/100\n|-unboost|p1a: Recursion|def|1\n|-unboost|p1a: Recursion|spd|1\n|\n|upkeep\n|turn|15\n|c|\u2606VanhominTest|pew pew\n|\n|t:|1700851248\n|switch|p2a: Jogo|Armarouge, M|1\/100\n|move|p1a: Recursion|Armor Cannon|p2a: Jogo\n|-resisted|p2a: Jogo\n|-damage|p2a: Jogo|0 fnt\n|-unboost|p1a: Recursion|def|1\n|-unboost|p1a: Recursion|spd|1\n|faint|p2a: Jogo\n|\n|upkeep\n|\n|t:|1700851266\n|switch|p2a: AngrySquare|Scream Tail|95\/100\n|turn|16\n|\n|t:|1700851270\n|move|p1a: Recursion|Armor Cannon|p2a: AngrySquare\n|-damage|p2a: AngrySquare|22\/100\n|-unboost|p1a: Recursion|def|1\n|-unboost|p1a: Recursion|spd|1\n|move|p2a: AngrySquare|Light Screen|p2a: AngrySquare\n|-sidestart|p2: whitepikmin|move: Light Screen\n|\n|upkeep\n|turn|17\n|\n|t:|1700851278\n|move|p1a: Recursion|Armor Cannon|p2a: AngrySquare\n|-damage|p2a: AngrySquare|0 fnt\n|-unboost|p1a: Recursion|def|1\n|-unboost|p1a: Recursion|spd|1\n|faint|p2a: AngrySquare\n|-end|p2a: AngrySquare|Protosynthesis|[silent]\n|\n|upkeep\n|\n|t:|1700851281\n|switch|p2a: Noki|Ogerpon-Wellspring, F|100\/100\n|turn|18\n|c|\u2606VanhominTest|Scream Tail seems very handy\n|\n|t:|1700851301\n|-terastallize|p2a: Noki|Water\n|detailschange|p2a: Noki|Ogerpon-Wellspring-Tera, F, tera:Water\n|-ability|p2a: Noki|Embody Aspect (Wellspring)|boost\n|-boost|p2a: Noki|spd|1\n|move|p1a: Recursion|Armor Cannon|p2a: Noki\n|-resisted|p2a: Noki\n|-damage|p2a: Noki|81\/100\n|-unboost|p1a: Recursion|def|1\n|-unboost|p1a: Recursion|spd|1\n|move|p2a: Noki|Swords Dance|p2a: Noki\n|-boost|p2a: Noki|atk|2\n|\n|upkeep\n|turn|19\n|c|\u2606VanhominTest|uh oh\n|\n|t:|1700851314\n|switch|p1a: Mordred|Corviknight, M|100\/100 par\n|-ability|p1a: Mordred|Pressure\n|move|p2a: Noki|Ivy Cudgel|p1a: Mordred|[anim] Ivy Cudgel Water\n|-damage|p1a: Mordred|3\/100 par\n|\n|upkeep\n|turn|20\n|\n|t:|1700851321\n|move|p2a: Noki|Horn Leech|p1a: Mordred\n|-resisted|p1a: Mordred\n|-damage|p1a: Mordred|0 fnt\n|-heal|p2a: Noki|83\/100|[from] drain|[of] p1a: Mordred\n|-damage|p2a: Noki|67\/100|[from] item: Rocky Helmet|[of] p1a: Mordred\n|faint|p1a: Mordred\n|\n|upkeep\n|c|\u2606VanhominTest|I think that's game, non-copyable sweepers are scary!\n|\n|t:|1700851345\n|switch|p1a: Catalyst|Garganacl, M|100\/100\n|turn|21\n|\n|t:|1700851350\n|-terastallize|p1a: Catalyst|Ghost\n|move|p2a: Noki|Horn Leech|p1a: Catalyst\n|-damage|p1a: Catalyst|47\/100\n|-heal|p2a: Noki|100\/100|[from] drain|[of] p1a: Catalyst\n|move|p1a: Catalyst|Salt Cure|p2a: Noki\n|-damage|p2a: Noki|81\/100\n|-start|p2a: Noki|Salt Cure\n|\n|-heal|p1a: Catalyst|53\/100|[from] item: Leftovers\n|-damage|p2a: Noki|56\/100|[from] Salt Cure\n|upkeep\n|turn|22\n|\n|t:|1700851362\n|move|p2a: Noki|Ivy Cudgel|p1a: Catalyst|[anim] Ivy Cudgel Water\n|-damage|p1a: Catalyst|0 fnt\n|faint|p1a: Catalyst\n|\n|-damage|p2a: Noki|31\/100|[from] Salt Cure\n|upkeep\n|\n|t:|1700851373\n|switch|p1a: Enamorus|Enamorus, F|100\/100\n|turn|23\n|\n|t:|1700851383\n|move|p2a: Noki|Ivy Cudgel|p1a: Enamorus|[anim] Ivy Cudgel Water\n|-damage|p1a: Enamorus|0 fnt\n|faint|p1a: Enamorus\n|\n|-damage|p2a: Noki|6\/100|[from] Salt Cure\n|-sideend|p2: whitepikmin|move: Light Screen\n|upkeep\n|\n|t:|1700851388\n|switch|p1a: Giiwedin|Ninetales-Alola, F|34\/100\n|-weather|Snow|[from] ability: Snow Warning|[of] p1a: Giiwedin\n|turn|24\n|\n|t:|1700851390\n|move|p2a: Noki|Horn Leech|p1a: Giiwedin\n|-damage|p1a: Giiwedin|0 fnt\n|-heal|p2a: Noki|26\/100|[from] drain|[of] p1a: Giiwedin\n|faint|p1a: Giiwedin\n|\n|-weather|Snow|[upkeep]\n|-damage|p2a: Noki|1\/100|[from] Salt Cure\n|upkeep\n|\n|t:|1700851394\n|switch|p1a: Recursion|Ditto|100\/100\n|turn|25\n|\n|t:|1700851397\n|move|p2a: Noki|Ivy Cudgel|p1a: Recursion|[anim] Ivy Cudgel Water\n|-damage|p1a: Recursion|0 fnt\n|faint|p1a: Recursion\n|\n|win|whitepikmin\n|c|\u2606VanhominTest|Brutal, gg!\n","uploadtime":1700851592,"views":2,"p1id":"vanhomintest","p2id":"whitepikmin","formatid":"gen9ou","rating":0,"private":0,"password":""}