{"id":"gen9ou-1989285872","p1":"Black sheeps","p2":"FireCC1","format":"[Gen 9] OU","log":"|j|\u2606Black sheeps\n|j|\u2606FireCC1\n|t:|1699831968\n|gametype|singles\n|player|p1|Black sheeps|roxie|\n|player|p2|FireCC1|ghetsis-gen5bw|\n|teamsize|p1|6\n|teamsize|p2|6\n|gen|9\n|tier|[Gen 9] OU\n|rule|Sleep Clause Mod: Limit one foe put to sleep\n|rule|Species Clause: Limit one of each Pok\u00e9mon\n|rule|OHKO Clause: OHKO moves are banned\n|rule|Evasion Items Clause: Evasion items are banned\n|rule|Evasion Moves Clause: Evasion moves are banned\n|rule|Endless Battle Clause: Forcing endless battles is banned\n|rule|HP Percentage Mod: HP is shown in percentages\n|clearpoke\n|poke|p1|Gholdengo|\n|poke|p1|Tornadus-Therian, M|\n|poke|p1|Cloyster, F|\n|poke|p1|Ambipom, M|\n|poke|p1|Masquerain, M|\n|poke|p1|Electrode-Hisui|\n|poke|p2|Greninja-*, M|\n|poke|p2|Clefable, M|\n|poke|p2|Ting-Lu|\n|poke|p2|Gengar, M|\n|poke|p2|Haxorus, M|\n|poke|p2|Rotom-Wash|\n|teampreview\n|\n|t:|1699831988\n|start\n|switch|p1a: Cloyster|Cloyster, F|100\/100\n|switch|p2a: Haxorus|Haxorus, M|100\/100\n|-ability|p2a: Haxorus|Mold Breaker\n|turn|1\n|\n|t:|1699832006\n|switch|p2a: Rotom|Rotom-Wash|100\/100\n|move|p1a: Cloyster|Shell Smash|p1a: Cloyster\n|-unboost|p1a: Cloyster|def|1\n|-unboost|p1a: Cloyster|spd|1\n|-boost|p1a: Cloyster|atk|2\n|-boost|p1a: Cloyster|spa|2\n|-boost|p1a: Cloyster|spe|2\n|\n|upkeep\n|turn|2\n|\n|t:|1699832017\n|move|p1a: Cloyster|Rock Blast|p2a: Rotom\n|-damage|p2a: Rotom|84\/100\n|-damage|p2a: Rotom|66\/100\n|-crit|p2a: Rotom\n|-damage|p2a: Rotom|42\/100\n|-damage|p2a: Rotom|26\/100\n|-damage|p2a: Rotom|10\/100\n|-hitcount|p2a: Rotom|5\n|move|p2a: Rotom|Volt Switch|p1a: Cloyster\n|-supereffective|p1a: Cloyster\n|-enditem|p1a: Cloyster|Focus Sash\n|-damage|p1a: Cloyster|1\/100\n|\n|t:|1699832032\n|switch|p2a: Ting-Lu|Ting-Lu|100\/100|[from] Volt Switch\n|-ability|p2a: Ting-Lu|Vessel of Ruin\n|\n|upkeep\n|turn|3\n|\n|t:|1699832053\n|move|p1a: Cloyster|Icicle Spear|p2a: Ting-Lu\n|-supereffective|p2a: Ting-Lu\n|-crit|p2a: Ting-Lu\n|-damage|p2a: Ting-Lu|69\/100\n|-supereffective|p2a: Ting-Lu\n|-damage|p2a: Ting-Lu|51\/100\n|-supereffective|p2a: Ting-Lu\n|-damage|p2a: Ting-Lu|34\/100\n|-supereffective|p2a: Ting-Lu\n|-damage|p2a: Ting-Lu|16\/100\n|-supereffective|p2a: Ting-Lu\n|-damage|p2a: Ting-Lu|0 fnt\n|faint|p2a: Ting-Lu\n|-hitcount|p2: Ting-Lu|5\n|\n|upkeep\n|\n|t:|1699832073\n|switch|p2a: Clefable|Clefable, M|100\/100\n|turn|4\n|\n|t:|1699832082\n|move|p1a: Cloyster|Icicle Spear|p2a: Clefable\n|-damage|p2a: Clefable|75\/100\n|-damage|p2a: Clefable|50\/100\n|-damage|p2a: Clefable|22\/100\n|-damage|p2a: Clefable|0 fnt\n|faint|p2a: Clefable\n|-hitcount|p2: Clefable|4\n|\n|upkeep\n|\n|t:|1699832092\n|switch|p2a: Greninja|Greninja, M|100\/100\n|turn|5\n|\n|t:|1699832099\n|move|p1a: Cloyster|Rock Blast|p2a: Greninja\n|-damage|p2a: Greninja|75\/100\n|-damage|p2a: Greninja|46\/100\n|-damage|p2a: Greninja|19\/100\n|-damage|p2a: Greninja|0 fnt\n|faint|p2a: Greninja\n|-hitcount|p2: Greninja|4\n|\n|upkeep\n|\n|t:|1699832119\n|switch|p2a: Haxorus|Haxorus, M|100\/100\n|-ability|p2a: Haxorus|Mold Breaker\n|turn|6\n|\n|t:|1699832126\n|move|p1a: Cloyster|Icicle Spear|p2a: Haxorus\n|-supereffective|p2a: Haxorus\n|-damage|p2a: Haxorus|39\/100\n|-supereffective|p2a: Haxorus\n|-damage|p2a: Haxorus|0 fnt\n|faint|p2a: Haxorus\n|-hitcount|p2: Haxorus|2\n|\n|upkeep\n|\n|t:|1699832133\n|switch|p2a: Rotom|Rotom-Wash|10\/100\n|turn|7\n|\n|t:|1699832137\n|move|p1a: Cloyster|Icicle Spear|p2a: Rotom\n|-resisted|p2a: Rotom\n|-damage|p2a: Rotom|0 fnt\n|faint|p2a: Rotom\n|-hitcount|p2: Rotom|1\n|\n|upkeep\n|\n|t:|1699832144\n|switch|p2a: Gengar|Gengar, M|100\/100\n|turn|8\n|\n|t:|1699832156\n|-terastallize|p2a: Gengar|Ghost\n|move|p1a: Cloyster|Icicle Spear|p2a: Gengar\n|-crit|p2a: Gengar\n|-damage|p2a: Gengar|26\/100\n|-damage|p2a: Gengar|0 fnt\n|-start|p1a: Cloyster|Disable|Icicle Spear|[from] ability: Cursed Body|[of] p2a: Gengar\n|faint|p2a: Gengar\n|-hitcount|p2: Gengar|2\n|\n|win|Black sheeps\n","uploadtime":1699832167,"views":39,"p1id":"blacksheeps","p2id":"firecc1","formatid":"gen9ou","rating":0,"private":0,"password":""}