{"id":"gen9ou-1993098934","p1":"Slime2225","p2":"ochuruls","format":"[Gen 9] OU","log":"|j|\u2606Slime2225\n|j|\u2606ochuruls\n|t:|1700264607\n|gametype|singles\n|player|p1|Slime2225|2|\n|player|p2|ochuruls|n|\n|teamsize|p1|6\n|teamsize|p2|6\n|gen|9\n|tier|[Gen 9] OU\n|rule|Sleep Clause Mod: Limit one foe put to sleep\n|rule|Species Clause: Limit one of each Pok\u00e9mon\n|rule|OHKO Clause: OHKO moves are banned\n|rule|Evasion Items Clause: Evasion items are banned\n|rule|Evasion Moves Clause: Evasion moves are banned\n|rule|Endless Battle Clause: Forcing endless battles is banned\n|rule|HP Percentage Mod: HP is shown in percentages\n|clearpoke\n|poke|p1|Pelipper, M|\n|poke|p1|Basculegion-F, F|\n|poke|p1|Floatzel, F|\n|poke|p1|Zamazenta-*|\n|poke|p1|Thundurus-Therian, M|\n|poke|p1|Mismagius, F|\n|poke|p2|Corviknight, M|\n|poke|p2|Kingambit, F|\n|poke|p2|Diancie|\n|poke|p2|Gengar, F|\n|poke|p2|Rotom-Wash|\n|poke|p2|Heracross, M|\n|teampreview\n|l|\u2606ochuruls\n|player|p2|\n|j|\u2606ochuruls\n|player|p2|ochuruls|n\n|\n|t:|1700264697\n|start\n|switch|p1a: Pelipper|Pelipper, M|100\/100\n|switch|p2a: Rotom|Rotom-Wash|100\/100\n|-weather|RainDance|[from] ability: Drizzle|[of] p1a: Pelipper\n|turn|1\n|\n|t:|1700264714\n|-terastallize|p1a: Pelipper|Ground\n|move|p2a: Rotom|Volt Switch|p1a: Pelipper\n|-immune|p1a: Pelipper\n|move|p1a: Pelipper|Tailwind|p1a: Pelipper\n|-sidestart|p1: Slime2225|move: Tailwind\n|\n|-weather|RainDance|[upkeep]\n|upkeep\n|turn|2\n|\n|t:|1700264728\n|move|p1a: Pelipper|Hurricane|p2a: Rotom\n|-resisted|p2a: Rotom\n|-damage|p2a: Rotom|80\/100\n|-start|p2a: Rotom|confusion\n|-activate|p2a: Rotom|confusion\n|move|p2a: Rotom|Hydro Pump|p1a: Pelipper\n|-supereffective|p1a: Pelipper\n|-damage|p1a: Pelipper|0 fnt\n|faint|p1a: Pelipper\n|\n|-weather|RainDance|[upkeep]\n|-heal|p2a: Rotom|87\/100|[from] item: Leftovers\n|upkeep\n|\n|t:|1700264752\n|switch|p1a: Basculegion|Basculegion-F, F|100\/100\n|turn|3\n|\n|t:|1700264774\n|move|p1a: Basculegion|Shadow Ball|p2a: Rotom\n|-damage|p2a: Rotom|46\/100\n|-activate|p2a: Rotom|confusion\n|move|p2a: Rotom|Thunderbolt|p1a: Basculegion\n|-supereffective|p1a: Basculegion\n|-damage|p1a: Basculegion|50\/100\n|\n|-weather|RainDance|[upkeep]\n|-heal|p2a: Rotom|52\/100|[from] item: Leftovers\n|upkeep\n|turn|4\n|l|\u2606ochuruls\n|player|p2|\n|\n|t:|1700264791\n|move|p1a: Basculegion|Shadow Ball|p2a: Rotom\n|-damage|p2a: Rotom|10\/100\n|-end|p2a: Rotom|confusion\n|move|p2a: Rotom|Thunderbolt|p1a: Basculegion\n|-supereffective|p1a: Basculegion\n|-damage|p1a: Basculegion|2\/100\n|\n|-weather|RainDance|[upkeep]\n|-heal|p2a: Rotom|17\/100|[from] item: Leftovers\n|-sideend|p1: Slime2225|move: Tailwind\n|upkeep\n|turn|5\n|j|\u2606ochuruls\n|player|p2|ochuruls|n\n|\n|t:|1700264841\n|switch|p2a: Heracross|Heracross, M|100\/100\n|move|p1a: Basculegion|Shadow Ball|p2a: Heracross\n|-damage|p2a: Heracross|53\/100\n|\n|-weather|RainDance|[upkeep]\n|-status|p2a: Heracross|brn|[from] item: Flame Orb\n|upkeep\n|turn|6\n|\n|t:|1700264853\n|move|p1a: Basculegion|Surf|p2a: Heracross\n|-damage|p2a: Heracross|0 fnt\n|faint|p2a: Heracross\n|\n|-weather|RainDance|[upkeep]\n|upkeep\n|\n|t:|1700264867\n|switch|p2a: Gengar|Gengar, F|100\/100\n|turn|7\n|\n|t:|1700264871\n|move|p1a: Basculegion|Shadow Ball|p2a: Gengar\n|-supereffective|p2a: Gengar\n|-damage|p2a: Gengar|0 fnt\n|faint|p2a: Gengar\n|\n|-weather|RainDance|[upkeep]\n|upkeep\n|l|\u2606ochuruls\n|player|p2|\n|j|\u2606ochuruls\n|player|p2|ochuruls|n\n|\n|t:|1700264889\n|switch|p2a: Kingambit|Kingambit, F|100\/100\n|-activate|p2a: Kingambit|ability: Supreme Overlord\n|-start|p2a: Kingambit|fallen2|[silent]\n|turn|8\n|\n|t:|1700264896\n|move|p2a: Kingambit|Sucker Punch|p1a: Basculegion\n|-supereffective|p1a: Basculegion\n|-damage|p1a: Basculegion|0 fnt\n|faint|p1a: Basculegion\n|\n|-weather|none\n|upkeep\n|\n|t:|1700264903\n|switch|p1a: Zamazenta|Zamazenta|100\/100\n|-ability|p1a: Zamazenta|Dauntless Shield|boost\n|-boost|p1a: Zamazenta|def|1\n|turn|9\n|\n|t:|1700264914\n|-end|p2a: Kingambit|fallen2|[silent]\n|switch|p2a: Corviknight|Corviknight, M|100\/100\n|-ability|p2a: Corviknight|Pressure\n|move|p1a: Zamazenta|Close Combat|p2a: Corviknight\n|-damage|p2a: Corviknight|64\/100\n|-unboost|p1a: Zamazenta|def|1\n|-unboost|p1a: Zamazenta|spd|1\n|\n|upkeep\n|turn|10\n|l|\u2606ochuruls\n|player|p2|\n|j|\u2606ochuruls\n|player|p2|ochuruls|n\n|\n|t:|1700264933\n|switch|p1a: Mismagius|Mismagius, F|100\/100\n|move|p2a: Corviknight|Brave Bird|p1a: Mismagius\n|-damage|p1a: Mismagius|28\/100\n|-damage|p2a: Corviknight|47\/100|[from] Recoil\n|\n|upkeep\n|turn|11\n|\n|t:|1700264952\n|move|p1a: Mismagius|Mystical Fire|p2a: Corviknight\n|-supereffective|p2a: Corviknight\n|-damage|p2a: Corviknight|6\/100\n|-unboost|p2a: Corviknight|spa|1\n|move|p2a: Corviknight|Roost|p2a: Corviknight\n|-heal|p2a: Corviknight|56\/100\n|-singleturn|p2a: Corviknight|move: Roost\n|\n|upkeep\n|turn|12\n|l|\u2606ochuruls\n|player|p2|\n|j|\u2606ochuruls\n|player|p2|ochuruls|n\n|\n|t:|1700264977\n|move|p1a: Mismagius|Mystical Fire|p2a: Corviknight\n|-supereffective|p2a: Corviknight\n|-damage|p2a: Corviknight|10\/100\n|-unboost|p2a: Corviknight|spa|1\n|move|p2a: Corviknight|Brave Bird|p1a: Mismagius\n|-damage|p1a: Mismagius|0 fnt\n|faint|p1a: Mismagius\n|-damage|p2a: Corviknight|4\/100|[from] Recoil\n|\n|upkeep\n|\n|t:|1700264991\n|switch|p1a: Floatzel|Floatzel, F|100\/100\n|turn|13\n|\n|t:|1700265003\n|move|p1a: Floatzel|Aqua Jet|p2a: Corviknight\n|-damage|p2a: Corviknight|0 fnt\n|faint|p2a: Corviknight\n|\n|upkeep\n|\n|t:|1700265009\n|switch|p2a: Rotom|Rotom-Wash|17\/100\n|turn|14\n|\n|t:|1700265015\n|move|p1a: Floatzel|Liquidation|p2a: Rotom\n|-resisted|p2a: Rotom\n|-damage|p2a: Rotom|0 fnt\n|faint|p2a: Rotom\n|\n|upkeep\n|\n|t:|1700265025\n|switch|p2a: Diancie|Diancie|100\/100\n|turn|15\n|l|\u2606ochuruls\n|player|p2|\n|j|\u2606ochuruls\n|player|p2|ochuruls|n\n|l|\u2606ochuruls\n|player|p2|\n|j|\u2606ochuruls\n|player|p2|ochuruls|n\n|\n|t:|1700265185\n|-terastallize|p2a: Diancie|Ghost\n|move|p1a: Floatzel|Liquidation|p2a: Diancie\n|-damage|p2a: Diancie|66\/100\n|move|p2a: Diancie|Diamond Storm|p1a: Floatzel\n|-damage|p1a: Floatzel|36\/100\n|-boost|p2a: Diancie|def|2\n|\n|-heal|p2a: Diancie|72\/100|[from] item: Leftovers\n|upkeep\n|turn|16\n|\n|t:|1700265199\n|move|p1a: Floatzel|Liquidation|p2a: Diancie\n|-damage|p2a: Diancie|56\/100\n|move|p2a: Diancie|Body Press|p1a: Floatzel\n|-damage|p1a: Floatzel|0 fnt\n|faint|p1a: Floatzel\n|\n|-heal|p2a: Diancie|62\/100|[from] item: Leftovers\n|upkeep\n|\n|t:|1700265210\n|switch|p1a: Thundurus|Thundurus-Therian, M|100\/100\n|turn|17\n|l|\u2606ochuruls\n|player|p2|\n|j|\u2606ochuruls\n|player|p2|ochuruls|n\n|\n|t:|1700265247\n|move|p1a: Thundurus|Dark Pulse|p2a: Diancie\n|-supereffective|p2a: Diancie\n|-damage|p2a: Diancie|25\/100\n|move|p2a: Diancie|Moonblast|p1a: Thundurus\n|-damage|p1a: Thundurus|62\/100\n|-unboost|p1a: Thundurus|spa|1\n|\n|-heal|p2a: Diancie|32\/100|[from] item: Leftovers\n|upkeep\n|turn|18\n|\n|t:|1700265260\n|move|p1a: Thundurus|Dark Pulse|p2a: Diancie\n|-supereffective|p2a: Diancie\n|-damage|p2a: Diancie|7\/100\n|move|p2a: Diancie|Diamond Storm|p1a: Thundurus\n|-supereffective|p1a: Thundurus\n|-damage|p1a: Thundurus|0 fnt\n|-boost|p2a: Diancie|def|2\n|faint|p1a: Thundurus\n|\n|-heal|p2a: Diancie|14\/100|[from] item: Leftovers\n|upkeep\n|l|\u2606ochuruls\n|player|p2|\n|\n|t:|1700265273\n|switch|p1a: Zamazenta|Zamazenta|100\/100\n|turn|19\n|j|\u2606ochuruls\n|player|p2|ochuruls|n\n|\n|t:|1700265285\n|move|p1a: Zamazenta|Crunch|p2a: Diancie\n|-supereffective|p2a: Diancie\n|-damage|p2a: Diancie|0 fnt\n|faint|p2a: Diancie\n|\n|upkeep\n|\n|t:|1700265287\n|switch|p2a: Kingambit|Kingambit, F|100\/100\n|-activate|p2a: Kingambit|ability: Supreme Overlord\n|-start|p2a: Kingambit|fallen5|[silent]\n|turn|20\n|\n|t:|1700265289\n|move|p1a: Zamazenta|Close Combat|p2a: Kingambit\n|-supereffective|p2a: Kingambit\n|-damage|p2a: Kingambit|0 fnt\n|-unboost|p1a: Zamazenta|def|1\n|-unboost|p1a: Zamazenta|spd|1\n|faint|p2a: Kingambit\n|-end|p2a: Kingambit|fallen5|[silent]\n|\n|win|Slime2225\n|l|\u2606Slime2225\n|j|\u2606Slime2225\n|player|p1|Slime2225|2\n","uploadtime":1700265300,"views":30,"p1id":"slime2225","p2id":"ochuruls","formatid":"gen9ou","rating":0,"private":0,"password":""}