{"id":"gen9ou-1995183802","p1":"poggerwog","p2":"horiaboria648","format":"[Gen 9] OU","log":"|j|\u2606poggerwog\n|j|\u2606horiaboria648\n|t:|1700531976\n|gametype|singles\n|player|p1|poggerwog|n-masters|\n|player|p2|horiaboria648|1|\n|teamsize|p1|6\n|teamsize|p2|6\n|gen|9\n|tier|[Gen 9] OU\n|rule|Sleep Clause Mod: Limit one foe put to sleep\n|rule|Species Clause: Limit one of each Pok\u00e9mon\n|rule|OHKO Clause: OHKO moves are banned\n|rule|Evasion Items Clause: Evasion items are banned\n|rule|Evasion Moves Clause: Evasion moves are banned\n|rule|Endless Battle Clause: Forcing endless battles is banned\n|rule|HP Percentage Mod: HP is shown in percentages\n|clearpoke\n|poke|p1|Clodsire, F|\n|poke|p1|Hoopa-Unbound|\n|poke|p1|Arcanine-Hisui, M|\n|poke|p1|Kommo-o, M|\n|poke|p1|Gengar, F|\n|poke|p1|Tsareena, F|\n|poke|p2|Ditto|\n|poke|p2|Blissey, F|\n|poke|p2|Garchomp, F|\n|poke|p2|Weezing-Galar, F|\n|poke|p2|Breloom, M|\n|poke|p2|Gyarados, F|\n|teampreview\n|j| edicts\n|j| lieb330\n|j| FreeedTheDolfin\n|j| Jambees\n|c| edicts|READY\n|j| KINGTONY6\n|c| lieb330|go\n|c|\u2606poggerwog|horia is having an audio thing sec\n|c| KINGTONY6|but if you close your eyes\n|\n|t:|1700532070\n|start\n|switch|p1a: Monster|Gengar, F|100\/100\n|switch|p2a: Witto|Weezing-Galar, F, shiny|100\/100\n|-ability|p2a: Witto|Neutralizing Gas\n|-item|p1a: Monster|Air Balloon\n|-item|p2a: Witto|Air Balloon\n|turn|1\n|\n|t:|1700532083\n|-end|p2a: Witto|ability: Neutralizing Gas\n|switch|p2a: Bitto|Blissey, F|100\/100\n|move|p1a: Monster|Psychic|p2a: Bitto\n|-damage|p2a: Bitto|91\/100\n|\n|upkeep\n|turn|2\n|c| lieb330|balloon boys\n|\n|t:|1700532095\n|switch|p1a: Reign|Arcanine-Hisui, M|100\/100\n|move|p2a: Bitto|Thunder Wave|p1a: Reign\n|-status|p1a: Reign|par\n|\n|upkeep\n|turn|3\n|\n|t:|1700532107\n|switch|p2a: Gitto|Garchomp, F|100\/100\n|cant|p1a: Reign|par\n|\n|upkeep\n|turn|4\n|\n|t:|1700532117\n|switch|p1a: Monster|Gengar, F|100\/100\n|-item|p1a: Monster|Air Balloon\n|move|p2a: Gitto|Swords Dance|p2a: Gitto\n|-boost|p2a: Gitto|atk|2\n|\n|upkeep\n|turn|5\n|\n|t:|1700532142\n|switch|p2a: Bitto|Blissey, F|91\/100\n|move|p1a: Monster|Destiny Bond|p1a: Monster\n|-singlemove|p1a: Monster|Destiny Bond\n|\n|upkeep\n|turn|6\n|\n|t:|1700532148\n|move|p1a: Monster|Will-O-Wisp|p2a: Bitto\n|-status|p2a: Bitto|brn\n|move|p2a: Bitto|Thunder Wave|p1a: Monster\n|-status|p1a: Monster|par\n|\n|-damage|p2a: Bitto|85\/100 brn|[from] brn\n|upkeep\n|turn|7\n|c| lieb330|WHAT\n|c| Jambees|why are you burning a blissey\n|c|\u2606poggerwog|horia just asked me that\n|c|\u2606poggerwog|i thought he was going to switch\n|c|\u2606poggerwog|dwbi\n|c| lieb330|we aren't worried!\n|\n|t:|1700532197\n|switch|p1a: Rockstar|Kommo-o, M|100\/100\n|-curestatus|p2a: Bitto|brn|[from] ability: Natural Cure\n|switch|p2a: Gytto|Gyarados, F, shiny|100\/100\n|-ability|p2a: Gytto|Intimidate|boost\n|-unboost|p1a: Rockstar|atk|1\n|\n|upkeep\n|turn|8\n|\n|t:|1700532222\n|-terastallize|p1a: Rockstar|Electric\n|move|p1a: Rockstar|Clangorous Soul|p1a: Rockstar\n|-boost|p1a: Rockstar|atk|1\n|-boost|p1a: Rockstar|def|1\n|-boost|p1a: Rockstar|spa|1\n|-boost|p1a: Rockstar|spd|1\n|-boost|p1a: Rockstar|spe|1\n|-damage|p1a: Rockstar|68\/100\n|move|p2a: Gytto|Earthquake|p1a: Rockstar\n|-supereffective|p1a: Rockstar\n|-damage|p1a: Rockstar|17\/100\n|\n|upkeep\n|turn|9\n|\n|t:|1700532236\n|move|p1a: Rockstar|Thunder Punch|p2a: Gytto\n|-supereffective|p2a: Gytto\n|-enditem|p2a: Gytto|Focus Sash\n|-damage|p2a: Gytto|1\/100\n|move|p2a: Gytto|Earthquake|p1a: Rockstar\n|-supereffective|p1a: Rockstar\n|-damage|p1a: Rockstar|0 fnt\n|faint|p1a: Rockstar\n|\n|upkeep\n|\n|t:|1700532244\n|switch|p1a: Reign|Arcanine-Hisui, M|100\/100 par\n|turn|10\n|c| lieb330|drew brees\n|\n|t:|1700532250\n|switch|p2a: Bitto|Blissey, F|85\/100\n|cant|p1a: Reign|par\n|\n|upkeep\n|turn|11\n|\n|t:|1700532277\n|switch|p1a: Alani Nu|Tsareena, F|100\/100\n|move|p2a: Bitto|Seismic Toss|p1a: Alani Nu\n|-damage|p1a: Alani Nu|72\/100\n|\n|upkeep\n|turn|12\n|\n|t:|1700532288\n|switch|p2a: Witto|Weezing-Galar, F, shiny|100\/100\n|-ability|p2a: Witto|Neutralizing Gas\n|-item|p2a: Witto|Air Balloon\n|move|p1a: Alani Nu|Power Whip|p2a: Witto\n|-resisted|p2a: Witto\n|-damage|p2a: Witto|78\/100\n|-enditem|p2a: Witto|Air Balloon\n|\n|upkeep\n|turn|13\n|\n|t:|1700532307\n|switch|p1a: Monster|Gengar, F|100\/100 par\n|-item|p1a: Monster|Air Balloon\n|move|p2a: Witto|Strange Steam|p1a: Monster\n|-resisted|p1a: Monster\n|-damage|p1a: Monster|82\/100 par\n|-enditem|p1a: Monster|Air Balloon\n|\n|upkeep\n|turn|14\n|\n|t:|1700532317\n|-end|p2a: Witto|ability: Neutralizing Gas\n|switch|p2a: Bitto|Blissey, F|85\/100\n|move|p1a: Monster|Psychic|p2a: Bitto\n|-damage|p2a: Bitto|75\/100\n|\n|upkeep\n|turn|15\n|\n|t:|1700532326\n|switch|p1a: Reign|Arcanine-Hisui, M|100\/100 par\n|move|p2a: Bitto|Soft-Boiled|p2a: Bitto\n|-heal|p2a: Bitto|100\/100\n|\n|upkeep\n|turn|16\n|\n|t:|1700532339\n|switch|p1a: Bang|Hoopa-Unbound|100\/100\n|switch|p2a: Gitto|Garchomp, F|100\/100\n|\n|upkeep\n|turn|17\n|c| lieb330|get out the mud\n|\n|t:|1700532399\n|switch|p2a: Bitto|Blissey, F|100\/100\n|move|p1a: Bang|Ice Punch|p2a: Bitto\n|-damage|p2a: Bitto|71\/100\n|\n|upkeep\n|turn|18\n|\n|t:|1700532415\n|move|p1a: Bang|Drain Punch|p2a: Bitto\n|-supereffective|p2a: Bitto\n|-damage|p2a: Bitto|13\/100\n|move|p2a: Bitto|Thunder Wave|p1a: Bang\n|-status|p1a: Bang|par\n|\n|upkeep\n|turn|19\n|\n|t:|1700532426\n|move|p2a: Bitto|Soft-Boiled|p2a: Bitto\n|-heal|p2a: Bitto|63\/100\n|cant|p1a: Bang|par\n|\n|upkeep\n|turn|20\n|\n|t:|1700532437\n|switch|p2a: Ditto|Ditto|100\/100\n|-transform|p2a: Ditto|p1a: Bang|[from] ability: Imposter\n|move|p1a: Bang|Gunk Shot|p2a: Ditto\n|-crit|p2a: Ditto\n|-damage|p2a: Ditto|0 fnt\n|faint|p2a: Ditto\n|\n|upkeep\n|c| KINGTONY6|HE'S BETTER !!!!\n|c| lieb330|!!!!!!!!!!!!!!!!!!!!!!!!!!!!!!\n|c| KINGTONY6|HE'S SO MUCH BETTER !!!!!\n|c| lieb330|THE CROWD GOES MILD\n|c|\u2606poggerwog|that crit mattered right\n|c|\u2606poggerwog|what the fuck\n|c|\u2606poggerwog|jesus\n|j| LuichoX\n|c| KINGTONY6|Ditto low HP\n|c| Jambees|i dont think so 48 hp 50 def\n|c|\u2606poggerwog|ah\n|\n|t:|1700532513\n|switch|p2a: Gitto|Garchomp, F|100\/100\n|turn|21\n|\n|t:|1700532557\n|switch|p1a: Doubleshot|Clodsire, F|100\/100\n|-terastallize|p2a: Gitto|Ghost\n|move|p2a: Gitto|Swords Dance|p2a: Gitto\n|-boost|p2a: Gitto|atk|2\n|\n|upkeep\n|turn|22\n|\n|t:|1700532564\n|move|p2a: Gitto|Earthquake|p1a: Doubleshot\n|-supereffective|p1a: Doubleshot\n|-damage|p1a: Doubleshot|0 fnt\n|faint|p1a: Doubleshot\n|\n|upkeep\n|\n|t:|1700532602\n|switch|p1a: Reign|Arcanine-Hisui, M|100\/100 par\n|turn|23\n|c|\u2606poggerwog|its lottery time\n|c|\u2606poggerwog|have you guys ever heard of two crits in a row?\n|c|\u2606poggerwog|here's hoping\n|c| LuichoX|scale shot misses twice\n|c| lieb330|get the gong ready evan\n|\n|t:|1700532636\n|move|p2a: Gitto|Earthquake|p1a: Reign\n|-supereffective|p1a: Reign\n|-enditem|p1a: Reign|Focus Sash\n|-damage|p1a: Reign|1\/100 par\n|move|p1a: Reign|Head Smash|p2a: Gitto\n|-damage|p2a: Gitto|34\/100\n|-damage|p1a: Reign|0 fnt|[from] ability: Rough Skin|[of] p2a: Gitto\n|faint|p1a: Reign\n|\n|upkeep\n|\n|t:|1700532650\n|switch|p1a: Bang|Hoopa-Unbound|100\/100 par\n|turn|24\n|c| KINGTONY6|he did not consider that one\n|c|\u2606poggerwog|i did\n|c|\u2606poggerwog|it needed to crit\n|c|\u2606poggerwog|well\n|c|\u2606poggerwog|lets see what happens next\n|\n|t:|1700532685\n|move|p2a: Gitto|Scale Shot|p1a: Bang\n|-damage|p1a: Bang|62\/100 par\n|-damage|p1a: Bang|26\/100 par\n|-damage|p1a: Bang|0 fnt\n|faint|p1a: Bang\n|-hitcount|p1: Bang|3\n|-unboost|p2a: Gitto|def|1\n|-boost|p2a: Gitto|spe|1\n|\n|upkeep\n|\n|t:|1700532689\n|switch|p1a: Alani Nu|Tsareena, F|72\/100\n|turn|25\n|\n|t:|1700532698\n|move|p2a: Gitto|Scale Shot|p1a: Alani Nu\n|-damage|p1a: Alani Nu|48\/100\n|-damage|p1a: Alani Nu|25\/100\n|-crit|p1a: Alani Nu\n|-damage|p1a: Alani Nu|0 fnt\n|faint|p1a: Alani Nu\n|-hitcount|p1: Alani Nu|3\n|-unboost|p2a: Gitto|def|1\n|-boost|p2a: Gitto|spe|1\n|\n|upkeep\n|\n|t:|1700532709\n|switch|p1a: Monster|Gengar, F|82\/100 par\n|turn|26\n|\n|t:|1700532714\n|move|p2a: Gitto|Scale Shot|p1a: Monster\n|-damage|p1a: Monster|46\/100 par\n|-damage|p1a: Monster|9\/100 par\n|-damage|p1a: Monster|0 fnt\n|faint|p1a: Monster\n|-hitcount|p1: Monster|3\n|\n|win|horiaboria648\n|c|\u2606poggerwog|im gonna need a few minutes\n|l|\u2606horiaboria648\n|c|\u2606poggerwog|im gonna prepare\n|l|\u2606poggerwog\n|l| lieb330\n","uploadtime":1700532745,"views":12,"p1id":"poggerwog","p2id":"horiaboria648","formatid":"gen9ou","rating":0,"private":0,"password":""}