{"id":"gen9ou-1995140550","p1":"THEAsianFaLiUrE","p2":"DiabloMiablo","format":"[Gen 9] OU","log":"|j|\u2606THEAsianFaLiUrE\n|j|\u2606DiabloMiablo\n|t:|1700527086\n|gametype|singles\n|player|p1|THEAsianFaLiUrE|101|1197\n|player|p2|DiabloMiablo|hugh|1130\n|teamsize|p1|6\n|teamsize|p2|6\n|gen|9\n|tier|[Gen 9] OU\n|rated|\n|rule|Sleep Clause Mod: Limit one foe put to sleep\n|rule|Species Clause: Limit one of each Pok\u00e9mon\n|rule|OHKO Clause: OHKO moves are banned\n|rule|Evasion Items Clause: Evasion items are banned\n|rule|Evasion Moves Clause: Evasion moves are banned\n|rule|Endless Battle Clause: Forcing endless battles is banned\n|rule|HP Percentage Mod: HP is shown in percentages\n|clearpoke\n|poke|p1|Ribombee, F|\n|poke|p1|Cinderace, F|\n|poke|p1|Iron Valiant|\n|poke|p1|Manaphy|\n|poke|p1|Ogerpon-Wellspring, F|\n|poke|p1|Dragonite, F|\n|poke|p2|Alomomola, F|\n|poke|p2|Slowking-Galar, F|\n|poke|p2|Kingambit, F|\n|poke|p2|Great Tusk|\n|poke|p2|Cinderace, F|\n|poke|p2|Thundurus-Therian, M|\n|teampreview\n|inactive|Battle timer is ON: inactive players will automatically lose when time's up. (requested by DiabloMiablo)\n|c|\u2606THEAsianFaLiUrE|glhf\n|c|\u2606DiabloMiablo|u2\n|\n|t:|1700527108\n|start\n|switch|p1a: Ribombee|Ribombee, F|100\/100\n|switch|p2a: Great Tusk|Great Tusk|100\/100\n|turn|1\n|c|\u2606THEAsianFaLiUrE|lol thx 4 responding lol\n|\n|t:|1700527123\n|move|p1a: Ribombee|Moonblast|p2a: Great Tusk\n|-supereffective|p2a: Great Tusk\n|-damage|p2a: Great Tusk|0 fnt\n|faint|p2a: Great Tusk\n|-end|p2a: Great Tusk|Protosynthesis|[silent]\n|\n|upkeep\n|c|\u2606DiabloMiablo|why what happened\n|\n|t:|1700527129\n|switch|p2a: Kingambit|Kingambit, F|100\/100\n|-activate|p2a: Kingambit|ability: Supreme Overlord\n|-start|p2a: Kingambit|fallen1|[silent]\n|turn|2\n|c|\u2606THEAsianFaLiUrE|nah yur 1st person to respond back\n|\n|t:|1700527149\n|-end|p2a: Kingambit|fallen1|[silent]\n|switch|p2a: Thundurus|Thundurus-Therian, M|100\/100\n|move|p1a: Ribombee|Sticky Web|p2a: Thundurus\n|-sidestart|p2: DiabloMiablo|move: Sticky Web\n|\n|upkeep\n|turn|3\n|c|\u2606DiabloMiablo|oh my b\n|\n|t:|1700527172\n|move|p1a: Ribombee|Moonblast|p2a: Thundurus\n|-damage|p2a: Thundurus|43\/100\n|-unboost|p2a: Thundurus|spa|1\n|move|p2a: Thundurus|Volt Switch|p1a: Ribombee\n|-damage|p1a: Ribombee|28\/100\n|\n|t:|1700527186\n|switch|p2a: Slowking|Slowking-Galar, F|100\/100|[from] Volt Switch\n|\n|upkeep\n|turn|4\n|\n|t:|1700527201\n|move|p1a: Ribombee|Psychic|p2a: Slowking\n|-damage|p2a: Slowking|85\/100\n|move|p2a: Slowking|Future Sight|p1a: Ribombee\n|-start|p2a: Slowking|move: Future Sight\n|\n|upkeep\n|turn|5\n|c|\u2606THEAsianFaLiUrE|lmao 15\n|\n|t:|1700527211\n|move|p1a: Ribombee|Stun Spore|p2a: Slowking|[miss]\n|-miss|p1a: Ribombee|p2a: Slowking\n|move|p2a: Slowking|Sludge Bomb|p1a: Ribombee\n|-supereffective|p1a: Ribombee\n|-damage|p1a: Ribombee|0 fnt\n|faint|p1a: Ribombee\n|\n|upkeep\n|\n|t:|1700527229\n|switch|p1a: Cinderace|Cinderace, F|100\/100\n|turn|6\n|\n|t:|1700527233\n|move|p1a: Cinderace|Pyro Ball|p2a: Slowking\n|-damage|p2a: Slowking|22\/100\n|-status|p2a: Slowking|brn\n|move|p2a: Slowking|Chilly Reception|p2a: Slowking\n|-weather|Snow\n|\n|t:|1700527242\n|switch|p2a: Alomomola|Alomomola, F|100\/100|[from] Chilly Reception\n|-activate|p2a: Alomomola|move: Sticky Web\n|-unboost|p2a: Alomomola|spe|1\n|\n|-weather|Snow|[upkeep]\n|-end|p1a: Cinderace|move: Future Sight\n|-damage|p1a: Cinderace|34\/100\n|upkeep\n|turn|7\n|\n|t:|1700527250\n|move|p1a: Cinderace|U-turn|p2a: Alomomola\n|-start|p1a: Cinderace|typechange|Bug|[from] ability: Libero\n|-damage|p2a: Alomomola|81\/100\n|-enditem|p2a: Alomomola|Red Card|[of] p1a: Cinderace\n|drag|p1a: Iron Valiant|Iron Valiant|100\/100\n|-enditem|p1a: Iron Valiant|Booster Energy\n|-activate|p1a: Iron Valiant|ability: Quark Drive|[fromitem]\n|-start|p1a: Iron Valiant|quarkdrivespe\n|move|p2a: Alomomola|Wish|p2a: Alomomola\n|\n|-weather|Snow|[upkeep]\n|upkeep\n|turn|8\n|\n|t:|1700527263\n|move|p1a: Iron Valiant|Thunderbolt|p2a: Alomomola\n|-supereffective|p2a: Alomomola\n|-damage|p2a: Alomomola|30\/100\n|move|p2a: Alomomola|Flip Turn|p1a: Iron Valiant\n|-damage|p1a: Iron Valiant|78\/100\n|\n|t:|1700527268\n|switch|p2a: Thundurus|Thundurus-Therian, M|43\/100|[from] Flip Turn\n|\n|-weather|Snow|[upkeep]\n|-heal|p2a: Thundurus|100\/100|[from] move: Wish|[wisher] Alomomola\n|upkeep\n|turn|9\n|\n|t:|1700527292\n|-terastallize|p1a: Iron Valiant|Electric\n|-terastallize|p2a: Thundurus|Flying\n|move|p1a: Iron Valiant|Thunderbolt|p2a: Thundurus\n|-immune|p2a: Thundurus|[from] ability: Volt Absorb\n|move|p2a: Thundurus|Tera Blast|p1a: Iron Valiant|[anim] Tera Blast Flying\n|-resisted|p1a: Iron Valiant\n|-damage|p1a: Iron Valiant|0 fnt\n|faint|p1a: Iron Valiant\n|-end|p1a: Iron Valiant|Quark Drive|[silent]\n|\n|-weather|Snow|[upkeep]\n|upkeep\n|c|\u2606THEAsianFaLiUrE|im dumb\n|c|\u2606THEAsianFaLiUrE|AHHH\n|\n|t:|1700527309\n|switch|p1a: Cinderace|Cinderace, F|34\/100\n|turn|10\n|\n|t:|1700527316\n|move|p1a: Cinderace|Pyro Ball|p2a: Thundurus\n|-damage|p2a: Thundurus|13\/100\n|move|p2a: Thundurus|Tera Blast|p1a: Cinderace|[anim] Tera Blast Flying\n|-damage|p1a: Cinderace|0 fnt\n|faint|p1a: Cinderace\n|\n|-weather|none\n|upkeep\n|\n|t:|1700527325\n|switch|p1a: Dragonite|Dragonite, F|100\/100\n|turn|11\n|c|\u2606DiabloMiablo|i thought i was gonna lose ngl second i sawy ribombee\n|\n|t:|1700527339\n|switch|p2a: Alomomola|Alomomola, F|63\/100\n|-activate|p2a: Alomomola|move: Sticky Web\n|-unboost|p2a: Alomomola|spe|1\n|move|p1a: Dragonite|Dragon Dance|p1a: Dragonite\n|-boost|p1a: Dragonite|atk|1\n|-boost|p1a: Dragonite|spe|1\n|\n|upkeep\n|turn|12\n|c|\u2606THEAsianFaLiUrE|I AM STUPID\n|\n|t:|1700527361\n|move|p1a: Dragonite|Dragon Dance|p1a: Dragonite\n|-boost|p1a: Dragonite|atk|1\n|-boost|p1a: Dragonite|spe|1\n|move|p2a: Alomomola|Wish|p2a: Alomomola\n|\n|upkeep\n|turn|13\n|\n|t:|1700527367\n|move|p1a: Dragonite|Dragon Dance|p1a: Dragonite\n|-boost|p1a: Dragonite|atk|1\n|-boost|p1a: Dragonite|spe|1\n|move|p2a: Alomomola|Scald|p1a: Dragonite\n|-resisted|p1a: Dragonite\n|-damage|p1a: Dragonite|97\/100\n|-status|p1a: Dragonite|brn\n|\n|-heal|p2a: Alomomola|100\/100|[from] move: Wish|[wisher] Alomomola\n|-damage|p1a: Dragonite|91\/100 brn|[from] brn\n|upkeep\n|turn|14\n|c|\u2606THEAsianFaLiUrE|FUCK\n|c|\u2606DiabloMiablo|heeheehaw\n|c|\u2606THEAsianFaLiUrE|OFC u get burn\n|c|\u2606THEAsianFaLiUrE|DAMN IT\n|inactive|THEAsianFaLiUrE has 120 seconds left.\n|c|\u2606DiabloMiablo|i would of spammwed\n|c|\u2606THEAsianFaLiUrE|i was about to sweep u\n|\n|t:|1700527403\n|move|p1a: Dragonite|Extreme Speed|p2a: Alomomola\n|-damage|p2a: Alomomola|75\/100\n|move|p2a: Alomomola|Wish|p2a: Alomomola\n|\n|-damage|p1a: Dragonite|85\/100 brn|[from] brn\n|upkeep\n|turn|15\n|\n|t:|1700527413\n|move|p1a: Dragonite|Dragon Dance|p1a: Dragonite\n|-boost|p1a: Dragonite|atk|1\n|-boost|p1a: Dragonite|spe|1\n|move|p2a: Alomomola|Flip Turn|p1a: Dragonite\n|-resisted|p1a: Dragonite\n|-damage|p1a: Dragonite|75\/100 brn\n|\n|t:|1700527419\n|switch|p2a: Thundurus|Thundurus-Therian, M, tera:Flying|13\/100|[from] Flip Turn\n|\n|-heal|p2a: Thundurus|91\/100|[from] move: Wish|[wisher] Alomomola\n|-damage|p1a: Dragonite|69\/100 brn|[from] brn\n|upkeep\n|turn|16\n|c|\u2606THEAsianFaLiUrE|dumb shit\n|\n|t:|1700527435\n|move|p1a: Dragonite|Extreme Speed|p2a: Thundurus\n|-damage|p2a: Thundurus|20\/100\n|move|p2a: Thundurus|Tera Blast|p1a: Dragonite|[anim] Tera Blast Flying\n|-damage|p1a: Dragonite|0 fnt\n|faint|p1a: Dragonite\n|\n|upkeep\n|c|\u2606THEAsianFaLiUrE|maybe i should quit ou\n|inactive|THEAsianFaLiUrE has 120 seconds left.\n|\n|t:|1700527447\n|switch|p1a: Ogerpon|Ogerpon-Wellspring, F|100\/100\n|turn|17\n|\n|t:|1700527458\n|switch|p2a: Alomomola|Alomomola, F|100\/100\n|-activate|p2a: Alomomola|move: Sticky Web\n|-unboost|p2a: Alomomola|spe|1\n|move|p1a: Ogerpon|Ivy Cudgel|p2a: Alomomola|[anim] Ivy Cudgel Water\n|-resisted|p2a: Alomomola\n|-damage|p2a: Alomomola|84\/100\n|\n|upkeep\n|turn|18\n|inactive|THEAsianFaLiUrE has 120 seconds left.\n|\n|t:|1700527479\n|switch|p2a: Cinderace|Cinderace, F|100\/100\n|move|p1a: Ogerpon|Swords Dance|p1a: Ogerpon\n|-boost|p1a: Ogerpon|atk|2\n|\n|upkeep\n|turn|19\n|\n|t:|1700527490\n|move|p2a: Cinderace|Will-O-Wisp|p1a: Ogerpon\n|-status|p1a: Ogerpon|brn\n|move|p1a: Ogerpon|Ivy Cudgel|p2a: Cinderace|[anim] Ivy Cudgel Water\n|-supereffective|p2a: Cinderace\n|-damage|p2a: Cinderace|0 fnt\n|faint|p2a: Cinderace\n|\n|-damage|p1a: Ogerpon|95\/100 brn|[from] brn\n|upkeep\n|\n|t:|1700527497\n|switch|p2a: Alomomola|Alomomola, F|100\/100\n|-activate|p2a: Alomomola|move: Sticky Web\n|-unboost|p2a: Alomomola|spe|1\n|turn|20\n|\n|t:|1700527501\n|move|p1a: Ogerpon|Power Whip|p2a: Alomomola\n|-supereffective|p2a: Alomomola\n|-damage|p2a: Alomomola|9\/100\n|move|p2a: Alomomola|Wish|p2a: Alomomola\n|\n|-damage|p1a: Ogerpon|89\/100 brn|[from] brn\n|upkeep\n|turn|21\n|c|\u2606DiabloMiablo|im so smart\n|\n|t:|1700527509\n|move|p1a: Ogerpon|Swords Dance|p1a: Ogerpon\n|-boost|p1a: Ogerpon|atk|2\n|move|p2a: Alomomola|Flip Turn|p1a: Ogerpon\n|-heal|p1a: Ogerpon|100\/100 brn|[from] ability: Water Absorb|[of] p2a: Alomomola\n|\n|-heal|p2a: Alomomola|59\/100|[from] move: Wish|[wisher] Alomomola\n|-damage|p1a: Ogerpon|95\/100 brn|[from] brn\n|upkeep\n|turn|22\n|\n|t:|1700527517\n|move|p1a: Ogerpon|Power Whip|p2a: Alomomola|[miss]\n|-miss|p1a: Ogerpon|p2a: Alomomola\n|move|p2a: Alomomola|Wish|p2a: Alomomola\n|\n|-damage|p1a: Ogerpon|89\/100 brn|[from] brn\n|upkeep\n|turn|23\n|c|\u2606THEAsianFaLiUrE|FUCK\n|\n|t:|1700527524\n|move|p1a: Ogerpon|Power Whip|p2a: Alomomola|[miss]\n|-miss|p1a: Ogerpon|p2a: Alomomola\n|move|p2a: Alomomola|Acrobatics|p1a: Ogerpon\n|-supereffective|p1a: Ogerpon\n|-damage|p1a: Ogerpon|32\/100 brn\n|\n|-heal|p2a: Alomomola|100\/100|[from] move: Wish|[wisher] Alomomola\n|-damage|p1a: Ogerpon|26\/100 brn|[from] brn\n|upkeep\n|turn|24\n|c|\u2606DiabloMiablo|unlucky\n|c|\u2606THEAsianFaLiUrE|FUCK\n|\n|t:|1700527533\n|move|p1a: Ogerpon|Power Whip|p2a: Alomomola\n|-supereffective|p2a: Alomomola\n|-damage|p2a: Alomomola|0 fnt\n|faint|p2a: Alomomola\n|\n|-damage|p1a: Ogerpon|20\/100 brn|[from] brn\n|upkeep\n|\n|t:|1700527539\n|switch|p2a: Kingambit|Kingambit, F|100\/100\n|-activate|p2a: Kingambit|move: Sticky Web\n|-unboost|p2a: Kingambit|spe|1\n|-activate|p2a: Kingambit|ability: Supreme Overlord\n|-start|p2a: Kingambit|fallen3|[silent]\n|turn|25\n|c|\u2606THEAsianFaLiUrE|blind bitch\n|\n|t:|1700527545\n|move|p2a: Kingambit|Sucker Punch|p1a: Ogerpon\n|-damage|p1a: Ogerpon|0 fnt\n|faint|p1a: Ogerpon\n|\n|upkeep\n|\n|t:|1700527549\n|switch|p1a: Manaphy|Manaphy|100\/100\n|turn|26\n|\n|t:|1700527554\n|move|p1a: Manaphy|Surf|p2a: Kingambit\n|-damage|p2a: Kingambit|61\/100\n|move|p2a: Kingambit|Swords Dance|p2a: Kingambit\n|-boost|p2a: Kingambit|atk|2\n|\n|-heal|p2a: Kingambit|67\/100|[from] item: Leftovers\n|upkeep\n|turn|27\n|\n|t:|1700527561\n|move|p2a: Kingambit|Sucker Punch||[still]\n|-fail|p2a: Kingambit\n|move|p1a: Manaphy|Tail Glow|p1a: Manaphy\n|-boost|p1a: Manaphy|spa|3\n|\n|-heal|p2a: Kingambit|73\/100|[from] item: Leftovers\n|upkeep\n|turn|28\n|\n|t:|1700527567\n|move|p1a: Manaphy|Tail Glow|p1a: Manaphy\n|-boost|p1a: Manaphy|spa|3\n|move|p2a: Kingambit|Kowtow Cleave|p1a: Manaphy\n|-damage|p1a: Manaphy|0 fnt\n|faint|p1a: Manaphy\n|\n|win|DiabloMiablo\n|raw|THEAsianFaLiUrE's rating: 1197 &rarr; <strong>1167<\/strong><br \/>(-30 for losing)\n|raw|DiabloMiablo's rating: 1130 &rarr; <strong>1160<\/strong><br \/>(+30 for winning)\n","uploadtime":1700527542,"views":5,"p1id":"theasianfaliure","p2id":"diablomiablo","formatid":"gen9ou","rating":1160,"private":0,"password":""}