{"id":"gen9ou-1995435008","p1":"Kondroid","p2":"bobo38","format":"[Gen 9] OU","log":"|j|\u2606Kondroid\n|j|\u2606bobo38\n|t:|1700570395\n|gametype|singles\n|player|p1|Kondroid|hilbert-wonderlauncher|1126\n|player|p2|bobo38|hiker-gen4|1056\n|teamsize|p1|6\n|teamsize|p2|6\n|gen|9\n|tier|[Gen 9] OU\n|rated|\n|rule|Sleep Clause Mod: Limit one foe put to sleep\n|rule|Species Clause: Limit one of each Pok\u00e9mon\n|rule|OHKO Clause: OHKO moves are banned\n|rule|Evasion Items Clause: Evasion items are banned\n|rule|Evasion Moves Clause: Evasion moves are banned\n|rule|Endless Battle Clause: Forcing endless battles is banned\n|rule|HP Percentage Mod: HP is shown in percentages\n|clearpoke\n|poke|p1|Great Tusk|\n|poke|p1|Sinistcha|\n|poke|p1|Alomomola, F|\n|poke|p1|Dragonite, M|\n|poke|p1|Ogerpon-Cornerstone, F|\n|poke|p1|Ribombee, F|\n|poke|p2|Ceruledge, F|\n|poke|p2|Corviknight, F|\n|poke|p2|Glimmora, M|\n|poke|p2|Toxapex, F|\n|poke|p2|Kingambit, F|\n|poke|p2|Dragapult, M|\n|teampreview\n|inactive|Battle timer is ON: inactive players will automatically lose when time's up. (requested by Kondroid)\n|\n|t:|1700570403\n|start\n|switch|p1a: Ribombee|Ribombee, F|100\/100\n|switch|p2a: Glimmora|Glimmora, M|100\/100\n|turn|1\n|\n|t:|1700570419\n|move|p1a: Ribombee|Sticky Web|p2a: Glimmora\n|-sidestart|p2: bobo38|move: Sticky Web\n|move|p2a: Glimmora|Toxic|p1a: Ribombee\n|-status|p1a: Ribombee|tox\n|\n|-damage|p1a: Ribombee|94\/100 tox|[from] psn\n|upkeep\n|turn|2\n|\n|t:|1700570428\n|move|p1a: Ribombee|Tailwind|p1a: Ribombee\n|-sidestart|p1: Kondroid|move: Tailwind\n|move|p2a: Glimmora|Stealth Rock|p1a: Ribombee\n|-sidestart|p1: Kondroid|move: Stealth Rock\n|\n|-damage|p1a: Ribombee|82\/100 tox|[from] psn\n|upkeep\n|turn|3\n|\n|t:|1700570438\n|move|p1a: Ribombee|Stun Spore|p2a: Glimmora\n|-status|p2a: Glimmora|par\n|move|p2a: Glimmora|Explosion|p1a: Ribombee\n|-damage|p1a: Ribombee|22\/100 tox\n|faint|p2a: Glimmora\n|\n|-damage|p1a: Ribombee|3\/100 tox|[from] psn\n|upkeep\n|\n|t:|1700570461\n|switch|p2a: Corviknight|Corviknight, F|100\/100\n|-ability|p2a: Corviknight|Pressure\n|turn|4\n|\n|t:|1700570468\n|move|p1a: Ribombee|Stun Spore|p2a: Corviknight|[miss]\n|-miss|p1a: Ribombee|p2a: Corviknight\n|move|p2a: Corviknight|Defog|p1a: Ribombee\n|-unboost|p1a: Ribombee|evasion|1\n|-sideend|p1: Kondroid|Stealth Rock|[from] move: Defog|[of] p2a: Corviknight\n|-sideend|p2: bobo38|Sticky Web|[from] move: Defog|[of] p2a: Corviknight\n|\n|-damage|p1a: Ribombee|0 fnt|[from] psn\n|faint|p1a: Ribombee\n|upkeep\n|\n|t:|1700570482\n|switch|p1a: Alomomola|Alomomola, F|100\/100\n|turn|5\n|inactive|bobo38 has 120 seconds left.\n|\n|t:|1700570514\n|move|p1a: Alomomola|Scald|p2a: Corviknight\n|-crit|p2a: Corviknight\n|-damage|p2a: Corviknight|78\/100\n|move|p2a: Corviknight|Defog|p1a: Alomomola\n|-unboost|p1a: Alomomola|evasion|1\n|\n|-heal|p2a: Corviknight|84\/100|[from] item: Leftovers\n|-sideend|p1: Kondroid|move: Tailwind\n|upkeep\n|turn|6\n|inactive|bobo38 has 120 seconds left.\n|\n|t:|1700570525\n|switch|p2a: Toxapex|Toxapex, F|100\/100\n|move|p1a: Alomomola|Scald|p2a: Toxapex\n|-resisted|p2a: Toxapex\n|-damage|p2a: Toxapex|96\/100\n|\n|-heal|p2a: Toxapex|100\/100|[from] item: Leftovers\n|upkeep\n|turn|7\n|inactive|bobo38 has 120 seconds left.\n|\n|t:|1700570539\n|move|p1a: Alomomola|Flip Turn|p2a: Toxapex\n|-resisted|p2a: Toxapex\n|-damage|p2a: Toxapex|94\/100\n|\n|t:|1700570545\n|switch|p1a: Sinistcha|Sinistcha|100\/100|[from] Flip Turn\n|move|p2a: Toxapex|Infestation|p1a: Sinistcha\n|-damage|p1a: Sinistcha|97\/100\n|-activate|p1a: Sinistcha|move: Infestation|[of] p2a: Toxapex\n|\n|-heal|p1a: Sinistcha|100\/100|[from] item: Leftovers\n|-heal|p2a: Toxapex|100\/100|[from] item: Leftovers\n|-damage|p1a: Sinistcha|88\/100|[from] move: Infestation|[partiallytrapped]\n|upkeep\n|turn|8\n|inactive|bobo38 has 120 seconds left.\n|\n|t:|1700570561\n|move|p1a: Sinistcha|Matcha Gotcha|p2a: Toxapex|[miss]\n|-miss|p1a: Sinistcha|p2a: Toxapex\n|move|p2a: Toxapex|Sludge Bomb|p1a: Sinistcha\n|-damage|p1a: Sinistcha|67\/100\n|\n|-heal|p1a: Sinistcha|73\/100|[from] item: Leftovers\n|-damage|p1a: Sinistcha|61\/100|[from] move: Infestation|[partiallytrapped]\n|upkeep\n|turn|9\n|inactive|bobo38 has 120 seconds left.\n|\n|t:|1700570572\n|move|p1a: Sinistcha|Matcha Gotcha|p2a: Toxapex|[miss]\n|-miss|p1a: Sinistcha|p2a: Toxapex\n|move|p2a: Toxapex|Sludge Bomb|p1a: Sinistcha\n|-damage|p1a: Sinistcha|37\/100\n|\n|-heal|p1a: Sinistcha|44\/100|[from] item: Leftovers\n|-damage|p1a: Sinistcha|31\/100|[from] move: Infestation|[partiallytrapped]\n|upkeep\n|turn|10\n|inactive|bobo38 has 120 seconds left.\n|\n|t:|1700570583\n|move|p1a: Sinistcha|Matcha Gotcha|p2a: Toxapex\n|-damage|p2a: Toxapex|66\/100\n|-heal|p1a: Sinistcha|43\/100|[from] drain|[of] p2a: Toxapex\n|move|p2a: Toxapex|Sludge Bomb|p1a: Sinistcha\n|-damage|p1a: Sinistcha|22\/100\n|\n|-heal|p1a: Sinistcha|28\/100|[from] item: Leftovers\n|-heal|p2a: Toxapex|72\/100|[from] item: Leftovers\n|-damage|p1a: Sinistcha|15\/100|[from] move: Infestation|[partiallytrapped]\n|upkeep\n|turn|11\n|inactive|bobo38 has 120 seconds left.\n|\n|t:|1700570596\n|move|p1a: Sinistcha|Strength Sap|p2a: Toxapex\n|-unboost|p2a: Toxapex|atk|1\n|-heal|p1a: Sinistcha|49\/100\n|move|p2a: Toxapex|Sludge Bomb|p1a: Sinistcha\n|-damage|p1a: Sinistcha|29\/100\n|\n|-heal|p1a: Sinistcha|35\/100|[from] item: Leftovers\n|-heal|p2a: Toxapex|78\/100|[from] item: Leftovers\n|-damage|p1a: Sinistcha|22\/100|[from] move: Infestation|[partiallytrapped]\n|upkeep\n|turn|12\n|inactive|bobo38 has 120 seconds left.\n|\n|t:|1700570608\n|move|p2a: Toxapex|Baneful Bunker|p2a: Toxapex\n|-singleturn|p2a: Toxapex|move: Protect\n|move|p1a: Sinistcha|Matcha Gotcha|p2a: Toxapex\n|-activate|p2a: Toxapex|move: Protect\n|\n|-heal|p1a: Sinistcha|29\/100|[from] item: Leftovers\n|-heal|p2a: Toxapex|84\/100|[from] item: Leftovers\n|-end|p1a: Sinistcha|Infestation|[partiallytrapped]\n|upkeep\n|turn|13\n|inactive|bobo38 has 120 seconds left.\n|\n|t:|1700570619\n|move|p1a: Sinistcha|Matcha Gotcha|p2a: Toxapex\n|-damage|p2a: Toxapex|47\/100\n|-heal|p1a: Sinistcha|42\/100|[from] drain|[of] p2a: Toxapex\n|move|p2a: Toxapex|Infestation|p1a: Sinistcha\n|-damage|p1a: Sinistcha|38\/100\n|-activate|p1a: Sinistcha|move: Infestation|[of] p2a: Toxapex\n|\n|-heal|p1a: Sinistcha|44\/100|[from] item: Leftovers\n|-heal|p2a: Toxapex|53\/100|[from] item: Leftovers\n|-damage|p1a: Sinistcha|32\/100|[from] move: Infestation|[partiallytrapped]\n|upkeep\n|turn|14\n|inactive|bobo38 has 120 seconds left.\n|\n|t:|1700570631\n|move|p2a: Toxapex|Baneful Bunker|p2a: Toxapex\n|-singleturn|p2a: Toxapex|move: Protect\n|move|p1a: Sinistcha|Strength Sap|p2a: Toxapex\n|-activate|p2a: Toxapex|move: Protect\n|\n|-heal|p1a: Sinistcha|38\/100|[from] item: Leftovers\n|-heal|p2a: Toxapex|59\/100|[from] item: Leftovers\n|-damage|p1a: Sinistcha|26\/100|[from] move: Infestation|[partiallytrapped]\n|upkeep\n|turn|15\n|inactive|bobo38 has 120 seconds left.\n|\n|t:|1700570646\n|switch|p2a: Corviknight|Corviknight, F|84\/100\n|-ability|p2a: Corviknight|Pressure\n|move|p1a: Sinistcha|Strength Sap|p2a: Corviknight\n|-unboost|p2a: Corviknight|atk|1\n|-heal|p1a: Sinistcha|87\/100\n|\n|-heal|p2a: Corviknight|91\/100|[from] item: Leftovers\n|-heal|p1a: Sinistcha|93\/100|[from] item: Leftovers\n|-end|p1a: Sinistcha|Infestation|[partiallytrapped]|[silent]\n|upkeep\n|turn|16\n|inactive|bobo38 has 120 seconds left.\n|\n|t:|1700570662\n|move|p2a: Corviknight|Iron Head|p1a: Sinistcha\n|-damage|p1a: Sinistcha|77\/100\n|move|p1a: Sinistcha|Scald|p2a: Corviknight\n|-damage|p2a: Corviknight|58\/100\n|\n|-heal|p2a: Corviknight|65\/100|[from] item: Leftovers\n|-heal|p1a: Sinistcha|83\/100|[from] item: Leftovers\n|upkeep\n|turn|17\n|\n|t:|1700570685\n|switch|p2a: Toxapex|Toxapex, F|92\/100\n|move|p1a: Sinistcha|Scald|p2a: Toxapex\n|-resisted|p2a: Toxapex\n|-damage|p2a: Toxapex|80\/100\n|-status|p2a: Toxapex|brn\n|\n|-heal|p1a: Sinistcha|89\/100|[from] item: Leftovers\n|-heal|p2a: Toxapex|86\/100 brn|[from] item: Leftovers\n|-damage|p2a: Toxapex|80\/100 brn|[from] brn\n|upkeep\n|turn|18\n|\n|t:|1700570697\n|switch|p1a: Alomomola|Alomomola, F|100\/100\n|move|p2a: Toxapex|Infestation|p1a: Alomomola\n|-damage|p1a: Alomomola|97\/100\n|-activate|p1a: Alomomola|move: Infestation|[of] p2a: Toxapex\n|-enditem|p1a: Alomomola|Red Card|[of] p2a: Toxapex\n|drag|p2a: Dragapult|Dragapult, M|100\/100\n|\n|-end|p1a: Alomomola|Infestation|[partiallytrapped]|[silent]\n|upkeep\n|turn|19\n|inactive|bobo38 has 90 seconds left.\n|\n|t:|1700570719\n|move|p2a: Dragapult|Dragon Claw|p1a: Alomomola\n|-damage|p1a: Alomomola|77\/100\n|move|p1a: Alomomola|Acrobatics|p2a: Dragapult\n|-damage|p2a: Dragapult|71\/100\n|\n|upkeep\n|turn|20\n|\n|t:|1700570729\n|move|p2a: Dragapult|U-turn|p1a: Alomomola\n|-damage|p1a: Alomomola|64\/100\n|\n|t:|1700570735\n|switch|p2a: Toxapex|Toxapex, F|100\/100 brn|[from] U-turn\n|move|p1a: Alomomola|Acrobatics|p2a: Toxapex\n|-damage|p2a: Toxapex|84\/100 brn\n|\n|-heal|p2a: Toxapex|91\/100 brn|[from] item: Leftovers\n|-damage|p2a: Toxapex|84\/100 brn|[from] brn\n|upkeep\n|turn|21\n|\n|t:|1700570754\n|move|p1a: Alomomola|Flip Turn|p2a: Toxapex\n|-resisted|p2a: Toxapex\n|-damage|p2a: Toxapex|77\/100 brn\n|\n|t:|1700570767\n|switch|p1a: Dragonite|Dragonite, M|100\/100|[from] Flip Turn\n|move|p2a: Toxapex|Infestation|p1a: Dragonite\n|-resisted|p1a: Dragonite\n|-crit|p1a: Dragonite\n|-damage|p1a: Dragonite|99\/100\n|-activate|p1a: Dragonite|move: Infestation|[of] p2a: Toxapex\n|\n|-heal|p2a: Toxapex|84\/100 brn|[from] item: Leftovers\n|-damage|p2a: Toxapex|77\/100 brn|[from] brn\n|-damage|p1a: Dragonite|87\/100|[from] move: Infestation|[partiallytrapped]\n|upkeep\n|turn|22\n|\n|t:|1700570780\n|move|p1a: Dragonite|Dragon Dance|p1a: Dragonite\n|-boost|p1a: Dragonite|atk|1\n|-boost|p1a: Dragonite|spe|1\n|move|p2a: Toxapex|Chilling Water|p1a: Dragonite\n|-resisted|p1a: Dragonite\n|-damage|p1a: Dragonite|81\/100\n|-unboost|p1a: Dragonite|atk|1\n|\n|-heal|p2a: Toxapex|84\/100 brn|[from] item: Leftovers\n|-damage|p2a: Toxapex|77\/100 brn|[from] brn\n|-damage|p1a: Dragonite|69\/100|[from] move: Infestation|[partiallytrapped]\n|upkeep\n|turn|23\n|\n|t:|1700570793\n|move|p1a: Dragonite|Earthquake|p2a: Toxapex\n|-supereffective|p2a: Toxapex\n|-damage|p2a: Toxapex|17\/100 brn\n|move|p2a: Toxapex|Chilling Water|p1a: Dragonite\n|-resisted|p1a: Dragonite\n|-damage|p1a: Dragonite|63\/100\n|-unboost|p1a: Dragonite|atk|1\n|\n|-heal|p2a: Toxapex|23\/100 brn|[from] item: Leftovers\n|-damage|p2a: Toxapex|17\/100 brn|[from] brn\n|-damage|p1a: Dragonite|51\/100|[from] move: Infestation|[partiallytrapped]\n|upkeep\n|turn|24\n|\n|t:|1700570806\n|move|p2a: Toxapex|Baneful Bunker|p2a: Toxapex\n|-singleturn|p2a: Toxapex|move: Protect\n|move|p1a: Dragonite|Extreme Speed|p2a: Toxapex\n|-activate|p2a: Toxapex|move: Protect\n|-status|p1a: Dragonite|psn\n|\n|-heal|p2a: Toxapex|23\/100 brn|[from] item: Leftovers\n|-damage|p1a: Dragonite|39\/100 psn|[from] psn\n|-damage|p2a: Toxapex|17\/100 brn|[from] brn\n|-damage|p1a: Dragonite|26\/100 psn|[from] move: Infestation|[partiallytrapped]\n|upkeep\n|turn|25\n|\n|t:|1700570821\n|switch|p2a: Corviknight|Corviknight, F|65\/100\n|-ability|p2a: Corviknight|Pressure\n|move|p1a: Dragonite|Extreme Speed|p2a: Corviknight\n|-resisted|p2a: Corviknight\n|-damage|p2a: Corviknight|57\/100\n|\n|-heal|p2a: Corviknight|63\/100|[from] item: Leftovers\n|-damage|p1a: Dragonite|14\/100 psn|[from] psn\n|-end|p1a: Dragonite|Infestation|[partiallytrapped]|[silent]\n|upkeep\n|turn|26\n|\n|t:|1700570833\n|move|p1a: Dragonite|Ice Spinner|p2a: Corviknight\n|-damage|p2a: Corviknight|47\/100\n|move|p2a: Corviknight|Roost|p2a: Corviknight\n|-heal|p2a: Corviknight|98\/100\n|-singleturn|p2a: Corviknight|move: Roost\n|\n|-heal|p2a: Corviknight|100\/100|[from] item: Leftovers\n|-damage|p1a: Dragonite|1\/100 psn|[from] psn\n|upkeep\n|turn|27\n|\n|t:|1700570844\n|switch|p1a: Alomomola|Alomomola, F|97\/100\n|move|p2a: Corviknight|Roost||[still]\n|-fail|p2a: Corviknight|heal\n|\n|upkeep\n|turn|28\n|\n|t:|1700570853\n|switch|p2a: Toxapex|Toxapex, F|50\/100 brn\n|move|p1a: Alomomola|Scald|p2a: Toxapex\n|-resisted|p2a: Toxapex\n|-damage|p2a: Toxapex|45\/100 brn\n|\n|-heal|p2a: Toxapex|51\/100 brn|[from] item: Leftovers\n|-damage|p2a: Toxapex|45\/100 brn|[from] brn\n|upkeep\n|turn|29\n|\n|t:|1700570863\n|move|p1a: Alomomola|Acrobatics|p2a: Toxapex\n|-damage|p2a: Toxapex|28\/100 brn\n|move|p2a: Toxapex|Infestation|p1a: Alomomola\n|-damage|p1a: Alomomola|94\/100\n|-activate|p1a: Alomomola|move: Infestation|[of] p2a: Toxapex\n|\n|-heal|p2a: Toxapex|34\/100 brn|[from] item: Leftovers\n|-damage|p2a: Toxapex|28\/100 brn|[from] brn\n|-damage|p1a: Alomomola|82\/100|[from] move: Infestation|[partiallytrapped]\n|upkeep\n|turn|30\n|\n|t:|1700570874\n|move|p2a: Toxapex|Baneful Bunker|p2a: Toxapex\n|-singleturn|p2a: Toxapex|move: Protect\n|move|p1a: Alomomola|Acrobatics|p2a: Toxapex\n|-activate|p2a: Toxapex|move: Protect\n|-status|p1a: Alomomola|psn\n|\n|-heal|p2a: Toxapex|34\/100 brn|[from] item: Leftovers\n|-damage|p1a: Alomomola|69\/100 psn|[from] psn\n|-damage|p2a: Toxapex|28\/100 brn|[from] brn\n|-damage|p1a: Alomomola|57\/100 psn|[from] move: Infestation|[partiallytrapped]\n|upkeep\n|turn|31\n|inactive|bobo38 has 90 seconds left.\n|\n|t:|1700570894\n|switch|p2a: Kingambit|Kingambit, F|100\/100\n|move|p1a: Alomomola|Wish|p1a: Alomomola\n|\n|-damage|p1a: Alomomola|45\/100 psn|[from] psn\n|-end|p1a: Alomomola|Infestation|[partiallytrapped]|[silent]\n|upkeep\n|turn|32\n|\n|t:|1700570904\n|move|p2a: Kingambit|Swords Dance|p2a: Kingambit\n|-boost|p2a: Kingambit|atk|2\n|move|p1a: Alomomola|Scald|p2a: Kingambit\n|-damage|p2a: Kingambit|86\/100\n|-status|p2a: Kingambit|brn\n|\n|-heal|p1a: Alomomola|95\/100 psn|[from] move: Wish|[wisher] Alomomola\n|-heal|p2a: Kingambit|92\/100 brn|[from] item: Leftovers\n|-damage|p1a: Alomomola|82\/100 psn|[from] psn\n|-damage|p2a: Kingambit|86\/100 brn|[from] brn\n|upkeep\n|turn|33\n|inactive|bobo38 has 90 seconds left.\n|\n|t:|1700570920\n|move|p2a: Kingambit|Kowtow Cleave|p1a: Alomomola\n|-damage|p1a: Alomomola|59\/100 psn\n|move|p1a: Alomomola|Flip Turn|p2a: Kingambit\n|-damage|p2a: Kingambit|72\/100 brn\n|\n|t:|1700570926\n|switch|p1a: Great Tusk|Great Tusk|100\/100|[from] Flip Turn\n|-enditem|p1a: Great Tusk|Booster Energy\n|-activate|p1a: Great Tusk|ability: Protosynthesis|[fromitem]\n|-start|p1a: Great Tusk|protosynthesisatk\n|\n|-heal|p2a: Kingambit|78\/100 brn|[from] item: Leftovers\n|-damage|p2a: Kingambit|72\/100 brn|[from] brn\n|upkeep\n|turn|34\n|\n|t:|1700570937\n|switch|p2a: Corviknight|Corviknight, F|100\/100\n|-ability|p2a: Corviknight|Pressure\n|move|p1a: Great Tusk|Earthquake|p2a: Corviknight\n|-immune|p2a: Corviknight\n|\n|upkeep\n|turn|35\n|\n|t:|1700570948\n|move|p1a: Great Tusk|Rapid Spin|p2a: Corviknight\n|-resisted|p2a: Corviknight\n|-damage|p2a: Corviknight|92\/100\n|-boost|p1a: Great Tusk|spe|1\n|move|p2a: Corviknight|Body Press|p1a: Great Tusk\n|-damage|p1a: Great Tusk|83\/100\n|\n|-heal|p2a: Corviknight|98\/100|[from] item: Leftovers\n|upkeep\n|turn|36\n|\n|t:|1700570961\n|move|p1a: Great Tusk|Ice Spinner|p2a: Corviknight\n|-damage|p2a: Corviknight|69\/100\n|move|p2a: Corviknight|Iron Head|p1a: Great Tusk\n|-damage|p1a: Great Tusk|66\/100\n|\n|-heal|p2a: Corviknight|75\/100|[from] item: Leftovers\n|upkeep\n|turn|37\n|\n|t:|1700570979\n|move|p1a: Great Tusk|Close Combat|p2a: Corviknight\n|-damage|p2a: Corviknight|9\/100\n|-unboost|p1a: Great Tusk|def|1\n|-unboost|p1a: Great Tusk|spd|1\n|move|p2a: Corviknight|Iron Head|p1a: Great Tusk\n|-damage|p1a: Great Tusk|37\/100\n|\n|-heal|p2a: Corviknight|15\/100|[from] item: Leftovers\n|upkeep\n|turn|38\n|\n|t:|1700570996\n|switch|p2a: Toxapex|Toxapex, F|61\/100 brn\n|move|p1a: Great Tusk|Close Combat|p2a: Toxapex\n|-resisted|p2a: Toxapex\n|-damage|p2a: Toxapex|30\/100 brn\n|-unboost|p1a: Great Tusk|def|1\n|-unboost|p1a: Great Tusk|spd|1\n|\n|-heal|p2a: Toxapex|36\/100 brn|[from] item: Leftovers\n|-damage|p2a: Toxapex|30\/100 brn|[from] brn\n|upkeep\n|turn|39\n|inactive|bobo38 has 90 seconds left.\n|\n|t:|1700571011\n|switch|p2a: Corviknight|Corviknight, F|15\/100\n|-ability|p2a: Corviknight|Pressure\n|move|p1a: Great Tusk|Earthquake|p2a: Corviknight\n|-immune|p2a: Corviknight\n|\n|-heal|p2a: Corviknight|21\/100|[from] item: Leftovers\n|upkeep\n|turn|40\n|inactive|bobo38 has 90 seconds left.\n|\n|t:|1700571023\n|switch|p2a: Kingambit|Kingambit, F|72\/100 brn\n|move|p1a: Great Tusk|Close Combat|p2a: Kingambit\n|-supereffective|p2a: Kingambit\n|-crit|p2a: Kingambit\n|-damage|p2a: Kingambit|0 fnt\n|-unboost|p1a: Great Tusk|def|1\n|-unboost|p1a: Great Tusk|spd|1\n|faint|p2a: Kingambit\n|\n|upkeep\n|inactive|bobo38 has 90 seconds left.\n|\n|t:|1700571035\n|switch|p2a: Ceruledge|Ceruledge, F|100\/100\n|turn|41\n|inactive|bobo38 has 90 seconds left.\n|\n|t:|1700571044\n|move|p1a: Great Tusk|Earthquake|p2a: Ceruledge\n|-supereffective|p2a: Ceruledge\n|-damage|p2a: Ceruledge|0 fnt\n|faint|p2a: Ceruledge\n|\n|upkeep\n|-message|bobo38 forfeited.\n|\n|win|Kondroid\n|raw|Kondroid's rating: 1126 &rarr; <strong>1146<\/strong><br \/>(+20 for winning)\n|raw|bobo38's rating: 1056 &rarr; <strong>1041<\/strong><br \/>(-15 for losing)\n|l|\u2606bobo38\n","uploadtime":1700571053,"views":10,"p1id":"kondroid","p2id":"bobo38","formatid":"gen9ou","rating":1041,"private":0,"password":""}