{"id":"gen9ou-1993476954","p1":"Bacon_Snow","p2":"dhuynh1","format":"[Gen 9] OU","log":"|j|\u2606Bacon_Snow\n|j|\u2606dhuynh1\n|t:|1700322597\n|gametype|singles\n|player|p1|Bacon_Snow|266|1029\n|player|p2|dhuynh1|byron|1036\n|teamsize|p1|6\n|teamsize|p2|5\n|gen|9\n|tier|[Gen 9] OU\n|rated|\n|rule|Sleep Clause Mod: Limit one foe put to sleep\n|rule|Species Clause: Limit one of each Pok\u00e9mon\n|rule|OHKO Clause: OHKO moves are banned\n|rule|Evasion Items Clause: Evasion items are banned\n|rule|Evasion Moves Clause: Evasion moves are banned\n|rule|Endless Battle Clause: Forcing endless battles is banned\n|rule|HP Percentage Mod: HP is shown in percentages\n|clearpoke\n|poke|p1|Typhlosion-Hisui, F|\n|poke|p1|Great Tusk|\n|poke|p1|Landorus-Therian, M|\n|poke|p1|Alomomola, M|\n|poke|p1|Samurott-Hisui, M|\n|poke|p1|Clefable, M|\n|poke|p2|Poliwrath, F|\n|poke|p2|Lilligant-Hisui, F|\n|poke|p2|Blissey, F|\n|poke|p2|Dondozo, F|\n|poke|p2|Gholdengo|\n|teampreview\n|\n|t:|1700322602\n|start\n|switch|p1a: Heheheh|Great Tusk|100\/100\n|switch|p2a: Poliwrath|Poliwrath, F|100\/100\n|-enditem|p1a: Heheheh|Booster Energy\n|-activate|p1a: Heheheh|ability: Protosynthesis|[fromitem]\n|-start|p1a: Heheheh|protosynthesisspe\n|turn|1\n|\n|t:|1700322611\n|-end|p1a: Heheheh|Protosynthesis|[silent]\n|switch|p1a: Superbowl|Alomomola, M|100\/100\n|move|p2a: Poliwrath|Bulk Up|p2a: Poliwrath\n|-boost|p2a: Poliwrath|atk|1\n|-boost|p2a: Poliwrath|def|1\n|\n|upkeep\n|turn|2\n|\n|t:|1700322618\n|move|p2a: Poliwrath|Bulk Up|p2a: Poliwrath\n|-boost|p2a: Poliwrath|atk|1\n|-boost|p2a: Poliwrath|def|1\n|move|p1a: Superbowl|Chilling Water|p2a: Poliwrath\n|-resisted|p2a: Poliwrath\n|-damage|p2a: Poliwrath|97\/100\n|-unboost|p2a: Poliwrath|atk|1\n|\n|upkeep\n|turn|3\n|\n|t:|1700322628\n|move|p2a: Poliwrath|Bulk Up|p2a: Poliwrath\n|-boost|p2a: Poliwrath|atk|1\n|-boost|p2a: Poliwrath|def|1\n|move|p1a: Superbowl|Chilling Water|p2a: Poliwrath\n|-resisted|p2a: Poliwrath\n|-damage|p2a: Poliwrath|93\/100\n|-unboost|p2a: Poliwrath|atk|1\n|\n|upkeep\n|turn|4\n|\n|t:|1700322635\n|move|p2a: Poliwrath|Bulk Up|p2a: Poliwrath\n|-boost|p2a: Poliwrath|atk|1\n|-boost|p2a: Poliwrath|def|1\n|move|p1a: Superbowl|Chilling Water|p2a: Poliwrath\n|-resisted|p2a: Poliwrath\n|-damage|p2a: Poliwrath|88\/100\n|-unboost|p2a: Poliwrath|atk|1\n|\n|upkeep\n|turn|5\n|\n|t:|1700322643\n|switch|p1a: fungi|Clefable, M, shiny|100\/100\n|move|p2a: Poliwrath|Bulk Up|p2a: Poliwrath\n|-boost|p2a: Poliwrath|atk|1\n|-boost|p2a: Poliwrath|def|1\n|\n|upkeep\n|turn|6\n|\n|t:|1700322649\n|move|p2a: Poliwrath|Drain Punch|p1a: fungi\n|-resisted|p1a: fungi\n|-damage|p1a: fungi|69\/100\n|-heal|p2a: Poliwrath|100\/100|[from] drain|[of] p1a: fungi\n|-damage|p2a: Poliwrath|91\/100|[from] item: Life Orb\n|move|p1a: fungi|Moonblast|p2a: Poliwrath\n|-supereffective|p2a: Poliwrath\n|-damage|p2a: Poliwrath|25\/100\n|\n|-heal|p1a: fungi|75\/100|[from] item: Leftovers\n|upkeep\n|turn|7\n|\n|t:|1700322662\n|-terastallize|p2a: Poliwrath|Water\n|move|p2a: Poliwrath|Rain Dance|p2a: Poliwrath\n|-weather|RainDance\n|move|p1a: fungi|Moonblast|p2a: Poliwrath\n|-damage|p2a: Poliwrath|0 fnt\n|faint|p2a: Poliwrath\n|\n|-weather|RainDance|[upkeep]\n|-heal|p1a: fungi|81\/100|[from] item: Leftovers\n|upkeep\n|\n|t:|1700322670\n|switch|p2a: Lilligant|Lilligant-Hisui, F|100\/100\n|turn|8\n|\n|t:|1700322677\n|move|p2a: Lilligant|Close Combat|p1a: fungi\n|-resisted|p1a: fungi\n|-damage|p1a: fungi|58\/100\n|-unboost|p2a: Lilligant|def|1\n|-unboost|p2a: Lilligant|spd|1\n|-damage|p2a: Lilligant|91\/100|[from] item: Life Orb\n|move|p1a: fungi|Moonblast|p2a: Lilligant\n|-supereffective|p2a: Lilligant\n|-damage|p2a: Lilligant|0 fnt\n|faint|p2a: Lilligant\n|\n|-weather|RainDance|[upkeep]\n|-heal|p1a: fungi|64\/100|[from] item: Leftovers\n|upkeep\n|\n|t:|1700322689\n|switch|p2a: Dondozo|Dondozo, F|100\/100\n|turn|9\n|\n|t:|1700322694\n|move|p1a: fungi|Knock Off|p2a: Dondozo\n|-damage|p2a: Dondozo|91\/100\n|-enditem|p2a: Dondozo|Life Orb|[from] move: Knock Off|[of] p1a: fungi\n|move|p2a: Dondozo|Order Up|p1a: fungi\n|-immune|p1a: fungi\n|\n|-weather|RainDance|[upkeep]\n|-heal|p1a: fungi|71\/100|[from] item: Leftovers\n|upkeep\n|turn|10\n|\n|t:|1700322702\n|move|p1a: fungi|Thunder Wave|p2a: Dondozo\n|-status|p2a: Dondozo|par\n|cant|p2a: Dondozo|par\n|\n|-weather|RainDance|[upkeep]\n|-heal|p1a: fungi|77\/100|[from] item: Leftovers\n|upkeep\n|turn|11\n|\n|t:|1700322709\n|move|p1a: fungi|Moonblast|p2a: Dondozo\n|-damage|p2a: Dondozo|61\/100 par\n|move|p2a: Dondozo|Heavy Slam|p1a: fungi\n|-supereffective|p1a: fungi\n|-damage|p1a: fungi|20\/100\n|\n|-weather|none\n|-heal|p1a: fungi|26\/100|[from] item: Leftovers\n|upkeep\n|turn|12\n|\n|t:|1700322717\n|move|p1a: fungi|Moonblast|p2a: Dondozo\n|-damage|p2a: Dondozo|33\/100 par\n|-unboost|p2a: Dondozo|spa|1\n|cant|p2a: Dondozo|par\n|\n|-heal|p1a: fungi|32\/100|[from] item: Leftovers\n|upkeep\n|turn|13\n|\n|t:|1700322729\n|switch|p2a: Blissey|Blissey, F|100\/100\n|move|p1a: fungi|Moonblast|p2a: Blissey\n|-damage|p2a: Blissey|88\/100\n|\n|-heal|p1a: fungi|38\/100|[from] item: Leftovers\n|-heal|p2a: Blissey|94\/100|[from] item: Leftovers\n|upkeep\n|turn|14\n|\n|t:|1700322738\n|move|p1a: fungi|Moonlight|p1a: fungi\n|-heal|p1a: fungi|88\/100\n|move|p2a: Blissey|Healing Wish|p2a: Blissey\n|faint|p2a: Blissey\n|\n|-heal|p1a: fungi|94\/100|[from] item: Leftovers\n|upkeep\n|\n|t:|1700322746\n|switch|p2a: Dondozo|Dondozo, F|33\/100 par\n|-heal|p2a: Dondozo|100\/100|[from] move: Healing Wish\n|turn|15\n|\n|t:|1700322755\n|switch|p1a: Heheheh|Great Tusk|100\/100\n|move|p2a: Dondozo|Heavy Slam|p1a: Heheheh\n|-damage|p1a: Heheheh|93\/100\n|\n|upkeep\n|turn|16\n|\n|t:|1700322767\n|move|p1a: Heheheh|Headlong Rush|p2a: Dondozo\n|-damage|p2a: Dondozo|70\/100\n|-unboost|p1a: Heheheh|def|1\n|-unboost|p1a: Heheheh|spd|1\n|move|p2a: Dondozo|Order Up|p1a: Heheheh\n|-damage|p1a: Heheheh|76\/100\n|\n|upkeep\n|turn|17\n|\n|t:|1700322778\n|move|p1a: Heheheh|Bulk Up|p1a: Heheheh\n|-boost|p1a: Heheheh|atk|1\n|-boost|p1a: Heheheh|def|1\n|move|p2a: Dondozo|Sleep Talk||[still]\n|-fail|p2a: Dondozo\n|\n|upkeep\n|turn|18\n|\n|t:|1700322785\n|move|p1a: Heheheh|Close Combat|p2a: Dondozo\n|-damage|p2a: Dondozo|36\/100\n|-unboost|p1a: Heheheh|def|1\n|-unboost|p1a: Heheheh|spd|1\n|move|p2a: Dondozo|Chilling Water|p1a: Heheheh\n|-supereffective|p1a: Heheheh\n|-damage|p1a: Heheheh|47\/100\n|-unboost|p1a: Heheheh|atk|1\n|\n|upkeep\n|turn|19\n|\n|t:|1700322797\n|move|p1a: Heheheh|Bulk Up|p1a: Heheheh\n|-boost|p1a: Heheheh|atk|1\n|-boost|p1a: Heheheh|def|1\n|move|p2a: Dondozo|Chilling Water|p1a: Heheheh\n|-supereffective|p1a: Heheheh\n|-damage|p1a: Heheheh|16\/100\n|-unboost|p1a: Heheheh|atk|1\n|\n|upkeep\n|turn|20\n|\n|t:|1700322805\n|move|p1a: Heheheh|Ice Spinner|p2a: Dondozo\n|-resisted|p2a: Dondozo\n|-damage|p2a: Dondozo|29\/100\n|move|p2a: Dondozo|Chilling Water|p1a: Heheheh\n|-supereffective|p1a: Heheheh\n|-damage|p1a: Heheheh|0 fnt\n|faint|p1a: Heheheh\n|-end|p1a: Heheheh|Protosynthesis|[silent]\n|\n|upkeep\n|\n|t:|1700322812\n|switch|p1a: Lobo|Typhlosion-Hisui, F|100\/100\n|turn|21\n|\n|t:|1700322815\n|move|p1a: Lobo|Calm Mind|p1a: Lobo\n|-boost|p1a: Lobo|spa|1\n|-boost|p1a: Lobo|spd|1\n|move|p2a: Dondozo|Chilling Water|p1a: Lobo\n|-supereffective|p1a: Lobo\n|-damage|p1a: Lobo|69\/100\n|-unboost|p1a: Lobo|atk|1\n|\n|upkeep\n|turn|22\n|\n|t:|1700322823\n|move|p1a: Lobo|Calm Mind|p1a: Lobo\n|-boost|p1a: Lobo|spa|1\n|-boost|p1a: Lobo|spd|1\n|move|p2a: Dondozo|Chilling Water|p1a: Lobo\n|-supereffective|p1a: Lobo\n|-damage|p1a: Lobo|35\/100\n|-unboost|p1a: Lobo|atk|1\n|\n|upkeep\n|turn|23\n|\n|t:|1700322832\n|move|p1a: Lobo|Calm Mind|p1a: Lobo\n|-boost|p1a: Lobo|spa|1\n|-boost|p1a: Lobo|spd|1\n|move|p2a: Dondozo|Heavy Slam|p1a: Lobo\n|-resisted|p1a: Lobo\n|-damage|p1a: Lobo|18\/100\n|\n|upkeep\n|turn|24\n|\n|t:|1700322838\n|-terastallize|p1a: Lobo|Fire\n|move|p1a: Lobo|Flamethrower|p2a: Dondozo\n|-resisted|p2a: Dondozo\n|-damage|p2a: Dondozo|0 fnt\n|faint|p2a: Dondozo\n|\n|upkeep\n|\n|t:|1700322845\n|switch|p2a: Gholdengo|Gholdengo|100\/100\n|turn|25\n|\n|t:|1700322850\n|move|p1a: Lobo|Flamethrower|p2a: Gholdengo\n|-supereffective|p2a: Gholdengo\n|-damage|p2a: Gholdengo|0 fnt\n|faint|p2a: Gholdengo\n|\n|win|Bacon_Snow\n|raw|Bacon_Snow's rating: 1029 &rarr; <strong>1065<\/strong><br \/>(+36 for winning)\n|raw|dhuynh1's rating: 1036 &rarr; <strong>1020<\/strong><br \/>(-16 for losing)\n|c|\u2606Bacon_Snow|gg\n|l|\u2606dhuynh1\n","uploadtime":1700322859,"views":9,"p1id":"baconsnow","p2id":"dhuynh1","formatid":"gen9ou","rating":1020,"private":0,"password":""}