{"id":"gen9ou-1996564925","p1":"Ryan&Ditto","p2":"MtyMiltanks","format":"[Gen 9] OU","log":"|j|\u2606Ryan&Ditto\n|j|\u2606MtyMiltanks\n|t:|1700694893\n|gametype|singles\n|player|p1|Ryan&Ditto|unknown|\n|player|p2|MtyMiltanks|lillie|\n|teamsize|p1|5\n|teamsize|p2|2\n|gen|9\n|tier|[Gen 9] OU\n|rule|Sleep Clause Mod: Limit one foe put to sleep\n|rule|Species Clause: Limit one of each Pok\u00e9mon\n|rule|OHKO Clause: OHKO moves are banned\n|rule|Evasion Items Clause: Evasion items are banned\n|rule|Evasion Moves Clause: Evasion moves are banned\n|rule|Endless Battle Clause: Forcing endless battles is banned\n|rule|HP Percentage Mod: HP is shown in percentages\n|clearpoke\n|poke|p1|Ogerpon-Wellspring, F|\n|poke|p1|Corviknight, M|\n|poke|p1|Gholdengo|\n|poke|p1|Cloyster, F|\n|poke|p1|Dragapult, M|\n|poke|p2|Iron Valiant|\n|poke|p2|Sandy Shocks|\n|teampreview\n|c|\u2606Ryan&Ditto|glhf\n|\n|t:|1700694919\n|start\n|switch|p1a: bonk.|Ogerpon-Wellspring, F|100\/100\n|switch|p2a: Sandy Shocks|Sandy Shocks|100\/100\n|-enditem|p2a: Sandy Shocks|Booster Energy\n|-activate|p2a: Sandy Shocks|ability: Protosynthesis|[fromitem]\n|-start|p2a: Sandy Shocks|protosynthesisspe\n|turn|1\n|c|\u2606MtyMiltanks|glhf\n|\n|t:|1700694974\n|-terastallize|p2a: Sandy Shocks|Fairy\n|move|p2a: Sandy Shocks|Thunderbolt|p1a: bonk.\n|-damage|p1a: bonk.|53\/100\n|move|p1a: bonk.|Ivy Cudgel|p2a: Sandy Shocks|[anim] Ivy Cudgel Water\n|-damage|p2a: Sandy Shocks|42\/100\n|\n|upkeep\n|turn|2\n|\n|t:|1700695001\n|move|p2a: Sandy Shocks|Thunderbolt|p1a: bonk.\n|-damage|p1a: bonk.|5\/100\n|move|p1a: bonk.|Ivy Cudgel|p2a: Sandy Shocks|[anim] Ivy Cudgel Water\n|-damage|p2a: Sandy Shocks|0 fnt\n|faint|p2a: Sandy Shocks\n|-end|p2a: Sandy Shocks|Protosynthesis|[silent]\n|\n|upkeep\n|\n|t:|1700695006\n|switch|p2a: Iron Valiant|Iron Valiant|100\/100\n|turn|3\n|\n|t:|1700695016\n|switch|p1a: tax evasion|Gholdengo|100\/100\n|move|p2a: Iron Valiant|Thunderbolt|p1a: tax evasion\n|-damage|p1a: tax evasion|69\/100\n|\n|upkeep\n|turn|4\n|\n|t:|1700695050\n|move|p2a: Iron Valiant|Shadow Ball|p1a: tax evasion\n|-supereffective|p1a: tax evasion\n|-damage|p1a: tax evasion|19\/100\n|move|p1a: tax evasion|Make It Rain|p2a: Iron Valiant\n|-supereffective|p2a: Iron Valiant\n|-enditem|p2a: Iron Valiant|Focus Sash\n|-damage|p2a: Iron Valiant|1\/100\n|-unboost|p1a: tax evasion|spa|1\n|\n|upkeep\n|turn|5\n|\n|t:|1700695067\n|switch|p1a: *vine boom*|Cloyster, F|100\/100\n|move|p2a: Iron Valiant|Thunderbolt|p1a: *vine boom*\n|-supereffective|p1a: *vine boom*\n|-enditem|p1a: *vine boom*|Focus Sash\n|-damage|p1a: *vine boom*|1\/100\n|\n|upkeep\n|turn|6\n|\n|t:|1700695079\n|move|p1a: *vine boom*|Ice Shard|p2a: Iron Valiant\n|-damage|p2a: Iron Valiant|0 fnt\n|faint|p2a: Iron Valiant\n|-end|p2a: Iron Valiant|Quark Drive|[silent]\n|\n|win|Ryan&Ditto\n|c|\u2606Ryan&Ditto|gg\n|c|\u2606MtyMiltanks|I should have run sneak\n|c|\u2606Ryan&Ditto|i was like\n|c|\u2606Ryan&Ditto|sneak?\n|c|\u2606Ryan&Ditto|we pray?\n","uploadtime":1700695089,"views":31,"p1id":"ryanditto","p2id":"mtymiltanks","formatid":"gen9ou","rating":0,"private":0,"password":""}