{"id":"gen9ou-1994507417","p1":"Defog Conk Enjoyer","p2":"Lyriq","format":"[Gen 9] OU","log":"|j|\u2606Defog Conk Enjoyer\n|j|\u2606Lyriq\n|t:|1700452172\n|gametype|singles\n|player|p1|Defog Conk Enjoyer|supernerd|1611\n|player|p2|Lyriq|102|1587\n|teamsize|p1|6\n|teamsize|p2|6\n|gen|9\n|tier|[Gen 9] OU\n|rated|\n|rule|Sleep Clause Mod: Limit one foe put to sleep\n|rule|Species Clause: Limit one of each Pok\u00e9mon\n|rule|OHKO Clause: OHKO moves are banned\n|rule|Evasion Items Clause: Evasion items are banned\n|rule|Evasion Moves Clause: Evasion moves are banned\n|rule|Endless Battle Clause: Forcing endless battles is banned\n|rule|HP Percentage Mod: HP is shown in percentages\n|clearpoke\n|poke|p1|Ogerpon-Wellspring, F|\n|poke|p1|Rillaboom, M|\n|poke|p1|Sneasler, M|\n|poke|p1|Glimmora, F|\n|poke|p1|Gholdengo|\n|poke|p1|Iron Valiant|\n|poke|p2|Dragapult, F|\n|poke|p2|Gholdengo|\n|poke|p2|Kingambit, M|\n|poke|p2|Toxapex, M|\n|poke|p2|Iron Treads|\n|poke|p2|Zapdos|\n|teampreview\n|inactive|Battle timer is ON: inactive players will automatically lose when time's up. (requested by Lyriq)\n|\n|t:|1700452182\n|start\n|switch|p1a: Beyblade|Glimmora, F|100\/100\n|switch|p2a: speedy boi|Dragapult, F|100\/100\n|turn|1\n|\n|t:|1700452193\n|move|p2a: speedy boi|Shadow Ball|p1a: Beyblade\n|-damage|p1a: Beyblade|19\/100\n|move|p1a: Beyblade|Stealth Rock|p2a: speedy boi\n|-sidestart|p2: Lyriq|move: Stealth Rock\n|\n|upkeep\n|turn|2\n|\n|t:|1700452197\n|switch|p1a: Harambe|Rillaboom, M, shiny|100\/100\n|-fieldstart|move: Grassy Terrain|[from] ability: Grassy Surge|[of] p1a: Harambe\n|move|p2a: speedy boi|Shadow Ball|p1a: Harambe\n|-damage|p1a: Harambe|57\/100\n|\n|-heal|p1a: Harambe|63\/100|[from] Grassy Terrain\n|upkeep\n|turn|3\n|\n|t:|1700452210\n|switch|p2a: spinny boi|Iron Treads|100\/100\n|-damage|p2a: spinny boi|97\/100|[from] Stealth Rock\n|move|p1a: Harambe|Knock Off|p2a: spinny boi\n|-damage|p2a: spinny boi|72\/100\n|-enditem|p2a: spinny boi|Leftovers|[from] move: Knock Off|[of] p1a: Harambe\n|\n|-heal|p2a: spinny boi|78\/100|[from] Grassy Terrain\n|-heal|p1a: Harambe|69\/100|[from] Grassy Terrain\n|upkeep\n|turn|4\n|inactive|Defog Conk Enjoyer has 120 seconds left.\n|l|\u2606Defog Conk Enjoyer\n|inactive|Defog Conk Enjoyer disconnected and has a minute to reconnect!\n|player|p1|\n|j|\u2606Defog Conk Enjoyer\n|inactive|Defog Conk Enjoyer reconnected and has 95 seconds left.\n|player|p1|Defog Conk Enjoyer|supernerd\n|inactive|Defog Conk Enjoyer has 90 seconds left.\n|\n|t:|1700452271\n|move|p2a: spinny boi|Stealth Rock|p1a: Harambe\n|-sidestart|p1: Defog Conk Enjoyer|move: Stealth Rock\n|move|p1a: Harambe|Wood Hammer|p2a: spinny boi\n|-damage|p2a: spinny boi|18\/100\n|-damage|p1a: Harambe|50\/100|[from] Recoil\n|\n|-heal|p2a: spinny boi|24\/100|[from] Grassy Terrain\n|-heal|p1a: Harambe|56\/100|[from] Grassy Terrain\n|upkeep\n|turn|5\n|\n|t:|1700452277\n|move|p1a: Harambe|Grassy Glide|p2a: spinny boi\n|-damage|p2a: spinny boi|0 fnt\n|faint|p2a: spinny boi\n|-end|p2a: spinny boi|Quark Drive|[silent]\n|\n|-heal|p1a: Harambe|63\/100|[from] Grassy Terrain\n|upkeep\n|\n|t:|1700452282\n|switch|p2a: switchy boi|Zapdos|100\/100\n|turn|6\n|\n|t:|1700452304\n|switch|p1a: Beyblade|Glimmora, F|19\/100\n|-damage|p1a: Beyblade|6\/100|[from] Stealth Rock\n|move|p2a: switchy boi|Hurricane|p1a: Beyblade\n|-resisted|p1a: Beyblade\n|-damage|p1a: Beyblade|0 fnt\n|faint|p1a: Beyblade\n|\n|-fieldend|move: Grassy Terrain\n|upkeep\n|inactive|Defog Conk Enjoyer has 90 seconds left.\n|\n|t:|1700452317\n|switch|p1a: Rei|Ogerpon-Wellspring, F|100\/100\n|-damage|p1a: Rei|88\/100|[from] Stealth Rock\n|turn|7\n|\n|t:|1700452320\n|-terastallize|p1a: Rei|Water\n|detailschange|p1a: Rei|Ogerpon-Wellspring-Tera, F, tera:Water\n|-ability|p1a: Rei|Embody Aspect (Wellspring)|boost\n|-boost|p1a: Rei|spd|1\n|move|p1a: Rei|Swords Dance|p1a: Rei\n|-boost|p1a: Rei|atk|2\n|move|p2a: switchy boi|Hurricane|p1a: Rei\n|-damage|p1a: Rei|42\/100\n|-start|p1a: Rei|confusion\n|\n|upkeep\n|turn|8\n|\n|t:|1700452325\n|-activate|p1a: Rei|confusion\n|move|p1a: Rei|Ivy Cudgel|p2a: switchy boi|[anim] Ivy Cudgel Water\n|-damage|p2a: switchy boi|0 fnt\n|faint|p2a: switchy boi\n|\n|upkeep\n|\n|t:|1700452331\n|switch|p2a: speedy boi|Dragapult, F|100\/100\n|-damage|p2a: speedy boi|88\/100|[from] Stealth Rock\n|turn|9\n|inactive|Defog Conk Enjoyer has 120 seconds left.\n|inactive|Defog Conk Enjoyer has 90 seconds left.\n|\n|t:|1700452379\n|move|p2a: speedy boi|Shadow Ball|p1a: Rei\n|-damage|p1a: Rei|0 fnt\n|faint|p1a: Rei\n|\n|upkeep\n|\n|t:|1700452386\n|switch|p1a: Kill\/Them|Iron Valiant|100\/100\n|-damage|p1a: Kill\/Them|94\/100|[from] Stealth Rock\n|-enditem|p1a: Kill\/Them|Booster Energy\n|-activate|p1a: Kill\/Them|ability: Quark Drive|[fromitem]\n|-start|p1a: Kill\/Them|quarkdrivespe\n|turn|10\n|\n|t:|1700452391\n|switch|p2a: annoying boi|Toxapex, M|100\/100\n|-damage|p2a: annoying boi|88\/100|[from] Stealth Rock\n|move|p1a: Kill\/Them|Spirit Break|p2a: annoying boi\n|-resisted|p2a: annoying boi\n|-damage|p2a: annoying boi|74\/100\n|-unboost|p2a: annoying boi|spa|1\n|\n|-heal|p2a: annoying boi|80\/100|[from] item: Leftovers\n|upkeep\n|turn|11\n|\n|t:|1700452398\n|-end|p1a: Kill\/Them|Quark Drive|[silent]\n|switch|p1a: Walter White|Gholdengo|100\/100\n|-damage|p1a: Walter White|94\/100|[from] Stealth Rock\n|move|p2a: annoying boi|Toxic|p1a: Walter White\n|-immune|p1a: Walter White|[from] ability: Good as Gold\n|\n|-heal|p2a: annoying boi|87\/100|[from] item: Leftovers\n|upkeep\n|turn|12\n|\n|t:|1700452404\n|switch|p2a: speedy boi|Dragapult, F|88\/100\n|-damage|p2a: speedy boi|76\/100|[from] Stealth Rock\n|move|p1a: Walter White|Trick|p2a: speedy boi\n|-activate|p1a: Walter White|move: Trick|[of] p2a: speedy boi\n|-item|p2a: speedy boi|Choice Scarf|[from] move: Trick\n|-item|p1a: Walter White|Choice Specs|[from] move: Trick\n|\n|upkeep\n|turn|13\n|\n|t:|1700452411\n|switch|p1a: Harambe|Rillaboom, M, shiny|63\/100\n|-damage|p1a: Harambe|50\/100|[from] Stealth Rock\n|-fieldstart|move: Grassy Terrain|[from] ability: Grassy Surge|[of] p1a: Harambe\n|move|p2a: speedy boi|Shadow Ball|p1a: Harambe\n|-damage|p1a: Harambe|23\/100\n|\n|-heal|p2a: speedy boi|82\/100|[from] Grassy Terrain\n|-heal|p1a: Harambe|29\/100|[from] Grassy Terrain\n|upkeep\n|turn|14\n|\n|t:|1700452429\n|move|p2a: speedy boi|Shadow Ball|p1a: Harambe\n|-damage|p1a: Harambe|0 fnt\n|faint|p1a: Harambe\n|\n|-heal|p2a: speedy boi|88\/100|[from] Grassy Terrain\n|upkeep\n|\n|t:|1700452439\n|switch|p1a: Once-ler|Sneasler, M, shiny|100\/100\n|-damage|p1a: Once-ler|95\/100|[from] Stealth Rock\n|-enditem|p1a: Once-ler|Grassy Seed\n|-boost|p1a: Once-ler|def|1|[from] item: Grassy Seed\n|turn|15\n|c|\u2606Lyriq|how bad could he possibly be\n|\n|t:|1700452451\n|switch|p2a: annoying boi|Toxapex, M|100\/100\n|-damage|p2a: annoying boi|88\/100|[from] Stealth Rock\n|move|p1a: Once-ler|Swords Dance|p1a: Once-ler\n|-boost|p1a: Once-ler|atk|2\n|\n|-heal|p1a: Once-ler|100\/100|[from] Grassy Terrain\n|-heal|p2a: annoying boi|94\/100|[from] Grassy Terrain\n|-heal|p2a: annoying boi|100\/100|[from] item: Leftovers\n|upkeep\n|turn|16\n|\n|t:|1700452459\n|move|p1a: Once-ler|Swords Dance|p1a: Once-ler\n|-boost|p1a: Once-ler|atk|2\n|move|p2a: annoying boi|Surf|p1a: Once-ler\n|-damage|p1a: Once-ler|75\/100\n|\n|-heal|p1a: Once-ler|81\/100|[from] Grassy Terrain\n|upkeep\n|turn|17\n|inactive|Defog Conk Enjoyer has 120 seconds left.\n|\n|t:|1700452466\n|move|p1a: Once-ler|Swords Dance|p1a: Once-ler\n|-boost|p1a: Once-ler|atk|2\n|move|p2a: annoying boi|Surf|p1a: Once-ler\n|-damage|p1a: Once-ler|55\/100\n|\n|-heal|p1a: Once-ler|61\/100|[from] Grassy Terrain\n|-fieldend|move: Grassy Terrain\n|upkeep\n|turn|18\n|\n|t:|1700452469\n|move|p2a: annoying boi|Baneful Bunker|p2a: annoying boi\n|-singleturn|p2a: annoying boi|move: Protect\n|move|p1a: Once-ler|Acrobatics|p2a: annoying boi\n|-activate|p2a: annoying boi|move: Protect\n|\n|upkeep\n|turn|19\n|\n|t:|1700452471\n|move|p1a: Once-ler|Acrobatics|p2a: annoying boi\n|-damage|p2a: annoying boi|0 fnt\n|faint|p2a: annoying boi\n|\n|upkeep\n|\n|t:|1700452476\n|switch|p2a: noodly boi|Gholdengo|100\/100\n|-damage|p2a: noodly boi|94\/100|[from] Stealth Rock\n|-item|p2a: noodly boi|Air Balloon\n|turn|20\n|\n|t:|1700452478\n|move|p1a: Once-ler|Acrobatics|p2a: noodly boi\n|-resisted|p2a: noodly boi\n|-damage|p2a: noodly boi|14\/100\n|-enditem|p2a: noodly boi|Air Balloon\n|move|p2a: noodly boi|Make It Rain|p1a: Once-ler\n|-damage|p1a: Once-ler|0 fnt\n|-unboost|p2a: noodly boi|spa|1\n|faint|p1a: Once-ler\n|\n|upkeep\n|\n|t:|1700452483\n|switch|p1a: Kill\/Them|Iron Valiant|94\/100\n|-damage|p1a: Kill\/Them|88\/100|[from] Stealth Rock\n|turn|21\n|\n|t:|1700452486\n|move|p1a: Kill\/Them|Spirit Break|p2a: noodly boi\n|-resisted|p2a: noodly boi\n|-damage|p2a: noodly boi|0 fnt\n|faint|p2a: noodly boi\n|\n|upkeep\n|\n|t:|1700452489\n|switch|p2a: speedy boi|Dragapult, F|88\/100\n|-damage|p2a: speedy boi|76\/100|[from] Stealth Rock\n|turn|22\n|\n|t:|1700452497\n|move|p2a: speedy boi|Shadow Ball|p1a: Kill\/Them\n|-damage|p1a: Kill\/Them|16\/100\n|move|p1a: Kill\/Them|Spirit Break|p2a: speedy boi\n|-supereffective|p2a: speedy boi\n|-damage|p2a: speedy boi|0 fnt\n|faint|p2a: speedy boi\n|\n|upkeep\n|\n|t:|1700452500\n|switch|p2a: edgy boi|Kingambit, M|100\/100\n|-damage|p2a: edgy boi|94\/100|[from] Stealth Rock\n|-activate|p2a: edgy boi|ability: Supreme Overlord\n|-start|p2a: edgy boi|fallen5|[silent]\n|turn|23\n|\n|t:|1700452505\n|-terastallize|p2a: edgy boi|Fairy\n|move|p1a: Kill\/Them|Close Combat|p2a: edgy boi\n|-resisted|p2a: edgy boi\n|-damage|p2a: edgy boi|73\/100\n|-unboost|p1a: Kill\/Them|def|1\n|-unboost|p1a: Kill\/Them|spd|1\n|move|p2a: edgy boi|Swords Dance|p2a: edgy boi\n|-boost|p2a: edgy boi|atk|2\n|\n|-heal|p2a: edgy boi|79\/100|[from] item: Leftovers\n|upkeep\n|turn|24\n|\n|t:|1700452508\n|move|p2a: edgy boi|Sucker Punch||[still]\n|-fail|p2a: edgy boi\n|move|p1a: Kill\/Them|Encore|p2a: edgy boi\n|-start|p2a: edgy boi|Encore\n|\n|-heal|p2a: edgy boi|85\/100|[from] item: Leftovers\n|upkeep\n|turn|25\n|\n|t:|1700452518\n|move|p2a: edgy boi|Sucker Punch||[still]\n|-fail|p2a: edgy boi\n|move|p1a: Kill\/Them|Swords Dance|p1a: Kill\/Them\n|-boost|p1a: Kill\/Them|atk|2\n|\n|-heal|p2a: edgy boi|91\/100|[from] item: Leftovers\n|upkeep\n|turn|26\n|\n|t:|1700452526\n|move|p2a: edgy boi|Sucker Punch||[still]\n|-fail|p2a: edgy boi\n|move|p1a: Kill\/Them|Swords Dance|p1a: Kill\/Them\n|-boost|p1a: Kill\/Them|atk|2\n|\n|-heal|p2a: edgy boi|98\/100|[from] item: Leftovers\n|upkeep\n|turn|27\n|\n|t:|1700452535\n|move|p2a: edgy boi|Sucker Punch||[still]\n|-fail|p2a: edgy boi\n|move|p1a: Kill\/Them|Swords Dance|p1a: Kill\/Them\n|-boost|p1a: Kill\/Them|atk|2\n|\n|-heal|p2a: edgy boi|100\/100|[from] item: Leftovers\n|-end|p2a: edgy boi|Encore\n|upkeep\n|turn|28\n|\n|t:|1700452538\n|move|p2a: edgy boi|Sucker Punch||[still]\n|-fail|p2a: edgy boi\n|move|p1a: Kill\/Them|Encore|p2a: edgy boi\n|-start|p2a: edgy boi|Encore\n|\n|upkeep\n|turn|29\n|\n|t:|1700452545\n|move|p2a: edgy boi|Sucker Punch||[still]\n|-fail|p2a: edgy boi\n|move|p1a: Kill\/Them|Swords Dance|p1a: Kill\/Them\n|-boost|p1a: Kill\/Them|atk|0\n|\n|upkeep\n|turn|30\n|\n|t:|1700452548\n|move|p2a: edgy boi|Sucker Punch||[still]\n|-fail|p2a: edgy boi\n|move|p1a: Kill\/Them|Swords Dance|p1a: Kill\/Them\n|-boost|p1a: Kill\/Them|atk|0\n|\n|upkeep\n|turn|31\n|\n|t:|1700452550\n|move|p2a: edgy boi|Sucker Punch||[still]\n|-fail|p2a: edgy boi\n|move|p1a: Kill\/Them|Swords Dance|p1a: Kill\/Them\n|-boost|p1a: Kill\/Them|atk|0\n|\n|-end|p2a: edgy boi|Encore\n|upkeep\n|turn|32\n|\n|t:|1700452557\n|move|p1a: Kill\/Them|Encore||[still]\n|-fail|p1a: Kill\/Them\n|move|p2a: edgy boi|Iron Head|p1a: Kill\/Them\n|-supereffective|p1a: Kill\/Them\n|-damage|p1a: Kill\/Them|0 fnt\n|faint|p1a: Kill\/Them\n|-end|p1a: Kill\/Them|Quark Drive|[silent]\n|\n|upkeep\n|\n|t:|1700452561\n|switch|p1a: Walter White|Gholdengo|94\/100\n|-damage|p1a: Walter White|88\/100|[from] Stealth Rock\n|turn|33\n|\n|t:|1700452566\n|move|p1a: Walter White|Trick|p2a: edgy boi\n|-activate|p1a: Walter White|move: Trick|[of] p2a: edgy boi\n|-item|p2a: edgy boi|Choice Specs|[from] move: Trick\n|-item|p1a: Walter White|Leftovers|[from] move: Trick\n|move|p2a: edgy boi|Iron Head|p1a: Walter White\n|-resisted|p1a: Walter White\n|-damage|p1a: Walter White|11\/100\n|\n|-heal|p1a: Walter White|17\/100|[from] item: Leftovers\n|upkeep\n|turn|34\n|\n|t:|1700452571\n|move|p1a: Walter White|Make It Rain|p2a: edgy boi\n|-supereffective|p2a: edgy boi\n|-damage|p2a: edgy boi|0 fnt\n|-unboost|p1a: Walter White|spa|1\n|faint|p2a: edgy boi\n|-end|p2a: edgy boi|fallen5|[silent]\n|\n|win|Defog Conk Enjoyer\n|raw|Defog Conk Enjoyer's rating: 1611 &rarr; <strong>1630<\/strong><br \/>(+19 for winning)\n|raw|Lyriq's rating: 1587 &rarr; <strong>1568<\/strong><br \/>(-19 for losing)\n|c|\u2606Lyriq|gg\n|l|\u2606Lyriq\n","uploadtime":1700452579,"views":13,"p1id":"defogconkenjoyer","p2id":"lyriq","formatid":"gen9ou","rating":1568,"private":0,"password":""}