{"id":"gen9ou-1999434324","p1":"iamhaxnoob","p2":"SE01","format":"[Gen 9] OU","log":"|j|\u2606iamhaxnoob\n|j|\u2606SE01\n|t:|1701079882\n|gametype|singles\n|player|p1|iamhaxnoob|101|1243\n|player|p2|SE01|170|1332\n|teamsize|p1|6\n|teamsize|p2|6\n|gen|9\n|tier|[Gen 9] OU\n|rated|\n|rule|Sleep Clause Mod: Limit one foe put to sleep\n|rule|Species Clause: Limit one of each Pok\u00e9mon\n|rule|OHKO Clause: OHKO moves are banned\n|rule|Evasion Items Clause: Evasion items are banned\n|rule|Evasion Moves Clause: Evasion moves are banned\n|rule|Endless Battle Clause: Forcing endless battles is banned\n|rule|HP Percentage Mod: HP is shown in percentages\n|clearpoke\n|poke|p1|Fezandipiti, M|\n|poke|p1|Iron Valiant|\n|poke|p1|Dragapult, M|\n|poke|p1|Rotom-Wash|\n|poke|p1|Ogerpon-Wellspring, F|\n|poke|p1|Great Tusk|\n|poke|p2|Pawmot, M|\n|poke|p2|Starly, L1, M|\n|poke|p2|Cinderace, M|\n|poke|p2|Alomomola, M|\n|poke|p2|Staraptor, F|\n|poke|p2|Basculin, L1, F|\n|teampreview\n|inactive|Battle timer is ON: inactive players will automatically lose when time's up. (requested by iamhaxnoob)\n|\n|t:|1701079900\n|start\n|switch|p1a: Dragapult|Dragapult, M|100\/100\n|switch|p2a: Staraptor|Staraptor, F|100\/100\n|turn|1\n|\n|t:|1701079907\n|switch|p1a: Great Tusk|Great Tusk|100\/100\n|move|p2a: Staraptor|Brave Bird|p1a: Great Tusk\n|-supereffective|p1a: Great Tusk\n|-damage|p1a: Great Tusk|43\/100\n|-damage|p2a: Staraptor|84\/100|[from] item: Rocky Helmet|[of] p1a: Great Tusk\n|-damage|p2a: Staraptor|63\/100|[from] Recoil\n|\n|upkeep\n|turn|2\n|\n|t:|1701079927\n|switch|p2a: Basculin|Basculin, L1, F|100\/100\n|-ability|p2a: Basculin|Mold Breaker\n|-end|p1a: Great Tusk|Protosynthesis|[silent]\n|switch|p1a: Rotom|Rotom-Wash|100\/100\n|\n|upkeep\n|turn|3\n|\n|t:|1701079944\n|-terastallize|p2a: Basculin|Ground\n|move|p1a: Rotom|Thunder Wave|p2a: Basculin\n|-immune|p2a: Basculin\n|move|p2a: Basculin|Endeavor|p1a: Rotom\n|-damage|p1a: Rotom|4\/100\n|\n|-heal|p1a: Rotom|11\/100|[from] item: Leftovers\n|upkeep\n|turn|4\n|inactive|SE01 has 120 seconds left.\n|\n|t:|1701079972\n|switch|p2a: Alomomola|Alomomola, M|100\/100\n|move|p1a: Rotom|Protect||[still]\n|-fail|p1a: Rotom\n|\n|-heal|p1a: Rotom|17\/100|[from] item: Leftovers\n|upkeep\n|turn|5\n|inactive|SE01 has 120 seconds left.\n|\n|t:|1701079981\n|move|p1a: Rotom|Protect|p1a: Rotom\n|-singleturn|p1a: Rotom|Protect\n|move|p2a: Alomomola|Wish|p2a: Alomomola\n|\n|-heal|p1a: Rotom|23\/100|[from] item: Leftovers\n|upkeep\n|turn|6\n|\n|t:|1701079987\n|move|p1a: Rotom|Thunder Wave|p2a: Alomomola\n|-status|p2a: Alomomola|par\n|cant|p2a: Alomomola|par\n|\n|-heal|p1a: Rotom|29\/100|[from] item: Leftovers\n|upkeep\n|turn|7\n|\n|t:|1701080001\n|switch|p2a: Basculin|Basculin, L1, F, tera:Ground|100\/100\n|-ability|p2a: Basculin|Mold Breaker\n|move|p1a: Rotom|Protect||[still]\n|-fail|p1a: Rotom\n|\n|-heal|p1a: Rotom|36\/100|[from] item: Leftovers\n|upkeep\n|turn|8\n|\n|t:|1701080016\n|move|p1a: Rotom|Will-O-Wisp|p2a: Basculin\n|-status|p2a: Basculin|brn\n|move|p2a: Basculin|Soak|p1a: Rotom\n|-start|p1a: Rotom|typechange|Water\n|\n|-heal|p1a: Rotom|42\/100|[from] item: Leftovers\n|-damage|p2a: Basculin|92\/100 brn|[from] brn\n|upkeep\n|turn|9\n|\n|t:|1701080031\n|move|p1a: Rotom|Volt Switch|p2a: Basculin\n|-immune|p2a: Basculin\n|move|p2a: Basculin|Endeavor|p1a: Rotom\n|-damage|p1a: Rotom|4\/100\n|\n|-heal|p1a: Rotom|10\/100|[from] item: Leftovers\n|-damage|p2a: Basculin|84\/100 brn|[from] brn\n|upkeep\n|turn|10\n|\n|t:|1701080047\n|switch|p2a: Cinderace|Cinderace, M|100\/100\n|move|p1a: Rotom|Protect||[still]\n|-fail|p1a: Rotom\n|\n|-heal|p1a: Rotom|17\/100|[from] item: Leftovers\n|upkeep\n|turn|11\n|inactive|iamhaxnoob has 120 seconds left.\n|\n|t:|1701080094\n|move|p1a: Rotom|Protect|p1a: Rotom\n|-singleturn|p1a: Rotom|Protect\n|move|p2a: Cinderace|Pyro Ball|p1a: Rotom\n|-activate|p1a: Rotom|move: Protect\n|\n|-heal|p1a: Rotom|23\/100|[from] item: Leftovers\n|upkeep\n|turn|12\n|\n|t:|1701080105\n|switch|p1a: Dragapult|Dragapult, M|100\/100\n|move|p2a: Cinderace|Pyro Ball|p1a: Dragapult\n|-resisted|p1a: Dragapult\n|-damage|p1a: Dragapult|63\/100\n|\n|upkeep\n|turn|13\n|\n|t:|1701080113\n|switch|p1a: Great Tusk|Great Tusk|43\/100\n|move|p2a: Cinderace|Sucker Punch||[still]\n|-fail|p2a: Cinderace\n|\n|upkeep\n|turn|14\n|inactive|iamhaxnoob has 120 seconds left.\n|\n|t:|1701080125\n|switch|p2a: Alomomola|Alomomola, M|100\/100 par\n|move|p1a: Great Tusk|Earthquake|p2a: Alomomola\n|-damage|p2a: Alomomola|65\/100 par\n|\n|-heal|p2a: Alomomola|72\/100 par|[from] item: Leftovers\n|upkeep\n|turn|15\n|\n|t:|1701080128\n|move|p1a: Great Tusk|Stealth Rock|p2a: Alomomola\n|-sidestart|p2: SE01|move: Stealth Rock\n|cant|p2a: Alomomola|par\n|\n|-heal|p2a: Alomomola|78\/100 par|[from] item: Leftovers\n|upkeep\n|turn|16\n|\n|t:|1701080137\n|-end|p1a: Great Tusk|Protosynthesis|[silent]\n|switch|p1a: Ogerpon|Ogerpon-Wellspring, F|100\/100\n|move|p2a: Alomomola|Scald|p1a: Ogerpon\n|-immune|p1a: Ogerpon|[from] ability: Water Absorb\n|\n|-heal|p2a: Alomomola|84\/100 par|[from] item: Leftovers\n|upkeep\n|turn|17\n|\n|t:|1701080149\n|switch|p2a: Cinderace|Cinderace, M|100\/100\n|move|p1a: Ogerpon|Swords Dance|p1a: Ogerpon\n|-boost|p1a: Ogerpon|atk|2\n|\n|upkeep\n|turn|18\n|\n|t:|1701080157\n|-terastallize|p1a: Ogerpon|Water\n|detailschange|p1a: Ogerpon|Ogerpon-Wellspring-Tera, F, tera:Water\n|-ability|p1a: Ogerpon|Embody Aspect (Wellspring)|boost\n|-boost|p1a: Ogerpon|spd|1\n|move|p2a: Cinderace|Court Change|p2a: Cinderace\n|-start|p2a: Cinderace|typechange|Normal|[from] ability: Libero\n|-swapsideconditions\n|-activate|p2a: Cinderace|move: Court Change\n|move|p1a: Ogerpon|Ivy Cudgel|p2a: Cinderace|[anim] Ivy Cudgel Water\n|-damage|p2a: Cinderace|0 fnt\n|faint|p2a: Cinderace\n|\n|upkeep\n|\n|t:|1701080163\n|switch|p2a: Starly|Starly, L1, M|100\/100\n|turn|19\n|\n|t:|1701080169\n|switch|p1a: Dragapult|Dragapult, M|63\/100\n|move|p2a: Starly|Endeavor|p1a: Dragapult\n|-immune|p1a: Dragapult\n|\n|upkeep\n|turn|20\n|\n|t:|1701080183\n|switch|p2a: Alomomola|Alomomola, M|100\/100 par\n|move|p1a: Dragapult|U-turn|p2a: Alomomola\n|-damage|p2a: Alomomola|88\/100 par\n|\n|t:|1701080186\n|switch|p1a: Great Tusk|Great Tusk|43\/100|[from] U-turn\n|-damage|p1a: Great Tusk|40\/100|[from] Stealth Rock\n|\n|-heal|p2a: Alomomola|94\/100 par|[from] item: Leftovers\n|upkeep\n|turn|21\n|\n|t:|1701080193\n|move|p1a: Great Tusk|Stealth Rock|p2a: Alomomola\n|-sidestart|p2: SE01|move: Stealth Rock\n|cant|p2a: Alomomola|par\n|\n|-heal|p2a: Alomomola|99\/100 par|[from] item: Leftovers\n|upkeep\n|turn|22\n|\n|t:|1701080200\n|move|p1a: Great Tusk|Rapid Spin|p2a: Alomomola\n|-damage|p2a: Alomomola|88\/100 par\n|-boost|p1a: Great Tusk|spe|1\n|-sideend|p1: iamhaxnoob|Stealth Rock|[from] move: Rapid Spin|[of] p1a: Great Tusk\n|move|p2a: Alomomola|Wish|p2a: Alomomola\n|\n|-heal|p2a: Alomomola|94\/100 par|[from] item: Leftovers\n|upkeep\n|turn|23\n|\n|t:|1701080206\n|-end|p1a: Great Tusk|Protosynthesis|[silent]\n|switch|p1a: Ogerpon|Ogerpon-Wellspring-Tera, F, tera:Water|100\/100\n|-ability|p1a: Ogerpon|Embody Aspect (Wellspring)|boost\n|-boost|p1a: Ogerpon|spd|1\n|cant|p2a: Alomomola|par\n|\n|-heal|p2a: Alomomola|100\/100 par|[from] move: Wish|[wisher] Alomomola\n|upkeep\n|turn|24\n|\n|t:|1701080213\n|switch|p2a: Staraptor|Staraptor, F|63\/100\n|-damage|p2a: Staraptor|38\/100|[from] Stealth Rock\n|move|p1a: Ogerpon|Trailblaze|p2a: Staraptor\n|-resisted|p2a: Staraptor\n|-damage|p2a: Staraptor|19\/100\n|-boost|p1a: Ogerpon|spe|1\n|\n|upkeep\n|turn|25\n|\n|t:|1701080218\n|move|p1a: Ogerpon|Ivy Cudgel|p2a: Staraptor|[anim] Ivy Cudgel Water\n|-damage|p2a: Staraptor|0 fnt\n|faint|p2a: Staraptor\n|\n|upkeep\n|\n|t:|1701080224\n|switch|p2a: Starly|Starly, L1, M|100\/100\n|-damage|p2a: Starly|75\/100|[from] Stealth Rock\n|turn|26\n|\n|t:|1701080241\n|move|p1a: Ogerpon|Ivy Cudgel|p2a: Starly|[anim] Ivy Cudgel Water\n|-damage|p2a: Starly|0 fnt\n|faint|p2a: Starly\n|\n|upkeep\n|\n|t:|1701080264\n|switch|p2a: Pawmot|Pawmot, M|100\/100\n|-damage|p2a: Pawmot|94\/100|[from] Stealth Rock\n|turn|27\n|\n|t:|1701080275\n|move|p1a: Ogerpon|Zen Headbutt|p2a: Pawmot\n|-supereffective|p2a: Pawmot\n|-damage|p2a: Pawmot|0 fnt\n|faint|p2a: Pawmot\n|\n|upkeep\n|-message|SE01 forfeited.\n|\n|win|iamhaxnoob\n|raw|iamhaxnoob's rating: 1243 &rarr; <strong>1274<\/strong><br \/>(+31 for winning)\n|raw|SE01's rating: 1332 &rarr; <strong>1307<\/strong><br \/>(-25 for losing)\n|l|\u2606SE01\n","uploadtime":1701080284,"views":2,"p1id":"iamhaxnoob","p2id":"se01","formatid":"gen9ou","rating":1274,"private":0,"password":""}