{"id":"gen9ou-1988299984","p1":"POOdgey","p2":"TheDoggoDS","format":"[Gen 9] OU","log":"|j|\u2606POOdgey\n|j|\u2606TheDoggoDS\n|t:|1699704476\n|gametype|singles\n|player|p1|POOdgey|teamrocket|1228\n|player|p2|TheDoggoDS|hugh|1172\n|teamsize|p1|6\n|teamsize|p2|6\n|gen|9\n|tier|[Gen 9] OU\n|rated|\n|rule|Sleep Clause Mod: Limit one foe put to sleep\n|rule|Species Clause: Limit one of each Pok\u00e9mon\n|rule|OHKO Clause: OHKO moves are banned\n|rule|Evasion Items Clause: Evasion items are banned\n|rule|Evasion Moves Clause: Evasion moves are banned\n|rule|Endless Battle Clause: Forcing endless battles is banned\n|rule|HP Percentage Mod: HP is shown in percentages\n|clearpoke\n|poke|p1|Ting-Lu|\n|poke|p1|Gholdengo|\n|poke|p1|Ambipom, F|\n|poke|p1|Glimmora, M|\n|poke|p1|Zamazenta-*|\n|poke|p1|Gardevoir, M|\n|poke|p2|Clodsire, M|\n|poke|p2|Breloom, M|\n|poke|p2|Delphox, F|\n|poke|p2|Murkrow, M|\n|poke|p2|Toxapex, F|\n|poke|p2|Magnezone|\n|teampreview\n|\n|t:|1699704489\n|start\n|switch|p1a: Ting-Lu|Ting-Lu|100\/100\n|switch|p2a: Murkrow|Murkrow, M|100\/100\n|-ability|p1a: Ting-Lu|Vessel of Ruin\n|turn|1\n|inactive|Battle timer is ON: inactive players will automatically lose when time's up. (requested by POOdgey)\n|\n|t:|1699704508\n|switch|p2a: Toxapex|Toxapex, F|100\/100\n|switch|p1a: Glimmora|Glimmora, M|100\/100\n|\n|upkeep\n|turn|2\n|\n|t:|1699704522\n|switch|p2a: Magnezone|Magnezone|100\/100\n|move|p1a: Glimmora|Spikes|p2a: Magnezone\n|-sidestart|p2: TheDoggoDS|Spikes\n|\n|upkeep\n|turn|3\n|\n|t:|1699704529\n|move|p1a: Glimmora|Spikes|p2a: Magnezone\n|-sidestart|p2: TheDoggoDS|Spikes\n|move|p2a: Magnezone|Flash Cannon|p1a: Glimmora\n|-supereffective|p1a: Glimmora\n|-damage|p1a: Glimmora|0 fnt\n|faint|p1a: Glimmora\n|\n|upkeep\n|\n|t:|1699704538\n|switch|p1a: Ting-Lu|Ting-Lu|100\/100\n|-ability|p1a: Ting-Lu|Vessel of Ruin\n|turn|4\n|\n|t:|1699704555\n|switch|p2a: Breloom|Breloom, M, shiny|100\/100\n|-damage|p2a: Breloom|84\/100|[from] Spikes\n|move|p1a: Ting-Lu|Stealth Rock|p2a: Breloom\n|-sidestart|p2: TheDoggoDS|move: Stealth Rock\n|\n|-status|p2a: Breloom|tox|[from] item: Toxic Orb\n|upkeep\n|turn|5\n|\n|t:|1699704565\n|switch|p1a: Gholdengo|Gholdengo|100\/100\n|-item|p1a: Gholdengo|Air Balloon\n|move|p2a: Breloom|Substitute|p2a: Breloom\n|-start|p2a: Breloom|Substitute\n|-damage|p2a: Breloom|59\/100 tox\n|\n|-heal|p2a: Breloom|71\/100 tox|[from] ability: Poison Heal\n|upkeep\n|turn|6\n|\n|t:|1699704579\n|move|p1a: Gholdengo|Psyshock|p2a: Breloom\n|-supereffective|p2a: Breloom\n|-end|p2a: Breloom|Substitute\n|move|p2a: Breloom|Bullet Seed|p1a: Gholdengo\n|-resisted|p1a: Gholdengo\n|-damage|p1a: Gholdengo|93\/100\n|-enditem|p1a: Gholdengo|Air Balloon\n|-resisted|p1a: Gholdengo\n|-damage|p1a: Gholdengo|84\/100\n|-resisted|p1a: Gholdengo\n|-damage|p1a: Gholdengo|76\/100\n|-resisted|p1a: Gholdengo\n|-damage|p1a: Gholdengo|67\/100\n|-hitcount|p1a: Gholdengo|4\n|\n|-heal|p2a: Breloom|84\/100 tox|[from] ability: Poison Heal\n|upkeep\n|turn|7\n|\n|t:|1699704599\n|switch|p2a: Delphox|Delphox, F, shiny|100\/100\n|-damage|p2a: Delphox|84\/100|[from] Spikes\n|-damage|p2a: Delphox|59\/100|[from] Stealth Rock\n|move|p1a: Gholdengo|Psyshock|p2a: Delphox\n|-resisted|p2a: Delphox\n|-damage|p2a: Delphox|37\/100\n|\n|upkeep\n|turn|8\n|\n|t:|1699704608\n|switch|p1a: Ting-Lu|Ting-Lu|100\/100\n|-ability|p1a: Ting-Lu|Vessel of Ruin\n|move|p2a: Delphox|Fire Blast|p1a: Ting-Lu\n|-damage|p1a: Ting-Lu|71\/100\n|\n|-heal|p1a: Ting-Lu|77\/100|[from] item: Leftovers\n|upkeep\n|turn|9\n|\n|t:|1699704623\n|switch|p2a: Toxapex|Toxapex, F|100\/100\n|-damage|p2a: Toxapex|84\/100|[from] Spikes\n|-damage|p2a: Toxapex|72\/100|[from] Stealth Rock\n|move|p1a: Ting-Lu|Whirlwind|p2a: Toxapex\n|drag|p2a: Murkrow|Murkrow, M|100\/100\n|-damage|p2a: Murkrow|75\/100|[from] Stealth Rock\n|\n|-heal|p1a: Ting-Lu|83\/100|[from] item: Leftovers\n|upkeep\n|turn|10\n|\n|t:|1699704633\n|switch|p1a: Gholdengo|Gholdengo|67\/100\n|move|p2a: Murkrow|Air Slash|p1a: Gholdengo\n|-resisted|p1a: Gholdengo\n|-damage|p1a: Gholdengo|49\/100\n|\n|upkeep\n|turn|11\n|\n|t:|1699704640\n|move|p1a: Gholdengo|Make It Rain|p2a: Murkrow\n|-damage|p2a: Murkrow|0 fnt\n|-unboost|p1a: Gholdengo|spa|1\n|faint|p2a: Murkrow\n|\n|upkeep\n|\n|t:|1699704651\n|switch|p2a: Delphox|Delphox, F, shiny|37\/100\n|-damage|p2a: Delphox|21\/100|[from] Spikes\n|-damage|p2a: Delphox|0 fnt|[from] Stealth Rock\n|faint|p2a: Delphox\n|\n|t:|1699704656\n|switch|p2a: Toxapex|Toxapex, F|100\/100\n|-damage|p2a: Toxapex|84\/100|[from] Spikes\n|-damage|p2a: Toxapex|72\/100|[from] Stealth Rock\n|turn|12\n|\n|t:|1699704667\n|move|p1a: Gholdengo|Nasty Plot|p1a: Gholdengo\n|-boost|p1a: Gholdengo|spa|2\n|move|p2a: Toxapex|Infestation|p1a: Gholdengo\n|-resisted|p1a: Gholdengo\n|-damage|p1a: Gholdengo|48\/100\n|-activate|p1a: Gholdengo|move: Infestation|[of] p2a: Toxapex\n|\n|-damage|p1a: Gholdengo|36\/100|[from] move: Infestation|[partiallytrapped]\n|upkeep\n|turn|13\n|\n|t:|1699704677\n|move|p1a: Gholdengo|Nasty Plot|p1a: Gholdengo\n|-boost|p1a: Gholdengo|spa|2\n|move|p2a: Toxapex|Recover|p2a: Toxapex\n|-heal|p2a: Toxapex|100\/100\n|\n|-damage|p1a: Gholdengo|23\/100|[from] move: Infestation|[partiallytrapped]\n|upkeep\n|turn|14\n|\n|t:|1699704684\n|move|p2a: Toxapex|Baneful Bunker|p2a: Toxapex\n|-singleturn|p2a: Toxapex|move: Protect\n|move|p1a: Gholdengo|Psyshock|p2a: Toxapex\n|-activate|p2a: Toxapex|move: Protect\n|\n|-damage|p1a: Gholdengo|11\/100|[from] move: Infestation|[partiallytrapped]\n|upkeep\n|turn|15\n|\n|t:|1699704692\n|switch|p2a: Clodsire|Clodsire, M|100\/100\n|-damage|p2a: Clodsire|84\/100|[from] Spikes\n|-damage|p2a: Clodsire|78\/100|[from] Stealth Rock\n|move|p1a: Gholdengo|Psyshock|p2a: Clodsire\n|-supereffective|p2a: Clodsire\n|-damage|p2a: Clodsire|24\/100\n|\n|-end|p1a: Gholdengo|Infestation|[partiallytrapped]|[silent]\n|upkeep\n|turn|16\n|\n|t:|1699704701\n|move|p1a: Gholdengo|Psyshock|p2a: Clodsire\n|-supereffective|p2a: Clodsire\n|-damage|p2a: Clodsire|0 fnt\n|faint|p2a: Clodsire\n|\n|upkeep\n|\n|t:|1699704711\n|switch|p2a: Magnezone|Magnezone|100\/100\n|-damage|p2a: Magnezone|84\/100|[from] Spikes\n|-damage|p2a: Magnezone|78\/100|[from] Stealth Rock\n|turn|17\n|\n|t:|1699704721\n|move|p1a: Gholdengo|Make It Rain|p2a: Magnezone\n|-resisted|p2a: Magnezone\n|-damage|p2a: Magnezone|37\/100\n|-unboost|p1a: Gholdengo|spa|1\n|move|p2a: Magnezone|Thunderbolt|p1a: Gholdengo\n|-damage|p1a: Gholdengo|0 fnt\n|faint|p1a: Gholdengo\n|\n|-heal|p2a: Magnezone|44\/100|[from] item: Leftovers\n|upkeep\n|\n|t:|1699704732\n|switch|p1a: Ting-Lu|Ting-Lu|83\/100\n|-ability|p1a: Ting-Lu|Vessel of Ruin\n|turn|18\n|\n|t:|1699704739\n|move|p2a: Magnezone|Rest|p2a: Magnezone\n|-status|p2a: Magnezone|slp|[from] move: Rest\n|-heal|p2a: Magnezone|100\/100 slp|[silent]\n|move|p1a: Ting-Lu|Whirlwind|p2a: Magnezone\n|drag|p2a: Toxapex|Toxapex, F|100\/100\n|-damage|p2a: Toxapex|84\/100|[from] Spikes\n|-damage|p2a: Toxapex|72\/100|[from] Stealth Rock\n|\n|-heal|p1a: Ting-Lu|89\/100|[from] item: Leftovers\n|upkeep\n|turn|19\n|\n|t:|1699704749\n|move|p2a: Toxapex|Toxic|p1a: Ting-Lu\n|-status|p1a: Ting-Lu|tox\n|move|p1a: Ting-Lu|Whirlwind|p2a: Toxapex\n|drag|p2a: Breloom|Breloom, M, shiny|84\/100 tox\n|-damage|p2a: Breloom|67\/100 tox|[from] Spikes\n|-damage|p2a: Breloom|61\/100 tox|[from] Stealth Rock\n|\n|-heal|p1a: Ting-Lu|96\/100 tox|[from] item: Leftovers\n|-heal|p2a: Breloom|73\/100 tox|[from] ability: Poison Heal\n|-damage|p1a: Ting-Lu|89\/100 tox|[from] psn\n|upkeep\n|turn|20\n|\n|t:|1699704766\n|-singleturn|p2a: Breloom|move: Focus Punch\n|move|p2a: Breloom|Focus Punch|p1a: Ting-Lu\n|-supereffective|p1a: Ting-Lu\n|-damage|p1a: Ting-Lu|18\/100 tox\n|move|p1a: Ting-Lu|Whirlwind|p2a: Breloom\n|drag|p2a: Toxapex|Toxapex, F|100\/100\n|-damage|p2a: Toxapex|84\/100|[from] Spikes\n|-damage|p2a: Toxapex|72\/100|[from] Stealth Rock\n|\n|-heal|p1a: Ting-Lu|24\/100 tox|[from] item: Leftovers\n|-damage|p1a: Ting-Lu|12\/100 tox|[from] psn\n|upkeep\n|turn|21\n|\n|t:|1699704779\n|move|p1a: Ting-Lu|Earthquake|p2a: Toxapex\n|-supereffective|p2a: Toxapex\n|-crit|p2a: Toxapex\n|-damage|p2a: Toxapex|4\/100\n|move|p2a: Toxapex|Recover|p2a: Toxapex\n|-heal|p2a: Toxapex|54\/100\n|\n|-heal|p1a: Ting-Lu|18\/100 tox|[from] item: Leftovers\n|-damage|p1a: Ting-Lu|0 fnt|[from] psn\n|faint|p1a: Ting-Lu\n|upkeep\n|\n|t:|1699704795\n|switch|p1a: Zamazenta|Zamazenta|100\/100\n|-ability|p1a: Zamazenta|Dauntless Shield|boost\n|-boost|p1a: Zamazenta|def|1\n|turn|22\n|\n|t:|1699704801\n|-terastallize|p1a: Zamazenta|Steel\n|move|p1a: Zamazenta|Iron Defense|p1a: Zamazenta\n|-boost|p1a: Zamazenta|def|2\n|move|p2a: Toxapex|Toxic|p1a: Zamazenta\n|-immune|p1a: Zamazenta\n|\n|upkeep\n|turn|23\n|\n|t:|1699704809\n|move|p1a: Zamazenta|Iron Defense|p1a: Zamazenta\n|-boost|p1a: Zamazenta|def|2\n|move|p2a: Toxapex|Infestation|p1a: Zamazenta\n|-resisted|p1a: Zamazenta\n|-damage|p1a: Zamazenta|99\/100\n|-activate|p1a: Zamazenta|move: Infestation|[of] p2a: Toxapex\n|\n|-heal|p1a: Zamazenta|100\/100|[from] item: Leftovers\n|-damage|p1a: Zamazenta|88\/100|[from] move: Infestation|[partiallytrapped]\n|upkeep\n|turn|24\n|\n|t:|1699704820\n|move|p2a: Toxapex|Baneful Bunker|p2a: Toxapex\n|-singleturn|p2a: Toxapex|move: Protect\n|move|p1a: Zamazenta|Body Press|p2a: Toxapex\n|-activate|p2a: Toxapex|move: Protect\n|\n|-heal|p1a: Zamazenta|94\/100|[from] item: Leftovers\n|-damage|p1a: Zamazenta|82\/100|[from] move: Infestation|[partiallytrapped]\n|upkeep\n|turn|25\n|\n|t:|1699704828\n|move|p1a: Zamazenta|Body Press|p2a: Toxapex\n|-resisted|p2a: Toxapex\n|-damage|p2a: Toxapex|22\/100\n|-damage|p1a: Zamazenta|65\/100|[from] item: Rocky Helmet|[of] p2a: Toxapex\n|move|p2a: Toxapex|Recover|p2a: Toxapex\n|-heal|p2a: Toxapex|72\/100\n|\n|-heal|p1a: Zamazenta|72\/100|[from] item: Leftovers\n|-damage|p1a: Zamazenta|59\/100|[from] move: Infestation|[partiallytrapped]\n|upkeep\n|turn|26\n|\n|t:|1699704846\n|move|p1a: Zamazenta|Heavy Slam|p2a: Toxapex\n|-resisted|p2a: Toxapex\n|-crit|p2a: Toxapex\n|-damage|p2a: Toxapex|49\/100\n|-damage|p1a: Zamazenta|43\/100|[from] item: Rocky Helmet|[of] p2a: Toxapex\n|move|p2a: Toxapex|Recover|p2a: Toxapex\n|-heal|p2a: Toxapex|99\/100\n|\n|-heal|p1a: Zamazenta|49\/100|[from] item: Leftovers\n|-damage|p1a: Zamazenta|37\/100|[from] move: Infestation|[partiallytrapped]\n|upkeep\n|turn|27\n|\n|t:|1699704861\n|move|p2a: Toxapex|Baneful Bunker|p2a: Toxapex\n|-singleturn|p2a: Toxapex|move: Protect\n|move|p1a: Zamazenta|Body Press|p2a: Toxapex\n|-activate|p2a: Toxapex|move: Protect\n|\n|-heal|p1a: Zamazenta|43\/100|[from] item: Leftovers\n|-end|p1a: Zamazenta|Infestation|[partiallytrapped]\n|upkeep\n|turn|28\n|\n|t:|1699704885\n|switch|p1a: Gardevoir|Gardevoir, M|100\/100\n|-ability|p1a: Gardevoir|Regenerator|[from] ability: Trace|[of] p2a: Toxapex\n|move|p2a: Toxapex|Infestation|p1a: Gardevoir\n|-damage|p1a: Gardevoir|98\/100\n|-activate|p1a: Gardevoir|move: Infestation|[of] p2a: Toxapex\n|\n|-damage|p1a: Gardevoir|86\/100|[from] move: Infestation|[partiallytrapped]\n|upkeep\n|turn|29\n|\n|t:|1699704898\n|move|p1a: Gardevoir|Wish|p1a: Gardevoir\n|move|p2a: Toxapex|Toxic|p1a: Gardevoir\n|-status|p1a: Gardevoir|tox\n|\n|-damage|p1a: Gardevoir|80\/100 tox|[from] psn\n|-damage|p1a: Gardevoir|68\/100 tox|[from] move: Infestation|[partiallytrapped]\n|upkeep\n|turn|30\n|\n|t:|1699704908\n|move|p2a: Toxapex|Baneful Bunker|p2a: Toxapex\n|-singleturn|p2a: Toxapex|move: Protect\n|move|p1a: Gardevoir|Psyshock|p2a: Toxapex\n|-activate|p2a: Toxapex|move: Protect\n|\n|-heal|p1a: Gardevoir|100\/100 tox|[from] move: Wish|[wisher] Gardevoir\n|-damage|p1a: Gardevoir|88\/100 tox|[from] psn\n|-damage|p1a: Gardevoir|76\/100 tox|[from] move: Infestation|[partiallytrapped]\n|upkeep\n|turn|31\n|\n|t:|1699704921\n|move|p1a: Gardevoir|Wish|p1a: Gardevoir\n|move|p2a: Toxapex|Recover|p2a: Toxapex\n|-heal|p2a: Toxapex|100\/100\n|\n|-damage|p1a: Gardevoir|57\/100 tox|[from] psn\n|-damage|p1a: Gardevoir|45\/100 tox|[from] move: Infestation|[partiallytrapped]\n|upkeep\n|turn|32\n|\n|t:|1699704934\n|move|p2a: Toxapex|Baneful Bunker|p2a: Toxapex\n|-singleturn|p2a: Toxapex|move: Protect\n|move|p1a: Gardevoir|Psyshock|p2a: Toxapex\n|-activate|p2a: Toxapex|move: Protect\n|\n|-heal|p1a: Gardevoir|95\/100 tox|[from] move: Wish|[wisher] Gardevoir\n|-damage|p1a: Gardevoir|70\/100 tox|[from] psn\n|-end|p1a: Gardevoir|Infestation|[partiallytrapped]\n|upkeep\n|turn|33\n|\n|t:|1699704943\n|move|p1a: Gardevoir|Wish|p1a: Gardevoir\n|move|p2a: Toxapex|Infestation|p1a: Gardevoir\n|-damage|p1a: Gardevoir|68\/100 tox\n|-activate|p1a: Gardevoir|move: Infestation|[of] p2a: Toxapex\n|\n|-damage|p1a: Gardevoir|37\/100 tox|[from] psn\n|-damage|p1a: Gardevoir|25\/100 tox|[from] move: Infestation|[partiallytrapped]\n|upkeep\n|turn|34\n|\n|t:|1699704954\n|move|p2a: Toxapex|Baneful Bunker|p2a: Toxapex\n|-singleturn|p2a: Toxapex|move: Protect\n|move|p1a: Gardevoir|Psyshock|p2a: Toxapex\n|-activate|p2a: Toxapex|move: Protect\n|\n|-heal|p1a: Gardevoir|75\/100 tox|[from] move: Wish|[wisher] Gardevoir\n|-damage|p1a: Gardevoir|38\/100 tox|[from] psn\n|-damage|p1a: Gardevoir|25\/100 tox|[from] move: Infestation|[partiallytrapped]\n|upkeep\n|turn|35\n|\n|t:|1699704970\n|move|p2a: Toxapex|Baneful Bunker|p2a: Toxapex\n|-singleturn|p2a: Toxapex|move: Protect\n|move|p1a: Gardevoir|Psyshock|p2a: Toxapex\n|-activate|p2a: Toxapex|move: Protect\n|\n|-damage|p1a: Gardevoir|0 fnt|[from] psn\n|faint|p1a: Gardevoir\n|upkeep\n|\n|t:|1699704975\n|switch|p1a: Ambipom|Ambipom, F|100\/100\n|turn|36\n|\n|t:|1699704986\n|move|p1a: Ambipom|Fake Out|p2a: Toxapex\n|-damage|p2a: Toxapex|81\/100\n|-damage|p1a: Ambipom|84\/100|[from] item: Rocky Helmet|[of] p2a: Toxapex\n|cant|p2a: Toxapex|flinch\n|\n|upkeep\n|turn|37\n|\n|t:|1699704997\n|move|p1a: Ambipom|Knock Off|p2a: Toxapex\n|-damage|p2a: Toxapex|64\/100\n|-damage|p1a: Ambipom|68\/100|[from] item: Rocky Helmet|[of] p2a: Toxapex\n|-enditem|p2a: Toxapex|Rocky Helmet|[from] move: Knock Off|[of] p1a: Ambipom\n|move|p2a: Toxapex|Toxic|p1a: Ambipom\n|-status|p1a: Ambipom|tox\n|\n|-damage|p1a: Ambipom|61\/100 tox|[from] psn\n|upkeep\n|turn|38\n|\n|t:|1699705007\n|switch|p2a: Magnezone|Magnezone|100\/100 slp\n|-damage|p2a: Magnezone|84\/100 slp|[from] Spikes\n|-damage|p2a: Magnezone|78\/100 slp|[from] Stealth Rock\n|move|p1a: Ambipom|Double Hit|p2a: Magnezone\n|-resisted|p2a: Magnezone\n|-damage|p2a: Magnezone|66\/100 slp\n|-resisted|p2a: Magnezone\n|-damage|p2a: Magnezone|54\/100 slp\n|-hitcount|p2a: Magnezone|2\n|\n|-heal|p2a: Magnezone|60\/100 slp|[from] item: Leftovers\n|-damage|p1a: Ambipom|49\/100 tox|[from] psn\n|upkeep\n|turn|39\n|\n|t:|1699705028\n|move|p1a: Ambipom|Low Kick|p2a: Magnezone\n|-supereffective|p2a: Magnezone\n|-damage|p2a: Magnezone|12\/100 slp\n|cant|p2a: Magnezone|slp\n|move|p2a: Magnezone|Sleep Talk|p2a: Magnezone\n|move|p2a: Magnezone|Flash Cannon|p1a: Ambipom|[from]move: Sleep Talk\n|-crit|p1a: Ambipom\n|-damage|p1a: Ambipom|0 fnt\n|faint|p1a: Ambipom\n|\n|-heal|p2a: Magnezone|18\/100 slp|[from] item: Leftovers\n|upkeep\n|\n|t:|1699705036\n|switch|p1a: Zamazenta|Zamazenta, tera:Steel|43\/100\n|turn|40\n|\n|t:|1699705045\n|move|p1a: Zamazenta|Iron Defense|p1a: Zamazenta\n|-boost|p1a: Zamazenta|def|2\n|cant|p2a: Magnezone|slp\n|\n|-heal|p1a: Zamazenta|49\/100|[from] item: Leftovers\n|-heal|p2a: Magnezone|24\/100 slp|[from] item: Leftovers\n|upkeep\n|turn|41\n|\n|t:|1699705051\n|move|p1a: Zamazenta|Body Press|p2a: Magnezone\n|-supereffective|p2a: Magnezone\n|-damage|p2a: Magnezone|0 fnt\n|faint|p2a: Magnezone\n|\n|-heal|p1a: Zamazenta|55\/100|[from] item: Leftovers\n|upkeep\n|\n|t:|1699705057\n|switch|p2a: Breloom|Breloom, M, shiny|73\/100 tox\n|-damage|p2a: Breloom|56\/100 tox|[from] Spikes\n|-damage|p2a: Breloom|50\/100 tox|[from] Stealth Rock\n|turn|42\n|\n|t:|1699705066\n|move|p1a: Zamazenta|Iron Defense|p1a: Zamazenta\n|-boost|p1a: Zamazenta|def|2\n|move|p2a: Breloom|Substitute|p2a: Breloom\n|-start|p2a: Breloom|Substitute\n|-damage|p2a: Breloom|25\/100 tox\n|\n|-heal|p1a: Zamazenta|61\/100|[from] item: Leftovers\n|-heal|p2a: Breloom|38\/100 tox|[from] ability: Poison Heal\n|upkeep\n|turn|43\n|\n|t:|1699705074\n|-terastallize|p2a: Breloom|Fighting\n|-singleturn|p2a: Breloom|move: Focus Punch\n|move|p1a: Zamazenta|Body Press|p2a: Breloom\n|-end|p2a: Breloom|Substitute\n|move|p2a: Breloom|Focus Punch|p1a: Zamazenta\n|-supereffective|p1a: Zamazenta\n|-damage|p1a: Zamazenta|2\/100\n|\n|-heal|p1a: Zamazenta|8\/100|[from] item: Leftovers\n|-heal|p2a: Breloom|50\/100 tox|[from] ability: Poison Heal\n|upkeep\n|turn|44\n|\n|t:|1699705085\n|move|p1a: Zamazenta|Body Press|p2a: Breloom\n|-damage|p2a: Breloom|0 fnt\n|faint|p2a: Breloom\n|\n|-heal|p1a: Zamazenta|14\/100|[from] item: Leftovers\n|upkeep\n|\n|t:|1699705090\n|switch|p2a: Toxapex|Toxapex, F|98\/100\n|-damage|p2a: Toxapex|81\/100|[from] Spikes\n|-damage|p2a: Toxapex|69\/100|[from] Stealth Rock\n|turn|45\n|\n|t:|1699705095\n|move|p1a: Zamazenta|Body Press|p2a: Toxapex\n|-resisted|p2a: Toxapex\n|-damage|p2a: Toxapex|43\/100\n|move|p2a: Toxapex|Infestation|p1a: Zamazenta\n|-resisted|p1a: Zamazenta\n|-damage|p1a: Zamazenta|13\/100\n|-activate|p1a: Zamazenta|move: Infestation|[of] p2a: Toxapex\n|\n|-heal|p1a: Zamazenta|19\/100|[from] item: Leftovers\n|-damage|p1a: Zamazenta|7\/100|[from] move: Infestation|[partiallytrapped]\n|upkeep\n|turn|46\n|\n|t:|1699705105\n|move|p1a: Zamazenta|Iron Defense|p1a: Zamazenta\n|-boost|p1a: Zamazenta|def|2\n|move|p2a: Toxapex|Recover|p2a: Toxapex\n|-heal|p2a: Toxapex|93\/100\n|\n|-heal|p1a: Zamazenta|13\/100|[from] item: Leftovers\n|-damage|p1a: Zamazenta|0 fnt|[from] move: Infestation|[partiallytrapped]\n|faint|p1a: Zamazenta\n|\n|win|TheDoggoDS\n|upkeep\n|raw|POOdgey's rating: 1228 &rarr; <strong>1199<\/strong><br \/>(-29 for losing)\n|raw|TheDoggoDS's rating: 1172 &rarr; <strong>1201<\/strong><br \/>(+29 for winning)\n|l|\u2606POOdgey\n","uploadtime":1699705116,"views":42,"p1id":"poodgey","p2id":"thedoggods","formatid":"gen9ou","rating":1199,"private":0,"password":""}