{"id":"gen9ou-1999618608","p1":"Cinny69","p2":"stone xo","format":"[Gen 9] OU","log":"|j|\u2606Cinny69\n|j|\u2606stone xo\n|t:|1701101722\n|gametype|singles\n|player|p1|Cinny69|rika|1313\n|player|p2|stone xo|102|1378\n|teamsize|p1|6\n|teamsize|p2|6\n|gen|9\n|tier|[Gen 9] OU\n|rated|\n|rule|Sleep Clause Mod: Limit one foe put to sleep\n|rule|Species Clause: Limit one of each Pok\u00e9mon\n|rule|OHKO Clause: OHKO moves are banned\n|rule|Evasion Items Clause: Evasion items are banned\n|rule|Evasion Moves Clause: Evasion moves are banned\n|rule|Endless Battle Clause: Forcing endless battles is banned\n|rule|HP Percentage Mod: HP is shown in percentages\n|clearpoke\n|poke|p1|Torkoal, F|\n|poke|p1|Walking Wake|\n|poke|p1|Slither Wing|\n|poke|p1|Torterra, F|\n|poke|p1|Dragapult, F|\n|poke|p1|Zapdos|\n|poke|p2|Landorus-Therian, M|\n|poke|p2|Weezing-Galar, F|\n|poke|p2|Heatran, M|\n|poke|p2|Alomomola, F|\n|poke|p2|Cyclizar, F|\n|poke|p2|Zarude-Dada|\n|teampreview\n|inactive|Battle timer is ON: inactive players will automatically lose when time's up. (requested by Cinny69)\n|\n|t:|1701101738\n|start\n|switch|p1a: Zapdos|Zapdos|100\/100\n|switch|p2a: Weezing|Weezing-Galar, F|100\/100\n|-ability|p2a: Weezing|Neutralizing Gas\n|turn|1\n|\n|t:|1701101746\n|move|p1a: Zapdos|Discharge|p2a: Weezing\n|-damage|p2a: Weezing|57\/100\n|move|p2a: Weezing|Toxic|p1a: Zapdos\n|-status|p1a: Zapdos|tox\n|\n|-damage|p1a: Zapdos|94\/100 tox|[from] psn\n|upkeep\n|turn|2\n|\n|t:|1701101754\n|-end|p2a: Weezing|ability: Neutralizing Gas\n|switch|p2a: Heatran|Heatran, M|100\/100\n|move|p1a: Zapdos|Discharge|p2a: Heatran\n|-damage|p2a: Heatran|78\/100\n|\n|-heal|p2a: Heatran|84\/100|[from] item: Leftovers\n|-damage|p1a: Zapdos|82\/100 tox|[from] psn\n|upkeep\n|turn|3\n|\n|t:|1701101766\n|switch|p1a: Walking Wake|Walking Wake|100\/100\n|move|p2a: Heatran|Protect||[still]\n|-fail|p2a: Heatran\n|\n|-heal|p2a: Heatran|90\/100|[from] item: Leftovers\n|upkeep\n|turn|4\n|\n|t:|1701101778\n|switch|p2a: Weezing|Weezing-Galar, F|57\/100\n|-ability|p2a: Weezing|Neutralizing Gas\n|move|p1a: Walking Wake|Flip Turn|p2a: Weezing\n|-damage|p2a: Weezing|46\/100\n|\n|t:|1701101784\n|-end|p1a: Walking Wake|Protosynthesis|[silent]\n|switch|p1a: Dragapult|Dragapult, F|100\/100|[from] Flip Turn\n|\n|upkeep\n|turn|5\n|\n|t:|1701101794\n|move|p1a: Dragapult|Shadow Ball|p2a: Weezing\n|-damage|p2a: Weezing|0 fnt\n|faint|p2a: Weezing\n|-end|p2a: Weezing|ability: Neutralizing Gas\n|\n|upkeep\n|\n|t:|1701101800\n|switch|p2a: Cyclizar|Cyclizar, F|100\/100\n|turn|6\n|\n|t:|1701101803\n|switch|p1a: Zapdos|Zapdos|82\/100 tox\n|move|p2a: Cyclizar|Knock Off|p1a: Zapdos\n|-damage|p1a: Zapdos|61\/100 tox\n|-status|p2a: Cyclizar|par|[from] ability: Static|[of] p1a: Zapdos\n|-enditem|p1a: Zapdos|Heavy-Duty Boots|[from] move: Knock Off|[of] p2a: Cyclizar\n|\n|-damage|p1a: Zapdos|55\/100 tox|[from] psn\n|upkeep\n|turn|7\n|\n|t:|1701101814\n|move|p1a: Zapdos|Roost|p1a: Zapdos\n|-heal|p1a: Zapdos|100\/100 tox\n|-singleturn|p1a: Zapdos|move: Roost\n|move|p2a: Cyclizar|U-turn|p1a: Zapdos\n|-damage|p1a: Zapdos|86\/100 tox\n|\n|t:|1701101820\n|switch|p2a: Heatran|Heatran, M|90\/100|[from] U-turn\n|\n|-heal|p2a: Heatran|96\/100|[from] item: Leftovers\n|-damage|p1a: Zapdos|74\/100 tox|[from] psn\n|upkeep\n|turn|8\n|\n|t:|1701101832\n|switch|p1a: Torkoal|Torkoal, F|100\/100\n|-weather|SunnyDay|[from] ability: Drought|[of] p1a: Torkoal\n|move|p2a: Heatran|Magma Storm|p1a: Torkoal\n|-resisted|p1a: Torkoal\n|-damage|p1a: Torkoal|63\/100\n|-activate|p1a: Torkoal|move: Magma Storm|[of] p2a: Heatran\n|\n|-weather|SunnyDay|[upkeep]\n|-heal|p2a: Heatran|100\/100|[from] item: Leftovers\n|-damage|p1a: Torkoal|50\/100|[from] move: Magma Storm|[partiallytrapped]\n|upkeep\n|turn|9\n|\n|t:|1701101846\n|move|p2a: Heatran|Stealth Rock|p1a: Torkoal\n|-sidestart|p1: Cinny69|move: Stealth Rock\n|move|p1a: Torkoal|Yawn|p2a: Heatran\n|-start|p2a: Heatran|move: Yawn|[of] p1a: Torkoal\n|\n|-weather|SunnyDay|[upkeep]\n|-damage|p1a: Torkoal|38\/100|[from] move: Magma Storm|[partiallytrapped]\n|upkeep\n|turn|10\n|\n|t:|1701101855\n|switch|p2a: Cyclizar|Cyclizar, F|100\/100 par\n|move|p1a: Torkoal|Rapid Spin|p2a: Cyclizar\n|-damage|p2a: Cyclizar|88\/100 par\n|-boost|p1a: Torkoal|spe|1\n|-sideend|p1: Cinny69|Stealth Rock|[from] move: Rapid Spin|[of] p1a: Torkoal\n|-end|p1a: Torkoal|Magma Storm|[partiallytrapped]\n|\n|-weather|SunnyDay|[upkeep]\n|upkeep\n|turn|11\n|\n|t:|1701101866\n|switch|p1a: Slither Wing|Slither Wing|100\/100\n|-activate|p1a: Slither Wing|ability: Protosynthesis\n|-start|p1a: Slither Wing|protosynthesisatk\n|move|p2a: Cyclizar|Knock Off|p1a: Slither Wing\n|-resisted|p1a: Slither Wing\n|-damage|p1a: Slither Wing|88\/100\n|-enditem|p1a: Slither Wing|Charcoal|[from] move: Knock Off|[of] p2a: Cyclizar\n|\n|-weather|SunnyDay|[upkeep]\n|upkeep\n|turn|12\n|\n|t:|1701101883\n|switch|p2a: Alomomola|Alomomola, F|100\/100\n|move|p1a: Slither Wing|Bulk Up|p1a: Slither Wing\n|-boost|p1a: Slither Wing|atk|1\n|-boost|p1a: Slither Wing|def|1\n|\n|-weather|SunnyDay|[upkeep]\n|upkeep\n|turn|13\n|\n|t:|1701101891\n|move|p1a: Slither Wing|Close Combat|p2a: Alomomola\n|-damage|p2a: Alomomola|30\/100\n|-unboost|p1a: Slither Wing|def|1\n|-unboost|p1a: Slither Wing|spd|1\n|-enditem|p2a: Alomomola|Red Card|[of] p1a: Slither Wing\n|-end|p1a: Slither Wing|Protosynthesis|[silent]\n|drag|p1a: Zapdos|Zapdos|74\/100 tox\n|move|p2a: Alomomola|Scald|p1a: Zapdos\n|-damage|p1a: Zapdos|70\/100 tox\n|\n|-weather|SunnyDay|[upkeep]\n|-damage|p1a: Zapdos|64\/100 tox|[from] psn\n|upkeep\n|turn|14\n|\n|t:|1701101905\n|move|p2a: Alomomola|Protect|p2a: Alomomola\n|-singleturn|p2a: Alomomola|Protect\n|move|p1a: Zapdos|Weather Ball|p2a: Alomomola\n|-activate|p2a: Alomomola|move: Protect\n|\n|-weather|SunnyDay|[upkeep]\n|-damage|p1a: Zapdos|52\/100 tox|[from] psn\n|upkeep\n|turn|15\n|\n|t:|1701101913\n|switch|p2a: Heatran|Heatran, M|100\/100\n|move|p1a: Zapdos|Discharge|p2a: Heatran\n|-damage|p2a: Heatran|79\/100\n|\n|-weather|none\n|-heal|p2a: Heatran|85\/100|[from] item: Leftovers\n|-damage|p1a: Zapdos|34\/100 tox|[from] psn\n|upkeep\n|turn|16\n|\n|t:|1701101923\n|move|p1a: Zapdos|Discharge|p2a: Heatran\n|-damage|p2a: Heatran|64\/100\n|move|p2a: Heatran|Stealth Rock|p1a: Zapdos\n|-sidestart|p1: Cinny69|move: Stealth Rock\n|\n|-heal|p2a: Heatran|70\/100|[from] item: Leftovers\n|-damage|p1a: Zapdos|10\/100 tox|[from] psn\n|upkeep\n|turn|17\n|\n|t:|1701101935\n|move|p1a: Zapdos|Discharge|p2a: Heatran\n|-damage|p2a: Heatran|51\/100\n|move|p2a: Heatran|Magma Storm|p1a: Zapdos\n|-damage|p1a: Zapdos|0 fnt\n|faint|p1a: Zapdos\n|\n|-heal|p2a: Heatran|57\/100|[from] item: Leftovers\n|upkeep\n|\n|t:|1701101944\n|switch|p1a: Torkoal|Torkoal, F|38\/100\n|-damage|p1a: Torkoal|13\/100|[from] Stealth Rock\n|-weather|SunnyDay|[from] ability: Drought|[of] p1a: Torkoal\n|turn|18\n|\n|t:|1701101950\n|move|p2a: Heatran|Earth Power|p1a: Torkoal\n|-supereffective|p1a: Torkoal\n|-crit|p1a: Torkoal\n|-damage|p1a: Torkoal|0 fnt\n|faint|p1a: Torkoal\n|\n|-weather|SunnyDay|[upkeep]\n|-heal|p2a: Heatran|63\/100|[from] item: Leftovers\n|upkeep\n|\n|t:|1701101958\n|switch|p1a: Walking Wake|Walking Wake|100\/100\n|-damage|p1a: Walking Wake|88\/100|[from] Stealth Rock\n|-activate|p1a: Walking Wake|ability: Protosynthesis\n|-start|p1a: Walking Wake|protosynthesisspe\n|turn|19\n|\n|t:|1701101965\n|-terastallize|p1a: Walking Wake|Water\n|move|p2a: Heatran|Protect|p2a: Heatran\n|-singleturn|p2a: Heatran|Protect\n|move|p1a: Walking Wake|Hydro Steam|p2a: Heatran\n|-activate|p2a: Heatran|move: Protect\n|\n|-weather|SunnyDay|[upkeep]\n|-heal|p2a: Heatran|69\/100|[from] item: Leftovers\n|upkeep\n|turn|20\n|\n|t:|1701101975\n|switch|p2a: Cyclizar|Cyclizar, F|100\/100 par\n|move|p1a: Walking Wake|Hydro Steam|p2a: Cyclizar\n|-resisted|p2a: Cyclizar\n|-damage|p2a: Cyclizar|52\/100 par\n|\n|-weather|SunnyDay|[upkeep]\n|upkeep\n|turn|21\n|\n|t:|1701101983\n|move|p1a: Walking Wake|Hydro Steam|p2a: Cyclizar\n|-resisted|p2a: Cyclizar\n|-damage|p2a: Cyclizar|4\/100 par\n|move|p2a: Cyclizar|Knock Off|p1a: Walking Wake\n|-damage|p1a: Walking Wake|67\/100\n|-enditem|p1a: Walking Wake|Choice Specs|[from] move: Knock Off|[of] p2a: Cyclizar\n|\n|-weather|SunnyDay|[upkeep]\n|upkeep\n|turn|22\n|\n|t:|1701101993\n|move|p1a: Walking Wake|Flamethrower|p2a: Cyclizar\n|-resisted|p2a: Cyclizar\n|-damage|p2a: Cyclizar|0 fnt\n|faint|p2a: Cyclizar\n|\n|-weather|SunnyDay|[upkeep]\n|upkeep\n|\n|t:|1701102003\n|switch|p2a: Alomomola|Alomomola, F|63\/100\n|turn|23\n|\n|t:|1701102007\n|move|p2a: Alomomola|Protect|p2a: Alomomola\n|-singleturn|p2a: Alomomola|Protect\n|move|p1a: Walking Wake|Draco Meteor|p2a: Alomomola\n|-activate|p2a: Alomomola|move: Protect\n|\n|-weather|SunnyDay|[upkeep]\n|upkeep\n|turn|24\n|\n|t:|1701102024\n|switch|p2a: Heatran|Heatran, M|69\/100\n|move|p1a: Walking Wake|Hydro Steam|p2a: Heatran\n|-supereffective|p2a: Heatran\n|-damage|p2a: Heatran|0 fnt\n|faint|p2a: Heatran\n|\n|-weather|SunnyDay|[upkeep]\n|upkeep\n|\n|t:|1701102033\n|switch|p2a: Alomomola|Alomomola, F|97\/100\n|turn|25\n|\n|t:|1701102039\n|move|p1a: Walking Wake|Flip Turn|p2a: Alomomola\n|-resisted|p2a: Alomomola\n|-damage|p2a: Alomomola|94\/100\n|\n|t:|1701102042\n|-end|p1a: Walking Wake|Protosynthesis|[silent]\n|switch|p1a: Torterra|Torterra, F|100\/100|[from] Flip Turn\n|-damage|p1a: Torterra|94\/100|[from] Stealth Rock\n|move|p2a: Alomomola|Wish|p2a: Alomomola\n|\n|-weather|none\n|upkeep\n|turn|26\n|\n|t:|1701102052\n|move|p1a: Torterra|Shell Smash|p1a: Torterra\n|-unboost|p1a: Torterra|def|1\n|-unboost|p1a: Torterra|spd|1\n|-boost|p1a: Torterra|atk|2\n|-boost|p1a: Torterra|spa|2\n|-boost|p1a: Torterra|spe|2\n|move|p2a: Alomomola|Scald|p1a: Torterra\n|-crit|p1a: Torterra\n|-damage|p1a: Torterra|57\/100\n|\n|-heal|p2a: Alomomola|100\/100|[from] move: Wish|[wisher] Alomomola\n|upkeep\n|turn|27\n|\n|t:|1701102063\n|move|p1a: Torterra|Bullet Seed|p2a: Alomomola\n|-supereffective|p2a: Alomomola\n|-damage|p2a: Alomomola|75\/100\n|-supereffective|p2a: Alomomola\n|-damage|p2a: Alomomola|51\/100\n|-supereffective|p2a: Alomomola\n|-damage|p2a: Alomomola|28\/100\n|-supereffective|p2a: Alomomola\n|-damage|p2a: Alomomola|3\/100\n|-supereffective|p2a: Alomomola\n|-damage|p2a: Alomomola|0 fnt\n|faint|p2a: Alomomola\n|-hitcount|p2: Alomomola|5\n|\n|upkeep\n|\n|t:|1701102067\n|switch|p2a: Landorus|Landorus-Therian, M|100\/100\n|-ability|p2a: Landorus|Intimidate|boost\n|-unboost|p1a: Torterra|atk|1\n|turn|28\n|\n|t:|1701102080\n|move|p1a: Torterra|Bullet Seed|p2a: Landorus\n|-damage|p2a: Landorus|81\/100\n|-damage|p2a: Landorus|60\/100\n|-damage|p2a: Landorus|41\/100\n|-damage|p2a: Landorus|22\/100\n|-damage|p2a: Landorus|2\/100\n|-hitcount|p2a: Landorus|5\n|move|p2a: Landorus|Earthquake|p1a: Torterra\n|-resisted|p1a: Torterra\n|-damage|p1a: Torterra|26\/100\n|\n|upkeep\n|turn|29\n|-message|stone xo forfeited.\n|\n|win|Cinny69\n|raw|Cinny69's rating: 1313 &rarr; <strong>1337<\/strong><br \/>(+24 for winning)\n|raw|stone xo's rating: 1378 &rarr; <strong>1354<\/strong><br \/>(-24 for losing)\n|l|\u2606stone xo\n","uploadtime":1701102097,"views":2,"p1id":"cinny69","p2id":"stonexo","formatid":"gen9ou","rating":1337,"private":0,"password":""}