{"id":"gen9ou-1992565413","p1":"SkyN64","p2":"Syph0n_78","format":"[Gen 9] OU","log":"|j|\u203dSkyN64\n|j|\u2606Syph0n_78\n|t:|1700206802\n|gametype|singles\n|player|p1|SkyN64|volkner|1062\n|player|p2|Syph0n_78|iris-gen5bw2|1073\n|teamsize|p1|6\n|teamsize|p2|6\n|gen|9\n|tier|[Gen 9] OU\n|rated|\n|rule|Sleep Clause Mod: Limit one foe put to sleep\n|rule|Species Clause: Limit one of each Pok\u00e9mon\n|rule|OHKO Clause: OHKO moves are banned\n|rule|Evasion Items Clause: Evasion items are banned\n|rule|Evasion Moves Clause: Evasion moves are banned\n|rule|Endless Battle Clause: Forcing endless battles is banned\n|rule|HP Percentage Mod: HP is shown in percentages\n|clearpoke\n|poke|p1|Krookodile, M|\n|poke|p1|Mienshao, M|\n|poke|p1|Cinderace, F|\n|poke|p1|Dragapult, F|\n|poke|p1|Leavanny, F|\n|poke|p1|Ninetales-Alola, F|\n|poke|p2|Empoleon, F|\n|poke|p2|Pelipper, M|\n|poke|p2|Haxorus, M|\n|poke|p2|Kleavor, F|\n|poke|p2|Ogerpon, F|\n|poke|p2|Rotom-Wash|\n|teampreview\n|\n|t:|1700206820\n|start\n|switch|p1a: Leavanny|Leavanny, F|100\/100\n|switch|p2a: Pelipper|Pelipper, M|100\/100\n|-weather|RainDance|[from] ability: Drizzle|[of] p2a: Pelipper\n|turn|1\n|\n|t:|1700206828\n|move|p1a: Leavanny|Switcheroo|p2a: Pelipper\n|-activate|p1a: Leavanny|move: Trick|[of] p2a: Pelipper\n|-item|p2a: Pelipper|Choice Scarf|[from] move: Switcheroo\n|-item|p1a: Leavanny|Damp Rock|[from] move: Switcheroo\n|move|p2a: Pelipper|Hurricane|p1a: Leavanny\n|-supereffective|p1a: Leavanny\n|-damage|p1a: Leavanny|0 fnt\n|faint|p1a: Leavanny\n|\n|-weather|RainDance|[upkeep]\n|upkeep\n|\n|t:|1700206848\n|switch|p1a: Ninetales|Ninetales-Alola, F|100\/100\n|-weather|Snow|[from] ability: Snow Warning|[of] p1a: Ninetales\n|turn|2\n|\n|t:|1700206854\n|switch|p2a: Empoleon|Empoleon, F|100\/100\n|move|p1a: Ninetales|Aurora Veil|p1a: Ninetales\n|-sidestart|p1: SkyN64|move: Aurora Veil\n|\n|-weather|Snow|[upkeep]\n|upkeep\n|turn|3\n|\n|t:|1700206870\n|switch|p1a: Mienshao|Mienshao, M|100\/100\n|move|p2a: Empoleon|Flip Turn|p1a: Mienshao\n|-damage|p1a: Mienshao|85\/100\n|\n|t:|1700206882\n|switch|p2a: Pelipper|Pelipper, M|100\/100|[from] Flip Turn\n|-weather|RainDance|[from] ability: Drizzle|[of] p2a: Pelipper\n|\n|-weather|RainDance|[upkeep]\n|upkeep\n|turn|4\n|\n|t:|1700206899\n|switch|p1a: Ninetales|Ninetales-Alola, F|100\/100\n|-weather|Snow|[from] ability: Snow Warning|[of] p1a: Ninetales\n|move|p2a: Pelipper|U-turn|p1a: Ninetales\n|-resisted|p1a: Ninetales\n|-damage|p1a: Ninetales|98\/100\n|\n|t:|1700206905\n|switch|p2a: Kleavor|Kleavor, F|100\/100|[from] U-turn\n|\n|-weather|Snow|[upkeep]\n|upkeep\n|turn|5\n|\n|t:|1700206917\n|move|p1a: Ninetales|Blizzard|p2a: Kleavor\n|-damage|p2a: Kleavor|56\/100\n|move|p2a: Kleavor|Stone Axe|p1a: Ninetales\n|-supereffective|p1a: Ninetales\n|-damage|p1a: Ninetales|46\/100\n|-sidestart|p1: SkyN64|move: Stealth Rock\n|\n|-weather|Snow|[upkeep]\n|upkeep\n|turn|6\n|\n|t:|1700206933\n|move|p1a: Ninetales|Blizzard|p2a: Kleavor\n|-damage|p2a: Kleavor|14\/100\n|move|p2a: Kleavor|Stone Axe|p1a: Ninetales\n|-supereffective|p1a: Ninetales\n|-damage|p1a: Ninetales|0 fnt\n|faint|p1a: Ninetales\n|\n|-weather|Snow|[upkeep]\n|upkeep\n|\n|t:|1700206947\n|switch|p1a: Krookodile|Krookodile, M|100\/100\n|-damage|p1a: Krookodile|94\/100|[from] Stealth Rock\n|turn|7\n|\n|t:|1700206955\n|switch|p2a: Pelipper|Pelipper, M|100\/100\n|-weather|RainDance|[from] ability: Drizzle|[of] p2a: Pelipper\n|move|p1a: Krookodile|Rock Slide|p2a: Pelipper\n|-supereffective|p2a: Pelipper\n|-damage|p2a: Pelipper|45\/100\n|\n|-weather|RainDance|[upkeep]\n|upkeep\n|turn|8\n|\n|t:|1700206968\n|switch|p2a: Empoleon|Empoleon, F|100\/100\n|move|p1a: Krookodile|Rock Slide|p2a: Empoleon\n|-resisted|p2a: Empoleon\n|-damage|p2a: Empoleon|88\/100\n|\n|-weather|RainDance|[upkeep]\n|-heal|p2a: Empoleon|94\/100|[from] item: Leftovers\n|upkeep\n|turn|9\n|\n|t:|1700206995\n|switch|p1a: Cinderace|Cinderace, F|100\/100\n|move|p2a: Empoleon|Flip Turn|p1a: Cinderace\n|-supereffective|p1a: Cinderace\n|-damage|p1a: Cinderace|62\/100\n|\n|t:|1700207006\n|switch|p2a: Haxorus|Haxorus, M|100\/100|[from] Flip Turn\n|-ability|p2a: Haxorus|Mold Breaker\n|\n|-weather|RainDance|[upkeep]\n|-sideend|p1: SkyN64|move: Aurora Veil\n|upkeep\n|turn|10\n|\n|t:|1700207014\n|move|p1a: Cinderace|Court Change|p1a: Cinderace\n|-start|p1a: Cinderace|typechange|Normal|[from] ability: Libero\n|-swapsideconditions\n|-activate|p1a: Cinderace|move: Court Change\n|move|p2a: Haxorus|Scale Shot|p1a: Cinderace\n|-damage|p1a: Cinderace|38\/100\n|-damage|p1a: Cinderace|14\/100\n|-damage|p1a: Cinderace|0 fnt\n|faint|p1a: Cinderace\n|-hitcount|p1: Cinderace|3\n|-unboost|p2a: Haxorus|def|1\n|-boost|p2a: Haxorus|spe|1\n|\n|-weather|RainDance|[upkeep]\n|upkeep\n|\n|t:|1700207041\n|switch|p1a: Krookodile|Krookodile, M|94\/100\n|turn|11\n|\n|t:|1700207052\n|move|p1a: Krookodile|Knock Off|p2a: Haxorus\n|-damage|p2a: Haxorus|7\/100\n|-enditem|p2a: Haxorus|Loaded Dice|[from] move: Knock Off|[of] p1a: Krookodile\n|move|p2a: Haxorus|Scale Shot|p1a: Krookodile\n|-damage|p1a: Krookodile|75\/100\n|-damage|p1a: Krookodile|53\/100\n|-hitcount|p1a: Krookodile|2\n|-unboost|p2a: Haxorus|def|1\n|-boost|p2a: Haxorus|spe|1\n|\n|-weather|none\n|upkeep\n|turn|12\n|\n|t:|1700207064\n|move|p2a: Haxorus|Scale Shot|p1a: Krookodile\n|-damage|p1a: Krookodile|35\/100\n|-damage|p1a: Krookodile|17\/100\n|-damage|p1a: Krookodile|0 fnt\n|faint|p1a: Krookodile\n|-hitcount|p1: Krookodile|3\n|-unboost|p2a: Haxorus|def|1\n|-boost|p2a: Haxorus|spe|1\n|\n|upkeep\n|\n|t:|1700207076\n|switch|p1a: Mienshao|Mienshao, M|85\/100\n|turn|13\n|\n|t:|1700207082\n|move|p2a: Haxorus|Scale Shot|p1a: Mienshao\n|-damage|p1a: Mienshao|56\/100\n|-damage|p1a: Mienshao|24\/100\n|-damage|p1a: Mienshao|0 fnt\n|faint|p1a: Mienshao\n|-hitcount|p1: Mienshao|3\n|-unboost|p2a: Haxorus|def|1\n|-boost|p2a: Haxorus|spe|1\n|\n|upkeep\n|\n|t:|1700207091\n|switch|p1a: Dragapult|Dragapult, F|100\/100\n|turn|14\n|\n|t:|1700207095\n|move|p2a: Haxorus|Scale Shot|p1a: Dragapult\n|-supereffective|p1a: Dragapult\n|-damage|p1a: Dragapult|59\/100\n|-supereffective|p1a: Dragapult\n|-damage|p1a: Dragapult|15\/100\n|-supereffective|p1a: Dragapult\n|-damage|p1a: Dragapult|0 fnt\n|faint|p1a: Dragapult\n|-hitcount|p1: Dragapult|3\n|\n|win|Syph0n_78\n|raw|SkyN64's rating: 1062 &rarr; <strong>1043<\/strong><br \/>(-19 for losing)\n|raw|Syph0n_78's rating: 1073 &rarr; <strong>1101<\/strong><br \/>(+28 for winning)\n|l|\u203dSkyN64\n","uploadtime":1700207107,"views":9,"p1id":"skyn64","p2id":"syph0n78","formatid":"gen9ou","rating":1043,"private":0,"password":""}