{"id":"gen9ou-1989808591","p1":"UltraJoey","p2":"yosoyluisvega","format":"[Gen 9] OU","log":"|j|\u2606UltraJoey\n|j|\u2606yosoyluisvega\n|inactive|Battle timer is ON: inactive players will automatically lose when time's up.\n|t:|1699897490\n|gametype|singles\n|player|p1|UltraJoey|alder|\n|player|p2|yosoyluisvega|1|\n|teamsize|p1|6\n|teamsize|p2|6\n|gen|9\n|tier|[Gen 9] OU\n|rated|Tournament battle\n|rule|Sleep Clause Mod: Limit one foe put to sleep\n|rule|Species Clause: Limit one of each Pok\u00e9mon\n|rule|OHKO Clause: OHKO moves are banned\n|rule|Evasion Items Clause: Evasion items are banned\n|rule|Evasion Moves Clause: Evasion moves are banned\n|rule|Endless Battle Clause: Forcing endless battles is banned\n|rule|HP Percentage Mod: HP is shown in percentages\n|clearpoke\n|poke|p1|Ribombee, M|\n|poke|p1|Ogerpon-Wellspring, F|\n|poke|p1|Iron Moth|\n|poke|p1|Kingambit, F|\n|poke|p1|Gholdengo|\n|poke|p1|Great Tusk|\n|poke|p2|Great Tusk|\n|poke|p2|Hatterene, F|\n|poke|p2|Dondozo, F|\n|poke|p2|Mandibuzz, F|\n|poke|p2|Heatran, M|\n|poke|p2|Dragapult, M|\n|teampreview\n|inactive|UltraJoey also wants the timer to be on.\n|j| sonnyr5\n|\n|t:|1699897503\n|start\n|switch|p1a: Ironheart|Iron Moth, shiny|100\/100\n|switch|p2a: Great Tusk|Great Tusk|100\/100\n|-enditem|p1a: Ironheart|Booster Energy\n|-activate|p1a: Ironheart|ability: Quark Drive|[fromitem]\n|-start|p1a: Ironheart|quarkdrivespa\n|turn|1\n|\n|t:|1699897521\n|-end|p2a: Great Tusk|Protosynthesis|[silent]\n|switch|p2a: Dondozo|Dondozo, F|100\/100\n|move|p1a: Ironheart|Substitute|p1a: Ironheart\n|-start|p1a: Ironheart|Substitute\n|-damage|p1a: Ironheart|76\/100\n|\n|upkeep\n|turn|2\n|\n|t:|1699897528\n|move|p1a: Ironheart|Sludge Wave|p2a: Dondozo\n|-damage|p2a: Dondozo|56\/100\n|move|p2a: Dondozo|Liquidation|p1a: Ironheart\n|-supereffective|p1a: Ironheart\n|-crit|p1a: Ironheart\n|-end|p1a: Ironheart|Substitute\n|\n|-heal|p2a: Dondozo|62\/100|[from] item: Leftovers\n|upkeep\n|turn|3\n|\n|t:|1699897535\n|move|p1a: Ironheart|Sludge Wave|p2a: Dondozo\n|-damage|p2a: Dondozo|16\/100\n|move|p2a: Dondozo|Liquidation|p1a: Ironheart\n|-supereffective|p1a: Ironheart\n|-damage|p1a: Ironheart|0 fnt\n|faint|p1a: Ironheart\n|-end|p1a: Ironheart|Quark Drive|[silent]\n|\n|-heal|p2a: Dondozo|22\/100|[from] item: Leftovers\n|upkeep\n|\n|t:|1699897538\n|switch|p1a: Bumblebee|Ribombee, M, shiny|100\/100\n|turn|4\n|j| Climbableshark4\n|\n|t:|1699897546\n|move|p1a: Bumblebee|U-turn|p2a: Dondozo\n|-damage|p2a: Dondozo|15\/100\n|\n|t:|1699897550\n|switch|p1a: Goemon|Ogerpon-Wellspring, F|100\/100|[from] U-turn\n|move|p2a: Dondozo|Rest|p2a: Dondozo\n|-status|p2a: Dondozo|slp|[from] move: Rest\n|-heal|p2a: Dondozo|100\/100 slp|[silent]\n|\n|upkeep\n|turn|5\n|\n|t:|1699897556\n|switch|p2a: Mandibuzz|Mandibuzz, F|100\/100\n|move|p1a: Goemon|Swords Dance|p1a: Goemon\n|-boost|p1a: Goemon|atk|2\n|\n|upkeep\n|turn|6\n|\n|t:|1699897559\n|move|p1a: Goemon|Play Rough|p2a: Mandibuzz\n|-supereffective|p2a: Mandibuzz\n|-damage|p2a: Mandibuzz|23\/100\n|move|p2a: Mandibuzz|Foul Play|p1a: Goemon\n|-damage|p1a: Goemon|0 fnt\n|faint|p1a: Goemon\n|\n|upkeep\n|\n|t:|1699897563\n|switch|p1a: Bumblebee|Ribombee, M, shiny|100\/100\n|turn|7\n|\n|t:|1699897572\n|switch|p2a: Hatterene|Hatterene, F|100\/100\n|move|p1a: Bumblebee|Sticky Web|p2a: Hatterene\n|move|p2a: Hatterene|Sticky Web|p1a: Bumblebee|[from]ability: Magic Bounce\n|-sidestart|p1: UltraJoey|move: Sticky Web\n|\n|upkeep\n|turn|8\n|\n|t:|1699897578\n|move|p1a: Bumblebee|U-turn|p2a: Hatterene\n|-damage|p2a: Hatterene|89\/100\n|\n|t:|1699897582\n|switch|p1a: Vegas|Gholdengo|100\/100|[from] U-turn\n|-activate|p1a: Vegas|move: Sticky Web\n|-unboost|p1a: Vegas|spe|1\n|move|p2a: Hatterene|Nuzzle|p1a: Vegas\n|-damage|p1a: Vegas|97\/100\n|-status|p1a: Vegas|par\n|\n|-heal|p2a: Hatterene|95\/100|[from] item: Leftovers\n|-heal|p1a: Vegas|100\/100 par|[from] item: Leftovers\n|upkeep\n|turn|9\n|\n|t:|1699897589\n|switch|p2a: Heatran|Heatran, M|100\/100\n|move|p1a: Vegas|Hex|p2a: Heatran\n|-damage|p2a: Heatran|77\/100\n|\n|-heal|p2a: Heatran|83\/100|[from] item: Leftovers\n|upkeep\n|turn|10\n|\n|t:|1699897594\n|move|p2a: Heatran|Magma Storm|p1a: Vegas\n|-supereffective|p1a: Vegas\n|-damage|p1a: Vegas|13\/100 par\n|-activate|p1a: Vegas|move: Magma Storm|[of] p2a: Heatran\n|cant|p1a: Vegas|par\n|\n|-heal|p2a: Heatran|89\/100|[from] item: Leftovers\n|-heal|p1a: Vegas|19\/100 par|[from] item: Leftovers\n|-damage|p1a: Vegas|6\/100 par|[from] move: Magma Storm|[partiallytrapped]\n|upkeep\n|turn|11\n|\n|t:|1699897601\n|move|p2a: Heatran|Earth Power|p1a: Vegas\n|-supereffective|p1a: Vegas\n|-damage|p1a: Vegas|0 fnt\n|faint|p1a: Vegas\n|\n|-heal|p2a: Heatran|96\/100|[from] item: Leftovers\n|upkeep\n|\n|t:|1699897604\n|switch|p1a: Manny|Great Tusk, shiny|100\/100\n|turn|12\n|\n|t:|1699897610\n|move|p1a: Manny|Rapid Spin|p2a: Heatran\n|-resisted|p2a: Heatran\n|-damage|p2a: Heatran|88\/100\n|-boost|p1a: Manny|spe|1\n|-sideend|p1: UltraJoey|Sticky Web|[from] move: Rapid Spin|[of] p1a: Manny\n|move|p2a: Heatran|Magma Storm|p1a: Manny\n|-damage|p1a: Manny|36\/100\n|-activate|p1a: Manny|move: Magma Storm|[of] p2a: Heatran\n|\n|-heal|p2a: Heatran|94\/100|[from] item: Leftovers\n|-damage|p1a: Manny|23\/100|[from] move: Magma Storm|[partiallytrapped]\n|upkeep\n|turn|13\n|\n|t:|1699897619\n|move|p2a: Heatran|Protect|p2a: Heatran\n|-singleturn|p2a: Heatran|Protect\n|move|p1a: Manny|Headlong Rush|p2a: Heatran\n|-activate|p2a: Heatran|move: Protect\n|\n|-heal|p2a: Heatran|99\/100|[from] item: Leftovers\n|-damage|p1a: Manny|11\/100|[from] move: Magma Storm|[partiallytrapped]\n|upkeep\n|turn|14\n|\n|t:|1699897631\n|switch|p2a: Mandibuzz|Mandibuzz, F|23\/100\n|move|p1a: Manny|Close Combat|p2a: Mandibuzz\n|-damage|p2a: Mandibuzz|0 fnt\n|-unboost|p1a: Manny|def|1\n|-unboost|p1a: Manny|spd|1\n|faint|p2a: Mandibuzz\n|\n|-end|p1a: Manny|Magma Storm|[partiallytrapped]|[silent]\n|upkeep\n|\n|t:|1699897643\n|switch|p2a: Great Tusk|Great Tusk|100\/100\n|turn|15\n|\n|t:|1699897647\n|move|p1a: Manny|Knock Off|p2a: Great Tusk\n|-resisted|p2a: Great Tusk\n|-damage|p2a: Great Tusk|87\/100\n|-enditem|p2a: Great Tusk|Choice Band|[from] move: Knock Off|[of] p1a: Manny\n|move|p2a: Great Tusk|Knock Off|p1a: Manny\n|-resisted|p1a: Manny\n|-damage|p1a: Manny|0 fnt\n|-enditem|p1a: Manny|Heavy-Duty Boots|[from] move: Knock Off|[of] p2a: Great Tusk\n|faint|p1a: Manny\n|-end|p1a: Manny|Protosynthesis|[silent]\n|\n|upkeep\n|\n|t:|1699897652\n|switch|p1a: Bumblebee|Ribombee, M, shiny|100\/100\n|turn|16\n|\n|t:|1699897656\n|-end|p2a: Great Tusk|Protosynthesis|[silent]\n|switch|p2a: Hatterene|Hatterene, F|95\/100\n|move|p1a: Bumblebee|Moonblast|p2a: Hatterene\n|-damage|p2a: Hatterene|50\/100\n|-unboost|p2a: Hatterene|spa|1\n|\n|-heal|p2a: Hatterene|56\/100|[from] item: Leftovers\n|upkeep\n|turn|17\n|\n|t:|1699897661\n|move|p1a: Bumblebee|Moonblast|p2a: Hatterene\n|-damage|p2a: Hatterene|11\/100\n|-unboost|p2a: Hatterene|spa|1\n|move|p2a: Hatterene|Nuzzle|p1a: Bumblebee\n|-damage|p1a: Bumblebee|93\/100\n|\n|-heal|p2a: Hatterene|17\/100|[from] item: Leftovers\n|upkeep\n|turn|18\n|\n|t:|1699897670\n|move|p1a: Bumblebee|Moonblast|p2a: Hatterene\n|-damage|p2a: Hatterene|0 fnt\n|faint|p2a: Hatterene\n|\n|upkeep\n|\n|t:|1699897673\n|switch|p2a: Dragapult|Dragapult, M|100\/100\n|turn|19\n|\n|t:|1699897678\n|move|p2a: Dragapult|Flamethrower|p1a: Bumblebee\n|-supereffective|p1a: Bumblebee\n|-damage|p1a: Bumblebee|0 fnt\n|faint|p1a: Bumblebee\n|\n|upkeep\n|\n|t:|1699897680\n|switch|p1a: Vader|Kingambit, F, shiny|100\/100\n|-activate|p1a: Vader|ability: Supreme Overlord\n|-start|p1a: Vader|fallen5|[silent]\n|turn|20\n|\n|t:|1699897686\n|-terastallize|p1a: Vader|Flying\n|move|p2a: Dragapult|Flamethrower|p1a: Vader\n|-damage|p1a: Vader|53\/100\n|move|p1a: Vader|Swords Dance|p1a: Vader\n|-boost|p1a: Vader|atk|2\n|\n|upkeep\n|turn|21\n|\n|t:|1699897692\n|move|p1a: Vader|Sucker Punch|p2a: Dragapult\n|-supereffective|p2a: Dragapult\n|-damage|p2a: Dragapult|0 fnt\n|faint|p2a: Dragapult\n|\n|upkeep\n|\n|t:|1699897696\n|switch|p2a: Great Tusk|Great Tusk|87\/100\n|turn|22\n|\n|t:|1699897701\n|-terastallize|p2a: Great Tusk|Steel\n|move|p1a: Vader|Sucker Punch|p2a: Great Tusk\n|-damage|p2a: Great Tusk|0 fnt\n|faint|p2a: Great Tusk\n|-end|p2a: Great Tusk|Protosynthesis|[silent]\n|\n|upkeep\n|\n|t:|1699897706\n|switch|p2a: Heatran|Heatran, M|99\/100\n|turn|23\n|\n|t:|1699897710\n|move|p1a: Vader|Sucker Punch|p2a: Heatran\n|-damage|p2a: Heatran|0 fnt\n|faint|p2a: Heatran\n|\n|upkeep\n|\n|t:|1699897714\n|switch|p2a: Dondozo|Dondozo, F|100\/100 slp\n|turn|24\n|\n|t:|1699897718\n|move|p1a: Vader|Iron Head|p2a: Dondozo\n|-resisted|p2a: Dondozo\n|-damage|p2a: Dondozo|81\/100 slp\n|cant|p2a: Dondozo|slp\n|move|p2a: Dondozo|Sleep Talk|p2a: Dondozo\n|move|p2a: Dondozo|Liquidation|p1a: Vader|[from]move: Sleep Talk\n|-damage|p1a: Vader|29\/100\n|\n|-heal|p2a: Dondozo|87\/100 slp|[from] item: Leftovers\n|upkeep\n|turn|25\n|\n|t:|1699897726\n|move|p1a: Vader|Iron Head|p2a: Dondozo\n|-resisted|p2a: Dondozo\n|-damage|p2a: Dondozo|64\/100 slp\n|cant|p2a: Dondozo|slp\n|move|p2a: Dondozo|Sleep Talk|p2a: Dondozo\n|move|p2a: Dondozo|Liquidation|p1a: Vader|[from]move: Sleep Talk\n|-damage|p1a: Vader|3\/100\n|\n|-heal|p2a: Dondozo|70\/100 slp|[from] item: Leftovers\n|upkeep\n|turn|26\n|\n|t:|1699897732\n|move|p1a: Vader|Iron Head|p2a: Dondozo\n|-resisted|p2a: Dondozo\n|-damage|p2a: Dondozo|50\/100 slp\n|-curestatus|p2a: Dondozo|slp|[msg]\n|cant|p2a: Dondozo|flinch\n|\n|-heal|p2a: Dondozo|56\/100|[from] item: Leftovers\n|upkeep\n|turn|27\n|\n|t:|1699897738\n|move|p1a: Vader|Iron Head|p2a: Dondozo\n|-resisted|p2a: Dondozo\n|-damage|p2a: Dondozo|34\/100\n|move|p2a: Dondozo|Curse|p2a: Dondozo\n|-unboost|p2a: Dondozo|spe|1\n|-boost|p2a: Dondozo|atk|1\n|-boost|p2a: Dondozo|def|1\n|\n|-heal|p2a: Dondozo|40\/100|[from] item: Leftovers\n|upkeep\n|turn|28\n|\n|t:|1699897743\n|move|p1a: Vader|Iron Head|p2a: Dondozo\n|-resisted|p2a: Dondozo\n|-damage|p2a: Dondozo|26\/100\n|cant|p2a: Dondozo|flinch\n|\n|-heal|p2a: Dondozo|32\/100|[from] item: Leftovers\n|upkeep\n|turn|29\n|\n|t:|1699897748\n|move|p1a: Vader|Iron Head|p2a: Dondozo\n|-resisted|p2a: Dondozo\n|-damage|p2a: Dondozo|18\/100\n|cant|p2a: Dondozo|flinch\n|\n|-heal|p2a: Dondozo|24\/100|[from] item: Leftovers\n|upkeep\n|turn|30\n|\n|t:|1699897752\n|move|p1a: Vader|Iron Head|p2a: Dondozo\n|-resisted|p2a: Dondozo\n|-damage|p2a: Dondozo|10\/100\n|cant|p2a: Dondozo|flinch\n|\n|-heal|p2a: Dondozo|16\/100|[from] item: Leftovers\n|upkeep\n|turn|31\n|\n|t:|1699897757\n|move|p1a: Vader|Iron Head|p2a: Dondozo\n|-resisted|p2a: Dondozo\n|-damage|p2a: Dondozo|2\/100\n|move|p2a: Dondozo|Rest|p2a: Dondozo\n|-status|p2a: Dondozo|slp|[from] move: Rest\n|-heal|p2a: Dondozo|100\/100 slp|[silent]\n|\n|upkeep\n|turn|32\n|\n|t:|1699897762\n|move|p1a: Vader|Iron Head|p2a: Dondozo\n|-resisted|p2a: Dondozo\n|-damage|p2a: Dondozo|86\/100 slp\n|cant|p2a: Dondozo|slp\n|move|p2a: Dondozo|Sleep Talk|p2a: Dondozo\n|move|p2a: Dondozo|Liquidation|p1a: Vader|[from]move: Sleep Talk\n|-damage|p1a: Vader|0 fnt\n|faint|p1a: Vader\n|-end|p1a: Vader|fallen5|[silent]\n|\n|win|yosoyluisvega\n|n|\u2606UltraJoey|ultrajoey\n|n|\u2606yosoyluisvega|yosoyluisvega\n|n| sonnyr5|sonnyr5\n|n| Climbableshark4|climbableshark4\n|c|\u2606UltraJoey|gg\n|c| Climbableshark4|omg\n|c|\u2606UltraJoey|average bozo w\n|c|\u2606UltraJoey|Love dat guy\n","uploadtime":1699897787,"views":8,"p1id":"ultrajoey","p2id":"yosoyluisvega","formatid":"gen9ou","rating":0,"private":0,"password":""}