{"id":"gen9ou-1988819290","p1":"Zorrodxl","p2":"xtm'bhl","format":"[Gen 9] OU","log":"|j|\u2606Zorrodxl\n|j|\u2606xtm'bhl\n|t:|1699767876\n|gametype|singles\n|player|p1|Zorrodxl|gentleman-gen4|1106\n|player|p2|xtm'bhl|101|1000\n|teamsize|p1|6\n|teamsize|p2|6\n|gen|9\n|tier|[Gen 9] OU\n|rated|\n|rule|Sleep Clause Mod: Limit one foe put to sleep\n|rule|Species Clause: Limit one of each Pok\u00e9mon\n|rule|OHKO Clause: OHKO moves are banned\n|rule|Evasion Items Clause: Evasion items are banned\n|rule|Evasion Moves Clause: Evasion moves are banned\n|rule|Endless Battle Clause: Forcing endless battles is banned\n|rule|HP Percentage Mod: HP is shown in percentages\n|clearpoke\n|poke|p1|Manaphy|\n|poke|p1|Kingambit, M|\n|poke|p1|Ribombee, F|\n|poke|p1|Gholdengo|\n|poke|p1|Iron Moth|\n|poke|p1|Ogerpon-Wellspring, F|\n|poke|p2|Dragapult, F|\n|poke|p2|Gliscor, F|\n|poke|p2|Mew|\n|poke|p2|Mimikyu, M|\n|poke|p2|Umbreon, M|\n|poke|p2|Iron Treads|\n|teampreview\n|inactive|Battle timer is ON: inactive players will automatically lose when time's up. (requested by xtm'bhl)\n|\n|t:|1699767891\n|start\n|switch|p1a: 2HKO BOT|Ribombee, F, shiny|100\/100\n|switch|p2a: Mew|Mew|100\/100\n|turn|1\n|\n|t:|1699767902\n|move|p1a: 2HKO BOT|Sticky Web|p2a: Mew\n|-sidestart|p2: xtm'bhl|move: Sticky Web\n|move|p2a: Mew|Calm Mind|p2a: Mew\n|-boost|p2a: Mew|spa|1\n|-boost|p2a: Mew|spd|1\n|\n|upkeep\n|turn|2\n|\n|t:|1699767913\n|move|p1a: 2HKO BOT|Moonblast|p2a: Mew\n|-crit|p2a: Mew\n|-damage|p2a: Mew|38\/100\n|-unboost|p2a: Mew|spa|1\n|move|p2a: Mew|Will-O-Wisp|p1a: 2HKO BOT\n|-status|p1a: 2HKO BOT|brn\n|\n|-heal|p2a: Mew|44\/100|[from] item: Leftovers\n|-damage|p1a: 2HKO BOT|94\/100 brn|[from] brn\n|upkeep\n|turn|3\n|\n|t:|1699767927\n|switch|p2a: Iron Treads|Iron Treads|100\/100\n|move|p1a: 2HKO BOT|Moonblast|p2a: Iron Treads\n|-resisted|p2a: Iron Treads\n|-damage|p2a: Iron Treads|72\/100\n|-unboost|p2a: Iron Treads|spa|1\n|\n|-damage|p1a: 2HKO BOT|88\/100 brn|[from] brn\n|upkeep\n|turn|4\n|\n|t:|1699767954\n|switch|p1a: VolcaronaLARP|Iron Moth|100\/100\n|-enditem|p1a: VolcaronaLARP|Booster Energy\n|-activate|p1a: VolcaronaLARP|ability: Quark Drive|[fromitem]\n|-start|p1a: VolcaronaLARP|quarkdrivespe\n|move|p2a: Iron Treads|Rapid Spin|p1a: VolcaronaLARP\n|-damage|p1a: VolcaronaLARP|79\/100\n|-boost|p2a: Iron Treads|spe|1\n|-sideend|p2: xtm'bhl|Sticky Web|[from] move: Rapid Spin|[of] p2a: Iron Treads\n|\n|upkeep\n|turn|5\n|\n|t:|1699767972\n|move|p1a: VolcaronaLARP|Fiery Dance|p2a: Iron Treads\n|-supereffective|p2a: Iron Treads\n|-damage|p2a: Iron Treads|0 fnt\n|-boost|p1a: VolcaronaLARP|spa|1\n|faint|p2a: Iron Treads\n|-end|p2a: Iron Treads|Quark Drive|[silent]\n|\n|upkeep\n|\n|t:|1699767979\n|switch|p2a: Umbreon|Umbreon, M|100\/100\n|turn|6\n|\n|t:|1699767986\n|move|p1a: VolcaronaLARP|Dazzling Gleam|p2a: Umbreon\n|-supereffective|p2a: Umbreon\n|-damage|p2a: Umbreon|48\/100\n|move|p2a: Umbreon|Toxic|p1a: VolcaronaLARP\n|-immune|p1a: VolcaronaLARP\n|\n|-heal|p2a: Umbreon|54\/100|[from] item: Leftovers\n|upkeep\n|turn|7\n|\n|t:|1699767994\n|move|p2a: Umbreon|Protect|p2a: Umbreon\n|-singleturn|p2a: Umbreon|Protect\n|move|p1a: VolcaronaLARP|Dazzling Gleam|p2a: Umbreon\n|-activate|p2a: Umbreon|move: Protect\n|\n|-heal|p2a: Umbreon|60\/100|[from] item: Leftovers\n|upkeep\n|turn|8\n|\n|t:|1699768001\n|-terastallize|p1a: VolcaronaLARP|Fairy\n|move|p1a: VolcaronaLARP|Dazzling Gleam|p2a: Umbreon\n|-supereffective|p2a: Umbreon\n|-damage|p2a: Umbreon|0 fnt\n|faint|p2a: Umbreon\n|\n|upkeep\n|\n|t:|1699768008\n|switch|p2a: Dragapult|Dragapult, F|100\/100\n|turn|9\n|\n|t:|1699768011\n|move|p1a: VolcaronaLARP|Dazzling Gleam|p2a: Dragapult\n|-supereffective|p2a: Dragapult\n|-damage|p2a: Dragapult|0 fnt\n|faint|p2a: Dragapult\n|\n|upkeep\n|\n|t:|1699768018\n|switch|p2a: Gliscor|Gliscor, F|100\/100\n|turn|10\n|\n|t:|1699768040\n|move|p1a: VolcaronaLARP|Substitute|p1a: VolcaronaLARP\n|-start|p1a: VolcaronaLARP|Substitute\n|-damage|p1a: VolcaronaLARP|54\/100\n|move|p2a: Gliscor|Earthquake|p1a: VolcaronaLARP\n|-end|p1a: VolcaronaLARP|Substitute\n|\n|-status|p2a: Gliscor|tox|[from] item: Toxic Orb\n|upkeep\n|turn|11\n|\n|t:|1699768052\n|move|p1a: VolcaronaLARP|Dazzling Gleam|p2a: Gliscor\n|-damage|p2a: Gliscor|27\/100 tox\n|move|p2a: Gliscor|Earthquake|p1a: VolcaronaLARP\n|-damage|p1a: VolcaronaLARP|10\/100\n|\n|-heal|p2a: Gliscor|39\/100 tox|[from] ability: Poison Heal\n|upkeep\n|turn|12\n|\n|t:|1699768060\n|move|p2a: Gliscor|Protect|p2a: Gliscor\n|-singleturn|p2a: Gliscor|Protect\n|move|p1a: VolcaronaLARP|Dazzling Gleam|p2a: Gliscor\n|-activate|p2a: Gliscor|move: Protect\n|\n|-heal|p2a: Gliscor|52\/100 tox|[from] ability: Poison Heal\n|upkeep\n|turn|13\n|\n|t:|1699768069\n|move|p1a: VolcaronaLARP|Dazzling Gleam|p2a: Gliscor\n|-damage|p2a: Gliscor|0 fnt\n|faint|p2a: Gliscor\n|\n|upkeep\n|\n|t:|1699768074\n|switch|p2a: Mew|Mew|44\/100\n|turn|14\n|\n|t:|1699768077\n|move|p1a: VolcaronaLARP|Dazzling Gleam|p2a: Mew\n|-damage|p2a: Mew|0 fnt\n|faint|p2a: Mew\n|\n|upkeep\n|\n|t:|1699768081\n|switch|p2a: Mimikyu|Mimikyu, M|100\/100\n|turn|15\n|\n|t:|1699768093\n|move|p1a: VolcaronaLARP|Dazzling Gleam|p2a: Mimikyu\n|-activate|p2a: Mimikyu|ability: Disguise\n|-damage|p2a: Mimikyu|100\/100\n|detailschange|p2a: Mimikyu|Mimikyu-Busted, M\n|-damage|p2a: Mimikyu|88\/100|[from] pokemon: Mimikyu-Busted\n|move|p2a: Mimikyu|Shadow Claw|p1a: VolcaronaLARP\n|-damage|p1a: VolcaronaLARP|0 fnt\n|faint|p1a: VolcaronaLARP\n|-end|p1a: VolcaronaLARP|Quark Drive|[silent]\n|\n|-heal|p2a: Mimikyu|94\/100|[from] item: Leftovers\n|upkeep\n|\n|t:|1699768103\n|switch|p1a: GOATdengo|Gholdengo|100\/100\n|-item|p1a: GOATdengo|Air Balloon\n|turn|16\n|\n|t:|1699768110\n|move|p2a: Mimikyu|Substitute|p2a: Mimikyu\n|-start|p2a: Mimikyu|Substitute\n|-damage|p2a: Mimikyu|69\/100\n|move|p1a: GOATdengo|Make It Rain|p2a: Mimikyu\n|-supereffective|p2a: Mimikyu\n|-end|p2a: Mimikyu|Substitute\n|-unboost|p1a: GOATdengo|spa|1\n|\n|-heal|p2a: Mimikyu|75\/100|[from] item: Leftovers\n|upkeep\n|turn|17\n|\n|t:|1699768119\n|move|p2a: Mimikyu|Protect|p2a: Mimikyu\n|-singleturn|p2a: Mimikyu|Protect\n|move|p1a: GOATdengo|Make It Rain|p2a: Mimikyu\n|-activate|p2a: Mimikyu|move: Protect\n|\n|-heal|p2a: Mimikyu|81\/100|[from] item: Leftovers\n|upkeep\n|turn|18\n|\n|t:|1699768131\n|move|p2a: Mimikyu|Shadow Claw|p1a: GOATdengo\n|-supereffective|p1a: GOATdengo\n|-damage|p1a: GOATdengo|48\/100\n|-enditem|p1a: GOATdengo|Air Balloon\n|move|p1a: GOATdengo|Make It Rain|p2a: Mimikyu\n|-supereffective|p2a: Mimikyu\n|-damage|p2a: Mimikyu|0 fnt\n|-unboost|p1a: GOATdengo|spa|1\n|faint|p2a: Mimikyu\n|\n|win|Zorrodxl\n|raw|Zorrodxl's rating: 1106 &rarr; <strong>1124<\/strong><br \/>(+18 for winning)\n|raw|xtm&apos;bhl's rating: 1000 &rarr; <strong>1000<\/strong><br \/>(+0 for losing)\n|l|\u2606xtm'bhl\n","uploadtime":1699768152,"views":10,"p1id":"zorrodxl","p2id":"xtmbhl","formatid":"gen9ou","rating":1000,"private":0,"password":""}