{"id":"gen9ou-1992056289","p1":"godkingbobert","p2":"SylverOmega","format":"[Gen 9] OU","log":"|j|\u2606godkingbobert\n|j|\u2606SylverOmega\n|t:|1700151413\n|gametype|singles\n|player|p1|godkingbobert|li|1421\n|player|p2|SylverOmega|palmer|1412\n|teamsize|p1|6\n|teamsize|p2|6\n|gen|9\n|tier|[Gen 9] OU\n|rated|\n|rule|Sleep Clause Mod: Limit one foe put to sleep\n|rule|Species Clause: Limit one of each Pok\u00e9mon\n|rule|OHKO Clause: OHKO moves are banned\n|rule|Evasion Items Clause: Evasion items are banned\n|rule|Evasion Moves Clause: Evasion moves are banned\n|rule|Endless Battle Clause: Forcing endless battles is banned\n|rule|HP Percentage Mod: HP is shown in percentages\n|clearpoke\n|poke|p1|Dragapult, M|\n|poke|p1|Gholdengo|\n|poke|p1|Great Tusk|\n|poke|p1|Scream Tail|\n|poke|p1|Cinderace, M|\n|poke|p1|Dondozo, F|\n|poke|p2|Enamorus, F|\n|poke|p2|Kingambit, F|\n|poke|p2|Great Tusk|\n|poke|p2|Ogerpon-Wellspring, F|\n|poke|p2|Ceruledge, F|\n|poke|p2|Gholdengo|\n|teampreview\n|inactive|Battle timer is ON: inactive players will automatically lose when time's up. (requested by SylverOmega)\n|c|\u2606SylverOmega|Hf\n|\n|t:|1700151428\n|start\n|switch|p1a: Cinderace|Cinderace, M|100\/100\n|switch|p2a: Ogerpon|Ogerpon-Wellspring, F|100\/100\n|turn|1\n|\n|t:|1700151441\n|switch|p2a: Ceruledge|Ceruledge, F|100\/100\n|move|p1a: Cinderace|U-turn|p2a: Ceruledge\n|-start|p1a: Cinderace|typechange|Bug|[from] ability: Libero\n|-resisted|p2a: Ceruledge\n|-damage|p2a: Ceruledge|86\/100\n|-ability|p2a: Ceruledge|Weak Armor|boost\n|-unboost|p2a: Ceruledge|def|1\n|-boost|p2a: Ceruledge|spe|2\n|\n|t:|1700151447\n|switch|p1a: Great Tusk|Great Tusk|100\/100|[from] U-turn\n|\n|upkeep\n|turn|2\n|\n|t:|1700151461\n|switch|p2a: Enamorus|Enamorus, F|100\/100\n|move|p1a: Great Tusk|Knock Off|p2a: Enamorus\n|-resisted|p2a: Enamorus\n|-damage|p2a: Enamorus|79\/100\n|-enditem|p2a: Enamorus|Choice Specs|[from] move: Knock Off|[of] p1a: Great Tusk\n|\n|upkeep\n|turn|3\n|\n|t:|1700151473\n|-end|p1a: Great Tusk|Protosynthesis|[silent]\n|switch|p1a: Cinderace|Cinderace, M|100\/100\n|move|p2a: Enamorus|Moonblast|p1a: Cinderace\n|-resisted|p1a: Cinderace\n|-damage|p1a: Cinderace|66\/100\n|\n|upkeep\n|turn|4\n|\n|t:|1700151481\n|move|p1a: Cinderace|U-turn|p2a: Enamorus\n|-start|p1a: Cinderace|typechange|Bug|[from] ability: Libero\n|-resisted|p2a: Enamorus\n|-damage|p2a: Enamorus|61\/100\n|\n|t:|1700151484\n|switch|p1a: Scream Tail|Scream Tail|100\/100|[from] U-turn\n|move|p2a: Enamorus|Earth Power|p1a: Scream Tail\n|-damage|p1a: Scream Tail|83\/100\n|\n|-heal|p1a: Scream Tail|89\/100|[from] item: Leftovers\n|upkeep\n|turn|5\n|\n|t:|1700151494\n|switch|p2a: Ceruledge|Ceruledge, F|86\/100\n|move|p1a: Scream Tail|Wish|p1a: Scream Tail\n|\n|-heal|p1a: Scream Tail|95\/100|[from] item: Leftovers\n|upkeep\n|turn|6\n|\n|t:|1700151503\n|-end|p1a: Scream Tail|Protosynthesis|[silent]\n|switch|p1a: Great Tusk|Great Tusk|100\/100\n|move|p2a: Ceruledge|Bitter Blade|p1a: Great Tusk\n|-damage|p1a: Great Tusk|78\/100\n|-heal|p2a: Ceruledge|100\/100|[from] drain|[of] p1a: Great Tusk\n|\n|-heal|p1a: Great Tusk|100\/100|[from] move: Wish|[wisher] Scream Tail\n|upkeep\n|turn|7\n|\n|t:|1700151520\n|switch|p2a: Great Tusk|Great Tusk|100\/100\n|move|p1a: Great Tusk|Stealth Rock|p2a: Great Tusk\n|-sidestart|p2: SylverOmega|move: Stealth Rock\n|\n|upkeep\n|turn|8\n|\n|t:|1700151527\n|-end|p1a: Great Tusk|Protosynthesis|[silent]\n|switch|p1a: Gholdengo|Gholdengo|100\/100\n|move|p2a: Great Tusk|Bulk Up|p2a: Great Tusk\n|-boost|p2a: Great Tusk|atk|1\n|-boost|p2a: Great Tusk|def|1\n|\n|upkeep\n|turn|9\n|\n|t:|1700151535\n|-terastallize|p1a: Gholdengo|Fairy\n|move|p1a: Gholdengo|Make It Rain|p2a: Great Tusk\n|-damage|p2a: Great Tusk|27\/100\n|-unboost|p1a: Gholdengo|spa|1\n|move|p2a: Great Tusk|Earthquake|p1a: Gholdengo\n|-damage|p1a: Gholdengo|23\/100\n|\n|-heal|p2a: Great Tusk|33\/100|[from] item: Leftovers\n|upkeep\n|turn|10\n|\n|t:|1700151567\n|move|p1a: Gholdengo|Make It Rain|p2a: Great Tusk\n|-damage|p2a: Great Tusk|0 fnt\n|-unboost|p1a: Gholdengo|spa|1\n|faint|p2a: Great Tusk\n|-end|p2a: Great Tusk|Protosynthesis|[silent]\n|\n|upkeep\n|inactive|SylverOmega has 120 seconds left.\n|\n|t:|1700151604\n|switch|p2a: Ogerpon|Ogerpon-Wellspring, F|100\/100\n|-damage|p2a: Ogerpon|88\/100|[from] Stealth Rock\n|turn|11\n|\n|t:|1700151614\n|switch|p1a: Dragapult|Dragapult, M|100\/100\n|move|p2a: Ogerpon|Swords Dance|p2a: Ogerpon\n|-boost|p2a: Ogerpon|atk|2\n|\n|upkeep\n|turn|12\n|\n|t:|1700151622\n|-terastallize|p2a: Ogerpon|Water\n|detailschange|p2a: Ogerpon|Ogerpon-Wellspring-Tera, F, tera:Water\n|-ability|p2a: Ogerpon|Embody Aspect (Wellspring)|boost\n|-boost|p2a: Ogerpon|spd|1\n|move|p1a: Dragapult|U-turn|p2a: Ogerpon\n|-damage|p2a: Ogerpon|64\/100\n|\n|t:|1700151627\n|switch|p1a: Dondozo|Dondozo, F|100\/100|[from] U-turn\n|move|p2a: Ogerpon|Horn Leech|p1a: Dondozo\n|-supereffective|p1a: Dondozo\n|-damage|p1a: Dondozo|50\/100\n|-heal|p2a: Ogerpon|100\/100|[from] drain|[of] p1a: Dondozo\n|\n|-heal|p1a: Dondozo|57\/100|[from] item: Leftovers\n|upkeep\n|turn|13\n|inactive|SylverOmega has 120 seconds left.\n|\n|t:|1700151638\n|switch|p1a: Gholdengo|Gholdengo, tera:Fairy|23\/100\n|move|p2a: Ogerpon|Swords Dance|p2a: Ogerpon\n|-boost|p2a: Ogerpon|atk|2\n|\n|upkeep\n|turn|14\n|inactive|SylverOmega has 120 seconds left.\n|\n|t:|1700151645\n|move|p2a: Ogerpon|Horn Leech|p1a: Gholdengo\n|-damage|p1a: Gholdengo|0 fnt\n|faint|p1a: Gholdengo\n|\n|upkeep\n|\n|t:|1700151656\n|switch|p1a: Cinderace|Cinderace, M|66\/100\n|turn|15\n|\n|t:|1700151661\n|move|p1a: Cinderace|U-turn|p2a: Ogerpon\n|-start|p1a: Cinderace|typechange|Bug|[from] ability: Libero\n|-damage|p2a: Ogerpon|30\/100\n|\n|t:|1700151664\n|switch|p1a: Dragapult|Dragapult, M|100\/100|[from] U-turn\n|move|p2a: Ogerpon|Horn Leech|p1a: Dragapult\n|-resisted|p1a: Dragapult\n|-damage|p1a: Dragapult|12\/100\n|-heal|p2a: Ogerpon|76\/100|[from] drain|[of] p1a: Dragapult\n|\n|upkeep\n|turn|16\n|\n|t:|1700151678\n|move|p1a: Dragapult|Draco Meteor|p2a: Ogerpon\n|-damage|p2a: Ogerpon|7\/100\n|-unboost|p1a: Dragapult|spa|2\n|move|p2a: Ogerpon|Knock Off|p1a: Dragapult\n|-supereffective|p1a: Dragapult\n|-damage|p1a: Dragapult|0 fnt\n|-enditem|p1a: Dragapult|Choice Specs|[from] move: Knock Off|[of] p2a: Ogerpon\n|faint|p1a: Dragapult\n|\n|upkeep\n|\n|t:|1700151690\n|switch|p1a: Cinderace|Cinderace, M|66\/100\n|turn|17\n|\n|t:|1700151697\n|switch|p2a: Ceruledge|Ceruledge, F|100\/100\n|-damage|p2a: Ceruledge|76\/100|[from] Stealth Rock\n|move|p1a: Cinderace|U-turn|p2a: Ceruledge\n|-start|p1a: Cinderace|typechange|Bug|[from] ability: Libero\n|-resisted|p2a: Ceruledge\n|-damage|p2a: Ceruledge|61\/100\n|-ability|p2a: Ceruledge|Weak Armor|boost\n|-unboost|p2a: Ceruledge|def|1\n|-boost|p2a: Ceruledge|spe|2\n|inactive|godkingbobert has 120 seconds left.\n|inactive|godkingbobert has 90 seconds left.\n|\n|t:|1700151761\n|switch|p1a: Great Tusk|Great Tusk|100\/100|[from] U-turn\n|\n|upkeep\n|turn|18\n|inactive|godkingbobert has 90 seconds left.\n|\n|t:|1700151783\n|move|p2a: Ceruledge|Poltergeist|p1a: Great Tusk\n|-activate|p1a: Great Tusk|move: Poltergeist|Leftovers\n|-damage|p1a: Great Tusk|73\/100\n|move|p1a: Great Tusk|Knock Off|p2a: Ceruledge\n|-supereffective|p2a: Ceruledge\n|-damage|p2a: Ceruledge|0 fnt\n|-enditem|p2a: Ceruledge|Focus Sash|[from] move: Knock Off|[of] p1a: Great Tusk\n|faint|p2a: Ceruledge\n|\n|-heal|p1a: Great Tusk|79\/100|[from] item: Leftovers\n|upkeep\n|\n|t:|1700151797\n|switch|p2a: Enamorus|Enamorus, F|61\/100\n|-damage|p2a: Enamorus|36\/100|[from] Stealth Rock\n|turn|19\n|\n|t:|1700151801\n|-end|p1a: Great Tusk|Protosynthesis|[silent]\n|switch|p1a: Scream Tail|Scream Tail|95\/100\n|move|p2a: Enamorus|Earth Power|p1a: Scream Tail\n|-damage|p1a: Scream Tail|75\/100\n|\n|-heal|p1a: Scream Tail|82\/100|[from] item: Leftovers\n|upkeep\n|turn|20\n|\n|t:|1700151814\n|move|p2a: Enamorus|Healing Wish|p2a: Enamorus\n|faint|p2a: Enamorus\n|move|p1a: Scream Tail|Wish|p1a: Scream Tail\n|\n|-heal|p1a: Scream Tail|88\/100|[from] item: Leftovers\n|upkeep\n|\n|t:|1700151820\n|switch|p2a: Ogerpon|Ogerpon-Wellspring-Tera, F, tera:Water|7\/100\n|-heal|p2a: Ogerpon|100\/100|[from] move: Healing Wish\n|-damage|p2a: Ogerpon|88\/100|[from] Stealth Rock\n|-ability|p2a: Ogerpon|Embody Aspect (Wellspring)|boost\n|-boost|p2a: Ogerpon|spd|1\n|turn|21\n|\n|t:|1700151835\n|-end|p1a: Scream Tail|Protosynthesis|[silent]\n|switch|p1a: Cinderace|Cinderace, M|66\/100\n|move|p2a: Ogerpon|Swords Dance|p2a: Ogerpon\n|-boost|p2a: Ogerpon|atk|2\n|\n|-heal|p1a: Cinderace|100\/100|[from] move: Wish|[wisher] Scream Tail\n|upkeep\n|turn|22\n|\n|t:|1700151844\n|move|p1a: Cinderace|U-turn|p2a: Ogerpon\n|-start|p1a: Cinderace|typechange|Bug|[from] ability: Libero\n|-damage|p2a: Ogerpon|17\/100\n|\n|t:|1700151847\n|switch|p1a: Great Tusk|Great Tusk|79\/100|[from] U-turn\n|move|p2a: Ogerpon|Horn Leech|p1a: Great Tusk\n|-supereffective|p1a: Great Tusk\n|-damage|p1a: Great Tusk|0 fnt\n|-heal|p2a: Ogerpon|74\/100|[from] drain|[of] p1a: Great Tusk\n|faint|p1a: Great Tusk\n|-end|p1a: Great Tusk|Protosynthesis|[silent]\n|\n|upkeep\n|\n|t:|1700151849\n|switch|p1a: Cinderace|Cinderace, M|100\/100\n|turn|23\n|\n|t:|1700151860\n|move|p1a: Cinderace|U-turn|p2a: Ogerpon\n|-start|p1a: Cinderace|typechange|Bug|[from] ability: Libero\n|-crit|p2a: Ogerpon\n|-damage|p2a: Ogerpon|0 fnt\n|faint|p2a: Ogerpon\n|\n|t:|1700151866\n|switch|p1a: Dondozo|Dondozo, F|57\/100|[from] U-turn\n|\n|-heal|p1a: Dondozo|63\/100|[from] item: Leftovers\n|upkeep\n|\n|t:|1700151872\n|switch|p2a: Gholdengo|Gholdengo|100\/100\n|-damage|p2a: Gholdengo|94\/100|[from] Stealth Rock\n|turn|24\n|\n|t:|1700151878\n|switch|p1a: Cinderace|Cinderace, M|100\/100\n|move|p2a: Gholdengo|Shadow Ball|p1a: Cinderace\n|-damage|p1a: Cinderace|38\/100\n|\n|upkeep\n|turn|25\n|\n|t:|1700151885\n|move|p2a: Gholdengo|Shadow Ball|p1a: Cinderace\n|-damage|p1a: Cinderace|0 fnt\n|faint|p1a: Cinderace\n|\n|upkeep\n|\n|t:|1700151887\n|switch|p1a: Scream Tail|Scream Tail|88\/100\n|turn|26\n|c|\u2606SylverOmega|Gg\n|\n|t:|1700151893\n|move|p2a: Gholdengo|Shadow Ball|p1a: Scream Tail\n|-supereffective|p1a: Scream Tail\n|-damage|p1a: Scream Tail|39\/100\n|move|p1a: Scream Tail|Wish|p1a: Scream Tail\n|\n|-heal|p1a: Scream Tail|45\/100|[from] item: Leftovers\n|upkeep\n|turn|27\n|\n|t:|1700151901\n|-end|p1a: Scream Tail|Protosynthesis|[silent]\n|switch|p1a: Dondozo|Dondozo, F|63\/100\n|move|p2a: Gholdengo|Shadow Ball|p1a: Dondozo\n|-damage|p1a: Dondozo|36\/100\n|\n|-heal|p1a: Dondozo|79\/100|[from] move: Wish|[wisher] Scream Tail\n|-heal|p1a: Dondozo|85\/100|[from] item: Leftovers\n|upkeep\n|turn|28\n|\n|t:|1700151914\n|switch|p2a: Kingambit|Kingambit, F|100\/100\n|-damage|p2a: Kingambit|94\/100|[from] Stealth Rock\n|-activate|p2a: Kingambit|ability: Supreme Overlord\n|-start|p2a: Kingambit|fallen4|[silent]\n|move|p1a: Dondozo|Curse|p1a: Dondozo\n|-unboost|p1a: Dondozo|spe|1\n|-boost|p1a: Dondozo|atk|1\n|-boost|p1a: Dondozo|def|1\n|\n|-heal|p2a: Kingambit|100\/100|[from] item: Leftovers\n|-heal|p1a: Dondozo|91\/100|[from] item: Leftovers\n|upkeep\n|turn|29\n|\n|t:|1700151928\n|move|p2a: Kingambit|Kowtow Cleave|p1a: Dondozo\n|-damage|p1a: Dondozo|64\/100\n|move|p1a: Dondozo|Body Press|p2a: Kingambit\n|-supereffective|p2a: Kingambit\n|-damage|p2a: Kingambit|0 fnt\n|faint|p2a: Kingambit\n|-end|p2a: Kingambit|fallen4|[silent]\n|\n|-heal|p1a: Dondozo|70\/100|[from] item: Leftovers\n|upkeep\n|\n|t:|1700151938\n|switch|p2a: Gholdengo|Gholdengo|94\/100\n|-damage|p2a: Gholdengo|88\/100|[from] Stealth Rock\n|turn|30\n|\n|t:|1700151944\n|move|p2a: Gholdengo|Thunderbolt|p1a: Dondozo\n|-supereffective|p1a: Dondozo\n|-damage|p1a: Dondozo|27\/100\n|move|p1a: Dondozo|Liquidation|p2a: Gholdengo\n|-damage|p2a: Gholdengo|36\/100\n|\n|-heal|p1a: Dondozo|33\/100|[from] item: Leftovers\n|upkeep\n|turn|31\n|\n|t:|1700151953\n|switch|p1a: Scream Tail|Scream Tail|45\/100\n|move|p2a: Gholdengo|Thunderbolt|p1a: Scream Tail\n|-damage|p1a: Scream Tail|26\/100\n|\n|-heal|p1a: Scream Tail|32\/100|[from] item: Leftovers\n|upkeep\n|turn|32\n|\n|t:|1700151961\n|move|p2a: Gholdengo|Thunderbolt|p1a: Scream Tail\n|-damage|p1a: Scream Tail|14\/100\n|move|p1a: Scream Tail|Wish|p1a: Scream Tail\n|\n|-heal|p1a: Scream Tail|20\/100|[from] item: Leftovers\n|upkeep\n|turn|33\n|\n|t:|1700151969\n|move|p1a: Scream Tail|Protect|p1a: Scream Tail\n|-singleturn|p1a: Scream Tail|Protect\n|move|p2a: Gholdengo|Thunderbolt|p1a: Scream Tail\n|-activate|p1a: Scream Tail|move: Protect\n|\n|-heal|p1a: Scream Tail|70\/100|[from] move: Wish|[wisher] Scream Tail\n|-heal|p1a: Scream Tail|76\/100|[from] item: Leftovers\n|upkeep\n|turn|34\n|c|\u2606SylverOmega|Gg\n|\n|t:|1700151978\n|move|p2a: Gholdengo|Thunderbolt|p1a: Scream Tail\n|-damage|p1a: Scream Tail|58\/100\n|move|p1a: Scream Tail|Wish|p1a: Scream Tail\n|\n|-heal|p1a: Scream Tail|64\/100|[from] item: Leftovers\n|upkeep\n|turn|35\n|c|\u2606SylverOmega|Can you finish the stall and kill me?\n|inactive|godkingbobert has 120 seconds left.\n|\n|t:|1700152012\n|move|p2a: Gholdengo|Thunderbolt|p1a: Scream Tail\n|-damage|p1a: Scream Tail|47\/100\n|move|p1a: Scream Tail|Wish||[still]\n|-fail|p1a: Scream Tail\n|\n|-heal|p1a: Scream Tail|97\/100|[from] move: Wish|[wisher] Scream Tail\n|-heal|p1a: Scream Tail|100\/100|[from] item: Leftovers\n|upkeep\n|turn|36\n|\n|t:|1700152022\n|move|p2a: Gholdengo|Thunderbolt|p1a: Scream Tail\n|-damage|p1a: Scream Tail|81\/100\n|move|p1a: Scream Tail|Dazzling Gleam|p2a: Gholdengo\n|-resisted|p2a: Gholdengo\n|-damage|p2a: Gholdengo|24\/100\n|\n|-heal|p1a: Scream Tail|87\/100|[from] item: Leftovers\n|upkeep\n|turn|37\n|c|\u2606godkingbobert|ur wish is my command\n|\n|t:|1700152035\n|move|p2a: Gholdengo|Thunderbolt|p1a: Scream Tail\n|-damage|p1a: Scream Tail|69\/100\n|move|p1a: Scream Tail|Dazzling Gleam|p2a: Gholdengo\n|-resisted|p2a: Gholdengo\n|-damage|p2a: Gholdengo|13\/100\n|\n|-heal|p1a: Scream Tail|75\/100|[from] item: Leftovers\n|upkeep\n|turn|38\n|\n|t:|1700152044\n|move|p2a: Gholdengo|Thunderbolt|p1a: Scream Tail\n|-damage|p1a: Scream Tail|57\/100\n|move|p1a: Scream Tail|Dazzling Gleam|p2a: Gholdengo\n|-resisted|p2a: Gholdengo\n|-damage|p2a: Gholdengo|2\/100\n|\n|-heal|p1a: Scream Tail|63\/100|[from] item: Leftovers\n|upkeep\n|turn|39\n|\n|t:|1700152055\n|move|p2a: Gholdengo|Thunderbolt|p1a: Scream Tail\n|-damage|p1a: Scream Tail|45\/100\n|-status|p1a: Scream Tail|par\n|move|p1a: Scream Tail|Dazzling Gleam|p2a: Gholdengo\n|-resisted|p2a: Gholdengo\n|-damage|p2a: Gholdengo|0 fnt\n|faint|p2a: Gholdengo\n|\n|win|godkingbobert\n|raw|godkingbobert's rating: 1421 &rarr; <strong>1440<\/strong><br \/>(+19 for winning)\n|raw|SylverOmega's rating: 1412 &rarr; <strong>1393<\/strong><br \/>(-19 for losing)\n|l|\u2606godkingbobert\n","uploadtime":1700152069,"views":17,"p1id":"godkingbobert","p2id":"sylveromega","formatid":"gen9ou","rating":1393,"private":0,"password":""}