{"id":"gen9ou-1989677198","p1":"DynaTheCryo","p2":"mangoscats","format":"[Gen 9] OU","log":"|j|\u2606DynaTheCryo\n|j|\u2606mangoscats\n|t:|1699885948\n|gametype|singles\n|player|p1|DynaTheCryo|unknown|1176\n|player|p2|mangoscats|265|1094\n|teamsize|p1|6\n|teamsize|p2|6\n|gen|9\n|tier|[Gen 9] OU\n|rated|\n|rule|Sleep Clause Mod: Limit one foe put to sleep\n|rule|Species Clause: Limit one of each Pok\u00e9mon\n|rule|OHKO Clause: OHKO moves are banned\n|rule|Evasion Items Clause: Evasion items are banned\n|rule|Evasion Moves Clause: Evasion moves are banned\n|rule|Endless Battle Clause: Forcing endless battles is banned\n|rule|HP Percentage Mod: HP is shown in percentages\n|clearpoke\n|poke|p1|Samurott-Hisui, M|\n|poke|p1|Heatran, F|\n|poke|p1|Dragonite, F|\n|poke|p1|Ogerpon-Wellspring, F|\n|poke|p1|Corviknight, M|\n|poke|p1|Grimmsnarl, M|\n|poke|p2|Garganacl, M|\n|poke|p2|Iron Moth|\n|poke|p2|Skeledirge, M|\n|poke|p2|Wo-Chien|\n|poke|p2|Corviknight, F|\n|poke|p2|Arcanine-Hisui, M|\n|teampreview\n|\n|t:|1699885957\n|start\n|switch|p1a: Grimmsnarl|Grimmsnarl, M|100\/100\n|switch|p2a: Wo-Chien|Wo-Chien|100\/100\n|-ability|p2a: Wo-Chien|Tablets of Ruin\n|turn|1\n|\n|t:|1699885965\n|move|p1a: Grimmsnarl|Light Screen|p1a: Grimmsnarl\n|-sidestart|p1: DynaTheCryo|move: Light Screen\n|move|p2a: Wo-Chien|Mean Look|p1a: Grimmsnarl\n|-activate|p1a: Grimmsnarl|trapped\n|\n|upkeep\n|turn|2\n|\n|t:|1699885969\n|move|p1a: Grimmsnarl|Reflect|p1a: Grimmsnarl\n|-sidestart|p1: DynaTheCryo|Reflect\n|move|p2a: Wo-Chien|Leech Seed|p1a: Grimmsnarl\n|-start|p1a: Grimmsnarl|move: Leech Seed\n|\n|-damage|p1a: Grimmsnarl|88\/100|[from] Leech Seed|[of] p2a: Wo-Chien\n|upkeep\n|turn|3\n|inactive|Battle timer is ON: inactive players will automatically lose when time's up. (requested by mangoscats)\n|\n|t:|1699885978\n|move|p1a: Grimmsnarl|Light Screen||[still]\n|-fail|p1a: Grimmsnarl\n|move|p2a: Wo-Chien|Ruination|p1a: Grimmsnarl\n|-damage|p1a: Grimmsnarl|44\/100\n|\n|-damage|p1a: Grimmsnarl|32\/100|[from] Leech Seed|[of] p2a: Wo-Chien\n|upkeep\n|turn|4\n|\n|t:|1699885988\n|move|p2a: Wo-Chien|Protect|p2a: Wo-Chien\n|-singleturn|p2a: Wo-Chien|Protect\n|move|p1a: Grimmsnarl|Reflect||[still]\n|-fail|p1a: Grimmsnarl\n|\n|-damage|p1a: Grimmsnarl|20\/100|[from] Leech Seed|[of] p2a: Wo-Chien\n|upkeep\n|turn|5\n|\n|t:|1699885996\n|move|p1a: Grimmsnarl|Light Screen||[still]\n|-fail|p1a: Grimmsnarl\n|move|p2a: Wo-Chien|Mean Look||[still]\n|-fail|p2a: Wo-Chien\n|\n|-damage|p1a: Grimmsnarl|7\/100|[from] Leech Seed|[of] p2a: Wo-Chien\n|-sideend|p1: DynaTheCryo|move: Light Screen\n|upkeep\n|turn|6\n|\n|t:|1699886003\n|move|p1a: Grimmsnarl|Light Screen|p1a: Grimmsnarl\n|-sidestart|p1: DynaTheCryo|move: Light Screen\n|move|p2a: Wo-Chien|Mean Look||[still]\n|-fail|p2a: Wo-Chien\n|\n|-damage|p1a: Grimmsnarl|0 fnt|[from] Leech Seed|[of] p2a: Wo-Chien\n|faint|p1a: Grimmsnarl\n|-sideend|p1: DynaTheCryo|Reflect\n|upkeep\n|\n|t:|1699886008\n|switch|p1a: Ogerpon|Ogerpon-Wellspring, F|100\/100\n|turn|7\n|\n|t:|1699886019\n|move|p1a: Ogerpon|Ivy Cudgel|p2a: Wo-Chien\n|-resisted|p2a: Wo-Chien\n|-damage|p2a: Wo-Chien|81\/100\n|move|p2a: Wo-Chien|Mean Look|p1a: Ogerpon\n|-activate|p1a: Ogerpon|trapped\n|\n|-heal|p2a: Wo-Chien|87\/100|[from] item: Leftovers\n|upkeep\n|turn|8\n|\n|t:|1699886027\n|move|p1a: Ogerpon|Swords Dance|p1a: Ogerpon\n|-boost|p1a: Ogerpon|atk|2\n|move|p2a: Wo-Chien|Leech Seed|p1a: Ogerpon\n|-immune|p1a: Ogerpon\n|\n|-heal|p2a: Wo-Chien|93\/100|[from] item: Leftovers\n|upkeep\n|turn|9\n|\n|t:|1699886041\n|switch|p2a: Corviknight|Corviknight, F|100\/100\n|-ability|p2a: Corviknight|Pressure\n|move|p1a: Ogerpon|Ivy Cudgel|p2a: Corviknight\n|-damage|p2a: Corviknight|13\/100\n|\n|-heal|p2a: Corviknight|20\/100|[from] item: Leftovers\n|upkeep\n|turn|10\n|\n|t:|1699886054\n|move|p1a: Ogerpon|Ivy Cudgel|p2a: Corviknight\n|-damage|p2a: Corviknight|0 fnt\n|faint|p2a: Corviknight\n|\n|-sideend|p1: DynaTheCryo|move: Light Screen\n|upkeep\n|\n|t:|1699886062\n|switch|p2a: Iron Moth|Iron Moth|100\/100\n|-enditem|p2a: Iron Moth|Booster Energy\n|-activate|p2a: Iron Moth|ability: Quark Drive|[fromitem]\n|-start|p2a: Iron Moth|quarkdrivespe\n|turn|11\n|\n|t:|1699886070\n|switch|p1a: Corviknight|Corviknight, M, shiny|100\/100\n|move|p2a: Iron Moth|Sludge Wave|p1a: Corviknight\n|-immune|p1a: Corviknight\n|\n|upkeep\n|turn|12\n|\n|t:|1699886073\n|move|p2a: Iron Moth|Fiery Dance|p1a: Corviknight\n|-supereffective|p1a: Corviknight\n|-damage|p1a: Corviknight|22\/100\n|-boost|p2a: Iron Moth|spa|1\n|move|p1a: Corviknight|U-turn|p2a: Iron Moth\n|-resisted|p2a: Iron Moth\n|-damage|p2a: Iron Moth|95\/100\n|\n|t:|1699886078\n|switch|p1a: Samurott-Unova|Samurott-Hisui, M, shiny|100\/100|[from] U-turn\n|\n|upkeep\n|turn|13\n|\n|t:|1699886088\n|move|p2a: Iron Moth|Energy Ball|p1a: Samurott-Unova\n|-supereffective|p1a: Samurott-Unova\n|-damage|p1a: Samurott-Unova|6\/100\n|move|p1a: Samurott-Unova|Liquidation|p2a: Iron Moth\n|-supereffective|p2a: Iron Moth\n|-damage|p2a: Iron Moth|0 fnt\n|faint|p2a: Iron Moth\n|-end|p2a: Iron Moth|Quark Drive|[silent]\n|\n|upkeep\n|\n|t:|1699886102\n|switch|p2a: Arcanine|Arcanine-Hisui, M|100\/100\n|turn|14\n|\n|t:|1699886107\n|move|p2a: Arcanine|Extreme Speed|p1a: Samurott-Unova\n|-damage|p1a: Samurott-Unova|0 fnt\n|faint|p1a: Samurott-Unova\n|-damage|p2a: Arcanine|91\/100|[from] item: Life Orb\n|\n|upkeep\n|\n|t:|1699886111\n|switch|p1a: Dragonite|Dragonite, F|100\/100\n|turn|15\n|\n|t:|1699886131\n|move|p2a: Arcanine|Extreme Speed|p1a: Dragonite\n|-damage|p1a: Dragonite|82\/100\n|-damage|p2a: Arcanine|81\/100|[from] item: Life Orb\n|move|p1a: Dragonite|Earthquake|p2a: Arcanine\n|-supereffective|p2a: Arcanine\n|-damage|p2a: Arcanine|0 fnt\n|faint|p2a: Arcanine\n|\n|upkeep\n|inactive|mangoscats has 120 seconds left.\n|\n|t:|1699886159\n|switch|p2a: Garganacl|Garganacl, M|100\/100\n|turn|16\n|inactive|mangoscats has 120 seconds left.\n|\n|t:|1699886165\n|move|p1a: Dragonite|Dragon Dance|p1a: Dragonite\n|-boost|p1a: Dragonite|atk|1\n|-boost|p1a: Dragonite|spe|1\n|move|p2a: Garganacl|Salt Cure|p1a: Dragonite\n|-supereffective|p1a: Dragonite\n|-damage|p1a: Dragonite|52\/100\n|-start|p1a: Dragonite|Salt Cure\n|-enditem|p1a: Dragonite|Weakness Policy\n|-boost|p1a: Dragonite|atk|2|[from] item: Weakness Policy\n|-boost|p1a: Dragonite|spa|2|[from] item: Weakness Policy\n|\n|-damage|p1a: Dragonite|40\/100|[from] Salt Cure\n|upkeep\n|turn|17\n|inactive|mangoscats has 120 seconds left.\n|inactive|mangoscats has 90 seconds left.\n|\n|t:|1699886207\n|move|p1a: Dragonite|Brick Break|p2a: Garganacl\n|-supereffective|p2a: Garganacl\n|-damage|p2a: Garganacl|31\/100\n|move|p2a: Garganacl|Iron Defense|p2a: Garganacl\n|-boost|p2a: Garganacl|def|2\n|\n|-heal|p2a: Garganacl|37\/100|[from] item: Leftovers\n|-damage|p1a: Dragonite|27\/100|[from] Salt Cure\n|upkeep\n|turn|18\n|inactive|mangoscats has 90 seconds left.\n|\n|t:|1699886226\n|-terastallize|p2a: Garganacl|Flying\n|move|p1a: Dragonite|Earthquake|p2a: Garganacl\n|-immune|p2a: Garganacl\n|move|p2a: Garganacl|Iron Defense|p2a: Garganacl\n|-boost|p2a: Garganacl|def|2\n|\n|-heal|p2a: Garganacl|44\/100|[from] item: Leftovers\n|-damage|p1a: Dragonite|15\/100|[from] Salt Cure\n|upkeep\n|turn|19\n|inactive|mangoscats has 90 seconds left.\n|\n|t:|1699886242\n|move|p1a: Dragonite|Extreme Speed|p2a: Garganacl\n|-damage|p2a: Garganacl|30\/100\n|move|p2a: Garganacl|Iron Defense|p2a: Garganacl\n|-boost|p2a: Garganacl|def|2\n|\n|-heal|p2a: Garganacl|36\/100|[from] item: Leftovers\n|-damage|p1a: Dragonite|3\/100|[from] Salt Cure\n|upkeep\n|turn|20\n|\n|t:|1699886256\n|move|p1a: Dragonite|Extreme Speed|p2a: Garganacl\n|-crit|p2a: Garganacl\n|-damage|p2a: Garganacl|0 fnt\n|faint|p2a: Garganacl\n|\n|-damage|p1a: Dragonite|0 fnt|[from] Salt Cure\n|faint|p1a: Dragonite\n|upkeep\n|c|\u2606mangoscats|rlly!\n|c|\u2606DynaTheCryo|oh wow\n|\n|t:|1699886273\n|switch|p1a: Heatran|Heatran, F|100\/100\n|switch|p2a: Skeledirge|Skeledirge, M|100\/100\n|turn|21\n|\n|t:|1699886279\n|-terastallize|p1a: Heatran|Grass\n|move|p1a: Heatran|Earth Power|p2a: Skeledirge\n|-supereffective|p2a: Skeledirge\n|-damage|p2a: Skeledirge|44\/100\n|-unboost|p2a: Skeledirge|spd|1\n|move|p2a: Skeledirge|Earth Power|p1a: Heatran\n|-resisted|p1a: Heatran\n|-damage|p1a: Heatran|90\/100\n|\n|upkeep\n|turn|22\n|inactive|mangoscats has 90 seconds left.\n|\n|t:|1699886287\n|move|p1a: Heatran|Earth Power|p2a: Skeledirge\n|-supereffective|p2a: Skeledirge\n|-damage|p2a: Skeledirge|0 fnt\n|faint|p2a: Skeledirge\n|\n|upkeep\n|inactive|mangoscats has 90 seconds left.\n|\n|t:|1699886293\n|switch|p2a: Wo-Chien|Wo-Chien|93\/100\n|-ability|p2a: Wo-Chien|Tablets of Ruin\n|turn|23\n|\n|t:|1699886298\n|switch|p1a: Ogerpon|Ogerpon-Wellspring, F|100\/100\n|move|p2a: Wo-Chien|Ruination|p1a: Ogerpon\n|-damage|p1a: Ogerpon|51\/100\n|\n|-heal|p2a: Wo-Chien|99\/100|[from] item: Leftovers\n|upkeep\n|turn|24\n|\n|t:|1699886312\n|move|p1a: Ogerpon|Swords Dance|p1a: Ogerpon\n|-boost|p1a: Ogerpon|atk|2\n|move|p2a: Wo-Chien|Ruination|p1a: Ogerpon\n|-damage|p1a: Ogerpon|26\/100\n|\n|-heal|p2a: Wo-Chien|100\/100|[from] item: Leftovers\n|upkeep\n|turn|25\n|\n|t:|1699886321\n|move|p1a: Ogerpon|Swords Dance|p1a: Ogerpon\n|-boost|p1a: Ogerpon|atk|2\n|move|p2a: Wo-Chien|Ruination|p1a: Ogerpon\n|-damage|p1a: Ogerpon|13\/100\n|\n|upkeep\n|turn|26\n|\n|t:|1699886327\n|move|p1a: Ogerpon|Swords Dance|p1a: Ogerpon\n|-boost|p1a: Ogerpon|atk|2\n|move|p2a: Wo-Chien|Ruination|p1a: Ogerpon\n|-damage|p1a: Ogerpon|7\/100\n|\n|upkeep\n|turn|27\n|\n|t:|1699886341\n|move|p2a: Wo-Chien|Protect|p2a: Wo-Chien\n|-singleturn|p2a: Wo-Chien|Protect\n|move|p1a: Ogerpon|Ivy Cudgel|p2a: Wo-Chien\n|-activate|p2a: Wo-Chien|move: Protect\n|\n|upkeep\n|turn|28\n|inactive|mangoscats has 90 seconds left.\n|c|\u2606DynaTheCryo|gg\n|inactive|mangoscats has 60 seconds left.\n|\n|t:|1699886398\n|move|p1a: Ogerpon|Brick Break|p2a: Wo-Chien\n|-supereffective|p2a: Wo-Chien\n|-damage|p2a: Wo-Chien|0 fnt\n|faint|p2a: Wo-Chien\n|\n|win|DynaTheCryo\n|raw|DynaTheCryo's rating: 1176 &rarr; <strong>1195<\/strong><br \/>(+19 for winning)\n|raw|mangoscats's rating: 1094 &rarr; <strong>1075<\/strong><br \/>(-19 for losing)\n|c|\u2606mangoscats|gg\n|l|\u2606mangoscats\n","uploadtime":1699886414,"views":16,"p1id":"dynathecryo","p2id":"mangoscats","formatid":"gen9ou","rating":1075,"private":0,"password":""}