{"id":"gen9ou-1990669972","p1":"Leonidas2342","p2":"petergriffinonline","format":"[Gen 9] OU","log":"|j|\u2606Leonidas2342\n|j|\u2606petergriffinonline\n|t:|1699990371\n|gametype|singles\n|player|p1|Leonidas2342|265|1040\n|player|p2|petergriffinonline|265|1111\n|teamsize|p1|6\n|teamsize|p2|6\n|gen|9\n|tier|[Gen 9] OU\n|rated|\n|rule|Sleep Clause Mod: Limit one foe put to sleep\n|rule|Species Clause: Limit one of each Pok\u00e9mon\n|rule|OHKO Clause: OHKO moves are banned\n|rule|Evasion Items Clause: Evasion items are banned\n|rule|Evasion Moves Clause: Evasion moves are banned\n|rule|Endless Battle Clause: Forcing endless battles is banned\n|rule|HP Percentage Mod: HP is shown in percentages\n|clearpoke\n|poke|p1|Iron Valiant|\n|poke|p1|Iron Moth|\n|poke|p1|Ting-Lu|\n|poke|p1|Walking Wake|\n|poke|p1|Amoonguss, M|\n|poke|p1|Corviknight, M|\n|poke|p2|Ribombee, F|\n|poke|p2|Dragapult, F|\n|poke|p2|Gholdengo|\n|poke|p2|Cinderace, F|\n|poke|p2|Pelipper, M|\n|poke|p2|Garchomp, F|\n|teampreview\n|\n|t:|1699990405\n|start\n|switch|p1a: Amoonguss|Amoonguss, M|100\/100\n|switch|p2a: Ribombee|Ribombee, F|100\/100\n|turn|1\n|inactive|Battle timer is ON: inactive players will automatically lose when time's up. (requested by Leonidas2342)\n|\n|t:|1699990414\n|switch|p2a: Gholdengo|Gholdengo|100\/100\n|-item|p2a: Gholdengo|Air Balloon\n|move|p1a: Amoonguss|Stun Spore|p2a: Gholdengo\n|-immune|p2a: Gholdengo|[from] ability: Good as Gold\n|\n|upkeep\n|turn|2\n|\n|t:|1699990424\n|move|p2a: Gholdengo|Nasty Plot|p2a: Gholdengo\n|-boost|p2a: Gholdengo|spa|2\n|move|p1a: Amoonguss|Giga Drain|p2a: Gholdengo\n|-resisted|p2a: Gholdengo\n|-damage|p2a: Gholdengo|89\/100\n|-enditem|p2a: Gholdengo|Air Balloon\n|\n|upkeep\n|turn|3\n|\n|t:|1699990432\n|switch|p1a: Ting-Lu|Ting-Lu|100\/100\n|-ability|p1a: Ting-Lu|Vessel of Ruin\n|move|p2a: Gholdengo|Shadow Ball|p1a: Ting-Lu\n|-resisted|p1a: Ting-Lu\n|-damage|p1a: Ting-Lu|83\/100\n|\n|-heal|p1a: Ting-Lu|89\/100|[from] item: Leftovers\n|upkeep\n|turn|4\n|\n|t:|1699990452\n|switch|p2a: Pelipper|Pelipper, M, shiny|100\/100\n|-weather|RainDance|[from] ability: Drizzle|[of] p2a: Pelipper\n|move|p1a: Ting-Lu|Earthquake|p2a: Pelipper\n|-immune|p2a: Pelipper\n|\n|-weather|RainDance|[upkeep]\n|-heal|p1a: Ting-Lu|95\/100|[from] item: Leftovers\n|upkeep\n|turn|5\n|\n|t:|1699990463\n|switch|p1a: Corviknight|Corviknight, M|100\/100\n|-ability|p1a: Corviknight|Pressure\n|move|p2a: Pelipper|U-turn|p1a: Corviknight\n|-resisted|p1a: Corviknight\n|-damage|p1a: Corviknight|99\/100\n|-damage|p2a: Pelipper|84\/100|[from] item: Rocky Helmet|[of] p1a: Corviknight\n|\n|t:|1699990472\n|switch|p2a: Ribombee|Ribombee, F|100\/100|[from] U-turn\n|\n|-weather|RainDance|[upkeep]\n|upkeep\n|turn|6\n|\n|t:|1699990477\n|move|p2a: Ribombee|Stun Spore|p1a: Corviknight\n|-status|p1a: Corviknight|par\n|cant|p1a: Corviknight|par\n|\n|-weather|RainDance|[upkeep]\n|upkeep\n|turn|7\n|\n|t:|1699990483\n|move|p2a: Ribombee|Sticky Web|p1a: Corviknight\n|-sidestart|p1: Leonidas2342|move: Sticky Web\n|move|p1a: Corviknight|Brave Bird|p2a: Ribombee\n|-supereffective|p2a: Ribombee\n|-enditem|p2a: Ribombee|Focus Sash\n|-damage|p2a: Ribombee|1\/100\n|-damage|p1a: Corviknight|77\/100 par|[from] Recoil\n|\n|-weather|RainDance|[upkeep]\n|upkeep\n|turn|8\n|\n|t:|1699990493\n|switch|p2a: Garchomp|Garchomp, F|100\/100\n|move|p1a: Corviknight|Defog|p2a: Garchomp\n|-unboost|p2a: Garchomp|evasion|1\n|-sideend|p1: Leonidas2342|Sticky Web|[from] move: Defog|[of] p1a: Corviknight\n|\n|-weather|RainDance|[upkeep]\n|upkeep\n|turn|9\n|\n|t:|1699990502\n|-terastallize|p2a: Garchomp|Water\n|move|p2a: Garchomp|Swords Dance|p2a: Garchomp\n|-boost|p2a: Garchomp|atk|2\n|move|p1a: Corviknight|U-turn|p2a: Garchomp\n|-damage|p2a: Garchomp|84\/100\n|-damage|p1a: Corviknight|65\/100 par|[from] ability: Rough Skin|[of] p2a: Garchomp\n|\n|t:|1699990518\n|switch|p1a: Amoonguss|Amoonguss, M|100\/100|[from] U-turn\n|\n|-weather|RainDance|[upkeep]\n|upkeep\n|turn|10\n|\n|t:|1699990527\n|switch|p2a: Gholdengo|Gholdengo|89\/100\n|move|p1a: Amoonguss|Giga Drain|p2a: Gholdengo\n|-resisted|p2a: Gholdengo\n|-damage|p2a: Gholdengo|78\/100\n|\n|-weather|RainDance|[upkeep]\n|upkeep\n|turn|11\n|\n|t:|1699990535\n|switch|p1a: Ting-Lu|Ting-Lu|95\/100\n|-ability|p1a: Ting-Lu|Vessel of Ruin\n|move|p2a: Gholdengo|Make It Rain|p1a: Ting-Lu\n|-damage|p1a: Ting-Lu|68\/100\n|-unboost|p2a: Gholdengo|spa|1\n|\n|-weather|none\n|-heal|p1a: Ting-Lu|75\/100|[from] item: Leftovers\n|upkeep\n|turn|12\n|\n|t:|1699990546\n|switch|p2a: Garchomp|Garchomp, F, tera:Water|84\/100\n|move|p1a: Ting-Lu|Stealth Rock|p2a: Garchomp\n|-sidestart|p2: petergriffinonline|move: Stealth Rock\n|\n|-heal|p1a: Ting-Lu|81\/100|[from] item: Leftovers\n|upkeep\n|turn|13\n|\n|t:|1699990554\n|move|p2a: Garchomp|Swords Dance|p2a: Garchomp\n|-boost|p2a: Garchomp|atk|2\n|move|p1a: Ting-Lu|Whirlwind|p2a: Garchomp\n|drag|p2a: Dragapult|Dragapult, F|100\/100\n|-damage|p2a: Dragapult|88\/100|[from] Stealth Rock\n|\n|-heal|p1a: Ting-Lu|87\/100|[from] item: Leftovers\n|upkeep\n|turn|14\n|\n|t:|1699990562\n|move|p2a: Dragapult|U-turn|p1a: Ting-Lu\n|-supereffective|p1a: Ting-Lu\n|-damage|p1a: Ting-Lu|72\/100\n|\n|t:|1699990565\n|switch|p2a: Cinderace|Cinderace, F|100\/100|[from] U-turn\n|move|p1a: Ting-Lu|Ruination|p2a: Cinderace\n|-damage|p2a: Cinderace|51\/100\n|\n|-heal|p1a: Ting-Lu|78\/100|[from] item: Leftovers\n|upkeep\n|turn|15\n|\n|t:|1699990573\n|move|p2a: Cinderace|Will-O-Wisp|p1a: Ting-Lu|[miss]\n|-miss|p2a: Cinderace|p1a: Ting-Lu\n|move|p1a: Ting-Lu|Whirlwind|p2a: Cinderace\n|drag|p2a: Pelipper|Pelipper, M, shiny|84\/100\n|-damage|p2a: Pelipper|59\/100|[from] Stealth Rock\n|-weather|RainDance|[from] ability: Drizzle|[of] p2a: Pelipper\n|\n|-weather|RainDance|[upkeep]\n|-heal|p1a: Ting-Lu|84\/100|[from] item: Leftovers\n|upkeep\n|turn|16\n|\n|t:|1699990583\n|move|p2a: Pelipper|Roost|p2a: Pelipper\n|-heal|p2a: Pelipper|100\/100\n|-singleturn|p2a: Pelipper|move: Roost\n|move|p1a: Ting-Lu|Whirlwind|p2a: Pelipper\n|drag|p2a: Ribombee|Ribombee, F|1\/100\n|-damage|p2a: Ribombee|0 fnt|[from] Stealth Rock\n|faint|p2a: Ribombee\n|\n|-weather|RainDance|[upkeep]\n|-heal|p1a: Ting-Lu|90\/100|[from] item: Leftovers\n|upkeep\n|\n|t:|1699990588\n|switch|p2a: Cinderace|Cinderace, F|51\/100\n|turn|17\n|\n|t:|1699990595\n|move|p2a: Cinderace|Will-O-Wisp|p1a: Ting-Lu\n|-status|p1a: Ting-Lu|brn\n|move|p1a: Ting-Lu|Earthquake|p2a: Cinderace\n|-supereffective|p2a: Cinderace\n|-damage|p2a: Cinderace|5\/100\n|\n|-weather|RainDance|[upkeep]\n|-heal|p1a: Ting-Lu|96\/100 brn|[from] item: Leftovers\n|-damage|p1a: Ting-Lu|90\/100 brn|[from] brn\n|upkeep\n|turn|18\n|\n|t:|1699990605\n|move|p2a: Cinderace|U-turn|p1a: Ting-Lu\n|-supereffective|p1a: Ting-Lu\n|-damage|p1a: Ting-Lu|73\/100 brn\n|\n|t:|1699990608\n|switch|p2a: Garchomp|Garchomp, F, tera:Water|84\/100|[from] U-turn\n|-damage|p2a: Garchomp|72\/100|[from] Stealth Rock\n|move|p1a: Ting-Lu|Whirlwind|p2a: Garchomp\n|drag|p2a: Dragapult|Dragapult, F|88\/100\n|-damage|p2a: Dragapult|76\/100|[from] Stealth Rock\n|\n|-weather|RainDance|[upkeep]\n|-heal|p1a: Ting-Lu|79\/100 brn|[from] item: Leftovers\n|-damage|p1a: Ting-Lu|73\/100 brn|[from] brn\n|upkeep\n|turn|19\n|\n|t:|1699990619\n|move|p2a: Dragapult|U-turn|p1a: Ting-Lu\n|-supereffective|p1a: Ting-Lu\n|-damage|p1a: Ting-Lu|56\/100 brn\n|\n|t:|1699990624\n|switch|p2a: Pelipper|Pelipper, M, shiny|100\/100|[from] U-turn\n|-damage|p2a: Pelipper|75\/100|[from] Stealth Rock\n|move|p1a: Ting-Lu|Ruination|p2a: Pelipper\n|-damage|p2a: Pelipper|38\/100\n|\n|-weather|RainDance|[upkeep]\n|-heal|p1a: Ting-Lu|62\/100 brn|[from] item: Leftovers\n|-damage|p1a: Ting-Lu|56\/100 brn|[from] brn\n|upkeep\n|turn|20\n|\n|t:|1699990635\n|switch|p1a: Amoonguss|Amoonguss, M|100\/100\n|move|p2a: Pelipper|Roost|p2a: Pelipper\n|-heal|p2a: Pelipper|88\/100\n|-singleturn|p2a: Pelipper|move: Roost\n|\n|-weather|RainDance|[upkeep]\n|upkeep\n|turn|21\n|\n|t:|1699990647\n|switch|p1a: Walking Wake|Walking Wake|100\/100\n|-enditem|p1a: Walking Wake|Booster Energy\n|-activate|p1a: Walking Wake|ability: Protosynthesis|[fromitem]\n|-start|p1a: Walking Wake|protosynthesisspa\n|move|p2a: Pelipper|Hurricane|p1a: Walking Wake\n|-damage|p1a: Walking Wake|60\/100\n|\n|-weather|RainDance|[upkeep]\n|upkeep\n|turn|22\n|\n|t:|1699990657\n|move|p1a: Walking Wake|Hurricane|p2a: Pelipper\n|-damage|p2a: Pelipper|17\/100\n|move|p2a: Pelipper|Hurricane|p1a: Walking Wake\n|-damage|p1a: Walking Wake|16\/100\n|-start|p1a: Walking Wake|confusion\n|\n|-weather|none\n|upkeep\n|turn|23\n|\n|t:|1699990666\n|switch|p2a: Gholdengo|Gholdengo|78\/100\n|-damage|p2a: Gholdengo|72\/100|[from] Stealth Rock\n|-activate|p1a: Walking Wake|confusion\n|-damage|p1a: Walking Wake|10\/100|[from] confusion\n|\n|upkeep\n|turn|24\n|\n|t:|1699990674\n|-end|p1a: Walking Wake|confusion\n|move|p1a: Walking Wake|Hydro Steam|p2a: Gholdengo\n|-damage|p2a: Gholdengo|22\/100\n|move|p2a: Gholdengo|Shadow Ball|p1a: Walking Wake\n|-damage|p1a: Walking Wake|0 fnt\n|faint|p1a: Walking Wake\n|-end|p1a: Walking Wake|Protosynthesis|[silent]\n|\n|upkeep\n|\n|t:|1699990688\n|switch|p1a: Iron Moth|Iron Moth|100\/100\n|turn|25\n|\n|t:|1699990696\n|switch|p2a: Cinderace|Cinderace, F|5\/100\n|move|p1a: Iron Moth|Fiery Dance|p2a: Cinderace\n|-resisted|p2a: Cinderace\n|-damage|p2a: Cinderace|0 fnt\n|-boost|p1a: Iron Moth|spa|1\n|faint|p2a: Cinderace\n|\n|upkeep\n|\n|t:|1699990699\n|switch|p2a: Garchomp|Garchomp, F, tera:Water|72\/100\n|-damage|p2a: Garchomp|60\/100|[from] Stealth Rock\n|turn|26\n|\n|t:|1699990709\n|move|p1a: Iron Moth|Energy Ball|p2a: Garchomp\n|-supereffective|p2a: Garchomp\n|-damage|p2a: Garchomp|0 fnt\n|faint|p2a: Garchomp\n|\n|upkeep\n|\n|t:|1699990712\n|switch|p2a: Pelipper|Pelipper, M, shiny|17\/100\n|-damage|p2a: Pelipper|0 fnt|[from] Stealth Rock\n|faint|p2a: Pelipper\n|\n|t:|1699990714\n|switch|p2a: Dragapult|Dragapult, F|76\/100\n|-damage|p2a: Dragapult|64\/100|[from] Stealth Rock\n|turn|27\n|c|\u2606Leonidas2342|gg\n|\n|t:|1699990725\n|move|p2a: Dragapult|Surf|p1a: Iron Moth\n|-supereffective|p1a: Iron Moth\n|-damage|p1a: Iron Moth|16\/100\n|move|p1a: Iron Moth|Fiery Dance|p2a: Dragapult\n|-resisted|p2a: Dragapult\n|-damage|p2a: Dragapult|17\/100\n|-boost|p1a: Iron Moth|spa|1\n|\n|upkeep\n|turn|28\n|\n|t:|1699990736\n|move|p2a: Dragapult|Surf|p1a: Iron Moth\n|-supereffective|p1a: Iron Moth\n|-damage|p1a: Iron Moth|0 fnt\n|faint|p1a: Iron Moth\n|-end|p1a: Iron Moth|Quark Drive|[silent]\n|\n|upkeep\n|\n|t:|1699990755\n|switch|p1a: Corviknight|Corviknight, M|65\/100 par\n|-ability|p1a: Corviknight|Pressure\n|turn|29\n|\n|t:|1699990760\n|move|p2a: Dragapult|Surf|p1a: Corviknight\n|-damage|p1a: Corviknight|29\/100 par\n|cant|p1a: Corviknight|par\n|\n|upkeep\n|turn|30\n|\n|t:|1699990766\n|move|p2a: Dragapult|Surf|p1a: Corviknight\n|-damage|p1a: Corviknight|0 fnt\n|faint|p1a: Corviknight\n|\n|upkeep\n|\n|t:|1699990771\n|switch|p1a: Amoonguss|Amoonguss, M|100\/100\n|turn|31\n|\n|t:|1699990794\n|move|p2a: Dragapult|Surf|p1a: Amoonguss\n|-resisted|p1a: Amoonguss\n|-damage|p1a: Amoonguss|84\/100\n|move|p1a: Amoonguss|Sludge Bomb|p2a: Dragapult\n|-resisted|p2a: Dragapult\n|-damage|p2a: Dragapult|0 fnt\n|faint|p2a: Dragapult\n|\n|-heal|p1a: Amoonguss|90\/100|[from] item: Black Sludge\n|upkeep\n|\n|t:|1699990797\n|switch|p2a: Gholdengo|Gholdengo|22\/100\n|-damage|p2a: Gholdengo|16\/100|[from] Stealth Rock\n|turn|32\n|\n|t:|1699990824\n|move|p2a: Gholdengo|Recover|p2a: Gholdengo\n|-heal|p2a: Gholdengo|66\/100\n|move|p1a: Amoonguss|Giga Drain|p2a: Gholdengo\n|-resisted|p2a: Gholdengo\n|-crit|p2a: Gholdengo\n|-damage|p2a: Gholdengo|50\/100\n|-heal|p1a: Amoonguss|97\/100|[from] drain|[of] p2a: Gholdengo\n|\n|-heal|p1a: Amoonguss|100\/100|[from] item: Black Sludge\n|upkeep\n|turn|33\n|\n|t:|1699990833\n|switch|p1a: Ting-Lu|Ting-Lu|56\/100 brn\n|-ability|p1a: Ting-Lu|Vessel of Ruin\n|move|p2a: Gholdengo|Recover|p2a: Gholdengo\n|-heal|p2a: Gholdengo|99\/100\n|\n|-heal|p1a: Ting-Lu|62\/100 brn|[from] item: Leftovers\n|-damage|p1a: Ting-Lu|56\/100 brn|[from] brn\n|upkeep\n|turn|34\n|\n|t:|1699990843\n|move|p2a: Gholdengo|Make It Rain|p1a: Ting-Lu\n|-damage|p1a: Ting-Lu|25\/100 brn\n|-unboost|p2a: Gholdengo|spa|1\n|move|p1a: Ting-Lu|Ruination|p2a: Gholdengo|[miss]\n|-miss|p1a: Ting-Lu|p2a: Gholdengo\n|\n|-heal|p1a: Ting-Lu|32\/100 brn|[from] item: Leftovers\n|-damage|p1a: Ting-Lu|25\/100 brn|[from] brn\n|upkeep\n|turn|35\n|\n|t:|1699990855\n|move|p2a: Gholdengo|Nasty Plot|p2a: Gholdengo\n|-boost|p2a: Gholdengo|spa|2\n|move|p1a: Ting-Lu|Ruination|p2a: Gholdengo\n|-damage|p2a: Gholdengo|50\/100\n|\n|-heal|p1a: Ting-Lu|32\/100 brn|[from] item: Leftovers\n|-damage|p1a: Ting-Lu|25\/100 brn|[from] brn\n|upkeep\n|turn|36\n|\n|t:|1699990866\n|move|p2a: Gholdengo|Recover|p2a: Gholdengo\n|-heal|p2a: Gholdengo|100\/100\n|move|p1a: Ting-Lu|Ruination|p2a: Gholdengo\n|-damage|p2a: Gholdengo|51\/100\n|\n|-heal|p1a: Ting-Lu|32\/100 brn|[from] item: Leftovers\n|-damage|p1a: Ting-Lu|25\/100 brn|[from] brn\n|upkeep\n|turn|37\n|\n|t:|1699990875\n|move|p2a: Gholdengo|Make It Rain|p1a: Ting-Lu\n|-damage|p1a: Ting-Lu|0 fnt\n|-unboost|p2a: Gholdengo|spa|1\n|faint|p1a: Ting-Lu\n|\n|upkeep\n|\n|t:|1699990882\n|switch|p1a: Iron Valiant|Iron Valiant|100\/100\n|-enditem|p1a: Iron Valiant|Booster Energy\n|-activate|p1a: Iron Valiant|ability: Quark Drive|[fromitem]\n|-start|p1a: Iron Valiant|quarkdrivespe\n|turn|38\n|\n|t:|1699990888\n|move|p1a: Iron Valiant|Knock Off|p2a: Gholdengo\n|-supereffective|p2a: Gholdengo\n|-damage|p2a: Gholdengo|18\/100\n|move|p2a: Gholdengo|Make It Rain|p1a: Iron Valiant\n|-supereffective|p1a: Iron Valiant\n|-damage|p1a: Iron Valiant|0 fnt\n|-unboost|p2a: Gholdengo|spa|1\n|faint|p1a: Iron Valiant\n|-end|p1a: Iron Valiant|Quark Drive|[silent]\n|\n|upkeep\n|\n|t:|1699990898\n|switch|p1a: Amoonguss|Amoonguss, M|100\/100\n|turn|39\n|\n|t:|1699990902\n|move|p2a: Gholdengo|Recover|p2a: Gholdengo\n|-heal|p2a: Gholdengo|68\/100\n|move|p1a: Amoonguss|Giga Drain|p2a: Gholdengo\n|-resisted|p2a: Gholdengo\n|-damage|p2a: Gholdengo|56\/100\n|\n|upkeep\n|turn|40\n|\n|t:|1699990909\n|move|p2a: Gholdengo|Recover|p2a: Gholdengo\n|-heal|p2a: Gholdengo|100\/100\n|move|p1a: Amoonguss|Giga Drain|p2a: Gholdengo\n|-resisted|p2a: Gholdengo\n|-damage|p2a: Gholdengo|90\/100\n|\n|upkeep\n|turn|41\n|\n|t:|1699990920\n|move|p2a: Gholdengo|Nasty Plot|p2a: Gholdengo\n|-boost|p2a: Gholdengo|spa|2\n|move|p1a: Amoonguss|Giga Drain|p2a: Gholdengo\n|-resisted|p2a: Gholdengo\n|-damage|p2a: Gholdengo|78\/100\n|\n|upkeep\n|turn|42\n|\n|t:|1699990926\n|move|p2a: Gholdengo|Nasty Plot|p2a: Gholdengo\n|-boost|p2a: Gholdengo|spa|2\n|move|p1a: Amoonguss|Clear Smog|p2a: Gholdengo\n|-immune|p2a: Gholdengo\n|\n|upkeep\n|turn|43\n|\n|t:|1699990933\n|move|p2a: Gholdengo|Make It Rain|p1a: Amoonguss\n|-damage|p1a: Amoonguss|0 fnt\n|-unboost|p2a: Gholdengo|spa|1\n|faint|p1a: Amoonguss\n|\n|win|petergriffinonline\n|raw|Leonidas2342's rating: 1040 &rarr; <strong>1027<\/strong><br \/>(-13 for losing)\n|raw|petergriffinonline's rating: 1111 &rarr; <strong>1131<\/strong><br \/>(+20 for winning)\n|c|\u2606petergriffinonline|gg\n|l|\u2606Leonidas2342\n|c|\u2606petergriffinonline|yeah fr\n","uploadtime":1699990945,"views":8,"p1id":"leonidas2342","p2id":"petergriffinonline","formatid":"gen9ou","rating":1027,"private":0,"password":""}