{"id":"gen9ou-1989739913","p1":"1calebb","p2":"snorunt.","format":"[Gen 9] OU","log":"|j|\u26061calebb\n|j|\u2606snorunt.\n|t:|1699891671\n|gametype|singles\n|player|p1|1calebb|veteran|1302\n|player|p2|snorunt.|blackbelt-gen4|1259\n|teamsize|p1|6\n|teamsize|p2|6\n|gen|9\n|tier|[Gen 9] OU\n|rated|\n|rule|Sleep Clause Mod: Limit one foe put to sleep\n|rule|Species Clause: Limit one of each Pok\u00e9mon\n|rule|OHKO Clause: OHKO moves are banned\n|rule|Evasion Items Clause: Evasion items are banned\n|rule|Evasion Moves Clause: Evasion moves are banned\n|rule|Endless Battle Clause: Forcing endless battles is banned\n|rule|HP Percentage Mod: HP is shown in percentages\n|clearpoke\n|poke|p1|Rillaboom, F|\n|poke|p1|Infernape, F|\n|poke|p1|Zarude|\n|poke|p1|Primeape, F|\n|poke|p1|Passimian, M|\n|poke|p1|Oranguru, M|\n|poke|p2|Gholdengo|\n|poke|p2|Ribombee, F|\n|poke|p2|Alomomola, F|\n|poke|p2|Mandibuzz, F|\n|poke|p2|Ogerpon-Cornerstone, F|\n|poke|p2|Volcanion|\n|teampreview\n|c|\u2606snorunt.|lmfao\n|inactive|Battle timer is ON: inactive players will automatically lose when time's up. (requested by 1calebb)\n|inactive|snorunt. has 120 seconds left.\n|\n|t:|1699891720\n|start\n|switch|p1a: ball monke|Passimian, M|100\/100\n|switch|p2a: Ribombee|Ribombee, F|100\/100\n|turn|1\n|\n|t:|1699891727\n|move|p1a: ball monke|Rock Slide|p2a: Ribombee\n|-supereffective|p2a: Ribombee\n|-damage|p2a: Ribombee|5\/100\n|move|p2a: Ribombee|Moonblast|p1a: ball monke\n|-supereffective|p1a: ball monke\n|-damage|p1a: ball monke|0 fnt\n|faint|p1a: ball monke\n|\n|upkeep\n|\n|t:|1699891733\n|switch|p1a: gorilla monke|Rillaboom, F|100\/100\n|-fieldstart|move: Grassy Terrain|[from] ability: Grassy Surge|[of] p1a: gorilla monke\n|turn|2\n|\n|t:|1699891749\n|switch|p2a: Mandibuzz|Mandibuzz, F|100\/100\n|switch|p1a: angry monke|Primeape, F|100\/100\n|\n|upkeep\n|turn|3\n|\n|t:|1699891756\n|move|p1a: angry monke|Substitute|p1a: angry monke\n|-start|p1a: angry monke|Substitute\n|-damage|p1a: angry monke|76\/100\n|move|p2a: Mandibuzz|Toxic||[still]\n|-fail|p2a: Mandibuzz\n|\n|-heal|p1a: angry monke|82\/100|[from] Grassy Terrain\n|-heal|p1a: angry monke|88\/100|[from] item: Leftovers\n|upkeep\n|turn|4\n|\n|t:|1699891770\n|switch|p2a: Alomomola|Alomomola, F|100\/100\n|move|p1a: angry monke|Stealth Rock|p2a: Alomomola\n|-sidestart|p2: snorunt.|move: Stealth Rock\n|\n|-heal|p1a: angry monke|94\/100|[from] Grassy Terrain\n|-heal|p1a: angry monke|100\/100|[from] item: Leftovers\n|upkeep\n|turn|5\n|\n|t:|1699891777\n|-singleturn|p1a: angry monke|move: Focus Punch\n|move|p2a: Alomomola|Scald|p1a: angry monke\n|-activate|p1a: angry monke|move: Substitute|[damage]\n|move|p1a: angry monke|Focus Punch|p2a: Alomomola\n|-damage|p2a: Alomomola|62\/100\n|-enditem|p2a: Alomomola|Red Card|[of] p1a: angry monke\n|drag|p1a: gorilla monke|Rillaboom, F|100\/100\n|\n|-heal|p2a: Alomomola|68\/100|[from] Grassy Terrain\n|upkeep\n|turn|6\n|\n|t:|1699891787\n|move|p2a: Alomomola|Protect|p2a: Alomomola\n|-singleturn|p2a: Alomomola|Protect\n|move|p1a: gorilla monke|Drum Beating|p2a: Alomomola\n|-activate|p2a: Alomomola|move: Protect\n|\n|-heal|p2a: Alomomola|74\/100|[from] Grassy Terrain\n|-fieldend|move: Grassy Terrain\n|upkeep\n|turn|7\n|\n|t:|1699891795\n|switch|p1a: angry monke|Primeape, F|100\/100\n|move|p2a: Alomomola|Wish|p2a: Alomomola\n|\n|upkeep\n|turn|8\n|\n|t:|1699891799\n|move|p1a: angry monke|Substitute|p1a: angry monke\n|-start|p1a: angry monke|Substitute\n|-damage|p1a: angry monke|76\/100\n|move|p2a: Alomomola|Scald|p1a: angry monke\n|-activate|p1a: angry monke|move: Substitute|[damage]\n|\n|-heal|p2a: Alomomola|100\/100|[from] move: Wish|[wisher] Alomomola\n|-heal|p1a: angry monke|82\/100|[from] item: Leftovers\n|upkeep\n|turn|9\n|\n|t:|1699891803\n|-singleturn|p1a: angry monke|move: Focus Punch\n|move|p2a: Alomomola|Flip Turn|p1a: angry monke\n|-end|p1a: angry monke|Substitute\n|\n|t:|1699891807\n|switch|p2a: Gholdengo|Gholdengo|100\/100|[from] Flip Turn\n|-damage|p2a: Gholdengo|94\/100|[from] Stealth Rock\n|move|p1a: angry monke|Focus Punch|p2a: Gholdengo\n|-immune|p2a: Gholdengo\n|\n|-heal|p1a: angry monke|88\/100|[from] item: Leftovers\n|-heal|p2a: Gholdengo|100\/100|[from] item: Leftovers\n|upkeep\n|turn|10\n|\n|t:|1699891814\n|move|p1a: angry monke|Rage Fist|p2a: Gholdengo\n|-supereffective|p2a: Gholdengo\n|-damage|p2a: Gholdengo|73\/100\n|move|p2a: Gholdengo|Make It Rain|p1a: angry monke\n|-damage|p1a: angry monke|0 fnt\n|-unboost|p2a: Gholdengo|spa|1\n|faint|p1a: angry monke\n|\n|-heal|p2a: Gholdengo|79\/100|[from] item: Leftovers\n|upkeep\n|\n|t:|1699891820\n|switch|p1a: fire monke|Infernape, F|100\/100\n|turn|11\n|j| U Guest It\n|l| U Guest It\n|inactive|snorunt. has 120 seconds left.\n|inactive|snorunt. has 90 seconds left.\n|\n|t:|1699891899\n|switch|p2a: Alomomola|Alomomola, F|100\/100\n|-damage|p2a: Alomomola|88\/100|[from] Stealth Rock\n|move|p1a: fire monke|U-turn|p2a: Alomomola\n|-damage|p2a: Alomomola|72\/100\n|inactive|1calebb has 120 seconds left.\n|\n|t:|1699891931\n|switch|p1a: edgy monke|Zarude|100\/100|[from] U-turn\n|\n|upkeep\n|turn|12\n|\n|t:|1699891941\n|move|p1a: edgy monke|Bulk Up|p1a: edgy monke\n|-boost|p1a: edgy monke|atk|1\n|-boost|p1a: edgy monke|def|1\n|move|p2a: Alomomola|Flip Turn|p1a: edgy monke\n|-resisted|p1a: edgy monke\n|-damage|p1a: edgy monke|97\/100\n|inactive|snorunt. has 60 seconds left.\n|\n|t:|1699891984\n|switch|p2a: Mandibuzz|Mandibuzz, F|100\/100|[from] Flip Turn\n|-damage|p2a: Mandibuzz|76\/100|[from] Stealth Rock\n|\n|-heal|p1a: edgy monke|100\/100|[from] item: Leftovers\n|-heal|p2a: Mandibuzz|82\/100|[from] item: Leftovers\n|upkeep\n|turn|13\n|\n|t:|1699891991\n|move|p1a: edgy monke|Knock Off|p2a: Mandibuzz\n|-resisted|p2a: Mandibuzz\n|-damage|p2a: Mandibuzz|59\/100\n|-enditem|p2a: Mandibuzz|Leftovers|[from] move: Knock Off|[of] p1a: edgy monke\n|move|p2a: Mandibuzz|Defog|p1a: edgy monke\n|-unboost|p1a: edgy monke|evasion|1\n|-sideend|p2: snorunt.|Stealth Rock|[from] move: Defog|[of] p2a: Mandibuzz\n|\n|upkeep\n|turn|14\n|\n|t:|1699891996\n|move|p1a: edgy monke|Encore|p2a: Mandibuzz\n|-start|p2a: Mandibuzz|Encore\n|move|p2a: Mandibuzz|Defog|p1a: edgy monke\n|-unboost|p1a: edgy monke|evasion|1\n|\n|upkeep\n|turn|15\n|\n|t:|1699892009\n|switch|p2a: Alomomola|Alomomola, F|100\/100\n|move|p1a: edgy monke|Bulk Up|p1a: edgy monke\n|-boost|p1a: edgy monke|atk|1\n|-boost|p1a: edgy monke|def|1\n|\n|upkeep\n|turn|16\n|\n|t:|1699892013\n|move|p1a: edgy monke|Power Whip|p2a: Alomomola\n|-supereffective|p2a: Alomomola\n|-damage|p2a: Alomomola|0 fnt\n|faint|p2a: Alomomola\n|\n|upkeep\n|\n|t:|1699892017\n|switch|p2a: Ribombee|Ribombee, F|5\/100\n|turn|17\n|\n|t:|1699892021\n|-terastallize|p1a: edgy monke|Grass\n|move|p2a: Ribombee|Bug Buzz|p1a: edgy monke\n|-supereffective|p1a: edgy monke\n|-damage|p1a: edgy monke|38\/100\n|move|p1a: edgy monke|Knock Off|p2a: Ribombee\n|-resisted|p2a: Ribombee\n|-damage|p2a: Ribombee|0 fnt\n|-enditem|p2a: Ribombee|Focus Sash|[from] move: Knock Off|[of] p1a: edgy monke\n|faint|p2a: Ribombee\n|\n|-heal|p1a: edgy monke|44\/100|[from] item: Leftovers\n|upkeep\n|inactive|snorunt. has 90 seconds left.\n|\n|t:|1699892033\n|switch|p2a: Ogerpon|Ogerpon-Cornerstone, F|100\/100\n|turn|18\n|\n|t:|1699892051\n|-terastallize|p2a: Ogerpon|Rock\n|detailschange|p2a: Ogerpon|Ogerpon-Cornerstone-Tera, F, tera:Rock\n|-ability|p2a: Ogerpon|Embody Aspect (Cornerstone)|boost\n|-boost|p2a: Ogerpon|def|1\n|move|p2a: Ogerpon|Ivy Cudgel|p1a: edgy monke\n|-damage|p1a: edgy monke|14\/100\n|move|p1a: edgy monke|Power Whip|p2a: Ogerpon\n|-supereffective|p2a: Ogerpon\n|-damage|p2a: Ogerpon|0 fnt\n|faint|p2a: Ogerpon\n|\n|-heal|p1a: edgy monke|20\/100|[from] item: Leftovers\n|upkeep\n|inactive|snorunt. has 90 seconds left.\n|\n|t:|1699892088\n|switch|p2a: Mandibuzz|Mandibuzz, F|59\/100\n|turn|19\n|\n|t:|1699892108\n|move|p1a: edgy monke|Power Whip|p2a: Mandibuzz\n|-resisted|p2a: Mandibuzz\n|-damage|p2a: Mandibuzz|10\/100\n|move|p2a: Mandibuzz|Roost|p2a: Mandibuzz\n|-heal|p2a: Mandibuzz|60\/100\n|-singleturn|p2a: Mandibuzz|move: Roost\n|\n|-heal|p1a: edgy monke|26\/100|[from] item: Leftovers\n|upkeep\n|turn|20\n|\n|t:|1699892116\n|move|p1a: edgy monke|Encore|p2a: Mandibuzz\n|-start|p2a: Mandibuzz|Encore\n|move|p2a: Mandibuzz|Roost|p2a: Mandibuzz\n|-heal|p2a: Mandibuzz|100\/100\n|-singleturn|p2a: Mandibuzz|move: Roost\n|\n|-heal|p1a: edgy monke|32\/100|[from] item: Leftovers\n|upkeep\n|turn|21\n|inactive|snorunt. has 90 seconds left.\n|\n|t:|1699892126\n|move|p1a: edgy monke|Bulk Up|p1a: edgy monke\n|-boost|p1a: edgy monke|atk|1\n|-boost|p1a: edgy monke|def|1\n|move|p2a: Mandibuzz|Roost||[still]\n|-fail|p2a: Mandibuzz|heal\n|\n|-heal|p1a: edgy monke|38\/100|[from] item: Leftovers\n|upkeep\n|turn|22\n|\n|t:|1699892130\n|move|p1a: edgy monke|Bulk Up|p1a: edgy monke\n|-boost|p1a: edgy monke|atk|1\n|-boost|p1a: edgy monke|def|1\n|move|p2a: Mandibuzz|Roost||[still]\n|-fail|p2a: Mandibuzz|heal\n|\n|-heal|p1a: edgy monke|44\/100|[from] item: Leftovers\n|-end|p2a: Mandibuzz|Encore\n|upkeep\n|turn|23\n|\n|t:|1699892132\n|move|p1a: edgy monke|Encore|p2a: Mandibuzz\n|-start|p2a: Mandibuzz|Encore\n|move|p2a: Mandibuzz|Roost||[still]\n|-fail|p2a: Mandibuzz|heal\n|\n|-heal|p1a: edgy monke|50\/100|[from] item: Leftovers\n|upkeep\n|turn|24\n|\n|t:|1699892144\n|switch|p2a: Gholdengo|Gholdengo|79\/100\n|move|p1a: edgy monke|Bulk Up|p1a: edgy monke\n|-boost|p1a: edgy monke|atk|1\n|-boost|p1a: edgy monke|def|1\n|\n|-heal|p1a: edgy monke|56\/100|[from] item: Leftovers\n|-heal|p2a: Gholdengo|85\/100|[from] item: Leftovers\n|upkeep\n|turn|25\n|\n|t:|1699892154\n|move|p1a: edgy monke|Knock Off|p2a: Gholdengo\n|-supereffective|p2a: Gholdengo\n|-damage|p2a: Gholdengo|0 fnt\n|-enditem|p2a: Gholdengo|Leftovers|[from] move: Knock Off|[of] p1a: edgy monke\n|faint|p2a: Gholdengo\n|\n|-heal|p1a: edgy monke|62\/100|[from] item: Leftovers\n|upkeep\n|-message|snorunt. forfeited.\n|\n|win|1calebb\n|raw|1calebb's rating: 1302 &rarr; <strong>1320<\/strong><br \/>(+18 for winning)\n|raw|snorunt.'s rating: 1259 &rarr; <strong>1237<\/strong><br \/>(-22 for losing)\n|l|\u2606snorunt.\n|j|\u2606snorunt.\n|player|p2|snorunt.|blackbelt-gen4\n","uploadtime":1699892181,"views":19,"p1id":"1calebb","p2id":"snorunt","formatid":"gen9ou","rating":1237,"private":0,"password":""}