{"id":"gen9ou-1990850834","p1":"Minimimik","p2":"ANOTHERDAYWILLCOME","format":"[Gen 9] OU","log":"|j|\u2606Minimimik\n|j|\u2606ANOTHERDAYWILLCOME\n|t:|1700007502\n|gametype|singles\n|player|p1|Minimimik|n|1353\n|player|p2|ANOTHERDAYWILLCOME|gambler|1446\n|teamsize|p1|6\n|teamsize|p2|6\n|gen|9\n|tier|[Gen 9] OU\n|rated|\n|rule|Sleep Clause Mod: Limit one foe put to sleep\n|rule|Species Clause: Limit one of each Pok\u00e9mon\n|rule|OHKO Clause: OHKO moves are banned\n|rule|Evasion Items Clause: Evasion items are banned\n|rule|Evasion Moves Clause: Evasion moves are banned\n|rule|Endless Battle Clause: Forcing endless battles is banned\n|rule|HP Percentage Mod: HP is shown in percentages\n|clearpoke\n|poke|p1|Great Tusk|\n|poke|p1|Hatterene, F|\n|poke|p1|Dondozo, M|\n|poke|p1|Mandibuzz, F|\n|poke|p1|Heatran, M|\n|poke|p1|Dragapult, M|\n|poke|p2|Weavile, F|\n|poke|p2|Polteageist|\n|poke|p2|Kommo-o, M|\n|poke|p2|Rillaboom, M|\n|poke|p2|Sneasler, M|\n|poke|p2|Enamorus, F|\n|teampreview\n|inactive|Battle timer is ON: inactive players will automatically lose when time's up. (requested by ANOTHERDAYWILLCOME)\n|\n|t:|1700007537\n|start\n|switch|p1a: Hatterene|Hatterene, F|100\/100\n|switch|p2a: Rillaboom|Rillaboom, M|100\/100\n|-fieldstart|move: Grassy Terrain|[from] ability: Grassy Surge|[of] p2a: Rillaboom\n|turn|1\n|\n|t:|1700007541\n|move|p2a: Rillaboom|U-turn|p1a: Hatterene\n|-damage|p1a: Hatterene|72\/100\n|\n|t:|1700007544\n|switch|p2a: Enamorus|Enamorus, F|100\/100|[from] U-turn\n|move|p1a: Hatterene|Nuzzle|p2a: Enamorus\n|-supereffective|p2a: Enamorus\n|-damage|p2a: Enamorus|88\/100\n|-status|p2a: Enamorus|par\n|\n|-heal|p1a: Hatterene|78\/100|[from] Grassy Terrain\n|-heal|p1a: Hatterene|84\/100|[from] item: Leftovers\n|upkeep\n|turn|2\n|\n|t:|1700007556\n|move|p2a: Enamorus|Moonblast|p1a: Hatterene\n|-damage|p1a: Hatterene|0 fnt\n|faint|p1a: Hatterene\n|\n|upkeep\n|\n|t:|1700007564\n|switch|p1a: Heatran|Heatran, M|100\/100\n|turn|3\n|\n|t:|1700007568\n|switch|p2a: Weavile|Weavile, F|100\/100\n|-ability|p2a: Weavile|Pressure\n|move|p1a: Heatran|Magma Storm|p2a: Weavile\n|-supereffective|p2a: Weavile\n|-damage|p2a: Weavile|0 fnt\n|faint|p2a: Weavile\n|\n|upkeep\n|\n|t:|1700007576\n|switch|p2a: Kommo-o|Kommo-o, M|100\/100\n|turn|4\n|\n|t:|1700007582\n|move|p2a: Kommo-o|Clangorous Soul|p2a: Kommo-o\n|-boost|p2a: Kommo-o|atk|1\n|-boost|p2a: Kommo-o|def|1\n|-boost|p2a: Kommo-o|spa|1\n|-boost|p2a: Kommo-o|spd|1\n|-boost|p2a: Kommo-o|spe|1\n|-damage|p2a: Kommo-o|68\/100\n|move|p1a: Heatran|Magma Storm|p2a: Kommo-o|[miss]\n|-miss|p1a: Heatran|p2a: Kommo-o\n|\n|-heal|p2a: Kommo-o|74\/100|[from] Grassy Terrain\n|-heal|p2a: Kommo-o|80\/100|[from] item: Leftovers\n|upkeep\n|turn|5\n|\n|t:|1700007593\n|move|p1a: Heatran|Protect|p1a: Heatran\n|-singleturn|p1a: Heatran|Protect\n|move|p2a: Kommo-o|Clangorous Soul|p2a: Kommo-o\n|-boost|p2a: Kommo-o|atk|1\n|-boost|p2a: Kommo-o|def|1\n|-boost|p2a: Kommo-o|spa|1\n|-boost|p2a: Kommo-o|spd|1\n|-boost|p2a: Kommo-o|spe|1\n|-damage|p2a: Kommo-o|47\/100\n|\n|-heal|p2a: Kommo-o|53\/100|[from] Grassy Terrain\n|-heal|p2a: Kommo-o|59\/100|[from] item: Leftovers\n|-fieldend|move: Grassy Terrain\n|upkeep\n|turn|6\n|\n|t:|1700007596\n|switch|p1a: Dondozo|Dondozo, M|100\/100\n|move|p2a: Kommo-o|Drain Punch|p1a: Dondozo\n|-damage|p1a: Dondozo|84\/100\n|-heal|p2a: Kommo-o|73\/100|[from] drain|[of] p1a: Dondozo\n|\n|-heal|p2a: Kommo-o|80\/100|[from] item: Leftovers\n|-heal|p1a: Dondozo|90\/100|[from] item: Leftovers\n|upkeep\n|turn|7\n|\n|t:|1700007601\n|move|p2a: Kommo-o|Clanging Scales|p1a: Dondozo\n|-damage|p1a: Dondozo|60\/100\n|-unboost|p2a: Kommo-o|def|1\n|move|p1a: Dondozo|Curse|p1a: Dondozo\n|-unboost|p1a: Dondozo|spe|1\n|-boost|p1a: Dondozo|atk|1\n|-boost|p1a: Dondozo|def|1\n|\n|-heal|p2a: Kommo-o|86\/100|[from] item: Leftovers\n|-heal|p1a: Dondozo|67\/100|[from] item: Leftovers\n|upkeep\n|turn|8\n|\n|t:|1700007605\n|move|p2a: Kommo-o|Clanging Scales|p1a: Dondozo\n|-damage|p1a: Dondozo|38\/100\n|-unboost|p2a: Kommo-o|def|1\n|move|p1a: Dondozo|Curse|p1a: Dondozo\n|-unboost|p1a: Dondozo|spe|1\n|-boost|p1a: Dondozo|atk|1\n|-boost|p1a: Dondozo|def|1\n|\n|-heal|p2a: Kommo-o|92\/100|[from] item: Leftovers\n|-heal|p1a: Dondozo|45\/100|[from] item: Leftovers\n|upkeep\n|turn|9\n|\n|t:|1700007608\n|move|p2a: Kommo-o|Clanging Scales|p1a: Dondozo\n|-damage|p1a: Dondozo|16\/100\n|-unboost|p2a: Kommo-o|def|1\n|move|p1a: Dondozo|Rest|p1a: Dondozo\n|-status|p1a: Dondozo|slp|[from] move: Rest\n|-heal|p1a: Dondozo|100\/100 slp|[silent]\n|\n|-heal|p2a: Kommo-o|98\/100|[from] item: Leftovers\n|upkeep\n|turn|10\n|\n|t:|1700007611\n|switch|p2a: Polteageist|Polteageist|100\/100\n|cant|p1a: Dondozo|slp\n|move|p1a: Dondozo|Sleep Talk|p1a: Dondozo\n|move|p1a: Dondozo|Rest||[from]move: Sleep Talk|[still]\n|-fail|p1a: Dondozo\n|\n|upkeep\n|turn|11\n|\n|t:|1700007623\n|move|p2a: Polteageist|Shell Smash|p2a: Polteageist\n|-unboost|p2a: Polteageist|def|1\n|-unboost|p2a: Polteageist|spd|1\n|-boost|p2a: Polteageist|atk|2\n|-boost|p2a: Polteageist|spa|2\n|-boost|p2a: Polteageist|spe|2\n|cant|p1a: Dondozo|slp\n|move|p1a: Dondozo|Sleep Talk|p1a: Dondozo\n|move|p1a: Dondozo|Rest||[from]move: Sleep Talk|[still]\n|-fail|p1a: Dondozo\n|\n|upkeep\n|turn|12\n|\n|t:|1700007638\n|-terastallize|p1a: Dondozo|Dark\n|move|p2a: Polteageist|Shell Smash|p2a: Polteageist\n|-unboost|p2a: Polteageist|def|1\n|-unboost|p2a: Polteageist|spd|1\n|-boost|p2a: Polteageist|atk|2\n|-boost|p2a: Polteageist|spa|2\n|-boost|p2a: Polteageist|spe|2\n|-curestatus|p1a: Dondozo|slp|[msg]\n|move|p1a: Dondozo|Liquidation|p2a: Polteageist\n|-enditem|p2a: Polteageist|Focus Sash\n|-damage|p2a: Polteageist|1\/100\n|-ability|p2a: Polteageist|Weak Armor|boost\n|-unboost|p2a: Polteageist|def|1\n|-boost|p2a: Polteageist|spe|2\n|\n|upkeep\n|turn|13\n|\n|t:|1700007651\n|move|p2a: Polteageist|Shadow Ball|p1a: Dondozo\n|-resisted|p1a: Dondozo\n|-damage|p1a: Dondozo|86\/100\n|move|p1a: Dondozo|Liquidation|p2a: Polteageist\n|-damage|p2a: Polteageist|0 fnt\n|faint|p2a: Polteageist\n|\n|-heal|p1a: Dondozo|92\/100|[from] item: Leftovers\n|upkeep\n|\n|t:|1700007657\n|switch|p2a: Rillaboom|Rillaboom, M|100\/100\n|-fieldstart|move: Grassy Terrain|[from] ability: Grassy Surge|[of] p2a: Rillaboom\n|turn|14\n|\n|t:|1700007663\n|move|p2a: Rillaboom|U-turn|p1a: Dondozo\n|-supereffective|p1a: Dondozo\n|-damage|p1a: Dondozo|72\/100\n|\n|t:|1700007664\n|switch|p2a: Enamorus|Enamorus, F|88\/100 par|[from] U-turn\n|move|p1a: Dondozo|Liquidation|p2a: Enamorus\n|-damage|p2a: Enamorus|0 fnt\n|faint|p2a: Enamorus\n|\n|-heal|p1a: Dondozo|78\/100|[from] Grassy Terrain\n|-heal|p1a: Dondozo|84\/100|[from] item: Leftovers\n|upkeep\n|\n|t:|1700007669\n|switch|p2a: Kommo-o|Kommo-o, M|98\/100\n|turn|15\n|\n|t:|1700007673\n|move|p2a: Kommo-o|Drain Punch|p1a: Dondozo\n|-supereffective|p1a: Dondozo\n|-damage|p1a: Dondozo|65\/100\n|-heal|p2a: Kommo-o|100\/100|[from] drain|[of] p1a: Dondozo\n|move|p1a: Dondozo|Curse|p1a: Dondozo\n|-unboost|p1a: Dondozo|spe|1\n|-boost|p1a: Dondozo|atk|1\n|-boost|p1a: Dondozo|def|1\n|\n|-heal|p1a: Dondozo|71\/100|[from] Grassy Terrain\n|-heal|p1a: Dondozo|77\/100|[from] item: Leftovers\n|upkeep\n|turn|16\n|\n|t:|1700007678\n|move|p2a: Kommo-o|Clanging Scales|p1a: Dondozo\n|-damage|p1a: Dondozo|46\/100\n|-unboost|p2a: Kommo-o|def|1\n|move|p1a: Dondozo|Curse|p1a: Dondozo\n|-unboost|p1a: Dondozo|spe|1\n|-boost|p1a: Dondozo|atk|1\n|-boost|p1a: Dondozo|def|1\n|\n|-heal|p1a: Dondozo|52\/100|[from] Grassy Terrain\n|-heal|p1a: Dondozo|58\/100|[from] item: Leftovers\n|upkeep\n|turn|17\n|\n|t:|1700007681\n|move|p2a: Kommo-o|Clanging Scales|p1a: Dondozo\n|-damage|p1a: Dondozo|25\/100\n|-unboost|p2a: Kommo-o|def|1\n|move|p1a: Dondozo|Curse|p1a: Dondozo\n|-unboost|p1a: Dondozo|spe|1\n|-boost|p1a: Dondozo|atk|1\n|-boost|p1a: Dondozo|def|1\n|\n|-heal|p1a: Dondozo|31\/100|[from] Grassy Terrain\n|-heal|p1a: Dondozo|37\/100|[from] item: Leftovers\n|upkeep\n|turn|18\n|\n|t:|1700007684\n|move|p2a: Kommo-o|Clanging Scales|p1a: Dondozo\n|-damage|p1a: Dondozo|9\/100\n|-unboost|p2a: Kommo-o|def|1\n|move|p1a: Dondozo|Rest|p1a: Dondozo\n|-status|p1a: Dondozo|slp|[from] move: Rest\n|-heal|p1a: Dondozo|100\/100 slp|[silent]\n|\n|-fieldend|move: Grassy Terrain\n|upkeep\n|turn|19\n|\n|t:|1700007690\n|switch|p2a: Rillaboom|Rillaboom, M|100\/100\n|-fieldstart|move: Grassy Terrain|[from] ability: Grassy Surge|[of] p2a: Rillaboom\n|cant|p1a: Dondozo|slp\n|move|p1a: Dondozo|Sleep Talk|p1a: Dondozo\n|move|p1a: Dondozo|Curse|p1a: Dondozo|[from]move: Sleep Talk\n|-unboost|p1a: Dondozo|spe|1\n|-boost|p1a: Dondozo|atk|1\n|-boost|p1a: Dondozo|def|1\n|\n|upkeep\n|turn|20\n|\n|t:|1700007693\n|move|p2a: Rillaboom|Wood Hammer|p1a: Dondozo\n|-damage|p1a: Dondozo|82\/100 slp\n|-damage|p2a: Rillaboom|91\/100|[from] Recoil\n|cant|p1a: Dondozo|slp\n|move|p1a: Dondozo|Sleep Talk|p1a: Dondozo\n|move|p1a: Dondozo|Curse|p1a: Dondozo|[from]move: Sleep Talk\n|\n|-heal|p2a: Rillaboom|98\/100|[from] Grassy Terrain\n|-heal|p1a: Dondozo|88\/100 slp|[from] Grassy Terrain\n|-heal|p1a: Dondozo|94\/100 slp|[from] item: Leftovers\n|upkeep\n|turn|21\n|\n|t:|1700007697\n|move|p2a: Rillaboom|Wood Hammer|p1a: Dondozo\n|-damage|p1a: Dondozo|75\/100 slp\n|-damage|p2a: Rillaboom|88\/100|[from] Recoil\n|-curestatus|p1a: Dondozo|slp|[msg]\n|move|p1a: Dondozo|Liquidation|p2a: Rillaboom\n|-resisted|p2a: Rillaboom\n|-damage|p2a: Rillaboom|25\/100\n|-unboost|p2a: Rillaboom|def|1\n|\n|-heal|p2a: Rillaboom|31\/100|[from] Grassy Terrain\n|-heal|p1a: Dondozo|81\/100|[from] Grassy Terrain\n|-heal|p1a: Dondozo|87\/100|[from] item: Leftovers\n|upkeep\n|turn|22\n|\n|t:|1700007699\n|move|p2a: Rillaboom|Wood Hammer|p1a: Dondozo\n|-damage|p1a: Dondozo|68\/100\n|-damage|p2a: Rillaboom|22\/100|[from] Recoil\n|move|p1a: Dondozo|Liquidation|p2a: Rillaboom\n|-resisted|p2a: Rillaboom\n|-damage|p2a: Rillaboom|0 fnt\n|faint|p2a: Rillaboom\n|\n|-heal|p1a: Dondozo|74\/100|[from] Grassy Terrain\n|-heal|p1a: Dondozo|80\/100|[from] item: Leftovers\n|upkeep\n|\n|t:|1700007700\n|switch|p2a: Kommo-o|Kommo-o, M|100\/100\n|turn|23\n|\n|t:|1700007704\n|move|p2a: Kommo-o|Clanging Scales|p1a: Dondozo\n|-damage|p1a: Dondozo|52\/100\n|-unboost|p2a: Kommo-o|def|1\n|move|p1a: Dondozo|Liquidation|p2a: Kommo-o\n|-resisted|p2a: Kommo-o\n|-damage|p2a: Kommo-o|48\/100\n|\n|-heal|p2a: Kommo-o|55\/100|[from] Grassy Terrain\n|-heal|p2a: Kommo-o|61\/100|[from] item: Leftovers\n|-heal|p1a: Dondozo|58\/100|[from] Grassy Terrain\n|-heal|p1a: Dondozo|64\/100|[from] item: Leftovers\n|-fieldend|move: Grassy Terrain\n|upkeep\n|turn|24\n|\n|t:|1700007712\n|move|p2a: Kommo-o|Clanging Scales|p1a: Dondozo\n|-damage|p1a: Dondozo|34\/100\n|-unboost|p2a: Kommo-o|def|1\n|move|p1a: Dondozo|Liquidation|p2a: Kommo-o\n|-resisted|p2a: Kommo-o\n|-damage|p2a: Kommo-o|7\/100\n|\n|-heal|p2a: Kommo-o|14\/100|[from] item: Leftovers\n|-heal|p1a: Dondozo|40\/100|[from] item: Leftovers\n|upkeep\n|turn|25\n|\n|t:|1700007716\n|move|p2a: Kommo-o|Flamethrower|p1a: Dondozo\n|-damage|p1a: Dondozo|24\/100\n|move|p1a: Dondozo|Rest|p1a: Dondozo\n|-status|p1a: Dondozo|slp|[from] move: Rest\n|-heal|p1a: Dondozo|100\/100 slp|[silent]\n|\n|-heal|p2a: Kommo-o|20\/100|[from] item: Leftovers\n|upkeep\n|turn|26\n|\n|t:|1700007718\n|move|p2a: Kommo-o|Flamethrower|p1a: Dondozo\n|-damage|p1a: Dondozo|84\/100 slp\n|cant|p1a: Dondozo|slp\n|move|p1a: Dondozo|Sleep Talk|p1a: Dondozo\n|move|p1a: Dondozo|Liquidation|p2a: Kommo-o|[from]move: Sleep Talk\n|-resisted|p2a: Kommo-o\n|-damage|p2a: Kommo-o|0 fnt\n|faint|p2a: Kommo-o\n|\n|-heal|p1a: Dondozo|90\/100 slp|[from] item: Leftovers\n|upkeep\n|\n|t:|1700007719\n|switch|p2a: Sneasler|Sneasler, M|100\/100\n|turn|27\n|\n|t:|1700007722\n|move|p2a: Sneasler|Close Combat|p1a: Dondozo\n|-supereffective|p1a: Dondozo\n|-damage|p1a: Dondozo|72\/100 slp\n|-unboost|p2a: Sneasler|def|1\n|-unboost|p2a: Sneasler|spd|1\n|cant|p1a: Dondozo|slp\n|move|p1a: Dondozo|Sleep Talk|p1a: Dondozo\n|move|p1a: Dondozo|Curse|p1a: Dondozo|[from]move: Sleep Talk\n|\n|-heal|p1a: Dondozo|78\/100 slp|[from] item: Leftovers\n|upkeep\n|turn|28\n|-message|ANOTHERDAYWILLCOME forfeited.\n|\n|win|Minimimik\n|raw|Minimimik's rating: 1353 &rarr; <strong>1378<\/strong><br \/>(+25 for winning)\n|raw|ANOTHERDAYWILLCOME's rating: 1446 &rarr; <strong>1421<\/strong><br \/>(-25 for losing)\n|l|\u2606ANOTHERDAYWILLCOME\n","uploadtime":1700007733,"views":24,"p1id":"minimimik","p2id":"anotherdaywillcome","formatid":"gen9ou","rating":1378,"private":0,"password":""}