{"id":"gen9ou-1991996857","p1":"Big zuez","p2":"Yoink 0","format":"[Gen 9] OU","log":"|j|\u2606Big zuez\n|j|\u2606Yoink 0\n|t:|1700146250\n|gametype|singles\n|player|p1|Big zuez|brock|1594\n|player|p2|Yoink 0|kukui|1660\n|teamsize|p1|6\n|teamsize|p2|6\n|gen|9\n|tier|[Gen 9] OU\n|rated|\n|rule|Sleep Clause Mod: Limit one foe put to sleep\n|rule|Species Clause: Limit one of each Pok\u00e9mon\n|rule|OHKO Clause: OHKO moves are banned\n|rule|Evasion Items Clause: Evasion items are banned\n|rule|Evasion Moves Clause: Evasion moves are banned\n|rule|Endless Battle Clause: Forcing endless battles is banned\n|rule|HP Percentage Mod: HP is shown in percentages\n|clearpoke\n|poke|p1|Zamazenta-*|\n|poke|p1|Iron Moth|\n|poke|p1|Alomomola, F|\n|poke|p1|Ting-Lu|\n|poke|p1|Dragapult, M|\n|poke|p1|Scizor, F|\n|poke|p2|Zamazenta-*|\n|poke|p2|Slowking-Galar, M|\n|poke|p2|Alomomola, F|\n|poke|p2|Kingambit, M|\n|poke|p2|Landorus-Therian, M|\n|poke|p2|Dragapult, F|\n|teampreview\n|inactive|Battle timer is ON: inactive players will automatically lose when time's up. (requested by Big zuez)\n|\n|t:|1700146264\n|start\n|switch|p1a: Scizor|Scizor, F|100\/100\n|switch|p2a: Alomomola|Alomomola, F|100\/100\n|turn|1\n|\n|t:|1700146272\n|move|p1a: Scizor|Knock Off|p2a: Alomomola\n|-damage|p2a: Alomomola|85\/100\n|-enditem|p2a: Alomomola|Heavy-Duty Boots|[from] move: Knock Off|[of] p1a: Scizor\n|move|p2a: Alomomola|Flip Turn|p1a: Scizor\n|-damage|p1a: Scizor|87\/100\n|inactive|Yoink 0 has 120 seconds left.\n|l|\u2606Big zuez\n|inactive|Big zuez disconnected and has a minute to reconnect!\n|player|p1|\n|j|\u2606Big zuez\n|inactive|Big zuez reconnected.\n|player|p1|Big zuez|brock\n|\n|t:|1700146319\n|switch|p2a: Landorus|Landorus-Therian, M|100\/100|[from] Flip Turn\n|-ability|p2a: Landorus|Intimidate|boost\n|-unboost|p1a: Scizor|atk|1\n|\n|upkeep\n|turn|2\n|\n|t:|1700146324\n|move|p2a: Landorus|Stealth Rock|p1a: Scizor\n|-sidestart|p1: Big zuez|move: Stealth Rock\n|move|p1a: Scizor|Knock Off|p2a: Landorus\n|-damage|p2a: Landorus|78\/100\n|-enditem|p2a: Landorus|Leftovers|[from] move: Knock Off|[of] p1a: Scizor\n|\n|upkeep\n|turn|3\n|\n|t:|1700146330\n|move|p2a: Landorus|U-turn|p1a: Scizor\n|-resisted|p1a: Scizor\n|-damage|p1a: Scizor|78\/100\n|\n|t:|1700146333\n|switch|p2a: Alomomola|Alomomola, F|100\/100|[from] U-turn\n|move|p1a: Scizor|Defog|p2a: Alomomola\n|-unboost|p2a: Alomomola|evasion|1\n|-sideend|p1: Big zuez|Stealth Rock|[from] move: Defog|[of] p1a: Scizor\n|\n|upkeep\n|turn|4\n|\n|t:|1700146340\n|move|p1a: Scizor|U-turn|p2a: Alomomola\n|-damage|p2a: Alomomola|86\/100\n|\n|t:|1700146345\n|switch|p1a: Alomomola|Alomomola, F|100\/100|[from] U-turn\n|move|p2a: Alomomola|Flip Turn|p1a: Alomomola\n|-resisted|p1a: Alomomola\n|-damage|p1a: Alomomola|96\/100\n|-damage|p2a: Alomomola|70\/100|[from] item: Rocky Helmet|[of] p1a: Alomomola\n|\n|t:|1700146350\n|switch|p2a: Slowking|Slowking-Galar, M|100\/100|[from] Flip Turn\n|\n|upkeep\n|turn|5\n|\n|t:|1700146357\n|move|p1a: Alomomola|Flip Turn|p2a: Slowking\n|-damage|p2a: Slowking|88\/100\n|\n|t:|1700146360\n|switch|p1a: Scizor|Scizor, F|78\/100|[from] Flip Turn\n|move|p2a: Slowking|Chilly Reception|p2a: Slowking\n|-weather|Snow\n|\n|t:|1700146368\n|switch|p2a: Alomomola|Alomomola, F|100\/100|[from] Chilly Reception\n|\n|-weather|Snow|[upkeep]\n|upkeep\n|turn|6\n|\n|t:|1700146376\n|switch|p1a: Alomomola|Alomomola, F|100\/100\n|move|p2a: Alomomola|Scald|p1a: Alomomola\n|-resisted|p1a: Alomomola\n|-damage|p1a: Alomomola|93\/100\n|-status|p1a: Alomomola|brn\n|\n|-weather|Snow|[upkeep]\n|-damage|p1a: Alomomola|87\/100 brn|[from] brn\n|upkeep\n|turn|7\n|\n|t:|1700146381\n|move|p1a: Alomomola|Flip Turn|p2a: Alomomola\n|-resisted|p2a: Alomomola\n|-damage|p2a: Alomomola|99\/100\n|\n|t:|1700146387\n|switch|p1a: Scizor|Scizor, F|78\/100|[from] Flip Turn\n|move|p2a: Alomomola|Flip Turn|p1a: Scizor\n|-damage|p1a: Scizor|64\/100\n|\n|t:|1700146400\n|switch|p2a: Landorus|Landorus-Therian, M|78\/100|[from] Flip Turn\n|-ability|p2a: Landorus|Intimidate|boost\n|-unboost|p1a: Scizor|atk|1\n|\n|-weather|Snow|[upkeep]\n|upkeep\n|turn|8\n|\n|t:|1700146410\n|switch|p1a: Ting-Lu|Ting-Lu|100\/100\n|-ability|p1a: Ting-Lu|Vessel of Ruin\n|move|p2a: Landorus|Stealth Rock|p1a: Ting-Lu\n|-sidestart|p1: Big zuez|move: Stealth Rock\n|\n|-weather|Snow|[upkeep]\n|upkeep\n|turn|9\n|\n|t:|1700146413\n|move|p2a: Landorus|Taunt|p1a: Ting-Lu\n|-start|p1a: Ting-Lu|move: Taunt\n|cant|p1a: Ting-Lu|move: Taunt|Stealth Rock\n|\n|-weather|none\n|upkeep\n|turn|10\n|\n|t:|1700146416\n|switch|p2a: Alomomola|Alomomola, F|100\/100\n|move|p1a: Ting-Lu|Ruination|p2a: Alomomola\n|-damage|p2a: Alomomola|50\/100\n|\n|upkeep\n|turn|11\n|\n|t:|1700146426\n|move|p1a: Ting-Lu|Earthquake|p2a: Alomomola\n|-damage|p2a: Alomomola|29\/100\n|move|p2a: Alomomola|Wish|p2a: Alomomola\n|\n|-end|p1a: Ting-Lu|move: Taunt\n|upkeep\n|turn|12\n|c|\u2606Yoink 0|fuck im dumb\n|\n|t:|1700146455\n|move|p1a: Ting-Lu|Stealth Rock|p2a: Alomomola\n|-sidestart|p2: Yoink 0|move: Stealth Rock\n|move|p2a: Alomomola|Flip Turn|p1a: Ting-Lu\n|-supereffective|p1a: Ting-Lu\n|-damage|p1a: Ting-Lu|84\/100\n|\n|t:|1700146458\n|switch|p2a: Zamazenta|Zamazenta, shiny|100\/100|[from] Flip Turn\n|-damage|p2a: Zamazenta|94\/100|[from] Stealth Rock\n|-ability|p2a: Zamazenta|Dauntless Shield|boost\n|-boost|p2a: Zamazenta|def|1\n|\n|-heal|p2a: Zamazenta|100\/100|[from] move: Wish|[wisher] Alomomola\n|-heal|p1a: Ting-Lu|90\/100|[from] item: Leftovers\n|upkeep\n|turn|13\n|\n|t:|1700146475\n|switch|p1a: Dragapult|Dragapult, M|100\/100\n|-damage|p1a: Dragapult|88\/100|[from] Stealth Rock\n|move|p2a: Zamazenta|Close Combat|p1a: Dragapult\n|-immune|p1a: Dragapult\n|\n|upkeep\n|turn|14\n|\n|t:|1700146481\n|switch|p2a: Kingambit|Kingambit, M|100\/100\n|-damage|p2a: Kingambit|94\/100|[from] Stealth Rock\n|move|p1a: Dragapult|U-turn|p2a: Kingambit\n|-damage|p2a: Kingambit|83\/100\n|\n|t:|1700146489\n|switch|p1a: Zamazenta|Zamazenta|100\/100|[from] U-turn\n|-damage|p1a: Zamazenta|94\/100|[from] Stealth Rock\n|-ability|p1a: Zamazenta|Dauntless Shield|boost\n|-boost|p1a: Zamazenta|def|1\n|\n|-heal|p1a: Zamazenta|100\/100|[from] item: Leftovers\n|-heal|p2a: Kingambit|89\/100|[from] item: Leftovers\n|upkeep\n|turn|15\n|\n|t:|1700146498\n|-end|p2a: Kingambit|fallenundefined|[silent]\n|switch|p2a: Landorus|Landorus-Therian, M|78\/100\n|-damage|p2a: Landorus|65\/100|[from] Stealth Rock\n|-ability|p2a: Landorus|Intimidate|boost\n|-unboost|p1a: Zamazenta|atk|1\n|move|p1a: Zamazenta|Iron Defense|p1a: Zamazenta\n|-boost|p1a: Zamazenta|def|2\n|\n|upkeep\n|turn|16\n|\n|t:|1700146503\n|move|p1a: Zamazenta|Body Press|p2a: Landorus\n|-resisted|p2a: Landorus\n|-damage|p2a: Landorus|27\/100\n|move|p2a: Landorus|U-turn|p1a: Zamazenta\n|-resisted|p1a: Zamazenta\n|-damage|p1a: Zamazenta|97\/100\n|\n|t:|1700146510\n|switch|p2a: Slowking|Slowking-Galar, M|100\/100|[from] U-turn\n|\n|-heal|p1a: Zamazenta|100\/100|[from] item: Leftovers\n|upkeep\n|turn|17\n|\n|t:|1700146519\n|move|p1a: Zamazenta|Substitute|p1a: Zamazenta\n|-start|p1a: Zamazenta|Substitute\n|-damage|p1a: Zamazenta|75\/100\n|move|p2a: Slowking|Chilly Reception|p2a: Slowking\n|-weather|Snow\n|\n|t:|1700146522\n|switch|p2a: Dragapult|Dragapult, F|100\/100|[from] Chilly Reception\n|-damage|p2a: Dragapult|88\/100|[from] Stealth Rock\n|\n|-weather|Snow|[upkeep]\n|-heal|p1a: Zamazenta|82\/100|[from] item: Leftovers\n|upkeep\n|turn|18\n|\n|t:|1700146529\n|switch|p1a: Ting-Lu|Ting-Lu|90\/100\n|-damage|p1a: Ting-Lu|84\/100|[from] Stealth Rock\n|-ability|p1a: Ting-Lu|Vessel of Ruin\n|move|p2a: Dragapult|Draco Meteor|p1a: Ting-Lu\n|-damage|p1a: Ting-Lu|47\/100\n|-unboost|p2a: Dragapult|spa|2\n|\n|-weather|Snow|[upkeep]\n|-heal|p1a: Ting-Lu|53\/100|[from] item: Leftovers\n|upkeep\n|turn|19\n|\n|t:|1700146538\n|switch|p2a: Zamazenta|Zamazenta, shiny|100\/100\n|-damage|p2a: Zamazenta|94\/100|[from] Stealth Rock\n|move|p1a: Ting-Lu|Ruination|p2a: Zamazenta\n|-damage|p2a: Zamazenta|47\/100\n|\n|-weather|Snow|[upkeep]\n|-heal|p1a: Ting-Lu|59\/100|[from] item: Leftovers\n|upkeep\n|turn|20\n|\n|t:|1700146548\n|switch|p2a: Alomomola|Alomomola, F|62\/100\n|-damage|p2a: Alomomola|50\/100|[from] Stealth Rock\n|switch|p1a: Alomomola|Alomomola, F|100\/100 brn\n|-damage|p1a: Alomomola|88\/100 brn|[from] Stealth Rock\n|\n|-weather|Snow|[upkeep]\n|-damage|p1a: Alomomola|82\/100 brn|[from] brn\n|upkeep\n|turn|21\n|\n|t:|1700146554\n|move|p1a: Alomomola|Flip Turn|p2a: Alomomola\n|-resisted|p2a: Alomomola\n|-damage|p2a: Alomomola|48\/100\n|\n|t:|1700146556\n|switch|p1a: Dragapult|Dragapult, M|88\/100|[from] Flip Turn\n|-damage|p1a: Dragapult|76\/100|[from] Stealth Rock\n|move|p2a: Alomomola|Wish|p2a: Alomomola\n|\n|-weather|none\n|upkeep\n|turn|22\n|\n|t:|1700146568\n|move|p2a: Alomomola|Protect|p2a: Alomomola\n|-singleturn|p2a: Alomomola|Protect\n|move|p1a: Dragapult|Fire Blast|p2a: Alomomola\n|-activate|p2a: Alomomola|move: Protect\n|\n|-heal|p2a: Alomomola|98\/100|[from] move: Wish|[wisher] Alomomola\n|upkeep\n|turn|23\n|\n|t:|1700146580\n|switch|p1a: Scizor|Scizor, F|64\/100\n|move|p2a: Alomomola|Wish|p2a: Alomomola\n|\n|upkeep\n|turn|24\n|\n|t:|1700146587\n|move|p1a: Scizor|Knock Off|p2a: Alomomola\n|-damage|p2a: Alomomola|86\/100\n|move|p2a: Alomomola|Flip Turn|p1a: Scizor\n|-damage|p1a: Scizor|50\/100\n|\n|t:|1700146602\n|switch|p2a: Landorus|Landorus-Therian, M|27\/100|[from] Flip Turn\n|-damage|p2a: Landorus|15\/100|[from] Stealth Rock\n|-ability|p2a: Landorus|Intimidate|boost\n|-unboost|p1a: Scizor|atk|1\n|\n|-heal|p2a: Landorus|86\/100|[from] move: Wish|[wisher] Alomomola\n|upkeep\n|turn|25\n|\n|t:|1700146614\n|switch|p2a: Alomomola|Alomomola, F|100\/100\n|-damage|p2a: Alomomola|88\/100|[from] Stealth Rock\n|switch|p1a: Alomomola|Alomomola, F|100\/100 brn\n|-damage|p1a: Alomomola|88\/100 brn|[from] Stealth Rock\n|\n|-damage|p1a: Alomomola|82\/100 brn|[from] brn\n|upkeep\n|turn|26\n|\n|t:|1700146618\n|move|p1a: Alomomola|Wish|p1a: Alomomola\n|move|p2a: Alomomola|Wish|p2a: Alomomola\n|\n|-damage|p1a: Alomomola|76\/100 brn|[from] brn\n|upkeep\n|turn|27\n|\n|t:|1700146624\n|switch|p1a: Ting-Lu|Ting-Lu|59\/100\n|-damage|p1a: Ting-Lu|53\/100|[from] Stealth Rock\n|-ability|p1a: Ting-Lu|Vessel of Ruin\n|move|p2a: Alomomola|Scald|p1a: Ting-Lu\n|-supereffective|p1a: Ting-Lu\n|-damage|p1a: Ting-Lu|42\/100\n|-status|p1a: Ting-Lu|brn\n|\n|-heal|p1a: Ting-Lu|93\/100 brn|[from] move: Wish|[wisher] Alomomola\n|-heal|p2a: Alomomola|100\/100|[from] move: Wish|[wisher] Alomomola\n|-heal|p1a: Ting-Lu|99\/100 brn|[from] item: Leftovers\n|-damage|p1a: Ting-Lu|93\/100 brn|[from] brn\n|upkeep\n|turn|28\n|\n|t:|1700146631\n|move|p2a: Alomomola|Wish|p2a: Alomomola\n|move|p1a: Ting-Lu|Whirlwind|p2a: Alomomola\n|drag|p2a: Landorus|Landorus-Therian, M|86\/100\n|-damage|p2a: Landorus|74\/100|[from] Stealth Rock\n|-ability|p2a: Landorus|Intimidate|boost\n|-unboost|p1a: Ting-Lu|atk|1\n|\n|-heal|p1a: Ting-Lu|99\/100 brn|[from] item: Leftovers\n|-damage|p1a: Ting-Lu|93\/100 brn|[from] brn\n|upkeep\n|turn|29\n|\n|t:|1700146636\n|move|p2a: Landorus|U-turn|p1a: Ting-Lu\n|-supereffective|p1a: Ting-Lu\n|-damage|p1a: Ting-Lu|64\/100 brn\n|\n|t:|1700146638\n|switch|p2a: Zamazenta|Zamazenta, shiny|47\/100|[from] U-turn\n|-damage|p2a: Zamazenta|41\/100|[from] Stealth Rock\n|move|p1a: Ting-Lu|Ruination|p2a: Zamazenta\n|-damage|p2a: Zamazenta|21\/100\n|\n|-heal|p2a: Zamazenta|100\/100|[from] move: Wish|[wisher] Alomomola\n|-heal|p1a: Ting-Lu|71\/100 brn|[from] item: Leftovers\n|-damage|p1a: Ting-Lu|64\/100 brn|[from] brn\n|upkeep\n|turn|30\n|inactive|Yoink 0 has 120 seconds left.\n|\n|t:|1700146668\n|switch|p1a: Alomomola|Alomomola, F|100\/100 brn\n|-damage|p1a: Alomomola|88\/100 brn|[from] Stealth Rock\n|move|p2a: Zamazenta|Crunch|p1a: Alomomola\n|-damage|p1a: Alomomola|65\/100 brn\n|-unboost|p1a: Alomomola|def|1\n|-damage|p2a: Zamazenta|84\/100|[from] item: Rocky Helmet|[of] p1a: Alomomola\n|\n|-damage|p1a: Alomomola|59\/100 brn|[from] brn\n|upkeep\n|turn|31\n|\n|t:|1700146675\n|switch|p2a: Slowking|Slowking-Galar, M|100\/100\n|move|p1a: Alomomola|Wish|p1a: Alomomola\n|\n|-damage|p1a: Alomomola|53\/100 brn|[from] brn\n|upkeep\n|turn|32\n|\n|t:|1700146690\n|move|p1a: Alomomola|Flip Turn|p2a: Slowking\n|-damage|p2a: Slowking|94\/100\n|\n|t:|1700146693\n|switch|p1a: Scizor|Scizor, F|50\/100|[from] Flip Turn\n|move|p2a: Slowking|Future Sight|p1a: Scizor\n|-start|p2a: Slowking|move: Future Sight\n|\n|-heal|p1a: Scizor|100\/100|[from] move: Wish|[wisher] Alomomola\n|upkeep\n|turn|33\n|\n|t:|1700146699\n|switch|p2a: Alomomola|Alomomola, F|100\/100\n|-damage|p2a: Alomomola|88\/100|[from] Stealth Rock\n|move|p1a: Scizor|Knock Off|p2a: Alomomola\n|-damage|p2a: Alomomola|77\/100\n|\n|upkeep\n|turn|34\n|\n|t:|1700146707\n|move|p1a: Scizor|U-turn|p2a: Alomomola\n|-damage|p2a: Alomomola|58\/100\n|\n|t:|1700146710\n|switch|p1a: Ting-Lu|Ting-Lu|64\/100 brn|[from] U-turn\n|-damage|p1a: Ting-Lu|58\/100 brn|[from] Stealth Rock\n|-ability|p1a: Ting-Lu|Vessel of Ruin\n|move|p2a: Alomomola|Flip Turn|p1a: Ting-Lu\n|-supereffective|p1a: Ting-Lu\n|-damage|p1a: Ting-Lu|41\/100 brn\n|\n|t:|1700146717\n|switch|p2a: Zamazenta|Zamazenta, shiny|84\/100|[from] Flip Turn\n|-damage|p2a: Zamazenta|78\/100|[from] Stealth Rock\n|\n|-end|p1a: Ting-Lu|move: Future Sight\n|-immune|p1a: Ting-Lu\n|-heal|p1a: Ting-Lu|47\/100 brn|[from] item: Leftovers\n|-damage|p1a: Ting-Lu|41\/100 brn|[from] brn\n|upkeep\n|turn|35\n|\n|t:|1700146726\n|switch|p1a: Alomomola|Alomomola, F|86\/100 brn\n|-damage|p1a: Alomomola|74\/100 brn|[from] Stealth Rock\n|move|p2a: Zamazenta|Close Combat|p1a: Alomomola\n|-damage|p1a: Alomomola|21\/100 brn\n|-unboost|p2a: Zamazenta|def|1\n|-unboost|p2a: Zamazenta|spd|1\n|-damage|p2a: Zamazenta|61\/100|[from] item: Rocky Helmet|[of] p1a: Alomomola\n|\n|-damage|p1a: Alomomola|14\/100 brn|[from] brn\n|upkeep\n|turn|36\n|\n|t:|1700146735\n|switch|p2a: Kingambit|Kingambit, M|89\/100\n|-damage|p2a: Kingambit|83\/100|[from] Stealth Rock\n|switch|p1a: Dragapult|Dragapult, M|76\/100\n|-damage|p1a: Dragapult|64\/100|[from] Stealth Rock\n|\n|-heal|p2a: Kingambit|89\/100|[from] item: Leftovers\n|upkeep\n|turn|37\n|\n|t:|1700146745\n|move|p1a: Dragapult|Fire Blast|p2a: Kingambit\n|-supereffective|p2a: Kingambit\n|-damage|p2a: Kingambit|0 fnt\n|faint|p2a: Kingambit\n|-end|p2a: Kingambit|fallenundefined|[silent]\n|\n|upkeep\n|\n|t:|1700146760\n|switch|p2a: Alomomola|Alomomola, F|91\/100\n|-damage|p2a: Alomomola|79\/100|[from] Stealth Rock\n|turn|38\n|\n|t:|1700146765\n|switch|p1a: Alomomola|Alomomola, F|48\/100 brn\n|-damage|p1a: Alomomola|35\/100 brn|[from] Stealth Rock\n|move|p2a: Alomomola|Flip Turn|p1a: Alomomola\n|-resisted|p1a: Alomomola\n|-damage|p1a: Alomomola|31\/100 brn\n|-damage|p2a: Alomomola|62\/100|[from] item: Rocky Helmet|[of] p1a: Alomomola\n|\n|t:|1700146768\n|switch|p2a: Dragapult|Dragapult, F|88\/100|[from] Flip Turn\n|-damage|p2a: Dragapult|76\/100|[from] Stealth Rock\n|\n|-damage|p1a: Alomomola|25\/100 brn|[from] brn\n|upkeep\n|turn|39\n|\n|t:|1700146784\n|move|p1a: Alomomola|Protect|p1a: Alomomola\n|-singleturn|p1a: Alomomola|Protect\n|move|p2a: Dragapult|U-turn|p1a: Alomomola\n|-activate|p1a: Alomomola|move: Protect\n|\n|-damage|p1a: Alomomola|18\/100 brn|[from] brn\n|upkeep\n|turn|40\n|\n|t:|1700146790\n|move|p2a: Dragapult|U-turn|p1a: Alomomola\n|-damage|p1a: Alomomola|9\/100 brn\n|-damage|p2a: Dragapult|59\/100|[from] item: Rocky Helmet|[of] p1a: Alomomola\n|\n|t:|1700146801\n|switch|p2a: Slowking|Slowking-Galar, M|100\/100|[from] U-turn\n|move|p1a: Alomomola|Wish|p1a: Alomomola\n|\n|-damage|p1a: Alomomola|3\/100 brn|[from] brn\n|upkeep\n|turn|41\n|\n|t:|1700146811\n|move|p1a: Alomomola|Protect|p1a: Alomomola\n|-singleturn|p1a: Alomomola|Protect\n|move|p2a: Slowking|Chilly Reception|p2a: Slowking\n|-weather|Snow\n|\n|t:|1700146814\n|switch|p2a: Dragapult|Dragapult, F|59\/100|[from] Chilly Reception\n|-damage|p2a: Dragapult|47\/100|[from] Stealth Rock\n|\n|-weather|Snow|[upkeep]\n|-heal|p1a: Alomomola|53\/100 brn|[from] move: Wish|[wisher] Alomomola\n|-damage|p1a: Alomomola|47\/100 brn|[from] brn\n|upkeep\n|turn|42\n|\n|t:|1700146817\n|move|p1a: Alomomola|Protect||[still]\n|-fail|p1a: Alomomola\n|move|p2a: Dragapult|Draco Meteor|p1a: Alomomola\n|-damage|p1a: Alomomola|0 fnt\n|-unboost|p2a: Dragapult|spa|2\n|faint|p1a: Alomomola\n|\n|-weather|Snow|[upkeep]\n|upkeep\n|c|\u2606Yoink 0|intresting play\n|\n|t:|1700146826\n|switch|p1a: Iron Moth|Iron Moth|100\/100\n|-damage|p1a: Iron Moth|76\/100|[from] Stealth Rock\n|-enditem|p1a: Iron Moth|Booster Energy\n|-activate|p1a: Iron Moth|ability: Quark Drive|[fromitem]\n|-start|p1a: Iron Moth|quarkdrivespa\n|turn|43\n|inactive|Yoink 0 has 120 seconds left.\n|\n|t:|1700146865\n|switch|p2a: Slowking|Slowking-Galar, M|100\/100\n|move|p1a: Iron Moth|Fiery Dance|p2a: Slowking\n|-damage|p2a: Slowking|61\/100\n|\n|-weather|Snow|[upkeep]\n|upkeep\n|turn|44\n|inactive|Yoink 0 has 120 seconds left.\n|\n|t:|1700146877\n|move|p1a: Iron Moth|Agility|p1a: Iron Moth\n|-boost|p1a: Iron Moth|spe|2\n|move|p2a: Slowking|Chilly Reception|p2a: Slowking\n|\n|t:|1700146894\n|switch|p2a: Alomomola|Alomomola, F|96\/100|[from] Chilly Reception\n|-damage|p2a: Alomomola|83\/100|[from] Stealth Rock\n|\n|-weather|Snow|[upkeep]\n|upkeep\n|turn|45\n|\n|t:|1700146900\n|switch|p2a: Slowking|Slowking-Galar, M|94\/100\n|-terastallize|p1a: Iron Moth|Fairy\n|move|p1a: Iron Moth|Dazzling Gleam|p2a: Slowking\n|-resisted|p2a: Slowking\n|-damage|p2a: Slowking|73\/100\n|\n|-weather|none\n|upkeep\n|turn|46\n|\n|t:|1700146904\n|move|p1a: Iron Moth|Psychic|p2a: Slowking\n|-damage|p2a: Slowking|40\/100\n|move|p2a: Slowking|Sludge Bomb|p1a: Iron Moth\n|-supereffective|p1a: Iron Moth\n|-damage|p1a: Iron Moth|10\/100\n|\n|upkeep\n|turn|47\n|inactive|Yoink 0 has 120 seconds left.\n|\n|t:|1700146924\n|move|p1a: Iron Moth|Fiery Dance|p2a: Slowking\n|-damage|p2a: Slowking|0 fnt\n|faint|p2a: Slowking\n|\n|upkeep\n|c|\u2606Yoink 0|fs\n|c|\u2606Yoink 0|was an 18% roll\n|\n|t:|1700146936\n|switch|p2a: Alomomola|Alomomola, F|100\/100\n|-damage|p2a: Alomomola|88\/100|[from] Stealth Rock\n|turn|48\n|j| Diegogris\n|\n|t:|1700146940\n|move|p1a: Iron Moth|Dazzling Gleam|p2a: Alomomola\n|-damage|p2a: Alomomola|18\/100\n|move|p2a: Alomomola|Flip Turn|p1a: Iron Moth\n|-damage|p1a: Iron Moth|0 fnt\n|faint|p1a: Iron Moth\n|-end|p1a: Iron Moth|Quark Drive|[silent]\n|\n|t:|1700146951\n|switch|p2a: Dragapult|Dragapult, F|47\/100|[from] Flip Turn\n|-damage|p2a: Dragapult|35\/100|[from] Stealth Rock\n|\n|upkeep\n|\n|t:|1700146956\n|switch|p1a: Ting-Lu|Ting-Lu|41\/100 brn\n|-damage|p1a: Ting-Lu|34\/100 brn|[from] Stealth Rock\n|-ability|p1a: Ting-Lu|Vessel of Ruin\n|turn|49\n|\n|t:|1700146961\n|move|p2a: Dragapult|U-turn|p1a: Ting-Lu\n|-supereffective|p1a: Ting-Lu\n|-damage|p1a: Ting-Lu|15\/100 brn\n|\n|t:|1700146963\n|switch|p2a: Alomomola|Alomomola, F|51\/100|[from] U-turn\n|-damage|p2a: Alomomola|39\/100|[from] Stealth Rock\n|move|p1a: Ting-Lu|Whirlwind|p2a: Alomomola\n|drag|p2a: Dragapult|Dragapult, F|35\/100\n|-damage|p2a: Dragapult|23\/100|[from] Stealth Rock\n|\n|-heal|p1a: Ting-Lu|22\/100 brn|[from] item: Leftovers\n|-damage|p1a: Ting-Lu|15\/100 brn|[from] brn\n|upkeep\n|turn|50\n|\n|t:|1700146968\n|move|p2a: Dragapult|U-turn|p1a: Ting-Lu\n|-supereffective|p1a: Ting-Lu\n|-damage|p1a: Ting-Lu|0 fnt\n|faint|p1a: Ting-Lu\n|\n|t:|1700146973\n|switch|p2a: Alomomola|Alomomola, F|72\/100|[from] U-turn\n|-damage|p2a: Alomomola|60\/100|[from] Stealth Rock\n|\n|upkeep\n|\n|t:|1700146976\n|switch|p1a: Dragapult|Dragapult, M|64\/100\n|-damage|p1a: Dragapult|51\/100|[from] Stealth Rock\n|turn|51\n|\n|t:|1700146993\n|move|p2a: Alomomola|Protect|p2a: Alomomola\n|-singleturn|p2a: Alomomola|Protect\n|move|p1a: Dragapult|Shadow Ball|p2a: Alomomola\n|-activate|p2a: Alomomola|move: Protect\n|\n|upkeep\n|turn|52\n|\n|t:|1700147010\n|switch|p2a: Landorus|Landorus-Therian, M|74\/100\n|-damage|p2a: Landorus|61\/100|[from] Stealth Rock\n|-ability|p2a: Landorus|Intimidate|boost\n|-unboost|p1a: Dragapult|atk|1\n|move|p1a: Dragapult|Shadow Ball|p2a: Landorus\n|-damage|p2a: Landorus|0 fnt\n|faint|p2a: Landorus\n|\n|upkeep\n|\n|t:|1700147012\n|switch|p2a: Dragapult|Dragapult, F|23\/100\n|-damage|p2a: Dragapult|10\/100|[from] Stealth Rock\n|turn|53\n|\n|t:|1700147015\n|switch|p1a: Scizor|Scizor, F|100\/100\n|move|p2a: Dragapult|Shadow Ball|p1a: Scizor\n|-damage|p1a: Scizor|37\/100\n|\n|upkeep\n|turn|54\n|\n|t:|1700147021\n|switch|p2a: Alomomola|Alomomola, F|93\/100\n|-damage|p2a: Alomomola|81\/100|[from] Stealth Rock\n|move|p1a: Scizor|U-turn|p2a: Alomomola\n|-damage|p2a: Alomomola|63\/100\n|\n|t:|1700147025\n|switch|p1a: Dragapult|Dragapult, M|51\/100|[from] U-turn\n|-damage|p1a: Dragapult|39\/100|[from] Stealth Rock\n|\n|upkeep\n|turn|55\n|\n|t:|1700147030\n|move|p2a: Alomomola|Protect|p2a: Alomomola\n|-singleturn|p2a: Alomomola|Protect\n|move|p1a: Dragapult|Draco Meteor|p2a: Alomomola\n|-activate|p2a: Alomomola|move: Protect\n|\n|upkeep\n|turn|56\n|\n|t:|1700147035\n|move|p1a: Dragapult|Draco Meteor|p2a: Alomomola|[miss]\n|-miss|p1a: Dragapult|p2a: Alomomola\n|move|p2a: Alomomola|Wish|p2a: Alomomola\n|\n|upkeep\n|turn|57\n|\n|t:|1700147042\n|move|p2a: Alomomola|Protect|p2a: Alomomola\n|-singleturn|p2a: Alomomola|Protect\n|move|p1a: Dragapult|Draco Meteor|p2a: Alomomola\n|-activate|p2a: Alomomola|move: Protect\n|\n|-heal|p2a: Alomomola|100\/100|[from] move: Wish|[wisher] Alomomola\n|upkeep\n|turn|58\n|\n|t:|1700147046\n|move|p1a: Dragapult|Draco Meteor|p2a: Alomomola\n|-damage|p2a: Alomomola|0 fnt\n|-unboost|p1a: Dragapult|spa|2\n|faint|p2a: Alomomola\n|\n|upkeep\n|\n|t:|1700147050\n|switch|p2a: Zamazenta|Zamazenta, shiny|61\/100\n|-damage|p2a: Zamazenta|55\/100|[from] Stealth Rock\n|turn|59\n|c|\u2606Yoink 0|gg\n|-message|Yoink 0 forfeited.\n|\n|win|Big zuez\n|raw|Big zuez's rating: 1594 &rarr; <strong>1618<\/strong><br \/>(+24 for winning)\n|raw|Yoink 0's rating: 1660 &rarr; <strong>1636<\/strong><br \/>(-24 for losing)\n|l|\u2606Yoink 0\n|c|\u2606Big zuez|Gg\n|j| 0rTheSpecial0ne\n","uploadtime":1700147454,"views":8,"p1id":"bigzuez","p2id":"yoink0","formatid":"gen9ou","rating":1618,"private":0,"password":""}