{"id":"gen9ou-1988903732","p1":"l0ulstraT09","p2":"fropop","format":"[Gen 9] OU","log":"|j|\u2606l0ulstraT09\n|j|\u2606fropop\n|t:|1699784743\n|gametype|singles\n|player|p1|l0ulstraT09|guzma|1398\n|player|p2|fropop|n|1342\n|teamsize|p1|6\n|teamsize|p2|6\n|gen|9\n|tier|[Gen 9] OU\n|rated|\n|rule|Sleep Clause Mod: Limit one foe put to sleep\n|rule|Species Clause: Limit one of each Pok\u00e9mon\n|rule|OHKO Clause: OHKO moves are banned\n|rule|Evasion Items Clause: Evasion items are banned\n|rule|Evasion Moves Clause: Evasion moves are banned\n|rule|Endless Battle Clause: Forcing endless battles is banned\n|rule|HP Percentage Mod: HP is shown in percentages\n|clearpoke\n|poke|p1|Braviary-Hisui, M|\n|poke|p1|Corviknight, F|\n|poke|p1|Weavile, F|\n|poke|p1|Great Tusk|\n|poke|p1|Kingambit, F|\n|poke|p1|Thundurus-Therian, M|\n|poke|p2|Alomomola, F|\n|poke|p2|Weezing-Galar, M|\n|poke|p2|Dragapult, M|\n|poke|p2|Tornadus-Therian, M|\n|poke|p2|Iron Valiant|\n|poke|p2|Landorus-Therian, M|\n|teampreview\n|inactive|Battle timer is ON: inactive players will automatically lose when time's up. (requested by l0ulstraT09)\n|inactive|l0ulstraT09 has 120 seconds left.\n|\n|t:|1699784785\n|start\n|switch|p1a: Tu veux quoi toi ?|Weavile, F|100\/100\n|switch|p2a: Dragapult|Dragapult, M|100\/100\n|turn|1\n|\n|t:|1699784808\n|move|p2a: Dragapult|Flamethrower|p1a: Tu veux quoi toi ?\n|-supereffective|p1a: Tu veux quoi toi ?\n|-damage|p1a: Tu veux quoi toi ?|0 fnt\n|faint|p1a: Tu veux quoi toi ?\n|\n|upkeep\n|inactive|l0ulstraT09 has 120 seconds left.\n|\n|t:|1699784836\n|switch|p1a: Le flow|Braviary-Hisui, M, shiny|100\/100\n|turn|2\n|\n|t:|1699784846\n|switch|p2a: Tornadus|Tornadus-Therian, M|100\/100\n|move|p1a: Le flow|Agility|p1a: Le flow\n|-boost|p1a: Le flow|spe|2\n|\n|upkeep\n|turn|3\n|inactive|l0ulstraT09 has 120 seconds left.\n|\n|t:|1699784859\n|move|p1a: Le flow|Hurricane|p2a: Tornadus|[miss]\n|-miss|p1a: Le flow|p2a: Tornadus\n|move|p2a: Tornadus|Knock Off|p1a: Le flow\n|-supereffective|p1a: Le flow\n|-damage|p1a: Le flow|47\/100\n|-enditem|p1a: Le flow|Life Orb|[from] move: Knock Off|[of] p2a: Tornadus\n|\n|upkeep\n|turn|4\n|inactive|fropop has 120 seconds left.\n|\n|t:|1699784889\n|move|p1a: Le flow|Hurricane|p2a: Tornadus\n|-damage|p2a: Tornadus|52\/100\n|move|p2a: Tornadus|Knock Off|p1a: Le flow\n|-supereffective|p1a: Le flow\n|-damage|p1a: Le flow|12\/100\n|\n|upkeep\n|turn|5\n|inactive|fropop has 120 seconds left.\n|\n|t:|1699784900\n|move|p1a: Le flow|Hurricane|p2a: Tornadus|[miss]\n|-miss|p1a: Le flow|p2a: Tornadus\n|move|p2a: Tornadus|U-turn|p1a: Le flow\n|-damage|p1a: Le flow|0 fnt\n|faint|p1a: Le flow\n|inactive|fropop has 120 seconds left.\n|\n|t:|1699784933\n|switch|p2a: Weezing|Weezing-Galar, M|100\/100|[from] U-turn\n|-ability|p2a: Weezing|Neutralizing Gas\n|\n|upkeep\n|inactive|l0ulstraT09 has 120 seconds left.\n|inactive|l0ulstraT09 has 90 seconds left.\n|\n|t:|1699785003\n|switch|p1a: Lando Tusk|Great Tusk|100\/100\n|turn|6\n|\n|t:|1699785018\n|move|p1a: Lando Tusk|Earthquake|p2a: Weezing\n|-supereffective|p2a: Weezing\n|-damage|p2a: Weezing|45\/100\n|move|p2a: Weezing|Will-O-Wisp|p1a: Lando Tusk\n|-status|p1a: Lando Tusk|brn\n|\n|-damage|p1a: Lando Tusk|94\/100 brn|[from] brn\n|upkeep\n|turn|7\n|\n|t:|1699785030\n|move|p1a: Lando Tusk|Earthquake|p2a: Weezing\n|-supereffective|p2a: Weezing\n|-damage|p2a: Weezing|15\/100\n|move|p2a: Weezing|Strange Steam|p1a: Lando Tusk\n|-supereffective|p1a: Lando Tusk\n|-damage|p1a: Lando Tusk|67\/100 brn\n|\n|-damage|p1a: Lando Tusk|60\/100 brn|[from] brn\n|upkeep\n|turn|8\n|\n|t:|1699785047\n|-end|p2a: Weezing|ability: Neutralizing Gas\n|switch|p2a: Landorus|Landorus-Therian, M|100\/100\n|-ability|p2a: Landorus|Intimidate|boost\n|-unboost|p1a: Lando Tusk|atk|1\n|move|p1a: Lando Tusk|Earthquake|p2a: Landorus\n|-immune|p2a: Landorus\n|\n|-damage|p1a: Lando Tusk|54\/100 brn|[from] brn\n|upkeep\n|turn|9\n|\n|t:|1699785060\n|move|p2a: Landorus|U-turn|p1a: Lando Tusk\n|-resisted|p1a: Lando Tusk\n|-damage|p1a: Lando Tusk|48\/100 brn\n|\n|t:|1699785063\n|switch|p2a: Alomomola|Alomomola, F|100\/100|[from] U-turn\n|move|p1a: Lando Tusk|Knock Off|p2a: Alomomola\n|-damage|p2a: Alomomola|95\/100\n|-enditem|p2a: Alomomola|Heavy-Duty Boots|[from] move: Knock Off|[of] p1a: Lando Tusk\n|\n|-damage|p1a: Lando Tusk|41\/100 brn|[from] brn\n|upkeep\n|turn|10\n|\n|t:|1699785073\n|-end|p1a: Lando Tusk|Protosynthesis|[silent]\n|switch|p1a: La licorne styl\u00e9e|Thundurus-Therian, M|100\/100\n|move|p2a: Alomomola|Wish|p2a: Alomomola\n|\n|upkeep\n|turn|11\n|inactive|l0ulstraT09 has 90 seconds left.\n|\n|t:|1699785090\n|-terastallize|p2a: Alomomola|Steel\n|move|p1a: La licorne styl\u00e9e|Volt Switch|p2a: Alomomola\n|-crit|p2a: Alomomola\n|-damage|p2a: Alomomola|22\/100\n|inactive|l0ulstraT09 has 90 seconds left.\n|\n|t:|1699785103\n|switch|p1a: Lando Tusk|Great Tusk|41\/100 brn|[from] Volt Switch\n|move|p2a: Alomomola|Mirror Coat|p1a: Lando Tusk\n|-damage|p1a: Lando Tusk|0 fnt\n|faint|p1a: Lando Tusk\n|-end|p1a: Lando Tusk|Protosynthesis|[silent]\n|\n|-heal|p2a: Alomomola|72\/100|[from] move: Wish|[wisher] Alomomola\n|upkeep\n|\n|t:|1699785119\n|switch|p1a: De type ACIER|Corviknight, F|100\/100\n|turn|12\n|inactive|fropop has 120 seconds left.\n|\n|t:|1699785126\n|move|p1a: De type ACIER|U-turn|p2a: Alomomola\n|-resisted|p2a: Alomomola\n|-damage|p2a: Alomomola|68\/100\n|\n|t:|1699785131\n|switch|p1a: La licorne styl\u00e9e|Thundurus-Therian, M|100\/100|[from] U-turn\n|move|p2a: Alomomola|Wish|p2a: Alomomola\n|\n|upkeep\n|turn|13\n|inactive|l0ulstraT09 has 90 seconds left.\n|\n|t:|1699785142\n|move|p1a: La licorne styl\u00e9e|Thunderbolt|p2a: Alomomola\n|-damage|p2a: Alomomola|9\/100\n|move|p2a: Alomomola|Mirror Coat|p1a: La licorne styl\u00e9e\n|-damage|p1a: La licorne styl\u00e9e|0 fnt\n|faint|p1a: La licorne styl\u00e9e\n|\n|-heal|p2a: Alomomola|59\/100|[from] move: Wish|[wisher] Alomomola\n|upkeep\n|inactive|l0ulstraT09 has 90 seconds left.\n|\n|t:|1699785147\n|switch|p1a: De type ACIER|Corviknight, F|100\/100\n|turn|14\n|\n|t:|1699785157\n|switch|p1a: Objectif UU|Kingambit, F|100\/100\n|-activate|p1a: Objectif UU|ability: Supreme Overlord\n|-start|p1a: Objectif UU|fallen4|[silent]\n|move|p2a: Alomomola|Wish|p2a: Alomomola\n|\n|upkeep\n|turn|15\n|\n|t:|1699785166\n|move|p1a: Objectif UU|Swords Dance|p1a: Objectif UU\n|-boost|p1a: Objectif UU|atk|2\n|move|p2a: Alomomola|Flip Turn|p1a: Objectif UU\n|-damage|p1a: Objectif UU|87\/100\n|\n|t:|1699785178\n|switch|p2a: Weezing|Weezing-Galar, M|15\/100|[from] Flip Turn\n|-ability|p2a: Weezing|Neutralizing Gas\n|\n|-heal|p2a: Weezing|95\/100|[from] move: Wish|[wisher] Alomomola\n|upkeep\n|turn|16\n|\n|t:|1699785191\n|-end|p2a: Weezing|ability: Neutralizing Gas\n|-activate|p1a: Objectif UU|ability: Supreme Overlord\n|-start|p1a: Objectif UU|fallen4|[silent]\n|switch|p2a: Landorus|Landorus-Therian, M|100\/100\n|-ability|p2a: Landorus|Intimidate|boost\n|-unboost|p1a: Objectif UU|atk|1\n|move|p1a: Objectif UU|Iron Head|p2a: Landorus\n|-damage|p2a: Landorus|37\/100\n|-damage|p1a: Objectif UU|71\/100|[from] item: Rocky Helmet|[of] p2a: Landorus\n|\n|upkeep\n|turn|17\n|\n|t:|1699785209\n|move|p1a: Objectif UU|Sucker Punch|p2a: Landorus\n|-damage|p2a: Landorus|0 fnt\n|-damage|p1a: Objectif UU|54\/100|[from] item: Rocky Helmet|[of] p2a: Landorus\n|faint|p2a: Landorus\n|\n|upkeep\n|inactive|fropop has 120 seconds left.\n|\n|t:|1699785228\n|switch|p2a: Iron Valiant|Iron Valiant|100\/100\n|-enditem|p2a: Iron Valiant|Booster Energy\n|-activate|p2a: Iron Valiant|ability: Quark Drive|[fromitem]\n|-start|p2a: Iron Valiant|quarkdrivespe\n|turn|18\n|inactive|fropop has 120 seconds left.\n|\n|t:|1699785238\n|-terastallize|p1a: Objectif UU|Flying\n|move|p2a: Iron Valiant|Moonblast|p1a: Objectif UU\n|-damage|p1a: Objectif UU|4\/100\n|-unboost|p1a: Objectif UU|spa|1\n|move|p1a: Objectif UU|Iron Head|p2a: Iron Valiant\n|-supereffective|p2a: Iron Valiant\n|-damage|p2a: Iron Valiant|0 fnt\n|faint|p2a: Iron Valiant\n|-end|p2a: Iron Valiant|Quark Drive|[silent]\n|\n|upkeep\n|inactive|fropop has 120 seconds left.\n|inactive|fropop has 90 seconds left.\n|\n|t:|1699785285\n|switch|p2a: Weezing|Weezing-Galar, M|95\/100\n|-ability|p2a: Weezing|Neutralizing Gas\n|turn|19\n|\n|t:|1699785300\n|move|p1a: Objectif UU|Iron Head|p2a: Weezing\n|-supereffective|p2a: Weezing\n|-damage|p2a: Weezing|12\/100\n|move|p2a: Weezing|Toxic|p1a: Objectif UU\n|-status|p1a: Objectif UU|tox\n|-enditem|p1a: Objectif UU|Lum Berry|[eat]\n|-curestatus|p1a: Objectif UU|tox|[msg]\n|\n|upkeep\n|turn|20\n|\n|t:|1699785316\n|-end|p2a: Weezing|ability: Neutralizing Gas\n|-activate|p1a: Objectif UU|ability: Supreme Overlord\n|-start|p1a: Objectif UU|fallen4|[silent]\n|switch|p2a: Dragapult|Dragapult, M|100\/100\n|move|p1a: Objectif UU|Iron Head|p2a: Dragapult\n|-damage|p2a: Dragapult|0 fnt\n|faint|p2a: Dragapult\n|\n|upkeep\n|\n|t:|1699785334\n|switch|p2a: Tornadus|Tornadus-Therian, M|85\/100\n|turn|21\n|\n|t:|1699785345\n|move|p1a: Objectif UU|Sucker Punch|p2a: Tornadus\n|-damage|p2a: Tornadus|0 fnt\n|faint|p2a: Tornadus\n|\n|upkeep\n|\n|t:|1699785350\n|switch|p2a: Alomomola|Alomomola, F, tera:Steel|92\/100\n|turn|22\n|\n|t:|1699785357\n|-end|p1a: Objectif UU|fallen4|[silent]\n|switch|p1a: De type ACIER|Corviknight, F|100\/100\n|move|p2a: Alomomola|Flip Turn|p1a: De type ACIER\n|-damage|p1a: De type ACIER|91\/100\n|-damage|p2a: Alomomola|76\/100|[from] item: Rocky Helmet|[of] p1a: De type ACIER\n|\n|t:|1699785365\n|switch|p2a: Weezing|Weezing-Galar, M|12\/100|[from] Flip Turn\n|-ability|p2a: Weezing|Neutralizing Gas\n|\n|upkeep\n|turn|23\n|\n|t:|1699785371\n|-end|p2a: Weezing|ability: Neutralizing Gas\n|switch|p2a: Alomomola|Alomomola, F, tera:Steel|100\/100\n|move|p1a: De type ACIER|Brave Bird|p2a: Alomomola\n|-resisted|p2a: Alomomola\n|-damage|p2a: Alomomola|89\/100\n|-damage|p1a: De type ACIER|86\/100|[from] Recoil\n|\n|upkeep\n|turn|24\n|\n|t:|1699785385\n|move|p1a: De type ACIER|Brave Bird|p2a: Alomomola\n|-resisted|p2a: Alomomola\n|-damage|p2a: Alomomola|79\/100\n|-damage|p1a: De type ACIER|81\/100|[from] Recoil\n|move|p2a: Alomomola|Wish|p2a: Alomomola\n|\n|upkeep\n|turn|25\n|\n|t:|1699785397\n|switch|p1a: Objectif UU|Kingambit, F, tera:Flying|4\/100\n|-activate|p1a: Objectif UU|ability: Supreme Overlord\n|-start|p1a: Objectif UU|fallen4|[silent]\n|move|p2a: Alomomola|Flip Turn|p1a: Objectif UU\n|-damage|p1a: Objectif UU|0 fnt\n|faint|p1a: Objectif UU\n|-end|p1a: Objectif UU|fallen4|[silent]\n|\n|t:|1699785405\n|switch|p2a: Weezing|Weezing-Galar, M|12\/100|[from] Flip Turn\n|-ability|p2a: Weezing|Neutralizing Gas\n|\n|-heal|p2a: Weezing|92\/100|[from] move: Wish|[wisher] Alomomola\n|upkeep\n|-message|l0ulstraT09 forfeited.\n|\n|win|fropop\n|raw|l0ulstraT09's rating: 1398 &rarr; <strong>1375<\/strong><br \/>(-23 for losing)\n|raw|fropop's rating: 1342 &rarr; <strong>1365<\/strong><br \/>(+23 for winning)\n|l|\u2606l0ulstraT09\n|l|\u2606fropop\n|j|\u2606fropop\n|player|p2|fropop|n\n","uploadtime":1699785619,"views":9,"p1id":"l0ulstrat09","p2id":"fropop","formatid":"gen9ou","rating":1365,"private":0,"password":""}