{"id":"gen9ou-1988770344","p1":"Abel020403","p2":"SDK04","format":"[Gen 9] OU","log":"|j|\u2606Abel020403\n|j|\u2606SDK04\n|inactive|Battle timer is ON: inactive players will automatically lose when time's up.\n|t:|1699760885\n|gametype|singles\n|player|p1|Abel020403|lucas|\n|player|p2|SDK04|unknown|\n|teamsize|p1|6\n|teamsize|p2|6\n|gen|9\n|tier|[Gen 9] OU\n|rated|Tournament battle\n|rule|Sleep Clause Mod: Limit one foe put to sleep\n|rule|Species Clause: Limit one of each Pok\u00e9mon\n|rule|OHKO Clause: OHKO moves are banned\n|rule|Evasion Items Clause: Evasion items are banned\n|rule|Evasion Moves Clause: Evasion moves are banned\n|rule|Endless Battle Clause: Forcing endless battles is banned\n|rule|HP Percentage Mod: HP is shown in percentages\n|clearpoke\n|poke|p1|Dragapult, M|\n|poke|p1|Garganacl, M|\n|poke|p1|Great Tusk|\n|poke|p1|Ditto|\n|poke|p1|Skeledirge, M|\n|poke|p1|Corviknight, M|\n|poke|p2|Ribombee, F|\n|poke|p2|Torterra, M|\n|poke|p2|Rillaboom, M|\n|poke|p2|Iron Moth|\n|poke|p2|Manaphy|\n|poke|p2|Gholdengo|\n|teampreview\n|\n|t:|1699760894\n|start\n|switch|p1a: Skeledirge|Skeledirge, M|100\/100\n|switch|p2a: I set Sticky Web|Ribombee, F, shiny|100\/100\n|turn|1\n|\n|t:|1699760897\n|move|p2a: I set Sticky Web|Sticky Web|p1a: Skeledirge\n|-sidestart|p1: Abel020403|move: Sticky Web\n|move|p1a: Skeledirge|Torch Song|p2a: I set Sticky Web\n|-supereffective|p2a: I set Sticky Web\n|-enditem|p2a: I set Sticky Web|Focus Sash\n|-damage|p2a: I set Sticky Web|1\/100\n|-boost|p1a: Skeledirge|spa|1\n|\n|upkeep\n|turn|2\n|\n|t:|1699760901\n|move|p2a: I set Sticky Web|Stun Spore|p1a: Skeledirge\n|-status|p1a: Skeledirge|par\n|move|p1a: Skeledirge|Torch Song|p2a: I set Sticky Web\n|-supereffective|p2a: I set Sticky Web\n|-damage|p2a: I set Sticky Web|0 fnt\n|-boost|p1a: Skeledirge|spa|1\n|faint|p2a: I set Sticky Web\n|\n|upkeep\n|\n|t:|1699760904\n|switch|p2a: click button \u2192 win|Manaphy, shiny|100\/100\n|turn|3\n|\n|t:|1699760911\n|move|p2a: click button \u2192 win|Tail Glow|p2a: click button \u2192 win\n|-boost|p2a: click button \u2192 win|spa|3\n|cant|p1a: Skeledirge|par\n|\n|upkeep\n|turn|4\n|\n|t:|1699760916\n|-terastallize|p1a: Skeledirge|Dark\n|move|p2a: click button \u2192 win|Surf|p1a: Skeledirge\n|-damage|p1a: Skeledirge|43\/100 par\n|move|p1a: Skeledirge|Will-O-Wisp|p2a: click button \u2192 win\n|-status|p2a: click button \u2192 win|brn\n|\n|-heal|p1a: Skeledirge|49\/100 par|[from] item: Leftovers\n|-damage|p2a: click button \u2192 win|94\/100 brn|[from] brn\n|upkeep\n|turn|5\n|\n|t:|1699760923\n|move|p2a: click button \u2192 win|Dazzling Gleam|p1a: Skeledirge\n|-supereffective|p1a: Skeledirge\n|-damage|p1a: Skeledirge|0 fnt\n|faint|p1a: Skeledirge\n|\n|-heal|p2a: click button \u2192 win|100\/100 brn|[from] item: Leftovers\n|-damage|p2a: click button \u2192 win|94\/100 brn|[from] brn\n|upkeep\n|\n|t:|1699760927\n|switch|p1a: Ditto|Ditto|100\/100\n|-activate|p1a: Ditto|move: Sticky Web\n|-unboost|p1a: Ditto|spe|1\n|-transform|p1a: Ditto|p2a: click button \u2192 win|[from] ability: Imposter\n|turn|6\n|\n|t:|1699760932\n|move|p1a: Ditto|Dazzling Gleam|p2a: click button \u2192 win\n|-damage|p2a: click button \u2192 win|16\/100 brn\n|-damage|p1a: Ditto|91\/100|[from] item: Life Orb\n|move|p2a: click button \u2192 win|Dazzling Gleam|p1a: Ditto\n|-damage|p1a: Ditto|23\/100\n|\n|-heal|p2a: click button \u2192 win|23\/100 brn|[from] item: Leftovers\n|-damage|p2a: click button \u2192 win|16\/100 brn|[from] brn\n|upkeep\n|turn|7\n|\n|t:|1699760938\n|move|p1a: Ditto|Dazzling Gleam|p2a: click button \u2192 win\n|-damage|p2a: click button \u2192 win|0 fnt\n|faint|p2a: click button \u2192 win\n|-damage|p1a: Ditto|14\/100|[from] item: Life Orb\n|\n|upkeep\n|\n|t:|1699760943\n|switch|p2a: Dyson|Iron Moth|100\/100\n|-enditem|p2a: Dyson|Booster Energy\n|-activate|p2a: Dyson|ability: Quark Drive|[fromitem]\n|-start|p2a: Dyson|quarkdrivespa\n|turn|8\n|\n|t:|1699760947\n|move|p2a: Dyson|Fiery Dance|p1a: Ditto\n|-resisted|p1a: Ditto\n|-damage|p1a: Ditto|0 fnt\n|-boost|p2a: Dyson|spa|1\n|faint|p1a: Ditto\n|\n|upkeep\n|\n|t:|1699760951\n|switch|p1a: Great Tusk|Great Tusk|100\/100\n|turn|9\n|\n|t:|1699760956\n|move|p2a: Dyson|Psychic|p1a: Great Tusk\n|-supereffective|p1a: Great Tusk\n|-damage|p1a: Great Tusk|0 fnt\n|faint|p1a: Great Tusk\n|-end|p1a: Great Tusk|Protosynthesis|[silent]\n|\n|upkeep\n|\n|t:|1699760961\n|switch|p1a: Dragapult|Dragapult, M|100\/100\n|-activate|p1a: Dragapult|move: Sticky Web\n|-unboost|p1a: Dragapult|spe|1\n|turn|10\n|\n|t:|1699760962\n|move|p2a: Dyson|Psychic|p1a: Dragapult\n|-damage|p1a: Dragapult|11\/100\n|move|p1a: Dragapult|Dragon Darts|p2a: Dyson\n|-damage|p2a: Dyson|50\/100\n|-anim|p1a: Dragapult|Dragon Darts|p2a: Dyson\n|-damage|p2a: Dyson|0 fnt\n|faint|p2a: Dyson\n|-end|p2a: Dyson|Quark Drive|[silent]\n|-damage|p1a: Dragapult|1\/100|[from] item: Life Orb\n|\n|upkeep\n|\n|t:|1699760966\n|switch|p2a: Nature\u2019s Nuke|Rillaboom, M|100\/100\n|-fieldstart|move: Grassy Terrain|[from] ability: Grassy Surge|[of] p2a: Nature\u2019s Nuke\n|turn|11\n|\n|t:|1699760970\n|move|p1a: Dragapult|Sucker Punch|p2a: Nature\u2019s Nuke\n|-damage|p2a: Nature\u2019s Nuke|69\/100\n|-damage|p1a: Dragapult|0 fnt|[from] item: Life Orb\n|faint|p1a: Dragapult\n|move|p2a: Nature\u2019s Nuke|Grassy Glide|p1: Dragapult|[notarget]\n|-fail|p2a: Nature\u2019s Nuke\n|\n|-heal|p2a: Nature\u2019s Nuke|75\/100|[from] Grassy Terrain\n|upkeep\n|\n|t:|1699760972\n|switch|p1a: Corviknight|Corviknight, M|100\/100\n|turn|12\n|\n|t:|1699760974\n|move|p2a: Nature\u2019s Nuke|Swords Dance|p2a: Nature\u2019s Nuke\n|-boost|p2a: Nature\u2019s Nuke|atk|2\n|move|p1a: Corviknight|Bulk Up|p1a: Corviknight\n|-boost|p1a: Corviknight|atk|1\n|-boost|p1a: Corviknight|def|1\n|\n|-heal|p2a: Nature\u2019s Nuke|81\/100|[from] Grassy Terrain\n|upkeep\n|turn|13\n|\n|t:|1699760979\n|move|p2a: Nature\u2019s Nuke|Knock Off|p1a: Corviknight\n|-damage|p1a: Corviknight|73\/100\n|-enditem|p1a: Corviknight|Leftovers|[from] move: Knock Off|[of] p2a: Nature\u2019s Nuke\n|move|p1a: Corviknight|Brave Bird|p2a: Nature\u2019s Nuke\n|-supereffective|p2a: Nature\u2019s Nuke\n|-damage|p2a: Nature\u2019s Nuke|0 fnt\n|faint|p2a: Nature\u2019s Nuke\n|-damage|p1a: Corviknight|50\/100|[from] Recoil\n|\n|upkeep\n|\n|t:|1699760981\n|switch|p2a: Macaroni Man|Gholdengo|100\/100\n|-item|p2a: Macaroni Man|Air Balloon\n|turn|14\n|\n|t:|1699760984\n|move|p2a: Macaroni Man|Nasty Plot|p2a: Macaroni Man\n|-boost|p2a: Macaroni Man|spa|2\n|move|p1a: Corviknight|Brave Bird|p2a: Macaroni Man\n|-resisted|p2a: Macaroni Man\n|-damage|p2a: Macaroni Man|67\/100\n|-enditem|p2a: Macaroni Man|Air Balloon\n|-damage|p1a: Corviknight|41\/100|[from] Recoil\n|\n|-heal|p2a: Macaroni Man|73\/100|[from] Grassy Terrain\n|upkeep\n|turn|15\n|\n|t:|1699760988\n|move|p2a: Macaroni Man|Nasty Plot|p2a: Macaroni Man\n|-boost|p2a: Macaroni Man|spa|2\n|move|p1a: Corviknight|Bulk Up|p1a: Corviknight\n|-boost|p1a: Corviknight|atk|1\n|-boost|p1a: Corviknight|def|1\n|\n|-heal|p2a: Macaroni Man|79\/100|[from] Grassy Terrain\n|-fieldend|move: Grassy Terrain\n|upkeep\n|turn|16\n|\n|t:|1699760990\n|move|p2a: Macaroni Man|Shadow Ball|p1a: Corviknight\n|-damage|p1a: Corviknight|0 fnt\n|faint|p1a: Corviknight\n|\n|upkeep\n|\n|t:|1699760993\n|switch|p1a: Garganacl|Garganacl, M|100\/100\n|-activate|p1a: Garganacl|move: Sticky Web\n|-unboost|p1a: Garganacl|spe|1\n|turn|17\n|\n|t:|1699760996\n|-terastallize|p2a: Macaroni Man|Fairy\n|move|p2a: Macaroni Man|Dazzling Gleam|p1a: Garganacl\n|-damage|p1a: Garganacl|16\/100\n|move|p1a: Garganacl|Salt Cure|p2a: Macaroni Man\n|-damage|p2a: Macaroni Man|63\/100\n|-start|p2a: Macaroni Man|Salt Cure\n|\n|-heal|p1a: Garganacl|22\/100|[from] item: Leftovers\n|-damage|p2a: Macaroni Man|51\/100|[from] Salt Cure\n|upkeep\n|turn|18\n|c|\u2606SDK04|gg\n|\n|t:|1699760999\n|move|p2a: Macaroni Man|Dazzling Gleam|p1a: Garganacl\n|-damage|p1a: Garganacl|0 fnt\n|faint|p1a: Garganacl\n|\n|win|SDK04\n|n|\u2606Abel020403|abel020403\n|n|\u2606SDK04|sdk04\n|c|\u2606SDK04|wp\n|c|\u2606Abel020403|gg\n|l|\u2606Abel020403\n","uploadtime":1699761005,"views":21,"p1id":"abel020403","p2id":"sdk04","formatid":"gen9ou","rating":0,"private":0,"password":""}