{"id":"gen9ou-1994058332","p1":"Yalpur","p2":"pepega moura","format":"[Gen 9] OU","log":"|j|\u2606Yalpur\n|j|\u2606pepega moura\n|t:|1700401187\n|gametype|singles\n|player|p1|Yalpur|101|1146\n|player|p2|pepega moura|steven|1165\n|teamsize|p1|6\n|teamsize|p2|6\n|gen|9\n|tier|[Gen 9] OU\n|rated|\n|rule|Sleep Clause Mod: Limit one foe put to sleep\n|rule|Species Clause: Limit one of each Pok\u00e9mon\n|rule|OHKO Clause: OHKO moves are banned\n|rule|Evasion Items Clause: Evasion items are banned\n|rule|Evasion Moves Clause: Evasion moves are banned\n|rule|Endless Battle Clause: Forcing endless battles is banned\n|rule|HP Percentage Mod: HP is shown in percentages\n|clearpoke\n|poke|p1|Dragapult, F|\n|poke|p1|Ogerpon-Wellspring, F|\n|poke|p1|Iron Valiant|\n|poke|p1|Iron Moth|\n|poke|p1|Kingambit, F|\n|poke|p1|Landorus-Therian, M|\n|poke|p2|Sneasler, F|\n|poke|p2|Gholdengo|\n|poke|p2|Ting-Lu|\n|poke|p2|Samurott-Hisui, M|\n|poke|p2|Dragonite, F|\n|poke|p2|Great Tusk|\n|teampreview\n|inactive|Battle timer is ON: inactive players will automatically lose when time's up. (requested by pepega moura)\n|inactive|Yalpur has 120 seconds left.\n|\n|t:|1700401230\n|start\n|switch|p1a: Ogerpon|Ogerpon-Wellspring, F|100\/100\n|switch|p2a: Sneasler|Sneasler, F|100\/100\n|turn|1\n|\n|t:|1700401243\n|switch|p1a: Landorus|Landorus-Therian, M|100\/100\n|-ability|p1a: Landorus|Intimidate|boost\n|-unboost|p2a: Sneasler|atk|1\n|move|p2a: Sneasler|Fake Out|p1a: Landorus\n|-damage|p1a: Landorus|94\/100\n|\n|upkeep\n|turn|2\n|\n|t:|1700401259\n|move|p2a: Sneasler|U-turn|p1a: Landorus\n|-resisted|p1a: Landorus\n|-damage|p1a: Landorus|88\/100\n|-status|p1a: Landorus|psn|[from] ability: Poison Touch|[of] p2a: Sneasler\n|\n|t:|1700401272\n|switch|p2a: Ting-Lu|Ting-Lu|100\/100|[from] U-turn\n|-ability|p2a: Ting-Lu|Vessel of Ruin\n|move|p1a: Landorus|Stealth Rock|p2a: Ting-Lu\n|-sidestart|p2: pepega moura|move: Stealth Rock\n|\n|-damage|p1a: Landorus|76\/100 psn|[from] psn\n|upkeep\n|turn|3\n|\n|t:|1700401288\n|switch|p1a: Ogerpon|Ogerpon-Wellspring, F|100\/100\n|move|p2a: Ting-Lu|Spikes|p1a: Ogerpon\n|-sidestart|p1: Yalpur|Spikes\n|\n|upkeep\n|turn|4\n|\n|t:|1700401303\n|move|p1a: Ogerpon|Ivy Cudgel|p2a: Ting-Lu|[anim] Ivy Cudgel Water\n|-supereffective|p2a: Ting-Lu\n|-damage|p2a: Ting-Lu|33\/100\n|move|p2a: Ting-Lu|Whirlwind|p1a: Ogerpon\n|drag|p1a: Landorus|Landorus-Therian, M|76\/100 psn\n|-ability|p1a: Landorus|Intimidate|boost\n|-unboost|p2a: Ting-Lu|atk|1\n|\n|-damage|p1a: Landorus|64\/100 psn|[from] psn\n|upkeep\n|turn|5\n|inactive|Yalpur has 120 seconds left.\n|\n|t:|1700401337\n|move|p1a: Landorus|U-turn|p2a: Ting-Lu\n|-supereffective|p2a: Ting-Lu\n|-damage|p2a: Ting-Lu|9\/100\n|\n|t:|1700401341\n|switch|p1a: Ogerpon|Ogerpon-Wellspring, F|100\/100|[from] U-turn\n|-damage|p1a: Ogerpon|88\/100|[from] Spikes\n|move|p2a: Ting-Lu|Spikes|p1a: Ogerpon\n|-sidestart|p1: Yalpur|Spikes\n|\n|upkeep\n|turn|6\n|inactive|Yalpur has 120 seconds left.\n|\n|t:|1700401352\n|move|p1a: Ogerpon|Spikes|p2a: Ting-Lu\n|-sidestart|p2: pepega moura|Spikes\n|move|p2a: Ting-Lu|Ruination|p1a: Ogerpon\n|-damage|p1a: Ogerpon|44\/100\n|\n|upkeep\n|turn|7\n|\n|t:|1700401358\n|move|p1a: Ogerpon|Horn Leech|p2a: Ting-Lu\n|-supereffective|p2a: Ting-Lu\n|-damage|p2a: Ting-Lu|0 fnt\n|-heal|p1a: Ogerpon|52\/100|[from] drain|[of] p2a: Ting-Lu\n|faint|p2a: Ting-Lu\n|\n|upkeep\n|\n|t:|1700401363\n|switch|p2a: Great Tusk|Great Tusk|100\/100\n|-damage|p2a: Great Tusk|98\/100|[from] Stealth Rock\n|-damage|p2a: Great Tusk|85\/100|[from] Spikes\n|turn|8\n|inactive|Yalpur has 120 seconds left.\n|inactive|Yalpur has 90 seconds left.\n|\n|t:|1700401414\n|-terastallize|p1a: Ogerpon|Water\n|detailschange|p1a: Ogerpon|Ogerpon-Wellspring-Tera, F, tera:Water\n|-ability|p1a: Ogerpon|Embody Aspect (Wellspring)|boost\n|-boost|p1a: Ogerpon|spd|1\n|move|p1a: Ogerpon|Ivy Cudgel|p2a: Great Tusk|[anim] Ivy Cudgel Water\n|-supereffective|p2a: Great Tusk\n|-damage|p2a: Great Tusk|0 fnt\n|faint|p2a: Great Tusk\n|-end|p2a: Great Tusk|Protosynthesis|[silent]\n|\n|upkeep\n|\n|t:|1700401422\n|switch|p2a: Sneasler|Sneasler, F|100\/100\n|-damage|p2a: Sneasler|95\/100|[from] Stealth Rock\n|-damage|p2a: Sneasler|82\/100|[from] Spikes\n|turn|9\n|inactive|Yalpur has 90 seconds left.\n|\n|t:|1700401440\n|switch|p1a: Landorus|Landorus-Therian, M|64\/100 psn\n|-ability|p1a: Landorus|Intimidate|boost\n|-unboost|p2a: Sneasler|atk|1\n|move|p2a: Sneasler|Fake Out|p1a: Landorus\n|-damage|p1a: Landorus|57\/100 psn\n|\n|-damage|p1a: Landorus|45\/100 psn|[from] psn\n|upkeep\n|turn|10\n|\n|t:|1700401448\n|move|p2a: Sneasler|U-turn|p1a: Landorus\n|-resisted|p1a: Landorus\n|-damage|p1a: Landorus|39\/100 psn\n|\n|t:|1700401452\n|switch|p2a: Samurott|Samurott-Hisui, M|100\/100|[from] U-turn\n|move|p1a: Landorus|U-turn|p2a: Samurott\n|-supereffective|p2a: Samurott\n|-crit|p2a: Samurott\n|-damage|p2a: Samurott|28\/100\n|inactive|Yalpur has 90 seconds left.\n|\n|t:|1700401479\n|switch|p1a: Iron Moth|Iron Moth|100\/100|[from] U-turn\n|-damage|p1a: Iron Moth|84\/100|[from] Spikes\n|-enditem|p1a: Iron Moth|Booster Energy\n|-activate|p1a: Iron Moth|ability: Quark Drive|[fromitem]\n|-start|p1a: Iron Moth|quarkdrivespe\n|\n|upkeep\n|turn|11\n|l|\u2606pepega moura\n|inactive|pepega moura disconnected and has a minute to reconnect!\n|player|p2|\n|inactive|pepega moura has 30 seconds to reconnect!\n|inactive|pepega moura has 20 seconds to reconnect!\n|inactive|pepega moura has 15 seconds to reconnect!\n|inactive|pepega moura has 10 seconds to reconnect!\n|inactive|pepega moura has 5 seconds to reconnect!\n|-message|pepega moura lost due to inactivity.\n|\n|win|Yalpur\n|raw|Yalpur's rating: 1146 &rarr; <strong>1172<\/strong><br \/>(+26 for winning)\n|raw|pepega moura's rating: 1165 &rarr; <strong>1139<\/strong><br \/>(-26 for losing)\n","uploadtime":1700401543,"views":6,"p1id":"yalpur","p2id":"pepegamoura","formatid":"gen9ou","rating":1139,"private":0,"password":""}