{"id":"gen9ou-1997854213","p1":"StinkyBinky609","p2":"Bosco BBB","format":"[Gen 9] OU","log":"|j|\u2606StinkyBinky609\n|j|\u2606Bosco BBB\n|t:|1700860035\n|gametype|singles\n|player|p1|StinkyBinky609|265|1279\n|player|p2|Bosco BBB|falkner|1301\n|teamsize|p1|6\n|teamsize|p2|6\n|gen|9\n|tier|[Gen 9] OU\n|rated|\n|rule|Sleep Clause Mod: Limit one foe put to sleep\n|rule|Species Clause: Limit one of each Pok\u00e9mon\n|rule|OHKO Clause: OHKO moves are banned\n|rule|Evasion Items Clause: Evasion items are banned\n|rule|Evasion Moves Clause: Evasion moves are banned\n|rule|Endless Battle Clause: Forcing endless battles is banned\n|rule|HP Percentage Mod: HP is shown in percentages\n|clearpoke\n|poke|p1|Great Tusk|\n|poke|p1|Chandelure, M|\n|poke|p1|Kilowattrel, M|\n|poke|p1|Iron Valiant|\n|poke|p1|Piloswine, M|\n|poke|p1|Ogerpon, F|\n|poke|p2|Empoleon, M|\n|poke|p2|Landorus-Therian, M|\n|poke|p2|Tyranitar, F|\n|poke|p2|Kommo-o, M|\n|poke|p2|Clefable, M|\n|poke|p2|Dragapult, M|\n|teampreview\n|j| x_Zavi\n|inactive|Battle timer is ON: inactive players will automatically lose when time's up. (requested by StinkyBinky609)\n|\n|t:|1700860075\n|start\n|switch|p1a: Ogerpon-Shitspring|Ogerpon, F|100\/100\n|switch|p2a: Yotsuba|Tyranitar, F|100\/100\n|-weather|Sandstorm|[from] ability: Sand Stream|[of] p2a: Yotsuba\n|turn|1\n|\n|t:|1700860081\n|switch|p2a: Landorus|Landorus-Therian, M|100\/100\n|-ability|p2a: Landorus|Intimidate|boost\n|-unboost|p1a: Ogerpon-Shitspring|atk|1\n|-ability|p1a: Ogerpon-Shitspring|Defiant|boost\n|-boost|p1a: Ogerpon-Shitspring|atk|2\n|move|p1a: Ogerpon-Shitspring|Ivy Cudgel|p2a: Landorus\n|-damage|p2a: Landorus|0 fnt\n|faint|p2a: Landorus\n|\n|-weather|Sandstorm|[upkeep]\n|-damage|p1a: Ogerpon-Shitspring|95\/100|[from] Sandstorm\n|upkeep\n|\n|t:|1700860088\n|switch|p2a: Clefable|Clefable, M|100\/100\n|turn|2\n|c|\u2606StinkyBinky609|Ogerpon shitspring\n|\n|t:|1700860095\n|-terastallize|p1a: Ogerpon-Shitspring|Grass\n|detailschange|p1a: Ogerpon-Shitspring|Ogerpon-Teal-Tera, F, tera:Grass\n|-ability|p1a: Ogerpon-Shitspring|Embody Aspect (Teal)|boost\n|-boost|p1a: Ogerpon-Shitspring|spe|1\n|move|p1a: Ogerpon-Shitspring|Ivy Cudgel|p2a: Clefable\n|-damage|p2a: Clefable|29\/100\n|move|p2a: Clefable|Flamethrower|p1a: Ogerpon-Shitspring\n|-supereffective|p1a: Ogerpon-Shitspring\n|-damage|p1a: Ogerpon-Shitspring|50\/100\n|\n|-weather|Sandstorm|[upkeep]\n|-damage|p1a: Ogerpon-Shitspring|44\/100|[from] Sandstorm\n|-damage|p2a: Clefable|23\/100|[from] Sandstorm\n|-heal|p2a: Clefable|29\/100|[from] item: Leftovers\n|upkeep\n|turn|3\n|\n|t:|1700860105\n|move|p1a: Ogerpon-Shitspring|Ivy Cudgel|p2a: Clefable\n|-damage|p2a: Clefable|0 fnt\n|faint|p2a: Clefable\n|\n|-weather|Sandstorm|[upkeep]\n|-damage|p1a: Ogerpon-Shitspring|38\/100|[from] Sandstorm\n|upkeep\n|\n|t:|1700860110\n|switch|p2a: Dragapult|Dragapult, M|100\/100\n|turn|4\n|\n|t:|1700860113\n|move|p1a: Ogerpon-Shitspring|Ivy Cudgel|p2a: Dragapult\n|-resisted|p2a: Dragapult\n|-damage|p2a: Dragapult|0 fnt\n|faint|p2a: Dragapult\n|\n|-weather|Sandstorm|[upkeep]\n|-damage|p1a: Ogerpon-Shitspring|32\/100|[from] Sandstorm\n|upkeep\n|\n|t:|1700860117\n|switch|p2a: Kommo-o|Kommo-o, M|100\/100\n|turn|5\n|\n|t:|1700860122\n|move|p1a: Ogerpon-Shitspring|Ivy Cudgel|p2a: Kommo-o\n|-resisted|p2a: Kommo-o\n|-damage|p2a: Kommo-o|32\/100\n|move|p2a: Kommo-o|Drain Punch|p1a: Ogerpon-Shitspring\n|-damage|p1a: Ogerpon-Shitspring|0 fnt\n|-heal|p2a: Kommo-o|48\/100|[from] drain|[of] p1a: Ogerpon-Shitspring\n|faint|p1a: Ogerpon-Shitspring\n|\n|-weather|none\n|-heal|p2a: Kommo-o|54\/100|[from] item: Leftovers\n|upkeep\n|\n|t:|1700860129\n|switch|p1a: Trash|Iron Valiant|100\/100\n|turn|6\n|\n|t:|1700860133\n|-terastallize|p2a: Kommo-o|Steel\n|move|p1a: Trash|Moonblast|p2a: Kommo-o\n|-resisted|p2a: Kommo-o\n|-damage|p2a: Kommo-o|34\/100\n|move|p2a: Kommo-o|Iron Head|p1a: Trash\n|-supereffective|p1a: Trash\n|-damage|p1a: Trash|21\/100\n|\n|-heal|p2a: Kommo-o|41\/100|[from] item: Leftovers\n|upkeep\n|turn|7\n|\n|t:|1700860144\n|switch|p2a: Yotsuba|Tyranitar, F|100\/100\n|-weather|Sandstorm|[from] ability: Sand Stream|[of] p2a: Yotsuba\n|move|p1a: Trash|Reflect|p1a: Trash\n|-sidestart|p1: StinkyBinky609|Reflect\n|\n|-weather|Sandstorm|[upkeep]\n|-damage|p1a: Trash|15\/100|[from] Sandstorm\n|upkeep\n|turn|8\n|\n|t:|1700860150\n|move|p1a: Trash|Taunt|p2a: Yotsuba\n|-start|p2a: Yotsuba|move: Taunt\n|cant|p2a: Yotsuba|move: Taunt|Stealth Rock\n|\n|-weather|Sandstorm|[upkeep]\n|-damage|p1a: Trash|9\/100|[from] Sandstorm\n|upkeep\n|turn|9\n|\n|t:|1700860155\n|move|p1a: Trash|Moonblast|p2a: Yotsuba\n|-supereffective|p2a: Yotsuba\n|-damage|p2a: Yotsuba|57\/100\n|move|p2a: Yotsuba|Knock Off|p1a: Trash\n|-resisted|p1a: Trash\n|-damage|p1a: Trash|2\/100\n|-enditem|p1a: Trash|Light Clay|[from] move: Knock Off|[of] p2a: Yotsuba\n|\n|-weather|Sandstorm|[upkeep]\n|-damage|p1a: Trash|0 fnt|[from] Sandstorm\n|faint|p1a: Trash\n|-end|p1a: Trash|Quark Drive|[silent]\n|upkeep\n|\n|t:|1700860163\n|switch|p1a: Elon Musk|Great Tusk|100\/100\n|turn|10\n|\n|t:|1700860168\n|move|p1a: Elon Musk|Headlong Rush|p2a: Yotsuba\n|-supereffective|p2a: Yotsuba\n|-damage|p2a: Yotsuba|0 fnt\n|-unboost|p1a: Elon Musk|def|1\n|-unboost|p1a: Elon Musk|spd|1\n|-damage|p1a: Elon Musk|84\/100|[from] item: Rocky Helmet|[of] p2a: Yotsuba\n|faint|p2a: Yotsuba\n|\n|-weather|Sandstorm|[upkeep]\n|upkeep\n|\n|t:|1700860171\n|switch|p2a: Empoleon|Empoleon, M|100\/100\n|turn|11\n|\n|t:|1700860175\n|move|p1a: Elon Musk|Headlong Rush|p2a: Empoleon\n|-supereffective|p2a: Empoleon\n|-damage|p2a: Empoleon|0 fnt\n|-unboost|p1a: Elon Musk|def|1\n|-unboost|p1a: Elon Musk|spd|1\n|faint|p2a: Empoleon\n|\n|-weather|none\n|upkeep\n|c|\u2606Bosco BBB|Gg\n|\n|t:|1700860182\n|switch|p2a: Kommo-o|Kommo-o, M, tera:Steel|41\/100\n|turn|12\n|\n|t:|1700860188\n|move|p1a: Elon Musk|Close Combat|p2a: Kommo-o\n|-supereffective|p2a: Kommo-o\n|-crit|p2a: Kommo-o\n|-damage|p2a: Kommo-o|0 fnt\n|-unboost|p1a: Elon Musk|def|1\n|-unboost|p1a: Elon Musk|spd|1\n|faint|p2a: Kommo-o\n|\n|win|StinkyBinky609\n|raw|StinkyBinky609's rating: 1279 &rarr; <strong>1306<\/strong><br \/>(+27 for winning)\n|raw|Bosco BBB's rating: 1301 &rarr; <strong>1280<\/strong><br \/>(-21 for losing)\n","uploadtime":1700860194,"views":2,"p1id":"stinkybinky609","p2id":"boscobbb","formatid":"gen9ou","rating":1280,"private":0,"password":""}