{"id":"gen9ou-2000085349","p1":"SirSpanklez","p2":"whydontuseR","format":"[Gen 9] OU","log":"|j|\u2606SirSpanklez\n|j|\u2606whydontuseR\n|t:|1701152010\n|gametype|singles\n|player|p1|SirSpanklez|pokemonrangerf|1405\n|player|p2|whydontuseR|gambler|1491\n|teamsize|p1|6\n|teamsize|p2|6\n|gen|9\n|tier|[Gen 9] OU\n|rated|\n|rule|Sleep Clause Mod: Limit one foe put to sleep\n|rule|Species Clause: Limit one of each Pok\u00e9mon\n|rule|OHKO Clause: OHKO moves are banned\n|rule|Evasion Items Clause: Evasion items are banned\n|rule|Evasion Moves Clause: Evasion moves are banned\n|rule|Endless Battle Clause: Forcing endless battles is banned\n|rule|HP Percentage Mod: HP is shown in percentages\n|clearpoke\n|poke|p1|Garganacl, M|\n|poke|p1|Zapdos|\n|poke|p1|Ogerpon-Cornerstone, F|\n|poke|p1|Tyranitar, F|\n|poke|p1|Talonflame, M|\n|poke|p1|Sandy Shocks|\n|poke|p2|Hatterene, F|\n|poke|p2|Mimikyu, M|\n|poke|p2|Cresselia, F|\n|poke|p2|Ursaluna, M|\n|poke|p2|Enamorus-Therian, F|\n|poke|p2|Hoopa-Unbound|\n|teampreview\n|\n|t:|1701152016\n|start\n|switch|p1a: Big Guy|Tyranitar, F, shiny|100\/100\n|switch|p2a: Hatterene|Hatterene, F|100\/100\n|-weather|Sandstorm|[from] ability: Sand Stream|[of] p1a: Big Guy\n|turn|1\n|inactive|Battle timer is ON: inactive players will automatically lose when time's up. (requested by whydontuseR)\n|\n|t:|1701152022\n|move|p1a: Big Guy|Knock Off|p2a: Hatterene\n|-damage|p2a: Hatterene|37\/100\n|-enditem|p2a: Hatterene|Focus Sash|[from] move: Knock Off|[of] p1a: Big Guy\n|move|p2a: Hatterene|Trick Room|p2a: Hatterene\n|-fieldstart|move: Trick Room|[of] p2a: Hatterene\n|\n|-weather|Sandstorm|[upkeep]\n|-damage|p2a: Hatterene|31\/100|[from] Sandstorm\n|upkeep\n|turn|2\n|\n|t:|1701152029\n|move|p2a: Hatterene|Nuzzle|p1a: Big Guy\n|-damage|p1a: Big Guy|97\/100\n|-status|p1a: Big Guy|par\n|move|p1a: Big Guy|Knock Off|p2a: Hatterene\n|-damage|p2a: Hatterene|0 fnt\n|faint|p2a: Hatterene\n|\n|-weather|Sandstorm|[upkeep]\n|-heal|p1a: Big Guy|100\/100 par|[from] item: Leftovers\n|upkeep\n|\n|t:|1701152043\n|switch|p2a: Enamorus|Enamorus-Therian, F|100\/100\n|turn|3\n|\n|t:|1701152052\n|move|p1a: Big Guy|Knock Off|p2a: Enamorus\n|-resisted|p2a: Enamorus\n|-damage|p2a: Enamorus|74\/100\n|-enditem|p2a: Enamorus|Choice Specs|[from] move: Knock Off|[of] p1a: Big Guy\n|move|p2a: Enamorus|Moonblast|p1a: Big Guy\n|-supereffective|p1a: Big Guy\n|-damage|p1a: Big Guy|35\/100 par\n|\n|-weather|Sandstorm|[upkeep]\n|-heal|p1a: Big Guy|41\/100 par|[from] item: Leftovers\n|upkeep\n|turn|4\n|\n|t:|1701152061\n|move|p1a: Big Guy|Stealth Rock|p2a: Enamorus\n|-sidestart|p2: whydontuseR|move: Stealth Rock\n|move|p2a: Enamorus|Moonblast|p1a: Big Guy\n|-supereffective|p1a: Big Guy\n|-damage|p1a: Big Guy|0 fnt\n|faint|p1a: Big Guy\n|\n|-weather|Sandstorm|[upkeep]\n|upkeep\n|\n|t:|1701152068\n|switch|p1a: The Holy Monument|Garganacl, M, shiny|100\/100\n|turn|5\n|\n|t:|1701152072\n|move|p2a: Enamorus|Earth Power|p1a: The Holy Monument\n|-supereffective|p1a: The Holy Monument\n|-damage|p1a: The Holy Monument|69\/100\n|move|p1a: The Holy Monument|Salt Cure|p2a: Enamorus\n|-supereffective|p2a: Enamorus\n|-damage|p2a: Enamorus|50\/100\n|-start|p2a: Enamorus|Salt Cure\n|\n|-weather|none\n|-heal|p1a: The Holy Monument|75\/100|[from] item: Leftovers\n|-damage|p2a: Enamorus|38\/100|[from] Salt Cure\n|-fieldend|move: Trick Room\n|upkeep\n|turn|6\n|\n|t:|1701152080\n|switch|p2a: Mimikyu|Mimikyu, M|100\/100\n|-damage|p2a: Mimikyu|88\/100|[from] Stealth Rock\n|move|p1a: The Holy Monument|Iron Defense|p1a: The Holy Monument\n|-boost|p1a: The Holy Monument|def|2\n|\n|-heal|p1a: The Holy Monument|82\/100|[from] item: Leftovers\n|upkeep\n|turn|7\n|\n|t:|1701152087\n|move|p1a: The Holy Monument|Salt Cure|p2a: Mimikyu\n|-activate|p2a: Mimikyu|ability: Disguise\n|-damage|p2a: Mimikyu|88\/100\n|-start|p2a: Mimikyu|Salt Cure\n|detailschange|p2a: Mimikyu|Mimikyu-Busted, M\n|-damage|p2a: Mimikyu|76\/100|[from] pokemon: Mimikyu-Busted\n|-enditem|p2a: Mimikyu|Red Card|[of] p1a: The Holy Monument\n|drag|p1a: Talonflame|Talonflame, M, shiny|100\/100\n|move|p2a: Mimikyu|Trick Room|p2a: Mimikyu\n|-fieldstart|move: Trick Room|[of] p2a: Mimikyu\n|\n|-damage|p2a: Mimikyu|63\/100|[from] Salt Cure\n|upkeep\n|turn|8\n|\n|t:|1701152097\n|move|p1a: Talonflame|Air Slash|p2a: Mimikyu\n|-damage|p2a: Mimikyu|41\/100\n|cant|p2a: Mimikyu|flinch\n|\n|-damage|p2a: Mimikyu|29\/100|[from] Salt Cure\n|upkeep\n|turn|9\n|\n|t:|1701152102\n|move|p1a: Talonflame|Air Slash|p2a: Mimikyu\n|-damage|p2a: Mimikyu|9\/100\n|move|p2a: Mimikyu|Destiny Bond|p2a: Mimikyu\n|-singlemove|p2a: Mimikyu|Destiny Bond\n|\n|-damage|p2a: Mimikyu|0 fnt|[from] Salt Cure\n|faint|p2a: Mimikyu\n|upkeep\n|\n|t:|1701152117\n|switch|p2a: Ursaluna|Ursaluna, M|100\/100\n|-damage|p2a: Ursaluna|94\/100|[from] Stealth Rock\n|turn|10\n|\n|t:|1701152124\n|move|p1a: Talonflame|Air Slash|p2a: Ursaluna\n|-damage|p2a: Ursaluna|72\/100\n|move|p2a: Ursaluna|Swords Dance|p2a: Ursaluna\n|-boost|p2a: Ursaluna|atk|2\n|\n|-status|p2a: Ursaluna|brn|[from] item: Flame Orb\n|upkeep\n|turn|11\n|\n|t:|1701152136\n|move|p1a: Talonflame|Air Slash|p2a: Ursaluna\n|-damage|p2a: Ursaluna|48\/100 brn\n|cant|p2a: Ursaluna|flinch\n|\n|-damage|p2a: Ursaluna|42\/100 brn|[from] brn\n|-fieldend|move: Trick Room\n|upkeep\n|turn|12\n|\n|t:|1701152142\n|move|p1a: Talonflame|Air Slash|p2a: Ursaluna\n|-damage|p2a: Ursaluna|19\/100 brn\n|cant|p2a: Ursaluna|flinch\n|\n|-damage|p2a: Ursaluna|13\/100 brn|[from] brn\n|upkeep\n|turn|13\n|\n|t:|1701152155\n|move|p1a: Talonflame|Flamethrower|p2a: Ursaluna\n|-damage|p2a: Ursaluna|0 fnt\n|faint|p2a: Ursaluna\n|\n|upkeep\n|-message|whydontuseR forfeited.\n|\n|win|SirSpanklez\n|raw|SirSpanklez's rating: 1405 &rarr; <strong>1430<\/strong><br \/>(+25 for winning)\n|raw|whydontuseR's rating: 1491 &rarr; <strong>1466<\/strong><br \/>(-25 for losing)\n|l|\u2606whydontuseR\n","uploadtime":1701152163,"views":4,"p1id":"sirspanklez","p2id":"whydontuser","formatid":"gen9ou","rating":1430,"private":0,"password":""}