{"id":"gen9ou-1996419426","p1":"somosdecalle11","p2":"ShadowB2W2","format":"[Gen 9] OU","log":"|j|\u2606somosdecalle11\n|j|\u2606ShadowB2W2\n|t:|1700680220\n|gametype|singles\n|player|p1|somosdecalle11|265|1040\n|player|p2|ShadowB2W2|nate|1054\n|teamsize|p1|6\n|teamsize|p2|6\n|gen|9\n|tier|[Gen 9] OU\n|rated|\n|rule|Sleep Clause Mod: Limit one foe put to sleep\n|rule|Species Clause: Limit one of each Pok\u00e9mon\n|rule|OHKO Clause: OHKO moves are banned\n|rule|Evasion Items Clause: Evasion items are banned\n|rule|Evasion Moves Clause: Evasion moves are banned\n|rule|Endless Battle Clause: Forcing endless battles is banned\n|rule|HP Percentage Mod: HP is shown in percentages\n|clearpoke\n|poke|p1|Haxorus, F|\n|poke|p1|Walking Wake|\n|poke|p1|Heatran, M|\n|poke|p1|Scizor, M|\n|poke|p1|Iron Valiant|\n|poke|p1|Rotom-Wash|\n|poke|p2|Kleavor, M|\n|poke|p2|Iron Hands|\n|poke|p2|Cramorant, M|\n|poke|p2|Cyclizar, M|\n|poke|p2|Grimmsnarl, M|\n|poke|p2|Sinistcha-Masterpiece|\n|teampreview\n|\n|t:|1700680232\n|start\n|switch|p1a: Rotom|Rotom-Wash|100\/100\n|switch|p2a: UpChuck|Cramorant, M|100\/100\n|turn|1\n|\n|t:|1700680246\n|switch|p2a: Iron Hands|Iron Hands|100\/100\n|-enditem|p2a: Iron Hands|Booster Energy\n|-activate|p2a: Iron Hands|ability: Quark Drive|[fromitem]\n|-start|p2a: Iron Hands|quarkdriveatk\n|move|p1a: Rotom|Volt Switch|p2a: Iron Hands\n|-resisted|p2a: Iron Hands\n|-damage|p2a: Iron Hands|88\/100\n|\n|t:|1700680266\n|switch|p1a: Iron Valiant|Iron Valiant|100\/100|[from] Volt Switch\n|\n|upkeep\n|turn|2\n|\n|t:|1700680276\n|move|p2a: Iron Hands|Fake Out|p1a: Iron Valiant\n|-damage|p1a: Iron Valiant|76\/100\n|cant|p1a: Iron Valiant|flinch\n|\n|upkeep\n|turn|3\n|\n|t:|1700680282\n|-end|p2a: Iron Hands|Quark Drive|[silent]\n|switch|p2a: Puddin|Sinistcha-Masterpiece, shiny|100\/100\n|move|p1a: Iron Valiant|Psyshock|p2a: Puddin\n|-damage|p2a: Puddin|76\/100\n|\n|upkeep\n|turn|4\n|\n|t:|1700680292\n|-end|p1a: Iron Valiant|Quark Drive|[silent]\n|switch|p1a: Haxorus|Haxorus, F|100\/100\n|move|p2a: Puddin|Scald|p1a: Haxorus\n|-resisted|p1a: Haxorus\n|-damage|p1a: Haxorus|75\/100\n|\n|upkeep\n|turn|5\n|\n|t:|1700680306\n|-terastallize|p1a: Haxorus|Bug\n|move|p1a: Haxorus|First Impression|p2a: Puddin\n|-damage|p2a: Puddin|12\/100\n|-damage|p1a: Haxorus|65\/100|[from] item: Life Orb\n|move|p2a: Puddin|Strength Sap|p1a: Haxorus\n|-unboost|p1a: Haxorus|atk|1\n|-heal|p2a: Puddin|100\/100\n|\n|upkeep\n|turn|6\n|\n|t:|1700680325\n|move|p1a: Haxorus|Dragon Dance|p1a: Haxorus\n|-boost|p1a: Haxorus|atk|1\n|-boost|p1a: Haxorus|spe|1\n|move|p2a: Puddin|Calm Mind|p2a: Puddin\n|-boost|p2a: Puddin|spa|1\n|-boost|p2a: Puddin|spd|1\n|\n|upkeep\n|turn|7\n|\n|t:|1700680335\n|move|p1a: Haxorus|Dragon Dance|p1a: Haxorus\n|-boost|p1a: Haxorus|atk|1\n|-boost|p1a: Haxorus|spe|1\n|move|p2a: Puddin|Scald|p1a: Haxorus\n|-damage|p1a: Haxorus|0 fnt\n|faint|p1a: Haxorus\n|\n|upkeep\n|\n|t:|1700680342\n|switch|p1a: Iron Valiant|Iron Valiant|76\/100\n|turn|8\n|\n|t:|1700680348\n|-terastallize|p2a: Puddin|Grass\n|move|p1a: Iron Valiant|Shadow Ball|p2a: Puddin\n|-damage|p2a: Puddin|80\/100\n|-unboost|p2a: Puddin|spd|1\n|move|p2a: Puddin|Scald|p1a: Iron Valiant\n|-damage|p1a: Iron Valiant|0 fnt\n|faint|p1a: Iron Valiant\n|-end|p1a: Iron Valiant|Quark Drive|[silent]\n|\n|upkeep\n|-message|somosdecalle11 forfeited.\n|\n|win|ShadowB2W2\n|raw|somosdecalle11's rating: 1040 &rarr; <strong>1025<\/strong><br \/>(-15 for losing)\n|raw|ShadowB2W2's rating: 1054 &rarr; <strong>1085<\/strong><br \/>(+31 for winning)\n|l|\u2606somosdecalle11\n","uploadtime":1700680366,"views":0,"p1id":"somosdecalle11","p2id":"shadowb2w2","formatid":"gen9ou","rating":1025,"private":0,"password":""}