{"id":"gen9ou-1995195903","p1":"moope","p2":"lord denominator","format":"[Gen 9] OU","log":"|j|\u2606moope\n|j|\u203dlord denominator\n|t:|1700533354\n|gametype|singles\n|player|p1|moope|iono|1554\n|player|p2|lord denominator|iris-gen5bw2|1584\n|teamsize|p1|6\n|teamsize|p2|6\n|gen|9\n|tier|[Gen 9] OU\n|rated|\n|rule|Sleep Clause Mod: Limit one foe put to sleep\n|rule|Species Clause: Limit one of each Pok\u00e9mon\n|rule|OHKO Clause: OHKO moves are banned\n|rule|Evasion Items Clause: Evasion items are banned\n|rule|Evasion Moves Clause: Evasion moves are banned\n|rule|Endless Battle Clause: Forcing endless battles is banned\n|rule|HP Percentage Mod: HP is shown in percentages\n|clearpoke\n|poke|p1|Polteageist|\n|poke|p1|Maushold|\n|poke|p1|Indeedee-F, F|\n|poke|p1|Moltres-Galar|\n|poke|p1|Armarouge, F|\n|poke|p1|Hawlucha, M|\n|poke|p2|Clefable, F|\n|poke|p2|Slowking-Galar, F|\n|poke|p2|Crawdaunt, F|\n|poke|p2|Dragapult, F|\n|poke|p2|Ting-Lu|\n|poke|p2|Zapdos|\n|teampreview\n|inactive|Battle timer is ON: inactive players will automatically lose when time's up. (requested by lord denominator)\n|\n|t:|1700533367\n|start\n|switch|p1a: Indeedee|Indeedee-F, F|100\/100\n|switch|p2a: Crawdaunt|Crawdaunt, F|100\/100\n|-fieldstart|move: Psychic Terrain|[from] ability: Psychic Surge|[of] p1a: Indeedee\n|turn|1\n|\n|t:|1700533373\n|switch|p1a: Moltres|Moltres-Galar, shiny|100\/100\n|move|p2a: Crawdaunt|Crabhammer|p1a: Moltres\n|-damage|p1a: Moltres|0 fnt\n|faint|p1a: Moltres\n|\n|upkeep\n|\n|t:|1700533382\n|switch|p1a: Armarouge|Armarouge, F|100\/100\n|turn|2\n|\n|t:|1700533385\n|move|p1a: Armarouge|Endure|p1a: Armarouge\n|-singleturn|p1a: Armarouge|move: Endure\n|move|p2a: Crawdaunt|Crabhammer|p1a: Armarouge\n|-supereffective|p1a: Armarouge\n|-activate|p1a: Armarouge|move: Endure\n|-damage|p1a: Armarouge|1\/100\n|-ability|p1a: Armarouge|Weak Armor|boost\n|-unboost|p1a: Armarouge|def|1\n|-boost|p1a: Armarouge|spe|2\n|-enditem|p1a: Armarouge|Salac Berry|[eat]\n|-boost|p1a: Armarouge|spe|1|[from] item: Salac Berry\n|\n|upkeep\n|turn|3\n|\n|t:|1700533390\n|switch|p2a: Ting-Lu|Ting-Lu|100\/100\n|-ability|p2a: Ting-Lu|Vessel of Ruin\n|move|p1a: Armarouge|Destiny Bond|p1a: Armarouge\n|-singlemove|p1a: Armarouge|Destiny Bond\n|\n|upkeep\n|turn|4\n|\n|t:|1700533396\n|move|p1a: Armarouge|Armor Cannon|p2a: Ting-Lu\n|-damage|p2a: Ting-Lu|71\/100\n|-unboost|p1a: Armarouge|def|1\n|-unboost|p1a: Armarouge|spd|1\n|move|p2a: Ting-Lu|Earthquake|p1a: Armarouge\n|-supereffective|p1a: Armarouge\n|-damage|p1a: Armarouge|0 fnt\n|faint|p1a: Armarouge\n|\n|-heal|p2a: Ting-Lu|77\/100|[from] item: Leftovers\n|upkeep\n|\n|t:|1700533405\n|switch|p1a: Hawlucha|Hawlucha, M|100\/100\n|-enditem|p1a: Hawlucha|Psychic Seed\n|-boost|p1a: Hawlucha|spd|1|[from] item: Psychic Seed\n|turn|5\n|\n|t:|1700533412\n|move|p1a: Hawlucha|Close Combat|p2a: Ting-Lu\n|-supereffective|p2a: Ting-Lu\n|-damage|p2a: Ting-Lu|14\/100\n|-unboost|p1a: Hawlucha|def|1\n|-unboost|p1a: Hawlucha|spd|1\n|move|p2a: Ting-Lu|Whirlwind|p1a: Hawlucha\n|drag|p1a: Maushold|Maushold|100\/100\n|\n|-heal|p2a: Ting-Lu|20\/100|[from] item: Leftovers\n|upkeep\n|turn|6\n|\n|t:|1700533424\n|switch|p2a: Dragapult|Dragapult, F|100\/100\n|move|p1a: Maushold|Population Bomb|p2a: Dragapult\n|-immune|p2a: Dragapult\n|\n|upkeep\n|turn|7\n|\n|t:|1700533440\n|switch|p1a: Hawlucha|Hawlucha, M|100\/100\n|move|p2a: Dragapult|Will-O-Wisp|p1a: Hawlucha\n|-status|p1a: Hawlucha|brn\n|\n|-damage|p1a: Hawlucha|94\/100 brn|[from] brn\n|upkeep\n|turn|8\n|\n|t:|1700533451\n|move|p2a: Dragapult|U-turn|p1a: Hawlucha\n|-resisted|p1a: Hawlucha\n|-damage|p1a: Hawlucha|87\/100 brn\n|\n|t:|1700533454\n|switch|p2a: Zapdos|Zapdos|100\/100|[from] U-turn\n|move|p1a: Hawlucha|Swords Dance|p1a: Hawlucha\n|-boost|p1a: Hawlucha|atk|2\n|\n|-damage|p1a: Hawlucha|81\/100 brn|[from] brn\n|-fieldend|move: Psychic Terrain\n|upkeep\n|turn|9\n|\n|t:|1700533459\n|move|p1a: Hawlucha|Close Combat|p2a: Zapdos\n|-resisted|p2a: Zapdos\n|-damage|p2a: Zapdos|78\/100\n|-unboost|p1a: Hawlucha|def|1\n|-unboost|p1a: Hawlucha|spd|1\n|move|p2a: Zapdos|Volt Switch|p1a: Hawlucha\n|-supereffective|p1a: Hawlucha\n|-damage|p1a: Hawlucha|0 fnt\n|faint|p1a: Hawlucha\n|\n|t:|1700533466\n|switch|p2a: Dragapult|Dragapult, F|100\/100|[from] Volt Switch\n|\n|upkeep\n|\n|t:|1700533486\n|switch|p1a: Indeedee|Indeedee-F, F|100\/100\n|-fieldstart|move: Psychic Terrain|[from] ability: Psychic Surge|[of] p1a: Indeedee\n|turn|10\n|\n|t:|1700533488\n|move|p2a: Dragapult|U-turn|p1a: Indeedee\n|-supereffective|p1a: Indeedee\n|-damage|p1a: Indeedee|26\/100\n|\n|t:|1700533497\n|switch|p2a: Zapdos|Zapdos|78\/100|[from] U-turn\n|move|p1a: Indeedee|Psychic|p2a: Zapdos\n|-damage|p2a: Zapdos|27\/100\n|\n|upkeep\n|turn|11\n|\n|t:|1700533504\n|move|p2a: Zapdos|Hurricane|p1a: Indeedee|[miss]\n|-miss|p2a: Zapdos|p1a: Indeedee\n|move|p1a: Indeedee|Psychic|p2a: Zapdos\n|-damage|p2a: Zapdos|0 fnt\n|faint|p2a: Zapdos\n|\n|upkeep\n|\n|t:|1700533507\n|switch|p2a: Dragapult|Dragapult, F|100\/100\n|turn|12\n|\n|t:|1700533513\n|move|p2a: Dragapult|U-turn|p1a: Indeedee\n|-supereffective|p1a: Indeedee\n|-damage|p1a: Indeedee|0 fnt\n|faint|p1a: Indeedee\n|\n|t:|1700533516\n|switch|p2a: Ting-Lu|Ting-Lu|20\/100|[from] U-turn\n|-ability|p2a: Ting-Lu|Vessel of Ruin\n|\n|-heal|p2a: Ting-Lu|26\/100|[from] item: Leftovers\n|upkeep\n|\n|t:|1700533519\n|switch|p1a: Maushold|Maushold|100\/100\n|turn|13\n|\n|t:|1700533521\n|move|p1a: Maushold|Population Bomb|p2a: Ting-Lu\n|-damage|p2a: Ting-Lu|20\/100\n|-damage|p2a: Ting-Lu|14\/100\n|-damage|p2a: Ting-Lu|8\/100\n|-damage|p2a: Ting-Lu|2\/100\n|-damage|p2a: Ting-Lu|0 fnt\n|faint|p2a: Ting-Lu\n|-hitcount|p2: Ting-Lu|5\n|\n|upkeep\n|\n|t:|1700533523\n|switch|p2a: Dragapult|Dragapult, F|100\/100\n|turn|14\n|\n|t:|1700533539\n|move|p2a: Dragapult|Will-O-Wisp|p1a: Maushold\n|-status|p1a: Maushold|brn\n|move|p1a: Maushold|Bite|p2a: Dragapult\n|-supereffective|p2a: Dragapult\n|-damage|p2a: Dragapult|67\/100\n|\n|-damage|p1a: Maushold|94\/100 brn|[from] brn\n|upkeep\n|turn|15\n|\n|t:|1700533545\n|move|p2a: Dragapult|U-turn|p1a: Maushold\n|-damage|p1a: Maushold|63\/100 brn\n|\n|t:|1700533548\n|switch|p2a: Clefable|Clefable, F|100\/100|[from] U-turn\n|move|p1a: Maushold|Tidy Up|p1a: Maushold\n|-boost|p1a: Maushold|atk|1\n|-boost|p1a: Maushold|spe|1\n|\n|-damage|p1a: Maushold|57\/100 brn|[from] brn\n|upkeep\n|turn|16\n|\n|t:|1700533556\n|-terastallize|p2a: Clefable|Ghost\n|move|p1a: Maushold|Population Bomb|p2a: Clefable\n|-immune|p2a: Clefable\n|move|p2a: Clefable|Encore|p1a: Maushold\n|-start|p1a: Maushold|Encore\n|\n|-damage|p1a: Maushold|51\/100 brn|[from] brn\n|upkeep\n|turn|17\n|\n|t:|1700533561\n|switch|p2a: Dragapult|Dragapult, F|67\/100\n|move|p1a: Maushold|Population Bomb|p2a: Dragapult\n|-immune|p2a: Dragapult\n|\n|-damage|p1a: Maushold|44\/100 brn|[from] brn\n|-fieldend|move: Psychic Terrain\n|upkeep\n|turn|18\n|\n|t:|1700533566\n|move|p1a: Maushold|Population Bomb|p2a: Dragapult\n|-immune|p2a: Dragapult\n|move|p2a: Dragapult|Dragon Darts|p1a: Maushold\n|-crit|p1a: Maushold\n|-damage|p1a: Maushold|0 fnt\n|faint|p1a: Maushold\n|\n|upkeep\n|\n|t:|1700533567\n|switch|p1a: Polteageist|Polteageist|100\/100\n|turn|19\n|\n|t:|1700533570\n|-terastallize|p1a: Polteageist|Fighting\n|move|p2a: Dragapult|Dragon Darts|p1a: Polteageist\n|-damage|p1a: Polteageist|62\/100\n|-ability|p1a: Polteageist|Weak Armor|boost\n|-unboost|p1a: Polteageist|def|1\n|-boost|p1a: Polteageist|spe|2\n|-anim|p2a: Dragapult|Dragon Darts|p1a: Polteageist\n|-damage|p1a: Polteageist|0 fnt\n|faint|p1a: Polteageist\n|\n|win|lord denominator\n|raw|moope's rating: 1554 &rarr; <strong>1536<\/strong><br \/>(-18 for losing)\n|raw|lord denominator's rating: 1584 &rarr; <strong>1602<\/strong><br \/>(+18 for winning)\n","uploadtime":1700533575,"views":14,"p1id":"moope","p2id":"lorddenominator","formatid":"gen9ou","rating":1536,"private":0,"password":""}