{"id":"gen9ou-1999555109","p1":"d18l","p2":"Dingles Apetitosis","format":"[Gen 9] OU","log":"|j|\u2606d18l\n|j|\u2606Dingles Apetitosis\n|t:|1701095681\n|gametype|singles\n|player|p1|d18l|backpacker|1715\n|player|p2|Dingles Apetitosis|2|1808\n|teamsize|p1|6\n|teamsize|p2|6\n|gen|9\n|tier|[Gen 9] OU\n|rated|\n|rule|Sleep Clause Mod: Limit one foe put to sleep\n|rule|Species Clause: Limit one of each Pok\u00e9mon\n|rule|OHKO Clause: OHKO moves are banned\n|rule|Evasion Items Clause: Evasion items are banned\n|rule|Evasion Moves Clause: Evasion moves are banned\n|rule|Endless Battle Clause: Forcing endless battles is banned\n|rule|HP Percentage Mod: HP is shown in percentages\n|clearpoke\n|poke|p1|Muk-Alola, F|\n|poke|p1|Rillaboom, F|\n|poke|p1|Dragapult, F|\n|poke|p1|Kingambit, F|\n|poke|p1|Great Tusk|\n|poke|p1|Landorus-Therian, M|\n|poke|p2|Pelipper, F|\n|poke|p2|Overqwil, M|\n|poke|p2|Basculegion, M|\n|poke|p2|Iron Treads|\n|poke|p2|Volcanion|\n|poke|p2|Zapdos|\n|teampreview\n|\n|t:|1701095691\n|start\n|switch|p1a: Muk|Muk-Alola, F|100\/100\n|switch|p2a: Pelipper|Pelipper, F|100\/100\n|-weather|RainDance|[from] ability: Drizzle|[of] p2a: Pelipper\n|turn|1\n|\n|t:|1701095714\n|move|p1a: Muk|Knock Off|p2a: Pelipper\n|-damage|p2a: Pelipper|75\/100\n|-enditem|p2a: Pelipper|Damp Rock|[from] move: Knock Off|[of] p1a: Muk\n|move|p2a: Pelipper|U-turn|p1a: Muk\n|-damage|p1a: Muk|92\/100\n|\n|t:|1701095720\n|switch|p2a: Basculegion|Basculegion, M|100\/100|[from] U-turn\n|\n|-weather|RainDance|[upkeep]\n|-heal|p1a: Muk|98\/100|[from] item: Black Sludge\n|upkeep\n|turn|2\n|j| Shurican\n|\n|t:|1701095751\n|move|p1a: Muk|Protect|p1a: Muk\n|-singleturn|p1a: Muk|Protect\n|move|p2a: Basculegion|Wave Crash|p1a: Muk\n|-activate|p1a: Muk|move: Protect\n|\n|-weather|RainDance|[upkeep]\n|-heal|p1a: Muk|100\/100|[from] item: Black Sludge\n|upkeep\n|turn|3\n|\n|t:|1701095774\n|switch|p1a: Landorus|Landorus-Therian, M|100\/100\n|-ability|p1a: Landorus|Intimidate|boost\n|-unboost|p2a: Basculegion|atk|1\n|move|p2a: Basculegion|Wave Crash|p1a: Landorus\n|-supereffective|p1a: Landorus\n|-damage|p1a: Landorus|0 fnt\n|-damage|p2a: Basculegion|84\/100|[from] item: Rocky Helmet|[of] p1a: Landorus\n|faint|p1a: Landorus\n|-damage|p2a: Basculegion|51\/100|[from] Recoil\n|\n|-weather|RainDance|[upkeep]\n|upkeep\n|\n|t:|1701095782\n|switch|p1a: Dragapult|Dragapult, F|100\/100\n|turn|4\n|\n|t:|1701095792\n|switch|p2a: Iron Treads|Iron Treads|100\/100\n|-enditem|p2a: Iron Treads|Booster Energy\n|-activate|p2a: Iron Treads|ability: Quark Drive|[fromitem]\n|-start|p2a: Iron Treads|quarkdrivespe\n|move|p1a: Dragapult|Draco Meteor|p2a: Iron Treads\n|-resisted|p2a: Iron Treads\n|-damage|p2a: Iron Treads|42\/100\n|-unboost|p1a: Dragapult|spa|2\n|\n|-weather|RainDance|[upkeep]\n|upkeep\n|turn|5\n|\n|t:|1701095799\n|switch|p1a: Great Tusk|Great Tusk|100\/100\n|move|p2a: Iron Treads|Stealth Rock|p1a: Great Tusk\n|-sidestart|p1: d18l|move: Stealth Rock\n|\n|-weather|RainDance|[upkeep]\n|upkeep\n|turn|6\n|\n|t:|1701095805\n|-end|p2a: Iron Treads|Quark Drive|[silent]\n|switch|p2a: Zapdos|Zapdos|100\/100\n|move|p1a: Great Tusk|Knock Off|p2a: Zapdos\n|-damage|p2a: Zapdos|58\/100\n|-enditem|p2a: Zapdos|Choice Specs|[from] move: Knock Off|[of] p1a: Great Tusk\n|\n|-weather|RainDance|[upkeep]\n|upkeep\n|turn|7\n|\n|t:|1701095825\n|move|p1a: Great Tusk|Ice Spinner|p2a: Zapdos\n|-supereffective|p2a: Zapdos\n|-damage|p2a: Zapdos|0 fnt\n|faint|p2a: Zapdos\n|\n|-weather|RainDance|[upkeep]\n|upkeep\n|\n|t:|1701095829\n|switch|p2a: Basculegion|Basculegion, M|51\/100\n|turn|8\n|\n|t:|1701095841\n|-terastallize|p1a: Great Tusk|Water\n|move|p2a: Basculegion|Wave Crash|p1a: Great Tusk\n|-resisted|p1a: Great Tusk\n|-damage|p1a: Great Tusk|53\/100\n|-damage|p2a: Basculegion|35\/100|[from] Recoil\n|move|p1a: Great Tusk|Knock Off|p2a: Basculegion\n|-supereffective|p2a: Basculegion\n|-damage|p2a: Basculegion|0 fnt\n|-enditem|p2a: Basculegion|Choice Band|[from] move: Knock Off|[of] p1a: Great Tusk\n|faint|p2a: Basculegion\n|\n|-weather|none\n|upkeep\n|\n|t:|1701095851\n|switch|p2a: Pelipper|Pelipper, F|75\/100\n|-weather|RainDance|[from] ability: Drizzle|[of] p2a: Pelipper\n|turn|9\n|\n|t:|1701095855\n|move|p1a: Great Tusk|Rapid Spin|p2a: Pelipper\n|-damage|p2a: Pelipper|61\/100\n|-boost|p1a: Great Tusk|spe|1\n|-sideend|p1: d18l|Stealth Rock|[from] move: Rapid Spin|[of] p1a: Great Tusk\n|move|p2a: Pelipper|Hurricane|p1a: Great Tusk\n|-damage|p1a: Great Tusk|15\/100\n|\n|-weather|RainDance|[upkeep]\n|upkeep\n|turn|10\n|\n|t:|1701095865\n|-end|p1a: Great Tusk|Protosynthesis|[silent]\n|switch|p1a: Muk|Muk-Alola, F|100\/100\n|move|p2a: Pelipper|Roost|p2a: Pelipper\n|-heal|p2a: Pelipper|100\/100\n|-singleturn|p2a: Pelipper|move: Roost\n|\n|-weather|RainDance|[upkeep]\n|upkeep\n|turn|11\n|\n|t:|1701095886\n|move|p1a: Muk|Knock Off|p2a: Pelipper\n|-damage|p2a: Pelipper|84\/100\n|move|p2a: Pelipper|U-turn|p1a: Muk\n|-damage|p1a: Muk|91\/100\n|\n|t:|1701095889\n|switch|p2a: Iron Treads|Iron Treads|42\/100|[from] U-turn\n|\n|-weather|RainDance|[upkeep]\n|-heal|p1a: Muk|97\/100|[from] item: Black Sludge\n|upkeep\n|turn|12\n|\n|t:|1701095895\n|switch|p1a: Great Tusk|Great Tusk, tera:Water|15\/100\n|move|p2a: Iron Treads|Stealth Rock|p1a: Great Tusk\n|-sidestart|p1: d18l|move: Stealth Rock\n|\n|-weather|RainDance|[upkeep]\n|upkeep\n|turn|13\n|\n|t:|1701095903\n|move|p2a: Iron Treads|Earthquake|p1a: Great Tusk\n|-damage|p1a: Great Tusk|0 fnt\n|faint|p1a: Great Tusk\n|-end|p1a: Great Tusk|Protosynthesis|[silent]\n|\n|-weather|none\n|upkeep\n|\n|t:|1701095910\n|switch|p1a: Dragapult|Dragapult, F|100\/100\n|-damage|p1a: Dragapult|88\/100|[from] Stealth Rock\n|turn|14\n|j| fropop\n|\n|t:|1701095922\n|move|p1a: Dragapult|Draco Meteor|p2a: Iron Treads\n|-resisted|p2a: Iron Treads\n|-damage|p2a: Iron Treads|0 fnt\n|-unboost|p1a: Dragapult|spa|2\n|faint|p2a: Iron Treads\n|-end|p2a: Iron Treads|Quark Drive|[silent]\n|\n|upkeep\n|\n|t:|1701095925\n|switch|p2a: Pelipper|Pelipper, F|84\/100\n|-weather|RainDance|[from] ability: Drizzle|[of] p2a: Pelipper\n|turn|15\n|\n|t:|1701095927\n|switch|p1a: Muk|Muk-Alola, F|97\/100\n|-damage|p1a: Muk|85\/100|[from] Stealth Rock\n|move|p2a: Pelipper|U-turn|p1a: Muk\n|-damage|p1a: Muk|76\/100\n|\n|t:|1701095933\n|switch|p2a: Overqwil|Overqwil, M|100\/100|[from] U-turn\n|\n|-weather|RainDance|[upkeep]\n|-heal|p1a: Muk|82\/100|[from] item: Black Sludge\n|upkeep\n|turn|16\n|\n|t:|1701095936\n|move|p1a: Muk|Protect|p1a: Muk\n|-singleturn|p1a: Muk|Protect\n|move|p2a: Overqwil|Swords Dance|p2a: Overqwil\n|-boost|p2a: Overqwil|atk|2\n|\n|-weather|RainDance|[upkeep]\n|-heal|p1a: Muk|88\/100|[from] item: Black Sludge\n|upkeep\n|turn|17\n|\n|t:|1701095942\n|move|p2a: Overqwil|Liquidation|p1a: Muk\n|-damage|p1a: Muk|0 fnt\n|faint|p1a: Muk\n|-damage|p2a: Overqwil|91\/100|[from] item: Life Orb\n|\n|-weather|RainDance|[upkeep]\n|upkeep\n|\n|t:|1701095967\n|switch|p1a: Rillaboom|Rillaboom, F|100\/100\n|-damage|p1a: Rillaboom|88\/100|[from] Stealth Rock\n|-fieldstart|move: Grassy Terrain|[from] ability: Grassy Surge|[of] p1a: Rillaboom\n|turn|18\n|\n|t:|1701095972\n|move|p1a: Rillaboom|Grassy Glide|p2a: Overqwil\n|-resisted|p2a: Overqwil\n|-damage|p2a: Overqwil|58\/100\n|move|p2a: Overqwil|Crunch|p1a: Rillaboom\n|-damage|p1a: Rillaboom|0 fnt\n|faint|p1a: Rillaboom\n|-damage|p2a: Overqwil|48\/100|[from] item: Life Orb\n|\n|-weather|RainDance|[upkeep]\n|-heal|p2a: Overqwil|55\/100|[from] Grassy Terrain\n|upkeep\n|\n|t:|1701095974\n|switch|p1a: Kingambit|Kingambit, F|100\/100\n|-damage|p1a: Kingambit|95\/100|[from] Stealth Rock\n|-activate|p1a: Kingambit|ability: Supreme Overlord\n|-start|p1a: Kingambit|fallen4|[silent]\n|turn|19\n|\n|t:|1701095980\n|move|p2a: Overqwil|Liquidation|p1a: Kingambit\n|-damage|p1a: Kingambit|3\/100\n|-damage|p2a: Overqwil|45\/100|[from] item: Life Orb\n|move|p1a: Kingambit|Kowtow Cleave|p2a: Overqwil\n|-resisted|p2a: Overqwil\n|-damage|p2a: Overqwil|7\/100\n|\n|-weather|none\n|-heal|p2a: Overqwil|13\/100|[from] Grassy Terrain\n|-heal|p1a: Kingambit|9\/100|[from] Grassy Terrain\n|-heal|p1a: Kingambit|15\/100|[from] item: Leftovers\n|upkeep\n|turn|20\n|\n|t:|1701095989\n|switch|p2a: Pelipper|Pelipper, F|84\/100\n|-weather|RainDance|[from] ability: Drizzle|[of] p2a: Pelipper\n|move|p1a: Kingambit|Kowtow Cleave|p2a: Pelipper\n|-damage|p2a: Pelipper|32\/100\n|\n|-weather|RainDance|[upkeep]\n|-heal|p1a: Kingambit|21\/100|[from] Grassy Terrain\n|-heal|p1a: Kingambit|27\/100|[from] item: Leftovers\n|upkeep\n|turn|21\n|\n|t:|1701095997\n|move|p1a: Kingambit|Kowtow Cleave|p2a: Pelipper\n|-damage|p2a: Pelipper|0 fnt\n|faint|p2a: Pelipper\n|\n|-weather|RainDance|[upkeep]\n|-heal|p1a: Kingambit|33\/100|[from] Grassy Terrain\n|-heal|p1a: Kingambit|39\/100|[from] item: Leftovers\n|upkeep\n|\n|t:|1701095999\n|switch|p2a: Volcanion|Volcanion|100\/100\n|turn|22\n|\n|t:|1701096003\n|-end|p1a: Kingambit|fallen4|[silent]\n|switch|p1a: Dragapult|Dragapult, F|88\/100\n|-damage|p1a: Dragapult|76\/100|[from] Stealth Rock\n|move|p2a: Volcanion|Steam Eruption|p1a: Dragapult\n|-resisted|p1a: Dragapult\n|-damage|p1a: Dragapult|13\/100\n|\n|-weather|RainDance|[upkeep]\n|-heal|p1a: Dragapult|19\/100|[from] Grassy Terrain\n|-fieldend|move: Grassy Terrain\n|upkeep\n|turn|23\n|\n|t:|1701096018\n|switch|p2a: Overqwil|Overqwil, M|13\/100\n|move|p1a: Dragapult|Shadow Ball|p2a: Overqwil\n|-resisted|p2a: Overqwil\n|-damage|p2a: Overqwil|0 fnt\n|faint|p2a: Overqwil\n|\n|-weather|RainDance|[upkeep]\n|upkeep\n|\n|t:|1701096023\n|switch|p2a: Volcanion|Volcanion|100\/100\n|turn|24\n|\n|t:|1701096033\n|move|p1a: Dragapult|Shadow Ball|p2a: Volcanion\n|-damage|p2a: Volcanion|42\/100\n|-unboost|p2a: Volcanion|spd|1\n|move|p2a: Volcanion|Steam Eruption|p1a: Dragapult\n|-resisted|p1a: Dragapult\n|-damage|p1a: Dragapult|0 fnt\n|faint|p1a: Dragapult\n|\n|-weather|none\n|upkeep\n|\n|t:|1701096037\n|switch|p1a: Kingambit|Kingambit, F|39\/100\n|-damage|p1a: Kingambit|33\/100|[from] Stealth Rock\n|-activate|p1a: Kingambit|ability: Supreme Overlord\n|-start|p1a: Kingambit|fallen5|[silent]\n|turn|25\n|\n|t:|1701096050\n|move|p1a: Kingambit|Sucker Punch||[still]\n|-fail|p1a: Kingambit\n|move|p2a: Volcanion|Taunt|p1a: Kingambit\n|-start|p1a: Kingambit|move: Taunt\n|\n|-heal|p1a: Kingambit|39\/100|[from] item: Leftovers\n|upkeep\n|turn|26\n|\n|t:|1701096054\n|move|p1a: Kingambit|Sucker Punch||[still]\n|-fail|p1a: Kingambit\n|move|p2a: Volcanion|Taunt||[still]\n|-fail|p2a: Volcanion\n|\n|-heal|p1a: Kingambit|45\/100|[from] item: Leftovers\n|upkeep\n|turn|27\n|\n|t:|1701096056\n|move|p1a: Kingambit|Sucker Punch||[still]\n|-fail|p1a: Kingambit\n|move|p2a: Volcanion|Taunt||[still]\n|-fail|p2a: Volcanion\n|\n|-heal|p1a: Kingambit|51\/100|[from] item: Leftovers\n|upkeep\n|turn|28\n|\n|t:|1701096060\n|move|p1a: Kingambit|Sucker Punch||[still]\n|-fail|p1a: Kingambit\n|move|p2a: Volcanion|Taunt||[still]\n|-fail|p2a: Volcanion\n|\n|-heal|p1a: Kingambit|57\/100|[from] item: Leftovers\n|-end|p1a: Kingambit|move: Taunt\n|upkeep\n|turn|29\n|\n|t:|1701096067\n|-terastallize|p2a: Volcanion|Ground\n|move|p1a: Kingambit|Sucker Punch|p2a: Volcanion\n|-damage|p2a: Volcanion|0 fnt\n|faint|p2a: Volcanion\n|\n|win|d18l\n|raw|d18l's rating: 1715 &rarr; <strong>1740<\/strong><br \/>(+25 for winning)\n|raw|Dingles Apetitosis's rating: 1808 &rarr; <strong>1783<\/strong><br \/>(-25 for losing)\n|l|\u2606Dingles Apetitosis\n","uploadtime":1701096072,"views":2,"p1id":"d18l","p2id":"dinglesapetitosis","formatid":"gen9ou","rating":1740,"private":0,"password":""}