{"id":"gen9ou-1994507396","p1":"L49b","p2":"DoubleWarp","format":"[Gen 9] OU","log":"|j|\u2606L49b\n|j|\u2606DoubleWarp\n|t:|1700452169\n|gametype|singles\n|player|p1|L49b|102|1587\n|player|p2|DoubleWarp|169|1573\n|teamsize|p1|6\n|teamsize|p2|6\n|gen|9\n|tier|[Gen 9] OU\n|rated|\n|rule|Sleep Clause Mod: Limit one foe put to sleep\n|rule|Species Clause: Limit one of each Pok\u00e9mon\n|rule|OHKO Clause: OHKO moves are banned\n|rule|Evasion Items Clause: Evasion items are banned\n|rule|Evasion Moves Clause: Evasion moves are banned\n|rule|Endless Battle Clause: Forcing endless battles is banned\n|rule|HP Percentage Mod: HP is shown in percentages\n|clearpoke\n|poke|p1|Ribombee, F|\n|poke|p1|Ogerpon-Cornerstone, F|\n|poke|p1|Gholdengo|\n|poke|p1|Kingambit, M|\n|poke|p1|Great Tusk|\n|poke|p1|Iron Valiant|\n|poke|p2|Torkoal, M|\n|poke|p2|Walking Wake|\n|poke|p2|Meowscarada, M|\n|poke|p2|Corviknight, M|\n|poke|p2|Clodsire, F|\n|poke|p2|Zamazenta-*|\n|teampreview\n|\n|t:|1700452177\n|start\n|switch|p1a: Ribombee|Ribombee, F|100\/100\n|switch|p2a: Will|Torkoal, M|100\/100\n|-weather|SunnyDay|[from] ability: Drought|[of] p2a: Will\n|turn|1\n|\n|t:|1700452186\n|-terastallize|p1a: Ribombee|Ghost\n|move|p1a: Ribombee|Sticky Web|p2a: Will\n|-sidestart|p2: DoubleWarp|move: Sticky Web\n|move|p2a: Will|Lava Plume|p1a: Ribombee\n|-damage|p1a: Ribombee|35\/100\n|\n|-weather|SunnyDay|[upkeep]\n|upkeep\n|turn|2\n|\n|t:|1700452199\n|move|p1a: Ribombee|Stun Spore|p2a: Will|[miss]\n|-miss|p1a: Ribombee|p2a: Will\n|move|p2a: Will|Lava Plume|p1a: Ribombee\n|-damage|p1a: Ribombee|0 fnt\n|faint|p1a: Ribombee\n|\n|-weather|SunnyDay|[upkeep]\n|upkeep\n|\n|t:|1700452210\n|switch|p1a: Great Tusk|Great Tusk|100\/100\n|-activate|p1a: Great Tusk|ability: Protosynthesis\n|-start|p1a: Great Tusk|protosynthesisatk\n|turn|3\n|\n|t:|1700452223\n|-end|p1a: Great Tusk|Protosynthesis|[silent]\n|switch|p1a: Iron Valiant|Iron Valiant, shiny|100\/100\n|switch|p2a: Spencer|Corviknight, M|100\/100\n|-ability|p2a: Spencer|Pressure\n|\n|-weather|SunnyDay|[upkeep]\n|upkeep\n|turn|4\n|\n|t:|1700452237\n|switch|p2a: Kelley|Clodsire, F|100\/100\n|-activate|p2a: Kelley|move: Sticky Web\n|-unboost|p2a: Kelley|spe|1\n|move|p1a: Iron Valiant|Psyshock|p2a: Kelley\n|-supereffective|p2a: Kelley\n|-damage|p2a: Kelley|13\/100\n|\n|-weather|SunnyDay|[upkeep]\n|-heal|p2a: Kelley|19\/100|[from] item: Leftovers\n|upkeep\n|turn|5\n|\n|t:|1700452252\n|-end|p1a: Iron Valiant|Quark Drive|[silent]\n|switch|p1a: Great Tusk|Great Tusk|100\/100\n|-activate|p1a: Great Tusk|ability: Protosynthesis\n|-start|p1a: Great Tusk|protosynthesisatk\n|switch|p2a: Spencer|Corviknight, M|100\/100\n|-ability|p2a: Spencer|Pressure\n|\n|-weather|SunnyDay|[upkeep]\n|upkeep\n|turn|6\n|\n|t:|1700452265\n|-end|p1a: Great Tusk|Protosynthesis|[silent]\n|switch|p1a: Gholdengo|Gholdengo, shiny|100\/100\n|-item|p1a: Gholdengo|Air Balloon\n|move|p2a: Spencer|Defog|p1a: Gholdengo\n|-immune|p1a: Gholdengo|[from] ability: Good as Gold\n|\n|-weather|SunnyDay|[upkeep]\n|upkeep\n|turn|7\n|\n|t:|1700452278\n|move|p1a: Gholdengo|Nasty Plot|p1a: Gholdengo\n|-boost|p1a: Gholdengo|spa|2\n|move|p2a: Spencer|U-turn|p1a: Gholdengo\n|-resisted|p1a: Gholdengo\n|-damage|p1a: Gholdengo|96\/100\n|-enditem|p1a: Gholdengo|Air Balloon\n|\n|t:|1700452291\n|switch|p2a: Will|Torkoal, M|100\/100|[from] U-turn\n|-activate|p2a: Will|move: Sticky Web\n|-unboost|p2a: Will|spe|1\n|\n|-weather|SunnyDay|[upkeep]\n|upkeep\n|turn|8\n|\n|t:|1700452296\n|move|p1a: Gholdengo|Shadow Ball|p2a: Will\n|-damage|p2a: Will|0 fnt\n|faint|p2a: Will\n|\n|-weather|none\n|upkeep\n|\n|t:|1700452300\n|switch|p2a: Thomas|Meowscarada, M|100\/100\n|-activate|p2a: Thomas|move: Sticky Web\n|-unboost|p2a: Thomas|spe|1\n|turn|9\n|\n|t:|1700452305\n|move|p2a: Thomas|Sucker Punch|p1a: Gholdengo\n|-start|p2a: Thomas|typechange|Dark|[from] ability: Protean\n|-supereffective|p1a: Gholdengo\n|-damage|p1a: Gholdengo|0 fnt\n|faint|p1a: Gholdengo\n|\n|upkeep\n|\n|t:|1700452317\n|switch|p1a: Iron Valiant|Iron Valiant, shiny|100\/100\n|turn|10\n|\n|t:|1700452329\n|switch|p2a: Spencer|Corviknight, M|100\/100\n|-ability|p2a: Spencer|Pressure\n|move|p1a: Iron Valiant|Thunderbolt|p2a: Spencer\n|-supereffective|p2a: Spencer\n|-damage|p2a: Spencer|15\/100\n|\n|upkeep\n|turn|11\n|inactive|Battle timer is ON: inactive players will automatically lose when time's up. (requested by DoubleWarp)\n|\n|t:|1700452342\n|-end|p1a: Iron Valiant|Quark Drive|[silent]\n|switch|p1a: Great Tusk|Great Tusk|100\/100\n|switch|p2a: Kelley|Clodsire, F|19\/100\n|-activate|p2a: Kelley|move: Sticky Web\n|-unboost|p2a: Kelley|spe|1\n|\n|-heal|p2a: Kelley|25\/100|[from] item: Leftovers\n|upkeep\n|turn|12\n|\n|t:|1700452355\n|move|p1a: Great Tusk|Bulk Up|p1a: Great Tusk\n|-boost|p1a: Great Tusk|atk|1\n|-boost|p1a: Great Tusk|def|1\n|move|p2a: Kelley|Recover|p2a: Kelley\n|-heal|p2a: Kelley|75\/100\n|\n|-heal|p2a: Kelley|81\/100|[from] item: Leftovers\n|upkeep\n|turn|13\n|\n|t:|1700452363\n|switch|p2a: Spencer|Corviknight, M|15\/100\n|-ability|p2a: Spencer|Pressure\n|move|p1a: Great Tusk|Ice Spinner|p2a: Spencer\n|-crit|p2a: Spencer\n|-damage|p2a: Spencer|0 fnt\n|-damage|p1a: Great Tusk|84\/100|[from] item: Rocky Helmet|[of] p2a: Spencer\n|faint|p2a: Spencer\n|\n|upkeep\n|\n|t:|1700452370\n|switch|p2a: Thomas|Meowscarada, M|100\/100\n|-activate|p2a: Thomas|move: Sticky Web\n|-unboost|p2a: Thomas|spe|1\n|turn|14\n|\n|t:|1700452382\n|move|p1a: Great Tusk|Ice Spinner|p2a: Thomas\n|-supereffective|p2a: Thomas\n|-damage|p2a: Thomas|0 fnt\n|faint|p2a: Thomas\n|\n|upkeep\n|\n|t:|1700452385\n|switch|p2a: Lucas|Zamazenta|100\/100\n|-activate|p2a: Lucas|move: Sticky Web\n|-unboost|p2a: Lucas|spe|1\n|-ability|p2a: Lucas|Dauntless Shield|boost\n|-boost|p2a: Lucas|def|1\n|turn|15\n|\n|t:|1700452401\n|-end|p1a: Great Tusk|Protosynthesis|[silent]\n|switch|p1a: Iron Valiant|Iron Valiant, shiny|100\/100\n|move|p2a: Lucas|Iron Defense|p2a: Lucas\n|-boost|p2a: Lucas|def|2\n|\n|upkeep\n|turn|16\n|\n|t:|1700452408\n|move|p1a: Iron Valiant|Moonblast|p2a: Lucas\n|-supereffective|p2a: Lucas\n|-damage|p2a: Lucas|0 fnt\n|faint|p2a: Lucas\n|\n|upkeep\n|-message|DoubleWarp forfeited.\n|\n|win|L49b\n|raw|L49b's rating: 1587 &rarr; <strong>1606<\/strong><br \/>(+19 for winning)\n|raw|DoubleWarp's rating: 1573 &rarr; <strong>1554<\/strong><br \/>(-19 for losing)\n|l|\u2606DoubleWarp\n","uploadtime":1700452417,"views":11,"p1id":"l49b","p2id":"doublewarp","formatid":"gen9ou","rating":1554,"private":0,"password":""}