{"id":"gen9ou-1996586168","p1":"Stiffmoose","p2":"ReaperOverwatch41","format":"[Gen 9] OU","log":"|j|\u2606Stiffmoose\n|j|\u2606ReaperOverwatch41\n|t:|1700697366\n|gametype|singles\n|player|p1|Stiffmoose|workerice|1063\n|player|p2|ReaperOverwatch41|1|1074\n|teamsize|p1|6\n|teamsize|p2|6\n|gen|9\n|tier|[Gen 9] OU\n|rated|\n|rule|Sleep Clause Mod: Limit one foe put to sleep\n|rule|Species Clause: Limit one of each Pok\u00e9mon\n|rule|OHKO Clause: OHKO moves are banned\n|rule|Evasion Items Clause: Evasion items are banned\n|rule|Evasion Moves Clause: Evasion moves are banned\n|rule|Endless Battle Clause: Forcing endless battles is banned\n|rule|HP Percentage Mod: HP is shown in percentages\n|clearpoke\n|poke|p1|Garganacl, M|\n|poke|p1|Zapdos|\n|poke|p1|Dondozo, M|\n|poke|p1|Rillaboom, F|\n|poke|p1|Okidogi, M|\n|poke|p1|Skeledirge, F|\n|poke|p2|Ceruledge, M|\n|poke|p2|Kingambit, M|\n|poke|p2|Iron Valiant|\n|poke|p2|Rotom-Wash|\n|poke|p2|Ursaluna, M|\n|poke|p2|Torkoal, M|\n|teampreview\n|\n|t:|1700697373\n|start\n|switch|p1a: Dondozo|Dondozo, M|100\/100\n|switch|p2a: Iron Valiant|Iron Valiant|100\/100\n|-enditem|p2a: Iron Valiant|Booster Energy\n|-activate|p2a: Iron Valiant|ability: Quark Drive|[fromitem]\n|-start|p2a: Iron Valiant|quarkdrivespe\n|turn|1\n|\n|t:|1700697389\n|move|p2a: Iron Valiant|Thunderbolt|p1a: Dondozo\n|-supereffective|p1a: Dondozo\n|-damage|p1a: Dondozo|49\/100\n|move|p1a: Dondozo|Rain Dance|p1a: Dondozo\n|-weather|RainDance\n|\n|-weather|RainDance|[upkeep]\n|-heal|p1a: Dondozo|55\/100|[from] item: Leftovers\n|upkeep\n|turn|2\n|\n|t:|1700697400\n|move|p2a: Iron Valiant|Thunderbolt|p1a: Dondozo\n|-supereffective|p1a: Dondozo\n|-damage|p1a: Dondozo|0 fnt\n|faint|p1a: Dondozo\n|\n|-weather|RainDance|[upkeep]\n|upkeep\n|\n|t:|1700697408\n|switch|p1a: Zapdos|Zapdos|100\/100\n|turn|3\n|\n|t:|1700697415\n|move|p2a: Iron Valiant|Moonblast|p1a: Zapdos\n|-damage|p1a: Zapdos|42\/100\n|-unboost|p1a: Zapdos|spa|1\n|move|p1a: Zapdos|Thunder|p2a: Iron Valiant\n|-damage|p2a: Iron Valiant|35\/100\n|\n|-weather|RainDance|[upkeep]\n|upkeep\n|turn|4\n|\n|t:|1700697433\n|switch|p1a: Rillaboom|Rillaboom, F|100\/100\n|-fieldstart|move: Grassy Terrain|[from] ability: Grassy Surge|[of] p1a: Rillaboom\n|move|p2a: Iron Valiant|Moonblast|p1a: Rillaboom\n|-damage|p1a: Rillaboom|41\/100\n|-unboost|p1a: Rillaboom|spa|1\n|\n|-weather|RainDance|[upkeep]\n|-heal|p2a: Iron Valiant|41\/100|[from] Grassy Terrain\n|-heal|p1a: Rillaboom|47\/100|[from] Grassy Terrain\n|upkeep\n|turn|5\n|\n|t:|1700697454\n|-terastallize|p1a: Rillaboom|Grass\n|move|p1a: Rillaboom|Grassy Glide|p2a: Iron Valiant\n|-damage|p2a: Iron Valiant|0 fnt\n|faint|p2a: Iron Valiant\n|-end|p2a: Iron Valiant|Quark Drive|[silent]\n|\n|-weather|none\n|-heal|p1a: Rillaboom|53\/100|[from] Grassy Terrain\n|upkeep\n|\n|t:|1700697464\n|switch|p2a: Rotom|Rotom-Wash|100\/100\n|turn|6\n|\n|t:|1700697473\n|move|p1a: Rillaboom|Grassy Glide|p2a: Rotom\n|-supereffective|p2a: Rotom\n|-damage|p2a: Rotom|29\/100\n|-enditem|p2a: Rotom|Sitrus Berry|[eat]\n|-heal|p2a: Rotom|54\/100|[from] item: Sitrus Berry\n|move|p2a: Rotom|Will-O-Wisp|p1a: Rillaboom\n|-status|p1a: Rillaboom|brn\n|\n|-heal|p1a: Rillaboom|59\/100 brn|[from] Grassy Terrain\n|-damage|p1a: Rillaboom|53\/100 brn|[from] brn\n|upkeep\n|turn|7\n|\n|t:|1700697487\n|move|p1a: Rillaboom|Leech Seed|p2a: Rotom\n|-start|p2a: Rotom|move: Leech Seed\n|move|p2a: Rotom|Volt Switch|p1a: Rillaboom\n|-resisted|p1a: Rillaboom\n|-damage|p1a: Rillaboom|35\/100 brn\n|\n|t:|1700697493\n|switch|p2a: Ceruledge|Ceruledge, M|100\/100|[from] Volt Switch\n|\n|-heal|p1a: Rillaboom|41\/100 brn|[from] Grassy Terrain\n|-damage|p1a: Rillaboom|35\/100 brn|[from] brn\n|upkeep\n|turn|8\n|\n|t:|1700697501\n|switch|p1a: Garganacl|Garganacl, M|100\/100\n|move|p2a: Ceruledge|Swords Dance|p2a: Ceruledge\n|-boost|p2a: Ceruledge|atk|2\n|\n|-fieldend|move: Grassy Terrain\n|upkeep\n|turn|9\n|\n|t:|1700697518\n|switch|p2a: Ursaluna|Ursaluna, M|100\/100\n|move|p1a: Garganacl|Iron Defense|p1a: Garganacl\n|-boost|p1a: Garganacl|def|2\n|\n|-status|p2a: Ursaluna|brn|[from] item: Flame Orb\n|upkeep\n|turn|10\n|\n|t:|1700697528\n|move|p2a: Ursaluna|Headlong Rush|p1a: Garganacl\n|-supereffective|p1a: Garganacl\n|-crit|p1a: Garganacl\n|-damage|p1a: Garganacl|0 fnt\n|-unboost|p2a: Ursaluna|def|1\n|-unboost|p2a: Ursaluna|spd|1\n|faint|p1a: Garganacl\n|\n|-damage|p2a: Ursaluna|94\/100 brn|[from] brn\n|upkeep\n|\n|t:|1700697544\n|switch|p1a: Rillaboom|Rillaboom, F, tera:Grass|35\/100 brn\n|-fieldstart|move: Grassy Terrain|[from] ability: Grassy Surge|[of] p1a: Rillaboom\n|turn|11\n|\n|t:|1700697549\n|move|p1a: Rillaboom|Wood Hammer|p2a: Ursaluna\n|-supereffective|p2a: Ursaluna\n|-damage|p2a: Ursaluna|0 fnt\n|faint|p2a: Ursaluna\n|-damage|p1a: Rillaboom|0 fnt|[from] Recoil\n|faint|p1a: Rillaboom\n|\n|upkeep\n|\n|t:|1700697561\n|switch|p1a: Okidogi|Okidogi, M|100\/100\n|switch|p2a: Ceruledge|Ceruledge, M|100\/100\n|turn|12\n|\n|t:|1700697567\n|move|p2a: Ceruledge|Swords Dance|p2a: Ceruledge\n|-boost|p2a: Ceruledge|atk|2\n|move|p1a: Okidogi|Knock Off|p2a: Ceruledge\n|-supereffective|p2a: Ceruledge\n|-damage|p2a: Ceruledge|10\/100\n|-ability|p2a: Ceruledge|Weak Armor|boost\n|-unboost|p2a: Ceruledge|def|1\n|-boost|p2a: Ceruledge|spe|2\n|-status|p2a: Ceruledge|tox|[from] ability: Toxic Chain|[of] p1a: Okidogi\n|-enditem|p2a: Ceruledge|Focus Sash|[from] move: Knock Off|[of] p1a: Okidogi\n|\n|-heal|p2a: Ceruledge|17\/100 tox|[from] Grassy Terrain\n|-damage|p2a: Ceruledge|10\/100 tox|[from] psn\n|upkeep\n|turn|13\n|\n|t:|1700697582\n|switch|p1a: Skeledirge|Skeledirge, F|100\/100\n|-terastallize|p2a: Ceruledge|Fire\n|move|p2a: Ceruledge|Bitter Blade|p1a: Skeledirge\n|-resisted|p1a: Skeledirge\n|-damage|p1a: Skeledirge|69\/100\n|-heal|p2a: Ceruledge|29\/100 tox|[from] drain|[of] p1a: Skeledirge\n|\n|-heal|p2a: Ceruledge|36\/100 tox|[from] Grassy Terrain\n|-heal|p1a: Skeledirge|75\/100|[from] Grassy Terrain\n|-damage|p2a: Ceruledge|23\/100 tox|[from] psn\n|upkeep\n|turn|14\n|\n|t:|1700697596\n|move|p2a: Ceruledge|Poltergeist|p1a: Skeledirge\n|-activate|p1a: Skeledirge|move: Poltergeist|Assault Vest\n|-supereffective|p1a: Skeledirge\n|-damage|p1a: Skeledirge|0 fnt\n|faint|p1a: Skeledirge\n|\n|-heal|p2a: Ceruledge|29\/100 tox|[from] Grassy Terrain\n|-damage|p2a: Ceruledge|11\/100 tox|[from] psn\n|upkeep\n|\n|t:|1700697609\n|switch|p1a: Zapdos|Zapdos|42\/100\n|turn|15\n|\n|t:|1700697617\n|move|p2a: Ceruledge|Bitter Blade|p1a: Zapdos\n|-damage|p1a: Zapdos|0 fnt\n|-heal|p2a: Ceruledge|34\/100 tox|[from] drain|[of] p1a: Zapdos\n|faint|p1a: Zapdos\n|\n|-heal|p2a: Ceruledge|40\/100 tox|[from] Grassy Terrain\n|-damage|p2a: Ceruledge|15\/100 tox|[from] psn\n|-fieldend|move: Grassy Terrain\n|upkeep\n|\n|t:|1700697626\n|switch|p1a: Okidogi|Okidogi, M|100\/100\n|turn|16\n|\n|t:|1700697630\n|move|p2a: Ceruledge|Bitter Blade|p1a: Okidogi\n|-damage|p1a: Okidogi|0 fnt\n|-heal|p2a: Ceruledge|70\/100 tox|[from] drain|[of] p1a: Okidogi\n|faint|p1a: Okidogi\n|\n|win|ReaperOverwatch41\n|raw|Stiffmoose's rating: 1063 &rarr; <strong>1044<\/strong><br \/>(-19 for losing)\n|raw|ReaperOverwatch41's rating: 1074 &rarr; <strong>1102<\/strong><br \/>(+28 for winning)\n|l|\u2606Stiffmoose\n","uploadtime":1700697637,"views":2,"p1id":"stiffmoose","p2id":"reaperoverwatch41","formatid":"gen9ou","rating":1044,"private":0,"password":""}