{"id":"gen9ou-1993063623","p1":"H0LL0WED","p2":"hushai","format":"[Gen 9] OU","log":"|j|\u2606H0LL0WED\n|j|\u2606hushai\n|t:|1700260658\n|gametype|singles\n|player|p1|H0LL0WED|burglar|1253\n|player|p2|hushai|valerie|1202\n|teamsize|p1|6\n|teamsize|p2|6\n|gen|9\n|tier|[Gen 9] OU\n|rated|\n|rule|Sleep Clause Mod: Limit one foe put to sleep\n|rule|Species Clause: Limit one of each Pok\u00e9mon\n|rule|OHKO Clause: OHKO moves are banned\n|rule|Evasion Items Clause: Evasion items are banned\n|rule|Evasion Moves Clause: Evasion moves are banned\n|rule|Endless Battle Clause: Forcing endless battles is banned\n|rule|HP Percentage Mod: HP is shown in percentages\n|clearpoke\n|poke|p1|Clodsire, M|\n|poke|p1|Dragapult, M|\n|poke|p1|Thundurus-Therian, M|\n|poke|p1|Moltres|\n|poke|p1|Slowking-Galar, M|\n|poke|p1|Slowbro, F|\n|poke|p2|Mew|\n|poke|p2|Staraptor, M|\n|poke|p2|Scizor, F|\n|poke|p2|Weavile, F|\n|poke|p2|Gyarados, F|\n|poke|p2|Ogerpon, F|\n|teampreview\n|\n|t:|1700260667\n|start\n|switch|p1a: Clodsire|Clodsire, M|100\/100\n|switch|p2a: Mew|Mew|100\/100\n|turn|1\n|\n|t:|1700260677\n|move|p2a: Mew|Iron Defense|p2a: Mew\n|-boost|p2a: Mew|def|2\n|move|p1a: Clodsire|Toxic|p2a: Mew\n|-status|p2a: Mew|tox\n|-activate|p2a: Mew|ability: Synchronize\n|-immune|p1a: Clodsire\n|\n|-damage|p2a: Mew|94\/100 tox|[from] psn\n|upkeep\n|turn|2\n|\n|t:|1700260687\n|move|p2a: Mew|Calm Mind|p2a: Mew\n|-boost|p2a: Mew|spa|1\n|-boost|p2a: Mew|spd|1\n|move|p1a: Clodsire|Stealth Rock|p2a: Mew\n|-sidestart|p2: hushai|move: Stealth Rock\n|\n|-heal|p2a: Mew|100\/100 tox|[from] item: Leftovers\n|-damage|p2a: Mew|88\/100 tox|[from] psn\n|upkeep\n|turn|3\n|\n|t:|1700260698\n|move|p2a: Mew|Calm Mind|p2a: Mew\n|-boost|p2a: Mew|spa|1\n|-boost|p2a: Mew|spd|1\n|move|p1a: Clodsire|Earthquake|p2a: Mew\n|-damage|p2a: Mew|66\/100 tox\n|\n|-heal|p2a: Mew|72\/100 tox|[from] item: Leftovers\n|-damage|p2a: Mew|53\/100 tox|[from] psn\n|upkeep\n|turn|4\n|\n|t:|1700260708\n|move|p2a: Mew|Calm Mind|p2a: Mew\n|-boost|p2a: Mew|spa|1\n|-boost|p2a: Mew|spd|1\n|move|p1a: Clodsire|Earthquake|p2a: Mew\n|-damage|p2a: Mew|32\/100 tox\n|\n|-heal|p2a: Mew|38\/100 tox|[from] item: Leftovers\n|-damage|p2a: Mew|13\/100 tox|[from] psn\n|upkeep\n|turn|5\n|\n|t:|1700260718\n|move|p2a: Mew|Stored Power|p1a: Clodsire\n|-supereffective|p1a: Clodsire\n|-damage|p1a: Clodsire|32\/100\n|move|p1a: Clodsire|Recover|p1a: Clodsire\n|-heal|p1a: Clodsire|82\/100\n|\n|-heal|p2a: Mew|19\/100 tox|[from] item: Leftovers\n|-heal|p1a: Clodsire|88\/100|[from] item: Leftovers\n|-damage|p2a: Mew|0 fnt|[from] psn\n|faint|p2a: Mew\n|upkeep\n|\n|t:|1700260726\n|switch|p2a: Weavile|Weavile, F|100\/100\n|-ability|p2a: Weavile|Pressure\n|turn|6\n|\n|t:|1700260735\n|switch|p1a: Moltres|Moltres|100\/100\n|move|p2a: Weavile|Swords Dance|p2a: Weavile\n|-boost|p2a: Weavile|atk|2\n|\n|upkeep\n|turn|7\n|\n|t:|1700260766\n|move|p2a: Weavile|Icicle Crash|p1a: Moltres\n|-damage|p1a: Moltres|33\/100\n|move|p1a: Moltres|Will-O-Wisp|p2a: Weavile\n|-status|p2a: Weavile|brn\n|\n|-damage|p2a: Weavile|94\/100 brn|[from] brn\n|upkeep\n|turn|8\n|\n|t:|1700260776\n|move|p2a: Weavile|Icicle Crash|p1a: Moltres\n|-damage|p1a: Moltres|2\/100\n|move|p1a: Moltres|Roost|p1a: Moltres\n|-heal|p1a: Moltres|52\/100\n|-singleturn|p1a: Moltres|move: Roost\n|\n|-damage|p2a: Weavile|88\/100 brn|[from] brn\n|upkeep\n|turn|9\n|\n|t:|1700260785\n|move|p2a: Weavile|Icicle Crash|p1a: Moltres|[miss]\n|-miss|p2a: Weavile|p1a: Moltres\n|move|p1a: Moltres|Roost|p1a: Moltres\n|-heal|p1a: Moltres|100\/100\n|-singleturn|p1a: Moltres|move: Roost\n|\n|-damage|p2a: Weavile|82\/100 brn|[from] brn\n|upkeep\n|turn|10\n|\n|t:|1700260794\n|switch|p2a: Gyarados|Gyarados, F|100\/100\n|-damage|p2a: Gyarados|76\/100|[from] Stealth Rock\n|move|p1a: Moltres|U-turn|p2a: Gyarados\n|-resisted|p2a: Gyarados\n|-damage|p2a: Gyarados|66\/100\n|\n|t:|1700260801\n|switch|p1a: Thundurus|Thundurus-Therian, M|100\/100|[from] U-turn\n|\n|upkeep\n|turn|11\n|\n|t:|1700260810\n|switch|p2a: Ogerpon|Ogerpon, F|100\/100\n|-damage|p2a: Ogerpon|88\/100|[from] Stealth Rock\n|move|p1a: Thundurus|Thunder Wave|p2a: Ogerpon\n|-status|p2a: Ogerpon|par\n|\n|upkeep\n|turn|12\n|\n|t:|1700260825\n|move|p1a: Thundurus|Nasty Plot|p1a: Thundurus\n|-boost|p1a: Thundurus|spa|2\n|move|p2a: Ogerpon|Play Rough|p1a: Thundurus\n|-crit|p1a: Thundurus\n|-damage|p1a: Thundurus|4\/100\n|-unboost|p1a: Thundurus|atk|1\n|\n|upkeep\n|turn|13\n|\n|t:|1700260836\n|move|p1a: Thundurus|Volt Switch|p2a: Ogerpon\n|-resisted|p2a: Ogerpon\n|-damage|p2a: Ogerpon|38\/100 par\n|\n|t:|1700260841\n|switch|p1a: Clodsire|Clodsire, M|88\/100|[from] Volt Switch\n|move|p2a: Ogerpon|Play Rough|p1a: Clodsire\n|-resisted|p1a: Clodsire\n|-damage|p1a: Clodsire|63\/100\n|\n|-heal|p1a: Clodsire|69\/100|[from] item: Leftovers\n|upkeep\n|turn|14\n|\n|t:|1700260853\n|switch|p2a: Scizor|Scizor, F|100\/100\n|-damage|p2a: Scizor|88\/100|[from] Stealth Rock\n|move|p1a: Clodsire|Earthquake|p2a: Scizor\n|-damage|p2a: Scizor|57\/100\n|\n|-heal|p1a: Clodsire|76\/100|[from] item: Leftovers\n|upkeep\n|turn|15\n|\n|t:|1700260862\n|move|p2a: Scizor|Swords Dance|p2a: Scizor\n|-boost|p2a: Scizor|atk|2\n|move|p1a: Clodsire|Earthquake|p2a: Scizor\n|-damage|p2a: Scizor|27\/100\n|\n|-heal|p1a: Clodsire|82\/100|[from] item: Leftovers\n|upkeep\n|turn|16\n|\n|t:|1700260873\n|move|p2a: Scizor|Bullet Punch|p1a: Clodsire\n|-damage|p1a: Clodsire|35\/100\n|-damage|p2a: Scizor|17\/100|[from] item: Life Orb\n|move|p1a: Clodsire|Earthquake|p2a: Scizor\n|-damage|p2a: Scizor|0 fnt\n|faint|p2a: Scizor\n|\n|-heal|p1a: Clodsire|41\/100|[from] item: Leftovers\n|upkeep\n|\n|t:|1700260881\n|switch|p2a: Ogerpon|Ogerpon, F|38\/100 par\n|-damage|p2a: Ogerpon|26\/100 par|[from] Stealth Rock\n|turn|17\n|\n|t:|1700260887\n|cant|p2a: Ogerpon|par\n|move|p1a: Clodsire|Recover|p1a: Clodsire\n|-heal|p1a: Clodsire|91\/100\n|\n|-heal|p1a: Clodsire|97\/100|[from] item: Leftovers\n|upkeep\n|turn|18\n|\n|t:|1700260895\n|switch|p1a: Moltres|Moltres|100\/100\n|move|p2a: Ogerpon|Ivy Cudgel|p1a: Moltres\n|-resisted|p1a: Moltres\n|-damage|p1a: Moltres|87\/100\n|\n|upkeep\n|turn|19\n|\n|t:|1700260905\n|switch|p2a: Weavile|Weavile, F|82\/100 brn\n|-ability|p2a: Weavile|Pressure\n|move|p1a: Moltres|U-turn|p2a: Weavile\n|-supereffective|p2a: Weavile\n|-damage|p2a: Weavile|35\/100 brn\n|-message|hushai forfeited.\n|\n|win|H0LL0WED\n|raw|H0LL0WED's rating: 1253 &rarr; <strong>1274<\/strong><br \/>(+21 for winning)\n|raw|hushai's rating: 1202 &rarr; <strong>1181<\/strong><br \/>(-21 for losing)\n|l|\u2606hushai\n","uploadtime":1700260920,"views":26,"p1id":"h0ll0wed","p2id":"hushai","formatid":"gen9ou","rating":1181,"private":0,"password":""}