{"id":"gen9ou-2000535309","p1":"willucus","p2":"billychily","format":"[Gen 9] OU","log":"|j|\u2606willucus\n|j|\u2606billychily\n|t:|1701203119\n|gametype|singles\n|player|p1|willucus|265|1110\n|player|p2|billychily|ghetsis|1062\n|teamsize|p1|6\n|teamsize|p2|6\n|gen|9\n|tier|[Gen 9] OU\n|rated|\n|rule|Sleep Clause Mod: Limit one foe put to sleep\n|rule|Species Clause: Limit one of each Pok\u00e9mon\n|rule|OHKO Clause: OHKO moves are banned\n|rule|Evasion Items Clause: Evasion items are banned\n|rule|Evasion Moves Clause: Evasion moves are banned\n|rule|Endless Battle Clause: Forcing endless battles is banned\n|rule|HP Percentage Mod: HP is shown in percentages\n|clearpoke\n|poke|p1|Kingambit, M|\n|poke|p1|Ribombee, M|\n|poke|p1|Goodra-Hisui, F|\n|poke|p1|Basculegion, M|\n|poke|p1|Meowscarada, M|\n|poke|p1|Skeledirge, M|\n|poke|p2|Great Tusk|\n|poke|p2|Ribombee, M|\n|poke|p2|Iron Valiant|\n|poke|p2|Gholdengo|\n|poke|p2|Grimmsnarl, M|\n|poke|p2|Gyarados, M|\n|teampreview\n|inactive|Battle timer is ON: inactive players will automatically lose when time's up. (requested by billychily)\n|\n|t:|1701203143\n|start\n|switch|p1a: Skeledirge|Skeledirge, M|100\/100\n|switch|p2a: mid|Ribombee, M|100\/100\n|turn|1\n|\n|t:|1701203149\n|move|p2a: mid|Stun Spore|p1a: Skeledirge|[miss]\n|-miss|p2a: mid|p1a: Skeledirge\n|move|p1a: Skeledirge|Torch Song|p2a: mid\n|-supereffective|p2a: mid\n|-enditem|p2a: mid|Focus Sash\n|-damage|p2a: mid|1\/100\n|-boost|p1a: Skeledirge|spa|1\n|\n|upkeep\n|turn|2\n|\n|t:|1701203160\n|switch|p1a: Meowscarada|Meowscarada, M|100\/100\n|move|p2a: mid|Sticky Web|p1a: Meowscarada\n|-sidestart|p1: willucus|move: Sticky Web\n|\n|upkeep\n|turn|3\n|\n|t:|1701203177\n|move|p2a: mid|Sticky Web||[still]\n|-fail|p2a: mid\n|move|p1a: Meowscarada|Knock Off|p2a: mid\n|-start|p1a: Meowscarada|typechange|Dark|[from] ability: Protean\n|-resisted|p2a: mid\n|-damage|p2a: mid|0 fnt\n|faint|p2a: mid\n|-damage|p1a: Meowscarada|91\/100|[from] item: Life Orb\n|\n|upkeep\n|\n|t:|1701203181\n|switch|p2a: ubers-bl|Grimmsnarl, M, shiny|100\/100\n|turn|4\n|\n|t:|1701203198\n|move|p2a: ubers-bl|Reflect|p2a: ubers-bl\n|-sidestart|p2: billychily|Reflect\n|move|p1a: Meowscarada|U-turn|p2a: ubers-bl\n|-damage|p2a: ubers-bl|85\/100\n|-damage|p1a: Meowscarada|81\/100|[from] item: Life Orb\n|\n|t:|1701203210\n|switch|p1a: Kingambit|Kingambit, M|100\/100|[from] U-turn\n|-activate|p1a: Kingambit|move: Sticky Web\n|-unboost|p1a: Kingambit|spe|1\n|-ability|p1a: Kingambit|Defiant|boost\n|-boost|p1a: Kingambit|atk|2\n|\n|upkeep\n|turn|5\n|inactive|billychily has 120 seconds left.\n|\n|t:|1701203247\n|move|p2a: ubers-bl|Taunt|p1a: Kingambit\n|-hint|Since gen 7, Dark is immune to Prankster moves.\n|-immune|p1a: Kingambit\n|move|p1a: Kingambit|Iron Head|p2a: ubers-bl\n|-supereffective|p2a: ubers-bl\n|-damage|p2a: ubers-bl|0 fnt\n|faint|p2a: ubers-bl\n|\n|upkeep\n|\n|t:|1701203254\n|switch|p2a: Gyarados|Gyarados, M, shiny|100\/100\n|turn|6\n|\n|t:|1701203283\n|-terastallize|p2a: Gyarados|Ground\n|-terastallize|p1a: Kingambit|Flying\n|move|p1a: Kingambit|Sucker Punch|p2a: Gyarados\n|-damage|p2a: Gyarados|54\/100\n|move|p2a: Gyarados|Earthquake|p1a: Kingambit\n|-immune|p1a: Kingambit\n|\n|upkeep\n|turn|7\n|inactive|billychily has 120 seconds left.\n|\n|t:|1701203305\n|move|p2a: Gyarados|Dragon Dance|p2a: Gyarados\n|-boost|p2a: Gyarados|atk|1\n|-boost|p2a: Gyarados|spe|1\n|move|p1a: Kingambit|Kowtow Cleave|p2a: Gyarados\n|-damage|p2a: Gyarados|0 fnt\n|faint|p2a: Gyarados\n|\n|upkeep\n|\n|t:|1701203318\n|switch|p2a: ladyb0y|Iron Valiant|100\/100\n|-enditem|p2a: ladyb0y|Booster Energy\n|-activate|p2a: ladyb0y|ability: Quark Drive|[fromitem]\n|-start|p2a: ladyb0y|quarkdrivespe\n|turn|8\n|\n|t:|1701203327\n|move|p2a: ladyb0y|Destiny Bond|p2a: ladyb0y\n|-singlemove|p2a: ladyb0y|Destiny Bond\n|move|p1a: Kingambit|Tera Blast|p2a: ladyb0y|[anim] Tera Blast Flying\n|-supereffective|p2a: ladyb0y\n|-damage|p2a: ladyb0y|0 fnt\n|faint|p2a: ladyb0y\n|-activate|p2a: ladyb0y|move: Destiny Bond\n|-end|p2a: ladyb0y|Quark Drive|[silent]\n|faint|p1a: Kingambit\n|\n|upkeep\n|inactive|billychily has 120 seconds left.\n|\n|t:|1701203339\n|switch|p2a: balanced|Great Tusk|100\/100\n|switch|p1a: Ribombee|Ribombee, M|100\/100\n|-activate|p1a: Ribombee|move: Sticky Web\n|-unboost|p1a: Ribombee|spe|1\n|-enditem|p2a: balanced|Booster Energy\n|-activate|p2a: balanced|ability: Protosynthesis|[fromitem]\n|-start|p2a: balanced|protosynthesisatk\n|turn|9\n|\n|t:|1701203349\n|move|p2a: balanced|Ice Spinner|p1a: Ribombee\n|-damage|p1a: Ribombee|25\/100\n|move|p1a: Ribombee|Moonblast|p2a: balanced\n|-supereffective|p2a: balanced\n|-damage|p2a: balanced|0 fnt\n|faint|p2a: balanced\n|-end|p2a: balanced|Protosynthesis|[silent]\n|\n|upkeep\n|\n|t:|1701203355\n|switch|p2a: balanced af|Gholdengo|100\/100\n|-item|p2a: balanced af|Air Balloon\n|turn|10\n|\n|t:|1701203362\n|move|p1a: Ribombee|Tailwind|p1a: Ribombee\n|-sidestart|p1: willucus|move: Tailwind\n|move|p2a: balanced af|Shadow Ball|p1a: Ribombee\n|-damage|p1a: Ribombee|0 fnt\n|faint|p1a: Ribombee\n|\n|upkeep\n|\n|t:|1701203367\n|switch|p1a: Skeledirge|Skeledirge, M|100\/100\n|-activate|p1a: Skeledirge|move: Sticky Web\n|-unboost|p1a: Skeledirge|spe|1\n|turn|11\n|\n|t:|1701203374\n|move|p1a: Skeledirge|Torch Song|p2a: balanced af\n|-supereffective|p2a: balanced af\n|-damage|p2a: balanced af|13\/100\n|-boost|p1a: Skeledirge|spa|1\n|-enditem|p2a: balanced af|Air Balloon\n|move|p2a: balanced af|Shadow Ball|p1a: Skeledirge\n|-supereffective|p1a: Skeledirge\n|-damage|p1a: Skeledirge|14\/100\n|\n|-heal|p1a: Skeledirge|20\/100|[from] item: Leftovers\n|-sideend|p2: billychily|Reflect\n|upkeep\n|turn|12\n|\n|t:|1701203377\n|move|p1a: Skeledirge|Torch Song|p2a: balanced af\n|-supereffective|p2a: balanced af\n|-damage|p2a: balanced af|0 fnt\n|-boost|p1a: Skeledirge|spa|1\n|faint|p2a: balanced af\n|\n|win|willucus\n|raw|willucus's rating: 1110 &rarr; <strong>1132<\/strong><br \/>(+22 for winning)\n|raw|billychily's rating: 1062 &rarr; <strong>1045<\/strong><br \/>(-17 for losing)\n|l|\u2606billychily\n","uploadtime":1701203384,"views":0,"p1id":"willucus","p2id":"billychily","formatid":"gen9ou","rating":1045,"private":0,"password":""}