{"id":"gen9ou-1993204518","p1":"v4tex","p2":"Shadeshade22","format":"[Gen 9] OU","log":"|j|\u2606v4tex\n|j|\u2606Shadeshade22\n|t:|1700277723\n|gametype|singles\n|player|p1|v4tex|steven|1131\n|player|p2|Shadeshade22|169|1076\n|teamsize|p1|6\n|teamsize|p2|6\n|gen|9\n|tier|[Gen 9] OU\n|rated|\n|rule|Sleep Clause Mod: Limit one foe put to sleep\n|rule|Species Clause: Limit one of each Pok\u00e9mon\n|rule|OHKO Clause: OHKO moves are banned\n|rule|Evasion Items Clause: Evasion items are banned\n|rule|Evasion Moves Clause: Evasion moves are banned\n|rule|Endless Battle Clause: Forcing endless battles is banned\n|rule|HP Percentage Mod: HP is shown in percentages\n|clearpoke\n|poke|p1|Ribombee, F|\n|poke|p1|Corviknight, F|\n|poke|p1|Iron Valiant|\n|poke|p1|Gholdengo|\n|poke|p1|Landorus-Therian, M|\n|poke|p1|Kingambit, M|\n|poke|p2|Charizard, M|\n|poke|p2|Salamence, F|\n|poke|p2|Snorlax, M|\n|poke|p2|Gyarados, M|\n|poke|p2|Luxray, M|\n|poke|p2|Amoonguss, M|\n|teampreview\n|\n|t:|1700277729\n|start\n|switch|p1a: 464BST|Ribombee, F|100\/100\n|switch|p2a: Charizard|Charizard, M|100\/100\n|turn|1\n|inactive|Battle timer is ON: inactive players will automatically lose when time's up. (requested by Shadeshade22)\n|\n|t:|1700277774\n|move|p1a: 464BST|Sticky Web|p2a: Charizard\n|-sidestart|p2: Shadeshade22|move: Sticky Web\n|move|p2a: Charizard|Swords Dance|p2a: Charizard\n|-boost|p2a: Charizard|atk|2\n|\n|upkeep\n|turn|2\n|\n|t:|1700277779\n|move|p1a: 464BST|Stun Spore|p2a: Charizard|[miss]\n|-miss|p1a: 464BST|p2a: Charizard\n|move|p2a: Charizard|Flamethrower|p1a: 464BST\n|-supereffective|p1a: 464BST\n|-enditem|p1a: 464BST|Focus Sash\n|-damage|p1a: 464BST|1\/100\n|\n|upkeep\n|turn|3\n|\n|t:|1700277789\n|move|p1a: 464BST|Stun Spore|p2a: Charizard\n|-status|p2a: Charizard|par\n|cant|p2a: Charizard|par\n|\n|upkeep\n|turn|4\n|c|\u2606v4tex|swords dance into a special attacker???\n|\n|t:|1700277804\n|move|p1a: 464BST|Moonblast|p2a: Charizard\n|-resisted|p2a: Charizard\n|-damage|p2a: Charizard|80\/100 par\n|move|p2a: Charizard|Air Slash|p1a: 464BST\n|-supereffective|p1a: 464BST\n|-damage|p1a: 464BST|0 fnt\n|faint|p1a: 464BST\n|\n|upkeep\n|\n|t:|1700277816\n|switch|p1a: guessinggame|Iron Valiant|100\/100\n|-enditem|p1a: guessinggame|Booster Energy\n|-activate|p1a: guessinggame|ability: Quark Drive|[fromitem]\n|-start|p1a: guessinggame|quarkdrivespe\n|turn|5\n|\n|t:|1700277821\n|move|p1a: guessinggame|Thunderbolt|p2a: Charizard\n|-supereffective|p2a: Charizard\n|-damage|p2a: Charizard|15\/100 par\n|move|p2a: Charizard|Air Slash|p1a: guessinggame\n|-supereffective|p1a: guessinggame\n|-damage|p1a: guessinggame|11\/100\n|\n|upkeep\n|turn|6\n|\n|t:|1700277828\n|move|p1a: guessinggame|Thunderbolt|p2a: Charizard\n|-supereffective|p2a: Charizard\n|-damage|p2a: Charizard|0 fnt\n|faint|p2a: Charizard\n|\n|upkeep\n|\n|t:|1700277836\n|switch|p2a: Luxray|Luxray, M|100\/100\n|-activate|p2a: Luxray|move: Sticky Web\n|-unboost|p2a: Luxray|spe|1\n|-ability|p2a: Luxray|Intimidate|boost\n|-unboost|p1a: guessinggame|atk|1\n|turn|7\n|\n|t:|1700277843\n|move|p1a: guessinggame|Moonblast|p2a: Luxray\n|-damage|p2a: Luxray|40\/100\n|move|p2a: Luxray|Psychic Fangs|p1a: guessinggame\n|-supereffective|p1a: guessinggame\n|-damage|p1a: guessinggame|0 fnt\n|faint|p1a: guessinggame\n|-end|p1a: guessinggame|Quark Drive|[silent]\n|\n|-heal|p2a: Luxray|46\/100|[from] item: Leftovers\n|upkeep\n|\n|t:|1700277850\n|switch|p1a: Reddit Ghold|Gholdengo|100\/100\n|-item|p1a: Reddit Ghold|Air Balloon\n|turn|8\n|\n|t:|1700277855\n|switch|p2a: Salamence|Salamence, F|100\/100\n|move|p1a: Reddit Ghold|Shadow Ball|p2a: Salamence\n|-damage|p2a: Salamence|54\/100\n|\n|upkeep\n|turn|9\n|\n|t:|1700277861\n|move|p2a: Salamence|Fire Blast|p1a: Reddit Ghold|[miss]\n|-miss|p2a: Salamence|p1a: Reddit Ghold\n|move|p1a: Reddit Ghold|Nasty Plot|p1a: Reddit Ghold\n|-boost|p1a: Reddit Ghold|spa|2\n|\n|upkeep\n|turn|10\n|\n|t:|1700277867\n|-terastallize|p1a: Reddit Ghold|Water\n|move|p2a: Salamence|Roost|p2a: Salamence\n|-heal|p2a: Salamence|100\/100\n|-singleturn|p2a: Salamence|move: Roost\n|move|p1a: Reddit Ghold|Shadow Ball|p2a: Salamence\n|-damage|p2a: Salamence|10\/100\n|\n|upkeep\n|turn|11\n|\n|t:|1700277875\n|move|p2a: Salamence|Roost|p2a: Salamence\n|-heal|p2a: Salamence|60\/100\n|-singleturn|p2a: Salamence|move: Roost\n|move|p1a: Reddit Ghold|Shadow Ball|p2a: Salamence\n|-damage|p2a: Salamence|0 fnt\n|faint|p2a: Salamence\n|\n|upkeep\n|\n|t:|1700277885\n|switch|p2a: Gyarados|Gyarados, M|100\/100\n|-ability|p2a: Gyarados|Intimidate|boost\n|-unboost|p1a: Reddit Ghold|atk|1\n|turn|12\n|\n|t:|1700277892\n|move|p1a: Reddit Ghold|Shadow Ball|p2a: Gyarados\n|-damage|p2a: Gyarados|7\/100\n|move|p2a: Gyarados|Thunderbolt|p1a: Reddit Ghold\n|-supereffective|p1a: Reddit Ghold\n|-damage|p1a: Reddit Ghold|63\/100\n|-status|p1a: Reddit Ghold|par\n|-enditem|p1a: Reddit Ghold|Air Balloon\n|\n|-heal|p2a: Gyarados|13\/100|[from] item: Leftovers\n|upkeep\n|turn|13\n|\n|t:|1700277901\n|move|p2a: Gyarados|Thunderbolt|p1a: Reddit Ghold\n|-supereffective|p1a: Reddit Ghold\n|-damage|p1a: Reddit Ghold|25\/100 par\n|cant|p1a: Reddit Ghold|par\n|\n|-heal|p2a: Gyarados|19\/100|[from] item: Leftovers\n|upkeep\n|turn|14\n|\n|t:|1700277912\n|move|p2a: Gyarados|Thunderbolt|p1a: Reddit Ghold\n|-supereffective|p1a: Reddit Ghold\n|-damage|p1a: Reddit Ghold|0 fnt\n|faint|p1a: Reddit Ghold\n|\n|-heal|p2a: Gyarados|25\/100|[from] item: Leftovers\n|upkeep\n|\n|t:|1700277917\n|switch|p1a: ADVOU|Corviknight, F|100\/100\n|-ability|p1a: ADVOU|Pressure\n|turn|15\n|\n|t:|1700277924\n|move|p2a: Gyarados|Surf|p1a: ADVOU\n|-damage|p1a: ADVOU|71\/100\n|move|p1a: ADVOU|Brave Bird|p2a: Gyarados\n|-damage|p2a: Gyarados|0 fnt\n|faint|p2a: Gyarados\n|-damage|p1a: ADVOU|64\/100|[from] Recoil\n|\n|upkeep\n|\n|t:|1700277938\n|switch|p2a: Snorlax|Snorlax, M|100\/100\n|-activate|p2a: Snorlax|move: Sticky Web\n|-unboost|p2a: Snorlax|spe|1\n|turn|16\n|\n|t:|1700277944\n|move|p1a: ADVOU|U-turn|p2a: Snorlax\n|-damage|p2a: Snorlax|90\/100\n|\n|t:|1700277947\n|switch|p1a: Vengeance|Landorus-Therian, M|100\/100|[from] U-turn\n|-ability|p1a: Vengeance|Intimidate|boost\n|-unboost|p2a: Snorlax|atk|1\n|move|p2a: Snorlax|Counter|p1a: Vengeance\n|-damage|p1a: Vengeance|70\/100\n|\n|-heal|p1a: Vengeance|76\/100|[from] item: Leftovers\n|-heal|p2a: Snorlax|96\/100|[from] item: Leftovers\n|upkeep\n|turn|17\n|\n|t:|1700277957\n|move|p1a: Vengeance|Stealth Rock|p2a: Snorlax\n|-sidestart|p2: Shadeshade22|move: Stealth Rock\n|move|p2a: Snorlax|Ice Beam|p1a: Vengeance\n|-supereffective|p1a: Vengeance\n|-damage|p1a: Vengeance|0 fnt\n|faint|p1a: Vengeance\n|\n|-heal|p2a: Snorlax|100\/100|[from] item: Leftovers\n|upkeep\n|\n|t:|1700277962\n|switch|p1a: ADVOU|Corviknight, F|64\/100\n|-ability|p1a: ADVOU|Pressure\n|turn|18\n|\n|t:|1700277968\n|move|p1a: ADVOU|Roost|p1a: ADVOU\n|-heal|p1a: ADVOU|100\/100\n|-singleturn|p1a: ADVOU|move: Roost\n|move|p2a: Snorlax|Counter||[still]\n|-fail|p2a: Snorlax\n|\n|upkeep\n|turn|19\n|\n|t:|1700277976\n|move|p1a: ADVOU|Brave Bird|p2a: Snorlax\n|-damage|p2a: Snorlax|71\/100\n|-damage|p1a: ADVOU|89\/100|[from] Recoil\n|move|p2a: Snorlax|Counter|p1a: ADVOU\n|-damage|p1a: ADVOU|21\/100\n|-damage|p2a: Snorlax|55\/100|[from] item: Rocky Helmet|[of] p1a: ADVOU\n|\n|-heal|p2a: Snorlax|61\/100|[from] item: Leftovers\n|upkeep\n|turn|20\n|\n|t:|1700277987\n|move|p1a: ADVOU|Brave Bird|p2a: Snorlax\n|-damage|p2a: Snorlax|35\/100\n|-damage|p1a: ADVOU|11\/100|[from] Recoil\n|move|p2a: Snorlax|Counter|p1a: ADVOU\n|-damage|p1a: ADVOU|0 fnt\n|-damage|p2a: Snorlax|18\/100|[from] item: Rocky Helmet|[of] p1a: ADVOU\n|faint|p1a: ADVOU\n|\n|-heal|p2a: Snorlax|24\/100|[from] item: Leftovers\n|upkeep\n|\n|t:|1700278013\n|switch|p1a: LondonSystem|Kingambit, M|100\/100\n|-activate|p1a: LondonSystem|ability: Supreme Overlord\n|-start|p1a: LondonSystem|fallen5|[silent]\n|turn|21\n|\n|t:|1700278017\n|move|p1a: LondonSystem|Kowtow Cleave|p2a: Snorlax\n|-damage|p2a: Snorlax|0 fnt\n|faint|p2a: Snorlax\n|\n|upkeep\n|\n|t:|1700278021\n|switch|p2a: Luxray|Luxray, M|46\/100\n|-activate|p2a: Luxray|move: Sticky Web\n|-unboost|p2a: Luxray|spe|1\n|-damage|p2a: Luxray|33\/100|[from] Stealth Rock\n|-ability|p2a: Luxray|Intimidate|boost\n|-unboost|p1a: LondonSystem|atk|1\n|turn|22\n|\n|t:|1700278034\n|move|p2a: Luxray|Thunder Wave|p1a: LondonSystem\n|-status|p1a: LondonSystem|par\n|-enditem|p1a: LondonSystem|Lum Berry|[eat]\n|-curestatus|p1a: LondonSystem|par|[msg]\n|move|p1a: LondonSystem|Swords Dance|p1a: LondonSystem\n|-boost|p1a: LondonSystem|atk|2\n|\n|-heal|p2a: Luxray|39\/100|[from] item: Leftovers\n|upkeep\n|turn|23\n|\n|t:|1700278043\n|move|p1a: LondonSystem|Sucker Punch||[still]\n|-fail|p1a: LondonSystem\n|move|p2a: Luxray|Thunder Wave|p1a: LondonSystem\n|-status|p1a: LondonSystem|par\n|\n|-heal|p2a: Luxray|45\/100|[from] item: Leftovers\n|upkeep\n|turn|24\n|\n|t:|1700278051\n|move|p2a: Luxray|Play Rough|p1a: LondonSystem\n|-damage|p1a: LondonSystem|81\/100 par\n|-unboost|p1a: LondonSystem|atk|1\n|move|p1a: LondonSystem|Kowtow Cleave|p2a: Luxray\n|-damage|p2a: Luxray|0 fnt\n|faint|p2a: Luxray\n|\n|upkeep\n|\n|t:|1700278058\n|switch|p2a: Amoonguss|Amoonguss, M|100\/100\n|-activate|p2a: Amoonguss|move: Sticky Web\n|-unboost|p2a: Amoonguss|spe|1\n|-damage|p2a: Amoonguss|88\/100|[from] Stealth Rock\n|turn|25\n|\n|t:|1700278065\n|move|p2a: Amoonguss|Spore||[still]\n|-fail|p2a: Amoonguss\n|move|p1a: LondonSystem|Kowtow Cleave|p2a: Amoonguss\n|-damage|p2a: Amoonguss|18\/100\n|\n|-heal|p2a: Amoonguss|24\/100|[from] item: Leftovers\n|upkeep\n|turn|26\n|\n|t:|1700278073\n|move|p2a: Amoonguss|Spore||[still]\n|-fail|p2a: Amoonguss\n|move|p1a: LondonSystem|Kowtow Cleave|p2a: Amoonguss\n|-damage|p2a: Amoonguss|0 fnt\n|faint|p2a: Amoonguss\n|\n|win|v4tex\n|raw|v4tex's rating: 1131 &rarr; <strong>1152<\/strong><br \/>(+21 for winning)\n|raw|Shadeshade22's rating: 1076 &rarr; <strong>1058<\/strong><br \/>(-18 for losing)\n|l|\u2606Shadeshade22\n","uploadtime":1700278081,"views":43,"p1id":"v4tex","p2id":"shadeshade22","formatid":"gen9ou","rating":1058,"private":0,"password":""}