{"id":"gen9ou-1990817079","p1":"Lawrence1307","p2":"demon slayers 552","format":"[Gen 9] OU","log":"|j|\u2606Lawrence1307\n|j|\u2606demon slayers 552\n|t:|1700003852\n|gametype|singles\n|player|p1|Lawrence1307|169|1045\n|player|p2|demon slayers 552|lady-gen4|1000\n|teamsize|p1|6\n|teamsize|p2|6\n|gen|9\n|tier|[Gen 9] OU\n|rated|\n|rule|Sleep Clause Mod: Limit one foe put to sleep\n|rule|Species Clause: Limit one of each Pok\u00e9mon\n|rule|OHKO Clause: OHKO moves are banned\n|rule|Evasion Items Clause: Evasion items are banned\n|rule|Evasion Moves Clause: Evasion moves are banned\n|rule|Endless Battle Clause: Forcing endless battles is banned\n|rule|HP Percentage Mod: HP is shown in percentages\n|clearpoke\n|poke|p1|Ninetales, F|\n|poke|p1|Dragonite, M|\n|poke|p1|Great Tusk|\n|poke|p1|Corviknight, M|\n|poke|p1|Sandy Shocks|\n|poke|p1|Walking Wake|\n|poke|p2|Greninja-*, M|\n|poke|p2|Corviknight, M|\n|poke|p2|Houndoom, F|\n|poke|p2|Copperajah, F|\n|poke|p2|Iron Leaves|\n|poke|p2|Torkoal, F|\n|teampreview\n|\n|t:|1700003896\n|start\n|switch|p1a: Walking Wake|Walking Wake|100\/100\n|switch|p2a: Iron Leaves|Iron Leaves|100\/100\n|turn|1\n|\n|t:|1700003919\n|move|p2a: Iron Leaves|Air Slash|p1a: Walking Wake\n|-damage|p1a: Walking Wake|81\/100\n|cant|p1a: Walking Wake|flinch\n|\n|upkeep\n|turn|2\n|\n|t:|1700003926\n|move|p2a: Iron Leaves|Brick Break|p1a: Walking Wake\n|-damage|p1a: Walking Wake|60\/100\n|move|p1a: Walking Wake|Flamethrower|p2a: Iron Leaves\n|-supereffective|p2a: Iron Leaves\n|-damage|p2a: Iron Leaves|57\/100\n|\n|upkeep\n|turn|3\n|\n|t:|1700003943\n|-end|p1a: Walking Wake|Protosynthesis|[silent]\n|switch|p1a: Corviknight|Corviknight, M|100\/100\n|-ability|p1a: Corviknight|Pressure\n|move|p2a: Iron Leaves|Air Slash|p1a: Corviknight\n|-resisted|p1a: Corviknight\n|-damage|p1a: Corviknight|92\/100\n|\n|-heal|p1a: Corviknight|98\/100|[from] item: Leftovers\n|upkeep\n|turn|4\n|\n|t:|1700003961\n|-end|p2a: Iron Leaves|Quark Drive|[silent]\n|switch|p2a: Copperajah|Copperajah, F|100\/100\n|move|p1a: Corviknight|U-turn|p2a: Copperajah\n|-resisted|p2a: Copperajah\n|-damage|p2a: Copperajah|92\/100\n|\n|t:|1700003972\n|switch|p1a: Ninetales|Ninetales, F|100\/100|[from] U-turn\n|-weather|SunnyDay|[from] ability: Drought|[of] p1a: Ninetales\n|\n|-weather|SunnyDay|[upkeep]\n|upkeep\n|turn|5\n|\n|t:|1700003981\n|move|p1a: Ninetales|Fire Blast|p2a: Copperajah\n|-supereffective|p2a: Copperajah\n|-damage|p2a: Copperajah|0 fnt\n|faint|p2a: Copperajah\n|\n|-weather|SunnyDay|[upkeep]\n|upkeep\n|\n|t:|1700003990\n|switch|p2a: Corviknight|Corviknight, M|100\/100\n|-ability|p2a: Corviknight|Pressure\n|turn|6\n|\n|t:|1700003995\n|move|p1a: Ninetales|Fire Blast|p2a: Corviknight\n|-supereffective|p2a: Corviknight\n|-damage|p2a: Corviknight|0 fnt\n|faint|p2a: Corviknight\n|\n|-weather|SunnyDay|[upkeep]\n|upkeep\n|\n|t:|1700004003\n|switch|p2a: Greninja|Greninja, M, shiny|100\/100\n|turn|7\n|\n|t:|1700004022\n|move|p2a: Greninja|Extrasensory|p1a: Ninetales\n|-damage|p1a: Ninetales|59\/100\n|move|p1a: Ninetales|Solar Beam||[still]\n|-prepare|p1a: Ninetales|Solar Beam\n|-anim|p1a: Ninetales|Solar Beam|p2a: Greninja\n|-supereffective|p2a: Greninja\n|-damage|p2a: Greninja|0 fnt\n|faint|p2a: Greninja\n|\n|-weather|SunnyDay|[upkeep]\n|upkeep\n|\n|t:|1700004035\n|switch|p2a: Torkoal|Torkoal, F|100\/100\n|turn|8\n|\n|t:|1700004060\n|switch|p1a: Sandy Shocks|Sandy Shocks|100\/100\n|-activate|p1a: Sandy Shocks|ability: Protosynthesis\n|-start|p1a: Sandy Shocks|protosynthesisspe\n|move|p2a: Torkoal|Body Slam|p1a: Sandy Shocks\n|-damage|p1a: Sandy Shocks|82\/100\n|\n|-weather|SunnyDay|[upkeep]\n|upkeep\n|turn|9\n|-message|demon slayers 552 forfeited.\n|\n|win|Lawrence1307\n|raw|Lawrence1307's rating: 1045 &rarr; <strong>1074<\/strong><br \/>(+29 for winning)\n|raw|demon slayers 552's rating: 1000 &rarr; <strong>1000<\/strong><br \/>(+0 for losing)\n|l|\u2606demon slayers 552\n","uploadtime":1700004140,"views":12,"p1id":"lawrence1307","p2id":"demonslayers552","formatid":"gen9ou","rating":1000,"private":0,"password":""}