{"id":"gen9ou-1999757429","p1":"nassd","p2":"Power spent","format":"[Gen 9] OU","log":"|j|\u2606nassd\n|j|\u2606Power spent\n|t:|1701113989\n|gametype|singles\n|player|p1|nassd|buck|1309\n|player|p2|Power spent|102|1230\n|teamsize|p1|6\n|teamsize|p2|6\n|gen|9\n|tier|[Gen 9] OU\n|rated|\n|rule|Sleep Clause Mod: Limit one foe put to sleep\n|rule|Species Clause: Limit one of each Pok\u00e9mon\n|rule|OHKO Clause: OHKO moves are banned\n|rule|Evasion Items Clause: Evasion items are banned\n|rule|Evasion Moves Clause: Evasion moves are banned\n|rule|Endless Battle Clause: Forcing endless battles is banned\n|rule|HP Percentage Mod: HP is shown in percentages\n|clearpoke\n|poke|p1|Torkoal, M|\n|poke|p1|Lilligant-Hisui, F|\n|poke|p1|Walking Wake|\n|poke|p1|Zapdos|\n|poke|p1|Iron Moth|\n|poke|p1|Landorus-Therian, M|\n|poke|p2|Greninja-*, M|\n|poke|p2|Ceruledge, F|\n|poke|p2|Rillaboom, F|\n|poke|p2|Glimmora, M|\n|poke|p2|Zamazenta-*|\n|poke|p2|Enamorus, F|\n|teampreview\n|inactive|Battle timer is ON: inactive players will automatically lose when time's up. (requested by nassd)\n|\n|t:|1701114003\n|start\n|switch|p1a: Torkoal|Torkoal, M|100\/100\n|switch|p2a: Greninja|Greninja, M|100\/100\n|-weather|SunnyDay|[from] ability: Drought|[of] p1a: Torkoal\n|turn|1\n|\n|t:|1701114009\n|move|p2a: Greninja|Dark Pulse|p1a: Torkoal\n|-crit|p1a: Torkoal\n|-damage|p1a: Torkoal|15\/100\n|-damage|p2a: Greninja|91\/100|[from] item: Life Orb\n|move|p1a: Torkoal|Solar Beam||[still]\n|-prepare|p1a: Torkoal|Solar Beam\n|-anim|p1a: Torkoal|Solar Beam|p2a: Greninja\n|-supereffective|p2a: Greninja\n|-damage|p2a: Greninja|0 fnt\n|faint|p2a: Greninja\n|\n|-weather|SunnyDay|[upkeep]\n|upkeep\n|\n|t:|1701114020\n|switch|p2a: Glimmora|Glimmora, M|100\/100\n|turn|2\n|\n|t:|1701114027\n|switch|p1a: Walking Wake|Walking Wake|100\/100\n|-activate|p1a: Walking Wake|ability: Protosynthesis\n|-start|p1a: Walking Wake|protosynthesisspe\n|move|p2a: Glimmora|Power Gem|p1a: Walking Wake\n|-damage|p1a: Walking Wake|55\/100\n|\n|-weather|SunnyDay|[upkeep]\n|upkeep\n|turn|3\n|\n|t:|1701114034\n|move|p1a: Walking Wake|Hydro Steam|p2a: Glimmora\n|-supereffective|p2a: Glimmora\n|-enditem|p2a: Glimmora|Focus Sash\n|-damage|p2a: Glimmora|1\/100\n|-damage|p1a: Walking Wake|45\/100|[from] item: Life Orb\n|move|p2a: Glimmora|Sludge Wave|p1a: Walking Wake\n|-damage|p1a: Walking Wake|0 fnt\n|faint|p1a: Walking Wake\n|-end|p1a: Walking Wake|Protosynthesis|[silent]\n|\n|-weather|SunnyDay|[upkeep]\n|upkeep\n|\n|t:|1701114044\n|switch|p1a: Iron Moth|Iron Moth|100\/100\n|-enditem|p1a: Iron Moth|Booster Energy\n|-activate|p1a: Iron Moth|ability: Quark Drive|[fromitem]\n|-start|p1a: Iron Moth|quarkdrivespe\n|turn|4\n|\n|t:|1701114055\n|move|p1a: Iron Moth|Fiery Dance|p2a: Glimmora\n|-resisted|p2a: Glimmora\n|-damage|p2a: Glimmora|0 fnt\n|faint|p2a: Glimmora\n|\n|-weather|SunnyDay|[upkeep]\n|upkeep\n|\n|t:|1701114058\n|switch|p2a: Ceruledge|Ceruledge, F, shiny|100\/100\n|turn|5\n|\n|t:|1701114067\n|-terastallize|p1a: Iron Moth|Ground\n|move|p1a: Iron Moth|Tera Blast|p2a: Ceruledge|[anim] Tera Blast Ground\n|-supereffective|p2a: Ceruledge\n|-damage|p2a: Ceruledge|6\/100\n|move|p2a: Ceruledge|Swords Dance|p2a: Ceruledge\n|-boost|p2a: Ceruledge|atk|2\n|\n|-weather|SunnyDay|[upkeep]\n|upkeep\n|turn|6\n|\n|t:|1701114075\n|move|p2a: Ceruledge|Shadow Sneak|p1a: Iron Moth\n|-damage|p1a: Iron Moth|31\/100\n|move|p1a: Iron Moth|Sludge Wave|p2a: Ceruledge\n|-resisted|p2a: Ceruledge\n|-damage|p2a: Ceruledge|0 fnt\n|faint|p2a: Ceruledge\n|\n|-weather|SunnyDay|[upkeep]\n|upkeep\n|\n|t:|1701114081\n|switch|p2a: Rillaboom|Rillaboom, F|100\/100\n|-fieldstart|move: Grassy Terrain|[from] ability: Grassy Surge|[of] p2a: Rillaboom\n|turn|7\n|\n|t:|1701114087\n|-end|p1a: Iron Moth|Quark Drive|[silent]\n|switch|p1a: Zapdos|Zapdos|100\/100\n|move|p2a: Rillaboom|U-turn|p1a: Zapdos\n|-resisted|p1a: Zapdos\n|-damage|p1a: Zapdos|83\/100\n|-status|p2a: Rillaboom|par|[from] ability: Static|[of] p1a: Zapdos\n|\n|t:|1701114091\n|switch|p2a: Enamorus|Enamorus, F|100\/100|[from] U-turn\n|\n|-weather|SunnyDay|[upkeep]\n|upkeep\n|turn|8\n|\n|t:|1701114097\n|move|p2a: Enamorus|Superpower|p1a: Zapdos\n|-resisted|p1a: Zapdos\n|-damage|p1a: Zapdos|65\/100\n|-boost|p2a: Enamorus|atk|1\n|-boost|p2a: Enamorus|def|1\n|move|p1a: Zapdos|Volt Switch|p2a: Enamorus\n|-supereffective|p2a: Enamorus\n|-damage|p2a: Enamorus|26\/100\n|\n|t:|1701114111\n|switch|p1a: Landorus|Landorus-Therian, M|100\/100|[from] Volt Switch\n|-ability|p1a: Landorus|Intimidate|boost\n|-boost|p2a: Enamorus|atk|1\n|\n|-weather|none\n|upkeep\n|turn|9\n|\n|t:|1701114123\n|move|p2a: Enamorus|Play Rough|p1a: Landorus\n|-crit|p1a: Landorus\n|-damage|p1a: Landorus|0 fnt\n|faint|p1a: Landorus\n|\n|upkeep\n|\n|t:|1701114126\n|switch|p1a: Zapdos|Zapdos|65\/100\n|turn|10\n|\n|t:|1701114130\n|move|p2a: Enamorus|Play Rough|p1a: Zapdos\n|-damage|p1a: Zapdos|0 fnt\n|faint|p1a: Zapdos\n|\n|upkeep\n|\n|t:|1701114139\n|switch|p1a: Iron Moth|Iron Moth, tera:Ground|31\/100\n|turn|11\n|\n|t:|1701114143\n|move|p1a: Iron Moth|Fiery Dance|p2a: Enamorus\n|-damage|p2a: Enamorus|0 fnt\n|-boost|p1a: Iron Moth|spa|1\n|faint|p2a: Enamorus\n|\n|-heal|p1a: Iron Moth|37\/100|[from] Grassy Terrain\n|-fieldend|move: Grassy Terrain\n|upkeep\n|\n|t:|1701114149\n|switch|p2a: Rillaboom|Rillaboom, F|100\/100 par\n|-fieldstart|move: Grassy Terrain|[from] ability: Grassy Surge|[of] p2a: Rillaboom\n|turn|12\n|\n|t:|1701114154\n|-end|p1a: Iron Moth|Quark Drive|[silent]\n|switch|p1a: Torkoal|Torkoal, M|15\/100\n|-weather|SunnyDay|[from] ability: Drought|[of] p1a: Torkoal\n|move|p2a: Rillaboom|Grassy Glide|p1a: Torkoal\n|-resisted|p1a: Torkoal\n|-damage|p1a: Torkoal|0 fnt\n|faint|p1a: Torkoal\n|\n|-weather|SunnyDay|[upkeep]\n|upkeep\n|\n|t:|1701114161\n|switch|p1a: Lilligant|Lilligant-Hisui, F|100\/100\n|turn|13\n|\n|t:|1701114165\n|cant|p2a: Rillaboom|par\n|move|p1a: Lilligant|Swords Dance|p1a: Lilligant\n|-boost|p1a: Lilligant|atk|2\n|\n|-weather|SunnyDay|[upkeep]\n|upkeep\n|turn|14\n|\n|t:|1701114171\n|move|p2a: Rillaboom|Grassy Glide|p1a: Lilligant\n|-resisted|p1a: Lilligant\n|-damage|p1a: Lilligant|55\/100\n|move|p1a: Lilligant|Swords Dance|p1a: Lilligant\n|-boost|p1a: Lilligant|atk|2\n|\n|-weather|SunnyDay|[upkeep]\n|-heal|p1a: Lilligant|61\/100|[from] Grassy Terrain\n|upkeep\n|turn|15\n|\n|t:|1701114177\n|move|p2a: Rillaboom|Grassy Glide|p1a: Lilligant\n|-resisted|p1a: Lilligant\n|-damage|p1a: Lilligant|20\/100\n|move|p1a: Lilligant|Acrobatics|p2a: Rillaboom\n|-supereffective|p2a: Rillaboom\n|-damage|p2a: Rillaboom|0 fnt\n|faint|p2a: Rillaboom\n|\n|-weather|SunnyDay|[upkeep]\n|-heal|p1a: Lilligant|26\/100|[from] Grassy Terrain\n|upkeep\n|\n|t:|1701114183\n|switch|p2a: Zamazenta|Zamazenta|100\/100\n|-ability|p2a: Zamazenta|Dauntless Shield|boost\n|-boost|p2a: Zamazenta|def|1\n|turn|16\n|\n|t:|1701114190\n|-terastallize|p2a: Zamazenta|Fairy\n|move|p1a: Lilligant|Acrobatics|p2a: Zamazenta\n|-damage|p2a: Zamazenta|64\/100\n|-damage|p1a: Lilligant|10\/100|[from] item: Rocky Helmet|[of] p2a: Zamazenta\n|move|p2a: Zamazenta|Play Rough|p1a: Lilligant\n|-supereffective|p1a: Lilligant\n|-damage|p1a: Lilligant|0 fnt\n|faint|p1a: Lilligant\n|\n|-weather|SunnyDay|[upkeep]\n|-heal|p2a: Zamazenta|71\/100|[from] Grassy Terrain\n|-fieldend|move: Grassy Terrain\n|upkeep\n|\n|t:|1701114196\n|switch|p1a: Iron Moth|Iron Moth, tera:Ground|37\/100\n|turn|17\n|\n|t:|1701114203\n|move|p2a: Zamazenta|Body Press|p1a: Iron Moth\n|-damage|p1a: Iron Moth|0 fnt\n|faint|p1a: Iron Moth\n|-end|p1a: Iron Moth|Quark Drive|[silent]\n|\n|win|Power spent\n|raw|nassd's rating: 1309 &rarr; <strong>1285<\/strong><br \/>(-24 for losing)\n|raw|Power spent's rating: 1230 &rarr; <strong>1261<\/strong><br \/>(+31 for winning)\n|l|\u2606nassd\n","uploadtime":1701114220,"views":2,"p1id":"nassd","p2id":"powerspent","formatid":"gen9ou","rating":1261,"private":0,"password":""}