{"id":"gen9ou-1992788916","p1":"Angel_Oceanpart","p2":"Teisla","format":"[Gen 9] OU","log":"|j|\u2606Angel_Oceanpart\n|j|\u2606Teisla\n|t:|1700235560\n|gametype|singles\n|player|p1|Angel_Oceanpart|preschoolerf|1384\n|player|p2|Teisla|hilbert|1405\n|teamsize|p1|6\n|teamsize|p2|6\n|gen|9\n|tier|[Gen 9] OU\n|rated|\n|rule|Sleep Clause Mod: Limit one foe put to sleep\n|rule|Species Clause: Limit one of each Pok\u00e9mon\n|rule|OHKO Clause: OHKO moves are banned\n|rule|Evasion Items Clause: Evasion items are banned\n|rule|Evasion Moves Clause: Evasion moves are banned\n|rule|Endless Battle Clause: Forcing endless battles is banned\n|rule|HP Percentage Mod: HP is shown in percentages\n|clearpoke\n|poke|p1|Ditto|\n|poke|p1|Alomomola, M|\n|poke|p1|Corviknight, M|\n|poke|p1|Heatran, M|\n|poke|p1|Pawmot, M|\n|poke|p1|Zoroark, M|\n|poke|p2|Glimmora, F|\n|poke|p2|Gholdengo|\n|poke|p2|Ogerpon-Wellspring, F|\n|poke|p2|Kingambit, F|\n|poke|p2|Iron Moth|\n|poke|p2|Enamorus, F|\n|teampreview\n|inactive|Battle timer is ON: inactive players will automatically lose when time's up. (requested by Teisla)\n|inactive|Angel_Oceanpart also wants the timer to be on.\n|\n|t:|1700235587\n|start\n|switch|p1a: Tora|Alomomola, M|100\/100\n|switch|p2a: Glimmora|Glimmora, F|100\/100\n|turn|1\n|\n|t:|1700235595\n|move|p1a: Tora|U-turn|p2a: Glimmora\n|-resisted|p2a: Glimmora\n|-crit|p2a: Glimmora\n|-damage|p2a: Glimmora|81\/100\n|-activate|p2a: Glimmora|ability: Toxic Debris\n|-sidestart|p1: Angel_Oceanpart|move: Toxic Spikes\n|\n|t:|1700235599\n|switch|p1a: Forgive|Corviknight, M|100\/100|[from] U-turn\n|-ability|p1a: Forgive|Pressure\n|move|p2a: Glimmora|Stealth Rock|p1a: Forgive\n|-sidestart|p1: Angel_Oceanpart|move: Stealth Rock\n|\n|upkeep\n|turn|2\n|\n|t:|1700235612\n|switch|p2a: Gholdengo|Gholdengo|100\/100\n|-item|p2a: Gholdengo|Air Balloon\n|move|p1a: Forgive|U-turn|p2a: Gholdengo\n|-resisted|p2a: Gholdengo\n|-damage|p2a: Gholdengo|96\/100\n|-enditem|p2a: Gholdengo|Air Balloon\n|\n|t:|1700235624\n|switch|p1a: Tora|Alomomola, M|100\/100|[from] U-turn\n|-status|p1a: Tora|psn\n|-damage|p1a: Tora|88\/100 psn|[from] Stealth Rock\n|\n|-damage|p1a: Tora|76\/100 psn|[from] psn\n|upkeep\n|turn|3\n|\n|t:|1700235632\n|move|p1a: Tora|Knock Off|p2a: Gholdengo\n|-supereffective|p2a: Gholdengo\n|-damage|p2a: Gholdengo|17\/100\n|move|p2a: Gholdengo|Shadow Ball|p1a: Tora\n|-resisted|p1a: Tora\n|-damage|p1a: Tora|38\/100 psn\n|replace|p1a: Forget|Zoroark, M\n|-end|p1a: Forget|Illusion\n|\n|-damage|p1a: Forget|26\/100 psn|[from] psn\n|upkeep\n|turn|4\n|\n|t:|1700235642\n|move|p1a: Forget|Knock Off|p2a: Gholdengo\n|-supereffective|p2a: Gholdengo\n|-damage|p2a: Gholdengo|0 fnt\n|faint|p2a: Gholdengo\n|\n|-damage|p1a: Forget|14\/100 psn|[from] psn\n|upkeep\n|\n|t:|1700235652\n|switch|p2a: Glimmora|Glimmora, F|81\/100\n|turn|5\n|\n|t:|1700235658\n|switch|p1a: Forgive|Corviknight, M|100\/100\n|-damage|p1a: Forgive|88\/100|[from] Stealth Rock\n|-ability|p1a: Forgive|Pressure\n|move|p2a: Glimmora|Earth Power|p1a: Forgive\n|-immune|p1a: Forgive\n|\n|upkeep\n|turn|6\n|c|\u2606Angel_Oceanpart|wow\n|\n|t:|1700235669\n|move|p2a: Glimmora|Mortal Spin|p1a: Forgive\n|-immune|p1a: Forgive\n|move|p1a: Forgive|Defog|p2a: Glimmora\n|-unboost|p2a: Glimmora|evasion|1\n|-sideend|p1: Angel_Oceanpart|Toxic Spikes|[from] move: Defog|[of] p1a: Forgive\n|-sideend|p1: Angel_Oceanpart|Stealth Rock|[from] move: Defog|[of] p1a: Forgive\n|\n|upkeep\n|turn|7\n|\n|t:|1700235677\n|move|p2a: Glimmora|Stealth Rock|p1a: Forgive\n|-sidestart|p1: Angel_Oceanpart|move: Stealth Rock\n|move|p1a: Forgive|U-turn|p2a: Glimmora\n|-resisted|p2a: Glimmora\n|-damage|p2a: Glimmora|72\/100\n|-activate|p2a: Glimmora|ability: Toxic Debris\n|-sidestart|p1: Angel_Oceanpart|move: Toxic Spikes\n|\n|t:|1700235688\n|switch|p1a: Betrayal|Heatran, M|100\/100|[from] U-turn\n|-damage|p1a: Betrayal|88\/100|[from] Stealth Rock\n|\n|upkeep\n|turn|8\n|\n|t:|1700235695\n|switch|p1a: Forgive|Corviknight, M|88\/100\n|-damage|p1a: Forgive|76\/100|[from] Stealth Rock\n|-ability|p1a: Forgive|Pressure\n|move|p2a: Glimmora|Earth Power|p1a: Forgive\n|-immune|p1a: Forgive\n|\n|upkeep\n|turn|9\n|\n|t:|1700235714\n|switch|p2a: Enamorus|Enamorus, F|100\/100\n|move|p1a: Forgive|Brave Bird|p2a: Enamorus\n|-damage|p2a: Enamorus|42\/100\n|-damage|p1a: Forgive|62\/100|[from] Recoil\n|\n|upkeep\n|turn|10\n|\n|t:|1700235723\n|move|p2a: Enamorus|Mystical Fire|p1a: Forgive\n|-supereffective|p1a: Forgive\n|-damage|p1a: Forgive|12\/100\n|-unboost|p1a: Forgive|spa|1\n|move|p1a: Forgive|Brave Bird|p2a: Enamorus\n|-damage|p2a: Enamorus|0 fnt\n|faint|p2a: Enamorus\n|-damage|p1a: Forgive|2\/100|[from] Recoil\n|\n|upkeep\n|\n|t:|1700235739\n|switch|p2a: Glimmora|Glimmora, F|72\/100\n|turn|11\n|\n|t:|1700235744\n|move|p2a: Glimmora|Energy Ball|p1a: Forgive\n|-resisted|p1a: Forgive\n|-damage|p1a: Forgive|0 fnt\n|faint|p1a: Forgive\n|\n|upkeep\n|\n|t:|1700235751\n|switch|p1a: Retry|Pawmot, M|100\/100\n|-damage|p1a: Retry|94\/100|[from] Stealth Rock\n|-status|p1a: Retry|psn\n|turn|12\n|\n|t:|1700235757\n|move|p1a: Retry|Revival Blessing|p1a: Retry\n|-enditem|p1a: Retry|Leppa Berry|[eat]\n|-activate|p1a: Retry|item: Leppa Berry|Revival Blessing|[consumed]\n|\n|t:|1700235759\n|-heal|p1: Forgive|50\/100|[from] move: Revival Blessing\n|move|p2a: Glimmora|Earth Power|p1a: Retry\n|-supereffective|p1a: Retry\n|-damage|p1a: Retry|0 fnt\n|faint|p1a: Retry\n|\n|upkeep\n|\n|t:|1700235763\n|switch|p1a: Forgive|Corviknight, M|50\/100\n|-damage|p1a: Forgive|38\/100|[from] Stealth Rock\n|-ability|p1a: Forgive|Pressure\n|turn|13\n|\n|t:|1700235773\n|switch|p2a: Iron Moth|Iron Moth|100\/100\n|-enditem|p2a: Iron Moth|Booster Energy\n|-activate|p2a: Iron Moth|ability: Quark Drive|[fromitem]\n|-start|p2a: Iron Moth|quarkdrivespe\n|move|p1a: Forgive|Roost|p1a: Forgive\n|-heal|p1a: Forgive|88\/100\n|-singleturn|p1a: Forgive|move: Roost\n|\n|upkeep\n|turn|14\n|\n|t:|1700235781\n|switch|p1a: Tora|Alomomola, M|14\/100 psn\n|-damage|p1a: Tora|1\/100 psn|[from] Stealth Rock\n|move|p2a: Iron Moth|Fiery Dance|p1a: Tora\n|-damage|p1a: Tora|0 fnt\n|replace|p1a: Forget|Zoroark, M\n|-end|p1a: Forget|Illusion\n|faint|p1a: Forget\n|\n|upkeep\n|\n|t:|1700235787\n|switch|p1a: Betrayal|Heatran, M|88\/100\n|-damage|p1a: Betrayal|76\/100|[from] Stealth Rock\n|turn|15\n|\n|t:|1700235795\n|-terastallize|p2a: Iron Moth|Ground\n|move|p2a: Iron Moth|Tera Blast|p1a: Betrayal|[anim] Tera Blast Ground\n|-supereffective|p1a: Betrayal\n|-damage|p1a: Betrayal|0 fnt\n|faint|p1a: Betrayal\n|\n|upkeep\n|\n|t:|1700235804\n|switch|p1a: Tora|Alomomola, M|100\/100\n|-damage|p1a: Tora|88\/100|[from] Stealth Rock\n|-status|p1a: Tora|psn\n|turn|16\n|\n|t:|1700235812\n|move|p2a: Iron Moth|Sludge Wave|p1a: Tora\n|-damage|p1a: Tora|52\/100 psn\n|-enditem|p1a: Tora|Red Card|[of] p2a: Iron Moth\n|-end|p2a: Iron Moth|Quark Drive|[silent]\n|drag|p2a: Ogerpon|Ogerpon-Wellspring, F|100\/100\n|move|p1a: Tora|Mirror Coat|p2a: Ogerpon\n|-damage|p2a: Ogerpon|0 fnt\n|faint|p2a: Ogerpon\n|\n|-damage|p1a: Tora|40\/100 psn|[from] psn\n|upkeep\n|\n|t:|1700235826\n|switch|p2a: Kingambit|Kingambit, F|100\/100\n|-activate|p2a: Kingambit|ability: Supreme Overlord\n|-start|p2a: Kingambit|fallen3|[silent]\n|turn|17\n|\n|t:|1700235830\n|switch|p1a: Forgive|Corviknight, M|88\/100\n|-damage|p1a: Forgive|76\/100|[from] Stealth Rock\n|-ability|p1a: Forgive|Pressure\n|move|p2a: Kingambit|Kowtow Cleave|p1a: Forgive\n|-damage|p1a: Forgive|32\/100\n|-damage|p2a: Kingambit|84\/100|[from] item: Rocky Helmet|[of] p1a: Forgive\n|\n|upkeep\n|turn|18\n|\n|t:|1700235841\n|move|p1a: Forgive|Defog|p2a: Kingambit\n|-unboost|p2a: Kingambit|evasion|1\n|-sideend|p1: Angel_Oceanpart|Toxic Spikes|[from] move: Defog|[of] p1a: Forgive\n|-sideend|p1: Angel_Oceanpart|Stealth Rock|[from] move: Defog|[of] p1a: Forgive\n|move|p2a: Kingambit|Kowtow Cleave|p1a: Forgive\n|-damage|p1a: Forgive|0 fnt\n|-damage|p2a: Kingambit|68\/100|[from] item: Rocky Helmet|[of] p1a: Forgive\n|faint|p1a: Forgive\n|\n|upkeep\n|\n|t:|1700235847\n|switch|p1a: Tori|Ditto|100\/100\n|-transform|p1a: Tori|p2a: Kingambit|[from] ability: Imposter\n|-activate|p1a: Tori|ability: Supreme Overlord\n|-start|p1a: Tori|fallen5|[silent]\n|turn|19\n|\n|t:|1700235864\n|-end|p2a: Kingambit|fallen3|[silent]\n|switch|p2a: Glimmora|Glimmora, F|72\/100\n|move|p1a: Tori|Kowtow Cleave|p2a: Glimmora\n|-damage|p2a: Glimmora|0 fnt\n|-activate|p2a: Glimmora|ability: Toxic Debris\n|-sidestart|p1: Angel_Oceanpart|move: Toxic Spikes\n|faint|p2a: Glimmora\n|\n|upkeep\n|\n|t:|1700235877\n|switch|p2a: Iron Moth|Iron Moth, tera:Ground|100\/100\n|turn|20\n|\n|t:|1700235883\n|-terastallize|p1a: Tori|Dark\n|move|p1a: Tori|Sucker Punch|p2a: Iron Moth\n|-damage|p2a: Iron Moth|0 fnt\n|faint|p2a: Iron Moth\n|-end|p2a: Iron Moth|Quark Drive|[silent]\n|\n|upkeep\n|\n|t:|1700235889\n|switch|p2a: Kingambit|Kingambit, F|68\/100\n|-activate|p2a: Kingambit|ability: Supreme Overlord\n|-start|p2a: Kingambit|fallen5|[silent]\n|turn|21\n|\n|t:|1700235895\n|move|p1a: Tori|Kowtow Cleave|p2a: Kingambit\n|-resisted|p2a: Kingambit\n|-damage|p2a: Kingambit|31\/100\n|move|p2a: Kingambit|Iron Head|p1a: Tori\n|-damage|p1a: Tori|34\/100\n|\n|upkeep\n|turn|22\n|\n|t:|1700235910\n|move|p1a: Tori|Sucker Punch|p2a: Kingambit\n|-resisted|p2a: Kingambit\n|-damage|p2a: Kingambit|0 fnt\n|faint|p2a: Kingambit\n|-end|p2a: Kingambit|fallen5|[silent]\n|\n|win|Angel_Oceanpart\n|raw|Angel_Oceanpart's rating: 1384 &rarr; <strong>1405<\/strong><br \/>(+21 for winning)\n|raw|Teisla's rating: 1405 &rarr; <strong>1384<\/strong><br \/>(-21 for losing)\n","uploadtime":1700235919,"views":15,"p1id":"angeloceanpart","p2id":"teisla","formatid":"gen9ou","rating":1384,"private":0,"password":""}