{"id":"gen9ou-1990533729","p1":"ChillLanturnYT","p2":"RpgWaffle","format":"[Gen 9] OU","log":"|j|\u2606ChillLanturnYT\n|j|\u2606RpgWaffle\n|t:|1699979318\n|gametype|singles\n|player|p1|ChillLanturnYT|palmer|1128\n|player|p2|RpgWaffle|265|1074\n|teamsize|p1|6\n|teamsize|p2|6\n|gen|9\n|tier|[Gen 9] OU\n|rated|\n|rule|Sleep Clause Mod: Limit one foe put to sleep\n|rule|Species Clause: Limit one of each Pok\u00e9mon\n|rule|OHKO Clause: OHKO moves are banned\n|rule|Evasion Items Clause: Evasion items are banned\n|rule|Evasion Moves Clause: Evasion moves are banned\n|rule|Endless Battle Clause: Forcing endless battles is banned\n|rule|HP Percentage Mod: HP is shown in percentages\n|clearpoke\n|poke|p1|Ninetales-Alola, F|\n|poke|p1|Gholdengo|\n|poke|p1|Mew|\n|poke|p1|Clefable, M|\n|poke|p1|Mandibuzz, F|\n|poke|p1|Overqwil, M|\n|poke|p2|Kingambit, F|\n|poke|p2|Gengar, M|\n|poke|p2|Hatterene, F|\n|poke|p2|Salamence, M|\n|poke|p2|Chansey, F|\n|poke|p2|Zamazenta-*|\n|teampreview\n|\n|t:|1699979336\n|start\n|switch|p1a: Overqwil|Overqwil, M|100\/100\n|switch|p2a: Chansey|Chansey, F|100\/100\n|-ability|p1a: Overqwil|Intimidate|boost\n|-unboost|p2a: Chansey|atk|1\n|turn|1\n|\n|t:|1699979341\n|move|p1a: Overqwil|Crunch|p2a: Chansey\n|-damage|p2a: Chansey|74\/100\n|move|p2a: Chansey|Thunder Wave|p1a: Overqwil\n|-status|p1a: Overqwil|par\n|\n|upkeep\n|turn|2\n|\n|t:|1699979348\n|move|p1a: Overqwil|Barb Barrage|p2a: Chansey\n|-damage|p2a: Chansey|56\/100\n|-status|p2a: Chansey|psn\n|move|p2a: Chansey|Seismic Toss|p1a: Overqwil\n|-damage|p1a: Overqwil|68\/100 par\n|\n|-heal|p1a: Overqwil|74\/100 par|[from] item: Black Sludge\n|-damage|p2a: Chansey|43\/100 psn|[from] psn\n|upkeep\n|turn|3\n|\n|t:|1699979356\n|switch|p1a: Gholdengo|Gholdengo|100\/100\n|move|p2a: Chansey|Soft-Boiled|p2a: Chansey\n|-heal|p2a: Chansey|93\/100 psn\n|\n|-damage|p2a: Chansey|81\/100 psn|[from] psn\n|upkeep\n|turn|4\n|\n|t:|1699979359\n|move|p1a: Gholdengo|Trick|p2a: Chansey\n|-activate|p1a: Gholdengo|move: Trick|[of] p2a: Chansey\n|-item|p2a: Chansey|Choice Scarf|[from] move: Trick\n|-item|p1a: Gholdengo|Eviolite|[from] move: Trick\n|move|p2a: Chansey|Thunder Wave|p1a: Gholdengo\n|-immune|p1a: Gholdengo|[from] ability: Good as Gold\n|\n|-damage|p2a: Chansey|68\/100 psn|[from] psn\n|upkeep\n|turn|5\n|\n|t:|1699979372\n|-curestatus|p2a: Chansey|psn|[from] ability: Natural Cure\n|switch|p2a: Gengar|Gengar, M, shiny|100\/100\n|move|p1a: Gholdengo|Trick|p2a: Gengar\n|-activate|p1a: Gholdengo|move: Trick|[of] p2a: Gengar\n|-item|p2a: Gengar|Eviolite|[from] move: Trick\n|-item|p1a: Gholdengo|Choice Specs|[from] move: Trick\n|\n|upkeep\n|turn|6\n|\n|t:|1699979382\n|switch|p2a: Chansey|Chansey, F|68\/100\n|switch|p1a: Overqwil|Overqwil, M|74\/100 par\n|-ability|p1a: Overqwil|Intimidate|boost\n|-unboost|p2a: Chansey|atk|1\n|\n|-heal|p1a: Overqwil|81\/100 par|[from] item: Black Sludge\n|upkeep\n|turn|7\n|c|\u2606RpgWaffle|blast\n|\n|t:|1699979392\n|switch|p1a: Gholdengo|Gholdengo|100\/100\n|move|p2a: Chansey|Soft-Boiled|p2a: Chansey\n|-heal|p2a: Chansey|100\/100\n|\n|upkeep\n|turn|8\n|c|\u2606ChillLanturnYT|Gotcha!\n|\n|t:|1699979403\n|switch|p2a: Gengar|Gengar, M, shiny|100\/100\n|move|p1a: Gholdengo|Shadow Ball|p2a: Gengar\n|-supereffective|p2a: Gengar\n|-damage|p2a: Gengar|0 fnt\n|faint|p2a: Gengar\n|\n|upkeep\n|c|\u2606RpgWaffle|this bad\n|\n|t:|1699979415\n|switch|p2a: Kingambit|Kingambit, F|100\/100\n|-activate|p2a: Kingambit|ability: Supreme Overlord\n|-start|p2a: Kingambit|fallen1|[silent]\n|turn|9\n|c|\u2606ChillLanturnYT|Just a little Yh :\/\n|\n|t:|1699979422\n|switch|p1a: Mandibuzz|Mandibuzz, F|100\/100\n|move|p2a: Kingambit|Sucker Punch||[still]\n|-fail|p2a: Kingambit\n|\n|upkeep\n|turn|10\n|\n|t:|1699979427\n|move|p2a: Kingambit|Iron Head|p1a: Mandibuzz\n|-damage|p1a: Mandibuzz|72\/100\n|move|p1a: Mandibuzz|Foul Play|p2a: Kingambit\n|-resisted|p2a: Kingambit\n|-damage|p2a: Kingambit|79\/100\n|\n|upkeep\n|turn|11\n|\n|t:|1699979432\n|move|p2a: Kingambit|Swords Dance|p2a: Kingambit\n|-boost|p2a: Kingambit|atk|2\n|move|p1a: Mandibuzz|Roost|p1a: Mandibuzz\n|-heal|p1a: Mandibuzz|100\/100\n|-singleturn|p1a: Mandibuzz|move: Roost\n|\n|upkeep\n|turn|12\n|\n|t:|1699979435\n|move|p2a: Kingambit|Swords Dance|p2a: Kingambit\n|-boost|p2a: Kingambit|atk|2\n|move|p1a: Mandibuzz|Foul Play|p2a: Kingambit\n|-resisted|p2a: Kingambit\n|-damage|p2a: Kingambit|13\/100\n|\n|upkeep\n|turn|13\n|\n|t:|1699979442\n|move|p2a: Kingambit|Kowtow Cleave|p1a: Mandibuzz\n|-resisted|p1a: Mandibuzz\n|-damage|p1a: Mandibuzz|55\/100\n|move|p1a: Mandibuzz|Foul Play|p2a: Kingambit\n|-resisted|p2a: Kingambit\n|-damage|p2a: Kingambit|0 fnt\n|faint|p2a: Kingambit\n|-end|p2a: Kingambit|fallen1|[silent]\n|\n|upkeep\n|\n|t:|1699979450\n|switch|p2a: Zamazenta|Zamazenta|100\/100\n|-ability|p2a: Zamazenta|Dauntless Shield|boost\n|-boost|p2a: Zamazenta|def|1\n|turn|14\n|\n|t:|1699979453\n|move|p2a: Zamazenta|Iron Defense|p2a: Zamazenta\n|-boost|p2a: Zamazenta|def|2\n|move|p1a: Mandibuzz|Toxic|p2a: Zamazenta\n|-status|p2a: Zamazenta|tox\n|\n|-damage|p2a: Zamazenta|94\/100 tox|[from] psn\n|upkeep\n|turn|15\n|\n|t:|1699979457\n|switch|p2a: Chansey|Chansey, F|100\/100\n|move|p1a: Mandibuzz|Roost|p1a: Mandibuzz\n|-heal|p1a: Mandibuzz|100\/100\n|-singleturn|p1a: Mandibuzz|move: Roost\n|\n|upkeep\n|turn|16\n|\n|t:|1699979460\n|switch|p1a: Gholdengo|Gholdengo|100\/100\n|move|p2a: Chansey|Heal Bell|p2a: Chansey\n|-activate|p2a: Chansey|move: Heal Bell\n|-curestatus|p2: Zamazenta|tox|[msg]\n|\n|upkeep\n|turn|17\n|\n|t:|1699979468\n|switch|p2a: Salamence|Salamence, M|100\/100\n|move|p1a: Gholdengo|Shadow Ball|p2a: Salamence\n|-damage|p2a: Salamence|22\/100\n|-unboost|p2a: Salamence|spd|1\n|\n|upkeep\n|turn|18\n|\n|t:|1699979478\n|move|p2a: Salamence|Earthquake|p1a: Gholdengo\n|-supereffective|p1a: Gholdengo\n|-damage|p1a: Gholdengo|26\/100\n|move|p1a: Gholdengo|Shadow Ball|p2a: Salamence\n|-crit|p2a: Salamence\n|-damage|p2a: Salamence|0 fnt\n|faint|p2a: Salamence\n|\n|upkeep\n|\n|t:|1699979482\n|switch|p2a: Hatterene|Hatterene, F|100\/100\n|turn|19\n|\n|t:|1699979484\n|move|p1a: Gholdengo|Shadow Ball|p2a: Hatterene\n|-supereffective|p2a: Hatterene\n|-damage|p2a: Hatterene|0 fnt\n|faint|p2a: Hatterene\n|\n|upkeep\n|\n|t:|1699979488\n|switch|p2a: Zamazenta|Zamazenta|94\/100\n|turn|20\n|\n|t:|1699979490\n|move|p2a: Zamazenta|Substitute|p2a: Zamazenta\n|-start|p2a: Zamazenta|Substitute\n|-damage|p2a: Zamazenta|69\/100\n|move|p1a: Gholdengo|Shadow Ball|p2a: Zamazenta\n|-end|p2a: Zamazenta|Substitute\n|\n|-heal|p2a: Zamazenta|75\/100|[from] item: Leftovers\n|upkeep\n|turn|21\n|\n|t:|1699979496\n|move|p2a: Zamazenta|Substitute|p2a: Zamazenta\n|-start|p2a: Zamazenta|Substitute\n|-damage|p2a: Zamazenta|50\/100\n|move|p1a: Gholdengo|Shadow Ball|p2a: Zamazenta\n|-end|p2a: Zamazenta|Substitute\n|\n|-heal|p2a: Zamazenta|57\/100|[from] item: Leftovers\n|upkeep\n|turn|22\n|\n|t:|1699979498\n|move|p2a: Zamazenta|Substitute|p2a: Zamazenta\n|-start|p2a: Zamazenta|Substitute\n|-damage|p2a: Zamazenta|32\/100\n|move|p1a: Gholdengo|Shadow Ball|p2a: Zamazenta\n|-end|p2a: Zamazenta|Substitute\n|\n|-heal|p2a: Zamazenta|38\/100|[from] item: Leftovers\n|upkeep\n|turn|23\n|\n|t:|1699979500\n|move|p2a: Zamazenta|Substitute|p2a: Zamazenta\n|-start|p2a: Zamazenta|Substitute\n|-damage|p2a: Zamazenta|13\/100\n|move|p1a: Gholdengo|Shadow Ball|p2a: Zamazenta\n|-end|p2a: Zamazenta|Substitute\n|\n|-heal|p2a: Zamazenta|19\/100|[from] item: Leftovers\n|upkeep\n|turn|24\n|\n|t:|1699979504\n|-terastallize|p2a: Zamazenta|Steel\n|move|p2a: Zamazenta|Body Press|p1a: Gholdengo\n|-immune|p1a: Gholdengo\n|move|p1a: Gholdengo|Shadow Ball|p2a: Zamazenta\n|-damage|p2a: Zamazenta|0 fnt\n|faint|p2a: Zamazenta\n|\n|upkeep\n|-message|RpgWaffle forfeited.\n|\n|win|ChillLanturnYT\n|raw|ChillLanturnYT's rating: 1128 &rarr; <strong>1151<\/strong><br \/>(+23 for winning)\n|raw|RpgWaffle's rating: 1102 &rarr; <strong>1079<\/strong><br \/>(-23 for losing)\n|l|\u2606RpgWaffle\n","uploadtime":1699979514,"views":6,"p1id":"chilllanturnyt","p2id":"rpgwaffle","formatid":"gen9ou","rating":1079,"private":0,"password":""}