{"id":"gen9ou-1992522241","p1":"Hugh's Jass","p2":"Payyoloo","format":"[Gen 9] OU","log":"|j|\u2606Hugh's Jass\n|j|\u2606Payyoloo\n|t:|1700199027\n|gametype|singles\n|player|p1|Hugh's Jass|hugh|1181\n|player|p2|Payyoloo|medium|1159\n|teamsize|p1|6\n|teamsize|p2|6\n|gen|9\n|tier|[Gen 9] OU\n|rated|\n|rule|Sleep Clause Mod: Limit one foe put to sleep\n|rule|Species Clause: Limit one of each Pok\u00e9mon\n|rule|OHKO Clause: OHKO moves are banned\n|rule|Evasion Items Clause: Evasion items are banned\n|rule|Evasion Moves Clause: Evasion moves are banned\n|rule|Endless Battle Clause: Forcing endless battles is banned\n|rule|HP Percentage Mod: HP is shown in percentages\n|clearpoke\n|poke|p1|Walking Wake|\n|poke|p1|Weavile, F|\n|poke|p1|Great Tusk|\n|poke|p1|Hatterene, F|\n|poke|p1|Kingambit, M|\n|poke|p1|Zapdos|\n|poke|p2|Ceruledge, M|\n|poke|p2|Ogerpon-Wellspring, F|\n|poke|p2|Glimmora, M|\n|poke|p2|Cresselia, F|\n|poke|p2|Gholdengo|\n|poke|p2|Ribombee, F|\n|teampreview\n|inactive|Battle timer is ON: inactive players will automatically lose when time's up. (requested by Hugh's Jass)\n|\n|t:|1700199038\n|start\n|switch|p1a: Weavile|Weavile, F|100\/100\n|switch|p2a: Ribombee|Ribombee, F|100\/100\n|turn|1\n|\n|t:|1700199051\n|switch|p1a: Hatterene|Hatterene, F|100\/100\n|move|p2a: Ribombee|Sticky Web|p1a: Hatterene\n|move|p1a: Hatterene|Sticky Web|p2a: Ribombee|[from]ability: Magic Bounce\n|-sidestart|p2: Payyoloo|move: Sticky Web\n|\n|upkeep\n|turn|2\n|\n|t:|1700199064\n|switch|p2a: Cresselia|Cresselia, F|100\/100\n|move|p1a: Hatterene|Calm Mind|p1a: Hatterene\n|-boost|p1a: Hatterene|spa|1\n|-boost|p1a: Hatterene|spd|1\n|\n|upkeep\n|turn|3\n|\n|t:|1700199072\n|switch|p1a: Weavile|Weavile, F|100\/100\n|move|p2a: Cresselia|Calm Mind|p2a: Cresselia\n|-boost|p2a: Cresselia|spa|1\n|-boost|p2a: Cresselia|spd|1\n|\n|upkeep\n|turn|4\n|\n|t:|1700199085\n|switch|p2a: Glimmora|Glimmora, M|100\/100\n|-activate|p2a: Glimmora|move: Sticky Web\n|-unboost|p2a: Glimmora|spe|1\n|move|p1a: Weavile|Swords Dance|p1a: Weavile\n|-boost|p1a: Weavile|atk|2\n|\n|upkeep\n|turn|5\n|\n|t:|1700199094\n|move|p1a: Weavile|Taunt|p2a: Glimmora\n|-start|p2a: Glimmora|move: Taunt\n|move|p2a: Glimmora|Mortal Spin|p1a: Weavile\n|-damage|p1a: Weavile|91\/100\n|-status|p1a: Weavile|psn\n|-sideend|p2: Payyoloo|Sticky Web|[from] move: Mortal Spin|[of] p2a: Glimmora\n|\n|-damage|p1a: Weavile|78\/100 psn|[from] psn\n|upkeep\n|turn|6\n|\n|t:|1700199110\n|switch|p2a: Ribombee|Ribombee, F|100\/100\n|move|p1a: Weavile|Knock Off|p2a: Ribombee\n|-resisted|p2a: Ribombee\n|-damage|p2a: Ribombee|7\/100\n|-enditem|p2a: Ribombee|Focus Sash|[from] move: Knock Off|[of] p1a: Weavile\n|\n|-damage|p1a: Weavile|66\/100 psn|[from] psn\n|upkeep\n|turn|7\n|\n|t:|1700199121\n|switch|p2a: Ogerpon|Ogerpon-Wellspring, F|100\/100\n|move|p1a: Weavile|Ice Shard|p2a: Ogerpon\n|-damage|p2a: Ogerpon|50\/100\n|\n|-damage|p1a: Weavile|54\/100 psn|[from] psn\n|upkeep\n|turn|8\n|\n|t:|1700199128\n|move|p1a: Weavile|Knock Off|p2a: Ogerpon\n|-damage|p2a: Ogerpon|0 fnt\n|faint|p2a: Ogerpon\n|\n|-damage|p1a: Weavile|41\/100 psn|[from] psn\n|upkeep\n|\n|t:|1700199140\n|switch|p2a: Glimmora|Glimmora, M|100\/100\n|turn|9\n|\n|t:|1700199150\n|move|p1a: Weavile|Knock Off|p2a: Glimmora\n|-enditem|p2a: Glimmora|Focus Sash\n|-damage|p2a: Glimmora|1\/100\n|-activate|p2a: Glimmora|ability: Toxic Debris\n|-sidestart|p1: Hugh's Jass|move: Toxic Spikes\n|move|p2a: Glimmora|Stealth Rock|p1a: Weavile\n|-sidestart|p1: Hugh's Jass|move: Stealth Rock\n|\n|-damage|p1a: Weavile|29\/100 psn|[from] psn\n|upkeep\n|turn|10\n|\n|t:|1700199160\n|move|p1a: Weavile|Knock Off|p2a: Glimmora\n|-damage|p2a: Glimmora|0 fnt\n|-activate|p2a: Glimmora|ability: Toxic Debris\n|-sidestart|p1: Hugh's Jass|move: Toxic Spikes\n|faint|p2a: Glimmora\n|\n|-damage|p1a: Weavile|16\/100 psn|[from] psn\n|upkeep\n|\n|t:|1700199168\n|switch|p2a: Ceruledge|Ceruledge, M|100\/100\n|turn|11\n|\n|t:|1700199172\n|-terastallize|p2a: Ceruledge|Bug\n|move|p1a: Weavile|Knock Off|p2a: Ceruledge\n|-damage|p2a: Ceruledge|0 fnt\n|-enditem|p2a: Ceruledge|Heavy-Duty Boots|[from] move: Knock Off|[of] p1a: Weavile\n|faint|p2a: Ceruledge\n|\n|-damage|p1a: Weavile|4\/100 psn|[from] psn\n|upkeep\n|-message|Payyoloo forfeited.\n|\n|win|Hugh's Jass\n|raw|Hugh&apos;s Jass's rating: 1181 &rarr; <strong>1204<\/strong><br \/>(+23 for winning)\n|raw|Payyoloo's rating: 1159 &rarr; <strong>1136<\/strong><br \/>(-23 for losing)\n|l|\u2606Payyoloo\n","uploadtime":1700199193,"views":8,"p1id":"hughsjass","p2id":"payyoloo","formatid":"gen9ou","rating":1136,"private":0,"password":""}