{"id":"gen9ou-1996740343","p1":"RedScallywag","p2":"Ansoni777","format":"[Gen 9] OU","log":"|j|\u2606RedScallywag\n|j|\u2606Ansoni777\n|t:|1700717277\n|gametype|singles\n|player|p1|RedScallywag|alder|1137\n|player|p2|Ansoni777|101|1201\n|teamsize|p1|6\n|teamsize|p2|6\n|gen|9\n|tier|[Gen 9] OU\n|rated|\n|rule|Sleep Clause Mod: Limit one foe put to sleep\n|rule|Species Clause: Limit one of each Pok\u00e9mon\n|rule|OHKO Clause: OHKO moves are banned\n|rule|Evasion Items Clause: Evasion items are banned\n|rule|Evasion Moves Clause: Evasion moves are banned\n|rule|Endless Battle Clause: Forcing endless battles is banned\n|rule|HP Percentage Mod: HP is shown in percentages\n|clearpoke\n|poke|p1|Vikavolt, F|\n|poke|p1|Kleavor, M|\n|poke|p1|Ceruledge, M|\n|poke|p1|Komala, M|\n|poke|p1|Zapdos-Galar|\n|poke|p1|Walking Wake|\n|poke|p2|Armarouge, F|\n|poke|p2|Ogerpon-Wellspring, F|\n|poke|p2|Rillaboom, M|\n|poke|p2|Tinkaton, F|\n|poke|p2|Great Tusk|\n|poke|p2|Dragapult, M|\n|teampreview\n|inactive|Battle timer is ON: inactive players will automatically lose when time's up. (requested by RedScallywag)\n|\n|t:|1700717298\n|start\n|switch|p1a: Vikavolt|Vikavolt, F|100\/100\n|switch|p2a: Power|Tinkaton, F|100\/100\n|-ability|p2a: Power|Mold Breaker\n|turn|1\n|\n|t:|1700717309\n|move|p2a: Power|Stealth Rock|p1a: Vikavolt\n|-sidestart|p1: RedScallywag|move: Stealth Rock\n|move|p1a: Vikavolt|Thunderbolt|p2a: Power\n|-damage|p2a: Power|59\/100\n|\n|-heal|p2a: Power|65\/100|[from] item: Leftovers\n|upkeep\n|turn|2\n|\n|t:|1700717316\n|move|p2a: Power|Knock Off|p1a: Vikavolt\n|-damage|p1a: Vikavolt|82\/100\n|-damage|p2a: Power|49\/100|[from] item: Rocky Helmet|[of] p1a: Vikavolt\n|-enditem|p1a: Vikavolt|Rocky Helmet|[from] move: Knock Off|[of] p2a: Power\n|move|p1a: Vikavolt|Sticky Web|p2a: Power\n|-sidestart|p2: Ansoni777|move: Sticky Web\n|\n|-heal|p2a: Power|55\/100|[from] item: Leftovers\n|upkeep\n|turn|3\n|inactive|Ansoni777 has 120 seconds left.\n|\n|t:|1700717353\n|switch|p2a: Lex|Dragapult, M|100\/100\n|-activate|p2a: Lex|move: Sticky Web\n|-unboost|p2a: Lex|spe|1\n|move|p1a: Vikavolt|Thunderbolt|p2a: Lex\n|-resisted|p2a: Lex\n|-crit|p2a: Lex\n|-damage|p2a: Lex|40\/100\n|\n|-heal|p2a: Lex|46\/100|[from] item: Leftovers\n|upkeep\n|turn|4\n|inactive|Ansoni777 has 120 seconds left.\n|\n|t:|1700717377\n|move|p2a: Lex|Will-O-Wisp|p1a: Vikavolt\n|-status|p1a: Vikavolt|brn\n|move|p1a: Vikavolt|Thunderbolt|p2a: Lex\n|-resisted|p2a: Lex\n|-damage|p2a: Lex|6\/100\n|\n|-heal|p2a: Lex|12\/100|[from] item: Leftovers\n|-damage|p1a: Vikavolt|76\/100 brn|[from] brn\n|upkeep\n|turn|5\n|inactive|Ansoni777 has 120 seconds left.\n|\n|t:|1700717386\n|move|p2a: Lex|Hex|p1a: Vikavolt\n|-damage|p1a: Vikavolt|11\/100 brn\n|move|p1a: Vikavolt|Bug Buzz|p2a: Lex\n|-resisted|p2a: Lex\n|-damage|p2a: Lex|0 fnt\n|faint|p2a: Lex\n|\n|-damage|p1a: Vikavolt|4\/100 brn|[from] brn\n|upkeep\n|inactive|Ansoni777 has 120 seconds left.\n|\n|t:|1700717397\n|switch|p2a: Jurrasic Tusk|Great Tusk|100\/100\n|-activate|p2a: Jurrasic Tusk|move: Sticky Web\n|-unboost|p2a: Jurrasic Tusk|spe|1\n|turn|6\n|inactive|Ansoni777 has 120 seconds left.\n|\n|t:|1700717403\n|move|p2a: Jurrasic Tusk|Rapid Spin|p1a: Vikavolt\n|-damage|p1a: Vikavolt|0 fnt\n|-boost|p2a: Jurrasic Tusk|spe|1\n|-sideend|p2: Ansoni777|Sticky Web|[from] move: Rapid Spin|[of] p2a: Jurrasic Tusk\n|faint|p1a: Vikavolt\n|\n|upkeep\n|\n|t:|1700717416\n|switch|p1a: Komala|Komala, M|100\/100\n|-damage|p1a: Komala|88\/100|[from] Stealth Rock\n|-ability|p1a: Komala|Comatose\n|turn|7\n|\n|t:|1700717422\n|move|p2a: Jurrasic Tusk|Knock Off|p1a: Komala\n|-damage|p1a: Komala|46\/100\n|-enditem|p1a: Komala|Assault Vest|[from] move: Knock Off|[of] p2a: Jurrasic Tusk\n|move|p1a: Komala|Rapid Spin|p2a: Jurrasic Tusk\n|-damage|p2a: Jurrasic Tusk|88\/100\n|-boost|p1a: Komala|spe|1\n|-damage|p1a: Komala|29\/100|[from] item: Rocky Helmet|[of] p2a: Jurrasic Tusk\n|-sideend|p1: RedScallywag|Stealth Rock|[from] move: Rapid Spin|[of] p1a: Komala\n|\n|upkeep\n|turn|8\n|\n|t:|1700717436\n|move|p1a: Komala|Body Slam|p2a: Jurrasic Tusk\n|-damage|p2a: Jurrasic Tusk|68\/100\n|-damage|p1a: Komala|13\/100|[from] item: Rocky Helmet|[of] p2a: Jurrasic Tusk\n|move|p2a: Jurrasic Tusk|Body Press|p1a: Komala\n|-supereffective|p1a: Komala\n|-damage|p1a: Komala|0 fnt\n|faint|p1a: Komala\n|\n|upkeep\n|\n|t:|1700717444\n|switch|p1a: Walking Wake|Walking Wake|100\/100\n|turn|9\n|\n|t:|1700717451\n|-end|p2a: Jurrasic Tusk|Protosynthesis|[silent]\n|switch|p2a: Anya|Ogerpon-Wellspring, F|100\/100\n|move|p1a: Walking Wake|Flamethrower|p2a: Anya\n|-damage|p2a: Anya|65\/100\n|\n|upkeep\n|turn|10\n|\n|t:|1700717465\n|move|p2a: Anya|Horn Leech|p1a: Walking Wake\n|-damage|p1a: Walking Wake|49\/100\n|-heal|p2a: Anya|94\/100|[from] drain|[of] p1a: Walking Wake\n|move|p1a: Walking Wake|Hurricane|p2a: Anya\n|-supereffective|p2a: Anya\n|-damage|p2a: Anya|0 fnt\n|faint|p2a: Anya\n|\n|upkeep\n|\n|t:|1700717481\n|switch|p2a: Power|Tinkaton, F|55\/100\n|-ability|p2a: Power|Mold Breaker\n|turn|11\n|\n|t:|1700717490\n|move|p1a: Walking Wake|Flamethrower|p2a: Power\n|-supereffective|p2a: Power\n|-damage|p2a: Power|4\/100\n|move|p2a: Power|Stealth Rock|p1a: Walking Wake\n|-sidestart|p1: RedScallywag|move: Stealth Rock\n|\n|-heal|p2a: Power|10\/100|[from] item: Leftovers\n|upkeep\n|turn|12\n|\n|t:|1700717507\n|move|p1a: Walking Wake|Flamethrower|p2a: Power\n|-supereffective|p2a: Power\n|-damage|p2a: Power|0 fnt\n|faint|p2a: Power\n|\n|upkeep\n|inactive|Ansoni777 has 120 seconds left.\n|\n|t:|1700717550\n|switch|p2a: M'Baku|Rillaboom, M|100\/100\n|-fieldstart|move: Grassy Terrain|[from] ability: Grassy Surge|[of] p2a: M'Baku\n|turn|13\n|\n|t:|1700717567\n|move|p2a: M'Baku|Grassy Glide|p1a: Walking Wake\n|-damage|p1a: Walking Wake|0 fnt\n|faint|p1a: Walking Wake\n|-end|p1a: Walking Wake|Protosynthesis|[silent]\n|\n|upkeep\n|\n|t:|1700717573\n|switch|p1a: Kleavor|Kleavor, M|100\/100\n|-damage|p1a: Kleavor|76\/100|[from] Stealth Rock\n|turn|14\n|\n|t:|1700717579\n|switch|p2a: Jurrasic Tusk|Great Tusk|68\/100\n|move|p1a: Kleavor|X-Scissor|p2a: Jurrasic Tusk\n|-resisted|p2a: Jurrasic Tusk\n|-damage|p2a: Jurrasic Tusk|52\/100\n|-damage|p1a: Kleavor|59\/100|[from] item: Rocky Helmet|[of] p2a: Jurrasic Tusk\n|\n|-heal|p1a: Kleavor|65\/100|[from] Grassy Terrain\n|-heal|p2a: Jurrasic Tusk|58\/100|[from] Grassy Terrain\n|upkeep\n|turn|15\n|\n|t:|1700717590\n|switch|p1a: Ceruledge|Ceruledge, M|100\/100\n|-damage|p1a: Ceruledge|76\/100|[from] Stealth Rock\n|move|p2a: Jurrasic Tusk|Body Press|p1a: Ceruledge\n|-immune|p1a: Ceruledge\n|\n|-heal|p2a: Jurrasic Tusk|64\/100|[from] Grassy Terrain\n|-heal|p1a: Ceruledge|82\/100|[from] Grassy Terrain\n|upkeep\n|turn|16\n|\n|t:|1700717600\n|move|p2a: Jurrasic Tusk|High Horsepower|p1a: Ceruledge\n|-supereffective|p1a: Ceruledge\n|-damage|p1a: Ceruledge|0 fnt\n|faint|p1a: Ceruledge\n|\n|-heal|p2a: Jurrasic Tusk|70\/100|[from] Grassy Terrain\n|upkeep\n|\n|t:|1700717603\n|switch|p1a: Zapdos|Zapdos-Galar|100\/100\n|-damage|p1a: Zapdos|88\/100|[from] Stealth Rock\n|turn|17\n|inactive|Ansoni777 has 120 seconds left.\n|\n|t:|1700717616\n|move|p1a: Zapdos|Agility|p1a: Zapdos\n|-boost|p1a: Zapdos|spe|2\n|move|p2a: Jurrasic Tusk|Knock Off|p1a: Zapdos\n|-resisted|p1a: Zapdos\n|-damage|p1a: Zapdos|75\/100\n|-enditem|p1a: Zapdos|Weakness Policy|[from] move: Knock Off|[of] p2a: Jurrasic Tusk\n|\n|-heal|p2a: Jurrasic Tusk|77\/100|[from] Grassy Terrain\n|-fieldend|move: Grassy Terrain\n|upkeep\n|turn|18\n|inactive|Ansoni777 has 120 seconds left.\n|\n|t:|1700717628\n|move|p1a: Zapdos|Acrobatics|p2a: Jurrasic Tusk\n|-supereffective|p2a: Jurrasic Tusk\n|-damage|p2a: Jurrasic Tusk|14\/100\n|-damage|p1a: Zapdos|58\/100|[from] item: Rocky Helmet|[of] p2a: Jurrasic Tusk\n|move|p2a: Jurrasic Tusk|Body Press|p1a: Zapdos\n|-resisted|p1a: Zapdos\n|-damage|p1a: Zapdos|37\/100\n|\n|upkeep\n|turn|19\n|\n|t:|1700717637\n|move|p1a: Zapdos|Acrobatics|p2a: Jurrasic Tusk\n|-supereffective|p2a: Jurrasic Tusk\n|-damage|p2a: Jurrasic Tusk|0 fnt\n|-damage|p1a: Zapdos|21\/100|[from] item: Rocky Helmet|[of] p2a: Jurrasic Tusk\n|faint|p2a: Jurrasic Tusk\n|-end|p2a: Jurrasic Tusk|Protosynthesis|[silent]\n|\n|upkeep\n|\n|t:|1700717643\n|switch|p2a: Shizue|Armarouge, F, shiny|100\/100\n|turn|20\n|\n|t:|1700717649\n|move|p1a: Zapdos|Knock Off|p2a: Shizue\n|-supereffective|p2a: Shizue\n|-damage|p2a: Shizue|31\/100\n|-ability|p2a: Shizue|Weak Armor|boost\n|-unboost|p2a: Shizue|def|1\n|-boost|p2a: Shizue|spe|2\n|-enditem|p2a: Shizue|Weakness Policy\n|-boost|p2a: Shizue|atk|2|[from] item: Weakness Policy\n|-boost|p2a: Shizue|spa|2|[from] item: Weakness Policy\n|move|p2a: Shizue|Psychic|p1a: Zapdos\n|-supereffective|p1a: Zapdos\n|-damage|p1a: Zapdos|0 fnt\n|faint|p1a: Zapdos\n|\n|upkeep\n|\n|t:|1700717660\n|switch|p1a: Kleavor|Kleavor, M|65\/100\n|-damage|p1a: Kleavor|40\/100|[from] Stealth Rock\n|turn|21\n|\n|t:|1700717667\n|move|p2a: Shizue|Armor Cannon|p1a: Kleavor\n|-damage|p1a: Kleavor|0 fnt\n|-unboost|p2a: Shizue|def|1\n|-unboost|p2a: Shizue|spd|1\n|faint|p1a: Kleavor\n|\n|win|Ansoni777\n|raw|RedScallywag's rating: 1137 &rarr; <strong>1117<\/strong><br \/>(-20 for losing)\n|raw|Ansoni777's rating: 1201 &rarr; <strong>1221<\/strong><br \/>(+20 for winning)\n|l|\u2606RedScallywag\n","uploadtime":1700718973,"views":3,"p1id":"redscallywag","p2id":"ansoni777","formatid":"gen9ou","rating":1117,"private":0,"password":""}