{"id":"gen9ou-1989165764","p1":"madmage147","p2":"burngurg","format":"[Gen 9] OU","log":"|j|\u2606madmage147\n|j|\u2606burngurg\n|t:|1699819171\n|gametype|singles\n|player|p1|madmage147|roxie|1386\n|player|p2|burngurg|plasmagrunt-gen5bw|1472\n|teamsize|p1|6\n|teamsize|p2|6\n|gen|9\n|tier|[Gen 9] OU\n|rated|\n|rule|Sleep Clause Mod: Limit one foe put to sleep\n|rule|Species Clause: Limit one of each Pok\u00e9mon\n|rule|OHKO Clause: OHKO moves are banned\n|rule|Evasion Items Clause: Evasion items are banned\n|rule|Evasion Moves Clause: Evasion moves are banned\n|rule|Endless Battle Clause: Forcing endless battles is banned\n|rule|HP Percentage Mod: HP is shown in percentages\n|clearpoke\n|poke|p1|Dusclops, F|\n|poke|p1|Ting-Lu|\n|poke|p1|Corviknight, F|\n|poke|p1|Blissey, F|\n|poke|p1|Cyclizar, F|\n|poke|p1|Dragonite, F|\n|poke|p2|Conkeldurr, F|\n|poke|p2|Sandy Shocks|\n|poke|p2|Great Tusk|\n|poke|p2|Kingambit, F|\n|poke|p2|Slowking-Galar, F|\n|poke|p2|Salamence, F|\n|teampreview\n|inactive|Battle timer is ON: inactive players will automatically lose when time's up. (requested by burngurg)\n|\n|t:|1699819181\n|start\n|switch|p1a: Cyclizar|Cyclizar, F|100\/100\n|switch|p2a: Salamence|Salamence, F|100\/100\n|-ability|p2a: Salamence|Intimidate|boost\n|-unboost|p1a: Cyclizar|atk|1\n|turn|1\n|\n|t:|1699819189\n|switch|p2a: Conkeldurr|Conkeldurr, F|100\/100\n|move|p1a: Cyclizar|U-turn|p2a: Conkeldurr\n|-resisted|p2a: Conkeldurr\n|-damage|p2a: Conkeldurr|96\/100\n|\n|t:|1699819205\n|switch|p1a: Dusclops|Dusclops, F|100\/100|[from] U-turn\n|-ability|p1a: Dusclops|Pressure\n|\n|upkeep\n|turn|2\n|\n|t:|1699819208\n|move|p2a: Conkeldurr|Knock Off|p1a: Dusclops\n|-supereffective|p1a: Dusclops\n|-damage|p1a: Dusclops|63\/100\n|-enditem|p1a: Dusclops|Eviolite|[from] move: Knock Off|[of] p2a: Conkeldurr\n|move|p1a: Dusclops|Substitute|p1a: Dusclops\n|-start|p1a: Dusclops|Substitute\n|-damage|p1a: Dusclops|38\/100\n|\n|upkeep\n|turn|3\n|\n|t:|1699819215\n|move|p2a: Conkeldurr|Knock Off|p1a: Dusclops\n|-supereffective|p1a: Dusclops\n|-end|p1a: Dusclops|Substitute\n|move|p1a: Dusclops|Pain Split|p2a: Conkeldurr\n|-sethp|p2a: Conkeldurr|62\/100|[from] move: Pain Split|[silent]\n|-sethp|p1a: Dusclops|83\/100|[from] move: Pain Split\n|\n|upkeep\n|turn|4\n|\n|t:|1699819219\n|move|p2a: Conkeldurr|Knock Off|p1a: Dusclops\n|-supereffective|p1a: Dusclops\n|-damage|p1a: Dusclops|45\/100\n|move|p1a: Dusclops|Pain Split|p2a: Conkeldurr\n|-sethp|p2a: Conkeldurr|48\/100|[from] move: Pain Split|[silent]\n|-sethp|p1a: Dusclops|64\/100|[from] move: Pain Split\n|\n|upkeep\n|turn|5\n|inactive|burngurg has 120 seconds left.\n|\n|t:|1699819274\n|switch|p2a: Sandy Shocks|Sandy Shocks|100\/100\n|-enditem|p2a: Sandy Shocks|Booster Energy\n|-activate|p2a: Sandy Shocks|ability: Protosynthesis|[fromitem]\n|-start|p2a: Sandy Shocks|protosynthesisspe\n|move|p1a: Dusclops|Substitute|p1a: Dusclops\n|-start|p1a: Dusclops|Substitute\n|-damage|p1a: Dusclops|39\/100\n|\n|upkeep\n|turn|6\n|\n|t:|1699819279\n|move|p2a: Sandy Shocks|Thunderbolt|p1a: Dusclops\n|-end|p1a: Dusclops|Substitute\n|move|p1a: Dusclops|Pain Split|p2a: Sandy Shocks\n|-sethp|p2a: Sandy Shocks|68\/100|[from] move: Pain Split|[silent]\n|-sethp|p1a: Dusclops|74\/100|[from] move: Pain Split\n|\n|upkeep\n|turn|7\n|\n|t:|1699819282\n|switch|p1a: Blissey|Blissey, F|100\/100\n|move|p2a: Sandy Shocks|Thunderbolt|p1a: Blissey\n|-crit|p1a: Blissey\n|-damage|p1a: Blissey|79\/100\n|\n|-heal|p1a: Blissey|85\/100|[from] item: Leftovers\n|upkeep\n|turn|8\n|inactive|burngurg has 120 seconds left.\n|\n|t:|1699819290\n|move|p2a: Sandy Shocks|Volt Switch|p1a: Blissey\n|-damage|p1a: Blissey|74\/100\n|\n|t:|1699819292\n|-end|p2a: Sandy Shocks|Protosynthesis|[silent]\n|switch|p2a: Conkeldurr|Conkeldurr, F|48\/100|[from] Volt Switch\n|move|p1a: Blissey|Stealth Rock|p2a: Conkeldurr\n|-sidestart|p2: burngurg|move: Stealth Rock\n|\n|-heal|p1a: Blissey|80\/100|[from] item: Leftovers\n|upkeep\n|turn|9\n|inactive|burngurg has 120 seconds left.\n|\n|t:|1699819311\n|switch|p1a: Dusclops|Dusclops, F|74\/100\n|-ability|p1a: Dusclops|Pressure\n|move|p2a: Conkeldurr|Drain Punch|p1a: Dusclops\n|-immune|p1a: Dusclops\n|\n|upkeep\n|turn|10\n|inactive|burngurg has 120 seconds left.\n|\n|t:|1699819327\n|move|p2a: Conkeldurr|Knock Off|p1a: Dusclops\n|-supereffective|p1a: Dusclops\n|-damage|p1a: Dusclops|34\/100\n|move|p1a: Dusclops|Substitute|p1a: Dusclops\n|-start|p1a: Dusclops|Substitute\n|-damage|p1a: Dusclops|9\/100\n|\n|upkeep\n|turn|11\n|inactive|burngurg has 120 seconds left.\n|\n|t:|1699819335\n|move|p2a: Conkeldurr|Knock Off|p1a: Dusclops\n|-supereffective|p1a: Dusclops\n|-end|p1a: Dusclops|Substitute\n|move|p1a: Dusclops|Pain Split|p2a: Conkeldurr\n|-sethp|p2a: Conkeldurr|27\/100|[from] move: Pain Split|[silent]\n|-sethp|p1a: Dusclops|36\/100|[from] move: Pain Split\n|\n|upkeep\n|turn|12\n|\n|t:|1699819347\n|switch|p1a: Corviknight|Corviknight, F|100\/100\n|-ability|p1a: Corviknight|Pressure\n|move|p2a: Conkeldurr|Knock Off|p1a: Corviknight\n|-damage|p1a: Corviknight|76\/100\n|-damage|p2a: Conkeldurr|11\/100|[from] item: Rocky Helmet|[of] p1a: Corviknight\n|-enditem|p1a: Corviknight|Rocky Helmet|[from] move: Knock Off|[of] p2a: Conkeldurr\n|\n|upkeep\n|turn|13\n|\n|t:|1699819351\n|switch|p2a: Sandy Shocks|Sandy Shocks|68\/100\n|-damage|p2a: Sandy Shocks|62\/100|[from] Stealth Rock\n|move|p1a: Corviknight|Body Press|p2a: Sandy Shocks\n|-damage|p2a: Sandy Shocks|34\/100\n|\n|upkeep\n|turn|14\n|\n|t:|1699819356\n|switch|p1a: Ting-Lu|Ting-Lu|100\/100\n|-ability|p1a: Ting-Lu|Vessel of Ruin\n|move|p2a: Sandy Shocks|Volt Switch|p1a: Ting-Lu\n|-immune|p1a: Ting-Lu\n|\n|upkeep\n|turn|15\n|\n|t:|1699819365\n|-end|p2a: Sandy Shocks|Protosynthesis|[silent]\n|switch|p2a: Conkeldurr|Conkeldurr, F|11\/100\n|-damage|p2a: Conkeldurr|5\/100|[from] Stealth Rock\n|move|p1a: Ting-Lu|Spikes|p2a: Conkeldurr\n|-sidestart|p2: burngurg|Spikes\n|\n|upkeep\n|turn|16\n|\n|t:|1699819369\n|switch|p1a: Corviknight|Corviknight, F|76\/100\n|-ability|p1a: Corviknight|Pressure\n|move|p2a: Conkeldurr|Drain Punch|p1a: Corviknight\n|-damage|p1a: Corviknight|48\/100\n|-heal|p2a: Conkeldurr|20\/100|[from] drain|[of] p1a: Corviknight\n|\n|upkeep\n|turn|17\n|\n|t:|1699819382\n|switch|p2a: Great Tusk|Great Tusk|100\/100\n|-damage|p2a: Great Tusk|98\/100|[from] Stealth Rock\n|-damage|p2a: Great Tusk|85\/100|[from] Spikes\n|move|p1a: Corviknight|Body Press|p2a: Great Tusk\n|-damage|p2a: Great Tusk|67\/100\n|\n|-heal|p2a: Great Tusk|74\/100|[from] item: Leftovers\n|upkeep\n|turn|18\n|\n|t:|1699819388\n|move|p2a: Great Tusk|Bulk Up|p2a: Great Tusk\n|-boost|p2a: Great Tusk|atk|1\n|-boost|p2a: Great Tusk|def|1\n|move|p1a: Corviknight|Roost|p1a: Corviknight\n|-heal|p1a: Corviknight|98\/100\n|-singleturn|p1a: Corviknight|move: Roost\n|\n|-heal|p2a: Great Tusk|80\/100|[from] item: Leftovers\n|upkeep\n|turn|19\n|\n|t:|1699819394\n|move|p2a: Great Tusk|Rapid Spin|p1a: Corviknight\n|-resisted|p1a: Corviknight\n|-damage|p1a: Corviknight|90\/100\n|-boost|p2a: Great Tusk|spe|1\n|-sideend|p2: burngurg|Spikes|[from] move: Rapid Spin|[of] p2a: Great Tusk\n|-sideend|p2: burngurg|Stealth Rock|[from] move: Rapid Spin|[of] p2a: Great Tusk\n|move|p1a: Corviknight|Iron Defense|p1a: Corviknight\n|-boost|p1a: Corviknight|def|2\n|\n|-heal|p2a: Great Tusk|86\/100|[from] item: Leftovers\n|upkeep\n|turn|20\n|\n|t:|1699819398\n|-end|p2a: Great Tusk|Protosynthesis|[silent]\n|switch|p2a: Salamence|Salamence, F|100\/100\n|-ability|p2a: Salamence|Intimidate|boost\n|-unboost|p1a: Corviknight|atk|1\n|move|p1a: Corviknight|Iron Defense|p1a: Corviknight\n|-boost|p1a: Corviknight|def|2\n|\n|upkeep\n|turn|21\n|\n|t:|1699819403\n|move|p2a: Salamence|Fire Blast|p1a: Corviknight\n|-supereffective|p1a: Corviknight\n|-damage|p1a: Corviknight|20\/100\n|move|p1a: Corviknight|U-turn|p2a: Salamence\n|-resisted|p2a: Salamence\n|-damage|p2a: Salamence|96\/100\n|\n|t:|1699819409\n|switch|p1a: Blissey|Blissey, F|80\/100|[from] U-turn\n|\n|-heal|p1a: Blissey|86\/100|[from] item: Leftovers\n|upkeep\n|turn|22\n|c|\u2606burngurg|Lame ass team jesus\n|\n|t:|1699819424\n|switch|p2a: Kingambit|Kingambit, F|100\/100\n|move|p1a: Blissey|Seismic Toss|p2a: Kingambit\n|-damage|p2a: Kingambit|71\/100\n|\n|-heal|p1a: Blissey|92\/100|[from] item: Leftovers\n|-heal|p2a: Kingambit|77\/100|[from] item: Leftovers\n|upkeep\n|turn|23\n|\n|t:|1699819432\n|switch|p1a: Dragonite|Dragonite, F|100\/100\n|move|p2a: Kingambit|Swords Dance|p2a: Kingambit\n|-boost|p2a: Kingambit|atk|2\n|\n|-heal|p2a: Kingambit|83\/100|[from] item: Leftovers\n|upkeep\n|turn|24\n|\n|t:|1699819439\n|-terastallize|p2a: Kingambit|Flying\n|move|p1a: Dragonite|Encore|p2a: Kingambit\n|-start|p2a: Kingambit|Encore\n|move|p2a: Kingambit|Swords Dance|p2a: Kingambit\n|-boost|p2a: Kingambit|atk|2\n|\n|-heal|p2a: Kingambit|90\/100|[from] item: Leftovers\n|upkeep\n|turn|25\n|\n|t:|1699819447\n|-end|p2a: Kingambit|fallenundefined|[silent]\n|switch|p2a: Slowking|Slowking-Galar, F|100\/100\n|move|p1a: Dragonite|Dragon Dance|p1a: Dragonite\n|-boost|p1a: Dragonite|atk|1\n|-boost|p1a: Dragonite|spe|1\n|\n|upkeep\n|turn|26\n|\n|t:|1699819452\n|move|p1a: Dragonite|Dragon Dance|p1a: Dragonite\n|-boost|p1a: Dragonite|atk|1\n|-boost|p1a: Dragonite|spe|1\n|move|p2a: Slowking|Ice Beam|p1a: Dragonite\n|-supereffective|p1a: Dragonite\n|-damage|p1a: Dragonite|42\/100\n|-enditem|p1a: Dragonite|Weakness Policy\n|-boost|p1a: Dragonite|atk|2|[from] item: Weakness Policy\n|-boost|p1a: Dragonite|spa|2|[from] item: Weakness Policy\n|\n|upkeep\n|turn|27\n|\n|t:|1699819455\n|switch|p2a: Salamence|Salamence, F|96\/100\n|-ability|p2a: Salamence|Intimidate|boost\n|-unboost|p1a: Dragonite|atk|1\n|move|p1a: Dragonite|Earthquake|p2a: Salamence\n|-immune|p2a: Salamence\n|\n|upkeep\n|turn|28\n|\n|t:|1699819476\n|-terastallize|p1a: Dragonite|Normal\n|move|p1a: Dragonite|Extreme Speed|p2a: Salamence\n|-damage|p2a: Salamence|0 fnt\n|faint|p2a: Salamence\n|\n|upkeep\n|inactive|burngurg has 120 seconds left.\n|\n|t:|1699819496\n|switch|p2a: Great Tusk|Great Tusk|86\/100\n|turn|29\n|\n|t:|1699819501\n|move|p1a: Dragonite|Extreme Speed|p2a: Great Tusk\n|-damage|p2a: Great Tusk|8\/100\n|move|p2a: Great Tusk|Earthquake|p1a: Dragonite\n|-crit|p1a: Dragonite\n|-damage|p1a: Dragonite|0 fnt\n|faint|p1a: Dragonite\n|\n|-heal|p2a: Great Tusk|14\/100|[from] item: Leftovers\n|upkeep\n|\n|t:|1699819509\n|switch|p1a: Cyclizar|Cyclizar, F|100\/100\n|turn|30\n|\n|t:|1699819518\n|-end|p2a: Great Tusk|Protosynthesis|[silent]\n|switch|p2a: Kingambit|Kingambit, F, tera:Flying|90\/100\n|-activate|p2a: Kingambit|ability: Supreme Overlord\n|-start|p2a: Kingambit|fallen1|[silent]\n|move|p1a: Cyclizar|Draco Meteor|p2a: Kingambit\n|-damage|p2a: Kingambit|54\/100\n|-unboost|p1a: Cyclizar|spa|2\n|\n|-heal|p2a: Kingambit|60\/100|[from] item: Leftovers\n|upkeep\n|turn|31\n|\n|t:|1699819528\n|-end|p2a: Kingambit|fallen1|[silent]\n|switch|p2a: Sandy Shocks|Sandy Shocks|34\/100\n|move|p1a: Cyclizar|U-turn|p2a: Sandy Shocks\n|-crit|p2a: Sandy Shocks\n|-damage|p2a: Sandy Shocks|11\/100\n|\n|t:|1699819532\n|switch|p1a: Ting-Lu|Ting-Lu|100\/100|[from] U-turn\n|-ability|p1a: Ting-Lu|Vessel of Ruin\n|\n|upkeep\n|turn|32\n|\n|t:|1699819539\n|-end|p2a: Sandy Shocks|Protosynthesis|[silent]\n|switch|p2a: Conkeldurr|Conkeldurr, F|20\/100\n|move|p1a: Ting-Lu|Spikes|p2a: Conkeldurr\n|-sidestart|p2: burngurg|Spikes\n|\n|upkeep\n|turn|33\n|\n|t:|1699819545\n|switch|p1a: Dusclops|Dusclops, F|36\/100\n|-ability|p1a: Dusclops|Pressure\n|move|p2a: Conkeldurr|Knock Off|p1a: Dusclops\n|-supereffective|p1a: Dusclops\n|-damage|p1a: Dusclops|1\/100\n|\n|upkeep\n|turn|34\n|\n|t:|1699819551\n|move|p2a: Conkeldurr|Knock Off|p1a: Dusclops\n|-supereffective|p1a: Dusclops\n|-damage|p1a: Dusclops|0 fnt\n|faint|p1a: Dusclops\n|\n|upkeep\n|\n|t:|1699819557\n|switch|p1a: Cyclizar|Cyclizar, F|100\/100\n|turn|35\n|\n|t:|1699819578\n|move|p2a: Conkeldurr|Mach Punch|p1a: Cyclizar\n|-supereffective|p1a: Cyclizar\n|-damage|p1a: Cyclizar|21\/100\n|move|p1a: Cyclizar|Draco Meteor|p2a: Conkeldurr|[miss]\n|-miss|p1a: Cyclizar|p2a: Conkeldurr\n|\n|upkeep\n|turn|36\n|c|\u2606madmage147|lame\n|\n|t:|1699819587\n|switch|p1a: Corviknight|Corviknight, F|20\/100\n|-ability|p1a: Corviknight|Pressure\n|move|p2a: Conkeldurr|Mach Punch|p1a: Corviknight\n|-damage|p1a: Corviknight|5\/100\n|\n|upkeep\n|turn|37\n|\n|t:|1699819591\n|move|p2a: Conkeldurr|Mach Punch|p1a: Corviknight\n|-damage|p1a: Corviknight|0 fnt\n|faint|p1a: Corviknight\n|\n|upkeep\n|\n|t:|1699819594\n|switch|p1a: Ting-Lu|Ting-Lu|100\/100\n|-ability|p1a: Ting-Lu|Vessel of Ruin\n|turn|38\n|c|\u2606burngurg|Ahaha gets fcked\n|c|\u2606madmage147|at least gliscor's getting banned\n|inactive|burngurg has 120 seconds left.\n|\n|t:|1699819632\n|switch|p2a: Sandy Shocks|Sandy Shocks|11\/100\n|-damage|p2a: Sandy Shocks|0 fnt|[from] Spikes\n|faint|p2a: Sandy Shocks\n|-end|p2a: Sandy Shocks|Protosynthesis|[silent]\n|move|p1a: Ting-Lu|Earthquake|p2: Sandy Shocks|[notarget]\n|-fail|p1a: Ting-Lu\n|\n|upkeep\n|\n|t:|1699819635\n|switch|p2a: Kingambit|Kingambit, F, tera:Flying|60\/100\n|-activate|p2a: Kingambit|ability: Supreme Overlord\n|-start|p2a: Kingambit|fallen2|[silent]\n|turn|39\n|\n|t:|1699819638\n|move|p2a: Kingambit|Iron Head|p1a: Ting-Lu\n|-damage|p1a: Ting-Lu|68\/100\n|move|p1a: Ting-Lu|Whirlwind|p2a: Kingambit\n|-end|p2a: Kingambit|fallen2|[silent]\n|drag|p2a: Slowking|Slowking-Galar, F|100\/100\n|-damage|p2a: Slowking|88\/100|[from] Spikes\n|\n|-heal|p1a: Ting-Lu|74\/100|[from] item: Leftovers\n|upkeep\n|turn|40\n|\n|t:|1699819646\n|move|p1a: Ting-Lu|Spikes|p2a: Slowking\n|-sidestart|p2: burngurg|Spikes\n|move|p2a: Slowking|Ice Beam|p1a: Ting-Lu\n|-supereffective|p1a: Ting-Lu\n|-damage|p1a: Ting-Lu|49\/100\n|\n|-heal|p1a: Ting-Lu|55\/100|[from] item: Leftovers\n|upkeep\n|turn|41\n|inactive|burngurg has 120 seconds left.\n|\n|t:|1699819677\n|switch|p1a: Blissey|Blissey, F|92\/100\n|move|p2a: Slowking|Ice Beam|p1a: Blissey\n|-damage|p1a: Blissey|83\/100\n|\n|-heal|p1a: Blissey|90\/100|[from] item: Leftovers\n|upkeep\n|turn|42\n|\n|t:|1699819685\n|move|p1a: Blissey|Seismic Toss|p2a: Slowking\n|-damage|p2a: Slowking|61\/100\n|move|p2a: Slowking|Sludge Bomb|p1a: Blissey\n|-damage|p1a: Blissey|76\/100\n|\n|-heal|p1a: Blissey|82\/100|[from] item: Leftovers\n|upkeep\n|turn|43\n|\n|t:|1699819688\n|move|p1a: Blissey|Stealth Rock|p2a: Slowking\n|-sidestart|p2: burngurg|move: Stealth Rock\n|move|p2a: Slowking|Psyshock|p1a: Blissey\n|-damage|p1a: Blissey|41\/100\n|\n|-heal|p1a: Blissey|47\/100|[from] item: Leftovers\n|upkeep\n|turn|44\n|\n|t:|1699819692\n|move|p1a: Blissey|Soft-Boiled|p1a: Blissey\n|-heal|p1a: Blissey|97\/100\n|move|p2a: Slowking|Ice Beam|p1a: Blissey\n|-damage|p1a: Blissey|89\/100\n|\n|-heal|p1a: Blissey|95\/100|[from] item: Leftovers\n|upkeep\n|turn|45\n|\n|t:|1699819694\n|move|p1a: Blissey|Seismic Toss|p2a: Slowking\n|-damage|p2a: Slowking|34\/100\n|move|p2a: Slowking|Psyshock|p1a: Blissey\n|-damage|p1a: Blissey|55\/100\n|\n|-heal|p1a: Blissey|61\/100|[from] item: Leftovers\n|upkeep\n|turn|46\n|\n|t:|1699819704\n|move|p1a: Blissey|Seismic Toss|p2a: Slowking\n|-damage|p2a: Slowking|7\/100\n|move|p2a: Slowking|Psyshock|p1a: Blissey\n|-damage|p1a: Blissey|24\/100\n|\n|-heal|p1a: Blissey|31\/100|[from] item: Leftovers\n|upkeep\n|turn|47\n|\n|t:|1699819707\n|move|p1a: Blissey|Soft-Boiled|p1a: Blissey\n|-heal|p1a: Blissey|81\/100\n|move|p2a: Slowking|Psyshock|p1a: Blissey\n|-damage|p1a: Blissey|39\/100\n|\n|-heal|p1a: Blissey|45\/100|[from] item: Leftovers\n|upkeep\n|turn|48\n|\n|t:|1699819709\n|move|p1a: Blissey|Soft-Boiled|p1a: Blissey\n|-heal|p1a: Blissey|95\/100\n|move|p2a: Slowking|Psyshock|p1a: Blissey\n|-damage|p1a: Blissey|57\/100\n|\n|-heal|p1a: Blissey|63\/100|[from] item: Leftovers\n|upkeep\n|turn|49\n|\n|t:|1699819711\n|move|p1a: Blissey|Seismic Toss|p2a: Slowking\n|-damage|p2a: Slowking|0 fnt\n|faint|p2a: Slowking\n|\n|-heal|p1a: Blissey|69\/100|[from] item: Leftovers\n|upkeep\n|\n|t:|1699819713\n|switch|p2a: Kingambit|Kingambit, F, tera:Flying|60\/100\n|-damage|p2a: Kingambit|35\/100|[from] Stealth Rock\n|-activate|p2a: Kingambit|ability: Supreme Overlord\n|-start|p2a: Kingambit|fallen3|[silent]\n|turn|50\n|\n|t:|1699819716\n|move|p1a: Blissey|Seismic Toss|p2a: Kingambit\n|-damage|p2a: Kingambit|5\/100\n|move|p2a: Kingambit|Iron Head|p1a: Blissey\n|-damage|p1a: Blissey|6\/100\n|\n|-heal|p1a: Blissey|12\/100|[from] item: Leftovers\n|-heal|p2a: Kingambit|12\/100|[from] item: Leftovers\n|upkeep\n|turn|51\n|\n|t:|1699819719\n|move|p1a: Blissey|Seismic Toss|p2a: Kingambit\n|-damage|p2a: Kingambit|0 fnt\n|faint|p2a: Kingambit\n|-end|p2a: Kingambit|fallen3|[silent]\n|\n|-heal|p1a: Blissey|18\/100|[from] item: Leftovers\n|upkeep\n|c|\u2606burngurg|No sympathy for stall fck you\n|-message|burngurg forfeited.\n|\n|win|madmage147\n|raw|madmage147's rating: 1386 &rarr; <strong>1411<\/strong><br \/>(+25 for winning)\n|raw|burngurg's rating: 1472 &rarr; <strong>1447<\/strong><br \/>(-25 for losing)\n","uploadtime":1699819741,"views":19,"p1id":"madmage147","p2id":"burngurg","formatid":"gen9ou","rating":1411,"private":0,"password":""}