{"id":"gen9ou-1999361858","p1":"Koolwraith","p2":"Pachartis","format":"[Gen 9] OU","log":"|j|\u2606Koolwraith\n|j|\u2606Pachartis\n|t:|1701066887\n|gametype|singles\n|player|p1|Koolwraith|karen|1045\n|player|p2|Pachartis|101|1000\n|teamsize|p1|6\n|teamsize|p2|6\n|gen|9\n|tier|[Gen 9] OU\n|rated|\n|rule|Sleep Clause Mod: Limit one foe put to sleep\n|rule|Species Clause: Limit one of each Pok\u00e9mon\n|rule|OHKO Clause: OHKO moves are banned\n|rule|Evasion Items Clause: Evasion items are banned\n|rule|Evasion Moves Clause: Evasion moves are banned\n|rule|Endless Battle Clause: Forcing endless battles is banned\n|rule|HP Percentage Mod: HP is shown in percentages\n|clearpoke\n|poke|p1|Blissey, F|\n|poke|p1|Landorus-Therian, M|\n|poke|p1|Gardevoir, M|\n|poke|p1|Garchomp, M|\n|poke|p1|Garganacl, M|\n|poke|p1|Rotom-Fan|\n|poke|p2|Persian, F|\n|poke|p2|Garganacl, M|\n|poke|p2|Cloyster, M|\n|poke|p2|Goodra, F|\n|poke|p2|Indeedee-F, F|\n|poke|p2|Chimecho, M|\n|teampreview\n|\n|t:|1701066894\n|start\n|switch|p1a: Garganacl|Garganacl, M|100\/100\n|switch|p2a: Persian|Persian, F|100\/100\n|turn|1\n|inactive|Battle timer is ON: inactive players will automatically lose when time's up. (requested by Koolwraith)\n|\n|t:|1701066930\n|move|p2a: Persian|U-turn|p1a: Garganacl\n|-damage|p1a: Garganacl|88\/100\n|-damage|p2a: Persian|84\/100|[from] item: Rocky Helmet|[of] p1a: Garganacl\n|\n|t:|1701066938\n|switch|p2a: Goodra|Goodra, F|100\/100|[from] U-turn\n|move|p1a: Garganacl|Iron Defense|p1a: Garganacl\n|-boost|p1a: Garganacl|def|2\n|\n|upkeep\n|turn|2\n|\n|t:|1701066946\n|-terastallize|p2a: Goodra|Steel\n|-terastallize|p1a: Garganacl|Ghost\n|move|p2a: Goodra|Tera Blast|p1a: Garganacl|[anim] Tera Blast Steel\n|-damage|p1a: Garganacl|53\/100\n|move|p1a: Garganacl|Avalanche|p2a: Goodra\n|-resisted|p2a: Goodra\n|-damage|p2a: Goodra|72\/100\n|\n|upkeep\n|turn|3\n|\n|t:|1701066958\n|move|p2a: Goodra|Flamethrower|p1a: Garganacl\n|-damage|p1a: Garganacl|28\/100\n|move|p1a: Garganacl|Body Press|p2a: Goodra\n|-supereffective|p2a: Goodra\n|-damage|p2a: Goodra|0 fnt\n|faint|p2a: Goodra\n|\n|upkeep\n|inactive|Pachartis has 120 seconds left.\n|\n|t:|1701066984\n|switch|p2a: Chimecho|Chimecho, M|100\/100\n|turn|4\n|\n|t:|1701066991\n|move|p2a: Chimecho|Shadow Ball|p1a: Garganacl\n|-supereffective|p1a: Garganacl\n|-damage|p1a: Garganacl|0 fnt\n|faint|p1a: Garganacl\n|\n|upkeep\n|\n|t:|1701067000\n|switch|p1a: Garchomp|Garchomp, M|100\/100\n|turn|5\n|inactive|Pachartis has 120 seconds left.\n|\n|t:|1701067032\n|switch|p2a: Garganacl|Garganacl, M|100\/100\n|move|p1a: Garchomp|Draco Meteor|p2a: Garganacl|[miss]\n|-miss|p1a: Garchomp|p2a: Garganacl\n|\n|upkeep\n|turn|6\n|\n|t:|1701067044\n|move|p1a: Garchomp|Surf|p2a: Garganacl\n|-supereffective|p2a: Garganacl\n|-damage|p2a: Garganacl|59\/100\n|move|p2a: Garganacl|Salt Cure|p1a: Garchomp\n|-resisted|p1a: Garchomp\n|-damage|p1a: Garchomp|93\/100\n|-start|p1a: Garchomp|Salt Cure\n|\n|-heal|p2a: Garganacl|66\/100|[from] item: Leftovers\n|-damage|p1a: Garchomp|81\/100|[from] Salt Cure\n|upkeep\n|turn|7\n|\n|t:|1701067056\n|move|p1a: Garchomp|Earth Power|p2a: Garganacl\n|-supereffective|p2a: Garganacl\n|-damage|p2a: Garganacl|1\/100\n|move|p2a: Garganacl|Ice Punch|p1a: Garchomp\n|-supereffective|p1a: Garchomp\n|-damage|p1a: Garchomp|15\/100\n|-damage|p2a: Garganacl|0 fnt|[from] ability: Rough Skin|[of] p1a: Garchomp\n|-enditem|p1a: Garchomp|Oran Berry|[eat]\n|-heal|p1a: Garchomp|17\/100|[from] item: Oran Berry\n|faint|p2a: Garganacl\n|\n|-damage|p1a: Garchomp|5\/100|[from] Salt Cure\n|upkeep\n|\n|t:|1701067071\n|switch|p2a: Persian|Persian, F|84\/100\n|turn|8\n|\n|t:|1701067075\n|move|p2a: Persian|Fake Out|p1a: Garchomp\n|-damage|p1a: Garchomp|0 fnt\n|-damage|p2a: Persian|72\/100|[from] ability: Rough Skin|[of] p1a: Garchomp\n|faint|p1a: Garchomp\n|\n|upkeep\n|\n|t:|1701067080\n|switch|p1a: Landorus|Landorus-Therian, M|100\/100\n|-ability|p1a: Landorus|Intimidate|boost\n|-unboost|p2a: Persian|atk|1\n|turn|9\n|inactive|Pachartis has 120 seconds left.\n|\n|t:|1701067094\n|move|p2a: Persian|Aerial Ace|p1a: Landorus\n|-damage|p1a: Landorus|85\/100\n|move|p1a: Landorus|Swords Dance|p1a: Landorus\n|-boost|p1a: Landorus|atk|2\n|\n|upkeep\n|turn|10\n|inactive|Pachartis has 120 seconds left.\n|\n|t:|1701067123\n|move|p2a: Persian|U-turn|p1a: Landorus\n|-resisted|p1a: Landorus\n|-crit|p1a: Landorus\n|-damage|p1a: Landorus|70\/100\n|\n|t:|1701067137\n|switch|p2a: Chimecho|Chimecho, M|100\/100|[from] U-turn\n|move|p1a: Landorus|Fly||[still]\n|-prepare|p1a: Landorus|Fly\n|\n|upkeep\n|turn|11\n|\n|t:|1701067155\n|switch|p2a: Cloyster|Cloyster, M|100\/100\n|move|p1a: Landorus|Fly|p2a: Cloyster|[from]lockedmove\n|-damage|p2a: Cloyster|0 fnt\n|faint|p2a: Cloyster\n|-damage|p1a: Landorus|61\/100|[from] item: Life Orb\n|\n|upkeep\n|\n|t:|1701067164\n|switch|p2a: Indeedee|Indeedee-F, F|100\/100\n|turn|12\n|\n|t:|1701067178\n|move|p1a: Landorus|Fly||[still]\n|-prepare|p1a: Landorus|Fly\n|move|p2a: Indeedee|Psyshock|p1a: Landorus|[miss]\n|-miss|p2a: Indeedee|p1a: Landorus\n|\n|upkeep\n|turn|13\n|inactive|Pachartis has 90 seconds left.\n|-message|Pachartis forfeited.\n|\n|win|Koolwraith\n|raw|Koolwraith's rating: 1045 &rarr; <strong>1074<\/strong><br \/>(+29 for winning)\n|raw|Pachartis's rating: 1000 &rarr; <strong>1000<\/strong><br \/>(+0 for losing)\n|l|\u2606Pachartis\n","uploadtime":1701067228,"views":5,"p1id":"koolwraith","p2id":"pachartis","formatid":"gen9ou","rating":1000,"private":0,"password":""}