{"id":"gen9ou-1992686469","p1":"fawaboi","p2":"Paappan1","format":"[Gen 9] OU","log":"|j|\u2606fawaboi\n|j|\u2606Paappan1\n|t:|1700225205\n|gametype|singles\n|player|p1|fawaboi|170|1253\n|player|p2|Paappan1|cyclistf-gen4|1360\n|teamsize|p1|6\n|teamsize|p2|6\n|gen|9\n|tier|[Gen 9] OU\n|rated|\n|rule|Sleep Clause Mod: Limit one foe put to sleep\n|rule|Species Clause: Limit one of each Pok\u00e9mon\n|rule|OHKO Clause: OHKO moves are banned\n|rule|Evasion Items Clause: Evasion items are banned\n|rule|Evasion Moves Clause: Evasion moves are banned\n|rule|Endless Battle Clause: Forcing endless battles is banned\n|rule|HP Percentage Mod: HP is shown in percentages\n|clearpoke\n|poke|p1|Alomomola, F|\n|poke|p1|Kingambit, F|\n|poke|p1|Blissey, F|\n|poke|p1|Thundurus-Therian, M|\n|poke|p1|Zamazenta-*|\n|poke|p1|Maushold-Four|\n|poke|p2|Dragapult, M|\n|poke|p2|Kingambit, M|\n|poke|p2|Zapdos|\n|poke|p2|Weezing-Galar, F|\n|poke|p2|Ogerpon-Wellspring, F|\n|poke|p2|Great Tusk|\n|teampreview\n|inactive|Battle timer is ON: inactive players will automatically lose when time's up. (requested by fawaboi)\n|\n|t:|1700225219\n|start\n|switch|p1a: Maushold|Maushold-Four|100\/100\n|switch|p2a: Dragapult|Dragapult, M|100\/100\n|turn|1\n|\n|t:|1700225225\n|move|p2a: Dragapult|Draco Meteor|p1a: Maushold\n|-damage|p1a: Maushold|0 fnt\n|-unboost|p2a: Dragapult|spa|2\n|faint|p1a: Maushold\n|\n|upkeep\n|\n|t:|1700225231\n|switch|p1a: Blissey|Blissey, F|100\/100\n|turn|2\n|\n|t:|1700225240\n|switch|p2a: Zapdos|Zapdos|100\/100\n|move|p1a: Blissey|Thunder Wave|p2a: Zapdos\n|-immune|p2a: Zapdos\n|\n|upkeep\n|turn|3\n|\n|t:|1700225248\n|move|p2a: Zapdos|Thunder Wave|p1a: Blissey\n|-status|p1a: Blissey|par\n|move|p1a: Blissey|Calm Mind|p1a: Blissey\n|-boost|p1a: Blissey|spa|1\n|-boost|p1a: Blissey|spd|1\n|\n|upkeep\n|turn|4\n|\n|t:|1700225255\n|move|p2a: Zapdos|Volt Switch|p1a: Blissey\n|-damage|p1a: Blissey|95\/100 par\n|\n|t:|1700225258\n|switch|p2a: Great Tusk|Great Tusk|100\/100|[from] Volt Switch\n|-enditem|p2a: Great Tusk|Booster Energy\n|-activate|p2a: Great Tusk|ability: Protosynthesis|[fromitem]\n|-start|p2a: Great Tusk|protosynthesisatk\n|move|p1a: Blissey|Ice Beam|p2a: Great Tusk\n|-supereffective|p2a: Great Tusk\n|-damage|p2a: Great Tusk|31\/100\n|\n|-heal|p1a: Blissey|100\/100 par|[from] item: Leftovers\n|upkeep\n|turn|5\n|\n|t:|1700225272\n|-curestatus|p1a: Blissey|par|[from] ability: Natural Cure\n|switch|p1a: Thundurus|Thundurus-Therian, M|100\/100\n|move|p2a: Great Tusk|Ice Spinner|p1a: Thundurus\n|-supereffective|p1a: Thundurus\n|-damage|p1a: Thundurus|0 fnt\n|faint|p1a: Thundurus\n|\n|upkeep\n|\n|t:|1700225280\n|switch|p1a: Zamazenta|Zamazenta|100\/100\n|-ability|p1a: Zamazenta|Dauntless Shield|boost\n|-boost|p1a: Zamazenta|def|1\n|turn|6\n|\n|t:|1700225287\n|-end|p2a: Great Tusk|Protosynthesis|[silent]\n|switch|p2a: Weezing|Weezing-Galar, F|100\/100\n|-ability|p2a: Weezing|Neutralizing Gas\n|move|p1a: Zamazenta|Body Press|p2a: Weezing\n|-resisted|p2a: Weezing\n|-damage|p2a: Weezing|91\/100\n|\n|upkeep\n|turn|7\n|\n|t:|1700225295\n|move|p1a: Zamazenta|Iron Head|p2a: Weezing\n|-supereffective|p2a: Weezing\n|-damage|p2a: Weezing|62\/100\n|cant|p2a: Weezing|flinch\n|\n|upkeep\n|turn|8\n|\n|t:|1700225304\n|move|p1a: Zamazenta|Iron Head|p2a: Weezing\n|-supereffective|p2a: Weezing\n|-damage|p2a: Weezing|34\/100\n|move|p2a: Weezing|Will-O-Wisp|p1a: Zamazenta\n|-status|p1a: Zamazenta|brn\n|\n|-damage|p1a: Zamazenta|94\/100 brn|[from] brn\n|upkeep\n|turn|9\n|\n|t:|1700225311\n|switch|p1a: Blissey|Blissey, F|100\/100\n|move|p2a: Weezing|Pain Split|p1a: Blissey\n|-sethp|p1a: Blissey|58\/100|[from] move: Pain Split|[silent]\n|-sethp|p2a: Weezing|100\/100|[from] move: Pain Split\n|\n|-heal|p1a: Blissey|64\/100|[from] item: Leftovers\n|upkeep\n|turn|10\n|\n|t:|1700225320\n|-end|p2a: Weezing|ability: Neutralizing Gas\n|switch|p2a: Zapdos|Zapdos|100\/100\n|move|p1a: Blissey|Thunder Wave|p2a: Zapdos\n|-immune|p2a: Zapdos\n|\n|-heal|p1a: Blissey|71\/100|[from] item: Leftovers\n|upkeep\n|turn|11\n|\n|t:|1700225328\n|move|p2a: Zapdos|Hurricane|p1a: Blissey|[miss]\n|-miss|p2a: Zapdos|p1a: Blissey\n|move|p1a: Blissey|Ice Beam|p2a: Zapdos\n|-supereffective|p2a: Zapdos\n|-damage|p2a: Zapdos|80\/100\n|\n|-heal|p1a: Blissey|77\/100|[from] item: Leftovers\n|upkeep\n|turn|12\n|\n|t:|1700225336\n|move|p2a: Zapdos|Hurricane|p1a: Blissey|[miss]\n|-miss|p2a: Zapdos|p1a: Blissey\n|move|p1a: Blissey|Calm Mind|p1a: Blissey\n|-boost|p1a: Blissey|spa|1\n|-boost|p1a: Blissey|spd|1\n|\n|-heal|p1a: Blissey|83\/100|[from] item: Leftovers\n|upkeep\n|turn|13\n|\n|t:|1700225343\n|move|p2a: Zapdos|Thunder Wave|p1a: Blissey|[miss]\n|-miss|p2a: Zapdos|p1a: Blissey\n|move|p1a: Blissey|Calm Mind|p1a: Blissey\n|-boost|p1a: Blissey|spa|1\n|-boost|p1a: Blissey|spd|1\n|\n|-heal|p1a: Blissey|89\/100|[from] item: Leftovers\n|upkeep\n|turn|14\n|c|\u2606Paappan1|blind fuck\n|\n|t:|1700225351\n|move|p2a: Zapdos|Thunder Wave|p1a: Blissey|[miss]\n|-miss|p2a: Zapdos|p1a: Blissey\n|move|p1a: Blissey|Ice Beam|p2a: Zapdos\n|-supereffective|p2a: Zapdos\n|-damage|p2a: Zapdos|35\/100\n|-status|p2a: Zapdos|frz\n|\n|-heal|p1a: Blissey|95\/100|[from] item: Leftovers\n|upkeep\n|turn|15\n|c|\u2606fawaboi|luck is a skill\n|\n|t:|1700225371\n|cant|p2a: Zapdos|frz\n|move|p1a: Blissey|Ice Beam|p2a: Zapdos\n|-supereffective|p2a: Zapdos\n|-damage|p2a: Zapdos|0 fnt\n|faint|p2a: Zapdos\n|\n|-heal|p1a: Blissey|100\/100|[from] item: Leftovers\n|upkeep\n|\n|t:|1700225380\n|switch|p2a: Great Tusk|Great Tusk|31\/100\n|turn|16\n|\n|t:|1700225399\n|switch|p1a: Alomomola|Alomomola, F|100\/100\n|move|p2a: Great Tusk|Close Combat|p1a: Alomomola\n|-damage|p1a: Alomomola|53\/100\n|-unboost|p2a: Great Tusk|def|1\n|-unboost|p2a: Great Tusk|spd|1\n|\n|-heal|p1a: Alomomola|59\/100|[from] item: Leftovers\n|upkeep\n|turn|17\n|\n|t:|1700225410\n|-end|p2a: Great Tusk|Protosynthesis|[silent]\n|switch|p2a: Ogerpon|Ogerpon-Wellspring, F|100\/100\n|move|p1a: Alomomola|Flip Turn|p2a: Ogerpon\n|-immune|p2a: Ogerpon|[from] ability: Water Absorb\n|\n|-heal|p1a: Alomomola|65\/100|[from] item: Leftovers\n|upkeep\n|turn|18\n|\n|t:|1700225419\n|move|p1a: Alomomola|Protect|p1a: Alomomola\n|-singleturn|p1a: Alomomola|Protect\n|move|p2a: Ogerpon|Swords Dance|p2a: Ogerpon\n|-boost|p2a: Ogerpon|atk|2\n|\n|-heal|p1a: Alomomola|71\/100|[from] item: Leftovers\n|upkeep\n|turn|19\n|c|\u2606Paappan1|you don't have skill gg\n|\n|t:|1700225428\n|switch|p1a: Zamazenta|Zamazenta|94\/100 brn\n|move|p2a: Ogerpon|Trailblaze|p1a: Zamazenta\n|-damage|p1a: Zamazenta|52\/100 brn\n|-boost|p2a: Ogerpon|spe|1\n|\n|-heal|p1a: Zamazenta|58\/100 brn|[from] item: Leftovers\n|-damage|p1a: Zamazenta|52\/100 brn|[from] brn\n|upkeep\n|turn|20\n|c|\u2606Paappan1|forfeit now and run for your life\n|\n|t:|1700225447\n|-terastallize|p2a: Ogerpon|Water\n|detailschange|p2a: Ogerpon|Ogerpon-Wellspring-Tera, F, tera:Water\n|-ability|p2a: Ogerpon|Embody Aspect (Wellspring)|boost\n|-boost|p2a: Ogerpon|spd|1\n|move|p2a: Ogerpon|Ivy Cudgel|p1a: Zamazenta|[anim] Ivy Cudgel Water\n|-crit|p1a: Zamazenta\n|-damage|p1a: Zamazenta|0 fnt\n|faint|p1a: Zamazenta\n|\n|upkeep\n|\n|t:|1700225457\n|switch|p1a: Kingambit|Kingambit, F|100\/100\n|-activate|p1a: Kingambit|ability: Supreme Overlord\n|-start|p1a: Kingambit|fallen3|[silent]\n|turn|21\n|\n|t:|1700225464\n|-terastallize|p1a: Kingambit|Dark\n|move|p2a: Ogerpon|Ivy Cudgel|p1a: Kingambit|[anim] Ivy Cudgel Water\n|-damage|p1a: Kingambit|0 fnt\n|faint|p1a: Kingambit\n|-end|p1a: Kingambit|fallen3|[silent]\n|\n|upkeep\n|c|\u2606Paappan1|noob\n|\n|t:|1700225470\n|switch|p1a: Blissey|Blissey, F|100\/100\n|turn|22\n|\n|t:|1700225475\n|move|p2a: Ogerpon|Ivy Cudgel|p1a: Blissey|[anim] Ivy Cudgel Water\n|-damage|p1a: Blissey|0 fnt\n|faint|p1a: Blissey\n|\n|upkeep\n|\n|t:|1700225479\n|switch|p1a: Alomomola|Alomomola, F|100\/100\n|turn|23\n|\n|t:|1700225484\n|move|p2a: Ogerpon|Swords Dance|p2a: Ogerpon\n|-boost|p2a: Ogerpon|atk|2\n|move|p1a: Alomomola|Wish|p1a: Alomomola\n|\n|upkeep\n|turn|24\n|\n|t:|1700225489\n|move|p2a: Ogerpon|Swords Dance|p2a: Ogerpon\n|-boost|p2a: Ogerpon|atk|2\n|move|p1a: Alomomola|Scald|p2a: Ogerpon\n|-resisted|p2a: Ogerpon\n|-crit|p2a: Ogerpon\n|-damage|p2a: Ogerpon|89\/100\n|\n|upkeep\n|turn|25\n|\n|t:|1700225497\n|move|p1a: Alomomola|Protect|p1a: Alomomola\n|-singleturn|p1a: Alomomola|Protect\n|move|p2a: Ogerpon|Trailblaze|p1a: Alomomola\n|-activate|p1a: Alomomola|move: Protect\n|\n|upkeep\n|turn|26\n|\n|t:|1700225503\n|move|p2a: Ogerpon|Trailblaze|p1a: Alomomola\n|-supereffective|p1a: Alomomola\n|-damage|p1a: Alomomola|0 fnt\n|-boost|p2a: Ogerpon|spe|1\n|faint|p1a: Alomomola\n|\n|win|Paappan1\n|raw|fawaboi's rating: 1253 &rarr; <strong>1235<\/strong><br \/>(-18 for losing)\n|raw|Paappan1's rating: 1360 &rarr; <strong>1374<\/strong><br \/>(+14 for winning)\n","uploadtime":1700225350,"views":8,"p1id":"fawaboi","p2id":"paappan1","formatid":"gen9ou","rating":1235,"private":0,"password":""}