{"id":"gen9ou-1990107154","p1":"ratatta17","p2":"TheCricketLord","format":"[Gen 9] OU","log":"|j|\u2606ratatta17\n|j|\u2606TheCricketLord\n|t:|1699925279\n|gametype|singles\n|player|p1|ratatta17|169|1375\n|player|p2|TheCricketLord|2|1387\n|teamsize|p1|6\n|teamsize|p2|6\n|gen|9\n|tier|[Gen 9] OU\n|rated|\n|rule|Sleep Clause Mod: Limit one foe put to sleep\n|rule|Species Clause: Limit one of each Pok\u00e9mon\n|rule|OHKO Clause: OHKO moves are banned\n|rule|Evasion Items Clause: Evasion items are banned\n|rule|Evasion Moves Clause: Evasion moves are banned\n|rule|Endless Battle Clause: Forcing endless battles is banned\n|rule|HP Percentage Mod: HP is shown in percentages\n|clearpoke\n|poke|p1|Azumarill, M|\n|poke|p1|Staraptor, F|\n|poke|p1|Toedscruel, F|\n|poke|p1|Skeledirge, M|\n|poke|p1|Ninetales-Alola, F|\n|poke|p1|Iron Valiant|\n|poke|p2|Alomomola, M|\n|poke|p2|Ceruledge, F|\n|poke|p2|Slowking-Galar, F|\n|poke|p2|Kingambit, M|\n|poke|p2|Ting-Lu|\n|poke|p2|Enamorus, F|\n|teampreview\n|inactive|Battle timer is ON: inactive players will automatically lose when time's up. (requested by ratatta17)\n|\n|t:|1699925293\n|start\n|switch|p1a: Staraptor|Staraptor, F|100\/100\n|switch|p2a: Slowking|Slowking-Galar, F|100\/100\n|-ability|p1a: Staraptor|Intimidate|boost\n|-unboost|p2a: Slowking|atk|1\n|turn|1\n|\n|t:|1699925307\n|switch|p2a: Alomomola|Alomomola, M|100\/100\n|move|p1a: Staraptor|U-turn|p2a: Alomomola\n|-damage|p2a: Alomomola|91\/100\n|-enditem|p2a: Alomomola|Red Card|[of] p1a: Staraptor\n|drag|p1a: Iron Valiant|Iron Valiant|100\/100\n|\n|upkeep\n|turn|2\n|\n|t:|1699925323\n|switch|p2a: Slowking|Slowking-Galar, F|100\/100\n|move|p1a: Iron Valiant|Thunderbolt|p2a: Slowking\n|-damage|p2a: Slowking|76\/100\n|-damage|p1a: Iron Valiant|91\/100|[from] item: Life Orb\n|\n|upkeep\n|turn|3\n|\n|t:|1699925331\n|move|p1a: Iron Valiant|Knock Off|p2a: Slowking\n|-supereffective|p2a: Slowking\n|-damage|p2a: Slowking|0 fnt\n|-enditem|p2a: Slowking|Heavy-Duty Boots|[from] move: Knock Off|[of] p1a: Iron Valiant\n|faint|p2a: Slowking\n|-damage|p1a: Iron Valiant|81\/100|[from] item: Life Orb\n|\n|upkeep\n|\n|t:|1699925343\n|switch|p2a: Ting-Lu|Ting-Lu|100\/100\n|-ability|p2a: Ting-Lu|Vessel of Ruin\n|turn|4\n|\n|t:|1699925349\n|-end|p1a: Iron Valiant|Quark Drive|[silent]\n|switch|p1a: Toedscruel|Toedscruel, F|100\/100\n|move|p2a: Ting-Lu|Earthquake|p1a: Toedscruel\n|-resisted|p1a: Toedscruel\n|-damage|p1a: Toedscruel|83\/100\n|\n|-heal|p1a: Toedscruel|90\/100|[from] item: Leftovers\n|upkeep\n|turn|5\n|\n|t:|1699925364\n|move|p2a: Ting-Lu|Spikes|p1a: Toedscruel\n|-sidestart|p1: ratatta17|Spikes\n|move|p1a: Toedscruel|Spore|p2a: Ting-Lu\n|-status|p2a: Ting-Lu|slp|[from] move: Spore\n|\n|-heal|p1a: Toedscruel|96\/100|[from] item: Leftovers\n|upkeep\n|turn|6\n|\n|t:|1699925370\n|switch|p2a: Enamorus|Enamorus, F|100\/100\n|move|p1a: Toedscruel|Knock Off|p2a: Enamorus\n|-resisted|p2a: Enamorus\n|-damage|p2a: Enamorus|87\/100\n|-enditem|p2a: Enamorus|Heavy-Duty Boots|[from] move: Knock Off|[of] p1a: Toedscruel\n|\n|-heal|p1a: Toedscruel|100\/100|[from] item: Leftovers\n|upkeep\n|turn|7\n|\n|t:|1699925375\n|switch|p1a: Ninetales|Ninetales-Alola, F|100\/100\n|-damage|p1a: Ninetales|88\/100|[from] Spikes\n|-weather|Snow|[from] ability: Snow Warning|[of] p1a: Ninetales\n|move|p2a: Enamorus|Substitute|p2a: Enamorus\n|-start|p2a: Enamorus|Substitute\n|-damage|p2a: Enamorus|62\/100\n|\n|-weather|Snow|[upkeep]\n|upkeep\n|turn|8\n|\n|t:|1699925385\n|move|p2a: Enamorus|Moonblast|p1a: Ninetales\n|-damage|p1a: Ninetales|50\/100\n|move|p1a: Ninetales|Encore|p2a: Enamorus\n|-start|p2a: Enamorus|Encore\n|\n|-weather|Snow|[upkeep]\n|upkeep\n|turn|9\n|\n|t:|1699925391\n|move|p2a: Enamorus|Moonblast|p1a: Ninetales\n|-damage|p1a: Ninetales|15\/100\n|move|p1a: Ninetales|Aurora Veil|p1a: Ninetales\n|-sidestart|p1: ratatta17|move: Aurora Veil\n|\n|-weather|Snow|[upkeep]\n|upkeep\n|turn|10\n|\n|t:|1699925396\n|switch|p1a: Skeledirge|Skeledirge, M|100\/100\n|-damage|p1a: Skeledirge|88\/100|[from] Spikes\n|move|p2a: Enamorus|Moonblast|p1a: Skeledirge\n|-resisted|p1a: Skeledirge\n|-damage|p1a: Skeledirge|80\/100\n|\n|-weather|Snow|[upkeep]\n|-heal|p1a: Skeledirge|86\/100|[from] item: Leftovers\n|upkeep\n|turn|11\n|\n|t:|1699925409\n|switch|p2a: Ceruledge|Ceruledge, F|100\/100\n|move|p1a: Skeledirge|Torch Song|p2a: Ceruledge\n|-resisted|p2a: Ceruledge\n|-damage|p2a: Ceruledge|82\/100\n|-boost|p1a: Skeledirge|spa|1\n|\n|-weather|none\n|-heal|p1a: Skeledirge|92\/100|[from] item: Leftovers\n|upkeep\n|turn|12\n|\n|t:|1699925420\n|move|p2a: Ceruledge|Poltergeist|p1a: Skeledirge|[miss]\n|-miss|p2a: Ceruledge|p1a: Skeledirge\n|move|p1a: Skeledirge|Hex|p2a: Ceruledge\n|-supereffective|p2a: Ceruledge\n|-damage|p2a: Ceruledge|0 fnt\n|faint|p2a: Ceruledge\n|\n|-heal|p1a: Skeledirge|98\/100|[from] item: Leftovers\n|upkeep\n|\n|t:|1699925428\n|switch|p2a: Ting-Lu|Ting-Lu|100\/100 slp\n|-ability|p2a: Ting-Lu|Vessel of Ruin\n|turn|13\n|\n|t:|1699925437\n|switch|p1a: Azumarill|Azumarill, M|100\/100\n|-damage|p1a: Azumarill|88\/100|[from] Spikes\n|cant|p2a: Ting-Lu|slp\n|\n|upkeep\n|turn|14\n|\n|t:|1699925442\n|move|p1a: Azumarill|Belly Drum|p1a: Azumarill\n|-damage|p1a: Azumarill|38\/100\n|-setboost|p1a: Azumarill|atk|6|[from] move: Belly Drum\n|-enditem|p1a: Azumarill|Sitrus Berry|[eat]\n|-heal|p1a: Azumarill|63\/100|[from] item: Sitrus Berry\n|cant|p2a: Ting-Lu|slp\n|\n|upkeep\n|turn|15\n|\n|t:|1699925451\n|-terastallize|p2a: Ting-Lu|Ghost\n|move|p1a: Azumarill|Aqua Jet|p2a: Ting-Lu\n|-damage|p2a: Ting-Lu|57\/100 slp\n|-curestatus|p2a: Ting-Lu|slp|[msg]\n|move|p2a: Ting-Lu|Whirlwind|p1a: Azumarill\n|drag|p1a: Toedscruel|Toedscruel, F|100\/100\n|-damage|p1a: Toedscruel|88\/100|[from] Spikes\n|\n|-heal|p1a: Toedscruel|94\/100|[from] item: Leftovers\n|upkeep\n|turn|16\n|\n|t:|1699925458\n|move|p2a: Ting-Lu|Spikes|p1a: Toedscruel\n|-sidestart|p1: ratatta17|Spikes\n|move|p1a: Toedscruel|Spore|p2a: Ting-Lu\n|-status|p2a: Ting-Lu|slp|[from] move: Spore\n|\n|-heal|p1a: Toedscruel|99\/100|[from] item: Leftovers\n|-sideend|p1: ratatta17|move: Aurora Veil\n|upkeep\n|turn|17\n|\n|t:|1699925466\n|switch|p2a: Enamorus|Enamorus, F|62\/100\n|move|p1a: Toedscruel|Knock Off|p2a: Enamorus\n|-resisted|p2a: Enamorus\n|-damage|p2a: Enamorus|53\/100\n|\n|-heal|p1a: Toedscruel|100\/100|[from] item: Leftovers\n|upkeep\n|turn|18\n|\n|t:|1699925473\n|switch|p1a: Ninetales|Ninetales-Alola, F|15\/100\n|-damage|p1a: Ninetales|0 fnt|[from] Spikes\n|faint|p1a: Ninetales\n|move|p2a: Enamorus|Substitute|p2a: Enamorus\n|-start|p2a: Enamorus|Substitute\n|-damage|p2a: Enamorus|29\/100\n|\n|upkeep\n|\n|t:|1699925490\n|switch|p1a: Staraptor|Staraptor, F|100\/100\n|-ability|p1a: Staraptor|Intimidate|boost\n|-immune|p2a: Enamorus\n|turn|19\n|\n|t:|1699925494\n|move|p1a: Staraptor|Brave Bird|p2a: Enamorus\n|-end|p2a: Enamorus|Substitute\n|-damage|p1a: Staraptor|94\/100|[from] Recoil|[of] p2a: Enamorus\n|move|p2a: Enamorus|Moonblast|p1a: Staraptor\n|-damage|p1a: Staraptor|24\/100\n|\n|upkeep\n|turn|20\n|\n|t:|1699925503\n|switch|p2a: Kingambit|Kingambit, M|100\/100\n|-activate|p2a: Kingambit|ability: Supreme Overlord\n|-start|p2a: Kingambit|fallen2|[silent]\n|move|p1a: Staraptor|Brave Bird|p2a: Kingambit\n|-resisted|p2a: Kingambit\n|-damage|p2a: Kingambit|83\/100\n|-damage|p1a: Staraptor|18\/100|[from] Recoil\n|\n|upkeep\n|turn|21\n|\n|t:|1699925513\n|move|p1a: Staraptor|Brave Bird|p2a: Kingambit\n|-resisted|p2a: Kingambit\n|-damage|p2a: Kingambit|67\/100\n|-damage|p1a: Staraptor|12\/100|[from] Recoil\n|move|p2a: Kingambit|Iron Head|p1a: Staraptor\n|-damage|p1a: Staraptor|0 fnt\n|faint|p1a: Staraptor\n|\n|upkeep\n|\n|t:|1699925536\n|switch|p1a: Iron Valiant|Iron Valiant|81\/100\n|-damage|p1a: Iron Valiant|65\/100|[from] Spikes\n|turn|22\n|\n|t:|1699925547\n|move|p1a: Iron Valiant|Aura Sphere|p2a: Kingambit\n|-supereffective|p2a: Kingambit\n|-damage|p2a: Kingambit|0 fnt\n|faint|p2a: Kingambit\n|-end|p2a: Kingambit|fallen2|[silent]\n|-damage|p1a: Iron Valiant|55\/100|[from] item: Life Orb\n|\n|upkeep\n|\n|t:|1699925552\n|switch|p2a: Alomomola|Alomomola, M|100\/100\n|turn|23\n|\n|t:|1699925556\n|move|p1a: Iron Valiant|Thunderbolt|p2a: Alomomola\n|-supereffective|p2a: Alomomola\n|-damage|p2a: Alomomola|14\/100\n|-damage|p1a: Iron Valiant|45\/100|[from] item: Life Orb\n|move|p2a: Alomomola|Acrobatics|p1a: Iron Valiant\n|-supereffective|p1a: Iron Valiant\n|-damage|p1a: Iron Valiant|0 fnt\n|faint|p1a: Iron Valiant\n|-end|p1a: Iron Valiant|Quark Drive|[silent]\n|\n|upkeep\n|\n|t:|1699925571\n|switch|p1a: Azumarill|Azumarill, M|63\/100\n|-damage|p1a: Azumarill|47\/100|[from] Spikes\n|turn|24\n|\n|t:|1699925585\n|switch|p2a: Ting-Lu|Ting-Lu, tera:Ghost|57\/100 slp\n|-ability|p2a: Ting-Lu|Vessel of Ruin\n|move|p1a: Azumarill|Belly Drum||[still]\n|-fail|p1a: Azumarill\n|\n|upkeep\n|turn|25\n|\n|t:|1699925588\n|switch|p2a: Alomomola|Alomomola, M|47\/100\n|move|p1a: Azumarill|Play Rough|p2a: Alomomola\n|-damage|p2a: Alomomola|17\/100\n|\n|upkeep\n|turn|26\n|\n|t:|1699925596\n|move|p2a: Alomomola|Wish|p2a: Alomomola\n|move|p1a: Azumarill|Play Rough|p2a: Alomomola\n|-damage|p2a: Alomomola|0 fnt\n|faint|p2a: Alomomola\n|\n|upkeep\n|\n|t:|1699925603\n|switch|p2a: Enamorus|Enamorus, F|29\/100\n|turn|27\n|\n|t:|1699925607\n|move|p1a: Azumarill|Aqua Jet|p2a: Enamorus\n|-damage|p2a: Enamorus|0 fnt\n|-start|p1a: Azumarill|Attract|[from] ability: Cute Charm|[of] p2a: Enamorus\n|faint|p2a: Enamorus\n|-end|p1a: Azumarill|Attract|[silent]\n|\n|upkeep\n|-message|TheCricketLord forfeited.\n|\n|win|ratatta17\n|raw|ratatta17's rating: 1375 &rarr; <strong>1396<\/strong><br \/>(+21 for winning)\n|raw|TheCricketLord's rating: 1387 &rarr; <strong>1366<\/strong><br \/>(-21 for losing)\n|l|\u2606TheCricketLord\n","uploadtime":1699925623,"views":21,"p1id":"ratatta17","p2id":"thecricketlord","formatid":"gen9ou","rating":1366,"private":0,"password":""}