{"id":"gen9ou-1996525575","p1":"thunderdog_32","p2":"Slo Overdose","format":"[Gen 9] OU","log":"|j|\u2606thunderdog_32\n|j|\u2606Slo Overdose\n|t:|1700690636\n|gametype|singles\n|player|p1|thunderdog_32|2|1328\n|player|p2|Slo Overdose|anabel|1424\n|teamsize|p1|6\n|teamsize|p2|6\n|gen|9\n|tier|[Gen 9] OU\n|rated|\n|rule|Sleep Clause Mod: Limit one foe put to sleep\n|rule|Species Clause: Limit one of each Pok\u00e9mon\n|rule|OHKO Clause: OHKO moves are banned\n|rule|Evasion Items Clause: Evasion items are banned\n|rule|Evasion Moves Clause: Evasion moves are banned\n|rule|Endless Battle Clause: Forcing endless battles is banned\n|rule|HP Percentage Mod: HP is shown in percentages\n|clearpoke\n|poke|p1|Landorus-Therian, M|\n|poke|p1|Heatran, F|\n|poke|p1|Ogerpon-Wellspring, F|\n|poke|p1|Zapdos|\n|poke|p1|Dragapult, F|\n|poke|p1|Ribombee, M|\n|poke|p2|Iron Jugulis|\n|poke|p2|Iron Leaves|\n|poke|p2|Iron Hands|\n|poke|p2|Iron Valiant|\n|poke|p2|Dragapult, M|\n|poke|p2|Great Tusk|\n|teampreview\n|inactive|Battle timer is ON: inactive players will automatically lose when time's up. (requested by Slo Overdose)\n|\n|t:|1700690653\n|start\n|switch|p1a: Landorus|Landorus-Therian, M|100\/100\n|switch|p2a: Dragapult|Dragapult, M|100\/100\n|-ability|p1a: Landorus|Intimidate|boost\n|-unboost|p2a: Dragapult|atk|1\n|turn|1\n|\n|t:|1700690660\n|switch|p1a: Ribombee|Ribombee, M|100\/100\n|move|p2a: Dragapult|Draco Meteor|p1a: Ribombee\n|-immune|p1a: Ribombee\n|\n|upkeep\n|turn|2\n|inactive|Slo Overdose has 120 seconds left.\n|\n|t:|1700690698\n|switch|p2a: Iron Leaves|Iron Leaves|100\/100\n|-enditem|p2a: Iron Leaves|Booster Energy\n|-activate|p2a: Iron Leaves|ability: Quark Drive|[fromitem]\n|-start|p2a: Iron Leaves|quarkdriveatk\n|move|p1a: Ribombee|Sticky Web|p2a: Iron Leaves\n|-sidestart|p2: Slo Overdose|move: Sticky Web\n|\n|upkeep\n|turn|3\n|\n|t:|1700690706\n|switch|p1a: Landorus|Landorus-Therian, M|100\/100\n|-ability|p1a: Landorus|Intimidate|boost\n|-unboost|p2a: Iron Leaves|atk|1\n|move|p2a: Iron Leaves|Trailblaze|p1a: Landorus\n|-damage|p1a: Landorus|76\/100\n|-boost|p2a: Iron Leaves|spe|1\n|\n|-heal|p1a: Landorus|82\/100|[from] item: Leftovers\n|upkeep\n|turn|4\n|inactive|Slo Overdose has 120 seconds left.\n|\n|t:|1700690723\n|switch|p1a: Zapdos|Zapdos|100\/100\n|-terastallize|p2a: Iron Leaves|Fire\n|move|p2a: Iron Leaves|Swords Dance|p2a: Iron Leaves\n|-boost|p2a: Iron Leaves|atk|2\n|\n|upkeep\n|turn|5\n|\n|t:|1700690730\n|move|p2a: Iron Leaves|Psyblade|p1a: Zapdos\n|-damage|p1a: Zapdos|21\/100\n|move|p1a: Zapdos|Volt Switch|p2a: Iron Leaves\n|-damage|p2a: Iron Leaves|73\/100\n|\n|t:|1700690733\n|switch|p1a: Landorus|Landorus-Therian, M|82\/100|[from] Volt Switch\n|-ability|p1a: Landorus|Intimidate|boost\n|-unboost|p2a: Iron Leaves|atk|1\n|\n|-heal|p1a: Landorus|88\/100|[from] item: Leftovers\n|upkeep\n|turn|6\n|\n|t:|1700690738\n|move|p2a: Iron Leaves|Psyblade|p1a: Landorus\n|-damage|p1a: Landorus|22\/100\n|move|p1a: Landorus|Earthquake|p2a: Iron Leaves\n|-supereffective|p2a: Iron Leaves\n|-damage|p2a: Iron Leaves|0 fnt\n|faint|p2a: Iron Leaves\n|-end|p2a: Iron Leaves|Quark Drive|[silent]\n|\n|-heal|p1a: Landorus|27\/100|[from] item: Leftovers\n|upkeep\n|\n|t:|1700690745\n|switch|p2a: Great Tusk|Great Tusk|100\/100\n|-activate|p2a: Great Tusk|move: Sticky Web\n|-unboost|p2a: Great Tusk|spe|1\n|turn|7\n|\n|t:|1700690756\n|move|p1a: Landorus|Grass Knot|p2a: Great Tusk\n|-supereffective|p2a: Great Tusk\n|-damage|p2a: Great Tusk|13\/100\n|move|p2a: Great Tusk|Rapid Spin|p1a: Landorus\n|-damage|p1a: Landorus|8\/100\n|-boost|p2a: Great Tusk|spe|1\n|-sideend|p2: Slo Overdose|Sticky Web|[from] move: Rapid Spin|[of] p2a: Great Tusk\n|\n|-heal|p1a: Landorus|14\/100|[from] item: Leftovers\n|upkeep\n|turn|8\n|\n|t:|1700690766\n|move|p1a: Landorus|Earthquake|p2a: Great Tusk\n|-damage|p2a: Great Tusk|0 fnt\n|faint|p2a: Great Tusk\n|-end|p2a: Great Tusk|Protosynthesis|[silent]\n|\n|-heal|p1a: Landorus|20\/100|[from] item: Leftovers\n|upkeep\n|inactive|Slo Overdose has 120 seconds left.\n|\n|t:|1700690799\n|switch|p2a: Iron Jugulis|Iron Jugulis|100\/100\n|-enditem|p2a: Iron Jugulis|Booster Energy\n|-activate|p2a: Iron Jugulis|ability: Quark Drive|[fromitem]\n|-start|p2a: Iron Jugulis|quarkdrivespe\n|turn|9\n|\n|t:|1700690825\n|switch|p1a: Zapdos|Zapdos|21\/100\n|move|p2a: Iron Jugulis|Dark Pulse|p1a: Zapdos\n|-damage|p1a: Zapdos|0 fnt\n|faint|p1a: Zapdos\n|\n|upkeep\n|\n|t:|1700690832\n|switch|p1a: Heatran|Heatran, F|100\/100\n|-item|p1a: Heatran|Air Balloon\n|turn|10\n|\n|t:|1700690838\n|move|p2a: Iron Jugulis|Dark Pulse|p1a: Heatran\n|-damage|p1a: Heatran|77\/100\n|-enditem|p1a: Heatran|Air Balloon\n|move|p1a: Heatran|Magma Storm|p2a: Iron Jugulis\n|-damage|p2a: Iron Jugulis|46\/100\n|-activate|p2a: Iron Jugulis|move: Magma Storm|[of] p1a: Heatran\n|\n|-damage|p2a: Iron Jugulis|34\/100|[from] move: Magma Storm|[partiallytrapped]\n|upkeep\n|turn|11\n|\n|t:|1700690846\n|move|p2a: Iron Jugulis|Earth Power|p1a: Heatran\n|-supereffective|p1a: Heatran\n|-crit|p1a: Heatran\n|-damage|p1a: Heatran|0 fnt\n|faint|p1a: Heatran\n|\n|-end|p2a: Iron Jugulis|Magma Storm|[partiallytrapped]|[silent]\n|upkeep\n|\n|t:|1700690852\n|switch|p1a: Ribombee|Ribombee, M|100\/100\n|turn|12\n|\n|t:|1700690862\n|move|p2a: Iron Jugulis|Dark Pulse|p1a: Ribombee\n|-resisted|p1a: Ribombee\n|-damage|p1a: Ribombee|66\/100\n|move|p1a: Ribombee|Moonblast|p2a: Iron Jugulis\n|-supereffective|p2a: Iron Jugulis\n|-damage|p2a: Iron Jugulis|0 fnt\n|faint|p2a: Iron Jugulis\n|-end|p2a: Iron Jugulis|Quark Drive|[silent]\n|\n|upkeep\n|\n|t:|1700690875\n|switch|p2a: Iron Valiant|Iron Valiant|100\/100\n|-enditem|p2a: Iron Valiant|Booster Energy\n|-activate|p2a: Iron Valiant|ability: Quark Drive|[fromitem]\n|-start|p2a: Iron Valiant|quarkdrivespe\n|turn|13\n|\n|t:|1700690880\n|move|p2a: Iron Valiant|Moonblast|p1a: Ribombee\n|-damage|p1a: Ribombee|0 fnt\n|faint|p1a: Ribombee\n|\n|upkeep\n|\n|t:|1700690884\n|switch|p1a: Ogerpon|Ogerpon-Wellspring, F|100\/100\n|turn|14\n|\n|t:|1700690892\n|-terastallize|p1a: Ogerpon|Water\n|detailschange|p1a: Ogerpon|Ogerpon-Wellspring-Tera, F, tera:Water\n|-ability|p1a: Ogerpon|Embody Aspect (Wellspring)|boost\n|-boost|p1a: Ogerpon|spd|1\n|move|p2a: Iron Valiant|Moonblast|p1a: Ogerpon\n|-damage|p1a: Ogerpon|63\/100\n|move|p1a: Ogerpon|Horn Leech|p2a: Iron Valiant\n|-damage|p2a: Iron Valiant|48\/100\n|-heal|p1a: Ogerpon|88\/100|[from] drain|[of] p2a: Iron Valiant\n|\n|upkeep\n|turn|15\n|\n|t:|1700690900\n|move|p2a: Iron Valiant|Moonblast|p1a: Ogerpon\n|-damage|p1a: Ogerpon|49\/100\n|move|p1a: Ogerpon|Horn Leech|p2a: Iron Valiant\n|-damage|p2a: Iron Valiant|0 fnt\n|-heal|p1a: Ogerpon|72\/100|[from] drain|[of] p2a: Iron Valiant\n|faint|p2a: Iron Valiant\n|-end|p2a: Iron Valiant|Quark Drive|[silent]\n|\n|upkeep\n|\n|t:|1700690904\n|switch|p2a: Iron Hands|Iron Hands|100\/100\n|-enditem|p2a: Iron Hands|Booster Energy\n|-activate|p2a: Iron Hands|ability: Quark Drive|[fromitem]\n|-start|p2a: Iron Hands|quarkdriveatk\n|turn|16\n|\n|t:|1700690907\n|switch|p1a: Landorus|Landorus-Therian, M|20\/100\n|-ability|p1a: Landorus|Intimidate|boost\n|-unboost|p2a: Iron Hands|atk|1\n|move|p2a: Iron Hands|Thunder Punch|p1a: Landorus\n|-immune|p1a: Landorus\n|\n|-heal|p1a: Landorus|26\/100|[from] item: Leftovers\n|upkeep\n|turn|17\n|\n|t:|1700690916\n|-end|p2a: Iron Hands|Quark Drive|[silent]\n|switch|p2a: Dragapult|Dragapult, M|100\/100\n|move|p1a: Landorus|Earthquake|p2a: Dragapult\n|-damage|p2a: Dragapult|29\/100\n|\n|-heal|p1a: Landorus|32\/100|[from] item: Leftovers\n|upkeep\n|turn|18\n|\n|t:|1700690925\n|move|p2a: Dragapult|Shadow Ball|p1a: Landorus\n|-damage|p1a: Landorus|0 fnt\n|faint|p1a: Landorus\n|\n|upkeep\n|inactive|thunderdog_32 has 120 seconds left.\n|\n|t:|1700690960\n|switch|p1a: Ogerpon|Ogerpon-Wellspring-Tera, F, tera:Water|72\/100\n|-ability|p1a: Ogerpon|Embody Aspect (Wellspring)|boost\n|-boost|p1a: Ogerpon|spd|1\n|turn|19\n|\n|t:|1700690983\n|move|p2a: Dragapult|Shadow Ball|p1a: Ogerpon\n|-damage|p1a: Ogerpon|30\/100\n|move|p1a: Ogerpon|Ivy Cudgel|p2a: Dragapult|[anim] Ivy Cudgel Water\n|-resisted|p2a: Dragapult\n|-damage|p2a: Dragapult|0 fnt\n|faint|p2a: Dragapult\n|\n|upkeep\n|\n|t:|1700690989\n|switch|p2a: Iron Hands|Iron Hands|100\/100\n|turn|20\n|\n|t:|1700690996\n|move|p1a: Ogerpon|Ivy Cudgel|p2a: Iron Hands|[anim] Ivy Cudgel Water\n|-damage|p2a: Iron Hands|42\/100\n|move|p2a: Iron Hands|Drain Punch|p1a: Ogerpon\n|-damage|p1a: Ogerpon|0 fnt\n|-heal|p2a: Iron Hands|52\/100|[from] drain|[of] p1a: Ogerpon\n|faint|p1a: Ogerpon\n|\n|upkeep\n|\n|t:|1700691002\n|switch|p1a: Dragapult|Dragapult, F|100\/100\n|turn|21\n|\n|t:|1700691004\n|move|p1a: Dragapult|Shadow Ball|p2a: Iron Hands\n|-damage|p2a: Iron Hands|4\/100\n|move|p2a: Iron Hands|Ice Punch|p1a: Dragapult\n|-supereffective|p1a: Dragapult\n|-damage|p1a: Dragapult|20\/100\n|\n|upkeep\n|turn|22\n|\n|t:|1700691008\n|move|p1a: Dragapult|Shadow Ball|p2a: Iron Hands\n|-damage|p2a: Iron Hands|0 fnt\n|faint|p2a: Iron Hands\n|-end|p2a: Iron Hands|Quark Drive|[silent]\n|\n|win|thunderdog_32\n|raw|thunderdog_32's rating: 1328 &rarr; <strong>1353<\/strong><br \/>(+25 for winning)\n|raw|Slo Overdose's rating: 1424 &rarr; <strong>1399<\/strong><br \/>(-25 for losing)\n|c|\u2606thunderdog_32|ggs\n","uploadtime":1700691015,"views":2,"p1id":"thunderdog32","p2id":"slooverdose","formatid":"gen9ou","rating":1353,"private":0,"password":""}