{"id":"gen9ou-1999790860","p1":"VivaHonduras","p2":"Albret","format":"[Gen 9] OU","log":"|j|\u2606VivaHonduras\n|j|\u2606Albret\n|t:|1701116991\n|gametype|singles\n|player|p1|VivaHonduras|265|1898\n|player|p2|Albret|102|1844\n|teamsize|p1|6\n|teamsize|p2|6\n|gen|9\n|tier|[Gen 9] OU\n|rated|\n|rule|Sleep Clause Mod: Limit one foe put to sleep\n|rule|Species Clause: Limit one of each Pok\u00e9mon\n|rule|OHKO Clause: OHKO moves are banned\n|rule|Evasion Items Clause: Evasion items are banned\n|rule|Evasion Moves Clause: Evasion moves are banned\n|rule|Endless Battle Clause: Forcing endless battles is banned\n|rule|HP Percentage Mod: HP is shown in percentages\n|clearpoke\n|poke|p1|Infernape, M|\n|poke|p1|Ribombee, F|\n|poke|p1|Gholdengo|\n|poke|p1|Manaphy|\n|poke|p1|Landorus-Therian, M|\n|poke|p1|Kommo-o, F|\n|poke|p2|Iron Jugulis|\n|poke|p2|Ogerpon-Wellspring, F|\n|poke|p2|Tinkaton, F|\n|poke|p2|Iron Moth|\n|poke|p2|Great Tusk|\n|poke|p2|Dragapult, M|\n|teampreview\n|inactive|Battle timer is ON: inactive players will automatically lose when time's up. (requested by VivaHonduras)\n|\n|t:|1701117005\n|start\n|switch|p1a: Ribombee|Ribombee, F|100\/100\n|switch|p2a: Iron Jugulis|Iron Jugulis|100\/100\n|-enditem|p2a: Iron Jugulis|Booster Energy\n|-activate|p2a: Iron Jugulis|ability: Quark Drive|[fromitem]\n|-start|p2a: Iron Jugulis|quarkdrivespe\n|turn|1\n|\n|t:|1701117009\n|move|p2a: Iron Jugulis|Taunt|p1a: Ribombee\n|-start|p1a: Ribombee|move: Taunt\n|move|p1a: Ribombee|Moonblast|p2a: Iron Jugulis\n|-supereffective|p2a: Iron Jugulis\n|-damage|p2a: Iron Jugulis|0 fnt\n|faint|p2a: Iron Jugulis\n|-end|p2a: Iron Jugulis|Quark Drive|[silent]\n|\n|upkeep\n|\n|t:|1701117020\n|switch|p2a: Iron Moth|Iron Moth|100\/100\n|-enditem|p2a: Iron Moth|Booster Energy\n|-activate|p2a: Iron Moth|ability: Quark Drive|[fromitem]\n|-start|p2a: Iron Moth|quarkdrivespe\n|turn|2\n|\n|t:|1701117022\n|switch|p1a: Manaphy|Manaphy|100\/100\n|move|p2a: Iron Moth|Fiery Dance|p1a: Manaphy\n|-resisted|p1a: Manaphy\n|-damage|p1a: Manaphy|80\/100\n|\n|-heal|p1a: Manaphy|86\/100|[from] item: Leftovers\n|upkeep\n|turn|3\n|\n|t:|1701117028\n|move|p2a: Iron Moth|Sludge Wave|p1a: Manaphy\n|-damage|p1a: Manaphy|36\/100\n|move|p1a: Manaphy|Surf|p2a: Iron Moth\n|-supereffective|p2a: Iron Moth\n|-damage|p2a: Iron Moth|20\/100\n|\n|-heal|p1a: Manaphy|42\/100|[from] item: Leftovers\n|upkeep\n|turn|4\n|\n|t:|1701117033\n|move|p2a: Iron Moth|Sludge Wave|p1a: Manaphy\n|-damage|p1a: Manaphy|0 fnt\n|faint|p1a: Manaphy\n|\n|upkeep\n|\n|t:|1701117037\n|switch|p1a: Son Goku|Infernape, M|100\/100\n|turn|5\n|\n|t:|1701117039\n|move|p1a: Son Goku|Mach Punch|p2a: Iron Moth\n|-resisted|p2a: Iron Moth\n|-damage|p2a: Iron Moth|0 fnt\n|faint|p2a: Iron Moth\n|-end|p2a: Iron Moth|Quark Drive|[silent]\n|-damage|p1a: Son Goku|91\/100|[from] item: Life Orb\n|\n|upkeep\n|\n|t:|1701117048\n|switch|p2a: Ogerpon|Ogerpon-Wellspring, F|100\/100\n|turn|6\n|\n|t:|1701117052\n|move|p2a: Ogerpon|Ivy Cudgel|p1a: Son Goku|[anim] Ivy Cudgel Water\n|-supereffective|p1a: Son Goku\n|-damage|p1a: Son Goku|0 fnt\n|faint|p1a: Son Goku\n|\n|upkeep\n|\n|t:|1701117055\n|switch|p1a: Ribombee|Ribombee, F|100\/100\n|turn|7\n|\n|t:|1701117059\n|move|p1a: Ribombee|Sticky Web|p2a: Ogerpon\n|-sidestart|p2: Albret|move: Sticky Web\n|move|p2a: Ogerpon|Ivy Cudgel|p1a: Ribombee|[anim] Ivy Cudgel Water\n|-enditem|p1a: Ribombee|Focus Sash\n|-damage|p1a: Ribombee|1\/100\n|\n|upkeep\n|turn|8\n|j| xxCOALLAxx\n|\n|t:|1701117083\n|switch|p2a: TWINKATON|Tinkaton, F|100\/100\n|-item|p2a: TWINKATON|Air Balloon\n|move|p1a: Ribombee|Moonblast|p2a: TWINKATON\n|-resisted|p2a: TWINKATON\n|-damage|p2a: TWINKATON|84\/100\n|-unboost|p2a: TWINKATON|spa|1\n|-enditem|p2a: TWINKATON|Air Balloon\n|\n|upkeep\n|turn|9\n|\n|t:|1701117090\n|move|p1a: Ribombee|Stun Spore|p2a: TWINKATON\n|-status|p2a: TWINKATON|par\n|move|p2a: TWINKATON|Stealth Rock|p1a: Ribombee\n|-sidestart|p1: VivaHonduras|move: Stealth Rock\n|\n|upkeep\n|turn|10\n|\n|t:|1701117092\n|move|p1a: Ribombee|Moonblast|p2a: TWINKATON\n|-resisted|p2a: TWINKATON\n|-damage|p2a: TWINKATON|69\/100 par\n|-unboost|p2a: TWINKATON|spa|1\n|move|p2a: TWINKATON|Play Rough|p1a: Ribombee\n|-damage|p1a: Ribombee|0 fnt\n|faint|p1a: Ribombee\n|\n|upkeep\n|\n|t:|1701117097\n|switch|p1a: Landorus|Landorus-Therian, M|100\/100\n|-damage|p1a: Landorus|88\/100|[from] Stealth Rock\n|-ability|p1a: Landorus|Intimidate|boost\n|-unboost|p2a: TWINKATON|atk|1\n|turn|11\n|\n|t:|1701117103\n|move|p1a: Landorus|Earthquake|p2a: TWINKATON\n|-supereffective|p2a: TWINKATON\n|-damage|p2a: TWINKATON|0 fnt\n|faint|p2a: TWINKATON\n|\n|-heal|p1a: Landorus|94\/100|[from] item: Leftovers\n|upkeep\n|\n|t:|1701117109\n|switch|p2a: Great Tusk|Great Tusk|100\/100\n|-activate|p2a: Great Tusk|move: Sticky Web\n|-unboost|p2a: Great Tusk|spe|1\n|-enditem|p2a: Great Tusk|Booster Energy\n|-activate|p2a: Great Tusk|ability: Protosynthesis|[fromitem]\n|-start|p2a: Great Tusk|protosynthesisdef\n|turn|12\n|\n|t:|1701117112\n|switch|p1a: McFries|Gholdengo|100\/100\n|-damage|p1a: McFries|94\/100|[from] Stealth Rock\n|-item|p1a: McFries|Air Balloon\n|move|p2a: Great Tusk|Ice Spinner|p1a: McFries\n|-resisted|p1a: McFries\n|-damage|p1a: McFries|81\/100\n|-enditem|p1a: McFries|Air Balloon\n|\n|upkeep\n|turn|13\n|j| FaronAan\n|\n|t:|1701117121\n|move|p1a: McFries|Make It Rain|p2a: Great Tusk\n|-damage|p2a: Great Tusk|14\/100\n|-unboost|p1a: McFries|spa|1\n|move|p2a: Great Tusk|Headlong Rush|p1a: McFries\n|-supereffective|p1a: McFries\n|-damage|p1a: McFries|0 fnt\n|-unboost|p2a: Great Tusk|def|1\n|-unboost|p2a: Great Tusk|spd|1\n|faint|p1a: McFries\n|\n|upkeep\n|\n|t:|1701117132\n|switch|p1a: Landorus|Landorus-Therian, M|94\/100\n|-damage|p1a: Landorus|82\/100|[from] Stealth Rock\n|-ability|p1a: Landorus|Intimidate|boost\n|-unboost|p2a: Great Tusk|atk|1\n|turn|14\n|\n|t:|1701117134\n|move|p1a: Landorus|Earthquake|p2a: Great Tusk\n|-damage|p2a: Great Tusk|0 fnt\n|faint|p2a: Great Tusk\n|-end|p2a: Great Tusk|Protosynthesis|[silent]\n|\n|-heal|p1a: Landorus|88\/100|[from] item: Leftovers\n|upkeep\n|\n|t:|1701117137\n|switch|p2a: Ogerpon|Ogerpon-Wellspring, F|100\/100\n|-activate|p2a: Ogerpon|move: Sticky Web\n|-unboost|p2a: Ogerpon|spe|1\n|turn|15\n|\n|t:|1701117141\n|move|p1a: Landorus|Earthquake|p2a: Ogerpon\n|-resisted|p2a: Ogerpon\n|-damage|p2a: Ogerpon|65\/100\n|move|p2a: Ogerpon|Ivy Cudgel|p1a: Landorus|[anim] Ivy Cudgel Water\n|-supereffective|p1a: Landorus\n|-damage|p1a: Landorus|0 fnt\n|faint|p1a: Landorus\n|\n|upkeep\n|\n|t:|1701117144\n|switch|p1a: Kommo-o|Kommo-o, F|100\/100\n|-damage|p1a: Kommo-o|94\/100|[from] Stealth Rock\n|turn|16\n|\n|t:|1701117145\n|move|p1a: Kommo-o|Clanging Scales|p2a: Ogerpon\n|-damage|p2a: Ogerpon|7\/100\n|-unboost|p1a: Kommo-o|def|1\n|-enditem|p1a: Kommo-o|Throat Spray\n|-boost|p1a: Kommo-o|spa|1|[from] item: Throat Spray\n|move|p2a: Ogerpon|U-turn|p1a: Kommo-o\n|-resisted|p1a: Kommo-o\n|-damage|p1a: Kommo-o|75\/100\n|\n|t:|1701117148\n|switch|p2a: Dragapult|Dragapult, M|100\/100|[from] U-turn\n|-activate|p2a: Dragapult|move: Sticky Web\n|-fail|p2a: Dragapult|unboost|[from] ability: Clear Body|[of] p2a: Dragapult\n|\n|upkeep\n|turn|17\n|\n|t:|1701117154\n|-terastallize|p1a: Kommo-o|Fairy\n|move|p2a: Dragapult|Draco Meteor|p1a: Kommo-o\n|-immune|p1a: Kommo-o\n|move|p1a: Kommo-o|Clanging Scales|p2a: Dragapult\n|-supereffective|p2a: Dragapult\n|-damage|p2a: Dragapult|0 fnt\n|faint|p2a: Dragapult\n|-unboost|p1a: Kommo-o|def|1\n|\n|upkeep\n|-message|Albret forfeited.\n|\n|win|VivaHonduras\n|raw|VivaHonduras's rating: 1898 &rarr; <strong>1915<\/strong><br \/>(+17 for winning)\n|raw|Albret's rating: 1844 &rarr; <strong>1827<\/strong><br \/>(-17 for losing)\n|l|\u2606Albret\n|l|\u2606VivaHonduras\n|l| FaronAan\n|c| xxCOALLAxx|GOAT\n","uploadtime":1701117206,"views":28,"p1id":"vivahonduras","p2id":"albret","formatid":"gen9ou","rating":1827,"private":0,"password":""}