{"id":"gen9ou-1993706355","p1":"Immanuelmun","p2":"Gedikli10","format":"[Gen 9] OU","log":"|j|\u2606Immanuelmun\n|j|\u2606Gedikli10\n|t:|1700347714\n|gametype|singles\n|player|p1|Immanuelmun|169|1476\n|player|p2|Gedikli10|shadowtriad|1590\n|teamsize|p1|6\n|teamsize|p2|6\n|gen|9\n|tier|[Gen 9] OU\n|rated|\n|rule|Sleep Clause Mod: Limit one foe put to sleep\n|rule|Species Clause: Limit one of each Pok\u00e9mon\n|rule|OHKO Clause: OHKO moves are banned\n|rule|Evasion Items Clause: Evasion items are banned\n|rule|Evasion Moves Clause: Evasion moves are banned\n|rule|Endless Battle Clause: Forcing endless battles is banned\n|rule|HP Percentage Mod: HP is shown in percentages\n|clearpoke\n|poke|p1|Samurott-Hisui, F|\n|poke|p1|Slowking-Galar, M|\n|poke|p1|Dragapult, F|\n|poke|p1|Cinderace, F|\n|poke|p1|Rillaboom, M|\n|poke|p1|Sneasler, F|\n|poke|p2|Amoonguss, F|\n|poke|p2|Garganacl, F|\n|poke|p2|Weavile, F|\n|poke|p2|Dragapult, F|\n|poke|p2|Corviknight, M|\n|poke|p2|Ting-Lu|\n|teampreview\n|inactive|Battle timer is ON: inactive players will automatically lose when time's up. (requested by Immanuelmun)\n|\n|t:|1700347724\n|start\n|switch|p1a: Cinderace|Cinderace, F|100\/100\n|switch|p2a: Nice to Spore U|Amoonguss, F|100\/100\n|turn|1\n|\n|t:|1700347730\n|switch|p2a: Cure for all|Garganacl, F|100\/100\n|move|p1a: Cinderace|Pyro Ball|p2a: Cure for all\n|-resisted|p2a: Cure for all\n|-damage|p2a: Cure for all|86\/100\n|\n|-heal|p2a: Cure for all|92\/100|[from] item: Leftovers\n|upkeep\n|turn|2\n|\n|t:|1700347739\n|move|p1a: Cinderace|U-turn|p2a: Cure for all\n|-start|p1a: Cinderace|typechange|Bug|[from] ability: Libero\n|-damage|p2a: Cure for all|73\/100\n|\n|t:|1700347743\n|switch|p1a: Rillaboom|Rillaboom, M|100\/100|[from] U-turn\n|-fieldstart|move: Grassy Terrain|[from] ability: Grassy Surge|[of] p1a: Rillaboom\n|move|p2a: Cure for all|Salt Cure|p1a: Rillaboom\n|-damage|p1a: Rillaboom|87\/100\n|-start|p1a: Rillaboom|Salt Cure\n|\n|-heal|p1a: Rillaboom|93\/100|[from] Grassy Terrain\n|-heal|p2a: Cure for all|79\/100|[from] Grassy Terrain\n|-heal|p2a: Cure for all|86\/100|[from] item: Leftovers\n|-damage|p1a: Rillaboom|81\/100|[from] Salt Cure\n|upkeep\n|turn|3\n|\n|t:|1700347757\n|move|p2a: Cure for all|Protect|p2a: Cure for all\n|-singleturn|p2a: Cure for all|Protect\n|move|p1a: Rillaboom|Knock Off|p2a: Cure for all\n|-activate|p2a: Cure for all|move: Protect\n|\n|-heal|p1a: Rillaboom|87\/100|[from] Grassy Terrain\n|-heal|p2a: Cure for all|92\/100|[from] Grassy Terrain\n|-heal|p2a: Cure for all|98\/100|[from] item: Leftovers\n|-damage|p1a: Rillaboom|74\/100|[from] Salt Cure\n|upkeep\n|turn|4\n|\n|t:|1700347769\n|switch|p2a: Armor Night|Corviknight, M, shiny|100\/100\n|move|p1a: Rillaboom|Knock Off|p2a: Armor Night\n|-damage|p2a: Armor Night|78\/100\n|-damage|p1a: Rillaboom|58\/100|[from] item: Rocky Helmet|[of] p2a: Armor Night\n|-enditem|p2a: Armor Night|Rocky Helmet|[from] move: Knock Off|[of] p1a: Rillaboom\n|\n|-heal|p1a: Rillaboom|64\/100|[from] Grassy Terrain\n|-damage|p1a: Rillaboom|52\/100|[from] Salt Cure\n|upkeep\n|turn|5\n|\n|t:|1700347781\n|move|p1a: Rillaboom|U-turn|p2a: Armor Night\n|-resisted|p2a: Armor Night\n|-damage|p2a: Armor Night|74\/100\n|\n|t:|1700347784\n|switch|p1a: Cinderace|Cinderace, F|100\/100|[from] U-turn\n|move|p2a: Armor Night|U-turn|p1a: Cinderace\n|-resisted|p1a: Cinderace\n|-damage|p1a: Cinderace|91\/100\n|\n|t:|1700347787\n|switch|p2a: Cure for all|Garganacl, F|98\/100|[from] U-turn\n|\n|-heal|p1a: Cinderace|97\/100|[from] Grassy Terrain\n|-heal|p2a: Cure for all|100\/100|[from] Grassy Terrain\n|upkeep\n|turn|6\n|\n|t:|1700347797\n|move|p1a: Cinderace|U-turn|p2a: Cure for all\n|-start|p1a: Cinderace|typechange|Bug|[from] ability: Libero\n|-damage|p2a: Cure for all|84\/100\n|\n|t:|1700347808\n|switch|p1a: Slowking|Slowking-Galar, M|100\/100|[from] U-turn\n|move|p2a: Cure for all|Salt Cure|p1a: Slowking\n|-damage|p1a: Slowking|87\/100\n|-start|p1a: Slowking|Salt Cure\n|\n|-heal|p2a: Cure for all|90\/100|[from] Grassy Terrain\n|-heal|p2a: Cure for all|96\/100|[from] item: Leftovers\n|-heal|p1a: Slowking|93\/100|[from] Grassy Terrain\n|-damage|p1a: Slowking|80\/100|[from] Salt Cure\n|upkeep\n|turn|7\n|\n|t:|1700347821\n|move|p2a: Cure for all|Earthquake|p1a: Slowking\n|-supereffective|p1a: Slowking\n|-damage|p1a: Slowking|56\/100\n|move|p1a: Slowking|Chilly Reception|p1a: Slowking\n|-weather|Snow\n|\n|t:|1700347832\n|switch|p1a: Samurott|Samurott-Hisui, F|100\/100|[from] Chilly Reception\n|\n|-weather|Snow|[upkeep]\n|-heal|p2a: Cure for all|100\/100|[from] Grassy Terrain\n|upkeep\n|turn|8\n|\n|t:|1700347842\n|switch|p2a: Nice to Spore U|Amoonguss, F|100\/100\n|move|p1a: Samurott|Ceaseless Edge|p2a: Nice to Spore U|[miss]\n|-miss|p1a: Samurott|p2a: Nice to Spore U\n|\n|-weather|Snow|[upkeep]\n|upkeep\n|turn|9\n|\n|t:|1700347850\n|move|p1a: Samurott|Ceaseless Edge|p2a: Nice to Spore U\n|-damage|p2a: Nice to Spore U|64\/100\n|-damage|p1a: Samurott|84\/100|[from] item: Rocky Helmet|[of] p2a: Nice to Spore U\n|-sidestart|p2: Gedikli10|Spikes\n|move|p2a: Nice to Spore U|Spore|p1a: Samurott\n|-status|p1a: Samurott|slp|[from] move: Spore\n|\n|-weather|Snow|[upkeep]\n|-heal|p1a: Samurott|90\/100 slp|[from] Grassy Terrain\n|-heal|p2a: Nice to Spore U|70\/100|[from] Grassy Terrain\n|-fieldend|move: Grassy Terrain\n|upkeep\n|turn|10\n|\n|t:|1700347863\n|switch|p1a: Dragapult|Dragapult, F|100\/100\n|move|p2a: Nice to Spore U|Sludge Bomb|p1a: Dragapult\n|-resisted|p1a: Dragapult\n|-damage|p1a: Dragapult|82\/100\n|\n|-weather|Snow|[upkeep]\n|upkeep\n|turn|11\n|\n|t:|1700347871\n|switch|p2a: Ting-Loser|Ting-Lu|100\/100\n|-damage|p2a: Ting-Loser|88\/100|[from] Spikes\n|-ability|p2a: Ting-Loser|Vessel of Ruin\n|move|p1a: Dragapult|Draco Meteor|p2a: Ting-Loser\n|-damage|p2a: Ting-Loser|54\/100\n|-unboost|p1a: Dragapult|spa|2\n|\n|-weather|none\n|-heal|p2a: Ting-Loser|60\/100|[from] item: Leftovers\n|upkeep\n|turn|12\n|\n|t:|1700347884\n|switch|p1a: Rillaboom|Rillaboom, M|52\/100\n|-fieldstart|move: Grassy Terrain|[from] ability: Grassy Surge|[of] p1a: Rillaboom\n|move|p2a: Ting-Loser|Stealth Rock|p1a: Rillaboom\n|-sidestart|p1: Immanuelmun|move: Stealth Rock\n|\n|-heal|p1a: Rillaboom|58\/100|[from] Grassy Terrain\n|-heal|p2a: Ting-Loser|67\/100|[from] Grassy Terrain\n|-heal|p2a: Ting-Loser|73\/100|[from] item: Leftovers\n|upkeep\n|turn|13\n|\n|t:|1700347896\n|switch|p2a: Armor Night|Corviknight, M, shiny|74\/100\n|move|p1a: Rillaboom|U-turn|p2a: Armor Night\n|-resisted|p2a: Armor Night\n|-damage|p2a: Armor Night|70\/100\n|\n|t:|1700347902\n|switch|p1a: Cinderace|Cinderace, F|97\/100|[from] U-turn\n|\n|-heal|p1a: Cinderace|100\/100|[from] Grassy Terrain\n|upkeep\n|turn|14\n|\n|t:|1700347908\n|switch|p2a: Cure for all|Garganacl, F|100\/100\n|-damage|p2a: Cure for all|88\/100|[from] Spikes\n|move|p1a: Cinderace|Court Change|p1a: Cinderace\n|-start|p1a: Cinderace|typechange|Normal|[from] ability: Libero\n|-swapsideconditions\n|-activate|p1a: Cinderace|move: Court Change\n|\n|-heal|p2a: Cure for all|94\/100|[from] Grassy Terrain\n|-heal|p2a: Cure for all|100\/100|[from] item: Leftovers\n|upkeep\n|turn|15\n|\n|t:|1700347920\n|move|p1a: Cinderace|U-turn|p2a: Cure for all\n|-damage|p2a: Cure for all|88\/100\n|\n|t:|1700347926\n|switch|p1a: Rillaboom|Rillaboom, M|58\/100|[from] U-turn\n|-damage|p1a: Rillaboom|45\/100|[from] Spikes\n|move|p2a: Cure for all|Salt Cure|p1a: Rillaboom\n|-damage|p1a: Rillaboom|32\/100\n|-start|p1a: Rillaboom|Salt Cure\n|\n|-heal|p1a: Rillaboom|38\/100|[from] Grassy Terrain\n|-heal|p2a: Cure for all|95\/100|[from] Grassy Terrain\n|-heal|p2a: Cure for all|100\/100|[from] item: Leftovers\n|-damage|p1a: Rillaboom|25\/100|[from] Salt Cure\n|upkeep\n|turn|16\n|\n|t:|1700347940\n|switch|p1a: Dragapult|Dragapult, F|82\/100\n|-damage|p1a: Dragapult|70\/100|[from] Spikes\n|move|p2a: Cure for all|Protect||[still]\n|-fail|p2a: Cure for all\n|\n|-heal|p1a: Dragapult|76\/100|[from] Grassy Terrain\n|upkeep\n|turn|17\n|\n|t:|1700347949\n|move|p2a: Cure for all|Protect|p2a: Cure for all\n|-singleturn|p2a: Cure for all|Protect\n|move|p1a: Dragapult|Draco Meteor|p2a: Cure for all\n|-activate|p2a: Cure for all|move: Protect\n|\n|-heal|p1a: Dragapult|82\/100|[from] Grassy Terrain\n|upkeep\n|turn|18\n|\n|t:|1700347958\n|move|p1a: Dragapult|Draco Meteor|p2a: Cure for all\n|-damage|p2a: Cure for all|25\/100\n|-unboost|p1a: Dragapult|spa|2\n|move|p2a: Cure for all|Recover|p2a: Cure for all\n|-heal|p2a: Cure for all|75\/100\n|\n|-heal|p1a: Dragapult|88\/100|[from] Grassy Terrain\n|-heal|p2a: Cure for all|81\/100|[from] Grassy Terrain\n|-heal|p2a: Cure for all|87\/100|[from] item: Leftovers\n|upkeep\n|turn|19\n|\n|t:|1700347969\n|move|p1a: Dragapult|Draco Meteor|p2a: Cure for all\n|-damage|p2a: Cure for all|52\/100\n|-unboost|p1a: Dragapult|spa|2\n|move|p2a: Cure for all|Salt Cure|p1a: Dragapult\n|-damage|p1a: Dragapult|69\/100\n|-start|p1a: Dragapult|Salt Cure\n|\n|-heal|p1a: Dragapult|75\/100|[from] Grassy Terrain\n|-heal|p2a: Cure for all|58\/100|[from] Grassy Terrain\n|-heal|p2a: Cure for all|64\/100|[from] item: Leftovers\n|-damage|p1a: Dragapult|62\/100|[from] Salt Cure\n|-fieldend|move: Grassy Terrain\n|upkeep\n|turn|20\n|\n|t:|1700347983\n|switch|p1a: Rillaboom|Rillaboom, M|25\/100\n|-damage|p1a: Rillaboom|13\/100|[from] Spikes\n|-fieldstart|move: Grassy Terrain|[from] ability: Grassy Surge|[of] p1a: Rillaboom\n|move|p2a: Cure for all|Salt Cure|p1a: Rillaboom\n|-damage|p1a: Rillaboom|0 fnt\n|faint|p1a: Rillaboom\n|\n|-heal|p2a: Cure for all|71\/100|[from] Grassy Terrain\n|-heal|p2a: Cure for all|77\/100|[from] item: Leftovers\n|upkeep\n|\n|t:|1700347996\n|switch|p1a: Sneasler|Sneasler, F|100\/100\n|-damage|p1a: Sneasler|88\/100|[from] Spikes\n|-enditem|p1a: Sneasler|Grassy Seed\n|-boost|p1a: Sneasler|def|1|[from] item: Grassy Seed\n|turn|21\n|inactive|Gedikli10 has 120 seconds left.\n|\n|t:|1700348045\n|-terastallize|p2a: Cure for all|Water\n|move|p1a: Sneasler|Swords Dance|p1a: Sneasler\n|-boost|p1a: Sneasler|atk|2\n|move|p2a: Cure for all|Salt Cure|p1a: Sneasler\n|-resisted|p1a: Sneasler\n|-damage|p1a: Sneasler|80\/100\n|-start|p1a: Sneasler|Salt Cure\n|\n|-heal|p1a: Sneasler|86\/100|[from] Grassy Terrain\n|-heal|p2a: Cure for all|83\/100|[from] Grassy Terrain\n|-heal|p2a: Cure for all|89\/100|[from] item: Leftovers\n|-damage|p1a: Sneasler|74\/100|[from] Salt Cure\n|upkeep\n|turn|22\n|l|\u2606Immanuelmun\n|inactive|Immanuelmun disconnected and has a minute to reconnect!\n|player|p1|\n|j|\u2606Immanuelmun\n|inactive|Immanuelmun reconnected and has 135 seconds left.\n|player|p1|Immanuelmun|169\n|\n|t:|1700348065\n|move|p1a: Sneasler|Dire Claw|p2a: Cure for all\n|-damage|p2a: Cure for all|47\/100\n|move|p2a: Cure for all|Earthquake|p1a: Sneasler\n|-supereffective|p1a: Sneasler\n|-damage|p1a: Sneasler|49\/100\n|\n|-heal|p1a: Sneasler|55\/100|[from] Grassy Terrain\n|-heal|p2a: Cure for all|53\/100|[from] Grassy Terrain\n|-heal|p2a: Cure for all|60\/100|[from] item: Leftovers\n|-damage|p1a: Sneasler|43\/100|[from] Salt Cure\n|upkeep\n|turn|23\n|\n|t:|1700348077\n|move|p2a: Cure for all|Protect|p2a: Cure for all\n|-singleturn|p2a: Cure for all|Protect\n|move|p1a: Sneasler|Swords Dance|p1a: Sneasler\n|-boost|p1a: Sneasler|atk|2\n|\n|-heal|p1a: Sneasler|49\/100|[from] Grassy Terrain\n|-heal|p2a: Cure for all|66\/100|[from] Grassy Terrain\n|-heal|p2a: Cure for all|72\/100|[from] item: Leftovers\n|-damage|p1a: Sneasler|36\/100|[from] Salt Cure\n|upkeep\n|turn|24\n|\n|t:|1700348089\n|switch|p2a: Armor Night|Corviknight, M, shiny|70\/100\n|-damage|p2a: Armor Night|57\/100|[from] Stealth Rock\n|move|p1a: Sneasler|Close Combat|p2a: Armor Night\n|-crit|p2a: Armor Night\n|-damage|p2a: Armor Night|0 fnt\n|-unboost|p1a: Sneasler|def|1\n|-unboost|p1a: Sneasler|spd|1\n|faint|p2a: Armor Night\n|\n|-heal|p1a: Sneasler|43\/100|[from] Grassy Terrain\n|-damage|p1a: Sneasler|30\/100|[from] Salt Cure\n|upkeep\n|inactive|Gedikli10 has 90 seconds left.\n|\n|t:|1700348127\n|switch|p2a: Nice to Spore U|Amoonguss, F|100\/100\n|-damage|p2a: Nice to Spore U|88\/100|[from] Stealth Rock\n|turn|25\n|\n|t:|1700348132\n|move|p1a: Sneasler|Acrobatics|p2a: Nice to Spore U\n|-supereffective|p2a: Nice to Spore U\n|-damage|p2a: Nice to Spore U|0 fnt\n|-damage|p1a: Sneasler|14\/100|[from] item: Rocky Helmet|[of] p2a: Nice to Spore U\n|faint|p2a: Nice to Spore U\n|\n|-heal|p1a: Sneasler|20\/100|[from] Grassy Terrain\n|-damage|p1a: Sneasler|7\/100|[from] Salt Cure\n|upkeep\n|\n|t:|1700348136\n|switch|p2a: Griming Moon|Weavile, F|100\/100\n|-ability|p2a: Griming Moon|Pressure\n|turn|26\n|\n|t:|1700348145\n|move|p2a: Griming Moon|Ice Shard|p1a: Sneasler\n|-damage|p1a: Sneasler|0 fnt\n|faint|p1a: Sneasler\n|\n|upkeep\n|\n|t:|1700348152\n|switch|p1a: Cinderace|Cinderace, F|100\/100\n|turn|27\n|\n|t:|1700348155\n|switch|p2a: Cure for all|Garganacl, F, tera:Water|72\/100\n|-damage|p2a: Cure for all|60\/100|[from] Stealth Rock\n|move|p1a: Cinderace|U-turn|p2a: Cure for all\n|-start|p1a: Cinderace|typechange|Bug|[from] ability: Libero\n|-damage|p2a: Cure for all|43\/100\n|\n|t:|1700348163\n|switch|p1a: Dragapult|Dragapult, F|62\/100|[from] U-turn\n|-damage|p1a: Dragapult|50\/100|[from] Spikes\n|\n|-heal|p1a: Dragapult|56\/100|[from] Grassy Terrain\n|-heal|p2a: Cure for all|50\/100|[from] Grassy Terrain\n|-heal|p2a: Cure for all|56\/100|[from] item: Leftovers\n|-fieldend|move: Grassy Terrain\n|upkeep\n|turn|28\n|\n|t:|1700348173\n|move|p2a: Cure for all|Protect|p2a: Cure for all\n|-singleturn|p2a: Cure for all|Protect\n|move|p1a: Dragapult|Draco Meteor|p2a: Cure for all\n|-activate|p2a: Cure for all|move: Protect\n|\n|-heal|p2a: Cure for all|62\/100|[from] item: Leftovers\n|upkeep\n|turn|29\n|\n|t:|1700348182\n|switch|p2a: Ting-Loser|Ting-Lu|73\/100\n|-damage|p2a: Ting-Loser|67\/100|[from] Stealth Rock\n|-ability|p2a: Ting-Loser|Vessel of Ruin\n|move|p1a: Dragapult|Draco Meteor|p2a: Ting-Loser\n|-damage|p2a: Ting-Loser|34\/100\n|-unboost|p1a: Dragapult|spa|2\n|\n|-heal|p2a: Ting-Loser|40\/100|[from] item: Leftovers\n|upkeep\n|turn|30\n|\n|t:|1700348194\n|switch|p1a: Samurott|Samurott-Hisui, F|90\/100 slp\n|-damage|p1a: Samurott|78\/100 slp|[from] Spikes\n|move|p2a: Ting-Loser|Whirlwind|p1a: Samurott\n|drag|p1a: Slowking|Slowking-Galar, M|89\/100\n|\n|-heal|p2a: Ting-Loser|46\/100|[from] item: Leftovers\n|upkeep\n|turn|31\n|\n|t:|1700348205\n|move|p2a: Ting-Loser|Earthquake|p1a: Slowking\n|-supereffective|p1a: Slowking\n|-damage|p1a: Slowking|16\/100\n|move|p1a: Slowking|Chilly Reception|p1a: Slowking\n|-weather|Snow\n|\n|t:|1700348212\n|switch|p1a: Cinderace|Cinderace, F|100\/100|[from] Chilly Reception\n|\n|-weather|Snow|[upkeep]\n|-heal|p2a: Ting-Loser|53\/100|[from] item: Leftovers\n|upkeep\n|turn|32\n|\n|t:|1700348227\n|move|p1a: Cinderace|U-turn|p2a: Ting-Loser\n|-start|p1a: Cinderace|typechange|Bug|[from] ability: Libero\n|-supereffective|p2a: Ting-Loser\n|-damage|p2a: Ting-Loser|17\/100\n|\n|t:|1700348232\n|switch|p1a: Samurott|Samurott-Hisui, F|78\/100 slp|[from] U-turn\n|-damage|p1a: Samurott|65\/100 slp|[from] Spikes\n|move|p2a: Ting-Loser|Stealth Rock|p1a: Samurott\n|-sidestart|p1: Immanuelmun|move: Stealth Rock\n|\n|-weather|Snow|[upkeep]\n|-heal|p2a: Ting-Loser|23\/100|[from] item: Leftovers\n|upkeep\n|turn|33\n|\n|t:|1700348242\n|cant|p1a: Samurott|slp\n|move|p2a: Ting-Loser|Whirlwind|p1a: Samurott\n|drag|p1a: Cinderace|Cinderace, F|100\/100\n|\n|-weather|Snow|[upkeep]\n|-heal|p2a: Ting-Loser|30\/100|[from] item: Leftovers\n|upkeep\n|turn|34\n|\n|t:|1700348253\n|move|p1a: Cinderace|U-turn|p2a: Ting-Loser\n|-start|p1a: Cinderace|typechange|Bug|[from] ability: Libero\n|-supereffective|p2a: Ting-Loser\n|-damage|p2a: Ting-Loser|0 fnt\n|faint|p2a: Ting-Loser\n|\n|t:|1700348266\n|switch|p1a: Samurott|Samurott-Hisui, F|65\/100 slp|[from] U-turn\n|-damage|p1a: Samurott|53\/100 slp|[from] Spikes\n|-damage|p1a: Samurott|40\/100 slp|[from] Stealth Rock\n|\n|-weather|Snow|[upkeep]\n|upkeep\n|\n|t:|1700348273\n|switch|p2a: Griming Moon|Weavile, F|100\/100\n|-ability|p2a: Griming Moon|Pressure\n|turn|35\n|\n|t:|1700348280\n|move|p2a: Griming Moon|Low Kick|p1a: Samurott\n|-supereffective|p1a: Samurott\n|-damage|p1a: Samurott|0 fnt\n|faint|p1a: Samurott\n|\n|-weather|none\n|upkeep\n|\n|t:|1700348287\n|switch|p1a: Cinderace|Cinderace, F|100\/100\n|turn|36\n|\n|t:|1700348295\n|switch|p2a: TAKE MY KIDS|Dragapult, F|100\/100\n|-damage|p2a: TAKE MY KIDS|88\/100|[from] Stealth Rock\n|move|p1a: Cinderace|U-turn|p2a: TAKE MY KIDS\n|-start|p1a: Cinderace|typechange|Bug|[from] ability: Libero\n|-resisted|p2a: TAKE MY KIDS\n|-damage|p2a: TAKE MY KIDS|65\/100\n|\n|t:|1700348303\n|switch|p1a: Slowking|Slowking-Galar, M|49\/100|[from] U-turn\n|\n|upkeep\n|turn|37\n|\n|t:|1700348310\n|move|p2a: TAKE MY KIDS|Shadow Ball|p1a: Slowking\n|-supereffective|p1a: Slowking\n|-damage|p1a: Slowking|0 fnt\n|faint|p1a: Slowking\n|\n|upkeep\n|\n|t:|1700348316\n|switch|p1a: Dragapult|Dragapult, F|56\/100\n|-damage|p1a: Dragapult|44\/100|[from] Spikes\n|-damage|p1a: Dragapult|31\/100|[from] Stealth Rock\n|turn|38\n|-message|Immanuelmun forfeited.\n|\n|win|Gedikli10\n|raw|Immanuelmun's rating: 1476 &rarr; <strong>1462<\/strong><br \/>(-14 for losing)\n|raw|Gedikli10's rating: 1590 &rarr; <strong>1604<\/strong><br \/>(+14 for winning)\n|l|\u2606Immanuelmun\n","uploadtime":1700348343,"views":15,"p1id":"immanuelmun","p2id":"gedikli10","formatid":"gen9ou","rating":1462,"private":0,"password":""}