{"id":"gen9ou-1991922692","p1":"jzhuc1841","p2":"SeigneurFou","format":"[Gen 9] OU","log":"|j|\u2606jzhuc1841\n|j|\u2606SeigneurFou\n|t:|1700138582\n|gametype|singles\n|player|p1|jzhuc1841|hilbert-wonderlauncher|1556\n|player|p2|SeigneurFou|102|1759\n|teamsize|p1|6\n|teamsize|p2|6\n|gen|9\n|tier|[Gen 9] OU\n|rated|\n|rule|Sleep Clause Mod: Limit one foe put to sleep\n|rule|Species Clause: Limit one of each Pok\u00e9mon\n|rule|OHKO Clause: OHKO moves are banned\n|rule|Evasion Items Clause: Evasion items are banned\n|rule|Evasion Moves Clause: Evasion moves are banned\n|rule|Endless Battle Clause: Forcing endless battles is banned\n|rule|HP Percentage Mod: HP is shown in percentages\n|clearpoke\n|poke|p1|Ogerpon-Wellspring, F|\n|poke|p1|Kingambit, F|\n|poke|p1|Iron Moth|\n|poke|p1|Iron Valiant|\n|poke|p1|Zamazenta-*|\n|poke|p1|Glimmora, M|\n|poke|p2|Greninja-*, M|\n|poke|p2|Kingambit, M|\n|poke|p2|Gholdengo|\n|poke|p2|Heatran, F|\n|poke|p2|Zapdos|\n|poke|p2|Glimmora, M|\n|teampreview\n|inactive|Battle timer is ON: inactive players will automatically lose when time's up. (requested by SeigneurFou)\n|\n|t:|1700138587\n|start\n|switch|p1a: Glimmora|Glimmora, M|100\/100\n|switch|p2a: Glimmora|Glimmora, M|100\/100\n|-item|p1a: Glimmora|Air Balloon\n|turn|1\n|\n|t:|1700138593\n|move|p1a: Glimmora|Earth Power|p2a: Glimmora\n|-supereffective|p2a: Glimmora\n|-enditem|p2a: Glimmora|Focus Sash\n|-damage|p2a: Glimmora|1\/100\n|move|p2a: Glimmora|Power Gem|p1a: Glimmora\n|-damage|p1a: Glimmora|46\/100\n|-enditem|p1a: Glimmora|Air Balloon\n|\n|upkeep\n|turn|2\n|\n|t:|1700138601\n|move|p1a: Glimmora|Earth Power|p2a: Glimmora\n|-supereffective|p2a: Glimmora\n|-damage|p2a: Glimmora|0 fnt\n|faint|p2a: Glimmora\n|\n|upkeep\n|\n|t:|1700138608\n|switch|p2a: Greninja|Greninja, M|100\/100\n|turn|3\n|\n|t:|1700138613\n|switch|p1a: Ogerpon|Ogerpon-Wellspring, F|100\/100\n|move|p2a: Greninja|Ice Beam|p1a: Ogerpon\n|-damage|p1a: Ogerpon|67\/100\n|\n|upkeep\n|turn|4\n|\n|t:|1700138621\n|switch|p2a: Gholdengo|Gholdengo|100\/100\n|move|p1a: Ogerpon|Trailblaze|p2a: Gholdengo\n|-resisted|p2a: Gholdengo\n|-damage|p2a: Gholdengo|86\/100\n|-boost|p1a: Ogerpon|spe|1\n|\n|upkeep\n|turn|5\n|\n|t:|1700138628\n|-terastallize|p1a: Ogerpon|Water\n|detailschange|p1a: Ogerpon|Ogerpon-Wellspring-Tera, F, tera:Water\n|-ability|p1a: Ogerpon|Embody Aspect (Wellspring)|boost\n|-boost|p1a: Ogerpon|spd|1\n|move|p1a: Ogerpon|Ivy Cudgel|p2a: Gholdengo|[anim] Ivy Cudgel Water\n|-damage|p2a: Gholdengo|5\/100\n|move|p2a: Gholdengo|Shadow Ball|p1a: Ogerpon\n|-damage|p1a: Ogerpon|29\/100\n|\n|upkeep\n|turn|6\n|\n|t:|1700138637\n|move|p1a: Ogerpon|Horn Leech|p2a: Gholdengo\n|-resisted|p2a: Gholdengo\n|-damage|p2a: Gholdengo|0 fnt\n|-heal|p1a: Ogerpon|32\/100|[from] drain|[of] p2a: Gholdengo\n|faint|p2a: Gholdengo\n|\n|upkeep\n|\n|t:|1700138652\n|switch|p2a: Kingambit|Kingambit, M|100\/100\n|-activate|p2a: Kingambit|ability: Supreme Overlord\n|-start|p2a: Kingambit|fallen2|[silent]\n|turn|7\n|\n|t:|1700138657\n|move|p1a: Ogerpon|Ivy Cudgel|p2a: Kingambit|[anim] Ivy Cudgel Water\n|-damage|p2a: Kingambit|39\/100\n|move|p2a: Kingambit|Low Kick|p1a: Ogerpon\n|-damage|p1a: Ogerpon|0 fnt\n|faint|p1a: Ogerpon\n|\n|-heal|p2a: Kingambit|45\/100|[from] item: Leftovers\n|upkeep\n|\n|t:|1700138664\n|switch|p1a: Zamazenta|Zamazenta|100\/100\n|-ability|p1a: Zamazenta|Dauntless Shield|boost\n|-boost|p1a: Zamazenta|def|1\n|turn|8\n|\n|t:|1700138672\n|-end|p2a: Kingambit|fallen2|[silent]\n|switch|p2a: Zapdos|Zapdos|100\/100\n|move|p1a: Zamazenta|Iron Defense|p1a: Zamazenta\n|-boost|p1a: Zamazenta|def|2\n|\n|upkeep\n|turn|9\n|\n|t:|1700138677\n|move|p1a: Zamazenta|Substitute|p1a: Zamazenta\n|-start|p1a: Zamazenta|Substitute\n|-damage|p1a: Zamazenta|76\/100\n|move|p2a: Zapdos|Discharge|p1a: Zamazenta\n|-end|p1a: Zamazenta|Substitute\n|\n|-heal|p1a: Zamazenta|82\/100|[from] item: Leftovers\n|upkeep\n|turn|10\n|\n|t:|1700138684\n|move|p1a: Zamazenta|Body Press|p2a: Zapdos\n|-resisted|p2a: Zapdos\n|-damage|p2a: Zapdos|47\/100\n|move|p2a: Zapdos|Discharge|p1a: Zamazenta\n|-damage|p1a: Zamazenta|48\/100\n|\n|-heal|p1a: Zamazenta|54\/100|[from] item: Leftovers\n|-heal|p2a: Zapdos|53\/100|[from] item: Leftovers\n|upkeep\n|turn|11\n|\n|t:|1700138692\n|move|p1a: Zamazenta|Body Press|p2a: Zapdos\n|-resisted|p2a: Zapdos\n|-crit|p2a: Zapdos\n|-damage|p2a: Zapdos|0 fnt\n|faint|p2a: Zapdos\n|\n|-heal|p1a: Zamazenta|60\/100|[from] item: Leftovers\n|upkeep\n|\n|t:|1700138701\n|switch|p2a: Heatran|Heatran, F|100\/100\n|-item|p2a: Heatran|Air Balloon\n|turn|12\n|\n|t:|1700138704\n|move|p1a: Zamazenta|Body Press|p2a: Heatran\n|-supereffective|p2a: Heatran\n|-damage|p2a: Heatran|0 fnt\n|-enditem|p2a: Heatran|Air Balloon\n|faint|p2a: Heatran\n|\n|-heal|p1a: Zamazenta|66\/100|[from] item: Leftovers\n|upkeep\n|-message|SeigneurFou forfeited.\n|\n|win|jzhuc1841\n|raw|jzhuc1841's rating: 1556 &rarr; <strong>1587<\/strong><br \/>(+31 for winning)\n|raw|SeigneurFou's rating: 1759 &rarr; <strong>1728<\/strong><br \/>(-31 for losing)\n|l|\u2606SeigneurFou\n|l|\u2606jzhuc1841\n|j|\u2606jzhuc1841\n|player|p1|jzhuc1841|hilbert-wonderlauncher\n","uploadtime":1700138844,"views":14,"p1id":"jzhuc1841","p2id":"seigneurfou","formatid":"gen9ou","rating":1587,"private":0,"password":""}