{"id":"gen9ou-1991180947","p1":"ye olde doggo","p2":"Im_Totally_Human","format":"[Gen 9] OU","log":"|j|\u203dye olde doggo\n|j|\u2606Im_Totally_Human\n|t:|1700054300\n|gametype|singles\n|player|p1|ye olde doggo|265|1390\n|player|p2|Im_Totally_Human|az|1390\n|teamsize|p1|6\n|teamsize|p2|6\n|gen|9\n|tier|[Gen 9] OU\n|rated|\n|rule|Sleep Clause Mod: Limit one foe put to sleep\n|rule|Species Clause: Limit one of each Pok\u00e9mon\n|rule|OHKO Clause: OHKO moves are banned\n|rule|Evasion Items Clause: Evasion items are banned\n|rule|Evasion Moves Clause: Evasion moves are banned\n|rule|Endless Battle Clause: Forcing endless battles is banned\n|rule|HP Percentage Mod: HP is shown in percentages\n|clearpoke\n|poke|p1|Great Tusk|\n|poke|p1|Kingambit, M|\n|poke|p1|Moltres|\n|poke|p1|Hatterene, F|\n|poke|p1|Dragapult, M|\n|poke|p1|Rillaboom, F|\n|poke|p2|Cramorant, F|\n|poke|p2|Great Tusk|\n|poke|p2|Cinderace, M|\n|poke|p2|Zapdos-Galar|\n|poke|p2|Dragapult, M|\n|poke|p2|Toxapex, M|\n|teampreview\n|\n|t:|1700054351\n|start\n|switch|p1a: Dragapult|Dragapult, M|100\/100\n|switch|p2a: Cramorant|Cramorant, F|100\/100\n|turn|1\n|\n|t:|1700054362\n|move|p2a: Cramorant|Endure|p2a: Cramorant\n|-singleturn|p2a: Cramorant|move: Endure\n|move|p1a: Dragapult|Draco Meteor|p2a: Cramorant\n|-activate|p2a: Cramorant|move: Endure\n|-damage|p2a: Cramorant|1\/100\n|-unboost|p1a: Dragapult|spa|2\n|\n|upkeep\n|turn|2\n|-enditem|p2a: Cramorant|Custap Berry|[eat]\n|-activate|p2a: Cramorant|item: Custap Berry|[consumed]\n|\n|t:|1700054375\n|move|p2a: Cramorant|Surf|p1a: Dragapult\n|-formechange|p2a: Cramorant|Cramorant-Gorging|\n|-resisted|p1a: Dragapult\n|-damage|p1a: Dragapult|76\/100\n|move|p1a: Dragapult|Draco Meteor|p2a: Cramorant\n|-damage|p2a: Cramorant|0 fnt\n|-unboost|p1a: Dragapult|spa|2\n|-damage|p1a: Dragapult|51\/100|[from] ability: Gulp Missile|[of] p2a: Cramorant\n|-status|p1a: Dragapult|par\n|-formechange|p2a: Cramorant|Cramorant|\n|faint|p2a: Cramorant\n|\n|upkeep\n|\n|t:|1700054396\n|switch|p2a: Zapdos|Zapdos-Galar|100\/100\n|turn|3\n|\n|t:|1700054403\n|switch|p1a: Moltres|Moltres|100\/100\n|move|p2a: Zapdos|Knock Off|p1a: Moltres\n|-damage|p1a: Moltres|71\/100\n|-status|p2a: Zapdos|brn|[from] ability: Flame Body|[of] p1a: Moltres\n|-enditem|p1a: Moltres|Heavy-Duty Boots|[from] move: Knock Off|[of] p2a: Zapdos\n|\n|-damage|p2a: Zapdos|94\/100 brn|[from] brn\n|upkeep\n|turn|4\n|\n|t:|1700054412\n|move|p2a: Zapdos|Close Combat|p1a: Moltres\n|-resisted|p1a: Moltres\n|-damage|p1a: Moltres|59\/100\n|-unboost|p2a: Zapdos|def|1\n|-unboost|p2a: Zapdos|spd|1\n|-enditem|p2a: Zapdos|Eject Pack\n|\n|t:|1700054415\n|switch|p2a: Toxapex|Toxapex, M|100\/100\n|move|p1a: Moltres|U-turn|p2a: Toxapex\n|-resisted|p2a: Toxapex\n|-damage|p2a: Toxapex|96\/100\n|\n|t:|1700054418\n|switch|p1a: Great Tusk|Great Tusk|100\/100|[from] U-turn\n|\n|upkeep\n|turn|5\n|\n|t:|1700054426\n|switch|p2a: Zapdos|Zapdos-Galar|94\/100 brn\n|move|p1a: Great Tusk|Stealth Rock|p2a: Zapdos\n|-sidestart|p2: Im_Totally_Human|move: Stealth Rock\n|\n|-damage|p2a: Zapdos|88\/100 brn|[from] brn\n|upkeep\n|turn|6\n|\n|t:|1700054432\n|-end|p1a: Great Tusk|Protosynthesis|[silent]\n|switch|p1a: Moltres|Moltres|59\/100\n|move|p2a: Zapdos|Acrobatics|p1a: Moltres\n|-damage|p1a: Moltres|34\/100\n|\n|-damage|p2a: Zapdos|82\/100 brn|[from] brn\n|upkeep\n|turn|7\n|\n|t:|1700054440\n|move|p2a: Zapdos|Acrobatics|p1a: Moltres\n|-damage|p1a: Moltres|8\/100\n|move|p1a: Moltres|Roost|p1a: Moltres\n|-heal|p1a: Moltres|58\/100\n|-singleturn|p1a: Moltres|move: Roost\n|\n|-damage|p2a: Zapdos|76\/100 brn|[from] brn\n|upkeep\n|turn|8\n|\n|t:|1700054447\n|move|p2a: Zapdos|Acrobatics|p1a: Moltres\n|-damage|p1a: Moltres|37\/100\n|move|p1a: Moltres|Roost|p1a: Moltres\n|-heal|p1a: Moltres|87\/100\n|-singleturn|p1a: Moltres|move: Roost\n|\n|-damage|p2a: Zapdos|69\/100 brn|[from] brn\n|upkeep\n|turn|9\n|\n|t:|1700054456\n|move|p2a: Zapdos|Acrobatics|p1a: Moltres\n|-damage|p1a: Moltres|61\/100\n|move|p1a: Moltres|Flamethrower|p2a: Zapdos\n|-damage|p2a: Zapdos|26\/100 brn\n|\n|-damage|p2a: Zapdos|20\/100 brn|[from] brn\n|upkeep\n|turn|10\n|\n|t:|1700054466\n|switch|p2a: Dragapult|Dragapult, M|100\/100\n|-damage|p2a: Dragapult|88\/100|[from] Stealth Rock\n|move|p1a: Moltres|Flamethrower|p2a: Dragapult\n|-resisted|p2a: Dragapult\n|-damage|p2a: Dragapult|65\/100\n|\n|-heal|p2a: Dragapult|71\/100|[from] item: Leftovers\n|upkeep\n|turn|11\n|\n|t:|1700054480\n|switch|p1a: Kingambit|Kingambit, M|100\/100\n|move|p2a: Dragapult|Substitute|p2a: Dragapult\n|-start|p2a: Dragapult|Substitute\n|-damage|p2a: Dragapult|46\/100\n|\n|-heal|p2a: Dragapult|52\/100|[from] item: Leftovers\n|upkeep\n|turn|12\n|\n|t:|1700054488\n|-end|p1a: Kingambit|fallenundefined|[silent]\n|switch|p1a: Hatterene|Hatterene, F|100\/100\n|move|p2a: Dragapult|Will-O-Wisp|p1a: Hatterene\n|move|p1a: Hatterene|Will-O-Wisp||[from]ability: Magic Bounce|[still]\n|-fail|p1a: Hatterene\n|\n|-heal|p2a: Dragapult|58\/100|[from] item: Leftovers\n|upkeep\n|turn|13\n|\n|t:|1700054496\n|move|p2a: Dragapult|Hex|p1a: Hatterene\n|-supereffective|p1a: Hatterene\n|-damage|p1a: Hatterene|47\/100\n|move|p1a: Hatterene|Draining Kiss|p2a: Dragapult\n|-supereffective|p2a: Dragapult\n|-end|p2a: Dragapult|Substitute\n|-heal|p1a: Hatterene|66\/100|[from] drain|[of] p2a: Dragapult\n|\n|-heal|p2a: Dragapult|64\/100|[from] item: Leftovers\n|-heal|p1a: Hatterene|72\/100|[from] item: Leftovers\n|upkeep\n|turn|14\n|\n|t:|1700054506\n|switch|p2a: Toxapex|Toxapex, M|100\/100\n|-damage|p2a: Toxapex|88\/100|[from] Stealth Rock\n|move|p1a: Hatterene|Draining Kiss|p2a: Toxapex\n|-resisted|p2a: Toxapex\n|-damage|p2a: Toxapex|82\/100\n|-heal|p1a: Hatterene|77\/100|[from] drain|[of] p2a: Toxapex\n|\n|-heal|p1a: Hatterene|83\/100|[from] item: Leftovers\n|upkeep\n|turn|15\n|\n|t:|1700054519\n|move|p1a: Hatterene|Nuzzle|p2a: Toxapex\n|-supereffective|p2a: Toxapex\n|-damage|p2a: Toxapex|76\/100\n|-status|p2a: Toxapex|par\n|cant|p2a: Toxapex|par\n|\n|-heal|p1a: Hatterene|89\/100|[from] item: Leftovers\n|upkeep\n|turn|16\n|\n|t:|1700054527\n|move|p1a: Hatterene|Calm Mind|p1a: Hatterene\n|-boost|p1a: Hatterene|spa|1\n|-boost|p1a: Hatterene|spd|1\n|cant|p2a: Toxapex|par\n|\n|-heal|p1a: Hatterene|95\/100|[from] item: Leftovers\n|upkeep\n|turn|17\n|\n|t:|1700054531\n|move|p1a: Hatterene|Calm Mind|p1a: Hatterene\n|-boost|p1a: Hatterene|spa|1\n|-boost|p1a: Hatterene|spd|1\n|cant|p2a: Toxapex|par\n|\n|-heal|p1a: Hatterene|100\/100|[from] item: Leftovers\n|upkeep\n|turn|18\n|\n|t:|1700054538\n|move|p1a: Hatterene|Calm Mind|p1a: Hatterene\n|-boost|p1a: Hatterene|spa|1\n|-boost|p1a: Hatterene|spd|1\n|cant|p2a: Toxapex|par\n|\n|upkeep\n|turn|19\n|\n|t:|1700054546\n|move|p1a: Hatterene|Psyshock|p2a: Toxapex\n|-supereffective|p2a: Toxapex\n|-damage|p2a: Toxapex|0 fnt\n|faint|p2a: Toxapex\n|\n|upkeep\n|\n|t:|1700054563\n|switch|p2a: Zapdos|Zapdos-Galar|20\/100 brn\n|-damage|p2a: Zapdos|8\/100 brn|[from] Stealth Rock\n|turn|20\n|\n|t:|1700054568\n|move|p2a: Zapdos|Acrobatics|p1a: Hatterene\n|-damage|p1a: Hatterene|77\/100\n|move|p1a: Hatterene|Draining Kiss|p2a: Zapdos\n|-supereffective|p2a: Zapdos\n|-damage|p2a: Zapdos|0 fnt\n|-heal|p1a: Hatterene|82\/100|[from] drain|[of] p2a: Zapdos\n|faint|p2a: Zapdos\n|\n|-heal|p1a: Hatterene|88\/100|[from] item: Leftovers\n|upkeep\n|\n|t:|1700054577\n|switch|p2a: Cinderace|Cinderace, M|100\/100\n|turn|21\n|\n|t:|1700054582\n|move|p2a: Cinderace|Pyro Ball|p1a: Hatterene\n|-damage|p1a: Hatterene|38\/100\n|move|p1a: Hatterene|Psyshock|p2a: Cinderace\n|-damage|p2a: Cinderace|0 fnt\n|faint|p2a: Cinderace\n|\n|-heal|p1a: Hatterene|44\/100|[from] item: Leftovers\n|upkeep\n|\n|t:|1700054591\n|switch|p2a: Great Tusk|Great Tusk|100\/100\n|turn|22\n|\n|t:|1700054595\n|move|p2a: Great Tusk|Headlong Rush|p1a: Hatterene\n|-damage|p1a: Hatterene|0 fnt\n|-unboost|p2a: Great Tusk|def|1\n|-unboost|p2a: Great Tusk|spd|1\n|faint|p1a: Hatterene\n|\n|upkeep\n|\n|t:|1700054598\n|switch|p1a: Rillaboom|Rillaboom, F|100\/100\n|-fieldstart|move: Grassy Terrain|[from] ability: Grassy Surge|[of] p1a: Rillaboom\n|turn|23\n|\n|t:|1700054608\n|-end|p2a: Great Tusk|Protosynthesis|[silent]\n|switch|p2a: Dragapult|Dragapult, M|64\/100\n|-damage|p2a: Dragapult|51\/100|[from] Stealth Rock\n|move|p1a: Rillaboom|Grassy Glide|p2a: Dragapult\n|-resisted|p2a: Dragapult\n|-damage|p2a: Dragapult|9\/100\n|\n|-heal|p2a: Dragapult|15\/100|[from] Grassy Terrain\n|-heal|p2a: Dragapult|21\/100|[from] item: Leftovers\n|upkeep\n|turn|24\n|\n|t:|1700054619\n|-terastallize|p1a: Rillaboom|Grass\n|move|p1a: Rillaboom|Grassy Glide|p2a: Dragapult\n|-resisted|p2a: Dragapult\n|-damage|p2a: Dragapult|0 fnt\n|faint|p2a: Dragapult\n|\n|upkeep\n|\n|t:|1700054623\n|switch|p2a: Great Tusk|Great Tusk|100\/100\n|turn|25\n|\n|t:|1700054632\n|move|p1a: Rillaboom|Grassy Glide|p2a: Great Tusk\n|-supereffective|p2a: Great Tusk\n|-damage|p2a: Great Tusk|0 fnt\n|faint|p2a: Great Tusk\n|-end|p2a: Great Tusk|Protosynthesis|[silent]\n|\n|win|ye olde doggo\n|raw|ye olde doggo's rating: 1390 &rarr; <strong>1410<\/strong><br \/>(+20 for winning)\n|raw|Im_Totally_Human's rating: 1390 &rarr; <strong>1370<\/strong><br \/>(-20 for losing)\n|l|\u203dye olde doggo\n","uploadtime":1700054651,"views":6,"p1id":"yeoldedoggo","p2id":"imtotallyhuman","formatid":"gen9ou","rating":1370,"private":0,"password":""}