{"id":"gen9ou-1998223147","p1":"weigle","p2":"willlyyyy!","format":"[Gen 9] OU","log":"|j|\u2606weigle\n|j|\u2606willlyyyy!\n|t:|1700915474\n|gametype|singles\n|player|p1|weigle|youngster-gen1rb|1224\n|player|p2|willlyyyy!|unknown|1243\n|teamsize|p1|6\n|teamsize|p2|6\n|gen|9\n|tier|[Gen 9] OU\n|rated|\n|rule|Sleep Clause Mod: Limit one foe put to sleep\n|rule|Species Clause: Limit one of each Pok\u00e9mon\n|rule|OHKO Clause: OHKO moves are banned\n|rule|Evasion Items Clause: Evasion items are banned\n|rule|Evasion Moves Clause: Evasion moves are banned\n|rule|Endless Battle Clause: Forcing endless battles is banned\n|rule|HP Percentage Mod: HP is shown in percentages\n|clearpoke\n|poke|p1|Iron Valiant|\n|poke|p1|Zamazenta-*|\n|poke|p1|Ting-Lu|\n|poke|p1|Ogerpon-Wellspring, F|\n|poke|p1|Iron Moth|\n|poke|p1|Manaphy|\n|poke|p2|Slowking-Galar, F|\n|poke|p2|Hoopa-Unbound|\n|poke|p2|Meowscarada, M|\n|poke|p2|Great Tusk|\n|poke|p2|Dragapult, M|\n|poke|p2|Clefable, F|\n|teampreview\n|\n|t:|1700915488\n|start\n|switch|p1a: Lyn0731|Ting-Lu|100\/100\n|switch|p2a: Meowscarada|Meowscarada, M|100\/100\n|-ability|p1a: Lyn0731|Vessel of Ruin\n|turn|1\n|\n|t:|1700915505\n|switch|p1a: Sword Board|Zamazenta|100\/100\n|-ability|p1a: Sword Board|Dauntless Shield|boost\n|-boost|p1a: Sword Board|def|1\n|move|p2a: Meowscarada|Flower Trick|p1a: Sword Board\n|-crit|p1a: Sword Board\n|-damage|p1a: Sword Board|52\/100\n|\n|upkeep\n|turn|2\n|\n|t:|1700915524\n|move|p1a: Sword Board|Crunch|p2a: Meowscarada\n|-resisted|p2a: Meowscarada\n|-damage|p2a: Meowscarada|81\/100\n|move|p2a: Meowscarada|Flower Trick|p1a: Sword Board\n|-crit|p1a: Sword Board\n|-damage|p1a: Sword Board|8\/100\n|\n|upkeep\n|turn|3\n|\n|t:|1700915541\n|switch|p2a: Clefable|Clefable, F|100\/100\n|move|p1a: Sword Board|Close Combat|p2a: Clefable\n|-resisted|p2a: Clefable\n|-damage|p2a: Clefable|78\/100\n|-unboost|p1a: Sword Board|def|1\n|-unboost|p1a: Sword Board|spd|1\n|\n|-heal|p2a: Clefable|85\/100|[from] item: Leftovers\n|upkeep\n|turn|4\n|c|\u2606willlyyyy!|that was actually so smart\n|c|\u2606willlyyyy!|the crunch\n|\n|t:|1700915562\n|move|p1a: Sword Board|Heavy Slam|p2a: Clefable\n|-supereffective|p2a: Clefable\n|-damage|p2a: Clefable|25\/100\n|move|p2a: Clefable|Moonlight|p2a: Clefable\n|-heal|p2a: Clefable|75\/100\n|\n|-heal|p2a: Clefable|81\/100|[from] item: Leftovers\n|upkeep\n|turn|5\n|inactive|Battle timer is ON: inactive players will automatically lose when time's up. (requested by weigle)\n|\n|t:|1700915597\n|switch|p1a: Iron Moth|Iron Moth|100\/100\n|-enditem|p1a: Iron Moth|Booster Energy\n|-activate|p1a: Iron Moth|ability: Quark Drive|[fromitem]\n|-start|p1a: Iron Moth|quarkdrivespe\n|move|p2a: Clefable|Moonblast|p1a: Iron Moth\n|-resisted|p1a: Iron Moth\n|-damage|p1a: Iron Moth|93\/100\n|\n|-heal|p2a: Clefable|87\/100|[from] item: Leftovers\n|upkeep\n|turn|6\n|\n|t:|1700915608\n|move|p1a: Iron Moth|Sludge Wave|p2a: Clefable\n|-supereffective|p2a: Clefable\n|-damage|p2a: Clefable|0 fnt\n|faint|p2a: Clefable\n|\n|upkeep\n|\n|t:|1700915628\n|switch|p2a: Slowking|Slowking-Galar, F|100\/100\n|turn|7\n|\n|t:|1700915634\n|move|p1a: Iron Moth|Psychic|p2a: Slowking\n|-damage|p2a: Slowking|81\/100\n|-unboost|p2a: Slowking|spd|1\n|move|p2a: Slowking|Future Sight|p1a: Iron Moth\n|-start|p2a: Slowking|move: Future Sight\n|\n|upkeep\n|turn|8\n|\n|t:|1700915646\n|-end|p1a: Iron Moth|Quark Drive|[silent]\n|switch|p1a: Lyn0731|Ting-Lu|100\/100\n|-ability|p1a: Lyn0731|Vessel of Ruin\n|move|p2a: Slowking|Chilly Reception|p2a: Slowking\n|-weather|Snow\n|\n|t:|1700915650\n|switch|p2a: Meowscarada|Meowscarada, M|81\/100|[from] Chilly Reception\n|\n|-weather|Snow|[upkeep]\n|upkeep\n|turn|9\n|\n|t:|1700915672\n|switch|p1a: Sword Board|Zamazenta|8\/100\n|move|p2a: Meowscarada|Flower Trick|p1a: Sword Board\n|-crit|p1a: Sword Board\n|-damage|p1a: Sword Board|0 fnt\n|faint|p1a: Sword Board\n|\n|-weather|Snow|[upkeep]\n|-hint|Future Sight did not hit because the target is fainted.\n|upkeep\n|\n|t:|1700915682\n|switch|p1a: Iron Moth|Iron Moth|93\/100\n|turn|10\n|\n|t:|1700915690\n|move|p2a: Meowscarada|U-turn|p1a: Iron Moth\n|-resisted|p1a: Iron Moth\n|-damage|p1a: Iron Moth|86\/100\n|\n|t:|1700915702\n|switch|p2a: Slowking|Slowking-Galar, F|81\/100|[from] U-turn\n|move|p1a: Iron Moth|Fiery Dance|p2a: Slowking\n|-damage|p2a: Slowking|56\/100\n|-boost|p1a: Iron Moth|spa|1\n|\n|-weather|Snow|[upkeep]\n|upkeep\n|turn|11\n|\n|t:|1700915715\n|-end|p1a: Iron Moth|Quark Drive|[silent]\n|switch|p1a: Lyn0731|Ting-Lu|100\/100\n|-ability|p1a: Lyn0731|Vessel of Ruin\n|move|p2a: Slowking|Future Sight|p1a: Lyn0731\n|-start|p2a: Slowking|move: Future Sight\n|\n|-weather|Snow|[upkeep]\n|upkeep\n|turn|12\n|\n|t:|1700915725\n|move|p1a: Lyn0731|Earthquake|p2a: Slowking\n|-supereffective|p2a: Slowking\n|-damage|p2a: Slowking|0 fnt\n|faint|p2a: Slowking\n|\n|-weather|none\n|upkeep\n|\n|t:|1700915742\n|switch|p2a: Meowscarada|Meowscarada, M|81\/100\n|turn|13\n|inactive|weigle has 120 seconds left.\n|\n|t:|1700915777\n|move|p2a: Meowscarada|Spikes|p1a: Lyn0731\n|-sidestart|p1: weigle|Spikes\n|move|p1a: Lyn0731|Ruination|p2a: Meowscarada|[miss]\n|-miss|p1a: Lyn0731|p2a: Meowscarada\n|\n|-end|p1a: Lyn0731|move: Future Sight\n|-immune|p1a: Lyn0731\n|upkeep\n|turn|14\n|inactive|weigle has 120 seconds left.\n|\n|t:|1700915789\n|switch|p1a: Iron Moth|Iron Moth|86\/100\n|-damage|p1a: Iron Moth|73\/100|[from] Spikes\n|move|p2a: Meowscarada|Knock Off|p1a: Iron Moth\n|-damage|p1a: Iron Moth|29\/100\n|\n|upkeep\n|turn|15\n|\n|t:|1700915797\n|move|p2a: Meowscarada|Knock Off|p1a: Iron Moth\n|-damage|p1a: Iron Moth|0 fnt\n|faint|p1a: Iron Moth\n|-end|p1a: Iron Moth|Quark Drive|[silent]\n|\n|upkeep\n|\n|t:|1700915806\n|switch|p1a: BL00BERRY|Iron Valiant, shiny|100\/100\n|-damage|p1a: BL00BERRY|88\/100|[from] Spikes\n|-enditem|p1a: BL00BERRY|Booster Energy\n|-activate|p1a: BL00BERRY|ability: Quark Drive|[fromitem]\n|-start|p1a: BL00BERRY|quarkdrivespe\n|turn|16\n|inactive|willlyyyy! has 120 seconds left.\n|\n|t:|1700915842\n|switch|p2a: Great Tusk|Great Tusk|100\/100\n|-enditem|p2a: Great Tusk|Booster Energy\n|-activate|p2a: Great Tusk|ability: Protosynthesis|[fromitem]\n|-start|p2a: Great Tusk|protosynthesisspe\n|move|p1a: BL00BERRY|Moonblast|p2a: Great Tusk\n|-supereffective|p2a: Great Tusk\n|-damage|p2a: Great Tusk|0 fnt\n|faint|p2a: Great Tusk\n|-end|p2a: Great Tusk|Protosynthesis|[silent]\n|\n|upkeep\n|\n|t:|1700915846\n|switch|p2a: Hoopa|Hoopa-Unbound|100\/100\n|turn|17\n|inactive|willlyyyy! has 120 seconds left.\n|\n|t:|1700915859\n|move|p1a: BL00BERRY|Moonblast|p2a: Hoopa\n|-supereffective|p2a: Hoopa\n|-damage|p2a: Hoopa|10\/100\n|move|p2a: Hoopa|Gunk Shot|p1a: BL00BERRY\n|-supereffective|p1a: BL00BERRY\n|-damage|p1a: BL00BERRY|0 fnt\n|faint|p1a: BL00BERRY\n|-end|p1a: BL00BERRY|Quark Drive|[silent]\n|\n|upkeep\n|\n|t:|1700915879\n|switch|p1a: Lyn0731|Ting-Lu|100\/100\n|-damage|p1a: Lyn0731|88\/100|[from] Spikes\n|-ability|p1a: Lyn0731|Vessel of Ruin\n|turn|18\n|inactive|willlyyyy! has 120 seconds left.\n|\n|t:|1700915902\n|move|p2a: Hoopa|Fling|p1a: Lyn0731\n|-resisted|p1a: Lyn0731\n|-damage|p1a: Lyn0731|83\/100\n|-status|p1a: Lyn0731|par\n|-enditem|p2a: Hoopa|Light Ball|[from] move: Fling\n|move|p1a: Lyn0731|Earthquake|p2a: Hoopa\n|-damage|p2a: Hoopa|0 fnt\n|faint|p2a: Hoopa\n|\n|-heal|p1a: Lyn0731|89\/100 par|[from] item: Leftovers\n|upkeep\n|\n|t:|1700915910\n|switch|p2a: Meowscarada|Meowscarada, M|81\/100\n|turn|19\n|inactive|willlyyyy! has 120 seconds left.\n|\n|t:|1700915918\n|move|p2a: Meowscarada|Flower Trick|p1a: Lyn0731\n|-supereffective|p1a: Lyn0731\n|-crit|p1a: Lyn0731\n|-damage|p1a: Lyn0731|33\/100 par\n|move|p1a: Lyn0731|Ruination|p2a: Meowscarada\n|-damage|p2a: Meowscarada|41\/100\n|\n|-heal|p1a: Lyn0731|40\/100 par|[from] item: Leftovers\n|upkeep\n|turn|20\n|\n|t:|1700915934\n|move|p2a: Meowscarada|Flower Trick|p1a: Lyn0731\n|-supereffective|p1a: Lyn0731\n|-crit|p1a: Lyn0731\n|-damage|p1a: Lyn0731|0 fnt\n|faint|p1a: Lyn0731\n|\n|upkeep\n|\n|t:|1700915941\n|switch|p1a: Ogerpon|Ogerpon-Wellspring, F|100\/100\n|-damage|p1a: Ogerpon|88\/100|[from] Spikes\n|turn|21\n|\n|t:|1700915949\n|-terastallize|p2a: Meowscarada|Grass\n|move|p2a: Meowscarada|Flower Trick|p1a: Ogerpon\n|-crit|p1a: Ogerpon\n|-damage|p1a: Ogerpon|7\/100\n|move|p1a: Ogerpon|Substitute|p1a: Ogerpon\n|-fail|p1a: Ogerpon|move: Substitute|[weak]\n|\n|upkeep\n|turn|22\n|\n|t:|1700915961\n|move|p2a: Meowscarada|Flower Trick|p1a: Ogerpon\n|-crit|p1a: Ogerpon\n|-damage|p1a: Ogerpon|0 fnt\n|faint|p1a: Ogerpon\n|\n|upkeep\n|\n|t:|1700915972\n|switch|p1a: Manaphy|Manaphy|100\/100\n|-damage|p1a: Manaphy|88\/100|[from] Spikes\n|turn|23\n|\n|t:|1700915977\n|-terastallize|p1a: Manaphy|Poison\n|move|p2a: Meowscarada|Flower Trick|p1a: Manaphy\n|-resisted|p1a: Manaphy\n|-crit|p1a: Manaphy\n|-damage|p1a: Manaphy|68\/100\n|move|p1a: Manaphy|Scald|p2a: Meowscarada\n|-resisted|p2a: Meowscarada\n|-damage|p2a: Meowscarada|18\/100\n|-status|p2a: Meowscarada|brn\n|\n|-heal|p1a: Manaphy|75\/100|[from] item: Leftovers\n|-damage|p2a: Meowscarada|12\/100 brn|[from] brn\n|upkeep\n|turn|24\n|\n|t:|1700915991\n|move|p2a: Meowscarada|Knock Off|p1a: Manaphy\n|-damage|p1a: Manaphy|61\/100\n|-enditem|p1a: Manaphy|Leftovers|[from] move: Knock Off|[of] p2a: Meowscarada\n|move|p1a: Manaphy|Take Heart|p1a: Manaphy\n|-boost|p1a: Manaphy|spa|1\n|-boost|p1a: Manaphy|spd|1\n|\n|-damage|p2a: Meowscarada|6\/100 brn|[from] brn\n|upkeep\n|turn|25\n|\n|t:|1700916004\n|move|p2a: Meowscarada|Flower Trick|p1a: Manaphy\n|-resisted|p1a: Manaphy\n|-crit|p1a: Manaphy\n|-damage|p1a: Manaphy|44\/100\n|move|p1a: Manaphy|Take Heart|p1a: Manaphy\n|-boost|p1a: Manaphy|spa|1\n|-boost|p1a: Manaphy|spd|1\n|\n|-damage|p2a: Meowscarada|0 fnt|[from] brn\n|faint|p2a: Meowscarada\n|upkeep\n|\n|t:|1700916011\n|switch|p2a: Dragapult|Dragapult, M|100\/100\n|turn|26\n|\n|t:|1700916019\n|move|p2a: Dragapult|Draco Meteor|p1a: Manaphy\n|-damage|p1a: Manaphy|5\/100\n|-unboost|p2a: Dragapult|spa|2\n|move|p1a: Manaphy|Rest|p1a: Manaphy\n|-status|p1a: Manaphy|slp|[from] move: Rest\n|-heal|p1a: Manaphy|100\/100 slp|[silent]\n|\n|upkeep\n|turn|27\n|c|\u2606willlyyyy!|damn ggs\n|-message|willlyyyy! forfeited.\n|\n|win|weigle\n|raw|weigle's rating: 1224 &rarr; <strong>1250<\/strong><br \/>(+26 for winning)\n|raw|willlyyyy!'s rating: 1243 &rarr; <strong>1217<\/strong><br \/>(-26 for losing)\n|l|\u2606willlyyyy!\n|c|\u2606weigle|gg\n","uploadtime":1700916112,"views":5,"p1id":"weigle","p2id":"willlyyyy","formatid":"gen9ou","rating":1217,"private":0,"password":""}