{"id":"gen9ou-1988479226","p1":"FIRE LORD AESON!","p2":"SilphGambleR","format":"[Gen 9] OU","log":"|j|\u2606FIRE LORD AESON!\n|j|\u2606SilphGambleR\n|t:|1699727346\n|gametype|singles\n|player|p1|FIRE LORD AESON!|101|1657\n|player|p2|SilphGambleR|gardenia|1722\n|teamsize|p1|6\n|teamsize|p2|6\n|gen|9\n|tier|[Gen 9] OU\n|rated|\n|rule|Sleep Clause Mod: Limit one foe put to sleep\n|rule|Species Clause: Limit one of each Pok\u00e9mon\n|rule|OHKO Clause: OHKO moves are banned\n|rule|Evasion Items Clause: Evasion items are banned\n|rule|Evasion Moves Clause: Evasion moves are banned\n|rule|Endless Battle Clause: Forcing endless battles is banned\n|rule|HP Percentage Mod: HP is shown in percentages\n|clearpoke\n|poke|p1|Ceruledge, F|\n|poke|p1|Torkoal, M|\n|poke|p1|Heatran, M|\n|poke|p1|Cinderace, F|\n|poke|p1|Rotom-Heat|\n|poke|p1|Armarouge, M|\n|poke|p2|Azumarill, M|\n|poke|p2|Greninja-*, M|\n|poke|p2|Zapdos|\n|poke|p2|Slowking-Galar, M|\n|poke|p2|Gliscor, M|\n|poke|p2|Zamazenta-*|\n|teampreview\n|inactive|Battle timer is ON: inactive players will automatically lose when time's up. (requested by SilphGambleR)\n|l|\u2606FIRE LORD AESON!\n|inactive|FIRE LORD AESON! disconnected and has a minute to reconnect!\n|player|p1|\n|j|\u2606FIRE LORD AESON!\n|inactive|FIRE LORD AESON! reconnected and has 135 seconds left.\n|player|p1|FIRE LORD AESON!|red-gen1\n|\n|t:|1699727383\n|start\n|switch|p1a: SUBSCRIBE 2 AESON!|Torkoal, M|100\/100\n|switch|p2a: Zamazenta|Zamazenta|100\/100\n|-ability|p2a: Zamazenta|Dauntless Shield|boost\n|-boost|p2a: Zamazenta|def|1\n|-weather|SunnyDay|[from] ability: Drought|[of] p1a: SUBSCRIBE 2 AESON!\n|turn|1\n|\n|t:|1699727401\n|move|p2a: Zamazenta|Close Combat|p1a: SUBSCRIBE 2 AESON!\n|-damage|p1a: SUBSCRIBE 2 AESON!|48\/100\n|-unboost|p2a: Zamazenta|def|1\n|-unboost|p2a: Zamazenta|spd|1\n|-damage|p2a: Zamazenta|91\/100|[from] item: Life Orb\n|move|p1a: SUBSCRIBE 2 AESON!|Stealth Rock|p2a: Zamazenta\n|-sidestart|p2: SilphGambleR|move: Stealth Rock\n|\n|-weather|SunnyDay|[upkeep]\n|upkeep\n|turn|2\n|\n|t:|1699727417\n|switch|p1a: $EXY @AESON UTUBE!|Ceruledge, F|100\/100\n|move|p2a: Zamazenta|Crunch|p1a: $EXY @AESON UTUBE!\n|-supereffective|p1a: $EXY @AESON UTUBE!\n|-damage|p1a: $EXY @AESON UTUBE!|0 fnt\n|faint|p1a: $EXY @AESON UTUBE!\n|-damage|p2a: Zamazenta|81\/100|[from] item: Life Orb\n|\n|-weather|SunnyDay|[upkeep]\n|upkeep\n|c|\u2606FIRE LORD AESON!|nice play\n|inactive|FIRE LORD AESON! has 120 seconds left.\n|\n|t:|1699727458\n|switch|p1a: LUCKY!|Rotom-Heat|100\/100\n|turn|3\n|\n|t:|1699727476\n|-terastallize|p2a: Zamazenta|Rock\n|move|p2a: Zamazenta|Tera Blast|p1a: LUCKY!|[anim] Tera Blast Rock\n|-supereffective|p1a: LUCKY!\n|-damage|p1a: LUCKY!|0 fnt\n|faint|p1a: LUCKY!\n|-damage|p2a: Zamazenta|71\/100|[from] item: Life Orb\n|\n|-weather|SunnyDay|[upkeep]\n|upkeep\n|c|\u2606FIRE LORD AESON!|dam...!\n|inactive|FIRE LORD AESON! has 90 seconds left.\n|\n|t:|1699727497\n|switch|p1a: ArmaROUGENATIONX|Armarouge, M|100\/100\n|turn|4\n|inactive|FIRE LORD AESON! has 90 seconds left.\n|\n|t:|1699727503\n|move|p2a: Zamazenta|Tera Blast|p1a: ArmaROUGENATIONX|[anim] Tera Blast Rock\n|-supereffective|p1a: ArmaROUGENATIONX\n|-enditem|p1a: ArmaROUGENATIONX|Focus Sash\n|-damage|p1a: ArmaROUGENATIONX|1\/100\n|-ability|p1a: ArmaROUGENATIONX|Weak Armor|boost\n|-unboost|p1a: ArmaROUGENATIONX|def|1\n|-boost|p1a: ArmaROUGENATIONX|spe|2\n|-damage|p2a: Zamazenta|61\/100|[from] item: Life Orb\n|move|p1a: ArmaROUGENATIONX|Psychic|p2a: Zamazenta\n|-damage|p2a: Zamazenta|0 fnt\n|faint|p2a: Zamazenta\n|\n|-weather|SunnyDay|[upkeep]\n|upkeep\n|\n|t:|1699727513\n|switch|p2a: Greninja|Greninja, M|100\/100\n|-damage|p2a: Greninja|88\/100|[from] Stealth Rock\n|turn|5\n|inactive|FIRE LORD AESON! has 90 seconds left.\n|\n|t:|1699727535\n|switch|p1a: PLAYBOY|Cinderace, F|100\/100\n|move|p2a: Greninja|U-turn|p1a: PLAYBOY\n|-start|p2a: Greninja|typechange|Bug|[from] ability: Protean\n|-resisted|p1a: PLAYBOY\n|-damage|p1a: PLAYBOY|84\/100\n|\n|t:|1699727540\n|switch|p2a: Zapdos|Zapdos|100\/100|[from] U-turn\n|-damage|p2a: Zapdos|75\/100|[from] Stealth Rock\n|-ability|p2a: Zapdos|Pressure\n|\n|-weather|SunnyDay|[upkeep]\n|upkeep\n|turn|6\n|\n|t:|1699727543\n|move|p1a: PLAYBOY|Pyro Ball|p2a: Zapdos\n|-damage|p2a: Zapdos|0 fnt\n|faint|p2a: Zapdos\n|-damage|p1a: PLAYBOY|74\/100|[from] item: Life Orb\n|\n|-weather|SunnyDay|[upkeep]\n|upkeep\n|\n|t:|1699727551\n|switch|p2a: Azumarill|Azumarill, M|100\/100\n|-damage|p2a: Azumarill|88\/100|[from] Stealth Rock\n|turn|7\n|\n|t:|1699727569\n|-terastallize|p1a: PLAYBOY|Fire\n|move|p1a: PLAYBOY|Pyro Ball|p2a: Azumarill\n|-resisted|p2a: Azumarill\n|-damage|p2a: Azumarill|0 fnt\n|faint|p2a: Azumarill\n|-damage|p1a: PLAYBOY|64\/100|[from] item: Life Orb\n|\n|-weather|SunnyDay|[upkeep]\n|upkeep\n|\n|t:|1699727580\n|switch|p2a: Gliscor|Gliscor, M|100\/100\n|-damage|p2a: Gliscor|88\/100|[from] Stealth Rock\n|turn|8\n|\n|t:|1699727593\n|switch|p1a: ArmaROUGENATIONX|Armarouge, M|1\/100\n|move|p2a: Gliscor|Earthquake|p1a: ArmaROUGENATIONX\n|-supereffective|p1a: ArmaROUGENATIONX\n|-damage|p1a: ArmaROUGENATIONX|0 fnt\n|faint|p1a: ArmaROUGENATIONX\n|\n|-weather|none\n|-status|p2a: Gliscor|tox|[from] item: Toxic Orb\n|upkeep\n|j| Tiranito\n|\n|t:|1699727596\n|switch|p1a: SUBSCRIBE 2 AESON!|Torkoal, M|48\/100\n|-weather|SunnyDay|[from] ability: Drought|[of] p1a: SUBSCRIBE 2 AESON!\n|turn|9\n|\n|t:|1699727601\n|switch|p1a: ROAD 2 RESPECT!|Heatran, M|100\/100\n|-item|p1a: ROAD 2 RESPECT!|Air Balloon\n|move|p2a: Gliscor|Earthquake|p1a: ROAD 2 RESPECT!\n|-immune|p1a: ROAD 2 RESPECT!\n|\n|-weather|SunnyDay|[upkeep]\n|-damage|p2a: Gliscor|82\/100 tox|[from] psn\n|upkeep\n|turn|10\n|\n|t:|1699727605\n|switch|p2a: Slowking|Slowking-Galar, M|100\/100\n|-damage|p2a: Slowking|88\/100|[from] Stealth Rock\n|move|p1a: ROAD 2 RESPECT!|Magma Storm|p2a: Slowking|[miss]\n|-miss|p1a: ROAD 2 RESPECT!|p2a: Slowking\n|\n|-weather|SunnyDay|[upkeep]\n|upkeep\n|turn|11\n|\n|t:|1699727613\n|move|p1a: ROAD 2 RESPECT!|Earth Power|p2a: Slowking\n|-supereffective|p2a: Slowking\n|-damage|p2a: Slowking|31\/100\n|move|p2a: Slowking|Focus Blast|p1a: ROAD 2 RESPECT!\n|-supereffective|p1a: ROAD 2 RESPECT!\n|-damage|p1a: ROAD 2 RESPECT!|28\/100\n|-enditem|p1a: ROAD 2 RESPECT!|Air Balloon\n|\n|-weather|SunnyDay|[upkeep]\n|upkeep\n|turn|12\n|\n|t:|1699727625\n|move|p1a: ROAD 2 RESPECT!|Magma Storm|p2a: Slowking\n|-damage|p2a: Slowking|0 fnt\n|faint|p2a: Slowking\n|\n|-weather|SunnyDay|[upkeep]\n|upkeep\n|\n|t:|1699727630\n|switch|p2a: Gliscor|Gliscor, M|82\/100 tox\n|-damage|p2a: Gliscor|70\/100 tox|[from] Stealth Rock\n|turn|13\n|\n|t:|1699727633\n|move|p2a: Gliscor|Earthquake|p1a: ROAD 2 RESPECT!\n|-supereffective|p1a: ROAD 2 RESPECT!\n|-damage|p1a: ROAD 2 RESPECT!|0 fnt\n|faint|p1a: ROAD 2 RESPECT!\n|\n|-weather|SunnyDay|[upkeep]\n|-damage|p2a: Gliscor|63\/100 tox|[from] psn\n|upkeep\n|\n|t:|1699727635\n|switch|p1a: PLAYBOY|Cinderace, F, tera:Fire|64\/100\n|turn|14\n|\n|t:|1699727639\n|move|p1a: PLAYBOY|Pyro Ball|p2a: Gliscor\n|-damage|p2a: Gliscor|0 fnt\n|faint|p2a: Gliscor\n|-damage|p1a: PLAYBOY|54\/100|[from] item: Life Orb\n|\n|-weather|SunnyDay|[upkeep]\n|upkeep\n|\n|t:|1699727641\n|switch|p2a: Greninja|Greninja, M|88\/100\n|-damage|p2a: Greninja|76\/100|[from] Stealth Rock\n|turn|15\n|\n|t:|1699727647\n|move|p2a: Greninja|Surf|p1a: PLAYBOY\n|-start|p2a: Greninja|typechange|Water|[from] ability: Protean\n|-supereffective|p1a: PLAYBOY\n|-crit|p1a: PLAYBOY\n|-damage|p1a: PLAYBOY|0 fnt\n|faint|p1a: PLAYBOY\n|\n|-weather|SunnyDay|[upkeep]\n|upkeep\n|\n|t:|1699727652\n|switch|p1a: SUBSCRIBE 2 AESON!|Torkoal, M|48\/100\n|turn|16\n|c|\u2606FIRE LORD AESON!|gg\n|\n|t:|1699727680\n|move|p2a: Greninja|Surf|p1a: SUBSCRIBE 2 AESON!\n|-supereffective|p1a: SUBSCRIBE 2 AESON!\n|-damage|p1a: SUBSCRIBE 2 AESON!|11\/100\n|move|p1a: SUBSCRIBE 2 AESON!|Yawn|p2a: Greninja\n|-start|p2a: Greninja|move: Yawn|[of] p1a: SUBSCRIBE 2 AESON!\n|\n|-weather|none\n|upkeep\n|turn|17\n|\n|t:|1699727689\n|move|p2a: Greninja|Surf|p1a: SUBSCRIBE 2 AESON!\n|-supereffective|p1a: SUBSCRIBE 2 AESON!\n|-damage|p1a: SUBSCRIBE 2 AESON!|0 fnt\n|faint|p1a: SUBSCRIBE 2 AESON!\n|\n|win|SilphGambleR\n|raw|FIRE LORD AESON!'s rating: 1657 &rarr; <strong>1641<\/strong><br \/>(-16 for losing)\n|raw|SilphGambleR's rating: 1722 &rarr; <strong>1738<\/strong><br \/>(+16 for winning)\n","uploadtime":1699727696,"views":18,"p1id":"firelordaeson","p2id":"silphgambler","formatid":"gen9ou","rating":1641,"private":0,"password":""}