{"id":"gen9ou-1997514296","p1":"Oversir","p2":"SkyPrincess420","format":"[Gen 9] OU","log":"|j|\u2606Oversir\n|j|\u2606SkyPrincess420\n|t:|1700818387\n|gametype|singles\n|player|p1|Oversir|170|1405\n|player|p2|SkyPrincess420|caitlin|1388\n|teamsize|p1|6\n|teamsize|p2|6\n|gen|9\n|tier|[Gen 9] OU\n|rated|\n|rule|Sleep Clause Mod: Limit one foe put to sleep\n|rule|Species Clause: Limit one of each Pok\u00e9mon\n|rule|OHKO Clause: OHKO moves are banned\n|rule|Evasion Items Clause: Evasion items are banned\n|rule|Evasion Moves Clause: Evasion moves are banned\n|rule|Endless Battle Clause: Forcing endless battles is banned\n|rule|HP Percentage Mod: HP is shown in percentages\n|clearpoke\n|poke|p1|Corviknight, F|\n|poke|p1|Toxapex, F|\n|poke|p1|Hoopa-Unbound|\n|poke|p1|Zamazenta-*|\n|poke|p1|Slowking-Galar, F|\n|poke|p1|Great Tusk|\n|poke|p2|Rillaboom, M|\n|poke|p2|Hawlucha, M|\n|poke|p2|Great Tusk|\n|poke|p2|Landorus-Therian, M|\n|poke|p2|Gholdengo|\n|poke|p2|Empoleon, M|\n|teampreview\n|\n|t:|1700818402\n|start\n|switch|p1a: Great Tusk|Great Tusk|100\/100\n|switch|p2a: Rillaboom|Rillaboom, M|100\/100\n|-fieldstart|move: Grassy Terrain|[from] ability: Grassy Surge|[of] p2a: Rillaboom\n|-enditem|p1a: Great Tusk|Booster Energy\n|-activate|p1a: Great Tusk|ability: Protosynthesis|[fromitem]\n|-start|p1a: Great Tusk|protosynthesisatk\n|turn|1\n|\n|t:|1700818409\n|-terastallize|p1a: Great Tusk|Normal\n|move|p2a: Rillaboom|Grassy Glide|p1a: Great Tusk\n|-damage|p1a: Great Tusk|56\/100\n|move|p1a: Great Tusk|Ice Spinner|p2a: Rillaboom\n|-supereffective|p2a: Rillaboom\n|-damage|p2a: Rillaboom|21\/100\n|-fieldend|move: Grassy Terrain\n|\n|upkeep\n|turn|2\n|\n|t:|1700818421\n|switch|p2a: Landorus|Landorus-Therian, M|100\/100\n|-ability|p2a: Landorus|Intimidate|boost\n|-unboost|p1a: Great Tusk|atk|1\n|move|p1a: Great Tusk|Rapid Spin|p2a: Landorus\n|-damage|p2a: Landorus|81\/100\n|-boost|p1a: Great Tusk|spe|1\n|\n|-heal|p2a: Landorus|87\/100|[from] item: Leftovers\n|upkeep\n|turn|3\n|\n|t:|1700818443\n|switch|p2a: Great Tusk|Great Tusk|100\/100\n|move|p1a: Great Tusk|Ice Spinner|p2a: Great Tusk\n|-supereffective|p2a: Great Tusk\n|-damage|p2a: Great Tusk|68\/100\n|\n|-heal|p2a: Great Tusk|74\/100|[from] item: Leftovers\n|upkeep\n|turn|4\n|\n|t:|1700818458\n|-end|p1a: Great Tusk|Protosynthesis|[silent]\n|switch|p1a: Corviknight|Corviknight, F, shiny|100\/100\n|-ability|p1a: Corviknight|Pressure\n|move|p2a: Great Tusk|Close Combat|p1a: Corviknight\n|-damage|p1a: Corviknight|63\/100\n|-unboost|p2a: Great Tusk|def|1\n|-unboost|p2a: Great Tusk|spd|1\n|\n|-heal|p2a: Great Tusk|80\/100|[from] item: Leftovers\n|-heal|p1a: Corviknight|69\/100|[from] item: Leftovers\n|upkeep\n|turn|5\n|\n|t:|1700818473\n|-end|p2a: Great Tusk|Protosynthesis|[silent]\n|switch|p2a: Empoleon|Empoleon, M|100\/100\n|move|p1a: Corviknight|Roost|p1a: Corviknight\n|-heal|p1a: Corviknight|100\/100\n|-singleturn|p1a: Corviknight|move: Roost\n|\n|upkeep\n|turn|6\n|\n|t:|1700818485\n|move|p1a: Corviknight|Body Press|p2a: Empoleon\n|-supereffective|p2a: Empoleon\n|-damage|p2a: Empoleon|47\/100\n|move|p2a: Empoleon|Hydro Pump|p1a: Corviknight|[miss]\n|-miss|p2a: Empoleon|p1a: Corviknight\n|\n|-heal|p2a: Empoleon|53\/100|[from] item: Leftovers\n|upkeep\n|turn|7\n|\n|t:|1700818493\n|switch|p2a: Gholdengo|Gholdengo|100\/100\n|move|p1a: Corviknight|Body Press|p2a: Gholdengo\n|-immune|p2a: Gholdengo\n|\n|upkeep\n|turn|8\n|inactive|Battle timer is ON: inactive players will automatically lose when time's up. (requested by SkyPrincess420)\n|\n|t:|1700818511\n|switch|p1a: Slowking|Slowking-Galar, F, shiny|100\/100\n|move|p2a: Gholdengo|Trick|p1a: Slowking\n|-activate|p2a: Gholdengo|move: Trick|[of] p1a: Slowking\n|-item|p1a: Slowking|Choice Scarf|[from] move: Trick\n|-item|p2a: Gholdengo|Assault Vest|[from] move: Trick\n|\n|upkeep\n|turn|9\n|\n|t:|1700818527\n|switch|p2a: Empoleon|Empoleon, M|53\/100\n|move|p1a: Slowking|Flamethrower|p2a: Empoleon\n|-damage|p2a: Empoleon|37\/100\n|\n|-heal|p2a: Empoleon|43\/100|[from] item: Leftovers\n|upkeep\n|turn|10\n|\n|t:|1700818550\n|move|p2a: Empoleon|Roost|p2a: Empoleon\n|-heal|p2a: Empoleon|93\/100\n|-singleturn|p2a: Empoleon|move: Roost\n|move|p1a: Slowking|Flamethrower|p2a: Empoleon\n|-damage|p2a: Empoleon|76\/100\n|\n|-heal|p2a: Empoleon|82\/100|[from] item: Leftovers\n|upkeep\n|turn|11\n|\n|t:|1700818555\n|switch|p1a: Corviknight|Corviknight, F, shiny|100\/100\n|-ability|p1a: Corviknight|Pressure\n|move|p2a: Empoleon|Ice Beam|p1a: Corviknight\n|-damage|p1a: Corviknight|77\/100\n|\n|-heal|p1a: Corviknight|83\/100|[from] item: Leftovers\n|-heal|p2a: Empoleon|88\/100|[from] item: Leftovers\n|upkeep\n|turn|12\n|\n|t:|1700818562\n|switch|p2a: Landorus|Landorus-Therian, M|87\/100\n|-ability|p2a: Landorus|Intimidate|boost\n|-unboost|p1a: Corviknight|atk|1\n|move|p1a: Corviknight|Body Press|p2a: Landorus\n|-resisted|p2a: Landorus\n|-damage|p2a: Landorus|78\/100\n|\n|-heal|p2a: Landorus|84\/100|[from] item: Leftovers\n|-heal|p1a: Corviknight|89\/100|[from] item: Leftovers\n|upkeep\n|turn|13\n|\n|t:|1700818576\n|switch|p1a: Toxapex|Toxapex, F, shiny|100\/100\n|move|p2a: Landorus|Stealth Rock|p1a: Toxapex\n|-sidestart|p1: Oversir|move: Stealth Rock\n|\n|-heal|p2a: Landorus|90\/100|[from] item: Leftovers\n|upkeep\n|turn|14\n|\n|t:|1700818594\n|switch|p2a: Empoleon|Empoleon, M|88\/100\n|move|p1a: Toxapex|Toxic|p2a: Empoleon\n|-immune|p2a: Empoleon\n|\n|-heal|p2a: Empoleon|94\/100|[from] item: Leftovers\n|upkeep\n|turn|15\n|\n|t:|1700818605\n|switch|p1a: Great Tusk|Great Tusk, tera:Normal|56\/100\n|-damage|p1a: Great Tusk|44\/100|[from] Stealth Rock\n|move|p2a: Empoleon|Roar|p1a: Great Tusk\n|-end|p1a: Great Tusk|Protosynthesis|[silent]\n|drag|p1a: Corviknight|Corviknight, F, shiny|89\/100\n|-damage|p1a: Corviknight|77\/100|[from] Stealth Rock\n|-ability|p1a: Corviknight|Pressure\n|\n|-heal|p1a: Corviknight|83\/100|[from] item: Leftovers\n|-heal|p2a: Empoleon|100\/100|[from] item: Leftovers\n|upkeep\n|turn|16\n|\n|t:|1700818618\n|switch|p2a: Landorus|Landorus-Therian, M|90\/100\n|-ability|p2a: Landorus|Intimidate|boost\n|-unboost|p1a: Corviknight|atk|1\n|move|p1a: Corviknight|Defog|p2a: Landorus\n|-unboost|p2a: Landorus|evasion|1\n|-sideend|p1: Oversir|Stealth Rock|[from] move: Defog|[of] p1a: Corviknight\n|\n|-heal|p2a: Landorus|96\/100|[from] item: Leftovers\n|-heal|p1a: Corviknight|89\/100|[from] item: Leftovers\n|upkeep\n|turn|17\n|\n|t:|1700818626\n|switch|p1a: Great Tusk|Great Tusk, tera:Normal|44\/100\n|move|p2a: Landorus|Stealth Rock|p1a: Great Tusk\n|-sidestart|p1: Oversir|move: Stealth Rock\n|\n|-heal|p2a: Landorus|100\/100|[from] item: Leftovers\n|upkeep\n|turn|18\n|\n|t:|1700818632\n|-terastallize|p2a: Landorus|Water\n|move|p1a: Great Tusk|Ice Spinner|p2a: Landorus\n|-resisted|p2a: Landorus\n|-damage|p2a: Landorus|90\/100\n|move|p2a: Landorus|Sandsear Storm|p1a: Great Tusk\n|-damage|p1a: Great Tusk|0 fnt\n|faint|p1a: Great Tusk\n|-end|p1a: Great Tusk|Protosynthesis|[silent]\n|\n|-heal|p2a: Landorus|96\/100|[from] item: Leftovers\n|upkeep\n|\n|t:|1700818645\n|switch|p1a: Hoopa|Hoopa-Unbound|100\/100\n|-damage|p1a: Hoopa|88\/100|[from] Stealth Rock\n|turn|19\n|\n|t:|1700818658\n|move|p1a: Hoopa|Thunderbolt|p2a: Landorus\n|-supereffective|p2a: Landorus\n|-damage|p2a: Landorus|12\/100\n|move|p2a: Landorus|U-turn|p1a: Hoopa\n|-supereffective|p1a: Hoopa\n|-damage|p1a: Hoopa|0 fnt\n|faint|p1a: Hoopa\n|\n|t:|1700818672\n|switch|p2a: Rillaboom|Rillaboom, M|21\/100|[from] U-turn\n|-fieldstart|move: Grassy Terrain|[from] ability: Grassy Surge|[of] p2a: Rillaboom\n|\n|-heal|p2a: Rillaboom|27\/100|[from] Grassy Terrain\n|upkeep\n|\n|t:|1700818676\n|switch|p1a: Zamazenta|Zamazenta, shiny|100\/100\n|-damage|p1a: Zamazenta|94\/100|[from] Stealth Rock\n|-ability|p1a: Zamazenta|Dauntless Shield|boost\n|-boost|p1a: Zamazenta|def|1\n|turn|20\n|\n|t:|1700818683\n|move|p1a: Zamazenta|Crunch|p2a: Rillaboom\n|-damage|p2a: Rillaboom|0 fnt\n|faint|p2a: Rillaboom\n|\n|-heal|p1a: Zamazenta|100\/100|[from] Grassy Terrain\n|upkeep\n|\n|t:|1700818686\n|switch|p2a: Hawlucha|Hawlucha, M|100\/100\n|-enditem|p2a: Hawlucha|Grassy Seed\n|-boost|p2a: Hawlucha|def|1|[from] item: Grassy Seed\n|turn|21\n|\n|t:|1700818691\n|move|p2a: Hawlucha|Encore|p1a: Zamazenta\n|-start|p1a: Zamazenta|Encore\n|move|p1a: Zamazenta|Crunch|p2a: Hawlucha\n|-resisted|p2a: Hawlucha\n|-damage|p2a: Hawlucha|83\/100\n|\n|upkeep\n|turn|22\n|\n|t:|1700818697\n|switch|p1a: Toxapex|Toxapex, F, shiny|100\/100\n|move|p2a: Hawlucha|Swords Dance|p2a: Hawlucha\n|-boost|p2a: Hawlucha|atk|2\n|\n|upkeep\n|turn|23\n|\n|t:|1700818700\n|move|p2a: Hawlucha|Acrobatics|p1a: Toxapex\n|-damage|p1a: Toxapex|32\/100\n|move|p1a: Toxapex|Haze|p1a: Toxapex\n|-clearallboost\n|\n|-heal|p1a: Toxapex|39\/100|[from] Grassy Terrain\n|-fieldend|move: Grassy Terrain\n|upkeep\n|turn|24\n|\n|t:|1700818706\n|move|p2a: Hawlucha|Encore|p1a: Toxapex\n|-start|p1a: Toxapex|Encore\n|move|p1a: Toxapex|Haze|p1a: Toxapex\n|-clearallboost\n|\n|upkeep\n|turn|25\n|\n|t:|1700818715\n|switch|p1a: Corviknight|Corviknight, F, shiny|89\/100\n|-damage|p1a: Corviknight|77\/100|[from] Stealth Rock\n|-ability|p1a: Corviknight|Pressure\n|move|p2a: Hawlucha|Swords Dance|p2a: Hawlucha\n|-boost|p2a: Hawlucha|atk|2\n|\n|-heal|p1a: Corviknight|83\/100|[from] item: Leftovers\n|upkeep\n|turn|26\n|\n|t:|1700818721\n|move|p2a: Hawlucha|Swords Dance|p2a: Hawlucha\n|-boost|p2a: Hawlucha|atk|2\n|move|p1a: Corviknight|Iron Defense|p1a: Corviknight\n|-boost|p1a: Corviknight|def|2\n|\n|-heal|p1a: Corviknight|89\/100|[from] item: Leftovers\n|upkeep\n|turn|27\n|\n|t:|1700818725\n|move|p2a: Hawlucha|Encore|p1a: Corviknight\n|-start|p1a: Corviknight|Encore\n|move|p1a: Corviknight|Iron Defense|p1a: Corviknight\n|-boost|p1a: Corviknight|def|2\n|\n|-heal|p1a: Corviknight|95\/100|[from] item: Leftovers\n|upkeep\n|turn|28\n|\n|t:|1700818732\n|move|p2a: Hawlucha|Swords Dance|p2a: Hawlucha\n|-boost|p2a: Hawlucha|atk|2\n|move|p1a: Corviknight|Iron Defense|p1a: Corviknight\n|-boost|p1a: Corviknight|def|2\n|\n|-heal|p1a: Corviknight|100\/100|[from] item: Leftovers\n|upkeep\n|turn|29\n|\n|t:|1700818742\n|move|p2a: Hawlucha|Close Combat|p1a: Corviknight\n|-damage|p1a: Corviknight|70\/100\n|-unboost|p2a: Hawlucha|def|1\n|-unboost|p2a: Hawlucha|spd|1\n|move|p1a: Corviknight|Iron Defense|p1a: Corviknight\n|-boost|p1a: Corviknight|def|0\n|\n|-heal|p1a: Corviknight|77\/100|[from] item: Leftovers\n|-end|p1a: Corviknight|Encore\n|upkeep\n|turn|30\n|\n|t:|1700818751\n|move|p2a: Hawlucha|Encore|p1a: Corviknight\n|-start|p1a: Corviknight|Encore\n|move|p1a: Corviknight|Iron Defense|p1a: Corviknight\n|-boost|p1a: Corviknight|def|0\n|\n|-heal|p1a: Corviknight|83\/100|[from] item: Leftovers\n|upkeep\n|turn|31\n|\n|t:|1700818759\n|move|p2a: Hawlucha|Acrobatics|p1a: Corviknight\n|-resisted|p1a: Corviknight\n|-damage|p1a: Corviknight|67\/100\n|move|p1a: Corviknight|Iron Defense|p1a: Corviknight\n|-boost|p1a: Corviknight|def|0\n|\n|-heal|p1a: Corviknight|73\/100|[from] item: Leftovers\n|upkeep\n|turn|32\n|\n|t:|1700818763\n|move|p2a: Hawlucha|Acrobatics|p1a: Corviknight\n|-resisted|p1a: Corviknight\n|-damage|p1a: Corviknight|59\/100\n|move|p1a: Corviknight|Iron Defense|p1a: Corviknight\n|-boost|p1a: Corviknight|def|0\n|\n|-heal|p1a: Corviknight|65\/100|[from] item: Leftovers\n|-end|p1a: Corviknight|Encore\n|upkeep\n|turn|33\n|\n|t:|1700818767\n|move|p2a: Hawlucha|Encore|p1a: Corviknight\n|-start|p1a: Corviknight|Encore\n|move|p1a: Corviknight|Iron Defense|p1a: Corviknight\n|-boost|p1a: Corviknight|def|0\n|\n|-heal|p1a: Corviknight|72\/100|[from] item: Leftovers\n|upkeep\n|turn|34\n|\n|t:|1700818772\n|move|p2a: Hawlucha|Close Combat|p1a: Corviknight\n|-damage|p1a: Corviknight|36\/100\n|-unboost|p2a: Hawlucha|def|1\n|-unboost|p2a: Hawlucha|spd|1\n|move|p1a: Corviknight|Iron Defense|p1a: Corviknight\n|-boost|p1a: Corviknight|def|0\n|\n|-heal|p1a: Corviknight|43\/100|[from] item: Leftovers\n|upkeep\n|turn|35\n|\n|t:|1700818776\n|move|p2a: Hawlucha|Close Combat|p1a: Corviknight\n|-damage|p1a: Corviknight|10\/100\n|-unboost|p2a: Hawlucha|def|1\n|-unboost|p2a: Hawlucha|spd|1\n|move|p1a: Corviknight|Iron Defense|p1a: Corviknight\n|-boost|p1a: Corviknight|def|0\n|\n|-heal|p1a: Corviknight|16\/100|[from] item: Leftovers\n|-end|p1a: Corviknight|Encore\n|upkeep\n|turn|36\n|\n|t:|1700818782\n|move|p2a: Hawlucha|Close Combat|p1a: Corviknight\n|-damage|p1a: Corviknight|0 fnt\n|-unboost|p2a: Hawlucha|def|1\n|-unboost|p2a: Hawlucha|spd|1\n|faint|p1a: Corviknight\n|\n|upkeep\n|\n|t:|1700818789\n|switch|p1a: Zamazenta|Zamazenta, shiny|100\/100\n|-damage|p1a: Zamazenta|94\/100|[from] Stealth Rock\n|turn|37\n|\n|t:|1700818793\n|move|p2a: Hawlucha|Acrobatics|p1a: Zamazenta\n|-supereffective|p1a: Zamazenta\n|-damage|p1a: Zamazenta|0 fnt\n|faint|p1a: Zamazenta\n|\n|upkeep\n|-message|Oversir forfeited.\n|\n|win|SkyPrincess420\n|raw|Oversir's rating: 1405 &rarr; <strong>1384<\/strong><br \/>(-21 for losing)\n|raw|SkyPrincess420's rating: 1388 &rarr; <strong>1409<\/strong><br \/>(+21 for winning)\n","uploadtime":1700818802,"views":4,"p1id":"oversir","p2id":"skyprincess420","formatid":"gen9ou","rating":1384,"private":0,"password":""}