{"id":"gen9ou-1995947125","p1":"MonadoMaelstrom","p2":"Sjohnsonvoice","format":"[Gen 9] OU","log":"|j|\u2606MonadoMaelstrom\n|j|\u2606Sjohnsonvoice\n|t:|1700620682\n|gametype|singles\n|player|p1|MonadoMaelstrom|sonia-professor|1242\n|player|p2|Sjohnsonvoice|2|1151\n|teamsize|p1|6\n|teamsize|p2|6\n|gen|9\n|tier|[Gen 9] OU\n|rated|\n|rule|Sleep Clause Mod: Limit one foe put to sleep\n|rule|Species Clause: Limit one of each Pok\u00e9mon\n|rule|OHKO Clause: OHKO moves are banned\n|rule|Evasion Items Clause: Evasion items are banned\n|rule|Evasion Moves Clause: Evasion moves are banned\n|rule|Endless Battle Clause: Forcing endless battles is banned\n|rule|HP Percentage Mod: HP is shown in percentages\n|clearpoke\n|poke|p1|Kingambit, M|\n|poke|p1|Great Tusk|\n|poke|p1|Corviknight, F|\n|poke|p1|Iron Valiant|\n|poke|p1|Zapdos|\n|poke|p1|Gholdengo|\n|poke|p2|Glimmora, F|\n|poke|p2|Kingambit, M|\n|poke|p2|Gholdengo|\n|poke|p2|Samurott-Hisui, F|\n|poke|p2|Dragonite, M|\n|poke|p2|Zapdos|\n|teampreview\n|inactive|Battle timer is ON: inactive players will automatically lose when time's up. (requested by MonadoMaelstrom)\n|\n|t:|1700620697\n|start\n|switch|p1a: Gholdengo|Gholdengo|100\/100\n|switch|p2a: Zapdos|Zapdos|100\/100\n|-ability|p2a: Zapdos|Pressure\n|turn|1\n|\n|t:|1700620726\n|move|p1a: Gholdengo|Make It Rain|p2a: Zapdos\n|-resisted|p2a: Zapdos\n|-damage|p2a: Zapdos|63\/100\n|-unboost|p1a: Gholdengo|spa|1\n|move|p2a: Zapdos|Heat Wave|p1a: Gholdengo\n|-supereffective|p1a: Gholdengo\n|-damage|p1a: Gholdengo|11\/100\n|\n|upkeep\n|turn|2\n|inactive|Sjohnsonvoice has 120 seconds left.\n|\n|t:|1700620754\n|switch|p1a: Zapdos|Zapdos|100\/100\n|move|p2a: Zapdos|Heat Wave|p1a: Zapdos\n|-damage|p1a: Zapdos|68\/100\n|\n|upkeep\n|turn|3\n|\n|t:|1700620762\n|move|p2a: Zapdos|Heat Wave|p1a: Zapdos\n|-damage|p1a: Zapdos|36\/100\n|move|p1a: Zapdos|Discharge|p2a: Zapdos\n|-damage|p2a: Zapdos|8\/100\n|-enditem|p2a: Zapdos|Aguav Berry|[eat]\n|-heal|p2a: Zapdos|41\/100|[from] item: Aguav Berry\n|\n|upkeep\n|turn|4\n|inactive|Sjohnsonvoice has 120 seconds left.\n|\n|t:|1700620775\n|move|p2a: Zapdos|Discharge|p1a: Zapdos\n|-damage|p1a: Zapdos|0 fnt\n|faint|p1a: Zapdos\n|\n|upkeep\n|\n|t:|1700620780\n|switch|p1a: Gholdengo|Gholdengo|11\/100\n|turn|5\n|\n|t:|1700620788\n|move|p1a: Gholdengo|Shadow Ball|p2a: Zapdos\n|-damage|p2a: Zapdos|0 fnt\n|faint|p2a: Zapdos\n|\n|upkeep\n|\n|t:|1700620796\n|switch|p2a: Kingambit|Kingambit, M|100\/100\n|-activate|p2a: Kingambit|ability: Supreme Overlord\n|-start|p2a: Kingambit|fallen1|[silent]\n|turn|6\n|inactive|Sjohnsonvoice has 120 seconds left.\n|\n|t:|1700620825\n|switch|p1a: Corviknight|Corviknight, F|100\/100\n|-ability|p1a: Corviknight|Pressure\n|move|p2a: Kingambit|Swords Dance|p2a: Kingambit\n|-boost|p2a: Kingambit|atk|2\n|\n|upkeep\n|turn|7\n|\n|t:|1700620836\n|move|p2a: Kingambit|Kowtow Cleave|p1a: Corviknight\n|-damage|p1a: Corviknight|23\/100\n|-damage|p2a: Kingambit|84\/100|[from] item: Rocky Helmet|[of] p1a: Corviknight\n|move|p1a: Corviknight|Body Press|p2a: Kingambit\n|-supereffective|p2a: Kingambit\n|-damage|p2a: Kingambit|0 fnt\n|faint|p2a: Kingambit\n|-end|p2a: Kingambit|fallen1|[silent]\n|\n|upkeep\n|inactive|Sjohnsonvoice has 90 seconds left.\n|\n|t:|1700620878\n|switch|p2a: Gholdengo|Gholdengo|100\/100\n|-item|p2a: Gholdengo|Air Balloon\n|turn|8\n|\n|t:|1700620887\n|move|p2a: Gholdengo|Shadow Ball|p1a: Corviknight\n|-damage|p1a: Corviknight|0 fnt\n|faint|p1a: Corviknight\n|\n|upkeep\n|\n|t:|1700620898\n|switch|p1a: Gholdengo|Gholdengo|11\/100\n|turn|9\n|inactive|Sjohnsonvoice has 90 seconds left.\n|\n|t:|1700620906\n|switch|p2a: Samurott|Samurott-Hisui, F|100\/100\n|move|p1a: Gholdengo|Shadow Ball|p2a: Samurott\n|-resisted|p2a: Samurott\n|-damage|p2a: Samurott|66\/100\n|\n|upkeep\n|turn|10\n|inactive|Sjohnsonvoice has 90 seconds left.\n|\n|t:|1700620921\n|switch|p1a: Iron Valiant|Iron Valiant|100\/100\n|-enditem|p1a: Iron Valiant|Booster Energy\n|-activate|p1a: Iron Valiant|ability: Quark Drive|[fromitem]\n|-start|p1a: Iron Valiant|quarkdrivespe\n|move|p2a: Samurott|Ceaseless Edge|p1a: Iron Valiant\n|-resisted|p1a: Iron Valiant\n|-damage|p1a: Iron Valiant|87\/100\n|-sidestart|p1: MonadoMaelstrom|Spikes\n|\n|upkeep\n|turn|11\n|inactive|Sjohnsonvoice has 90 seconds left.\n|\n|t:|1700620934\n|-terastallize|p2a: Samurott|Water\n|move|p1a: Iron Valiant|Moonblast|p2a: Samurott\n|-damage|p2a: Samurott|0 fnt\n|faint|p2a: Samurott\n|\n|upkeep\n|inactive|Sjohnsonvoice has 90 seconds left.\n|\n|t:|1700620942\n|switch|p2a: Glimmora|Glimmora, F|100\/100\n|turn|12\n|\n|t:|1700620950\n|move|p1a: Iron Valiant|Psyshock|p2a: Glimmora\n|-supereffective|p2a: Glimmora\n|-damage|p2a: Glimmora|36\/100\n|-enditem|p2a: Glimmora|Red Card|[of] p1a: Iron Valiant\n|-end|p1a: Iron Valiant|Quark Drive|[silent]\n|drag|p1a: Gholdengo|Gholdengo|11\/100\n|-damage|p1a: Gholdengo|0 fnt|[from] Spikes\n|faint|p1a: Gholdengo\n|move|p2a: Glimmora|Dazzling Gleam|p1: Gholdengo|[notarget]\n|-fail|p2a: Glimmora\n|\n|upkeep\n|\n|t:|1700620975\n|switch|p1a: Iron Valiant|Iron Valiant|87\/100\n|-damage|p1a: Iron Valiant|74\/100|[from] Spikes\n|turn|13\n|l|\u2606Sjohnsonvoice\n|inactive|Sjohnsonvoice disconnected and has a minute to reconnect!\n|player|p2|\n|c|\u2606MonadoMaelstrom|uh o\n|c|\u2606MonadoMaelstrom|hope you make it back\n|inactive|Sjohnsonvoice has 30 seconds to reconnect!\n|j|\u2606Sjohnsonvoice\n|inactive|Sjohnsonvoice reconnected and has 80 seconds left.\n|player|p2|Sjohnsonvoice|2\n|\n|t:|1700621012\n|move|p1a: Iron Valiant|Psyshock|p2a: Glimmora\n|-supereffective|p2a: Glimmora\n|-damage|p2a: Glimmora|0 fnt\n|faint|p2a: Glimmora\n|\n|upkeep\n|\n|t:|1700621022\n|switch|p2a: Gholdengo|Gholdengo|100\/100\n|-item|p2a: Gholdengo|Air Balloon\n|turn|14\n|\n|t:|1700621029\n|-end|p1a: Iron Valiant|Quark Drive|[silent]\n|switch|p1a: Kingambit|Kingambit, M|100\/100\n|-damage|p1a: Kingambit|88\/100|[from] Spikes\n|-activate|p1a: Kingambit|ability: Supreme Overlord\n|-start|p1a: Kingambit|fallen3|[silent]\n|move|p2a: Gholdengo|Nasty Plot|p2a: Gholdengo\n|-boost|p2a: Gholdengo|spa|2\n|\n|-heal|p1a: Kingambit|94\/100|[from] item: Leftovers\n|upkeep\n|turn|15\n|\n|t:|1700621042\n|move|p1a: Kingambit|Sucker Punch|p2a: Gholdengo\n|-supereffective|p2a: Gholdengo\n|-damage|p2a: Gholdengo|0 fnt\n|-enditem|p2a: Gholdengo|Air Balloon\n|faint|p2a: Gholdengo\n|\n|-heal|p1a: Kingambit|100\/100|[from] item: Leftovers\n|upkeep\n|\n|t:|1700621050\n|switch|p2a: Dragonite|Dragonite, M|100\/100\n|turn|16\n|\n|t:|1700621054\n|move|p2a: Dragonite|Dragon Dance|p2a: Dragonite\n|-boost|p2a: Dragonite|atk|1\n|-boost|p2a: Dragonite|spe|1\n|move|p1a: Kingambit|Kowtow Cleave|p2a: Dragonite\n|-damage|p2a: Dragonite|64\/100\n|\n|upkeep\n|turn|17\n|inactive|Sjohnsonvoice has 90 seconds left.\n|\n|t:|1700621063\n|move|p2a: Dragonite|Dragon Dance|p2a: Dragonite\n|-boost|p2a: Dragonite|atk|1\n|-boost|p2a: Dragonite|spe|1\n|move|p1a: Kingambit|Kowtow Cleave|p2a: Dragonite\n|-damage|p2a: Dragonite|0 fnt\n|faint|p2a: Dragonite\n|\n|win|MonadoMaelstrom\n|raw|MonadoMaelstrom's rating: 1242 &rarr; <strong>1261<\/strong><br \/>(+19 for winning)\n|raw|Sjohnsonvoice's rating: 1151 &rarr; <strong>1132<\/strong><br \/>(-19 for losing)\n|c|\u2606MonadoMaelstrom|gg\n","uploadtime":1700621074,"views":2,"p1id":"monadomaelstrom","p2id":"sjohnsonvoice","formatid":"gen9ou","rating":1132,"private":0,"password":""}