{"id":"gen9ou-1988780093","p1":"doctor coolress","p2":"pogchimp970314","format":"[Gen 9] OU","log":"|j|\u2606doctor coolress\n|j|\u2606pogchimp970314\n|inactive|Battle timer is ON: inactive players will automatically lose when time's up.\n|t:|1699762161\n|gametype|singles\n|player|p1|doctor coolress|colress|\n|player|p2|pogchimp970314|mai|\n|teamsize|p1|3\n|teamsize|p2|3\n|gen|9\n|tier|[Gen 9] OU\n|rated|Tournament battle\n|rule|Sleep Clause Mod: Limit one foe put to sleep\n|rule|Species Clause: Limit one of each Pok\u00e9mon\n|rule|OHKO Clause: OHKO moves are banned\n|rule|Evasion Items Clause: Evasion items are banned\n|rule|Evasion Moves Clause: Evasion moves are banned\n|rule|Endless Battle Clause: Forcing endless battles is banned\n|rule|HP Percentage Mod: HP is shown in percentages\n|clearpoke\n|poke|p1|Lokix, M|\n|poke|p1|Salazzle, F|\n|poke|p1|Amoonguss, M|\n|poke|p2|Drifblim, F|\n|poke|p2|Dudunsparce-*, F|\n|poke|p2|Toxapex, M|\n|teampreview\n|j|*Lady Monita \u2746\n|inactive|doctor coolress also wants the timer to be on.\n|inactive|pogchimp970314 also wants the timer to be on.\n|c|\u2606pogchimp970314|gl\n|\n|t:|1699762172\n|start\n|switch|p1a: Salazzle|Salazzle, F|100\/100\n|switch|p2a: Dudunsparce|Dudunsparce-Three-Segment, F|100\/100\n|turn|1\n|\n|t:|1699762176\n|move|p1a: Salazzle|Protect|p1a: Salazzle\n|-singleturn|p1a: Salazzle|Protect\n|move|p2a: Dudunsparce|Boomburst|p1a: Salazzle\n|-activate|p1a: Salazzle|move: Protect\n|\n|upkeep\n|turn|2\n|\n|t:|1699762181\n|move|p1a: Salazzle|Toxic|p2a: Dudunsparce\n|-status|p2a: Dudunsparce|tox\n|move|p2a: Dudunsparce|Boomburst|p1a: Salazzle\n|-damage|p1a: Salazzle|11\/100\n|\n|-heal|p1a: Salazzle|17\/100|[from] item: Black Sludge\n|-damage|p2a: Dudunsparce|94\/100 tox|[from] psn\n|upkeep\n|turn|3\n|\n|t:|1699762187\n|move|p1a: Salazzle|Protect|p1a: Salazzle\n|-singleturn|p1a: Salazzle|Protect\n|move|p2a: Dudunsparce|Calm Mind|p2a: Dudunsparce\n|-boost|p2a: Dudunsparce|spa|1\n|-boost|p2a: Dudunsparce|spd|1\n|\n|-heal|p1a: Salazzle|23\/100|[from] item: Black Sludge\n|-damage|p2a: Dudunsparce|82\/100 tox|[from] psn\n|upkeep\n|turn|4\n|\n|t:|1699762193\n|move|p1a: Salazzle|Flamethrower|p2a: Dudunsparce\n|-damage|p2a: Dudunsparce|57\/100 tox\n|move|p2a: Dudunsparce|Boomburst|p1a: Salazzle\n|-damage|p1a: Salazzle|0 fnt\n|faint|p1a: Salazzle\n|\n|-damage|p2a: Dudunsparce|38\/100 tox|[from] psn\n|upkeep\n|j| Im dumb srly\n|\n|t:|1699762196\n|switch|p1a: Lokix|Lokix, M|100\/100\n|turn|5\n|\n|t:|1699762199\n|move|p1a: Lokix|First Impression|p2a: Dudunsparce\n|-damage|p2a: Dudunsparce|0 fnt\n|faint|p2a: Dudunsparce\n|-damage|p1a: Lokix|91\/100|[from] item: Life Orb\n|\n|upkeep\n|j| 41exe\n|\n|t:|1699762208\n|switch|p2a: Toxapex|Toxapex, M|100\/100\n|turn|6\n|\n|t:|1699762212\n|move|p1a: Lokix|Leech Life|p2a: Toxapex\n|-resisted|p2a: Toxapex\n|-damage|p2a: Toxapex|75\/100\n|-heal|p1a: Lokix|100\/100|[from] drain|[of] p2a: Toxapex\n|-damage|p1a: Lokix|91\/100|[from] item: Life Orb\n|move|p2a: Toxapex|Toxic|p1a: Lokix\n|-status|p1a: Lokix|tox\n|\n|-heal|p2a: Toxapex|81\/100|[from] item: Leftovers\n|-damage|p1a: Lokix|85\/100 tox|[from] psn\n|upkeep\n|turn|7\n|\n|t:|1699762219\n|switch|p1a: Amoonguss|Amoonguss, M|100\/100\n|move|p2a: Toxapex|Recover|p2a: Toxapex\n|-heal|p2a: Toxapex|100\/100\n|\n|upkeep\n|turn|8\n|j| Romsfun 2\n|\n|t:|1699762229\n|move|p2a: Toxapex|Surf|p1a: Amoonguss\n|-resisted|p1a: Amoonguss\n|-damage|p1a: Amoonguss|92\/100\n|move|p1a: Amoonguss|Giga Drain|p2a: Toxapex\n|-damage|p2a: Toxapex|77\/100\n|-heal|p1a: Amoonguss|99\/100|[from] drain|[of] p2a: Toxapex\n|\n|-heal|p2a: Toxapex|83\/100|[from] item: Leftovers\n|-heal|p1a: Amoonguss|100\/100|[from] item: Leftovers\n|upkeep\n|turn|9\n|c| Romsfun 2|hey my amoongus\n|\n|t:|1699762234\n|move|p2a: Toxapex|Recover|p2a: Toxapex\n|-heal|p2a: Toxapex|100\/100\n|move|p1a: Amoonguss|Giga Drain|p2a: Toxapex\n|-damage|p2a: Toxapex|75\/100\n|\n|-heal|p2a: Toxapex|81\/100|[from] item: Leftovers\n|upkeep\n|turn|10\n|c| Romsfun 2|oh no\n|\n|t:|1699762241\n|switch|p2a: Drifblim|Drifblim, F|100\/100\n|move|p1a: Amoonguss|Tera Blast|p2a: Drifblim\n|-immune|p2a: Drifblim\n|\n|upkeep\n|turn|11\n|c| Romsfun 2|recover\n|c|\u2606pogchimp970314|tera blast?\n|\n|t:|1699762252\n|move|p2a: Drifblim|Substitute|p2a: Drifblim\n|-start|p2a: Drifblim|Substitute\n|-damage|p2a: Drifblim|76\/100\n|move|p1a: Amoonguss|Spore||[still]\n|-fail|p1a: Amoonguss\n|\n|-heal|p2a: Drifblim|82\/100|[from] item: Leftovers\n|upkeep\n|turn|12\n|c| Romsfun 2|?\n|c|\u2606doctor coolress|gg\n|\n|t:|1699762260\n|switch|p1a: Lokix|Lokix, M|85\/100 tox\n|move|p2a: Drifblim|Will-O-Wisp|p1a: Lokix|[miss]\n|-miss|p2a: Drifblim|p1a: Lokix\n|\n|-heal|p2a: Drifblim|88\/100|[from] item: Leftovers\n|-damage|p1a: Lokix|79\/100 tox|[from] psn\n|upkeep\n|turn|13\n|\n|t:|1699762267\n|move|p1a: Lokix|First Impression|p2a: Drifblim\n|-resisted|p2a: Drifblim\n|-end|p2a: Drifblim|Substitute\n|-damage|p1a: Lokix|69\/100 tox|[from] item: Life Orb\n|move|p2a: Drifblim|Substitute|p2a: Drifblim\n|-start|p2a: Drifblim|Substitute\n|-damage|p2a: Drifblim|63\/100\n|\n|-heal|p2a: Drifblim|69\/100|[from] item: Leftovers\n|-damage|p1a: Lokix|57\/100 tox|[from] psn\n|upkeep\n|turn|14\n|\n|t:|1699762273\n|move|p1a: Lokix|First Impression||[still]\n|-hint|First Impression only works on your first turn out.\n|-fail|p1a: Lokix\n|move|p2a: Drifblim|Substitute|p2a: Drifblim\n|-fail|p2a: Drifblim|move: Substitute\n|\n|-heal|p2a: Drifblim|75\/100|[from] item: Leftovers\n|-damage|p1a: Lokix|39\/100 tox|[from] psn\n|upkeep\n|turn|15\n|\n|t:|1699762278\n|move|p1a: Lokix|Leech Life|p2a: Drifblim\n|-resisted|p2a: Drifblim\n|-end|p2a: Drifblim|Substitute\n|-heal|p1a: Lokix|61\/100 tox|[from] drain|[of] p2a: Drifblim\n|-damage|p1a: Lokix|51\/100 tox|[from] item: Life Orb\n|move|p2a: Drifblim|Substitute|p2a: Drifblim\n|-start|p2a: Drifblim|Substitute\n|-damage|p2a: Drifblim|51\/100\n|\n|-heal|p2a: Drifblim|57\/100|[from] item: Leftovers\n|-damage|p1a: Lokix|27\/100 tox|[from] psn\n|upkeep\n|turn|16\n|\n|t:|1699762283\n|move|p1a: Lokix|Leech Life|p2a: Drifblim\n|-resisted|p2a: Drifblim\n|-end|p2a: Drifblim|Substitute\n|-heal|p1a: Lokix|49\/100 tox|[from] drain|[of] p2a: Drifblim\n|-damage|p1a: Lokix|39\/100 tox|[from] item: Life Orb\n|move|p2a: Drifblim|Substitute|p2a: Drifblim\n|-start|p2a: Drifblim|Substitute\n|-damage|p2a: Drifblim|32\/100\n|\n|-heal|p2a: Drifblim|38\/100|[from] item: Leftovers\n|-damage|p1a: Lokix|9\/100 tox|[from] psn\n|upkeep\n|turn|17\n|\n|t:|1699762289\n|move|p1a: Lokix|Leech Life|p2a: Drifblim\n|-resisted|p2a: Drifblim\n|-end|p2a: Drifblim|Substitute\n|-heal|p1a: Lokix|32\/100 tox|[from] drain|[of] p2a: Drifblim\n|-damage|p1a: Lokix|22\/100 tox|[from] item: Life Orb\n|move|p2a: Drifblim|Substitute|p2a: Drifblim\n|-start|p2a: Drifblim|Substitute\n|-damage|p2a: Drifblim|13\/100\n|\n|-heal|p2a: Drifblim|19\/100|[from] item: Leftovers\n|-damage|p1a: Lokix|0 fnt|[from] psn\n|faint|p1a: Lokix\n|upkeep\n|\n|t:|1699762293\n|switch|p1a: Amoonguss|Amoonguss, M|100\/100\n|turn|18\n|c| Romsfun 2|ohhh this is good\n|c| Im dumb srly|I\u2019m questioning what happened at turn 14\n|\n|t:|1699762305\n|-terastallize|p1a: Amoonguss|Fairy\n|move|p2a: Drifblim|Will-O-Wisp|p1a: Amoonguss\n|-status|p1a: Amoonguss|brn\n|move|p1a: Amoonguss|Tera Blast|p2a: Drifblim|[anim] Tera Blast Fairy\n|-activate|p2a: Drifblim|move: Substitute|[damage]\n|\n|-heal|p2a: Drifblim|26\/100|[from] item: Leftovers\n|-damage|p1a: Amoonguss|94\/100 brn|[from] brn\n|upkeep\n|turn|19\n|c| Romsfun 2|let me see\n|\n|t:|1699762312\n|move|p2a: Drifblim|Strength Sap|p1a: Amoonguss\n|-unboost|p1a: Amoonguss|atk|1\n|-heal|p2a: Drifblim|57\/100\n|move|p1a: Amoonguss|Tera Blast|p2a: Drifblim|[anim] Tera Blast Fairy\n|-end|p2a: Drifblim|Substitute\n|\n|-heal|p2a: Drifblim|63\/100|[from] item: Leftovers\n|-heal|p1a: Amoonguss|100\/100 brn|[from] item: Leftovers\n|-damage|p1a: Amoonguss|94\/100 brn|[from] brn\n|upkeep\n|turn|20\n|-message|doctor coolress forfeited.\n|\n|win|pogchimp970314\n|n|\u2606doctor coolress|doctorcoolress\n|n|\u2606pogchimp970314|pogchimp970314\n|n|*Lady Monita \u2746|ladymonita\n|n| Im dumb srly|imdumbsrly\n|n| 41exe|41exe\n|n| Romsfun 2|romsfun2\n","uploadtime":1699762317,"views":9,"p1id":"doctorcoolress","p2id":"pogchimp970314","formatid":"gen9ou","rating":0,"private":0,"password":""}