{"id":"gen9ou-1992020620","p1":"Mystco","p2":"el_racoon_man","format":"[Gen 9] OU","log":"|j|\u2606Mystco\n|j|\u2606el_racoon_man\n|t:|1700148354\n|gametype|singles\n|player|p1|Mystco|shadowtriad|1226\n|player|p2|el_racoon_man|red|1173\n|teamsize|p1|6\n|teamsize|p2|6\n|gen|9\n|tier|[Gen 9] OU\n|rated|\n|rule|Sleep Clause Mod: Limit one foe put to sleep\n|rule|Species Clause: Limit one of each Pok\u00e9mon\n|rule|OHKO Clause: OHKO moves are banned\n|rule|Evasion Items Clause: Evasion items are banned\n|rule|Evasion Moves Clause: Evasion moves are banned\n|rule|Endless Battle Clause: Forcing endless battles is banned\n|rule|HP Percentage Mod: HP is shown in percentages\n|clearpoke\n|poke|p1|Iron Valiant|\n|poke|p1|Corviknight, F|\n|poke|p1|Skeledirge, F|\n|poke|p1|Ogerpon-Cornerstone, F|\n|poke|p1|Iron Jugulis|\n|poke|p1|Great Tusk|\n|poke|p2|Iron Hands|\n|poke|p2|Ogerpon-Wellspring, F|\n|poke|p2|Zapdos|\n|poke|p2|Great Tusk|\n|poke|p2|Gholdengo|\n|poke|p2|Heatran, F|\n|teampreview\n|inactive|Battle timer is ON: inactive players will automatically lose when time's up. (requested by el_racoon_man)\n|inactive|Mystco has 120 seconds left.\n|inactive|el_racoon_man has 120 seconds left.\n|inactive|el_racoon_man has 90 seconds left.\n|\n|t:|1700148437\n|start\n|switch|p1a: Ogerpon|Ogerpon-Cornerstone, F|100\/100\n|switch|p2a: Gholdengo|Gholdengo|100\/100\n|turn|1\n|inactive|Mystco has 120 seconds left.\n|inactive|Mystco has 90 seconds left.\n|inactive|Mystco has 60 seconds left.\n|\n|t:|1700148552\n|move|p2a: Gholdengo|Shadow Ball|p1a: Ogerpon\n|-damage|p1a: Ogerpon|47\/100\n|move|p1a: Ogerpon|Knock Off|p2a: Gholdengo\n|-supereffective|p2a: Gholdengo\n|-damage|p2a: Gholdengo|10\/100\n|-enditem|p2a: Gholdengo|Choice Scarf|[from] move: Knock Off|[of] p1a: Ogerpon\n|\n|upkeep\n|turn|2\n|inactive|el_racoon_man has 120 seconds left.\n|c|\u2606el_racoon_man|ai tu me quebra\n|\n|t:|1700148580\n|move|p1a: Ogerpon|Knock Off|p2a: Gholdengo\n|-supereffective|p2a: Gholdengo\n|-damage|p2a: Gholdengo|0 fnt\n|faint|p2a: Gholdengo\n|\n|upkeep\n|c|\u2606Mystco|kkk\n|inactive|el_racoon_man has 120 seconds left.\n|\n|t:|1700148595\n|switch|p2a: Ogerpon|Ogerpon-Wellspring, F|100\/100\n|turn|3\n|c|\u2606Mystco|te amo\n|inactive|el_racoon_man has 120 seconds left.\n|c|\u2606el_racoon_man|<3\n|c|\u2606el_racoon_man|jogo bemz\u00e3o\n|c|\u2606el_racoon_man|nao tava esperando\n|\n|t:|1700148616\n|switch|p1a: Corviknight|Corviknight, F|100\/100\n|move|p2a: Ogerpon|Ivy Cudgel|p1a: Corviknight|[anim] Ivy Cudgel Water\n|-damage|p1a: Corviknight|64\/100\n|\n|upkeep\n|turn|4\n|inactive|Mystco has 60 seconds left.\n|\n|t:|1700148626\n|move|p2a: Ogerpon|U-turn|p1a: Corviknight\n|-resisted|p1a: Corviknight\n|-damage|p1a: Corviknight|60\/100\n|-damage|p2a: Ogerpon|84\/100|[from] item: Rocky Helmet|[of] p1a: Corviknight\n|\n|t:|1700148634\n|switch|p2a: Iron Hands|Iron Hands|100\/100|[from] U-turn\n|move|p1a: Corviknight|Roost|p1a: Corviknight\n|-heal|p1a: Corviknight|100\/100\n|-singleturn|p1a: Corviknight|move: Roost\n|\n|upkeep\n|turn|5\n|\n|t:|1700148640\n|switch|p1a: Skeledirge|Skeledirge, F|100\/100\n|move|p2a: Iron Hands|Fake Out|p1a: Skeledirge\n|-immune|p1a: Skeledirge\n|\n|upkeep\n|turn|6\n|\n|t:|1700148644\n|move|p1a: Skeledirge|Will-O-Wisp|p2a: Iron Hands\n|-status|p2a: Iron Hands|brn\n|move|p2a: Iron Hands|Thunder Punch|p1a: Skeledirge\n|-damage|p1a: Skeledirge|82\/100\n|-status|p1a: Skeledirge|par\n|\n|-heal|p1a: Skeledirge|88\/100 par|[from] item: Leftovers\n|-damage|p2a: Iron Hands|94\/100 brn|[from] brn\n|upkeep\n|turn|7\n|inactive|Mystco has 90 seconds left.\n|\n|t:|1700148655\n|move|p2a: Iron Hands|Thunder Punch|p1a: Skeledirge\n|-damage|p1a: Skeledirge|71\/100 par\n|move|p1a: Skeledirge|Torch Song|p2a: Iron Hands\n|-damage|p2a: Iron Hands|77\/100 brn\n|-boost|p1a: Skeledirge|spa|1\n|\n|-heal|p1a: Skeledirge|77\/100 par|[from] item: Leftovers\n|-damage|p2a: Iron Hands|70\/100 brn|[from] brn\n|upkeep\n|turn|8\n|inactive|Mystco has 90 seconds left.\n|\n|t:|1700148667\n|-end|p2a: Iron Hands|Quark Drive|[silent]\n|switch|p2a: Heatran|Heatran, F|100\/100\n|move|p1a: Skeledirge|Earth Power|p2a: Heatran\n|-supereffective|p2a: Heatran\n|-damage|p2a: Heatran|0 fnt\n|faint|p2a: Heatran\n|\n|-heal|p1a: Skeledirge|84\/100 par|[from] item: Leftovers\n|upkeep\n|c|\u2606el_racoon_man|krl\n|inactive|el_racoon_man has 120 seconds left.\n|\n|t:|1700148683\n|switch|p2a: Ogerpon|Ogerpon-Wellspring, F|84\/100\n|turn|9\n|c|\u2606Mystco|kkkk\n|c|\u2606Mystco|fazer oq\n|\n|t:|1700148691\n|move|p2a: Ogerpon|Ivy Cudgel|p1a: Skeledirge|[anim] Ivy Cudgel Water\n|-supereffective|p1a: Skeledirge\n|-damage|p1a: Skeledirge|0 fnt\n|faint|p1a: Skeledirge\n|\n|upkeep\n|c|\u2606el_racoon_man|ai caguetei legal a partida\n|inactive|Mystco has 90 seconds left.\n|\n|t:|1700148715\n|switch|p1a: Iron Jugulis|Iron Jugulis|100\/100\n|-enditem|p1a: Iron Jugulis|Booster Energy\n|-activate|p1a: Iron Jugulis|ability: Quark Drive|[fromitem]\n|-start|p1a: Iron Jugulis|quarkdrivespe\n|turn|10\n|inactive|el_racoon_man has 120 seconds left.\n|\n|t:|1700148743\n|-terastallize|p2a: Ogerpon|Water\n|detailschange|p2a: Ogerpon|Ogerpon-Wellspring-Tera, F, tera:Water\n|-ability|p2a: Ogerpon|Embody Aspect (Wellspring)|boost\n|-boost|p2a: Ogerpon|spd|1\n|move|p1a: Iron Jugulis|Dark Pulse|p2a: Ogerpon\n|-damage|p2a: Ogerpon|54\/100\n|move|p2a: Ogerpon|Ivy Cudgel|p1a: Iron Jugulis|[anim] Ivy Cudgel Water\n|-damage|p1a: Iron Jugulis|8\/100\n|\n|upkeep\n|turn|11\n|inactive|el_racoon_man has 120 seconds left.\n|\n|t:|1700148758\n|move|p1a: Iron Jugulis|Dark Pulse|p2a: Ogerpon\n|-damage|p2a: Ogerpon|25\/100\n|move|p2a: Ogerpon|U-turn|p1a: Iron Jugulis\n|-damage|p1a: Iron Jugulis|0 fnt\n|faint|p1a: Iron Jugulis\n|-end|p1a: Iron Jugulis|Quark Drive|[silent]\n|inactive|el_racoon_man has 120 seconds left.\n|\n|t:|1700148770\n|switch|p2a: Great Tusk|Great Tusk|100\/100|[from] U-turn\n|-enditem|p2a: Great Tusk|Booster Energy\n|-activate|p2a: Great Tusk|ability: Protosynthesis|[fromitem]\n|-start|p2a: Great Tusk|protosynthesisatk\n|\n|upkeep\n|\n|t:|1700148774\n|switch|p1a: Ogerpon|Ogerpon-Cornerstone, F|47\/100\n|turn|12\n|\n|t:|1700148779\n|move|p1a: Ogerpon|Trailblaze|p2a: Great Tusk\n|-supereffective|p2a: Great Tusk\n|-damage|p2a: Great Tusk|58\/100\n|-boost|p1a: Ogerpon|spe|1\n|move|p2a: Great Tusk|Rapid Spin|p1a: Ogerpon\n|-resisted|p1a: Ogerpon\n|-damage|p1a: Ogerpon|32\/100\n|-boost|p2a: Great Tusk|spe|1\n|\n|upkeep\n|turn|13\n|inactive|Mystco has 120 seconds left.\n|c|\u2606el_racoon_man|anao kkkkkkkk\n|\n|t:|1700148791\n|move|p1a: Ogerpon|Trailblaze|p2a: Great Tusk\n|-supereffective|p2a: Great Tusk\n|-damage|p2a: Great Tusk|15\/100\n|-boost|p1a: Ogerpon|spe|1\n|move|p2a: Great Tusk|Ice Spinner|p1a: Ogerpon\n|-supereffective|p1a: Ogerpon\n|-damage|p1a: Ogerpon|0 fnt\n|faint|p1a: Ogerpon\n|\n|upkeep\n|\n|t:|1700148808\n|switch|p1a: Great Tusk|Great Tusk|100\/100\n|turn|14\n|inactive|el_racoon_man has 120 seconds left.\n|\n|t:|1700148843\n|-end|p1a: Great Tusk|Protosynthesis|[silent]\n|switch|p1a: Corviknight|Corviknight, F|100\/100\n|move|p2a: Great Tusk|Ice Spinner|p1a: Corviknight\n|-damage|p1a: Corviknight|78\/100\n|-damage|p2a: Great Tusk|0 fnt|[from] item: Rocky Helmet|[of] p1a: Corviknight\n|faint|p2a: Great Tusk\n|-end|p2a: Great Tusk|Protosynthesis|[silent]\n|\n|upkeep\n|c|\u2606Mystco|ta jogando bem tamb\u00e9m\n|c|\u2606el_racoon_man|eu fiz uma merdas insanas\n|c|\u2606el_racoon_man|n tava com mto foco no incio\n|c|\u2606el_racoon_man|isso que me fude\n|inactive|el_racoon_man has 90 seconds left.\n|c|\u2606el_racoon_man|fudeu\n|\n|t:|1700148872\n|switch|p2a: Zapdos|Zapdos|100\/100\n|turn|15\n|\n|t:|1700148880\n|move|p2a: Zapdos|Heat Wave|p1a: Corviknight\n|-supereffective|p1a: Corviknight\n|-crit|p1a: Corviknight\n|-damage|p1a: Corviknight|7\/100\n|move|p1a: Corviknight|Roost|p1a: Corviknight\n|-heal|p1a: Corviknight|57\/100\n|-singleturn|p1a: Corviknight|move: Roost\n|\n|upkeep\n|turn|16\n|inactive|Mystco has 120 seconds left.\n|\n|t:|1700148896\n|move|p2a: Zapdos|Discharge|p1a: Corviknight\n|-supereffective|p1a: Corviknight\n|-damage|p1a: Corviknight|0 fnt\n|faint|p1a: Corviknight\n|\n|upkeep\n|inactive|Mystco has 120 seconds left.\n|\n|t:|1700148906\n|switch|p1a: Great Tusk|Great Tusk|100\/100\n|turn|17\n|\n|t:|1700148913\n|move|p2a: Zapdos|Hurricane|p1a: Great Tusk\n|-supereffective|p1a: Great Tusk\n|-damage|p1a: Great Tusk|0 fnt\n|faint|p1a: Great Tusk\n|-end|p1a: Great Tusk|Protosynthesis|[silent]\n|\n|upkeep\n|\n|t:|1700148916\n|switch|p1a: Iron Valiant|Iron Valiant|100\/100\n|-enditem|p1a: Iron Valiant|Booster Energy\n|-activate|p1a: Iron Valiant|ability: Quark Drive|[fromitem]\n|-start|p1a: Iron Valiant|quarkdrivespe\n|turn|18\n|inactive|el_racoon_man has 120 seconds left.\n|\n|t:|1700148922\n|-terastallize|p1a: Iron Valiant|Fire\n|move|p1a: Iron Valiant|Moonblast|p2a: Zapdos\n|-damage|p2a: Zapdos|54\/100\n|move|p2a: Zapdos|Hurricane|p1a: Iron Valiant\n|-damage|p1a: Iron Valiant|22\/100\n|\n|upkeep\n|turn|19\n|\n|t:|1700148929\n|move|p1a: Iron Valiant|Moonblast|p2a: Zapdos\n|-crit|p2a: Zapdos\n|-damage|p2a: Zapdos|0 fnt\n|faint|p2a: Zapdos\n|\n|upkeep\n|c|\u2606Mystco|lol\n|c|\u2606el_racoon_man|gg eu acho\n|c|\u2606Mystco|crit\n|inactive|el_racoon_man has 120 seconds left.\n|\n|t:|1700148944\n|switch|p2a: Iron Hands|Iron Hands|70\/100 brn\n|turn|20\n|\n|t:|1700148950\n|move|p2a: Iron Hands|Fake Out|p1a: Iron Valiant\n|-damage|p1a: Iron Valiant|13\/100\n|cant|p1a: Iron Valiant|flinch\n|\n|-damage|p2a: Iron Hands|64\/100 brn|[from] brn\n|upkeep\n|turn|21\n|c|\u2606el_racoon_man|esse crit foi nojento\n|\n|t:|1700148961\n|move|p1a: Iron Valiant|Moonblast|p2a: Iron Hands\n|-supereffective|p2a: Iron Hands\n|-crit|p2a: Iron Hands\n|-damage|p2a: Iron Hands|0 fnt\n|faint|p2a: Iron Hands\n|-end|p2a: Iron Hands|Quark Drive|[silent]\n|\n|upkeep\n|c|\u2606Mystco|pprt\n|c|\u2606el_racoon_man|KCT\n|inactive|el_racoon_man has 120 seconds left.\n|c|\u2606Mystco|KKKKKKKKK\n|c|\u2606el_racoon_man|TU CHUPO MTO SACO DOS DEVS NE POSSIVEL KKKKKKKKK\n|\n|t:|1700148982\n|switch|p2a: Ogerpon|Ogerpon-Wellspring-Tera, F, tera:Water|25\/100\n|-ability|p2a: Ogerpon|Embody Aspect (Wellspring)|boost\n|-boost|p2a: Ogerpon|spd|1\n|turn|22\n|c|\u2606Mystco|vtnc to cagado dms\n|c|\u2606el_racoon_man|porra\n|c|\u2606el_racoon_man|na outra partida fiquei paralisado 5 vezes seguidas\n|\n|t:|1700149007\n|move|p1a: Iron Valiant|Moonblast|p2a: Ogerpon\n|-damage|p2a: Ogerpon|0 fnt\n|faint|p2a: Ogerpon\n|\n|win|Mystco\n|raw|Mystco's rating: 1248 &rarr; <strong>1268<\/strong><br \/>(+20 for winning)\n|raw|el_racoon_man's rating: 1173 &rarr; <strong>1153<\/strong><br \/>(-20 for losing)\n","uploadtime":1700148981,"views":6,"p1id":"mystco","p2id":"elracoonman","formatid":"gen9ou","rating":1153,"private":0,"password":""}