{"id":"gen9ou-1998271904","p1":"Lialiabeast","p2":"HeavilyBlackpilled","format":"[Gen 9] OU","log":"|j|\u2606Lialiabeast\n|j|\u2606HeavilyBlackpilled\n|t:|1700922945\n|gametype|singles\n|player|p1|Lialiabeast|emmet-masters|\n|player|p2|HeavilyBlackpilled|steven|\n|teamsize|p1|6\n|teamsize|p2|6\n|gen|9\n|tier|[Gen 9] OU\n|rule|Sleep Clause Mod: Limit one foe put to sleep\n|rule|Species Clause: Limit one of each Pok\u00e9mon\n|rule|OHKO Clause: OHKO moves are banned\n|rule|Evasion Items Clause: Evasion items are banned\n|rule|Evasion Moves Clause: Evasion moves are banned\n|rule|Endless Battle Clause: Forcing endless battles is banned\n|rule|HP Percentage Mod: HP is shown in percentages\n|clearpoke\n|poke|p1|Pelipper, M|\n|poke|p1|Greninja-*, M|\n|poke|p1|Clodsire, M|\n|poke|p1|Kingambit, F|\n|poke|p1|Zapdos|\n|poke|p1|Iron Valiant|\n|poke|p2|Hawlucha, F|\n|poke|p2|Rillaboom, M|\n|poke|p2|Heatran, M|\n|poke|p2|Kingambit, M|\n|poke|p2|Ogerpon-Cornerstone, F|\n|poke|p2|Dragapult, M|\n|teampreview\n|inactive|Battle timer is ON: inactive players will automatically lose when time's up. (requested by Lialiabeast)\n|j| Lindsey Paraeah\n|inactive|HeavilyBlackpilled has 270 seconds left.\n|\n|t:|1700923052\n|start\n|switch|p1a: Clodsire|Clodsire, M|100\/100\n|switch|p2a: Rillaboom|Rillaboom, M|100\/100\n|-fieldstart|move: Grassy Terrain|[from] ability: Grassy Surge|[of] p2a: Rillaboom\n|turn|1\n|\n|t:|1700923061\n|switch|p1a: Zapdos|Zapdos|100\/100\n|move|p2a: Rillaboom|U-turn|p1a: Zapdos\n|-resisted|p1a: Zapdos\n|-damage|p1a: Zapdos|79\/100\n|\n|t:|1700923089\n|switch|p2a: Ogerpon|Ogerpon-Cornerstone, F|100\/100|[from] U-turn\n|\n|upkeep\n|turn|2\n|\n|t:|1700923103\n|switch|p1a: Kingambit|Kingambit, F|100\/100\n|-item|p1a: Kingambit|Air Balloon\n|move|p2a: Ogerpon|Ivy Cudgel|p1a: Kingambit|[anim] Ivy Cudgel Rock\n|-resisted|p1a: Kingambit\n|-damage|p1a: Kingambit|74\/100\n|-enditem|p1a: Kingambit|Air Balloon\n|\n|-heal|p1a: Kingambit|80\/100|[from] Grassy Terrain\n|upkeep\n|turn|3\n|inactive|HeavilyBlackpilled has 270 seconds left.\n|inactive|HeavilyBlackpilled has 240 seconds left.\n|\n|t:|1700923163\n|switch|p2a: Hawlucha|Hawlucha, F|100\/100\n|-enditem|p2a: Hawlucha|Grassy Seed\n|-boost|p2a: Hawlucha|def|1|[from] item: Grassy Seed\n|-end|p1a: Kingambit|fallenundefined|[silent]\n|switch|p1a: Zapdos|Zapdos|79\/100\n|\n|upkeep\n|turn|4\n|inactive|HeavilyBlackpilled has 240 seconds left.\n|inactive|Lialiabeast has 270 seconds left.\n|inactive|HeavilyBlackpilled has 210 seconds left.\n|inactive|Lialiabeast has 240 seconds left.\n|\n|t:|1700923214\n|-terastallize|p2a: Hawlucha|Electric\n|move|p2a: Hawlucha|Swords Dance|p2a: Hawlucha\n|-boost|p2a: Hawlucha|atk|2\n|move|p1a: Zapdos|Thunder|p2a: Hawlucha|[miss]\n|-miss|p1a: Zapdos|p2a: Hawlucha\n|\n|upkeep\n|turn|5\n|inactive|HeavilyBlackpilled has 210 seconds left.\n|\n|t:|1700923225\n|move|p2a: Hawlucha|Stone Edge|p1a: Zapdos\n|-supereffective|p1a: Zapdos\n|-damage|p1a: Zapdos|0 fnt\n|faint|p1a: Zapdos\n|\n|-fieldend|move: Grassy Terrain\n|upkeep\n|\n|t:|1700923232\n|switch|p1a: Clodsire|Clodsire, M|100\/100\n|turn|6\n|inactive|HeavilyBlackpilled has 210 seconds left.\n|inactive|Lialiabeast has 240 seconds left.\n|\n|t:|1700923270\n|move|p2a: Hawlucha|Acrobatics|p1a: Clodsire\n|-damage|p1a: Clodsire|0 fnt\n|faint|p1a: Clodsire\n|\n|upkeep\n|inactive|Lialiabeast has 210 seconds left.\n|\n|t:|1700923292\n|switch|p1a: Pelipper|Pelipper, M|100\/100\n|-weather|RainDance|[from] ability: Drizzle|[of] p1a: Pelipper\n|turn|7\n|inactive|HeavilyBlackpilled has 210 seconds left.\n|inactive|Lialiabeast has 210 seconds left.\n|inactive|HeavilyBlackpilled has 180 seconds left.\n|\n|t:|1700923336\n|move|p2a: Hawlucha|Stone Edge|p1a: Pelipper\n|-supereffective|p1a: Pelipper\n|-damage|p1a: Pelipper|3\/100\n|move|p1a: Pelipper|Surf|p2a: Hawlucha\n|-damage|p2a: Hawlucha|31\/100\n|\n|-weather|RainDance|[upkeep]\n|upkeep\n|turn|8\n|inactive|HeavilyBlackpilled has 180 seconds left.\n|\n|t:|1700923345\n|move|p2a: Hawlucha|Acrobatics|p1a: Pelipper\n|-damage|p1a: Pelipper|0 fnt\n|faint|p1a: Pelipper\n|\n|-weather|RainDance|[upkeep]\n|upkeep\n|\n|t:|1700923347\n|switch|p1a: Greninja|Greninja, M|100\/100\n|turn|9\n|inactive|HeavilyBlackpilled has 180 seconds left.\n|\n|t:|1700923373\n|move|p1a: Greninja|Water Shuriken|p2a: Hawlucha\n|-damage|p2a: Hawlucha|7\/100\n|-damage|p2a: Hawlucha|0 fnt\n|faint|p2a: Hawlucha\n|-ability|p1a: Greninja|Battle Bond|boost\n|-boost|p1a: Greninja|atk|1\n|-boost|p1a: Greninja|spa|1\n|-boost|p1a: Greninja|spe|1\n|-activate|p1a: Greninja|ability: Battle Bond\n|-hitcount|p2: Hawlucha|2\n|-damage|p1a: Greninja|91\/100|[from] item: Life Orb\n|\n|-weather|RainDance|[upkeep]\n|upkeep\n|\n|t:|1700923388\n|switch|p2a: Rillaboom|Rillaboom, M|100\/100\n|-fieldstart|move: Grassy Terrain|[from] ability: Grassy Surge|[of] p2a: Rillaboom\n|turn|10\n|inactive|HeavilyBlackpilled has 150 seconds left.\n|\n|t:|1700923426\n|switch|p1a: Kingambit|Kingambit, F|80\/100\n|-activate|p1a: Kingambit|ability: Supreme Overlord\n|-start|p1a: Kingambit|fallen3|[silent]\n|move|p2a: Rillaboom|Grassy Glide|p1a: Kingambit\n|-resisted|p1a: Kingambit\n|-damage|p1a: Kingambit|54\/100\n|\n|-weather|RainDance|[upkeep]\n|-heal|p1a: Kingambit|60\/100|[from] Grassy Terrain\n|upkeep\n|turn|11\n|\n|t:|1700923440\n|switch|p2a: Heatran|Heatran, M|100\/100\n|move|p1a: Kingambit|Low Kick|p2a: Heatran\n|-supereffective|p2a: Heatran\n|-damage|p2a: Heatran|13\/100\n|\n|-weather|RainDance|[upkeep]\n|-heal|p1a: Kingambit|66\/100|[from] Grassy Terrain\n|-heal|p2a: Heatran|20\/100|[from] Grassy Terrain\n|-heal|p2a: Heatran|26\/100|[from] item: Leftovers\n|upkeep\n|turn|12\n|inactive|HeavilyBlackpilled has 120 seconds left.\n|inactive|Lialiabeast has 210 seconds left.\n|inactive|HeavilyBlackpilled has 90 seconds left.\n|\n|t:|1700923496\n|move|p1a: Kingambit|Sucker Punch||[still]\n|-fail|p1a: Kingambit\n|move|p2a: Heatran|Will-O-Wisp|p1a: Kingambit|[miss]\n|-miss|p2a: Heatran|p1a: Kingambit\n|\n|-weather|RainDance|[upkeep]\n|-heal|p1a: Kingambit|72\/100|[from] Grassy Terrain\n|-heal|p2a: Heatran|32\/100|[from] Grassy Terrain\n|-heal|p2a: Heatran|38\/100|[from] item: Leftovers\n|upkeep\n|turn|13\n|\n|t:|1700923503\n|move|p1a: Kingambit|Low Kick|p2a: Heatran\n|-supereffective|p2a: Heatran\n|-damage|p2a: Heatran|0 fnt\n|faint|p2a: Heatran\n|\n|-weather|RainDance|[upkeep]\n|-heal|p1a: Kingambit|79\/100|[from] Grassy Terrain\n|upkeep\n|inactive|HeavilyBlackpilled has 90 seconds left.\n|\n|t:|1700923516\n|switch|p2a: Ogerpon|Ogerpon-Cornerstone, F|100\/100\n|turn|14\n|inactive|HeavilyBlackpilled has 90 seconds left.\n|\n|t:|1700923544\n|-terastallize|p1a: Kingambit|Fairy\n|move|p2a: Ogerpon|Ivy Cudgel|p1a: Kingambit|[anim] Ivy Cudgel Rock\n|-damage|p1a: Kingambit|27\/100\n|move|p1a: Kingambit|Iron Head|p2a: Ogerpon\n|-supereffective|p2a: Ogerpon\n|-ability|p2a: Ogerpon|Sturdy\n|-damage|p2a: Ogerpon|1\/100\n|\n|-weather|none\n|-heal|p2a: Ogerpon|7\/100|[from] Grassy Terrain\n|-heal|p1a: Kingambit|34\/100|[from] Grassy Terrain\n|-fieldend|move: Grassy Terrain\n|upkeep\n|turn|15\n|\n|t:|1700923560\n|move|p2a: Ogerpon|Swords Dance|p2a: Ogerpon\n|-boost|p2a: Ogerpon|atk|2\n|move|p1a: Kingambit|Low Kick|p2a: Ogerpon\n|-supereffective|p2a: Ogerpon\n|-damage|p2a: Ogerpon|0 fnt\n|faint|p2a: Ogerpon\n|\n|upkeep\n|inactive|HeavilyBlackpilled has 60 seconds left.\n|\n|t:|1700923579\n|switch|p2a: Rillaboom|Rillaboom, M|100\/100\n|-fieldstart|move: Grassy Terrain|[from] ability: Grassy Surge|[of] p2a: Rillaboom\n|turn|16\n|inactive|Lialiabeast has 240 seconds left.\n|\n|t:|1700923588\n|move|p2a: Rillaboom|Grassy Glide|p1a: Kingambit\n|-crit|p1a: Kingambit\n|-damage|p1a: Kingambit|0 fnt\n|faint|p1a: Kingambit\n|-end|p1a: Kingambit|fallen3|[silent]\n|\n|upkeep\n|inactive|Lialiabeast has 240 seconds left.\n|\n|t:|1700923613\n|switch|p1a: Iron Valiant|Iron Valiant|100\/100\n|-enditem|p1a: Iron Valiant|Booster Energy\n|-activate|p1a: Iron Valiant|ability: Quark Drive|[fromitem]\n|-start|p1a: Iron Valiant|quarkdrivespe\n|turn|17\n|inactive|HeavilyBlackpilled has 60 seconds left.\n|\n|t:|1700923649\n|switch|p2a: Kingambit|Kingambit, M|100\/100\n|-activate|p2a: Kingambit|ability: Supreme Overlord\n|-start|p2a: Kingambit|fallen3|[silent]\n|move|p1a: Iron Valiant|Moonblast|p2a: Kingambit\n|-damage|p2a: Kingambit|53\/100\n|-unboost|p2a: Kingambit|spa|1\n|\n|-heal|p2a: Kingambit|59\/100|[from] Grassy Terrain\n|-heal|p2a: Kingambit|65\/100|[from] item: Leftovers\n|upkeep\n|turn|18\n|inactive|Lialiabeast has 240 seconds left.\n|inactive|HeavilyBlackpilled has 30 seconds left.\n|inactive|Lialiabeast has 210 seconds left.\n|inactive|HeavilyBlackpilled has 20 seconds left.\n|inactive|HeavilyBlackpilled has 15 seconds left.\n|\n|t:|1700923694\n|move|p1a: Iron Valiant|Moonblast|p2a: Kingambit\n|-damage|p2a: Kingambit|14\/100\n|move|p2a: Kingambit|Tera Blast|p1a: Iron Valiant\n|-damage|p1a: Iron Valiant|83\/100\n|\n|-heal|p1a: Iron Valiant|89\/100|[from] Grassy Terrain\n|-heal|p2a: Kingambit|20\/100|[from] Grassy Terrain\n|-heal|p2a: Kingambit|27\/100|[from] item: Leftovers\n|upkeep\n|turn|19\n|inactive|HeavilyBlackpilled has 25 seconds left this turn.\n|inactive|HeavilyBlackpilled has 20 seconds left.\n|\n|t:|1700923701\n|move|p2a: Kingambit|Sucker Punch|p1a: Iron Valiant\n|-resisted|p1a: Iron Valiant\n|-damage|p1a: Iron Valiant|73\/100\n|move|p1a: Iron Valiant|Moonblast|p2a: Kingambit\n|-damage|p2a: Kingambit|0 fnt\n|faint|p2a: Kingambit\n|-end|p2a: Kingambit|fallen3|[silent]\n|\n|-heal|p1a: Iron Valiant|79\/100|[from] Grassy Terrain\n|upkeep\n|inactive|HeavilyBlackpilled has 25 seconds left this turn.\n|inactive|HeavilyBlackpilled has 20 seconds left.\n|inactive|HeavilyBlackpilled has 15 seconds left.\n|\n|t:|1700923714\n|switch|p2a: Rillaboom|Rillaboom, M|100\/100\n|turn|20\n|inactive|HeavilyBlackpilled has 25 seconds left this turn.\n|\n|t:|1700923718\n|move|p2a: Rillaboom|Grassy Glide|p1a: Iron Valiant\n|-damage|p1a: Iron Valiant|2\/100\n|move|p1a: Iron Valiant|Moonblast|p2a: Rillaboom\n|-damage|p2a: Rillaboom|43\/100\n|\n|-heal|p1a: Iron Valiant|8\/100|[from] Grassy Terrain\n|-heal|p2a: Rillaboom|49\/100|[from] Grassy Terrain\n|-fieldend|move: Grassy Terrain\n|upkeep\n|turn|21\n|inactive|Lialiabeast has 240 seconds left.\n|inactive|HeavilyBlackpilled has 30 seconds left.\n|\n|t:|1700923725\n|switch|p2a: Dragapult|Dragapult, M|100\/100\n|move|p1a: Iron Valiant|Moonblast|p2a: Dragapult\n|-supereffective|p2a: Dragapult\n|-damage|p2a: Dragapult|0 fnt\n|faint|p2a: Dragapult\n|\n|upkeep\n|\n|t:|1700923727\n|switch|p2a: Rillaboom|Rillaboom, M|49\/100\n|-fieldstart|move: Grassy Terrain|[from] ability: Grassy Surge|[of] p2a: Rillaboom\n|turn|22\n|\n|t:|1700923732\n|move|p2a: Rillaboom|Grassy Glide|p1a: Iron Valiant\n|-damage|p1a: Iron Valiant|0 fnt\n|faint|p1a: Iron Valiant\n|-end|p1a: Iron Valiant|Quark Drive|[silent]\n|\n|-heal|p2a: Rillaboom|55\/100|[from] Grassy Terrain\n|upkeep\n|\n|t:|1700923733\n|switch|p1a: Greninja|Greninja, M|91\/100\n|turn|23\n|\n|t:|1700923736\n|move|p1a: Greninja|Water Shuriken|p2a: Rillaboom\n|-resisted|p2a: Rillaboom\n|-damage|p2a: Rillaboom|50\/100\n|-resisted|p2a: Rillaboom\n|-damage|p2a: Rillaboom|43\/100\n|-resisted|p2a: Rillaboom\n|-damage|p2a: Rillaboom|37\/100\n|-resisted|p2a: Rillaboom\n|-damage|p2a: Rillaboom|31\/100\n|-resisted|p2a: Rillaboom\n|-damage|p2a: Rillaboom|25\/100\n|-hitcount|p2a: Rillaboom|5\n|-damage|p1a: Greninja|81\/100|[from] item: Life Orb\n|move|p2a: Rillaboom|Grassy Glide|p1a: Greninja\n|-supereffective|p1a: Greninja\n|-damage|p1a: Greninja|0 fnt\n|faint|p1a: Greninja\n|\n|win|HeavilyBlackpilled\n|c|\u2606HeavilyBlackpilled|gg\n|c|\u2606Lialiabeast|ggs\n","uploadtime":1700923752,"views":2,"p1id":"lialiabeast","p2id":"heavilyblackpilled","formatid":"gen9ou","rating":0,"private":0,"password":""}