{"id":"gen9ou-1993213065","p1":"jimola","p2":"yellow stop light","format":"[Gen 9] OU","log":"|j|\u2606jimola\n|j|\u2606yellow stop light\n|t:|1700278854\n|gametype|singles\n|player|p1|jimola|169|1541\n|player|p2|yellow stop light|saguaro|1645\n|teamsize|p1|6\n|teamsize|p2|6\n|gen|9\n|tier|[Gen 9] OU\n|rated|\n|rule|Sleep Clause Mod: Limit one foe put to sleep\n|rule|Species Clause: Limit one of each Pok\u00e9mon\n|rule|OHKO Clause: OHKO moves are banned\n|rule|Evasion Items Clause: Evasion items are banned\n|rule|Evasion Moves Clause: Evasion moves are banned\n|rule|Endless Battle Clause: Forcing endless battles is banned\n|rule|HP Percentage Mod: HP is shown in percentages\n|clearpoke\n|poke|p1|Ribombee, M|\n|poke|p1|Gholdengo|\n|poke|p1|Gallade, M|\n|poke|p1|Ogerpon, F|\n|poke|p1|Glimmora, M|\n|poke|p1|Walking Wake|\n|poke|p2|Great Tusk|\n|poke|p2|Hatterene, F|\n|poke|p2|Dondozo, M|\n|poke|p2|Mandibuzz, F|\n|poke|p2|Heatran, F|\n|poke|p2|Dragapult, F|\n|teampreview\n|\n|t:|1700278883\n|start\n|switch|p1a: Glimmora|Glimmora, M|100\/100\n|switch|p2a: Dragapult|Dragapult, F|100\/100\n|turn|1\n|\n|t:|1700278893\n|move|p2a: Dragapult|Shadow Ball|p1a: Glimmora\n|-damage|p1a: Glimmora|20\/100\n|move|p1a: Glimmora|Dazzling Gleam|p2a: Dragapult\n|-supereffective|p2a: Dragapult\n|-damage|p2a: Dragapult|9\/100\n|-damage|p1a: Glimmora|11\/100|[from] item: Life Orb\n|\n|upkeep\n|turn|2\n|\n|t:|1700278905\n|move|p2a: Dragapult|Shadow Ball|p1a: Glimmora\n|-damage|p1a: Glimmora|0 fnt\n|faint|p1a: Glimmora\n|\n|upkeep\n|\n|t:|1700278910\n|switch|p1a: Ribombee|Ribombee, M|100\/100\n|turn|3\n|\n|t:|1700278915\n|switch|p2a: Heatran|Heatran, F|100\/100\n|move|p1a: Ribombee|Moonblast|p2a: Heatran\n|-resisted|p2a: Heatran\n|-damage|p2a: Heatran|94\/100\n|\n|-heal|p2a: Heatran|100\/100|[from] item: Leftovers\n|upkeep\n|turn|4\n|\n|t:|1700278939\n|switch|p1a: Walking Wake|Walking Wake|100\/100\n|switch|p2a: Hatterene|Hatterene, F|100\/100\n|\n|upkeep\n|turn|5\n|\n|t:|1700278954\n|-terastallize|p1a: Walking Wake|Water\n|move|p1a: Walking Wake|Hydro Pump|p2a: Hatterene\n|-damage|p2a: Hatterene|0 fnt\n|faint|p2a: Hatterene\n|\n|upkeep\n|\n|t:|1700278971\n|switch|p2a: Dondozo|Dondozo, M|100\/100\n|turn|6\n|\n|t:|1700278980\n|-end|p1a: Walking Wake|Protosynthesis|[silent]\n|switch|p1a: Ribombee|Ribombee, M|100\/100\n|move|p2a: Dondozo|Curse|p2a: Dondozo\n|-unboost|p2a: Dondozo|spe|1\n|-boost|p2a: Dondozo|atk|1\n|-boost|p2a: Dondozo|def|1\n|\n|upkeep\n|turn|7\n|\n|t:|1700278984\n|move|p1a: Ribombee|Sticky Web|p2a: Dondozo\n|-sidestart|p2: yellow stop light|move: Sticky Web\n|move|p2a: Dondozo|Curse|p2a: Dondozo\n|-unboost|p2a: Dondozo|spe|1\n|-boost|p2a: Dondozo|atk|1\n|-boost|p2a: Dondozo|def|1\n|\n|upkeep\n|turn|8\n|j|+Shellnuts\n|\n|t:|1700278989\n|move|p1a: Ribombee|Moonblast|p2a: Dondozo\n|-damage|p2a: Dondozo|74\/100\n|move|p2a: Dondozo|Liquidation|p1a: Ribombee\n|-enditem|p1a: Ribombee|Focus Sash\n|-damage|p1a: Ribombee|1\/100\n|\n|-heal|p2a: Dondozo|80\/100|[from] item: Leftovers\n|upkeep\n|turn|9\n|\n|t:|1700278999\n|move|p1a: Ribombee|Moonblast|p2a: Dondozo\n|-damage|p2a: Dondozo|53\/100\n|move|p2a: Dondozo|Curse|p2a: Dondozo\n|-unboost|p2a: Dondozo|spe|1\n|-boost|p2a: Dondozo|atk|1\n|-boost|p2a: Dondozo|def|1\n|\n|-heal|p2a: Dondozo|60\/100|[from] item: Leftovers\n|upkeep\n|turn|10\n|\n|t:|1700279005\n|switch|p1a: Gallade|Gallade, M|100\/100\n|move|p2a: Dondozo|Rest|p2a: Dondozo\n|-status|p2a: Dondozo|slp|[from] move: Rest\n|-heal|p2a: Dondozo|100\/100 slp|[silent]\n|\n|upkeep\n|turn|11\n|\n|t:|1700279010\n|move|p1a: Gallade|Sacred Sword|p2a: Dondozo\n|-damage|p2a: Dondozo|43\/100 slp\n|cant|p2a: Dondozo|slp\n|move|p2a: Dondozo|Sleep Talk|p2a: Dondozo\n|move|p2a: Dondozo|Rest||[from]move: Sleep Talk|[still]\n|-fail|p2a: Dondozo\n|\n|-heal|p2a: Dondozo|50\/100 slp|[from] item: Leftovers\n|upkeep\n|turn|12\n|\n|t:|1700279014\n|switch|p2a: Dragapult|Dragapult, F|9\/100\n|-activate|p2a: Dragapult|move: Sticky Web\n|-unboost|p2a: Dragapult|spe|1\n|move|p1a: Gallade|Sacred Sword|p2a: Dragapult\n|-immune|p2a: Dragapult\n|\n|upkeep\n|turn|13\n|\n|t:|1700279020\n|switch|p1a: Ribombee|Ribombee, M|1\/100\n|move|p2a: Dragapult|Shadow Ball|p1a: Ribombee\n|-damage|p1a: Ribombee|0 fnt\n|faint|p1a: Ribombee\n|\n|upkeep\n|\n|t:|1700279030\n|switch|p1a: Walking Wake|Walking Wake, tera:Water|100\/100\n|turn|14\n|\n|t:|1700279039\n|switch|p2a: Dondozo|Dondozo, M|50\/100 slp\n|-activate|p2a: Dondozo|move: Sticky Web\n|-unboost|p2a: Dondozo|spe|1\n|move|p1a: Walking Wake|Hydro Steam|p2a: Dondozo\n|-resisted|p2a: Dondozo\n|-damage|p2a: Dondozo|25\/100 slp\n|\n|-heal|p2a: Dondozo|31\/100 slp|[from] item: Leftovers\n|upkeep\n|turn|15\n|\n|t:|1700279045\n|move|p1a: Walking Wake|Hydro Steam|p2a: Dondozo\n|-resisted|p2a: Dondozo\n|-damage|p2a: Dondozo|6\/100 slp\n|cant|p2a: Dondozo|slp\n|move|p2a: Dondozo|Sleep Talk|p2a: Dondozo\n|move|p2a: Dondozo|Curse|p2a: Dondozo|[from]move: Sleep Talk\n|-unboost|p2a: Dondozo|spe|1\n|-boost|p2a: Dondozo|atk|1\n|-boost|p2a: Dondozo|def|1\n|\n|-heal|p2a: Dondozo|13\/100 slp|[from] item: Leftovers\n|upkeep\n|turn|16\n|\n|t:|1700279049\n|move|p1a: Walking Wake|Hydro Steam|p2a: Dondozo\n|-resisted|p2a: Dondozo\n|-damage|p2a: Dondozo|0 fnt\n|faint|p2a: Dondozo\n|\n|upkeep\n|\n|t:|1700279051\n|switch|p2a: Heatran|Heatran, F|100\/100\n|-activate|p2a: Heatran|move: Sticky Web\n|-unboost|p2a: Heatran|spe|1\n|turn|17\n|\n|t:|1700279060\n|-end|p1a: Walking Wake|Protosynthesis|[silent]\n|switch|p1a: Gallade|Gallade, M|100\/100\n|-terastallize|p2a: Heatran|Grass\n|move|p2a: Heatran|Magma Storm|p1a: Gallade|[miss]\n|-miss|p2a: Heatran|p1a: Gallade\n|\n|upkeep\n|turn|18\n|\n|t:|1700279076\n|move|p2a: Heatran|Protect|p2a: Heatran\n|-singleturn|p2a: Heatran|Protect\n|move|p1a: Gallade|Sacred Sword|p2a: Heatran\n|-activate|p2a: Heatran|move: Protect\n|\n|upkeep\n|turn|19\n|\n|t:|1700279089\n|move|p1a: Gallade|Sacred Sword|p2a: Heatran\n|-damage|p2a: Heatran|11\/100\n|move|p2a: Heatran|Magma Storm|p1a: Gallade\n|-damage|p1a: Gallade|51\/100\n|-activate|p1a: Gallade|move: Magma Storm|[of] p2a: Heatran\n|\n|-heal|p2a: Heatran|17\/100|[from] item: Leftovers\n|-damage|p1a: Gallade|39\/100|[from] move: Magma Storm|[partiallytrapped]\n|upkeep\n|turn|20\n|\n|t:|1700279094\n|move|p2a: Heatran|Protect|p2a: Heatran\n|-singleturn|p2a: Heatran|Protect\n|move|p1a: Gallade|Sacred Sword|p2a: Heatran\n|-activate|p2a: Heatran|move: Protect\n|\n|-heal|p2a: Heatran|24\/100|[from] item: Leftovers\n|-damage|p1a: Gallade|27\/100|[from] move: Magma Storm|[partiallytrapped]\n|upkeep\n|turn|21\n|\n|t:|1700279099\n|switch|p2a: Dragapult|Dragapult, F|9\/100\n|-activate|p2a: Dragapult|move: Sticky Web\n|-unboost|p2a: Dragapult|spe|1\n|move|p1a: Gallade|Sacred Sword|p2a: Dragapult\n|-immune|p2a: Dragapult\n|\n|-end|p1a: Gallade|Magma Storm|[partiallytrapped]|[silent]\n|upkeep\n|turn|22\n|\n|t:|1700279110\n|switch|p1a: Gholdengo|Gholdengo|100\/100\n|move|p2a: Dragapult|Shadow Ball|p1a: Gholdengo\n|-supereffective|p1a: Gholdengo\n|-enditem|p1a: Gholdengo|Kasib Berry|[eat]\n|-enditem|p1a: Gholdengo|Kasib Berry|[weaken]\n|-damage|p1a: Gholdengo|39\/100\n|\n|upkeep\n|turn|23\n|\n|t:|1700279130\n|switch|p2a: Mandibuzz|Mandibuzz, F|100\/100\n|move|p1a: Gholdengo|Nasty Plot|p1a: Gholdengo\n|-boost|p1a: Gholdengo|spa|2\n|\n|upkeep\n|turn|24\n|\n|t:|1700279139\n|move|p1a: Gholdengo|Make It Rain|p2a: Mandibuzz\n|-damage|p2a: Mandibuzz|0 fnt\n|-unboost|p1a: Gholdengo|spa|1\n|faint|p2a: Mandibuzz\n|\n|upkeep\n|-message|yellow stop light forfeited.\n|\n|win|jimola\n|raw|jimola's rating: 1541 &rarr; <strong>1567<\/strong><br \/>(+26 for winning)\n|raw|yellow stop light's rating: 1645 &rarr; <strong>1619<\/strong><br \/>(-26 for losing)\n|l|\u2606yellow stop light\n|l|+Shellnuts\n","uploadtime":1700279236,"views":20,"p1id":"jimola","p2id":"yellowstoplight","formatid":"gen9ou","rating":1567,"private":0,"password":""}