{"id":"gen9ou-1999509620","p1":"trevobo","p2":"Diatere","format":"[Gen 9] OU","log":"|j|\u2606trevobo\n|j|\u2606Diatere\n|t:|1701090694\n|gametype|singles\n|player|p1|trevobo|swimmer|1405\n|player|p2|Diatere|mina|1468\n|teamsize|p1|6\n|teamsize|p2|6\n|gen|9\n|tier|[Gen 9] OU\n|rated|\n|rule|Sleep Clause Mod: Limit one foe put to sleep\n|rule|Species Clause: Limit one of each Pok\u00e9mon\n|rule|OHKO Clause: OHKO moves are banned\n|rule|Evasion Items Clause: Evasion items are banned\n|rule|Evasion Moves Clause: Evasion moves are banned\n|rule|Endless Battle Clause: Forcing endless battles is banned\n|rule|HP Percentage Mod: HP is shown in percentages\n|clearpoke\n|poke|p1|Torkoal, M|\n|poke|p1|Iron Valiant|\n|poke|p1|Walking Wake|\n|poke|p1|Skeledirge, M|\n|poke|p1|Dragonite, M|\n|poke|p1|Zapdos-Galar|\n|poke|p2|Ninetales-Alola, M|\n|poke|p2|Hatterene, F|\n|poke|p2|Manaphy|\n|poke|p2|Ogerpon-Cornerstone, F|\n|poke|p2|Rillaboom, M|\n|poke|p2|Iron Valiant|\n|teampreview\n|\n|t:|1701090704\n|start\n|switch|p1a: Dragonite|Dragonite, M|100\/100\n|switch|p2a: Tavros|Ninetales-Alola, M|100\/100\n|-weather|Snow|[from] ability: Snow Warning|[of] p2a: Tavros\n|turn|1\n|\n|t:|1701090710\n|move|p2a: Tavros|Aurora Veil|p2a: Tavros\n|-sidestart|p2: Diatere|move: Aurora Veil\n|move|p1a: Dragonite|Iron Head|p2a: Tavros\n|-supereffective|p2a: Tavros\n|-damage|p2a: Tavros|46\/100\n|\n|-weather|Snow|[upkeep]\n|upkeep\n|turn|2\n|\n|t:|1701090717\n|switch|p2a: Gamzee|Rillaboom, M|100\/100\n|-fieldstart|move: Grassy Terrain|[from] ability: Grassy Surge|[of] p2a: Gamzee\n|move|p1a: Dragonite|Dragon Dance|p1a: Dragonite\n|-boost|p1a: Dragonite|atk|1\n|-boost|p1a: Dragonite|spe|1\n|\n|-weather|Snow|[upkeep]\n|upkeep\n|turn|3\n|\n|t:|1701090722\n|move|p1a: Dragonite|Brick Break|p2a: Gamzee\n|-sideend|p2: Diatere|move: Aurora Veil\n|-damage|p2a: Gamzee|55\/100\n|move|p2a: Gamzee|U-turn|p1a: Dragonite\n|-resisted|p1a: Dragonite\n|-damage|p1a: Dragonite|91\/100\n|\n|t:|1701090727\n|switch|p2a: Karkat|Manaphy|100\/100|[from] U-turn\n|\n|-weather|Snow|[upkeep]\n|upkeep\n|turn|4\n|\n|t:|1701090731\n|move|p1a: Dragonite|Dragon Dance|p1a: Dragonite\n|-boost|p1a: Dragonite|atk|1\n|-boost|p1a: Dragonite|spe|1\n|move|p2a: Karkat|Acid Armor|p2a: Karkat\n|-boost|p2a: Karkat|def|2\n|\n|-weather|Snow|[upkeep]\n|upkeep\n|turn|5\n|\n|t:|1701090741\n|move|p1a: Dragonite|Extreme Speed|p2a: Karkat\n|-damage|p2a: Karkat|72\/100\n|move|p2a: Karkat|Acid Armor|p2a: Karkat\n|-boost|p2a: Karkat|def|2\n|\n|-weather|none\n|-heal|p2a: Karkat|78\/100|[from] Grassy Terrain\n|-heal|p2a: Karkat|84\/100|[from] item: Leftovers\n|upkeep\n|turn|6\n|\n|t:|1701090746\n|switch|p1a: Iron Valiant|Iron Valiant|100\/100\n|-enditem|p1a: Iron Valiant|Booster Energy\n|-activate|p1a: Iron Valiant|ability: Quark Drive|[fromitem]\n|-start|p1a: Iron Valiant|quarkdrivespe\n|move|p2a: Karkat|Acid Armor|p2a: Karkat\n|-boost|p2a: Karkat|def|2\n|\n|-heal|p2a: Karkat|90\/100|[from] Grassy Terrain\n|-heal|p2a: Karkat|96\/100|[from] item: Leftovers\n|-fieldend|move: Grassy Terrain\n|upkeep\n|turn|7\n|\n|t:|1701090756\n|-terastallize|p1a: Iron Valiant|Fairy\n|-terastallize|p2a: Karkat|Poison\n|move|p1a: Iron Valiant|Moonblast|p2a: Karkat\n|-resisted|p2a: Karkat\n|-damage|p2a: Karkat|67\/100\n|-unboost|p2a: Karkat|spa|1\n|move|p2a: Karkat|Stored Power|p1a: Iron Valiant\n|-damage|p1a: Iron Valiant|46\/100\n|\n|-heal|p2a: Karkat|73\/100|[from] item: Leftovers\n|upkeep\n|turn|8\n|-message|trevobo forfeited.\n|\n|win|Diatere\n|raw|trevobo's rating: 1405 &rarr; <strong>1389<\/strong><br \/>(-16 for losing)\n|raw|Diatere's rating: 1468 &rarr; <strong>1484<\/strong><br \/>(+16 for winning)\n|l|\u2606trevobo\n","uploadtime":1701090771,"views":2,"p1id":"trevobo","p2id":"diatere","formatid":"gen9ou","rating":1389,"private":0,"password":""}