{"id":"gen9ou-1993538789","p1":"Briocher99","p2":"Yumick2","format":"[Gen 9] OU","log":"|j|\u2606Briocher99\n|j|\u2606Yumick2\n|t:|1700329472\n|gametype|singles\n|player|p1|Briocher99|265|\n|player|p2|Yumick2|lucas|\n|teamsize|p1|6\n|teamsize|p2|6\n|gen|9\n|tier|[Gen 9] OU\n|rule|Sleep Clause Mod: Limit one foe put to sleep\n|rule|Species Clause: Limit one of each Pok\u00e9mon\n|rule|OHKO Clause: OHKO moves are banned\n|rule|Evasion Items Clause: Evasion items are banned\n|rule|Evasion Moves Clause: Evasion moves are banned\n|rule|Endless Battle Clause: Forcing endless battles is banned\n|rule|HP Percentage Mod: HP is shown in percentages\n|clearpoke\n|poke|p1|Stonjourner, F|\n|poke|p1|Braviary, M|\n|poke|p1|Eelektross, F|\n|poke|p1|Noivern, F|\n|poke|p1|Kommo-o, F|\n|poke|p1|Skeledirge, M|\n|poke|p2|Corviknight, F|\n|poke|p2|Great Tusk|\n|poke|p2|Glimmora, M|\n|poke|p2|Dragapult, M|\n|poke|p2|Rillaboom, M|\n|poke|p2|Scizor, M|\n|teampreview\n|\n|t:|1700329481\n|start\n|switch|p1a: Stonjourner|Stonjourner, F|100\/100\n|switch|p2a: Dragapult|Dragapult, M|100\/100\n|turn|1\n|\n|t:|1700329499\n|move|p2a: Dragapult|U-turn|p1a: Stonjourner\n|-damage|p1a: Stonjourner|83\/100\n|-damage|p2a: Dragapult|91\/100|[from] item: Life Orb\n|\n|t:|1700329507\n|switch|p2a: Great Tusk|Great Tusk|100\/100|[from] U-turn\n|move|p1a: Stonjourner|Stealth Rock|p2a: Great Tusk\n|-sidestart|p2: Yumick2|move: Stealth Rock\n|\n|-heal|p1a: Stonjourner|89\/100|[from] item: Leftovers\n|upkeep\n|turn|2\n|\n|t:|1700329530\n|switch|p1a: Braviary|Braviary, M|100\/100\n|move|p2a: Great Tusk|Knock Off|p1a: Braviary\n|-damage|p1a: Braviary|53\/100\n|-enditem|p1a: Braviary|Life Orb|[from] move: Knock Off|[of] p2a: Great Tusk\n|\n|upkeep\n|turn|3\n|\n|t:|1700329543\n|-end|p2a: Great Tusk|Protosynthesis|[silent]\n|switch|p2a: Corviknight|Corviknight, F|100\/100\n|-damage|p2a: Corviknight|88\/100|[from] Stealth Rock\n|-ability|p2a: Corviknight|Pressure\n|move|p1a: Braviary|Brave Bird|p2a: Corviknight\n|-resisted|p2a: Corviknight\n|-damage|p2a: Corviknight|61\/100\n|-damage|p1a: Braviary|37\/100|[from] item: Rocky Helmet|[of] p2a: Corviknight\n|-damage|p1a: Braviary|26\/100|[from] Recoil\n|\n|upkeep\n|turn|4\n|\n|t:|1700329567\n|move|p1a: Braviary|Roost|p1a: Braviary\n|-heal|p1a: Braviary|76\/100\n|-singleturn|p1a: Braviary|move: Roost\n|move|p2a: Corviknight|Iron Defense|p2a: Corviknight\n|-boost|p2a: Corviknight|def|2\n|\n|upkeep\n|turn|5\n|\n|t:|1700329576\n|switch|p1a: Skeledirge|Skeledirge, M|100\/100\n|move|p2a: Corviknight|Taunt|p1a: Skeledirge\n|-start|p1a: Skeledirge|move: Taunt\n|\n|upkeep\n|turn|6\n|\n|t:|1700329604\n|switch|p2a: Great Tusk|Great Tusk|100\/100\n|-damage|p2a: Great Tusk|97\/100|[from] Stealth Rock\n|move|p1a: Skeledirge|Torch Song|p2a: Great Tusk\n|-damage|p2a: Great Tusk|58\/100\n|-boost|p1a: Skeledirge|spa|1\n|\n|-heal|p2a: Great Tusk|64\/100|[from] item: Leftovers\n|upkeep\n|turn|7\n|\n|t:|1700329623\n|switch|p1a: Braviary|Braviary, M|76\/100\n|move|p2a: Great Tusk|Rapid Spin|p1a: Braviary\n|-damage|p1a: Braviary|50\/100\n|-boost|p2a: Great Tusk|spe|1\n|-sideend|p2: Yumick2|Stealth Rock|[from] move: Rapid Spin|[of] p2a: Great Tusk\n|\n|-heal|p2a: Great Tusk|71\/100|[from] item: Leftovers\n|upkeep\n|turn|8\n|\n|t:|1700329642\n|move|p2a: Great Tusk|Knock Off|p1a: Braviary\n|-damage|p1a: Braviary|16\/100\n|move|p1a: Braviary|Roost|p1a: Braviary\n|-heal|p1a: Braviary|66\/100\n|-singleturn|p1a: Braviary|move: Roost\n|\n|-heal|p2a: Great Tusk|77\/100|[from] item: Leftovers\n|upkeep\n|turn|9\n|\n|t:|1700329658\n|-end|p2a: Great Tusk|Protosynthesis|[silent]\n|switch|p2a: Scizor|Scizor, M|100\/100\n|move|p1a: Braviary|Roost|p1a: Braviary\n|-heal|p1a: Braviary|100\/100\n|-singleturn|p1a: Braviary|move: Roost\n|\n|upkeep\n|turn|10\n|\n|t:|1700329679\n|switch|p1a: Skeledirge|Skeledirge, M|100\/100\n|move|p2a: Scizor|Swords Dance|p2a: Scizor\n|-boost|p2a: Scizor|atk|2\n|\n|upkeep\n|turn|11\n|\n|t:|1700329689\n|move|p1a: Skeledirge|Will-O-Wisp|p2a: Scizor|[miss]\n|-miss|p1a: Skeledirge|p2a: Scizor\n|move|p2a: Scizor|Thief|p1a: Skeledirge\n|-supereffective|p1a: Skeledirge\n|-damage|p1a: Skeledirge|46\/100\n|\n|upkeep\n|turn|12\n|\n|t:|1700329743\n|move|p2a: Scizor|Bullet Punch|p1a: Skeledirge\n|-resisted|p1a: Skeledirge\n|-damage|p1a: Skeledirge|32\/100\n|move|p1a: Skeledirge|Slack Off|p1a: Skeledirge\n|-heal|p1a: Skeledirge|82\/100\n|\n|upkeep\n|turn|13\n|\n|t:|1700329754\n|switch|p2a: Dragapult|Dragapult, M|91\/100\n|move|p1a: Skeledirge|Will-O-Wisp|p2a: Dragapult\n|-status|p2a: Dragapult|brn\n|\n|-damage|p2a: Dragapult|85\/100 brn|[from] brn\n|upkeep\n|turn|14\n|\n|t:|1700329769\n|move|p2a: Dragapult|Dragon Dance|p2a: Dragapult\n|-boost|p2a: Dragapult|atk|1\n|-boost|p2a: Dragapult|spe|1\n|move|p1a: Skeledirge|Hex|p2a: Dragapult\n|-supereffective|p2a: Dragapult\n|-damage|p2a: Dragapult|0 fnt\n|faint|p2a: Dragapult\n|\n|upkeep\n|\n|t:|1700329779\n|switch|p2a: Glimmora|Glimmora, M|100\/100\n|turn|15\n|\n|t:|1700329785\n|move|p2a: Glimmora|Stealth Rock|p1a: Skeledirge\n|-sidestart|p1: Briocher99|move: Stealth Rock\n|move|p1a: Skeledirge|Torch Song|p2a: Glimmora\n|-resisted|p2a: Glimmora\n|-damage|p2a: Glimmora|79\/100\n|-boost|p1a: Skeledirge|spa|1\n|\n|upkeep\n|turn|16\n|\n|t:|1700329795\n|move|p2a: Glimmora|Mortal Spin|p1a: Skeledirge\n|-resisted|p1a: Skeledirge\n|-crit|p1a: Skeledirge\n|-damage|p1a: Skeledirge|79\/100\n|-status|p1a: Skeledirge|psn\n|move|p1a: Skeledirge|Torch Song|p2a: Glimmora\n|-resisted|p2a: Glimmora\n|-damage|p2a: Glimmora|49\/100\n|-boost|p1a: Skeledirge|spa|1\n|\n|-damage|p1a: Skeledirge|66\/100 psn|[from] psn\n|upkeep\n|turn|17\n|\n|t:|1700329807\n|move|p2a: Glimmora|Earth Power|p1a: Skeledirge\n|-supereffective|p1a: Skeledirge\n|-damage|p1a: Skeledirge|25\/100 psn\n|-unboost|p1a: Skeledirge|spd|1\n|move|p1a: Skeledirge|Torch Song|p2a: Glimmora\n|-resisted|p2a: Glimmora\n|-damage|p2a: Glimmora|12\/100\n|-boost|p1a: Skeledirge|spa|1\n|\n|-damage|p1a: Skeledirge|13\/100 psn|[from] psn\n|upkeep\n|turn|18\n|\n|t:|1700329826\n|move|p2a: Glimmora|Spikes|p1a: Skeledirge\n|-sidestart|p1: Briocher99|Spikes\n|move|p1a: Skeledirge|Torch Song|p2a: Glimmora\n|-resisted|p2a: Glimmora\n|-damage|p2a: Glimmora|0 fnt\n|-boost|p1a: Skeledirge|spa|1\n|faint|p2a: Glimmora\n|\n|-damage|p1a: Skeledirge|0 fnt|[from] psn\n|faint|p1a: Skeledirge\n|upkeep\n|\n|t:|1700329845\n|switch|p2a: Rillaboom|Rillaboom, M|100\/100\n|switch|p1a: Noivern|Noivern, F|100\/100\n|-damage|p1a: Noivern|76\/100|[from] Stealth Rock\n|-fieldstart|move: Grassy Terrain|[from] ability: Grassy Surge|[of] p2a: Rillaboom\n|turn|19\n|\n|t:|1700329880\n|-terastallize|p2a: Rillaboom|Water\n|move|p1a: Noivern|Defog|p2a: Rillaboom\n|-unboost|p2a: Rillaboom|evasion|1\n|-sideend|p1: Briocher99|Spikes|[from] move: Defog|[of] p1a: Noivern\n|-sideend|p1: Briocher99|Stealth Rock|[from] move: Defog|[of] p1a: Noivern\n|-fieldend|move: Grassy Terrain\n|move|p2a: Rillaboom|Knock Off|p1a: Noivern\n|-damage|p1a: Noivern|34\/100\n|-enditem|p1a: Noivern|Choice Scarf|[from] move: Knock Off|[of] p2a: Rillaboom\n|\n|upkeep\n|turn|20\n|\n|t:|1700329893\n|move|p2a: Rillaboom|Knock Off|p1a: Noivern\n|-damage|p1a: Noivern|5\/100\n|move|p1a: Noivern|U-turn|p2a: Rillaboom\n|-damage|p2a: Rillaboom|88\/100\n|\n|t:|1700329906\n|switch|p1a: Eelektross|Eelektross, F|100\/100|[from] U-turn\n|\n|upkeep\n|turn|21\n|\n|t:|1700329929\n|switch|p2a: Great Tusk|Great Tusk|77\/100\n|move|p1a: Eelektross|Wild Charge|p2a: Great Tusk\n|-immune|p2a: Great Tusk\n|\n|-heal|p2a: Great Tusk|83\/100|[from] item: Leftovers\n|upkeep\n|turn|22\n|\n|t:|1700329955\n|move|p2a: Great Tusk|Rapid Spin|p1a: Eelektross\n|-damage|p1a: Eelektross|79\/100\n|-boost|p2a: Great Tusk|spe|1\n|move|p1a: Eelektross|Bulk Up|p1a: Eelektross\n|-boost|p1a: Eelektross|atk|1\n|-boost|p1a: Eelektross|def|1\n|\n|-heal|p2a: Great Tusk|89\/100|[from] item: Leftovers\n|-heal|p1a: Eelektross|86\/100|[from] item: Leftovers\n|upkeep\n|turn|23\n|\n|t:|1700329968\n|move|p2a: Great Tusk|Knock Off|p1a: Eelektross\n|-damage|p1a: Eelektross|57\/100\n|-enditem|p1a: Eelektross|Leftovers|[from] move: Knock Off|[of] p2a: Great Tusk\n|move|p1a: Eelektross|Bulk Up|p1a: Eelektross\n|-boost|p1a: Eelektross|atk|1\n|-boost|p1a: Eelektross|def|1\n|\n|-heal|p2a: Great Tusk|96\/100|[from] item: Leftovers\n|upkeep\n|turn|24\n|\n|t:|1700329978\n|move|p2a: Great Tusk|Close Combat|p1a: Eelektross\n|-damage|p1a: Eelektross|17\/100\n|-unboost|p2a: Great Tusk|def|1\n|-unboost|p2a: Great Tusk|spd|1\n|move|p1a: Eelektross|Drain Punch|p2a: Great Tusk\n|-damage|p2a: Great Tusk|57\/100\n|-heal|p1a: Eelektross|38\/100|[from] drain|[of] p2a: Great Tusk\n|\n|-heal|p2a: Great Tusk|63\/100|[from] item: Leftovers\n|upkeep\n|turn|25\n|\n|t:|1700329991\n|move|p2a: Great Tusk|Close Combat|p1a: Eelektross\n|-damage|p1a: Eelektross|1\/100\n|-unboost|p2a: Great Tusk|def|1\n|-unboost|p2a: Great Tusk|spd|1\n|move|p1a: Eelektross|Drain Punch|p2a: Great Tusk\n|-damage|p2a: Great Tusk|16\/100\n|-heal|p1a: Eelektross|27\/100|[from] drain|[of] p2a: Great Tusk\n|\n|-heal|p2a: Great Tusk|23\/100|[from] item: Leftovers\n|upkeep\n|turn|26\n|\n|t:|1700330002\n|move|p2a: Great Tusk|Close Combat|p1a: Eelektross\n|-damage|p1a: Eelektross|0 fnt\n|-unboost|p2a: Great Tusk|def|1\n|-unboost|p2a: Great Tusk|spd|1\n|faint|p1a: Eelektross\n|\n|-heal|p2a: Great Tusk|29\/100|[from] item: Leftovers\n|upkeep\n|\n|t:|1700330022\n|switch|p1a: Braviary|Braviary, M|100\/100\n|turn|27\n|\n|t:|1700330036\n|-end|p2a: Great Tusk|Protosynthesis|[silent]\n|switch|p2a: Corviknight|Corviknight, F|61\/100\n|-ability|p2a: Corviknight|Pressure\n|move|p1a: Braviary|Body Slam|p2a: Corviknight\n|-resisted|p2a: Corviknight\n|-damage|p2a: Corviknight|37\/100\n|-damage|p1a: Braviary|84\/100|[from] item: Rocky Helmet|[of] p2a: Corviknight\n|\n|upkeep\n|turn|28\n|\n|t:|1700330057\n|switch|p1a: Kommo-o|Kommo-o, F|100\/100\n|move|p2a: Corviknight|Roost|p2a: Corviknight\n|-heal|p2a: Corviknight|87\/100\n|-singleturn|p2a: Corviknight|move: Roost\n|\n|upkeep\n|turn|29\n|\n|t:|1700330069\n|move|p1a: Kommo-o|Clangorous Soul|p1a: Kommo-o\n|-boost|p1a: Kommo-o|atk|1\n|-boost|p1a: Kommo-o|def|1\n|-boost|p1a: Kommo-o|spa|1\n|-boost|p1a: Kommo-o|spd|1\n|-boost|p1a: Kommo-o|spe|1\n|-damage|p1a: Kommo-o|68\/100\n|-enditem|p1a: Kommo-o|Throat Spray\n|-boost|p1a: Kommo-o|spa|1|[from] item: Throat Spray\n|move|p2a: Corviknight|Taunt|p1a: Kommo-o\n|-start|p1a: Kommo-o|move: Taunt\n|\n|upkeep\n|turn|30\n|\n|t:|1700330088\n|move|p1a: Kommo-o|Flamethrower|p2a: Corviknight\n|-supereffective|p2a: Corviknight\n|-crit|p2a: Corviknight\n|-damage|p2a: Corviknight|0 fnt\n|faint|p2a: Corviknight\n|\n|upkeep\n|\n|t:|1700330094\n|switch|p2a: Rillaboom|Rillaboom, M, tera:Water|88\/100\n|-fieldstart|move: Grassy Terrain|[from] ability: Grassy Surge|[of] p2a: Rillaboom\n|turn|31\n|\n|t:|1700330113\n|-terastallize|p1a: Kommo-o|Normal\n|move|p2a: Rillaboom|Drain Punch|p1a: Kommo-o\n|-supereffective|p1a: Kommo-o\n|-damage|p1a: Kommo-o|32\/100\n|-heal|p2a: Rillaboom|100\/100|[from] drain|[of] p1a: Kommo-o\n|move|p1a: Kommo-o|Boomburst|p2a: Rillaboom\n|-damage|p2a: Rillaboom|0 fnt\n|faint|p2a: Rillaboom\n|\n|-heal|p1a: Kommo-o|39\/100|[from] Grassy Terrain\n|upkeep\n|\n|t:|1700330126\n|switch|p2a: Scizor|Scizor, M|100\/100\n|-enditem|p2a: Scizor|Grassy Seed\n|-boost|p2a: Scizor|def|1|[from] item: Grassy Seed\n|turn|32\n|\n|t:|1700330147\n|move|p1a: Kommo-o|Flamethrower|p2a: Scizor\n|-supereffective|p2a: Scizor\n|-crit|p2a: Scizor\n|-damage|p2a: Scizor|0 fnt\n|faint|p2a: Scizor\n|\n|-heal|p1a: Kommo-o|45\/100|[from] Grassy Terrain\n|-end|p1a: Kommo-o|move: Taunt\n|upkeep\n|\n|t:|1700330155\n|switch|p2a: Great Tusk|Great Tusk|29\/100\n|turn|33\n|\n|t:|1700330161\n|move|p1a: Kommo-o|Boomburst|p2a: Great Tusk\n|-damage|p2a: Great Tusk|0 fnt\n|faint|p2a: Great Tusk\n|-end|p2a: Great Tusk|Protosynthesis|[silent]\n|\n|win|Briocher99\n|l|\u2606Yumick2\n","uploadtime":1700330168,"views":26,"p1id":"briocher99","p2id":"yumick2","formatid":"gen9ou","rating":0,"private":0,"password":""}