{"id":"gen9ou-1990010471","p1":"Jrmoore896","p2":"than0304","format":"[Gen 9] OU","log":"|j|\u2606Jrmoore896\n|j|\u2606than0304\n|t:|1699915091\n|gametype|singles\n|player|p1|Jrmoore896|lucas-gen4pt|1511\n|player|p2|than0304|265|1577\n|teamsize|p1|6\n|teamsize|p2|6\n|gen|9\n|tier|[Gen 9] OU\n|rated|\n|rule|Sleep Clause Mod: Limit one foe put to sleep\n|rule|Species Clause: Limit one of each Pok\u00e9mon\n|rule|OHKO Clause: OHKO moves are banned\n|rule|Evasion Items Clause: Evasion items are banned\n|rule|Evasion Moves Clause: Evasion moves are banned\n|rule|Endless Battle Clause: Forcing endless battles is banned\n|rule|HP Percentage Mod: HP is shown in percentages\n|clearpoke\n|poke|p1|Sneasler, M|\n|poke|p1|Rillaboom, F|\n|poke|p1|Dondozo, M|\n|poke|p1|Clodsire, M|\n|poke|p1|Great Tusk|\n|poke|p1|Enamorus, F|\n|poke|p2|Heatran, F|\n|poke|p2|Cinderace, M|\n|poke|p2|Iron Moth|\n|poke|p2|Zapdos|\n|poke|p2|Alomomola, F|\n|poke|p2|Kingambit, F|\n|teampreview\n|inactive|Battle timer is ON: inactive players will automatically lose when time's up. (requested by than0304)\n|\n|t:|1699915106\n|start\n|switch|p1a: Rillaboom|Rillaboom, F|100\/100\n|switch|p2a: Alomomola|Alomomola, F|100\/100\n|-fieldstart|move: Grassy Terrain|[from] ability: Grassy Surge|[of] p1a: Rillaboom\n|turn|1\n|\n|t:|1699915115\n|move|p2a: Alomomola|Protect|p2a: Alomomola\n|-singleturn|p2a: Alomomola|Protect\n|move|p1a: Rillaboom|Knock Off|p2a: Alomomola\n|-activate|p2a: Alomomola|move: Protect\n|\n|upkeep\n|turn|2\n|\n|t:|1699915125\n|switch|p1a: Clodsire|Clodsire, M, shiny|100\/100\n|switch|p2a: buzzard|Zapdos, shiny|100\/100\n|\n|upkeep\n|turn|3\n|\n|t:|1699915132\n|move|p2a: buzzard|U-turn|p1a: Clodsire\n|-resisted|p1a: Clodsire\n|-damage|p1a: Clodsire|93\/100\n|\n|t:|1699915135\n|switch|p2a: Heatran|Heatran, F, shiny|100\/100|[from] U-turn\n|move|p1a: Clodsire|Stealth Rock|p2a: Heatran\n|-sidestart|p2: than0304|move: Stealth Rock\n|\n|-heal|p1a: Clodsire|99\/100|[from] Grassy Terrain\n|-heal|p1a: Clodsire|100\/100|[from] item: Leftovers\n|upkeep\n|turn|4\n|j| Porycomingback\n|\n|t:|1699915146\n|move|p2a: Heatran|Earth Power|p1a: Clodsire\n|-supereffective|p1a: Clodsire\n|-damage|p1a: Clodsire|73\/100\n|move|p1a: Clodsire|Earthquake|p2a: Heatran\n|-supereffective|p2a: Heatran\n|-crit|p2a: Heatran\n|-damage|p2a: Heatran|35\/100\n|\n|-heal|p2a: Heatran|41\/100|[from] Grassy Terrain\n|-heal|p2a: Heatran|48\/100|[from] item: Leftovers\n|-heal|p1a: Clodsire|80\/100|[from] Grassy Terrain\n|-heal|p1a: Clodsire|86\/100|[from] item: Leftovers\n|upkeep\n|turn|5\n|\n|t:|1699915160\n|switch|p2a: Alomomola|Alomomola, F|100\/100\n|move|p1a: Clodsire|Earthquake|p2a: Alomomola\n|-damage|p2a: Alomomola|93\/100\n|\n|-heal|p2a: Alomomola|99\/100|[from] Grassy Terrain\n|-heal|p1a: Clodsire|92\/100|[from] Grassy Terrain\n|-heal|p1a: Clodsire|98\/100|[from] item: Leftovers\n|-fieldend|move: Grassy Terrain\n|upkeep\n|turn|6\n|\n|t:|1699915170\n|move|p2a: Alomomola|Flip Turn|p1a: Clodsire\n|-supereffective|p1a: Clodsire\n|-damage|p1a: Clodsire|67\/100\n|\n|t:|1699915175\n|switch|p2a: Kingambit|Kingambit, F|100\/100|[from] Flip Turn\n|-damage|p2a: Kingambit|94\/100|[from] Stealth Rock\n|move|p1a: Clodsire|Toxic|p2a: Kingambit\n|-immune|p2a: Kingambit\n|\n|-heal|p2a: Kingambit|100\/100|[from] item: Leftovers\n|-heal|p1a: Clodsire|74\/100|[from] item: Leftovers\n|upkeep\n|turn|7\n|\n|t:|1699915186\n|switch|p1a: Great Tusk|Great Tusk|100\/100\n|move|p2a: Kingambit|Kowtow Cleave|p1a: Great Tusk\n|-resisted|p1a: Great Tusk\n|-damage|p1a: Great Tusk|84\/100\n|\n|upkeep\n|turn|8\n|\n|t:|1699915200\n|-end|p2a: Kingambit|fallenundefined|[silent]\n|switch|p2a: buzzard|Zapdos, shiny|100\/100\n|move|p1a: Great Tusk|Rapid Spin|p2a: buzzard\n|-damage|p2a: buzzard|88\/100\n|-boost|p1a: Great Tusk|spe|1\n|\n|upkeep\n|turn|9\n|\n|t:|1699915229\n|-end|p1a: Great Tusk|Protosynthesis|[silent]\n|switch|p1a: Clodsire|Clodsire, M, shiny|74\/100\n|move|p2a: buzzard|Hurricane|p1a: Clodsire\n|-damage|p1a: Clodsire|49\/100\n|\n|-heal|p1a: Clodsire|55\/100|[from] item: Leftovers\n|upkeep\n|turn|10\n|\n|t:|1699915238\n|move|p2a: buzzard|Hurricane|p1a: Clodsire\n|-damage|p1a: Clodsire|29\/100\n|-start|p1a: Clodsire|confusion\n|-activate|p1a: Clodsire|confusion\n|-damage|p1a: Clodsire|21\/100|[from] confusion\n|\n|-heal|p1a: Clodsire|27\/100|[from] item: Leftovers\n|upkeep\n|turn|11\n|\n|t:|1699915248\n|move|p2a: buzzard|Hurricane|p1a: Clodsire\n|-damage|p1a: Clodsire|4\/100\n|-activate|p1a: Clodsire|confusion\n|move|p1a: Clodsire|Recover|p1a: Clodsire\n|-heal|p1a: Clodsire|54\/100\n|\n|-heal|p1a: Clodsire|60\/100|[from] item: Leftovers\n|upkeep\n|turn|12\n|\n|t:|1699915257\n|move|p2a: buzzard|Hurricane|p1a: Clodsire\n|-damage|p1a: Clodsire|37\/100\n|-activate|p1a: Clodsire|confusion\n|move|p1a: Clodsire|Toxic|p2a: buzzard\n|-status|p2a: buzzard|tox\n|\n|-heal|p1a: Clodsire|43\/100|[from] item: Leftovers\n|-damage|p2a: buzzard|82\/100 tox|[from] psn\n|upkeep\n|turn|13\n|\n|t:|1699915266\n|move|p2a: buzzard|U-turn|p1a: Clodsire\n|-resisted|p1a: Clodsire\n|-damage|p1a: Clodsire|36\/100\n|\n|t:|1699915269\n|switch|p2a: Cinderace|Cinderace, M, shiny|100\/100|[from] U-turn\n|-activate|p1a: Clodsire|confusion\n|move|p1a: Clodsire|Recover|p1a: Clodsire\n|-heal|p1a: Clodsire|86\/100\n|\n|-heal|p1a: Clodsire|92\/100|[from] item: Leftovers\n|upkeep\n|turn|14\n|\n|t:|1699915279\n|move|p2a: Cinderace|Pyro Ball|p1a: Clodsire\n|-damage|p1a: Clodsire|25\/100\n|-end|p1a: Clodsire|confusion\n|move|p1a: Clodsire|Toxic|p2a: Cinderace\n|-status|p2a: Cinderace|tox\n|\n|-heal|p1a: Clodsire|32\/100|[from] item: Leftovers\n|-damage|p2a: Cinderace|95\/100 tox|[from] psn\n|upkeep\n|turn|15\n|\n|t:|1699915290\n|switch|p1a: Dondozo|Dondozo, M|100\/100\n|move|p2a: Cinderace|Pyro Ball|p1a: Dondozo|[miss]\n|-miss|p2a: Cinderace|p1a: Dondozo\n|\n|-damage|p2a: Cinderace|83\/100 tox|[from] psn\n|upkeep\n|turn|16\n|\n|t:|1699915299\n|move|p2a: Cinderace|U-turn|p1a: Dondozo\n|-start|p2a: Cinderace|typechange|Bug|[from] ability: Libero\n|-damage|p1a: Dondozo|85\/100\n|\n|t:|1699915302\n|switch|p2a: buzzard|Zapdos, shiny|82\/100 tox|[from] U-turn\n|move|p1a: Dondozo|Liquidation|p2a: buzzard\n|-damage|p2a: buzzard|60\/100 tox\n|\n|-heal|p1a: Dondozo|91\/100|[from] item: Leftovers\n|-damage|p2a: buzzard|54\/100 tox|[from] psn\n|upkeep\n|turn|17\n|\n|t:|1699915317\n|switch|p1a: Rillaboom|Rillaboom, F|100\/100\n|-fieldstart|move: Grassy Terrain|[from] ability: Grassy Surge|[of] p1a: Rillaboom\n|move|p2a: buzzard|Hurricane|p1a: Rillaboom|[miss]\n|-miss|p2a: buzzard|p1a: Rillaboom\n|\n|-damage|p2a: buzzard|42\/100 tox|[from] psn\n|upkeep\n|turn|18\n|\n|t:|1699915336\n|switch|p1a: Dondozo|Dondozo, M|91\/100\n|move|p2a: buzzard|Roost|p2a: buzzard\n|-heal|p2a: buzzard|92\/100 tox\n|-singleturn|p2a: buzzard|move: Roost\n|\n|-heal|p2a: buzzard|98\/100 tox|[from] Grassy Terrain\n|-heal|p1a: Dondozo|97\/100|[from] Grassy Terrain\n|-heal|p1a: Dondozo|100\/100|[from] item: Leftovers\n|-damage|p2a: buzzard|80\/100 tox|[from] psn\n|upkeep\n|turn|19\n|\n|t:|1699915356\n|move|p2a: buzzard|Hurricane|p1a: Dondozo\n|-damage|p1a: Dondozo|64\/100\n|move|p1a: Dondozo|Curse|p1a: Dondozo\n|-unboost|p1a: Dondozo|spe|1\n|-boost|p1a: Dondozo|atk|1\n|-boost|p1a: Dondozo|def|1\n|\n|-heal|p1a: Dondozo|70\/100|[from] Grassy Terrain\n|-heal|p1a: Dondozo|76\/100|[from] item: Leftovers\n|-damage|p2a: buzzard|56\/100 tox|[from] psn\n|upkeep\n|turn|20\n|\n|t:|1699915368\n|move|p2a: buzzard|Discharge|p1a: Dondozo\n|-supereffective|p1a: Dondozo\n|-damage|p1a: Dondozo|22\/100\n|move|p1a: Dondozo|Liquidation|p2a: buzzard\n|-damage|p2a: buzzard|25\/100 tox\n|-status|p1a: Dondozo|par|[from] ability: Static|[of] p2a: buzzard\n|\n|-heal|p1a: Dondozo|28\/100 par|[from] Grassy Terrain\n|-heal|p1a: Dondozo|34\/100 par|[from] item: Leftovers\n|-damage|p2a: buzzard|0 fnt|[from] psn\n|faint|p2a: buzzard\n|upkeep\n|\n|t:|1699915375\n|switch|p2a: Iron Moth|Iron Moth|100\/100\n|-damage|p2a: Iron Moth|76\/100|[from] Stealth Rock\n|-enditem|p2a: Iron Moth|Booster Energy\n|-activate|p2a: Iron Moth|ability: Quark Drive|[fromitem]\n|-start|p2a: Iron Moth|quarkdrivespe\n|turn|21\n|\n|t:|1699915389\n|move|p2a: Iron Moth|Psychic|p1a: Dondozo\n|-damage|p1a: Dondozo|10\/100 par\n|move|p1a: Dondozo|Rest|p1a: Dondozo\n|-status|p1a: Dondozo|slp|[from] move: Rest\n|-heal|p1a: Dondozo|100\/100 slp|[silent]\n|\n|-heal|p2a: Iron Moth|82\/100|[from] Grassy Terrain\n|-fieldend|move: Grassy Terrain\n|upkeep\n|turn|22\n|\n|t:|1699915407\n|switch|p1a: Enamorus|Enamorus, F|100\/100\n|move|p2a: Iron Moth|Energy Ball|p1a: Enamorus\n|-resisted|p1a: Enamorus\n|-damage|p1a: Enamorus|79\/100\n|\n|upkeep\n|turn|23\n|\n|t:|1699915419\n|-terastallize|p2a: Iron Moth|Fairy\n|move|p2a: Iron Moth|Sludge Wave|p1a: Enamorus\n|-supereffective|p1a: Enamorus\n|-damage|p1a: Enamorus|0 fnt\n|faint|p1a: Enamorus\n|\n|upkeep\n|\n|t:|1699915427\n|switch|p1a: Rillaboom|Rillaboom, F|100\/100\n|-fieldstart|move: Grassy Terrain|[from] ability: Grassy Surge|[of] p1a: Rillaboom\n|turn|24\n|\n|t:|1699915432\n|move|p1a: Rillaboom|Grassy Glide|p2a: Iron Moth\n|-damage|p2a: Iron Moth|0 fnt\n|faint|p2a: Iron Moth\n|-end|p2a: Iron Moth|Quark Drive|[silent]\n|\n|upkeep\n|\n|t:|1699915437\n|switch|p2a: Cinderace|Cinderace, M, shiny|83\/100 tox\n|turn|25\n|\n|t:|1699915446\n|switch|p1a: Great Tusk|Great Tusk|84\/100\n|move|p2a: Cinderace|High Jump Kick|p1a: Great Tusk\n|-start|p2a: Cinderace|typechange|Fighting|[from] ability: Libero\n|-damage|p1a: Great Tusk|39\/100\n|\n|-heal|p2a: Cinderace|89\/100 tox|[from] Grassy Terrain\n|-heal|p1a: Great Tusk|45\/100|[from] Grassy Terrain\n|-damage|p2a: Cinderace|83\/100 tox|[from] psn\n|upkeep\n|turn|26\n|\n|t:|1699915462\n|move|p2a: Cinderace|High Jump Kick|p1a: Great Tusk\n|-damage|p1a: Great Tusk|0 fnt\n|faint|p1a: Great Tusk\n|-end|p1a: Great Tusk|Protosynthesis|[silent]\n|\n|-heal|p2a: Cinderace|89\/100 tox|[from] Grassy Terrain\n|-damage|p2a: Cinderace|77\/100 tox|[from] psn\n|upkeep\n|\n|t:|1699915471\n|switch|p1a: Sneasler|Sneasler, M, shiny|100\/100\n|-enditem|p1a: Sneasler|Grassy Seed\n|-boost|p1a: Sneasler|def|1|[from] item: Grassy Seed\n|turn|27\n|\n|t:|1699915476\n|move|p1a: Sneasler|Acrobatics|p2a: Cinderace\n|-supereffective|p2a: Cinderace\n|-damage|p2a: Cinderace|0 fnt\n|faint|p2a: Cinderace\n|\n|upkeep\n|\n|t:|1699915478\n|switch|p2a: Alomomola|Alomomola, F|100\/100\n|turn|28\n|\n|t:|1699915485\n|move|p1a: Sneasler|Swords Dance|p1a: Sneasler\n|-boost|p1a: Sneasler|atk|2\n|move|p2a: Alomomola|Scald|p1a: Sneasler\n|-damage|p1a: Sneasler|83\/100\n|\n|-heal|p1a: Sneasler|89\/100|[from] Grassy Terrain\n|-fieldend|move: Grassy Terrain\n|upkeep\n|turn|29\n|\n|t:|1699915495\n|move|p1a: Sneasler|Dire Claw|p2a: Alomomola\n|-damage|p2a: Alomomola|52\/100\n|move|p2a: Alomomola|Scald|p1a: Sneasler\n|-damage|p1a: Sneasler|69\/100\n|\n|upkeep\n|turn|30\n|\n|t:|1699915505\n|move|p1a: Sneasler|Dire Claw|p2a: Alomomola\n|-damage|p2a: Alomomola|4\/100\n|-status|p2a: Alomomola|par\n|cant|p2a: Alomomola|par\n|\n|upkeep\n|turn|31\n|\n|t:|1699915517\n|switch|p2a: Heatran|Heatran, F, shiny|48\/100\n|-damage|p2a: Heatran|35\/100|[from] Stealth Rock\n|move|p1a: Sneasler|Acrobatics|p2a: Heatran\n|-resisted|p2a: Heatran\n|-damage|p2a: Heatran|0 fnt\n|faint|p2a: Heatran\n|\n|upkeep\n|\n|t:|1699915521\n|switch|p2a: Alomomola|Alomomola, F|37\/100 par\n|turn|32\n|-message|than0304 forfeited.\n|\n|win|Jrmoore896\n|raw|Jrmoore896's rating: 1511 &rarr; <strong>1535<\/strong><br \/>(+24 for winning)\n|raw|than0304's rating: 1577 &rarr; <strong>1553<\/strong><br \/>(-24 for losing)\n|l|\u2606than0304\n","uploadtime":1699915545,"views":9,"p1id":"jrmoore896","p2id":"than0304","formatid":"gen9ou","rating":1535,"private":0,"password":""}