{"id":"gen9ou-1993443302","p1":"MadDiddlez69","p2":"Guy Maneth","format":"[Gen 9] OU","log":"|j|\u2606MadDiddlez69\n|j|\u2606Guy Maneth\n|t:|1700318567\n|gametype|singles\n|player|p1|MadDiddlez69|101|1424\n|player|p2|Guy Maneth|102|1514\n|teamsize|p1|6\n|teamsize|p2|6\n|gen|9\n|tier|[Gen 9] OU\n|rated|\n|rule|Sleep Clause Mod: Limit one foe put to sleep\n|rule|Species Clause: Limit one of each Pok\u00e9mon\n|rule|OHKO Clause: OHKO moves are banned\n|rule|Evasion Items Clause: Evasion items are banned\n|rule|Evasion Moves Clause: Evasion moves are banned\n|rule|Endless Battle Clause: Forcing endless battles is banned\n|rule|HP Percentage Mod: HP is shown in percentages\n|clearpoke\n|poke|p1|Landorus-Therian, M|\n|poke|p1|Clefable, M|\n|poke|p1|Milotic, F|\n|poke|p1|Mandibuzz, F|\n|poke|p1|Skeledirge, M|\n|poke|p1|Dragapult, M|\n|poke|p2|Moltres|\n|poke|p2|Torkoal, M|\n|poke|p2|Walking Wake|\n|poke|p2|Lilligant-Hisui, F|\n|poke|p2|Heatran, F|\n|poke|p2|Cinderace, M|\n|teampreview\n|\n|t:|1700318586\n|start\n|switch|p1a: Milotic|Milotic, F, shiny|100\/100\n|switch|p2a: Torkoal|Torkoal, M|100\/100\n|-weather|SunnyDay|[from] ability: Drought|[of] p2a: Torkoal\n|turn|1\n|inactive|Battle timer is ON: inactive players will automatically lose when time's up. (requested by MadDiddlez69)\n|\n|t:|1700318596\n|switch|p2a: Walking Wake|Walking Wake|100\/100\n|-activate|p2a: Walking Wake|ability: Protosynthesis\n|-start|p2a: Walking Wake|protosynthesisspe\n|move|p1a: Milotic|Scald|p2a: Walking Wake\n|-resisted|p2a: Walking Wake\n|-crit|p2a: Walking Wake\n|-damage|p2a: Walking Wake|94\/100\n|-status|p2a: Walking Wake|brn\n|\n|-weather|SunnyDay|[upkeep]\n|-damage|p2a: Walking Wake|88\/100 brn|[from] brn\n|upkeep\n|turn|2\n|\n|t:|1700318609\n|move|p2a: Walking Wake|Hydro Steam|p1a: Milotic\n|-resisted|p1a: Milotic\n|-damage|p1a: Milotic|76\/100\n|move|p1a: Milotic|Haze|p1a: Milotic\n|-clearallboost\n|\n|-weather|SunnyDay|[upkeep]\n|-damage|p2a: Walking Wake|82\/100 brn|[from] brn\n|upkeep\n|turn|3\n|\n|t:|1700318615\n|-end|p2a: Walking Wake|Protosynthesis|[silent]\n|switch|p2a: Lilligant|Lilligant-Hisui, F|100\/100\n|move|p1a: Milotic|Mirror Coat||[still]\n|-fail|p1a: Milotic\n|\n|-weather|SunnyDay|[upkeep]\n|upkeep\n|turn|4\n|\n|t:|1700318621\n|switch|p1a: Mandibuzz|Mandibuzz, F|100\/100\n|move|p2a: Lilligant|Solar Blade||[still]\n|-prepare|p2a: Lilligant|Solar Blade\n|-anim|p2a: Lilligant|Solar Blade|p1a: Mandibuzz\n|-resisted|p1a: Mandibuzz\n|-damage|p1a: Mandibuzz|73\/100\n|\n|-weather|SunnyDay|[upkeep]\n|upkeep\n|turn|5\n|\n|t:|1700318632\n|switch|p2a: Moltres|Moltres|100\/100\n|move|p1a: Mandibuzz|Iron Defense|p1a: Mandibuzz\n|-boost|p1a: Mandibuzz|def|2\n|\n|-weather|SunnyDay|[upkeep]\n|upkeep\n|turn|6\n|\n|t:|1700318636\n|switch|p1a: Milotic|Milotic, F, shiny|76\/100\n|move|p2a: Moltres|Will-O-Wisp|p1a: Milotic\n|-status|p1a: Milotic|brn\n|\n|-weather|SunnyDay|[upkeep]\n|-damage|p1a: Milotic|70\/100 brn|[from] brn\n|upkeep\n|turn|7\n|\n|t:|1700318647\n|move|p2a: Moltres|U-turn|p1a: Milotic\n|-damage|p1a: Milotic|60\/100 brn\n|\n|t:|1700318648\n|switch|p2a: Walking Wake|Walking Wake|82\/100 brn|[from] U-turn\n|-activate|p2a: Walking Wake|ability: Protosynthesis\n|-start|p2a: Walking Wake|protosynthesisspe\n|move|p1a: Milotic|Mirror Coat||[still]\n|-fail|p1a: Milotic\n|\n|-weather|SunnyDay|[upkeep]\n|-damage|p2a: Walking Wake|76\/100 brn|[from] brn\n|-damage|p1a: Milotic|54\/100 brn|[from] brn\n|upkeep\n|turn|8\n|\n|t:|1700318655\n|move|p2a: Walking Wake|Draco Meteor|p1a: Milotic\n|-damage|p1a: Milotic|0 fnt\n|-unboost|p2a: Walking Wake|spa|2\n|faint|p1a: Milotic\n|\n|-weather|none\n|-end|p2a: Walking Wake|Protosynthesis\n|-damage|p2a: Walking Wake|70\/100 brn|[from] brn\n|upkeep\n|\n|t:|1700318665\n|switch|p1a: Dragapult|Dragapult, M|100\/100\n|turn|9\n|\n|t:|1700318676\n|-end|p2a: Walking Wake|Protosynthesis|[silent]\n|switch|p2a: Heatran|Heatran, F|100\/100\n|move|p1a: Dragapult|Draco Meteor|p2a: Heatran\n|-resisted|p2a: Heatran\n|-damage|p2a: Heatran|82\/100\n|-unboost|p1a: Dragapult|spa|2\n|\n|-heal|p2a: Heatran|88\/100|[from] item: Leftovers\n|upkeep\n|turn|10\n|\n|t:|1700318680\n|move|p1a: Dragapult|U-turn|p2a: Heatran\n|-resisted|p2a: Heatran\n|-damage|p2a: Heatran|84\/100\n|\n|t:|1700318701\n|switch|p1a: Clefable|Clefable, M|100\/100|[from] U-turn\n|move|p2a: Heatran|Magma Storm|p1a: Clefable|[miss]\n|-miss|p2a: Heatran|p1a: Clefable\n|\n|-heal|p2a: Heatran|90\/100|[from] item: Leftovers\n|upkeep\n|turn|11\n|\n|t:|1700318706\n|move|p2a: Heatran|Magma Storm|p1a: Clefable|[miss]\n|-miss|p2a: Heatran|p1a: Clefable\n|move|p1a: Clefable|Stealth Rock|p2a: Heatran\n|-sidestart|p2: Guy Maneth|move: Stealth Rock\n|\n|-heal|p2a: Heatran|97\/100|[from] item: Leftovers\n|upkeep\n|turn|12\n|\n|t:|1700318712\n|switch|p1a: Skeledirge|Skeledirge, M|100\/100\n|move|p2a: Heatran|Magma Storm|p1a: Skeledirge\n|-resisted|p1a: Skeledirge\n|-damage|p1a: Skeledirge|81\/100\n|-activate|p1a: Skeledirge|move: Magma Storm|[of] p2a: Heatran\n|\n|-heal|p2a: Heatran|100\/100|[from] item: Leftovers\n|-damage|p1a: Skeledirge|69\/100|[from] move: Magma Storm|[partiallytrapped]\n|upkeep\n|turn|13\n|\n|t:|1700318725\n|move|p2a: Heatran|Taunt|p1a: Skeledirge\n|-start|p1a: Skeledirge|move: Taunt\n|move|p1a: Skeledirge|Hex|p2a: Heatran\n|-damage|p2a: Heatran|85\/100\n|\n|-heal|p2a: Heatran|91\/100|[from] item: Leftovers\n|-damage|p1a: Skeledirge|56\/100|[from] move: Magma Storm|[partiallytrapped]\n|upkeep\n|turn|14\n|\n|t:|1700318733\n|switch|p1a: Landorus|Landorus-Therian, M|100\/100\n|-ability|p1a: Landorus|Intimidate|boost\n|-unboost|p2a: Heatran|atk|1\n|move|p2a: Heatran|Earth Power|p1a: Landorus\n|-immune|p1a: Landorus\n|\n|-heal|p2a: Heatran|97\/100|[from] item: Leftovers\n|upkeep\n|turn|15\n|\n|t:|1700318741\n|switch|p2a: Moltres|Moltres|100\/100\n|move|p1a: Landorus|Smack Down|p2a: Moltres\n|-supereffective|p2a: Moltres\n|-damage|p2a: Moltres|54\/100\n|-start|p2a: Moltres|Smack Down\n|\n|upkeep\n|turn|16\n|\n|t:|1700318767\n|switch|p1a: Clefable|Clefable, M|100\/100\n|-terastallize|p2a: Moltres|Fairy\n|move|p2a: Moltres|Will-O-Wisp|p1a: Clefable\n|-status|p1a: Clefable|brn\n|\n|upkeep\n|turn|17\n|\n|t:|1700318774\n|move|p2a: Moltres|Roost|p2a: Moltres\n|-heal|p2a: Moltres|100\/100\n|move|p1a: Clefable|Moonblast|p2a: Moltres\n|-damage|p2a: Moltres|70\/100\n|\n|upkeep\n|turn|18\n|\n|t:|1700318779\n|switch|p2a: Heatran|Heatran, F|97\/100\n|-damage|p2a: Heatran|85\/100|[from] Stealth Rock\n|move|p1a: Clefable|Moonblast|p2a: Heatran\n|-resisted|p2a: Heatran\n|-damage|p2a: Heatran|80\/100\n|\n|-heal|p2a: Heatran|86\/100|[from] item: Leftovers\n|upkeep\n|turn|19\n|inactive|MadDiddlez69 has 120 seconds left.\n|\n|t:|1700318815\n|switch|p1a: Dragapult|Dragapult, M|100\/100\n|move|p2a: Heatran|Magma Storm|p1a: Dragapult\n|-resisted|p1a: Dragapult\n|-damage|p1a: Dragapult|73\/100\n|-activate|p1a: Dragapult|move: Magma Storm|[of] p2a: Heatran\n|\n|-heal|p2a: Heatran|92\/100|[from] item: Leftovers\n|-damage|p1a: Dragapult|61\/100|[from] move: Magma Storm|[partiallytrapped]\n|upkeep\n|turn|20\n|inactive|MadDiddlez69 has 120 seconds left.\n|inactive|MadDiddlez69 has 90 seconds left.\n|\n|t:|1700318867\n|move|p2a: Heatran|Protect|p2a: Heatran\n|-singleturn|p2a: Heatran|Protect\n|move|p1a: Dragapult|U-turn|p2a: Heatran\n|-activate|p2a: Heatran|move: Protect\n|\n|-heal|p2a: Heatran|98\/100|[from] item: Leftovers\n|-damage|p1a: Dragapult|48\/100|[from] move: Magma Storm|[partiallytrapped]\n|upkeep\n|turn|21\n|\n|t:|1700318875\n|move|p1a: Dragapult|U-turn|p2a: Heatran\n|-resisted|p2a: Heatran\n|-damage|p2a: Heatran|95\/100\n|\n|t:|1700318877\n|switch|p1a: Clefable|Clefable, M|100\/100 brn|[from] U-turn\n|move|p2a: Heatran|Magma Storm|p1a: Clefable\n|-damage|p1a: Clefable|63\/100 brn\n|-activate|p1a: Clefable|move: Magma Storm|[of] p2a: Heatran\n|\n|-heal|p2a: Heatran|100\/100|[from] item: Leftovers\n|upkeep\n|turn|22\n|inactive|MadDiddlez69 has 90 seconds left.\n|\n|t:|1700318888\n|move|p2a: Heatran|Taunt|p1a: Clefable\n|-start|p1a: Clefable|move: Taunt\n|cant|p1a: Clefable|move: Taunt|Moonlight\n|\n|upkeep\n|turn|23\n|\n|t:|1700318894\n|move|p2a: Heatran|Earth Power|p1a: Clefable\n|-damage|p1a: Clefable|39\/100 brn\n|move|p1a: Clefable|Moonblast|p2a: Heatran\n|-resisted|p2a: Heatran\n|-damage|p2a: Heatran|96\/100\n|\n|-heal|p2a: Heatran|100\/100|[from] item: Leftovers\n|upkeep\n|turn|24\n|\n|t:|1700318897\n|move|p2a: Heatran|Earth Power|p1a: Clefable\n|-damage|p1a: Clefable|13\/100 brn\n|move|p1a: Clefable|Moonblast|p2a: Heatran\n|-resisted|p2a: Heatran\n|-damage|p2a: Heatran|95\/100\n|\n|-heal|p2a: Heatran|100\/100|[from] item: Leftovers\n|-end|p1a: Clefable|move: Taunt\n|upkeep\n|turn|25\n|\n|t:|1700318904\n|move|p2a: Heatran|Earth Power|p1a: Clefable\n|-damage|p1a: Clefable|0 fnt\n|faint|p1a: Clefable\n|\n|upkeep\n|\n|t:|1700318907\n|switch|p1a: Landorus|Landorus-Therian, M|100\/100\n|-ability|p1a: Landorus|Intimidate|boost\n|-unboost|p2a: Heatran|atk|1\n|turn|26\n|\n|t:|1700318912\n|switch|p2a: Moltres|Moltres, tera:Fairy|70\/100\n|move|p1a: Landorus|Earthquake|p2a: Moltres\n|-damage|p2a: Moltres|37\/100\n|\n|upkeep\n|turn|27\n|\n|t:|1700318920\n|move|p2a: Moltres|Roost|p2a: Moltres\n|-heal|p2a: Moltres|87\/100\n|move|p1a: Landorus|Taunt|p2a: Moltres\n|-start|p2a: Moltres|move: Taunt\n|\n|upkeep\n|turn|28\n|\n|t:|1700318925\n|move|p2a: Moltres|Flamethrower|p1a: Landorus\n|-damage|p1a: Landorus|60\/100\n|move|p1a: Landorus|Earthquake|p2a: Moltres\n|-damage|p2a: Moltres|56\/100\n|\n|-heal|p1a: Landorus|66\/100|[from] item: Leftovers\n|upkeep\n|turn|29\n|\n|t:|1700318937\n|switch|p1a: Skeledirge|Skeledirge, M|56\/100\n|move|p2a: Moltres|Flamethrower|p1a: Skeledirge\n|-resisted|p1a: Skeledirge\n|-damage|p1a: Skeledirge|42\/100\n|\n|upkeep\n|turn|30\n|\n|t:|1700318941\n|move|p2a: Moltres|U-turn|p1a: Skeledirge\n|-resisted|p1a: Skeledirge\n|-damage|p1a: Skeledirge|39\/100\n|\n|t:|1700318943\n|switch|p2a: Torkoal|Torkoal, M|100\/100|[from] U-turn\n|-damage|p2a: Torkoal|76\/100|[from] Stealth Rock\n|-weather|SunnyDay|[from] ability: Drought|[of] p2a: Torkoal\n|move|p1a: Skeledirge|Slack Off|p1a: Skeledirge\n|-heal|p1a: Skeledirge|89\/100\n|\n|-weather|SunnyDay|[upkeep]\n|upkeep\n|turn|31\n|\n|t:|1700318949\n|move|p1a: Skeledirge|Torch Song|p2a: Torkoal\n|-resisted|p2a: Torkoal\n|-damage|p2a: Torkoal|45\/100\n|-boost|p1a: Skeledirge|spa|1\n|move|p2a: Torkoal|Earthquake|p1a: Skeledirge\n|-supereffective|p1a: Skeledirge\n|-damage|p1a: Skeledirge|49\/100\n|\n|-weather|SunnyDay|[upkeep]\n|upkeep\n|turn|32\n|\n|t:|1700318956\n|switch|p2a: Walking Wake|Walking Wake|70\/100 brn\n|-damage|p2a: Walking Wake|58\/100 brn|[from] Stealth Rock\n|-activate|p2a: Walking Wake|ability: Protosynthesis\n|-start|p2a: Walking Wake|protosynthesisspe\n|-terastallize|p1a: Skeledirge|Water\n|move|p1a: Skeledirge|Slack Off|p1a: Skeledirge\n|-heal|p1a: Skeledirge|99\/100\n|\n|-weather|SunnyDay|[upkeep]\n|-damage|p2a: Walking Wake|51\/100 brn|[from] brn\n|upkeep\n|turn|33\n|\n|t:|1700318961\n|move|p2a: Walking Wake|Draco Meteor|p1a: Skeledirge\n|-damage|p1a: Skeledirge|17\/100\n|-unboost|p2a: Walking Wake|spa|2\n|move|p1a: Skeledirge|Hex|p2a: Walking Wake\n|-damage|p2a: Walking Wake|0 fnt\n|faint|p2a: Walking Wake\n|-end|p2a: Walking Wake|Protosynthesis|[silent]\n|\n|-weather|SunnyDay|[upkeep]\n|upkeep\n|\n|t:|1700318963\n|switch|p2a: Lilligant|Lilligant-Hisui, F|100\/100\n|-damage|p2a: Lilligant|94\/100|[from] Stealth Rock\n|turn|34\n|\n|t:|1700318978\n|switch|p1a: Mandibuzz|Mandibuzz, F|73\/100\n|move|p2a: Lilligant|Solar Blade||[still]\n|-prepare|p2a: Lilligant|Solar Blade\n|-anim|p2a: Lilligant|Solar Blade|p1a: Mandibuzz\n|-resisted|p1a: Mandibuzz\n|-damage|p1a: Mandibuzz|46\/100\n|\n|-weather|SunnyDay|[upkeep]\n|upkeep\n|turn|35\n|\n|t:|1700318985\n|switch|p2a: Cinderace|Cinderace, M|100\/100\n|move|p1a: Mandibuzz|Roost|p1a: Mandibuzz\n|-heal|p1a: Mandibuzz|96\/100\n|-singleturn|p1a: Mandibuzz|move: Roost\n|\n|-weather|SunnyDay|[upkeep]\n|upkeep\n|turn|36\n|\n|t:|1700318995\n|move|p2a: Cinderace|Pyro Ball|p1a: Mandibuzz\n|-damage|p1a: Mandibuzz|52\/100\n|move|p1a: Mandibuzz|Iron Defense|p1a: Mandibuzz\n|-boost|p1a: Mandibuzz|def|2\n|\n|-weather|SunnyDay|[upkeep]\n|upkeep\n|turn|37\n|\n|t:|1700319001\n|move|p2a: Cinderace|Court Change|p2a: Cinderace\n|-swapsideconditions\n|-activate|p2a: Cinderace|move: Court Change\n|move|p1a: Mandibuzz|Roost|p1a: Mandibuzz\n|-heal|p1a: Mandibuzz|100\/100\n|-singleturn|p1a: Mandibuzz|move: Roost\n|\n|-weather|none\n|upkeep\n|turn|38\n|\n|t:|1700319003\n|move|p2a: Cinderace|Will-O-Wisp|p1a: Mandibuzz\n|-status|p1a: Mandibuzz|brn\n|move|p1a: Mandibuzz|Iron Defense|p1a: Mandibuzz\n|-boost|p1a: Mandibuzz|def|2\n|\n|-damage|p1a: Mandibuzz|94\/100 brn|[from] brn\n|upkeep\n|turn|39\n|\n|t:|1700319006\n|move|p2a: Cinderace|U-turn|p1a: Mandibuzz\n|-damage|p1a: Mandibuzz|91\/100 brn\n|\n|t:|1700319010\n|switch|p2a: Heatran|Heatran, F|100\/100|[from] U-turn\n|move|p1a: Mandibuzz|Iron Defense|p1a: Mandibuzz\n|-boost|p1a: Mandibuzz|def|2\n|\n|-damage|p1a: Mandibuzz|85\/100 brn|[from] brn\n|upkeep\n|turn|40\n|\n|t:|1700319036\n|move|p2a: Heatran|Magma Storm|p1a: Mandibuzz\n|-damage|p1a: Mandibuzz|48\/100 brn\n|-activate|p1a: Mandibuzz|move: Magma Storm|[of] p2a: Heatran\n|move|p1a: Mandibuzz|Knock Off|p2a: Heatran\n|-damage|p2a: Heatran|90\/100\n|-enditem|p2a: Heatran|Leftovers|[from] move: Knock Off|[of] p1a: Mandibuzz\n|\n|-damage|p1a: Mandibuzz|42\/100 brn|[from] brn\n|-damage|p1a: Mandibuzz|29\/100 brn|[from] move: Magma Storm|[partiallytrapped]\n|upkeep\n|turn|41\n|\n|t:|1700319040\n|move|p2a: Heatran|Taunt|p1a: Mandibuzz\n|-start|p1a: Mandibuzz|move: Taunt\n|cant|p1a: Mandibuzz|move: Taunt|Roost\n|\n|-damage|p1a: Mandibuzz|23\/100 brn|[from] brn\n|-damage|p1a: Mandibuzz|11\/100 brn|[from] move: Magma Storm|[partiallytrapped]\n|upkeep\n|turn|42\n|n|!MadDiddlez69|maddiddlez69\n|-message|MadDiddlez69 forfeited.\n|\n|win|Guy Maneth\n|raw|MadDiddlez69's rating: 1424 &rarr; <strong>1409<\/strong><br \/>(-15 for losing)\n|raw|Guy Maneth's rating: 1514 &rarr; <strong>1529<\/strong><br \/>(+15 for winning)\n|l|!MadDiddlez69\n","uploadtime":1700319056,"views":7,"p1id":"maddiddlez69","p2id":"guymaneth","formatid":"gen9ou","rating":1409,"private":0,"password":""}