{"id":"gen9ou-1988767292","p1":"TCHEN1","p2":"pochaccokun","format":"[Gen 9] OU","log":"|j|\u2606TCHEN1\n|j|\u2606pochaccokun\n|t:|1699760505\n|gametype|singles\n|player|p1|TCHEN1|266|1098\n|player|p2|pochaccokun|caitlin|1097\n|teamsize|p1|6\n|teamsize|p2|6\n|gen|9\n|tier|[Gen 9] OU\n|rated|\n|rule|Sleep Clause Mod: Limit one foe put to sleep\n|rule|Species Clause: Limit one of each Pok\u00e9mon\n|rule|OHKO Clause: OHKO moves are banned\n|rule|Evasion Items Clause: Evasion items are banned\n|rule|Evasion Moves Clause: Evasion moves are banned\n|rule|Endless Battle Clause: Forcing endless battles is banned\n|rule|HP Percentage Mod: HP is shown in percentages\n|clearpoke\n|poke|p1|Zamazenta-*|\n|poke|p1|Iron Valiant|\n|poke|p1|Great Tusk|\n|poke|p1|Dragapult, M|\n|poke|p1|Greninja-*, M|\n|poke|p1|Sneasler, M|\n|poke|p2|Ribombee, M|\n|poke|p2|Gliscor, M|\n|poke|p2|Gholdengo|\n|poke|p2|Garganacl, F|\n|poke|p2|Weavile, M|\n|poke|p2|Kingambit, F|\n|teampreview\n|\n|t:|1699760529\n|start\n|switch|p1a: Sneasler|Sneasler, M|100\/100\n|switch|p2a: Ribombee|Ribombee, M, shiny|100\/100\n|turn|1\n|\n|t:|1699760545\n|move|p1a: Sneasler|Swords Dance|p1a: Sneasler\n|-boost|p1a: Sneasler|atk|2\n|move|p2a: Ribombee|Psychic|p1a: Sneasler\n|-supereffective|p1a: Sneasler\n|-damage|p1a: Sneasler|0 fnt\n|faint|p1a: Sneasler\n|\n|upkeep\n|\n|t:|1699760566\n|switch|p1a: Greninja|Greninja, M|100\/100\n|turn|2\n|\n|t:|1699760575\n|move|p1a: Greninja|Surf|p2a: Ribombee\n|-damage|p2a: Ribombee|4\/100\n|-damage|p1a: Greninja|91\/100|[from] item: Life Orb\n|move|p2a: Ribombee|Stun Spore|p1a: Greninja\n|-status|p1a: Greninja|par\n|\n|upkeep\n|turn|3\n|\n|t:|1699760594\n|move|p2a: Ribombee|Moonblast|p1a: Greninja\n|-supereffective|p1a: Greninja\n|-damage|p1a: Greninja|0 fnt\n|faint|p1a: Greninja\n|\n|upkeep\n|\n|t:|1699760599\n|switch|p1a: Dragapult|Dragapult, M|100\/100\n|turn|4\n|\n|t:|1699760611\n|move|p1a: Dragapult|Psychic Fangs|p2a: Ribombee\n|-damage|p2a: Ribombee|0 fnt\n|faint|p2a: Ribombee\n|\n|upkeep\n|\n|t:|1699760623\n|switch|p2a: Garganacl|Garganacl, F|100\/100\n|turn|5\n|\n|t:|1699760646\n|move|p1a: Dragapult|Dragon Dance|p1a: Dragapult\n|-boost|p1a: Dragapult|atk|1\n|-boost|p1a: Dragapult|spe|1\n|move|p2a: Garganacl|Salt Cure|p1a: Dragapult\n|-damage|p1a: Dragapult|82\/100\n|-start|p1a: Dragapult|Salt Cure\n|\n|-heal|p1a: Dragapult|88\/100|[from] item: Leftovers\n|-damage|p1a: Dragapult|75\/100|[from] Salt Cure\n|upkeep\n|turn|6\n|\n|t:|1699760654\n|move|p1a: Dragapult|Dragon Dance|p1a: Dragapult\n|-boost|p1a: Dragapult|atk|1\n|-boost|p1a: Dragapult|spe|1\n|move|p2a: Garganacl|Stealth Rock|p1a: Dragapult\n|-sidestart|p1: TCHEN1|move: Stealth Rock\n|\n|-heal|p1a: Dragapult|81\/100|[from] item: Leftovers\n|-damage|p1a: Dragapult|69\/100|[from] Salt Cure\n|upkeep\n|turn|7\n|\n|t:|1699760671\n|move|p1a: Dragapult|Dragon Darts|p2a: Garganacl\n|-damage|p2a: Garganacl|74\/100\n|-anim|p1a: Dragapult|Dragon Darts|p2a: Garganacl\n|-damage|p2a: Garganacl|47\/100\n|move|p2a: Garganacl|Recover|p2a: Garganacl\n|-heal|p2a: Garganacl|97\/100\n|\n|-heal|p1a: Dragapult|75\/100|[from] item: Leftovers\n|-heal|p2a: Garganacl|100\/100|[from] item: Leftovers\n|-damage|p1a: Dragapult|63\/100|[from] Salt Cure\n|upkeep\n|turn|8\n|\n|t:|1699760681\n|move|p1a: Dragapult|Dragon Dance|p1a: Dragapult\n|-boost|p1a: Dragapult|atk|1\n|-boost|p1a: Dragapult|spe|1\n|move|p2a: Garganacl|Salt Cure|p1a: Dragapult\n|-damage|p1a: Dragapult|42\/100\n|\n|-heal|p1a: Dragapult|48\/100|[from] item: Leftovers\n|-damage|p1a: Dragapult|36\/100|[from] Salt Cure\n|upkeep\n|turn|9\n|\n|t:|1699760689\n|move|p1a: Dragapult|Dragon Dance|p1a: Dragapult\n|-boost|p1a: Dragapult|atk|1\n|-boost|p1a: Dragapult|spe|1\n|move|p2a: Garganacl|Salt Cure|p1a: Dragapult\n|-damage|p1a: Dragapult|17\/100\n|\n|-heal|p1a: Dragapult|23\/100|[from] item: Leftovers\n|-damage|p1a: Dragapult|10\/100|[from] Salt Cure\n|upkeep\n|turn|10\n|\n|t:|1699760698\n|move|p1a: Dragapult|Dragon Darts|p2a: Garganacl\n|-damage|p2a: Garganacl|59\/100\n|-anim|p1a: Dragapult|Dragon Darts|p2a: Garganacl\n|-damage|p2a: Garganacl|20\/100\n|move|p2a: Garganacl|Recover|p2a: Garganacl\n|-heal|p2a: Garganacl|70\/100\n|\n|-heal|p1a: Dragapult|16\/100|[from] item: Leftovers\n|-heal|p2a: Garganacl|76\/100|[from] item: Leftovers\n|-damage|p1a: Dragapult|4\/100|[from] Salt Cure\n|upkeep\n|turn|11\n|\n|t:|1699760712\n|move|p1a: Dragapult|Dragon Darts|p2a: Garganacl\n|-damage|p2a: Garganacl|34\/100\n|-anim|p1a: Dragapult|Dragon Darts|p2a: Garganacl\n|-damage|p2a: Garganacl|0 fnt\n|faint|p2a: Garganacl\n|\n|-heal|p1a: Dragapult|10\/100|[from] item: Leftovers\n|-damage|p1a: Dragapult|0 fnt|[from] Salt Cure\n|faint|p1a: Dragapult\n|upkeep\n|\n|t:|1699760795\n|switch|p1a: Great Tusk|Great Tusk|100\/100\n|switch|p2a: Gliscor|Gliscor, M|100\/100\n|-damage|p1a: Great Tusk|98\/100|[from] Stealth Rock\n|-enditem|p1a: Great Tusk|Booster Energy\n|-activate|p1a: Great Tusk|ability: Protosynthesis|[fromitem]\n|-start|p1a: Great Tusk|protosynthesisatk\n|turn|12\n|\n|t:|1699760806\n|-terastallize|p2a: Gliscor|Water\n|move|p1a: Great Tusk|Ice Spinner|p2a: Gliscor\n|-resisted|p2a: Gliscor\n|-damage|p2a: Gliscor|89\/100\n|move|p2a: Gliscor|Toxic|p1a: Great Tusk\n|-status|p1a: Great Tusk|tox\n|\n|-damage|p1a: Great Tusk|91\/100 tox|[from] psn\n|-status|p2a: Gliscor|tox|[from] item: Toxic Orb\n|upkeep\n|turn|13\n|l|\u2606TCHEN1\n|player|p1|\n|inactive|Battle timer is ON: inactive players will automatically lose when time's up. (requested by pochaccokun)\n|inactive|TCHEN1 has 30 seconds to reconnect!\n|inactive|TCHEN1 has 20 seconds to reconnect!\n|inactive|TCHEN1 has 15 seconds to reconnect!\n|inactive|TCHEN1 has 10 seconds to reconnect!\n|inactive|TCHEN1 has 5 seconds to reconnect!\n|-message|TCHEN1 lost due to inactivity.\n|\n|win|pochaccokun\n|raw|TCHEN1's rating: 1098 &rarr; <strong>1073<\/strong><br \/>(-25 for losing)\n|raw|pochaccokun's rating: 1097 &rarr; <strong>1123<\/strong><br \/>(+26 for winning)\n","uploadtime":1699760918,"views":19,"p1id":"tchen1","p2id":"pochaccokun","formatid":"gen9ou","rating":1073,"private":0,"password":""}