{"id":"gen9ou-1988696416","p1":"TheSilvySilv","p2":"JiR0k","format":"[Gen 9] OU","log":"|j|\u2606TheSilvySilv\n|j|\u2606JiR0k\n|t:|1699751818\n|gametype|singles\n|player|p1|TheSilvySilv|ghetsis|1735\n|player|p2|JiR0k|red|1735\n|teamsize|p1|6\n|teamsize|p2|6\n|gen|9\n|tier|[Gen 9] OU\n|rated|\n|rule|Sleep Clause Mod: Limit one foe put to sleep\n|rule|Species Clause: Limit one of each Pok\u00e9mon\n|rule|OHKO Clause: OHKO moves are banned\n|rule|Evasion Items Clause: Evasion items are banned\n|rule|Evasion Moves Clause: Evasion moves are banned\n|rule|Endless Battle Clause: Forcing endless battles is banned\n|rule|HP Percentage Mod: HP is shown in percentages\n|clearpoke\n|poke|p1|Rillaboom, M|\n|poke|p1|Heatran, F|\n|poke|p1|Sneasler, M|\n|poke|p1|Ogerpon-Wellspring, F|\n|poke|p1|Dragapult, M|\n|poke|p1|Hatterene, F|\n|poke|p2|Great Tusk|\n|poke|p2|Dondozo, F|\n|poke|p2|Slowking-Galar, M|\n|poke|p2|Rillaboom, M|\n|poke|p2|Iron Moth|\n|poke|p2|Zapdos|\n|teampreview\n|inactive|Battle timer is ON: inactive players will automatically lose when time's up. (requested by TheSilvySilv)\n|\n|t:|1699751834\n|start\n|switch|p1a: Drop a DracoTM|Dragapult, M|100\/100\n|switch|p2a: Zapdos|Zapdos|100\/100\n|turn|1\n|j| HotheadIsTheGoat\n|\n|t:|1699751839\n|move|p1a: Drop a DracoTM|Shadow Ball|p2a: Zapdos\n|-damage|p2a: Zapdos|54\/100\n|move|p2a: Zapdos|Hurricane|p1a: Drop a DracoTM\n|-damage|p1a: Drop a DracoTM|38\/100\n|-start|p1a: Drop a DracoTM|confusion\n|\n|upkeep\n|turn|2\n|\n|t:|1699751846\n|switch|p1a: DPP OU|Heatran, F|100\/100\n|move|p2a: Zapdos|Roost|p2a: Zapdos\n|-heal|p2a: Zapdos|100\/100\n|-singleturn|p2a: Zapdos|move: Roost\n|\n|upkeep\n|turn|3\n|\n|t:|1699751855\n|move|p2a: Zapdos|Volt Switch|p1a: DPP OU\n|-crit|p1a: DPP OU\n|-damage|p1a: DPP OU|69\/100\n|\n|t:|1699751859\n|switch|p2a: Great Tusk|Great Tusk|100\/100|[from] Volt Switch\n|move|p1a: DPP OU|Magma Storm|p2a: Great Tusk\n|-damage|p2a: Great Tusk|58\/100\n|-activate|p2a: Great Tusk|move: Magma Storm|[of] p1a: DPP OU\n|\n|-heal|p1a: DPP OU|75\/100|[from] item: Leftovers\n|-damage|p2a: Great Tusk|46\/100|[from] move: Magma Storm|[partiallytrapped]\n|upkeep\n|turn|4\n|\n|t:|1699751869\n|switch|p1a: Ima Hat|Hatterene, F|100\/100\n|move|p2a: Great Tusk|Earthquake|p1a: Ima Hat\n|-damage|p1a: Ima Hat|49\/100\n|\n|-end|p2a: Great Tusk|Magma Storm|[partiallytrapped]|[silent]\n|upkeep\n|turn|5\n|\n|t:|1699751875\n|switch|p1a: BOOM BOOM BOOM|Rillaboom, M|100\/100\n|-fieldstart|move: Grassy Terrain|[from] ability: Grassy Surge|[of] p1a: BOOM BOOM BOOM\n|move|p2a: Great Tusk|Earthquake|p1a: BOOM BOOM BOOM\n|-resisted|p1a: BOOM BOOM BOOM\n|-damage|p1a: BOOM BOOM BOOM|86\/100\n|\n|-heal|p1a: BOOM BOOM BOOM|92\/100|[from] Grassy Terrain\n|-heal|p2a: Great Tusk|52\/100|[from] Grassy Terrain\n|upkeep\n|turn|6\n|j| Criticos\n|\n|t:|1699751890\n|switch|p1a: HEY SQUIDWARD|Ogerpon-Wellspring, F|100\/100\n|-end|p2a: Great Tusk|Protosynthesis|[silent]\n|switch|p2a: Zapdos|Zapdos|100\/100\n|\n|upkeep\n|turn|7\n|\n|t:|1699751896\n|-terastallize|p1a: HEY SQUIDWARD|Water\n|detailschange|p1a: HEY SQUIDWARD|Ogerpon-Wellspring-Tera, F, tera:Water\n|-ability|p1a: HEY SQUIDWARD|Embody Aspect (Wellspring)|boost\n|-boost|p1a: HEY SQUIDWARD|spd|1\n|move|p1a: HEY SQUIDWARD|Swords Dance|p1a: HEY SQUIDWARD\n|-boost|p1a: HEY SQUIDWARD|atk|2\n|move|p2a: Zapdos|Hurricane|p1a: HEY SQUIDWARD|[miss]\n|-miss|p2a: Zapdos|p1a: HEY SQUIDWARD\n|\n|upkeep\n|turn|8\n|j| Tabata Tandemaus\n|\n|t:|1699751904\n|move|p1a: HEY SQUIDWARD|Ivy Cudgel|p2a: Zapdos\n|-damage|p2a: Zapdos|0 fnt\n|faint|p2a: Zapdos\n|\n|upkeep\n|\n|t:|1699751907\n|switch|p2a: Rillaboom|Rillaboom, M|100\/100\n|turn|9\n|j| dlc so insane\n|\n|t:|1699751914\n|move|p1a: HEY SQUIDWARD|Power Whip|p2a: Rillaboom\n|-resisted|p2a: Rillaboom\n|-damage|p2a: Rillaboom|21\/100\n|move|p2a: Rillaboom|U-turn|p1a: HEY SQUIDWARD\n|-damage|p1a: HEY SQUIDWARD|46\/100\n|j| Amamoto Rui\n|\n|t:|1699751934\n|switch|p2a: Iron Moth|Iron Moth|100\/100|[from] U-turn\n|-enditem|p2a: Iron Moth|Booster Energy\n|-activate|p2a: Iron Moth|ability: Quark Drive|[fromitem]\n|-start|p2a: Iron Moth|quarkdrivespe\n|\n|-heal|p1a: HEY SQUIDWARD|52\/100|[from] Grassy Terrain\n|-fieldend|move: Grassy Terrain\n|upkeep\n|turn|10\n|inactive|TheSilvySilv has 120 seconds left.\n|\n|t:|1699751968\n|move|p2a: Iron Moth|Sludge Wave|p1a: HEY SQUIDWARD\n|-damage|p1a: HEY SQUIDWARD|10\/100\n|move|p1a: HEY SQUIDWARD|Ivy Cudgel|p2a: Iron Moth\n|-supereffective|p2a: Iron Moth\n|-damage|p2a: Iron Moth|0 fnt\n|faint|p2a: Iron Moth\n|-end|p2a: Iron Moth|Quark Drive|[silent]\n|\n|upkeep\n|\n|t:|1699751981\n|switch|p2a: Rillaboom|Rillaboom, M|21\/100\n|-fieldstart|move: Grassy Terrain|[from] ability: Grassy Surge|[of] p2a: Rillaboom\n|turn|11\n|\n|t:|1699751990\n|switch|p1a: BOOM BOOM BOOM|Rillaboom, M|92\/100\n|move|p2a: Rillaboom|Grassy Glide|p1a: BOOM BOOM BOOM\n|-resisted|p1a: BOOM BOOM BOOM\n|-damage|p1a: BOOM BOOM BOOM|57\/100\n|\n|-heal|p1a: BOOM BOOM BOOM|64\/100|[from] Grassy Terrain\n|-heal|p2a: Rillaboom|27\/100|[from] Grassy Terrain\n|upkeep\n|turn|12\n|\n|t:|1699751999\n|switch|p2a: Slowking|Slowking-Galar, M|100\/100\n|move|p1a: BOOM BOOM BOOM|U-turn|p2a: Slowking\n|-damage|p2a: Slowking|72\/100\n|-damage|p1a: BOOM BOOM BOOM|54\/100|[from] item: Life Orb\n|\n|t:|1699752003\n|switch|p1a: HEY SQUIDWARD|Ogerpon-Wellspring-Tera, F, tera:Water|10\/100|[from] U-turn\n|-ability|p1a: HEY SQUIDWARD|Embody Aspect (Wellspring)|boost\n|-boost|p1a: HEY SQUIDWARD|spd|1\n|\n|-heal|p1a: HEY SQUIDWARD|16\/100|[from] Grassy Terrain\n|-heal|p2a: Slowking|78\/100|[from] Grassy Terrain\n|upkeep\n|turn|13\n|\n|t:|1699752012\n|move|p1a: HEY SQUIDWARD|Ivy Cudgel|p2a: Slowking\n|-damage|p2a: Slowking|2\/100\n|move|p2a: Slowking|Sludge Bomb|p1a: HEY SQUIDWARD\n|-crit|p1a: HEY SQUIDWARD\n|-damage|p1a: HEY SQUIDWARD|0 fnt\n|faint|p1a: HEY SQUIDWARD\n|\n|-heal|p2a: Slowking|8\/100|[from] Grassy Terrain\n|upkeep\n|\n|t:|1699752020\n|switch|p1a: Drop a DracoTM|Dragapult, M|38\/100\n|turn|14\n|\n|t:|1699752025\n|move|p1a: Drop a DracoTM|Shadow Ball|p2a: Slowking\n|-supereffective|p2a: Slowking\n|-damage|p2a: Slowking|0 fnt\n|faint|p2a: Slowking\n|\n|-heal|p1a: Drop a DracoTM|44\/100|[from] Grassy Terrain\n|upkeep\n|\n|t:|1699752034\n|switch|p2a: Rillaboom|Rillaboom, M|27\/100\n|turn|15\n|\n|t:|1699752042\n|switch|p1a: DPP OU|Heatran, F|75\/100\n|move|p2a: Rillaboom|U-turn|p1a: DPP OU\n|-resisted|p1a: DPP OU\n|-damage|p1a: DPP OU|66\/100\n|\n|t:|1699752047\n|switch|p2a: Great Tusk|Great Tusk|52\/100|[from] U-turn\n|\n|-heal|p2a: Great Tusk|58\/100|[from] Grassy Terrain\n|-heal|p1a: DPP OU|73\/100|[from] Grassy Terrain\n|-heal|p1a: DPP OU|79\/100|[from] item: Leftovers\n|-fieldend|move: Grassy Terrain\n|upkeep\n|turn|16\n|\n|t:|1699752056\n|move|p2a: Great Tusk|Earthquake|p1a: DPP OU\n|-supereffective|p1a: DPP OU\n|-damage|p1a: DPP OU|0 fnt\n|faint|p1a: DPP OU\n|\n|upkeep\n|\n|t:|1699752059\n|switch|p1a: Drop a DracoTM|Dragapult, M|44\/100\n|turn|17\n|\n|t:|1699752063\n|move|p1a: Drop a DracoTM|Draco Meteor|p2a: Great Tusk\n|-damage|p2a: Great Tusk|0 fnt\n|-unboost|p1a: Drop a DracoTM|spa|2\n|faint|p2a: Great Tusk\n|-end|p2a: Great Tusk|Protosynthesis|[silent]\n|\n|upkeep\n|\n|t:|1699752068\n|switch|p2a: Rillaboom|Rillaboom, M|27\/100\n|-fieldstart|move: Grassy Terrain|[from] ability: Grassy Surge|[of] p2a: Rillaboom\n|turn|18\n|\n|t:|1699752072\n|switch|p1a: Ima Hat|Hatterene, F|49\/100\n|-enditem|p1a: Ima Hat|Grassy Seed\n|-boost|p1a: Ima Hat|def|1|[from] item: Grassy Seed\n|move|p2a: Rillaboom|Knock Off|p1a: Ima Hat\n|-damage|p1a: Ima Hat|29\/100\n|\n|-heal|p2a: Rillaboom|33\/100|[from] Grassy Terrain\n|-heal|p1a: Ima Hat|35\/100|[from] Grassy Terrain\n|upkeep\n|turn|19\n|\n|t:|1699752081\n|switch|p2a: Dondozo|Dondozo, F|100\/100\n|move|p1a: Ima Hat|Draining Kiss|p2a: Dondozo\n|-damage|p2a: Dondozo|85\/100\n|-heal|p1a: Ima Hat|53\/100|[from] drain|[of] p2a: Dondozo\n|\n|-heal|p1a: Ima Hat|59\/100|[from] Grassy Terrain\n|-heal|p2a: Dondozo|91\/100|[from] Grassy Terrain\n|-heal|p2a: Dondozo|98\/100|[from] item: Leftovers\n|upkeep\n|turn|20\n|\n|t:|1699752085\n|switch|p2a: Rillaboom|Rillaboom, M|33\/100\n|move|p1a: Ima Hat|Calm Mind|p1a: Ima Hat\n|-boost|p1a: Ima Hat|spa|1\n|-boost|p1a: Ima Hat|spd|1\n|\n|-heal|p2a: Rillaboom|39\/100|[from] Grassy Terrain\n|-heal|p1a: Ima Hat|65\/100|[from] Grassy Terrain\n|upkeep\n|turn|21\n|\n|t:|1699752093\n|move|p2a: Rillaboom|U-turn|p1a: Ima Hat\n|-damage|p1a: Ima Hat|44\/100\n|\n|t:|1699752096\n|switch|p2a: Dondozo|Dondozo, F|98\/100|[from] U-turn\n|move|p1a: Ima Hat|Draining Kiss|p2a: Dondozo\n|-damage|p2a: Dondozo|82\/100\n|-heal|p1a: Ima Hat|62\/100|[from] drain|[of] p2a: Dondozo\n|\n|-heal|p1a: Ima Hat|68\/100|[from] Grassy Terrain\n|-heal|p2a: Dondozo|88\/100|[from] Grassy Terrain\n|-heal|p2a: Dondozo|94\/100|[from] item: Leftovers\n|upkeep\n|turn|22\n|\n|t:|1699752104\n|switch|p2a: Rillaboom|Rillaboom, M|39\/100\n|move|p1a: Ima Hat|Calm Mind|p1a: Ima Hat\n|-boost|p1a: Ima Hat|spa|1\n|-boost|p1a: Ima Hat|spd|1\n|\n|-heal|p2a: Rillaboom|45\/100|[from] Grassy Terrain\n|-heal|p1a: Ima Hat|74\/100|[from] Grassy Terrain\n|-fieldend|move: Grassy Terrain\n|upkeep\n|turn|23\n|\n|t:|1699752114\n|move|p2a: Rillaboom|Wood Hammer|p1a: Ima Hat\n|-damage|p1a: Ima Hat|18\/100\n|-damage|p2a: Rillaboom|30\/100|[from] Recoil\n|move|p1a: Ima Hat|Draining Kiss|p2a: Rillaboom\n|-damage|p2a: Rillaboom|0 fnt\n|-heal|p1a: Ima Hat|45\/100|[from] drain|[of] p2a: Rillaboom\n|faint|p2a: Rillaboom\n|\n|upkeep\n|\n|t:|1699752118\n|switch|p2a: Dondozo|Dondozo, F|94\/100\n|turn|24\n|\n|t:|1699752126\n|move|p1a: Ima Hat|Nuzzle|p2a: Dondozo\n|-supereffective|p2a: Dondozo\n|-damage|p2a: Dondozo|90\/100\n|-status|p2a: Dondozo|par\n|cant|p2a: Dondozo|par\n|\n|-heal|p2a: Dondozo|96\/100 par|[from] item: Leftovers\n|upkeep\n|turn|25\n|\n|t:|1699752133\n|move|p1a: Ima Hat|Calm Mind|p1a: Ima Hat\n|-boost|p1a: Ima Hat|spa|1\n|-boost|p1a: Ima Hat|spd|1\n|move|p2a: Dondozo|Curse|p2a: Dondozo\n|-unboost|p2a: Dondozo|spe|1\n|-boost|p2a: Dondozo|atk|1\n|-boost|p2a: Dondozo|def|1\n|\n|-heal|p2a: Dondozo|100\/100 par|[from] item: Leftovers\n|upkeep\n|turn|26\n|\n|t:|1699752142\n|move|p1a: Ima Hat|Stored Power|p2a: Dondozo\n|-damage|p2a: Dondozo|52\/100 par\n|cant|p2a: Dondozo|par\n|\n|-heal|p2a: Dondozo|59\/100 par|[from] item: Leftovers\n|upkeep\n|turn|27\n|c|\u2606TheSilvySilv|Gg wp\n|\n|t:|1699752158\n|-terastallize|p2a: Dondozo|Dark\n|move|p1a: Ima Hat|Stored Power|p2a: Dondozo\n|-immune|p2a: Dondozo\n|move|p2a: Dondozo|Rest|p2a: Dondozo\n|-status|p2a: Dondozo|slp|[from] move: Rest\n|-heal|p2a: Dondozo|100\/100 slp|[silent]\n|\n|upkeep\n|turn|28\n|\n|t:|1699752166\n|move|p1a: Ima Hat|Draining Kiss|p2a: Dondozo\n|-supereffective|p2a: Dondozo\n|-damage|p2a: Dondozo|68\/100 slp\n|-heal|p1a: Ima Hat|83\/100|[from] drain|[of] p2a: Dondozo\n|cant|p2a: Dondozo|slp\n|move|p2a: Dondozo|Sleep Talk|p2a: Dondozo\n|move|p2a: Dondozo|Rest||[from]move: Sleep Talk|[still]\n|-fail|p2a: Dondozo\n|\n|-heal|p2a: Dondozo|74\/100 slp|[from] item: Leftovers\n|upkeep\n|turn|29\n|c|\u2606TheSilvySilv|Damn cool\n|j| cvvyyuyu656ererw\n|\n|t:|1699752176\n|move|p1a: Ima Hat|Draining Kiss|p2a: Dondozo\n|-supereffective|p2a: Dondozo\n|-damage|p2a: Dondozo|43\/100 slp\n|-heal|p1a: Ima Hat|100\/100|[from] drain|[of] p2a: Dondozo\n|cant|p2a: Dondozo|slp\n|move|p2a: Dondozo|Sleep Talk|p2a: Dondozo\n|move|p2a: Dondozo|Waterfall|p1a: Ima Hat|[from]move: Sleep Talk\n|-crit|p1a: Ima Hat\n|-damage|p1a: Ima Hat|51\/100\n|\n|-heal|p2a: Dondozo|49\/100 slp|[from] item: Leftovers\n|upkeep\n|turn|30\n|\n|t:|1699752187\n|move|p1a: Ima Hat|Draining Kiss|p2a: Dondozo\n|-supereffective|p2a: Dondozo\n|-damage|p2a: Dondozo|15\/100 slp\n|-heal|p1a: Ima Hat|91\/100|[from] drain|[of] p2a: Dondozo\n|-curestatus|p2a: Dondozo|slp|[msg]\n|move|p2a: Dondozo|Rest|p2a: Dondozo\n|-status|p2a: Dondozo|slp|[from] move: Rest\n|-heal|p2a: Dondozo|100\/100 slp|[silent]\n|\n|upkeep\n|turn|31\n|\n|t:|1699752196\n|switch|p1a: 50%|Sneasler, M|100\/100\n|cant|p2a: Dondozo|slp\n|move|p2a: Dondozo|Sleep Talk|p2a: Dondozo\n|move|p2a: Dondozo|Waterfall|p1a: 50%|[from]move: Sleep Talk\n|-damage|p1a: 50%|24\/100\n|\n|upkeep\n|turn|32\n|\n|t:|1699752204\n|move|p1a: 50%|Close Combat|p2a: Dondozo\n|-supereffective|p2a: Dondozo\n|-damage|p2a: Dondozo|55\/100 slp\n|-unboost|p1a: 50%|def|1\n|-unboost|p1a: 50%|spd|1\n|cant|p2a: Dondozo|slp\n|move|p2a: Dondozo|Sleep Talk|p2a: Dondozo\n|move|p2a: Dondozo|Rest||[from]move: Sleep Talk|[still]\n|-fail|p2a: Dondozo\n|\n|-heal|p2a: Dondozo|61\/100 slp|[from] item: Leftovers\n|upkeep\n|turn|33\n|\n|t:|1699752214\n|move|p1a: 50%|Close Combat|p2a: Dondozo\n|-supereffective|p2a: Dondozo\n|-crit|p2a: Dondozo\n|-damage|p2a: Dondozo|0 fnt\n|-unboost|p1a: 50%|def|1\n|-unboost|p1a: 50%|spd|1\n|faint|p2a: Dondozo\n|\n|win|TheSilvySilv\n|raw|TheSilvySilv's rating: 1735 &rarr; <strong>1755<\/strong><br \/>(+20 for winning)\n|raw|JiR0k's rating: 1735 &rarr; <strong>1715<\/strong><br \/>(-20 for losing)\n|c|\u2606TheSilvySilv|Gg\n|c|\u2606JiR0k|gg\n","uploadtime":1699752220,"views":13,"p1id":"thesilvysilv","p2id":"jir0k","formatid":"gen9ou","rating":1715,"private":0,"password":""}