{"id":"gen9ou-1999399170","p1":"diemond35472","p2":"RUMYMOME","format":"[Gen 9] OU","log":"|j|\u2606diemond35472\n|j|\u2606RUMYMOME\n|inactive|Battle timer is ON: inactive players will automatically lose when time's up.\n|t:|1701073874\n|gametype|singles\n|player|p1|diemond35472|lance|\n|player|p2|RUMYMOME|marshal|\n|teamsize|p1|6\n|teamsize|p2|6\n|gen|9\n|tier|[Gen 9] OU\n|rated|Tournament battle\n|rule|Sleep Clause Mod: Limit one foe put to sleep\n|rule|Species Clause: Limit one of each Pok\u00e9mon\n|rule|OHKO Clause: OHKO moves are banned\n|rule|Evasion Items Clause: Evasion items are banned\n|rule|Evasion Moves Clause: Evasion moves are banned\n|rule|Endless Battle Clause: Forcing endless battles is banned\n|rule|HP Percentage Mod: HP is shown in percentages\n|rule|Category Swap Mod: All physical moves become special, and vice versa\n|rule|Flipped Mod: Pokemon have their stats flipped (HP becomes Spe, vice versa).\n|clearpoke\n|poke|p1|Infernape, M|\n|poke|p1|Fezandipiti, M|\n|poke|p1|Garganacl, M|\n|poke|p1|Moltres|\n|poke|p1|Landorus-Therian, M|\n|poke|p1|Goodra-Hisui, M|\n|poke|p2|Dragapult, M|\n|poke|p2|Ting-Lu|\n|poke|p2|Gholdengo|\n|poke|p2|Iron Hands|\n|poke|p2|Okidogi, M|\n|poke|p2|Braviary-Hisui, M|\n|teampreview\n|j|*Lady Monita \u2746\n|c|\u2606diemond35472|gl\n|inactive|diemond35472 has 120 seconds left.\n|c|\u2606RUMYMOME|Gl\n|\n|t:|1701073929\n|start\n|switch|p1a: Fezandipiti|Fezandipiti, M|100\/100\n|switch|p2a: Iron Hands|Iron Hands|100\/100\n|turn|1\n|\n|t:|1701073951\n|move|p2a: Iron Hands|Earthquake|p1a: Fezandipiti\n|-supereffective|p1a: Fezandipiti\n|-damage|p1a: Fezandipiti|52\/100\n|move|p1a: Fezandipiti|Sludge Bomb|p2a: Iron Hands\n|-damage|p2a: Iron Hands|41\/100\n|\n|-heal|p2a: Iron Hands|48\/100|[from] item: Leftovers\n|-heal|p1a: Fezandipiti|58\/100|[from] item: Leftovers\n|upkeep\n|turn|2\n|\n|t:|1701073959\n|move|p2a: Iron Hands|Earthquake|p1a: Fezandipiti\n|-supereffective|p1a: Fezandipiti\n|-damage|p1a: Fezandipiti|13\/100\n|move|p1a: Fezandipiti|Sludge Bomb|p2a: Iron Hands\n|-damage|p2a: Iron Hands|0 fnt\n|faint|p2a: Iron Hands\n|\n|-heal|p1a: Fezandipiti|20\/100|[from] item: Leftovers\n|upkeep\n|\n|t:|1701073965\n|switch|p2a: Gholdengo|Gholdengo|100\/100\n|turn|3\n|\n|t:|1701073971\n|move|p1a: Fezandipiti|U-turn|p2a: Gholdengo\n|-resisted|p2a: Gholdengo\n|-damage|p2a: Gholdengo|96\/100\n|\n|t:|1701073981\n|switch|p1a: Infernape|Infernape, M|100\/100|[from] U-turn\n|move|p2a: Gholdengo|Make It Rain|p1a: Infernape\n|-resisted|p1a: Infernape\n|-damage|p1a: Infernape|86\/100\n|-boost|p2a: Gholdengo|spa|1\n|\n|-heal|p2a: Gholdengo|100\/100|[from] item: Leftovers\n|-heal|p1a: Infernape|93\/100|[from] item: Leftovers\n|upkeep\n|turn|4\n|\n|t:|1701073989\n|move|p2a: Gholdengo|Poltergeist|p1a: Infernape\n|-activate|p1a: Infernape|move: Poltergeist|Leftovers\n|-damage|p1a: Infernape|50\/100\n|move|p1a: Infernape|Knock Off|p2a: Gholdengo\n|-supereffective|p2a: Gholdengo\n|-damage|p2a: Gholdengo|53\/100\n|-enditem|p2a: Gholdengo|Leftovers|[from] move: Knock Off|[of] p1a: Infernape\n|\n|-heal|p1a: Infernape|56\/100|[from] item: Leftovers\n|upkeep\n|turn|5\n|\n|t:|1701074004\n|move|p2a: Gholdengo|Recover|p2a: Gholdengo\n|-heal|p2a: Gholdengo|100\/100\n|move|p1a: Infernape|Slack Off|p1a: Infernape\n|-heal|p1a: Infernape|100\/100\n|\n|upkeep\n|turn|6\n|\n|t:|1701074011\n|switch|p1a: Landorus|Landorus-Therian, M|100\/100\n|move|p2a: Gholdengo|Make It Rain|p1a: Landorus\n|-damage|p1a: Landorus|58\/100\n|-boost|p2a: Gholdengo|spa|1\n|\n|upkeep\n|turn|7\n|\n|t:|1701074016\n|move|p1a: Landorus|Earthquake|p2a: Gholdengo\n|-supereffective|p2a: Gholdengo\n|-damage|p2a: Gholdengo|4\/100\n|move|p2a: Gholdengo|Poltergeist|p1a: Landorus\n|-activate|p1a: Landorus|move: Poltergeist|Heavy-Duty Boots\n|-damage|p1a: Landorus|20\/100\n|\n|upkeep\n|turn|8\n|\n|t:|1701074034\n|-terastallize|p2a: Gholdengo|Flying\n|move|p1a: Landorus|Stealth Rock|p2a: Gholdengo\n|-sidestart|p2: RUMYMOME|move: Stealth Rock\n|move|p2a: Gholdengo|Recover|p2a: Gholdengo\n|-heal|p2a: Gholdengo|54\/100\n|\n|upkeep\n|turn|9\n|\n|t:|1701074039\n|move|p1a: Landorus|U-turn|p2a: Gholdengo\n|-resisted|p2a: Gholdengo\n|-damage|p2a: Gholdengo|42\/100\n|\n|t:|1701074046\n|switch|p1a: Fezandipiti|Fezandipiti, M|20\/100|[from] U-turn\n|move|p2a: Gholdengo|Recover|p2a: Gholdengo\n|-heal|p2a: Gholdengo|92\/100\n|\n|-heal|p1a: Fezandipiti|26\/100|[from] item: Leftovers\n|upkeep\n|turn|10\n|\n|t:|1701074053\n|move|p1a: Fezandipiti|Sludge Bomb|p2a: Gholdengo\n|-damage|p2a: Gholdengo|55\/100\n|move|p2a: Gholdengo|Make It Rain|p1a: Fezandipiti\n|-supereffective|p1a: Fezandipiti\n|-damage|p1a: Fezandipiti|0 fnt\n|-boost|p2a: Gholdengo|spa|1\n|faint|p1a: Fezandipiti\n|\n|upkeep\n|\n|t:|1701074063\n|switch|p1a: Garganacl|Garganacl, M|100\/100\n|turn|11\n|\n|t:|1701074068\n|move|p1a: Garganacl|Stone Edge|p2a: Gholdengo\n|-supereffective|p2a: Gholdengo\n|-crit|p2a: Gholdengo\n|-damage|p2a: Gholdengo|0 fnt\n|faint|p2a: Gholdengo\n|\n|upkeep\n|\n|t:|1701074072\n|switch|p2a: Dragapult|Dragapult, M|100\/100\n|-damage|p2a: Dragapult|88\/100|[from] Stealth Rock\n|turn|12\n|\n|t:|1701074076\n|move|p1a: Garganacl|Stone Edge|p2a: Dragapult\n|-damage|p2a: Dragapult|46\/100\n|move|p2a: Dragapult|Will-O-Wisp|p1a: Garganacl\n|-status|p1a: Garganacl|brn\n|\n|-heal|p2a: Dragapult|52\/100|[from] item: Leftovers\n|-damage|p1a: Garganacl|94\/100 brn|[from] brn\n|upkeep\n|turn|13\n|\n|t:|1701074084\n|switch|p1a: Landorus|Landorus-Therian, M|20\/100\n|move|p2a: Dragapult|Draco Meteor|p1a: Landorus\n|-damage|p1a: Landorus|0 fnt\n|-boost|p2a: Dragapult|spa|2\n|faint|p1a: Landorus\n|\n|-heal|p2a: Dragapult|58\/100|[from] item: Leftovers\n|upkeep\n|\n|t:|1701074094\n|switch|p1a: Infernape|Infernape, M|100\/100\n|turn|14\n|\n|t:|1701074099\n|move|p2a: Dragapult|Psychic Fangs|p1a: Infernape\n|-supereffective|p1a: Infernape\n|-damage|p1a: Infernape|50\/100\n|move|p1a: Infernape|Knock Off|p2a: Dragapult\n|-supereffective|p2a: Dragapult\n|-damage|p2a: Dragapult|42\/100\n|-enditem|p2a: Dragapult|Leftovers|[from] move: Knock Off|[of] p1a: Infernape\n|\n|-heal|p1a: Infernape|56\/100|[from] item: Leftovers\n|upkeep\n|turn|15\n|\n|t:|1701074111\n|switch|p1a: Moltres|Moltres|100\/100\n|move|p2a: Dragapult|Psychic Fangs|p1a: Moltres\n|-damage|p1a: Moltres|71\/100\n|\n|upkeep\n|turn|16\n|\n|t:|1701074118\n|move|p1a: Moltres|Air Slash|p2a: Dragapult\n|-damage|p2a: Dragapult|29\/100\n|move|p2a: Dragapult|Dragon Darts|p1a: Moltres\n|-damage|p1a: Moltres|46\/100\n|-anim|p2a: Dragapult|Dragon Darts|p1a: Moltres\n|-damage|p1a: Moltres|21\/100\n|\n|upkeep\n|turn|17\n|\n|t:|1701074123\n|move|p1a: Moltres|Air Slash|p2a: Dragapult\n|-damage|p2a: Dragapult|17\/100\n|cant|p2a: Dragapult|flinch\n|\n|upkeep\n|turn|18\n|\n|t:|1701074131\n|move|p1a: Moltres|Air Slash|p2a: Dragapult\n|-damage|p2a: Dragapult|4\/100\n|move|p2a: Dragapult|Dragon Darts|p1a: Moltres\n|-damage|p1a: Moltres|0 fnt\n|faint|p1a: Moltres\n|\n|upkeep\n|\n|t:|1701074144\n|switch|p1a: Garganacl|Garganacl, M|94\/100 brn\n|turn|19\n|\n|t:|1701074149\n|move|p1a: Garganacl|Ice Punch|p2a: Dragapult\n|-supereffective|p2a: Dragapult\n|-damage|p2a: Dragapult|0 fnt\n|faint|p2a: Dragapult\n|\n|-damage|p1a: Garganacl|88\/100 brn|[from] brn\n|upkeep\n|\n|t:|1701074154\n|switch|p2a: Okidogi|Okidogi, M|100\/100\n|-damage|p2a: Okidogi|94\/100|[from] Stealth Rock\n|turn|20\n|\n|t:|1701074157\n|move|p1a: Garganacl|Ice Punch|p2a: Okidogi\n|-damage|p2a: Okidogi|62\/100\n|move|p2a: Okidogi|Superpower|p1a: Garganacl\n|-supereffective|p1a: Garganacl\n|-damage|p1a: Garganacl|0 fnt\n|-boost|p2a: Okidogi|atk|1\n|-boost|p2a: Okidogi|def|1\n|faint|p1a: Garganacl\n|\n|upkeep\n|\n|t:|1701074161\n|switch|p1a: Infernape|Infernape, M|56\/100\n|turn|21\n|\n|t:|1701074183\n|move|p2a: Okidogi|Superpower|p1a: Infernape\n|-crit|p1a: Infernape\n|-damage|p1a: Infernape|0 fnt\n|-boost|p2a: Okidogi|atk|1\n|-boost|p2a: Okidogi|def|1\n|faint|p1a: Infernape\n|\n|upkeep\n|c|\u2606diemond35472|gg\n|\n|t:|1701074188\n|switch|p1a: Goodra|Goodra-Hisui, M|100\/100\n|turn|22\n|\n|t:|1701074194\n|-terastallize|p1a: Goodra|Fairy\n|move|p2a: Okidogi|Superpower|p1a: Goodra\n|-resisted|p1a: Goodra\n|-damage|p1a: Goodra|77\/100\n|-boost|p2a: Okidogi|atk|1\n|-boost|p2a: Okidogi|def|1\n|move|p1a: Goodra|Draco Meteor|p2a: Okidogi\n|-crit|p2a: Okidogi\n|-damage|p2a: Okidogi|0 fnt\n|-boost|p1a: Goodra|spa|2\n|faint|p2a: Okidogi\n|\n|-heal|p1a: Goodra|84\/100|[from] item: Leftovers\n|upkeep\n|\n|t:|1701074206\n|switch|p2a: Ting-Lu|Ting-Lu|100\/100\n|-damage|p2a: Ting-Lu|94\/100|[from] Stealth Rock\n|turn|23\n|\n|t:|1701074214\n|move|p1a: Goodra|Protect|p1a: Goodra\n|-singleturn|p1a: Goodra|Protect\n|move|p2a: Ting-Lu|Earthquake|p1a: Goodra\n|-activate|p1a: Goodra|move: Protect\n|\n|-heal|p2a: Ting-Lu|100\/100|[from] item: Leftovers\n|-heal|p1a: Goodra|90\/100|[from] item: Leftovers\n|upkeep\n|turn|24\n|\n|t:|1701074220\n|move|p2a: Ting-Lu|Earthquake|p1a: Goodra\n|-damage|p1a: Goodra|43\/100\n|move|p1a: Goodra|Draco Meteor|p2a: Ting-Lu\n|-damage|p2a: Ting-Lu|0 fnt\n|-boost|p1a: Goodra|spa|2\n|faint|p2a: Ting-Lu\n|\n|-heal|p1a: Goodra|50\/100|[from] item: Leftovers\n|upkeep\n|\n|t:|1701074224\n|switch|p2a: Braviary|Braviary-Hisui, M|100\/100\n|-damage|p2a: Braviary|76\/100|[from] Stealth Rock\n|turn|25\n|\n|t:|1701074231\n|move|p1a: Goodra|Protect|p1a: Goodra\n|-singleturn|p1a: Goodra|Protect\n|move|p2a: Braviary|Superpower|p1a: Goodra\n|-activate|p1a: Goodra|move: Protect\n|\n|-heal|p2a: Braviary|82\/100|[from] item: Leftovers\n|-heal|p1a: Goodra|56\/100|[from] item: Leftovers\n|upkeep\n|turn|26\n|\n|t:|1701074234\n|move|p2a: Braviary|Superpower|p1a: Goodra\n|-resisted|p1a: Goodra\n|-damage|p1a: Goodra|45\/100\n|-boost|p2a: Braviary|atk|1\n|-boost|p2a: Braviary|def|1\n|move|p1a: Goodra|Outrage|p2a: Braviary\n|-damage|p2a: Braviary|0 fnt\n|faint|p2a: Braviary\n|\n|win|diemond35472\n|n|\u2606diemond35472|diemond35472\n|n|\u2606RUMYMOME|rumymome\n|n|*Lady Monita \u2746|ladymonita\n","uploadtime":1701074236,"views":2,"p1id":"diemond35472","p2id":"rumymome","formatid":"gen9ou","rating":0,"private":0,"password":""}