{"id":"gen9ou-1991702745","p1":"ZVGJKY","p2":"Ivan9plus","format":"[Gen 9] OU","log":"|j|\u2606ZVGJKY\n|j|\u2606Ivan9plus\n|t:|1700104533\n|gametype|singles\n|player|p1|ZVGJKY|2|1107\n|player|p2|Ivan9plus|lucas|1067\n|teamsize|p1|6\n|teamsize|p2|6\n|gen|9\n|tier|[Gen 9] OU\n|rated|\n|rule|Sleep Clause Mod: Limit one foe put to sleep\n|rule|Species Clause: Limit one of each Pok\u00e9mon\n|rule|OHKO Clause: OHKO moves are banned\n|rule|Evasion Items Clause: Evasion items are banned\n|rule|Evasion Moves Clause: Evasion moves are banned\n|rule|Endless Battle Clause: Forcing endless battles is banned\n|rule|HP Percentage Mod: HP is shown in percentages\n|clearpoke\n|poke|p1|Ogerpon-Wellspring, F|\n|poke|p1|Zapdos|\n|poke|p1|Great Tusk|\n|poke|p1|Dragapult, M|\n|poke|p1|Iron Valiant|\n|poke|p1|Slowking-Galar, M|\n|poke|p2|Sandaconda, F|\n|poke|p2|Okidogi, M|\n|poke|p2|Volcanion|\n|poke|p2|Scizor, F|\n|poke|p2|Sinistcha|\n|poke|p2|Torkoal, M|\n|teampreview\n|\n|t:|1700104538\n|start\n|switch|p1a: Great Tusk|Great Tusk|100\/100\n|switch|p2a: Torkoal|Torkoal, M|100\/100\n|-weather|SunnyDay|[from] ability: Drought|[of] p2a: Torkoal\n|-activate|p1a: Great Tusk|ability: Protosynthesis\n|-start|p1a: Great Tusk|protosynthesisdef\n|turn|1\n|\n|t:|1700104552\n|move|p1a: Great Tusk|Earthquake|p2a: Torkoal\n|-supereffective|p2a: Torkoal\n|-damage|p2a: Torkoal|41\/100\n|move|p2a: Torkoal|Stealth Rock|p1a: Great Tusk\n|-sidestart|p1: ZVGJKY|move: Stealth Rock\n|\n|-weather|SunnyDay|[upkeep]\n|-heal|p2a: Torkoal|47\/100|[from] item: Leftovers\n|upkeep\n|turn|2\n|\n|t:|1700104565\n|switch|p2a: Sinistcha|Sinistcha|100\/100\n|move|p1a: Great Tusk|Stealth Rock|p2a: Sinistcha\n|-sidestart|p2: Ivan9plus|move: Stealth Rock\n|\n|-weather|SunnyDay|[upkeep]\n|upkeep\n|turn|3\n|\n|t:|1700104576\n|-end|p1a: Great Tusk|Protosynthesis|[silent]\n|switch|p1a: Slowking|Slowking-Galar, M|100\/100\n|move|p2a: Sinistcha|Calm Mind|p2a: Sinistcha\n|-boost|p2a: Sinistcha|spa|1\n|-boost|p2a: Sinistcha|spd|1\n|\n|-weather|SunnyDay|[upkeep]\n|upkeep\n|turn|4\n|\n|t:|1700104584\n|move|p2a: Sinistcha|Shadow Ball|p1a: Slowking\n|-supereffective|p1a: Slowking\n|-damage|p1a: Slowking|38\/100\n|move|p1a: Slowking|Chilly Reception|p1a: Slowking\n|-weather|Snow\n|\n|t:|1700104590\n|switch|p1a: Zapdos|Zapdos|100\/100|[from] Chilly Reception\n|\n|-weather|Snow|[upkeep]\n|upkeep\n|turn|5\n|inactive|Battle timer is ON: inactive players will automatically lose when time's up. (requested by ZVGJKY)\n|\n|t:|1700104620\n|switch|p2a: Torkoal|Torkoal, M|47\/100\n|-damage|p2a: Torkoal|22\/100|[from] Stealth Rock\n|-weather|SunnyDay|[from] ability: Drought|[of] p2a: Torkoal\n|move|p1a: Zapdos|Hurricane|p2a: Torkoal\n|-damage|p2a: Torkoal|0 fnt\n|faint|p2a: Torkoal\n|\n|-weather|SunnyDay|[upkeep]\n|upkeep\n|inactive|Ivan9plus has 120 seconds left.\n|\n|t:|1700104651\n|switch|p2a: Sandaconda|Sandaconda, F|100\/100\n|-damage|p2a: Sandaconda|94\/100|[from] Stealth Rock\n|turn|6\n|inactive|Ivan9plus has 120 seconds left.\n|\n|t:|1700104665\n|move|p1a: Zapdos|U-turn|p2a: Sandaconda\n|-damage|p2a: Sandaconda|83\/100\n|\n|t:|1700104667\n|switch|p1a: Great Tusk|Great Tusk|100\/100|[from] U-turn\n|-damage|p1a: Great Tusk|97\/100|[from] Stealth Rock\n|-activate|p1a: Great Tusk|ability: Protosynthesis\n|-start|p1a: Great Tusk|protosynthesisdef\n|move|p2a: Sandaconda|Coil|p2a: Sandaconda\n|-boost|p2a: Sandaconda|atk|1\n|-boost|p2a: Sandaconda|def|1\n|-boost|p2a: Sandaconda|accuracy|1\n|\n|-weather|SunnyDay|[upkeep]\n|-heal|p1a: Great Tusk|100\/100|[from] item: Leftovers\n|-heal|p2a: Sandaconda|89\/100|[from] item: Leftovers\n|upkeep\n|turn|7\n|\n|t:|1700104680\n|move|p1a: Great Tusk|Rapid Spin|p2a: Sandaconda\n|-damage|p2a: Sandaconda|80\/100\n|-boost|p1a: Great Tusk|spe|1\n|-sideend|p1: ZVGJKY|Stealth Rock|[from] move: Rapid Spin|[of] p1a: Great Tusk\n|move|p2a: Sandaconda|Coil|p2a: Sandaconda\n|-boost|p2a: Sandaconda|atk|1\n|-boost|p2a: Sandaconda|def|1\n|-boost|p2a: Sandaconda|accuracy|1\n|\n|-weather|SunnyDay|[upkeep]\n|-heal|p2a: Sandaconda|86\/100|[from] item: Leftovers\n|upkeep\n|turn|8\n|\n|t:|1700104691\n|-end|p1a: Great Tusk|Protosynthesis|[silent]\n|switch|p1a: Ogerpon|Ogerpon-Wellspring, F|100\/100\n|move|p2a: Sandaconda|Coil|p2a: Sandaconda\n|-boost|p2a: Sandaconda|atk|1\n|-boost|p2a: Sandaconda|def|1\n|-boost|p2a: Sandaconda|accuracy|1\n|\n|-weather|SunnyDay|[upkeep]\n|-heal|p2a: Sandaconda|92\/100|[from] item: Leftovers\n|upkeep\n|turn|9\n|inactive|Ivan9plus has 120 seconds left.\n|\n|t:|1700104708\n|-terastallize|p2a: Sandaconda|Dragon\n|move|p1a: Ogerpon|Swords Dance|p1a: Ogerpon\n|-boost|p1a: Ogerpon|atk|2\n|move|p2a: Sandaconda|Stone Edge|p1a: Ogerpon\n|-damage|p1a: Ogerpon|0 fnt\n|faint|p1a: Ogerpon\n|\n|-weather|none\n|-heal|p2a: Sandaconda|98\/100|[from] item: Leftovers\n|upkeep\n|\n|t:|1700104713\n|switch|p1a: Dragapult|Dragapult, M|100\/100\n|turn|10\n|\n|t:|1700104722\n|move|p1a: Dragapult|Draco Meteor|p2a: Sandaconda\n|-supereffective|p2a: Sandaconda\n|-damage|p2a: Sandaconda|0 fnt\n|-unboost|p1a: Dragapult|spa|2\n|faint|p2a: Sandaconda\n|\n|upkeep\n|\n|t:|1700104736\n|switch|p2a: Scizor|Scizor, F|100\/100\n|turn|11\n|\n|t:|1700104742\n|switch|p1a: Great Tusk|Great Tusk|100\/100\n|move|p2a: Scizor|Swords Dance|p2a: Scizor\n|-boost|p2a: Scizor|atk|2\n|\n|upkeep\n|turn|12\n|\n|t:|1700104754\n|move|p1a: Great Tusk|Earthquake|p2a: Scizor\n|-damage|p2a: Scizor|55\/100\n|move|p2a: Scizor|U-turn|p1a: Great Tusk\n|-resisted|p1a: Great Tusk\n|-damage|p1a: Great Tusk|80\/100\n|\n|t:|1700104762\n|switch|p2a: Sinistcha|Sinistcha|100\/100|[from] U-turn\n|-damage|p2a: Sinistcha|88\/100|[from] Stealth Rock\n|\n|-heal|p1a: Great Tusk|86\/100|[from] item: Leftovers\n|-heal|p2a: Sinistcha|94\/100|[from] item: Leftovers\n|upkeep\n|turn|13\n|\n|t:|1700104777\n|-end|p1a: Great Tusk|Protosynthesis|[silent]\n|switch|p1a: Zapdos|Zapdos|100\/100\n|move|p2a: Sinistcha|Shadow Ball|p1a: Zapdos\n|-damage|p1a: Zapdos|70\/100\n|\n|-heal|p2a: Sinistcha|99\/100|[from] item: Leftovers\n|upkeep\n|turn|14\n|\n|t:|1700104786\n|move|p1a: Zapdos|Hurricane|p2a: Sinistcha|[miss]\n|-miss|p1a: Zapdos|p2a: Sinistcha\n|move|p2a: Sinistcha|Strength Sap|p1a: Zapdos\n|-unboost|p1a: Zapdos|atk|1\n|-heal|p2a: Sinistcha|100\/100\n|\n|upkeep\n|turn|15\n|\n|t:|1700104794\n|move|p1a: Zapdos|Hurricane|p2a: Sinistcha\n|-supereffective|p2a: Sinistcha\n|-damage|p2a: Sinistcha|20\/100\n|-start|p2a: Sinistcha|confusion\n|-activate|p2a: Sinistcha|confusion\n|move|p2a: Sinistcha|Calm Mind|p2a: Sinistcha\n|-boost|p2a: Sinistcha|spa|1\n|-boost|p2a: Sinistcha|spd|1\n|\n|-heal|p2a: Sinistcha|26\/100|[from] item: Leftovers\n|upkeep\n|turn|16\n|\n|t:|1700104804\n|move|p1a: Zapdos|Hurricane|p2a: Sinistcha|[miss]\n|-miss|p1a: Zapdos|p2a: Sinistcha\n|-activate|p2a: Sinistcha|confusion\n|move|p2a: Sinistcha|Strength Sap|p1a: Zapdos\n|-unboost|p1a: Zapdos|atk|1\n|-heal|p2a: Sinistcha|65\/100\n|\n|-heal|p2a: Sinistcha|71\/100|[from] item: Leftovers\n|upkeep\n|turn|17\n|\n|t:|1700104817\n|move|p1a: Zapdos|Hurricane|p2a: Sinistcha|[miss]\n|-miss|p1a: Zapdos|p2a: Sinistcha\n|-activate|p2a: Sinistcha|confusion\n|move|p2a: Sinistcha|Strength Sap|p1a: Zapdos\n|-unboost|p1a: Zapdos|atk|1\n|-heal|p2a: Sinistcha|100\/100\n|\n|upkeep\n|turn|18\n|\n|t:|1700104826\n|move|p1a: Zapdos|Hurricane|p2a: Sinistcha\n|-supereffective|p2a: Sinistcha\n|-damage|p2a: Sinistcha|46\/100\n|-activate|p2a: Sinistcha|confusion\n|move|p2a: Sinistcha|Calm Mind|p2a: Sinistcha\n|-boost|p2a: Sinistcha|spa|1\n|-boost|p2a: Sinistcha|spd|1\n|\n|-heal|p2a: Sinistcha|52\/100|[from] item: Leftovers\n|upkeep\n|turn|19\n|\n|t:|1700104834\n|move|p1a: Zapdos|U-turn|p2a: Sinistcha\n|-damage|p2a: Sinistcha|47\/100\n|\n|t:|1700104836\n|switch|p1a: Iron Valiant|Iron Valiant|100\/100|[from] U-turn\n|-enditem|p1a: Iron Valiant|Booster Energy\n|-activate|p1a: Iron Valiant|ability: Quark Drive|[fromitem]\n|-start|p1a: Iron Valiant|quarkdrivespe\n|-end|p2a: Sinistcha|confusion\n|move|p2a: Sinistcha|Strength Sap|p1a: Iron Valiant\n|-unboost|p1a: Iron Valiant|atk|1\n|-heal|p2a: Sinistcha|100\/100\n|\n|upkeep\n|turn|20\n|\n|t:|1700104858\n|move|p1a: Iron Valiant|Encore|p2a: Sinistcha\n|-start|p2a: Sinistcha|Encore\n|move|p2a: Sinistcha|Strength Sap|p1a: Iron Valiant\n|-unboost|p1a: Iron Valiant|atk|1\n|\n|upkeep\n|turn|21\n|\n|t:|1700104864\n|move|p1a: Iron Valiant|Swords Dance|p1a: Iron Valiant\n|-boost|p1a: Iron Valiant|atk|2\n|move|p2a: Sinistcha|Strength Sap|p1a: Iron Valiant\n|-unboost|p1a: Iron Valiant|atk|1\n|\n|upkeep\n|turn|22\n|\n|t:|1700104870\n|move|p1a: Iron Valiant|Swords Dance|p1a: Iron Valiant\n|-boost|p1a: Iron Valiant|atk|2\n|move|p2a: Sinistcha|Strength Sap|p1a: Iron Valiant\n|-unboost|p1a: Iron Valiant|atk|1\n|\n|-end|p2a: Sinistcha|Encore\n|upkeep\n|turn|23\n|\n|t:|1700104879\n|move|p1a: Iron Valiant|Encore|p2a: Sinistcha\n|-start|p2a: Sinistcha|Encore\n|move|p2a: Sinistcha|Strength Sap|p1a: Iron Valiant\n|-unboost|p1a: Iron Valiant|atk|1\n|\n|upkeep\n|turn|24\n|\n|t:|1700104889\n|switch|p2a: Okidogi|Okidogi, M|100\/100\n|-damage|p2a: Okidogi|94\/100|[from] Stealth Rock\n|move|p1a: Iron Valiant|Swords Dance|p1a: Iron Valiant\n|-boost|p1a: Iron Valiant|atk|2\n|\n|-heal|p2a: Okidogi|100\/100|[from] item: Leftovers\n|upkeep\n|turn|25\n|\n|t:|1700104909\n|-end|p1a: Iron Valiant|Quark Drive|[silent]\n|switch|p1a: Great Tusk|Great Tusk|86\/100\n|move|p2a: Okidogi|Gunk Shot|p1a: Great Tusk\n|-resisted|p1a: Great Tusk\n|-damage|p1a: Great Tusk|66\/100\n|\n|-heal|p1a: Great Tusk|72\/100|[from] item: Leftovers\n|upkeep\n|turn|26\n|\n|t:|1700104929\n|switch|p2a: Volcanion|Volcanion|100\/100\n|-damage|p2a: Volcanion|76\/100|[from] Stealth Rock\n|move|p1a: Great Tusk|Ice Spinner|p2a: Volcanion\n|-resisted|p2a: Volcanion\n|-damage|p2a: Volcanion|72\/100\n|\n|-heal|p1a: Great Tusk|79\/100|[from] item: Leftovers\n|upkeep\n|turn|27\n|inactive|Ivan9plus has 120 seconds left.\n|\n|t:|1700104946\n|-end|p1a: Great Tusk|Protosynthesis|[silent]\n|switch|p1a: Slowking|Slowking-Galar, M|71\/100\n|move|p2a: Volcanion|Steam Eruption|p1a: Slowking\n|-damage|p1a: Slowking|31\/100\n|-status|p1a: Slowking|brn\n|\n|-damage|p1a: Slowking|25\/100 brn|[from] brn\n|upkeep\n|turn|28\n|inactive|Ivan9plus has 120 seconds left.\n|\n|t:|1700104961\n|move|p2a: Volcanion|Flamethrower|p1a: Slowking\n|-damage|p1a: Slowking|0 fnt\n|faint|p1a: Slowking\n|\n|upkeep\n|\n|t:|1700104965\n|switch|p1a: Dragapult|Dragapult, M|100\/100\n|turn|29\n|inactive|Ivan9plus has 120 seconds left.\n|\n|t:|1700104978\n|switch|p2a: Scizor|Scizor, F|55\/100\n|move|p1a: Dragapult|Shadow Ball|p2a: Scizor\n|-damage|p2a: Scizor|0 fnt\n|faint|p2a: Scizor\n|\n|upkeep\n|inactive|Ivan9plus has 120 seconds left.\n|\n|t:|1700104989\n|switch|p2a: Volcanion|Volcanion|72\/100\n|-damage|p2a: Volcanion|47\/100|[from] Stealth Rock\n|turn|30\n|inactive|Ivan9plus has 120 seconds left.\n|\n|t:|1700104998\n|move|p1a: Dragapult|Shadow Ball|p2a: Volcanion\n|-damage|p2a: Volcanion|11\/100\n|-unboost|p2a: Volcanion|spd|1\n|move|p2a: Volcanion|Steam Eruption|p1a: Dragapult\n|-resisted|p1a: Dragapult\n|-damage|p1a: Dragapult|61\/100\n|\n|upkeep\n|turn|31\n|\n|t:|1700105007\n|move|p1a: Dragapult|Shadow Ball|p2a: Volcanion\n|-damage|p2a: Volcanion|0 fnt\n|faint|p2a: Volcanion\n|\n|upkeep\n|\n|t:|1700105014\n|switch|p2a: Okidogi|Okidogi, M|100\/100\n|-damage|p2a: Okidogi|94\/100|[from] Stealth Rock\n|turn|32\n|\n|t:|1700105019\n|move|p1a: Dragapult|Shadow Ball|p2a: Okidogi\n|-damage|p2a: Okidogi|43\/100\n|move|p2a: Okidogi|Knock Off|p1a: Dragapult\n|-supereffective|p1a: Dragapult\n|-damage|p1a: Dragapult|0 fnt\n|-enditem|p1a: Dragapult|Choice Specs|[from] move: Knock Off|[of] p2a: Okidogi\n|faint|p1a: Dragapult\n|\n|-heal|p2a: Okidogi|49\/100|[from] item: Leftovers\n|upkeep\n|\n|t:|1700105029\n|switch|p1a: Zapdos|Zapdos|70\/100\n|turn|33\n|\n|t:|1700105036\n|move|p1a: Zapdos|Hurricane|p2a: Okidogi|[miss]\n|-miss|p1a: Zapdos|p2a: Okidogi\n|move|p2a: Okidogi|Gunk Shot|p1a: Zapdos\n|-damage|p1a: Zapdos|20\/100\n|\n|-heal|p2a: Okidogi|55\/100|[from] item: Leftovers\n|upkeep\n|turn|34\n|\n|t:|1700105048\n|move|p1a: Zapdos|Hurricane|p2a: Okidogi|[miss]\n|-miss|p1a: Zapdos|p2a: Okidogi\n|move|p2a: Okidogi|Knock Off|p1a: Zapdos\n|-damage|p1a: Zapdos|0 fnt\n|-status|p2a: Okidogi|par|[from] ability: Static|[of] p1a: Zapdos\n|-enditem|p1a: Zapdos|Heavy-Duty Boots|[from] move: Knock Off|[of] p2a: Okidogi\n|faint|p1a: Zapdos\n|\n|-heal|p2a: Okidogi|61\/100 par|[from] item: Leftovers\n|upkeep\n|\n|t:|1700105055\n|switch|p1a: Great Tusk|Great Tusk|79\/100\n|turn|35\n|\n|t:|1700105062\n|switch|p2a: Sinistcha|Sinistcha|100\/100\n|-damage|p2a: Sinistcha|88\/100|[from] Stealth Rock\n|move|p1a: Great Tusk|Earthquake|p2a: Sinistcha\n|-resisted|p2a: Sinistcha\n|-damage|p2a: Sinistcha|67\/100\n|\n|-heal|p1a: Great Tusk|85\/100|[from] item: Leftovers\n|-heal|p2a: Sinistcha|73\/100|[from] item: Leftovers\n|upkeep\n|turn|36\n|\n|t:|1700105078\n|move|p1a: Great Tusk|Ice Spinner|p2a: Sinistcha\n|-supereffective|p2a: Sinistcha\n|-damage|p2a: Sinistcha|29\/100\n|move|p2a: Sinistcha|Matcha Gotcha|p1a: Great Tusk\n|-supereffective|p1a: Great Tusk\n|-damage|p1a: Great Tusk|15\/100\n|-heal|p2a: Sinistcha|74\/100|[from] drain|[of] p1a: Great Tusk\n|\n|-heal|p1a: Great Tusk|21\/100|[from] item: Leftovers\n|-heal|p2a: Sinistcha|80\/100|[from] item: Leftovers\n|upkeep\n|turn|37\n|\n|t:|1700105091\n|move|p1a: Great Tusk|Ice Spinner|p2a: Sinistcha\n|-supereffective|p2a: Sinistcha\n|-damage|p2a: Sinistcha|30\/100\n|move|p2a: Sinistcha|Matcha Gotcha|p1a: Great Tusk\n|-supereffective|p1a: Great Tusk\n|-damage|p1a: Great Tusk|0 fnt\n|-heal|p2a: Sinistcha|43\/100|[from] drain|[of] p1a: Great Tusk\n|faint|p1a: Great Tusk\n|-end|p1a: Great Tusk|Protosynthesis|[silent]\n|\n|-heal|p2a: Sinistcha|49\/100|[from] item: Leftovers\n|upkeep\n|\n|t:|1700105093\n|switch|p1a: Iron Valiant|Iron Valiant|100\/100\n|turn|38\n|\n|t:|1700105107\n|move|p1a: Iron Valiant|Swords Dance|p1a: Iron Valiant\n|-boost|p1a: Iron Valiant|atk|2\n|move|p2a: Sinistcha|Matcha Gotcha|p1a: Iron Valiant\n|-damage|p1a: Iron Valiant|34\/100\n|-heal|p2a: Sinistcha|78\/100|[from] drain|[of] p1a: Iron Valiant\n|\n|-heal|p2a: Sinistcha|84\/100|[from] item: Leftovers\n|upkeep\n|turn|39\n|\n|t:|1700105121\n|move|p1a: Iron Valiant|Knock Off|p2a: Sinistcha\n|-supereffective|p2a: Sinistcha\n|-damage|p2a: Sinistcha|0 fnt\n|-enditem|p2a: Sinistcha|Leftovers|[from] move: Knock Off|[of] p1a: Iron Valiant\n|faint|p2a: Sinistcha\n|\n|upkeep\n|\n|t:|1700105126\n|switch|p2a: Okidogi|Okidogi, M|61\/100 par\n|-damage|p2a: Okidogi|55\/100 par|[from] Stealth Rock\n|turn|40\n|\n|t:|1700105130\n|move|p1a: Iron Valiant|Close Combat|p2a: Okidogi\n|-resisted|p2a: Okidogi\n|-damage|p2a: Okidogi|6\/100 par\n|-unboost|p1a: Iron Valiant|def|1\n|-unboost|p1a: Iron Valiant|spd|1\n|move|p2a: Okidogi|Gunk Shot|p1a: Iron Valiant\n|-supereffective|p1a: Iron Valiant\n|-damage|p1a: Iron Valiant|0 fnt\n|faint|p1a: Iron Valiant\n|-end|p1a: Iron Valiant|Quark Drive|[silent]\n|\n|win|Ivan9plus\n|raw|ZVGJKY's rating: 1107 &rarr; <strong>1079<\/strong><br \/>(-28 for losing)\n|raw|Ivan9plus's rating: 1067 &rarr; <strong>1100<\/strong><br \/>(+33 for winning)\n|l|\u2606ZVGJKY\n","uploadtime":1700105218,"views":31,"p1id":"zvgjky","p2id":"ivan9plus","formatid":"gen9ou","rating":1079,"private":0,"password":""}