{"id":"gen9ou-1990271835","p1":"stee1osprei","p2":"mkyn","format":"[Gen 9] OU","log":"|j|\u2606stee1osprei\n|j|\u2606mkyn\n|t:|1699948464\n|gametype|singles\n|player|p1|stee1osprei|candice|1616\n|player|p2|mkyn|morty|1667\n|teamsize|p1|6\n|teamsize|p2|6\n|gen|9\n|tier|[Gen 9] OU\n|rated|\n|rule|Sleep Clause Mod: Limit one foe put to sleep\n|rule|Species Clause: Limit one of each Pok\u00e9mon\n|rule|OHKO Clause: OHKO moves are banned\n|rule|Evasion Items Clause: Evasion items are banned\n|rule|Evasion Moves Clause: Evasion moves are banned\n|rule|Endless Battle Clause: Forcing endless battles is banned\n|rule|HP Percentage Mod: HP is shown in percentages\n|clearpoke\n|poke|p1|Azumarill, M|\n|poke|p1|Forretress, F|\n|poke|p1|Kingambit, M|\n|poke|p1|Hatterene, F|\n|poke|p1|Dragonite, F|\n|poke|p1|Skeledirge, M|\n|poke|p2|Greninja-*, M|\n|poke|p2|Forretress, M|\n|poke|p2|Dragonite, M|\n|poke|p2|Gholdengo|\n|poke|p2|Breloom, M|\n|poke|p2|Iron Valiant|\n|teampreview\n|inactive|Battle timer is ON: inactive players will automatically lose when time's up. (requested by mkyn)\n|\n|t:|1699948493\n|start\n|switch|p1a: Skeledirge|Skeledirge, M|100\/100\n|switch|p2a: Breloom|Breloom, M|100\/100\n|turn|1\n|\n|t:|1699948510\n|switch|p1a: Hatterene|Hatterene, F|100\/100\n|move|p2a: Breloom|Spore|p1a: Hatterene\n|move|p1a: Hatterene|Spore|p2a: Breloom|[from]ability: Magic Bounce\n|-immune|p2a: Breloom\n|\n|upkeep\n|turn|2\n|j| cheese miestro\n|l| cheese miestro\n|\n|t:|1699948527\n|move|p2a: Breloom|Bullet Seed|p1a: Hatterene\n|-crit|p1a: Hatterene\n|-damage|p1a: Hatterene|68\/100\n|-damage|p1a: Hatterene|47\/100\n|-damage|p1a: Hatterene|24\/100\n|-damage|p1a: Hatterene|4\/100\n|-hitcount|p1a: Hatterene|4\n|move|p1a: Hatterene|Mystical Fire|p2a: Breloom\n|-supereffective|p2a: Breloom\n|-damage|p2a: Breloom|0 fnt\n|faint|p2a: Breloom\n|\n|-heal|p1a: Hatterene|10\/100|[from] item: Leftovers\n|upkeep\n|\n|t:|1699948533\n|switch|p2a: Gholdengo|Gholdengo|100\/100\n|-item|p2a: Gholdengo|Air Balloon\n|turn|3\n|\n|t:|1699948554\n|switch|p1a: Azumarill|Azumarill, M|100\/100\n|move|p2a: Gholdengo|Shadow Ball|p1a: Azumarill\n|-damage|p1a: Azumarill|70\/100\n|\n|upkeep\n|turn|4\n|\n|t:|1699948565\n|move|p2a: Gholdengo|Nasty Plot|p2a: Gholdengo\n|-boost|p2a: Gholdengo|spa|2\n|move|p1a: Azumarill|Knock Off|p2a: Gholdengo\n|-supereffective|p2a: Gholdengo\n|-damage|p2a: Gholdengo|14\/100\n|-enditem|p2a: Gholdengo|Air Balloon\n|\n|upkeep\n|turn|5\n|j| pitilesscensors\n|\n|t:|1699948590\n|move|p1a: Azumarill|Aqua Jet|p2a: Gholdengo\n|-damage|p2a: Gholdengo|0 fnt\n|faint|p2a: Gholdengo\n|\n|upkeep\n|\n|t:|1699948600\n|switch|p2a: Forretress|Forretress, M|100\/100\n|turn|6\n|\n|t:|1699948609\n|switch|p1a: Hatterene|Hatterene, F|10\/100\n|move|p2a: Forretress|Rapid Spin|p1a: Hatterene\n|-damage|p1a: Hatterene|0 fnt\n|-boost|p2a: Forretress|spe|1\n|faint|p1a: Hatterene\n|\n|upkeep\n|\n|t:|1699948624\n|switch|p1a: Skeledirge|Skeledirge, M|100\/100\n|turn|7\n|\n|t:|1699948634\n|move|p1a: Skeledirge|Torch Song|p2a: Forretress\n|-supereffective|p2a: Forretress\n|-ability|p2a: Forretress|Sturdy\n|-damage|p2a: Forretress|1\/100\n|-boost|p1a: Skeledirge|spa|1\n|move|p2a: Forretress|Spikes|p1a: Skeledirge\n|-sidestart|p1: stee1osprei|Spikes\n|\n|upkeep\n|turn|8\n|\n|t:|1699948650\n|switch|p2a: Greninja|Greninja, M|100\/100\n|move|p1a: Skeledirge|Torch Song|p2a: Greninja\n|-resisted|p2a: Greninja\n|-crit|p2a: Greninja\n|-damage|p2a: Greninja|49\/100\n|-boost|p1a: Skeledirge|spa|1\n|\n|upkeep\n|turn|9\n|j| Cra3k\n|inactive|stee1osprei has 120 seconds left.\n|\n|t:|1699948693\n|-terastallize|p1a: Skeledirge|Water\n|move|p2a: Greninja|Dark Pulse|p1a: Skeledirge\n|-damage|p1a: Skeledirge|75\/100\n|move|p1a: Skeledirge|Torch Song|p2a: Greninja\n|-resisted|p2a: Greninja\n|-damage|p2a: Greninja|6\/100\n|-boost|p1a: Skeledirge|spa|1\n|\n|upkeep\n|turn|10\n|\n|t:|1699948703\n|move|p2a: Greninja|Dark Pulse|p1a: Skeledirge\n|-damage|p1a: Skeledirge|48\/100\n|move|p1a: Skeledirge|Slack Off|p1a: Skeledirge\n|-heal|p1a: Skeledirge|98\/100\n|\n|upkeep\n|turn|11\n|\n|t:|1699948710\n|move|p2a: Greninja|Dark Pulse|p1a: Skeledirge\n|-damage|p1a: Skeledirge|70\/100\n|move|p1a: Skeledirge|Torch Song|p2a: Greninja\n|-resisted|p2a: Greninja\n|-damage|p2a: Greninja|0 fnt\n|-boost|p1a: Skeledirge|spa|1\n|faint|p2a: Greninja\n|\n|upkeep\n|j| New Steelo\n|l| New Steelo\n|l| Cra3k\n|inactive|mkyn has 120 seconds left.\n|\n|t:|1699948755\n|switch|p2a: Forretress|Forretress, M|1\/100\n|turn|12\n|inactive|stee1osprei has 120 seconds left.\n|-enditem|p2a: Forretress|Custap Berry|[eat]\n|-activate|p2a: Forretress|item: Custap Berry|[consumed]\n|\n|t:|1699948766\n|move|p2a: Forretress|Explosion|p1a: Skeledirge\n|-damage|p1a: Skeledirge|13\/100\n|faint|p2a: Forretress\n|move|p1a: Skeledirge|Torch Song|p2: Forretress|[notarget]\n|-fail|p1a: Skeledirge\n|\n|upkeep\n|\n|t:|1699948780\n|switch|p2a: Dragonite|Dragonite, M|100\/100\n|turn|13\n|inactive|stee1osprei has 120 seconds left.\n|\n|t:|1699948790\n|move|p2a: Dragonite|Earthquake|p1a: Skeledirge\n|-damage|p1a: Skeledirge|0 fnt\n|faint|p1a: Skeledirge\n|\n|upkeep\n|inactive|stee1osprei has 120 seconds left.\n|\n|t:|1699948812\n|switch|p1a: Azumarill|Azumarill, M|70\/100\n|-damage|p1a: Azumarill|58\/100|[from] Spikes\n|turn|14\n|\n|t:|1699948819\n|-terastallize|p2a: Dragonite|Normal\n|move|p2a: Dragonite|Dragon Dance|p2a: Dragonite\n|-boost|p2a: Dragonite|atk|1\n|-boost|p2a: Dragonite|spe|1\n|move|p1a: Azumarill|Play Rough|p2a: Dragonite\n|-damage|p2a: Dragonite|70\/100\n|\n|upkeep\n|turn|15\n|\n|t:|1699948830\n|move|p2a: Dragonite|Extreme Speed|p1a: Azumarill\n|-damage|p1a: Azumarill|0 fnt\n|faint|p1a: Azumarill\n|\n|upkeep\n|\n|t:|1699948841\n|switch|p1a: Forretress|Forretress, F|100\/100\n|-damage|p1a: Forretress|88\/100|[from] Spikes\n|turn|16\n|\n|t:|1699948846\n|move|p2a: Dragonite|Earthquake|p1a: Forretress\n|-damage|p1a: Forretress|54\/100\n|move|p1a: Forretress|Body Press|p2a: Dragonite\n|-supereffective|p2a: Dragonite\n|-damage|p2a: Dragonite|6\/100\n|\n|-heal|p1a: Forretress|60\/100|[from] item: Leftovers\n|upkeep\n|turn|17\n|\n|t:|1699948859\n|switch|p2a: Iron Valiant|Iron Valiant|100\/100\n|-enditem|p2a: Iron Valiant|Booster Energy\n|-activate|p2a: Iron Valiant|ability: Quark Drive|[fromitem]\n|-start|p2a: Iron Valiant|quarkdrivespe\n|move|p1a: Forretress|Giga Drain|p2a: Iron Valiant\n|-damage|p2a: Iron Valiant|77\/100\n|-heal|p1a: Forretress|70\/100|[from] drain|[of] p2a: Iron Valiant\n|\n|-heal|p1a: Forretress|76\/100|[from] item: Leftovers\n|upkeep\n|turn|18\n|j| encostoo\n|\n|t:|1699948889\n|move|p2a: Iron Valiant|Encore|p1a: Forretress\n|-start|p1a: Forretress|Encore\n|move|p1a: Forretress|Giga Drain|p2a: Iron Valiant\n|-damage|p2a: Iron Valiant|54\/100\n|-heal|p1a: Forretress|86\/100|[from] drain|[of] p2a: Iron Valiant\n|\n|-heal|p1a: Forretress|92\/100|[from] item: Leftovers\n|upkeep\n|turn|19\n|\n|t:|1699948899\n|move|p2a: Iron Valiant|Knock Off|p1a: Forretress\n|-damage|p1a: Forretress|75\/100\n|-enditem|p1a: Forretress|Leftovers|[from] move: Knock Off|[of] p2a: Iron Valiant\n|move|p1a: Forretress|Giga Drain|p2a: Iron Valiant\n|-damage|p2a: Iron Valiant|32\/100\n|-heal|p1a: Forretress|84\/100|[from] drain|[of] p2a: Iron Valiant\n|\n|upkeep\n|turn|20\n|-message|mkyn forfeited.\n|\n|win|stee1osprei\n|raw|stee1osprei's rating: 1616 &rarr; <strong>1639<\/strong><br \/>(+23 for winning)\n|raw|mkyn's rating: 1667 &rarr; <strong>1644<\/strong><br \/>(-23 for losing)\n|l|\u2606mkyn\n|c|\u2606stee1osprei|Sure\n|l| encostoo\n","uploadtime":1699948931,"views":36,"p1id":"stee1osprei","p2id":"mkyn","formatid":"gen9ou","rating":1639,"private":0,"password":""}