{"id":"gen9ou-1991210011","p1":"ddddqweasd","p2":"Allanubs","format":"[Gen 9] OU","log":"|j|\u2606ddddqweasd\n|j|\u2606Allanubs\n|t:|1700057456\n|gametype|singles\n|player|p1|ddddqweasd|gentleman|1049\n|player|p2|Allanubs|102|1000\n|teamsize|p1|6\n|teamsize|p2|6\n|gen|9\n|tier|[Gen 9] OU\n|rated|\n|rule|Sleep Clause Mod: Limit one foe put to sleep\n|rule|Species Clause: Limit one of each Pok\u00e9mon\n|rule|OHKO Clause: OHKO moves are banned\n|rule|Evasion Items Clause: Evasion items are banned\n|rule|Evasion Moves Clause: Evasion moves are banned\n|rule|Endless Battle Clause: Forcing endless battles is banned\n|rule|HP Percentage Mod: HP is shown in percentages\n|clearpoke\n|poke|p1|Zapdos|\n|poke|p1|Slowking-Galar, F|\n|poke|p1|Perrserker, F|\n|poke|p1|Great Tusk|\n|poke|p1|Crawdaunt, M|\n|poke|p1|Mandibuzz, F|\n|poke|p2|Gholdengo|\n|poke|p2|Dragonite, F|\n|poke|p2|Great Tusk|\n|poke|p2|Slowking-Galar, F|\n|poke|p2|Ninetales-Alola, F|\n|poke|p2|Ribombee, M|\n|teampreview\n|\n|t:|1700057473\n|start\n|switch|p1a: Zapdos|Zapdos|100\/100\n|switch|p2a: Ribombee|Ribombee, M|100\/100\n|turn|1\n|\n|t:|1700057481\n|switch|p1a: Slowking|Slowking-Galar, F|100\/100\n|move|p2a: Ribombee|Sticky Web|p1a: Slowking\n|-sidestart|p1: ddddqweasd|move: Sticky Web\n|\n|upkeep\n|turn|2\n|\n|t:|1700057491\n|switch|p2a: Gholdengo|Gholdengo|100\/100\n|-item|p2a: Gholdengo|Air Balloon\n|move|p1a: Slowking|Future Sight|p2a: Gholdengo\n|-start|p1a: Slowking|move: Future Sight\n|\n|upkeep\n|turn|3\n|inactive|Battle timer is ON: inactive players will automatically lose when time's up. (requested by Allanubs)\n|\n|t:|1700057502\n|move|p2a: Gholdengo|Make It Rain|p1a: Slowking\n|-crit|p1a: Slowking\n|-damage|p1a: Slowking|26\/100\n|-unboost|p2a: Gholdengo|spa|1\n|move|p1a: Slowking|Chilly Reception|p1a: Slowking\n|-weather|Snow\n|\n|t:|1700057509\n|switch|p1a: Crawdaunt|Crawdaunt, M|100\/100|[from] Chilly Reception\n|-activate|p1a: Crawdaunt|move: Sticky Web\n|-unboost|p1a: Crawdaunt|spe|1\n|\n|-weather|Snow|[upkeep]\n|upkeep\n|turn|4\n|\n|t:|1700057521\n|switch|p2a: Ribombee|Ribombee, M|100\/100\n|move|p1a: Crawdaunt|Knock Off|p2a: Ribombee\n|-resisted|p2a: Ribombee\n|-damage|p2a: Ribombee|26\/100\n|-enditem|p2a: Ribombee|Choice Scarf|[from] move: Knock Off|[of] p1a: Crawdaunt\n|\n|-weather|Snow|[upkeep]\n|-end|p2a: Ribombee|move: Future Sight\n|-damage|p2a: Ribombee|0 fnt\n|faint|p2a: Ribombee\n|upkeep\n|\n|t:|1700057527\n|switch|p2a: Ninetales|Ninetales-Alola, F|100\/100\n|turn|5\n|\n|t:|1700057538\n|switch|p1a: Perrserker|Perrserker, F|100\/100\n|-activate|p1a: Perrserker|move: Sticky Web\n|-unboost|p1a: Perrserker|spe|1\n|move|p2a: Ninetales|Aurora Veil|p2a: Ninetales\n|-sidestart|p2: Allanubs|move: Aurora Veil\n|\n|-weather|Snow|[upkeep]\n|upkeep\n|turn|6\n|\n|t:|1700057546\n|switch|p2a: Great Tusk|Great Tusk|100\/100\n|move|p1a: Perrserker|Gyro Ball|p2a: Great Tusk\n|-damage|p2a: Great Tusk|62\/100\n|\n|-weather|Snow|[upkeep]\n|upkeep\n|turn|7\n|\n|t:|1700057558\n|switch|p1a: Zapdos|Zapdos|100\/100\n|move|p2a: Great Tusk|Close Combat|p1a: Zapdos\n|-resisted|p1a: Zapdos\n|-damage|p1a: Zapdos|70\/100\n|-unboost|p2a: Great Tusk|def|1\n|-unboost|p2a: Great Tusk|spd|1\n|\n|-weather|none\n|upkeep\n|turn|8\n|\n|t:|1700057567\n|-end|p2a: Great Tusk|Protosynthesis|[silent]\n|switch|p2a: Ninetales|Ninetales-Alola, F|100\/100\n|-weather|Snow|[from] ability: Snow Warning|[of] p2a: Ninetales\n|move|p1a: Zapdos|Hurricane|p2a: Ninetales\n|-damage|p2a: Ninetales|76\/100\n|\n|-weather|Snow|[upkeep]\n|upkeep\n|turn|9\n|\n|t:|1700057573\n|switch|p1a: Perrserker|Perrserker, F|100\/100\n|-activate|p1a: Perrserker|move: Sticky Web\n|-unboost|p1a: Perrserker|spe|1\n|move|p2a: Ninetales|Blizzard|p1a: Perrserker\n|-resisted|p1a: Perrserker\n|-damage|p1a: Perrserker|76\/100\n|\n|-weather|Snow|[upkeep]\n|-sideend|p2: Allanubs|move: Aurora Veil\n|upkeep\n|turn|10\n|\n|t:|1700057581\n|move|p2a: Ninetales|Protect|p2a: Ninetales\n|-singleturn|p2a: Ninetales|Protect\n|move|p1a: Perrserker|Gyro Ball|p2a: Ninetales\n|-activate|p2a: Ninetales|move: Protect\n|\n|-weather|Snow|[upkeep]\n|upkeep\n|turn|11\n|\n|t:|1700057585\n|move|p2a: Ninetales|Aurora Veil|p2a: Ninetales\n|-sidestart|p2: Allanubs|move: Aurora Veil\n|move|p1a: Perrserker|Gyro Ball|p2a: Ninetales\n|-supereffective|p2a: Ninetales\n|-damage|p2a: Ninetales|0 fnt\n|faint|p2a: Ninetales\n|\n|-weather|Snow|[upkeep]\n|upkeep\n|\n|t:|1700057593\n|switch|p2a: Great Tusk|Great Tusk|62\/100\n|turn|12\n|\n|t:|1700057603\n|switch|p1a: Great Tusk|Great Tusk, shiny|100\/100\n|-activate|p1a: Great Tusk|move: Sticky Web\n|-unboost|p1a: Great Tusk|spe|1\n|move|p2a: Great Tusk|Stone Edge|p1a: Great Tusk\n|-resisted|p1a: Great Tusk\n|-damage|p1a: Great Tusk|97\/100\n|\n|-weather|none\n|-heal|p1a: Great Tusk|100\/100|[from] item: Leftovers\n|upkeep\n|turn|13\n|-message|Allanubs forfeited.\n|\n|win|ddddqweasd\n|raw|ddddqweasd's rating: 1049 &rarr; <strong>1077<\/strong><br \/>(+28 for winning)\n|raw|Allanubs's rating: 1000 &rarr; <strong>1000<\/strong><br \/>(+0 for losing)\n|l|\u2606Allanubs\n","uploadtime":1700057614,"views":4,"p1id":"ddddqweasd","p2id":"allanubs","formatid":"gen9ou","rating":1000,"private":0,"password":""}