{"id":"gen9ou-1996380539","p1":"OSOGOF","p2":"Jan7498","format":"[Gen 9] OU","log":"|j|\u2606OSOGOF\n|j|\u2606Jan7498\n|t:|1700676547\n|gametype|singles\n|player|p1|OSOGOF|ballguy|1195\n|player|p2|Jan7498|1|1282\n|teamsize|p1|6\n|teamsize|p2|6\n|gen|9\n|tier|[Gen 9] OU\n|rated|\n|rule|Sleep Clause Mod: Limit one foe put to sleep\n|rule|Species Clause: Limit one of each Pok\u00e9mon\n|rule|OHKO Clause: OHKO moves are banned\n|rule|Evasion Items Clause: Evasion items are banned\n|rule|Evasion Moves Clause: Evasion moves are banned\n|rule|Endless Battle Clause: Forcing endless battles is banned\n|rule|HP Percentage Mod: HP is shown in percentages\n|clearpoke\n|poke|p1|Clodsire, F|\n|poke|p1|Dondozo, M|\n|poke|p1|Alomomola, M|\n|poke|p1|Talonflame, F|\n|poke|p1|Toxapex, M|\n|poke|p1|Blissey, F|\n|poke|p2|Blissey, F|\n|poke|p2|Clefable, F|\n|poke|p2|Rillaboom, F|\n|poke|p2|Corviknight, M|\n|poke|p2|Garchomp, F|\n|poke|p2|Iron Moth|\n|teampreview\n|\n|t:|1700676566\n|start\n|switch|p1a: Alomomola|Alomomola, M|100\/100\n|switch|p2a: Rillaboom|Rillaboom, F|100\/100\n|-fieldstart|move: Grassy Terrain|[from] ability: Grassy Surge|[of] p2a: Rillaboom\n|turn|1\n|inactive|Battle timer is ON: inactive players will automatically lose when time's up. (requested by Jan7498)\n|\n|t:|1700676573\n|move|p1a: Alomomola|Protect|p1a: Alomomola\n|-singleturn|p1a: Alomomola|Protect\n|move|p2a: Rillaboom|Wood Hammer|p1a: Alomomola\n|-activate|p1a: Alomomola|move: Protect\n|\n|upkeep\n|turn|2\n|\n|t:|1700676579\n|switch|p1a: Talonflame|Talonflame, F|100\/100\n|move|p2a: Rillaboom|Wood Hammer|p1a: Talonflame\n|-resisted|p1a: Talonflame\n|-damage|p1a: Talonflame|67\/100\n|-status|p2a: Rillaboom|brn|[from] ability: Flame Body|[of] p1a: Talonflame\n|-damage|p2a: Rillaboom|89\/100 brn|[from] Recoil\n|\n|-heal|p2a: Rillaboom|95\/100 brn|[from] Grassy Terrain\n|-damage|p2a: Rillaboom|89\/100 brn|[from] brn\n|upkeep\n|turn|3\n|\n|t:|1700676603\n|switch|p2a: Garchomp|Garchomp, F|100\/100\n|move|p1a: Talonflame|Roost|p1a: Talonflame\n|-heal|p1a: Talonflame|100\/100\n|-singleturn|p1a: Talonflame|move: Roost\n|\n|upkeep\n|turn|4\n|\n|t:|1700676621\n|move|p1a: Talonflame|Will-O-Wisp|p2a: Garchomp\n|-status|p2a: Garchomp|brn\n|move|p2a: Garchomp|Earthquake|p1a: Talonflame\n|-immune|p1a: Talonflame\n|\n|-damage|p2a: Garchomp|94\/100 brn|[from] brn\n|upkeep\n|turn|5\n|\n|t:|1700676629\n|move|p1a: Talonflame|Flamethrower|p2a: Garchomp\n|-resisted|p2a: Garchomp\n|-damage|p2a: Garchomp|81\/100 brn\n|move|p2a: Garchomp|Swords Dance|p2a: Garchomp\n|-boost|p2a: Garchomp|atk|2\n|\n|-heal|p2a: Garchomp|87\/100 brn|[from] Grassy Terrain\n|-damage|p2a: Garchomp|81\/100 brn|[from] brn\n|-fieldend|move: Grassy Terrain\n|upkeep\n|turn|6\n|\n|t:|1700676638\n|switch|p1a: Dondozo|Dondozo, M|100\/100\n|move|p2a: Garchomp|Scale Shot|p1a: Dondozo\n|-damage|p1a: Dondozo|98\/100\n|-damage|p1a: Dondozo|95\/100\n|-crit|p1a: Dondozo\n|-damage|p1a: Dondozo|90\/100\n|-damage|p1a: Dondozo|87\/100\n|-hitcount|p1a: Dondozo|4\n|-unboost|p2a: Garchomp|def|1\n|-boost|p2a: Garchomp|spe|1\n|\n|-damage|p2a: Garchomp|75\/100 brn|[from] brn\n|upkeep\n|turn|7\n|\n|t:|1700676656\n|switch|p2a: Blissey|Blissey, F|100\/100\n|move|p1a: Dondozo|Body Press|p2a: Blissey\n|-supereffective|p2a: Blissey\n|-damage|p2a: Blissey|42\/100\n|\n|upkeep\n|turn|8\n|\n|t:|1700676664\n|switch|p2a: Clefable|Clefable, F|100\/100\n|move|p1a: Dondozo|Body Press|p2a: Clefable\n|-resisted|p2a: Clefable\n|-damage|p2a: Clefable|90\/100\n|\n|-heal|p2a: Clefable|96\/100|[from] item: Leftovers\n|upkeep\n|turn|9\n|\n|t:|1700676672\n|move|p2a: Clefable|Thunderbolt|p1a: Dondozo\n|-supereffective|p1a: Dondozo\n|-damage|p1a: Dondozo|51\/100\n|move|p1a: Dondozo|Heavy Slam|p2a: Clefable\n|-supereffective|p2a: Clefable\n|-damage|p2a: Clefable|54\/100\n|\n|-heal|p2a: Clefable|60\/100|[from] item: Leftovers\n|upkeep\n|turn|10\n|c|\u2606OSOGOF|minecraft anvil sfx\n|\n|t:|1700676682\n|switch|p1a: Clodsire|Clodsire, F|100\/100\n|-terastallize|p2a: Clefable|Electric\n|move|p2a: Clefable|Thunderbolt|p1a: Clodsire\n|-immune|p1a: Clodsire\n|\n|-heal|p2a: Clefable|66\/100|[from] item: Leftovers\n|upkeep\n|turn|11\n|\n|t:|1700676696\n|switch|p2a: Corviknight|Corviknight, M|100\/100\n|-ability|p2a: Corviknight|Pressure\n|move|p1a: Clodsire|Earthquake|p2a: Corviknight\n|-immune|p2a: Corviknight\n|\n|upkeep\n|turn|12\n|\n|t:|1700676707\n|switch|p2a: Blissey|Blissey, F|42\/100\n|switch|p1a: Talonflame|Talonflame, F|100\/100\n|\n|upkeep\n|turn|13\n|\n|t:|1700676716\n|switch|p1a: Clodsire|Clodsire, F|100\/100\n|move|p2a: Blissey|Heal Bell|p2a: Blissey\n|-activate|p2a: Blissey|move: Heal Bell\n|-curestatus|p2: Garchomp|brn|[msg]\n|-curestatus|p2: Rillaboom|brn|[msg]\n|\n|upkeep\n|turn|14\n|\n|t:|1700676744\n|switch|p2a: Corviknight|Corviknight, M|100\/100\n|-ability|p2a: Corviknight|Pressure\n|switch|p1a: Alomomola|Alomomola, M|100\/100\n|\n|upkeep\n|turn|15\n|\n|t:|1700676758\n|switch|p2a: Rillaboom|Rillaboom, F|89\/100\n|-fieldstart|move: Grassy Terrain|[from] ability: Grassy Surge|[of] p2a: Rillaboom\n|move|p1a: Alomomola|Whirlpool|p2a: Rillaboom\n|-resisted|p2a: Rillaboom\n|-damage|p2a: Rillaboom|84\/100\n|-activate|p2a: Rillaboom|move: Whirlpool|[of] p1a: Alomomola\n|\n|-heal|p2a: Rillaboom|91\/100|[from] Grassy Terrain\n|-damage|p2a: Rillaboom|78\/100|[from] move: Whirlpool|[partiallytrapped]\n|upkeep\n|turn|16\n|\n|t:|1700676772\n|move|p1a: Alomomola|Protect|p1a: Alomomola\n|-singleturn|p1a: Alomomola|Protect\n|move|p2a: Rillaboom|Knock Off|p1a: Alomomola\n|-activate|p1a: Alomomola|move: Protect\n|\n|-heal|p2a: Rillaboom|84\/100|[from] Grassy Terrain\n|-damage|p2a: Rillaboom|72\/100|[from] move: Whirlpool|[partiallytrapped]\n|upkeep\n|turn|17\n|\n|t:|1700676787\n|-terastallize|p1a: Alomomola|Flying\n|move|p2a: Rillaboom|Knock Off|p1a: Alomomola\n|-damage|p1a: Alomomola|72\/100\n|-enditem|p1a: Alomomola|Heavy-Duty Boots|[from] move: Knock Off|[of] p2a: Rillaboom\n|move|p1a: Alomomola|Chilling Water|p2a: Rillaboom\n|-resisted|p2a: Rillaboom\n|-damage|p2a: Rillaboom|67\/100\n|-unboost|p2a: Rillaboom|atk|1\n|\n|-heal|p2a: Rillaboom|73\/100|[from] Grassy Terrain\n|-damage|p2a: Rillaboom|61\/100|[from] move: Whirlpool|[partiallytrapped]\n|upkeep\n|turn|18\n|\n|t:|1700676798\n|move|p2a: Rillaboom|Knock Off|p1a: Alomomola\n|-damage|p1a: Alomomola|59\/100\n|move|p1a: Alomomola|Chilling Water|p2a: Rillaboom\n|-resisted|p2a: Rillaboom\n|-damage|p2a: Rillaboom|55\/100\n|-unboost|p2a: Rillaboom|atk|1\n|\n|-heal|p2a: Rillaboom|61\/100|[from] Grassy Terrain\n|-damage|p2a: Rillaboom|49\/100|[from] move: Whirlpool|[partiallytrapped]\n|upkeep\n|turn|19\n|\n|t:|1700676808\n|move|p2a: Rillaboom|Knock Off|p1a: Alomomola\n|-damage|p1a: Alomomola|50\/100\n|move|p1a: Alomomola|Wish|p1a: Alomomola\n|\n|-heal|p2a: Rillaboom|55\/100|[from] Grassy Terrain\n|-damage|p2a: Rillaboom|43\/100|[from] move: Whirlpool|[partiallytrapped]\n|-fieldend|move: Grassy Terrain\n|upkeep\n|turn|20\n|\n|t:|1700676830\n|move|p2a: Rillaboom|Knock Off|p1a: Alomomola\n|-damage|p1a: Alomomola|40\/100\n|move|p1a: Alomomola|Chilling Water|p2a: Rillaboom\n|-resisted|p2a: Rillaboom\n|-damage|p2a: Rillaboom|38\/100\n|-unboost|p2a: Rillaboom|atk|1\n|\n|-heal|p1a: Alomomola|90\/100|[from] move: Wish|[wisher] Alomomola\n|-end|p2a: Rillaboom|Whirlpool|[partiallytrapped]\n|upkeep\n|turn|21\n|\n|t:|1700676845\n|switch|p2a: Blissey|Blissey, F|42\/100\n|move|p1a: Alomomola|Whirlpool|p2a: Blissey\n|-damage|p2a: Blissey|40\/100\n|-activate|p2a: Blissey|move: Whirlpool|[of] p1a: Alomomola\n|\n|-damage|p2a: Blissey|27\/100|[from] move: Whirlpool|[partiallytrapped]\n|upkeep\n|turn|22\n|\n|t:|1700676853\n|move|p2a: Blissey|Soft-Boiled|p2a: Blissey\n|-heal|p2a: Blissey|77\/100\n|move|p1a: Alomomola|Chilling Water|p2a: Blissey\n|-damage|p2a: Blissey|74\/100\n|-unboost|p2a: Blissey|atk|1\n|\n|-damage|p2a: Blissey|62\/100|[from] move: Whirlpool|[partiallytrapped]\n|upkeep\n|turn|23\n|\n|t:|1700676865\n|move|p2a: Blissey|Calm Mind|p2a: Blissey\n|-boost|p2a: Blissey|spa|1\n|-boost|p2a: Blissey|spd|1\n|move|p1a: Alomomola|Chilling Water|p2a: Blissey\n|-damage|p2a: Blissey|60\/100\n|-unboost|p2a: Blissey|atk|1\n|\n|-damage|p2a: Blissey|48\/100|[from] move: Whirlpool|[partiallytrapped]\n|upkeep\n|turn|24\n|\n|t:|1700676874\n|move|p2a: Blissey|Shadow Ball|p1a: Alomomola\n|-damage|p1a: Alomomola|63\/100\n|move|p1a: Alomomola|Chilling Water|p2a: Blissey\n|-damage|p2a: Blissey|46\/100\n|-unboost|p2a: Blissey|atk|1\n|\n|-damage|p2a: Blissey|33\/100|[from] move: Whirlpool|[partiallytrapped]\n|upkeep\n|turn|25\n|\n|t:|1700676885\n|move|p2a: Blissey|Soft-Boiled|p2a: Blissey\n|-heal|p2a: Blissey|83\/100\n|move|p1a: Alomomola|Wish|p1a: Alomomola\n|\n|-damage|p2a: Blissey|71\/100|[from] move: Whirlpool|[partiallytrapped]\n|upkeep\n|turn|26\n|\n|t:|1700676891\n|switch|p1a: Clodsire|Clodsire, F|100\/100\n|move|p2a: Blissey|Calm Mind|p2a: Blissey\n|-boost|p2a: Blissey|spa|1\n|-boost|p2a: Blissey|spd|1\n|\n|-end|p2a: Blissey|Whirlpool|[partiallytrapped]\n|upkeep\n|turn|27\n|\n|t:|1700676917\n|move|p2a: Blissey|Shadow Ball|p1a: Clodsire\n|-damage|p1a: Clodsire|93\/100\n|move|p1a: Clodsire|Toxic|p2a: Blissey\n|-status|p2a: Blissey|tox\n|\n|-damage|p2a: Blissey|65\/100 tox|[from] psn\n|upkeep\n|turn|28\n|inactive|Jan7498 has 120 seconds left.\n|\n|t:|1700676938\n|-curestatus|p2a: Blissey|tox|[from] ability: Natural Cure\n|switch|p2a: Garchomp|Garchomp, F|75\/100\n|switch|p1a: Talonflame|Talonflame, F|100\/100\n|\n|upkeep\n|turn|29\n|inactive|Jan7498 has 120 seconds left.\n|\n|t:|1700676955\n|move|p1a: Talonflame|Will-O-Wisp|p2a: Garchomp\n|-status|p2a: Garchomp|brn\n|move|p2a: Garchomp|Scale Shot|p1a: Talonflame\n|-crit|p1a: Talonflame\n|-damage|p1a: Talonflame|90\/100\n|-damage|p1a: Talonflame|84\/100\n|-crit|p1a: Talonflame\n|-damage|p1a: Talonflame|74\/100\n|-damage|p1a: Talonflame|68\/100\n|-hitcount|p1a: Talonflame|4\n|-unboost|p2a: Garchomp|def|1\n|-boost|p2a: Garchomp|spe|1\n|\n|-damage|p2a: Garchomp|69\/100 brn|[from] brn\n|upkeep\n|turn|30\n|\n|t:|1700676975\n|switch|p1a: Alomomola|Alomomola, M, tera:Flying|96\/100\n|move|p2a: Garchomp|Swords Dance|p2a: Garchomp\n|-boost|p2a: Garchomp|atk|2\n|\n|-damage|p2a: Garchomp|62\/100 brn|[from] brn\n|upkeep\n|turn|31\n|\n|t:|1700676989\n|switch|p2a: Clefable|Clefable, F, tera:Electric|66\/100\n|move|p1a: Alomomola|Whirlpool|p2a: Clefable\n|-damage|p2a: Clefable|60\/100\n|-activate|p2a: Clefable|move: Whirlpool|[of] p1a: Alomomola\n|\n|-heal|p2a: Clefable|66\/100|[from] item: Leftovers\n|upkeep\n|turn|32\n|\n|t:|1700676997\n|switch|p1a: Clodsire|Clodsire, F|93\/100\n|move|p2a: Clefable|Wish|p2a: Clefable\n|\n|-heal|p2a: Clefable|73\/100|[from] item: Leftovers\n|-end|p2a: Clefable|Whirlpool|[partiallytrapped]|[silent]\n|upkeep\n|turn|33\n|\n|t:|1700677023\n|switch|p2a: Rillaboom|Rillaboom, F|38\/100\n|-fieldstart|move: Grassy Terrain|[from] ability: Grassy Surge|[of] p2a: Rillaboom\n|switch|p1a: Blissey|Blissey, F|100\/100\n|\n|-heal|p2a: Rillaboom|96\/100|[from] move: Wish|[wisher] Clefable\n|-heal|p2a: Rillaboom|100\/100|[from] Grassy Terrain\n|upkeep\n|turn|34\n|\n|t:|1700677040\n|switch|p1a: Talonflame|Talonflame, F|68\/100\n|move|p2a: Rillaboom|Wood Hammer|p1a: Talonflame\n|-resisted|p1a: Talonflame\n|-damage|p1a: Talonflame|35\/100\n|-damage|p2a: Rillaboom|89\/100|[from] Recoil\n|\n|-heal|p2a: Rillaboom|95\/100|[from] Grassy Terrain\n|upkeep\n|turn|35\n|inactive|Jan7498 has 90 seconds left.\n|\n|t:|1700677069\n|move|p1a: Talonflame|Will-O-Wisp|p2a: Rillaboom\n|-status|p2a: Rillaboom|brn\n|move|p2a: Rillaboom|Wood Hammer|p1a: Talonflame\n|-resisted|p1a: Talonflame\n|-damage|p1a: Talonflame|21\/100\n|-damage|p2a: Rillaboom|90\/100 brn|[from] Recoil\n|\n|-heal|p2a: Rillaboom|96\/100 brn|[from] Grassy Terrain\n|-damage|p2a: Rillaboom|90\/100 brn|[from] brn\n|upkeep\n|turn|36\n|inactive|Jan7498 has 90 seconds left.\n|\n|t:|1700677093\n|switch|p2a: Blissey|Blissey, F|65\/100\n|move|p1a: Talonflame|Roost|p1a: Talonflame\n|-heal|p1a: Talonflame|71\/100\n|-singleturn|p1a: Talonflame|move: Roost\n|\n|-heal|p1a: Talonflame|77\/100|[from] Grassy Terrain\n|-heal|p2a: Blissey|71\/100|[from] Grassy Terrain\n|upkeep\n|turn|37\n|\n|t:|1700677106\n|switch|p1a: Toxapex|Toxapex, M|100\/100\n|move|p2a: Blissey|Heal Bell|p2a: Blissey\n|-activate|p2a: Blissey|move: Heal Bell\n|-curestatus|p2: Rillaboom|brn|[msg]\n|-curestatus|p2: Garchomp|brn|[msg]\n|\n|-heal|p2a: Blissey|77\/100|[from] Grassy Terrain\n|-fieldend|move: Grassy Terrain\n|upkeep\n|turn|38\n|\n|t:|1700677131\n|switch|p2a: Clefable|Clefable, F, tera:Electric|73\/100\n|move|p1a: Toxapex|Infestation|p2a: Clefable\n|-crit|p2a: Clefable\n|-damage|p2a: Clefable|69\/100\n|-activate|p2a: Clefable|move: Infestation|[of] p1a: Toxapex\n|\n|-heal|p2a: Clefable|75\/100|[from] item: Leftovers\n|upkeep\n|turn|39\n|\n|t:|1700677141\n|switch|p1a: Clodsire|Clodsire, F|93\/100\n|move|p2a: Clefable|Wish|p2a: Clefable\n|\n|-heal|p2a: Clefable|81\/100|[from] item: Leftovers\n|-end|p2a: Clefable|Infestation|[partiallytrapped]|[silent]\n|upkeep\n|turn|40\n|\n|t:|1700677156\n|switch|p2a: Garchomp|Garchomp, F|62\/100\n|move|p1a: Clodsire|Toxic|p2a: Garchomp\n|-status|p2a: Garchomp|tox\n|\n|-heal|p2a: Garchomp|100\/100 tox|[from] move: Wish|[wisher] Clefable\n|-damage|p2a: Garchomp|94\/100 tox|[from] psn\n|upkeep\n|turn|41\n|\n|t:|1700677169\n|switch|p2a: Rillaboom|Rillaboom, F|90\/100\n|-fieldstart|move: Grassy Terrain|[from] ability: Grassy Surge|[of] p2a: Rillaboom\n|switch|p1a: Alomomola|Alomomola, M, tera:Flying|100\/100\n|\n|-heal|p2a: Rillaboom|96\/100|[from] Grassy Terrain\n|upkeep\n|turn|42\n|\n|t:|1700677190\n|switch|p2a: Clefable|Clefable, F, tera:Electric|81\/100\n|move|p1a: Alomomola|Whirlpool|p2a: Clefable\n|-damage|p2a: Clefable|75\/100\n|-activate|p2a: Clefable|move: Whirlpool|[of] p1a: Alomomola\n|\n|-heal|p2a: Clefable|81\/100|[from] Grassy Terrain\n|-heal|p2a: Clefable|87\/100|[from] item: Leftovers\n|upkeep\n|turn|43\n|inactive|Jan7498 has 60 seconds left.\n|\n|t:|1700677220\n|switch|p1a: Blissey|Blissey, F|100\/100\n|move|p2a: Clefable|Moonblast|p1a: Blissey\n|-damage|p1a: Blissey|92\/100\n|\n|-heal|p2a: Clefable|93\/100|[from] Grassy Terrain\n|-heal|p2a: Clefable|99\/100|[from] item: Leftovers\n|-heal|p1a: Blissey|98\/100|[from] Grassy Terrain\n|-end|p2a: Clefable|Whirlpool|[partiallytrapped]|[silent]\n|upkeep\n|turn|44\n|\n|t:|1700677237\n|switch|p2a: Rillaboom|Rillaboom, F|96\/100\n|move|p1a: Blissey|Stealth Rock|p2a: Rillaboom\n|-sidestart|p2: Jan7498|move: Stealth Rock\n|\n|-heal|p2a: Rillaboom|100\/100|[from] Grassy Terrain\n|-heal|p1a: Blissey|100\/100|[from] Grassy Terrain\n|upkeep\n|turn|45\n|\n|t:|1700677251\n|switch|p1a: Talonflame|Talonflame, F|77\/100\n|move|p2a: Rillaboom|Knock Off|p1a: Talonflame\n|-crit|p1a: Talonflame\n|-damage|p1a: Talonflame|0 fnt\n|-status|p2a: Rillaboom|brn|[from] ability: Flame Body|[of] p1a: Talonflame\n|-enditem|p1a: Talonflame|Heavy-Duty Boots|[from] move: Knock Off|[of] p2a: Rillaboom\n|faint|p1a: Talonflame\n|\n|-damage|p2a: Rillaboom|94\/100 brn|[from] brn\n|-fieldend|move: Grassy Terrain\n|upkeep\n|\n|t:|1700677260\n|switch|p1a: Clodsire|Clodsire, F|93\/100\n|turn|46\n|\n|t:|1700677271\n|switch|p2a: Corviknight|Corviknight, M|100\/100\n|-damage|p2a: Corviknight|88\/100|[from] Stealth Rock\n|-ability|p2a: Corviknight|Pressure\n|switch|p1a: Dondozo|Dondozo, M|51\/100\n|\n|upkeep\n|turn|47\n|inactive|Jan7498 has 60 seconds left.\n|\n|t:|1700677292\n|switch|p2a: Rillaboom|Rillaboom, F|94\/100 brn\n|-damage|p2a: Rillaboom|82\/100 brn|[from] Stealth Rock\n|-fieldstart|move: Grassy Terrain|[from] ability: Grassy Surge|[of] p2a: Rillaboom\n|move|p1a: Dondozo|Body Press|p2a: Rillaboom\n|-damage|p2a: Rillaboom|51\/100 brn\n|\n|-heal|p2a: Rillaboom|57\/100 brn|[from] Grassy Terrain\n|-heal|p1a: Dondozo|57\/100|[from] Grassy Terrain\n|-damage|p2a: Rillaboom|51\/100 brn|[from] brn\n|upkeep\n|turn|48\n|\n|t:|1700677306\n|switch|p1a: Clodsire|Clodsire, F|93\/100\n|move|p2a: Rillaboom|Wood Hammer|p1a: Clodsire\n|-damage|p1a: Clodsire|19\/100\n|-damage|p2a: Rillaboom|18\/100 brn|[from] Recoil\n|\n|-heal|p2a: Rillaboom|24\/100 brn|[from] Grassy Terrain\n|-heal|p1a: Clodsire|26\/100|[from] Grassy Terrain\n|-damage|p2a: Rillaboom|18\/100 brn|[from] brn\n|upkeep\n|turn|49\n|\n|t:|1700677335\n|switch|p1a: Toxapex|Toxapex, M|100\/100\n|move|p2a: Rillaboom|Wood Hammer|p1a: Toxapex\n|-damage|p1a: Toxapex|65\/100\n|-damage|p2a: Rillaboom|8\/100 brn|[from] Recoil\n|\n|-heal|p2a: Rillaboom|14\/100 brn|[from] Grassy Terrain\n|-heal|p1a: Toxapex|71\/100|[from] Grassy Terrain\n|-damage|p2a: Rillaboom|8\/100 brn|[from] brn\n|upkeep\n|turn|50\n|\n|t:|1700677349\n|switch|p2a: Blissey|Blissey, F|77\/100\n|switch|p1a: Dondozo|Dondozo, M|57\/100\n|\n|-heal|p2a: Blissey|83\/100|[from] Grassy Terrain\n|-heal|p1a: Dondozo|63\/100|[from] Grassy Terrain\n|upkeep\n|turn|51\n|\n|t:|1700677361\n|move|p2a: Blissey|Heal Bell|p2a: Blissey\n|-activate|p2a: Blissey|move: Heal Bell\n|-curestatus|p2: Rillaboom|brn|[msg]\n|-curestatus|p2: Garchomp|tox|[msg]\n|move|p1a: Dondozo|Body Press|p2a: Blissey\n|-supereffective|p2a: Blissey\n|-damage|p2a: Blissey|25\/100\n|\n|-heal|p2a: Blissey|31\/100|[from] Grassy Terrain\n|-heal|p1a: Dondozo|69\/100|[from] Grassy Terrain\n|-fieldend|move: Grassy Terrain\n|upkeep\n|turn|52\n|\n|t:|1700677375\n|switch|p2a: Corviknight|Corviknight, M|88\/100\n|-damage|p2a: Corviknight|76\/100|[from] Stealth Rock\n|-ability|p2a: Corviknight|Pressure\n|move|p1a: Dondozo|Body Press|p2a: Corviknight\n|-damage|p2a: Corviknight|60\/100\n|-damage|p1a: Dondozo|52\/100|[from] item: Rocky Helmet|[of] p2a: Corviknight\n|\n|upkeep\n|turn|53\n|\n|t:|1700677395\n|switch|p1a: Alomomola|Alomomola, M, tera:Flying|100\/100\n|move|p2a: Corviknight|Defog|p1a: Alomomola\n|-unboost|p1a: Alomomola|evasion|1\n|-sideend|p2: Jan7498|Stealth Rock|[from] move: Defog|[of] p2a: Corviknight\n|\n|upkeep\n|turn|54\n|\n|t:|1700677402\n|switch|p2a: Clefable|Clefable, F, tera:Electric|99\/100\n|move|p1a: Alomomola|Wish|p1a: Alomomola\n|\n|-heal|p2a: Clefable|100\/100|[from] item: Leftovers\n|upkeep\n|turn|55\n|\n|t:|1700677410\n|switch|p1a: Clodsire|Clodsire, F|26\/100\n|move|p2a: Clefable|Wish|p2a: Clefable\n|\n|-heal|p1a: Clodsire|83\/100|[from] move: Wish|[wisher] Alomomola\n|upkeep\n|turn|56\n|inactive|Jan7498 has 60 seconds left.\n|\n|t:|1700677425\n|switch|p2a: Garchomp|Garchomp, F|94\/100\n|move|p1a: Clodsire|Toxic|p2a: Garchomp\n|-status|p2a: Garchomp|tox\n|\n|-heal|p2a: Garchomp|100\/100 tox|[from] move: Wish|[wisher] Clefable\n|-damage|p2a: Garchomp|94\/100 tox|[from] psn\n|upkeep\n|turn|57\n|inactive|Jan7498 has 60 seconds left.\n|\n|t:|1700677444\n|switch|p2a: Clefable|Clefable, F, tera:Electric|100\/100\n|switch|p1a: Alomomola|Alomomola, M, tera:Flying|100\/100\n|\n|upkeep\n|turn|58\n|\n|t:|1700677451\n|switch|p1a: Clodsire|Clodsire, F|83\/100\n|move|p2a: Clefable|Wish|p2a: Clefable\n|\n|upkeep\n|turn|59\n|inactive|Jan7498 has 60 seconds left.\n|\n|t:|1700677476\n|switch|p2a: Corviknight|Corviknight, M|60\/100\n|-ability|p2a: Corviknight|Pressure\n|move|p1a: Clodsire|Toxic|p2a: Corviknight\n|-immune|p2a: Corviknight\n|\n|-heal|p2a: Corviknight|100\/100|[from] move: Wish|[wisher] Clefable\n|upkeep\n|turn|60\n|\n|t:|1700677490\n|switch|p2a: Clefable|Clefable, F, tera:Electric|100\/100\n|move|p1a: Clodsire|Haze|p1a: Clodsire\n|-clearallboost\n|\n|upkeep\n|turn|61\n|\n|t:|1700677498\n|move|p2a: Clefable|Wish|p2a: Clefable\n|move|p1a: Clodsire|Earthquake|p2a: Clefable\n|-supereffective|p2a: Clefable\n|-damage|p2a: Clefable|62\/100\n|\n|-heal|p2a: Clefable|68\/100|[from] item: Leftovers\n|upkeep\n|turn|62\n|\n|t:|1700677507\n|switch|p2a: Garchomp|Garchomp, F|94\/100 tox\n|move|p1a: Clodsire|Toxic|p2a: Garchomp\n|-fail|p2a: Garchomp|tox\n|\n|-heal|p2a: Garchomp|100\/100 tox|[from] move: Wish|[wisher] Clefable\n|-damage|p2a: Garchomp|94\/100 tox|[from] psn\n|upkeep\n|turn|63\n|inactive|Jan7498 has 60 seconds left.\n|\n|t:|1700677516\n|switch|p1a: Alomomola|Alomomola, M, tera:Flying|100\/100\n|move|p2a: Garchomp|Earthquake|p1a: Alomomola\n|-immune|p1a: Alomomola\n|\n|-damage|p2a: Garchomp|82\/100 tox|[from] psn\n|upkeep\n|turn|64\n|\n|t:|1700677528\n|switch|p2a: Clefable|Clefable, F, tera:Electric|68\/100\n|move|p1a: Alomomola|Whirlpool|p2a: Clefable\n|-damage|p2a: Clefable|63\/100\n|-activate|p2a: Clefable|move: Whirlpool|[of] p1a: Alomomola\n|\n|-heal|p2a: Clefable|69\/100|[from] item: Leftovers\n|upkeep\n|turn|65\n|inactive|Jan7498 has 60 seconds left.\n|\n|t:|1700677549\n|switch|p1a: Clodsire|Clodsire, F|83\/100\n|move|p2a: Clefable|Wish|p2a: Clefable\n|\n|-heal|p2a: Clefable|75\/100|[from] item: Leftovers\n|-end|p2a: Clefable|Whirlpool|[partiallytrapped]|[silent]\n|upkeep\n|turn|66\n|inactive|Jan7498 has 60 seconds left.\n|\n|t:|1700677559\n|switch|p2a: Rillaboom|Rillaboom, F|8\/100\n|-fieldstart|move: Grassy Terrain|[from] ability: Grassy Surge|[of] p2a: Rillaboom\n|move|p1a: Clodsire|Toxic|p2a: Rillaboom\n|-status|p2a: Rillaboom|tox\n|\n|-heal|p2a: Rillaboom|65\/100 tox|[from] move: Wish|[wisher] Clefable\n|-heal|p2a: Rillaboom|71\/100 tox|[from] Grassy Terrain\n|-heal|p1a: Clodsire|90\/100|[from] Grassy Terrain\n|-damage|p2a: Rillaboom|65\/100 tox|[from] psn\n|upkeep\n|turn|67\n|inactive|Jan7498 has 60 seconds left.\n|inactive|Jan7498 has 30 seconds left.\n|\n|t:|1700677605\n|switch|p2a: Garchomp|Garchomp, F|82\/100 tox\n|switch|p1a: Alomomola|Alomomola, M, tera:Flying|100\/100\n|\n|-heal|p2a: Garchomp|88\/100 tox|[from] Grassy Terrain\n|-damage|p2a: Garchomp|82\/100 tox|[from] psn\n|upkeep\n|turn|68\n|inactive|Jan7498 has 30 seconds left.\n|\n|t:|1700677615\n|switch|p2a: Blissey|Blissey, F|31\/100\n|move|p1a: Alomomola|Chilling Water|p2a: Blissey\n|-damage|p2a: Blissey|28\/100\n|-unboost|p2a: Blissey|atk|1\n|\n|-heal|p2a: Blissey|34\/100|[from] Grassy Terrain\n|upkeep\n|turn|69\n|\n|t:|1700677623\n|move|p2a: Blissey|Soft-Boiled|p2a: Blissey\n|-heal|p2a: Blissey|84\/100\n|move|p1a: Alomomola|Whirlpool|p2a: Blissey\n|-damage|p2a: Blissey|82\/100\n|-activate|p2a: Blissey|move: Whirlpool|[of] p1a: Alomomola\n|\n|-heal|p2a: Blissey|88\/100|[from] Grassy Terrain\n|-damage|p2a: Blissey|76\/100|[from] move: Whirlpool|[partiallytrapped]\n|upkeep\n|turn|70\n|\n|t:|1700677635\n|move|p2a: Blissey|Shadow Ball|p1a: Alomomola\n|-damage|p1a: Alomomola|82\/100\n|move|p1a: Alomomola|Chilling Water|p2a: Blissey\n|-damage|p2a: Blissey|73\/100\n|-unboost|p2a: Blissey|atk|1\n|\n|-heal|p2a: Blissey|79\/100|[from] Grassy Terrain\n|-damage|p2a: Blissey|67\/100|[from] move: Whirlpool|[partiallytrapped]\n|-fieldend|move: Grassy Terrain\n|upkeep\n|turn|71\n|\n|t:|1700677646\n|move|p2a: Blissey|Calm Mind|p2a: Blissey\n|-boost|p2a: Blissey|spa|1\n|-boost|p2a: Blissey|spd|1\n|move|p1a: Alomomola|Chilling Water|p2a: Blissey\n|-damage|p2a: Blissey|65\/100\n|-unboost|p2a: Blissey|atk|1\n|\n|-damage|p2a: Blissey|52\/100|[from] move: Whirlpool|[partiallytrapped]\n|upkeep\n|turn|72\n|\n|t:|1700677655\n|switch|p1a: Clodsire|Clodsire, F|90\/100\n|move|p2a: Blissey|Shadow Ball|p1a: Clodsire\n|-damage|p1a: Clodsire|81\/100\n|\n|-end|p2a: Blissey|Whirlpool|[partiallytrapped]|[silent]\n|upkeep\n|turn|73\n|\n|t:|1700677669\n|switch|p2a: Corviknight|Corviknight, M|100\/100\n|-ability|p2a: Corviknight|Pressure\n|move|p1a: Clodsire|Toxic|p2a: Corviknight\n|-immune|p2a: Corviknight\n|\n|upkeep\n|turn|74\n|\n|t:|1700677678\n|move|p2a: Corviknight|Brave Bird|p1a: Clodsire\n|-damage|p1a: Clodsire|44\/100\n|-damage|p2a: Corviknight|86\/100|[from] Recoil\n|move|p1a: Clodsire|Earthquake|p2a: Corviknight\n|-immune|p2a: Corviknight\n|\n|upkeep\n|turn|75\n|\n|t:|1700677687\n|switch|p1a: Toxapex|Toxapex, M|100\/100\n|move|p2a: Corviknight|Brave Bird|p1a: Toxapex\n|-damage|p1a: Toxapex|80\/100\n|-damage|p2a: Corviknight|81\/100|[from] Recoil\n|\n|upkeep\n|turn|76\n|inactive|Jan7498 has 60 seconds left.\n|\n|t:|1700677700\n|switch|p2a: Clefable|Clefable, F, tera:Electric|75\/100\n|move|p1a: Toxapex|Infestation|p2a: Clefable\n|-damage|p2a: Clefable|72\/100\n|-activate|p2a: Clefable|move: Infestation|[of] p1a: Toxapex\n|\n|-heal|p2a: Clefable|78\/100|[from] item: Leftovers\n|upkeep\n|turn|77\n|inactive|Jan7498 has 60 seconds left.\n|\n|t:|1700677729\n|switch|p1a: Clodsire|Clodsire, F|44\/100\n|move|p2a: Clefable|Moonblast|p1a: Clodsire\n|-resisted|p1a: Clodsire\n|-damage|p1a: Clodsire|36\/100\n|\n|-heal|p2a: Clefable|84\/100|[from] item: Leftovers\n|-end|p2a: Clefable|Infestation|[partiallytrapped]|[silent]\n|upkeep\n|turn|78\n|inactive|Jan7498 has 30 seconds left.\n|\n|t:|1700677749\n|switch|p2a: Rillaboom|Rillaboom, F|65\/100 tox\n|-fieldstart|move: Grassy Terrain|[from] ability: Grassy Surge|[of] p2a: Rillaboom\n|move|p1a: Clodsire|Recover|p1a: Clodsire\n|-heal|p1a: Clodsire|86\/100\n|\n|-heal|p2a: Rillaboom|71\/100 tox|[from] Grassy Terrain\n|-heal|p1a: Clodsire|92\/100|[from] Grassy Terrain\n|-damage|p2a: Rillaboom|65\/100 tox|[from] psn\n|upkeep\n|turn|79\n|inactive|Jan7498 has 30 seconds left.\n|\n|t:|1700677761\n|switch|p1a: Alomomola|Alomomola, M, tera:Flying|100\/100\n|move|p2a: Rillaboom|Wood Hammer|p1a: Alomomola\n|-resisted|p1a: Alomomola\n|-damage|p1a: Alomomola|68\/100\n|-damage|p2a: Rillaboom|49\/100 tox|[from] Recoil\n|\n|-heal|p2a: Rillaboom|55\/100 tox|[from] Grassy Terrain\n|-damage|p2a: Rillaboom|43\/100 tox|[from] psn\n|upkeep\n|turn|80\n|inactive|Jan7498 has 30 seconds left.\n|-message|Jan7498 forfeited.\n|\n|win|OSOGOF\n|raw|OSOGOF's rating: 1195 &rarr; <strong>1226<\/strong><br \/>(+31 for winning)\n|raw|Jan7498's rating: 1282 &rarr; <strong>1251<\/strong><br \/>(-31 for losing)\n|l|\u2606Jan7498\n","uploadtime":1700677781,"views":1,"p1id":"osogof","p2id":"jan7498","formatid":"gen9ou","rating":1226,"private":0,"password":""}