{"id":"gen9ou-1994364678","p1":"gen7ontop","p2":"Soosthemoose","format":"[Gen 9] OU","log":"|j|\u2606gen7ontop\n|j|\u2606Soosthemoose\n|t:|1700435548\n|gametype|singles\n|player|p1|gen7ontop|2|1509\n|player|p2|Soosthemoose|1|1542\n|teamsize|p1|6\n|teamsize|p2|6\n|gen|9\n|tier|[Gen 9] OU\n|rated|\n|rule|Sleep Clause Mod: Limit one foe put to sleep\n|rule|Species Clause: Limit one of each Pok\u00e9mon\n|rule|OHKO Clause: OHKO moves are banned\n|rule|Evasion Items Clause: Evasion items are banned\n|rule|Evasion Moves Clause: Evasion moves are banned\n|rule|Endless Battle Clause: Forcing endless battles is banned\n|rule|HP Percentage Mod: HP is shown in percentages\n|clearpoke\n|poke|p1|Cinderace, M|\n|poke|p1|Kingambit, M|\n|poke|p1|Clefable, F|\n|poke|p1|Zamazenta-*|\n|poke|p1|Blissey, F|\n|poke|p1|Dragapult, F|\n|poke|p2|Rillaboom, F|\n|poke|p2|Sneasler, F|\n|poke|p2|Zamazenta-*|\n|poke|p2|Heatran, M|\n|poke|p2|Hatterene, F|\n|poke|p2|Manaphy|\n|teampreview\n|inactive|Battle timer is ON: inactive players will automatically lose when time's up. (requested by Soosthemoose)\n|j| Matto ssj\n|\n|t:|1700435572\n|start\n|switch|p1a: Cinderace|Cinderace, M|100\/100\n|switch|p2a: Rillaboom|Rillaboom, F|100\/100\n|-fieldstart|move: Grassy Terrain|[from] ability: Grassy Surge|[of] p2a: Rillaboom\n|turn|1\n|\n|t:|1700435586\n|switch|p2a: Manaphy|Manaphy|100\/100\n|move|p1a: Cinderace|U-turn|p2a: Manaphy\n|-start|p1a: Cinderace|typechange|Bug|[from] ability: Libero\n|-damage|p2a: Manaphy|73\/100\n|\n|t:|1700435592\n|switch|p1a: Dragapult|Dragapult, F|100\/100|[from] U-turn\n|\n|-heal|p2a: Manaphy|79\/100|[from] Grassy Terrain\n|-heal|p2a: Manaphy|85\/100|[from] item: Leftovers\n|upkeep\n|turn|2\n|\n|t:|1700435600\n|move|p1a: Dragapult|Shadow Ball|p2a: Manaphy\n|-crit|p2a: Manaphy\n|-damage|p2a: Manaphy|9\/100\n|move|p2a: Manaphy|Take Heart|p2a: Manaphy\n|-boost|p2a: Manaphy|spa|1\n|-boost|p2a: Manaphy|spd|1\n|\n|-heal|p2a: Manaphy|15\/100|[from] Grassy Terrain\n|-heal|p2a: Manaphy|21\/100|[from] item: Leftovers\n|upkeep\n|turn|3\n|\n|t:|1700435604\n|move|p1a: Dragapult|Shadow Ball|p2a: Manaphy\n|-damage|p2a: Manaphy|0 fnt\n|faint|p2a: Manaphy\n|\n|upkeep\n|\n|t:|1700435607\n|switch|p2a: Sneasler|Sneasler, F|100\/100\n|-enditem|p2a: Sneasler|Grassy Seed\n|-boost|p2a: Sneasler|def|1|[from] item: Grassy Seed\n|turn|4\n|\n|t:|1700435614\n|switch|p1a: Clefable|Clefable, F|100\/100\n|move|p2a: Sneasler|Swords Dance|p2a: Sneasler\n|-boost|p2a: Sneasler|atk|2\n|\n|upkeep\n|turn|5\n|\n|t:|1700435619\n|-terastallize|p1a: Clefable|Poison\n|move|p2a: Sneasler|Dire Claw|p1a: Clefable\n|-resisted|p1a: Clefable\n|-damage|p1a: Clefable|83\/100\n|-status|p1a: Clefable|slp\n|cant|p1a: Clefable|slp\n|\n|-heal|p1a: Clefable|89\/100 slp|[from] Grassy Terrain\n|-fieldend|move: Grassy Terrain\n|upkeep\n|turn|6\n|\n|t:|1700435630\n|move|p2a: Sneasler|Lash Out|p1a: Clefable\n|-damage|p1a: Clefable|67\/100 slp\n|cant|p1a: Clefable|slp\n|\n|upkeep\n|turn|7\n|c|\u2606gen7ontop|wasnt this thing banned?\n|\n|t:|1700435639\n|move|p2a: Sneasler|Swords Dance|p2a: Sneasler\n|-boost|p2a: Sneasler|atk|2\n|cant|p1a: Clefable|slp\n|\n|upkeep\n|turn|8\n|c|\u2606Soosthemoose|not implemented yet\n|\n|t:|1700435651\n|move|p2a: Sneasler|Lash Out|p1a: Clefable\n|-damage|p1a: Clefable|46\/100 slp\n|-curestatus|p1a: Clefable|slp|[msg]\n|move|p1a: Clefable|Wish|p1a: Clefable\n|\n|upkeep\n|turn|9\n|c|\u2606Soosthemoose|god you're unaware\n|\n|t:|1700435672\n|move|p2a: Sneasler|Lash Out|p1a: Clefable\n|-damage|p1a: Clefable|24\/100\n|move|p1a: Clefable|Cosmic Power|p1a: Clefable\n|-boost|p1a: Clefable|def|1\n|-boost|p1a: Clefable|spd|1\n|\n|-heal|p1a: Clefable|74\/100|[from] move: Wish|[wisher] Clefable\n|upkeep\n|turn|10\n|c|\u2606gen7ontop|and youre running sneasler\n|c|\u2606Soosthemoose|true\n|\n|t:|1700435679\n|move|p2a: Sneasler|Dire Claw|p1a: Clefable\n|-resisted|p1a: Clefable\n|-damage|p1a: Clefable|62\/100\n|move|p1a: Clefable|Cosmic Power|p1a: Clefable\n|-boost|p1a: Clefable|def|1\n|-boost|p1a: Clefable|spd|1\n|\n|upkeep\n|turn|11\n|c|\u2606Soosthemoose|Respectfully, i hate you\n|c|\u2606Soosthemoose|gg\n|-message|Soosthemoose forfeited.\n|\n|win|gen7ontop\n|raw|gen7ontop's rating: 1509 &rarr; <strong>1531<\/strong><br \/>(+22 for winning)\n|raw|Soosthemoose's rating: 1542 &rarr; <strong>1520<\/strong><br \/>(-22 for losing)\n|l|\u2606Soosthemoose\n|l|\u2606gen7ontop\n","uploadtime":1700435719,"views":7,"p1id":"gen7ontop","p2id":"soosthemoose","formatid":"gen9ou","rating":1520,"private":0,"password":""}