{"id":"gen9ou-1993838914","p1":"draco9746","p2":"trainer gen5","format":"[Gen 9] OU","log":"|j|\u2606draco9746\n|j|\u2606trainer gen5\n|t:|1700363650\n|gametype|singles\n|player|p1|draco9746|cynthia|1344\n|player|p2|trainer gen5|1|1437\n|teamsize|p1|6\n|teamsize|p2|6\n|gen|9\n|tier|[Gen 9] OU\n|rated|\n|rule|Sleep Clause Mod: Limit one foe put to sleep\n|rule|Species Clause: Limit one of each Pok\u00e9mon\n|rule|OHKO Clause: OHKO moves are banned\n|rule|Evasion Items Clause: Evasion items are banned\n|rule|Evasion Moves Clause: Evasion moves are banned\n|rule|Endless Battle Clause: Forcing endless battles is banned\n|rule|HP Percentage Mod: HP is shown in percentages\n|clearpoke\n|poke|p1|Sneasler, F|\n|poke|p1|Kingambit, M|\n|poke|p1|Hatterene, F|\n|poke|p1|Zapdos|\n|poke|p1|Great Tusk|\n|poke|p1|Ninetales-Alola, M|\n|poke|p2|Garchomp, F|\n|poke|p2|Amoonguss, F|\n|poke|p2|Meowscarada, F|\n|poke|p2|Skeledirge, M|\n|poke|p2|Grimmsnarl, M|\n|poke|p2|Great Tusk|\n|teampreview\n|inactive|Battle timer is ON: inactive players will automatically lose when time's up. (requested by draco9746)\n|\n|t:|1700363671\n|start\n|switch|p1a: Zapdos|Zapdos|100\/100\n|switch|p2a: Meowscarada|Meowscarada, F|100\/100\n|turn|1\n|\n|t:|1700363677\n|switch|p2a: Garchomp|Garchomp, F|100\/100\n|move|p1a: Zapdos|Volt Switch|p2a: Garchomp\n|-immune|p2a: Garchomp\n|\n|upkeep\n|turn|2\n|\n|t:|1700363687\n|switch|p1a: Great Tusk|Great Tusk|100\/100\n|-enditem|p1a: Great Tusk|Booster Energy\n|-activate|p1a: Great Tusk|ability: Protosynthesis|[fromitem]\n|-start|p1a: Great Tusk|protosynthesisspe\n|move|p2a: Garchomp|Swords Dance|p2a: Garchomp\n|-boost|p2a: Garchomp|atk|2\n|\n|upkeep\n|turn|3\n|\n|t:|1700363694\n|-terastallize|p2a: Garchomp|Fire\n|move|p1a: Great Tusk|Ice Spinner|p2a: Garchomp\n|-resisted|p2a: Garchomp\n|-damage|p2a: Garchomp|89\/100\n|-damage|p1a: Great Tusk|88\/100|[from] ability: Rough Skin|[of] p2a: Garchomp\n|move|p2a: Garchomp|Scale Shot|p1a: Great Tusk\n|-damage|p1a: Great Tusk|71\/100\n|-damage|p1a: Great Tusk|56\/100\n|-damage|p1a: Great Tusk|40\/100\n|-damage|p1a: Great Tusk|22\/100\n|-damage|p1a: Great Tusk|6\/100\n|-hitcount|p1a: Great Tusk|5\n|-unboost|p2a: Garchomp|def|1\n|-boost|p2a: Garchomp|spe|1\n|\n|upkeep\n|turn|4\n|\n|t:|1700363712\n|move|p2a: Garchomp|Earthquake|p1a: Great Tusk\n|-damage|p1a: Great Tusk|0 fnt\n|faint|p1a: Great Tusk\n|-end|p1a: Great Tusk|Protosynthesis|[silent]\n|\n|upkeep\n|\n|t:|1700363723\n|switch|p1a: Hatterene|Hatterene, F|100\/100\n|turn|5\n|\n|t:|1700363727\n|move|p2a: Garchomp|Earthquake|p1a: Hatterene\n|-damage|p1a: Hatterene|12\/100\n|move|p1a: Hatterene|Psyshock|p2a: Garchomp\n|-damage|p2a: Garchomp|35\/100\n|\n|-heal|p1a: Hatterene|18\/100|[from] item: Leftovers\n|upkeep\n|turn|6\n|\n|t:|1700363734\n|move|p2a: Garchomp|Earthquake|p1a: Hatterene\n|-damage|p1a: Hatterene|0 fnt\n|faint|p1a: Hatterene\n|\n|upkeep\n|\n|t:|1700363741\n|switch|p1a: Zapdos|Zapdos|100\/100\n|turn|7\n|\n|t:|1700363746\n|move|p2a: Garchomp|Scale Shot|p1a: Zapdos|[miss]\n|-miss|p2a: Garchomp|p1a: Zapdos\n|move|p1a: Zapdos|Volt Switch|p2a: Garchomp\n|-damage|p2a: Garchomp|4\/100\n|\n|t:|1700363758\n|switch|p1a: Kingambit|Kingambit, M|100\/100|[from] Volt Switch\n|-activate|p1a: Kingambit|ability: Supreme Overlord\n|-start|p1a: Kingambit|fallen2|[silent]\n|\n|upkeep\n|turn|8\n|\n|t:|1700363762\n|move|p1a: Kingambit|Sucker Punch|p2a: Garchomp\n|-damage|p2a: Garchomp|0 fnt\n|-damage|p1a: Kingambit|88\/100|[from] ability: Rough Skin|[of] p2a: Garchomp\n|faint|p2a: Garchomp\n|\n|upkeep\n|\n|t:|1700363765\n|switch|p2a: Meowscarada|Meowscarada, F|100\/100\n|turn|9\n|\n|t:|1700363771\n|-end|p1a: Kingambit|fallen2|[silent]\n|switch|p1a: Zapdos|Zapdos|100\/100\n|move|p2a: Meowscarada|Brick Break|p1a: Zapdos\n|-start|p2a: Meowscarada|typechange|Fighting|[from] ability: Protean\n|-resisted|p1a: Zapdos\n|-damage|p1a: Zapdos|77\/100\n|\n|upkeep\n|turn|10\n|\n|t:|1700363786\n|switch|p2a: Grimmsnarl|Grimmsnarl, M|100\/100\n|move|p1a: Zapdos|Hurricane|p2a: Grimmsnarl\n|-damage|p2a: Grimmsnarl|57\/100\n|\n|upkeep\n|turn|11\n|\n|t:|1700363791\n|move|p2a: Grimmsnarl|Light Screen|p2a: Grimmsnarl\n|-sidestart|p2: trainer gen5|move: Light Screen\n|move|p1a: Zapdos|Hurricane|p2a: Grimmsnarl\n|-damage|p2a: Grimmsnarl|36\/100\n|-start|p2a: Grimmsnarl|confusion\n|\n|upkeep\n|turn|12\n|\n|t:|1700363799\n|move|p1a: Zapdos|Hurricane|p2a: Grimmsnarl|[miss]\n|-miss|p1a: Zapdos|p2a: Grimmsnarl\n|-activate|p2a: Grimmsnarl|confusion\n|move|p2a: Grimmsnarl|Spirit Break|p1a: Zapdos\n|-crit|p1a: Zapdos\n|-damage|p1a: Zapdos|35\/100\n|-unboost|p1a: Zapdos|spa|1\n|\n|upkeep\n|turn|13\n|\n|t:|1700363806\n|move|p1a: Zapdos|Roost|p1a: Zapdos\n|-heal|p1a: Zapdos|85\/100\n|-singleturn|p1a: Zapdos|move: Roost\n|-activate|p2a: Grimmsnarl|confusion\n|move|p2a: Grimmsnarl|Spirit Break|p1a: Zapdos\n|-damage|p1a: Zapdos|53\/100\n|-unboost|p1a: Zapdos|spa|1\n|\n|upkeep\n|turn|14\n|\n|t:|1700363817\n|move|p1a: Zapdos|Hurricane|p2a: Grimmsnarl\n|-damage|p2a: Grimmsnarl|26\/100\n|-end|p2a: Grimmsnarl|confusion\n|move|p2a: Grimmsnarl|Spirit Break|p1a: Zapdos\n|-damage|p1a: Zapdos|21\/100\n|-unboost|p1a: Zapdos|spa|1\n|-status|p2a: Grimmsnarl|par|[from] ability: Static|[of] p1a: Zapdos\n|\n|upkeep\n|turn|15\n|\n|t:|1700363826\n|move|p2a: Grimmsnarl|Parting Shot|p1a: Zapdos\n|-unboost|p1a: Zapdos|atk|1\n|-unboost|p1a: Zapdos|spa|1\n|\n|t:|1700363828\n|switch|p2a: Great Tusk|Great Tusk|100\/100|[from] Parting Shot\n|move|p1a: Zapdos|Roost|p1a: Zapdos\n|-heal|p1a: Zapdos|71\/100\n|-singleturn|p1a: Zapdos|move: Roost\n|\n|upkeep\n|turn|16\n|\n|t:|1700363843\n|switch|p1a: Ninetales|Ninetales-Alola, M|100\/100\n|-weather|Snow|[from] ability: Snow Warning|[of] p1a: Ninetales\n|move|p2a: Great Tusk|Rapid Spin|p1a: Ninetales\n|-damage|p1a: Ninetales|87\/100\n|-boost|p2a: Great Tusk|spe|1\n|\n|-weather|Snow|[upkeep]\n|upkeep\n|turn|17\n|\n|t:|1700363856\n|move|p2a: Great Tusk|Close Combat|p1a: Ninetales\n|-damage|p1a: Ninetales|40\/100\n|-unboost|p2a: Great Tusk|def|1\n|-unboost|p2a: Great Tusk|spd|1\n|move|p1a: Ninetales|Aurora Veil|p1a: Ninetales\n|-sidestart|p1: draco9746|move: Aurora Veil\n|\n|-weather|Snow|[upkeep]\n|upkeep\n|turn|18\n|\n|t:|1700363863\n|-end|p2a: Great Tusk|Protosynthesis|[silent]\n|switch|p2a: Skeledirge|Skeledirge, M|100\/100\n|move|p1a: Ninetales|Moonblast|p2a: Skeledirge\n|-resisted|p2a: Skeledirge\n|-damage|p2a: Skeledirge|94\/100\n|\n|-weather|Snow|[upkeep]\n|-heal|p2a: Skeledirge|99\/100|[from] item: Leftovers\n|-sideend|p2: trainer gen5|move: Light Screen\n|upkeep\n|turn|19\n|\n|t:|1700363871\n|switch|p1a: Zapdos|Zapdos|71\/100\n|move|p2a: Skeledirge|Torch Song|p1a: Zapdos\n|-damage|p1a: Zapdos|51\/100\n|-boost|p2a: Skeledirge|spa|1\n|\n|-weather|Snow|[upkeep]\n|-heal|p2a: Skeledirge|100\/100|[from] item: Leftovers\n|upkeep\n|turn|20\n|\n|t:|1700363880\n|move|p1a: Zapdos|Hurricane|p2a: Skeledirge\n|-damage|p2a: Skeledirge|57\/100\n|-start|p2a: Skeledirge|confusion\n|-activate|p2a: Skeledirge|confusion\n|move|p2a: Skeledirge|Torch Song|p1a: Zapdos\n|-damage|p1a: Zapdos|20\/100\n|-boost|p2a: Skeledirge|spa|1\n|\n|-weather|none\n|-heal|p2a: Skeledirge|63\/100|[from] item: Leftovers\n|upkeep\n|turn|21\n|\n|t:|1700363894\n|move|p1a: Zapdos|Roost|p1a: Zapdos\n|-heal|p1a: Zapdos|70\/100\n|-singleturn|p1a: Zapdos|move: Roost\n|-activate|p2a: Skeledirge|confusion\n|move|p2a: Skeledirge|Torch Song|p1a: Zapdos\n|-damage|p1a: Zapdos|29\/100\n|-boost|p2a: Skeledirge|spa|1\n|\n|-heal|p2a: Skeledirge|69\/100|[from] item: Leftovers\n|upkeep\n|turn|22\n|\n|t:|1700363904\n|move|p1a: Zapdos|Hurricane|p2a: Skeledirge|[miss]\n|-miss|p1a: Zapdos|p2a: Skeledirge\n|-activate|p2a: Skeledirge|confusion\n|move|p2a: Skeledirge|Torch Song|p1a: Zapdos\n|-damage|p1a: Zapdos|0 fnt\n|-boost|p2a: Skeledirge|spa|1\n|faint|p1a: Zapdos\n|\n|-heal|p2a: Skeledirge|75\/100|[from] item: Leftovers\n|upkeep\n|\n|t:|1700363917\n|switch|p1a: Kingambit|Kingambit, M|88\/100\n|-activate|p1a: Kingambit|ability: Supreme Overlord\n|-start|p1a: Kingambit|fallen3|[silent]\n|turn|23\n|\n|t:|1700363921\n|move|p1a: Kingambit|Sucker Punch||[still]\n|-fail|p1a: Kingambit\n|-activate|p2a: Skeledirge|confusion\n|move|p2a: Skeledirge|Will-O-Wisp|p1a: Kingambit\n|-status|p1a: Kingambit|brn\n|-enditem|p1a: Kingambit|Lum Berry|[eat]\n|-curestatus|p1a: Kingambit|brn|[msg]\n|\n|-heal|p2a: Skeledirge|81\/100|[from] item: Leftovers\n|upkeep\n|turn|24\n|\n|t:|1700363932\n|-terastallize|p1a: Kingambit|Flying\n|move|p1a: Kingambit|Tera Blast|p2a: Skeledirge|[anim] Tera Blast Flying\n|-damage|p2a: Skeledirge|30\/100\n|-end|p2a: Skeledirge|confusion\n|move|p2a: Skeledirge|Torch Song|p1a: Kingambit\n|-damage|p1a: Kingambit|14\/100\n|-boost|p2a: Skeledirge|spa|1\n|\n|-heal|p2a: Skeledirge|36\/100|[from] item: Leftovers\n|-sideend|p1: draco9746|move: Aurora Veil\n|upkeep\n|turn|25\n|\n|t:|1700363942\n|move|p1a: Kingambit|Tera Blast|p2a: Skeledirge|[anim] Tera Blast Flying\n|-damage|p2a: Skeledirge|0 fnt\n|faint|p2a: Skeledirge\n|\n|upkeep\n|\n|t:|1700363954\n|switch|p2a: Great Tusk|Great Tusk|100\/100\n|turn|26\n|\n|t:|1700363965\n|-end|p1a: Kingambit|fallen3|[silent]\n|switch|p1a: Ninetales|Ninetales-Alola, M|40\/100\n|-weather|Snow|[from] ability: Snow Warning|[of] p1a: Ninetales\n|move|p2a: Great Tusk|Ice Spinner|p1a: Ninetales\n|-resisted|p1a: Ninetales\n|-damage|p1a: Ninetales|29\/100\n|\n|-weather|Snow|[upkeep]\n|upkeep\n|turn|27\n|inactive|draco9746 has 120 seconds left.\n|\n|t:|1700364003\n|-end|p2a: Great Tusk|Protosynthesis|[silent]\n|switch|p2a: Grimmsnarl|Grimmsnarl, M|26\/100 par\n|move|p1a: Ninetales|Encore||[still]\n|-fail|p1a: Ninetales\n|\n|-weather|Snow|[upkeep]\n|upkeep\n|turn|28\n|inactive|draco9746 has 120 seconds left.\n|\n|t:|1700364009\n|move|p2a: Grimmsnarl|Reflect|p2a: Grimmsnarl\n|-sidestart|p2: trainer gen5|Reflect\n|move|p1a: Ninetales|Moonblast|p2a: Grimmsnarl\n|-supereffective|p2a: Grimmsnarl\n|-damage|p2a: Grimmsnarl|0 fnt\n|faint|p2a: Grimmsnarl\n|\n|-weather|Snow|[upkeep]\n|upkeep\n|\n|t:|1700364014\n|switch|p2a: Meowscarada|Meowscarada, F|100\/100\n|turn|29\n|\n|t:|1700364017\n|move|p2a: Meowscarada|Flower Trick|p1a: Ninetales\n|-start|p2a: Meowscarada|typechange|Grass|[from] ability: Protean\n|-crit|p1a: Ninetales\n|-damage|p1a: Ninetales|0 fnt\n|faint|p1a: Ninetales\n|\n|-weather|Snow|[upkeep]\n|upkeep\n|\n|t:|1700364032\n|switch|p1a: Sneasler|Sneasler, F|100\/100\n|turn|30\n|\n|t:|1700364035\n|switch|p2a: Great Tusk|Great Tusk|100\/100\n|move|p1a: Sneasler|Fake Out|p2a: Great Tusk\n|-enditem|p1a: Sneasler|Normal Gem|[from] gem\n|-damage|p2a: Great Tusk|94\/100\n|\n|-weather|none\n|-heal|p2a: Great Tusk|99\/100|[from] item: Leftovers\n|upkeep\n|turn|31\n|\n|t:|1700364045\n|move|p1a: Sneasler|Acrobatics|p2a: Great Tusk\n|-supereffective|p2a: Great Tusk\n|-crit|p2a: Great Tusk\n|-damage|p2a: Great Tusk|10\/100\n|move|p2a: Great Tusk|Rapid Spin|p1a: Sneasler\n|-damage|p1a: Sneasler|74\/100\n|-boost|p2a: Great Tusk|spe|1\n|\n|-heal|p2a: Great Tusk|16\/100|[from] item: Leftovers\n|upkeep\n|turn|32\n|\n|t:|1700364062\n|move|p1a: Sneasler|Acrobatics|p2a: Great Tusk\n|-supereffective|p2a: Great Tusk\n|-damage|p2a: Great Tusk|0 fnt\n|faint|p2a: Great Tusk\n|-end|p2a: Great Tusk|Protosynthesis|[silent]\n|\n|upkeep\n|\n|t:|1700364065\n|switch|p2a: Amoonguss|Amoonguss, F|100\/100\n|turn|33\n|\n|t:|1700364070\n|move|p1a: Sneasler|Acrobatics|p2a: Amoonguss\n|-supereffective|p2a: Amoonguss\n|-crit|p2a: Amoonguss\n|-damage|p2a: Amoonguss|0 fnt\n|faint|p2a: Amoonguss\n|\n|upkeep\n|\n|t:|1700364079\n|switch|p2a: Meowscarada|Meowscarada, F|100\/100\n|turn|34\n|\n|t:|1700364082\n|move|p1a: Sneasler|Acrobatics|p2a: Meowscarada\n|-supereffective|p2a: Meowscarada\n|-damage|p2a: Meowscarada|33\/100\n|move|p2a: Meowscarada|Flower Trick|p1a: Sneasler\n|-start|p2a: Meowscarada|typechange|Grass|[from] ability: Protean\n|-resisted|p1a: Sneasler\n|-crit|p1a: Sneasler\n|-damage|p1a: Sneasler|10\/100\n|\n|upkeep\n|turn|35\n|-message|trainer gen5 forfeited.\n|\n|win|draco9746\n|raw|draco9746's rating: 1344 &rarr; <strong>1369<\/strong><br \/>(+25 for winning)\n|raw|trainer gen5's rating: 1437 &rarr; <strong>1412<\/strong><br \/>(-25 for losing)\n|l|\u2606trainer gen5\n","uploadtime":1700364093,"views":11,"p1id":"draco9746","p2id":"trainergen5","formatid":"gen9ou","rating":1369,"private":0,"password":""}