{"id":"gen9ou-1994515687","p1":"Poison Ivy Thorns","p2":"Ogalbina","format":"[Gen 9] OU","log":"|j|\u2606Poison Ivy Thorns\n|j|\u2606Ogalbina\n|t:|1700453249\n|gametype|singles\n|player|p1|Poison Ivy Thorns|ethan-gen2|1484\n|player|p2|Ogalbina|101|1525\n|teamsize|p1|6\n|teamsize|p2|6\n|gen|9\n|tier|[Gen 9] OU\n|rated|\n|rule|Sleep Clause Mod: Limit one foe put to sleep\n|rule|Species Clause: Limit one of each Pok\u00e9mon\n|rule|OHKO Clause: OHKO moves are banned\n|rule|Evasion Items Clause: Evasion items are banned\n|rule|Evasion Moves Clause: Evasion moves are banned\n|rule|Endless Battle Clause: Forcing endless battles is banned\n|rule|HP Percentage Mod: HP is shown in percentages\n|clearpoke\n|poke|p1|Mew|\n|poke|p1|Enamorus, F|\n|poke|p1|Heatran, M|\n|poke|p1|Mandibuzz, F|\n|poke|p1|Dragapult, M|\n|poke|p1|Great Tusk|\n|poke|p2|Ribombee, F|\n|poke|p2|Yanmega, M|\n|poke|p2|Ogerpon-Wellspring, F|\n|poke|p2|Kingambit, M|\n|poke|p2|Great Tusk|\n|poke|p2|Gholdengo|\n|teampreview\n|inactive|Battle timer is ON: inactive players will automatically lose when time's up. (requested by Poison Ivy Thorns)\n|inactive|Poison Ivy Thorns has 120 seconds left.\n|\n|t:|1700453280\n|start\n|switch|p1a: Dragapult|Dragapult, M|100\/100\n|switch|p2a: Mr Bombastick|Ribombee, F|100\/100\n|turn|1\n|\n|t:|1700453295\n|move|p1a: Dragapult|Phantom Force||[still]\n|-prepare|p1a: Dragapult|Phantom Force\n|-enditem|p1a: Dragapult|Power Herb\n|-anim|p1a: Dragapult|Phantom Force|p2a: Mr Bombastick\n|-damage|p2a: Mr Bombastick|4\/100\n|move|p2a: Mr Bombastick|Sticky Web|p1a: Dragapult\n|-sidestart|p1: Poison Ivy Thorns|move: Sticky Web\n|\n|upkeep\n|turn|2\n|\n|t:|1700453303\n|move|p1a: Dragapult|Acrobatics|p2a: Mr Bombastick\n|-supereffective|p2a: Mr Bombastick\n|-damage|p2a: Mr Bombastick|0 fnt\n|faint|p2a: Mr Bombastick\n|\n|upkeep\n|\n|t:|1700453311\n|switch|p2a: Kingambit|Kingambit, M|100\/100\n|-activate|p2a: Kingambit|ability: Supreme Overlord\n|-start|p2a: Kingambit|fallen1|[silent]\n|turn|3\n|\n|t:|1700453316\n|switch|p1a: Great Tusk|Great Tusk|100\/100\n|-activate|p1a: Great Tusk|move: Sticky Web\n|-unboost|p1a: Great Tusk|spe|1\n|move|p2a: Kingambit|Iron Head|p1a: Great Tusk\n|-damage|p1a: Great Tusk|60\/100\n|\n|-heal|p1a: Great Tusk|66\/100|[from] item: Leftovers\n|upkeep\n|turn|4\n|\n|t:|1700453319\n|-end|p2a: Kingambit|fallen1|[silent]\n|switch|p2a: Gholdengo|Gholdengo|100\/100\n|-item|p2a: Gholdengo|Air Balloon\n|move|p1a: Great Tusk|Ice Spinner|p2a: Gholdengo\n|-resisted|p2a: Gholdengo\n|-damage|p2a: Gholdengo|91\/100\n|-enditem|p2a: Gholdengo|Air Balloon\n|\n|-heal|p1a: Great Tusk|72\/100|[from] item: Leftovers\n|upkeep\n|turn|5\n|\n|t:|1700453327\n|-end|p1a: Great Tusk|Protosynthesis|[silent]\n|switch|p1a: Heatran|Heatran, M|100\/100\n|-activate|p1a: Heatran|move: Sticky Web\n|-unboost|p1a: Heatran|spe|1\n|move|p2a: Gholdengo|Make It Rain|p1a: Heatran\n|-resisted|p1a: Heatran\n|-damage|p1a: Heatran|93\/100\n|-unboost|p2a: Gholdengo|spa|1\n|\n|-heal|p1a: Heatran|99\/100|[from] item: Leftovers\n|upkeep\n|turn|6\n|\n|t:|1700453332\n|switch|p2a: Ogerpon|Ogerpon-Wellspring, F|100\/100\n|move|p1a: Heatran|Magma Storm|p2a: Ogerpon\n|-damage|p2a: Ogerpon|49\/100\n|-activate|p2a: Ogerpon|move: Magma Storm|[of] p1a: Heatran\n|\n|-heal|p1a: Heatran|100\/100|[from] item: Leftovers\n|-damage|p2a: Ogerpon|36\/100|[from] move: Magma Storm|[partiallytrapped]\n|upkeep\n|turn|7\n|\n|t:|1700453337\n|move|p1a: Heatran|Protect|p1a: Heatran\n|-singleturn|p1a: Heatran|Protect\n|move|p2a: Ogerpon|Ivy Cudgel|p1a: Heatran|[anim] Ivy Cudgel Water\n|-activate|p1a: Heatran|move: Protect\n|\n|-damage|p2a: Ogerpon|24\/100|[from] move: Magma Storm|[partiallytrapped]\n|upkeep\n|turn|8\n|\n|t:|1700453347\n|-terastallize|p1a: Heatran|Grass\n|move|p2a: Ogerpon|Ivy Cudgel|p1a: Heatran|[anim] Ivy Cudgel Water\n|-resisted|p1a: Heatran\n|-damage|p1a: Heatran|76\/100\n|move|p1a: Heatran|Earth Power|p2a: Ogerpon\n|-resisted|p2a: Ogerpon\n|-damage|p2a: Ogerpon|9\/100\n|\n|-heal|p1a: Heatran|82\/100|[from] item: Leftovers\n|-damage|p2a: Ogerpon|0 fnt|[from] move: Magma Storm|[partiallytrapped]\n|faint|p2a: Ogerpon\n|upkeep\n|\n|t:|1700453368\n|switch|p2a: Yanmega|Yanmega, M|100\/100\n|turn|9\n|\n|t:|1700453372\n|-terastallize|p2a: Yanmega|Bug\n|move|p1a: Heatran|Protect|p1a: Heatran\n|-singleturn|p1a: Heatran|Protect\n|move|p2a: Yanmega|Bug Buzz|p1a: Heatran\n|-activate|p1a: Heatran|move: Protect\n|\n|-heal|p1a: Heatran|89\/100|[from] item: Leftovers\n|upkeep\n|turn|10\n|\n|t:|1700453390\n|switch|p1a: Dragapult|Dragapult, M|100\/100\n|-activate|p1a: Dragapult|move: Sticky Web\n|-unboost|p1a: Dragapult|spe|1\n|move|p2a: Yanmega|Bug Buzz|p1a: Dragapult\n|-resisted|p1a: Dragapult\n|-crit|p1a: Dragapult\n|-damage|p1a: Dragapult|0 fnt\n|faint|p1a: Dragapult\n|\n|upkeep\n|\n|t:|1700453393\n|switch|p1a: Enamorus|Enamorus, F|100\/100\n|turn|11\n|\n|t:|1700453397\n|move|p1a: Enamorus|Mystical Fire|p2a: Yanmega\n|-supereffective|p2a: Yanmega\n|-damage|p2a: Yanmega|10\/100\n|-unboost|p2a: Yanmega|spa|1\n|move|p2a: Yanmega|Bug Buzz|p1a: Enamorus\n|-resisted|p1a: Enamorus\n|-damage|p1a: Enamorus|62\/100\n|\n|upkeep\n|turn|12\n|\n|t:|1700453409\n|switch|p2a: Great Tusk|Great Tusk|100\/100\n|-enditem|p2a: Great Tusk|Booster Energy\n|-activate|p2a: Great Tusk|ability: Protosynthesis|[fromitem]\n|-start|p2a: Great Tusk|protosynthesisatk\n|move|p1a: Enamorus|Mystical Fire|p2a: Great Tusk\n|-damage|p2a: Great Tusk|62\/100\n|-unboost|p2a: Great Tusk|spa|1\n|\n|upkeep\n|turn|13\n|\n|t:|1700453418\n|switch|p1a: Mandibuzz|Mandibuzz, F|100\/100\n|move|p2a: Great Tusk|Stealth Rock|p1a: Mandibuzz\n|-sidestart|p1: Poison Ivy Thorns|move: Stealth Rock\n|\n|upkeep\n|turn|14\n|\n|t:|1700453425\n|switch|p1a: Heatran|Heatran, M, tera:Grass|89\/100\n|-activate|p1a: Heatran|move: Sticky Web\n|-unboost|p1a: Heatran|spe|1\n|-damage|p1a: Heatran|76\/100|[from] Stealth Rock\n|move|p2a: Great Tusk|Ice Spinner|p1a: Heatran\n|-supereffective|p1a: Heatran\n|-damage|p1a: Heatran|9\/100\n|\n|-heal|p1a: Heatran|16\/100|[from] item: Leftovers\n|upkeep\n|turn|15\n|\n|t:|1700453430\n|move|p2a: Great Tusk|Rapid Spin|p1a: Heatran\n|-damage|p1a: Heatran|0 fnt\n|-boost|p2a: Great Tusk|spe|1\n|faint|p1a: Heatran\n|\n|upkeep\n|\n|t:|1700453434\n|switch|p1a: Enamorus|Enamorus, F|62\/100\n|-damage|p1a: Enamorus|37\/100|[from] Stealth Rock\n|turn|16\n|\n|t:|1700453439\n|-end|p2a: Great Tusk|Protosynthesis|[silent]\n|switch|p2a: Gholdengo|Gholdengo|91\/100\n|move|p1a: Enamorus|Moonblast|p2a: Gholdengo\n|-resisted|p2a: Gholdengo\n|-damage|p2a: Gholdengo|67\/100\n|\n|upkeep\n|turn|17\n|\n|t:|1700453444\n|switch|p1a: Mandibuzz|Mandibuzz, F|100\/100\n|switch|p2a: Yanmega|Yanmega, M, tera:Bug|10\/100\n|\n|upkeep\n|turn|18\n|\n|t:|1700453449\n|move|p2a: Yanmega|Bug Buzz|p1a: Mandibuzz\n|-damage|p1a: Mandibuzz|27\/100\n|move|p1a: Mandibuzz|Defog|p2a: Yanmega\n|-unboost|p2a: Yanmega|evasion|1\n|-sideend|p1: Poison Ivy Thorns|Stealth Rock|[from] move: Defog|[of] p1a: Mandibuzz\n|-sideend|p1: Poison Ivy Thorns|Sticky Web|[from] move: Defog|[of] p1a: Mandibuzz\n|\n|upkeep\n|turn|19\n|\n|t:|1700453455\n|move|p2a: Yanmega|Bug Buzz|p1a: Mandibuzz\n|-damage|p1a: Mandibuzz|0 fnt\n|faint|p1a: Mandibuzz\n|\n|upkeep\n|\n|t:|1700453457\n|switch|p1a: Enamorus|Enamorus, F|37\/100\n|turn|20\n|\n|t:|1700453477\n|switch|p2a: Kingambit|Kingambit, M|100\/100\n|-activate|p2a: Kingambit|ability: Supreme Overlord\n|-start|p2a: Kingambit|fallen2|[silent]\n|move|p1a: Enamorus|Earth Power|p2a: Kingambit\n|-supereffective|p2a: Kingambit\n|-damage|p2a: Kingambit|22\/100\n|\n|-heal|p2a: Kingambit|29\/100|[from] item: Leftovers\n|upkeep\n|turn|21\n|\n|t:|1700453482\n|switch|p1a: Great Tusk|Great Tusk|72\/100\n|move|p2a: Kingambit|Sucker Punch||[still]\n|-fail|p2a: Kingambit\n|\n|-heal|p1a: Great Tusk|79\/100|[from] item: Leftovers\n|-heal|p2a: Kingambit|35\/100|[from] item: Leftovers\n|upkeep\n|turn|22\n|\n|t:|1700453490\n|move|p1a: Great Tusk|Earthquake|p2a: Kingambit\n|-supereffective|p2a: Kingambit\n|-damage|p2a: Kingambit|0 fnt\n|faint|p2a: Kingambit\n|-end|p2a: Kingambit|fallen2|[silent]\n|\n|-heal|p1a: Great Tusk|85\/100|[from] item: Leftovers\n|upkeep\n|\n|t:|1700453495\n|switch|p2a: Yanmega|Yanmega, M, tera:Bug|10\/100\n|turn|23\n|\n|t:|1700453499\n|-end|p1a: Great Tusk|Protosynthesis|[silent]\n|switch|p1a: Mew|Mew|100\/100\n|move|p2a: Yanmega|Air Slash|p1a: Mew\n|-damage|p1a: Mew|50\/100\n|\n|upkeep\n|turn|24\n|\n|t:|1700453507\n|move|p1a: Mew|Psychic|p2a: Yanmega\n|-damage|p2a: Yanmega|0 fnt\n|faint|p2a: Yanmega\n|\n|upkeep\n|\n|t:|1700453511\n|switch|p2a: Gholdengo|Gholdengo|67\/100\n|turn|25\n|\n|t:|1700453521\n|move|p1a: Mew|Psychic|p2a: Gholdengo\n|-resisted|p2a: Gholdengo\n|-damage|p2a: Gholdengo|37\/100\n|move|p2a: Gholdengo|Recover|p2a: Gholdengo\n|-heal|p2a: Gholdengo|87\/100\n|\n|upkeep\n|turn|26\n|\n|t:|1700453524\n|move|p1a: Mew|Psychic|p2a: Gholdengo\n|-resisted|p2a: Gholdengo\n|-damage|p2a: Gholdengo|58\/100\n|move|p2a: Gholdengo|Nasty Plot|p2a: Gholdengo\n|-boost|p2a: Gholdengo|spa|2\n|\n|upkeep\n|turn|27\n|\n|t:|1700453526\n|move|p1a: Mew|Psychic|p2a: Gholdengo\n|-resisted|p2a: Gholdengo\n|-damage|p2a: Gholdengo|27\/100\n|move|p2a: Gholdengo|Recover|p2a: Gholdengo\n|-heal|p2a: Gholdengo|77\/100\n|\n|upkeep\n|turn|28\n|\n|t:|1700453529\n|move|p1a: Mew|Psychic|p2a: Gholdengo\n|-resisted|p2a: Gholdengo\n|-damage|p2a: Gholdengo|50\/100\n|move|p2a: Gholdengo|Recover|p2a: Gholdengo\n|-heal|p2a: Gholdengo|99\/100\n|\n|upkeep\n|turn|29\n|\n|t:|1700453532\n|move|p1a: Mew|Psychic|p2a: Gholdengo\n|-resisted|p2a: Gholdengo\n|-damage|p2a: Gholdengo|73\/100\n|move|p2a: Gholdengo|Shadow Ball|p1a: Mew\n|-supereffective|p1a: Mew\n|-damage|p1a: Mew|0 fnt\n|faint|p1a: Mew\n|\n|upkeep\n|\n|t:|1700453536\n|switch|p1a: Great Tusk|Great Tusk|85\/100\n|turn|30\n|\n|t:|1700453545\n|move|p1a: Great Tusk|Earthquake|p2a: Gholdengo\n|-supereffective|p2a: Gholdengo\n|-damage|p2a: Gholdengo|0 fnt\n|faint|p2a: Gholdengo\n|\n|-heal|p1a: Great Tusk|91\/100|[from] item: Leftovers\n|upkeep\n|\n|t:|1700453548\n|switch|p2a: Great Tusk|Great Tusk|62\/100\n|turn|31\n|\n|t:|1700453551\n|-end|p1a: Great Tusk|Protosynthesis|[silent]\n|switch|p1a: Enamorus|Enamorus, F|37\/100\n|move|p2a: Great Tusk|Rapid Spin|p1a: Enamorus\n|-damage|p1a: Enamorus|6\/100\n|-boost|p2a: Great Tusk|spe|1\n|\n|upkeep\n|turn|32\n|c|\u2606Poison Ivy Thorns|GG\n|c|\u2606Ogalbina|WHATTT\n|c|\u2606Ogalbina|WHY\n|c|\u2606Ogalbina|WHY\n|c|\u2606Ogalbina|WOULD YOU\n|c|\u2606Ogalbina|LOOOOL\n|c|\u2606Ogalbina|gg\n|\n|t:|1700453567\n|move|p1a: Enamorus|Moonblast|p2a: Great Tusk\n|-supereffective|p2a: Great Tusk\n|-damage|p2a: Great Tusk|0 fnt\n|faint|p2a: Great Tusk\n|-end|p2a: Great Tusk|Protosynthesis|[silent]\n|\n|win|Poison Ivy Thorns\n|raw|Poison Ivy Thorns's rating: 1484 &rarr; <strong>1506<\/strong><br \/>(+22 for winning)\n|raw|Ogalbina's rating: 1525 &rarr; <strong>1503<\/strong><br \/>(-22 for losing)\n|c|\u2606Ogalbina|you had one lose condition\n|c|\u2606Ogalbina|and uyou did it LOOOL\n|c|\u2606Poison Ivy Thorns|i knew i survived that\n|c|\u2606Poison Ivy Thorns|what would happen after\n|c|\u2606Poison Ivy Thorns|my tusk beat urs 1v1 anyway\n|c|\u2606Ogalbina|what if i spinnered\n|c|\u2606Ogalbina|bri\n|c|\u2606Ogalbina|LOOL\n|c|\u2606Poison Ivy Thorns|i knew u wouldnt\n|c|\u2606Poison Ivy Thorns|u had to rapid\n|c|\u2606Ogalbina|demon\n|c|\u2606Ogalbina|ur the goat\n|l|\u2606Ogalbina\n|c|\u2606Poison Ivy Thorns|true\n|c|\u2606Poison Ivy Thorns|gg\n","uploadtime":1700453629,"views":21,"p1id":"poisonivythorns","p2id":"ogalbina","formatid":"gen9ou","rating":1503,"private":0,"password":""}