{"id":"gen9ou-1998020441","p1":"soy bebe","p2":"ncdr","format":"[Gen 9] OU","log":"|j|\u2606soy bebe\n|j|\u2606ncdr\n|t:|1700879871\n|gametype|singles\n|player|p1|soy bebe|winona-gen3|1515\n|player|p2|ncdr|flannery|1607\n|teamsize|p1|6\n|teamsize|p2|6\n|gen|9\n|tier|[Gen 9] OU\n|rated|\n|rule|Sleep Clause Mod: Limit one foe put to sleep\n|rule|Species Clause: Limit one of each Pok\u00e9mon\n|rule|OHKO Clause: OHKO moves are banned\n|rule|Evasion Items Clause: Evasion items are banned\n|rule|Evasion Moves Clause: Evasion moves are banned\n|rule|Endless Battle Clause: Forcing endless battles is banned\n|rule|HP Percentage Mod: HP is shown in percentages\n|clearpoke\n|poke|p1|Politoed, M|\n|poke|p1|Zapdos|\n|poke|p1|Iron Treads|\n|poke|p1|Basculegion-F, F|\n|poke|p1|Quaquaval, M|\n|poke|p1|Meowscarada, F|\n|poke|p2|Hydreigon, M|\n|poke|p2|Great Tusk|\n|poke|p2|Tyranitar, F|\n|poke|p2|Moltres|\n|poke|p2|Gholdengo|\n|poke|p2|Kingambit, F|\n|teampreview\n|j| metaloid\n|inactive|Battle timer is ON: inactive players will automatically lose when time's up. (requested by soy bebe)\n|l| metaloid\n|\n|t:|1700879906\n|start\n|switch|p1a: Silly Cayt|Meowscarada, F, shiny|100\/100\n|switch|p2a: Great Tusk|Great Tusk|100\/100\n|turn|1\n|j| metaloid\n|\n|t:|1700879935\n|-end|p2a: Great Tusk|Protosynthesis|[silent]\n|switch|p2a: Moltres|Moltres|100\/100\n|move|p1a: Silly Cayt|U-turn|p2a: Moltres\n|-start|p1a: Silly Cayt|typechange|Bug|[from] ability: Protean\n|-resisted|p2a: Moltres\n|-damage|p2a: Moltres|95\/100\n|inactive|soy bebe has 120 seconds left.\n|\n|t:|1700879952\n|switch|p1a: Golden Girl|Basculegion-F, F, shiny|100\/100|[from] U-turn\n|\n|upkeep\n|turn|2\n|inactive|soy bebe has 120 seconds left.\n|\n|t:|1700879962\n|switch|p2a: Tyranitar|Tyranitar, F|100\/100\n|-weather|Sandstorm|[from] ability: Sand Stream|[of] p2a: Tyranitar\n|move|p1a: Golden Girl|Surf|p2a: Tyranitar\n|-supereffective|p2a: Tyranitar\n|-damage|p2a: Tyranitar|52\/100\n|\n|-weather|Sandstorm|[upkeep]\n|-damage|p1a: Golden Girl|94\/100|[from] Sandstorm\n|-heal|p2a: Tyranitar|58\/100|[from] item: Leftovers\n|upkeep\n|turn|3\n|inactive|soy bebe has 120 seconds left.\n|\n|t:|1700879975\n|switch|p1a: Treadtianna|Iron Treads, shiny|100\/100\n|-enditem|p1a: Treadtianna|Booster Energy\n|-activate|p1a: Treadtianna|ability: Quark Drive|[fromitem]\n|-start|p1a: Treadtianna|quarkdrivespe\n|move|p2a: Tyranitar|Knock Off|p1a: Treadtianna\n|-damage|p1a: Treadtianna|75\/100\n|\n|-weather|Sandstorm|[upkeep]\n|-heal|p2a: Tyranitar|65\/100|[from] item: Leftovers\n|upkeep\n|turn|4\n|inactive|soy bebe has 120 seconds left.\n|j| 5EternalNoob5\n|\n|t:|1700879985\n|switch|p2a: Great Tusk|Great Tusk|100\/100\n|move|p1a: Treadtianna|Stealth Rock|p2a: Great Tusk\n|-sidestart|p2: ncdr|move: Stealth Rock\n|\n|-weather|Sandstorm|[upkeep]\n|upkeep\n|turn|5\n|\n|t:|1700879996\n|-end|p1a: Treadtianna|Quark Drive|[silent]\n|switch|p1a: Tempo|Zapdos, shiny|100\/100\n|move|p2a: Great Tusk|Headlong Rush|p1a: Tempo\n|-immune|p1a: Tempo\n|\n|-weather|Sandstorm|[upkeep]\n|-damage|p1a: Tempo|94\/100|[from] Sandstorm\n|upkeep\n|turn|6\n|\n|t:|1700880003\n|-end|p2a: Great Tusk|Protosynthesis|[silent]\n|switch|p2a: Gholdengo|Gholdengo|100\/100\n|-damage|p2a: Gholdengo|94\/100|[from] Stealth Rock\n|move|p1a: Tempo|Hurricane|p2a: Gholdengo\n|-resisted|p2a: Gholdengo\n|-damage|p2a: Gholdengo|72\/100\n|\n|-weather|none\n|upkeep\n|turn|7\n|\n|t:|1700880010\n|move|p1a: Tempo|Volt Switch|p2a: Gholdengo\n|-damage|p2a: Gholdengo|42\/100\n|\n|t:|1700880014\n|switch|p1a: PoliSwirl~|Politoed, M, shiny|100\/100|[from] Volt Switch\n|-weather|RainDance|[from] ability: Drizzle|[of] p1a: PoliSwirl~\n|move|p2a: Gholdengo|Trick|p1a: PoliSwirl~\n|-activate|p2a: Gholdengo|move: Trick|[of] p1a: PoliSwirl~\n|-item|p1a: PoliSwirl~|Choice Specs|[from] move: Trick\n|-item|p2a: Gholdengo|Damp Rock|[from] move: Trick\n|\n|-weather|RainDance|[upkeep]\n|upkeep\n|turn|8\n|l| 5EternalNoob5\n|\n|t:|1700880023\n|move|p2a: Gholdengo|Thunder Wave|p1a: PoliSwirl~\n|-status|p1a: PoliSwirl~|par\n|move|p1a: PoliSwirl~|Surf|p2a: Gholdengo\n|-damage|p2a: Gholdengo|0 fnt\n|faint|p2a: Gholdengo\n|\n|-weather|RainDance|[upkeep]\n|upkeep\n|\n|t:|1700880030\n|switch|p2a: Tyranitar|Tyranitar, F|65\/100\n|-damage|p2a: Tyranitar|52\/100|[from] Stealth Rock\n|-weather|Sandstorm|[from] ability: Sand Stream|[of] p2a: Tyranitar\n|turn|9\n|\n|t:|1700880035\n|move|p2a: Tyranitar|Stealth Rock|p1a: PoliSwirl~\n|-sidestart|p1: soy bebe|move: Stealth Rock\n|move|p1a: PoliSwirl~|Surf|p2a: Tyranitar\n|-supereffective|p2a: Tyranitar\n|-damage|p2a: Tyranitar|3\/100\n|\n|-weather|Sandstorm|[upkeep]\n|-damage|p1a: PoliSwirl~|94\/100 par|[from] Sandstorm\n|-heal|p2a: Tyranitar|9\/100|[from] item: Leftovers\n|upkeep\n|turn|10\n|\n|t:|1700880050\n|switch|p1a: Treadtianna|Iron Treads, shiny|75\/100\n|-damage|p1a: Treadtianna|72\/100|[from] Stealth Rock\n|move|p2a: Tyranitar|Knock Off|p1a: Treadtianna\n|-damage|p1a: Treadtianna|44\/100\n|\n|-weather|Sandstorm|[upkeep]\n|-heal|p2a: Tyranitar|15\/100|[from] item: Leftovers\n|upkeep\n|turn|11\n|\n|t:|1700880056\n|switch|p2a: Moltres|Moltres|95\/100\n|move|p1a: Treadtianna|Rapid Spin|p2a: Moltres\n|-damage|p2a: Moltres|84\/100\n|-boost|p1a: Treadtianna|spe|1\n|-sideend|p1: soy bebe|Stealth Rock|[from] move: Rapid Spin|[of] p1a: Treadtianna\n|\n|-weather|Sandstorm|[upkeep]\n|-damage|p2a: Moltres|78\/100|[from] Sandstorm\n|upkeep\n|turn|12\n|\n|t:|1700880065\n|-end|p1a: Treadtianna|Quark Drive|[silent]\n|switch|p1a: Tempo|Zapdos, shiny|94\/100\n|move|p2a: Moltres|Overheat|p1a: Tempo\n|-damage|p1a: Tempo|43\/100\n|-unboost|p2a: Moltres|spa|2\n|\n|-weather|Sandstorm|[upkeep]\n|-damage|p1a: Tempo|36\/100|[from] Sandstorm\n|-damage|p2a: Moltres|72\/100|[from] Sandstorm\n|upkeep\n|turn|13\n|\n|t:|1700880074\n|move|p1a: Tempo|Weather Ball|p2a: Moltres\n|-supereffective|p2a: Moltres\n|-damage|p2a: Moltres|0 fnt\n|faint|p2a: Moltres\n|\n|-weather|none\n|upkeep\n|\n|t:|1700880078\n|switch|p2a: Hydreigon|Hydreigon, M|100\/100\n|-damage|p2a: Hydreigon|88\/100|[from] Stealth Rock\n|turn|14\n|inactive|soy bebe has 120 seconds left.\n|\n|t:|1700880113\n|switch|p1a: Treadtianna|Iron Treads, shiny|44\/100\n|move|p2a: Hydreigon|Nasty Plot|p2a: Hydreigon\n|-boost|p2a: Hydreigon|spa|2\n|\n|-heal|p2a: Hydreigon|94\/100|[from] item: Leftovers\n|upkeep\n|turn|15\n|\n|t:|1700880127\n|move|p1a: Treadtianna|Iron Head|p2a: Hydreigon\n|-damage|p2a: Hydreigon|58\/100\n|cant|p2a: Hydreigon|flinch\n|\n|-heal|p2a: Hydreigon|64\/100|[from] item: Leftovers\n|upkeep\n|turn|16\n|\n|t:|1700880133\n|move|p1a: Treadtianna|Iron Head|p2a: Hydreigon\n|-damage|p2a: Hydreigon|27\/100\n|move|p2a: Hydreigon|Flamethrower|p1a: Treadtianna\n|-supereffective|p1a: Treadtianna\n|-damage|p1a: Treadtianna|0 fnt\n|faint|p1a: Treadtianna\n|-end|p1a: Treadtianna|Quark Drive|[silent]\n|\n|-heal|p2a: Hydreigon|33\/100|[from] item: Leftovers\n|upkeep\n|\n|t:|1700880139\n|switch|p1a: PoliSwirl~|Politoed, M, shiny|94\/100 par\n|-weather|RainDance|[from] ability: Drizzle|[of] p1a: PoliSwirl~\n|turn|17\n|\n|t:|1700880153\n|switch|p2a: Tyranitar|Tyranitar, F|15\/100\n|-damage|p2a: Tyranitar|3\/100|[from] Stealth Rock\n|-weather|Sandstorm|[from] ability: Sand Stream|[of] p2a: Tyranitar\n|move|p1a: PoliSwirl~|Surf|p2a: Tyranitar\n|-supereffective|p2a: Tyranitar\n|-damage|p2a: Tyranitar|0 fnt\n|faint|p2a: Tyranitar\n|\n|-weather|Sandstorm|[upkeep]\n|-damage|p1a: PoliSwirl~|88\/100 par|[from] Sandstorm\n|upkeep\n|\n|t:|1700880156\n|switch|p2a: Great Tusk|Great Tusk|100\/100\n|-damage|p2a: Great Tusk|98\/100|[from] Stealth Rock\n|turn|18\n|\n|t:|1700880165\n|switch|p1a: Tempo|Zapdos, shiny|36\/100\n|move|p2a: Great Tusk|Head Smash|p1a: Tempo\n|-supereffective|p1a: Tempo\n|-damage|p1a: Tempo|0 fnt\n|-status|p2a: Great Tusk|par|[from] ability: Static|[of] p1a: Tempo\n|faint|p1a: Tempo\n|-damage|p2a: Great Tusk|79\/100 par|[from] Recoil\n|\n|-weather|Sandstorm|[upkeep]\n|upkeep\n|\n|t:|1700880173\n|switch|p1a: PoliSwirl~|Politoed, M, shiny|88\/100 par\n|-weather|RainDance|[from] ability: Drizzle|[of] p1a: PoliSwirl~\n|turn|19\n|\n|t:|1700880183\n|-end|p2a: Great Tusk|Protosynthesis|[silent]\n|switch|p2a: Hydreigon|Hydreigon, M|33\/100\n|-damage|p2a: Hydreigon|20\/100|[from] Stealth Rock\n|cant|p1a: PoliSwirl~|par\n|\n|-weather|RainDance|[upkeep]\n|-heal|p2a: Hydreigon|27\/100|[from] item: Leftovers\n|upkeep\n|turn|20\n|\n|t:|1700880194\n|move|p2a: Hydreigon|Dark Pulse|p1a: PoliSwirl~\n|-damage|p1a: PoliSwirl~|57\/100 par\n|move|p1a: PoliSwirl~|Ice Beam|p2a: Hydreigon\n|-supereffective|p2a: Hydreigon\n|-damage|p2a: Hydreigon|0 fnt\n|faint|p2a: Hydreigon\n|\n|-weather|RainDance|[upkeep]\n|upkeep\n|\n|t:|1700880200\n|switch|p2a: Great Tusk|Great Tusk|79\/100 par\n|-damage|p2a: Great Tusk|76\/100 par|[from] Stealth Rock\n|turn|21\n|\n|t:|1700880212\n|switch|p1a: Golden Girl|Basculegion-F, F, shiny|94\/100\n|move|p2a: Great Tusk|Headlong Rush|p1a: Golden Girl\n|-crit|p1a: Golden Girl\n|-damage|p1a: Golden Girl|0 fnt\n|-unboost|p2a: Great Tusk|def|1\n|-unboost|p2a: Great Tusk|spd|1\n|faint|p1a: Golden Girl\n|\n|-weather|RainDance|[upkeep]\n|upkeep\n|\n|t:|1700880218\n|switch|p1a: Quavo|Quaquaval, M, shiny|100\/100\n|turn|22\n|\n|t:|1700880222\n|move|p1a: Quavo|Aqua Step|p2a: Great Tusk\n|-supereffective|p2a: Great Tusk\n|-crit|p2a: Great Tusk\n|-damage|p2a: Great Tusk|0 fnt\n|-boost|p1a: Quavo|spe|1\n|faint|p2a: Great Tusk\n|-end|p2a: Great Tusk|Protosynthesis|[silent]\n|-ability|p1a: Quavo|Moxie|boost\n|-boost|p1a: Quavo|atk|1\n|\n|-weather|RainDance|[upkeep]\n|upkeep\n|\n|t:|1700880225\n|switch|p2a: Kingambit|Kingambit, F|100\/100\n|-damage|p2a: Kingambit|94\/100|[from] Stealth Rock\n|-activate|p2a: Kingambit|ability: Supreme Overlord\n|-start|p2a: Kingambit|fallen5|[silent]\n|turn|23\n|\n|t:|1700880235\n|-terastallize|p2a: Kingambit|Fairy\n|move|p1a: Quavo|Aqua Step|p2a: Kingambit\n|-damage|p2a: Kingambit|19\/100\n|-boost|p1a: Quavo|spe|1\n|move|p2a: Kingambit|Kowtow Cleave|p1a: Quavo\n|-resisted|p1a: Quavo\n|-damage|p1a: Quavo|40\/100\n|-damage|p2a: Kingambit|9\/100|[from] item: Life Orb\n|\n|-weather|none\n|upkeep\n|turn|24\n|\n|t:|1700880244\n|move|p1a: Quavo|Aqua Jet|p2a: Kingambit\n|-damage|p2a: Kingambit|0 fnt\n|faint|p2a: Kingambit\n|-end|p2a: Kingambit|fallen5|[silent]\n|\n|win|soy bebe\n|raw|soy bebe's rating: 1515 &rarr; <strong>1540<\/strong><br \/>(+25 for winning)\n|raw|ncdr's rating: 1607 &rarr; <strong>1582<\/strong><br \/>(-25 for losing)\n|l|\u2606ncdr\n","uploadtime":1700880258,"views":1,"p1id":"soybebe","p2id":"ncdr","formatid":"gen9ou","rating":1540,"private":0,"password":""}