{"id":"gen9ou-1995662542","p1":"EggheadYeti","p2":"afluffypanda","format":"[Gen 9] OU","log":"|j|\u2606EggheadYeti\n|j|\u2606afluffypanda\n|t:|1700591841\n|gametype|singles\n|player|p1|EggheadYeti|shadowtriad|1146\n|player|p2|afluffypanda|265|1198\n|teamsize|p1|6\n|teamsize|p2|6\n|gen|9\n|tier|[Gen 9] OU\n|rated|\n|rule|Sleep Clause Mod: Limit one foe put to sleep\n|rule|Species Clause: Limit one of each Pok\u00e9mon\n|rule|OHKO Clause: OHKO moves are banned\n|rule|Evasion Items Clause: Evasion items are banned\n|rule|Evasion Moves Clause: Evasion moves are banned\n|rule|Endless Battle Clause: Forcing endless battles is banned\n|rule|HP Percentage Mod: HP is shown in percentages\n|clearpoke\n|poke|p1|Azelf|\n|poke|p1|Gholdengo|\n|poke|p1|Great Tusk|\n|poke|p1|Iron Valiant|\n|poke|p1|Dragonite, F|\n|poke|p1|Infernape, F|\n|poke|p2|Walking Wake|\n|poke|p2|Corviknight, F|\n|poke|p2|Slowking-Galar, M|\n|poke|p2|Clefable, F|\n|poke|p2|Iron Valiant|\n|poke|p2|Meowscarada, F|\n|teampreview\n|inactive|Battle timer is ON: inactive players will automatically lose when time's up. (requested by EggheadYeti)\n|\n|t:|1700591867\n|start\n|switch|p1a: Azelf|Azelf|100\/100\n|switch|p2a: Walking Wake|Walking Wake|100\/100\n|turn|1\n|\n|t:|1700591874\n|move|p2a: Walking Wake|Flip Turn|p1a: Azelf\n|-damage|p1a: Azelf|76\/100\n|\n|t:|1700591878\n|-end|p2a: Walking Wake|Protosynthesis|[silent]\n|switch|p2a: Corviknight|Corviknight, F|100\/100|[from] Flip Turn\n|move|p1a: Azelf|Thunder Wave|p2a: Corviknight\n|-status|p2a: Corviknight|par\n|\n|upkeep\n|turn|2\n|\n|t:|1700591886\n|move|p1a: Azelf|Taunt|p2a: Corviknight\n|-start|p2a: Corviknight|move: Taunt\n|cant|p2a: Corviknight|move: Taunt|Taunt\n|\n|upkeep\n|turn|3\n|\n|t:|1700591904\n|move|p1a: Azelf|Stealth Rock|p2a: Corviknight\n|-sidestart|p2: afluffypanda|move: Stealth Rock\n|move|p2a: Corviknight|Body Press|p1a: Azelf\n|-resisted|p1a: Azelf\n|-damage|p1a: Azelf|57\/100\n|\n|upkeep\n|turn|4\n|\n|t:|1700591913\n|switch|p1a: Infernape|Infernape, F|100\/100\n|move|p2a: Corviknight|Body Press|p1a: Infernape\n|-damage|p1a: Infernape|63\/100\n|\n|-end|p2a: Corviknight|move: Taunt\n|upkeep\n|turn|5\n|\n|t:|1700591923\n|move|p1a: Infernape|Nasty Plot|p1a: Infernape\n|-boost|p1a: Infernape|spa|2\n|move|p2a: Corviknight|Defog|p1a: Infernape\n|-unboost|p1a: Infernape|evasion|1\n|-sideend|p2: afluffypanda|Stealth Rock|[from] move: Defog|[of] p2a: Corviknight\n|\n|upkeep\n|turn|6\n|\n|t:|1700591938\n|switch|p2a: Walking Wake|Walking Wake|100\/100\n|move|p1a: Infernape|Flamethrower|p2a: Walking Wake\n|-resisted|p2a: Walking Wake\n|-damage|p2a: Walking Wake|78\/100\n|-status|p2a: Walking Wake|brn\n|\n|-damage|p2a: Walking Wake|72\/100 brn|[from] brn\n|upkeep\n|turn|7\n|\n|t:|1700591956\n|switch|p1a: Azelf|Azelf|57\/100\n|move|p2a: Walking Wake|Scald|p1a: Azelf\n|-damage|p1a: Azelf|0 fnt\n|faint|p1a: Azelf\n|\n|-damage|p2a: Walking Wake|65\/100 brn|[from] brn\n|upkeep\n|\n|t:|1700591973\n|switch|p1a: Iron Valiant|Iron Valiant, shiny|100\/100\n|turn|8\n|\n|t:|1700591979\n|move|p2a: Walking Wake|Scald|p1a: Iron Valiant\n|-damage|p1a: Iron Valiant|29\/100\n|move|p1a: Iron Valiant|Moonblast|p2a: Walking Wake\n|-supereffective|p2a: Walking Wake\n|-crit|p2a: Walking Wake\n|-damage|p2a: Walking Wake|0 fnt\n|faint|p2a: Walking Wake\n|-end|p2a: Walking Wake|Protosynthesis|[silent]\n|\n|upkeep\n|inactive|afluffypanda has 120 seconds left.\n|\n|t:|1700592013\n|switch|p2a: Meowscarada|Meowscarada, F|100\/100\n|turn|9\n|inactive|afluffypanda has 120 seconds left.\n|\n|t:|1700592025\n|move|p2a: Meowscarada|Flower Trick|p1a: Iron Valiant\n|-start|p2a: Meowscarada|typechange|Grass|[from] ability: Protean\n|-crit|p1a: Iron Valiant\n|-damage|p1a: Iron Valiant|0 fnt\n|faint|p1a: Iron Valiant\n|-end|p1a: Iron Valiant|Quark Drive|[silent]\n|\n|upkeep\n|\n|t:|1700592033\n|switch|p1a: Gholdengo|Gholdengo|100\/100\n|-item|p1a: Gholdengo|Air Balloon\n|turn|10\n|\n|t:|1700592038\n|move|p2a: Meowscarada|Knock Off|p1a: Gholdengo\n|-supereffective|p1a: Gholdengo\n|-damage|p1a: Gholdengo|54\/100\n|-enditem|p1a: Gholdengo|Air Balloon\n|move|p1a: Gholdengo|Reflect|p1a: Gholdengo\n|-sidestart|p1: EggheadYeti|Reflect\n|\n|upkeep\n|turn|11\n|\n|t:|1700592047\n|switch|p1a: Dragonite|Dragonite, F|100\/100\n|move|p2a: Meowscarada|U-turn|p1a: Dragonite\n|-resisted|p1a: Dragonite\n|-damage|p1a: Dragonite|98\/100\n|\n|t:|1700592054\n|switch|p2a: Clefable|Clefable, F|100\/100|[from] U-turn\n|\n|upkeep\n|turn|12\n|\n|t:|1700592066\n|-terastallize|p1a: Dragonite|Normal\n|move|p1a: Dragonite|Dragon Dance|p1a: Dragonite\n|-boost|p1a: Dragonite|atk|1\n|-boost|p1a: Dragonite|spe|1\n|move|p2a: Clefable|Moonblast|p1a: Dragonite\n|-damage|p1a: Dragonite|37\/100\n|\n|upkeep\n|turn|13\n|\n|t:|1700592081\n|move|p1a: Dragonite|Extreme Speed|p2a: Clefable\n|-damage|p2a: Clefable|18\/100\n|move|p2a: Clefable|Moonblast|p1a: Dragonite\n|-damage|p1a: Dragonite|0 fnt\n|faint|p1a: Dragonite\n|\n|upkeep\n|\n|t:|1700592087\n|switch|p1a: Infernape|Infernape, F|63\/100\n|turn|14\n|\n|t:|1700592106\n|switch|p2a: Corviknight|Corviknight, F|100\/100 par\n|move|p1a: Infernape|Flamethrower|p2a: Corviknight\n|-supereffective|p2a: Corviknight\n|-damage|p2a: Corviknight|19\/100 par\n|\n|-heal|p2a: Corviknight|26\/100 par|[from] item: Leftovers\n|-sideend|p1: EggheadYeti|Reflect\n|upkeep\n|turn|15\n|\n|t:|1700592135\n|move|p1a: Infernape|Flamethrower|p2a: Corviknight\n|-supereffective|p2a: Corviknight\n|-damage|p2a: Corviknight|0 fnt\n|faint|p2a: Corviknight\n|\n|upkeep\n|inactive|afluffypanda has 120 seconds left.\n|\n|t:|1700592165\n|switch|p2a: Slowking|Slowking-Galar, M|100\/100\n|turn|16\n|inactive|afluffypanda has 120 seconds left.\n|\n|t:|1700592173\n|move|p1a: Infernape|Nasty Plot|p1a: Infernape\n|-boost|p1a: Infernape|spa|2\n|move|p2a: Slowking|Calm Mind|p2a: Slowking\n|-boost|p2a: Slowking|spa|1\n|-boost|p2a: Slowking|spd|1\n|\n|upkeep\n|turn|17\n|\n|t:|1700592182\n|move|p1a: Infernape|Flamethrower|p2a: Slowking\n|-damage|p2a: Slowking|58\/100\n|move|p2a: Slowking|Psychic|p1a: Infernape\n|-supereffective|p1a: Infernape\n|-damage|p1a: Infernape|0 fnt\n|faint|p1a: Infernape\n|-damage|p2a: Slowking|48\/100|[from] item: Life Orb\n|\n|upkeep\n|\n|t:|1700592194\n|switch|p1a: Great Tusk|Great Tusk, shiny|100\/100\n|turn|18\n|\n|t:|1700592202\n|move|p1a: Great Tusk|Headlong Rush|p2a: Slowking\n|-supereffective|p2a: Slowking\n|-damage|p2a: Slowking|0 fnt\n|-unboost|p1a: Great Tusk|def|1\n|-unboost|p1a: Great Tusk|spd|1\n|faint|p2a: Slowking\n|\n|upkeep\n|\n|t:|1700592213\n|switch|p2a: Iron Valiant|Iron Valiant|100\/100\n|-enditem|p2a: Iron Valiant|Booster Energy\n|-activate|p2a: Iron Valiant|ability: Quark Drive|[fromitem]\n|-start|p2a: Iron Valiant|quarkdriveatk\n|turn|19\n|\n|t:|1700592227\n|-end|p1a: Great Tusk|Protosynthesis|[silent]\n|switch|p1a: Gholdengo|Gholdengo|54\/100\n|move|p2a: Iron Valiant|Leaf Blade|p1a: Gholdengo\n|-resisted|p1a: Gholdengo\n|-damage|p1a: Gholdengo|40\/100\n|\n|upkeep\n|turn|20\n|\n|t:|1700592244\n|move|p2a: Iron Valiant|Spirit Break|p1a: Gholdengo\n|-resisted|p1a: Gholdengo\n|-damage|p1a: Gholdengo|22\/100\n|-unboost|p1a: Gholdengo|spa|1\n|move|p1a: Gholdengo|Reflect|p1a: Gholdengo\n|-sidestart|p1: EggheadYeti|Reflect\n|\n|upkeep\n|turn|21\n|\n|t:|1700592252\n|move|p2a: Iron Valiant|Spirit Break|p1a: Gholdengo\n|-resisted|p1a: Gholdengo\n|-damage|p1a: Gholdengo|13\/100\n|-unboost|p1a: Gholdengo|spa|1\n|move|p1a: Gholdengo|Recover|p1a: Gholdengo\n|-heal|p1a: Gholdengo|63\/100\n|\n|upkeep\n|turn|22\n|\n|t:|1700592264\n|move|p2a: Iron Valiant|Spirit Break|p1a: Gholdengo\n|-resisted|p1a: Gholdengo\n|-damage|p1a: Gholdengo|54\/100\n|-unboost|p1a: Gholdengo|spa|1\n|move|p1a: Gholdengo|Make It Rain|p2a: Iron Valiant\n|-supereffective|p2a: Iron Valiant\n|-damage|p2a: Iron Valiant|28\/100\n|-unboost|p1a: Gholdengo|spa|1\n|\n|upkeep\n|turn|23\n|\n|t:|1700592282\n|move|p2a: Iron Valiant|Leaf Blade|p1a: Gholdengo\n|-resisted|p1a: Gholdengo\n|-damage|p1a: Gholdengo|46\/100\n|move|p1a: Gholdengo|Recover|p1a: Gholdengo\n|-heal|p1a: Gholdengo|96\/100\n|\n|upkeep\n|turn|24\n|\n|t:|1700592293\n|-end|p2a: Iron Valiant|Quark Drive|[silent]\n|switch|p2a: Meowscarada|Meowscarada, F|100\/100\n|move|p1a: Gholdengo|Light Screen|p1a: Gholdengo\n|-sidestart|p1: EggheadYeti|move: Light Screen\n|\n|-sideend|p1: EggheadYeti|Reflect\n|upkeep\n|turn|25\n|\n|t:|1700592302\n|move|p2a: Meowscarada|Knock Off|p1a: Gholdengo\n|-start|p2a: Meowscarada|typechange|Dark|[from] ability: Protean\n|-supereffective|p1a: Gholdengo\n|-damage|p1a: Gholdengo|50\/100\n|move|p1a: Gholdengo|Reflect|p1a: Gholdengo\n|-sidestart|p1: EggheadYeti|Reflect\n|\n|upkeep\n|turn|26\n|\n|t:|1700592311\n|switch|p1a: Great Tusk|Great Tusk, shiny|100\/100\n|move|p2a: Meowscarada|Knock Off|p1a: Great Tusk\n|-resisted|p1a: Great Tusk\n|-damage|p1a: Great Tusk|93\/100\n|-enditem|p1a: Great Tusk|Choice Band|[from] move: Knock Off|[of] p2a: Meowscarada\n|\n|upkeep\n|turn|27\n|\n|t:|1700592330\n|move|p2a: Meowscarada|Flower Trick|p1a: Great Tusk\n|-supereffective|p1a: Great Tusk\n|-crit|p1a: Great Tusk\n|-damage|p1a: Great Tusk|41\/100\n|move|p1a: Great Tusk|Headlong Rush|p2a: Meowscarada\n|-damage|p2a: Meowscarada|0 fnt\n|-unboost|p1a: Great Tusk|def|1\n|-unboost|p1a: Great Tusk|spd|1\n|faint|p2a: Meowscarada\n|\n|upkeep\n|inactive|afluffypanda has 120 seconds left.\n|\n|t:|1700592348\n|switch|p2a: Clefable|Clefable, F|18\/100\n|turn|28\n|\n|t:|1700592353\n|move|p1a: Great Tusk|Headlong Rush|p2a: Clefable\n|-damage|p2a: Clefable|0 fnt\n|-unboost|p1a: Great Tusk|def|1\n|-unboost|p1a: Great Tusk|spd|1\n|faint|p2a: Clefable\n|\n|-sideend|p1: EggheadYeti|move: Light Screen\n|upkeep\n|\n|t:|1700592360\n|switch|p2a: Iron Valiant|Iron Valiant|28\/100\n|turn|29\n|\n|t:|1700592368\n|move|p2a: Iron Valiant|Leaf Blade|p1a: Great Tusk\n|-supereffective|p1a: Great Tusk\n|-damage|p1a: Great Tusk|0 fnt\n|faint|p1a: Great Tusk\n|-end|p1a: Great Tusk|Protosynthesis|[silent]\n|\n|-sideend|p1: EggheadYeti|Reflect\n|upkeep\n|\n|t:|1700592371\n|switch|p1a: Gholdengo|Gholdengo|50\/100\n|turn|30\n|\n|t:|1700592380\n|move|p2a: Iron Valiant|Spirit Break|p1a: Gholdengo\n|-resisted|p1a: Gholdengo\n|-damage|p1a: Gholdengo|36\/100\n|-unboost|p1a: Gholdengo|spa|1\n|move|p1a: Gholdengo|Make It Rain|p2a: Iron Valiant\n|-supereffective|p2a: Iron Valiant\n|-damage|p2a: Iron Valiant|0 fnt\n|-unboost|p1a: Gholdengo|spa|1\n|faint|p2a: Iron Valiant\n|-end|p2a: Iron Valiant|Quark Drive|[silent]\n|\n|win|EggheadYeti\n|raw|EggheadYeti's rating: 1146 &rarr; <strong>1175<\/strong><br \/>(+29 for winning)\n|raw|afluffypanda's rating: 1198 &rarr; <strong>1169<\/strong><br \/>(-29 for losing)\n","uploadtime":1700592395,"views":7,"p1id":"eggheadyeti","p2id":"afluffypanda","formatid":"gen9ou","rating":1169,"private":0,"password":""}