{"id":"gen9ou-1989744515","p1":"Diatere","p2":"jsavchenko","format":"[Gen 9] OU","log":"|j|\u2606Diatere\n|j|\u2606jsavchenko\n|t:|1699892072\n|gametype|singles\n|player|p1|Diatere|mina|1355\n|player|p2|jsavchenko|169|1328\n|teamsize|p1|6\n|teamsize|p2|6\n|gen|9\n|tier|[Gen 9] OU\n|rated|\n|rule|Sleep Clause Mod: Limit one foe put to sleep\n|rule|Species Clause: Limit one of each Pok\u00e9mon\n|rule|OHKO Clause: OHKO moves are banned\n|rule|Evasion Items Clause: Evasion items are banned\n|rule|Evasion Moves Clause: Evasion moves are banned\n|rule|Endless Battle Clause: Forcing endless battles is banned\n|rule|HP Percentage Mod: HP is shown in percentages\n|clearpoke\n|poke|p1|Ninetales-Alola, M|\n|poke|p1|Sneasler, M|\n|poke|p1|Hatterene, F|\n|poke|p1|Manaphy|\n|poke|p1|Ogerpon-Cornerstone, F|\n|poke|p1|Rillaboom, M|\n|poke|p2|Kingambit, F|\n|poke|p2|Ribombee, M|\n|poke|p2|Ninetales-Alola, F|\n|poke|p2|Great Tusk|\n|poke|p2|Maushold-Four|\n|poke|p2|Zamazenta-*|\n|teampreview\n|\n|t:|1699892074\n|start\n|switch|p1a: Gamzee|Rillaboom, M|100\/100\n|switch|p2a: Ribombee|Ribombee, M|100\/100\n|-fieldstart|move: Grassy Terrain|[from] ability: Grassy Surge|[of] p1a: Gamzee\n|turn|1\n|inactive|Battle timer is ON: inactive players will automatically lose when time's up. (requested by Diatere)\n|\n|t:|1699892083\n|move|p2a: Ribombee|Quiver Dance|p2a: Ribombee\n|-boost|p2a: Ribombee|spa|1\n|-boost|p2a: Ribombee|spd|1\n|-boost|p2a: Ribombee|spe|1\n|move|p1a: Gamzee|U-turn|p2a: Ribombee\n|-resisted|p2a: Ribombee\n|-damage|p2a: Ribombee|66\/100\n|\n|t:|1699892092\n|switch|p1a: Karkat|Sneasler, M|100\/100|[from] U-turn\n|-enditem|p1a: Karkat|Grassy Seed\n|-boost|p1a: Karkat|def|1|[from] item: Grassy Seed\n|\n|-heal|p2a: Ribombee|72\/100|[from] Grassy Terrain\n|upkeep\n|turn|2\n|\n|t:|1699892103\n|-terastallize|p2a: Ribombee|Water\n|move|p1a: Karkat|Dire Claw|p2a: Ribombee\n|-damage|p2a: Ribombee|0 fnt\n|faint|p2a: Ribombee\n|\n|upkeep\n|\n|t:|1699892120\n|switch|p2a: Zamazenta|Zamazenta|100\/100\n|-ability|p2a: Zamazenta|Dauntless Shield|boost\n|-boost|p2a: Zamazenta|def|1\n|turn|3\n|\n|t:|1699892132\n|-terastallize|p1a: Karkat|Flying\n|move|p1a: Karkat|Swords Dance|p1a: Karkat\n|-boost|p1a: Karkat|atk|2\n|move|p2a: Zamazenta|Iron Defense|p2a: Zamazenta\n|-boost|p2a: Zamazenta|def|2\n|\n|upkeep\n|turn|4\n|\n|t:|1699892138\n|move|p1a: Karkat|Acrobatics|p2a: Zamazenta\n|-supereffective|p2a: Zamazenta\n|-damage|p2a: Zamazenta|27\/100\n|move|p2a: Zamazenta|Iron Head|p1a: Karkat\n|-damage|p1a: Karkat|77\/100\n|\n|-heal|p2a: Zamazenta|33\/100|[from] Grassy Terrain\n|-heal|p2a: Zamazenta|40\/100|[from] item: Leftovers\n|upkeep\n|turn|5\n|\n|t:|1699892149\n|move|p1a: Karkat|Acrobatics|p2a: Zamazenta\n|-supereffective|p2a: Zamazenta\n|-damage|p2a: Zamazenta|0 fnt\n|faint|p2a: Zamazenta\n|\n|-fieldend|move: Grassy Terrain\n|upkeep\n|inactive|jsavchenko has 120 seconds left.\n|\n|t:|1699892175\n|switch|p2a: Great Tusk|Great Tusk, shiny|100\/100\n|-enditem|p2a: Great Tusk|Booster Energy\n|-activate|p2a: Great Tusk|ability: Protosynthesis|[fromitem]\n|-start|p2a: Great Tusk|protosynthesisspe\n|turn|6\n|\n|t:|1699892178\n|move|p1a: Karkat|Acrobatics|p2a: Great Tusk\n|-supereffective|p2a: Great Tusk\n|-damage|p2a: Great Tusk|0 fnt\n|faint|p2a: Great Tusk\n|-end|p2a: Great Tusk|Protosynthesis|[silent]\n|\n|upkeep\n|\n|t:|1699892181\n|switch|p2a: Ninetales|Ninetales-Alola, F|100\/100\n|-weather|Snow|[from] ability: Snow Warning|[of] p2a: Ninetales\n|turn|7\n|\n|t:|1699892187\n|move|p1a: Karkat|Dire Claw|p2a: Ninetales\n|-supereffective|p2a: Ninetales\n|-damage|p2a: Ninetales|0 fnt\n|faint|p2a: Ninetales\n|\n|-weather|Snow|[upkeep]\n|upkeep\n|\n|t:|1699892192\n|switch|p2a: Maushold|Maushold-Four, shiny|100\/100\n|turn|8\n|\n|t:|1699892203\n|move|p1a: Karkat|Close Combat|p2a: Maushold\n|-supereffective|p2a: Maushold\n|-damage|p2a: Maushold|0 fnt\n|-unboost|p1a: Karkat|def|1\n|-unboost|p1a: Karkat|spd|1\n|faint|p2a: Maushold\n|\n|-weather|Snow|[upkeep]\n|upkeep\n|\n|t:|1699892206\n|switch|p2a: Kingambit|Kingambit, F, shiny|100\/100\n|-activate|p2a: Kingambit|ability: Supreme Overlord\n|-start|p2a: Kingambit|fallen5|[silent]\n|turn|9\n|\n|t:|1699892212\n|move|p2a: Kingambit|Sucker Punch|p1a: Karkat\n|-damage|p1a: Karkat|0 fnt\n|faint|p1a: Karkat\n|\n|-weather|Snow|[upkeep]\n|upkeep\n|\n|t:|1699892217\n|switch|p1a: Vriska|Ogerpon-Cornerstone, F|100\/100\n|turn|10\n|\n|t:|1699892221\n|move|p1a: Vriska|Low Kick|p2a: Kingambit\n|-supereffective|p2a: Kingambit\n|-damage|p2a: Kingambit|0 fnt\n|faint|p2a: Kingambit\n|-end|p2a: Kingambit|fallen5|[silent]\n|\n|win|Diatere\n|raw|Diatere's rating: 1355 &rarr; <strong>1373<\/strong><br \/>(+18 for winning)\n|raw|jsavchenko's rating: 1328 &rarr; <strong>1310<\/strong><br \/>(-18 for losing)\n","uploadtime":1699892225,"views":11,"p1id":"diatere","p2id":"jsavchenko","formatid":"gen9ou","rating":1310,"private":0,"password":""}