{"id":"gen9ou-1996170799","p1":"tekken_is_life","p2":"Macaxandre1st","format":"[Gen 9] OU","log":"|j|\u203dtekken_is_life\n|j|\u2606Macaxandre1st\n|t:|1700654558\n|gametype|singles\n|player|p1|tekken_is_life|riley|1821\n|player|p2|Macaxandre1st|170|1732\n|teamsize|p1|6\n|teamsize|p2|6\n|gen|9\n|tier|[Gen 9] OU\n|rated|\n|rule|Sleep Clause Mod: Limit one foe put to sleep\n|rule|Species Clause: Limit one of each Pok\u00e9mon\n|rule|OHKO Clause: OHKO moves are banned\n|rule|Evasion Items Clause: Evasion items are banned\n|rule|Evasion Moves Clause: Evasion moves are banned\n|rule|Endless Battle Clause: Forcing endless battles is banned\n|rule|HP Percentage Mod: HP is shown in percentages\n|clearpoke\n|poke|p1|Regidrago|\n|poke|p1|Enamorus, F|\n|poke|p1|Iron Moth|\n|poke|p1|Great Tusk|\n|poke|p1|Ogerpon-Cornerstone, F|\n|poke|p1|Kingambit, M|\n|poke|p2|Lilligant-Hisui, F|\n|poke|p2|Grimmsnarl, M|\n|poke|p2|Glimmora, F|\n|poke|p2|Gholdengo|\n|poke|p2|Manaphy|\n|poke|p2|Enamorus, F|\n|teampreview\n|\n|t:|1700654588\n|start\n|switch|p1a: Regidrago|Regidrago|100\/100\n|switch|p2a: Glimmora|Glimmora, F|100\/100\n|turn|1\n|\n|t:|1700654592\n|move|p2a: Glimmora|Stealth Rock|p1a: Regidrago\n|-sidestart|p1: tekken_is_life|move: Stealth Rock\n|move|p1a: Regidrago|Scale Shot|p2a: Glimmora\n|-damage|p2a: Glimmora|78\/100\n|-activate|p2a: Glimmora|ability: Toxic Debris\n|-sidestart|p1: tekken_is_life|move: Toxic Spikes\n|-damage|p2a: Glimmora|57\/100\n|-activate|p2a: Glimmora|ability: Toxic Debris\n|-sidestart|p1: tekken_is_life|move: Toxic Spikes\n|-crit|p2a: Glimmora\n|-damage|p2a: Glimmora|25\/100\n|-damage|p2a: Glimmora|4\/100\n|-damage|p2a: Glimmora|0 fnt\n|faint|p2a: Glimmora\n|-hitcount|p2: Glimmora|5\n|-unboost|p1a: Regidrago|def|1\n|-boost|p1a: Regidrago|spe|1\n|\n|upkeep\n|\n|t:|1700654606\n|switch|p2a: Enamorus|Enamorus, F|100\/100\n|turn|2\n|\n|t:|1700654611\n|switch|p1a: Iron Moth|Iron Moth|100\/100\n|-damage|p1a: Iron Moth|76\/100|[from] Stealth Rock\n|-sideend|p1: tekken_is_life|move: Toxic Spikes|[of] p1a: Iron Moth\n|-enditem|p1a: Iron Moth|Booster Energy\n|-activate|p1a: Iron Moth|ability: Quark Drive|[fromitem]\n|-start|p1a: Iron Moth|quarkdrivespe\n|move|p2a: Enamorus|Earth Power|p1a: Iron Moth\n|-supereffective|p1a: Iron Moth\n|-damage|p1a: Iron Moth|0 fnt\n|faint|p1a: Iron Moth\n|-end|p1a: Iron Moth|Quark Drive|[silent]\n|\n|upkeep\n|\n|t:|1700654622\n|switch|p1a: Great Tusk|Great Tusk|100\/100\n|-damage|p1a: Great Tusk|97\/100|[from] Stealth Rock\n|-enditem|p1a: Great Tusk|Booster Energy\n|-activate|p1a: Great Tusk|ability: Protosynthesis|[fromitem]\n|-start|p1a: Great Tusk|protosynthesisatk\n|turn|3\n|\n|t:|1700654632\n|switch|p2a: Gholdengo|Gholdengo|100\/100\n|-item|p2a: Gholdengo|Air Balloon\n|move|p1a: Great Tusk|Ice Spinner|p2a: Gholdengo\n|-resisted|p2a: Gholdengo\n|-damage|p2a: Gholdengo|80\/100\n|-enditem|p2a: Gholdengo|Air Balloon\n|\n|upkeep\n|turn|4\n|\n|t:|1700654637\n|switch|p2a: Enamorus|Enamorus, F|100\/100\n|move|p1a: Great Tusk|Rapid Spin|p2a: Enamorus\n|-damage|p2a: Enamorus|68\/100\n|-boost|p1a: Great Tusk|spe|1\n|-sideend|p1: tekken_is_life|Stealth Rock|[from] move: Rapid Spin|[of] p1a: Great Tusk\n|\n|upkeep\n|turn|5\n|\n|t:|1700654646\n|-terastallize|p1a: Great Tusk|Fire\n|move|p2a: Enamorus|Moonblast|p1a: Great Tusk\n|-resisted|p1a: Great Tusk\n|-damage|p1a: Great Tusk|57\/100\n|move|p1a: Great Tusk|Bulk Up|p1a: Great Tusk\n|-boost|p1a: Great Tusk|atk|1\n|-boost|p1a: Great Tusk|def|1\n|\n|upkeep\n|turn|6\n|j| Patatex\n|inactive|Battle timer is ON: inactive players will automatically lose when time's up. (requested by tekken_is_life)\n|j| firemaniac\n|\n|t:|1700654699\n|switch|p2a: Manaphy|Manaphy|100\/100\n|move|p1a: Great Tusk|Rapid Spin|p2a: Manaphy\n|-damage|p2a: Manaphy|80\/100\n|-boost|p1a: Great Tusk|spe|1\n|\n|-heal|p2a: Manaphy|86\/100|[from] item: Leftovers\n|upkeep\n|turn|7\n|\n|t:|1700654708\n|move|p1a: Great Tusk|Headlong Rush|p2a: Manaphy\n|-damage|p2a: Manaphy|2\/100\n|-unboost|p1a: Great Tusk|def|1\n|-unboost|p1a: Great Tusk|spd|1\n|move|p2a: Manaphy|Scald|p1a: Great Tusk\n|-supereffective|p1a: Great Tusk\n|-damage|p1a: Great Tusk|0 fnt\n|faint|p1a: Great Tusk\n|-end|p1a: Great Tusk|Protosynthesis|[silent]\n|\n|-heal|p2a: Manaphy|8\/100|[from] item: Leftovers\n|upkeep\n|j| mew852\n|\n|t:|1700654714\n|switch|p1a: Ogerpon|Ogerpon-Cornerstone, F|100\/100\n|turn|8\n|\n|t:|1700654719\n|move|p1a: Ogerpon|Ivy Cudgel|p2a: Manaphy|[anim] Ivy Cudgel Rock\n|-damage|p2a: Manaphy|0 fnt\n|faint|p2a: Manaphy\n|\n|upkeep\n|\n|t:|1700654723\n|switch|p2a: Lilligant|Lilligant-Hisui, F|100\/100\n|turn|9\n|\n|t:|1700654728\n|switch|p1a: Enamorus|Enamorus, F|100\/100\n|move|p2a: Lilligant|Ice Spinner|p1a: Enamorus\n|-supereffective|p1a: Enamorus\n|-damage|p1a: Enamorus|26\/100\n|\n|upkeep\n|turn|10\n|\n|t:|1700654736\n|switch|p1a: Kingambit|Kingambit, M|100\/100\n|-activate|p1a: Kingambit|ability: Supreme Overlord\n|-start|p1a: Kingambit|fallen2|[silent]\n|switch|p2a: Gholdengo|Gholdengo|80\/100\n|\n|upkeep\n|turn|11\n|\n|t:|1700654742\n|switch|p2a: Grimmsnarl|Grimmsnarl, M|100\/100\n|move|p1a: Kingambit|Iron Head|p2a: Grimmsnarl\n|-supereffective|p2a: Grimmsnarl\n|-damage|p2a: Grimmsnarl|0 fnt\n|faint|p2a: Grimmsnarl\n|\n|upkeep\n|\n|t:|1700654747\n|switch|p2a: Lilligant|Lilligant-Hisui, F|100\/100\n|turn|12\n|\n|t:|1700654749\n|move|p2a: Lilligant|Close Combat|p1a: Kingambit\n|-supereffective|p1a: Kingambit\n|-damage|p1a: Kingambit|0 fnt\n|-unboost|p2a: Lilligant|def|1\n|-unboost|p2a: Lilligant|spd|1\n|faint|p1a: Kingambit\n|-end|p1a: Kingambit|fallen2|[silent]\n|\n|upkeep\n|\n|t:|1700654762\n|switch|p1a: Enamorus|Enamorus, F|26\/100\n|turn|13\n|\n|t:|1700654785\n|switch|p2a: Gholdengo|Gholdengo|80\/100\n|move|p1a: Enamorus|Earth Power|p2a: Gholdengo\n|-supereffective|p2a: Gholdengo\n|-damage|p2a: Gholdengo|0 fnt\n|faint|p2a: Gholdengo\n|\n|upkeep\n|\n|t:|1700654788\n|switch|p2a: Enamorus|Enamorus, F|68\/100\n|turn|14\n|\n|t:|1700654792\n|switch|p1a: Regidrago|Regidrago|100\/100\n|move|p2a: Enamorus|Moonblast|p1a: Regidrago\n|-supereffective|p1a: Regidrago\n|-damage|p1a: Regidrago|0 fnt\n|faint|p1a: Regidrago\n|\n|upkeep\n|\n|t:|1700654795\n|switch|p1a: Ogerpon|Ogerpon-Cornerstone, F|100\/100\n|turn|15\n|\n|t:|1700654799\n|move|p2a: Enamorus|Moonblast|p1a: Ogerpon\n|-damage|p1a: Ogerpon|36\/100\n|move|p1a: Ogerpon|Ivy Cudgel|p2a: Enamorus|[anim] Ivy Cudgel Rock\n|-supereffective|p2a: Enamorus\n|-damage|p2a: Enamorus|0 fnt\n|faint|p2a: Enamorus\n|\n|upkeep\n|\n|t:|1700654804\n|switch|p2a: Lilligant|Lilligant-Hisui, F|100\/100\n|turn|16\n|\n|t:|1700654809\n|move|p1a: Ogerpon|Encore||[still]\n|-fail|p1a: Ogerpon\n|move|p2a: Lilligant|Ice Spinner|p1a: Ogerpon\n|-supereffective|p1a: Ogerpon\n|-damage|p1a: Ogerpon|0 fnt\n|faint|p1a: Ogerpon\n|\n|upkeep\n|\n|t:|1700654813\n|switch|p1a: Enamorus|Enamorus, F|26\/100\n|turn|17\n|\n|t:|1700654817\n|-terastallize|p2a: Lilligant|Grass\n|move|p1a: Enamorus|Moonblast|p2a: Lilligant\n|-damage|p2a: Lilligant|29\/100\n|move|p2a: Lilligant|Ice Spinner|p1a: Enamorus\n|-supereffective|p1a: Enamorus\n|-damage|p1a: Enamorus|0 fnt\n|faint|p1a: Enamorus\n|\n|win|Macaxandre1st\n|raw|tekken_is_life's rating: 1821 &rarr; <strong>1796<\/strong><br \/>(-25 for losing)\n|raw|Macaxandre1st's rating: 1732 &rarr; <strong>1757<\/strong><br \/>(+25 for winning)\n|c|\u2606Macaxandre1st|GG\n|l| Patatex\n|l|\u203dtekken_is_life\n|l|\u2606Macaxandre1st\n","uploadtime":1700655049,"views":0,"p1id":"tekkenislife","p2id":"macaxandre1st","formatid":"gen9ou","rating":1757,"private":0,"password":""}