{"id":"gen9ou-1989464537","p1":"MKenRoyW","p2":"Tory","format":"[Gen 9] OU","log":"|j|\u2606MKenRoyW\n|j|\u203dTory\n|t:|1699854629\n|gametype|singles\n|player|p1|MKenRoyW|policeman-gen4|1110\n|player|p2|Tory|unknown|1199\n|teamsize|p1|6\n|teamsize|p2|6\n|gen|9\n|tier|[Gen 9] OU\n|rated|\n|rule|Sleep Clause Mod: Limit one foe put to sleep\n|rule|Species Clause: Limit one of each Pok\u00e9mon\n|rule|OHKO Clause: OHKO moves are banned\n|rule|Evasion Items Clause: Evasion items are banned\n|rule|Evasion Moves Clause: Evasion moves are banned\n|rule|Endless Battle Clause: Forcing endless battles is banned\n|rule|HP Percentage Mod: HP is shown in percentages\n|clearpoke\n|poke|p1|Dragapult, M|\n|poke|p1|Landorus-Therian, M|\n|poke|p1|Toxapex, M|\n|poke|p1|Rotom-Wash|\n|poke|p1|Great Tusk|\n|poke|p1|Infernape, F|\n|poke|p2|Heatran, F|\n|poke|p2|Dondozo, M|\n|poke|p2|Landorus-Therian, M|\n|poke|p2|Clodsire, F|\n|poke|p2|Walking Wake|\n|poke|p2|Kingambit, F|\n|teampreview\n|\n|t:|1699854649\n|start\n|switch|p1a: Landorus|Landorus-Therian, M|100\/100\n|switch|p2a: Landorus|Landorus-Therian, M, shiny|100\/100\n|-ability|p1a: Landorus|Intimidate|boost\n|-unboost|p2a: Landorus|atk|1\n|-ability|p2a: Landorus|Intimidate|boost\n|-unboost|p1a: Landorus|atk|1\n|turn|1\n|\n|t:|1699854658\n|move|p1a: Landorus|Taunt|p2a: Landorus\n|-start|p2a: Landorus|move: Taunt\n|cant|p2a: Landorus|move: Taunt|Stealth Rock\n|\n|upkeep\n|turn|2\n|\n|t:|1699854664\n|move|p1a: Landorus|Stealth Rock|p2a: Landorus\n|-sidestart|p2: Tory|move: Stealth Rock\n|move|p2a: Landorus|U-turn|p1a: Landorus\n|-resisted|p1a: Landorus\n|-damage|p1a: Landorus|93\/100\n|\n|t:|1699854673\n|switch|p2a: Dondozo|Dondozo, M, shiny|100\/100|[from] U-turn\n|-damage|p2a: Dondozo|88\/100|[from] Stealth Rock\n|\n|upkeep\n|turn|3\n|\n|t:|1699854679\n|move|p1a: Landorus|U-turn|p2a: Dondozo\n|-damage|p2a: Dondozo|78\/100\n|-damage|p1a: Landorus|77\/100|[from] item: Rocky Helmet|[of] p2a: Dondozo\n|\n|t:|1699854684\n|switch|p1a: Toxapex|Toxapex, M|100\/100|[from] U-turn\n|move|p2a: Dondozo|Liquidation|p1a: Toxapex\n|-resisted|p1a: Toxapex\n|-damage|p1a: Toxapex|91\/100\n|\n|-heal|p1a: Toxapex|98\/100|[from] item: Leftovers\n|upkeep\n|turn|4\n|\n|t:|1699854694\n|switch|p1a: Great Tusk|Great Tusk|100\/100\n|-enditem|p1a: Great Tusk|Booster Energy\n|-activate|p1a: Great Tusk|ability: Protosynthesis|[fromitem]\n|-start|p1a: Great Tusk|protosynthesisatk\n|move|p2a: Dondozo|Rest|p2a: Dondozo\n|-status|p2a: Dondozo|slp|[from] move: Rest\n|-heal|p2a: Dondozo|100\/100 slp|[silent]\n|\n|upkeep\n|turn|5\n|\n|t:|1699854706\n|-end|p1a: Great Tusk|Protosynthesis|[silent]\n|switch|p1a: Dragapult|Dragapult, M|100\/100\n|cant|p2a: Dondozo|slp\n|move|p2a: Dondozo|Sleep Talk|p2a: Dondozo\n|move|p2a: Dondozo|Rest||[from]move: Sleep Talk|[still]\n|-fail|p2a: Dondozo\n|\n|upkeep\n|turn|6\n|\n|t:|1699854714\n|move|p1a: Dragapult|Dragon Dance|p1a: Dragapult\n|-boost|p1a: Dragapult|atk|1\n|-boost|p1a: Dragapult|spe|1\n|cant|p2a: Dondozo|slp\n|move|p2a: Dondozo|Sleep Talk|p2a: Dondozo\n|move|p2a: Dondozo|Rest||[from]move: Sleep Talk|[still]\n|-fail|p2a: Dondozo\n|\n|upkeep\n|turn|7\n|\n|t:|1699854721\n|move|p1a: Dragapult|Dragon Dance|p1a: Dragapult\n|-boost|p1a: Dragapult|atk|1\n|-boost|p1a: Dragapult|spe|1\n|-curestatus|p2a: Dondozo|slp|[msg]\n|move|p2a: Dondozo|Liquidation|p1a: Dragapult\n|-resisted|p1a: Dragapult\n|-damage|p1a: Dragapult|79\/100\n|\n|upkeep\n|turn|8\n|\n|t:|1699854732\n|move|p1a: Dragapult|Dragon Darts|p2a: Dondozo\n|-damage|p2a: Dondozo|85\/100\n|-anim|p1a: Dragapult|Dragon Darts|p2a: Dondozo\n|-damage|p2a: Dondozo|68\/100\n|-damage|p1a: Dragapult|69\/100|[from] item: Life Orb\n|move|p2a: Dondozo|Liquidation|p1a: Dragapult\n|-resisted|p1a: Dragapult\n|-damage|p1a: Dragapult|48\/100\n|\n|upkeep\n|turn|9\n|\n|t:|1699854746\n|move|p1a: Dragapult|Dragon Darts|p2a: Dondozo\n|-damage|p2a: Dondozo|53\/100\n|-anim|p1a: Dragapult|Dragon Darts|p2a: Dondozo\n|-damage|p2a: Dondozo|38\/100\n|-damage|p1a: Dragapult|38\/100|[from] item: Life Orb\n|move|p2a: Dondozo|Liquidation|p1a: Dragapult\n|-resisted|p1a: Dragapult\n|-damage|p1a: Dragapult|17\/100\n|\n|upkeep\n|turn|10\n|\n|t:|1699854756\n|move|p1a: Dragapult|Phantom Force||[still]\n|-prepare|p1a: Dragapult|Phantom Force\n|move|p2a: Dondozo|Liquidation|p1a: Dragapult|[miss]\n|-miss|p2a: Dondozo|p1a: Dragapult\n|\n|upkeep\n|turn|11\n|\n|t:|1699854767\n|move|p1a: Dragapult|Phantom Force|p2a: Dondozo|[from]lockedmove\n|-damage|p2a: Dondozo|12\/100\n|-damage|p1a: Dragapult|0 fnt|[from] item: Rocky Helmet|[of] p2a: Dondozo\n|faint|p1a: Dragapult\n|move|p2a: Dondozo|Rest|p2a: Dondozo\n|-status|p2a: Dondozo|slp|[from] move: Rest\n|-heal|p2a: Dondozo|100\/100 slp|[silent]\n|\n|upkeep\n|\n|t:|1699854776\n|switch|p1a: Rotom|Rotom-Wash|100\/100\n|turn|12\n|\n|t:|1699854781\n|switch|p2a: Clodsire|Clodsire, F, shiny|100\/100\n|-damage|p2a: Clodsire|94\/100|[from] Stealth Rock\n|move|p1a: Rotom|Hydro Pump|p2a: Clodsire|[miss]\n|-miss|p1a: Rotom|p2a: Clodsire\n|\n|-heal|p2a: Clodsire|100\/100|[from] item: Leftovers\n|upkeep\n|turn|13\n|\n|t:|1699854792\n|switch|p1a: Landorus|Landorus-Therian, M|77\/100\n|-ability|p1a: Landorus|Intimidate|boost\n|-unboost|p2a: Clodsire|atk|1\n|move|p2a: Clodsire|Spikes|p1a: Landorus\n|-sidestart|p1: MKenRoyW|Spikes\n|\n|upkeep\n|turn|14\n|\n|t:|1699854803\n|switch|p2a: Dondozo|Dondozo, M, shiny|100\/100 slp\n|-damage|p2a: Dondozo|88\/100 slp|[from] Stealth Rock\n|move|p1a: Landorus|Taunt|p2a: Dondozo\n|-start|p2a: Dondozo|move: Taunt\n|\n|upkeep\n|turn|15\n|\n|t:|1699854814\n|switch|p2a: Landorus|Landorus-Therian, M, shiny|100\/100\n|-damage|p2a: Landorus|88\/100|[from] Stealth Rock\n|-ability|p2a: Landorus|Intimidate|boost\n|-unboost|p1a: Landorus|atk|1\n|move|p1a: Landorus|U-turn|p2a: Landorus\n|-resisted|p2a: Landorus\n|-damage|p2a: Landorus|83\/100\n|-damage|p1a: Landorus|60\/100|[from] item: Rocky Helmet|[of] p2a: Landorus\n|\n|t:|1699854826\n|switch|p1a: Rotom|Rotom-Wash|100\/100|[from] U-turn\n|\n|upkeep\n|turn|16\n|\n|t:|1699854832\n|switch|p2a: Walking Wake|Walking Wake|100\/100\n|-damage|p2a: Walking Wake|88\/100|[from] Stealth Rock\n|-enditem|p2a: Walking Wake|Booster Energy\n|-activate|p2a: Walking Wake|ability: Protosynthesis|[fromitem]\n|-start|p2a: Walking Wake|protosynthesisspa\n|move|p1a: Rotom|Hydro Pump|p2a: Walking Wake\n|-resisted|p2a: Walking Wake\n|-damage|p2a: Walking Wake|72\/100\n|\n|upkeep\n|turn|17\n|\n|t:|1699854845\n|switch|p1a: Toxapex|Toxapex, M|100\/100\n|-damage|p1a: Toxapex|88\/100|[from] Spikes\n|move|p2a: Walking Wake|Draco Meteor|p1a: Toxapex\n|-damage|p1a: Toxapex|13\/100\n|-unboost|p2a: Walking Wake|spa|2\n|\n|-heal|p1a: Toxapex|19\/100|[from] item: Leftovers\n|upkeep\n|turn|18\n|\n|t:|1699854855\n|move|p1a: Toxapex|Baneful Bunker|p1a: Toxapex\n|-singleturn|p1a: Toxapex|move: Protect\n|move|p2a: Walking Wake|Mud Shot|p1a: Toxapex\n|-activate|p1a: Toxapex|move: Protect\n|\n|-heal|p1a: Toxapex|25\/100|[from] item: Leftovers\n|upkeep\n|turn|19\n|\n|t:|1699854868\n|switch|p1a: Rotom|Rotom-Wash|100\/100\n|move|p2a: Walking Wake|Draco Meteor|p1a: Rotom\n|-damage|p1a: Rotom|38\/100\n|-unboost|p2a: Walking Wake|spa|2\n|\n|upkeep\n|turn|20\n|\n|t:|1699854878\n|move|p1a: Rotom|Thunderbolt|p2a: Walking Wake\n|-crit|p2a: Walking Wake\n|-damage|p2a: Walking Wake|4\/100\n|move|p2a: Walking Wake|Draco Meteor|p1a: Rotom\n|-damage|p1a: Rotom|3\/100\n|-unboost|p2a: Walking Wake|spa|2\n|\n|upkeep\n|turn|21\n|\n|t:|1699854887\n|-end|p2a: Walking Wake|Protosynthesis|[silent]\n|switch|p2a: Clodsire|Clodsire, F, shiny|100\/100\n|-damage|p2a: Clodsire|94\/100|[from] Stealth Rock\n|move|p1a: Rotom|Thunderbolt|p2a: Clodsire\n|-immune|p2a: Clodsire\n|\n|-heal|p2a: Clodsire|100\/100|[from] item: Leftovers\n|upkeep\n|turn|22\n|\n|t:|1699854901\n|switch|p1a: Great Tusk|Great Tusk|100\/100\n|-damage|p1a: Great Tusk|88\/100|[from] Spikes\n|move|p2a: Clodsire|Spikes|p1a: Great Tusk\n|-sidestart|p1: MKenRoyW|Spikes\n|\n|upkeep\n|turn|23\n|\n|t:|1699854908\n|switch|p2a: Dondozo|Dondozo, M, shiny|88\/100 slp\n|-damage|p2a: Dondozo|75\/100 slp|[from] Stealth Rock\n|move|p1a: Great Tusk|Rapid Spin|p2a: Dondozo\n|-damage|p2a: Dondozo|68\/100 slp\n|-boost|p1a: Great Tusk|spe|1\n|-damage|p1a: Great Tusk|72\/100|[from] item: Rocky Helmet|[of] p2a: Dondozo\n|-sideend|p1: MKenRoyW|Spikes|[from] move: Rapid Spin|[of] p1a: Great Tusk\n|\n|upkeep\n|turn|24\n|\n|t:|1699854922\n|move|p1a: Great Tusk|Close Combat|p2a: Dondozo\n|-damage|p2a: Dondozo|39\/100 slp\n|-unboost|p1a: Great Tusk|def|1\n|-unboost|p1a: Great Tusk|spd|1\n|-damage|p1a: Great Tusk|55\/100|[from] item: Rocky Helmet|[of] p2a: Dondozo\n|cant|p2a: Dondozo|slp\n|move|p2a: Dondozo|Sleep Talk|p2a: Dondozo\n|move|p2a: Dondozo|Liquidation|p1a: Great Tusk|[from]move: Sleep Talk\n|-supereffective|p1a: Great Tusk\n|-damage|p1a: Great Tusk|16\/100\n|\n|upkeep\n|turn|25\n|\n|t:|1699854935\n|move|p1a: Great Tusk|Close Combat|p2a: Dondozo\n|-damage|p2a: Dondozo|13\/100 slp\n|-unboost|p1a: Great Tusk|def|1\n|-unboost|p1a: Great Tusk|spd|1\n|-damage|p1a: Great Tusk|0 fnt|[from] item: Rocky Helmet|[of] p2a: Dondozo\n|faint|p1a: Great Tusk\n|-end|p1a: Great Tusk|Protosynthesis|[silent]\n|cant|p2a: Dondozo|slp\n|\n|upkeep\n|\n|t:|1699854945\n|switch|p1a: Rotom|Rotom-Wash|3\/100\n|turn|26\n|\n|t:|1699854948\n|move|p1a: Rotom|Thunderbolt|p2a: Dondozo\n|-supereffective|p2a: Dondozo\n|-crit|p2a: Dondozo\n|-damage|p2a: Dondozo|0 fnt\n|faint|p2a: Dondozo\n|\n|upkeep\n|\n|t:|1699854956\n|switch|p2a: Kingambit|Kingambit, F|100\/100\n|-damage|p2a: Kingambit|94\/100|[from] Stealth Rock\n|-activate|p2a: Kingambit|ability: Supreme Overlord\n|-start|p2a: Kingambit|fallen1|[silent]\n|turn|27\n|\n|t:|1699854963\n|switch|p1a: Infernape|Infernape, F|100\/100\n|move|p2a: Kingambit|Sucker Punch||[still]\n|-fail|p2a: Kingambit\n|\n|upkeep\n|turn|28\n|\n|t:|1699854969\n|-end|p2a: Kingambit|fallen1|[silent]\n|switch|p2a: Landorus|Landorus-Therian, M, shiny|83\/100\n|-damage|p2a: Landorus|71\/100|[from] Stealth Rock\n|-ability|p2a: Landorus|Intimidate|boost\n|-unboost|p1a: Infernape|atk|1\n|move|p1a: Infernape|Fake Out|p2a: Landorus\n|-damage|p2a: Landorus|66\/100\n|-damage|p1a: Infernape|84\/100|[from] item: Rocky Helmet|[of] p2a: Landorus\n|\n|upkeep\n|turn|29\n|\n|t:|1699854981\n|switch|p1a: Toxapex|Toxapex, M|59\/100\n|move|p2a: Landorus|Stealth Rock|p1a: Toxapex\n|-sidestart|p1: MKenRoyW|move: Stealth Rock\n|\n|-heal|p1a: Toxapex|65\/100|[from] item: Leftovers\n|upkeep\n|turn|30\n|\n|t:|1699854995\n|move|p2a: Landorus|Earthquake|p1a: Toxapex\n|-supereffective|p1a: Toxapex\n|-damage|p1a: Toxapex|8\/100\n|move|p1a: Toxapex|Hydro Pump|p2a: Landorus\n|-supereffective|p2a: Landorus\n|-damage|p2a: Landorus|24\/100\n|\n|-heal|p1a: Toxapex|14\/100|[from] item: Leftovers\n|upkeep\n|turn|31\n|\n|t:|1699855004\n|move|p2a: Landorus|U-turn|p1a: Toxapex\n|-resisted|p1a: Toxapex\n|-damage|p1a: Toxapex|7\/100\n|\n|t:|1699855009\n|switch|p2a: Walking Wake|Walking Wake|4\/100|[from] U-turn\n|-damage|p2a: Walking Wake|0 fnt|[from] Stealth Rock\n|faint|p2a: Walking Wake\n|-end|p2a: Walking Wake|Protosynthesis|[silent]\n|move|p1a: Toxapex|Hydro Pump|p2: Walking Wake|[notarget]\n|-fail|p1a: Toxapex\n|\n|-heal|p1a: Toxapex|14\/100|[from] item: Leftovers\n|upkeep\n|\n|t:|1699855019\n|switch|p2a: Kingambit|Kingambit, F|94\/100\n|-damage|p2a: Kingambit|88\/100|[from] Stealth Rock\n|-activate|p2a: Kingambit|ability: Supreme Overlord\n|-start|p2a: Kingambit|fallen2|[silent]\n|turn|32\n|\n|t:|1699855025\n|move|p1a: Toxapex|Baneful Bunker|p1a: Toxapex\n|-singleturn|p1a: Toxapex|move: Protect\n|move|p2a: Kingambit|Swords Dance|p2a: Kingambit\n|-boost|p2a: Kingambit|atk|2\n|\n|-heal|p1a: Toxapex|20\/100|[from] item: Leftovers\n|upkeep\n|turn|33\n|\n|t:|1699855033\n|move|p2a: Kingambit|Iron Head|p1a: Toxapex\n|-resisted|p1a: Toxapex\n|-damage|p1a: Toxapex|0 fnt\n|faint|p1a: Toxapex\n|-damage|p2a: Kingambit|78\/100|[from] item: Life Orb\n|\n|upkeep\n|\n|t:|1699855040\n|switch|p1a: Landorus|Landorus-Therian, M|60\/100\n|-ability|p1a: Landorus|Intimidate|boost\n|-unboost|p2a: Kingambit|atk|1\n|turn|34\n|\n|t:|1699855046\n|move|p2a: Kingambit|Sucker Punch|p1a: Landorus\n|-damage|p1a: Landorus|0 fnt\n|faint|p1a: Landorus\n|-damage|p2a: Kingambit|68\/100|[from] item: Life Orb\n|\n|upkeep\n|\n|t:|1699855051\n|switch|p1a: Infernape|Infernape, F|84\/100\n|-damage|p1a: Infernape|72\/100|[from] Stealth Rock\n|turn|35\n|\n|t:|1699855055\n|move|p1a: Infernape|Fake Out|p2a: Kingambit\n|-resisted|p2a: Kingambit\n|-damage|p2a: Kingambit|64\/100\n|cant|p2a: Kingambit|flinch\n|\n|upkeep\n|turn|36\n|\n|t:|1699855062\n|move|p2a: Kingambit|Sucker Punch|p1a: Infernape\n|-resisted|p1a: Infernape\n|-damage|p1a: Infernape|2\/100\n|-damage|p2a: Kingambit|54\/100|[from] item: Life Orb\n|move|p1a: Infernape|Drain Punch|p2a: Kingambit\n|-supereffective|p2a: Kingambit\n|-damage|p2a: Kingambit|0 fnt\n|-heal|p1a: Infernape|39\/100|[from] drain|[of] p2a: Kingambit\n|faint|p2a: Kingambit\n|-end|p2a: Kingambit|fallen2|[silent]\n|\n|upkeep\n|\n|t:|1699855072\n|switch|p2a: Landorus|Landorus-Therian, M, shiny|24\/100\n|-damage|p2a: Landorus|12\/100|[from] Stealth Rock\n|-ability|p2a: Landorus|Intimidate|boost\n|-unboost|p1a: Infernape|atk|1\n|turn|37\n|\n|t:|1699855080\n|move|p1a: Infernape|Drain Punch|p2a: Landorus\n|-resisted|p2a: Landorus\n|-damage|p2a: Landorus|2\/100\n|-heal|p1a: Infernape|46\/100|[from] drain|[of] p2a: Landorus\n|-damage|p1a: Infernape|29\/100|[from] item: Rocky Helmet|[of] p2a: Landorus\n|move|p2a: Landorus|U-turn|p1a: Infernape\n|-resisted|p1a: Infernape\n|-damage|p1a: Infernape|21\/100\n|\n|t:|1699855091\n|switch|p2a: Clodsire|Clodsire, F, shiny|100\/100|[from] U-turn\n|-damage|p2a: Clodsire|94\/100|[from] Stealth Rock\n|\n|-heal|p2a: Clodsire|100\/100|[from] item: Leftovers\n|upkeep\n|turn|38\n|\n|t:|1699855100\n|switch|p1a: Rotom|Rotom-Wash|3\/100\n|-damage|p1a: Rotom|0 fnt|[from] Stealth Rock\n|faint|p1a: Rotom\n|move|p2a: Clodsire|Spikes|p1: Rotom\n|-sidestart|p1: MKenRoyW|Spikes\n|\n|upkeep\n|\n|t:|1699855107\n|switch|p1a: Infernape|Infernape, F|21\/100\n|-damage|p1a: Infernape|9\/100|[from] Stealth Rock\n|-damage|p1a: Infernape|0 fnt|[from] Spikes\n|faint|p1a: Infernape\n|\n|win|Tory\n|raw|MKenRoyW's rating: 1110 &rarr; <strong>1091<\/strong><br \/>(-19 for losing)\n|raw|Tory's rating: 1199 &rarr; <strong>1218<\/strong><br \/>(+19 for winning)\n","uploadtime":1699855116,"views":11,"p1id":"mkenroyw","p2id":"tory","formatid":"gen9ou","rating":1091,"private":0,"password":""}