{"id":"gen9ou-1995699971","p1":"Yung Whiff","p2":"Yurokun","format":"[Gen 9] OU","log":"|j|\u2606Yung Whiff\n|j|\u2606Yurokun\n|t:|1700595099\n|gametype|singles\n|player|p1|Yung Whiff|fisherman-gen4|1168\n|player|p2|Yurokun|shadowtriad|1109\n|teamsize|p1|6\n|teamsize|p2|6\n|gen|9\n|tier|[Gen 9] OU\n|rated|\n|rule|Sleep Clause Mod: Limit one foe put to sleep\n|rule|Species Clause: Limit one of each Pok\u00e9mon\n|rule|OHKO Clause: OHKO moves are banned\n|rule|Evasion Items Clause: Evasion items are banned\n|rule|Evasion Moves Clause: Evasion moves are banned\n|rule|Endless Battle Clause: Forcing endless battles is banned\n|rule|HP Percentage Mod: HP is shown in percentages\n|clearpoke\n|poke|p1|Landorus-Therian, M|\n|poke|p1|Arcanine-Hisui, F|\n|poke|p1|Corviknight, F|\n|poke|p1|Ogerpon-Wellspring, F|\n|poke|p1|Thundurus-Therian, M|\n|poke|p1|Garchomp, M|\n|poke|p2|Garganacl, M|\n|poke|p2|Ogerpon, F|\n|poke|p2|Ceruledge, M|\n|poke|p2|Masquerain, F|\n|poke|p2|Kingambit, M|\n|poke|p2|Regidrago|\n|teampreview\n|inactive|Battle timer is ON: inactive players will automatically lose when time's up. (requested by Yung Whiff)\n|\n|t:|1700595114\n|start\n|switch|p1a: Arcanine|Arcanine-Hisui, F|100\/100\n|switch|p2a: Masquerain|Masquerain, F|100\/100\n|-ability|p2a: Masquerain|Intimidate|boost\n|-unboost|p1a: Arcanine|atk|1\n|turn|1\n|\n|t:|1700595126\n|move|p1a: Arcanine|Head Smash|p2a: Masquerain|[miss]\n|-miss|p1a: Arcanine|p2a: Masquerain\n|move|p2a: Masquerain|Sticky Web|p1a: Arcanine\n|-sidestart|p1: Yung Whiff|move: Sticky Web\n|\n|upkeep\n|turn|2\n|\n|t:|1700595131\n|move|p1a: Arcanine|Head Smash|p2a: Masquerain\n|-supereffective|p2a: Masquerain\n|-enditem|p2a: Masquerain|Focus Sash\n|-damage|p2a: Masquerain|1\/100\n|move|p2a: Masquerain|Whirlwind|p1a: Arcanine\n|drag|p1a: Corviknight|Corviknight, F|100\/100\n|-ability|p1a: Corviknight|Pressure\n|\n|upkeep\n|turn|3\n|\n|t:|1700595140\n|move|p1a: Corviknight|Defog|p2a: Masquerain\n|-unboost|p2a: Masquerain|evasion|1\n|-sideend|p1: Yung Whiff|Sticky Web|[from] move: Defog|[of] p1a: Corviknight\n|move|p2a: Masquerain|Whirlwind|p1a: Corviknight\n|drag|p1a: Garchomp|Garchomp, M|100\/100\n|\n|upkeep\n|turn|4\n|\n|t:|1700595147\n|move|p1a: Garchomp|Scale Shot|p2a: Masquerain\n|-damage|p2a: Masquerain|0 fnt\n|faint|p2a: Masquerain\n|-hitcount|p2: Masquerain|1\n|-unboost|p1a: Garchomp|def|1\n|-boost|p1a: Garchomp|spe|1\n|\n|upkeep\n|\n|t:|1700595151\n|switch|p2a: Flandre|Ogerpon, F|100\/100\n|turn|5\n|\n|t:|1700595157\n|switch|p1a: Landorus|Landorus-Therian, M|100\/100\n|-ability|p1a: Landorus|Intimidate|boost\n|-unboost|p2a: Flandre|atk|1\n|-ability|p2a: Flandre|Defiant|boost\n|-boost|p2a: Flandre|atk|2\n|-terastallize|p2a: Flandre|Grass\n|detailschange|p2a: Flandre|Ogerpon-Teal-Tera, F, tera:Grass\n|-ability|p2a: Flandre|Embody Aspect (Teal)|boost\n|-boost|p2a: Flandre|spe|1\n|move|p2a: Flandre|Ivy Cudgel|p1a: Landorus\n|-damage|p1a: Landorus|0 fnt\n|faint|p1a: Landorus\n|\n|upkeep\n|\n|t:|1700595174\n|switch|p1a: Arcanine|Arcanine-Hisui, F|100\/100\n|turn|6\n|\n|t:|1700595180\n|-terastallize|p1a: Arcanine|Fire\n|move|p2a: Flandre|Ivy Cudgel|p1a: Arcanine\n|-resisted|p1a: Arcanine\n|-damage|p1a: Arcanine|13\/100\n|move|p1a: Arcanine|Flare Blitz|p2a: Flandre\n|-supereffective|p2a: Flandre\n|-damage|p2a: Flandre|0 fnt\n|faint|p2a: Flandre\n|\n|upkeep\n|\n|t:|1700595185\n|switch|p2a: Ceruledge|Ceruledge, M, shiny|100\/100\n|turn|7\n|\n|t:|1700595194\n|switch|p1a: Ogerpon|Ogerpon-Wellspring, F|100\/100\n|move|p2a: Ceruledge|Shadow Claw|p1a: Ogerpon\n|-damage|p1a: Ogerpon|58\/100\n|\n|upkeep\n|turn|8\n|\n|t:|1700595200\n|move|p1a: Ogerpon|Trailblaze|p2a: Ceruledge\n|-resisted|p2a: Ceruledge\n|-damage|p2a: Ceruledge|79\/100\n|-boost|p1a: Ogerpon|spe|1\n|-ability|p2a: Ceruledge|Weak Armor|boost\n|-unboost|p2a: Ceruledge|def|1\n|-boost|p2a: Ceruledge|spe|2\n|move|p2a: Ceruledge|Will-O-Wisp|p1a: Ogerpon\n|-status|p1a: Ogerpon|brn\n|\n|-damage|p1a: Ogerpon|52\/100 brn|[from] brn\n|upkeep\n|turn|9\n|\n|t:|1700595212\n|move|p2a: Ceruledge|Bitter Blade|p1a: Ogerpon\n|-damage|p1a: Ogerpon|0 fnt\n|-heal|p2a: Ceruledge|100\/100|[from] drain|[of] p1a: Ogerpon\n|faint|p1a: Ogerpon\n|\n|upkeep\n|\n|t:|1700595222\n|switch|p1a: Arcanine|Arcanine-Hisui, F, tera:Fire|13\/100\n|turn|10\n|\n|t:|1700595230\n|move|p2a: Ceruledge|Shadow Claw|p1a: Arcanine\n|-damage|p1a: Arcanine|0 fnt\n|faint|p1a: Arcanine\n|\n|upkeep\n|\n|t:|1700595234\n|switch|p1a: Garchomp|Garchomp, M|100\/100\n|turn|11\n|\n|t:|1700595238\n|move|p2a: Ceruledge|Will-O-Wisp|p1a: Garchomp\n|-status|p1a: Garchomp|brn\n|move|p1a: Garchomp|Scale Shot|p2a: Ceruledge\n|-damage|p2a: Ceruledge|86\/100\n|-ability|p2a: Ceruledge|Weak Armor|boost\n|-unboost|p2a: Ceruledge|def|1\n|-boost|p2a: Ceruledge|spe|2\n|-damage|p2a: Ceruledge|65\/100\n|-ability|p2a: Ceruledge|Weak Armor|boost\n|-unboost|p2a: Ceruledge|def|1\n|-boost|p2a: Ceruledge|spe|2\n|-damage|p2a: Ceruledge|40\/100\n|-ability|p2a: Ceruledge|Weak Armor|boost\n|-unboost|p2a: Ceruledge|def|1\n|-damage|p2a: Ceruledge|11\/100\n|-ability|p2a: Ceruledge|Weak Armor|boost\n|-unboost|p2a: Ceruledge|def|1\n|-hitcount|p2a: Ceruledge|4\n|-unboost|p1a: Garchomp|def|1\n|-boost|p1a: Garchomp|spe|1\n|\n|-damage|p1a: Garchomp|94\/100 brn|[from] brn\n|upkeep\n|turn|12\n|\n|t:|1700595258\n|move|p2a: Ceruledge|Shadow Claw|p1a: Garchomp\n|-damage|p1a: Garchomp|44\/100 brn\n|-damage|p2a: Ceruledge|0 fnt|[from] ability: Rough Skin|[of] p1a: Garchomp\n|faint|p2a: Ceruledge\n|move|p1a: Garchomp|Scale Shot|p2: Ceruledge|[notarget]\n|-fail|p1a: Garchomp\n|\n|-damage|p1a: Garchomp|37\/100 brn|[from] brn\n|upkeep\n|\n|t:|1700595266\n|switch|p2a: Garganacl|Garganacl, M|100\/100\n|turn|13\n|\n|t:|1700595277\n|move|p1a: Garchomp|Earthquake|p2a: Garganacl\n|-supereffective|p2a: Garganacl\n|-damage|p2a: Garganacl|64\/100\n|move|p2a: Garganacl|Curse|p2a: Garganacl\n|-unboost|p2a: Garganacl|spe|1\n|-boost|p2a: Garganacl|atk|1\n|-boost|p2a: Garganacl|def|1\n|\n|-damage|p1a: Garchomp|31\/100 brn|[from] brn\n|upkeep\n|turn|14\n|\n|t:|1700595287\n|move|p1a: Garchomp|Swords Dance|p1a: Garchomp\n|-boost|p1a: Garchomp|atk|2\n|move|p2a: Garganacl|Salt Cure|p1a: Garchomp\n|-resisted|p1a: Garchomp\n|-damage|p1a: Garchomp|3\/100 brn\n|-start|p1a: Garchomp|Salt Cure\n|-damage|p2a: Garganacl|54\/100|[from] item: Life Orb\n|\n|-damage|p1a: Garchomp|0 fnt|[from] brn\n|faint|p1a: Garchomp\n|upkeep\n|\n|t:|1700595296\n|switch|p1a: Thundurus|Thundurus-Therian, M|100\/100\n|turn|15\n|\n|t:|1700595301\n|move|p1a: Thundurus|Nasty Plot|p1a: Thundurus\n|-boost|p1a: Thundurus|spa|2\n|move|p2a: Garganacl|Salt Cure|p1a: Thundurus\n|-supereffective|p1a: Thundurus\n|-damage|p1a: Thundurus|0 fnt\n|faint|p1a: Thundurus\n|-damage|p2a: Garganacl|44\/100|[from] item: Life Orb\n|\n|upkeep\n|\n|t:|1700595308\n|switch|p1a: Corviknight|Corviknight, F|100\/100\n|-ability|p1a: Corviknight|Pressure\n|turn|16\n|\n|t:|1700595316\n|move|p1a: Corviknight|Brave Bird|p2a: Garganacl\n|-resisted|p2a: Garganacl\n|-damage|p2a: Garganacl|36\/100\n|-damage|p1a: Corviknight|98\/100|[from] Recoil\n|move|p2a: Garganacl|Salt Cure|p1a: Corviknight\n|-damage|p1a: Corviknight|73\/100\n|-start|p1a: Corviknight|Salt Cure\n|-damage|p2a: Garganacl|26\/100|[from] item: Life Orb\n|\n|-damage|p1a: Corviknight|49\/100|[from] Salt Cure\n|upkeep\n|turn|17\n|-message|Yung Whiff forfeited.\n|\n|win|Yurokun\n|raw|Yung Whiff's rating: 1168 &rarr; <strong>1139<\/strong><br \/>(-29 for losing)\n|raw|Yurokun's rating: 1109 &rarr; <strong>1138<\/strong><br \/>(+29 for winning)\n|l|\u2606Yung Whiff\n","uploadtime":1700595323,"views":2,"p1id":"yungwhiff","p2id":"yurokun","formatid":"gen9ou","rating":1138,"private":0,"password":""}