{"id":"gen9ou-1992528011","p1":"avaluggfan!!!","p2":"Charmalane","format":"[Gen 9] OU","log":"|j|\u2606avaluggfan!!!\n|j|\u2606Charmalane\n|t:|1700200015\n|gametype|singles\n|player|p1|avaluggfan!!!|2|1550\n|player|p2|Charmalane|brawly|1505\n|teamsize|p1|6\n|teamsize|p2|6\n|gen|9\n|tier|[Gen 9] OU\n|rated|\n|rule|Sleep Clause Mod: Limit one foe put to sleep\n|rule|Species Clause: Limit one of each Pok\u00e9mon\n|rule|OHKO Clause: OHKO moves are banned\n|rule|Evasion Items Clause: Evasion items are banned\n|rule|Evasion Moves Clause: Evasion moves are banned\n|rule|Endless Battle Clause: Forcing endless battles is banned\n|rule|HP Percentage Mod: HP is shown in percentages\n|clearpoke\n|poke|p1|Kingambit, F|\n|poke|p1|Iron Moth|\n|poke|p1|Iron Valiant|\n|poke|p1|Landorus-Therian, M|\n|poke|p1|Maushold-Four|\n|poke|p1|Walking Wake|\n|poke|p2|Dragapult, M|\n|poke|p2|Dragonite, M|\n|poke|p2|Ursaluna, M|\n|poke|p2|Alomomola, F|\n|poke|p2|Slowking-Galar, M|\n|poke|p2|Great Tusk|\n|teampreview\n|inactive|Battle timer is ON: inactive players will automatically lose when time's up. (requested by avaluggfan!!!)\n|inactive|Charmalane has 120 seconds left.\n|\n|t:|1700200047\n|start\n|switch|p1a: elmer|Landorus-Therian, M|100\/100\n|switch|p2a: Diplo|Dragapult, M|100\/100\n|-ability|p1a: elmer|Intimidate|boost\n|-unboost|p2a: Diplo|atk|1\n|turn|1\n|j| Thane_of_E\n|\n|t:|1700200063\n|switch|p2a: Tembo|Great Tusk|100\/100\n|move|p1a: elmer|Stealth Rock|p2a: Tembo\n|-sidestart|p2: Charmalane|move: Stealth Rock\n|\n|upkeep\n|turn|2\n|\n|t:|1700200069\n|move|p2a: Tembo|Rapid Spin|p1a: elmer\n|-damage|p1a: elmer|87\/100\n|-boost|p2a: Tembo|spe|1\n|-sideend|p2: Charmalane|Stealth Rock|[from] move: Rapid Spin|[of] p2a: Tembo\n|move|p1a: elmer|Grass Knot|p2a: Tembo\n|-supereffective|p2a: Tembo\n|-damage|p2a: Tembo|23\/100\n|\n|-heal|p1a: elmer|93\/100|[from] item: Leftovers\n|upkeep\n|turn|3\n|\n|t:|1700200078\n|move|p2a: Tembo|Stealth Rock|p1a: elmer\n|-sidestart|p1: avaluggfan!!!|move: Stealth Rock\n|move|p1a: elmer|U-turn|p2a: Tembo\n|-resisted|p2a: Tembo\n|-crit|p2a: Tembo\n|-damage|p2a: Tembo|14\/100\n|\n|t:|1700200086\n|switch|p1a: Walking Wake|Walking Wake|100\/100|[from] U-turn\n|-damage|p1a: Walking Wake|88\/100|[from] Stealth Rock\n|\n|upkeep\n|turn|4\n|\n|t:|1700200091\n|-end|p2a: Tembo|Protosynthesis|[silent]\n|switch|p2a: Nautilus|Slowking-Galar, M|100\/100\n|move|p1a: Walking Wake|Flip Turn|p2a: Nautilus\n|-damage|p2a: Nautilus|83\/100\n|\n|t:|1700200094\n|-end|p1a: Walking Wake|Protosynthesis|[silent]\n|switch|p1a: elmer|Landorus-Therian, M|93\/100|[from] Flip Turn\n|-damage|p1a: elmer|81\/100|[from] Stealth Rock\n|-ability|p1a: elmer|Intimidate|boost\n|-unboost|p2a: Nautilus|atk|1\n|\n|-heal|p1a: elmer|87\/100|[from] item: Leftovers\n|upkeep\n|turn|5\n|\n|t:|1700200113\n|move|p1a: elmer|Stealth Rock|p2a: Nautilus\n|-sidestart|p2: Charmalane|move: Stealth Rock\n|move|p2a: Nautilus|Ice Beam|p1a: elmer\n|-supereffective|p1a: elmer\n|-damage|p1a: elmer|2\/100\n|\n|-heal|p1a: elmer|8\/100|[from] item: Leftovers\n|upkeep\n|turn|6\n|\n|t:|1700200120\n|switch|p2a: Ponyo|Alomomola, F|100\/100\n|-damage|p2a: Ponyo|88\/100|[from] Stealth Rock\n|move|p1a: elmer|Earthquake|p2a: Ponyo\n|-damage|p2a: Ponyo|65\/100\n|\n|-heal|p1a: elmer|14\/100|[from] item: Leftovers\n|upkeep\n|turn|7\n|\n|t:|1700200127\n|move|p1a: elmer|U-turn|p2a: Ponyo\n|-damage|p2a: Ponyo|52\/100\n|-damage|p1a: elmer|0 fnt|[from] item: Rocky Helmet|[of] p2a: Ponyo\n|faint|p1a: elmer\n|move|p2a: Ponyo|Wish|p2a: Ponyo\n|\n|upkeep\n|\n|t:|1700200132\n|switch|p1a: Walking Wake|Walking Wake|88\/100\n|-damage|p1a: Walking Wake|76\/100|[from] Stealth Rock\n|turn|8\n|\n|t:|1700200138\n|move|p2a: Ponyo|Protect|p2a: Ponyo\n|-singleturn|p2a: Ponyo|Protect\n|move|p1a: Walking Wake|Draco Meteor|p2a: Ponyo\n|-activate|p2a: Ponyo|move: Protect\n|\n|-heal|p2a: Ponyo|100\/100|[from] move: Wish|[wisher] Ponyo\n|upkeep\n|turn|9\n|\n|t:|1700200145\n|-end|p1a: Walking Wake|Protosynthesis|[silent]\n|switch|p1a: glory to the prc|Maushold-Four|100\/100\n|-damage|p1a: glory to the prc|88\/100|[from] Stealth Rock\n|switch|p2a: Nautilus|Slowking-Galar, M|100\/100\n|-damage|p2a: Nautilus|88\/100|[from] Stealth Rock\n|\n|upkeep\n|turn|10\n|\n|t:|1700200165\n|switch|p2a: Ponyo|Alomomola, F|100\/100\n|-damage|p2a: Ponyo|88\/100|[from] Stealth Rock\n|move|p1a: glory to the prc|Tidy Up|p1a: glory to the prc\n|-sideend|p1: avaluggfan!!!|Stealth Rock\n|-sideend|p2: Charmalane|Stealth Rock\n|-activate|p1a: glory to the prc|move: Tidy Up\n|-boost|p1a: glory to the prc|atk|1\n|-boost|p1a: glory to the prc|spe|1\n|\n|upkeep\n|turn|11\n|\n|t:|1700200176\n|move|p1a: glory to the prc|Tidy Up|p1a: glory to the prc\n|-boost|p1a: glory to the prc|atk|1\n|-boost|p1a: glory to the prc|spe|1\n|move|p2a: Ponyo|Scald|p1a: glory to the prc\n|-damage|p1a: glory to the prc|67\/100\n|\n|upkeep\n|turn|12\n|\n|t:|1700200181\n|switch|p1a: Walking Wake|Walking Wake|76\/100\n|move|p2a: Ponyo|Scald|p1a: Walking Wake\n|-resisted|p1a: Walking Wake\n|-damage|p1a: Walking Wake|72\/100\n|\n|upkeep\n|turn|13\n|\n|t:|1700200187\n|switch|p2a: Nautilus|Slowking-Galar, M|100\/100\n|move|p1a: Walking Wake|Draco Meteor|p2a: Nautilus|[miss]\n|-miss|p1a: Walking Wake|p2a: Nautilus\n|\n|upkeep\n|turn|14\n|\n|t:|1700200196\n|-end|p1a: Walking Wake|Protosynthesis|[silent]\n|switch|p1a: yogiri takatou|Kingambit, F|100\/100\n|-activate|p1a: yogiri takatou|ability: Supreme Overlord\n|-start|p1a: yogiri takatou|fallen1|[silent]\n|move|p2a: Nautilus|Flamethrower|p1a: yogiri takatou\n|-supereffective|p1a: yogiri takatou\n|-damage|p1a: yogiri takatou|52\/100\n|\n|upkeep\n|turn|15\n|\n|t:|1700200209\n|switch|p2a: Ponyo|Alomomola, F|100\/100\n|move|p1a: yogiri takatou|Kowtow Cleave|p2a: Ponyo\n|-damage|p2a: Ponyo|65\/100\n|-damage|p1a: yogiri takatou|36\/100|[from] item: Rocky Helmet|[of] p2a: Ponyo\n|\n|upkeep\n|turn|16\n|\n|t:|1700200217\n|move|p1a: yogiri takatou|Swords Dance|p1a: yogiri takatou\n|-boost|p1a: yogiri takatou|atk|2\n|move|p2a: Ponyo|Scald|p1a: yogiri takatou\n|-damage|p1a: yogiri takatou|24\/100\n|\n|upkeep\n|turn|17\n|l| Thane_of_E\n|\n|t:|1700200231\n|switch|p2a: Tembo|Great Tusk|14\/100\n|move|p1a: yogiri takatou|Kowtow Cleave|p2a: Tembo\n|-resisted|p2a: Tembo\n|-damage|p2a: Tembo|0 fnt\n|faint|p2a: Tembo\n|-end|p2a: Tembo|Protosynthesis|[silent]\n|\n|upkeep\n|\n|t:|1700200240\n|switch|p2a: Jade|Dragonite, M, shiny|100\/100\n|turn|18\n|\n|t:|1700200268\n|move|p2a: Jade|Earthquake|p1a: yogiri takatou\n|-supereffective|p1a: yogiri takatou\n|-damage|p1a: yogiri takatou|0 fnt\n|faint|p1a: yogiri takatou\n|-end|p1a: yogiri takatou|fallen1|[silent]\n|\n|upkeep\n|\n|t:|1700200277\n|switch|p1a: glory to the prc|Maushold-Four|67\/100\n|turn|19\n|inactive|Charmalane has 120 seconds left.\n|inactive|avaluggfan!!! has 120 seconds left.\n|\n|t:|1700200302\n|switch|p1a: zojirushi|Iron Moth|100\/100\n|-enditem|p1a: zojirushi|Booster Energy\n|-activate|p1a: zojirushi|ability: Quark Drive|[fromitem]\n|-start|p1a: zojirushi|quarkdrivespe\n|switch|p2a: Ponyo|Alomomola, F|99\/100\n|\n|upkeep\n|turn|20\n|j| My Occult Deck\n|inactive|avaluggfan!!! has 120 seconds left.\n|\n|t:|1700200319\n|switch|p2a: Nautilus|Slowking-Galar, M|100\/100\n|-terastallize|p1a: zojirushi|Grass\n|move|p1a: zojirushi|Energy Ball|p2a: Nautilus\n|-resisted|p2a: Nautilus\n|-damage|p2a: Nautilus|91\/100\n|\n|upkeep\n|turn|21\n|inactive|avaluggfan!!! has 120 seconds left.\n|\n|t:|1700200328\n|move|p1a: zojirushi|Substitute|p1a: zojirushi\n|-start|p1a: zojirushi|Substitute\n|-damage|p1a: zojirushi|76\/100\n|move|p2a: Nautilus|Sludge Bomb|p1a: zojirushi\n|-supereffective|p1a: zojirushi\n|-end|p1a: zojirushi|Substitute\n|\n|upkeep\n|turn|22\n|\n|t:|1700200334\n|move|p1a: zojirushi|Fiery Dance|p2a: Nautilus\n|-damage|p2a: Nautilus|72\/100\n|move|p2a: Nautilus|Sludge Bomb|p1a: zojirushi\n|-supereffective|p1a: zojirushi\n|-damage|p1a: zojirushi|0 fnt\n|faint|p1a: zojirushi\n|-end|p1a: zojirushi|Quark Drive|[silent]\n|\n|upkeep\n|\n|t:|1700200337\n|switch|p1a: glory to the prc|Maushold-Four|67\/100\n|turn|23\n|\n|t:|1700200344\n|switch|p1a: lefthanded|Iron Valiant|100\/100\n|-enditem|p1a: lefthanded|Booster Energy\n|-activate|p1a: lefthanded|ability: Quark Drive|[fromitem]\n|-start|p1a: lefthanded|quarkdrivespe\n|switch|p2a: Ponyo|Alomomola, F|100\/100\n|\n|upkeep\n|turn|24\n|\n|t:|1700200351\n|move|p1a: lefthanded|Swords Dance|p1a: lefthanded\n|-boost|p1a: lefthanded|atk|2\n|move|p2a: Ponyo|Flip Turn|p1a: lefthanded\n|-damage|p1a: lefthanded|81\/100\n|\n|t:|1700200360\n|switch|p2a: Jade|Dragonite, M, shiny|100\/100|[from] Flip Turn\n|\n|upkeep\n|turn|25\n|\n|t:|1700200367\n|-terastallize|p2a: Jade|Normal\n|move|p2a: Jade|Extreme Speed|p1a: lefthanded\n|-damage|p1a: lefthanded|21\/100\n|move|p1a: lefthanded|Knock Off|p2a: Jade\n|-damage|p2a: Jade|63\/100\n|-enditem|p2a: Jade|Heavy-Duty Boots|[from] move: Knock Off|[of] p1a: lefthanded\n|\n|upkeep\n|turn|26\n|\n|t:|1700200375\n|-end|p1a: lefthanded|Quark Drive|[silent]\n|switch|p1a: Walking Wake|Walking Wake|72\/100\n|move|p2a: Jade|Extreme Speed|p1a: Walking Wake\n|-damage|p1a: Walking Wake|24\/100\n|\n|upkeep\n|turn|27\n|-message|avaluggfan!!! forfeited.\n|\n|win|Charmalane\n|raw|avaluggfan!!!'s rating: 1550 &rarr; <strong>1527<\/strong><br \/>(-23 for losing)\n|raw|Charmalane's rating: 1505 &rarr; <strong>1528<\/strong><br \/>(+23 for winning)\n|l|\u2606avaluggfan!!!\n|l|\u2606Charmalane\n","uploadtime":1700200383,"views":7,"p1id":"avaluggfan","p2id":"charmalane","formatid":"gen9ou","rating":1527,"private":0,"password":""}