{"id":"gen9ou-1999910496","p1":"ouvt botolwotol","p2":"Tsuykily","format":"[Gen 9] OU","log":"|j|\u2606ouvt botolwotol\n|j|\u2606Tsuykily\n|t:|1701129048\n|gametype|singles\n|player|p1|ouvt botolwotol|2|1525\n|player|p2|Tsuykily|worker|1646\n|teamsize|p1|6\n|teamsize|p2|6\n|gen|9\n|tier|[Gen 9] OU\n|rated|\n|rule|Sleep Clause Mod: Limit one foe put to sleep\n|rule|Species Clause: Limit one of each Pok\u00e9mon\n|rule|OHKO Clause: OHKO moves are banned\n|rule|Evasion Items Clause: Evasion items are banned\n|rule|Evasion Moves Clause: Evasion moves are banned\n|rule|Endless Battle Clause: Forcing endless battles is banned\n|rule|HP Percentage Mod: HP is shown in percentages\n|clearpoke\n|poke|p1|Rillaboom, M|\n|poke|p1|Ogerpon-Cornerstone, F|\n|poke|p1|Iron Valiant|\n|poke|p1|Dragapult, M|\n|poke|p1|Glimmora, M|\n|poke|p1|Hawlucha, M|\n|poke|p2|Kingambit, F|\n|poke|p2|Ribombee, F|\n|poke|p2|Great Tusk|\n|poke|p2|Zamazenta-*|\n|poke|p2|Regidrago|\n|poke|p2|Samurott-Hisui, M|\n|teampreview\n|\n|t:|1701129059\n|start\n|switch|p1a: Dragapult|Dragapult, M|100\/100\n|switch|p2a: Great Tusk|Great Tusk|100\/100\n|turn|1\n|inactive|Battle timer is ON: inactive players will automatically lose when time's up. (requested by ouvt botolwotol)\n|\n|t:|1701129067\n|-end|p2a: Great Tusk|Protosynthesis|[silent]\n|switch|p2a: Ribombee|Ribombee, F|100\/100\n|move|p1a: Dragapult|U-turn|p2a: Ribombee\n|-resisted|p2a: Ribombee\n|-damage|p2a: Ribombee|74\/100\n|\n|t:|1701129073\n|switch|p1a: Glimmora|Glimmora, M|100\/100|[from] U-turn\n|\n|upkeep\n|turn|2\n|\n|t:|1701129082\n|move|p2a: Ribombee|Sticky Web|p1a: Glimmora\n|-sidestart|p1: ouvt botolwotol|move: Sticky Web\n|move|p1a: Glimmora|Mortal Spin|p2a: Ribombee\n|-supereffective|p2a: Ribombee\n|-damage|p2a: Ribombee|56\/100\n|-sideend|p1: ouvt botolwotol|Sticky Web|[from] move: Mortal Spin|[of] p1a: Glimmora\n|\n|upkeep\n|turn|3\n|\n|t:|1701129091\n|move|p2a: Ribombee|Stun Spore|p1a: Glimmora\n|-status|p1a: Glimmora|par\n|cant|p1a: Glimmora|par\n|\n|upkeep\n|turn|4\n|\n|t:|1701129106\n|move|p2a: Ribombee|Sticky Web|p1a: Glimmora\n|-sidestart|p1: ouvt botolwotol|move: Sticky Web\n|move|p1a: Glimmora|Stealth Rock|p2a: Ribombee\n|-sidestart|p2: Tsuykily|move: Stealth Rock\n|\n|upkeep\n|turn|5\n|\n|t:|1701129122\n|switch|p2a: Great Tusk|Great Tusk|100\/100\n|-damage|p2a: Great Tusk|98\/100|[from] Stealth Rock\n|cant|p1a: Glimmora|par\n|\n|-heal|p2a: Great Tusk|100\/100|[from] item: Leftovers\n|upkeep\n|turn|6\n|\n|t:|1701129126\n|move|p2a: Great Tusk|Earthquake|p1a: Glimmora\n|-supereffective|p1a: Glimmora\n|-enditem|p1a: Glimmora|Focus Sash\n|-damage|p1a: Glimmora|1\/100 par\n|-activate|p1a: Glimmora|ability: Toxic Debris\n|-sidestart|p2: Tsuykily|move: Toxic Spikes\n|cant|p1a: Glimmora|par\n|\n|upkeep\n|turn|7\n|\n|t:|1701129136\n|switch|p1a: Rillaboom|Rillaboom, M, shiny|100\/100\n|-activate|p1a: Rillaboom|move: Sticky Web\n|-unboost|p1a: Rillaboom|spe|1\n|-fieldstart|move: Grassy Terrain|[from] ability: Grassy Surge|[of] p1a: Rillaboom\n|move|p2a: Great Tusk|Knock Off|p1a: Rillaboom\n|-damage|p1a: Rillaboom|66\/100\n|-enditem|p1a: Rillaboom|Choice Band|[from] move: Knock Off|[of] p2a: Great Tusk\n|\n|-heal|p1a: Rillaboom|72\/100|[from] Grassy Terrain\n|upkeep\n|turn|8\n|\n|t:|1701129158\n|-terastallize|p2a: Great Tusk|Flying\n|move|p2a: Great Tusk|Rapid Spin|p1a: Rillaboom\n|-damage|p1a: Rillaboom|52\/100\n|-boost|p2a: Great Tusk|spe|1\n|-sideend|p2: Tsuykily|Toxic Spikes|[from] move: Rapid Spin|[of] p2a: Great Tusk\n|-sideend|p2: Tsuykily|Stealth Rock|[from] move: Rapid Spin|[of] p2a: Great Tusk\n|move|p1a: Rillaboom|U-turn|p2a: Great Tusk\n|-resisted|p2a: Great Tusk\n|-damage|p2a: Great Tusk|92\/100\n|\n|t:|1701129171\n|switch|p1a: Hawlucha|Hawlucha, M|100\/100|[from] U-turn\n|-enditem|p1a: Hawlucha|Grassy Seed\n|-boost|p1a: Hawlucha|def|1|[from] item: Grassy Seed\n|\n|-heal|p2a: Great Tusk|99\/100|[from] item: Leftovers\n|upkeep\n|turn|9\n|\n|t:|1701129182\n|-end|p2a: Great Tusk|Protosynthesis|[silent]\n|switch|p2a: Zamazenta|Zamazenta|100\/100\n|-ability|p2a: Zamazenta|Dauntless Shield|boost\n|-boost|p2a: Zamazenta|def|1\n|move|p1a: Hawlucha|Swords Dance|p1a: Hawlucha\n|-boost|p1a: Hawlucha|atk|2\n|\n|upkeep\n|turn|10\n|\n|t:|1701129186\n|move|p1a: Hawlucha|Acrobatics|p2a: Zamazenta\n|-supereffective|p2a: Zamazenta\n|-damage|p2a: Zamazenta|0 fnt\n|faint|p2a: Zamazenta\n|\n|upkeep\n|inactive|Tsuykily has 120 seconds left.\n|\n|t:|1701129218\n|switch|p2a: Ribombee|Ribombee, F|56\/100\n|turn|11\n|-message|Tsuykily forfeited.\n|\n|win|ouvt botolwotol\n|raw|ouvt botolwotol's rating: 1525 &rarr; <strong>1552<\/strong><br \/>(+27 for winning)\n|raw|Tsuykily's rating: 1646 &rarr; <strong>1619<\/strong><br \/>(-27 for losing)\n|l|\u2606Tsuykily\n","uploadtime":1701129228,"views":3,"p1id":"ouvtbotolwotol","p2id":"tsuykily","formatid":"gen9ou","rating":1552,"private":0,"password":""}