{"id":"gen9ou-1996733572","p1":"yamiyami17","p2":"Upbeatostrich","format":"[Gen 9] OU","log":"|j|\u2606yamiyami17\n|j|\u2606Upbeatostrich\n|t:|1700716228\n|gametype|singles\n|player|p1|yamiyami17|2|1245\n|player|p2|Upbeatostrich|clown|1185\n|teamsize|p1|6\n|teamsize|p2|6\n|gen|9\n|tier|[Gen 9] OU\n|rated|\n|rule|Sleep Clause Mod: Limit one foe put to sleep\n|rule|Species Clause: Limit one of each Pok\u00e9mon\n|rule|OHKO Clause: OHKO moves are banned\n|rule|Evasion Items Clause: Evasion items are banned\n|rule|Evasion Moves Clause: Evasion moves are banned\n|rule|Endless Battle Clause: Forcing endless battles is banned\n|rule|HP Percentage Mod: HP is shown in percentages\n|clearpoke\n|poke|p1|Ursaluna, F|\n|poke|p1|Sinistcha|\n|poke|p1|Mudsdale, M|\n|poke|p1|Weavile, F|\n|poke|p1|Forretress, M|\n|poke|p1|Chandelure, M|\n|poke|p2|Salazzle, F|\n|poke|p2|Clodsire, F|\n|poke|p2|Grafaiai, M|\n|poke|p2|Alomomola, M|\n|poke|p2|Altaria, M|\n|poke|p2|Ting-Lu|\n|teampreview\n|inactive|Battle timer is ON: inactive players will automatically lose when time's up. (requested by Upbeatostrich)\n|\n|t:|1700716245\n|start\n|switch|p1a: Mudsdale|Mudsdale, M|100\/100\n|switch|p2a: Big|Clodsire, F|100\/100\n|turn|1\n|\n|t:|1700716257\n|move|p1a: Mudsdale|Iron Defense|p1a: Mudsdale\n|-boost|p1a: Mudsdale|def|2\n|move|p2a: Big|Toxic Spikes|p1a: Mudsdale\n|-sidestart|p1: yamiyami17|move: Toxic Spikes\n|\n|upkeep\n|turn|2\n|\n|t:|1700716268\n|switch|p2a: Sweetie|Altaria, M, shiny|100\/100\n|move|p1a: Mudsdale|Iron Defense|p1a: Mudsdale\n|-boost|p1a: Mudsdale|def|2\n|\n|upkeep\n|turn|3\n|\n|t:|1700716277\n|move|p2a: Sweetie|Perish Song|p2a: Sweetie\n|-start|p1a: Mudsdale|perish3|[silent]\n|-start|p2a: Sweetie|perish3|[silent]\n|-fieldactivate|move: Perish Song\n|move|p1a: Mudsdale|Body Press|p2a: Sweetie\n|-resisted|p2a: Sweetie\n|-damage|p2a: Sweetie|78\/100\n|\n|-start|p2a: Sweetie|perish3\n|-start|p1a: Mudsdale|perish3\n|upkeep\n|turn|4\n|\n|t:|1700716289\n|move|p2a: Sweetie|Fire Spin|p1a: Mudsdale|[miss]\n|-miss|p2a: Sweetie|p1a: Mudsdale\n|move|p1a: Mudsdale|Iron Defense|p1a: Mudsdale\n|-boost|p1a: Mudsdale|def|2\n|\n|-start|p2a: Sweetie|perish2\n|-start|p1a: Mudsdale|perish2\n|upkeep\n|turn|5\n|\n|t:|1700716300\n|switch|p1a: Forretress|Forretress, M|100\/100\n|move|p2a: Sweetie|Fire Spin|p1a: Forretress\n|-supereffective|p1a: Forretress\n|-damage|p1a: Forretress|67\/100\n|-activate|p1a: Forretress|move: Fire Spin|[of] p2a: Sweetie\n|\n|-heal|p1a: Forretress|73\/100|[from] item: Leftovers\n|-damage|p1a: Forretress|60\/100|[from] move: Fire Spin|[partiallytrapped]\n|-start|p2a: Sweetie|perish1\n|upkeep\n|turn|6\n|\n|t:|1700716312\n|switch|p2a: Big|Clodsire, F|100\/100\n|move|p1a: Forretress|Rapid Spin|p2a: Big\n|-damage|p2a: Big|89\/100\n|-boost|p1a: Forretress|spe|1\n|-sideend|p1: yamiyami17|Toxic Spikes|[from] move: Rapid Spin|[of] p1a: Forretress\n|-end|p1a: Forretress|Fire Spin|[partiallytrapped]\n|\n|-heal|p1a: Forretress|67\/100|[from] item: Leftovers\n|upkeep\n|turn|7\n|\n|t:|1700716321\n|move|p1a: Forretress|Stealth Rock|p2a: Big\n|-sidestart|p2: Upbeatostrich|move: Stealth Rock\n|move|p2a: Big|Toxic Spikes|p1a: Forretress\n|-sidestart|p1: yamiyami17|move: Toxic Spikes\n|\n|-heal|p1a: Forretress|73\/100|[from] item: Leftovers\n|upkeep\n|turn|8\n|\n|t:|1700716330\n|move|p1a: Forretress|Rapid Spin|p2a: Big\n|-damage|p2a: Big|77\/100\n|-boost|p1a: Forretress|spe|1\n|-sideend|p1: yamiyami17|Toxic Spikes|[from] move: Rapid Spin|[of] p1a: Forretress\n|move|p2a: Big|Toxic Spikes|p1a: Forretress\n|-sidestart|p1: yamiyami17|move: Toxic Spikes\n|\n|-heal|p1a: Forretress|79\/100|[from] item: Leftovers\n|upkeep\n|turn|9\n|\n|t:|1700716339\n|switch|p2a: Whistle|Ting-Lu|100\/100\n|-ability|p2a: Whistle|Vessel of Ruin\n|move|p1a: Forretress|Rapid Spin|p2a: Whistle\n|-damage|p2a: Whistle|96\/100\n|-boost|p1a: Forretress|spe|1\n|-sideend|p1: yamiyami17|Toxic Spikes|[from] move: Rapid Spin|[of] p1a: Forretress\n|\n|-heal|p1a: Forretress|85\/100|[from] item: Leftovers\n|upkeep\n|turn|10\n|\n|t:|1700716350\n|switch|p1a: Weavile|Weavile, F|100\/100\n|-ability|p1a: Weavile|Pressure\n|-terastallize|p2a: Whistle|Ghost\n|move|p2a: Whistle|Stealth Rock|p1a: Weavile\n|-sidestart|p1: yamiyami17|move: Stealth Rock\n|\n|upkeep\n|turn|11\n|\n|t:|1700716359\n|switch|p2a: Cupid|Alomomola, M, shiny|100\/100\n|move|p1a: Weavile|Knock Off|p2a: Cupid\n|-damage|p2a: Cupid|64\/100\n|-enditem|p2a: Cupid|Heavy-Duty Boots|[from] move: Knock Off|[of] p1a: Weavile\n|-damage|p1a: Weavile|91\/100|[from] item: Life Orb\n|\n|upkeep\n|turn|12\n|\n|t:|1700716370\n|move|p1a: Weavile|Swords Dance|p1a: Weavile\n|-boost|p1a: Weavile|atk|2\n|move|p2a: Cupid|Whirlpool|p1a: Weavile\n|-damage|p1a: Weavile|82\/100\n|-activate|p1a: Weavile|move: Whirlpool|[of] p2a: Cupid\n|\n|-damage|p1a: Weavile|69\/100|[from] move: Whirlpool|[partiallytrapped]\n|upkeep\n|turn|13\n|\n|t:|1700716381\n|-terastallize|p1a: Weavile|Dark\n|move|p1a: Weavile|Knock Off|p2a: Cupid\n|-damage|p2a: Cupid|0 fnt\n|faint|p2a: Cupid\n|-damage|p1a: Weavile|59\/100|[from] item: Life Orb\n|\n|-end|p1a: Weavile|Whirlpool|[partiallytrapped]|[silent]\n|upkeep\n|\n|t:|1700716389\n|switch|p2a: Smack Ya|Salazzle, F, shiny|100\/100\n|turn|14\n|\n|t:|1700716393\n|move|p1a: Weavile|Knock Off|p2a: Smack Ya\n|-damage|p2a: Smack Ya|0 fnt\n|-enditem|p2a: Smack Ya|Heavy-Duty Boots|[from] move: Knock Off|[of] p1a: Weavile\n|faint|p2a: Smack Ya\n|-damage|p1a: Weavile|49\/100|[from] item: Life Orb\n|\n|upkeep\n|-message|Upbeatostrich forfeited.\n|\n|win|yamiyami17\n|raw|yamiyami17's rating: 1245 &rarr; <strong>1266<\/strong><br \/>(+21 for winning)\n|raw|Upbeatostrich's rating: 1185 &rarr; <strong>1164<\/strong><br \/>(-21 for losing)\n|l|\u2606Upbeatostrich\n","uploadtime":1700716404,"views":20,"p1id":"yamiyami17","p2id":"upbeatostrich","formatid":"gen9ou","rating":1164,"private":0,"password":""}