{"id":"gen9ou-1995780434","p1":"Publo1901","p2":"TheZalmancer","format":"[Gen 9] OU","log":"|j|\u2606Publo1901\n|j|\u2606TheZalmancer\n|t:|1700602477\n|gametype|singles\n|player|p1|Publo1901|giovanni|1354\n|player|p2|TheZalmancer|skyla|1343\n|teamsize|p1|6\n|teamsize|p2|6\n|gen|9\n|tier|[Gen 9] OU\n|rated|\n|rule|Sleep Clause Mod: Limit one foe put to sleep\n|rule|Species Clause: Limit one of each Pok\u00e9mon\n|rule|OHKO Clause: OHKO moves are banned\n|rule|Evasion Items Clause: Evasion items are banned\n|rule|Evasion Moves Clause: Evasion moves are banned\n|rule|Endless Battle Clause: Forcing endless battles is banned\n|rule|HP Percentage Mod: HP is shown in percentages\n|clearpoke\n|poke|p1|Ribombee, M|\n|poke|p1|Iron Moth|\n|poke|p1|Salamence, M|\n|poke|p1|Kingambit, F|\n|poke|p1|Rillaboom, M|\n|poke|p1|Cinderace, F|\n|poke|p2|Ogerpon-Wellspring, F|\n|poke|p2|Ninetales-Alola, F|\n|poke|p2|Corviknight, M|\n|poke|p2|Slowking-Galar, F|\n|poke|p2|Dragapult, F|\n|poke|p2|Zamazenta-*|\n|teampreview\n|\n|t:|1700602480\n|start\n|switch|p1a: Iron Moth|Iron Moth|100\/100\n|switch|p2a: Dragapult|Dragapult, F|100\/100\n|-enditem|p1a: Iron Moth|Booster Energy\n|-activate|p1a: Iron Moth|ability: Quark Drive|[fromitem]\n|-start|p1a: Iron Moth|quarkdrivespe\n|turn|1\n|\n|t:|1700602494\n|move|p1a: Iron Moth|Sludge Wave|p2a: Dragapult\n|-resisted|p2a: Dragapult\n|-damage|p2a: Dragapult|67\/100\n|-status|p2a: Dragapult|psn\n|move|p2a: Dragapult|Dragon Darts|p1a: Iron Moth\n|-damage|p1a: Iron Moth|55\/100\n|-anim|p2a: Dragapult|Dragon Darts|p1a: Iron Moth\n|-damage|p1a: Iron Moth|10\/100\n|\n|-damage|p2a: Dragapult|55\/100 psn|[from] psn\n|upkeep\n|turn|2\n|\n|t:|1700602503\n|move|p1a: Iron Moth|Psychic|p2a: Dragapult\n|-damage|p2a: Dragapult|11\/100 psn\n|move|p2a: Dragapult|U-turn|p1a: Iron Moth\n|-resisted|p1a: Iron Moth\n|-damage|p1a: Iron Moth|0 fnt\n|faint|p1a: Iron Moth\n|-end|p1a: Iron Moth|Quark Drive|[silent]\n|\n|t:|1700602509\n|switch|p2a: Ninetales|Ninetales-Alola, F, shiny|100\/100|[from] U-turn\n|-weather|Snow|[from] ability: Snow Warning|[of] p2a: Ninetales\n|\n|-weather|Snow|[upkeep]\n|upkeep\n|\n|t:|1700602514\n|switch|p1a: Cinderace|Cinderace, F|100\/100\n|turn|3\n|\n|t:|1700602528\n|switch|p2a: Corviknight|Corviknight, M, shiny|100\/100\n|-ability|p2a: Corviknight|Pressure\n|move|p1a: Cinderace|Pyro Ball|p2a: Corviknight\n|-supereffective|p2a: Corviknight\n|-damage|p2a: Corviknight|32\/100\n|\n|-weather|Snow|[upkeep]\n|-heal|p2a: Corviknight|39\/100|[from] item: Leftovers\n|upkeep\n|turn|4\n|\n|t:|1700602541\n|switch|p2a: Zamazenta|Zamazenta|100\/100\n|-ability|p2a: Zamazenta|Dauntless Shield|boost\n|-boost|p2a: Zamazenta|def|1\n|move|p1a: Cinderace|Pyro Ball|p2a: Zamazenta\n|-damage|p2a: Zamazenta|66\/100\n|\n|-weather|Snow|[upkeep]\n|upkeep\n|turn|5\n|\n|t:|1700602553\n|switch|p1a: Salamence|Salamence, M|100\/100\n|move|p2a: Zamazenta|Close Combat|p1a: Salamence\n|-resisted|p1a: Salamence\n|-damage|p1a: Salamence|48\/100\n|-unboost|p2a: Zamazenta|def|1\n|-unboost|p2a: Zamazenta|spd|1\n|\n|-weather|Snow|[upkeep]\n|upkeep\n|turn|6\n|\n|t:|1700602562\n|move|p2a: Zamazenta|Close Combat|p1a: Salamence\n|-resisted|p1a: Salamence\n|-damage|p1a: Salamence|0 fnt\n|-unboost|p2a: Zamazenta|def|1\n|-unboost|p2a: Zamazenta|spd|1\n|faint|p1a: Salamence\n|\n|-weather|none\n|upkeep\n|\n|t:|1700602565\n|switch|p1a: Ribombee|Ribombee, M|100\/100\n|turn|7\n|\n|t:|1700602571\n|switch|p2a: Corviknight|Corviknight, M, shiny|39\/100\n|-ability|p2a: Corviknight|Pressure\n|move|p1a: Ribombee|Sticky Web|p2a: Corviknight\n|-sidestart|p2: TheZalmancer|move: Sticky Web\n|\n|-heal|p2a: Corviknight|45\/100|[from] item: Leftovers\n|upkeep\n|turn|8\n|\n|t:|1700602579\n|move|p1a: Ribombee|Stun Spore|p2a: Corviknight|[miss]\n|-miss|p1a: Ribombee|p2a: Corviknight\n|move|p2a: Corviknight|Defog|p1a: Ribombee\n|-unboost|p1a: Ribombee|evasion|1\n|-sideend|p2: TheZalmancer|Sticky Web|[from] move: Defog|[of] p2a: Corviknight\n|\n|-heal|p2a: Corviknight|51\/100|[from] item: Leftovers\n|upkeep\n|turn|9\n|\n|t:|1700602586\n|move|p1a: Ribombee|Sticky Web|p2a: Corviknight\n|-sidestart|p2: TheZalmancer|move: Sticky Web\n|move|p2a: Corviknight|Iron Head|p1a: Ribombee\n|-supereffective|p1a: Ribombee\n|-damage|p1a: Ribombee|8\/100\n|\n|-heal|p2a: Corviknight|57\/100|[from] item: Leftovers\n|upkeep\n|turn|10\n|\n|t:|1700602595\n|move|p1a: Ribombee|Sticky Web||[still]\n|-fail|p1a: Ribombee\n|move|p2a: Corviknight|Iron Head|p1a: Ribombee\n|-supereffective|p1a: Ribombee\n|-damage|p1a: Ribombee|0 fnt\n|faint|p1a: Ribombee\n|\n|-heal|p2a: Corviknight|64\/100|[from] item: Leftovers\n|upkeep\n|\n|t:|1700602598\n|switch|p1a: Cinderace|Cinderace, F|100\/100\n|turn|11\n|\n|t:|1700602608\n|move|p1a: Cinderace|Pyro Ball|p2a: Corviknight\n|-supereffective|p2a: Corviknight\n|-damage|p2a: Corviknight|0 fnt\n|faint|p2a: Corviknight\n|\n|upkeep\n|\n|t:|1700602647\n|switch|p2a: Slowking|Slowking-Galar, F|100\/100\n|-activate|p2a: Slowking|move: Sticky Web\n|-unboost|p2a: Slowking|spe|1\n|turn|12\n|\n|t:|1700602655\n|switch|p1a: Rillaboom|Rillaboom, M|100\/100\n|-fieldstart|move: Grassy Terrain|[from] ability: Grassy Surge|[of] p1a: Rillaboom\n|move|p2a: Slowking|Trick Room|p2a: Slowking\n|-fieldstart|move: Trick Room|[of] p2a: Slowking\n|\n|upkeep\n|turn|13\n|\n|t:|1700602671\n|switch|p2a: Dragapult|Dragapult, F|11\/100 psn\n|-activate|p2a: Dragapult|move: Sticky Web\n|-unboost|p2a: Dragapult|spe|1\n|move|p1a: Rillaboom|Wood Hammer|p2a: Dragapult\n|-resisted|p2a: Dragapult\n|-damage|p2a: Dragapult|0 fnt\n|faint|p2a: Dragapult\n|-damage|p1a: Rillaboom|97\/100|[from] Recoil\n|\n|-heal|p1a: Rillaboom|100\/100|[from] Grassy Terrain\n|upkeep\n|\n|t:|1700602681\n|switch|p2a: Ninetales|Ninetales-Alola, F, shiny|100\/100\n|-activate|p2a: Ninetales|move: Sticky Web\n|-unboost|p2a: Ninetales|spe|1\n|-weather|Snow|[from] ability: Snow Warning|[of] p2a: Ninetales\n|turn|14\n|\n|t:|1700602686\n|move|p2a: Ninetales|Aurora Veil|p2a: Ninetales\n|-sidestart|p2: TheZalmancer|move: Aurora Veil\n|move|p1a: Rillaboom|Wood Hammer|p2a: Ninetales\n|-damage|p2a: Ninetales|54\/100\n|-damage|p1a: Rillaboom|85\/100|[from] Recoil\n|\n|-weather|Snow|[upkeep]\n|-heal|p2a: Ninetales|60\/100|[from] Grassy Terrain\n|-heal|p1a: Rillaboom|91\/100|[from] Grassy Terrain\n|upkeep\n|turn|15\n|\n|t:|1700602696\n|move|p2a: Ninetales|Freeze-Dry|p1a: Rillaboom\n|-supereffective|p1a: Rillaboom\n|-damage|p1a: Rillaboom|33\/100\n|move|p1a: Rillaboom|Wood Hammer|p2a: Ninetales\n|-damage|p2a: Ninetales|14\/100\n|-damage|p1a: Rillaboom|18\/100|[from] Recoil\n|\n|-weather|Snow|[upkeep]\n|-heal|p2a: Ninetales|20\/100|[from] Grassy Terrain\n|-heal|p1a: Rillaboom|24\/100|[from] Grassy Terrain\n|upkeep\n|turn|16\n|\n|t:|1700602707\n|move|p2a: Ninetales|Freeze-Dry|p1a: Rillaboom\n|-supereffective|p1a: Rillaboom\n|-damage|p1a: Rillaboom|0 fnt\n|faint|p1a: Rillaboom\n|\n|-weather|Snow|[upkeep]\n|-heal|p2a: Ninetales|26\/100|[from] Grassy Terrain\n|-fieldend|move: Trick Room\n|-fieldend|move: Grassy Terrain\n|upkeep\n|\n|t:|1700602712\n|switch|p1a: Cinderace|Cinderace, F|100\/100\n|turn|17\n|\n|t:|1700602716\n|move|p1a: Cinderace|Pyro Ball|p2a: Ninetales\n|-supereffective|p2a: Ninetales\n|-damage|p2a: Ninetales|0 fnt\n|faint|p2a: Ninetales\n|\n|-weather|Snow|[upkeep]\n|upkeep\n|\n|t:|1700602734\n|switch|p2a: Ogerpon|Ogerpon-Wellspring, F|100\/100\n|-activate|p2a: Ogerpon|move: Sticky Web\n|-unboost|p2a: Ogerpon|spe|1\n|turn|18\n|\n|t:|1700602745\n|move|p1a: Cinderace|Gunk Shot|p2a: Ogerpon\n|-start|p1a: Cinderace|typechange|Poison|[from] ability: Libero\n|-supereffective|p2a: Ogerpon\n|-damage|p2a: Ogerpon|21\/100\n|move|p2a: Ogerpon|Ivy Cudgel|p1a: Cinderace|[anim] Ivy Cudgel Water\n|-damage|p1a: Cinderace|13\/100\n|\n|-weather|none\n|upkeep\n|turn|19\n|\n|t:|1700602754\n|move|p1a: Cinderace|Acrobatics|p2a: Ogerpon\n|-supereffective|p2a: Ogerpon\n|-damage|p2a: Ogerpon|0 fnt\n|faint|p2a: Ogerpon\n|\n|upkeep\n|\n|t:|1700602762\n|switch|p2a: Slowking|Slowking-Galar, F|100\/100\n|-activate|p2a: Slowking|move: Sticky Web\n|-unboost|p2a: Slowking|spe|1\n|turn|20\n|\n|t:|1700602766\n|move|p1a: Cinderace|Pyro Ball|p2a: Slowking|[miss]\n|-miss|p1a: Cinderace|p2a: Slowking\n|move|p2a: Slowking|Trick Room|p2a: Slowking\n|-fieldstart|move: Trick Room|[of] p2a: Slowking\n|\n|upkeep\n|turn|21\n|\n|t:|1700602772\n|move|p2a: Slowking|Shadow Ball|p1a: Cinderace\n|-damage|p1a: Cinderace|0 fnt\n|faint|p1a: Cinderace\n|\n|-sideend|p2: TheZalmancer|move: Aurora Veil\n|upkeep\n|\n|t:|1700602776\n|switch|p1a: Kingambit|Kingambit, F|100\/100\n|-activate|p1a: Kingambit|ability: Supreme Overlord\n|-start|p1a: Kingambit|fallen5|[silent]\n|turn|22\n|\n|t:|1700602782\n|-terastallize|p2a: Slowking|Ground\n|move|p2a: Slowking|Tera Blast|p1a: Kingambit|[anim] Tera Blast Ground\n|-supereffective|p1a: Kingambit\n|-damage|p1a: Kingambit|17\/100\n|move|p1a: Kingambit|Kowtow Cleave|p2a: Slowking\n|-damage|p2a: Slowking|14\/100\n|\n|-heal|p2a: Slowking|21\/100|[from] item: Leftovers\n|upkeep\n|turn|23\n|\n|t:|1700602793\n|-terastallize|p1a: Kingambit|Dark\n|move|p1a: Kingambit|Sucker Punch||[still]\n|-fail|p1a: Kingambit\n|move|p2a: Slowking|Nasty Plot|p2a: Slowking\n|-boost|p2a: Slowking|spa|2\n|\n|-heal|p2a: Slowking|27\/100|[from] item: Leftovers\n|upkeep\n|turn|24\n|\n|t:|1700602801\n|move|p2a: Slowking|Shadow Ball|p1a: Kingambit\n|-resisted|p1a: Kingambit\n|-damage|p1a: Kingambit|0 fnt\n|faint|p1a: Kingambit\n|-end|p1a: Kingambit|fallen5|[silent]\n|\n|win|TheZalmancer\n|raw|Publo1901's rating: 1354 &rarr; <strong>1333<\/strong><br \/>(-21 for losing)\n|raw|TheZalmancer's rating: 1343 &rarr; <strong>1364<\/strong><br \/>(+21 for winning)\n|l|\u2606Publo1901\n|c|\u2606TheZalmancer|ggs\n|c|\u2606TheZalmancer|get read\n","uploadtime":1700602812,"views":7,"p1id":"publo1901","p2id":"thezalmancer","formatid":"gen9ou","rating":1333,"private":0,"password":""}