{"id":"gen9ou-1992758901","p1":"rK_squid","p2":"PLAYB0I R0BBIE B","format":"[Gen 9] OU","log":"|j|\u203drK_squid\n|j|\u2606PLAYB0I R0BBIE B\n|t:|1700232861\n|gametype|singles\n|player|p1|rK_squid|265|1188\n|player|p2|PLAYB0I R0BBIE B|eusine|1291\n|teamsize|p1|6\n|teamsize|p2|6\n|gen|9\n|tier|[Gen 9] OU\n|rated|\n|rule|Sleep Clause Mod: Limit one foe put to sleep\n|rule|Species Clause: Limit one of each Pok\u00e9mon\n|rule|OHKO Clause: OHKO moves are banned\n|rule|Evasion Items Clause: Evasion items are banned\n|rule|Evasion Moves Clause: Evasion moves are banned\n|rule|Endless Battle Clause: Forcing endless battles is banned\n|rule|HP Percentage Mod: HP is shown in percentages\n|clearpoke\n|poke|p1|Salazzle, F|\n|poke|p1|Carbink|\n|poke|p1|Cyclizar, M|\n|poke|p1|Toxapex, M|\n|poke|p1|Gardevoir, M|\n|poke|p1|Frosmoth, F|\n|poke|p2|Samurott-Hisui, F|\n|poke|p2|Meowscarada, F|\n|poke|p2|Heatran, F|\n|poke|p2|Thundurus-Therian, M|\n|poke|p2|Dragapult, F|\n|poke|p2|Great Tusk|\n|teampreview\n|inactive|Battle timer is ON: inactive players will automatically lose when time's up. (requested by rK_squid)\n|\n|t:|1700232876\n|start\n|switch|p1a: Carbink|Carbink|100\/100\n|switch|p2a: R.I.P SCREW|Samurott-Hisui, F, shiny|100\/100\n|turn|1\n|\n|t:|1700232882\n|move|p2a: R.I.P SCREW|Razor Shell|p1a: Carbink\n|-supereffective|p1a: Carbink\n|-damage|p1a: Carbink|29\/100\n|move|p1a: Carbink|Stealth Rock|p2a: R.I.P SCREW\n|-sidestart|p2: PLAYB0I R0BBIE B|move: Stealth Rock\n|\n|-heal|p1a: Carbink|36\/100|[from] item: Leftovers\n|upkeep\n|turn|2\n|\n|t:|1700232889\n|switch|p1a: Toxapex|Toxapex, M|100\/100\n|move|p2a: R.I.P SCREW|Razor Shell|p1a: Toxapex\n|-resisted|p1a: Toxapex\n|-damage|p1a: Toxapex|80\/100\n|\n|-heal|p1a: Toxapex|86\/100|[from] item: Black Sludge\n|upkeep\n|turn|3\n|\n|t:|1700232897\n|move|p2a: R.I.P SCREW|Ceaseless Edge|p1a: Toxapex\n|-damage|p1a: Toxapex|52\/100\n|-sidestart|p1: rK_squid|Spikes\n|move|p1a: Toxapex|Infestation|p2a: R.I.P SCREW\n|-supereffective|p2a: R.I.P SCREW\n|-damage|p2a: R.I.P SCREW|92\/100\n|-activate|p2a: R.I.P SCREW|move: Infestation|[of] p1a: Toxapex\n|\n|-heal|p1a: Toxapex|59\/100|[from] item: Black Sludge\n|-damage|p2a: R.I.P SCREW|79\/100|[from] move: Infestation|[partiallytrapped]\n|upkeep\n|turn|4\n|\n|t:|1700232907\n|move|p1a: Toxapex|Baneful Bunker|p1a: Toxapex\n|-singleturn|p1a: Toxapex|move: Protect\n|move|p2a: R.I.P SCREW|Ceaseless Edge|p1a: Toxapex\n|-activate|p1a: Toxapex|move: Protect\n|-status|p2a: R.I.P SCREW|psn\n|\n|-heal|p1a: Toxapex|65\/100|[from] item: Black Sludge\n|-damage|p2a: R.I.P SCREW|67\/100 psn|[from] psn\n|-damage|p2a: R.I.P SCREW|54\/100 psn|[from] move: Infestation|[partiallytrapped]\n|upkeep\n|turn|5\n|\n|t:|1700232917\n|move|p2a: R.I.P SCREW|Ceaseless Edge|p1a: Toxapex\n|-damage|p1a: Toxapex|26\/100\n|-sidestart|p1: rK_squid|Spikes\n|move|p1a: Toxapex|Toxic Spikes|p2a: R.I.P SCREW\n|-sidestart|p2: PLAYB0I R0BBIE B|move: Toxic Spikes\n|\n|-heal|p1a: Toxapex|32\/100|[from] item: Black Sludge\n|-damage|p2a: R.I.P SCREW|42\/100 psn|[from] psn\n|-damage|p2a: R.I.P SCREW|29\/100 psn|[from] move: Infestation|[partiallytrapped]\n|upkeep\n|turn|6\n|\n|t:|1700232926\n|move|p1a: Toxapex|Baneful Bunker|p1a: Toxapex\n|-singleturn|p1a: Toxapex|move: Protect\n|move|p2a: R.I.P SCREW|Swords Dance|p2a: R.I.P SCREW\n|-boost|p2a: R.I.P SCREW|atk|2\n|\n|-heal|p1a: Toxapex|38\/100|[from] item: Black Sludge\n|-damage|p2a: R.I.P SCREW|17\/100 psn|[from] psn\n|-damage|p2a: R.I.P SCREW|5\/100 psn|[from] move: Infestation|[partiallytrapped]\n|upkeep\n|turn|7\n|\n|t:|1700232936\n|switch|p1a: Carbink|Carbink|36\/100\n|-damage|p1a: Carbink|19\/100|[from] Spikes\n|move|p2a: R.I.P SCREW|Ceaseless Edge|p1a: Carbink\n|-resisted|p1a: Carbink\n|-damage|p1a: Carbink|0 fnt\n|-sidestart|p1: rK_squid|Spikes\n|faint|p1a: Carbink\n|\n|-damage|p2a: R.I.P SCREW|0 fnt|[from] psn\n|faint|p2a: R.I.P SCREW\n|upkeep\n|\n|t:|1700232951\n|switch|p2a: NO BYSTANDERS|Dragapult, F|100\/100\n|switch|p1a: Cyclizar|Cyclizar, M|100\/100\n|turn|8\n|\n|t:|1700232958\n|-terastallize|p1a: Cyclizar|Ghost\n|move|p2a: NO BYSTANDERS|Draco Meteor|p1a: Cyclizar\n|-damage|p1a: Cyclizar|20\/100\n|-unboost|p2a: NO BYSTANDERS|spa|2\n|move|p1a: Cyclizar|Knock Off|p2a: NO BYSTANDERS\n|-supereffective|p2a: NO BYSTANDERS\n|-damage|p2a: NO BYSTANDERS|32\/100\n|-enditem|p2a: NO BYSTANDERS|Heavy-Duty Boots|[from] move: Knock Off|[of] p1a: Cyclizar\n|\n|upkeep\n|turn|9\n|\n|t:|1700232973\n|switch|p1a: Toxapex|Toxapex, M|71\/100\n|-damage|p1a: Toxapex|47\/100|[from] Spikes\n|move|p2a: NO BYSTANDERS|Hex|p1a: Toxapex\n|-crit|p1a: Toxapex\n|-damage|p1a: Toxapex|11\/100\n|\n|-heal|p1a: Toxapex|18\/100|[from] item: Black Sludge\n|upkeep\n|turn|10\n|\n|t:|1700232989\n|switch|p2a: 5% TINT|Heatran, F|100\/100\n|-damage|p2a: 5% TINT|88\/100|[from] Stealth Rock\n|-item|p2a: 5% TINT|Air Balloon\n|move|p1a: Toxapex|Baneful Bunker||[still]\n|-fail|p1a: Toxapex\n|\n|-heal|p1a: Toxapex|24\/100|[from] item: Black Sludge\n|upkeep\n|turn|11\n|\n|t:|1700233004\n|move|p2a: 5% TINT|Earth Power|p1a: Toxapex\n|-supereffective|p1a: Toxapex\n|-damage|p1a: Toxapex|0 fnt\n|faint|p1a: Toxapex\n|\n|upkeep\n|\n|t:|1700233009\n|switch|p1a: Cyclizar|Cyclizar, M, tera:Ghost|54\/100\n|turn|12\n|\n|t:|1700233017\n|move|p2a: 5% TINT|Magma Storm|p1a: Cyclizar\n|-damage|p1a: Cyclizar|0 fnt\n|faint|p1a: Cyclizar\n|\n|upkeep\n|-message|rK_squid forfeited.\n|\n|win|PLAYB0I R0BBIE B\n|raw|rK_squid's rating: 1188 &rarr; <strong>1170<\/strong><br \/>(-18 for losing)\n|raw|PLAYB0I R0BBIE B's rating: 1291 &rarr; <strong>1309<\/strong><br \/>(+18 for winning)\n|l|\u203drK_squid\n","uploadtime":1700233027,"views":9,"p1id":"rksquid","p2id":"playb0ir0bbieb","formatid":"gen9ou","rating":1170,"private":0,"password":""}