{"id":"gen9ou-1994508747","p1":"rugrattt","p2":"PeterGriffinOnline","format":"[Gen 9] OU","log":"|j|\u2606rugrattt\n|j|\u2606PeterGriffinOnline\n|t:|1700452342\n|gametype|singles\n|player|p1|rugrattt|170|1305\n|player|p2|PeterGriffinOnline|crasherwake|1274\n|teamsize|p1|6\n|teamsize|p2|6\n|gen|9\n|tier|[Gen 9] OU\n|rated|\n|rule|Sleep Clause Mod: Limit one foe put to sleep\n|rule|Species Clause: Limit one of each Pok\u00e9mon\n|rule|OHKO Clause: OHKO moves are banned\n|rule|Evasion Items Clause: Evasion items are banned\n|rule|Evasion Moves Clause: Evasion moves are banned\n|rule|Endless Battle Clause: Forcing endless battles is banned\n|rule|HP Percentage Mod: HP is shown in percentages\n|clearpoke\n|poke|p1|Pelipper, M|\n|poke|p1|Crawdaunt, M|\n|poke|p1|Ogerpon-Wellspring, F|\n|poke|p1|Basculegion-F, F|\n|poke|p1|Thundurus-Therian, M|\n|poke|p1|Iron Treads|\n|poke|p2|Rillaboom, M|\n|poke|p2|Greninja-*, M|\n|poke|p2|Sneasler, M|\n|poke|p2|Slowking-Galar, F|\n|poke|p2|Zapdos|\n|poke|p2|Great Tusk|\n|teampreview\n|\n|t:|1700452351\n|start\n|switch|p1a: I set rain.|Pelipper, M|100\/100\n|switch|p2a: Rillaboom|Rillaboom, M|100\/100\n|-fieldstart|move: Grassy Terrain|[from] ability: Grassy Surge|[of] p2a: Rillaboom\n|-weather|RainDance|[from] ability: Drizzle|[of] p1a: I set rain.\n|turn|1\n|\n|t:|1700452362\n|switch|p2a: Greninja|Greninja, M|100\/100\n|move|p1a: I set rain.|U-turn|p2a: Greninja\n|-supereffective|p2a: Greninja\n|-damage|p2a: Greninja|70\/100\n|\n|t:|1700452369\n|switch|p1a: Smite Dragon|Thundurus-Therian, M|100\/100|[from] U-turn\n|\n|-weather|RainDance|[upkeep]\n|-heal|p2a: Greninja|76\/100|[from] Grassy Terrain\n|upkeep\n|turn|2\n|\n|t:|1700452378\n|switch|p2a: Slowking|Slowking-Galar, F|100\/100\n|move|p1a: Smite Dragon|Thunder|p2a: Slowking\n|-damage|p2a: Slowking|70\/100\n|-status|p2a: Slowking|par\n|\n|-weather|RainDance|[upkeep]\n|-heal|p2a: Slowking|77\/100 par|[from] Grassy Terrain\n|upkeep\n|turn|3\n|\n|t:|1700452393\n|move|p1a: Smite Dragon|Thunder|p2a: Slowking\n|-damage|p2a: Slowking|45\/100 par\n|move|p2a: Slowking|Sludge Bomb|p1a: Smite Dragon\n|-damage|p1a: Smite Dragon|48\/100\n|-status|p1a: Smite Dragon|psn\n|\n|-weather|RainDance|[upkeep]\n|-heal|p2a: Slowking|51\/100 par|[from] Grassy Terrain\n|-damage|p1a: Smite Dragon|35\/100 psn|[from] psn\n|upkeep\n|turn|4\n|\n|t:|1700452401\n|switch|p2a: Great Tusk|Great Tusk|100\/100\n|-enditem|p2a: Great Tusk|Booster Energy\n|-activate|p2a: Great Tusk|ability: Protosynthesis|[fromitem]\n|-start|p2a: Great Tusk|protosynthesisspe\n|move|p1a: Smite Dragon|Thunder|p2a: Great Tusk\n|-immune|p2a: Great Tusk\n|\n|-weather|RainDance|[upkeep]\n|-damage|p1a: Smite Dragon|23\/100 psn|[from] psn\n|upkeep\n|turn|5\n|\n|t:|1700452416\n|switch|p1a: I set rain.|Pelipper, M|100\/100\n|move|p2a: Great Tusk|Bulk Up|p2a: Great Tusk\n|-boost|p2a: Great Tusk|atk|1\n|-boost|p2a: Great Tusk|def|1\n|\n|-weather|RainDance|[upkeep]\n|-fieldend|move: Grassy Terrain\n|upkeep\n|turn|6\n|\n|t:|1700452423\n|-end|p2a: Great Tusk|Protosynthesis|[silent]\n|switch|p2a: Slowking|Slowking-Galar, F|84\/100 par\n|move|p1a: I set rain.|Surf|p2a: Slowking\n|-damage|p2a: Slowking|61\/100 par\n|\n|-weather|RainDance|[upkeep]\n|upkeep\n|turn|7\n|\n|t:|1700452429\n|move|p1a: I set rain.|Hurricane|p2a: Slowking\n|-crit|p2a: Slowking\n|-damage|p2a: Slowking|35\/100 par\n|move|p2a: Slowking|Sludge Bomb|p1a: I set rain.\n|-damage|p1a: I set rain.|37\/100\n|\n|-weather|RainDance|[upkeep]\n|upkeep\n|turn|8\n|\n|t:|1700452436\n|move|p1a: I set rain.|Hurricane|p2a: Slowking\n|-damage|p2a: Slowking|17\/100 par\n|cant|p2a: Slowking|par\n|\n|-weather|none\n|upkeep\n|turn|9\n|\n|t:|1700452441\n|switch|p2a: Zapdos|Zapdos|100\/100\n|move|p1a: I set rain.|Hurricane|p2a: Zapdos|[miss]\n|-miss|p1a: I set rain.|p2a: Zapdos\n|\n|upkeep\n|turn|10\n|\n|t:|1700452452\n|switch|p1a: THE TANK|Iron Treads|100\/100\n|-enditem|p1a: THE TANK|Booster Energy\n|-activate|p1a: THE TANK|ability: Quark Drive|[fromitem]\n|-start|p1a: THE TANK|quarkdrivespe\n|move|p2a: Zapdos|U-turn|p1a: THE TANK\n|-resisted|p1a: THE TANK\n|-damage|p1a: THE TANK|95\/100\n|\n|t:|1700452458\n|switch|p2a: Rillaboom|Rillaboom, M|100\/100|[from] U-turn\n|-fieldstart|move: Grassy Terrain|[from] ability: Grassy Surge|[of] p2a: Rillaboom\n|\n|-heal|p1a: THE TANK|100\/100|[from] Grassy Terrain\n|upkeep\n|turn|11\n|\n|t:|1700452472\n|-terastallize|p1a: THE TANK|Ghost\n|move|p2a: Rillaboom|Grassy Glide|p1a: THE TANK\n|-damage|p1a: THE TANK|66\/100\n|move|p1a: THE TANK|Stealth Rock|p2a: Rillaboom\n|-sidestart|p2: PeterGriffinOnline|move: Stealth Rock\n|\n|-heal|p1a: THE TANK|72\/100|[from] Grassy Terrain\n|upkeep\n|turn|12\n|\n|t:|1700452481\n|move|p1a: THE TANK|Earth Power|p2a: Rillaboom\n|-resisted|p2a: Rillaboom\n|-damage|p2a: Rillaboom|81\/100\n|move|p2a: Rillaboom|Knock Off|p1a: THE TANK\n|-supereffective|p1a: THE TANK\n|-damage|p1a: THE TANK|29\/100\n|\n|-heal|p1a: THE TANK|35\/100|[from] Grassy Terrain\n|-heal|p2a: Rillaboom|87\/100|[from] Grassy Terrain\n|upkeep\n|turn|13\n|\n|t:|1700452493\n|move|p1a: THE TANK|Steel Beam|p2a: Rillaboom\n|-damage|p2a: Rillaboom|20\/100\n|-damage|p1a: THE TANK|0 fnt|[from] steelbeam\n|faint|p1a: THE TANK\n|-end|p1a: THE TANK|Quark Drive|[silent]\n|move|p2a: Rillaboom|Knock Off|p1: THE TANK|[notarget]\n|-fail|p2a: Rillaboom\n|\n|-heal|p2a: Rillaboom|26\/100|[from] Grassy Terrain\n|upkeep\n|\n|t:|1700452516\n|switch|p1a: funny fish|Basculegion-F, F|100\/100\n|turn|14\n|\n|t:|1700452520\n|move|p2a: Rillaboom|Grassy Glide|p1a: funny fish\n|-supereffective|p1a: funny fish\n|-damage|p1a: funny fish|5\/100\n|move|p1a: funny fish|Ice Beam|p2a: Rillaboom\n|-supereffective|p2a: Rillaboom\n|-damage|p2a: Rillaboom|0 fnt\n|faint|p2a: Rillaboom\n|\n|-heal|p1a: funny fish|12\/100|[from] Grassy Terrain\n|-fieldend|move: Grassy Terrain\n|upkeep\n|\n|t:|1700452537\n|switch|p2a: Greninja|Greninja, M|76\/100\n|-damage|p2a: Greninja|64\/100|[from] Stealth Rock\n|turn|15\n|\n|t:|1700452542\n|switch|p1a: \u201dI win\u201d button|Ogerpon-Wellspring, F|100\/100\n|move|p2a: Greninja|Dark Pulse|p1a: \u201dI win\u201d button\n|-damage|p1a: \u201dI win\u201d button|43\/100\n|-damage|p2a: Greninja|54\/100|[from] item: Life Orb\n|\n|upkeep\n|turn|16\n|\n|t:|1700452546\n|move|p2a: Greninja|Dark Pulse|p1a: \u201dI win\u201d button\n|-damage|p1a: \u201dI win\u201d button|0 fnt\n|faint|p1a: \u201dI win\u201d button\n|-ability|p2a: Greninja|Battle Bond|boost\n|-boost|p2a: Greninja|atk|1\n|-boost|p2a: Greninja|spa|1\n|-boost|p2a: Greninja|spe|1\n|-activate|p2a: Greninja|ability: Battle Bond\n|-damage|p2a: Greninja|44\/100|[from] item: Life Orb\n|\n|upkeep\n|\n|t:|1700452550\n|switch|p1a: I set rain.|Pelipper, M|37\/100\n|-weather|RainDance|[from] ability: Drizzle|[of] p1a: I set rain.\n|turn|17\n|\n|t:|1700452560\n|-terastallize|p2a: Greninja|Water\n|move|p2a: Greninja|Surf|p1a: I set rain.\n|-resisted|p1a: I set rain.\n|-damage|p1a: I set rain.|0 fnt\n|faint|p1a: I set rain.\n|-damage|p2a: Greninja|35\/100|[from] item: Life Orb\n|\n|-weather|RainDance|[upkeep]\n|upkeep\n|\n|t:|1700452566\n|switch|p1a: Mr. Crawbs|Crawdaunt, M|100\/100\n|turn|18\n|\n|t:|1700452579\n|move|p2a: Greninja|Grass Knot|p1a: Mr. Crawbs\n|-supereffective|p1a: Mr. Crawbs\n|-damage|p1a: Mr. Crawbs|0 fnt\n|faint|p1a: Mr. Crawbs\n|-damage|p2a: Greninja|25\/100|[from] item: Life Orb\n|\n|-weather|RainDance|[upkeep]\n|upkeep\n|\n|t:|1700452584\n|switch|p1a: Smite Dragon|Thundurus-Therian, M|23\/100 psn\n|turn|19\n|\n|t:|1700452588\n|move|p2a: Greninja|Surf|p1a: Smite Dragon\n|-damage|p1a: Smite Dragon|0 fnt\n|faint|p1a: Smite Dragon\n|-damage|p2a: Greninja|15\/100|[from] item: Life Orb\n|\n|-weather|RainDance|[upkeep]\n|upkeep\n|\n|t:|1700452597\n|switch|p1a: funny fish|Basculegion-F, F|12\/100\n|turn|20\n|\n|t:|1700452603\n|move|p2a: Greninja|Dark Pulse|p1a: funny fish\n|-supereffective|p1a: funny fish\n|-damage|p1a: funny fish|0 fnt\n|faint|p1a: funny fish\n|-damage|p2a: Greninja|5\/100|[from] item: Life Orb\n|\n|win|PeterGriffinOnline\n|raw|rugrattt's rating: 1305 &rarr; <strong>1283<\/strong><br \/>(-22 for losing)\n|raw|PeterGriffinOnline's rating: 1274 &rarr; <strong>1301<\/strong><br \/>(+27 for winning)\n|l|\u2606rugrattt\n","uploadtime":1700452612,"views":13,"p1id":"rugrattt","p2id":"petergriffinonline","formatid":"gen9ou","rating":1283,"private":0,"password":""}