{"id":"gen9ou-1988943011","p1":"jhoncontrarianmons","p2":"Agent22Venusaur","format":"[Gen 9] OU","log":"|j|\u2606jhoncontrarianmons\n|j|\u2606Agent22Venusaur\n|t:|1699792053\n|gametype|singles\n|player|p1|jhoncontrarianmons|riley|1503\n|player|p2|Agent22Venusaur|janitor|1550\n|teamsize|p1|6\n|teamsize|p2|6\n|gen|9\n|tier|[Gen 9] OU\n|rated|\n|rule|Sleep Clause Mod: Limit one foe put to sleep\n|rule|Species Clause: Limit one of each Pok\u00e9mon\n|rule|OHKO Clause: OHKO moves are banned\n|rule|Evasion Items Clause: Evasion items are banned\n|rule|Evasion Moves Clause: Evasion moves are banned\n|rule|Endless Battle Clause: Forcing endless battles is banned\n|rule|HP Percentage Mod: HP is shown in percentages\n|clearpoke\n|poke|p1|Zoroark-Hisui, M|\n|poke|p1|Corviknight, M|\n|poke|p1|Ogerpon-Wellspring, F|\n|poke|p1|Sandy Shocks|\n|poke|p1|Lokix, F|\n|poke|p1|Greninja-*, M|\n|poke|p2|Gengar, M|\n|poke|p2|Great Tusk|\n|poke|p2|Ninetales-Alola, F|\n|poke|p2|Manaphy|\n|poke|p2|Zamazenta-*|\n|poke|p2|Glimmora, M|\n|teampreview\n|inactive|Battle timer is ON: inactive players will automatically lose when time's up. (requested by jhoncontrarianmons)\n|c|\u2606jhoncontrarianmons|glhf\n|c|\u2606Agent22Venusaur|thanks i will\n|\n|t:|1699792070\n|start\n|switch|p1a: Sandy Shocks|Sandy Shocks|100\/100\n|switch|p2a: ol reliable|Gengar, M|100\/100\n|turn|1\n|\n|t:|1699792078\n|move|p2a: ol reliable|Sludge Bomb|p1a: Sandy Shocks\n|-resisted|p1a: Sandy Shocks\n|-damage|p1a: Sandy Shocks|71\/100\n|move|p1a: Sandy Shocks|Volt Switch|p2a: ol reliable\n|-damage|p2a: ol reliable|34\/100\n|\n|t:|1699792082\n|-end|p1a: Sandy Shocks|Protosynthesis|[silent]\n|switch|p1a: Greninja|Greninja, M|100\/100|[from] Volt Switch\n|\n|upkeep\n|turn|2\n|\n|t:|1699792098\n|switch|p2a: The Sperminator|Glimmora, M|100\/100\n|move|p1a: Greninja|Hydro Pump|p2a: The Sperminator|[miss]\n|-start|p1a: Greninja|typechange|Water|[from] ability: Protean\n|-miss|p1a: Greninja|p2a: The Sperminator\n|\n|upkeep\n|turn|3\n|\n|t:|1699792110\n|switch|p2a: ye|Manaphy, shiny|100\/100\n|move|p1a: Greninja|Hydro Pump|p2a: ye\n|-resisted|p2a: ye\n|-damage|p2a: ye|75\/100\n|\n|-heal|p2a: ye|81\/100|[from] item: Leftovers\n|upkeep\n|turn|4\n|\n|t:|1699792121\n|switch|p1a: Ogerpon|Ogerpon-Wellspring, F|100\/100\n|move|p2a: ye|Energy Ball|p1a: Ogerpon\n|-damage|p1a: Ogerpon|68\/100\n|\n|-heal|p2a: ye|88\/100|[from] item: Leftovers\n|upkeep\n|turn|5\n|\n|t:|1699792130\n|switch|p2a: The Sperminator|Glimmora, M|100\/100\n|move|p1a: Ogerpon|Horn Leech|p2a: The Sperminator\n|-damage|p2a: The Sperminator|42\/100\n|-heal|p1a: Ogerpon|98\/100|[from] drain|[of] p2a: The Sperminator\n|-activate|p2a: The Sperminator|ability: Toxic Debris\n|-sidestart|p1: jhoncontrarianmons|move: Toxic Spikes\n|-enditem|p2a: The Sperminator|Red Card|[of] p1a: Ogerpon\n|drag|p1a: Sandy Shocks|Sandy Shocks|71\/100\n|\n|upkeep\n|turn|6\n|\n|t:|1699792143\n|move|p1a: Sandy Shocks|Volt Switch|p2a: The Sperminator\n|-damage|p2a: The Sperminator|0 fnt\n|faint|p2a: The Sperminator\n|\n|t:|1699792153\n|-end|p1a: Sandy Shocks|Protosynthesis|[silent]\n|switch|p1a: Corviknight|Corviknight, M|100\/100|[from] Volt Switch\n|-ability|p1a: Corviknight|Pressure\n|\n|upkeep\n|\n|t:|1699792161\n|switch|p2a: Jeff Bezos|Great Tusk|100\/100\n|turn|7\n|\n|t:|1699792172\n|-terastallize|p2a: Jeff Bezos|Steel\n|move|p2a: Jeff Bezos|Ice Spinner|p1a: Corviknight\n|-damage|p1a: Corviknight|87\/100\n|-damage|p2a: Jeff Bezos|84\/100|[from] item: Rocky Helmet|[of] p1a: Corviknight\n|move|p1a: Corviknight|Defog|p2a: Jeff Bezos\n|-unboost|p2a: Jeff Bezos|evasion|1\n|-sideend|p1: jhoncontrarianmons|Toxic Spikes|[from] move: Defog|[of] p1a: Corviknight\n|\n|-heal|p2a: Jeff Bezos|90\/100|[from] item: Leftovers\n|upkeep\n|turn|8\n|\n|t:|1699792182\n|move|p2a: Jeff Bezos|Bulk Up|p2a: Jeff Bezos\n|-boost|p2a: Jeff Bezos|atk|1\n|-boost|p2a: Jeff Bezos|def|1\n|move|p1a: Corviknight|Body Press|p2a: Jeff Bezos\n|-supereffective|p2a: Jeff Bezos\n|-damage|p2a: Jeff Bezos|74\/100\n|\n|-heal|p2a: Jeff Bezos|80\/100|[from] item: Leftovers\n|upkeep\n|turn|9\n|\n|t:|1699792190\n|move|p2a: Jeff Bezos|Rapid Spin|p1a: Corviknight\n|-resisted|p1a: Corviknight\n|-damage|p1a: Corviknight|81\/100\n|-boost|p2a: Jeff Bezos|spe|1\n|-damage|p2a: Jeff Bezos|64\/100|[from] item: Rocky Helmet|[of] p1a: Corviknight\n|move|p1a: Corviknight|Body Press|p2a: Jeff Bezos\n|-supereffective|p2a: Jeff Bezos\n|-damage|p2a: Jeff Bezos|48\/100\n|\n|-heal|p2a: Jeff Bezos|54\/100|[from] item: Leftovers\n|upkeep\n|turn|10\n|\n|t:|1699792200\n|move|p2a: Jeff Bezos|Bulk Up|p2a: Jeff Bezos\n|-boost|p2a: Jeff Bezos|atk|1\n|-boost|p2a: Jeff Bezos|def|1\n|move|p1a: Corviknight|Body Press|p2a: Jeff Bezos\n|-supereffective|p2a: Jeff Bezos\n|-crit|p2a: Jeff Bezos\n|-damage|p2a: Jeff Bezos|16\/100\n|\n|-heal|p2a: Jeff Bezos|23\/100|[from] item: Leftovers\n|upkeep\n|turn|11\n|\n|t:|1699792209\n|move|p2a: Jeff Bezos|Bulk Up|p2a: Jeff Bezos\n|-boost|p2a: Jeff Bezos|atk|1\n|-boost|p2a: Jeff Bezos|def|1\n|move|p1a: Corviknight|Body Press|p2a: Jeff Bezos\n|-supereffective|p2a: Jeff Bezos\n|-damage|p2a: Jeff Bezos|12\/100\n|\n|-heal|p2a: Jeff Bezos|19\/100|[from] item: Leftovers\n|upkeep\n|turn|12\n|\n|t:|1699792217\n|move|p2a: Jeff Bezos|Bulk Up|p2a: Jeff Bezos\n|-boost|p2a: Jeff Bezos|atk|1\n|-boost|p2a: Jeff Bezos|def|1\n|move|p1a: Corviknight|Body Press|p2a: Jeff Bezos\n|-supereffective|p2a: Jeff Bezos\n|-damage|p2a: Jeff Bezos|10\/100\n|\n|-heal|p2a: Jeff Bezos|16\/100|[from] item: Leftovers\n|upkeep\n|turn|13\n|\n|t:|1699792226\n|move|p2a: Jeff Bezos|Bulk Up|p2a: Jeff Bezos\n|-boost|p2a: Jeff Bezos|atk|1\n|-boost|p2a: Jeff Bezos|def|1\n|move|p1a: Corviknight|Body Press|p2a: Jeff Bezos\n|-supereffective|p2a: Jeff Bezos\n|-damage|p2a: Jeff Bezos|9\/100\n|\n|-heal|p2a: Jeff Bezos|15\/100|[from] item: Leftovers\n|upkeep\n|turn|14\n|\n|t:|1699792234\n|move|p2a: Jeff Bezos|Bulk Up|p2a: Jeff Bezos\n|-boost|p2a: Jeff Bezos|atk|1\n|-boost|p2a: Jeff Bezos|def|1\n|move|p1a: Corviknight|Body Press|p2a: Jeff Bezos\n|-supereffective|p2a: Jeff Bezos\n|-damage|p2a: Jeff Bezos|9\/100\n|\n|-heal|p2a: Jeff Bezos|15\/100|[from] item: Leftovers\n|upkeep\n|turn|15\n|\n|t:|1699792242\n|move|p2a: Jeff Bezos|Earthquake|p1a: Corviknight\n|-immune|p1a: Corviknight\n|move|p1a: Corviknight|Body Press|p2a: Jeff Bezos\n|-supereffective|p2a: Jeff Bezos\n|-damage|p2a: Jeff Bezos|9\/100\n|\n|-heal|p2a: Jeff Bezos|15\/100|[from] item: Leftovers\n|upkeep\n|turn|16\n|\n|t:|1699792249\n|move|p2a: Jeff Bezos|Earthquake|p1a: Corviknight\n|-immune|p1a: Corviknight\n|move|p1a: Corviknight|Body Press|p2a: Jeff Bezos\n|-supereffective|p2a: Jeff Bezos\n|-damage|p2a: Jeff Bezos|8\/100\n|\n|-heal|p2a: Jeff Bezos|14\/100|[from] item: Leftovers\n|upkeep\n|turn|17\n|\n|t:|1699792257\n|move|p2a: Jeff Bezos|Earthquake|p1a: Corviknight\n|-immune|p1a: Corviknight\n|move|p1a: Corviknight|Body Press|p2a: Jeff Bezos\n|-supereffective|p2a: Jeff Bezos\n|-damage|p2a: Jeff Bezos|7\/100\n|\n|-heal|p2a: Jeff Bezos|14\/100|[from] item: Leftovers\n|upkeep\n|turn|18\n|\n|t:|1699792265\n|move|p2a: Jeff Bezos|Earthquake|p1a: Corviknight\n|-immune|p1a: Corviknight\n|move|p1a: Corviknight|Body Press|p2a: Jeff Bezos\n|-supereffective|p2a: Jeff Bezos\n|-damage|p2a: Jeff Bezos|7\/100\n|\n|-heal|p2a: Jeff Bezos|13\/100|[from] item: Leftovers\n|upkeep\n|turn|19\n|\n|t:|1699792274\n|move|p2a: Jeff Bezos|Bulk Up|p2a: Jeff Bezos\n|-boost|p2a: Jeff Bezos|atk|0\n|-boost|p2a: Jeff Bezos|def|0\n|move|p1a: Corviknight|Body Press|p2a: Jeff Bezos\n|-supereffective|p2a: Jeff Bezos\n|-damage|p2a: Jeff Bezos|6\/100\n|\n|-heal|p2a: Jeff Bezos|13\/100|[from] item: Leftovers\n|upkeep\n|turn|20\n|\n|t:|1699792284\n|move|p2a: Jeff Bezos|Earthquake|p1a: Corviknight\n|-immune|p1a: Corviknight\n|move|p1a: Corviknight|U-turn|p2a: Jeff Bezos\n|-resisted|p2a: Jeff Bezos\n|-damage|p2a: Jeff Bezos|12\/100\n|\n|t:|1699792286\n|switch|p1a: Greninja|Greninja, M|100\/100|[from] U-turn\n|\n|-heal|p2a: Jeff Bezos|18\/100|[from] item: Leftovers\n|upkeep\n|turn|21\n|\n|t:|1699792293\n|move|p1a: Greninja|Hydro Pump|p2a: Jeff Bezos\n|-start|p1a: Greninja|typechange|Water|[from] ability: Protean\n|-damage|p2a: Jeff Bezos|0 fnt\n|faint|p2a: Jeff Bezos\n|-end|p2a: Jeff Bezos|Protosynthesis|[silent]\n|\n|upkeep\n|\n|t:|1699792299\n|switch|p2a: This time of year|Ninetales-Alola, F|100\/100\n|-weather|Snow|[from] ability: Snow Warning|[of] p2a: This time of year\n|turn|22\n|\n|t:|1699792304\n|move|p1a: Greninja|Hydro Pump|p2a: This time of year\n|-damage|p2a: This time of year|59\/100\n|move|p2a: This time of year|Aurora Veil|p2a: This time of year\n|-sidestart|p2: Agent22Venusaur|move: Aurora Veil\n|\n|-weather|Snow|[upkeep]\n|upkeep\n|turn|23\n|\n|t:|1699792313\n|switch|p1a: Corviknight|Corviknight, M|81\/100\n|-ability|p1a: Corviknight|Pressure\n|move|p2a: This time of year|Freeze-Dry|p1a: Corviknight\n|-damage|p1a: Corviknight|62\/100\n|\n|-weather|Snow|[upkeep]\n|upkeep\n|turn|24\n|\n|t:|1699792322\n|switch|p2a: D Cane|Zamazenta|100\/100\n|-ability|p2a: D Cane|Dauntless Shield|boost\n|-boost|p2a: D Cane|def|1\n|move|p1a: Corviknight|Roost|p1a: Corviknight\n|-heal|p1a: Corviknight|100\/100\n|-singleturn|p1a: Corviknight|move: Roost\n|\n|-weather|Snow|[upkeep]\n|upkeep\n|turn|25\n|\n|t:|1699792330\n|move|p2a: D Cane|Substitute|p2a: D Cane\n|-start|p2a: D Cane|Substitute\n|-damage|p2a: D Cane|75\/100\n|move|p1a: Corviknight|U-turn|p2a: D Cane\n|-resisted|p2a: D Cane\n|-activate|p2a: D Cane|move: Substitute|[damage]\n|\n|t:|1699792336\n|switch|p1a: Sandy Shocks|Sandy Shocks|71\/100|[from] U-turn\n|\n|-weather|Snow|[upkeep]\n|-heal|p2a: D Cane|82\/100|[from] item: Leftovers\n|upkeep\n|turn|26\n|\n|t:|1699792343\n|move|p2a: D Cane|Iron Defense|p2a: D Cane\n|-boost|p2a: D Cane|def|2\n|move|p1a: Sandy Shocks|Volt Switch|p2a: D Cane\n|-activate|p2a: D Cane|move: Substitute|[damage]\n|\n|t:|1699792348\n|-end|p1a: Sandy Shocks|Protosynthesis|[silent]\n|switch|p1a: Ogerpon|Ogerpon-Wellspring, F|98\/100|[from] Volt Switch\n|\n|-weather|none\n|-heal|p2a: D Cane|88\/100|[from] item: Leftovers\n|upkeep\n|turn|27\n|\n|t:|1699792357\n|move|p2a: D Cane|Iron Defense|p2a: D Cane\n|-boost|p2a: D Cane|def|2\n|move|p1a: Ogerpon|Encore|p2a: D Cane\n|-start|p2a: D Cane|Encore\n|\n|-heal|p2a: D Cane|94\/100|[from] item: Leftovers\n|upkeep\n|turn|28\n|\n|t:|1699792364\n|move|p2a: D Cane|Iron Defense|p2a: D Cane\n|-boost|p2a: D Cane|def|1\n|move|p1a: Ogerpon|Ivy Cudgel|p2a: D Cane\n|-activate|p2a: D Cane|move: Substitute|[damage]\n|\n|-heal|p2a: D Cane|99\/100|[from] item: Leftovers\n|upkeep\n|turn|29\n|\n|t:|1699792374\n|move|p2a: D Cane|Iron Defense|p2a: D Cane\n|-boost|p2a: D Cane|def|0\n|move|p1a: Ogerpon|Ivy Cudgel|p2a: D Cane\n|-end|p2a: D Cane|Substitute\n|\n|-heal|p2a: D Cane|100\/100|[from] item: Leftovers\n|-sideend|p2: Agent22Venusaur|move: Aurora Veil\n|upkeep\n|turn|30\n|\n|t:|1699792381\n|move|p2a: D Cane|Iron Defense|p2a: D Cane\n|-boost|p2a: D Cane|def|0\n|move|p1a: Ogerpon|U-turn|p2a: D Cane\n|-resisted|p2a: D Cane\n|-damage|p2a: D Cane|98\/100\n|\n|t:|1699792383\n|switch|p1a: Greninja|Greninja, M|100\/100|[from] U-turn\n|\n|-heal|p2a: D Cane|100\/100|[from] item: Leftovers\n|-end|p2a: D Cane|Encore\n|upkeep\n|turn|31\n|\n|t:|1699792394\n|move|p1a: Greninja|Switcheroo|p2a: D Cane\n|-start|p1a: Greninja|typechange|Dark|[from] ability: Protean\n|-activate|p1a: Greninja|move: Trick|[of] p2a: D Cane\n|-item|p2a: D Cane|Choice Scarf|[from] move: Switcheroo\n|-item|p1a: Greninja|Leftovers|[from] move: Switcheroo\n|move|p2a: D Cane|Crunch|p1a: Greninja\n|-resisted|p1a: Greninja\n|-damage|p1a: Greninja|82\/100\n|\n|-heal|p1a: Greninja|88\/100|[from] item: Leftovers\n|upkeep\n|turn|32\n|\n|t:|1699792405\n|switch|p1a: Corviknight|Corviknight, M|100\/100\n|-ability|p1a: Corviknight|Pressure\n|move|p2a: D Cane|Crunch|p1a: Corviknight\n|-damage|p1a: Corviknight|88\/100\n|-damage|p2a: D Cane|84\/100|[from] item: Rocky Helmet|[of] p1a: Corviknight\n|\n|upkeep\n|turn|33\n|-message|Agent22Venusaur forfeited.\n|\n|win|jhoncontrarianmons\n|raw|jhoncontrarianmons's rating: 1503 &rarr; <strong>1526<\/strong><br \/>(+23 for winning)\n|raw|Agent22Venusaur's rating: 1550 &rarr; <strong>1527<\/strong><br \/>(-23 for losing)\n|l|\u2606Agent22Venusaur\n","uploadtime":1699792539,"views":15,"p1id":"jhoncontrarianmons","p2id":"agent22venusaur","formatid":"gen9ou","rating":1526,"private":0,"password":""}