{"id":"gen9ou-1996948786","p1":"Orange J 15","p2":"byKaitoKid","format":"[Gen 9] OU","log":"|j|\u2606Orange J 15\n|j|\u2606byKaitoKid\n|t:|1700748492\n|gametype|singles\n|player|p1|Orange J 15|n|1158\n|player|p2|byKaitoKid|riley|1038\n|teamsize|p1|6\n|teamsize|p2|6\n|gen|9\n|tier|[Gen 9] OU\n|rated|\n|rule|Sleep Clause Mod: Limit one foe put to sleep\n|rule|Species Clause: Limit one of each Pok\u00e9mon\n|rule|OHKO Clause: OHKO moves are banned\n|rule|Evasion Items Clause: Evasion items are banned\n|rule|Evasion Moves Clause: Evasion moves are banned\n|rule|Endless Battle Clause: Forcing endless battles is banned\n|rule|HP Percentage Mod: HP is shown in percentages\n|clearpoke\n|poke|p1|Pincurchin, F|\n|poke|p1|Iron Treads|\n|poke|p1|Iron Moth|\n|poke|p1|Iron Valiant|\n|poke|p1|Iron Jugulis|\n|poke|p1|Iron Leaves|\n|poke|p2|Umbreon, M|\n|poke|p2|Quagsire, M|\n|poke|p2|Hoopa|\n|poke|p2|Meowscarada, M|\n|poke|p2|Heatran, F|\n|poke|p2|Cinderace, M|\n|teampreview\n|inactive|Battle timer is ON: inactive players will automatically lose when time's up. (requested by Orange J 15)\n|\n|t:|1700748499\n|start\n|switch|p1a: Pincurchin|Pincurchin, F|100\/100\n|switch|p2a: Meowscarada|Meowscarada, M|100\/100\n|-fieldstart|move: Electric Terrain|[from] ability: Electric Surge|[of] p1a: Pincurchin\n|turn|1\n|\n|t:|1700748510\n|move|p2a: Meowscarada|U-turn|p1a: Pincurchin\n|-start|p2a: Meowscarada|typechange|Bug|[from] ability: Protean\n|-damage|p1a: Pincurchin|63\/100\n|\n|t:|1700748515\n|switch|p2a: Quagsire|Quagsire, M|100\/100|[from] U-turn\n|move|p1a: Pincurchin|Thunder Wave|p2a: Quagsire\n|-immune|p2a: Quagsire\n|\n|upkeep\n|turn|2\n|\n|t:|1700748527\n|switch|p1a: Iron Jugulis|Iron Jugulis|100\/100\n|-activate|p1a: Iron Jugulis|ability: Quark Drive\n|-start|p1a: Iron Jugulis|quarkdrivespa\n|move|p2a: Quagsire|Yawn|p1a: Iron Jugulis\n|-start|p1a: Iron Jugulis|move: Yawn|[of] p2a: Quagsire\n|\n|upkeep\n|turn|3\n|\n|t:|1700748535\n|-end|p1a: Iron Jugulis|Quark Drive|[silent]\n|switch|p1a: Iron Leaves|Iron Leaves|100\/100\n|-activate|p1a: Iron Leaves|ability: Quark Drive\n|-start|p1a: Iron Leaves|quarkdriveatk\n|switch|p2a: Umbreon|Umbreon, M, shiny|100\/100\n|\n|upkeep\n|turn|4\n|\n|t:|1700748545\n|move|p1a: Iron Leaves|Sacred Sword|p2a: Umbreon\n|-supereffective|p2a: Umbreon\n|-damage|p2a: Umbreon|4\/100\n|-damage|p1a: Iron Leaves|91\/100|[from] item: Life Orb\n|move|p2a: Umbreon|Toxic|p1a: Iron Leaves\n|-status|p1a: Iron Leaves|tox\n|\n|-heal|p2a: Umbreon|10\/100|[from] item: Leftovers\n|-damage|p1a: Iron Leaves|85\/100 tox|[from] psn\n|upkeep\n|turn|5\n|\n|t:|1700748556\n|-end|p1a: Iron Leaves|Quark Drive|[silent]\n|switch|p1a: Iron Valiant|Iron Valiant|100\/100\n|-activate|p1a: Iron Valiant|ability: Quark Drive\n|-start|p1a: Iron Valiant|quarkdrivespe\n|move|p2a: Umbreon|Protect||[still]\n|-fail|p2a: Umbreon\n|\n|-heal|p2a: Umbreon|16\/100|[from] item: Leftovers\n|upkeep\n|turn|6\n|\n|t:|1700748564\n|move|p2a: Umbreon|Protect|p2a: Umbreon\n|-singleturn|p2a: Umbreon|Protect\n|move|p1a: Iron Valiant|Spirit Break|p2a: Umbreon\n|-activate|p2a: Umbreon|move: Protect\n|\n|-heal|p2a: Umbreon|22\/100|[from] item: Leftovers\n|upkeep\n|turn|7\n|\n|t:|1700748582\n|switch|p2a: Heatran|Heatran, F|100\/100\n|move|p1a: Iron Valiant|Spirit Break|p2a: Heatran\n|-resisted|p2a: Heatran\n|-damage|p2a: Heatran|93\/100\n|-unboost|p2a: Heatran|spa|1\n|\n|upkeep\n|turn|8\n|\n|t:|1700748592\n|-end|p1a: Iron Valiant|Quark Drive|[silent]\n|switch|p1a: Fan of Don|Iron Treads|100\/100\n|-activate|p1a: Fan of Don|ability: Quark Drive\n|-start|p1a: Fan of Don|quarkdriveatk\n|move|p2a: Heatran|Earth Power|p1a: Fan of Don\n|-supereffective|p1a: Fan of Don\n|-damage|p1a: Fan of Don|41\/100\n|\n|-fieldend|move: Electric Terrain\n|-end|p1a: Fan of Don|Quark Drive\n|upkeep\n|turn|9\n|\n|t:|1700748603\n|switch|p2a: Quagsire|Quagsire, M|100\/100\n|move|p1a: Fan of Don|Earthquake|p2a: Quagsire\n|-damage|p2a: Quagsire|60\/100\n|\n|upkeep\n|turn|10\n|\n|t:|1700748612\n|-end|p1a: Fan of Don|Quark Drive|[silent]\n|switch|p1a: Pincurchin|Pincurchin, F|63\/100\n|-fieldstart|move: Electric Terrain|[from] ability: Electric Surge|[of] p1a: Pincurchin\n|move|p2a: Quagsire|Earthquake|p1a: Pincurchin\n|-supereffective|p1a: Pincurchin\n|-damage|p1a: Pincurchin|0 fnt\n|faint|p1a: Pincurchin\n|\n|upkeep\n|\n|t:|1700748622\n|switch|p1a: Iron Moth|Iron Moth, shiny|100\/100\n|-activate|p1a: Iron Moth|ability: Quark Drive\n|-start|p1a: Iron Moth|quarkdrivespa\n|turn|11\n|\n|t:|1700748638\n|switch|p2a: Umbreon|Umbreon, M, shiny|22\/100\n|move|p1a: Iron Moth|Energy Ball|p2a: Umbreon\n|-damage|p2a: Umbreon|0 fnt\n|faint|p2a: Umbreon\n|\n|upkeep\n|\n|t:|1700748648\n|switch|p2a: Heatran|Heatran, F|93\/100\n|turn|12\n|\n|t:|1700748657\n|-end|p1a: Iron Moth|Quark Drive|[silent]\n|switch|p1a: Iron Jugulis|Iron Jugulis|100\/100\n|-activate|p1a: Iron Jugulis|ability: Quark Drive\n|-start|p1a: Iron Jugulis|quarkdrivespa\n|move|p2a: Heatran|Earth Power|p1a: Iron Jugulis\n|-immune|p1a: Iron Jugulis\n|\n|upkeep\n|turn|13\n|\n|t:|1700748672\n|move|p1a: Iron Jugulis|Hydro Pump|p2a: Heatran\n|-supereffective|p2a: Heatran\n|-damage|p2a: Heatran|2\/100\n|move|p2a: Heatran|Flamethrower|p1a: Iron Jugulis\n|-damage|p1a: Iron Jugulis|37\/100\n|\n|upkeep\n|turn|14\n|\n|t:|1700748679\n|move|p1a: Iron Jugulis|Hydro Pump|p2a: Heatran\n|-supereffective|p2a: Heatran\n|-damage|p2a: Heatran|0 fnt\n|faint|p2a: Heatran\n|\n|upkeep\n|\n|t:|1700748684\n|switch|p2a: Meowscarada|Meowscarada, M|100\/100\n|turn|15\n|\n|t:|1700748696\n|-end|p1a: Iron Jugulis|Quark Drive|[silent]\n|switch|p1a: Iron Valiant|Iron Valiant|100\/100\n|-activate|p1a: Iron Valiant|ability: Quark Drive\n|-start|p1a: Iron Valiant|quarkdrivespe\n|move|p2a: Meowscarada|Play Rough|p1a: Iron Valiant\n|-start|p2a: Meowscarada|typechange|Fairy|[from] ability: Protean\n|-supereffective|p1a: Iron Valiant\n|-crit|p1a: Iron Valiant\n|-damage|p1a: Iron Valiant|0 fnt\n|faint|p1a: Iron Valiant\n|-end|p1a: Iron Valiant|Quark Drive|[silent]\n|\n|upkeep\n|\n|t:|1700748705\n|switch|p1a: Fan of Don|Iron Treads|41\/100\n|-activate|p1a: Fan of Don|ability: Quark Drive\n|-start|p1a: Fan of Don|quarkdriveatk\n|turn|16\n|\n|t:|1700748713\n|switch|p2a: Quagsire|Quagsire, M|60\/100\n|move|p1a: Fan of Don|Heavy Slam|p2a: Quagsire\n|-resisted|p2a: Quagsire\n|-damage|p2a: Quagsire|40\/100\n|-damage|p1a: Fan of Don|24\/100|[from] item: Rocky Helmet|[of] p2a: Quagsire\n|\n|upkeep\n|turn|17\n|\n|t:|1700748720\n|move|p1a: Fan of Don|Earthquake|p2a: Quagsire\n|-damage|p2a: Quagsire|0 fnt\n|faint|p2a: Quagsire\n|\n|-fieldend|move: Electric Terrain\n|-end|p1a: Fan of Don|Quark Drive\n|upkeep\n|\n|t:|1700748725\n|switch|p2a: Cinderace|Cinderace, M|100\/100\n|turn|18\n|\n|t:|1700748732\n|move|p2a: Cinderace|Pyro Ball|p1a: Fan of Don\n|-supereffective|p1a: Fan of Don\n|-damage|p1a: Fan of Don|0 fnt\n|faint|p1a: Fan of Don\n|-end|p1a: Fan of Don|Quark Drive|[silent]\n|\n|upkeep\n|\n|t:|1700748742\n|switch|p1a: Iron Jugulis|Iron Jugulis|37\/100\n|turn|19\n|\n|t:|1700748751\n|move|p2a: Cinderace|Pyro Ball|p1a: Iron Jugulis\n|-damage|p1a: Iron Jugulis|0 fnt\n|faint|p1a: Iron Jugulis\n|-end|p1a: Iron Jugulis|Quark Drive|[silent]\n|\n|upkeep\n|\n|t:|1700748757\n|switch|p1a: Iron Moth|Iron Moth, shiny|100\/100\n|turn|20\n|\n|t:|1700748764\n|move|p2a: Cinderace|High Jump Kick|p1a: Iron Moth\n|-start|p2a: Cinderace|typechange|Fighting|[from] ability: Libero\n|-resisted|p1a: Iron Moth\n|-damage|p1a: Iron Moth|54\/100\n|move|p1a: Iron Moth|Sludge Wave|p2a: Cinderace\n|-damage|p2a: Cinderace|28\/100\n|-status|p2a: Cinderace|psn\n|\n|-damage|p2a: Cinderace|16\/100 psn|[from] psn\n|upkeep\n|turn|21\n|\n|t:|1700748777\n|move|p2a: Cinderace|High Jump Kick|p1a: Iron Moth\n|-resisted|p1a: Iron Moth\n|-damage|p1a: Iron Moth|6\/100\n|move|p1a: Iron Moth|Fiery Dance|p2a: Cinderace\n|-damage|p2a: Cinderace|0 fnt\n|faint|p2a: Cinderace\n|\n|upkeep\n|\n|t:|1700748780\n|switch|p2a: Meowscarada|Meowscarada, M|100\/100\n|turn|22\n|\n|t:|1700748787\n|move|p2a: Meowscarada|U-turn|p1a: Iron Moth\n|-start|p2a: Meowscarada|typechange|Bug|[from] ability: Protean\n|-resisted|p1a: Iron Moth\n|-damage|p1a: Iron Moth|0 fnt\n|faint|p1a: Iron Moth\n|-end|p1a: Iron Moth|Quark Drive|[silent]\n|\n|t:|1700748791\n|switch|p2a: Hoopa|Hoopa|100\/100|[from] U-turn\n|\n|upkeep\n|\n|t:|1700748792\n|switch|p1a: Iron Leaves|Iron Leaves|85\/100 tox\n|turn|23\n|\n|t:|1700748802\n|-terastallize|p1a: Iron Leaves|Psychic\n|move|p1a: Iron Leaves|Leaf Blade|p2a: Hoopa\n|-damage|p2a: Hoopa|0 fnt\n|faint|p2a: Hoopa\n|-damage|p1a: Iron Leaves|75\/100 tox|[from] item: Life Orb\n|\n|-damage|p1a: Iron Leaves|69\/100 tox|[from] psn\n|upkeep\n|\n|t:|1700748807\n|switch|p2a: Meowscarada|Meowscarada, M|100\/100\n|turn|24\n|\n|t:|1700748819\n|move|p2a: Meowscarada|U-turn|p1a: Iron Leaves\n|-start|p2a: Meowscarada|typechange|Bug|[from] ability: Protean\n|-supereffective|p1a: Iron Leaves\n|-damage|p1a: Iron Leaves|2\/100 tox\n|move|p1a: Iron Leaves|Sacred Sword|p2a: Meowscarada\n|-resisted|p2a: Meowscarada\n|-damage|p2a: Meowscarada|65\/100\n|-damage|p1a: Iron Leaves|0 fnt|[from] item: Life Orb\n|faint|p1a: Iron Leaves\n|-end|p1a: Iron Leaves|Quark Drive|[silent]\n|\n|win|byKaitoKid\n|raw|Orange J 15's rating: 1158 &rarr; <strong>1125<\/strong><br \/>(-33 for losing)\n|raw|byKaitoKid's rating: 1038 &rarr; <strong>1084<\/strong><br \/>(+46 for winning)\n|l|\u2606Orange J 15\n","uploadtime":1700748836,"views":16,"p1id":"orangej15","p2id":"bykaitokid","formatid":"gen9ou","rating":1084,"private":0,"password":""}