{"id":"gen9ou-2000073043","p1":"knexhawk2","p2":"Daevank5","format":"[Gen 9] OU","log":"|j|\u2606knexhawk2\n|j|\u2606Daevank5\n|t:|1701149790\n|gametype|singles\n|player|p1|knexhawk2|benga|1848\n|player|p2|Daevank5|workerice|1990\n|teamsize|p1|6\n|teamsize|p2|6\n|gen|9\n|tier|[Gen 9] OU\n|rated|\n|rule|Sleep Clause Mod: Limit one foe put to sleep\n|rule|Species Clause: Limit one of each Pok\u00e9mon\n|rule|OHKO Clause: OHKO moves are banned\n|rule|Evasion Items Clause: Evasion items are banned\n|rule|Evasion Moves Clause: Evasion moves are banned\n|rule|Endless Battle Clause: Forcing endless battles is banned\n|rule|HP Percentage Mod: HP is shown in percentages\n|clearpoke\n|poke|p1|Wo-Chien|\n|poke|p1|Talonflame, M|\n|poke|p1|Alomomola, F|\n|poke|p1|Blissey, F|\n|poke|p1|Cyclizar, F|\n|poke|p1|Clodsire, F|\n|poke|p2|Tornadus-Therian, M|\n|poke|p2|Meowscarada, M|\n|poke|p2|Garchomp, M|\n|poke|p2|Gholdengo|\n|poke|p2|Mandibuzz, F|\n|poke|p2|Slowking-Galar, M|\n|teampreview\n|c|\u2606Daevank5|what am I looking at \ud83d\ude02\n|c|\u2606knexhawk2|wo chien\n|c|\u2606Daevank5|I\u2019m actually going to lose to this\n|c|\u2606Daevank5|wo chien reaction ?\n|c|\u2606knexhawk2|losing to wo chien is honorable\n|c|\u2606Daevank5|True\n|c|\u2606knexhawk2|(live reaction)\n|c|\u2606Daevank5|your team just looks so funny\n|c|\u2606Daevank5|in a good way\n|c|\u2606knexhawk2|wo chizzy is really funny to wall ogrepon\n|j| KingDuns\n|c|\u2606knexhawk2|yeah it does lol\n|c|\u2606knexhawk2|2 frail motherfuckers + 4 fat fucks\n|n|\u203dknexhawk2|knexhawk2\n|c|&|\/log knexhawk2 was locked from talking by Artemis. (\u2606knexhawk2: 2 frail motherfuckers + 4 fat fucks)\n|c|&|\/raw <small>This action was done automatically. Want to learn more about the AI? <a href=\"https:\/\/www.smogon.com\/forums\/threads\/3570628\/#post-9056769\">Visit the information thread<\/a>.<\/small>\n|c|\u2606Daevank5|\ud83d\ude02 \ud83d\ude02\n|j| Ultramanball1\n|j| milhentos\n|l| Ultramanball1\n|c|\u2606Daevank5|bro got banned for having such a heinous team \ud83d\ude02\n|\n|t:|1701149886\n|start\n|switch|p1a: You are my son|Alomomola, F|100\/100\n|switch|p2a: Tornadus|Tornadus-Therian, M|100\/100\n|turn|1\n|n|\u2606knexhawk2|knexhawk2\n|j| Ultramanball1\n|j| SwabbyYabby\n|j| VicBossMG\n|c|\u2606knexhawk2|at least staff is fast\n|\n|t:|1701149905\n|move|p2a: Tornadus|Knock Off|p1a: You are my son\n|-damage|p1a: You are my son|89\/100\n|-damage|p2a: Tornadus|84\/100|[from] item: Rocky Helmet|[of] p1a: You are my son\n|-enditem|p1a: You are my son|Rocky Helmet|[from] move: Knock Off|[of] p2a: Tornadus\n|move|p1a: You are my son|Whirlpool|p2a: Tornadus\n|-damage|p2a: Tornadus|78\/100\n|-activate|p2a: Tornadus|move: Whirlpool|[of] p1a: You are my son\n|\n|-damage|p2a: Tornadus|65\/100|[from] move: Whirlpool|[partiallytrapped]\n|upkeep\n|turn|2\n|inactive|Battle timer is ON: inactive players will automatically lose when time's up. (requested by Daevank5)\n|\n|t:|1701149914\n|move|p1a: You are my son|Protect|p1a: You are my son\n|-singleturn|p1a: You are my son|Protect\n|move|p2a: Tornadus|U-turn|p1a: You are my son\n|-activate|p1a: You are my son|move: Protect\n|\n|-damage|p2a: Tornadus|53\/100|[from] move: Whirlpool|[partiallytrapped]\n|upkeep\n|turn|3\n|\n|t:|1701149915\n|move|p2a: Tornadus|U-turn|p1a: You are my son\n|-damage|p1a: You are my son|81\/100\n|\n|t:|1701149927\n|switch|p2a: SlowBoob|Slowking-Galar, M|100\/100|[from] U-turn\n|move|p1a: You are my son|Scald|p2a: SlowBoob\n|-damage|p2a: SlowBoob|93\/100\n|-status|p2a: SlowBoob|brn\n|\n|-damage|p2a: SlowBoob|87\/100 brn|[from] brn\n|upkeep\n|turn|4\n|j| xxCOALLAxx\n|\n|t:|1701149932\n|switch|p1a: I'm your mom.|Blissey, F|100\/100\n|move|p2a: SlowBoob|Chilly Reception|p2a: SlowBoob\n|-weather|Snow\n|\n|t:|1701149934\n|switch|p2a: Tornadus|Tornadus-Therian, M|86\/100|[from] Chilly Reception\n|\n|-weather|Snow|[upkeep]\n|upkeep\n|turn|5\n|\n|t:|1701149937\n|switch|p1a: You are my son|Alomomola, F|100\/100\n|move|p2a: Tornadus|Taunt|p1a: You are my son\n|-start|p1a: You are my son|move: Taunt\n|\n|-weather|Snow|[upkeep]\n|upkeep\n|turn|6\n|\n|t:|1701149940\n|move|p2a: Tornadus|Bleakwind Storm|p1a: You are my son\n|-damage|p1a: You are my son|54\/100\n|move|p1a: You are my son|Scald|p2a: Tornadus\n|-damage|p2a: Tornadus|71\/100\n|\n|-weather|Snow|[upkeep]\n|upkeep\n|turn|7\n|\n|t:|1701149948\n|switch|p1a: you are my pet|Clodsire, F|100\/100\n|move|p2a: Tornadus|Knock Off|p1a: you are my pet\n|-damage|p1a: you are my pet|86\/100\n|-enditem|p1a: you are my pet|Leftovers|[from] move: Knock Off|[of] p2a: Tornadus\n|\n|-weather|Snow|[upkeep]\n|upkeep\n|turn|8\n|\n|t:|1701149951\n|move|p2a: Tornadus|Taunt|p1a: you are my pet\n|-start|p1a: you are my pet|move: Taunt\n|move|p1a: you are my pet|Poison Jab|p2a: Tornadus\n|-crit|p2a: Tornadus\n|-damage|p2a: Tornadus|33\/100\n|-status|p2a: Tornadus|psn\n|\n|-weather|none\n|-damage|p2a: Tornadus|20\/100 psn|[from] psn\n|upkeep\n|turn|9\n|c|\u2606knexhawk2|clod my hero\n|\n|t:|1701149957\n|switch|p1a: You are my son|Alomomola, F|88\/100\n|move|p2a: Tornadus|U-turn|p1a: You are my son\n|-damage|p1a: You are my son|81\/100\n|\n|t:|1701149980\n|switch|p2a: SlowBoob|Slowking-Galar, M|100\/100 brn|[from] U-turn\n|\n|-damage|p2a: SlowBoob|94\/100 brn|[from] brn\n|upkeep\n|turn|10\n|\n|t:|1701149984\n|switch|p1a: ur my lizard|Cyclizar, F|100\/100\n|move|p2a: SlowBoob|Chilly Reception|p2a: SlowBoob\n|-weather|Snow\n|\n|t:|1701149989\n|switch|p2a: Tornadus|Tornadus-Therian, M|53\/100 psn|[from] Chilly Reception\n|\n|-weather|Snow|[upkeep]\n|-damage|p2a: Tornadus|41\/100 psn|[from] psn\n|upkeep\n|turn|11\n|\n|t:|1701149991\n|switch|p2a: Mandibuzz|Mandibuzz, F|100\/100\n|move|p1a: ur my lizard|Protect||[still]\n|-fail|p1a: ur my lizard\n|\n|-weather|Snow|[upkeep]\n|upkeep\n|turn|12\n|\n|t:|1701149997\n|-terastallize|p1a: ur my lizard|Steel\n|move|p1a: ur my lizard|Knock Off|p2a: Mandibuzz\n|-resisted|p2a: Mandibuzz\n|-damage|p2a: Mandibuzz|95\/100\n|-enditem|p2a: Mandibuzz|Heavy-Duty Boots|[from] move: Knock Off|[of] p1a: ur my lizard\n|move|p2a: Mandibuzz|Knock Off|p1a: ur my lizard\n|-damage|p1a: ur my lizard|65\/100\n|-enditem|p1a: ur my lizard|Heavy-Duty Boots|[from] move: Knock Off|[of] p2a: Mandibuzz\n|\n|-weather|Snow|[upkeep]\n|upkeep\n|turn|13\n|c|\u2606Daevank5|What \ud83d\ude02\n|c|\u2606Daevank5|Why did you tera\n|c|\u2606knexhawk2|i wanted to\n|\n|t:|1701150019\n|move|p1a: ur my lizard|U-turn|p2a: Mandibuzz\n|-damage|p2a: Mandibuzz|85\/100\n|c|\u2606knexhawk2|also you could have toxiced\n|\n|t:|1701150022\n|switch|p1a: you are my pet|Clodsire, F|86\/100|[from] U-turn\n|move|p2a: Mandibuzz|U-turn|p1a: you are my pet\n|-resisted|p1a: you are my pet\n|-damage|p1a: you are my pet|81\/100\n|c|\u2606Daevank5|Wait\n|c|\u2606Daevank5|wqit\n|c|\u2606Daevank5|this gets toxic?\n|c|\u2606Daevank5|In this gen\n|c| VicBossMG|Yes\n|inactive|Daevank5 has 120 seconds left.\n|c|\u2606Daevank5|BRO\n|c|\u2606knexhawk2|they usually run roost\/foul play\/ toxic\/iron defense or defog\n|c|\u2606knexhawk2|uturn fits over toxic too\n|c|\u2606Daevank5|Why am I just finding this out\n|c|\u2606Daevank5|im actually dumb\n|inactive|Daevank5 has 90 seconds left.\n|\n|t:|1701150073\n|switch|p2a: Garchomp|Garchomp, M|100\/100|[from] U-turn\n|\n|-weather|Snow|[upkeep]\n|upkeep\n|turn|14\n|c|\u2606knexhawk2|ive never seen this thing actually run knock off\n|inactive|Daevank5 has 90 seconds left.\n|\n|t:|1701150087\n|switch|p1a: I own you.|Wo-Chien|100\/100\n|-ability|p1a: I own you.|Tablets of Ruin\n|move|p2a: Garchomp|Spikes|p1a: I own you.\n|-sidestart|p1: knexhawk2|Spikes\n|\n|-weather|none\n|upkeep\n|turn|15\n|j| gachacommon\n|l| gachacommon\n|c|\u2606knexhawk2|watchout\n|inactive|Daevank5 has 90 seconds left.\n|c|\u2606knexhawk2|tera blast ice incoming\n|c|\u2606knexhawk2|specs leaf storm\n|c| VicBossMG|Only time I saw knock was with the scor boots team\n|inactive|Daevank5 has 60 seconds left.\n|c|\u2606Daevank5|If you specs leaf storm me I\u2019ll insta forfeit\n|c|\u2606Daevank5|ong\n|\n|t:|1701150147\n|switch|p2a: Mandibuzz|Mandibuzz, F|85\/100\n|move|p1a: I own you.|Knock Off|p2a: Mandibuzz\n|-resisted|p2a: Mandibuzz\n|-damage|p2a: Mandibuzz|79\/100\n|\n|upkeep\n|turn|16\n|c|\u2606knexhawk2|nah\n|\n|t:|1701150161\n|switch|p1a: ur my lizard|Cyclizar, F, tera:Steel|98\/100\n|-damage|p1a: ur my lizard|85\/100|[from] Spikes\n|move|p2a: Mandibuzz|U-turn|p1a: ur my lizard\n|-resisted|p1a: ur my lizard\n|-damage|p1a: ur my lizard|78\/100\n|c|\u2606knexhawk2|banded knock off\n|c|\u2606knexhawk2|youre gonna get power whipped into next week\n|\n|t:|1701150169\n|switch|p2a: Garchomp|Garchomp, M|100\/100|[from] U-turn\n|\n|upkeep\n|turn|17\n|\n|t:|1701150171\n|switch|p1a: Your father.|Talonflame, M|100\/100\n|switch|p2a: Mandibuzz|Mandibuzz, F|79\/100\n|\n|upkeep\n|turn|18\n|\n|t:|1701150175\n|switch|p1a: ur my lizard|Cyclizar, F, tera:Steel|100\/100\n|-damage|p1a: ur my lizard|88\/100|[from] Spikes\n|move|p2a: Mandibuzz|Knock Off|p1a: ur my lizard\n|-damage|p1a: ur my lizard|68\/100\n|\n|upkeep\n|turn|19\n|\n|t:|1701150179\n|move|p1a: ur my lizard|Knock Off|p2a: Mandibuzz\n|-resisted|p2a: Mandibuzz\n|-damage|p2a: Mandibuzz|76\/100\n|move|p2a: Mandibuzz|Foul Play|p1a: ur my lizard\n|-damage|p1a: ur my lizard|25\/100\n|\n|upkeep\n|turn|20\n|\n|t:|1701150184\n|switch|p1a: You are my son|Alomomola, F|100\/100\n|-damage|p1a: You are my son|88\/100|[from] Spikes\n|move|p2a: Mandibuzz|U-turn|p1a: You are my son\n|-damage|p1a: You are my son|82\/100\n|\n|t:|1701150201\n|switch|p2a: Tornadus|Tornadus-Therian, M|74\/100 psn|[from] U-turn\n|\n|-damage|p2a: Tornadus|62\/100 psn|[from] psn\n|upkeep\n|turn|21\n|j| lkpjp\n|\n|t:|1701150215\n|switch|p2a: SlowBoob|Slowking-Galar, M|100\/100 brn\n|move|p1a: You are my son|Wish|p1a: You are my son\n|\n|-damage|p2a: SlowBoob|94\/100 brn|[from] brn\n|upkeep\n|turn|22\n|\n|t:|1701150225\n|switch|p1a: ur my lizard|Cyclizar, F, tera:Steel|58\/100\n|-damage|p1a: ur my lizard|45\/100|[from] Spikes\n|move|p2a: SlowBoob|Chilly Reception|p2a: SlowBoob\n|-weather|Snow\n|\n|t:|1701150229\n|switch|p2a: Garchomp|Garchomp, M|100\/100|[from] Chilly Reception\n|\n|-weather|Snow|[upkeep]\n|-heal|p1a: ur my lizard|100\/100|[from] move: Wish|[wisher] You are my son\n|upkeep\n|turn|23\n|\n|t:|1701150235\n|switch|p1a: Your father.|Talonflame, M|100\/100\n|switch|p2a: Mandibuzz|Mandibuzz, F|76\/100\n|\n|-weather|Snow|[upkeep]\n|upkeep\n|turn|24\n|\n|t:|1701150239\n|switch|p1a: ur my lizard|Cyclizar, F, tera:Steel|100\/100\n|-damage|p1a: ur my lizard|88\/100|[from] Spikes\n|move|p2a: Mandibuzz|Knock Off|p1a: ur my lizard\n|-damage|p1a: ur my lizard|64\/100\n|\n|-weather|Snow|[upkeep]\n|upkeep\n|turn|25\n|\n|t:|1701150241\n|move|p1a: ur my lizard|Knock Off|p2a: Mandibuzz\n|-resisted|p2a: Mandibuzz\n|-damage|p2a: Mandibuzz|72\/100\n|move|p2a: Mandibuzz|Foul Play|p1a: ur my lizard\n|-damage|p1a: ur my lizard|16\/100\n|\n|-weather|Snow|[upkeep]\n|upkeep\n|turn|26\n|\n|t:|1701150245\n|switch|p1a: You are my son|Alomomola, F|100\/100\n|-damage|p1a: You are my son|88\/100|[from] Spikes\n|move|p2a: Mandibuzz|U-turn|p1a: You are my son\n|-damage|p1a: You are my son|83\/100\n|\n|t:|1701150251\n|switch|p2a: SlowBoob|Slowking-Galar, M|100\/100 brn|[from] U-turn\n|\n|-weather|none\n|-damage|p2a: SlowBoob|94\/100 brn|[from] brn\n|upkeep\n|turn|27\n|\n|t:|1701150257\n|switch|p1a: ur my lizard|Cyclizar, F, tera:Steel|49\/100\n|-damage|p1a: ur my lizard|37\/100|[from] Spikes\n|move|p2a: SlowBoob|Chilly Reception|p2a: SlowBoob\n|-weather|Snow\n|\n|t:|1701150260\n|switch|p2a: Garchomp|Garchomp, M|100\/100|[from] Chilly Reception\n|\n|-weather|Snow|[upkeep]\n|upkeep\n|turn|28\n|\n|t:|1701150264\n|switch|p1a: Your father.|Talonflame, M|100\/100\n|move|p2a: Garchomp|Spikes|p1a: Your father.\n|-sidestart|p1: knexhawk2|Spikes\n|\n|-weather|Snow|[upkeep]\n|upkeep\n|turn|29\n|c|\u2606knexhawk2|if you stone edge\n|c|\u2606knexhawk2|i hate you\n|\n|t:|1701150270\n|switch|p2a: SlowBoob|Slowking-Galar, M|100\/100 brn\n|move|p1a: Your father.|Flamethrower|p2a: SlowBoob\n|-damage|p2a: SlowBoob|87\/100 brn\n|\n|-weather|Snow|[upkeep]\n|-damage|p2a: SlowBoob|80\/100 brn|[from] brn\n|upkeep\n|turn|30\n|\n|t:|1701150275\n|switch|p1a: ur my lizard|Cyclizar, F, tera:Steel|70\/100\n|-damage|p1a: ur my lizard|53\/100|[from] Spikes\n|move|p2a: SlowBoob|Toxic|p1a: ur my lizard\n|-immune|p1a: ur my lizard\n|\n|-weather|Snow|[upkeep]\n|-damage|p2a: SlowBoob|74\/100 brn|[from] brn\n|upkeep\n|turn|31\n|\n|t:|1701150283\n|switch|p2a: Mandibuzz|Mandibuzz, F|72\/100\n|move|p1a: ur my lizard|Knock Off|p2a: Mandibuzz\n|-resisted|p2a: Mandibuzz\n|-damage|p2a: Mandibuzz|68\/100\n|\n|-weather|none\n|upkeep\n|turn|32\n|\n|t:|1701150286\n|move|p1a: ur my lizard|U-turn|p2a: Mandibuzz\n|-crit|p2a: Mandibuzz\n|-damage|p2a: Mandibuzz|56\/100\n|\n|t:|1701150288\n|switch|p1a: Your father.|Talonflame, M|100\/100|[from] U-turn\n|move|p2a: Mandibuzz|Foul Play|p1a: Your father.\n|-damage|p1a: Your father.|84\/100\n|-status|p2a: Mandibuzz|brn|[from] ability: Flame Body|[of] p1a: Your father.\n|\n|-damage|p2a: Mandibuzz|49\/100 brn|[from] brn\n|upkeep\n|turn|33\n|\n|t:|1701150292\n|switch|p1a: You are my son|Alomomola, F|100\/100\n|-damage|p1a: You are my son|84\/100|[from] Spikes\n|move|p2a: Mandibuzz|Roost|p2a: Mandibuzz\n|-heal|p2a: Mandibuzz|99\/100 brn\n|-singleturn|p2a: Mandibuzz|move: Roost\n|\n|-damage|p2a: Mandibuzz|93\/100 brn|[from] brn\n|upkeep\n|turn|34\n|\n|t:|1701150298\n|move|p2a: Mandibuzz|U-turn|p1a: You are my son\n|-damage|p1a: You are my son|81\/100\n|\n|t:|1701150302\n|switch|p2a: SlowBoob|Slowking-Galar, M|100\/100 brn|[from] U-turn\n|move|p1a: You are my son|Wish|p1a: You are my son\n|\n|-damage|p2a: SlowBoob|94\/100 brn|[from] brn\n|upkeep\n|turn|35\n|c|\u2606Daevank5|No stone edge\n|c|\u2606Daevank5|im rock tomb\n|c|\u2606Daevank5|Didn\u2019t kill\n|\n|t:|1701150328\n|switch|p1a: ur my lizard|Cyclizar, F, tera:Steel|87\/100\n|-damage|p1a: ur my lizard|70\/100|[from] Spikes\n|move|p2a: SlowBoob|Chilly Reception|p2a: SlowBoob\n|-weather|Snow\n|\n|t:|1701150331\n|switch|p2a: Garchomp|Garchomp, M|100\/100|[from] Chilly Reception\n|\n|-weather|Snow|[upkeep]\n|-heal|p1a: ur my lizard|100\/100|[from] move: Wish|[wisher] You are my son\n|upkeep\n|turn|36\n|\n|t:|1701150340\n|switch|p1a: You are my son|Alomomola, F|100\/100\n|-damage|p1a: You are my son|84\/100|[from] Spikes\n|move|p2a: Garchomp|Earthquake|p1a: You are my son\n|-damage|p1a: You are my son|60\/100\n|\n|-weather|Snow|[upkeep]\n|upkeep\n|turn|37\n|\n|t:|1701150349\n|move|p2a: Garchomp|Spikes|p1a: You are my son\n|-sidestart|p1: knexhawk2|Spikes\n|move|p1a: You are my son|Wish|p1a: You are my son\n|\n|-weather|Snow|[upkeep]\n|upkeep\n|turn|38\n|c|\u2606knexhawk2|its hillarious\n|c|\u2606knexhawk2|my talon eats a stone edge from ting lu\n|\n|t:|1701150367\n|move|p1a: You are my son|Scald|p2a: Garchomp\n|-damage|p2a: Garchomp|88\/100\n|-status|p2a: Garchomp|brn\n|move|p2a: Garchomp|Dragon Tail|p1a: You are my son\n|-damage|p1a: You are my son|54\/100\n|drag|p1a: you are my pet|Clodsire, F|81\/100\n|-damage|p1a: you are my pet|56\/100|[from] Spikes\n|\n|-weather|Snow|[upkeep]\n|-heal|p1a: you are my pet|100\/100|[from] move: Wish|[wisher] You are my son\n|-damage|p2a: Garchomp|81\/100 brn|[from] brn\n|upkeep\n|turn|39\n|c|\u2606knexhawk2|dont know how\n|c|\u2606knexhawk2|dont know why\n|c|\u2606Daevank5|BRO\n|c|\u2606knexhawk2|hey u lied to me.\n|c|\u2606Daevank5|why am I getting every single secondary effect\n|c|\u2606knexhawk2|yeah ive got lucky with the statuses\n|\n|t:|1701150388\n|switch|p1a: Your father.|Talonflame, M|84\/100\n|move|p2a: Garchomp|Stealth Rock|p1a: Your father.\n|-sidestart|p1: knexhawk2|move: Stealth Rock\n|\n|-weather|none\n|-damage|p2a: Garchomp|75\/100 brn|[from] brn\n|upkeep\n|turn|40\n|j| NaokiS2\n|c|\u2606knexhawk2|granted i would have more than one change on that one\n|\n|t:|1701150394\n|switch|p2a: Gholdengo|Gholdengo|100\/100\n|move|p1a: Your father.|Flamethrower|p2a: Gholdengo\n|-supereffective|p2a: Gholdengo\n|-damage|p2a: Gholdengo|43\/100\n|\n|upkeep\n|turn|41\n|c|\u2606knexhawk2|cook the cheese stick.\n|\n|t:|1701150402\n|switch|p2a: Mandibuzz|Mandibuzz, F|93\/100 brn\n|move|p1a: Your father.|Flamethrower|p2a: Mandibuzz\n|-damage|p2a: Mandibuzz|72\/100 brn\n|\n|-damage|p2a: Mandibuzz|66\/100 brn|[from] brn\n|upkeep\n|turn|42\n|\n|t:|1701150407\n|switch|p1a: ur my lizard|Cyclizar, F, tera:Steel|100\/100\n|-damage|p1a: ur my lizard|75\/100|[from] Spikes\n|-damage|p1a: ur my lizard|69\/100|[from] Stealth Rock\n|move|p2a: Mandibuzz|Knock Off|p1a: ur my lizard\n|-damage|p1a: ur my lizard|59\/100\n|\n|-damage|p2a: Mandibuzz|60\/100 brn|[from] brn\n|upkeep\n|turn|43\n|\n|t:|1701150414\n|move|p1a: ur my lizard|Knock Off|p2a: Mandibuzz\n|-resisted|p2a: Mandibuzz\n|-damage|p2a: Mandibuzz|55\/100 brn\n|move|p2a: Mandibuzz|Foul Play|p1a: ur my lizard\n|-damage|p1a: ur my lizard|37\/100\n|\n|-damage|p2a: Mandibuzz|49\/100 brn|[from] brn\n|upkeep\n|turn|44\n|\n|t:|1701150420\n|move|p1a: ur my lizard|Rapid Spin|p2a: Mandibuzz\n|-damage|p2a: Mandibuzz|40\/100 brn\n|-boost|p1a: ur my lizard|spe|1\n|-sideend|p1: knexhawk2|Spikes|[from] move: Rapid Spin|[of] p1a: ur my lizard\n|-sideend|p1: knexhawk2|Stealth Rock|[from] move: Rapid Spin|[of] p1a: ur my lizard\n|move|p2a: Mandibuzz|U-turn|p1a: ur my lizard\n|-resisted|p1a: ur my lizard\n|-damage|p1a: ur my lizard|32\/100\n|c|\u2606Daevank5|Bro I\u2019ve lost\n|\n|t:|1701150442\n|switch|p2a: Meowscarada|Meowscarada, M|100\/100|[from] U-turn\n|\n|upkeep\n|turn|45\n|\n|t:|1701150458\n|move|p1a: ur my lizard|Protect|p1a: ur my lizard\n|-singleturn|p1a: ur my lizard|Protect\n|move|p2a: Meowscarada|Knock Off|p1a: ur my lizard\n|-activate|p1a: ur my lizard|move: Protect\n|\n|upkeep\n|turn|46\n|\n|t:|1701150463\n|switch|p1a: You are my son|Alomomola, F|87\/100\n|move|p2a: Meowscarada|Sucker Punch||[still]\n|-fail|p2a: Meowscarada\n|\n|upkeep\n|turn|47\n|\n|t:|1701150467\n|switch|p1a: Your father.|Talonflame, M|84\/100\n|move|p2a: Meowscarada|Flower Trick|p1a: Your father.\n|-resisted|p1a: Your father.\n|-crit|p1a: Your father.\n|-damage|p1a: Your father.|72\/100\n|\n|upkeep\n|turn|48\n|\n|t:|1701150473\n|switch|p2a: Tornadus|Tornadus-Therian, M|95\/100 psn\n|switch|p1a: You are my son|Alomomola, F|100\/100\n|\n|-damage|p2a: Tornadus|82\/100 psn|[from] psn\n|upkeep\n|turn|49\n|c|\u2606knexhawk2|this can be annoying\n|\n|t:|1701150480\n|switch|p1a: ur my lizard|Cyclizar, F, tera:Steel|66\/100\n|move|p2a: Tornadus|U-turn|p1a: ur my lizard\n|-resisted|p1a: ur my lizard\n|-damage|p1a: ur my lizard|55\/100\n|\n|t:|1701150484\n|switch|p2a: Mandibuzz|Mandibuzz, F|40\/100 brn|[from] U-turn\n|\n|-damage|p2a: Mandibuzz|34\/100 brn|[from] brn\n|upkeep\n|turn|50\n|\n|t:|1701150486\n|move|p1a: ur my lizard|U-turn|p2a: Mandibuzz\n|-damage|p2a: Mandibuzz|25\/100 brn\n|\n|t:|1701150490\n|switch|p1a: you are my pet|Clodsire, F|100\/100|[from] U-turn\n|move|p2a: Mandibuzz|Roost|p2a: Mandibuzz\n|-heal|p2a: Mandibuzz|75\/100 brn\n|-singleturn|p2a: Mandibuzz|move: Roost\n|\n|-damage|p2a: Mandibuzz|69\/100 brn|[from] brn\n|upkeep\n|turn|51\n|\n|t:|1701150499\n|switch|p2a: Garchomp|Garchomp, M|75\/100 brn\n|move|p1a: you are my pet|Spikes|p2a: Garchomp\n|-sidestart|p2: Daevank5|Spikes\n|\n|-damage|p2a: Garchomp|69\/100 brn|[from] brn\n|upkeep\n|turn|52\n|\n|t:|1701150505\n|switch|p1a: You are my son|Alomomola, F|100\/100\n|move|p2a: Garchomp|Spikes|p1a: You are my son\n|-sidestart|p1: knexhawk2|Spikes\n|\n|-damage|p2a: Garchomp|63\/100 brn|[from] brn\n|upkeep\n|turn|53\n|\n|t:|1701150514\n|switch|p2a: Tornadus|Tornadus-Therian, M|100\/100 psn\n|move|p1a: You are my son|Whirlpool|p2a: Tornadus\n|-damage|p2a: Tornadus|94\/100 psn\n|-activate|p2a: Tornadus|move: Whirlpool|[of] p1a: You are my son\n|\n|-damage|p2a: Tornadus|82\/100 psn|[from] psn\n|-damage|p2a: Tornadus|70\/100 psn|[from] move: Whirlpool|[partiallytrapped]\n|upkeep\n|turn|54\n|\n|t:|1701150517\n|move|p1a: You are my son|Protect|p1a: You are my son\n|-singleturn|p1a: You are my son|Protect\n|move|p2a: Tornadus|U-turn|p1a: You are my son\n|-activate|p1a: You are my son|move: Protect\n|\n|-damage|p2a: Tornadus|57\/100 psn|[from] psn\n|-damage|p2a: Tornadus|45\/100 psn|[from] move: Whirlpool|[partiallytrapped]\n|upkeep\n|turn|55\n|\n|t:|1701150521\n|move|p2a: Tornadus|U-turn|p1a: You are my son\n|-damage|p1a: You are my son|92\/100\n|\n|t:|1701150527\n|switch|p2a: SlowBoob|Slowking-Galar, M|100\/100 brn|[from] U-turn\n|move|p1a: You are my son|Whirlpool|p2a: SlowBoob\n|-damage|p2a: SlowBoob|97\/100 brn\n|-activate|p2a: SlowBoob|move: Whirlpool|[of] p1a: You are my son\n|\n|-damage|p2a: SlowBoob|91\/100 brn|[from] brn\n|-damage|p2a: SlowBoob|78\/100 brn|[from] move: Whirlpool|[partiallytrapped]\n|upkeep\n|turn|56\n|c|\u2606knexhawk2|the big status is on torn\n|\n|t:|1701150534\n|switch|p1a: ur my lizard|Cyclizar, F, tera:Steel|88\/100\n|-damage|p1a: ur my lizard|76\/100|[from] Spikes\n|move|p2a: SlowBoob|Chilly Reception|p2a: SlowBoob\n|-weather|Snow\n|c|\u2606knexhawk2|hes the one i really needed poisoned\n|\n|t:|1701150546\n|switch|p2a: Gholdengo|Gholdengo|43\/100|[from] Chilly Reception\n|-damage|p2a: Gholdengo|31\/100|[from] Spikes\n|\n|-weather|Snow|[upkeep]\n|upkeep\n|turn|57\n|\n|t:|1701150549\n|move|p2a: Gholdengo|Recover|p2a: Gholdengo\n|-heal|p2a: Gholdengo|81\/100\n|move|p1a: ur my lizard|Knock Off|p2a: Gholdengo\n|-supereffective|p2a: Gholdengo\n|-damage|p2a: Gholdengo|35\/100\n|-enditem|p2a: Gholdengo|Choice Scarf|[from] move: Knock Off|[of] p1a: ur my lizard\n|\n|-weather|Snow|[upkeep]\n|upkeep\n|turn|58\n|\n|t:|1701150560\n|switch|p2a: Mandibuzz|Mandibuzz, F|69\/100 brn\n|move|p1a: ur my lizard|Knock Off|p2a: Mandibuzz\n|-resisted|p2a: Mandibuzz\n|-damage|p2a: Mandibuzz|65\/100 brn\n|\n|-weather|Snow|[upkeep]\n|-damage|p2a: Mandibuzz|58\/100 brn|[from] brn\n|upkeep\n|turn|59\n|\n|t:|1701150565\n|move|p1a: ur my lizard|Rapid Spin|p2a: Mandibuzz\n|-damage|p2a: Mandibuzz|49\/100 brn\n|-boost|p1a: ur my lizard|spe|1\n|-sideend|p1: knexhawk2|Spikes|[from] move: Rapid Spin|[of] p1a: ur my lizard\n|move|p2a: Mandibuzz|Roost|p2a: Mandibuzz\n|-heal|p2a: Mandibuzz|99\/100 brn\n|-singleturn|p2a: Mandibuzz|move: Roost\n|\n|-weather|Snow|[upkeep]\n|-damage|p2a: Mandibuzz|93\/100 brn|[from] brn\n|upkeep\n|turn|60\n|\n|t:|1701150573\n|move|p1a: ur my lizard|U-turn|p2a: Mandibuzz\n|-damage|p2a: Mandibuzz|84\/100 brn\n|\n|t:|1701150574\n|switch|p1a: you are my pet|Clodsire, F|100\/100|[from] U-turn\n|move|p2a: Mandibuzz|U-turn|p1a: you are my pet\n|-resisted|p1a: you are my pet\n|-damage|p1a: you are my pet|99\/100\n|c|\u2606Daevank5|I had a shot at winning this\n|l| NaokiS2\n|c|\u2606Daevank5|but every single secondary condition happened\n|c|\u2606Daevank5|and now I\u2019ve guaranteed lost\n|l| lkpjp\n|\n|t:|1701150597\n|switch|p2a: Tornadus|Tornadus-Therian, M|78\/100 psn|[from] U-turn\n|\n|-weather|none\n|-damage|p2a: Tornadus|65\/100 psn|[from] psn\n|upkeep\n|turn|61\n|c|\u2606knexhawk2|tbh i dont think they mattered that much\n|c|\u2606knexhawk2|bar torn\n|c|\u2606knexhawk2|torn was big\n|\n|t:|1701150603\n|move|p2a: Tornadus|U-turn|p1a: you are my pet\n|-resisted|p1a: you are my pet\n|-damage|p1a: you are my pet|94\/100\n|\n|t:|1701150609\n|switch|p2a: SlowBoob|Slowking-Galar, M|100\/100 brn|[from] U-turn\n|move|p1a: you are my pet|Poison Jab|p2a: SlowBoob\n|-resisted|p2a: SlowBoob\n|-damage|p2a: SlowBoob|90\/100 brn\n|\n|-damage|p2a: SlowBoob|84\/100 brn|[from] brn\n|upkeep\n|turn|62\n|c|\u2606knexhawk2|like i would have been able to scald fish on chomp or flame body at it like 6 times\n|c|\u2606knexhawk2|same with gking\n|\n|t:|1701150620\n|move|p2a: SlowBoob|Surf|p1a: you are my pet\n|-supereffective|p1a: you are my pet\n|-damage|p1a: you are my pet|58\/100\n|move|p1a: you are my pet|Spikes|p2a: SlowBoob\n|-sidestart|p2: Daevank5|Spikes\n|\n|-damage|p2a: SlowBoob|78\/100 brn|[from] brn\n|upkeep\n|turn|63\n|\n|t:|1701150627\n|move|p2a: SlowBoob|Surf|p1a: you are my pet\n|-supereffective|p1a: you are my pet\n|-damage|p1a: you are my pet|27\/100\n|move|p1a: you are my pet|Recover|p1a: you are my pet\n|-heal|p1a: you are my pet|77\/100\n|\n|-damage|p2a: SlowBoob|72\/100 brn|[from] brn\n|upkeep\n|turn|64\n|\n|t:|1701150629\n|move|p2a: SlowBoob|Surf|p1a: you are my pet\n|-supereffective|p1a: you are my pet\n|-damage|p1a: you are my pet|43\/100\n|move|p1a: you are my pet|Recover|p1a: you are my pet\n|-heal|p1a: you are my pet|93\/100\n|\n|-damage|p2a: SlowBoob|66\/100 brn|[from] brn\n|upkeep\n|turn|65\n|\n|t:|1701150631\n|switch|p1a: ur my lizard|Cyclizar, F, tera:Steel|100\/100\n|move|p2a: SlowBoob|Surf|p1a: ur my lizard\n|-damage|p1a: ur my lizard|79\/100\n|\n|-damage|p2a: SlowBoob|60\/100 brn|[from] brn\n|upkeep\n|turn|66\n|j| Lent Levi's\n|c|\u2606Daevank5|Yeah but the thing is time is of the essence\n|c|\u2606knexhawk2|you got dual regen\n|c|\u2606knexhawk2|you can sit here as long as i can almost\n|inactive|Daevank5 has 120 seconds left.\n|c|\u2606Daevank5|if you don\u2019t insta burn me or insta poison I have a lot more room for error\n|c|\u2606knexhawk2|fair enough\n|c|\u2606knexhawk2|thats why i made cycl steel early\n|c|\u2606Daevank5|Yeah but you have hazards up\n|c|\u2606knexhawk2|so i can avoid any shit this slowking can do and threaten knock\/spin\n|c|\u2606Daevank5|i don\u2019t have hazards\n|c|\u2606knexhawk2|you dont have removal\n|inactive|Daevank5 has 90 seconds left.\n|\n|t:|1701150692\n|switch|p2a: Mandibuzz|Mandibuzz, F|84\/100 brn\n|move|p1a: ur my lizard|Knock Off|p2a: Mandibuzz\n|-resisted|p2a: Mandibuzz\n|-damage|p2a: Mandibuzz|81\/100 brn\n|\n|-damage|p2a: Mandibuzz|74\/100 brn|[from] brn\n|upkeep\n|turn|67\n|c|\u2606knexhawk2|so its just a fight for me to get it up\n|c|\u2606knexhawk2|then i make progress\n|c|\u2606knexhawk2|and i can pressure ghold with 2 removers\n|\n|t:|1701150710\n|switch|p2a: Tornadus|Tornadus-Therian, M|99\/100 psn\n|move|p1a: ur my lizard|U-turn|p2a: Tornadus\n|-resisted|p2a: Tornadus\n|-damage|p2a: Tornadus|91\/100 psn\n|\n|t:|1701150712\n|switch|p1a: You are my son|Alomomola, F|100\/100|[from] U-turn\n|\n|-damage|p2a: Tornadus|78\/100 psn|[from] psn\n|upkeep\n|turn|68\n|c|\u2606Daevank5|Yeah but that\u2019s the thing\n|c|\u2606Daevank5|i could have pressured clod with torn n shit\n|c|\u2606Daevank5|and hazards\n|c|\u2606knexhawk2|clod wasnt coming in\n|c|\u2606Daevank5|and doubled around\n|c|\u2606knexhawk2|tbf\n|c|\u2606Daevank5|exactly\n|inactive|Daevank5 has 90 seconds left.\n|c|\u2606knexhawk2|i would have just gave blisseys boots\n|c|\u2606knexhawk2|for rocks\n|c|\u2606knexhawk2|the torn poison was big\n|l| Lent Levi's\n|j| ChoirMember#1\n|\n|t:|1701150747\n|move|p2a: Tornadus|Bleakwind Storm|p1a: You are my son\n|-damage|p1a: You are my son|54\/100\n|move|p1a: You are my son|Whirlpool|p2a: Tornadus\n|-damage|p2a: Tornadus|72\/100 psn\n|-activate|p2a: Tornadus|move: Whirlpool|[of] p1a: You are my son\n|\n|-damage|p2a: Tornadus|60\/100 psn|[from] psn\n|-damage|p2a: Tornadus|47\/100 psn|[from] move: Whirlpool|[partiallytrapped]\n|upkeep\n|turn|69\n|\n|t:|1701150752\n|move|p1a: You are my son|Protect|p1a: You are my son\n|-singleturn|p1a: You are my son|Protect\n|move|p2a: Tornadus|U-turn|p1a: You are my son\n|-activate|p1a: You are my son|move: Protect\n|\n|-damage|p2a: Tornadus|35\/100 psn|[from] psn\n|-damage|p2a: Tornadus|22\/100 psn|[from] move: Whirlpool|[partiallytrapped]\n|upkeep\n|turn|70\n|c|\u2606knexhawk2|we get this double\n|\n|t:|1701150758\n|move|p1a: You are my son|Protect|p1a: You are my son\n|-singleturn|p1a: You are my son|Protect\n|move|p2a: Tornadus|U-turn|p1a: You are my son\n|-activate|p1a: You are my son|move: Protect\n|\n|-damage|p2a: Tornadus|10\/100 psn|[from] psn\n|-damage|p2a: Tornadus|0 fnt|[from] move: Whirlpool|[partiallytrapped]\n|faint|p2a: Tornadus\n|upkeep\n|c|\u2606knexhawk2|goat\n|inactive|Daevank5 has 90 seconds left.\n|\n|t:|1701150769\n|switch|p2a: Gholdengo|Gholdengo|35\/100\n|-damage|p2a: Gholdengo|18\/100|[from] Spikes\n|turn|71\n|\n|t:|1701150774\n|switch|p1a: I'm your mom.|Blissey, F|100\/100\n|move|p2a: Gholdengo|Recover|p2a: Gholdengo\n|-heal|p2a: Gholdengo|68\/100\n|\n|upkeep\n|turn|72\n|\n|t:|1701150781\n|move|p2a: Gholdengo|Trick|p1a: I'm your mom.\n|-activate|p2a: Gholdengo|move: Trick|[of] p1a: I'm your mom.\n|-enditem|p1a: I'm your mom.|Heavy-Duty Boots|[silent]|[from] move: Trick\n|-item|p2a: Gholdengo|Heavy-Duty Boots|[from] move: Trick\n|move|p1a: I'm your mom.|Stealth Rock|p2a: Gholdengo\n|-sidestart|p2: Daevank5|move: Stealth Rock\n|\n|upkeep\n|turn|73\n|\n|t:|1701150789\n|switch|p2a: SlowBoob|Slowking-Galar, M|93\/100 brn\n|move|p1a: I'm your mom.|Calm Mind|p1a: I'm your mom.\n|-boost|p1a: I'm your mom.|spa|1\n|-boost|p1a: I'm your mom.|spd|1\n|\n|-damage|p2a: SlowBoob|87\/100 brn|[from] brn\n|upkeep\n|turn|74\n|\n|t:|1701150792\n|switch|p1a: ur my lizard|Cyclizar, F, tera:Steel|100\/100\n|move|p2a: SlowBoob|Toxic|p1a: ur my lizard\n|-immune|p1a: ur my lizard\n|\n|-damage|p2a: SlowBoob|81\/100 brn|[from] brn\n|upkeep\n|turn|75\n|\n|t:|1701150799\n|switch|p2a: Mandibuzz|Mandibuzz, F|74\/100 brn\n|-damage|p2a: Mandibuzz|50\/100 brn|[from] Stealth Rock\n|move|p1a: ur my lizard|Knock Off|p2a: Mandibuzz\n|-resisted|p2a: Mandibuzz\n|-damage|p2a: Mandibuzz|45\/100 brn\n|\n|-damage|p2a: Mandibuzz|39\/100 brn|[from] brn\n|upkeep\n|turn|76\n|\n|t:|1701150801\n|move|p1a: ur my lizard|U-turn|p2a: Mandibuzz\n|-damage|p2a: Mandibuzz|31\/100 brn\n|\n|t:|1701150802\n|switch|p1a: you are my pet|Clodsire, F|93\/100|[from] U-turn\n|move|p2a: Mandibuzz|Roost|p2a: Mandibuzz\n|-heal|p2a: Mandibuzz|81\/100 brn\n|-singleturn|p2a: Mandibuzz|move: Roost\n|\n|-damage|p2a: Mandibuzz|74\/100 brn|[from] brn\n|upkeep\n|turn|77\n|l| SwabbyYabby\n|\n|t:|1701150809\n|move|p2a: Mandibuzz|U-turn|p1a: you are my pet\n|-resisted|p1a: you are my pet\n|-damage|p1a: you are my pet|90\/100\n|\n|t:|1701150810\n|switch|p2a: Garchomp|Garchomp, M|63\/100 brn|[from] U-turn\n|-damage|p2a: Garchomp|46\/100 brn|[from] Spikes\n|-damage|p2a: Garchomp|40\/100 brn|[from] Stealth Rock\n|move|p1a: you are my pet|Spikes|p2a: Garchomp\n|-sidestart|p2: Daevank5|Spikes\n|\n|-damage|p2a: Garchomp|34\/100 brn|[from] brn\n|upkeep\n|turn|78\n|\n|t:|1701150818\n|switch|p1a: ur my lizard|Cyclizar, F, tera:Steel|100\/100\n|move|p2a: Garchomp|Spikes|p1a: ur my lizard\n|-sidestart|p1: knexhawk2|Spikes\n|\n|-damage|p2a: Garchomp|28\/100 brn|[from] brn\n|upkeep\n|turn|79\n|\n|t:|1701150824\n|move|p1a: ur my lizard|Protect|p1a: ur my lizard\n|-singleturn|p1a: ur my lizard|Protect\n|move|p2a: Garchomp|Spikes|p1a: ur my lizard\n|-sidestart|p1: knexhawk2|Spikes\n|\n|-damage|p2a: Garchomp|21\/100 brn|[from] brn\n|upkeep\n|turn|80\n|\n|t:|1701150830\n|move|p1a: ur my lizard|Rapid Spin|p2a: Garchomp\n|-damage|p2a: Garchomp|11\/100 brn\n|-boost|p1a: ur my lizard|spe|1\n|-damage|p1a: ur my lizard|88\/100|[from] ability: Rough Skin|[of] p2a: Garchomp\n|-damage|p1a: ur my lizard|71\/100|[from] item: Rocky Helmet|[of] p2a: Garchomp\n|-sideend|p1: knexhawk2|Spikes|[from] move: Rapid Spin|[of] p1a: ur my lizard\n|move|p2a: Garchomp|Earthquake|p1a: ur my lizard\n|-supereffective|p1a: ur my lizard\n|-damage|p1a: ur my lizard|14\/100\n|\n|-damage|p2a: Garchomp|5\/100 brn|[from] brn\n|upkeep\n|turn|81\n|\n|t:|1701150838\n|switch|p1a: I own you.|Wo-Chien|100\/100\n|-ability|p1a: I own you.|Tablets of Ruin\n|move|p2a: Garchomp|Spikes|p1a: I own you.\n|-sidestart|p1: knexhawk2|Spikes\n|\n|-damage|p2a: Garchomp|0 fnt|[from] brn\n|faint|p2a: Garchomp\n|upkeep\n|\n|t:|1701150843\n|switch|p2a: Meowscarada|Meowscarada, M|100\/100\n|turn|82\n|\n|t:|1701150848\n|move|p2a: Meowscarada|U-turn|p1a: I own you.\n|-supereffective|p1a: I own you.\n|-damage|p1a: I own you.|60\/100\n|\n|t:|1701150852\n|switch|p2a: Mandibuzz|Mandibuzz, F|74\/100 brn|[from] U-turn\n|-damage|p2a: Mandibuzz|50\/100 brn|[from] Stealth Rock\n|move|p1a: I own you.|Knock Off|p2a: Mandibuzz\n|-resisted|p2a: Mandibuzz\n|-damage|p2a: Mandibuzz|44\/100 brn\n|\n|-heal|p1a: I own you.|66\/100|[from] item: Leftovers\n|-damage|p2a: Mandibuzz|38\/100 brn|[from] brn\n|upkeep\n|turn|83\n|c|\u2606knexhawk2|40.\n|c|\u2606knexhawk2|god i love how fat this fuck is\n|\n|t:|1701150864\n|move|p2a: Mandibuzz|U-turn|p1a: I own you.\n|-supereffective|p1a: I own you.\n|-damage|p1a: I own you.|55\/100\n|\n|t:|1701150867\n|switch|p2a: SlowBoob|Slowking-Galar, M|100\/100 brn|[from] U-turn\n|move|p1a: I own you.|Leech Seed|p2a: SlowBoob\n|-start|p2a: SlowBoob|move: Leech Seed\n|\n|-heal|p1a: I own you.|61\/100|[from] item: Leftovers\n|-damage|p2a: SlowBoob|88\/100 brn|[from] Leech Seed|[of] p1a: I own you.\n|-heal|p1a: I own you.|74\/100|[silent]\n|-damage|p2a: SlowBoob|82\/100 brn|[from] brn\n|upkeep\n|turn|84\n|\n|t:|1701150871\n|switch|p2a: Mandibuzz|Mandibuzz, F|38\/100 brn\n|-damage|p2a: Mandibuzz|14\/100 brn|[from] Stealth Rock\n|move|p1a: I own you.|Knock Off|p2a: Mandibuzz\n|-resisted|p2a: Mandibuzz\n|-damage|p2a: Mandibuzz|8\/100 brn\n|\n|-heal|p1a: I own you.|80\/100|[from] item: Leftovers\n|-damage|p2a: Mandibuzz|2\/100 brn|[from] brn\n|upkeep\n|turn|85\n|\n|t:|1701150873\n|move|p2a: Mandibuzz|Roost|p2a: Mandibuzz\n|-heal|p2a: Mandibuzz|52\/100 brn\n|-singleturn|p2a: Mandibuzz|move: Roost\n|move|p1a: I own you.|Giga Drain|p2a: Mandibuzz\n|-damage|p2a: Mandibuzz|31\/100 brn\n|-heal|p1a: I own you.|92\/100|[from] drain|[of] p2a: Mandibuzz\n|\n|-heal|p1a: I own you.|98\/100|[from] item: Leftovers\n|-damage|p2a: Mandibuzz|25\/100 brn|[from] brn\n|upkeep\n|turn|86\n|\n|t:|1701150878\n|switch|p1a: ur my lizard|Cyclizar, F, tera:Steel|47\/100\n|-damage|p1a: ur my lizard|35\/100|[from] Spikes\n|move|p2a: Mandibuzz|Knock Off|p1a: ur my lizard\n|-damage|p1a: ur my lizard|23\/100\n|\n|-damage|p2a: Mandibuzz|19\/100 brn|[from] brn\n|upkeep\n|turn|87\n|\n|t:|1701150882\n|move|p1a: ur my lizard|Knock Off|p2a: Mandibuzz\n|-resisted|p2a: Mandibuzz\n|-damage|p2a: Mandibuzz|14\/100 brn\n|move|p2a: Mandibuzz|Foul Play|p1a: ur my lizard\n|-damage|p1a: ur my lizard|2\/100\n|\n|-damage|p2a: Mandibuzz|8\/100 brn|[from] brn\n|upkeep\n|turn|88\n|\n|t:|1701150894\n|move|p1a: ur my lizard|Rapid Spin|p2a: Mandibuzz\n|-damage|p2a: Mandibuzz|0 fnt\n|-boost|p1a: ur my lizard|spe|1\n|-sideend|p1: knexhawk2|Spikes|[from] move: Rapid Spin|[of] p1a: ur my lizard\n|faint|p2a: Mandibuzz\n|\n|upkeep\n|j| gamebooadvanced\n|\n|t:|1701150899\n|switch|p2a: Meowscarada|Meowscarada, M|100\/100\n|turn|89\n|\n|t:|1701150901\n|switch|p1a: I own you.|Wo-Chien|98\/100\n|-ability|p1a: I own you.|Tablets of Ruin\n|move|p2a: Meowscarada|Knock Off|p1a: I own you.\n|-resisted|p1a: I own you.\n|-damage|p1a: I own you.|87\/100\n|-enditem|p1a: I own you.|Leftovers|[from] move: Knock Off|[of] p2a: Meowscarada\n|\n|upkeep\n|turn|90\n|\n|t:|1701150910\n|move|p2a: Meowscarada|Flower Trick|p1a: I own you.\n|-resisted|p1a: I own you.\n|-crit|p1a: I own you.\n|-damage|p1a: I own you.|74\/100\n|move|p1a: I own you.|Knock Off|p2a: Meowscarada\n|-resisted|p2a: Meowscarada\n|-damage|p2a: Meowscarada|77\/100\n|-enditem|p2a: Meowscarada|Heavy-Duty Boots|[from] move: Knock Off|[of] p1a: I own you.\n|\n|upkeep\n|turn|91\n|j| angrrry\n|\n|t:|1701150913\n|move|p2a: Meowscarada|Flower Trick|p1a: I own you.\n|-resisted|p1a: I own you.\n|-crit|p1a: I own you.\n|-damage|p1a: I own you.|61\/100\n|move|p1a: I own you.|Knock Off|p2a: Meowscarada\n|-resisted|p2a: Meowscarada\n|-damage|p2a: Meowscarada|62\/100\n|\n|upkeep\n|turn|92\n|\n|t:|1701150916\n|switch|p1a: Your father.|Talonflame, M|72\/100\n|move|p2a: Meowscarada|Flower Trick|p1a: Your father.\n|-resisted|p1a: Your father.\n|-crit|p1a: Your father.\n|-damage|p1a: Your father.|60\/100\n|\n|upkeep\n|turn|93\n|\n|t:|1701150926\n|switch|p1a: I own you.|Wo-Chien|61\/100\n|-ability|p1a: I own you.|Tablets of Ruin\n|-terastallize|p2a: Meowscarada|Dark\n|move|p2a: Meowscarada|Knock Off|p1a: I own you.\n|-resisted|p1a: I own you.\n|-damage|p1a: I own you.|50\/100\n|\n|upkeep\n|turn|94\n|\n|t:|1701150934\n|move|p2a: Meowscarada|U-turn|p1a: I own you.\n|-supereffective|p1a: I own you.\n|-damage|p1a: I own you.|8\/100\n|\n|t:|1701150939\n|switch|p2a: SlowBoob|Slowking-Galar, M|100\/100 brn|[from] U-turn\n|move|p1a: I own you.|Giga Drain|p2a: SlowBoob\n|-resisted|p2a: SlowBoob\n|-damage|p2a: SlowBoob|93\/100 brn\n|-heal|p1a: I own you.|12\/100|[from] drain|[of] p2a: SlowBoob\n|\n|-damage|p2a: SlowBoob|87\/100 brn|[from] brn\n|upkeep\n|turn|95\n|\n|t:|1701150946\n|move|p1a: I own you.|Knock Off|p2a: SlowBoob\n|-supereffective|p2a: SlowBoob\n|-damage|p2a: SlowBoob|32\/100 brn\n|-enditem|p2a: SlowBoob|Heavy-Duty Boots|[from] move: Knock Off|[of] p1a: I own you.\n|move|p2a: SlowBoob|Sludge Bomb|p1a: I own you.\n|-supereffective|p1a: I own you.\n|-damage|p1a: I own you.|0 fnt\n|faint|p1a: I own you.\n|\n|-damage|p2a: SlowBoob|26\/100 brn|[from] brn\n|upkeep\n|\n|t:|1701150948\n|switch|p1a: ur my lizard|Cyclizar, F, tera:Steel|35\/100\n|turn|96\n|\n|t:|1701150952\n|move|p1a: ur my lizard|U-turn|p2a: SlowBoob\n|-damage|p2a: SlowBoob|9\/100 brn\n|\n|t:|1701150953\n|switch|p1a: I'm your mom.|Blissey, F|100\/100|[from] U-turn\n|move|p2a: SlowBoob|Surf|p1a: I'm your mom.\n|-damage|p1a: I'm your mom.|93\/100\n|\n|-damage|p2a: SlowBoob|3\/100 brn|[from] brn\n|upkeep\n|turn|97\n|j| fmn027\n|\n|t:|1701150956\n|move|p1a: I'm your mom.|Soft-Boiled|p1a: I'm your mom.\n|-heal|p1a: I'm your mom.|100\/100\n|move|p2a: SlowBoob|Toxic|p1a: I'm your mom.\n|-status|p1a: I'm your mom.|tox\n|\n|-damage|p1a: I'm your mom.|94\/100 tox|[from] psn\n|-damage|p2a: SlowBoob|0 fnt|[from] brn\n|faint|p2a: SlowBoob\n|upkeep\n|\n|t:|1701150964\n|switch|p2a: Gholdengo|Gholdengo|68\/100\n|turn|98\n|\n|t:|1701150978\n|switch|p2a: Meowscarada|Meowscarada, M, tera:Dark|62\/100\n|-damage|p2a: Meowscarada|37\/100|[from] Spikes\n|-damage|p2a: Meowscarada|24\/100|[from] Stealth Rock\n|-curestatus|p1a: I'm your mom.|tox|[from] ability: Natural Cure\n|switch|p1a: ur my lizard|Cyclizar, F, tera:Steel|68\/100\n|\n|upkeep\n|turn|99\n|\n|t:|1701150987\n|switch|p1a: You are my son|Alomomola, F|88\/100\n|move|p2a: Meowscarada|Knock Off|p1a: You are my son\n|-crit|p1a: You are my son\n|-damage|p1a: You are my son|56\/100\n|\n|upkeep\n|turn|100\n|\n|t:|1701150990\n|move|p2a: Meowscarada|Flower Trick|p1a: You are my son\n|-supereffective|p1a: You are my son\n|-crit|p1a: You are my son\n|-damage|p1a: You are my son|0 fnt\n|faint|p1a: You are my son\n|\n|upkeep\n|\n|t:|1701150992\n|switch|p1a: you are my pet|Clodsire, F|90\/100\n|turn|101\n|\n|t:|1701151000\n|move|p2a: Meowscarada|Knock Off|p1a: you are my pet\n|-damage|p1a: you are my pet|61\/100\n|move|p1a: you are my pet|Counter|p2a: Meowscarada\n|-damage|p2a: Meowscarada|0 fnt\n|faint|p2a: Meowscarada\n|\n|upkeep\n|\n|t:|1701151002\n|switch|p2a: Gholdengo|Gholdengo|68\/100\n|turn|102\n|c|\u2606Daevank5|Gg\n|c|\u2606knexhawk2|gg\n|c|\u2606Daevank5|YOUCE FUCKING RUINED MY 1 PUSH\n|c|\u2606Daevank5|FUCK\n|c|\u2606knexhawk2|hehe wo chizzy\n|c|\u2606Daevank5|IM JUST TRYING TK GET 1 FOR AN RMT\n|c|\u2606Daevank5|FUCK ME\n|c|\u2606Daevank5|FUCK ME\n|c|\u2606Daevank5|FUCK MW\n|inactive|Daevank5 has 120 seconds left.\n|c|\u2606knexhawk2|i made an rmt on this like yesterday\n|c|\u2606Daevank5|how many fucking points is this loss\n|c|\u2606knexhawk2|oh shit\n|c|\u2606knexhawk2|ur 1990 mb\n|c|\u2606Daevank5|It\u2019s gonna be a 30\n|c|\u2606knexhawk2|i just cba and made one at 1900\n|c|\u2606knexhawk2|yeah thats how high ladder is\n|c|\u2606knexhawk2|unfort\n|c|\u2606Daevank5|Yeah see that\u2019s what I would do\n|inactive|Daevank5 has 90 seconds left.\n|c|\u2606Daevank5|bur nobody fucking clicks the rmt unless you peak #1\n|c|\u2606knexhawk2|Take the screenshot now\n|c|\u2606knexhawk2|just doctor it lmao\n|l| angrrry\n|c|\u2606knexhawk2|no one is checking if thats true\n|inactive|Daevank5 has 60 seconds left.\n|c|\u2606Daevank5|Nah I already had another peak at 2003 with this team earlier today\n|c|\u2606knexhawk2|yeah u got it\n|c|\u2606Daevank5|I think imma just fucking click bait it\n|c|\u2606knexhawk2|i play too much while taking a shit at work\n|c|\u2606knexhawk2|to get 2k elo lmao\n|inactive|Daevank5 has 30 seconds left.\n|n|!Daevank5|daevank5\n|c|\u2606knexhawk2|i got there awhile ago i cba to tryhard push for +6 -30s\n|inactive|Daevank5 has 20 seconds left.\n|inactive|Daevank5 has 15 seconds left.\n|inactive|Daevank5 has 10 seconds left.\n|inactive|Daevank5 has 5 seconds left.\n|c|\u2606knexhawk2|i just said (1900+ elo) or some shit\n|-message|Daevank5 lost due to inactivity.\n|\n|win|knexhawk2\n|raw|knexhawk2's rating: 1848 &rarr; <strong>1876<\/strong><br \/>(+28 for winning)\n|raw|Daevank5's rating: 1990 &rarr; <strong>1962<\/strong><br \/>(-28 for losing)\n|l| KingDuns\n|l| fmn027\n|c| xxCOALLAxx|gg fellas!\n|l| VicBossMG\n|l| gamebooadvanced\n","uploadtime":1701149847,"views":19,"p1id":"knexhawk2","p2id":"daevank5","formatid":"gen9ou","rating":1876,"private":0,"password":""}