{"id":"gen9ou-1999418821","p1":"Noobboyhj","p2":"ATS01","format":"[Gen 9] OU","log":"|j|\u2606Noobboyhj\n|j|\u2606ATS01\n|t:|1701077322\n|gametype|singles\n|player|p1|Noobboyhj|2|\n|player|p2|ATS01|koga|\n|teamsize|p1|6\n|teamsize|p2|6\n|gen|9\n|tier|[Gen 9] OU\n|rule|Sleep Clause Mod: Limit one foe put to sleep\n|rule|Species Clause: Limit one of each Pok\u00e9mon\n|rule|OHKO Clause: OHKO moves are banned\n|rule|Evasion Items Clause: Evasion items are banned\n|rule|Evasion Moves Clause: Evasion moves are banned\n|rule|Endless Battle Clause: Forcing endless battles is banned\n|rule|HP Percentage Mod: HP is shown in percentages\n|clearpoke\n|poke|p1|Garchomp, F|\n|poke|p1|Azumarill, M|\n|poke|p1|Iron Moth|\n|poke|p1|Kingambit, M|\n|poke|p1|Gholdengo|\n|poke|p1|Iron Valiant|\n|poke|p2|Glimmora, M|\n|poke|p2|Ceruledge, M|\n|poke|p2|Gholdengo|\n|poke|p2|Dragapult, M|\n|poke|p2|Ogerpon-Cornerstone, F|\n|poke|p2|Cinderace, M|\n|teampreview\n|inactive|Battle timer is ON: inactive players will automatically lose when time's up. (requested by ATS01)\n|\n|t:|1701077338\n|start\n|switch|p1a: Iron Moth|Iron Moth|100\/100\n|switch|p2a: Glimmora|Glimmora, M|100\/100\n|-enditem|p1a: Iron Moth|Booster Energy\n|-activate|p1a: Iron Moth|ability: Quark Drive|[fromitem]\n|-start|p1a: Iron Moth|quarkdrivespe\n|turn|1\n|\n|t:|1701077350\n|-terastallize|p1a: Iron Moth|Fairy\n|move|p1a: Iron Moth|Psychic|p2a: Glimmora\n|-supereffective|p2a: Glimmora\n|-damage|p2a: Glimmora|14\/100\n|move|p2a: Glimmora|Earth Power|p1a: Iron Moth\n|-damage|p1a: Iron Moth|68\/100\n|\n|upkeep\n|turn|2\n|\n|t:|1701077363\n|move|p1a: Iron Moth|Psychic|p2a: Glimmora\n|-supereffective|p2a: Glimmora\n|-damage|p2a: Glimmora|0 fnt\n|faint|p2a: Glimmora\n|\n|upkeep\n|\n|t:|1701077370\n|switch|p2a: Cinderace|Cinderace, M|100\/100\n|turn|3\n|\n|t:|1701077378\n|move|p1a: Iron Moth|Dazzling Gleam|p2a: Cinderace\n|-resisted|p2a: Cinderace\n|-damage|p2a: Cinderace|73\/100\n|move|p2a: Cinderace|Pyro Ball|p1a: Iron Moth|[miss]\n|-miss|p2a: Cinderace|p1a: Iron Moth\n|\n|upkeep\n|turn|4\n|\n|t:|1701077387\n|move|p1a: Iron Moth|Fiery Dance|p2a: Cinderace\n|-resisted|p2a: Cinderace\n|-damage|p2a: Cinderace|43\/100\n|-boost|p1a: Iron Moth|spa|1\n|move|p2a: Cinderace|Pyro Ball|p1a: Iron Moth\n|-damage|p1a: Iron Moth|0 fnt\n|faint|p1a: Iron Moth\n|-end|p1a: Iron Moth|Quark Drive|[silent]\n|-damage|p2a: Cinderace|33\/100|[from] item: Life Orb\n|\n|upkeep\n|\n|t:|1701077390\n|switch|p1a: Azumarill|Azumarill, M|100\/100\n|turn|5\n|\n|t:|1701077402\n|switch|p2a: Gholdengo|Gholdengo|100\/100\n|move|p1a: Azumarill|Aqua Jet|p2a: Gholdengo\n|-damage|p2a: Gholdengo|70\/100\n|\n|upkeep\n|turn|6\n|\n|t:|1701077420\n|switch|p1a: Kingambit|Kingambit, M|100\/100\n|-activate|p1a: Kingambit|ability: Supreme Overlord\n|-start|p1a: Kingambit|fallen1|[silent]\n|move|p2a: Gholdengo|Make It Rain|p1a: Kingambit\n|-resisted|p1a: Kingambit\n|-damage|p1a: Kingambit|69\/100\n|-unboost|p2a: Gholdengo|spa|1\n|\n|upkeep\n|turn|7\n|\n|t:|1701077444\n|move|p2a: Gholdengo|Make It Rain|p1a: Kingambit\n|-resisted|p1a: Kingambit\n|-damage|p1a: Kingambit|46\/100\n|-unboost|p2a: Gholdengo|spa|1\n|move|p1a: Kingambit|Kowtow Cleave|p2a: Gholdengo\n|-supereffective|p2a: Gholdengo\n|-damage|p2a: Gholdengo|0 fnt\n|faint|p2a: Gholdengo\n|\n|upkeep\n|\n|t:|1701077455\n|switch|p2a: Ogerpon|Ogerpon-Cornerstone, F|100\/100\n|turn|8\n|\n|t:|1701077462\n|-end|p1a: Kingambit|fallen1|[silent]\n|switch|p1a: Garchomp|Garchomp, F|100\/100\n|move|p2a: Ogerpon|Brick Break|p1a: Garchomp\n|-damage|p1a: Garchomp|71\/100\n|-damage|p2a: Ogerpon|88\/100|[from] ability: Rough Skin|[of] p1a: Garchomp\n|-damage|p2a: Ogerpon|72\/100|[from] item: Rocky Helmet|[of] p1a: Garchomp\n|\n|upkeep\n|turn|9\n|\n|t:|1701077471\n|move|p2a: Ogerpon|Play Rough|p1a: Garchomp\n|-supereffective|p1a: Garchomp\n|-damage|p1a: Garchomp|0 fnt\n|-damage|p2a: Ogerpon|59\/100|[from] ability: Rough Skin|[of] p1a: Garchomp\n|-damage|p2a: Ogerpon|43\/100|[from] item: Rocky Helmet|[of] p1a: Garchomp\n|faint|p1a: Garchomp\n|\n|upkeep\n|\n|t:|1701077479\n|switch|p1a: Iron Valiant|Iron Valiant|100\/100\n|-enditem|p1a: Iron Valiant|Booster Energy\n|-activate|p1a: Iron Valiant|ability: Quark Drive|[fromitem]\n|-start|p1a: Iron Valiant|quarkdrivespe\n|turn|10\n|\n|t:|1701077488\n|move|p1a: Iron Valiant|Liquidation|p2a: Ogerpon\n|-damage|p2a: Ogerpon|7\/100\n|move|p2a: Ogerpon|Ivy Cudgel|p1a: Iron Valiant|[anim] Ivy Cudgel Rock\n|-resisted|p1a: Iron Valiant\n|-damage|p1a: Iron Valiant|63\/100\n|\n|upkeep\n|turn|11\n|\n|t:|1701077496\n|move|p1a: Iron Valiant|Liquidation|p2a: Ogerpon\n|-damage|p2a: Ogerpon|0 fnt\n|faint|p2a: Ogerpon\n|\n|upkeep\n|\n|t:|1701077501\n|switch|p2a: Ceruledge|Ceruledge, M|100\/100\n|turn|12\n|\n|t:|1701077505\n|move|p1a: Iron Valiant|Liquidation|p2a: Ceruledge\n|-supereffective|p2a: Ceruledge\n|-damage|p2a: Ceruledge|24\/100\n|-ability|p2a: Ceruledge|Weak Armor|boost\n|-unboost|p2a: Ceruledge|def|1\n|-boost|p2a: Ceruledge|spe|2\n|move|p2a: Ceruledge|Bitter Blade|p1a: Iron Valiant\n|-damage|p1a: Iron Valiant|3\/100\n|-heal|p2a: Ceruledge|54\/100|[from] drain|[of] p1a: Iron Valiant\n|\n|upkeep\n|turn|13\n|\n|t:|1701077517\n|move|p2a: Ceruledge|Shadow Sneak|p1a: Iron Valiant\n|-damage|p1a: Iron Valiant|0 fnt\n|faint|p1a: Iron Valiant\n|-end|p1a: Iron Valiant|Quark Drive|[silent]\n|\n|upkeep\n|\n|t:|1701077520\n|switch|p1a: Azumarill|Azumarill, M|100\/100\n|turn|14\n|\n|t:|1701077525\n|switch|p2a: Dragapult|Dragapult, M|100\/100\n|move|p1a: Azumarill|Aqua Jet|p2a: Dragapult\n|-resisted|p2a: Dragapult\n|-damage|p2a: Dragapult|84\/100\n|\n|upkeep\n|turn|15\n|\n|t:|1701077537\n|move|p2a: Dragapult|Thunderbolt|p1a: Azumarill\n|-supereffective|p1a: Azumarill\n|-damage|p1a: Azumarill|18\/100\n|-enditem|p1a: Azumarill|Sitrus Berry|[eat]\n|-heal|p1a: Azumarill|43\/100|[from] item: Sitrus Berry\n|move|p1a: Azumarill|Play Rough|p2a: Dragapult\n|-supereffective|p2a: Dragapult\n|-damage|p2a: Dragapult|0 fnt\n|faint|p2a: Dragapult\n|\n|upkeep\n|\n|t:|1701077551\n|switch|p2a: Cinderace|Cinderace, M|33\/100\n|turn|16\n|\n|t:|1701077564\n|move|p1a: Azumarill|Aqua Jet|p2a: Cinderace\n|-supereffective|p2a: Cinderace\n|-damage|p2a: Cinderace|0 fnt\n|faint|p2a: Cinderace\n|\n|upkeep\n|\n|t:|1701077569\n|switch|p2a: Ceruledge|Ceruledge, M|54\/100\n|turn|17\n|\n|t:|1701077573\n|-terastallize|p2a: Ceruledge|Fighting\n|move|p1a: Azumarill|Aqua Jet|p2a: Ceruledge\n|-damage|p2a: Ceruledge|17\/100\n|-ability|p2a: Ceruledge|Weak Armor|boost\n|-unboost|p2a: Ceruledge|def|1\n|-boost|p2a: Ceruledge|spe|2\n|move|p2a: Ceruledge|Close Combat|p1a: Azumarill\n|-resisted|p1a: Azumarill\n|-damage|p1a: Azumarill|14\/100\n|-unboost|p2a: Ceruledge|def|1\n|-unboost|p2a: Ceruledge|spd|1\n|\n|upkeep\n|turn|18\n|\n|t:|1701077586\n|move|p2a: Ceruledge|Shadow Sneak|p1a: Azumarill\n|-damage|p1a: Azumarill|0 fnt\n|faint|p1a: Azumarill\n|\n|upkeep\n|\n|t:|1701077589\n|switch|p1a: Kingambit|Kingambit, M|46\/100\n|-activate|p1a: Kingambit|ability: Supreme Overlord\n|-start|p1a: Kingambit|fallen4|[silent]\n|turn|19\n|\n|t:|1701077594\n|move|p2a: Ceruledge|Shadow Sneak|p1a: Kingambit\n|-resisted|p1a: Kingambit\n|-damage|p1a: Kingambit|38\/100\n|move|p1a: Kingambit|Sucker Punch||[still]\n|-fail|p1a: Kingambit\n|\n|upkeep\n|turn|20\n|\n|t:|1701077601\n|move|p2a: Ceruledge|Shadow Sneak|p1a: Kingambit\n|-resisted|p1a: Kingambit\n|-damage|p1a: Kingambit|29\/100\n|move|p1a: Kingambit|Kowtow Cleave|p2a: Ceruledge\n|-resisted|p2a: Ceruledge\n|-damage|p2a: Ceruledge|0 fnt\n|faint|p2a: Ceruledge\n|\n|win|Noobboyhj\n","uploadtime":1701077610,"views":18,"p1id":"noobboyhj","p2id":"ats01","formatid":"gen9ou","rating":0,"private":0,"password":""}