{"id":"gen9ou-1992742984","p1":"Zovafire","p2":"Phantamium","format":"[Gen 9] OU","log":"|j|\u2606Zovafire\n|j|\u2606Phantamium\n|t:|1700231301\n|gametype|singles\n|player|p1|Zovafire|roxie|1419\n|player|p2|Phantamium|170|1368\n|teamsize|p1|6\n|teamsize|p2|6\n|gen|9\n|tier|[Gen 9] OU\n|rated|\n|rule|Sleep Clause Mod: Limit one foe put to sleep\n|rule|Species Clause: Limit one of each Pok\u00e9mon\n|rule|OHKO Clause: OHKO moves are banned\n|rule|Evasion Items Clause: Evasion items are banned\n|rule|Evasion Moves Clause: Evasion moves are banned\n|rule|Endless Battle Clause: Forcing endless battles is banned\n|rule|HP Percentage Mod: HP is shown in percentages\n|clearpoke\n|poke|p1|Great Tusk|\n|poke|p1|Ogerpon-Wellspring, F|\n|poke|p1|Hatterene, F|\n|poke|p1|Kingambit, M|\n|poke|p1|Meowscarada, F|\n|poke|p1|Ninetales-Alola, F|\n|poke|p2|Chesnaught, M|\n|poke|p2|Avalugg-Hisui, M|\n|poke|p2|Zoroark-Hisui, M|\n|poke|p2|Goodra-Hisui, F|\n|poke|p2|Lokix, F|\n|poke|p2|Espeon, M|\n|teampreview\n|inactive|Battle timer is ON: inactive players will automatically lose when time's up. (requested by Zovafire)\n|\n|t:|1700231312\n|start\n|switch|p1a: Shiver Tails|Ninetales-Alola, F|100\/100\n|switch|p2a: Lokix|Lokix, F|100\/100\n|-weather|Snow|[from] ability: Snow Warning|[of] p1a: Shiver Tails\n|turn|1\n|\n|t:|1700231328\n|-terastallize|p2a: Lokix|Bug\n|move|p2a: Lokix|First Impression|p1a: Shiver Tails\n|-resisted|p1a: Shiver Tails\n|-damage|p1a: Shiver Tails|42\/100\n|-damage|p2a: Lokix|91\/100|[from] item: Life Orb\n|move|p1a: Shiver Tails|Aurora Veil|p1a: Shiver Tails\n|-sidestart|p1: Zovafire|move: Aurora Veil\n|\n|-weather|Snow|[upkeep]\n|upkeep\n|turn|2\n|\n|t:|1700231336\n|move|p1a: Shiver Tails|Moonblast|p2a: Lokix\n|-damage|p2a: Lokix|34\/100\n|move|p2a: Lokix|Brick Break|p1a: Shiver Tails\n|-sideend|p1: Zovafire|move: Aurora Veil\n|-damage|p1a: Shiver Tails|15\/100\n|-damage|p2a: Lokix|24\/100|[from] item: Life Orb\n|\n|-weather|Snow|[upkeep]\n|upkeep\n|turn|3\n|\n|t:|1700231347\n|move|p1a: Shiver Tails|Moonblast|p2a: Lokix\n|-damage|p2a: Lokix|0 fnt\n|faint|p2a: Lokix\n|\n|-weather|Snow|[upkeep]\n|upkeep\n|\n|t:|1700231350\n|switch|p2a: Goodra|Goodra-Hisui, F|100\/100\n|turn|4\n|\n|t:|1700231352\n|move|p2a: Goodra|Hyper Voice|p1a: Shiver Tails\n|-damage|p1a: Shiver Tails|0 fnt\n|faint|p1a: Shiver Tails\n|\n|-weather|Snow|[upkeep]\n|upkeep\n|\n|t:|1700231355\n|switch|p1a: Purring Mask|Meowscarada, F, shiny|100\/100\n|turn|5\n|\n|t:|1700231359\n|move|p1a: Purring Mask|Knock Off|p2a: Goodra\n|-start|p1a: Purring Mask|typechange|Dark|[from] ability: Protean\n|-supereffective|p2a: Goodra\n|-damage|p2a: Goodra|0 fnt\n|replace|p2a: Zoroark|Zoroark-Hisui, M\n|-end|p2a: Zoroark|Illusion\n|-enditem|p2a: Zoroark|Choice Scarf|[from] move: Knock Off|[of] p1a: Purring Mask\n|faint|p2a: Zoroark\n|\n|-weather|none\n|upkeep\n|\n|t:|1700231364\n|switch|p2a: Chesnaught|Chesnaught, M|100\/100\n|turn|6\n|\n|t:|1700231374\n|switch|p1a: Fungal Witch|Hatterene, F|100\/100\n|move|p2a: Chesnaught|Drain Punch|p1a: Fungal Witch\n|-resisted|p1a: Fungal Witch\n|-damage|p1a: Fungal Witch|95\/100\n|\n|-heal|p1a: Fungal Witch|100\/100|[from] item: Leftovers\n|upkeep\n|turn|7\n|\n|t:|1700231380\n|switch|p2a: Goodra|Goodra-Hisui, F|100\/100\n|move|p1a: Fungal Witch|Calm Mind|p1a: Fungal Witch\n|-boost|p1a: Fungal Witch|spa|1\n|-boost|p1a: Fungal Witch|spd|1\n|\n|upkeep\n|turn|8\n|\n|t:|1700231385\n|move|p2a: Goodra|Flash Cannon|p1a: Fungal Witch\n|-supereffective|p1a: Fungal Witch\n|-damage|p1a: Fungal Witch|47\/100\n|move|p1a: Fungal Witch|Nuzzle|p2a: Goodra\n|-resisted|p2a: Goodra\n|-damage|p2a: Goodra|99\/100\n|-status|p2a: Goodra|par\n|\n|-heal|p1a: Fungal Witch|53\/100|[from] item: Leftovers\n|upkeep\n|turn|9\n|\n|t:|1700231391\n|move|p1a: Fungal Witch|Calm Mind|p1a: Fungal Witch\n|-boost|p1a: Fungal Witch|spa|1\n|-boost|p1a: Fungal Witch|spd|1\n|move|p2a: Goodra|Flash Cannon|p1a: Fungal Witch\n|-supereffective|p1a: Fungal Witch\n|-damage|p1a: Fungal Witch|7\/100\n|\n|-heal|p1a: Fungal Witch|13\/100|[from] item: Leftovers\n|upkeep\n|turn|10\n|\n|t:|1700231395\n|move|p1a: Fungal Witch|Draining Kiss|p2a: Goodra\n|-damage|p2a: Goodra|80\/100 par\n|-heal|p1a: Fungal Witch|30\/100|[from] drain|[of] p2a: Goodra\n|move|p2a: Goodra|Flash Cannon|p1a: Fungal Witch\n|-supereffective|p1a: Fungal Witch\n|-damage|p1a: Fungal Witch|0 fnt\n|faint|p1a: Fungal Witch\n|\n|upkeep\n|\n|t:|1700231398\n|switch|p1a: Purring Mask|Meowscarada, F, shiny|100\/100\n|turn|11\n|\n|t:|1700231402\n|move|p1a: Purring Mask|Low Kick|p2a: Goodra\n|-start|p1a: Purring Mask|typechange|Fighting|[from] ability: Protean\n|-supereffective|p2a: Goodra\n|-damage|p2a: Goodra|0 fnt\n|faint|p2a: Goodra\n|\n|upkeep\n|\n|t:|1700231411\n|switch|p2a: Avalugg|Avalugg-Hisui, M|100\/100\n|turn|12\n|\n|t:|1700231415\n|switch|p1a: Great Tusk|Great Tusk|100\/100\n|-enditem|p1a: Great Tusk|Booster Energy\n|-activate|p1a: Great Tusk|ability: Protosynthesis|[fromitem]\n|-start|p1a: Great Tusk|protosynthesisspe\n|move|p2a: Avalugg|Icicle Spear|p1a: Great Tusk\n|-supereffective|p1a: Great Tusk\n|-damage|p1a: Great Tusk|84\/100\n|-supereffective|p1a: Great Tusk\n|-damage|p1a: Great Tusk|67\/100\n|-supereffective|p1a: Great Tusk\n|-damage|p1a: Great Tusk|47\/100\n|-supereffective|p1a: Great Tusk\n|-damage|p1a: Great Tusk|31\/100\n|-hitcount|p1a: Great Tusk|4\n|\n|upkeep\n|turn|13\n|\n|t:|1700231427\n|move|p1a: Great Tusk|Knock Off|p2a: Avalugg\n|-crit|p2a: Avalugg\n|-damage|p2a: Avalugg|79\/100\n|-enditem|p2a: Avalugg|Loaded Dice|[from] move: Knock Off|[of] p1a: Great Tusk\n|move|p2a: Avalugg|Icicle Spear|p1a: Great Tusk\n|-supereffective|p1a: Great Tusk\n|-damage|p1a: Great Tusk|14\/100\n|-supereffective|p1a: Great Tusk\n|-damage|p1a: Great Tusk|0 fnt\n|faint|p1a: Great Tusk\n|-end|p1a: Great Tusk|Protosynthesis|[silent]\n|-hitcount|p1: Great Tusk|2\n|\n|upkeep\n|\n|t:|1700231433\n|switch|p1a: Purring Mask|Meowscarada, F, shiny|100\/100\n|turn|14\n|\n|t:|1700231435\n|move|p1a: Purring Mask|Low Kick|p2a: Avalugg\n|-start|p1a: Purring Mask|typechange|Fighting|[from] ability: Protean\n|-supereffective|p2a: Avalugg\n|-crit|p2a: Avalugg\n|-damage|p2a: Avalugg|0 fnt\n|faint|p2a: Avalugg\n|\n|upkeep\n|\n|t:|1700231441\n|switch|p2a: Chesnaught|Chesnaught, M|100\/100\n|turn|15\n|\n|t:|1700231447\n|switch|p1a: Wellspring Cudgel|Ogerpon-Wellspring, F|100\/100\n|move|p2a: Chesnaught|Spikes|p1a: Wellspring Cudgel\n|-sidestart|p1: Zovafire|Spikes\n|\n|upkeep\n|turn|16\n|\n|t:|1700231451\n|move|p1a: Wellspring Cudgel|Encore|p2a: Chesnaught\n|-start|p2a: Chesnaught|Encore\n|move|p2a: Chesnaught|Spikes|p1a: Wellspring Cudgel\n|-sidestart|p1: Zovafire|Spikes\n|\n|upkeep\n|turn|17\n|\n|t:|1700231454\n|move|p1a: Wellspring Cudgel|Swords Dance|p1a: Wellspring Cudgel\n|-boost|p1a: Wellspring Cudgel|atk|2\n|move|p2a: Chesnaught|Spikes|p1a: Wellspring Cudgel\n|-sidestart|p1: Zovafire|Spikes\n|\n|upkeep\n|turn|18\n|\n|t:|1700231456\n|switch|p2a: Espeon|Espeon, M|100\/100\n|move|p1a: Wellspring Cudgel|Swords Dance|p1a: Wellspring Cudgel\n|-boost|p1a: Wellspring Cudgel|atk|2\n|\n|upkeep\n|turn|19\n|\n|t:|1700231464\n|move|p2a: Espeon|Psychic|p1a: Wellspring Cudgel\n|-damage|p1a: Wellspring Cudgel|42\/100\n|move|p1a: Wellspring Cudgel|Ivy Cudgel|p2a: Espeon|[anim] Ivy Cudgel Water\n|-enditem|p2a: Espeon|Focus Sash\n|-damage|p2a: Espeon|1\/100\n|\n|upkeep\n|turn|20\n|\n|t:|1700231470\n|-terastallize|p1a: Wellspring Cudgel|Water\n|detailschange|p1a: Wellspring Cudgel|Ogerpon-Wellspring-Tera, F, tera:Water\n|-ability|p1a: Wellspring Cudgel|Embody Aspect (Wellspring)|boost\n|-boost|p1a: Wellspring Cudgel|spd|1\n|move|p1a: Wellspring Cudgel|Ivy Cudgel|p2a: Espeon|[anim] Ivy Cudgel Water\n|-damage|p2a: Espeon|0 fnt\n|faint|p2a: Espeon\n|\n|upkeep\n|\n|t:|1700231477\n|switch|p2a: Chesnaught|Chesnaught, M|100\/100\n|turn|21\n|\n|t:|1700231482\n|move|p1a: Wellspring Cudgel|Ivy Cudgel|p2a: Chesnaught|[anim] Ivy Cudgel Water\n|-resisted|p2a: Chesnaught\n|-damage|p2a: Chesnaught|39\/100\n|move|p2a: Chesnaught|Roar|p1a: Wellspring Cudgel\n|drag|p1a: Iron Overlord|Kingambit, M|100\/100\n|-damage|p1a: Iron Overlord|76\/100|[from] Spikes\n|-activate|p1a: Iron Overlord|ability: Supreme Overlord\n|-start|p1a: Iron Overlord|fallen3|[silent]\n|\n|-heal|p1a: Iron Overlord|82\/100|[from] item: Leftovers\n|-heal|p2a: Chesnaught|45\/100|[from] item: Leftovers\n|upkeep\n|turn|22\n|\n|t:|1700231493\n|move|p1a: Iron Overlord|Iron Head|p2a: Chesnaught\n|-damage|p2a: Chesnaught|13\/100\n|move|p2a: Chesnaught|Drain Punch|p1a: Iron Overlord\n|-supereffective|p1a: Iron Overlord\n|-damage|p1a: Iron Overlord|0 fnt\n|-heal|p2a: Chesnaught|49\/100|[from] drain|[of] p1a: Iron Overlord\n|faint|p1a: Iron Overlord\n|-end|p1a: Iron Overlord|fallen3|[silent]\n|\n|-heal|p2a: Chesnaught|55\/100|[from] item: Leftovers\n|upkeep\n|\n|t:|1700231498\n|switch|p1a: Wellspring Cudgel|Ogerpon-Wellspring-Tera, F, tera:Water|42\/100\n|-damage|p1a: Wellspring Cudgel|17\/100|[from] Spikes\n|-ability|p1a: Wellspring Cudgel|Embody Aspect (Wellspring)|boost\n|-boost|p1a: Wellspring Cudgel|spd|1\n|turn|23\n|\n|t:|1700231503\n|move|p1a: Wellspring Cudgel|Encore|p2a: Chesnaught\n|-start|p2a: Chesnaught|Encore\n|move|p2a: Chesnaught|Drain Punch|p1a: Wellspring Cudgel\n|-crit|p1a: Wellspring Cudgel\n|-damage|p1a: Wellspring Cudgel|0 fnt\n|-heal|p2a: Chesnaught|62\/100|[from] drain|[of] p1a: Wellspring Cudgel\n|faint|p1a: Wellspring Cudgel\n|\n|-heal|p2a: Chesnaught|68\/100|[from] item: Leftovers\n|upkeep\n|\n|t:|1700231505\n|switch|p1a: Purring Mask|Meowscarada, F, shiny|100\/100\n|-damage|p1a: Purring Mask|76\/100|[from] Spikes\n|turn|24\n|\n|t:|1700231509\n|move|p1a: Purring Mask|Play Rough|p2a: Chesnaught\n|-start|p1a: Purring Mask|typechange|Fairy|[from] ability: Protean\n|-supereffective|p2a: Chesnaught\n|-damage|p2a: Chesnaught|23\/100\n|move|p2a: Chesnaught|Drain Punch|p1a: Purring Mask\n|-resisted|p1a: Purring Mask\n|-damage|p1a: Purring Mask|53\/100\n|-heal|p2a: Chesnaught|32\/100|[from] drain|[of] p1a: Purring Mask\n|\n|-heal|p2a: Chesnaught|38\/100|[from] item: Leftovers\n|upkeep\n|turn|25\n|\n|t:|1700231520\n|move|p1a: Purring Mask|Play Rough|p2a: Chesnaught\n|-supereffective|p2a: Chesnaught\n|-damage|p2a: Chesnaught|0 fnt\n|faint|p2a: Chesnaught\n|\n|win|Zovafire\n|raw|Zovafire's rating: 1419 &rarr; <strong>1436<\/strong><br \/>(+17 for winning)\n|raw|Phantamium's rating: 1368 &rarr; <strong>1351<\/strong><br \/>(-17 for losing)\n|l|\u2606Phantamium\n","uploadtime":1700231529,"views":30,"p1id":"zovafire","p2id":"phantamium","formatid":"gen9ou","rating":1351,"private":0,"password":""}