{"id":"gen9ou-1992702648","p1":"shakdaddy8","p2":"liaoya","format":"[Gen 9] OU","log":"|j|\u2606shakdaddy8\n|j|\u2606liaoya\n|t:|1700227048\n|gametype|singles\n|player|p1|shakdaddy8|101|1525\n|player|p2|liaoya|petrel|1579\n|teamsize|p1|6\n|teamsize|p2|6\n|gen|9\n|tier|[Gen 9] OU\n|rated|\n|rule|Sleep Clause Mod: Limit one foe put to sleep\n|rule|Species Clause: Limit one of each Pok\u00e9mon\n|rule|OHKO Clause: OHKO moves are banned\n|rule|Evasion Items Clause: Evasion items are banned\n|rule|Evasion Moves Clause: Evasion moves are banned\n|rule|Endless Battle Clause: Forcing endless battles is banned\n|rule|HP Percentage Mod: HP is shown in percentages\n|clearpoke\n|poke|p1|Dragonite, F|\n|poke|p1|Great Tusk|\n|poke|p1|Iron Moth|\n|poke|p1|Torkoal, M|\n|poke|p1|Ting-Lu|\n|poke|p1|Walking Wake|\n|poke|p2|Drifblim, F|\n|poke|p2|Garganacl, M|\n|poke|p2|Umbreon, M|\n|poke|p2|Rotom-Wash|\n|poke|p2|Glimmora, M|\n|poke|p2|Espeon, F|\n|teampreview\n|inactive|Battle timer is ON: inactive players will automatically lose when time's up. (requested by shakdaddy8)\n|\n|t:|1700227075\n|start\n|switch|p1a: Ting-Lu|Ting-Lu|100\/100\n|switch|p2a: Rotom|Rotom-Wash|100\/100\n|-ability|p1a: Ting-Lu|Vessel of Ruin\n|turn|1\n|\n|t:|1700227084\n|switch|p2a: Espeon|Espeon, F|100\/100\n|move|p1a: Ting-Lu|Stealth Rock|p2a: Espeon\n|move|p2a: Espeon|Stealth Rock|p1a: Ting-Lu|[from]ability: Magic Bounce\n|-sidestart|p1: shakdaddy8|move: Stealth Rock\n|\n|upkeep\n|turn|2\n|\n|t:|1700227104\n|move|p2a: Espeon|Trick|p1a: Ting-Lu\n|-activate|p2a: Espeon|move: Trick|[of] p1a: Ting-Lu\n|-item|p1a: Ting-Lu|Choice Scarf|[from] move: Trick\n|-item|p2a: Espeon|Leftovers|[from] move: Trick\n|move|p1a: Ting-Lu|Earthquake|p2a: Espeon\n|-damage|p2a: Espeon|62\/100\n|\n|-heal|p2a: Espeon|68\/100|[from] item: Leftovers\n|upkeep\n|turn|3\n|\n|t:|1700227114\n|switch|p2a: Rotom|Rotom-Wash|100\/100\n|move|p1a: Ting-Lu|Earthquake|p2a: Rotom\n|-immune|p2a: Rotom|[from] ability: Levitate\n|\n|upkeep\n|turn|4\n|\n|t:|1700227121\n|switch|p1a: Torkoal|Torkoal, M|100\/100\n|-damage|p1a: Torkoal|76\/100|[from] Stealth Rock\n|-weather|SunnyDay|[from] ability: Drought|[of] p1a: Torkoal\n|move|p2a: Rotom|Trick|p1a: Torkoal\n|-activate|p2a: Rotom|move: Trick|[of] p1a: Torkoal\n|-item|p1a: Torkoal|Choice Scarf|[from] move: Trick\n|-item|p2a: Rotom|Heat Rock|[from] move: Trick\n|\n|-weather|SunnyDay|[upkeep]\n|upkeep\n|turn|5\n|inactive|shakdaddy8 has 120 seconds left.\n|\n|t:|1700227158\n|move|p2a: Rotom|Volt Switch|p1a: Torkoal\n|-damage|p1a: Torkoal|35\/100\n|\n|t:|1700227165\n|switch|p2a: Garganacl|Garganacl, M, shiny|100\/100|[from] Volt Switch\n|move|p1a: Torkoal|Solar Beam||[still]\n|-prepare|p1a: Torkoal|Solar Beam\n|-anim|p1a: Torkoal|Solar Beam|p2a: Garganacl\n|-supereffective|p2a: Garganacl\n|-damage|p2a: Garganacl|53\/100\n|\n|-weather|SunnyDay|[upkeep]\n|-heal|p2a: Garganacl|59\/100|[from] item: Leftovers\n|upkeep\n|turn|6\n|inactive|shakdaddy8 has 120 seconds left.\n|\n|t:|1700227201\n|switch|p1a: Iron Moth|Iron Moth|100\/100\n|-damage|p1a: Iron Moth|76\/100|[from] Stealth Rock\n|-enditem|p1a: Iron Moth|Booster Energy\n|-activate|p1a: Iron Moth|ability: Quark Drive|[fromitem]\n|-start|p1a: Iron Moth|quarkdrivespa\n|-terastallize|p2a: Garganacl|Ghost\n|move|p2a: Garganacl|Recover|p2a: Garganacl\n|-heal|p2a: Garganacl|100\/100\n|\n|-weather|SunnyDay|[upkeep]\n|upkeep\n|turn|7\n|\n|t:|1700227204\n|move|p1a: Iron Moth|Fiery Dance|p2a: Garganacl\n|-damage|p2a: Garganacl|40\/100\n|move|p2a: Garganacl|Salt Cure|p1a: Iron Moth\n|-supereffective|p1a: Iron Moth\n|-damage|p1a: Iron Moth|26\/100\n|-start|p1a: Iron Moth|Salt Cure\n|\n|-weather|SunnyDay|[upkeep]\n|-heal|p2a: Garganacl|46\/100|[from] item: Leftovers\n|-damage|p1a: Iron Moth|13\/100|[from] Salt Cure\n|upkeep\n|turn|8\n|\n|t:|1700227217\n|switch|p2a: Rotom|Rotom-Wash|100\/100\n|move|p1a: Iron Moth|Fiery Dance|p2a: Rotom\n|-resisted|p2a: Rotom\n|-damage|p2a: Rotom|53\/100\n|-boost|p1a: Iron Moth|spa|1\n|\n|-weather|SunnyDay|[upkeep]\n|-damage|p1a: Iron Moth|1\/100|[from] Salt Cure\n|upkeep\n|turn|9\n|inactive|shakdaddy8 has 120 seconds left.\n|\n|t:|1700227225\n|move|p1a: Iron Moth|Fiery Dance|p2a: Rotom\n|-resisted|p2a: Rotom\n|-damage|p2a: Rotom|0 fnt\n|faint|p2a: Rotom\n|\n|-weather|SunnyDay|[upkeep]\n|-damage|p1a: Iron Moth|0 fnt|[from] Salt Cure\n|faint|p1a: Iron Moth\n|-end|p1a: Iron Moth|Quark Drive|[silent]\n|upkeep\n|\n|t:|1700227235\n|switch|p1a: Walking Wake|Walking Wake|100\/100\n|switch|p2a: Drifblim|Drifblim, F|100\/100\n|-damage|p1a: Walking Wake|88\/100|[from] Stealth Rock\n|-activate|p1a: Walking Wake|ability: Protosynthesis\n|-start|p1a: Walking Wake|protosynthesisspe\n|turn|10\n|\n|t:|1700227243\n|move|p1a: Walking Wake|Hydro Steam|p2a: Drifblim\n|-damage|p2a: Drifblim|0 fnt\n|faint|p2a: Drifblim\n|\n|-weather|SunnyDay|[upkeep]\n|upkeep\n|\n|t:|1700227248\n|switch|p2a: Umbreon|Umbreon, M, shiny|100\/100\n|turn|11\n|\n|t:|1700227268\n|-end|p1a: Walking Wake|Protosynthesis|[silent]\n|switch|p1a: Ting-Lu|Ting-Lu|100\/100\n|-damage|p1a: Ting-Lu|94\/100|[from] Stealth Rock\n|-ability|p1a: Ting-Lu|Vessel of Ruin\n|move|p2a: Umbreon|Wish|p2a: Umbreon\n|\n|-weather|none\n|upkeep\n|turn|12\n|\n|t:|1700227278\n|switch|p2a: Garganacl|Garganacl, M, shiny, tera:Ghost|46\/100\n|move|p1a: Ting-Lu|Earthquake|p2a: Garganacl\n|-damage|p2a: Garganacl|21\/100\n|\n|-heal|p2a: Garganacl|70\/100|[from] move: Wish|[wisher] Umbreon\n|-heal|p2a: Garganacl|76\/100|[from] item: Leftovers\n|upkeep\n|turn|13\n|\n|t:|1700227287\n|switch|p1a: Torkoal|Torkoal, M|35\/100\n|-damage|p1a: Torkoal|10\/100|[from] Stealth Rock\n|-weather|SunnyDay|[from] ability: Drought|[of] p1a: Torkoal\n|move|p2a: Garganacl|Salt Cure|p1a: Torkoal\n|-supereffective|p1a: Torkoal\n|-damage|p1a: Torkoal|0 fnt\n|faint|p1a: Torkoal\n|\n|-weather|SunnyDay|[upkeep]\n|-heal|p2a: Garganacl|82\/100|[from] item: Leftovers\n|upkeep\n|inactive|shakdaddy8 has 120 seconds left.\n|\n|t:|1700227334\n|switch|p1a: Walking Wake|Walking Wake|88\/100\n|-damage|p1a: Walking Wake|76\/100|[from] Stealth Rock\n|-activate|p1a: Walking Wake|ability: Protosynthesis\n|-start|p1a: Walking Wake|protosynthesisspe\n|turn|14\n|\n|t:|1700227340\n|switch|p2a: Espeon|Espeon, F|68\/100\n|move|p1a: Walking Wake|Draco Meteor|p2a: Espeon\n|-damage|p2a: Espeon|0 fnt\n|-unboost|p1a: Walking Wake|spa|2\n|faint|p2a: Espeon\n|\n|-weather|SunnyDay|[upkeep]\n|upkeep\n|\n|t:|1700227354\n|switch|p2a: Umbreon|Umbreon, M, shiny|100\/100\n|turn|15\n|\n|t:|1700227359\n|-end|p1a: Walking Wake|Protosynthesis|[silent]\n|switch|p1a: Great Tusk|Great Tusk|100\/100\n|-damage|p1a: Great Tusk|98\/100|[from] Stealth Rock\n|-activate|p1a: Great Tusk|ability: Protosynthesis\n|-start|p1a: Great Tusk|protosynthesisspe\n|move|p2a: Umbreon|Wish|p2a: Umbreon\n|\n|-weather|SunnyDay|[upkeep]\n|-heal|p1a: Great Tusk|100\/100|[from] item: Leftovers\n|upkeep\n|turn|16\n|\n|t:|1700227370\n|switch|p2a: Glimmora|Glimmora, M|100\/100\n|move|p1a: Great Tusk|Earthquake|p2a: Glimmora\n|-supereffective|p2a: Glimmora\n|-enditem|p2a: Glimmora|Focus Sash\n|-damage|p2a: Glimmora|1\/100\n|-activate|p2a: Glimmora|ability: Toxic Debris\n|-sidestart|p1: shakdaddy8|move: Toxic Spikes\n|\n|-weather|SunnyDay|[upkeep]\n|-heal|p2a: Glimmora|54\/100|[from] move: Wish|[wisher] Umbreon\n|upkeep\n|turn|17\n|\n|t:|1700227374\n|move|p1a: Great Tusk|Earthquake|p2a: Glimmora\n|-supereffective|p2a: Glimmora\n|-damage|p2a: Glimmora|0 fnt\n|-activate|p2a: Glimmora|ability: Toxic Debris\n|-sidestart|p1: shakdaddy8|move: Toxic Spikes\n|faint|p2a: Glimmora\n|\n|-weather|none\n|-end|p1a: Great Tusk|Protosynthesis\n|upkeep\n|\n|t:|1700227378\n|switch|p2a: Garganacl|Garganacl, M, shiny, tera:Ghost|82\/100\n|turn|18\n|\n|t:|1700227380\n|move|p1a: Great Tusk|Earthquake|p2a: Garganacl\n|-crit|p2a: Garganacl\n|-damage|p2a: Garganacl|38\/100\n|move|p2a: Garganacl|Iron Defense|p2a: Garganacl\n|-boost|p2a: Garganacl|def|2\n|\n|-heal|p2a: Garganacl|45\/100|[from] item: Leftovers\n|upkeep\n|turn|19\n|\n|t:|1700227398\n|move|p1a: Great Tusk|Earthquake|p2a: Garganacl\n|-damage|p2a: Garganacl|30\/100\n|move|p2a: Garganacl|Recover|p2a: Garganacl\n|-heal|p2a: Garganacl|80\/100\n|\n|-heal|p2a: Garganacl|87\/100|[from] item: Leftovers\n|upkeep\n|turn|20\n|c|\u2606shakdaddy8|bro\n|c|\u2606shakdaddy8|ur a chump\n|c|\u2606liaoya|gg\n|inactive|shakdaddy8 has 120 seconds left.\n|\n|t:|1700227431\n|-end|p1a: Great Tusk|Protosynthesis|[silent]\n|switch|p1a: Ting-Lu|Ting-Lu|94\/100\n|-damage|p1a: Ting-Lu|88\/100|[from] Stealth Rock\n|-status|p1a: Ting-Lu|tox\n|-ability|p1a: Ting-Lu|Vessel of Ruin\n|move|p2a: Garganacl|Iron Defense|p2a: Garganacl\n|-boost|p2a: Garganacl|def|2\n|\n|-heal|p2a: Garganacl|93\/100|[from] item: Leftovers\n|-damage|p1a: Ting-Lu|82\/100 tox|[from] psn\n|upkeep\n|turn|21\n|inactive|shakdaddy8 has 120 seconds left.\n|c|\u2606liaoya|Kirov rising!\n|c|\u2606liaoya|I am loyal to Yuri\n|\n|t:|1700227451\n|move|p2a: Garganacl|Salt Cure|p1a: Ting-Lu\n|-resisted|p1a: Ting-Lu\n|-damage|p1a: Ting-Lu|78\/100 tox\n|-start|p1a: Ting-Lu|Salt Cure\n|move|p1a: Ting-Lu|Whirlwind|p2a: Garganacl\n|drag|p2a: Umbreon|Umbreon, M, shiny|100\/100\n|\n|-damage|p1a: Ting-Lu|65\/100 tox|[from] psn\n|-damage|p1a: Ting-Lu|53\/100 tox|[from] Salt Cure\n|upkeep\n|turn|22\n|inactive|shakdaddy8 has 120 seconds left.\n|\n|t:|1700227469\n|switch|p1a: Walking Wake|Walking Wake|76\/100\n|-damage|p1a: Walking Wake|64\/100|[from] Stealth Rock\n|-status|p1a: Walking Wake|tox\n|switch|p2a: Garganacl|Garganacl, M, shiny, tera:Ghost|93\/100\n|\n|-heal|p2a: Garganacl|99\/100|[from] item: Leftovers\n|-damage|p1a: Walking Wake|58\/100 tox|[from] psn\n|upkeep\n|turn|23\n|inactive|shakdaddy8 has 120 seconds left.\n|\n|t:|1700227479\n|move|p1a: Walking Wake|Draco Meteor|p2a: Garganacl\n|-damage|p2a: Garganacl|30\/100\n|-unboost|p1a: Walking Wake|spa|2\n|move|p2a: Garganacl|Recover|p2a: Garganacl\n|-heal|p2a: Garganacl|80\/100\n|\n|-heal|p2a: Garganacl|86\/100|[from] item: Leftovers\n|-damage|p1a: Walking Wake|45\/100 tox|[from] psn\n|upkeep\n|turn|24\n|inactive|shakdaddy8 has 120 seconds left.\n|\n|t:|1700227495\n|-end|p1a: Walking Wake|Protosynthesis|[silent]\n|switch|p1a: Ting-Lu|Ting-Lu|53\/100 tox\n|-damage|p1a: Ting-Lu|47\/100 tox|[from] Stealth Rock\n|-ability|p1a: Ting-Lu|Vessel of Ruin\n|move|p2a: Garganacl|Iron Defense|p2a: Garganacl\n|-boost|p2a: Garganacl|def|2\n|\n|-heal|p2a: Garganacl|92\/100|[from] item: Leftovers\n|-damage|p1a: Ting-Lu|41\/100 tox|[from] psn\n|upkeep\n|turn|25\n|c|\u2606liaoya|Give me strength, Yuri!\n|\n|t:|1700227504\n|move|p1a: Ting-Lu|Stealth Rock|p2a: Garganacl\n|-sidestart|p2: liaoya|move: Stealth Rock\n|move|p2a: Garganacl|Salt Cure|p1a: Ting-Lu\n|-resisted|p1a: Ting-Lu\n|-damage|p1a: Ting-Lu|36\/100 tox\n|-start|p1a: Ting-Lu|Salt Cure\n|\n|-heal|p2a: Garganacl|98\/100|[from] item: Leftovers\n|-damage|p1a: Ting-Lu|24\/100 tox|[from] psn\n|-damage|p1a: Ting-Lu|12\/100 tox|[from] Salt Cure\n|upkeep\n|turn|26\n|inactive|shakdaddy8 has 120 seconds left.\n|\n|t:|1700227524\n|switch|p1a: Great Tusk|Great Tusk|100\/100\n|-damage|p1a: Great Tusk|98\/100|[from] Stealth Rock\n|-status|p1a: Great Tusk|tox\n|move|p2a: Garganacl|Iron Defense|p2a: Garganacl\n|-boost|p2a: Garganacl|def|2\n|\n|-heal|p1a: Great Tusk|100\/100 tox|[from] item: Leftovers\n|-heal|p2a: Garganacl|100\/100|[from] item: Leftovers\n|-damage|p1a: Great Tusk|94\/100 tox|[from] psn\n|upkeep\n|turn|27\n|\n|t:|1700227528\n|move|p1a: Great Tusk|Earthquake|p2a: Garganacl\n|-damage|p2a: Garganacl|91\/100\n|move|p2a: Garganacl|Salt Cure|p1a: Great Tusk\n|-resisted|p1a: Great Tusk\n|-damage|p1a: Great Tusk|92\/100 tox\n|-start|p1a: Great Tusk|Salt Cure\n|\n|-heal|p1a: Great Tusk|98\/100 tox|[from] item: Leftovers\n|-heal|p2a: Garganacl|98\/100|[from] item: Leftovers\n|-damage|p1a: Great Tusk|86\/100 tox|[from] psn\n|-damage|p1a: Great Tusk|74\/100 tox|[from] Salt Cure\n|upkeep\n|turn|28\n|\n|t:|1700227532\n|move|p1a: Great Tusk|Earthquake|p2a: Garganacl\n|-damage|p2a: Garganacl|88\/100\n|move|p2a: Garganacl|Body Press|p1a: Great Tusk\n|-damage|p1a: Great Tusk|33\/100 tox\n|\n|-heal|p1a: Great Tusk|39\/100 tox|[from] item: Leftovers\n|-heal|p2a: Garganacl|94\/100|[from] item: Leftovers\n|-damage|p1a: Great Tusk|21\/100 tox|[from] psn\n|-damage|p1a: Great Tusk|8\/100 tox|[from] Salt Cure\n|upkeep\n|turn|29\n|\n|t:|1700227535\n|move|p1a: Great Tusk|Earthquake|p2a: Garganacl\n|-damage|p2a: Garganacl|84\/100\n|move|p2a: Garganacl|Recover|p2a: Garganacl\n|-heal|p2a: Garganacl|100\/100\n|\n|-heal|p1a: Great Tusk|15\/100 tox|[from] item: Leftovers\n|-damage|p1a: Great Tusk|0 fnt|[from] psn\n|faint|p1a: Great Tusk\n|-end|p1a: Great Tusk|Protosynthesis|[silent]\n|upkeep\n|\n|t:|1700227538\n|switch|p1a: Ting-Lu|Ting-Lu|12\/100 tox\n|-damage|p1a: Ting-Lu|5\/100 tox|[from] Stealth Rock\n|-ability|p1a: Ting-Lu|Vessel of Ruin\n|turn|30\n|\n|t:|1700227542\n|move|p2a: Garganacl|Body Press|p1a: Ting-Lu\n|-supereffective|p1a: Ting-Lu\n|-damage|p1a: Ting-Lu|0 fnt\n|faint|p1a: Ting-Lu\n|\n|upkeep\n|\n|t:|1700227547\n|switch|p1a: Dragonite|Dragonite, F|100\/100\n|turn|31\n|\n|t:|1700227554\n|move|p1a: Dragonite|Dragon Dance|p1a: Dragonite\n|-boost|p1a: Dragonite|atk|1\n|-boost|p1a: Dragonite|spe|1\n|move|p2a: Garganacl|Salt Cure|p1a: Dragonite\n|-supereffective|p1a: Dragonite\n|-damage|p1a: Dragonite|85\/100\n|-start|p1a: Dragonite|Salt Cure\n|\n|-damage|p1a: Dragonite|73\/100|[from] Salt Cure\n|upkeep\n|turn|32\n|\n|t:|1700227558\n|move|p1a: Dragonite|Dragon Dance|p1a: Dragonite\n|-boost|p1a: Dragonite|atk|1\n|-boost|p1a: Dragonite|spe|1\n|move|p2a: Garganacl|Body Press|p1a: Dragonite\n|-resisted|p1a: Dragonite\n|-damage|p1a: Dragonite|36\/100\n|\n|-damage|p1a: Dragonite|24\/100|[from] Salt Cure\n|upkeep\n|turn|33\n|\n|t:|1700227570\n|move|p1a: Dragonite|Earthquake|p2a: Garganacl\n|-damage|p2a: Garganacl|81\/100\n|move|p2a: Garganacl|Recover|p2a: Garganacl\n|-heal|p2a: Garganacl|100\/100\n|\n|-damage|p1a: Dragonite|11\/100|[from] Salt Cure\n|upkeep\n|turn|34\n|\n|t:|1700227575\n|move|p1a: Dragonite|Earthquake|p2a: Garganacl\n|-damage|p2a: Garganacl|82\/100\n|move|p2a: Garganacl|Salt Cure|p1a: Dragonite\n|-supereffective|p1a: Dragonite\n|-damage|p1a: Dragonite|0 fnt\n|faint|p1a: Dragonite\n|\n|-heal|p2a: Garganacl|88\/100|[from] item: Leftovers\n|upkeep\n|\n|t:|1700227578\n|switch|p1a: Walking Wake|Walking Wake|45\/100 tox\n|-damage|p1a: Walking Wake|33\/100 tox|[from] Stealth Rock\n|turn|35\n|\n|t:|1700227585\n|move|p1a: Walking Wake|Dragon Pulse|p2a: Garganacl\n|-damage|p2a: Garganacl|43\/100\n|move|p2a: Garganacl|Recover|p2a: Garganacl\n|-heal|p2a: Garganacl|93\/100\n|\n|-heal|p2a: Garganacl|99\/100|[from] item: Leftovers\n|-damage|p1a: Walking Wake|27\/100 tox|[from] psn\n|upkeep\n|turn|36\n|\n|t:|1700227588\n|move|p1a: Walking Wake|Dragon Pulse|p2a: Garganacl\n|-damage|p2a: Garganacl|55\/100\n|move|p2a: Garganacl|Salt Cure|p1a: Walking Wake\n|-damage|p1a: Walking Wake|11\/100 tox\n|-start|p1a: Walking Wake|Salt Cure\n|\n|-heal|p2a: Garganacl|61\/100|[from] item: Leftovers\n|-damage|p1a: Walking Wake|0 fnt|[from] psn\n|faint|p1a: Walking Wake\n|-end|p1a: Walking Wake|Protosynthesis|[silent]\n|\n|win|liaoya\n|upkeep\n|raw|shakdaddy8's rating: 1525 &rarr; <strong>1508<\/strong><br \/>(-17 for losing)\n|raw|liaoya's rating: 1579 &rarr; <strong>1596<\/strong><br \/>(+17 for winning)\n","uploadtime":1700227592,"views":8,"p1id":"shakdaddy8","p2id":"liaoya","formatid":"gen9ou","rating":1508,"private":0,"password":""}