{"id":"gen9ou-1994025931","p1":"Zinner02","p2":"enCuarentena","format":"[Gen 9] OU","log":"|j|\u2606Zinner02\n|j|\u2606enCuarentena\n|t:|1700395849\n|gametype|singles\n|player|p1|Zinner02|hilda-wonderlauncher|1207\n|player|p2|enCuarentena|pokemaniac|1159\n|teamsize|p1|6\n|teamsize|p2|6\n|gen|9\n|tier|[Gen 9] OU\n|rated|\n|rule|Sleep Clause Mod: Limit one foe put to sleep\n|rule|Species Clause: Limit one of each Pok\u00e9mon\n|rule|OHKO Clause: OHKO moves are banned\n|rule|Evasion Items Clause: Evasion items are banned\n|rule|Evasion Moves Clause: Evasion moves are banned\n|rule|Endless Battle Clause: Forcing endless battles is banned\n|rule|HP Percentage Mod: HP is shown in percentages\n|clearpoke\n|poke|p1|Cinderace, F|\n|poke|p1|Landorus-Therian, M|\n|poke|p1|Jolteon, M|\n|poke|p1|Dragapult, F|\n|poke|p1|Grimmsnarl, M|\n|poke|p1|Grafaiai, M|\n|poke|p2|Torkoal, F|\n|poke|p2|Walking Wake|\n|poke|p2|Lilligant-Hisui, F|\n|poke|p2|Great Tusk|\n|poke|p2|Ceruledge, M|\n|poke|p2|Slowking-Galar, F|\n|teampreview\n|\n|t:|1700395853\n|start\n|switch|p1a: OU forever|Landorus-Therian, M|100\/100\n|switch|p2a: Torkoal|Torkoal, F|100\/100\n|-ability|p1a: OU forever|Intimidate|boost\n|-unboost|p2a: Torkoal|atk|1\n|-weather|SunnyDay|[from] ability: Drought|[of] p2a: Torkoal\n|turn|1\n|inactive|Battle timer is ON: inactive players will automatically lose when time's up. (requested by enCuarentena)\n|\n|t:|1700395859\n|switch|p2a: Great Tusk|Great Tusk|100\/100\n|-activate|p2a: Great Tusk|ability: Protosynthesis\n|-start|p2a: Great Tusk|protosynthesisspe\n|move|p1a: OU forever|Stealth Rock|p2a: Great Tusk\n|-sidestart|p2: enCuarentena|move: Stealth Rock\n|\n|-weather|SunnyDay|[upkeep]\n|upkeep\n|turn|2\n|\n|t:|1700395866\n|switch|p1a: Dragaput*s|Dragapult, F|100\/100\n|move|p2a: Great Tusk|Knock Off|p1a: Dragaput*s\n|-supereffective|p1a: Dragaput*s\n|-damage|p1a: Dragaput*s|28\/100\n|-enditem|p1a: Dragaput*s|Choice Specs|[from] move: Knock Off|[of] p2a: Great Tusk\n|\n|-weather|SunnyDay|[upkeep]\n|upkeep\n|turn|3\n|\n|t:|1700395876\n|move|p2a: Great Tusk|Knock Off|p1a: Dragaput*s\n|-supereffective|p1a: Dragaput*s\n|-damage|p1a: Dragaput*s|0 fnt\n|faint|p1a: Dragaput*s\n|\n|-weather|SunnyDay|[upkeep]\n|upkeep\n|\n|t:|1700395884\n|switch|p1a: OU forever|Landorus-Therian, M|100\/100\n|-ability|p1a: OU forever|Intimidate|boost\n|-unboost|p2a: Great Tusk|atk|1\n|turn|4\n|\n|t:|1700395887\n|move|p2a: Great Tusk|Knock Off|p1a: OU forever\n|-damage|p1a: OU forever|80\/100\n|-damage|p2a: Great Tusk|84\/100|[from] item: Rocky Helmet|[of] p1a: OU forever\n|-enditem|p1a: OU forever|Rocky Helmet|[from] move: Knock Off|[of] p2a: Great Tusk\n|move|p1a: OU forever|U-turn|p2a: Great Tusk\n|-resisted|p2a: Great Tusk\n|-damage|p2a: Great Tusk|76\/100\n|\n|t:|1700395897\n|switch|p1a: Grafitar|Grafaiai, M|100\/100|[from] U-turn\n|\n|-weather|SunnyDay|[upkeep]\n|upkeep\n|turn|5\n|\n|t:|1700395911\n|move|p1a: Grafitar|Parting Shot|p2a: Great Tusk\n|-unboost|p2a: Great Tusk|atk|1\n|-unboost|p2a: Great Tusk|spa|1\n|\n|t:|1700395915\n|switch|p1a: GrimmsNardo|Grimmsnarl, M|100\/100|[from] Parting Shot\n|move|p2a: Great Tusk|Rapid Spin|p1a: GrimmsNardo\n|-damage|p1a: GrimmsNardo|91\/100\n|-boost|p2a: Great Tusk|spe|1\n|-sideend|p2: enCuarentena|Stealth Rock|[from] move: Rapid Spin|[of] p2a: Great Tusk\n|\n|-weather|SunnyDay|[upkeep]\n|upkeep\n|turn|6\n|\n|t:|1700395922\n|-end|p2a: Great Tusk|Protosynthesis|[silent]\n|switch|p2a: Slowking|Slowking-Galar, F|100\/100\n|move|p1a: GrimmsNardo|Reflect|p1a: GrimmsNardo\n|-sidestart|p1: Zinner02|Reflect\n|\n|-weather|SunnyDay|[upkeep]\n|upkeep\n|turn|7\n|\n|t:|1700395933\n|move|p1a: GrimmsNardo|Light Screen|p1a: GrimmsNardo\n|-sidestart|p1: Zinner02|move: Light Screen\n|move|p2a: Slowking|Sludge Bomb|p1a: GrimmsNardo\n|-supereffective|p1a: GrimmsNardo\n|-damage|p1a: GrimmsNardo|68\/100\n|\n|-weather|SunnyDay|[upkeep]\n|upkeep\n|turn|8\n|\n|t:|1700395943\n|move|p1a: GrimmsNardo|Parting Shot|p2a: Slowking\n|-unboost|p2a: Slowking|atk|1\n|-unboost|p2a: Slowking|spa|1\n|\n|t:|1700395947\n|switch|p1a: Grafitar|Grafaiai, M|100\/100|[from] Parting Shot\n|move|p2a: Slowking|Sludge Bomb|p1a: Grafitar\n|-resisted|p1a: Grafitar\n|-damage|p1a: Grafitar|93\/100\n|\n|-weather|none\n|-heal|p1a: Grafitar|99\/100|[from] item: Leftovers\n|upkeep\n|turn|9\n|\n|t:|1700395957\n|move|p1a: Grafitar|Knock Off|p2a: Slowking\n|-supereffective|p2a: Slowking\n|-damage|p2a: Slowking|71\/100\n|-enditem|p2a: Slowking|Black Sludge|[from] move: Knock Off|[of] p1a: Grafitar\n|move|p2a: Slowking|Chilly Reception|p2a: Slowking\n|-weather|Snow\n|\n|t:|1700395964\n|switch|p2a: Torkoal|Torkoal, F|100\/100|[from] Chilly Reception\n|-weather|SunnyDay|[from] ability: Drought|[of] p2a: Torkoal\n|\n|-weather|SunnyDay|[upkeep]\n|-heal|p1a: Grafitar|100\/100|[from] item: Leftovers\n|upkeep\n|turn|10\n|\n|t:|1700395975\n|switch|p2a: Great Tusk|Great Tusk|76\/100\n|-activate|p2a: Great Tusk|ability: Protosynthesis\n|-start|p2a: Great Tusk|protosynthesisspe\n|move|p1a: Grafitar|Taunt|p2a: Great Tusk\n|-start|p2a: Great Tusk|move: Taunt\n|\n|-weather|SunnyDay|[upkeep]\n|upkeep\n|turn|11\n|\n|t:|1700395986\n|move|p1a: Grafitar|Parting Shot|p2a: Great Tusk\n|-unboost|p2a: Great Tusk|atk|1\n|-unboost|p2a: Great Tusk|spa|1\n|\n|t:|1700395990\n|switch|p1a: OU forever|Landorus-Therian, M|80\/100|[from] Parting Shot\n|-ability|p1a: OU forever|Intimidate|boost\n|-unboost|p2a: Great Tusk|atk|1\n|move|p2a: Great Tusk|Ice Spinner|p1a: OU forever\n|-supereffective|p1a: OU forever\n|-damage|p1a: OU forever|53\/100\n|\n|-weather|SunnyDay|[upkeep]\n|upkeep\n|turn|12\n|\n|t:|1700396005\n|move|p2a: Great Tusk|Ice Spinner|p1a: OU forever\n|-supereffective|p1a: OU forever\n|-damage|p1a: OU forever|27\/100\n|move|p1a: OU forever|Grass Knot|p2a: Great Tusk\n|-supereffective|p2a: Great Tusk\n|-damage|p2a: Great Tusk|24\/100\n|\n|-weather|SunnyDay|[upkeep]\n|-end|p2a: Great Tusk|move: Taunt\n|upkeep\n|turn|13\n|\n|t:|1700396019\n|-end|p2a: Great Tusk|Protosynthesis|[silent]\n|switch|p2a: Lilligant|Lilligant-Hisui, F|100\/100\n|switch|p1a: GrimmsNardo|Grimmsnarl, M|68\/100\n|\n|-weather|SunnyDay|[upkeep]\n|-sideend|p1: Zinner02|Reflect\n|upkeep\n|turn|14\n|\n|t:|1700396027\n|move|p1a: GrimmsNardo|Reflect|p1a: GrimmsNardo\n|-sidestart|p1: Zinner02|Reflect\n|move|p2a: Lilligant|Solar Blade||[still]\n|-prepare|p2a: Lilligant|Solar Blade\n|-anim|p2a: Lilligant|Solar Blade|p1a: GrimmsNardo\n|-damage|p1a: GrimmsNardo|29\/100\n|\n|-weather|SunnyDay|[upkeep]\n|-sideend|p1: Zinner02|move: Light Screen\n|upkeep\n|turn|15\n|\n|t:|1700396035\n|move|p1a: GrimmsNardo|Parting Shot|p2a: Lilligant\n|-unboost|p2a: Lilligant|atk|1\n|-unboost|p2a: Lilligant|spa|1\n|\n|t:|1700396038\n|switch|p1a: Grafitar|Grafaiai, M|100\/100|[from] Parting Shot\n|move|p2a: Lilligant|Solar Blade||[still]\n|-prepare|p2a: Lilligant|Solar Blade\n|-anim|p2a: Lilligant|Solar Blade|p1a: Grafitar\n|-resisted|p1a: Grafitar\n|-damage|p1a: Grafitar|87\/100\n|\n|-weather|SunnyDay|[upkeep]\n|-heal|p1a: Grafitar|93\/100|[from] item: Leftovers\n|upkeep\n|turn|16\n|\n|t:|1700396050\n|switch|p2a: Slowking|Slowking-Galar, F|100\/100\n|move|p1a: Grafitar|Copycat|p1a: Grafitar\n|move|p1a: Grafitar|Solar Blade||[from]move: Copycat|[still]\n|-prepare|p1a: Grafitar|Solar Blade\n|-anim|p1a: Grafitar|Solar Blade|p2a: Slowking\n|-resisted|p2a: Slowking\n|-damage|p2a: Slowking|91\/100\n|\n|-weather|none\n|-heal|p1a: Grafitar|99\/100|[from] item: Leftovers\n|upkeep\n|turn|17\n|\n|t:|1700396065\n|move|p1a: Grafitar|Taunt|p2a: Slowking\n|-start|p2a: Slowking|move: Taunt\n|cant|p2a: Slowking|move: Taunt|Chilly Reception\n|\n|-heal|p1a: Grafitar|100\/100|[from] item: Leftovers\n|upkeep\n|turn|18\n|\n|t:|1700396073\n|move|p1a: Grafitar|Parting Shot|p2a: Slowking\n|-unboost|p2a: Slowking|atk|1\n|-unboost|p2a: Slowking|spa|1\n|\n|t:|1700396077\n|switch|p1a: GrimmsNardo|Grimmsnarl, M|29\/100|[from] Parting Shot\n|move|p2a: Slowking|Future Sight|p1a: GrimmsNardo\n|-start|p2a: Slowking|move: Future Sight\n|\n|upkeep\n|turn|19\n|\n|t:|1700396083\n|move|p1a: GrimmsNardo|Light Screen|p1a: GrimmsNardo\n|-sidestart|p1: Zinner02|move: Light Screen\n|move|p2a: Slowking|Sludge Bomb|p1a: GrimmsNardo\n|-supereffective|p1a: GrimmsNardo\n|-damage|p1a: GrimmsNardo|13\/100\n|\n|-end|p2a: Slowking|move: Taunt\n|upkeep\n|turn|20\n|\n|t:|1700396092\n|move|p1a: GrimmsNardo|Parting Shot|p2a: Slowking\n|-unboost|p2a: Slowking|atk|1\n|-unboost|p2a: Slowking|spa|1\n|\n|t:|1700396099\n|switch|p1a: OU forever|Landorus-Therian, M|27\/100|[from] Parting Shot\n|-ability|p1a: OU forever|Intimidate|boost\n|-unboost|p2a: Slowking|atk|1\n|move|p2a: Slowking|Sludge Bomb|p1a: OU forever\n|-resisted|p1a: OU forever\n|-damage|p1a: OU forever|21\/100\n|\n|-end|p1a: OU forever|move: Future Sight\n|-damage|p1a: OU forever|5\/100\n|upkeep\n|turn|21\n|\n|t:|1700396113\n|move|p1a: OU forever|U-turn|p2a: Slowking\n|-crit|p2a: Slowking\n|-damage|p2a: Slowking|61\/100\n|\n|t:|1700396123\n|switch|p1a: Grafitar|Grafaiai, M|100\/100|[from] U-turn\n|move|p2a: Slowking|Chilly Reception|p2a: Slowking\n|-weather|Snow\n|\n|t:|1700396134\n|switch|p2a: Torkoal|Torkoal, F|100\/100|[from] Chilly Reception\n|-weather|SunnyDay|[from] ability: Drought|[of] p2a: Torkoal\n|\n|-weather|SunnyDay|[upkeep]\n|-sideend|p1: Zinner02|Reflect\n|upkeep\n|turn|22\n|\n|t:|1700396152\n|switch|p2a: Great Tusk|Great Tusk|24\/100\n|-activate|p2a: Great Tusk|ability: Protosynthesis\n|-start|p2a: Great Tusk|protosynthesisspe\n|move|p1a: Grafitar|Knock Off|p2a: Great Tusk\n|-resisted|p2a: Great Tusk\n|-damage|p2a: Great Tusk|18\/100\n|-enditem|p2a: Great Tusk|Assault Vest|[from] move: Knock Off|[of] p1a: Grafitar\n|\n|-weather|SunnyDay|[upkeep]\n|upkeep\n|turn|23\n|\n|t:|1700396170\n|move|p1a: Grafitar|Parting Shot|p2a: Great Tusk\n|-unboost|p2a: Great Tusk|atk|1\n|-unboost|p2a: Great Tusk|spa|1\n|\n|t:|1700396173\n|switch|p1a: GrimmsNardo|Grimmsnarl, M|13\/100|[from] Parting Shot\n|move|p2a: Great Tusk|Knock Off|p1a: GrimmsNardo\n|-resisted|p1a: GrimmsNardo\n|-damage|p1a: GrimmsNardo|7\/100\n|-enditem|p1a: GrimmsNardo|Light Clay|[from] move: Knock Off|[of] p2a: Great Tusk\n|\n|-weather|SunnyDay|[upkeep]\n|upkeep\n|turn|24\n|\n|t:|1700396182\n|move|p1a: GrimmsNardo|Parting Shot|p2a: Great Tusk\n|-unboost|p2a: Great Tusk|atk|1\n|-unboost|p2a: Great Tusk|spa|1\n|\n|t:|1700396186\n|switch|p1a: Grafitar|Grafaiai, M|100\/100|[from] Parting Shot\n|move|p2a: Great Tusk|Earthquake|p1a: Grafitar\n|-supereffective|p1a: Grafitar\n|-damage|p1a: Grafitar|40\/100\n|\n|-weather|SunnyDay|[upkeep]\n|-heal|p1a: Grafitar|47\/100|[from] item: Leftovers\n|upkeep\n|turn|25\n|\n|t:|1700396195\n|move|p1a: Grafitar|Copycat|p1a: Grafitar\n|move|p1a: Grafitar|Earthquake|p2a: Great Tusk|[from]move: Copycat\n|-damage|p2a: Great Tusk|4\/100\n|move|p2a: Great Tusk|Knock Off|p1a: Grafitar\n|-damage|p1a: Grafitar|26\/100\n|-enditem|p1a: Grafitar|Leftovers|[from] move: Knock Off|[of] p2a: Great Tusk\n|\n|-weather|SunnyDay|[upkeep]\n|upkeep\n|turn|26\n|\n|t:|1700396209\n|-end|p2a: Great Tusk|Protosynthesis|[silent]\n|switch|p2a: Lilligant|Lilligant-Hisui, F|100\/100\n|move|p1a: Grafitar|Parting Shot|p2a: Lilligant\n|-unboost|p2a: Lilligant|atk|1\n|-unboost|p2a: Lilligant|spa|1\n|\n|t:|1700396217\n|switch|p1a: OU forever|Landorus-Therian, M|5\/100|[from] Parting Shot\n|-ability|p1a: OU forever|Intimidate|boost\n|-unboost|p2a: Lilligant|atk|1\n|\n|-weather|SunnyDay|[upkeep]\n|-sideend|p1: Zinner02|move: Light Screen\n|upkeep\n|turn|27\n|\n|t:|1700396223\n|move|p2a: Lilligant|Close Combat|p1a: OU forever\n|-resisted|p1a: OU forever\n|-damage|p1a: OU forever|0 fnt\n|-unboost|p2a: Lilligant|def|1\n|-unboost|p2a: Lilligant|spd|1\n|faint|p1a: OU forever\n|\n|-weather|SunnyDay|[upkeep]\n|upkeep\n|\n|t:|1700396228\n|switch|p1a: GrimmsNardo|Grimmsnarl, M|7\/100\n|turn|28\n|\n|t:|1700396236\n|move|p1a: GrimmsNardo|Reflect|p1a: GrimmsNardo\n|-sidestart|p1: Zinner02|Reflect\n|move|p2a: Lilligant|Solar Blade||[still]\n|-prepare|p2a: Lilligant|Solar Blade\n|-anim|p2a: Lilligant|Solar Blade|p1a: GrimmsNardo\n|-damage|p1a: GrimmsNardo|0 fnt\n|faint|p1a: GrimmsNardo\n|\n|-weather|none\n|upkeep\n|\n|t:|1700396246\n|switch|p1a: Siuuu|Cinderace, F|100\/100\n|turn|29\n|\n|t:|1700396250\n|switch|p2a: Torkoal|Torkoal, F|100\/100\n|-weather|SunnyDay|[from] ability: Drought|[of] p2a: Torkoal\n|move|p1a: Siuuu|Pyro Ball|p2a: Torkoal\n|-resisted|p2a: Torkoal\n|-damage|p2a: Torkoal|78\/100\n|\n|-weather|SunnyDay|[upkeep]\n|upkeep\n|turn|30\n|\n|t:|1700396260\n|move|p1a: Siuuu|Pyro Ball|p2a: Torkoal\n|-resisted|p2a: Torkoal\n|-damage|p2a: Torkoal|52\/100\n|move|p2a: Torkoal|Yawn|p1a: Siuuu\n|-start|p1a: Siuuu|move: Yawn|[of] p2a: Torkoal\n|\n|-weather|SunnyDay|[upkeep]\n|upkeep\n|turn|31\n|\n|t:|1700396267\n|move|p1a: Siuuu|U-turn|p2a: Torkoal\n|-start|p1a: Siuuu|typechange|Bug|[from] ability: Libero\n|-resisted|p2a: Torkoal\n|-damage|p2a: Torkoal|43\/100\n|\n|t:|1700396271\n|switch|p1a: Grafitar|Grafaiai, M|26\/100|[from] U-turn\n|move|p2a: Torkoal|Stealth Rock|p1a: Grafitar\n|-sidestart|p1: Zinner02|move: Stealth Rock\n|\n|-weather|SunnyDay|[upkeep]\n|upkeep\n|turn|32\n|\n|t:|1700396280\n|switch|p2a: Lilligant|Lilligant-Hisui, F|100\/100\n|move|p1a: Grafitar|Copycat|p1a: Grafitar\n|move|p1a: Grafitar|Stealth Rock|p2a: Lilligant|[from]move: Copycat\n|-sidestart|p2: enCuarentena|move: Stealth Rock\n|\n|-weather|SunnyDay|[upkeep]\n|-sideend|p1: Zinner02|Reflect\n|upkeep\n|turn|33\n|\n|t:|1700396291\n|move|p1a: Grafitar|Parting Shot|p2a: Lilligant\n|-unboost|p2a: Lilligant|atk|1\n|-unboost|p2a: Lilligant|spa|1\n|\n|t:|1700396295\n|switch|p1a: Siuuu|Cinderace, F|100\/100|[from] Parting Shot\n|move|p2a: Lilligant|Close Combat|p1a: Siuuu\n|-damage|p1a: Siuuu|41\/100\n|-unboost|p2a: Lilligant|def|1\n|-unboost|p2a: Lilligant|spd|1\n|\n|-weather|SunnyDay|[upkeep]\n|upkeep\n|turn|34\n|\n|t:|1700396303\n|move|p2a: Lilligant|Close Combat|p1a: Siuuu\n|-damage|p1a: Siuuu|0 fnt\n|-unboost|p2a: Lilligant|def|1\n|-unboost|p2a: Lilligant|spd|1\n|faint|p1a: Siuuu\n|\n|-weather|SunnyDay|[upkeep]\n|upkeep\n|\n|t:|1700396306\n|switch|p1a: Jolteoff ZipZap|Jolteon, M|100\/100\n|-damage|p1a: Jolteoff ZipZap|88\/100|[from] Stealth Rock\n|turn|35\n|\n|t:|1700396310\n|-terastallize|p1a: Jolteoff ZipZap|Ice\n|move|p2a: Lilligant|Close Combat|p1a: Jolteoff ZipZap\n|-supereffective|p1a: Jolteoff ZipZap\n|-damage|p1a: Jolteoff ZipZap|0 fnt\n|-unboost|p2a: Lilligant|def|1\n|-unboost|p2a: Lilligant|spd|1\n|faint|p1a: Jolteoff ZipZap\n|\n|-weather|SunnyDay|[upkeep]\n|upkeep\n|-message|Zinner02 forfeited.\n|\n|win|enCuarentena\n|raw|Zinner02's rating: 1207 &rarr; <strong>1181<\/strong><br \/>(-26 for losing)\n|raw|enCuarentena's rating: 1189 &rarr; <strong>1215<\/strong><br \/>(+26 for winning)\n|l|\u2606Zinner02\n|j|\u2606Zinner02\n|player|p1|Zinner02|hilda-wonderlauncher\n","uploadtime":1700396322,"views":6,"p1id":"zinner02","p2id":"encuarentena","formatid":"gen9ou","rating":1181,"private":0,"password":""}