{"id":"gen9ou-1990726467","p1":"Arbaz16297","p2":"LoudoEp","format":"[Gen 9] OU","log":"|j|\u2606Arbaz16297\n|j|\u2606LoudoEp\n|t:|1699995182\n|gametype|singles\n|player|p1|Arbaz16297|266|1427\n|player|p2|LoudoEp|brycen|1530\n|teamsize|p1|6\n|teamsize|p2|6\n|gen|9\n|tier|[Gen 9] OU\n|rated|\n|rule|Sleep Clause Mod: Limit one foe put to sleep\n|rule|Species Clause: Limit one of each Pok\u00e9mon\n|rule|OHKO Clause: OHKO moves are banned\n|rule|Evasion Items Clause: Evasion items are banned\n|rule|Evasion Moves Clause: Evasion moves are banned\n|rule|Endless Battle Clause: Forcing endless battles is banned\n|rule|HP Percentage Mod: HP is shown in percentages\n|clearpoke\n|poke|p1|Gholdengo|\n|poke|p1|Ribombee, F|\n|poke|p1|Great Tusk|\n|poke|p1|Sneasler, F|\n|poke|p1|Iron Moth|\n|poke|p1|Rillaboom, F|\n|poke|p2|Sinistcha|\n|poke|p2|Tyranitar, F|\n|poke|p2|Heatran, M|\n|poke|p2|Rillaboom, M|\n|poke|p2|Sneasler, F|\n|poke|p2|Samurott-Hisui, F|\n|teampreview\n|inactive|Battle timer is ON: inactive players will automatically lose when time's up. (requested by LoudoEp)\n|\n|t:|1699995202\n|start\n|switch|p1a: Ribombee|Ribombee, F|100\/100\n|switch|p2a: Sneasler|Sneasler, F|100\/100\n|turn|1\n|\n|t:|1699995212\n|move|p2a: Sneasler|Dire Claw|p1a: Ribombee\n|-supereffective|p1a: Ribombee\n|-enditem|p1a: Ribombee|Focus Sash\n|-damage|p1a: Ribombee|1\/100\n|move|p1a: Ribombee|Sticky Web|p2a: Sneasler\n|-sidestart|p2: LoudoEp|move: Sticky Web\n|\n|upkeep\n|turn|2\n|\n|t:|1699995226\n|switch|p2a: Tyranitar|Tyranitar, F|100\/100\n|-activate|p2a: Tyranitar|move: Sticky Web\n|-unboost|p2a: Tyranitar|spe|1\n|-weather|Sandstorm|[from] ability: Sand Stream|[of] p2a: Tyranitar\n|move|p1a: Ribombee|Moonblast|p2a: Tyranitar\n|-supereffective|p2a: Tyranitar\n|-damage|p2a: Tyranitar|44\/100\n|\n|-weather|Sandstorm|[upkeep]\n|-damage|p1a: Ribombee|0 fnt|[from] Sandstorm\n|faint|p1a: Ribombee\n|upkeep\n|\n|t:|1699995246\n|switch|p1a: Gholdengo|Gholdengo|100\/100\n|turn|3\n|\n|t:|1699995259\n|move|p1a: Gholdengo|Make It Rain|p2a: Tyranitar\n|-supereffective|p2a: Tyranitar\n|-damage|p2a: Tyranitar|0 fnt\n|-unboost|p1a: Gholdengo|spa|1\n|faint|p2a: Tyranitar\n|\n|-weather|Sandstorm|[upkeep]\n|upkeep\n|\n|t:|1699995267\n|switch|p2a: Samurott|Samurott-Hisui, F|100\/100\n|turn|4\n|\n|t:|1699995271\n|move|p2a: Samurott|Ceaseless Edge|p1a: Gholdengo\n|-supereffective|p1a: Gholdengo\n|-enditem|p1a: Gholdengo|Focus Sash\n|-damage|p1a: Gholdengo|1\/100\n|-sidestart|p1: Arbaz16297|Spikes\n|move|p1a: Gholdengo|Nasty Plot|p1a: Gholdengo\n|-boost|p1a: Gholdengo|spa|2\n|\n|-weather|Sandstorm|[upkeep]\n|-damage|p2a: Samurott|94\/100|[from] Sandstorm\n|upkeep\n|turn|5\n|\n|t:|1699995281\n|move|p2a: Samurott|Ceaseless Edge|p1a: Gholdengo\n|-supereffective|p1a: Gholdengo\n|-crit|p1a: Gholdengo\n|-damage|p1a: Gholdengo|0 fnt\n|-sidestart|p1: Arbaz16297|Spikes\n|faint|p1a: Gholdengo\n|\n|-weather|Sandstorm|[upkeep]\n|-damage|p2a: Samurott|88\/100|[from] Sandstorm\n|upkeep\n|\n|t:|1699995285\n|switch|p1a: Great Tusk|Great Tusk|100\/100\n|-damage|p1a: Great Tusk|84\/100|[from] Spikes\n|-enditem|p1a: Great Tusk|Booster Energy\n|-activate|p1a: Great Tusk|ability: Protosynthesis|[fromitem]\n|-start|p1a: Great Tusk|protosynthesisatk\n|turn|6\n|\n|t:|1699995294\n|-terastallize|p2a: Samurott|Ghost\n|move|p1a: Great Tusk|Rapid Spin|p2a: Samurott\n|-immune|p2a: Samurott\n|move|p2a: Samurott|Aqua Cutter|p1a: Great Tusk\n|-supereffective|p1a: Great Tusk\n|-damage|p1a: Great Tusk|16\/100\n|\n|-weather|none\n|upkeep\n|turn|7\n|\n|t:|1699995308\n|move|p1a: Great Tusk|Earthquake|p2a: Samurott\n|-damage|p2a: Samurott|3\/100\n|move|p2a: Samurott|Flip Turn|p1a: Great Tusk\n|-supereffective|p1a: Great Tusk\n|-damage|p1a: Great Tusk|0 fnt\n|faint|p1a: Great Tusk\n|-end|p1a: Great Tusk|Protosynthesis|[silent]\n|\n|t:|1699995327\n|switch|p2a: Sneasler|Sneasler, F|100\/100|[from] Flip Turn\n|-activate|p2a: Sneasler|move: Sticky Web\n|-unboost|p2a: Sneasler|spe|1\n|\n|upkeep\n|\n|t:|1699995353\n|switch|p1a: Sneasler|Sneasler, F|100\/100\n|-damage|p1a: Sneasler|84\/100|[from] Spikes\n|turn|8\n|inactive|LoudoEp has 120 seconds left.\n|\n|t:|1699995387\n|move|p2a: Sneasler|Switcheroo|p1a: Sneasler\n|-activate|p2a: Sneasler|move: Trick|[of] p1a: Sneasler\n|-item|p1a: Sneasler|Choice Scarf|[from] move: Switcheroo\n|-item|p2a: Sneasler|Grassy Seed|[from] move: Switcheroo\n|move|p1a: Sneasler|Swords Dance|p1a: Sneasler\n|-boost|p1a: Sneasler|atk|2\n|\n|upkeep\n|turn|9\n|inactive|LoudoEp has 120 seconds left.\n|inactive|Arbaz16297 has 120 seconds left.\n|\n|t:|1699995406\n|switch|p1a: Iron Moth|Iron Moth|100\/100\n|-damage|p1a: Iron Moth|84\/100|[from] Spikes\n|-enditem|p1a: Iron Moth|Booster Energy\n|-activate|p1a: Iron Moth|ability: Quark Drive|[fromitem]\n|-start|p1a: Iron Moth|quarkdrivespe\n|move|p2a: Sneasler|U-turn|p1a: Iron Moth\n|-resisted|p1a: Iron Moth\n|-damage|p1a: Iron Moth|75\/100\n|inactive|LoudoEp has 120 seconds left.\n|\n|t:|1699995417\n|switch|p2a: Heatran|Heatran, M|100\/100|[from] U-turn\n|-activate|p2a: Heatran|move: Sticky Web\n|-unboost|p2a: Heatran|spe|1\n|\n|upkeep\n|turn|10\n|inactive|LoudoEp has 120 seconds left.\n|\n|t:|1699995428\n|-end|p1a: Iron Moth|Quark Drive|[silent]\n|switch|p1a: Sneasler|Sneasler, F|84\/100\n|-damage|p1a: Sneasler|67\/100|[from] Spikes\n|move|p2a: Heatran|Earth Power|p1a: Sneasler\n|-supereffective|p1a: Sneasler\n|-damage|p1a: Sneasler|0 fnt\n|faint|p1a: Sneasler\n|\n|upkeep\n|-message|Arbaz16297 forfeited.\n|\n|win|LoudoEp\n|raw|Arbaz16297's rating: 1427 &rarr; <strong>1413<\/strong><br \/>(-14 for losing)\n|raw|LoudoEp's rating: 1530 &rarr; <strong>1544<\/strong><br \/>(+14 for winning)\n|l|\u2606Arbaz16297\n","uploadtime":1699995448,"views":19,"p1id":"arbaz16297","p2id":"loudoep","formatid":"gen9ou","rating":1413,"private":0,"password":""}