{"id":"gen9ou-1994969061","p1":"Ishida_Pendragon","p2":"emace24","format":"[Gen 9] OU","log":"|j|\u2606Ishida_Pendragon\n|j|\u2606emace24\n|t:|1700509030\n|gametype|singles\n|player|p1|Ishida_Pendragon|n|1082\n|player|p2|emace24|169|1176\n|teamsize|p1|6\n|teamsize|p2|6\n|gen|9\n|tier|[Gen 9] OU\n|rated|\n|rule|Sleep Clause Mod: Limit one foe put to sleep\n|rule|Species Clause: Limit one of each Pok\u00e9mon\n|rule|OHKO Clause: OHKO moves are banned\n|rule|Evasion Items Clause: Evasion items are banned\n|rule|Evasion Moves Clause: Evasion moves are banned\n|rule|Endless Battle Clause: Forcing endless battles is banned\n|rule|HP Percentage Mod: HP is shown in percentages\n|clearpoke\n|poke|p1|Iron Valiant|\n|poke|p1|Kingambit, M|\n|poke|p1|Walking Wake|\n|poke|p1|Great Tusk|\n|poke|p1|Gholdengo|\n|poke|p1|Ribombee, F|\n|poke|p2|Breloom, M|\n|poke|p2|Zapdos|\n|poke|p2|Iron Valiant|\n|poke|p2|Dudunsparce-*, F|\n|poke|p2|Ninetales-Alola, F|\n|poke|p2|Garchomp, M|\n|teampreview\n|\n|t:|1700509037\n|start\n|switch|p1a: Great Tusk|Great Tusk|100\/100\n|switch|p2a: Ninetales|Ninetales-Alola, F|100\/100\n|-weather|Snow|[from] ability: Snow Warning|[of] p2a: Ninetales\n|-enditem|p1a: Great Tusk|Booster Energy\n|-activate|p1a: Great Tusk|ability: Protosynthesis|[fromitem]\n|-start|p1a: Great Tusk|protosynthesisatk\n|turn|1\n|\n|t:|1700509048\n|move|p2a: Ninetales|Blizzard|p1a: Great Tusk\n|-supereffective|p1a: Great Tusk\n|-damage|p1a: Great Tusk|0 fnt\n|faint|p1a: Great Tusk\n|-end|p1a: Great Tusk|Protosynthesis|[silent]\n|\n|-weather|Snow|[upkeep]\n|upkeep\n|\n|t:|1700509056\n|switch|p1a: Walking Wake|Walking Wake|100\/100\n|turn|2\n|\n|t:|1700509078\n|switch|p2a: Iron Valiant|Iron Valiant|100\/100\n|-enditem|p2a: Iron Valiant|Booster Energy\n|-activate|p2a: Iron Valiant|ability: Quark Drive|[fromitem]\n|-start|p2a: Iron Valiant|quarkdrivespe\n|move|p1a: Walking Wake|Flamethrower|p2a: Iron Valiant\n|-damage|p2a: Iron Valiant|15\/100\n|-status|p2a: Iron Valiant|brn\n|\n|-weather|Snow|[upkeep]\n|-damage|p2a: Iron Valiant|9\/100 brn|[from] brn\n|upkeep\n|turn|3\n|\n|t:|1700509093\n|move|p2a: Iron Valiant|Spirit Break|p1a: Walking Wake\n|-supereffective|p1a: Walking Wake\n|-damage|p1a: Walking Wake|57\/100\n|-unboost|p1a: Walking Wake|spa|1\n|move|p1a: Walking Wake|Flamethrower|p2a: Iron Valiant\n|-damage|p2a: Iron Valiant|0 fnt\n|faint|p2a: Iron Valiant\n|-end|p2a: Iron Valiant|Quark Drive|[silent]\n|\n|-weather|Snow|[upkeep]\n|upkeep\n|\n|t:|1700509108\n|switch|p2a: Zapdos|Zapdos, shiny|100\/100\n|turn|4\n|\n|t:|1700509123\n|-end|p1a: Walking Wake|Protosynthesis|[silent]\n|switch|p1a: Gholdengo|Gholdengo|100\/100\n|-item|p1a: Gholdengo|Air Balloon\n|move|p2a: Zapdos|Thunderbolt|p1a: Gholdengo\n|-damage|p1a: Gholdengo|34\/100\n|-enditem|p1a: Gholdengo|Air Balloon\n|-damage|p2a: Zapdos|91\/100|[from] item: Life Orb\n|\n|-weather|Snow|[upkeep]\n|upkeep\n|turn|5\n|\n|t:|1700509138\n|move|p2a: Zapdos|Volt Switch|p1a: Gholdengo\n|-damage|p1a: Gholdengo|0 fnt\n|faint|p1a: Gholdengo\n|-damage|p2a: Zapdos|81\/100|[from] item: Life Orb\n|\n|t:|1700509143\n|switch|p2a: Ninetales|Ninetales-Alola, F|100\/100|[from] Volt Switch\n|\n|-weather|none\n|upkeep\n|\n|t:|1700509150\n|switch|p1a: Walking Wake|Walking Wake|57\/100\n|turn|6\n|\n|t:|1700509175\n|switch|p2a: Zapdos|Zapdos, shiny|81\/100\n|move|p1a: Walking Wake|Flamethrower|p2a: Zapdos\n|-damage|p2a: Zapdos|25\/100\n|-status|p2a: Zapdos|brn\n|\n|-damage|p2a: Zapdos|19\/100 brn|[from] brn\n|upkeep\n|turn|7\n|\n|t:|1700509188\n|-end|p1a: Walking Wake|Protosynthesis|[silent]\n|switch|p1a: Ribombee|Ribombee, F, shiny|100\/100\n|move|p2a: Zapdos|Thunderbolt|p1a: Ribombee\n|-enditem|p1a: Ribombee|Focus Sash\n|-damage|p1a: Ribombee|1\/100\n|-damage|p2a: Zapdos|9\/100 brn|[from] item: Life Orb\n|\n|-damage|p2a: Zapdos|3\/100 brn|[from] brn\n|upkeep\n|turn|8\n|\n|t:|1700509200\n|move|p1a: Ribombee|Sticky Web|p2a: Zapdos\n|-sidestart|p2: emace24|move: Sticky Web\n|move|p2a: Zapdos|Thunderbolt|p1a: Ribombee\n|-damage|p1a: Ribombee|0 fnt\n|faint|p1a: Ribombee\n|-damage|p2a: Zapdos|0 fnt|[from] item: Life Orb\n|faint|p2a: Zapdos\n|\n|upkeep\n|\n|t:|1700509223\n|switch|p1a: Walking Wake|Walking Wake|57\/100\n|switch|p2a: Ninetales|Ninetales-Alola, F|100\/100\n|-activate|p2a: Ninetales|move: Sticky Web\n|-unboost|p2a: Ninetales|spe|1\n|-weather|Snow|[from] ability: Snow Warning|[of] p2a: Ninetales\n|turn|9\n|\n|t:|1700509238\n|move|p1a: Walking Wake|Flamethrower|p2a: Ninetales\n|-supereffective|p2a: Ninetales\n|-damage|p2a: Ninetales|2\/100\n|move|p2a: Ninetales|Blizzard|p1a: Walking Wake\n|-damage|p1a: Walking Wake|4\/100\n|\n|-weather|Snow|[upkeep]\n|upkeep\n|turn|10\n|\n|t:|1700509247\n|move|p2a: Ninetales|Blizzard|p1a: Walking Wake\n|-damage|p1a: Walking Wake|0 fnt\n|faint|p1a: Walking Wake\n|-end|p1a: Walking Wake|Protosynthesis|[silent]\n|\n|-weather|Snow|[upkeep]\n|upkeep\n|\n|t:|1700509254\n|switch|p1a: Iron Valiant|Iron Valiant|100\/100\n|-enditem|p1a: Iron Valiant|Booster Energy\n|-activate|p1a: Iron Valiant|ability: Quark Drive|[fromitem]\n|-start|p1a: Iron Valiant|quarkdrivespe\n|turn|11\n|\n|t:|1700509262\n|move|p1a: Iron Valiant|Close Combat|p2a: Ninetales\n|-damage|p2a: Ninetales|0 fnt\n|-unboost|p1a: Iron Valiant|def|1\n|-unboost|p1a: Iron Valiant|spd|1\n|faint|p2a: Ninetales\n|\n|-weather|Snow|[upkeep]\n|upkeep\n|\n|t:|1700509280\n|switch|p2a: Breloom|Breloom, M|100\/100\n|-activate|p2a: Breloom|move: Sticky Web\n|-unboost|p2a: Breloom|spe|1\n|turn|12\n|\n|t:|1700509289\n|move|p1a: Iron Valiant|Moonblast|p2a: Breloom\n|-supereffective|p2a: Breloom\n|-damage|p2a: Breloom|0 fnt\n|faint|p2a: Breloom\n|\n|-weather|Snow|[upkeep]\n|upkeep\n|\n|t:|1700509301\n|switch|p2a: Garchomp|Garchomp, M, shiny|100\/100\n|-activate|p2a: Garchomp|move: Sticky Web\n|-unboost|p2a: Garchomp|spe|1\n|turn|13\n|\n|t:|1700509311\n|move|p1a: Iron Valiant|Moonblast|p2a: Garchomp\n|-supereffective|p2a: Garchomp\n|-damage|p2a: Garchomp|16\/100\n|move|p2a: Garchomp|Iron Head|p1a: Iron Valiant\n|-supereffective|p1a: Iron Valiant\n|-damage|p1a: Iron Valiant|0 fnt\n|faint|p1a: Iron Valiant\n|-end|p1a: Iron Valiant|Quark Drive|[silent]\n|\n|-weather|none\n|upkeep\n|\n|t:|1700509324\n|switch|p1a: Kingambit|Kingambit, M|100\/100\n|-activate|p1a: Kingambit|ability: Supreme Overlord\n|-start|p1a: Kingambit|fallen5|[silent]\n|turn|14\n|\n|t:|1700509349\n|-terastallize|p1a: Kingambit|Dark\n|move|p1a: Kingambit|Sucker Punch|p2a: Garchomp\n|-damage|p2a: Garchomp|0 fnt\n|-damage|p1a: Kingambit|88\/100|[from] ability: Rough Skin|[of] p2a: Garchomp\n|-damage|p1a: Kingambit|72\/100|[from] item: Rocky Helmet|[of] p2a: Garchomp\n|faint|p2a: Garchomp\n|\n|upkeep\n|\n|t:|1700509361\n|switch|p2a: Dudunsparce|Dudunsparce, F|100\/100\n|-activate|p2a: Dudunsparce|move: Sticky Web\n|-unboost|p2a: Dudunsparce|spe|1\n|turn|15\n|\n|t:|1700509375\n|-terastallize|p2a: Dudunsparce|Normal\n|move|p1a: Kingambit|Kowtow Cleave|p2a: Dudunsparce\n|-damage|p2a: Dudunsparce|21\/100\n|move|p2a: Dudunsparce|Body Slam|p1a: Kingambit\n|-damage|p1a: Kingambit|40\/100\n|-status|p1a: Kingambit|par\n|\n|-heal|p2a: Dudunsparce|27\/100|[from] item: Leftovers\n|upkeep\n|turn|16\n|\n|t:|1700509398\n|move|p1a: Kingambit|Sucker Punch|p2a: Dudunsparce\n|-damage|p2a: Dudunsparce|0 fnt\n|faint|p2a: Dudunsparce\n|\n|win|Ishida_Pendragon\n|raw|Ishida_Pendragon's rating: 1082 &rarr; <strong>1117<\/strong><br \/>(+35 for winning)\n|raw|emace24's rating: 1176 &rarr; <strong>1144<\/strong><br \/>(-32 for losing)\n|l|\u2606emace24\n","uploadtime":1700509432,"views":15,"p1id":"ishidapendragon","p2id":"emace24","formatid":"gen9ou","rating":1117,"private":0,"password":""}