{"id":"gen9ou-1994568810","p1":"jdhdhwyww","p2":"Babyone12","format":"[Gen 9] OU","log":"|j|\u2606jdhdhwyww\n|j|\u2606Babyone12\n|t:|1700461417\n|gametype|singles\n|player|p1|jdhdhwyww|whitney|1078\n|player|p2|Babyone12|n|1073\n|teamsize|p1|6\n|teamsize|p2|6\n|gen|9\n|tier|[Gen 9] OU\n|rated|\n|rule|Sleep Clause Mod: Limit one foe put to sleep\n|rule|Species Clause: Limit one of each Pok\u00e9mon\n|rule|OHKO Clause: OHKO moves are banned\n|rule|Evasion Items Clause: Evasion items are banned\n|rule|Evasion Moves Clause: Evasion moves are banned\n|rule|Endless Battle Clause: Forcing endless battles is banned\n|rule|HP Percentage Mod: HP is shown in percentages\n|clearpoke\n|poke|p1|Clefable, M|\n|poke|p1|Goodra-Hisui, F|\n|poke|p1|Great Tusk|\n|poke|p1|Dragapult, F|\n|poke|p1|Ogerpon-Wellspring, F|\n|poke|p1|Gengar, M|\n|poke|p2|Pelipper, F|\n|poke|p2|Basculegion-F, F|\n|poke|p2|Ogerpon-Wellspring, F|\n|poke|p2|Corviknight, F|\n|poke|p2|Toxapex, F|\n|poke|p2|Thundurus-Therian, M|\n|teampreview\n|inactive|Battle timer is ON: inactive players will automatically lose when time's up. (requested by jdhdhwyww)\n|\n|t:|1700461433\n|start\n|switch|p1a: Goodra|Goodra-Hisui, F|100\/100\n|switch|p2a: Pelipper|Pelipper, F|100\/100\n|-weather|RainDance|[from] ability: Drizzle|[of] p2a: Pelipper\n|turn|1\n|\n|t:|1700461451\n|move|p2a: Pelipper|U-turn|p1a: Goodra\n|-resisted|p1a: Goodra\n|-crit|p1a: Goodra\n|-damage|p1a: Goodra|95\/100\n|\n|t:|1700461455\n|switch|p2a: Corviknight|Corviknight, F|100\/100|[from] U-turn\n|-ability|p2a: Corviknight|Pressure\n|move|p1a: Goodra|Thunderbolt|p2a: Corviknight\n|-supereffective|p2a: Corviknight\n|-damage|p2a: Corviknight|43\/100\n|\n|-weather|RainDance|[upkeep]\n|-heal|p2a: Corviknight|49\/100|[from] item: Leftovers\n|upkeep\n|turn|2\n|\n|t:|1700461470\n|switch|p1a: Great Tusk|Great Tusk|100\/100\n|move|p2a: Corviknight|Body Press|p1a: Great Tusk\n|-damage|p1a: Great Tusk|81\/100\n|\n|-weather|RainDance|[upkeep]\n|-heal|p1a: Great Tusk|87\/100|[from] item: Leftovers\n|-heal|p2a: Corviknight|56\/100|[from] item: Leftovers\n|upkeep\n|turn|3\n|\n|t:|1700461487\n|move|p1a: Great Tusk|Knock Off|p2a: Corviknight\n|-damage|p2a: Corviknight|36\/100\n|-enditem|p2a: Corviknight|Leftovers|[from] move: Knock Off|[of] p1a: Great Tusk\n|move|p2a: Corviknight|Air Slash|p1a: Great Tusk\n|-supereffective|p1a: Great Tusk\n|-damage|p1a: Great Tusk|36\/100\n|\n|-weather|RainDance|[upkeep]\n|-heal|p1a: Great Tusk|42\/100|[from] item: Leftovers\n|upkeep\n|turn|4\n|\n|t:|1700461499\n|move|p1a: Great Tusk|Ice Spinner|p2a: Corviknight\n|-damage|p2a: Corviknight|20\/100\n|move|p2a: Corviknight|Air Slash|p1a: Great Tusk\n|-supereffective|p1a: Great Tusk\n|-damage|p1a: Great Tusk|0 fnt\n|faint|p1a: Great Tusk\n|-end|p1a: Great Tusk|Protosynthesis|[silent]\n|\n|-weather|RainDance|[upkeep]\n|upkeep\n|\n|t:|1700461508\n|switch|p1a: Dragapult|Dragapult, F|100\/100\n|turn|5\n|\n|t:|1700461516\n|move|p1a: Dragapult|Hex|p2a: Corviknight\n|-damage|p2a: Corviknight|0 fnt\n|faint|p2a: Corviknight\n|\n|-weather|none\n|upkeep\n|\n|t:|1700461524\n|switch|p2a: Toxapex|Toxapex, F|100\/100\n|turn|6\n|\n|t:|1700461531\n|switch|p1a: Gengar|Gengar, M|100\/100\n|move|p2a: Toxapex|Toxic Spikes|p1a: Gengar\n|-sidestart|p1: jdhdhwyww|move: Toxic Spikes\n|\n|upkeep\n|turn|7\n|\n|t:|1700461539\n|move|p1a: Gengar|Toxic Spikes|p2a: Toxapex\n|-sidestart|p2: Babyone12|move: Toxic Spikes\n|move|p2a: Toxapex|Infestation|p1a: Gengar\n|-resisted|p1a: Gengar\n|-damage|p1a: Gengar|99\/100\n|-activate|p1a: Gengar|move: Infestation|[of] p2a: Toxapex\n|\n|-heal|p1a: Gengar|100\/100|[from] item: Black Sludge\n|-damage|p1a: Gengar|88\/100|[from] move: Infestation|[partiallytrapped]\n|upkeep\n|turn|8\n|\n|t:|1700461548\n|move|p2a: Toxapex|Baneful Bunker|p2a: Toxapex\n|-singleturn|p2a: Toxapex|move: Protect\n|move|p1a: Gengar|Perish Song|p1a: Gengar\n|-start|p1a: Gengar|perish3|[silent]\n|-start|p2a: Toxapex|perish3|[silent]\n|-fieldactivate|move: Perish Song\n|\n|-heal|p1a: Gengar|94\/100|[from] item: Black Sludge\n|-damage|p1a: Gengar|82\/100|[from] move: Infestation|[partiallytrapped]\n|-start|p1a: Gengar|perish3\n|-start|p2a: Toxapex|perish3\n|upkeep\n|turn|9\n|\n|t:|1700461559\n|move|p1a: Gengar|Mean Look|p2a: Toxapex\n|-activate|p2a: Toxapex|trapped\n|move|p2a: Toxapex|Toxic Spikes|p1a: Gengar\n|-sidestart|p1: jdhdhwyww|move: Toxic Spikes\n|\n|-heal|p1a: Gengar|88\/100|[from] item: Black Sludge\n|-damage|p1a: Gengar|76\/100|[from] move: Infestation|[partiallytrapped]\n|-start|p1a: Gengar|perish2\n|-start|p2a: Toxapex|perish2\n|upkeep\n|turn|10\n|\n|t:|1700461572\n|move|p1a: Gengar|Toxic Spikes|p2a: Toxapex\n|-sidestart|p2: Babyone12|move: Toxic Spikes\n|move|p2a: Toxapex|Infestation|p1a: Gengar\n|-resisted|p1a: Gengar\n|-damage|p1a: Gengar|75\/100\n|-start|p2a: Toxapex|Disable|Infestation|[from] ability: Cursed Body|[of] p1a: Gengar\n|\n|-heal|p1a: Gengar|81\/100|[from] item: Black Sludge\n|-damage|p1a: Gengar|69\/100|[from] move: Infestation|[partiallytrapped]\n|-start|p1a: Gengar|perish1\n|-start|p2a: Toxapex|perish1\n|upkeep\n|turn|11\n|\n|t:|1700461586\n|switch|p1a: Goodra|Goodra-Hisui, F|95\/100\n|move|p2a: Toxapex|Baneful Bunker||[still]\n|-fail|p2a: Toxapex\n|\n|-start|p2a: Toxapex|perish0\n|faint|p2a: Toxapex\n|upkeep\n|\n|t:|1700461596\n|switch|p2a: Pelipper|Pelipper, F|100\/100\n|-weather|RainDance|[from] ability: Drizzle|[of] p2a: Pelipper\n|turn|12\n|\n|t:|1700461607\n|move|p2a: Pelipper|Hurricane|p1a: Goodra\n|-resisted|p1a: Goodra\n|-damage|p1a: Goodra|86\/100\n|-start|p1a: Goodra|confusion\n|-activate|p1a: Goodra|confusion\n|move|p1a: Goodra|Thunderbolt|p2a: Pelipper\n|-supereffective|p2a: Pelipper\n|-damage|p2a: Pelipper|0 fnt\n|faint|p2a: Pelipper\n|\n|-weather|RainDance|[upkeep]\n|upkeep\n|\n|t:|1700461616\n|switch|p2a: Basculegion|Basculegion-F, F|100\/100\n|-status|p2a: Basculegion|tox\n|turn|13\n|\n|t:|1700461626\n|switch|p1a: Gengar|Gengar, M|69\/100\n|-sideend|p1: jdhdhwyww|move: Toxic Spikes|[of] p1a: Gengar\n|move|p2a: Basculegion|Shadow Ball|p1a: Gengar\n|-supereffective|p1a: Gengar\n|-damage|p1a: Gengar|0 fnt\n|-start|p2a: Basculegion|Disable|Shadow Ball|[from] ability: Cursed Body|[of] p1a: Gengar\n|faint|p1a: Gengar\n|-damage|p2a: Basculegion|91\/100 tox|[from] item: Life Orb\n|\n|-weather|RainDance|[upkeep]\n|-damage|p2a: Basculegion|84\/100 tox|[from] psn\n|upkeep\n|\n|t:|1700461645\n|switch|p1a: Goodra|Goodra-Hisui, F|86\/100\n|turn|14\n|\n|t:|1700461650\n|move|p2a: Basculegion|Ice Beam|p1a: Goodra\n|-damage|p1a: Goodra|66\/100\n|-damage|p2a: Basculegion|75\/100 tox|[from] item: Life Orb\n|move|p1a: Goodra|Thunderbolt|p2a: Basculegion\n|-supereffective|p2a: Basculegion\n|-damage|p2a: Basculegion|13\/100 tox\n|\n|-weather|RainDance|[upkeep]\n|-damage|p2a: Basculegion|0 fnt|[from] psn\n|faint|p2a: Basculegion\n|upkeep\n|\n|t:|1700461661\n|switch|p2a: Ogerpon|Ogerpon-Wellspring, F|100\/100\n|-status|p2a: Ogerpon|tox\n|turn|15\n|\n|t:|1700461677\n|-terastallize|p1a: Goodra|Water\n|move|p2a: Ogerpon|Leech Seed|p1a: Goodra\n|-ability|p1a: Goodra|Sap Sipper|boost\n|-boost|p1a: Goodra|atk|1\n|move|p1a: Goodra|Thunderbolt|p2a: Ogerpon\n|-damage|p2a: Ogerpon|76\/100 tox\n|\n|-weather|RainDance|[upkeep]\n|-damage|p2a: Ogerpon|70\/100 tox|[from] psn\n|upkeep\n|turn|16\n|\n|t:|1700461690\n|move|p2a: Ogerpon|Spikes|p1a: Goodra\n|-sidestart|p1: jdhdhwyww|Spikes\n|move|p1a: Goodra|Acid Spray|p2a: Ogerpon\n|-supereffective|p2a: Ogerpon\n|-damage|p2a: Ogerpon|47\/100 tox\n|-unboost|p2a: Ogerpon|spd|2\n|\n|-weather|none\n|-damage|p2a: Ogerpon|35\/100 tox|[from] psn\n|upkeep\n|turn|17\n|-message|Babyone12 forfeited.\n|\n|win|jdhdhwyww\n|raw|jdhdhwyww's rating: 1078 &rarr; <strong>1106<\/strong><br \/>(+28 for winning)\n|raw|Babyone12's rating: 1073 &rarr; <strong>1052<\/strong><br \/>(-21 for losing)\n|l|\u2606Babyone12\n","uploadtime":1700461740,"views":10,"p1id":"jdhdhwyww","p2id":"babyone12","formatid":"gen9ou","rating":1052,"private":0,"password":""}