{"id":"gen9ou-1992970572","p1":"VP Noir","p2":"Bi11 Russell","format":"[Gen 9] OU","log":"|j|\u2606VP Noir\n|j|\u2606Bi11 Russell\n|t:|1700251429\n|gametype|singles\n|player|p1|VP Noir|steven|1192\n|player|p2|Bi11 Russell|hoopster|1232\n|teamsize|p1|6\n|teamsize|p2|6\n|gen|9\n|tier|[Gen 9] OU\n|rated|\n|rule|Sleep Clause Mod: Limit one foe put to sleep\n|rule|Species Clause: Limit one of each Pok\u00e9mon\n|rule|OHKO Clause: OHKO moves are banned\n|rule|Evasion Items Clause: Evasion items are banned\n|rule|Evasion Moves Clause: Evasion moves are banned\n|rule|Endless Battle Clause: Forcing endless battles is banned\n|rule|HP Percentage Mod: HP is shown in percentages\n|clearpoke\n|poke|p1|Clefable, M|\n|poke|p1|Toxapex, M|\n|poke|p1|Dragonite, M|\n|poke|p1|Heatran, F|\n|poke|p1|Torterra, M|\n|poke|p1|Zamazenta-*|\n|poke|p2|Gholdengo|\n|poke|p2|Sneasler, M|\n|poke|p2|Ribombee, F|\n|poke|p2|Rillaboom, F|\n|poke|p2|Heatran, F|\n|poke|p2|Walking Wake|\n|teampreview\n|\n|t:|1700251458\n|start\n|switch|p1a: Fire Thing (?|Heatran, F|100\/100\n|switch|p2a: Ribombee|Ribombee, F|100\/100\n|turn|1\n|inactive|Battle timer is ON: inactive players will automatically lose when time's up. (requested by Bi11 Russell)\n|\n|t:|1700251463\n|move|p2a: Ribombee|Sticky Web|p1a: Fire Thing (?\n|-sidestart|p1: VP Noir|move: Sticky Web\n|move|p1a: Fire Thing (?|Taunt|p2a: Ribombee\n|-start|p2a: Ribombee|move: Taunt\n|\n|upkeep\n|turn|2\n|\n|t:|1700251468\n|switch|p2a: Heatran|Heatran, F|100\/100\n|move|p1a: Fire Thing (?|Stealth Rock|p2a: Heatran\n|-sidestart|p2: Bi11 Russell|move: Stealth Rock\n|\n|upkeep\n|turn|3\n|\n|t:|1700251472\n|move|p2a: Heatran|Earth Power|p1a: Fire Thing (?\n|-supereffective|p1a: Fire Thing (?\n|-damage|p1a: Fire Thing (?|36\/100\n|-unboost|p1a: Fire Thing (?|spd|1\n|move|p1a: Fire Thing (?|Earth Power|p2a: Heatran\n|-supereffective|p2a: Heatran\n|-damage|p2a: Heatran|36\/100\n|\n|-heal|p2a: Heatran|42\/100|[from] item: Leftovers\n|-heal|p1a: Fire Thing (?|42\/100|[from] item: Leftovers\n|upkeep\n|turn|4\n|\n|t:|1700251478\n|switch|p1a: Cute Dragon|Dragonite, M|100\/100\n|move|p2a: Heatran|Earth Power|p1a: Cute Dragon\n|-immune|p1a: Cute Dragon\n|\n|-heal|p2a: Heatran|49\/100|[from] item: Leftovers\n|upkeep\n|turn|5\n|\n|t:|1700251483\n|move|p1a: Cute Dragon|Dragon Dance|p1a: Cute Dragon\n|-boost|p1a: Cute Dragon|atk|1\n|-boost|p1a: Cute Dragon|spe|1\n|move|p2a: Heatran|Will-O-Wisp|p1a: Cute Dragon\n|-status|p1a: Cute Dragon|brn\n|\n|-heal|p2a: Heatran|55\/100|[from] item: Leftovers\n|-damage|p1a: Cute Dragon|94\/100 brn|[from] brn\n|upkeep\n|turn|6\n|\n|t:|1700251490\n|move|p1a: Cute Dragon|Dragon Dance|p1a: Cute Dragon\n|-boost|p1a: Cute Dragon|atk|1\n|-boost|p1a: Cute Dragon|spe|1\n|move|p2a: Heatran|Magma Storm|p1a: Cute Dragon\n|-resisted|p1a: Cute Dragon\n|-damage|p1a: Cute Dragon|70\/100 brn\n|-activate|p1a: Cute Dragon|move: Magma Storm|[of] p2a: Heatran\n|\n|-heal|p2a: Heatran|61\/100|[from] item: Leftovers\n|-damage|p1a: Cute Dragon|64\/100 brn|[from] brn\n|-damage|p1a: Cute Dragon|52\/100 brn|[from] move: Magma Storm|[partiallytrapped]\n|upkeep\n|turn|7\n|\n|t:|1700251501\n|switch|p2a: Ribombee|Ribombee, F|100\/100\n|-damage|p2a: Ribombee|76\/100|[from] Stealth Rock\n|move|p1a: Cute Dragon|Earthquake|p2a: Ribombee\n|-resisted|p2a: Ribombee\n|-damage|p2a: Ribombee|36\/100\n|\n|-damage|p1a: Cute Dragon|45\/100 brn|[from] brn\n|-end|p1a: Cute Dragon|Magma Storm|[partiallytrapped]|[silent]\n|upkeep\n|turn|8\n|\n|t:|1700251509\n|move|p1a: Cute Dragon|Fire Punch|p2a: Ribombee\n|-supereffective|p2a: Ribombee\n|-damage|p2a: Ribombee|0 fnt\n|faint|p2a: Ribombee\n|\n|-damage|p1a: Cute Dragon|39\/100 brn|[from] brn\n|upkeep\n|\n|t:|1700251535\n|switch|p2a: Rillaboom|Rillaboom, F|100\/100\n|-damage|p2a: Rillaboom|88\/100|[from] Stealth Rock\n|-fieldstart|move: Grassy Terrain|[from] ability: Grassy Surge|[of] p2a: Rillaboom\n|turn|9\n|\n|t:|1700251544\n|move|p1a: Cute Dragon|Fire Punch|p2a: Rillaboom\n|-supereffective|p2a: Rillaboom\n|-damage|p2a: Rillaboom|25\/100\n|move|p2a: Rillaboom|U-turn|p1a: Cute Dragon\n|-resisted|p1a: Cute Dragon\n|-crit|p1a: Cute Dragon\n|-damage|p1a: Cute Dragon|19\/100 brn\n|\n|t:|1700251551\n|switch|p2a: Sneasler|Sneasler, M|100\/100|[from] U-turn\n|-damage|p2a: Sneasler|95\/100|[from] Stealth Rock\n|-enditem|p2a: Sneasler|Grassy Seed\n|-boost|p2a: Sneasler|def|1|[from] item: Grassy Seed\n|\n|-heal|p2a: Sneasler|100\/100|[from] Grassy Terrain\n|-damage|p1a: Cute Dragon|13\/100 brn|[from] brn\n|upkeep\n|turn|10\n|\n|t:|1700251565\n|-terastallize|p2a: Sneasler|Flying\n|move|p2a: Sneasler|Swords Dance|p2a: Sneasler\n|-boost|p2a: Sneasler|atk|2\n|move|p1a: Cute Dragon|Earthquake|p2a: Sneasler\n|-immune|p2a: Sneasler\n|\n|-damage|p1a: Cute Dragon|7\/100 brn|[from] brn\n|upkeep\n|turn|11\n|\n|t:|1700251571\n|move|p1a: Cute Dragon|Extreme Speed|p2a: Sneasler\n|-damage|p2a: Sneasler|63\/100\n|move|p2a: Sneasler|Acrobatics|p1a: Cute Dragon\n|-damage|p1a: Cute Dragon|0 fnt\n|faint|p1a: Cute Dragon\n|\n|upkeep\n|\n|t:|1700251578\n|switch|p1a: Satan|Clefable, M|100\/100\n|-activate|p1a: Satan|move: Sticky Web\n|-unboost|p1a: Satan|spe|1\n|turn|12\n|\n|t:|1700251582\n|move|p2a: Sneasler|Dire Claw|p1a: Satan\n|-supereffective|p1a: Satan\n|-damage|p1a: Satan|29\/100\n|-status|p1a: Satan|par\n|move|p1a: Satan|Ice Beam|p2a: Sneasler\n|-supereffective|p2a: Sneasler\n|-damage|p2a: Sneasler|7\/100\n|\n|-heal|p1a: Satan|35\/100 par|[from] Grassy Terrain\n|-heal|p1a: Satan|41\/100 par|[from] item: Leftovers\n|upkeep\n|turn|13\n|\n|t:|1700251597\n|cant|p1a: Satan|par\n|move|p2a: Sneasler|Dire Claw|p1a: Satan\n|-supereffective|p1a: Satan\n|-damage|p1a: Satan|0 fnt\n|faint|p1a: Satan\n|\n|upkeep\n|\n|t:|1700251600\n|switch|p1a: The Pex|Toxapex, M, shiny|100\/100\n|-activate|p1a: The Pex|move: Sticky Web\n|-unboost|p1a: The Pex|spe|1\n|turn|14\n|\n|t:|1700251609\n|move|p2a: Sneasler|Swords Dance|p2a: Sneasler\n|-boost|p2a: Sneasler|atk|2\n|move|p1a: The Pex|Infestation|p2a: Sneasler\n|-resisted|p2a: Sneasler\n|-damage|p2a: Sneasler|3\/100\n|-activate|p2a: Sneasler|move: Infestation|[of] p1a: The Pex\n|\n|-damage|p2a: Sneasler|0 fnt|[from] move: Infestation|[partiallytrapped]\n|faint|p2a: Sneasler\n|upkeep\n|\n|t:|1700251615\n|switch|p2a: Gholdengo|Gholdengo|100\/100\n|turn|15\n|\n|t:|1700251620\n|move|p2a: Gholdengo|Nasty Plot|p2a: Gholdengo\n|-boost|p2a: Gholdengo|spa|2\n|move|p1a: The Pex|Infestation|p2a: Gholdengo\n|-resisted|p2a: Gholdengo\n|-damage|p2a: Gholdengo|99\/100\n|-activate|p2a: Gholdengo|move: Infestation|[of] p1a: The Pex\n|\n|-heal|p2a: Gholdengo|100\/100|[from] Grassy Terrain\n|-damage|p2a: Gholdengo|88\/100|[from] move: Infestation|[partiallytrapped]\n|upkeep\n|turn|16\n|\n|t:|1700251623\n|move|p2a: Gholdengo|Thunderbolt|p1a: The Pex\n|-supereffective|p1a: The Pex\n|-damage|p1a: The Pex|0 fnt\n|faint|p1a: The Pex\n|\n|-heal|p2a: Gholdengo|94\/100|[from] Grassy Terrain\n|-end|p2a: Gholdengo|Infestation|[partiallytrapped]|[silent]\n|-fieldend|move: Grassy Terrain\n|upkeep\n|\n|t:|1700251629\n|switch|p1a: The Goat|Torterra, M|100\/100\n|-activate|p1a: The Goat|move: Sticky Web\n|-unboost|p1a: The Goat|spe|1\n|turn|17\n|\n|t:|1700251640\n|move|p2a: Gholdengo|Shadow Ball|p1a: The Goat\n|-damage|p1a: The Goat|0 fnt\n|faint|p1a: The Goat\n|\n|upkeep\n|\n|t:|1700251645\n|switch|p1a: > Zacian|Zamazenta|100\/100\n|-activate|p1a: > Zacian|move: Sticky Web\n|-unboost|p1a: > Zacian|spe|1\n|-ability|p1a: > Zacian|Dauntless Shield|boost\n|-boost|p1a: > Zacian|def|1\n|turn|18\n|\n|t:|1700251650\n|move|p2a: Gholdengo|Shadow Ball|p1a: > Zacian\n|-damage|p1a: > Zacian|38\/100\n|-unboost|p1a: > Zacian|spd|1\n|move|p1a: > Zacian|Crunch|p2a: Gholdengo\n|-supereffective|p2a: Gholdengo\n|-damage|p2a: Gholdengo|45\/100\n|\n|-heal|p1a: > Zacian|45\/100|[from] item: Leftovers\n|upkeep\n|turn|19\n|\n|t:|1700251656\n|move|p2a: Gholdengo|Shadow Ball|p1a: > Zacian\n|-damage|p1a: > Zacian|0 fnt\n|faint|p1a: > Zacian\n|\n|upkeep\n|-message|VP Noir forfeited.\n|\n|win|Bi11 Russell\n|raw|VP Noir's rating: 1192 &rarr; <strong>1170<\/strong><br \/>(-22 for losing)\n|raw|Bi11 Russell's rating: 1232 &rarr; <strong>1254<\/strong><br \/>(+22 for winning)\n|l|\u2606VP Noir\n","uploadtime":1700251662,"views":19,"p1id":"vpnoir","p2id":"bi11russell","formatid":"gen9ou","rating":1170,"private":0,"password":""}