{"id":"gen9ou-1991115729","p1":"RayParK_","p2":"Lardoh","format":"[Gen 9] OU","log":"|j|\u2606RayParK_\n|j|\u2606Lardoh\n|t:|1700045327\n|gametype|singles\n|player|p1|RayParK_|2|1643\n|player|p2|Lardoh|101|1732\n|teamsize|p1|6\n|teamsize|p2|6\n|gen|9\n|tier|[Gen 9] OU\n|rated|\n|rule|Sleep Clause Mod: Limit one foe put to sleep\n|rule|Species Clause: Limit one of each Pok\u00e9mon\n|rule|OHKO Clause: OHKO moves are banned\n|rule|Evasion Items Clause: Evasion items are banned\n|rule|Evasion Moves Clause: Evasion moves are banned\n|rule|Endless Battle Clause: Forcing endless battles is banned\n|rule|HP Percentage Mod: HP is shown in percentages\n|clearpoke\n|poke|p1|Great Tusk|\n|poke|p1|Slowking-Galar, M|\n|poke|p1|Kingambit, M|\n|poke|p1|Zamazenta-*|\n|poke|p1|Landorus-Therian, M|\n|poke|p1|Gholdengo|\n|poke|p2|Iron Hands|\n|poke|p2|Mimikyu, F|\n|poke|p2|Hatterene, F|\n|poke|p2|Maushold|\n|poke|p2|Torkoal, M|\n|poke|p2|Hoopa-Unbound|\n|teampreview\n|inactive|Battle timer is ON: inactive players will automatically lose when time's up. (requested by Lardoh)\n|j| Gonzamix\n|inactive|RayParK_ has 120 seconds left.\n|inactive|Lardoh has 120 seconds left.\n|\n|t:|1700045377\n|start\n|switch|p1a: Landorus|Landorus-Therian, M, shiny|100\/100\n|switch|p2a: Mrs. Cooper|Hatterene, F, shiny|100\/100\n|-ability|p1a: Landorus|Intimidate|boost\n|-unboost|p2a: Mrs. Cooper|atk|1\n|turn|1\n|\n|t:|1700045385\n|move|p1a: Landorus|Earthquake|p2a: Mrs. Cooper\n|-damage|p2a: Mrs. Cooper|44\/100\n|move|p2a: Mrs. Cooper|Trick Room|p2a: Mrs. Cooper\n|-fieldstart|move: Trick Room|[of] p2a: Mrs. Cooper\n|\n|upkeep\n|turn|2\n|j| Ctannn\n|\n|t:|1700045392\n|move|p2a: Mrs. Cooper|Healing Wish|p2a: Mrs. Cooper\n|faint|p2a: Mrs. Cooper\n|move|p1a: Landorus|Earthquake|p2: Mrs. Cooper|[notarget]\n|-fail|p1a: Landorus\n|\n|upkeep\n|\n|t:|1700045393\n|switch|p2a: Young Shelldon|Torkoal, M|100\/100\n|-weather|SunnyDay|[from] ability: Drought|[of] p2a: Young Shelldon\n|turn|3\n|\n|t:|1700045403\n|switch|p1a: Slowking|Slowking-Galar, M|100\/100\n|move|p2a: Young Shelldon|Eruption|p1a: Slowking\n|-damage|p1a: Slowking|43\/100\n|\n|-weather|SunnyDay|[upkeep]\n|upkeep\n|turn|4\n|\n|t:|1700045412\n|-terastallize|p2a: Young Shelldon|Fire\n|-terastallize|p1a: Slowking|Water\n|move|p2a: Young Shelldon|Eruption|p1a: Slowking\n|-resisted|p1a: Slowking\n|-damage|p1a: Slowking|3\/100\n|move|p1a: Slowking|Psychic|p2a: Young Shelldon\n|-damage|p2a: Young Shelldon|58\/100\n|\n|-weather|SunnyDay|[upkeep]\n|upkeep\n|turn|5\n|\n|t:|1700045424\n|move|p2a: Young Shelldon|Eruption|p1a: Slowking\n|-resisted|p1a: Slowking\n|-damage|p1a: Slowking|0 fnt\n|faint|p1a: Slowking\n|\n|-weather|SunnyDay|[upkeep]\n|-fieldend|move: Trick Room\n|upkeep\n|\n|t:|1700045432\n|switch|p1a: Landorus|Landorus-Therian, M, shiny|100\/100\n|-ability|p1a: Landorus|Intimidate|boost\n|-unboost|p2a: Young Shelldon|atk|1\n|turn|6\n|\n|t:|1700045444\n|switch|p2a: Mr.Cooper|Iron Hands|100\/100\n|move|p1a: Landorus|Earthquake|p2a: Mr.Cooper\n|-supereffective|p2a: Mr.Cooper\n|-enditem|p2a: Mr.Cooper|Shuca Berry|[eat]\n|-enditem|p2a: Mr.Cooper|Shuca Berry|[weaken]\n|-damage|p2a: Mr.Cooper|71\/100\n|\n|-weather|SunnyDay|[upkeep]\n|upkeep\n|turn|7\n|\n|t:|1700045454\n|move|p1a: Landorus|Stealth Rock|p2a: Mr.Cooper\n|-sidestart|p2: Lardoh|move: Stealth Rock\n|move|p2a: Mr.Cooper|Ice Punch|p1a: Landorus\n|-supereffective|p1a: Landorus\n|-enditem|p1a: Landorus|Yache Berry|[eat]\n|-enditem|p1a: Landorus|Yache Berry|[weaken]\n|-damage|p1a: Landorus|61\/100\n|\n|-weather|none\n|upkeep\n|turn|8\n|c| Ctannn|Berry on berry\n|c|\u2606Lardoh|Two dudes eating berries\n|c|\u2606Lardoh|Lmfao\n|c| Ctannn|uavent seen that in a long time\n|inactive|Lardoh has 120 seconds left.\n|c|\u2606Lardoh|Fr fr\n|\n|t:|1700045501\n|move|p1a: Landorus|Earthquake|p2a: Mr.Cooper\n|-supereffective|p2a: Mr.Cooper\n|-crit|p2a: Mr.Cooper\n|-damage|p2a: Mr.Cooper|0 fnt\n|faint|p2a: Mr.Cooper\n|-end|p2a: Mr.Cooper|Quark Drive|[silent]\n|\n|upkeep\n|\n|t:|1700045516\n|switch|p2a: FamWenSheldonIsOn|Maushold, shiny|100\/100\n|-damage|p2a: FamWenSheldonIsOn|88\/100|[from] Stealth Rock\n|turn|9\n|inactive|RayParK_ has 120 seconds left.\n|\n|t:|1700045544\n|move|p2a: FamWenSheldonIsOn|Tidy Up|p2a: FamWenSheldonIsOn\n|-sideend|p2: Lardoh|Stealth Rock\n|-activate|p2a: FamWenSheldonIsOn|move: Tidy Up\n|-boost|p2a: FamWenSheldonIsOn|atk|1\n|-boost|p2a: FamWenSheldonIsOn|spe|1\n|move|p1a: Landorus|Earthquake|p2a: FamWenSheldonIsOn\n|-damage|p2a: FamWenSheldonIsOn|10\/100\n|\n|upkeep\n|turn|10\n|inactive|RayParK_ has 120 seconds left.\n|inactive|Lardoh has 120 seconds left.\n|\n|t:|1700045553\n|move|p2a: FamWenSheldonIsOn|Population Bomb|p1a: Landorus\n|-damage|p1a: Landorus|49\/100\n|-damage|p1a: Landorus|38\/100\n|-damage|p1a: Landorus|26\/100\n|-damage|p1a: Landorus|14\/100\n|-damage|p1a: Landorus|3\/100\n|-damage|p1a: Landorus|0 fnt\n|faint|p1a: Landorus\n|-hitcount|p1: Landorus|6\n|\n|upkeep\n|inactive|RayParK_ has 120 seconds left.\n|l| Ctannn\n|\n|t:|1700045568\n|switch|p1a: Kingambit|Kingambit, M|100\/100\n|-activate|p1a: Kingambit|ability: Supreme Overlord\n|-start|p1a: Kingambit|fallen2|[silent]\n|turn|11\n|inactive|RayParK_ has 120 seconds left.\n|\n|t:|1700045577\n|move|p1a: Kingambit|Sucker Punch|p2a: FamWenSheldonIsOn\n|-damage|p2a: FamWenSheldonIsOn|0 fnt\n|faint|p2a: FamWenSheldonIsOn\n|\n|upkeep\n|\n|t:|1700045588\n|switch|p2a: Georgie|Hoopa-Unbound|100\/100\n|turn|12\n|\n|t:|1700045600\n|-end|p1a: Kingambit|fallen2|[silent]\n|switch|p1a: Great Tusk|Great Tusk|100\/100\n|move|p2a: Georgie|Drain Punch|p1a: Great Tusk\n|-damage|p1a: Great Tusk|86\/100\n|\n|upkeep\n|turn|13\n|\n|t:|1700045607\n|move|p1a: Great Tusk|Earthquake|p2a: Georgie\n|-damage|p2a: Georgie|42\/100\n|move|p2a: Georgie|Trick Room|p2a: Georgie\n|-fieldstart|move: Trick Room|[of] p2a: Georgie\n|\n|upkeep\n|turn|14\n|\n|t:|1700045612\n|move|p2a: Georgie|Psychic|p1a: Great Tusk\n|-supereffective|p1a: Great Tusk\n|-damage|p1a: Great Tusk|0 fnt\n|faint|p1a: Great Tusk\n|-end|p1a: Great Tusk|Protosynthesis|[silent]\n|\n|upkeep\n|\n|t:|1700045619\n|switch|p1a: Kingambit|Kingambit, M|100\/100\n|-activate|p1a: Kingambit|ability: Supreme Overlord\n|-start|p1a: Kingambit|fallen3|[silent]\n|turn|15\n|\n|t:|1700045627\n|move|p1a: Kingambit|Kowtow Cleave|p2a: Georgie\n|-damage|p2a: Georgie|0 fnt\n|faint|p2a: Georgie\n|\n|upkeep\n|\n|t:|1700045629\n|switch|p2a: Young Shelldon|Torkoal, M, tera:Fire|58\/100\n|-heal|p2a: Young Shelldon|100\/100|[from] move: Healing Wish\n|-weather|SunnyDay|[from] ability: Drought|[of] p2a: Young Shelldon\n|turn|16\n|\n|t:|1700045641\n|move|p1a: Kingambit|Sucker Punch|p2a: Young Shelldon\n|-damage|p2a: Young Shelldon|53\/100\n|move|p2a: Young Shelldon|Flamethrower|p1a: Kingambit\n|-supereffective|p1a: Kingambit\n|-crit|p1a: Kingambit\n|-damage|p1a: Kingambit|0 fnt\n|faint|p1a: Kingambit\n|-end|p1a: Kingambit|fallen3|[silent]\n|\n|-weather|SunnyDay|[upkeep]\n|upkeep\n|\n|t:|1700045655\n|switch|p1a: Zamazenta|Zamazenta|100\/100\n|-ability|p1a: Zamazenta|Dauntless Shield|boost\n|-boost|p1a: Zamazenta|def|1\n|turn|17\n|\n|t:|1700045661\n|move|p2a: Young Shelldon|Flamethrower|p1a: Zamazenta\n|-damage|p1a: Zamazenta|2\/100\n|-status|p1a: Zamazenta|brn\n|move|p1a: Zamazenta|Stone Edge|p2a: Young Shelldon\n|-supereffective|p2a: Young Shelldon\n|-crit|p2a: Young Shelldon\n|-damage|p2a: Young Shelldon|0 fnt\n|faint|p2a: Young Shelldon\n|\n|-weather|SunnyDay|[upkeep]\n|-damage|p1a: Zamazenta|0 fnt|[from] brn\n|faint|p1a: Zamazenta\n|-fieldend|move: Trick Room\n|upkeep\n|\n|t:|1700045673\n|switch|p1a: Gholdengo|Gholdengo|100\/100\n|switch|p2a: Meemawchu|Mimikyu, F|100\/100\n|turn|18\n|\n|t:|1700045679\n|move|p2a: Meemawchu|Shadow Sneak|p1a: Gholdengo\n|-supereffective|p1a: Gholdengo\n|-damage|p1a: Gholdengo|51\/100\n|-damage|p2a: Meemawchu|91\/100|[from] item: Life Orb\n|move|p1a: Gholdengo|Shadow Ball|p2a: Meemawchu\n|-activate|p2a: Meemawchu|ability: Disguise\n|-damage|p2a: Meemawchu|91\/100\n|-unboost|p2a: Meemawchu|spd|1\n|detailschange|p2a: Meemawchu|Mimikyu-Busted, F\n|-damage|p2a: Meemawchu|78\/100|[from] pokemon: Mimikyu-Busted\n|\n|-weather|SunnyDay|[upkeep]\n|upkeep\n|turn|19\n|c|\u2606Lardoh|Issa roll\n|c|\u2606Lardoh|ggs\n|\n|t:|1700045693\n|move|p2a: Meemawchu|Shadow Sneak|p1a: Gholdengo\n|-supereffective|p1a: Gholdengo\n|-damage|p1a: Gholdengo|0 fnt\n|faint|p1a: Gholdengo\n|-damage|p2a: Meemawchu|68\/100|[from] item: Life Orb\n|\n|win|Lardoh\n|raw|RayParK_'s rating: 1643 &rarr; <strong>1628<\/strong><br \/>(-15 for losing)\n|raw|Lardoh's rating: 1732 &rarr; <strong>1747<\/strong><br \/>(+15 for winning)\n|l|\u2606RayParK_\n","uploadtime":1700045702,"views":5,"p1id":"raypark","p2id":"lardoh","formatid":"gen9ou","rating":1628,"private":0,"password":""}