{"id":"gen9ou-1992529349","p1":"Mr.Blue1","p2":"Thehombre","format":"[Gen 9] OU","log":"|j|\u2606Mr.Blue1\n|j|\u2606Thehombre\n|t:|1700200243\n|gametype|singles\n|player|p1|Mr.Blue1|170|1082\n|player|p2|Thehombre|169|1086\n|teamsize|p1|6\n|teamsize|p2|6\n|gen|9\n|tier|[Gen 9] OU\n|rated|\n|rule|Sleep Clause Mod: Limit one foe put to sleep\n|rule|Species Clause: Limit one of each Pok\u00e9mon\n|rule|OHKO Clause: OHKO moves are banned\n|rule|Evasion Items Clause: Evasion items are banned\n|rule|Evasion Moves Clause: Evasion moves are banned\n|rule|Endless Battle Clause: Forcing endless battles is banned\n|rule|HP Percentage Mod: HP is shown in percentages\n|clearpoke\n|poke|p1|Ribombee, M|\n|poke|p1|Ursaluna, F|\n|poke|p1|Garchomp, M|\n|poke|p1|Alomomola, F|\n|poke|p1|Blissey, F|\n|poke|p1|Iron Moth|\n|poke|p2|Kingambit, F|\n|poke|p2|Ninetales-Alola, F|\n|poke|p2|Sneasler, M|\n|poke|p2|Samurott-Hisui, M|\n|poke|p2|Masquerain, F|\n|poke|p2|Manaphy|\n|teampreview\n|inactive|Battle timer is ON: inactive players will automatically lose when time's up. (requested by Thehombre)\n|inactive|Mr.Blue1 also wants the timer to be on.\n|\n|t:|1700200247\n|start\n|switch|p1a: Ribombee|Ribombee, M|100\/100\n|switch|p2a: Ninetales|Ninetales-Alola, F|100\/100\n|-weather|Snow|[from] ability: Snow Warning|[of] p2a: Ninetales\n|turn|1\n|inactive|Mr.Blue1 has 120 seconds left.\n|\n|t:|1700200295\n|move|p1a: Ribombee|Sticky Web|p2a: Ninetales\n|-sidestart|p2: Thehombre|move: Sticky Web\n|move|p2a: Ninetales|Misty Terrain|p2a: Ninetales\n|-fieldstart|move: Misty Terrain\n|\n|-weather|Snow|[upkeep]\n|upkeep\n|turn|2\n|\n|t:|1700200310\n|move|p1a: Ribombee|U-turn|p2a: Ninetales\n|-resisted|p2a: Ninetales\n|-damage|p2a: Ninetales|90\/100\n|\n|t:|1700200315\n|switch|p1a: Iron Moth|Iron Moth|100\/100|[from] U-turn\n|move|p2a: Ninetales|Aurora Veil|p2a: Ninetales\n|-sidestart|p2: Thehombre|move: Aurora Veil\n|\n|-weather|Snow|[upkeep]\n|upkeep\n|turn|3\n|\n|t:|1700200322\n|switch|p2a: Samurott|Samurott-Hisui, M|100\/100\n|-activate|p2a: Samurott|move: Sticky Web\n|-unboost|p2a: Samurott|spe|1\n|move|p1a: Iron Moth|Substitute|p1a: Iron Moth\n|-start|p1a: Iron Moth|Substitute\n|-damage|p1a: Iron Moth|76\/100\n|\n|-weather|Snow|[upkeep]\n|-heal|p1a: Iron Moth|82\/100|[from] item: Leftovers\n|upkeep\n|turn|4\n|inactive|Mr.Blue1 has 120 seconds left.\n|\n|t:|1700200336\n|move|p1a: Iron Moth|Energy Ball|p2a: Samurott\n|-supereffective|p2a: Samurott\n|-damage|p2a: Samurott|52\/100\n|move|p2a: Samurott|Ceaseless Edge|p1a: Iron Moth\n|-end|p1a: Iron Moth|Substitute\n|-sidestart|p1: Mr.Blue1|Spikes\n|\n|-weather|Snow|[upkeep]\n|-heal|p1a: Iron Moth|88\/100|[from] item: Leftovers\n|upkeep\n|turn|5\n|inactive|Mr.Blue1 has 120 seconds left.\n|\n|t:|1700200354\n|-end|p1a: Iron Moth|Quark Drive|[silent]\n|switch|p1a: Alomomola|Alomomola, F|100\/100\n|-damage|p1a: Alomomola|88\/100|[from] Spikes\n|move|p2a: Samurott|Aqua Cutter|p1a: Alomomola\n|-resisted|p1a: Alomomola\n|-crit|p1a: Alomomola\n|-damage|p1a: Alomomola|66\/100\n|\n|-weather|none\n|-fieldend|Misty Terrain\n|upkeep\n|turn|6\n|\n|t:|1700200366\n|switch|p2a: Masquerain|Masquerain, F|100\/100\n|-ability|p2a: Masquerain|Intimidate|boost\n|-unboost|p1a: Alomomola|atk|1\n|move|p1a: Alomomola|Wish|p1a: Alomomola\n|\n|upkeep\n|turn|7\n|\n|t:|1700200385\n|switch|p1a: Iron Moth|Iron Moth|88\/100\n|-damage|p1a: Iron Moth|75\/100|[from] Spikes\n|move|p2a: Masquerain|Sticky Web|p1a: Iron Moth\n|-sidestart|p1: Mr.Blue1|move: Sticky Web\n|\n|-heal|p1a: Iron Moth|100\/100|[from] move: Wish|[wisher] Alomomola\n|upkeep\n|turn|8\n|\n|t:|1700200403\n|move|p1a: Iron Moth|Substitute|p1a: Iron Moth\n|-start|p1a: Iron Moth|Substitute\n|-damage|p1a: Iron Moth|76\/100\n|move|p2a: Masquerain|Hydro Pump|p1a: Iron Moth\n|-supereffective|p1a: Iron Moth\n|-end|p1a: Iron Moth|Substitute\n|\n|-heal|p1a: Iron Moth|82\/100|[from] item: Leftovers\n|upkeep\n|turn|9\n|inactive|Mr.Blue1 has 90 seconds left.\n|\n|t:|1700200440\n|-end|p1a: Iron Moth|Quark Drive|[silent]\n|switch|p1a: Garchomp|Garchomp, M|100\/100\n|-damage|p1a: Garchomp|88\/100|[from] Spikes\n|-activate|p1a: Garchomp|move: Sticky Web\n|-unboost|p1a: Garchomp|spe|1\n|move|p2a: Masquerain|Hydro Pump|p1a: Garchomp\n|-damage|p1a: Garchomp|53\/100\n|\n|-heal|p1a: Garchomp|59\/100|[from] item: Leftovers\n|-sideend|p2: Thehombre|move: Aurora Veil\n|upkeep\n|turn|10\n|\n|t:|1700200452\n|move|p2a: Masquerain|Ice Beam|p1a: Garchomp\n|-supereffective|p1a: Garchomp\n|-damage|p1a: Garchomp|0 fnt\n|faint|p1a: Garchomp\n|\n|upkeep\n|\n|t:|1700200465\n|switch|p1a: Blissey|Blissey, F|100\/100\n|-damage|p1a: Blissey|88\/100|[from] Spikes\n|-activate|p1a: Blissey|move: Sticky Web\n|-unboost|p1a: Blissey|spe|1\n|turn|11\n|\n|t:|1700200477\n|switch|p2a: Samurott|Samurott-Hisui, M|52\/100\n|-activate|p2a: Samurott|move: Sticky Web\n|-unboost|p2a: Samurott|spe|1\n|move|p1a: Blissey|Calm Mind|p1a: Blissey\n|-boost|p1a: Blissey|spa|1\n|-boost|p1a: Blissey|spd|1\n|\n|-heal|p1a: Blissey|94\/100|[from] item: Leftovers\n|upkeep\n|turn|12\n|\n|t:|1700200488\n|move|p2a: Samurott|Ceaseless Edge|p1a: Blissey\n|-damage|p1a: Blissey|51\/100\n|-sidestart|p1: Mr.Blue1|Spikes\n|move|p1a: Blissey|Seismic Toss|p2a: Samurott\n|-damage|p2a: Samurott|21\/100\n|\n|-heal|p1a: Blissey|57\/100|[from] item: Leftovers\n|upkeep\n|turn|13\n|\n|t:|1700200498\n|move|p2a: Samurott|Ceaseless Edge|p1a: Blissey\n|-damage|p1a: Blissey|15\/100\n|-sidestart|p1: Mr.Blue1|Spikes\n|move|p1a: Blissey|Seismic Toss|p2a: Samurott\n|-damage|p2a: Samurott|0 fnt\n|faint|p2a: Samurott\n|\n|-heal|p1a: Blissey|21\/100|[from] item: Leftovers\n|upkeep\n|\n|t:|1700200508\n|switch|p2a: Kingambit|Kingambit, F|100\/100\n|-activate|p2a: Kingambit|move: Sticky Web\n|-unboost|p2a: Kingambit|spe|1\n|-activate|p2a: Kingambit|ability: Supreme Overlord\n|-start|p2a: Kingambit|fallen1|[silent]\n|turn|14\n|inactive|Mr.Blue1 has 90 seconds left.\n|\n|t:|1700200515\n|switch|p1a: Iron Moth|Iron Moth|82\/100\n|-damage|p1a: Iron Moth|57\/100|[from] Spikes\n|-activate|p1a: Iron Moth|move: Sticky Web\n|-unboost|p1a: Iron Moth|spe|1\n|move|p2a: Kingambit|Swords Dance|p2a: Kingambit\n|-boost|p2a: Kingambit|atk|2\n|\n|-heal|p1a: Iron Moth|63\/100|[from] item: Leftovers\n|upkeep\n|turn|15\n|inactive|Mr.Blue1 has 90 seconds left.\n|\n|t:|1700200527\n|move|p1a: Iron Moth|Substitute|p1a: Iron Moth\n|-start|p1a: Iron Moth|Substitute\n|-damage|p1a: Iron Moth|38\/100\n|move|p2a: Kingambit|Kowtow Cleave|p1a: Iron Moth\n|-end|p1a: Iron Moth|Substitute\n|\n|-heal|p1a: Iron Moth|44\/100|[from] item: Leftovers\n|upkeep\n|turn|16\n|\n|t:|1700200538\n|move|p2a: Kingambit|Sucker Punch||[still]\n|-fail|p2a: Kingambit\n|move|p1a: Iron Moth|Substitute|p1a: Iron Moth\n|-start|p1a: Iron Moth|Substitute\n|-damage|p1a: Iron Moth|19\/100\n|\n|-heal|p1a: Iron Moth|25\/100|[from] item: Leftovers\n|upkeep\n|turn|17\n|\n|t:|1700200549\n|-terastallize|p2a: Kingambit|Dark\n|move|p1a: Iron Moth|Fiery Dance|p2a: Kingambit\n|-damage|p2a: Kingambit|55\/100\n|-boost|p1a: Iron Moth|spa|1\n|move|p2a: Kingambit|Kowtow Cleave|p1a: Iron Moth\n|-end|p1a: Iron Moth|Substitute\n|\n|-heal|p1a: Iron Moth|31\/100|[from] item: Leftovers\n|upkeep\n|turn|18\n|\n|t:|1700200562\n|move|p1a: Iron Moth|Substitute|p1a: Iron Moth\n|-start|p1a: Iron Moth|Substitute\n|-damage|p1a: Iron Moth|6\/100\n|move|p2a: Kingambit|Kowtow Cleave|p1a: Iron Moth\n|-end|p1a: Iron Moth|Substitute\n|\n|-heal|p1a: Iron Moth|12\/100|[from] item: Leftovers\n|upkeep\n|turn|19\n|\n|t:|1700200573\n|move|p2a: Kingambit|Sucker Punch|p1a: Iron Moth\n|-damage|p1a: Iron Moth|0 fnt\n|faint|p1a: Iron Moth\n|-end|p1a: Iron Moth|Quark Drive|[silent]\n|\n|upkeep\n|\n|t:|1700200579\n|switch|p1a: Ursaluna|Ursaluna, F|100\/100\n|-damage|p1a: Ursaluna|76\/100|[from] Spikes\n|-activate|p1a: Ursaluna|move: Sticky Web\n|-unboost|p1a: Ursaluna|spe|1\n|turn|20\n|\n|t:|1700200586\n|move|p1a: Ursaluna|Drain Punch|p2a: Kingambit\n|-supereffective|p2a: Kingambit\n|-damage|p2a: Kingambit|10\/100\n|-heal|p1a: Ursaluna|99\/100|[from] drain|[of] p2a: Kingambit\n|move|p2a: Kingambit|Kowtow Cleave|p1a: Ursaluna\n|-damage|p1a: Ursaluna|0 fnt\n|faint|p1a: Ursaluna\n|\n|upkeep\n|\n|t:|1700200597\n|switch|p1a: Ribombee|Ribombee, M|100\/100\n|-damage|p1a: Ribombee|76\/100|[from] Spikes\n|-activate|p1a: Ribombee|move: Sticky Web\n|-unboost|p1a: Ribombee|spe|1\n|turn|21\n|\n|t:|1700200609\n|move|p2a: Kingambit|Sucker Punch|p1a: Ribombee\n|-resisted|p1a: Ribombee\n|-damage|p1a: Ribombee|0 fnt\n|faint|p1a: Ribombee\n|\n|upkeep\n|-message|Mr.Blue1 forfeited.\n|\n|win|Thehombre\n|raw|Mr.Blue1's rating: 1082 &rarr; <strong>1060<\/strong><br \/>(-22 for losing)\n|raw|Thehombre's rating: 1086 &rarr; <strong>1113<\/strong><br \/>(+27 for winning)\n|l|\u2606Mr.Blue1\n","uploadtime":1700200617,"views":12,"p1id":"mrblue1","p2id":"thehombre","formatid":"gen9ou","rating":1060,"private":0,"password":""}