{"id":"gen9ou-1999891172","p1":"spookydepot","p2":"Damien Leruss","format":"[Gen 9] OU","log":"|j|\u2606spookydepot\n|j|\u2606Damien Leruss\n|t:|1701126911\n|gametype|singles\n|player|p1|spookydepot|pokemonrangerf|\n|player|p2|Damien Leruss|shauntal|\n|teamsize|p1|6\n|teamsize|p2|6\n|gen|9\n|tier|[Gen 9] OU\n|rule|Sleep Clause Mod: Limit one foe put to sleep\n|rule|Species Clause: Limit one of each Pok\u00e9mon\n|rule|OHKO Clause: OHKO moves are banned\n|rule|Evasion Items Clause: Evasion items are banned\n|rule|Evasion Moves Clause: Evasion moves are banned\n|rule|Endless Battle Clause: Forcing endless battles is banned\n|rule|HP Percentage Mod: HP is shown in percentages\n|clearpoke\n|poke|p1|Haunter, F|\n|poke|p1|Gligar, M|\n|poke|p1|Sandy Shocks|\n|poke|p1|Tyranitar, M|\n|poke|p1|Arcanine, M|\n|poke|p1|Corviknight, F|\n|poke|p2|Dragapult, F|\n|poke|p2|Politoed, F|\n|poke|p2|Bellibolt, F|\n|poke|p2|Klefki, M|\n|poke|p2|Hippowdon, F|\n|poke|p2|Furret, M|\n|teampreview\n|j| RujandoruX\n|j| elseworlda\n|c|\u2606spookydepot|glhf\n|c|\u2606Damien Leruss|glhf\n|j| TeaBooker\n|j| screencheaters\n|j| N3rfN1nja\n|\n|t:|1701126963\n|start\n|switch|p1a: Sho|Sandy Shocks|100\/100\n|switch|p2a: Moto Moto|Hippowdon, F|100\/100\n|-enditem|p1a: Sho|Booster Energy\n|-activate|p1a: Sho|ability: Protosynthesis|[fromitem]\n|-start|p1a: Sho|protosynthesisspa\n|turn|1\n|c| N3rfN1nja|Keshan should forfeit based on using sand force hippo alone\n|c|\u2606Damien Leruss|Shhh\n|c| RujandoruX|i mean\n|c|\u2606Damien Leruss|Let me cook\n|c| RujandoruX|its good this game\n|\n|t:|1701127049\n|move|p1a: Sho|Volt Switch|p2a: Moto Moto\n|-immune|p2a: Moto Moto\n|move|p2a: Moto Moto|Stealth Rock|p1a: Sho\n|-sidestart|p1: spookydepot|move: Stealth Rock\n|\n|upkeep\n|turn|2\n|c| elseworlda|wallahi\n|j| schmoepesci\n|c|\u2606spookydepot|damn i thought it would still let me switch\n|c|\u2606spookydepot|lol\n|\n|t:|1701127086\n|move|p1a: Sho|Earth Power|p2a: Moto Moto\n|-damage|p2a: Moto Moto|42\/100\n|move|p2a: Moto Moto|Ice Fang|p1a: Sho\n|-supereffective|p1a: Sho\n|-damage|p1a: Sho|61\/100\n|\n|-heal|p2a: Moto Moto|48\/100|[from] item: Leftovers\n|upkeep\n|turn|3\n|c| elseworlda|electric moves have no effect on ground types\n|\n|t:|1701127100\n|-terastallize|p2a: Moto Moto|Water\n|move|p1a: Sho|Earth Power|p2a: Moto Moto\n|-damage|p2a: Moto Moto|0 fnt\n|faint|p2a: Moto Moto\n|\n|upkeep\n|c| schmoepesci|the v switch was a mix up\n|c| RujandoruX|why did he tera\n|c| screencheaters|yall are peculiar\n|c|\u2606Damien Leruss|Damn, that still killed\n|c| N3rfN1nja|why \ud83d\udc80\n|c| TeaBooker|WHAT\n|c| elseworlda|FIRST BLOOD!!! Keshan is legally required to forfeit now\n|\n|t:|1701127126\n|switch|p2a: Jingle Jangle|Klefki, M|100\/100\n|turn|4\n|c| TeaBooker|WHY WOULDN'T IT KILL\n|c| N3rfN1nja|WYM \u201cTHAT STILL KILLED\u201d \ud83d\ude2d\n|c|\u2606Damien Leruss|Resist, idk man\n|\n|t:|1701127147\n|move|p2a: Jingle Jangle|Light Screen|p2a: Jingle Jangle\n|-sidestart|p2: Damien Leruss|move: Light Screen\n|move|p1a: Sho|Volt Switch|p2a: Jingle Jangle\n|-damage|p2a: Jingle Jangle|72\/100\n|c| screencheaters|magnet rise hehehe\n|\n|t:|1701127151\n|-end|p1a: Sho|Protosynthesis|[silent]\n|switch|p1a: Femi|Gligar, M|100\/100|[from] Volt Switch\n|-damage|p1a: Femi|88\/100|[from] Stealth Rock\n|\n|upkeep\n|turn|5\n|c| N3rfN1nja|This is so funny\n|\n|t:|1701127160\n|move|p2a: Jingle Jangle|Reflect|p2a: Jingle Jangle\n|-sidestart|p2: Damien Leruss|Reflect\n|move|p1a: Femi|Spikes|p2a: Jingle Jangle\n|-sidestart|p2: Damien Leruss|Spikes\n|\n|upkeep\n|turn|6\n|c| elseworlda|water doesn't resist ground...\n|\n|t:|1701127167\n|switch|p2a: Escalator|Furret, M, shiny|100\/100\n|-damage|p2a: Escalator|88\/100|[from] Spikes\n|-item|p1a: Femi|Eviolite|[from] ability: Frisk|[of] p2a: Escalator|[identify]\n|move|p1a: Femi|Spikes|p2a: Escalator\n|-sidestart|p2: Damien Leruss|Spikes\n|\n|upkeep\n|turn|7\n|c| schmoepesci|stackin\n|c|\u2606Damien Leruss|You would think\n|c| elseworlda|regardless of the outcome, I vote we consider this a loss for Keshan\n|c|\u2606Damien Leruss|I mean\n|c| N3rfN1nja|If water had one more resistance\u2026\n|\n|t:|1701127209\n|switch|p1a: Corviknight|Corviknight, F|100\/100\n|-ability|p1a: Corviknight|Pressure\n|move|p2a: Escalator|Tidy Up|p2a: Escalator\n|-sideend|p2: Damien Leruss|Spikes\n|-sideend|p1: spookydepot|Stealth Rock\n|-activate|p2a: Escalator|move: Tidy Up\n|-boost|p2a: Escalator|atk|1\n|-boost|p2a: Escalator|spe|1\n|\n|upkeep\n|turn|8\n|c|\u2606Damien Leruss|I might just get cooked\n|c|\u2606spookydepot|i didnt really think ab bro bringing out a furret i know nothing about this mon\n|c| schmoepesci|imagine if tidy up scaled with the amount of hazards on the field\n|c|\u2606spookydepot|im assuming it gets good coverage\n|\n|t:|1701127283\n|switch|p1a: Paul|Tyranitar, M|100\/100\n|-weather|Sandstorm|[from] ability: Sand Stream|[of] p1a: Paul\n|move|p2a: Escalator|Brick Break|p1a: Paul\n|-supereffective|p1a: Paul\n|-damage|p1a: Paul|13\/100\n|\n|-weather|Sandstorm|[upkeep]\n|-damage|p2a: Escalator|82\/100|[from] Sandstorm\n|upkeep\n|turn|9\n|c|\u2606spookydepot|oh my god\n|c| N3rfN1nja|This is truly the match of all time\n|c|\u2606Damien Leruss|Woo\n|\n|t:|1701127333\n|switch|p1a: Vero|Haunter, F|100\/100\n|move|p2a: Escalator|Brick Break|p1a: Vero\n|-immune|p1a: Vero\n|\n|-weather|Sandstorm|[upkeep]\n|-damage|p1a: Vero|94\/100|[from] Sandstorm\n|-damage|p2a: Escalator|76\/100|[from] Sandstorm\n|upkeep\n|turn|10\n|\n|t:|1701127342\n|move|p1a: Vero|Shadow Ball|p2a: Escalator\n|-immune|p2a: Escalator\n|move|p2a: Escalator|Ice Punch|p1a: Vero\n|-damage|p1a: Vero|22\/100\n|\n|-weather|Sandstorm|[upkeep]\n|-damage|p1a: Vero|16\/100|[from] Sandstorm\n|-damage|p2a: Escalator|70\/100|[from] Sandstorm\n|upkeep\n|turn|11\n|c|\u2606spookydepot|AHAAHAHAHA\n|c|\u2606spookydepot|oops\n|c| RujandoruX|bro is fumbling\n|c|\u2606Damien Leruss|Bro, you gotta know your immunities\n|c| screencheaters|:(\n|c| RujandoruX|keshan you need to know your resists\n|c| N3rfN1nja|I ain\u2019t gon say nun\n|c|\u2606Damien Leruss|True\n|c| RujandoruX|you cant even tera bruh\n|c| N3rfN1nja|jeff said it not me\n|c|\u2606Damien Leruss|I am trash\n|c|\u2606Damien Leruss|So very trash\n|c| schmoepesci|waffling\n|\n|t:|1701127443\n|switch|p1a: Toby|Arcanine, M|100\/100\n|-ability|p1a: Toby|Intimidate|boost\n|-unboost|p2a: Escalator|atk|1\n|move|p2a: Escalator|Tidy Up|p2a: Escalator\n|-boost|p2a: Escalator|atk|1\n|-boost|p2a: Escalator|spe|1\n|\n|-weather|Sandstorm|[upkeep]\n|-damage|p2a: Escalator|64\/100|[from] Sandstorm\n|-damage|p1a: Toby|94\/100|[from] Sandstorm\n|-sideend|p2: Damien Leruss|move: Light Screen\n|upkeep\n|turn|12\n|c| N3rfN1nja|Why does tidy up still get a boost with no hazards\n|\n|t:|1701127477\n|move|p2a: Escalator|Brick Break|p1a: Toby\n|-damage|p1a: Toby|58\/100\n|move|p1a: Toby|Agility|p1a: Toby\n|-boost|p1a: Toby|spe|2\n|\n|-weather|none\n|-sideend|p2: Damien Leruss|Reflect\n|upkeep\n|turn|13\n|c| N3rfN1nja|what are you cleaning, the air?\n|\n|t:|1701127495\n|move|p1a: Toby|Close Combat|p2a: Escalator\n|-supereffective|p2a: Escalator\n|-damage|p2a: Escalator|0 fnt\n|-unboost|p1a: Toby|def|1\n|-unboost|p1a: Toby|spd|1\n|faint|p2a: Escalator\n|-damage|p1a: Toby|48\/100|[from] item: Life Orb\n|\n|upkeep\n|c| RujandoruX|its cleaning itself\n|c| N3rfN1nja|That\u2019s a great answer actually\n|\n|t:|1701127517\n|switch|p2a: Big Steppa|Politoed, F|100\/100\n|-weather|RainDance|[from] ability: Drizzle|[of] p2a: Big Steppa\n|turn|14\n|\n|t:|1701127560\n|switch|p1a: Corviknight|Corviknight, F|100\/100\n|-ability|p1a: Corviknight|Pressure\n|switch|p2a: Cassius|Bellibolt, F|100\/100\n|\n|-weather|RainDance|[upkeep]\n|upkeep\n|turn|15\n|c| RujandoruX|nice double\n|\n|t:|1701127597\n|switch|p1a: Sho|Sandy Shocks|61\/100\n|switch|p2a: Jingle Jangle|Klefki, M|72\/100\n|\n|-weather|RainDance|[upkeep]\n|upkeep\n|turn|16\n|c| RujandoruX|bro tripled\n|\n|t:|1701127613\n|move|p2a: Jingle Jangle|Light Screen|p2a: Jingle Jangle\n|-sidestart|p2: Damien Leruss|move: Light Screen\n|move|p1a: Sho|Earth Power|p2a: Jingle Jangle\n|-supereffective|p2a: Jingle Jangle\n|-damage|p2a: Jingle Jangle|17\/100\n|\n|-weather|RainDance|[upkeep]\n|upkeep\n|turn|17\n|c| N3rfN1nja|Double switch electric boogaloo\n|c| elseworlda|quadruple you coward\n|\n|t:|1701127625\n|move|p2a: Jingle Jangle|Reflect|p2a: Jingle Jangle\n|-sidestart|p2: Damien Leruss|Reflect\n|move|p1a: Sho|Earth Power|p2a: Jingle Jangle\n|-supereffective|p2a: Jingle Jangle\n|-damage|p2a: Jingle Jangle|0 fnt\n|faint|p2a: Jingle Jangle\n|\n|-weather|RainDance|[upkeep]\n|upkeep\n|\n|t:|1701127633\n|switch|p2a: Big Steppa|Politoed, F|100\/100\n|turn|18\n|\n|t:|1701127645\n|move|p1a: Sho|Volt Switch|p2a: Big Steppa\n|-supereffective|p2a: Big Steppa\n|-damage|p2a: Big Steppa|80\/100\n|\n|t:|1701127656\n|-end|p1a: Sho|Protosynthesis|[silent]\n|switch|p1a: Corviknight|Corviknight, F|100\/100|[from] Volt Switch\n|-ability|p1a: Corviknight|Pressure\n|move|p2a: Big Steppa|Surf|p1a: Corviknight\n|-damage|p1a: Corviknight|36\/100\n|\n|-weather|none\n|upkeep\n|turn|19\n|c|\u2606spookydepot|:o\n|c| schmoepesci|one billion percent\n|\n|t:|1701127691\n|switch|p2a: Cassius|Bellibolt, F|100\/100\n|move|p1a: Corviknight|Roost|p1a: Corviknight\n|-heal|p1a: Corviknight|86\/100\n|-singleturn|p1a: Corviknight|move: Roost\n|\n|upkeep\n|turn|20\n|c| elseworlda|me and kahri just talked about how nutty the rain boost is last night\n|\n|t:|1701127706\n|switch|p1a: Femi|Gligar, M|88\/100\n|move|p2a: Cassius|Chilling Water|p1a: Femi\n|-supereffective|p1a: Femi\n|-damage|p1a: Femi|67\/100\n|-unboost|p1a: Femi|atk|1\n|\n|upkeep\n|turn|21\n|\n|t:|1701127715\n|move|p1a: Femi|Toxic|p2a: Cassius\n|-status|p2a: Cassius|tox\n|move|p2a: Cassius|Toxic|p1a: Femi\n|-immune|p1a: Femi|[from] ability: Immunity\n|\n|-damage|p2a: Cassius|94\/100 tox|[from] psn\n|upkeep\n|turn|22\n|c|\u2606Damien Leruss|Damn, forgot\n|c| screencheaters|LETS GO\n|c| RujandoruX|hes cooking\n|c|\u2606Damien Leruss|Oh well\n|\n|t:|1701127728\n|switch|p2a: Big Steppa|Politoed, F|80\/100\n|-weather|RainDance|[from] ability: Drizzle|[of] p2a: Big Steppa\n|move|p1a: Femi|Knock Off|p2a: Big Steppa\n|-damage|p2a: Big Steppa|73\/100\n|-enditem|p2a: Big Steppa|Assault Vest|[from] move: Knock Off|[of] p1a: Femi\n|\n|-weather|RainDance|[upkeep]\n|upkeep\n|turn|23\n|c| schmoepesci|gordan ramsey\n|\n|t:|1701127742\n|switch|p1a: Corviknight|Corviknight, F|86\/100\n|-ability|p1a: Corviknight|Pressure\n|move|p2a: Big Steppa|Surf|p1a: Corviknight\n|-damage|p1a: Corviknight|31\/100\n|\n|-weather|RainDance|[upkeep]\n|-sideend|p2: Damien Leruss|move: Light Screen\n|upkeep\n|turn|24\n|\n|t:|1701127751\n|move|p2a: Big Steppa|Surf|p1a: Corviknight\n|-damage|p1a: Corviknight|0 fnt\n|faint|p1a: Corviknight\n|\n|-weather|RainDance|[upkeep]\n|-sideend|p2: Damien Leruss|Reflect\n|upkeep\n|c| elseworlda|:o\n|\n|t:|1701127766\n|switch|p1a: Sho|Sandy Shocks|61\/100\n|turn|25\n|\n|t:|1701127779\n|move|p1a: Sho|Earth Power|p2a: Big Steppa\n|-damage|p2a: Big Steppa|34\/100\n|move|p2a: Big Steppa|Surf|p1a: Sho\n|-supereffective|p1a: Sho\n|-damage|p1a: Sho|0 fnt\n|faint|p1a: Sho\n|-end|p1a: Sho|Protosynthesis|[silent]\n|\n|-weather|RainDance|[upkeep]\n|upkeep\n|c|\u2606spookydepot|damn\n|c|\u2606spookydepot|i was hoping for a switch\n|c| TeaBooker|Actually a good play on your part still\n|c|\u2606Damien Leruss|Mhm\n|c| TeaBooker|Come\n|c| RujandoruX|volt switch is always safer. even if a switches, you wouldn't be out front\n|c| RujandoruX|he*\n|c| screencheaters|^\n|c| screencheaters|volt switch is low risk high reward most of the time\n|\n|t:|1701127862\n|switch|p1a: Femi|Gligar, M|67\/100\n|turn|26\n|\n|t:|1701127892\n|-terastallize|p1a: Femi|Water\n|move|p1a: Femi|Knock Off|p2a: Big Steppa\n|-damage|p2a: Big Steppa|21\/100\n|move|p2a: Big Steppa|Surf|p1a: Femi\n|-resisted|p1a: Femi\n|-damage|p1a: Femi|41\/100\n|\n|-weather|none\n|upkeep\n|turn|27\n|\n|t:|1701127907\n|switch|p2a: Cassius|Bellibolt, F|94\/100 tox\n|move|p1a: Femi|Earthquake|p2a: Cassius\n|-supereffective|p2a: Cassius\n|-damage|p2a: Cassius|59\/100 tox\n|-start|p2a: Cassius|Charge|Earthquake|[from] ability: Electromorphosis\n|\n|-damage|p2a: Cassius|53\/100 tox|[from] psn\n|upkeep\n|turn|28\n|c|\u2606Damien Leruss|I feel like the haunter is scarfed so it can deal with dragapult\n|\n|t:|1701127967\n|move|p1a: Femi|Earthquake|p2a: Cassius\n|-supereffective|p2a: Cassius\n|-damage|p2a: Cassius|19\/100 tox\n|-start|p2a: Cassius|Charge|Earthquake|[from] ability: Electromorphosis\n|-enditem|p2a: Cassius|Sitrus Berry|[eat]\n|-heal|p2a: Cassius|44\/100 tox|[from] item: Sitrus Berry\n|move|p2a: Cassius|Parabolic Charge|p1a: Femi\n|-supereffective|p1a: Femi\n|-damage|p1a: Femi|0 fnt\n|-heal|p2a: Cassius|60\/100 tox|[from] drain|[of] p1a: Femi\n|faint|p1a: Femi\n|-end|p2a: Cassius|Charge|[silent]\n|\n|-damage|p2a: Cassius|48\/100 tox|[from] psn\n|upkeep\n|\n|t:|1701128011\n|switch|p1a: Paul|Tyranitar, M|13\/100\n|-weather|Sandstorm|[from] ability: Sand Stream|[of] p1a: Paul\n|turn|29\n|\n|t:|1701128019\n|move|p1a: Paul|Earthquake|p2a: Cassius\n|-supereffective|p2a: Cassius\n|-damage|p2a: Cassius|3\/100 tox\n|-start|p2a: Cassius|Charge|Earthquake|[from] ability: Electromorphosis\n|move|p2a: Cassius|Slack Off|p2a: Cassius\n|-heal|p2a: Cassius|53\/100 tox\n|\n|-weather|Sandstorm|[upkeep]\n|-damage|p2a: Cassius|47\/100 tox|[from] Sandstorm\n|-damage|p2a: Cassius|28\/100 tox|[from] psn\n|upkeep\n|turn|30\n|\n|t:|1701128036\n|move|p1a: Paul|Earthquake|p2a: Cassius\n|-supereffective|p2a: Cassius\n|-damage|p2a: Cassius|0 fnt\n|faint|p2a: Cassius\n|\n|-weather|Sandstorm|[upkeep]\n|upkeep\n|\n|t:|1701128041\n|switch|p2a: Big Steppa|Politoed, F|21\/100\n|-weather|RainDance|[from] ability: Drizzle|[of] p2a: Big Steppa\n|turn|31\n|c| schmoepesci|ttars back sprite is so sick\n|c|\u2606Damien Leruss|I think Mic has this in the bag\n|\n|t:|1701128058\n|move|p2a: Big Steppa|Surf|p1a: Paul\n|-supereffective|p1a: Paul\n|-damage|p1a: Paul|0 fnt\n|faint|p1a: Paul\n|\n|-weather|RainDance|[upkeep]\n|upkeep\n|\n|t:|1701128063\n|switch|p1a: Toby|Arcanine, M|48\/100\n|-ability|p1a: Toby|Intimidate|boost\n|-unboost|p2a: Big Steppa|atk|1\n|turn|32\n|c| elseworlda|he says with a full health pult in the back\n|\n|t:|1701128075\n|move|p1a: Toby|Close Combat|p2a: Big Steppa\n|-damage|p2a: Big Steppa|0 fnt\n|-unboost|p1a: Toby|def|1\n|-unboost|p1a: Toby|spd|1\n|faint|p2a: Big Steppa\n|-damage|p1a: Toby|39\/100|[from] item: Life Orb\n|\n|-weather|RainDance|[upkeep]\n|upkeep\n|c|\u2606Damien Leruss|Ok but Haunter does exist back there\n|\n|t:|1701128084\n|switch|p2a: CPS|Dragapult, F|100\/100\n|turn|33\n|c|\u2606Damien Leruss|I assume its Evolite\n|\n|t:|1701128104\n|move|p2a: CPS|Shadow Ball|p1a: Toby\n|-damage|p1a: Toby|0 fnt\n|faint|p1a: Toby\n|\n|-weather|RainDance|[upkeep]\n|upkeep\n|c|\u2606Damien Leruss|No wait\n|\n|t:|1701128110\n|switch|p1a: Vero|Haunter, F|16\/100\n|turn|34\n|c|\u2606Damien Leruss|I'm a fool\n|c| RujandoruX|gg\n|c|\u2606Damien Leruss|gg\n|c| elseworlda|yeah you are\n|\n|t:|1701128120\n|move|p1a: Vero|Shadow Ball|p2a: CPS\n|-supereffective|p2a: CPS\n|-damage|p2a: CPS|0 fnt\n|faint|p2a: CPS\n|\n|win|spookydepot\n|c| schmoepesci|OH\n|c| screencheaters|gah damn\n|c| RujandoruX|LETS GOOOOOOOOO\n|c| TeaBooker|LETS GOOO\n|c|\u2606Damien Leruss|I knew it was scarfed\n|c| elseworlda|love to see it\n|l| schmoepesci\n|c| TeaBooker|GG ON BOTH HALFS\n","uploadtime":1701128167,"views":16,"p1id":"spookydepot","p2id":"damienleruss","formatid":"gen9ou","rating":0,"private":0,"password":""}