{"id":"gen9ou-1993447318","p1":"Valaw","p2":"dead_dondozo_123","format":"[Gen 9] OU","log":"|j|\u2606Valaw\n|j|\u2606dead_dondozo_123\n|t:|1700319066\n|gametype|singles\n|player|p1|Valaw|flannery|1151\n|player|p2|dead_dondozo_123|169|1078\n|teamsize|p1|6\n|teamsize|p2|6\n|gen|9\n|tier|[Gen 9] OU\n|rated|\n|rule|Sleep Clause Mod: Limit one foe put to sleep\n|rule|Species Clause: Limit one of each Pok\u00e9mon\n|rule|OHKO Clause: OHKO moves are banned\n|rule|Evasion Items Clause: Evasion items are banned\n|rule|Evasion Moves Clause: Evasion moves are banned\n|rule|Endless Battle Clause: Forcing endless battles is banned\n|rule|HP Percentage Mod: HP is shown in percentages\n|clearpoke\n|poke|p1|Torkoal, M|\n|poke|p1|Zapdos|\n|poke|p1|Walking Wake|\n|poke|p1|Great Tusk|\n|poke|p1|Kingambit, M|\n|poke|p1|Slowking-Galar, F|\n|poke|p2|Rillaboom, F|\n|poke|p2|Sneasler, M|\n|poke|p2|Zapdos|\n|poke|p2|Gholdengo|\n|poke|p2|Kingambit, F|\n|poke|p2|Landorus-Therian, M|\n|teampreview\n|inactive|Battle timer is ON: inactive players will automatically lose when time's up. (requested by dead_dondozo_123)\n|\n|t:|1700319091\n|start\n|switch|p1a: Great Tusk|Great Tusk|100\/100\n|switch|p2a: Landorus|Landorus-Therian, M|100\/100\n|-ability|p2a: Landorus|Intimidate|boost\n|-unboost|p1a: Great Tusk|atk|1\n|turn|1\n|\n|t:|1700319098\n|move|p2a: Landorus|Stealth Rock|p1a: Great Tusk\n|-sidestart|p1: Valaw|move: Stealth Rock\n|move|p1a: Great Tusk|Ice Spinner|p2a: Landorus\n|-supereffective|p2a: Landorus\n|-damage|p2a: Landorus|0 fnt\n|faint|p2a: Landorus\n|\n|upkeep\n|\n|t:|1700319108\n|switch|p2a: Rillaboom|Rillaboom, F|100\/100\n|-fieldstart|move: Grassy Terrain|[from] ability: Grassy Surge|[of] p2a: Rillaboom\n|turn|2\n|\n|t:|1700319114\n|-end|p1a: Great Tusk|Protosynthesis|[silent]\n|switch|p1a: Zapdos|Zapdos|100\/100\n|move|p2a: Rillaboom|Grassy Glide|p1a: Zapdos\n|-resisted|p1a: Zapdos\n|-damage|p1a: Zapdos|71\/100\n|-status|p2a: Rillaboom|par|[from] ability: Static|[of] p1a: Zapdos\n|\n|upkeep\n|turn|3\n|\n|t:|1700319124\n|switch|p2a: Gholdengo|Gholdengo|100\/100\n|-item|p2a: Gholdengo|Air Balloon\n|move|p1a: Zapdos|Volt Switch|p2a: Gholdengo\n|-damage|p2a: Gholdengo|64\/100\n|-enditem|p2a: Gholdengo|Air Balloon\n|\n|t:|1700319136\n|switch|p1a: Walking Wake|Walking Wake|100\/100|[from] Volt Switch\n|-damage|p1a: Walking Wake|88\/100|[from] Stealth Rock\n|\n|-heal|p1a: Walking Wake|94\/100|[from] Grassy Terrain\n|-heal|p2a: Gholdengo|70\/100|[from] Grassy Terrain\n|upkeep\n|turn|4\n|\n|t:|1700319145\n|move|p1a: Walking Wake|Flamethrower|p2a: Gholdengo\n|-supereffective|p2a: Gholdengo\n|-damage|p2a: Gholdengo|1\/100\n|-status|p2a: Gholdengo|brn\n|move|p2a: Gholdengo|Thunder Wave|p1a: Walking Wake\n|-status|p1a: Walking Wake|par\n|\n|-heal|p2a: Gholdengo|7\/100 brn|[from] Grassy Terrain\n|-heal|p1a: Walking Wake|100\/100 par|[from] Grassy Terrain\n|-damage|p2a: Gholdengo|1\/100 brn|[from] brn\n|upkeep\n|turn|5\n|\n|t:|1700319164\n|move|p2a: Gholdengo|Make It Rain|p1a: Walking Wake\n|-resisted|p1a: Walking Wake\n|-damage|p1a: Walking Wake|62\/100 par\n|-unboost|p2a: Gholdengo|spa|1\n|move|p1a: Walking Wake|Flamethrower|p2a: Gholdengo\n|-supereffective|p2a: Gholdengo\n|-damage|p2a: Gholdengo|0 fnt\n|faint|p2a: Gholdengo\n|\n|-heal|p1a: Walking Wake|69\/100 par|[from] Grassy Terrain\n|upkeep\n|\n|t:|1700319175\n|switch|p2a: Sneasler|Sneasler, M|100\/100\n|-enditem|p2a: Sneasler|Grassy Seed\n|-boost|p2a: Sneasler|def|1|[from] item: Grassy Seed\n|turn|6\n|\n|t:|1700319186\n|move|p2a: Sneasler|Dire Claw|p1a: Walking Wake\n|-damage|p1a: Walking Wake|17\/100 par\n|move|p1a: Walking Wake|Flamethrower|p2a: Sneasler\n|-damage|p2a: Sneasler|56\/100\n|\n|-heal|p2a: Sneasler|62\/100|[from] Grassy Terrain\n|-heal|p1a: Walking Wake|24\/100 par|[from] Grassy Terrain\n|-fieldend|move: Grassy Terrain\n|upkeep\n|turn|7\n|\n|t:|1700319195\n|move|p2a: Sneasler|Dire Claw|p1a: Walking Wake\n|-damage|p1a: Walking Wake|0 fnt\n|faint|p1a: Walking Wake\n|-end|p1a: Walking Wake|Protosynthesis|[silent]\n|\n|upkeep\n|\n|t:|1700319207\n|switch|p1a: Torkoal|Torkoal, M|100\/100\n|-damage|p1a: Torkoal|76\/100|[from] Stealth Rock\n|-weather|SunnyDay|[from] ability: Drought|[of] p1a: Torkoal\n|turn|8\n|\n|t:|1700319221\n|move|p2a: Sneasler|Dire Claw|p1a: Torkoal\n|-damage|p1a: Torkoal|44\/100\n|move|p1a: Torkoal|Lava Plume|p2a: Sneasler\n|-damage|p2a: Sneasler|10\/100\n|\n|-weather|SunnyDay|[upkeep]\n|upkeep\n|turn|9\n|\n|t:|1700319228\n|move|p2a: Sneasler|Close Combat|p1a: Torkoal\n|-damage|p1a: Torkoal|0 fnt\n|-unboost|p2a: Sneasler|def|1\n|-unboost|p2a: Sneasler|spd|1\n|faint|p1a: Torkoal\n|\n|-weather|SunnyDay|[upkeep]\n|upkeep\n|\n|t:|1700319240\n|switch|p1a: Kingambit|Kingambit, M|100\/100\n|-damage|p1a: Kingambit|94\/100|[from] Stealth Rock\n|-activate|p1a: Kingambit|ability: Supreme Overlord\n|-start|p1a: Kingambit|fallen2|[silent]\n|turn|10\n|\n|t:|1700319246\n|move|p2a: Sneasler|Taunt|p1a: Kingambit\n|-start|p1a: Kingambit|move: Taunt\n|cant|p1a: Kingambit|move: Taunt|Swords Dance\n|\n|-weather|SunnyDay|[upkeep]\n|-heal|p1a: Kingambit|100\/100|[from] item: Leftovers\n|upkeep\n|turn|11\n|\n|t:|1700319255\n|move|p2a: Sneasler|Taunt||[still]\n|-fail|p2a: Sneasler\n|move|p1a: Kingambit|Kowtow Cleave|p2a: Sneasler\n|-resisted|p2a: Sneasler\n|-damage|p2a: Sneasler|0 fnt\n|faint|p2a: Sneasler\n|\n|-weather|SunnyDay|[upkeep]\n|upkeep\n|\n|t:|1700319265\n|switch|p2a: Rillaboom|Rillaboom, F|100\/100 par\n|-fieldstart|move: Grassy Terrain|[from] ability: Grassy Surge|[of] p2a: Rillaboom\n|turn|12\n|\n|t:|1700319271\n|move|p1a: Kingambit|Iron Head|p2a: Rillaboom\n|-damage|p2a: Rillaboom|42\/100 par\n|cant|p2a: Rillaboom|flinch\n|\n|-weather|SunnyDay|[upkeep]\n|-heal|p2a: Rillaboom|48\/100 par|[from] Grassy Terrain\n|-end|p1a: Kingambit|move: Taunt\n|upkeep\n|turn|13\n|\n|t:|1700319279\n|move|p1a: Kingambit|Swords Dance|p1a: Kingambit\n|-boost|p1a: Kingambit|atk|2\n|move|p2a: Rillaboom|Earthquake|p1a: Kingambit\n|-supereffective|p1a: Kingambit\n|-crit|p1a: Kingambit\n|-damage|p1a: Kingambit|40\/100\n|\n|-weather|SunnyDay|[upkeep]\n|-heal|p1a: Kingambit|46\/100|[from] Grassy Terrain\n|-heal|p1a: Kingambit|52\/100|[from] item: Leftovers\n|-heal|p2a: Rillaboom|54\/100 par|[from] Grassy Terrain\n|upkeep\n|turn|14\n|\n|t:|1700319291\n|move|p1a: Kingambit|Iron Head|p2a: Rillaboom\n|-damage|p2a: Rillaboom|0 fnt\n|faint|p2a: Rillaboom\n|\n|-weather|SunnyDay|[upkeep]\n|-heal|p1a: Kingambit|58\/100|[from] Grassy Terrain\n|-heal|p1a: Kingambit|64\/100|[from] item: Leftovers\n|upkeep\n|\n|t:|1700319300\n|switch|p2a: Kingambit|Kingambit, F|100\/100\n|-activate|p2a: Kingambit|ability: Supreme Overlord\n|-start|p2a: Kingambit|fallen4|[silent]\n|turn|15\n|\n|t:|1700319307\n|move|p1a: Kingambit|Kowtow Cleave|p2a: Kingambit\n|-resisted|p2a: Kingambit\n|-damage|p2a: Kingambit|56\/100\n|move|p2a: Kingambit|Brick Break|p1a: Kingambit\n|-supereffective|p1a: Kingambit\n|-damage|p1a: Kingambit|0 fnt\n|faint|p1a: Kingambit\n|-end|p1a: Kingambit|fallen2|[silent]\n|\n|-weather|none\n|-heal|p2a: Kingambit|62\/100|[from] Grassy Terrain\n|upkeep\n|\n|t:|1700319318\n|switch|p1a: Zapdos|Zapdos|71\/100\n|turn|16\n|\n|t:|1700319326\n|-terastallize|p2a: Kingambit|Fairy\n|move|p1a: Zapdos|Discharge|p2a: Kingambit\n|-damage|p2a: Kingambit|38\/100\n|-status|p2a: Kingambit|par\n|cant|p2a: Kingambit|par\n|\n|-heal|p2a: Kingambit|44\/100 par|[from] Grassy Terrain\n|-fieldend|move: Grassy Terrain\n|upkeep\n|turn|17\n|c|\u2606dead_dondozo_123|f. u\n|\n|t:|1700319343\n|move|p2a: Kingambit|Sucker Punch|p1a: Zapdos\n|-damage|p1a: Zapdos|12\/100\n|move|p1a: Zapdos|Discharge|p2a: Kingambit\n|-damage|p2a: Kingambit|21\/100 par\n|\n|upkeep\n|turn|18\n|\n|t:|1700319349\n|move|p2a: Kingambit|Sucker Punch||[still]\n|-fail|p2a: Kingambit\n|move|p1a: Zapdos|Roost|p1a: Zapdos\n|-heal|p1a: Zapdos|62\/100\n|-singleturn|p1a: Zapdos|move: Roost\n|\n|upkeep\n|turn|19\n|\n|t:|1700319357\n|move|p2a: Kingambit|Sucker Punch|p1a: Zapdos\n|-damage|p1a: Zapdos|6\/100\n|move|p1a: Zapdos|Discharge|p2a: Kingambit\n|-damage|p2a: Kingambit|0 fnt\n|faint|p2a: Kingambit\n|-end|p2a: Kingambit|fallen4|[silent]\n|\n|upkeep\n|\n|t:|1700319363\n|switch|p2a: Zapdos|Zapdos|100\/100\n|-ability|p2a: Zapdos|Pressure\n|turn|20\n|\n|t:|1700319369\n|move|p1a: Zapdos|Discharge|p2a: Zapdos\n|-damage|p2a: Zapdos|65\/100\n|move|p2a: Zapdos|Volt Switch|p1a: Zapdos\n|-damage|p1a: Zapdos|0 fnt\n|faint|p1a: Zapdos\n|\n|upkeep\n|\n|t:|1700319376\n|switch|p1a: Great Tusk|Great Tusk|100\/100\n|-damage|p1a: Great Tusk|98\/100|[from] Stealth Rock\n|turn|21\n|\n|t:|1700319381\n|move|p2a: Zapdos|Hurricane|p1a: Great Tusk|[miss]\n|-miss|p2a: Zapdos|p1a: Great Tusk\n|move|p1a: Great Tusk|Ice Spinner|p2a: Zapdos\n|-supereffective|p2a: Zapdos\n|-damage|p2a: Zapdos|0 fnt\n|faint|p2a: Zapdos\n|\n|win|Valaw\n|raw|Valaw's rating: 1151 &rarr; <strong>1171<\/strong><br \/>(+20 for winning)\n|raw|dead_dondozo_123's rating: 1078 &rarr; <strong>1061<\/strong><br \/>(-17 for losing)\n|l|\u2606Valaw\n|c|\u2606dead_dondozo_123|...\n|c|\u2606dead_dondozo_123|so unlucky.\n","uploadtime":1700319400,"views":17,"p1id":"valaw","p2id":"deaddondozo123","formatid":"gen9ou","rating":1061,"private":0,"password":""}