{"id":"gen9ou-1994154509","p1":"Jack0lantern89","p2":"Blizzchor","format":"[Gen 9] OU","log":"|j|\u2606Jack0lantern89\n|j|\u2606Blizzchor\n|t:|1700413202\n|gametype|singles\n|player|p1|Jack0lantern89|steven|1397\n|player|p2|Blizzchor|colress|1444\n|teamsize|p1|6\n|teamsize|p2|6\n|gen|9\n|tier|[Gen 9] OU\n|rated|\n|rule|Sleep Clause Mod: Limit one foe put to sleep\n|rule|Species Clause: Limit one of each Pok\u00e9mon\n|rule|OHKO Clause: OHKO moves are banned\n|rule|Evasion Items Clause: Evasion items are banned\n|rule|Evasion Moves Clause: Evasion moves are banned\n|rule|Endless Battle Clause: Forcing endless battles is banned\n|rule|HP Percentage Mod: HP is shown in percentages\n|clearpoke\n|poke|p1|Rillaboom, F|\n|poke|p1|Hawlucha, M|\n|poke|p1|Magnezone|\n|poke|p1|Ogerpon-Wellspring, F|\n|poke|p1|Glimmora, M|\n|poke|p1|Hatterene, F|\n|poke|p2|Zoroark-Hisui, M|\n|poke|p2|Braviary-Hisui, M|\n|poke|p2|Meowscarada, M|\n|poke|p2|Zamazenta-*|\n|poke|p2|Ting-Lu|\n|poke|p2|Iron Treads|\n|teampreview\n|inactive|Battle timer is ON: inactive players will automatically lose when time's up. (requested by Jack0lantern89)\n|\n|t:|1700413213\n|start\n|switch|p1a: Glimmora|Glimmora, M|100\/100\n|switch|p2a: Meowscarada|Meowscarada, M, shiny|100\/100\n|turn|1\n|\n|t:|1700413217\n|move|p2a: Meowscarada|U-turn|p1a: Glimmora\n|-start|p2a: Meowscarada|typechange|Bug|[from] ability: Protean\n|-resisted|p1a: Glimmora\n|-damage|p1a: Glimmora|80\/100\n|-activate|p1a: Glimmora|ability: Toxic Debris\n|-sidestart|p2: Blizzchor|move: Toxic Spikes\n|\n|t:|1700413218\n|switch|p2a: Iron Treads|Iron Treads|100\/100|[from] U-turn\n|move|p1a: Glimmora|Mortal Spin|p2a: Iron Treads\n|-immune|p2a: Iron Treads\n|\n|upkeep\n|turn|2\n|\n|t:|1700413225\n|switch|p1a: Rillaboom|Rillaboom, F|100\/100\n|-fieldstart|move: Grassy Terrain|[from] ability: Grassy Surge|[of] p1a: Rillaboom\n|move|p2a: Iron Treads|Rapid Spin|p1a: Rillaboom\n|-damage|p1a: Rillaboom|85\/100\n|-boost|p2a: Iron Treads|spe|1\n|-sideend|p2: Blizzchor|Toxic Spikes|[from] move: Rapid Spin|[of] p2a: Iron Treads\n|\n|-heal|p1a: Rillaboom|91\/100|[from] Grassy Terrain\n|upkeep\n|turn|3\n|\n|t:|1700413228\n|move|p2a: Iron Treads|Ice Spinner|p1a: Rillaboom\n|-supereffective|p1a: Rillaboom\n|-damage|p1a: Rillaboom|40\/100\n|-fieldend|move: Grassy Terrain\n|move|p1a: Rillaboom|U-turn|p2a: Iron Treads\n|-resisted|p2a: Iron Treads\n|-damage|p2a: Iron Treads|89\/100\n|\n|t:|1700413236\n|switch|p1a: Ogerpon|Ogerpon-Wellspring, F|100\/100|[from] U-turn\n|\n|upkeep\n|turn|4\n|\n|t:|1700413239\n|move|p2a: Iron Treads|Volt Switch|p1a: Ogerpon\n|-damage|p1a: Ogerpon|87\/100\n|\n|t:|1700413241\n|-end|p2a: Iron Treads|Quark Drive|[silent]\n|switch|p2a: Zamazenta|Zamazenta|100\/100|[from] Volt Switch\n|-ability|p2a: Zamazenta|Dauntless Shield|boost\n|-boost|p2a: Zamazenta|def|1\n|move|p1a: Ogerpon|Swords Dance|p1a: Ogerpon\n|-boost|p1a: Ogerpon|atk|2\n|\n|upkeep\n|turn|5\n|\n|t:|1700413248\n|move|p2a: Zamazenta|Iron Defense|p2a: Zamazenta\n|-boost|p2a: Zamazenta|def|2\n|move|p1a: Ogerpon|Ivy Cudgel|p2a: Zamazenta|[anim] Ivy Cudgel Water\n|-damage|p2a: Zamazenta|64\/100\n|\n|-heal|p2a: Zamazenta|70\/100|[from] item: Leftovers\n|upkeep\n|turn|6\n|\n|t:|1700413254\n|move|p2a: Zamazenta|Body Press|p1a: Ogerpon\n|-damage|p1a: Ogerpon|0 fnt\n|faint|p1a: Ogerpon\n|\n|-heal|p2a: Zamazenta|76\/100|[from] item: Leftovers\n|upkeep\n|\n|t:|1700413258\n|switch|p1a: Hatterene|Hatterene, F|100\/100\n|turn|7\n|\n|t:|1700413262\n|switch|p2a: Iron Treads|Iron Treads|89\/100\n|move|p1a: Hatterene|Draining Kiss|p2a: Iron Treads\n|-resisted|p2a: Iron Treads\n|-damage|p2a: Iron Treads|79\/100\n|\n|upkeep\n|turn|8\n|\n|t:|1700413269\n|switch|p1a: Magnezone|Magnezone|100\/100\n|move|p2a: Iron Treads|Volt Switch|p1a: Magnezone\n|-resisted|p1a: Magnezone\n|-damage|p1a: Magnezone|94\/100\n|\n|t:|1700413274\n|-end|p2a: Iron Treads|Quark Drive|[silent]\n|switch|p2a: Ting-Lu|Ting-Lu|100\/100|[from] Volt Switch\n|-ability|p2a: Ting-Lu|Vessel of Ruin\n|\n|upkeep\n|turn|9\n|\n|t:|1700413278\n|switch|p1a: Glimmora|Glimmora, M|80\/100\n|move|p2a: Ting-Lu|Earthquake|p1a: Glimmora\n|-supereffective|p1a: Glimmora\n|-damage|p1a: Glimmora|0 fnt\n|-activate|p1a: Glimmora|ability: Toxic Debris\n|-sidestart|p2: Blizzchor|move: Toxic Spikes\n|faint|p1a: Glimmora\n|\n|upkeep\n|\n|t:|1700413281\n|switch|p1a: Rillaboom|Rillaboom, F|40\/100\n|-fieldstart|move: Grassy Terrain|[from] ability: Grassy Surge|[of] p1a: Rillaboom\n|turn|10\n|\n|t:|1700413288\n|move|p1a: Rillaboom|Drain Punch|p2a: Ting-Lu\n|-supereffective|p2a: Ting-Lu\n|-damage|p2a: Ting-Lu|77\/100\n|-heal|p1a: Rillaboom|56\/100|[from] drain|[of] p2a: Ting-Lu\n|move|p2a: Ting-Lu|Whirlwind|p1a: Rillaboom\n|drag|p1a: Hatterene|Hatterene, F|100\/100\n|\n|-heal|p2a: Ting-Lu|83\/100|[from] Grassy Terrain\n|-heal|p2a: Ting-Lu|89\/100|[from] item: Leftovers\n|upkeep\n|turn|11\n|\n|t:|1700413293\n|move|p2a: Ting-Lu|Earthquake|p1a: Hatterene\n|-crit|p1a: Hatterene\n|-damage|p1a: Hatterene|76\/100\n|move|p1a: Hatterene|Mystical Fire|p2a: Ting-Lu\n|-damage|p2a: Ting-Lu|76\/100\n|-unboost|p2a: Ting-Lu|spa|1\n|\n|-heal|p2a: Ting-Lu|83\/100|[from] Grassy Terrain\n|-heal|p2a: Ting-Lu|89\/100|[from] item: Leftovers\n|-heal|p1a: Hatterene|82\/100|[from] Grassy Terrain\n|-heal|p1a: Hatterene|88\/100|[from] item: Leftovers\n|upkeep\n|turn|12\n|\n|t:|1700413299\n|move|p2a: Ting-Lu|Ruination|p1a: Hatterene\n|-damage|p1a: Hatterene|44\/100\n|move|p1a: Hatterene|Calm Mind|p1a: Hatterene\n|-boost|p1a: Hatterene|spa|1\n|-boost|p1a: Hatterene|spd|1\n|\n|-heal|p2a: Ting-Lu|95\/100|[from] Grassy Terrain\n|-heal|p2a: Ting-Lu|100\/100|[from] item: Leftovers\n|-heal|p1a: Hatterene|50\/100|[from] Grassy Terrain\n|-heal|p1a: Hatterene|56\/100|[from] item: Leftovers\n|upkeep\n|turn|13\n|\n|t:|1700413302\n|move|p2a: Ting-Lu|Ruination|p1a: Hatterene|[miss]\n|-miss|p2a: Ting-Lu|p1a: Hatterene\n|move|p1a: Hatterene|Mystical Fire|p2a: Ting-Lu\n|-damage|p2a: Ting-Lu|82\/100\n|-unboost|p2a: Ting-Lu|spa|1\n|\n|-heal|p2a: Ting-Lu|88\/100|[from] Grassy Terrain\n|-heal|p2a: Ting-Lu|94\/100|[from] item: Leftovers\n|-heal|p1a: Hatterene|62\/100|[from] Grassy Terrain\n|-heal|p1a: Hatterene|68\/100|[from] item: Leftovers\n|upkeep\n|turn|14\n|\n|t:|1700413304\n|move|p2a: Ting-Lu|Ruination|p1a: Hatterene\n|-damage|p1a: Hatterene|34\/100\n|move|p1a: Hatterene|Draining Kiss|p2a: Ting-Lu\n|-supereffective|p2a: Ting-Lu\n|-damage|p2a: Ting-Lu|52\/100\n|-heal|p1a: Hatterene|85\/100|[from] drain|[of] p2a: Ting-Lu\n|\n|-heal|p2a: Ting-Lu|58\/100|[from] Grassy Terrain\n|-heal|p2a: Ting-Lu|65\/100|[from] item: Leftovers\n|-heal|p1a: Hatterene|91\/100|[from] Grassy Terrain\n|-heal|p1a: Hatterene|97\/100|[from] item: Leftovers\n|upkeep\n|turn|15\n|\n|t:|1700413308\n|switch|p2a: Iron Treads|Iron Treads|79\/100\n|move|p1a: Hatterene|Calm Mind|p1a: Hatterene\n|-boost|p1a: Hatterene|spa|1\n|-boost|p1a: Hatterene|spd|1\n|\n|-heal|p2a: Iron Treads|85\/100|[from] Grassy Terrain\n|-heal|p1a: Hatterene|100\/100|[from] Grassy Terrain\n|upkeep\n|turn|16\n|\n|t:|1700413312\n|move|p2a: Iron Treads|Rapid Spin|p1a: Hatterene\n|-damage|p1a: Hatterene|88\/100\n|-boost|p2a: Iron Treads|spe|1\n|-sideend|p2: Blizzchor|Toxic Spikes|[from] move: Rapid Spin|[of] p2a: Iron Treads\n|move|p1a: Hatterene|Mystical Fire|p2a: Iron Treads\n|-supereffective|p2a: Iron Treads\n|-damage|p2a: Iron Treads|9\/100\n|-unboost|p2a: Iron Treads|spa|1\n|\n|-heal|p2a: Iron Treads|15\/100|[from] Grassy Terrain\n|-heal|p1a: Hatterene|94\/100|[from] Grassy Terrain\n|-heal|p1a: Hatterene|99\/100|[from] item: Leftovers\n|upkeep\n|turn|17\n|\n|t:|1700413318\n|move|p2a: Iron Treads|Earthquake|p1a: Hatterene\n|-damage|p1a: Hatterene|79\/100\n|move|p1a: Hatterene|Draining Kiss|p2a: Iron Treads\n|-resisted|p2a: Iron Treads\n|-damage|p2a: Iron Treads|0 fnt\n|-heal|p1a: Hatterene|92\/100|[from] drain|[of] p2a: Iron Treads\n|faint|p2a: Iron Treads\n|-end|p2a: Iron Treads|Quark Drive|[silent]\n|\n|-heal|p1a: Hatterene|98\/100|[from] Grassy Terrain\n|-heal|p1a: Hatterene|100\/100|[from] item: Leftovers\n|-fieldend|move: Grassy Terrain\n|upkeep\n|\n|t:|1700413325\n|switch|p2a: Meowscarada|Meowscarada, M, shiny|100\/100\n|turn|18\n|\n|t:|1700413335\n|move|p2a: Meowscarada|Knock Off|p1a: Hatterene\n|-start|p2a: Meowscarada|typechange|Dark|[from] ability: Protean\n|-damage|p1a: Hatterene|65\/100\n|-enditem|p1a: Hatterene|Leftovers|[from] move: Knock Off|[of] p2a: Meowscarada\n|move|p1a: Hatterene|Draining Kiss|p2a: Meowscarada\n|-supereffective|p2a: Meowscarada\n|-damage|p2a: Meowscarada|0 fnt\n|-heal|p1a: Hatterene|100\/100|[from] drain|[of] p2a: Meowscarada\n|faint|p2a: Meowscarada\n|\n|upkeep\n|\n|t:|1700413344\n|switch|p2a: Braviary|Braviary-Hisui, M, shiny|100\/100\n|turn|19\n|\n|t:|1700413356\n|move|p2a: Braviary|Hurricane|p1a: Hatterene\n|-damage|p1a: Hatterene|49\/100\n|move|p1a: Hatterene|Mystical Fire|p2a: Braviary\n|-damage|p2a: Braviary|54\/100\n|-unboost|p2a: Braviary|spa|1\n|\n|upkeep\n|turn|20\n|\n|t:|1700413364\n|move|p2a: Braviary|Hurricane|p1a: Hatterene|[miss]\n|-miss|p2a: Braviary|p1a: Hatterene\n|move|p1a: Hatterene|Draining Kiss|p2a: Braviary\n|-damage|p2a: Braviary|8\/100\n|-heal|p1a: Hatterene|95\/100|[from] drain|[of] p2a: Braviary\n|\n|upkeep\n|turn|21\n|\n|t:|1700413367\n|move|p2a: Braviary|Hurricane|p1a: Hatterene\n|-damage|p1a: Hatterene|62\/100\n|move|p1a: Hatterene|Draining Kiss|p2a: Braviary\n|-damage|p2a: Braviary|0 fnt\n|-heal|p1a: Hatterene|70\/100|[from] drain|[of] p2a: Braviary\n|faint|p2a: Braviary\n|\n|upkeep\n|-message|Blizzchor forfeited.\n|\n|win|Jack0lantern89\n|raw|Jack0lantern89's rating: 1397 &rarr; <strong>1420<\/strong><br \/>(+23 for winning)\n|raw|Blizzchor's rating: 1444 &rarr; <strong>1421<\/strong><br \/>(-23 for losing)\n|l|\u2606Blizzchor\n","uploadtime":1700413373,"views":36,"p1id":"jack0lantern89","p2id":"blizzchor","formatid":"gen9ou","rating":1420,"private":0,"password":""}