{"id":"gen9ou-1992324178","p1":"B1RKSY","p2":"reezobi","format":"[Gen 9] OU","log":"|j|\u2606B1RKSY\n|j|\u2606reezobi\n|t:|1700174757\n|gametype|singles\n|player|p1|B1RKSY|cynthia-gen4|1511\n|player|p2|reezobi|red|1402\n|teamsize|p1|6\n|teamsize|p2|6\n|gen|9\n|tier|[Gen 9] OU\n|rated|\n|rule|Sleep Clause Mod: Limit one foe put to sleep\n|rule|Species Clause: Limit one of each Pok\u00e9mon\n|rule|OHKO Clause: OHKO moves are banned\n|rule|Evasion Items Clause: Evasion items are banned\n|rule|Evasion Moves Clause: Evasion moves are banned\n|rule|Endless Battle Clause: Forcing endless battles is banned\n|rule|HP Percentage Mod: HP is shown in percentages\n|clearpoke\n|poke|p1|Torkoal, F|\n|poke|p1|Walking Wake|\n|poke|p1|Glimmora, M|\n|poke|p1|Zoroark-Hisui, M|\n|poke|p1|Great Tusk|\n|poke|p1|Zapdos|\n|poke|p2|Weavile, F|\n|poke|p2|Ogerpon-Wellspring, F|\n|poke|p2|Heatran, F|\n|poke|p2|Weezing-Galar, M|\n|poke|p2|Hatterene, F|\n|poke|p2|Dragapult, F|\n|teampreview\n|\n|t:|1700174808\n|start\n|switch|p1a: Glimmora|Glimmora, M|100\/100\n|switch|p2a: Weavile|Weavile, F|100\/100\n|turn|1\n|\n|t:|1700174818\n|switch|p2a: Hatterene|Hatterene, F|100\/100\n|move|p1a: Glimmora|Focus Blast|p2a: Hatterene\n|-resisted|p2a: Hatterene\n|-damage|p2a: Hatterene|86\/100\n|-damage|p1a: Glimmora|91\/100|[from] item: Life Orb\n|\n|-heal|p2a: Hatterene|92\/100|[from] item: Leftovers\n|upkeep\n|turn|2\n|\n|t:|1700174839\n|switch|p2a: Heatran|Heatran, F|100\/100\n|move|p1a: Glimmora|Shadow Ball|p2a: Heatran\n|-damage|p2a: Heatran|52\/100\n|-damage|p1a: Glimmora|81\/100|[from] item: Life Orb\n|\n|-heal|p2a: Heatran|58\/100|[from] item: Leftovers\n|upkeep\n|turn|3\n|\n|t:|1700174855\n|switch|p2a: Dragapult|Dragapult, F|100\/100\n|move|p1a: Glimmora|Focus Blast|p2a: Dragapult\n|-immune|p2a: Dragapult\n|\n|upkeep\n|turn|4\n|\n|t:|1700174871\n|-terastallize|p1a: Glimmora|Fairy\n|move|p2a: Dragapult|Draco Meteor|p1a: Glimmora\n|-immune|p1a: Glimmora\n|move|p1a: Glimmora|Shadow Ball|p2a: Dragapult\n|-supereffective|p2a: Dragapult\n|-damage|p2a: Dragapult|0 fnt\n|faint|p2a: Dragapult\n|-damage|p1a: Glimmora|71\/100|[from] item: Life Orb\n|\n|upkeep\n|\n|t:|1700174892\n|switch|p2a: Weavile|Weavile, F|100\/100\n|turn|5\n|\n|t:|1700174908\n|move|p2a: Weavile|Swords Dance|p2a: Weavile\n|-boost|p2a: Weavile|atk|2\n|move|p1a: Glimmora|Tera Blast|p2a: Weavile|[anim] Tera Blast Fairy\n|-supereffective|p2a: Weavile\n|-crit|p2a: Weavile\n|-enditem|p2a: Weavile|Focus Sash\n|-damage|p2a: Weavile|1\/100\n|-damage|p1a: Glimmora|61\/100|[from] item: Life Orb\n|\n|upkeep\n|turn|6\n|\n|t:|1700174919\n|move|p2a: Weavile|Icicle Crash|p1a: Glimmora|[miss]\n|-miss|p2a: Weavile|p1a: Glimmora\n|move|p1a: Glimmora|Tera Blast|p2a: Weavile|[anim] Tera Blast Fairy\n|-supereffective|p2a: Weavile\n|-damage|p2a: Weavile|0 fnt\n|faint|p2a: Weavile\n|-damage|p1a: Glimmora|51\/100|[from] item: Life Orb\n|\n|upkeep\n|-message|reezobi forfeited.\n|\n|win|B1RKSY\n|raw|B1RKSY's rating: 1511 &rarr; <strong>1525<\/strong><br \/>(+14 for winning)\n|raw|reezobi's rating: 1402 &rarr; <strong>1388<\/strong><br \/>(-14 for losing)\n|l|\u2606reezobi\n","uploadtime":1700174929,"views":22,"p1id":"b1rksy","p2id":"reezobi","formatid":"gen9ou","rating":1388,"private":0,"password":""}