{"id":"gen9ou-1994310968","p1":"Electrik_101","p2":"Antarcthyx","format":"[Gen 9] OU","log":"|j|\u2606Electrik_101\n|j|\u2606Antarcthyx\n|t:|1700429761\n|gametype|singles\n|player|p1|Electrik_101|colress|1163\n|player|p2|Antarcthyx|giovanni|1127\n|teamsize|p1|6\n|teamsize|p2|6\n|gen|9\n|tier|[Gen 9] OU\n|rated|\n|rule|Sleep Clause Mod: Limit one foe put to sleep\n|rule|Species Clause: Limit one of each Pok\u00e9mon\n|rule|OHKO Clause: OHKO moves are banned\n|rule|Evasion Items Clause: Evasion items are banned\n|rule|Evasion Moves Clause: Evasion moves are banned\n|rule|Endless Battle Clause: Forcing endless battles is banned\n|rule|HP Percentage Mod: HP is shown in percentages\n|clearpoke\n|poke|p1|Alomomola, F|\n|poke|p1|Slowking-Galar, F|\n|poke|p1|Kingambit, F|\n|poke|p1|Great Tusk|\n|poke|p1|Cinderace, F|\n|poke|p1|Thundurus-Therian, M|\n|poke|p2|Dondozo, M|\n|poke|p2|Ninetales-Alola, F|\n|poke|p2|Ogerpon-Wellspring, F|\n|poke|p2|Corviknight, M|\n|poke|p2|Kommo-o, M|\n|poke|p2|Iron Moth|\n|teampreview\n|c|\u2606Antarcthyx|hi\n|c|\u2606Electrik_101|shut up >:C\n|\n|t:|1700429777\n|start\n|switch|p1a: Kingambit|Kingambit, F|100\/100\n|switch|p2a: Kommo-o|Kommo-o, M, shiny|100\/100\n|turn|1\n|c|\u2606Antarcthyx|wha-\n|\n|t:|1700429787\n|-end|p1a: Kingambit|fallenundefined|[silent]\n|switch|p1a: Alomomola|Alomomola, F|100\/100\n|move|p2a: Kommo-o|Clangorous Soul|p2a: Kommo-o\n|-boost|p2a: Kommo-o|atk|1\n|-boost|p2a: Kommo-o|def|1\n|-boost|p2a: Kommo-o|spa|1\n|-boost|p2a: Kommo-o|spd|1\n|-boost|p2a: Kommo-o|spe|1\n|-damage|p2a: Kommo-o|68\/100\n|\n|upkeep\n|turn|2\n|\n|t:|1700429804\n|move|p2a: Kommo-o|Boomburst|p1a: Alomomola\n|-damage|p1a: Alomomola|43\/100\n|-enditem|p1a: Alomomola|Red Card|[of] p2a: Kommo-o\n|drag|p2a: Ninetales|Ninetales-Alola, F, shiny|100\/100\n|-weather|Snow|[from] ability: Snow Warning|[of] p2a: Ninetales\n|move|p1a: Alomomola|Wish|p1a: Alomomola\n|\n|-weather|Snow|[upkeep]\n|upkeep\n|turn|3\n|\n|t:|1700429828\n|switch|p1a: Cinderace|Cinderace, F|100\/100\n|move|p2a: Ninetales|Aurora Veil|p2a: Ninetales\n|-sidestart|p2: Antarcthyx|move: Aurora Veil\n|\n|-weather|Snow|[upkeep]\n|upkeep\n|turn|4\n|\n|t:|1700429843\n|move|p1a: Cinderace|U-turn|p2a: Ninetales\n|-start|p1a: Cinderace|typechange|Bug|[from] ability: Libero\n|-resisted|p2a: Ninetales\n|-damage|p2a: Ninetales|94\/100\n|\n|t:|1700429848\n|switch|p1a: Slowking|Slowking-Galar, F|100\/100|[from] U-turn\n|move|p2a: Ninetales|Chilling Water|p1a: Slowking\n|-damage|p1a: Slowking|95\/100\n|-unboost|p1a: Slowking|atk|1\n|\n|-weather|Snow|[upkeep]\n|upkeep\n|turn|5\n|\n|t:|1700429872\n|move|p2a: Ninetales|Blizzard|p1a: Slowking\n|-damage|p1a: Slowking|75\/100\n|move|p1a: Slowking|Future Sight|p2a: Ninetales\n|-start|p1a: Slowking|move: Future Sight\n|\n|-weather|Snow|[upkeep]\n|upkeep\n|turn|6\n|\n|t:|1700429881\n|move|p2a: Ninetales|Blizzard|p1a: Slowking\n|-damage|p1a: Slowking|55\/100\n|move|p1a: Slowking|Chilly Reception|p1a: Slowking\n|\n|t:|1700429884\n|switch|p1a: Kingambit|Kingambit, F|100\/100|[from] Chilly Reception\n|\n|-weather|Snow|[upkeep]\n|upkeep\n|turn|7\n|\n|t:|1700429897\n|move|p2a: Ninetales|Blizzard|p1a: Kingambit\n|-resisted|p1a: Kingambit\n|-damage|p1a: Kingambit|85\/100\n|move|p1a: Kingambit|Iron Head|p2a: Ninetales\n|-supereffective|p2a: Ninetales\n|-damage|p2a: Ninetales|13\/100\n|\n|-weather|Snow|[upkeep]\n|-end|p2a: Ninetales|move: Future Sight\n|-damage|p2a: Ninetales|0 fnt\n|faint|p2a: Ninetales\n|-heal|p1a: Kingambit|91\/100|[from] item: Leftovers\n|-sideend|p2: Antarcthyx|move: Aurora Veil\n|upkeep\n|\n|t:|1700429914\n|switch|p2a: Ogerpon|Ogerpon-Wellspring, F|100\/100\n|turn|8\n|\n|t:|1700429919\n|-end|p1a: Kingambit|fallenundefined|[silent]\n|switch|p1a: Alomomola|Alomomola, F|76\/100\n|move|p2a: Ogerpon|Swords Dance|p2a: Ogerpon\n|-boost|p2a: Ogerpon|atk|2\n|\n|-weather|Snow|[upkeep]\n|upkeep\n|turn|9\n|\n|t:|1700429928\n|switch|p1a: Cinderace|Cinderace, F|100\/100\n|move|p2a: Ogerpon|Trailblaze|p1a: Cinderace\n|-resisted|p1a: Cinderace\n|-damage|p1a: Cinderace|55\/100\n|-boost|p2a: Ogerpon|spe|1\n|\n|-weather|none\n|upkeep\n|turn|10\n|c|\u2606Electrik_101|oh\n|c|\u2606Electrik_101|ggs\n|\n|t:|1700429939\n|move|p2a: Ogerpon|Ivy Cudgel|p1a: Cinderace|[anim] Ivy Cudgel Water\n|-supereffective|p1a: Cinderace\n|-damage|p1a: Cinderace|0 fnt\n|faint|p1a: Cinderace\n|\n|upkeep\n|\n|t:|1700429942\n|switch|p1a: Thundurus|Thundurus-Therian, M|100\/100\n|turn|11\n|\n|t:|1700429956\n|-terastallize|p2a: Ogerpon|Water\n|detailschange|p2a: Ogerpon|Ogerpon-Wellspring-Tera, F, tera:Water\n|-ability|p2a: Ogerpon|Embody Aspect (Wellspring)|boost\n|-boost|p2a: Ogerpon|spd|1\n|-terastallize|p1a: Thundurus|Flying\n|move|p2a: Ogerpon|Knock Off|p1a: Thundurus\n|-damage|p1a: Thundurus|0 fnt\n|-enditem|p1a: Thundurus|Choice Scarf|[from] move: Knock Off|[of] p2a: Ogerpon\n|faint|p1a: Thundurus\n|\n|upkeep\n|-message|Electrik_101 forfeited.\n|\n|win|Antarcthyx\n|raw|Electrik_101's rating: 1163 &rarr; <strong>1135<\/strong><br \/>(-28 for losing)\n|raw|Antarcthyx's rating: 1127 &rarr; <strong>1155<\/strong><br \/>(+28 for winning)\n|l|\u2606Electrik_101\n","uploadtime":1700429972,"views":13,"p1id":"electrik101","p2id":"antarcthyx","formatid":"gen9ou","rating":1135,"private":0,"password":""}