{"id":"gen9ou-1992511023","p1":"S3PP1","p2":"CrushMeGoodra","format":"[Gen 9] OU","log":"|j|\u2606S3PP1\n|j|\u2606CrushMeGoodra\n|t:|1700197242\n|gametype|singles\n|player|p1|S3PP1|chuck|\n|player|p2|CrushMeGoodra|poppy|\n|teamsize|p1|6\n|teamsize|p2|6\n|gen|9\n|tier|[Gen 9] OU\n|rule|Sleep Clause Mod: Limit one foe put to sleep\n|rule|Species Clause: Limit one of each Pok\u00e9mon\n|rule|OHKO Clause: OHKO moves are banned\n|rule|Evasion Items Clause: Evasion items are banned\n|rule|Evasion Moves Clause: Evasion moves are banned\n|rule|Endless Battle Clause: Forcing endless battles is banned\n|rule|HP Percentage Mod: HP is shown in percentages\n|clearpoke\n|poke|p1|Great Tusk|\n|poke|p1|Ribombee, M|\n|poke|p1|Goodra-Hisui, M|\n|poke|p1|Azumarill, F|\n|poke|p1|Rotom-Heat|\n|poke|p1|Gligar, F|\n|poke|p2|Samurott-Hisui, F|\n|poke|p2|Iron Moth|\n|poke|p2|Breloom, M|\n|poke|p2|Sandy Shocks|\n|poke|p2|Espeon, F|\n|poke|p2|Donphan, F|\n|teampreview\n|inactive|Battle timer is ON: inactive players will automatically lose when time's up. (requested by S3PP1)\n|\n|t:|1700197245\n|start\n|switch|p1a: Flesh Toy|Ribombee, M, shiny|100\/100\n|switch|p2a: One Piece|Samurott-Hisui, F|100\/100\n|turn|1\n|j| CRIPPYwitdaGRIPPY\n|\n|t:|1700197249\n|switch|p2a: Tight Cookie|Espeon, F|100\/100\n|move|p1a: Flesh Toy|Sticky Web|p2a: Tight Cookie\n|move|p2a: Tight Cookie|Sticky Web|p1a: Flesh Toy|[from]ability: Magic Bounce\n|-sidestart|p1: S3PP1|move: Sticky Web\n|\n|upkeep\n|turn|2\n|\n|t:|1700197262\n|switch|p2a: Victory Moth|Iron Moth|100\/100\n|-enditem|p2a: Victory Moth|Booster Energy\n|-activate|p2a: Victory Moth|ability: Quark Drive|[fromitem]\n|-start|p2a: Victory Moth|quarkdrivespe\n|move|p1a: Flesh Toy|Skill Swap||[still]\n|-fail|p1a: Flesh Toy\n|\n|upkeep\n|turn|3\n|\n|t:|1700197272\n|move|p2a: Victory Moth|Substitute|p2a: Victory Moth\n|-start|p2a: Victory Moth|Substitute\n|-damage|p2a: Victory Moth|76\/100\n|move|p1a: Flesh Toy|Sticky Web|p2a: Victory Moth\n|-sidestart|p2: CrushMeGoodra|move: Sticky Web\n|\n|upkeep\n|turn|4\n|\n|t:|1700197279\n|move|p2a: Victory Moth|Fiery Dance|p1a: Flesh Toy\n|-supereffective|p1a: Flesh Toy\n|-crit|p1a: Flesh Toy\n|-enditem|p1a: Flesh Toy|Focus Sash\n|-damage|p1a: Flesh Toy|1\/100\n|move|p1a: Flesh Toy|Bug Buzz|p2a: Victory Moth\n|-resisted|p2a: Victory Moth\n|-damage|p2a: Victory Moth|65\/100\n|\n|upkeep\n|turn|5\n|\n|t:|1700197286\n|move|p2a: Victory Moth|Fiery Dance|p1a: Flesh Toy\n|-supereffective|p1a: Flesh Toy\n|-damage|p1a: Flesh Toy|0 fnt\n|faint|p1a: Flesh Toy\n|\n|upkeep\n|\n|t:|1700197296\n|switch|p1a: Glave|Gligar, F, shiny|100\/100\n|turn|6\n|\n|t:|1700197309\n|-terastallize|p1a: Glave|Dragon\n|move|p2a: Victory Moth|Energy Ball|p1a: Glave\n|-resisted|p1a: Glave\n|-damage|p1a: Glave|80\/100\n|move|p1a: Glave|Swords Dance|p1a: Glave\n|-boost|p1a: Glave|atk|2\n|\n|upkeep\n|turn|7\n|\n|t:|1700197319\n|move|p2a: Victory Moth|Sludge Wave|p1a: Glave\n|-damage|p1a: Glave|9\/100\n|move|p1a: Glave|Scale Shot|p2a: Victory Moth\n|-end|p2a: Victory Moth|Substitute\n|-damage|p2a: Victory Moth|37\/100\n|-damage|p2a: Victory Moth|8\/100\n|-damage|p2a: Victory Moth|0 fnt\n|faint|p2a: Victory Moth\n|-end|p2a: Victory Moth|Quark Drive|[silent]\n|-hitcount|p2: Victory Moth|4\n|-unboost|p1a: Glave|def|1\n|-boost|p1a: Glave|spe|1\n|\n|upkeep\n|l| CRIPPYwitdaGRIPPY\n|\n|t:|1700197329\n|switch|p2a: The DON|Donphan, F, shiny|100\/100\n|turn|8\n|\n|t:|1700197335\n|move|p2a: The DON|Ice Shard|p1a: Glave\n|-supereffective|p1a: Glave\n|-crit|p1a: Glave\n|-damage|p1a: Glave|0 fnt\n|faint|p1a: Glave\n|\n|upkeep\n|\n|t:|1700197339\n|switch|p1a: Grandad Tusk|Great Tusk|100\/100\n|-activate|p1a: Grandad Tusk|move: Sticky Web\n|-unboost|p1a: Grandad Tusk|spe|1\n|-enditem|p1a: Grandad Tusk|Booster Energy\n|-activate|p1a: Grandad Tusk|ability: Protosynthesis|[fromitem]\n|-start|p1a: Grandad Tusk|protosynthesisatk\n|turn|9\n|\n|t:|1700197344\n|move|p1a: Grandad Tusk|Rapid Spin|p2a: The DON\n|-damage|p2a: The DON|86\/100\n|-boost|p1a: Grandad Tusk|spe|1\n|-sideend|p1: S3PP1|Sticky Web|[from] move: Rapid Spin|[of] p1a: Grandad Tusk\n|move|p2a: The DON|Rapid Spin|p1a: Grandad Tusk\n|-damage|p1a: Grandad Tusk|88\/100\n|-boost|p2a: The DON|spe|1\n|-sideend|p2: CrushMeGoodra|Sticky Web|[from] move: Rapid Spin|[of] p2a: The DON\n|\n|upkeep\n|turn|10\n|j| BeardoftheRed\n|inactive|CrushMeGoodra has 270 seconds left.\n|\n|t:|1700197378\n|move|p1a: Grandad Tusk|Bulk Up|p1a: Grandad Tusk\n|-boost|p1a: Grandad Tusk|atk|1\n|-boost|p1a: Grandad Tusk|def|1\n|move|p2a: The DON|Earthquake|p1a: Grandad Tusk\n|-damage|p1a: Grandad Tusk|66\/100\n|\n|upkeep\n|turn|11\n|\n|t:|1700197384\n|switch|p2a: One Piece|Samurott-Hisui, F|100\/100\n|move|p1a: Grandad Tusk|Rapid Spin|p2a: One Piece\n|-damage|p2a: One Piece|64\/100\n|-boost|p1a: Grandad Tusk|spe|1\n|\n|upkeep\n|turn|12\n|\n|t:|1700197396\n|-terastallize|p2a: One Piece|Water\n|move|p1a: Grandad Tusk|Close Combat|p2a: One Piece\n|-damage|p2a: One Piece|0 fnt\n|-unboost|p1a: Grandad Tusk|def|1\n|-unboost|p1a: Grandad Tusk|spd|1\n|faint|p2a: One Piece\n|\n|upkeep\n|inactive|CrushMeGoodra has 270 seconds left.\n|\n|t:|1700197412\n|switch|p2a: Fun Guy|Breloom, M|100\/100\n|turn|13\n|\n|t:|1700197422\n|move|p1a: Grandad Tusk|Close Combat|p2a: Fun Guy\n|-enditem|p2a: Fun Guy|Focus Sash\n|-damage|p2a: Fun Guy|1\/100\n|-unboost|p1a: Grandad Tusk|def|1\n|-unboost|p1a: Grandad Tusk|spd|1\n|move|p2a: Fun Guy|Spore|p1a: Grandad Tusk\n|-status|p1a: Grandad Tusk|slp|[from] move: Spore\n|\n|upkeep\n|turn|14\n|\n|t:|1700197433\n|cant|p1a: Grandad Tusk|slp\n|move|p2a: Fun Guy|Bullet Seed|p1a: Grandad Tusk\n|-supereffective|p1a: Grandad Tusk\n|-damage|p1a: Grandad Tusk|24\/100 slp\n|-supereffective|p1a: Grandad Tusk\n|-damage|p1a: Grandad Tusk|0 fnt\n|faint|p1a: Grandad Tusk\n|-end|p1a: Grandad Tusk|Protosynthesis|[silent]\n|-hitcount|p1: Grandad Tusk|2\n|\n|upkeep\n|\n|t:|1700197438\n|switch|p1a: Bubble Buddi|Azumarill, F|100\/100\n|turn|15\n|\n|t:|1700197444\n|move|p1a: Bubble Buddi|Aqua Jet|p2a: Fun Guy\n|-resisted|p2a: Fun Guy\n|-damage|p2a: Fun Guy|0 fnt\n|faint|p2a: Fun Guy\n|\n|upkeep\n|inactive|CrushMeGoodra has 270 seconds left.\n|l| BeardoftheRed\n|inactive|CrushMeGoodra has 240 seconds left.\n|\n|t:|1700197508\n|switch|p2a: Tight Cookie|Espeon, F|100\/100\n|turn|16\n|\n|t:|1700197511\n|move|p2a: Tight Cookie|Psychic|p1a: Bubble Buddi\n|-damage|p1a: Bubble Buddi|54\/100\n|move|p1a: Bubble Buddi|Belly Drum|p1a: Bubble Buddi\n|-damage|p1a: Bubble Buddi|4\/100\n|-setboost|p1a: Bubble Buddi|atk|6|[from] move: Belly Drum\n|-enditem|p1a: Bubble Buddi|Sitrus Berry|[eat]\n|-heal|p1a: Bubble Buddi|29\/100|[from] item: Sitrus Berry\n|\n|upkeep\n|turn|17\n|inactive|CrushMeGoodra has 240 seconds left.\n|\n|t:|1700197530\n|move|p1a: Bubble Buddi|Aqua Jet|p2a: Tight Cookie\n|-damage|p2a: Tight Cookie|0 fnt\n|faint|p2a: Tight Cookie\n|\n|upkeep\n|inactive|CrushMeGoodra has 240 seconds left.\n|\n|t:|1700197545\n|switch|p2a: The DON|Donphan, F, shiny|86\/100\n|turn|18\n|inactive|CrushMeGoodra has 240 seconds left.\n|\n|t:|1700197566\n|move|p1a: Bubble Buddi|Aqua Jet|p2a: The DON\n|-supereffective|p2a: The DON\n|-damage|p2a: The DON|0 fnt\n|faint|p2a: The DON\n|\n|upkeep\n|\n|t:|1700197568\n|switch|p2a: The Guys|Sandy Shocks|100\/100\n|-enditem|p2a: The Guys|Booster Energy\n|-activate|p2a: The Guys|ability: Protosynthesis|[fromitem]\n|-start|p2a: The Guys|protosynthesisspe\n|turn|19\n|\n|t:|1700197574\n|move|p1a: Bubble Buddi|Aqua Jet|p2a: The Guys\n|-supereffective|p2a: The Guys\n|-crit|p2a: The Guys\n|-damage|p2a: The Guys|0 fnt\n|faint|p2a: The Guys\n|-end|p2a: The Guys|Protosynthesis|[silent]\n|\n|win|S3PP1\n|l|\u2606CrushMeGoodra\n","uploadtime":1700197582,"views":9,"p1id":"s3pp1","p2id":"crushmegoodra","formatid":"gen9ou","rating":0,"private":0,"password":""}