{"id":"gen9ou-1999875815","p1":"Bolson619","p2":"Kantonian Ash","format":"[Gen 9] OU","log":"|j|\u2606Bolson619\n|j|\u2606Kantonian Ash\n|t:|1701125270\n|gametype|singles\n|player|p1|Bolson619|266|1288\n|player|p2|Kantonian Ash|misty|1261\n|teamsize|p1|6\n|teamsize|p2|6\n|gen|9\n|tier|[Gen 9] OU\n|rated|\n|rule|Sleep Clause Mod: Limit one foe put to sleep\n|rule|Species Clause: Limit one of each Pok\u00e9mon\n|rule|OHKO Clause: OHKO moves are banned\n|rule|Evasion Items Clause: Evasion items are banned\n|rule|Evasion Moves Clause: Evasion moves are banned\n|rule|Endless Battle Clause: Forcing endless battles is banned\n|rule|HP Percentage Mod: HP is shown in percentages\n|clearpoke\n|poke|p1|Walking Wake|\n|poke|p1|Torkoal, M|\n|poke|p1|Lilligant-Hisui, F|\n|poke|p1|Gholdengo|\n|poke|p1|Amoonguss, M|\n|poke|p1|Salamence, M|\n|poke|p2|Enamorus, F|\n|poke|p2|Zapdos|\n|poke|p2|Decidueye-Hisui, M|\n|poke|p2|Ceruledge, F|\n|poke|p2|Walking Wake|\n|poke|p2|Great Tusk|\n|teampreview\n|\n|t:|1701125281\n|start\n|switch|p1a: Torkoal|Torkoal, M|100\/100\n|switch|p2a: Walking Wake|Walking Wake|100\/100\n|-weather|SunnyDay|[from] ability: Drought|[of] p1a: Torkoal\n|-activate|p2a: Walking Wake|ability: Protosynthesis\n|-start|p2a: Walking Wake|protosynthesisspa\n|turn|1\n|inactive|Battle timer is ON: inactive players will automatically lose when time's up. (requested by Kantonian Ash)\n|\n|t:|1701125300\n|switch|p1a: Walking Wake|Walking Wake|100\/100\n|-activate|p1a: Walking Wake|ability: Protosynthesis\n|-start|p1a: Walking Wake|protosynthesisspe\n|move|p2a: Walking Wake|Substitute|p2a: Walking Wake\n|-start|p2a: Walking Wake|Substitute\n|-damage|p2a: Walking Wake|76\/100\n|\n|-weather|SunnyDay|[upkeep]\n|-heal|p2a: Walking Wake|82\/100|[from] item: Leftovers\n|upkeep\n|turn|2\n|\n|t:|1701125315\n|move|p1a: Walking Wake|Draco Meteor|p2a: Walking Wake\n|-supereffective|p2a: Walking Wake\n|-end|p2a: Walking Wake|Substitute\n|-unboost|p1a: Walking Wake|spa|2\n|move|p2a: Walking Wake|Dragon Pulse|p1a: Walking Wake\n|-supereffective|p1a: Walking Wake\n|-damage|p1a: Walking Wake|0 fnt\n|faint|p1a: Walking Wake\n|-end|p1a: Walking Wake|Protosynthesis|[silent]\n|\n|-weather|SunnyDay|[upkeep]\n|-heal|p2a: Walking Wake|88\/100|[from] item: Leftovers\n|upkeep\n|\n|t:|1701125330\n|switch|p1a: Lilligant|Lilligant-Hisui, F, shiny|100\/100\n|turn|3\n|inactive|Kantonian Ash has 120 seconds left.\n|\n|t:|1701125361\n|move|p1a: Lilligant|Solar Blade||[still]\n|-prepare|p1a: Lilligant|Solar Blade\n|-anim|p1a: Lilligant|Solar Blade|p2a: Walking Wake\n|-damage|p2a: Walking Wake|20\/100\n|move|p2a: Walking Wake|Flamethrower|p1a: Lilligant\n|-supereffective|p1a: Lilligant\n|-damage|p1a: Lilligant|0 fnt\n|faint|p1a: Lilligant\n|\n|-weather|SunnyDay|[upkeep]\n|-heal|p2a: Walking Wake|26\/100|[from] item: Leftovers\n|upkeep\n|\n|t:|1701125373\n|switch|p1a: Gholdengo|Gholdengo|100\/100\n|turn|4\n|\n|t:|1701125383\n|-end|p2a: Walking Wake|Protosynthesis|[silent]\n|switch|p2a: Great Tusk|Great Tusk|100\/100\n|-activate|p2a: Great Tusk|ability: Protosynthesis\n|-start|p2a: Great Tusk|protosynthesisatk\n|move|p1a: Gholdengo|Shadow Ball|p2a: Great Tusk\n|-damage|p2a: Great Tusk|31\/100\n|\n|-weather|SunnyDay|[upkeep]\n|upkeep\n|turn|5\n|\n|t:|1701125393\n|move|p1a: Gholdengo|Shadow Ball|p2a: Great Tusk\n|-damage|p2a: Great Tusk|0 fnt\n|faint|p2a: Great Tusk\n|-end|p2a: Great Tusk|Protosynthesis|[silent]\n|\n|-weather|SunnyDay|[upkeep]\n|upkeep\n|\n|t:|1701125400\n|switch|p2a: Zapdos|Zapdos|100\/100\n|-ability|p2a: Zapdos|Pressure\n|turn|6\n|\n|t:|1701125408\n|switch|p1a: Amogus|Amoonguss, M|100\/100\n|move|p2a: Zapdos|Discharge|p1a: Amogus\n|-resisted|p1a: Amogus\n|-damage|p1a: Amogus|85\/100\n|-status|p1a: Amogus|par\n|-enditem|p1a: Amogus|Eject Button\n|\n|t:|1701125418\n|switch|p1a: Gholdengo|Gholdengo|100\/100\n|\n|-weather|SunnyDay|[upkeep]\n|upkeep\n|turn|7\n|\n|t:|1701125429\n|move|p1a: Gholdengo|Trick|p2a: Zapdos\n|-activate|p1a: Gholdengo|move: Trick|[of] p2a: Zapdos\n|-item|p2a: Zapdos|Choice Scarf|[from] move: Trick\n|-item|p1a: Gholdengo|Light Clay|[from] move: Trick\n|move|p2a: Zapdos|Light Screen|p2a: Zapdos\n|-sidestart|p2: Kantonian Ash|move: Light Screen\n|\n|-weather|SunnyDay|[upkeep]\n|upkeep\n|turn|8\n|\n|t:|1701125446\n|switch|p2a: Ceruledge|Ceruledge, F|100\/100\n|move|p1a: Gholdengo|Shadow Ball|p2a: Ceruledge\n|-supereffective|p2a: Ceruledge\n|-damage|p2a: Ceruledge|54\/100\n|\n|-weather|none\n|-heal|p2a: Ceruledge|60\/100|[from] item: Leftovers\n|upkeep\n|turn|9\n|\n|t:|1701125463\n|switch|p1a: Salamence|Salamence, M|100\/100\n|-ability|p1a: Salamence|Intimidate|boost\n|-unboost|p2a: Ceruledge|atk|1\n|move|p2a: Ceruledge|Flame Charge|p1a: Salamence\n|-resisted|p1a: Salamence\n|-damage|p1a: Salamence|87\/100\n|-boost|p2a: Ceruledge|spe|1\n|\n|-heal|p2a: Ceruledge|66\/100|[from] item: Leftovers\n|upkeep\n|turn|10\n|\n|t:|1701125478\n|switch|p2a: Enamorus|Enamorus, F|100\/100\n|move|p1a: Salamence|Earthquake|p2a: Enamorus\n|-immune|p2a: Enamorus\n|\n|upkeep\n|turn|11\n|\n|t:|1701125491\n|switch|p1a: Gholdengo|Gholdengo|100\/100\n|move|p2a: Enamorus|Moonblast|p1a: Gholdengo\n|-resisted|p1a: Gholdengo\n|-damage|p1a: Gholdengo|57\/100\n|\n|-sideend|p2: Kantonian Ash|move: Light Screen\n|upkeep\n|turn|12\n|\n|t:|1701125505\n|-terastallize|p2a: Enamorus|Fairy\n|move|p2a: Enamorus|Moonblast|p1a: Gholdengo\n|-resisted|p1a: Gholdengo\n|-damage|p1a: Gholdengo|0 fnt\n|faint|p1a: Gholdengo\n|\n|upkeep\n|\n|t:|1701125515\n|switch|p1a: Torkoal|Torkoal, M|100\/100\n|-weather|SunnyDay|[from] ability: Drought|[of] p1a: Torkoal\n|turn|13\n|\n|t:|1701125526\n|switch|p2a: Zapdos|Zapdos|100\/100\n|-ability|p2a: Zapdos|Pressure\n|move|p1a: Torkoal|Stealth Rock|p2a: Zapdos\n|-sidestart|p2: Kantonian Ash|move: Stealth Rock\n|\n|-weather|SunnyDay|[upkeep]\n|upkeep\n|turn|14\n|\n|t:|1701125535\n|switch|p1a: Amogus|Amoonguss, M|100\/100 par\n|move|p2a: Zapdos|Discharge|p1a: Amogus\n|-resisted|p1a: Amogus\n|-damage|p1a: Amogus|86\/100 par\n|\n|-weather|SunnyDay|[upkeep]\n|upkeep\n|turn|15\n|\n|t:|1701125549\n|switch|p2a: Decidueye|Decidueye-Hisui, M, shiny|100\/100\n|-damage|p2a: Decidueye|94\/100|[from] Stealth Rock\n|cant|p1a: Amogus|par\n|\n|-weather|SunnyDay|[upkeep]\n|upkeep\n|turn|16\n|\n|t:|1701125571\n|move|p2a: Decidueye|Triple Arrows|p1a: Amogus\n|-resisted|p1a: Amogus\n|-damage|p1a: Amogus|68\/100 par\n|-unboost|p1a: Amogus|def|1\n|cant|p1a: Amogus|flinch\n|\n|-weather|SunnyDay|[upkeep]\n|upkeep\n|turn|17\n|\n|t:|1701125583\n|switch|p1a: Salamence|Salamence, M|87\/100\n|-ability|p1a: Salamence|Intimidate|boost\n|-fail|p2a: Decidueye|unboost|Attack|[from] ability: Scrappy|[of] p2a: Decidueye\n|move|p2a: Decidueye|Bulk Up|p2a: Decidueye\n|-boost|p2a: Decidueye|atk|1\n|-boost|p2a: Decidueye|def|1\n|\n|-weather|SunnyDay|[upkeep]\n|upkeep\n|turn|18\n|\n|t:|1701125598\n|move|p1a: Salamence|Flamethrower|p2a: Decidueye\n|-supereffective|p2a: Decidueye\n|-damage|p2a: Decidueye|52\/100\n|-enditem|p2a: Decidueye|Weakness Policy\n|-boost|p2a: Decidueye|atk|2|[from] item: Weakness Policy\n|-boost|p2a: Decidueye|spa|2|[from] item: Weakness Policy\n|move|p2a: Decidueye|Triple Arrows|p1a: Salamence\n|-resisted|p1a: Salamence\n|-crit|p1a: Salamence\n|-damage|p1a: Salamence|0 fnt\n|faint|p1a: Salamence\n|\n|-weather|SunnyDay|[upkeep]\n|upkeep\n|inactive|Bolson619 has 120 seconds left.\n|\n|t:|1701125616\n|switch|p1a: Torkoal|Torkoal, M|100\/100\n|turn|19\n|-message|Bolson619 forfeited.\n|\n|win|Kantonian Ash\n|raw|Bolson619's rating: 1288 &rarr; <strong>1261<\/strong><br \/>(-27 for losing)\n|raw|Kantonian Ash's rating: 1261 &rarr; <strong>1288<\/strong><br \/>(+27 for winning)\n|l|\u2606Bolson619\n","uploadtime":1701125625,"views":2,"p1id":"bolson619","p2id":"kantonianash","formatid":"gen9ou","rating":1261,"private":0,"password":""}