{"id":"gen9ou-1999998708","p1":"Charmalane","p2":"CaptainGrungo","format":"[Gen 9] OU","log":"|j|\u2606Charmalane\n|j|\u2606CaptainGrungo\n|t:|1701139386\n|gametype|singles\n|player|p1|Charmalane|brawly|1648\n|player|p2|CaptainGrungo|plasmagrunt|1659\n|teamsize|p1|6\n|teamsize|p2|6\n|gen|9\n|tier|[Gen 9] OU\n|rated|\n|rule|Sleep Clause Mod: Limit one foe put to sleep\n|rule|Species Clause: Limit one of each Pok\u00e9mon\n|rule|OHKO Clause: OHKO moves are banned\n|rule|Evasion Items Clause: Evasion items are banned\n|rule|Evasion Moves Clause: Evasion moves are banned\n|rule|Endless Battle Clause: Forcing endless battles is banned\n|rule|HP Percentage Mod: HP is shown in percentages\n|clearpoke\n|poke|p1|Pelipper, M|\n|poke|p1|Barraskewda, M|\n|poke|p1|Zapdos|\n|poke|p1|Kingambit, M|\n|poke|p1|Iron Treads|\n|poke|p1|Slowking-Galar, M|\n|poke|p2|Iron Valiant|\n|poke|p2|Goodra-Hisui, M|\n|poke|p2|Okidogi, M|\n|poke|p2|Yanmega, M|\n|poke|p2|Garganacl, M|\n|poke|p2|Ting-Lu|\n|teampreview\n|\n|t:|1701139398\n|start\n|switch|p1a: Phoenix|Pelipper, M|100\/100\n|switch|p2a: Garganacl|Garganacl, M|100\/100\n|-weather|RainDance|[from] ability: Drizzle|[of] p1a: Phoenix\n|turn|1\n|inactive|Battle timer is ON: inactive players will automatically lose when time's up. (requested by CaptainGrungo)\n|\n|t:|1701139422\n|switch|p1a: Nautilus|Slowking-Galar, M|100\/100\n|move|p2a: Garganacl|Salt Cure|p1a: Nautilus\n|-damage|p1a: Nautilus|87\/100\n|-start|p1a: Nautilus|Salt Cure\n|\n|-weather|RainDance|[upkeep]\n|-damage|p1a: Nautilus|74\/100|[from] Salt Cure\n|upkeep\n|turn|2\n|j| SandGetsEverywhere\n|\n|t:|1701139429\n|move|p2a: Garganacl|Stealth Rock|p1a: Nautilus\n|-sidestart|p1: Charmalane|move: Stealth Rock\n|move|p1a: Nautilus|Future Sight|p2a: Garganacl\n|-start|p1a: Nautilus|move: Future Sight\n|\n|-weather|RainDance|[upkeep]\n|-damage|p1a: Nautilus|62\/100|[from] Salt Cure\n|upkeep\n|turn|3\n|l| SandGetsEverywhere\n|\n|t:|1701139447\n|switch|p1a: Chocobo|Zapdos|100\/100\n|move|p2a: Garganacl|Salt Cure|p1a: Chocobo\n|-supereffective|p1a: Chocobo\n|-damage|p1a: Chocobo|67\/100\n|-start|p1a: Chocobo|Salt Cure\n|\n|-weather|RainDance|[upkeep]\n|-damage|p1a: Chocobo|54\/100|[from] Salt Cure\n|upkeep\n|turn|4\n|\n|t:|1701139455\n|switch|p2a: Goodra|Goodra-Hisui, M|100\/100\n|move|p1a: Chocobo|Weather Ball|p2a: Goodra\n|-resisted|p2a: Goodra\n|-damage|p2a: Goodra|90\/100\n|\n|-weather|RainDance|[upkeep]\n|-end|p2a: Goodra|move: Future Sight\n|-resisted|p2a: Goodra\n|-damage|p2a: Goodra|79\/100\n|-damage|p1a: Chocobo|42\/100|[from] Salt Cure\n|upkeep\n|turn|5\n|\n|t:|1701139468\n|move|p1a: Chocobo|Roost|p1a: Chocobo\n|-heal|p1a: Chocobo|92\/100\n|-singleturn|p1a: Chocobo|move: Roost\n|move|p2a: Goodra|Dragon Tail|p1a: Chocobo\n|-damage|p1a: Chocobo|65\/100\n|drag|p1a: Enguarde|Barraskewda, M|100\/100\n|-damage|p1a: Enguarde|88\/100|[from] Stealth Rock\n|\n|-weather|RainDance|[upkeep]\n|upkeep\n|turn|6\n|\n|t:|1701139483\n|move|p1a: Enguarde|Close Combat|p2a: Goodra\n|-supereffective|p2a: Goodra\n|-damage|p2a: Goodra|0 fnt\n|-unboost|p1a: Enguarde|def|1\n|-unboost|p1a: Enguarde|spd|1\n|-ability|p2a: Goodra|Gooey\n|-unboost|p1a: Enguarde|spe|1\n|faint|p2a: Goodra\n|\n|-weather|RainDance|[upkeep]\n|upkeep\n|\n|t:|1701139492\n|switch|p2a: Okidogi|Okidogi, M|100\/100\n|turn|7\n|j| SandGetsEverywhere\n|l| SandGetsEverywhere\n|\n|t:|1701139508\n|switch|p1a: Nautilus|Slowking-Galar, M|95\/100\n|-damage|p1a: Nautilus|83\/100|[from] Stealth Rock\n|move|p2a: Okidogi|Knock Off|p1a: Nautilus\n|-supereffective|p1a: Nautilus\n|-damage|p1a: Nautilus|8\/100\n|-enditem|p1a: Nautilus|Assault Vest|[from] move: Knock Off|[of] p2a: Okidogi\n|\n|-weather|RainDance|[upkeep]\n|upkeep\n|turn|8\n|\n|t:|1701139518\n|switch|p1a: Androidon|Iron Treads|100\/100\n|-damage|p1a: Androidon|97\/100|[from] Stealth Rock\n|move|p2a: Okidogi|Knock Off|p1a: Androidon\n|-damage|p1a: Androidon|74\/100\n|-enditem|p1a: Androidon|Leftovers|[from] move: Knock Off|[of] p2a: Okidogi\n|\n|-weather|none\n|upkeep\n|turn|9\n|\n|t:|1701139526\n|move|p1a: Androidon|Rapid Spin|p2a: Okidogi\n|-damage|p2a: Okidogi|90\/100\n|-boost|p1a: Androidon|spe|1\n|-sideend|p1: Charmalane|Stealth Rock|[from] move: Rapid Spin|[of] p1a: Androidon\n|move|p2a: Okidogi|Drain Punch|p1a: Androidon\n|-supereffective|p1a: Androidon\n|-damage|p1a: Androidon|15\/100\n|-heal|p2a: Okidogi|100\/100|[from] drain|[of] p1a: Androidon\n|\n|upkeep\n|turn|10\n|\n|t:|1701139542\n|move|p1a: Androidon|Stealth Rock|p2a: Okidogi\n|-sidestart|p2: CaptainGrungo|move: Stealth Rock\n|move|p2a: Okidogi|Drain Punch|p1a: Androidon\n|-supereffective|p1a: Androidon\n|-damage|p1a: Androidon|0 fnt\n|faint|p1a: Androidon\n|-end|p1a: Androidon|Quark Drive|[silent]\n|\n|upkeep\n|\n|t:|1701139544\n|switch|p1a: Phoenix|Pelipper, M|100\/100\n|-weather|RainDance|[from] ability: Drizzle|[of] p1a: Phoenix\n|turn|11\n|\n|t:|1701139551\n|move|p2a: Okidogi|Knock Off|p1a: Phoenix\n|-damage|p1a: Phoenix|73\/100\n|-enditem|p1a: Phoenix|Damp Rock|[from] move: Knock Off|[of] p2a: Okidogi\n|move|p1a: Phoenix|Hurricane|p2a: Okidogi\n|-supereffective|p2a: Okidogi\n|-damage|p2a: Okidogi|21\/100\n|\n|-weather|RainDance|[upkeep]\n|-heal|p2a: Okidogi|27\/100|[from] item: Leftovers\n|upkeep\n|turn|12\n|\n|t:|1701139560\n|switch|p2a: Garganacl|Garganacl, M|100\/100\n|-damage|p2a: Garganacl|88\/100|[from] Stealth Rock\n|move|p1a: Phoenix|U-turn|p2a: Garganacl\n|-damage|p2a: Garganacl|81\/100\n|-damage|p1a: Phoenix|56\/100|[from] item: Rocky Helmet|[of] p2a: Garganacl\n|\n|t:|1701139567\n|switch|p1a: Enguarde|Barraskewda, M|88\/100|[from] U-turn\n|\n|-weather|RainDance|[upkeep]\n|upkeep\n|turn|13\n|\n|t:|1701139573\n|switch|p2a: Okidogi|Okidogi, M|27\/100\n|-damage|p2a: Okidogi|21\/100|[from] Stealth Rock\n|-terastallize|p1a: Enguarde|Water\n|move|p1a: Enguarde|Liquidation|p2a: Okidogi\n|-damage|p2a: Okidogi|0 fnt\n|faint|p2a: Okidogi\n|\n|-weather|RainDance|[upkeep]\n|upkeep\n|\n|t:|1701139583\n|switch|p2a: Ting-Lu|Ting-Lu|100\/100\n|-damage|p2a: Ting-Lu|94\/100|[from] Stealth Rock\n|-ability|p2a: Ting-Lu|Vessel of Ruin\n|turn|14\n|\n|t:|1701139589\n|-terastallize|p2a: Ting-Lu|Poison\n|move|p1a: Enguarde|Liquidation|p2a: Ting-Lu\n|-damage|p2a: Ting-Lu|40\/100\n|move|p2a: Ting-Lu|Earthquake|p1a: Enguarde\n|-damage|p1a: Enguarde|15\/100\n|\n|-weather|RainDance|[upkeep]\n|-heal|p2a: Ting-Lu|46\/100|[from] item: Leftovers\n|upkeep\n|turn|15\n|\n|t:|1701139599\n|move|p1a: Enguarde|Liquidation|p2a: Ting-Lu\n|-damage|p2a: Ting-Lu|0 fnt\n|faint|p2a: Ting-Lu\n|\n|-weather|RainDance|[upkeep]\n|upkeep\n|\n|t:|1701139605\n|switch|p2a: Yanmega|Yanmega, M|100\/100\n|turn|16\n|\n|t:|1701139608\n|move|p2a: Yanmega|Protect|p2a: Yanmega\n|-singleturn|p2a: Yanmega|Protect\n|move|p1a: Enguarde|Liquidation|p2a: Yanmega\n|-activate|p2a: Yanmega|move: Protect\n|\n|-weather|RainDance|[upkeep]\n|-ability|p2a: Yanmega|Speed Boost|boost\n|-boost|p2a: Yanmega|spe|1\n|upkeep\n|turn|17\n|\n|t:|1701139621\n|move|p2a: Yanmega|Protect||[still]\n|-fail|p2a: Yanmega\n|move|p1a: Enguarde|Liquidation|p2a: Yanmega\n|-damage|p2a: Yanmega|0 fnt\n|faint|p2a: Yanmega\n|\n|-weather|RainDance|[upkeep]\n|upkeep\n|-message|CaptainGrungo forfeited.\n|\n|win|Charmalane\n|raw|Charmalane's rating: 1648 &rarr; <strong>1669<\/strong><br \/>(+21 for winning)\n|raw|CaptainGrungo's rating: 1659 &rarr; <strong>1638<\/strong><br \/>(-21 for losing)\n|l|\u2606CaptainGrungo\n","uploadtime":1701139628,"views":2,"p1id":"charmalane","p2id":"captaingrungo","formatid":"gen9ou","rating":1638,"private":0,"password":""}