{"id":"gen9ou-2000664225","p1":"lukeng 09","p2":"ay to zee","format":"[Gen 9] OU","log":"|j|\u2606lukeng 09\n|j|\u2606ay to zee\n|t:|1701216160\n|gametype|singles\n|player|p1|lukeng 09|266|1051\n|player|p2|ay to zee|flint|1000\n|teamsize|p1|6\n|teamsize|p2|6\n|gen|9\n|tier|[Gen 9] OU\n|rated|\n|rule|Sleep Clause Mod: Limit one foe put to sleep\n|rule|Species Clause: Limit one of each Pok\u00e9mon\n|rule|OHKO Clause: OHKO moves are banned\n|rule|Evasion Items Clause: Evasion items are banned\n|rule|Evasion Moves Clause: Evasion moves are banned\n|rule|Endless Battle Clause: Forcing endless battles is banned\n|rule|HP Percentage Mod: HP is shown in percentages\n|clearpoke\n|poke|p1|Armarouge, M|\n|poke|p1|Walking Wake|\n|poke|p1|Falinks|\n|poke|p1|Mimikyu, M|\n|poke|p1|Dragapult, F|\n|poke|p1|Corviknight, M|\n|poke|p2|Alomomola, M|\n|poke|p2|Amoonguss, F|\n|poke|p2|Arcanine-Hisui, F|\n|poke|p2|Azumarill, F|\n|poke|p2|Ambipom, M|\n|poke|p2|Armarouge, F|\n|teampreview\n|inactive|Battle timer is ON: inactive players will automatically lose when time's up. (requested by ay to zee)\n|\n|t:|1701216174\n|start\n|switch|p1a: pipikyu|Mimikyu, M|100\/100\n|switch|p2a: Ambipom|Ambipom, M|100\/100\n|turn|1\n|\n|t:|1701216180\n|move|p2a: Ambipom|Knock Off|p1a: pipikyu\n|-activate|p1a: pipikyu|ability: Disguise\n|-damage|p1a: pipikyu|100\/100\n|-enditem|p1a: pipikyu|Life Orb|[from] move: Knock Off|[of] p2a: Ambipom\n|detailschange|p1a: pipikyu|Mimikyu-Busted, M\n|-damage|p1a: pipikyu|88\/100|[from] pokemon: Mimikyu-Busted\n|move|p1a: pipikyu|Thunder Wave|p2a: Ambipom\n|-status|p2a: Ambipom|par\n|\n|upkeep\n|turn|2\n|\n|t:|1701216193\n|move|p1a: pipikyu|Drain Punch|p2a: Ambipom\n|-supereffective|p2a: Ambipom\n|-damage|p2a: Ambipom|35\/100 par\n|-heal|p1a: pipikyu|100\/100|[from] drain|[of] p2a: Ambipom\n|cant|p2a: Ambipom|par\n|\n|upkeep\n|turn|3\n|\n|t:|1701216201\n|switch|p2a: Amoonguss|Amoonguss, F|100\/100\n|move|p1a: pipikyu|Drain Punch|p2a: Amoonguss\n|-resisted|p2a: Amoonguss\n|-damage|p2a: Amoonguss|93\/100\n|-damage|p1a: pipikyu|84\/100|[from] item: Rocky Helmet|[of] p2a: Amoonguss\n|\n|upkeep\n|turn|4\n|\n|t:|1701216208\n|move|p1a: pipikyu|Thunder Wave|p2a: Amoonguss\n|-status|p2a: Amoonguss|par\n|move|p2a: Amoonguss|Giga Drain|p1a: pipikyu\n|-damage|p1a: pipikyu|55\/100\n|-heal|p2a: Amoonguss|100\/100 par|[from] drain|[of] p1a: pipikyu\n|\n|upkeep\n|turn|5\n|\n|t:|1701216216\n|move|p1a: pipikyu|Shadow Sneak|p2a: Amoonguss\n|-damage|p2a: Amoonguss|88\/100 par\n|-damage|p1a: pipikyu|39\/100|[from] item: Rocky Helmet|[of] p2a: Amoonguss\n|move|p2a: Amoonguss|Giga Drain|p1a: pipikyu\n|-damage|p1a: pipikyu|9\/100\n|-heal|p2a: Amoonguss|97\/100 par|[from] drain|[of] p1a: pipikyu\n|\n|upkeep\n|turn|6\n|\n|t:|1701216224\n|move|p2a: Amoonguss|Giga Drain|p1a: pipikyu\n|-damage|p1a: pipikyu|0 fnt\n|-heal|p2a: Amoonguss|99\/100 par|[from] drain|[of] p1a: pipikyu\n|faint|p1a: pipikyu\n|\n|upkeep\n|\n|t:|1701216230\n|switch|p1a: reaper off souls|Corviknight, M, shiny|100\/100\n|-ability|p1a: reaper off souls|Pressure\n|turn|7\n|\n|t:|1701216238\n|move|p1a: reaper off souls|Hone Claws|p1a: reaper off souls\n|-boost|p1a: reaper off souls|atk|1\n|-boost|p1a: reaper off souls|accuracy|1\n|cant|p2a: Amoonguss|par\n|\n|upkeep\n|turn|8\n|\n|t:|1701216244\n|move|p1a: reaper off souls|Tailwind|p1a: reaper off souls\n|-sidestart|p1: lukeng 09|move: Tailwind\n|move|p2a: Amoonguss|Spore|p1a: reaper off souls\n|-status|p1a: reaper off souls|slp|[from] move: Spore\n|\n|upkeep\n|turn|9\n|\n|t:|1701216250\n|switch|p1a: trem bala|Falinks, shiny|100\/100\n|switch|p2a: Armarouge|Armarouge, F|100\/100\n|\n|upkeep\n|turn|10\n|\n|t:|1701216257\n|move|p1a: trem bala|No Retreat|p1a: trem bala\n|-boost|p1a: trem bala|atk|1\n|-boost|p1a: trem bala|def|1\n|-boost|p1a: trem bala|spa|1\n|-boost|p1a: trem bala|spd|1\n|-boost|p1a: trem bala|spe|1\n|-start|p1a: trem bala|move: No Retreat\n|move|p2a: Armarouge|Calm Mind|p2a: Armarouge\n|-boost|p2a: Armarouge|spa|1\n|-boost|p2a: Armarouge|spd|1\n|\n|upkeep\n|turn|11\n|\n|t:|1701216265\n|-terastallize|p2a: Armarouge|Grass\n|move|p1a: trem bala|Knock Off|p2a: Armarouge\n|-damage|p2a: Armarouge|49\/100\n|-ability|p2a: Armarouge|Weak Armor|boost\n|-unboost|p2a: Armarouge|def|1\n|-boost|p2a: Armarouge|spe|2\n|-enditem|p2a: Armarouge|Heavy-Duty Boots|[from] move: Knock Off|[of] p1a: trem bala\n|move|p2a: Armarouge|Psyshock|p1a: trem bala\n|-supereffective|p1a: trem bala\n|-damage|p1a: trem bala|0 fnt\n|faint|p1a: trem bala\n|\n|-sideend|p1: lukeng 09|move: Tailwind\n|upkeep\n|\n|t:|1701216277\n|switch|p1a: JATO DE CA\u00c7A|Dragapult, F|100\/100\n|turn|12\n|\n|t:|1701216283\n|move|p2a: Armarouge|Psyshock|p1a: JATO DE CA\u00c7A\n|-damage|p1a: JATO DE CA\u00c7A|16\/100\n|-enditem|p1a: JATO DE CA\u00c7A|Eject Button\n|\n|t:|1701216288\n|switch|p1a: magma dragoon|Walking Wake|100\/100\n|\n|upkeep\n|turn|13\n|\n|t:|1701216301\n|-terastallize|p1a: magma dragoon|Steel\n|move|p2a: Armarouge|Psyshock|p1a: magma dragoon\n|-resisted|p1a: magma dragoon\n|-damage|p1a: magma dragoon|61\/100\n|move|p1a: magma dragoon|Flamethrower|p2a: Armarouge\n|-supereffective|p2a: Armarouge\n|-damage|p2a: Armarouge|0 fnt\n|faint|p2a: Armarouge\n|\n|upkeep\n|\n|t:|1701216304\n|switch|p2a: Arcanine|Arcanine-Hisui, F|100\/100\n|turn|14\n|\n|t:|1701216311\n|move|p1a: magma dragoon|Hydro Steam|p2a: Arcanine\n|-supereffective|p2a: Arcanine\n|-damage|p2a: Arcanine|0 fnt\n|faint|p2a: Arcanine\n|\n|upkeep\n|\n|t:|1701216324\n|switch|p2a: Alomomola|Alomomola, M|100\/100\n|turn|15\n|\n|t:|1701216328\n|move|p1a: magma dragoon|Agility|p1a: magma dragoon\n|-boost|p1a: magma dragoon|spe|2\n|move|p2a: Alomomola|Scald|p1a: magma dragoon\n|-damage|p1a: magma dragoon|45\/100\n|\n|upkeep\n|turn|16\n|\n|t:|1701216336\n|move|p1a: magma dragoon|Tera Blast|p2a: Alomomola|[anim] Tera Blast Steel\n|-resisted|p2a: Alomomola\n|-damage|p2a: Alomomola|76\/100\n|move|p2a: Alomomola|Scald|p1a: magma dragoon\n|-damage|p1a: magma dragoon|30\/100\n|\n|upkeep\n|turn|17\n|\n|t:|1701216344\n|-end|p1a: magma dragoon|Protosynthesis|[silent]\n|switch|p1a: reaper off souls|Corviknight, M, shiny|100\/100 slp\n|-ability|p1a: reaper off souls|Pressure\n|move|p2a: Alomomola|Scald|p1a: reaper off souls\n|-damage|p1a: reaper off souls|87\/100 slp\n|\n|-heal|p1a: reaper off souls|93\/100 slp|[from] item: Leftovers\n|upkeep\n|turn|18\n|\n|t:|1701216354\n|cant|p1a: reaper off souls|slp\n|move|p2a: Alomomola|Flip Turn|p1a: reaper off souls\n|-damage|p1a: reaper off souls|78\/100 slp\n|\n|t:|1701216360\n|switch|p2a: Azumarill|Azumarill, F|100\/100|[from] Flip Turn\n|\n|-heal|p1a: reaper off souls|84\/100 slp|[from] item: Leftovers\n|upkeep\n|turn|19\n|\n|t:|1701216366\n|cant|p1a: reaper off souls|slp\n|move|p2a: Azumarill|Belly Drum|p2a: Azumarill\n|-damage|p2a: Azumarill|50\/100\n|-setboost|p2a: Azumarill|atk|6|[from] move: Belly Drum\n|-enditem|p2a: Azumarill|Sitrus Berry|[eat]\n|-heal|p2a: Azumarill|75\/100|[from] item: Sitrus Berry\n|\n|-heal|p1a: reaper off souls|90\/100 slp|[from] item: Leftovers\n|upkeep\n|turn|20\n|\n|t:|1701216375\n|cant|p1a: reaper off souls|slp\n|move|p2a: Azumarill|Knock Off|p1a: reaper off souls\n|-damage|p1a: reaper off souls|0 fnt\n|-enditem|p1a: reaper off souls|Leftovers|[from] move: Knock Off|[of] p2a: Azumarill\n|faint|p1a: reaper off souls\n|\n|upkeep\n|\n|t:|1701216383\n|switch|p1a: menino x|Armarouge, M, shiny|100\/100\n|turn|21\n|\n|t:|1701216393\n|move|p2a: Azumarill|Aqua Jet|p1a: menino x\n|-supereffective|p1a: menino x\n|-enditem|p1a: menino x|Focus Sash\n|-damage|p1a: menino x|1\/100\n|-ability|p1a: menino x|Weak Armor|boost\n|-unboost|p1a: menino x|def|1\n|-boost|p1a: menino x|spe|2\n|move|p1a: menino x|Tera Blast|p2a: Azumarill\n|-damage|p2a: Azumarill|41\/100\n|\n|upkeep\n|turn|22\n|\n|t:|1701216403\n|move|p2a: Azumarill|Aqua Jet|p1a: menino x\n|-supereffective|p1a: menino x\n|-damage|p1a: menino x|0 fnt\n|faint|p1a: menino x\n|\n|upkeep\n|\n|t:|1701216408\n|switch|p1a: magma dragoon|Walking Wake, tera:Steel|30\/100\n|turn|23\n|\n|t:|1701216414\n|move|p2a: Azumarill|Aqua Jet|p1a: magma dragoon\n|-damage|p1a: magma dragoon|0 fnt\n|faint|p1a: magma dragoon\n|-end|p1a: magma dragoon|Protosynthesis|[silent]\n|\n|upkeep\n|-message|lukeng 09 forfeited.\n|\n|win|ay to zee\n|raw|lukeng 09's rating: 1051 &rarr; <strong>1031<\/strong><br \/>(-20 for losing)\n|raw|ay to zee's rating: 1000 &rarr; <strong>1046<\/strong><br \/>(+46 for winning)\n|l|\u2606lukeng 09\n|l|\u2606ay to zee\n|j|\u2606ay to zee\n|player|p2|ay to zee|flint\n","uploadtime":1701216497,"views":2,"p1id":"lukeng09","p2id":"aytozee","formatid":"gen9ou","rating":1031,"private":0,"password":""}