{"id":"gen9ou-2000138008","p1":"Brunz7","p2":"Jay_Fluxx","format":"[Gen 9] OU","log":"|j|\u2606Brunz7\n|j|\u2606Jay_Fluxx\n|t:|1701161507\n|gametype|singles\n|player|p1|Brunz7|169|1171\n|player|p2|Jay_Fluxx|will|1199\n|teamsize|p1|6\n|teamsize|p2|6\n|gen|9\n|tier|[Gen 9] OU\n|rated|\n|rule|Sleep Clause Mod: Limit one foe put to sleep\n|rule|Species Clause: Limit one of each Pok\u00e9mon\n|rule|OHKO Clause: OHKO moves are banned\n|rule|Evasion Items Clause: Evasion items are banned\n|rule|Evasion Moves Clause: Evasion moves are banned\n|rule|Endless Battle Clause: Forcing endless battles is banned\n|rule|HP Percentage Mod: HP is shown in percentages\n|clearpoke\n|poke|p1|Iron Moth|\n|poke|p1|Gholdengo|\n|poke|p1|Great Tusk|\n|poke|p1|Ribombee, F|\n|poke|p1|Kingambit, F|\n|poke|p1|Ogerpon-Cornerstone, F|\n|poke|p2|Cinderace, M|\n|poke|p2|Jirachi|\n|poke|p2|Indeedee-F, F|\n|poke|p2|Ninetales-Alola, M|\n|poke|p2|Dragapult, M|\n|poke|p2|Samurott-Hisui, M|\n|teampreview\n|inactive|Battle timer is ON: inactive players will automatically lose when time's up. (requested by Jay_Fluxx)\n|\n|t:|1701161514\n|start\n|switch|p1a: Nickel|Gholdengo|100\/100\n|switch|p2a: Ninetales|Ninetales-Alola, M, shiny|100\/100\n|-weather|Snow|[from] ability: Snow Warning|[of] p2a: Ninetales\n|-item|p1a: Nickel|Air Balloon\n|turn|1\n|\n|t:|1701161527\n|-terastallize|p2a: Ninetales|Steel\n|move|p2a: Ninetales|Aurora Veil|p2a: Ninetales\n|-sidestart|p2: Jay_Fluxx|move: Aurora Veil\n|move|p1a: Nickel|Make It Rain|p2a: Ninetales\n|-resisted|p2a: Ninetales\n|-damage|p2a: Ninetales|81\/100\n|-unboost|p1a: Nickel|spa|1\n|\n|-weather|Snow|[upkeep]\n|upkeep\n|turn|2\n|\n|t:|1701161536\n|switch|p1a: Ogerpon|Ogerpon-Cornerstone, F|100\/100\n|move|p2a: Ninetales|Calm Mind|p2a: Ninetales\n|-boost|p2a: Ninetales|spa|1\n|-boost|p2a: Ninetales|spd|1\n|\n|-weather|Snow|[upkeep]\n|upkeep\n|turn|3\n|\n|t:|1701161544\n|move|p1a: Ogerpon|Ivy Cudgel|p2a: Ninetales|[anim] Ivy Cudgel Rock\n|-resisted|p2a: Ninetales\n|-damage|p2a: Ninetales|59\/100\n|move|p2a: Ninetales|Freeze-Dry|p1a: Ogerpon\n|-supereffective|p1a: Ogerpon\n|-damage|p1a: Ogerpon|2\/100\n|\n|-weather|Snow|[upkeep]\n|upkeep\n|turn|4\n|\n|t:|1701161554\n|move|p1a: Ogerpon|Spikes|p2a: Ninetales\n|-sidestart|p2: Jay_Fluxx|Spikes\n|move|p2a: Ninetales|Freeze-Dry|p1a: Ogerpon\n|-supereffective|p1a: Ogerpon\n|-damage|p1a: Ogerpon|0 fnt\n|faint|p1a: Ogerpon\n|\n|-weather|Snow|[upkeep]\n|upkeep\n|\n|t:|1701161559\n|switch|p1a: Darth Moth|Iron Moth|100\/100\n|-enditem|p1a: Darth Moth|Booster Energy\n|-activate|p1a: Darth Moth|ability: Quark Drive|[fromitem]\n|-start|p1a: Darth Moth|quarkdrivespa\n|turn|5\n|\n|t:|1701161569\n|move|p1a: Darth Moth|Fiery Dance|p2a: Ninetales\n|-supereffective|p2a: Ninetales\n|-damage|p2a: Ninetales|11\/100\n|-boost|p1a: Darth Moth|spa|1\n|move|p2a: Ninetales|Freeze-Dry|p1a: Darth Moth\n|-resisted|p1a: Darth Moth\n|-damage|p1a: Darth Moth|80\/100\n|\n|-weather|none\n|upkeep\n|turn|6\n|\n|t:|1701161577\n|move|p1a: Darth Moth|Fiery Dance|p2a: Ninetales\n|-supereffective|p2a: Ninetales\n|-damage|p2a: Ninetales|0 fnt\n|faint|p2a: Ninetales\n|\n|upkeep\n|\n|t:|1701161592\n|switch|p2a: Samurott|Samurott-Hisui, M, shiny|100\/100\n|-damage|p2a: Samurott|88\/100|[from] Spikes\n|turn|7\n|\n|t:|1701161597\n|-terastallize|p1a: Darth Moth|Water\n|move|p2a: Samurott|Aqua Cutter|p1a: Darth Moth\n|-resisted|p1a: Darth Moth\n|-damage|p1a: Darth Moth|35\/100\n|move|p1a: Darth Moth|Dazzling Gleam|p2a: Samurott\n|-supereffective|p2a: Samurott\n|-damage|p2a: Samurott|6\/100\n|\n|upkeep\n|turn|8\n|\n|t:|1701161612\n|-end|p1a: Darth Moth|Quark Drive|[silent]\n|switch|p1a: Kingambit|Kingambit, F|100\/100\n|-activate|p1a: Kingambit|ability: Supreme Overlord\n|-start|p1a: Kingambit|fallen1|[silent]\n|move|p2a: Samurott|Aqua Cutter|p1a: Kingambit\n|-damage|p1a: Kingambit|63\/100\n|\n|-sideend|p2: Jay_Fluxx|move: Aurora Veil\n|upkeep\n|turn|9\n|\n|t:|1701161624\n|switch|p2a: Cinderace|Cinderace, M|100\/100\n|move|p1a: Kingambit|Iron Head|p2a: Cinderace\n|-resisted|p2a: Cinderace\n|-damage|p2a: Cinderace|55\/100\n|-damage|p1a: Kingambit|53\/100|[from] item: Life Orb\n|\n|upkeep\n|turn|10\n|\n|t:|1701161632\n|-end|p1a: Kingambit|fallen1|[silent]\n|switch|p1a: Wrecker|Great Tusk|100\/100\n|move|p2a: Cinderace|Will-O-Wisp|p1a: Wrecker\n|-status|p1a: Wrecker|brn\n|\n|-damage|p1a: Wrecker|94\/100 brn|[from] brn\n|upkeep\n|turn|11\n|\n|t:|1701161640\n|move|p2a: Cinderace|Pyro Ball|p1a: Wrecker\n|-damage|p1a: Wrecker|53\/100 brn\n|move|p1a: Wrecker|Earthquake|p2a: Cinderace\n|-supereffective|p2a: Cinderace\n|-damage|p2a: Cinderace|0 fnt\n|faint|p2a: Cinderace\n|\n|-damage|p1a: Wrecker|47\/100 brn|[from] brn\n|upkeep\n|\n|t:|1701161654\n|switch|p2a: Dragapult|Dragapult, M|100\/100\n|-damage|p2a: Dragapult|88\/100|[from] Spikes\n|turn|12\n|\n|t:|1701161660\n|move|p2a: Dragapult|U-turn|p1a: Wrecker\n|-resisted|p1a: Wrecker\n|-damage|p1a: Wrecker|39\/100 brn\n|\n|t:|1701161663\n|switch|p2a: Indeedee|Indeedee-F, F, shiny|100\/100|[from] U-turn\n|-damage|p2a: Indeedee|88\/100|[from] Spikes\n|-fieldstart|move: Psychic Terrain|[from] ability: Psychic Surge|[of] p2a: Indeedee\n|move|p1a: Wrecker|Ice Spinner|p2a: Indeedee\n|-damage|p2a: Indeedee|74\/100\n|-fieldend|move: Psychic Terrain\n|\n|-heal|p2a: Indeedee|80\/100|[from] item: Leftovers\n|-damage|p1a: Wrecker|33\/100 brn|[from] brn\n|upkeep\n|turn|13\n|\n|t:|1701161676\n|switch|p2a: Jirachi|Jirachi, shiny|100\/100\n|-damage|p2a: Jirachi|88\/100|[from] Spikes\n|move|p1a: Wrecker|Earthquake|p2a: Jirachi\n|-supereffective|p2a: Jirachi\n|-damage|p2a: Jirachi|43\/100\n|\n|-heal|p2a: Jirachi|49\/100|[from] item: Leftovers\n|-damage|p1a: Wrecker|26\/100 brn|[from] brn\n|upkeep\n|turn|14\n|\n|t:|1701161687\n|switch|p2a: Indeedee|Indeedee-F, F, shiny|80\/100\n|-damage|p2a: Indeedee|68\/100|[from] Spikes\n|-fieldstart|move: Psychic Terrain|[from] ability: Psychic Surge|[of] p2a: Indeedee\n|move|p1a: Wrecker|Earthquake|p2a: Indeedee\n|-damage|p2a: Indeedee|45\/100\n|\n|-heal|p2a: Indeedee|51\/100|[from] item: Leftovers\n|-damage|p1a: Wrecker|20\/100 brn|[from] brn\n|upkeep\n|turn|15\n|\n|t:|1701161702\n|switch|p2a: Dragapult|Dragapult, M|88\/100\n|-damage|p2a: Dragapult|76\/100|[from] Spikes\n|-enditem|p2a: Dragapult|Psychic Seed\n|-boost|p2a: Dragapult|spd|1|[from] item: Psychic Seed\n|move|p1a: Wrecker|Ice Spinner|p2a: Dragapult\n|-supereffective|p2a: Dragapult\n|-damage|p2a: Dragapult|38\/100\n|-fieldend|move: Psychic Terrain\n|\n|-damage|p1a: Wrecker|14\/100 brn|[from] brn\n|upkeep\n|turn|16\n|\n|t:|1701161723\n|move|p2a: Dragapult|Dragon Darts|p1a: Wrecker\n|-damage|p1a: Wrecker|0 fnt\n|faint|p1a: Wrecker\n|-end|p1a: Wrecker|Protosynthesis|[silent]\n|\n|upkeep\n|\n|t:|1701161727\n|switch|p1a: Ribombee|Ribombee, F|100\/100\n|turn|17\n|\n|t:|1701161731\n|move|p2a: Dragapult|Acrobatics|p1a: Ribombee\n|-supereffective|p1a: Ribombee\n|-enditem|p1a: Ribombee|Focus Sash\n|-damage|p1a: Ribombee|1\/100\n|move|p1a: Ribombee|Sticky Web|p2a: Dragapult\n|-sidestart|p2: Jay_Fluxx|move: Sticky Web\n|\n|upkeep\n|turn|18\n|\n|t:|1701161739\n|move|p2a: Dragapult|Acrobatics|p1a: Ribombee\n|-supereffective|p1a: Ribombee\n|-damage|p1a: Ribombee|0 fnt\n|faint|p1a: Ribombee\n|\n|upkeep\n|\n|t:|1701161742\n|switch|p1a: Kingambit|Kingambit, F|53\/100\n|-activate|p1a: Kingambit|ability: Supreme Overlord\n|-start|p1a: Kingambit|fallen3|[silent]\n|turn|19\n|\n|t:|1701161747\n|move|p1a: Kingambit|Sucker Punch||[still]\n|-fail|p1a: Kingambit\n|move|p2a: Dragapult|Dragon Dance|p2a: Dragapult\n|-boost|p2a: Dragapult|atk|1\n|-boost|p2a: Dragapult|spe|1\n|\n|upkeep\n|turn|20\n|\n|t:|1701161758\n|move|p1a: Kingambit|Sucker Punch||[still]\n|-fail|p1a: Kingambit\n|move|p2a: Dragapult|Dragon Dance|p2a: Dragapult\n|-boost|p2a: Dragapult|atk|1\n|-boost|p2a: Dragapult|spe|1\n|\n|upkeep\n|turn|21\n|\n|t:|1701161769\n|-end|p1a: Kingambit|fallen3|[silent]\n|switch|p1a: Nickel|Gholdengo|100\/100\n|-item|p1a: Nickel|Air Balloon\n|move|p2a: Dragapult|Dragon Darts|p1a: Nickel\n|-resisted|p1a: Nickel\n|-damage|p1a: Nickel|72\/100\n|-enditem|p1a: Nickel|Air Balloon\n|-anim|p2a: Dragapult|Dragon Darts|p1a: Nickel\n|-resisted|p1a: Nickel\n|-damage|p1a: Nickel|44\/100\n|\n|upkeep\n|turn|22\n|\n|t:|1701161780\n|move|p2a: Dragapult|Dragon Darts|p1a: Nickel\n|-resisted|p1a: Nickel\n|-damage|p1a: Nickel|17\/100\n|-anim|p2a: Dragapult|Dragon Darts|p1a: Nickel\n|-resisted|p1a: Nickel\n|-damage|p1a: Nickel|0 fnt\n|faint|p1a: Nickel\n|\n|upkeep\n|\n|t:|1701161783\n|switch|p1a: Kingambit|Kingambit, F|53\/100\n|-activate|p1a: Kingambit|ability: Supreme Overlord\n|-start|p1a: Kingambit|fallen4|[silent]\n|turn|23\n|\n|t:|1701161798\n|move|p2a: Dragapult|Dragon Darts|p1a: Kingambit\n|-resisted|p1a: Kingambit\n|-damage|p1a: Kingambit|34\/100\n|-anim|p2a: Dragapult|Dragon Darts|p1a: Kingambit\n|-resisted|p1a: Kingambit\n|-damage|p1a: Kingambit|16\/100\n|move|p1a: Kingambit|Swords Dance|p1a: Kingambit\n|-boost|p1a: Kingambit|atk|2\n|\n|upkeep\n|turn|24\n|\n|t:|1701161807\n|move|p1a: Kingambit|Sucker Punch||[still]\n|-fail|p1a: Kingambit\n|move|p2a: Dragapult|Dragon Dance|p2a: Dragapult\n|-boost|p2a: Dragapult|atk|1\n|-boost|p2a: Dragapult|spe|1\n|\n|upkeep\n|turn|25\n|\n|t:|1701161822\n|move|p2a: Dragapult|Dragon Darts|p1a: Kingambit\n|-resisted|p1a: Kingambit\n|-damage|p1a: Kingambit|0 fnt\n|faint|p1a: Kingambit\n|-end|p1a: Kingambit|fallen4|[silent]\n|\n|upkeep\n|-message|Brunz7 forfeited.\n|\n|win|Jay_Fluxx\n|raw|Brunz7's rating: 1171 &rarr; <strong>1148<\/strong><br \/>(-23 for losing)\n|raw|Jay_Fluxx's rating: 1199 &rarr; <strong>1222<\/strong><br \/>(+23 for winning)\n|l|\u2606Brunz7\n","uploadtime":1701161840,"views":14,"p1id":"brunz7","p2id":"jayfluxx","formatid":"gen9ou","rating":1148,"private":0,"password":""}