{"id":"gen9ou-1996488519","p1":"SoosTheMoose","p2":"Winterchillz","format":"[Gen 9] OU","log":"|j|\u2606SoosTheMoose\n|j|\u2606Winterchillz\n|t:|1700686899\n|gametype|singles\n|player|p1|SoosTheMoose|bruno|1484\n|player|p2|Winterchillz|teacher|1533\n|teamsize|p1|6\n|teamsize|p2|6\n|gen|9\n|tier|[Gen 9] OU\n|rated|\n|rule|Sleep Clause Mod: Limit one foe put to sleep\n|rule|Species Clause: Limit one of each Pok\u00e9mon\n|rule|OHKO Clause: OHKO moves are banned\n|rule|Evasion Items Clause: Evasion items are banned\n|rule|Evasion Moves Clause: Evasion moves are banned\n|rule|Endless Battle Clause: Forcing endless battles is banned\n|rule|HP Percentage Mod: HP is shown in percentages\n|clearpoke\n|poke|p1|Zapdos|\n|poke|p1|Great Tusk|\n|poke|p1|Heatran, F|\n|poke|p1|Toxapex, M|\n|poke|p1|Amoonguss, F|\n|poke|p1|Dragapult, F|\n|poke|p2|Garganacl, F|\n|poke|p2|Great Tusk|\n|poke|p2|Gholdengo|\n|poke|p2|Iron Valiant|\n|poke|p2|Dragonite, M|\n|poke|p2|Zapdos|\n|teampreview\n|inactive|Battle timer is ON: inactive players will automatically lose when time's up. (requested by SoosTheMoose)\n|\n|t:|1700686917\n|start\n|switch|p1a: Smough|Great Tusk|100\/100\n|switch|p2a: Zapdos|Zapdos|100\/100\n|turn|1\n|\n|t:|1700686933\n|-end|p1a: Smough|Protosynthesis|[silent]\n|switch|p1a: Queelag|Heatran, F|100\/100\n|move|p2a: Zapdos|Hurricane|p1a: Queelag|[miss]\n|-miss|p2a: Zapdos|p1a: Queelag\n|\n|upkeep\n|turn|2\n|\n|t:|1700686936\n|switch|p2a: Garganacl|Garganacl, F|100\/100\n|move|p1a: Queelag|Magma Storm|p2a: Garganacl\n|-resisted|p2a: Garganacl\n|-damage|p2a: Garganacl|83\/100\n|-activate|p2a: Garganacl|move: Magma Storm|[of] p1a: Queelag\n|\n|-heal|p2a: Garganacl|89\/100|[from] item: Leftovers\n|-damage|p2a: Garganacl|76\/100|[from] move: Magma Storm|[partiallytrapped]\n|upkeep\n|turn|3\n|\n|t:|1700686942\n|switch|p1a: Mytha|Toxapex, M|100\/100\n|move|p2a: Garganacl|Salt Cure|p1a: Mytha\n|-damage|p1a: Mytha|89\/100\n|-start|p1a: Mytha|Salt Cure\n|\n|-heal|p2a: Garganacl|83\/100|[from] item: Leftovers\n|-damage|p1a: Mytha|65\/100|[from] Salt Cure\n|-end|p2a: Garganacl|Magma Storm|[partiallytrapped]|[silent]\n|upkeep\n|turn|4\n|\n|t:|1700686946\n|switch|p1a: Aldia|Amoonguss, F|100\/100\n|move|p2a: Garganacl|Curse|p2a: Garganacl\n|-unboost|p2a: Garganacl|spe|1\n|-boost|p2a: Garganacl|atk|1\n|-boost|p2a: Garganacl|def|1\n|\n|-heal|p2a: Garganacl|89\/100|[from] item: Leftovers\n|upkeep\n|turn|5\n|\n|t:|1700686954\n|move|p1a: Aldia|Giga Drain|p2a: Garganacl\n|-supereffective|p2a: Garganacl\n|-damage|p2a: Garganacl|49\/100\n|move|p2a: Garganacl|Salt Cure|p1a: Aldia\n|-damage|p1a: Aldia|87\/100\n|-start|p1a: Aldia|Salt Cure\n|\n|-heal|p2a: Garganacl|55\/100|[from] item: Leftovers\n|-damage|p1a: Aldia|74\/100|[from] Salt Cure\n|upkeep\n|turn|6\n|\n|t:|1700686957\n|move|p1a: Aldia|Giga Drain|p2a: Garganacl\n|-supereffective|p2a: Garganacl\n|-damage|p2a: Garganacl|16\/100\n|-heal|p1a: Aldia|93\/100|[from] drain|[of] p2a: Garganacl\n|move|p2a: Garganacl|Recover|p2a: Garganacl\n|-heal|p2a: Garganacl|66\/100\n|\n|-heal|p2a: Garganacl|72\/100|[from] item: Leftovers\n|-damage|p1a: Aldia|80\/100|[from] Salt Cure\n|upkeep\n|turn|7\n|\n|t:|1700686968\n|switch|p2a: Zapdos|Zapdos|100\/100\n|move|p1a: Aldia|Giga Drain|p2a: Zapdos\n|-resisted|p2a: Zapdos\n|-damage|p2a: Zapdos|93\/100\n|-heal|p1a: Aldia|83\/100|[from] drain|[of] p2a: Zapdos\n|\n|-damage|p1a: Aldia|71\/100|[from] Salt Cure\n|upkeep\n|turn|8\n|inactive|SoosTheMoose has 120 seconds left.\n|\n|t:|1700687003\n|switch|p1a: Queelag|Heatran, F|100\/100\n|move|p2a: Zapdos|Hurricane|p1a: Queelag\n|-resisted|p1a: Queelag\n|-damage|p1a: Queelag|87\/100\n|-start|p1a: Queelag|confusion\n|\n|-heal|p1a: Queelag|93\/100|[from] item: Leftovers\n|upkeep\n|turn|9\n|inactive|SoosTheMoose has 120 seconds left.\n|\n|t:|1700687011\n|switch|p2a: Garganacl|Garganacl, F|72\/100\n|-activate|p1a: Queelag|confusion\n|move|p1a: Queelag|Magma Storm|p2a: Garganacl\n|-resisted|p2a: Garganacl\n|-damage|p2a: Garganacl|55\/100\n|-activate|p2a: Garganacl|move: Magma Storm|[of] p1a: Queelag\n|\n|-heal|p1a: Queelag|99\/100|[from] item: Leftovers\n|-heal|p2a: Garganacl|61\/100|[from] item: Leftovers\n|-damage|p2a: Garganacl|49\/100|[from] move: Magma Storm|[partiallytrapped]\n|upkeep\n|turn|10\n|\n|t:|1700687016\n|switch|p1a: Aldia|Amoonguss, F|100\/100\n|move|p2a: Garganacl|Recover|p2a: Garganacl\n|-heal|p2a: Garganacl|99\/100\n|\n|-heal|p2a: Garganacl|100\/100|[from] item: Leftovers\n|-end|p2a: Garganacl|Magma Storm|[partiallytrapped]|[silent]\n|upkeep\n|turn|11\n|\n|t:|1700687022\n|switch|p2a: Gholdengo|Gholdengo|100\/100\n|-item|p2a: Gholdengo|Air Balloon\n|move|p1a: Aldia|Spore|p2a: Gholdengo\n|-immune|p2a: Gholdengo|[from] ability: Good as Gold\n|\n|upkeep\n|turn|12\n|\n|t:|1700687030\n|switch|p1a: Queelag|Heatran, F|99\/100\n|move|p2a: Gholdengo|Shadow Ball|p1a: Queelag\n|-damage|p1a: Queelag|78\/100\n|\n|-heal|p1a: Queelag|84\/100|[from] item: Leftovers\n|upkeep\n|turn|13\n|\n|t:|1700687058\n|switch|p2a: Garganacl|Garganacl, F|100\/100\n|move|p1a: Queelag|Magma Storm|p2a: Garganacl\n|-resisted|p2a: Garganacl\n|-damage|p2a: Garganacl|84\/100\n|-activate|p2a: Garganacl|move: Magma Storm|[of] p1a: Queelag\n|\n|-heal|p1a: Queelag|90\/100|[from] item: Leftovers\n|-heal|p2a: Garganacl|90\/100|[from] item: Leftovers\n|-damage|p2a: Garganacl|77\/100|[from] move: Magma Storm|[partiallytrapped]\n|upkeep\n|turn|14\n|\n|t:|1700687063\n|move|p1a: Queelag|Earth Power|p2a: Garganacl\n|-supereffective|p2a: Garganacl\n|-damage|p2a: Garganacl|36\/100\n|move|p2a: Garganacl|Earthquake|p1a: Queelag\n|-supereffective|p1a: Queelag\n|-damage|p1a: Queelag|16\/100\n|\n|-heal|p1a: Queelag|23\/100|[from] item: Leftovers\n|-heal|p2a: Garganacl|43\/100|[from] item: Leftovers\n|-damage|p2a: Garganacl|30\/100|[from] move: Magma Storm|[partiallytrapped]\n|upkeep\n|turn|15\n|\n|t:|1700687071\n|-terastallize|p2a: Garganacl|Water\n|move|p1a: Queelag|Earth Power|p2a: Garganacl\n|-damage|p2a: Garganacl|7\/100\n|move|p2a: Garganacl|Recover|p2a: Garganacl\n|-heal|p2a: Garganacl|57\/100\n|\n|-heal|p1a: Queelag|29\/100|[from] item: Leftovers\n|-heal|p2a: Garganacl|64\/100|[from] item: Leftovers\n|-damage|p2a: Garganacl|51\/100|[from] move: Magma Storm|[partiallytrapped]\n|upkeep\n|turn|16\n|\n|t:|1700687085\n|switch|p1a: Aldia|Amoonguss, F|100\/100\n|move|p2a: Garganacl|Recover|p2a: Garganacl\n|-heal|p2a: Garganacl|100\/100\n|\n|-end|p2a: Garganacl|Magma Storm|[partiallytrapped]|[silent]\n|upkeep\n|turn|17\n|\n|t:|1700687095\n|switch|p2a: Gholdengo|Gholdengo|100\/100\n|-item|p2a: Gholdengo|Air Balloon\n|move|p1a: Aldia|Foul Play|p2a: Gholdengo\n|-supereffective|p2a: Gholdengo\n|-damage|p2a: Gholdengo|85\/100\n|-enditem|p2a: Gholdengo|Air Balloon\n|\n|upkeep\n|turn|18\n|\n|t:|1700687104\n|switch|p1a: Queelag|Heatran, F|29\/100\n|move|p2a: Gholdengo|Nasty Plot|p2a: Gholdengo\n|-boost|p2a: Gholdengo|spa|2\n|\n|-heal|p1a: Queelag|35\/100|[from] item: Leftovers\n|upkeep\n|turn|19\n|\n|t:|1700687107\n|switch|p2a: Garganacl|Garganacl, F, tera:Water|100\/100\n|move|p1a: Queelag|Magma Storm|p2a: Garganacl\n|-resisted|p2a: Garganacl\n|-damage|p2a: Garganacl|82\/100\n|-activate|p2a: Garganacl|move: Magma Storm|[of] p1a: Queelag\n|\n|-heal|p1a: Queelag|41\/100|[from] item: Leftovers\n|-heal|p2a: Garganacl|88\/100|[from] item: Leftovers\n|-damage|p2a: Garganacl|76\/100|[from] move: Magma Storm|[partiallytrapped]\n|upkeep\n|turn|20\n|\n|t:|1700687111\n|switch|p1a: Aldia|Amoonguss, F|100\/100\n|move|p2a: Garganacl|Salt Cure|p1a: Aldia\n|-damage|p1a: Aldia|91\/100\n|-start|p1a: Aldia|Salt Cure\n|\n|-heal|p2a: Garganacl|82\/100|[from] item: Leftovers\n|-end|p2a: Garganacl|Magma Storm|[partiallytrapped]|[silent]\n|-damage|p1a: Aldia|78\/100|[from] Salt Cure\n|upkeep\n|turn|21\n|\n|t:|1700687128\n|switch|p2a: Gholdengo|Gholdengo|85\/100\n|move|p1a: Aldia|Giga Drain|p2a: Gholdengo\n|-resisted|p2a: Gholdengo\n|-damage|p2a: Gholdengo|74\/100\n|-heal|p1a: Aldia|83\/100|[from] drain|[of] p2a: Gholdengo\n|\n|-damage|p1a: Aldia|71\/100|[from] Salt Cure\n|upkeep\n|turn|22\n|\n|t:|1700687135\n|switch|p1a: Queelag|Heatran, F|41\/100\n|move|p2a: Gholdengo|Shadow Ball|p1a: Queelag\n|-damage|p1a: Queelag|20\/100\n|-unboost|p1a: Queelag|spd|1\n|\n|-heal|p1a: Queelag|26\/100|[from] item: Leftovers\n|upkeep\n|turn|23\n|\n|t:|1700687156\n|switch|p2a: Garganacl|Garganacl, F, tera:Water|82\/100\n|switch|p1a: Mytha|Toxapex, M|98\/100\n|\n|-heal|p2a: Garganacl|88\/100|[from] item: Leftovers\n|upkeep\n|turn|24\n|\n|t:|1700687161\n|switch|p1a: Aldia|Amoonguss, F|100\/100\n|move|p2a: Garganacl|Curse|p2a: Garganacl\n|-unboost|p2a: Garganacl|spe|1\n|-boost|p2a: Garganacl|atk|1\n|-boost|p2a: Garganacl|def|1\n|\n|-heal|p2a: Garganacl|94\/100|[from] item: Leftovers\n|upkeep\n|turn|25\n|\n|t:|1700687168\n|move|p1a: Aldia|Giga Drain|p2a: Garganacl\n|-supereffective|p2a: Garganacl\n|-damage|p2a: Garganacl|58\/100\n|move|p2a: Garganacl|Earthquake|p1a: Aldia\n|-damage|p1a: Aldia|75\/100\n|\n|-heal|p2a: Garganacl|64\/100|[from] item: Leftovers\n|upkeep\n|turn|26\n|\n|t:|1700687173\n|move|p1a: Aldia|Giga Drain|p2a: Garganacl\n|-supereffective|p2a: Garganacl\n|-damage|p2a: Garganacl|27\/100\n|-heal|p1a: Aldia|93\/100|[from] drain|[of] p2a: Garganacl\n|move|p2a: Garganacl|Recover|p2a: Garganacl\n|-heal|p2a: Garganacl|77\/100\n|\n|-heal|p2a: Garganacl|83\/100|[from] item: Leftovers\n|upkeep\n|turn|27\n|\n|t:|1700687178\n|switch|p2a: Gholdengo|Gholdengo|74\/100\n|move|p1a: Aldia|Giga Drain|p2a: Gholdengo\n|-resisted|p2a: Gholdengo\n|-damage|p2a: Gholdengo|63\/100\n|-heal|p1a: Aldia|98\/100|[from] drain|[of] p2a: Gholdengo\n|\n|upkeep\n|turn|28\n|\n|t:|1700687184\n|switch|p1a: Mytha|Toxapex, M|100\/100\n|move|p2a: Gholdengo|Shadow Ball|p1a: Mytha\n|-damage|p1a: Mytha|77\/100\n|\n|upkeep\n|turn|29\n|\n|t:|1700687193\n|switch|p1a: Queelag|Heatran, F|26\/100\n|move|p2a: Gholdengo|Recover|p2a: Gholdengo\n|-heal|p2a: Gholdengo|100\/100\n|\n|-heal|p1a: Queelag|32\/100|[from] item: Leftovers\n|upkeep\n|turn|30\n|\n|t:|1700687200\n|switch|p2a: Garganacl|Garganacl, F, tera:Water|83\/100\n|move|p1a: Queelag|Magma Storm|p2a: Garganacl\n|-resisted|p2a: Garganacl\n|-damage|p2a: Garganacl|65\/100\n|-activate|p2a: Garganacl|move: Magma Storm|[of] p1a: Queelag\n|\n|-heal|p1a: Queelag|39\/100|[from] item: Leftovers\n|-heal|p2a: Garganacl|71\/100|[from] item: Leftovers\n|-damage|p2a: Garganacl|59\/100|[from] move: Magma Storm|[partiallytrapped]\n|upkeep\n|turn|31\n|\n|t:|1700687205\n|switch|p1a: Aldia|Amoonguss, F|100\/100\n|move|p2a: Garganacl|Earthquake|p1a: Aldia\n|-damage|p1a: Aldia|85\/100\n|\n|-heal|p2a: Garganacl|65\/100|[from] item: Leftovers\n|-end|p2a: Garganacl|Magma Storm|[partiallytrapped]|[silent]\n|upkeep\n|turn|32\n|\n|t:|1700687214\n|switch|p2a: Zapdos|Zapdos|93\/100\n|move|p1a: Aldia|Giga Drain|p2a: Zapdos\n|-resisted|p2a: Zapdos\n|-damage|p2a: Zapdos|86\/100\n|-heal|p1a: Aldia|88\/100|[from] drain|[of] p2a: Zapdos\n|\n|upkeep\n|turn|33\n|\n|t:|1700687228\n|switch|p1a: Queelag|Heatran, F|39\/100\n|move|p2a: Zapdos|Discharge|p1a: Queelag\n|-crit|p1a: Queelag\n|-damage|p1a: Queelag|10\/100\n|\n|-heal|p1a: Queelag|16\/100|[from] item: Leftovers\n|upkeep\n|turn|34\n|\n|t:|1700687235\n|move|p2a: Zapdos|Discharge|p1a: Queelag\n|-damage|p1a: Queelag|0 fnt\n|faint|p1a: Queelag\n|\n|upkeep\n|\n|t:|1700687239\n|switch|p1a: Midir|Dragapult, F|100\/100\n|turn|35\n|\n|t:|1700687245\n|move|p1a: Midir|Draco Meteor|p2a: Zapdos\n|-damage|p2a: Zapdos|27\/100\n|-unboost|p1a: Midir|spa|2\n|move|p2a: Zapdos|Discharge|p1a: Midir\n|-resisted|p1a: Midir\n|-damage|p1a: Midir|79\/100\n|\n|upkeep\n|turn|36\n|\n|t:|1700687259\n|switch|p1a: Ornstein|Zapdos|100\/100\n|switch|p2a: Garganacl|Garganacl, F, tera:Water|65\/100\n|\n|-heal|p2a: Garganacl|71\/100|[from] item: Leftovers\n|upkeep\n|turn|37\n|\n|t:|1700687278\n|switch|p2a: Dragonite|Dragonite, M|100\/100\n|move|p1a: Ornstein|Volt Switch|p2a: Dragonite\n|-damage|p2a: Dragonite|86\/100\n|\n|t:|1700687282\n|switch|p1a: Aldia|Amoonguss, F|100\/100|[from] Volt Switch\n|\n|upkeep\n|turn|38\n|\n|t:|1700687285\n|switch|p2a: Gholdengo|Gholdengo|100\/100\n|move|p1a: Aldia|Spore|p2a: Gholdengo\n|-immune|p2a: Gholdengo|[from] ability: Good as Gold\n|\n|upkeep\n|turn|39\n|\n|t:|1700687293\n|move|p2a: Gholdengo|Shadow Ball|p1a: Aldia\n|-damage|p1a: Aldia|68\/100\n|-unboost|p1a: Aldia|spd|1\n|move|p1a: Aldia|Foul Play|p2a: Gholdengo\n|-supereffective|p2a: Gholdengo\n|-damage|p2a: Gholdengo|87\/100\n|\n|upkeep\n|turn|40\n|\n|t:|1700687297\n|switch|p1a: Mytha|Toxapex, M|100\/100\n|move|p2a: Gholdengo|Nasty Plot|p2a: Gholdengo\n|-boost|p2a: Gholdengo|spa|2\n|\n|upkeep\n|turn|41\n|\n|t:|1700687303\n|move|p2a: Gholdengo|Shadow Ball|p1a: Mytha\n|-damage|p1a: Mytha|55\/100\n|move|p1a: Mytha|Haze|p1a: Mytha\n|-clearallboost\n|\n|upkeep\n|turn|42\n|\n|t:|1700687313\n|switch|p2a: Zapdos|Zapdos|27\/100\n|switch|p1a: Aldia|Amoonguss, F|100\/100\n|\n|upkeep\n|turn|43\n|\n|t:|1700687316\n|switch|p1a: Ornstein|Zapdos|100\/100\n|move|p2a: Zapdos|Hurricane|p1a: Ornstein\n|-resisted|p1a: Ornstein\n|-damage|p1a: Ornstein|78\/100\n|\n|upkeep\n|turn|44\n|\n|t:|1700687320\n|switch|p2a: Great Tusk|Great Tusk|100\/100\n|move|p1a: Ornstein|Volt Switch|p2a: Great Tusk\n|-immune|p2a: Great Tusk\n|\n|upkeep\n|turn|45\n|\n|t:|1700687328\n|-end|p2a: Great Tusk|Protosynthesis|[silent]\n|switch|p2a: Gholdengo|Gholdengo|87\/100\n|move|p1a: Ornstein|Hurricane|p2a: Gholdengo\n|-resisted|p2a: Gholdengo\n|-damage|p2a: Gholdengo|63\/100\n|-start|p2a: Gholdengo|confusion\n|\n|upkeep\n|turn|46\n|\n|t:|1700687352\n|move|p1a: Ornstein|Volt Switch|p2a: Gholdengo\n|-damage|p2a: Gholdengo|33\/100\n|\n|t:|1700687356\n|switch|p1a: Smough|Great Tusk|100\/100|[from] Volt Switch\n|-activate|p2a: Gholdengo|confusion\n|move|p2a: Gholdengo|Recover|p2a: Gholdengo\n|-heal|p2a: Gholdengo|83\/100\n|\n|upkeep\n|turn|47\n|\n|t:|1700687364\n|switch|p2a: Zapdos|Zapdos|27\/100\n|move|p1a: Smough|Knock Off|p2a: Zapdos\n|-damage|p2a: Zapdos|0 fnt\n|-enditem|p2a: Zapdos|Heavy-Duty Boots|[from] move: Knock Off|[of] p1a: Smough\n|faint|p2a: Zapdos\n|\n|upkeep\n|\n|t:|1700687369\n|switch|p2a: Iron Valiant|Iron Valiant|100\/100\n|turn|48\n|\n|t:|1700687391\n|-end|p1a: Smough|Protosynthesis|[silent]\n|switch|p1a: Mytha|Toxapex, M|88\/100\n|move|p2a: Iron Valiant|Moonblast|p1a: Mytha\n|-resisted|p1a: Mytha\n|-damage|p1a: Mytha|72\/100\n|-unboost|p1a: Mytha|spa|1\n|\n|upkeep\n|turn|49\n|\n|t:|1700687399\n|-end|p2a: Iron Valiant|Quark Drive|[silent]\n|switch|p2a: Garganacl|Garganacl, F, tera:Water|71\/100\n|move|p1a: Mytha|Toxic|p2a: Garganacl\n|-immune|p2a: Garganacl|[from] ability: Purifying Salt\n|\n|-heal|p2a: Garganacl|77\/100|[from] item: Leftovers\n|upkeep\n|turn|50\n|\n|t:|1700687405\n|switch|p1a: Aldia|Amoonguss, F|100\/100\n|move|p2a: Garganacl|Salt Cure|p1a: Aldia\n|-damage|p1a: Aldia|91\/100\n|-start|p1a: Aldia|Salt Cure\n|\n|-heal|p2a: Garganacl|84\/100|[from] item: Leftovers\n|-damage|p1a: Aldia|79\/100|[from] Salt Cure\n|upkeep\n|turn|51\n|\n|t:|1700687410\n|switch|p2a: Gholdengo|Gholdengo|83\/100\n|move|p1a: Aldia|Giga Drain|p2a: Gholdengo\n|-resisted|p2a: Gholdengo\n|-damage|p2a: Gholdengo|71\/100\n|-heal|p1a: Aldia|84\/100|[from] drain|[of] p2a: Gholdengo\n|\n|-damage|p1a: Aldia|72\/100|[from] Salt Cure\n|upkeep\n|turn|52\n|\n|t:|1700687416\n|switch|p1a: Mytha|Toxapex, M|100\/100\n|move|p2a: Gholdengo|Shadow Ball|p1a: Mytha\n|-damage|p1a: Mytha|78\/100\n|\n|upkeep\n|turn|53\n|\n|t:|1700687428\n|switch|p1a: Midir|Dragapult, F|79\/100\n|move|p2a: Gholdengo|Nasty Plot|p2a: Gholdengo\n|-boost|p2a: Gholdengo|spa|2\n|\n|upkeep\n|turn|54\n|\n|t:|1700687435\n|switch|p2a: Garganacl|Garganacl, F, tera:Water|84\/100\n|move|p1a: Midir|Shadow Ball|p2a: Garganacl\n|-damage|p2a: Garganacl|63\/100\n|-unboost|p2a: Garganacl|spd|1\n|\n|-heal|p2a: Garganacl|69\/100|[from] item: Leftovers\n|upkeep\n|turn|55\n|\n|t:|1700687442\n|switch|p1a: Aldia|Amoonguss, F|100\/100\n|move|p2a: Garganacl|Salt Cure|p1a: Aldia\n|-damage|p1a: Aldia|90\/100\n|-start|p1a: Aldia|Salt Cure\n|\n|-heal|p2a: Garganacl|75\/100|[from] item: Leftovers\n|-damage|p1a: Aldia|78\/100|[from] Salt Cure\n|upkeep\n|turn|56\n|\n|t:|1700687450\n|switch|p2a: Gholdengo|Gholdengo|71\/100\n|move|p1a: Aldia|Foul Play|p2a: Gholdengo\n|-supereffective|p2a: Gholdengo\n|-damage|p2a: Gholdengo|58\/100\n|\n|-damage|p1a: Aldia|65\/100|[from] Salt Cure\n|upkeep\n|turn|57\n|\n|t:|1700687457\n|switch|p1a: Mytha|Toxapex, M|100\/100\n|move|p2a: Gholdengo|Recover|p2a: Gholdengo\n|-heal|p2a: Gholdengo|100\/100\n|\n|upkeep\n|turn|58\n|inactive|SoosTheMoose has 120 seconds left.\n|\n|t:|1700687508\n|move|p2a: Gholdengo|Nasty Plot|p2a: Gholdengo\n|-boost|p2a: Gholdengo|spa|2\n|move|p1a: Mytha|Surf|p2a: Gholdengo\n|-damage|p2a: Gholdengo|82\/100\n|\n|upkeep\n|turn|59\n|\n|t:|1700687518\n|move|p2a: Gholdengo|Shadow Ball|p1a: Mytha\n|-damage|p1a: Mytha|57\/100\n|-unboost|p1a: Mytha|spd|1\n|move|p1a: Mytha|Haze|p1a: Mytha\n|-clearallboost\n|\n|upkeep\n|turn|60\n|inactive|SoosTheMoose has 90 seconds left.\n|\n|t:|1700687554\n|move|p2a: Gholdengo|Nasty Plot|p2a: Gholdengo\n|-boost|p2a: Gholdengo|spa|2\n|move|p1a: Mytha|Surf|p2a: Gholdengo\n|-damage|p2a: Gholdengo|63\/100\n|\n|upkeep\n|turn|61\n|inactive|SoosTheMoose has 90 seconds left.\n|-message|SoosTheMoose forfeited.\n|\n|win|Winterchillz\n|raw|SoosTheMoose's rating: 1484 &rarr; <strong>1467<\/strong><br \/>(-17 for losing)\n|raw|Winterchillz's rating: 1533 &rarr; <strong>1550<\/strong><br \/>(+17 for winning)\n|l|\u2606SoosTheMoose\n","uploadtime":1700687574,"views":2,"p1id":"soosthemoose","p2id":"winterchillz","formatid":"gen9ou","rating":1467,"private":0,"password":""}