{"id":"gen9ou-1993382533","p1":"Mooplays","p2":"markx","format":"[Gen 9] OU","log":"|j|\u2606Mooplays\n|j|\u2606markx\n|t:|1700309692\n|gametype|singles\n|player|p1|Mooplays|iris|1077\n|player|p2|markx|hugh|1167\n|teamsize|p1|6\n|teamsize|p2|6\n|gen|9\n|tier|[Gen 9] OU\n|rated|\n|rule|Sleep Clause Mod: Limit one foe put to sleep\n|rule|Species Clause: Limit one of each Pok\u00e9mon\n|rule|OHKO Clause: OHKO moves are banned\n|rule|Evasion Items Clause: Evasion items are banned\n|rule|Evasion Moves Clause: Evasion moves are banned\n|rule|Endless Battle Clause: Forcing endless battles is banned\n|rule|HP Percentage Mod: HP is shown in percentages\n|clearpoke\n|poke|p1|Rillaboom, M|\n|poke|p1|Ogerpon-Wellspring, F|\n|poke|p1|Ribombee, F|\n|poke|p1|Great Tusk|\n|poke|p1|Grimmsnarl, M|\n|poke|p1|Dragonite, M|\n|poke|p2|Iron Valiant|\n|poke|p2|Zamazenta-*|\n|poke|p2|Glimmora, M|\n|poke|p2|Ogerpon-Wellspring, F|\n|poke|p2|Kingambit, F|\n|poke|p2|Enamorus, F|\n|teampreview\n|inactive|Battle timer is ON: inactive players will automatically lose when time's up. (requested by markx)\n|\n|t:|1700309712\n|start\n|switch|p1a: Great Tusk|Great Tusk|100\/100\n|switch|p2a: Enamorus|Enamorus, F|100\/100\n|turn|1\n|\n|t:|1700309721\n|move|p2a: Enamorus|Moonblast|p1a: Great Tusk\n|-supereffective|p1a: Great Tusk\n|-damage|p1a: Great Tusk|0 fnt\n|faint|p1a: Great Tusk\n|-end|p1a: Great Tusk|Protosynthesis|[silent]\n|\n|upkeep\n|\n|t:|1700309733\n|switch|p1a: Grimmsnarl|Grimmsnarl, M|100\/100\n|turn|2\n|\n|t:|1700309740\n|move|p1a: Grimmsnarl|Light Screen|p1a: Grimmsnarl\n|-sidestart|p1: Mooplays|move: Light Screen\n|move|p2a: Enamorus|Moonblast|p1a: Grimmsnarl\n|-supereffective|p1a: Grimmsnarl\n|-damage|p1a: Grimmsnarl|31\/100\n|\n|upkeep\n|turn|3\n|\n|t:|1700309751\n|move|p1a: Grimmsnarl|Taunt|p2a: Enamorus\n|-start|p2a: Enamorus|move: Taunt\n|move|p2a: Enamorus|Moonblast|p1a: Grimmsnarl\n|-supereffective|p1a: Grimmsnarl\n|-crit|p1a: Grimmsnarl\n|-damage|p1a: Grimmsnarl|0 fnt\n|faint|p1a: Grimmsnarl\n|\n|upkeep\n|\n|t:|1700309763\n|switch|p1a: Ribombee|Ribombee, F, shiny|100\/100\n|turn|4\n|\n|t:|1700309768\n|move|p2a: Enamorus|Moonblast|p1a: Ribombee\n|-damage|p1a: Ribombee|39\/100\n|move|p1a: Ribombee|Quiver Dance|p1a: Ribombee\n|-boost|p1a: Ribombee|spa|1\n|-boost|p1a: Ribombee|spd|1\n|-boost|p1a: Ribombee|spe|1\n|\n|upkeep\n|turn|5\n|\n|t:|1700309784\n|-terastallize|p2a: Enamorus|Steel\n|move|p1a: Ribombee|Draining Kiss|p2a: Enamorus\n|-resisted|p2a: Enamorus\n|-crit|p2a: Enamorus\n|-damage|p2a: Enamorus|63\/100\n|-heal|p1a: Ribombee|64\/100|[from] drain|[of] p2a: Enamorus\n|-damage|p1a: Ribombee|55\/100|[from] item: Life Orb\n|move|p2a: Enamorus|Moonblast|p1a: Ribombee\n|-damage|p1a: Ribombee|13\/100\n|\n|-end|p2a: Enamorus|move: Taunt\n|upkeep\n|turn|6\n|\n|t:|1700309797\n|-terastallize|p1a: Ribombee|Fire\n|move|p1a: Ribombee|Tera Blast|p2a: Enamorus|[anim] Tera Blast Fire\n|-supereffective|p2a: Enamorus\n|-damage|p2a: Enamorus|0 fnt\n|faint|p2a: Enamorus\n|-damage|p1a: Ribombee|3\/100|[from] item: Life Orb\n|\n|upkeep\n|\n|t:|1700309810\n|switch|p2a: Iron Valiant|Iron Valiant, shiny|100\/100\n|-enditem|p2a: Iron Valiant|Booster Energy\n|-activate|p2a: Iron Valiant|ability: Quark Drive|[fromitem]\n|-start|p2a: Iron Valiant|quarkdrivespe\n|turn|7\n|\n|t:|1700309817\n|move|p2a: Iron Valiant|Psychic|p1a: Ribombee\n|-crit|p1a: Ribombee\n|-damage|p1a: Ribombee|0 fnt\n|faint|p1a: Ribombee\n|\n|upkeep\n|\n|t:|1700309823\n|switch|p1a: Ogerpon|Ogerpon-Wellspring, F|100\/100\n|turn|8\n|\n|t:|1700309827\n|move|p2a: Iron Valiant|Thunderbolt|p1a: Ogerpon\n|-damage|p1a: Ogerpon|86\/100\n|move|p1a: Ogerpon|Leech Seed|p2a: Iron Valiant\n|-start|p2a: Iron Valiant|move: Leech Seed\n|\n|-damage|p2a: Iron Valiant|88\/100|[from] Leech Seed|[of] p1a: Ogerpon\n|-heal|p1a: Ogerpon|96\/100|[silent]\n|upkeep\n|turn|9\n|\n|t:|1700309837\n|-end|p2a: Iron Valiant|Quark Drive|[silent]\n|switch|p2a: Zamazenta|Zamazenta|100\/100\n|-ability|p2a: Zamazenta|Dauntless Shield|boost\n|-boost|p2a: Zamazenta|def|1\n|move|p1a: Ogerpon|Ivy Cudgel|p2a: Zamazenta|[anim] Ivy Cudgel Water\n|-damage|p2a: Zamazenta|76\/100\n|\n|-heal|p2a: Zamazenta|82\/100|[from] item: Leftovers\n|-sideend|p1: Mooplays|move: Light Screen\n|upkeep\n|turn|10\n|\n|t:|1700309865\n|switch|p2a: Glimmora|Glimmora, M, shiny|100\/100\n|move|p1a: Ogerpon|Leech Seed|p2a: Glimmora|[miss]\n|-miss|p1a: Ogerpon|p2a: Glimmora\n|\n|upkeep\n|turn|11\n|\n|t:|1700309873\n|move|p1a: Ogerpon|Ivy Cudgel|p2a: Glimmora|[anim] Ivy Cudgel Water\n|-supereffective|p2a: Glimmora\n|-enditem|p2a: Glimmora|Focus Sash\n|-damage|p2a: Glimmora|1\/100\n|move|p2a: Glimmora|Toxic|p1a: Ogerpon\n|-status|p1a: Ogerpon|tox\n|\n|-damage|p1a: Ogerpon|90\/100 tox|[from] psn\n|upkeep\n|turn|12\n|\n|t:|1700309883\n|move|p1a: Ogerpon|Horn Leech|p2a: Glimmora\n|-damage|p2a: Glimmora|0 fnt\n|-heal|p1a: Ogerpon|90\/100 tox|[from] drain|[of] p2a: Glimmora\n|faint|p2a: Glimmora\n|\n|-damage|p1a: Ogerpon|78\/100 tox|[from] psn\n|upkeep\n|\n|t:|1700309890\n|switch|p2a: Ogerpon|Ogerpon-Wellspring, F|100\/100\n|turn|13\n|\n|t:|1700309896\n|move|p2a: Ogerpon|Spiky Shield|p2a: Ogerpon\n|-singleturn|p2a: Ogerpon|move: Protect\n|move|p1a: Ogerpon|Leech Seed|p2a: Ogerpon\n|-activate|p2a: Ogerpon|move: Protect\n|\n|-damage|p1a: Ogerpon|60\/100 tox|[from] psn\n|upkeep\n|turn|14\n|\n|t:|1700309904\n|move|p1a: Ogerpon|Horn Leech|p2a: Ogerpon\n|-damage|p2a: Ogerpon|51\/100\n|-heal|p1a: Ogerpon|81\/100 tox|[from] drain|[of] p2a: Ogerpon\n|move|p2a: Ogerpon|Horn Leech|p1a: Ogerpon\n|-damage|p1a: Ogerpon|32\/100 tox\n|-heal|p2a: Ogerpon|80\/100|[from] drain|[of] p1a: Ogerpon\n|\n|-damage|p1a: Ogerpon|8\/100 tox|[from] psn\n|upkeep\n|turn|15\n|\n|t:|1700309917\n|switch|p1a: Rillaboom|Rillaboom, M|100\/100\n|-fieldstart|move: Grassy Terrain|[from] ability: Grassy Surge|[of] p1a: Rillaboom\n|move|p2a: Ogerpon|Spiky Shield||[still]\n|-fail|p2a: Ogerpon\n|\n|-heal|p2a: Ogerpon|86\/100|[from] Grassy Terrain\n|upkeep\n|turn|16\n|\n|t:|1700309938\n|switch|p2a: Kingambit|Kingambit, F|100\/100\n|-activate|p2a: Kingambit|ability: Supreme Overlord\n|-start|p2a: Kingambit|fallen2|[silent]\n|move|p1a: Rillaboom|Swords Dance|p1a: Rillaboom\n|-boost|p1a: Rillaboom|atk|2\n|\n|upkeep\n|turn|17\n|\n|t:|1700309947\n|move|p2a: Kingambit|Sucker Punch|p1a: Rillaboom\n|-damage|p1a: Rillaboom|45\/100\n|move|p1a: Rillaboom|Drain Punch|p2a: Kingambit\n|-supereffective|p2a: Kingambit\n|-damage|p2a: Kingambit|0 fnt\n|-heal|p1a: Rillaboom|97\/100|[from] drain|[of] p2a: Kingambit\n|faint|p2a: Kingambit\n|-end|p2a: Kingambit|fallen2|[silent]\n|\n|-heal|p1a: Rillaboom|100\/100|[from] Grassy Terrain\n|upkeep\n|\n|t:|1700309962\n|switch|p2a: Iron Valiant|Iron Valiant, shiny|88\/100\n|turn|18\n|\n|t:|1700309967\n|move|p1a: Rillaboom|Grassy Glide|p2a: Iron Valiant\n|-damage|p2a: Iron Valiant|0 fnt\n|faint|p2a: Iron Valiant\n|-end|p2a: Iron Valiant|Quark Drive|[silent]\n|\n|upkeep\n|\n|t:|1700309977\n|switch|p2a: Ogerpon|Ogerpon-Wellspring, F|86\/100\n|turn|19\n|\n|t:|1700309981\n|move|p2a: Ogerpon|Spiky Shield|p2a: Ogerpon\n|-singleturn|p2a: Ogerpon|move: Protect\n|move|p1a: Rillaboom|Drain Punch|p2a: Ogerpon\n|-activate|p2a: Ogerpon|move: Protect\n|-damage|p1a: Rillaboom|88\/100|[from] Spiky Shield|[of] p2a: Ogerpon\n|\n|-heal|p2a: Ogerpon|92\/100|[from] Grassy Terrain\n|-heal|p1a: Rillaboom|94\/100|[from] Grassy Terrain\n|-fieldend|move: Grassy Terrain\n|upkeep\n|turn|20\n|\n|t:|1700309994\n|move|p2a: Ogerpon|Swords Dance|p2a: Ogerpon\n|-boost|p2a: Ogerpon|atk|2\n|move|p1a: Rillaboom|Drain Punch|p2a: Ogerpon\n|-damage|p2a: Ogerpon|20\/100\n|-heal|p1a: Rillaboom|100\/100|[from] drain|[of] p2a: Ogerpon\n|\n|upkeep\n|turn|21\n|\n|t:|1700310002\n|move|p2a: Ogerpon|Spiky Shield|p2a: Ogerpon\n|-singleturn|p2a: Ogerpon|move: Protect\n|move|p1a: Rillaboom|Grassy Glide|p2a: Ogerpon\n|-activate|p2a: Ogerpon|move: Protect\n|-damage|p1a: Rillaboom|88\/100|[from] Spiky Shield|[of] p2a: Ogerpon\n|\n|upkeep\n|turn|22\n|\n|t:|1700310010\n|move|p2a: Ogerpon|Horn Leech|p1a: Rillaboom\n|-resisted|p1a: Rillaboom\n|-damage|p1a: Rillaboom|42\/100\n|-heal|p2a: Ogerpon|47\/100|[from] drain|[of] p1a: Rillaboom\n|move|p1a: Rillaboom|Grassy Glide|p2a: Ogerpon\n|-damage|p2a: Ogerpon|0 fnt\n|faint|p2a: Ogerpon\n|\n|upkeep\n|\n|t:|1700310019\n|switch|p2a: Zamazenta|Zamazenta|82\/100\n|turn|23\n|\n|t:|1700310025\n|move|p1a: Rillaboom|Drain Punch|p2a: Zamazenta\n|-damage|p2a: Zamazenta|39\/100\n|-heal|p1a: Rillaboom|67\/100|[from] drain|[of] p2a: Zamazenta\n|move|p2a: Zamazenta|Roar|p1a: Rillaboom\n|drag|p1a: Dragonite|Dragonite, M|100\/100\n|\n|-heal|p2a: Zamazenta|46\/100|[from] item: Leftovers\n|upkeep\n|turn|24\n|\n|t:|1700310037\n|move|p2a: Zamazenta|Iron Defense|p2a: Zamazenta\n|-boost|p2a: Zamazenta|def|2\n|move|p1a: Dragonite|Hurricane|p2a: Zamazenta|[miss]\n|-miss|p1a: Dragonite|p2a: Zamazenta\n|\n|-heal|p2a: Zamazenta|52\/100|[from] item: Leftovers\n|upkeep\n|turn|25\n|\n|t:|1700310045\n|move|p2a: Zamazenta|Iron Defense|p2a: Zamazenta\n|-boost|p2a: Zamazenta|def|2\n|move|p1a: Dragonite|Hurricane|p2a: Zamazenta\n|-supereffective|p2a: Zamazenta\n|-damage|p2a: Zamazenta|0 fnt\n|faint|p2a: Zamazenta\n|\n|win|Mooplays\n|raw|Mooplays's rating: 1077 &rarr; <strong>1113<\/strong><br \/>(+36 for winning)\n|raw|markx's rating: 1167 &rarr; <strong>1136<\/strong><br \/>(-31 for losing)\n|l|\u2606markx\n|c|\u2606Mooplays|G\n|c|\u2606Mooplays|Gg\n","uploadtime":1700310304,"views":10,"p1id":"mooplays","p2id":"markx","formatid":"gen9ou","rating":1113,"private":0,"password":""}