{"id":"gen9ou-1990447385","p1":"nugiemambobodo","p2":"scalpel39","format":"[Gen 9] OU","log":"|j|\u2606nugiemambobodo\n|j|\u2606scalpel39\n|t:|1699971860\n|gametype|singles\n|player|p1|nugiemambobodo|266|1077\n|player|p2|scalpel39|102|1168\n|teamsize|p1|6\n|teamsize|p2|6\n|gen|9\n|tier|[Gen 9] OU\n|rated|\n|rule|Sleep Clause Mod: Limit one foe put to sleep\n|rule|Species Clause: Limit one of each Pok\u00e9mon\n|rule|OHKO Clause: OHKO moves are banned\n|rule|Evasion Items Clause: Evasion items are banned\n|rule|Evasion Moves Clause: Evasion moves are banned\n|rule|Endless Battle Clause: Forcing endless battles is banned\n|rule|HP Percentage Mod: HP is shown in percentages\n|clearpoke\n|poke|p1|Cinderace, M|\n|poke|p1|Ogerpon-Wellspring, F|\n|poke|p1|Garganacl, M|\n|poke|p1|Clefable, F|\n|poke|p1|Amoonguss, F|\n|poke|p1|Dragapult, F|\n|poke|p2|Dragapult, M|\n|poke|p2|Sandy Shocks|\n|poke|p2|Hatterene, F|\n|poke|p2|Kingambit, M|\n|poke|p2|Enamorus, F|\n|poke|p2|Iron Valiant|\n|teampreview\n|\n|t:|1699971885\n|start\n|switch|p1a: Clefable|Clefable, F, shiny|100\/100\n|switch|p2a: Sandy Shocks|Sandy Shocks|100\/100\n|-enditem|p2a: Sandy Shocks|Booster Energy\n|-activate|p2a: Sandy Shocks|ability: Protosynthesis|[fromitem]\n|-start|p2a: Sandy Shocks|protosynthesisspe\n|turn|1\n|\n|t:|1699971904\n|move|p2a: Sandy Shocks|Earth Power|p1a: Clefable\n|-damage|p1a: Clefable|57\/100\n|move|p1a: Clefable|Calm Mind|p1a: Clefable\n|-boost|p1a: Clefable|spa|1\n|-boost|p1a: Clefable|spd|1\n|\n|-heal|p1a: Clefable|63\/100|[from] item: Leftovers\n|upkeep\n|turn|2\n|\n|t:|1699971915\n|move|p1a: Clefable|Protect|p1a: Clefable\n|-singleturn|p1a: Clefable|Protect\n|move|p2a: Sandy Shocks|Earth Power|p1a: Clefable\n|-activate|p1a: Clefable|move: Protect\n|\n|-heal|p1a: Clefable|69\/100|[from] item: Leftovers\n|upkeep\n|turn|3\n|\n|t:|1699971923\n|-end|p2a: Sandy Shocks|Protosynthesis|[silent]\n|switch|p2a: Iron Valiant|Iron Valiant|100\/100\n|-enditem|p2a: Iron Valiant|Booster Energy\n|-activate|p2a: Iron Valiant|ability: Quark Drive|[fromitem]\n|-start|p2a: Iron Valiant|quarkdrivespe\n|move|p1a: Clefable|Wish|p1a: Clefable\n|\n|-heal|p1a: Clefable|75\/100|[from] item: Leftovers\n|upkeep\n|turn|4\n|\n|t:|1699971932\n|move|p2a: Iron Valiant|Knock Off|p1a: Clefable\n|-resisted|p1a: Clefable\n|-damage|p1a: Clefable|61\/100\n|-enditem|p1a: Clefable|Leftovers|[from] move: Knock Off|[of] p2a: Iron Valiant\n|move|p1a: Clefable|Moonblast|p2a: Iron Valiant\n|-supereffective|p2a: Iron Valiant\n|-damage|p2a: Iron Valiant|0 fnt\n|faint|p2a: Iron Valiant\n|-end|p2a: Iron Valiant|Quark Drive|[silent]\n|\n|-heal|p1a: Clefable|100\/100|[from] move: Wish|[wisher] Clefable\n|upkeep\n|\n|t:|1699971948\n|switch|p2a: Hatterene|Hatterene, F|100\/100\n|turn|5\n|\n|t:|1699971955\n|move|p1a: Clefable|Calm Mind|p1a: Clefable\n|-boost|p1a: Clefable|spa|1\n|-boost|p1a: Clefable|spd|1\n|move|p2a: Hatterene|Calm Mind|p2a: Hatterene\n|-boost|p2a: Hatterene|spa|1\n|-boost|p2a: Hatterene|spd|1\n|\n|upkeep\n|turn|6\n|\n|t:|1699971961\n|move|p1a: Clefable|Calm Mind|p1a: Clefable\n|-boost|p1a: Clefable|spa|1\n|-boost|p1a: Clefable|spd|1\n|move|p2a: Hatterene|Calm Mind|p2a: Hatterene\n|-boost|p2a: Hatterene|spa|1\n|-boost|p2a: Hatterene|spd|1\n|\n|upkeep\n|turn|7\n|\n|t:|1699971967\n|move|p1a: Clefable|Calm Mind|p1a: Clefable\n|-boost|p1a: Clefable|spa|1\n|-boost|p1a: Clefable|spd|1\n|move|p2a: Hatterene|Calm Mind|p2a: Hatterene\n|-boost|p2a: Hatterene|spa|1\n|-boost|p2a: Hatterene|spd|1\n|\n|upkeep\n|turn|8\n|\n|t:|1699971974\n|move|p1a: Clefable|Calm Mind|p1a: Clefable\n|-boost|p1a: Clefable|spa|1\n|-boost|p1a: Clefable|spd|1\n|move|p2a: Hatterene|Calm Mind|p2a: Hatterene\n|-boost|p2a: Hatterene|spa|1\n|-boost|p2a: Hatterene|spd|1\n|\n|upkeep\n|turn|9\n|\n|t:|1699971981\n|move|p1a: Clefable|Calm Mind|p1a: Clefable\n|-boost|p1a: Clefable|spa|1\n|-boost|p1a: Clefable|spd|1\n|move|p2a: Hatterene|Calm Mind|p2a: Hatterene\n|-boost|p2a: Hatterene|spa|1\n|-boost|p2a: Hatterene|spd|1\n|\n|upkeep\n|turn|10\n|c|\u2606nugiemambobodo|hm\n|\n|t:|1699971999\n|move|p1a: Clefable|Protect|p1a: Clefable\n|-singleturn|p1a: Clefable|Protect\n|move|p2a: Hatterene|Calm Mind|p2a: Hatterene\n|-boost|p2a: Hatterene|spa|1\n|-boost|p2a: Hatterene|spd|1\n|\n|upkeep\n|turn|11\n|c|\u2606nugiemambobodo|ill let u attack me\n|\n|t:|1699972016\n|move|p1a: Clefable|Protect|p1a: Clefable\n|-singleturn|p1a: Clefable|Protect\n|move|p2a: Hatterene|Mystical Fire|p1a: Clefable\n|-activate|p1a: Clefable|move: Protect\n|\n|upkeep\n|turn|12\n|c|\u2606nugiemambobodo|oon second thought, u used mystical fire\n|\n|t:|1699972037\n|move|p1a: Clefable|Moonblast|p2a: Hatterene\n|-damage|p2a: Hatterene|0 fnt\n|faint|p2a: Hatterene\n|\n|upkeep\n|n|!nugiemambobodo|nugiemambobodo\n|-message|scalpel39 forfeited.\n|\n|win|nugiemambobodo\n|raw|nugiemambobodo's rating: 1077 &rarr; <strong>1113<\/strong><br \/>(+36 for winning)\n|raw|scalpel39's rating: 1168 &rarr; <strong>1137<\/strong><br \/>(-31 for losing)\n|l|\u2606scalpel39\n","uploadtime":1699972044,"views":8,"p1id":"nugiemambobodo","p2id":"scalpel39","formatid":"gen9ou","rating":1113,"private":0,"password":""}