{"id":"gen9ou-2000444904","p1":"burgercute","p2":"Gelarkan_","format":"[Gen 9] OU","log":"|j|\u2606burgercute\n|j|\u2606Gelarkan_\n|t:|1701195391\n|gametype|singles\n|player|p1|burgercute|iris|1301\n|player|p2|Gelarkan_|fisherman-gen4|1210\n|teamsize|p1|6\n|teamsize|p2|6\n|gen|9\n|tier|[Gen 9] OU\n|rated|\n|rule|Sleep Clause Mod: Limit one foe put to sleep\n|rule|Species Clause: Limit one of each Pok\u00e9mon\n|rule|OHKO Clause: OHKO moves are banned\n|rule|Evasion Items Clause: Evasion items are banned\n|rule|Evasion Moves Clause: Evasion moves are banned\n|rule|Endless Battle Clause: Forcing endless battles is banned\n|rule|HP Percentage Mod: HP is shown in percentages\n|clearpoke\n|poke|p1|Indeedee, M|\n|poke|p1|Toedscruel, M|\n|poke|p1|Pelipper, M|\n|poke|p1|Floatzel, F|\n|poke|p1|Polteageist|\n|poke|p1|Forretress, F|\n|poke|p2|Ceruledge, M|\n|poke|p2|Walking Wake|\n|poke|p2|Hatterene, F|\n|poke|p2|Kingambit, F|\n|poke|p2|Ogerpon-Cornerstone, F|\n|poke|p2|Enamorus, F|\n|teampreview\n|inactive|Battle timer is ON: inactive players will automatically lose when time's up. (requested by burgercute)\n|\n|t:|1701195398\n|start\n|switch|p1a: Toedscruel|Toedscruel, M|100\/100\n|switch|p2a: Ogerpon|Ogerpon-Cornerstone, F|100\/100\n|turn|1\n|\n|t:|1701195409\n|switch|p2a: Hatterene|Hatterene, F|100\/100\n|switch|p1a: Forretress|Forretress, F, shiny|100\/100\n|\n|upkeep\n|turn|2\n|\n|t:|1701195416\n|switch|p1a: Pelipper|Pelipper, M|100\/100\n|-weather|RainDance|[from] ability: Drizzle|[of] p1a: Pelipper\n|move|p2a: Hatterene|Mystical Fire|p1a: Pelipper\n|-resisted|p1a: Pelipper\n|-damage|p1a: Pelipper|91\/100\n|-unboost|p1a: Pelipper|spa|1\n|\n|-weather|RainDance|[upkeep]\n|upkeep\n|turn|3\n|\n|t:|1701195432\n|move|p1a: Pelipper|U-turn|p2a: Hatterene\n|-damage|p2a: Hatterene|94\/100\n|\n|t:|1701195443\n|switch|p1a: Forretress|Forretress, F, shiny|100\/100|[from] U-turn\n|move|p2a: Hatterene|Draining Kiss|p1a: Forretress\n|-resisted|p1a: Forretress\n|-damage|p1a: Forretress|85\/100\n|-heal|p2a: Hatterene|100\/100|[from] drain|[of] p1a: Forretress\n|-damage|p2a: Hatterene|84\/100|[from] item: Rocky Helmet|[of] p1a: Forretress\n|\n|-weather|RainDance|[upkeep]\n|-heal|p2a: Hatterene|90\/100|[from] item: Leftovers\n|upkeep\n|turn|4\n|\n|t:|1701195452\n|move|p1a: Forretress|Volt Switch|p2a: Hatterene\n|-damage|p2a: Hatterene|79\/100\n|\n|t:|1701195458\n|switch|p1a: Toedscruel|Toedscruel, M|100\/100|[from] Volt Switch\n|move|p2a: Hatterene|Mystical Fire|p1a: Toedscruel\n|-supereffective|p1a: Toedscruel\n|-damage|p1a: Toedscruel|87\/100\n|-unboost|p1a: Toedscruel|spa|1\n|\n|-weather|RainDance|[upkeep]\n|-heal|p1a: Toedscruel|93\/100|[from] item: Leftovers\n|-heal|p2a: Hatterene|85\/100|[from] item: Leftovers\n|upkeep\n|turn|5\n|\n|t:|1701195468\n|move|p2a: Hatterene|Calm Mind|p2a: Hatterene\n|-boost|p2a: Hatterene|spa|1\n|-boost|p2a: Hatterene|spd|1\n|move|p1a: Toedscruel|Spore|p2a: Hatterene\n|-status|p2a: Hatterene|slp|[from] move: Spore\n|\n|-weather|RainDance|[upkeep]\n|-heal|p1a: Toedscruel|99\/100|[from] item: Leftovers\n|-heal|p2a: Hatterene|91\/100 slp|[from] item: Leftovers\n|upkeep\n|turn|6\n|\n|t:|1701195477\n|cant|p2a: Hatterene|slp\n|move|p1a: Toedscruel|Leech Seed|p2a: Hatterene|[miss]\n|-miss|p1a: Toedscruel|p2a: Hatterene\n|\n|-weather|RainDance|[upkeep]\n|-heal|p1a: Toedscruel|100\/100|[from] item: Leftovers\n|-heal|p2a: Hatterene|97\/100 slp|[from] item: Leftovers\n|upkeep\n|turn|7\n|\n|t:|1701195484\n|-curestatus|p2a: Hatterene|slp|[msg]\n|move|p2a: Hatterene|Calm Mind|p2a: Hatterene\n|-boost|p2a: Hatterene|spa|1\n|-boost|p2a: Hatterene|spd|1\n|move|p1a: Toedscruel|Leech Seed|p2a: Hatterene|[miss]\n|-miss|p1a: Toedscruel|p2a: Hatterene\n|\n|-weather|RainDance|[upkeep]\n|-heal|p2a: Hatterene|100\/100|[from] item: Leftovers\n|upkeep\n|turn|8\n|\n|t:|1701195492\n|move|p2a: Hatterene|Calm Mind|p2a: Hatterene\n|-boost|p2a: Hatterene|spa|1\n|-boost|p2a: Hatterene|spd|1\n|move|p1a: Toedscruel|Toxic|p2a: Hatterene\n|-status|p2a: Hatterene|tox\n|\n|-weather|RainDance|[upkeep]\n|-damage|p2a: Hatterene|95\/100 tox|[from] psn\n|upkeep\n|turn|9\n|\n|t:|1701195499\n|move|p2a: Hatterene|Mystical Fire|p1a: Toedscruel\n|-supereffective|p1a: Toedscruel\n|-damage|p1a: Toedscruel|66\/100\n|-unboost|p1a: Toedscruel|spa|1\n|move|p1a: Toedscruel|Leech Seed|p2a: Hatterene|[miss]\n|-miss|p1a: Toedscruel|p2a: Hatterene\n|\n|-weather|none\n|-heal|p1a: Toedscruel|72\/100|[from] item: Leftovers\n|-heal|p2a: Hatterene|100\/100 tox|[from] item: Leftovers\n|-damage|p2a: Hatterene|89\/100 tox|[from] psn\n|upkeep\n|turn|10\n|\n|t:|1701195510\n|move|p2a: Hatterene|Psyshock|p1a: Toedscruel\n|-crit|p1a: Toedscruel\n|-damage|p1a: Toedscruel|0 fnt\n|faint|p1a: Toedscruel\n|\n|-heal|p2a: Hatterene|95\/100 tox|[from] item: Leftovers\n|-damage|p2a: Hatterene|77\/100 tox|[from] psn\n|upkeep\n|\n|t:|1701195514\n|switch|p1a: Pelipper|Pelipper, M|91\/100\n|-weather|RainDance|[from] ability: Drizzle|[of] p1a: Pelipper\n|turn|11\n|c|\u2606Gelarkan_|sorry for leech seed\n|\n|t:|1701195524\n|move|p1a: Pelipper|U-turn|p2a: Hatterene\n|-damage|p2a: Hatterene|70\/100 tox\n|\n|t:|1701195534\n|switch|p1a: Forretress|Forretress, F, shiny|85\/100|[from] U-turn\n|move|p2a: Hatterene|Draining Kiss|p1a: Forretress\n|-resisted|p1a: Forretress\n|-damage|p1a: Forretress|41\/100\n|-heal|p2a: Hatterene|100\/100 tox|[from] drain|[of] p1a: Forretress\n|-damage|p2a: Hatterene|84\/100 tox|[from] item: Rocky Helmet|[of] p1a: Forretress\n|\n|-weather|RainDance|[upkeep]\n|-heal|p2a: Hatterene|90\/100 tox|[from] item: Leftovers\n|-damage|p2a: Hatterene|66\/100 tox|[from] psn\n|upkeep\n|turn|12\n|\n|t:|1701195547\n|move|p1a: Forretress|Volt Switch|p2a: Hatterene\n|-damage|p2a: Hatterene|62\/100 tox\n|\n|t:|1701195552\n|switch|p1a: Indeedee|Indeedee, M|100\/100|[from] Volt Switch\n|-fieldstart|move: Psychic Terrain|[from] ability: Psychic Surge|[of] p1a: Indeedee\n|move|p2a: Hatterene|Draining Kiss|p1a: Indeedee\n|-damage|p1a: Indeedee|20\/100\n|-heal|p2a: Hatterene|100\/100 tox|[from] drain|[of] p1a: Indeedee\n|\n|-weather|RainDance|[upkeep]\n|-damage|p2a: Hatterene|71\/100 tox|[from] psn\n|upkeep\n|turn|13\n|\n|t:|1701195561\n|move|p1a: Indeedee|Healing Wish|p1a: Indeedee\n|faint|p1a: Indeedee\n|move|p2a: Hatterene|Draining Kiss|p1: Indeedee|[notarget]\n|-fail|p2a: Hatterene\n|\n|-weather|RainDance|[upkeep]\n|-heal|p2a: Hatterene|77\/100 tox|[from] item: Leftovers\n|-damage|p2a: Hatterene|41\/100 tox|[from] psn\n|upkeep\n|\n|t:|1701195565\n|switch|p1a: Free Wave Crash|Floatzel, F, shiny|100\/100\n|turn|14\n|\n|t:|1701195571\n|move|p1a: Free Wave Crash|Wave Crash|p2a: Hatterene\n|-damage|p2a: Hatterene|0 fnt\n|faint|p2a: Hatterene\n|-damage|p1a: Free Wave Crash|87\/100|[from] Recoil\n|\n|-weather|RainDance|[upkeep]\n|upkeep\n|\n|t:|1701195583\n|switch|p2a: Enamorus|Enamorus, F|100\/100\n|turn|15\n|\n|t:|1701195591\n|move|p1a: Free Wave Crash|Wave Crash|p2a: Enamorus\n|-damage|p2a: Enamorus|0 fnt\n|faint|p2a: Enamorus\n|-damage|p1a: Free Wave Crash|57\/100|[from] Recoil\n|\n|-weather|RainDance|[upkeep]\n|upkeep\n|\n|t:|1701195598\n|switch|p2a: Ogerpon|Ogerpon-Cornerstone, F|100\/100\n|turn|16\n|\n|t:|1701195601\n|move|p1a: Free Wave Crash|Wave Crash|p2a: Ogerpon\n|-ability|p2a: Ogerpon|Sturdy\n|-damage|p2a: Ogerpon|1\/100\n|-damage|p1a: Free Wave Crash|25\/100|[from] Recoil\n|move|p2a: Ogerpon|Power Whip|p1a: Free Wave Crash|[miss]\n|-miss|p2a: Ogerpon|p1a: Free Wave Crash\n|\n|-weather|RainDance|[upkeep]\n|upkeep\n|turn|17\n|\n|t:|1701195612\n|switch|p1a: Forretress|Forretress, F, shiny|41\/100\n|-heal|p1a: Forretress|100\/100|[from] move: Healing Wish\n|move|p2a: Ogerpon|Ivy Cudgel|p1a: Forretress|[anim] Ivy Cudgel Rock\n|-damage|p1a: Forretress|65\/100\n|\n|-weather|RainDance|[upkeep]\n|upkeep\n|turn|18\n|\n|t:|1701195619\n|move|p2a: Ogerpon|Low Kick|p1a: Forretress\n|-damage|p1a: Forretress|43\/100\n|-damage|p2a: Ogerpon|0 fnt|[from] item: Rocky Helmet|[of] p1a: Forretress\n|faint|p2a: Ogerpon\n|move|p1a: Forretress|Volt Switch|p2: Ogerpon|[notarget]\n|-fail|p1a: Forretress\n|\n|-weather|none\n|upkeep\n|\n|t:|1701195629\n|switch|p2a: Ceruledge|Ceruledge, M|100\/100\n|turn|19\n|\n|t:|1701195643\n|-terastallize|p2a: Ceruledge|Ghost\n|move|p2a: Ceruledge|Poltergeist|p1a: Forretress\n|-activate|p1a: Forretress|move: Poltergeist|Rocky Helmet\n|-damage|p1a: Forretress|4\/100\n|move|p1a: Forretress|Volt Switch|p2a: Ceruledge\n|-damage|p2a: Ceruledge|89\/100\n|\n|t:|1701195649\n|switch|p1a: Pelipper|Pelipper, M|91\/100|[from] Volt Switch\n|-weather|RainDance|[from] ability: Drizzle|[of] p1a: Pelipper\n|\n|-weather|RainDance|[upkeep]\n|-fieldend|move: Psychic Terrain\n|upkeep\n|turn|20\n|\n|t:|1701195656\n|move|p2a: Ceruledge|Poltergeist|p1a: Pelipper\n|-activate|p1a: Pelipper|move: Poltergeist|Damp Rock\n|-damage|p1a: Pelipper|8\/100\n|move|p1a: Pelipper|Surf|p2a: Ceruledge\n|-damage|p2a: Ceruledge|20\/100\n|\n|-weather|RainDance|[upkeep]\n|upkeep\n|turn|21\n|\n|t:|1701195664\n|move|p2a: Ceruledge|Shadow Sneak|p1a: Pelipper\n|-damage|p1a: Pelipper|0 fnt\n|faint|p1a: Pelipper\n|\n|-weather|RainDance|[upkeep]\n|upkeep\n|\n|t:|1701195670\n|switch|p1a: Forretress|Forretress, F, shiny|4\/100\n|turn|22\n|\n|t:|1701195673\n|move|p2a: Ceruledge|Swords Dance|p2a: Ceruledge\n|-boost|p2a: Ceruledge|atk|2\n|move|p1a: Forretress|Volt Switch|p2a: Ceruledge\n|-damage|p2a: Ceruledge|8\/100\n|\n|t:|1701195687\n|switch|p1a: Free Wave Crash|Floatzel, F, shiny|25\/100|[from] Volt Switch\n|\n|-weather|RainDance|[upkeep]\n|upkeep\n|turn|23\n|\n|t:|1701195691\n|switch|p1a: Forretress|Forretress, F, shiny|4\/100\n|move|p2a: Ceruledge|Shadow Sneak|p1a: Forretress\n|-crit|p1a: Forretress\n|-damage|p1a: Forretress|0 fnt\n|-damage|p2a: Ceruledge|0 fnt|[from] item: Rocky Helmet|[of] p1a: Forretress\n|faint|p1a: Forretress\n|faint|p2a: Ceruledge\n|\n|-weather|RainDance|[upkeep]\n|upkeep\n|\n|t:|1701195701\n|switch|p2a: Walking Wake|Walking Wake|100\/100\n|switch|p1a: Free Wave Crash|Floatzel, F, shiny|25\/100\n|-enditem|p2a: Walking Wake|Booster Energy\n|-activate|p2a: Walking Wake|ability: Protosynthesis|[fromitem]\n|-start|p2a: Walking Wake|protosynthesisspa\n|turn|24\n|\n|t:|1701195709\n|move|p1a: Free Wave Crash|Brick Break|p2a: Walking Wake\n|-damage|p2a: Walking Wake|65\/100\n|move|p2a: Walking Wake|Dragon Pulse|p1a: Free Wave Crash\n|-damage|p1a: Free Wave Crash|0 fnt\n|faint|p1a: Free Wave Crash\n|\n|-weather|RainDance|[upkeep]\n|upkeep\n|\n|t:|1701195713\n|switch|p1a: Tea Time|Polteageist, shiny|100\/100\n|turn|25\n|\n|t:|1701195718\n|-terastallize|p1a: Tea Time|Fairy\n|move|p2a: Walking Wake|Substitute|p2a: Walking Wake\n|-start|p2a: Walking Wake|Substitute\n|-damage|p2a: Walking Wake|40\/100\n|move|p1a: Tea Time|Shell Smash|p1a: Tea Time\n|-unboost|p1a: Tea Time|def|1\n|-unboost|p1a: Tea Time|spd|1\n|-boost|p1a: Tea Time|atk|2\n|-boost|p1a: Tea Time|spa|2\n|-boost|p1a: Tea Time|spe|2\n|\n|-weather|RainDance|[upkeep]\n|upkeep\n|turn|26\n|\n|t:|1701195727\n|move|p1a: Tea Time|Tera Blast|p2a: Walking Wake|[anim] Tera Blast Fairy\n|-supereffective|p2a: Walking Wake\n|-end|p2a: Walking Wake|Substitute\n|move|p2a: Walking Wake|Hydro Steam|p1a: Tea Time\n|-enditem|p1a: Tea Time|Focus Sash\n|-damage|p1a: Tea Time|1\/100\n|\n|-weather|none\n|upkeep\n|turn|27\n|\n|t:|1701195738\n|move|p1a: Tea Time|Tera Blast|p2a: Walking Wake|[anim] Tera Blast Fairy\n|-supereffective|p2a: Walking Wake\n|-damage|p2a: Walking Wake|0 fnt\n|faint|p2a: Walking Wake\n|-end|p2a: Walking Wake|Protosynthesis|[silent]\n|\n|upkeep\n|\n|t:|1701195742\n|switch|p2a: Kingambit|Kingambit, F|100\/100\n|-activate|p2a: Kingambit|ability: Supreme Overlord\n|-start|p2a: Kingambit|fallen5|[silent]\n|turn|28\n|\n|t:|1701195747\n|move|p2a: Kingambit|Sucker Punch||[still]\n|-fail|p2a: Kingambit\n|move|p1a: Tea Time|Shell Smash|p1a: Tea Time\n|-unboost|p1a: Tea Time|def|1\n|-unboost|p1a: Tea Time|spd|1\n|-boost|p1a: Tea Time|atk|2\n|-boost|p1a: Tea Time|spa|2\n|-boost|p1a: Tea Time|spe|2\n|\n|upkeep\n|turn|29\n|\n|t:|1701195755\n|move|p1a: Tea Time|Tera Blast|p2a: Kingambit|[anim] Tera Blast Fairy\n|-damage|p2a: Kingambit|0 fnt\n|faint|p2a: Kingambit\n|-end|p2a: Kingambit|fallen5|[silent]\n|\n|win|burgercute\n|raw|burgercute's rating: 1301 &rarr; <strong>1316<\/strong><br \/>(+15 for winning)\n|raw|Gelarkan_'s rating: 1210 &rarr; <strong>1191<\/strong><br \/>(-19 for losing)\n|c|\u2606burgercute|gg\n|c|\u2606Gelarkan_|gg\n|l|\u2606Gelarkan_\n","uploadtime":1701195763,"views":1,"p1id":"burgercute","p2id":"gelarkan","formatid":"gen9ou","rating":1191,"private":0,"password":""}