{"id":"gen9ou-1998276900","p1":"Jay feral","p2":"Serenbyty","format":"[Gen 9] OU","log":"|j|\u2606Jay feral\n|j|\u2606Serenbyty\n|t:|1700923595\n|gametype|singles\n|player|p1|Jay feral|170|1138\n|player|p2|Serenbyty|yellow|1169\n|teamsize|p1|6\n|teamsize|p2|6\n|gen|9\n|tier|[Gen 9] OU\n|rated|\n|rule|Sleep Clause Mod: Limit one foe put to sleep\n|rule|Species Clause: Limit one of each Pok\u00e9mon\n|rule|OHKO Clause: OHKO moves are banned\n|rule|Evasion Items Clause: Evasion items are banned\n|rule|Evasion Moves Clause: Evasion moves are banned\n|rule|Endless Battle Clause: Forcing endless battles is banned\n|rule|HP Percentage Mod: HP is shown in percentages\n|clearpoke\n|poke|p1|Lucario, M|\n|poke|p1|Glimmora, F|\n|poke|p1|Kleavor, M|\n|poke|p1|Dragonite, F|\n|poke|p1|Basculegion, M|\n|poke|p1|Muk-Alola, M|\n|poke|p2|Iron Valiant|\n|poke|p2|Iron Moth|\n|poke|p2|Great Tusk|\n|poke|p2|Sinistcha|\n|poke|p2|Zamazenta-*|\n|poke|p2|Zapdos|\n|teampreview\n|\n|t:|1700923642\n|start\n|switch|p1a: Kleavor|Kleavor, M|100\/100\n|switch|p2a: The Juice|Sinistcha, shiny|100\/100\n|turn|1\n|\n|t:|1700923661\n|move|p1a: Kleavor|Pounce|p2a: The Juice\n|-damage|p2a: The Juice|78\/100\n|-unboost|p2a: The Juice|spe|1\n|move|p2a: The Juice|Strength Sap|p1a: Kleavor\n|-unboost|p1a: Kleavor|atk|1\n|-heal|p2a: The Juice|100\/100\n|\n|upkeep\n|turn|2\n|\n|t:|1700923670\n|move|p1a: Kleavor|Stone Axe|p2a: The Juice\n|-damage|p2a: The Juice|72\/100\n|-sidestart|p2: Serenbyty|move: Stealth Rock\n|move|p2a: The Juice|Calm Mind|p2a: The Juice\n|-boost|p2a: The Juice|spa|1\n|-boost|p2a: The Juice|spd|1\n|\n|-heal|p2a: The Juice|78\/100|[from] item: Leftovers\n|upkeep\n|turn|3\n|\n|t:|1700923694\n|move|p1a: Kleavor|Pounce|p2a: The Juice\n|-damage|p2a: The Juice|64\/100\n|-unboost|p2a: The Juice|spe|1\n|move|p2a: The Juice|Strength Sap|p1a: Kleavor\n|-unboost|p1a: Kleavor|atk|1\n|-heal|p2a: The Juice|100\/100\n|\n|upkeep\n|turn|4\n|\n|t:|1700923707\n|switch|p1a: Glimmora|Glimmora, F|100\/100\n|move|p2a: The Juice|Calm Mind|p2a: The Juice\n|-boost|p2a: The Juice|spa|1\n|-boost|p2a: The Juice|spd|1\n|\n|upkeep\n|turn|5\n|\n|t:|1700923715\n|move|p1a: Glimmora|Mortal Spin|p2a: The Juice\n|-damage|p2a: The Juice|92\/100\n|-status|p2a: The Juice|psn\n|move|p2a: The Juice|Matcha Gotcha|p1a: Glimmora\n|-damage|p1a: Glimmora|45\/100\n|-heal|p2a: The Juice|100\/100 psn|[from] drain|[of] p1a: Glimmora\n|\n|-damage|p2a: The Juice|88\/100 psn|[from] psn\n|upkeep\n|turn|6\n|\n|t:|1700923729\n|move|p1a: Glimmora|Self-Destruct|p2a: The Juice\n|-immune|p2a: The Juice\n|faint|p1a: Glimmora\n|move|p2a: The Juice|Matcha Gotcha|p1: Glimmora|[notarget]\n|-fail|p2a: The Juice\n|\n|-heal|p2a: The Juice|94\/100 psn|[from] item: Leftovers\n|-damage|p2a: The Juice|82\/100 psn|[from] psn\n|upkeep\n|\n|t:|1700923743\n|switch|p1a: Lucario|Lucario, M|100\/100\n|turn|7\n|\n|t:|1700923751\n|move|p1a: Lucario|Nasty Plot|p1a: Lucario\n|-boost|p1a: Lucario|spa|2\n|move|p2a: The Juice|Shadow Ball|p1a: Lucario\n|-damage|p1a: Lucario|4\/100\n|\n|-heal|p2a: The Juice|88\/100 psn|[from] item: Leftovers\n|-damage|p2a: The Juice|75\/100 psn|[from] psn\n|upkeep\n|turn|8\n|\n|t:|1700923762\n|move|p1a: Lucario|Shadow Ball|p2a: The Juice\n|-supereffective|p2a: The Juice\n|-damage|p2a: The Juice|0 fnt\n|faint|p2a: The Juice\n|-damage|p1a: Lucario|0 fnt|[from] item: Life Orb\n|faint|p1a: Lucario\n|\n|upkeep\n|\n|t:|1700923775\n|switch|p1a: Kleavor|Kleavor, M|100\/100\n|switch|p2a: Pink Panther|Zamazenta, shiny|100\/100\n|-damage|p2a: Pink Panther|94\/100|[from] Stealth Rock\n|-ability|p2a: Pink Panther|Dauntless Shield|boost\n|-boost|p2a: Pink Panther|def|1\n|turn|9\n|\n|t:|1700923789\n|move|p2a: Pink Panther|Iron Defense|p2a: Pink Panther\n|-boost|p2a: Pink Panther|def|2\n|move|p1a: Kleavor|Acrobatics|p2a: Pink Panther\n|-supereffective|p2a: Pink Panther\n|-damage|p2a: Pink Panther|81\/100\n|\n|upkeep\n|turn|10\n|\n|t:|1700923797\n|move|p2a: Pink Panther|Iron Defense|p2a: Pink Panther\n|-boost|p2a: Pink Panther|def|2\n|move|p1a: Kleavor|Pounce|p2a: Pink Panther\n|-resisted|p2a: Pink Panther\n|-damage|p2a: Pink Panther|78\/100\n|-unboost|p2a: Pink Panther|spe|1\n|\n|upkeep\n|turn|11\n|\n|t:|1700923806\n|move|p1a: Kleavor|Pounce|p2a: Pink Panther\n|-resisted|p2a: Pink Panther\n|-damage|p2a: Pink Panther|75\/100\n|-unboost|p2a: Pink Panther|spe|1\n|move|p2a: Pink Panther|Body Press|p1a: Kleavor\n|-crit|p1a: Kleavor\n|-enditem|p1a: Kleavor|Focus Sash\n|-damage|p1a: Kleavor|1\/100\n|\n|upkeep\n|turn|12\n|\n|t:|1700923817\n|move|p1a: Kleavor|Acrobatics|p2a: Pink Panther\n|-supereffective|p2a: Pink Panther\n|-damage|p2a: Pink Panther|58\/100\n|move|p2a: Pink Panther|Crunch|p1a: Kleavor\n|-damage|p1a: Kleavor|0 fnt\n|faint|p1a: Kleavor\n|\n|upkeep\n|\n|t:|1700923829\n|switch|p1a: Muk|Muk-Alola, M|100\/100\n|turn|13\n|\n|t:|1700923837\n|-terastallize|p1a: Muk|Poison\n|move|p2a: Pink Panther|Body Press|p1a: Muk\n|-resisted|p1a: Muk\n|-damage|p1a: Muk|38\/100\n|move|p1a: Muk|Acid Armor|p1a: Muk\n|-boost|p1a: Muk|def|2\n|\n|-heal|p1a: Muk|44\/100|[from] item: Black Sludge\n|upkeep\n|turn|14\n|\n|t:|1700923851\n|move|p2a: Pink Panther|Body Press|p1a: Muk\n|-resisted|p1a: Muk\n|-damage|p1a: Muk|14\/100\n|move|p1a: Muk|Drain Punch|p2a: Pink Panther\n|-damage|p2a: Pink Panther|53\/100\n|-heal|p1a: Muk|16\/100|[from] drain|[of] p2a: Pink Panther\n|-status|p2a: Pink Panther|psn|[from] ability: Poison Touch|[of] p1a: Muk\n|-enditem|p2a: Pink Panther|Lum Berry|[eat]\n|-curestatus|p2a: Pink Panther|psn|[msg]\n|\n|-heal|p1a: Muk|22\/100|[from] item: Black Sludge\n|upkeep\n|turn|15\n|\n|t:|1700923872\n|move|p2a: Pink Panther|Body Press|p1a: Muk\n|-resisted|p1a: Muk\n|-damage|p1a: Muk|0 fnt\n|faint|p1a: Muk\n|\n|upkeep\n|\n|t:|1700923880\n|switch|p1a: Dragonite|Dragonite, F|100\/100\n|turn|16\n|\n|t:|1700923887\n|move|p1a: Dragonite|Thunder Wave|p2a: Pink Panther\n|-status|p2a: Pink Panther|par\n|move|p2a: Pink Panther|Body Press|p1a: Dragonite\n|-resisted|p1a: Dragonite\n|-damage|p1a: Dragonite|71\/100\n|\n|upkeep\n|turn|17\n|\n|t:|1700923896\n|move|p1a: Dragonite|Roost|p1a: Dragonite\n|-heal|p1a: Dragonite|100\/100\n|-singleturn|p1a: Dragonite|move: Roost\n|move|p2a: Pink Panther|Body Press|p1a: Dragonite\n|-damage|p1a: Dragonite|51\/100\n|\n|upkeep\n|turn|18\n|\n|t:|1700923904\n|move|p1a: Dragonite|Roost|p1a: Dragonite\n|-heal|p1a: Dragonite|100\/100\n|-singleturn|p1a: Dragonite|move: Roost\n|move|p2a: Pink Panther|Body Press|p1a: Dragonite\n|-damage|p1a: Dragonite|48\/100\n|\n|upkeep\n|turn|19\n|\n|t:|1700923912\n|move|p1a: Dragonite|Roost|p1a: Dragonite\n|-heal|p1a: Dragonite|98\/100\n|-singleturn|p1a: Dragonite|move: Roost\n|cant|p2a: Pink Panther|par\n|\n|upkeep\n|turn|20\n|\n|t:|1700923919\n|move|p1a: Dragonite|Dragon Dance|p1a: Dragonite\n|-boost|p1a: Dragonite|atk|1\n|-boost|p1a: Dragonite|spe|1\n|move|p2a: Pink Panther|Body Press|p1a: Dragonite\n|-resisted|p1a: Dragonite\n|-damage|p1a: Dragonite|39\/100\n|\n|upkeep\n|turn|21\n|\n|t:|1700923928\n|move|p1a: Dragonite|Roost|p1a: Dragonite\n|-heal|p1a: Dragonite|89\/100\n|-singleturn|p1a: Dragonite|move: Roost\n|cant|p2a: Pink Panther|par\n|\n|upkeep\n|turn|22\n|\n|t:|1700923935\n|move|p1a: Dragonite|Dragon Dance|p1a: Dragonite\n|-boost|p1a: Dragonite|atk|1\n|-boost|p1a: Dragonite|spe|1\n|move|p2a: Pink Panther|Body Press|p1a: Dragonite\n|-resisted|p1a: Dragonite\n|-damage|p1a: Dragonite|39\/100\n|\n|upkeep\n|turn|23\n|\n|t:|1700923943\n|switch|p2a: Elon Tusk|Great Tusk|100\/100\n|-damage|p2a: Elon Tusk|98\/100|[from] Stealth Rock\n|-enditem|p2a: Elon Tusk|Booster Energy\n|-activate|p2a: Elon Tusk|ability: Protosynthesis|[fromitem]\n|-start|p2a: Elon Tusk|protosynthesisatk\n|move|p1a: Dragonite|Roost|p1a: Dragonite\n|-heal|p1a: Dragonite|89\/100\n|-singleturn|p1a: Dragonite|move: Roost\n|\n|upkeep\n|turn|24\n|\n|t:|1700923954\n|move|p1a: Dragonite|Extreme Speed|p2a: Elon Tusk\n|-damage|p2a: Elon Tusk|60\/100\n|move|p2a: Elon Tusk|Ice Spinner|p1a: Dragonite\n|-supereffective|p1a: Dragonite\n|-damage|p1a: Dragonite|0 fnt\n|faint|p1a: Dragonite\n|\n|upkeep\n|\n|t:|1700923962\n|switch|p1a: Basculegion|Basculegion, M|100\/100\n|turn|25\n|\n|t:|1700923973\n|-end|p2a: Elon Tusk|Protosynthesis|[silent]\n|switch|p2a: L\u00c5MP|Iron Moth|100\/100\n|-damage|p2a: L\u00c5MP|76\/100|[from] Stealth Rock\n|-enditem|p2a: L\u00c5MP|Booster Energy\n|-activate|p2a: L\u00c5MP|ability: Quark Drive|[fromitem]\n|-start|p2a: L\u00c5MP|quarkdrivespe\n|move|p1a: Basculegion|Liquidation|p2a: L\u00c5MP\n|-supereffective|p2a: L\u00c5MP\n|-damage|p2a: L\u00c5MP|0 fnt\n|faint|p2a: L\u00c5MP\n|-end|p2a: L\u00c5MP|Quark Drive|[silent]\n|\n|upkeep\n|\n|t:|1700923975\n|switch|p2a: W Shiny|Zapdos, shiny|100\/100\n|turn|26\n|\n|t:|1700923986\n|move|p1a: Basculegion|Liquidation|p2a: W Shiny\n|-crit|p2a: W Shiny\n|-damage|p2a: W Shiny|0 fnt\n|faint|p2a: W Shiny\n|\n|upkeep\n|\n|t:|1700924011\n|switch|p2a: The Future Is Enby|Iron Valiant|100\/100\n|-damage|p2a: The Future Is Enby|94\/100|[from] Stealth Rock\n|-enditem|p2a: The Future Is Enby|Booster Energy\n|-activate|p2a: The Future Is Enby|ability: Quark Drive|[fromitem]\n|-start|p2a: The Future Is Enby|quarkdrivespe\n|turn|27\n|\n|t:|1700924017\n|-terastallize|p2a: The Future Is Enby|Steel\n|move|p2a: The Future Is Enby|Hypnosis|p1a: Basculegion|[miss]\n|-miss|p2a: The Future Is Enby|p1a: Basculegion\n|move|p1a: Basculegion|Liquidation|p2a: The Future Is Enby\n|-damage|p2a: The Future Is Enby|28\/100\n|\n|upkeep\n|turn|28\n|\n|t:|1700924025\n|move|p2a: The Future Is Enby|Hypnosis|p1a: Basculegion|[miss]\n|-miss|p2a: The Future Is Enby|p1a: Basculegion\n|move|p1a: Basculegion|Liquidation|p2a: The Future Is Enby\n|-damage|p2a: The Future Is Enby|0 fnt\n|faint|p2a: The Future Is Enby\n|-end|p2a: The Future Is Enby|Quark Drive|[silent]\n|\n|upkeep\n|\n|t:|1700924038\n|switch|p2a: Pink Panther|Zamazenta, shiny|53\/100 par\n|-damage|p2a: Pink Panther|46\/100 par|[from] Stealth Rock\n|turn|29\n|\n|t:|1700924042\n|move|p1a: Basculegion|Liquidation|p2a: Pink Panther\n|-damage|p2a: Pink Panther|9\/100 par\n|cant|p2a: Pink Panther|par\n|\n|upkeep\n|turn|30\n|\n|t:|1700924048\n|move|p1a: Basculegion|Liquidation|p2a: Pink Panther\n|-damage|p2a: Pink Panther|0 fnt\n|faint|p2a: Pink Panther\n|\n|upkeep\n|\n|t:|1700924051\n|switch|p2a: Elon Tusk|Great Tusk|60\/100\n|-damage|p2a: Elon Tusk|57\/100|[from] Stealth Rock\n|turn|31\n|inactive|Battle timer is ON: inactive players will automatically lose when time's up. (requested by Jay feral)\n|c|\u2606Serenbyty|this is absolute bullshit\n|c|\u2606Serenbyty|\"Unfortunate\" doesn't begin to describe my series, this game rewards blind luck and nothing else, I am beyond convinced at this point. After getting completely tooled by scheduling with my opponent changing times on me last minute and refusing to provide confirmation prior to the day of the match as to play times, losing this way somehow felt even worse than I had thought possible. My preparation was superior, my play was superior, and I lost, so I don't see a reason to continue engaging in an activity where what is within my control is overwhelmingly outweighed by what is not.\n|inactive|Serenbyty has 120 seconds left.\n|\n|t:|1700924104\n|move|p1a: Basculegion|Liquidation|p2a: Elon Tusk\n|-supereffective|p2a: Elon Tusk\n|-damage|p2a: Elon Tusk|0 fnt\n|faint|p2a: Elon Tusk\n|-end|p2a: Elon Tusk|Protosynthesis|[silent]\n|\n|win|Jay feral\n|raw|Jay feral's rating: 1138 &rarr; <strong>1165<\/strong><br \/>(+27 for winning)\n|raw|Serenbyty's rating: 1169 &rarr; <strong>1142<\/strong><br \/>(-27 for losing)\n|l|\u2606Serenbyty\n","uploadtime":1700924161,"views":2,"p1id":"jayferal","p2id":"serenbyty","formatid":"gen9ou","rating":1142,"private":0,"password":""}