{"id":"gen9ou-1991410612","p1":"Sir Grandmaster","p2":"Pingu3591","format":"[Gen 9] OU","log":"|j|\u2606Sir Grandmaster\n|j|\u2606Pingu3591\n|inactive|Battle timer is ON: inactive players will automatically lose when time's up.\n|t:|1700074793\n|gametype|singles\n|player|p1|Sir Grandmaster|ghetsis|\n|player|p2|Pingu3591|waiter|\n|teamsize|p1|6\n|teamsize|p2|6\n|gen|9\n|tier|[Gen 9] OU\n|rated|Tournament battle\n|rule|Sleep Clause Mod: Limit one foe put to sleep\n|rule|Species Clause: Limit one of each Pok\u00e9mon\n|rule|OHKO Clause: OHKO moves are banned\n|rule|Evasion Items Clause: Evasion items are banned\n|rule|Evasion Moves Clause: Evasion moves are banned\n|rule|Endless Battle Clause: Forcing endless battles is banned\n|rule|HP Percentage Mod: HP is shown in percentages\n|clearpoke\n|poke|p1|Slowking-Galar, F|\n|poke|p1|Hatterene, F|\n|poke|p1|Gholdengo|\n|poke|p1|Breloom, F|\n|poke|p1|Dragonite, F|\n|poke|p1|Iron Hands|\n|poke|p2|Sinistcha-Masterpiece|\n|poke|p2|Great Tusk|\n|poke|p2|Kingambit, M|\n|poke|p2|Cinderace, F|\n|poke|p2|Ogerpon, F|\n|poke|p2|Iron Valiant|\n|teampreview\n|j|*Lady Monita \u2746\n|j| DragonPhoenix333\n|c|\u2606Pingu3591|good luck\n|c|\u2606Sir Grandmaster|hfgl\n|inactive|Pingu3591 has 120 seconds left.\n|\n|t:|1700074828\n|start\n|switch|p1a: Slowking|Slowking-Galar, F|100\/100\n|switch|p2a: Ogerpon|Ogerpon, F|100\/100\n|turn|1\n|\n|t:|1700074840\n|switch|p1a: Iron Hands|Iron Hands|100\/100\n|move|p2a: Ogerpon|Taunt|p1a: Iron Hands\n|-start|p1a: Iron Hands|move: Taunt\n|\n|upkeep\n|turn|2\n|-activate|p1a: Iron Hands|item: Quick Claw\n|-activate|p2a: Ogerpon|item: Quick Claw\n|\n|t:|1700074854\n|move|p2a: Ogerpon|U-turn|p1a: Iron Hands\n|-resisted|p1a: Iron Hands\n|-damage|p1a: Iron Hands|93\/100\n|\n|t:|1700074860\n|switch|p2a: For the NB|Iron Valiant|100\/100|[from] U-turn\n|move|p1a: Iron Hands|Close Combat|p2a: For the NB\n|-resisted|p2a: For the NB\n|-damage|p2a: For the NB|54\/100\n|-unboost|p1a: Iron Hands|def|1\n|-unboost|p1a: Iron Hands|spd|1\n|\n|upkeep\n|turn|3\n|c| DragonPhoenix333|moment\n|\n|t:|1700074870\n|-end|p1a: Iron Hands|Quark Drive|[silent]\n|switch|p1a: Slowking|Slowking-Galar, F|100\/100\n|move|p2a: For the NB|Moonblast|p1a: Slowking\n|-resisted|p1a: Slowking\n|-damage|p1a: Slowking|88\/100\n|-unboost|p1a: Slowking|spa|1\n|\n|upkeep\n|turn|4\n|\n|t:|1700074881\n|-end|p2a: For the NB|Quark Drive|[silent]\n|switch|p2a: Whitebeard|Kingambit, M|100\/100\n|move|p1a: Slowking|Trick Room|p1a: Slowking\n|-fieldstart|move: Trick Room|[of] p1a: Slowking\n|\n|upkeep\n|turn|5\n|l| DragonPhoenix333\n|\n|t:|1700074892\n|switch|p1a: Iron Hands|Iron Hands|93\/100\n|move|p2a: Whitebeard|Sucker Punch||[still]\n|-fail|p2a: Whitebeard\n|\n|upkeep\n|turn|6\n|\n|t:|1700074902\n|-end|p2a: Whitebeard|fallenundefined|[silent]\n|switch|p2a: Elon Tusk|Great Tusk|100\/100\n|move|p1a: Iron Hands|Earthquake|p2a: Elon Tusk\n|-damage|p2a: Elon Tusk|77\/100\n|\n|upkeep\n|turn|7\n|\n|t:|1700074912\n|-end|p1a: Iron Hands|Quark Drive|[silent]\n|switch|p1a: Breloom|Breloom, F|100\/100\n|move|p2a: Elon Tusk|Ice Spinner|p1a: Breloom\n|-supereffective|p1a: Breloom\n|-damage|p1a: Breloom|42\/100\n|\n|upkeep\n|turn|8\n|j|^RUMYMOME\n|\n|t:|1700074919\n|move|p1a: Breloom|Spore|p2a: Elon Tusk\n|-status|p2a: Elon Tusk|slp|[from] move: Spore\n|cant|p2a: Elon Tusk|slp\n|\n|-fieldend|move: Trick Room\n|upkeep\n|turn|9\n|\n|t:|1700074924\n|-curestatus|p2a: Elon Tusk|slp|[msg]\n|move|p2a: Elon Tusk|Ice Spinner|p1a: Breloom\n|-supereffective|p1a: Breloom\n|-damage|p1a: Breloom|0 fnt\n|faint|p1a: Breloom\n|\n|upkeep\n|c|\u2606Pingu3591|OMG\n|\n|t:|1700074931\n|switch|p1a: Hatterene|Hatterene, F|100\/100\n|turn|10\n|c|\u2606Pingu3591|is the pingu3591\n|\n|t:|1700074946\n|-end|p2a: Elon Tusk|Protosynthesis|[silent]\n|switch|p2a: Whitebeard|Kingambit, M|100\/100\n|move|p1a: Hatterene|Trick Room|p1a: Hatterene\n|-fieldstart|move: Trick Room|[of] p1a: Hatterene\n|\n|upkeep\n|turn|11\n|-activate|p2a: Whitebeard|item: Quick Claw\n|\n|t:|1700074974\n|switch|p1a: Iron Hands|Iron Hands|93\/100\n|move|p2a: Whitebeard|Iron Head|p1a: Iron Hands\n|-resisted|p1a: Iron Hands\n|-damage|p1a: Iron Hands|79\/100\n|\n|upkeep\n|turn|12\n|\n|t:|1700074995\n|-end|p2a: Whitebeard|fallenundefined|[silent]\n|switch|p2a: For the NB|Iron Valiant|54\/100\n|move|p1a: Iron Hands|Play Rough|p2a: For the NB\n|-supereffective|p2a: For the NB\n|-damage|p2a: For the NB|0 fnt\n|faint|p2a: For the NB\n|-end|p2a: For the NB|Quark Drive|[silent]\n|\n|upkeep\n|\n|t:|1700075000\n|switch|p2a: Elon Tusk|Great Tusk|77\/100\n|turn|13\n|\n|t:|1700075004\n|move|p1a: Iron Hands|Play Rough|p2a: Elon Tusk\n|-supereffective|p2a: Elon Tusk\n|-damage|p2a: Elon Tusk|30\/100\n|move|p2a: Elon Tusk|Ice Spinner|p1a: Iron Hands\n|-damage|p1a: Iron Hands|65\/100\n|\n|upkeep\n|turn|14\n|\n|t:|1700075010\n|move|p1a: Iron Hands|Play Rough|p2a: Elon Tusk\n|-supereffective|p2a: Elon Tusk\n|-damage|p2a: Elon Tusk|0 fnt\n|faint|p2a: Elon Tusk\n|-end|p2a: Elon Tusk|Protosynthesis|[silent]\n|\n|-fieldend|move: Trick Room\n|upkeep\n|c|\u2606Pingu3591|damn\n|\n|t:|1700075033\n|switch|p2a: The Juice|Sinistcha-Masterpiece, shiny|100\/100\n|turn|15\n|\n|t:|1700075049\n|move|p2a: The Juice|Strength Sap|p1a: Iron Hands\n|-unboost|p1a: Iron Hands|atk|1\n|move|p1a: Iron Hands|Thunder Punch|p2a: The Juice\n|-resisted|p2a: The Juice\n|-damage|p2a: The Juice|86\/100\n|\n|upkeep\n|turn|16\n|j| Hiusi guy %\u25d5\u203f\u203f\u25d5%\n|\n|t:|1700075055\n|-end|p1a: Iron Hands|Quark Drive|[silent]\n|switch|p1a: Hatterene|Hatterene, F|100\/100\n|move|p2a: The Juice|Strength Sap|p1a: Hatterene\n|move|p1a: Hatterene|Strength Sap|p2a: The Juice|[from]ability: Magic Bounce\n|-unboost|p2a: The Juice|atk|1\n|\n|upkeep\n|turn|17\n|inactive|Pingu3591 has 120 seconds left.\n|\n|t:|1700075081\n|-terastallize|p2a: The Juice|Steel\n|move|p2a: The Juice|Shadow Ball|p1a: Hatterene\n|-supereffective|p1a: Hatterene\n|-damage|p1a: Hatterene|6\/100\n|move|p1a: Hatterene|Trick Room|p1a: Hatterene\n|-fieldstart|move: Trick Room|[of] p1a: Hatterene\n|\n|upkeep\n|turn|18\n|inactive|Pingu3591 has 120 seconds left.\n|c|\u2606Pingu3591|im scared\n|\n|t:|1700075109\n|move|p1a: Hatterene|Mystical Fire|p2a: The Juice\n|-supereffective|p2a: The Juice\n|-damage|p2a: The Juice|54\/100\n|-unboost|p2a: The Juice|spa|1\n|move|p2a: The Juice|Strength Sap|p1a: Hatterene\n|move|p1a: Hatterene|Strength Sap|p2a: The Juice|[from]ability: Magic Bounce\n|-unboost|p2a: The Juice|atk|1\n|-heal|p1a: Hatterene|29\/100\n|\n|upkeep\n|turn|19\n|\n|t:|1700075118\n|move|p1a: Hatterene|Mystical Fire|p2a: The Juice\n|-supereffective|p2a: The Juice\n|-damage|p2a: The Juice|21\/100\n|-unboost|p2a: The Juice|spa|1\n|move|p2a: The Juice|Shadow Ball|p1a: Hatterene\n|-supereffective|p1a: Hatterene\n|-damage|p1a: Hatterene|0 fnt\n|faint|p1a: Hatterene\n|\n|upkeep\n|c|\u2606Pingu3591|Youuuu\n|c|\u2606Pingu3591|how dare u\n|c|\u2606Pingu3591|HOW DARE U\n|\n|t:|1700075133\n|switch|p1a: Gholdengo|Gholdengo|100\/100\n|turn|20\n|\n|t:|1700075140\n|move|p1a: Gholdengo|Shadow Ball|p2a: The Juice\n|-crit|p2a: The Juice\n|-damage|p2a: The Juice|0 fnt\n|faint|p2a: The Juice\n|\n|upkeep\n|\n|t:|1700075143\n|switch|p2a: Blood Bunny|Cinderace, F|100\/100\n|turn|21\n|inactive|Sir Grandmaster has 120 seconds left.\n|-activate|p2a: Blood Bunny|item: Quick Claw\n|\n|t:|1700075176\n|move|p2a: Blood Bunny|Pyro Ball|p1a: Gholdengo\n|-supereffective|p1a: Gholdengo\n|-damage|p1a: Gholdengo|0 fnt\n|faint|p1a: Gholdengo\n|\n|-fieldend|move: Trick Room\n|upkeep\n|inactive|Sir Grandmaster has 120 seconds left.\n|\n|t:|1700075183\n|switch|p1a: Dragonite|Dragonite, F|100\/100\n|turn|22\n|\n|t:|1700075196\n|move|p2a: Blood Bunny|Gunk Shot|p1a: Dragonite\n|-start|p2a: Blood Bunny|typechange|Poison|[from] ability: Libero\n|-damage|p1a: Dragonite|76\/100\n|-status|p1a: Dragonite|psn\n|move|p1a: Dragonite|Earthquake|p2a: Blood Bunny\n|-supereffective|p2a: Blood Bunny\n|-damage|p2a: Blood Bunny|0 fnt\n|faint|p2a: Blood Bunny\n|\n|-damage|p1a: Dragonite|63\/100 psn|[from] psn\n|upkeep\n|\n|t:|1700075207\n|switch|p2a: Ogerpon|Ogerpon, F|100\/100\n|turn|23\n|j| DragonPhoenix333\n|\n|t:|1700075216\n|switch|p1a: Slowking|Slowking-Galar, F|100\/100\n|move|p2a: Ogerpon|Ivy Cudgel|p1a: Slowking\n|-resisted|p1a: Slowking\n|-damage|p1a: Slowking|74\/100\n|\n|upkeep\n|turn|24\n|\n|t:|1700075223\n|move|p2a: Ogerpon|U-turn|p1a: Slowking\n|-damage|p1a: Slowking|52\/100\n|\n|t:|1700075225\n|switch|p2a: Whitebeard|Kingambit, M|100\/100|[from] U-turn\n|-activate|p2a: Whitebeard|ability: Supreme Overlord\n|-start|p2a: Whitebeard|fallen4|[silent]\n|move|p1a: Slowking|Trick Room|p1a: Slowking\n|-fieldstart|move: Trick Room|[of] p1a: Slowking\n|\n|upkeep\n|turn|25\n|-activate|p1a: Slowking|item: Quick Claw\n|\n|t:|1700075231\n|move|p1a: Slowking|Chilly Reception|p1a: Slowking\n|-weather|Snow\n|\n|t:|1700075235\n|switch|p1a: Dragonite|Dragonite, F|63\/100 psn|[from] Chilly Reception\n|move|p2a: Whitebeard|Kowtow Cleave|p1a: Dragonite\n|-damage|p1a: Dragonite|0 fnt\n|faint|p1a: Dragonite\n|\n|-weather|Snow|[upkeep]\n|upkeep\n|\n|t:|1700075238\n|switch|p1a: Iron Hands|Iron Hands|65\/100\n|turn|26\n|\n|t:|1700075255\n|-end|p2a: Whitebeard|fallen4|[silent]\n|switch|p2a: Ogerpon|Ogerpon, F|100\/100\n|move|p1a: Iron Hands|Close Combat|p2a: Ogerpon\n|-damage|p2a: Ogerpon|0 fnt\n|-unboost|p1a: Iron Hands|def|1\n|-unboost|p1a: Iron Hands|spd|1\n|faint|p2a: Ogerpon\n|\n|-weather|Snow|[upkeep]\n|upkeep\n|\n|t:|1700075259\n|switch|p2a: Whitebeard|Kingambit, M|100\/100\n|-activate|p2a: Whitebeard|ability: Supreme Overlord\n|-start|p2a: Whitebeard|fallen5|[silent]\n|turn|27\n|c|\u2606Pingu3591|NOOO\n|c|\u2606Pingu3591|gg dude\n|-activate|p2a: Whitebeard|item: Quick Claw\n|\n|t:|1700075266\n|-end|p1a: Iron Hands|Quark Drive|[silent]\n|switch|p1a: Slowking|Slowking-Galar, F|85\/100\n|move|p2a: Whitebeard|Kowtow Cleave|p1a: Slowking\n|-supereffective|p1a: Slowking\n|-damage|p1a: Slowking|0 fnt\n|faint|p1a: Slowking\n|\n|-weather|Snow|[upkeep]\n|upkeep\n|\n|t:|1700075269\n|switch|p1a: Iron Hands|Iron Hands|65\/100\n|turn|28\n|c|\u2606Sir Grandmaster|gg\n|c|\u2606Pingu3591|wow\n|-activate|p1a: Iron Hands|item: Quick Claw\n|\n|t:|1700075277\n|move|p1a: Iron Hands|Close Combat|p2a: Whitebeard\n|-supereffective|p2a: Whitebeard\n|-damage|p2a: Whitebeard|0 fnt\n|-unboost|p1a: Iron Hands|def|1\n|-unboost|p1a: Iron Hands|spd|1\n|faint|p2a: Whitebeard\n|-end|p2a: Whitebeard|fallen5|[silent]\n|\n|win|Sir Grandmaster\n|n|\u2606Sir Grandmaster|sirgrandmaster\n|n|\u2606Pingu3591|pingu3591\n|n|*Lady Monita \u2746|ladymonita\n|n| RUMYMOME|rumymome\n|n| Hiusi guy %\u25d5\u203f\u203f\u25d5%|hiusiguy\n|n| DragonPhoenix333|dragonphoenix333\n","uploadtime":1700075278,"views":7,"p1id":"sirgrandmaster","p2id":"pingu3591","formatid":"gen9ou","rating":0,"private":0,"password":""}