{"id":"gen9ou-1997996374","p1":"tony493931","p2":"testset_2023","format":"[Gen 9] OU","log":"|j|\u2606tony493931\n|j|\u2606testset_2023\n|t:|1700876836\n|gametype|singles\n|player|p1|tony493931|ethan|1356\n|player|p2|testset_2023|bellelba|1341\n|teamsize|p1|6\n|teamsize|p2|6\n|gen|9\n|tier|[Gen 9] OU\n|rated|\n|rule|Sleep Clause Mod: Limit one foe put to sleep\n|rule|Species Clause: Limit one of each Pok\u00e9mon\n|rule|OHKO Clause: OHKO moves are banned\n|rule|Evasion Items Clause: Evasion items are banned\n|rule|Evasion Moves Clause: Evasion moves are banned\n|rule|Endless Battle Clause: Forcing endless battles is banned\n|rule|HP Percentage Mod: HP is shown in percentages\n|clearpoke\n|poke|p1|Kingambit, F|\n|poke|p1|Cinderace, M|\n|poke|p1|Zamazenta-*|\n|poke|p1|Gholdengo|\n|poke|p1|Ninetales-Alola, M|\n|poke|p1|Glimmora, M|\n|poke|p2|Tyranitar, F|\n|poke|p2|Kingambit, M|\n|poke|p2|Glimmora, M|\n|poke|p2|Gholdengo|\n|poke|p2|Rillaboom, M|\n|poke|p2|Enamorus, F|\n|teampreview\n|inactive|Battle timer is ON: inactive players will automatically lose when time's up. (requested by tony493931)\n|inactive|testset_2023 also wants the timer to be on.\n|\n|t:|1700876847\n|start\n|switch|p1a: Ninetales|Ninetales-Alola, M|100\/100\n|switch|p2a: The GOAT|Tyranitar, F|100\/100\n|-weather|Snow|[from] ability: Snow Warning|[of] p1a: Ninetales\n|-weather|Sandstorm|[from] ability: Sand Stream|[of] p2a: The GOAT\n|turn|1\n|\n|t:|1700876864\n|switch|p1a: Glimmora|Glimmora, M|100\/100\n|move|p2a: The GOAT|Heavy Slam|p1a: Glimmora\n|-supereffective|p1a: Glimmora\n|-damage|p1a: Glimmora|8\/100\n|-activate|p1a: Glimmora|ability: Toxic Debris\n|-sidestart|p2: testset_2023|move: Toxic Spikes\n|\n|-weather|Sandstorm|[upkeep]\n|upkeep\n|turn|2\n|\n|t:|1700876880\n|move|p1a: Glimmora|Earth Power|p2a: The GOAT\n|-supereffective|p2a: The GOAT\n|-crit|p2a: The GOAT\n|-damage|p2a: The GOAT|51\/100\n|move|p2a: The GOAT|Knock Off|p1a: Glimmora\n|-damage|p1a: Glimmora|0 fnt\n|-activate|p1a: Glimmora|ability: Toxic Debris\n|-sidestart|p2: testset_2023|move: Toxic Spikes\n|-enditem|p1a: Glimmora|Focus Sash|[from] move: Knock Off|[of] p2a: The GOAT\n|faint|p1a: Glimmora\n|\n|-weather|Sandstorm|[upkeep]\n|-heal|p2a: The GOAT|58\/100|[from] item: Leftovers\n|upkeep\n|\n|t:|1700876884\n|switch|p1a: Ninetales|Ninetales-Alola, M|100\/100\n|-weather|Snow|[from] ability: Snow Warning|[of] p1a: Ninetales\n|turn|3\n|\n|t:|1700876891\n|move|p1a: Ninetales|Aurora Veil|p1a: Ninetales\n|-sidestart|p1: tony493931|move: Aurora Veil\n|move|p2a: The GOAT|Heavy Slam|p1a: Ninetales\n|-supereffective|p1a: Ninetales\n|-damage|p1a: Ninetales|11\/100\n|\n|-weather|Snow|[upkeep]\n|-heal|p2a: The GOAT|64\/100|[from] item: Leftovers\n|upkeep\n|turn|4\n|\n|t:|1700876906\n|switch|p1a: Zamazenta|Zamazenta, shiny|100\/100\n|-ability|p1a: Zamazenta|Dauntless Shield|boost\n|-boost|p1a: Zamazenta|def|1\n|move|p2a: The GOAT|Knock Off|p1a: Zamazenta\n|-resisted|p1a: Zamazenta\n|-crit|p1a: Zamazenta\n|-damage|p1a: Zamazenta|68\/100\n|-enditem|p1a: Zamazenta|Lum Berry|[from] move: Knock Off|[of] p2a: The GOAT\n|\n|-weather|Snow|[upkeep]\n|-heal|p2a: The GOAT|70\/100|[from] item: Leftovers\n|upkeep\n|turn|5\n|\n|t:|1700876920\n|move|p1a: Zamazenta|Crunch|p2a: The GOAT\n|-resisted|p2a: The GOAT\n|-damage|p2a: The GOAT|61\/100\n|-unboost|p2a: The GOAT|def|1\n|move|p2a: The GOAT|Dragon Tail|p1a: Zamazenta\n|-damage|p1a: Zamazenta|62\/100\n|drag|p1a: Kingambit|Kingambit, F, shiny|100\/100\n|-activate|p1a: Kingambit|ability: Supreme Overlord\n|-start|p1a: Kingambit|fallen1|[silent]\n|\n|-weather|Snow|[upkeep]\n|-heal|p2a: The GOAT|68\/100|[from] item: Leftovers\n|upkeep\n|turn|6\n|\n|t:|1700876942\n|switch|p2a: Glimmora|Glimmora, M|100\/100\n|-item|p2a: Glimmora|Air Balloon\n|move|p1a: Kingambit|Low Kick|p2a: Glimmora\n|-damage|p2a: Glimmora|75\/100\n|-activate|p2a: Glimmora|ability: Toxic Debris\n|-sidestart|p1: tony493931|move: Toxic Spikes\n|-enditem|p2a: Glimmora|Air Balloon\n|\n|-weather|Snow|[upkeep]\n|upkeep\n|turn|7\n|inactive|testset_2023 has 120 seconds left.\n|\n|t:|1700876963\n|move|p2a: Glimmora|Earth Power|p1a: Kingambit\n|-supereffective|p1a: Kingambit\n|-damage|p1a: Kingambit|85\/100\n|move|p1a: Kingambit|Iron Head|p2a: Glimmora\n|-supereffective|p2a: Glimmora\n|-damage|p2a: Glimmora|0 fnt\n|-activate|p2a: Glimmora|ability: Toxic Debris\n|-sidestart|p1: tony493931|move: Toxic Spikes\n|faint|p2a: Glimmora\n|\n|-weather|none\n|upkeep\n|inactive|testset_2023 has 120 seconds left.\n|inactive|testset_2023 has 90 seconds left.\n|\n|t:|1700877013\n|switch|p2a: Rillacoom|Rillaboom, M|100\/100\n|-status|p2a: Rillacoom|tox\n|-fieldstart|move: Grassy Terrain|[from] ability: Grassy Surge|[of] p2a: Rillacoom\n|turn|8\n|\n|t:|1700877024\n|-end|p1a: Kingambit|fallen1|[silent]\n|switch|p1a: Gholdengo|Gholdengo|100\/100\n|move|p2a: Rillacoom|Drain Punch|p1a: Gholdengo\n|-immune|p1a: Gholdengo\n|\n|-damage|p2a: Rillacoom|94\/100 tox|[from] psn\n|upkeep\n|turn|9\n|inactive|testset_2023 has 90 seconds left.\n|\n|t:|1700877032\n|switch|p2a: The GOAT|Tyranitar, F|68\/100\n|-status|p2a: The GOAT|tox\n|-weather|Sandstorm|[from] ability: Sand Stream|[of] p2a: The GOAT\n|move|p1a: Gholdengo|Hex|p2a: The GOAT\n|-resisted|p2a: The GOAT\n|-damage|p2a: The GOAT|48\/100 tox\n|\n|-weather|Sandstorm|[upkeep]\n|-heal|p2a: The GOAT|54\/100 tox|[from] Grassy Terrain\n|-heal|p2a: The GOAT|61\/100 tox|[from] item: Leftovers\n|-damage|p2a: The GOAT|54\/100 tox|[from] psn\n|upkeep\n|turn|10\n|\n|t:|1700877053\n|switch|p1a: Kingambit|Kingambit, F, shiny|85\/100\n|-activate|p1a: Kingambit|ability: Supreme Overlord\n|-start|p1a: Kingambit|fallen1|[silent]\n|move|p2a: The GOAT|Knock Off|p1a: Kingambit\n|-resisted|p1a: Kingambit\n|-damage|p1a: Kingambit|75\/100\n|-enditem|p1a: Kingambit|Assault Vest|[from] move: Knock Off|[of] p2a: The GOAT\n|\n|-weather|Sandstorm|[upkeep]\n|-heal|p2a: The GOAT|61\/100 tox|[from] Grassy Terrain\n|-heal|p2a: The GOAT|67\/100 tox|[from] item: Leftovers\n|-heal|p1a: Kingambit|81\/100|[from] Grassy Terrain\n|-damage|p2a: The GOAT|54\/100 tox|[from] psn\n|-sideend|p1: tony493931|move: Aurora Veil\n|upkeep\n|turn|11\n|inactive|testset_2023 has 90 seconds left.\n|\n|t:|1700877073\n|move|p1a: Kingambit|Iron Head|p2a: The GOAT\n|-supereffective|p2a: The GOAT\n|-damage|p2a: The GOAT|0 fnt\n|faint|p2a: The GOAT\n|\n|-weather|Sandstorm|[upkeep]\n|-heal|p1a: Kingambit|87\/100|[from] Grassy Terrain\n|upkeep\n|\n|t:|1700877081\n|switch|p2a: Rillacoom|Rillaboom, M|94\/100 tox\n|turn|12\n|\n|t:|1700877087\n|-end|p1a: Kingambit|fallen1|[silent]\n|switch|p1a: Gholdengo|Gholdengo|100\/100\n|move|p2a: Rillacoom|U-turn|p1a: Gholdengo\n|-resisted|p1a: Gholdengo\n|-damage|p1a: Gholdengo|90\/100\n|inactive|testset_2023 has 90 seconds left.\n|\n|t:|1700877103\n|switch|p2a: Drag race|Enamorus, F|100\/100|[from] U-turn\n|\n|-weather|Sandstorm|[upkeep]\n|-damage|p2a: Drag race|94\/100|[from] Sandstorm\n|-heal|p1a: Gholdengo|96\/100|[from] Grassy Terrain\n|-fieldend|move: Grassy Terrain\n|upkeep\n|turn|13\n|inactive|testset_2023 has 90 seconds left.\n|\n|t:|1700877116\n|-terastallize|p2a: Drag race|Poison\n|-terastallize|p1a: Gholdengo|Flying\n|move|p2a: Drag race|Mystical Fire|p1a: Gholdengo\n|-damage|p1a: Gholdengo|63\/100\n|-unboost|p1a: Gholdengo|spa|1\n|move|p1a: Gholdengo|Trick|p2a: Drag race\n|-activate|p1a: Gholdengo|move: Trick|[of] p2a: Drag race\n|-item|p2a: Drag race|Choice Scarf|[from] move: Trick\n|-item|p1a: Gholdengo|Choice Scarf|[from] move: Trick\n|\n|-weather|none\n|upkeep\n|turn|14\n|inactive|testset_2023 has 90 seconds left.\n|\n|t:|1700877138\n|move|p2a: Drag race|Moonblast|p1a: Gholdengo\n|-damage|p1a: Gholdengo|6\/100\n|-unboost|p1a: Gholdengo|spa|1\n|move|p1a: Gholdengo|Thunder Wave|p2a: Drag race\n|-status|p2a: Drag race|par\n|\n|upkeep\n|turn|15\n|\n|t:|1700877148\n|switch|p1a: Kingambit|Kingambit, F, shiny|87\/100\n|-activate|p1a: Kingambit|ability: Supreme Overlord\n|-start|p1a: Kingambit|fallen1|[silent]\n|move|p2a: Drag race|Moonblast|p1a: Kingambit\n|-damage|p1a: Kingambit|38\/100\n|\n|upkeep\n|turn|16\n|\n|t:|1700877160\n|-end|p1a: Kingambit|fallen1|[silent]\n|switch|p1a: Cinderace|Cinderace, M, shiny|100\/100\n|move|p2a: Drag race|Moonblast|p1a: Cinderace\n|-resisted|p1a: Cinderace\n|-damage|p1a: Cinderace|61\/100\n|\n|upkeep\n|turn|17\n|inactive|testset_2023 has 90 seconds left.\n|\n|t:|1700877181\n|switch|p2a: Joyboy|Gholdengo|100\/100\n|move|p1a: Cinderace|Pyro Ball|p2a: Joyboy\n|-supereffective|p2a: Joyboy\n|-damage|p2a: Joyboy|0 fnt\n|faint|p2a: Joyboy\n|\n|upkeep\n|\n|t:|1700877187\n|switch|p2a: Drag race|Enamorus, F, tera:Poison|94\/100 par\n|-sideend|p2: testset_2023|move: Toxic Spikes|[of] p2a: Drag race\n|turn|18\n|\n|t:|1700877203\n|move|p1a: Cinderace|Pyro Ball|p2a: Drag race\n|-damage|p2a: Drag race|7\/100 par\n|cant|p2a: Drag race|par\n|\n|upkeep\n|turn|19\n|\n|t:|1700877211\n|move|p1a: Cinderace|U-turn|p2a: Drag race\n|-start|p1a: Cinderace|typechange|Bug|[from] ability: Libero\n|-resisted|p2a: Drag race\n|-damage|p2a: Drag race|0 fnt\n|faint|p2a: Drag race\n|\n|t:|1700877217\n|switch|p1a: Gholdengo|Gholdengo, tera:Flying|6\/100|[from] U-turn\n|\n|upkeep\n|\n|t:|1700877227\n|switch|p2a: Kanpai|Kingambit, M|100\/100\n|-activate|p2a: Kanpai|ability: Supreme Overlord\n|-start|p2a: Kanpai|fallen4|[silent]\n|turn|20\n|\n|t:|1700877236\n|move|p1a: Gholdengo|Trick|p2a: Kanpai\n|-activate|p1a: Gholdengo|move: Trick|[of] p2a: Kanpai\n|-item|p2a: Kanpai|Choice Scarf|[from] move: Trick\n|-item|p1a: Gholdengo|Leftovers|[from] move: Trick\n|move|p2a: Kanpai|Kowtow Cleave|p1a: Gholdengo\n|-damage|p1a: Gholdengo|0 fnt\n|faint|p1a: Gholdengo\n|\n|upkeep\n|\n|t:|1700877240\n|switch|p1a: Ninetales|Ninetales-Alola, M|11\/100\n|-status|p1a: Ninetales|tox\n|-weather|Snow|[from] ability: Snow Warning|[of] p1a: Ninetales\n|turn|21\n|\n|t:|1700877243\n|move|p1a: Ninetales|Aurora Veil|p1a: Ninetales\n|-sidestart|p1: tony493931|move: Aurora Veil\n|move|p2a: Kanpai|Kowtow Cleave|p1a: Ninetales\n|-resisted|p1a: Ninetales\n|-damage|p1a: Ninetales|0 fnt\n|faint|p1a: Ninetales\n|\n|-weather|Snow|[upkeep]\n|upkeep\n|\n|t:|1700877250\n|switch|p1a: Kingambit|Kingambit, F, shiny|38\/100\n|-activate|p1a: Kingambit|ability: Supreme Overlord\n|-start|p1a: Kingambit|fallen3|[silent]\n|turn|22\n|\n|t:|1700877257\n|-end|p2a: Kanpai|fallen4|[silent]\n|switch|p2a: Rillacoom|Rillaboom, M|94\/100 tox\n|-fieldstart|move: Grassy Terrain|[from] ability: Grassy Surge|[of] p2a: Rillacoom\n|move|p1a: Kingambit|Low Kick|p2a: Rillacoom\n|-crit|p2a: Rillacoom\n|-damage|p2a: Rillacoom|29\/100 tox\n|\n|-weather|Snow|[upkeep]\n|-heal|p2a: Rillacoom|35\/100 tox|[from] Grassy Terrain\n|-heal|p1a: Kingambit|44\/100|[from] Grassy Terrain\n|-damage|p2a: Rillacoom|29\/100 tox|[from] psn\n|upkeep\n|turn|23\n|\n|t:|1700877264\n|move|p1a: Kingambit|Sucker Punch|p2a: Rillacoom\n|-damage|p2a: Rillacoom|0 fnt\n|faint|p2a: Rillacoom\n|\n|-weather|Snow|[upkeep]\n|-heal|p1a: Kingambit|50\/100|[from] Grassy Terrain\n|upkeep\n|n|!testset_2023|testset2023\n|inactive|testset_2023 has 90 seconds left.\n|-message|testset_2023 forfeited.\n|\n|win|tony493931\n|raw|tony493931's rating: 1356 &rarr; <strong>1375<\/strong><br \/>(+19 for winning)\n|raw|testset_2023's rating: 1341 &rarr; <strong>1322<\/strong><br \/>(-19 for losing)\n","uploadtime":1700877290,"views":1,"p1id":"tony493931","p2id":"testset2023","formatid":"gen9ou","rating":1322,"private":0,"password":""}