{"id":"gen9ou-1988290706","p1":"mori's dad","p2":"gengarr1233333","format":"[Gen 9] OU","log":"|j|\u2606mori's dad\n|j|\u2606gengarr1233333\n|t:|1699702723\n|gametype|singles\n|player|p1|mori's dad|265|1000\n|player|p2|gengarr1233333|101|1012\n|teamsize|p1|6\n|teamsize|p2|6\n|gen|9\n|tier|[Gen 9] OU\n|rated|\n|rule|Sleep Clause Mod: Limit one foe put to sleep\n|rule|Species Clause: Limit one of each Pok\u00e9mon\n|rule|OHKO Clause: OHKO moves are banned\n|rule|Evasion Items Clause: Evasion items are banned\n|rule|Evasion Moves Clause: Evasion moves are banned\n|rule|Endless Battle Clause: Forcing endless battles is banned\n|rule|HP Percentage Mod: HP is shown in percentages\n|clearpoke\n|poke|p1|Cinderace, F|\n|poke|p1|Gliscor, F|\n|poke|p1|Dipplin, F|\n|poke|p1|Iron Valiant|\n|poke|p1|Empoleon, F|\n|poke|p1|Dragapult, F|\n|poke|p2|Ditto|\n|poke|p2|Altaria, F|\n|poke|p2|Gliscor, F|\n|poke|p2|Houndstone, M|\n|poke|p2|Kingambit, M|\n|poke|p2|Zoroark-Hisui, M|\n|teampreview\n|\n|t:|1699702733\n|start\n|switch|p1a: Cinderace|Cinderace, F|100\/100\n|switch|p2a: Gliscor|Gliscor, F|100\/100\n|turn|1\n|\n|t:|1699702742\n|-terastallize|p2a: Gliscor|Ground\n|move|p1a: Cinderace|Will-O-Wisp|p2a: Gliscor\n|-status|p2a: Gliscor|brn\n|move|p2a: Gliscor|Spikes|p1a: Cinderace\n|-sidestart|p1: mori's dad|Spikes\n|\n|-damage|p2a: Gliscor|94\/100 brn|[from] brn\n|upkeep\n|turn|2\n|\n|t:|1699702754\n|move|p1a: Cinderace|Court Change|p1a: Cinderace\n|-swapsideconditions\n|-activate|p1a: Cinderace|move: Court Change\n|move|p2a: Gliscor|Spikes|p1a: Cinderace\n|-sidestart|p1: mori's dad|Spikes\n|\n|-damage|p2a: Gliscor|88\/100 brn|[from] brn\n|upkeep\n|turn|3\n|\n|t:|1699702767\n|move|p1a: Cinderace|Pyro Ball|p2a: Gliscor\n|-damage|p2a: Gliscor|49\/100 brn\n|move|p2a: Gliscor|Dark Pulse|p1a: Cinderace\n|-damage|p1a: Cinderace|89\/100\n|\n|-damage|p2a: Gliscor|43\/100 brn|[from] brn\n|upkeep\n|turn|4\n|\n|t:|1699702784\n|switch|p2a: Gliscor|Gliscor, F|100\/100\n|-damage|p2a: Gliscor|88\/100|[from] Spikes\n|move|p1a: Cinderace|Pyro Ball|p2a: Gliscor\n|-damage|p2a: Gliscor|15\/100\n|replace|p2a: Zoroark|Zoroark-Hisui, M\n|-end|p2a: Zoroark|Illusion\n|\n|upkeep\n|turn|5\n|\n|t:|1699702796\n|move|p1a: Cinderace|U-turn|p2a: Zoroark\n|-resisted|p2a: Zoroark\n|-damage|p2a: Zoroark|0 fnt\n|faint|p2a: Zoroark\n|\n|t:|1699702804\n|switch|p1a: Gliscor|Gliscor, F|100\/100|[from] U-turn\n|\n|-status|p1a: Gliscor|tox|[from] item: Toxic Orb\n|upkeep\n|\n|t:|1699702811\n|switch|p2a: Houndstone|Houndstone, M|100\/100\n|-damage|p2a: Houndstone|88\/100|[from] Spikes\n|turn|6\n|inactive|Battle timer is ON: inactive players will automatically lose when time's up. (requested by mori's dad)\n|\n|t:|1699702834\n|move|p1a: Gliscor|Toxic|p2a: Houndstone|[miss]\n|-miss|p1a: Gliscor|p2a: Houndstone\n|move|p2a: Houndstone|Facade|p1a: Gliscor\n|-damage|p1a: Gliscor|89\/100 tox\n|\n|-heal|p1a: Gliscor|100\/100 tox|[from] ability: Poison Heal\n|upkeep\n|turn|7\n|\n|t:|1699702844\n|switch|p2a: Altaria|Altaria, F|100\/100\n|move|p1a: Gliscor|Spikes|p2a: Altaria\n|-sidestart|p2: gengarr1233333|Spikes\n|\n|upkeep\n|turn|8\n|\n|t:|1699702854\n|switch|p1a: Dipplin|Dipplin, F|100\/100\n|-damage|p1a: Dipplin|88\/100|[from] Spikes\n|move|p2a: Altaria|Dragon Dance|p2a: Altaria\n|-boost|p2a: Altaria|atk|1\n|-boost|p2a: Altaria|spe|1\n|\n|upkeep\n|turn|9\n|\n|t:|1699702867\n|move|p2a: Altaria|Dragon Dance|p2a: Altaria\n|-boost|p2a: Altaria|atk|1\n|-boost|p2a: Altaria|spe|1\n|move|p1a: Dipplin|Dragon Tail|p2a: Altaria\n|-supereffective|p2a: Altaria\n|-damage|p2a: Altaria|68\/100\n|drag|p2a: Ditto|Ditto|100\/100\n|-damage|p2a: Ditto|84\/100|[from] Spikes\n|\n|-heal|p2a: Ditto|90\/100|[from] item: Leftovers\n|upkeep\n|turn|10\n|\n|t:|1699702878\n|move|p2a: Ditto|Transform|p1a: Dipplin\n|-transform|p2a: Ditto|p1a: Dipplin\n|move|p1a: Dipplin|Dragon Tail|p2a: Ditto\n|-supereffective|p2a: Ditto\n|-damage|p2a: Ditto|51\/100\n|drag|p2a: Altaria|Altaria, F|68\/100\n|\n|upkeep\n|turn|11\n|\n|t:|1699702886\n|move|p2a: Altaria|Brave Bird|p1a: Dipplin\n|-supereffective|p1a: Dipplin\n|-damage|p1a: Dipplin|43\/100\n|-damage|p2a: Altaria|53\/100|[from] Recoil\n|move|p1a: Dipplin|Dragon Tail|p2a: Altaria\n|-supereffective|p2a: Altaria\n|-damage|p2a: Altaria|15\/100\n|drag|p2a: Ditto|Ditto|51\/100\n|-damage|p2a: Ditto|34\/100|[from] Spikes\n|\n|-heal|p2a: Ditto|40\/100|[from] item: Leftovers\n|upkeep\n|turn|12\n|\n|t:|1699702904\n|move|p2a: Ditto|Transform|p1a: Dipplin\n|-transform|p2a: Ditto|p1a: Dipplin\n|move|p1a: Dipplin|Dragon Tail|p2a: Ditto\n|-supereffective|p2a: Ditto\n|-damage|p2a: Ditto|2\/100\n|drag|p2a: Kingambit|Kingambit, M|100\/100\n|-damage|p2a: Kingambit|84\/100|[from] Spikes\n|-activate|p2a: Kingambit|ability: Supreme Overlord\n|-start|p2a: Kingambit|fallen1|[silent]\n|\n|-heal|p2a: Kingambit|90\/100|[from] item: Leftovers\n|upkeep\n|turn|13\n|\n|t:|1699702915\n|move|p2a: Kingambit|Swords Dance|p2a: Kingambit\n|-boost|p2a: Kingambit|atk|2\n|move|p1a: Dipplin|Dragon Tail|p2a: Kingambit\n|-resisted|p2a: Kingambit\n|-damage|p2a: Kingambit|83\/100\n|-end|p2a: Kingambit|fallen1|[silent]\n|drag|p2a: Altaria|Altaria, F|15\/100\n|\n|upkeep\n|turn|14\n|c|\u2606mori's dad|how are you so stupid\n|\n|t:|1699702930\n|move|p2a: Altaria|Brave Bird|p1a: Dipplin\n|-supereffective|p1a: Dipplin\n|-damage|p1a: Dipplin|0 fnt\n|faint|p1a: Dipplin\n|-damage|p2a: Altaria|1\/100|[from] Recoil\n|\n|upkeep\n|\n|t:|1699702944\n|switch|p1a: Cinderace|Cinderace, F|89\/100\n|turn|15\n|\n|t:|1699702949\n|move|p1a: Cinderace|U-turn|p2a: Altaria\n|-resisted|p2a: Altaria\n|-damage|p2a: Altaria|0 fnt\n|faint|p2a: Altaria\n|\n|t:|1699702956\n|switch|p1a: Gliscor|Gliscor, F|100\/100 tox|[from] U-turn\n|\n|upkeep\n|\n|t:|1699702961\n|switch|p2a: Houndstone|Houndstone, M|88\/100\n|-damage|p2a: Houndstone|72\/100|[from] Spikes\n|turn|16\n|\n|t:|1699702968\n|move|p1a: Gliscor|Spikes|p2a: Houndstone\n|-sidestart|p2: gengarr1233333|Spikes\n|move|p2a: Houndstone|Facade|p1a: Gliscor\n|-damage|p1a: Gliscor|89\/100 tox\n|\n|-heal|p1a: Gliscor|100\/100 tox|[from] ability: Poison Heal\n|upkeep\n|turn|17\n|\n|t:|1699702976\n|switch|p2a: Gliscor|Gliscor, F, tera:Ground|43\/100 brn\n|-damage|p2a: Gliscor|18\/100 brn|[from] Spikes\n|move|p1a: Gliscor|Earthquake|p2a: Gliscor\n|-damage|p2a: Gliscor|0 fnt\n|faint|p2a: Gliscor\n|\n|upkeep\n|\n|t:|1699702984\n|switch|p2a: Houndstone|Houndstone, M|72\/100\n|-damage|p2a: Houndstone|47\/100|[from] Spikes\n|turn|18\n|\n|t:|1699702988\n|move|p1a: Gliscor|Earthquake|p2a: Houndstone\n|-crit|p2a: Houndstone\n|-damage|p2a: Houndstone|0 fnt\n|faint|p2a: Houndstone\n|\n|upkeep\n|\n|t:|1699702992\n|switch|p2a: Kingambit|Kingambit, M|83\/100\n|-damage|p2a: Kingambit|58\/100|[from] Spikes\n|-activate|p2a: Kingambit|ability: Supreme Overlord\n|-start|p2a: Kingambit|fallen4|[silent]\n|turn|19\n|\n|t:|1699703000\n|move|p1a: Gliscor|Earthquake|p2a: Kingambit\n|-supereffective|p2a: Kingambit\n|-damage|p2a: Kingambit|2\/100\n|move|p2a: Kingambit|Foul Play|p1a: Gliscor\n|-damage|p1a: Gliscor|72\/100 tox\n|\n|-heal|p2a: Kingambit|8\/100|[from] item: Leftovers\n|-heal|p1a: Gliscor|84\/100 tox|[from] ability: Poison Heal\n|upkeep\n|turn|20\n|c|\u2606mori's dad|can you send me your team\n|\n|t:|1699703022\n|move|p1a: Gliscor|Earthquake|p2a: Kingambit\n|-supereffective|p2a: Kingambit\n|-damage|p2a: Kingambit|0 fnt\n|faint|p2a: Kingambit\n|-end|p2a: Kingambit|fallen4|[silent]\n|\n|-heal|p1a: Gliscor|97\/100 tox|[from] ability: Poison Heal\n|upkeep\n|\n|t:|1699703028\n|switch|p2a: Ditto|Ditto|2\/100\n|-damage|p2a: Ditto|0 fnt|[from] Spikes\n|faint|p2a: Ditto\n|\n|win|mori's dad\n|raw|mori&apos;s dad's rating: 1000 &rarr; <strong>1041<\/strong><br \/>(+41 for winning)\n|raw|gengarr1233333's rating: 1012 &rarr; <strong>1000<\/strong><br \/>(-12 for losing)\n","uploadtime":1699703037,"views":60,"p1id":"morisdad","p2id":"gengarr1233333","formatid":"gen9ou","rating":1000,"private":0,"password":""}