{"id":"gen9ou-1995087362","p1":"Dxeadlydre","p2":"Johnnymcd16","format":"[Gen 9] OU","log":"|j|\u2606Dxeadlydre\n|j|\u2606Johnnymcd16\n|t:|1700521133\n|gametype|singles\n|player|p1|Dxeadlydre|dexio|1165\n|player|p2|Johnnymcd16|101|1096\n|teamsize|p1|6\n|teamsize|p2|6\n|gen|9\n|tier|[Gen 9] OU\n|rated|\n|rule|Sleep Clause Mod: Limit one foe put to sleep\n|rule|Species Clause: Limit one of each Pok\u00e9mon\n|rule|OHKO Clause: OHKO moves are banned\n|rule|Evasion Items Clause: Evasion items are banned\n|rule|Evasion Moves Clause: Evasion moves are banned\n|rule|Endless Battle Clause: Forcing endless battles is banned\n|rule|HP Percentage Mod: HP is shown in percentages\n|clearpoke\n|poke|p1|Hatterene, F|\n|poke|p1|Dragapult, F|\n|poke|p1|Manaphy|\n|poke|p1|Ogerpon-Wellspring, F|\n|poke|p1|Gholdengo|\n|poke|p1|Kingambit, M|\n|poke|p2|Heracross, M|\n|poke|p2|Iron Hands|\n|poke|p2|Torkoal, F|\n|poke|p2|Corviknight, F|\n|poke|p2|Iron Thorns|\n|poke|p2|Amoonguss, M|\n|teampreview\n|inactive|Battle timer is ON: inactive players will automatically lose when time's up. (requested by Dxeadlydre)\n|l|\u2606Johnnymcd16\n|inactive|Johnnymcd16 disconnected and has a minute to reconnect!\n|player|p2|\n|j|\u2606Johnnymcd16\n|inactive|Johnnymcd16 reconnected and has 125 seconds left.\n|player|p2|Johnnymcd16|101\n|inactive|Johnnymcd16 has 120 seconds left.\n|\n|t:|1700521166\n|start\n|switch|p1a: Hatressea|Hatterene, F|100\/100\n|switch|p2a: Heracross|Heracross, M|100\/100\n|turn|1\n|\n|t:|1700521182\n|move|p2a: Heracross|Knock Off|p1a: Hatressea\n|-damage|p1a: Hatressea|69\/100\n|-enditem|p1a: Hatressea|Leftovers|[from] move: Knock Off|[of] p2a: Heracross\n|move|p1a: Hatressea|Calm Mind|p1a: Hatressea\n|-boost|p1a: Hatressea|spa|1\n|-boost|p1a: Hatressea|spd|1\n|\n|upkeep\n|turn|2\n|\n|t:|1700521192\n|switch|p2a: Corviknight|Corviknight, F|100\/100\n|move|p1a: Hatressea|Draining Kiss|p2a: Corviknight\n|-resisted|p2a: Corviknight\n|-damage|p2a: Corviknight|88\/100\n|-heal|p1a: Hatressea|83\/100|[from] drain|[of] p2a: Corviknight\n|-damage|p1a: Hatressea|67\/100|[from] item: Rocky Helmet|[of] p2a: Corviknight\n|\n|upkeep\n|turn|3\n|\n|t:|1700521201\n|move|p2a: Corviknight|Bulk Up|p2a: Corviknight\n|-boost|p2a: Corviknight|atk|1\n|-boost|p2a: Corviknight|def|1\n|move|p1a: Hatressea|Mystical Fire|p2a: Corviknight\n|-supereffective|p2a: Corviknight\n|-damage|p2a: Corviknight|41\/100\n|-ability|p2a: Corviknight|Mirror Armor\n|-unboost|p1a: Hatressea|spa|1\n|\n|upkeep\n|turn|4\n|\n|t:|1700521221\n|switch|p1a: Gambita|Kingambit, M|100\/100\n|move|p2a: Corviknight|Roost|p2a: Corviknight\n|-heal|p2a: Corviknight|91\/100\n|-singleturn|p2a: Corviknight|move: Roost\n|\n|upkeep\n|turn|5\n|\n|t:|1700521228\n|-end|p1a: Gambita|fallenundefined|[silent]\n|switch|p1a: Pulta|Dragapult, F|100\/100\n|move|p2a: Corviknight|Body Press|p1a: Pulta\n|-immune|p1a: Pulta\n|\n|upkeep\n|turn|6\n|\n|t:|1700521237\n|move|p1a: Pulta|Flamethrower|p2a: Corviknight\n|-supereffective|p2a: Corviknight\n|-damage|p2a: Corviknight|33\/100\n|move|p2a: Corviknight|Brave Bird|p1a: Pulta\n|-damage|p1a: Pulta|26\/100\n|-damage|p2a: Corviknight|14\/100|[from] Recoil\n|\n|upkeep\n|turn|7\n|\n|t:|1700521247\n|switch|p2a: Torkoal|Torkoal, F|100\/100\n|-weather|SunnyDay|[from] ability: Drought|[of] p2a: Torkoal\n|move|p1a: Pulta|Flamethrower|p2a: Torkoal\n|-resisted|p2a: Torkoal\n|-damage|p2a: Torkoal|64\/100\n|\n|-weather|SunnyDay|[upkeep]\n|upkeep\n|turn|8\n|\n|t:|1700521258\n|switch|p1a: Gholdea|Gholdengo|100\/100\n|-item|p1a: Gholdea|Air Balloon\n|switch|p2a: Corviknight|Corviknight, F|14\/100\n|\n|-weather|SunnyDay|[upkeep]\n|upkeep\n|turn|9\n|\n|t:|1700521267\n|move|p1a: Gholdea|Shadow Ball|p2a: Corviknight\n|-damage|p2a: Corviknight|0 fnt\n|faint|p2a: Corviknight\n|\n|-weather|SunnyDay|[upkeep]\n|upkeep\n|\n|t:|1700521270\n|switch|p2a: Heracross|Heracross, M|100\/100\n|turn|10\n|\n|t:|1700521282\n|switch|p1a: Hatressea|Hatterene, F|67\/100\n|move|p2a: Heracross|Knock Off|p1a: Hatressea\n|-damage|p1a: Hatressea|46\/100\n|\n|-weather|SunnyDay|[upkeep]\n|upkeep\n|turn|11\n|\n|t:|1700521288\n|switch|p2a: Amoonguss|Amoonguss, M|100\/100\n|move|p1a: Hatressea|Draining Kiss|p2a: Amoonguss\n|-resisted|p2a: Amoonguss\n|-damage|p2a: Amoonguss|93\/100\n|-heal|p1a: Hatressea|56\/100|[from] drain|[of] p2a: Amoonguss\n|\n|-weather|SunnyDay|[upkeep]\n|-heal|p2a: Amoonguss|99\/100|[from] item: Black Sludge\n|upkeep\n|turn|12\n|\n|t:|1700521294\n|move|p2a: Amoonguss|Spore|p1a: Hatressea\n|move|p1a: Hatressea|Spore|p2a: Amoonguss|[from]ability: Magic Bounce\n|-immune|p2a: Amoonguss\n|move|p1a: Hatressea|Mystical Fire|p2a: Amoonguss\n|-supereffective|p2a: Amoonguss\n|-damage|p2a: Amoonguss|49\/100\n|-unboost|p2a: Amoonguss|spa|1\n|\n|-weather|SunnyDay|[upkeep]\n|-heal|p2a: Amoonguss|55\/100|[from] item: Black Sludge\n|upkeep\n|turn|13\n|\n|t:|1700521304\n|switch|p1a: Gholdea|Gholdengo|100\/100\n|-item|p1a: Gholdea|Air Balloon\n|move|p2a: Amoonguss|Sludge Bomb|p1a: Gholdea\n|-immune|p1a: Gholdea\n|\n|-weather|SunnyDay|[upkeep]\n|-heal|p2a: Amoonguss|61\/100|[from] item: Black Sludge\n|upkeep\n|turn|14\n|n|!Johnnymcd16|johnnymcd16\n|\n|t:|1700521318\n|switch|p2a: Iron Hands|Iron Hands|100\/100\n|move|p1a: Gholdea|Nasty Plot|p1a: Gholdea\n|-boost|p1a: Gholdea|spa|2\n|\n|-weather|none\n|upkeep\n|turn|15\n|\n|t:|1700521327\n|-terastallize|p1a: Gholdea|Flying\n|move|p1a: Gholdea|Shadow Ball|p2a: Iron Hands\n|-damage|p2a: Iron Hands|51\/100\n|-unboost|p2a: Iron Hands|spd|1\n|move|p2a: Iron Hands|Wild Charge|p1a: Gholdea\n|-supereffective|p1a: Gholdea\n|-damage|p1a: Gholdea|0 fnt\n|-enditem|p1a: Gholdea|Air Balloon\n|faint|p1a: Gholdea\n|-damage|p2a: Iron Hands|34\/100|[from] Recoil\n|\n|upkeep\n|\n|t:|1700521343\n|switch|p1a: Pulta|Dragapult, F|26\/100\n|turn|16\n|\n|t:|1700521349\n|-end|p2a: Iron Hands|Quark Drive|[silent]\n|switch|p2a: Amoonguss|Amoonguss, M|94\/100\n|move|p1a: Pulta|Shadow Ball|p2a: Amoonguss\n|-damage|p2a: Amoonguss|55\/100\n|\n|-heal|p2a: Amoonguss|61\/100|[from] item: Black Sludge\n|upkeep\n|turn|17\n|\n|t:|1700521360\n|switch|p1a: Gambita|Kingambit, M|100\/100\n|-activate|p1a: Gambita|ability: Supreme Overlord\n|-start|p1a: Gambita|fallen1|[silent]\n|move|p2a: Amoonguss|Sludge Bomb|p1a: Gambita\n|-immune|p1a: Gambita\n|\n|-heal|p2a: Amoonguss|67\/100|[from] item: Black Sludge\n|upkeep\n|turn|18\n|\n|t:|1700521367\n|move|p1a: Gambita|Kowtow Cleave|p2a: Amoonguss\n|-damage|p2a: Amoonguss|14\/100\n|move|p2a: Amoonguss|Spore|p1a: Gambita\n|-status|p1a: Gambita|slp|[from] move: Spore\n|-enditem|p1a: Gambita|Lum Berry|[eat]\n|-curestatus|p1a: Gambita|slp|[msg]\n|\n|-heal|p2a: Amoonguss|20\/100|[from] item: Black Sludge\n|upkeep\n|turn|19\n|\n|t:|1700521381\n|switch|p2a: Heracross|Heracross, M|100\/100\n|move|p1a: Gambita|Kowtow Cleave|p2a: Heracross\n|-resisted|p2a: Heracross\n|-damage|p2a: Heracross|61\/100\n|\n|upkeep\n|turn|20\n|\n|t:|1700521390\n|-end|p1a: Gambita|fallen1|[silent]\n|switch|p1a: Hatressea|Hatterene, F|56\/100\n|move|p2a: Heracross|Earthquake|p1a: Hatressea\n|-damage|p1a: Hatressea|22\/100\n|\n|upkeep\n|turn|21\n|\n|t:|1700521394\n|move|p2a: Heracross|Earthquake|p1a: Hatressea\n|-damage|p1a: Hatressea|0 fnt\n|faint|p1a: Hatressea\n|-ability|p2a: Heracross|Moxie|boost\n|-boost|p2a: Heracross|atk|1\n|\n|upkeep\n|\n|t:|1700521400\n|switch|p1a: Pulta|Dragapult, F|26\/100\n|turn|22\n|\n|t:|1700521404\n|move|p2a: Heracross|Earthquake|p1a: Pulta\n|-damage|p1a: Pulta|0 fnt\n|faint|p1a: Pulta\n|-ability|p2a: Heracross|Moxie|boost\n|-boost|p2a: Heracross|atk|1\n|\n|upkeep\n|\n|t:|1700521416\n|switch|p1a: Ogrea|Ogerpon-Wellspring, F|100\/100\n|turn|23\n|\n|t:|1700521420\n|move|p2a: Heracross|Earthquake|p1a: Ogrea\n|-resisted|p1a: Ogrea\n|-damage|p1a: Ogrea|60\/100\n|move|p1a: Ogrea|Swords Dance|p1a: Ogrea\n|-boost|p1a: Ogrea|atk|2\n|\n|upkeep\n|turn|24\n|\n|t:|1700521429\n|switch|p2a: Amoonguss|Amoonguss, M|53\/100\n|move|p1a: Ogrea|Ivy Cudgel|p2a: Amoonguss|[anim] Ivy Cudgel Water\n|-resisted|p2a: Amoonguss\n|-damage|p2a: Amoonguss|0 fnt\n|faint|p2a: Amoonguss\n|\n|upkeep\n|\n|t:|1700521433\n|switch|p2a: Iron Hands|Iron Hands|34\/100\n|turn|25\n|\n|t:|1700521436\n|move|p2a: Iron Hands|Fake Out|p1a: Ogrea\n|-damage|p1a: Ogrea|38\/100\n|cant|p1a: Ogrea|flinch\n|\n|upkeep\n|turn|26\n|\n|t:|1700521440\n|-end|p2a: Iron Hands|Quark Drive|[silent]\n|switch|p2a: Torkoal|Torkoal, F|64\/100\n|-weather|SunnyDay|[from] ability: Drought|[of] p2a: Torkoal\n|move|p1a: Ogrea|Ivy Cudgel|p2a: Torkoal|[anim] Ivy Cudgel Water\n|-supereffective|p2a: Torkoal\n|-damage|p2a: Torkoal|0 fnt\n|faint|p2a: Torkoal\n|\n|-weather|SunnyDay|[upkeep]\n|upkeep\n|\n|t:|1700521446\n|switch|p2a: Heracross|Heracross, M|61\/100\n|turn|27\n|\n|t:|1700521451\n|move|p2a: Heracross|Close Combat|p1a: Ogrea\n|-damage|p1a: Ogrea|0 fnt\n|-unboost|p2a: Heracross|def|1\n|-unboost|p2a: Heracross|spd|1\n|faint|p1a: Ogrea\n|-ability|p2a: Heracross|Moxie|boost\n|-boost|p2a: Heracross|atk|1\n|\n|-weather|SunnyDay|[upkeep]\n|upkeep\n|\n|t:|1700521454\n|switch|p1a: Mana|Manaphy|100\/100\n|turn|28\n|\n|t:|1700521459\n|move|p2a: Heracross|Close Combat|p1a: Mana\n|-damage|p1a: Mana|14\/100\n|-unboost|p2a: Heracross|def|1\n|-unboost|p2a: Heracross|spd|1\n|move|p1a: Mana|Acid Armor|p1a: Mana\n|-boost|p1a: Mana|def|2\n|\n|-weather|SunnyDay|[upkeep]\n|-heal|p1a: Mana|20\/100|[from] item: Leftovers\n|upkeep\n|turn|29\n|\n|t:|1700521466\n|move|p2a: Heracross|Close Combat|p1a: Mana\n|-damage|p1a: Mana|0 fnt\n|-unboost|p2a: Heracross|def|1\n|-unboost|p2a: Heracross|spd|1\n|faint|p1a: Mana\n|-ability|p2a: Heracross|Moxie|boost\n|-boost|p2a: Heracross|atk|1\n|\n|-weather|SunnyDay|[upkeep]\n|upkeep\n|\n|t:|1700521468\n|switch|p1a: Gambita|Kingambit, M|100\/100\n|-activate|p1a: Gambita|ability: Supreme Overlord\n|-start|p1a: Gambita|fallen5|[silent]\n|turn|30\n|\n|t:|1700521478\n|move|p1a: Gambita|Sucker Punch|p2a: Heracross\n|-resisted|p2a: Heracross\n|-damage|p2a: Heracross|0 fnt\n|faint|p2a: Heracross\n|\n|-weather|SunnyDay|[upkeep]\n|upkeep\n|\n|t:|1700521483\n|switch|p2a: Iron Hands|Iron Hands|34\/100\n|turn|31\n|\n|t:|1700521487\n|move|p2a: Iron Hands|Fake Out|p1a: Gambita\n|-resisted|p1a: Gambita\n|-damage|p1a: Gambita|94\/100\n|cant|p1a: Gambita|flinch\n|\n|-weather|SunnyDay|[upkeep]\n|upkeep\n|turn|32\n|\n|t:|1700521493\n|move|p1a: Gambita|Sucker Punch|p2a: Iron Hands\n|-resisted|p2a: Iron Hands\n|-damage|p2a: Iron Hands|12\/100\n|move|p2a: Iron Hands|Drain Punch|p1a: Gambita\n|-supereffective|p1a: Gambita\n|-damage|p1a: Gambita|0 fnt\n|-heal|p2a: Iron Hands|47\/100|[from] drain|[of] p1a: Gambita\n|faint|p1a: Gambita\n|-end|p1a: Gambita|fallen5|[silent]\n|\n|win|Johnnymcd16\n|raw|Dxeadlydre's rating: 1165 &rarr; <strong>1134<\/strong><br \/>(-31 for losing)\n|raw|Johnnymcd16's rating: 1078 &rarr; <strong>1113<\/strong><br \/>(+35 for winning)\n","uploadtime":1700521312,"views":6,"p1id":"dxeadlydre","p2id":"johnnymcd16","formatid":"gen9ou","rating":1113,"private":0,"password":""}