{"id":"gen9ou-1989438669","p1":"LegendTomatoBird","p2":"Bumskidoo","format":"[Gen 9] OU","log":"|j|\u2606LegendTomatoBird\n|j|\u2606Bumskidoo\n|t:|1699850539\n|gametype|singles\n|player|p1|LegendTomatoBird|ballguy|1104\n|player|p2|Bumskidoo|rancher|1196\n|teamsize|p1|6\n|teamsize|p2|6\n|gen|9\n|tier|[Gen 9] OU\n|rated|\n|rule|Sleep Clause Mod: Limit one foe put to sleep\n|rule|Species Clause: Limit one of each Pok\u00e9mon\n|rule|OHKO Clause: OHKO moves are banned\n|rule|Evasion Items Clause: Evasion items are banned\n|rule|Evasion Moves Clause: Evasion moves are banned\n|rule|Endless Battle Clause: Forcing endless battles is banned\n|rule|HP Percentage Mod: HP is shown in percentages\n|clearpoke\n|poke|p1|Garchomp, F|\n|poke|p1|Zapdos|\n|poke|p1|Gholdengo|\n|poke|p1|Samurott-Hisui, F|\n|poke|p1|Sinistcha|\n|poke|p1|Tornadus-Therian, M|\n|poke|p2|Great Tusk|\n|poke|p2|Sneasler, M|\n|poke|p2|Cinderace, F|\n|poke|p2|Glimmora, M|\n|poke|p2|Gholdengo|\n|poke|p2|Clefable, M|\n|teampreview\n|inactive|Battle timer is ON: inactive players will automatically lose when time's up. (requested by LegendTomatoBird)\n|\n|t:|1699850547\n|start\n|switch|p1a: Not Shiny|Garchomp, F, shiny|100\/100\n|switch|p2a: Glimmora|Glimmora, M|100\/100\n|turn|1\n|\n|t:|1699850555\n|move|p1a: Not Shiny|Swords Dance|p1a: Not Shiny\n|-boost|p1a: Not Shiny|atk|2\n|move|p2a: Glimmora|Stealth Rock|p1a: Not Shiny\n|-sidestart|p1: LegendTomatoBird|move: Stealth Rock\n|\n|upkeep\n|turn|2\n|\n|t:|1699850565\n|move|p1a: Not Shiny|Earthquake|p2a: Glimmora\n|-supereffective|p2a: Glimmora\n|-enditem|p2a: Glimmora|Focus Sash\n|-damage|p2a: Glimmora|1\/100\n|-activate|p2a: Glimmora|ability: Toxic Debris\n|-sidestart|p1: LegendTomatoBird|move: Toxic Spikes\n|move|p2a: Glimmora|Spikes|p1a: Not Shiny\n|-sidestart|p1: LegendTomatoBird|Spikes\n|\n|upkeep\n|turn|3\n|\n|t:|1699850574\n|move|p1a: Not Shiny|Scale Shot|p2a: Glimmora\n|-damage|p2a: Glimmora|0 fnt\n|-activate|p2a: Glimmora|ability: Toxic Debris\n|-sidestart|p1: LegendTomatoBird|move: Toxic Spikes\n|faint|p2a: Glimmora\n|-hitcount|p2: Glimmora|1\n|-unboost|p1a: Not Shiny|def|1\n|-boost|p1a: Not Shiny|spe|1\n|\n|upkeep\n|\n|t:|1699850585\n|switch|p2a: Gholdengo|Gholdengo|100\/100\n|turn|4\n|\n|t:|1699850592\n|move|p1a: Not Shiny|Earthquake|p2a: Gholdengo\n|-supereffective|p2a: Gholdengo\n|-damage|p2a: Gholdengo|0 fnt\n|faint|p2a: Gholdengo\n|\n|upkeep\n|\n|t:|1699850595\n|switch|p2a: Sneasler|Sneasler, M|100\/100\n|turn|5\n|\n|t:|1699850600\n|move|p2a: Sneasler|Fake Out|p1a: Not Shiny\n|-damage|p1a: Not Shiny|81\/100\n|-damage|p2a: Sneasler|88\/100|[from] ability: Rough Skin|[of] p1a: Not Shiny\n|cant|p1a: Not Shiny|flinch\n|\n|upkeep\n|turn|6\n|\n|t:|1699850610\n|switch|p2a: Great Tusk|Great Tusk|100\/100\n|-enditem|p2a: Great Tusk|Booster Energy\n|-activate|p2a: Great Tusk|ability: Protosynthesis|[fromitem]\n|-start|p2a: Great Tusk|protosynthesisatk\n|move|p1a: Not Shiny|Earthquake|p2a: Great Tusk\n|-damage|p2a: Great Tusk|18\/100\n|\n|upkeep\n|turn|7\n|\n|t:|1699850618\n|move|p1a: Not Shiny|Earthquake|p2a: Great Tusk\n|-damage|p2a: Great Tusk|0 fnt\n|faint|p2a: Great Tusk\n|-end|p2a: Great Tusk|Protosynthesis|[silent]\n|\n|upkeep\n|\n|t:|1699850622\n|switch|p2a: Sneasler|Sneasler, M|88\/100\n|turn|8\n|\n|t:|1699850631\n|move|p2a: Sneasler|Fake Out|p1a: Not Shiny\n|-damage|p1a: Not Shiny|61\/100\n|-damage|p2a: Sneasler|76\/100|[from] ability: Rough Skin|[of] p1a: Not Shiny\n|-status|p1a: Not Shiny|psn|[from] ability: Poison Touch|[of] p2a: Sneasler\n|cant|p1a: Not Shiny|flinch\n|\n|-damage|p1a: Not Shiny|48\/100 psn|[from] psn\n|upkeep\n|turn|9\n|\n|t:|1699850641\n|switch|p2a: Clefable|Clefable, M, shiny|100\/100\n|move|p1a: Not Shiny|Earthquake|p2a: Clefable\n|-damage|p2a: Clefable|0 fnt\n|faint|p2a: Clefable\n|\n|-damage|p1a: Not Shiny|36\/100 psn|[from] psn\n|upkeep\n|\n|t:|1699850648\n|switch|p2a: Sneasler|Sneasler, M|76\/100\n|turn|10\n|\n|t:|1699850659\n|switch|p1a: Gholdengo|Gholdengo|100\/100\n|-damage|p1a: Gholdengo|94\/100|[from] Stealth Rock\n|-damage|p1a: Gholdengo|82\/100|[from] Spikes\n|move|p2a: Sneasler|Fake Out|p1a: Gholdengo\n|-immune|p1a: Gholdengo\n|\n|-heal|p1a: Gholdengo|88\/100|[from] item: Leftovers\n|upkeep\n|turn|11\n|\n|t:|1699850668\n|move|p2a: Sneasler|U-turn|p1a: Gholdengo\n|-resisted|p1a: Gholdengo\n|-damage|p1a: Gholdengo|82\/100\n|\n|t:|1699850670\n|switch|p2a: Cinderace|Cinderace, F|100\/100|[from] U-turn\n|move|p1a: Gholdengo|Nasty Plot|p1a: Gholdengo\n|-boost|p1a: Gholdengo|spa|2\n|\n|-heal|p1a: Gholdengo|88\/100|[from] item: Leftovers\n|upkeep\n|turn|12\n|\n|t:|1699850675\n|move|p2a: Cinderace|Pyro Ball|p1a: Gholdengo\n|-supereffective|p1a: Gholdengo\n|-damage|p1a: Gholdengo|0 fnt\n|faint|p1a: Gholdengo\n|\n|upkeep\n|\n|t:|1699850678\n|switch|p1a: Samurott|Samurott-Hisui, F|100\/100\n|-damage|p1a: Samurott|88\/100|[from] Stealth Rock\n|-status|p1a: Samurott|tox\n|-damage|p1a: Samurott|76\/100 tox|[from] Spikes\n|turn|13\n|\n|t:|1699850682\n|move|p2a: Cinderace|U-turn|p1a: Samurott\n|-start|p2a: Cinderace|typechange|Bug|[from] ability: Libero\n|-supereffective|p1a: Samurott\n|-damage|p1a: Samurott|0 fnt\n|faint|p1a: Samurott\n|\n|t:|1699850685\n|switch|p2a: Sneasler|Sneasler, M|76\/100|[from] U-turn\n|\n|upkeep\n|\n|t:|1699850690\n|switch|p1a: Sinistcha|Sinistcha, shiny|100\/100\n|-damage|p1a: Sinistcha|88\/100|[from] Stealth Rock\n|-status|p1a: Sinistcha|tox\n|-damage|p1a: Sinistcha|76\/100 tox|[from] Spikes\n|turn|14\n|\n|t:|1699850695\n|-terastallize|p1a: Sinistcha|Normal\n|move|p2a: Sneasler|Dire Claw|p1a: Sinistcha\n|-damage|p1a: Sinistcha|39\/100 tox\n|move|p1a: Sinistcha|Shadow Ball|p2a: Sneasler\n|-damage|p2a: Sneasler|35\/100\n|\n|-heal|p1a: Sinistcha|45\/100 tox|[from] item: Leftovers\n|-damage|p1a: Sinistcha|39\/100 tox|[from] psn\n|upkeep\n|turn|15\n|\n|t:|1699850704\n|move|p2a: Sneasler|Close Combat|p1a: Sinistcha\n|-supereffective|p1a: Sinistcha\n|-damage|p1a: Sinistcha|0 fnt\n|-unboost|p2a: Sneasler|def|1\n|-unboost|p2a: Sneasler|spd|1\n|faint|p1a: Sinistcha\n|\n|upkeep\n|\n|t:|1699850709\n|switch|p1a: Overpowered|Zapdos, shiny|100\/100\n|-damage|p1a: Overpowered|76\/100|[from] Stealth Rock\n|turn|16\n|\n|t:|1699850713\n|move|p2a: Sneasler|Dire Claw|p1a: Overpowered\n|-damage|p1a: Overpowered|36\/100\n|-status|p1a: Overpowered|psn|[from] ability: Poison Touch|[of] p2a: Sneasler\n|move|p1a: Overpowered|Thunderbolt|p2a: Sneasler\n|-damage|p2a: Sneasler|0 fnt\n|faint|p2a: Sneasler\n|\n|-heal|p1a: Overpowered|43\/100 psn|[from] item: Leftovers\n|-damage|p1a: Overpowered|30\/100 psn|[from] psn\n|upkeep\n|\n|t:|1699850719\n|switch|p2a: Cinderace|Cinderace, F|100\/100\n|turn|17\n|\n|t:|1699850723\n|move|p2a: Cinderace|Pyro Ball|p1a: Overpowered\n|-damage|p1a: Overpowered|0 fnt\n|faint|p1a: Overpowered\n|\n|upkeep\n|\n|t:|1699850729\n|switch|p1a: Tornadus|Tornadus-Therian, M, shiny|100\/100\n|turn|18\n|\n|t:|1699850734\n|-terastallize|p2a: Cinderace|Fire\n|move|p2a: Cinderace|Pyro Ball|p1a: Tornadus\n|-damage|p1a: Tornadus|31\/100\n|move|p1a: Tornadus|Bleakwind Storm|p2a: Cinderace\n|-damage|p2a: Cinderace|43\/100\n|\n|upkeep\n|turn|19\n|\n|t:|1699850741\n|switch|p1a: Not Shiny|Garchomp, F, shiny|36\/100 psn\n|-damage|p1a: Not Shiny|30\/100 psn|[from] Stealth Rock\n|-damage|p1a: Not Shiny|18\/100 psn|[from] Spikes\n|move|p2a: Cinderace|Pyro Ball|p1a: Not Shiny\n|-resisted|p1a: Not Shiny\n|-damage|p1a: Not Shiny|0 fnt\n|faint|p1a: Not Shiny\n|\n|upkeep\n|\n|t:|1699850747\n|switch|p1a: Tornadus|Tornadus-Therian, M, shiny|64\/100\n|turn|20\n|\n|t:|1699850749\n|move|p2a: Cinderace|Pyro Ball|p1a: Tornadus\n|-damage|p1a: Tornadus|0 fnt\n|faint|p1a: Tornadus\n|\n|win|Bumskidoo\n|raw|LegendTomatoBird's rating: 1104 &rarr; <strong>1085<\/strong><br \/>(-19 for losing)\n|raw|Bumskidoo's rating: 1196 &rarr; <strong>1215<\/strong><br \/>(+19 for winning)\n|l|\u2606Bumskidoo\n|l|\u2606LegendTomatoBird\n|j|\u2606Bumskidoo\n|player|p2|Bumskidoo|rancher\n|l|\u2606Bumskidoo\n|player|p2|\n|j|\u2606Bumskidoo\n|player|p2|Bumskidoo|rancher\n|l|\u2606Bumskidoo\n|player|p2|\n|j|\u2606Bumskidoo\n|player|p2|Bumskidoo|rancher\n","uploadtime":1699850811,"views":18,"p1id":"legendtomatobird","p2id":"bumskidoo","formatid":"gen9ou","rating":1085,"private":0,"password":""}