{"id":"gen9ou-2000099993","p1":"El Stefano","p2":"khote","format":"[Gen 9] OU","log":"|j|\u2606El Stefano\n|j|\u2606khote\n|t:|1701154738\n|gametype|singles\n|player|p1|El Stefano|102|1794\n|player|p2|khote|burglar|1714\n|teamsize|p1|6\n|teamsize|p2|6\n|gen|9\n|tier|[Gen 9] OU\n|rated|\n|rule|Sleep Clause Mod: Limit one foe put to sleep\n|rule|Species Clause: Limit one of each Pok\u00e9mon\n|rule|OHKO Clause: OHKO moves are banned\n|rule|Evasion Items Clause: Evasion items are banned\n|rule|Evasion Moves Clause: Evasion moves are banned\n|rule|Endless Battle Clause: Forcing endless battles is banned\n|rule|HP Percentage Mod: HP is shown in percentages\n|clearpoke\n|poke|p1|Slowking, F|\n|poke|p1|Chesnaught, F|\n|poke|p1|Talonflame, M|\n|poke|p1|Clodsire, F|\n|poke|p1|Dondozo, F|\n|poke|p1|Clefable, F|\n|poke|p2|Great Tusk|\n|poke|p2|Ogerpon-Wellspring, F|\n|poke|p2|Iron Moth|\n|poke|p2|Dragonite, F|\n|poke|p2|Slowking-Galar, F|\n|poke|p2|Zamazenta-*|\n|teampreview\n|\n|t:|1701154764\n|start\n|switch|p1a: Clefable|Clefable, F|100\/100\n|switch|p2a: Great Tusk|Great Tusk|100\/100\n|turn|1\n|\n|t:|1701154769\n|move|p2a: Great Tusk|Stealth Rock|p1a: Clefable\n|-sidestart|p1: El Stefano|move: Stealth Rock\n|move|p1a: Clefable|Knock Off|p2a: Great Tusk\n|-resisted|p2a: Great Tusk\n|-damage|p2a: Great Tusk|95\/100\n|-enditem|p2a: Great Tusk|Focus Sash|[from] move: Knock Off|[of] p1a: Clefable\n|\n|upkeep\n|turn|2\n|\n|t:|1701154778\n|move|p2a: Great Tusk|Knock Off|p1a: Clefable\n|-resisted|p1a: Clefable\n|-damage|p1a: Clefable|89\/100\n|-enditem|p1a: Clefable|Leftovers|[from] move: Knock Off|[of] p2a: Great Tusk\n|move|p1a: Clefable|Stealth Rock|p2a: Great Tusk\n|-sidestart|p2: khote|move: Stealth Rock\n|\n|upkeep\n|turn|3\n|\n|t:|1701154785\n|move|p2a: Great Tusk|Rapid Spin|p1a: Clefable\n|-damage|p1a: Clefable|76\/100\n|-boost|p2a: Great Tusk|spe|1\n|-sideend|p2: khote|Stealth Rock|[from] move: Rapid Spin|[of] p2a: Great Tusk\n|move|p1a: Clefable|Moonblast|p2a: Great Tusk\n|-supereffective|p2a: Great Tusk\n|-damage|p2a: Great Tusk|0 fnt\n|faint|p2a: Great Tusk\n|-end|p2a: Great Tusk|Protosynthesis|[silent]\n|\n|upkeep\n|\n|t:|1701154790\n|switch|p2a: Iron Moth|Iron Moth|100\/100\n|-enditem|p2a: Iron Moth|Booster Energy\n|-activate|p2a: Iron Moth|ability: Quark Drive|[fromitem]\n|-start|p2a: Iron Moth|quarkdrivespe\n|turn|4\n|\n|t:|1701154797\n|switch|p1a: Slowking|Slowking, F, shiny|100\/100\n|move|p2a: Iron Moth|Fiery Dance|p1a: Slowking\n|-resisted|p1a: Slowking\n|-damage|p1a: Slowking|89\/100\n|\n|upkeep\n|turn|5\n|\n|t:|1701154810\n|-end|p2a: Iron Moth|Quark Drive|[silent]\n|switch|p2a: Slowking|Slowking-Galar, F|100\/100\n|move|p1a: Slowking|Earthquake|p2a: Slowking\n|-supereffective|p2a: Slowking\n|-damage|p2a: Slowking|60\/100\n|\n|upkeep\n|turn|6\n|\n|t:|1701154819\n|move|p1a: Slowking|Earthquake|p2a: Slowking\n|-supereffective|p2a: Slowking\n|-damage|p2a: Slowking|20\/100\n|move|p2a: Slowking|Future Sight|p1a: Slowking\n|-start|p2a: Slowking|move: Future Sight\n|\n|upkeep\n|turn|7\n|\n|t:|1701154825\n|switch|p2a: Ogerpon|Ogerpon-Wellspring, F|100\/100\n|move|p1a: Slowking|Scald|p2a: Ogerpon\n|-immune|p2a: Ogerpon|[from] ability: Water Absorb\n|\n|upkeep\n|turn|8\n|\n|t:|1701154835\n|move|p1a: Slowking|Protect|p1a: Slowking\n|-singleturn|p1a: Slowking|Protect\n|move|p2a: Ogerpon|Ivy Cudgel|p1a: Slowking|[anim] Ivy Cudgel Water\n|-activate|p1a: Slowking|move: Protect\n|\n|-end|p1a: Slowking|move: Future Sight\n|-resisted|p1a: Slowking\n|-damage|p1a: Slowking|75\/100\n|upkeep\n|turn|9\n|\n|t:|1701154841\n|switch|p1a: Chesnaught|Chesnaught, F|100\/100\n|move|p2a: Ogerpon|Ivy Cudgel|p1a: Chesnaught|[anim] Ivy Cudgel Water\n|-resisted|p1a: Chesnaught\n|-damage|p1a: Chesnaught|84\/100\n|\n|upkeep\n|turn|10\n|j| methspider\n|\n|t:|1701154859\n|move|p2a: Ogerpon|Ivy Cudgel|p1a: Chesnaught|[anim] Ivy Cudgel Water\n|-resisted|p1a: Chesnaught\n|-damage|p1a: Chesnaught|68\/100\n|move|p1a: Chesnaught|Spikes|p2a: Ogerpon\n|-sidestart|p2: khote|Spikes\n|\n|upkeep\n|turn|11\n|\n|t:|1701154874\n|switch|p2a: Iron Moth|Iron Moth|100\/100\n|-damage|p2a: Iron Moth|88\/100|[from] Spikes\n|switch|p1a: Dondozo|Dondozo, F|100\/100\n|\n|upkeep\n|turn|12\n|\n|t:|1701154884\n|-end|p2a: Iron Moth|Quark Drive|[silent]\n|switch|p2a: Ogerpon|Ogerpon-Wellspring, F|100\/100\n|-damage|p2a: Ogerpon|88\/100|[from] Spikes\n|switch|p1a: Slowking|Slowking, F, shiny|100\/100\n|\n|upkeep\n|turn|13\n|\n|t:|1701154892\n|switch|p1a: Chesnaught|Chesnaught, F|68\/100\n|move|p2a: Ogerpon|Swords Dance|p2a: Ogerpon\n|-boost|p2a: Ogerpon|atk|2\n|\n|upkeep\n|turn|14\n|\n|t:|1701154902\n|move|p2a: Ogerpon|Ivy Cudgel|p1a: Chesnaught|[anim] Ivy Cudgel Water\n|-resisted|p1a: Chesnaught\n|-damage|p1a: Chesnaught|32\/100\n|move|p1a: Chesnaught|Synthesis|p1a: Chesnaught\n|-heal|p1a: Chesnaught|82\/100\n|\n|upkeep\n|turn|15\n|\n|t:|1701154907\n|move|p2a: Ogerpon|Encore|p1a: Chesnaught\n|-start|p1a: Chesnaught|Encore\n|move|p1a: Chesnaught|Synthesis|p1a: Chesnaught\n|-heal|p1a: Chesnaught|100\/100\n|\n|upkeep\n|turn|16\n|\n|t:|1701154918\n|switch|p1a: Dondozo|Dondozo, F|100\/100\n|move|p2a: Ogerpon|Ivy Cudgel|p1a: Dondozo|[anim] Ivy Cudgel Water\n|-resisted|p1a: Dondozo\n|-damage|p1a: Dondozo|87\/100\n|\n|upkeep\n|turn|17\n|\n|t:|1701154923\n|-terastallize|p1a: Dondozo|Fighting\n|move|p2a: Ogerpon|Horn Leech|p1a: Dondozo\n|-damage|p1a: Dondozo|65\/100\n|-heal|p2a: Ogerpon|100\/100|[from] drain|[of] p1a: Dondozo\n|move|p1a: Dondozo|Curse|p1a: Dondozo\n|-unboost|p1a: Dondozo|spe|1\n|-boost|p1a: Dondozo|atk|1\n|-boost|p1a: Dondozo|def|1\n|\n|upkeep\n|turn|18\n|\n|t:|1701154930\n|move|p2a: Ogerpon|Encore|p1a: Dondozo\n|-start|p1a: Dondozo|Encore\n|move|p1a: Dondozo|Curse|p1a: Dondozo\n|-unboost|p1a: Dondozo|spe|1\n|-boost|p1a: Dondozo|atk|1\n|-boost|p1a: Dondozo|def|1\n|\n|upkeep\n|turn|19\n|\n|t:|1701154947\n|move|p2a: Ogerpon|Horn Leech|p1a: Dondozo\n|-damage|p1a: Dondozo|56\/100\n|move|p1a: Dondozo|Curse|p1a: Dondozo\n|-unboost|p1a: Dondozo|spe|1\n|-boost|p1a: Dondozo|atk|1\n|-boost|p1a: Dondozo|def|1\n|\n|upkeep\n|turn|20\n|\n|t:|1701154956\n|switch|p1a: Chesnaught|Chesnaught, F|100\/100\n|move|p2a: Ogerpon|Horn Leech|p1a: Chesnaught\n|-resisted|p1a: Chesnaught\n|-damage|p1a: Chesnaught|76\/100\n|\n|upkeep\n|turn|21\n|\n|t:|1701154961\n|move|p2a: Ogerpon|Ivy Cudgel|p1a: Chesnaught|[anim] Ivy Cudgel Water\n|-resisted|p1a: Chesnaught\n|-crit|p1a: Chesnaught\n|-damage|p1a: Chesnaught|28\/100\n|move|p1a: Chesnaught|Body Press|p2a: Ogerpon\n|-damage|p2a: Ogerpon|39\/100\n|\n|upkeep\n|turn|22\n|j| Lunarmace765\n|j| llegamos al centro\n|\n|t:|1701154979\n|move|p2a: Ogerpon|Ivy Cudgel|p1a: Chesnaught|[anim] Ivy Cudgel Water\n|-resisted|p1a: Chesnaught\n|-crit|p1a: Chesnaught\n|-damage|p1a: Chesnaught|0 fnt\n|faint|p1a: Chesnaught\n|\n|upkeep\n|\n|t:|1701154983\n|switch|p1a: Dondozo|Dondozo, F, tera:Fighting|56\/100\n|turn|23\n|\n|t:|1701154989\n|switch|p2a: Iron Moth|Iron Moth|88\/100\n|-damage|p2a: Iron Moth|76\/100|[from] Spikes\n|move|p1a: Dondozo|Rest|p1a: Dondozo\n|-status|p1a: Dondozo|slp|[from] move: Rest\n|-heal|p1a: Dondozo|100\/100 slp|[silent]\n|\n|upkeep\n|turn|24\n|\n|t:|1701154996\n|switch|p1a: Slowking|Slowking, F, shiny|100\/100\n|move|p2a: Iron Moth|Fiery Dance|p1a: Slowking\n|-resisted|p1a: Slowking\n|-damage|p1a: Slowking|89\/100\n|\n|upkeep\n|turn|25\n|\n|t:|1701155003\n|-end|p2a: Iron Moth|Quark Drive|[silent]\n|switch|p2a: Ogerpon|Ogerpon-Wellspring, F|39\/100\n|-damage|p2a: Ogerpon|27\/100|[from] Spikes\n|move|p1a: Slowking|Earthquake|p2a: Ogerpon\n|-resisted|p2a: Ogerpon\n|-damage|p2a: Ogerpon|15\/100\n|\n|upkeep\n|turn|26\n|\n|t:|1701155013\n|switch|p1a: Talonflame|Talonflame, M|100\/100\n|move|p2a: Ogerpon|Horn Leech|p1a: Talonflame\n|-resisted|p1a: Talonflame\n|-damage|p1a: Talonflame|92\/100\n|-heal|p2a: Ogerpon|20\/100|[from] drain|[of] p1a: Talonflame\n|\n|upkeep\n|turn|27\n|\n|t:|1701155022\n|switch|p2a: Slowking|Slowking-Galar, F|53\/100\n|switch|p1a: Slowking|Slowking, F, shiny|100\/100\n|\n|upkeep\n|turn|28\n|l| llegamos al centro\n|\n|t:|1701155030\n|move|p1a: Slowking|Earthquake|p2a: Slowking\n|-supereffective|p2a: Slowking\n|-damage|p2a: Slowking|18\/100\n|move|p2a: Slowking|Sludge Bomb|p1a: Slowking\n|-damage|p1a: Slowking|79\/100\n|\n|upkeep\n|turn|29\n|\n|t:|1701155041\n|switch|p2a: Zamazenta|Zamazenta|100\/100\n|-damage|p2a: Zamazenta|88\/100|[from] Spikes\n|-ability|p2a: Zamazenta|Dauntless Shield|boost\n|-boost|p2a: Zamazenta|def|1\n|move|p1a: Slowking|Earthquake|p2a: Zamazenta\n|-damage|p2a: Zamazenta|79\/100\n|\n|-heal|p2a: Zamazenta|85\/100|[from] item: Leftovers\n|upkeep\n|turn|30\n|\n|t:|1701155049\n|switch|p1a: Dondozo|Dondozo, F, tera:Fighting|100\/100 slp\n|move|p2a: Zamazenta|Substitute|p2a: Zamazenta\n|-start|p2a: Zamazenta|Substitute\n|-damage|p2a: Zamazenta|60\/100\n|\n|-heal|p2a: Zamazenta|67\/100|[from] item: Leftovers\n|upkeep\n|turn|31\n|\n|t:|1701155053\n|switch|p2a: Iron Moth|Iron Moth|76\/100\n|-damage|p2a: Iron Moth|64\/100|[from] Spikes\n|cant|p1a: Dondozo|slp\n|move|p1a: Dondozo|Sleep Talk|p1a: Dondozo\n|move|p1a: Dondozo|Curse|p1a: Dondozo|[from]move: Sleep Talk\n|-unboost|p1a: Dondozo|spe|1\n|-boost|p1a: Dondozo|atk|1\n|-boost|p1a: Dondozo|def|1\n|\n|upkeep\n|turn|32\n|\n|t:|1701155057\n|switch|p1a: Slowking|Slowking, F, shiny|100\/100\n|move|p2a: Iron Moth|Dazzling Gleam|p1a: Slowking\n|-damage|p1a: Slowking|84\/100\n|\n|upkeep\n|turn|33\n|inactive|Battle timer is ON: inactive players will automatically lose when time's up. (requested by El Stefano)\n|\n|t:|1701155073\n|move|p2a: Iron Moth|Sludge Wave|p1a: Slowking\n|-damage|p1a: Slowking|55\/100\n|move|p1a: Slowking|Earthquake|p2a: Iron Moth\n|-supereffective|p2a: Iron Moth\n|-damage|p2a: Iron Moth|0 fnt\n|faint|p2a: Iron Moth\n|-end|p2a: Iron Moth|Quark Drive|[silent]\n|\n|upkeep\n|j| westcottike\n|inactive|khote has 120 seconds left.\n|\n|t:|1701155112\n|switch|p2a: Ogerpon|Ogerpon-Wellspring, F|20\/100\n|-damage|p2a: Ogerpon|8\/100|[from] Spikes\n|turn|34\n|inactive|khote has 120 seconds left.\n|\n|t:|1701155117\n|switch|p1a: Talonflame|Talonflame, M|92\/100\n|move|p2a: Ogerpon|Ivy Cudgel|p1a: Talonflame|[anim] Ivy Cudgel Water\n|-supereffective|p1a: Talonflame\n|-damage|p1a: Talonflame|0 fnt\n|faint|p1a: Talonflame\n|\n|upkeep\n|\n|t:|1701155124\n|switch|p1a: Clefable|Clefable, F|76\/100\n|turn|35\n|\n|t:|1701155129\n|move|p2a: Ogerpon|Horn Leech|p1a: Clefable\n|-damage|p1a: Clefable|44\/100\n|-heal|p2a: Ogerpon|28\/100|[from] drain|[of] p1a: Clefable\n|move|p1a: Clefable|Moonblast|p2a: Ogerpon\n|-damage|p2a: Ogerpon|0 fnt\n|faint|p2a: Ogerpon\n|\n|upkeep\n|inactive|khote has 120 seconds left.\n|j| encostoo\n|\n|t:|1701155160\n|switch|p2a: Slowking|Slowking-Galar, F|52\/100\n|turn|36\n|\n|t:|1701155165\n|move|p1a: Clefable|Knock Off|p2a: Slowking\n|-supereffective|p2a: Slowking\n|-damage|p2a: Slowking|21\/100\n|-enditem|p2a: Slowking|Heavy-Duty Boots|[from] move: Knock Off|[of] p1a: Clefable\n|move|p2a: Slowking|Future Sight|p1a: Clefable\n|-start|p2a: Slowking|move: Future Sight\n|\n|upkeep\n|turn|37\n|\n|t:|1701155176\n|move|p1a: Clefable|Stealth Rock|p2a: Slowking\n|-sidestart|p2: khote|move: Stealth Rock\n|move|p2a: Slowking|Sludge Bomb|p1a: Clefable\n|-supereffective|p1a: Clefable\n|-damage|p1a: Clefable|0 fnt\n|faint|p1a: Clefable\n|\n|upkeep\n|\n|t:|1701155181\n|switch|p1a: Slowking|Slowking, F, shiny|88\/100\n|turn|38\n|\n|t:|1701155195\n|switch|p2a: Zamazenta|Zamazenta|67\/100\n|-damage|p2a: Zamazenta|54\/100|[from] Spikes\n|-damage|p2a: Zamazenta|48\/100|[from] Stealth Rock\n|move|p1a: Slowking|Scald|p2a: Zamazenta\n|-damage|p2a: Zamazenta|24\/100\n|-status|p2a: Zamazenta|brn\n|\n|-end|p1a: Slowking|move: Future Sight\n|-resisted|p1a: Slowking\n|-damage|p1a: Slowking|75\/100\n|-heal|p2a: Zamazenta|31\/100 brn|[from] item: Leftovers\n|-damage|p2a: Zamazenta|24\/100 brn|[from] brn\n|upkeep\n|turn|39\n|\n|t:|1701155207\n|move|p2a: Zamazenta|Crunch|p1a: Slowking\n|-supereffective|p1a: Slowking\n|-damage|p1a: Slowking|51\/100\n|move|p1a: Slowking|Scald|p2a: Zamazenta\n|-damage|p2a: Zamazenta|0 fnt\n|faint|p2a: Zamazenta\n|\n|upkeep\n|\n|t:|1701155215\n|switch|p2a: Slowking|Slowking-Galar, F|54\/100\n|-damage|p2a: Slowking|42\/100|[from] Spikes\n|-damage|p2a: Slowking|30\/100|[from] Stealth Rock\n|turn|40\n|\n|t:|1701155219\n|move|p2a: Slowking|Sludge Bomb|p1a: Slowking\n|-damage|p1a: Slowking|32\/100\n|-status|p1a: Slowking|psn\n|move|p1a: Slowking|Earthquake|p2a: Slowking\n|-supereffective|p2a: Slowking\n|-damage|p2a: Slowking|0 fnt\n|faint|p2a: Slowking\n|\n|-damage|p1a: Slowking|20\/100 psn|[from] psn\n|upkeep\n|\n|t:|1701155226\n|switch|p2a: Dragonite|Dragonite, F|100\/100\n|turn|41\n|\n|t:|1701155231\n|move|p2a: Dragonite|Extreme Speed|p1a: Slowking\n|-damage|p1a: Slowking|0 fnt\n|faint|p1a: Slowking\n|\n|upkeep\n|\n|t:|1701155235\n|switch|p1a: Dondozo|Dondozo, F, tera:Fighting|100\/100 slp\n|turn|42\n|\n|t:|1701155240\n|move|p2a: Dragonite|Earthquake|p1a: Dondozo\n|-damage|p1a: Dondozo|83\/100 slp\n|cant|p1a: Dondozo|slp\n|move|p1a: Dondozo|Sleep Talk|p1a: Dondozo\n|move|p1a: Dondozo|Rest||[from]move: Sleep Talk|[still]\n|-fail|p1a: Dondozo\n|\n|upkeep\n|turn|43\n|\n|t:|1701155244\n|move|p2a: Dragonite|Earthquake|p1a: Dondozo\n|-damage|p1a: Dondozo|66\/100 slp\n|-curestatus|p1a: Dondozo|slp|[msg]\n|move|p1a: Dondozo|Curse|p1a: Dondozo\n|-unboost|p1a: Dondozo|spe|1\n|-boost|p1a: Dondozo|atk|1\n|-boost|p1a: Dondozo|def|1\n|\n|upkeep\n|turn|44\n|\n|t:|1701155250\n|move|p2a: Dragonite|Earthquake|p1a: Dondozo\n|-damage|p1a: Dondozo|54\/100\n|move|p1a: Dondozo|Curse|p1a: Dondozo\n|-unboost|p1a: Dondozo|spe|1\n|-boost|p1a: Dondozo|atk|1\n|-boost|p1a: Dondozo|def|1\n|\n|upkeep\n|turn|45\n|-message|khote forfeited.\n|\n|win|El Stefano\n|raw|El Stefano's rating: 1794 &rarr; <strong>1809<\/strong><br \/>(+15 for winning)\n|raw|khote's rating: 1714 &rarr; <strong>1699<\/strong><br \/>(-15 for losing)\n|l|\u2606khote\n","uploadtime":1701155260,"views":8,"p1id":"elstefano","p2id":"khote","formatid":"gen9ou","rating":1699,"private":0,"password":""}