{"id":"gen9ou-1991714213","p1":"BOTBarrel","p2":"dusteet","format":"[Gen 9] OU","log":"|j|\u2606BOTBarrel\n|j|\u2606dusteet\n|t:|1700105968\n|gametype|singles\n|player|p1|BOTBarrel|266|1393\n|player|p2|dusteet|karen|1357\n|teamsize|p1|6\n|teamsize|p2|6\n|gen|9\n|tier|[Gen 9] OU\n|rated|\n|rule|Sleep Clause Mod: Limit one foe put to sleep\n|rule|Species Clause: Limit one of each Pok\u00e9mon\n|rule|OHKO Clause: OHKO moves are banned\n|rule|Evasion Items Clause: Evasion items are banned\n|rule|Evasion Moves Clause: Evasion moves are banned\n|rule|Endless Battle Clause: Forcing endless battles is banned\n|rule|HP Percentage Mod: HP is shown in percentages\n|clearpoke\n|poke|p1|Torkoal, F|\n|poke|p1|Walking Wake|\n|poke|p1|Great Tusk|\n|poke|p1|Hatterene, F|\n|poke|p1|Iron Moth|\n|poke|p1|Cinderace, F|\n|poke|p2|Rillaboom, F|\n|poke|p2|Garganacl, F|\n|poke|p2|Great Tusk|\n|poke|p2|Heatran, M|\n|poke|p2|Zapdos|\n|poke|p2|Walking Wake|\n|teampreview\n|inactive|Battle timer is ON: inactive players will automatically lose when time's up. (requested by BOTBarrel)\n|\n|t:|1700105974\n|start\n|switch|p1a: Torkoal|Torkoal, F|100\/100\n|switch|p2a: Walking Wake|Walking Wake|100\/100\n|-weather|SunnyDay|[from] ability: Drought|[of] p1a: Torkoal\n|-activate|p2a: Walking Wake|ability: Protosynthesis\n|-start|p2a: Walking Wake|protosynthesisspe\n|turn|1\n|\n|t:|1700105985\n|switch|p1a: Hatterene|Hatterene, F|100\/100\n|move|p2a: Walking Wake|Knock Off|p1a: Hatterene\n|-damage|p1a: Hatterene|85\/100\n|-enditem|p1a: Hatterene|Eject Button|[from] move: Knock Off|[of] p2a: Walking Wake\n|\n|-weather|SunnyDay|[upkeep]\n|upkeep\n|turn|2\n|\n|t:|1700105993\n|move|p2a: Walking Wake|Flip Turn|p1a: Hatterene\n|-damage|p1a: Hatterene|78\/100\n|\n|t:|1700106001\n|-end|p2a: Walking Wake|Protosynthesis|[silent]\n|switch|p2a: Heatran|Heatran, M|100\/100|[from] Flip Turn\n|move|p1a: Hatterene|Nuzzle|p2a: Heatran\n|-damage|p2a: Heatran|97\/100\n|-status|p2a: Heatran|par\n|-status|p1a: Hatterene|brn|[from] ability: Flame Body|[of] p2a: Heatran\n|\n|-weather|SunnyDay|[upkeep]\n|-heal|p2a: Heatran|100\/100 par|[from] item: Leftovers\n|-damage|p1a: Hatterene|72\/100 brn|[from] brn\n|upkeep\n|turn|3\n|\n|t:|1700106025\n|move|p1a: Hatterene|Healing Wish|p1a: Hatterene\n|faint|p1a: Hatterene\n|move|p2a: Heatran|Stealth Rock|p1: Hatterene\n|-sidestart|p1: BOTBarrel|move: Stealth Rock\n|\n|-weather|SunnyDay|[upkeep]\n|upkeep\n|\n|t:|1700106032\n|switch|p1a: Cinderace|Cinderace, F|100\/100\n|-damage|p1a: Cinderace|76\/100|[from] Stealth Rock\n|turn|4\n|\n|t:|1700106041\n|move|p1a: Cinderace|Pyro Ball|p2a: Heatran\n|-damage|p2a: Heatran|0 fnt\n|faint|p2a: Heatran\n|\n|-weather|SunnyDay|[upkeep]\n|upkeep\n|\n|t:|1700106044\n|switch|p2a: Walking Wake|Walking Wake|100\/100\n|-activate|p2a: Walking Wake|ability: Protosynthesis\n|-start|p2a: Walking Wake|protosynthesisspe\n|turn|5\n|\n|t:|1700106050\n|move|p2a: Walking Wake|Draco Meteor|p1a: Cinderace\n|-damage|p1a: Cinderace|0 fnt\n|-unboost|p2a: Walking Wake|spa|2\n|faint|p1a: Cinderace\n|\n|-weather|SunnyDay|[upkeep]\n|upkeep\n|\n|t:|1700106053\n|switch|p1a: Iron Moth|Iron Moth|100\/100\n|-damage|p1a: Iron Moth|76\/100|[from] Stealth Rock\n|-enditem|p1a: Iron Moth|Booster Energy\n|-activate|p1a: Iron Moth|ability: Quark Drive|[fromitem]\n|-start|p1a: Iron Moth|quarkdrivespe\n|turn|6\n|\n|t:|1700106069\n|-end|p2a: Walking Wake|Protosynthesis|[silent]\n|switch|p2a: Garganacl|Garganacl, F|100\/100\n|move|p1a: Iron Moth|Substitute|p1a: Iron Moth\n|-start|p1a: Iron Moth|Substitute\n|-damage|p1a: Iron Moth|51\/100\n|\n|-weather|SunnyDay|[upkeep]\n|upkeep\n|turn|7\n|\n|t:|1700106074\n|move|p1a: Iron Moth|Fiery Dance|p2a: Garganacl\n|-resisted|p2a: Garganacl\n|-crit|p2a: Garganacl\n|-damage|p2a: Garganacl|68\/100\n|move|p2a: Garganacl|Salt Cure|p1a: Iron Moth\n|-supereffective|p1a: Iron Moth\n|-end|p1a: Iron Moth|Substitute\n|\n|-weather|SunnyDay|[upkeep]\n|-heal|p2a: Garganacl|75\/100|[from] item: Leftovers\n|upkeep\n|turn|8\n|\n|t:|1700106079\n|move|p1a: Iron Moth|Sludge Wave|p2a: Garganacl\n|-resisted|p2a: Garganacl\n|-crit|p2a: Garganacl\n|-damage|p2a: Garganacl|52\/100\n|move|p2a: Garganacl|Salt Cure|p1a: Iron Moth\n|-supereffective|p1a: Iron Moth\n|-damage|p1a: Iron Moth|7\/100\n|-start|p1a: Iron Moth|Salt Cure\n|\n|-weather|none\n|-heal|p2a: Garganacl|58\/100|[from] item: Leftovers\n|-damage|p1a: Iron Moth|0 fnt|[from] Salt Cure\n|faint|p1a: Iron Moth\n|-end|p1a: Iron Moth|Quark Drive|[silent]\n|upkeep\n|\n|t:|1700106083\n|switch|p1a: Great Tusk|Great Tusk|100\/100\n|-damage|p1a: Great Tusk|98\/100|[from] Stealth Rock\n|turn|9\n|\n|t:|1700106093\n|move|p1a: Great Tusk|Knock Off|p2a: Garganacl\n|-damage|p2a: Garganacl|30\/100\n|-enditem|p2a: Garganacl|Leftovers|[from] move: Knock Off|[of] p1a: Great Tusk\n|-damage|p1a: Great Tusk|88\/100|[from] item: Life Orb\n|move|p2a: Garganacl|Salt Cure|p1a: Great Tusk\n|-resisted|p1a: Great Tusk\n|-damage|p1a: Great Tusk|85\/100\n|-start|p1a: Great Tusk|Salt Cure\n|\n|-damage|p1a: Great Tusk|73\/100|[from] Salt Cure\n|upkeep\n|turn|10\n|\n|t:|1700106097\n|move|p1a: Great Tusk|Headlong Rush|p2a: Garganacl\n|-supereffective|p2a: Garganacl\n|-damage|p2a: Garganacl|0 fnt\n|-unboost|p1a: Great Tusk|def|1\n|-unboost|p1a: Great Tusk|spd|1\n|faint|p2a: Garganacl\n|-damage|p1a: Great Tusk|63\/100|[from] item: Life Orb\n|\n|-damage|p1a: Great Tusk|50\/100|[from] Salt Cure\n|upkeep\n|\n|t:|1700106106\n|switch|p2a: Walking Wake|Walking Wake|100\/100\n|turn|11\n|\n|t:|1700106111\n|move|p2a: Walking Wake|Scald|p1a: Great Tusk\n|-supereffective|p1a: Great Tusk\n|-damage|p1a: Great Tusk|0 fnt\n|faint|p1a: Great Tusk\n|-end|p1a: Great Tusk|Protosynthesis|[silent]\n|\n|upkeep\n|\n|t:|1700106113\n|switch|p1a: Walking Wake|Walking Wake|100\/100\n|-damage|p1a: Walking Wake|88\/100|[from] Stealth Rock\n|turn|12\n|\n|t:|1700106123\n|move|p2a: Walking Wake|Draco Meteor|p1a: Walking Wake\n|-supereffective|p1a: Walking Wake\n|-damage|p1a: Walking Wake|0 fnt\n|-unboost|p2a: Walking Wake|spa|2\n|faint|p1a: Walking Wake\n|-end|p1a: Walking Wake|Protosynthesis|[silent]\n|\n|upkeep\n|-message|BOTBarrel forfeited.\n|\n|win|dusteet\n|raw|BOTBarrel's rating: 1393 &rarr; <strong>1371<\/strong><br \/>(-22 for losing)\n|raw|dusteet's rating: 1357 &rarr; <strong>1379<\/strong><br \/>(+22 for winning)\n|l|\u2606BOTBarrel\n","uploadtime":1700106138,"views":22,"p1id":"botbarrel","p2id":"dusteet","formatid":"gen9ou","rating":1371,"private":0,"password":""}