{"id":"gen9ou-1996815640","p1":"DolipraneEnFeu","p2":"spicy piquant","format":"[Gen 9] OU","log":"|j|\u2606DolipraneEnFeu\n|j|\u2606spicy piquant\n|t:|1700729888\n|gametype|singles\n|player|p1|DolipraneEnFeu|102|1641\n|player|p2|spicy piquant|170|1772\n|teamsize|p1|6\n|teamsize|p2|6\n|gen|9\n|tier|[Gen 9] OU\n|rated|\n|rule|Sleep Clause Mod: Limit one foe put to sleep\n|rule|Species Clause: Limit one of each Pok\u00e9mon\n|rule|OHKO Clause: OHKO moves are banned\n|rule|Evasion Items Clause: Evasion items are banned\n|rule|Evasion Moves Clause: Evasion moves are banned\n|rule|Endless Battle Clause: Forcing endless battles is banned\n|rule|HP Percentage Mod: HP is shown in percentages\n|clearpoke\n|poke|p1|Arcanine-Hisui, F|\n|poke|p1|Iron Treads|\n|poke|p1|Zapdos|\n|poke|p1|Breloom, M|\n|poke|p1|Azumarill, M|\n|poke|p1|Hydreigon, F|\n|poke|p2|Iron Valiant|\n|poke|p2|Gholdengo|\n|poke|p2|Cinderace, F|\n|poke|p2|Toxapex, F|\n|poke|p2|Corviknight, M|\n|poke|p2|Ursaluna, F|\n|teampreview\n|inactive|Battle timer is ON: inactive players will automatically lose when time's up. (requested by spicy piquant)\n|j| atec123\n|\n|t:|1700729898\n|start\n|switch|p1a: Iron Treads|Iron Treads|100\/100\n|switch|p2a: Ursaluna|Ursaluna, F, shiny|100\/100\n|turn|1\n|\n|t:|1700729921\n|move|p1a: Iron Treads|Stealth Rock|p2a: Ursaluna\n|-sidestart|p2: spicy piquant|move: Stealth Rock\n|move|p2a: Ursaluna|Earthquake|p1a: Iron Treads\n|-supereffective|p1a: Iron Treads\n|-damage|p1a: Iron Treads|8\/100\n|\n|-heal|p1a: Iron Treads|14\/100|[from] item: Leftovers\n|-status|p2a: Ursaluna|brn|[from] item: Flame Orb\n|upkeep\n|turn|2\n|\n|t:|1700729929\n|move|p1a: Iron Treads|Earthquake|p2a: Ursaluna\n|-damage|p2a: Ursaluna|73\/100 brn\n|move|p2a: Ursaluna|Facade|p1a: Iron Treads\n|-resisted|p1a: Iron Treads\n|-damage|p1a: Iron Treads|0 fnt\n|faint|p1a: Iron Treads\n|-end|p1a: Iron Treads|Quark Drive|[silent]\n|\n|-damage|p2a: Ursaluna|67\/100 brn|[from] brn\n|upkeep\n|\n|t:|1700729934\n|switch|p1a: Breloom|Breloom, M|100\/100\n|turn|3\n|inactive|spicy piquant has 120 seconds left.\n|\n|t:|1700729979\n|switch|p2a: Gholdengo|Gholdengo|100\/100\n|-damage|p2a: Gholdengo|94\/100|[from] Stealth Rock\n|move|p1a: Breloom|Bullet Seed|p2a: Gholdengo\n|-resisted|p2a: Gholdengo\n|-damage|p2a: Gholdengo|83\/100\n|-resisted|p2a: Gholdengo\n|-damage|p2a: Gholdengo|71\/100\n|-resisted|p2a: Gholdengo\n|-damage|p2a: Gholdengo|59\/100\n|-resisted|p2a: Gholdengo\n|-damage|p2a: Gholdengo|47\/100\n|-hitcount|p2a: Gholdengo|4\n|\n|upkeep\n|turn|4\n|\n|t:|1700729986\n|switch|p1a: Zapdos|Zapdos|100\/100\n|move|p2a: Gholdengo|Make It Rain|p1a: Zapdos\n|-resisted|p1a: Zapdos\n|-damage|p1a: Zapdos|72\/100\n|-unboost|p2a: Gholdengo|spa|1\n|\n|upkeep\n|turn|5\n|inactive|spicy piquant has 120 seconds left.\n|\n|t:|1700729992\n|switch|p2a: Ursaluna|Ursaluna, F, shiny|67\/100 brn\n|-damage|p2a: Ursaluna|60\/100 brn|[from] Stealth Rock\n|move|p1a: Zapdos|Roost|p1a: Zapdos\n|-heal|p1a: Zapdos|100\/100\n|-singleturn|p1a: Zapdos|move: Roost\n|\n|-damage|p2a: Ursaluna|54\/100 brn|[from] brn\n|upkeep\n|turn|6\n|\n|t:|1700729996\n|move|p1a: Zapdos|Hurricane|p2a: Ursaluna\n|-damage|p2a: Ursaluna|12\/100 brn\n|-start|p2a: Ursaluna|confusion\n|-activate|p2a: Ursaluna|confusion\n|-damage|p2a: Ursaluna|0 fnt|[from] confusion\n|faint|p2a: Ursaluna\n|\n|upkeep\n|\n|t:|1700730002\n|switch|p2a: Cinderace|Cinderace, F|100\/100\n|turn|7\n|\n|t:|1700730006\n|move|p2a: Cinderace|Pyro Ball|p1a: Zapdos\n|-damage|p1a: Zapdos|51\/100\n|move|p1a: Zapdos|Discharge|p2a: Cinderace\n|-damage|p2a: Cinderace|50\/100\n|\n|upkeep\n|turn|8\n|\n|t:|1700730028\n|move|p2a: Cinderace|Pyro Ball|p1a: Zapdos\n|-damage|p1a: Zapdos|0 fnt\n|faint|p1a: Zapdos\n|\n|upkeep\n|\n|t:|1700730031\n|switch|p1a: Azumarill|Azumarill, M|100\/100\n|turn|9\n|inactive|spicy piquant has 120 seconds left.\n|\n|t:|1700730057\n|switch|p2a: Toxapex|Toxapex, F|100\/100\n|-damage|p2a: Toxapex|88\/100|[from] Stealth Rock\n|move|p1a: Azumarill|Aqua Jet|p2a: Toxapex\n|-resisted|p2a: Toxapex\n|-damage|p2a: Toxapex|78\/100\n|\n|upkeep\n|turn|10\n|\n|t:|1700730065\n|switch|p1a: Hydreigon|Hydreigon, F|100\/100\n|move|p2a: Toxapex|Sludge Bomb|p1a: Hydreigon\n|-damage|p1a: Hydreigon|65\/100\n|\n|upkeep\n|turn|11\n|inactive|spicy piquant has 120 seconds left.\n|\n|t:|1700730102\n|move|p1a: Hydreigon|Earth Power|p2a: Toxapex\n|-supereffective|p2a: Toxapex\n|-damage|p2a: Toxapex|42\/100\n|move|p2a: Toxapex|Sludge Bomb|p1a: Hydreigon\n|-damage|p1a: Hydreigon|29\/100\n|\n|upkeep\n|turn|12\n|\n|t:|1700730108\n|move|p1a: Hydreigon|Earth Power|p2a: Toxapex\n|-supereffective|p2a: Toxapex\n|-damage|p2a: Toxapex|10\/100\n|move|p2a: Toxapex|Sludge Bomb|p1a: Hydreigon\n|-damage|p1a: Hydreigon|0 fnt\n|faint|p1a: Hydreigon\n|\n|upkeep\n|\n|t:|1700730113\n|switch|p1a: Breloom|Breloom, M|100\/100\n|turn|13\n|inactive|spicy piquant has 120 seconds left.\n|\n|t:|1700730140\n|switch|p2a: Corviknight|Corviknight, M|100\/100\n|-damage|p2a: Corviknight|88\/100|[from] Stealth Rock\n|-ability|p2a: Corviknight|Pressure\n|move|p1a: Breloom|Bullet Seed|p2a: Corviknight\n|-resisted|p2a: Corviknight\n|-crit|p2a: Corviknight\n|-damage|p2a: Corviknight|83\/100\n|-resisted|p2a: Corviknight\n|-damage|p2a: Corviknight|80\/100\n|-hitcount|p2a: Corviknight|2\n|\n|upkeep\n|turn|14\n|\n|t:|1700730146\n|move|p1a: Breloom|Spore|p2a: Corviknight\n|-status|p2a: Corviknight|slp|[from] move: Spore\n|cant|p2a: Corviknight|slp\n|\n|upkeep\n|turn|15\n|\n|t:|1700730150\n|move|p1a: Breloom|Swords Dance|p1a: Breloom\n|-boost|p1a: Breloom|atk|2\n|-curestatus|p2a: Corviknight|slp|[msg]\n|move|p2a: Corviknight|Iron Defense|p2a: Corviknight\n|-boost|p2a: Corviknight|def|2\n|\n|upkeep\n|turn|16\n|\n|t:|1700730158\n|switch|p2a: Gholdengo|Gholdengo|47\/100\n|-damage|p2a: Gholdengo|41\/100|[from] Stealth Rock\n|move|p1a: Breloom|Spore|p2a: Gholdengo\n|-immune|p2a: Gholdengo|[from] ability: Good as Gold\n|\n|upkeep\n|turn|17\n|\n|t:|1700730161\n|move|p2a: Gholdengo|Make It Rain|p1a: Breloom\n|-enditem|p1a: Breloom|Focus Sash\n|-damage|p1a: Breloom|1\/100\n|-unboost|p2a: Gholdengo|spa|1\n|move|p1a: Breloom|Bullet Seed|p2a: Gholdengo\n|-resisted|p2a: Gholdengo\n|-damage|p2a: Gholdengo|17\/100\n|-resisted|p2a: Gholdengo\n|-damage|p2a: Gholdengo|0 fnt\n|faint|p2a: Gholdengo\n|-hitcount|p2: Gholdengo|2\n|\n|upkeep\n|j| mew852\n|\n|t:|1700730166\n|switch|p2a: Cinderace|Cinderace, F|50\/100\n|turn|18\n|\n|t:|1700730169\n|move|p2a: Cinderace|Sucker Punch|p1a: Breloom\n|-start|p2a: Cinderace|typechange|Dark|[from] ability: Libero\n|-resisted|p1a: Breloom\n|-damage|p1a: Breloom|0 fnt\n|faint|p1a: Breloom\n|\n|upkeep\n|\n|t:|1700730177\n|switch|p1a: Arcanine|Arcanine-Hisui, F|100\/100\n|turn|19\n|\n|t:|1700730188\n|move|p1a: Arcanine|Extreme Speed|p2a: Cinderace\n|-damage|p2a: Cinderace|0 fnt\n|faint|p2a: Cinderace\n|\n|upkeep\n|\n|t:|1700730192\n|switch|p2a: Iron Valiant|Iron Valiant|100\/100\n|-damage|p2a: Iron Valiant|94\/100|[from] Stealth Rock\n|-enditem|p2a: Iron Valiant|Booster Energy\n|-activate|p2a: Iron Valiant|ability: Quark Drive|[fromitem]\n|-start|p2a: Iron Valiant|quarkdrivespe\n|turn|20\n|\n|t:|1700730202\n|-terastallize|p1a: Arcanine|Normal\n|move|p1a: Arcanine|Extreme Speed|p2a: Iron Valiant\n|-damage|p2a: Iron Valiant|15\/100\n|move|p2a: Iron Valiant|Moonblast|p1a: Arcanine\n|-damage|p1a: Arcanine|37\/100\n|\n|upkeep\n|turn|21\n|inactive|spicy piquant has 120 seconds left.\n|\n|t:|1700730240\n|-end|p2a: Iron Valiant|Quark Drive|[silent]\n|switch|p2a: Corviknight|Corviknight, M|80\/100\n|-damage|p2a: Corviknight|68\/100|[from] Stealth Rock\n|-ability|p2a: Corviknight|Pressure\n|switch|p1a: Azumarill|Azumarill, M|100\/100\n|\n|upkeep\n|turn|22\n|\n|t:|1700730245\n|switch|p1a: Arcanine|Arcanine-Hisui, F, tera:Normal|37\/100\n|move|p2a: Corviknight|Iron Defense|p2a: Corviknight\n|-boost|p2a: Corviknight|def|2\n|\n|upkeep\n|turn|23\n|\n|t:|1700730249\n|-terastallize|p2a: Corviknight|Water\n|move|p1a: Arcanine|Flare Blitz|p2a: Corviknight\n|-resisted|p2a: Corviknight\n|-damage|p2a: Corviknight|55\/100\n|-damage|p1a: Arcanine|20\/100|[from] item: Rocky Helmet|[of] p2a: Corviknight\n|move|p2a: Corviknight|Iron Defense|p2a: Corviknight\n|-boost|p2a: Corviknight|def|2\n|\n|upkeep\n|turn|24\n|\n|t:|1700730253\n|switch|p1a: Azumarill|Azumarill, M|100\/100\n|move|p2a: Corviknight|Roost|p2a: Corviknight\n|-heal|p2a: Corviknight|100\/100\n|\n|upkeep\n|turn|25\n|\n|t:|1700730256\n|move|p1a: Azumarill|Play Rough|p2a: Corviknight\n|-damage|p2a: Corviknight|89\/100\n|-damage|p1a: Azumarill|84\/100|[from] item: Rocky Helmet|[of] p2a: Corviknight\n|move|p2a: Corviknight|Iron Defense|p2a: Corviknight\n|-boost|p2a: Corviknight|def|2\n|\n|upkeep\n|turn|26\n|\n|t:|1700730259\n|move|p1a: Azumarill|Liquidation|p2a: Corviknight\n|-resisted|p2a: Corviknight\n|-damage|p2a: Corviknight|85\/100\n|-damage|p1a: Azumarill|67\/100|[from] item: Rocky Helmet|[of] p2a: Corviknight\n|move|p2a: Corviknight|Body Press|p1a: Azumarill\n|-resisted|p1a: Azumarill\n|-damage|p1a: Azumarill|4\/100\n|\n|upkeep\n|turn|27\n|\n|t:|1700730264\n|move|p1a: Azumarill|Liquidation|p2a: Corviknight\n|-resisted|p2a: Corviknight\n|-damage|p2a: Corviknight|80\/100\n|-damage|p1a: Azumarill|0 fnt|[from] item: Rocky Helmet|[of] p2a: Corviknight\n|faint|p1a: Azumarill\n|move|p2a: Corviknight|Body Press|p1: Azumarill|[notarget]\n|-fail|p2a: Corviknight\n|\n|upkeep\n|\n|t:|1700730266\n|switch|p1a: Arcanine|Arcanine-Hisui, F, tera:Normal|20\/100\n|turn|28\n|\n|t:|1700730270\n|move|p1a: Arcanine|Wild Charge|p2a: Corviknight\n|-supereffective|p2a: Corviknight\n|-damage|p2a: Corviknight|67\/100\n|-damage|p1a: Arcanine|4\/100|[from] item: Rocky Helmet|[of] p2a: Corviknight\n|move|p2a: Corviknight|Body Press|p1a: Arcanine\n|-supereffective|p1a: Arcanine\n|-damage|p1a: Arcanine|0 fnt\n|faint|p1a: Arcanine\n|\n|win|spicy piquant\n|raw|DolipraneEnFeu's rating: 1641 &rarr; <strong>1627<\/strong><br \/>(-14 for losing)\n|raw|spicy piquant's rating: 1755 &rarr; <strong>1769<\/strong><br \/>(+14 for winning)\n|l|\u2606DolipraneEnFeu\n|l|\u2606spicy piquant\n|l| atec123\n","uploadtime":1700730391,"views":3,"p1id":"dolipraneenfeu","p2id":"spicypiquant","formatid":"gen9ou","rating":1627,"private":0,"password":""}