{"id":"gen9ou-1999681829","p1":"liaoya","p2":"ProfFYew","format":"[Gen 9] OU","log":"|j|\u2606liaoya\n|j|\u2606ProfFYew\n|t:|1701107368\n|gametype|singles\n|player|p1|liaoya|petrel|1557\n|player|p2|ProfFYew|wulfric|1557\n|teamsize|p1|6\n|teamsize|p2|6\n|gen|9\n|tier|[Gen 9] OU\n|rated|\n|rule|Sleep Clause Mod: Limit one foe put to sleep\n|rule|Species Clause: Limit one of each Pok\u00e9mon\n|rule|OHKO Clause: OHKO moves are banned\n|rule|Evasion Items Clause: Evasion items are banned\n|rule|Evasion Moves Clause: Evasion moves are banned\n|rule|Endless Battle Clause: Forcing endless battles is banned\n|rule|HP Percentage Mod: HP is shown in percentages\n|clearpoke\n|poke|p1|Drifblim, M|\n|poke|p1|Garganacl, F|\n|poke|p1|Umbreon, F|\n|poke|p1|Rotom-Wash|\n|poke|p1|Glimmora, M|\n|poke|p1|Espeon, F|\n|poke|p2|Muk-Alola, M|\n|poke|p2|Dondozo, M|\n|poke|p2|Diancie|\n|poke|p2|Iron Moth|\n|poke|p2|Conkeldurr, F|\n|poke|p2|Zapdos|\n|teampreview\n|inactive|Battle timer is ON: inactive players will automatically lose when time's up. (requested by liaoya)\n|\n|t:|1701107374\n|start\n|switch|p1a: Rotom|Rotom-Wash|100\/100\n|switch|p2a: Conkeldurr|Conkeldurr, F|100\/100\n|turn|1\n|\n|t:|1701107377\n|move|p1a: Rotom|Trick|p2a: Conkeldurr\n|-activate|p1a: Rotom|move: Trick|[of] p2a: Conkeldurr\n|-item|p2a: Conkeldurr|Choice Scarf|[from] move: Trick\n|-item|p1a: Rotom|Assault Vest|[from] move: Trick\n|move|p2a: Conkeldurr|Drain Punch|p1a: Rotom\n|-damage|p1a: Rotom|51\/100\n|\n|upkeep\n|turn|2\n|\n|t:|1701107387\n|switch|p2a: Zapdos|Zapdos|100\/100\n|move|p1a: Rotom|Volt Switch|p2a: Zapdos\n|-damage|p2a: Zapdos|72\/100\n|\n|t:|1701107396\n|switch|p1a: Espeon|Espeon, F|100\/100|[from] Volt Switch\n|\n|-heal|p2a: Zapdos|79\/100|[from] item: Leftovers\n|upkeep\n|turn|3\n|\n|t:|1701107399\n|move|p1a: Espeon|Trick|p2a: Zapdos\n|-activate|p1a: Espeon|move: Trick|[of] p2a: Zapdos\n|-item|p2a: Zapdos|Choice Scarf|[from] move: Trick\n|-item|p1a: Espeon|Leftovers|[from] move: Trick\n|move|p2a: Zapdos|Discharge|p1a: Espeon\n|-damage|p1a: Espeon|59\/100\n|-status|p1a: Espeon|par\n|\n|-heal|p1a: Espeon|65\/100 par|[from] item: Leftovers\n|upkeep\n|turn|4\n|\n|t:|1701107412\n|switch|p2a: Muk|Muk-Alola, M|100\/100\n|switch|p1a: Garganacl|Garganacl, F, shiny|100\/100\n|\n|upkeep\n|turn|5\n|\n|t:|1701107420\n|move|p2a: Muk|Knock Off|p1a: Garganacl\n|-damage|p1a: Garganacl|71\/100\n|-enditem|p1a: Garganacl|Leftovers|[from] move: Knock Off|[of] p2a: Muk\n|move|p1a: Garganacl|Iron Defense|p1a: Garganacl\n|-boost|p1a: Garganacl|def|2\n|\n|upkeep\n|turn|6\n|\n|t:|1701107425\n|switch|p2a: Dondozo|Dondozo, M|100\/100\n|move|p1a: Garganacl|Salt Cure|p2a: Dondozo\n|-damage|p2a: Dondozo|94\/100\n|-start|p2a: Dondozo|Salt Cure\n|\n|-heal|p2a: Dondozo|99\/100|[from] item: Leftovers\n|-damage|p2a: Dondozo|75\/100|[from] Salt Cure\n|upkeep\n|turn|7\n|\n|t:|1701107436\n|switch|p1a: Drifblim|Drifblim, M|100\/100\n|-terastallize|p2a: Dondozo|Dragon\n|move|p2a: Dondozo|Curse|p2a: Dondozo\n|-unboost|p2a: Dondozo|spe|1\n|-boost|p2a: Dondozo|atk|1\n|-boost|p2a: Dondozo|def|1\n|\n|-heal|p2a: Dondozo|81\/100|[from] item: Leftovers\n|-damage|p2a: Dondozo|69\/100|[from] Salt Cure\n|upkeep\n|turn|8\n|\n|t:|1701107440\n|move|p1a: Drifblim|Trick|p2a: Dondozo\n|-activate|p1a: Drifblim|move: Trick|[of] p2a: Dondozo\n|-item|p2a: Dondozo|Choice Scarf|[from] move: Trick\n|-item|p1a: Drifblim|Leftovers|[from] move: Trick\n|move|p2a: Dondozo|Avalanche|p1a: Drifblim\n|-supereffective|p1a: Drifblim\n|-damage|p1a: Drifblim|44\/100\n|\n|-heal|p1a: Drifblim|50\/100|[from] item: Leftovers\n|-damage|p2a: Dondozo|56\/100|[from] Salt Cure\n|upkeep\n|turn|9\n|\n|t:|1701107458\n|switch|p1a: Umbreon|Umbreon, F, shiny|100\/100\n|switch|p2a: Zapdos|Zapdos|79\/100\n|\n|upkeep\n|turn|10\n|\n|t:|1701107462\n|move|p2a: Zapdos|Discharge|p1a: Umbreon\n|-damage|p1a: Umbreon|72\/100\n|move|p1a: Umbreon|Wish|p1a: Umbreon\n|\n|-heal|p1a: Umbreon|78\/100|[from] item: Leftovers\n|upkeep\n|turn|11\n|\n|t:|1701107468\n|switch|p1a: Garganacl|Garganacl, F, shiny|71\/100\n|move|p2a: Zapdos|Discharge|p1a: Garganacl\n|-damage|p1a: Garganacl|43\/100\n|\n|-heal|p1a: Garganacl|92\/100|[from] move: Wish|[wisher] Umbreon\n|upkeep\n|turn|12\n|\n|t:|1701107473\n|move|p2a: Zapdos|Discharge|p1a: Garganacl\n|-damage|p1a: Garganacl|65\/100\n|move|p1a: Garganacl|Salt Cure|p2a: Zapdos\n|-supereffective|p2a: Zapdos\n|-damage|p2a: Zapdos|50\/100\n|-start|p2a: Zapdos|Salt Cure\n|\n|-damage|p2a: Zapdos|38\/100|[from] Salt Cure\n|upkeep\n|turn|13\n|\n|t:|1701107483\n|move|p2a: Zapdos|Discharge|p1a: Garganacl\n|-damage|p1a: Garganacl|36\/100\n|move|p1a: Garganacl|Iron Defense|p1a: Garganacl\n|-boost|p1a: Garganacl|def|2\n|\n|-damage|p2a: Zapdos|25\/100|[from] Salt Cure\n|upkeep\n|turn|14\n|\n|t:|1701107488\n|move|p2a: Zapdos|Discharge|p1a: Garganacl\n|-damage|p1a: Garganacl|5\/100\n|move|p1a: Garganacl|Recover|p1a: Garganacl\n|-heal|p1a: Garganacl|55\/100\n|\n|-damage|p2a: Zapdos|13\/100|[from] Salt Cure\n|upkeep\n|turn|15\n|\n|t:|1701107493\n|move|p2a: Zapdos|Discharge|p1a: Garganacl\n|-damage|p1a: Garganacl|26\/100\n|move|p1a: Garganacl|Recover|p1a: Garganacl\n|-heal|p1a: Garganacl|76\/100\n|\n|-damage|p2a: Zapdos|0 fnt|[from] Salt Cure\n|faint|p2a: Zapdos\n|upkeep\n|\n|t:|1701107503\n|switch|p2a: Iron Moth|Iron Moth|100\/100\n|-enditem|p2a: Iron Moth|Booster Energy\n|-activate|p2a: Iron Moth|ability: Quark Drive|[fromitem]\n|-start|p2a: Iron Moth|quarkdrivespe\n|turn|16\n|\n|t:|1701107513\n|-terastallize|p1a: Garganacl|Ghost\n|move|p2a: Iron Moth|Flash Cannon|p1a: Garganacl\n|-damage|p1a: Garganacl|59\/100\n|-unboost|p1a: Garganacl|spd|1\n|move|p1a: Garganacl|Body Press|p2a: Iron Moth\n|-resisted|p2a: Iron Moth\n|-damage|p2a: Iron Moth|62\/100\n|\n|upkeep\n|turn|17\n|\n|t:|1701107522\n|switch|p1a: Rotom|Rotom-Wash|51\/100\n|move|p2a: Iron Moth|Fiery Dance|p1a: Rotom\n|-resisted|p1a: Rotom\n|-damage|p1a: Rotom|37\/100\n|\n|upkeep\n|turn|18\n|\n|t:|1701107532\n|move|p2a: Iron Moth|Bug Buzz|p1a: Rotom\n|-damage|p1a: Rotom|17\/100\n|move|p1a: Rotom|Hydro Pump|p2a: Iron Moth\n|-supereffective|p2a: Iron Moth\n|-damage|p2a: Iron Moth|0 fnt\n|faint|p2a: Iron Moth\n|-end|p2a: Iron Moth|Quark Drive|[silent]\n|\n|upkeep\n|-message|ProfFYew forfeited.\n|\n|win|liaoya\n|raw|liaoya's rating: 1557 &rarr; <strong>1577<\/strong><br \/>(+20 for winning)\n|raw|ProfFYew's rating: 1557 &rarr; <strong>1537<\/strong><br \/>(-20 for losing)\n|l|\u2606ProfFYew\n","uploadtime":1701107541,"views":9,"p1id":"liaoya","p2id":"proffyew","formatid":"gen9ou","rating":1537,"private":0,"password":""}