{"id":"gen9ou-1988814667","p1":"DuttaDragon16","p2":"krelenlor","format":"[Gen 9] OU","log":"|j|\u2606DuttaDragon16\n|j|\u2606krelenlor\n|t:|1699767145\n|gametype|singles\n|player|p1|DuttaDragon16|drayden|1213\n|player|p2|krelenlor|102|1168\n|teamsize|p1|6\n|teamsize|p2|6\n|gen|9\n|tier|[Gen 9] OU\n|rated|\n|rule|Sleep Clause Mod: Limit one foe put to sleep\n|rule|Species Clause: Limit one of each Pok\u00e9mon\n|rule|OHKO Clause: OHKO moves are banned\n|rule|Evasion Items Clause: Evasion items are banned\n|rule|Evasion Moves Clause: Evasion moves are banned\n|rule|Endless Battle Clause: Forcing endless battles is banned\n|rule|HP Percentage Mod: HP is shown in percentages\n|clearpoke\n|poke|p1|Walking Wake|\n|poke|p1|Great Tusk|\n|poke|p1|Charizard, F|\n|poke|p1|Torkoal, M|\n|poke|p1|Goodra-Hisui, M|\n|poke|p1|Rillaboom, M|\n|poke|p2|Gliscor, F|\n|poke|p2|Blissey, F|\n|poke|p2|Iron Hands|\n|poke|p2|Kingambit, M|\n|poke|p2|Skeledirge, F|\n|poke|p2|Ogerpon-Wellspring, F|\n|teampreview\n|\n|t:|1699767154\n|start\n|switch|p1a: Buddha|Goodra-Hisui, M|100\/100\n|switch|p2a: Gliscor|Gliscor, F|100\/100\n|turn|1\n|inactive|Battle timer is ON: inactive players will automatically lose when time's up. (requested by DuttaDragon16)\n|\n|t:|1699767173\n|move|p2a: Gliscor|Protect|p2a: Gliscor\n|-singleturn|p2a: Gliscor|Protect\n|move|p1a: Buddha|Ice Beam|p2a: Gliscor\n|-activate|p2a: Gliscor|move: Protect\n|\n|-status|p2a: Gliscor|tox|[from] item: Toxic Orb\n|upkeep\n|turn|2\n|\n|t:|1699767181\n|switch|p2a: Blissey|Blissey, F|100\/100\n|move|p1a: Buddha|Ice Beam|p2a: Blissey\n|-damage|p2a: Blissey|93\/100\n|\n|-heal|p2a: Blissey|99\/100|[from] item: Leftovers\n|upkeep\n|turn|3\n|\n|t:|1699767196\n|switch|p1a: Apollo|Torkoal, M|100\/100\n|-weather|SunnyDay|[from] ability: Drought|[of] p1a: Apollo\n|move|p2a: Blissey|Flamethrower|p1a: Apollo\n|-resisted|p1a: Apollo\n|-damage|p1a: Apollo|81\/100\n|\n|-weather|SunnyDay|[upkeep]\n|-heal|p2a: Blissey|100\/100|[from] item: Leftovers\n|upkeep\n|turn|4\n|\n|t:|1699767209\n|move|p2a: Blissey|Thunder|p1a: Apollo\n|-damage|p1a: Apollo|50\/100\n|-status|p1a: Apollo|par\n|move|p1a: Apollo|Stealth Rock|p2a: Blissey\n|-sidestart|p2: krelenlor|move: Stealth Rock\n|\n|-weather|SunnyDay|[upkeep]\n|upkeep\n|turn|5\n|\n|t:|1699767218\n|move|p2a: Blissey|Thunder|p1a: Apollo|[miss]\n|-miss|p2a: Blissey|p1a: Apollo\n|cant|p1a: Apollo|par\n|\n|-weather|SunnyDay|[upkeep]\n|upkeep\n|turn|6\n|\n|t:|1699767224\n|move|p2a: Blissey|Thunder|p1a: Apollo\n|-damage|p1a: Apollo|18\/100 par\n|move|p1a: Apollo|Body Press|p2a: Blissey\n|-supereffective|p2a: Blissey\n|-damage|p2a: Blissey|0 fnt\n|faint|p2a: Blissey\n|\n|-weather|SunnyDay|[upkeep]\n|upkeep\n|\n|t:|1699767234\n|switch|p2a: Skeledirge|Skeledirge, F|100\/100\n|turn|7\n|\n|t:|1699767244\n|switch|p1a: Airavath|Great Tusk, shiny|100\/100\n|-activate|p1a: Airavath|ability: Protosynthesis\n|-start|p1a: Airavath|protosynthesisatk\n|move|p2a: Skeledirge|Torch Song|p1a: Airavath\n|-damage|p1a: Airavath|4\/100\n|-boost|p2a: Skeledirge|spa|1\n|\n|-weather|SunnyDay|[upkeep]\n|upkeep\n|turn|8\n|\n|t:|1699767254\n|move|p1a: Airavath|Earthquake|p2a: Skeledirge\n|-supereffective|p2a: Skeledirge\n|-damage|p2a: Skeledirge|4\/100\n|move|p2a: Skeledirge|Tera Blast|p1a: Airavath\n|-damage|p1a: Airavath|0 fnt\n|faint|p1a: Airavath\n|-end|p1a: Airavath|Protosynthesis|[silent]\n|\n|-weather|SunnyDay|[upkeep]\n|upkeep\n|\n|t:|1699767268\n|switch|p1a: Kama-No-Kami|Walking Wake|100\/100\n|-activate|p1a: Kama-No-Kami|ability: Protosynthesis\n|-start|p1a: Kama-No-Kami|protosynthesisspa\n|turn|9\n|\n|t:|1699767276\n|switch|p2a: Ogerpon|Ogerpon-Wellspring, F|100\/100\n|-damage|p2a: Ogerpon|88\/100|[from] Stealth Rock\n|move|p1a: Kama-No-Kami|Hydro Steam|p2a: Ogerpon\n|-heal|p2a: Ogerpon|100\/100|[from] ability: Water Absorb|[of] p1a: Kama-No-Kami\n|\n|-weather|SunnyDay|[upkeep]\n|upkeep\n|turn|10\n|\n|t:|1699767287\n|move|p1a: Kama-No-Kami|Flamethrower|p2a: Ogerpon\n|-damage|p2a: Ogerpon|35\/100\n|move|p2a: Ogerpon|Swords Dance|p2a: Ogerpon\n|-boost|p2a: Ogerpon|atk|2\n|\n|-weather|none\n|-end|p1a: Kama-No-Kami|Protosynthesis\n|upkeep\n|turn|11\n|\n|t:|1699767295\n|move|p1a: Kama-No-Kami|Flamethrower|p2a: Ogerpon\n|-damage|p2a: Ogerpon|0 fnt\n|faint|p2a: Ogerpon\n|\n|upkeep\n|\n|t:|1699767301\n|switch|p2a: Iron Hands|Iron Hands|100\/100\n|-damage|p2a: Iron Hands|94\/100|[from] Stealth Rock\n|turn|12\n|\n|t:|1699767308\n|-end|p1a: Kama-No-Kami|Protosynthesis|[silent]\n|switch|p1a: Kong|Rillaboom, M|100\/100\n|-fieldstart|move: Grassy Terrain|[from] ability: Grassy Surge|[of] p1a: Kong\n|-enditem|p1a: Kong|Grassy Seed\n|-boost|p1a: Kong|def|1|[from] item: Grassy Seed\n|move|p2a: Iron Hands|Swords Dance|p2a: Iron Hands\n|-boost|p2a: Iron Hands|atk|2\n|\n|-heal|p2a: Iron Hands|100\/100|[from] Grassy Terrain\n|upkeep\n|turn|13\n|\n|t:|1699767329\n|-terastallize|p2a: Iron Hands|Electric\n|move|p1a: Kong|Fake Out|p2a: Iron Hands\n|-damage|p2a: Iron Hands|92\/100\n|cant|p2a: Iron Hands|flinch\n|\n|-heal|p2a: Iron Hands|98\/100|[from] Grassy Terrain\n|-heal|p2a: Iron Hands|100\/100|[from] item: Leftovers\n|upkeep\n|turn|14\n|inactive|DuttaDragon16 has 120 seconds left.\n|\n|t:|1699767361\n|move|p1a: Kong|Acrobatics|p2a: Iron Hands\n|-resisted|p2a: Iron Hands\n|-damage|p2a: Iron Hands|89\/100\n|move|p2a: Iron Hands|Drain Punch|p1a: Kong\n|-crit|p1a: Kong\n|-damage|p1a: Kong|0 fnt\n|-heal|p2a: Iron Hands|100\/100|[from] drain|[of] p1a: Kong\n|faint|p1a: Kong\n|\n|upkeep\n|inactive|DuttaDragon16 has 120 seconds left.\n|\n|t:|1699767372\n|switch|p1a: Apollo|Torkoal, M|18\/100 par\n|-weather|SunnyDay|[from] ability: Drought|[of] p1a: Apollo\n|turn|15\n|inactive|DuttaDragon16 has 120 seconds left.\n|\n|t:|1699767379\n|move|p2a: Iron Hands|Swords Dance|p2a: Iron Hands\n|-boost|p2a: Iron Hands|atk|2\n|move|p1a: Apollo|Will-O-Wisp|p2a: Iron Hands\n|-status|p2a: Iron Hands|brn\n|\n|-weather|SunnyDay|[upkeep]\n|-heal|p1a: Apollo|24\/100 par|[from] Grassy Terrain\n|-damage|p2a: Iron Hands|94\/100 brn|[from] brn\n|upkeep\n|turn|16\n|inactive|DuttaDragon16 has 120 seconds left.\n|\n|t:|1699767390\n|switch|p1a: Fangless|Charizard, F, shiny|100\/100\n|move|p2a: Iron Hands|Swords Dance|p2a: Iron Hands\n|-boost|p2a: Iron Hands|atk|2\n|\n|-weather|SunnyDay|[upkeep]\n|-damage|p1a: Fangless|88\/100|[from] ability: Solar Power|[of] p1a: Fangless\n|-heal|p2a: Iron Hands|100\/100 brn|[from] Grassy Terrain\n|-damage|p2a: Iron Hands|94\/100 brn|[from] brn\n|-fieldend|move: Grassy Terrain\n|upkeep\n|turn|17\n|inactive|DuttaDragon16 has 120 seconds left.\n|\n|t:|1699767401\n|move|p1a: Fangless|Heat Wave|p2a: Iron Hands\n|-damage|p2a: Iron Hands|8\/100 brn\n|move|p2a: Iron Hands|Wild Charge|p1a: Fangless\n|-supereffective|p1a: Fangless\n|-damage|p1a: Fangless|0 fnt\n|faint|p1a: Fangless\n|-damage|p2a: Iron Hands|0 fnt|[from] Recoil\n|faint|p2a: Iron Hands\n|-end|p2a: Iron Hands|Quark Drive|[silent]\n|\n|-weather|SunnyDay|[upkeep]\n|upkeep\n|inactive|DuttaDragon16 has 120 seconds left.\n|\n|t:|1699767418\n|switch|p1a: Kama-No-Kami|Walking Wake|100\/100\n|switch|p2a: Kingambit|Kingambit, M|100\/100\n|-activate|p1a: Kama-No-Kami|ability: Protosynthesis\n|-start|p1a: Kama-No-Kami|protosynthesisspa\n|-damage|p2a: Kingambit|94\/100|[from] Stealth Rock\n|-activate|p2a: Kingambit|ability: Supreme Overlord\n|-start|p2a: Kingambit|fallen3|[silent]\n|turn|18\n|inactive|DuttaDragon16 has 120 seconds left.\n|\n|t:|1699767428\n|move|p2a: Kingambit|Sucker Punch|p1a: Kama-No-Kami\n|-damage|p1a: Kama-No-Kami|39\/100\n|move|p1a: Kama-No-Kami|Flamethrower|p2a: Kingambit\n|-supereffective|p2a: Kingambit\n|-damage|p2a: Kingambit|22\/100\n|\n|-weather|SunnyDay|[upkeep]\n|-heal|p1a: Kama-No-Kami|45\/100|[from] item: Leftovers\n|upkeep\n|turn|19\n|inactive|DuttaDragon16 has 120 seconds left.\n|\n|t:|1699767437\n|-end|p1a: Kama-No-Kami|Protosynthesis|[silent]\n|switch|p1a: Buddha|Goodra-Hisui, M|100\/100\n|move|p2a: Kingambit|Sucker Punch||[still]\n|-fail|p2a: Kingambit\n|\n|-weather|SunnyDay|[upkeep]\n|upkeep\n|turn|20\n|\n|t:|1699767443\n|move|p1a: Buddha|Flamethrower|p2a: Kingambit\n|-supereffective|p2a: Kingambit\n|-damage|p2a: Kingambit|0 fnt\n|faint|p2a: Kingambit\n|-end|p2a: Kingambit|fallen3|[silent]\n|\n|-weather|SunnyDay|[upkeep]\n|upkeep\n|\n|t:|1699767449\n|switch|p2a: Skeledirge|Skeledirge, F|4\/100\n|turn|21\n|\n|t:|1699767461\n|move|p2a: Skeledirge|Slack Off|p2a: Skeledirge\n|-heal|p2a: Skeledirge|54\/100\n|move|p1a: Buddha|Thunderbolt|p2a: Skeledirge\n|-damage|p2a: Skeledirge|22\/100\n|\n|-weather|SunnyDay|[upkeep]\n|upkeep\n|turn|22\n|\n|t:|1699767470\n|move|p2a: Skeledirge|Slack Off|p2a: Skeledirge\n|-heal|p2a: Skeledirge|72\/100\n|move|p1a: Buddha|Thunderbolt|p2a: Skeledirge\n|-damage|p2a: Skeledirge|40\/100\n|\n|-weather|none\n|upkeep\n|turn|23\n|\n|t:|1699767477\n|switch|p1a: Apollo|Torkoal, M|24\/100 par\n|-weather|SunnyDay|[from] ability: Drought|[of] p1a: Apollo\n|move|p2a: Skeledirge|Slack Off|p2a: Skeledirge\n|-heal|p2a: Skeledirge|90\/100\n|\n|-weather|SunnyDay|[upkeep]\n|upkeep\n|turn|24\n|\n|t:|1699767486\n|switch|p1a: Kama-No-Kami|Walking Wake|45\/100\n|-activate|p1a: Kama-No-Kami|ability: Protosynthesis\n|-start|p1a: Kama-No-Kami|protosynthesisspa\n|move|p2a: Skeledirge|Torch Song|p1a: Kama-No-Kami\n|-resisted|p1a: Kama-No-Kami\n|-damage|p1a: Kama-No-Kami|28\/100\n|-boost|p2a: Skeledirge|spa|1\n|\n|-weather|SunnyDay|[upkeep]\n|-heal|p1a: Kama-No-Kami|34\/100|[from] item: Leftovers\n|upkeep\n|turn|25\n|\n|t:|1699767498\n|move|p1a: Kama-No-Kami|Hydro Steam|p2a: Skeledirge\n|-supereffective|p2a: Skeledirge\n|-damage|p2a: Skeledirge|0 fnt\n|faint|p2a: Skeledirge\n|\n|-weather|SunnyDay|[upkeep]\n|-heal|p1a: Kama-No-Kami|40\/100|[from] item: Leftovers\n|upkeep\n|\n|t:|1699767504\n|switch|p2a: Gliscor|Gliscor, F|100\/100 tox\n|-damage|p2a: Gliscor|88\/100 tox|[from] Stealth Rock\n|turn|26\n|\n|t:|1699767508\n|move|p2a: Gliscor|Protect|p2a: Gliscor\n|-singleturn|p2a: Gliscor|Protect\n|move|p1a: Kama-No-Kami|Hydro Steam|p2a: Gliscor\n|-activate|p2a: Gliscor|move: Protect\n|\n|-weather|SunnyDay|[upkeep]\n|-heal|p1a: Kama-No-Kami|46\/100|[from] item: Leftovers\n|-heal|p2a: Gliscor|100\/100 tox|[from] ability: Poison Heal\n|upkeep\n|turn|27\n|\n|t:|1699767518\n|move|p1a: Kama-No-Kami|Hydro Steam|p2a: Gliscor\n|-supereffective|p2a: Gliscor\n|-damage|p2a: Gliscor|0 fnt\n|faint|p2a: Gliscor\n|\n|win|DuttaDragon16\n|raw|DuttaDragon16's rating: 1213 &rarr; <strong>1235<\/strong><br \/>(+22 for winning)\n|raw|krelenlor's rating: 1168 &rarr; <strong>1146<\/strong><br \/>(-22 for losing)\n|l|\u2606krelenlor\n|c|\u2606DuttaDragon16|gg\n","uploadtime":1699767539,"views":9,"p1id":"duttadragon16","p2id":"krelenlor","formatid":"gen9ou","rating":1146,"private":0,"password":""}