{"id":"gen9ou-1988440912","p1":"Voltaris33","p2":"Skaraptor2.1","format":"[Gen 9] OU","log":"|j|\u2606Voltaris33\n|j|\u2606Skaraptor2.1\n|t:|1699723236\n|gametype|singles\n|player|p1|Voltaris33|unknown|1337\n|player|p2|Skaraptor2.1|emma|1344\n|teamsize|p1|6\n|teamsize|p2|6\n|gen|9\n|tier|[Gen 9] OU\n|rated|\n|rule|Sleep Clause Mod: Limit one foe put to sleep\n|rule|Species Clause: Limit one of each Pok\u00e9mon\n|rule|OHKO Clause: OHKO moves are banned\n|rule|Evasion Items Clause: Evasion items are banned\n|rule|Evasion Moves Clause: Evasion moves are banned\n|rule|Endless Battle Clause: Forcing endless battles is banned\n|rule|HP Percentage Mod: HP is shown in percentages\n|clearpoke\n|poke|p1|Kingambit, F|\n|poke|p1|Falinks|\n|poke|p1|Gallade, M|\n|poke|p1|Tatsugiri, F|\n|poke|p1|Armarouge, M|\n|poke|p1|Ceruledge, M|\n|poke|p2|Ninetales-Alola, F|\n|poke|p2|Iron Moth|\n|poke|p2|Kingambit, F|\n|poke|p2|Ogerpon-Wellspring, F|\n|poke|p2|Iron Valiant|\n|poke|p2|Zamazenta-*|\n|teampreview\n|inactive|Battle timer is ON: inactive players will automatically lose when time's up. (requested by Voltaris33)\n|inactive|Skaraptor2.1 also wants the timer to be on.\n|j| Lacksatives\n|\n|t:|1699723252\n|start\n|switch|p1a: Kingambit|Kingambit, F|100\/100\n|switch|p2a: Transfem|Ogerpon-Wellspring, F|100\/100\n|turn|1\n|j| Rantox567\n|j| bageler\n|\n|t:|1699723263\n|-end|p1a: Kingambit|fallenundefined|[silent]\n|switch|p1a: Tatsugiri|Tatsugiri, F|100\/100\n|move|p2a: Transfem|Swords Dance|p2a: Transfem\n|-boost|p2a: Transfem|atk|2\n|\n|upkeep\n|turn|2\n|j| mmqqqqqq\n|\n|t:|1699723273\n|switch|p1a: Armarouge|Armarouge, M|100\/100\n|move|p2a: Transfem|Horn Leech|p1a: Armarouge\n|-resisted|p1a: Armarouge\n|-damage|p1a: Armarouge|54\/100\n|-ability|p1a: Armarouge|Weak Armor|boost\n|-unboost|p1a: Armarouge|def|1\n|-boost|p1a: Armarouge|spe|2\n|\n|upkeep\n|turn|3\n|\n|t:|1699723278\n|move|p1a: Armarouge|Armor Cannon|p2a: Transfem\n|-damage|p2a: Transfem|17\/100\n|-unboost|p1a: Armarouge|def|1\n|-unboost|p1a: Armarouge|spd|1\n|move|p2a: Transfem|Horn Leech|p1a: Armarouge\n|-resisted|p1a: Armarouge\n|-damage|p1a: Armarouge|0 fnt\n|-heal|p2a: Transfem|45\/100|[from] drain|[of] p1a: Armarouge\n|faint|p1a: Armarouge\n|\n|upkeep\n|l| mmqqqqqq\n|\n|t:|1699723288\n|switch|p1a: Ceruledge|Ceruledge, M|100\/100\n|turn|4\n|\n|t:|1699723293\n|move|p2a: Transfem|Swords Dance|p2a: Transfem\n|-boost|p2a: Transfem|atk|2\n|move|p1a: Ceruledge|Swords Dance|p1a: Ceruledge\n|-boost|p1a: Ceruledge|atk|2\n|\n|upkeep\n|turn|5\n|\n|t:|1699723298\n|move|p1a: Ceruledge|Shadow Sneak|p2a: Transfem\n|-damage|p2a: Transfem|0 fnt\n|faint|p2a: Transfem\n|\n|upkeep\n|\n|t:|1699723301\n|switch|p2a: Defender of Trans|Zamazenta, shiny|100\/100\n|-ability|p2a: Defender of Trans|Dauntless Shield|boost\n|-boost|p2a: Defender of Trans|def|1\n|turn|6\n|\n|t:|1699723305\n|-terastallize|p2a: Defender of Trans|Fire\n|move|p2a: Defender of Trans|Iron Defense|p2a: Defender of Trans\n|-boost|p2a: Defender of Trans|def|2\n|move|p1a: Ceruledge|Swords Dance|p1a: Ceruledge\n|-boost|p1a: Ceruledge|atk|2\n|\n|upkeep\n|turn|7\n|\n|t:|1699723315\n|move|p2a: Defender of Trans|Iron Defense|p2a: Defender of Trans\n|-boost|p2a: Defender of Trans|def|2\n|move|p1a: Ceruledge|Dragon Claw|p2a: Defender of Trans\n|-damage|p2a: Defender of Trans|84\/100\n|\n|-heal|p2a: Defender of Trans|90\/100|[from] item: Leftovers\n|upkeep\n|turn|8\n|\n|t:|1699723319\n|move|p2a: Defender of Trans|Crunch|p1a: Ceruledge\n|-supereffective|p1a: Ceruledge\n|-damage|p1a: Ceruledge|43\/100\n|-unboost|p1a: Ceruledge|def|1\n|-ability|p1a: Ceruledge|Weak Armor|boost\n|-unboost|p1a: Ceruledge|def|1\n|-boost|p1a: Ceruledge|spe|2\n|move|p1a: Ceruledge|Swords Dance|p1a: Ceruledge\n|-boost|p1a: Ceruledge|atk|2\n|\n|-heal|p2a: Defender of Trans|96\/100|[from] item: Leftovers\n|upkeep\n|turn|9\n|c|\u2606Skaraptor2.1|Holy hell dragon claw\n|c| Lacksatives|Dragon claw?\n|\n|t:|1699723327\n|move|p1a: Ceruledge|Dragon Claw|p2a: Defender of Trans\n|-damage|p2a: Defender of Trans|78\/100\n|move|p2a: Defender of Trans|Iron Defense|p2a: Defender of Trans\n|-boost|p2a: Defender of Trans|def|1\n|\n|-heal|p2a: Defender of Trans|84\/100|[from] item: Leftovers\n|upkeep\n|turn|10\n|\n|t:|1699723331\n|move|p1a: Ceruledge|Dragon Claw|p2a: Defender of Trans\n|-damage|p2a: Defender of Trans|68\/100\n|move|p2a: Defender of Trans|Crunch|p1a: Ceruledge\n|-supereffective|p1a: Ceruledge\n|-damage|p1a: Ceruledge|0 fnt\n|faint|p1a: Ceruledge\n|\n|-heal|p2a: Defender of Trans|74\/100|[from] item: Leftovers\n|upkeep\n|\n|t:|1699723339\n|switch|p1a: Tatsugiri|Tatsugiri, F|100\/100\n|turn|11\n|c|\u2606Skaraptor2.1|Must REALLY hate Dragonite\n|c| Lacksatives|Why didn\u2019t he slam out \ud83c\udd71\ufe0foltergeist\n|\n|t:|1699723350\n|move|p2a: Defender of Trans|Body Press|p1a: Tatsugiri\n|-damage|p1a: Tatsugiri|0 fnt\n|faint|p1a: Tatsugiri\n|\n|-heal|p2a: Defender of Trans|80\/100|[from] item: Leftovers\n|upkeep\n|\n|t:|1699723354\n|switch|p1a: Gallade|Gallade, M|100\/100\n|turn|12\n|c|\u2606Skaraptor2.1|I was expecting the fattest surf of my life\n|\n|t:|1699723363\n|move|p2a: Defender of Trans|Heavy Slam|p1a: Gallade\n|-damage|p1a: Gallade|50\/100\n|move|p1a: Gallade|Aqua Cutter|p2a: Defender of Trans\n|-supereffective|p2a: Defender of Trans\n|-crit|p2a: Defender of Trans\n|-damage|p2a: Defender of Trans|9\/100\n|\n|-heal|p2a: Defender of Trans|15\/100|[from] item: Leftovers\n|upkeep\n|turn|13\n|\n|t:|1699723371\n|move|p2a: Defender of Trans|Heavy Slam|p1a: Gallade\n|-damage|p1a: Gallade|0 fnt\n|faint|p1a: Gallade\n|\n|-heal|p2a: Defender of Trans|21\/100|[from] item: Leftovers\n|upkeep\n|c| Lacksatives|Damn this mon is ass\n|\n|t:|1699723378\n|switch|p1a: Falinks|Falinks, shiny|100\/100\n|turn|14\n|\n|t:|1699723380\n|move|p2a: Defender of Trans|Body Press|p1a: Falinks\n|-enditem|p1a: Falinks|Focus Sash\n|-damage|p1a: Falinks|1\/100\n|move|p1a: Falinks|No Retreat|p1a: Falinks\n|-boost|p1a: Falinks|atk|1\n|-boost|p1a: Falinks|def|1\n|-boost|p1a: Falinks|spa|1\n|-boost|p1a: Falinks|spd|1\n|-boost|p1a: Falinks|spe|1\n|-start|p1a: Falinks|move: No Retreat\n|\n|-heal|p2a: Defender of Trans|27\/100|[from] item: Leftovers\n|upkeep\n|turn|15\n|\n|t:|1699723386\n|move|p1a: Falinks|Rock Slide|p2a: Defender of Trans\n|-supereffective|p2a: Defender of Trans\n|-damage|p2a: Defender of Trans|15\/100\n|cant|p2a: Defender of Trans|flinch\n|\n|-heal|p2a: Defender of Trans|21\/100|[from] item: Leftovers\n|upkeep\n|turn|16\n|\n|t:|1699723390\n|move|p1a: Falinks|Rock Slide|p2a: Defender of Trans|[miss]\n|-miss|p1a: Falinks|p2a: Defender of Trans\n|move|p2a: Defender of Trans|Body Press|p1a: Falinks\n|-damage|p1a: Falinks|0 fnt\n|faint|p1a: Falinks\n|\n|-heal|p2a: Defender of Trans|27\/100|[from] item: Leftovers\n|upkeep\n|\n|t:|1699723393\n|switch|p1a: Kingambit|Kingambit, F|100\/100\n|-activate|p1a: Kingambit|ability: Supreme Overlord\n|-start|p1a: Kingambit|fallen5|[silent]\n|turn|17\n|\n|t:|1699723402\n|-terastallize|p1a: Kingambit|Flying\n|move|p1a: Kingambit|Sucker Punch|p2a: Defender of Trans\n|-damage|p2a: Defender of Trans|15\/100\n|-damage|p1a: Kingambit|91\/100|[from] item: Life Orb\n|move|p2a: Defender of Trans|Body Press|p1a: Kingambit\n|-resisted|p1a: Kingambit\n|-damage|p1a: Kingambit|35\/100\n|\n|-heal|p2a: Defender of Trans|21\/100|[from] item: Leftovers\n|upkeep\n|turn|18\n|\n|t:|1699723407\n|move|p1a: Kingambit|Sucker Punch|p2a: Defender of Trans\n|-damage|p2a: Defender of Trans|7\/100\n|-damage|p1a: Kingambit|25\/100|[from] item: Life Orb\n|move|p2a: Defender of Trans|Body Press|p1a: Kingambit\n|-resisted|p1a: Kingambit\n|-damage|p1a: Kingambit|0 fnt\n|faint|p1a: Kingambit\n|-end|p1a: Kingambit|fallen5|[silent]\n|\n|win|Skaraptor2.1\n|raw|Voltaris33's rating: 1337 &rarr; <strong>1317<\/strong><br \/>(-20 for losing)\n|raw|Skaraptor2.1's rating: 1344 &rarr; <strong>1364<\/strong><br \/>(+20 for winning)\n","uploadtime":1699723412,"views":15,"p1id":"voltaris33","p2id":"skaraptor21","formatid":"gen9ou","rating":1317,"private":0,"password":""}