{"id":"gen9ou-1993512517","p1":"blanket towel","p2":"gummi bear o clock","format":"[Gen 9] OU","log":"|j|\u2606blanket towel\n|j|\u2606gummi bear o clock\n|t:|1700326611\n|gametype|singles\n|player|p1|blanket towel|serena-masters2|1075\n|player|p2|gummi bear o clock|266|1040\n|teamsize|p1|6\n|teamsize|p2|6\n|gen|9\n|tier|[Gen 9] OU\n|rated|\n|rule|Sleep Clause Mod: Limit one foe put to sleep\n|rule|Species Clause: Limit one of each Pok\u00e9mon\n|rule|OHKO Clause: OHKO moves are banned\n|rule|Evasion Items Clause: Evasion items are banned\n|rule|Evasion Moves Clause: Evasion moves are banned\n|rule|Endless Battle Clause: Forcing endless battles is banned\n|rule|HP Percentage Mod: HP is shown in percentages\n|clearpoke\n|poke|p1|Maushold-Four|\n|poke|p1|Samurott-Hisui, M|\n|poke|p1|Great Tusk|\n|poke|p1|Garganacl, M|\n|poke|p1|Cinderace, M|\n|poke|p1|Thundurus-Therian, M|\n|poke|p2|Lycanroc, M|\n|poke|p2|Weezing-Galar, M|\n|poke|p2|Swanna, F|\n|poke|p2|Magneton|\n|poke|p2|Drifloon, F|\n|poke|p2|Gogoat, M|\n|teampreview\n|inactive|Battle timer is ON: inactive players will automatically lose when time's up. (requested by blanket towel)\n|\n|t:|1700326686\n|start\n|switch|p1a: Cinderace|Cinderace, M|100\/100\n|switch|p2a: Magneton|Magneton, shiny|100\/100\n|turn|1\n|\n|t:|1700326695\n|move|p1a: Cinderace|U-turn|p2a: Magneton\n|-start|p1a: Cinderace|typechange|Bug|[from] ability: Libero\n|-resisted|p2a: Magneton\n|-damage|p2a: Magneton|75\/100\n|\n|t:|1700326701\n|switch|p1a: Garganacl|Garganacl, M|100\/100|[from] U-turn\n|move|p2a: Magneton|Volt Switch|p1a: Garganacl\n|-damage|p1a: Garganacl|68\/100\n|\n|t:|1700326711\n|switch|p2a: Gogoat|Gogoat, M, shiny|100\/100|[from] Volt Switch\n|\n|-heal|p1a: Garganacl|75\/100|[from] item: Leftovers\n|upkeep\n|turn|2\n|\n|t:|1700326720\n|switch|p1a: Cinderace|Cinderace, M|100\/100\n|move|p2a: Gogoat|Leech Seed|p1a: Cinderace\n|-start|p1a: Cinderace|move: Leech Seed\n|\n|-damage|p1a: Cinderace|88\/100|[from] Leech Seed|[of] p2a: Gogoat\n|upkeep\n|turn|3\n|\n|t:|1700326727\n|switch|p2a: Swanna|Swanna, F, shiny|100\/100\n|move|p1a: Cinderace|Pyro Ball|p2a: Swanna\n|-resisted|p2a: Swanna\n|-damage|p2a: Swanna|49\/100\n|\n|-damage|p1a: Cinderace|76\/100|[from] Leech Seed|[of] p2a: Swanna\n|-heal|p2a: Swanna|62\/100|[silent]\n|upkeep\n|turn|4\n|\n|t:|1700326730\n|move|p2a: Swanna|Flip Turn|p1a: Cinderace\n|-supereffective|p1a: Cinderace\n|-crit|p1a: Cinderace\n|-damage|p1a: Cinderace|0 fnt\n|faint|p1a: Cinderace\n|\n|t:|1700326740\n|switch|p2a: Drifloon|Drifloon, F, shiny|100\/100|[from] Flip Turn\n|\n|upkeep\n|\n|t:|1700326747\n|switch|p1a: Samurott|Samurott-Hisui, M|100\/100\n|turn|5\n|\n|t:|1700326750\n|move|p1a: Samurott|Ceaseless Edge|p2a: Drifloon\n|-supereffective|p2a: Drifloon\n|-enditem|p2a: Drifloon|Focus Sash\n|-damage|p2a: Drifloon|1\/100\n|-sidestart|p2: gummi bear o clock|Spikes\n|move|p2a: Drifloon|Knock Off|p1a: Samurott\n|-resisted|p1a: Samurott\n|-damage|p1a: Samurott|92\/100\n|-enditem|p1a: Samurott|Choice Scarf|[from] move: Knock Off|[of] p2a: Drifloon\n|\n|upkeep\n|turn|6\n|\n|t:|1700326754\n|move|p2a: Drifloon|Destiny Bond|p2a: Drifloon\n|-singlemove|p2a: Drifloon|Destiny Bond\n|move|p1a: Samurott|Ceaseless Edge|p2a: Drifloon\n|-supereffective|p2a: Drifloon\n|-damage|p2a: Drifloon|0 fnt\n|-sidestart|p2: gummi bear o clock|Spikes\n|faint|p2a: Drifloon\n|-activate|p2a: Drifloon|move: Destiny Bond\n|faint|p1a: Samurott\n|\n|upkeep\n|\n|t:|1700326763\n|switch|p1a: Thundurus|Thundurus-Therian, M|100\/100\n|switch|p2a: Weezing|Weezing-Galar, M, shiny|100\/100\n|turn|7\n|\n|t:|1700326773\n|switch|p2a: Magneton|Magneton, shiny|75\/100\n|-damage|p2a: Magneton|59\/100|[from] Spikes\n|move|p1a: Thundurus|Volt Switch|p2a: Magneton\n|-resisted|p2a: Magneton\n|-damage|p2a: Magneton|0 fnt\n|faint|p2a: Magneton\n|\n|t:|1700326783\n|switch|p1a: Garganacl|Garganacl, M|75\/100|[from] Volt Switch\n|\n|-heal|p1a: Garganacl|81\/100|[from] item: Leftovers\n|upkeep\n|\n|t:|1700326786\n|switch|p2a: Weezing|Weezing-Galar, M, shiny|100\/100\n|turn|8\n|\n|t:|1700326794\n|move|p2a: Weezing|Defog|p1a: Garganacl\n|-unboost|p1a: Garganacl|evasion|1\n|-sideend|p2: gummi bear o clock|Spikes|[from] move: Defog|[of] p2a: Weezing\n|move|p1a: Garganacl|Salt Cure|p2a: Weezing\n|-damage|p2a: Weezing|92\/100\n|-start|p2a: Weezing|Salt Cure\n|\n|-heal|p1a: Garganacl|87\/100|[from] item: Leftovers\n|-damage|p2a: Weezing|79\/100|[from] Salt Cure\n|upkeep\n|turn|9\n|\n|t:|1700326801\n|switch|p2a: Gogoat|Gogoat, M, shiny|100\/100\n|move|p1a: Garganacl|Recover|p1a: Garganacl\n|-heal|p1a: Garganacl|100\/100\n|\n|upkeep\n|turn|10\n|\n|t:|1700326808\n|move|p2a: Gogoat|Leech Seed|p1a: Garganacl\n|-start|p1a: Garganacl|move: Leech Seed\n|move|p1a: Garganacl|Iron Defense|p1a: Garganacl\n|-boost|p1a: Garganacl|def|2\n|\n|-damage|p1a: Garganacl|88\/100|[from] Leech Seed|[of] p2a: Gogoat\n|upkeep\n|turn|11\n|\n|t:|1700326821\n|move|p2a: Gogoat|Bulk Up|p2a: Gogoat\n|-boost|p2a: Gogoat|atk|1\n|-boost|p2a: Gogoat|def|1\n|move|p1a: Garganacl|Body Press|p2a: Gogoat\n|-damage|p2a: Gogoat|78\/100\n|\n|-heal|p2a: Gogoat|84\/100|[from] item: Leftovers\n|-heal|p1a: Garganacl|94\/100|[from] item: Leftovers\n|-damage|p1a: Garganacl|82\/100|[from] Leech Seed|[of] p2a: Gogoat\n|-heal|p2a: Gogoat|95\/100|[silent]\n|upkeep\n|turn|12\n|\n|t:|1700326829\n|switch|p1a: Thundurus|Thundurus-Therian, M|100\/100\n|move|p2a: Gogoat|Bulk Up|p2a: Gogoat\n|-boost|p2a: Gogoat|atk|1\n|-boost|p2a: Gogoat|def|1\n|\n|-heal|p2a: Gogoat|100\/100|[from] item: Leftovers\n|upkeep\n|turn|13\n|\n|t:|1700326832\n|-terastallize|p1a: Thundurus|Flying\n|move|p1a: Thundurus|Tera Blast|p2a: Gogoat|[anim] Tera Blast Flying\n|-supereffective|p2a: Gogoat\n|-damage|p2a: Gogoat|0 fnt\n|faint|p2a: Gogoat\n|\n|upkeep\n|\n|t:|1700326836\n|switch|p2a: Lycanroc|Lycanroc, M, shiny|100\/100\n|turn|14\n|\n|t:|1700326841\n|switch|p1a: Garganacl|Garganacl, M|82\/100\n|move|p2a: Lycanroc|Stealth Rock|p1a: Garganacl\n|-sidestart|p1: blanket towel|move: Stealth Rock\n|\n|-heal|p1a: Garganacl|88\/100|[from] item: Leftovers\n|upkeep\n|turn|15\n|\n|t:|1700326845\n|-terastallize|p2a: Lycanroc|Fighting\n|move|p2a: Lycanroc|Close Combat|p1a: Garganacl\n|-supereffective|p1a: Garganacl\n|-damage|p1a: Garganacl|13\/100\n|-unboost|p2a: Lycanroc|def|1\n|-unboost|p2a: Lycanroc|spd|1\n|move|p1a: Garganacl|Iron Defense|p1a: Garganacl\n|-boost|p1a: Garganacl|def|2\n|\n|-heal|p1a: Garganacl|20\/100|[from] item: Leftovers\n|upkeep\n|turn|16\n|\n|t:|1700326850\n|move|p2a: Lycanroc|Close Combat|p1a: Garganacl\n|-supereffective|p1a: Garganacl\n|-damage|p1a: Garganacl|0 fnt\n|-unboost|p2a: Lycanroc|def|1\n|-unboost|p2a: Lycanroc|spd|1\n|faint|p1a: Garganacl\n|\n|upkeep\n|\n|t:|1700326868\n|switch|p1a: Thundurus|Thundurus-Therian, M, tera:Flying|100\/100\n|-damage|p1a: Thundurus|76\/100|[from] Stealth Rock\n|turn|17\n|inactive|gummi bear o clock has 120 seconds left.\n|\n|t:|1700326924\n|move|p2a: Lycanroc|Accelerock|p1a: Thundurus\n|-supereffective|p1a: Thundurus\n|-damage|p1a: Thundurus|14\/100\n|move|p1a: Thundurus|Tera Blast|p2a: Lycanroc|[anim] Tera Blast Flying\n|-supereffective|p2a: Lycanroc\n|-damage|p2a: Lycanroc|0 fnt\n|faint|p2a: Lycanroc\n|\n|upkeep\n|\n|t:|1700326927\n|switch|p2a: Swanna|Swanna, F, shiny|62\/100\n|turn|18\n|\n|t:|1700326932\n|move|p2a: Swanna|Flip Turn|p1a: Thundurus\n|-damage|p1a: Thundurus|0 fnt\n|faint|p1a: Thundurus\n|\n|t:|1700326935\n|switch|p2a: Weezing|Weezing-Galar, M, shiny|79\/100|[from] Flip Turn\n|\n|upkeep\n|\n|t:|1700326948\n|switch|p1a: Maushold|Maushold-Four|100\/100\n|-damage|p1a: Maushold|88\/100|[from] Stealth Rock\n|turn|19\n|\n|t:|1700326955\n|move|p1a: Maushold|Tidy Up|p1a: Maushold\n|-sideend|p1: blanket towel|Stealth Rock\n|-activate|p1a: Maushold|move: Tidy Up\n|-boost|p1a: Maushold|atk|1\n|-boost|p1a: Maushold|spe|1\n|move|p2a: Weezing|Strange Steam|p1a: Maushold\n|-damage|p1a: Maushold|49\/100\n|\n|upkeep\n|turn|20\n|\n|t:|1700326960\n|move|p1a: Maushold|Population Bomb|p2a: Weezing\n|-damage|p2a: Weezing|68\/100\n|-damage|p1a: Maushold|32\/100|[from] item: Rocky Helmet|[of] p2a: Weezing\n|-damage|p2a: Weezing|57\/100\n|-damage|p1a: Maushold|15\/100|[from] item: Rocky Helmet|[of] p2a: Weezing\n|-damage|p2a: Weezing|47\/100\n|-damage|p1a: Maushold|0 fnt|[from] item: Rocky Helmet|[of] p2a: Weezing\n|faint|p1a: Maushold\n|-hitcount|p2a: Weezing|3\n|move|p2a: Weezing|Strange Steam|p1: Maushold|[notarget]\n|-fail|p2a: Weezing\n|\n|upkeep\n|\n|t:|1700326964\n|switch|p1a: Great Tusk|Great Tusk|100\/100\n|-enditem|p1a: Great Tusk|Booster Energy\n|-activate|p1a: Great Tusk|ability: Protosynthesis|[fromitem]\n|-start|p1a: Great Tusk|protosynthesisatk\n|turn|21\n|\n|t:|1700326989\n|move|p1a: Great Tusk|Rapid Spin|p2a: Weezing\n|-damage|p2a: Weezing|32\/100\n|-boost|p1a: Great Tusk|spe|1\n|-damage|p1a: Great Tusk|84\/100|[from] item: Rocky Helmet|[of] p2a: Weezing\n|move|p2a: Weezing|Strange Steam|p1a: Great Tusk\n|-supereffective|p1a: Great Tusk\n|-damage|p1a: Great Tusk|0 fnt\n|faint|p1a: Great Tusk\n|-end|p1a: Great Tusk|Protosynthesis|[silent]\n|\n|win|gummi bear o clock\n|raw|blanket towel's rating: 1075 &rarr; <strong>1052<\/strong><br \/>(-23 for losing)\n|raw|gummi bear o clock's rating: 1040 &rarr; <strong>1077<\/strong><br \/>(+37 for winning)\n|l|\u2606blanket towel\n","uploadtime":1700326995,"views":12,"p1id":"blankettowel","p2id":"gummibearoclock","formatid":"gen9ou","rating":1052,"private":0,"password":""}