{"id":"gen9ou-1988770525","p1":"boofmachine","p2":"Velho Aidetico","format":"[Gen 9] OU","log":"|j|\u2606boofmachine\n|j|\u2606Velho Aidetico\n|t:|1699760906\n|gametype|singles\n|player|p1|boofmachine|cynthia-gen4|1401\n|player|p2|Velho Aidetico|gentleman|1388\n|teamsize|p1|6\n|teamsize|p2|6\n|gen|9\n|tier|[Gen 9] OU\n|rated|\n|rule|Sleep Clause Mod: Limit one foe put to sleep\n|rule|Species Clause: Limit one of each Pok\u00e9mon\n|rule|OHKO Clause: OHKO moves are banned\n|rule|Evasion Items Clause: Evasion items are banned\n|rule|Evasion Moves Clause: Evasion moves are banned\n|rule|Endless Battle Clause: Forcing endless battles is banned\n|rule|HP Percentage Mod: HP is shown in percentages\n|clearpoke\n|poke|p1|Gholdengo|\n|poke|p1|Kingambit, M|\n|poke|p1|Great Tusk|\n|poke|p1|Ogerpon-Wellspring, F|\n|poke|p1|Gliscor, F|\n|poke|p1|Greninja-*, M|\n|poke|p2|Crawdaunt, F|\n|poke|p2|Ogerpon-Cornerstone, F|\n|poke|p2|Weezing-Galar, M|\n|poke|p2|Gallade, M|\n|poke|p2|Tornadus-Therian, M|\n|poke|p2|Chandelure, F|\n|teampreview\n|inactive|Battle timer is ON: inactive players will automatically lose when time's up. (requested by Velho Aidetico)\n|\n|t:|1699760940\n|start\n|switch|p1a: Gholdengo|Gholdengo|100\/100\n|switch|p2a: It's all Ogre now|Ogerpon-Cornerstone, F|100\/100\n|turn|1\n|\n|t:|1699760949\n|move|p2a: It's all Ogre now|Ivy Cudgel|p1a: Gholdengo\n|-resisted|p1a: Gholdengo\n|-damage|p1a: Gholdengo|70\/100\n|move|p1a: Gholdengo|Thunder Wave|p2a: It's all Ogre now\n|-status|p2a: It's all Ogre now|par\n|\n|-heal|p1a: Gholdengo|76\/100|[from] item: Leftovers\n|upkeep\n|turn|2\n|\n|t:|1699760960\n|move|p1a: Gholdengo|Hex|p2a: It's all Ogre now\n|-damage|p2a: It's all Ogre now|4\/100 par\n|move|p2a: It's all Ogre now|Ivy Cudgel|p1a: Gholdengo\n|-resisted|p1a: Gholdengo\n|-damage|p1a: Gholdengo|48\/100\n|\n|-heal|p1a: Gholdengo|54\/100|[from] item: Leftovers\n|upkeep\n|turn|3\n|\n|t:|1699760976\n|move|p1a: Gholdengo|Recover|p1a: Gholdengo\n|-heal|p1a: Gholdengo|100\/100\n|move|p2a: It's all Ogre now|Spikes|p1a: Gholdengo\n|-sidestart|p1: boofmachine|Spikes\n|\n|upkeep\n|turn|4\n|\n|t:|1699760981\n|move|p1a: Gholdengo|Hex|p2a: It's all Ogre now\n|-damage|p2a: It's all Ogre now|0 fnt\n|faint|p2a: It's all Ogre now\n|\n|upkeep\n|\n|t:|1699760983\n|switch|p2a: YAAAABBBYYYYY|Crawdaunt, F|100\/100\n|turn|5\n|\n|t:|1699761008\n|switch|p1a: Great Tusk|Great Tusk|100\/100\n|-damage|p1a: Great Tusk|88\/100|[from] Spikes\n|move|p2a: YAAAABBBYYYYY|Crabhammer|p1a: Great Tusk\n|-supereffective|p1a: Great Tusk\n|-damage|p1a: Great Tusk|0 fnt\n|faint|p1a: Great Tusk\n|-end|p1a: Great Tusk|Protosynthesis|[silent]\n|\n|upkeep\n|\n|t:|1699761016\n|switch|p1a: Ogerpon|Ogerpon-Wellspring, F|100\/100\n|-damage|p1a: Ogerpon|88\/100|[from] Spikes\n|turn|6\n|\n|t:|1699761019\n|switch|p2a: Doug|Weezing-Galar, M|100\/100\n|-ability|p2a: Doug|Neutralizing Gas\n|move|p1a: Ogerpon|Encore||[still]\n|-fail|p1a: Ogerpon\n|\n|upkeep\n|turn|7\n|\n|t:|1699761026\n|move|p1a: Ogerpon|U-turn|p2a: Doug\n|-resisted|p2a: Doug\n|-damage|p2a: Doug|96\/100\n|\n|t:|1699761030\n|switch|p1a: Kingambit|Kingambit, M|100\/100|[from] U-turn\n|-damage|p1a: Kingambit|88\/100|[from] Spikes\n|move|p2a: Doug|Will-O-Wisp|p1a: Kingambit\n|-status|p1a: Kingambit|brn\n|-enditem|p1a: Kingambit|Lum Berry|[eat]\n|-curestatus|p1a: Kingambit|brn|[msg]\n|\n|-heal|p2a: Doug|100\/100|[from] item: Leftovers\n|upkeep\n|turn|8\n|\n|t:|1699761040\n|move|p2a: Doug|Will-O-Wisp|p1a: Kingambit\n|-status|p1a: Kingambit|brn\n|move|p1a: Kingambit|Iron Head|p2a: Doug\n|-supereffective|p2a: Doug\n|-damage|p2a: Doug|72\/100\n|\n|-heal|p2a: Doug|78\/100|[from] item: Leftovers\n|-damage|p1a: Kingambit|82\/100 brn|[from] brn\n|upkeep\n|turn|9\n|\n|t:|1699761050\n|-end|p2a: Doug|ability: Neutralizing Gas\n|-activate|p1a: Kingambit|ability: Supreme Overlord\n|-start|p1a: Kingambit|fallen1|[silent]\n|switch|p2a: Xuping\u00e3o|Chandelure, F|100\/100\n|move|p1a: Kingambit|Swords Dance|p1a: Kingambit\n|-boost|p1a: Kingambit|atk|2\n|\n|-damage|p1a: Kingambit|76\/100 brn|[from] brn\n|upkeep\n|turn|10\n|\n|t:|1699761056\n|move|p2a: Xuping\u00e3o|Substitute|p2a: Xuping\u00e3o\n|-start|p2a: Xuping\u00e3o|Substitute\n|-damage|p2a: Xuping\u00e3o|76\/100\n|move|p1a: Kingambit|Kowtow Cleave|p2a: Xuping\u00e3o\n|-supereffective|p2a: Xuping\u00e3o\n|-end|p2a: Xuping\u00e3o|Substitute\n|\n|-heal|p2a: Xuping\u00e3o|82\/100|[from] item: Leftovers\n|-damage|p1a: Kingambit|70\/100 brn|[from] brn\n|upkeep\n|turn|11\n|\n|t:|1699761061\n|move|p1a: Kingambit|Sucker Punch||[still]\n|-fail|p1a: Kingambit\n|move|p2a: Xuping\u00e3o|Substitute|p2a: Xuping\u00e3o\n|-start|p2a: Xuping\u00e3o|Substitute\n|-damage|p2a: Xuping\u00e3o|57\/100\n|\n|-heal|p2a: Xuping\u00e3o|63\/100|[from] item: Leftovers\n|-damage|p1a: Kingambit|63\/100 brn|[from] brn\n|upkeep\n|turn|12\n|\n|t:|1699761063\n|move|p1a: Kingambit|Sucker Punch|p2a: Xuping\u00e3o\n|-supereffective|p2a: Xuping\u00e3o\n|-end|p2a: Xuping\u00e3o|Substitute\n|move|p2a: Xuping\u00e3o|Flamethrower|p1a: Kingambit\n|-supereffective|p1a: Kingambit\n|-damage|p1a: Kingambit|0 fnt\n|faint|p1a: Kingambit\n|-end|p1a: Kingambit|fallen1|[silent]\n|\n|-heal|p2a: Xuping\u00e3o|69\/100|[from] item: Leftovers\n|upkeep\n|\n|t:|1699761070\n|switch|p1a: Greninja|Greninja, M|100\/100\n|-damage|p1a: Greninja|88\/100|[from] Spikes\n|turn|13\n|\n|t:|1699761094\n|switch|p2a: Voa|Tornadus-Therian, M|100\/100\n|move|p1a: Greninja|Dark Pulse|p2a: Voa\n|-damage|p2a: Voa|47\/100\n|-damage|p1a: Greninja|78\/100|[from] item: Life Orb\n|\n|upkeep\n|turn|14\n|inactive|boofmachine has 120 seconds left.\n|inactive|Velho Aidetico has 120 seconds left.\n|inactive|Velho Aidetico has 90 seconds left.\n|\n|t:|1699761179\n|switch|p1a: Gliscor|Gliscor, F|100\/100\n|move|p2a: Voa|U-turn|p1a: Gliscor\n|-resisted|p1a: Gliscor\n|-damage|p1a: Gliscor|96\/100\n|\n|t:|1699761184\n|switch|p2a: YAAAABBBYYYYY|Crawdaunt, F|100\/100|[from] U-turn\n|\n|-status|p1a: Gliscor|tox|[from] item: Toxic Orb\n|upkeep\n|turn|15\n|\n|t:|1699761196\n|move|p1a: Gliscor|Protect|p1a: Gliscor\n|-singleturn|p1a: Gliscor|Protect\n|move|p2a: YAAAABBBYYYYY|Knock Off|p1a: Gliscor\n|-activate|p1a: Gliscor|move: Protect\n|\n|-heal|p1a: Gliscor|100\/100 tox|[from] ability: Poison Heal\n|upkeep\n|turn|16\n|\n|t:|1699761206\n|move|p2a: YAAAABBBYYYYY|Knock Off|p1a: Gliscor\n|-damage|p1a: Gliscor|42\/100 tox\n|-enditem|p1a: Gliscor|Toxic Orb|[from] move: Knock Off|[of] p2a: YAAAABBBYYYYY\n|move|p1a: Gliscor|Spikes|p2a: YAAAABBBYYYYY\n|-sidestart|p2: Velho Aidetico|Spikes\n|\n|-heal|p1a: Gliscor|55\/100 tox|[from] ability: Poison Heal\n|upkeep\n|turn|17\n|\n|t:|1699761211\n|switch|p2a: Voa|Tornadus-Therian, M|81\/100\n|move|p1a: Gliscor|Protect||[still]\n|-fail|p1a: Gliscor\n|\n|-heal|p1a: Gliscor|67\/100 tox|[from] ability: Poison Heal\n|upkeep\n|turn|18\n|\n|t:|1699761214\n|move|p2a: Voa|Taunt|p1a: Gliscor\n|-start|p1a: Gliscor|move: Taunt\n|move|p1a: Gliscor|Facade|p2a: Voa\n|-damage|p2a: Voa|48\/100\n|\n|-heal|p1a: Gliscor|80\/100 tox|[from] ability: Poison Heal\n|upkeep\n|turn|19\n|\n|t:|1699761219\n|move|p2a: Voa|Bleakwind Storm|p1a: Gliscor\n|-damage|p1a: Gliscor|30\/100 tox\n|move|p1a: Gliscor|Facade|p2a: Voa\n|-damage|p2a: Voa|13\/100\n|\n|-heal|p1a: Gliscor|42\/100 tox|[from] ability: Poison Heal\n|upkeep\n|turn|20\n|\n|t:|1699761228\n|switch|p1a: Gholdengo|Gholdengo|100\/100\n|-damage|p1a: Gholdengo|88\/100|[from] Spikes\n|move|p2a: Voa|U-turn|p1a: Gholdengo\n|-resisted|p1a: Gholdengo\n|-damage|p1a: Gholdengo|85\/100\n|\n|t:|1699761234\n|switch|p2a: YAAAABBBYYYYY|Crawdaunt, F|100\/100|[from] U-turn\n|-damage|p2a: YAAAABBBYYYYY|88\/100|[from] Spikes\n|\n|-heal|p1a: Gholdengo|91\/100|[from] item: Leftovers\n|upkeep\n|turn|21\n|\n|t:|1699761244\n|switch|p1a: Gliscor|Gliscor, F|42\/100 tox\n|move|p2a: YAAAABBBYYYYY|Knock Off|p1a: Gliscor\n|-damage|p1a: Gliscor|2\/100 tox\n|\n|-heal|p1a: Gliscor|15\/100 tox|[from] ability: Poison Heal\n|upkeep\n|turn|22\n|\n|t:|1699761254\n|move|p1a: Gliscor|Protect|p1a: Gliscor\n|-singleturn|p1a: Gliscor|Protect\n|move|p2a: YAAAABBBYYYYY|Knock Off|p1a: Gliscor\n|-activate|p1a: Gliscor|move: Protect\n|\n|-heal|p1a: Gliscor|27\/100 tox|[from] ability: Poison Heal\n|upkeep\n|turn|23\n|\n|t:|1699761258\n|move|p1a: Gliscor|Protect||[still]\n|-fail|p1a: Gliscor\n|move|p2a: YAAAABBBYYYYY|Knock Off|p1a: Gliscor\n|-damage|p1a: Gliscor|0 fnt\n|faint|p1a: Gliscor\n|\n|upkeep\n|\n|t:|1699761264\n|switch|p1a: Ogerpon|Ogerpon-Wellspring, F|88\/100\n|-damage|p1a: Ogerpon|76\/100|[from] Spikes\n|turn|24\n|\n|t:|1699761272\n|switch|p2a: Doug|Weezing-Galar, M|78\/100\n|-ability|p2a: Doug|Neutralizing Gas\n|-damage|p2a: Doug|66\/100|[from] Spikes\n|move|p1a: Ogerpon|Ivy Cudgel|p2a: Doug\n|-damage|p2a: Doug|26\/100\n|\n|-heal|p2a: Doug|32\/100|[from] item: Leftovers\n|upkeep\n|turn|25\n|\n|t:|1699761281\n|-terastallize|p2a: Doug|Water\n|move|p1a: Ogerpon|Ivy Cudgel|p2a: Doug\n|-resisted|p2a: Doug\n|-damage|p2a: Doug|14\/100\n|move|p2a: Doug|Sludge Bomb|p1a: Ogerpon\n|-supereffective|p1a: Ogerpon\n|-damage|p1a: Ogerpon|13\/100\n|\n|-heal|p2a: Doug|20\/100|[from] item: Leftovers\n|upkeep\n|turn|26\n|\n|t:|1699761288\n|move|p1a: Ogerpon|Horn Leech|p2a: Doug\n|-supereffective|p2a: Doug\n|-damage|p2a: Doug|0 fnt\n|-heal|p1a: Ogerpon|24\/100|[from] drain|[of] p2a: Doug\n|faint|p2a: Doug\n|-end|p2a: Doug|ability: Neutralizing Gas\n|\n|upkeep\n|\n|t:|1699761293\n|switch|p2a: Voa|Tornadus-Therian, M|46\/100\n|turn|27\n|\n|t:|1699761296\n|move|p2a: Voa|U-turn|p1a: Ogerpon\n|-supereffective|p1a: Ogerpon\n|-damage|p1a: Ogerpon|0 fnt\n|faint|p1a: Ogerpon\n|\n|t:|1699761303\n|switch|p2a: Galudo|Gallade, M|100\/100|[from] U-turn\n|-damage|p2a: Galudo|88\/100|[from] Spikes\n|\n|upkeep\n|\n|t:|1699761307\n|switch|p1a: Gholdengo|Gholdengo|91\/100\n|-damage|p1a: Gholdengo|79\/100|[from] Spikes\n|turn|28\n|\n|t:|1699761310\n|move|p2a: Galudo|Night Slash|p1a: Gholdengo\n|-supereffective|p1a: Gholdengo\n|-damage|p1a: Gholdengo|12\/100\n|move|p1a: Gholdengo|Thunder Wave|p2a: Galudo|[miss]\n|-miss|p1a: Gholdengo|p2a: Galudo\n|\n|-heal|p1a: Gholdengo|18\/100|[from] item: Leftovers\n|upkeep\n|turn|29\n|\n|t:|1699761315\n|move|p2a: Galudo|Night Slash|p1a: Gholdengo\n|-supereffective|p1a: Gholdengo\n|-damage|p1a: Gholdengo|0 fnt\n|faint|p1a: Gholdengo\n|\n|upkeep\n|\n|t:|1699761317\n|switch|p1a: Greninja|Greninja, M|78\/100\n|-damage|p1a: Greninja|66\/100|[from] Spikes\n|turn|30\n|c|\u2606Velho Aidetico|Mb\n|c|\u2606boofmachine|u good\n|c|\u2606boofmachine|gg\n|\n|t:|1699761346\n|switch|p2a: Xuping\u00e3o|Chandelure, F|69\/100\n|-damage|p2a: Xuping\u00e3o|57\/100|[from] Spikes\n|move|p1a: Greninja|Dark Pulse|p2a: Xuping\u00e3o\n|-supereffective|p2a: Xuping\u00e3o\n|-damage|p2a: Xuping\u00e3o|0 fnt\n|faint|p2a: Xuping\u00e3o\n|-ability|p1a: Greninja|Battle Bond|boost\n|-boost|p1a: Greninja|atk|1\n|-boost|p1a: Greninja|spa|1\n|-boost|p1a: Greninja|spe|1\n|-activate|p1a: Greninja|ability: Battle Bond\n|-damage|p1a: Greninja|56\/100|[from] item: Life Orb\n|\n|upkeep\n|inactive|Velho Aidetico has 120 seconds left.\n|c|\u2606Velho Aidetico|Oh\n|c|\u2606boofmachine|oh?\n|c|\u2606Velho Aidetico|That gets a speed boost\n|c|\u2606Velho Aidetico|I'm stupid\n|c|\u2606boofmachine|that it does\n|c|\u2606Velho Aidetico|Throw of the century?\n|\n|t:|1699761375\n|switch|p2a: YAAAABBBYYYYY|Crawdaunt, F|88\/100\n|-damage|p2a: YAAAABBBYYYYY|76\/100|[from] Spikes\n|turn|31\n|c|\u2606boofmachine|i have nothing to hit crawdaunt tbh\n|c|\u2606boofmachine|i shouldve kept grass knot\n|c|\u2606boofmachine|switched it out for extrasensory\n|c|\u2606Velho Aidetico|For Pex?\n|inactive|boofmachine has 120 seconds left.\n|\n|t:|1699761418\n|move|p2a: YAAAABBBYYYYY|Aqua Jet|p1a: Greninja\n|-resisted|p1a: Greninja\n|-damage|p1a: Greninja|22\/100\n|move|p1a: Greninja|Hydro Pump|p2a: YAAAABBBYYYYY\n|-resisted|p2a: YAAAABBBYYYYY\n|-damage|p2a: YAAAABBBYYYYY|0 fnt\n|faint|p2a: YAAAABBBYYYYY\n|-damage|p1a: Greninja|12\/100|[from] item: Life Orb\n|\n|upkeep\n|\n|t:|1699761433\n|switch|p2a: Voa|Tornadus-Therian, M|80\/100\n|turn|32\n|inactive|boofmachine has 120 seconds left.\n|c|\u2606boofmachine|not really lol i just didnt like that grass knot did so little some times\n|\n|t:|1699761453\n|move|p1a: Greninja|Hydro Pump|p2a: Voa\n|-damage|p2a: Voa|0 fnt\n|faint|p2a: Voa\n|-damage|p1a: Greninja|3\/100|[from] item: Life Orb\n|\n|upkeep\n|c|\u2606Velho Aidetico|Ic\n|\n|t:|1699761457\n|switch|p2a: Galudo|Gallade, M|88\/100\n|-damage|p2a: Galudo|76\/100|[from] Spikes\n|turn|33\n|inactive|boofmachine has 120 seconds left.\n|c|\u2606Velho Aidetico|ggs either way\n|c|\u2606boofmachine|wp\n|c|\u2606boofmachine|outside of that one switch\n|\n|t:|1699761484\n|-terastallize|p1a: Greninja|Water\n|move|p1a: Greninja|Hydro Pump|p2a: Galudo\n|-damage|p2a: Galudo|0 fnt\n|faint|p2a: Galudo\n|-damage|p1a: Greninja|0 fnt|[from] item: Life Orb\n|faint|p1a: Greninja\n|\n|win|boofmachine\n|raw|boofmachine's rating: 1401 &rarr; <strong>1420<\/strong><br \/>(+19 for winning)\n|raw|Velho Aidetico's rating: 1388 &rarr; <strong>1369<\/strong><br \/>(-19 for losing)\n|c|\u2606boofmachine|gg\n|c|\u2606Velho Aidetico|Yeah\n|l|\u2606boofmachine\n","uploadtime":1699761500,"views":19,"p1id":"boofmachine","p2id":"velhoaidetico","formatid":"gen9ou","rating":1369,"private":0,"password":""}