{"id":"gen9ou-1996707982","p1":"AkiDes","p2":"Scooschmata","format":"[Gen 9] OU","log":"|j|\u2606AkiDes\n|j|\u203dScooschmata\n|t:|1700712518\n|gametype|singles\n|player|p1|AkiDes|cilan|1105\n|player|p2|Scooschmata|265|1164\n|teamsize|p1|6\n|teamsize|p2|6\n|gen|9\n|tier|[Gen 9] OU\n|rated|\n|rule|Sleep Clause Mod: Limit one foe put to sleep\n|rule|Species Clause: Limit one of each Pok\u00e9mon\n|rule|OHKO Clause: OHKO moves are banned\n|rule|Evasion Items Clause: Evasion items are banned\n|rule|Evasion Moves Clause: Evasion moves are banned\n|rule|Endless Battle Clause: Forcing endless battles is banned\n|rule|HP Percentage Mod: HP is shown in percentages\n|clearpoke\n|poke|p1|Greninja-*, M|\n|poke|p1|Dragonite, M|\n|poke|p1|Cinderace, M|\n|poke|p1|Mandibuzz, F|\n|poke|p1|Jolteon, M|\n|poke|p1|Gengar, F|\n|poke|p2|Thundurus, M|\n|poke|p2|Zamazenta-*|\n|poke|p2|Cinderace, M|\n|poke|p2|Iron Valiant|\n|poke|p2|Iron Moth|\n|poke|p2|Walking Wake|\n|teampreview\n|\n|t:|1700712524\n|start\n|switch|p1a: Chispin|Greninja, M, shiny|100\/100\n|switch|p2a: Thundurus|Thundurus, M|100\/100\n|turn|1\n|\n|t:|1700712530\n|move|p2a: Thundurus|Nasty Plot|p2a: Thundurus\n|-boost|p2a: Thundurus|spa|2\n|move|p1a: Chispin|Ice Beam|p2a: Thundurus\n|-start|p1a: Chispin|typechange|Ice|[from] ability: Protean\n|-supereffective|p2a: Thundurus\n|-enditem|p2a: Thundurus|Focus Sash\n|-damage|p2a: Thundurus|1\/100\n|\n|upkeep\n|turn|2\n|\n|t:|1700712539\n|switch|p1a: Jarcres|Jolteon, M|100\/100\n|move|p2a: Thundurus|Thunderbolt|p1a: Jarcres\n|-immune|p1a: Jarcres|[from] ability: Volt Absorb\n|\n|upkeep\n|turn|3\n|\n|t:|1700712548\n|move|p1a: Jarcres|Volt Switch|p2a: Thundurus\n|-damage|p2a: Thundurus|0 fnt\n|faint|p2a: Thundurus\n|\n|t:|1700712558\n|switch|p1a: SIUUUU|Cinderace, M|100\/100|[from] Volt Switch\n|\n|upkeep\n|\n|t:|1700712565\n|switch|p2a: Zamazenta|Zamazenta|100\/100\n|-ability|p2a: Zamazenta|Dauntless Shield|boost\n|-boost|p2a: Zamazenta|def|1\n|turn|4\n|\n|t:|1700712573\n|move|p2a: Zamazenta|Substitute|p2a: Zamazenta\n|-start|p2a: Zamazenta|Substitute\n|-damage|p2a: Zamazenta|76\/100\n|move|p1a: SIUUUU|Pyro Ball|p2a: Zamazenta\n|-end|p2a: Zamazenta|Substitute\n|\n|-heal|p2a: Zamazenta|82\/100|[from] item: Leftovers\n|upkeep\n|turn|5\n|\n|t:|1700712582\n|move|p2a: Zamazenta|Iron Defense|p2a: Zamazenta\n|-boost|p2a: Zamazenta|def|2\n|move|p1a: SIUUUU|Pyro Ball|p2a: Zamazenta\n|-damage|p2a: Zamazenta|66\/100\n|\n|-heal|p2a: Zamazenta|72\/100|[from] item: Leftovers\n|upkeep\n|turn|6\n|\n|t:|1700712594\n|move|p2a: Zamazenta|Substitute|p2a: Zamazenta\n|-start|p2a: Zamazenta|Substitute\n|-damage|p2a: Zamazenta|47\/100\n|move|p1a: SIUUUU|Pyro Ball|p2a: Zamazenta\n|-activate|p2a: Zamazenta|move: Substitute|[damage]\n|\n|-heal|p2a: Zamazenta|53\/100|[from] item: Leftovers\n|upkeep\n|turn|7\n|inactive|Battle timer is ON: inactive players will automatically lose when time's up. (requested by Scooschmata)\n|\n|t:|1700712610\n|move|p2a: Zamazenta|Iron Defense|p2a: Zamazenta\n|-boost|p2a: Zamazenta|def|2\n|move|p1a: SIUUUU|Pyro Ball|p2a: Zamazenta|[miss]\n|-miss|p1a: SIUUUU|p2a: Zamazenta\n|\n|-heal|p2a: Zamazenta|59\/100|[from] item: Leftovers\n|upkeep\n|turn|8\n|\n|t:|1700712621\n|move|p2a: Zamazenta|Body Press|p1a: SIUUUU\n|-damage|p1a: SIUUUU|0 fnt\n|faint|p1a: SIUUUU\n|\n|-heal|p2a: Zamazenta|65\/100|[from] item: Leftovers\n|upkeep\n|\n|t:|1700712627\n|switch|p1a: Jarcres|Jolteon, M|100\/100\n|turn|9\n|\n|t:|1700712635\n|move|p2a: Zamazenta|Body Press|p1a: Jarcres\n|-damage|p1a: Jarcres|0 fnt\n|faint|p1a: Jarcres\n|\n|-heal|p2a: Zamazenta|71\/100|[from] item: Leftovers\n|upkeep\n|\n|t:|1700712663\n|switch|p1a: Cacahuate|Dragonite, M|100\/100\n|turn|10\n|\n|t:|1700712683\n|-terastallize|p2a: Zamazenta|Steel\n|move|p2a: Zamazenta|Iron Defense|p2a: Zamazenta\n|-boost|p2a: Zamazenta|def|1\n|move|p1a: Cacahuate|Earthquake|p2a: Zamazenta\n|-supereffective|p2a: Zamazenta\n|-end|p2a: Zamazenta|Substitute\n|\n|-heal|p2a: Zamazenta|77\/100|[from] item: Leftovers\n|upkeep\n|turn|11\n|\n|t:|1700712698\n|switch|p1a: Clefable? ._.|Gengar, F|100\/100\n|move|p2a: Zamazenta|Body Press|p1a: Clefable? ._.\n|-immune|p1a: Clefable? ._.\n|\n|-heal|p2a: Zamazenta|83\/100|[from] item: Leftovers\n|upkeep\n|turn|12\n|\n|t:|1700712707\n|move|p2a: Zamazenta|Substitute|p2a: Zamazenta\n|-start|p2a: Zamazenta|Substitute\n|-damage|p2a: Zamazenta|59\/100\n|move|p1a: Clefable? ._.|Substitute|p1a: Clefable? ._.\n|-start|p1a: Clefable? ._.|Substitute\n|-damage|p1a: Clefable? ._.|76\/100\n|\n|-heal|p2a: Zamazenta|65\/100|[from] item: Leftovers\n|-heal|p1a: Clefable? ._.|82\/100|[from] item: Leftovers\n|upkeep\n|turn|13\n|\n|t:|1700712718\n|move|p2a: Zamazenta|Heavy Slam|p1a: Clefable? ._.\n|-end|p1a: Clefable? ._.|Substitute\n|move|p1a: Clefable? ._.|Shadow Ball|p2a: Zamazenta\n|-end|p2a: Zamazenta|Substitute\n|\n|-heal|p2a: Zamazenta|71\/100|[from] item: Leftovers\n|-heal|p1a: Clefable? ._.|88\/100|[from] item: Leftovers\n|upkeep\n|turn|14\n|\n|t:|1700712740\n|move|p2a: Zamazenta|Heavy Slam|p1a: Clefable? ._.\n|-damage|p1a: Clefable? ._.|0 fnt\n|faint|p1a: Clefable? ._.\n|\n|-heal|p2a: Zamazenta|77\/100|[from] item: Leftovers\n|upkeep\n|\n|t:|1700712743\n|switch|p1a: Cacahuate|Dragonite, M|100\/100\n|turn|15\n|\n|t:|1700712749\n|move|p2a: Zamazenta|Body Press|p1a: Cacahuate\n|-resisted|p1a: Cacahuate\n|-damage|p1a: Cacahuate|63\/100\n|move|p1a: Cacahuate|Fire Punch|p2a: Zamazenta\n|-supereffective|p2a: Zamazenta\n|-damage|p2a: Zamazenta|66\/100\n|\n|-heal|p2a: Zamazenta|72\/100|[from] item: Leftovers\n|upkeep\n|turn|16\n|\n|t:|1700712759\n|move|p2a: Zamazenta|Heavy Slam|p1a: Cacahuate\n|-damage|p1a: Cacahuate|47\/100\n|move|p1a: Cacahuate|Dragon Dance|p1a: Cacahuate\n|-boost|p1a: Cacahuate|atk|1\n|-boost|p1a: Cacahuate|spe|1\n|\n|-heal|p2a: Zamazenta|78\/100|[from] item: Leftovers\n|upkeep\n|turn|17\n|\n|t:|1700712772\n|move|p2a: Zamazenta|Body Press|p1a: Cacahuate\n|-resisted|p1a: Cacahuate\n|-damage|p1a: Cacahuate|0 fnt\n|faint|p1a: Cacahuate\n|\n|-heal|p2a: Zamazenta|84\/100|[from] item: Leftovers\n|upkeep\n|\n|t:|1700712779\n|switch|p1a: Chispin|Greninja, M, shiny|100\/100\n|turn|18\n|\n|t:|1700712784\n|move|p1a: Chispin|Hydro Pump|p2a: Zamazenta\n|-start|p1a: Chispin|typechange|Water|[from] ability: Protean\n|-damage|p2a: Zamazenta|49\/100\n|move|p2a: Zamazenta|Body Press|p1a: Chispin\n|-damage|p1a: Chispin|0 fnt\n|faint|p1a: Chispin\n|\n|-heal|p2a: Zamazenta|55\/100|[from] item: Leftovers\n|upkeep\n|\n|t:|1700712788\n|switch|p1a: Festin celestial|Mandibuzz, F|100\/100\n|turn|19\n|\n|t:|1700712796\n|move|p2a: Zamazenta|Body Press|p1a: Festin celestial\n|-crit|p1a: Festin celestial\n|-damage|p1a: Festin celestial|0 fnt\n|faint|p1a: Festin celestial\n|\n|win|Scooschmata\n|raw|AkiDes's rating: 1105 &rarr; <strong>1084<\/strong><br \/>(-21 for losing)\n|raw|Scooschmata's rating: 1164 &rarr; <strong>1185<\/strong><br \/>(+21 for winning)\n","uploadtime":1700712806,"views":4,"p1id":"akides","p2id":"scooschmata","formatid":"gen9ou","rating":1084,"private":0,"password":""}