{"id":"gen9ou-1993888239","p1":"resder1","p2":"Andrews Finn2","format":"[Gen 9] OU","log":"|j|\u2606resder1\n|j|\u2606Andrews Finn2\n|t:|1700370450\n|gametype|singles\n|player|p1|resder1|101|1216\n|player|p2|Andrews Finn2|steven|1182\n|teamsize|p1|6\n|teamsize|p2|6\n|gen|9\n|tier|[Gen 9] OU\n|rated|\n|rule|Sleep Clause Mod: Limit one foe put to sleep\n|rule|Species Clause: Limit one of each Pok\u00e9mon\n|rule|OHKO Clause: OHKO moves are banned\n|rule|Evasion Items Clause: Evasion items are banned\n|rule|Evasion Moves Clause: Evasion moves are banned\n|rule|Endless Battle Clause: Forcing endless battles is banned\n|rule|HP Percentage Mod: HP is shown in percentages\n|clearpoke\n|poke|p1|Alomomola, F|\n|poke|p1|Rillaboom, F|\n|poke|p1|Iron Treads|\n|poke|p1|Weavile, F|\n|poke|p1|Munkidori, M|\n|poke|p1|Blissey, F|\n|poke|p2|Alomomola, F|\n|poke|p2|Slowking-Galar, F|\n|poke|p2|Kingambit, F|\n|poke|p2|Great Tusk|\n|poke|p2|Cinderace, F|\n|poke|p2|Thundurus-Therian, M|\n|teampreview\n|\n|t:|1700370468\n|start\n|switch|p1a: Weavile|Weavile, F|100\/100\n|switch|p2a: Thundurus|Thundurus-Therian, M|100\/100\n|-ability|p1a: Weavile|Pressure\n|turn|1\n|\n|t:|1700370477\n|switch|p2a: Alomomola|Alomomola, F|100\/100\n|move|p1a: Weavile|Fake Out|p2a: Alomomola\n|-damage|p2a: Alomomola|92\/100\n|-enditem|p2a: Alomomola|Red Card|[of] p1a: Weavile\n|drag|p1a: Iron Treads|Iron Treads|100\/100\n|\n|upkeep\n|turn|2\n|\n|t:|1700370488\n|-end|p1a: Iron Treads|Quark Drive|[silent]\n|switch|p1a: Rillaboom|Rillaboom, F|100\/100\n|-fieldstart|move: Grassy Terrain|[from] ability: Grassy Surge|[of] p1a: Rillaboom\n|move|p2a: Alomomola|Wish|p2a: Alomomola\n|\n|-heal|p2a: Alomomola|98\/100|[from] Grassy Terrain\n|upkeep\n|turn|3\n|\n|t:|1700370497\n|switch|p2a: Cinderace|Cinderace, F|100\/100\n|move|p1a: Rillaboom|Grassy Glide|p2a: Cinderace\n|-resisted|p2a: Cinderace\n|-damage|p2a: Cinderace|73\/100\n|\n|-heal|p2a: Cinderace|100\/100|[from] move: Wish|[wisher] Alomomola\n|upkeep\n|turn|4\n|\n|t:|1700370505\n|switch|p1a: Alomomola|Alomomola, F|100\/100\n|move|p2a: Cinderace|Will-O-Wisp|p1a: Alomomola\n|-status|p1a: Alomomola|brn\n|\n|-damage|p1a: Alomomola|94\/100 brn|[from] brn\n|upkeep\n|turn|5\n|\n|t:|1700370516\n|switch|p2a: Slowking|Slowking-Galar, F|100\/100\n|move|p1a: Alomomola|Flip Turn|p2a: Slowking\n|-damage|p2a: Slowking|92\/100\n|\n|t:|1700370532\n|switch|p1a: Iron Treads|Iron Treads|100\/100|[from] Flip Turn\n|\n|-heal|p2a: Slowking|98\/100|[from] Grassy Terrain\n|upkeep\n|turn|6\n|\n|t:|1700370543\n|switch|p2a: Alomomola|Alomomola, F|100\/100\n|move|p1a: Iron Treads|Earthquake|p2a: Alomomola\n|-damage|p2a: Alomomola|87\/100\n|\n|-heal|p2a: Alomomola|93\/100|[from] Grassy Terrain\n|-fieldend|move: Grassy Terrain\n|upkeep\n|turn|7\n|\n|t:|1700370555\n|-end|p1a: Iron Treads|Quark Drive|[silent]\n|switch|p1a: Rillaboom|Rillaboom, F|100\/100\n|-fieldstart|move: Grassy Terrain|[from] ability: Grassy Surge|[of] p1a: Rillaboom\n|move|p2a: Alomomola|Wish|p2a: Alomomola\n|\n|-heal|p2a: Alomomola|99\/100|[from] Grassy Terrain\n|upkeep\n|turn|8\n|\n|t:|1700370567\n|switch|p2a: Cinderace|Cinderace, F|100\/100\n|move|p1a: Rillaboom|U-turn|p2a: Cinderace\n|-resisted|p2a: Cinderace\n|-damage|p2a: Cinderace|85\/100\n|\n|t:|1700370589\n|switch|p1a: Weavile|Weavile, F|100\/100|[from] U-turn\n|-ability|p1a: Weavile|Pressure\n|\n|-heal|p2a: Cinderace|100\/100|[from] move: Wish|[wisher] Alomomola\n|upkeep\n|turn|9\n|\n|t:|1700370649\n|move|p1a: Weavile|Fake Out|p2a: Cinderace\n|-crit|p2a: Cinderace\n|-damage|p2a: Cinderace|70\/100\n|cant|p2a: Cinderace|flinch\n|\n|-heal|p2a: Cinderace|76\/100|[from] Grassy Terrain\n|upkeep\n|turn|10\n|\n|t:|1700370657\n|move|p1a: Weavile|Knock Off|p2a: Cinderace\n|-damage|p2a: Cinderace|12\/100\n|-enditem|p2a: Cinderace|Heavy-Duty Boots|[from] move: Knock Off|[of] p1a: Weavile\n|move|p2a: Cinderace|U-turn|p1a: Weavile\n|-start|p2a: Cinderace|typechange|Bug|[from] ability: Libero\n|-supereffective|p1a: Weavile\n|-crit|p1a: Weavile\n|-enditem|p1a: Weavile|Focus Sash\n|-damage|p1a: Weavile|1\/100\n|\n|t:|1700370684\n|switch|p2a: Alomomola|Alomomola, F|100\/100|[from] U-turn\n|\n|-heal|p1a: Weavile|7\/100|[from] Grassy Terrain\n|upkeep\n|turn|11\n|\n|t:|1700370692\n|move|p1a: Weavile|Knock Off|p2a: Alomomola\n|-crit|p2a: Alomomola\n|-damage|p2a: Alomomola|72\/100\n|move|p2a: Alomomola|Wish|p2a: Alomomola\n|\n|-heal|p1a: Weavile|13\/100|[from] Grassy Terrain\n|-heal|p2a: Alomomola|78\/100|[from] Grassy Terrain\n|-fieldend|move: Grassy Terrain\n|upkeep\n|turn|12\n|\n|t:|1700370704\n|move|p1a: Weavile|Knock Off|p2a: Alomomola\n|-damage|p2a: Alomomola|59\/100\n|move|p2a: Alomomola|Flip Turn|p1a: Weavile\n|-damage|p1a: Weavile|0 fnt\n|faint|p1a: Weavile\n|\n|t:|1700370710\n|switch|p2a: Cinderace|Cinderace, F|12\/100|[from] Flip Turn\n|\n|-heal|p2a: Cinderace|91\/100|[from] move: Wish|[wisher] Alomomola\n|upkeep\n|\n|t:|1700370716\n|switch|p1a: Iron Treads|Iron Treads|100\/100\n|turn|13\n|\n|t:|1700370721\n|-terastallize|p1a: Iron Treads|Ground\n|move|p2a: Cinderace|U-turn|p1a: Iron Treads\n|-start|p2a: Cinderace|typechange|Bug|[from] ability: Libero\n|-damage|p1a: Iron Treads|72\/100\n|\n|t:|1700370731\n|switch|p2a: Thundurus|Thundurus-Therian, M|100\/100|[from] U-turn\n|move|p1a: Iron Treads|Earthquake|p2a: Thundurus\n|-immune|p2a: Thundurus\n|\n|upkeep\n|turn|14\n|\n|t:|1700370738\n|move|p1a: Iron Treads|Ice Spinner|p2a: Thundurus\n|-supereffective|p2a: Thundurus\n|-damage|p2a: Thundurus|4\/100\n|move|p2a: Thundurus|Grass Knot|p1a: Iron Treads\n|-supereffective|p1a: Iron Treads\n|-damage|p1a: Iron Treads|0 fnt\n|faint|p1a: Iron Treads\n|-end|p1a: Iron Treads|Quark Drive|[silent]\n|\n|upkeep\n|\n|t:|1700370743\n|switch|p1a: Munkidori|Munkidori, M|100\/100\n|turn|15\n|\n|t:|1700370747\n|switch|p2a: Slowking|Slowking-Galar, F|100\/100\n|move|p1a: Munkidori|Sludge Bomb|p2a: Slowking\n|-resisted|p2a: Slowking\n|-damage|p2a: Slowking|85\/100\n|\n|upkeep\n|turn|16\n|\n|t:|1700370758\n|move|p1a: Munkidori|U-turn|p2a: Slowking\n|-crit|p2a: Slowking\n|-damage|p2a: Slowking|69\/100\n|\n|t:|1700370760\n|switch|p1a: Blissey|Blissey, F|100\/100|[from] U-turn\n|move|p2a: Slowking|Future Sight|p1a: Blissey\n|-start|p2a: Slowking|move: Future Sight\n|\n|upkeep\n|turn|17\n|\n|t:|1700370764\n|move|p1a: Blissey|Seismic Toss|p2a: Slowking\n|-damage|p2a: Slowking|43\/100\n|move|p2a: Slowking|Chilly Reception|p2a: Slowking\n|-weather|Snow\n|\n|t:|1700370771\n|switch|p2a: Great Tusk|Great Tusk|100\/100|[from] Chilly Reception\n|\n|-weather|Snow|[upkeep]\n|upkeep\n|turn|18\n|\n|t:|1700370776\n|switch|p1a: Alomomola|Alomomola, F|100\/100 brn\n|move|p2a: Great Tusk|Stealth Rock|p1a: Alomomola\n|-sidestart|p1: resder1|move: Stealth Rock\n|\n|-weather|Snow|[upkeep]\n|-end|p1a: Alomomola|move: Future Sight\n|-damage|p1a: Alomomola|46\/100 brn\n|-heal|p1a: Alomomola|52\/100 brn|[from] item: Leftovers\n|-damage|p1a: Alomomola|46\/100 brn|[from] brn\n|upkeep\n|turn|19\n|\n|t:|1700370785\n|-end|p2a: Great Tusk|Protosynthesis|[silent]\n|switch|p2a: Alomomola|Alomomola, F|92\/100\n|move|p1a: Alomomola|Wish|p1a: Alomomola\n|\n|-weather|Snow|[upkeep]\n|-heal|p1a: Alomomola|52\/100 brn|[from] item: Leftovers\n|-damage|p1a: Alomomola|46\/100 brn|[from] brn\n|upkeep\n|turn|20\n|\n|t:|1700370794\n|move|p1a: Alomomola|Play Rough|p2a: Alomomola\n|-damage|p2a: Alomomola|87\/100\n|move|p2a: Alomomola|Wish|p2a: Alomomola\n|\n|-weather|Snow|[upkeep]\n|-heal|p1a: Alomomola|96\/100 brn|[from] move: Wish|[wisher] Alomomola\n|-heal|p1a: Alomomola|100\/100 brn|[from] item: Leftovers\n|-damage|p1a: Alomomola|94\/100 brn|[from] brn\n|upkeep\n|turn|21\n|\n|t:|1700370803\n|move|p1a: Alomomola|Flip Turn|p2a: Alomomola\n|-resisted|p2a: Alomomola\n|-damage|p2a: Alomomola|85\/100\n|\n|t:|1700370811\n|switch|p1a: Munkidori|Munkidori, M|100\/100|[from] Flip Turn\n|-damage|p1a: Munkidori|88\/100|[from] Stealth Rock\n|move|p2a: Alomomola|Flip Turn|p1a: Munkidori\n|-damage|p1a: Munkidori|62\/100\n|\n|t:|1700370817\n|switch|p2a: Slowking|Slowking-Galar, F|77\/100|[from] Flip Turn\n|\n|-weather|none\n|-heal|p2a: Slowking|100\/100|[from] move: Wish|[wisher] Alomomola\n|upkeep\n|turn|22\n|\n|t:|1700370823\n|move|p1a: Munkidori|U-turn|p2a: Slowking\n|-damage|p2a: Slowking|90\/100\n|\n|t:|1700370829\n|switch|p1a: Rillaboom|Rillaboom, F|100\/100|[from] U-turn\n|-damage|p1a: Rillaboom|88\/100|[from] Stealth Rock\n|-fieldstart|move: Grassy Terrain|[from] ability: Grassy Surge|[of] p1a: Rillaboom\n|move|p2a: Slowking|Future Sight|p1a: Rillaboom\n|-start|p2a: Slowking|move: Future Sight\n|\n|-heal|p1a: Rillaboom|94\/100|[from] Grassy Terrain\n|-heal|p2a: Slowking|96\/100|[from] Grassy Terrain\n|upkeep\n|turn|23\n|\n|t:|1700370838\n|switch|p2a: Cinderace|Cinderace, F|91\/100\n|move|p1a: Rillaboom|Grassy Glide|p2a: Cinderace\n|-resisted|p2a: Cinderace\n|-damage|p2a: Cinderace|64\/100\n|\n|-heal|p2a: Cinderace|70\/100|[from] Grassy Terrain\n|-heal|p1a: Rillaboom|100\/100|[from] Grassy Terrain\n|upkeep\n|turn|24\n|\n|t:|1700370847\n|move|p1a: Rillaboom|Grassy Glide|p2a: Cinderace\n|-resisted|p2a: Cinderace\n|-damage|p2a: Cinderace|42\/100\n|move|p2a: Cinderace|U-turn|p1a: Rillaboom\n|-start|p2a: Cinderace|typechange|Bug|[from] ability: Libero\n|-supereffective|p1a: Rillaboom\n|-damage|p1a: Rillaboom|24\/100\n|-enditem|p1a: Rillaboom|Eject Button\n|inactive|Battle timer is ON: inactive players will automatically lose when time's up. (requested by Andrews Finn2)\n|\n|t:|1700370880\n|switch|p1a: Munkidori|Munkidori, M|62\/100\n|-damage|p1a: Munkidori|50\/100|[from] Stealth Rock\n|\n|-end|p1a: Munkidori|move: Future Sight\n|-damage|p1a: Munkidori|0 fnt\n|faint|p1a: Munkidori\n|-heal|p2a: Cinderace|48\/100|[from] Grassy Terrain\n|upkeep\n|\n|t:|1700370890\n|switch|p1a: Alomomola|Alomomola, F|100\/100 brn\n|-damage|p1a: Alomomola|88\/100 brn|[from] Stealth Rock\n|turn|25\n|\n|t:|1700370894\n|move|p2a: Cinderace|U-turn|p1a: Alomomola\n|-damage|p1a: Alomomola|69\/100 brn\n|-message|resder1 forfeited.\n|\n|win|Andrews Finn2\n|raw|resder1's rating: 1216 &rarr; <strong>1189<\/strong><br \/>(-27 for losing)\n|raw|Andrews Finn2's rating: 1182 &rarr; <strong>1209<\/strong><br \/>(+27 for winning)\n|l|\u2606resder1\n","uploadtime":1700370901,"views":15,"p1id":"resder1","p2id":"andrewsfinn2","formatid":"gen9ou","rating":1189,"private":0,"password":""}