{"id":"gen9ou-1991657500","p1":"Santiri2mil","p2":"AubreyOmori1","format":"[Gen 9] OU","log":"|j|\u2606Santiri2mil\n|j|\u2606AubreyOmori1\n|t:|1700099277\n|gametype|singles\n|player|p1|Santiri2mil|170|1312\n|player|p2|AubreyOmori1|roxie|1345\n|teamsize|p1|6\n|teamsize|p2|6\n|gen|9\n|tier|[Gen 9] OU\n|rated|\n|rule|Sleep Clause Mod: Limit one foe put to sleep\n|rule|Species Clause: Limit one of each Pok\u00e9mon\n|rule|OHKO Clause: OHKO moves are banned\n|rule|Evasion Items Clause: Evasion items are banned\n|rule|Evasion Moves Clause: Evasion moves are banned\n|rule|Endless Battle Clause: Forcing endless battles is banned\n|rule|HP Percentage Mod: HP is shown in percentages\n|clearpoke\n|poke|p1|Garchomp, M|\n|poke|p1|Scizor, M|\n|poke|p1|Conkeldurr, M|\n|poke|p1|Milotic, F|\n|poke|p1|Skeledirge, M|\n|poke|p1|Zapdos|\n|poke|p2|Rillaboom, M|\n|poke|p2|Ogerpon-Wellspring, F|\n|poke|p2|Sneasler, F|\n|poke|p2|Manaphy|\n|poke|p2|Kingambit, M|\n|poke|p2|Heatran, M|\n|teampreview\n|inactive|Battle timer is ON: inactive players will automatically lose when time's up. (requested by Santiri2mil)\n|\n|t:|1700099286\n|start\n|switch|p1a: Zapdos|Zapdos|100\/100\n|switch|p2a: Donkey Kong|Rillaboom, M, shiny|100\/100\n|-fieldstart|move: Grassy Terrain|[from] ability: Grassy Surge|[of] p2a: Donkey Kong\n|turn|1\n|\n|t:|1700099292\n|move|p2a: Donkey Kong|U-turn|p1a: Zapdos\n|-resisted|p1a: Zapdos\n|-damage|p1a: Zapdos|80\/100\n|\n|t:|1700099297\n|switch|p2a: Firey|Heatran, M, shiny|100\/100|[from] U-turn\n|-item|p2a: Firey|Air Balloon\n|move|p1a: Zapdos|Heat Wave|p2a: Firey\n|-start|p2a: Firey|ability: Flash Fire\n|\n|-heal|p1a: Zapdos|86\/100|[from] item: Leftovers\n|upkeep\n|turn|2\n|\n|t:|1700099304\n|move|p1a: Zapdos|Thunderbolt|p2a: Firey\n|-damage|p2a: Firey|78\/100\n|-enditem|p2a: Firey|Air Balloon\n|move|p2a: Firey|Magma Storm|p1a: Zapdos\n|-crit|p1a: Zapdos\n|-damage|p1a: Zapdos|24\/100\n|-activate|p1a: Zapdos|move: Magma Storm|[of] p2a: Firey\n|\n|-heal|p1a: Zapdos|30\/100|[from] item: Leftovers\n|-heal|p2a: Firey|84\/100|[from] Grassy Terrain\n|-damage|p1a: Zapdos|18\/100|[from] move: Magma Storm|[partiallytrapped]\n|upkeep\n|turn|3\n|\n|t:|1700099312\n|move|p1a: Zapdos|Roost|p1a: Zapdos\n|-heal|p1a: Zapdos|68\/100\n|-singleturn|p1a: Zapdos|move: Roost\n|move|p2a: Firey|Stealth Rock|p1a: Zapdos\n|-sidestart|p1: Santiri2mil|move: Stealth Rock\n|\n|-heal|p1a: Zapdos|74\/100|[from] Grassy Terrain\n|-heal|p1a: Zapdos|80\/100|[from] item: Leftovers\n|-heal|p2a: Firey|90\/100|[from] Grassy Terrain\n|-damage|p1a: Zapdos|68\/100|[from] move: Magma Storm|[partiallytrapped]\n|upkeep\n|turn|4\n|\n|t:|1700099320\n|move|p1a: Zapdos|Thunder Wave|p2a: Firey\n|-status|p2a: Firey|par\n|move|p2a: Firey|Magma Storm|p1a: Zapdos\n|-crit|p1a: Zapdos\n|-damage|p1a: Zapdos|3\/100\n|\n|-heal|p1a: Zapdos|10\/100|[from] item: Leftovers\n|-heal|p2a: Firey|96\/100 par|[from] Grassy Terrain\n|-damage|p1a: Zapdos|0 fnt|[from] move: Magma Storm|[partiallytrapped]\n|faint|p1a: Zapdos\n|upkeep\n|\n|t:|1700099333\n|switch|p1a: Conkeldurr|Conkeldurr, M|100\/100\n|-damage|p1a: Conkeldurr|94\/100|[from] Stealth Rock\n|turn|5\n|\n|t:|1700099345\n|-end|p2a: Firey|ability: Flash Fire|[silent]\n|switch|p2a: Ashlyn|Sneasler, F, shiny|100\/100\n|-enditem|p2a: Ashlyn|Grassy Seed\n|-boost|p2a: Ashlyn|def|1|[from] item: Grassy Seed\n|move|p1a: Conkeldurr|Drain Punch|p2a: Ashlyn\n|-resisted|p2a: Ashlyn\n|-damage|p2a: Ashlyn|68\/100\n|-heal|p1a: Conkeldurr|100\/100|[from] drain|[of] p2a: Ashlyn\n|\n|-heal|p2a: Ashlyn|74\/100|[from] Grassy Terrain\n|-fieldend|move: Grassy Terrain\n|upkeep\n|turn|6\n|\n|t:|1700099365\n|move|p2a: Ashlyn|Swords Dance|p2a: Ashlyn\n|-boost|p2a: Ashlyn|atk|2\n|move|p1a: Conkeldurr|Ice Punch|p2a: Ashlyn\n|-damage|p2a: Ashlyn|32\/100\n|\n|upkeep\n|turn|7\n|\n|t:|1700099370\n|move|p2a: Ashlyn|Acrobatics|p1a: Conkeldurr\n|-supereffective|p1a: Conkeldurr\n|-damage|p1a: Conkeldurr|0 fnt\n|faint|p1a: Conkeldurr\n|\n|upkeep\n|\n|t:|1700099377\n|switch|p1a: Scizor|Scizor, M|100\/100\n|turn|8\n|\n|t:|1700099380\n|move|p1a: Scizor|Bullet Punch|p2a: Ashlyn\n|-damage|p2a: Ashlyn|0 fnt\n|faint|p2a: Ashlyn\n|\n|upkeep\n|\n|t:|1700099385\n|switch|p2a: Manaphy|Manaphy|100\/100\n|turn|9\n|\n|t:|1700099388\n|switch|p1a: Milotic|Milotic, F|100\/100\n|-damage|p1a: Milotic|88\/100|[from] Stealth Rock\n|-terastallize|p2a: Manaphy|Grass\n|move|p2a: Manaphy|Tail Glow|p2a: Manaphy\n|-boost|p2a: Manaphy|spa|3\n|\n|-heal|p1a: Milotic|94\/100|[from] item: Leftovers\n|upkeep\n|turn|10\n|\n|t:|1700099393\n|move|p2a: Manaphy|Energy Ball|p1a: Milotic\n|-supereffective|p1a: Milotic\n|-damage|p1a: Milotic|10\/100\n|-unboost|p1a: Milotic|spd|1\n|-ability|p1a: Milotic|Competitive|boost\n|-boost|p1a: Milotic|spa|2\n|move|p1a: Milotic|Haze|p1a: Milotic\n|-clearallboost\n|\n|-heal|p1a: Milotic|16\/100|[from] item: Leftovers\n|upkeep\n|turn|11\n|\n|t:|1700099401\n|move|p2a: Manaphy|Energy Ball|p1a: Milotic\n|-supereffective|p1a: Milotic\n|-damage|p1a: Milotic|0 fnt\n|faint|p1a: Milotic\n|\n|upkeep\n|\n|t:|1700099409\n|switch|p1a: Garchomp|Garchomp, M|100\/100\n|-damage|p1a: Garchomp|94\/100|[from] Stealth Rock\n|turn|12\n|\n|t:|1700099418\n|-terastallize|p1a: Garchomp|Fairy\n|move|p1a: Garchomp|Swords Dance|p1a: Garchomp\n|-boost|p1a: Garchomp|atk|2\n|move|p2a: Manaphy|Ice Beam|p1a: Garchomp\n|-damage|p1a: Garchomp|69\/100\n|\n|upkeep\n|turn|13\n|\n|t:|1700099424\n|switch|p2a: Donkey Kong|Rillaboom, M, shiny|100\/100\n|-fieldstart|move: Grassy Terrain|[from] ability: Grassy Surge|[of] p2a: Donkey Kong\n|move|p1a: Garchomp|Scale Shot|p2a: Donkey Kong\n|-damage|p2a: Donkey Kong|73\/100\n|-damage|p2a: Donkey Kong|43\/100\n|-damage|p2a: Donkey Kong|13\/100\n|-damage|p2a: Donkey Kong|0 fnt\n|faint|p2a: Donkey Kong\n|-hitcount|p2: Donkey Kong|4\n|-unboost|p1a: Garchomp|def|1\n|-boost|p1a: Garchomp|spe|1\n|\n|-heal|p1a: Garchomp|75\/100|[from] Grassy Terrain\n|upkeep\n|\n|t:|1700099435\n|switch|p2a: Hero|Kingambit, M, shiny|100\/100\n|-activate|p2a: Hero|ability: Supreme Overlord\n|-start|p2a: Hero|fallen2|[silent]\n|turn|14\n|\n|t:|1700099445\n|move|p1a: Garchomp|Earthquake|p2a: Hero\n|-supereffective|p2a: Hero\n|-damage|p2a: Hero|19\/100\n|move|p2a: Hero|Iron Head|p1a: Garchomp\n|-supereffective|p1a: Garchomp\n|-damage|p1a: Garchomp|0 fnt\n|-damage|p2a: Hero|7\/100|[from] ability: Rough Skin|[of] p1a: Garchomp\n|faint|p1a: Garchomp\n|\n|-heal|p2a: Hero|13\/100|[from] Grassy Terrain\n|-heal|p2a: Hero|19\/100|[from] item: Leftovers\n|upkeep\n|\n|t:|1700099453\n|switch|p1a: Scizor|Scizor, M|100\/100\n|turn|15\n|\n|t:|1700099457\n|-end|p2a: Hero|fallen2|[silent]\n|switch|p2a: Firey|Heatran, M, shiny|96\/100 par\n|move|p1a: Scizor|Bullet Punch|p2a: Firey\n|-resisted|p2a: Firey\n|-damage|p2a: Firey|90\/100 par\n|\n|-heal|p2a: Firey|96\/100 par|[from] Grassy Terrain\n|upkeep\n|turn|16\n|\n|t:|1700099462\n|move|p1a: Scizor|Close Combat|p2a: Firey\n|-supereffective|p2a: Firey\n|-damage|p2a: Firey|13\/100 par\n|-unboost|p1a: Scizor|def|1\n|-unboost|p1a: Scizor|spd|1\n|move|p2a: Firey|Magma Storm|p1a: Scizor\n|-supereffective|p1a: Scizor\n|-damage|p1a: Scizor|0 fnt\n|faint|p1a: Scizor\n|\n|-heal|p2a: Firey|19\/100 par|[from] Grassy Terrain\n|upkeep\n|\n|t:|1700099465\n|switch|p1a: Skeledirge|Skeledirge, M|100\/100\n|-damage|p1a: Skeledirge|76\/100|[from] Stealth Rock\n|turn|17\n|\n|t:|1700099469\n|move|p1a: Skeledirge|Shadow Ball|p2a: Firey\n|-damage|p2a: Firey|0 fnt\n|faint|p2a: Firey\n|\n|-heal|p1a: Skeledirge|82\/100|[from] Grassy Terrain\n|-heal|p1a: Skeledirge|88\/100|[from] item: Leftovers\n|-fieldend|move: Grassy Terrain\n|upkeep\n|\n|t:|1700099473\n|switch|p2a: Manaphy|Manaphy, tera:Grass|100\/100\n|turn|18\n|\n|t:|1700099480\n|move|p2a: Manaphy|Surf|p1a: Skeledirge\n|-supereffective|p1a: Skeledirge\n|-damage|p1a: Skeledirge|43\/100\n|move|p1a: Skeledirge|Torch Song|p2a: Manaphy\n|-supereffective|p2a: Manaphy\n|-damage|p2a: Manaphy|47\/100\n|-boost|p1a: Skeledirge|spa|1\n|-enditem|p2a: Manaphy|Sitrus Berry|[eat]\n|-heal|p2a: Manaphy|72\/100|[from] item: Sitrus Berry\n|\n|-heal|p1a: Skeledirge|49\/100|[from] item: Leftovers\n|upkeep\n|turn|19\n|\n|t:|1700099486\n|move|p2a: Manaphy|Tail Glow|p2a: Manaphy\n|-boost|p2a: Manaphy|spa|3\n|move|p1a: Skeledirge|Slack Off|p1a: Skeledirge\n|-heal|p1a: Skeledirge|99\/100\n|\n|-heal|p1a: Skeledirge|100\/100|[from] item: Leftovers\n|upkeep\n|turn|20\n|\n|t:|1700099495\n|move|p2a: Manaphy|Surf|p1a: Skeledirge\n|-supereffective|p1a: Skeledirge\n|-damage|p1a: Skeledirge|56\/100\n|move|p1a: Skeledirge|Torch Song|p2a: Manaphy\n|-supereffective|p2a: Manaphy\n|-damage|p2a: Manaphy|0 fnt\n|-boost|p1a: Skeledirge|spa|1\n|faint|p2a: Manaphy\n|\n|-heal|p1a: Skeledirge|62\/100|[from] item: Leftovers\n|upkeep\n|\n|t:|1700099499\n|switch|p2a: Gangle|Ogerpon-Wellspring, F|100\/100\n|turn|21\n|\n|t:|1700099502\n|move|p2a: Gangle|Ivy Cudgel|p1a: Skeledirge|[anim] Ivy Cudgel Water\n|-supereffective|p1a: Skeledirge\n|-crit|p1a: Skeledirge\n|-damage|p1a: Skeledirge|0 fnt\n|faint|p1a: Skeledirge\n|\n|win|AubreyOmori1\n|raw|Santiri2mil's rating: 1312 &rarr; <strong>1294<\/strong><br \/>(-18 for losing)\n|raw|AubreyOmori1's rating: 1345 &rarr; <strong>1363<\/strong><br \/>(+18 for winning)\n|l|\u2606Santiri2mil\n","uploadtime":1700099508,"views":7,"p1id":"santiri2mil","p2id":"aubreyomori1","formatid":"gen9ou","rating":1294,"private":0,"password":""}