{"id":"gen9ou-1988559027","p1":"Gnome.jpg","p2":"SDK04","format":"[Gen 9] OU","log":"|j|\u2606Gnome.jpg\n|j|\u2606SDK04\n|t:|1699736028\n|gametype|singles\n|player|p1|Gnome.jpg|101|1457\n|player|p2|SDK04|unknown|1574\n|teamsize|p1|6\n|teamsize|p2|6\n|gen|9\n|tier|[Gen 9] OU\n|rated|\n|rule|Sleep Clause Mod: Limit one foe put to sleep\n|rule|Species Clause: Limit one of each Pok\u00e9mon\n|rule|OHKO Clause: OHKO moves are banned\n|rule|Evasion Items Clause: Evasion items are banned\n|rule|Evasion Moves Clause: Evasion moves are banned\n|rule|Endless Battle Clause: Forcing endless battles is banned\n|rule|HP Percentage Mod: HP is shown in percentages\n|clearpoke\n|poke|p1|Gliscor, F|\n|poke|p1|Manaphy|\n|poke|p1|Rillaboom, M|\n|poke|p1|Gholdengo|\n|poke|p1|Kingambit, F|\n|poke|p1|Ceruledge, F|\n|poke|p2|Ribombee, F|\n|poke|p2|Manaphy|\n|poke|p2|Iron Moth|\n|poke|p2|Kingambit, F|\n|poke|p2|Gholdengo|\n|poke|p2|Breloom, M|\n|teampreview\n|inactive|Battle timer is ON: inactive players will automatically lose when time's up. (requested by SDK04)\n|\n|t:|1699736047\n|start\n|switch|p1a: Gliscor|Gliscor, F|100\/100\n|switch|p2a: Ribombee|Ribombee, F|100\/100\n|turn|1\n|\n|t:|1699736051\n|move|p1a: Gliscor|Protect|p1a: Gliscor\n|-singleturn|p1a: Gliscor|Protect\n|move|p2a: Ribombee|Stun Spore|p1a: Gliscor\n|-activate|p1a: Gliscor|move: Protect\n|\n|-status|p1a: Gliscor|tox|[from] item: Toxic Orb\n|upkeep\n|turn|2\n|\n|t:|1699736056\n|move|p2a: Ribombee|Sticky Web|p1a: Gliscor\n|-sidestart|p1: Gnome.jpg|move: Sticky Web\n|move|p1a: Gliscor|Knock Off|p2a: Ribombee\n|-resisted|p2a: Ribombee\n|-damage|p2a: Ribombee|79\/100\n|-enditem|p2a: Ribombee|Focus Sash|[from] move: Knock Off|[of] p1a: Gliscor\n|\n|upkeep\n|turn|3\n|\n|t:|1699736060\n|move|p2a: Ribombee|Moonblast|p1a: Gliscor\n|-damage|p1a: Gliscor|53\/100 tox\n|move|p1a: Gliscor|Spikes|p2a: Ribombee\n|-sidestart|p2: SDK04|Spikes\n|\n|-heal|p1a: Gliscor|65\/100 tox|[from] ability: Poison Heal\n|upkeep\n|turn|4\n|\n|t:|1699736064\n|move|p1a: Gliscor|Protect|p1a: Gliscor\n|-singleturn|p1a: Gliscor|Protect\n|move|p2a: Ribombee|Moonblast|p1a: Gliscor\n|-activate|p1a: Gliscor|move: Protect\n|\n|-heal|p1a: Gliscor|78\/100 tox|[from] ability: Poison Heal\n|upkeep\n|turn|5\n|\n|t:|1699736066\n|move|p2a: Ribombee|Moonblast|p1a: Gliscor\n|-damage|p1a: Gliscor|26\/100 tox\n|move|p1a: Gliscor|Toxic|p2a: Ribombee|[miss]\n|-miss|p1a: Gliscor|p2a: Ribombee\n|\n|-heal|p1a: Gliscor|38\/100 tox|[from] ability: Poison Heal\n|upkeep\n|turn|6\n|\n|t:|1699736070\n|move|p1a: Gliscor|Protect|p1a: Gliscor\n|-singleturn|p1a: Gliscor|Protect\n|move|p2a: Ribombee|Moonblast|p1a: Gliscor\n|-activate|p1a: Gliscor|move: Protect\n|\n|-heal|p1a: Gliscor|51\/100 tox|[from] ability: Poison Heal\n|upkeep\n|turn|7\n|\n|t:|1699736075\n|switch|p1a: Ceruledge|Ceruledge, F|100\/100\n|move|p2a: Ribombee|Moonblast|p1a: Ceruledge\n|-resisted|p1a: Ceruledge\n|-damage|p1a: Ceruledge|87\/100\n|\n|upkeep\n|turn|8\n|\n|t:|1699736092\n|switch|p1a: Gliscor|Gliscor, F|51\/100 tox\n|move|p2a: Ribombee|Stun Spore||[still]\n|-fail|p2a: Ribombee\n|\n|-heal|p1a: Gliscor|63\/100 tox|[from] ability: Poison Heal\n|upkeep\n|turn|9\n|\n|t:|1699736096\n|move|p2a: Ribombee|Moonblast|p1a: Gliscor\n|-damage|p1a: Gliscor|11\/100 tox\n|move|p1a: Gliscor|Toxic|p2a: Ribombee\n|-status|p2a: Ribombee|tox\n|\n|-damage|p2a: Ribombee|73\/100 tox|[from] psn\n|-heal|p1a: Gliscor|24\/100 tox|[from] ability: Poison Heal\n|upkeep\n|turn|10\n|\n|t:|1699736101\n|move|p1a: Gliscor|Protect|p1a: Gliscor\n|-singleturn|p1a: Gliscor|Protect\n|move|p2a: Ribombee|Psychic|p1a: Gliscor\n|-activate|p1a: Gliscor|move: Protect\n|\n|-damage|p2a: Ribombee|60\/100 tox|[from] psn\n|-heal|p1a: Gliscor|36\/100 tox|[from] ability: Poison Heal\n|upkeep\n|turn|11\n|\n|t:|1699736106\n|switch|p1a: Ceruledge|Ceruledge, F|87\/100\n|move|p2a: Ribombee|Moonblast|p1a: Ceruledge\n|-resisted|p1a: Ceruledge\n|-damage|p1a: Ceruledge|73\/100\n|-unboost|p1a: Ceruledge|spa|1\n|\n|-damage|p2a: Ribombee|42\/100 tox|[from] psn\n|upkeep\n|turn|12\n|\n|t:|1699736111\n|move|p2a: Ribombee|Psychic|p1a: Ceruledge\n|-damage|p1a: Ceruledge|54\/100\n|move|p1a: Ceruledge|Bitter Blade|p2a: Ribombee\n|-supereffective|p2a: Ribombee\n|-damage|p2a: Ribombee|0 fnt\n|-heal|p1a: Ceruledge|70\/100|[from] drain|[of] p2a: Ribombee\n|faint|p2a: Ribombee\n|\n|upkeep\n|\n|t:|1699736115\n|switch|p2a: Iron Moth|Iron Moth|100\/100\n|-damage|p2a: Iron Moth|88\/100|[from] Spikes\n|-enditem|p2a: Iron Moth|Booster Energy\n|-activate|p2a: Iron Moth|ability: Quark Drive|[fromitem]\n|-start|p2a: Iron Moth|quarkdrivespa\n|turn|13\n|\n|t:|1699736124\n|move|p2a: Iron Moth|Psychic|p1a: Ceruledge\n|-damage|p1a: Ceruledge|40\/100\n|move|p1a: Ceruledge|Bitter Blade|p2a: Iron Moth\n|-resisted|p2a: Iron Moth\n|-damage|p2a: Iron Moth|55\/100\n|-heal|p1a: Ceruledge|54\/100|[from] drain|[of] p2a: Iron Moth\n|\n|upkeep\n|turn|14\n|\n|t:|1699736136\n|move|p2a: Iron Moth|Psychic|p1a: Ceruledge\n|-damage|p1a: Ceruledge|26\/100\n|move|p1a: Ceruledge|Bitter Blade|p2a: Iron Moth\n|-resisted|p2a: Iron Moth\n|-damage|p2a: Iron Moth|23\/100\n|-heal|p1a: Ceruledge|40\/100|[from] drain|[of] p2a: Iron Moth\n|\n|upkeep\n|turn|15\n|\n|t:|1699736140\n|move|p2a: Iron Moth|Psychic|p1a: Ceruledge\n|-damage|p1a: Ceruledge|8\/100\n|move|p1a: Ceruledge|Bitter Blade|p2a: Iron Moth\n|-resisted|p2a: Iron Moth\n|-damage|p2a: Iron Moth|0 fnt\n|-heal|p1a: Ceruledge|17\/100|[from] drain|[of] p2a: Iron Moth\n|faint|p2a: Iron Moth\n|-end|p2a: Iron Moth|Quark Drive|[silent]\n|\n|upkeep\n|\n|t:|1699736145\n|switch|p2a: Manaphy|Manaphy|100\/100\n|-damage|p2a: Manaphy|88\/100|[from] Spikes\n|turn|16\n|\n|t:|1699736152\n|switch|p1a: Rillaboom|Rillaboom, M|100\/100\n|-activate|p1a: Rillaboom|move: Sticky Web\n|-unboost|p1a: Rillaboom|spe|1\n|-fieldstart|move: Grassy Terrain|[from] ability: Grassy Surge|[of] p1a: Rillaboom\n|move|p2a: Manaphy|Tail Glow|p2a: Manaphy\n|-boost|p2a: Manaphy|spa|3\n|\n|-heal|p2a: Manaphy|94\/100|[from] Grassy Terrain\n|-heal|p2a: Manaphy|100\/100|[from] item: Leftovers\n|upkeep\n|turn|17\n|\n|t:|1699736159\n|-terastallize|p2a: Manaphy|Fairy\n|move|p1a: Rillaboom|Grassy Glide|p2a: Manaphy\n|-damage|p2a: Manaphy|51\/100\n|move|p2a: Manaphy|Ice Beam|p1a: Rillaboom\n|-supereffective|p1a: Rillaboom\n|-damage|p1a: Rillaboom|0 fnt\n|faint|p1a: Rillaboom\n|\n|-heal|p2a: Manaphy|58\/100|[from] Grassy Terrain\n|-heal|p2a: Manaphy|64\/100|[from] item: Leftovers\n|upkeep\n|\n|t:|1699736172\n|switch|p1a: Kingambit|Kingambit, F|100\/100\n|-activate|p1a: Kingambit|move: Sticky Web\n|-unboost|p1a: Kingambit|spe|1\n|-activate|p1a: Kingambit|ability: Supreme Overlord\n|-start|p1a: Kingambit|fallen1|[silent]\n|turn|18\n|\n|t:|1699736176\n|move|p2a: Manaphy|Surf|p1a: Kingambit\n|-damage|p1a: Kingambit|0 fnt\n|faint|p1a: Kingambit\n|-end|p1a: Kingambit|fallen1|[silent]\n|\n|-heal|p2a: Manaphy|70\/100|[from] Grassy Terrain\n|-heal|p2a: Manaphy|76\/100|[from] item: Leftovers\n|upkeep\n|-message|Gnome.jpg forfeited.\n|\n|win|SDK04\n|raw|Gnome.jpg's rating: 1457 &rarr; <strong>1443<\/strong><br \/>(-14 for losing)\n|raw|SDK04's rating: 1557 &rarr; <strong>1571<\/strong><br \/>(+14 for winning)\n|l|\u2606Gnome.jpg\n","uploadtime":1699736184,"views":19,"p1id":"gnomejpg","p2id":"sdk04","formatid":"gen9ou","rating":1443,"private":0,"password":""}