{"id":"gen9ou-1995972311","p1":"Joker040921","p2":"C0LDBREW","format":"[Gen 9] OU","log":"|j|\u2606Joker040921\n|j|\u2606C0LDBREW\n|t:|1700623787\n|gametype|singles\n|player|p1|Joker040921|102|1166\n|player|p2|C0LDBREW|2|1174\n|teamsize|p1|6\n|teamsize|p2|6\n|gen|9\n|tier|[Gen 9] OU\n|rated|\n|rule|Sleep Clause Mod: Limit one foe put to sleep\n|rule|Species Clause: Limit one of each Pok\u00e9mon\n|rule|OHKO Clause: OHKO moves are banned\n|rule|Evasion Items Clause: Evasion items are banned\n|rule|Evasion Moves Clause: Evasion moves are banned\n|rule|Endless Battle Clause: Forcing endless battles is banned\n|rule|HP Percentage Mod: HP is shown in percentages\n|clearpoke\n|poke|p1|Great Tusk|\n|poke|p1|Iron Valiant|\n|poke|p1|Glimmora, F|\n|poke|p1|Gholdengo|\n|poke|p1|Moltres|\n|poke|p1|Sandy Shocks|\n|poke|p2|Heatran, M|\n|poke|p2|Rillaboom, F|\n|poke|p2|Volcanion|\n|poke|p2|Ninetales-Alola, F|\n|poke|p2|Kingambit, F|\n|poke|p2|Mandibuzz, F|\n|teampreview\n|inactive|Battle timer is ON: inactive players will automatically lose when time's up. (requested by C0LDBREW)\n|inactive|Joker040921 has 120 seconds left.\n|inactive|Joker040921 has 90 seconds left.\n|\n|t:|1700623886\n|start\n|switch|p1a: Sandy Shocks|Sandy Shocks|100\/100\n|switch|p2a: Volcanion|Volcanion|100\/100\n|-enditem|p1a: Sandy Shocks|Booster Energy\n|-activate|p1a: Sandy Shocks|ability: Protosynthesis|[fromitem]\n|-start|p1a: Sandy Shocks|protosynthesisspe\n|turn|1\n|\n|t:|1700623904\n|switch|p2a: Rillaboom|Rillaboom, F, shiny|100\/100\n|-fieldstart|move: Grassy Terrain|[from] ability: Grassy Surge|[of] p2a: Rillaboom\n|move|p1a: Sandy Shocks|Substitute|p1a: Sandy Shocks\n|-start|p1a: Sandy Shocks|Substitute\n|-damage|p1a: Sandy Shocks|76\/100\n|\n|-heal|p1a: Sandy Shocks|82\/100|[from] Grassy Terrain\n|upkeep\n|turn|2\n|\n|t:|1700623920\n|move|p1a: Sandy Shocks|Sunny Day|p1a: Sandy Shocks\n|-weather|SunnyDay\n|move|p2a: Rillaboom|Trailblaze|p1a: Sandy Shocks\n|-supereffective|p1a: Sandy Shocks\n|-end|p1a: Sandy Shocks|Substitute\n|-boost|p2a: Rillaboom|spe|1\n|\n|-weather|SunnyDay|[upkeep]\n|-heal|p1a: Sandy Shocks|88\/100|[from] Grassy Terrain\n|upkeep\n|turn|3\n|\n|t:|1700623934\n|-end|p1a: Sandy Shocks|Protosynthesis|[silent]\n|switch|p1a: Moltres|Moltres|100\/100\n|move|p2a: Rillaboom|Trailblaze|p1a: Moltres\n|-resisted|p1a: Moltres\n|-damage|p1a: Moltres|93\/100\n|-boost|p2a: Rillaboom|spe|1\n|-status|p2a: Rillaboom|brn|[from] ability: Flame Body|[of] p1a: Moltres\n|\n|-weather|SunnyDay|[upkeep]\n|-heal|p1a: Moltres|99\/100|[from] item: Leftovers\n|-damage|p2a: Rillaboom|94\/100 brn|[from] brn\n|upkeep\n|turn|4\n|\n|t:|1700623946\n|move|p2a: Rillaboom|Knock Off|p1a: Moltres\n|-damage|p1a: Moltres|83\/100\n|-enditem|p1a: Moltres|Leftovers|[from] move: Knock Off|[of] p2a: Rillaboom\n|move|p1a: Moltres|Hurricane|p2a: Rillaboom\n|-supereffective|p2a: Rillaboom\n|-damage|p2a: Rillaboom|0 fnt\n|faint|p2a: Rillaboom\n|\n|-weather|SunnyDay|[upkeep]\n|upkeep\n|\n|t:|1700623961\n|switch|p2a: Volcanion|Volcanion|100\/100\n|turn|5\n|\n|t:|1700623984\n|move|p1a: Moltres|Hurricane|p2a: Volcanion\n|-damage|p2a: Volcanion|53\/100\n|move|p2a: Volcanion|Overheat|p1a: Moltres\n|-resisted|p1a: Moltres\n|-damage|p1a: Moltres|23\/100\n|-unboost|p2a: Volcanion|spa|2\n|\n|-weather|SunnyDay|[upkeep]\n|-heal|p2a: Volcanion|59\/100|[from] Grassy Terrain\n|-fieldend|move: Grassy Terrain\n|upkeep\n|turn|6\n|\n|t:|1700624013\n|switch|p2a: Ninetales|Ninetales-Alola, F, shiny|100\/100\n|-weather|Snow|[from] ability: Snow Warning|[of] p2a: Ninetales\n|move|p1a: Moltres|Roost|p1a: Moltres\n|-heal|p1a: Moltres|73\/100\n|-singleturn|p1a: Moltres|move: Roost\n|\n|-weather|Snow|[upkeep]\n|upkeep\n|turn|7\n|\n|t:|1700624019\n|switch|p1a: Gholdengo|Gholdengo|100\/100\n|move|p2a: Ninetales|Aurora Veil|p2a: Ninetales\n|-sidestart|p2: C0LDBREW|move: Aurora Veil\n|\n|-weather|Snow|[upkeep]\n|upkeep\n|turn|8\n|\n|t:|1700624025\n|switch|p2a: Kingambit|Kingambit, F, shiny|100\/100\n|-activate|p2a: Kingambit|ability: Supreme Overlord\n|-start|p2a: Kingambit|fallen1|[silent]\n|move|p1a: Gholdengo|Thunder Wave|p2a: Kingambit\n|-status|p2a: Kingambit|par\n|\n|-weather|Snow|[upkeep]\n|upkeep\n|turn|9\n|\n|t:|1700624036\n|switch|p1a: Moltres|Moltres|73\/100\n|move|p2a: Kingambit|Swords Dance|p2a: Kingambit\n|-boost|p2a: Kingambit|atk|2\n|\n|-weather|Snow|[upkeep]\n|upkeep\n|turn|10\n|\n|t:|1700624042\n|cant|p2a: Kingambit|par\n|move|p1a: Moltres|Fire Blast|p2a: Kingambit\n|-supereffective|p2a: Kingambit\n|-damage|p2a: Kingambit|53\/100 par\n|\n|-weather|none\n|-heal|p2a: Kingambit|59\/100 par|[from] item: Leftovers\n|upkeep\n|turn|11\n|\n|t:|1700624049\n|move|p2a: Kingambit|Sucker Punch|p1a: Moltres\n|-damage|p1a: Moltres|0 fnt\n|faint|p1a: Moltres\n|\n|-heal|p2a: Kingambit|65\/100 par|[from] item: Leftovers\n|upkeep\n|\n|t:|1700624056\n|switch|p1a: Iron Valiant|Iron Valiant|100\/100\n|turn|12\n|\n|t:|1700624067\n|move|p1a: Iron Valiant|Focus Blast|p2a: Kingambit\n|-supereffective|p2a: Kingambit\n|-damage|p2a: Kingambit|0 fnt\n|faint|p2a: Kingambit\n|-end|p2a: Kingambit|fallen1|[silent]\n|\n|upkeep\n|\n|t:|1700624074\n|switch|p2a: Ninetales|Ninetales-Alola, F, shiny|100\/100\n|-weather|Snow|[from] ability: Snow Warning|[of] p2a: Ninetales\n|turn|13\n|\n|t:|1700624077\n|-end|p1a: Iron Valiant|Quark Drive|[silent]\n|switch|p1a: Gholdengo|Gholdengo|100\/100\n|move|p2a: Ninetales|Moonblast|p1a: Gholdengo\n|-resisted|p1a: Gholdengo\n|-damage|p1a: Gholdengo|81\/100\n|-unboost|p1a: Gholdengo|spa|1\n|-enditem|p1a: Gholdengo|Red Card|[of] p2a: Ninetales\n|drag|p2a: Mandibuzz|Mandibuzz, F|100\/100\n|\n|-weather|Snow|[upkeep]\n|upkeep\n|turn|14\n|\n|t:|1700624097\n|switch|p1a: Sandy Shocks|Sandy Shocks|88\/100\n|move|p2a: Mandibuzz|Knock Off|p1a: Sandy Shocks\n|-damage|p1a: Sandy Shocks|70\/100\n|\n|-weather|Snow|[upkeep]\n|-sideend|p2: C0LDBREW|move: Aurora Veil\n|upkeep\n|turn|15\n|\n|t:|1700624113\n|switch|p2a: Ninetales|Ninetales-Alola, F, shiny|100\/100\n|move|p1a: Sandy Shocks|Thunderbolt|p2a: Ninetales\n|-damage|p2a: Ninetales|51\/100\n|\n|-weather|Snow|[upkeep]\n|upkeep\n|turn|16\n|\n|t:|1700624122\n|-end|p1a: Sandy Shocks|Protosynthesis|[silent]\n|switch|p1a: Gholdengo|Gholdengo|81\/100\n|move|p2a: Ninetales|Aurora Veil|p2a: Ninetales\n|-sidestart|p2: C0LDBREW|move: Aurora Veil\n|\n|-weather|Snow|[upkeep]\n|upkeep\n|turn|17\n|\n|t:|1700624131\n|switch|p2a: Heatran|Heatran, M|100\/100\n|move|p1a: Gholdengo|Thunder Wave|p2a: Heatran|[miss]\n|-miss|p1a: Gholdengo|p2a: Heatran\n|\n|-weather|none\n|upkeep\n|turn|18\n|\n|t:|1700624145\n|switch|p1a: Glimmora|Glimmora, F|100\/100\n|move|p2a: Heatran|Magma Storm|p1a: Glimmora|[miss]\n|-miss|p2a: Heatran|p1a: Glimmora\n|\n|upkeep\n|turn|19\n|\n|t:|1700624151\n|move|p1a: Glimmora|Stealth Rock|p2a: Heatran\n|-sidestart|p2: C0LDBREW|move: Stealth Rock\n|move|p2a: Heatran|Earth Power|p1a: Glimmora\n|-supereffective|p1a: Glimmora\n|-enditem|p1a: Glimmora|Focus Sash\n|-damage|p1a: Glimmora|1\/100\n|\n|upkeep\n|turn|20\n|\n|t:|1700624168\n|switch|p1a: Sandy Shocks|Sandy Shocks|70\/100\n|move|p2a: Heatran|Earth Power|p1a: Sandy Shocks\n|-supereffective|p1a: Sandy Shocks\n|-crit|p1a: Sandy Shocks\n|-damage|p1a: Sandy Shocks|0 fnt\n|faint|p1a: Sandy Shocks\n|-end|p1a: Sandy Shocks|Protosynthesis|[silent]\n|\n|upkeep\n|\n|t:|1700624175\n|switch|p1a: Great Tusk|Great Tusk|100\/100\n|turn|21\n|\n|t:|1700624190\n|-terastallize|p2a: Heatran|Bug\n|-terastallize|p1a: Great Tusk|Water\n|move|p2a: Heatran|Magma Storm|p1a: Great Tusk\n|-resisted|p1a: Great Tusk\n|-crit|p1a: Great Tusk\n|-damage|p1a: Great Tusk|64\/100\n|-activate|p1a: Great Tusk|move: Magma Storm|[of] p2a: Heatran\n|move|p1a: Great Tusk|Knock Off|p2a: Heatran\n|-damage|p2a: Heatran|81\/100\n|-enditem|p2a: Heatran|Leftovers|[from] move: Knock Off|[of] p1a: Great Tusk\n|\n|-damage|p1a: Great Tusk|51\/100|[from] move: Magma Storm|[partiallytrapped]\n|upkeep\n|turn|22\n|\n|t:|1700624208\n|move|p2a: Heatran|Stealth Rock|p1a: Great Tusk\n|-sidestart|p1: Joker040921|move: Stealth Rock\n|move|p1a: Great Tusk|Earthquake|p2a: Heatran\n|-resisted|p2a: Heatran\n|-damage|p2a: Heatran|66\/100\n|\n|-damage|p1a: Great Tusk|39\/100|[from] move: Magma Storm|[partiallytrapped]\n|upkeep\n|turn|23\n|\n|t:|1700624211\n|move|p2a: Heatran|Earth Power|p1a: Great Tusk\n|-damage|p1a: Great Tusk|9\/100\n|-unboost|p1a: Great Tusk|spd|1\n|move|p1a: Great Tusk|Rapid Spin|p2a: Heatran\n|-damage|p2a: Heatran|57\/100\n|-boost|p1a: Great Tusk|spe|1\n|-sideend|p1: Joker040921|Stealth Rock|[from] move: Rapid Spin|[of] p1a: Great Tusk\n|-end|p1a: Great Tusk|Magma Storm|[partiallytrapped]\n|\n|-sideend|p2: C0LDBREW|move: Aurora Veil\n|upkeep\n|turn|24\n|\n|t:|1700624218\n|move|p1a: Great Tusk|Rapid Spin|p2a: Heatran\n|-damage|p2a: Heatran|39\/100\n|-boost|p1a: Great Tusk|spe|1\n|move|p2a: Heatran|Earth Power|p1a: Great Tusk\n|-damage|p1a: Great Tusk|0 fnt\n|faint|p1a: Great Tusk\n|-end|p1a: Great Tusk|Protosynthesis|[silent]\n|\n|upkeep\n|\n|t:|1700624233\n|switch|p1a: Glimmora|Glimmora, F|1\/100\n|turn|25\n|\n|t:|1700624236\n|move|p1a: Glimmora|Power Gem|p2a: Heatran\n|-supereffective|p2a: Heatran\n|-damage|p2a: Heatran|0 fnt\n|faint|p2a: Heatran\n|\n|upkeep\n|\n|t:|1700624239\n|switch|p2a: Mandibuzz|Mandibuzz, F|100\/100\n|-damage|p2a: Mandibuzz|75\/100|[from] Stealth Rock\n|turn|26\n|\n|t:|1700624243\n|move|p1a: Glimmora|Power Gem|p2a: Mandibuzz\n|-supereffective|p2a: Mandibuzz\n|-damage|p2a: Mandibuzz|21\/100\n|move|p2a: Mandibuzz|Defog|p1a: Glimmora\n|-unboost|p1a: Glimmora|evasion|1\n|-sideend|p2: C0LDBREW|Stealth Rock|[from] move: Defog|[of] p2a: Mandibuzz\n|\n|-heal|p2a: Mandibuzz|27\/100|[from] item: Leftovers\n|upkeep\n|turn|27\n|\n|t:|1700624250\n|move|p1a: Glimmora|Stealth Rock|p2a: Mandibuzz\n|-sidestart|p2: C0LDBREW|move: Stealth Rock\n|move|p2a: Mandibuzz|Knock Off|p1a: Glimmora\n|-damage|p1a: Glimmora|0 fnt\n|-activate|p1a: Glimmora|ability: Toxic Debris\n|-sidestart|p2: C0LDBREW|move: Toxic Spikes\n|faint|p1a: Glimmora\n|\n|-heal|p2a: Mandibuzz|34\/100|[from] item: Leftovers\n|upkeep\n|\n|t:|1700624262\n|switch|p1a: Iron Valiant|Iron Valiant|100\/100\n|turn|28\n|\n|t:|1700624268\n|move|p1a: Iron Valiant|Moonblast|p2a: Mandibuzz\n|-supereffective|p2a: Mandibuzz\n|-damage|p2a: Mandibuzz|0 fnt\n|faint|p2a: Mandibuzz\n|\n|upkeep\n|\n|t:|1700624274\n|switch|p2a: Volcanion|Volcanion|59\/100\n|-damage|p2a: Volcanion|34\/100|[from] Stealth Rock\n|-status|p2a: Volcanion|psn\n|turn|29\n|\n|t:|1700624278\n|move|p1a: Iron Valiant|Moonblast|p2a: Volcanion\n|-resisted|p2a: Volcanion\n|-damage|p2a: Volcanion|11\/100 psn\n|move|p2a: Volcanion|Overheat|p1a: Iron Valiant\n|-damage|p1a: Iron Valiant|0 fnt\n|-unboost|p2a: Volcanion|spa|2\n|faint|p1a: Iron Valiant\n|-end|p1a: Iron Valiant|Quark Drive|[silent]\n|\n|-damage|p2a: Volcanion|0 fnt|[from] psn\n|faint|p2a: Volcanion\n|upkeep\n|\n|t:|1700624284\n|switch|p1a: Gholdengo|Gholdengo|81\/100\n|switch|p2a: Ninetales|Ninetales-Alola, F, shiny|51\/100\n|-damage|p2a: Ninetales|26\/100|[from] Stealth Rock\n|-status|p2a: Ninetales|psn\n|-weather|Snow|[from] ability: Snow Warning|[of] p2a: Ninetales\n|turn|30\n|-message|C0LDBREW forfeited.\n|\n|win|Joker040921\n|raw|Joker040921's rating: 1166 &rarr; <strong>1192<\/strong><br \/>(+26 for winning)\n|raw|C0LDBREW's rating: 1174 &rarr; <strong>1148<\/strong><br \/>(-26 for losing)\n|l|\u2606C0LDBREW\n","uploadtime":1700624289,"views":4,"p1id":"joker040921","p2id":"c0ldbrew","formatid":"gen9ou","rating":1148,"private":0,"password":""}