{"id":"gen9ou-1993135096","p1":"RobDaBob","p2":"Daniel5ury","format":"[Gen 9] OU","log":"|j|\u2606RobDaBob\n|j|\u2606Daniel5ury\n|t:|1700268913\n|gametype|singles\n|player|p1|RobDaBob|rood|1294\n|player|p2|Daniel5ury|rosa|1277\n|teamsize|p1|6\n|teamsize|p2|6\n|gen|9\n|tier|[Gen 9] OU\n|rated|\n|rule|Sleep Clause Mod: Limit one foe put to sleep\n|rule|Species Clause: Limit one of each Pok\u00e9mon\n|rule|OHKO Clause: OHKO moves are banned\n|rule|Evasion Items Clause: Evasion items are banned\n|rule|Evasion Moves Clause: Evasion moves are banned\n|rule|Endless Battle Clause: Forcing endless battles is banned\n|rule|HP Percentage Mod: HP is shown in percentages\n|clearpoke\n|poke|p1|Landorus-Therian, M|\n|poke|p1|Ogerpon-Cornerstone, F|\n|poke|p1|Great Tusk|\n|poke|p1|Kingambit, F|\n|poke|p1|Alomomola, F|\n|poke|p1|Heatran, M|\n|poke|p2|Sinistcha-Masterpiece|\n|poke|p2|Samurott-Hisui, M|\n|poke|p2|Cinderace, M|\n|poke|p2|Great Tusk|\n|poke|p2|Landorus-Therian, M|\n|poke|p2|Goodra-Hisui, F|\n|teampreview\n|\n|t:|1700268933\n|start\n|switch|p1a: Ogerpon|Ogerpon-Cornerstone, F|100\/100\n|switch|p2a: Cheems|Landorus-Therian, M|100\/100\n|-ability|p2a: Cheems|Intimidate|boost\n|-unboost|p1a: Ogerpon|atk|1\n|turn|1\n|\n|t:|1700268937\n|move|p1a: Ogerpon|Spikes|p2a: Cheems\n|-sidestart|p2: Daniel5ury|Spikes\n|move|p2a: Cheems|U-turn|p1a: Ogerpon\n|-supereffective|p1a: Ogerpon\n|-damage|p1a: Ogerpon|43\/100\n|\n|t:|1700268948\n|switch|p2a: Furry Messi|Cinderace, M|100\/100|[from] U-turn\n|\n|upkeep\n|turn|2\n|\n|t:|1700268952\n|move|p2a: Furry Messi|Pyro Ball|p1a: Ogerpon|[miss]\n|-miss|p2a: Furry Messi|p1a: Ogerpon\n|move|p1a: Ogerpon|Taunt|p2a: Furry Messi\n|-start|p2a: Furry Messi|move: Taunt\n|\n|upkeep\n|turn|3\n|\n|t:|1700268956\n|move|p2a: Furry Messi|Pyro Ball|p1a: Ogerpon\n|-damage|p1a: Ogerpon|0 fnt\n|faint|p1a: Ogerpon\n|\n|upkeep\n|\n|t:|1700268971\n|switch|p1a: Great Tusk|Great Tusk|100\/100\n|turn|4\n|\n|t:|1700268978\n|move|p2a: Furry Messi|U-turn|p1a: Great Tusk\n|-start|p2a: Furry Messi|typechange|Bug|[from] ability: Libero\n|-resisted|p1a: Great Tusk\n|-damage|p1a: Great Tusk|91\/100\n|\n|t:|1700268983\n|switch|p2a: Cheems|Landorus-Therian, M|100\/100|[from] U-turn\n|-ability|p2a: Cheems|Intimidate|boost\n|-unboost|p1a: Great Tusk|atk|1\n|move|p1a: Great Tusk|Knock Off|p2a: Cheems\n|-damage|p2a: Cheems|86\/100\n|-damage|p1a: Great Tusk|74\/100|[from] item: Rocky Helmet|[of] p2a: Cheems\n|-enditem|p2a: Cheems|Rocky Helmet|[from] move: Knock Off|[of] p1a: Great Tusk\n|\n|upkeep\n|turn|5\n|\n|t:|1700268999\n|-end|p1a: Great Tusk|Protosynthesis|[silent]\n|switch|p1a: Alomomola|Alomomola, F|100\/100\n|move|p2a: Cheems|U-turn|p1a: Alomomola\n|-damage|p1a: Alomomola|89\/100\n|inactive|Battle timer is ON: inactive players will automatically lose when time's up. (requested by RobDaBob)\n|\n|t:|1700269028\n|switch|p2a: Matcha-Gatcha|Sinistcha-Masterpiece|100\/100|[from] U-turn\n|\n|upkeep\n|turn|6\n|\n|t:|1700269036\n|move|p2a: Matcha-Gatcha|Matcha Gotcha|p1a: Alomomola\n|-supereffective|p1a: Alomomola\n|-damage|p1a: Alomomola|18\/100\n|move|p1a: Alomomola|Flip Turn|p2a: Matcha-Gatcha\n|-resisted|p2a: Matcha-Gatcha\n|-damage|p2a: Matcha-Gatcha|95\/100\n|\n|t:|1700269045\n|switch|p1a: Kingambit|Kingambit, F|100\/100|[from] Flip Turn\n|-activate|p1a: Kingambit|ability: Supreme Overlord\n|-start|p1a: Kingambit|fallen1|[silent]\n|\n|upkeep\n|turn|7\n|\n|t:|1700269054\n|-terastallize|p2a: Matcha-Gatcha|Poison\n|move|p2a: Matcha-Gatcha|Iron Defense|p2a: Matcha-Gatcha\n|-boost|p2a: Matcha-Gatcha|def|2\n|move|p1a: Kingambit|Swords Dance|p1a: Kingambit\n|-boost|p1a: Kingambit|atk|2\n|\n|upkeep\n|turn|8\n|\n|t:|1700269066\n|move|p2a: Matcha-Gatcha|Iron Defense|p2a: Matcha-Gatcha\n|-boost|p2a: Matcha-Gatcha|def|2\n|move|p1a: Kingambit|Swords Dance|p1a: Kingambit\n|-boost|p1a: Kingambit|atk|2\n|\n|upkeep\n|turn|9\n|\n|t:|1700269072\n|move|p2a: Matcha-Gatcha|Iron Defense|p2a: Matcha-Gatcha\n|-boost|p2a: Matcha-Gatcha|def|2\n|move|p1a: Kingambit|Swords Dance|p1a: Kingambit\n|-boost|p1a: Kingambit|atk|2\n|\n|upkeep\n|turn|10\n|\n|t:|1700269082\n|move|p2a: Matcha-Gatcha|Strength Sap|p1a: Kingambit\n|-unboost|p1a: Kingambit|atk|1\n|-heal|p2a: Matcha-Gatcha|100\/100\n|move|p1a: Kingambit|Kowtow Cleave|p2a: Matcha-Gatcha\n|-damage|p2a: Matcha-Gatcha|65\/100\n|\n|upkeep\n|turn|11\n|\n|t:|1700269092\n|move|p2a: Matcha-Gatcha|Calm Mind|p2a: Matcha-Gatcha\n|-boost|p2a: Matcha-Gatcha|spa|1\n|-boost|p2a: Matcha-Gatcha|spd|1\n|move|p1a: Kingambit|Kowtow Cleave|p2a: Matcha-Gatcha\n|-damage|p2a: Matcha-Gatcha|29\/100\n|\n|upkeep\n|turn|12\n|\n|t:|1700269098\n|move|p2a: Matcha-Gatcha|Strength Sap|p1a: Kingambit\n|-unboost|p1a: Kingambit|atk|1\n|-heal|p2a: Matcha-Gatcha|100\/100\n|move|p1a: Kingambit|Iron Head|p2a: Matcha-Gatcha\n|-damage|p2a: Matcha-Gatcha|74\/100\n|\n|upkeep\n|turn|13\n|\n|t:|1700269117\n|move|p2a: Matcha-Gatcha|Calm Mind|p2a: Matcha-Gatcha\n|-boost|p2a: Matcha-Gatcha|spa|1\n|-boost|p2a: Matcha-Gatcha|spd|1\n|move|p1a: Kingambit|Swords Dance|p1a: Kingambit\n|-boost|p1a: Kingambit|atk|2\n|\n|upkeep\n|turn|14\n|\n|t:|1700269125\n|move|p2a: Matcha-Gatcha|Strength Sap|p1a: Kingambit\n|-unboost|p1a: Kingambit|atk|1\n|-heal|p2a: Matcha-Gatcha|100\/100\n|move|p1a: Kingambit|Kowtow Cleave|p2a: Matcha-Gatcha\n|-damage|p2a: Matcha-Gatcha|67\/100\n|\n|upkeep\n|turn|15\n|\n|t:|1700269130\n|-end|p1a: Kingambit|fallen1|[silent]\n|switch|p1a: Heatran|Heatran, M|100\/100\n|-item|p1a: Heatran|Air Balloon\n|move|p2a: Matcha-Gatcha|Strength Sap|p1a: Heatran\n|-unboost|p1a: Heatran|atk|1\n|-heal|p2a: Matcha-Gatcha|100\/100\n|\n|upkeep\n|turn|16\n|\n|t:|1700269140\n|move|p1a: Heatran|Magma Storm|p2a: Matcha-Gatcha\n|-damage|p2a: Matcha-Gatcha|87\/100\n|-activate|p2a: Matcha-Gatcha|move: Magma Storm|[of] p1a: Heatran\n|move|p2a: Matcha-Gatcha|Matcha Gotcha|p1a: Heatran\n|-resisted|p1a: Heatran\n|-damage|p1a: Heatran|90\/100\n|-heal|p2a: Matcha-Gatcha|93\/100|[from] drain|[of] p1a: Heatran\n|-enditem|p1a: Heatran|Air Balloon\n|\n|-damage|p2a: Matcha-Gatcha|81\/100|[from] move: Magma Storm|[partiallytrapped]\n|upkeep\n|turn|17\n|\n|t:|1700269150\n|move|p2a: Matcha-Gatcha|Calm Mind|p2a: Matcha-Gatcha\n|-boost|p2a: Matcha-Gatcha|spa|1\n|-boost|p2a: Matcha-Gatcha|spd|1\n|move|p1a: Heatran|Earth Power|p2a: Matcha-Gatcha\n|-supereffective|p2a: Matcha-Gatcha\n|-damage|p2a: Matcha-Gatcha|54\/100\n|\n|-damage|p2a: Matcha-Gatcha|42\/100|[from] move: Magma Storm|[partiallytrapped]\n|upkeep\n|turn|18\n|\n|t:|1700269161\n|move|p2a: Matcha-Gatcha|Strength Sap|p1a: Heatran\n|-unboost|p1a: Heatran|atk|1\n|-heal|p2a: Matcha-Gatcha|74\/100\n|move|p1a: Heatran|Will-O-Wisp|p2a: Matcha-Gatcha\n|-status|p2a: Matcha-Gatcha|brn\n|\n|-damage|p2a: Matcha-Gatcha|71\/100 brn|[from] brn\n|-damage|p2a: Matcha-Gatcha|58\/100 brn|[from] move: Magma Storm|[partiallytrapped]\n|upkeep\n|turn|19\n|\n|t:|1700269172\n|move|p2a: Matcha-Gatcha|Calm Mind|p2a: Matcha-Gatcha\n|-boost|p2a: Matcha-Gatcha|spa|1\n|-boost|p2a: Matcha-Gatcha|spd|1\n|move|p1a: Heatran|Earth Power|p2a: Matcha-Gatcha\n|-supereffective|p2a: Matcha-Gatcha\n|-damage|p2a: Matcha-Gatcha|37\/100 brn\n|\n|-damage|p2a: Matcha-Gatcha|34\/100 brn|[from] brn\n|-damage|p2a: Matcha-Gatcha|21\/100 brn|[from] move: Magma Storm|[partiallytrapped]\n|upkeep\n|turn|20\n|\n|t:|1700269188\n|move|p1a: Heatran|Earth Power|p2a: Matcha-Gatcha\n|-supereffective|p2a: Matcha-Gatcha\n|-damage|p2a: Matcha-Gatcha|2\/100 brn\n|move|p2a: Matcha-Gatcha|Strength Sap|p1a: Heatran\n|-unboost|p1a: Heatran|atk|1\n|-heal|p2a: Matcha-Gatcha|26\/100 brn\n|\n|-damage|p2a: Matcha-Gatcha|23\/100 brn|[from] brn\n|-damage|p2a: Matcha-Gatcha|10\/100 brn|[from] move: Magma Storm|[partiallytrapped]\n|upkeep\n|turn|21\n|\n|t:|1700269207\n|move|p2a: Matcha-Gatcha|Strength Sap|p1a: Heatran\n|-unboost|p1a: Heatran|atk|1\n|-heal|p2a: Matcha-Gatcha|29\/100 brn\n|move|p1a: Heatran|Earth Power|p2a: Matcha-Gatcha\n|-supereffective|p2a: Matcha-Gatcha\n|-damage|p2a: Matcha-Gatcha|7\/100 brn\n|\n|-damage|p2a: Matcha-Gatcha|4\/100 brn|[from] brn\n|-end|p2a: Matcha-Gatcha|Magma Storm|[partiallytrapped]\n|upkeep\n|turn|22\n|\n|t:|1700269225\n|switch|p2a: Cheems|Landorus-Therian, M|86\/100\n|-ability|p2a: Cheems|Intimidate|boost\n|-unboost|p1a: Heatran|atk|1\n|move|p1a: Heatran|Earth Power|p2a: Cheems\n|-immune|p2a: Cheems\n|\n|upkeep\n|turn|23\n|\n|t:|1700269236\n|switch|p1a: Alomomola|Alomomola, F|51\/100\n|move|p2a: Cheems|Stone Edge|p1a: Alomomola\n|-damage|p1a: Alomomola|35\/100\n|\n|upkeep\n|turn|24\n|inactive|Daniel5ury has 120 seconds left.\n|\n|t:|1700269257\n|move|p2a: Cheems|U-turn|p1a: Alomomola\n|-damage|p1a: Alomomola|22\/100\n|inactive|Daniel5ury has 120 seconds left.\n|\n|t:|1700269268\n|switch|p2a: Furry Messi|Cinderace, M|100\/100|[from] U-turn\n|move|p1a: Alomomola|Flip Turn|p2a: Furry Messi\n|-supereffective|p2a: Furry Messi\n|-damage|p2a: Furry Messi|64\/100\n|inactive|RobDaBob has 120 seconds left.\n|\n|t:|1700269299\n|switch|p1a: Heatran|Heatran, M|90\/100|[from] Flip Turn\n|\n|upkeep\n|turn|25\n|inactive|Daniel5ury has 120 seconds left.\n|\n|t:|1700269309\n|move|p2a: Furry Messi|U-turn|p1a: Heatran\n|-start|p2a: Furry Messi|typechange|Bug|[from] ability: Libero\n|-resisted|p1a: Heatran\n|-damage|p1a: Heatran|84\/100\n|inactive|Daniel5ury has 120 seconds left.\n|\n|t:|1700269319\n|switch|p2a: Cheems|Landorus-Therian, M|86\/100|[from] U-turn\n|-ability|p2a: Cheems|Intimidate|boost\n|-unboost|p1a: Heatran|atk|1\n|move|p1a: Heatran|Stealth Rock|p2a: Cheems\n|-sidestart|p2: Daniel5ury|move: Stealth Rock\n|\n|upkeep\n|turn|26\n|\n|t:|1700269331\n|move|p2a: Cheems|U-turn|p1a: Heatran\n|-resisted|p1a: Heatran\n|-damage|p1a: Heatran|79\/100\n|\n|t:|1700269337\n|switch|p2a: Furry Messi|Cinderace, M|64\/100|[from] U-turn\n|move|p1a: Heatran|Will-O-Wisp|p2a: Furry Messi\n|-immune|p2a: Furry Messi\n|\n|upkeep\n|turn|27\n|\n|t:|1700269348\n|move|p2a: Furry Messi|Court Change|p2a: Furry Messi\n|-start|p2a: Furry Messi|typechange|Normal|[from] ability: Libero\n|-swapsideconditions\n|-activate|p2a: Furry Messi|move: Court Change\n|move|p1a: Heatran|Earth Power|p2a: Furry Messi\n|-damage|p2a: Furry Messi|34\/100\n|\n|upkeep\n|turn|28\n|inactive|Daniel5ury has 120 seconds left.\n|\n|t:|1700269364\n|move|p2a: Furry Messi|U-turn|p1a: Heatran\n|-resisted|p1a: Heatran\n|-damage|p1a: Heatran|75\/100\n|\n|t:|1700269367\n|switch|p2a: Bad Tusk|Great Tusk|100\/100|[from] U-turn\n|-enditem|p2a: Bad Tusk|Booster Energy\n|-activate|p2a: Bad Tusk|ability: Protosynthesis|[fromitem]\n|-start|p2a: Bad Tusk|protosynthesisspe\n|move|p1a: Heatran|Will-O-Wisp|p2a: Bad Tusk\n|-status|p2a: Bad Tusk|brn\n|\n|-damage|p2a: Bad Tusk|94\/100 brn|[from] brn\n|upkeep\n|turn|29\n|\n|t:|1700269380\n|switch|p1a: Alomomola|Alomomola, F|55\/100\n|move|p2a: Bad Tusk|Bulk Up|p2a: Bad Tusk\n|-boost|p2a: Bad Tusk|atk|1\n|-boost|p2a: Bad Tusk|def|1\n|\n|-damage|p2a: Bad Tusk|88\/100 brn|[from] brn\n|upkeep\n|turn|30\n|\n|t:|1700269387\n|move|p2a: Bad Tusk|Bulk Up|p2a: Bad Tusk\n|-boost|p2a: Bad Tusk|atk|1\n|-boost|p2a: Bad Tusk|def|1\n|move|p1a: Alomomola|Scald|p2a: Bad Tusk\n|-supereffective|p2a: Bad Tusk\n|-damage|p2a: Bad Tusk|49\/100 brn\n|\n|-damage|p2a: Bad Tusk|43\/100 brn|[from] brn\n|upkeep\n|turn|31\n|\n|t:|1700269395\n|move|p2a: Bad Tusk|Headlong Rush|p1a: Alomomola\n|-damage|p1a: Alomomola|30\/100\n|-unboost|p2a: Bad Tusk|def|1\n|-unboost|p2a: Bad Tusk|spd|1\n|move|p1a: Alomomola|Scald|p2a: Bad Tusk\n|-supereffective|p2a: Bad Tusk\n|-damage|p2a: Bad Tusk|0 fnt\n|faint|p2a: Bad Tusk\n|-end|p2a: Bad Tusk|Protosynthesis|[silent]\n|\n|upkeep\n|\n|t:|1700269407\n|switch|p2a: Cheems|Landorus-Therian, M|86\/100\n|-ability|p2a: Cheems|Intimidate|boost\n|-unboost|p1a: Alomomola|atk|1\n|turn|32\n|\n|t:|1700269411\n|move|p2a: Cheems|Earthquake|p1a: Alomomola\n|-damage|p1a: Alomomola|5\/100\n|move|p1a: Alomomola|Flip Turn|p2a: Cheems\n|-supereffective|p2a: Cheems\n|-damage|p2a: Cheems|71\/100\n|\n|t:|1700269418\n|switch|p1a: Landorus|Landorus-Therian, M|100\/100|[from] Flip Turn\n|-damage|p1a: Landorus|88\/100|[from] Stealth Rock\n|-ability|p1a: Landorus|Intimidate|boost\n|-unboost|p2a: Cheems|atk|1\n|\n|upkeep\n|turn|33\n|\n|t:|1700269425\n|move|p1a: Landorus|Stone Edge|p2a: Cheems\n|-damage|p2a: Cheems|47\/100\n|move|p2a: Cheems|U-turn|p1a: Landorus\n|-resisted|p1a: Landorus\n|-damage|p1a: Landorus|79\/100\n|\n|t:|1700269431\n|switch|p2a: The Dark Knight|Samurott-Hisui, M|100\/100|[from] U-turn\n|\n|upkeep\n|turn|34\n|\n|t:|1700269437\n|switch|p1a: Alomomola|Alomomola, F|39\/100\n|move|p2a: The Dark Knight|Swords Dance|p2a: The Dark Knight\n|-boost|p2a: The Dark Knight|atk|2\n|\n|upkeep\n|turn|35\n|\n|t:|1700269445\n|move|p2a: The Dark Knight|Ceaseless Edge|p1a: Alomomola\n|-damage|p1a: Alomomola|0 fnt\n|-sidestart|p1: RobDaBob|Spikes\n|faint|p1a: Alomomola\n|\n|upkeep\n|\n|t:|1700269448\n|switch|p1a: Landorus|Landorus-Therian, M|79\/100\n|-damage|p1a: Landorus|67\/100|[from] Stealth Rock\n|-ability|p1a: Landorus|Intimidate|boost\n|-unboost|p2a: The Dark Knight|atk|1\n|turn|36\n|\n|t:|1700269456\n|-terastallize|p1a: Landorus|Grass\n|move|p2a: The Dark Knight|Aqua Jet|p1a: Landorus\n|-resisted|p1a: Landorus\n|-damage|p1a: Landorus|48\/100\n|move|p1a: Landorus|Tera Blast|p2a: The Dark Knight|[anim] Tera Blast Grass\n|-supereffective|p2a: The Dark Knight\n|-damage|p2a: The Dark Knight|0 fnt\n|faint|p2a: The Dark Knight\n|\n|upkeep\n|\n|t:|1700269470\n|switch|p2a: Furry Messi|Cinderace, M|34\/100\n|turn|37\n|\n|t:|1700269475\n|switch|p1a: Great Tusk|Great Tusk|74\/100\n|move|p2a: Furry Messi|U-turn|p1a: Great Tusk\n|-start|p2a: Furry Messi|typechange|Bug|[from] ability: Libero\n|-resisted|p1a: Great Tusk\n|-damage|p1a: Great Tusk|65\/100\n|\n|t:|1700269502\n|switch|p2a: Depression|Goodra-Hisui, F|100\/100|[from] U-turn\n|\n|upkeep\n|turn|38\n|\n|t:|1700269516\n|move|p1a: Great Tusk|Close Combat|p2a: Depression\n|-supereffective|p2a: Depression\n|-damage|p2a: Depression|0 fnt\n|-unboost|p1a: Great Tusk|def|1\n|-unboost|p1a: Great Tusk|spd|1\n|-ability|p2a: Depression|Gooey\n|-unboost|p1a: Great Tusk|spe|1\n|faint|p2a: Depression\n|\n|upkeep\n|inactive|Daniel5ury has 120 seconds left.\n|\n|t:|1700269526\n|switch|p2a: Matcha-Gatcha|Sinistcha-Masterpiece, tera:Poison|4\/100 brn\n|turn|39\n|\n|t:|1700269534\n|-end|p1a: Great Tusk|Protosynthesis|[silent]\n|switch|p1a: Heatran|Heatran, M|75\/100\n|-damage|p1a: Heatran|59\/100|[from] Spikes\n|-damage|p1a: Heatran|46\/100|[from] Stealth Rock\n|move|p2a: Matcha-Gatcha|Strength Sap|p1a: Heatran\n|-unboost|p1a: Heatran|atk|1\n|-heal|p2a: Matcha-Gatcha|52\/100 brn\n|\n|-damage|p2a: Matcha-Gatcha|49\/100 brn|[from] brn\n|upkeep\n|turn|40\n|inactive|Daniel5ury has 120 seconds left.\n|\n|t:|1700269561\n|switch|p2a: Furry Messi|Cinderace, M|34\/100\n|move|p1a: Heatran|Magma Storm|p2a: Furry Messi\n|-resisted|p2a: Furry Messi\n|-damage|p2a: Furry Messi|10\/100\n|-activate|p2a: Furry Messi|move: Magma Storm|[of] p1a: Heatran\n|\n|-damage|p2a: Furry Messi|0 fnt|[from] move: Magma Storm|[partiallytrapped]\n|faint|p2a: Furry Messi\n|upkeep\n|\n|t:|1700269569\n|switch|p2a: Cheems|Landorus-Therian, M|47\/100\n|-ability|p2a: Cheems|Intimidate|boost\n|-unboost|p1a: Heatran|atk|1\n|turn|41\n|\n|t:|1700269574\n|move|p2a: Cheems|Earthquake|p1a: Heatran\n|-supereffective|p1a: Heatran\n|-damage|p1a: Heatran|0 fnt\n|faint|p1a: Heatran\n|\n|upkeep\n|\n|t:|1700269589\n|switch|p1a: Great Tusk|Great Tusk|65\/100\n|turn|42\n|inactive|Daniel5ury has 120 seconds left.\n|inactive|Daniel5ury has 90 seconds left.\n|inactive|Daniel5ury has 60 seconds left.\n|inactive|Daniel5ury has 30 seconds left.\n|inactive|Daniel5ury has 20 seconds left.\n|inactive|Daniel5ury has 15 seconds left.\n|inactive|Daniel5ury has 10 seconds left.\n|\n|t:|1700269723\n|move|p1a: Great Tusk|Rapid Spin|p2a: Cheems\n|-damage|p2a: Cheems|33\/100\n|-boost|p1a: Great Tusk|spe|1\n|-sideend|p1: RobDaBob|Spikes|[from] move: Rapid Spin|[of] p1a: Great Tusk\n|-sideend|p1: RobDaBob|Stealth Rock|[from] move: Rapid Spin|[of] p1a: Great Tusk\n|move|p2a: Cheems|Earthquake|p1a: Great Tusk\n|-damage|p1a: Great Tusk|30\/100\n|\n|upkeep\n|turn|43\n|inactive|Daniel5ury has 20 seconds left this turn.\n|inactive|Daniel5ury has 15 seconds left.\n|\n|t:|1700269736\n|move|p1a: Great Tusk|Knock Off|p2a: Cheems\n|-damage|p2a: Cheems|18\/100\n|move|p2a: Cheems|Earthquake|p1a: Great Tusk\n|-damage|p1a: Great Tusk|0 fnt\n|faint|p1a: Great Tusk\n|-end|p1a: Great Tusk|Protosynthesis|[silent]\n|\n|upkeep\n|inactive|Daniel5ury has 20 seconds left this turn.\n|\n|t:|1700269748\n|switch|p1a: Landorus|Landorus-Therian, M, tera:Grass|48\/100\n|-ability|p1a: Landorus|Intimidate|boost\n|-unboost|p2a: Cheems|atk|1\n|turn|44\n|inactive|Daniel5ury has 30 seconds left this turn.\n|inactive|Daniel5ury has 20 seconds left.\n|\n|t:|1700269762\n|move|p1a: Landorus|Stone Edge|p2a: Cheems\n|-damage|p2a: Cheems|0 fnt\n|faint|p2a: Cheems\n|\n|upkeep\n|inactive|Daniel5ury has 25 seconds left this turn.\n|\n|t:|1700269764\n|switch|p2a: Matcha-Gatcha|Sinistcha-Masterpiece, tera:Poison|49\/100 brn\n|turn|45\n|\n|t:|1700269767\n|move|p1a: Landorus|Stone Edge|p2a: Matcha-Gatcha|[miss]\n|-miss|p1a: Landorus|p2a: Matcha-Gatcha\n|move|p2a: Matcha-Gatcha|Strength Sap|p1a: Landorus\n|-unboost|p1a: Landorus|atk|1\n|-heal|p2a: Matcha-Gatcha|100\/100 brn\n|\n|-damage|p2a: Matcha-Gatcha|98\/100 brn|[from] brn\n|upkeep\n|turn|46\n|\n|t:|1700269776\n|switch|p1a: Kingambit|Kingambit, F|100\/100\n|-activate|p1a: Kingambit|ability: Supreme Overlord\n|-start|p1a: Kingambit|fallen4|[silent]\n|move|p2a: Matcha-Gatcha|Iron Defense|p2a: Matcha-Gatcha\n|-boost|p2a: Matcha-Gatcha|def|2\n|\n|-damage|p2a: Matcha-Gatcha|95\/100 brn|[from] brn\n|upkeep\n|turn|47\n|\n|t:|1700269783\n|-end|p1a: Kingambit|fallen4|[silent]\n|switch|p1a: Landorus|Landorus-Therian, M, tera:Grass|48\/100\n|-ability|p1a: Landorus|Intimidate|boost\n|-unboost|p2a: Matcha-Gatcha|atk|1\n|move|p2a: Matcha-Gatcha|Iron Defense|p2a: Matcha-Gatcha\n|-boost|p2a: Matcha-Gatcha|def|2\n|\n|-damage|p2a: Matcha-Gatcha|92\/100 brn|[from] brn\n|upkeep\n|turn|48\n|\n|t:|1700269789\n|move|p1a: Landorus|Earthquake|p2a: Matcha-Gatcha\n|-supereffective|p2a: Matcha-Gatcha\n|-damage|p2a: Matcha-Gatcha|62\/100 brn\n|move|p2a: Matcha-Gatcha|Iron Defense|p2a: Matcha-Gatcha\n|-boost|p2a: Matcha-Gatcha|def|2\n|\n|-damage|p2a: Matcha-Gatcha|59\/100 brn|[from] brn\n|upkeep\n|turn|49\n|\n|t:|1700269794\n|move|p1a: Landorus|Earthquake|p2a: Matcha-Gatcha\n|-supereffective|p2a: Matcha-Gatcha\n|-damage|p2a: Matcha-Gatcha|38\/100 brn\n|move|p2a: Matcha-Gatcha|Strength Sap|p1a: Landorus\n|-unboost|p1a: Landorus|atk|1\n|-heal|p2a: Matcha-Gatcha|100\/100 brn\n|\n|-damage|p2a: Matcha-Gatcha|98\/100 brn|[from] brn\n|upkeep\n|turn|50\n|\n|t:|1700269810\n|move|p1a: Landorus|Earthquake|p2a: Matcha-Gatcha\n|-supereffective|p2a: Matcha-Gatcha\n|-damage|p2a: Matcha-Gatcha|83\/100 brn\n|move|p2a: Matcha-Gatcha|Calm Mind|p2a: Matcha-Gatcha\n|-boost|p2a: Matcha-Gatcha|spa|1\n|-boost|p2a: Matcha-Gatcha|spd|1\n|\n|-damage|p2a: Matcha-Gatcha|80\/100 brn|[from] brn\n|upkeep\n|turn|51\n|-message|RobDaBob forfeited.\n|\n|win|Daniel5ury\n|raw|RobDaBob's rating: 1294 &rarr; <strong>1268<\/strong><br \/>(-26 for losing)\n|raw|Daniel5ury's rating: 1277 &rarr; <strong>1303<\/strong><br \/>(+26 for winning)\n|l|\u2606RobDaBob\n","uploadtime":1700269829,"views":24,"p1id":"robdabob","p2id":"daniel5ury","formatid":"gen9ou","rating":1268,"private":0,"password":""}