{"id":"gen9ou-1988710866","p1":"6FuckingTypes","p2":"Tornadoalleys","format":"[Gen 9] OU","log":"|j|\u26066FuckingTypes\n|j|\u2606Tornadoalleys\n|t:|1699753532\n|gametype|singles\n|player|p1|6FuckingTypes|allister|1059\n|player|p2|Tornadoalleys|supernerd|1143\n|teamsize|p1|6\n|teamsize|p2|6\n|gen|9\n|tier|[Gen 9] OU\n|rated|\n|rule|Sleep Clause Mod: Limit one foe put to sleep\n|rule|Species Clause: Limit one of each Pok\u00e9mon\n|rule|OHKO Clause: OHKO moves are banned\n|rule|Evasion Items Clause: Evasion items are banned\n|rule|Evasion Moves Clause: Evasion moves are banned\n|rule|Endless Battle Clause: Forcing endless battles is banned\n|rule|HP Percentage Mod: HP is shown in percentages\n|clearpoke\n|poke|p1|Great Tusk|\n|poke|p1|Ting-Lu|\n|poke|p1|Landorus-Therian, M|\n|poke|p1|Garchomp, M|\n|poke|p1|Mamoswine, F|\n|poke|p1|Sandy Shocks|\n|poke|p2|Azelf|\n|poke|p2|Honchkrow, F|\n|poke|p2|Basculegion, M|\n|poke|p2|Dragonite, M|\n|poke|p2|Rillaboom, F|\n|poke|p2|Jirachi|\n|teampreview\n|inactive|Battle timer is ON: inactive players will automatically lose when time's up. (requested by Tornadoalleys)\n|\n|t:|1699753539\n|start\n|switch|p1a: Ting-Lu|Ting-Lu|100\/100\n|switch|p2a: Not apple juice :)|Azelf, shiny|100\/100\n|-ability|p1a: Ting-Lu|Vessel of Ruin\n|turn|1\n|\n|t:|1699753549\n|switch|p2a: Rillaboom|Rillaboom, F|100\/100\n|-fieldstart|move: Grassy Terrain|[from] ability: Grassy Surge|[of] p2a: Rillaboom\n|move|p1a: Ting-Lu|Spikes|p2a: Rillaboom\n|-sidestart|p2: Tornadoalleys|Spikes\n|\n|upkeep\n|turn|2\n|\n|t:|1699753558\n|-terastallize|p1a: Ting-Lu|Poison\n|move|p2a: Rillaboom|Fake Out|p1a: Ting-Lu\n|-damage|p1a: Ting-Lu|95\/100\n|cant|p1a: Ting-Lu|flinch\n|\n|-heal|p1a: Ting-Lu|100\/100|[from] Grassy Terrain\n|upkeep\n|turn|3\n|\n|t:|1699753574\n|move|p2a: Rillaboom|Grassy Glide|p1a: Ting-Lu\n|-resisted|p1a: Ting-Lu\n|-damage|p1a: Ting-Lu|93\/100\n|move|p1a: Ting-Lu|Spikes|p2a: Rillaboom\n|-sidestart|p2: Tornadoalleys|Spikes\n|\n|-heal|p1a: Ting-Lu|99\/100|[from] Grassy Terrain\n|-heal|p1a: Ting-Lu|100\/100|[from] item: Leftovers\n|upkeep\n|turn|4\n|\n|t:|1699753582\n|move|p2a: Rillaboom|Earthquake|p1a: Ting-Lu\n|-supereffective|p1a: Ting-Lu\n|-damage|p1a: Ting-Lu|86\/100\n|move|p1a: Ting-Lu|Spikes|p2a: Rillaboom\n|-sidestart|p2: Tornadoalleys|Spikes\n|\n|-heal|p1a: Ting-Lu|92\/100|[from] Grassy Terrain\n|-heal|p1a: Ting-Lu|99\/100|[from] item: Leftovers\n|upkeep\n|turn|5\n|\n|t:|1699753602\n|switch|p2a: Not apple juice :)|Azelf, shiny|100\/100\n|move|p1a: Ting-Lu|Whirlwind|p2a: Not apple juice :)\n|drag|p2a: Rillaboom|Rillaboom, F|100\/100\n|-damage|p2a: Rillaboom|76\/100|[from] Spikes\n|\n|-heal|p2a: Rillaboom|82\/100|[from] Grassy Terrain\n|-heal|p2a: Rillaboom|88\/100|[from] item: Leftovers\n|-heal|p1a: Ting-Lu|100\/100|[from] Grassy Terrain\n|-fieldend|move: Grassy Terrain\n|upkeep\n|turn|6\n|\n|t:|1699753616\n|switch|p2a: Not apple juice :)|Azelf, shiny|100\/100\n|switch|p1a: Landorus|Landorus-Therian, M|100\/100\n|-ability|p1a: Landorus|Intimidate|boost\n|-unboost|p2a: Not apple juice :)|atk|1\n|\n|upkeep\n|turn|7\n|\n|t:|1699753624\n|move|p2a: Not apple juice :)|Nasty Plot|p2a: Not apple juice :)\n|-boost|p2a: Not apple juice :)|spa|2\n|move|p1a: Landorus|U-turn|p2a: Not apple juice :)\n|-supereffective|p2a: Not apple juice :)\n|-damage|p2a: Not apple juice :)|24\/100\n|\n|t:|1699753629\n|switch|p1a: Mamoswine|Mamoswine, F|100\/100|[from] U-turn\n|\n|upkeep\n|turn|8\n|\n|t:|1699753635\n|move|p1a: Mamoswine|Ice Shard|p2a: Not apple juice :)\n|-damage|p2a: Not apple juice :)|0 fnt\n|faint|p2a: Not apple juice :)\n|\n|upkeep\n|\n|t:|1699753642\n|switch|p2a: Jirachi|Jirachi|100\/100\n|-damage|p2a: Jirachi|76\/100|[from] Spikes\n|turn|9\n|\n|t:|1699753647\n|move|p2a: Jirachi|Flash Cannon|p1a: Mamoswine\n|-supereffective|p1a: Mamoswine\n|-damage|p1a: Mamoswine|2\/100\n|-unboost|p1a: Mamoswine|spd|1\n|move|p1a: Mamoswine|Earthquake|p2a: Jirachi\n|-supereffective|p2a: Jirachi\n|-damage|p2a: Jirachi|0 fnt\n|faint|p2a: Jirachi\n|\n|upkeep\n|\n|t:|1699753653\n|switch|p2a: Honchkrow|Honchkrow, F, shiny|100\/100\n|turn|10\n|\n|t:|1699753662\n|move|p1a: Mamoswine|Ice Shard|p2a: Honchkrow\n|-supereffective|p2a: Honchkrow\n|-damage|p2a: Honchkrow|24\/100\n|move|p2a: Honchkrow|Drill Peck|p1a: Mamoswine\n|-damage|p1a: Mamoswine|0 fnt\n|faint|p1a: Mamoswine\n|-ability|p2a: Honchkrow|Moxie|boost\n|-boost|p2a: Honchkrow|atk|1\n|\n|upkeep\n|\n|t:|1699753670\n|switch|p1a: Sandy Shocks|Sandy Shocks|100\/100\n|-enditem|p1a: Sandy Shocks|Booster Energy\n|-activate|p1a: Sandy Shocks|ability: Protosynthesis|[fromitem]\n|-start|p1a: Sandy Shocks|protosynthesisspa\n|turn|11\n|\n|t:|1699753675\n|move|p2a: Honchkrow|Drill Peck|p1a: Sandy Shocks\n|-resisted|p1a: Sandy Shocks\n|-damage|p1a: Sandy Shocks|66\/100\n|move|p1a: Sandy Shocks|Thunderbolt|p2a: Honchkrow\n|-supereffective|p2a: Honchkrow\n|-damage|p2a: Honchkrow|0 fnt\n|faint|p2a: Honchkrow\n|\n|upkeep\n|\n|t:|1699753680\n|switch|p2a: Rillaboom|Rillaboom, F|88\/100\n|-damage|p2a: Rillaboom|63\/100|[from] Spikes\n|-fieldstart|move: Grassy Terrain|[from] ability: Grassy Surge|[of] p2a: Rillaboom\n|turn|12\n|\n|t:|1699753693\n|move|p2a: Rillaboom|Fake Out|p1a: Sandy Shocks\n|-damage|p1a: Sandy Shocks|50\/100\n|cant|p1a: Sandy Shocks|flinch\n|\n|-heal|p1a: Sandy Shocks|56\/100|[from] Grassy Terrain\n|-heal|p2a: Rillaboom|69\/100|[from] Grassy Terrain\n|-heal|p2a: Rillaboom|75\/100|[from] item: Leftovers\n|upkeep\n|turn|13\n|\n|t:|1699753702\n|-end|p1a: Sandy Shocks|Protosynthesis|[silent]\n|switch|p1a: Landorus|Landorus-Therian, M|100\/100\n|-ability|p1a: Landorus|Intimidate|boost\n|-unboost|p2a: Rillaboom|atk|1\n|move|p2a: Rillaboom|Grassy Glide|p1a: Landorus\n|-damage|p1a: Landorus|70\/100\n|\n|-heal|p2a: Rillaboom|81\/100|[from] Grassy Terrain\n|-heal|p2a: Rillaboom|88\/100|[from] item: Leftovers\n|upkeep\n|turn|14\n|\n|t:|1699753713\n|move|p1a: Landorus|U-turn|p2a: Rillaboom\n|-supereffective|p2a: Rillaboom\n|-damage|p2a: Rillaboom|31\/100\n|\n|t:|1699753719\n|switch|p1a: Ting-Lu|Ting-Lu, tera:Poison|100\/100|[from] U-turn\n|-ability|p1a: Ting-Lu|Vessel of Ruin\n|move|p2a: Rillaboom|Knock Off|p1a: Ting-Lu\n|-damage|p1a: Ting-Lu|92\/100\n|-enditem|p1a: Ting-Lu|Leftovers|[from] move: Knock Off|[of] p2a: Rillaboom\n|\n|-heal|p2a: Rillaboom|37\/100|[from] Grassy Terrain\n|-heal|p2a: Rillaboom|43\/100|[from] item: Leftovers\n|-heal|p1a: Ting-Lu|98\/100|[from] Grassy Terrain\n|upkeep\n|turn|15\n|\n|t:|1699753732\n|move|p2a: Rillaboom|Earthquake|p1a: Ting-Lu\n|-supereffective|p1a: Ting-Lu\n|-damage|p1a: Ting-Lu|88\/100\n|move|p1a: Ting-Lu|Whirlwind|p2a: Rillaboom\n|drag|p2a: Basculegion|Basculegion, M, shiny|100\/100\n|-damage|p2a: Basculegion|76\/100|[from] Spikes\n|\n|-heal|p2a: Basculegion|82\/100|[from] Grassy Terrain\n|-heal|p1a: Ting-Lu|94\/100|[from] Grassy Terrain\n|upkeep\n|turn|16\n|\n|t:|1699753742\n|move|p2a: Basculegion|Waterfall|p1a: Ting-Lu\n|-damage|p1a: Ting-Lu|62\/100\n|move|p1a: Ting-Lu|Throat Chop|p2a: Basculegion\n|-supereffective|p2a: Basculegion\n|-damage|p2a: Basculegion|8\/100\n|-start|p2a: Basculegion|Throat Chop|[silent]\n|\n|-heal|p2a: Basculegion|14\/100|[from] Grassy Terrain\n|-heal|p1a: Ting-Lu|68\/100|[from] Grassy Terrain\n|-fieldend|move: Grassy Terrain\n|upkeep\n|turn|17\n|\n|t:|1699753752\n|switch|p2a: Bowser|Dragonite, M, shiny|100\/100\n|move|p1a: Ting-Lu|Throat Chop|p2a: Bowser\n|-damage|p2a: Bowser|66\/100\n|-start|p2a: Bowser|Throat Chop|[silent]\n|\n|upkeep\n|turn|18\n|\n|t:|1699753763\n|-terastallize|p2a: Bowser|Normal\n|move|p2a: Bowser|Extreme Speed|p1a: Ting-Lu\n|-damage|p1a: Ting-Lu|44\/100\n|-damage|p2a: Bowser|56\/100|[from] item: Life Orb\n|move|p1a: Ting-Lu|Throat Chop|p2a: Bowser\n|-damage|p2a: Bowser|24\/100\n|\n|-end|p2a: Bowser|Throat Chop|[silent]\n|upkeep\n|turn|19\n|\n|t:|1699753774\n|move|p2a: Bowser|Earthquake|p1a: Ting-Lu\n|-supereffective|p1a: Ting-Lu\n|-damage|p1a: Ting-Lu|1\/100\n|-damage|p2a: Bowser|14\/100|[from] item: Life Orb\n|move|p1a: Ting-Lu|Whirlwind|p2a: Bowser\n|drag|p2a: Basculegion|Basculegion, M, shiny|14\/100\n|-damage|p2a: Basculegion|0 fnt|[from] Spikes\n|faint|p2a: Basculegion\n|\n|upkeep\n|\n|t:|1699753780\n|switch|p2a: Bowser|Dragonite, M, shiny, tera:Normal|14\/100\n|-damage|p2a: Bowser|0 fnt|[from] Spikes\n|faint|p2a: Bowser\n|\n|t:|1699753782\n|switch|p2a: Rillaboom|Rillaboom, F|43\/100\n|-damage|p2a: Rillaboom|18\/100|[from] Spikes\n|-fieldstart|move: Grassy Terrain|[from] ability: Grassy Surge|[of] p2a: Rillaboom\n|turn|20\n|-message|Tornadoalleys forfeited.\n|\n|win|6FuckingTypes\n|raw|6FuckingTypes's rating: 1059 &rarr; <strong>1098<\/strong><br \/>(+39 for winning)\n|raw|Tornadoalleys's rating: 1143 &rarr; <strong>1112<\/strong><br \/>(-31 for losing)\n|l|\u2606Tornadoalleys\n","uploadtime":1699753798,"views":9,"p1id":"6fuckingtypes","p2id":"tornadoalleys","formatid":"gen9ou","rating":1098,"private":0,"password":""}