{"id":"gen9ou-1993534950","p1":"Tony93420","p2":"BugCatcherN8R1X","format":"[Gen 9] OU","log":"|j|\u2606Tony93420\n|j|\u2606BugCatcherN8R1X\n|t:|1700329055\n|gametype|singles\n|player|p1|Tony93420|1|1181\n|player|p2|BugCatcherN8R1X|bugcatcher-gen4dp|1221\n|teamsize|p1|6\n|teamsize|p2|6\n|gen|9\n|tier|[Gen 9] OU\n|rated|\n|rule|Sleep Clause Mod: Limit one foe put to sleep\n|rule|Species Clause: Limit one of each Pok\u00e9mon\n|rule|OHKO Clause: OHKO moves are banned\n|rule|Evasion Items Clause: Evasion items are banned\n|rule|Evasion Moves Clause: Evasion moves are banned\n|rule|Endless Battle Clause: Forcing endless battles is banned\n|rule|HP Percentage Mod: HP is shown in percentages\n|clearpoke\n|poke|p1|Dragonite, M|\n|poke|p1|Dragapult, F|\n|poke|p1|Zapdos|\n|poke|p1|Gengar, M|\n|poke|p1|Gyarados, M|\n|poke|p1|Glimmora, F|\n|poke|p2|Kleavor, M|\n|poke|p2|Lokix, M|\n|poke|p2|Yanmega, M|\n|poke|p2|Slither Wing|\n|poke|p2|Scizor, M|\n|poke|p2|Frosmoth, M|\n|teampreview\n|inactive|Battle timer is ON: inactive players will automatically lose when time's up. (requested by BugCatcherN8R1X)\n|\n|t:|1700329073\n|start\n|switch|p1a: Glimmora|Glimmora, F|100\/100\n|switch|p2a: Apollo|Slither Wing|100\/100\n|turn|1\n|\n|t:|1700329096\n|move|p1a: Glimmora|Toxic|p2a: Apollo\n|-status|p2a: Apollo|tox\n|move|p2a: Apollo|Flame Charge|p1a: Glimmora\n|-resisted|p1a: Glimmora\n|-damage|p1a: Glimmora|92\/100\n|-boost|p2a: Apollo|spe|1\n|-activate|p1a: Glimmora|ability: Toxic Debris\n|-sidestart|p2: BugCatcherN8R1X|move: Toxic Spikes\n|\n|-damage|p2a: Apollo|94\/100 tox|[from] psn\n|upkeep\n|turn|2\n|\n|t:|1700329103\n|move|p2a: Apollo|Earthquake|p1a: Glimmora\n|-supereffective|p1a: Glimmora\n|-damage|p1a: Glimmora|0 fnt\n|-activate|p1a: Glimmora|ability: Toxic Debris\n|-sidestart|p2: BugCatcherN8R1X|move: Toxic Spikes\n|faint|p1a: Glimmora\n|\n|-damage|p2a: Apollo|82\/100 tox|[from] psn\n|upkeep\n|\n|t:|1700329107\n|switch|p1a: Zapdos|Zapdos|100\/100\n|turn|3\n|\n|t:|1700329112\n|-terastallize|p2a: Apollo|Electric\n|move|p1a: Zapdos|Hurricane|p2a: Apollo\n|-resisted|p2a: Apollo\n|-damage|p2a: Apollo|66\/100 tox\n|move|p2a: Apollo|Wild Charge|p1a: Zapdos\n|-damage|p1a: Zapdos|49\/100\n|-damage|p2a: Apollo|55\/100 tox|[from] Recoil\n|\n|-heal|p1a: Zapdos|55\/100|[from] item: Leftovers\n|-damage|p2a: Apollo|37\/100 tox|[from] psn\n|upkeep\n|turn|4\n|\n|t:|1700329121\n|move|p1a: Zapdos|Thunderbolt|p2a: Apollo\n|-resisted|p2a: Apollo\n|-crit|p2a: Apollo\n|-damage|p2a: Apollo|20\/100 tox\n|move|p2a: Apollo|Wild Charge|p1a: Zapdos\n|-damage|p1a: Zapdos|5\/100\n|-damage|p2a: Apollo|9\/100 tox|[from] Recoil\n|\n|-heal|p1a: Zapdos|11\/100|[from] item: Leftovers\n|-damage|p2a: Apollo|0 fnt|[from] psn\n|faint|p2a: Apollo\n|-end|p2a: Apollo|Protosynthesis|[silent]\n|upkeep\n|\n|t:|1700329126\n|switch|p2a: Ares|Scizor, M|100\/100\n|turn|5\n|\n|t:|1700329133\n|move|p2a: Ares|Bullet Punch|p1a: Zapdos\n|-resisted|p1a: Zapdos\n|-damage|p1a: Zapdos|0 fnt\n|faint|p1a: Zapdos\n|\n|upkeep\n|\n|t:|1700329138\n|switch|p1a: Gyarados|Gyarados, M, shiny|100\/100\n|-ability|p1a: Gyarados|Intimidate|boost\n|-unboost|p2a: Ares|atk|1\n|turn|6\n|\n|t:|1700329148\n|move|p1a: Gyarados|Dragon Dance|p1a: Gyarados\n|-boost|p1a: Gyarados|atk|1\n|-boost|p1a: Gyarados|spe|1\n|move|p2a: Ares|Swords Dance|p2a: Ares\n|-boost|p2a: Ares|atk|2\n|\n|upkeep\n|turn|7\n|\n|t:|1700329153\n|move|p1a: Gyarados|Earthquake|p2a: Ares\n|-damage|p2a: Ares|47\/100\n|move|p2a: Ares|Trailblaze|p1a: Gyarados\n|-damage|p1a: Gyarados|53\/100\n|-boost|p2a: Ares|spe|1\n|-heal|p2a: Ares|53\/100|[from] item: Shell Bell|[of] p1a: Gyarados\n|\n|-heal|p1a: Gyarados|59\/100|[from] item: Leftovers\n|upkeep\n|turn|8\n|\n|t:|1700329158\n|move|p1a: Gyarados|Earthquake|p2a: Ares\n|-damage|p2a: Ares|3\/100\n|move|p2a: Ares|Trailblaze|p1a: Gyarados\n|-damage|p1a: Gyarados|7\/100\n|-boost|p2a: Ares|spe|1\n|-heal|p2a: Ares|9\/100|[from] item: Shell Bell|[of] p1a: Gyarados\n|\n|-heal|p1a: Gyarados|14\/100|[from] item: Leftovers\n|upkeep\n|turn|9\n|\n|t:|1700329166\n|move|p2a: Ares|Bullet Punch|p1a: Gyarados\n|-resisted|p1a: Gyarados\n|-damage|p1a: Gyarados|0 fnt\n|faint|p1a: Gyarados\n|-heal|p2a: Ares|11\/100|[from] item: Shell Bell|[of] p1: Gyarados\n|\n|upkeep\n|\n|t:|1700329168\n|switch|p1a: Dragonite|Dragonite, M|100\/100\n|turn|10\n|\n|t:|1700329174\n|move|p1a: Dragonite|Extreme Speed|p2a: Ares\n|-resisted|p2a: Ares\n|-damage|p2a: Ares|0 fnt\n|faint|p2a: Ares\n|\n|upkeep\n|\n|t:|1700329182\n|switch|p2a: Hachiman|Kleavor, M|100\/100\n|-status|p2a: Hachiman|tox\n|turn|11\n|\n|t:|1700329188\n|-terastallize|p1a: Dragonite|Ice\n|move|p2a: Hachiman|Stone Axe|p1a: Dragonite\n|-supereffective|p1a: Dragonite\n|-damage|p1a: Dragonite|40\/100\n|-sidestart|p1: Tony93420|move: Stealth Rock\n|move|p1a: Dragonite|Dragon Dance|p1a: Dragonite\n|-boost|p1a: Dragonite|atk|1\n|-boost|p1a: Dragonite|spe|1\n|\n|-heal|p1a: Dragonite|47\/100|[from] item: Leftovers\n|-damage|p2a: Hachiman|94\/100 tox|[from] psn\n|upkeep\n|turn|12\n|\n|t:|1700329199\n|move|p2a: Hachiman|Stone Axe|p1a: Dragonite\n|-supereffective|p1a: Dragonite\n|-damage|p1a: Dragonite|0 fnt\n|faint|p1a: Dragonite\n|\n|-damage|p2a: Hachiman|82\/100 tox|[from] psn\n|upkeep\n|\n|t:|1700329205\n|switch|p1a: Dragapult|Dragapult, F, shiny|100\/100\n|-damage|p1a: Dragapult|88\/100|[from] Stealth Rock\n|turn|13\n|\n|t:|1700329211\n|move|p2a: Hachiman|Stone Axe|p1a: Dragapult|[miss]\n|-miss|p2a: Hachiman|p1a: Dragapult\n|move|p1a: Dragapult|Flamethrower|p2a: Hachiman\n|-damage|p2a: Hachiman|39\/100 tox\n|\n|-damage|p2a: Hachiman|20\/100 tox|[from] psn\n|upkeep\n|turn|14\n|\n|t:|1700329219\n|move|p2a: Hachiman|Stone Axe|p1a: Dragapult\n|-damage|p1a: Dragapult|17\/100\n|move|p1a: Dragapult|Flamethrower|p2a: Hachiman\n|-damage|p2a: Hachiman|0 fnt\n|faint|p2a: Hachiman\n|\n|upkeep\n|\n|t:|1700329222\n|switch|p2a: Nidhogg|Yanmega, M|100\/100\n|turn|15\n|\n|t:|1700329230\n|move|p2a: Nidhogg|Protect|p2a: Nidhogg\n|-singleturn|p2a: Nidhogg|Protect\n|move|p1a: Dragapult|Flamethrower|p2a: Nidhogg\n|-activate|p2a: Nidhogg|move: Protect\n|\n|-ability|p2a: Nidhogg|Speed Boost|boost\n|-boost|p2a: Nidhogg|spe|1\n|upkeep\n|turn|16\n|\n|t:|1700329244\n|move|p2a: Nidhogg|Bug Buzz|p1a: Dragapult\n|-resisted|p1a: Dragapult\n|-damage|p1a: Dragapult|0 fnt\n|faint|p1a: Dragapult\n|-enditem|p2a: Nidhogg|Throat Spray\n|-boost|p2a: Nidhogg|spa|1|[from] item: Throat Spray\n|\n|-ability|p2a: Nidhogg|Speed Boost|boost\n|-boost|p2a: Nidhogg|spe|1\n|upkeep\n|\n|t:|1700329250\n|switch|p1a: Gengar|Gengar, M, shiny|100\/100\n|-damage|p1a: Gengar|88\/100|[from] Stealth Rock\n|turn|17\n|\n|t:|1700329256\n|move|p2a: Nidhogg|Psychic|p1a: Gengar\n|-supereffective|p1a: Gengar\n|-damage|p1a: Gengar|0 fnt\n|faint|p1a: Gengar\n|\n|win|BugCatcherN8R1X\n|raw|Tony93420's rating: 1181 &rarr; <strong>1159<\/strong><br \/>(-22 for losing)\n|raw|BugCatcherN8R1X's rating: 1221 &rarr; <strong>1243<\/strong><br \/>(+22 for winning)\n|l|\u2606Tony93420\n|c|\u2606BugCatcherN8R1X|Gg\n","uploadtime":1700329269,"views":8,"p1id":"tony93420","p2id":"bugcatchern8r1x","formatid":"gen9ou","rating":1159,"private":0,"password":""}