{"id":"gen9ou-2000052104","p1":"RggV","p2":"CaptainGrungo","format":"[Gen 9] OU","log":"|j|\u2606RggV\n|j|\u2606CaptainGrungo\n|t:|1701146469\n|gametype|singles\n|player|p1|RggV|#wcop2023latinamerica|1794\n|player|p2|CaptainGrungo|plasmagrunt|1726\n|teamsize|p1|6\n|teamsize|p2|6\n|gen|9\n|tier|[Gen 9] OU\n|rated|\n|rule|Sleep Clause Mod: Limit one foe put to sleep\n|rule|Species Clause: Limit one of each Pok\u00e9mon\n|rule|OHKO Clause: OHKO moves are banned\n|rule|Evasion Items Clause: Evasion items are banned\n|rule|Evasion Moves Clause: Evasion moves are banned\n|rule|Endless Battle Clause: Forcing endless battles is banned\n|rule|HP Percentage Mod: HP is shown in percentages\n|clearpoke\n|poke|p1|Infernape, M|\n|poke|p1|Ribombee, F|\n|poke|p1|Gholdengo|\n|poke|p1|Manaphy|\n|poke|p1|Landorus-Therian, M|\n|poke|p1|Kommo-o, M|\n|poke|p2|Iron Valiant|\n|poke|p2|Goodra-Hisui, F|\n|poke|p2|Okidogi, M|\n|poke|p2|Yanmega, F|\n|poke|p2|Garganacl, M|\n|poke|p2|Ting-Lu|\n|teampreview\n|inactive|Battle timer is ON: inactive players will automatically lose when time's up. (requested by RggV)\n|\n|t:|1701146492\n|start\n|switch|p1a: Ribombee|Ribombee, F|100\/100\n|switch|p2a: Garganacl|Garganacl, M|100\/100\n|turn|1\n|\n|t:|1701146496\n|move|p1a: Ribombee|Sticky Web|p2a: Garganacl\n|-sidestart|p2: CaptainGrungo|move: Sticky Web\n|move|p2a: Garganacl|Salt Cure|p1a: Ribombee\n|-supereffective|p1a: Ribombee\n|-damage|p1a: Ribombee|42\/100\n|\n|upkeep\n|turn|2\n|\n|t:|1701146504\n|move|p1a: Ribombee|Moonblast|p2a: Garganacl\n|-damage|p2a: Garganacl|74\/100\n|move|p2a: Garganacl|Salt Cure|p1a: Ribombee\n|-supereffective|p1a: Ribombee\n|-damage|p1a: Ribombee|0 fnt\n|faint|p1a: Ribombee\n|\n|upkeep\n|\n|t:|1701146508\n|switch|p1a: Landorus|Landorus-Therian, M|100\/100\n|-ability|p1a: Landorus|Intimidate|boost\n|-unboost|p2a: Garganacl|atk|1\n|turn|3\n|\n|t:|1701146514\n|-terastallize|p2a: Garganacl|Ghost\n|move|p1a: Landorus|Substitute|p1a: Landorus\n|-start|p1a: Landorus|Substitute\n|-damage|p1a: Landorus|76\/100\n|move|p2a: Garganacl|Salt Cure|p1a: Landorus\n|-activate|p1a: Landorus|move: Substitute|[damage]\n|\n|-heal|p1a: Landorus|82\/100|[from] item: Leftovers\n|upkeep\n|turn|4\n|\n|t:|1701146522\n|switch|p2a: Ting-Lu|Ting-Lu|100\/100\n|-activate|p2a: Ting-Lu|move: Sticky Web\n|-unboost|p2a: Ting-Lu|spe|1\n|-ability|p2a: Ting-Lu|Vessel of Ruin\n|move|p1a: Landorus|Bulk Up|p1a: Landorus\n|-boost|p1a: Landorus|atk|1\n|-boost|p1a: Landorus|def|1\n|\n|-heal|p1a: Landorus|88\/100|[from] item: Leftovers\n|upkeep\n|turn|5\n|j| xxCOALLAxx\n|\n|t:|1701146532\n|move|p1a: Landorus|Earthquake|p2a: Ting-Lu\n|-damage|p2a: Ting-Lu|66\/100\n|move|p2a: Ting-Lu|Ruination|p1a: Landorus\n|-end|p1a: Landorus|Substitute\n|\n|-heal|p1a: Landorus|94\/100|[from] item: Leftovers\n|-heal|p2a: Ting-Lu|72\/100|[from] item: Leftovers\n|upkeep\n|turn|6\n|\n|t:|1701146540\n|move|p1a: Landorus|Earthquake|p2a: Ting-Lu\n|-crit|p2a: Ting-Lu\n|-damage|p2a: Ting-Lu|19\/100\n|move|p2a: Ting-Lu|Ruination|p1a: Landorus\n|-damage|p1a: Landorus|47\/100\n|\n|-heal|p1a: Landorus|53\/100|[from] item: Leftovers\n|-heal|p2a: Ting-Lu|26\/100|[from] item: Leftovers\n|upkeep\n|turn|7\n|\n|t:|1701146549\n|move|p1a: Landorus|Earthquake|p2a: Ting-Lu\n|-damage|p2a: Ting-Lu|0 fnt\n|faint|p2a: Ting-Lu\n|\n|-heal|p1a: Landorus|59\/100|[from] item: Leftovers\n|upkeep\n|\n|t:|1701146555\n|switch|p2a: Yanmega|Yanmega, F|100\/100\n|turn|8\n|\n|t:|1701146557\n|move|p2a: Yanmega|Protect|p2a: Yanmega\n|-singleturn|p2a: Yanmega|Protect\n|move|p1a: Landorus|Smack Down|p2a: Yanmega\n|-activate|p2a: Yanmega|move: Protect\n|\n|-heal|p1a: Landorus|65\/100|[from] item: Leftovers\n|-ability|p2a: Yanmega|Speed Boost|boost\n|-boost|p2a: Yanmega|spe|1\n|upkeep\n|turn|9\n|\n|t:|1701146565\n|move|p2a: Yanmega|Air Slash|p1a: Landorus\n|-damage|p1a: Landorus|13\/100\n|move|p1a: Landorus|Smack Down|p2a: Yanmega\n|-supereffective|p2a: Yanmega\n|-damage|p2a: Yanmega|0 fnt\n|faint|p2a: Yanmega\n|\n|-heal|p1a: Landorus|19\/100|[from] item: Leftovers\n|upkeep\n|-message|CaptainGrungo forfeited.\n|\n|win|RggV\n|raw|RggV's rating: 1794 &rarr; <strong>1810<\/strong><br \/>(+16 for winning)\n|raw|CaptainGrungo's rating: 1726 &rarr; <strong>1710<\/strong><br \/>(-16 for losing)\n|l|\u2606CaptainGrungo\n|l|\u2606RggV\n","uploadtime":1701146616,"views":18,"p1id":"rggv","p2id":"captaingrungo","formatid":"gen9ou","rating":1710,"private":0,"password":""}