{"id":"gen9ou-1993522278","p1":"Smoll55","p2":"Gen6DoublesPro","format":"[Gen 9] OU","log":"|j|\u2606Smoll55\n|j|\u2606Gen6DoublesPro\n|t:|1700327681\n|gametype|singles\n|player|p1|Smoll55|266|1087\n|player|p2|Gen6DoublesPro|lucas|1000\n|teamsize|p1|6\n|teamsize|p2|6\n|gen|9\n|tier|[Gen 9] OU\n|rated|\n|rule|Sleep Clause Mod: Limit one foe put to sleep\n|rule|Species Clause: Limit one of each Pok\u00e9mon\n|rule|OHKO Clause: OHKO moves are banned\n|rule|Evasion Items Clause: Evasion items are banned\n|rule|Evasion Moves Clause: Evasion moves are banned\n|rule|Endless Battle Clause: Forcing endless battles is banned\n|rule|HP Percentage Mod: HP is shown in percentages\n|clearpoke\n|poke|p1|Kommo-o, M|\n|poke|p1|Pelipper, F|\n|poke|p1|Overqwil, F|\n|poke|p1|Ceruledge, M|\n|poke|p1|Ting-Lu|\n|poke|p1|Rillaboom, M|\n|poke|p2|Amoonguss, M|\n|poke|p2|Lokix, F|\n|poke|p2|Staraptor, M|\n|poke|p2|Basculegion-F, F|\n|poke|p2|Ursaluna, F|\n|poke|p2|Dragapult, M|\n|teampreview\n|\n|t:|1700327686\n|start\n|switch|p1a: Pelipper|Pelipper, F|100\/100\n|switch|p2a: Lokix|Lokix, F|100\/100\n|-weather|RainDance|[from] ability: Drizzle|[of] p1a: Pelipper\n|turn|1\n|\n|t:|1700327697\n|move|p2a: Lokix|First Impression|p1a: Pelipper\n|-resisted|p1a: Pelipper\n|-damage|p1a: Pelipper|56\/100\n|move|p1a: Pelipper|Hurricane|p2a: Lokix\n|-supereffective|p2a: Lokix\n|-damage|p2a: Lokix|0 fnt\n|faint|p2a: Lokix\n|\n|-weather|RainDance|[upkeep]\n|upkeep\n|\n|t:|1700327708\n|switch|p2a: Staraptor|Staraptor, M|100\/100\n|-ability|p2a: Staraptor|Intimidate|boost\n|-unboost|p1a: Pelipper|atk|1\n|turn|2\n|\n|t:|1700327717\n|move|p2a: Staraptor|Tailwind|p2a: Staraptor\n|-sidestart|p2: Gen6DoublesPro|move: Tailwind\n|move|p1a: Pelipper|Roost|p1a: Pelipper\n|-heal|p1a: Pelipper|100\/100\n|-singleturn|p1a: Pelipper|move: Roost\n|\n|-weather|RainDance|[upkeep]\n|upkeep\n|turn|3\n|\n|t:|1700327728\n|-terastallize|p2a: Staraptor|Normal\n|move|p2a: Staraptor|Double-Edge|p1a: Pelipper\n|-damage|p1a: Pelipper|0 fnt\n|faint|p1a: Pelipper\n|-damage|p2a: Staraptor|66\/100|[from] Recoil\n|-damage|p2a: Staraptor|56\/100|[from] item: Life Orb\n|\n|-weather|RainDance|[upkeep]\n|upkeep\n|\n|t:|1700327737\n|switch|p1a: Kommo-o|Kommo-o, M|100\/100\n|turn|4\n|\n|t:|1700327746\n|move|p2a: Staraptor|Brave Bird|p1a: Kommo-o\n|-supereffective|p1a: Kommo-o\n|-damage|p1a: Kommo-o|0 fnt\n|faint|p1a: Kommo-o\n|-damage|p2a: Staraptor|25\/100|[from] Recoil\n|-damage|p2a: Staraptor|15\/100|[from] item: Life Orb\n|\n|-weather|RainDance|[upkeep]\n|upkeep\n|\n|t:|1700327751\n|switch|p1a: Overqwil|Overqwil, F|100\/100\n|-item|p1a: Overqwil|Air Balloon\n|turn|5\n|\n|t:|1700327759\n|move|p2a: Staraptor|Double-Edge|p1a: Overqwil\n|-damage|p1a: Overqwil|0 fnt\n|-enditem|p1a: Overqwil|Air Balloon\n|faint|p1a: Overqwil\n|-damage|p2a: Staraptor|0 fnt|[from] Recoil\n|faint|p2a: Staraptor\n|\n|-weather|RainDance|[upkeep]\n|-sideend|p2: Gen6DoublesPro|move: Tailwind\n|upkeep\n|\n|t:|1700327770\n|switch|p2a: Ursaluna|Ursaluna, F|100\/100\n|switch|p1a: Ceruledge|Ceruledge, M|100\/100\n|turn|6\n|\n|t:|1700327784\n|switch|p1a: Rillaboom|Rillaboom, M|100\/100\n|-fieldstart|move: Grassy Terrain|[from] ability: Grassy Surge|[of] p1a: Rillaboom\n|-enditem|p1a: Rillaboom|Grassy Seed\n|-boost|p1a: Rillaboom|def|1|[from] item: Grassy Seed\n|move|p2a: Ursaluna|Bulk Up|p2a: Ursaluna\n|-boost|p2a: Ursaluna|atk|1\n|-boost|p2a: Ursaluna|def|1\n|\n|-weather|RainDance|[upkeep]\n|-status|p2a: Ursaluna|brn|[from] item: Flame Orb\n|upkeep\n|turn|7\n|\n|t:|1700327798\n|move|p1a: Rillaboom|Grassy Glide|p2a: Ursaluna\n|-supereffective|p2a: Ursaluna\n|-damage|p2a: Ursaluna|69\/100 brn\n|move|p2a: Ursaluna|Facade|p1a: Rillaboom\n|-damage|p1a: Rillaboom|17\/100\n|\n|-weather|RainDance|[upkeep]\n|-heal|p1a: Rillaboom|24\/100|[from] Grassy Terrain\n|-heal|p2a: Ursaluna|75\/100 brn|[from] Grassy Terrain\n|-damage|p2a: Ursaluna|69\/100 brn|[from] brn\n|upkeep\n|turn|8\n|\n|t:|1700327815\n|move|p1a: Rillaboom|Drum Beating|p2a: Ursaluna\n|-supereffective|p2a: Ursaluna\n|-damage|p2a: Ursaluna|27\/100 brn\n|-unboost|p2a: Ursaluna|spe|1\n|move|p2a: Ursaluna|Crunch|p1a: Rillaboom\n|-damage|p1a: Rillaboom|0 fnt\n|faint|p1a: Rillaboom\n|\n|-weather|none\n|-heal|p2a: Ursaluna|33\/100 brn|[from] Grassy Terrain\n|-damage|p2a: Ursaluna|27\/100 brn|[from] brn\n|upkeep\n|\n|t:|1700327829\n|switch|p1a: Ceruledge|Ceruledge, M|100\/100\n|turn|9\n|\n|t:|1700327853\n|-terastallize|p1a: Ceruledge|Fire\n|move|p1a: Ceruledge|Psycho Cut|p2a: Ursaluna\n|-damage|p2a: Ursaluna|12\/100 brn\n|-damage|p1a: Ceruledge|91\/100|[from] item: Life Orb\n|move|p2a: Ursaluna|Earthquake|p1a: Ceruledge\n|-supereffective|p1a: Ceruledge\n|-damage|p1a: Ceruledge|0 fnt\n|faint|p1a: Ceruledge\n|\n|-heal|p2a: Ursaluna|18\/100 brn|[from] Grassy Terrain\n|-damage|p2a: Ursaluna|12\/100 brn|[from] brn\n|upkeep\n|\n|t:|1700327858\n|switch|p1a: Ting-Lu|Ting-Lu|100\/100\n|-ability|p1a: Ting-Lu|Vessel of Ruin\n|turn|10\n|\n|t:|1700327876\n|move|p1a: Ting-Lu|Payback|p2a: Ursaluna\n|-damage|p2a: Ursaluna|3\/100 brn\n|move|p2a: Ursaluna|Facade|p1a: Ting-Lu\n|-damage|p1a: Ting-Lu|13\/100\n|\n|-heal|p1a: Ting-Lu|20\/100|[from] Grassy Terrain\n|-heal|p1a: Ting-Lu|26\/100|[from] item: Leftovers\n|-heal|p2a: Ursaluna|9\/100 brn|[from] Grassy Terrain\n|-damage|p2a: Ursaluna|3\/100 brn|[from] brn\n|-fieldend|move: Grassy Terrain\n|upkeep\n|turn|11\n|\n|t:|1700327889\n|move|p1a: Ting-Lu|Payback|p2a: Ursaluna\n|-damage|p2a: Ursaluna|0 fnt\n|faint|p2a: Ursaluna\n|\n|-heal|p1a: Ting-Lu|32\/100|[from] item: Leftovers\n|upkeep\n|\n|t:|1700327895\n|switch|p2a: Basculegion|Basculegion-F, F|100\/100\n|-ability|p2a: Basculegion|Mold Breaker\n|turn|12\n|-message|Smoll55 forfeited.\n|\n|win|Gen6DoublesPro\n|raw|Smoll55's rating: 1087 &rarr; <strong>1058<\/strong><br \/>(-29 for losing)\n|raw|Gen6DoublesPro's rating: 1000 &rarr; <strong>1050<\/strong><br \/>(+50 for winning)\n|l|\u2606Smoll55\n","uploadtime":1700327906,"views":14,"p1id":"smoll55","p2id":"gen6doublespro","formatid":"gen9ou","rating":1050,"private":0,"password":""}