{"id":"gen9ou-1989353961","p1":"S3PP1","p2":"CRIPPYwitdaGRIPPY","format":"[Gen 9] OU","log":"|j|\u2606S3PP1\n|j|\u2606CRIPPYwitdaGRIPPY\n|t:|1699839873\n|gametype|singles\n|player|p1|S3PP1|chuck|\n|player|p2|CRIPPYwitdaGRIPPY|caitlin|\n|teamsize|p1|6\n|teamsize|p2|6\n|gen|9\n|tier|[Gen 9] OU\n|rule|Sleep Clause Mod: Limit one foe put to sleep\n|rule|Species Clause: Limit one of each Pok\u00e9mon\n|rule|OHKO Clause: OHKO moves are banned\n|rule|Evasion Items Clause: Evasion items are banned\n|rule|Evasion Moves Clause: Evasion moves are banned\n|rule|Endless Battle Clause: Forcing endless battles is banned\n|rule|HP Percentage Mod: HP is shown in percentages\n|clearpoke\n|poke|p1|Samurott-Hisui, M|\n|poke|p1|Ting-Lu|\n|poke|p1|Amoonguss, M|\n|poke|p1|Noivern, F|\n|poke|p1|Quagsire, M|\n|poke|p1|Heracross, M|\n|poke|p2|Walking Wake|\n|poke|p2|Landorus-Therian, M|\n|poke|p2|Skeledirge, F|\n|poke|p2|Goodra-Hisui, M|\n|poke|p2|Fezandipiti, M|\n|poke|p2|Torterra, F|\n|teampreview\n|inactive|Battle timer is ON: inactive players will automatically lose when time's up. (requested by S3PP1)\n|inactive|S3PP1 has 270 seconds left.\n|\n|t:|1699839908\n|start\n|switch|p1a: Sir Edgelord|Samurott-Hisui, M|100\/100\n|switch|p2a: bipedal boi|Walking Wake|100\/100\n|turn|1\n|\n|t:|1699839925\n|move|p2a: bipedal boi|Knock Off|p1a: Sir Edgelord\n|-resisted|p1a: Sir Edgelord\n|-damage|p1a: Sir Edgelord|87\/100\n|-enditem|p1a: Sir Edgelord|Mystic Water|[from] move: Knock Off|[of] p2a: bipedal boi\n|move|p1a: Sir Edgelord|Swords Dance|p1a: Sir Edgelord\n|-boost|p1a: Sir Edgelord|atk|2\n|\n|upkeep\n|turn|2\n|j| BeardoftheRed\n|\n|t:|1699839934\n|move|p2a: bipedal boi|Draco Meteor|p1a: Sir Edgelord\n|-damage|p1a: Sir Edgelord|0 fnt\n|-unboost|p2a: bipedal boi|spa|2\n|faint|p1a: Sir Edgelord\n|\n|upkeep\n|\n|t:|1699839945\n|switch|p1a: Manly|Heracross, M, shiny|100\/100\n|turn|3\n|\n|t:|1699839960\n|move|p2a: bipedal boi|Knock Off|p1a: Manly\n|-resisted|p1a: Manly\n|-damage|p1a: Manly|87\/100\n|-enditem|p1a: Manly|Flame Orb|[from] move: Knock Off|[of] p2a: bipedal boi\n|move|p1a: Manly|Swords Dance|p1a: Manly\n|-boost|p1a: Manly|atk|2\n|\n|upkeep\n|turn|4\n|\n|t:|1699839972\n|move|p2a: bipedal boi|Hydro Pump|p1a: Manly\n|-damage|p1a: Manly|55\/100\n|move|p1a: Manly|Lunge|p2a: bipedal boi\n|-damage|p2a: bipedal boi|7\/100\n|-unboost|p2a: bipedal boi|atk|1\n|\n|upkeep\n|turn|5\n|\n|t:|1699839986\n|move|p2a: bipedal boi|Draco Meteor|p1a: Manly\n|-damage|p1a: Manly|18\/100\n|-unboost|p2a: bipedal boi|spa|2\n|move|p1a: Manly|Lunge|p2a: bipedal boi\n|-damage|p2a: bipedal boi|0 fnt\n|faint|p2a: bipedal boi\n|-end|p2a: bipedal boi|Protosynthesis|[silent]\n|\n|upkeep\n|\n|t:|1699839994\n|switch|p2a: fire gator|Skeledirge, F|100\/100\n|turn|6\n|\n|t:|1699840001\n|move|p1a: Manly|Lunge|p2a: fire gator\n|-resisted|p2a: fire gator\n|-damage|p2a: fire gator|92\/100\n|-unboost|p2a: fire gator|atk|1\n|move|p2a: fire gator|Torch Song|p1a: Manly\n|-supereffective|p1a: Manly\n|-damage|p1a: Manly|0 fnt\n|-boost|p2a: fire gator|spa|1\n|faint|p1a: Manly\n|\n|upkeep\n|\n|t:|1699840010\n|switch|p1a: Soap|Quagsire, M, shiny|100\/100\n|turn|7\n|\n|t:|1699840018\n|switch|p2a: planet turtle|Torterra, F|100\/100\n|move|p1a: Soap|Liquidation|p2a: planet turtle\n|-damage|p2a: planet turtle|75\/100\n|\n|upkeep\n|turn|8\n|\n|t:|1699840030\n|switch|p1a: Decibell|Noivern, F|100\/100\n|move|p2a: planet turtle|Bullet Seed|p1a: Decibell\n|-resisted|p1a: Decibell\n|-damage|p1a: Decibell|97\/100\n|-resisted|p1a: Decibell\n|-damage|p1a: Decibell|94\/100\n|-resisted|p1a: Decibell\n|-damage|p1a: Decibell|90\/100\n|-resisted|p1a: Decibell\n|-damage|p1a: Decibell|87\/100\n|-resisted|p1a: Decibell\n|-damage|p1a: Decibell|84\/100\n|-hitcount|p1a: Decibell|5\n|\n|upkeep\n|turn|9\n|inactive|CRIPPYwitdaGRIPPY has 270 seconds left.\n|\n|t:|1699840073\n|switch|p2a: fire gator|Skeledirge, F|92\/100\n|move|p1a: Decibell|Boomburst|p2a: fire gator\n|-immune|p2a: fire gator\n|\n|upkeep\n|turn|10\n|\n|t:|1699840087\n|move|p1a: Decibell|Air Slash|p2a: fire gator\n|-damage|p2a: fire gator|68\/100\n|move|p2a: fire gator|Fire Blast|p1a: Decibell\n|-resisted|p1a: Decibell\n|-damage|p1a: Decibell|59\/100\n|-status|p1a: Decibell|brn\n|\n|-damage|p1a: Decibell|53\/100 brn|[from] brn\n|upkeep\n|turn|11\n|inactive|CRIPPYwitdaGRIPPY has 270 seconds left.\n|\n|t:|1699840100\n|move|p1a: Decibell|Dragon Pulse|p2a: fire gator\n|-damage|p2a: fire gator|39\/100\n|move|p2a: fire gator|Hex|p1a: Decibell\n|-damage|p1a: Decibell|4\/100 brn\n|\n|-damage|p1a: Decibell|0 fnt|[from] brn\n|faint|p1a: Decibell\n|upkeep\n|\n|t:|1699840115\n|switch|p1a: Super Bowl|Ting-Lu|100\/100\n|-ability|p1a: Super Bowl|Vessel of Ruin\n|turn|12\n|inactive|CRIPPYwitdaGRIPPY has 270 seconds left.\n|\n|t:|1699840127\n|move|p2a: fire gator|Fire Blast|p1a: Super Bowl\n|-damage|p1a: Super Bowl|75\/100\n|move|p1a: Super Bowl|Stealth Rock|p2a: fire gator\n|-sidestart|p2: CRIPPYwitdaGRIPPY|move: Stealth Rock\n|\n|-heal|p1a: Super Bowl|81\/100|[from] item: Leftovers\n|upkeep\n|turn|13\n|inactive|CRIPPYwitdaGRIPPY has 270 seconds left.\n|\n|t:|1699840142\n|move|p2a: fire gator|Will-O-Wisp|p1a: Super Bowl\n|-status|p1a: Super Bowl|brn\n|move|p1a: Super Bowl|Whirlwind|p2a: fire gator\n|drag|p2a: planet turtle|Torterra, F|75\/100\n|-damage|p2a: planet turtle|69\/100|[from] Stealth Rock\n|\n|-heal|p1a: Super Bowl|87\/100 brn|[from] item: Leftovers\n|-damage|p1a: Super Bowl|81\/100 brn|[from] brn\n|upkeep\n|turn|14\n|inactive|CRIPPYwitdaGRIPPY has 270 seconds left.\n|\n|t:|1699840154\n|move|p2a: planet turtle|Headlong Rush|p1a: Super Bowl\n|-damage|p1a: Super Bowl|56\/100 brn\n|-unboost|p2a: planet turtle|def|1\n|-unboost|p2a: planet turtle|spd|1\n|move|p1a: Super Bowl|Whirlwind|p2a: planet turtle\n|drag|p2a: ohhhhh my|Goodra-Hisui, M, shiny|100\/100\n|-damage|p2a: ohhhhh my|94\/100|[from] Stealth Rock\n|\n|-heal|p1a: Super Bowl|62\/100 brn|[from] item: Leftovers\n|-damage|p1a: Super Bowl|56\/100 brn|[from] brn\n|upkeep\n|turn|15\n|inactive|CRIPPYwitdaGRIPPY has 270 seconds left.\n|\n|t:|1699840175\n|move|p2a: ohhhhh my|Draco Meteor|p1a: Super Bowl\n|-damage|p1a: Super Bowl|19\/100 brn\n|-unboost|p2a: ohhhhh my|spa|2\n|move|p1a: Super Bowl|Ruination|p2a: ohhhhh my\n|-damage|p2a: ohhhhh my|48\/100\n|\n|-heal|p1a: Super Bowl|25\/100 brn|[from] item: Leftovers\n|-damage|p1a: Super Bowl|19\/100 brn|[from] brn\n|upkeep\n|turn|16\n|\n|t:|1699840187\n|move|p2a: ohhhhh my|Draco Meteor|p1a: Super Bowl\n|-crit|p1a: Super Bowl\n|-damage|p1a: Super Bowl|0 fnt\n|-unboost|p2a: ohhhhh my|spa|2\n|faint|p1a: Super Bowl\n|\n|upkeep\n|\n|t:|1699840193\n|switch|p1a: Soap|Quagsire, M, shiny|100\/100\n|turn|17\n|\n|t:|1699840200\n|move|p2a: ohhhhh my|Draco Meteor|p1a: Soap\n|-damage|p1a: Soap|21\/100\n|-unboost|p2a: ohhhhh my|spa|2\n|move|p1a: Soap|Earthquake|p2a: ohhhhh my\n|-supereffective|p2a: ohhhhh my\n|-damage|p2a: ohhhhh my|0 fnt\n|faint|p2a: ohhhhh my\n|\n|-heal|p1a: Soap|27\/100|[from] item: Leftovers\n|upkeep\n|\n|t:|1699840213\n|switch|p2a: planet turtle|Torterra, F|69\/100\n|-damage|p2a: planet turtle|63\/100|[from] Stealth Rock\n|turn|18\n|\n|t:|1699840226\n|switch|p1a: Fun-Guy|Amoonguss, M, shiny|100\/100\n|move|p2a: planet turtle|Bullet Seed|p1a: Fun-Guy\n|-resisted|p1a: Fun-Guy\n|-damage|p1a: Fun-Guy|97\/100\n|-resisted|p1a: Fun-Guy\n|-crit|p1a: Fun-Guy\n|-damage|p1a: Fun-Guy|92\/100\n|-resisted|p1a: Fun-Guy\n|-damage|p1a: Fun-Guy|89\/100\n|-resisted|p1a: Fun-Guy\n|-damage|p1a: Fun-Guy|85\/100\n|-resisted|p1a: Fun-Guy\n|-damage|p1a: Fun-Guy|82\/100\n|-hitcount|p1a: Fun-Guy|5\n|\n|-heal|p1a: Fun-Guy|89\/100|[from] item: Black Sludge\n|upkeep\n|turn|19\n|inactive|CRIPPYwitdaGRIPPY has 270 seconds left.\n|\n|t:|1699840240\n|switch|p2a: fire gator|Skeledirge, F|39\/100\n|move|p1a: Fun-Guy|Foul Play|p2a: fire gator\n|-supereffective|p2a: fire gator\n|-damage|p2a: fire gator|18\/100\n|\n|-heal|p1a: Fun-Guy|95\/100|[from] item: Black Sludge\n|upkeep\n|turn|20\n|\n|t:|1699840248\n|move|p2a: fire gator|Fire Blast|p1a: Fun-Guy\n|-supereffective|p1a: Fun-Guy\n|-damage|p1a: Fun-Guy|21\/100\n|move|p1a: Fun-Guy|Foul Play|p2a: fire gator\n|-supereffective|p2a: fire gator\n|-damage|p2a: fire gator|0 fnt\n|faint|p2a: fire gator\n|\n|-heal|p1a: Fun-Guy|27\/100|[from] item: Black Sludge\n|upkeep\n|inactive|CRIPPYwitdaGRIPPY has 270 seconds left.\n|\n|t:|1699840261\n|switch|p2a: planet turtle|Torterra, F|63\/100\n|-damage|p2a: planet turtle|57\/100|[from] Stealth Rock\n|turn|21\n|\n|t:|1699840267\n|switch|p1a: Soap|Quagsire, M, shiny|27\/100\n|move|p2a: planet turtle|Headlong Rush|p1a: Soap\n|-damage|p1a: Soap|0 fnt\n|-unboost|p2a: planet turtle|def|1\n|-unboost|p2a: planet turtle|spd|1\n|faint|p1a: Soap\n|\n|upkeep\n|\n|t:|1699840271\n|switch|p1a: Fun-Guy|Amoonguss, M, shiny|60\/100\n|turn|22\n|\n|t:|1699840290\n|move|p2a: planet turtle|Headlong Rush|p1a: Fun-Guy\n|-damage|p1a: Fun-Guy|0 fnt\n|-unboost|p2a: planet turtle|def|1\n|-unboost|p2a: planet turtle|spd|1\n|faint|p1a: Fun-Guy\n|\n|win|CRIPPYwitdaGRIPPY\n|l| BeardoftheRed\n|l|\u2606S3PP1\n","uploadtime":1699840315,"views":7,"p1id":"s3pp1","p2id":"crippywitdagrippy","formatid":"gen9ou","rating":0,"private":0,"password":""}