{"id":"gen9ou-1999993077","p1":"Prilaja","p2":"purple pastels","format":"[Gen 9] OU","log":"|j|\u2606Prilaja\n|j|\u2606purple pastels\n|t:|1701138716\n|gametype|singles\n|player|p1|Prilaja|169|1426\n|player|p2|purple pastels|doubleteam|1346\n|teamsize|p1|6\n|teamsize|p2|6\n|gen|9\n|tier|[Gen 9] OU\n|rated|\n|rule|Sleep Clause Mod: Limit one foe put to sleep\n|rule|Species Clause: Limit one of each Pok\u00e9mon\n|rule|OHKO Clause: OHKO moves are banned\n|rule|Evasion Items Clause: Evasion items are banned\n|rule|Evasion Moves Clause: Evasion moves are banned\n|rule|Endless Battle Clause: Forcing endless battles is banned\n|rule|HP Percentage Mod: HP is shown in percentages\n|clearpoke\n|poke|p1|Hoopa-Unbound|\n|poke|p1|Kleavor, F|\n|poke|p1|Samurott-Hisui, M|\n|poke|p1|Ogerpon, F|\n|poke|p1|Zamazenta-*|\n|poke|p1|Cinderace, M|\n|poke|p2|Rillaboom, F|\n|poke|p2|Heatran, M|\n|poke|p2|Scream Tail|\n|poke|p2|Great Tusk|\n|poke|p2|Dragonite, M|\n|poke|p2|Qwilfish-Hisui, F|\n|teampreview\n|\n|t:|1701138730\n|start\n|switch|p1a: Ogerpon|Ogerpon, F|100\/100\n|switch|p2a: Great Tusk|Great Tusk|100\/100\n|turn|1\n|inactive|Battle timer is ON: inactive players will automatically lose when time's up. (requested by Prilaja)\n|\n|t:|1701138740\n|move|p1a: Ogerpon|U-turn|p2a: Great Tusk\n|-resisted|p2a: Great Tusk\n|-damage|p2a: Great Tusk|90\/100\n|\n|t:|1701138759\n|switch|p1a: Zamazenta|Zamazenta|100\/100|[from] U-turn\n|-ability|p1a: Zamazenta|Dauntless Shield|boost\n|-boost|p1a: Zamazenta|def|1\n|move|p2a: Great Tusk|Knock Off|p1a: Zamazenta\n|-resisted|p1a: Zamazenta\n|-damage|p1a: Zamazenta|92\/100\n|-enditem|p1a: Zamazenta|Choice Band|[from] move: Knock Off|[of] p2a: Great Tusk\n|\n|-heal|p2a: Great Tusk|96\/100|[from] item: Leftovers\n|upkeep\n|turn|2\n|\n|t:|1701138765\n|-end|p2a: Great Tusk|Protosynthesis|[silent]\n|switch|p2a: Scream Tail|Scream Tail|100\/100\n|move|p1a: Zamazenta|Psychic Fangs|p2a: Scream Tail\n|-resisted|p2a: Scream Tail\n|-damage|p2a: Scream Tail|90\/100\n|\n|-heal|p2a: Scream Tail|96\/100|[from] item: Leftovers\n|upkeep\n|turn|3\n|\n|t:|1701138774\n|switch|p1a: Cinderace|Cinderace, M|100\/100\n|move|p2a: Scream Tail|Protect||[still]\n|-fail|p2a: Scream Tail\n|\n|-heal|p2a: Scream Tail|100\/100|[from] item: Leftovers\n|upkeep\n|turn|4\n|\n|t:|1701138779\n|move|p2a: Scream Tail|Protect|p2a: Scream Tail\n|-singleturn|p2a: Scream Tail|Protect\n|move|p1a: Cinderace|Pyro Ball|p2a: Scream Tail\n|-activate|p2a: Scream Tail|move: Protect\n|\n|upkeep\n|turn|5\n|\n|t:|1701138786\n|move|p1a: Cinderace|Pyro Ball|p2a: Scream Tail\n|-damage|p2a: Scream Tail|28\/100\n|move|p2a: Scream Tail|Wish|p2a: Scream Tail\n|\n|-heal|p2a: Scream Tail|34\/100|[from] item: Leftovers\n|upkeep\n|turn|6\n|\n|t:|1701138798\n|move|p2a: Scream Tail|Protect|p2a: Scream Tail\n|-singleturn|p2a: Scream Tail|Protect\n|move|p1a: Cinderace|Pyro Ball|p2a: Scream Tail\n|-activate|p2a: Scream Tail|move: Protect\n|\n|-heal|p2a: Scream Tail|84\/100|[from] move: Wish|[wisher] Scream Tail\n|-heal|p2a: Scream Tail|90\/100|[from] item: Leftovers\n|upkeep\n|turn|7\n|\n|t:|1701138804\n|move|p1a: Cinderace|Pyro Ball|p2a: Scream Tail|[miss]\n|-miss|p1a: Cinderace|p2a: Scream Tail\n|move|p2a: Scream Tail|Wish|p2a: Scream Tail\n|\n|-heal|p2a: Scream Tail|96\/100|[from] item: Leftovers\n|upkeep\n|turn|8\n|\n|t:|1701138809\n|move|p1a: Cinderace|Pyro Ball|p2a: Scream Tail\n|-damage|p2a: Scream Tail|32\/100\n|move|p2a: Scream Tail|Dazzling Gleam|p1a: Cinderace\n|-resisted|p1a: Cinderace\n|-damage|p1a: Cinderace|86\/100\n|\n|-heal|p2a: Scream Tail|82\/100|[from] move: Wish|[wisher] Scream Tail\n|-heal|p2a: Scream Tail|88\/100|[from] item: Leftovers\n|upkeep\n|turn|9\n|\n|t:|1701138820\n|switch|p1a: Hoopa|Hoopa-Unbound|100\/100\n|move|p2a: Scream Tail|Wish|p2a: Scream Tail\n|\n|-heal|p2a: Scream Tail|95\/100|[from] item: Leftovers\n|upkeep\n|turn|10\n|\n|t:|1701138827\n|move|p2a: Scream Tail|Dazzling Gleam|p1a: Hoopa\n|-supereffective|p1a: Hoopa\n|-damage|p1a: Hoopa|66\/100\n|move|p1a: Hoopa|Hyperspace Fury|p2a: Scream Tail\n|-damage|p2a: Scream Tail|16\/100\n|-unboost|p1a: Hoopa|def|1\n|\n|-heal|p2a: Scream Tail|66\/100|[from] move: Wish|[wisher] Scream Tail\n|-heal|p2a: Scream Tail|72\/100|[from] item: Leftovers\n|upkeep\n|turn|11\n|\n|t:|1701138835\n|-end|p2a: Scream Tail|Protosynthesis|[silent]\n|switch|p2a: Qwilfish|Qwilfish-Hisui, F|100\/100\n|-ability|p2a: Qwilfish|Intimidate|boost\n|-unboost|p1a: Hoopa|atk|1\n|move|p1a: Hoopa|Hyperspace Fury|p2a: Qwilfish\n|-resisted|p2a: Qwilfish\n|-damage|p2a: Qwilfish|76\/100\n|-unboost|p1a: Hoopa|def|1\n|\n|upkeep\n|turn|12\n|\n|t:|1701138844\n|switch|p1a: Kleavor|Kleavor, F|100\/100\n|move|p2a: Qwilfish|Barb Barrage|p1a: Kleavor\n|-resisted|p1a: Kleavor\n|-damage|p1a: Kleavor|89\/100\n|\n|upkeep\n|turn|13\n|\n|t:|1701138852\n|switch|p2a: Great Tusk|Great Tusk|96\/100\n|move|p1a: Kleavor|U-turn|p2a: Great Tusk\n|-resisted|p2a: Great Tusk\n|-damage|p2a: Great Tusk|76\/100\n|\n|t:|1701138863\n|switch|p1a: Ogerpon|Ogerpon, F|100\/100|[from] U-turn\n|\n|-heal|p2a: Great Tusk|82\/100|[from] item: Leftovers\n|upkeep\n|turn|14\n|\n|t:|1701138873\n|-end|p2a: Great Tusk|Protosynthesis|[silent]\n|switch|p2a: Dragonite|Dragonite, M|100\/100\n|move|p1a: Ogerpon|Power Whip|p2a: Dragonite\n|-resisted|p2a: Dragonite\n|-crit|p2a: Dragonite\n|-damage|p2a: Dragonite|85\/100\n|\n|upkeep\n|turn|15\n|\n|t:|1701138878\n|switch|p1a: Kleavor|Kleavor, F|89\/100\n|move|p2a: Dragonite|Substitute|p2a: Dragonite\n|-start|p2a: Dragonite|Substitute\n|-damage|p2a: Dragonite|60\/100\n|\n|upkeep\n|turn|16\n|\n|t:|1701138884\n|move|p1a: Kleavor|Stone Axe|p2a: Dragonite\n|-supereffective|p2a: Dragonite\n|-end|p2a: Dragonite|Substitute\n|-sidestart|p2: purple pastels|move: Stealth Rock\n|move|p2a: Dragonite|Thunder Wave|p1a: Kleavor\n|-status|p1a: Kleavor|par\n|\n|upkeep\n|turn|17\n|\n|t:|1701138898\n|switch|p1a: Ogerpon|Ogerpon, F|100\/100\n|move|p2a: Dragonite|Roost|p2a: Dragonite\n|-heal|p2a: Dragonite|100\/100\n|-singleturn|p2a: Dragonite|move: Roost\n|\n|upkeep\n|turn|18\n|\n|t:|1701138906\n|move|p1a: Ogerpon|U-turn|p2a: Dragonite\n|-resisted|p2a: Dragonite\n|-damage|p2a: Dragonite|93\/100\n|\n|t:|1701138908\n|switch|p1a: Kleavor|Kleavor, F|89\/100 par|[from] U-turn\n|move|p2a: Dragonite|Thunder Wave|p1a: Kleavor\n|-fail|p1a: Kleavor|par\n|\n|upkeep\n|turn|19\n|\n|t:|1701138912\n|move|p2a: Dragonite|Substitute|p2a: Dragonite\n|-start|p2a: Dragonite|Substitute\n|-damage|p2a: Dragonite|68\/100\n|move|p1a: Kleavor|U-turn|p2a: Dragonite\n|-resisted|p2a: Dragonite\n|-end|p2a: Dragonite|Substitute\n|\n|t:|1701138936\n|switch|p1a: Hoopa|Hoopa-Unbound|66\/100|[from] U-turn\n|\n|upkeep\n|turn|20\n|\n|t:|1701138947\n|switch|p2a: Rillaboom|Rillaboom, F|100\/100\n|-damage|p2a: Rillaboom|88\/100|[from] Stealth Rock\n|-fieldstart|move: Grassy Terrain|[from] ability: Grassy Surge|[of] p2a: Rillaboom\n|move|p1a: Hoopa|Knock Off|p2a: Rillaboom\n|-damage|p2a: Rillaboom|24\/100\n|-enditem|p2a: Rillaboom|Choice Band|[from] move: Knock Off|[of] p1a: Hoopa\n|\n|-heal|p1a: Hoopa|72\/100|[from] Grassy Terrain\n|-heal|p2a: Rillaboom|30\/100|[from] Grassy Terrain\n|upkeep\n|turn|21\n|\n|t:|1701138953\n|switch|p1a: Zamazenta|Zamazenta|92\/100\n|move|p2a: Rillaboom|U-turn|p1a: Zamazenta\n|-resisted|p1a: Zamazenta\n|-damage|p1a: Zamazenta|82\/100\n|\n|t:|1701138963\n|switch|p2a: Scream Tail|Scream Tail|72\/100|[from] U-turn\n|-damage|p2a: Scream Tail|59\/100|[from] Stealth Rock\n|\n|-heal|p1a: Zamazenta|88\/100|[from] Grassy Terrain\n|-heal|p2a: Scream Tail|66\/100|[from] Grassy Terrain\n|-heal|p2a: Scream Tail|72\/100|[from] item: Leftovers\n|upkeep\n|turn|22\n|l|\u2606purple pastels\n|inactive|purple pastels disconnected and has a minute to reconnect!\n|player|p2|\n|j|\u2606purple pastels\n|inactive|purple pastels reconnected and has 120 seconds left.\n|player|p2|purple pastels|doubleteam\n|\n|t:|1701139022\n|move|p1a: Zamazenta|Iron Head|p2a: Scream Tail\n|-supereffective|p2a: Scream Tail\n|-damage|p2a: Scream Tail|33\/100\n|move|p2a: Scream Tail|Dazzling Gleam|p1a: Zamazenta\n|-supereffective|p1a: Zamazenta\n|-damage|p1a: Zamazenta|52\/100\n|\n|-heal|p1a: Zamazenta|58\/100|[from] Grassy Terrain\n|-heal|p2a: Scream Tail|39\/100|[from] Grassy Terrain\n|-heal|p2a: Scream Tail|45\/100|[from] item: Leftovers\n|upkeep\n|turn|23\n|\n|t:|1701139032\n|move|p2a: Scream Tail|Protect|p2a: Scream Tail\n|-singleturn|p2a: Scream Tail|Protect\n|move|p1a: Zamazenta|Iron Head|p2a: Scream Tail\n|-activate|p2a: Scream Tail|move: Protect\n|\n|-heal|p1a: Zamazenta|64\/100|[from] Grassy Terrain\n|-heal|p2a: Scream Tail|51\/100|[from] Grassy Terrain\n|-heal|p2a: Scream Tail|58\/100|[from] item: Leftovers\n|upkeep\n|turn|24\n|\n|t:|1701139034\n|move|p1a: Zamazenta|Iron Head|p2a: Scream Tail\n|-supereffective|p2a: Scream Tail\n|-damage|p2a: Scream Tail|18\/100\n|cant|p2a: Scream Tail|flinch\n|\n|-heal|p1a: Zamazenta|70\/100|[from] Grassy Terrain\n|-heal|p2a: Scream Tail|24\/100|[from] Grassy Terrain\n|-heal|p2a: Scream Tail|30\/100|[from] item: Leftovers\n|-fieldend|move: Grassy Terrain\n|upkeep\n|turn|25\n|\n|t:|1701139045\n|move|p2a: Scream Tail|Protect|p2a: Scream Tail\n|-singleturn|p2a: Scream Tail|Protect\n|move|p1a: Zamazenta|Iron Head|p2a: Scream Tail\n|-activate|p2a: Scream Tail|move: Protect\n|\n|-heal|p2a: Scream Tail|37\/100|[from] item: Leftovers\n|upkeep\n|turn|26\n|inactive|purple pastels has 120 seconds left.\n|\n|t:|1701139059\n|-end|p2a: Scream Tail|Protosynthesis|[silent]\n|switch|p2a: Great Tusk|Great Tusk|82\/100\n|-damage|p2a: Great Tusk|79\/100|[from] Stealth Rock\n|move|p1a: Zamazenta|Iron Head|p2a: Great Tusk\n|-damage|p2a: Great Tusk|62\/100\n|\n|-heal|p2a: Great Tusk|68\/100|[from] item: Leftovers\n|upkeep\n|turn|27\n|inactive|purple pastels has 120 seconds left.\n|\n|t:|1701139068\n|move|p1a: Zamazenta|Psychic Fangs|p2a: Great Tusk\n|-supereffective|p2a: Great Tusk\n|-damage|p2a: Great Tusk|35\/100\n|move|p2a: Great Tusk|Rapid Spin|p1a: Zamazenta\n|-damage|p1a: Zamazenta|55\/100\n|-boost|p2a: Great Tusk|spe|1\n|-sideend|p2: purple pastels|Stealth Rock|[from] move: Rapid Spin|[of] p2a: Great Tusk\n|\n|-heal|p2a: Great Tusk|41\/100|[from] item: Leftovers\n|upkeep\n|turn|28\n|inactive|purple pastels has 120 seconds left.\n|\n|t:|1701139095\n|-end|p2a: Great Tusk|Protosynthesis|[silent]\n|switch|p2a: Scream Tail|Scream Tail|37\/100\n|switch|p1a: Ogerpon|Ogerpon, F|100\/100\n|\n|-heal|p2a: Scream Tail|43\/100|[from] item: Leftovers\n|upkeep\n|turn|29\n|\n|t:|1701139102\n|move|p2a: Scream Tail|Protect|p2a: Scream Tail\n|-singleturn|p2a: Scream Tail|Protect\n|move|p1a: Ogerpon|Power Whip|p2a: Scream Tail\n|-activate|p2a: Scream Tail|move: Protect\n|\n|-heal|p2a: Scream Tail|49\/100|[from] item: Leftovers\n|upkeep\n|turn|30\n|\n|t:|1701139107\n|-end|p2a: Scream Tail|Protosynthesis|[silent]\n|switch|p2a: Heatran|Heatran, M|100\/100\n|move|p1a: Ogerpon|Power Whip|p2a: Heatran\n|-resisted|p2a: Heatran\n|-damage|p2a: Heatran|82\/100\n|\n|-heal|p2a: Heatran|88\/100|[from] item: Leftovers\n|upkeep\n|turn|31\n|\n|t:|1701139114\n|switch|p1a: Samurott|Samurott-Hisui, M|100\/100\n|move|p2a: Heatran|Stealth Rock|p1a: Samurott\n|-sidestart|p1: Prilaja|move: Stealth Rock\n|\n|-heal|p2a: Heatran|94\/100|[from] item: Leftovers\n|upkeep\n|turn|32\n|\n|t:|1701139124\n|switch|p2a: Scream Tail|Scream Tail|49\/100\n|move|p1a: Samurott|Aqua Cutter|p2a: Scream Tail\n|-damage|p2a: Scream Tail|0 fnt\n|faint|p2a: Scream Tail\n|-end|p2a: Scream Tail|Protosynthesis|[silent]\n|\n|upkeep\n|c|\u2606purple pastels|yeah def a misplay\n|inactive|purple pastels has 120 seconds left.\n|\n|t:|1701139150\n|switch|p2a: Rillaboom|Rillaboom, F|30\/100\n|-fieldstart|move: Grassy Terrain|[from] ability: Grassy Surge|[of] p2a: Rillaboom\n|turn|33\n|\n|t:|1701139166\n|switch|p1a: Zamazenta|Zamazenta|55\/100\n|-damage|p1a: Zamazenta|49\/100|[from] Stealth Rock\n|move|p2a: Rillaboom|Drain Punch|p1a: Zamazenta\n|-damage|p1a: Zamazenta|30\/100\n|-heal|p2a: Rillaboom|37\/100|[from] drain|[of] p1a: Zamazenta\n|\n|-heal|p1a: Zamazenta|36\/100|[from] Grassy Terrain\n|-heal|p2a: Rillaboom|43\/100|[from] Grassy Terrain\n|upkeep\n|turn|34\n|inactive|purple pastels has 120 seconds left.\n|\n|t:|1701139191\n|switch|p1a: Ogerpon|Ogerpon, F|100\/100\n|-damage|p1a: Ogerpon|88\/100|[from] Stealth Rock\n|switch|p2a: Dragonite|Dragonite, M|68\/100\n|\n|-heal|p1a: Ogerpon|94\/100|[from] Grassy Terrain\n|upkeep\n|turn|35\n|\n|t:|1701139199\n|switch|p2a: Heatran|Heatran, M|94\/100\n|move|p1a: Ogerpon|Play Rough|p2a: Heatran\n|-resisted|p2a: Heatran\n|-damage|p2a: Heatran|85\/100\n|\n|-heal|p1a: Ogerpon|99\/100|[from] Grassy Terrain\n|-heal|p2a: Heatran|92\/100|[from] Grassy Terrain\n|-heal|p2a: Heatran|98\/100|[from] item: Leftovers\n|upkeep\n|turn|36\n|\n|t:|1701139209\n|switch|p1a: Zamazenta|Zamazenta|36\/100\n|-damage|p1a: Zamazenta|30\/100|[from] Stealth Rock\n|switch|p2a: Rillaboom|Rillaboom, F|43\/100\n|\n|-heal|p1a: Zamazenta|36\/100|[from] Grassy Terrain\n|-heal|p2a: Rillaboom|50\/100|[from] Grassy Terrain\n|upkeep\n|turn|37\n|\n|t:|1701139219\n|switch|p2a: Dragonite|Dragonite, M|68\/100\n|move|p1a: Zamazenta|Close Combat|p2a: Dragonite\n|-resisted|p2a: Dragonite\n|-damage|p2a: Dragonite|42\/100\n|-unboost|p1a: Zamazenta|def|1\n|-unboost|p1a: Zamazenta|spd|1\n|\n|-heal|p1a: Zamazenta|43\/100|[from] Grassy Terrain\n|-fieldend|move: Grassy Terrain\n|upkeep\n|turn|38\n|\n|t:|1701139232\n|switch|p1a: Kleavor|Kleavor, F|89\/100 par\n|-damage|p1a: Kleavor|64\/100 par|[from] Stealth Rock\n|move|p2a: Dragonite|Roost|p2a: Dragonite\n|-heal|p2a: Dragonite|92\/100\n|-singleturn|p2a: Dragonite|move: Roost\n|\n|upkeep\n|turn|39\n|\n|t:|1701139237\n|switch|p2a: Great Tusk|Great Tusk|41\/100\n|move|p1a: Kleavor|U-turn|p2a: Great Tusk\n|-resisted|p2a: Great Tusk\n|-damage|p2a: Great Tusk|21\/100\n|\n|t:|1701139248\n|switch|p1a: Ogerpon|Ogerpon, F|99\/100|[from] U-turn\n|-damage|p1a: Ogerpon|88\/100|[from] Stealth Rock\n|\n|-heal|p2a: Great Tusk|27\/100|[from] item: Leftovers\n|upkeep\n|turn|40\n|\n|t:|1701139261\n|move|p1a: Ogerpon|U-turn|p2a: Great Tusk\n|-resisted|p2a: Great Tusk\n|-damage|p2a: Great Tusk|17\/100\n|\n|t:|1701139265\n|switch|p1a: Zamazenta|Zamazenta|43\/100|[from] U-turn\n|-damage|p1a: Zamazenta|36\/100|[from] Stealth Rock\n|move|p2a: Great Tusk|Rapid Spin|p1a: Zamazenta\n|-damage|p1a: Zamazenta|24\/100\n|-boost|p2a: Great Tusk|spe|1\n|\n|-heal|p2a: Great Tusk|23\/100|[from] item: Leftovers\n|upkeep\n|turn|41\n|\n|t:|1701139272\n|move|p2a: Great Tusk|Headlong Rush|p1a: Zamazenta\n|-damage|p1a: Zamazenta|0 fnt\n|-unboost|p2a: Great Tusk|def|1\n|-unboost|p2a: Great Tusk|spd|1\n|faint|p1a: Zamazenta\n|\n|-heal|p2a: Great Tusk|29\/100|[from] item: Leftovers\n|upkeep\n|\n|t:|1701139282\n|switch|p1a: Kleavor|Kleavor, F|64\/100 par\n|-damage|p1a: Kleavor|39\/100 par|[from] Stealth Rock\n|turn|42\n|\n|t:|1701139287\n|move|p2a: Great Tusk|Headlong Rush|p1a: Kleavor\n|-damage|p1a: Kleavor|0 fnt\n|-unboost|p2a: Great Tusk|def|1\n|-unboost|p2a: Great Tusk|spd|1\n|faint|p1a: Kleavor\n|\n|-heal|p2a: Great Tusk|36\/100|[from] item: Leftovers\n|upkeep\n|\n|t:|1701139300\n|switch|p1a: Samurott|Samurott-Hisui, M|100\/100\n|-damage|p1a: Samurott|88\/100|[from] Stealth Rock\n|turn|43\n|\n|t:|1701139313\n|-end|p2a: Great Tusk|Protosynthesis|[silent]\n|switch|p2a: Rillaboom|Rillaboom, F|50\/100\n|-fieldstart|move: Grassy Terrain|[from] ability: Grassy Surge|[of] p2a: Rillaboom\n|-terastallize|p1a: Samurott|Dark\n|move|p1a: Samurott|Ceaseless Edge|p2a: Rillaboom\n|-damage|p2a: Rillaboom|0 fnt\n|-sidestart|p2: purple pastels|Spikes\n|faint|p2a: Rillaboom\n|\n|-heal|p1a: Samurott|94\/100|[from] Grassy Terrain\n|upkeep\n|\n|t:|1701139319\n|switch|p2a: Heatran|Heatran, M|98\/100\n|-damage|p2a: Heatran|85\/100|[from] Spikes\n|turn|44\n|\n|t:|1701139333\n|move|p1a: Samurott|Ceaseless Edge|p2a: Heatran\n|-damage|p2a: Heatran|11\/100\n|-sidestart|p2: purple pastels|Spikes\n|move|p2a: Heatran|Magma Storm|p1a: Samurott|[miss]\n|-miss|p2a: Heatran|p1a: Samurott\n|\n|-heal|p1a: Samurott|100\/100|[from] Grassy Terrain\n|-heal|p2a: Heatran|17\/100|[from] Grassy Terrain\n|-heal|p2a: Heatran|23\/100|[from] item: Leftovers\n|upkeep\n|turn|45\n|\n|t:|1701139343\n|move|p1a: Samurott|Ceaseless Edge|p2a: Heatran\n|-damage|p2a: Heatran|0 fnt\n|-sidestart|p2: purple pastels|Spikes\n|faint|p2a: Heatran\n|\n|upkeep\n|\n|t:|1701139354\n|switch|p2a: Dragonite|Dragonite, M|92\/100\n|turn|46\n|\n|t:|1701139358\n|move|p1a: Samurott|Ceaseless Edge|p2a: Dragonite\n|-damage|p2a: Dragonite|14\/100\n|move|p2a: Dragonite|Thunder Wave|p1a: Samurott\n|-status|p1a: Samurott|par\n|\n|upkeep\n|turn|47\n|\n|t:|1701139368\n|switch|p2a: Qwilfish|Qwilfish-Hisui, F|76\/100\n|-damage|p2a: Qwilfish|51\/100|[from] Spikes\n|-ability|p2a: Qwilfish|Intimidate|boost\n|-unboost|p1a: Samurott|atk|1\n|cant|p1a: Samurott|par\n|\n|-heal|p2a: Qwilfish|57\/100|[from] Grassy Terrain\n|-fieldend|move: Grassy Terrain\n|upkeep\n|turn|48\n|\n|t:|1701139377\n|move|p2a: Qwilfish|Spikes|p1a: Samurott\n|-sidestart|p1: Prilaja|Spikes\n|cant|p1a: Samurott|par\n|\n|upkeep\n|turn|49\n|\n|t:|1701139388\n|switch|p1a: Hoopa|Hoopa-Unbound|72\/100\n|-damage|p1a: Hoopa|60\/100|[from] Stealth Rock\n|-damage|p1a: Hoopa|47\/100|[from] Spikes\n|move|p2a: Qwilfish|Barb Barrage|p1a: Hoopa\n|-damage|p1a: Hoopa|13\/100\n|-status|p1a: Hoopa|psn\n|\n|-damage|p1a: Hoopa|1\/100 psn|[from] psn\n|upkeep\n|turn|50\n|\n|t:|1701139393\n|move|p1a: Hoopa|Knock Off|p2a: Qwilfish\n|-resisted|p2a: Qwilfish\n|-damage|p2a: Qwilfish|23\/100\n|-enditem|p2a: Qwilfish|Eviolite|[from] move: Knock Off|[of] p1a: Hoopa\n|move|p2a: Qwilfish|Spikes|p1a: Hoopa\n|-sidestart|p1: Prilaja|Spikes\n|\n|-damage|p1a: Hoopa|0 fnt|[from] psn\n|faint|p1a: Hoopa\n|upkeep\n|\n|t:|1701139404\n|switch|p1a: Cinderace|Cinderace, M|86\/100\n|-damage|p1a: Cinderace|61\/100|[from] Stealth Rock\n|-damage|p1a: Cinderace|44\/100|[from] Spikes\n|turn|51\n|\n|t:|1701139422\n|move|p1a: Cinderace|Tera Blast|p2a: Qwilfish\n|-start|p1a: Cinderace|typechange|Normal|[from] ability: Libero\n|-damage|p2a: Qwilfish|5\/100\n|move|p2a: Qwilfish|Mud Shot|p1a: Cinderace\n|-damage|p1a: Cinderace|34\/100\n|-unboost|p1a: Cinderace|spe|1\n|\n|upkeep\n|turn|52\n|\n|t:|1701139438\n|move|p1a: Cinderace|Tera Blast|p2a: Qwilfish\n|-damage|p2a: Qwilfish|0 fnt\n|faint|p2a: Qwilfish\n|\n|upkeep\n|\n|t:|1701139453\n|switch|p2a: Great Tusk|Great Tusk|36\/100\n|-damage|p2a: Great Tusk|11\/100|[from] Spikes\n|turn|53\n|\n|t:|1701139461\n|move|p2a: Great Tusk|Rapid Spin|p1a: Cinderace\n|-damage|p1a: Cinderace|13\/100\n|-boost|p2a: Great Tusk|spe|1\n|-sideend|p2: purple pastels|Spikes|[from] move: Rapid Spin|[of] p2a: Great Tusk\n|move|p1a: Cinderace|Tera Blast|p2a: Great Tusk\n|-damage|p2a: Great Tusk|0 fnt\n|faint|p2a: Great Tusk\n|-end|p2a: Great Tusk|Protosynthesis|[silent]\n|\n|upkeep\n|\n|t:|1701139468\n|switch|p2a: Dragonite|Dragonite, M|14\/100\n|turn|54\n|\n|t:|1701139474\n|move|p1a: Cinderace|Tera Blast|p2a: Dragonite\n|-damage|p2a: Dragonite|0 fnt\n|faint|p2a: Dragonite\n|\n|win|Prilaja\n|raw|Prilaja's rating: 1426 &rarr; <strong>1441<\/strong><br \/>(+15 for winning)\n|raw|purple pastels's rating: 1346 &rarr; <strong>1331<\/strong><br \/>(-15 for losing)\n|c|\u2606Prilaja|GG\n|c|\u2606purple pastels|gg\n","uploadtime":1701139485,"views":5,"p1id":"prilaja","p2id":"purplepastels","formatid":"gen9ou","rating":1331,"private":0,"password":""}