{"id":"gen9ou-1991748883","p1":"Gooaah","p2":"124pendejos","format":"[Gen 9] OU","log":"|j|\u2606Gooaah\n|j|\u2606124pendejos\n|t:|1700110658\n|gametype|singles\n|player|p1|Gooaah|veteranf|1177\n|player|p2|124pendejos|youngster-gen4dp|1283\n|teamsize|p1|6\n|teamsize|p2|6\n|gen|9\n|tier|[Gen 9] OU\n|rated|\n|rule|Sleep Clause Mod: Limit one foe put to sleep\n|rule|Species Clause: Limit one of each Pok\u00e9mon\n|rule|OHKO Clause: OHKO moves are banned\n|rule|Evasion Items Clause: Evasion items are banned\n|rule|Evasion Moves Clause: Evasion moves are banned\n|rule|Endless Battle Clause: Forcing endless battles is banned\n|rule|HP Percentage Mod: HP is shown in percentages\n|clearpoke\n|poke|p1|Ninetales, M|\n|poke|p1|Walking Wake|\n|poke|p1|Ceruledge, F|\n|poke|p1|Skeledirge, F|\n|poke|p1|Great Tusk|\n|poke|p1|Torkoal, M|\n|poke|p2|Ninetales-Alola, F|\n|poke|p2|Garchomp, M|\n|poke|p2|Corviknight, M|\n|poke|p2|Great Tusk|\n|poke|p2|Iron Moth|\n|poke|p2|Iron Valiant|\n|teampreview\n|inactive|Battle timer is ON: inactive players will automatically lose when time's up. (requested by Gooaah)\n|\n|t:|1700110671\n|start\n|switch|p1a: Ceruledge|Ceruledge, F|100\/100\n|switch|p2a: Garchomp|Garchomp, M|100\/100\n|turn|1\n|\n|t:|1700110680\n|move|p2a: Garchomp|Stealth Rock|p1a: Ceruledge\n|-sidestart|p1: Gooaah|move: Stealth Rock\n|move|p1a: Ceruledge|Swords Dance|p1a: Ceruledge\n|-boost|p1a: Ceruledge|atk|2\n|\n|upkeep\n|turn|2\n|\n|t:|1700110684\n|move|p1a: Ceruledge|Phantom Force||[still]\n|-prepare|p1a: Ceruledge|Phantom Force\n|move|p2a: Garchomp|Dragon Tail|p1a: Ceruledge|[miss]\n|-miss|p2a: Garchomp|p1a: Ceruledge\n|\n|upkeep\n|turn|3\n|\n|t:|1700110707\n|move|p2a: Garchomp|Earthquake|p1a: Ceruledge|[miss]\n|-miss|p2a: Garchomp|p1a: Ceruledge\n|move|p1a: Ceruledge|Phantom Force|p2a: Garchomp|[from]lockedmove\n|-damage|p2a: Garchomp|30\/100\n|-damage|p1a: Ceruledge|88\/100|[from] ability: Rough Skin|[of] p2a: Garchomp\n|-damage|p1a: Ceruledge|72\/100|[from] item: Rocky Helmet|[of] p2a: Garchomp\n|\n|upkeep\n|turn|4\n|\n|t:|1700110717\n|move|p1a: Ceruledge|Phantom Force||[still]\n|-prepare|p1a: Ceruledge|Phantom Force\n|move|p2a: Garchomp|Dragon Tail|p1a: Ceruledge|[miss]\n|-miss|p2a: Garchomp|p1a: Ceruledge\n|\n|upkeep\n|turn|5\n|\n|t:|1700110722\n|move|p2a: Garchomp|Spikes|p1a: Ceruledge\n|-sidestart|p1: Gooaah|Spikes\n|move|p1a: Ceruledge|Phantom Force|p2a: Garchomp|[from]lockedmove\n|-damage|p2a: Garchomp|0 fnt\n|-damage|p1a: Ceruledge|59\/100|[from] ability: Rough Skin|[of] p2a: Garchomp\n|-damage|p1a: Ceruledge|43\/100|[from] item: Rocky Helmet|[of] p2a: Garchomp\n|faint|p2a: Garchomp\n|\n|upkeep\n|\n|t:|1700110732\n|switch|p2a: Great Tusk|Great Tusk|100\/100\n|-enditem|p2a: Great Tusk|Booster Energy\n|-activate|p2a: Great Tusk|ability: Protosynthesis|[fromitem]\n|-start|p2a: Great Tusk|protosynthesisspe\n|turn|6\n|\n|t:|1700110739\n|move|p1a: Ceruledge|Shadow Sneak|p2a: Great Tusk\n|-damage|p2a: Great Tusk|76\/100\n|move|p2a: Great Tusk|Bulk Up|p2a: Great Tusk\n|-boost|p2a: Great Tusk|atk|1\n|-boost|p2a: Great Tusk|def|1\n|\n|upkeep\n|turn|7\n|\n|t:|1700110744\n|move|p2a: Great Tusk|Bulk Up|p2a: Great Tusk\n|-boost|p2a: Great Tusk|atk|1\n|-boost|p2a: Great Tusk|def|1\n|move|p1a: Ceruledge|Bitter Blade|p2a: Great Tusk\n|-damage|p2a: Great Tusk|46\/100\n|-heal|p1a: Ceruledge|65\/100|[from] drain|[of] p2a: Great Tusk\n|\n|upkeep\n|turn|8\n|\n|t:|1700110752\n|move|p1a: Ceruledge|Shadow Sneak|p2a: Great Tusk\n|-crit|p2a: Great Tusk\n|-damage|p2a: Great Tusk|11\/100\n|move|p2a: Great Tusk|Headlong Rush|p1a: Ceruledge\n|-supereffective|p1a: Ceruledge\n|-damage|p1a: Ceruledge|0 fnt\n|-unboost|p2a: Great Tusk|def|1\n|-unboost|p2a: Great Tusk|spd|1\n|faint|p1a: Ceruledge\n|\n|upkeep\n|\n|t:|1700110759\n|switch|p1a: Ninetales|Ninetales, M|100\/100\n|-damage|p1a: Ninetales|76\/100|[from] Stealth Rock\n|-damage|p1a: Ninetales|64\/100|[from] Spikes\n|-weather|SunnyDay|[from] ability: Drought|[of] p1a: Ninetales\n|turn|9\n|\n|t:|1700110763\n|move|p2a: Great Tusk|Headlong Rush|p1a: Ninetales\n|-supereffective|p1a: Ninetales\n|-damage|p1a: Ninetales|0 fnt\n|-unboost|p2a: Great Tusk|def|1\n|-unboost|p2a: Great Tusk|spd|1\n|faint|p1a: Ninetales\n|\n|-weather|SunnyDay|[upkeep]\n|upkeep\n|\n|t:|1700110767\n|switch|p1a: Walking Wake|Walking Wake|100\/100\n|-damage|p1a: Walking Wake|88\/100|[from] Stealth Rock\n|-damage|p1a: Walking Wake|76\/100|[from] Spikes\n|-activate|p1a: Walking Wake|ability: Protosynthesis\n|-start|p1a: Walking Wake|protosynthesisspa\n|turn|10\n|\n|t:|1700110777\n|move|p1a: Walking Wake|Hydro Steam|p2a: Great Tusk\n|-supereffective|p2a: Great Tusk\n|-damage|p2a: Great Tusk|0 fnt\n|faint|p2a: Great Tusk\n|-end|p2a: Great Tusk|Protosynthesis|[silent]\n|\n|-weather|SunnyDay|[upkeep]\n|upkeep\n|\n|t:|1700110781\n|switch|p2a: Ninetales|Ninetales-Alola, F|100\/100\n|-weather|Snow|[from] ability: Snow Warning|[of] p2a: Ninetales\n|-end|p1a: Walking Wake|Protosynthesis\n|turn|11\n|\n|t:|1700110788\n|-end|p1a: Walking Wake|Protosynthesis|[silent]\n|switch|p1a: Torkoal|Torkoal, M|100\/100\n|-damage|p1a: Torkoal|76\/100|[from] Stealth Rock\n|-damage|p1a: Torkoal|63\/100|[from] Spikes\n|-weather|SunnyDay|[from] ability: Drought|[of] p1a: Torkoal\n|move|p2a: Ninetales|Aurora Veil||[still]\n|-fail|p2a: Ninetales\n|\n|-weather|SunnyDay|[upkeep]\n|upkeep\n|turn|12\n|\n|t:|1700110812\n|switch|p2a: Iron Valiant|Iron Valiant|100\/100\n|-enditem|p2a: Iron Valiant|Booster Energy\n|-activate|p2a: Iron Valiant|ability: Quark Drive|[fromitem]\n|-start|p2a: Iron Valiant|quarkdrivespe\n|move|p1a: Torkoal|Rapid Spin|p2a: Iron Valiant\n|-damage|p2a: Iron Valiant|89\/100\n|-boost|p1a: Torkoal|spe|1\n|-sideend|p1: Gooaah|Spikes|[from] move: Rapid Spin|[of] p1a: Torkoal\n|-sideend|p1: Gooaah|Stealth Rock|[from] move: Rapid Spin|[of] p1a: Torkoal\n|\n|-weather|SunnyDay|[upkeep]\n|upkeep\n|turn|13\n|\n|t:|1700110823\n|move|p2a: Iron Valiant|Close Combat|p1a: Torkoal\n|-damage|p1a: Torkoal|34\/100\n|-unboost|p2a: Iron Valiant|def|1\n|-unboost|p2a: Iron Valiant|spd|1\n|move|p1a: Torkoal|Yawn|p2a: Iron Valiant\n|-start|p2a: Iron Valiant|move: Yawn|[of] p1a: Torkoal\n|\n|-weather|SunnyDay|[upkeep]\n|upkeep\n|turn|14\n|\n|t:|1700110829\n|move|p2a: Iron Valiant|Moonblast|p1a: Torkoal\n|-resisted|p1a: Torkoal\n|-damage|p1a: Torkoal|4\/100\n|-unboost|p1a: Torkoal|spa|1\n|move|p1a: Torkoal|Stealth Rock|p2a: Iron Valiant\n|-sidestart|p2: 124pendejos|move: Stealth Rock\n|\n|-weather|SunnyDay|[upkeep]\n|-end|p2a: Iron Valiant|move: Yawn|[silent]\n|-status|p2a: Iron Valiant|slp\n|upkeep\n|turn|15\n|\n|t:|1700110834\n|switch|p1a: Skeledirge|Skeledirge, F|100\/100\n|cant|p2a: Iron Valiant|slp\n|\n|-weather|SunnyDay|[upkeep]\n|upkeep\n|turn|16\n|\n|t:|1700110839\n|-curestatus|p2a: Iron Valiant|slp|[msg]\n|move|p2a: Iron Valiant|Psyshock|p1a: Skeledirge\n|-damage|p1a: Skeledirge|80\/100\n|move|p1a: Skeledirge|Torch Song|p2a: Iron Valiant\n|-damage|p2a: Iron Valiant|0 fnt\n|-boost|p1a: Skeledirge|spa|1\n|faint|p2a: Iron Valiant\n|-end|p2a: Iron Valiant|Quark Drive|[silent]\n|\n|-weather|SunnyDay|[upkeep]\n|upkeep\n|\n|t:|1700110846\n|switch|p2a: Ninetales|Ninetales-Alola, F|100\/100\n|-damage|p2a: Ninetales|76\/100|[from] Stealth Rock\n|-weather|Snow|[from] ability: Snow Warning|[of] p2a: Ninetales\n|turn|17\n|\n|t:|1700110852\n|move|p2a: Ninetales|Moonblast|p1a: Skeledirge\n|-resisted|p1a: Skeledirge\n|-damage|p1a: Skeledirge|69\/100\n|move|p1a: Skeledirge|Torch Song|p2a: Ninetales\n|-supereffective|p2a: Ninetales\n|-damage|p2a: Ninetales|0 fnt\n|-boost|p1a: Skeledirge|spa|1\n|faint|p2a: Ninetales\n|\n|-weather|Snow|[upkeep]\n|upkeep\n|-message|124pendejos forfeited.\n|\n|win|Gooaah\n|raw|Gooaah's rating: 1177 &rarr; <strong>1209<\/strong><br \/>(+32 for winning)\n|raw|124pendejos's rating: 1283 &rarr; <strong>1251<\/strong><br \/>(-32 for losing)\n|l|\u2606124pendejos\n","uploadtime":1700110859,"views":9,"p1id":"gooaah","p2id":"124pendejos","formatid":"gen9ou","rating":1209,"private":0,"password":""}