{"id":"gen9ou-1996223242","p1":"hsushdhud","p2":"vailorn","format":"[Gen 9] OU","log":"|j|\u2606hsushdhud\n|j|\u2606vailorn\n|t:|1700661046\n|gametype|singles\n|player|p1|hsushdhud|2|1355\n|player|p2|vailorn|170|1397\n|teamsize|p1|6\n|teamsize|p2|6\n|gen|9\n|tier|[Gen 9] OU\n|rated|\n|rule|Sleep Clause Mod: Limit one foe put to sleep\n|rule|Species Clause: Limit one of each Pok\u00e9mon\n|rule|OHKO Clause: OHKO moves are banned\n|rule|Evasion Items Clause: Evasion items are banned\n|rule|Evasion Moves Clause: Evasion moves are banned\n|rule|Endless Battle Clause: Forcing endless battles is banned\n|rule|HP Percentage Mod: HP is shown in percentages\n|clearpoke\n|poke|p1|Kingambit, M|\n|poke|p1|Iron Valiant|\n|poke|p1|Great Tusk|\n|poke|p1|Corviknight, M|\n|poke|p1|Dragapult, F|\n|poke|p1|Ting-Lu|\n|poke|p2|Weavile, F|\n|poke|p2|Weezing-Galar, M|\n|poke|p2|Alomomola, M|\n|poke|p2|Ting-Lu|\n|poke|p2|Corviknight, F|\n|poke|p2|Dondozo, M|\n|teampreview\n|inactive|Battle timer is ON: inactive players will automatically lose when time's up. (requested by hsushdhud)\n|\n|t:|1700661061\n|start\n|switch|p1a: Ting-Lu|Ting-Lu|100\/100\n|switch|p2a: Weavile|Weavile, F|100\/100\n|-ability|p2a: Weavile|Pressure\n|-ability|p1a: Ting-Lu|Vessel of Ruin\n|turn|1\n|\n|t:|1700661068\n|switch|p1a: Corviknight|Corviknight, M|100\/100\n|-ability|p1a: Corviknight|Pressure\n|move|p2a: Weavile|Substitute|p2a: Weavile\n|-start|p2a: Weavile|Substitute\n|-damage|p2a: Weavile|76\/100\n|\n|-heal|p2a: Weavile|82\/100|[from] item: Leftovers\n|upkeep\n|turn|2\n|\n|t:|1700661071\n|move|p2a: Weavile|Knock Off|p1a: Corviknight\n|-damage|p1a: Corviknight|75\/100\n|-damage|p2a: Weavile|65\/100|[from] item: Rocky Helmet|[of] p1a: Corviknight\n|-enditem|p1a: Corviknight|Rocky Helmet|[from] move: Knock Off|[of] p2a: Weavile\n|move|p1a: Corviknight|U-turn|p2a: Weavile\n|-supereffective|p2a: Weavile\n|-end|p2a: Weavile|Substitute\n|\n|t:|1700661080\n|switch|p1a: Dragapult|Dragapult, F|100\/100|[from] U-turn\n|\n|-heal|p2a: Weavile|71\/100|[from] item: Leftovers\n|upkeep\n|turn|3\n|\n|t:|1700661087\n|switch|p2a: Weezing|Weezing-Galar, M|100\/100\n|-ability|p2a: Weezing|Neutralizing Gas\n|move|p1a: Dragapult|U-turn|p2a: Weezing\n|-resisted|p2a: Weezing\n|-damage|p2a: Weezing|98\/100\n|\n|t:|1700661100\n|switch|p1a: Ting-Lu|Ting-Lu|100\/100|[from] U-turn\n|\n|upkeep\n|turn|4\n|\n|t:|1700661110\n|move|p2a: Weezing|Will-O-Wisp|p1a: Ting-Lu\n|-status|p1a: Ting-Lu|brn\n|move|p1a: Ting-Lu|Ruination|p2a: Weezing|[miss]\n|-miss|p1a: Ting-Lu|p2a: Weezing\n|\n|-damage|p1a: Ting-Lu|94\/100 brn|[from] brn\n|upkeep\n|turn|5\n|\n|t:|1700661118\n|-end|p2a: Weezing|ability: Neutralizing Gas\n|-ability|p1a: Ting-Lu|Vessel of Ruin\n|switch|p2a: Corviknight|Corviknight, F|100\/100\n|-ability|p2a: Corviknight|Pressure\n|move|p1a: Ting-Lu|Ruination|p2a: Corviknight\n|-damage|p2a: Corviknight|50\/100\n|\n|-heal|p1a: Ting-Lu|100\/100 brn|[from] item: Leftovers\n|-damage|p1a: Ting-Lu|94\/100 brn|[from] brn\n|upkeep\n|turn|6\n|\n|t:|1700661128\n|move|p2a: Corviknight|Body Press|p1a: Ting-Lu\n|-supereffective|p1a: Ting-Lu\n|-crit|p1a: Ting-Lu\n|-damage|p1a: Ting-Lu|50\/100 brn\n|move|p1a: Ting-Lu|Whirlwind|p2a: Corviknight\n|drag|p2a: Weavile|Weavile, F|71\/100\n|-ability|p2a: Weavile|Pressure\n|\n|-heal|p2a: Weavile|77\/100|[from] item: Leftovers\n|-heal|p1a: Ting-Lu|56\/100 brn|[from] item: Leftovers\n|-damage|p1a: Ting-Lu|50\/100 brn|[from] brn\n|upkeep\n|turn|7\n|\n|t:|1700661143\n|switch|p1a: Corviknight|Corviknight, M|75\/100\n|-ability|p1a: Corviknight|Pressure\n|move|p2a: Weavile|Knock Off|p1a: Corviknight\n|-damage|p1a: Corviknight|60\/100\n|\n|-heal|p2a: Weavile|84\/100|[from] item: Leftovers\n|upkeep\n|turn|8\n|\n|t:|1700661148\n|move|p2a: Weavile|Protect|p2a: Weavile\n|-singleturn|p2a: Weavile|Protect\n|move|p1a: Corviknight|U-turn|p2a: Weavile\n|-activate|p2a: Weavile|move: Protect\n|\n|-heal|p2a: Weavile|90\/100|[from] item: Leftovers\n|upkeep\n|turn|9\n|\n|t:|1700661158\n|switch|p2a: Alomomola|Alomomola, M|100\/100\n|move|p1a: Corviknight|U-turn|p2a: Alomomola\n|-damage|p2a: Alomomola|91\/100\n|\n|t:|1700661166\n|switch|p1a: Great Tusk|Great Tusk|100\/100|[from] U-turn\n|-enditem|p1a: Great Tusk|Booster Energy\n|-activate|p1a: Great Tusk|ability: Protosynthesis|[fromitem]\n|-start|p1a: Great Tusk|protosynthesisatk\n|\n|-heal|p2a: Alomomola|97\/100|[from] item: Leftovers\n|upkeep\n|turn|10\n|\n|t:|1700661180\n|move|p1a: Great Tusk|Knock Off|p2a: Alomomola\n|-damage|p2a: Alomomola|71\/100\n|-enditem|p2a: Alomomola|Leftovers|[from] move: Knock Off|[of] p1a: Great Tusk\n|move|p2a: Alomomola|Flip Turn|p1a: Great Tusk\n|-supereffective|p1a: Great Tusk\n|-damage|p1a: Great Tusk|78\/100\n|\n|t:|1700661188\n|switch|p2a: Weezing|Weezing-Galar, M|98\/100|[from] Flip Turn\n|-ability|p2a: Weezing|Neutralizing Gas\n|\n|upkeep\n|turn|11\n|\n|t:|1700661194\n|-end|p2a: Weezing|ability: Neutralizing Gas\n|switch|p2a: Corviknight|Corviknight, F|50\/100\n|-ability|p2a: Corviknight|Pressure\n|move|p1a: Great Tusk|Knock Off|p2a: Corviknight\n|-damage|p2a: Corviknight|23\/100\n|-damage|p1a: Great Tusk|62\/100|[from] item: Rocky Helmet|[of] p2a: Corviknight\n|-enditem|p2a: Corviknight|Rocky Helmet|[from] move: Knock Off|[of] p1a: Great Tusk\n|\n|upkeep\n|turn|12\n|\n|t:|1700661203\n|move|p1a: Great Tusk|Close Combat|p2a: Corviknight\n|-damage|p2a: Corviknight|0 fnt\n|-unboost|p1a: Great Tusk|def|1\n|-unboost|p1a: Great Tusk|spd|1\n|faint|p2a: Corviknight\n|\n|upkeep\n|\n|t:|1700661212\n|switch|p2a: Weavile|Weavile, F|90\/100\n|-ability|p2a: Weavile|Pressure\n|turn|13\n|\n|t:|1700661218\n|move|p2a: Weavile|Substitute|p2a: Weavile\n|-start|p2a: Weavile|Substitute\n|-damage|p2a: Weavile|65\/100\n|move|p1a: Great Tusk|Knock Off|p2a: Weavile\n|-resisted|p2a: Weavile\n|-end|p2a: Weavile|Substitute\n|\n|-heal|p2a: Weavile|71\/100|[from] item: Leftovers\n|upkeep\n|turn|14\n|\n|t:|1700661235\n|move|p2a: Weavile|Protect|p2a: Weavile\n|-singleturn|p2a: Weavile|Protect\n|move|p1a: Great Tusk|Rapid Spin|p2a: Weavile\n|-activate|p2a: Weavile|move: Protect\n|\n|-heal|p2a: Weavile|77\/100|[from] item: Leftovers\n|upkeep\n|turn|15\n|\n|t:|1700661244\n|move|p2a: Weavile|Poison Jab|p1a: Great Tusk\n|-resisted|p1a: Great Tusk\n|-damage|p1a: Great Tusk|52\/100\n|move|p1a: Great Tusk|Rapid Spin|p2a: Weavile\n|-damage|p2a: Weavile|48\/100\n|-boost|p1a: Great Tusk|spe|1\n|\n|-heal|p2a: Weavile|54\/100|[from] item: Leftovers\n|upkeep\n|turn|16\n|\n|t:|1700661251\n|move|p2a: Weavile|Protect|p2a: Weavile\n|-singleturn|p2a: Weavile|Protect\n|move|p1a: Great Tusk|Knock Off|p2a: Weavile\n|-activate|p2a: Weavile|move: Protect\n|\n|-heal|p2a: Weavile|60\/100|[from] item: Leftovers\n|upkeep\n|turn|17\n|\n|t:|1700661256\n|switch|p2a: Alomomola|Alomomola, M|100\/100\n|move|p1a: Great Tusk|Knock Off|p2a: Alomomola\n|-damage|p2a: Alomomola|83\/100\n|\n|upkeep\n|turn|18\n|\n|t:|1700661260\n|move|p1a: Great Tusk|Earthquake|p2a: Alomomola\n|-damage|p2a: Alomomola|44\/100\n|move|p2a: Alomomola|Flip Turn|p1a: Great Tusk\n|-supereffective|p1a: Great Tusk\n|-damage|p1a: Great Tusk|21\/100\n|\n|t:|1700661263\n|switch|p2a: Dondozo|Dondozo, M|100\/100|[from] Flip Turn\n|\n|upkeep\n|turn|19\n|\n|t:|1700661270\n|move|p1a: Great Tusk|Knock Off|p2a: Dondozo\n|-damage|p2a: Dondozo|75\/100\n|-enditem|p2a: Dondozo|Covert Cloak|[from] move: Knock Off|[of] p1a: Great Tusk\n|move|p2a: Dondozo|Curse|p2a: Dondozo\n|-unboost|p2a: Dondozo|spe|1\n|-boost|p2a: Dondozo|atk|1\n|-boost|p2a: Dondozo|def|1\n|\n|upkeep\n|turn|20\n|\n|t:|1700661280\n|move|p1a: Great Tusk|Earthquake|p2a: Dondozo\n|-damage|p2a: Dondozo|50\/100\n|move|p2a: Dondozo|Earthquake|p1a: Great Tusk\n|-damage|p1a: Great Tusk|0 fnt\n|faint|p1a: Great Tusk\n|-end|p1a: Great Tusk|Protosynthesis|[silent]\n|\n|upkeep\n|\n|t:|1700661285\n|switch|p1a: Iron Valiant|Iron Valiant|100\/100\n|-enditem|p1a: Iron Valiant|Booster Energy\n|-activate|p1a: Iron Valiant|ability: Quark Drive|[fromitem]\n|-start|p1a: Iron Valiant|quarkdrivespe\n|turn|21\n|\n|t:|1700661291\n|move|p1a: Iron Valiant|Calm Mind|p1a: Iron Valiant\n|-boost|p1a: Iron Valiant|spa|1\n|-boost|p1a: Iron Valiant|spd|1\n|move|p2a: Dondozo|Rest|p2a: Dondozo\n|-status|p2a: Dondozo|slp|[from] move: Rest\n|-heal|p2a: Dondozo|100\/100 slp|[silent]\n|\n|upkeep\n|turn|22\n|\n|t:|1700661297\n|move|p1a: Iron Valiant|Moonblast|p2a: Dondozo\n|-damage|p2a: Dondozo|69\/100 slp\n|-unboost|p2a: Dondozo|spa|1\n|cant|p2a: Dondozo|slp\n|\n|upkeep\n|turn|23\n|\n|t:|1700661306\n|move|p1a: Iron Valiant|Moonblast|p2a: Dondozo\n|-damage|p2a: Dondozo|37\/100 slp\n|cant|p2a: Dondozo|slp\n|\n|upkeep\n|turn|24\n|\n|t:|1700661313\n|-terastallize|p1a: Iron Valiant|Ghost\n|move|p1a: Iron Valiant|Shadow Ball|p2a: Dondozo\n|-damage|p2a: Dondozo|12\/100 slp\n|-curestatus|p2a: Dondozo|slp|[msg]\n|move|p2a: Dondozo|Rest|p2a: Dondozo\n|-status|p2a: Dondozo|slp|[from] move: Rest\n|-heal|p2a: Dondozo|100\/100 slp|[silent]\n|\n|upkeep\n|turn|25\n|\n|t:|1700661323\n|move|p1a: Iron Valiant|Shadow Ball|p2a: Dondozo\n|-damage|p2a: Dondozo|76\/100 slp\n|cant|p2a: Dondozo|slp\n|\n|upkeep\n|turn|26\n|\n|t:|1700661326\n|move|p1a: Iron Valiant|Shadow Ball|p2a: Dondozo\n|-damage|p2a: Dondozo|51\/100 slp\n|cant|p2a: Dondozo|slp\n|\n|upkeep\n|turn|27\n|\n|t:|1700661343\n|move|p1a: Iron Valiant|Shadow Ball|p2a: Dondozo\n|-damage|p2a: Dondozo|25\/100 slp\n|-curestatus|p2a: Dondozo|slp|[msg]\n|move|p2a: Dondozo|Rest|p2a: Dondozo\n|-status|p2a: Dondozo|slp|[from] move: Rest\n|-heal|p2a: Dondozo|100\/100 slp|[silent]\n|\n|upkeep\n|turn|28\n|\n|t:|1700661356\n|move|p1a: Iron Valiant|Shadow Ball|p2a: Dondozo\n|-damage|p2a: Dondozo|74\/100 slp\n|cant|p2a: Dondozo|slp\n|\n|upkeep\n|turn|29\n|\n|t:|1700661360\n|move|p1a: Iron Valiant|Shadow Ball|p2a: Dondozo\n|-damage|p2a: Dondozo|50\/100 slp\n|cant|p2a: Dondozo|slp\n|\n|upkeep\n|turn|30\n|\n|t:|1700661366\n|move|p1a: Iron Valiant|Shadow Ball|p2a: Dondozo\n|-damage|p2a: Dondozo|26\/100 slp\n|-unboost|p2a: Dondozo|spd|1\n|-curestatus|p2a: Dondozo|slp|[msg]\n|move|p2a: Dondozo|Avalanche|p1a: Iron Valiant\n|-damage|p1a: Iron Valiant|47\/100\n|\n|upkeep\n|turn|31\n|\n|t:|1700661374\n|move|p1a: Iron Valiant|Moonblast|p2a: Dondozo\n|-damage|p2a: Dondozo|0 fnt\n|faint|p2a: Dondozo\n|\n|upkeep\n|\n|t:|1700661375\n|switch|p2a: Ting-Lu|Ting-Lu|100\/100\n|-ability|p2a: Ting-Lu|Vessel of Ruin\n|turn|32\n|\n|t:|1700661378\n|move|p1a: Iron Valiant|Moonblast|p2a: Ting-Lu\n|-supereffective|p2a: Ting-Lu\n|-damage|p2a: Ting-Lu|39\/100\n|move|p2a: Ting-Lu|Earthquake|p1a: Iron Valiant\n|-damage|p1a: Iron Valiant|0 fnt\n|faint|p1a: Iron Valiant\n|-end|p1a: Iron Valiant|Quark Drive|[silent]\n|\n|-heal|p2a: Ting-Lu|45\/100|[from] item: Leftovers\n|upkeep\n|inactive|hsushdhud has 120 seconds left.\n|\n|t:|1700661409\n|switch|p1a: Corviknight|Corviknight, M|60\/100\n|-ability|p1a: Corviknight|Pressure\n|turn|33\n|\n|t:|1700661426\n|move|p2a: Ting-Lu|Protect|p2a: Ting-Lu\n|-singleturn|p2a: Ting-Lu|Protect\n|move|p1a: Corviknight|Brave Bird|p2a: Ting-Lu\n|-activate|p2a: Ting-Lu|move: Protect\n|\n|-heal|p2a: Ting-Lu|51\/100|[from] item: Leftovers\n|upkeep\n|turn|34\n|\n|t:|1700661434\n|switch|p2a: Weezing|Weezing-Galar, M|98\/100\n|-ability|p2a: Weezing|Neutralizing Gas\n|move|p1a: Corviknight|Brave Bird|p2a: Weezing\n|-damage|p2a: Weezing|73\/100\n|-damage|p1a: Corviknight|53\/100|[from] Recoil\n|\n|upkeep\n|turn|35\n|\n|t:|1700661438\n|move|p1a: Corviknight|Brave Bird|p2a: Weezing\n|-damage|p2a: Weezing|47\/100\n|-damage|p1a: Corviknight|46\/100|[from] Recoil\n|move|p2a: Weezing|Will-O-Wisp|p1a: Corviknight\n|-status|p1a: Corviknight|brn\n|\n|-damage|p1a: Corviknight|40\/100 brn|[from] brn\n|upkeep\n|turn|36\n|\n|t:|1700661443\n|move|p1a: Corviknight|U-turn|p2a: Weezing\n|-resisted|p2a: Weezing\n|-damage|p2a: Weezing|46\/100\n|\n|t:|1700661445\n|switch|p1a: Ting-Lu|Ting-Lu|50\/100 brn|[from] U-turn\n|move|p2a: Weezing|Pain Split|p1a: Ting-Lu\n|-sethp|p1a: Ting-Lu|40\/100 brn|[from] move: Pain Split|[silent]\n|-sethp|p2a: Weezing|61\/100|[from] move: Pain Split\n|\n|-heal|p1a: Ting-Lu|46\/100 brn|[from] item: Leftovers\n|-damage|p1a: Ting-Lu|40\/100 brn|[from] brn\n|upkeep\n|turn|37\n|\n|t:|1700661451\n|-end|p2a: Weezing|ability: Neutralizing Gas\n|-ability|p1a: Ting-Lu|Vessel of Ruin\n|switch|p2a: Alomomola|Alomomola, M|77\/100\n|move|p1a: Ting-Lu|Spikes|p2a: Alomomola\n|-sidestart|p2: vailorn|Spikes\n|\n|-heal|p1a: Ting-Lu|46\/100 brn|[from] item: Leftovers\n|-damage|p1a: Ting-Lu|40\/100 brn|[from] brn\n|upkeep\n|turn|38\n|\n|t:|1700661455\n|move|p1a: Ting-Lu|Spikes|p2a: Alomomola\n|-sidestart|p2: vailorn|Spikes\n|move|p2a: Alomomola|Wish|p2a: Alomomola\n|\n|-heal|p1a: Ting-Lu|46\/100 brn|[from] item: Leftovers\n|-damage|p1a: Ting-Lu|40\/100 brn|[from] brn\n|upkeep\n|turn|39\n|\n|t:|1700661459\n|move|p1a: Ting-Lu|Spikes|p2a: Alomomola\n|-sidestart|p2: vailorn|Spikes\n|move|p2a: Alomomola|Flip Turn|p1a: Ting-Lu\n|-supereffective|p1a: Ting-Lu\n|-damage|p1a: Ting-Lu|22\/100 brn\n|\n|t:|1700661465\n|switch|p2a: Weavile|Weavile, F|60\/100|[from] Flip Turn\n|-damage|p2a: Weavile|35\/100|[from] Spikes\n|-ability|p2a: Weavile|Pressure\n|\n|-heal|p2a: Weavile|100\/100|[from] move: Wish|[wisher] Alomomola\n|-heal|p1a: Ting-Lu|28\/100 brn|[from] item: Leftovers\n|-damage|p1a: Ting-Lu|22\/100 brn|[from] brn\n|upkeep\n|turn|40\n|\n|t:|1700661471\n|move|p2a: Weavile|Substitute|p2a: Weavile\n|-start|p2a: Weavile|Substitute\n|-damage|p2a: Weavile|76\/100\n|move|p1a: Ting-Lu|Stealth Rock|p2a: Weavile\n|-sidestart|p2: vailorn|move: Stealth Rock\n|\n|-heal|p2a: Weavile|82\/100|[from] item: Leftovers\n|-heal|p1a: Ting-Lu|28\/100 brn|[from] item: Leftovers\n|-damage|p1a: Ting-Lu|22\/100 brn|[from] brn\n|upkeep\n|turn|41\n|\n|t:|1700661478\n|move|p2a: Weavile|Knock Off|p1a: Ting-Lu\n|-resisted|p1a: Ting-Lu\n|-damage|p1a: Ting-Lu|12\/100 brn\n|-enditem|p1a: Ting-Lu|Leftovers|[from] move: Knock Off|[of] p2a: Weavile\n|move|p1a: Ting-Lu|Whirlwind|p2a: Weavile\n|drag|p2a: Alomomola|Alomomola, M|100\/100\n|-damage|p2a: Alomomola|76\/100|[from] Spikes\n|-damage|p2a: Alomomola|63\/100|[from] Stealth Rock\n|\n|-damage|p1a: Ting-Lu|6\/100 brn|[from] brn\n|upkeep\n|turn|42\n|\n|t:|1700661488\n|move|p1a: Ting-Lu|Ruination|p2a: Alomomola\n|-damage|p2a: Alomomola|32\/100\n|move|p2a: Alomomola|Flip Turn|p1a: Ting-Lu\n|-supereffective|p1a: Ting-Lu\n|-damage|p1a: Ting-Lu|0 fnt\n|faint|p1a: Ting-Lu\n|\n|t:|1700661496\n|switch|p2a: Ting-Lu|Ting-Lu|51\/100|[from] Flip Turn\n|-damage|p2a: Ting-Lu|26\/100|[from] Spikes\n|-damage|p2a: Ting-Lu|20\/100|[from] Stealth Rock\n|-ability|p2a: Ting-Lu|Vessel of Ruin\n|\n|-heal|p2a: Ting-Lu|26\/100|[from] item: Leftovers\n|upkeep\n|\n|t:|1700661502\n|switch|p1a: Kingambit|Kingambit, M|100\/100\n|-activate|p1a: Kingambit|ability: Supreme Overlord\n|-start|p1a: Kingambit|fallen3|[silent]\n|turn|43\n|\n|t:|1700661510\n|move|p1a: Kingambit|Iron Head|p2a: Ting-Lu\n|-damage|p2a: Ting-Lu|0 fnt\n|faint|p2a: Ting-Lu\n|\n|upkeep\n|\n|t:|1700661513\n|switch|p2a: Weezing|Weezing-Galar, M|61\/100\n|-ability|p2a: Weezing|Neutralizing Gas\n|turn|44\n|\n|t:|1700661519\n|-end|p1a: Kingambit|fallen3|[silent]\n|switch|p1a: Corviknight|Corviknight, M|40\/100 brn\n|move|p2a: Weezing|Will-O-Wisp|p1a: Corviknight\n|-fail|p1a: Corviknight|brn\n|\n|-damage|p1a: Corviknight|34\/100 brn|[from] brn\n|upkeep\n|turn|45\n|\n|t:|1700661522\n|move|p1a: Corviknight|Roost|p1a: Corviknight\n|-heal|p1a: Corviknight|84\/100 brn\n|-singleturn|p1a: Corviknight|move: Roost\n|move|p2a: Weezing|Defog|p1a: Corviknight\n|-unboost|p1a: Corviknight|evasion|1\n|-sideend|p2: vailorn|Spikes|[from] move: Defog|[of] p2a: Weezing\n|-sideend|p2: vailorn|Stealth Rock|[from] move: Defog|[of] p2a: Weezing\n|\n|-damage|p1a: Corviknight|78\/100 brn|[from] brn\n|upkeep\n|turn|46\n|\n|t:|1700661528\n|move|p1a: Corviknight|Brave Bird|p2a: Weezing\n|-damage|p2a: Weezing|50\/100\n|-damage|p1a: Corviknight|74\/100 brn|[from] Recoil\n|move|p2a: Weezing|Pain Split|p1a: Corviknight\n|-sethp|p1a: Corviknight|58\/100 brn|[from] move: Pain Split|[silent]\n|-sethp|p2a: Weezing|69\/100|[from] move: Pain Split\n|\n|-damage|p1a: Corviknight|52\/100 brn|[from] brn\n|upkeep\n|turn|47\n|\n|t:|1700661537\n|-end|p2a: Weezing|ability: Neutralizing Gas\n|-ability|p1a: Corviknight|Pressure\n|switch|p2a: Alomomola|Alomomola, M|65\/100\n|move|p1a: Corviknight|U-turn|p2a: Alomomola\n|-damage|p2a: Alomomola|61\/100\n|\n|t:|1700661542\n|switch|p1a: Dragapult|Dragapult, F|100\/100|[from] U-turn\n|\n|upkeep\n|turn|48\n|\n|t:|1700661567\n|move|p2a: Alomomola|Protect|p2a: Alomomola\n|-singleturn|p2a: Alomomola|Protect\n|move|p1a: Dragapult|Shadow Ball|p2a: Alomomola\n|-activate|p2a: Alomomola|move: Protect\n|\n|upkeep\n|turn|49\n|\n|t:|1700661571\n|move|p1a: Dragapult|Shadow Ball|p2a: Alomomola\n|-damage|p2a: Alomomola|18\/100\n|move|p2a: Alomomola|Mirror Coat|p1a: Dragapult\n|-damage|p1a: Dragapult|0 fnt\n|faint|p1a: Dragapult\n|\n|upkeep\n|\n|t:|1700661579\n|switch|p1a: Kingambit|Kingambit, M|100\/100\n|-activate|p1a: Kingambit|ability: Supreme Overlord\n|-start|p1a: Kingambit|fallen4|[silent]\n|turn|50\n|\n|t:|1700661584\n|move|p1a: Kingambit|Swords Dance|p1a: Kingambit\n|-boost|p1a: Kingambit|atk|2\n|move|p2a: Alomomola|Wish|p2a: Alomomola\n|\n|upkeep\n|turn|51\n|\n|t:|1700661591\n|move|p2a: Alomomola|Protect|p2a: Alomomola\n|-singleturn|p2a: Alomomola|Protect\n|move|p1a: Kingambit|Swords Dance|p1a: Kingambit\n|-boost|p1a: Kingambit|atk|2\n|\n|-heal|p2a: Alomomola|68\/100|[from] move: Wish|[wisher] Alomomola\n|upkeep\n|turn|52\n|\n|t:|1700661596\n|move|p1a: Kingambit|Kowtow Cleave|p2a: Alomomola\n|-damage|p2a: Alomomola|0 fnt\n|faint|p2a: Alomomola\n|\n|upkeep\n|\n|t:|1700661598\n|switch|p2a: Weavile|Weavile, F|82\/100\n|-ability|p2a: Weavile|Pressure\n|turn|53\n|\n|t:|1700661603\n|move|p2a: Weavile|Substitute|p2a: Weavile\n|-start|p2a: Weavile|Substitute\n|-damage|p2a: Weavile|57\/100\n|move|p1a: Kingambit|Iron Head|p2a: Weavile\n|-supereffective|p2a: Weavile\n|-end|p2a: Weavile|Substitute\n|\n|-heal|p2a: Weavile|63\/100|[from] item: Leftovers\n|upkeep\n|turn|54\n|\n|t:|1700661606\n|move|p2a: Weavile|Substitute|p2a: Weavile\n|-start|p2a: Weavile|Substitute\n|-damage|p2a: Weavile|38\/100\n|move|p1a: Kingambit|Iron Head|p2a: Weavile\n|-supereffective|p2a: Weavile\n|-end|p2a: Weavile|Substitute\n|\n|-heal|p2a: Weavile|45\/100|[from] item: Leftovers\n|upkeep\n|turn|55\n|\n|t:|1700661608\n|move|p2a: Weavile|Protect|p2a: Weavile\n|-singleturn|p2a: Weavile|Protect\n|move|p1a: Kingambit|Iron Head|p2a: Weavile\n|-activate|p2a: Weavile|move: Protect\n|\n|-heal|p2a: Weavile|51\/100|[from] item: Leftovers\n|upkeep\n|turn|56\n|\n|t:|1700661622\n|switch|p2a: Weezing|Weezing-Galar, M|69\/100\n|-ability|p2a: Weezing|Neutralizing Gas\n|move|p1a: Kingambit|Iron Head|p2a: Weezing\n|-supereffective|p2a: Weezing\n|-damage|p2a: Weezing|0 fnt\n|faint|p2a: Weezing\n|-end|p2a: Weezing|ability: Neutralizing Gas\n|-activate|p1a: Kingambit|ability: Supreme Overlord\n|-start|p1a: Kingambit|fallen4|[silent]\n|\n|upkeep\n|\n|t:|1700661623\n|switch|p2a: Weavile|Weavile, F|51\/100\n|-ability|p2a: Weavile|Pressure\n|turn|57\n|\n|t:|1700661625\n|move|p2a: Weavile|Protect|p2a: Weavile\n|-singleturn|p2a: Weavile|Protect\n|move|p1a: Kingambit|Iron Head|p2a: Weavile\n|-activate|p2a: Weavile|move: Protect\n|\n|-heal|p2a: Weavile|57\/100|[from] item: Leftovers\n|upkeep\n|turn|58\n|\n|t:|1700661631\n|move|p2a: Weavile|Substitute|p2a: Weavile\n|-start|p2a: Weavile|Substitute\n|-damage|p2a: Weavile|32\/100\n|move|p1a: Kingambit|Kowtow Cleave|p2a: Weavile\n|-resisted|p2a: Weavile\n|-end|p2a: Weavile|Substitute\n|\n|-heal|p2a: Weavile|38\/100|[from] item: Leftovers\n|upkeep\n|turn|59\n|\n|t:|1700661633\n|move|p2a: Weavile|Protect|p2a: Weavile\n|-singleturn|p2a: Weavile|Protect\n|move|p1a: Kingambit|Kowtow Cleave|p2a: Weavile\n|-activate|p2a: Weavile|move: Protect\n|\n|-heal|p2a: Weavile|44\/100|[from] item: Leftovers\n|upkeep\n|turn|60\n|\n|t:|1700661638\n|move|p2a: Weavile|Substitute|p2a: Weavile\n|-start|p2a: Weavile|Substitute\n|-damage|p2a: Weavile|19\/100\n|move|p1a: Kingambit|Kowtow Cleave|p2a: Weavile\n|-resisted|p2a: Weavile\n|-end|p2a: Weavile|Substitute\n|\n|-heal|p2a: Weavile|26\/100|[from] item: Leftovers\n|upkeep\n|turn|61\n|\n|t:|1700661640\n|move|p2a: Weavile|Substitute|p2a: Weavile\n|-start|p2a: Weavile|Substitute\n|-damage|p2a: Weavile|1\/100\n|move|p1a: Kingambit|Kowtow Cleave|p2a: Weavile\n|-resisted|p2a: Weavile\n|-end|p2a: Weavile|Substitute\n|\n|-heal|p2a: Weavile|7\/100|[from] item: Leftovers\n|upkeep\n|turn|62\n|\n|t:|1700661643\n|move|p2a: Weavile|Protect|p2a: Weavile\n|-singleturn|p2a: Weavile|Protect\n|move|p1a: Kingambit|Kowtow Cleave|p2a: Weavile\n|-activate|p2a: Weavile|move: Protect\n|\n|-heal|p2a: Weavile|13\/100|[from] item: Leftovers\n|upkeep\n|turn|63\n|c|\u2606vailorn|Ggs\n|\n|t:|1700661646\n|move|p2a: Weavile|Knock Off|p1a: Kingambit\n|-resisted|p1a: Kingambit\n|-damage|p1a: Kingambit|85\/100\n|-enditem|p1a: Kingambit|Custap Berry|[from] move: Knock Off|[of] p2a: Weavile\n|move|p1a: Kingambit|Kowtow Cleave|p2a: Weavile\n|-resisted|p2a: Weavile\n|-damage|p2a: Weavile|0 fnt\n|faint|p2a: Weavile\n|\n|win|hsushdhud\n|raw|hsushdhud's rating: 1355 &rarr; <strong>1377<\/strong><br \/>(+22 for winning)\n|raw|vailorn's rating: 1397 &rarr; <strong>1375<\/strong><br \/>(-22 for losing)\n|l|\u2606vailorn\n|l|\u2606hsushdhud\n|j|\u2606vailorn\n|player|p2|vailorn|170\n","uploadtime":1700661663,"views":8,"p1id":"hsushdhud","p2id":"vailorn","formatid":"gen9ou","rating":1375,"private":0,"password":""}