{"id":"gen9ou-1990223513","p1":"Jodsalz","p2":"Bah Mac","format":"[Gen 9] OU","log":"|j|\u2606Jodsalz\n|j|\u2606Bah Mac\n|t:|1699939926\n|gametype|singles\n|player|p1|Jodsalz|102|1073\n|player|p2|Bah Mac|barry|1000\n|teamsize|p1|6\n|teamsize|p2|6\n|gen|9\n|tier|[Gen 9] OU\n|rated|\n|rule|Sleep Clause Mod: Limit one foe put to sleep\n|rule|Species Clause: Limit one of each Pok\u00e9mon\n|rule|OHKO Clause: OHKO moves are banned\n|rule|Evasion Items Clause: Evasion items are banned\n|rule|Evasion Moves Clause: Evasion moves are banned\n|rule|Endless Battle Clause: Forcing endless battles is banned\n|rule|HP Percentage Mod: HP is shown in percentages\n|clearpoke\n|poke|p1|Meowscarada, M|\n|poke|p1|Torkoal, M|\n|poke|p1|Bronzong|\n|poke|p1|Yanmega, M|\n|poke|p1|Grafaiai, F|\n|poke|p1|Dragalge, F|\n|poke|p2|Donphan, M|\n|poke|p2|Houndstone, M|\n|poke|p2|Amoonguss, M|\n|poke|p2|Empoleon, F|\n|poke|p2|Infernape, F|\n|poke|p2|Tauros, M|\n|teampreview\n|inactive|Battle timer is ON: inactive players will automatically lose when time's up. (requested by Jodsalz)\n|\n|t:|1699939941\n|start\n|switch|p1a: Dragalge|Dragalge, F|100\/100\n|switch|p2a: Donphan|Donphan, M, shiny|100\/100\n|turn|1\n|\n|t:|1699939969\n|move|p2a: Donphan|Stealth Rock|p1a: Dragalge\n|-sidestart|p1: Jodsalz|move: Stealth Rock\n|move|p1a: Dragalge|Flip Turn|p2a: Donphan\n|-supereffective|p2a: Donphan\n|-damage|p2a: Donphan|85\/100\n|\n|t:|1699939979\n|switch|p1a: 500|Grafaiai, F|100\/100|[from] Flip Turn\n|-damage|p1a: 500|88\/100|[from] Stealth Rock\n|\n|-heal|p1a: 500|94\/100|[from] item: Black Sludge\n|upkeep\n|turn|2\n|inactive|Bah Mac has 120 seconds left.\n|\n|t:|1699940008\n|move|p1a: 500|Encore|p2a: Donphan\n|-start|p2a: Donphan|Encore\n|move|p2a: Donphan|Stealth Rock||[still]\n|-fail|p2a: Donphan\n|\n|-heal|p1a: 500|99\/100|[from] item: Black Sludge\n|upkeep\n|turn|3\n|inactive|Bah Mac has 120 seconds left.\n|\n|t:|1699940033\n|switch|p2a: Empoleon|Empoleon, F|100\/100\n|move|p1a: 500|U-turn|p2a: Empoleon\n|-resisted|p2a: Empoleon\n|-damage|p2a: Empoleon|90\/100\n|\n|t:|1699940043\n|switch|p1a: 750|Bronzong|100\/100|[from] U-turn\n|-damage|p1a: 750|94\/100|[from] Stealth Rock\n|\n|-heal|p1a: 750|100\/100|[from] item: Leftovers\n|upkeep\n|turn|4\n|\n|t:|1699940055\n|move|p2a: Empoleon|Surf|p1a: 750\n|-damage|p1a: 750|75\/100\n|move|p1a: 750|Iron Defense|p1a: 750\n|-boost|p1a: 750|def|2\n|\n|-heal|p1a: 750|81\/100|[from] item: Leftovers\n|upkeep\n|turn|5\n|\n|t:|1699940063\n|move|p2a: Empoleon|Surf|p1a: 750\n|-damage|p1a: 750|58\/100\n|move|p1a: 750|Body Press|p2a: Empoleon\n|-supereffective|p2a: Empoleon\n|-damage|p2a: Empoleon|4\/100\n|\n|-heal|p1a: 750|64\/100|[from] item: Leftovers\n|upkeep\n|turn|6\n|inactive|Bah Mac has 120 seconds left.\n|\n|t:|1699940078\n|switch|p2a: Amoonguss|Amoonguss, M|100\/100\n|move|p1a: 750|Stealth Rock|p2a: Amoonguss\n|-sidestart|p2: Bah Mac|move: Stealth Rock\n|\n|-heal|p1a: 750|70\/100|[from] item: Leftovers\n|upkeep\n|turn|7\n|inactive|Bah Mac has 120 seconds left.\n|\n|t:|1699940093\n|move|p2a: Amoonguss|Spore|p1a: 750\n|-status|p1a: 750|slp|[from] move: Spore\n|cant|p1a: 750|slp\n|\n|-heal|p1a: 750|76\/100 slp|[from] item: Leftovers\n|upkeep\n|turn|8\n|inactive|Bah Mac has 120 seconds left.\n|\n|t:|1699940103\n|switch|p1a: 500|Grafaiai, F|99\/100\n|-damage|p1a: 500|88\/100|[from] Stealth Rock\n|move|p2a: Amoonguss|Foul Play|p1a: 500\n|-damage|p1a: 500|43\/100\n|\n|-heal|p1a: 500|49\/100|[from] item: Black Sludge\n|upkeep\n|turn|9\n|inactive|Bah Mac has 120 seconds left.\n|\n|t:|1699940119\n|switch|p2a: Donphan|Donphan, M, shiny|85\/100\n|-damage|p2a: Donphan|79\/100|[from] Stealth Rock\n|move|p1a: 500|Encore||[still]\n|-fail|p1a: 500\n|\n|-heal|p1a: 500|55\/100|[from] item: Black Sludge\n|upkeep\n|turn|10\n|inactive|Bah Mac has 120 seconds left.\n|\n|t:|1699940133\n|move|p1a: 500|Knock Off|p2a: Donphan\n|-damage|p2a: Donphan|57\/100\n|-enditem|p2a: Donphan|Smooth Rock|[from] move: Knock Off|[of] p1a: 500\n|move|p2a: Donphan|Rapid Spin|p1a: 500\n|-damage|p1a: 500|29\/100\n|-boost|p2a: Donphan|spe|1\n|-sideend|p2: Bah Mac|Stealth Rock|[from] move: Rapid Spin|[of] p2a: Donphan\n|\n|-heal|p1a: 500|35\/100|[from] item: Black Sludge\n|upkeep\n|turn|11\n|inactive|Bah Mac has 120 seconds left.\n|\n|t:|1699940144\n|move|p1a: 500|Encore|p2a: Donphan\n|-start|p2a: Donphan|Encore\n|move|p2a: Donphan|Rapid Spin|p1a: 500\n|-damage|p1a: 500|10\/100\n|-boost|p2a: Donphan|spe|1\n|\n|-heal|p1a: 500|16\/100|[from] item: Black Sludge\n|upkeep\n|turn|12\n|\n|t:|1699940155\n|move|p1a: 500|U-turn|p2a: Donphan\n|-damage|p2a: Donphan|43\/100\n|\n|t:|1699940158\n|switch|p1a: 1750|Torkoal, M|100\/100|[from] U-turn\n|-damage|p1a: 1750|75\/100|[from] Stealth Rock\n|move|p2a: Donphan|Rapid Spin|p1a: 1750\n|-damage|p1a: 1750|68\/100\n|-boost|p2a: Donphan|spe|1\n|\n|upkeep\n|turn|13\n|inactive|Bah Mac has 120 seconds left.\n|\n|t:|1699940184\n|switch|p2a: Empoleon|Empoleon, F|4\/100\n|move|p1a: 1750|Shell Smash|p1a: 1750\n|-unboost|p1a: 1750|def|1\n|-unboost|p1a: 1750|spd|1\n|-boost|p1a: 1750|atk|2\n|-boost|p1a: 1750|spa|2\n|-boost|p1a: 1750|spe|2\n|-enditem|p1a: 1750|Eject Pack\n|\n|t:|1699940193\n|switch|p1a: 1750 2|Meowscarada, M|100\/100\n|-damage|p1a: 1750 2|88\/100|[from] Stealth Rock\n|\n|upkeep\n|turn|14\n|inactive|Bah Mac has 120 seconds left.\n|\n|t:|1699940203\n|move|p1a: 1750 2|Copycat|p1a: 1750 2\n|move|p1a: 1750 2|Shell Smash|p1a: 1750 2|[from]move: Copycat\n|-unboost|p1a: 1750 2|def|1\n|-unboost|p1a: 1750 2|spd|1\n|-boost|p1a: 1750 2|atk|2\n|-boost|p1a: 1750 2|spa|2\n|-boost|p1a: 1750 2|spe|2\n|-enditem|p1a: 1750 2|White Herb\n|-clearnegativeboost|p1a: 1750 2|[silent]\n|move|p2a: Empoleon|Roost|p2a: Empoleon\n|-heal|p2a: Empoleon|54\/100\n|-singleturn|p2a: Empoleon|move: Roost\n|\n|upkeep\n|turn|15\n|inactive|Bah Mac has 120 seconds left.\n|\n|t:|1699940217\n|move|p1a: 1750 2|Flower Trick|p2a: Empoleon\n|-crit|p2a: Empoleon\n|-damage|p2a: Empoleon|0 fnt\n|faint|p2a: Empoleon\n|\n|upkeep\n|inactive|Bah Mac has 120 seconds left.\n|\n|t:|1699940229\n|switch|p2a: Infernape|Infernape, F, shiny|100\/100\n|turn|16\n|inactive|Bah Mac has 120 seconds left.\n|\n|t:|1699940236\n|move|p1a: 1750 2|Acrobatics|p2a: Infernape\n|-supereffective|p2a: Infernape\n|-enditem|p2a: Infernape|Focus Sash\n|-damage|p2a: Infernape|1\/100\n|move|p2a: Infernape|Agility|p2a: Infernape\n|-boost|p2a: Infernape|spe|2\n|\n|upkeep\n|turn|17\n|inactive|Bah Mac has 120 seconds left.\n|\n|t:|1699940247\n|move|p1a: 1750 2|Acrobatics|p2a: Infernape\n|-supereffective|p2a: Infernape\n|-damage|p2a: Infernape|0 fnt\n|faint|p2a: Infernape\n|\n|upkeep\n|inactive|Bah Mac has 120 seconds left.\n|c|\u2606Jodsalz|Lil\n|\n|t:|1699940257\n|switch|p2a: Tauros|Tauros, M|100\/100\n|turn|18\n|inactive|Bah Mac has 120 seconds left.\n|\n|t:|1699940263\n|-terastallize|p2a: Tauros|Ghost\n|move|p1a: 1750 2|Flower Trick|p2a: Tauros\n|-crit|p2a: Tauros\n|-damage|p2a: Tauros|0 fnt\n|faint|p2a: Tauros\n|\n|upkeep\n|inactive|Bah Mac has 120 seconds left.\n|\n|t:|1699940275\n|switch|p2a: Houndstone|Houndstone, M|100\/100\n|turn|19\n|\n|t:|1699940280\n|switch|p2a: Amoonguss|Amoonguss, M|100\/100\n|move|p1a: 1750 2|Knock Off|p2a: Amoonguss\n|-damage|p2a: Amoonguss|21\/100\n|-enditem|p2a: Amoonguss|Leftovers|[from] move: Knock Off|[of] p1a: 1750 2\n|\n|upkeep\n|turn|20\n|\n|t:|1699940288\n|move|p1a: 1750 2|Acrobatics|p2a: Amoonguss\n|-supereffective|p2a: Amoonguss\n|-damage|p2a: Amoonguss|0 fnt\n|faint|p2a: Amoonguss\n|\n|upkeep\n|\n|t:|1699940293\n|switch|p2a: Donphan|Donphan, M, shiny|43\/100\n|turn|21\n|\n|t:|1699940296\n|move|p1a: 1750 2|Flower Trick|p2a: Donphan\n|-supereffective|p2a: Donphan\n|-crit|p2a: Donphan\n|-damage|p2a: Donphan|0 fnt\n|faint|p2a: Donphan\n|\n|upkeep\n|\n|t:|1699940301\n|switch|p2a: Houndstone|Houndstone, M|100\/100\n|turn|22\n|\n|t:|1699940306\n|move|p1a: 1750 2|Knock Off|p2a: Houndstone\n|-supereffective|p2a: Houndstone\n|-damage|p2a: Houndstone|0 fnt\n|-enditem|p2a: Houndstone|Life Orb|[from] move: Knock Off|[of] p1a: 1750 2\n|faint|p2a: Houndstone\n|\n|win|Jodsalz\n|raw|Jodsalz's rating: 1073 &rarr; <strong>1096<\/strong><br \/>(+23 for winning)\n|raw|Bah Mac's rating: 1000 &rarr; <strong>1000<\/strong><br \/>(+0 for losing)\n","uploadtime":1699940316,"views":19,"p1id":"jodsalz","p2id":"bahmac","formatid":"gen9ou","rating":1000,"private":0,"password":""}