{"id":"gen9ou-2000672486","p1":"rhrthrh","p2":"trash_the_real","format":"[Gen 9] OU","log":"|j|\u2606rhrthrh\n|j|\u2606trash_the_real\n|t:|1701217135\n|gametype|singles\n|player|p1|rhrthrh|clair|1396\n|player|p2|trash_the_real|interviewers|1335\n|teamsize|p1|6\n|teamsize|p2|6\n|gen|9\n|tier|[Gen 9] OU\n|rated|\n|rule|Sleep Clause Mod: Limit one foe put to sleep\n|rule|Species Clause: Limit one of each Pok\u00e9mon\n|rule|OHKO Clause: OHKO moves are banned\n|rule|Evasion Items Clause: Evasion items are banned\n|rule|Evasion Moves Clause: Evasion moves are banned\n|rule|Endless Battle Clause: Forcing endless battles is banned\n|rule|HP Percentage Mod: HP is shown in percentages\n|clearpoke\n|poke|p1|Arcanine-Hisui, M|\n|poke|p1|Great Tusk|\n|poke|p1|Corviknight, F|\n|poke|p1|Iron Valiant|\n|poke|p1|Cinderace, M|\n|poke|p1|Hydreigon, M|\n|poke|p2|Torkoal, F|\n|poke|p2|Hatterene, F|\n|poke|p2|Walking Wake|\n|poke|p2|Slither Wing|\n|poke|p2|Ceruledge, M|\n|poke|p2|Samurott-Hisui, F|\n|teampreview\n|j| blundoey\n|\n|t:|1701217146\n|start\n|switch|p1a: Great Tusk|Great Tusk|100\/100\n|switch|p2a: Samurott|Samurott-Hisui, F|100\/100\n|turn|1\n|\n|t:|1701217153\n|move|p2a: Samurott|Knock Off|p1a: Great Tusk\n|-resisted|p1a: Great Tusk\n|-damage|p1a: Great Tusk|88\/100\n|-enditem|p1a: Great Tusk|Leftovers|[from] move: Knock Off|[of] p2a: Samurott\n|move|p1a: Great Tusk|Close Combat|p2a: Samurott\n|-supereffective|p2a: Samurott\n|-enditem|p2a: Samurott|Focus Sash\n|-damage|p2a: Samurott|1\/100\n|-unboost|p1a: Great Tusk|def|1\n|-unboost|p1a: Great Tusk|spd|1\n|\n|upkeep\n|turn|2\n|\n|t:|1701217160\n|-end|p1a: Great Tusk|Protosynthesis|[silent]\n|switch|p1a: Corviknight|Corviknight, F|100\/100\n|move|p2a: Samurott|Razor Shell|p1a: Corviknight\n|-damage|p1a: Corviknight|63\/100\n|-ability|p1a: Corviknight|Mirror Armor\n|-unboost|p2a: Samurott|def|1\n|-damage|p2a: Samurott|0 fnt|[from] item: Rocky Helmet|[of] p1a: Corviknight\n|faint|p2a: Samurott\n|\n|upkeep\n|\n|t:|1701217168\n|switch|p2a: Ceruledge|Ceruledge, M|100\/100\n|turn|3\n|\n|t:|1701217172\n|move|p2a: Ceruledge|Bulk Up|p2a: Ceruledge\n|-boost|p2a: Ceruledge|atk|1\n|-boost|p2a: Ceruledge|def|1\n|move|p1a: Corviknight|U-turn|p2a: Ceruledge\n|-resisted|p2a: Ceruledge\n|-damage|p2a: Ceruledge|97\/100\n|\n|t:|1701217175\n|switch|p1a: Hydreigon|Hydreigon, M|100\/100|[from] U-turn\n|\n|upkeep\n|turn|4\n|\n|t:|1701217185\n|-terastallize|p2a: Ceruledge|Bug\n|move|p1a: Hydreigon|Dark Pulse|p2a: Ceruledge\n|-damage|p2a: Ceruledge|67\/100\n|move|p2a: Ceruledge|Close Combat|p1a: Hydreigon\n|-supereffective|p1a: Hydreigon\n|-damage|p1a: Hydreigon|0 fnt\n|-unboost|p2a: Ceruledge|def|1\n|-unboost|p2a: Ceruledge|spd|1\n|faint|p1a: Hydreigon\n|\n|upkeep\n|\n|t:|1701217193\n|switch|p1a: Arcanine|Arcanine-Hisui, M|100\/100\n|turn|5\n|\n|t:|1701217205\n|move|p1a: Arcanine|Head Smash|p2a: Ceruledge|[miss]\n|-miss|p1a: Arcanine|p2a: Ceruledge\n|move|p2a: Ceruledge|Close Combat|p1a: Arcanine\n|-supereffective|p1a: Arcanine\n|-damage|p1a: Arcanine|0 fnt\n|-unboost|p2a: Ceruledge|def|1\n|-unboost|p2a: Ceruledge|spd|1\n|faint|p1a: Arcanine\n|\n|upkeep\n|\n|t:|1701217213\n|switch|p1a: Iron Valiant|Iron Valiant|100\/100\n|-enditem|p1a: Iron Valiant|Booster Energy\n|-activate|p1a: Iron Valiant|ability: Quark Drive|[fromitem]\n|-start|p1a: Iron Valiant|quarkdrivespe\n|turn|6\n|\n|t:|1701217217\n|move|p1a: Iron Valiant|Moonblast|p2a: Ceruledge\n|-damage|p2a: Ceruledge|12\/100\n|move|p2a: Ceruledge|Bitter Blade|p1a: Iron Valiant\n|-damage|p1a: Iron Valiant|23\/100\n|-heal|p2a: Ceruledge|44\/100|[from] drain|[of] p1a: Iron Valiant\n|\n|upkeep\n|turn|7\n|\n|t:|1701217223\n|move|p2a: Ceruledge|Shadow Sneak|p1a: Iron Valiant\n|-damage|p1a: Iron Valiant|0 fnt\n|faint|p1a: Iron Valiant\n|-end|p1a: Iron Valiant|Quark Drive|[silent]\n|\n|upkeep\n|\n|t:|1701217226\n|switch|p1a: Cinderace|Cinderace, M|100\/100\n|turn|8\n|\n|t:|1701217229\n|move|p1a: Cinderace|Sucker Punch|p2a: Ceruledge\n|-start|p1a: Cinderace|typechange|Dark|[from] ability: Libero\n|-damage|p2a: Ceruledge|0 fnt\n|faint|p2a: Ceruledge\n|\n|upkeep\n|\n|t:|1701217235\n|switch|p2a: Slither Wing|Slither Wing|100\/100\n|turn|9\n|\n|t:|1701217246\n|switch|p1a: Corviknight|Corviknight, F|63\/100\n|move|p2a: Slither Wing|U-turn|p1a: Corviknight\n|-resisted|p1a: Corviknight\n|-damage|p1a: Corviknight|51\/100\n|-damage|p2a: Slither Wing|84\/100|[from] item: Rocky Helmet|[of] p1a: Corviknight\n|\n|t:|1701217249\n|-end|p2a: Slither Wing|Protosynthesis|[silent]\n|switch|p2a: Walking Wake|Walking Wake|100\/100|[from] U-turn\n|\n|upkeep\n|turn|10\n|\n|t:|1701217259\n|move|p2a: Walking Wake|Hydro Steam|p1a: Corviknight\n|-damage|p1a: Corviknight|0 fnt\n|faint|p1a: Corviknight\n|\n|upkeep\n|\n|t:|1701217263\n|switch|p1a: Great Tusk|Great Tusk|88\/100\n|turn|11\n|\n|t:|1701217266\n|-terastallize|p1a: Great Tusk|Steel\n|move|p2a: Walking Wake|Hydro Steam|p1a: Great Tusk\n|-damage|p1a: Great Tusk|9\/100\n|move|p1a: Great Tusk|Close Combat|p2a: Walking Wake\n|-damage|p2a: Walking Wake|29\/100\n|-unboost|p1a: Great Tusk|def|1\n|-unboost|p1a: Great Tusk|spd|1\n|\n|upkeep\n|turn|12\n|\n|t:|1701217273\n|move|p2a: Walking Wake|Hydro Steam|p1a: Great Tusk\n|-damage|p1a: Great Tusk|0 fnt\n|faint|p1a: Great Tusk\n|-end|p1a: Great Tusk|Protosynthesis|[silent]\n|\n|upkeep\n|-message|rhrthrh forfeited.\n|\n|win|trash_the_real\n|raw|rhrthrh's rating: 1396 &rarr; <strong>1373<\/strong><br \/>(-23 for losing)\n|raw|trash_the_real's rating: 1335 &rarr; <strong>1358<\/strong><br \/>(+23 for winning)\n|l|\u2606rhrthrh\n","uploadtime":1701217281,"views":0,"p1id":"rhrthrh","p2id":"trashthereal","formatid":"gen9ou","rating":1358,"private":0,"password":""}