{"id":"gen9ou-1989991045","p1":"armaldojaleo","p2":"soberlyquoting","format":"[Gen 9] OU","log":"|j|\u2606armaldojaleo\n|j|\u2606soberlyquoting\n|t:|1699913204\n|gametype|singles\n|player|p1|armaldojaleo|red|1143\n|player|p2|soberlyquoting|leaf-masters|1141\n|teamsize|p1|6\n|teamsize|p2|6\n|gen|9\n|tier|[Gen 9] OU\n|rated|\n|rule|Sleep Clause Mod: Limit one foe put to sleep\n|rule|Species Clause: Limit one of each Pok\u00e9mon\n|rule|OHKO Clause: OHKO moves are banned\n|rule|Evasion Items Clause: Evasion items are banned\n|rule|Evasion Moves Clause: Evasion moves are banned\n|rule|Endless Battle Clause: Forcing endless battles is banned\n|rule|HP Percentage Mod: HP is shown in percentages\n|clearpoke\n|poke|p1|Gholdengo|\n|poke|p1|Kingambit, F|\n|poke|p1|Quagsire, M|\n|poke|p1|Goodra, M|\n|poke|p1|Ceruledge, M|\n|poke|p1|Enamorus, F|\n|poke|p2|Ogerpon-Wellspring, F|\n|poke|p2|Cinderace, F|\n|poke|p2|Walking Wake|\n|poke|p2|Landorus-Therian, M|\n|poke|p2|Heatran, F|\n|poke|p2|Mimikyu, F|\n|teampreview\n|\n|t:|1699913220\n|start\n|switch|p1a: Quagsire|Quagsire, M|100\/100\n|switch|p2a: Walkin' on the|Landorus-Therian, M|100\/100\n|-ability|p2a: Walkin' on the|Intimidate|boost\n|-unboost|p1a: Quagsire|atk|1\n|turn|1\n|inactive|Battle timer is ON: inactive players will automatically lose when time's up. (requested by armaldojaleo)\n|\n|t:|1699913232\n|move|p2a: Walkin' on the|Stealth Rock|p1a: Quagsire\n|-sidestart|p1: armaldojaleo|move: Stealth Rock\n|move|p1a: Quagsire|Liquidation|p2a: Walkin' on the\n|-supereffective|p2a: Walkin' on the\n|-crit|p2a: Walkin' on the\n|-damage|p2a: Walkin' on the|6\/100\n|\n|-heal|p2a: Walkin' on the|12\/100|[from] item: Leftovers\n|upkeep\n|turn|2\n|\n|t:|1699913245\n|switch|p2a: :pensive:|Ogerpon-Wellspring, F|100\/100\n|move|p1a: Quagsire|Toxic|p2a: :pensive:\n|-status|p2a: :pensive:|tox\n|\n|-damage|p2a: :pensive:|95\/100 tox|[from] psn\n|upkeep\n|turn|3\n|\n|t:|1699913274\n|switch|p1a: Goodra|Goodra, M|100\/100\n|-damage|p1a: Goodra|88\/100|[from] Stealth Rock\n|move|p2a: :pensive:|Swords Dance|p2a: :pensive:\n|-boost|p2a: :pensive:|atk|2\n|\n|-heal|p1a: Goodra|94\/100|[from] item: Leftovers\n|-damage|p2a: :pensive:|83\/100 tox|[from] psn\n|upkeep\n|turn|4\n|\n|t:|1699913287\n|move|p2a: :pensive:|Ivy Cudgel|p1a: Goodra\n|-resisted|p1a: Goodra\n|-damage|p1a: Goodra|22\/100\n|move|p1a: Goodra|Flamethrower|p2a: :pensive:\n|-damage|p2a: :pensive:|57\/100 tox\n|\n|-heal|p1a: Goodra|28\/100|[from] item: Leftovers\n|-damage|p2a: :pensive:|39\/100 tox|[from] psn\n|upkeep\n|turn|5\n|\n|t:|1699913295\n|switch|p1a: Quagsire|Quagsire, M|100\/100\n|-damage|p1a: Quagsire|94\/100|[from] Stealth Rock\n|move|p2a: :pensive:|Ivy Cudgel|p1a: Quagsire\n|-damage|p1a: Quagsire|56\/100\n|\n|-damage|p2a: :pensive:|15\/100 tox|[from] psn\n|upkeep\n|turn|6\n|\n|t:|1699913302\n|move|p2a: :pensive:|Trailblaze|p1a: Quagsire\n|-supereffective|p1a: Quagsire\n|-damage|p1a: Quagsire|0 fnt\n|-boost|p2a: :pensive:|spe|1\n|faint|p1a: Quagsire\n|\n|-damage|p2a: :pensive:|0 fnt|[from] psn\n|faint|p2a: :pensive:\n|upkeep\n|\n|t:|1699913324\n|switch|p2a: World Chase Tag|Cinderace, F|100\/100\n|switch|p1a: Enamorus|Enamorus, F|100\/100\n|-damage|p1a: Enamorus|75\/100|[from] Stealth Rock\n|turn|7\n|\n|t:|1699913338\n|move|p2a: World Chase Tag|Pyro Ball|p1a: Enamorus|[miss]\n|-miss|p2a: World Chase Tag|p1a: Enamorus\n|move|p1a: Enamorus|Earth Power|p2a: World Chase Tag\n|-supereffective|p2a: World Chase Tag\n|-damage|p2a: World Chase Tag|7\/100\n|\n|upkeep\n|turn|8\n|\n|t:|1699913348\n|move|p2a: World Chase Tag|Pyro Ball|p1a: Enamorus\n|-damage|p1a: Enamorus|2\/100\n|move|p1a: Enamorus|Dazzling Gleam|p2a: World Chase Tag\n|-resisted|p2a: World Chase Tag\n|-damage|p2a: World Chase Tag|0 fnt\n|faint|p2a: World Chase Tag\n|\n|upkeep\n|\n|t:|1699913358\n|switch|p2a: Swiffer|Mimikyu, F, shiny|100\/100\n|turn|9\n|\n|t:|1699913364\n|move|p2a: Swiffer|Trick|p1a: Enamorus\n|-activate|p2a: Swiffer|move: Trick|[of] p1a: Enamorus\n|-item|p1a: Enamorus|Flame Orb|[from] move: Trick\n|-item|p2a: Swiffer|Assault Vest|[from] move: Trick\n|move|p1a: Enamorus|Dazzling Gleam|p2a: Swiffer\n|-activate|p2a: Swiffer|ability: Disguise\n|-damage|p2a: Swiffer|100\/100\n|detailschange|p2a: Swiffer|Mimikyu-Busted, F, shiny\n|-damage|p2a: Swiffer|88\/100|[from] pokemon: Mimikyu-Busted\n|\n|-status|p1a: Enamorus|brn|[from] item: Flame Orb\n|upkeep\n|turn|10\n|\n|t:|1699913383\n|move|p2a: Swiffer|Shadow Sneak|p1a: Enamorus\n|-damage|p1a: Enamorus|0 fnt\n|faint|p1a: Enamorus\n|\n|upkeep\n|inactive|armaldojaleo has 120 seconds left.\n|\n|t:|1699913399\n|switch|p1a: Kingambit|Kingambit, F|100\/100\n|-damage|p1a: Kingambit|94\/100|[from] Stealth Rock\n|-activate|p1a: Kingambit|ability: Supreme Overlord\n|-start|p1a: Kingambit|fallen2|[silent]\n|turn|11\n|\n|t:|1699913408\n|move|p1a: Kingambit|Sucker Punch|p2a: Swiffer\n|-damage|p2a: Swiffer|0 fnt\n|faint|p2a: Swiffer\n|\n|upkeep\n|\n|t:|1699913411\n|switch|p2a: Minecraft in 4k|Heatran, F|100\/100\n|turn|12\n|\n|t:|1699913424\n|-terastallize|p1a: Kingambit|Dark\n|move|p2a: Minecraft in 4k|Overheat|p1a: Kingambit\n|-damage|p1a: Kingambit|26\/100\n|-unboost|p2a: Minecraft in 4k|spa|2\n|-enditem|p2a: Minecraft in 4k|Eject Pack\n|\n|t:|1699913431\n|switch|p2a: Walkin' on the|Landorus-Therian, M|12\/100\n|-ability|p2a: Walkin' on the|Intimidate|boost\n|-unboost|p1a: Kingambit|atk|1\n|move|p1a: Kingambit|Brick Break|p2a: Walkin' on the\n|-resisted|p2a: Walkin' on the\n|-damage|p2a: Walkin' on the|0 fnt\n|faint|p2a: Walkin' on the\n|\n|upkeep\n|\n|t:|1699913438\n|switch|p2a: Minecraft in 4k|Heatran, F|100\/100\n|turn|13\n|\n|t:|1699913449\n|-end|p1a: Kingambit|fallen2|[silent]\n|switch|p1a: Goodra|Goodra, M|28\/100\n|-damage|p1a: Goodra|15\/100|[from] Stealth Rock\n|move|p2a: Minecraft in 4k|Overheat|p1a: Goodra\n|-resisted|p1a: Goodra\n|-damage|p1a: Goodra|0 fnt\n|-unboost|p2a: Minecraft in 4k|spa|2\n|faint|p1a: Goodra\n|\n|upkeep\n|\n|t:|1699913470\n|switch|p1a: Gholdengo|Gholdengo|100\/100\n|-damage|p1a: Gholdengo|94\/100|[from] Stealth Rock\n|turn|14\n|\n|t:|1699913474\n|move|p1a: Gholdengo|Focus Blast|p2a: Minecraft in 4k\n|-supereffective|p2a: Minecraft in 4k\n|-damage|p2a: Minecraft in 4k|28\/100\n|move|p2a: Minecraft in 4k|Overheat|p1a: Gholdengo\n|-supereffective|p1a: Gholdengo\n|-damage|p1a: Gholdengo|23\/100\n|-unboost|p2a: Minecraft in 4k|spa|2\n|\n|-heal|p1a: Gholdengo|29\/100|[from] item: Leftovers\n|upkeep\n|turn|15\n|\n|t:|1699913485\n|move|p1a: Gholdengo|Shadow Ball|p2a: Minecraft in 4k\n|-damage|p2a: Minecraft in 4k|0 fnt\n|faint|p2a: Minecraft in 4k\n|\n|-heal|p1a: Gholdengo|35\/100|[from] item: Leftovers\n|upkeep\n|\n|t:|1699913487\n|switch|p2a: New Orleans|Walking Wake|100\/100\n|-enditem|p2a: New Orleans|Booster Energy\n|-activate|p2a: New Orleans|ability: Protosynthesis|[fromitem]\n|-start|p2a: New Orleans|protosynthesisspa\n|turn|16\n|\n|t:|1699913503\n|move|p2a: New Orleans|Flamethrower|p1a: Gholdengo\n|-supereffective|p1a: Gholdengo\n|-damage|p1a: Gholdengo|0 fnt\n|faint|p1a: Gholdengo\n|\n|upkeep\n|\n|t:|1699913508\n|switch|p1a: Ceruledge|Ceruledge, M|100\/100\n|-damage|p1a: Ceruledge|76\/100|[from] Stealth Rock\n|turn|17\n|\n|t:|1699913515\n|move|p1a: Ceruledge|Shadow Sneak|p2a: New Orleans\n|-damage|p2a: New Orleans|70\/100\n|-damage|p1a: Ceruledge|66\/100|[from] item: Life Orb\n|move|p2a: New Orleans|Hydro Steam|p1a: Ceruledge\n|-supereffective|p1a: Ceruledge\n|-damage|p1a: Ceruledge|0 fnt\n|faint|p1a: Ceruledge\n|\n|upkeep\n|\n|t:|1699913522\n|switch|p1a: Kingambit|Kingambit, F, tera:Dark|26\/100\n|-damage|p1a: Kingambit|13\/100|[from] Stealth Rock\n|-activate|p1a: Kingambit|ability: Supreme Overlord\n|-start|p1a: Kingambit|fallen5|[silent]\n|turn|18\n|\n|t:|1699913532\n|-terastallize|p2a: New Orleans|Fairy\n|move|p1a: Kingambit|Sucker Punch|p2a: New Orleans\n|-resisted|p2a: New Orleans\n|-damage|p2a: New Orleans|16\/100\n|move|p2a: New Orleans|Flamethrower|p1a: Kingambit\n|-damage|p1a: Kingambit|0 fnt\n|faint|p1a: Kingambit\n|-end|p1a: Kingambit|fallen5|[silent]\n|\n|win|soberlyquoting\n|raw|armaldojaleo's rating: 1143 &rarr; <strong>1118<\/strong><br \/>(-25 for losing)\n|raw|soberlyquoting's rating: 1141 &rarr; <strong>1166<\/strong><br \/>(+25 for winning)\n|l|\u2606armaldojaleo\n","uploadtime":1699913543,"views":9,"p1id":"armaldojaleo","p2id":"soberlyquoting","formatid":"gen9ou","rating":1118,"private":0,"password":""}