{"id":"gen9ou-1999695994","p1":"low ladder leg","p2":"Xyrinis","format":"[Gen 9] OU","log":"|j|\u2606low ladder leg\n|j|\u2606Xyrinis\n|t:|1701108614\n|gametype|singles\n|player|p1|low ladder leg|ballguy|1446\n|player|p2|Xyrinis|102|1417\n|teamsize|p1|6\n|teamsize|p2|6\n|gen|9\n|tier|[Gen 9] OU\n|rated|\n|rule|Sleep Clause Mod: Limit one foe put to sleep\n|rule|Species Clause: Limit one of each Pok\u00e9mon\n|rule|OHKO Clause: OHKO moves are banned\n|rule|Evasion Items Clause: Evasion items are banned\n|rule|Evasion Moves Clause: Evasion moves are banned\n|rule|Endless Battle Clause: Forcing endless battles is banned\n|rule|HP Percentage Mod: HP is shown in percentages\n|clearpoke\n|poke|p1|Great Tusk|\n|poke|p1|Bellibolt, F|\n|poke|p1|Milotic, M|\n|poke|p1|Heatran, F|\n|poke|p1|Sinistcha-Masterpiece|\n|poke|p1|Dragapult, F|\n|poke|p2|Manaphy|\n|poke|p2|Kingambit, M|\n|poke|p2|Ribombee, F|\n|poke|p2|Gholdengo|\n|poke|p2|Iron Moth|\n|poke|p2|Ogerpon-Wellspring, F|\n|teampreview\n|\n|t:|1701108642\n|start\n|switch|p1a: Heatran|Heatran, F|100\/100\n|switch|p2a: Ribombee|Ribombee, F, shiny|100\/100\n|turn|1\n|\n|t:|1701108652\n|move|p2a: Ribombee|Sticky Web|p1a: Heatran\n|-sidestart|p1: low ladder leg|move: Sticky Web\n|move|p1a: Heatran|Magma Storm|p2a: Ribombee|[miss]\n|-miss|p1a: Heatran|p2a: Ribombee\n|\n|upkeep\n|turn|2\n|\n|t:|1701108659\n|move|p2a: Ribombee|Stun Spore|p1a: Heatran\n|-status|p1a: Heatran|par\n|move|p1a: Heatran|Magma Storm|p2a: Ribombee\n|-supereffective|p2a: Ribombee\n|-enditem|p2a: Ribombee|Focus Sash\n|-damage|p2a: Ribombee|1\/100\n|-activate|p2a: Ribombee|move: Magma Storm|[of] p1a: Heatran\n|\n|-damage|p2a: Ribombee|0 fnt|[from] move: Magma Storm|[partiallytrapped]\n|faint|p2a: Ribombee\n|upkeep\n|\n|t:|1701108672\n|switch|p2a: Ogerpon|Ogerpon-Wellspring, F|100\/100\n|turn|3\n|\n|t:|1701108677\n|switch|p1a: Sinistcha|Sinistcha-Masterpiece|100\/100\n|-activate|p1a: Sinistcha|move: Sticky Web\n|-unboost|p1a: Sinistcha|spe|1\n|move|p2a: Ogerpon|Swords Dance|p2a: Ogerpon\n|-boost|p2a: Ogerpon|atk|2\n|\n|upkeep\n|turn|4\n|\n|t:|1701108688\n|move|p2a: Ogerpon|Ivy Cudgel|p1a: Sinistcha|[anim] Ivy Cudgel Water\n|-resisted|p1a: Sinistcha\n|-damage|p1a: Sinistcha|55\/100\n|move|p1a: Sinistcha|Iron Defense|p1a: Sinistcha\n|-boost|p1a: Sinistcha|def|2\n|\n|-heal|p1a: Sinistcha|61\/100|[from] item: Leftovers\n|upkeep\n|turn|5\n|\n|t:|1701108695\n|move|p2a: Ogerpon|Encore|p1a: Sinistcha\n|-start|p1a: Sinistcha|Encore\n|move|p1a: Sinistcha|Iron Defense|p1a: Sinistcha\n|-boost|p1a: Sinistcha|def|2\n|\n|-heal|p1a: Sinistcha|68\/100|[from] item: Leftovers\n|upkeep\n|turn|6\n|\n|t:|1701108701\n|switch|p2a: Iron Moth|Iron Moth|100\/100\n|-enditem|p2a: Iron Moth|Booster Energy\n|-activate|p2a: Iron Moth|ability: Quark Drive|[fromitem]\n|-start|p2a: Iron Moth|quarkdrivespe\n|switch|p1a: Dragapult|Dragapult, F|100\/100\n|\n|upkeep\n|turn|7\n|\n|t:|1701108712\n|switch|p1a: Heatran|Heatran, F|100\/100 par\n|-activate|p1a: Heatran|move: Sticky Web\n|-unboost|p1a: Heatran|spe|1\n|move|p2a: Iron Moth|Dazzling Gleam|p1a: Heatran\n|-resisted|p1a: Heatran\n|-damage|p1a: Heatran|96\/100 par\n|\n|-heal|p1a: Heatran|100\/100 par|[from] item: Leftovers\n|upkeep\n|turn|8\n|\n|t:|1701108727\n|-end|p2a: Iron Moth|Quark Drive|[silent]\n|switch|p2a: Ogerpon|Ogerpon-Wellspring, F|100\/100\n|move|p1a: Heatran|Stealth Rock|p2a: Ogerpon\n|-sidestart|p2: Xyrinis|move: Stealth Rock\n|\n|upkeep\n|turn|9\n|\n|t:|1701108734\n|switch|p1a: Sinistcha|Sinistcha-Masterpiece|68\/100\n|-activate|p1a: Sinistcha|move: Sticky Web\n|-unboost|p1a: Sinistcha|spe|1\n|move|p2a: Ogerpon|Swords Dance|p2a: Ogerpon\n|-boost|p2a: Ogerpon|atk|2\n|\n|-heal|p1a: Sinistcha|74\/100|[from] item: Leftovers\n|upkeep\n|turn|10\n|\n|t:|1701108743\n|-terastallize|p2a: Ogerpon|Water\n|detailschange|p2a: Ogerpon|Ogerpon-Wellspring-Tera, F, tera:Water\n|-ability|p2a: Ogerpon|Embody Aspect (Wellspring)|boost\n|-boost|p2a: Ogerpon|spd|1\n|move|p2a: Ogerpon|Ivy Cudgel|p1a: Sinistcha|[anim] Ivy Cudgel Water\n|-resisted|p1a: Sinistcha\n|-damage|p1a: Sinistcha|18\/100\n|move|p1a: Sinistcha|Matcha Gotcha|p2a: Ogerpon\n|-supereffective|p2a: Ogerpon\n|-damage|p2a: Ogerpon|51\/100\n|-heal|p1a: Sinistcha|40\/100|[from] drain|[of] p2a: Ogerpon\n|-status|p2a: Ogerpon|brn\n|\n|-heal|p1a: Sinistcha|46\/100|[from] item: Leftovers\n|-damage|p2a: Ogerpon|45\/100 brn|[from] brn\n|upkeep\n|turn|11\n|-message|Xyrinis forfeited.\n|\n|win|low ladder leg\n|raw|low ladder leg's rating: 1446 &rarr; <strong>1464<\/strong><br \/>(+18 for winning)\n|raw|Xyrinis's rating: 1417 &rarr; <strong>1399<\/strong><br \/>(-18 for losing)\n|l|\u2606Xyrinis\n","uploadtime":1701108762,"views":3,"p1id":"lowladderleg","p2id":"xyrinis","formatid":"gen9ou","rating":1399,"private":0,"password":""}