{"id":"gen9ou-1993585502","p1":"TwistedWinds","p2":"Hugh's Jass","format":"[Gen 9] OU","log":"|j|\u2606TwistedWinds\n|j|\u2606Hugh's Jass\n|t:|1700334547\n|gametype|singles\n|player|p1|TwistedWinds|pilot|1366\n|player|p2|Hugh's Jass|hugh|1328\n|teamsize|p1|6\n|teamsize|p2|6\n|gen|9\n|tier|[Gen 9] OU\n|rated|\n|rule|Sleep Clause Mod: Limit one foe put to sleep\n|rule|Species Clause: Limit one of each Pok\u00e9mon\n|rule|OHKO Clause: OHKO moves are banned\n|rule|Evasion Items Clause: Evasion items are banned\n|rule|Evasion Moves Clause: Evasion moves are banned\n|rule|Endless Battle Clause: Forcing endless battles is banned\n|rule|HP Percentage Mod: HP is shown in percentages\n|clearpoke\n|poke|p1|Ninetales-Alola, M|\n|poke|p1|Cinderace, F|\n|poke|p1|Manaphy|\n|poke|p1|Infernape, M|\n|poke|p1|Indeedee, M|\n|poke|p1|Magnezone|\n|poke|p2|Cinderace, M|\n|poke|p2|Ninetales-Alola, F|\n|poke|p2|Gholdengo|\n|poke|p2|Walking Wake|\n|poke|p2|Great Tusk|\n|poke|p2|Dragonite, F|\n|teampreview\n|inactive|Battle timer is ON: inactive players will automatically lose when time's up. (requested by Hugh's Jass)\n|\n|t:|1700334562\n|start\n|switch|p1a: Magnezone|Magnezone|100\/100\n|switch|p2a: Walking Wake|Walking Wake|100\/100\n|-enditem|p2a: Walking Wake|Booster Energy\n|-activate|p2a: Walking Wake|ability: Protosynthesis|[fromitem]\n|-start|p2a: Walking Wake|protosynthesisspa\n|turn|1\n|\n|t:|1700334573\n|move|p1a: Magnezone|Volt Switch|p2a: Walking Wake\n|-damage|p2a: Walking Wake|58\/100\n|\n|t:|1700334582\n|switch|p1a: Infernape|Infernape, M|100\/100|[from] Volt Switch\n|move|p2a: Walking Wake|Scald|p1a: Infernape\n|-supereffective|p1a: Infernape\n|-damage|p1a: Infernape|0 fnt\n|faint|p1a: Infernape\n|\n|upkeep\n|\n|t:|1700334588\n|switch|p1a: Ninetales|Ninetales-Alola, M|100\/100\n|-weather|Snow|[from] ability: Snow Warning|[of] p1a: Ninetales\n|turn|2\n|\n|t:|1700334603\n|-end|p2a: Walking Wake|Protosynthesis|[silent]\n|switch|p2a: Cinderace|Cinderace, M|100\/100\n|move|p1a: Ninetales|Encore||[still]\n|-fail|p1a: Ninetales\n|\n|-weather|Snow|[upkeep]\n|upkeep\n|turn|3\n|\n|t:|1700334618\n|switch|p1a: Manaphy|Manaphy|100\/100\n|move|p2a: Cinderace|Gunk Shot|p1a: Manaphy\n|-start|p2a: Cinderace|typechange|Poison|[from] ability: Libero\n|-crit|p1a: Manaphy\n|-damage|p1a: Manaphy|16\/100\n|-status|p1a: Manaphy|psn\n|\n|-weather|Snow|[upkeep]\n|-heal|p1a: Manaphy|22\/100 psn|[from] item: Leftovers\n|-damage|p1a: Manaphy|10\/100 psn|[from] psn\n|upkeep\n|turn|4\n|\n|t:|1700334624\n|move|p2a: Cinderace|U-turn|p1a: Manaphy\n|-damage|p1a: Manaphy|0 fnt\n|faint|p1a: Manaphy\n|\n|t:|1700334641\n|switch|p2a: Gholdengo|Gholdengo|100\/100|[from] U-turn\n|\n|-weather|Snow|[upkeep]\n|upkeep\n|\n|t:|1700334650\n|switch|p1a: Ninetales|Ninetales-Alola, M|100\/100\n|turn|5\n|\n|t:|1700334653\n|move|p2a: Gholdengo|Make It Rain|p1a: Ninetales\n|-supereffective|p1a: Ninetales\n|-damage|p1a: Ninetales|0 fnt\n|-unboost|p2a: Gholdengo|spa|1\n|faint|p1a: Ninetales\n|\n|-weather|Snow|[upkeep]\n|upkeep\n|\n|t:|1700334659\n|switch|p1a: Magnezone|Magnezone|100\/100\n|turn|6\n|\n|t:|1700334671\n|switch|p2a: Great Tusk|Great Tusk|100\/100\n|-enditem|p2a: Great Tusk|Booster Energy\n|-activate|p2a: Great Tusk|ability: Protosynthesis|[fromitem]\n|-start|p2a: Great Tusk|protosynthesisspe\n|move|p1a: Magnezone|Thunderbolt|p2a: Great Tusk\n|-immune|p2a: Great Tusk\n|\n|-weather|none\n|upkeep\n|turn|7\n|c|\u2606TwistedWinds|I have magnet pull bro what?\n|inactive|TwistedWinds has 120 seconds left.\n|c|\u2606Hugh's Jass|nuhuh\n|c|\u2606TwistedWinds|Wym nuhuh\n|inactive|TwistedWinds has 90 seconds left.\n|c|\u2606Hugh's Jass|:P\n|inactive|TwistedWinds has 60 seconds left.\n|c|\u2606TwistedWinds|What?\n|\n|t:|1700334776\n|switch|p1a: Indeedee|Indeedee, M|100\/100\n|-fieldstart|move: Psychic Terrain|[from] ability: Psychic Surge|[of] p1a: Indeedee\n|move|p2a: Great Tusk|Bulk Up|p2a: Great Tusk\n|-boost|p2a: Great Tusk|atk|1\n|-boost|p2a: Great Tusk|def|1\n|\n|upkeep\n|turn|8\n|\n|t:|1700334785\n|-terastallize|p2a: Great Tusk|Steel\n|move|p2a: Great Tusk|Close Combat|p1a: Indeedee\n|-damage|p1a: Indeedee|0 fnt\n|-unboost|p2a: Great Tusk|def|1\n|-unboost|p2a: Great Tusk|spd|1\n|faint|p1a: Indeedee\n|\n|upkeep\n|\n|t:|1700334794\n|switch|p1a: Magnezone|Magnezone|100\/100\n|turn|9\n|\n|t:|1700334801\n|move|p2a: Great Tusk|High Horsepower|p1a: Magnezone\n|-supereffective|p1a: Magnezone\n|-damage|p1a: Magnezone|0 fnt\n|faint|p1a: Magnezone\n|\n|upkeep\n|-message|TwistedWinds forfeited.\n|\n|win|Hugh's Jass\n|raw|TwistedWinds's rating: 1366 &rarr; <strong>1344<\/strong><br \/>(-22 for losing)\n|raw|Hugh&apos;s Jass's rating: 1328 &rarr; <strong>1350<\/strong><br \/>(+22 for winning)\n|l|\u2606TwistedWinds\n","uploadtime":1700334811,"views":50,"p1id":"twistedwinds","p2id":"hughsjass","formatid":"gen9ou","rating":1344,"private":0,"password":""}