{"id":"gen9ou-1992381323","p1":"edicts","p2":"lieb330","format":"[Gen 9] OU","log":"|j|\u2606edicts\n|j|\u2606lieb330\n|t:|1700181013\n|gametype|singles\n|player|p1|edicts|kimonogirl|\n|player|p2|lieb330|1|\n|teamsize|p1|6\n|teamsize|p2|6\n|gen|9\n|tier|[Gen 9] OU\n|rule|Sleep Clause Mod: Limit one foe put to sleep\n|rule|Species Clause: Limit one of each Pok\u00e9mon\n|rule|OHKO Clause: OHKO moves are banned\n|rule|Evasion Items Clause: Evasion items are banned\n|rule|Evasion Moves Clause: Evasion moves are banned\n|rule|Endless Battle Clause: Forcing endless battles is banned\n|rule|HP Percentage Mod: HP is shown in percentages\n|clearpoke\n|poke|p1|Skeledirge, F|\n|poke|p1|Drednaw, F|\n|poke|p1|Ogerpon, F|\n|poke|p1|Pelipper, M|\n|poke|p1|Hatterene, F|\n|poke|p1|Kilowattrel, M|\n|poke|p2|Garganacl, F|\n|poke|p2|Alomomola, M|\n|poke|p2|Torkoal, F|\n|poke|p2|Lilligant-Hisui, F|\n|poke|p2|Toedscruel, M|\n|poke|p2|Articuno-Galar|\n|teampreview\n|inactive|Battle timer is ON: inactive players will automatically lose when time's up. (requested by lieb330)\n|inactiveoff|Battle timer is now OFF.\n|j| poggerwog\n|j| napg0d\n|j| lumpfren\n|c| napg0d|couple racks ay\n|\n|t:|1700181051\n|start\n|switch|p1a: \u9b54\u5973\u6226\u968a|Hatterene, F, shiny|100\/100\n|switch|p2a: THE MOTTO|Articuno-Galar|100\/100\n|turn|1\n|\n|t:|1700181083\n|move|p2a: THE MOTTO|Calm Mind|p2a: THE MOTTO\n|-boost|p2a: THE MOTTO|spa|1\n|-boost|p2a: THE MOTTO|spd|1\n|move|p1a: \u9b54\u5973\u6226\u968a|Nuzzle|p2a: THE MOTTO\n|-supereffective|p2a: THE MOTTO\n|-damage|p2a: THE MOTTO|93\/100\n|-status|p2a: THE MOTTO|par\n|\n|-heal|p2a: THE MOTTO|99\/100 par|[from] item: Leftovers\n|upkeep\n|turn|2\n|\n|t:|1700181094\n|move|p2a: THE MOTTO|Calm Mind|p2a: THE MOTTO\n|-boost|p2a: THE MOTTO|spa|1\n|-boost|p2a: THE MOTTO|spd|1\n|move|p1a: \u9b54\u5973\u6226\u968a|Calm Mind|p1a: \u9b54\u5973\u6226\u968a\n|-boost|p1a: \u9b54\u5973\u6226\u968a|spa|1\n|-boost|p1a: \u9b54\u5973\u6226\u968a|spd|1\n|\n|-heal|p2a: THE MOTTO|100\/100 par|[from] item: Leftovers\n|upkeep\n|turn|3\n|j| LuichoX\n|\n|t:|1700181136\n|switch|p2a: MELTDOWN|Torkoal, F|100\/100\n|-weather|SunnyDay|[from] ability: Drought|[of] p2a: MELTDOWN\n|move|p1a: \u9b54\u5973\u6226\u968a|Calm Mind|p1a: \u9b54\u5973\u6226\u968a\n|-boost|p1a: \u9b54\u5973\u6226\u968a|spa|1\n|-boost|p1a: \u9b54\u5973\u6226\u968a|spd|1\n|\n|-weather|SunnyDay|[upkeep]\n|upkeep\n|turn|4\n|\n|t:|1700181171\n|move|p1a: \u9b54\u5973\u6226\u968a|Calm Mind|p1a: \u9b54\u5973\u6226\u968a\n|-boost|p1a: \u9b54\u5973\u6226\u968a|spa|1\n|-boost|p1a: \u9b54\u5973\u6226\u968a|spd|1\n|move|p2a: MELTDOWN|Yawn|p1a: \u9b54\u5973\u6226\u968a\n|move|p1a: \u9b54\u5973\u6226\u968a|Yawn|p2a: MELTDOWN|[from]ability: Magic Bounce\n|-start|p2a: MELTDOWN|move: Yawn|[of] p1a: \u9b54\u5973\u6226\u968a\n|\n|-weather|SunnyDay|[upkeep]\n|upkeep\n|turn|5\n|c| LuichoX|joever\n|c| poggerwog|this is why you got FLEECED\n|c|\u2606lieb330|i said \"i lost\" on turn 2\n|c|\u2606lieb330|jsyk\n|c| lumpfren|;-;\n|\n|t:|1700181206\n|switch|p2a: ONE DANCE|Lilligant-Hisui, F|100\/100\n|move|p1a: \u9b54\u5973\u6226\u968a|Psychic|p2a: ONE DANCE\n|-supereffective|p2a: ONE DANCE\n|-damage|p2a: ONE DANCE|0 fnt\n|faint|p2a: ONE DANCE\n|\n|-weather|SunnyDay|[upkeep]\n|upkeep\n|\n|t:|1700181232\n|switch|p2a: JUMPMAN|Toedscruel, M|100\/100\n|turn|6\n|\n|t:|1700181238\n|move|p1a: \u9b54\u5973\u6226\u968a|Psychic|p2a: JUMPMAN\n|-enditem|p2a: JUMPMAN|Focus Sash\n|-damage|p2a: JUMPMAN|1\/100\n|move|p2a: JUMPMAN|Spore|p1a: \u9b54\u5973\u6226\u968a\n|-status|p1a: \u9b54\u5973\u6226\u968a|slp|[from] move: Spore\n|\n|-weather|SunnyDay|[upkeep]\n|upkeep\n|turn|7\n|c| LuichoX|BARACK\n|\n|t:|1700181252\n|switch|p2a: LOOK ALIVE|Alomomola, M|100\/100\n|cant|p1a: \u9b54\u5973\u6226\u968a|slp\n|\n|-weather|SunnyDay|[upkeep]\n|upkeep\n|turn|8\n|\n|t:|1700181259\n|move|p2a: LOOK ALIVE|Wish|p2a: LOOK ALIVE\n|cant|p1a: \u9b54\u5973\u6226\u968a|slp\n|\n|-weather|SunnyDay|[upkeep]\n|upkeep\n|turn|9\n|c| lumpfren|mycelium goat\n|\n|t:|1700181266\n|move|p2a: LOOK ALIVE|Flip Turn|p1a: \u9b54\u5973\u6226\u968a\n|-damage|p1a: \u9b54\u5973\u6226\u968a|92\/100 slp\n|\n|t:|1700181272\n|switch|p2a: JUMPMAN|Toedscruel, M|1\/100|[from] Flip Turn\n|cant|p1a: \u9b54\u5973\u6226\u968a|slp\n|\n|-weather|SunnyDay|[upkeep]\n|-heal|p2a: JUMPMAN|90\/100|[from] move: Wish|[wisher] LOOK ALIVE\n|-heal|p1a: \u9b54\u5973\u6226\u968a|98\/100 slp|[from] item: Leftovers\n|upkeep\n|turn|10\n|\n|t:|1700181290\n|move|p2a: JUMPMAN|Leaf Storm|p1a: \u9b54\u5973\u6226\u968a\n|-damage|p1a: \u9b54\u5973\u6226\u968a|84\/100 slp\n|-unboost|p2a: JUMPMAN|spa|2\n|-curestatus|p1a: \u9b54\u5973\u6226\u968a|slp|[msg]\n|move|p1a: \u9b54\u5973\u6226\u968a|Psychic|p2a: JUMPMAN\n|-damage|p2a: JUMPMAN|0 fnt\n|faint|p2a: JUMPMAN\n|\n|-weather|none\n|-heal|p1a: \u9b54\u5973\u6226\u968a|90\/100|[from] item: Leftovers\n|upkeep\n|\n|t:|1700181319\n|switch|p2a: GODS PLAN|Garganacl, F, shiny|100\/100\n|turn|11\n|c| napg0d|alexa play marvins room\n|\n|t:|1700181328\n|move|p2a: GODS PLAN|Salt Cure|p1a: \u9b54\u5973\u6226\u968a\n|-damage|p1a: \u9b54\u5973\u6226\u968a|75\/100\n|-start|p1a: \u9b54\u5973\u6226\u968a|Salt Cure\n|move|p1a: \u9b54\u5973\u6226\u968a|Psychic|p2a: GODS PLAN\n|-damage|p2a: GODS PLAN|35\/100\n|\n|-heal|p2a: GODS PLAN|41\/100|[from] item: Leftovers\n|-heal|p1a: \u9b54\u5973\u6226\u968a|81\/100|[from] item: Leftovers\n|-damage|p1a: \u9b54\u5973\u6226\u968a|68\/100|[from] Salt Cure\n|upkeep\n|turn|12\n|\n|t:|1700181341\n|switch|p2a: LOOK ALIVE|Alomomola, M|100\/100\n|move|p1a: \u9b54\u5973\u6226\u968a|Draining Kiss|p2a: LOOK ALIVE\n|-damage|p2a: LOOK ALIVE|37\/100\n|-heal|p1a: \u9b54\u5973\u6226\u968a|100\/100|[from] drain|[of] p2a: LOOK ALIVE\n|\n|-heal|p2a: LOOK ALIVE|43\/100|[from] item: Leftovers\n|-damage|p1a: \u9b54\u5973\u6226\u968a|88\/100|[from] Salt Cure\n|upkeep\n|turn|13\n|\n|t:|1700181353\n|move|p2a: LOOK ALIVE|Wish|p2a: LOOK ALIVE\n|move|p1a: \u9b54\u5973\u6226\u968a|Draining Kiss|p2a: LOOK ALIVE\n|-damage|p2a: LOOK ALIVE|0 fnt\n|-heal|p1a: \u9b54\u5973\u6226\u968a|100\/100|[from] drain|[of] p2a: LOOK ALIVE\n|faint|p2a: LOOK ALIVE\n|\n|-damage|p1a: \u9b54\u5973\u6226\u968a|88\/100|[from] Salt Cure\n|upkeep\n|c|\u2606lieb330|i know i am losing this game\n|c|\u2606lieb330|just watch\n|c| poggerwog|its not over yet\n|c|\u2606lieb330|it is\n|c| poggerwog|BELIEVE IT!\n|c|\u2606lieb330|it is over\n|\n|t:|1700181378\n|switch|p2a: GODS PLAN|Garganacl, F, shiny|41\/100\n|turn|14\n|c|\u2606edicts|...\n|\n|t:|1700181383\n|move|p2a: GODS PLAN|Protect|p2a: GODS PLAN\n|-singleturn|p2a: GODS PLAN|Protect\n|move|p1a: \u9b54\u5973\u6226\u968a|Draining Kiss|p2a: GODS PLAN\n|-activate|p2a: GODS PLAN|move: Protect\n|\n|-heal|p2a: GODS PLAN|100\/100|[from] move: Wish|[wisher] LOOK ALIVE\n|-heal|p1a: \u9b54\u5973\u6226\u968a|94\/100|[from] item: Leftovers\n|-damage|p1a: \u9b54\u5973\u6226\u968a|82\/100|[from] Salt Cure\n|upkeep\n|turn|15\n|\n|t:|1700181401\n|move|p2a: GODS PLAN|Salt Cure|p1a: \u9b54\u5973\u6226\u968a\n|-damage|p1a: \u9b54\u5973\u6226\u968a|68\/100\n|move|p1a: \u9b54\u5973\u6226\u968a|Psychic|p2a: GODS PLAN\n|-damage|p2a: GODS PLAN|37\/100\n|\n|-heal|p2a: GODS PLAN|43\/100|[from] item: Leftovers\n|-heal|p1a: \u9b54\u5973\u6226\u968a|74\/100|[from] item: Leftovers\n|-damage|p1a: \u9b54\u5973\u6226\u968a|62\/100|[from] Salt Cure\n|upkeep\n|turn|16\n|c| napg0d|me when i see the number one player got ribombee and hatterene in a trade\n|\n|t:|1700181413\n|move|p2a: GODS PLAN|Salt Cure|p1a: \u9b54\u5973\u6226\u968a\n|-damage|p1a: \u9b54\u5973\u6226\u968a|47\/100\n|move|p1a: \u9b54\u5973\u6226\u968a|Draining Kiss|p2a: GODS PLAN\n|-damage|p2a: GODS PLAN|4\/100\n|-heal|p1a: \u9b54\u5973\u6226\u968a|84\/100|[from] drain|[of] p2a: GODS PLAN\n|\n|-heal|p2a: GODS PLAN|10\/100|[from] item: Leftovers\n|-heal|p1a: \u9b54\u5973\u6226\u968a|90\/100|[from] item: Leftovers\n|-damage|p1a: \u9b54\u5973\u6226\u968a|78\/100|[from] Salt Cure\n|upkeep\n|turn|17\n|\n|t:|1700181424\n|move|p2a: GODS PLAN|Recover|p2a: GODS PLAN\n|-heal|p2a: GODS PLAN|60\/100\n|move|p1a: \u9b54\u5973\u6226\u968a|Calm Mind|p1a: \u9b54\u5973\u6226\u968a\n|-boost|p1a: \u9b54\u5973\u6226\u968a|spa|1\n|-boost|p1a: \u9b54\u5973\u6226\u968a|spd|1\n|\n|-heal|p2a: GODS PLAN|66\/100|[from] item: Leftovers\n|-heal|p1a: \u9b54\u5973\u6226\u968a|84\/100|[from] item: Leftovers\n|-damage|p1a: \u9b54\u5973\u6226\u968a|72\/100|[from] Salt Cure\n|upkeep\n|turn|18\n|\n|t:|1700181434\n|move|p2a: GODS PLAN|Salt Cure|p1a: \u9b54\u5973\u6226\u968a\n|-damage|p1a: \u9b54\u5973\u6226\u968a|56\/100\n|move|p1a: \u9b54\u5973\u6226\u968a|Draining Kiss|p2a: GODS PLAN\n|-damage|p2a: GODS PLAN|23\/100\n|-heal|p1a: \u9b54\u5973\u6226\u968a|97\/100|[from] drain|[of] p2a: GODS PLAN\n|\n|-heal|p2a: GODS PLAN|29\/100|[from] item: Leftovers\n|-heal|p1a: \u9b54\u5973\u6226\u968a|100\/100|[from] item: Leftovers\n|-damage|p1a: \u9b54\u5973\u6226\u968a|88\/100|[from] Salt Cure\n|upkeep\n|turn|19\n|\n|t:|1700181446\n|move|p2a: GODS PLAN|Recover|p2a: GODS PLAN\n|-heal|p2a: GODS PLAN|79\/100\n|move|p1a: \u9b54\u5973\u6226\u968a|Draining Kiss|p2a: GODS PLAN\n|-damage|p2a: GODS PLAN|37\/100\n|-heal|p1a: \u9b54\u5973\u6226\u968a|100\/100|[from] drain|[of] p2a: GODS PLAN\n|\n|-heal|p2a: GODS PLAN|43\/100|[from] item: Leftovers\n|-damage|p1a: \u9b54\u5973\u6226\u968a|88\/100|[from] Salt Cure\n|upkeep\n|turn|20\n|\n|t:|1700181468\n|move|p2a: GODS PLAN|Recover|p2a: GODS PLAN\n|-heal|p2a: GODS PLAN|93\/100\n|move|p1a: \u9b54\u5973\u6226\u968a|Psychic|p2a: GODS PLAN\n|-damage|p2a: GODS PLAN|14\/100\n|\n|-heal|p2a: GODS PLAN|20\/100|[from] item: Leftovers\n|-heal|p1a: \u9b54\u5973\u6226\u968a|94\/100|[from] item: Leftovers\n|-damage|p1a: \u9b54\u5973\u6226\u968a|82\/100|[from] Salt Cure\n|upkeep\n|turn|21\n|c|\u2606lieb330|bored yet?\n|c| poggerwog|never\n|\n|t:|1700181480\n|move|p2a: GODS PLAN|Recover|p2a: GODS PLAN\n|-heal|p2a: GODS PLAN|70\/100\n|move|p1a: \u9b54\u5973\u6226\u968a|Psychic|p2a: GODS PLAN\n|-damage|p2a: GODS PLAN|0 fnt\n|faint|p2a: GODS PLAN\n|\n|-heal|p1a: \u9b54\u5973\u6226\u968a|88\/100|[from] item: Leftovers\n|-damage|p1a: \u9b54\u5973\u6226\u968a|76\/100|[from] Salt Cure\n|upkeep\n|\n|t:|1700181493\n|switch|p2a: MELTDOWN|Torkoal, F|100\/100\n|-weather|SunnyDay|[from] ability: Drought|[of] p2a: MELTDOWN\n|turn|22\n|\n|t:|1700181502\n|move|p1a: \u9b54\u5973\u6226\u968a|Psychic|p2a: MELTDOWN\n|-damage|p2a: MELTDOWN|0 fnt\n|faint|p2a: MELTDOWN\n|\n|-weather|SunnyDay|[upkeep]\n|-heal|p1a: \u9b54\u5973\u6226\u968a|82\/100|[from] item: Leftovers\n|-damage|p1a: \u9b54\u5973\u6226\u968a|69\/100|[from] Salt Cure\n|upkeep\n|\n|t:|1700181508\n|switch|p2a: THE MOTTO|Articuno-Galar|100\/100 par\n|turn|23\n|\n|t:|1700181513\n|cant|p2a: THE MOTTO|par\n|move|p1a: \u9b54\u5973\u6226\u968a|Draining Kiss|p2a: THE MOTTO\n|-damage|p2a: THE MOTTO|42\/100 par\n|-heal|p1a: \u9b54\u5973\u6226\u968a|100\/100|[from] drain|[of] p2a: THE MOTTO\n|\n|-weather|SunnyDay|[upkeep]\n|-heal|p2a: THE MOTTO|49\/100 par|[from] item: Leftovers\n|-damage|p1a: \u9b54\u5973\u6226\u968a|88\/100|[from] Salt Cure\n|upkeep\n|turn|24\n|\n|t:|1700181521\n|move|p2a: THE MOTTO|Agility|p2a: THE MOTTO\n|-boost|p2a: THE MOTTO|spe|2\n|move|p1a: \u9b54\u5973\u6226\u968a|Psychic|p2a: THE MOTTO\n|-resisted|p2a: THE MOTTO\n|-damage|p2a: THE MOTTO|0 fnt\n|faint|p2a: THE MOTTO\n|\n|win|edicts\n","uploadtime":1700181531,"views":9,"p1id":"edicts","p2id":"lieb330","formatid":"gen9ou","rating":0,"private":0,"password":""}