{"id":"gen9ou-1989903236","p1":"Delfar","p2":"pok3monjake","format":"[Gen 9] OU","log":"|j|\u2606Delfar\n|j|\u2606pok3monjake\n|t:|1699905348\n|gametype|singles\n|player|p1|Delfar|pokemonrangerf|1561\n|player|p2|pok3monjake|unknown|1643\n|teamsize|p1|6\n|teamsize|p2|6\n|gen|9\n|tier|[Gen 9] OU\n|rated|\n|rule|Sleep Clause Mod: Limit one foe put to sleep\n|rule|Species Clause: Limit one of each Pok\u00e9mon\n|rule|OHKO Clause: OHKO moves are banned\n|rule|Evasion Items Clause: Evasion items are banned\n|rule|Evasion Moves Clause: Evasion moves are banned\n|rule|Endless Battle Clause: Forcing endless battles is banned\n|rule|HP Percentage Mod: HP is shown in percentages\n|clearpoke\n|poke|p1|Iron Treads|\n|poke|p1|Samurott-Hisui, F|\n|poke|p1|Iron Moth|\n|poke|p1|Rillaboom, F|\n|poke|p1|Iron Valiant|\n|poke|p1|Dragapult, F|\n|poke|p2|Tropius, M|\n|poke|p2|Walking Wake|\n|poke|p2|Torkoal, F|\n|poke|p2|Great Tusk|\n|poke|p2|Heatran, F|\n|poke|p2|Hatterene, F|\n|teampreview\n|\n|t:|1699905356\n|start\n|switch|p1a: Dragapult|Dragapult, F|100\/100\n|switch|p2a: Torkoal|Torkoal, F|100\/100\n|-weather|SunnyDay|[from] ability: Drought|[of] p2a: Torkoal\n|turn|1\n|\n|t:|1699905371\n|move|p1a: Dragapult|Light Screen|p1a: Dragapult\n|-sidestart|p1: Delfar|move: Light Screen\n|move|p2a: Torkoal|Stealth Rock|p1a: Dragapult\n|-sidestart|p1: Delfar|move: Stealth Rock\n|\n|-weather|SunnyDay|[upkeep]\n|upkeep\n|turn|2\n|\n|t:|1699905401\n|move|p1a: Dragapult|Reflect|p1a: Dragapult\n|-sidestart|p1: Delfar|Reflect\n|move|p2a: Torkoal|Lava Plume|p1a: Dragapult\n|-resisted|p1a: Dragapult\n|-damage|p1a: Dragapult|88\/100\n|\n|-weather|SunnyDay|[upkeep]\n|upkeep\n|turn|3\n|inactive|Battle timer is ON: inactive players will automatically lose when time's up. (requested by pok3monjake)\n|\n|t:|1699905459\n|switch|p1a: Iron Moth|Iron Moth|100\/100\n|move|p2a: Torkoal|Yawn|p1a: Iron Moth\n|-start|p1a: Iron Moth|move: Yawn|[of] p2a: Torkoal\n|\n|-weather|SunnyDay|[upkeep]\n|upkeep\n|turn|4\n|\n|t:|1699905482\n|-end|p1a: Iron Moth|Quark Drive|[silent]\n|switch|p1a: Samurott|Samurott-Hisui, F|100\/100\n|-damage|p1a: Samurott|88\/100|[from] Stealth Rock\n|move|p2a: Torkoal|Lava Plume|p1a: Samurott\n|-resisted|p1a: Samurott\n|-damage|p1a: Samurott|76\/100\n|\n|-weather|SunnyDay|[upkeep]\n|upkeep\n|turn|5\n|inactive|pok3monjake has 120 seconds left.\n|\n|t:|1699905520\n|switch|p2a: Hatterene|Hatterene, F|100\/100\n|move|p1a: Samurott|Ceaseless Edge|p2a: Hatterene\n|-damage|p2a: Hatterene|53\/100\n|-sidestart|p2: pok3monjake|Spikes\n|-enditem|p2a: Hatterene|Eject Button\n|\n|t:|1699905522\n|switch|p2a: Tropius|Tropius, M|100\/100\n|\n|-weather|SunnyDay|[upkeep]\n|upkeep\n|turn|6\n|\n|t:|1699905540\n|move|p1a: Samurott|Ceaseless Edge|p2a: Tropius\n|-damage|p2a: Tropius|53\/100\n|-sidestart|p2: pok3monjake|Spikes\n|move|p2a: Tropius|Dragon Dance|p2a: Tropius\n|-boost|p2a: Tropius|atk|1\n|-boost|p2a: Tropius|spe|1\n|\n|-weather|SunnyDay|[upkeep]\n|upkeep\n|turn|7\n|inactive|pok3monjake has 120 seconds left.\n|\n|t:|1699905549\n|move|p1a: Samurott|Ceaseless Edge|p2a: Tropius\n|-damage|p2a: Tropius|6\/100\n|-sidestart|p2: pok3monjake|Spikes\n|-enditem|p2a: Tropius|Sitrus Berry|[eat]\n|-heal|p2a: Tropius|31\/100|[from] item: Sitrus Berry\n|move|p2a: Tropius|Dragon Dance|p2a: Tropius\n|-boost|p2a: Tropius|atk|1\n|-boost|p2a: Tropius|spe|1\n|\n|-weather|SunnyDay|[upkeep]\n|-item|p2a: Tropius|Sitrus Berry|[from] ability: Harvest\n|upkeep\n|-enditem|p2a: Tropius|Sitrus Berry|[eat]\n|-heal|p2a: Tropius|56\/100|[from] item: Sitrus Berry\n|turn|8\n|inactive|pok3monjake has 120 seconds left.\n|\n|t:|1699905567\n|switch|p1a: Iron Moth|Iron Moth|100\/100\n|move|p2a: Tropius|Substitute|p2a: Tropius\n|-start|p2a: Tropius|Substitute\n|-damage|p2a: Tropius|31\/100\n|\n|-weather|none\n|-sideend|p1: Delfar|move: Light Screen\n|-item|p2a: Tropius|Sitrus Berry|[from] ability: Harvest\n|upkeep\n|-enditem|p2a: Tropius|Sitrus Berry|[eat]\n|-heal|p2a: Tropius|56\/100|[from] item: Sitrus Berry\n|turn|9\n|inactive|pok3monjake has 120 seconds left.\n|\n|t:|1699905580\n|move|p1a: Iron Moth|Sludge Wave|p2a: Tropius\n|-supereffective|p2a: Tropius\n|-end|p2a: Tropius|Substitute\n|move|p2a: Tropius|Dragon Dance|p2a: Tropius\n|-boost|p2a: Tropius|atk|1\n|-boost|p2a: Tropius|spe|1\n|\n|-sideend|p1: Delfar|Reflect\n|upkeep\n|turn|10\n|inactive|pok3monjake has 120 seconds left.\n|\n|t:|1699905601\n|move|p2a: Tropius|Earthquake|p1a: Iron Moth\n|-supereffective|p1a: Iron Moth\n|-damage|p1a: Iron Moth|0 fnt\n|faint|p1a: Iron Moth\n|-end|p1a: Iron Moth|Quark Drive|[silent]\n|\n|-item|p2a: Tropius|Sitrus Berry|[from] ability: Harvest\n|upkeep\n|\n|t:|1699905604\n|switch|p1a: Iron Treads|Iron Treads|100\/100\n|-damage|p1a: Iron Treads|97\/100|[from] Stealth Rock\n|turn|11\n|inactive|pok3monjake has 90 seconds left.\n|\n|t:|1699905655\n|move|p2a: Tropius|Earthquake|p1a: Iron Treads\n|-supereffective|p1a: Iron Treads\n|-damage|p1a: Iron Treads|0 fnt\n|faint|p1a: Iron Treads\n|-end|p1a: Iron Treads|Quark Drive|[silent]\n|\n|upkeep\n|\n|t:|1699905658\n|switch|p1a: Rillaboom|Rillaboom, F|100\/100\n|-damage|p1a: Rillaboom|88\/100|[from] Stealth Rock\n|-fieldstart|move: Grassy Terrain|[from] ability: Grassy Surge|[of] p1a: Rillaboom\n|turn|12\n|inactive|pok3monjake has 60 seconds left.\n|\n|t:|1699905690\n|move|p2a: Tropius|Leaf Blade|p1a: Rillaboom\n|-resisted|p1a: Rillaboom\n|-crit|p1a: Rillaboom\n|-damage|p1a: Rillaboom|26\/100\n|move|p1a: Rillaboom|Knock Off|p2a: Tropius\n|-damage|p2a: Tropius|18\/100\n|-enditem|p2a: Tropius|Sitrus Berry|[from] move: Knock Off|[of] p1a: Rillaboom\n|\n|-heal|p1a: Rillaboom|33\/100|[from] Grassy Terrain\n|upkeep\n|turn|13\n|inactive|pok3monjake has 60 seconds left.\n|\n|t:|1699905706\n|move|p1a: Rillaboom|Grassy Glide|p2a: Tropius\n|-resisted|p2a: Tropius\n|-damage|p2a: Tropius|9\/100\n|move|p2a: Tropius|Leaf Blade|p1a: Rillaboom\n|-resisted|p1a: Rillaboom\n|-damage|p1a: Rillaboom|0 fnt\n|faint|p1a: Rillaboom\n|\n|upkeep\n|\n|t:|1699905710\n|switch|p1a: Samurott|Samurott-Hisui, F|76\/100\n|-damage|p1a: Samurott|63\/100|[from] Stealth Rock\n|turn|14\n|inactive|pok3monjake has 60 seconds left.\n|inactive|pok3monjake has 30 seconds left.\n|\n|t:|1699905748\n|move|p1a: Samurott|Sucker Punch|p2a: Tropius\n|-damage|p2a: Tropius|0 fnt\n|faint|p2a: Tropius\n|\n|-heal|p1a: Samurott|69\/100|[from] Grassy Terrain\n|upkeep\n|inactive|pok3monjake has 30 seconds left.\n|inactive|pok3monjake has 20 seconds left.\n|inactive|pok3monjake has 15 seconds left.\n|\n|t:|1699905769\n|switch|p2a: Torkoal|Torkoal, F|100\/100\n|-damage|p2a: Torkoal|76\/100|[from] Spikes\n|-weather|SunnyDay|[from] ability: Drought|[of] p2a: Torkoal\n|turn|15\n|inactive|pok3monjake has 25 seconds left this turn.\n|inactive|pok3monjake has 20 seconds left.\n|\n|t:|1699905778\n|switch|p1a: Dragapult|Dragapult, F|88\/100\n|-damage|p1a: Dragapult|76\/100|[from] Stealth Rock\n|move|p2a: Torkoal|Rapid Spin|p1a: Dragapult\n|-immune|p1a: Dragapult\n|\n|-weather|SunnyDay|[upkeep]\n|-heal|p1a: Dragapult|82\/100|[from] Grassy Terrain\n|-heal|p2a: Torkoal|82\/100|[from] Grassy Terrain\n|upkeep\n|turn|16\n|inactive|pok3monjake has 30 seconds left this turn.\n|\n|t:|1699905790\n|move|p1a: Dragapult|Light Screen|p1a: Dragapult\n|-sidestart|p1: Delfar|move: Light Screen\n|move|p2a: Torkoal|Yawn|p1a: Dragapult\n|-start|p1a: Dragapult|move: Yawn|[of] p2a: Torkoal\n|\n|-weather|SunnyDay|[upkeep]\n|-heal|p1a: Dragapult|88\/100|[from] Grassy Terrain\n|-heal|p2a: Torkoal|88\/100|[from] Grassy Terrain\n|upkeep\n|turn|17\n|\n|t:|1699905795\n|move|p1a: Dragapult|Draco Meteor|p2a: Torkoal|[miss]\n|-miss|p1a: Dragapult|p2a: Torkoal\n|move|p2a: Torkoal|Lava Plume|p1a: Dragapult\n|-resisted|p1a: Dragapult\n|-damage|p1a: Dragapult|76\/100\n|-status|p1a: Dragapult|brn\n|\n|-weather|SunnyDay|[upkeep]\n|-heal|p1a: Dragapult|82\/100 brn|[from] Grassy Terrain\n|-heal|p2a: Torkoal|94\/100|[from] Grassy Terrain\n|-damage|p1a: Dragapult|76\/100 brn|[from] brn\n|-end|p1a: Dragapult|move: Yawn|[silent]\n|upkeep\n|turn|18\n|inactive|pok3monjake has 30 seconds left.\n|inactive|pok3monjake has 20 seconds left.\n|\n|t:|1699905821\n|switch|p2a: Hatterene|Hatterene, F|53\/100\n|-damage|p2a: Hatterene|28\/100|[from] Spikes\n|move|p1a: Dragapult|Thunderbolt|p2a: Hatterene\n|-damage|p2a: Hatterene|0 fnt\n|faint|p2a: Hatterene\n|\n|-weather|SunnyDay|[upkeep]\n|-heal|p1a: Dragapult|82\/100 brn|[from] Grassy Terrain\n|-damage|p1a: Dragapult|76\/100 brn|[from] brn\n|upkeep\n|inactive|pok3monjake has 25 seconds left this turn.\n|inactive|pok3monjake has 20 seconds left.\n|inactive|pok3monjake has 15 seconds left.\n|inactive|pok3monjake has 10 seconds left.\n|\n|t:|1699905836\n|switch|p2a: Great Tusk|Great Tusk|100\/100\n|-damage|p2a: Great Tusk|76\/100|[from] Spikes\n|-activate|p2a: Great Tusk|ability: Protosynthesis\n|-start|p2a: Great Tusk|protosynthesisspe\n|turn|19\n|inactive|pok3monjake has 20 seconds left this turn.\n|inactive|pok3monjake has 15 seconds left.\n|j| STK OTG\n|inactive|pok3monjake has 10 seconds left.\n|\n|t:|1699905848\n|-terastallize|p2a: Great Tusk|Steel\n|move|p2a: Great Tusk|Bulk Up|p2a: Great Tusk\n|-boost|p2a: Great Tusk|atk|1\n|-boost|p2a: Great Tusk|def|1\n|move|p1a: Dragapult|Draco Meteor|p2a: Great Tusk|[miss]\n|-miss|p1a: Dragapult|p2a: Great Tusk\n|\n|-weather|SunnyDay|[upkeep]\n|-heal|p2a: Great Tusk|82\/100|[from] Grassy Terrain\n|-heal|p2a: Great Tusk|88\/100|[from] item: Leftovers\n|-heal|p1a: Dragapult|82\/100 brn|[from] Grassy Terrain\n|-damage|p1a: Dragapult|76\/100 brn|[from] brn\n|-fieldend|move: Grassy Terrain\n|upkeep\n|turn|20\n|inactive|pok3monjake has 20 seconds left this turn.\n|inactive|pok3monjake has 15 seconds left.\n|\n|t:|1699905854\n|move|p2a: Great Tusk|Ice Spinner|p1a: Dragapult\n|-supereffective|p1a: Dragapult\n|-damage|p1a: Dragapult|0 fnt\n|faint|p1a: Dragapult\n|\n|-weather|SunnyDay|[upkeep]\n|-heal|p2a: Great Tusk|94\/100|[from] item: Leftovers\n|upkeep\n|inactive|pok3monjake has 20 seconds left this turn.\n|\n|t:|1699905860\n|switch|p1a: Iron Valiant|Iron Valiant|100\/100\n|-damage|p1a: Iron Valiant|94\/100|[from] Stealth Rock\n|-enditem|p1a: Iron Valiant|Booster Energy\n|-activate|p1a: Iron Valiant|ability: Quark Drive|[fromitem]\n|-start|p1a: Iron Valiant|quarkdrivespe\n|turn|21\n|inactive|pok3monjake has 30 seconds left this turn.\n|\n|t:|1699905865\n|move|p1a: Iron Valiant|Aura Sphere|p2a: Great Tusk\n|-supereffective|p2a: Great Tusk\n|-damage|p2a: Great Tusk|0 fnt\n|faint|p2a: Great Tusk\n|-end|p2a: Great Tusk|Protosynthesis|[silent]\n|\n|-weather|SunnyDay|[upkeep]\n|upkeep\n|inactive|pok3monjake has 30 seconds left this turn.\n|inactive|pok3monjake has 20 seconds left.\n|\n|t:|1699905877\n|switch|p2a: Heatran|Heatran, F|100\/100\n|-item|p2a: Heatran|Air Balloon\n|turn|22\n|inactive|pok3monjake has 30 seconds left this turn.\n|\n|t:|1699905881\n|-end|p1a: Iron Valiant|Quark Drive|[silent]\n|switch|p1a: Samurott|Samurott-Hisui, F|69\/100\n|-damage|p1a: Samurott|57\/100|[from] Stealth Rock\n|move|p2a: Heatran|Flash Cannon|p1a: Samurott\n|-resisted|p1a: Samurott\n|-damage|p1a: Samurott|42\/100\n|\n|-weather|none\n|upkeep\n|turn|23\n|\n|t:|1699905890\n|switch|p2a: Torkoal|Torkoal, F|94\/100\n|-damage|p2a: Torkoal|69\/100|[from] Spikes\n|-weather|SunnyDay|[from] ability: Drought|[of] p2a: Torkoal\n|move|p1a: Samurott|Razor Shell|p2a: Torkoal\n|-supereffective|p2a: Torkoal\n|-damage|p2a: Torkoal|35\/100\n|\n|-weather|SunnyDay|[upkeep]\n|-sideend|p1: Delfar|move: Light Screen\n|upkeep\n|turn|24\n|\n|t:|1699905897\n|move|p1a: Samurott|Razor Shell|p2a: Torkoal\n|-supereffective|p2a: Torkoal\n|-damage|p2a: Torkoal|2\/100\n|move|p2a: Torkoal|Rapid Spin|p1a: Samurott\n|-damage|p1a: Samurott|32\/100\n|-boost|p2a: Torkoal|spe|1\n|-sideend|p2: pok3monjake|Spikes|[from] move: Rapid Spin|[of] p2a: Torkoal\n|\n|-weather|SunnyDay|[upkeep]\n|upkeep\n|turn|25\n|\n|t:|1699905903\n|move|p1a: Samurott|Ceaseless Edge|p2a: Torkoal\n|-damage|p2a: Torkoal|0 fnt\n|-sidestart|p2: pok3monjake|Spikes\n|faint|p2a: Torkoal\n|\n|-weather|SunnyDay|[upkeep]\n|upkeep\n|\n|t:|1699905907\n|switch|p2a: Walking Wake|Walking Wake|100\/100\n|-damage|p2a: Walking Wake|88\/100|[from] Spikes\n|-activate|p2a: Walking Wake|ability: Protosynthesis\n|-start|p2a: Walking Wake|protosynthesisspe\n|turn|26\n|\n|t:|1699905911\n|move|p1a: Samurott|Sucker Punch|p2a: Walking Wake\n|-damage|p2a: Walking Wake|50\/100\n|move|p2a: Walking Wake|Hydro Steam|p1a: Samurott\n|-resisted|p1a: Samurott\n|-damage|p1a: Samurott|0 fnt\n|faint|p1a: Samurott\n|\n|-weather|SunnyDay|[upkeep]\n|upkeep\n|\n|t:|1699905914\n|switch|p1a: Iron Valiant|Iron Valiant|94\/100\n|-damage|p1a: Iron Valiant|88\/100|[from] Stealth Rock\n|turn|27\n|\n|t:|1699905917\n|-terastallize|p1a: Iron Valiant|Steel\n|move|p2a: Walking Wake|Hydro Steam|p1a: Iron Valiant\n|-damage|p1a: Iron Valiant|0 fnt\n|faint|p1a: Iron Valiant\n|-end|p1a: Iron Valiant|Quark Drive|[silent]\n|\n|win|pok3monjake\n|raw|Delfar's rating: 1561 &rarr; <strong>1546<\/strong><br \/>(-15 for losing)\n|raw|pok3monjake's rating: 1643 &rarr; <strong>1658<\/strong><br \/>(+15 for winning)\n","uploadtime":1699905921,"views":12,"p1id":"delfar","p2id":"pok3monjake","formatid":"gen9ou","rating":1546,"private":0,"password":""}