{"id":"gen9ou-1994818707","p1":"bobby00120","p2":"Herris456","format":"[Gen 9] OU","log":"|j|\u2606bobby00120\n|j|\u2606Herris456\n|t:|1700495679\n|gametype|singles\n|player|p1|bobby00120|pokefanf-gen4|1307\n|player|p2|Herris456|pokekid|1328\n|teamsize|p1|6\n|teamsize|p2|6\n|gen|9\n|tier|[Gen 9] OU\n|rated|\n|rule|Sleep Clause Mod: Limit one foe put to sleep\n|rule|Species Clause: Limit one of each Pok\u00e9mon\n|rule|OHKO Clause: OHKO moves are banned\n|rule|Evasion Items Clause: Evasion items are banned\n|rule|Evasion Moves Clause: Evasion moves are banned\n|rule|Endless Battle Clause: Forcing endless battles is banned\n|rule|HP Percentage Mod: HP is shown in percentages\n|clearpoke\n|poke|p1|Goodra-Hisui, M|\n|poke|p1|Landorus-Therian, M|\n|poke|p1|Sinistcha|\n|poke|p1|Cinderace, F|\n|poke|p1|Dragapult, M|\n|poke|p1|Azumarill, M|\n|poke|p2|Amoonguss, F|\n|poke|p2|Great Tusk|\n|poke|p2|Enamorus-Therian, F|\n|poke|p2|Kingambit, M|\n|poke|p2|Cinderace, F|\n|poke|p2|Rotom-Wash|\n|teampreview\n|inactive|Battle timer is ON: inactive players will automatically lose when time's up. (requested by bobby00120)\n|inactive|bobby00120 has 120 seconds left.\n|inactive|bobby00120 has 90 seconds left.\n|\n|t:|1700495769\n|start\n|switch|p1a: Dragapult|Dragapult, M|100\/100\n|switch|p2a: Amoonguss|Amoonguss, F|100\/100\n|turn|1\n|\n|t:|1700495783\n|move|p1a: Dragapult|Substitute|p1a: Dragapult\n|-start|p1a: Dragapult|Substitute\n|-damage|p1a: Dragapult|76\/100\n|move|p2a: Amoonguss|Sludge Bomb|p1a: Dragapult\n|-resisted|p1a: Dragapult\n|-end|p1a: Dragapult|Substitute\n|\n|-heal|p1a: Dragapult|82\/100|[from] item: Leftovers\n|upkeep\n|turn|2\n|\n|t:|1700495789\n|switch|p1a: Goodra|Goodra-Hisui, M|100\/100\n|move|p2a: Amoonguss|Sludge Bomb|p1a: Goodra\n|-immune|p1a: Goodra\n|\n|upkeep\n|turn|3\n|\n|t:|1700495796\n|move|p1a: Goodra|Fire Blast|p2a: Amoonguss\n|-supereffective|p2a: Amoonguss\n|-damage|p2a: Amoonguss|33\/100\n|-status|p2a: Amoonguss|brn\n|-enditem|p2a: Amoonguss|Red Card|[of] p1a: Goodra\n|drag|p1a: Dragapult|Dragapult, M|82\/100\n|move|p2a: Amoonguss|Spore|p1a: Dragapult\n|-status|p1a: Dragapult|slp|[from] move: Spore\n|\n|-heal|p1a: Dragapult|88\/100 slp|[from] item: Leftovers\n|-damage|p2a: Amoonguss|27\/100 brn|[from] brn\n|upkeep\n|turn|4\n|\n|t:|1700495805\n|switch|p2a: Rotom|Rotom-Wash|100\/100\n|cant|p1a: Dragapult|slp\n|\n|-heal|p1a: Dragapult|94\/100 slp|[from] item: Leftovers\n|upkeep\n|turn|5\n|\n|t:|1700495811\n|-curestatus|p1a: Dragapult|slp|[msg]\n|move|p1a: Dragapult|Dragon Darts|p2a: Rotom\n|-damage|p2a: Rotom|76\/100\n|-anim|p1a: Dragapult|Dragon Darts|p2a: Rotom\n|-damage|p2a: Rotom|55\/100\n|move|p2a: Rotom|Light Screen|p2a: Rotom\n|-sidestart|p2: Herris456|move: Light Screen\n|\n|-heal|p1a: Dragapult|99\/100|[from] item: Leftovers\n|upkeep\n|turn|6\n|\n|t:|1700495816\n|move|p1a: Dragapult|Substitute|p1a: Dragapult\n|-start|p1a: Dragapult|Substitute\n|-damage|p1a: Dragapult|75\/100\n|move|p2a: Rotom|Reflect|p2a: Rotom\n|-sidestart|p2: Herris456|Reflect\n|\n|-heal|p1a: Dragapult|81\/100|[from] item: Leftovers\n|upkeep\n|turn|7\n|\n|t:|1700495819\n|move|p1a: Dragapult|Will-O-Wisp|p2a: Rotom|[miss]\n|-miss|p1a: Dragapult|p2a: Rotom\n|move|p2a: Rotom|Volt Switch|p1a: Dragapult\n|-resisted|p1a: Dragapult\n|-activate|p1a: Dragapult|move: Substitute|[damage]\n|\n|t:|1700495825\n|switch|p2a: Cinderace|Cinderace, F|100\/100|[from] Volt Switch\n|\n|-heal|p1a: Dragapult|87\/100|[from] item: Leftovers\n|upkeep\n|turn|8\n|\n|t:|1700495829\n|move|p2a: Cinderace|Sucker Punch|p1a: Dragapult\n|-start|p2a: Cinderace|typechange|Dark|[from] ability: Libero\n|-supereffective|p1a: Dragapult\n|-end|p1a: Dragapult|Substitute\n|move|p1a: Dragapult|Dragon Darts|p2a: Cinderace\n|-damage|p2a: Cinderace|69\/100\n|-anim|p1a: Dragapult|Dragon Darts|p2a: Cinderace\n|-damage|p2a: Cinderace|39\/100\n|\n|-heal|p1a: Dragapult|93\/100|[from] item: Leftovers\n|upkeep\n|turn|9\n|\n|t:|1700495844\n|move|p1a: Dragapult|Substitute|p1a: Dragapult\n|-start|p1a: Dragapult|Substitute\n|-damage|p1a: Dragapult|68\/100\n|move|p2a: Cinderace|U-turn|p1a: Dragapult\n|-resisted|p1a: Dragapult\n|-activate|p1a: Dragapult|move: Substitute|[damage]\n|\n|t:|1700495847\n|switch|p2a: Enamorus|Enamorus-Therian, F|100\/100|[from] U-turn\n|\n|-heal|p1a: Dragapult|74\/100|[from] item: Leftovers\n|upkeep\n|turn|10\n|inactive|bobby00120 has 120 seconds left.\n|\n|t:|1700495906\n|switch|p1a: Goodra|Goodra-Hisui, M|100\/100\n|move|p2a: Enamorus|Draining Kiss|p1a: Goodra\n|-damage|p1a: Goodra|90\/100\n|\n|upkeep\n|turn|11\n|\n|t:|1700495912\n|move|p1a: Goodra|Flash Cannon|p2a: Enamorus\n|-supereffective|p2a: Enamorus\n|-damage|p2a: Enamorus|58\/100\n|move|p2a: Enamorus|Taunt|p1a: Goodra\n|-start|p1a: Goodra|move: Taunt\n|\n|-heal|p2a: Enamorus|64\/100|[from] item: Leftovers\n|upkeep\n|turn|12\n|\n|t:|1700495915\n|-terastallize|p2a: Enamorus|Water\n|move|p1a: Goodra|Flash Cannon|p2a: Enamorus\n|-resisted|p2a: Enamorus\n|-damage|p2a: Enamorus|55\/100\n|move|p2a: Enamorus|Calm Mind|p2a: Enamorus\n|-boost|p2a: Enamorus|spa|1\n|-boost|p2a: Enamorus|spd|1\n|\n|-heal|p2a: Enamorus|61\/100|[from] item: Leftovers\n|-sideend|p2: Herris456|move: Light Screen\n|upkeep\n|turn|13\n|\n|t:|1700495925\n|switch|p1a: Sinistcha|Sinistcha|100\/100\n|move|p2a: Enamorus|Draining Kiss|p1a: Sinistcha\n|-crit|p1a: Sinistcha\n|-damage|p1a: Sinistcha|42\/100\n|-heal|p2a: Enamorus|100\/100|[from] drain|[of] p1a: Sinistcha\n|\n|-heal|p1a: Sinistcha|48\/100|[from] item: Leftovers\n|-sideend|p2: Herris456|Reflect\n|upkeep\n|turn|14\n|\n|t:|1700495930\n|move|p1a: Sinistcha|Matcha Gotcha|p2a: Enamorus\n|-supereffective|p2a: Enamorus\n|-damage|p2a: Enamorus|61\/100\n|-heal|p1a: Sinistcha|68\/100|[from] drain|[of] p2a: Enamorus\n|move|p2a: Enamorus|Draining Kiss|p1a: Sinistcha\n|-crit|p1a: Sinistcha\n|-damage|p1a: Sinistcha|6\/100\n|-heal|p2a: Enamorus|100\/100|[from] drain|[of] p1a: Sinistcha\n|\n|-heal|p1a: Sinistcha|12\/100|[from] item: Leftovers\n|upkeep\n|turn|15\n|\n|t:|1700495937\n|move|p1a: Sinistcha|Matcha Gotcha|p2a: Enamorus|[miss]\n|-miss|p1a: Sinistcha|p2a: Enamorus\n|move|p2a: Enamorus|Draining Kiss|p1a: Sinistcha\n|-damage|p1a: Sinistcha|0 fnt\n|faint|p1a: Sinistcha\n|\n|upkeep\n|l|\u2606bobby00120\n|inactive|bobby00120 disconnected and has a minute to reconnect!\n|player|p1|\n|c|\u2606Herris456|Ggs?\n|inactive|bobby00120 has 30 seconds to reconnect!\n|inactive|bobby00120 has 20 seconds to reconnect!\n|inactive|bobby00120 has 15 seconds to reconnect!\n|inactive|bobby00120 has 10 seconds to reconnect!\n|inactive|bobby00120 has 5 seconds to reconnect!\n|-message|bobby00120 lost due to inactivity.\n|\n|win|Herris456\n|raw|bobby00120's rating: 1307 &rarr; <strong>1288<\/strong><br \/>(-19 for losing)\n|raw|Herris456's rating: 1328 &rarr; <strong>1347<\/strong><br \/>(+19 for winning)\n","uploadtime":1700496002,"views":6,"p1id":"bobby00120","p2id":"herris456","formatid":"gen9ou","rating":1288,"private":0,"password":""}