{"id":"gen9ou-1992427399","p1":"dumass777","p2":"Geekco","format":"[Gen 9] OU","log":"|j|\u2606dumass777\n|j|\u2606Geekco\n|t:|1700186305\n|gametype|singles\n|player|p1|dumass777|rei|1374\n|player|p2|Geekco|calem-masters|1273\n|teamsize|p1|6\n|teamsize|p2|6\n|gen|9\n|tier|[Gen 9] OU\n|rated|\n|rule|Sleep Clause Mod: Limit one foe put to sleep\n|rule|Species Clause: Limit one of each Pok\u00e9mon\n|rule|OHKO Clause: OHKO moves are banned\n|rule|Evasion Items Clause: Evasion items are banned\n|rule|Evasion Moves Clause: Evasion moves are banned\n|rule|Endless Battle Clause: Forcing endless battles is banned\n|rule|HP Percentage Mod: HP is shown in percentages\n|clearpoke\n|poke|p1|Corviknight, M|\n|poke|p1|Milotic, F|\n|poke|p1|Ceruledge, M|\n|poke|p1|Orthworm, M|\n|poke|p1|Ting-Lu|\n|poke|p1|Dragapult, F|\n|poke|p2|Iron Moth|\n|poke|p2|Ogerpon-Wellspring, F|\n|poke|p2|Enamorus, F|\n|poke|p2|Dragonite, M|\n|poke|p2|Gholdengo|\n|poke|p2|Iron Treads|\n|teampreview\n|inactive|Battle timer is ON: inactive players will automatically lose when time's up. (requested by Geekco)\n|c|\u2606dumass777|Good luck fam\n|c|\u2606Geekco|tk u2\n|\n|t:|1700186329\n|start\n|switch|p1a: Dragapult|Dragapult, F|100\/100\n|switch|p2a: Iron Moth|Iron Moth|100\/100\n|-enditem|p2a: Iron Moth|Booster Energy\n|-activate|p2a: Iron Moth|ability: Quark Drive|[fromitem]\n|-start|p2a: Iron Moth|quarkdrivespe\n|turn|1\n|\n|t:|1700186341\n|switch|p1a: Cynthia|Milotic, F|100\/100\n|move|p2a: Iron Moth|Dazzling Gleam|p1a: Cynthia\n|-damage|p1a: Cynthia|85\/100\n|\n|upkeep\n|turn|2\n|\n|t:|1700186347\n|move|p2a: Iron Moth|Substitute|p2a: Iron Moth\n|-start|p2a: Iron Moth|Substitute\n|-damage|p2a: Iron Moth|75\/100\n|move|p1a: Cynthia|Mirror Coat||[still]\n|-fail|p1a: Cynthia\n|\n|upkeep\n|turn|3\n|\n|t:|1700186354\n|move|p2a: Iron Moth|Fiery Dance|p1a: Cynthia\n|-resisted|p1a: Cynthia\n|-damage|p1a: Cynthia|73\/100\n|-boost|p2a: Iron Moth|spa|1\n|move|p1a: Cynthia|Mirror Coat|p2a: Iron Moth\n|-end|p2a: Iron Moth|Substitute\n|\n|upkeep\n|turn|4\n|\n|t:|1700186361\n|move|p2a: Iron Moth|Substitute|p2a: Iron Moth\n|-start|p2a: Iron Moth|Substitute\n|-damage|p2a: Iron Moth|50\/100\n|move|p1a: Cynthia|Scald|p2a: Iron Moth\n|-supereffective|p2a: Iron Moth\n|-end|p2a: Iron Moth|Substitute\n|\n|upkeep\n|turn|5\n|\n|t:|1700186369\n|-end|p2a: Iron Moth|Quark Drive|[silent]\n|switch|p2a: Ogerpon|Ogerpon-Wellspring, F|100\/100\n|move|p1a: Cynthia|Mirror Coat||[still]\n|-fail|p1a: Cynthia\n|\n|upkeep\n|turn|6\n|\n|t:|1700186379\n|switch|p1a: Metaknight|Corviknight, M|100\/100\n|-ability|p1a: Metaknight|Pressure\n|move|p2a: Ogerpon|Swords Dance|p2a: Ogerpon\n|-boost|p2a: Ogerpon|atk|2\n|\n|upkeep\n|turn|7\n|inactive|dumass777 has 120 seconds left.\n|inactive|dumass777 has 90 seconds left.\n|\n|t:|1700186440\n|move|p2a: Ogerpon|Ivy Cudgel|p1a: Metaknight|[anim] Ivy Cudgel Water\n|-damage|p1a: Metaknight|34\/100\n|move|p1a: Metaknight|Brave Bird|p2a: Ogerpon\n|-supereffective|p2a: Ogerpon\n|-damage|p2a: Ogerpon|5\/100\n|-damage|p1a: Metaknight|10\/100|[from] Recoil\n|\n|upkeep\n|turn|8\n|\n|t:|1700186447\n|move|p2a: Ogerpon|Ivy Cudgel|p1a: Metaknight|[anim] Ivy Cudgel Water\n|-damage|p1a: Metaknight|0 fnt\n|faint|p1a: Metaknight\n|\n|upkeep\n|\n|t:|1700186449\n|switch|p1a: Dragapult|Dragapult, F|100\/100\n|turn|9\n|\n|t:|1700186455\n|move|p1a: Dragapult|U-turn|p2a: Ogerpon\n|-supereffective|p2a: Ogerpon\n|-damage|p2a: Ogerpon|0 fnt\n|faint|p2a: Ogerpon\n|\n|t:|1700186468\n|switch|p1a: Brown Nose|Orthworm, M|100\/100|[from] U-turn\n|\n|upkeep\n|\n|t:|1700186472\n|switch|p2a: Iron Treads|Iron Treads|100\/100\n|-enditem|p2a: Iron Treads|Booster Energy\n|-activate|p2a: Iron Treads|ability: Quark Drive|[fromitem]\n|-start|p2a: Iron Treads|quarkdrivespe\n|turn|10\n|\n|t:|1700186479\n|move|p2a: Iron Treads|Stealth Rock|p1a: Brown Nose\n|-sidestart|p1: dumass777|move: Stealth Rock\n|move|p1a: Brown Nose|Coil|p1a: Brown Nose\n|-boost|p1a: Brown Nose|atk|1\n|-boost|p1a: Brown Nose|def|1\n|-boost|p1a: Brown Nose|accuracy|1\n|\n|upkeep\n|turn|11\n|\n|t:|1700186486\n|move|p2a: Iron Treads|Knock Off|p1a: Brown Nose\n|-damage|p1a: Brown Nose|88\/100\n|-enditem|p1a: Brown Nose|Leftovers|[from] move: Knock Off|[of] p2a: Iron Treads\n|move|p1a: Brown Nose|Substitute|p1a: Brown Nose\n|-start|p1a: Brown Nose|Substitute\n|-damage|p1a: Brown Nose|63\/100\n|\n|upkeep\n|turn|12\n|\n|t:|1700186497\n|-end|p2a: Iron Treads|Quark Drive|[silent]\n|switch|p2a: Gholdengo|Gholdengo|100\/100\n|move|p1a: Brown Nose|Coil|p1a: Brown Nose\n|-boost|p1a: Brown Nose|atk|1\n|-boost|p1a: Brown Nose|def|1\n|-boost|p1a: Brown Nose|accuracy|1\n|\n|upkeep\n|turn|13\n|\n|t:|1700186505\n|move|p2a: Gholdengo|Focus Blast|p1a: Brown Nose\n|-supereffective|p1a: Brown Nose\n|-end|p1a: Brown Nose|Substitute\n|move|p1a: Brown Nose|Earthquake|p2a: Gholdengo\n|-supereffective|p2a: Gholdengo\n|-damage|p2a: Gholdengo|0 fnt\n|faint|p2a: Gholdengo\n|\n|upkeep\n|\n|t:|1700186520\n|switch|p2a: Iron Moth|Iron Moth|50\/100\n|turn|14\n|\n|t:|1700186523\n|switch|p1a: Zoro.2|Ceruledge, M|100\/100\n|move|p2a: Iron Moth|Fiery Dance|p1a: Zoro.2\n|-start|p1a: Zoro.2|ability: Flash Fire\n|\n|upkeep\n|turn|15\n|\n|t:|1700186533\n|-end|p2a: Iron Moth|Quark Drive|[silent]\n|switch|p2a: Iron Treads|Iron Treads|100\/100\n|move|p1a: Zoro.2|Bulk Up|p1a: Zoro.2\n|-boost|p1a: Zoro.2|atk|1\n|-boost|p1a: Zoro.2|def|1\n|\n|upkeep\n|turn|16\n|\n|t:|1700186540\n|-terastallize|p1a: Zoro.2|Bug\n|move|p2a: Iron Treads|Knock Off|p1a: Zoro.2\n|-damage|p1a: Zoro.2|80\/100\n|-enditem|p1a: Zoro.2|Heavy-Duty Boots|[from] move: Knock Off|[of] p2a: Iron Treads\n|move|p1a: Zoro.2|Bulk Up|p1a: Zoro.2\n|-boost|p1a: Zoro.2|atk|1\n|-boost|p1a: Zoro.2|def|1\n|\n|upkeep\n|turn|17\n|\n|t:|1700186551\n|move|p2a: Iron Treads|Earthquake|p1a: Zoro.2\n|-resisted|p1a: Zoro.2\n|-damage|p1a: Zoro.2|70\/100\n|move|p1a: Zoro.2|Bitter Blade|p2a: Iron Treads\n|-supereffective|p2a: Iron Treads\n|-damage|p2a: Iron Treads|0 fnt\n|-heal|p1a: Zoro.2|100\/100|[from] drain|[of] p2a: Iron Treads\n|faint|p2a: Iron Treads\n|-end|p2a: Iron Treads|Quark Drive|[silent]\n|\n|upkeep\n|\n|t:|1700186561\n|switch|p2a: Dragonite|Dragonite, M|100\/100\n|turn|18\n|\n|t:|1700186572\n|move|p2a: Dragonite|Dragon Dance|p2a: Dragonite\n|-boost|p2a: Dragonite|atk|1\n|-boost|p2a: Dragonite|spe|1\n|move|p1a: Zoro.2|Bitter Blade|p2a: Dragonite\n|-resisted|p2a: Dragonite\n|-damage|p2a: Dragonite|67\/100\n|\n|upkeep\n|turn|19\n|\n|t:|1700186581\n|move|p2a: Dragonite|Dragon Dance|p2a: Dragonite\n|-boost|p2a: Dragonite|atk|1\n|-boost|p2a: Dragonite|spe|1\n|move|p1a: Zoro.2|Bitter Blade|p2a: Dragonite\n|-resisted|p2a: Dragonite\n|-damage|p2a: Dragonite|0 fnt\n|faint|p2a: Dragonite\n|\n|upkeep\n|c|\u2606dumass777|gg\n|c|\u2606Geekco|yeah its finish already\n|\n|t:|1700186602\n|switch|p2a: Enamorus|Enamorus, F|100\/100\n|turn|20\n|\n|t:|1700186610\n|-terastallize|p2a: Enamorus|Steel\n|move|p2a: Enamorus|Moonblast|p1a: Zoro.2\n|-damage|p1a: Zoro.2|59\/100\n|move|p1a: Zoro.2|Bitter Blade|p2a: Enamorus\n|-supereffective|p2a: Enamorus\n|-crit|p2a: Enamorus\n|-damage|p2a: Enamorus|0 fnt\n|-heal|p1a: Zoro.2|99\/100|[from] drain|[of] p2a: Enamorus\n|faint|p2a: Enamorus\n|\n|upkeep\n|\n|t:|1700186620\n|switch|p2a: Iron Moth|Iron Moth|50\/100\n|turn|21\n|\n|t:|1700186623\n|move|p2a: Iron Moth|Sludge Wave|p1a: Zoro.2\n|-damage|p1a: Zoro.2|63\/100\n|move|p1a: Zoro.2|Bitter Blade|p2a: Iron Moth\n|-resisted|p2a: Iron Moth\n|-crit|p2a: Iron Moth\n|-damage|p2a: Iron Moth|0 fnt\n|-heal|p1a: Zoro.2|86\/100|[from] drain|[of] p2a: Iron Moth\n|faint|p2a: Iron Moth\n|-end|p2a: Iron Moth|Quark Drive|[silent]\n|\n|win|dumass777\n|raw|dumass777's rating: 1374 &rarr; <strong>1388<\/strong><br \/>(+14 for winning)\n|raw|Geekco's rating: 1273 &rarr; <strong>1255<\/strong><br \/>(-18 for losing)\n|l|\u2606Geekco\n","uploadtime":1700186636,"views":7,"p1id":"dumass777","p2id":"geekco","formatid":"gen9ou","rating":1255,"private":0,"password":""}