{"id":"gen9ou-1997230272","p1":"0rTheSpecial0ne\u203d","p2":"uncouth beast","format":"[Gen 9] OU","log":"|j|\u26060rTheSpecial0ne\u203d\n|j|\u2606uncouth beast\n|t:|1700778119\n|gametype|singles\n|player|p1|0rTheSpecial0ne\u203d|teammates|1342\n|player|p2|uncouth beast|linebacker|1276\n|teamsize|p1|6\n|teamsize|p2|6\n|gen|9\n|tier|[Gen 9] OU\n|rated|\n|rule|Sleep Clause Mod: Limit one foe put to sleep\n|rule|Species Clause: Limit one of each Pok\u00e9mon\n|rule|OHKO Clause: OHKO moves are banned\n|rule|Evasion Items Clause: Evasion items are banned\n|rule|Evasion Moves Clause: Evasion moves are banned\n|rule|Endless Battle Clause: Forcing endless battles is banned\n|rule|HP Percentage Mod: HP is shown in percentages\n|clearpoke\n|poke|p1|Great Tusk|\n|poke|p1|Cresselia, F|\n|poke|p1|Hatterene, F|\n|poke|p1|Zamazenta-*|\n|poke|p1|Ting-Lu|\n|poke|p1|Zapdos|\n|poke|p2|Gholdengo|\n|poke|p2|Ribombee, F|\n|poke|p2|Ogerpon-Cornerstone, F|\n|poke|p2|Ceruledge, F|\n|poke|p2|Iron Treads|\n|poke|p2|Rillaboom, F|\n|teampreview\n|inactive|Battle timer is ON: inactive players will automatically lose when time's up. (requested by 0rTheSpecial0ne\u203d)\n|\n|t:|1700778124\n|start\n|switch|p1a: Ting-Lu|Ting-Lu|100\/100\n|switch|p2a: bee movie|Ribombee, F|100\/100\n|-ability|p1a: Ting-Lu|Vessel of Ruin\n|turn|1\n|\n|t:|1700778133\n|switch|p1a: Hatterene|Hatterene, F, shiny|100\/100\n|move|p2a: bee movie|Sticky Web|p1a: Hatterene\n|move|p1a: Hatterene|Sticky Web|p2a: bee movie|[from]ability: Magic Bounce\n|-sidestart|p2: uncouth beast|move: Sticky Web\n|\n|upkeep\n|turn|2\n|c|\u2606uncouth beast|damn it\n|\n|t:|1700778144\n|move|p2a: bee movie|Light Screen|p2a: bee movie\n|-sidestart|p2: uncouth beast|move: Light Screen\n|move|p1a: Hatterene|Psyshock|p2a: bee movie\n|-damage|p2a: bee movie|51\/100\n|\n|upkeep\n|turn|3\n|\n|t:|1700778150\n|switch|p2a: Iron Guy|Iron Treads|100\/100\n|-activate|p2a: Iron Guy|move: Sticky Web\n|-unboost|p2a: Iron Guy|spe|1\n|move|p1a: Hatterene|Psyshock|p2a: Iron Guy\n|-resisted|p2a: Iron Guy\n|-damage|p2a: Iron Guy|91\/100\n|\n|-heal|p2a: Iron Guy|98\/100|[from] item: Leftovers\n|upkeep\n|turn|4\n|\n|t:|1700778156\n|switch|p1a: Zapdos|Zapdos, shiny|100\/100\n|-ability|p1a: Zapdos|Pressure\n|move|p2a: Iron Guy|Rapid Spin|p1a: Zapdos\n|-damage|p1a: Zapdos|86\/100\n|-boost|p2a: Iron Guy|spe|1\n|-sideend|p2: uncouth beast|Sticky Web|[from] move: Rapid Spin|[of] p2a: Iron Guy\n|\n|-heal|p2a: Iron Guy|100\/100|[from] item: Leftovers\n|upkeep\n|turn|5\n|\n|t:|1700778164\n|move|p2a: Iron Guy|Stealth Rock|p1a: Zapdos\n|-sidestart|p1: 0rTheSpecial0ne\u203d|move: Stealth Rock\n|move|p1a: Zapdos|Heat Wave|p2a: Iron Guy\n|-supereffective|p2a: Iron Guy\n|-damage|p2a: Iron Guy|68\/100\n|\n|-heal|p2a: Iron Guy|74\/100|[from] item: Leftovers\n|upkeep\n|turn|6\n|\n|t:|1700778172\n|switch|p1a: Great Tusk|Great Tusk, shiny|100\/100\n|-damage|p1a: Great Tusk|98\/100|[from] Stealth Rock\n|move|p2a: Iron Guy|Knock Off|p1a: Great Tusk\n|-resisted|p1a: Great Tusk\n|-damage|p1a: Great Tusk|91\/100\n|-damage|p2a: Iron Guy|58\/100|[from] item: Rocky Helmet|[of] p1a: Great Tusk\n|-enditem|p1a: Great Tusk|Rocky Helmet|[from] move: Knock Off|[of] p2a: Iron Guy\n|\n|-heal|p2a: Iron Guy|64\/100|[from] item: Leftovers\n|-sideend|p2: uncouth beast|move: Light Screen\n|upkeep\n|turn|7\n|\n|t:|1700778192\n|-end|p2a: Iron Guy|Quark Drive|[silent]\n|switch|p2a: Rillaboom|Rillaboom, F|100\/100\n|-fieldstart|move: Grassy Terrain|[from] ability: Grassy Surge|[of] p2a: Rillaboom\n|move|p1a: Great Tusk|Rapid Spin|p2a: Rillaboom\n|-damage|p2a: Rillaboom|87\/100\n|-boost|p1a: Great Tusk|spe|1\n|-sideend|p1: 0rTheSpecial0ne\u203d|Stealth Rock|[from] move: Rapid Spin|[of] p1a: Great Tusk\n|\n|-heal|p1a: Great Tusk|97\/100|[from] Grassy Terrain\n|-heal|p2a: Rillaboom|93\/100|[from] Grassy Terrain\n|upkeep\n|turn|8\n|\n|t:|1700778197\n|move|p2a: Rillaboom|Grassy Glide|p1a: Great Tusk\n|-supereffective|p1a: Great Tusk\n|-damage|p1a: Great Tusk|43\/100\n|move|p1a: Great Tusk|Stealth Rock|p2a: Rillaboom\n|-sidestart|p2: uncouth beast|move: Stealth Rock\n|\n|-heal|p1a: Great Tusk|49\/100|[from] Grassy Terrain\n|-heal|p2a: Rillaboom|99\/100|[from] Grassy Terrain\n|upkeep\n|turn|9\n|\n|t:|1700778201\n|move|p2a: Rillaboom|Grassy Glide|p1a: Great Tusk\n|-supereffective|p1a: Great Tusk\n|-damage|p1a: Great Tusk|0 fnt\n|faint|p1a: Great Tusk\n|-end|p1a: Great Tusk|Protosynthesis|[silent]\n|\n|-heal|p2a: Rillaboom|100\/100|[from] Grassy Terrain\n|upkeep\n|\n|t:|1700778207\n|switch|p1a: Cresselia|Cresselia, F, shiny|100\/100\n|turn|10\n|\n|t:|1700778220\n|switch|p2a: Iron Guy|Iron Treads|64\/100\n|-damage|p2a: Iron Guy|61\/100|[from] Stealth Rock\n|-terastallize|p1a: Cresselia|Poison\n|move|p1a: Cresselia|Calm Mind|p1a: Cresselia\n|-boost|p1a: Cresselia|spa|1\n|-boost|p1a: Cresselia|spd|1\n|\n|-heal|p2a: Iron Guy|67\/100|[from] Grassy Terrain\n|-heal|p2a: Iron Guy|73\/100|[from] item: Leftovers\n|upkeep\n|turn|11\n|\n|t:|1700778230\n|move|p2a: Iron Guy|Rapid Spin|p1a: Cresselia\n|-damage|p1a: Cresselia|93\/100\n|-boost|p2a: Iron Guy|spe|1\n|-sideend|p2: uncouth beast|Stealth Rock|[from] move: Rapid Spin|[of] p2a: Iron Guy\n|move|p1a: Cresselia|Calm Mind|p1a: Cresselia\n|-boost|p1a: Cresselia|spa|1\n|-boost|p1a: Cresselia|spd|1\n|\n|-heal|p2a: Iron Guy|79\/100|[from] Grassy Terrain\n|-heal|p2a: Iron Guy|86\/100|[from] item: Leftovers\n|-heal|p1a: Cresselia|99\/100|[from] item: Leftovers\n|-fieldend|move: Grassy Terrain\n|upkeep\n|turn|12\n|\n|t:|1700778233\n|move|p2a: Iron Guy|Knock Off|p1a: Cresselia\n|-damage|p1a: Cresselia|85\/100\n|-enditem|p1a: Cresselia|Leftovers|[from] move: Knock Off|[of] p2a: Iron Guy\n|move|p1a: Cresselia|Calm Mind|p1a: Cresselia\n|-boost|p1a: Cresselia|spa|1\n|-boost|p1a: Cresselia|spd|1\n|\n|-heal|p2a: Iron Guy|92\/100|[from] item: Leftovers\n|upkeep\n|turn|13\n|\n|t:|1700778241\n|-end|p2a: Iron Guy|Quark Drive|[silent]\n|switch|p2a: bee movie|Ribombee, F|51\/100\n|move|p1a: Cresselia|Calm Mind|p1a: Cresselia\n|-boost|p1a: Cresselia|spa|1\n|-boost|p1a: Cresselia|spd|1\n|\n|upkeep\n|turn|14\n|\n|t:|1700778245\n|move|p2a: bee movie|Light Screen|p2a: bee movie\n|-sidestart|p2: uncouth beast|move: Light Screen\n|move|p1a: Cresselia|Calm Mind|p1a: Cresselia\n|-boost|p1a: Cresselia|spa|1\n|-boost|p1a: Cresselia|spd|1\n|\n|upkeep\n|turn|15\n|\n|t:|1700778248\n|move|p2a: bee movie|Reflect|p2a: bee movie\n|-sidestart|p2: uncouth beast|Reflect\n|move|p1a: Cresselia|Calm Mind|p1a: Cresselia\n|-boost|p1a: Cresselia|spa|1\n|-boost|p1a: Cresselia|spd|1\n|\n|upkeep\n|turn|16\n|\n|t:|1700778263\n|move|p2a: bee movie|Sticky Web|p1a: Cresselia\n|-sidestart|p1: 0rTheSpecial0ne\u203d|move: Sticky Web\n|move|p1a: Cresselia|Stored Power|p2a: bee movie\n|-damage|p2a: bee movie|0 fnt\n|faint|p2a: bee movie\n|\n|upkeep\n|\n|t:|1700778272\n|switch|p2a: anti-tusk|Ceruledge, F|100\/100\n|turn|17\n|\n|t:|1700778279\n|move|p2a: anti-tusk|Bitter Blade|p1a: Cresselia\n|-damage|p1a: Cresselia|60\/100\n|move|p1a: Cresselia|Stored Power|p2a: anti-tusk\n|-enditem|p2a: anti-tusk|Focus Sash\n|-damage|p2a: anti-tusk|1\/100\n|\n|upkeep\n|turn|18\n|\n|t:|1700778286\n|move|p2a: anti-tusk|Destiny Bond|p2a: anti-tusk\n|-singlemove|p2a: anti-tusk|Destiny Bond\n|move|p1a: Cresselia|Moonlight|p1a: Cresselia\n|-heal|p1a: Cresselia|100\/100\n|\n|-sideend|p2: uncouth beast|move: Light Screen\n|upkeep\n|turn|19\n|-message|uncouth beast forfeited.\n|\n|win|0rTheSpecial0ne\u203d\n|raw|0rTheSpecial0ne\u203d's rating: 1342 &rarr; <strong>1358<\/strong><br \/>(+16 for winning)\n|raw|uncouth beast's rating: 1276 &rarr; <strong>1256<\/strong><br \/>(-20 for losing)\n|l|\u2606uncouth beast\n|c|\u26060rTheSpecial0ne\u203d|xDDDDDDDDDDD\n","uploadtime":1700778300,"views":11,"p1id":"0rthespecial0ne","p2id":"uncouthbeast","formatid":"gen9ou","rating":1256,"private":0,"password":""}