{"id":"gen9ou-1993231565","p1":"Vu~Anpi !!","p2":"naughtymm","format":"[Gen 9] OU","log":"|j|\u2606Vu~Anpi !!\n|j|\u2606naughtymm\n|t:|1700281444\n|gametype|singles\n|player|p1|Vu~Anpi !!|iono|1291\n|player|p2|naughtymm|richboy-gen4|1232\n|teamsize|p1|6\n|teamsize|p2|6\n|gen|9\n|tier|[Gen 9] OU\n|rated|\n|rule|Sleep Clause Mod: Limit one foe put to sleep\n|rule|Species Clause: Limit one of each Pok\u00e9mon\n|rule|OHKO Clause: OHKO moves are banned\n|rule|Evasion Items Clause: Evasion items are banned\n|rule|Evasion Moves Clause: Evasion moves are banned\n|rule|Endless Battle Clause: Forcing endless battles is banned\n|rule|HP Percentage Mod: HP is shown in percentages\n|clearpoke\n|poke|p1|Ribombee, M|\n|poke|p1|Ogerpon-Wellspring, F|\n|poke|p1|Great Tusk|\n|poke|p1|Kingambit, F|\n|poke|p1|Mamoswine, F|\n|poke|p1|Iron Moth|\n|poke|p2|Great Tusk|\n|poke|p2|Walking Wake|\n|poke|p2|Torkoal, M|\n|poke|p2|Gholdengo|\n|poke|p2|Hatterene, F|\n|poke|p2|Leavanny, M|\n|teampreview\n|inactive|Battle timer is ON: inactive players will automatically lose when time's up. (requested by Vu~Anpi !!)\n|inactive|naughtymm also wants the timer to be on.\n|\n|t:|1700281465\n|start\n|switch|p1a: Man|Mamoswine, F|100\/100\n|switch|p2a: Torkoal|Torkoal, M|100\/100\n|-weather|SunnyDay|[from] ability: Drought|[of] p2a: Torkoal\n|turn|1\n|\n|t:|1700281476\n|move|p1a: Man|Trailblaze|p2a: Torkoal\n|-resisted|p2a: Torkoal\n|-damage|p2a: Torkoal|94\/100\n|-boost|p1a: Man|spe|1\n|move|p2a: Torkoal|Lava Plume|p1a: Man\n|-supereffective|p1a: Man\n|-damage|p1a: Man|51\/100\n|\n|-weather|SunnyDay|[upkeep]\n|upkeep\n|turn|2\n|\n|t:|1700281481\n|move|p1a: Man|Earthquake|p2a: Torkoal\n|-supereffective|p2a: Torkoal\n|-damage|p2a: Torkoal|14\/100\n|move|p2a: Torkoal|Lava Plume|p1a: Man\n|-supereffective|p1a: Man\n|-damage|p1a: Man|0 fnt\n|faint|p1a: Man\n|\n|-weather|SunnyDay|[upkeep]\n|upkeep\n|\n|t:|1700281486\n|switch|p1a: Gwen|Ribombee, M|100\/100\n|turn|3\n|\n|t:|1700281490\n|switch|p2a: Hatterene|Hatterene, F|100\/100\n|move|p1a: Gwen|Draining Kiss|p2a: Hatterene\n|-damage|p2a: Hatterene|83\/100\n|-enditem|p2a: Hatterene|Eject Button\n|\n|t:|1700281514\n|switch|p2a: Leavanny|Leavanny, M|100\/100\n|\n|-weather|SunnyDay|[upkeep]\n|upkeep\n|turn|4\n|\n|t:|1700281519\n|switch|p2a: Hatterene|Hatterene, F|83\/100\n|switch|p1a: Mecha Mothra|Iron Moth|100\/100\n|-enditem|p1a: Mecha Mothra|Booster Energy\n|-activate|p1a: Mecha Mothra|ability: Quark Drive|[fromitem]\n|-start|p1a: Mecha Mothra|quarkdrivespa\n|\n|-weather|SunnyDay|[upkeep]\n|upkeep\n|turn|5\n|\n|t:|1700281527\n|-terastallize|p1a: Mecha Mothra|Water\n|move|p1a: Mecha Mothra|Sludge Wave|p2a: Hatterene\n|-supereffective|p2a: Hatterene\n|-damage|p2a: Hatterene|0 fnt\n|faint|p2a: Hatterene\n|\n|-weather|SunnyDay|[upkeep]\n|upkeep\n|\n|t:|1700281536\n|switch|p2a: Leavanny|Leavanny, M|100\/100\n|turn|6\n|\n|t:|1700281544\n|move|p2a: Leavanny|Leaf Blade|p1a: Mecha Mothra\n|-supereffective|p1a: Mecha Mothra\n|-damage|p1a: Mecha Mothra|0 fnt\n|faint|p1a: Mecha Mothra\n|-end|p1a: Mecha Mothra|Quark Drive|[silent]\n|\n|-weather|SunnyDay|[upkeep]\n|upkeep\n|\n|t:|1700281551\n|switch|p1a: Elon Tusk|Great Tusk|100\/100\n|-activate|p1a: Elon Tusk|ability: Protosynthesis\n|-start|p1a: Elon Tusk|protosynthesisatk\n|turn|7\n|\n|t:|1700281556\n|-end|p1a: Elon Tusk|Protosynthesis|[silent]\n|switch|p1a: Gwen|Ribombee, M|100\/100\n|move|p2a: Leavanny|Sticky Web|p1a: Gwen\n|-sidestart|p1: Vu~Anpi !!|move: Sticky Web\n|\n|-weather|SunnyDay|[upkeep]\n|upkeep\n|turn|8\n|\n|t:|1700281566\n|switch|p2a: Walking Wake|Walking Wake|100\/100\n|-activate|p2a: Walking Wake|ability: Protosynthesis\n|-start|p2a: Walking Wake|protosynthesisspa\n|move|p1a: Gwen|Sticky Web|p2a: Walking Wake\n|-sidestart|p2: naughtymm|move: Sticky Web\n|\n|-weather|none\n|-end|p2a: Walking Wake|Protosynthesis\n|upkeep\n|turn|9\n|\n|t:|1700281573\n|-terastallize|p2a: Walking Wake|Water\n|move|p1a: Gwen|Draining Kiss|p2a: Walking Wake\n|-damage|p2a: Walking Wake|82\/100\n|move|p2a: Walking Wake|Hydro Steam|p1a: Gwen\n|-enditem|p1a: Gwen|Focus Sash\n|-damage|p1a: Gwen|1\/100\n|\n|upkeep\n|turn|10\n|\n|t:|1700281577\n|move|p1a: Gwen|Tailwind|p1a: Gwen\n|-sidestart|p1: Vu~Anpi !!|move: Tailwind\n|move|p2a: Walking Wake|Hydro Steam|p1a: Gwen\n|-damage|p1a: Gwen|0 fnt\n|faint|p1a: Gwen\n|\n|upkeep\n|\n|t:|1700281583\n|switch|p1a: Sadge|Ogerpon-Wellspring, F|100\/100\n|-activate|p1a: Sadge|move: Sticky Web\n|-unboost|p1a: Sadge|spe|1\n|turn|11\n|\n|t:|1700281589\n|-end|p2a: Walking Wake|Protosynthesis|[silent]\n|switch|p2a: Torkoal|Torkoal, M|14\/100\n|-activate|p2a: Torkoal|move: Sticky Web\n|-unboost|p2a: Torkoal|spe|1\n|-weather|SunnyDay|[from] ability: Drought|[of] p2a: Torkoal\n|move|p1a: Sadge|Swords Dance|p1a: Sadge\n|-boost|p1a: Sadge|atk|2\n|\n|-weather|SunnyDay|[upkeep]\n|upkeep\n|turn|12\n|\n|t:|1700281594\n|move|p1a: Sadge|Ivy Cudgel|p2a: Torkoal|[anim] Ivy Cudgel Water\n|-supereffective|p2a: Torkoal\n|-damage|p2a: Torkoal|0 fnt\n|faint|p2a: Torkoal\n|\n|-weather|SunnyDay|[upkeep]\n|upkeep\n|\n|t:|1700281620\n|switch|p2a: Gholdengo|Gholdengo|100\/100\n|-item|p2a: Gholdengo|Air Balloon\n|turn|13\n|\n|t:|1700281623\n|move|p1a: Sadge|Knock Off|p2a: Gholdengo\n|-supereffective|p2a: Gholdengo\n|-damage|p2a: Gholdengo|3\/100\n|-enditem|p2a: Gholdengo|Air Balloon\n|move|p2a: Gholdengo|Shadow Ball|p1a: Sadge\n|-damage|p1a: Sadge|62\/100\n|\n|-weather|SunnyDay|[upkeep]\n|-sideend|p1: Vu~Anpi !!|move: Tailwind\n|upkeep\n|turn|14\n|\n|t:|1700281626\n|move|p1a: Sadge|Horn Leech|p2a: Gholdengo\n|-resisted|p2a: Gholdengo\n|-damage|p2a: Gholdengo|0 fnt\n|-heal|p1a: Sadge|64\/100|[from] drain|[of] p2a: Gholdengo\n|faint|p2a: Gholdengo\n|\n|-weather|SunnyDay|[upkeep]\n|upkeep\n|\n|t:|1700281629\n|switch|p2a: Leavanny|Leavanny, M|100\/100\n|turn|15\n|\n|t:|1700281638\n|move|p2a: Leavanny|Leaf Blade|p1a: Sadge\n|-damage|p1a: Sadge|8\/100\n|move|p1a: Sadge|Knock Off|p2a: Leavanny\n|-damage|p2a: Leavanny|0 fnt\n|-enditem|p2a: Leavanny|Heavy-Duty Boots|[from] move: Knock Off|[of] p1a: Sadge\n|faint|p2a: Leavanny\n|\n|-weather|SunnyDay|[upkeep]\n|upkeep\n|\n|t:|1700281647\n|switch|p2a: Walking Wake|Walking Wake, tera:Water|82\/100\n|-activate|p2a: Walking Wake|move: Sticky Web\n|-unboost|p2a: Walking Wake|spe|1\n|-activate|p2a: Walking Wake|ability: Protosynthesis\n|-start|p2a: Walking Wake|protosynthesisspa\n|turn|16\n|\n|t:|1700281649\n|move|p1a: Sadge|Horn Leech|p2a: Walking Wake\n|-supereffective|p2a: Walking Wake\n|-crit|p2a: Walking Wake\n|-damage|p2a: Walking Wake|0 fnt\n|-heal|p1a: Sadge|54\/100|[from] drain|[of] p2a: Walking Wake\n|faint|p2a: Walking Wake\n|-end|p2a: Walking Wake|Protosynthesis|[silent]\n|\n|-weather|SunnyDay|[upkeep]\n|upkeep\n|-message|naughtymm forfeited.\n|\n|win|Vu~Anpi !!\n|raw|Vu~Anpi !!'s rating: 1291 &rarr; <strong>1312<\/strong><br \/>(+21 for winning)\n|raw|naughtymm's rating: 1232 &rarr; <strong>1211<\/strong><br \/>(-21 for losing)\n|l|\u2606naughtymm\n","uploadtime":1700281656,"views":15,"p1id":"vuanpi","p2id":"naughtymm","formatid":"gen9ou","rating":1211,"private":0,"password":""}