{"id":"gen9ou-1993742171","p1":"BDHKMESRR9107","p2":"Chimsweep","format":"[Gen 9] OU","log":"|j|\u2606BDHKMESRR9107\n|j|\u2606Chimsweep\n|t:|1700351835\n|gametype|singles\n|player|p1|BDHKMESRR9107|2|1211\n|player|p2|Chimsweep|psychic|1179\n|teamsize|p1|6\n|teamsize|p2|6\n|gen|9\n|tier|[Gen 9] OU\n|rated|\n|rule|Sleep Clause Mod: Limit one foe put to sleep\n|rule|Species Clause: Limit one of each Pok\u00e9mon\n|rule|OHKO Clause: OHKO moves are banned\n|rule|Evasion Items Clause: Evasion items are banned\n|rule|Evasion Moves Clause: Evasion moves are banned\n|rule|Endless Battle Clause: Forcing endless battles is banned\n|rule|HP Percentage Mod: HP is shown in percentages\n|clearpoke\n|poke|p1|Greninja-*, M|\n|poke|p1|Great Tusk|\n|poke|p1|Glimmora, M|\n|poke|p1|Rillaboom, F|\n|poke|p1|Iron Moth|\n|poke|p1|Kingambit, M|\n|poke|p2|Zapdos-Galar|\n|poke|p2|Grafaiai, F|\n|poke|p2|Kingambit, M|\n|poke|p2|Clefable, F|\n|poke|p2|Alomomola, M|\n|poke|p2|Heatran, F|\n|teampreview\n|inactive|Battle timer is ON: inactive players will automatically lose when time's up. (requested by Chimsweep)\n|\n|t:|1700351853\n|start\n|switch|p1a: Glimmora|Glimmora, M|100\/100\n|switch|p2a: Alomomola|Alomomola, M|100\/100\n|turn|1\n|\n|t:|1700351858\n|move|p1a: Glimmora|Energy Ball|p2a: Alomomola\n|-supereffective|p2a: Alomomola\n|-damage|p2a: Alomomola|62\/100\n|move|p2a: Alomomola|Scald|p1a: Glimmora\n|-supereffective|p1a: Glimmora\n|-damage|p1a: Glimmora|70\/100\n|\n|upkeep\n|turn|2\n|\n|t:|1700351870\n|switch|p2a: Kingambit|Kingambit, M|100\/100\n|move|p1a: Glimmora|Toxic|p2a: Kingambit\n|-status|p2a: Kingambit|tox\n|\n|-damage|p2a: Kingambit|94\/100 tox|[from] psn\n|upkeep\n|turn|3\n|\n|t:|1700351876\n|move|p1a: Glimmora|Spiky Shield|p1a: Glimmora\n|-singleturn|p1a: Glimmora|move: Protect\n|move|p2a: Kingambit|Iron Head|p1a: Glimmora\n|-activate|p1a: Glimmora|move: Protect\n|-damage|p2a: Kingambit|82\/100 tox|[from] Spiky Shield|[of] p1a: Glimmora\n|\n|-damage|p2a: Kingambit|70\/100 tox|[from] psn\n|upkeep\n|turn|4\n|\n|t:|1700351887\n|switch|p1a: Great Tusk|Great Tusk|100\/100\n|move|p2a: Kingambit|Kowtow Cleave|p1a: Great Tusk\n|-resisted|p1a: Great Tusk\n|-damage|p1a: Great Tusk|89\/100\n|-damage|p2a: Kingambit|53\/100 tox|[from] item: Rocky Helmet|[of] p1a: Great Tusk\n|\n|-damage|p2a: Kingambit|34\/100 tox|[from] psn\n|upkeep\n|turn|5\n|\n|t:|1700351894\n|move|p1a: Great Tusk|Headlong Rush|p2a: Kingambit\n|-supereffective|p2a: Kingambit\n|-damage|p2a: Kingambit|0 fnt\n|-unboost|p1a: Great Tusk|def|1\n|-unboost|p1a: Great Tusk|spd|1\n|faint|p2a: Kingambit\n|-end|p2a: Kingambit|fallenundefined|[silent]\n|\n|upkeep\n|\n|t:|1700351921\n|switch|p2a: Zapdos|Zapdos-Galar|100\/100\n|turn|6\n|\n|t:|1700351928\n|move|p2a: Zapdos|Stomping Tantrum|p1a: Great Tusk\n|-damage|p1a: Great Tusk|71\/100\n|-damage|p2a: Zapdos|84\/100|[from] item: Rocky Helmet|[of] p1a: Great Tusk\n|move|p1a: Great Tusk|Ice Spinner|p2a: Zapdos\n|-supereffective|p2a: Zapdos\n|-damage|p2a: Zapdos|34\/100\n|\n|upkeep\n|turn|7\n|\n|t:|1700351935\n|switch|p2a: Alomomola|Alomomola, M|95\/100\n|move|p1a: Great Tusk|Ice Spinner|p2a: Alomomola\n|-resisted|p2a: Alomomola\n|-damage|p2a: Alomomola|86\/100\n|\n|upkeep\n|turn|8\n|\n|t:|1700351943\n|-end|p1a: Great Tusk|Protosynthesis|[silent]\n|switch|p1a: Rillaboom|Rillaboom, F, shiny|100\/100\n|-fieldstart|move: Grassy Terrain|[from] ability: Grassy Surge|[of] p1a: Rillaboom\n|move|p2a: Alomomola|Wish|p2a: Alomomola\n|\n|-heal|p2a: Alomomola|92\/100|[from] Grassy Terrain\n|upkeep\n|turn|9\n|\n|t:|1700351950\n|switch|p2a: Heatran|Heatran, F|100\/100\n|move|p1a: Rillaboom|Protect||[still]\n|-fail|p1a: Rillaboom\n|\n|upkeep\n|turn|10\n|\n|t:|1700351958\n|-terastallize|p1a: Rillaboom|Ground\n|move|p1a: Rillaboom|Leech Seed|p2a: Heatran\n|-start|p2a: Heatran|move: Leech Seed\n|move|p2a: Heatran|Magma Storm|p1a: Rillaboom\n|-damage|p1a: Rillaboom|44\/100\n|-activate|p1a: Rillaboom|move: Magma Storm|[of] p2a: Heatran\n|\n|-heal|p1a: Rillaboom|50\/100|[from] Grassy Terrain\n|-heal|p1a: Rillaboom|56\/100|[from] item: Leftovers\n|-damage|p2a: Heatran|88\/100|[from] Leech Seed|[of] p1a: Rillaboom\n|-heal|p1a: Rillaboom|69\/100|[silent]\n|-damage|p1a: Rillaboom|57\/100|[from] move: Magma Storm|[partiallytrapped]\n|upkeep\n|turn|11\n|\n|t:|1700351973\n|switch|p2a: Grafaiai|Grafaiai, F|100\/100\n|-item|p2a: Grafaiai|Air Balloon\n|move|p1a: Rillaboom|Protect||[still]\n|-fail|p1a: Rillaboom\n|\n|-heal|p1a: Rillaboom|63\/100|[from] Grassy Terrain\n|-heal|p1a: Rillaboom|69\/100|[from] item: Leftovers\n|-end|p1a: Rillaboom|Magma Storm|[partiallytrapped]|[silent]\n|upkeep\n|turn|12\n|\n|t:|1700351989\n|switch|p2a: Heatran|Heatran, F|88\/100\n|move|p1a: Rillaboom|Leech Seed|p2a: Heatran\n|-start|p2a: Heatran|move: Leech Seed\n|\n|-heal|p1a: Rillaboom|75\/100|[from] Grassy Terrain\n|-heal|p1a: Rillaboom|81\/100|[from] item: Leftovers\n|-heal|p2a: Heatran|94\/100|[from] Grassy Terrain\n|-heal|p2a: Heatran|100\/100|[from] item: Leftovers\n|-damage|p2a: Heatran|88\/100|[from] Leech Seed|[of] p1a: Rillaboom\n|-heal|p1a: Rillaboom|94\/100|[silent]\n|-fieldend|move: Grassy Terrain\n|upkeep\n|turn|13\n|\n|t:|1700352002\n|switch|p1a: Great Tusk|Great Tusk|71\/100\n|move|p2a: Heatran|Magma Storm|p1a: Great Tusk\n|-damage|p1a: Great Tusk|10\/100\n|-activate|p1a: Great Tusk|move: Magma Storm|[of] p2a: Heatran\n|\n|-heal|p2a: Heatran|94\/100|[from] item: Leftovers\n|-damage|p2a: Heatran|82\/100|[from] Leech Seed|[of] p1a: Great Tusk\n|-heal|p1a: Great Tusk|21\/100|[silent]\n|-damage|p1a: Great Tusk|9\/100|[from] move: Magma Storm|[partiallytrapped]\n|upkeep\n|turn|14\n|\n|t:|1700352008\n|switch|p2a: Clefable|Clefable, F|100\/100\n|move|p1a: Great Tusk|Headlong Rush|p2a: Clefable\n|-damage|p2a: Clefable|64\/100\n|-unboost|p1a: Great Tusk|def|1\n|-unboost|p1a: Great Tusk|spd|1\n|\n|-end|p1a: Great Tusk|Magma Storm|[partiallytrapped]|[silent]\n|upkeep\n|turn|15\n|inactive|BDHKMESRR9107 has 120 seconds left.\n|\n|t:|1700352044\n|move|p1a: Great Tusk|Headlong Rush|p2a: Clefable\n|-damage|p2a: Clefable|27\/100\n|-unboost|p1a: Great Tusk|def|1\n|-unboost|p1a: Great Tusk|spd|1\n|move|p2a: Clefable|Moonlight|p2a: Clefable\n|-heal|p2a: Clefable|77\/100\n|\n|upkeep\n|turn|16\n|inactive|BDHKMESRR9107 has 120 seconds left.\n|\n|t:|1700352068\n|switch|p2a: Alomomola|Alomomola, M|100\/100\n|move|p1a: Great Tusk|Headlong Rush|p2a: Alomomola\n|-damage|p2a: Alomomola|63\/100\n|-unboost|p1a: Great Tusk|def|1\n|-unboost|p1a: Great Tusk|spd|1\n|\n|upkeep\n|turn|17\n|inactive|BDHKMESRR9107 has 120 seconds left.\n|\n|t:|1700352081\n|move|p1a: Great Tusk|Headlong Rush|p2a: Alomomola\n|-damage|p2a: Alomomola|23\/100\n|-unboost|p1a: Great Tusk|def|1\n|-unboost|p1a: Great Tusk|spd|1\n|move|p2a: Alomomola|Wish|p2a: Alomomola\n|\n|upkeep\n|turn|18\n|inactive|BDHKMESRR9107 has 120 seconds left.\n|\n|t:|1700352092\n|-end|p1a: Great Tusk|Protosynthesis|[silent]\n|switch|p1a: Glimmora|Glimmora, M|70\/100\n|switch|p2a: Zapdos|Zapdos-Galar|34\/100\n|\n|-heal|p2a: Zapdos|100\/100|[from] move: Wish|[wisher] Alomomola\n|upkeep\n|turn|19\n|\n|t:|1700352103\n|move|p2a: Zapdos|Stomping Tantrum|p1a: Glimmora\n|-supereffective|p1a: Glimmora\n|-damage|p1a: Glimmora|0 fnt\n|faint|p1a: Glimmora\n|\n|upkeep\n|inactive|BDHKMESRR9107 has 120 seconds left.\n|\n|t:|1700352142\n|switch|p1a: Iron Moth|Iron Moth|100\/100\n|turn|20\n|\n|t:|1700352147\n|switch|p2a: Heatran|Heatran, F|82\/100\n|move|p1a: Iron Moth|Discharge|p2a: Heatran\n|-damage|p2a: Heatran|63\/100\n|\n|-heal|p2a: Heatran|69\/100|[from] item: Leftovers\n|upkeep\n|turn|21\n|\n|t:|1700352159\n|-end|p1a: Iron Moth|Quark Drive|[silent]\n|switch|p1a: Rillaboom|Rillaboom, F, shiny, tera:Ground|94\/100\n|-fieldstart|move: Grassy Terrain|[from] ability: Grassy Surge|[of] p1a: Rillaboom\n|move|p2a: Heatran|Magma Storm|p1a: Rillaboom\n|-damage|p1a: Rillaboom|44\/100\n|-activate|p1a: Rillaboom|move: Magma Storm|[of] p2a: Heatran\n|\n|-heal|p1a: Rillaboom|50\/100|[from] Grassy Terrain\n|-heal|p1a: Rillaboom|56\/100|[from] item: Leftovers\n|-heal|p2a: Heatran|75\/100|[from] Grassy Terrain\n|-heal|p2a: Heatran|82\/100|[from] item: Leftovers\n|-damage|p1a: Rillaboom|43\/100|[from] move: Magma Storm|[partiallytrapped]\n|upkeep\n|turn|22\n|\n|t:|1700352168\n|move|p1a: Rillaboom|Protect|p1a: Rillaboom\n|-singleturn|p1a: Rillaboom|Protect\n|move|p2a: Heatran|Magma Storm|p1a: Rillaboom\n|-activate|p1a: Rillaboom|move: Protect\n|\n|-heal|p1a: Rillaboom|50\/100|[from] Grassy Terrain\n|-heal|p1a: Rillaboom|56\/100|[from] item: Leftovers\n|-heal|p2a: Heatran|88\/100|[from] Grassy Terrain\n|-heal|p2a: Heatran|94\/100|[from] item: Leftovers\n|-damage|p1a: Rillaboom|43\/100|[from] move: Magma Storm|[partiallytrapped]\n|upkeep\n|turn|23\n|inactive|BDHKMESRR9107 has 120 seconds left.\n|\n|t:|1700352180\n|move|p1a: Rillaboom|Grassy Glide|p2a: Heatran\n|-resisted|p2a: Heatran\n|-damage|p2a: Heatran|87\/100\n|move|p2a: Heatran|Magma Storm|p1a: Rillaboom|[miss]\n|-miss|p2a: Heatran|p1a: Rillaboom\n|\n|-heal|p1a: Rillaboom|49\/100|[from] Grassy Terrain\n|-heal|p1a: Rillaboom|55\/100|[from] item: Leftovers\n|-heal|p2a: Heatran|93\/100|[from] Grassy Terrain\n|-heal|p2a: Heatran|99\/100|[from] item: Leftovers\n|-damage|p1a: Rillaboom|43\/100|[from] move: Magma Storm|[partiallytrapped]\n|upkeep\n|turn|24\n|inactive|BDHKMESRR9107 has 120 seconds left.\n|\n|t:|1700352201\n|move|p1a: Rillaboom|Protect|p1a: Rillaboom\n|-singleturn|p1a: Rillaboom|Protect\n|move|p2a: Heatran|Magma Storm|p1a: Rillaboom\n|-activate|p1a: Rillaboom|move: Protect\n|\n|-heal|p1a: Rillaboom|49\/100|[from] Grassy Terrain\n|-heal|p1a: Rillaboom|55\/100|[from] item: Leftovers\n|-heal|p2a: Heatran|100\/100|[from] Grassy Terrain\n|-damage|p1a: Rillaboom|43\/100|[from] move: Magma Storm|[partiallytrapped]\n|upkeep\n|turn|25\n|inactive|BDHKMESRR9107 has 120 seconds left.\n|\n|t:|1700352212\n|move|p1a: Rillaboom|Grassy Glide|p2a: Heatran\n|-resisted|p2a: Heatran\n|-damage|p2a: Heatran|93\/100\n|move|p2a: Heatran|Magma Storm|p1a: Rillaboom\n|-damage|p1a: Rillaboom|0 fnt\n|faint|p1a: Rillaboom\n|\n|-heal|p2a: Heatran|99\/100|[from] Grassy Terrain\n|-heal|p2a: Heatran|100\/100|[from] item: Leftovers\n|-fieldend|move: Grassy Terrain\n|upkeep\n|\n|t:|1700352217\n|switch|p1a: Greninja|Greninja, M|100\/100\n|turn|26\n|\n|t:|1700352222\n|move|p1a: Greninja|Hydro Pump|p2a: Heatran\n|-supereffective|p2a: Heatran\n|-damage|p2a: Heatran|16\/100\n|-damage|p1a: Greninja|91\/100|[from] item: Life Orb\n|move|p2a: Heatran|Will-O-Wisp|p1a: Greninja\n|-status|p1a: Greninja|brn\n|\n|-heal|p2a: Heatran|22\/100|[from] item: Leftovers\n|-damage|p1a: Greninja|85\/100 brn|[from] brn\n|upkeep\n|turn|27\n|\n|t:|1700352229\n|switch|p2a: Alomomola|Alomomola, M|56\/100\n|move|p1a: Greninja|Water Shuriken|p2a: Alomomola\n|-resisted|p2a: Alomomola\n|-damage|p2a: Alomomola|53\/100\n|-resisted|p2a: Alomomola\n|-damage|p2a: Alomomola|50\/100\n|-resisted|p2a: Alomomola\n|-damage|p2a: Alomomola|47\/100\n|-hitcount|p2a: Alomomola|3\n|-damage|p1a: Greninja|75\/100 brn|[from] item: Life Orb\n|\n|-damage|p1a: Greninja|69\/100 brn|[from] brn\n|upkeep\n|turn|28\n|\n|t:|1700352243\n|move|p1a: Greninja|Hydro Pump|p2a: Alomomola\n|-resisted|p2a: Alomomola\n|-damage|p2a: Alomomola|25\/100\n|-damage|p1a: Greninja|59\/100 brn|[from] item: Life Orb\n|move|p2a: Alomomola|Wish|p2a: Alomomola\n|\n|-damage|p1a: Greninja|53\/100 brn|[from] brn\n|upkeep\n|turn|29\n|\n|t:|1700352250\n|switch|p1a: Iron Moth|Iron Moth|100\/100\n|move|p2a: Alomomola|Protect||[still]\n|-fail|p2a: Alomomola\n|\n|-heal|p2a: Alomomola|75\/100|[from] move: Wish|[wisher] Alomomola\n|upkeep\n|turn|30\n|\n|t:|1700352257\n|move|p1a: Iron Moth|Energy Ball|p2a: Alomomola\n|-supereffective|p2a: Alomomola\n|-damage|p2a: Alomomola|30\/100\n|move|p2a: Alomomola|Flip Turn|p1a: Iron Moth\n|-supereffective|p1a: Iron Moth\n|-damage|p1a: Iron Moth|53\/100\n|\n|t:|1700352273\n|switch|p2a: Zapdos|Zapdos-Galar|100\/100|[from] Flip Turn\n|\n|upkeep\n|turn|31\n|\n|t:|1700352278\n|move|p2a: Zapdos|Brave Bird|p1a: Iron Moth\n|-damage|p1a: Iron Moth|0 fnt\n|faint|p1a: Iron Moth\n|-end|p1a: Iron Moth|Quark Drive|[silent]\n|-damage|p2a: Zapdos|84\/100|[from] Recoil\n|\n|upkeep\n|\n|t:|1700352281\n|switch|p1a: Greninja|Greninja, M|53\/100 brn\n|turn|32\n|\n|t:|1700352284\n|move|p2a: Zapdos|Brave Bird|p1a: Greninja\n|-damage|p1a: Greninja|0 fnt\n|faint|p1a: Greninja\n|-damage|p2a: Zapdos|69\/100|[from] Recoil\n|\n|upkeep\n|\n|t:|1700352286\n|switch|p1a: Kingambit|Kingambit, M|100\/100\n|-activate|p1a: Kingambit|ability: Supreme Overlord\n|-start|p1a: Kingambit|fallen4|[silent]\n|turn|33\n|\n|t:|1700352294\n|switch|p2a: Heatran|Heatran, F|22\/100\n|move|p1a: Kingambit|Kowtow Cleave|p2a: Heatran\n|-damage|p2a: Heatran|0 fnt\n|faint|p2a: Heatran\n|-damage|p1a: Kingambit|91\/100|[from] item: Life Orb\n|\n|upkeep\n|\n|t:|1700352300\n|switch|p2a: Grafaiai|Grafaiai, F|100\/100\n|-item|p2a: Grafaiai|Air Balloon\n|turn|34\n|\n|t:|1700352306\n|move|p2a: Grafaiai|Low Kick|p1a: Kingambit\n|-supereffective|p1a: Kingambit\n|-damage|p1a: Kingambit|0 fnt\n|faint|p1a: Kingambit\n|-end|p1a: Kingambit|fallen4|[silent]\n|\n|upkeep\n|\n|t:|1700352309\n|switch|p1a: Great Tusk|Great Tusk|9\/100\n|turn|35\n|-message|BDHKMESRR9107 forfeited.\n|\n|win|Chimsweep\n|raw|BDHKMESRR9107's rating: 1211 &rarr; <strong>1184<\/strong><br \/>(-27 for losing)\n|raw|Chimsweep's rating: 1179 &rarr; <strong>1206<\/strong><br \/>(+27 for winning)\n|l|\u2606BDHKMESRR9107\n","uploadtime":1700352318,"views":16,"p1id":"bdhkmesrr9107","p2id":"chimsweep","formatid":"gen9ou","rating":1184,"private":0,"password":""}