{"id":"gen9ou-1989066563","p1":"Wulfo","p2":"franCHISE_RK","format":"[Gen 9] OU","log":"|j|\u2606Wulfo\n|j|\u2606franCHISE_RK\n|t:|1699808495\n|gametype|singles\n|player|p1|Wulfo|1|1213\n|player|p2|franCHISE_RK|170|1189\n|teamsize|p1|6\n|teamsize|p2|6\n|gen|9\n|tier|[Gen 9] OU\n|rated|\n|rule|Sleep Clause Mod: Limit one foe put to sleep\n|rule|Species Clause: Limit one of each Pok\u00e9mon\n|rule|OHKO Clause: OHKO moves are banned\n|rule|Evasion Items Clause: Evasion items are banned\n|rule|Evasion Moves Clause: Evasion moves are banned\n|rule|Endless Battle Clause: Forcing endless battles is banned\n|rule|HP Percentage Mod: HP is shown in percentages\n|clearpoke\n|poke|p1|Tyranitar, M|\n|poke|p1|Corviknight, M|\n|poke|p1|Garchomp, M|\n|poke|p1|Arcanine-Hisui, M|\n|poke|p1|Lycanroc-Dusk, M|\n|poke|p1|Krookodile, M|\n|poke|p2|Thundurus-Therian, M|\n|poke|p2|Ceruledge, F|\n|poke|p2|Iron Valiant|\n|poke|p2|Landorus-Therian, M|\n|poke|p2|Hatterene, F|\n|poke|p2|Glimmora, F|\n|teampreview\n|\n|t:|1699808511\n|start\n|switch|p1a: Corviknight|Corviknight, M, shiny|100\/100\n|switch|p2a: One Ticket Plz|Hatterene, F|100\/100\n|turn|1\n|\n|t:|1699808522\n|move|p1a: Corviknight|U-turn|p2a: One Ticket Plz\n|-damage|p2a: One Ticket Plz|89\/100\n|\n|t:|1699808524\n|switch|p1a: Garchomp|Garchomp, M|100\/100|[from] U-turn\n|move|p2a: One Ticket Plz|Nuzzle|p1a: Garchomp\n|-immune|p1a: Garchomp\n|\n|-heal|p2a: One Ticket Plz|95\/100|[from] item: Leftovers\n|upkeep\n|turn|2\n|\n|t:|1699808534\n|-terastallize|p1a: Garchomp|Steel\n|move|p1a: Garchomp|Swords Dance|p1a: Garchomp\n|-boost|p1a: Garchomp|atk|2\n|move|p2a: One Ticket Plz|Draining Kiss|p1a: Garchomp\n|-resisted|p1a: Garchomp\n|-damage|p1a: Garchomp|88\/100\n|-heal|p2a: One Ticket Plz|100\/100|[from] drain|[of] p1a: Garchomp\n|-damage|p2a: One Ticket Plz|88\/100|[from] ability: Rough Skin|[of] p1a: Garchomp\n|-damage|p2a: One Ticket Plz|72\/100|[from] item: Rocky Helmet|[of] p1a: Garchomp\n|\n|-heal|p2a: One Ticket Plz|78\/100|[from] item: Leftovers\n|upkeep\n|turn|3\n|\n|t:|1699808559\n|move|p1a: Garchomp|Iron Head|p2a: One Ticket Plz\n|-supereffective|p2a: One Ticket Plz\n|-damage|p2a: One Ticket Plz|0 fnt\n|faint|p2a: One Ticket Plz\n|\n|upkeep\n|\n|t:|1699808564\n|switch|p2a: Dwayne Johnson|Glimmora, F|100\/100\n|turn|4\n|\n|t:|1699808571\n|move|p1a: Garchomp|Swords Dance|p1a: Garchomp\n|-boost|p1a: Garchomp|atk|2\n|move|p2a: Dwayne Johnson|Earth Power|p1a: Garchomp\n|-supereffective|p1a: Garchomp\n|-damage|p1a: Garchomp|22\/100\n|\n|upkeep\n|turn|5\n|\n|t:|1699808583\n|move|p1a: Garchomp|Earthquake|p2a: Dwayne Johnson\n|-supereffective|p2a: Dwayne Johnson\n|-enditem|p2a: Dwayne Johnson|Focus Sash\n|-damage|p2a: Dwayne Johnson|1\/100\n|-activate|p2a: Dwayne Johnson|ability: Toxic Debris\n|-sidestart|p1: Wulfo|move: Toxic Spikes\n|move|p2a: Dwayne Johnson|Earth Power|p1a: Garchomp\n|-supereffective|p1a: Garchomp\n|-damage|p1a: Garchomp|0 fnt\n|faint|p1a: Garchomp\n|\n|upkeep\n|\n|t:|1699808596\n|switch|p1a: Corviknight|Corviknight, M, shiny|100\/100\n|turn|6\n|\n|t:|1699808604\n|switch|p2a: LowTierGod|Thundurus-Therian, M|100\/100\n|move|p1a: Corviknight|Brave Bird|p2a: LowTierGod\n|-resisted|p2a: LowTierGod\n|-damage|p2a: LowTierGod|73\/100\n|-damage|p1a: Corviknight|94\/100|[from] Recoil\n|\n|-heal|p1a: Corviknight|99\/100|[from] item: Leftovers\n|upkeep\n|turn|7\n|\n|t:|1699808619\n|switch|p1a: Krookodile|Krookodile, M, shiny|100\/100\n|-status|p1a: Krookodile|psn\n|move|p2a: LowTierGod|Thunderbolt|p1a: Krookodile\n|-immune|p1a: Krookodile\n|\n|-damage|p1a: Krookodile|88\/100 psn|[from] psn\n|upkeep\n|turn|8\n|\n|t:|1699808633\n|-terastallize|p2a: LowTierGod|Ice\n|move|p1a: Krookodile|Knock Off|p2a: LowTierGod\n|-damage|p2a: LowTierGod|0 fnt\n|-enditem|p2a: LowTierGod|Heavy-Duty Boots|[from] move: Knock Off|[of] p1a: Krookodile\n|faint|p2a: LowTierGod\n|-ability|p1a: Krookodile|Moxie|boost\n|-boost|p1a: Krookodile|atk|1\n|\n|-damage|p1a: Krookodile|76\/100 psn|[from] psn\n|upkeep\n|\n|t:|1699808640\n|switch|p2a: Land R Us|Landorus-Therian, M|100\/100\n|-ability|p2a: Land R Us|Intimidate|boost\n|-unboost|p1a: Krookodile|atk|1\n|turn|9\n|\n|t:|1699808650\n|move|p2a: Land R Us|Grass Knot|p1a: Krookodile\n|-supereffective|p1a: Krookodile\n|-damage|p1a: Krookodile|21\/100 psn\n|move|p1a: Krookodile|Knock Off|p2a: Land R Us\n|-damage|p2a: Land R Us|36\/100\n|-enditem|p2a: Land R Us|Choice Scarf|[from] move: Knock Off|[of] p1a: Krookodile\n|\n|-damage|p1a: Krookodile|8\/100 psn|[from] psn\n|upkeep\n|turn|10\n|\n|t:|1699808660\n|move|p1a: Krookodile|Knock Off|p2a: Land R Us\n|-damage|p2a: Land R Us|0 fnt\n|faint|p2a: Land R Us\n|-ability|p1a: Krookodile|Moxie|boost\n|-boost|p1a: Krookodile|atk|1\n|\n|-damage|p1a: Krookodile|0 fnt|[from] psn\n|faint|p1a: Krookodile\n|upkeep\n|\n|t:|1699808675\n|switch|p2a: Dwayne Johnson|Glimmora, F|1\/100\n|switch|p1a: Corviknight|Corviknight, M, shiny|99\/100\n|turn|11\n|\n|t:|1699808683\n|move|p2a: Dwayne Johnson|Stealth Rock|p1a: Corviknight\n|-sidestart|p1: Wulfo|move: Stealth Rock\n|move|p1a: Corviknight|Brave Bird|p2a: Dwayne Johnson\n|-resisted|p2a: Dwayne Johnson\n|-damage|p2a: Dwayne Johnson|0 fnt\n|-activate|p2a: Dwayne Johnson|ability: Toxic Debris\n|-sidestart|p1: Wulfo|move: Toxic Spikes\n|faint|p2a: Dwayne Johnson\n|-damage|p1a: Corviknight|99\/100|[from] Recoil\n|\n|-heal|p1a: Corviknight|100\/100|[from] item: Leftovers\n|upkeep\n|\n|t:|1699808685\n|switch|p2a: Obi Wan Kenobi|Ceruledge, F|100\/100\n|turn|12\n|\n|t:|1699808697\n|move|p2a: Obi Wan Kenobi|Bitter Blade|p1a: Corviknight\n|-supereffective|p1a: Corviknight\n|-damage|p1a: Corviknight|31\/100\n|move|p1a: Corviknight|Defog|p2a: Obi Wan Kenobi\n|-unboost|p2a: Obi Wan Kenobi|evasion|1\n|-sideend|p1: Wulfo|Toxic Spikes|[from] move: Defog|[of] p1a: Corviknight\n|-sideend|p1: Wulfo|Stealth Rock|[from] move: Defog|[of] p1a: Corviknight\n|\n|-heal|p1a: Corviknight|38\/100|[from] item: Leftovers\n|upkeep\n|turn|13\n|\n|t:|1699808707\n|move|p2a: Obi Wan Kenobi|Bitter Blade|p1a: Corviknight\n|-supereffective|p1a: Corviknight\n|-damage|p1a: Corviknight|0 fnt\n|faint|p1a: Corviknight\n|\n|upkeep\n|\n|t:|1699808715\n|switch|p1a: Arcanine|Arcanine-Hisui, M|100\/100\n|turn|14\n|\n|t:|1699808720\n|move|p2a: Obi Wan Kenobi|Close Combat|p1a: Arcanine\n|-supereffective|p1a: Arcanine\n|-damage|p1a: Arcanine|17\/100\n|-unboost|p2a: Obi Wan Kenobi|def|1\n|-unboost|p2a: Obi Wan Kenobi|spd|1\n|-enditem|p1a: Arcanine|Sitrus Berry|[eat]\n|-heal|p1a: Arcanine|42\/100|[from] item: Sitrus Berry\n|move|p1a: Arcanine|Head Smash|p2a: Obi Wan Kenobi\n|-supereffective|p2a: Obi Wan Kenobi\n|-enditem|p2a: Obi Wan Kenobi|Focus Sash\n|-damage|p2a: Obi Wan Kenobi|1\/100\n|-ability|p2a: Obi Wan Kenobi|Weak Armor|boost\n|-unboost|p2a: Obi Wan Kenobi|def|1\n|-boost|p2a: Obi Wan Kenobi|spe|2\n|\n|upkeep\n|turn|15\n|\n|t:|1699808761\n|move|p1a: Arcanine|Extreme Speed|p2a: Obi Wan Kenobi\n|-immune|p2a: Obi Wan Kenobi\n|move|p2a: Obi Wan Kenobi|Close Combat|p1a: Arcanine\n|-supereffective|p1a: Arcanine\n|-damage|p1a: Arcanine|0 fnt\n|-unboost|p2a: Obi Wan Kenobi|def|1\n|-unboost|p2a: Obi Wan Kenobi|spd|1\n|faint|p1a: Arcanine\n|\n|upkeep\n|\n|t:|1699808771\n|switch|p1a: Tyranitar|Tyranitar, M|100\/100\n|-weather|Sandstorm|[from] ability: Sand Stream|[of] p1a: Tyranitar\n|turn|16\n|\n|t:|1699808792\n|move|p2a: Obi Wan Kenobi|Close Combat|p1a: Tyranitar\n|-supereffective|p1a: Tyranitar\n|-damage|p1a: Tyranitar|13\/100\n|-unboost|p2a: Obi Wan Kenobi|def|1\n|-unboost|p2a: Obi Wan Kenobi|spd|1\n|move|p1a: Tyranitar|Knock Off|p2a: Obi Wan Kenobi\n|-supereffective|p2a: Obi Wan Kenobi\n|-damage|p2a: Obi Wan Kenobi|0 fnt\n|faint|p2a: Obi Wan Kenobi\n|\n|-weather|Sandstorm|[upkeep]\n|upkeep\n|\n|t:|1699808798\n|switch|p2a: Troupe Gramarye|Iron Valiant|100\/100\n|turn|17\n|\n|t:|1699808808\n|move|p2a: Troupe Gramarye|Vacuum Wave|p1a: Tyranitar\n|-supereffective|p1a: Tyranitar\n|-damage|p1a: Tyranitar|0 fnt\n|faint|p1a: Tyranitar\n|\n|-weather|Sandstorm|[upkeep]\n|-damage|p2a: Troupe Gramarye|94\/100|[from] Sandstorm\n|upkeep\n|\n|t:|1699808815\n|switch|p1a: Lycanroc|Lycanroc-Dusk, M|100\/100\n|turn|18\n|\n|t:|1699808829\n|move|p2a: Troupe Gramarye|Vacuum Wave|p1a: Lycanroc\n|-supereffective|p1a: Lycanroc\n|-damage|p1a: Lycanroc|30\/100\n|move|p1a: Lycanroc|Play Rough|p2a: Troupe Gramarye\n|-supereffective|p2a: Troupe Gramarye\n|-damage|p2a: Troupe Gramarye|0 fnt\n|faint|p2a: Troupe Gramarye\n|-end|p2a: Troupe Gramarye|Quark Drive|[silent]\n|-damage|p1a: Lycanroc|20\/100|[from] item: Life Orb\n|\n|win|Wulfo\n|raw|Wulfo's rating: 1213 &rarr; <strong>1236<\/strong><br \/>(+23 for winning)\n|raw|franCHISE_RK's rating: 1189 &rarr; <strong>1166<\/strong><br \/>(-23 for losing)\n|l|\u2606franCHISE_RK\n","uploadtime":1699808845,"views":11,"p1id":"wulfo","p2id":"franchiserk","formatid":"gen9ou","rating":1166,"private":0,"password":""}