{"id":"gen9ou-1992321007","p1":"OkJuice42069","p2":"Miku de Farnese","format":"[Gen 9] OU","log":"|j|\u2606OkJuice42069\n|j|\u2606Miku de Farnese\n|t:|1700174433\n|gametype|singles\n|player|p1|OkJuice42069|policeman|1310\n|player|p2|Miku de Farnese|266|1323\n|teamsize|p1|6\n|teamsize|p2|6\n|gen|9\n|tier|[Gen 9] OU\n|rated|\n|rule|Sleep Clause Mod: Limit one foe put to sleep\n|rule|Species Clause: Limit one of each Pok\u00e9mon\n|rule|OHKO Clause: OHKO moves are banned\n|rule|Evasion Items Clause: Evasion items are banned\n|rule|Evasion Moves Clause: Evasion moves are banned\n|rule|Endless Battle Clause: Forcing endless battles is banned\n|rule|HP Percentage Mod: HP is shown in percentages\n|clearpoke\n|poke|p1|Cinderace, M|\n|poke|p1|Empoleon, M|\n|poke|p1|Slowking-Galar, F|\n|poke|p1|Pelipper, F|\n|poke|p1|Barraskewda, M|\n|poke|p1|Rillaboom, F|\n|poke|p2|Ogerpon-Cornerstone, F|\n|poke|p2|Dragapult, F|\n|poke|p2|Iron Valiant|\n|poke|p2|Rillaboom, M|\n|poke|p2|Iron Moth|\n|poke|p2|Great Tusk|\n|teampreview\n|\n|t:|1700174459\n|start\n|switch|p1a: Empoleon|Empoleon, M|100\/100\n|switch|p2a: Mumbo Jumbo|Ogerpon-Cornerstone, F|100\/100\n|turn|1\n|\n|t:|1700174473\n|move|p2a: Mumbo Jumbo|Low Kick|p1a: Empoleon\n|-supereffective|p1a: Empoleon\n|-damage|p1a: Empoleon|39\/100\n|move|p1a: Empoleon|Flip Turn|p2a: Mumbo Jumbo\n|-damage|p2a: Mumbo Jumbo|78\/100\n|\n|t:|1700174490\n|switch|p1a: Barraskewda|Barraskewda, M|100\/100|[from] Flip Turn\n|\n|upkeep\n|turn|2\n|\n|t:|1700174500\n|switch|p2a: Monkey|Rillaboom, M|100\/100\n|-fieldstart|move: Grassy Terrain|[from] ability: Grassy Surge|[of] p2a: Monkey\n|move|p1a: Barraskewda|Flip Turn|p2a: Monkey\n|-resisted|p2a: Monkey\n|-damage|p2a: Monkey|77\/100\n|\n|t:|1700174514\n|switch|p1a: Rillaboom|Rillaboom, F|100\/100|[from] Flip Turn\n|\n|-heal|p2a: Monkey|83\/100|[from] Grassy Terrain\n|upkeep\n|turn|3\n|\n|t:|1700174529\n|move|p2a: Monkey|U-turn|p1a: Rillaboom\n|-supereffective|p1a: Rillaboom\n|-damage|p1a: Rillaboom|50\/100\n|\n|t:|1700174533\n|switch|p2a: La Grosse Mite|Iron Moth|100\/100|[from] U-turn\n|-enditem|p2a: La Grosse Mite|Booster Energy\n|-activate|p2a: La Grosse Mite|ability: Quark Drive|[fromitem]\n|-start|p2a: La Grosse Mite|quarkdrivespa\n|move|p1a: Rillaboom|U-turn|p2a: La Grosse Mite\n|-resisted|p2a: La Grosse Mite\n|-damage|p2a: La Grosse Mite|92\/100\n|\n|t:|1700174543\n|switch|p1a: Barraskewda|Barraskewda, M|100\/100|[from] U-turn\n|\n|-heal|p2a: La Grosse Mite|98\/100|[from] Grassy Terrain\n|upkeep\n|turn|4\n|\n|t:|1700174568\n|-end|p2a: La Grosse Mite|Quark Drive|[silent]\n|switch|p2a: Monkey|Rillaboom, M|83\/100\n|move|p1a: Barraskewda|Flip Turn|p2a: Monkey\n|-resisted|p2a: Monkey\n|-crit|p2a: Monkey\n|-damage|p2a: Monkey|44\/100\n|\n|t:|1700174571\n|switch|p1a: Cinderace|Cinderace, M|100\/100|[from] Flip Turn\n|\n|-heal|p2a: Monkey|50\/100|[from] Grassy Terrain\n|upkeep\n|turn|5\n|\n|t:|1700174588\n|switch|p2a: Dumbo|Great Tusk|100\/100\n|move|p1a: Cinderace|U-turn|p2a: Dumbo\n|-start|p1a: Cinderace|typechange|Bug|[from] ability: Libero\n|-resisted|p2a: Dumbo\n|-damage|p2a: Dumbo|91\/100\n|\n|t:|1700174592\n|switch|p1a: Pelipper|Pelipper, F|100\/100|[from] U-turn\n|-weather|RainDance|[from] ability: Drizzle|[of] p1a: Pelipper\n|\n|-weather|RainDance|[upkeep]\n|-heal|p2a: Dumbo|97\/100|[from] Grassy Terrain\n|upkeep\n|turn|6\n|\n|t:|1700174607\n|-end|p2a: Dumbo|Protosynthesis|[silent]\n|switch|p2a: Mumbo Jumbo|Ogerpon-Cornerstone, F|78\/100\n|move|p1a: Pelipper|Hurricane|p2a: Mumbo Jumbo\n|-damage|p2a: Mumbo Jumbo|38\/100\n|\n|-weather|RainDance|[upkeep]\n|-heal|p2a: Mumbo Jumbo|44\/100|[from] Grassy Terrain\n|-fieldend|move: Grassy Terrain\n|upkeep\n|turn|7\n|\n|t:|1700174617\n|move|p2a: Mumbo Jumbo|Power Whip|p1a: Pelipper\n|-damage|p1a: Pelipper|45\/100\n|move|p1a: Pelipper|U-turn|p2a: Mumbo Jumbo\n|-supereffective|p2a: Mumbo Jumbo\n|-damage|p2a: Mumbo Jumbo|20\/100\n|\n|t:|1700174620\n|switch|p1a: Barraskewda|Barraskewda, M|100\/100|[from] U-turn\n|\n|-weather|RainDance|[upkeep]\n|upkeep\n|turn|8\n|\n|t:|1700174640\n|move|p1a: Barraskewda|Flip Turn|p2a: Mumbo Jumbo\n|-damage|p2a: Mumbo Jumbo|0 fnt\n|faint|p2a: Mumbo Jumbo\n|\n|t:|1700174643\n|switch|p1a: Cinderace|Cinderace, M|100\/100|[from] Flip Turn\n|\n|-weather|RainDance|[upkeep]\n|upkeep\n|\n|t:|1700174656\n|switch|p2a: La Grosse Mite|Iron Moth|98\/100\n|turn|9\n|\n|t:|1700174665\n|move|p1a: Cinderace|Weather Ball|p2a: La Grosse Mite\n|-start|p1a: Cinderace|typechange|Water|[from] ability: Libero\n|-supereffective|p2a: La Grosse Mite\n|-damage|p2a: La Grosse Mite|0 fnt\n|faint|p2a: La Grosse Mite\n|-end|p2a: La Grosse Mite|Quark Drive|[silent]\n|\n|-weather|RainDance|[upkeep]\n|upkeep\n|\n|t:|1700174689\n|switch|p2a: M\u00e9canophilie|Iron Valiant|100\/100\n|-enditem|p2a: M\u00e9canophilie|Booster Energy\n|-activate|p2a: M\u00e9canophilie|ability: Quark Drive|[fromitem]\n|-start|p2a: M\u00e9canophilie|quarkdrivespe\n|turn|10\n|\n|t:|1700174699\n|move|p2a: M\u00e9canophilie|Close Combat|p1a: Cinderace\n|-damage|p1a: Cinderace|20\/100\n|-unboost|p2a: M\u00e9canophilie|def|1\n|-unboost|p2a: M\u00e9canophilie|spd|1\n|move|p1a: Cinderace|Weather Ball|p2a: M\u00e9canophilie\n|-damage|p2a: M\u00e9canophilie|0 fnt\n|faint|p2a: M\u00e9canophilie\n|-end|p2a: M\u00e9canophilie|Quark Drive|[silent]\n|\n|-weather|RainDance|[upkeep]\n|upkeep\n|\n|t:|1700174709\n|switch|p2a: LanceEnfants|Dragapult, F|100\/100\n|turn|11\n|\n|t:|1700174715\n|move|p2a: LanceEnfants|Hex|p1a: Cinderace\n|-damage|p1a: Cinderace|0 fnt\n|faint|p1a: Cinderace\n|\n|-weather|RainDance|[upkeep]\n|upkeep\n|\n|t:|1700174727\n|switch|p1a: Rillaboom|Rillaboom, F|50\/100\n|-fieldstart|move: Grassy Terrain|[from] ability: Grassy Surge|[of] p1a: Rillaboom\n|turn|12\n|\n|t:|1700174737\n|move|p1a: Rillaboom|Protect|p1a: Rillaboom\n|-singleturn|p1a: Rillaboom|Protect\n|move|p2a: LanceEnfants|Dragon Darts|p1a: Rillaboom\n|-activate|p1a: Rillaboom|move: Protect\n|\n|-weather|none\n|-heal|p1a: Rillaboom|56\/100|[from] Grassy Terrain\n|-heal|p1a: Rillaboom|62\/100|[from] item: Leftovers\n|upkeep\n|turn|13\n|\n|t:|1700174746\n|move|p2a: LanceEnfants|Substitute|p2a: LanceEnfants\n|-start|p2a: LanceEnfants|Substitute\n|-damage|p2a: LanceEnfants|76\/100\n|move|p1a: Rillaboom|U-turn|p2a: LanceEnfants\n|-resisted|p2a: LanceEnfants\n|-activate|p2a: LanceEnfants|move: Substitute|[damage]\n|\n|t:|1700174776\n|switch|p1a: Pelipper|Pelipper, F|45\/100|[from] U-turn\n|-weather|RainDance|[from] ability: Drizzle|[of] p1a: Pelipper\n|\n|-weather|RainDance|[upkeep]\n|-heal|p2a: LanceEnfants|82\/100|[from] Grassy Terrain\n|-heal|p2a: LanceEnfants|88\/100|[from] item: Leftovers\n|upkeep\n|turn|14\n|\n|t:|1700174790\n|move|p2a: LanceEnfants|Dragon Darts|p1a: Pelipper\n|-damage|p1a: Pelipper|29\/100\n|-anim|p2a: LanceEnfants|Dragon Darts|p1a: Pelipper\n|-damage|p1a: Pelipper|15\/100\n|move|p1a: Pelipper|Hurricane|p2a: LanceEnfants\n|-end|p2a: LanceEnfants|Substitute\n|\n|-weather|RainDance|[upkeep]\n|-heal|p2a: LanceEnfants|94\/100|[from] Grassy Terrain\n|-heal|p2a: LanceEnfants|99\/100|[from] item: Leftovers\n|upkeep\n|turn|15\n|\n|t:|1700174802\n|move|p2a: LanceEnfants|Substitute|p2a: LanceEnfants\n|-start|p2a: LanceEnfants|Substitute\n|-damage|p2a: LanceEnfants|75\/100\n|move|p1a: Pelipper|Hurricane|p2a: LanceEnfants\n|-end|p2a: LanceEnfants|Substitute\n|\n|-weather|RainDance|[upkeep]\n|-heal|p2a: LanceEnfants|81\/100|[from] Grassy Terrain\n|-heal|p2a: LanceEnfants|87\/100|[from] item: Leftovers\n|upkeep\n|turn|16\n|\n|t:|1700174811\n|move|p2a: LanceEnfants|Substitute|p2a: LanceEnfants\n|-start|p2a: LanceEnfants|Substitute\n|-damage|p2a: LanceEnfants|62\/100\n|move|p1a: Pelipper|Hurricane|p2a: LanceEnfants\n|-end|p2a: LanceEnfants|Substitute\n|\n|-weather|RainDance|[upkeep]\n|-heal|p2a: LanceEnfants|68\/100|[from] Grassy Terrain\n|-heal|p2a: LanceEnfants|74\/100|[from] item: Leftovers\n|-fieldend|move: Grassy Terrain\n|upkeep\n|turn|17\n|\n|t:|1700174824\n|move|p2a: LanceEnfants|Substitute|p2a: LanceEnfants\n|-start|p2a: LanceEnfants|Substitute\n|-damage|p2a: LanceEnfants|49\/100\n|move|p1a: Pelipper|U-turn|p2a: LanceEnfants\n|-resisted|p2a: LanceEnfants\n|-crit|p2a: LanceEnfants\n|-activate|p2a: LanceEnfants|move: Substitute|[damage]\n|\n|t:|1700174825\n|switch|p1a: Barraskewda|Barraskewda, M|100\/100|[from] U-turn\n|\n|-weather|RainDance|[upkeep]\n|-heal|p2a: LanceEnfants|55\/100|[from] item: Leftovers\n|upkeep\n|turn|18\n|\n|t:|1700174836\n|move|p1a: Barraskewda|Flip Turn|p2a: LanceEnfants\n|-resisted|p2a: LanceEnfants\n|-end|p2a: LanceEnfants|Substitute\n|\n|t:|1700174839\n|switch|p1a: Rillaboom|Rillaboom, F|62\/100|[from] Flip Turn\n|-fieldstart|move: Grassy Terrain|[from] ability: Grassy Surge|[of] p1a: Rillaboom\n|move|p2a: LanceEnfants|Thunder Wave|p1a: Rillaboom\n|-status|p1a: Rillaboom|par\n|\n|-weather|RainDance|[upkeep]\n|-heal|p2a: LanceEnfants|61\/100|[from] Grassy Terrain\n|-heal|p2a: LanceEnfants|67\/100|[from] item: Leftovers\n|-heal|p1a: Rillaboom|68\/100 par|[from] Grassy Terrain\n|-heal|p1a: Rillaboom|74\/100 par|[from] item: Leftovers\n|upkeep\n|turn|19\n|\n|t:|1700174851\n|move|p2a: LanceEnfants|Hex|p1a: Rillaboom\n|-damage|p1a: Rillaboom|15\/100 par\n|move|p1a: Rillaboom|U-turn|p2a: LanceEnfants\n|-resisted|p2a: LanceEnfants\n|-damage|p2a: LanceEnfants|52\/100\n|\n|t:|1700174854\n|switch|p1a: Barraskewda|Barraskewda, M|100\/100|[from] U-turn\n|\n|-weather|RainDance|[upkeep]\n|-heal|p2a: LanceEnfants|58\/100|[from] Grassy Terrain\n|-heal|p2a: LanceEnfants|64\/100|[from] item: Leftovers\n|upkeep\n|turn|20\n|\n|t:|1700174863\n|-terastallize|p1a: Barraskewda|Ghost\n|move|p1a: Barraskewda|Tera Blast|p2a: LanceEnfants|[anim] Tera Blast Ghost\n|-supereffective|p2a: LanceEnfants\n|-damage|p2a: LanceEnfants|0 fnt\n|faint|p2a: LanceEnfants\n|\n|-weather|none\n|upkeep\n|\n|t:|1700174875\n|switch|p2a: Monkey|Rillaboom, M|50\/100\n|turn|21\n|\n|t:|1700174882\n|switch|p1a: Pelipper|Pelipper, F|15\/100\n|-weather|RainDance|[from] ability: Drizzle|[of] p1a: Pelipper\n|move|p2a: Monkey|Knock Off|p1a: Pelipper\n|-damage|p1a: Pelipper|0 fnt\n|-enditem|p1a: Pelipper|Damp Rock|[from] move: Knock Off|[of] p2a: Monkey\n|faint|p1a: Pelipper\n|\n|-weather|RainDance|[upkeep]\n|-heal|p2a: Monkey|57\/100|[from] Grassy Terrain\n|upkeep\n|\n|t:|1700174886\n|switch|p1a: Slowking|Slowking-Galar, F|100\/100\n|turn|22\n|\n|t:|1700174894\n|move|p2a: Monkey|Knock Off|p1a: Slowking\n|-supereffective|p1a: Slowking\n|-damage|p1a: Slowking|4\/100\n|-enditem|p1a: Slowking|Assault Vest|[from] move: Knock Off|[of] p2a: Monkey\n|move|p1a: Slowking|Sludge Bomb|p2a: Monkey\n|-supereffective|p2a: Monkey\n|-damage|p2a: Monkey|0 fnt\n|faint|p2a: Monkey\n|\n|-weather|RainDance|[upkeep]\n|-heal|p1a: Slowking|10\/100|[from] Grassy Terrain\n|-fieldend|move: Grassy Terrain\n|upkeep\n|\n|t:|1700174903\n|switch|p2a: Dumbo|Great Tusk|97\/100\n|turn|23\n|\n|t:|1700174909\n|move|p2a: Dumbo|Rapid Spin|p1a: Slowking\n|-damage|p1a: Slowking|0 fnt\n|-boost|p2a: Dumbo|spe|1\n|faint|p1a: Slowking\n|\n|-weather|RainDance|[upkeep]\n|upkeep\n|\n|t:|1700174914\n|switch|p1a: Barraskewda|Barraskewda, M, tera:Ghost|100\/100\n|turn|24\n|\n|t:|1700174919\n|move|p1a: Barraskewda|Liquidation|p2a: Dumbo\n|-supereffective|p2a: Dumbo\n|-damage|p2a: Dumbo|0 fnt\n|faint|p2a: Dumbo\n|-end|p2a: Dumbo|Protosynthesis|[silent]\n|\n|win|OkJuice42069\n|raw|OkJuice42069's rating: 1310 &rarr; <strong>1331<\/strong><br \/>(+21 for winning)\n|raw|Miku de Farnese's rating: 1323 &rarr; <strong>1302<\/strong><br \/>(-21 for losing)\n|l|\u2606Miku de Farnese\n|c|\u2606OkJuice42069|gg\n","uploadtime":1700174927,"views":8,"p1id":"okjuice42069","p2id":"mikudefarnese","formatid":"gen9ou","rating":1302,"private":0,"password":""}