{"id":"gen9ou-1993887061","p1":"Yuiisacutie","p2":"t1dalfiofj","format":"[Gen 9] OU","log":"|j|\u2606Yuiisacutie\n|j|\u2606t1dalfiofj\n|t:|1700370271\n|gametype|singles\n|player|p1|Yuiisacutie|2|1345\n|player|p2|t1dalfiofj|101|1392\n|teamsize|p1|6\n|teamsize|p2|6\n|gen|9\n|tier|[Gen 9] OU\n|rated|\n|rule|Sleep Clause Mod: Limit one foe put to sleep\n|rule|Species Clause: Limit one of each Pok\u00e9mon\n|rule|OHKO Clause: OHKO moves are banned\n|rule|Evasion Items Clause: Evasion items are banned\n|rule|Evasion Moves Clause: Evasion moves are banned\n|rule|Endless Battle Clause: Forcing endless battles is banned\n|rule|HP Percentage Mod: HP is shown in percentages\n|clearpoke\n|poke|p1|Ribombee, F|\n|poke|p1|Rillaboom, M|\n|poke|p1|Iron Valiant|\n|poke|p1|Sneasler, M|\n|poke|p1|Iron Moth|\n|poke|p1|Walking Wake|\n|poke|p2|Rillaboom, F|\n|poke|p2|Sneasler, F|\n|poke|p2|Zamazenta-*|\n|poke|p2|Heatran, F|\n|poke|p2|Hatterene, F|\n|poke|p2|Manaphy|\n|teampreview\n|inactive|Battle timer is ON: inactive players will automatically lose when time's up. (requested by Yuiisacutie)\n|\n|t:|1700370301\n|start\n|switch|p1a: Iron Moth|Iron Moth|100\/100\n|switch|p2a: Mr Worldwide|Heatran, F|100\/100\n|-item|p2a: Mr Worldwide|Air Balloon\n|turn|1\n|\n|t:|1700370316\n|move|p1a: Iron Moth|Energy Ball|p2a: Mr Worldwide\n|-resisted|p2a: Mr Worldwide\n|-damage|p2a: Mr Worldwide|95\/100\n|-enditem|p2a: Mr Worldwide|Air Balloon\n|move|p2a: Mr Worldwide|Magma Storm|p1a: Iron Moth\n|-resisted|p1a: Iron Moth\n|-damage|p1a: Iron Moth|79\/100\n|-activate|p1a: Iron Moth|move: Magma Storm|[of] p2a: Mr Worldwide\n|\n|-damage|p1a: Iron Moth|67\/100|[from] move: Magma Storm|[partiallytrapped]\n|upkeep\n|turn|2\n|\n|t:|1700370324\n|move|p1a: Iron Moth|Fiery Dance|p2a: Mr Worldwide\n|-start|p2a: Mr Worldwide|ability: Flash Fire\n|move|p2a: Mr Worldwide|Earth Power|p1a: Iron Moth\n|-supereffective|p1a: Iron Moth\n|-damage|p1a: Iron Moth|0 fnt\n|faint|p1a: Iron Moth\n|-end|p1a: Iron Moth|Quark Drive|[silent]\n|\n|upkeep\n|\n|t:|1700370333\n|switch|p1a: Walking Wake|Walking Wake|100\/100\n|turn|3\n|\n|t:|1700370353\n|-end|p2a: Mr Worldwide|ability: Flash Fire|[silent]\n|switch|p2a: Peculiar Mixture|Manaphy|100\/100\n|move|p1a: Walking Wake|Scald|p2a: Peculiar Mixture\n|-resisted|p2a: Peculiar Mixture\n|-damage|p2a: Peculiar Mixture|75\/100\n|-status|p2a: Peculiar Mixture|brn\n|\n|-heal|p2a: Peculiar Mixture|82\/100 brn|[from] item: Leftovers\n|-damage|p2a: Peculiar Mixture|75\/100 brn|[from] brn\n|upkeep\n|turn|4\n|\n|t:|1700370365\n|-end|p1a: Walking Wake|Protosynthesis|[silent]\n|switch|p1a: Rillaboom|Rillaboom, M|100\/100\n|-fieldstart|move: Grassy Terrain|[from] ability: Grassy Surge|[of] p1a: Rillaboom\n|move|p2a: Peculiar Mixture|Take Heart|p2a: Peculiar Mixture\n|-boost|p2a: Peculiar Mixture|spa|1\n|-boost|p2a: Peculiar Mixture|spd|1\n|-curestatus|p2a: Peculiar Mixture|brn|[msg]\n|\n|-heal|p2a: Peculiar Mixture|82\/100|[from] Grassy Terrain\n|-heal|p2a: Peculiar Mixture|88\/100|[from] item: Leftovers\n|upkeep\n|turn|5\n|inactive|t1dalfiofj has 120 seconds left.\n|\n|t:|1700370394\n|-terastallize|p2a: Peculiar Mixture|Poison\n|move|p2a: Peculiar Mixture|Acid Armor|p2a: Peculiar Mixture\n|-boost|p2a: Peculiar Mixture|def|2\n|move|p1a: Rillaboom|U-turn|p2a: Peculiar Mixture\n|-resisted|p2a: Peculiar Mixture\n|-damage|p2a: Peculiar Mixture|81\/100\n|inactive|Yuiisacutie has 120 seconds left.\n|\n|t:|1700370432\n|switch|p1a: Walking Wake|Walking Wake|100\/100|[from] U-turn\n|\n|-heal|p2a: Peculiar Mixture|88\/100|[from] Grassy Terrain\n|-heal|p2a: Peculiar Mixture|94\/100|[from] item: Leftovers\n|upkeep\n|turn|6\n|\n|t:|1700370438\n|move|p1a: Walking Wake|Scald|p2a: Peculiar Mixture\n|-damage|p2a: Peculiar Mixture|60\/100\n|move|p2a: Peculiar Mixture|Take Heart|p2a: Peculiar Mixture\n|-boost|p2a: Peculiar Mixture|spa|1\n|-boost|p2a: Peculiar Mixture|spd|1\n|\n|-heal|p2a: Peculiar Mixture|66\/100|[from] Grassy Terrain\n|-heal|p2a: Peculiar Mixture|72\/100|[from] item: Leftovers\n|upkeep\n|turn|7\n|inactive|Yuiisacutie has 120 seconds left.\n|\n|t:|1700370449\n|move|p1a: Walking Wake|Scald|p2a: Peculiar Mixture\n|-damage|p2a: Peculiar Mixture|47\/100\n|move|p2a: Peculiar Mixture|Stored Power|p1a: Walking Wake\n|-damage|p1a: Walking Wake|24\/100\n|\n|-heal|p1a: Walking Wake|31\/100|[from] Grassy Terrain\n|-heal|p2a: Peculiar Mixture|53\/100|[from] Grassy Terrain\n|-heal|p2a: Peculiar Mixture|59\/100|[from] item: Leftovers\n|upkeep\n|turn|8\n|\n|t:|1700370455\n|move|p1a: Walking Wake|Scald|p2a: Peculiar Mixture\n|-damage|p2a: Peculiar Mixture|32\/100\n|-status|p2a: Peculiar Mixture|brn\n|move|p2a: Peculiar Mixture|Stored Power|p1a: Walking Wake\n|-damage|p1a: Walking Wake|0 fnt\n|faint|p1a: Walking Wake\n|-end|p1a: Walking Wake|Protosynthesis|[silent]\n|\n|-heal|p2a: Peculiar Mixture|38\/100 brn|[from] Grassy Terrain\n|-heal|p2a: Peculiar Mixture|45\/100 brn|[from] item: Leftovers\n|-damage|p2a: Peculiar Mixture|38\/100 brn|[from] brn\n|-fieldend|move: Grassy Terrain\n|upkeep\n|inactive|Yuiisacutie has 120 seconds left.\n|\n|t:|1700370469\n|switch|p1a: Sneasler|Sneasler, M|100\/100\n|turn|9\n|\n|t:|1700370488\n|move|p1a: Sneasler|Shadow Claw|p2a: Peculiar Mixture\n|-damage|p2a: Peculiar Mixture|30\/100 brn\n|move|p2a: Peculiar Mixture|Stored Power|p1a: Sneasler\n|-supereffective|p1a: Sneasler\n|-damage|p1a: Sneasler|0 fnt\n|faint|p1a: Sneasler\n|\n|-heal|p2a: Peculiar Mixture|36\/100 brn|[from] item: Leftovers\n|-damage|p2a: Peculiar Mixture|30\/100 brn|[from] brn\n|upkeep\n|-message|Yuiisacutie forfeited.\n|\n|win|t1dalfiofj\n|raw|Yuiisacutie's rating: 1345 &rarr; <strong>1328<\/strong><br \/>(-17 for losing)\n|raw|t1dalfiofj's rating: 1392 &rarr; <strong>1409<\/strong><br \/>(+17 for winning)\n|l|\u2606Yuiisacutie\n","uploadtime":1700370517,"views":19,"p1id":"yuiisacutie","p2id":"t1dalfiofj","formatid":"gen9ou","rating":1328,"private":0,"password":""}