{"id":"gen9ou-1992574907","p1":"Pikesito","p2":"cobaya fighter","format":"[Gen 9] OU","log":"|j|\u2606Pikesito\n|j|\u2606cobaya fighter\n|inactive|Battle timer is ON: inactive players will automatically lose when time's up.\n|t:|1700208481\n|gametype|singles\n|player|p1|Pikesito|penny|\n|player|p2|cobaya fighter|101|\n|teamsize|p1|4\n|teamsize|p2|4\n|gen|9\n|tier|[Gen 9] OU\n|rated|Tournament battle\n|rule|Sleep Clause Mod: Limit one foe put to sleep\n|rule|Species Clause: Limit one of each Pok\u00e9mon\n|rule|OHKO Clause: OHKO moves are banned\n|rule|Evasion Items Clause: Evasion items are banned\n|rule|Evasion Moves Clause: Evasion moves are banned\n|rule|Endless Battle Clause: Forcing endless battles is banned\n|rule|HP Percentage Mod: HP is shown in percentages\n|clearpoke\n|poke|p1|Empoleon, F|\n|poke|p1|Toxapex, M|\n|poke|p1|Mienfoo, M|\n|poke|p1|Magneton|\n|poke|p2|Magcargo, M|\n|poke|p2|Drizzile, F|\n|poke|p2|Cloyster, M|\n|poke|p2|Thwackey, F|\n|teampreview\n|j|*Lady Monita \u2746\n|inactive|Pikesito also wants the timer to be on.\n|\n|t:|1700208502\n|start\n|switch|p1a: Mienfoo|Mienfoo, M|100\/100\n|switch|p2a: Drizzile|Drizzile, F|100\/100\n|turn|1\n|\n|t:|1700208509\n|move|p1a: Mienfoo|Fake Out|p2a: Drizzile\n|-damage|p2a: Drizzile|76\/100\n|cant|p2a: Drizzile|flinch\n|\n|upkeep\n|turn|2\n|\n|t:|1700208518\n|switch|p1a: Empoleon|Empoleon, F|100\/100\n|move|p2a: Drizzile|Substitute|p2a: Drizzile\n|-start|p2a: Drizzile|Substitute\n|-damage|p2a: Drizzile|51\/100\n|\n|upkeep\n|turn|3\n|\n|t:|1700208525\n|move|p2a: Drizzile|Hydro Pump|p1a: Empoleon|[miss]\n|-miss|p2a: Drizzile|p1a: Empoleon\n|move|p1a: Empoleon|Surf|p2a: Drizzile\n|-resisted|p2a: Drizzile\n|-end|p2a: Drizzile|Substitute\n|\n|upkeep\n|turn|4\n|\n|t:|1700208532\n|switch|p2a: Thwackey|Thwackey, F|100\/100\n|move|p1a: Empoleon|Surf|p2a: Thwackey\n|-resisted|p2a: Thwackey\n|-damage|p2a: Thwackey|79\/100\n|\n|upkeep\n|turn|5\n|\n|t:|1700208545\n|switch|p1a: Toxapex|Toxapex, M|100\/100\n|move|p2a: Thwackey|Fake Out|p1a: Toxapex\n|-damage|p1a: Toxapex|96\/100\n|\n|-heal|p1a: Toxapex|100\/100|[from] item: Leftovers\n|upkeep\n|turn|6\n|\n|t:|1700208548\n|move|p2a: Thwackey|Knock Off|p1a: Toxapex\n|-damage|p1a: Toxapex|88\/100\n|-enditem|p1a: Toxapex|Leftovers|[from] move: Knock Off|[of] p2a: Thwackey\n|move|p1a: Toxapex|Toxic Spikes|p2a: Thwackey\n|-sidestart|p2: cobaya fighter|move: Toxic Spikes\n|\n|upkeep\n|turn|7\n|\n|t:|1700208554\n|move|p2a: Thwackey|Leech Seed|p1a: Toxapex\n|-start|p1a: Toxapex|move: Leech Seed\n|move|p1a: Toxapex|Infestation|p2a: Thwackey\n|-supereffective|p2a: Thwackey\n|-damage|p2a: Thwackey|72\/100\n|-activate|p2a: Thwackey|move: Infestation|[of] p1a: Toxapex\n|\n|-damage|p1a: Toxapex|76\/100|[from] Leech Seed|[of] p2a: Thwackey\n|-heal|p2a: Thwackey|83\/100|[silent]\n|-damage|p2a: Thwackey|71\/100|[from] move: Infestation|[partiallytrapped]\n|upkeep\n|turn|8\n|\n|t:|1700208560\n|move|p1a: Toxapex|Baneful Bunker|p1a: Toxapex\n|-singleturn|p1a: Toxapex|move: Protect\n|move|p2a: Thwackey|Grassy Glide|p1a: Toxapex\n|-activate|p1a: Toxapex|move: Protect\n|-status|p2a: Thwackey|psn\n|\n|-damage|p1a: Toxapex|63\/100|[from] Leech Seed|[of] p2a: Thwackey\n|-heal|p2a: Thwackey|82\/100 psn|[silent]\n|-damage|p2a: Thwackey|70\/100 psn|[from] psn\n|-damage|p2a: Thwackey|58\/100 psn|[from] move: Infestation|[partiallytrapped]\n|upkeep\n|turn|9\n|\n|t:|1700208564\n|switch|p1a: Mienfoo|Mienfoo, M|100\/100\n|move|p2a: Thwackey|Grassy Glide|p1a: Mienfoo\n|-damage|p1a: Mienfoo|74\/100\n|\n|-damage|p2a: Thwackey|45\/100 psn|[from] psn\n|-end|p2a: Thwackey|Infestation|[partiallytrapped]|[silent]\n|upkeep\n|turn|10\n|\n|t:|1700208567\n|move|p1a: Mienfoo|Fake Out|p2a: Thwackey\n|-damage|p2a: Thwackey|39\/100 psn\n|cant|p2a: Thwackey|flinch\n|\n|-damage|p2a: Thwackey|26\/100 psn|[from] psn\n|upkeep\n|turn|11\n|\n|t:|1700208570\n|move|p1a: Mienfoo|U-turn|p2a: Thwackey\n|-supereffective|p2a: Thwackey\n|-damage|p2a: Thwackey|5\/100 psn\n|\n|t:|1700208573\n|switch|p1a: Toxapex|Toxapex, M|97\/100|[from] U-turn\n|move|p2a: Thwackey|Leech Seed|p1a: Toxapex\n|-start|p1a: Toxapex|move: Leech Seed\n|\n|-damage|p1a: Toxapex|84\/100|[from] Leech Seed|[of] p2a: Thwackey\n|-heal|p2a: Thwackey|17\/100 psn|[silent]\n|-damage|p2a: Thwackey|4\/100 psn|[from] psn\n|upkeep\n|turn|12\n|\n|t:|1700208579\n|switch|p1a: Mienfoo|Mienfoo, M|74\/100\n|move|p2a: Thwackey|Leech Seed|p1a: Mienfoo\n|-start|p1a: Mienfoo|move: Leech Seed\n|\n|-damage|p1a: Mienfoo|62\/100|[from] Leech Seed|[of] p2a: Thwackey\n|-heal|p2a: Thwackey|12\/100 psn|[silent]\n|-damage|p2a: Thwackey|0 fnt|[from] psn\n|faint|p2a: Thwackey\n|upkeep\n|\n|t:|1700208584\n|switch|p2a: Magcargo|Magcargo, M|100\/100\n|-status|p2a: Magcargo|psn\n|turn|13\n|\n|t:|1700208590\n|switch|p1a: Empoleon|Empoleon, F|100\/100\n|-terastallize|p2a: Magcargo|Grass\n|move|p2a: Magcargo|Shell Smash|p2a: Magcargo\n|-unboost|p2a: Magcargo|def|1\n|-unboost|p2a: Magcargo|spd|1\n|-boost|p2a: Magcargo|atk|2\n|-boost|p2a: Magcargo|spa|2\n|-boost|p2a: Magcargo|spe|2\n|-enditem|p2a: Magcargo|White Herb\n|-clearnegativeboost|p2a: Magcargo|[silent]\n|\n|-damage|p2a: Magcargo|88\/100 psn|[from] psn\n|upkeep\n|turn|14\n|\n|t:|1700208596\n|move|p2a: Magcargo|Tera Blast|p1a: Empoleon|[anim] Tera Blast Grass\n|-damage|p1a: Empoleon|32\/100\n|move|p1a: Empoleon|Flash Cannon|p2a: Magcargo\n|-damage|p2a: Magcargo|27\/100 psn\n|\n|-heal|p1a: Empoleon|38\/100|[from] item: Leftovers\n|-damage|p2a: Magcargo|15\/100 psn|[from] psn\n|upkeep\n|turn|15\n|\n|t:|1700208602\n|move|p1a: Empoleon|Protect|p1a: Empoleon\n|-singleturn|p1a: Empoleon|Protect\n|move|p2a: Magcargo|Tera Blast|p1a: Empoleon|[anim] Tera Blast Grass\n|-activate|p1a: Empoleon|move: Protect\n|\n|-heal|p1a: Empoleon|44\/100|[from] item: Leftovers\n|-damage|p2a: Magcargo|3\/100 psn|[from] psn\n|upkeep\n|turn|16\n|\n|t:|1700208607\n|move|p1a: Empoleon|Protect|p1a: Empoleon\n|-singleturn|p1a: Empoleon|Protect\n|move|p2a: Magcargo|Flamethrower|p1a: Empoleon\n|-activate|p1a: Empoleon|move: Protect\n|\n|-heal|p1a: Empoleon|50\/100|[from] item: Leftovers\n|-damage|p2a: Magcargo|0 fnt|[from] psn\n|faint|p2a: Magcargo\n|upkeep\n|\n|t:|1700208609\n|switch|p2a: Cloyster|Cloyster, M|100\/100\n|-status|p2a: Cloyster|psn\n|turn|17\n|-message|cobaya fighter forfeited.\n|\n|win|Pikesito\n|n|\u2606Pikesito|pikesito\n|n|\u2606cobaya fighter|cobayafighter\n|n|*Lady Monita \u2746|ladymonita\n","uploadtime":1700208616,"views":8,"p1id":"pikesito","p2id":"cobayafighter","formatid":"gen9ou","rating":0,"private":0,"password":""}