{"id":"gen9ou-1993948723","p1":"Songfossil","p2":"nathumain","format":"[Gen 9] OU","log":"|j|\u2606Songfossil\n|j|\u2606nathumain\n|t:|1700380966\n|gametype|singles\n|player|p1|Songfossil|2|1152\n|player|p2|nathumain|colress|1103\n|teamsize|p1|6\n|teamsize|p2|6\n|gen|9\n|tier|[Gen 9] OU\n|rated|\n|rule|Sleep Clause Mod: Limit one foe put to sleep\n|rule|Species Clause: Limit one of each Pok\u00e9mon\n|rule|OHKO Clause: OHKO moves are banned\n|rule|Evasion Items Clause: Evasion items are banned\n|rule|Evasion Moves Clause: Evasion moves are banned\n|rule|Endless Battle Clause: Forcing endless battles is banned\n|rule|HP Percentage Mod: HP is shown in percentages\n|clearpoke\n|poke|p1|Iron Moth|\n|poke|p1|Great Tusk|\n|poke|p1|Rillaboom, F|\n|poke|p1|Samurott-Hisui, M|\n|poke|p1|Enamorus-Therian, F|\n|poke|p1|Munkidori, M|\n|poke|p2|Samurott-Hisui, F|\n|poke|p2|Enamorus, F|\n|poke|p2|Ceruledge, M|\n|poke|p2|Great Tusk|\n|poke|p2|Dragonite, M|\n|poke|p2|Toxapex, M|\n|teampreview\n|inactive|Battle timer is ON: inactive players will automatically lose when time's up. (requested by nathumain)\n|\n|t:|1700380985\n|start\n|switch|p1a: Munkidori|Munkidori, M|100\/100\n|switch|p2a: Samurott|Samurott-Hisui, F|100\/100\n|turn|1\n|\n|t:|1700380997\n|move|p1a: Munkidori|U-turn|p2a: Samurott\n|-supereffective|p2a: Samurott\n|-damage|p2a: Samurott|71\/100\n|\n|t:|1700381004\n|switch|p1a: Great Tusk|Great Tusk|100\/100|[from] U-turn\n|-enditem|p1a: Great Tusk|Booster Energy\n|-activate|p1a: Great Tusk|ability: Protosynthesis|[fromitem]\n|-start|p1a: Great Tusk|protosynthesisatk\n|move|p2a: Samurott|Ceaseless Edge|p1a: Great Tusk\n|-resisted|p1a: Great Tusk\n|-damage|p1a: Great Tusk|83\/100\n|-sidestart|p1: Songfossil|Spikes\n|\n|-heal|p2a: Samurott|77\/100|[from] item: Leftovers\n|upkeep\n|turn|2\n|\n|t:|1700381011\n|move|p1a: Great Tusk|Rapid Spin|p2a: Samurott\n|-damage|p2a: Samurott|46\/100\n|-boost|p1a: Great Tusk|spe|1\n|-sideend|p1: Songfossil|Spikes|[from] move: Rapid Spin|[of] p1a: Great Tusk\n|move|p2a: Samurott|Razor Shell|p1a: Great Tusk\n|-supereffective|p1a: Great Tusk\n|-damage|p1a: Great Tusk|10\/100\n|\n|-heal|p2a: Samurott|52\/100|[from] item: Leftovers\n|upkeep\n|turn|3\n|\n|t:|1700381016\n|move|p2a: Samurott|Aqua Jet|p1a: Great Tusk\n|-supereffective|p1a: Great Tusk\n|-damage|p1a: Great Tusk|0 fnt\n|faint|p1a: Great Tusk\n|-end|p1a: Great Tusk|Protosynthesis|[silent]\n|\n|-heal|p2a: Samurott|58\/100|[from] item: Leftovers\n|upkeep\n|\n|t:|1700381022\n|switch|p1a: Rillaboom|Rillaboom, F|100\/100\n|-fieldstart|move: Grassy Terrain|[from] ability: Grassy Surge|[of] p1a: Rillaboom\n|turn|4\n|\n|t:|1700381031\n|switch|p2a: Enamorus|Enamorus, F|100\/100\n|move|p1a: Rillaboom|Knock Off|p2a: Enamorus\n|-resisted|p2a: Enamorus\n|-damage|p2a: Enamorus|50\/100\n|-enditem|p2a: Enamorus|Heavy-Duty Boots|[from] move: Knock Off|[of] p1a: Rillaboom\n|\n|upkeep\n|turn|5\n|\n|t:|1700381043\n|switch|p1a: Munkidori|Munkidori, M|100\/100\n|move|p2a: Enamorus|Superpower|p1a: Munkidori\n|-resisted|p1a: Munkidori\n|-damage|p1a: Munkidori|87\/100\n|-boost|p2a: Enamorus|atk|1\n|-boost|p2a: Enamorus|def|1\n|\n|-heal|p1a: Munkidori|93\/100|[from] Grassy Terrain\n|upkeep\n|turn|6\n|\n|t:|1700381052\n|switch|p2a: Great Tusk|Great Tusk|100\/100\n|move|p1a: Munkidori|Psychic|p2a: Great Tusk\n|-supereffective|p2a: Great Tusk\n|-damage|p2a: Great Tusk|0 fnt\n|faint|p2a: Great Tusk\n|-end|p2a: Great Tusk|Protosynthesis|[silent]\n|\n|-heal|p1a: Munkidori|99\/100|[from] Grassy Terrain\n|upkeep\n|\n|t:|1700381059\n|switch|p2a: Samurott|Samurott-Hisui, F|58\/100\n|turn|7\n|\n|t:|1700381065\n|switch|p1a: Samurott|Samurott-Hisui, M|100\/100\n|move|p2a: Samurott|Ceaseless Edge|p1a: Samurott\n|-resisted|p1a: Samurott\n|-damage|p1a: Samurott|70\/100\n|-sidestart|p1: Songfossil|Spikes\n|\n|-heal|p1a: Samurott|77\/100|[from] Grassy Terrain\n|-heal|p2a: Samurott|64\/100|[from] Grassy Terrain\n|-heal|p2a: Samurott|71\/100|[from] item: Leftovers\n|upkeep\n|turn|8\n|\n|t:|1700381069\n|move|p1a: Samurott|Sacred Sword|p2a: Samurott\n|-supereffective|p2a: Samurott\n|-damage|p2a: Samurott|0 fnt\n|faint|p2a: Samurott\n|\n|-heal|p1a: Samurott|83\/100|[from] Grassy Terrain\n|-fieldend|move: Grassy Terrain\n|upkeep\n|\n|t:|1700381073\n|switch|p2a: Ceruledge|Ceruledge, M|100\/100\n|turn|9\n|\n|t:|1700381094\n|switch|p1a: Iron Moth|Iron Moth|100\/100\n|-damage|p1a: Iron Moth|88\/100|[from] Spikes\n|-enditem|p1a: Iron Moth|Booster Energy\n|-activate|p1a: Iron Moth|ability: Quark Drive|[fromitem]\n|-start|p1a: Iron Moth|quarkdrivespe\n|move|p2a: Ceruledge|Swords Dance|p2a: Ceruledge\n|-boost|p2a: Ceruledge|atk|2\n|\n|upkeep\n|turn|10\n|\n|t:|1700381117\n|switch|p2a: Toxapex|Toxapex, M|100\/100\n|move|p1a: Iron Moth|Discharge|p2a: Toxapex\n|-supereffective|p2a: Toxapex\n|-damage|p2a: Toxapex|76\/100\n|-status|p2a: Toxapex|par\n|\n|upkeep\n|turn|11\n|\n|t:|1700381139\n|move|p1a: Iron Moth|Fiery Dance|p2a: Toxapex\n|-resisted|p2a: Toxapex\n|-damage|p2a: Toxapex|67\/100 par\n|move|p2a: Toxapex|Icy Wind|p1a: Iron Moth\n|-resisted|p1a: Iron Moth\n|-damage|p1a: Iron Moth|84\/100\n|-unboost|p1a: Iron Moth|spe|1\n|\n|upkeep\n|turn|12\n|\n|t:|1700381150\n|-end|p1a: Iron Moth|Quark Drive|[silent]\n|switch|p1a: Samurott|Samurott-Hisui, M|83\/100\n|-damage|p1a: Samurott|70\/100|[from] Spikes\n|cant|p2a: Toxapex|par\n|\n|upkeep\n|turn|13\n|\n|t:|1700381162\n|move|p1a: Samurott|Aqua Cutter|p2a: Toxapex\n|-resisted|p2a: Toxapex\n|-damage|p2a: Toxapex|48\/100 par\n|cant|p2a: Toxapex|par\n|\n|upkeep\n|turn|14\n|\n|t:|1700381168\n|move|p1a: Samurott|Aqua Cutter|p2a: Toxapex\n|-resisted|p2a: Toxapex\n|-damage|p2a: Toxapex|28\/100 par\n|cant|p2a: Toxapex|par\n|\n|upkeep\n|turn|15\n|\n|t:|1700381178\n|switch|p1a: Munkidori|Munkidori, M|99\/100\n|-damage|p1a: Munkidori|87\/100|[from] Spikes\n|move|p2a: Toxapex|Chilling Water|p1a: Munkidori\n|-damage|p1a: Munkidori|73\/100\n|-unboost|p1a: Munkidori|atk|1\n|\n|upkeep\n|turn|16\n|\n|t:|1700381183\n|switch|p2a: Enamorus|Enamorus, F|50\/100\n|move|p1a: Munkidori|Psychic|p2a: Enamorus\n|-damage|p2a: Enamorus|0 fnt\n|faint|p2a: Enamorus\n|\n|upkeep\n|\n|t:|1700381190\n|switch|p2a: Ceruledge|Ceruledge, M|100\/100\n|turn|17\n|\n|t:|1700381198\n|move|p1a: Munkidori|Psychic|p2a: Ceruledge\n|-damage|p2a: Ceruledge|21\/100\n|move|p2a: Ceruledge|Swords Dance|p2a: Ceruledge\n|-boost|p2a: Ceruledge|atk|2\n|\n|upkeep\n|turn|18\n|-message|nathumain forfeited.\n|\n|win|Songfossil\n|raw|Songfossil's rating: 1121 &rarr; <strong>1145<\/strong><br \/>(+24 for winning)\n|raw|nathumain's rating: 1103 &rarr; <strong>1079<\/strong><br \/>(-24 for losing)\n|l|\u2606nathumain\n","uploadtime":1700381327,"views":9,"p1id":"songfossil","p2id":"nathumain","formatid":"gen9ou","rating":1079,"private":0,"password":""}