{"id":"gen9ou-1990003654","p1":"Busticus","p2":"kcook555","format":"[Gen 9] OU","log":"|j|\u2606Busticus\n|j|\u2606kcook555\n|t:|1699914426\n|gametype|singles\n|player|p1|Busticus|bodybuilder-gen9|\n|player|p2|kcook555|bruno|\n|teamsize|p1|6\n|teamsize|p2|6\n|gen|9\n|tier|[Gen 9] OU\n|rule|Sleep Clause Mod: Limit one foe put to sleep\n|rule|Species Clause: Limit one of each Pok\u00e9mon\n|rule|OHKO Clause: OHKO moves are banned\n|rule|Evasion Items Clause: Evasion items are banned\n|rule|Evasion Moves Clause: Evasion moves are banned\n|rule|Endless Battle Clause: Forcing endless battles is banned\n|rule|HP Percentage Mod: HP is shown in percentages\n|clearpoke\n|poke|p1|Ribombee, F|\n|poke|p1|Yanmega, M|\n|poke|p1|Great Tusk|\n|poke|p1|Gholdengo|\n|poke|p1|Ogerpon-Wellspring, F|\n|poke|p1|Iron Valiant|\n|poke|p2|Glimmora, M|\n|poke|p2|Gholdengo|\n|poke|p2|Dragonite, F|\n|poke|p2|Slowking-Galar, F|\n|poke|p2|Kingambit, M|\n|poke|p2|Grimmsnarl, M|\n|teampreview\n|\n|t:|1699914440\n|start\n|switch|p1a: Mr Bombastick|Ribombee, F|100\/100\n|switch|p2a: Fleshlight|Glimmora, M, shiny|100\/100\n|turn|1\n|\n|t:|1699914455\n|move|p1a: Mr Bombastick|Quiver Dance|p1a: Mr Bombastick\n|-boost|p1a: Mr Bombastick|spa|1\n|-boost|p1a: Mr Bombastick|spd|1\n|-boost|p1a: Mr Bombastick|spe|1\n|move|p2a: Fleshlight|Stealth Rock|p1a: Mr Bombastick\n|-sidestart|p1: Busticus|move: Stealth Rock\n|\n|upkeep\n|turn|2\n|j| Pokemon Bradford\n|\n|t:|1699914479\n|switch|p2a: Grimmsnarl|Grimmsnarl, M, shiny|100\/100\n|move|p1a: Mr Bombastick|Sticky Web|p2a: Grimmsnarl\n|-sidestart|p2: kcook555|move: Sticky Web\n|\n|upkeep\n|turn|3\n|\n|t:|1699914491\n|move|p2a: Grimmsnarl|Light Screen|p2a: Grimmsnarl\n|-sidestart|p2: kcook555|move: Light Screen\n|move|p1a: Mr Bombastick|Moonblast|p2a: Grimmsnarl\n|-supereffective|p2a: Grimmsnarl\n|-damage|p2a: Grimmsnarl|58\/100\n|\n|upkeep\n|turn|4\n|\n|t:|1699914500\n|switch|p1a: Spin Da Block|Great Tusk|100\/100\n|-damage|p1a: Spin Da Block|98\/100|[from] Stealth Rock\n|-enditem|p1a: Spin Da Block|Booster Energy\n|-activate|p1a: Spin Da Block|ability: Protosynthesis|[fromitem]\n|-start|p1a: Spin Da Block|protosynthesisatk\n|move|p2a: Grimmsnarl|Parting Shot|p1a: Spin Da Block\n|-unboost|p1a: Spin Da Block|atk|1\n|-unboost|p1a: Spin Da Block|spa|1\n|\n|t:|1699914510\n|switch|p2a: Gholdengo|Gholdengo, shiny|100\/100|[from] Parting Shot\n|-activate|p2a: Gholdengo|move: Sticky Web\n|-unboost|p2a: Gholdengo|spe|1\n|\n|upkeep\n|turn|5\n|\n|t:|1699914531\n|move|p1a: Spin Da Block|Headlong Rush|p2a: Gholdengo\n|-supereffective|p2a: Gholdengo\n|-damage|p2a: Gholdengo|5\/100\n|-unboost|p1a: Spin Da Block|def|1\n|-unboost|p1a: Spin Da Block|spd|1\n|move|p2a: Gholdengo|Nasty Plot|p2a: Gholdengo\n|-boost|p2a: Gholdengo|spa|2\n|\n|upkeep\n|turn|6\n|\n|t:|1699914560\n|switch|p2a: Dragonite|Dragonite, F, shiny|100\/100\n|move|p1a: Spin Da Block|Ice Spinner|p2a: Dragonite\n|-supereffective|p2a: Dragonite\n|-damage|p2a: Dragonite|45\/100\n|\n|upkeep\n|turn|7\n|\n|t:|1699914586\n|switch|p2a: Fleshlight|Glimmora, M, shiny|100\/100\n|-activate|p2a: Fleshlight|move: Sticky Web\n|-unboost|p2a: Fleshlight|spe|1\n|move|p1a: Spin Da Block|Ice Spinner|p2a: Fleshlight\n|-damage|p2a: Fleshlight|71\/100\n|-activate|p2a: Fleshlight|ability: Toxic Debris\n|-sidestart|p1: Busticus|move: Toxic Spikes\n|\n|upkeep\n|turn|8\n|\n|t:|1699914644\n|-end|p1a: Spin Da Block|Protosynthesis|[silent]\n|switch|p1a: Gholden Joe|Gholdengo|100\/100\n|-damage|p1a: Gholden Joe|94\/100|[from] Stealth Rock\n|-item|p1a: Gholden Joe|Air Balloon\n|-terastallize|p2a: Fleshlight|Ghost\n|move|p2a: Fleshlight|Energy Ball|p1a: Gholden Joe\n|-resisted|p1a: Gholden Joe\n|-damage|p1a: Gholden Joe|78\/100\n|-unboost|p1a: Gholden Joe|spd|1\n|-enditem|p1a: Gholden Joe|Air Balloon\n|\n|upkeep\n|turn|9\n|\n|t:|1699914691\n|-terastallize|p1a: Gholden Joe|Fairy\n|move|p1a: Gholden Joe|Nasty Plot|p1a: Gholden Joe\n|-boost|p1a: Gholden Joe|spa|2\n|move|p2a: Fleshlight|Earth Power|p1a: Gholden Joe\n|-damage|p1a: Gholden Joe|34\/100\n|-unboost|p1a: Gholden Joe|spd|1\n|\n|upkeep\n|turn|10\n|\n|t:|1699914704\n|move|p1a: Gholden Joe|Shadow Ball|p2a: Fleshlight\n|-supereffective|p2a: Fleshlight\n|-damage|p2a: Fleshlight|0 fnt\n|faint|p2a: Fleshlight\n|\n|-sideend|p2: kcook555|move: Light Screen\n|upkeep\n|\n|t:|1699914717\n|switch|p2a: Dragonite|Dragonite, F, shiny|45\/100\n|turn|11\n|\n|t:|1699914748\n|move|p2a: Dragonite|Extreme Speed|p1a: Gholden Joe\n|-damage|p1a: Gholden Joe|10\/100\n|move|p1a: Gholden Joe|Recover|p1a: Gholden Joe\n|-heal|p1a: Gholden Joe|60\/100\n|\n|upkeep\n|turn|12\n|\n|t:|1699914770\n|move|p2a: Dragonite|Extreme Speed|p1a: Gholden Joe\n|-damage|p1a: Gholden Joe|35\/100\n|move|p1a: Gholden Joe|Shadow Ball|p2a: Dragonite\n|-damage|p2a: Dragonite|0 fnt\n|faint|p2a: Dragonite\n|\n|upkeep\n|\n|t:|1699914777\n|switch|p2a: Slowking|Slowking-Galar, F, shiny|100\/100\n|-activate|p2a: Slowking|move: Sticky Web\n|-unboost|p2a: Slowking|spe|1\n|turn|13\n|\n|t:|1699914804\n|switch|p1a: Mr Bombastick|Ribombee, F|100\/100\n|-damage|p1a: Mr Bombastick|76\/100|[from] Stealth Rock\n|-status|p1a: Mr Bombastick|psn\n|move|p2a: Slowking|Future Sight|p1a: Mr Bombastick\n|-start|p2a: Slowking|move: Future Sight\n|\n|-damage|p1a: Mr Bombastick|63\/100 psn|[from] psn\n|upkeep\n|turn|14\n|\n|t:|1699914821\n|move|p1a: Mr Bombastick|Moonblast|p2a: Slowking\n|-resisted|p2a: Slowking\n|-damage|p2a: Slowking|91\/100\n|move|p2a: Slowking|Sludge Bomb|p1a: Mr Bombastick\n|-supereffective|p1a: Mr Bombastick\n|-damage|p1a: Mr Bombastick|0 fnt\n|faint|p1a: Mr Bombastick\n|\n|upkeep\n|\n|t:|1699914846\n|switch|p1a: Ogerporn|Ogerpon-Wellspring, F|100\/100\n|-damage|p1a: Ogerporn|88\/100|[from] Stealth Rock\n|-status|p1a: Ogerporn|psn\n|turn|15\n|\n|t:|1699914858\n|move|p1a: Ogerporn|Ivy Cudgel|p2a: Slowking\n|-damage|p2a: Slowking|32\/100\n|move|p2a: Slowking|Sludge Bomb|p1a: Ogerporn\n|-supereffective|p1a: Ogerporn\n|-damage|p1a: Ogerporn|8\/100 psn\n|\n|-end|p1a: Ogerporn|move: Future Sight\n|-damage|p1a: Ogerporn|0 fnt\n|faint|p1a: Ogerporn\n|upkeep\n|\n|t:|1699914896\n|switch|p1a: Spin Da Block|Great Tusk|98\/100\n|-damage|p1a: Spin Da Block|95\/100|[from] Stealth Rock\n|-status|p1a: Spin Da Block|psn\n|turn|16\n|c|\u2606kcook555|I made a mistake a while back that might cost me everythign\n|\n|t:|1699914911\n|move|p1a: Spin Da Block|Headlong Rush|p2a: Slowking\n|-supereffective|p2a: Slowking\n|-damage|p2a: Slowking|0 fnt\n|-unboost|p1a: Spin Da Block|def|1\n|-unboost|p1a: Spin Da Block|spd|1\n|faint|p2a: Slowking\n|\n|-damage|p1a: Spin Da Block|82\/100 psn|[from] psn\n|upkeep\n|\n|t:|1699914919\n|switch|p2a: Grimmsnarl|Grimmsnarl, M, shiny|58\/100\n|-activate|p2a: Grimmsnarl|move: Sticky Web\n|-unboost|p2a: Grimmsnarl|spe|1\n|turn|17\n|\n|t:|1699914934\n|move|p2a: Grimmsnarl|Reflect|p2a: Grimmsnarl\n|-sidestart|p2: kcook555|Reflect\n|move|p1a: Spin Da Block|Bulk Up|p1a: Spin Da Block\n|-boost|p1a: Spin Da Block|atk|1\n|-boost|p1a: Spin Da Block|def|1\n|\n|-damage|p1a: Spin Da Block|70\/100 psn|[from] psn\n|upkeep\n|turn|18\n|\n|t:|1699914955\n|move|p2a: Grimmsnarl|Taunt|p1a: Spin Da Block\n|-start|p1a: Spin Da Block|move: Taunt\n|move|p1a: Spin Da Block|Rapid Spin|p2a: Grimmsnarl\n|-damage|p2a: Grimmsnarl|41\/100\n|-boost|p1a: Spin Da Block|spe|1\n|-sideend|p1: Busticus|Toxic Spikes|[from] move: Rapid Spin|[of] p1a: Spin Da Block\n|-sideend|p1: Busticus|Stealth Rock|[from] move: Rapid Spin|[of] p1a: Spin Da Block\n|\n|-damage|p1a: Spin Da Block|57\/100 psn|[from] psn\n|upkeep\n|turn|19\n|\n|t:|1699914977\n|-end|p1a: Spin Da Block|Protosynthesis|[silent]\n|switch|p1a: Femboy Hooters|Iron Valiant|100\/100\n|-enditem|p1a: Femboy Hooters|Booster Energy\n|-activate|p1a: Femboy Hooters|ability: Quark Drive|[fromitem]\n|-start|p1a: Femboy Hooters|quarkdrivespe\n|move|p2a: Grimmsnarl|Parting Shot|p1a: Femboy Hooters\n|-unboost|p1a: Femboy Hooters|atk|1\n|-unboost|p1a: Femboy Hooters|spa|1\n|\n|t:|1699914995\n|switch|p2a: Gholdengo|Gholdengo, shiny|5\/100|[from] Parting Shot\n|-activate|p2a: Gholdengo|move: Sticky Web\n|-unboost|p2a: Gholdengo|spe|1\n|\n|upkeep\n|turn|20\n|\n|t:|1699915005\n|move|p1a: Femboy Hooters|Moonblast|p2a: Gholdengo\n|-resisted|p2a: Gholdengo\n|-damage|p2a: Gholdengo|0 fnt\n|faint|p2a: Gholdengo\n|\n|upkeep\n|\n|t:|1699915012\n|switch|p2a: Grimmsnarl|Grimmsnarl, M, shiny|41\/100\n|-activate|p2a: Grimmsnarl|move: Sticky Web\n|-unboost|p2a: Grimmsnarl|spe|1\n|turn|21\n|\n|t:|1699915021\n|move|p2a: Grimmsnarl|Light Screen|p2a: Grimmsnarl\n|-sidestart|p2: kcook555|move: Light Screen\n|move|p1a: Femboy Hooters|Calm Mind|p1a: Femboy Hooters\n|-boost|p1a: Femboy Hooters|spa|1\n|-boost|p1a: Femboy Hooters|spd|1\n|\n|upkeep\n|turn|22\n|\n|t:|1699915042\n|move|p2a: Grimmsnarl|Parting Shot|p1a: Femboy Hooters\n|-unboost|p1a: Femboy Hooters|atk|1\n|-unboost|p1a: Femboy Hooters|spa|1\n|\n|t:|1699915045\n|switch|p2a: Kingambit|Kingambit, M, shiny|100\/100|[from] Parting Shot\n|-activate|p2a: Kingambit|move: Sticky Web\n|-unboost|p2a: Kingambit|spe|1\n|-activate|p2a: Kingambit|ability: Supreme Overlord\n|-start|p2a: Kingambit|fallen4|[silent]\n|move|p1a: Femboy Hooters|Calm Mind|p1a: Femboy Hooters\n|-boost|p1a: Femboy Hooters|spa|1\n|-boost|p1a: Femboy Hooters|spd|1\n|\n|upkeep\n|turn|23\n|\n|t:|1699915059\n|move|p2a: Kingambit|Sucker Punch|p1a: Femboy Hooters\n|-resisted|p1a: Femboy Hooters\n|-damage|p1a: Femboy Hooters|76\/100\n|move|p1a: Femboy Hooters|Aura Sphere|p2a: Kingambit\n|-supereffective|p2a: Kingambit\n|-damage|p2a: Kingambit|29\/100\n|\n|upkeep\n|turn|24\n|\n|t:|1699915084\n|move|p1a: Femboy Hooters|Aura Sphere|p2a: Kingambit\n|-supereffective|p2a: Kingambit\n|-damage|p2a: Kingambit|0 fnt\n|faint|p2a: Kingambit\n|-end|p2a: Kingambit|fallen4|[silent]\n|\n|-sideend|p2: kcook555|Reflect\n|upkeep\n|\n|t:|1699915089\n|switch|p2a: Grimmsnarl|Grimmsnarl, M, shiny|41\/100\n|-activate|p2a: Grimmsnarl|move: Sticky Web\n|-unboost|p2a: Grimmsnarl|spe|1\n|turn|25\n|c|\u2606Busticus|good game\n|\n|t:|1699915095\n|move|p2a: Grimmsnarl|Taunt|p1a: Femboy Hooters\n|-start|p1a: Femboy Hooters|move: Taunt\n|move|p1a: Femboy Hooters|Moonblast|p2a: Grimmsnarl\n|-supereffective|p2a: Grimmsnarl\n|-damage|p2a: Grimmsnarl|5\/100\n|\n|upkeep\n|turn|26\n|c|\u2606kcook555|gg\n|\n|t:|1699915103\n|move|p2a: Grimmsnarl|Taunt||[still]\n|-fail|p2a: Grimmsnarl\n|move|p1a: Femboy Hooters|Moonblast|p2a: Grimmsnarl\n|-supereffective|p2a: Grimmsnarl\n|-damage|p2a: Grimmsnarl|0 fnt\n|faint|p2a: Grimmsnarl\n|\n|win|Busticus\n|c|\u2606Busticus|ill get replaty\n|c|\u2606Busticus|play.\n","uploadtime":1699915117,"views":11,"p1id":"busticus","p2id":"kcook555","formatid":"gen9ou","rating":0,"private":0,"password":""}