{"id":"gen9ou-1996298896","p1":"TigerSpace02","p2":"MoEB_zaktrap182","format":"[Gen 9] OU","log":"|j|\u2606TigerSpace02\n|j|\u2606MoEB_zaktrap182\n|t:|1700668824\n|gametype|singles\n|player|p1|TigerSpace02|blackbelt-gen4dp|\n|player|p2|MoEB_zaktrap182|fisherman-gen4|\n|teamsize|p1|4\n|teamsize|p2|4\n|gen|9\n|tier|[Gen 9] OU\n|rule|Sleep Clause Mod: Limit one foe put to sleep\n|rule|Species Clause: Limit one of each Pok\u00e9mon\n|rule|OHKO Clause: OHKO moves are banned\n|rule|Evasion Items Clause: Evasion items are banned\n|rule|Evasion Moves Clause: Evasion moves are banned\n|rule|Endless Battle Clause: Forcing endless battles is banned\n|rule|HP Percentage Mod: HP is shown in percentages\n|clearpoke\n|poke|p1|Kleavor, F|\n|poke|p1|Clodsire, M|\n|poke|p1|Sandy Shocks|\n|poke|p1|Iron Valiant|\n|poke|p2|Cloyster, M|\n|poke|p2|Dragapult, F|\n|poke|p2|Corviknight, M|\n|poke|p2|Ninetales-Alola, M|\n|teampreview\n|inactive|Battle timer is ON: inactive players will automatically lose when time's up. (requested by TigerSpace02)\n|\n|t:|1700668847\n|start\n|switch|p1a: Kleavor|Kleavor, F|100\/100\n|switch|p2a: Ninetales|Ninetales-Alola, M|100\/100\n|-weather|Snow|[from] ability: Snow Warning|[of] p2a: Ninetales\n|-item|p2a: Ninetales|Air Balloon\n|turn|1\n|j| RexxFox\n|\n|t:|1700668870\n|move|p2a: Ninetales|Aurora Veil|p2a: Ninetales\n|-sidestart|p2: MoEB_zaktrap182|move: Aurora Veil\n|move|p1a: Kleavor|Stone Axe|p2a: Ninetales\n|-supereffective|p2a: Ninetales\n|-damage|p2a: Ninetales|35\/100\n|-enditem|p2a: Ninetales|Air Balloon\n|-sidestart|p2: MoEB_zaktrap182|move: Stealth Rock\n|\n|-weather|Snow|[upkeep]\n|upkeep\n|turn|2\n|j| meykii\n|j| guzmfran\n|\n|t:|1700668882\n|move|p2a: Ninetales|Ice Beam|p1a: Kleavor\n|-damage|p1a: Kleavor|47\/100\n|move|p1a: Kleavor|Stone Axe|p2a: Ninetales\n|-supereffective|p2a: Ninetales\n|-damage|p2a: Ninetales|0 fnt\n|faint|p2a: Ninetales\n|\n|-weather|Snow|[upkeep]\n|upkeep\n|j| MtyMiltanks\n|inactive|MoEB_zaktrap182 has 270 seconds left.\n|\n|t:|1700668899\n|switch|p2a: Cloyster|Cloyster, M, shiny|100\/100\n|-damage|p2a: Cloyster|76\/100|[from] Stealth Rock\n|turn|3\n|j| Kakashihatake101\n|inactive|MoEB_zaktrap182 has 270 seconds left.\n|\n|t:|1700668911\n|move|p1a: Kleavor|Stone Axe|p2a: Cloyster\n|-supereffective|p2a: Cloyster\n|-damage|p2a: Cloyster|40\/100\n|move|p2a: Cloyster|Shell Smash|p2a: Cloyster\n|-unboost|p2a: Cloyster|def|1\n|-unboost|p2a: Cloyster|spd|1\n|-boost|p2a: Cloyster|atk|2\n|-boost|p2a: Cloyster|spa|2\n|-boost|p2a: Cloyster|spe|2\n|-enditem|p2a: Cloyster|White Herb\n|-clearnegativeboost|p2a: Cloyster|[silent]\n|\n|-weather|Snow|[upkeep]\n|upkeep\n|turn|4\n|inactive|MoEB_zaktrap182 has 270 seconds left.\n|\n|t:|1700668931\n|move|p2a: Cloyster|Icicle Spear|p1a: Kleavor\n|-damage|p1a: Kleavor|20\/100\n|-crit|p1a: Kleavor\n|-damage|p1a: Kleavor|0 fnt\n|faint|p1a: Kleavor\n|-hitcount|p1: Kleavor|2\n|\n|-weather|Snow|[upkeep]\n|upkeep\n|\n|t:|1700668941\n|switch|p1a: Iron Valiant|Iron Valiant|100\/100\n|turn|5\n|inactive|MoEB_zaktrap182 has 270 seconds left.\n|\n|t:|1700668952\n|move|p2a: Cloyster|Icicle Spear|p1a: Iron Valiant\n|-damage|p1a: Iron Valiant|75\/100\n|-damage|p1a: Iron Valiant|49\/100\n|-damage|p1a: Iron Valiant|21\/100\n|-crit|p1a: Iron Valiant\n|-damage|p1a: Iron Valiant|0 fnt\n|faint|p1a: Iron Valiant\n|-end|p1a: Iron Valiant|Quark Drive|[silent]\n|-hitcount|p1: Iron Valiant|4\n|\n|-weather|none\n|-sideend|p2: MoEB_zaktrap182|move: Aurora Veil\n|upkeep\n|\n|t:|1700668963\n|switch|p1a: Sandy Shocks|Sandy Shocks|100\/100\n|turn|6\n|\n|t:|1700668969\n|-terastallize|p1a: Sandy Shocks|Fairy\n|move|p2a: Cloyster|Icicle Spear|p1a: Sandy Shocks\n|-damage|p1a: Sandy Shocks|78\/100\n|-damage|p1a: Sandy Shocks|55\/100\n|-damage|p1a: Sandy Shocks|32\/100\n|-crit|p1a: Sandy Shocks\n|-damage|p1a: Sandy Shocks|1\/100\n|-damage|p1a: Sandy Shocks|0 fnt\n|faint|p1a: Sandy Shocks\n|-end|p1a: Sandy Shocks|Protosynthesis|[silent]\n|-hitcount|p1: Sandy Shocks|5\n|\n|upkeep\n|\n|t:|1700668973\n|switch|p1a: Clodsire|Clodsire, M|100\/100\n|turn|7\n|\n|t:|1700668983\n|move|p2a: Cloyster|Icicle Spear|p1a: Clodsire\n|-supereffective|p1a: Clodsire\n|-damage|p1a: Clodsire|83\/100\n|-supereffective|p1a: Clodsire\n|-damage|p1a: Clodsire|65\/100\n|-supereffective|p1a: Clodsire\n|-damage|p1a: Clodsire|49\/100\n|-supereffective|p1a: Clodsire\n|-crit|p1a: Clodsire\n|-damage|p1a: Clodsire|20\/100\n|-supereffective|p1a: Clodsire\n|-damage|p1a: Clodsire|2\/100\n|-hitcount|p1a: Clodsire|5\n|move|p1a: Clodsire|Counter|p2a: Cloyster\n|-damage|p2a: Cloyster|0 fnt\n|faint|p2a: Cloyster\n|\n|-heal|p1a: Clodsire|8\/100|[from] item: Leftovers\n|upkeep\n|inactive|MoEB_zaktrap182 has 270 seconds left.\n|\n|t:|1700669006\n|switch|p2a: Dragapult|Dragapult, F, shiny|100\/100\n|-damage|p2a: Dragapult|88\/100|[from] Stealth Rock\n|turn|8\n|l| Kakashihatake101\n|\n|t:|1700669018\n|move|p2a: Dragapult|Psychic Fangs|p1a: Clodsire\n|-supereffective|p1a: Clodsire\n|-damage|p1a: Clodsire|0 fnt\n|faint|p1a: Clodsire\n|\n|win|MoEB_zaktrap182\n|l|\u2606TigerSpace02\n|l| RexxFox\n|j| Kakashihatake101\n|c|\u2606MoEB_zaktrap182|Gg\n|l| MtyMiltanks\n|l| guzmfran\n|l| Kakashihatake101\n|j| Horse95\n|l| Horse95\n|j| Horse95\n|j| guzmfran\n|l| Horse95\n|l| guzmfran\n|j| aceman2798\n|j| IcyZoroark\n|l|\u2606MoEB_zaktrap182\n|l| IcyZoroark\n|j| LogIce\n","uploadtime":1700669042,"views":1,"p1id":"tigerspace02","p2id":"moebzaktrap182","formatid":"gen9ou","rating":0,"private":0,"password":""}