{"id":"gen9ou-1990093321","p1":"Angel_Oceanpart","p2":"kookies&kilik","format":"[Gen 9] OU","log":"|j|\u2606Angel_Oceanpart\n|j|\u2606kookies&kilik\n|t:|1699923800\n|gametype|singles\n|player|p1|Angel_Oceanpart|preschoolerf|1160\n|player|p2|kookies&kilik|iris-gen5bw2|1102\n|teamsize|p1|6\n|teamsize|p2|6\n|gen|9\n|tier|[Gen 9] OU\n|rated|\n|rule|Sleep Clause Mod: Limit one foe put to sleep\n|rule|Species Clause: Limit one of each Pok\u00e9mon\n|rule|OHKO Clause: OHKO moves are banned\n|rule|Evasion Items Clause: Evasion items are banned\n|rule|Evasion Moves Clause: Evasion moves are banned\n|rule|Endless Battle Clause: Forcing endless battles is banned\n|rule|HP Percentage Mod: HP is shown in percentages\n|clearpoke\n|poke|p1|Ditto|\n|poke|p1|Alomomola, F|\n|poke|p1|Corviknight, M|\n|poke|p1|Heatran, M|\n|poke|p1|Pawmot, M|\n|poke|p1|Zoroark, M|\n|poke|p2|Politoed, M|\n|poke|p2|Thundurus-Therian, M|\n|poke|p2|Ludicolo, M|\n|poke|p2|Goodra, M|\n|poke|p2|Quaquaval, M|\n|poke|p2|Clodsire, F|\n|teampreview\n|inactive|Battle timer is ON: inactive players will automatically lose when time's up. (requested by Angel_Oceanpart)\n|\n|t:|1699923825\n|start\n|switch|p1a: Retry|Pawmot, M|100\/100\n|switch|p2a: Nudy|Politoed, M|100\/100\n|-weather|RainDance|[from] ability: Drizzle|[of] p2a: Nudy\n|turn|1\n|\n|t:|1699923830\n|switch|p2a: okra|Thundurus-Therian, M|100\/100\n|move|p1a: Retry|Double Shock|p2a: okra\n|-immune|p2a: okra|[from] ability: Volt Absorb\n|\n|-weather|RainDance|[upkeep]\n|upkeep\n|turn|2\n|\n|t:|1699923838\n|switch|p1a: Betrayal|Heatran, M|100\/100\n|move|p2a: okra|Psychic|p1a: Betrayal\n|-resisted|p1a: Betrayal\n|-damage|p1a: Betrayal|87\/100\n|\n|-weather|RainDance|[upkeep]\n|upkeep\n|turn|3\n|\n|t:|1699923848\n|move|p2a: okra|Volt Switch|p1a: Betrayal\n|-damage|p1a: Betrayal|45\/100\n|\n|t:|1699923851\n|switch|p2a: McChicken|Clodsire, F|100\/100|[from] Volt Switch\n|move|p1a: Betrayal|Overheat|p2a: McChicken\n|-damage|p2a: McChicken|56\/100\n|-unboost|p1a: Betrayal|spa|2\n|\n|-weather|RainDance|[upkeep]\n|-heal|p2a: McChicken|63\/100|[from] item: Black Sludge\n|upkeep\n|turn|4\n|\n|t:|1699923860\n|switch|p1a: Tora|Alomomola, F|100\/100\n|move|p2a: McChicken|Earthquake|p1a: Tora\n|-damage|p1a: Tora|80\/100\n|-enditem|p1a: Tora|Red Card|[of] p2a: McChicken\n|drag|p2a: passion fruit|Goodra, M|100\/100\n|\n|-weather|RainDance|[upkeep]\n|upkeep\n|turn|5\n|\n|t:|1699923867\n|move|p2a: passion fruit|Power Whip|p1a: Tora\n|-supereffective|p1a: Tora\n|-damage|p1a: Tora|41\/100\n|move|p1a: Tora|Flip Turn|p2a: passion fruit\n|-resisted|p2a: passion fruit\n|-damage|p2a: passion fruit|85\/100\n|\n|t:|1699923872\n|switch|p1a: Forgive|Corviknight, M|100\/100|[from] Flip Turn\n|\n|-weather|RainDance|[upkeep]\n|upkeep\n|turn|6\n|\n|t:|1699923875\n|-terastallize|p1a: Forgive|Ice\n|move|p1a: Forgive|Tera Blast|p2a: passion fruit|[anim] Tera Blast Ice\n|-supereffective|p2a: passion fruit\n|-damage|p2a: passion fruit|2\/100\n|move|p2a: passion fruit|Fire Punch|p1a: Forgive\n|-supereffective|p1a: Forgive\n|-damage|p1a: Forgive|55\/100\n|replace|p1a: Forget|Zoroark, M\n|-end|p1a: Forget|Illusion\n|\n|-weather|RainDance|[upkeep]\n|upkeep\n|turn|7\n|\n|t:|1699923890\n|switch|p2a: fish n\u2019 chips|Quaquaval, M|100\/100\n|move|p1a: Forget|Tera Blast|p2a: fish n\u2019 chips|[anim] Tera Blast Ice\n|-resisted|p2a: fish n\u2019 chips\n|-damage|p2a: fish n\u2019 chips|77\/100\n|\n|-weather|RainDance|[upkeep]\n|upkeep\n|turn|8\n|\n|t:|1699923898\n|switch|p1a: Tora|Alomomola, F|74\/100\n|move|p2a: fish n\u2019 chips|Aqua Step|p1a: Tora\n|-resisted|p1a: Tora\n|-damage|p1a: Tora|59\/100\n|-boost|p2a: fish n\u2019 chips|spe|1\n|\n|-weather|none\n|upkeep\n|turn|9\n|\n|t:|1699923908\n|move|p2a: fish n\u2019 chips|Close Combat|p1a: Tora\n|-damage|p1a: Tora|26\/100\n|-unboost|p2a: fish n\u2019 chips|def|1\n|-unboost|p2a: fish n\u2019 chips|spd|1\n|move|p1a: Tora|Wish|p1a: Tora\n|\n|upkeep\n|turn|10\n|\n|t:|1699923916\n|switch|p1a: Forgive|Corviknight, M|100\/100\n|-ability|p1a: Forgive|Pressure\n|move|p2a: fish n\u2019 chips|Close Combat|p1a: Forgive\n|-damage|p1a: Forgive|65\/100\n|-unboost|p2a: fish n\u2019 chips|def|1\n|-unboost|p2a: fish n\u2019 chips|spd|1\n|\n|-heal|p1a: Forgive|100\/100|[from] move: Wish|[wisher] Tora\n|upkeep\n|turn|11\n|\n|t:|1699923934\n|switch|p2a: Nudy|Politoed, M|100\/100\n|-weather|RainDance|[from] ability: Drizzle|[of] p2a: Nudy\n|move|p1a: Forgive|Brave Bird|p2a: Nudy\n|-damage|p2a: Nudy|60\/100\n|-damage|p1a: Forgive|88\/100|[from] Recoil\n|\n|-weather|RainDance|[upkeep]\n|-heal|p1a: Forgive|94\/100|[from] item: Leftovers\n|upkeep\n|turn|12\n|\n|t:|1699923943\n|switch|p2a: okra|Thundurus-Therian, M|100\/100\n|move|p1a: Forgive|Brave Bird|p2a: okra\n|-resisted|p2a: okra\n|-damage|p2a: okra|72\/100\n|-damage|p1a: Forgive|87\/100|[from] Recoil\n|\n|-weather|RainDance|[upkeep]\n|-heal|p1a: Forgive|93\/100|[from] item: Leftovers\n|upkeep\n|turn|13\n|\n|t:|1699923953\n|move|p2a: okra|Psychic|p1a: Forgive\n|-resisted|p1a: Forgive\n|-damage|p1a: Forgive|78\/100\n|move|p1a: Forgive|U-turn|p2a: okra\n|-resisted|p2a: okra\n|-damage|p2a: okra|61\/100\n|\n|t:|1699923959\n|switch|p1a: Tora|Alomomola, F, tera:Ice|55\/100|[from] U-turn\n|\n|-weather|RainDance|[upkeep]\n|upkeep\n|turn|14\n|\n|t:|1699923963\n|move|p1a: Tora|Tera Blast|p2a: okra|[anim] Tera Blast Ice\n|-supereffective|p2a: okra\n|-damage|p2a: okra|0 fnt\n|faint|p2a: okra\n|\n|-weather|RainDance|[upkeep]\n|upkeep\n|c|\u2606kookies&kilik|what\n|c|\u2606kookies&kilik|how is it faster\n|inactive|kookies&kilik has 120 seconds left.\n|c|\u2606Angel_Oceanpart|Because its not Alomomola?\n|\n|t:|1699924005\n|switch|p2a: fish n\u2019 chips|Quaquaval, M|77\/100\n|turn|15\n|\n|t:|1699924008\n|switch|p1a: Forgive|Corviknight, M|78\/100\n|-ability|p1a: Forgive|Pressure\n|switch|p2a: duck meat|Ludicolo, M|100\/100\n|\n|-weather|RainDance|[upkeep]\n|-heal|p1a: Forgive|84\/100|[from] item: Leftovers\n|upkeep\n|turn|16\n|c|\u2606kookies&kilik|oh my god\n|inactive|kookies&kilik has 120 seconds left.\n|c|\u2606kookies&kilik|\ud83e\udd26\ud83c\udffe\u200d\u2642\ufe0f\n|c|\u2606Angel_Oceanpart|XD\n|\n|t:|1699924032\n|move|p2a: duck meat|Surf|p1a: Forgive\n|-crit|p1a: Forgive\n|-damage|p1a: Forgive|0 fnt\n|faint|p1a: Forgive\n|-damage|p2a: duck meat|91\/100|[from] item: Life Orb\n|\n|-weather|RainDance|[upkeep]\n|upkeep\n|c|\u2606Angel_Oceanpart|oh?\n|\n|t:|1699924048\n|switch|p1a: Tori|Ditto|100\/100\n|-transform|p1a: Tori|p2a: duck meat|[from] ability: Imposter\n|turn|17\n|inactive|kookies&kilik has 120 seconds left.\n|c|\u2606kookies&kilik|i should have known\n|\n|t:|1699924073\n|switch|p2a: passion fruit|Goodra, M|2\/100\n|move|p1a: Tori|Ice Beam|p2a: passion fruit\n|-supereffective|p2a: passion fruit\n|-crit|p2a: passion fruit\n|-damage|p2a: passion fruit|0 fnt\n|faint|p2a: passion fruit\n|\n|-weather|RainDance|[upkeep]\n|upkeep\n|\n|t:|1699924086\n|switch|p2a: McChicken|Clodsire, F|63\/100\n|turn|18\n|c|\u2606Angel_Oceanpart|Yeah I thought the ice tera gave it away\n|\n|t:|1699924091\n|move|p1a: Tori|Ice Beam|p2a: McChicken\n|-supereffective|p2a: McChicken\n|-crit|p2a: McChicken\n|-damage|p2a: McChicken|6\/100\n|move|p2a: McChicken|Gunk Shot|p1a: Tori|[miss]\n|-miss|p2a: McChicken|p1a: Tori\n|\n|-weather|none\n|-heal|p2a: McChicken|12\/100|[from] item: Black Sludge\n|upkeep\n|turn|19\n|c|\u2606kookies&kilik|damn\n|\n|t:|1699924108\n|move|p1a: Tori|Giga Drain|p2a: McChicken\n|-damage|p2a: McChicken|0 fnt\n|faint|p2a: McChicken\n|\n|upkeep\n|\n|t:|1699924112\n|switch|p2a: fish n\u2019 chips|Quaquaval, M|77\/100\n|turn|20\n|\n|t:|1699924116\n|-terastallize|p2a: fish n\u2019 chips|Flying\n|move|p2a: fish n\u2019 chips|Brave Bird|p1a: Tori\n|-supereffective|p1a: Tori\n|-crit|p1a: Tori\n|-damage|p1a: Tori|0 fnt\n|faint|p1a: Tori\n|-ability|p2a: fish n\u2019 chips|Moxie|boost\n|-boost|p2a: fish n\u2019 chips|atk|1\n|-damage|p2a: fish n\u2019 chips|45\/100|[from] Recoil\n|\n|upkeep\n|\n|t:|1699924132\n|switch|p1a: Tora|Alomomola, F, tera:Ice|55\/100\n|turn|21\n|\n|t:|1699924139\n|move|p1a: Tora|Tera Blast|p2a: fish n\u2019 chips|[anim] Tera Blast Ice\n|-supereffective|p2a: fish n\u2019 chips\n|-damage|p2a: fish n\u2019 chips|0 fnt\n|faint|p2a: fish n\u2019 chips\n|\n|upkeep\n|\n|t:|1699924145\n|switch|p2a: Nudy|Politoed, M|60\/100\n|-weather|RainDance|[from] ability: Drizzle|[of] p2a: Nudy\n|turn|22\n|\n|t:|1699924169\n|switch|p1a: Betrayal|Heatran, M|45\/100\n|move|p2a: Nudy|Rest|p2a: Nudy\n|-status|p2a: Nudy|slp|[from] move: Rest\n|-heal|p2a: Nudy|100\/100 slp|[silent]\n|\n|-weather|RainDance|[upkeep]\n|upkeep\n|turn|23\n|\n|t:|1699924175\n|move|p1a: Betrayal|Earth Power|p2a: Nudy\n|-damage|p2a: Nudy|53\/100 slp\n|cant|p2a: Nudy|slp\n|move|p2a: Nudy|Sleep Talk|p2a: Nudy\n|move|p2a: Nudy|Ice Beam|p1a: Betrayal|[from]move: Sleep Talk\n|-resisted|p1a: Betrayal\n|-crit|p1a: Betrayal\n|-damage|p1a: Betrayal|37\/100\n|\n|-weather|RainDance|[upkeep]\n|upkeep\n|turn|24\n|\n|t:|1699924183\n|move|p1a: Betrayal|Earth Power|p2a: Nudy\n|-damage|p2a: Nudy|3\/100 slp\n|-unboost|p2a: Nudy|spd|1\n|cant|p2a: Nudy|slp\n|move|p2a: Nudy|Sleep Talk|p2a: Nudy\n|move|p2a: Nudy|Ice Beam|p1a: Betrayal|[from]move: Sleep Talk\n|-resisted|p1a: Betrayal\n|-damage|p1a: Betrayal|32\/100\n|\n|-weather|RainDance|[upkeep]\n|upkeep\n|turn|25\n|\n|t:|1699924194\n|move|p1a: Betrayal|Earth Power|p2a: Nudy\n|-damage|p2a: Nudy|0 fnt\n|faint|p2a: Nudy\n|\n|-weather|RainDance|[upkeep]\n|upkeep\n|\n|t:|1699924195\n|switch|p2a: duck meat|Ludicolo, M|91\/100\n|turn|26\n|\n|t:|1699924206\n|move|p2a: duck meat|Surf|p1a: Betrayal\n|-supereffective|p1a: Betrayal\n|-damage|p1a: Betrayal|0 fnt\n|faint|p1a: Betrayal\n|-damage|p2a: duck meat|81\/100|[from] item: Life Orb\n|\n|-weather|RainDance|[upkeep]\n|upkeep\n|\n|t:|1699924215\n|switch|p1a: Tora|Alomomola, F, tera:Ice|55\/100\n|turn|27\n|\n|t:|1699924223\n|move|p1a: Tora|U-turn|p2a: duck meat\n|-supereffective|p2a: duck meat\n|-damage|p2a: duck meat|16\/100\n|\n|t:|1699924226\n|switch|p1a: Tora|Alomomola, F|59\/100|[from] U-turn\n|move|p2a: duck meat|Surf|p1a: Tora\n|-resisted|p1a: Tora\n|-damage|p1a: Tora|17\/100\n|-damage|p2a: duck meat|6\/100|[from] item: Life Orb\n|\n|-weather|RainDance|[upkeep]\n|upkeep\n|turn|28\n|\n|t:|1699924233\n|move|p2a: duck meat|Giga Drain|p1a: Tora\n|-supereffective|p1a: Tora\n|-damage|p1a: Tora|0 fnt\n|-heal|p2a: duck meat|20\/100|[from] drain|[of] p1a: Tora\n|faint|p1a: Tora\n|-damage|p2a: duck meat|10\/100|[from] item: Life Orb\n|\n|-weather|RainDance|[upkeep]\n|upkeep\n|\n|t:|1699924235\n|switch|p1a: Retry|Pawmot, M, tera:Ice|55\/100\n|turn|29\n|c|\u2606Angel_Oceanpart|gg\n|\n|t:|1699924240\n|move|p1a: Retry|U-turn|p2a: duck meat\n|-supereffective|p2a: duck meat\n|-damage|p2a: duck meat|0 fnt\n|faint|p2a: duck meat\n|\n|win|Angel_Oceanpart\n|raw|Angel_Oceanpart's rating: 1160 &rarr; <strong>1181<\/strong><br \/>(+21 for winning)\n|raw|kookies&amp;kilik's rating: 1102 &rarr; <strong>1081<\/strong><br \/>(-21 for losing)\n|c|\u2606kookies&kilik|gg\n","uploadtime":1699924246,"views":15,"p1id":"angeloceanpart","p2id":"kookieskilik","formatid":"gen9ou","rating":1081,"private":0,"password":""}