{"id":"gen9ou-1988686039","p1":"Skaraptor2.1","p2":"The Canceler","format":"[Gen 9] OU","log":"|j|\u2606Skaraptor2.1\n|j|\u2606The Canceler\n|t:|1699750535\n|gametype|singles\n|player|p1|Skaraptor2.1|emma|1174\n|player|p2|The Canceler|volkner|1161\n|teamsize|p1|6\n|teamsize|p2|6\n|gen|9\n|tier|[Gen 9] OU\n|rated|\n|rule|Sleep Clause Mod: Limit one foe put to sleep\n|rule|Species Clause: Limit one of each Pok\u00e9mon\n|rule|OHKO Clause: OHKO moves are banned\n|rule|Evasion Items Clause: Evasion items are banned\n|rule|Evasion Moves Clause: Evasion moves are banned\n|rule|Endless Battle Clause: Forcing endless battles is banned\n|rule|HP Percentage Mod: HP is shown in percentages\n|clearpoke\n|poke|p1|Ribombee, M|\n|poke|p1|Ogerpon-Wellspring, F|\n|poke|p1|Iron Moth|\n|poke|p1|Zamazenta-*|\n|poke|p1|Iron Valiant|\n|poke|p1|Kingambit, M|\n|poke|p2|Ceruledge, F|\n|poke|p2|Samurott-Hisui, M|\n|poke|p2|Iron Valiant|\n|poke|p2|Vikavolt, F|\n|poke|p2|Great Tusk|\n|poke|p2|Sinistcha|\n|teampreview\n|inactive|Battle timer is ON: inactive players will automatically lose when time's up. (requested by The Canceler)\n|inactive|Skaraptor2.1 also wants the timer to be on.\n|inactive|The Canceler has 120 seconds left.\n|\n|t:|1699750569\n|start\n|switch|p1a: Twink|Ribombee, M|100\/100\n|switch|p2a: Great Tusk|Great Tusk|100\/100\n|-enditem|p2a: Great Tusk|Booster Energy\n|-activate|p2a: Great Tusk|ability: Protosynthesis|[fromitem]\n|-start|p2a: Great Tusk|protosynthesisspe\n|turn|1\n|\n|t:|1699750582\n|switch|p1a: Transfem|Ogerpon-Wellspring, F|100\/100\n|move|p2a: Great Tusk|Taunt|p1a: Transfem\n|-start|p1a: Transfem|move: Taunt\n|\n|upkeep\n|turn|2\n|\n|t:|1699750604\n|-end|p2a: Great Tusk|Protosynthesis|[silent]\n|switch|p2a: Sinistcha|Sinistcha|100\/100\n|move|p1a: Transfem|Ivy Cudgel|p2a: Sinistcha\n|-resisted|p2a: Sinistcha\n|-damage|p2a: Sinistcha|79\/100\n|\n|-heal|p2a: Sinistcha|85\/100|[from] item: Leftovers\n|upkeep\n|turn|3\n|\n|t:|1699750611\n|switch|p1a: Solar Panels|Iron Moth|100\/100\n|-enditem|p1a: Solar Panels|Booster Energy\n|-activate|p1a: Solar Panels|ability: Quark Drive|[fromitem]\n|-start|p1a: Solar Panels|quarkdrivespa\n|move|p2a: Sinistcha|Calm Mind|p2a: Sinistcha\n|-boost|p2a: Sinistcha|spa|1\n|-boost|p2a: Sinistcha|spd|1\n|\n|-heal|p2a: Sinistcha|91\/100|[from] item: Leftovers\n|upkeep\n|turn|4\n|\n|t:|1699750620\n|move|p1a: Solar Panels|Substitute|p1a: Solar Panels\n|-start|p1a: Solar Panels|Substitute\n|-damage|p1a: Solar Panels|76\/100\n|move|p2a: Sinistcha|Shadow Ball|p1a: Solar Panels\n|-end|p1a: Solar Panels|Substitute\n|\n|-heal|p2a: Sinistcha|97\/100|[from] item: Leftovers\n|upkeep\n|turn|5\n|\n|t:|1699750635\n|move|p1a: Solar Panels|Fiery Dance|p2a: Sinistcha\n|-supereffective|p2a: Sinistcha\n|-damage|p2a: Sinistcha|47\/100\n|move|p2a: Sinistcha|Shadow Ball|p1a: Solar Panels\n|-crit|p1a: Solar Panels\n|-damage|p1a: Solar Panels|0 fnt\n|faint|p1a: Solar Panels\n|-end|p1a: Solar Panels|Quark Drive|[silent]\n|\n|-heal|p2a: Sinistcha|53\/100|[from] item: Leftovers\n|upkeep\n|\n|t:|1699750642\n|switch|p1a: Bigender|Iron Valiant|100\/100\n|-enditem|p1a: Bigender|Booster Energy\n|-activate|p1a: Bigender|ability: Quark Drive|[fromitem]\n|-start|p1a: Bigender|quarkdrivespe\n|turn|6\n|\n|t:|1699750653\n|move|p1a: Bigender|Destiny Bond|p1a: Bigender\n|-singlemove|p1a: Bigender|Destiny Bond\n|move|p2a: Sinistcha|Strength Sap|p1a: Bigender\n|-unboost|p1a: Bigender|atk|1\n|-heal|p2a: Sinistcha|100\/100\n|\n|upkeep\n|turn|7\n|\n|t:|1699750670\n|move|p1a: Bigender|Calm Mind|p1a: Bigender\n|-boost|p1a: Bigender|spa|1\n|-boost|p1a: Bigender|spd|1\n|move|p2a: Sinistcha|Calm Mind|p2a: Sinistcha\n|-boost|p2a: Sinistcha|spa|1\n|-boost|p2a: Sinistcha|spd|1\n|\n|upkeep\n|turn|8\n|\n|t:|1699750692\n|move|p1a: Bigender|Calm Mind|p1a: Bigender\n|-boost|p1a: Bigender|spa|1\n|-boost|p1a: Bigender|spd|1\n|move|p2a: Sinistcha|Shadow Ball|p1a: Bigender\n|-damage|p1a: Bigender|44\/100\n|\n|upkeep\n|turn|9\n|\n|t:|1699750698\n|move|p1a: Bigender|Destiny Bond|p1a: Bigender\n|-singlemove|p1a: Bigender|Destiny Bond\n|move|p2a: Sinistcha|Shadow Ball|p1a: Bigender\n|-damage|p1a: Bigender|0 fnt\n|faint|p1a: Bigender\n|-activate|p1a: Bigender|move: Destiny Bond\n|-end|p1a: Bigender|Quark Drive|[silent]\n|faint|p2a: Sinistcha\n|\n|upkeep\n|\n|t:|1699750708\n|switch|p1a: Transfem|Ogerpon-Wellspring, F|100\/100\n|switch|p2a: Great Tusk|Great Tusk|100\/100\n|turn|10\n|\n|t:|1699750719\n|-end|p2a: Great Tusk|Protosynthesis|[silent]\n|switch|p2a: Samurott|Samurott-Hisui, M|100\/100\n|move|p1a: Transfem|Swords Dance|p1a: Transfem\n|-boost|p1a: Transfem|atk|2\n|\n|upkeep\n|turn|11\n|\n|t:|1699750725\n|move|p1a: Transfem|Horn Leech|p2a: Samurott\n|-supereffective|p2a: Samurott\n|-enditem|p2a: Samurott|Focus Sash\n|-damage|p2a: Samurott|1\/100\n|move|p2a: Samurott|Ceaseless Edge|p1a: Transfem\n|-damage|p1a: Transfem|40\/100\n|-sidestart|p1: Skaraptor2.1|Spikes\n|\n|upkeep\n|turn|12\n|\n|t:|1699750732\n|switch|p2a: Vikavolt|Vikavolt, F|100\/100\n|move|p1a: Transfem|Horn Leech|p2a: Vikavolt\n|-resisted|p2a: Vikavolt\n|-damage|p2a: Vikavolt|50\/100\n|-heal|p1a: Transfem|69\/100|[from] drain|[of] p2a: Vikavolt\n|\n|upkeep\n|turn|13\n|\n|t:|1699750742\n|move|p1a: Transfem|Horn Leech|p2a: Vikavolt\n|-resisted|p2a: Vikavolt\n|-damage|p2a: Vikavolt|5\/100\n|-heal|p1a: Transfem|95\/100|[from] drain|[of] p2a: Vikavolt\n|move|p2a: Vikavolt|Bug Buzz|p1a: Transfem\n|-supereffective|p1a: Transfem\n|-damage|p1a: Transfem|0 fnt\n|faint|p1a: Transfem\n|\n|upkeep\n|\n|t:|1699750746\n|switch|p1a: Twink|Ribombee, M|100\/100\n|-damage|p1a: Twink|88\/100|[from] Spikes\n|turn|14\n|\n|t:|1699750752\n|move|p1a: Twink|Sticky Web|p2a: Vikavolt\n|-sidestart|p2: The Canceler|move: Sticky Web\n|move|p2a: Vikavolt|Volt Switch|p1a: Twink\n|-damage|p1a: Twink|27\/100\n|\n|t:|1699750754\n|switch|p2a: Great Tusk|Great Tusk|100\/100|[from] Volt Switch\n|-activate|p2a: Great Tusk|move: Sticky Web\n|-unboost|p2a: Great Tusk|spe|1\n|\n|upkeep\n|turn|15\n|\n|t:|1699750760\n|-terastallize|p2a: Great Tusk|Ghost\n|move|p1a: Twink|Moonblast|p2a: Great Tusk\n|-damage|p2a: Great Tusk|56\/100\n|-unboost|p2a: Great Tusk|spa|1\n|move|p2a: Great Tusk|Rapid Spin|p1a: Twink\n|-damage|p1a: Twink|4\/100\n|-boost|p2a: Great Tusk|spe|1\n|-sideend|p2: The Canceler|Sticky Web|[from] move: Rapid Spin|[of] p2a: Great Tusk\n|\n|upkeep\n|turn|16\n|\n|t:|1699750775\n|move|p1a: Twink|Stun Spore|p2a: Great Tusk\n|-status|p2a: Great Tusk|par\n|cant|p2a: Great Tusk|par\n|\n|upkeep\n|turn|17\n|\n|t:|1699750780\n|move|p1a: Twink|Sticky Web|p2a: Great Tusk\n|-sidestart|p2: The Canceler|move: Sticky Web\n|move|p2a: Great Tusk|Headlong Rush|p1a: Twink\n|-resisted|p1a: Twink\n|-damage|p1a: Twink|0 fnt\n|-unboost|p2a: Great Tusk|def|1\n|-unboost|p2a: Great Tusk|spd|1\n|faint|p1a: Twink\n|\n|upkeep\n|\n|t:|1699750786\n|switch|p1a: Kingambit|Kingambit, M|100\/100\n|-damage|p1a: Kingambit|88\/100|[from] Spikes\n|-activate|p1a: Kingambit|ability: Supreme Overlord\n|-start|p1a: Kingambit|fallen4|[silent]\n|turn|18\n|\n|t:|1699750790\n|move|p2a: Great Tusk|Taunt|p1a: Kingambit\n|-start|p1a: Kingambit|move: Taunt\n|move|p1a: Kingambit|Iron Head|p2a: Great Tusk\n|-damage|p2a: Great Tusk|0 fnt\n|faint|p2a: Great Tusk\n|-end|p2a: Great Tusk|Protosynthesis|[silent]\n|\n|-heal|p1a: Kingambit|94\/100|[from] item: Leftovers\n|upkeep\n|\n|t:|1699750797\n|switch|p2a: Ceruledge|Ceruledge, F|100\/100\n|turn|19\n|\n|t:|1699750804\n|move|p2a: Ceruledge|Bulk Up|p2a: Ceruledge\n|-boost|p2a: Ceruledge|atk|1\n|-boost|p2a: Ceruledge|def|1\n|move|p1a: Kingambit|Iron Head|p2a: Ceruledge\n|-resisted|p2a: Ceruledge\n|-damage|p2a: Ceruledge|73\/100\n|\n|-heal|p1a: Kingambit|100\/100|[from] item: Leftovers\n|upkeep\n|turn|20\n|\n|t:|1699750810\n|-end|p1a: Kingambit|fallen4|[silent]\n|switch|p1a: Defender of Trans|Zamazenta, shiny|100\/100\n|-damage|p1a: Defender of Trans|88\/100|[from] Spikes\n|-ability|p1a: Defender of Trans|Dauntless Shield|boost\n|-boost|p1a: Defender of Trans|def|1\n|move|p2a: Ceruledge|Bitter Blade|p1a: Defender of Trans\n|-damage|p1a: Defender of Trans|64\/100\n|-heal|p2a: Ceruledge|86\/100|[from] drain|[of] p1a: Defender of Trans\n|\n|-heal|p1a: Defender of Trans|70\/100|[from] item: Leftovers\n|upkeep\n|turn|21\n|\n|t:|1699750816\n|move|p1a: Defender of Trans|Iron Defense|p1a: Defender of Trans\n|-boost|p1a: Defender of Trans|def|2\n|move|p2a: Ceruledge|Bulk Up|p2a: Ceruledge\n|-boost|p2a: Ceruledge|atk|1\n|-boost|p2a: Ceruledge|def|1\n|\n|-heal|p1a: Defender of Trans|76\/100|[from] item: Leftovers\n|upkeep\n|turn|22\n|\n|t:|1699750820\n|move|p1a: Defender of Trans|Iron Defense|p1a: Defender of Trans\n|-boost|p1a: Defender of Trans|def|2\n|move|p2a: Ceruledge|Bitter Blade|p1a: Defender of Trans\n|-damage|p1a: Defender of Trans|61\/100\n|-heal|p2a: Ceruledge|94\/100|[from] drain|[of] p1a: Defender of Trans\n|\n|-heal|p1a: Defender of Trans|68\/100|[from] item: Leftovers\n|upkeep\n|turn|23\n|\n|t:|1699750823\n|move|p2a: Ceruledge|Shadow Sneak|p1a: Defender of Trans\n|-damage|p1a: Defender of Trans|61\/100\n|move|p1a: Defender of Trans|Crunch|p2a: Ceruledge\n|-supereffective|p2a: Ceruledge\n|-damage|p2a: Ceruledge|69\/100\n|\n|-heal|p1a: Defender of Trans|68\/100|[from] item: Leftovers\n|upkeep\n|turn|24\n|\n|t:|1699750830\n|-terastallize|p1a: Defender of Trans|Fire\n|move|p1a: Defender of Trans|Iron Defense|p1a: Defender of Trans\n|-boost|p1a: Defender of Trans|def|1\n|move|p2a: Ceruledge|Bulk Up|p2a: Ceruledge\n|-boost|p2a: Ceruledge|atk|1\n|-boost|p2a: Ceruledge|def|1\n|\n|-heal|p1a: Defender of Trans|74\/100|[from] item: Leftovers\n|upkeep\n|turn|25\n|\n|t:|1699750835\n|move|p1a: Defender of Trans|Crunch|p2a: Ceruledge\n|-supereffective|p2a: Ceruledge\n|-damage|p2a: Ceruledge|50\/100\n|move|p2a: Ceruledge|Bulk Up|p2a: Ceruledge\n|-boost|p2a: Ceruledge|atk|1\n|-boost|p2a: Ceruledge|def|1\n|\n|-heal|p1a: Defender of Trans|80\/100|[from] item: Leftovers\n|upkeep\n|turn|26\n|\n|t:|1699750840\n|move|p1a: Defender of Trans|Crunch|p2a: Ceruledge\n|-supereffective|p2a: Ceruledge\n|-damage|p2a: Ceruledge|32\/100\n|-unboost|p2a: Ceruledge|def|1\n|move|p2a: Ceruledge|Bulk Up|p2a: Ceruledge\n|-boost|p2a: Ceruledge|atk|1\n|-boost|p2a: Ceruledge|def|1\n|\n|-heal|p1a: Defender of Trans|86\/100|[from] item: Leftovers\n|upkeep\n|turn|27\n|\n|t:|1699750845\n|move|p1a: Defender of Trans|Crunch|p2a: Ceruledge\n|-supereffective|p2a: Ceruledge\n|-crit|p2a: Ceruledge\n|-damage|p2a: Ceruledge|0 fnt\n|faint|p2a: Ceruledge\n|\n|-heal|p1a: Defender of Trans|92\/100|[from] item: Leftovers\n|upkeep\n|\n|t:|1699750849\n|switch|p2a: Iron Valiant|Iron Valiant|100\/100\n|-activate|p2a: Iron Valiant|move: Sticky Web\n|-unboost|p2a: Iron Valiant|spe|1\n|-enditem|p2a: Iron Valiant|Booster Energy\n|-activate|p2a: Iron Valiant|ability: Quark Drive|[fromitem]\n|-start|p2a: Iron Valiant|quarkdrivespa\n|turn|28\n|\n|t:|1699750853\n|move|p1a: Defender of Trans|Heavy Slam|p2a: Iron Valiant\n|-supereffective|p2a: Iron Valiant\n|-damage|p2a: Iron Valiant|13\/100\n|move|p2a: Iron Valiant|Thunderbolt|p1a: Defender of Trans\n|-damage|p1a: Defender of Trans|62\/100\n|\n|-heal|p1a: Defender of Trans|68\/100|[from] item: Leftovers\n|upkeep\n|turn|29\n|\n|t:|1699750856\n|move|p1a: Defender of Trans|Heavy Slam|p2a: Iron Valiant\n|-supereffective|p2a: Iron Valiant\n|-damage|p2a: Iron Valiant|0 fnt\n|faint|p2a: Iron Valiant\n|-end|p2a: Iron Valiant|Quark Drive|[silent]\n|\n|-heal|p1a: Defender of Trans|74\/100|[from] item: Leftovers\n|upkeep\n|\n|t:|1699750859\n|switch|p2a: Vikavolt|Vikavolt, F|5\/100\n|turn|30\n|\n|t:|1699750862\n|move|p1a: Defender of Trans|Body Press|p2a: Vikavolt\n|-resisted|p2a: Vikavolt\n|-damage|p2a: Vikavolt|0 fnt\n|faint|p2a: Vikavolt\n|\n|-heal|p1a: Defender of Trans|80\/100|[from] item: Leftovers\n|upkeep\n|\n|t:|1699750863\n|switch|p2a: Samurott|Samurott-Hisui, M|1\/100\n|-activate|p2a: Samurott|move: Sticky Web\n|-unboost|p2a: Samurott|spe|1\n|turn|31\n|\n|t:|1699750865\n|move|p1a: Defender of Trans|Body Press|p2a: Samurott\n|-supereffective|p2a: Samurott\n|-damage|p2a: Samurott|0 fnt\n|faint|p2a: Samurott\n|\n|win|Skaraptor2.1\n|raw|Skaraptor2.1's rating: 1174 &rarr; <strong>1198<\/strong><br \/>(+24 for winning)\n|raw|The Canceler's rating: 1161 &rarr; <strong>1137<\/strong><br \/>(-24 for losing)\n|l|\u2606The Canceler\n","uploadtime":1699750868,"views":8,"p1id":"skaraptor21","p2id":"thecanceler","formatid":"gen9ou","rating":1137,"private":0,"password":""}