{"id":"gen9ou-1988248357","p1":"zippitytippity","p2":"TismWarrior1","format":"[Gen 9] OU","log":"|j|\u2606zippitytippity\n|j|\u2606TismWarrior1\n|t:|1699694022\n|gametype|singles\n|player|p1|zippitytippity|cynthia-masters|1624\n|player|p2|TismWarrior1|medium|1736\n|teamsize|p1|6\n|teamsize|p2|6\n|gen|9\n|tier|[Gen 9] OU\n|rated|\n|rule|Sleep Clause Mod: Limit one foe put to sleep\n|rule|Species Clause: Limit one of each Pok\u00e9mon\n|rule|OHKO Clause: OHKO moves are banned\n|rule|Evasion Items Clause: Evasion items are banned\n|rule|Evasion Moves Clause: Evasion moves are banned\n|rule|Endless Battle Clause: Forcing endless battles is banned\n|rule|HP Percentage Mod: HP is shown in percentages\n|clearpoke\n|poke|p1|Great Tusk|\n|poke|p1|Ribombee, M|\n|poke|p1|Mew|\n|poke|p1|Cinderace, F|\n|poke|p1|Gholdengo|\n|poke|p1|Honchkrow, M|\n|poke|p2|Gliscor, M|\n|poke|p2|Gholdengo|\n|poke|p2|Ogerpon-Wellspring, F|\n|poke|p2|Kingambit, F|\n|poke|p2|Great Tusk|\n|poke|p2|Walking Wake|\n|teampreview\n|inactive|Battle timer is ON: inactive players will automatically lose when time's up. (requested by TismWarrior1)\n|c|\u2606TismWarrior1|big honch\n|c|\u2606TismWarrior1|!learn honchkrow, knock off\n|c| TismWarrior1|\/raw <div class=\"infobox\">In [Gen 9] OU, Honchkrow <span class=\"message-learn-cannotlearn\">can't<\/span> learn Knock Off<\/div>\n|c|\u2606TismWarrior1|Yeah this guy blows\n|inactive|zippitytippity has 120 seconds left.\n|\n|t:|1699694055\n|start\n|switch|p1a: Ribombee|Ribombee, M|100\/100\n|switch|p2a: Gliscor|Gliscor, M|100\/100\n|turn|1\n|c|\u2606TismWarrior1|I used him once a while ago this gen\n|j| herobrinennn\n|c|\u2606TismWarrior1|Trick room with room service\n|c|\u2606TismWarrior1|I don't think it got one kill\n|inactive|TismWarrior1 has 120 seconds left.\n|c|\u2606TismWarrior1|Hoping this set can get that big work in\n|\n|t:|1699694089\n|move|p2a: Gliscor|Protect|p2a: Gliscor\n|-singleturn|p2a: Gliscor|Protect\n|move|p1a: Ribombee|Stun Spore|p2a: Gliscor\n|-activate|p2a: Gliscor|move: Protect\n|\n|-status|p2a: Gliscor|tox|[from] item: Toxic Orb\n|upkeep\n|turn|2\n|\n|t:|1699694092\n|move|p1a: Ribombee|Sticky Web|p2a: Gliscor\n|-sidestart|p2: TismWarrior1|move: Sticky Web\n|move|p2a: Gliscor|Toxic|p1a: Ribombee\n|-status|p1a: Ribombee|tox\n|\n|-damage|p1a: Ribombee|94\/100 tox|[from] psn\n|upkeep\n|turn|3\n|\n|t:|1699694098\n|move|p1a: Ribombee|Moonblast|p2a: Gliscor\n|-damage|p2a: Gliscor|68\/100 tox\n|move|p2a: Gliscor|Spikes|p1a: Ribombee\n|-sidestart|p1: zippitytippity|Spikes\n|\n|-damage|p1a: Ribombee|82\/100 tox|[from] psn\n|-heal|p2a: Gliscor|80\/100 tox|[from] ability: Poison Heal\n|upkeep\n|turn|4\n|\n|t:|1699694103\n|switch|p1a: Mew|Mew|100\/100\n|-damage|p1a: Mew|88\/100|[from] Spikes\n|move|p2a: Gliscor|Protect||[still]\n|-fail|p2a: Gliscor\n|\n|-heal|p1a: Mew|94\/100|[from] item: Leftovers\n|-heal|p2a: Gliscor|93\/100 tox|[from] ability: Poison Heal\n|upkeep\n|turn|5\n|\n|t:|1699694106\n|move|p1a: Mew|Taunt|p2a: Gliscor\n|-start|p2a: Gliscor|move: Taunt\n|cant|p2a: Gliscor|move: Taunt|Toxic\n|\n|-heal|p1a: Mew|100\/100|[from] item: Leftovers\n|-heal|p2a: Gliscor|100\/100 tox|[from] ability: Poison Heal\n|upkeep\n|turn|6\n|\n|t:|1699694115\n|switch|p2a: Kingambit|Kingambit, F|100\/100\n|-activate|p2a: Kingambit|move: Sticky Web\n|-unboost|p2a: Kingambit|spe|1\n|move|p1a: Mew|Nasty Plot|p1a: Mew\n|-boost|p1a: Mew|spa|2\n|\n|upkeep\n|turn|7\n|\n|t:|1699694122\n|switch|p1a: Great Tusk|Great Tusk, shiny|100\/100\n|-damage|p1a: Great Tusk|88\/100|[from] Spikes\n|-enditem|p1a: Great Tusk|Booster Energy\n|-activate|p1a: Great Tusk|ability: Protosynthesis|[fromitem]\n|-start|p1a: Great Tusk|protosynthesisatk\n|move|p2a: Kingambit|Kowtow Cleave|p1a: Great Tusk\n|-resisted|p1a: Great Tusk\n|-damage|p1a: Great Tusk|69\/100\n|\n|upkeep\n|turn|8\n|\n|t:|1699694129\n|-end|p2a: Kingambit|fallenundefined|[silent]\n|switch|p2a: Gholdengo|Gholdengo|100\/100\n|-activate|p2a: Gholdengo|move: Sticky Web\n|-unboost|p2a: Gholdengo|spe|1\n|move|p1a: Great Tusk|Ice Spinner|p2a: Gholdengo\n|-resisted|p2a: Gholdengo\n|-damage|p2a: Gholdengo|81\/100\n|\n|upkeep\n|turn|9\n|\n|t:|1699694141\n|move|p1a: Great Tusk|Headlong Rush|p2a: Gholdengo\n|-supereffective|p2a: Gholdengo\n|-enditem|p2a: Gholdengo|Shuca Berry|[eat]\n|-enditem|p2a: Gholdengo|Shuca Berry|[weaken]\n|-damage|p2a: Gholdengo|2\/100\n|-unboost|p1a: Great Tusk|def|1\n|-unboost|p1a: Great Tusk|spd|1\n|move|p2a: Gholdengo|Shadow Ball|p1a: Great Tusk\n|-damage|p1a: Great Tusk|0 fnt\n|faint|p1a: Great Tusk\n|-end|p1a: Great Tusk|Protosynthesis|[silent]\n|\n|upkeep\n|\n|t:|1699694146\n|switch|p1a: Honchkrow|Honchkrow, M|100\/100\n|turn|10\n|\n|t:|1699694155\n|move|p1a: Honchkrow|Acrobatics|p2a: Gholdengo\n|-resisted|p2a: Gholdengo\n|-damage|p2a: Gholdengo|0 fnt\n|faint|p2a: Gholdengo\n|-ability|p1a: Honchkrow|Moxie|boost\n|-boost|p1a: Honchkrow|atk|1\n|\n|upkeep\n|\n|t:|1699694166\n|switch|p2a: Gliscor|Gliscor, M|100\/100 tox\n|turn|11\n|\n|t:|1699694171\n|-terastallize|p1a: Honchkrow|Poison\n|move|p1a: Honchkrow|Swagger|p2a: Gliscor|[miss]\n|-miss|p1a: Honchkrow|p2a: Gliscor\n|move|p2a: Gliscor|Toxic|p1a: Honchkrow\n|-immune|p1a: Honchkrow\n|\n|upkeep\n|turn|12\n|j| MarburgCOVEbola\n|c|\u2606TismWarrior1|the poor guy has to use swagger mirror herb, why does honch not get sd\n|inactive|TismWarrior1 has 120 seconds left.\n|\n|t:|1699694204\n|move|p1a: Honchkrow|Substitute|p1a: Honchkrow\n|-start|p1a: Honchkrow|Substitute\n|-damage|p1a: Honchkrow|76\/100\n|move|p2a: Gliscor|Earthquake|p1a: Honchkrow\n|-supereffective|p1a: Honchkrow\n|-end|p1a: Honchkrow|Substitute\n|\n|upkeep\n|turn|13\n|\n|t:|1699694207\n|switch|p1a: Gholdengo|Gholdengo|100\/100\n|-item|p1a: Gholdengo|Air Balloon\n|move|p2a: Gliscor|Earthquake|p1a: Gholdengo\n|-immune|p1a: Gholdengo\n|\n|upkeep\n|turn|14\n|\n|t:|1699694213\n|switch|p2a: Kingambit|Kingambit, F|100\/100\n|-activate|p2a: Kingambit|move: Sticky Web\n|-unboost|p2a: Kingambit|spe|1\n|-activate|p2a: Kingambit|ability: Supreme Overlord\n|-start|p2a: Kingambit|fallen1|[silent]\n|move|p1a: Gholdengo|Nasty Plot|p1a: Gholdengo\n|-boost|p1a: Gholdengo|spa|2\n|\n|upkeep\n|turn|15\n|\n|t:|1699694221\n|switch|p1a: Ribombee|Ribombee, M|82\/100 tox\n|-damage|p1a: Ribombee|70\/100 tox|[from] Spikes\n|move|p2a: Kingambit|Sucker Punch||[still]\n|-fail|p2a: Kingambit\n|\n|-damage|p1a: Ribombee|64\/100 tox|[from] psn\n|upkeep\n|turn|16\n|\n|t:|1699694224\n|-end|p2a: Kingambit|fallen1|[silent]\n|switch|p2a: Gliscor|Gliscor, M|100\/100 tox\n|move|p1a: Ribombee|Moonblast|p2a: Gliscor\n|-damage|p2a: Gliscor|65\/100 tox\n|\n|-damage|p1a: Ribombee|51\/100 tox|[from] psn\n|-heal|p2a: Gliscor|78\/100 tox|[from] ability: Poison Heal\n|upkeep\n|turn|17\n|\n|t:|1699694229\n|switch|p1a: Gholdengo|Gholdengo|100\/100\n|-item|p1a: Gholdengo|Air Balloon\n|move|p2a: Gliscor|Spikes|p1a: Gholdengo\n|-sidestart|p1: zippitytippity|Spikes\n|\n|-heal|p2a: Gliscor|90\/100 tox|[from] ability: Poison Heal\n|upkeep\n|turn|18\n|\n|t:|1699694234\n|switch|p2a: Kingambit|Kingambit, F|100\/100\n|-activate|p2a: Kingambit|move: Sticky Web\n|-unboost|p2a: Kingambit|spe|1\n|-activate|p2a: Kingambit|ability: Supreme Overlord\n|-start|p2a: Kingambit|fallen1|[silent]\n|move|p1a: Gholdengo|Make It Rain|p2a: Kingambit\n|-resisted|p2a: Kingambit\n|-damage|p2a: Kingambit|68\/100\n|-unboost|p1a: Gholdengo|spa|1\n|\n|-heal|p2a: Kingambit|74\/100|[from] item: Leftovers\n|upkeep\n|turn|19\n|\n|t:|1699694242\n|switch|p1a: Cinderace|Cinderace, F|100\/100\n|move|p2a: Kingambit|Kowtow Cleave|p1a: Cinderace\n|-damage|p1a: Cinderace|21\/100\n|\n|-heal|p2a: Kingambit|81\/100|[from] item: Leftovers\n|upkeep\n|turn|20\n|\n|t:|1699694249\n|switch|p1a: Ribombee|Ribombee, M|51\/100 tox\n|-damage|p1a: Ribombee|35\/100 tox|[from] Spikes\n|-end|p2a: Kingambit|fallen1|[silent]\n|switch|p2a: Gliscor|Gliscor, M|90\/100 tox\n|\n|-damage|p1a: Ribombee|29\/100 tox|[from] psn\n|-heal|p2a: Gliscor|100\/100 tox|[from] ability: Poison Heal\n|upkeep\n|turn|21\n|\n|t:|1699694252\n|move|p1a: Ribombee|Moonblast|p2a: Gliscor\n|-damage|p2a: Gliscor|64\/100 tox\n|move|p2a: Gliscor|Spikes|p1a: Ribombee\n|-sidestart|p1: zippitytippity|Spikes\n|\n|-damage|p1a: Ribombee|17\/100 tox|[from] psn\n|-heal|p2a: Gliscor|76\/100 tox|[from] ability: Poison Heal\n|upkeep\n|turn|22\n|\n|t:|1699694258\n|move|p2a: Gliscor|Protect|p2a: Gliscor\n|-singleturn|p2a: Gliscor|Protect\n|move|p1a: Ribombee|Moonblast|p2a: Gliscor\n|-activate|p2a: Gliscor|move: Protect\n|\n|-damage|p1a: Ribombee|0 fnt|[from] psn\n|faint|p1a: Ribombee\n|-heal|p2a: Gliscor|89\/100 tox|[from] ability: Poison Heal\n|upkeep\n|\n|t:|1699694265\n|switch|p1a: Mew|Mew|100\/100\n|-damage|p1a: Mew|76\/100|[from] Spikes\n|turn|23\n|l| herobrinennn\n|\n|t:|1699694275\n|switch|p2a: Walking Wake|Walking Wake|100\/100\n|-activate|p2a: Walking Wake|move: Sticky Web\n|-unboost|p2a: Walking Wake|spe|1\n|move|p1a: Mew|Taunt|p2a: Walking Wake\n|-start|p2a: Walking Wake|move: Taunt\n|\n|-heal|p1a: Mew|82\/100|[from] item: Leftovers\n|upkeep\n|turn|24\n|\n|t:|1699694302\n|move|p1a: Mew|Nasty Plot|p1a: Mew\n|-boost|p1a: Mew|spa|2\n|move|p2a: Walking Wake|Hydro Pump|p1a: Mew\n|-damage|p1a: Mew|0 fnt\n|faint|p1a: Mew\n|\n|upkeep\n|\n|t:|1699694308\n|switch|p1a: Honchkrow|Honchkrow, M, tera:Poison|76\/100\n|-damage|p1a: Honchkrow|51\/100|[from] Spikes\n|turn|25\n|\n|t:|1699694313\n|move|p1a: Honchkrow|Swagger|p2a: Walking Wake\n|-boost|p2a: Walking Wake|atk|2\n|-enditem|p1a: Honchkrow|Mirror Herb\n|-boost|p1a: Honchkrow|atk|2|[from] item: Mirror Herb\n|-start|p2a: Walking Wake|confusion\n|-activate|p2a: Walking Wake|confusion\n|move|p2a: Walking Wake|Hydro Pump|p1a: Honchkrow\n|-damage|p1a: Honchkrow|0 fnt\n|faint|p1a: Honchkrow\n|\n|-end|p2a: Walking Wake|move: Taunt\n|upkeep\n|\n|t:|1699694320\n|switch|p1a: Cinderace|Cinderace, F|21\/100\n|turn|26\n|-message|zippitytippity forfeited.\n|\n|win|TismWarrior1\n|raw|zippitytippity's rating: 1624 &rarr; <strong>1610<\/strong><br \/>(-14 for losing)\n|raw|TismWarrior1's rating: 1736 &rarr; <strong>1750<\/strong><br \/>(+14 for winning)\n|l|\u2606zippitytippity\n","uploadtime":1699694332,"views":16,"p1id":"zippitytippity","p2id":"tismwarrior1","formatid":"gen9ou","rating":1610,"private":0,"password":""}