{"id":"gen9ou-1993099334","p1":"Buzzpeep","p2":"JuanTz","format":"[Gen 9] OU","log":"|j|\u2606Buzzpeep\n|j|\u2606JuanTz\n|inactive|Battle timer is ON: inactive players will automatically lose when time's up.\n|t:|1700264652\n|gametype|singles\n|player|p1|Buzzpeep|proton|\n|player|p2|JuanTz|alec-anime|\n|teamsize|p1|3\n|teamsize|p2|3\n|gen|9\n|tier|[Gen 9] OU\n|rated|Tournament battle\n|rule|Sleep Clause Mod: Limit one foe put to sleep\n|rule|Species Clause: Limit one of each Pok\u00e9mon\n|rule|OHKO Clause: OHKO moves are banned\n|rule|Evasion Items Clause: Evasion items are banned\n|rule|Evasion Moves Clause: Evasion moves are banned\n|rule|Endless Battle Clause: Forcing endless battles is banned\n|rule|HP Percentage Mod: HP is shown in percentages\n|clearpoke\n|poke|p1|Greninja-*, M|\n|poke|p1|Mienshao, F|\n|poke|p1|Gholdengo|\n|poke|p2|Breloom, M|\n|poke|p2|Ursaluna, F|\n|poke|p2|Dragonite, M|\n|teampreview\n|j|*Lady Monita \u2746\n|inactive|JuanTz also wants the timer to be on.\n|j| IcyJulien\n|\n|t:|1700264665\n|start\n|switch|p1a: Mienshao|Mienshao, F|100\/100\n|switch|p2a: Breloom|Breloom, M, shiny|100\/100\n|turn|1\n|\n|t:|1700264681\n|move|p1a: Mienshao|Fake Out|p2a: Breloom\n|-damage|p2a: Breloom|80\/100\n|cant|p2a: Breloom|flinch\n|\n|upkeep\n|turn|2\n|\n|t:|1700264692\n|move|p1a: Mienshao|Close Combat|p2a: Breloom\n|-crit|p2a: Breloom\n|-damage|p2a: Breloom|0 fnt\n|-unboost|p1a: Mienshao|def|1\n|-unboost|p1a: Mienshao|spd|1\n|faint|p2a: Breloom\n|\n|upkeep\n|\n|t:|1700264697\n|switch|p2a: Dragonite|Dragonite, M|100\/100\n|turn|3\n|\n|t:|1700264707\n|move|p1a: Mienshao|U-turn|p2a: Dragonite\n|-resisted|p2a: Dragonite\n|-damage|p2a: Dragonite|94\/100\n|\n|t:|1700264708\n|switch|p1a: Gholdengo|Gholdengo|100\/100|[from] U-turn\n|move|p2a: Dragonite|Dragon Dance|p2a: Dragonite\n|-boost|p2a: Dragonite|atk|1\n|-boost|p2a: Dragonite|spe|1\n|\n|upkeep\n|turn|4\n|\n|t:|1700264715\n|-terastallize|p2a: Dragonite|Normal\n|move|p2a: Dragonite|Earthquake|p1a: Gholdengo\n|-supereffective|p1a: Gholdengo\n|-damage|p1a: Gholdengo|0 fnt\n|faint|p1a: Gholdengo\n|\n|upkeep\n|\n|t:|1700264719\n|switch|p1a: Greninja|Greninja, M|100\/100\n|turn|5\n|\n|t:|1700264727\n|-terastallize|p1a: Greninja|Water\n|move|p2a: Dragonite|Extreme Speed|p1a: Greninja\n|-enditem|p1a: Greninja|Focus Sash\n|-damage|p1a: Greninja|1\/100\n|move|p1a: Greninja|Surf|p2a: Dragonite\n|-damage|p2a: Dragonite|41\/100\n|\n|upkeep\n|turn|6\n|\n|t:|1700264732\n|move|p2a: Dragonite|Extreme Speed|p1a: Greninja\n|-damage|p1a: Greninja|0 fnt\n|faint|p1a: Greninja\n|\n|upkeep\n|\n|t:|1700264734\n|switch|p1a: Mienshao|Mienshao, F|100\/100\n|turn|7\n|l| IcyJulien\n|\n|t:|1700264745\n|move|p1a: Mienshao|Fake Out|p2a: Dragonite\n|-damage|p2a: Dragonite|26\/100\n|cant|p2a: Dragonite|flinch\n|\n|upkeep\n|turn|8\n|\n|t:|1700264748\n|move|p2a: Dragonite|Extreme Speed|p1a: Mienshao\n|-damage|p1a: Mienshao|0 fnt\n|faint|p1a: Mienshao\n|\n|win|JuanTz\n|n|\u2606Buzzpeep|buzzpeep\n|n|\u2606JuanTz|juantz\n|n|*Lady Monita \u2746|ladymonita\n","uploadtime":1700264749,"views":11,"p1id":"buzzpeep","p2id":"juantz","formatid":"gen9ou","rating":0,"private":0,"password":""}