{"id":"gen9ou-1990710015","p1":"deanbluntbluntdean","p2":"GoTE Heartless","format":"[Gen 9] OU","log":"|j|\u2606deanbluntbluntdean\n|j|\u2606GoTE Heartless\n|t:|1699993765\n|gametype|singles\n|player|p1|deanbluntbluntdean|170|1342\n|player|p2|GoTE Heartless|guzma|1443\n|teamsize|p1|6\n|teamsize|p2|6\n|gen|9\n|tier|[Gen 9] OU\n|rated|\n|rule|Sleep Clause Mod: Limit one foe put to sleep\n|rule|Species Clause: Limit one of each Pok\u00e9mon\n|rule|OHKO Clause: OHKO moves are banned\n|rule|Evasion Items Clause: Evasion items are banned\n|rule|Evasion Moves Clause: Evasion moves are banned\n|rule|Endless Battle Clause: Forcing endless battles is banned\n|rule|HP Percentage Mod: HP is shown in percentages\n|clearpoke\n|poke|p1|Dipplin, M|\n|poke|p1|Great Tusk|\n|poke|p1|Cinderace, F|\n|poke|p1|Greninja-*, M|\n|poke|p1|Staraptor, M|\n|poke|p1|Zapdos|\n|poke|p2|Chandelure, M|\n|poke|p2|Gholdengo|\n|poke|p2|Garganacl, M|\n|poke|p2|Rillaboom, M|\n|poke|p2|Salamence, M|\n|poke|p2|Cinderace, F|\n|teampreview\n|inactive|Battle timer is ON: inactive players will automatically lose when time's up. (requested by GoTE Heartless)\n|\n|t:|1699993779\n|start\n|switch|p1a: Dipplin|Dipplin, M|100\/100\n|switch|p2a: Cinderace|Cinderace, F|100\/100\n|turn|1\n|\n|t:|1699993783\n|move|p2a: Cinderace|Will-O-Wisp|p1a: Dipplin|[miss]\n|-miss|p2a: Cinderace|p1a: Dipplin\n|move|p1a: Dipplin|Draco Meteor|p2a: Cinderace|[miss]\n|-miss|p1a: Dipplin|p2a: Cinderace\n|\n|upkeep\n|turn|2\n|\n|t:|1699993787\n|move|p2a: Cinderace|U-turn|p1a: Dipplin\n|-supereffective|p1a: Dipplin\n|-damage|p1a: Dipplin|83\/100\n|\n|t:|1699993793\n|switch|p2a: Gholdengo|Gholdengo|100\/100|[from] U-turn\n|-item|p2a: Gholdengo|Air Balloon\n|move|p1a: Dipplin|Draco Meteor|p2a: Gholdengo\n|-resisted|p2a: Gholdengo\n|-crit|p2a: Gholdengo\n|-damage|p2a: Gholdengo|62\/100\n|-unboost|p1a: Dipplin|spa|2\n|-enditem|p2a: Gholdengo|Air Balloon\n|\n|upkeep\n|turn|3\n|\n|t:|1699993800\n|switch|p1a: Zapdos|Zapdos|100\/100\n|move|p2a: Gholdengo|Shadow Ball|p1a: Zapdos\n|-damage|p1a: Zapdos|71\/100\n|\n|upkeep\n|turn|4\n|\n|t:|1699993805\n|switch|p2a: Garganacl|Garganacl, M|100\/100\n|move|p1a: Zapdos|Volt Switch|p2a: Garganacl\n|-damage|p2a: Garganacl|80\/100\n|\n|t:|1699993809\n|switch|p1a: Greninja|Greninja, M|100\/100|[from] Volt Switch\n|\n|-heal|p2a: Garganacl|86\/100|[from] item: Leftovers\n|upkeep\n|turn|5\n|inactive|GoTE Heartless has 120 seconds left.\n|\n|t:|1699993867\n|-terastallize|p2a: Garganacl|Dragon\n|move|p1a: Greninja|Spikes|p2a: Garganacl\n|-sidestart|p2: GoTE Heartless|Spikes\n|move|p2a: Garganacl|Salt Cure|p1a: Greninja\n|-damage|p1a: Greninja|78\/100\n|-start|p1a: Greninja|Salt Cure\n|\n|-heal|p2a: Garganacl|92\/100|[from] item: Leftovers\n|-damage|p1a: Greninja|53\/100|[from] Salt Cure\n|upkeep\n|turn|6\n|\n|t:|1699993873\n|switch|p1a: Dipplin|Dipplin, M|83\/100\n|move|p2a: Garganacl|Stealth Rock|p1a: Dipplin\n|-sidestart|p1: deanbluntbluntdean|move: Stealth Rock\n|\n|-heal|p2a: Garganacl|98\/100|[from] item: Leftovers\n|upkeep\n|turn|7\n|\n|t:|1699993883\n|switch|p2a: Gholdengo|Gholdengo|62\/100\n|-damage|p2a: Gholdengo|50\/100|[from] Spikes\n|move|p1a: Dipplin|Dragon Tail|p2a: Gholdengo\n|-resisted|p2a: Gholdengo\n|-damage|p2a: Gholdengo|40\/100\n|drag|p2a: Cinderace|Cinderace, F|100\/100\n|\n|upkeep\n|turn|8\n|\n|t:|1699993889\n|move|p2a: Cinderace|Pyro Ball|p1a: Dipplin\n|-crit|p1a: Dipplin\n|-damage|p1a: Dipplin|50\/100\n|move|p1a: Dipplin|Draco Meteor|p2a: Cinderace\n|-damage|p2a: Cinderace|50\/100\n|-unboost|p1a: Dipplin|spa|2\n|\n|upkeep\n|turn|9\n|inactive|GoTE Heartless has 120 seconds left.\n|\n|t:|1699993895\n|move|p2a: Cinderace|U-turn|p1a: Dipplin\n|-supereffective|p1a: Dipplin\n|-crit|p1a: Dipplin\n|-damage|p1a: Dipplin|26\/100\n|\n|t:|1699993900\n|switch|p2a: Rillaboom|Rillaboom, M|100\/100|[from] U-turn\n|-damage|p2a: Rillaboom|88\/100|[from] Spikes\n|-fieldstart|move: Grassy Terrain|[from] ability: Grassy Surge|[of] p2a: Rillaboom\n|move|p1a: Dipplin|Recover|p1a: Dipplin\n|-heal|p1a: Dipplin|76\/100\n|\n|-heal|p2a: Rillaboom|94\/100|[from] Grassy Terrain\n|-heal|p1a: Dipplin|82\/100|[from] Grassy Terrain\n|upkeep\n|turn|10\n|\n|t:|1699993906\n|switch|p1a: Zapdos|Zapdos|71\/100\n|move|p2a: Rillaboom|U-turn|p1a: Zapdos\n|-resisted|p1a: Zapdos\n|-damage|p1a: Zapdos|54\/100\n|\n|t:|1699993914\n|switch|p2a: Cinderace|Cinderace, F|50\/100|[from] U-turn\n|\n|-heal|p2a: Cinderace|56\/100|[from] Grassy Terrain\n|upkeep\n|turn|11\n|\n|t:|1699993922\n|switch|p1a: Dipplin|Dipplin, M|82\/100\n|-damage|p1a: Dipplin|70\/100|[from] Stealth Rock\n|move|p2a: Cinderace|Pyro Ball|p1a: Dipplin\n|-damage|p1a: Dipplin|47\/100\n|\n|-heal|p2a: Cinderace|62\/100|[from] Grassy Terrain\n|-heal|p1a: Dipplin|53\/100|[from] Grassy Terrain\n|upkeep\n|turn|12\n|\n|t:|1699993929\n|move|p2a: Cinderace|Will-O-Wisp|p1a: Dipplin\n|-status|p1a: Dipplin|brn\n|move|p1a: Dipplin|Dragon Tail|p2a: Cinderace\n|-damage|p2a: Cinderace|52\/100\n|drag|p2a: Rillaboom|Rillaboom, M|94\/100\n|-damage|p2a: Rillaboom|82\/100|[from] Spikes\n|\n|-heal|p2a: Rillaboom|88\/100|[from] Grassy Terrain\n|-heal|p1a: Dipplin|59\/100 brn|[from] Grassy Terrain\n|-damage|p1a: Dipplin|53\/100 brn|[from] brn\n|upkeep\n|turn|13\n|\n|t:|1699993934\n|move|p2a: Rillaboom|U-turn|p1a: Dipplin\n|-supereffective|p1a: Dipplin\n|-damage|p1a: Dipplin|21\/100 brn\n|\n|t:|1699993937\n|switch|p2a: Salamence|Salamence, M|100\/100|[from] U-turn\n|move|p1a: Dipplin|Recover|p1a: Dipplin\n|-heal|p1a: Dipplin|71\/100 brn\n|\n|-heal|p1a: Dipplin|77\/100 brn|[from] Grassy Terrain\n|-damage|p1a: Dipplin|71\/100 brn|[from] brn\n|-fieldend|move: Grassy Terrain\n|upkeep\n|turn|14\n|\n|t:|1699993943\n|move|p2a: Salamence|Stone Edge|p1a: Dipplin|[miss]\n|-miss|p2a: Salamence|p1a: Dipplin\n|move|p1a: Dipplin|Draco Meteor|p2a: Salamence\n|-supereffective|p2a: Salamence\n|-damage|p2a: Salamence|0 fnt\n|-unboost|p1a: Dipplin|spa|2\n|faint|p2a: Salamence\n|\n|-damage|p1a: Dipplin|65\/100 brn|[from] brn\n|upkeep\n|\n|t:|1699993945\n|switch|p2a: Chandelure|Chandelure, M|100\/100\n|turn|15\n|\n|t:|1699993952\n|move|p2a: Chandelure|Fire Blast|p1a: Dipplin|[miss]\n|-miss|p2a: Chandelure|p1a: Dipplin\n|move|p1a: Dipplin|Dragon Tail|p2a: Chandelure\n|-damage|p2a: Chandelure|89\/100\n|drag|p2a: Garganacl|Garganacl, M, tera:Dragon|98\/100\n|-damage|p2a: Garganacl|86\/100|[from] Spikes\n|\n|-heal|p2a: Garganacl|92\/100|[from] item: Leftovers\n|-damage|p1a: Dipplin|58\/100 brn|[from] brn\n|upkeep\n|turn|16\n|\n|t:|1699993961\n|move|p2a: Garganacl|Salt Cure|p1a: Dipplin\n|-damage|p1a: Dipplin|52\/100 brn\n|-start|p1a: Dipplin|Salt Cure\n|move|p1a: Dipplin|Recover|p1a: Dipplin\n|-heal|p1a: Dipplin|100\/100 brn\n|\n|-heal|p2a: Garganacl|98\/100|[from] item: Leftovers\n|-damage|p1a: Dipplin|94\/100 brn|[from] brn\n|-damage|p1a: Dipplin|82\/100 brn|[from] Salt Cure\n|upkeep\n|turn|17\n|\n|t:|1699993966\n|move|p2a: Garganacl|Salt Cure|p1a: Dipplin\n|-damage|p1a: Dipplin|76\/100 brn\n|move|p1a: Dipplin|Dragon Tail|p2a: Garganacl\n|-supereffective|p2a: Garganacl\n|-damage|p2a: Garganacl|88\/100\n|drag|p2a: Cinderace|Cinderace, F|52\/100\n|\n|-damage|p1a: Dipplin|70\/100 brn|[from] brn\n|-damage|p1a: Dipplin|58\/100 brn|[from] Salt Cure\n|upkeep\n|turn|18\n|\n|t:|1699993972\n|move|p2a: Cinderace|Pyro Ball|p1a: Dipplin\n|-crit|p1a: Dipplin\n|-damage|p1a: Dipplin|28\/100 brn\n|move|p1a: Dipplin|Recover|p1a: Dipplin\n|-heal|p1a: Dipplin|78\/100 brn\n|\n|-damage|p1a: Dipplin|72\/100 brn|[from] brn\n|-damage|p1a: Dipplin|59\/100 brn|[from] Salt Cure\n|upkeep\n|turn|19\n|\n|t:|1699993977\n|switch|p1a: Great Tusk|Great Tusk|100\/100\n|-damage|p1a: Great Tusk|98\/100|[from] Stealth Rock\n|move|p2a: Cinderace|Pyro Ball|p1a: Great Tusk\n|-damage|p1a: Great Tusk|75\/100\n|\n|-heal|p1a: Great Tusk|82\/100|[from] item: Leftovers\n|upkeep\n|turn|20\n|\n|t:|1699993986\n|-end|p1a: Great Tusk|Protosynthesis|[silent]\n|switch|p1a: Dipplin|Dipplin, M|59\/100 brn\n|-damage|p1a: Dipplin|47\/100 brn|[from] Stealth Rock\n|move|p2a: Cinderace|Will-O-Wisp|p1a: Dipplin\n|-fail|p1a: Dipplin|brn\n|\n|-damage|p1a: Dipplin|41\/100 brn|[from] brn\n|upkeep\n|turn|21\n|\n|t:|1699993988\n|move|p2a: Cinderace|Pyro Ball|p1a: Dipplin\n|-damage|p1a: Dipplin|21\/100 brn\n|move|p1a: Dipplin|Recover|p1a: Dipplin\n|-heal|p1a: Dipplin|71\/100 brn\n|\n|-damage|p1a: Dipplin|65\/100 brn|[from] brn\n|upkeep\n|turn|22\n|\n|t:|1699993991\n|move|p2a: Cinderace|U-turn|p1a: Dipplin\n|-supereffective|p1a: Dipplin\n|-damage|p1a: Dipplin|47\/100 brn\n|\n|t:|1699993993\n|switch|p2a: Rillaboom|Rillaboom, M|88\/100|[from] U-turn\n|-damage|p2a: Rillaboom|76\/100|[from] Spikes\n|-fieldstart|move: Grassy Terrain|[from] ability: Grassy Surge|[of] p2a: Rillaboom\n|move|p1a: Dipplin|Recover|p1a: Dipplin\n|-heal|p1a: Dipplin|97\/100 brn\n|\n|-heal|p2a: Rillaboom|82\/100|[from] Grassy Terrain\n|-heal|p1a: Dipplin|100\/100 brn|[from] Grassy Terrain\n|-damage|p1a: Dipplin|94\/100 brn|[from] brn\n|upkeep\n|turn|23\n|\n|t:|1699993996\n|move|p2a: Rillaboom|Knock Off|p1a: Dipplin\n|-damage|p1a: Dipplin|72\/100 brn\n|-activate|p1a: Dipplin|ability: Sticky Hold\n|move|p1a: Dipplin|Draco Meteor|p2a: Rillaboom\n|-damage|p2a: Rillaboom|22\/100\n|-unboost|p1a: Dipplin|spa|2\n|\n|-heal|p2a: Rillaboom|28\/100|[from] Grassy Terrain\n|-heal|p1a: Dipplin|78\/100 brn|[from] Grassy Terrain\n|-damage|p1a: Dipplin|72\/100 brn|[from] brn\n|upkeep\n|turn|24\n|\n|t:|1699994004\n|switch|p2a: Gholdengo|Gholdengo|40\/100\n|-damage|p2a: Gholdengo|27\/100|[from] Spikes\n|move|p1a: Dipplin|Infestation|p2a: Gholdengo\n|-resisted|p2a: Gholdengo\n|-damage|p2a: Gholdengo|27\/100\n|-activate|p2a: Gholdengo|move: Infestation|[of] p1a: Dipplin\n|\n|-heal|p2a: Gholdengo|33\/100|[from] Grassy Terrain\n|-heal|p1a: Dipplin|78\/100 brn|[from] Grassy Terrain\n|-damage|p1a: Dipplin|72\/100 brn|[from] brn\n|-damage|p2a: Gholdengo|20\/100|[from] move: Infestation|[partiallytrapped]\n|upkeep\n|turn|25\n|\n|t:|1699994010\n|move|p2a: Gholdengo|Recover|p2a: Gholdengo\n|-heal|p2a: Gholdengo|71\/100\n|move|p1a: Dipplin|Recover|p1a: Dipplin\n|-heal|p1a: Dipplin|100\/100 brn\n|\n|-heal|p2a: Gholdengo|77\/100|[from] Grassy Terrain\n|-damage|p1a: Dipplin|94\/100 brn|[from] brn\n|-damage|p2a: Gholdengo|64\/100|[from] move: Infestation|[partiallytrapped]\n|upkeep\n|turn|26\n|\n|t:|1699994014\n|move|p2a: Gholdengo|Nasty Plot|p2a: Gholdengo\n|-boost|p2a: Gholdengo|spa|2\n|move|p1a: Dipplin|Dragon Tail|p2a: Gholdengo\n|-resisted|p2a: Gholdengo\n|-damage|p2a: Gholdengo|60\/100\n|drag|p2a: Rillaboom|Rillaboom, M|28\/100\n|-damage|p2a: Rillaboom|16\/100|[from] Spikes\n|\n|-heal|p2a: Rillaboom|22\/100|[from] Grassy Terrain\n|-heal|p1a: Dipplin|100\/100 brn|[from] Grassy Terrain\n|-damage|p1a: Dipplin|94\/100 brn|[from] brn\n|-fieldend|move: Grassy Terrain\n|upkeep\n|turn|27\n|\n|t:|1699994018\n|move|p2a: Rillaboom|U-turn|p1a: Dipplin\n|-supereffective|p1a: Dipplin\n|-damage|p1a: Dipplin|63\/100 brn\n|\n|t:|1699994021\n|switch|p2a: Chandelure|Chandelure, M|89\/100|[from] U-turn\n|move|p1a: Dipplin|Infestation|p2a: Chandelure\n|-resisted|p2a: Chandelure\n|-damage|p2a: Chandelure|88\/100\n|-activate|p2a: Chandelure|move: Infestation|[of] p1a: Dipplin\n|\n|-damage|p1a: Dipplin|57\/100 brn|[from] brn\n|-damage|p2a: Chandelure|76\/100|[from] move: Infestation|[partiallytrapped]\n|upkeep\n|turn|28\n|\n|t:|1699994024\n|switch|p1a: Zapdos|Zapdos|54\/100\n|move|p2a: Chandelure|Fire Blast|p1a: Zapdos\n|-damage|p1a: Zapdos|7\/100\n|\n|-end|p2a: Chandelure|Infestation|[partiallytrapped]|[silent]\n|upkeep\n|turn|29\n|\n|t:|1699994030\n|move|p2a: Chandelure|Shadow Ball|p1a: Zapdos\n|-crit|p1a: Zapdos\n|-damage|p1a: Zapdos|0 fnt\n|faint|p1a: Zapdos\n|\n|upkeep\n|\n|t:|1699994034\n|switch|p1a: Cinderace|Cinderace, F|100\/100\n|turn|30\n|\n|t:|1699994037\n|move|p1a: Cinderace|Swords Dance|p1a: Cinderace\n|-boost|p1a: Cinderace|atk|2\n|move|p2a: Chandelure|Fire Blast|p1a: Cinderace\n|-resisted|p1a: Cinderace\n|-damage|p1a: Cinderace|60\/100\n|\n|upkeep\n|turn|31\n|\n|t:|1699994042\n|switch|p2a: Garganacl|Garganacl, M, tera:Dragon|88\/100\n|-damage|p2a: Garganacl|75\/100|[from] Spikes\n|move|p1a: Cinderace|Sucker Punch||[still]\n|-fail|p1a: Cinderace\n|\n|-heal|p2a: Garganacl|82\/100|[from] item: Leftovers\n|upkeep\n|turn|32\n|\n|t:|1699994045\n|move|p1a: Cinderace|U-turn|p2a: Garganacl\n|-damage|p2a: Garganacl|54\/100\n|\n|t:|1699994049\n|switch|p1a: Dipplin|Dipplin, M|57\/100 brn|[from] U-turn\n|-damage|p1a: Dipplin|44\/100 brn|[from] Stealth Rock\n|move|p2a: Garganacl|Salt Cure|p1a: Dipplin\n|-damage|p1a: Dipplin|38\/100 brn\n|-start|p1a: Dipplin|Salt Cure\n|\n|-heal|p2a: Garganacl|60\/100|[from] item: Leftovers\n|-damage|p1a: Dipplin|32\/100 brn|[from] brn\n|-damage|p1a: Dipplin|19\/100 brn|[from] Salt Cure\n|upkeep\n|turn|33\n|\n|t:|1699994057\n|move|p2a: Garganacl|Recover|p2a: Garganacl\n|-heal|p2a: Garganacl|100\/100\n|move|p1a: Dipplin|Draco Meteor|p2a: Garganacl\n|-supereffective|p2a: Garganacl\n|-damage|p2a: Garganacl|41\/100\n|-unboost|p1a: Dipplin|spa|2\n|\n|-heal|p2a: Garganacl|47\/100|[from] item: Leftovers\n|-damage|p1a: Dipplin|13\/100 brn|[from] brn\n|-damage|p1a: Dipplin|1\/100 brn|[from] Salt Cure\n|upkeep\n|turn|34\n|\n|t:|1699994061\n|move|p2a: Garganacl|Recover|p2a: Garganacl\n|-heal|p2a: Garganacl|97\/100\n|move|p1a: Dipplin|Dragon Tail|p2a: Garganacl\n|-supereffective|p2a: Garganacl\n|-damage|p2a: Garganacl|86\/100\n|drag|p2a: Gholdengo|Gholdengo|60\/100\n|-damage|p2a: Gholdengo|47\/100|[from] Spikes\n|\n|-damage|p1a: Dipplin|0 fnt|[from] brn\n|faint|p1a: Dipplin\n|upkeep\n|\n|t:|1699994062\n|switch|p1a: Cinderace|Cinderace, F|60\/100\n|turn|35\n|\n|t:|1699994066\n|switch|p2a: Garganacl|Garganacl, M, tera:Dragon|86\/100\n|-damage|p2a: Garganacl|74\/100|[from] Spikes\n|move|p1a: Cinderace|U-turn|p2a: Garganacl\n|-damage|p2a: Garganacl|59\/100\n|\n|t:|1699994068\n|switch|p1a: Staraptor|Staraptor, M, shiny|100\/100|[from] U-turn\n|-damage|p1a: Staraptor|76\/100|[from] Stealth Rock\n|\n|-heal|p2a: Garganacl|65\/100|[from] item: Leftovers\n|upkeep\n|turn|36\n|\n|t:|1699994072\n|move|p1a: Staraptor|Brave Bird|p2a: Garganacl\n|-damage|p2a: Garganacl|24\/100\n|-damage|p1a: Staraptor|58\/100|[from] Recoil\n|move|p2a: Garganacl|Recover|p2a: Garganacl\n|-heal|p2a: Garganacl|74\/100\n|\n|-heal|p2a: Garganacl|80\/100|[from] item: Leftovers\n|upkeep\n|turn|37\n|\n|t:|1699994076\n|-terastallize|p1a: Staraptor|Flying\n|move|p1a: Staraptor|Brave Bird|p2a: Garganacl\n|-damage|p2a: Garganacl|21\/100\n|-damage|p1a: Staraptor|33\/100|[from] Recoil\n|move|p2a: Garganacl|Salt Cure|p1a: Staraptor\n|-supereffective|p1a: Staraptor\n|-damage|p1a: Staraptor|0 fnt\n|faint|p1a: Staraptor\n|\n|-heal|p2a: Garganacl|27\/100|[from] item: Leftovers\n|upkeep\n|\n|t:|1699994081\n|switch|p1a: Greninja|Greninja, M|53\/100\n|-damage|p1a: Greninja|41\/100|[from] Stealth Rock\n|turn|38\n|\n|t:|1699994087\n|switch|p2a: Cinderace|Cinderace, F|52\/100\n|move|p1a: Greninja|Dark Pulse|p2a: Cinderace\n|-damage|p2a: Cinderace|0 fnt\n|faint|p2a: Cinderace\n|-ability|p1a: Greninja|Battle Bond|boost\n|-boost|p1a: Greninja|atk|1\n|-boost|p1a: Greninja|spa|1\n|-boost|p1a: Greninja|spe|1\n|-activate|p1a: Greninja|ability: Battle Bond\n|-damage|p1a: Greninja|31\/100|[from] item: Life Orb\n|\n|upkeep\n|\n|t:|1699994090\n|switch|p2a: Rillaboom|Rillaboom, M|22\/100\n|-damage|p2a: Rillaboom|10\/100|[from] Spikes\n|-fieldstart|move: Grassy Terrain|[from] ability: Grassy Surge|[of] p2a: Rillaboom\n|turn|39\n|\n|t:|1699994096\n|move|p1a: Greninja|Water Shuriken|p2a: Rillaboom\n|-resisted|p2a: Rillaboom\n|-damage|p2a: Rillaboom|0 fnt\n|faint|p2a: Rillaboom\n|-hitcount|p2: Rillaboom|1\n|-damage|p1a: Greninja|21\/100|[from] item: Life Orb\n|\n|-heal|p1a: Greninja|27\/100|[from] Grassy Terrain\n|upkeep\n|-message|GoTE Heartless forfeited.\n|\n|win|deanbluntbluntdean\n|raw|deanbluntbluntdean's rating: 1342 &rarr; <strong>1368<\/strong><br \/>(+26 for winning)\n|raw|GoTE Heartless's rating: 1443 &rarr; <strong>1417<\/strong><br \/>(-26 for losing)\n|l|\u2606GoTE Heartless\n","uploadtime":1699994106,"views":19,"p1id":"deanbluntbluntdean","p2id":"goteheartless","formatid":"gen9ou","rating":1368,"private":0,"password":""}