{"id":"gen9ou-1994801174","p1":"alt no. 598","p2":"3r34t45","format":"[Gen 9] OU","log":"|j|\u2606alt no. 598\n|j|\u26063r34t45\n|t:|1700494070\n|gametype|singles\n|player|p1|alt no. 598|acetrainersnowf|1549\n|player|p2|3r34t45|169|1524\n|teamsize|p1|6\n|teamsize|p2|6\n|gen|9\n|tier|[Gen 9] OU\n|rated|\n|rule|Sleep Clause Mod: Limit one foe put to sleep\n|rule|Species Clause: Limit one of each Pok\u00e9mon\n|rule|OHKO Clause: OHKO moves are banned\n|rule|Evasion Items Clause: Evasion items are banned\n|rule|Evasion Moves Clause: Evasion moves are banned\n|rule|Endless Battle Clause: Forcing endless battles is banned\n|rule|HP Percentage Mod: HP is shown in percentages\n|clearpoke\n|poke|p1|Landorus-Therian, M|\n|poke|p1|Moltres|\n|poke|p1|Slowking-Galar, M|\n|poke|p1|Weavile, F|\n|poke|p1|Gholdengo|\n|poke|p1|Zamazenta-*|\n|poke|p2|Rillaboom, M|\n|poke|p2|Ribombee, M|\n|poke|p2|Tyranitar, M|\n|poke|p2|Walking Wake|\n|poke|p2|Ceruledge, M|\n|poke|p2|Great Tusk|\n|teampreview\n|inactive|Battle timer is ON: inactive players will automatically lose when time's up. (requested by 3r34t45)\n|\n|t:|1700494085\n|start\n|switch|p1a: Gholdengo|Gholdengo|100\/100\n|switch|p2a: Ribombee|Ribombee, M|100\/100\n|turn|1\n|\n|t:|1700494100\n|move|p2a: Ribombee|Sticky Web|p1a: Gholdengo\n|-sidestart|p1: alt no. 598|move: Sticky Web\n|move|p1a: Gholdengo|Make It Rain|p2a: Ribombee\n|-supereffective|p2a: Ribombee\n|-enditem|p2a: Ribombee|Focus Sash\n|-damage|p2a: Ribombee|1\/100\n|-unboost|p1a: Gholdengo|spa|1\n|\n|upkeep\n|turn|2\n|\n|t:|1700494104\n|move|p2a: Ribombee|U-turn|p1a: Gholdengo\n|-resisted|p1a: Gholdengo\n|-damage|p1a: Gholdengo|97\/100\n|\n|t:|1700494106\n|switch|p2a: Walking Wake|Walking Wake|100\/100|[from] U-turn\n|-enditem|p2a: Walking Wake|Booster Energy\n|-activate|p2a: Walking Wake|ability: Protosynthesis|[fromitem]\n|-start|p2a: Walking Wake|protosynthesisspa\n|move|p1a: Gholdengo|Make It Rain|p2a: Walking Wake\n|-resisted|p2a: Walking Wake\n|-damage|p2a: Walking Wake|59\/100\n|-unboost|p1a: Gholdengo|spa|1\n|\n|upkeep\n|turn|3\n|\n|t:|1700494110\n|switch|p1a: Slowking|Slowking-Galar, M|100\/100\n|move|p2a: Walking Wake|Substitute|p2a: Walking Wake\n|-start|p2a: Walking Wake|Substitute\n|-damage|p2a: Walking Wake|35\/100\n|\n|upkeep\n|turn|4\n|\n|t:|1700494115\n|-terastallize|p2a: Walking Wake|Water\n|move|p2a: Walking Wake|Hydro Steam|p1a: Slowking\n|-damage|p1a: Slowking|56\/100\n|move|p1a: Slowking|Sludge Bomb|p2a: Walking Wake\n|-end|p2a: Walking Wake|Substitute\n|\n|upkeep\n|turn|5\n|\n|t:|1700494145\n|move|p2a: Walking Wake|Hydro Steam|p1a: Slowking\n|-damage|p1a: Slowking|12\/100\n|move|p1a: Slowking|Sludge Bomb|p2a: Walking Wake\n|-damage|p2a: Walking Wake|0 fnt\n|faint|p2a: Walking Wake\n|-end|p2a: Walking Wake|Protosynthesis|[silent]\n|\n|upkeep\n|\n|t:|1700494147\n|switch|p2a: Ceruledge|Ceruledge, M|100\/100\n|turn|6\n|\n|t:|1700494154\n|move|p2a: Ceruledge|Swords Dance|p2a: Ceruledge\n|-boost|p2a: Ceruledge|atk|2\n|move|p1a: Slowking|Future Sight|p2a: Ceruledge\n|-start|p1a: Slowking|move: Future Sight\n|\n|upkeep\n|turn|7\n|\n|t:|1700494163\n|move|p2a: Ceruledge|Shadow Sneak|p1a: Slowking\n|-supereffective|p1a: Slowking\n|-damage|p1a: Slowking|0 fnt\n|faint|p1a: Slowking\n|\n|upkeep\n|\n|t:|1700494175\n|switch|p1a: Landorus|Landorus-Therian, M|100\/100\n|-ability|p1a: Landorus|Intimidate|boost\n|-unboost|p2a: Ceruledge|atk|1\n|turn|8\n|\n|t:|1700494178\n|switch|p2a: Ribombee|Ribombee, M|1\/100\n|move|p1a: Landorus|Stealth Rock|p2a: Ribombee\n|-sidestart|p2: 3r34t45|move: Stealth Rock\n|\n|-end|p2a: Ribombee|move: Future Sight\n|-damage|p2a: Ribombee|0 fnt\n|faint|p2a: Ribombee\n|upkeep\n|\n|t:|1700494182\n|switch|p2a: Great Tusk|Great Tusk|100\/100\n|-damage|p2a: Great Tusk|98\/100|[from] Stealth Rock\n|turn|9\n|\n|t:|1700494189\n|switch|p1a: Moltres|Moltres|100\/100\n|move|p2a: Great Tusk|Rapid Spin|p1a: Moltres\n|-damage|p1a: Moltres|88\/100\n|-boost|p2a: Great Tusk|spe|1\n|-status|p2a: Great Tusk|brn|[from] ability: Flame Body|[of] p1a: Moltres\n|-sideend|p2: 3r34t45|Stealth Rock|[from] move: Rapid Spin|[of] p2a: Great Tusk\n|\n|-heal|p2a: Great Tusk|100\/100 brn|[from] item: Leftovers\n|-damage|p2a: Great Tusk|94\/100 brn|[from] brn\n|upkeep\n|turn|10\n|\n|t:|1700494193\n|-end|p2a: Great Tusk|Protosynthesis|[silent]\n|switch|p2a: Ceruledge|Ceruledge, M|100\/100\n|move|p1a: Moltres|U-turn|p2a: Ceruledge\n|-resisted|p2a: Ceruledge\n|-crit|p2a: Ceruledge\n|-damage|p2a: Ceruledge|93\/100\n|-ability|p2a: Ceruledge|Weak Armor|boost\n|-unboost|p2a: Ceruledge|def|1\n|-boost|p2a: Ceruledge|spe|2\n|\n|t:|1700494196\n|switch|p1a: Landorus|Landorus-Therian, M|100\/100|[from] U-turn\n|-ability|p1a: Landorus|Intimidate|boost\n|-unboost|p2a: Ceruledge|atk|1\n|\n|upkeep\n|turn|11\n|\n|t:|1700494206\n|move|p2a: Ceruledge|Swords Dance|p2a: Ceruledge\n|-boost|p2a: Ceruledge|atk|2\n|move|p1a: Landorus|Earthquake|p2a: Ceruledge\n|-supereffective|p2a: Ceruledge\n|-damage|p2a: Ceruledge|0 fnt\n|faint|p2a: Ceruledge\n|\n|upkeep\n|\n|t:|1700494211\n|switch|p2a: Rillaboom|Rillaboom, M|100\/100\n|-fieldstart|move: Grassy Terrain|[from] ability: Grassy Surge|[of] p2a: Rillaboom\n|turn|12\n|\n|t:|1700494215\n|switch|p1a: Moltres|Moltres|88\/100\n|move|p2a: Rillaboom|U-turn|p1a: Moltres\n|-resisted|p1a: Moltres\n|-damage|p1a: Moltres|82\/100\n|\n|t:|1700494217\n|switch|p2a: Tyranitar|Tyranitar, M|100\/100|[from] U-turn\n|-weather|Sandstorm|[from] ability: Sand Stream|[of] p2a: Tyranitar\n|\n|-weather|Sandstorm|[upkeep]\n|-damage|p1a: Moltres|76\/100|[from] Sandstorm\n|upkeep\n|turn|13\n|\n|t:|1700494226\n|switch|p1a: Zamazenta|Zamazenta|100\/100\n|-ability|p1a: Zamazenta|Dauntless Shield|boost\n|-boost|p1a: Zamazenta|def|1\n|move|p2a: Tyranitar|Dragon Dance|p2a: Tyranitar\n|-boost|p2a: Tyranitar|atk|1\n|-boost|p2a: Tyranitar|spe|1\n|\n|-weather|Sandstorm|[upkeep]\n|-damage|p1a: Zamazenta|94\/100|[from] Sandstorm\n|-heal|p1a: Zamazenta|100\/100|[from] Grassy Terrain\n|upkeep\n|turn|14\n|\n|t:|1700494229\n|move|p1a: Zamazenta|Close Combat|p2a: Tyranitar\n|-supereffective|p2a: Tyranitar\n|-damage|p2a: Tyranitar|0 fnt\n|-unboost|p1a: Zamazenta|def|1\n|-unboost|p1a: Zamazenta|spd|1\n|faint|p2a: Tyranitar\n|\n|-weather|Sandstorm|[upkeep]\n|-damage|p1a: Zamazenta|94\/100|[from] Sandstorm\n|-heal|p1a: Zamazenta|100\/100|[from] Grassy Terrain\n|upkeep\n|-message|3r34t45 forfeited.\n|\n|win|alt no. 598\n|raw|alt no. 598's rating: 1549 &rarr; <strong>1568<\/strong><br \/>(+19 for winning)\n|raw|3r34t45's rating: 1524 &rarr; <strong>1505<\/strong><br \/>(-19 for losing)\n|l|\u26063r34t45\n","uploadtime":1700494239,"views":6,"p1id":"altno598","p2id":"3r34t45","formatid":"gen9ou","rating":1505,"private":0,"password":""}