{"id":"gen9ou-2000677569","p1":"Clwredemption","p2":"byuself","format":"[Gen 9] OU","log":"|j|\u2606Clwredemption\n|j|\u2606byuself\n|t:|1701217717\n|gametype|singles\n|player|p1|Clwredemption|1|1507\n|player|p2|byuself|101|1613\n|teamsize|p1|6\n|teamsize|p2|6\n|gen|9\n|tier|[Gen 9] OU\n|rated|\n|rule|Sleep Clause Mod: Limit one foe put to sleep\n|rule|Species Clause: Limit one of each Pok\u00e9mon\n|rule|OHKO Clause: OHKO moves are banned\n|rule|Evasion Items Clause: Evasion items are banned\n|rule|Evasion Moves Clause: Evasion moves are banned\n|rule|Endless Battle Clause: Forcing endless battles is banned\n|rule|HP Percentage Mod: HP is shown in percentages\n|clearpoke\n|poke|p1|Ursaluna, F|\n|poke|p1|Ogerpon-Wellspring, F|\n|poke|p1|Ting-Lu|\n|poke|p1|Gholdengo|\n|poke|p1|Zapdos|\n|poke|p1|Great Tusk|\n|poke|p2|Torkoal, M|\n|poke|p2|Walking Wake|\n|poke|p2|Great Tusk|\n|poke|p2|Sandy Shocks|\n|poke|p2|Kingambit, M|\n|poke|p2|Landorus-Therian, M|\n|teampreview\n|\n|t:|1701217731\n|start\n|switch|p1a: Ting-Lu|Ting-Lu|100\/100\n|switch|p2a: Sandy Shocks|Sandy Shocks|100\/100\n|-ability|p1a: Ting-Lu|Vessel of Ruin\n|turn|1\n|\n|t:|1701217737\n|-end|p2a: Sandy Shocks|Protosynthesis|[silent]\n|switch|p2a: Great Tusk|Great Tusk|100\/100\n|move|p1a: Ting-Lu|Spikes|p2a: Great Tusk\n|-sidestart|p2: byuself|Spikes\n|\n|upkeep\n|turn|2\n|\n|t:|1701217748\n|-end|p2a: Great Tusk|Protosynthesis|[silent]\n|switch|p2a: Torkoal|Torkoal, M|100\/100\n|-damage|p2a: Torkoal|88\/100|[from] Spikes\n|-weather|SunnyDay|[from] ability: Drought|[of] p2a: Torkoal\n|switch|p1a: Zapdos|Zapdos|100\/100\n|\n|-weather|SunnyDay|[upkeep]\n|upkeep\n|turn|3\n|\n|t:|1701217751\n|move|p1a: Zapdos|Volt Switch|p2a: Torkoal\n|-damage|p2a: Torkoal|63\/100\n|\n|t:|1701217756\n|switch|p1a: Ting-Lu|Ting-Lu|100\/100|[from] Volt Switch\n|-ability|p1a: Ting-Lu|Vessel of Ruin\n|move|p2a: Torkoal|Stealth Rock|p1a: Ting-Lu\n|-sidestart|p1: Clwredemption|move: Stealth Rock\n|\n|-weather|SunnyDay|[upkeep]\n|upkeep\n|turn|4\n|\n|t:|1701217761\n|switch|p2a: Great Tusk|Great Tusk|100\/100\n|-damage|p2a: Great Tusk|88\/100|[from] Spikes\n|-activate|p2a: Great Tusk|ability: Protosynthesis\n|-start|p2a: Great Tusk|protosynthesisspe\n|move|p1a: Ting-Lu|Whirlwind|p2a: Great Tusk\n|-end|p2a: Great Tusk|Protosynthesis|[silent]\n|drag|p2a: Walking Wake|Walking Wake|100\/100\n|-damage|p2a: Walking Wake|88\/100|[from] Spikes\n|-activate|p2a: Walking Wake|ability: Protosynthesis\n|-start|p2a: Walking Wake|protosynthesisspa\n|\n|-weather|SunnyDay|[upkeep]\n|-heal|p2a: Walking Wake|94\/100|[from] item: Leftovers\n|upkeep\n|turn|5\n|\n|t:|1701217773\n|-terastallize|p1a: Ting-Lu|Grass\n|move|p2a: Walking Wake|Substitute|p2a: Walking Wake\n|-start|p2a: Walking Wake|Substitute\n|-damage|p2a: Walking Wake|69\/100\n|move|p1a: Ting-Lu|Earthquake|p2a: Walking Wake\n|-end|p2a: Walking Wake|Substitute\n|\n|-weather|SunnyDay|[upkeep]\n|-heal|p2a: Walking Wake|75\/100|[from] item: Leftovers\n|upkeep\n|turn|6\n|\n|t:|1701217781\n|move|p2a: Walking Wake|Flamethrower|p1a: Ting-Lu\n|-supereffective|p1a: Ting-Lu\n|-damage|p1a: Ting-Lu|44\/100\n|move|p1a: Ting-Lu|Earthquake|p2a: Walking Wake\n|-damage|p2a: Walking Wake|40\/100\n|\n|-weather|SunnyDay|[upkeep]\n|-heal|p2a: Walking Wake|46\/100|[from] item: Leftovers\n|-heal|p1a: Ting-Lu|50\/100|[from] item: Leftovers\n|upkeep\n|turn|7\n|\n|t:|1701217788\n|move|p2a: Walking Wake|Flamethrower|p1a: Ting-Lu\n|-supereffective|p1a: Ting-Lu\n|-damage|p1a: Ting-Lu|0 fnt\n|faint|p1a: Ting-Lu\n|\n|-weather|SunnyDay|[upkeep]\n|-heal|p2a: Walking Wake|52\/100|[from] item: Leftovers\n|upkeep\n|\n|t:|1701217798\n|switch|p1a: Great Tusk|Great Tusk|100\/100\n|-damage|p1a: Great Tusk|98\/100|[from] Stealth Rock\n|-activate|p1a: Great Tusk|ability: Protosynthesis\n|-start|p1a: Great Tusk|protosynthesisspe\n|turn|8\n|\n|t:|1701217806\n|move|p1a: Great Tusk|Headlong Rush|p2a: Walking Wake\n|-damage|p2a: Walking Wake|0 fnt\n|-unboost|p1a: Great Tusk|def|1\n|-unboost|p1a: Great Tusk|spd|1\n|faint|p2a: Walking Wake\n|-end|p2a: Walking Wake|Protosynthesis|[silent]\n|\n|-weather|SunnyDay|[upkeep]\n|upkeep\n|\n|t:|1701217811\n|switch|p2a: Landorus|Landorus-Therian, M|100\/100\n|-ability|p2a: Landorus|Intimidate|boost\n|-unboost|p1a: Great Tusk|atk|1\n|turn|9\n|\n|t:|1701217819\n|-end|p1a: Great Tusk|Protosynthesis|[silent]\n|switch|p1a: Zapdos|Zapdos|100\/100\n|move|p2a: Landorus|Weather Ball|p1a: Zapdos\n|-damage|p1a: Zapdos|44\/100\n|\n|-weather|none\n|upkeep\n|turn|10\n|\n|t:|1701217830\n|switch|p2a: Torkoal|Torkoal, M|63\/100\n|-damage|p2a: Torkoal|51\/100|[from] Spikes\n|-weather|SunnyDay|[from] ability: Drought|[of] p2a: Torkoal\n|move|p1a: Zapdos|Roost|p1a: Zapdos\n|-heal|p1a: Zapdos|94\/100\n|-singleturn|p1a: Zapdos|move: Roost\n|\n|-weather|SunnyDay|[upkeep]\n|upkeep\n|turn|11\n|\n|t:|1701217837\n|move|p1a: Zapdos|Thunder Wave|p2a: Torkoal\n|-status|p2a: Torkoal|par\n|move|p2a: Torkoal|Rapid Spin|p1a: Zapdos\n|-damage|p1a: Zapdos|85\/100\n|-boost|p2a: Torkoal|spe|1\n|-sideend|p2: byuself|Spikes|[from] move: Rapid Spin|[of] p2a: Torkoal\n|\n|-weather|SunnyDay|[upkeep]\n|upkeep\n|turn|12\n|\n|t:|1701217843\n|move|p1a: Zapdos|Volt Switch|p2a: Torkoal\n|-damage|p2a: Torkoal|24\/100 par\n|\n|t:|1701217848\n|switch|p1a: Kobe|Ogerpon-Wellspring, F|100\/100|[from] Volt Switch\n|-damage|p1a: Kobe|88\/100|[from] Stealth Rock\n|move|p2a: Torkoal|Yawn|p1a: Kobe\n|-start|p1a: Kobe|move: Yawn|[of] p2a: Torkoal\n|\n|-weather|SunnyDay|[upkeep]\n|upkeep\n|turn|13\n|\n|t:|1701217861\n|switch|p2a: Landorus|Landorus-Therian, M|100\/100\n|-ability|p2a: Landorus|Intimidate|boost\n|-unboost|p1a: Kobe|atk|1\n|move|p1a: Kobe|Ivy Cudgel|p2a: Landorus|[anim] Ivy Cudgel Water\n|-supereffective|p2a: Landorus\n|-damage|p2a: Landorus|49\/100\n|\n|-weather|SunnyDay|[upkeep]\n|-end|p1a: Kobe|move: Yawn|[silent]\n|-status|p1a: Kobe|slp\n|upkeep\n|turn|14\n|\n|t:|1701217872\n|cant|p1a: Kobe|slp\n|move|p2a: Landorus|Weather Ball|p1a: Kobe\n|-damage|p1a: Kobe|6\/100 slp\n|\n|-weather|SunnyDay|[upkeep]\n|upkeep\n|turn|15\n|\n|t:|1701217877\n|-curestatus|p1a: Kobe|slp|[msg]\n|move|p1a: Kobe|Ivy Cudgel|p2a: Landorus|[anim] Ivy Cudgel Water\n|-supereffective|p2a: Landorus\n|-damage|p2a: Landorus|0 fnt\n|faint|p2a: Landorus\n|\n|-weather|SunnyDay|[upkeep]\n|upkeep\n|\n|t:|1701217882\n|switch|p2a: Sandy Shocks|Sandy Shocks|100\/100\n|-activate|p2a: Sandy Shocks|ability: Protosynthesis\n|-start|p2a: Sandy Shocks|protosynthesisspe\n|turn|16\n|\n|t:|1701217887\n|move|p2a: Sandy Shocks|Volt Switch|p1a: Kobe\n|-damage|p1a: Kobe|0 fnt\n|faint|p1a: Kobe\n|\n|t:|1701217897\n|-end|p2a: Sandy Shocks|Protosynthesis|[silent]\n|switch|p2a: Great Tusk|Great Tusk|88\/100|[from] Volt Switch\n|-activate|p2a: Great Tusk|ability: Protosynthesis\n|-start|p2a: Great Tusk|protosynthesisspe\n|\n|-weather|SunnyDay|[upkeep]\n|upkeep\n|\n|t:|1701217901\n|switch|p1a: Zapdos|Zapdos|85\/100\n|turn|17\n|\n|t:|1701217908\n|move|p2a: Great Tusk|Knock Off|p1a: Zapdos\n|-damage|p1a: Zapdos|55\/100\n|-enditem|p1a: Zapdos|Heavy-Duty Boots|[from] move: Knock Off|[of] p2a: Great Tusk\n|move|p1a: Zapdos|Hurricane|p2a: Great Tusk\n|-supereffective|p2a: Great Tusk\n|-damage|p2a: Great Tusk|28\/100\n|-start|p2a: Great Tusk|confusion\n|\n|-weather|none\n|-end|p2a: Great Tusk|Protosynthesis\n|upkeep\n|turn|18\n|\n|t:|1701217922\n|move|p1a: Zapdos|Roost|p1a: Zapdos\n|-heal|p1a: Zapdos|100\/100\n|-singleturn|p1a: Zapdos|move: Roost\n|-activate|p2a: Great Tusk|confusion\n|move|p2a: Great Tusk|Ice Spinner|p1a: Zapdos\n|-damage|p1a: Zapdos|77\/100\n|\n|upkeep\n|turn|19\n|\n|t:|1701217931\n|-end|p2a: Great Tusk|Protosynthesis|[silent]\n|switch|p2a: Sandy Shocks|Sandy Shocks|100\/100\n|move|p1a: Zapdos|Hurricane|p2a: Sandy Shocks\n|-resisted|p2a: Sandy Shocks\n|-damage|p2a: Sandy Shocks|71\/100\n|-start|p2a: Sandy Shocks|confusion\n|\n|upkeep\n|turn|20\n|\n|t:|1701217936\n|switch|p1a: Great Tusk|Great Tusk|98\/100\n|-enditem|p1a: Great Tusk|Booster Energy\n|-activate|p1a: Great Tusk|ability: Protosynthesis|[fromitem]\n|-start|p1a: Great Tusk|protosynthesisspe\n|-damage|p1a: Great Tusk|95\/100|[from] Stealth Rock\n|-terastallize|p2a: Sandy Shocks|Ice\n|-activate|p2a: Sandy Shocks|confusion\n|move|p2a: Sandy Shocks|Tera Blast|p1a: Great Tusk|[anim] Tera Blast Ice\n|-supereffective|p1a: Great Tusk\n|-damage|p1a: Great Tusk|0 fnt\n|faint|p1a: Great Tusk\n|-end|p1a: Great Tusk|Protosynthesis|[silent]\n|\n|upkeep\n|\n|t:|1701217946\n|switch|p1a: Phil|Gholdengo|100\/100\n|-damage|p1a: Phil|94\/100|[from] Stealth Rock\n|turn|21\n|\n|t:|1701217963\n|-end|p2a: Sandy Shocks|Protosynthesis|[silent]\n|switch|p2a: Kingambit|Kingambit, M|100\/100\n|-activate|p2a: Kingambit|ability: Supreme Overlord\n|-start|p2a: Kingambit|fallen2|[silent]\n|move|p1a: Phil|Shadow Ball|p2a: Kingambit\n|-resisted|p2a: Kingambit\n|-damage|p2a: Kingambit|80\/100\n|\n|-heal|p2a: Kingambit|86\/100|[from] item: Leftovers\n|upkeep\n|turn|22\n|\n|t:|1701217971\n|switch|p1a: Shaq|Ursaluna, F|100\/100\n|-damage|p1a: Shaq|94\/100|[from] Stealth Rock\n|move|p2a: Kingambit|Swords Dance|p2a: Kingambit\n|-boost|p2a: Kingambit|atk|2\n|\n|-heal|p2a: Kingambit|93\/100|[from] item: Leftovers\n|-status|p1a: Shaq|brn|[from] item: Flame Orb\n|upkeep\n|turn|23\n|\n|t:|1701217977\n|move|p2a: Kingambit|Low Kick|p1a: Shaq\n|-supereffective|p1a: Shaq\n|-damage|p1a: Shaq|0 fnt\n|faint|p1a: Shaq\n|\n|-heal|p2a: Kingambit|99\/100|[from] item: Leftovers\n|upkeep\n|\n|t:|1701217980\n|switch|p1a: Zapdos|Zapdos|77\/100\n|-damage|p1a: Zapdos|52\/100|[from] Stealth Rock\n|turn|24\n|\n|t:|1701217986\n|-end|p2a: Kingambit|fallen2|[silent]\n|switch|p2a: Sandy Shocks|Sandy Shocks, tera:Ice|71\/100\n|move|p1a: Zapdos|Thunder Wave|p2a: Sandy Shocks|[miss]\n|-miss|p1a: Zapdos|p2a: Sandy Shocks\n|\n|upkeep\n|turn|25\n|\n|t:|1701217991\n|move|p2a: Sandy Shocks|Tera Blast|p1a: Zapdos|[anim] Tera Blast Ice\n|-supereffective|p1a: Zapdos\n|-damage|p1a: Zapdos|0 fnt\n|faint|p1a: Zapdos\n|\n|upkeep\n|\n|t:|1701217993\n|switch|p1a: Phil|Gholdengo|94\/100\n|-damage|p1a: Phil|88\/100|[from] Stealth Rock\n|turn|26\n|\n|t:|1701218000\n|move|p2a: Sandy Shocks|Earth Power|p1a: Phil\n|-supereffective|p1a: Phil\n|-damage|p1a: Phil|4\/100\n|move|p1a: Phil|Nasty Plot|p1a: Phil\n|-boost|p1a: Phil|spa|2\n|\n|upkeep\n|turn|27\n|c|\u2606Clwredemption|gg\n|\n|t:|1701218009\n|move|p2a: Sandy Shocks|Earth Power|p1a: Phil\n|-supereffective|p1a: Phil\n|-damage|p1a: Phil|0 fnt\n|faint|p1a: Phil\n|\n|win|byuself\n|raw|Clwredemption's rating: 1507 &rarr; <strong>1493<\/strong><br \/>(-14 for losing)\n|raw|byuself's rating: 1613 &rarr; <strong>1627<\/strong><br \/>(+14 for winning)\n|c|\u2606byuself|gg\n|l|\u2606byuself\n","uploadtime":1701218386,"views":1,"p1id":"clwredemption","p2id":"byuself","formatid":"gen9ou","rating":1493,"private":0,"password":""}