{"id":"gen9ou-1997404502","p1":"GunGunSaber","p2":"vailorn","format":"[Gen 9] OU","log":"|j|\u2606GunGunSaber\n|j|\u2606vailorn\n|t:|1700799931\n|gametype|singles\n|player|p1|GunGunSaber|scientist-gen4dp|1202\n|player|p2|vailorn|rood|1310\n|teamsize|p1|6\n|teamsize|p2|6\n|gen|9\n|tier|[Gen 9] OU\n|rated|\n|rule|Sleep Clause Mod: Limit one foe put to sleep\n|rule|Species Clause: Limit one of each Pok\u00e9mon\n|rule|OHKO Clause: OHKO moves are banned\n|rule|Evasion Items Clause: Evasion items are banned\n|rule|Evasion Moves Clause: Evasion moves are banned\n|rule|Endless Battle Clause: Forcing endless battles is banned\n|rule|HP Percentage Mod: HP is shown in percentages\n|clearpoke\n|poke|p1|Vaporeon, F|\n|poke|p1|Zoroark-Hisui, F|\n|poke|p1|Mimikyu, F|\n|poke|p1|Maushold-Four|\n|poke|p1|Kilowattrel, M|\n|poke|p1|Tinkaton, F|\n|poke|p2|Glimmora, M|\n|poke|p2|Kingambit, F|\n|poke|p2|Ogerpon-Wellspring, F|\n|poke|p2|Gholdengo|\n|poke|p2|Ditto|\n|poke|p2|Heatran, M|\n|teampreview\n|\n|t:|1700799938\n|start\n|switch|p1a: Tinkaton|Tinkaton, F|100\/100\n|switch|p2a: Glimmora|Glimmora, M|100\/100\n|-ability|p1a: Tinkaton|Mold Breaker\n|turn|1\n|inactive|Battle timer is ON: inactive players will automatically lose when time's up. (requested by GunGunSaber)\n|\n|t:|1700799953\n|move|p2a: Glimmora|Earth Power|p1a: Tinkaton\n|-supereffective|p1a: Tinkaton\n|-damage|p1a: Tinkaton|51\/100\n|-unboost|p1a: Tinkaton|spd|1\n|move|p1a: Tinkaton|Stealth Rock|p2a: Glimmora\n|-sidestart|p2: vailorn|move: Stealth Rock\n|\n|-heal|p1a: Tinkaton|57\/100|[from] item: Leftovers\n|upkeep\n|turn|2\n|\n|t:|1700799962\n|switch|p1a: Kilowattrel|Kilowattrel, M|100\/100\n|move|p2a: Glimmora|Earth Power|p1a: Kilowattrel\n|-immune|p1a: Kilowattrel\n|\n|upkeep\n|turn|3\n|inactive|GunGunSaber has 120 seconds left.\n|\n|t:|1700799995\n|move|p1a: Kilowattrel|Thunderbolt|p2a: Glimmora\n|-damage|p2a: Glimmora|51\/100\n|move|p2a: Glimmora|Mortal Spin|p1a: Kilowattrel\n|-damage|p1a: Kilowattrel|90\/100\n|-status|p1a: Kilowattrel|psn\n|-sideend|p2: vailorn|Stealth Rock|[from] move: Mortal Spin|[of] p2a: Glimmora\n|\n|-damage|p1a: Kilowattrel|77\/100 psn|[from] psn\n|upkeep\n|turn|4\n|\n|t:|1700800009\n|switch|p2a: Heatran|Heatran, M|100\/100\n|move|p1a: Kilowattrel|Thunderbolt|p2a: Heatran\n|-damage|p2a: Heatran|61\/100\n|\n|-heal|p2a: Heatran|67\/100|[from] item: Leftovers\n|-damage|p1a: Kilowattrel|65\/100 psn|[from] psn\n|upkeep\n|turn|5\n|\n|t:|1700800016\n|move|p1a: Kilowattrel|U-turn|p2a: Heatran\n|-resisted|p2a: Heatran\n|-damage|p2a: Heatran|65\/100\n|\n|t:|1700800022\n|switch|p1a: Vaporeon|Vaporeon, F|100\/100|[from] U-turn\n|move|p2a: Heatran|Magma Storm|p1a: Vaporeon|[miss]\n|-miss|p2a: Heatran|p1a: Vaporeon\n|\n|-heal|p2a: Heatran|71\/100|[from] item: Leftovers\n|upkeep\n|turn|6\n|\n|t:|1700800034\n|switch|p2a: Ogerpon|Ogerpon-Wellspring, F|100\/100\n|move|p1a: Vaporeon|Scald|p2a: Ogerpon\n|-immune|p2a: Ogerpon|[from] ability: Water Absorb\n|\n|upkeep\n|turn|7\n|\n|t:|1700800044\n|switch|p1a: Tinkaton|Tinkaton, F|57\/100\n|-ability|p1a: Tinkaton|Mold Breaker\n|move|p2a: Ogerpon|Knock Off|p1a: Tinkaton\n|-resisted|p1a: Tinkaton\n|-damage|p1a: Tinkaton|40\/100\n|-enditem|p1a: Tinkaton|Leftovers|[from] move: Knock Off|[of] p2a: Ogerpon\n|\n|upkeep\n|turn|8\n|\n|t:|1700800057\n|move|p2a: Ogerpon|Ivy Cudgel|p1a: Tinkaton|[anim] Ivy Cudgel Water\n|-damage|p1a: Tinkaton|0 fnt\n|faint|p1a: Tinkaton\n|\n|upkeep\n|\n|t:|1700800061\n|switch|p1a: Kilowattrel|Kilowattrel, M|65\/100 psn\n|turn|9\n|\n|t:|1700800077\n|move|p1a: Kilowattrel|Hurricane|p2a: Ogerpon\n|-supereffective|p2a: Ogerpon\n|-damage|p2a: Ogerpon|0 fnt\n|faint|p2a: Ogerpon\n|\n|-damage|p1a: Kilowattrel|52\/100 psn|[from] psn\n|upkeep\n|\n|t:|1700800081\n|switch|p2a: Gholdengo|Gholdengo|100\/100\n|-item|p2a: Gholdengo|Air Balloon\n|turn|10\n|\n|t:|1700800087\n|move|p1a: Kilowattrel|U-turn|p2a: Gholdengo\n|-resisted|p2a: Gholdengo\n|-crit|p2a: Gholdengo\n|-damage|p2a: Gholdengo|96\/100\n|-enditem|p2a: Gholdengo|Air Balloon\n|\n|t:|1700800093\n|switch|p1a: Mimikyu|Mimikyu, F|100\/100|[from] U-turn\n|move|p2a: Gholdengo|Make It Rain|p1a: Mimikyu\n|-damage|p1a: Mimikyu|0 fnt\n|-unboost|p2a: Gholdengo|spa|1\n|replace|p1a: Zoroark|Zoroark-Hisui, F\n|-end|p1a: Zoroark|Illusion\n|faint|p1a: Zoroark\n|\n|upkeep\n|\n|t:|1700800105\n|switch|p1a: Mimikyu|Mimikyu, F|100\/100\n|turn|11\n|\n|t:|1700800112\n|move|p1a: Mimikyu|Swords Dance|p1a: Mimikyu\n|-boost|p1a: Mimikyu|atk|2\n|move|p2a: Gholdengo|Make It Rain|p1a: Mimikyu\n|-activate|p1a: Mimikyu|ability: Disguise\n|-damage|p1a: Mimikyu|100\/100\n|-unboost|p2a: Gholdengo|spa|1\n|detailschange|p1a: Mimikyu|Mimikyu-Busted, F\n|-damage|p1a: Mimikyu|88\/100|[from] pokemon: Mimikyu-Busted\n|\n|upkeep\n|turn|12\n|\n|t:|1700800123\n|-terastallize|p2a: Gholdengo|Fighting\n|move|p1a: Mimikyu|Shadow Claw|p2a: Gholdengo\n|-damage|p2a: Gholdengo|10\/100\n|-damage|p1a: Mimikyu|78\/100|[from] item: Life Orb\n|move|p2a: Gholdengo|Make It Rain|p1a: Mimikyu\n|-supereffective|p1a: Mimikyu\n|-damage|p1a: Mimikyu|0 fnt\n|-unboost|p2a: Gholdengo|spa|1\n|faint|p1a: Mimikyu\n|\n|upkeep\n|\n|t:|1700800131\n|switch|p1a: Maushold|Maushold-Four|100\/100\n|turn|13\n|\n|t:|1700800136\n|move|p1a: Maushold|Tidy Up|p1a: Maushold\n|-boost|p1a: Maushold|atk|1\n|-boost|p1a: Maushold|spe|1\n|move|p2a: Gholdengo|Psyshock|p1a: Maushold\n|-damage|p1a: Maushold|84\/100\n|\n|upkeep\n|turn|14\n|\n|t:|1700800144\n|move|p1a: Maushold|Population Bomb|p2a: Gholdengo\n|-damage|p2a: Gholdengo|0 fnt\n|faint|p2a: Gholdengo\n|-hitcount|p2: Gholdengo|1\n|\n|upkeep\n|\n|t:|1700800150\n|switch|p2a: Glimmora|Glimmora, M|51\/100\n|turn|15\n|\n|t:|1700800156\n|move|p1a: Maushold|Population Bomb|p2a: Glimmora\n|-resisted|p2a: Glimmora\n|-damage|p2a: Glimmora|41\/100\n|-activate|p2a: Glimmora|ability: Toxic Debris\n|-sidestart|p1: GunGunSaber|move: Toxic Spikes\n|-resisted|p2a: Glimmora\n|-damage|p2a: Glimmora|30\/100\n|-activate|p2a: Glimmora|ability: Toxic Debris\n|-sidestart|p1: GunGunSaber|move: Toxic Spikes\n|-resisted|p2a: Glimmora\n|-damage|p2a: Glimmora|21\/100\n|-resisted|p2a: Glimmora\n|-damage|p2a: Glimmora|11\/100\n|-resisted|p2a: Glimmora\n|-damage|p2a: Glimmora|0 fnt\n|faint|p2a: Glimmora\n|-hitcount|p2: Glimmora|5\n|\n|upkeep\n|\n|t:|1700800159\n|switch|p2a: Ditto|Ditto|100\/100\n|-transform|p2a: Ditto|p1a: Maushold|[from] ability: Imposter\n|turn|16\n|\n|t:|1700800185\n|-terastallize|p1a: Maushold|Fire\n|move|p2a: Ditto|Population Bomb|p1a: Maushold\n|-damage|p1a: Maushold|58\/100\n|-damage|p1a: Maushold|33\/100\n|-damage|p1a: Maushold|8\/100\n|-damage|p1a: Maushold|0 fnt\n|faint|p1a: Maushold\n|-hitcount|p1: Maushold|4\n|\n|upkeep\n|\n|t:|1700800190\n|switch|p1a: Kilowattrel|Kilowattrel, M|52\/100 psn\n|turn|17\n|\n|t:|1700800196\n|move|p2a: Ditto|Population Bomb|p1a: Kilowattrel\n|-damage|p1a: Kilowattrel|24\/100 psn\n|-damage|p1a: Kilowattrel|0 fnt\n|faint|p1a: Kilowattrel\n|-hitcount|p1: Kilowattrel|2\n|\n|upkeep\n|-message|GunGunSaber forfeited.\n|\n|win|vailorn\n|raw|GunGunSaber's rating: 1202 &rarr; <strong>1185<\/strong><br \/>(-17 for losing)\n|raw|vailorn's rating: 1310 &rarr; <strong>1324<\/strong><br \/>(+14 for winning)\n|l|\u2606GunGunSaber\n|l|\u2606vailorn\n|j|\u2606vailorn\n|player|p2|vailorn|rood\n","uploadtime":1700800225,"views":5,"p1id":"gungunsaber","p2id":"vailorn","formatid":"gen9ou","rating":1185,"private":0,"password":""}