{"id":"gen9ou-2000085442","p1":"Arkbuildr","p2":"Shuckle15","format":"[Gen 9] OU","log":"|j|\u2606Arkbuildr\n|j|\u2606Shuckle15\n|inactive|Battle timer is ON: inactive players will automatically lose when time's up.\n|t:|1701152028\n|gametype|singles\n|player|p1|Arkbuildr|argenta|\n|player|p2|Shuckle15|cynthia-gen4|\n|teamsize|p1|4\n|teamsize|p2|4\n|gen|9\n|tier|[Gen 9] OU\n|rated|Tournament battle\n|rule|Sleep Clause Mod: Limit one foe put to sleep\n|rule|Species Clause: Limit one of each Pok\u00e9mon\n|rule|OHKO Clause: OHKO moves are banned\n|rule|Evasion Items Clause: Evasion items are banned\n|rule|Evasion Moves Clause: Evasion moves are banned\n|rule|Endless Battle Clause: Forcing endless battles is banned\n|rule|HP Percentage Mod: HP is shown in percentages\n|clearpoke\n|poke|p1|Arcanine-Hisui, M|\n|poke|p1|Hippowdon, M|\n|poke|p1|Gulpin, M|\n|poke|p1|Quagsire, F|\n|poke|p2|Quaquaval, F|\n|poke|p2|Persian-Alola, F|\n|poke|p2|Rabsca, F|\n|poke|p2|Dusclops, F|\n|teampreview\n|j|*Lady Monita \u2746\n|inactive|Shuckle15 also wants the timer to be on.\n|c|\u2606Arkbuildr|glhf\n|j| Im dumb srly\n|\n|t:|1701152037\n|start\n|switch|p1a: Gulpin|Gulpin, M|100\/100\n|switch|p2a: Persian|Persian-Alola, F|100\/100\n|turn|1\n|\n|t:|1701152041\n|move|p2a: Persian|Taunt|p1a: Gulpin\n|-start|p1a: Gulpin|move: Taunt\n|cant|p1a: Gulpin|move: Taunt|Thunder Wave\n|\n|upkeep\n|turn|2\n|\n|t:|1701152051\n|move|p2a: Persian|Thunder Wave|p1a: Gulpin\n|-status|p1a: Gulpin|par\n|cant|p1a: Gulpin|par\n|\n|upkeep\n|turn|3\n|\n|t:|1701152056\n|move|p2a: Persian|Foul Play|p1a: Gulpin\n|-damage|p1a: Gulpin|83\/100 par\n|cant|p1a: Gulpin|par\n|\n|-end|p1a: Gulpin|move: Taunt\n|upkeep\n|turn|4\n|\n|t:|1701152061\n|move|p2a: Persian|Taunt|p1a: Gulpin\n|-start|p1a: Gulpin|move: Taunt\n|move|p1a: Gulpin|Gunk Shot|p2a: Persian\n|-damage|p2a: Persian|83\/100\n|\n|upkeep\n|turn|5\n|\n|t:|1701152071\n|switch|p1a: Hippowdon|Hippowdon, M|100\/100\n|-weather|Sandstorm|[from] ability: Sand Stream|[of] p1a: Hippowdon\n|move|p2a: Persian|Parting Shot|p1a: Hippowdon\n|-unboost|p1a: Hippowdon|atk|1\n|-unboost|p1a: Hippowdon|spa|1\n|\n|t:|1701152077\n|switch|p2a: Quaquaval|Quaquaval, F|100\/100|[from] Parting Shot\n|\n|-weather|Sandstorm|[upkeep]\n|-damage|p2a: Quaquaval|94\/100|[from] Sandstorm\n|-heal|p2a: Quaquaval|100\/100|[from] item: Leftovers\n|upkeep\n|turn|6\n|\n|t:|1701152094\n|-terastallize|p1a: Hippowdon|Fighting\n|move|p2a: Quaquaval|Aqua Step|p1a: Hippowdon\n|-damage|p1a: Hippowdon|78\/100\n|-boost|p2a: Quaquaval|spe|1\n|move|p1a: Hippowdon|Body Press|p2a: Quaquaval\n|-damage|p2a: Quaquaval|45\/100\n|\n|-weather|Sandstorm|[upkeep]\n|-damage|p2a: Quaquaval|38\/100|[from] Sandstorm\n|-damage|p1a: Hippowdon|72\/100|[from] Sandstorm\n|-heal|p2a: Quaquaval|45\/100|[from] item: Leftovers\n|-heal|p1a: Hippowdon|78\/100|[from] item: Leftovers\n|upkeep\n|turn|7\n|\n|t:|1701152104\n|switch|p2a: Dusclops|Dusclops, F|100\/100\n|-ability|p2a: Dusclops|Pressure\n|move|p1a: Hippowdon|Body Press|p2a: Dusclops\n|-immune|p2a: Dusclops\n|\n|-weather|Sandstorm|[upkeep]\n|-damage|p1a: Hippowdon|72\/100|[from] Sandstorm\n|-damage|p2a: Dusclops|95\/100|[from] Sandstorm\n|-heal|p1a: Hippowdon|78\/100|[from] item: Leftovers\n|upkeep\n|turn|8\n|\n|t:|1701152109\n|switch|p1a: Gulpin|Gulpin, M|83\/100 par\n|move|p2a: Dusclops|Will-O-Wisp||[still]\n|-fail|p2a: Dusclops\n|\n|-weather|Sandstorm|[upkeep]\n|-damage|p2a: Dusclops|89\/100|[from] Sandstorm\n|-damage|p1a: Gulpin|77\/100 par|[from] Sandstorm\n|upkeep\n|turn|9\n|\n|t:|1701152114\n|move|p2a: Dusclops|Night Shade|p1a: Gulpin\n|-damage|p1a: Gulpin|48\/100 par\n|cant|p1a: Gulpin|par\n|\n|-weather|none\n|upkeep\n|turn|10\n|c|\u2606Arkbuildr|brUh\n|\n|t:|1701152122\n|move|p2a: Dusclops|Night Shade|p1a: Gulpin\n|-damage|p1a: Gulpin|19\/100 par\n|move|p1a: Gulpin|Thunder Wave|p2a: Dusclops\n|-status|p2a: Dusclops|par\n|\n|upkeep\n|turn|11\n|j| Bhaviswar 2\n|\n|t:|1701152131\n|switch|p1a: Hippowdon|Hippowdon, M, tera:Fighting|78\/100\n|-weather|Sandstorm|[from] ability: Sand Stream|[of] p1a: Hippowdon\n|move|p2a: Dusclops|Night Shade|p1a: Hippowdon\n|-damage|p1a: Hippowdon|54\/100\n|\n|-weather|Sandstorm|[upkeep]\n|-damage|p1a: Hippowdon|48\/100|[from] Sandstorm\n|-damage|p2a: Dusclops|83\/100 par|[from] Sandstorm\n|-heal|p1a: Hippowdon|54\/100|[from] item: Leftovers\n|upkeep\n|turn|12\n|\n|t:|1701152139\n|switch|p1a: Gulpin|Gulpin, M|19\/100 par\n|move|p2a: Dusclops|Will-O-Wisp||[still]\n|-fail|p2a: Dusclops\n|\n|-weather|Sandstorm|[upkeep]\n|-damage|p1a: Gulpin|13\/100 par|[from] Sandstorm\n|-damage|p2a: Dusclops|77\/100 par|[from] Sandstorm\n|upkeep\n|turn|13\n|\n|t:|1701152148\n|cant|p1a: Gulpin|par\n|move|p2a: Dusclops|Night Shade|p1a: Gulpin\n|-damage|p1a: Gulpin|0 fnt\n|faint|p1a: Gulpin\n|\n|-weather|Sandstorm|[upkeep]\n|-damage|p2a: Dusclops|71\/100 par|[from] Sandstorm\n|upkeep\n|\n|t:|1701152170\n|switch|p1a: Arcanine|Arcanine-Hisui, M|100\/100\n|-ability|p1a: Arcanine|Intimidate|boost\n|-unboost|p2a: Dusclops|atk|1\n|turn|14\n|\n|t:|1701152177\n|switch|p2a: Persian|Persian-Alola, F|83\/100\n|move|p1a: Arcanine|Head Smash|p2a: Persian|[miss]\n|-miss|p1a: Arcanine|p2a: Persian\n|\n|-weather|Sandstorm|[upkeep]\n|-damage|p2a: Persian|77\/100|[from] Sandstorm\n|upkeep\n|turn|15\n|\n|t:|1701152185\n|switch|p1a: Quagsire|Quagsire, F|100\/100\n|move|p2a: Persian|Foul Play|p1a: Quagsire\n|-damage|p1a: Quagsire|74\/100\n|\n|-weather|none\n|-heal|p1a: Quagsire|80\/100|[from] item: Leftovers\n|upkeep\n|turn|16\n|\n|t:|1701152193\n|move|p2a: Persian|Taunt|p1a: Quagsire\n|-start|p1a: Quagsire|move: Taunt\n|cant|p1a: Quagsire|move: Taunt|Toxic\n|\n|-heal|p1a: Quagsire|86\/100|[from] item: Leftovers\n|upkeep\n|turn|17\n|\n|t:|1701152198\n|switch|p1a: Hippowdon|Hippowdon, M, tera:Fighting|54\/100\n|-weather|Sandstorm|[from] ability: Sand Stream|[of] p1a: Hippowdon\n|move|p2a: Persian|Parting Shot|p1a: Hippowdon\n|-unboost|p1a: Hippowdon|atk|1\n|-unboost|p1a: Hippowdon|spa|1\n|\n|t:|1701152201\n|switch|p2a: Rabsca|Rabsca, F|100\/100|[from] Parting Shot\n|\n|-weather|Sandstorm|[upkeep]\n|-damage|p1a: Hippowdon|48\/100|[from] Sandstorm\n|-damage|p2a: Rabsca|94\/100|[from] Sandstorm\n|-heal|p1a: Hippowdon|54\/100|[from] item: Leftovers\n|upkeep\n|turn|18\n|\n|t:|1701152205\n|switch|p1a: Arcanine|Arcanine-Hisui, M|100\/100\n|-ability|p1a: Arcanine|Intimidate|boost\n|-unboost|p2a: Rabsca|atk|1\n|move|p2a: Rabsca|Earth Power|p1a: Arcanine\n|-supereffective|p1a: Arcanine\n|-damage|p1a: Arcanine|0 fnt\n|faint|p1a: Arcanine\n|\n|-weather|Sandstorm|[upkeep]\n|-damage|p2a: Rabsca|88\/100|[from] Sandstorm\n|upkeep\n|-message|Arkbuildr forfeited.\n|\n|win|Shuckle15\n|n|\u2606Arkbuildr|arkbuildr\n|n|\u2606Shuckle15|shuckle15\n|n|*Lady Monita \u2746|ladymonita\n|n| Im dumb srly|imdumbsrly\n|n| Bhaviswar 2|bhaviswar2\n","uploadtime":1701152211,"views":4,"p1id":"arkbuildr","p2id":"shuckle15","formatid":"gen9ou","rating":0,"private":0,"password":""}