{"id":"gen9ou-1989912850","p1":"marcuskor","p2":"Seanketchum","format":"[Gen 9] OU","log":"|j|\u2606marcuskor\n|j|\u2606Seanketchum\n|t:|1699906181\n|gametype|singles\n|player|p1|marcuskor|cyclist-gen4|1409\n|player|p2|Seanketchum|101|1325\n|teamsize|p1|6\n|teamsize|p2|6\n|gen|9\n|tier|[Gen 9] OU\n|rated|\n|rule|Sleep Clause Mod: Limit one foe put to sleep\n|rule|Species Clause: Limit one of each Pok\u00e9mon\n|rule|OHKO Clause: OHKO moves are banned\n|rule|Evasion Items Clause: Evasion items are banned\n|rule|Evasion Moves Clause: Evasion moves are banned\n|rule|Endless Battle Clause: Forcing endless battles is banned\n|rule|HP Percentage Mod: HP is shown in percentages\n|clearpoke\n|poke|p1|Samurott-Hisui, F|\n|poke|p1|Ceruledge, F|\n|poke|p1|Thundurus-Therian, M|\n|poke|p1|Amoonguss, M|\n|poke|p1|Great Tusk|\n|poke|p1|Gholdengo|\n|poke|p2|Ninetales-Alola, F|\n|poke|p2|Iron Moth|\n|poke|p2|Ogerpon-Wellspring, F|\n|poke|p2|Zapdos|\n|poke|p2|Kingambit, F|\n|poke|p2|Garganacl, M|\n|teampreview\n|inactive|Battle timer is ON: inactive players will automatically lose when time's up. (requested by marcuskor)\n|\n|t:|1699906204\n|start\n|switch|p1a: Kuzko|Gholdengo, shiny|100\/100\n|switch|p2a: Ninetales|Ninetales-Alola, F|100\/100\n|-weather|Snow|[from] ability: Snow Warning|[of] p2a: Ninetales\n|turn|1\n|\n|t:|1699906209\n|move|p2a: Ninetales|Aurora Veil|p2a: Ninetales\n|-sidestart|p2: Seanketchum|move: Aurora Veil\n|move|p1a: Kuzko|Nasty Plot|p1a: Kuzko\n|-boost|p1a: Kuzko|spa|2\n|\n|-weather|Snow|[upkeep]\n|upkeep\n|turn|2\n|\n|t:|1699906215\n|move|p2a: Ninetales|Encore|p1a: Kuzko\n|-immune|p1a: Kuzko|[from] ability: Good as Gold\n|move|p1a: Kuzko|Nasty Plot|p1a: Kuzko\n|-boost|p1a: Kuzko|spa|2\n|\n|-weather|Snow|[upkeep]\n|upkeep\n|turn|3\n|\n|t:|1699906228\n|move|p2a: Ninetales|Blizzard|p1a: Kuzko\n|-resisted|p1a: Kuzko\n|-damage|p1a: Kuzko|85\/100\n|move|p1a: Kuzko|Make It Rain|p2a: Ninetales\n|-supereffective|p2a: Ninetales\n|-damage|p2a: Ninetales|0 fnt\n|-unboost|p1a: Kuzko|spa|1\n|faint|p2a: Ninetales\n|\n|-weather|Snow|[upkeep]\n|-heal|p1a: Kuzko|91\/100|[from] item: Leftovers\n|upkeep\n|\n|t:|1699906245\n|switch|p2a: Iron Moth|Iron Moth|100\/100\n|-enditem|p2a: Iron Moth|Booster Energy\n|-activate|p2a: Iron Moth|ability: Quark Drive|[fromitem]\n|-start|p2a: Iron Moth|quarkdrivespa\n|turn|4\n|\n|t:|1699906251\n|-terastallize|p1a: Kuzko|Fairy\n|move|p2a: Iron Moth|Substitute|p2a: Iron Moth\n|-start|p2a: Iron Moth|Substitute\n|-damage|p2a: Iron Moth|76\/100\n|move|p1a: Kuzko|Shadow Ball|p2a: Iron Moth\n|-end|p2a: Iron Moth|Substitute\n|\n|-weather|Snow|[upkeep]\n|-heal|p1a: Kuzko|98\/100|[from] item: Leftovers\n|upkeep\n|turn|5\n|\n|t:|1699906260\n|move|p2a: Iron Moth|Sludge Wave|p1a: Kuzko\n|-supereffective|p1a: Kuzko\n|-damage|p1a: Kuzko|0 fnt\n|faint|p1a: Kuzko\n|\n|-weather|none\n|upkeep\n|\n|t:|1699906265\n|switch|p1a: Sekiro|Samurott-Hisui, F, shiny|100\/100\n|turn|6\n|\n|t:|1699906280\n|-end|p2a: Iron Moth|Quark Drive|[silent]\n|switch|p2a: Ogerpon|Ogerpon-Wellspring, F|100\/100\n|move|p1a: Sekiro|Aqua Cutter|p2a: Ogerpon\n|-immune|p2a: Ogerpon|[from] ability: Water Absorb\n|\n|upkeep\n|turn|7\n|\n|t:|1699906287\n|switch|p1a: Amanita Phalloides|Amoonguss, M, shiny|100\/100\n|move|p2a: Ogerpon|Swords Dance|p2a: Ogerpon\n|-boost|p2a: Ogerpon|atk|2\n|\n|upkeep\n|turn|8\n|\n|t:|1699906300\n|move|p2a: Ogerpon|U-turn|p1a: Amanita Phalloides\n|-damage|p1a: Amanita Phalloides|49\/100\n|-enditem|p1a: Amanita Phalloides|Red Card|[of] p2a: Ogerpon\n|drag|p2a: Garganacl|Garganacl, M|100\/100\n|move|p1a: Amanita Phalloides|Sludge Bomb|p2a: Garganacl\n|-resisted|p2a: Garganacl\n|-damage|p2a: Garganacl|96\/100\n|\n|-heal|p2a: Garganacl|100\/100|[from] item: Leftovers\n|-sideend|p2: Seanketchum|move: Aurora Veil\n|upkeep\n|turn|9\n|\n|t:|1699906310\n|move|p1a: Amanita Phalloides|Giga Drain|p2a: Garganacl\n|-supereffective|p2a: Garganacl\n|-damage|p2a: Garganacl|66\/100\n|-heal|p1a: Amanita Phalloides|65\/100|[from] drain|[of] p2a: Garganacl\n|move|p2a: Garganacl|Salt Cure|p1a: Amanita Phalloides\n|-damage|p1a: Amanita Phalloides|52\/100\n|-start|p1a: Amanita Phalloides|Salt Cure\n|\n|-heal|p2a: Garganacl|73\/100|[from] item: Leftovers\n|-damage|p1a: Amanita Phalloides|40\/100|[from] Salt Cure\n|upkeep\n|turn|10\n|\n|t:|1699906318\n|switch|p1a: Dumbo|Great Tusk, shiny|100\/100\n|-terastallize|p2a: Garganacl|Fairy\n|move|p2a: Garganacl|Recover|p2a: Garganacl\n|-heal|p2a: Garganacl|100\/100\n|\n|upkeep\n|turn|11\n|\n|t:|1699906329\n|move|p1a: Dumbo|Stealth Rock|p2a: Garganacl\n|-sidestart|p2: Seanketchum|move: Stealth Rock\n|move|p2a: Garganacl|Iron Defense|p2a: Garganacl\n|-boost|p2a: Garganacl|def|2\n|\n|upkeep\n|turn|12\n|\n|t:|1699906333\n|-end|p1a: Dumbo|Protosynthesis|[silent]\n|switch|p1a: Amanita Phalloides|Amoonguss, M, shiny|73\/100\n|move|p2a: Garganacl|Salt Cure|p1a: Amanita Phalloides\n|-damage|p1a: Amanita Phalloides|60\/100\n|-start|p1a: Amanita Phalloides|Salt Cure\n|\n|-damage|p1a: Amanita Phalloides|48\/100|[from] Salt Cure\n|upkeep\n|turn|13\n|\n|t:|1699906342\n|move|p1a: Amanita Phalloides|Sludge Bomb|p2a: Garganacl\n|-supereffective|p2a: Garganacl\n|-damage|p2a: Garganacl|61\/100\n|move|p2a: Garganacl|Iron Defense|p2a: Garganacl\n|-boost|p2a: Garganacl|def|2\n|\n|-heal|p2a: Garganacl|68\/100|[from] item: Leftovers\n|-damage|p1a: Amanita Phalloides|35\/100|[from] Salt Cure\n|upkeep\n|turn|14\n|\n|t:|1699906346\n|move|p1a: Amanita Phalloides|Sludge Bomb|p2a: Garganacl\n|-supereffective|p2a: Garganacl\n|-damage|p2a: Garganacl|27\/100\n|move|p2a: Garganacl|Recover|p2a: Garganacl\n|-heal|p2a: Garganacl|77\/100\n|\n|-heal|p2a: Garganacl|83\/100|[from] item: Leftovers\n|-damage|p1a: Amanita Phalloides|23\/100|[from] Salt Cure\n|upkeep\n|turn|15\n|\n|t:|1699906366\n|switch|p1a: Palpatin|Ceruledge, F, shiny|100\/100\n|move|p2a: Garganacl|Recover|p2a: Garganacl\n|-heal|p2a: Garganacl|100\/100\n|\n|upkeep\n|turn|16\n|\n|t:|1699906373\n|move|p1a: Palpatin|Swords Dance|p1a: Palpatin\n|-boost|p1a: Palpatin|atk|2\n|move|p2a: Garganacl|Salt Cure|p1a: Palpatin\n|-supereffective|p1a: Palpatin\n|-damage|p1a: Palpatin|63\/100\n|-start|p1a: Palpatin|Salt Cure\n|-ability|p1a: Palpatin|Weak Armor|boost\n|-unboost|p1a: Palpatin|def|1\n|-boost|p1a: Palpatin|spe|2\n|\n|-damage|p1a: Palpatin|51\/100|[from] Salt Cure\n|upkeep\n|turn|17\n|\n|t:|1699906381\n|move|p1a: Palpatin|Bitter Blade|p2a: Garganacl\n|-damage|p2a: Garganacl|77\/100\n|-heal|p1a: Palpatin|68\/100|[from] drain|[of] p2a: Garganacl\n|move|p2a: Garganacl|Recover|p2a: Garganacl\n|-heal|p2a: Garganacl|100\/100\n|\n|-damage|p1a: Palpatin|55\/100|[from] Salt Cure\n|upkeep\n|turn|18\n|\n|t:|1699906387\n|switch|p1a: Amanita Phalloides|Amoonguss, M, shiny|56\/100\n|move|p2a: Garganacl|Iron Defense|p2a: Garganacl\n|-boost|p2a: Garganacl|def|2\n|\n|upkeep\n|turn|19\n|\n|t:|1699906392\n|move|p1a: Amanita Phalloides|Spore|p2a: Garganacl\n|-immune|p2a: Garganacl|[from] ability: Purifying Salt\n|move|p2a: Garganacl|Salt Cure|p1a: Amanita Phalloides\n|-damage|p1a: Amanita Phalloides|44\/100\n|-start|p1a: Amanita Phalloides|Salt Cure\n|\n|-damage|p1a: Amanita Phalloides|31\/100|[from] Salt Cure\n|upkeep\n|turn|20\n|\n|t:|1699906397\n|switch|p1a: Thor|Thundurus-Therian, M, shiny|100\/100\n|move|p2a: Garganacl|Recover||[still]\n|-fail|p2a: Garganacl|heal\n|\n|upkeep\n|turn|21\n|\n|t:|1699906401\n|move|p1a: Thor|Grass Knot|p2a: Garganacl\n|-damage|p2a: Garganacl|71\/100\n|move|p2a: Garganacl|Salt Cure|p1a: Thor\n|-supereffective|p1a: Thor\n|-damage|p1a: Thor|60\/100\n|-start|p1a: Thor|Salt Cure\n|\n|-heal|p2a: Garganacl|77\/100|[from] item: Leftovers\n|-damage|p1a: Thor|48\/100|[from] Salt Cure\n|upkeep\n|turn|22\n|\n|t:|1699906406\n|move|p1a: Thor|Volt Switch|p2a: Garganacl\n|-damage|p2a: Garganacl|51\/100\n|\n|t:|1699906409\n|switch|p1a: Amanita Phalloides|Amoonguss, M, shiny|65\/100|[from] Volt Switch\n|move|p2a: Garganacl|Recover|p2a: Garganacl\n|-heal|p2a: Garganacl|100\/100\n|\n|upkeep\n|turn|23\n|\n|t:|1699906413\n|move|p1a: Amanita Phalloides|Sludge Bomb|p2a: Garganacl\n|-supereffective|p2a: Garganacl\n|-damage|p2a: Garganacl|61\/100\n|move|p2a: Garganacl|Salt Cure|p1a: Amanita Phalloides\n|-damage|p1a: Amanita Phalloides|53\/100\n|-start|p1a: Amanita Phalloides|Salt Cure\n|\n|-heal|p2a: Garganacl|68\/100|[from] item: Leftovers\n|-damage|p1a: Amanita Phalloides|40\/100|[from] Salt Cure\n|upkeep\n|turn|24\n|\n|t:|1699906421\n|move|p1a: Amanita Phalloides|Sludge Bomb|p2a: Garganacl\n|-supereffective|p2a: Garganacl\n|-damage|p2a: Garganacl|33\/100\n|move|p2a: Garganacl|Recover|p2a: Garganacl\n|-heal|p2a: Garganacl|83\/100\n|\n|-heal|p2a: Garganacl|89\/100|[from] item: Leftovers\n|-damage|p1a: Amanita Phalloides|28\/100|[from] Salt Cure\n|upkeep\n|turn|25\n|\n|t:|1699906429\n|switch|p1a: Dumbo|Great Tusk, shiny|100\/100\n|move|p2a: Garganacl|Recover|p2a: Garganacl\n|-heal|p2a: Garganacl|100\/100\n|\n|upkeep\n|turn|26\n|\n|t:|1699906436\n|-end|p1a: Dumbo|Protosynthesis|[silent]\n|switch|p1a: Amanita Phalloides|Amoonguss, M, shiny|61\/100\n|move|p2a: Garganacl|Salt Cure|p1a: Amanita Phalloides\n|-damage|p1a: Amanita Phalloides|48\/100\n|-start|p1a: Amanita Phalloides|Salt Cure\n|\n|-damage|p1a: Amanita Phalloides|36\/100|[from] Salt Cure\n|upkeep\n|turn|27\n|\n|t:|1699906440\n|move|p1a: Amanita Phalloides|Sludge Bomb|p2a: Garganacl\n|-supereffective|p2a: Garganacl\n|-damage|p2a: Garganacl|61\/100\n|move|p2a: Garganacl|Body Press|p1a: Amanita Phalloides\n|-resisted|p1a: Amanita Phalloides\n|-damage|p1a: Amanita Phalloides|0 fnt\n|faint|p1a: Amanita Phalloides\n|\n|-heal|p2a: Garganacl|68\/100|[from] item: Leftovers\n|upkeep\n|\n|t:|1699906444\n|switch|p1a: Thor|Thundurus-Therian, M, shiny|48\/100\n|turn|28\n|\n|t:|1699906449\n|move|p1a: Thor|Volt Switch|p2a: Garganacl\n|-damage|p2a: Garganacl|41\/100\n|\n|t:|1699906453\n|switch|p1a: Dumbo|Great Tusk, shiny|100\/100|[from] Volt Switch\n|move|p2a: Garganacl|Salt Cure|p1a: Dumbo\n|-resisted|p1a: Dumbo\n|-damage|p1a: Dumbo|99\/100\n|-start|p1a: Dumbo|Salt Cure\n|\n|-heal|p1a: Dumbo|100\/100|[from] item: Leftovers\n|-heal|p2a: Garganacl|47\/100|[from] item: Leftovers\n|-damage|p1a: Dumbo|88\/100|[from] Salt Cure\n|upkeep\n|turn|29\n|\n|t:|1699906459\n|move|p1a: Dumbo|Earthquake|p2a: Garganacl\n|-damage|p2a: Garganacl|40\/100\n|move|p2a: Garganacl|Body Press|p1a: Dumbo\n|-damage|p1a: Dumbo|39\/100\n|\n|-heal|p1a: Dumbo|45\/100|[from] item: Leftovers\n|-heal|p2a: Garganacl|46\/100|[from] item: Leftovers\n|-damage|p1a: Dumbo|33\/100|[from] Salt Cure\n|upkeep\n|turn|30\n|-message|marcuskor forfeited.\n|\n|win|Seanketchum\n|raw|marcuskor's rating: 1409 &rarr; <strong>1384<\/strong><br \/>(-25 for losing)\n|raw|Seanketchum's rating: 1325 &rarr; <strong>1350<\/strong><br \/>(+25 for winning)\n|l|\u2606marcuskor\n","uploadtime":1699906477,"views":12,"p1id":"marcuskor","p2id":"seanketchum","formatid":"gen9ou","rating":1350,"private":0,"password":""}