{"id":"gen9ou-1993213683","p1":"Kuzwa","p2":"quilava69","format":"[Gen 9] OU","log":"|j|\u2606Kuzwa\n|j|\u2606quilava69\n|t:|1700278935\n|gametype|singles\n|player|p1|Kuzwa|kieran-festival|1174\n|player|p2|quilava69|unknown|1160\n|teamsize|p1|6\n|teamsize|p2|6\n|gen|9\n|tier|[Gen 9] OU\n|rated|\n|rule|Sleep Clause Mod: Limit one foe put to sleep\n|rule|Species Clause: Limit one of each Pok\u00e9mon\n|rule|OHKO Clause: OHKO moves are banned\n|rule|Evasion Items Clause: Evasion items are banned\n|rule|Evasion Moves Clause: Evasion moves are banned\n|rule|Endless Battle Clause: Forcing endless battles is banned\n|rule|HP Percentage Mod: HP is shown in percentages\n|clearpoke\n|poke|p1|Greninja-*, M|\n|poke|p1|Sinistcha-Masterpiece|\n|poke|p1|Gallade, M|\n|poke|p1|Weavile, F|\n|poke|p1|Hydreigon, M|\n|poke|p1|Glimmora, M|\n|poke|p2|Dragapult, F|\n|poke|p2|Skeledirge, F|\n|poke|p2|Mandibuzz, F|\n|poke|p2|Weezing-Galar, M|\n|poke|p2|Milotic, M|\n|poke|p2|Landorus-Therian, M|\n|teampreview\n|\n|t:|1700278943\n|start\n|switch|p1a: thing|Glimmora, M, shiny|100\/100\n|switch|p2a: Landorus|Landorus-Therian, M|100\/100\n|-item|p1a: thing|Air Balloon\n|-ability|p2a: Landorus|Intimidate|boost\n|-unboost|p1a: thing|atk|1\n|turn|1\n|\n|t:|1700278947\n|move|p1a: thing|Power Gem|p2a: Landorus\n|-damage|p2a: Landorus|68\/100\n|move|p2a: Landorus|Taunt|p1a: thing\n|-start|p1a: thing|move: Taunt\n|\n|-heal|p2a: Landorus|74\/100|[from] item: Leftovers\n|upkeep\n|turn|2\n|\n|t:|1700278956\n|move|p1a: thing|Power Gem|p2a: Landorus\n|-damage|p2a: Landorus|45\/100\n|move|p2a: Landorus|Stealth Rock|p1a: thing\n|-sidestart|p1: Kuzwa|move: Stealth Rock\n|\n|-heal|p2a: Landorus|51\/100|[from] item: Leftovers\n|upkeep\n|turn|3\n|\n|t:|1700278981\n|switch|p2a: Milotic|Milotic, M|100\/100\n|move|p1a: thing|Mortal Spin|p2a: Milotic\n|-damage|p2a: Milotic|96\/100\n|-status|p2a: Milotic|psn\n|-sideend|p1: Kuzwa|Stealth Rock|[from] move: Mortal Spin|[of] p1a: thing\n|\n|-damage|p2a: Milotic|83\/100 psn|[from] psn\n|upkeep\n|turn|4\n|\n|t:|1700278991\n|switch|p1a: Hidetoshi Odagiri|Greninja, M|100\/100\n|move|p2a: Milotic|Scald|p1a: Hidetoshi Odagiri\n|-resisted|p1a: Hidetoshi Odagiri\n|-damage|p1a: Hidetoshi Odagiri|79\/100\n|\n|-damage|p2a: Milotic|71\/100 psn|[from] psn\n|upkeep\n|turn|5\n|\n|t:|1700279008\n|move|p1a: Hidetoshi Odagiri|Dark Pulse|p2a: Milotic\n|-damage|p2a: Milotic|52\/100 psn\n|move|p2a: Milotic|Mirror Coat|p1a: Hidetoshi Odagiri\n|-immune|p1a: Hidetoshi Odagiri\n|\n|-damage|p2a: Milotic|40\/100 psn|[from] psn\n|upkeep\n|turn|6\n|\n|t:|1700279013\n|move|p1a: Hidetoshi Odagiri|Dark Pulse|p2a: Milotic\n|-damage|p2a: Milotic|18\/100 psn\n|cant|p2a: Milotic|flinch\n|\n|-damage|p2a: Milotic|6\/100 psn|[from] psn\n|upkeep\n|turn|7\n|\n|t:|1700279026\n|move|p1a: Hidetoshi Odagiri|Water Shuriken|p2a: Milotic\n|-resisted|p2a: Milotic\n|-damage|p2a: Milotic|4\/100 psn\n|-resisted|p2a: Milotic\n|-damage|p2a: Milotic|2\/100 psn\n|-hitcount|p2a: Milotic|2\n|move|p2a: Milotic|Recover|p2a: Milotic\n|-heal|p2a: Milotic|52\/100 psn\n|\n|-damage|p2a: Milotic|40\/100 psn|[from] psn\n|upkeep\n|turn|8\n|\n|t:|1700279034\n|move|p1a: Hidetoshi Odagiri|Dark Pulse|p2a: Milotic\n|-damage|p2a: Milotic|20\/100 psn\n|cant|p2a: Milotic|flinch\n|\n|-damage|p2a: Milotic|7\/100 psn|[from] psn\n|upkeep\n|turn|9\n|\n|t:|1700279046\n|switch|p2a: Weezing|Weezing-Galar, M|100\/100\n|-ability|p2a: Weezing|Neutralizing Gas\n|move|p1a: Hidetoshi Odagiri|Dark Pulse|p2a: Weezing\n|-resisted|p2a: Weezing\n|-damage|p2a: Weezing|74\/100\n|\n|-heal|p2a: Weezing|80\/100|[from] item: Leftovers\n|upkeep\n|turn|10\n|\n|t:|1700279053\n|move|p1a: Hidetoshi Odagiri|Protect|p1a: Hidetoshi Odagiri\n|-singleturn|p1a: Hidetoshi Odagiri|Protect\n|move|p2a: Weezing|Sludge Bomb|p1a: Hidetoshi Odagiri\n|-activate|p1a: Hidetoshi Odagiri|move: Protect\n|\n|-heal|p2a: Weezing|86\/100|[from] item: Leftovers\n|upkeep\n|turn|11\n|inactive|Battle timer is ON: inactive players will automatically lose when time's up. (requested by quilava69)\n|\n|t:|1700279063\n|switch|p1a: thing|Glimmora, M, shiny|100\/100\n|-item|p1a: thing|Air Balloon\n|move|p2a: Weezing|Will-O-Wisp|p1a: thing|[miss]\n|-miss|p2a: Weezing|p1a: thing\n|\n|-heal|p2a: Weezing|92\/100|[from] item: Leftovers\n|upkeep\n|turn|12\n|\n|t:|1700279080\n|-end|p2a: Weezing|ability: Neutralizing Gas\n|switch|p2a: Skeledirge|Skeledirge, F|100\/100\n|move|p1a: thing|Earth Power|p2a: Skeledirge\n|-supereffective|p2a: Skeledirge\n|-damage|p2a: Skeledirge|46\/100\n|\n|upkeep\n|turn|13\n|\n|t:|1700279089\n|-terastallize|p2a: Skeledirge|Water\n|move|p1a: thing|Power Gem|p2a: Skeledirge\n|-damage|p2a: Skeledirge|11\/100\n|move|p2a: Skeledirge|Slack Off|p2a: Skeledirge\n|-heal|p2a: Skeledirge|61\/100\n|\n|upkeep\n|turn|14\n|\n|t:|1700279098\n|move|p1a: thing|Mortal Spin|p2a: Skeledirge\n|-damage|p2a: Skeledirge|56\/100\n|-status|p2a: Skeledirge|psn\n|move|p2a: Skeledirge|Slack Off|p2a: Skeledirge\n|-heal|p2a: Skeledirge|100\/100 psn\n|\n|-damage|p2a: Skeledirge|88\/100 psn|[from] psn\n|upkeep\n|turn|15\n|\n|t:|1700279102\n|switch|p1a: Hidetoshi Odagiri|Greninja, M|79\/100\n|move|p2a: Skeledirge|Torch Song|p1a: Hidetoshi Odagiri\n|-resisted|p1a: Hidetoshi Odagiri\n|-damage|p1a: Hidetoshi Odagiri|56\/100\n|-boost|p2a: Skeledirge|spa|1\n|\n|-damage|p2a: Skeledirge|76\/100 psn|[from] psn\n|upkeep\n|turn|16\n|\n|t:|1700279116\n|move|p1a: Hidetoshi Odagiri|Protect|p1a: Hidetoshi Odagiri\n|-singleturn|p1a: Hidetoshi Odagiri|Protect\n|move|p2a: Skeledirge|Torch Song|p1a: Hidetoshi Odagiri\n|-activate|p1a: Hidetoshi Odagiri|move: Protect\n|\n|-damage|p2a: Skeledirge|63\/100 psn|[from] psn\n|upkeep\n|turn|17\n|\n|t:|1700279122\n|move|p1a: Hidetoshi Odagiri|Dark Pulse|p2a: Skeledirge\n|-damage|p2a: Skeledirge|32\/100 psn\n|move|p2a: Skeledirge|Torch Song|p1a: Hidetoshi Odagiri\n|-resisted|p1a: Hidetoshi Odagiri\n|-damage|p1a: Hidetoshi Odagiri|18\/100\n|-boost|p2a: Skeledirge|spa|1\n|\n|-damage|p2a: Skeledirge|20\/100 psn|[from] psn\n|upkeep\n|turn|18\n|\n|t:|1700279130\n|move|p1a: Hidetoshi Odagiri|Dark Pulse|p2a: Skeledirge\n|-damage|p2a: Skeledirge|0 fnt\n|faint|p2a: Skeledirge\n|-ability|p1a: Hidetoshi Odagiri|Battle Bond|boost\n|-boost|p1a: Hidetoshi Odagiri|atk|1\n|-boost|p1a: Hidetoshi Odagiri|spa|1\n|-boost|p1a: Hidetoshi Odagiri|spe|1\n|-activate|p1a: Hidetoshi Odagiri|ability: Battle Bond\n|\n|upkeep\n|\n|t:|1700279147\n|switch|p2a: Mandibuzz|Mandibuzz, F|100\/100\n|turn|19\n|\n|t:|1700279150\n|move|p1a: Hidetoshi Odagiri|Ice Beam|p2a: Mandibuzz\n|-supereffective|p2a: Mandibuzz\n|-damage|p2a: Mandibuzz|34\/100\n|move|p2a: Mandibuzz|Foul Play|p1a: Hidetoshi Odagiri\n|-resisted|p1a: Hidetoshi Odagiri\n|-damage|p1a: Hidetoshi Odagiri|0 fnt\n|faint|p1a: Hidetoshi Odagiri\n|\n|upkeep\n|\n|t:|1700279154\n|switch|p1a: thing|Glimmora, M, shiny|100\/100\n|-item|p1a: thing|Air Balloon\n|turn|20\n|\n|t:|1700279169\n|move|p1a: thing|Power Gem|p2a: Mandibuzz\n|-supereffective|p2a: Mandibuzz\n|-damage|p2a: Mandibuzz|0 fnt\n|faint|p2a: Mandibuzz\n|\n|upkeep\n|\n|t:|1700279176\n|switch|p2a: Weezing|Weezing-Galar, M|92\/100\n|-ability|p2a: Weezing|Neutralizing Gas\n|turn|21\n|\n|t:|1700279179\n|move|p1a: thing|Earth Power|p2a: Weezing\n|-supereffective|p2a: Weezing\n|-damage|p2a: Weezing|6\/100\n|-unboost|p2a: Weezing|spd|1\n|move|p2a: Weezing|Will-O-Wisp|p1a: thing\n|-status|p1a: thing|brn\n|\n|-heal|p2a: Weezing|12\/100|[from] item: Leftovers\n|-damage|p1a: thing|94\/100 brn|[from] brn\n|upkeep\n|turn|22\n|\n|t:|1700279186\n|move|p1a: thing|Power Gem|p2a: Weezing\n|-damage|p2a: Weezing|0 fnt\n|faint|p2a: Weezing\n|-end|p2a: Weezing|ability: Neutralizing Gas\n|\n|-damage|p1a: thing|88\/100 brn|[from] brn\n|upkeep\n|-message|quilava69 forfeited.\n|\n|win|Kuzwa\n|raw|Kuzwa's rating: 1174 &rarr; <strong>1198<\/strong><br \/>(+24 for winning)\n|raw|quilava69's rating: 1160 &rarr; <strong>1136<\/strong><br \/>(-24 for losing)\n","uploadtime":1700279196,"views":12,"p1id":"kuzwa","p2id":"quilava69","formatid":"gen9ou","rating":1136,"private":0,"password":""}