{"id":"gen9ou-1991191559","p1":"callofalex11","p2":"WillDaFoe","format":"[Gen 9] OU","log":"|j|\u2606callofalex11\n|j|\u2606WillDaFoe\n|t:|1700055502\n|gametype|singles\n|player|p1|callofalex11|169|1295\n|player|p2|WillDaFoe|1|1299\n|teamsize|p1|6\n|teamsize|p2|6\n|gen|9\n|tier|[Gen 9] OU\n|rated|\n|rule|Sleep Clause Mod: Limit one foe put to sleep\n|rule|Species Clause: Limit one of each Pok\u00e9mon\n|rule|OHKO Clause: OHKO moves are banned\n|rule|Evasion Items Clause: Evasion items are banned\n|rule|Evasion Moves Clause: Evasion moves are banned\n|rule|Endless Battle Clause: Forcing endless battles is banned\n|rule|HP Percentage Mod: HP is shown in percentages\n|clearpoke\n|poke|p1|Blissey, F|\n|poke|p1|Enamorus, F|\n|poke|p1|Kingambit, M|\n|poke|p1|Iron Treads|\n|poke|p1|Toxapex, M|\n|poke|p1|Iron Moth|\n|poke|p2|Dragapult, F|\n|poke|p2|Glimmora, M|\n|poke|p2|Dragonite, M|\n|poke|p2|Iron Moth|\n|poke|p2|Kingambit, M|\n|poke|p2|Walking Wake|\n|teampreview\n|\n|t:|1700055511\n|start\n|switch|p1a: Iron Treads|Iron Treads|100\/100\n|switch|p2a: Glimmora|Glimmora, M|100\/100\n|turn|1\n|\n|t:|1700055524\n|move|p1a: Iron Treads|Earthquake|p2a: Glimmora\n|-supereffective|p2a: Glimmora\n|-enditem|p2a: Glimmora|Focus Sash\n|-damage|p2a: Glimmora|1\/100\n|-activate|p2a: Glimmora|ability: Toxic Debris\n|-sidestart|p1: callofalex11|move: Toxic Spikes\n|move|p2a: Glimmora|Earth Power|p1a: Iron Treads\n|-supereffective|p1a: Iron Treads\n|-damage|p1a: Iron Treads|28\/100\n|\n|-heal|p1a: Iron Treads|34\/100|[from] item: Leftovers\n|upkeep\n|turn|2\n|\n|t:|1700055535\n|move|p1a: Iron Treads|Rapid Spin|p2a: Glimmora\n|-resisted|p2a: Glimmora\n|-damage|p2a: Glimmora|0 fnt\n|-boost|p1a: Iron Treads|spe|1\n|-activate|p2a: Glimmora|ability: Toxic Debris\n|-sidestart|p1: callofalex11|move: Toxic Spikes\n|-sideend|p1: callofalex11|Toxic Spikes|[from] move: Rapid Spin|[of] p1a: Iron Treads\n|faint|p2a: Glimmora\n|\n|-heal|p1a: Iron Treads|41\/100|[from] item: Leftovers\n|upkeep\n|inactive|Battle timer is ON: inactive players will automatically lose when time's up. (requested by callofalex11)\n|\n|t:|1700055572\n|switch|p2a: Dragapult|Dragapult, F|100\/100\n|turn|3\n|\n|t:|1700055577\n|move|p1a: Iron Treads|Stealth Rock|p2a: Dragapult\n|-sidestart|p2: WillDaFoe|move: Stealth Rock\n|move|p2a: Dragapult|Will-O-Wisp|p1a: Iron Treads\n|-status|p1a: Iron Treads|brn\n|\n|-heal|p1a: Iron Treads|47\/100 brn|[from] item: Leftovers\n|-damage|p1a: Iron Treads|41\/100 brn|[from] brn\n|upkeep\n|turn|4\n|\n|t:|1700055589\n|move|p1a: Iron Treads|Volt Switch|p2a: Dragapult\n|-resisted|p2a: Dragapult\n|-damage|p2a: Dragapult|93\/100\n|\n|t:|1700055593\n|-end|p1a: Iron Treads|Quark Drive|[silent]\n|switch|p1a: Enamorus|Enamorus, F|100\/100|[from] Volt Switch\n|move|p2a: Dragapult|Hex|p1a: Enamorus\n|-damage|p1a: Enamorus|49\/100\n|\n|upkeep\n|turn|5\n|\n|t:|1700055599\n|move|p1a: Enamorus|Moonblast|p2a: Dragapult\n|-supereffective|p2a: Dragapult\n|-damage|p2a: Dragapult|0 fnt\n|faint|p2a: Dragapult\n|\n|upkeep\n|\n|t:|1700055612\n|switch|p2a: Dragonite|Dragonite, M|100\/100\n|turn|6\n|\n|t:|1700055617\n|-terastallize|p2a: Dragonite|Normal\n|move|p1a: Enamorus|Moonblast|p2a: Dragonite\n|-damage|p2a: Dragonite|75\/100\n|move|p2a: Dragonite|Dragon Dance|p2a: Dragonite\n|-boost|p2a: Dragonite|atk|1\n|-boost|p2a: Dragonite|spe|1\n|\n|upkeep\n|turn|7\n|\n|t:|1700055625\n|switch|p1a: Toxapex|Toxapex, M|100\/100\n|move|p2a: Dragonite|Dragon Dance|p2a: Dragonite\n|-boost|p2a: Dragonite|atk|1\n|-boost|p2a: Dragonite|spe|1\n|\n|upkeep\n|turn|8\n|\n|t:|1700055634\n|move|p2a: Dragonite|Earthquake|p1a: Toxapex\n|-supereffective|p1a: Toxapex\n|-damage|p1a: Toxapex|4\/100\n|move|p1a: Toxapex|Haze|p1a: Toxapex\n|-clearallboost\n|\n|-heal|p1a: Toxapex|10\/100|[from] item: Leftovers\n|upkeep\n|turn|9\n|\n|t:|1700055649\n|switch|p1a: Iron Treads|Iron Treads|41\/100 brn\n|move|p2a: Dragonite|Extreme Speed|p1a: Iron Treads\n|-resisted|p1a: Iron Treads\n|-damage|p1a: Iron Treads|21\/100 brn\n|\n|-heal|p1a: Iron Treads|28\/100 brn|[from] item: Leftovers\n|-damage|p1a: Iron Treads|21\/100 brn|[from] brn\n|upkeep\n|turn|10\n|\n|t:|1700055659\n|move|p1a: Iron Treads|Volt Switch|p2a: Dragonite\n|-damage|p2a: Dragonite|64\/100\n|\n|t:|1700055664\n|-end|p1a: Iron Treads|Quark Drive|[silent]\n|switch|p1a: Toxapex|Toxapex, M|43\/100|[from] Volt Switch\n|move|p2a: Dragonite|Earthquake|p1a: Toxapex\n|-supereffective|p1a: Toxapex\n|-damage|p1a: Toxapex|0 fnt\n|faint|p1a: Toxapex\n|\n|upkeep\n|\n|t:|1700055673\n|switch|p1a: Iron Moth|Iron Moth|100\/100\n|-enditem|p1a: Iron Moth|Booster Energy\n|-activate|p1a: Iron Moth|ability: Quark Drive|[fromitem]\n|-start|p1a: Iron Moth|quarkdrivespe\n|turn|11\n|\n|t:|1700055684\n|-terastallize|p1a: Iron Moth|Grass\n|move|p1a: Iron Moth|Substitute|p1a: Iron Moth\n|-start|p1a: Iron Moth|Substitute\n|-damage|p1a: Iron Moth|76\/100\n|move|p2a: Dragonite|Earthquake|p1a: Iron Moth\n|-resisted|p1a: Iron Moth\n|-end|p1a: Iron Moth|Substitute\n|\n|upkeep\n|turn|12\n|\n|t:|1700055691\n|move|p2a: Dragonite|Extreme Speed|p1a: Iron Moth\n|-damage|p1a: Iron Moth|6\/100\n|move|p1a: Iron Moth|Fiery Dance|p2a: Dragonite\n|-damage|p2a: Dragonite|19\/100\n|\n|upkeep\n|turn|13\n|\n|t:|1700055702\n|-end|p1a: Iron Moth|Quark Drive|[silent]\n|switch|p1a: Iron Treads|Iron Treads|21\/100 brn\n|move|p2a: Dragonite|Extreme Speed|p1a: Iron Treads\n|-resisted|p1a: Iron Treads\n|-damage|p1a: Iron Treads|3\/100 brn\n|\n|-heal|p1a: Iron Treads|9\/100 brn|[from] item: Leftovers\n|-damage|p1a: Iron Treads|3\/100 brn|[from] brn\n|upkeep\n|turn|14\n|\n|t:|1700055710\n|move|p2a: Dragonite|Extreme Speed|p1a: Iron Treads\n|-resisted|p1a: Iron Treads\n|-damage|p1a: Iron Treads|0 fnt\n|faint|p1a: Iron Treads\n|-end|p1a: Iron Treads|Quark Drive|[silent]\n|\n|upkeep\n|\n|t:|1700055719\n|switch|p1a: Kingambit|Kingambit, M|100\/100\n|-activate|p1a: Kingambit|ability: Supreme Overlord\n|-start|p1a: Kingambit|fallen2|[silent]\n|turn|15\n|\n|t:|1700055725\n|move|p2a: Dragonite|Roost|p2a: Dragonite\n|-heal|p2a: Dragonite|69\/100\n|move|p1a: Kingambit|Iron Head|p2a: Dragonite\n|-damage|p2a: Dragonite|3\/100\n|\n|upkeep\n|turn|16\n|\n|t:|1700055739\n|move|p1a: Kingambit|Sucker Punch||[still]\n|-fail|p1a: Kingambit\n|move|p2a: Dragonite|Roost|p2a: Dragonite\n|-heal|p2a: Dragonite|53\/100\n|\n|upkeep\n|turn|17\n|\n|t:|1700055748\n|move|p2a: Dragonite|Earthquake|p1a: Kingambit\n|-supereffective|p1a: Kingambit\n|-damage|p1a: Kingambit|47\/100\n|move|p1a: Kingambit|Low Kick|p2a: Dragonite\n|-supereffective|p2a: Dragonite\n|-damage|p2a: Dragonite|0 fnt\n|faint|p2a: Dragonite\n|\n|-heal|p1a: Kingambit|53\/100|[from] item: Leftovers\n|upkeep\n|\n|t:|1700055762\n|switch|p2a: Walking Wake|Walking Wake|100\/100\n|-damage|p2a: Walking Wake|88\/100|[from] Stealth Rock\n|-enditem|p2a: Walking Wake|Booster Energy\n|-activate|p2a: Walking Wake|ability: Protosynthesis|[fromitem]\n|-start|p2a: Walking Wake|protosynthesisspa\n|turn|18\n|\n|t:|1700055773\n|move|p2a: Walking Wake|Flamethrower|p1a: Kingambit\n|-supereffective|p1a: Kingambit\n|-damage|p1a: Kingambit|0 fnt\n|faint|p1a: Kingambit\n|-end|p1a: Kingambit|fallen2|[silent]\n|\n|upkeep\n|\n|t:|1700055781\n|switch|p1a: Enamorus|Enamorus, F|49\/100\n|turn|19\n|\n|t:|1700055786\n|move|p1a: Enamorus|Moonblast|p2a: Walking Wake\n|-supereffective|p2a: Walking Wake\n|-damage|p2a: Walking Wake|0 fnt\n|faint|p2a: Walking Wake\n|-end|p2a: Walking Wake|Protosynthesis|[silent]\n|\n|upkeep\n|\n|t:|1700055792\n|switch|p2a: Iron Moth|Iron Moth|100\/100\n|-damage|p2a: Iron Moth|76\/100|[from] Stealth Rock\n|-enditem|p2a: Iron Moth|Booster Energy\n|-activate|p2a: Iron Moth|ability: Quark Drive|[fromitem]\n|-start|p2a: Iron Moth|quarkdrivespa\n|turn|20\n|\n|t:|1700055799\n|switch|p1a: Iron Moth|Iron Moth, tera:Grass|6\/100\n|move|p2a: Iron Moth|Sludge Wave|p1a: Iron Moth\n|-supereffective|p1a: Iron Moth\n|-damage|p1a: Iron Moth|0 fnt\n|faint|p1a: Iron Moth\n|-end|p1a: Iron Moth|Quark Drive|[silent]\n|\n|upkeep\n|\n|t:|1700055812\n|switch|p1a: Enamorus|Enamorus, F|49\/100\n|turn|21\n|\n|t:|1700055815\n|move|p1a: Enamorus|Earth Power|p2a: Iron Moth\n|-supereffective|p2a: Iron Moth\n|-damage|p2a: Iron Moth|0 fnt\n|faint|p2a: Iron Moth\n|-end|p2a: Iron Moth|Quark Drive|[silent]\n|\n|upkeep\n|\n|t:|1700055820\n|switch|p2a: Kingambit|Kingambit, M|100\/100\n|-damage|p2a: Kingambit|94\/100|[from] Stealth Rock\n|-activate|p2a: Kingambit|ability: Supreme Overlord\n|-start|p2a: Kingambit|fallen5|[silent]\n|turn|22\n|\n|t:|1700055826\n|move|p2a: Kingambit|Sucker Punch|p1a: Enamorus\n|-resisted|p1a: Enamorus\n|-damage|p1a: Enamorus|0 fnt\n|faint|p1a: Enamorus\n|\n|upkeep\n|\n|t:|1700055830\n|switch|p1a: Blissey|Blissey, F|100\/100\n|turn|23\n|\n|t:|1700055837\n|move|p2a: Kingambit|Swords Dance|p2a: Kingambit\n|-boost|p2a: Kingambit|atk|2\n|move|p1a: Blissey|Seismic Toss|p2a: Kingambit\n|-damage|p2a: Kingambit|65\/100\n|\n|upkeep\n|turn|24\n|\n|t:|1700055845\n|move|p2a: Kingambit|Kowtow Cleave|p1a: Blissey\n|-damage|p1a: Blissey|0 fnt\n|faint|p1a: Blissey\n|\n|win|WillDaFoe\n|raw|callofalex11's rating: 1295 &rarr; <strong>1270<\/strong><br \/>(-25 for losing)\n|raw|WillDaFoe's rating: 1299 &rarr; <strong>1324<\/strong><br \/>(+25 for winning)\n|l|\u2606callofalex11\n","uploadtime":1700055858,"views":4,"p1id":"callofalex11","p2id":"willdafoe","formatid":"gen9ou","rating":1270,"private":0,"password":""}