{"id":"gen9ou-1990518665","p1":"FNS\u2022Medhaos","p2":"Monkedabest5","format":"[Gen 9] OU","log":"|j|\u2606FNS\u2022Medhaos\n|j|\u2606Monkedabest5\n|t:|1699978083\n|gametype|singles\n|player|p1|FNS\u2022Medhaos|gambler|1213\n|player|p2|Monkedabest5|blackbelt|1214\n|teamsize|p1|6\n|teamsize|p2|6\n|gen|9\n|tier|[Gen 9] OU\n|rated|\n|rule|Sleep Clause Mod: Limit one foe put to sleep\n|rule|Species Clause: Limit one of each Pok\u00e9mon\n|rule|OHKO Clause: OHKO moves are banned\n|rule|Evasion Items Clause: Evasion items are banned\n|rule|Evasion Moves Clause: Evasion moves are banned\n|rule|Endless Battle Clause: Forcing endless battles is banned\n|rule|HP Percentage Mod: HP is shown in percentages\n|clearpoke\n|poke|p1|Gholdengo|\n|poke|p1|Glimmora, M|\n|poke|p1|Ribombee, F|\n|poke|p1|Iron Valiant|\n|poke|p1|Kingambit, F|\n|poke|p1|Sneasler, F|\n|poke|p2|Alomomola, M|\n|poke|p2|Garganacl, F|\n|poke|p2|Heatran, M|\n|poke|p2|Landorus-Therian, M|\n|poke|p2|Hatterene, F|\n|poke|p2|Kingambit, F|\n|teampreview\n|\n|t:|1699978099\n|start\n|switch|p1a: Sneasler|Sneasler, F|100\/100\n|switch|p2a: Hatterene|Hatterene, F|100\/100\n|turn|1\n|\n|t:|1699978108\n|-terastallize|p1a: Sneasler|Flying\n|move|p1a: Sneasler|Dire Claw|p2a: Hatterene\n|-supereffective|p2a: Hatterene\n|-damage|p2a: Hatterene|0 fnt\n|faint|p2a: Hatterene\n|\n|upkeep\n|\n|t:|1699978119\n|switch|p2a: Garganacl|Garganacl, F|100\/100\n|turn|2\n|\n|t:|1699978130\n|-terastallize|p2a: Garganacl|Fairy\n|move|p1a: Sneasler|Close Combat|p2a: Garganacl\n|-resisted|p2a: Garganacl\n|-damage|p2a: Garganacl|83\/100\n|-unboost|p1a: Sneasler|def|1\n|-unboost|p1a: Sneasler|spd|1\n|-damage|p1a: Sneasler|84\/100|[from] item: Rocky Helmet|[of] p2a: Garganacl\n|-enditem|p1a: Sneasler|White Herb\n|-clearnegativeboost|p1a: Sneasler|[silent]\n|move|p2a: Garganacl|Salt Cure|p1a: Sneasler\n|-supereffective|p1a: Sneasler\n|-damage|p1a: Sneasler|33\/100\n|-start|p1a: Sneasler|Salt Cure\n|\n|-damage|p1a: Sneasler|21\/100|[from] Salt Cure\n|upkeep\n|turn|3\n|\n|t:|1699978135\n|move|p1a: Sneasler|Dire Claw|p2a: Garganacl\n|-supereffective|p2a: Garganacl\n|-damage|p2a: Garganacl|37\/100\n|-damage|p1a: Sneasler|4\/100|[from] item: Rocky Helmet|[of] p2a: Garganacl\n|move|p2a: Garganacl|Curse|p2a: Garganacl\n|-unboost|p2a: Garganacl|spe|1\n|-boost|p2a: Garganacl|atk|1\n|-boost|p2a: Garganacl|def|1\n|\n|-damage|p1a: Sneasler|0 fnt|[from] Salt Cure\n|faint|p1a: Sneasler\n|upkeep\n|\n|t:|1699978144\n|switch|p1a: Gholdengo|Gholdengo|100\/100\n|-item|p1a: Gholdengo|Air Balloon\n|turn|4\n|\n|t:|1699978156\n|switch|p2a: Alomomola|Alomomola, M|100\/100\n|move|p1a: Gholdengo|Hex|p2a: Alomomola\n|-damage|p2a: Alomomola|76\/100\n|\n|-heal|p2a: Alomomola|82\/100|[from] item: Leftovers\n|upkeep\n|turn|5\n|\n|t:|1699978165\n|move|p1a: Gholdengo|Thunder Wave|p2a: Alomomola\n|-status|p2a: Alomomola|par\n|move|p2a: Alomomola|Substitute|p2a: Alomomola\n|-start|p2a: Alomomola|Substitute\n|-damage|p2a: Alomomola|57\/100 par\n|\n|-heal|p2a: Alomomola|64\/100 par|[from] item: Leftovers\n|upkeep\n|turn|6\n|\n|t:|1699978172\n|move|p1a: Gholdengo|Nasty Plot|p1a: Gholdengo\n|-boost|p1a: Gholdengo|spa|2\n|move|p2a: Alomomola|Flip Turn|p1a: Gholdengo\n|-damage|p1a: Gholdengo|80\/100\n|-enditem|p1a: Gholdengo|Air Balloon\n|\n|t:|1699978179\n|switch|p2a: Landorus|Landorus-Therian, M|100\/100|[from] Flip Turn\n|-ability|p2a: Landorus|Intimidate|boost\n|-unboost|p1a: Gholdengo|atk|1\n|\n|upkeep\n|turn|7\n|\n|t:|1699978188\n|move|p2a: Landorus|Earthquake|p1a: Gholdengo\n|-supereffective|p1a: Gholdengo\n|-damage|p1a: Gholdengo|0 fnt\n|faint|p1a: Gholdengo\n|\n|upkeep\n|\n|t:|1699978193\n|switch|p1a: Glimmora|Glimmora, M|100\/100\n|turn|8\n|\n|t:|1699978197\n|move|p2a: Landorus|Earthquake|p1a: Glimmora\n|-supereffective|p1a: Glimmora\n|-damage|p1a: Glimmora|0 fnt\n|-activate|p1a: Glimmora|ability: Toxic Debris\n|-sidestart|p2: Monkedabest5|move: Toxic Spikes\n|faint|p1a: Glimmora\n|\n|upkeep\n|\n|t:|1699978202\n|switch|p1a: Ribombee|Ribombee, F|100\/100\n|turn|9\n|\n|t:|1699978211\n|switch|p2a: Garganacl|Garganacl, F, tera:Fairy|37\/100\n|move|p1a: Ribombee|Sticky Web|p2a: Garganacl\n|-sidestart|p2: Monkedabest5|move: Sticky Web\n|\n|upkeep\n|turn|10\n|\n|t:|1699978218\n|move|p1a: Ribombee|Bug Buzz|p2a: Garganacl\n|-resisted|p2a: Garganacl\n|-damage|p2a: Garganacl|21\/100\n|move|p2a: Garganacl|Recover|p2a: Garganacl\n|-heal|p2a: Garganacl|71\/100\n|\n|upkeep\n|turn|11\n|\n|t:|1699978226\n|move|p1a: Ribombee|Bug Buzz|p2a: Garganacl\n|-resisted|p2a: Garganacl\n|-damage|p2a: Garganacl|53\/100\n|move|p2a: Garganacl|Recover|p2a: Garganacl\n|-heal|p2a: Garganacl|100\/100\n|\n|upkeep\n|turn|12\n|\n|t:|1699978231\n|move|p1a: Ribombee|Bug Buzz|p2a: Garganacl\n|-resisted|p2a: Garganacl\n|-damage|p2a: Garganacl|83\/100\n|move|p2a: Garganacl|Curse|p2a: Garganacl\n|-unboost|p2a: Garganacl|spe|1\n|-boost|p2a: Garganacl|atk|1\n|-boost|p2a: Garganacl|def|1\n|\n|upkeep\n|turn|13\n|\n|t:|1699978237\n|switch|p1a: Kingambit|Kingambit, F|100\/100\n|-activate|p1a: Kingambit|ability: Supreme Overlord\n|-start|p1a: Kingambit|fallen3|[silent]\n|move|p2a: Garganacl|Curse|p2a: Garganacl\n|-unboost|p2a: Garganacl|spe|1\n|-boost|p2a: Garganacl|atk|1\n|-boost|p2a: Garganacl|def|1\n|\n|upkeep\n|turn|14\n|\n|t:|1699978243\n|move|p1a: Kingambit|Iron Head|p2a: Garganacl\n|-supereffective|p2a: Garganacl\n|-damage|p2a: Garganacl|53\/100\n|-damage|p1a: Kingambit|84\/100|[from] item: Rocky Helmet|[of] p2a: Garganacl\n|move|p2a: Garganacl|Body Press|p1a: Kingambit\n|-supereffective|p1a: Kingambit\n|-damage|p1a: Kingambit|0 fnt\n|faint|p1a: Kingambit\n|-end|p1a: Kingambit|fallen3|[silent]\n|\n|upkeep\n|\n|t:|1699978249\n|switch|p1a: Iron Valiant|Iron Valiant|100\/100\n|-enditem|p1a: Iron Valiant|Booster Energy\n|-activate|p1a: Iron Valiant|ability: Quark Drive|[fromitem]\n|-start|p1a: Iron Valiant|quarkdrivespe\n|turn|15\n|\n|t:|1699978252\n|move|p1a: Iron Valiant|Thunderbolt|p2a: Garganacl\n|-damage|p2a: Garganacl|27\/100\n|move|p2a: Garganacl|Salt Cure|p1a: Iron Valiant\n|-resisted|p1a: Iron Valiant\n|-damage|p1a: Iron Valiant|83\/100\n|-start|p1a: Iron Valiant|Salt Cure\n|\n|-damage|p1a: Iron Valiant|70\/100|[from] Salt Cure\n|upkeep\n|turn|16\n|\n|t:|1699978255\n|move|p1a: Iron Valiant|Thunderbolt|p2a: Garganacl\n|-damage|p2a: Garganacl|1\/100\n|move|p2a: Garganacl|Recover|p2a: Garganacl\n|-heal|p2a: Garganacl|51\/100\n|\n|-damage|p1a: Iron Valiant|58\/100|[from] Salt Cure\n|upkeep\n|turn|17\n|\n|t:|1699978258\n|move|p1a: Iron Valiant|Thunderbolt|p2a: Garganacl\n|-damage|p2a: Garganacl|21\/100\n|move|p2a: Garganacl|Recover|p2a: Garganacl\n|-heal|p2a: Garganacl|71\/100\n|\n|-damage|p1a: Iron Valiant|45\/100|[from] Salt Cure\n|upkeep\n|turn|18\n|\n|t:|1699978263\n|move|p1a: Iron Valiant|Thunderbolt|p2a: Garganacl\n|-damage|p2a: Garganacl|44\/100\n|move|p2a: Garganacl|Recover|p2a: Garganacl\n|-heal|p2a: Garganacl|94\/100\n|\n|-damage|p1a: Iron Valiant|33\/100|[from] Salt Cure\n|upkeep\n|turn|19\n|c|\u2606FNS\u2022Medhaos|Yeah, this is Gg\n|c|\u2606FNS\u2022Medhaos|WP.\n|c|\u2606FNS\u2022Medhaos|Had no answer for that lol\n|\n|t:|1699978288\n|move|p1a: Iron Valiant|Thunderbolt|p2a: Garganacl\n|-crit|p2a: Garganacl\n|-damage|p2a: Garganacl|51\/100\n|move|p2a: Garganacl|Body Press|p1a: Iron Valiant\n|-resisted|p1a: Iron Valiant\n|-damage|p1a: Iron Valiant|0 fnt\n|faint|p1a: Iron Valiant\n|-end|p1a: Iron Valiant|Quark Drive|[silent]\n|\n|upkeep\n|\n|t:|1699978290\n|switch|p1a: Ribombee|Ribombee, F|100\/100\n|turn|20\n|inactive|Battle timer is ON: inactive players will automatically lose when time's up. (requested by FNS\u2022Medhaos)\n|\n|t:|1699978301\n|move|p1a: Ribombee|Bug Buzz|p2a: Garganacl\n|-resisted|p2a: Garganacl\n|-damage|p2a: Garganacl|32\/100\n|move|p2a: Garganacl|Salt Cure|p1a: Ribombee\n|-supereffective|p1a: Ribombee\n|-enditem|p1a: Ribombee|Focus Sash\n|-damage|p1a: Ribombee|1\/100\n|\n|upkeep\n|turn|21\n|\n|t:|1699978310\n|move|p1a: Ribombee|Bug Buzz|p2a: Garganacl\n|-resisted|p2a: Garganacl\n|-damage|p2a: Garganacl|15\/100\n|move|p2a: Garganacl|Salt Cure|p1a: Ribombee\n|-supereffective|p1a: Ribombee\n|-damage|p1a: Ribombee|0 fnt\n|faint|p1a: Ribombee\n|\n|win|Monkedabest5\n|raw|FNS\u2022Medhaos's rating: 1213 &rarr; <strong>1188<\/strong><br \/>(-25 for losing)\n|raw|Monkedabest5's rating: 1214 &rarr; <strong>1239<\/strong><br \/>(+25 for winning)\n|l|\u2606FNS\u2022Medhaos\n","uploadtime":1699978314,"views":6,"p1id":"fnsmedhaos","p2id":"monkedabest5","formatid":"gen9ou","rating":1188,"private":0,"password":""}