{"id":"gen9ou-1995921468","p1":"Black sheeps","p2":"mau0032","format":"[Gen 9] OU","log":"|j|\u2606Black sheeps\n|j|\u2606mau0032\n|t:|1700617659\n|gametype|singles\n|player|p1|Black sheeps|roxie|\n|player|p2|mau0032|red|\n|teamsize|p1|6\n|teamsize|p2|6\n|gen|9\n|tier|[Gen 9] OU\n|rule|Sleep Clause Mod: Limit one foe put to sleep\n|rule|Species Clause: Limit one of each Pok\u00e9mon\n|rule|OHKO Clause: OHKO moves are banned\n|rule|Evasion Items Clause: Evasion items are banned\n|rule|Evasion Moves Clause: Evasion moves are banned\n|rule|Endless Battle Clause: Forcing endless battles is banned\n|rule|HP Percentage Mod: HP is shown in percentages\n|clearpoke\n|poke|p1|Heatran, M|\n|poke|p1|Florges, F|\n|poke|p1|Sableye, M|\n|poke|p1|Hydreigon, F|\n|poke|p1|Tornadus-Therian, M|\n|poke|p1|Electrode-Hisui|\n|poke|p2|Samurott-Hisui, F|\n|poke|p2|Corviknight, M|\n|poke|p2|Toedscruel, F|\n|poke|p2|Ditto|\n|poke|p2|Dudunsparce-*, F|\n|poke|p2|Slowking-Galar, F|\n|teampreview\n|c|\u2606Black sheeps|Suerte XD\n|c|\u2606Black sheeps|O mejor no JAJA\n|c|\u2606mau0032|gracias xd\n|\n|t:|1700617688\n|start\n|switch|p1a: Electrode|Electrode-Hisui|100\/100\n|switch|p2a: Toedscruel|Toedscruel, F|100\/100\n|turn|1\n|\n|t:|1700617703\n|move|p1a: Electrode|Chloroblast|p2a: Toedscruel\n|-damage|p2a: Toedscruel|31\/100\n|-damage|p1a: Electrode|50\/100|[from] Recoil\n|move|p2a: Toedscruel|Toxic|p1a: Electrode\n|-status|p1a: Electrode|tox\n|\n|-damage|p1a: Electrode|44\/100 tox|[from] psn\n|upkeep\n|turn|2\n|c|\u2606Black sheeps|Fsota\n|c|\u2606mau0032|esperame un segundo si, me habla la abuela xd\n|c|\u2606Black sheeps|Va\n|\n|t:|1700617879\n|switch|p2a: Ditto|Ditto|100\/100\n|-transform|p2a: Ditto|p1a: Electrode|[from] ability: Imposter\n|move|p1a: Electrode|Chloroblast|p2a: Ditto\n|-resisted|p2a: Ditto\n|-damage|p2a: Ditto|47\/100\n|-damage|p1a: Electrode|0 fnt|[from] Recoil\n|faint|p1a: Electrode\n|\n|upkeep\n|\n|t:|1700617893\n|switch|p1a: Heatran|Heatran, M|100\/100\n|turn|3\n|\n|t:|1700617902\n|switch|p2a: Corviknight|Corviknight, M|100\/100\n|-ability|p2a: Corviknight|Pressure\n|move|p1a: Heatran|Magma Storm|p2a: Corviknight\n|-supereffective|p2a: Corviknight\n|-damage|p2a: Corviknight|16\/100\n|-activate|p2a: Corviknight|move: Magma Storm|[of] p1a: Heatran\n|\n|-heal|p2a: Corviknight|22\/100|[from] item: Leftovers\n|-damage|p2a: Corviknight|9\/100|[from] move: Magma Storm|[partiallytrapped]\n|upkeep\n|turn|4\n|\n|t:|1700617913\n|move|p2a: Corviknight|Body Press|p1a: Heatran\n|-supereffective|p1a: Heatran\n|-damage|p1a: Heatran|66\/100\n|move|p1a: Heatran|Magma Storm|p2a: Corviknight|[miss]\n|-miss|p1a: Heatran|p2a: Corviknight\n|\n|-heal|p2a: Corviknight|16\/100|[from] item: Leftovers\n|-heal|p1a: Heatran|73\/100|[from] item: Leftovers\n|-damage|p2a: Corviknight|3\/100|[from] move: Magma Storm|[partiallytrapped]\n|upkeep\n|turn|5\n|\n|t:|1700617927\n|move|p1a: Heatran|Protect|p1a: Heatran\n|-singleturn|p1a: Heatran|Protect\n|move|p2a: Corviknight|Body Press|p1a: Heatran\n|-activate|p1a: Heatran|move: Protect\n|\n|-heal|p2a: Corviknight|9\/100|[from] item: Leftovers\n|-heal|p1a: Heatran|79\/100|[from] item: Leftovers\n|-damage|p2a: Corviknight|0 fnt|[from] move: Magma Storm|[partiallytrapped]\n|faint|p2a: Corviknight\n|upkeep\n|\n|t:|1700617931\n|switch|p2a: Samurott|Samurott-Hisui, F|100\/100\n|turn|6\n|\n|t:|1700617943\n|switch|p1a: Hydreigon|Hydreigon, F|100\/100\n|move|p2a: Samurott|Swords Dance|p2a: Samurott\n|-boost|p2a: Samurott|atk|2\n|\n|upkeep\n|turn|7\n|\n|t:|1700617963\n|switch|p2a: Toedscruel|Toedscruel, F|31\/100\n|move|p1a: Hydreigon|U-turn|p2a: Toedscruel\n|-supereffective|p2a: Toedscruel\n|-damage|p2a: Toedscruel|0 fnt\n|faint|p2a: Toedscruel\n|\n|t:|1700617988\n|switch|p1a: Tornadus|Tornadus-Therian, M|100\/100|[from] U-turn\n|\n|upkeep\n|\n|t:|1700618014\n|switch|p2a: Slowking|Slowking-Galar, F|100\/100\n|turn|8\n|\n|t:|1700618021\n|move|p1a: Tornadus|Knock Off|p2a: Slowking\n|-supereffective|p2a: Slowking\n|-damage|p2a: Slowking|51\/100\n|-enditem|p2a: Slowking|Assault Vest|[from] move: Knock Off|[of] p1a: Tornadus\n|move|p2a: Slowking|Sludge Bomb|p1a: Tornadus\n|-damage|p1a: Tornadus|40\/100\n|-status|p1a: Tornadus|psn\n|\n|-damage|p1a: Tornadus|28\/100 psn|[from] psn\n|upkeep\n|turn|9\n|\n|t:|1700618033\n|move|p1a: Tornadus|U-turn|p2a: Slowking\n|-damage|p2a: Slowking|35\/100\n|\n|t:|1700618037\n|switch|p1a: Heatran|Heatran, M|79\/100|[from] U-turn\n|move|p2a: Slowking|Surf|p1a: Heatran\n|-supereffective|p1a: Heatran\n|-damage|p1a: Heatran|27\/100\n|\n|-heal|p1a: Heatran|34\/100|[from] item: Leftovers\n|upkeep\n|turn|10\n|\n|t:|1700618046\n|move|p1a: Heatran|Protect|p1a: Heatran\n|-singleturn|p1a: Heatran|Protect\n|move|p2a: Slowking|Surf|p1a: Heatran\n|-activate|p1a: Heatran|move: Protect\n|\n|-heal|p1a: Heatran|40\/100|[from] item: Leftovers\n|upkeep\n|turn|11\n|\n|t:|1700618059\n|switch|p1a: Hydreigon|Hydreigon, F|100\/100\n|move|p2a: Slowking|Surf|p1a: Hydreigon\n|-resisted|p1a: Hydreigon\n|-damage|p1a: Hydreigon|82\/100\n|\n|upkeep\n|turn|12\n|\n|t:|1700618072\n|switch|p2a: Dudunsparce|Dudunsparce, F|100\/100\n|move|p1a: Hydreigon|U-turn|p2a: Dudunsparce\n|-damage|p2a: Dudunsparce|89\/100\n|\n|t:|1700618077\n|switch|p1a: Heatran|Heatran, M|40\/100|[from] U-turn\n|\n|-heal|p2a: Dudunsparce|95\/100|[from] item: Leftovers\n|-heal|p1a: Heatran|46\/100|[from] item: Leftovers\n|upkeep\n|turn|13\n|\n|t:|1700618085\n|move|p1a: Heatran|Protect|p1a: Heatran\n|-singleturn|p1a: Heatran|Protect\n|move|p2a: Dudunsparce|Headbutt|p1a: Heatran\n|-activate|p1a: Heatran|move: Protect\n|\n|-heal|p2a: Dudunsparce|100\/100|[from] item: Leftovers\n|-heal|p1a: Heatran|52\/100|[from] item: Leftovers\n|upkeep\n|turn|14\n|\n|t:|1700618097\n|switch|p1a: Tornadus|Tornadus-Therian, M|61\/100 psn\n|move|p2a: Dudunsparce|Headbutt|p1a: Tornadus\n|-damage|p1a: Tornadus|26\/100 psn\n|-damage|p2a: Dudunsparce|84\/100|[from] item: Rocky Helmet|[of] p1a: Tornadus\n|\n|-heal|p2a: Dudunsparce|90\/100|[from] item: Leftovers\n|-damage|p1a: Tornadus|14\/100 psn|[from] psn\n|upkeep\n|turn|15\n|\n|t:|1700618111\n|switch|p2a: Slowking|Slowking-Galar, F|68\/100\n|move|p1a: Tornadus|Bleakwind Storm|p2a: Slowking\n|-damage|p2a: Slowking|29\/100\n|\n|-damage|p1a: Tornadus|2\/100 psn|[from] psn\n|upkeep\n|turn|16\n|\n|t:|1700618122\n|move|p1a: Tornadus|Bleakwind Storm|p2a: Slowking\n|-damage|p2a: Slowking|0 fnt\n|faint|p2a: Slowking\n|\n|-damage|p1a: Tornadus|0 fnt|[from] psn\n|faint|p1a: Tornadus\n|upkeep\n|\n|t:|1700618131\n|switch|p1a: Sableye|Sableye, M|100\/100\n|switch|p2a: Samurott|Samurott-Hisui, F|100\/100\n|turn|17\n|\n|t:|1700618139\n|switch|p2a: Ditto|Ditto|47\/100\n|-transform|p2a: Ditto|p1a: Sableye|[from] ability: Imposter\n|move|p1a: Sableye|Will-O-Wisp|p2a: Ditto\n|-hint|Since gen 7, Dark is immune to Prankster moves.\n|-immune|p2a: Ditto\n|\n|upkeep\n|turn|18\n|\n|t:|1700618150\n|move|p2a: Ditto|Thunder Wave|p1a: Sableye\n|-hint|Since gen 7, Dark is immune to Prankster moves.\n|-immune|p1a: Sableye\n|move|p1a: Sableye|Snarl|p2a: Ditto\n|-damage|p2a: Ditto|33\/100\n|-unboost|p2a: Ditto|spa|1\n|\n|upkeep\n|turn|19\n|\n|t:|1700618158\n|switch|p2a: Dudunsparce|Dudunsparce, F|90\/100\n|move|p1a: Sableye|Will-O-Wisp|p2a: Dudunsparce\n|-status|p2a: Dudunsparce|brn\n|\n|-heal|p2a: Dudunsparce|96\/100 brn|[from] item: Leftovers\n|-damage|p2a: Dudunsparce|90\/100 brn|[from] brn\n|upkeep\n|turn|20\n|\n|t:|1700618168\n|move|p2a: Dudunsparce|Glare|p1a: Sableye\n|-status|p1a: Sableye|par\n|cant|p1a: Sableye|par\n|\n|-heal|p2a: Dudunsparce|96\/100 brn|[from] item: Leftovers\n|-damage|p2a: Dudunsparce|90\/100 brn|[from] brn\n|upkeep\n|turn|21\n|\n|t:|1700618176\n|move|p2a: Dudunsparce|Lunge|p1a: Sableye\n|-damage|p1a: Sableye|88\/100 par\n|-unboost|p1a: Sableye|atk|1\n|move|p1a: Sableye|Snarl|p2a: Dudunsparce\n|-damage|p2a: Dudunsparce|74\/100 brn\n|-unboost|p2a: Dudunsparce|spa|1\n|\n|-heal|p2a: Dudunsparce|80\/100 brn|[from] item: Leftovers\n|-heal|p1a: Sableye|95\/100 par|[from] item: Leftovers\n|-damage|p2a: Dudunsparce|74\/100 brn|[from] brn\n|upkeep\n|turn|22\n|\n|t:|1700618191\n|switch|p2a: Ditto|Ditto|33\/100\n|-transform|p2a: Ditto|p1a: Sableye|[from] ability: Imposter\n|move|p1a: Sableye|Snarl|p2a: Ditto|[miss]\n|-miss|p1a: Sableye|p2a: Ditto\n|\n|-heal|p1a: Sableye|100\/100 par|[from] item: Leftovers\n|upkeep\n|turn|23\n|\n|t:|1700618201\n|move|p2a: Ditto|Recover|p2a: Ditto\n|-heal|p2a: Ditto|83\/100\n|move|p1a: Sableye|Snarl|p2a: Ditto\n|-damage|p2a: Ditto|70\/100\n|-unboost|p2a: Ditto|spa|1\n|\n|upkeep\n|turn|24\n|\n|t:|1700618208\n|switch|p2a: Dudunsparce|Dudunsparce, F|74\/100 brn\n|move|p1a: Sableye|Will-O-Wisp|p2a: Dudunsparce\n|-fail|p2a: Dudunsparce|brn\n|\n|-heal|p2a: Dudunsparce|80\/100 brn|[from] item: Leftovers\n|-damage|p2a: Dudunsparce|74\/100 brn|[from] brn\n|upkeep\n|turn|25\n|\n|t:|1700618218\n|move|p2a: Dudunsparce|Roost|p2a: Dudunsparce\n|-heal|p2a: Dudunsparce|100\/100 brn\n|-singleturn|p2a: Dudunsparce|move: Roost\n|move|p1a: Sableye|Snarl|p2a: Dudunsparce\n|-damage|p2a: Dudunsparce|86\/100 brn\n|-unboost|p2a: Dudunsparce|spa|1\n|\n|-heal|p2a: Dudunsparce|92\/100 brn|[from] item: Leftovers\n|-damage|p2a: Dudunsparce|86\/100 brn|[from] brn\n|upkeep\n|turn|26\n|\n|t:|1700618232\n|switch|p1a: Heatran|Heatran, M|52\/100\n|move|p2a: Dudunsparce|Lunge|p1a: Heatran\n|-resisted|p1a: Heatran\n|-damage|p1a: Heatran|51\/100\n|-unboost|p1a: Heatran|atk|1\n|\n|-heal|p2a: Dudunsparce|92\/100 brn|[from] item: Leftovers\n|-heal|p1a: Heatran|57\/100|[from] item: Leftovers\n|-damage|p2a: Dudunsparce|86\/100 brn|[from] brn\n|upkeep\n|turn|27\n|\n|t:|1700618245\n|switch|p2a: Samurott|Samurott-Hisui, F|100\/100\n|move|p1a: Heatran|Magma Storm|p2a: Samurott\n|-resisted|p2a: Samurott\n|-damage|p2a: Samurott|67\/100\n|-activate|p2a: Samurott|move: Magma Storm|[of] p1a: Heatran\n|\n|-heal|p1a: Heatran|63\/100|[from] item: Leftovers\n|-damage|p2a: Samurott|54\/100|[from] move: Magma Storm|[partiallytrapped]\n|upkeep\n|turn|28\n|\n|t:|1700618258\n|switch|p1a: Hydreigon|Hydreigon, F|82\/100\n|move|p2a: Samurott|Swords Dance|p2a: Samurott\n|-boost|p2a: Samurott|atk|2\n|\n|-end|p2a: Samurott|Magma Storm|[partiallytrapped]|[silent]\n|upkeep\n|turn|29\n|\n|t:|1700618331\n|switch|p2a: Ditto|Ditto|70\/100\n|-transform|p2a: Ditto|p1a: Hydreigon|[from] ability: Imposter\n|move|p1a: Hydreigon|Draco Meteor|p2a: Ditto\n|-supereffective|p2a: Ditto\n|-damage|p2a: Ditto|0 fnt\n|-unboost|p1a: Hydreigon|spa|2\n|faint|p2a: Ditto\n|\n|upkeep\n|\n|t:|1700618350\n|switch|p2a: Dudunsparce|Dudunsparce, F|86\/100 brn\n|turn|30\n|\n|t:|1700618361\n|switch|p1a: Florges|Florges, F|100\/100\n|move|p2a: Dudunsparce|Glare|p1a: Florges\n|-status|p1a: Florges|par\n|\n|-heal|p2a: Dudunsparce|92\/100 brn|[from] item: Leftovers\n|-damage|p2a: Dudunsparce|86\/100 brn|[from] brn\n|upkeep\n|turn|31\n|\n|t:|1700618371\n|switch|p2a: Samurott|Samurott-Hisui, F|54\/100\n|move|p1a: Florges|Chilling Water|p2a: Samurott\n|-resisted|p2a: Samurott\n|-damage|p2a: Samurott|44\/100\n|-unboost|p2a: Samurott|atk|1\n|\n|upkeep\n|turn|32\n|\n|t:|1700618378\n|-terastallize|p2a: Samurott|Water\n|move|p2a: Samurott|Swords Dance|p2a: Samurott\n|-boost|p2a: Samurott|atk|2\n|cant|p1a: Florges|par\n|\n|upkeep\n|turn|33\n|\n|t:|1700618386\n|move|p2a: Samurott|Swords Dance|p2a: Samurott\n|-boost|p2a: Samurott|atk|2\n|move|p1a: Florges|Moonblast|p2a: Samurott\n|-damage|p2a: Samurott|0 fnt\n|faint|p2a: Samurott\n|\n|upkeep\n|c|\u2606mau0032|gg xd\n|c|\u2606Black sheeps|Uff\n|-message|mau0032 forfeited.\n|\n|win|Black sheeps\n|l|\u2606mau0032\n","uploadtime":1700618401,"views":11,"p1id":"blacksheeps","p2id":"mau0032","formatid":"gen9ou","rating":0,"private":0,"password":""}