{"id":"gen9ou-1990499510","p1":"OUVT TOSHI","p2":"mcp3","format":"[Gen 9] OU","log":"|j|\u2606OUVT TOSHI\n|j|\u2606mcp3\n|t:|1699976468\n|gametype|singles\n|player|p1|OUVT TOSHI|170|1710\n|player|p2|mcp3|sage|1683\n|teamsize|p1|6\n|teamsize|p2|6\n|gen|9\n|tier|[Gen 9] OU\n|rated|\n|rule|Sleep Clause Mod: Limit one foe put to sleep\n|rule|Species Clause: Limit one of each Pok\u00e9mon\n|rule|OHKO Clause: OHKO moves are banned\n|rule|Evasion Items Clause: Evasion items are banned\n|rule|Evasion Moves Clause: Evasion moves are banned\n|rule|Endless Battle Clause: Forcing endless battles is banned\n|rule|HP Percentage Mod: HP is shown in percentages\n|clearpoke\n|poke|p1|Ogerpon-Wellspring, F|\n|poke|p1|Zamazenta-*|\n|poke|p1|Ting-Lu|\n|poke|p1|Iron Moth|\n|poke|p1|Zapdos|\n|poke|p1|Ursaluna, F|\n|poke|p2|Ting-Lu|\n|poke|p2|Cinderace, M|\n|poke|p2|Slowking-Galar, M|\n|poke|p2|Iron Valiant|\n|poke|p2|Zapdos|\n|poke|p2|Sneasler, M|\n|teampreview\n|j| Logan2024\n|inactive|Battle timer is ON: inactive players will automatically lose when time's up. (requested by OUVT TOSHI)\n|\n|t:|1699976519\n|start\n|switch|p1a: Ogerpon|Ogerpon-Wellspring, F|100\/100\n|switch|p2a: Sneasler|Sneasler, M|100\/100\n|turn|1\n|inactive|OUVT TOSHI has 120 seconds left.\n|\n|t:|1699976550\n|switch|p1a: Zapdos|Zapdos|100\/100\n|move|p2a: Sneasler|U-turn|p1a: Zapdos\n|-resisted|p1a: Zapdos\n|-damage|p1a: Zapdos|84\/100\n|\n|t:|1699976563\n|switch|p2a: Slowking|Slowking-Galar, M|100\/100|[from] U-turn\n|\n|upkeep\n|turn|2\n|\n|t:|1699976569\n|switch|p1a: Ting-Lu|Ting-Lu|100\/100\n|-ability|p1a: Ting-Lu|Vessel of Ruin\n|move|p2a: Slowking|Future Sight|p1a: Ting-Lu\n|-start|p2a: Slowking|move: Future Sight\n|\n|upkeep\n|turn|3\n|\n|t:|1699976573\n|move|p1a: Ting-Lu|Stealth Rock|p2a: Slowking\n|-sidestart|p2: mcp3|move: Stealth Rock\n|move|p2a: Slowking|Chilly Reception|p2a: Slowking\n|-weather|Snow\n|\n|t:|1699976575\n|switch|p2a: Sneasler|Sneasler, M|100\/100|[from] Chilly Reception\n|-damage|p2a: Sneasler|95\/100|[from] Stealth Rock\n|\n|-weather|Snow|[upkeep]\n|upkeep\n|turn|4\n|j| pikmin > pkmn\n|\n|t:|1699976585\n|-terastallize|p2a: Sneasler|Fighting\n|-terastallize|p1a: Ting-Lu|Ghost\n|move|p2a: Sneasler|Close Combat|p1a: Ting-Lu\n|-immune|p1a: Ting-Lu\n|move|p1a: Ting-Lu|Earthquake|p2a: Sneasler\n|-damage|p2a: Sneasler|31\/100\n|\n|-weather|Snow|[upkeep]\n|-end|p1a: Ting-Lu|move: Future Sight\n|-damage|p1a: Ting-Lu|81\/100\n|-heal|p1a: Ting-Lu|87\/100|[from] item: Leftovers\n|upkeep\n|turn|5\n|\n|t:|1699976597\n|switch|p2a: Ting-Lu|Ting-Lu|100\/100\n|-damage|p2a: Ting-Lu|94\/100|[from] Stealth Rock\n|-ability|p2a: Ting-Lu|Vessel of Ruin\n|move|p1a: Ting-Lu|Whirlwind|p2a: Ting-Lu\n|drag|p2a: Slowking|Slowking-Galar, M|100\/100\n|\n|-weather|Snow|[upkeep]\n|-heal|p1a: Ting-Lu|93\/100|[from] item: Leftovers\n|upkeep\n|turn|6\n|\n|t:|1699976611\n|move|p1a: Ting-Lu|Earthquake|p2a: Slowking\n|-supereffective|p2a: Slowking\n|-damage|p2a: Slowking|45\/100\n|move|p2a: Slowking|Chilly Reception|p2a: Slowking\n|\n|t:|1699976613\n|switch|p2a: Ting-Lu|Ting-Lu|94\/100|[from] Chilly Reception\n|-damage|p2a: Ting-Lu|88\/100|[from] Stealth Rock\n|-ability|p2a: Ting-Lu|Vessel of Ruin\n|\n|-weather|Snow|[upkeep]\n|-heal|p1a: Ting-Lu|99\/100|[from] item: Leftovers\n|-heal|p2a: Ting-Lu|94\/100|[from] item: Leftovers\n|upkeep\n|turn|7\n|\n|t:|1699976624\n|switch|p1a: Ursaluna|Ursaluna, F|100\/100\n|move|p2a: Ting-Lu|Stealth Rock|p1a: Ursaluna\n|-sidestart|p1: OUVT TOSHI|move: Stealth Rock\n|\n|-weather|none\n|-heal|p2a: Ting-Lu|100\/100|[from] item: Leftovers\n|-status|p1a: Ursaluna|brn|[from] item: Flame Orb\n|upkeep\n|turn|8\n|\n|t:|1699976631\n|move|p1a: Ursaluna|Facade|p2a: Ting-Lu\n|-damage|p2a: Ting-Lu|36\/100\n|move|p2a: Ting-Lu|Whirlwind|p1a: Ursaluna\n|drag|p1a: Zapdos|Zapdos|84\/100\n|\n|-heal|p2a: Ting-Lu|42\/100|[from] item: Leftovers\n|upkeep\n|turn|9\n|l| pikmin > pkmn\n|\n|t:|1699976640\n|switch|p1a: Ursaluna|Ursaluna, F|100\/100 brn\n|-damage|p1a: Ursaluna|94\/100 brn|[from] Stealth Rock\n|move|p2a: Ting-Lu|Spikes|p1a: Ursaluna\n|-sidestart|p1: OUVT TOSHI|Spikes\n|\n|-heal|p2a: Ting-Lu|48\/100|[from] item: Leftovers\n|-damage|p1a: Ursaluna|88\/100 brn|[from] brn\n|upkeep\n|turn|10\n|\n|t:|1699976650\n|switch|p2a: Sneasler|Sneasler, M, tera:Fighting|31\/100\n|-damage|p2a: Sneasler|25\/100|[from] Stealth Rock\n|move|p1a: Ursaluna|Facade|p2a: Sneasler\n|-damage|p2a: Sneasler|0 fnt\n|faint|p2a: Sneasler\n|\n|-damage|p1a: Ursaluna|82\/100 brn|[from] brn\n|upkeep\n|\n|t:|1699976659\n|switch|p2a: Iron Valiant|Iron Valiant|100\/100\n|-damage|p2a: Iron Valiant|94\/100|[from] Stealth Rock\n|-enditem|p2a: Iron Valiant|Booster Energy\n|-activate|p2a: Iron Valiant|ability: Quark Drive|[fromitem]\n|-start|p2a: Iron Valiant|quarkdrivespe\n|turn|11\n|\n|t:|1699976669\n|switch|p1a: Ting-Lu|Ting-Lu, tera:Ghost|99\/100\n|-damage|p1a: Ting-Lu|87\/100|[from] Stealth Rock\n|-damage|p1a: Ting-Lu|75\/100|[from] Spikes\n|-ability|p1a: Ting-Lu|Vessel of Ruin\n|move|p2a: Iron Valiant|Close Combat|p1a: Ting-Lu\n|-immune|p1a: Ting-Lu\n|\n|-heal|p1a: Ting-Lu|81\/100|[from] item: Leftovers\n|upkeep\n|turn|12\n|\n|t:|1699976675\n|move|p2a: Iron Valiant|Knock Off|p1a: Ting-Lu\n|-supereffective|p1a: Ting-Lu\n|-damage|p1a: Ting-Lu|43\/100\n|-enditem|p1a: Ting-Lu|Leftovers|[from] move: Knock Off|[of] p2a: Iron Valiant\n|move|p1a: Ting-Lu|Whirlwind|p2a: Iron Valiant\n|-end|p2a: Iron Valiant|Quark Drive|[silent]\n|drag|p2a: Ting-Lu|Ting-Lu|48\/100\n|-damage|p2a: Ting-Lu|42\/100|[from] Stealth Rock\n|-ability|p2a: Ting-Lu|Vessel of Ruin\n|\n|-heal|p2a: Ting-Lu|48\/100|[from] item: Leftovers\n|upkeep\n|turn|13\n|\n|t:|1699976686\n|switch|p1a: Ursaluna|Ursaluna, F|82\/100 brn\n|-damage|p1a: Ursaluna|76\/100 brn|[from] Stealth Rock\n|-damage|p1a: Ursaluna|64\/100 brn|[from] Spikes\n|move|p2a: Ting-Lu|Spikes|p1a: Ursaluna\n|-sidestart|p1: OUVT TOSHI|Spikes\n|\n|-heal|p2a: Ting-Lu|54\/100|[from] item: Leftovers\n|-damage|p1a: Ursaluna|58\/100 brn|[from] brn\n|upkeep\n|turn|14\n|\n|t:|1699976707\n|switch|p2a: Cinderace|Cinderace, M|100\/100\n|move|p1a: Ursaluna|Facade|p2a: Cinderace\n|-damage|p2a: Cinderace|0 fnt\n|faint|p2a: Cinderace\n|\n|-damage|p1a: Ursaluna|52\/100 brn|[from] brn\n|upkeep\n|\n|t:|1699976709\n|switch|p2a: Iron Valiant|Iron Valiant|94\/100\n|-damage|p2a: Iron Valiant|88\/100|[from] Stealth Rock\n|turn|15\n|\n|t:|1699976720\n|switch|p1a: Ting-Lu|Ting-Lu, tera:Ghost|43\/100\n|-damage|p1a: Ting-Lu|31\/100|[from] Stealth Rock\n|-damage|p1a: Ting-Lu|14\/100|[from] Spikes\n|-ability|p1a: Ting-Lu|Vessel of Ruin\n|move|p2a: Iron Valiant|Swords Dance|p2a: Iron Valiant\n|-boost|p2a: Iron Valiant|atk|2\n|\n|upkeep\n|turn|16\n|\n|t:|1699976725\n|move|p2a: Iron Valiant|Knock Off|p1a: Ting-Lu\n|-supereffective|p1a: Ting-Lu\n|-damage|p1a: Ting-Lu|0 fnt\n|faint|p1a: Ting-Lu\n|\n|upkeep\n|\n|t:|1699976730\n|switch|p1a: Zamazenta|Zamazenta|100\/100\n|-ability|p1a: Zamazenta|Dauntless Shield|boost\n|-boost|p1a: Zamazenta|def|1\n|turn|17\n|\n|t:|1699976736\n|-end|p2a: Iron Valiant|Quark Drive|[silent]\n|switch|p2a: Zapdos|Zapdos|100\/100\n|move|p1a: Zamazenta|Heavy Slam|p2a: Zapdos\n|-resisted|p2a: Zapdos\n|-damage|p2a: Zapdos|88\/100\n|\n|upkeep\n|turn|18\n|\n|t:|1699976745\n|switch|p1a: Zapdos|Zapdos|84\/100\n|move|p2a: Zapdos|Hurricane|p1a: Zapdos\n|-resisted|p1a: Zapdos\n|-damage|p1a: Zapdos|61\/100\n|\n|upkeep\n|turn|19\n|\n|t:|1699976750\n|move|p1a: Zapdos|Roost|p1a: Zapdos\n|-heal|p1a: Zapdos|100\/100\n|-singleturn|p1a: Zapdos|move: Roost\n|move|p2a: Zapdos|Volt Switch|p1a: Zapdos\n|-resisted|p1a: Zapdos\n|-damage|p1a: Zapdos|87\/100\n|\n|t:|1699976754\n|switch|p2a: Ting-Lu|Ting-Lu|54\/100|[from] Volt Switch\n|-damage|p2a: Ting-Lu|48\/100|[from] Stealth Rock\n|-ability|p2a: Ting-Lu|Vessel of Ruin\n|\n|-heal|p2a: Ting-Lu|54\/100|[from] item: Leftovers\n|upkeep\n|turn|20\n|\n|t:|1699976761\n|move|p1a: Zapdos|Heat Wave|p2a: Ting-Lu\n|-damage|p2a: Ting-Lu|42\/100\n|move|p2a: Ting-Lu|Whirlwind|p1a: Zapdos\n|drag|p1a: Zamazenta|Zamazenta|100\/100\n|\n|-heal|p2a: Ting-Lu|49\/100|[from] item: Leftovers\n|upkeep\n|turn|21\n|\n|t:|1699976772\n|switch|p1a: Zapdos|Zapdos|87\/100\n|switch|p2a: Zapdos|Zapdos|88\/100\n|\n|upkeep\n|turn|22\n|\n|t:|1699976778\n|move|p1a: Zapdos|Heat Wave|p2a: Zapdos\n|-damage|p2a: Zapdos|63\/100\n|move|p2a: Zapdos|Volt Switch|p1a: Zapdos\n|-damage|p1a: Zapdos|57\/100\n|\n|t:|1699976781\n|switch|p2a: Slowking|Slowking-Galar, M|78\/100|[from] Volt Switch\n|\n|upkeep\n|turn|23\n|\n|t:|1699976787\n|move|p1a: Zapdos|Discharge|p2a: Slowking\n|-damage|p2a: Slowking|53\/100\n|move|p2a: Slowking|Chilly Reception|p2a: Slowking\n|-weather|Snow\n|\n|t:|1699976790\n|switch|p2a: Zapdos|Zapdos|63\/100|[from] Chilly Reception\n|\n|-weather|Snow|[upkeep]\n|upkeep\n|turn|24\n|\n|t:|1699976796\n|move|p2a: Zapdos|Roost|p2a: Zapdos\n|-heal|p2a: Zapdos|100\/100\n|-singleturn|p2a: Zapdos|move: Roost\n|move|p1a: Zapdos|Discharge|p2a: Zapdos\n|-resisted|p2a: Zapdos\n|-damage|p2a: Zapdos|84\/100\n|\n|-weather|Snow|[upkeep]\n|upkeep\n|turn|25\n|\n|t:|1699976804\n|move|p2a: Zapdos|Volt Switch|p1a: Zapdos\n|-damage|p1a: Zapdos|27\/100\n|\n|t:|1699976808\n|switch|p2a: Ting-Lu|Ting-Lu|49\/100|[from] Volt Switch\n|-damage|p2a: Ting-Lu|42\/100|[from] Stealth Rock\n|-ability|p2a: Ting-Lu|Vessel of Ruin\n|move|p1a: Zapdos|Roost|p1a: Zapdos\n|-heal|p1a: Zapdos|77\/100\n|-singleturn|p1a: Zapdos|move: Roost\n|\n|-weather|Snow|[upkeep]\n|-heal|p2a: Ting-Lu|49\/100|[from] item: Leftovers\n|upkeep\n|turn|26\n|\n|t:|1699976818\n|move|p1a: Zapdos|Heat Wave|p2a: Ting-Lu\n|-damage|p2a: Ting-Lu|37\/100\n|move|p2a: Ting-Lu|Spikes|p1a: Zapdos\n|-sidestart|p1: OUVT TOSHI|Spikes\n|\n|-weather|Snow|[upkeep]\n|-heal|p2a: Ting-Lu|43\/100|[from] item: Leftovers\n|upkeep\n|turn|27\n|\n|t:|1699976826\n|switch|p2a: Slowking|Slowking-Galar, M|87\/100\n|move|p1a: Zapdos|Heat Wave|p2a: Slowking\n|-damage|p2a: Slowking|66\/100\n|\n|-weather|none\n|upkeep\n|turn|28\n|\n|t:|1699976836\n|move|p1a: Zapdos|Discharge|p2a: Slowking\n|-damage|p2a: Slowking|38\/100\n|move|p2a: Slowking|Future Sight|p1a: Zapdos\n|-start|p2a: Slowking|move: Future Sight\n|\n|upkeep\n|turn|29\n|\n|t:|1699976844\n|switch|p2a: Zapdos|Zapdos|84\/100\n|move|p1a: Zapdos|Hurricane|p2a: Zapdos|[miss]\n|-miss|p1a: Zapdos|p2a: Zapdos\n|\n|upkeep\n|turn|30\n|\n|t:|1699976851\n|move|p1a: Zapdos|Roost|p1a: Zapdos\n|-heal|p1a: Zapdos|100\/100\n|-singleturn|p1a: Zapdos|move: Roost\n|move|p2a: Zapdos|Volt Switch|p1a: Zapdos\n|-resisted|p1a: Zapdos\n|-damage|p1a: Zapdos|86\/100\n|j| ThatJebshuckle\n|\n|t:|1699976855\n|switch|p2a: Slowking|Slowking-Galar, M|71\/100|[from] Volt Switch\n|\n|-end|p1a: Zapdos|move: Future Sight\n|-damage|p1a: Zapdos|42\/100\n|upkeep\n|turn|31\n|\n|t:|1699976861\n|move|p1a: Zapdos|Hurricane|p2a: Slowking|[miss]\n|-miss|p1a: Zapdos|p2a: Slowking\n|move|p2a: Slowking|Chilly Reception|p2a: Slowking\n|-weather|Snow\n|\n|t:|1699976864\n|switch|p2a: Zapdos|Zapdos|84\/100|[from] Chilly Reception\n|\n|-weather|Snow|[upkeep]\n|upkeep\n|turn|32\n|\n|t:|1699976868\n|move|p2a: Zapdos|Volt Switch|p1a: Zapdos\n|-damage|p1a: Zapdos|13\/100\n|\n|t:|1699976871\n|switch|p2a: Ting-Lu|Ting-Lu|43\/100|[from] Volt Switch\n|-damage|p2a: Ting-Lu|37\/100|[from] Stealth Rock\n|-ability|p2a: Ting-Lu|Vessel of Ruin\n|move|p1a: Zapdos|Roost|p1a: Zapdos\n|-heal|p1a: Zapdos|63\/100\n|-singleturn|p1a: Zapdos|move: Roost\n|\n|-weather|Snow|[upkeep]\n|-heal|p2a: Ting-Lu|43\/100|[from] item: Leftovers\n|upkeep\n|turn|33\n|\n|t:|1699976881\n|move|p1a: Zapdos|Heat Wave|p2a: Ting-Lu\n|-damage|p2a: Ting-Lu|32\/100\n|move|p2a: Ting-Lu|Whirlwind|p1a: Zapdos\n|drag|p1a: Ursaluna|Ursaluna, F|52\/100 brn\n|-damage|p1a: Ursaluna|46\/100 brn|[from] Stealth Rock\n|-damage|p1a: Ursaluna|21\/100 brn|[from] Spikes\n|\n|-weather|Snow|[upkeep]\n|-heal|p2a: Ting-Lu|38\/100|[from] item: Leftovers\n|-damage|p1a: Ursaluna|15\/100 brn|[from] brn\n|upkeep\n|turn|34\n|inactive|mcp3 has 120 seconds left.\n|\n|t:|1699976934\n|move|p1a: Ursaluna|Facade|p2a: Ting-Lu\n|-damage|p2a: Ting-Lu|0 fnt\n|faint|p2a: Ting-Lu\n|\n|-weather|Snow|[upkeep]\n|-damage|p1a: Ursaluna|9\/100 brn|[from] brn\n|upkeep\n|\n|t:|1699976941\n|switch|p2a: Iron Valiant|Iron Valiant|88\/100\n|-damage|p2a: Iron Valiant|82\/100|[from] Stealth Rock\n|turn|35\n|\n|t:|1699976949\n|move|p2a: Iron Valiant|Knock Off|p1a: Ursaluna\n|-damage|p1a: Ursaluna|0 fnt\n|-enditem|p1a: Ursaluna|Flame Orb|[from] move: Knock Off|[of] p2a: Iron Valiant\n|faint|p1a: Ursaluna\n|\n|-weather|none\n|upkeep\n|\n|t:|1699976956\n|switch|p1a: Zamazenta|Zamazenta|100\/100\n|turn|36\n|\n|t:|1699976965\n|-end|p2a: Iron Valiant|Quark Drive|[silent]\n|switch|p2a: Zapdos|Zapdos|84\/100\n|move|p1a: Zamazenta|Heavy Slam|p2a: Zapdos\n|-resisted|p2a: Zapdos\n|-damage|p2a: Zapdos|71\/100\n|\n|upkeep\n|turn|37\n|\n|t:|1699976969\n|switch|p1a: Zapdos|Zapdos|63\/100\n|move|p2a: Zapdos|Roost|p2a: Zapdos\n|-heal|p2a: Zapdos|100\/100\n|-singleturn|p2a: Zapdos|move: Roost\n|\n|upkeep\n|turn|38\n|\n|t:|1699976973\n|move|p2a: Zapdos|Volt Switch|p1a: Zapdos\n|-damage|p1a: Zapdos|34\/100\n|\n|t:|1699976975\n|switch|p2a: Slowking|Slowking-Galar, M|100\/100|[from] Volt Switch\n|move|p1a: Zapdos|Roost|p1a: Zapdos\n|-heal|p1a: Zapdos|84\/100\n|-singleturn|p1a: Zapdos|move: Roost\n|\n|upkeep\n|turn|39\n|\n|t:|1699976982\n|move|p1a: Zapdos|Discharge|p2a: Slowking\n|-damage|p2a: Slowking|76\/100\n|move|p2a: Slowking|Future Sight|p1a: Zapdos\n|-start|p2a: Slowking|move: Future Sight\n|\n|upkeep\n|turn|40\n|\n|t:|1699976995\n|move|p1a: Zapdos|Hurricane|p2a: Slowking\n|-damage|p2a: Slowking|36\/100\n|-start|p2a: Slowking|confusion\n|-activate|p2a: Slowking|confusion\n|-damage|p2a: Slowking|32\/100|[from] confusion\n|\n|upkeep\n|turn|41\n|j| Pushka\n|\n|t:|1699977002\n|switch|p2a: Zapdos|Zapdos|100\/100\n|move|p1a: Zapdos|Hurricane|p2a: Zapdos|[miss]\n|-miss|p1a: Zapdos|p2a: Zapdos\n|\n|-end|p1a: Zapdos|move: Future Sight\n|-damage|p1a: Zapdos|40\/100\n|upkeep\n|turn|42\n|\n|t:|1699977010\n|move|p1a: Zapdos|Roost|p1a: Zapdos\n|-heal|p1a: Zapdos|91\/100\n|-singleturn|p1a: Zapdos|move: Roost\n|move|p2a: Zapdos|Volt Switch|p1a: Zapdos\n|-resisted|p1a: Zapdos\n|-damage|p1a: Zapdos|76\/100\n|\n|t:|1699977012\n|switch|p2a: Slowking|Slowking-Galar, M|65\/100|[from] Volt Switch\n|\n|upkeep\n|turn|43\n|\n|t:|1699977017\n|switch|p2a: Zapdos|Zapdos|100\/100\n|move|p1a: Zapdos|Hurricane|p2a: Zapdos\n|-resisted|p2a: Zapdos\n|-damage|p2a: Zapdos|80\/100\n|\n|upkeep\n|turn|44\n|\n|t:|1699977024\n|move|p2a: Zapdos|Roost|p2a: Zapdos\n|-heal|p2a: Zapdos|100\/100\n|-singleturn|p2a: Zapdos|move: Roost\n|move|p1a: Zapdos|Heat Wave|p2a: Zapdos\n|-damage|p2a: Zapdos|74\/100\n|\n|upkeep\n|turn|45\n|\n|t:|1699977028\n|switch|p2a: Slowking|Slowking-Galar, M|99\/100\n|move|p1a: Zapdos|Heat Wave|p2a: Slowking\n|-damage|p2a: Slowking|76\/100\n|\n|upkeep\n|turn|46\n|\n|t:|1699977035\n|move|p1a: Zapdos|Hurricane|p2a: Slowking\n|-crit|p2a: Slowking\n|-damage|p2a: Slowking|19\/100\n|-start|p2a: Slowking|confusion\n|-activate|p2a: Slowking|confusion\n|move|p2a: Slowking|Sludge Bomb|p1a: Zapdos\n|-damage|p1a: Zapdos|43\/100\n|\n|upkeep\n|turn|47\n|\n|t:|1699977044\n|switch|p2a: Zapdos|Zapdos|74\/100\n|move|p1a: Zapdos|Heat Wave|p2a: Zapdos\n|-damage|p2a: Zapdos|49\/100\n|\n|upkeep\n|turn|48\n|\n|t:|1699977050\n|move|p2a: Zapdos|Roost|p2a: Zapdos\n|-heal|p2a: Zapdos|99\/100\n|-singleturn|p2a: Zapdos|move: Roost\n|move|p1a: Zapdos|Roost|p1a: Zapdos\n|-heal|p1a: Zapdos|93\/100\n|-singleturn|p1a: Zapdos|move: Roost\n|\n|upkeep\n|turn|49\n|\n|t:|1699977054\n|move|p2a: Zapdos|Volt Switch|p1a: Zapdos\n|-damage|p1a: Zapdos|65\/100\n|\n|t:|1699977056\n|switch|p2a: Slowking|Slowking-Galar, M|52\/100|[from] Volt Switch\n|move|p1a: Zapdos|Heat Wave|p2a: Slowking\n|-damage|p2a: Slowking|29\/100\n|-status|p2a: Slowking|brn\n|\n|-damage|p2a: Slowking|23\/100 brn|[from] brn\n|upkeep\n|turn|50\n|\n|t:|1699977066\n|switch|p2a: Zapdos|Zapdos|99\/100\n|move|p1a: Zapdos|Hurricane|p2a: Zapdos\n|-resisted|p2a: Zapdos\n|-damage|p2a: Zapdos|75\/100\n|-start|p2a: Zapdos|confusion\n|\n|upkeep\n|turn|51\n|\n|t:|1699977073\n|move|p1a: Zapdos|Heat Wave|p2a: Zapdos\n|-damage|p2a: Zapdos|48\/100\n|-activate|p2a: Zapdos|confusion\n|move|p2a: Zapdos|Volt Switch|p1a: Zapdos\n|-damage|p1a: Zapdos|35\/100\n|\n|t:|1699977077\n|switch|p2a: Slowking|Slowking-Galar, M|56\/100 brn|[from] Volt Switch\n|\n|-damage|p2a: Slowking|50\/100 brn|[from] brn\n|upkeep\n|turn|52\n|\n|t:|1699977083\n|move|p1a: Zapdos|Hurricane|p2a: Slowking\n|-damage|p2a: Slowking|15\/100 brn\n|move|p2a: Slowking|Chilly Reception|p2a: Slowking\n|-weather|Snow\n|\n|t:|1699977087\n|switch|p2a: Zapdos|Zapdos|48\/100|[from] Chilly Reception\n|\n|-weather|Snow|[upkeep]\n|upkeep\n|turn|53\n|\n|t:|1699977092\n|move|p1a: Zapdos|Heat Wave|p2a: Zapdos|[miss]\n|-miss|p1a: Zapdos|p2a: Zapdos\n|move|p2a: Zapdos|Roost|p2a: Zapdos\n|-heal|p2a: Zapdos|98\/100\n|-singleturn|p2a: Zapdos|move: Roost\n|\n|-weather|Snow|[upkeep]\n|upkeep\n|turn|54\n|\n|t:|1699977099\n|move|p2a: Zapdos|Volt Switch|p1a: Zapdos\n|-damage|p1a: Zapdos|6\/100\n|\n|t:|1699977102\n|switch|p2a: Iron Valiant|Iron Valiant|82\/100|[from] Volt Switch\n|-damage|p2a: Iron Valiant|76\/100|[from] Stealth Rock\n|move|p1a: Zapdos|Roost|p1a: Zapdos\n|-heal|p1a: Zapdos|56\/100\n|-singleturn|p1a: Zapdos|move: Roost\n|\n|-weather|Snow|[upkeep]\n|upkeep\n|turn|55\n|\n|t:|1699977111\n|move|p2a: Iron Valiant|Encore||[still]\n|-fail|p2a: Iron Valiant\n|move|p1a: Zapdos|Hurricane|p2a: Iron Valiant\n|-supereffective|p2a: Iron Valiant\n|-damage|p2a: Iron Valiant|0 fnt\n|faint|p2a: Iron Valiant\n|-end|p2a: Iron Valiant|Quark Drive|[silent]\n|\n|-weather|Snow|[upkeep]\n|upkeep\n|c|\u2606mcp3|o\n|\n|t:|1699977122\n|switch|p2a: Slowking|Slowking-Galar, M|48\/100 brn\n|turn|56\n|\n|t:|1699977125\n|move|p1a: Zapdos|Hurricane|p2a: Slowking|[miss]\n|-miss|p1a: Zapdos|p2a: Slowking\n|move|p2a: Slowking|Chilly Reception|p2a: Slowking\n|\n|t:|1699977127\n|switch|p2a: Zapdos|Zapdos|98\/100|[from] Chilly Reception\n|\n|-weather|none\n|upkeep\n|turn|57\n|\n|t:|1699977131\n|move|p2a: Zapdos|Hurricane|p1a: Zapdos\n|-resisted|p1a: Zapdos\n|-damage|p1a: Zapdos|35\/100\n|move|p1a: Zapdos|Heat Wave|p2a: Zapdos\n|-damage|p2a: Zapdos|72\/100\n|\n|upkeep\n|turn|58\n|\n|t:|1699977138\n|move|p1a: Zapdos|Heat Wave|p2a: Zapdos\n|-damage|p2a: Zapdos|48\/100\n|move|p2a: Zapdos|Hurricane|p1a: Zapdos|[miss]\n|-miss|p2a: Zapdos|p1a: Zapdos\n|\n|upkeep\n|turn|59\n|\n|t:|1699977143\n|move|p2a: Zapdos|Roost|p2a: Zapdos\n|-heal|p2a: Zapdos|98\/100\n|-singleturn|p2a: Zapdos|move: Roost\n|move|p1a: Zapdos|Heat Wave|p2a: Zapdos\n|-damage|p2a: Zapdos|71\/100\n|\n|upkeep\n|turn|60\n|\n|t:|1699977147\n|move|p2a: Zapdos|Hurricane|p1a: Zapdos\n|-resisted|p1a: Zapdos\n|-damage|p1a: Zapdos|13\/100\n|move|p1a: Zapdos|Heat Wave|p2a: Zapdos\n|-damage|p2a: Zapdos|46\/100\n|\n|upkeep\n|turn|61\n|\n|t:|1699977154\n|move|p2a: Zapdos|Roost|p2a: Zapdos\n|-heal|p2a: Zapdos|96\/100\n|-singleturn|p2a: Zapdos|move: Roost\n|move|p1a: Zapdos|Heat Wave|p2a: Zapdos\n|-damage|p2a: Zapdos|72\/100\n|\n|upkeep\n|turn|62\n|\n|t:|1699977167\n|move|p2a: Zapdos|Hurricane|p1a: Zapdos\n|-resisted|p1a: Zapdos\n|-damage|p1a: Zapdos|0 fnt\n|faint|p1a: Zapdos\n|\n|upkeep\n|\n|t:|1699977178\n|switch|p1a: Iron Moth|Iron Moth|100\/100\n|-damage|p1a: Iron Moth|76\/100|[from] Stealth Rock\n|-damage|p1a: Iron Moth|51\/100|[from] Spikes\n|-enditem|p1a: Iron Moth|Booster Energy\n|-activate|p1a: Iron Moth|ability: Quark Drive|[fromitem]\n|-start|p1a: Iron Moth|quarkdrivespe\n|turn|63\n|\n|t:|1699977187\n|switch|p2a: Slowking|Slowking-Galar, M|81\/100 brn\n|move|p1a: Iron Moth|Fiery Dance|p2a: Slowking\n|-damage|p2a: Slowking|48\/100 brn\n|\n|-damage|p2a: Slowking|42\/100 brn|[from] brn\n|upkeep\n|turn|64\n|\n|t:|1699977200\n|move|p1a: Iron Moth|Fiery Dance|p2a: Slowking\n|-damage|p2a: Slowking|7\/100 brn\n|move|p2a: Slowking|Thunder Wave|p1a: Iron Moth\n|-status|p1a: Iron Moth|par\n|\n|-damage|p2a: Slowking|0 fnt|[from] brn\n|faint|p2a: Slowking\n|upkeep\n|\n|t:|1699977205\n|switch|p2a: Zapdos|Zapdos|72\/100\n|turn|65\n|\n|t:|1699977211\n|move|p2a: Zapdos|Hurricane|p1a: Iron Moth\n|-damage|p1a: Iron Moth|5\/100 par\n|move|p1a: Iron Moth|Fiery Dance|p2a: Zapdos\n|-damage|p2a: Zapdos|29\/100\n|\n|upkeep\n|turn|66\n|\n|t:|1699977218\n|move|p2a: Zapdos|Roost|p2a: Zapdos\n|-heal|p2a: Zapdos|79\/100\n|-singleturn|p2a: Zapdos|move: Roost\n|move|p1a: Iron Moth|Sludge Wave|p2a: Zapdos\n|-damage|p2a: Zapdos|30\/100\n|\n|upkeep\n|turn|67\n|\n|t:|1699977225\n|move|p2a: Zapdos|Volt Switch|p1a: Iron Moth\n|-damage|p1a: Iron Moth|0 fnt\n|faint|p1a: Iron Moth\n|-end|p1a: Iron Moth|Quark Drive|[silent]\n|\n|upkeep\n|-message|mcp3 forfeited.\n|\n|win|OUVT TOSHI\n|raw|OUVT TOSHI's rating: 1710 &rarr; <strong>1728<\/strong><br \/>(+18 for winning)\n|raw|mcp3's rating: 1683 &rarr; <strong>1665<\/strong><br \/>(-18 for losing)\n|l|\u2606mcp3\n|c|\u2606OUVT TOSHI|gg\n|l| ThatJebshuckle\n","uploadtime":1699977240,"views":7,"p1id":"ouvttoshi","p2id":"mcp3","formatid":"gen9ou","rating":1665,"private":0,"password":""}