{"id":"gen9ou-1988504320","p1":"RELLIK19872211","p2":"Haxxhatred","format":"[Gen 9] OU","log":"|j|\u2606RELLIK19872211\n|j|\u2606Haxxhatred\n|t:|1699730022\n|gametype|singles\n|player|p1|RELLIK19872211|101|1287\n|player|p2|Haxxhatred|101|1297\n|teamsize|p1|6\n|teamsize|p2|6\n|gen|9\n|tier|[Gen 9] OU\n|rated|\n|rule|Sleep Clause Mod: Limit one foe put to sleep\n|rule|Species Clause: Limit one of each Pok\u00e9mon\n|rule|OHKO Clause: OHKO moves are banned\n|rule|Evasion Items Clause: Evasion items are banned\n|rule|Evasion Moves Clause: Evasion moves are banned\n|rule|Endless Battle Clause: Forcing endless battles is banned\n|rule|HP Percentage Mod: HP is shown in percentages\n|clearpoke\n|poke|p1|Glimmora, M|\n|poke|p1|Dragapult, F|\n|poke|p1|Ogerpon-Wellspring, F|\n|poke|p1|Grimmsnarl, M|\n|poke|p1|Cresselia, F|\n|poke|p1|Heatran, F|\n|poke|p2|Decidueye-Hisui, F|\n|poke|p2|Iron Valiant|\n|poke|p2|Ceruledge, F|\n|poke|p2|Heatran, F|\n|poke|p2|Azelf|\n|poke|p2|Greninja-*, M|\n|teampreview\n|inactive|Battle timer is ON: inactive players will automatically lose when time's up. (requested by RELLIK19872211)\n|\n|t:|1699730045\n|start\n|switch|p1a: Grimmsnarl|Grimmsnarl, M|100\/100\n|switch|p2a: Greninja|Greninja, M|100\/100\n|turn|1\n|\n|t:|1699730070\n|move|p1a: Grimmsnarl|Light Screen|p1a: Grimmsnarl\n|-sidestart|p1: RELLIK19872211|move: Light Screen\n|move|p2a: Greninja|Taunt|p1a: Grimmsnarl\n|-start|p2a: Greninja|typechange|Dark|[from] ability: Protean\n|-start|p1a: Grimmsnarl|move: Taunt\n|\n|upkeep\n|turn|2\n|\n|t:|1699730087\n|switch|p2a: Heatran|Heatran, F|100\/100\n|move|p1a: Grimmsnarl|Spirit Break|p2a: Heatran\n|-resisted|p2a: Heatran\n|-damage|p2a: Heatran|94\/100\n|-unboost|p2a: Heatran|spa|1\n|\n|-heal|p2a: Heatran|99\/100|[from] item: Leftovers\n|upkeep\n|turn|3\n|inactive|RELLIK19872211 has 120 seconds left.\n|\n|t:|1699730120\n|switch|p1a: Heatran|Heatran, F|100\/100\n|move|p2a: Heatran|Stealth Rock|p1a: Heatran\n|-sidestart|p1: RELLIK19872211|move: Stealth Rock\n|\n|-heal|p2a: Heatran|100\/100|[from] item: Leftovers\n|upkeep\n|turn|4\n|inactive|Haxxhatred has 120 seconds left.\n|\n|t:|1699730136\n|switch|p2a: Iron Valiant|Iron Valiant, shiny|100\/100\n|move|p1a: Heatran|Earth Power|p2a: Iron Valiant\n|-damage|p2a: Iron Valiant|45\/100\n|\n|upkeep\n|turn|5\n|\n|t:|1699730144\n|move|p2a: Iron Valiant|Focus Blast|p1a: Heatran\n|-supereffective|p1a: Heatran\n|-damage|p1a: Heatran|14\/100\n|-damage|p2a: Iron Valiant|35\/100|[from] item: Life Orb\n|move|p1a: Heatran|Taunt|p2a: Iron Valiant\n|-start|p2a: Iron Valiant|move: Taunt\n|\n|-heal|p1a: Heatran|20\/100|[from] item: Leftovers\n|upkeep\n|turn|6\n|\n|t:|1699730157\n|switch|p1a: Dragapult|Dragapult, F|100\/100\n|-damage|p1a: Dragapult|88\/100|[from] Stealth Rock\n|move|p2a: Iron Valiant|Spirit Break|p1a: Dragapult\n|-supereffective|p1a: Dragapult\n|-damage|p1a: Dragapult|0 fnt\n|faint|p1a: Dragapult\n|-damage|p2a: Iron Valiant|25\/100|[from] item: Life Orb\n|\n|upkeep\n|\n|t:|1699730172\n|switch|p1a: Cresselia|Cresselia, F|100\/100\n|-damage|p1a: Cresselia|88\/100|[from] Stealth Rock\n|turn|7\n|\n|t:|1699730183\n|-end|p2a: Iron Valiant|Quark Drive|[silent]\n|switch|p2a: Ceruledge|Ceruledge, F|100\/100\n|move|p1a: Cresselia|Calm Mind|p1a: Cresselia\n|-boost|p1a: Cresselia|spa|1\n|-boost|p1a: Cresselia|spd|1\n|\n|-heal|p1a: Cresselia|94\/100|[from] item: Leftovers\n|upkeep\n|turn|8\n|\n|t:|1699730198\n|-terastallize|p1a: Cresselia|Poison\n|move|p2a: Ceruledge|Poltergeist|p1a: Cresselia\n|-activate|p1a: Cresselia|move: Poltergeist|Leftovers\n|-damage|p1a: Cresselia|60\/100\n|move|p1a: Cresselia|Calm Mind|p1a: Cresselia\n|-boost|p1a: Cresselia|spa|1\n|-boost|p1a: Cresselia|spd|1\n|\n|-heal|p1a: Cresselia|66\/100|[from] item: Leftovers\n|-sideend|p1: RELLIK19872211|move: Light Screen\n|upkeep\n|turn|9\n|\n|t:|1699730222\n|switch|p2a: Azelf|Azelf|100\/100\n|move|p1a: Cresselia|Calm Mind|p1a: Cresselia\n|-boost|p1a: Cresselia|spa|1\n|-boost|p1a: Cresselia|spd|1\n|\n|-heal|p1a: Cresselia|73\/100|[from] item: Leftovers\n|upkeep\n|turn|10\n|\n|t:|1699730235\n|move|p2a: Azelf|Trick|p1a: Cresselia\n|-activate|p2a: Azelf|move: Trick|[of] p1a: Cresselia\n|-item|p1a: Cresselia|Choice Scarf|[from] move: Trick\n|-item|p2a: Azelf|Leftovers|[from] move: Trick\n|move|p1a: Cresselia|Stored Power|p2a: Azelf\n|-resisted|p2a: Azelf\n|-damage|p2a: Azelf|6\/100\n|\n|-heal|p2a: Azelf|12\/100|[from] item: Leftovers\n|upkeep\n|turn|11\n|\n|t:|1699730246\n|switch|p2a: Greninja|Greninja, M|100\/100\n|move|p1a: Cresselia|Stored Power|p2a: Greninja\n|-immune|p2a: Greninja\n|\n|upkeep\n|turn|12\n|-message|RELLIK19872211 forfeited.\n|\n|win|Haxxhatred\n|raw|RELLIK19872211's rating: 1287 &rarr; <strong>1263<\/strong><br \/>(-24 for losing)\n|raw|Haxxhatred's rating: 1297 &rarr; <strong>1321<\/strong><br \/>(+24 for winning)\n|l|\u2606RELLIK19872211\n","uploadtime":1699730272,"views":12,"p1id":"rellik19872211","p2id":"haxxhatred","formatid":"gen9ou","rating":1263,"private":0,"password":""}