{"id":"gen9ou-1994468121","p1":"4R4CH1S","p2":"Catfries","format":"[Gen 9] OU","log":"|j|\u26064R4CH1S\n|j|\u2606Catfries\n|t:|1700447386\n|gametype|singles\n|player|p1|4R4CH1S|2|\n|player|p2|Catfries|clerk|\n|teamsize|p1|6\n|teamsize|p2|6\n|gen|9\n|tier|[Gen 9] OU\n|rule|Sleep Clause Mod: Limit one foe put to sleep\n|rule|Species Clause: Limit one of each Pok\u00e9mon\n|rule|OHKO Clause: OHKO moves are banned\n|rule|Evasion Items Clause: Evasion items are banned\n|rule|Evasion Moves Clause: Evasion moves are banned\n|rule|Endless Battle Clause: Forcing endless battles is banned\n|rule|HP Percentage Mod: HP is shown in percentages\n|clearpoke\n|poke|p1|Cinderace, M|\n|poke|p1|Electrode-Hisui|\n|poke|p1|Houndstone, M|\n|poke|p1|Quaquaval, F|\n|poke|p1|Sylveon, F|\n|poke|p1|Wyrdeer, M|\n|poke|p2|Slowking-Galar, F|\n|poke|p2|Arcanine-Hisui, M|\n|poke|p2|Eiscue, M|\n|poke|p2|Articuno-Galar|\n|poke|p2|Beartic, M|\n|poke|p2|Iron Jugulis|\n|teampreview\n|c|\u26064R4CH1S|Glhf\n|n|\u2606Catfries|catfries\n|c|\u2606Catfries|u2\n|\n|t:|1700447440\n|start\n|switch|p1a: look@thisstupiddog|Houndstone, M|100\/100\n|switch|p2a: Slowking|Slowking-Galar, F|100\/100\n|turn|1\n|\n|t:|1700447492\n|move|p1a: look@thisstupiddog|Poltergeist|p2a: Slowking\n|-activate|p2a: Slowking|move: Poltergeist|Icy Rock\n|-supereffective|p2a: Slowking\n|-damage|p2a: Slowking|16\/100\n|move|p2a: Slowking|Chilly Reception|p2a: Slowking\n|-weather|Snow\n|\n|t:|1700447502\n|switch|p2a: Iron Jugulis|Iron Jugulis|100\/100|[from] Chilly Reception\n|-enditem|p2a: Iron Jugulis|Booster Energy\n|-activate|p2a: Iron Jugulis|ability: Quark Drive|[fromitem]\n|-start|p2a: Iron Jugulis|quarkdrivespa\n|\n|-weather|Snow|[upkeep]\n|upkeep\n|turn|2\n|\n|t:|1700447511\n|switch|p1a: Hiii Haiii :33|Sylveon, F|100\/100\n|move|p2a: Iron Jugulis|Dark Pulse|p1a: Hiii Haiii :33\n|-resisted|p1a: Hiii Haiii :33\n|-damage|p1a: Hiii Haiii :33|85\/100\n|\n|-weather|Snow|[upkeep]\n|-heal|p1a: Hiii Haiii :33|91\/100|[from] item: Leftovers\n|upkeep\n|turn|3\n|\n|t:|1700447521\n|move|p2a: Iron Jugulis|Air Slash|p1a: Hiii Haiii :33\n|-damage|p1a: Hiii Haiii :33|61\/100\n|move|p1a: Hiii Haiii :33|Reflect|p1a: Hiii Haiii :33\n|-sidestart|p1: 4R4CH1S|Reflect\n|\n|-weather|Snow|[upkeep]\n|-heal|p1a: Hiii Haiii :33|67\/100|[from] item: Leftovers\n|upkeep\n|turn|4\n|\n|t:|1700447529\n|move|p2a: Iron Jugulis|Air Slash|p1a: Hiii Haiii :33\n|-damage|p1a: Hiii Haiii :33|39\/100\n|move|p1a: Hiii Haiii :33|Hyper Voice|p2a: Iron Jugulis\n|-supereffective|p2a: Iron Jugulis\n|-damage|p2a: Iron Jugulis|0 fnt\n|faint|p2a: Iron Jugulis\n|-end|p2a: Iron Jugulis|Quark Drive|[silent]\n|\n|-weather|Snow|[upkeep]\n|-heal|p1a: Hiii Haiii :33|45\/100|[from] item: Leftovers\n|upkeep\n|\n|t:|1700447539\n|switch|p2a: Eiscue|Eiscue, M|100\/100\n|turn|5\n|\n|t:|1700447549\n|move|p2a: Eiscue|Aurora Veil|p2a: Eiscue\n|-sidestart|p2: Catfries|move: Aurora Veil\n|move|p1a: Hiii Haiii :33|Hyper Voice|p2a: Eiscue\n|-damage|p2a: Eiscue|73\/100\n|\n|-weather|Snow|[upkeep]\n|-heal|p1a: Hiii Haiii :33|52\/100|[from] item: Leftovers\n|upkeep\n|turn|6\n|\n|t:|1700447577\n|move|p2a: Eiscue|Flip Turn|p1a: Hiii Haiii :33\n|-damage|p1a: Hiii Haiii :33|43\/100\n|\n|t:|1700447591\n|switch|p2a: Articuno|Articuno-Galar|100\/100|[from] Flip Turn\n|move|p1a: Hiii Haiii :33|Wish|p1a: Hiii Haiii :33\n|\n|-weather|Snow|[upkeep]\n|-heal|p1a: Hiii Haiii :33|49\/100|[from] item: Leftovers\n|upkeep\n|turn|7\n|\n|t:|1700447605\n|switch|p1a: Ballz 3D|Electrode-Hisui|100\/100\n|move|p2a: Articuno|Agility|p2a: Articuno\n|-boost|p2a: Articuno|spe|2\n|\n|-weather|Snow|[upkeep]\n|-sideend|p1: 4R4CH1S|Reflect\n|upkeep\n|turn|8\n|\n|t:|1700447617\n|-terastallize|p2a: Articuno|Fighting\n|move|p2a: Articuno|Calm Mind|p2a: Articuno\n|-boost|p2a: Articuno|spa|1\n|-boost|p2a: Articuno|spd|1\n|move|p1a: Ballz 3D|Thunder Wave|p2a: Articuno\n|-status|p2a: Articuno|par\n|\n|-weather|none\n|upkeep\n|turn|9\n|\n|t:|1700447631\n|switch|p1a: Weirdmageddon|Wyrdeer, M|100\/100\n|move|p2a: Articuno|Agility|p2a: Articuno\n|-boost|p2a: Articuno|spe|2\n|\n|upkeep\n|turn|10\n|\n|t:|1700447644\n|move|p2a: Articuno|Tera Blast|p1a: Weirdmageddon|[anim] Tera Blast Fighting\n|-damage|p1a: Weirdmageddon|60\/100\n|move|p1a: Weirdmageddon|Psyshield Bash|p2a: Articuno\n|-supereffective|p2a: Articuno\n|-damage|p2a: Articuno|62\/100 par\n|-boost|p1a: Weirdmageddon|def|1\n|\n|upkeep\n|turn|11\n|\n|t:|1700447653\n|move|p2a: Articuno|Tera Blast|p1a: Weirdmageddon|[anim] Tera Blast Fighting\n|-damage|p1a: Weirdmageddon|18\/100\n|move|p1a: Weirdmageddon|Psyshield Bash|p2a: Articuno\n|-supereffective|p2a: Articuno\n|-damage|p2a: Articuno|18\/100 par\n|-boost|p1a: Weirdmageddon|def|1\n|\n|upkeep\n|turn|12\n|\n|t:|1700447660\n|move|p2a: Articuno|Tera Blast|p1a: Weirdmageddon|[anim] Tera Blast Fighting\n|-damage|p1a: Weirdmageddon|0 fnt\n|faint|p1a: Weirdmageddon\n|\n|-sideend|p2: Catfries|move: Aurora Veil\n|upkeep\n|\n|t:|1700447665\n|switch|p1a: look@thisstupiddog|Houndstone, M|100\/100\n|turn|13\n|\n|t:|1700447670\n|move|p1a: look@thisstupiddog|Shadow Sneak|p2a: Articuno\n|-damage|p2a: Articuno|0 fnt\n|faint|p2a: Articuno\n|\n|upkeep\n|\n|t:|1700447691\n|switch|p2a: Beartic|Beartic, M|100\/100\n|turn|14\n|\n|t:|1700447695\n|move|p2a: Beartic|Trailblaze|p1a: look@thisstupiddog\n|-damage|p1a: look@thisstupiddog|90\/100\n|-boost|p2a: Beartic|spe|1\n|move|p1a: look@thisstupiddog|Memento|p2a: Beartic\n|-unboost|p2a: Beartic|atk|2\n|-unboost|p2a: Beartic|spa|2\n|faint|p1a: look@thisstupiddog\n|\n|upkeep\n|\n|t:|1700447703\n|switch|p1a: Gyatt!|Quaquaval, F|100\/100\n|turn|15\n|\n|t:|1700447714\n|switch|p2a: Eiscue|Eiscue, M|73\/100\n|move|p1a: Gyatt!|Bulk Up|p1a: Gyatt!\n|-boost|p1a: Gyatt!|atk|1\n|-boost|p1a: Gyatt!|def|1\n|\n|upkeep\n|turn|16\n|c|\u2606Catfries|zamn im fucked\n|\n|t:|1700447752\n|move|p1a: Gyatt!|Aqua Step|p2a: Eiscue\n|-activate|p2a: Eiscue|ability: Ice Face\n|-damage|p2a: Eiscue|73\/100\n|-boost|p1a: Gyatt!|spe|1\n|detailschange|p2a: Eiscue|Eiscue-Noice, M\n|move|p2a: Eiscue|Ice Spinner|p1a: Gyatt!\n|-resisted|p1a: Gyatt!\n|-damage|p1a: Gyatt!|89\/100\n|\n|-heal|p1a: Gyatt!|95\/100|[from] item: Leftovers\n|upkeep\n|turn|17\n|\n|t:|1700447764\n|move|p1a: Gyatt!|Aqua Step|p2a: Eiscue\n|-damage|p2a: Eiscue|0 fnt\n|-boost|p1a: Gyatt!|spe|1\n|faint|p2a: Eiscue\n|-ability|p1a: Gyatt!|Moxie|boost\n|-boost|p1a: Gyatt!|atk|1\n|\n|-heal|p1a: Gyatt!|100\/100|[from] item: Leftovers\n|upkeep\n|\n|t:|1700447775\n|switch|p2a: Slowking|Slowking-Galar, F|49\/100\n|turn|18\n|\n|t:|1700447778\n|move|p1a: Gyatt!|Knock Off|p2a: Slowking\n|-supereffective|p2a: Slowking\n|-damage|p2a: Slowking|0 fnt\n|-enditem|p2a: Slowking|Icy Rock|[from] move: Knock Off|[of] p1a: Gyatt!\n|faint|p2a: Slowking\n|-ability|p1a: Gyatt!|Moxie|boost\n|-boost|p1a: Gyatt!|atk|1\n|\n|upkeep\n|\n|t:|1700447786\n|switch|p2a: Beartic|Beartic, M|100\/100\n|turn|19\n|\n|t:|1700447790\n|move|p1a: Gyatt!|Brick Break|p2a: Beartic\n|-supereffective|p2a: Beartic\n|-damage|p2a: Beartic|0 fnt\n|faint|p2a: Beartic\n|-ability|p1a: Gyatt!|Moxie|boost\n|-boost|p1a: Gyatt!|atk|1\n|\n|upkeep\n|\n|t:|1700447797\n|switch|p2a: Arcanine|Arcanine-Hisui, M|100\/100\n|turn|20\n|c|\u2606Catfries|gg bestie\n|\n|t:|1700447802\n|move|p1a: Gyatt!|Aqua Step|p2a: Arcanine\n|-supereffective|p2a: Arcanine\n|-damage|p2a: Arcanine|0 fnt\n|-boost|p1a: Gyatt!|spe|1\n|faint|p2a: Arcanine\n|\n|win|4R4CH1S\n|c|\u26064R4CH1S|ggwp bestie\n","uploadtime":1700447825,"views":37,"p1id":"4r4ch1s","p2id":"catfries","formatid":"gen9ou","rating":0,"private":0,"password":""}