{"id":"gen9ou-1991559651","p1":"cringemansam","p2":"CyberH3","format":"[Gen 9] OU","log":"|j|\u2606cringemansam\n|j|\u2606CyberH3\n|t:|1700088363\n|gametype|singles\n|player|p1|cringemansam|2|1300\n|player|p2|CyberH3|mars|1242\n|teamsize|p1|6\n|teamsize|p2|6\n|gen|9\n|tier|[Gen 9] OU\n|rated|\n|rule|Sleep Clause Mod: Limit one foe put to sleep\n|rule|Species Clause: Limit one of each Pok\u00e9mon\n|rule|OHKO Clause: OHKO moves are banned\n|rule|Evasion Items Clause: Evasion items are banned\n|rule|Evasion Moves Clause: Evasion moves are banned\n|rule|Endless Battle Clause: Forcing endless battles is banned\n|rule|HP Percentage Mod: HP is shown in percentages\n|clearpoke\n|poke|p1|Alomomola, M|\n|poke|p1|Samurott-Hisui, F|\n|poke|p1|Ceruledge, M|\n|poke|p1|Great Tusk|\n|poke|p1|Gholdengo|\n|poke|p1|Landorus-Therian, M|\n|poke|p2|Goodra-Hisui, M|\n|poke|p2|Scizor, F|\n|poke|p2|Mimikyu, F|\n|poke|p2|Iron Valiant|\n|poke|p2|Talonflame, F|\n|poke|p2|Lokix, M|\n|teampreview\n|inactive|Battle timer is ON: inactive players will automatically lose when time's up. (requested by cringemansam)\n|\n|t:|1700088378\n|start\n|switch|p1a: Alomomola|Alomomola, M|100\/100\n|switch|p2a: Snailtare|Goodra-Hisui, M|100\/100\n|turn|1\n|\n|t:|1700088384\n|move|p2a: Snailtare|Draco Meteor|p1a: Alomomola\n|-damage|p1a: Alomomola|21\/100\n|-unboost|p2a: Snailtare|spa|2\n|move|p1a: Alomomola|Flip Turn|p2a: Snailtare\n|-resisted|p2a: Snailtare\n|-damage|p2a: Snailtare|93\/100\n|\n|t:|1700088389\n|switch|p1a: Ceruledge|Ceruledge, M|100\/100|[from] Flip Turn\n|\n|-heal|p2a: Snailtare|99\/100|[from] item: Leftovers\n|upkeep\n|turn|2\n|\n|t:|1700088394\n|switch|p2a: R-TRUS|Iron Valiant|100\/100\n|-enditem|p2a: R-TRUS|Booster Energy\n|-activate|p2a: R-TRUS|ability: Quark Drive|[fromitem]\n|-start|p2a: R-TRUS|quarkdrivespe\n|move|p1a: Ceruledge|Swords Dance|p1a: Ceruledge\n|-boost|p1a: Ceruledge|atk|2\n|\n|upkeep\n|turn|3\n|\n|t:|1700088402\n|move|p2a: R-TRUS|Encore|p1a: Ceruledge\n|-start|p1a: Ceruledge|Encore\n|move|p1a: Ceruledge|Swords Dance|p1a: Ceruledge\n|-boost|p1a: Ceruledge|atk|2\n|\n|upkeep\n|turn|4\n|\n|t:|1700088407\n|switch|p1a: Alomomola|Alomomola, M|54\/100\n|move|p2a: R-TRUS|Thunderbolt|p1a: Alomomola\n|-supereffective|p1a: Alomomola\n|-damage|p1a: Alomomola|0 fnt\n|faint|p1a: Alomomola\n|\n|upkeep\n|\n|t:|1700088417\n|switch|p1a: Gholdengo|Gholdengo|100\/100\n|-item|p1a: Gholdengo|Air Balloon\n|turn|5\n|\n|t:|1700088429\n|-end|p2a: R-TRUS|Quark Drive|[silent]\n|switch|p2a: The XO|Talonflame, F|100\/100\n|move|p1a: Gholdengo|Thunder Wave|p2a: The XO|[miss]\n|-miss|p1a: Gholdengo|p2a: The XO\n|\n|upkeep\n|turn|6\n|\n|t:|1700088439\n|move|p2a: The XO|Flare Blitz|p1a: Gholdengo\n|-supereffective|p1a: Gholdengo\n|-damage|p1a: Gholdengo|22\/100\n|-enditem|p1a: Gholdengo|Air Balloon\n|-damage|p2a: The XO|69\/100|[from] Recoil\n|move|p1a: Gholdengo|Thunder Wave|p2a: The XO\n|-status|p2a: The XO|par\n|\n|-heal|p2a: The XO|75\/100 par|[from] item: Leftovers\n|upkeep\n|turn|7\n|\n|t:|1700088448\n|move|p1a: Gholdengo|Recover|p1a: Gholdengo\n|-heal|p1a: Gholdengo|72\/100\n|move|p2a: The XO|Flare Blitz|p1a: Gholdengo\n|-supereffective|p1a: Gholdengo\n|-damage|p1a: Gholdengo|2\/100\n|-damage|p2a: The XO|47\/100 par|[from] Recoil\n|\n|-heal|p2a: The XO|53\/100 par|[from] item: Leftovers\n|upkeep\n|turn|8\n|\n|t:|1700088454\n|move|p1a: Gholdengo|Recover|p1a: Gholdengo\n|-heal|p1a: Gholdengo|52\/100\n|cant|p2a: The XO|par\n|\n|-heal|p2a: The XO|59\/100 par|[from] item: Leftovers\n|upkeep\n|turn|9\n|\n|t:|1700088461\n|switch|p2a: Snailtare|Goodra-Hisui, M|99\/100\n|move|p1a: Gholdengo|Make It Rain|p2a: Snailtare\n|-resisted|p2a: Snailtare\n|-damage|p2a: Snailtare|80\/100\n|-unboost|p1a: Gholdengo|spa|1\n|\n|-heal|p2a: Snailtare|86\/100|[from] item: Leftovers\n|upkeep\n|turn|10\n|\n|t:|1700088465\n|move|p1a: Gholdengo|Thunder Wave|p2a: Snailtare\n|-status|p2a: Snailtare|par\n|move|p2a: Snailtare|Flamethrower|p1a: Gholdengo\n|-supereffective|p1a: Gholdengo\n|-damage|p1a: Gholdengo|0 fnt\n|faint|p1a: Gholdengo\n|\n|-heal|p2a: Snailtare|92\/100 par|[from] item: Leftovers\n|upkeep\n|\n|t:|1700088474\n|switch|p1a: Samurott|Samurott-Hisui, F|100\/100\n|turn|11\n|\n|t:|1700088479\n|move|p1a: Samurott|Ceaseless Edge|p2a: Snailtare\n|-damage|p2a: Snailtare|42\/100 par\n|-sidestart|p2: CyberH3|Spikes\n|-damage|p1a: Samurott|91\/100|[from] item: Life Orb\n|move|p2a: Snailtare|Draco Meteor|p1a: Samurott\n|-damage|p1a: Samurott|0 fnt\n|-unboost|p2a: Snailtare|spa|2\n|faint|p1a: Samurott\n|\n|-heal|p2a: Snailtare|48\/100 par|[from] item: Leftovers\n|upkeep\n|\n|t:|1700088487\n|switch|p1a: Ceruledge|Ceruledge, M|100\/100\n|turn|12\n|\n|t:|1700088492\n|move|p1a: Ceruledge|Bitter Blade|p2a: Snailtare\n|-damage|p2a: Snailtare|8\/100 par\n|move|p2a: Snailtare|Draco Meteor|p1a: Ceruledge\n|-damage|p1a: Ceruledge|65\/100\n|-unboost|p2a: Snailtare|spa|2\n|\n|-heal|p2a: Snailtare|14\/100 par|[from] item: Leftovers\n|upkeep\n|turn|13\n|\n|t:|1700088502\n|switch|p2a: The XO|Talonflame, F|59\/100 par\n|move|p1a: Ceruledge|Swords Dance|p1a: Ceruledge\n|-boost|p1a: Ceruledge|atk|2\n|\n|-heal|p2a: The XO|65\/100 par|[from] item: Leftovers\n|upkeep\n|turn|14\n|\n|t:|1700088509\n|move|p1a: Ceruledge|Bitter Blade|p2a: The XO\n|-resisted|p2a: The XO\n|-damage|p2a: The XO|3\/100 par\n|-heal|p1a: Ceruledge|97\/100|[from] drain|[of] p2a: The XO\n|move|p2a: The XO|Brave Bird|p1a: Ceruledge\n|-damage|p1a: Ceruledge|35\/100\n|-ability|p1a: Ceruledge|Weak Armor|boost\n|-unboost|p1a: Ceruledge|def|1\n|-boost|p1a: Ceruledge|spe|2\n|-damage|p2a: The XO|0 fnt|[from] Recoil\n|faint|p2a: The XO\n|\n|upkeep\n|\n|t:|1700088516\n|switch|p2a: Morf LeRosh|Lokix, M|100\/100\n|-damage|p2a: Morf LeRosh|88\/100|[from] Spikes\n|turn|15\n|\n|t:|1700088520\n|move|p2a: Morf LeRosh|First Impression|p1a: Ceruledge\n|-resisted|p1a: Ceruledge\n|-damage|p1a: Ceruledge|0 fnt\n|faint|p1a: Ceruledge\n|-damage|p2a: Morf LeRosh|78\/100|[from] item: Life Orb\n|\n|upkeep\n|\n|t:|1700088524\n|switch|p1a: Landorus|Landorus-Therian, M|100\/100\n|-ability|p1a: Landorus|Intimidate|boost\n|-unboost|p2a: Morf LeRosh|atk|1\n|turn|16\n|\n|t:|1700088534\n|move|p2a: Morf LeRosh|Knock Off|p1a: Landorus\n|-damage|p1a: Landorus|68\/100\n|-enditem|p1a: Landorus|Assault Vest|[from] move: Knock Off|[of] p2a: Morf LeRosh\n|-damage|p2a: Morf LeRosh|68\/100|[from] item: Life Orb\n|move|p1a: Landorus|U-turn|p2a: Morf LeRosh\n|-supereffective|p2a: Morf LeRosh\n|-damage|p2a: Morf LeRosh|0 fnt\n|faint|p2a: Morf LeRosh\n|\n|t:|1700088537\n|switch|p1a: Great Tusk|Great Tusk|100\/100|[from] U-turn\n|\n|upkeep\n|\n|t:|1700088549\n|switch|p2a: OHAYOLLIE|Mimikyu, F|100\/100\n|-damage|p2a: OHAYOLLIE|88\/100|[from] Spikes\n|turn|17\n|\n|t:|1700088553\n|move|p2a: OHAYOLLIE|Swords Dance|p2a: OHAYOLLIE\n|-boost|p2a: OHAYOLLIE|atk|2\n|move|p1a: Great Tusk|Knock Off|p2a: OHAYOLLIE\n|-activate|p2a: OHAYOLLIE|ability: Disguise\n|-damage|p2a: OHAYOLLIE|88\/100\n|-enditem|p2a: OHAYOLLIE|Life Orb|[from] move: Knock Off|[of] p1a: Great Tusk\n|detailschange|p2a: OHAYOLLIE|Mimikyu-Busted, F\n|-damage|p2a: OHAYOLLIE|76\/100|[from] pokemon: Mimikyu-Busted\n|\n|upkeep\n|turn|18\n|\n|t:|1700088560\n|move|p2a: OHAYOLLIE|Play Rough|p1a: Great Tusk\n|-supereffective|p1a: Great Tusk\n|-damage|p1a: Great Tusk|4\/100\n|-unboost|p1a: Great Tusk|atk|1\n|move|p1a: Great Tusk|Headlong Rush|p2a: OHAYOLLIE\n|-damage|p2a: OHAYOLLIE|4\/100\n|-unboost|p1a: Great Tusk|def|1\n|-unboost|p1a: Great Tusk|spd|1\n|\n|upkeep\n|turn|19\n|c|\u2606cringemansam|hellfire\n|c|\u2606cringemansam|bad luck with that atk drop\n|c|\u2606cringemansam|oh well\n|c|\u2606CyberH3|true\n|inactive|cringemansam has 120 seconds left.\n|c|\u2606cringemansam|cest la vie(?)\n|\n|t:|1700088599\n|move|p2a: OHAYOLLIE|Drain Punch|p1a: Great Tusk\n|-damage|p1a: Great Tusk|0 fnt\n|-heal|p2a: OHAYOLLIE|7\/100|[from] drain|[of] p1a: Great Tusk\n|faint|p1a: Great Tusk\n|-end|p1a: Great Tusk|Protosynthesis|[silent]\n|\n|upkeep\n|\n|t:|1700088602\n|switch|p1a: Landorus|Landorus-Therian, M|68\/100\n|-ability|p1a: Landorus|Intimidate|boost\n|-unboost|p2a: OHAYOLLIE|atk|1\n|turn|20\n|\n|t:|1700088607\n|-terastallize|p2a: OHAYOLLIE|Ghost\n|move|p2a: OHAYOLLIE|Shadow Sneak|p1a: Landorus\n|-damage|p1a: Landorus|40\/100\n|move|p1a: Landorus|U-turn|p2a: OHAYOLLIE\n|-resisted|p2a: OHAYOLLIE\n|-damage|p2a: OHAYOLLIE|0 fnt\n|faint|p2a: OHAYOLLIE\n|\n|upkeep\n|\n|t:|1700088611\n|switch|p2a: Eat With Scissors|Scizor, F|100\/100\n|-damage|p2a: Eat With Scissors|88\/100|[from] Spikes\n|turn|21\n|\n|t:|1700088617\n|move|p2a: Eat With Scissors|Bullet Punch|p1a: Landorus\n|-damage|p1a: Landorus|0 fnt\n|faint|p1a: Landorus\n|-damage|p2a: Eat With Scissors|78\/100|[from] item: Life Orb\n|\n|win|CyberH3\n|raw|cringemansam's rating: 1300 &rarr; <strong>1271<\/strong><br \/>(-29 for losing)\n|raw|CyberH3's rating: 1242 &rarr; <strong>1271<\/strong><br \/>(+29 for winning)\n|c|\u2606CyberH3|gg\n","uploadtime":1700088624,"views":17,"p1id":"cringemansam","p2id":"cyberh3","formatid":"gen9ou","rating":1271,"private":0,"password":""}