{"id":"gen9ou-1994567560","p1":"MakeItGoodAgain","p2":"xbnfgdndf","format":"[Gen 9] OU","log":"|j|\u2606MakeItGoodAgain\n|j|\u2606xbnfgdndf\n|t:|1700461203\n|gametype|singles\n|player|p1|MakeItGoodAgain|1|1034\n|player|p2|xbnfgdndf|youngcouple|1000\n|teamsize|p1|6\n|teamsize|p2|6\n|gen|9\n|tier|[Gen 9] OU\n|rated|\n|rule|Sleep Clause Mod: Limit one foe put to sleep\n|rule|Species Clause: Limit one of each Pok\u00e9mon\n|rule|OHKO Clause: OHKO moves are banned\n|rule|Evasion Items Clause: Evasion items are banned\n|rule|Evasion Moves Clause: Evasion moves are banned\n|rule|Endless Battle Clause: Forcing endless battles is banned\n|rule|HP Percentage Mod: HP is shown in percentages\n|clearpoke\n|poke|p1|Ribombee, F|\n|poke|p1|Iron Moth|\n|poke|p1|Ogerpon-Wellspring, F|\n|poke|p1|Gholdengo|\n|poke|p1|Kingambit, M|\n|poke|p1|Ceruledge, M|\n|poke|p2|Landorus-Therian, M|\n|poke|p2|Arcanine-Hisui, M|\n|poke|p2|Corviknight, M|\n|poke|p2|Ogerpon-Wellspring, F|\n|poke|p2|Garchomp, F|\n|poke|p2|Thundurus-Therian, M|\n|teampreview\n|\n|t:|1700461216\n|start\n|switch|p1a: Ribombee|Ribombee, F|100\/100\n|switch|p2a: Thundurus|Thundurus-Therian, M|100\/100\n|turn|1\n|\n|t:|1700461223\n|move|p1a: Ribombee|Sticky Web|p2a: Thundurus\n|-sidestart|p2: xbnfgdndf|move: Sticky Web\n|move|p2a: Thundurus|Thunderbolt|p1a: Ribombee\n|-damage|p1a: Ribombee|13\/100\n|\n|upkeep\n|turn|2\n|\n|t:|1700461231\n|move|p1a: Ribombee|Stun Spore|p2a: Thundurus|[miss]\n|-miss|p1a: Ribombee|p2a: Thundurus\n|move|p2a: Thundurus|Thunderbolt|p1a: Ribombee\n|-damage|p1a: Ribombee|0 fnt\n|faint|p1a: Ribombee\n|\n|upkeep\n|\n|t:|1700461247\n|switch|p1a: Iron Moth|Iron Moth|100\/100\n|turn|3\n|\n|t:|1700461252\n|move|p1a: Iron Moth|Fiery Dance|p2a: Thundurus\n|-damage|p2a: Thundurus|41\/100\n|-boost|p1a: Iron Moth|spa|1\n|move|p2a: Thundurus|Volt Switch|p1a: Iron Moth\n|-damage|p1a: Iron Moth|58\/100\n|\n|t:|1700461259\n|switch|p2a: Landorus|Landorus-Therian, M|100\/100|[from] Volt Switch\n|-ability|p2a: Landorus|Intimidate|boost\n|-unboost|p1a: Iron Moth|atk|1\n|\n|upkeep\n|turn|4\n|\n|t:|1700461269\n|-terastallize|p1a: Iron Moth|Grass\n|move|p1a: Iron Moth|Fiery Dance|p2a: Landorus\n|-damage|p2a: Landorus|48\/100\n|-boost|p1a: Iron Moth|spa|1\n|move|p2a: Landorus|Earthquake|p1a: Iron Moth\n|-resisted|p1a: Iron Moth\n|-damage|p1a: Iron Moth|18\/100\n|\n|-heal|p2a: Landorus|54\/100|[from] item: Leftovers\n|upkeep\n|turn|5\n|\n|t:|1700461279\n|switch|p2a: Arcanine|Arcanine-Hisui, M|100\/100\n|-activate|p2a: Arcanine|move: Sticky Web\n|-unboost|p2a: Arcanine|spe|1\n|move|p1a: Iron Moth|Fiery Dance|p2a: Arcanine\n|-resisted|p2a: Arcanine\n|-damage|p2a: Arcanine|74\/100\n|-boost|p1a: Iron Moth|spa|1\n|\n|upkeep\n|turn|6\n|\n|t:|1700461288\n|-end|p1a: Iron Moth|Quark Drive|[silent]\n|switch|p1a: Ceruledge|Ceruledge, M|100\/100\n|move|p2a: Arcanine|Extreme Speed|p1a: Ceruledge\n|-immune|p1a: Ceruledge\n|\n|upkeep\n|turn|7\n|\n|t:|1700461296\n|switch|p2a: Ogerpon|Ogerpon-Wellspring, F|100\/100\n|-activate|p2a: Ogerpon|move: Sticky Web\n|-unboost|p2a: Ogerpon|spe|1\n|move|p1a: Ceruledge|Bulk Up|p1a: Ceruledge\n|-boost|p1a: Ceruledge|atk|1\n|-boost|p1a: Ceruledge|def|1\n|\n|upkeep\n|turn|8\n|\n|t:|1700461307\n|-terastallize|p2a: Ogerpon|Water\n|detailschange|p2a: Ogerpon|Ogerpon-Wellspring-Tera, F, tera:Water\n|-ability|p2a: Ogerpon|Embody Aspect (Wellspring)|boost\n|-boost|p2a: Ogerpon|spd|1\n|move|p1a: Ceruledge|Poltergeist|p2a: Ogerpon\n|-activate|p2a: Ogerpon|move: Poltergeist|Wellspring Mask\n|-damage|p2a: Ogerpon|0 fnt\n|faint|p2a: Ogerpon\n|\n|upkeep\n|l|\u2606xbnfgdndf\n|player|p2|\n|inactive|Battle timer is ON: inactive players will automatically lose when time's up. (requested by MakeItGoodAgain)\n|inactive|xbnfgdndf has 30 seconds to reconnect!\n|inactive|xbnfgdndf has 20 seconds to reconnect!\n|inactive|xbnfgdndf has 15 seconds to reconnect!\n|inactive|xbnfgdndf has 10 seconds to reconnect!\n|inactive|xbnfgdndf has 5 seconds to reconnect!\n|-message|xbnfgdndf lost due to inactivity.\n|\n|win|MakeItGoodAgain\n|raw|MakeItGoodAgain's rating: 1034 &rarr; <strong>1065<\/strong><br \/>(+31 for winning)\n|raw|xbnfgdndf's rating: 1000 &rarr; <strong>1000<\/strong><br \/>(+0 for losing)\n","uploadtime":1700461449,"views":11,"p1id":"makeitgoodagain","p2id":"xbnfgdndf","formatid":"gen9ou","rating":1000,"private":0,"password":""}