{"id":"gen9ou-1992967524","p1":"ReEnd Of A Dream","p2":"Hoot-hoot Shiny","format":"[Gen 9] OU","log":"|j|\u2606ReEnd Of A Dream\n|j|\u2606Hoot-hoot Shiny\n|inactive|Battle timer is ON: inactive players will automatically lose when time's up.\n|t:|1700251139\n|gametype|singles\n|player|p1|ReEnd Of A Dream|caitlin|\n|player|p2|Hoot-hoot Shiny|burglar|\n|teamsize|p1|6\n|teamsize|p2|6\n|gen|9\n|tier|[Gen 9] OU\n|rated|Tournament battle\n|rule|Sleep Clause Mod: Limit one foe put to sleep\n|rule|Species Clause: Limit one of each Pok\u00e9mon\n|rule|OHKO Clause: OHKO moves are banned\n|rule|Evasion Items Clause: Evasion items are banned\n|rule|Evasion Moves Clause: Evasion moves are banned\n|rule|Endless Battle Clause: Forcing endless battles is banned\n|rule|HP Percentage Mod: HP is shown in percentages\n|clearpoke\n|poke|p1|Zamazenta-*|\n|poke|p1|Enamorus, F|\n|poke|p1|Landorus-Therian, M|\n|poke|p1|Amoonguss, F|\n|poke|p1|Dragapult, M|\n|poke|p1|Alomomola, F|\n|poke|p2|Rotom-Wash|\n|poke|p2|Dragonite, M|\n|poke|p2|Garchomp, F|\n|poke|p2|Tyranitar, F|\n|poke|p2|Kingambit, F|\n|poke|p2|Iron Valiant|\n|teampreview\n|inactive|ReEnd Of A Dream also wants the timer to be on.\n|c|\u2606ReEnd Of A Dream|hf\n|j| xKSr\n|c|\u2606Hoot-hoot Shiny|hf boy scout\n|c|\u2606ReEnd Of A Dream|je rerereregarde cars\n|\n|t:|1700251163\n|start\n|switch|p1a: Enamorus|Enamorus, F|100\/100\n|switch|p2a: Dragonite|Dragonite, M|100\/100\n|turn|1\n|\n|t:|1700251170\n|switch|p1a: Alomomola|Alomomola, F|100\/100\n|-terastallize|p2a: Dragonite|Normal\n|move|p2a: Dragonite|Extreme Speed|p1a: Alomomola\n|-damage|p1a: Alomomola|64\/100\n|\n|upkeep\n|turn|2\n|c|\u2606Hoot-hoot Shiny|mdr\n|\n|t:|1700251177\n|switch|p2a: Garchomp|Garchomp, F|100\/100\n|move|p1a: Alomomola|Wish|p1a: Alomomola\n|\n|upkeep\n|turn|3\n|\n|t:|1700251182\n|switch|p2a: Dragonite|Dragonite, M, tera:Normal|100\/100\n|move|p1a: Alomomola|Scald|p2a: Dragonite\n|-damage|p2a: Dragonite|94\/100\n|-status|p2a: Dragonite|brn\n|\n|-heal|p1a: Alomomola|100\/100|[from] move: Wish|[wisher] Alomomola\n|-damage|p2a: Dragonite|87\/100 brn|[from] brn\n|upkeep\n|turn|4\n|c|\u2606ReEnd Of A Dream|mb\n|c|\u2606ReEnd Of A Dream|lol\n|\n|t:|1700251194\n|switch|p2a: Rotom|Rotom-Wash|100\/100\n|move|p1a: Alomomola|Flip Turn|p2a: Rotom\n|-resisted|p2a: Rotom\n|-damage|p2a: Rotom|89\/100\n|j| Bruhmirage\n|\n|t:|1700251201\n|switch|p1a: Dragapult|Dragapult, M, shiny|100\/100|[from] Flip Turn\n|\n|upkeep\n|turn|5\n|\n|t:|1700251204\n|move|p2a: Rotom|Volt Switch|p1a: Dragapult\n|-resisted|p1a: Dragapult\n|-damage|p1a: Dragapult|77\/100\n|\n|t:|1700251206\n|switch|p2a: Iron Valiant|Iron Valiant|100\/100|[from] Volt Switch\n|-enditem|p2a: Iron Valiant|Booster Energy\n|-activate|p2a: Iron Valiant|ability: Quark Drive|[fromitem]\n|-start|p2a: Iron Valiant|quarkdrivespe\n|move|p1a: Dragapult|U-turn|p2a: Iron Valiant\n|-resisted|p2a: Iron Valiant\n|-damage|p2a: Iron Valiant|89\/100\n|j|+ZOYOTTE\n|\n|t:|1700251214\n|switch|p1a: Amoonguss|Amoonguss, F|100\/100|[from] U-turn\n|\n|upkeep\n|turn|6\n|\n|t:|1700251216\n|-end|p2a: Iron Valiant|Quark Drive|[silent]\n|switch|p2a: Kingambit|Kingambit, F|100\/100\n|move|p1a: Amoonguss|Sludge Bomb|p2a: Kingambit\n|-immune|p2a: Kingambit\n|\n|upkeep\n|turn|7\n|\n|t:|1700251223\n|-end|p2a: Kingambit|fallenundefined|[silent]\n|switch|p2a: Dragonite|Dragonite, M, tera:Normal|87\/100 brn\n|move|p1a: Amoonguss|Spore||[still]\n|-fail|p1a: Amoonguss\n|\n|-damage|p2a: Dragonite|81\/100 brn|[from] brn\n|upkeep\n|turn|8\n|j| CaroOui\n|c| CaroOui|alllez hoot\n|c|\u2606Hoot-hoot Shiny|non c mort deja\n|\n|t:|1700251240\n|switch|p2a: Rotom|Rotom-Wash|89\/100\n|move|p1a: Amoonguss|Giga Drain|p2a: Rotom\n|-supereffective|p2a: Rotom\n|-damage|p2a: Rotom|34\/100\n|\n|upkeep\n|turn|9\n|c| CaroOui|a\n|c|\u2606Hoot-hoot Shiny|ptdrrrrrrr wtf\n|\n|t:|1700251252\n|move|p2a: Rotom|Trick|p1a: Amoonguss\n|-activate|p2a: Rotom|move: Trick|[of] p1a: Amoonguss\n|-item|p1a: Amoonguss|Choice Scarf|[from] move: Trick\n|-item|p2a: Rotom|Red Card|[from] move: Trick\n|move|p1a: Amoonguss|Giga Drain|p2a: Rotom\n|-supereffective|p2a: Rotom\n|-damage|p2a: Rotom|0 fnt\n|faint|p2a: Rotom\n|\n|upkeep\n|c|\u2606ReEnd Of A Dream|j'ai jou\u00e9 la m\u00eame team tout le tour\n|\n|t:|1700251263\n|switch|p2a: Kingambit|Kingambit, F|100\/100\n|-activate|p2a: Kingambit|ability: Supreme Overlord\n|-start|p2a: Kingambit|fallen1|[silent]\n|turn|10\n|\n|t:|1700251266\n|-end|p2a: Kingambit|fallen1|[silent]\n|switch|p2a: Garchomp|Garchomp, F|100\/100\n|switch|p1a: Landorus|Landorus-Therian, M|100\/100\n|-ability|p1a: Landorus|Intimidate|boost\n|-unboost|p2a: Garchomp|atk|1\n|\n|upkeep\n|turn|11\n|c|+ZOYOTTE|ah le rotom est pas av zut alors ^^'\n|\n|t:|1700251270\n|move|p2a: Garchomp|Stealth Rock|p1a: Landorus\n|-sidestart|p1: ReEnd Of A Dream|move: Stealth Rock\n|move|p1a: Landorus|Stealth Rock|p2a: Garchomp\n|-sidestart|p2: Hoot-hoot Shiny|move: Stealth Rock\n|\n|upkeep\n|turn|12\n|j|+kabila\u2026 POK!!! \u2605\u2605\u2605\n|\n|t:|1700251284\n|move|p2a: Garchomp|Draco Meteor|p1a: Landorus\n|-damage|p1a: Landorus|55\/100\n|-unboost|p2a: Garchomp|spa|2\n|move|p1a: Landorus|Grass Knot|p2a: Garchomp\n|-damage|p2a: Garchomp|83\/100\n|-damage|p1a: Landorus|43\/100|[from] ability: Rough Skin|[of] p2a: Garchomp\n|-damage|p1a: Landorus|27\/100|[from] item: Rocky Helmet|[of] p2a: Garchomp\n|\n|upkeep\n|turn|13\n|c|+kabila\u2026 POK!!! \u2605\u2605\u2605|^^\n|\n|t:|1700251294\n|switch|p1a: Amoonguss|Amoonguss, F|100\/100\n|-damage|p1a: Amoonguss|88\/100|[from] Stealth Rock\n|move|p2a: Garchomp|Draco Meteor|p1a: Amoonguss\n|-damage|p1a: Amoonguss|69\/100\n|-unboost|p2a: Garchomp|spa|2\n|\n|upkeep\n|turn|14\n|\n|t:|1700251308\n|switch|p2a: Kingambit|Kingambit, F|100\/100\n|-damage|p2a: Kingambit|94\/100|[from] Stealth Rock\n|-activate|p2a: Kingambit|ability: Supreme Overlord\n|-start|p2a: Kingambit|fallen1|[silent]\n|move|p1a: Amoonguss|Spore|p2a: Kingambit\n|-status|p2a: Kingambit|slp|[from] move: Spore\n|\n|upkeep\n|turn|15\n|\n|t:|1700251317\n|-end|p2a: Kingambit|fallen1|[silent]\n|switch|p2a: Iron Valiant|Iron Valiant|89\/100\n|-damage|p2a: Iron Valiant|83\/100|[from] Stealth Rock\n|switch|p1a: Landorus|Landorus-Therian, M|27\/100\n|-damage|p1a: Landorus|14\/100|[from] Stealth Rock\n|-ability|p1a: Landorus|Intimidate|boost\n|-unboost|p2a: Iron Valiant|atk|1\n|\n|upkeep\n|turn|16\n|l| CaroOui\n|\n|t:|1700251320\n|move|p2a: Iron Valiant|Moonblast|p1a: Landorus\n|-damage|p1a: Landorus|0 fnt\n|faint|p1a: Landorus\n|\n|upkeep\n|\n|t:|1700251326\n|switch|p1a: Enamorus|Enamorus, F|100\/100\n|-damage|p1a: Enamorus|76\/100|[from] Stealth Rock\n|turn|17\n|\n|t:|1700251333\n|move|p1a: Enamorus|Moonblast|p2a: Iron Valiant\n|-supereffective|p2a: Iron Valiant\n|-damage|p2a: Iron Valiant|0 fnt\n|faint|p2a: Iron Valiant\n|-end|p2a: Iron Valiant|Quark Drive|[silent]\n|\n|upkeep\n|\n|t:|1700251336\n|switch|p2a: Tyranitar|Tyranitar, F|100\/100\n|-damage|p2a: Tyranitar|88\/100|[from] Stealth Rock\n|-weather|Sandstorm|[from] ability: Sand Stream|[of] p2a: Tyranitar\n|turn|18\n|\n|t:|1700251342\n|switch|p1a: Zamazenta|Zamazenta|100\/100\n|-damage|p1a: Zamazenta|94\/100|[from] Stealth Rock\n|-ability|p1a: Zamazenta|Dauntless Shield|boost\n|-boost|p1a: Zamazenta|def|1\n|move|p2a: Tyranitar|Knock Off|p1a: Zamazenta\n|-resisted|p1a: Zamazenta\n|-damage|p1a: Zamazenta|81\/100\n|-enditem|p1a: Zamazenta|Leftovers|[from] move: Knock Off|[of] p2a: Tyranitar\n|\n|-weather|Sandstorm|[upkeep]\n|-damage|p1a: Zamazenta|75\/100|[from] Sandstorm\n|upkeep\n|turn|19\n|j| Kindyy\n|\n|t:|1700251350\n|switch|p2a: Garchomp|Garchomp, F|83\/100\n|-damage|p2a: Garchomp|77\/100|[from] Stealth Rock\n|move|p1a: Zamazenta|Iron Defense|p1a: Zamazenta\n|-boost|p1a: Zamazenta|def|2\n|\n|-weather|Sandstorm|[upkeep]\n|-damage|p1a: Zamazenta|69\/100|[from] Sandstorm\n|upkeep\n|turn|20\n|\n|t:|1700251353\n|move|p1a: Zamazenta|Body Press|p2a: Garchomp\n|-damage|p2a: Garchomp|18\/100\n|-damage|p1a: Zamazenta|57\/100|[from] ability: Rough Skin|[of] p2a: Garchomp\n|-damage|p1a: Zamazenta|40\/100|[from] item: Rocky Helmet|[of] p2a: Garchomp\n|move|p2a: Garchomp|Earth Power|p1a: Zamazenta\n|-damage|p1a: Zamazenta|18\/100\n|-unboost|p1a: Zamazenta|spd|1\n|\n|-weather|Sandstorm|[upkeep]\n|-damage|p1a: Zamazenta|12\/100|[from] Sandstorm\n|upkeep\n|turn|21\n|\n|t:|1700251356\n|move|p1a: Zamazenta|Body Press|p2a: Garchomp\n|-damage|p2a: Garchomp|0 fnt\n|-damage|p1a: Zamazenta|0 fnt|[from] ability: Rough Skin|[of] p2a: Garchomp\n|faint|p2a: Garchomp\n|faint|p1a: Zamazenta\n|\n|-weather|Sandstorm|[upkeep]\n|upkeep\n|\n|t:|1700251364\n|switch|p1a: Dragapult|Dragapult, M, shiny|77\/100\n|switch|p2a: Tyranitar|Tyranitar, F|88\/100\n|-damage|p1a: Dragapult|65\/100|[from] Stealth Rock\n|-damage|p2a: Tyranitar|76\/100|[from] Stealth Rock\n|turn|22\n|\n|t:|1700251374\n|switch|p2a: Dragonite|Dragonite, M, tera:Normal|81\/100 brn\n|-damage|p2a: Dragonite|69\/100 brn|[from] Stealth Rock\n|-terastallize|p1a: Dragapult|Fairy\n|move|p1a: Dragapult|Tera Blast|p2a: Dragonite|[anim] Tera Blast Fairy\n|-damage|p2a: Dragonite|2\/100 brn\n|\n|-weather|none\n|-damage|p2a: Dragonite|0 fnt|[from] brn\n|faint|p2a: Dragonite\n|upkeep\n|\n|t:|1700251381\n|switch|p2a: Kingambit|Kingambit, F|94\/100 slp\n|-damage|p2a: Kingambit|88\/100 slp|[from] Stealth Rock\n|-activate|p2a: Kingambit|ability: Supreme Overlord\n|-start|p2a: Kingambit|fallen4|[silent]\n|turn|23\n|\n|t:|1700251388\n|move|p1a: Dragapult|Tera Blast|p2a: Kingambit|[anim] Tera Blast Fairy\n|-damage|p2a: Kingambit|40\/100 slp\n|cant|p2a: Kingambit|slp\n|\n|upkeep\n|turn|24\n|\n|t:|1700251395\n|switch|p1a: Alomomola|Alomomola, F|100\/100\n|cant|p2a: Kingambit|slp\n|\n|upkeep\n|turn|25\n|\n|t:|1700251401\n|cant|p2a: Kingambit|slp\n|move|p1a: Alomomola|Scald|p2a: Kingambit\n|-damage|p2a: Kingambit|30\/100 slp\n|\n|upkeep\n|turn|26\n|l| Bruhmirage\n|\n|t:|1700251408\n|-curestatus|p2a: Kingambit|slp|[msg]\n|move|p2a: Kingambit|Kowtow Cleave|p1a: Alomomola\n|-damage|p1a: Alomomola|64\/100\n|move|p1a: Alomomola|Scald|p2a: Kingambit\n|-damage|p2a: Kingambit|19\/100\n|\n|upkeep\n|turn|27\n|j| Zenadark\n|\n|t:|1700251415\n|move|p2a: Kingambit|Kowtow Cleave|p1a: Alomomola\n|-damage|p1a: Alomomola|27\/100\n|move|p1a: Alomomola|Scald|p2a: Kingambit\n|-damage|p2a: Kingambit|8\/100\n|\n|upkeep\n|turn|28\n|\n|t:|1700251419\n|switch|p1a: Amoonguss|Amoonguss, F|100\/100\n|-damage|p1a: Amoonguss|88\/100|[from] Stealth Rock\n|move|p2a: Kingambit|Kowtow Cleave|p1a: Amoonguss\n|-crit|p1a: Amoonguss\n|-damage|p1a: Amoonguss|12\/100\n|\n|upkeep\n|turn|29\n|\n|t:|1700251427\n|move|p2a: Kingambit|Iron Head|p1a: Amoonguss\n|-damage|p1a: Amoonguss|0 fnt\n|faint|p1a: Amoonguss\n|\n|upkeep\n|\n|t:|1700251431\n|switch|p1a: Alomomola|Alomomola, F|60\/100\n|turn|30\n|\n|t:|1700251448\n|-end|p2a: Kingambit|fallen4|[silent]\n|switch|p2a: Tyranitar|Tyranitar, F|76\/100\n|-damage|p2a: Tyranitar|64\/100|[from] Stealth Rock\n|-weather|Sandstorm|[from] ability: Sand Stream|[of] p2a: Tyranitar\n|move|p1a: Alomomola|Wish|p1a: Alomomola\n|\n|-weather|Sandstorm|[upkeep]\n|-damage|p1a: Alomomola|54\/100|[from] Sandstorm\n|upkeep\n|turn|31\n|\n|t:|1700251453\n|move|p1a: Alomomola|Protect|p1a: Alomomola\n|-singleturn|p1a: Alomomola|Protect\n|move|p2a: Tyranitar|Knock Off|p1a: Alomomola\n|-activate|p1a: Alomomola|move: Protect\n|\n|-weather|Sandstorm|[upkeep]\n|-damage|p1a: Alomomola|48\/100|[from] Sandstorm\n|-heal|p1a: Alomomola|98\/100|[from] move: Wish|[wisher] Alomomola\n|upkeep\n|turn|32\n|\n|t:|1700251460\n|move|p2a: Tyranitar|Stone Edge|p1a: Alomomola\n|-damage|p1a: Alomomola|70\/100\n|move|p1a: Alomomola|Wish|p1a: Alomomola\n|\n|-weather|Sandstorm|[upkeep]\n|-damage|p1a: Alomomola|64\/100|[from] Sandstorm\n|upkeep\n|turn|33\n|\n|t:|1700251463\n|move|p2a: Tyranitar|Knock Off|p1a: Alomomola\n|-crit|p1a: Alomomola\n|-damage|p1a: Alomomola|24\/100\n|-enditem|p1a: Alomomola|Heavy-Duty Boots|[from] move: Knock Off|[of] p2a: Tyranitar\n|move|p1a: Alomomola|Flip Turn|p2a: Tyranitar\n|-supereffective|p2a: Tyranitar\n|-damage|p2a: Tyranitar|34\/100\n|\n|t:|1700251467\n|switch|p1a: Dragapult|Dragapult, M, shiny, tera:Fairy|65\/100|[from] Flip Turn\n|-damage|p1a: Dragapult|53\/100|[from] Stealth Rock\n|\n|-weather|Sandstorm|[upkeep]\n|-damage|p1a: Dragapult|47\/100|[from] Sandstorm\n|-heal|p1a: Dragapult|100\/100|[from] move: Wish|[wisher] Alomomola\n|upkeep\n|turn|34\n|\n|t:|1700251477\n|move|p1a: Dragapult|Tera Blast|p2a: Tyranitar|[anim] Tera Blast Fairy\n|-supereffective|p2a: Tyranitar\n|-damage|p2a: Tyranitar|0 fnt\n|faint|p2a: Tyranitar\n|\n|-weather|none\n|upkeep\n|\n|t:|1700251480\n|switch|p2a: Kingambit|Kingambit, F|8\/100\n|-damage|p2a: Kingambit|2\/100|[from] Stealth Rock\n|-activate|p2a: Kingambit|ability: Supreme Overlord\n|-start|p2a: Kingambit|fallen5|[silent]\n|turn|35\n|\n|t:|1700251486\n|move|p2a: Kingambit|Sucker Punch|p1a: Dragapult\n|-resisted|p1a: Dragapult\n|-damage|p1a: Dragapult|59\/100\n|move|p1a: Dragapult|Tera Blast|p2a: Kingambit|[anim] Tera Blast Fairy\n|-damage|p2a: Kingambit|0 fnt\n|faint|p2a: Kingambit\n|-end|p2a: Kingambit|fallen5|[silent]\n|\n|win|ReEnd Of A Dream\n|n|\u2606ReEnd Of A Dream|reendofadream\n|n|\u2606Hoot-hoot Shiny|hoothootshiny\n|n| xKSr|xksr\n|n| ZOYOTTE|zoyotte\n|n| kabila\u2026 POK!!! \u2605\u2605\u2605|kabilapok\n|n| Kindyy|kindyy\n|n| Zenadark|zenadark\n","uploadtime":1700251495,"views":10,"p1id":"reendofadream","p2id":"hoothootshiny","formatid":"gen9ou","rating":0,"private":0,"password":""}