{"id":"gen9ou-1988498201","p1":"Syph0n_78","p2":"Deaxthzsx","format":"[Gen 9] OU","log":"|j|\u2606Syph0n_78\n|j|\u2606Deaxthzsx\n|t:|1699729376\n|gametype|singles\n|player|p1|Syph0n_78|266|1177\n|player|p2|Deaxthzsx|brycen|1123\n|teamsize|p1|6\n|teamsize|p2|6\n|gen|9\n|tier|[Gen 9] OU\n|rated|\n|rule|Sleep Clause Mod: Limit one foe put to sleep\n|rule|Species Clause: Limit one of each Pok\u00e9mon\n|rule|OHKO Clause: OHKO moves are banned\n|rule|Evasion Items Clause: Evasion items are banned\n|rule|Evasion Moves Clause: Evasion moves are banned\n|rule|Endless Battle Clause: Forcing endless battles is banned\n|rule|HP Percentage Mod: HP is shown in percentages\n|clearpoke\n|poke|p1|Kommo-o, F|\n|poke|p1|Pelipper, M|\n|poke|p1|Milotic, F|\n|poke|p1|Vikavolt, M|\n|poke|p1|Gliscor, F|\n|poke|p1|Gholdengo|\n|poke|p2|Polteageist|\n|poke|p2|Zangoose, M|\n|poke|p2|Kingambit, F|\n|poke|p2|Toxapex, F|\n|poke|p2|Breloom, F|\n|poke|p2|Hoopa-Unbound|\n|teampreview\n|\n|t:|1699729390\n|start\n|switch|p1a: Gliscor|Gliscor, F|100\/100\n|switch|p2a: Polteageist|Polteageist|100\/100\n|turn|1\n|\n|t:|1699729396\n|move|p2a: Polteageist|Shell Smash|p2a: Polteageist\n|-unboost|p2a: Polteageist|def|1\n|-unboost|p2a: Polteageist|spd|1\n|-boost|p2a: Polteageist|atk|2\n|-boost|p2a: Polteageist|spa|2\n|-boost|p2a: Polteageist|spe|2\n|move|p1a: Gliscor|Knock Off|p2a: Polteageist\n|-supereffective|p2a: Polteageist\n|-enditem|p2a: Polteageist|Focus Sash\n|-damage|p2a: Polteageist|1\/100\n|-ability|p2a: Polteageist|Weak Armor|boost\n|-unboost|p2a: Polteageist|def|1\n|-boost|p2a: Polteageist|spe|2\n|\n|-status|p1a: Gliscor|tox|[from] item: Toxic Orb\n|upkeep\n|turn|2\n|\n|t:|1699729410\n|move|p1a: Gliscor|Protect|p1a: Gliscor\n|-singleturn|p1a: Gliscor|Protect\n|move|p2a: Polteageist|Stored Power|p1a: Gliscor\n|-activate|p1a: Gliscor|move: Protect\n|\n|upkeep\n|turn|3\n|\n|t:|1699729429\n|switch|p1a: Milotic|Milotic, F|100\/100\n|move|p2a: Polteageist|Stored Power|p1a: Milotic\n|-damage|p1a: Milotic|7\/100\n|\n|-heal|p1a: Milotic|13\/100|[from] item: Leftovers\n|upkeep\n|turn|4\n|c|\u2606Syph0n_78|oh\/\n|\n|t:|1699729446\n|move|p2a: Polteageist|Stored Power|p1a: Milotic\n|-damage|p1a: Milotic|0 fnt\n|faint|p1a: Milotic\n|\n|upkeep\n|inactive|Battle timer is ON: inactive players will automatically lose when time's up. (requested by Deaxthzsx)\n|\n|t:|1699729488\n|switch|p1a: Kommo-o|Kommo-o, F|100\/100\n|turn|5\n|\n|t:|1699729494\n|-terastallize|p1a: Kommo-o|Steel\n|move|p2a: Polteageist|Stored Power|p1a: Kommo-o\n|-resisted|p1a: Kommo-o\n|-damage|p1a: Kommo-o|35\/100\n|move|p1a: Kommo-o|Flash Cannon|p2a: Polteageist\n|-damage|p2a: Polteageist|0 fnt\n|faint|p2a: Polteageist\n|\n|-heal|p1a: Kommo-o|41\/100|[from] item: Leftovers\n|upkeep\n|\n|t:|1699729507\n|switch|p2a: Hoopa|Hoopa-Unbound|100\/100\n|turn|6\n|\n|t:|1699729514\n|move|p1a: Kommo-o|Clanging Scales|p2a: Hoopa\n|-damage|p2a: Hoopa|54\/100\n|-unboost|p1a: Kommo-o|def|1\n|move|p2a: Hoopa|Drain Punch|p1a: Kommo-o\n|-supereffective|p1a: Kommo-o\n|-damage|p1a: Kommo-o|0 fnt\n|-heal|p2a: Hoopa|74\/100|[from] drain|[of] p1a: Kommo-o\n|faint|p1a: Kommo-o\n|\n|upkeep\n|\n|t:|1699729526\n|switch|p1a: Vikavolt|Vikavolt, M|100\/100\n|turn|7\n|\n|t:|1699729531\n|switch|p2a: Breloom|Breloom, F|100\/100\n|move|p1a: Vikavolt|Sticky Web|p2a: Breloom\n|-sidestart|p2: Deaxthzsx|move: Sticky Web\n|\n|upkeep\n|turn|8\n|\n|t:|1699729543\n|switch|p1a: Pelipper|Pelipper, M|100\/100\n|-weather|RainDance|[from] ability: Drizzle|[of] p1a: Pelipper\n|move|p2a: Breloom|Bullet Seed|p1a: Pelipper\n|-damage|p1a: Pelipper|68\/100\n|-damage|p1a: Pelipper|35\/100\n|-hitcount|p1a: Pelipper|2\n|\n|-weather|RainDance|[upkeep]\n|upkeep\n|turn|9\n|\n|t:|1699729559\n|switch|p1a: Gholdengo|Gholdengo|100\/100\n|move|p2a: Breloom|Bullet Seed|p1a: Gholdengo\n|-resisted|p1a: Gholdengo\n|-crit|p1a: Gholdengo\n|-damage|p1a: Gholdengo|75\/100\n|-resisted|p1a: Gholdengo\n|-damage|p1a: Gholdengo|55\/100\n|-resisted|p1a: Gholdengo\n|-damage|p1a: Gholdengo|36\/100\n|-resisted|p1a: Gholdengo\n|-damage|p1a: Gholdengo|19\/100\n|-resisted|p1a: Gholdengo\n|-damage|p1a: Gholdengo|0 fnt\n|faint|p1a: Gholdengo\n|-hitcount|p1: Gholdengo|5\n|\n|-weather|RainDance|[upkeep]\n|upkeep\n|\n|t:|1699729575\n|switch|p1a: Vikavolt|Vikavolt, M|100\/100\n|turn|10\n|\n|t:|1699729578\n|move|p2a: Breloom|Bullet Seed|p1a: Vikavolt\n|-resisted|p1a: Vikavolt\n|-damage|p1a: Vikavolt|84\/100\n|-resisted|p1a: Vikavolt\n|-damage|p1a: Vikavolt|68\/100\n|-resisted|p1a: Vikavolt\n|-damage|p1a: Vikavolt|50\/100\n|-hitcount|p1a: Vikavolt|3\n|move|p1a: Vikavolt|Bug Buzz|p2a: Breloom\n|-crit|p2a: Breloom\n|-damage|p2a: Breloom|0 fnt\n|faint|p2a: Breloom\n|-damage|p1a: Vikavolt|40\/100|[from] item: Life Orb\n|\n|-weather|RainDance|[upkeep]\n|upkeep\n|\n|t:|1699729595\n|switch|p2a: Zangoose|Zangoose, M|100\/100\n|-activate|p2a: Zangoose|move: Sticky Web\n|-unboost|p2a: Zangoose|spe|1\n|turn|11\n|\n|t:|1699729603\n|move|p2a: Zangoose|Swords Dance|p2a: Zangoose\n|-boost|p2a: Zangoose|atk|2\n|move|p1a: Vikavolt|Thunder|p2a: Zangoose\n|-damage|p2a: Zangoose|0 fnt\n|faint|p2a: Zangoose\n|-damage|p1a: Vikavolt|31\/100|[from] item: Life Orb\n|\n|-weather|RainDance|[upkeep]\n|upkeep\n|\n|t:|1699729615\n|switch|p2a: Hoopa|Hoopa-Unbound|74\/100\n|-activate|p2a: Hoopa|move: Sticky Web\n|-unboost|p2a: Hoopa|spe|1\n|turn|12\n|\n|t:|1699729625\n|move|p2a: Hoopa|Hyperspace Fury|p1a: Vikavolt\n|-damage|p1a: Vikavolt|0 fnt\n|-unboost|p2a: Hoopa|def|1\n|faint|p1a: Vikavolt\n|\n|-weather|RainDance|[upkeep]\n|upkeep\n|\n|t:|1699729637\n|switch|p1a: Gliscor|Gliscor, F|100\/100 tox\n|turn|13\n|\n|t:|1699729642\n|move|p1a: Gliscor|Knock Off|p2a: Hoopa\n|-damage|p2a: Hoopa|0 fnt\n|-enditem|p2a: Hoopa|Choice Band|[from] move: Knock Off|[of] p1a: Gliscor\n|faint|p2a: Hoopa\n|\n|-weather|RainDance|[upkeep]\n|upkeep\n|\n|t:|1699729651\n|switch|p2a: Toxapex|Toxapex, F|100\/100\n|-activate|p2a: Toxapex|move: Sticky Web\n|-unboost|p2a: Toxapex|spe|1\n|turn|14\n|\n|t:|1699729656\n|move|p1a: Gliscor|Earthquake|p2a: Toxapex\n|-supereffective|p2a: Toxapex\n|-damage|p2a: Toxapex|49\/100\n|move|p2a: Toxapex|Surf|p1a: Gliscor\n|-supereffective|p1a: Gliscor\n|-damage|p1a: Gliscor|24\/100 tox\n|\n|-weather|RainDance|[upkeep]\n|-heal|p2a: Toxapex|55\/100|[from] item: Leftovers\n|-heal|p1a: Gliscor|36\/100 tox|[from] ability: Poison Heal\n|upkeep\n|turn|15\n|\n|t:|1699729670\n|move|p1a: Gliscor|Protect|p1a: Gliscor\n|-singleturn|p1a: Gliscor|Protect\n|move|p2a: Toxapex|Surf|p1a: Gliscor\n|-activate|p1a: Gliscor|move: Protect\n|\n|-weather|none\n|-heal|p2a: Toxapex|62\/100|[from] item: Leftovers\n|-heal|p1a: Gliscor|48\/100 tox|[from] ability: Poison Heal\n|upkeep\n|turn|16\n|\n|t:|1699729679\n|switch|p1a: Pelipper|Pelipper, M|35\/100\n|-weather|RainDance|[from] ability: Drizzle|[of] p1a: Pelipper\n|move|p2a: Toxapex|Surf|p1a: Pelipper\n|-resisted|p1a: Pelipper\n|-damage|p1a: Pelipper|13\/100\n|\n|-weather|RainDance|[upkeep]\n|-heal|p2a: Toxapex|68\/100|[from] item: Leftovers\n|upkeep\n|turn|17\n|\n|t:|1699729692\n|-terastallize|p2a: Toxapex|Steel\n|move|p1a: Pelipper|Roost|p1a: Pelipper\n|-heal|p1a: Pelipper|63\/100\n|-singleturn|p1a: Pelipper|move: Roost\n|move|p2a: Toxapex|Haze|p2a: Toxapex\n|-clearallboost\n|\n|-weather|RainDance|[upkeep]\n|-heal|p2a: Toxapex|74\/100|[from] item: Leftovers\n|upkeep\n|turn|18\n|\n|t:|1699729703\n|move|p1a: Pelipper|Roost|p1a: Pelipper\n|-heal|p1a: Pelipper|100\/100\n|-singleturn|p1a: Pelipper|move: Roost\n|move|p2a: Toxapex|Surf|p1a: Pelipper\n|-resisted|p1a: Pelipper\n|-damage|p1a: Pelipper|78\/100\n|\n|-weather|RainDance|[upkeep]\n|-heal|p2a: Toxapex|80\/100|[from] item: Leftovers\n|upkeep\n|turn|19\n|\n|t:|1699729715\n|move|p1a: Pelipper|Surf|p2a: Toxapex\n|-damage|p2a: Toxapex|28\/100\n|move|p2a: Toxapex|Toxic|p1a: Pelipper\n|-status|p1a: Pelipper|tox\n|\n|-weather|RainDance|[upkeep]\n|-heal|p2a: Toxapex|34\/100|[from] item: Leftovers\n|-damage|p1a: Pelipper|72\/100 tox|[from] psn\n|upkeep\n|turn|20\n|\n|t:|1699729726\n|move|p1a: Pelipper|Surf|p2a: Toxapex\n|-damage|p2a: Toxapex|0 fnt\n|faint|p2a: Toxapex\n|\n|-weather|RainDance|[upkeep]\n|-damage|p1a: Pelipper|60\/100 tox|[from] psn\n|upkeep\n|\n|t:|1699729732\n|switch|p2a: Kingambit|Kingambit, F|100\/100\n|-activate|p2a: Kingambit|move: Sticky Web\n|-unboost|p2a: Kingambit|spe|1\n|-activate|p2a: Kingambit|ability: Supreme Overlord\n|-start|p2a: Kingambit|fallen5|[silent]\n|turn|21\n|\n|t:|1699729741\n|move|p2a: Kingambit|Sucker Punch||[still]\n|-fail|p2a: Kingambit\n|move|p1a: Pelipper|Roost|p1a: Pelipper\n|-heal|p1a: Pelipper|100\/100 tox\n|-singleturn|p1a: Pelipper|move: Roost\n|\n|-weather|RainDance|[upkeep]\n|-damage|p1a: Pelipper|82\/100 tox|[from] psn\n|upkeep\n|turn|22\n|\n|t:|1699729751\n|move|p1a: Pelipper|Surf|p2a: Kingambit\n|-damage|p2a: Kingambit|36\/100\n|move|p2a: Kingambit|Kowtow Cleave|p1a: Pelipper\n|-damage|p1a: Pelipper|3\/100 tox\n|\n|-weather|RainDance|[upkeep]\n|-heal|p2a: Kingambit|42\/100|[from] item: Leftovers\n|-damage|p1a: Pelipper|0 fnt|[from] psn\n|faint|p1a: Pelipper\n|upkeep\n|\n|t:|1699729760\n|switch|p1a: Gliscor|Gliscor, F|48\/100 tox\n|turn|23\n|\n|t:|1699729765\n|move|p1a: Gliscor|Protect|p1a: Gliscor\n|-singleturn|p1a: Gliscor|Protect\n|move|p2a: Kingambit|Sucker Punch||[still]\n|-fail|p2a: Kingambit\n|\n|-weather|none\n|-heal|p2a: Kingambit|48\/100|[from] item: Leftovers\n|-heal|p1a: Gliscor|61\/100 tox|[from] ability: Poison Heal\n|upkeep\n|turn|24\n|\n|t:|1699729773\n|move|p1a: Gliscor|Protect|p1a: Gliscor\n|-singleturn|p1a: Gliscor|Protect\n|move|p2a: Kingambit|Sucker Punch||[still]\n|-fail|p2a: Kingambit\n|\n|-heal|p2a: Kingambit|54\/100|[from] item: Leftovers\n|-heal|p1a: Gliscor|73\/100 tox|[from] ability: Poison Heal\n|upkeep\n|turn|25\n|\n|t:|1699729783\n|move|p2a: Kingambit|Sucker Punch|p1a: Gliscor\n|-damage|p1a: Gliscor|27\/100 tox\n|move|p1a: Gliscor|Earthquake|p2a: Kingambit\n|-supereffective|p2a: Kingambit\n|-damage|p2a: Kingambit|0 fnt\n|faint|p2a: Kingambit\n|-end|p2a: Kingambit|fallen5|[silent]\n|\n|win|Syph0n_78\n|raw|Syph0n_78's rating: 1177 &rarr; <strong>1198<\/strong><br \/>(+21 for winning)\n|raw|Deaxthzsx's rating: 1123 &rarr; <strong>1102<\/strong><br \/>(-21 for losing)\n|l|\u2606Deaxthzsx\n|c|\u2606Syph0n_78|Gliscor got me\n","uploadtime":1699729805,"views":35,"p1id":"syph0n78","p2id":"deaxthzsx","formatid":"gen9ou","rating":1102,"private":0,"password":""}