{"id":"gen9ou-1989156564","p1":"8thjim","p2":"lil EDDY","format":"[Gen 9] OU","log":"|j|\u26068thjim\n|j|\u2606lil EDDY\n|t:|1699818233\n|gametype|singles\n|player|p1|8thjim|raihan|1658\n|player|p2|lil EDDY|hiker-gen2|1562\n|teamsize|p1|6\n|teamsize|p2|6\n|gen|9\n|tier|[Gen 9] OU\n|rated|\n|rule|Sleep Clause Mod: Limit one foe put to sleep\n|rule|Species Clause: Limit one of each Pok\u00e9mon\n|rule|OHKO Clause: OHKO moves are banned\n|rule|Evasion Items Clause: Evasion items are banned\n|rule|Evasion Moves Clause: Evasion moves are banned\n|rule|Endless Battle Clause: Forcing endless battles is banned\n|rule|HP Percentage Mod: HP is shown in percentages\n|clearpoke\n|poke|p1|Zamazenta-*|\n|poke|p1|Thundurus-Therian, M|\n|poke|p1|Corviknight, M|\n|poke|p1|Ogerpon-Cornerstone, F|\n|poke|p1|Ceruledge, M|\n|poke|p1|Kommo-o, F|\n|poke|p2|Dragapult, F|\n|poke|p2|Gyarados, M|\n|poke|p2|Hatterene, F|\n|poke|p2|Rillaboom, F|\n|poke|p2|Sneasler, F|\n|poke|p2|Kingambit, F|\n|teampreview\n|\n|t:|1699818253\n|start\n|switch|p1a: Thundurus|Thundurus-Therian, M|100\/100\n|switch|p2a: Dragapult|Dragapult, F|100\/100\n|turn|1\n|\n|t:|1699818258\n|switch|p1a: Corviknight|Corviknight, M|100\/100\n|-ability|p1a: Corviknight|Pressure\n|move|p2a: Dragapult|Light Screen|p2a: Dragapult\n|-sidestart|p2: lil EDDY|move: Light Screen\n|\n|upkeep\n|turn|2\n|\n|t:|1699818273\n|switch|p2a: Gyarados|Gyarados, M|100\/100\n|-ability|p2a: Gyarados|Intimidate|boost\n|-unboost|p1a: Corviknight|atk|1\n|move|p1a: Corviknight|Defog|p2a: Gyarados\n|-unboost|p2a: Gyarados|evasion|1\n|-sideend|p2: lil EDDY|move: Light Screen\n|\n|upkeep\n|turn|3\n|\n|t:|1699818278\n|move|p2a: Gyarados|Dragon Dance|p2a: Gyarados\n|-boost|p2a: Gyarados|atk|1\n|-boost|p2a: Gyarados|spe|1\n|move|p1a: Corviknight|U-turn|p2a: Gyarados\n|-resisted|p2a: Gyarados\n|-damage|p2a: Gyarados|94\/100\n|\n|t:|1699818285\n|switch|p1a: Ogerpon|Ogerpon-Cornerstone, F|100\/100|[from] U-turn\n|\n|-heal|p2a: Gyarados|99\/100|[from] item: Leftovers\n|upkeep\n|turn|4\n|\n|t:|1699818292\n|move|p2a: Gyarados|Waterfall|p1a: Ogerpon\n|-damage|p1a: Ogerpon|9\/100\n|cant|p1a: Ogerpon|flinch\n|\n|-heal|p2a: Gyarados|100\/100|[from] item: Leftovers\n|upkeep\n|turn|5\n|\n|t:|1699818303\n|switch|p1a: Zamazenta|Zamazenta|100\/100\n|-ability|p1a: Zamazenta|Dauntless Shield|boost\n|-boost|p1a: Zamazenta|def|1\n|move|p2a: Gyarados|Waterfall|p1a: Zamazenta\n|-damage|p1a: Zamazenta|65\/100\n|\n|-heal|p1a: Zamazenta|72\/100|[from] item: Leftovers\n|upkeep\n|turn|6\n|\n|t:|1699818309\n|-terastallize|p2a: Gyarados|Flying\n|-terastallize|p1a: Zamazenta|Steel\n|move|p2a: Gyarados|Tera Blast|p1a: Zamazenta|[anim] Tera Blast Flying\n|-resisted|p1a: Zamazenta\n|-damage|p1a: Zamazenta|50\/100\n|move|p1a: Zamazenta|Iron Defense|p1a: Zamazenta\n|-boost|p1a: Zamazenta|def|2\n|\n|-heal|p1a: Zamazenta|56\/100|[from] item: Leftovers\n|upkeep\n|turn|7\n|\n|t:|1699818327\n|move|p2a: Gyarados|Dragon Dance|p2a: Gyarados\n|-boost|p2a: Gyarados|atk|1\n|-boost|p2a: Gyarados|spe|1\n|move|p1a: Zamazenta|Body Press|p2a: Gyarados\n|-resisted|p2a: Gyarados\n|-damage|p2a: Gyarados|51\/100\n|\n|-heal|p2a: Gyarados|57\/100|[from] item: Leftovers\n|-heal|p1a: Zamazenta|62\/100|[from] item: Leftovers\n|upkeep\n|turn|8\n|\n|t:|1699818333\n|move|p2a: Gyarados|Waterfall|p1a: Zamazenta\n|-damage|p1a: Zamazenta|37\/100\n|move|p1a: Zamazenta|Body Press|p2a: Gyarados\n|-resisted|p2a: Gyarados\n|-damage|p2a: Gyarados|1\/100\n|\n|-heal|p2a: Gyarados|7\/100|[from] item: Leftovers\n|-heal|p1a: Zamazenta|44\/100|[from] item: Leftovers\n|upkeep\n|turn|9\n|\n|t:|1699818335\n|move|p2a: Gyarados|Waterfall|p1a: Zamazenta\n|-damage|p1a: Zamazenta|16\/100\n|move|p1a: Zamazenta|Body Press|p2a: Gyarados\n|-resisted|p2a: Gyarados\n|-damage|p2a: Gyarados|0 fnt\n|faint|p2a: Gyarados\n|\n|-heal|p1a: Zamazenta|23\/100|[from] item: Leftovers\n|upkeep\n|\n|t:|1699818342\n|switch|p2a: Dragapult|Dragapult, F|100\/100\n|turn|10\n|\n|t:|1699818351\n|switch|p1a: Corviknight|Corviknight, M|100\/100\n|-ability|p1a: Corviknight|Pressure\n|move|p2a: Dragapult|Shadow Ball|p1a: Corviknight\n|-damage|p1a: Corviknight|73\/100\n|\n|-heal|p1a: Corviknight|79\/100|[from] item: Leftovers\n|upkeep\n|turn|11\n|\n|t:|1699818362\n|move|p2a: Dragapult|Reflect|p2a: Dragapult\n|-sidestart|p2: lil EDDY|Reflect\n|move|p1a: Corviknight|Brave Bird|p2a: Dragapult\n|-damage|p2a: Dragapult|80\/100\n|-start|p1a: Corviknight|Disable|Brave Bird|[from] ability: Cursed Body|[of] p2a: Dragapult\n|-damage|p1a: Corviknight|73\/100|[from] Recoil\n|\n|-heal|p1a: Corviknight|79\/100|[from] item: Leftovers\n|upkeep\n|turn|12\n|\n|t:|1699818365\n|move|p2a: Dragapult|Light Screen|p2a: Dragapult\n|-sidestart|p2: lil EDDY|move: Light Screen\n|move|p1a: Corviknight|Defog|p2a: Dragapult\n|-unboost|p2a: Dragapult|evasion|1\n|-sideend|p2: lil EDDY|Reflect\n|-sideend|p2: lil EDDY|move: Light Screen\n|\n|-heal|p1a: Corviknight|85\/100|[from] item: Leftovers\n|upkeep\n|turn|13\n|c|\u2606lil EDDY|haha u disabled ass bitch\n|\n|t:|1699818374\n|move|p2a: Dragapult|Reflect|p2a: Dragapult\n|-sidestart|p2: lil EDDY|Reflect\n|move|p1a: Corviknight|Defog|p2a: Dragapult\n|-unboost|p2a: Dragapult|evasion|1\n|-sideend|p2: lil EDDY|Reflect\n|\n|-heal|p1a: Corviknight|91\/100|[from] item: Leftovers\n|upkeep\n|turn|14\n|\n|t:|1699818382\n|switch|p2a: Rillaboom|Rillaboom, F|100\/100\n|-fieldstart|move: Grassy Terrain|[from] ability: Grassy Surge|[of] p2a: Rillaboom\n|move|p1a: Corviknight|Defog|p2a: Rillaboom\n|-unboost|p2a: Rillaboom|evasion|1\n|-fieldend|move: Grassy Terrain\n|\n|-heal|p1a: Corviknight|97\/100|[from] item: Leftovers\n|-end|p1a: Corviknight|Disable\n|upkeep\n|turn|15\n|\n|t:|1699818389\n|switch|p2a: Hatterene|Hatterene, F|100\/100\n|move|p1a: Corviknight|U-turn|p2a: Hatterene\n|-damage|p2a: Hatterene|84\/100\n|\n|t:|1699818400\n|switch|p1a: Zamazenta|Zamazenta, tera:Steel|23\/100|[from] U-turn\n|\n|-heal|p1a: Zamazenta|29\/100|[from] item: Leftovers\n|upkeep\n|turn|16\n|\n|t:|1699818403\n|move|p1a: Zamazenta|Heavy Slam|p2a: Hatterene\n|-supereffective|p2a: Hatterene\n|-damage|p2a: Hatterene|0 fnt\n|faint|p2a: Hatterene\n|\n|-heal|p1a: Zamazenta|35\/100|[from] item: Leftovers\n|upkeep\n|\n|t:|1699818410\n|switch|p2a: Dragapult|Dragapult, F|80\/100\n|turn|17\n|\n|t:|1699818416\n|switch|p1a: Corviknight|Corviknight, M|97\/100\n|-ability|p1a: Corviknight|Pressure\n|move|p2a: Dragapult|Reflect|p2a: Dragapult\n|-sidestart|p2: lil EDDY|Reflect\n|\n|-heal|p1a: Corviknight|100\/100|[from] item: Leftovers\n|upkeep\n|turn|18\n|\n|t:|1699818427\n|switch|p2a: Kingambit|Kingambit, F|100\/100\n|-activate|p2a: Kingambit|ability: Supreme Overlord\n|-start|p2a: Kingambit|fallen2|[silent]\n|move|p1a: Corviknight|Defog|p2a: Kingambit\n|-unboost|p2a: Kingambit|evasion|1\n|-sideend|p2: lil EDDY|Reflect\n|\n|upkeep\n|turn|19\n|\n|t:|1699818432\n|switch|p1a: Ogerpon|Ogerpon-Cornerstone, F|9\/100\n|move|p2a: Kingambit|Swords Dance|p2a: Kingambit\n|-boost|p2a: Kingambit|atk|2\n|\n|upkeep\n|turn|20\n|\n|t:|1699818437\n|move|p2a: Kingambit|Sucker Punch||[still]\n|-fail|p2a: Kingambit\n|move|p1a: Ogerpon|Taunt|p2a: Kingambit\n|-start|p2a: Kingambit|move: Taunt\n|\n|upkeep\n|turn|21\n|\n|t:|1699818445\n|move|p2a: Kingambit|Sucker Punch||[still]\n|-fail|p2a: Kingambit\n|move|p1a: Ogerpon|Swords Dance|p1a: Ogerpon\n|-boost|p1a: Ogerpon|atk|2\n|\n|upkeep\n|turn|22\n|\n|t:|1699818447\n|move|p2a: Kingambit|Sucker Punch||[still]\n|-fail|p2a: Kingambit\n|move|p1a: Ogerpon|Swords Dance|p1a: Ogerpon\n|-boost|p1a: Ogerpon|atk|2\n|\n|upkeep\n|turn|23\n|\n|t:|1699818449\n|move|p1a: Ogerpon|Swords Dance|p1a: Ogerpon\n|-boost|p1a: Ogerpon|atk|2\n|move|p2a: Kingambit|Iron Head|p1a: Ogerpon\n|-supereffective|p1a: Ogerpon\n|-damage|p1a: Ogerpon|0 fnt\n|faint|p1a: Ogerpon\n|\n|-end|p2a: Kingambit|move: Taunt\n|upkeep\n|\n|t:|1699818450\n|switch|p1a: Kommo-o|Kommo-o, F|100\/100\n|turn|24\n|\n|t:|1699818455\n|-end|p2a: Kingambit|fallen2|[silent]\n|switch|p2a: Dragapult|Dragapult, F|80\/100\n|move|p1a: Kommo-o|Drain Punch|p2a: Dragapult\n|-immune|p2a: Dragapult\n|\n|upkeep\n|turn|25\n|\n|t:|1699818462\n|switch|p1a: Corviknight|Corviknight, M|100\/100\n|-ability|p1a: Corviknight|Pressure\n|move|p2a: Dragapult|Reflect|p2a: Dragapult\n|-sidestart|p2: lil EDDY|Reflect\n|\n|upkeep\n|turn|26\n|\n|t:|1699818466\n|switch|p2a: Rillaboom|Rillaboom, F|100\/100\n|-fieldstart|move: Grassy Terrain|[from] ability: Grassy Surge|[of] p2a: Rillaboom\n|move|p1a: Corviknight|Defog|p2a: Rillaboom\n|-unboost|p2a: Rillaboom|evasion|1\n|-sideend|p2: lil EDDY|Reflect\n|-fieldend|move: Grassy Terrain\n|\n|upkeep\n|turn|27\n|\n|t:|1699818485\n|move|p2a: Rillaboom|U-turn|p1a: Corviknight\n|-resisted|p1a: Corviknight\n|-damage|p1a: Corviknight|95\/100\n|\n|t:|1699818486\n|switch|p2a: Kingambit|Kingambit, F|100\/100|[from] U-turn\n|-activate|p2a: Kingambit|ability: Supreme Overlord\n|-start|p2a: Kingambit|fallen2|[silent]\n|move|p1a: Corviknight|U-turn|p2a: Kingambit\n|-damage|p2a: Kingambit|91\/100\n|\n|t:|1699818493\n|switch|p1a: Kommo-o|Kommo-o, F|100\/100|[from] U-turn\n|\n|-heal|p2a: Kingambit|97\/100|[from] item: Leftovers\n|upkeep\n|turn|28\n|\n|t:|1699818505\n|-end|p2a: Kingambit|fallen2|[silent]\n|switch|p2a: Dragapult|Dragapult, F|80\/100\n|move|p1a: Kommo-o|Drain Punch|p2a: Dragapult\n|-immune|p2a: Dragapult\n|\n|upkeep\n|turn|29\n|\n|t:|1699818511\n|switch|p1a: Corviknight|Corviknight, M|95\/100\n|-ability|p1a: Corviknight|Pressure\n|move|p2a: Dragapult|Reflect|p2a: Dragapult\n|-sidestart|p2: lil EDDY|Reflect\n|\n|-heal|p1a: Corviknight|100\/100|[from] item: Leftovers\n|upkeep\n|turn|30\n|\n|t:|1699818514\n|switch|p2a: Kingambit|Kingambit, F|97\/100\n|-activate|p2a: Kingambit|ability: Supreme Overlord\n|-start|p2a: Kingambit|fallen2|[silent]\n|move|p1a: Corviknight|Defog|p2a: Kingambit\n|-unboost|p2a: Kingambit|evasion|1\n|-sideend|p2: lil EDDY|Reflect\n|\n|-heal|p2a: Kingambit|100\/100|[from] item: Leftovers\n|upkeep\n|turn|31\n|\n|t:|1699818517\n|move|p1a: Corviknight|U-turn|p2a: Kingambit\n|-damage|p2a: Kingambit|90\/100\n|\n|t:|1699818519\n|switch|p1a: Zamazenta|Zamazenta, tera:Steel|35\/100|[from] U-turn\n|move|p2a: Kingambit|Swords Dance|p2a: Kingambit\n|-boost|p2a: Kingambit|atk|2\n|\n|-heal|p1a: Zamazenta|41\/100|[from] item: Leftovers\n|-heal|p2a: Kingambit|96\/100|[from] item: Leftovers\n|upkeep\n|turn|32\n|\n|t:|1699818524\n|move|p2a: Kingambit|Sucker Punch||[still]\n|-fail|p2a: Kingambit\n|move|p1a: Zamazenta|Iron Defense|p1a: Zamazenta\n|-boost|p1a: Zamazenta|def|2\n|\n|-heal|p1a: Zamazenta|47\/100|[from] item: Leftovers\n|-heal|p2a: Kingambit|100\/100|[from] item: Leftovers\n|upkeep\n|turn|33\n|\n|t:|1699818528\n|move|p1a: Zamazenta|Body Press|p2a: Kingambit\n|-supereffective|p2a: Kingambit\n|-damage|p2a: Kingambit|0 fnt\n|faint|p2a: Kingambit\n|-end|p2a: Kingambit|fallen2|[silent]\n|\n|-heal|p1a: Zamazenta|54\/100|[from] item: Leftovers\n|upkeep\n|\n|t:|1699818531\n|switch|p2a: Dragapult|Dragapult, F|80\/100\n|turn|34\n|\n|t:|1699818535\n|switch|p1a: Corviknight|Corviknight, M|100\/100\n|-ability|p1a: Corviknight|Pressure\n|move|p2a: Dragapult|Curse|p1a: Corviknight\n|-start|p1a: Corviknight|Curse|[of] p2a: Dragapult\n|-damage|p2a: Dragapult|30\/100\n|\n|-damage|p1a: Corviknight|76\/100|[from] Curse\n|upkeep\n|turn|35\n|-message|lil EDDY forfeited.\n|\n|win|8thjim\n|raw|8thjim's rating: 1658 &rarr; <strong>1673<\/strong><br \/>(+15 for winning)\n|raw|lil EDDY's rating: 1562 &rarr; <strong>1547<\/strong><br \/>(-15 for losing)\n","uploadtime":1699818373,"views":9,"p1id":"8thjim","p2id":"lileddy","formatid":"gen9ou","rating":1547,"private":0,"password":""}