{"id":"gen9ou-1997094281","p1":"riaszin smurfs","p2":"teszting","format":"[Gen 9] OU","log":"|j|\u2606riaszin smurfs\n|j|\u2606teszting\n|t:|1700763911\n|gametype|singles\n|player|p1|riaszin smurfs|doubleteam|1564\n|player|p2|teszting|acetrainersnowf|1712\n|teamsize|p1|6\n|teamsize|p2|6\n|gen|9\n|tier|[Gen 9] OU\n|rated|\n|rule|Sleep Clause Mod: Limit one foe put to sleep\n|rule|Species Clause: Limit one of each Pok\u00e9mon\n|rule|OHKO Clause: OHKO moves are banned\n|rule|Evasion Items Clause: Evasion items are banned\n|rule|Evasion Moves Clause: Evasion moves are banned\n|rule|Endless Battle Clause: Forcing endless battles is banned\n|rule|HP Percentage Mod: HP is shown in percentages\n|clearpoke\n|poke|p1|Gholdengo|\n|poke|p1|Kingambit, F|\n|poke|p1|Alomomola, M|\n|poke|p1|Cinderace, M|\n|poke|p1|Landorus-Therian, M|\n|poke|p1|Iron Valiant|\n|poke|p2|Fezandipiti, M|\n|poke|p2|Great Tusk|\n|poke|p2|Cinderace, F|\n|poke|p2|Ogerpon-Wellspring, F|\n|poke|p2|Zapdos|\n|poke|p2|Gholdengo|\n|teampreview\n|inactive|Battle timer is ON: inactive players will automatically lose when time's up. (requested by teszting)\n|\n|t:|1700763990\n|start\n|switch|p1a: Cinderace|Cinderace, M|100\/100\n|switch|p2a: Ogerpon|Ogerpon-Wellspring, F|100\/100\n|turn|1\n|\n|t:|1700763995\n|switch|p2a: Cinderace|Cinderace, F|100\/100\n|move|p1a: Cinderace|U-turn|p2a: Cinderace\n|-resisted|p2a: Cinderace\n|-damage|p2a: Cinderace|86\/100\n|\n|t:|1700763999\n|switch|p1a: Alomomola|Alomomola, M|100\/100|[from] U-turn\n|\n|upkeep\n|turn|2\n|\n|t:|1700764003\n|switch|p2a: Ogerpon|Ogerpon-Wellspring, F|100\/100\n|move|p1a: Alomomola|Flip Turn|p2a: Ogerpon\n|-immune|p2a: Ogerpon|[from] ability: Water Absorb\n|\n|upkeep\n|turn|3\n|\n|t:|1700764014\n|move|p2a: Ogerpon|Ivy Cudgel|p1a: Alomomola|[anim] Ivy Cudgel Water\n|-resisted|p1a: Alomomola\n|-damage|p1a: Alomomola|82\/100\n|-enditem|p1a: Alomomola|Red Card|[of] p2a: Ogerpon\n|drag|p2a: Gholdengo|Gholdengo|100\/100\n|move|p1a: Alomomola|Wish|p1a: Alomomola\n|\n|upkeep\n|turn|4\n|\n|t:|1700764026\n|switch|p2a: Ogerpon|Ogerpon-Wellspring, F|100\/100\n|move|p1a: Alomomola|Flip Turn|p2a: Ogerpon\n|-immune|p2a: Ogerpon|[from] ability: Water Absorb\n|\n|-heal|p1a: Alomomola|100\/100|[from] move: Wish|[wisher] Alomomola\n|upkeep\n|turn|5\n|\n|t:|1700764038\n|move|p2a: Ogerpon|Power Whip|p1a: Alomomola\n|-supereffective|p1a: Alomomola\n|-damage|p1a: Alomomola|19\/100\n|move|p1a: Alomomola|Acrobatics|p2a: Ogerpon\n|-supereffective|p2a: Ogerpon\n|-damage|p2a: Ogerpon|52\/100\n|\n|upkeep\n|turn|6\n|\n|t:|1700764047\n|switch|p1a: Gholdengo|Gholdengo|100\/100\n|move|p2a: Ogerpon|Ivy Cudgel|p1a: Gholdengo|[anim] Ivy Cudgel Water\n|-damage|p1a: Gholdengo|55\/100\n|\n|-heal|p1a: Gholdengo|61\/100|[from] item: Leftovers\n|upkeep\n|turn|7\n|\n|t:|1700764054\n|move|p2a: Ogerpon|Ivy Cudgel|p1a: Gholdengo|[anim] Ivy Cudgel Water\n|-damage|p1a: Gholdengo|18\/100\n|move|p1a: Gholdengo|Recover|p1a: Gholdengo\n|-heal|p1a: Gholdengo|68\/100\n|\n|-heal|p1a: Gholdengo|74\/100|[from] item: Leftovers\n|upkeep\n|turn|8\n|\n|t:|1700764061\n|move|p2a: Ogerpon|Ivy Cudgel|p1a: Gholdengo|[anim] Ivy Cudgel Water\n|-crit|p1a: Gholdengo\n|-damage|p1a: Gholdengo|10\/100\n|move|p1a: Gholdengo|Recover|p1a: Gholdengo\n|-heal|p1a: Gholdengo|60\/100\n|\n|-heal|p1a: Gholdengo|66\/100|[from] item: Leftovers\n|upkeep\n|turn|9\n|\n|t:|1700764066\n|switch|p2a: Cinderace|Cinderace, F|86\/100\n|move|p1a: Gholdengo|Recover|p1a: Gholdengo\n|-heal|p1a: Gholdengo|100\/100\n|\n|upkeep\n|turn|10\n|\n|t:|1700764091\n|switch|p1a: Alomomola|Alomomola, M|53\/100\n|move|p2a: Cinderace|U-turn|p1a: Alomomola\n|-damage|p1a: Alomomola|41\/100\n|\n|t:|1700764095\n|switch|p2a: Ogerpon|Ogerpon-Wellspring, F|52\/100|[from] U-turn\n|\n|upkeep\n|turn|11\n|inactive|riaszin smurfs has 120 seconds left.\n|\n|t:|1700764134\n|switch|p1a: Landorus|Landorus-Therian, M|100\/100\n|-ability|p1a: Landorus|Intimidate|boost\n|-unboost|p2a: Ogerpon|atk|1\n|move|p2a: Ogerpon|Power Whip|p1a: Landorus\n|-damage|p1a: Landorus|66\/100\n|-damage|p2a: Ogerpon|35\/100|[from] item: Rocky Helmet|[of] p1a: Landorus\n|\n|upkeep\n|turn|12\n|\n|t:|1700764141\n|switch|p1a: Alomomola|Alomomola, M|74\/100\n|move|p2a: Ogerpon|Ivy Cudgel|p1a: Alomomola|[anim] Ivy Cudgel Water\n|-resisted|p1a: Alomomola\n|-damage|p1a: Alomomola|62\/100\n|\n|upkeep\n|turn|13\n|\n|t:|1700764146\n|switch|p2a: Zapdos|Zapdos|100\/100\n|move|p1a: Alomomola|Wish|p1a: Alomomola\n|\n|upkeep\n|turn|14\n|\n|t:|1700764153\n|switch|p1a: Landorus|Landorus-Therian, M|66\/100\n|-ability|p1a: Landorus|Intimidate|boost\n|-unboost|p2a: Zapdos|atk|1\n|move|p2a: Zapdos|Volt Switch|p1a: Landorus\n|-immune|p1a: Landorus\n|\n|-heal|p1a: Landorus|100\/100|[from] move: Wish|[wisher] Alomomola\n|upkeep\n|turn|15\n|\n|t:|1700764172\n|move|p2a: Zapdos|Hurricane|p1a: Landorus\n|-crit|p1a: Landorus\n|-damage|p1a: Landorus|26\/100\n|-start|p1a: Landorus|confusion\n|-activate|p1a: Landorus|confusion\n|move|p1a: Landorus|Stealth Rock|p2a: Zapdos\n|-sidestart|p2: teszting|move: Stealth Rock\n|\n|upkeep\n|turn|16\n|\n|t:|1700764178\n|switch|p1a: Gholdengo|Gholdengo|100\/100\n|move|p2a: Zapdos|Hurricane|p1a: Gholdengo|[miss]\n|-miss|p2a: Zapdos|p1a: Gholdengo\n|\n|upkeep\n|turn|17\n|\n|t:|1700764186\n|move|p2a: Zapdos|Volt Switch|p1a: Gholdengo\n|-damage|p1a: Gholdengo|73\/100\n|\n|t:|1700764189\n|switch|p2a: Cinderace|Cinderace, F|86\/100|[from] Volt Switch\n|move|p1a: Gholdengo|Shadow Ball|p2a: Cinderace\n|-damage|p2a: Cinderace|41\/100\n|\n|-heal|p1a: Gholdengo|79\/100|[from] item: Leftovers\n|upkeep\n|turn|18\n|\n|t:|1700764194\n|switch|p1a: Alomomola|Alomomola, M|95\/100\n|move|p2a: Cinderace|Court Change|p2a: Cinderace\n|-swapsideconditions\n|-activate|p2a: Cinderace|move: Court Change\n|\n|upkeep\n|turn|19\n|\n|t:|1700764203\n|move|p2a: Cinderace|U-turn|p1a: Alomomola\n|-damage|p1a: Alomomola|85\/100\n|\n|t:|1700764205\n|switch|p2a: Gholdengo|Gholdengo|100\/100|[from] U-turn\n|move|p1a: Alomomola|Acrobatics|p2a: Gholdengo\n|-resisted|p2a: Gholdengo\n|-damage|p2a: Gholdengo|90\/100\n|\n|upkeep\n|turn|20\n|\n|t:|1700764214\n|move|p2a: Gholdengo|Shadow Ball|p1a: Alomomola\n|-damage|p1a: Alomomola|47\/100\n|move|p1a: Alomomola|Flip Turn|p2a: Gholdengo\n|-damage|p2a: Gholdengo|72\/100\n|\n|t:|1700764235\n|switch|p1a: Cinderace|Cinderace, M|100\/100|[from] Flip Turn\n|\n|upkeep\n|turn|21\n|\n|t:|1700764246\n|move|p2a: Gholdengo|Shadow Ball|p1a: Cinderace\n|-damage|p1a: Cinderace|36\/100\n|move|p1a: Cinderace|Court Change|p1a: Cinderace\n|-swapsideconditions\n|-activate|p1a: Cinderace|move: Court Change\n|\n|upkeep\n|turn|22\n|inactive|riaszin smurfs has 120 seconds left.\n|\n|t:|1700764272\n|switch|p2a: Great Tusk|Great Tusk|100\/100\n|-damage|p2a: Great Tusk|98\/100|[from] Stealth Rock\n|-enditem|p2a: Great Tusk|Booster Energy\n|-activate|p2a: Great Tusk|ability: Protosynthesis|[fromitem]\n|-start|p2a: Great Tusk|protosynthesisatk\n|switch|p1a: Kingambit|Kingambit, F|100\/100\n|\n|upkeep\n|turn|23\n|\n|t:|1700764278\n|-end|p1a: Kingambit|fallenundefined|[silent]\n|switch|p1a: Landorus|Landorus-Therian, M|26\/100\n|-ability|p1a: Landorus|Intimidate|boost\n|-unboost|p2a: Great Tusk|atk|1\n|move|p2a: Great Tusk|Rapid Spin|p1a: Landorus\n|-damage|p1a: Landorus|15\/100\n|-boost|p2a: Great Tusk|spe|1\n|-damage|p2a: Great Tusk|81\/100|[from] item: Rocky Helmet|[of] p1a: Landorus\n|-sideend|p2: teszting|Stealth Rock|[from] move: Rapid Spin|[of] p2a: Great Tusk\n|\n|upkeep\n|turn|24\n|\n|t:|1700764288\n|-end|p2a: Great Tusk|Protosynthesis|[silent]\n|switch|p2a: Ogerpon|Ogerpon-Wellspring, F|35\/100\n|move|p1a: Landorus|Grass Knot|p2a: Ogerpon\n|-damage|p2a: Ogerpon|21\/100\n|\n|upkeep\n|turn|25\n|inactive|riaszin smurfs has 120 seconds left.\n|\n|t:|1700764310\n|move|p2a: Ogerpon|Ivy Cudgel|p1a: Landorus|[anim] Ivy Cudgel Water\n|-supereffective|p1a: Landorus\n|-damage|p1a: Landorus|0 fnt\n|faint|p1a: Landorus\n|\n|upkeep\n|inactive|riaszin smurfs has 120 seconds left.\n|\n|t:|1700764316\n|switch|p1a: Cinderace|Cinderace, M|36\/100\n|turn|26\n|inactive|riaszin smurfs has 120 seconds left.\n|inactive|teszting has 120 seconds left.\n|inactive|riaszin smurfs has 90 seconds left.\n|\n|t:|1700764378\n|switch|p2a: Great Tusk|Great Tusk|81\/100\n|move|p1a: Cinderace|Pyro Ball|p2a: Great Tusk\n|-damage|p2a: Great Tusk|41\/100\n|\n|upkeep\n|turn|27\n|j| spin da bloc\n|\n|t:|1700764384\n|move|p1a: Cinderace|Pyro Ball|p2a: Great Tusk\n|-damage|p2a: Great Tusk|2\/100\n|move|p2a: Great Tusk|Headlong Rush|p1a: Cinderace\n|-supereffective|p1a: Cinderace\n|-damage|p1a: Cinderace|0 fnt\n|-unboost|p2a: Great Tusk|def|1\n|-unboost|p2a: Great Tusk|spd|1\n|faint|p1a: Cinderace\n|\n|upkeep\n|l| spin da bloc\n|inactive|riaszin smurfs has 60 seconds left.\n|\n|t:|1700764404\n|switch|p1a: Iron Valiant|Iron Valiant|100\/100\n|-enditem|p1a: Iron Valiant|Booster Energy\n|-activate|p1a: Iron Valiant|ability: Quark Drive|[fromitem]\n|-start|p1a: Iron Valiant|quarkdrivespe\n|turn|28\n|\n|t:|1700764409\n|move|p1a: Iron Valiant|Moonblast|p2a: Great Tusk\n|-supereffective|p2a: Great Tusk\n|-damage|p2a: Great Tusk|0 fnt\n|faint|p2a: Great Tusk\n|-end|p2a: Great Tusk|Protosynthesis|[silent]\n|\n|upkeep\n|\n|t:|1700764411\n|switch|p2a: Fezandipiti|Fezandipiti, M|100\/100\n|turn|29\n|\n|t:|1700764420\n|switch|p2a: Cinderace|Cinderace, F|41\/100\n|move|p1a: Iron Valiant|Destiny Bond|p1a: Iron Valiant\n|-singlemove|p1a: Iron Valiant|Destiny Bond\n|\n|upkeep\n|turn|30\n|\n|t:|1700764430\n|switch|p2a: Fezandipiti|Fezandipiti, M|100\/100\n|move|p1a: Iron Valiant|Knock Off|p2a: Fezandipiti\n|-resisted|p2a: Fezandipiti\n|-damage|p2a: Fezandipiti|85\/100\n|-enditem|p2a: Fezandipiti|Covert Cloak|[from] move: Knock Off|[of] p1a: Iron Valiant\n|\n|upkeep\n|turn|31\n|inactive|riaszin smurfs has 90 seconds left.\n|\n|t:|1700764436\n|move|p1a: Iron Valiant|Calm Mind|p1a: Iron Valiant\n|-boost|p1a: Iron Valiant|spa|1\n|-boost|p1a: Iron Valiant|spd|1\n|move|p2a: Fezandipiti|Calm Mind|p2a: Fezandipiti\n|-boost|p2a: Fezandipiti|spa|1\n|-boost|p2a: Fezandipiti|spd|1\n|\n|upkeep\n|turn|32\n|\n|t:|1700764445\n|-end|p1a: Iron Valiant|Quark Drive|[silent]\n|switch|p1a: Gholdengo|Gholdengo|79\/100\n|move|p2a: Fezandipiti|Moonblast|p1a: Gholdengo\n|-resisted|p1a: Gholdengo\n|-damage|p1a: Gholdengo|62\/100\n|\n|-heal|p1a: Gholdengo|68\/100|[from] item: Leftovers\n|upkeep\n|turn|33\n|\n|t:|1700764462\n|switch|p2a: Gholdengo|Gholdengo|72\/100\n|move|p1a: Gholdengo|Shadow Ball|p2a: Gholdengo\n|-supereffective|p2a: Gholdengo\n|-damage|p2a: Gholdengo|0 fnt\n|faint|p2a: Gholdengo\n|\n|-heal|p1a: Gholdengo|74\/100|[from] item: Leftovers\n|upkeep\n|\n|t:|1700764465\n|switch|p2a: Cinderace|Cinderace, F|41\/100\n|turn|34\n|\n|t:|1700764474\n|switch|p1a: Alomomola|Alomomola, M|80\/100\n|move|p2a: Cinderace|U-turn|p1a: Alomomola\n|-damage|p1a: Alomomola|68\/100\n|\n|t:|1700764476\n|switch|p2a: Zapdos|Zapdos|100\/100|[from] U-turn\n|\n|upkeep\n|turn|35\n|inactive|riaszin smurfs has 120 seconds left.\n|\n|t:|1700764482\n|move|p2a: Zapdos|Volt Switch|p1a: Alomomola\n|-supereffective|p1a: Alomomola\n|-damage|p1a: Alomomola|10\/100\n|\n|t:|1700764485\n|switch|p2a: Ogerpon|Ogerpon-Wellspring, F|21\/100|[from] Volt Switch\n|move|p1a: Alomomola|Flip Turn|p2a: Ogerpon\n|-heal|p2a: Ogerpon|46\/100|[from] ability: Water Absorb|[of] p1a: Alomomola\n|\n|upkeep\n|turn|36\n|\n|t:|1700764491\n|move|p2a: Ogerpon|Ivy Cudgel|p1a: Alomomola|[anim] Ivy Cudgel Water\n|-resisted|p1a: Alomomola\n|-crit|p1a: Alomomola\n|-damage|p1a: Alomomola|0 fnt\n|faint|p1a: Alomomola\n|\n|upkeep\n|\n|t:|1700764495\n|switch|p1a: Iron Valiant|Iron Valiant|100\/100\n|turn|37\n|\n|t:|1700764507\n|switch|p2a: Fezandipiti|Fezandipiti, M|85\/100\n|move|p1a: Iron Valiant|Moonblast|p2a: Fezandipiti\n|-resisted|p2a: Fezandipiti\n|-damage|p2a: Fezandipiti|68\/100\n|\n|upkeep\n|turn|38\n|\n|t:|1700764514\n|-end|p1a: Iron Valiant|Quark Drive|[silent]\n|switch|p1a: Gholdengo|Gholdengo|74\/100\n|switch|p2a: Cinderace|Cinderace, F|41\/100\n|\n|-heal|p1a: Gholdengo|80\/100|[from] item: Leftovers\n|upkeep\n|turn|39\n|\n|t:|1700764525\n|move|p2a: Cinderace|Pyro Ball|p1a: Gholdengo\n|-supereffective|p1a: Gholdengo\n|-damage|p1a: Gholdengo|4\/100\n|move|p1a: Gholdengo|Shadow Ball|p2a: Cinderace\n|-damage|p2a: Cinderace|1\/100\n|\n|-heal|p1a: Gholdengo|10\/100|[from] item: Leftovers\n|upkeep\n|turn|40\n|\n|t:|1700764533\n|move|p2a: Cinderace|Pyro Ball|p1a: Gholdengo\n|-supereffective|p1a: Gholdengo\n|-damage|p1a: Gholdengo|0 fnt\n|faint|p1a: Gholdengo\n|\n|upkeep\n|\n|t:|1700764554\n|switch|p1a: Iron Valiant|Iron Valiant|100\/100\n|turn|41\n|\n|t:|1700764562\n|-terastallize|p2a: Cinderace|Fire\n|move|p2a: Cinderace|Pyro Ball|p1a: Iron Valiant\n|-damage|p1a: Iron Valiant|0 fnt\n|faint|p1a: Iron Valiant\n|-end|p1a: Iron Valiant|Quark Drive|[silent]\n|\n|upkeep\n|\n|t:|1700764568\n|switch|p1a: Kingambit|Kingambit, F|100\/100\n|-activate|p1a: Kingambit|ability: Supreme Overlord\n|-start|p1a: Kingambit|fallen5|[silent]\n|turn|42\n|\n|t:|1700764576\n|move|p2a: Cinderace|Will-O-Wisp|p1a: Kingambit\n|-status|p1a: Kingambit|brn\n|move|p1a: Kingambit|Iron Head|p2a: Cinderace\n|-resisted|p2a: Cinderace\n|-damage|p2a: Cinderace|0 fnt\n|faint|p2a: Cinderace\n|\n|-damage|p1a: Kingambit|94\/100 brn|[from] brn\n|upkeep\n|\n|t:|1700764581\n|switch|p2a: Ogerpon|Ogerpon-Wellspring, F|46\/100\n|turn|43\n|\n|t:|1700764587\n|move|p2a: Ogerpon|Encore|p1a: Kingambit\n|-start|p1a: Kingambit|Encore\n|move|p1a: Kingambit|Iron Head|p2a: Ogerpon\n|-resisted|p2a: Ogerpon\n|-damage|p2a: Ogerpon|25\/100\n|\n|-heal|p1a: Kingambit|100\/100 brn|[from] item: Leftovers\n|-damage|p1a: Kingambit|94\/100 brn|[from] brn\n|upkeep\n|turn|44\n|\n|t:|1700764592\n|move|p2a: Ogerpon|Ivy Cudgel|p1a: Kingambit|[anim] Ivy Cudgel Water\n|-crit|p1a: Kingambit\n|-damage|p1a: Kingambit|24\/100 brn\n|move|p1a: Kingambit|Iron Head|p2a: Ogerpon\n|-resisted|p2a: Ogerpon\n|-damage|p2a: Ogerpon|2\/100\n|\n|-heal|p1a: Kingambit|30\/100 brn|[from] item: Leftovers\n|-damage|p1a: Kingambit|24\/100 brn|[from] brn\n|upkeep\n|turn|45\n|\n|t:|1700764597\n|move|p2a: Ogerpon|Ivy Cudgel|p1a: Kingambit|[anim] Ivy Cudgel Water\n|-damage|p1a: Kingambit|0 fnt\n|faint|p1a: Kingambit\n|-end|p1a: Kingambit|fallen5|[silent]\n|\n|win|teszting\n|raw|riaszin smurfs's rating: 1583 &rarr; <strong>1570<\/strong><br \/>(-13 for losing)\n|raw|teszting's rating: 1712 &rarr; <strong>1725<\/strong><br \/>(+13 for winning)\n","uploadtime":1700764602,"views":8,"p1id":"riaszinsmurfs","p2id":"teszting","formatid":"gen9ou","rating":1570,"private":0,"password":""}