{"id":"gen9ou-1995970784","p1":"SDK04","p2":"superstallenjoyer","format":"[Gen 9] OU","log":"|j|\u2606SDK04\n|j|\u2606superstallenjoyer\n|inactive|Battle timer is ON: inactive players will automatically lose when time's up.\n|t:|1700623592\n|gametype|singles\n|player|p1|SDK04|unknown|\n|player|p2|superstallenjoyer|101|\n|teamsize|p1|6\n|teamsize|p2|6\n|gen|9\n|tier|[Gen 9] OU\n|rated|Tournament battle\n|rule|Sleep Clause Mod: Limit one foe put to sleep\n|rule|Species Clause: Limit one of each Pok\u00e9mon\n|rule|OHKO Clause: OHKO moves are banned\n|rule|Evasion Items Clause: Evasion items are banned\n|rule|Evasion Moves Clause: Evasion moves are banned\n|rule|Endless Battle Clause: Forcing endless battles is banned\n|rule|HP Percentage Mod: HP is shown in percentages\n|clearpoke\n|poke|p1|Munkidori, M|\n|poke|p1|Enamorus, F|\n|poke|p1|Rillaboom, F|\n|poke|p1|Dragonite, M|\n|poke|p1|Great Tusk|\n|poke|p1|Muk-Alola, M|\n|poke|p2|Alomomola, F|\n|poke|p2|Toxapex, M|\n|poke|p2|Landorus-Therian, M|\n|poke|p2|Dragonite, F|\n|poke|p2|Cinderace, M|\n|poke|p2|Zapdos|\n|teampreview\n|\n|t:|1700623605\n|start\n|switch|p1a: Mojo Jojo|Munkidori, M|100\/100\n|switch|p2a: Toxapex|Toxapex, M|100\/100\n|turn|1\n|j|@mcp3\n|\n|t:|1700623612\n|move|p1a: Mojo Jojo|Psychic|p2a: Toxapex\n|-supereffective|p2a: Toxapex\n|-damage|p2a: Toxapex|49\/100\n|move|p2a: Toxapex|Infestation|p1a: Mojo Jojo\n|-crit|p1a: Mojo Jojo\n|-damage|p1a: Mojo Jojo|93\/100\n|-activate|p1a: Mojo Jojo|move: Infestation|[of] p2a: Toxapex\n|\n|-damage|p1a: Mojo Jojo|81\/100|[from] move: Infestation|[partiallytrapped]\n|upkeep\n|turn|2\n|\n|t:|1700623625\n|switch|p2a: Dragonite|Dragonite, F|100\/100\n|move|p1a: Mojo Jojo|Psychic|p2a: Dragonite\n|-damage|p2a: Dragonite|74\/100\n|\n|-end|p1a: Mojo Jojo|Infestation|[partiallytrapped]|[silent]\n|upkeep\n|turn|3\n|\n|t:|1700623632\n|switch|p1a: Donphan-Therian|Great Tusk|100\/100\n|move|p2a: Dragonite|Extreme Speed|p1a: Donphan-Therian\n|-damage|p1a: Donphan-Therian|79\/100\n|-damage|p2a: Dragonite|57\/100|[from] item: Rocky Helmet|[of] p1a: Donphan-Therian\n|\n|upkeep\n|turn|4\n|\n|t:|1700623640\n|switch|p2a: Cinderace|Cinderace, M|100\/100\n|move|p1a: Donphan-Therian|Stealth Rock|p2a: Cinderace\n|-sidestart|p2: superstallenjoyer|move: Stealth Rock\n|\n|upkeep\n|turn|5\n|\n|t:|1700623643\n|move|p2a: Cinderace|Will-O-Wisp|p1a: Donphan-Therian\n|-status|p1a: Donphan-Therian|brn\n|move|p1a: Donphan-Therian|High Horsepower|p2a: Cinderace|[miss]\n|-miss|p1a: Donphan-Therian|p2a: Cinderace\n|\n|-damage|p1a: Donphan-Therian|73\/100 brn|[from] brn\n|upkeep\n|turn|6\n|\n|t:|1700623645\n|move|p2a: Cinderace|Court Change|p2a: Cinderace\n|-start|p2a: Cinderace|typechange|Normal|[from] ability: Libero\n|-swapsideconditions\n|-activate|p2a: Cinderace|move: Court Change\n|move|p1a: Donphan-Therian|Rapid Spin|p2a: Cinderace\n|-damage|p2a: Cinderace|93\/100\n|-boost|p1a: Donphan-Therian|spe|1\n|-sideend|p1: SDK04|Stealth Rock|[from] move: Rapid Spin|[of] p1a: Donphan-Therian\n|\n|-damage|p1a: Donphan-Therian|67\/100 brn|[from] brn\n|upkeep\n|turn|7\n|c|@mcp3|Why high horsepower?\n|\n|t:|1700623659\n|move|p2a: Cinderace|Pyro Ball|p1a: Donphan-Therian\n|-damage|p1a: Donphan-Therian|51\/100 brn\n|move|p1a: Donphan-Therian|High Horsepower|p2a: Cinderace\n|-damage|p2a: Cinderace|72\/100\n|\n|-damage|p1a: Donphan-Therian|45\/100 brn|[from] brn\n|upkeep\n|turn|8\n|\n|t:|1700623666\n|switch|p2a: Alomomola|Alomomola, F|100\/100\n|move|p1a: Donphan-Therian|High Horsepower|p2a: Alomomola\n|-damage|p2a: Alomomola|89\/100\n|\n|-heal|p2a: Alomomola|96\/100|[from] item: Leftovers\n|-damage|p1a: Donphan-Therian|39\/100 brn|[from] brn\n|upkeep\n|turn|9\n|\n|t:|1700623673\n|-end|p1a: Donphan-Therian|Protosynthesis|[silent]\n|switch|p1a: Nature\u2019s Nuke|Rillaboom, F, shiny|100\/100\n|-fieldstart|move: Grassy Terrain|[from] ability: Grassy Surge|[of] p1a: Nature\u2019s Nuke\n|move|p2a: Alomomola|Wish|p2a: Alomomola\n|\n|-heal|p2a: Alomomola|100\/100|[from] Grassy Terrain\n|upkeep\n|turn|10\n|\n|t:|1700623678\n|switch|p2a: Zapdos|Zapdos|100\/100\n|move|p1a: Nature\u2019s Nuke|Knock Off|p2a: Zapdos\n|-damage|p2a: Zapdos|76\/100\n|-status|p1a: Nature\u2019s Nuke|par|[from] ability: Static|[of] p2a: Zapdos\n|-enditem|p2a: Zapdos|Heavy-Duty Boots|[from] move: Knock Off|[of] p1a: Nature\u2019s Nuke\n|\n|-heal|p2a: Zapdos|100\/100|[from] move: Wish|[wisher] Alomomola\n|upkeep\n|turn|11\n|\n|t:|1700623683\n|switch|p1a: Certified Eater|Muk-Alola, M|100\/100\n|move|p2a: Zapdos|U-turn|p1a: Certified Eater\n|-damage|p1a: Certified Eater|87\/100\n|\n|t:|1700623690\n|switch|p2a: Cinderace|Cinderace, M|72\/100|[from] U-turn\n|\n|-heal|p2a: Cinderace|78\/100|[from] Grassy Terrain\n|-heal|p1a: Certified Eater|93\/100|[from] Grassy Terrain\n|-heal|p1a: Certified Eater|99\/100|[from] item: Black Sludge\n|upkeep\n|turn|12\n|\n|t:|1700623705\n|move|p2a: Cinderace|Will-O-Wisp|p1a: Certified Eater\n|-status|p1a: Certified Eater|brn\n|move|p1a: Certified Eater|Knock Off|p2a: Cinderace\n|-damage|p2a: Cinderace|58\/100\n|-enditem|p2a: Cinderace|Heavy-Duty Boots|[from] move: Knock Off|[of] p1a: Certified Eater\n|\n|-heal|p2a: Cinderace|64\/100|[from] Grassy Terrain\n|-heal|p1a: Certified Eater|100\/100 brn|[from] Grassy Terrain\n|-damage|p1a: Certified Eater|94\/100 brn|[from] brn\n|upkeep\n|turn|13\n|\n|t:|1700623709\n|switch|p2a: Toxapex|Toxapex, M|82\/100\n|move|p1a: Certified Eater|Poison Jab|p2a: Toxapex\n|-resisted|p2a: Toxapex\n|-damage|p2a: Toxapex|77\/100\n|\n|-heal|p1a: Certified Eater|100\/100 brn|[from] Grassy Terrain\n|-heal|p2a: Toxapex|83\/100|[from] Grassy Terrain\n|-damage|p1a: Certified Eater|94\/100 brn|[from] brn\n|-fieldend|move: Grassy Terrain\n|upkeep\n|turn|14\n|\n|t:|1700623718\n|switch|p1a: Mojo Jojo|Munkidori, M|81\/100\n|switch|p2a: Cinderace|Cinderace, M|64\/100\n|\n|upkeep\n|turn|15\n|j| Blackjack Boi\n|l| Blackjack Boi\n|\n|t:|1700623733\n|move|p1a: Mojo Jojo|Psychic|p2a: Cinderace\n|-damage|p2a: Cinderace|12\/100\n|-status|p2a: Cinderace|tox|[from] ability: Toxic Chain|[of] p1a: Mojo Jojo\n|move|p2a: Cinderace|U-turn|p1a: Mojo Jojo\n|-start|p2a: Cinderace|typechange|Bug|[from] ability: Libero\n|-damage|p1a: Mojo Jojo|41\/100\n|\n|t:|1700623741\n|switch|p2a: Dragonite|Dragonite, F|57\/100|[from] U-turn\n|\n|upkeep\n|turn|16\n|j| life or plan\n|\n|t:|1700623756\n|switch|p1a: Donphan-Therian|Great Tusk|39\/100 brn\n|move|p2a: Dragonite|Extreme Speed|p1a: Donphan-Therian\n|-damage|p1a: Donphan-Therian|19\/100 brn\n|-damage|p2a: Dragonite|41\/100|[from] item: Rocky Helmet|[of] p1a: Donphan-Therian\n|\n|-damage|p1a: Donphan-Therian|13\/100 brn|[from] brn\n|upkeep\n|turn|17\n|\n|t:|1700623762\n|move|p2a: Dragonite|Extreme Speed|p1a: Donphan-Therian\n|-damage|p1a: Donphan-Therian|0 fnt\n|-damage|p2a: Dragonite|24\/100|[from] item: Rocky Helmet|[of] p1a: Donphan-Therian\n|faint|p1a: Donphan-Therian\n|-end|p1a: Donphan-Therian|Protosynthesis|[silent]\n|\n|upkeep\n|l| life or plan\n|\n|t:|1700623787\n|switch|p1a: Navigator|Dragonite, M|100\/100\n|turn|18\n|\n|t:|1700623798\n|move|p2a: Dragonite|Extreme Speed|p1a: Navigator\n|-damage|p1a: Navigator|77\/100\n|move|p1a: Navigator|Ice Spinner|p2a: Dragonite\n|-supereffective|p2a: Dragonite\n|-damage|p2a: Dragonite|0 fnt\n|faint|p2a: Dragonite\n|\n|upkeep\n|\n|t:|1700623807\n|switch|p2a: Cinderace|Cinderace, M|12\/100 tox\n|turn|19\n|\n|t:|1700623811\n|switch|p2a: Zapdos|Zapdos|100\/100\n|switch|p1a: Certified Eater|Muk-Alola, M|94\/100 brn\n|\n|-heal|p1a: Certified Eater|100\/100 brn|[from] item: Black Sludge\n|-damage|p1a: Certified Eater|94\/100 brn|[from] brn\n|upkeep\n|turn|20\n|\n|t:|1700623819\n|switch|p2a: Toxapex|Toxapex, M|100\/100\n|move|p1a: Certified Eater|Knock Off|p2a: Toxapex\n|-damage|p2a: Toxapex|87\/100\n|-enditem|p2a: Toxapex|Assault Vest|[from] move: Knock Off|[of] p1a: Certified Eater\n|\n|-heal|p1a: Certified Eater|100\/100 brn|[from] item: Black Sludge\n|-damage|p1a: Certified Eater|94\/100 brn|[from] brn\n|upkeep\n|turn|21\n|\n|t:|1700623829\n|switch|p1a: Mojo Jojo|Munkidori, M|41\/100\n|move|p2a: Toxapex|Infestation|p1a: Mojo Jojo\n|-damage|p1a: Mojo Jojo|35\/100\n|-activate|p1a: Mojo Jojo|move: Infestation|[of] p2a: Toxapex\n|\n|-damage|p1a: Mojo Jojo|23\/100|[from] move: Infestation|[partiallytrapped]\n|upkeep\n|turn|22\n|\n|t:|1700623837\n|move|p1a: Mojo Jojo|Psychic|p2a: Toxapex\n|-supereffective|p2a: Toxapex\n|-damage|p2a: Toxapex|15\/100\n|move|p2a: Toxapex|Surf|p1a: Mojo Jojo\n|-damage|p1a: Mojo Jojo|0 fnt\n|faint|p1a: Mojo Jojo\n|\n|upkeep\n|\n|t:|1700623840\n|switch|p1a: HIM|Enamorus, F|100\/100\n|turn|23\n|\n|t:|1700623854\n|move|p1a: HIM|Moonblast|p2a: Toxapex\n|-resisted|p2a: Toxapex\n|-damage|p2a: Toxapex|0 fnt\n|faint|p2a: Toxapex\n|\n|upkeep\n|\n|t:|1700623866\n|switch|p2a: Zapdos|Zapdos|100\/100\n|turn|24\n|\n|t:|1700623870\n|move|p1a: HIM|Moonblast|p2a: Zapdos\n|-damage|p2a: Zapdos|22\/100\n|move|p2a: Zapdos|Discharge|p1a: HIM\n|-supereffective|p1a: HIM\n|-damage|p1a: HIM|13\/100\n|\n|upkeep\n|turn|25\n|\n|t:|1700623878\n|switch|p2a: Cinderace|Cinderace, M|12\/100 tox\n|move|p1a: HIM|Moonblast|p2a: Cinderace\n|-resisted|p2a: Cinderace\n|-damage|p2a: Cinderace|0 fnt\n|faint|p2a: Cinderace\n|\n|upkeep\n|\n|t:|1700623895\n|switch|p2a: Landorus|Landorus-Therian, M|100\/100\n|-ability|p2a: Landorus|Intimidate|boost\n|-boost|p1a: HIM|atk|1\n|turn|26\n|\n|t:|1700623902\n|switch|p1a: Certified Eater|Muk-Alola, M|94\/100 brn\n|move|p2a: Landorus|Smack Down|p1a: Certified Eater\n|-damage|p1a: Certified Eater|75\/100 brn\n|\n|-heal|p1a: Certified Eater|81\/100 brn|[from] item: Black Sludge\n|-damage|p1a: Certified Eater|75\/100 brn|[from] brn\n|upkeep\n|turn|27\n|\n|t:|1700623907\n|move|p2a: Landorus|Substitute|p2a: Landorus\n|-start|p2a: Landorus|Substitute\n|-damage|p2a: Landorus|76\/100\n|move|p1a: Certified Eater|Knock Off|p2a: Landorus\n|-activate|p2a: Landorus|move: Substitute|[damage]\n|\n|-heal|p2a: Landorus|82\/100|[from] item: Leftovers\n|-heal|p1a: Certified Eater|81\/100 brn|[from] item: Black Sludge\n|-damage|p1a: Certified Eater|75\/100 brn|[from] brn\n|upkeep\n|turn|28\n|inactive|SDK04 has 120 seconds left.\n|\n|t:|1700623938\n|move|p2a: Landorus|Swords Dance|p2a: Landorus\n|-boost|p2a: Landorus|atk|2\n|move|p1a: Certified Eater|Knock Off|p2a: Landorus\n|-end|p2a: Landorus|Substitute\n|\n|-heal|p2a: Landorus|88\/100|[from] item: Leftovers\n|-heal|p1a: Certified Eater|81\/100 brn|[from] item: Black Sludge\n|-damage|p1a: Certified Eater|75\/100 brn|[from] brn\n|upkeep\n|turn|29\n|\n|t:|1700623956\n|move|p2a: Landorus|Substitute|p2a: Landorus\n|-start|p2a: Landorus|Substitute\n|-damage|p2a: Landorus|63\/100\n|move|p1a: Certified Eater|Knock Off|p2a: Landorus\n|-activate|p2a: Landorus|move: Substitute|[damage]\n|\n|-heal|p2a: Landorus|69\/100|[from] item: Leftovers\n|-heal|p1a: Certified Eater|81\/100 brn|[from] item: Black Sludge\n|-damage|p1a: Certified Eater|75\/100 brn|[from] brn\n|upkeep\n|turn|30\n|\n|t:|1700623960\n|move|p2a: Landorus|Earthquake|p1a: Certified Eater\n|-supereffective|p1a: Certified Eater\n|-damage|p1a: Certified Eater|0 fnt\n|faint|p1a: Certified Eater\n|\n|-heal|p2a: Landorus|75\/100|[from] item: Leftovers\n|upkeep\n|\n|t:|1700623970\n|switch|p1a: Nature\u2019s Nuke|Rillaboom, F, shiny|100\/100 par\n|-fieldstart|move: Grassy Terrain|[from] ability: Grassy Surge|[of] p1a: Nature\u2019s Nuke\n|turn|31\n|\n|t:|1700623976\n|cant|p1a: Nature\u2019s Nuke|par\n|move|p2a: Landorus|Smack Down|p1a: Nature\u2019s Nuke\n|-damage|p1a: Nature\u2019s Nuke|62\/100 par\n|\n|-heal|p2a: Landorus|81\/100|[from] item: Leftovers\n|-heal|p1a: Nature\u2019s Nuke|68\/100 par|[from] Grassy Terrain\n|upkeep\n|turn|32\n|\n|t:|1700623991\n|cant|p1a: Nature\u2019s Nuke|par\n|move|p2a: Landorus|Earthquake|p1a: Nature\u2019s Nuke\n|-resisted|p1a: Nature\u2019s Nuke\n|-damage|p1a: Nature\u2019s Nuke|39\/100 par\n|\n|-heal|p2a: Landorus|87\/100|[from] item: Leftovers\n|-heal|p1a: Nature\u2019s Nuke|45\/100 par|[from] Grassy Terrain\n|upkeep\n|turn|33\n|\n|t:|1700624001\n|move|p1a: Nature\u2019s Nuke|Grassy Glide|p2a: Landorus\n|-end|p2a: Landorus|Substitute\n|move|p2a: Landorus|Smack Down|p1a: Nature\u2019s Nuke\n|-damage|p1a: Nature\u2019s Nuke|2\/100 par\n|\n|-heal|p2a: Landorus|93\/100|[from] item: Leftovers\n|-heal|p1a: Nature\u2019s Nuke|9\/100 par|[from] Grassy Terrain\n|upkeep\n|turn|34\n|\n|t:|1700624026\n|move|p1a: Nature\u2019s Nuke|Grassy Glide|p2a: Landorus\n|-damage|p2a: Landorus|38\/100\n|move|p2a: Landorus|Substitute|p2a: Landorus\n|-start|p2a: Landorus|Substitute\n|-damage|p2a: Landorus|13\/100\n|\n|-heal|p2a: Landorus|19\/100|[from] item: Leftovers\n|-heal|p1a: Nature\u2019s Nuke|15\/100 par|[from] Grassy Terrain\n|upkeep\n|turn|35\n|\n|t:|1700624033\n|cant|p1a: Nature\u2019s Nuke|par\n|move|p2a: Landorus|Smack Down|p1a: Nature\u2019s Nuke\n|-damage|p1a: Nature\u2019s Nuke|0 fnt\n|faint|p1a: Nature\u2019s Nuke\n|\n|-heal|p2a: Landorus|25\/100|[from] item: Leftovers\n|-fieldend|move: Grassy Terrain\n|upkeep\n|\n|t:|1700624049\n|switch|p1a: Navigator|Dragonite, M|77\/100\n|turn|36\n|c|\u2606superstallenjoyer|i had to go for that play\n|\n|t:|1700624058\n|-terastallize|p1a: Navigator|Normal\n|move|p1a: Navigator|Extreme Speed|p2a: Landorus\n|-end|p2a: Landorus|Substitute\n|move|p2a: Landorus|Smack Down|p1a: Navigator\n|-damage|p1a: Navigator|37\/100\n|\n|-heal|p2a: Landorus|31\/100|[from] item: Leftovers\n|upkeep\n|turn|37\n|\n|t:|1700624068\n|switch|p2a: Zapdos|Zapdos|22\/100\n|move|p1a: Navigator|Extreme Speed|p2a: Zapdos\n|-damage|p2a: Zapdos|0 fnt\n|faint|p2a: Zapdos\n|\n|upkeep\n|\n|t:|1700624074\n|switch|p2a: Alomomola|Alomomola, F|100\/100\n|turn|38\n|\n|t:|1700624077\n|move|p1a: Navigator|Extreme Speed|p2a: Alomomola\n|-damage|p2a: Alomomola|66\/100\n|move|p2a: Alomomola|Scald|p1a: Navigator\n|-damage|p1a: Navigator|23\/100\n|\n|-heal|p2a: Alomomola|72\/100|[from] item: Leftovers\n|upkeep\n|turn|39\n|\n|t:|1700624082\n|move|p1a: Navigator|Extreme Speed|p2a: Alomomola\n|-damage|p2a: Alomomola|32\/100\n|move|p2a: Alomomola|Scald|p1a: Navigator\n|-damage|p1a: Navigator|8\/100\n|\n|-heal|p2a: Alomomola|38\/100|[from] item: Leftovers\n|upkeep\n|turn|40\n|\n|t:|1700624084\n|move|p1a: Navigator|Extreme Speed|p2a: Alomomola\n|-damage|p2a: Alomomola|3\/100\n|move|p2a: Alomomola|Wish|p2a: Alomomola\n|\n|-heal|p2a: Alomomola|9\/100|[from] item: Leftovers\n|upkeep\n|turn|41\n|\n|t:|1700624088\n|move|p2a: Alomomola|Protect|p2a: Alomomola\n|-singleturn|p2a: Alomomola|Protect\n|move|p1a: Navigator|Extreme Speed|p2a: Alomomola\n|-activate|p2a: Alomomola|move: Protect\n|\n|-heal|p2a: Alomomola|59\/100|[from] move: Wish|[wisher] Alomomola\n|-heal|p2a: Alomomola|65\/100|[from] item: Leftovers\n|upkeep\n|turn|42\n|c|@mcp3|How do u choke this\n|\n|t:|1700624091\n|move|p1a: Navigator|Extreme Speed|p2a: Alomomola\n|-damage|p2a: Alomomola|29\/100\n|move|p2a: Alomomola|Scald|p1a: Navigator\n|-damage|p1a: Navigator|0 fnt\n|faint|p1a: Navigator\n|\n|-heal|p2a: Alomomola|35\/100|[from] item: Leftovers\n|upkeep\n|\n|t:|1700624093\n|switch|p1a: HIM|Enamorus, F|13\/100\n|turn|43\n|c|\u2606superstallenjoyer|idk\n|c|\u2606SDK04|gg\n|c|\u2606SDK04|wp\n|\n|t:|1700624102\n|move|p2a: Alomomola|Protect|p2a: Alomomola\n|-singleturn|p2a: Alomomola|Protect\n|move|p1a: HIM|Moonblast|p2a: Alomomola\n|-activate|p2a: Alomomola|move: Protect\n|\n|-heal|p2a: Alomomola|41\/100|[from] item: Leftovers\n|upkeep\n|turn|44\n|\n|t:|1700624106\n|move|p1a: HIM|Moonblast|p2a: Alomomola\n|-damage|p2a: Alomomola|0 fnt\n|faint|p2a: Alomomola\n|\n|upkeep\n|\n|t:|1700624109\n|switch|p2a: Landorus|Landorus-Therian, M|31\/100\n|-ability|p2a: Landorus|Intimidate|boost\n|-boost|p1a: HIM|atk|1\n|turn|45\n|\n|t:|1700624116\n|-terastallize|p2a: Landorus|Ground\n|move|p1a: HIM|Moonblast|p2a: Landorus\n|-damage|p2a: Landorus|0 fnt\n|faint|p2a: Landorus\n|\n|win|SDK04\n|n|\u2606SDK04|sdk04\n|n|\u2606superstallenjoyer|superstallenjoyer\n|n| mcp3|mcp3\n|c|\u2606SDK04|One reason\n|c|\u2606superstallenjoyer|gg]\n|c|\u2606superstallenjoyer|why\n|c|\u2606superstallenjoyer|im noob\n|c|\u2606SDK04|Was cause you used Landorus-Fraudian\n|l| mcp3\n|c|\u2606superstallenjoyer|lando t to the top\n","uploadtime":1700624149,"views":0,"p1id":"sdk04","p2id":"superstallenjoyer","formatid":"gen9ou","rating":0,"private":0,"password":""}