{"id":"gen9ou-1996585825","p1":"CHUNTomChan","p2":"mathismathin","format":"[Gen 9] OU","log":"|j|\u2606CHUNTomChan\n|j|\u2606mathismathin\n|t:|1700697329\n|gametype|singles\n|player|p1|CHUNTomChan|lucas-gen4pt|1643\n|player|p2|mathismathin|nate|1742\n|teamsize|p1|6\n|teamsize|p2|6\n|gen|9\n|tier|[Gen 9] OU\n|rated|\n|rule|Sleep Clause Mod: Limit one foe put to sleep\n|rule|Species Clause: Limit one of each Pok\u00e9mon\n|rule|OHKO Clause: OHKO moves are banned\n|rule|Evasion Items Clause: Evasion items are banned\n|rule|Evasion Moves Clause: Evasion moves are banned\n|rule|Endless Battle Clause: Forcing endless battles is banned\n|rule|HP Percentage Mod: HP is shown in percentages\n|clearpoke\n|poke|p1|Kingambit, M|\n|poke|p1|Glimmora, F|\n|poke|p1|Zamazenta-*|\n|poke|p1|Iron Valiant|\n|poke|p1|Iron Moth|\n|poke|p1|Ogerpon-Wellspring, F|\n|poke|p2|Meowscarada, F|\n|poke|p2|Garchomp, F|\n|poke|p2|Gholdengo|\n|poke|p2|Mabosstiff, M|\n|poke|p2|Dondozo, F|\n|poke|p2|Toedscruel, F|\n|teampreview\n|inactive|Battle timer is ON: inactive players will automatically lose when time's up. (requested by CHUNTomChan)\n|\n|t:|1700697335\n|start\n|switch|p1a: Glimmora|Glimmora, F|100\/100\n|switch|p2a: Toedscruel|Toedscruel, F|100\/100\n|turn|1\n|\n|t:|1700697343\n|move|p1a: Glimmora|Mortal Spin|p2a: Toedscruel\n|-damage|p2a: Toedscruel|91\/100\n|-status|p2a: Toedscruel|psn\n|move|p2a: Toedscruel|Earth Power|p1a: Glimmora\n|-supereffective|p1a: Glimmora\n|-enditem|p1a: Glimmora|Focus Sash\n|-damage|p1a: Glimmora|1\/100\n|\n|-heal|p2a: Toedscruel|97\/100 psn|[from] item: Leftovers\n|-damage|p2a: Toedscruel|85\/100 psn|[from] psn\n|upkeep\n|turn|2\n|\n|t:|1700697355\n|move|p1a: Glimmora|Stealth Rock|p2a: Toedscruel\n|-sidestart|p2: mathismathin|move: Stealth Rock\n|move|p2a: Toedscruel|Rapid Spin|p1a: Glimmora\n|-resisted|p1a: Glimmora\n|-damage|p1a: Glimmora|0 fnt\n|-boost|p2a: Toedscruel|spe|1\n|-activate|p1a: Glimmora|ability: Toxic Debris\n|-sidestart|p2: mathismathin|move: Toxic Spikes\n|-sideend|p2: mathismathin|Toxic Spikes|[from] move: Rapid Spin|[of] p2a: Toedscruel\n|-sideend|p2: mathismathin|Stealth Rock|[from] move: Rapid Spin|[of] p2a: Toedscruel\n|faint|p1a: Glimmora\n|\n|-heal|p2a: Toedscruel|91\/100 psn|[from] item: Leftovers\n|-damage|p2a: Toedscruel|79\/100 psn|[from] psn\n|upkeep\n|\n|t:|1700697369\n|switch|p1a: Iron Moth|Iron Moth|100\/100\n|-enditem|p1a: Iron Moth|Booster Energy\n|-activate|p1a: Iron Moth|ability: Quark Drive|[fromitem]\n|-start|p1a: Iron Moth|quarkdrivespe\n|turn|3\n|\n|t:|1700697375\n|move|p1a: Iron Moth|Fiery Dance|p2a: Toedscruel\n|-supereffective|p2a: Toedscruel\n|-damage|p2a: Toedscruel|29\/100 psn\n|move|p2a: Toedscruel|Earth Power|p1a: Iron Moth\n|-supereffective|p1a: Iron Moth\n|-damage|p1a: Iron Moth|0 fnt\n|faint|p1a: Iron Moth\n|-end|p1a: Iron Moth|Quark Drive|[silent]\n|\n|-heal|p2a: Toedscruel|35\/100 psn|[from] item: Leftovers\n|-damage|p2a: Toedscruel|22\/100 psn|[from] psn\n|upkeep\n|\n|t:|1700697392\n|switch|p1a: Ogerpon|Ogerpon-Wellspring, F|100\/100\n|turn|4\n|\n|t:|1700697402\n|move|p2a: Toedscruel|Earth Power|p1a: Ogerpon\n|-resisted|p1a: Ogerpon\n|-damage|p1a: Ogerpon|85\/100\n|move|p1a: Ogerpon|Ivy Cudgel|p2a: Toedscruel|[anim] Ivy Cudgel Water\n|-crit|p2a: Toedscruel\n|-damage|p2a: Toedscruel|0 fnt\n|faint|p2a: Toedscruel\n|\n|upkeep\n|\n|t:|1700697405\n|switch|p2a: Meowscarada|Meowscarada, F|100\/100\n|turn|5\n|\n|t:|1700697415\n|switch|p1a: Kingambit|Kingambit, M, shiny|100\/100\n|-activate|p1a: Kingambit|ability: Supreme Overlord\n|-start|p1a: Kingambit|fallen2|[silent]\n|move|p2a: Meowscarada|U-turn|p1a: Kingambit\n|-start|p2a: Meowscarada|typechange|Bug|[from] ability: Protean\n|-damage|p1a: Kingambit|56\/100\n|\n|t:|1700697419\n|switch|p2a: Garchomp|Garchomp, F|100\/100|[from] U-turn\n|\n|upkeep\n|turn|6\n|\n|t:|1700697428\n|move|p2a: Garchomp|Earthquake|p1a: Kingambit\n|-supereffective|p1a: Kingambit\n|-damage|p1a: Kingambit|0 fnt\n|faint|p1a: Kingambit\n|-end|p1a: Kingambit|fallen2|[silent]\n|\n|upkeep\n|\n|t:|1700697434\n|switch|p1a: Zamazenta|Zamazenta|100\/100\n|-ability|p1a: Zamazenta|Dauntless Shield|boost\n|-boost|p1a: Zamazenta|def|1\n|turn|7\n|\n|t:|1700697442\n|move|p1a: Zamazenta|Iron Defense|p1a: Zamazenta\n|-boost|p1a: Zamazenta|def|2\n|move|p2a: Garchomp|Earthquake|p1a: Zamazenta\n|-damage|p1a: Zamazenta|87\/100\n|\n|-heal|p1a: Zamazenta|93\/100|[from] item: Leftovers\n|upkeep\n|turn|8\n|\n|t:|1700697451\n|switch|p2a: Gholdengo|Gholdengo|100\/100\n|move|p1a: Zamazenta|Body Press|p2a: Gholdengo\n|-immune|p2a: Gholdengo\n|\n|-heal|p1a: Zamazenta|99\/100|[from] item: Leftovers\n|upkeep\n|turn|9\n|\n|t:|1700697460\n|move|p2a: Gholdengo|Trick|p1a: Zamazenta\n|-activate|p2a: Gholdengo|move: Trick|[of] p1a: Zamazenta\n|-item|p1a: Zamazenta|Choice Scarf|[from] move: Trick\n|-item|p2a: Gholdengo|Leftovers|[from] move: Trick\n|move|p1a: Zamazenta|Crunch|p2a: Gholdengo\n|-supereffective|p2a: Gholdengo\n|-damage|p2a: Gholdengo|41\/100\n|\n|-heal|p2a: Gholdengo|47\/100|[from] item: Leftovers\n|upkeep\n|turn|10\n|-message|CHUNTomChan forfeited.\n|\n|win|mathismathin\n|raw|CHUNTomChan's rating: 1643 &rarr; <strong>1629<\/strong><br \/>(-14 for losing)\n|raw|mathismathin's rating: 1742 &rarr; <strong>1756<\/strong><br \/>(+14 for winning)\n|l|\u2606CHUNTomChan\n","uploadtime":1700697470,"views":3,"p1id":"chuntomchan","p2id":"mathismathin","formatid":"gen9ou","rating":1629,"private":0,"password":""}