{"id":"gen9ou-1991347915","p1":"273_Kalstor","p2":"SKILLFLAMED","format":"[Gen 9] OU","log":"|j|\u2606273_Kalstor\n|j|\u2606SKILLFLAMED\n|t:|1700069629\n|gametype|singles\n|player|p1|273_Kalstor|acetrainerf-gen4dp|1098\n|player|p2|SKILLFLAMED|hiker-gen4|1183\n|teamsize|p1|6\n|teamsize|p2|6\n|gen|9\n|tier|[Gen 9] OU\n|rated|\n|rule|Sleep Clause Mod: Limit one foe put to sleep\n|rule|Species Clause: Limit one of each Pok\u00e9mon\n|rule|OHKO Clause: OHKO moves are banned\n|rule|Evasion Items Clause: Evasion items are banned\n|rule|Evasion Moves Clause: Evasion moves are banned\n|rule|Endless Battle Clause: Forcing endless battles is banned\n|rule|HP Percentage Mod: HP is shown in percentages\n|clearpoke\n|poke|p1|Chandelure, F|\n|poke|p1|Torkoal, M|\n|poke|p1|Great Tusk|\n|poke|p1|Sneasler, M|\n|poke|p1|Zapdos|\n|poke|p1|Rillaboom, M|\n|poke|p2|Alomomola, M|\n|poke|p2|Seviper, F|\n|poke|p2|Glaceon, M|\n|poke|p2|Electrode-Hisui|\n|poke|p2|Sneasler, F|\n|poke|p2|Ursaluna, M|\n|teampreview\n|\n|t:|1700069638\n|start\n|switch|p1a: Torkoal|Torkoal, M|100\/100\n|switch|p2a: Glaceon|Glaceon, M|100\/100\n|-weather|SunnyDay|[from] ability: Drought|[of] p1a: Torkoal\n|turn|1\n|\n|t:|1700069646\n|move|p2a: Glaceon|Snowscape|p2a: Glaceon\n|-weather|Snow\n|move|p1a: Torkoal|Flamethrower|p2a: Glaceon\n|-supereffective|p2a: Glaceon\n|-damage|p2a: Glaceon|8\/100\n|\n|-weather|Snow|[upkeep]\n|-heal|p2a: Glaceon|14\/100|[from] ability: Ice Body\n|upkeep\n|turn|2\n|\n|t:|1700069653\n|move|p2a: Glaceon|Blizzard|p1a: Torkoal\n|-resisted|p1a: Torkoal\n|-damage|p1a: Torkoal|57\/100\n|move|p1a: Torkoal|Flamethrower|p2a: Glaceon\n|-supereffective|p2a: Glaceon\n|-damage|p2a: Glaceon|0 fnt\n|faint|p2a: Glaceon\n|\n|-weather|Snow|[upkeep]\n|upkeep\n|inactive|Battle timer is ON: inactive players will automatically lose when time's up. (requested by 273_Kalstor)\n|\n|t:|1700069670\n|switch|p2a: Seviper|Seviper, F|100\/100\n|turn|3\n|\n|t:|1700069677\n|switch|p1a: Great Tusk|Great Tusk|100\/100\n|move|p2a: Seviper|Sludge Bomb|p1a: Great Tusk\n|-resisted|p1a: Great Tusk\n|-damage|p1a: Great Tusk|72\/100\n|-status|p1a: Great Tusk|psn\n|\n|-weather|Snow|[upkeep]\n|-damage|p1a: Great Tusk|59\/100 psn|[from] psn\n|upkeep\n|turn|4\n|inactive|SKILLFLAMED has 120 seconds left.\n|\n|t:|1700069711\n|move|p1a: Great Tusk|Headlong Rush|p2a: Seviper\n|-supereffective|p2a: Seviper\n|-damage|p2a: Seviper|0 fnt\n|-unboost|p1a: Great Tusk|def|1\n|-unboost|p1a: Great Tusk|spd|1\n|faint|p2a: Seviper\n|\n|-weather|Snow|[upkeep]\n|-damage|p1a: Great Tusk|47\/100 psn|[from] psn\n|upkeep\n|inactive|SKILLFLAMED has 120 seconds left.\n|\n|t:|1700069719\n|switch|p2a: Electrode|Electrode-Hisui|100\/100\n|turn|5\n|inactive|SKILLFLAMED has 120 seconds left.\n|inactive|SKILLFLAMED has 90 seconds left.\n|l|\u2606273_Kalstor\n|inactive|273_Kalstor disconnected and has a minute to reconnect!\n|player|p1|\n|j|\u2606273_Kalstor\n|inactive|273_Kalstor reconnected.\n|player|p1|273_Kalstor|acetrainerf-gen4dp\n|inactive|SKILLFLAMED has 60 seconds left.\n|\n|t:|1700069800\n|-end|p1a: Great Tusk|Protosynthesis|[silent]\n|switch|p1a: Torkoal|Torkoal, M|57\/100\n|-weather|SunnyDay|[from] ability: Drought|[of] p1a: Torkoal\n|move|p2a: Electrode|Leaf Storm|p1a: Torkoal\n|-resisted|p1a: Torkoal\n|-damage|p1a: Torkoal|17\/100\n|-unboost|p2a: Electrode|spa|2\n|-damage|p2a: Electrode|91\/100|[from] item: Life Orb\n|\n|-weather|SunnyDay|[upkeep]\n|upkeep\n|turn|6\n|\n|t:|1700069807\n|move|p2a: Electrode|Volt Switch|p1a: Torkoal\n|-damage|p1a: Torkoal|0 fnt\n|faint|p1a: Torkoal\n|-damage|p2a: Electrode|81\/100|[from] item: Life Orb\n|inactive|SKILLFLAMED has 60 seconds left.\n|\n|t:|1700069814\n|switch|p2a: Ursaluna|Ursaluna, M|100\/100|[from] Volt Switch\n|\n|-weather|SunnyDay|[upkeep]\n|-status|p2a: Ursaluna|brn|[from] item: Flame Orb\n|upkeep\n|\n|t:|1700069818\n|switch|p1a: Rillaboom|Rillaboom, M|100\/100\n|-fieldstart|move: Grassy Terrain|[from] ability: Grassy Surge|[of] p1a: Rillaboom\n|turn|7\n|\n|t:|1700069824\n|switch|p2a: Sneasler|Sneasler, F|100\/100\n|move|p1a: Rillaboom|Drum Beating|p2a: Sneasler\n|-resisted|p2a: Sneasler\n|-damage|p2a: Sneasler|45\/100\n|-unboost|p2a: Sneasler|spe|1\n|\n|-weather|SunnyDay|[upkeep]\n|-heal|p2a: Sneasler|51\/100|[from] Grassy Terrain\n|upkeep\n|turn|8\n|\n|t:|1700069834\n|switch|p1a: Zapdos|Zapdos|100\/100\n|-ability|p1a: Zapdos|Pressure\n|move|p2a: Sneasler|Dire Claw|p1a: Zapdos\n|-damage|p1a: Zapdos|53\/100\n|\n|-weather|SunnyDay|[upkeep]\n|-heal|p2a: Sneasler|57\/100|[from] Grassy Terrain\n|upkeep\n|turn|9\n|\n|t:|1700069845\n|move|p2a: Sneasler|Dire Claw|p1a: Zapdos\n|-damage|p1a: Zapdos|3\/100\n|-status|p1a: Zapdos|psn\n|move|p1a: Zapdos|Air Cutter|p2a: Sneasler\n|-supereffective|p2a: Sneasler\n|-crit|p2a: Sneasler\n|-damage|p2a: Sneasler|0 fnt\n|faint|p2a: Sneasler\n|\n|-weather|SunnyDay|[upkeep]\n|-damage|p1a: Zapdos|0 fnt|[from] psn\n|faint|p1a: Zapdos\n|upkeep\n|\n|t:|1700069857\n|switch|p2a: Ursaluna|Ursaluna, M|100\/100 brn\n|switch|p1a: Chandelure|Chandelure, F|100\/100\n|turn|10\n|\n|t:|1700069863\n|move|p1a: Chandelure|Energy Ball|p2a: Ursaluna\n|-supereffective|p2a: Ursaluna\n|-damage|p2a: Ursaluna|14\/100 brn\n|move|p2a: Ursaluna|Headlong Rush|p1a: Chandelure\n|-supereffective|p1a: Chandelure\n|-damage|p1a: Chandelure|0 fnt\n|-unboost|p2a: Ursaluna|def|1\n|-unboost|p2a: Ursaluna|spd|1\n|faint|p1a: Chandelure\n|\n|-weather|SunnyDay|[upkeep]\n|-heal|p2a: Ursaluna|20\/100 brn|[from] Grassy Terrain\n|-damage|p2a: Ursaluna|14\/100 brn|[from] brn\n|upkeep\n|\n|t:|1700069865\n|switch|p1a: Rillaboom|Rillaboom, M|100\/100\n|turn|11\n|inactive|SKILLFLAMED has 90 seconds left.\n|\n|t:|1700069877\n|move|p1a: Rillaboom|Grassy Glide|p2a: Ursaluna\n|-supereffective|p2a: Ursaluna\n|-damage|p2a: Ursaluna|0 fnt\n|faint|p2a: Ursaluna\n|\n|-weather|SunnyDay|[upkeep]\n|-fieldend|move: Grassy Terrain\n|upkeep\n|\n|t:|1700069881\n|switch|p2a: Alomomola|Alomomola, M|100\/100\n|turn|12\n|\n|t:|1700069887\n|-terastallize|p2a: Alomomola|Grass\n|move|p1a: Rillaboom|Drum Beating|p2a: Alomomola\n|-resisted|p2a: Alomomola\n|-damage|p2a: Alomomola|87\/100\n|-unboost|p2a: Alomomola|spe|1\n|move|p2a: Alomomola|Substitute|p2a: Alomomola\n|-start|p2a: Alomomola|Substitute\n|-damage|p2a: Alomomola|62\/100\n|\n|-weather|none\n|-heal|p2a: Alomomola|69\/100|[from] item: Leftovers\n|upkeep\n|turn|13\n|\n|t:|1700069892\n|move|p1a: Rillaboom|U-turn|p2a: Alomomola\n|-supereffective|p2a: Alomomola\n|-end|p2a: Alomomola|Substitute\n|\n|t:|1700069896\n|switch|p1a: Sneasler|Sneasler, M|100\/100|[from] U-turn\n|move|p2a: Alomomola|Whirlpool|p1a: Sneasler|[miss]\n|-miss|p2a: Alomomola|p1a: Sneasler\n|\n|-heal|p2a: Alomomola|75\/100|[from] item: Leftovers\n|upkeep\n|turn|14\n|\n|t:|1700069901\n|move|p2a: Alomomola|Protect|p2a: Alomomola\n|-singleturn|p2a: Alomomola|Protect\n|move|p1a: Sneasler|Dire Claw|p2a: Alomomola\n|-activate|p2a: Alomomola|move: Protect\n|\n|-heal|p2a: Alomomola|81\/100|[from] item: Leftovers\n|upkeep\n|turn|15\n|\n|t:|1700069909\n|move|p1a: Sneasler|Dire Claw|p2a: Alomomola\n|-supereffective|p2a: Alomomola\n|-damage|p2a: Alomomola|34\/100\n|move|p2a: Alomomola|Wish|p2a: Alomomola\n|\n|-heal|p2a: Alomomola|40\/100|[from] item: Leftovers\n|upkeep\n|turn|16\n|\n|t:|1700069914\n|move|p2a: Alomomola|Protect|p2a: Alomomola\n|-singleturn|p2a: Alomomola|Protect\n|move|p1a: Sneasler|Dire Claw|p2a: Alomomola\n|-activate|p2a: Alomomola|move: Protect\n|\n|-heal|p2a: Alomomola|90\/100|[from] move: Wish|[wisher] Alomomola\n|-heal|p2a: Alomomola|96\/100|[from] item: Leftovers\n|upkeep\n|turn|17\n|\n|t:|1700069917\n|move|p1a: Sneasler|Dire Claw|p2a: Alomomola\n|-supereffective|p2a: Alomomola\n|-damage|p2a: Alomomola|50\/100\n|-status|p2a: Alomomola|par\n|move|p2a: Alomomola|Whirlpool|p1a: Sneasler\n|-damage|p1a: Sneasler|92\/100\n|-activate|p1a: Sneasler|move: Whirlpool|[of] p2a: Alomomola\n|\n|-heal|p2a: Alomomola|56\/100 par|[from] item: Leftovers\n|-damage|p1a: Sneasler|79\/100|[from] move: Whirlpool|[partiallytrapped]\n|upkeep\n|turn|18\n|\n|t:|1700069926\n|move|p2a: Alomomola|Protect|p2a: Alomomola\n|-singleturn|p2a: Alomomola|Protect\n|move|p1a: Sneasler|Dire Claw|p2a: Alomomola\n|-activate|p2a: Alomomola|move: Protect\n|\n|-heal|p2a: Alomomola|62\/100 par|[from] item: Leftovers\n|-damage|p1a: Sneasler|67\/100|[from] move: Whirlpool|[partiallytrapped]\n|upkeep\n|turn|19\n|\n|t:|1700069934\n|move|p1a: Sneasler|Dire Claw|p2a: Alomomola\n|-supereffective|p2a: Alomomola\n|-damage|p2a: Alomomola|17\/100 par\n|cant|p2a: Alomomola|par\n|\n|-heal|p2a: Alomomola|23\/100 par|[from] item: Leftovers\n|-damage|p1a: Sneasler|55\/100|[from] move: Whirlpool|[partiallytrapped]\n|upkeep\n|turn|20\n|\n|t:|1700069939\n|move|p2a: Alomomola|Protect|p2a: Alomomola\n|-singleturn|p2a: Alomomola|Protect\n|move|p1a: Sneasler|Dire Claw|p2a: Alomomola\n|-activate|p2a: Alomomola|move: Protect\n|\n|-heal|p2a: Alomomola|30\/100 par|[from] item: Leftovers\n|-damage|p1a: Sneasler|42\/100|[from] move: Whirlpool|[partiallytrapped]\n|upkeep\n|turn|21\n|\n|t:|1700069949\n|move|p1a: Sneasler|Dire Claw|p2a: Alomomola\n|-supereffective|p2a: Alomomola\n|-damage|p2a: Alomomola|0 fnt\n|faint|p2a: Alomomola\n|\n|-end|p1a: Sneasler|Whirlpool|[partiallytrapped]\n|upkeep\n|\n|t:|1700069952\n|switch|p2a: Electrode|Electrode-Hisui|81\/100\n|turn|22\n|\n|t:|1700069956\n|move|p1a: Sneasler|Dire Claw|p2a: Electrode\n|-supereffective|p2a: Electrode\n|-damage|p2a: Electrode|0 fnt\n|faint|p2a: Electrode\n|\n|win|273_Kalstor\n|raw|273_Kalstor's rating: 1098 &rarr; <strong>1129<\/strong><br \/>(+31 for winning)\n|raw|SKILLFLAMED's rating: 1183 &rarr; <strong>1152<\/strong><br \/>(-31 for losing)\n|l|\u2606SKILLFLAMED\n","uploadtime":1700069968,"views":6,"p1id":"273kalstor","p2id":"skillflamed","formatid":"gen9ou","rating":1129,"private":0,"password":""}