{"id":"gen9ou-2000158022","p1":"yeziqie","p2":"Ehdhdhdh","format":"[Gen 9] OU","log":"|j|\u2606yeziqie\n|j|\u2606Ehdhdhdh\n|t:|1701164791\n|gametype|singles\n|player|p1|yeziqie|1|1418\n|player|p2|Ehdhdhdh|guitarist|1493\n|teamsize|p1|6\n|teamsize|p2|6\n|gen|9\n|tier|[Gen 9] OU\n|rated|\n|rule|Sleep Clause Mod: Limit one foe put to sleep\n|rule|Species Clause: Limit one of each Pok\u00e9mon\n|rule|OHKO Clause: OHKO moves are banned\n|rule|Evasion Items Clause: Evasion items are banned\n|rule|Evasion Moves Clause: Evasion moves are banned\n|rule|Endless Battle Clause: Forcing endless battles is banned\n|rule|HP Percentage Mod: HP is shown in percentages\n|clearpoke\n|poke|p1|Ribombee, F|\n|poke|p1|Kleavor, F|\n|poke|p1|Scizor, F|\n|poke|p1|Lokix, M|\n|poke|p1|Yanmega, F|\n|poke|p1|Iron Thorns|\n|poke|p2|Kingambit, F|\n|poke|p2|Enamorus, F|\n|poke|p2|Haxorus, M|\n|poke|p2|Samurott-Hisui, F|\n|poke|p2|Ribombee, M|\n|poke|p2|Iron Moth|\n|teampreview\n|inactive|Battle timer is ON: inactive players will automatically lose when time's up. (requested by Ehdhdhdh)\n|\n|t:|1701164804\n|start\n|switch|p1a: Kleavor|Kleavor, F|100\/100\n|switch|p2a: Iron Moth|Iron Moth|100\/100\n|turn|1\n|\n|t:|1701164807\n|move|p1a: Kleavor|Stone Axe|p2a: Iron Moth\n|-supereffective|p2a: Iron Moth\n|-damage|p2a: Iron Moth|0 fnt\n|-sidestart|p2: Ehdhdhdh|move: Stealth Rock\n|faint|p2a: Iron Moth\n|-end|p2a: Iron Moth|Quark Drive|[silent]\n|\n|upkeep\n|\n|t:|1701164811\n|switch|p2a: Samurott|Samurott-Hisui, F|100\/100\n|-damage|p2a: Samurott|88\/100|[from] Stealth Rock\n|turn|2\n|\n|t:|1701164820\n|-terastallize|p1a: Kleavor|Ghost\n|move|p1a: Kleavor|Stone Axe|p2a: Samurott\n|-damage|p2a: Samurott|26\/100\n|move|p2a: Samurott|Razor Shell|p1a: Kleavor\n|-damage|p1a: Kleavor|0 fnt\n|faint|p1a: Kleavor\n|\n|upkeep\n|\n|t:|1701164836\n|switch|p1a: Ribombee|Ribombee, F|100\/100\n|turn|3\n|\n|t:|1701164838\n|move|p1a: Ribombee|Moonblast|p2a: Samurott\n|-supereffective|p2a: Samurott\n|-damage|p2a: Samurott|0 fnt\n|faint|p2a: Samurott\n|\n|upkeep\n|\n|t:|1701164841\n|switch|p2a: Kingambit|Kingambit, F|100\/100\n|-damage|p2a: Kingambit|94\/100|[from] Stealth Rock\n|-activate|p2a: Kingambit|ability: Supreme Overlord\n|-start|p2a: Kingambit|fallen2|[silent]\n|turn|4\n|\n|t:|1701164847\n|move|p1a: Ribombee|Stun Spore|p2a: Kingambit|[miss]\n|-miss|p1a: Ribombee|p2a: Kingambit\n|move|p2a: Kingambit|Swords Dance|p2a: Kingambit\n|-boost|p2a: Kingambit|atk|2\n|\n|-heal|p2a: Kingambit|100\/100|[from] item: Leftovers\n|upkeep\n|turn|5\n|\n|t:|1701164850\n|move|p1a: Ribombee|Stun Spore|p2a: Kingambit\n|-status|p2a: Kingambit|par\n|cant|p2a: Kingambit|par\n|\n|upkeep\n|turn|6\n|\n|t:|1701164855\n|move|p1a: Ribombee|Moonblast|p2a: Kingambit\n|-damage|p2a: Kingambit|60\/100 par\n|-unboost|p2a: Kingambit|spa|1\n|move|p2a: Kingambit|Iron Head|p1a: Ribombee\n|-supereffective|p1a: Ribombee\n|-enditem|p1a: Ribombee|Focus Sash\n|-damage|p1a: Ribombee|1\/100\n|\n|-heal|p2a: Kingambit|67\/100 par|[from] item: Leftovers\n|upkeep\n|turn|7\n|\n|t:|1701164861\n|switch|p1a: Lokix|Lokix, M|100\/100\n|cant|p2a: Kingambit|par\n|\n|-heal|p2a: Kingambit|73\/100 par|[from] item: Leftovers\n|upkeep\n|turn|8\n|\n|t:|1701164864\n|move|p1a: Lokix|First Impression|p2a: Kingambit\n|-damage|p2a: Kingambit|22\/100 par\n|move|p2a: Kingambit|Iron Head|p1a: Lokix\n|-damage|p1a: Lokix|0 fnt\n|faint|p1a: Lokix\n|\n|-heal|p2a: Kingambit|28\/100 par|[from] item: Leftovers\n|upkeep\n|\n|t:|1701164876\n|switch|p1a: Scizor|Scizor, F|100\/100\n|turn|9\n|\n|t:|1701164884\n|move|p1a: Scizor|U-turn|p2a: Kingambit\n|-damage|p2a: Kingambit|0 fnt\n|faint|p2a: Kingambit\n|-end|p2a: Kingambit|fallen2|[silent]\n|\n|t:|1701164889\n|switch|p1a: Ribombee|Ribombee, F|1\/100|[from] U-turn\n|\n|upkeep\n|\n|t:|1701164891\n|switch|p2a: Enamorus|Enamorus, F|100\/100\n|-damage|p2a: Enamorus|76\/100|[from] Stealth Rock\n|turn|10\n|\n|t:|1701164896\n|move|p2a: Enamorus|Superpower|p1a: Ribombee\n|-resisted|p1a: Ribombee\n|-damage|p1a: Ribombee|0 fnt\n|-boost|p2a: Enamorus|atk|1\n|-boost|p2a: Enamorus|def|1\n|faint|p1a: Ribombee\n|\n|upkeep\n|\n|t:|1701164901\n|switch|p1a: Yanmega|Yanmega, F|100\/100\n|turn|11\n|\n|t:|1701164906\n|switch|p2a: Haxorus|Haxorus, M|100\/100\n|-damage|p2a: Haxorus|88\/100|[from] Stealth Rock\n|-ability|p2a: Haxorus|Mold Breaker\n|move|p1a: Yanmega|Air Slash|p2a: Haxorus\n|-damage|p2a: Haxorus|0 fnt\n|faint|p2a: Haxorus\n|\n|upkeep\n|\n|t:|1701164908\n|switch|p2a: Ribombee|Ribombee, M|100\/100\n|-damage|p2a: Ribombee|76\/100|[from] Stealth Rock\n|turn|12\n|\n|t:|1701164917\n|move|p2a: Ribombee|Moonblast|p1a: Yanmega\n|-damage|p1a: Yanmega|41\/100\n|-unboost|p1a: Yanmega|spa|1\n|move|p1a: Yanmega|Air Slash|p2a: Ribombee\n|-supereffective|p2a: Ribombee\n|-crit|p2a: Ribombee\n|-damage|p2a: Ribombee|0 fnt\n|faint|p2a: Ribombee\n|\n|upkeep\n|\n|t:|1701164923\n|switch|p2a: Enamorus|Enamorus, F|76\/100\n|-damage|p2a: Enamorus|51\/100|[from] Stealth Rock\n|turn|13\n|\n|t:|1701164930\n|move|p2a: Enamorus|Superpower|p1a: Yanmega\n|-resisted|p1a: Yanmega\n|-damage|p1a: Yanmega|30\/100\n|-boost|p2a: Enamorus|atk|1\n|-boost|p2a: Enamorus|def|1\n|move|p1a: Yanmega|Air Slash|p2a: Enamorus\n|-damage|p2a: Enamorus|4\/100\n|\n|upkeep\n|turn|14\n|\n|t:|1701164933\n|move|p2a: Enamorus|Superpower|p1a: Yanmega\n|-resisted|p1a: Yanmega\n|-damage|p1a: Yanmega|11\/100\n|-boost|p2a: Enamorus|atk|1\n|-boost|p2a: Enamorus|def|1\n|move|p1a: Yanmega|Air Slash|p2a: Enamorus\n|-damage|p2a: Enamorus|0 fnt\n|faint|p2a: Enamorus\n|\n|win|yeziqie\n|raw|yeziqie's rating: 1418 &rarr; <strong>1442<\/strong><br \/>(+24 for winning)\n|raw|Ehdhdhdh's rating: 1493 &rarr; <strong>1469<\/strong><br \/>(-24 for losing)\n|l|\u2606Ehdhdhdh\n","uploadtime":1701164944,"views":10,"p1id":"yeziqie","p2id":"ehdhdhdh","formatid":"gen9ou","rating":1442,"private":0,"password":""}