{"id":"gen9ou-1988974404","p1":"Idi idi","p2":"YELLOW MOTOROLA","format":"[Gen 9] OU","log":"|j|\u2606Idi idi\n|j|\u2606YELLOW MOTOROLA\n|t:|1699796963\n|gametype|singles\n|player|p1|Idi idi|bugcatcher-gen4dp|1421\n|player|p2|YELLOW MOTOROLA|rocker-gen3|1526\n|teamsize|p1|6\n|teamsize|p2|6\n|gen|9\n|tier|[Gen 9] OU\n|rated|\n|rule|Sleep Clause Mod: Limit one foe put to sleep\n|rule|Species Clause: Limit one of each Pok\u00e9mon\n|rule|OHKO Clause: OHKO moves are banned\n|rule|Evasion Items Clause: Evasion items are banned\n|rule|Evasion Moves Clause: Evasion moves are banned\n|rule|Endless Battle Clause: Forcing endless battles is banned\n|rule|HP Percentage Mod: HP is shown in percentages\n|clearpoke\n|poke|p1|Ribombee, M|\n|poke|p1|Great Tusk|\n|poke|p1|Ogerpon-Wellspring, F|\n|poke|p1|Rillaboom, F|\n|poke|p1|Kingambit, M|\n|poke|p1|Gholdengo|\n|poke|p2|Scizor, M|\n|poke|p2|Ogerpon-Wellspring, F|\n|poke|p2|Dragapult, M|\n|poke|p2|Weezing-Galar, M|\n|poke|p2|Iron Valiant|\n|poke|p2|Ting-Lu|\n|teampreview\n|inactive|Battle timer is ON: inactive players will automatically lose when time's up. (requested by YELLOW MOTOROLA)\n|\n|t:|1699796967\n|start\n|switch|p1a: Ribombee|Ribombee, M|100\/100\n|switch|p2a: Mr. Krabs|Scizor, M, shiny|100\/100\n|turn|1\n|\n|t:|1699796976\n|move|p1a: Ribombee|Sticky Web|p2a: Mr. Krabs\n|-sidestart|p2: YELLOW MOTOROLA|move: Sticky Web\n|move|p2a: Mr. Krabs|Dual Wingbeat|p1a: Ribombee\n|-supereffective|p1a: Ribombee\n|-enditem|p1a: Ribombee|Focus Sash\n|-damage|p1a: Ribombee|1\/100\n|-supereffective|p1a: Ribombee\n|-damage|p1a: Ribombee|0 fnt\n|faint|p1a: Ribombee\n|-hitcount|p1: Ribombee|2\n|-damage|p2a: Mr. Krabs|91\/100|[from] item: Life Orb\n|\n|upkeep\n|\n|t:|1699796985\n|switch|p1a: Gholdengo|Gholdengo|100\/100\n|-item|p1a: Gholdengo|Air Balloon\n|turn|2\n|\n|t:|1699796997\n|move|p2a: Mr. Krabs|Bullet Punch|p1a: Gholdengo\n|-resisted|p1a: Gholdengo\n|-damage|p1a: Gholdengo|76\/100\n|-enditem|p1a: Gholdengo|Air Balloon\n|-damage|p2a: Mr. Krabs|81\/100|[from] item: Life Orb\n|move|p1a: Gholdengo|Shadow Ball|p2a: Mr. Krabs\n|-damage|p2a: Mr. Krabs|15\/100\n|\n|upkeep\n|turn|3\n|\n|t:|1699797012\n|switch|p2a: God Hand|Ting-Lu|100\/100\n|-activate|p2a: God Hand|move: Sticky Web\n|-unboost|p2a: God Hand|spe|1\n|-ability|p2a: God Hand|Vessel of Ruin\n|move|p1a: Gholdengo|Shadow Ball|p2a: God Hand\n|-resisted|p2a: God Hand\n|-damage|p2a: God Hand|91\/100\n|\n|-heal|p2a: God Hand|97\/100|[from] item: Leftovers\n|upkeep\n|turn|4\n|\n|t:|1699797019\n|switch|p1a: Rillaboom|Rillaboom, F|100\/100\n|-fieldstart|move: Grassy Terrain|[from] ability: Grassy Surge|[of] p1a: Rillaboom\n|move|p2a: God Hand|Earthquake|p1a: Rillaboom\n|-resisted|p1a: Rillaboom\n|-damage|p1a: Rillaboom|91\/100\n|\n|-heal|p1a: Rillaboom|97\/100|[from] Grassy Terrain\n|-heal|p2a: God Hand|100\/100|[from] Grassy Terrain\n|upkeep\n|turn|5\n|\n|t:|1699797034\n|move|p1a: Rillaboom|U-turn|p2a: God Hand\n|-supereffective|p2a: God Hand\n|-damage|p2a: God Hand|55\/100\n|\n|t:|1699797038\n|switch|p1a: Great Tusk|Great Tusk|100\/100|[from] U-turn\n|move|p2a: God Hand|Ruination|p1a: Great Tusk|[miss]\n|-miss|p2a: God Hand|p1a: Great Tusk\n|\n|-heal|p2a: God Hand|61\/100|[from] Grassy Terrain\n|-heal|p2a: God Hand|67\/100|[from] item: Leftovers\n|upkeep\n|turn|6\n|\n|t:|1699797046\n|switch|p2a: Capone \"Gang\" Bege|Weezing-Galar, M|100\/100\n|-ability|p2a: Capone \"Gang\" Bege|Neutralizing Gas\n|-activate|p2a: Capone \"Gang\" Bege|move: Sticky Web\n|-unboost|p2a: Capone \"Gang\" Bege|spe|1\n|move|p1a: Great Tusk|Ice Spinner|p2a: Capone \"Gang\" Bege\n|-damage|p2a: Capone \"Gang\" Bege|83\/100\n|-fieldend|move: Grassy Terrain\n|\n|-heal|p2a: Capone \"Gang\" Bege|89\/100|[from] item: Leftovers\n|upkeep\n|turn|7\n|\n|t:|1699797054\n|move|p1a: Great Tusk|Headlong Rush|p2a: Capone \"Gang\" Bege\n|-supereffective|p2a: Capone \"Gang\" Bege\n|-damage|p2a: Capone \"Gang\" Bege|2\/100\n|-unboost|p1a: Great Tusk|def|1\n|-unboost|p1a: Great Tusk|spd|1\n|move|p2a: Capone \"Gang\" Bege|Defog|p1a: Great Tusk\n|-unboost|p1a: Great Tusk|evasion|1\n|-sideend|p2: YELLOW MOTOROLA|Sticky Web|[from] move: Defog|[of] p2a: Capone \"Gang\" Bege\n|\n|-heal|p2a: Capone \"Gang\" Bege|8\/100|[from] item: Leftovers\n|upkeep\n|turn|8\n|\n|t:|1699797063\n|move|p1a: Great Tusk|Rapid Spin|p2a: Capone \"Gang\" Bege\n|-damage|p2a: Capone \"Gang\" Bege|0 fnt\n|-boost|p1a: Great Tusk|spe|1\n|faint|p2a: Capone \"Gang\" Bege\n|-end|p2a: Capone \"Gang\" Bege|ability: Neutralizing Gas\n|\n|upkeep\n|\n|t:|1699797068\n|switch|p2a: Jenny Wakeman|Iron Valiant|100\/100\n|-enditem|p2a: Jenny Wakeman|Booster Energy\n|-activate|p2a: Jenny Wakeman|ability: Quark Drive|[fromitem]\n|-start|p2a: Jenny Wakeman|quarkdrivespe\n|turn|9\n|\n|t:|1699797078\n|move|p2a: Jenny Wakeman|Moonblast|p1a: Great Tusk\n|-supereffective|p1a: Great Tusk\n|-damage|p1a: Great Tusk|0 fnt\n|faint|p1a: Great Tusk\n|-end|p1a: Great Tusk|Protosynthesis|[silent]\n|\n|upkeep\n|\n|t:|1699797085\n|switch|p1a: Gholdengo|Gholdengo|76\/100\n|turn|10\n|\n|t:|1699797095\n|-terastallize|p2a: Jenny Wakeman|Ghost\n|move|p2a: Jenny Wakeman|Shadow Ball|p1a: Gholdengo\n|-supereffective|p1a: Gholdengo\n|-damage|p1a: Gholdengo|0 fnt\n|faint|p1a: Gholdengo\n|\n|upkeep\n|\n|t:|1699797101\n|switch|p1a: Kingambit|Kingambit, M|100\/100\n|-activate|p1a: Kingambit|ability: Supreme Overlord\n|-start|p1a: Kingambit|fallen3|[silent]\n|turn|11\n|\n|t:|1699797113\n|-end|p2a: Jenny Wakeman|Quark Drive|[silent]\n|switch|p2a: Katara\ud83c\udf0a|Ogerpon-Wellspring, F|100\/100\n|move|p1a: Kingambit|Sucker Punch||[still]\n|-fail|p1a: Kingambit\n|\n|upkeep\n|turn|12\n|\n|t:|1699797118\n|move|p2a: Katara\ud83c\udf0a|Encore|p1a: Kingambit\n|-start|p1a: Kingambit|Encore\n|move|p1a: Kingambit|Sucker Punch||[still]\n|-fail|p1a: Kingambit\n|\n|upkeep\n|turn|13\n|\n|t:|1699797125\n|-end|p1a: Kingambit|fallen3|[silent]\n|switch|p1a: Rillaboom|Rillaboom, F|97\/100\n|-fieldstart|move: Grassy Terrain|[from] ability: Grassy Surge|[of] p1a: Rillaboom\n|move|p2a: Katara\ud83c\udf0a|Horn Leech|p1a: Rillaboom\n|-resisted|p1a: Rillaboom\n|-damage|p1a: Rillaboom|66\/100\n|\n|-heal|p1a: Rillaboom|73\/100|[from] Grassy Terrain\n|upkeep\n|turn|14\n|\n|t:|1699797134\n|switch|p2a: God Hand|Ting-Lu|67\/100\n|-ability|p2a: God Hand|Vessel of Ruin\n|move|p1a: Rillaboom|Wood Hammer|p2a: God Hand\n|-supereffective|p2a: God Hand\n|-damage|p2a: God Hand|0 fnt\n|faint|p2a: God Hand\n|-damage|p1a: Rillaboom|39\/100|[from] Recoil\n|\n|-heal|p1a: Rillaboom|45\/100|[from] Grassy Terrain\n|upkeep\n|\n|t:|1699797146\n|switch|p2a: Jenny Wakeman|Iron Valiant, tera:Ghost|100\/100\n|turn|15\n|\n|t:|1699797154\n|move|p2a: Jenny Wakeman|Moonblast|p1a: Rillaboom\n|-damage|p1a: Rillaboom|0 fnt\n|faint|p1a: Rillaboom\n|\n|upkeep\n|\n|t:|1699797157\n|switch|p1a: Kingambit|Kingambit, M|100\/100\n|-activate|p1a: Kingambit|ability: Supreme Overlord\n|-start|p1a: Kingambit|fallen4|[silent]\n|turn|16\n|\n|t:|1699797176\n|-end|p2a: Jenny Wakeman|Quark Drive|[silent]\n|switch|p2a: Mr. Krabs|Scizor, M, shiny|15\/100\n|move|p1a: Kingambit|Sucker Punch||[still]\n|-fail|p1a: Kingambit\n|\n|-heal|p2a: Mr. Krabs|21\/100|[from] Grassy Terrain\n|upkeep\n|turn|17\n|\n|t:|1699797182\n|move|p2a: Mr. Krabs|Close Combat|p1a: Kingambit\n|-supereffective|p1a: Kingambit\n|-crit|p1a: Kingambit\n|-damage|p1a: Kingambit|0 fnt\n|-unboost|p2a: Mr. Krabs|def|1\n|-unboost|p2a: Mr. Krabs|spd|1\n|faint|p1a: Kingambit\n|-end|p1a: Kingambit|fallen4|[silent]\n|-damage|p2a: Mr. Krabs|12\/100|[from] item: Life Orb\n|\n|-heal|p2a: Mr. Krabs|18\/100|[from] Grassy Terrain\n|-fieldend|move: Grassy Terrain\n|upkeep\n|-message|Idi idi forfeited.\n|\n|win|YELLOW MOTOROLA\n|raw|Idi idi's rating: 1421 &rarr; <strong>1407<\/strong><br \/>(-14 for losing)\n|raw|YELLOW MOTOROLA's rating: 1526 &rarr; <strong>1540<\/strong><br \/>(+14 for winning)\n|l|\u2606Idi idi\n","uploadtime":1699797190,"views":10,"p1id":"idiidi","p2id":"yellowmotorola","formatid":"gen9ou","rating":1407,"private":0,"password":""}