{"id":"gen9ou-1992368980","p1":"Herris456","p2":"ObitoDespair","format":"[Gen 9] OU","log":"|j|\u2606Herris456\n|j|\u2606ObitoDespair\n|t:|1700179592\n|gametype|singles\n|player|p1|Herris456|pokekid|\n|player|p2|ObitoDespair|blue|\n|teamsize|p1|6\n|teamsize|p2|6\n|gen|9\n|tier|[Gen 9] OU\n|rule|Sleep Clause Mod: Limit one foe put to sleep\n|rule|Species Clause: Limit one of each Pok\u00e9mon\n|rule|OHKO Clause: OHKO moves are banned\n|rule|Evasion Items Clause: Evasion items are banned\n|rule|Evasion Moves Clause: Evasion moves are banned\n|rule|Endless Battle Clause: Forcing endless battles is banned\n|rule|HP Percentage Mod: HP is shown in percentages\n|clearpoke\n|poke|p1|Ogerpon-Wellspring, F|\n|poke|p1|Iron Moth|\n|poke|p1|Corviknight, F|\n|poke|p1|Ting-Lu|\n|poke|p1|Dragapult, M|\n|poke|p1|Blissey, F|\n|poke|p2|Walking Wake|\n|poke|p2|Great Tusk|\n|poke|p2|Torkoal, M|\n|poke|p2|Skeledirge, M|\n|poke|p2|Sneasler, M|\n|poke|p2|Ting-Lu|\n|teampreview\n|\n|t:|1700179611\n|start\n|switch|p1a: Blissey|Blissey, F|100\/100\n|switch|p2a: Torkoal|Torkoal, M, shiny|100\/100\n|-weather|SunnyDay|[from] ability: Drought|[of] p2a: Torkoal\n|turn|1\n|\n|t:|1700179620\n|move|p1a: Blissey|Thunderbolt|p2a: Torkoal\n|-damage|p2a: Torkoal|69\/100\n|move|p2a: Torkoal|Stealth Rock|p1a: Blissey\n|-sidestart|p1: Herris456|move: Stealth Rock\n|\n|-weather|SunnyDay|[upkeep]\n|upkeep\n|turn|2\n|\n|t:|1700179627\n|switch|p2a: Ting-Lu|Ting-Lu|100\/100\n|-ability|p2a: Ting-Lu|Vessel of Ruin\n|move|p1a: Blissey|Ice Beam|p2a: Ting-Lu\n|-supereffective|p2a: Ting-Lu\n|-damage|p2a: Ting-Lu|72\/100\n|\n|-weather|SunnyDay|[upkeep]\n|-heal|p2a: Ting-Lu|78\/100|[from] item: Leftovers\n|upkeep\n|turn|3\n|\n|t:|1700179638\n|move|p1a: Blissey|Ice Beam|p2a: Ting-Lu\n|-supereffective|p2a: Ting-Lu\n|-damage|p2a: Ting-Lu|49\/100\n|move|p2a: Ting-Lu|Spikes|p1a: Blissey\n|-sidestart|p1: Herris456|Spikes\n|\n|-weather|SunnyDay|[upkeep]\n|-heal|p2a: Ting-Lu|55\/100|[from] item: Leftovers\n|upkeep\n|turn|4\n|\n|t:|1700179651\n|move|p1a: Blissey|Ice Beam|p2a: Ting-Lu\n|-supereffective|p2a: Ting-Lu\n|-damage|p2a: Ting-Lu|23\/100\n|move|p2a: Ting-Lu|Whirlwind|p1a: Blissey\n|drag|p1a: Dragapult|Dragapult, M|100\/100\n|-damage|p1a: Dragapult|88\/100|[from] Stealth Rock\n|-damage|p1a: Dragapult|76\/100|[from] Spikes\n|\n|-weather|SunnyDay|[upkeep]\n|-heal|p2a: Ting-Lu|29\/100|[from] item: Leftovers\n|upkeep\n|turn|5\n|\n|t:|1700179664\n|move|p1a: Dragapult|Dragon Darts|p2a: Ting-Lu\n|-damage|p2a: Ting-Lu|16\/100\n|-anim|p1a: Dragapult|Dragon Darts|p2a: Ting-Lu\n|-damage|p2a: Ting-Lu|4\/100\n|move|p2a: Ting-Lu|Spikes|p1a: Dragapult\n|-sidestart|p1: Herris456|Spikes\n|\n|-weather|SunnyDay|[upkeep]\n|-heal|p2a: Ting-Lu|10\/100|[from] item: Leftovers\n|upkeep\n|turn|6\n|\n|t:|1700179675\n|switch|p2a: Great Tusk|Great Tusk, shiny|100\/100\n|-activate|p2a: Great Tusk|ability: Protosynthesis\n|-start|p2a: Great Tusk|protosynthesisdef\n|move|p1a: Dragapult|Dragon Dance|p1a: Dragapult\n|-boost|p1a: Dragapult|atk|1\n|-boost|p1a: Dragapult|spe|1\n|\n|-weather|SunnyDay|[upkeep]\n|upkeep\n|turn|7\n|\n|t:|1700179686\n|move|p1a: Dragapult|Dragon Darts|p2a: Great Tusk\n|-damage|p2a: Great Tusk|85\/100\n|-anim|p1a: Dragapult|Dragon Darts|p2a: Great Tusk\n|-damage|p2a: Great Tusk|69\/100\n|move|p2a: Great Tusk|Knock Off|p1a: Dragapult\n|-supereffective|p1a: Dragapult\n|-damage|p1a: Dragapult|0 fnt\n|-enditem|p1a: Dragapult|Focus Sash|[from] move: Knock Off|[of] p2a: Great Tusk\n|faint|p1a: Dragapult\n|\n|-weather|SunnyDay|[upkeep]\n|-heal|p2a: Great Tusk|75\/100|[from] item: Leftovers\n|upkeep\n|\n|t:|1700179692\n|switch|p1a: Corviknight|Corviknight, F|100\/100\n|-damage|p1a: Corviknight|88\/100|[from] Stealth Rock\n|-ability|p1a: Corviknight|Pressure\n|turn|8\n|\n|t:|1700179725\n|-end|p2a: Great Tusk|Protosynthesis|[silent]\n|switch|p2a: Ting-Lu|Ting-Lu|10\/100\n|-ability|p2a: Ting-Lu|Vessel of Ruin\n|move|p1a: Corviknight|Defog|p2a: Ting-Lu\n|-unboost|p2a: Ting-Lu|evasion|1\n|-sideend|p1: Herris456|Spikes|[from] move: Defog|[of] p1a: Corviknight\n|-sideend|p1: Herris456|Stealth Rock|[from] move: Defog|[of] p1a: Corviknight\n|\n|-weather|none\n|-heal|p2a: Ting-Lu|16\/100|[from] item: Leftovers\n|upkeep\n|turn|9\n|\n|t:|1700179738\n|move|p1a: Corviknight|U-turn|p2a: Ting-Lu\n|-supereffective|p2a: Ting-Lu\n|-damage|p2a: Ting-Lu|1\/100\n|l|\u2606Herris456\n|player|p1|\n|j|\u2606Herris456\n|player|p1|Herris456|pokekid\n|\n|t:|1700179769\n|switch|p1a: Ogerpon|Ogerpon-Wellspring, F|100\/100|[from] U-turn\n|move|p2a: Ting-Lu|Ruination|p1a: Ogerpon\n|-damage|p1a: Ogerpon|51\/100\n|\n|-heal|p2a: Ting-Lu|8\/100|[from] item: Leftovers\n|upkeep\n|turn|10\n|\n|t:|1700179779\n|move|p1a: Ogerpon|U-turn|p2a: Ting-Lu\n|-supereffective|p2a: Ting-Lu\n|-damage|p2a: Ting-Lu|0 fnt\n|faint|p2a: Ting-Lu\n|\n|t:|1700179798\n|switch|p1a: Ting-Lu|Ting-Lu|100\/100|[from] U-turn\n|-ability|p1a: Ting-Lu|Vessel of Ruin\n|\n|upkeep\n|\n|t:|1700179818\n|switch|p2a: Sneasler|Sneasler, M, shiny|100\/100\n|-item|p2a: Sneasler|Air Balloon\n|turn|11\n|\n|t:|1700179825\n|move|p2a: Sneasler|Close Combat|p1a: Ting-Lu\n|-supereffective|p1a: Ting-Lu\n|-damage|p1a: Ting-Lu|32\/100\n|-unboost|p2a: Sneasler|def|1\n|-unboost|p2a: Sneasler|spd|1\n|move|p1a: Ting-Lu|Ruination|p2a: Sneasler\n|-damage|p2a: Sneasler|50\/100\n|-enditem|p2a: Sneasler|Air Balloon\n|\n|-heal|p1a: Ting-Lu|39\/100|[from] item: Leftovers\n|upkeep\n|turn|12\n|\n|t:|1700179840\n|switch|p1a: Corviknight|Corviknight, F|88\/100\n|-ability|p1a: Corviknight|Pressure\n|move|p2a: Sneasler|Close Combat|p1a: Corviknight\n|-damage|p1a: Corviknight|45\/100\n|-unboost|p2a: Sneasler|def|1\n|-unboost|p2a: Sneasler|spd|1\n|-damage|p2a: Sneasler|34\/100|[from] item: Rocky Helmet|[of] p1a: Corviknight\n|\n|upkeep\n|turn|13\n|\n|t:|1700179853\n|switch|p2a: Torkoal|Torkoal, M, shiny|69\/100\n|-weather|SunnyDay|[from] ability: Drought|[of] p2a: Torkoal\n|move|p1a: Corviknight|Brave Bird|p2a: Torkoal\n|-damage|p2a: Torkoal|45\/100\n|-damage|p1a: Corviknight|38\/100|[from] Recoil\n|\n|-weather|SunnyDay|[upkeep]\n|upkeep\n|turn|14\n|\n|t:|1700179865\n|move|p1a: Corviknight|U-turn|p2a: Torkoal\n|-resisted|p2a: Torkoal\n|-damage|p2a: Torkoal|40\/100\n|\n|t:|1700179868\n|switch|p1a: Blissey|Blissey, F|100\/100|[from] U-turn\n|move|p2a: Torkoal|Stealth Rock|p1a: Blissey\n|-sidestart|p1: Herris456|move: Stealth Rock\n|\n|-weather|SunnyDay|[upkeep]\n|upkeep\n|turn|15\n|\n|t:|1700179881\n|switch|p2a: Great Tusk|Great Tusk, shiny|75\/100\n|-activate|p2a: Great Tusk|ability: Protosynthesis\n|-start|p2a: Great Tusk|protosynthesisdef\n|move|p1a: Blissey|Flamethrower|p2a: Great Tusk\n|-damage|p2a: Great Tusk|25\/100\n|\n|-weather|SunnyDay|[upkeep]\n|-heal|p2a: Great Tusk|31\/100|[from] item: Leftovers\n|upkeep\n|turn|16\n|\n|t:|1700179918\n|switch|p1a: Ting-Lu|Ting-Lu|39\/100\n|-damage|p1a: Ting-Lu|32\/100|[from] Stealth Rock\n|-ability|p1a: Ting-Lu|Vessel of Ruin\n|move|p2a: Great Tusk|Knock Off|p1a: Ting-Lu\n|-resisted|p1a: Ting-Lu\n|-damage|p1a: Ting-Lu|26\/100\n|-enditem|p1a: Ting-Lu|Leftovers|[from] move: Knock Off|[of] p2a: Great Tusk\n|\n|-weather|SunnyDay|[upkeep]\n|-heal|p2a: Great Tusk|37\/100|[from] item: Leftovers\n|upkeep\n|turn|17\n|\n|t:|1700179931\n|move|p2a: Great Tusk|Body Press|p1a: Ting-Lu\n|-supereffective|p1a: Ting-Lu\n|-damage|p1a: Ting-Lu|0 fnt\n|faint|p1a: Ting-Lu\n|\n|-weather|SunnyDay|[upkeep]\n|-heal|p2a: Great Tusk|44\/100|[from] item: Leftovers\n|upkeep\n|\n|t:|1700179939\n|switch|p1a: Iron Moth|Iron Moth|100\/100\n|-damage|p1a: Iron Moth|76\/100|[from] Stealth Rock\n|-enditem|p1a: Iron Moth|Booster Energy\n|-activate|p1a: Iron Moth|ability: Quark Drive|[fromitem]\n|-start|p1a: Iron Moth|quarkdrivespe\n|turn|18\n|\n|t:|1700179948\n|move|p1a: Iron Moth|Substitute|p1a: Iron Moth\n|-start|p1a: Iron Moth|Substitute\n|-damage|p1a: Iron Moth|51\/100\n|move|p2a: Great Tusk|Earthquake|p1a: Iron Moth\n|-supereffective|p1a: Iron Moth\n|-end|p1a: Iron Moth|Substitute\n|\n|-weather|SunnyDay|[upkeep]\n|-heal|p2a: Great Tusk|50\/100|[from] item: Leftovers\n|upkeep\n|turn|19\n|\n|t:|1700179958\n|-terastallize|p1a: Iron Moth|Grass\n|move|p1a: Iron Moth|Energy Ball|p2a: Great Tusk\n|-supereffective|p2a: Great Tusk\n|-damage|p2a: Great Tusk|0 fnt\n|faint|p2a: Great Tusk\n|-end|p2a: Great Tusk|Protosynthesis|[silent]\n|\n|-weather|SunnyDay|[upkeep]\n|upkeep\n|\n|t:|1700179976\n|switch|p2a: Sneasler|Sneasler, M, shiny|34\/100\n|turn|20\n|\n|t:|1700180030\n|switch|p2a: Skeledirge|Skeledirge, M, shiny|100\/100\n|move|p1a: Iron Moth|Fiery Dance|p2a: Skeledirge\n|-resisted|p2a: Skeledirge\n|-damage|p2a: Skeledirge|66\/100\n|\n|-weather|none\n|upkeep\n|turn|21\n|\n|t:|1700180040\n|move|p1a: Iron Moth|Sludge Wave|p2a: Skeledirge\n|-resisted|p2a: Skeledirge\n|-damage|p2a: Skeledirge|43\/100\n|-status|p2a: Skeledirge|psn\n|move|p2a: Skeledirge|Torch Song|p1a: Iron Moth\n|-supereffective|p1a: Iron Moth\n|-damage|p1a: Iron Moth|0 fnt\n|-boost|p2a: Skeledirge|spa|1\n|faint|p1a: Iron Moth\n|-end|p1a: Iron Moth|Quark Drive|[silent]\n|\n|-damage|p2a: Skeledirge|30\/100 psn|[from] psn\n|upkeep\n|\n|t:|1700180049\n|switch|p1a: Blissey|Blissey, F|100\/100\n|-damage|p1a: Blissey|88\/100|[from] Stealth Rock\n|turn|22\n|\n|t:|1700180060\n|move|p2a: Skeledirge|Slack Off|p2a: Skeledirge\n|-heal|p2a: Skeledirge|80\/100 psn\n|move|p1a: Blissey|Thunderbolt|p2a: Skeledirge\n|-damage|p2a: Skeledirge|56\/100 psn\n|\n|-damage|p2a: Skeledirge|44\/100 psn|[from] psn\n|upkeep\n|turn|23\n|\n|t:|1700180071\n|move|p2a: Skeledirge|Slack Off|p2a: Skeledirge\n|-heal|p2a: Skeledirge|94\/100 psn\n|move|p1a: Blissey|Thunderbolt|p2a: Skeledirge\n|-damage|p2a: Skeledirge|67\/100 psn\n|\n|-damage|p2a: Skeledirge|54\/100 psn|[from] psn\n|upkeep\n|turn|24\n|\n|t:|1700180079\n|move|p2a: Skeledirge|Slack Off|p2a: Skeledirge\n|-heal|p2a: Skeledirge|100\/100 psn\n|move|p1a: Blissey|Thunderbolt|p2a: Skeledirge\n|-damage|p2a: Skeledirge|73\/100 psn\n|\n|-damage|p2a: Skeledirge|61\/100 psn|[from] psn\n|upkeep\n|turn|25\n|\n|t:|1700180089\n|move|p2a: Skeledirge|Will-O-Wisp|p1a: Blissey\n|-status|p1a: Blissey|brn\n|move|p1a: Blissey|Thunderbolt|p2a: Skeledirge\n|-damage|p2a: Skeledirge|34\/100 psn\n|\n|-damage|p2a: Skeledirge|21\/100 psn|[from] psn\n|-damage|p1a: Blissey|82\/100 brn|[from] brn\n|upkeep\n|turn|26\n|\n|t:|1700180099\n|move|p2a: Skeledirge|Slack Off|p2a: Skeledirge\n|-heal|p2a: Skeledirge|71\/100 psn\n|move|p1a: Blissey|Thunderbolt|p2a: Skeledirge\n|-damage|p2a: Skeledirge|45\/100 psn\n|\n|-damage|p2a: Skeledirge|33\/100 psn|[from] psn\n|-damage|p1a: Blissey|76\/100 brn|[from] brn\n|upkeep\n|turn|27\n|\n|t:|1700180109\n|move|p2a: Skeledirge|Slack Off|p2a: Skeledirge\n|-heal|p2a: Skeledirge|83\/100 psn\n|move|p1a: Blissey|Thunderbolt|p2a: Skeledirge\n|-damage|p2a: Skeledirge|59\/100 psn\n|\n|-damage|p2a: Skeledirge|46\/100 psn|[from] psn\n|-damage|p1a: Blissey|70\/100 brn|[from] brn\n|upkeep\n|turn|28\n|\n|t:|1700180118\n|move|p2a: Skeledirge|Slack Off|p2a: Skeledirge\n|-heal|p2a: Skeledirge|96\/100 psn\n|move|p1a: Blissey|Thunderbolt|p2a: Skeledirge\n|-damage|p2a: Skeledirge|70\/100 psn\n|\n|-damage|p2a: Skeledirge|58\/100 psn|[from] psn\n|-damage|p1a: Blissey|64\/100 brn|[from] brn\n|upkeep\n|turn|29\n|\n|t:|1700180140\n|move|p2a: Skeledirge|Torch Song|p1a: Blissey\n|-damage|p1a: Blissey|48\/100 brn\n|-boost|p2a: Skeledirge|spa|1\n|move|p1a: Blissey|Thunderbolt|p2a: Skeledirge\n|-crit|p2a: Skeledirge\n|-damage|p2a: Skeledirge|20\/100 psn\n|\n|-damage|p2a: Skeledirge|8\/100 psn|[from] psn\n|-damage|p1a: Blissey|42\/100 brn|[from] brn\n|upkeep\n|turn|30\n|\n|t:|1700180151\n|move|p2a: Skeledirge|Slack Off|p2a: Skeledirge\n|-heal|p2a: Skeledirge|58\/100 psn\n|move|p1a: Blissey|Soft-Boiled|p1a: Blissey\n|-heal|p1a: Blissey|92\/100 brn\n|\n|-damage|p2a: Skeledirge|45\/100 psn|[from] psn\n|-damage|p1a: Blissey|85\/100 brn|[from] brn\n|upkeep\n|turn|31\n|\n|t:|1700180166\n|move|p2a: Skeledirge|Slack Off|p2a: Skeledirge\n|-heal|p2a: Skeledirge|95\/100 psn\n|move|p1a: Blissey|Ice Beam|p2a: Skeledirge\n|-resisted|p2a: Skeledirge\n|-damage|p2a: Skeledirge|82\/100 psn\n|\n|-damage|p2a: Skeledirge|70\/100 psn|[from] psn\n|-damage|p1a: Blissey|79\/100 brn|[from] brn\n|upkeep\n|turn|32\n|\n|t:|1700180183\n|move|p2a: Skeledirge|Torch Song|p1a: Blissey\n|-damage|p1a: Blissey|60\/100 brn\n|-boost|p2a: Skeledirge|spa|1\n|move|p1a: Blissey|Thunderbolt|p2a: Skeledirge\n|-damage|p2a: Skeledirge|43\/100 psn\n|\n|-damage|p2a: Skeledirge|30\/100 psn|[from] psn\n|-damage|p1a: Blissey|54\/100 brn|[from] brn\n|upkeep\n|turn|33\n|\n|t:|1700180194\n|move|p2a: Skeledirge|Torch Song|p1a: Blissey\n|-damage|p1a: Blissey|31\/100 brn\n|-boost|p2a: Skeledirge|spa|1\n|move|p1a: Blissey|Soft-Boiled|p1a: Blissey\n|-heal|p1a: Blissey|81\/100 brn\n|\n|-damage|p2a: Skeledirge|18\/100 psn|[from] psn\n|-damage|p1a: Blissey|75\/100 brn|[from] brn\n|upkeep\n|turn|34\n|\n|t:|1700180205\n|move|p2a: Skeledirge|Torch Song|p1a: Blissey\n|-damage|p1a: Blissey|45\/100 brn\n|-boost|p2a: Skeledirge|spa|1\n|move|p1a: Blissey|Soft-Boiled|p1a: Blissey\n|-heal|p1a: Blissey|95\/100 brn\n|\n|-damage|p2a: Skeledirge|6\/100 psn|[from] psn\n|-damage|p1a: Blissey|89\/100 brn|[from] brn\n|upkeep\n|turn|35\n|\n|t:|1700180220\n|switch|p2a: Sneasler|Sneasler, M, shiny|34\/100\n|move|p1a: Blissey|Thunderbolt|p2a: Sneasler\n|-damage|p2a: Sneasler|6\/100\n|-status|p2a: Sneasler|par\n|\n|-damage|p1a: Blissey|83\/100 brn|[from] brn\n|upkeep\n|turn|36\n|\n|t:|1700180233\n|switch|p1a: Corviknight|Corviknight, F|38\/100\n|-damage|p1a: Corviknight|25\/100|[from] Stealth Rock\n|-ability|p1a: Corviknight|Pressure\n|move|p2a: Sneasler|Close Combat|p1a: Corviknight\n|-damage|p1a: Corviknight|0 fnt\n|-unboost|p2a: Sneasler|def|1\n|-unboost|p2a: Sneasler|spd|1\n|-damage|p2a: Sneasler|0 fnt|[from] item: Rocky Helmet|[of] p1a: Corviknight\n|faint|p1a: Corviknight\n|faint|p2a: Sneasler\n|\n|upkeep\n|\n|t:|1700180263\n|switch|p2a: Walking Wake|Walking Wake|100\/100\n|switch|p1a: Blissey|Blissey, F|83\/100 brn\n|-damage|p1a: Blissey|70\/100 brn|[from] Stealth Rock\n|turn|37\n|\n|t:|1700180270\n|move|p2a: Walking Wake|Draco Meteor|p1a: Blissey\n|-damage|p1a: Blissey|40\/100 brn\n|-unboost|p2a: Walking Wake|spa|2\n|move|p1a: Blissey|Thunderbolt|p2a: Walking Wake\n|-damage|p2a: Walking Wake|72\/100\n|\n|-damage|p1a: Blissey|33\/100 brn|[from] brn\n|upkeep\n|turn|38\n|\n|t:|1700180280\n|-end|p2a: Walking Wake|Protosynthesis|[silent]\n|switch|p2a: Skeledirge|Skeledirge, M, shiny|6\/100 psn\n|move|p1a: Blissey|Soft-Boiled|p1a: Blissey\n|-heal|p1a: Blissey|83\/100 brn\n|\n|-damage|p2a: Skeledirge|0 fnt|[from] psn\n|faint|p2a: Skeledirge\n|-damage|p1a: Blissey|77\/100 brn|[from] brn\n|upkeep\n|\n|t:|1700180292\n|switch|p2a: Torkoal|Torkoal, M, shiny|40\/100\n|-weather|SunnyDay|[from] ability: Drought|[of] p2a: Torkoal\n|turn|39\n|\n|t:|1700180318\n|move|p1a: Blissey|Thunderbolt|p2a: Torkoal\n|-damage|p2a: Torkoal|6\/100\n|move|p2a: Torkoal|Lava Plume|p1a: Blissey\n|-damage|p1a: Blissey|66\/100 brn\n|\n|-weather|SunnyDay|[upkeep]\n|-damage|p1a: Blissey|60\/100 brn|[from] brn\n|upkeep\n|turn|40\n|\n|t:|1700180327\n|move|p1a: Blissey|Soft-Boiled|p1a: Blissey\n|-heal|p1a: Blissey|100\/100 brn\n|move|p2a: Torkoal|Lava Plume|p1a: Blissey\n|-damage|p1a: Blissey|87\/100 brn\n|\n|-weather|SunnyDay|[upkeep]\n|-damage|p1a: Blissey|81\/100 brn|[from] brn\n|upkeep\n|turn|41\n|\n|t:|1700180335\n|move|p1a: Blissey|Thunderbolt|p2a: Torkoal\n|-crit|p2a: Torkoal\n|-damage|p2a: Torkoal|0 fnt\n|faint|p2a: Torkoal\n|\n|-weather|SunnyDay|[upkeep]\n|-damage|p1a: Blissey|75\/100 brn|[from] brn\n|upkeep\n|\n|t:|1700180343\n|switch|p2a: Walking Wake|Walking Wake|72\/100\n|-activate|p2a: Walking Wake|ability: Protosynthesis\n|-start|p2a: Walking Wake|protosynthesisspe\n|turn|42\n|\n|t:|1700180352\n|-terastallize|p2a: Walking Wake|Water\n|move|p2a: Walking Wake|Hydro Steam|p1a: Blissey\n|-crit|p1a: Blissey\n|-damage|p1a: Blissey|11\/100 brn\n|move|p1a: Blissey|Soft-Boiled|p1a: Blissey\n|-heal|p1a: Blissey|61\/100 brn\n|\n|-weather|SunnyDay|[upkeep]\n|-damage|p1a: Blissey|55\/100 brn|[from] brn\n|upkeep\n|turn|43\n|\n|t:|1700180363\n|switch|p1a: Ogerpon|Ogerpon-Wellspring, F|51\/100\n|-damage|p1a: Ogerpon|38\/100|[from] Stealth Rock\n|move|p2a: Walking Wake|Hydro Steam|p1a: Ogerpon\n|-heal|p1a: Ogerpon|63\/100|[from] ability: Water Absorb|[of] p2a: Walking Wake\n|\n|-weather|SunnyDay|[upkeep]\n|upkeep\n|turn|44\n|c|\u2606ObitoDespair|Oof gg\n|-message|ObitoDespair forfeited.\n|\n|win|Herris456\n|l|\u2606ObitoDespair\n|c|\u2606Herris456|Haha\n|l|\u2606Herris456\n|j|\u2606Herris456\n|player|p1|Herris456|pokekid\n","uploadtime":1700180591,"views":21,"p1id":"herris456","p2id":"obitodespair","formatid":"gen9ou","rating":0,"private":0,"password":""}