{"id":"gen9ou-1995952070","p1":"ziyi1117","p2":"yjp20160629","format":"[Gen 9] OU","log":"|j|\u2606ziyi1117\n|j|\u2606yjp20160629\n|t:|1700621278\n|gametype|singles\n|player|p1|ziyi1117|linebacker|1180\n|player|p2|yjp20160629|2|1195\n|teamsize|p1|6\n|teamsize|p2|6\n|gen|9\n|tier|[Gen 9] OU\n|rated|\n|rule|Sleep Clause Mod: Limit one foe put to sleep\n|rule|Species Clause: Limit one of each Pok\u00e9mon\n|rule|OHKO Clause: OHKO moves are banned\n|rule|Evasion Items Clause: Evasion items are banned\n|rule|Evasion Moves Clause: Evasion moves are banned\n|rule|Endless Battle Clause: Forcing endless battles is banned\n|rule|HP Percentage Mod: HP is shown in percentages\n|clearpoke\n|poke|p1|Ninetales-Alola, F|\n|poke|p1|Cetitan, M|\n|poke|p1|Alomomola, F|\n|poke|p1|Clodsire, F|\n|poke|p1|Great Tusk|\n|poke|p1|Cinderace, M|\n|poke|p2|Gholdengo|\n|poke|p2|Kingambit, F|\n|poke|p2|Corviknight, M|\n|poke|p2|Heatran, F|\n|poke|p2|Cinderace, M|\n|poke|p2|Garchomp, F|\n|teampreview\n|inactive|Battle timer is ON: inactive players will automatically lose when time's up. (requested by ziyi1117)\n|\n|t:|1700621307\n|start\n|switch|p1a: Ninetales|Ninetales-Alola, F|100\/100\n|switch|p2a: Gholdengo|Gholdengo|100\/100\n|-weather|Snow|[from] ability: Snow Warning|[of] p1a: Ninetales\n|turn|1\n|\n|t:|1700621317\n|move|p2a: Gholdengo|Make It Rain|p1a: Ninetales\n|-supereffective|p1a: Ninetales\n|-damage|p1a: Ninetales|0 fnt\n|-unboost|p2a: Gholdengo|spa|1\n|faint|p1a: Ninetales\n|\n|-weather|Snow|[upkeep]\n|upkeep\n|\n|t:|1700621325\n|switch|p1a: Cetitan|Cetitan, M|100\/100\n|turn|2\n|\n|t:|1700621329\n|-terastallize|p1a: Cetitan|Electric\n|move|p1a: Cetitan|Belly Drum|p1a: Cetitan\n|-damage|p1a: Cetitan|51\/100\n|-setboost|p1a: Cetitan|atk|6|[from] move: Belly Drum\n|move|p2a: Gholdengo|Make It Rain|p1a: Cetitan\n|-resisted|p1a: Cetitan\n|-damage|p1a: Cetitan|28\/100\n|-unboost|p2a: Gholdengo|spa|1\n|\n|-weather|Snow|[upkeep]\n|-heal|p1a: Cetitan|34\/100|[from] item: Leftovers\n|upkeep\n|turn|3\n|\n|t:|1700621342\n|switch|p2a: Cinderace|Cinderace, M|100\/100\n|move|p1a: Cetitan|Earthquake|p2a: Cinderace\n|-supereffective|p2a: Cinderace\n|-damage|p2a: Cinderace|0 fnt\n|faint|p2a: Cinderace\n|\n|-weather|Snow|[upkeep]\n|-heal|p1a: Cetitan|41\/100|[from] item: Leftovers\n|upkeep\n|\n|t:|1700621347\n|switch|p2a: Garchomp|Garchomp, F|100\/100\n|turn|4\n|\n|t:|1700621354\n|move|p2a: Garchomp|Earthquake|p1a: Cetitan\n|-supereffective|p1a: Cetitan\n|-damage|p1a: Cetitan|0 fnt\n|faint|p1a: Cetitan\n|\n|-weather|Snow|[upkeep]\n|upkeep\n|\n|t:|1700621363\n|switch|p1a: Clodsire|Clodsire, F|100\/100\n|turn|5\n|\n|t:|1700621367\n|move|p2a: Garchomp|Earthquake|p1a: Clodsire\n|-supereffective|p1a: Clodsire\n|-damage|p1a: Clodsire|0 fnt\n|faint|p1a: Clodsire\n|\n|-weather|Snow|[upkeep]\n|upkeep\n|\n|t:|1700621374\n|switch|p1a: Alomomola|Alomomola, F|100\/100\n|turn|6\n|\n|t:|1700621381\n|switch|p2a: Gholdengo|Gholdengo|100\/100\n|move|p1a: Alomomola|Scald|p2a: Gholdengo\n|-damage|p2a: Gholdengo|86\/100\n|\n|-weather|Snow|[upkeep]\n|upkeep\n|turn|7\n|\n|t:|1700621391\n|switch|p1a: Great Tusk|Great Tusk|100\/100\n|move|p2a: Gholdengo|Trick|p1a: Great Tusk\n|-activate|p2a: Gholdengo|move: Trick|[of] p1a: Great Tusk\n|-item|p1a: Great Tusk|Choice Scarf|[from] move: Trick\n|-item|p2a: Gholdengo|Assault Vest|[from] move: Trick\n|\n|-weather|Snow|[upkeep]\n|upkeep\n|turn|8\n|\n|t:|1700621406\n|switch|p2a: Corviknight|Corviknight, M|100\/100\n|move|p1a: Great Tusk|Headlong Rush|p2a: Corviknight\n|-immune|p2a: Corviknight\n|\n|-weather|none\n|upkeep\n|turn|9\n|\n|t:|1700621414\n|-end|p1a: Great Tusk|Protosynthesis|[silent]\n|switch|p1a: Cinderace|Cinderace, M|100\/100\n|-terastallize|p2a: Corviknight|Flying\n|move|p2a: Corviknight|Brave Bird|p1a: Cinderace\n|-damage|p1a: Cinderace|31\/100\n|-damage|p2a: Corviknight|83\/100|[from] Recoil\n|\n|upkeep\n|turn|10\n|\n|t:|1700621423\n|move|p1a: Cinderace|Pyro Ball|p2a: Corviknight\n|-damage|p2a: Corviknight|47\/100\n|move|p2a: Corviknight|Brave Bird|p1a: Cinderace\n|-damage|p1a: Cinderace|0 fnt\n|faint|p1a: Cinderace\n|-damage|p2a: Corviknight|40\/100|[from] Recoil\n|\n|upkeep\n|\n|t:|1700621430\n|switch|p1a: Alomomola|Alomomola, F|100\/100\n|turn|11\n|\n|t:|1700621432\n|move|p2a: Corviknight|Taunt|p1a: Alomomola\n|-start|p1a: Alomomola|move: Taunt\n|move|p1a: Alomomola|Scald|p2a: Corviknight\n|-damage|p2a: Corviknight|28\/100\n|\n|upkeep\n|turn|12\n|\n|t:|1700621441\n|switch|p1a: Great Tusk|Great Tusk|100\/100\n|move|p2a: Corviknight|Roost|p2a: Corviknight\n|-heal|p2a: Corviknight|78\/100\n|-hint|If a Flying Terastallized Pokemon uses Roost, it remains Flying-type.\n|\n|upkeep\n|turn|13\n|\n|t:|1700621444\n|move|p1a: Great Tusk|Ice Spinner|p2a: Corviknight\n|-supereffective|p2a: Corviknight\n|-damage|p2a: Corviknight|36\/100\n|-damage|p1a: Great Tusk|84\/100|[from] item: Rocky Helmet|[of] p2a: Corviknight\n|move|p2a: Corviknight|Brave Bird|p1a: Great Tusk\n|-supereffective|p1a: Great Tusk\n|-damage|p1a: Great Tusk|19\/100\n|-damage|p2a: Corviknight|15\/100|[from] Recoil\n|\n|upkeep\n|turn|14\n|\n|t:|1700621448\n|move|p1a: Great Tusk|Ice Spinner|p2a: Corviknight\n|-supereffective|p2a: Corviknight\n|-damage|p2a: Corviknight|0 fnt\n|-damage|p1a: Great Tusk|3\/100|[from] item: Rocky Helmet|[of] p2a: Corviknight\n|faint|p2a: Corviknight\n|\n|upkeep\n|\n|t:|1700621453\n|switch|p2a: Garchomp|Garchomp, F|100\/100\n|turn|15\n|\n|t:|1700621457\n|-end|p1a: Great Tusk|Protosynthesis|[silent]\n|switch|p1a: Alomomola|Alomomola, F|100\/100\n|move|p2a: Garchomp|Outrage|p1a: Alomomola\n|-damage|p1a: Alomomola|68\/100\n|-damage|p2a: Garchomp|84\/100|[from] item: Rocky Helmet|[of] p1a: Alomomola\n|\n|upkeep\n|turn|16\n|\n|t:|1700621460\n|move|p2a: Garchomp|Outrage|p1a: Alomomola|[from]lockedmove\n|-damage|p1a: Alomomola|35\/100\n|-damage|p2a: Garchomp|68\/100|[from] item: Rocky Helmet|[of] p1a: Alomomola\n|-start|p2a: Garchomp|confusion|[fatigue]\n|move|p1a: Alomomola|Wish|p1a: Alomomola\n|\n|upkeep\n|turn|17\n|\n|t:|1700621469\n|switch|p2a: Gholdengo|Gholdengo|86\/100\n|switch|p1a: Great Tusk|Great Tusk|3\/100\n|\n|-heal|p1a: Great Tusk|70\/100|[from] move: Wish|[wisher] Alomomola\n|upkeep\n|turn|18\n|\n|t:|1700621478\n|switch|p2a: Garchomp|Garchomp, F|68\/100\n|move|p1a: Great Tusk|Headlong Rush|p2a: Garchomp\n|-damage|p2a: Garchomp|0 fnt\n|-unboost|p1a: Great Tusk|def|1\n|-unboost|p1a: Great Tusk|spd|1\n|-damage|p1a: Great Tusk|58\/100|[from] ability: Rough Skin|[of] p2a: Garchomp\n|faint|p2a: Garchomp\n|\n|upkeep\n|\n|t:|1700621489\n|switch|p2a: Gholdengo|Gholdengo|86\/100\n|turn|19\n|\n|t:|1700621492\n|move|p1a: Great Tusk|Headlong Rush|p2a: Gholdengo\n|-supereffective|p2a: Gholdengo\n|-damage|p2a: Gholdengo|0 fnt\n|-unboost|p1a: Great Tusk|def|1\n|-unboost|p1a: Great Tusk|spd|1\n|faint|p2a: Gholdengo\n|\n|upkeep\n|\n|t:|1700621496\n|switch|p2a: Heatran|Heatran, F|100\/100\n|turn|20\n|\n|t:|1700621499\n|move|p1a: Great Tusk|Headlong Rush|p2a: Heatran\n|-supereffective|p2a: Heatran\n|-damage|p2a: Heatran|0 fnt\n|-unboost|p1a: Great Tusk|def|1\n|-unboost|p1a: Great Tusk|spd|1\n|faint|p2a: Heatran\n|\n|upkeep\n|\n|t:|1700621501\n|switch|p2a: Kingambit|Kingambit, F|100\/100\n|-activate|p2a: Kingambit|ability: Supreme Overlord\n|-start|p2a: Kingambit|fallen5|[silent]\n|turn|21\n|\n|t:|1700621503\n|move|p2a: Kingambit|Sucker Punch|p1a: Great Tusk\n|-resisted|p1a: Great Tusk\n|-damage|p1a: Great Tusk|7\/100\n|move|p1a: Great Tusk|Headlong Rush|p2a: Kingambit\n|-supereffective|p2a: Kingambit\n|-damage|p2a: Kingambit|2\/100\n|-unboost|p1a: Great Tusk|def|1\n|-unboost|p1a: Great Tusk|spd|1\n|\n|-heal|p2a: Kingambit|8\/100|[from] item: Leftovers\n|upkeep\n|turn|22\n|\n|t:|1700621512\n|move|p2a: Kingambit|Sucker Punch|p1a: Great Tusk\n|-resisted|p1a: Great Tusk\n|-damage|p1a: Great Tusk|0 fnt\n|faint|p1a: Great Tusk\n|-end|p1a: Great Tusk|Protosynthesis|[silent]\n|\n|-heal|p2a: Kingambit|14\/100|[from] item: Leftovers\n|upkeep\n|\n|t:|1700621515\n|switch|p1a: Alomomola|Alomomola, F|69\/100\n|turn|23\n|\n|t:|1700621520\n|move|p1a: Alomomola|Wish|p1a: Alomomola\n|move|p2a: Kingambit|Swords Dance|p2a: Kingambit\n|-boost|p2a: Kingambit|atk|2\n|\n|-heal|p2a: Kingambit|20\/100|[from] item: Leftovers\n|upkeep\n|turn|24\n|\n|t:|1700621526\n|move|p1a: Alomomola|Scald|p2a: Kingambit\n|-damage|p2a: Kingambit|7\/100\n|-status|p2a: Kingambit|brn\n|move|p2a: Kingambit|Swords Dance|p2a: Kingambit\n|-boost|p2a: Kingambit|atk|2\n|\n|-heal|p1a: Alomomola|100\/100|[from] move: Wish|[wisher] Alomomola\n|-heal|p2a: Kingambit|14\/100 brn|[from] item: Leftovers\n|-damage|p2a: Kingambit|7\/100 brn|[from] brn\n|upkeep\n|turn|25\n|\n|t:|1700621532\n|move|p1a: Alomomola|Protect|p1a: Alomomola\n|-singleturn|p1a: Alomomola|Protect\n|move|p2a: Kingambit|Kowtow Cleave|p1a: Alomomola\n|-activate|p1a: Alomomola|move: Protect\n|\n|-heal|p2a: Kingambit|14\/100 brn|[from] item: Leftovers\n|-damage|p2a: Kingambit|7\/100 brn|[from] brn\n|upkeep\n|turn|26\n|\n|t:|1700621541\n|move|p1a: Alomomola|Scald|p2a: Kingambit\n|-damage|p2a: Kingambit|0 fnt\n|faint|p2a: Kingambit\n|-end|p2a: Kingambit|fallen5|[silent]\n|\n|win|ziyi1117\n|raw|ziyi1117's rating: 1180 &rarr; <strong>1206<\/strong><br \/>(+26 for winning)\n|raw|yjp20160629's rating: 1195 &rarr; <strong>1169<\/strong><br \/>(-26 for losing)\n|l|\u2606yjp20160629\n","uploadtime":1700621547,"views":0,"p1id":"ziyi1117","p2id":"yjp20160629","formatid":"gen9ou","rating":1169,"private":0,"password":""}