{"id":"gen9ou-1996022130","p1":"FoodieTheFood","p2":"Maxohrus","format":"[Gen 9] OU","log":"|j|\u2606FoodieTheFood\n|j|\u2606Maxohrus\n|t:|1700630721\n|gametype|singles\n|player|p1|FoodieTheFood|iris-gen5bw2|1175\n|player|p2|Maxohrus|steven|1207\n|teamsize|p1|6\n|teamsize|p2|6\n|gen|9\n|tier|[Gen 9] OU\n|rated|\n|rule|Sleep Clause Mod: Limit one foe put to sleep\n|rule|Species Clause: Limit one of each Pok\u00e9mon\n|rule|OHKO Clause: OHKO moves are banned\n|rule|Evasion Items Clause: Evasion items are banned\n|rule|Evasion Moves Clause: Evasion moves are banned\n|rule|Endless Battle Clause: Forcing endless battles is banned\n|rule|HP Percentage Mod: HP is shown in percentages\n|clearpoke\n|poke|p1|Ribombee, F|\n|poke|p1|Samurott-Hisui, M|\n|poke|p1|Meowscarada, M|\n|poke|p1|Mimikyu, F|\n|poke|p1|Mamoswine, F|\n|poke|p1|Jolteon, F|\n|poke|p2|Kingambit, M|\n|poke|p2|Hatterene, F|\n|poke|p2|Gholdengo|\n|poke|p2|Volcanion|\n|poke|p2|Amoonguss, F|\n|poke|p2|Dragonite, F|\n|teampreview\n|\n|t:|1700630740\n|start\n|switch|p1a: Mimikyu|Mimikyu, F|100\/100\n|switch|p2a: Volcanion|Volcanion|100\/100\n|turn|1\n|\n|t:|1700630753\n|switch|p1a: Ribombee|Ribombee, F|100\/100\n|move|p2a: Volcanion|Steam Eruption|p1a: Ribombee\n|-damage|p1a: Ribombee|24\/100\n|\n|upkeep\n|turn|2\n|\n|t:|1700630760\n|move|p1a: Ribombee|Psychic|p2a: Volcanion\n|-damage|p2a: Volcanion|82\/100\n|move|p2a: Volcanion|Flamethrower|p1a: Ribombee\n|-supereffective|p1a: Ribombee\n|-damage|p1a: Ribombee|0 fnt\n|faint|p1a: Ribombee\n|\n|-heal|p2a: Volcanion|88\/100|[from] item: Leftovers\n|upkeep\n|\n|t:|1700630765\n|switch|p1a: Jolteon|Jolteon, F|100\/100\n|turn|3\n|\n|t:|1700630778\n|switch|p2a: Amoonguss|Amoonguss, F|100\/100\n|move|p1a: Jolteon|Calm Mind|p1a: Jolteon\n|-boost|p1a: Jolteon|spa|1\n|-boost|p1a: Jolteon|spd|1\n|\n|upkeep\n|turn|4\n|\n|t:|1700630784\n|-terastallize|p1a: Jolteon|Ice\n|move|p1a: Jolteon|Tera Blast|p2a: Amoonguss|[anim] Tera Blast Ice\n|-supereffective|p2a: Amoonguss\n|-damage|p2a: Amoonguss|0 fnt\n|faint|p2a: Amoonguss\n|\n|upkeep\n|\n|t:|1700630831\n|switch|p2a: Gholdengo|Gholdengo|100\/100\n|turn|5\n|\n|t:|1700630861\n|move|p1a: Jolteon|Volt Switch|p2a: Gholdengo\n|-damage|p2a: Gholdengo|44\/100\n|\n|t:|1700630866\n|switch|p1a: Samurott|Samurott-Hisui, M|100\/100|[from] Volt Switch\n|move|p2a: Gholdengo|Make It Rain|p1a: Samurott\n|-resisted|p1a: Samurott\n|-damage|p1a: Samurott|72\/100\n|-unboost|p2a: Gholdengo|spa|1\n|\n|-heal|p2a: Gholdengo|50\/100|[from] item: Leftovers\n|upkeep\n|turn|6\n|\n|t:|1700630888\n|move|p1a: Samurott|Ceaseless Edge|p2a: Gholdengo\n|-supereffective|p2a: Gholdengo\n|-damage|p2a: Gholdengo|0 fnt\n|-sidestart|p2: Maxohrus|Spikes\n|faint|p2a: Gholdengo\n|\n|upkeep\n|\n|t:|1700630906\n|switch|p2a: Dragonite|Dragonite, F|100\/100\n|turn|7\n|\n|t:|1700630916\n|move|p1a: Samurott|Knock Off|p2a: Dragonite\n|-crit|p2a: Dragonite\n|-damage|p2a: Dragonite|24\/100\n|-enditem|p2a: Dragonite|Lum Berry|[from] move: Knock Off|[of] p1a: Samurott\n|move|p2a: Dragonite|Dragon Dance|p2a: Dragonite\n|-boost|p2a: Dragonite|atk|1\n|-boost|p2a: Dragonite|spe|1\n|\n|upkeep\n|turn|8\n|\n|t:|1700630931\n|switch|p1a: Mimikyu|Mimikyu, F|100\/100\n|move|p2a: Dragonite|Air Slash|p1a: Mimikyu\n|-activate|p1a: Mimikyu|ability: Disguise\n|-damage|p1a: Mimikyu|100\/100\n|detailschange|p1a: Mimikyu|Mimikyu-Busted, F\n|-damage|p1a: Mimikyu|88\/100|[from] pokemon: Mimikyu-Busted\n|-enditem|p1a: Mimikyu|Red Card|[of] p2a: Dragonite\n|drag|p2a: Volcanion|Volcanion|88\/100\n|-damage|p2a: Volcanion|76\/100|[from] Spikes\n|\n|-heal|p2a: Volcanion|82\/100|[from] item: Leftovers\n|upkeep\n|turn|9\n|c|\u2606FoodieTheFood|air slash???\n|c|\u2606FoodieTheFood|and inner focus for sure\n|\n|t:|1700630987\n|move|p1a: Mimikyu|Shadow Claw|p2a: Volcanion\n|-crit|p2a: Volcanion\n|-damage|p2a: Volcanion|47\/100\n|move|p2a: Volcanion|Flamethrower|p1a: Mimikyu\n|-damage|p1a: Mimikyu|40\/100\n|\n|-heal|p2a: Volcanion|53\/100|[from] item: Leftovers\n|upkeep\n|turn|10\n|\n|t:|1700631008\n|move|p1a: Mimikyu|Shadow Claw|p2a: Volcanion\n|-damage|p2a: Volcanion|31\/100\n|move|p2a: Volcanion|Flamethrower|p1a: Mimikyu\n|-damage|p1a: Mimikyu|0 fnt\n|faint|p1a: Mimikyu\n|\n|-heal|p2a: Volcanion|37\/100|[from] item: Leftovers\n|upkeep\n|\n|t:|1700631013\n|switch|p1a: Samurott|Samurott-Hisui, M|72\/100\n|turn|11\n|\n|t:|1700631026\n|move|p1a: Samurott|Ceaseless Edge|p2a: Volcanion\n|-crit|p2a: Volcanion\n|-damage|p2a: Volcanion|0 fnt\n|-sidestart|p2: Maxohrus|Spikes\n|faint|p2a: Volcanion\n|\n|upkeep\n|\n|t:|1700631055\n|switch|p2a: Dragonite|Dragonite, F|24\/100\n|turn|12\n|\n|t:|1700631060\n|move|p1a: Samurott|Ceaseless Edge|p2a: Dragonite|[miss]\n|-miss|p1a: Samurott|p2a: Dragonite\n|move|p2a: Dragonite|Dragon Claw|p1a: Samurott\n|-damage|p1a: Samurott|15\/100\n|\n|upkeep\n|turn|13\n|\n|t:|1700631066\n|move|p1a: Samurott|Ceaseless Edge|p2a: Dragonite\n|-damage|p2a: Dragonite|0 fnt\n|-sidestart|p2: Maxohrus|Spikes\n|faint|p2a: Dragonite\n|\n|upkeep\n|\n|t:|1700631071\n|switch|p2a: Hatterene|Hatterene, F|100\/100\n|-damage|p2a: Hatterene|76\/100|[from] Spikes\n|turn|14\n|\n|t:|1700631075\n|move|p1a: Samurott|Razor Shell|p2a: Hatterene\n|-damage|p2a: Hatterene|22\/100\n|-unboost|p2a: Hatterene|def|1\n|move|p2a: Hatterene|Trick Room|p2a: Hatterene\n|-fieldstart|move: Trick Room|[of] p2a: Hatterene\n|\n|-heal|p2a: Hatterene|28\/100|[from] item: Leftovers\n|upkeep\n|turn|15\n|\n|t:|1700631089\n|move|p1a: Samurott|Aqua Jet|p2a: Hatterene\n|-damage|p2a: Hatterene|0 fnt\n|faint|p2a: Hatterene\n|\n|upkeep\n|\n|t:|1700631093\n|switch|p2a: Kingambit|Kingambit, M|100\/100\n|-damage|p2a: Kingambit|75\/100|[from] Spikes\n|-activate|p2a: Kingambit|ability: Supreme Overlord\n|-start|p2a: Kingambit|fallen5|[silent]\n|turn|16\n|\n|t:|1700631109\n|move|p2a: Kingambit|Brick Break|p1a: Samurott\n|-supereffective|p1a: Samurott\n|-damage|p1a: Samurott|0 fnt\n|faint|p1a: Samurott\n|-damage|p2a: Kingambit|66\/100|[from] item: Life Orb\n|\n|upkeep\n|\n|t:|1700631115\n|switch|p1a: Meowscarada|Meowscarada, M|100\/100\n|turn|17\n|\n|t:|1700631131\n|move|p1a: Meowscarada|Sucker Punch|p2a: Kingambit\n|-start|p1a: Meowscarada|typechange|Dark|[from] ability: Protean\n|-resisted|p2a: Kingambit\n|-damage|p2a: Kingambit|46\/100\n|move|p2a: Kingambit|Brick Break|p1a: Meowscarada\n|-supereffective|p1a: Meowscarada\n|-damage|p1a: Meowscarada|0 fnt\n|faint|p1a: Meowscarada\n|-damage|p2a: Kingambit|36\/100|[from] item: Life Orb\n|\n|upkeep\n|\n|t:|1700631136\n|switch|p1a: Jolteon|Jolteon, F, tera:Ice|100\/100\n|turn|18\n|\n|t:|1700631146\n|move|p2a: Kingambit|Brick Break|p1a: Jolteon\n|-supereffective|p1a: Jolteon\n|-damage|p1a: Jolteon|0 fnt\n|faint|p1a: Jolteon\n|-damage|p2a: Kingambit|26\/100|[from] item: Life Orb\n|\n|-fieldend|move: Trick Room\n|upkeep\n|\n|t:|1700631148\n|switch|p1a: Mamoswine|Mamoswine, F|100\/100\n|turn|19\n|\n|t:|1700631163\n|-terastallize|p2a: Kingambit|Fighting\n|move|p1a: Mamoswine|Earthquake|p2a: Kingambit\n|-damage|p2a: Kingambit|0 fnt\n|faint|p2a: Kingambit\n|-end|p2a: Kingambit|fallen5|[silent]\n|\n|win|FoodieTheFood\n|raw|FoodieTheFood's rating: 1175 &rarr; <strong>1202<\/strong><br \/>(+27 for winning)\n|raw|Maxohrus's rating: 1207 &rarr; <strong>1180<\/strong><br \/>(-27 for losing)\n","uploadtime":1700631171,"views":2,"p1id":"foodiethefood","p2id":"maxohrus","formatid":"gen9ou","rating":1180,"private":0,"password":""}