{"id":"gen9ou-1990025253","p1":"BestBuy950","p2":"Mythic's Shadow","format":"[Gen 9] OU","log":"|j|\u2606BestBuy950\n|j|\u2606Mythic's Shadow\n|t:|1699916582\n|gametype|singles\n|player|p1|BestBuy950|hiker-gen4|1040\n|player|p2|Mythic's Shadow|tate|1082\n|teamsize|p1|6\n|teamsize|p2|6\n|gen|9\n|tier|[Gen 9] OU\n|rated|\n|rule|Sleep Clause Mod: Limit one foe put to sleep\n|rule|Species Clause: Limit one of each Pok\u00e9mon\n|rule|OHKO Clause: OHKO moves are banned\n|rule|Evasion Items Clause: Evasion items are banned\n|rule|Evasion Moves Clause: Evasion moves are banned\n|rule|Endless Battle Clause: Forcing endless battles is banned\n|rule|HP Percentage Mod: HP is shown in percentages\n|clearpoke\n|poke|p1|Torterra, F|\n|poke|p1|Manaphy|\n|poke|p1|Kingambit, F|\n|poke|p1|Ninetales-Alola, M|\n|poke|p1|Great Tusk|\n|poke|p1|Chandelure, M|\n|poke|p2|Polteageist|\n|poke|p2|Ogerpon-Wellspring, F|\n|poke|p2|Landorus-Therian, M|\n|poke|p2|Quaquaval, M|\n|poke|p2|Dragonite, M|\n|poke|p2|Kingambit, F|\n|teampreview\n|inactive|Battle timer is ON: inactive players will automatically lose when time's up. (requested by Mythic's Shadow)\n|\n|t:|1699916594\n|start\n|switch|p1a: Kingambit|Kingambit, F|100\/100\n|switch|p2a: Polteageist|Polteageist, shiny|100\/100\n|turn|1\n|\n|t:|1699916603\n|-terastallize|p2a: Polteageist|Fighting\n|move|p2a: Polteageist|Tera Blast|p1a: Kingambit|[anim] Tera Blast Fighting\n|-supereffective|p1a: Kingambit\n|-damage|p1a: Kingambit|0 fnt\n|faint|p1a: Kingambit\n|-end|p1a: Kingambit|fallenundefined|[silent]\n|\n|upkeep\n|\n|t:|1699916608\n|switch|p1a: Ninetales|Ninetales-Alola, M|100\/100\n|-weather|Snow|[from] ability: Snow Warning|[of] p1a: Ninetales\n|turn|2\n|\n|t:|1699916617\n|move|p1a: Ninetales|Dazzling Gleam|p2a: Polteageist\n|-supereffective|p2a: Polteageist\n|-damage|p2a: Polteageist|38\/100\n|move|p2a: Polteageist|Shell Smash|p2a: Polteageist\n|-unboost|p2a: Polteageist|def|1\n|-unboost|p2a: Polteageist|spd|1\n|-boost|p2a: Polteageist|atk|2\n|-boost|p2a: Polteageist|spa|2\n|-boost|p2a: Polteageist|spe|2\n|\n|-weather|Snow|[upkeep]\n|upkeep\n|turn|3\n|\n|t:|1699916630\n|-terastallize|p1a: Ninetales|Ghost\n|move|p2a: Polteageist|Stored Power|p1a: Ninetales\n|-damage|p1a: Ninetales|0 fnt\n|faint|p1a: Ninetales\n|\n|-weather|Snow|[upkeep]\n|upkeep\n|\n|t:|1699916639\n|switch|p1a: Chandelure|Chandelure, M|100\/100\n|-item|p1a: Chandelure|Air Balloon\n|turn|4\n|\n|t:|1699916646\n|move|p2a: Polteageist|Shadow Ball|p1a: Chandelure\n|-supereffective|p1a: Chandelure\n|-damage|p1a: Chandelure|0 fnt\n|-enditem|p1a: Chandelure|Air Balloon\n|faint|p1a: Chandelure\n|\n|-weather|Snow|[upkeep]\n|upkeep\n|\n|t:|1699916659\n|switch|p1a: Great Tusk|Great Tusk|100\/100\n|turn|5\n|\n|t:|1699916668\n|move|p2a: Polteageist|Stored Power|p1a: Great Tusk\n|-supereffective|p1a: Great Tusk\n|-damage|p1a: Great Tusk|0 fnt\n|faint|p1a: Great Tusk\n|-end|p1a: Great Tusk|Protosynthesis|[silent]\n|\n|-weather|Snow|[upkeep]\n|upkeep\n|\n|t:|1699916673\n|switch|p1a: Manaphy|Manaphy|100\/100\n|turn|6\n|\n|t:|1699916679\n|move|p2a: Polteageist|Stored Power|p1a: Manaphy\n|-damage|p1a: Manaphy|0 fnt\n|faint|p1a: Manaphy\n|\n|-weather|none\n|upkeep\n|\n|t:|1699916683\n|switch|p1a: Torterra|Torterra, F|100\/100\n|turn|7\n|\n|t:|1699916689\n|move|p2a: Polteageist|Stored Power|p1a: Torterra\n|-damage|p1a: Torterra|15\/100\n|move|p1a: Torterra|Bullet Seed|p2a: Polteageist\n|-damage|p2a: Polteageist|1\/100\n|-ability|p2a: Polteageist|Weak Armor|boost\n|-unboost|p2a: Polteageist|def|1\n|-boost|p2a: Polteageist|spe|2\n|-damage|p2a: Polteageist|0 fnt\n|faint|p2a: Polteageist\n|-hitcount|p2: Polteageist|2\n|\n|upkeep\n|\n|t:|1699916696\n|switch|p2a: Quaquaval|Quaquaval, M|100\/100\n|turn|8\n|\n|t:|1699916701\n|move|p2a: Quaquaval|Ice Spinner|p1a: Torterra\n|-supereffective|p1a: Torterra\n|-damage|p1a: Torterra|0 fnt\n|faint|p1a: Torterra\n|\n|win|Mythic's Shadow\n|raw|BestBuy950's rating: 1040 &rarr; <strong>1026<\/strong><br \/>(-14 for losing)\n|raw|Mythic&apos;s Shadow's rating: 1082 &rarr; <strong>1106<\/strong><br \/>(+24 for winning)\n|l|\u2606BestBuy950\n","uploadtime":1699916746,"views":13,"p1id":"bestbuy950","p2id":"mythicsshadow","formatid":"gen9ou","rating":1026,"private":0,"password":""}