{"id":"gen9ou-1997155345","p1":"top chad","p2":"Chagos Archipelago","format":"[Gen 9] OU","log":"|j|\u2606top chad\n|j|\u2606Chagos Archipelago\n|t:|1700770135\n|gametype|singles\n|player|p1|top chad|battlegirl-gen4|1518\n|player|p2|Chagos Archipelago|barry|1554\n|teamsize|p1|6\n|teamsize|p2|6\n|gen|9\n|tier|[Gen 9] OU\n|rated|\n|rule|Sleep Clause Mod: Limit one foe put to sleep\n|rule|Species Clause: Limit one of each Pok\u00e9mon\n|rule|OHKO Clause: OHKO moves are banned\n|rule|Evasion Items Clause: Evasion items are banned\n|rule|Evasion Moves Clause: Evasion moves are banned\n|rule|Endless Battle Clause: Forcing endless battles is banned\n|rule|HP Percentage Mod: HP is shown in percentages\n|clearpoke\n|poke|p1|Dragonite, F|\n|poke|p1|Maushold|\n|poke|p1|Azumarill, F|\n|poke|p1|Great Tusk|\n|poke|p1|Slowking-Galar, F|\n|poke|p1|Dragapult, F|\n|poke|p2|Dragapult, F|\n|poke|p2|Landorus-Therian, M|\n|poke|p2|Milotic, M|\n|poke|p2|Cinderace, F|\n|poke|p2|Hoopa-Unbound|\n|poke|p2|Iron Valiant|\n|teampreview\n|\n|t:|1700770155\n|start\n|switch|p1a: Azumarill|Azumarill, F|100\/100\n|switch|p2a: Landorus|Landorus-Therian, M|100\/100\n|-ability|p2a: Landorus|Intimidate|boost\n|-unboost|p1a: Azumarill|atk|1\n|turn|1\n|inactive|Battle timer is ON: inactive players will automatically lose when time's up. (requested by top chad)\n|\n|t:|1700770177\n|switch|p1a: Dragapult|Dragapult, F|100\/100\n|move|p2a: Landorus|U-turn|p1a: Dragapult\n|-resisted|p1a: Dragapult\n|-damage|p1a: Dragapult|87\/100\n|inactive|Chagos Archipelago has 120 seconds left.\n|\n|t:|1700770217\n|switch|p2a: Cinderace|Cinderace, F|100\/100|[from] U-turn\n|\n|upkeep\n|turn|2\n|\n|t:|1700770226\n|switch|p1a: Maushold|Maushold|100\/100\n|move|p2a: Cinderace|Will-O-Wisp|p1a: Maushold\n|-status|p1a: Maushold|brn\n|\n|-damage|p1a: Maushold|94\/100 brn|[from] brn\n|upkeep\n|turn|3\n|\n|t:|1700770232\n|move|p2a: Cinderace|U-turn|p1a: Maushold\n|-start|p2a: Cinderace|typechange|Bug|[from] ability: Libero\n|-damage|p1a: Maushold|50\/100 brn\n|\n|t:|1700770245\n|switch|p2a: Iron Valiant|Iron Valiant|100\/100|[from] U-turn\n|move|p1a: Maushold|Encore||[still]\n|-fail|p1a: Maushold\n|\n|-damage|p1a: Maushold|43\/100 brn|[from] brn\n|upkeep\n|turn|4\n|\n|t:|1700770252\n|switch|p1a: Slowking|Slowking-Galar, F|100\/100\n|move|p2a: Iron Valiant|Psyshock|p1a: Slowking\n|-damage|p1a: Slowking|60\/100\n|\n|upkeep\n|turn|5\n|\n|t:|1700770262\n|move|p2a: Iron Valiant|Psyshock|p1a: Slowking\n|-damage|p1a: Slowking|17\/100\n|move|p1a: Slowking|Sludge Bomb|p2a: Iron Valiant\n|-supereffective|p2a: Iron Valiant\n|-damage|p2a: Iron Valiant|0 fnt\n|faint|p2a: Iron Valiant\n|-end|p2a: Iron Valiant|Quark Drive|[silent]\n|\n|upkeep\n|\n|t:|1700770269\n|switch|p2a: Hoopa|Hoopa-Unbound|100\/100\n|turn|6\n|\n|t:|1700770273\n|switch|p1a: Maushold|Maushold|43\/100 brn\n|move|p2a: Hoopa|Psychic|p1a: Maushold\n|-damage|p1a: Maushold|0 fnt\n|faint|p1a: Maushold\n|\n|upkeep\n|\n|t:|1700770279\n|switch|p1a: Dragapult|Dragapult, F|87\/100\n|turn|7\n|\n|t:|1700770282\n|switch|p2a: Landorus|Landorus-Therian, M|100\/100\n|-ability|p2a: Landorus|Intimidate|boost\n|-unboost|p1a: Dragapult|atk|1\n|move|p1a: Dragapult|Dragon Darts|p2a: Landorus\n|-damage|p2a: Landorus|81\/100\n|-anim|p1a: Dragapult|Dragon Darts|p2a: Landorus\n|-damage|p2a: Landorus|61\/100\n|\n|-heal|p2a: Landorus|68\/100|[from] item: Leftovers\n|upkeep\n|turn|8\n|\n|t:|1700770288\n|switch|p1a: Azumarill|Azumarill, F|100\/100\n|move|p2a: Landorus|Stealth Rock|p1a: Azumarill\n|-sidestart|p1: top chad|move: Stealth Rock\n|\n|-heal|p2a: Landorus|74\/100|[from] item: Leftovers\n|upkeep\n|turn|9\n|\n|t:|1700770298\n|move|p2a: Landorus|U-turn|p1a: Azumarill\n|-resisted|p1a: Azumarill\n|-damage|p1a: Azumarill|90\/100\n|\n|t:|1700770302\n|switch|p2a: Milotic|Milotic, M|100\/100|[from] U-turn\n|move|p1a: Azumarill|Knock Off|p2a: Milotic\n|-damage|p2a: Milotic|61\/100\n|-enditem|p2a: Milotic|Heavy-Duty Boots|[from] move: Knock Off|[of] p1a: Azumarill\n|\n|upkeep\n|turn|10\n|\n|t:|1700770307\n|move|p2a: Milotic|Scald|p1a: Azumarill\n|-resisted|p1a: Azumarill\n|-damage|p1a: Azumarill|81\/100\n|-status|p1a: Azumarill|brn\n|move|p1a: Azumarill|Play Rough|p2a: Milotic\n|-damage|p2a: Milotic|31\/100\n|\n|-damage|p1a: Azumarill|75\/100 brn|[from] brn\n|upkeep\n|turn|11\n|\n|t:|1700770314\n|switch|p1a: Slowking|Slowking-Galar, F|50\/100\n|move|p2a: Milotic|Recover|p2a: Milotic\n|-heal|p2a: Milotic|81\/100\n|\n|upkeep\n|turn|12\n|\n|t:|1700770329\n|move|p2a: Milotic|Scald|p1a: Slowking\n|-damage|p1a: Slowking|32\/100\n|-status|p1a: Slowking|brn\n|move|p1a: Slowking|Chilly Reception|p1a: Slowking\n|-weather|Snow\n|\n|t:|1700770336\n|switch|p1a: Dragapult|Dragapult, F|87\/100|[from] Chilly Reception\n|-damage|p1a: Dragapult|74\/100|[from] Stealth Rock\n|\n|-weather|Snow|[upkeep]\n|upkeep\n|turn|13\n|\n|t:|1700770340\n|move|p1a: Dragapult|Dragon Darts|p2a: Milotic\n|-damage|p2a: Milotic|41\/100\n|-anim|p1a: Dragapult|Dragon Darts|p2a: Milotic\n|-damage|p2a: Milotic|0 fnt\n|faint|p2a: Milotic\n|\n|-weather|Snow|[upkeep]\n|upkeep\n|\n|t:|1700770354\n|switch|p2a: Landorus|Landorus-Therian, M|74\/100\n|-ability|p2a: Landorus|Intimidate|boost\n|-unboost|p1a: Dragapult|atk|1\n|turn|14\n|\n|t:|1700770359\n|switch|p1a: Great Tusk|Great Tusk|100\/100\n|-damage|p1a: Great Tusk|98\/100|[from] Stealth Rock\n|move|p2a: Landorus|Earth Power|p1a: Great Tusk\n|-crit|p1a: Great Tusk\n|-damage|p1a: Great Tusk|37\/100\n|\n|-weather|Snow|[upkeep]\n|-heal|p2a: Landorus|80\/100|[from] item: Leftovers\n|upkeep\n|turn|15\n|\n|t:|1700770365\n|-end|p1a: Great Tusk|Protosynthesis|[silent]\n|switch|p1a: Dragonite|Dragonite, F|100\/100\n|move|p2a: Landorus|Psychic|p1a: Dragonite\n|-damage|p1a: Dragonite|90\/100\n|\n|-weather|Snow|[upkeep]\n|-heal|p2a: Landorus|86\/100|[from] item: Leftovers\n|upkeep\n|turn|16\n|\n|t:|1700770372\n|move|p1a: Dragonite|Dragon Dance|p1a: Dragonite\n|-boost|p1a: Dragonite|atk|1\n|-boost|p1a: Dragonite|spe|1\n|move|p2a: Landorus|U-turn|p1a: Dragonite\n|-resisted|p1a: Dragonite\n|-damage|p1a: Dragonite|79\/100\n|\n|t:|1700770377\n|switch|p2a: Dragapult|Dragapult, F|100\/100|[from] U-turn\n|\n|-weather|none\n|upkeep\n|turn|17\n|\n|t:|1700770382\n|-terastallize|p1a: Dragonite|Normal\n|move|p2a: Dragapult|Draco Meteor|p1a: Dragonite\n|-damage|p1a: Dragonite|14\/100\n|-unboost|p2a: Dragapult|spa|2\n|move|p1a: Dragonite|Roost|p1a: Dragonite\n|-heal|p1a: Dragonite|64\/100\n|\n|upkeep\n|turn|18\n|\n|t:|1700770390\n|switch|p2a: Landorus|Landorus-Therian, M|86\/100\n|-ability|p2a: Landorus|Intimidate|boost\n|-unboost|p1a: Dragonite|atk|1\n|move|p1a: Dragonite|Dragon Dance|p1a: Dragonite\n|-boost|p1a: Dragonite|atk|1\n|-boost|p1a: Dragonite|spe|1\n|\n|-heal|p2a: Landorus|92\/100|[from] item: Leftovers\n|upkeep\n|turn|19\n|\n|t:|1700770395\n|move|p1a: Dragonite|Roost|p1a: Dragonite\n|-heal|p1a: Dragonite|100\/100\n|move|p2a: Landorus|Earth Power|p1a: Dragonite\n|-damage|p1a: Dragonite|84\/100\n|-unboost|p1a: Dragonite|spd|1\n|\n|-heal|p2a: Landorus|98\/100|[from] item: Leftovers\n|upkeep\n|turn|20\n|\n|t:|1700770403\n|move|p1a: Dragonite|Extreme Speed|p2a: Landorus\n|-damage|p2a: Landorus|48\/100\n|move|p2a: Landorus|Earth Power|p1a: Dragonite\n|-damage|p1a: Dragonite|35\/100\n|-unboost|p1a: Dragonite|spd|1\n|\n|-heal|p2a: Landorus|54\/100|[from] item: Leftovers\n|upkeep\n|turn|21\n|\n|t:|1700770409\n|move|p1a: Dragonite|Roost|p1a: Dragonite\n|-heal|p1a: Dragonite|85\/100\n|move|p2a: Landorus|Earth Power|p1a: Dragonite\n|-damage|p1a: Dragonite|23\/100\n|\n|-heal|p2a: Landorus|60\/100|[from] item: Leftovers\n|upkeep\n|turn|22\n|\n|t:|1700770412\n|move|p1a: Dragonite|Extreme Speed|p2a: Landorus\n|-crit|p2a: Landorus\n|-damage|p2a: Landorus|0 fnt\n|faint|p2a: Landorus\n|\n|upkeep\n|\n|t:|1700770416\n|switch|p2a: Dragapult|Dragapult, F|100\/100\n|turn|23\n|\n|t:|1700770422\n|move|p2a: Dragapult|Dragon Darts|p1a: Dragonite\n|-damage|p1a: Dragonite|3\/100\n|-anim|p2a: Dragapult|Dragon Darts|p1a: Dragonite\n|-damage|p1a: Dragonite|0 fnt\n|faint|p1a: Dragonite\n|\n|upkeep\n|\n|t:|1700770429\n|switch|p1a: Azumarill|Azumarill, F|75\/100 brn\n|-damage|p1a: Azumarill|62\/100 brn|[from] Stealth Rock\n|turn|24\n|\n|t:|1700770436\n|switch|p2a: Cinderace|Cinderace, F|100\/100\n|move|p1a: Azumarill|Knock Off|p2a: Cinderace\n|-damage|p2a: Cinderace|73\/100\n|-enditem|p2a: Cinderace|Heavy-Duty Boots|[from] move: Knock Off|[of] p1a: Azumarill\n|\n|-damage|p1a: Azumarill|56\/100 brn|[from] brn\n|upkeep\n|turn|25\n|\n|t:|1700770442\n|move|p1a: Azumarill|Aqua Jet|p2a: Cinderace\n|-supereffective|p2a: Cinderace\n|-damage|p2a: Cinderace|43\/100\n|move|p2a: Cinderace|Pyro Ball|p1a: Azumarill\n|-resisted|p1a: Azumarill\n|-damage|p1a: Azumarill|30\/100 brn\n|\n|-damage|p1a: Azumarill|24\/100 brn|[from] brn\n|upkeep\n|turn|26\n|\n|t:|1700770446\n|move|p1a: Azumarill|Aqua Jet|p2a: Cinderace\n|-supereffective|p2a: Cinderace\n|-damage|p2a: Cinderace|13\/100\n|move|p2a: Cinderace|Pyro Ball|p1a: Azumarill\n|-resisted|p1a: Azumarill\n|-damage|p1a: Azumarill|0 fnt\n|faint|p1a: Azumarill\n|\n|upkeep\n|\n|t:|1700770449\n|switch|p1a: Great Tusk|Great Tusk|37\/100\n|-damage|p1a: Great Tusk|34\/100|[from] Stealth Rock\n|turn|27\n|\n|t:|1700770463\n|move|p2a: Cinderace|Pyro Ball|p1a: Great Tusk\n|-damage|p1a: Great Tusk|13\/100\n|move|p1a: Great Tusk|Earthquake|p2a: Cinderace\n|-supereffective|p2a: Cinderace\n|-damage|p2a: Cinderace|0 fnt\n|faint|p2a: Cinderace\n|\n|upkeep\n|\n|t:|1700770471\n|switch|p2a: Dragapult|Dragapult, F|100\/100\n|turn|28\n|\n|t:|1700770475\n|move|p2a: Dragapult|Dragon Darts|p1a: Great Tusk\n|-damage|p1a: Great Tusk|4\/100\n|-anim|p2a: Dragapult|Dragon Darts|p1a: Great Tusk\n|-damage|p1a: Great Tusk|0 fnt\n|faint|p1a: Great Tusk\n|-end|p1a: Great Tusk|Protosynthesis|[silent]\n|\n|upkeep\n|\n|t:|1700770478\n|switch|p1a: Dragapult|Dragapult, F|74\/100\n|-damage|p1a: Dragapult|62\/100|[from] Stealth Rock\n|turn|29\n|\n|t:|1700770481\n|switch|p2a: Hoopa|Hoopa-Unbound|100\/100\n|move|p1a: Dragapult|Sucker Punch||[still]\n|-fail|p1a: Dragapult\n|\n|upkeep\n|turn|30\n|\n|t:|1700770495\n|switch|p1a: Slowking|Slowking-Galar, F|66\/100 brn\n|move|p2a: Hoopa|Dark Pulse|p1a: Slowking\n|-supereffective|p1a: Slowking\n|-damage|p1a: Slowking|3\/100 brn\n|\n|-damage|p1a: Slowking|0 fnt|[from] brn\n|faint|p1a: Slowking\n|upkeep\n|\n|t:|1700770497\n|switch|p1a: Dragapult|Dragapult, F|62\/100\n|-damage|p1a: Dragapult|50\/100|[from] Stealth Rock\n|turn|31\n|\n|t:|1700770503\n|move|p1a: Dragapult|Sucker Punch|p2a: Hoopa\n|-damage|p2a: Hoopa|42\/100\n|move|p2a: Hoopa|Dark Pulse|p1a: Dragapult\n|-supereffective|p1a: Dragapult\n|-damage|p1a: Dragapult|0 fnt\n|faint|p1a: Dragapult\n|\n|win|Chagos Archipelago\n|raw|top chad's rating: 1518 &rarr; <strong>1500<\/strong><br \/>(-18 for losing)\n|raw|Chagos Archipelago's rating: 1554 &rarr; <strong>1572<\/strong><br \/>(+18 for winning)\n|l|\u2606top chad\n|c|\u2606Chagos Archipelago|gg\n","uploadtime":1700770515,"views":5,"p1id":"topchad","p2id":"chagosarchipelago","formatid":"gen9ou","rating":1500,"private":0,"password":""}