{"id":"gen9ou-2000444767","p1":"whitepikmin","p2":"SwordMaster3000","format":"[Gen 9] OU","log":"|j|\u2606whitepikmin\n|j|\u2606SwordMaster3000\n|inactive|Battle timer is ON: inactive players will automatically lose when time's up.\n|t:|1701195378\n|gametype|singles\n|player|p1|whitepikmin|wallace|\n|player|p2|SwordMaster3000|102|\n|teamsize|p1|6\n|teamsize|p2|6\n|gen|9\n|tier|[Gen 9] OU\n|rated|Tournament battle\n|rule|Sleep Clause Mod: Limit one foe put to sleep\n|rule|Species Clause: Limit one of each Pok\u00e9mon\n|rule|OHKO Clause: OHKO moves are banned\n|rule|Evasion Items Clause: Evasion items are banned\n|rule|Evasion Moves Clause: Evasion moves are banned\n|rule|Endless Battle Clause: Forcing endless battles is banned\n|rule|HP Percentage Mod: HP is shown in percentages\n|clearpoke\n|poke|p1|Weezing-Galar, M|\n|poke|p1|Samurott-Hisui, F|\n|poke|p1|Scream Tail|\n|poke|p1|Armarouge, M|\n|poke|p1|Slowking-Galar, M|\n|poke|p1|Iron Valiant|\n|poke|p2|Rillaboom, M|\n|poke|p2|Corviknight, F|\n|poke|p2|Ribombee, M|\n|poke|p2|Ting-Lu|\n|poke|p2|Blissey, F|\n|poke|p2|Walking Wake|\n|teampreview\n|j| loyaltieiskey08\n|\n|t:|1701195401\n|start\n|switch|p1a: Iron Valiant|Iron Valiant|100\/100\n|switch|p2a: Ribombee|Ribombee, M|100\/100\n|-enditem|p1a: Iron Valiant|Booster Energy\n|-activate|p1a: Iron Valiant|ability: Quark Drive|[fromitem]\n|-start|p1a: Iron Valiant|quarkdrivespe\n|turn|1\n|\n|t:|1701195413\n|move|p1a: Iron Valiant|Swords Dance|p1a: Iron Valiant\n|-boost|p1a: Iron Valiant|atk|2\n|move|p2a: Ribombee|Sticky Web|p1a: Iron Valiant\n|-sidestart|p1: whitepikmin|move: Sticky Web\n|\n|upkeep\n|turn|2\n|\n|t:|1701195419\n|move|p1a: Iron Valiant|Spirit Break|p2a: Ribombee\n|-enditem|p2a: Ribombee|Focus Sash\n|-damage|p2a: Ribombee|1\/100\n|move|p2a: Ribombee|Psychic|p1a: Iron Valiant\n|-supereffective|p1a: Iron Valiant\n|-damage|p1a: Iron Valiant|8\/100\n|\n|upkeep\n|turn|3\n|\n|t:|1701195433\n|move|p1a: Iron Valiant|Brick Break|p2a: Ribombee\n|-resisted|p2a: Ribombee\n|-damage|p2a: Ribombee|0 fnt\n|faint|p2a: Ribombee\n|\n|upkeep\n|\n|t:|1701195453\n|switch|p2a: Corviknight|Corviknight, F|100\/100\n|-ability|p2a: Corviknight|Pressure\n|turn|4\n|\n|t:|1701195456\n|move|p1a: Iron Valiant|Brick Break|p2a: Corviknight\n|-damage|p2a: Corviknight|54\/100\n|move|p2a: Corviknight|Body Press|p1a: Iron Valiant\n|-resisted|p1a: Iron Valiant\n|-damage|p1a: Iron Valiant|0 fnt\n|faint|p1a: Iron Valiant\n|-end|p1a: Iron Valiant|Quark Drive|[silent]\n|\n|-heal|p2a: Corviknight|60\/100|[from] item: Leftovers\n|upkeep\n|\n|t:|1701195460\n|switch|p1a: Gent|Weezing-Galar, M, shiny|100\/100\n|turn|5\n|\n|t:|1701195469\n|move|p2a: Corviknight|U-turn|p1a: Gent\n|-resisted|p1a: Gent\n|-damage|p1a: Gent|98\/100\n|\n|t:|1701195480\n|switch|p2a: Blissey|Blissey, F|100\/100|[from] U-turn\n|move|p1a: Gent|Defog|p2a: Blissey\n|-unboost|p2a: Blissey|evasion|1\n|-sideend|p1: whitepikmin|Sticky Web|[from] move: Defog|[of] p1a: Gent\n|\n|-heal|p1a: Gent|100\/100|[from] item: Black Sludge\n|upkeep\n|turn|6\n|\n|t:|1701195487\n|move|p1a: Gent|Protect|p1a: Gent\n|-singleturn|p1a: Gent|Protect\n|move|p2a: Blissey|Stealth Rock|p1a: Gent\n|-sidestart|p1: whitepikmin|move: Stealth Rock\n|\n|upkeep\n|turn|7\n|\n|t:|1701195497\n|move|p1a: Gent|Defog|p2a: Blissey\n|-unboost|p2a: Blissey|evasion|1\n|-sideend|p1: whitepikmin|Stealth Rock|[from] move: Defog|[of] p1a: Gent\n|move|p2a: Blissey|Calm Mind|p2a: Blissey\n|-boost|p2a: Blissey|spa|1\n|-boost|p2a: Blissey|spd|1\n|\n|upkeep\n|turn|8\n|\n|t:|1701195503\n|move|p1a: Gent|Clear Smog|p2a: Blissey\n|-damage|p2a: Blissey|98\/100\n|-clearboost|p2a: Blissey\n|move|p2a: Blissey|Stealth Rock|p1a: Gent\n|-sidestart|p1: whitepikmin|move: Stealth Rock\n|\n|upkeep\n|turn|9\n|l| loyaltieiskey08\n|\n|t:|1701195527\n|move|p1a: Gent|Defog|p2a: Blissey\n|-unboost|p2a: Blissey|evasion|1\n|-sideend|p1: whitepikmin|Stealth Rock|[from] move: Defog|[of] p1a: Gent\n|move|p2a: Blissey|Seismic Toss|p1a: Gent\n|-damage|p1a: Gent|71\/100\n|\n|-heal|p1a: Gent|77\/100|[from] item: Black Sludge\n|upkeep\n|turn|10\n|\n|t:|1701195546\n|switch|p1a: Shirohige|Samurott-Hisui, F, shiny|100\/100\n|move|p2a: Blissey|Seismic Toss|p1a: Shirohige\n|-damage|p1a: Shirohige|69\/100\n|\n|upkeep\n|turn|11\n|inactive|SwordMaster3000 has 120 seconds left.\n|\n|t:|1701195583\n|move|p1a: Shirohige|Sacred Sword|p2a: Blissey\n|-supereffective|p2a: Blissey\n|-damage|p2a: Blissey|13\/100\n|move|p2a: Blissey|Stealth Rock|p1a: Shirohige\n|-sidestart|p1: whitepikmin|move: Stealth Rock\n|\n|upkeep\n|turn|12\n|inactive|SwordMaster3000 has 120 seconds left.\n|\n|t:|1701195598\n|switch|p2a: Rillaboom|Rillaboom, M|100\/100\n|-fieldstart|move: Grassy Terrain|[from] ability: Grassy Surge|[of] p2a: Rillaboom\n|move|p1a: Shirohige|Sacred Sword|p2a: Rillaboom\n|-damage|p2a: Rillaboom|55\/100\n|\n|-heal|p1a: Shirohige|76\/100|[from] Grassy Terrain\n|-heal|p2a: Rillaboom|61\/100|[from] Grassy Terrain\n|upkeep\n|turn|13\n|\n|t:|1701195607\n|switch|p1a: Gent|Weezing-Galar, M, shiny|77\/100\n|-damage|p1a: Gent|64\/100|[from] Stealth Rock\n|move|p2a: Rillaboom|Grassy Glide|p1a: Gent\n|-resisted|p1a: Gent\n|-damage|p1a: Gent|45\/100\n|\n|-heal|p2a: Rillaboom|68\/100|[from] Grassy Terrain\n|-heal|p1a: Gent|50\/100|[from] item: Black Sludge\n|upkeep\n|turn|14\n|\n|t:|1701195619\n|switch|p2a: Walking Wake|Walking Wake|100\/100\n|move|p1a: Gent|Clear Smog|p2a: Walking Wake\n|-damage|p2a: Walking Wake|84\/100\n|-clearboost|p2a: Walking Wake\n|\n|-heal|p2a: Walking Wake|90\/100|[from] Grassy Terrain\n|-heal|p2a: Walking Wake|97\/100|[from] item: Leftovers\n|-heal|p1a: Gent|56\/100|[from] item: Black Sludge\n|upkeep\n|turn|15\n|\n|t:|1701195630\n|switch|p1a: AngrySquare|Scream Tail|100\/100\n|-damage|p1a: AngrySquare|88\/100|[from] Stealth Rock\n|move|p2a: Walking Wake|Hydro Steam|p1a: AngrySquare\n|-damage|p1a: AngrySquare|59\/100\n|\n|-heal|p1a: AngrySquare|65\/100|[from] Grassy Terrain\n|-heal|p2a: Walking Wake|100\/100|[from] Grassy Terrain\n|upkeep\n|turn|16\n|\n|t:|1701195651\n|-end|p2a: Walking Wake|Protosynthesis|[silent]\n|switch|p2a: Corviknight|Corviknight, F|60\/100\n|-ability|p2a: Corviknight|Pressure\n|move|p1a: AngrySquare|Light Screen|p1a: AngrySquare\n|-sidestart|p1: whitepikmin|move: Light Screen\n|\n|-heal|p1a: AngrySquare|71\/100|[from] Grassy Terrain\n|-heal|p2a: Corviknight|66\/100|[from] item: Leftovers\n|-fieldend|move: Grassy Terrain\n|upkeep\n|turn|17\n|\n|t:|1701195663\n|move|p1a: AngrySquare|Reflect|p1a: AngrySquare\n|-sidestart|p1: whitepikmin|Reflect\n|move|p2a: Corviknight|Brave Bird|p1a: AngrySquare\n|-damage|p1a: AngrySquare|57\/100\n|-damage|p2a: Corviknight|61\/100|[from] Recoil\n|\n|-heal|p2a: Corviknight|67\/100|[from] item: Leftovers\n|upkeep\n|turn|18\n|\n|t:|1701195671\n|move|p1a: AngrySquare|Wish|p1a: AngrySquare\n|move|p2a: Corviknight|Brave Bird|p1a: AngrySquare\n|-damage|p1a: AngrySquare|43\/100\n|-damage|p2a: Corviknight|62\/100|[from] Recoil\n|\n|-heal|p2a: Corviknight|68\/100|[from] item: Leftovers\n|upkeep\n|turn|19\n|\n|t:|1701195681\n|-end|p1a: AngrySquare|Protosynthesis|[silent]\n|switch|p1a: Gent|Weezing-Galar, M, shiny|56\/100\n|-damage|p1a: Gent|44\/100|[from] Stealth Rock\n|move|p2a: Corviknight|Brave Bird|p1a: Gent\n|-damage|p1a: Gent|33\/100\n|-damage|p2a: Corviknight|65\/100|[from] Recoil\n|\n|-heal|p1a: Gent|98\/100|[from] move: Wish|[wisher] AngrySquare\n|-heal|p2a: Corviknight|71\/100|[from] item: Leftovers\n|-heal|p1a: Gent|100\/100|[from] item: Black Sludge\n|upkeep\n|turn|20\n|\n|t:|1701195701\n|move|p2a: Corviknight|Brave Bird|p1a: Gent\n|-damage|p1a: Gent|89\/100\n|-damage|p2a: Corviknight|68\/100|[from] Recoil\n|move|p1a: Gent|Defog|p2a: Corviknight\n|-unboost|p2a: Corviknight|evasion|1\n|-sideend|p1: whitepikmin|Stealth Rock|[from] move: Defog|[of] p1a: Gent\n|\n|-heal|p2a: Corviknight|74\/100|[from] item: Leftovers\n|-heal|p1a: Gent|95\/100|[from] item: Black Sludge\n|upkeep\n|turn|21\n|inactive|SwordMaster3000 has 120 seconds left.\n|\n|t:|1701195727\n|switch|p1a: Jogo|Armarouge, M|100\/100\n|move|p2a: Corviknight|Body Press|p1a: Jogo\n|-resisted|p1a: Jogo\n|-damage|p1a: Jogo|95\/100\n|-ability|p1a: Jogo|Weak Armor|boost\n|-unboost|p1a: Jogo|def|1\n|-boost|p1a: Jogo|spe|2\n|\n|-heal|p2a: Corviknight|80\/100|[from] item: Leftovers\n|upkeep\n|turn|22\n|inactive|SwordMaster3000 has 120 seconds left.\n|\n|t:|1701195744\n|-terastallize|p2a: Corviknight|Water\n|move|p1a: Jogo|Armor Cannon|p2a: Corviknight\n|-resisted|p2a: Corviknight\n|-damage|p2a: Corviknight|46\/100\n|-unboost|p1a: Jogo|def|1\n|-unboost|p1a: Jogo|spd|1\n|move|p2a: Corviknight|U-turn|p1a: Jogo\n|-damage|p1a: Jogo|82\/100\n|-ability|p1a: Jogo|Weak Armor|boost\n|-unboost|p1a: Jogo|def|1\n|-boost|p1a: Jogo|spe|2\n|\n|t:|1701195757\n|switch|p2a: Walking Wake|Walking Wake|100\/100|[from] U-turn\n|\n|upkeep\n|turn|23\n|\n|t:|1701195764\n|switch|p1a: Claude|Slowking-Galar, M, shiny|100\/100\n|move|p2a: Walking Wake|Hydro Steam|p1a: Claude\n|-damage|p1a: Claude|89\/100\n|\n|-sideend|p1: whitepikmin|move: Light Screen\n|upkeep\n|turn|24\n|\n|t:|1701195777\n|move|p2a: Walking Wake|Dragon Pulse|p1a: Claude\n|-crit|p1a: Claude\n|-damage|p1a: Claude|49\/100\n|move|p1a: Claude|Thunder Wave|p2a: Walking Wake\n|-status|p2a: Walking Wake|par\n|\n|-sideend|p1: whitepikmin|Reflect\n|upkeep\n|turn|25\n|\n|t:|1701195784\n|move|p2a: Walking Wake|Substitute|p2a: Walking Wake\n|-start|p2a: Walking Wake|Substitute\n|-damage|p2a: Walking Wake|76\/100 par\n|move|p1a: Claude|Future Sight|p2a: Walking Wake\n|-start|p1a: Claude|move: Future Sight\n|\n|-heal|p2a: Walking Wake|82\/100 par|[from] item: Leftovers\n|upkeep\n|turn|26\n|inactive|SwordMaster3000 has 120 seconds left.\n|\n|t:|1701195790\n|move|p1a: Claude|Sludge Bomb|p2a: Walking Wake\n|-end|p2a: Walking Wake|Substitute\n|move|p2a: Walking Wake|Roar|p1a: Claude\n|drag|p1a: Jogo|Armarouge, M|82\/100\n|\n|-heal|p2a: Walking Wake|88\/100 par|[from] item: Leftovers\n|upkeep\n|turn|27\n|j| UltraJoey\n|\n|t:|1701195815\n|move|p1a: Jogo|Psychic|p2a: Walking Wake\n|-damage|p2a: Walking Wake|29\/100 par\n|move|p2a: Walking Wake|Hydro Steam|p1a: Jogo\n|-supereffective|p1a: Jogo\n|-damage|p1a: Jogo|0 fnt\n|faint|p1a: Jogo\n|\n|-end|p2a: Walking Wake|move: Future Sight\n|-damage|p2a: Walking Wake|0 fnt\n|faint|p2a: Walking Wake\n|-end|p2a: Walking Wake|Protosynthesis|[silent]\n|upkeep\n|\n|t:|1701195829\n|switch|p2a: Ting-Lu|Ting-Lu|100\/100\n|switch|p1a: AngrySquare|Scream Tail|43\/100\n|-ability|p2a: Ting-Lu|Vessel of Ruin\n|turn|28\n|\n|t:|1701195838\n|move|p1a: AngrySquare|Reflect|p1a: AngrySquare\n|-sidestart|p1: whitepikmin|Reflect\n|move|p2a: Ting-Lu|Whirlwind|p1a: AngrySquare\n|-end|p1a: AngrySquare|Protosynthesis|[silent]\n|drag|p1a: Shirohige|Samurott-Hisui, F, shiny|76\/100\n|\n|upkeep\n|turn|29\n|\n|t:|1701195857\n|move|p1a: Shirohige|Razor Shell|p2a: Ting-Lu\n|-supereffective|p2a: Ting-Lu\n|-damage|p2a: Ting-Lu|47\/100\n|move|p2a: Ting-Lu|Whirlwind|p1a: Shirohige\n|drag|p1a: AngrySquare|Scream Tail|43\/100\n|\n|-heal|p2a: Ting-Lu|53\/100|[from] item: Leftovers\n|upkeep\n|turn|30\n|\n|t:|1701195868\n|move|p1a: AngrySquare|Wish|p1a: AngrySquare\n|move|p2a: Ting-Lu|Earthquake|p1a: AngrySquare\n|-damage|p1a: AngrySquare|28\/100\n|\n|-heal|p2a: Ting-Lu|59\/100|[from] item: Leftovers\n|upkeep\n|turn|31\n|\n|t:|1701195874\n|move|p1a: AngrySquare|Encore|p2a: Ting-Lu\n|-start|p2a: Ting-Lu|Encore\n|move|p2a: Ting-Lu|Earthquake|p1a: AngrySquare\n|-damage|p1a: AngrySquare|12\/100\n|\n|-heal|p1a: AngrySquare|62\/100|[from] move: Wish|[wisher] AngrySquare\n|-heal|p2a: Ting-Lu|65\/100|[from] item: Leftovers\n|upkeep\n|turn|32\n|\n|t:|1701195890\n|switch|p2a: Rillaboom|Rillaboom, M|68\/100\n|-fieldstart|move: Grassy Terrain|[from] ability: Grassy Surge|[of] p2a: Rillaboom\n|move|p1a: AngrySquare|Wish|p1a: AngrySquare\n|\n|-heal|p1a: AngrySquare|68\/100|[from] Grassy Terrain\n|-heal|p2a: Rillaboom|74\/100|[from] Grassy Terrain\n|upkeep\n|turn|33\n|\n|t:|1701195907\n|move|p1a: AngrySquare|Light Screen|p1a: AngrySquare\n|-sidestart|p1: whitepikmin|move: Light Screen\n|move|p2a: Rillaboom|Wood Hammer|p1a: AngrySquare\n|-damage|p1a: AngrySquare|18\/100\n|-damage|p2a: Rillaboom|53\/100|[from] Recoil\n|\n|-heal|p1a: AngrySquare|68\/100|[from] move: Wish|[wisher] AngrySquare\n|-heal|p1a: AngrySquare|75\/100|[from] Grassy Terrain\n|-heal|p2a: Rillaboom|59\/100|[from] Grassy Terrain\n|upkeep\n|turn|34\n|j| Vlarcheops\n|l| Vlarcheops\n|\n|t:|1701195919\n|-end|p1a: AngrySquare|Protosynthesis|[silent]\n|switch|p1a: Gent|Weezing-Galar, M, shiny|95\/100\n|move|p2a: Rillaboom|Wood Hammer|p1a: Gent\n|-resisted|p1a: Gent\n|-damage|p1a: Gent|75\/100\n|-damage|p2a: Rillaboom|53\/100|[from] Recoil\n|\n|-heal|p2a: Rillaboom|59\/100|[from] Grassy Terrain\n|-heal|p1a: Gent|81\/100|[from] item: Black Sludge\n|upkeep\n|turn|35\n|\n|t:|1701195928\n|switch|p2a: Corviknight|Corviknight, F, tera:Water|46\/100\n|-ability|p2a: Corviknight|Pressure\n|move|p1a: Gent|Clear Smog|p2a: Corviknight\n|-damage|p2a: Corviknight|31\/100\n|-clearboost|p2a: Corviknight\n|\n|-heal|p2a: Corviknight|37\/100|[from] Grassy Terrain\n|-heal|p2a: Corviknight|43\/100|[from] item: Leftovers\n|-heal|p1a: Gent|87\/100|[from] item: Black Sludge\n|-sideend|p1: whitepikmin|Reflect\n|upkeep\n|turn|36\n|\n|t:|1701195941\n|move|p1a: Gent|Protect|p1a: Gent\n|-singleturn|p1a: Gent|Protect\n|move|p2a: Corviknight|Roost|p2a: Corviknight\n|-heal|p2a: Corviknight|93\/100\n|\n|-heal|p2a: Corviknight|99\/100|[from] Grassy Terrain\n|-heal|p2a: Corviknight|100\/100|[from] item: Leftovers\n|-heal|p1a: Gent|93\/100|[from] item: Black Sludge\n|-fieldend|move: Grassy Terrain\n|upkeep\n|turn|37\n|\n|t:|1701195957\n|switch|p1a: AngrySquare|Scream Tail|75\/100\n|move|p2a: Corviknight|Brave Bird|p1a: AngrySquare\n|-damage|p1a: AngrySquare|45\/100\n|-damage|p2a: Corviknight|90\/100|[from] Recoil\n|\n|-heal|p2a: Corviknight|96\/100|[from] item: Leftovers\n|upkeep\n|turn|38\n|\n|t:|1701195964\n|move|p1a: AngrySquare|Reflect|p1a: AngrySquare\n|-sidestart|p1: whitepikmin|Reflect\n|move|p2a: Corviknight|Brave Bird|p1a: AngrySquare\n|-damage|p1a: AngrySquare|30\/100\n|-damage|p2a: Corviknight|90\/100|[from] Recoil\n|\n|-heal|p2a: Corviknight|96\/100|[from] item: Leftovers\n|upkeep\n|turn|39\n|\n|t:|1701195969\n|move|p1a: AngrySquare|Wish|p1a: AngrySquare\n|move|p2a: Corviknight|Brave Bird|p1a: AngrySquare\n|-damage|p1a: AngrySquare|16\/100\n|-damage|p2a: Corviknight|91\/100|[from] Recoil\n|\n|-heal|p2a: Corviknight|97\/100|[from] item: Leftovers\n|upkeep\n|turn|40\n|\n|t:|1701195974\n|move|p1a: AngrySquare|Encore|p2a: Corviknight\n|-start|p2a: Corviknight|Encore\n|move|p2a: Corviknight|Brave Bird|p1a: AngrySquare\n|-damage|p1a: AngrySquare|2\/100\n|-damage|p2a: Corviknight|92\/100|[from] Recoil\n|\n|-heal|p1a: AngrySquare|52\/100|[from] move: Wish|[wisher] AngrySquare\n|-heal|p2a: Corviknight|98\/100|[from] item: Leftovers\n|-sideend|p1: whitepikmin|move: Light Screen\n|upkeep\n|turn|41\n|\n|t:|1701195982\n|move|p1a: AngrySquare|Wish|p1a: AngrySquare\n|move|p2a: Corviknight|Brave Bird|p1a: AngrySquare\n|-damage|p1a: AngrySquare|38\/100\n|-damage|p2a: Corviknight|93\/100|[from] Recoil\n|\n|-heal|p2a: Corviknight|99\/100|[from] item: Leftovers\n|upkeep\n|turn|42\n|\n|t:|1701195989\n|-end|p1a: AngrySquare|Protosynthesis|[silent]\n|switch|p1a: Shirohige|Samurott-Hisui, F, shiny|76\/100\n|move|p2a: Corviknight|Brave Bird|p1a: Shirohige\n|-damage|p1a: Shirohige|53\/100\n|-damage|p2a: Corviknight|93\/100|[from] Recoil\n|\n|-heal|p1a: Shirohige|100\/100|[from] move: Wish|[wisher] AngrySquare\n|-heal|p2a: Corviknight|99\/100|[from] item: Leftovers\n|-end|p2a: Corviknight|Encore\n|upkeep\n|turn|43\n|\n|t:|1701195998\n|-terastallize|p1a: Shirohige|Dark\n|move|p1a: Shirohige|Ceaseless Edge|p2a: Corviknight\n|-damage|p2a: Corviknight|65\/100\n|-sidestart|p2: SwordMaster3000|Spikes\n|move|p2a: Corviknight|Body Press|p1a: Shirohige\n|-supereffective|p1a: Shirohige\n|-damage|p1a: Shirohige|66\/100\n|\n|-heal|p2a: Corviknight|71\/100|[from] item: Leftovers\n|upkeep\n|turn|44\n|\n|t:|1701196008\n|move|p1a: Shirohige|Ceaseless Edge|p2a: Corviknight|[miss]\n|-miss|p1a: Shirohige|p2a: Corviknight\n|move|p2a: Corviknight|Body Press|p1a: Shirohige\n|-supereffective|p1a: Shirohige\n|-damage|p1a: Shirohige|32\/100\n|\n|-heal|p2a: Corviknight|77\/100|[from] item: Leftovers\n|upkeep\n|turn|45\n|\n|t:|1701196025\n|switch|p1a: Claude|Slowking-Galar, M, shiny|82\/100\n|move|p2a: Corviknight|Body Press|p1a: Claude\n|-resisted|p1a: Claude\n|-damage|p1a: Claude|79\/100\n|\n|-heal|p2a: Corviknight|83\/100|[from] item: Leftovers\n|-sideend|p1: whitepikmin|Reflect\n|upkeep\n|turn|46\n|\n|t:|1701196041\n|move|p2a: Corviknight|Brave Bird|p1a: Claude\n|-damage|p1a: Claude|37\/100\n|-damage|p2a: Corviknight|69\/100|[from] Recoil\n|move|p1a: Claude|Future Sight|p2a: Corviknight\n|-start|p1a: Claude|move: Future Sight\n|\n|-heal|p2a: Corviknight|75\/100|[from] item: Leftovers\n|upkeep\n|turn|47\n|\n|t:|1701196048\n|switch|p1a: Gent|Weezing-Galar, M, shiny|93\/100\n|move|p2a: Corviknight|Brave Bird|p1a: Gent\n|-damage|p1a: Gent|71\/100\n|-damage|p2a: Corviknight|69\/100|[from] Recoil\n|\n|-heal|p2a: Corviknight|75\/100|[from] item: Leftovers\n|-heal|p1a: Gent|77\/100|[from] item: Black Sludge\n|upkeep\n|turn|48\n|j| noob98765\n|\n|t:|1701196077\n|move|p1a: Gent|Protect|p1a: Gent\n|-singleturn|p1a: Gent|Protect\n|move|p2a: Corviknight|U-turn|p1a: Gent\n|-activate|p1a: Gent|move: Protect\n|\n|-end|p2a: Corviknight|move: Future Sight\n|-damage|p2a: Corviknight|28\/100\n|-heal|p2a: Corviknight|34\/100|[from] item: Leftovers\n|-heal|p1a: Gent|83\/100|[from] item: Black Sludge\n|upkeep\n|turn|49\n|\n|t:|1701196090\n|switch|p1a: AngrySquare|Scream Tail|38\/100\n|move|p2a: Corviknight|Roost|p2a: Corviknight\n|-heal|p2a: Corviknight|84\/100\n|\n|-heal|p2a: Corviknight|90\/100|[from] item: Leftovers\n|upkeep\n|turn|50\n|\n|t:|1701196096\n|move|p1a: AngrySquare|Encore|p2a: Corviknight\n|-start|p2a: Corviknight|Encore\n|move|p2a: Corviknight|Roost|p2a: Corviknight\n|-heal|p2a: Corviknight|100\/100\n|\n|upkeep\n|turn|51\n|\n|t:|1701196110\n|switch|p2a: Blissey|Blissey, F|13\/100\n|move|p1a: AngrySquare|Reflect|p1a: AngrySquare\n|-sidestart|p1: whitepikmin|Reflect\n|\n|upkeep\n|turn|52\n|\n|t:|1701196128\n|move|p1a: AngrySquare|Wish|p1a: AngrySquare\n|move|p2a: Blissey|Soft-Boiled|p2a: Blissey\n|-heal|p2a: Blissey|63\/100\n|\n|upkeep\n|turn|53\n|\n|t:|1701196133\n|move|p1a: AngrySquare|Encore|p2a: Blissey\n|-start|p2a: Blissey|Encore\n|move|p2a: Blissey|Soft-Boiled|p2a: Blissey\n|-heal|p2a: Blissey|100\/100\n|\n|-heal|p1a: AngrySquare|88\/100|[from] move: Wish|[wisher] AngrySquare\n|upkeep\n|turn|54\n|\n|t:|1701196138\n|switch|p2a: Corviknight|Corviknight, F, tera:Water|100\/100\n|-damage|p2a: Corviknight|88\/100|[from] Spikes\n|-ability|p2a: Corviknight|Pressure\n|move|p1a: AngrySquare|Wish|p1a: AngrySquare\n|\n|-heal|p2a: Corviknight|94\/100|[from] item: Leftovers\n|upkeep\n|turn|55\n|\n|t:|1701196160\n|move|p1a: AngrySquare|Light Screen|p1a: AngrySquare\n|-sidestart|p1: whitepikmin|move: Light Screen\n|move|p2a: Corviknight|Body Press|p1a: AngrySquare\n|-resisted|p1a: AngrySquare\n|-damage|p1a: AngrySquare|86\/100\n|\n|-heal|p1a: AngrySquare|100\/100|[from] move: Wish|[wisher] AngrySquare\n|-heal|p2a: Corviknight|99\/100|[from] item: Leftovers\n|upkeep\n|turn|56\n|\n|t:|1701196186\n|-end|p1a: AngrySquare|Protosynthesis|[silent]\n|switch|p1a: Claude|Slowking-Galar, M, shiny|70\/100\n|switch|p2a: Blissey|Blissey, F|100\/100\n|\n|upkeep\n|turn|57\n|\n|t:|1701196195\n|move|p2a: Blissey|Stealth Rock|p1a: Claude\n|-sidestart|p1: whitepikmin|move: Stealth Rock\n|move|p1a: Claude|Thunder Wave|p2a: Blissey\n|-status|p2a: Blissey|par\n|\n|upkeep\n|turn|58\n|\n|t:|1701196204\n|-curestatus|p2a: Blissey|par|[from] ability: Natural Cure\n|switch|p2a: Corviknight|Corviknight, F, tera:Water|99\/100\n|-damage|p2a: Corviknight|88\/100|[from] Spikes\n|-ability|p2a: Corviknight|Pressure\n|move|p1a: Claude|Future Sight|p2a: Corviknight\n|-start|p1a: Claude|move: Future Sight\n|\n|-heal|p2a: Corviknight|94\/100|[from] item: Leftovers\n|-sideend|p1: whitepikmin|Reflect\n|upkeep\n|turn|59\n|\n|t:|1701196212\n|switch|p1a: Gent|Weezing-Galar, M, shiny|83\/100\n|-damage|p1a: Gent|71\/100|[from] Stealth Rock\n|move|p2a: Corviknight|Brave Bird|p1a: Gent\n|-damage|p1a: Gent|48\/100\n|-damage|p2a: Corviknight|88\/100|[from] Recoil\n|\n|-heal|p2a: Corviknight|94\/100|[from] item: Leftovers\n|-heal|p1a: Gent|54\/100|[from] item: Black Sludge\n|upkeep\n|turn|60\n|\n|t:|1701196239\n|move|p2a: Corviknight|Brave Bird|p1a: Gent\n|-damage|p1a: Gent|31\/100\n|-damage|p2a: Corviknight|87\/100|[from] Recoil\n|move|p1a: Gent|Pain Split|p2a: Corviknight\n|-sethp|p2a: Corviknight|57\/100|[from] move: Pain Split|[silent]\n|-sethp|p1a: Gent|68\/100|[from] move: Pain Split\n|\n|-end|p2a: Corviknight|move: Future Sight\n|-damage|p2a: Corviknight|16\/100\n|-heal|p2a: Corviknight|22\/100|[from] item: Leftovers\n|-heal|p1a: Gent|74\/100|[from] item: Black Sludge\n|upkeep\n|turn|61\n|\n|t:|1701196248\n|move|p2a: Corviknight|Roost|p2a: Corviknight\n|-heal|p2a: Corviknight|72\/100\n|move|p1a: Gent|Defog|p2a: Corviknight\n|-unboost|p2a: Corviknight|evasion|1\n|-sideend|p2: SwordMaster3000|Spikes|[from] move: Defog|[of] p1a: Gent\n|-sideend|p1: whitepikmin|Stealth Rock|[from] move: Defog|[of] p1a: Gent\n|\n|-heal|p2a: Corviknight|78\/100|[from] item: Leftovers\n|-heal|p1a: Gent|80\/100|[from] item: Black Sludge\n|upkeep\n|turn|62\n|\n|t:|1701196267\n|switch|p1a: AngrySquare|Scream Tail|100\/100\n|move|p2a: Corviknight|U-turn|p1a: AngrySquare\n|-damage|p1a: AngrySquare|90\/100\n|\n|t:|1701196274\n|switch|p2a: Rillaboom|Rillaboom, M|59\/100|[from] U-turn\n|-fieldstart|move: Grassy Terrain|[from] ability: Grassy Surge|[of] p2a: Rillaboom\n|\n|-heal|p1a: AngrySquare|96\/100|[from] Grassy Terrain\n|-heal|p2a: Rillaboom|65\/100|[from] Grassy Terrain\n|-sideend|p1: whitepikmin|move: Light Screen\n|upkeep\n|turn|63\n|\n|t:|1701196280\n|move|p1a: AngrySquare|Reflect|p1a: AngrySquare\n|-sidestart|p1: whitepikmin|Reflect\n|move|p2a: Rillaboom|Wood Hammer|p1a: AngrySquare\n|-crit|p1a: AngrySquare\n|-damage|p1a: AngrySquare|0 fnt\n|faint|p1a: AngrySquare\n|-end|p1a: AngrySquare|Protosynthesis|[silent]\n|-damage|p2a: Rillaboom|25\/100|[from] Recoil\n|\n|-heal|p2a: Rillaboom|31\/100|[from] Grassy Terrain\n|upkeep\n|c|\u2606SwordMaster3000|YES\n|c|\u2606SwordMaster3000|FINALLY\n|c|\u2606SwordMaster3000|THAT DUDE IS DEAD\n|c|\u2606whitepikmin|rip jigglypuff\n|\n|t:|1701196309\n|switch|p1a: Shirohige|Samurott-Hisui, F, shiny, tera:Dark|32\/100\n|turn|64\n|c|\u2606SwordMaster3000|I didn't realize we had a crowd lol\n|c| UltraJoey|Bro was puttin in the work\n|\n|t:|1701196323\n|move|p1a: Shirohige|Ceaseless Edge|p2a: Rillaboom|[miss]\n|-miss|p1a: Shirohige|p2a: Rillaboom\n|move|p2a: Rillaboom|Wood Hammer|p1a: Shirohige\n|-damage|p1a: Shirohige|0 fnt\n|faint|p1a: Shirohige\n|-damage|p2a: Rillaboom|21\/100|[from] Recoil\n|\n|-heal|p2a: Rillaboom|27\/100|[from] Grassy Terrain\n|upkeep\n|c| UltraJoey|Scream Tail was him\n|c|\u2606whitepikmin|oh my gawd 2 ceaseless edge misses\n|c|\u2606SwordMaster3000|Bruh\n|\n|t:|1701196340\n|switch|p1a: Claude|Slowking-Galar, M, shiny|100\/100\n|turn|65\n|c|\u2606SwordMaster3000|That was amazing\n|c| UltraJoey|And H Sam is puttin in...\n|c| UltraJoey|uhh\n|\n|t:|1701196353\n|switch|p2a: Corviknight|Corviknight, F, tera:Water|78\/100\n|-ability|p2a: Corviknight|Pressure\n|move|p1a: Claude|Sludge Bomb|p2a: Corviknight\n|-damage|p2a: Corviknight|45\/100\n|-status|p2a: Corviknight|psn\n|\n|-heal|p2a: Corviknight|51\/100 psn|[from] Grassy Terrain\n|-heal|p2a: Corviknight|57\/100 psn|[from] item: Leftovers\n|-damage|p2a: Corviknight|44\/100 psn|[from] psn\n|upkeep\n|turn|66\n|\n|t:|1701196362\n|move|p2a: Corviknight|Roost|p2a: Corviknight\n|-heal|p2a: Corviknight|94\/100 psn\n|move|p1a: Claude|Future Sight|p2a: Corviknight\n|-start|p1a: Claude|move: Future Sight\n|\n|-heal|p2a: Corviknight|100\/100 psn|[from] Grassy Terrain\n|-damage|p2a: Corviknight|88\/100 psn|[from] psn\n|-fieldend|move: Grassy Terrain\n|upkeep\n|turn|67\n|\n|t:|1701196374\n|switch|p2a: Ting-Lu|Ting-Lu|65\/100\n|-ability|p2a: Ting-Lu|Vessel of Ruin\n|move|p1a: Claude|Sludge Bomb|p2a: Ting-Lu\n|-resisted|p2a: Ting-Lu\n|-damage|p2a: Ting-Lu|58\/100\n|\n|-heal|p2a: Ting-Lu|64\/100|[from] item: Leftovers\n|upkeep\n|turn|68\n|\n|t:|1701196379\n|switch|p1a: Gent|Weezing-Galar, M, shiny|80\/100\n|move|p2a: Ting-Lu|Earthquake|p1a: Gent\n|-immune|p1a: Gent|[from] ability: Levitate\n|\n|-end|p2a: Ting-Lu|move: Future Sight\n|-immune|p2a: Ting-Lu\n|-heal|p1a: Gent|86\/100|[from] item: Black Sludge\n|-heal|p2a: Ting-Lu|71\/100|[from] item: Leftovers\n|upkeep\n|turn|69\n|c| UltraJoey|Hehe 69\n|c|\u2606whitepikmin|for the sake of time I'll call GG lool\n|inactive|whitepikmin has 120 seconds left.\n|c|\u2606SwordMaster3000|I am goinh to lose the next game but gg my man\n|c|\u2606SwordMaster3000|That was awesome\n|c|\u2606whitepikmin|for sure\n|-message|whitepikmin forfeited.\n|\n|win|SwordMaster3000\n|n|\u2606whitepikmin|whitepikmin\n|n|\u2606SwordMaster3000|swordmaster3000\n|n| UltraJoey|ultrajoey\n|n| noob98765|noob98765\n|l|\u2606SwordMaster3000\n|l| UltraJoey\n|l| noob98765\n","uploadtime":1701196448,"views":4,"p1id":"whitepikmin","p2id":"swordmaster3000","formatid":"gen9ou","rating":0,"private":0,"password":""}