{"id":"gen9ou-1995502514","p1":"SnoozSeal","p2":"stewiegriffingoat","format":"[Gen 9] OU","log":"|j|\u2606SnoozSeal\n|j|\u2606stewiegriffingoat\n|t:|1700577682\n|gametype|singles\n|player|p1|SnoozSeal|larry|1372\n|player|p2|stewiegriffingoat|1|1434\n|teamsize|p1|6\n|teamsize|p2|6\n|gen|9\n|tier|[Gen 9] OU\n|rated|\n|rule|Sleep Clause Mod: Limit one foe put to sleep\n|rule|Species Clause: Limit one of each Pok\u00e9mon\n|rule|OHKO Clause: OHKO moves are banned\n|rule|Evasion Items Clause: Evasion items are banned\n|rule|Evasion Moves Clause: Evasion moves are banned\n|rule|Endless Battle Clause: Forcing endless battles is banned\n|rule|HP Percentage Mod: HP is shown in percentages\n|clearpoke\n|poke|p1|Ting-Lu|\n|poke|p1|Great Tusk|\n|poke|p1|Ribombee, M|\n|poke|p1|Gholdengo|\n|poke|p1|Dragapult, M|\n|poke|p1|Ceruledge, F|\n|poke|p2|Gholdengo|\n|poke|p2|Great Tusk|\n|poke|p2|Rillaboom, F|\n|poke|p2|Heatran, M|\n|poke|p2|Iron Moth|\n|poke|p2|Dragapult, F|\n|teampreview\n|inactive|Battle timer is ON: inactive players will automatically lose when time's up. (requested by SnoozSeal)\n|\n|t:|1700577694\n|start\n|switch|p1a: what even is this|Ribombee, M|100\/100\n|switch|p2a: Heatran|Heatran, M|100\/100\n|turn|1\n|\n|t:|1700577698\n|move|p1a: what even is this|Sticky Web|p2a: Heatran\n|-sidestart|p2: stewiegriffingoat|move: Sticky Web\n|move|p2a: Heatran|Magma Storm|p1a: what even is this\n|-supereffective|p1a: what even is this\n|-enditem|p1a: what even is this|Focus Sash\n|-damage|p1a: what even is this|1\/100\n|-activate|p1a: what even is this|move: Magma Storm|[of] p2a: Heatran\n|\n|-damage|p1a: what even is this|0 fnt|[from] move: Magma Storm|[partiallytrapped]\n|faint|p1a: what even is this\n|upkeep\n|\n|t:|1700577706\n|switch|p1a: ghoul vessel|Ting-Lu|100\/100\n|-ability|p1a: ghoul vessel|Vessel of Ruin\n|turn|2\n|\n|t:|1700577716\n|-terastallize|p2a: Heatran|Grass\n|move|p2a: Heatran|Magma Storm|p1a: ghoul vessel\n|-damage|p1a: ghoul vessel|79\/100\n|-activate|p1a: ghoul vessel|move: Magma Storm|[of] p2a: Heatran\n|move|p1a: ghoul vessel|Earthquake|p2a: Heatran\n|-resisted|p2a: Heatran\n|-damage|p2a: Heatran|81\/100\n|\n|-heal|p2a: Heatran|87\/100|[from] item: Leftovers\n|-heal|p1a: ghoul vessel|85\/100|[from] item: Leftovers\n|-damage|p1a: ghoul vessel|72\/100|[from] move: Magma Storm|[partiallytrapped]\n|upkeep\n|turn|3\n|\n|t:|1700577723\n|move|p2a: Heatran|Taunt|p1a: ghoul vessel\n|-start|p1a: ghoul vessel|move: Taunt\n|cant|p1a: ghoul vessel|move: Taunt|Whirlwind\n|\n|-heal|p2a: Heatran|93\/100|[from] item: Leftovers\n|-heal|p1a: ghoul vessel|79\/100|[from] item: Leftovers\n|-damage|p1a: ghoul vessel|66\/100|[from] move: Magma Storm|[partiallytrapped]\n|upkeep\n|turn|4\n|\n|t:|1700577733\n|move|p2a: Heatran|Earth Power|p1a: ghoul vessel\n|-damage|p1a: ghoul vessel|53\/100\n|move|p1a: ghoul vessel|Ruination|p2a: Heatran\n|-damage|p2a: Heatran|47\/100\n|\n|-heal|p2a: Heatran|53\/100|[from] item: Leftovers\n|-heal|p1a: ghoul vessel|59\/100|[from] item: Leftovers\n|-damage|p1a: ghoul vessel|47\/100|[from] move: Magma Storm|[partiallytrapped]\n|upkeep\n|turn|5\n|\n|t:|1700577746\n|move|p2a: Heatran|Magma Storm|p1a: ghoul vessel\n|-damage|p1a: ghoul vessel|24\/100\n|move|p1a: ghoul vessel|Ruination|p2a: Heatran|[miss]\n|-miss|p1a: ghoul vessel|p2a: Heatran\n|\n|-heal|p2a: Heatran|59\/100|[from] item: Leftovers\n|-heal|p1a: ghoul vessel|30\/100|[from] item: Leftovers\n|-damage|p1a: ghoul vessel|18\/100|[from] move: Magma Storm|[partiallytrapped]\n|-end|p1a: ghoul vessel|move: Taunt\n|upkeep\n|turn|6\n|\n|t:|1700577754\n|move|p2a: Heatran|Taunt|p1a: ghoul vessel\n|-start|p1a: ghoul vessel|move: Taunt\n|move|p1a: ghoul vessel|Ruination|p2a: Heatran\n|-damage|p2a: Heatran|30\/100\n|\n|-heal|p2a: Heatran|36\/100|[from] item: Leftovers\n|-heal|p1a: ghoul vessel|24\/100|[from] item: Leftovers\n|-damage|p1a: ghoul vessel|12\/100|[from] move: Magma Storm|[partiallytrapped]\n|upkeep\n|turn|7\n|\n|t:|1700577760\n|move|p2a: Heatran|Protect|p2a: Heatran\n|-singleturn|p2a: Heatran|Protect\n|move|p1a: ghoul vessel|Ruination|p2a: Heatran\n|-activate|p2a: Heatran|move: Protect\n|\n|-heal|p2a: Heatran|42\/100|[from] item: Leftovers\n|-heal|p1a: ghoul vessel|18\/100|[from] item: Leftovers\n|-end|p1a: ghoul vessel|Magma Storm|[partiallytrapped]\n|upkeep\n|turn|8\n|\n|t:|1700577764\n|move|p2a: Heatran|Magma Storm|p1a: ghoul vessel\n|-damage|p1a: ghoul vessel|0 fnt\n|faint|p1a: ghoul vessel\n|\n|-heal|p2a: Heatran|48\/100|[from] item: Leftovers\n|upkeep\n|\n|t:|1700577779\n|switch|p1a: yeetus ghoul|Dragapult, M|100\/100\n|turn|9\n|\n|t:|1700577788\n|move|p1a: yeetus ghoul|Shadow Ball|p2a: Heatran\n|-damage|p2a: Heatran|0 fnt\n|faint|p2a: Heatran\n|\n|upkeep\n|\n|t:|1700577800\n|switch|p2a: Rillaboom|Rillaboom, F|100\/100\n|-activate|p2a: Rillaboom|move: Sticky Web\n|-unboost|p2a: Rillaboom|spe|1\n|-fieldstart|move: Grassy Terrain|[from] ability: Grassy Surge|[of] p2a: Rillaboom\n|turn|10\n|\n|t:|1700577804\n|move|p1a: yeetus ghoul|Shadow Ball|p2a: Rillaboom\n|-damage|p2a: Rillaboom|33\/100\n|move|p2a: Rillaboom|Knock Off|p1a: yeetus ghoul\n|-supereffective|p1a: yeetus ghoul\n|-damage|p1a: yeetus ghoul|0 fnt\n|-enditem|p1a: yeetus ghoul|Choice Specs|[from] move: Knock Off|[of] p2a: Rillaboom\n|faint|p1a: yeetus ghoul\n|\n|-heal|p2a: Rillaboom|40\/100|[from] Grassy Terrain\n|upkeep\n|\n|t:|1700577808\n|switch|p1a: return to ghoul|Ceruledge, F|100\/100\n|turn|11\n|\n|t:|1700577811\n|move|p1a: return to ghoul|Bitter Blade|p2a: Rillaboom\n|-supereffective|p2a: Rillaboom\n|-damage|p2a: Rillaboom|0 fnt\n|faint|p2a: Rillaboom\n|\n|upkeep\n|\n|t:|1700577822\n|switch|p2a: Gholdengo|Gholdengo|100\/100\n|-activate|p2a: Gholdengo|move: Sticky Web\n|-unboost|p2a: Gholdengo|spe|1\n|turn|12\n|\n|t:|1700577826\n|move|p1a: return to ghoul|Swords Dance|p1a: return to ghoul\n|-boost|p1a: return to ghoul|atk|2\n|move|p2a: Gholdengo|Shadow Ball|p1a: return to ghoul\n|-supereffective|p1a: return to ghoul\n|-damage|p1a: return to ghoul|4\/100\n|\n|-heal|p1a: return to ghoul|10\/100|[from] Grassy Terrain\n|upkeep\n|turn|13\n|\n|t:|1700577832\n|move|p1a: return to ghoul|Bitter Blade|p2a: Gholdengo\n|-supereffective|p2a: Gholdengo\n|-damage|p2a: Gholdengo|0 fnt\n|-heal|p1a: return to ghoul|64\/100|[from] drain|[of] p2a: Gholdengo\n|faint|p2a: Gholdengo\n|\n|-heal|p1a: return to ghoul|70\/100|[from] Grassy Terrain\n|upkeep\n|\n|t:|1700577839\n|switch|p2a: Great Tusk|Great Tusk|100\/100\n|-activate|p2a: Great Tusk|move: Sticky Web\n|-unboost|p2a: Great Tusk|spe|1\n|turn|14\n|\n|t:|1700577844\n|-terastallize|p1a: return to ghoul|Fire\n|move|p1a: return to ghoul|Bitter Blade|p2a: Great Tusk\n|-damage|p2a: Great Tusk|21\/100\n|-heal|p1a: return to ghoul|100\/100|[from] drain|[of] p2a: Great Tusk\n|move|p2a: Great Tusk|Headlong Rush|p1a: return to ghoul\n|-supereffective|p1a: return to ghoul\n|-enditem|p1a: return to ghoul|Focus Sash\n|-damage|p1a: return to ghoul|1\/100\n|-unboost|p2a: Great Tusk|def|1\n|-unboost|p2a: Great Tusk|spd|1\n|-ability|p1a: return to ghoul|Weak Armor|boost\n|-unboost|p1a: return to ghoul|def|1\n|-boost|p1a: return to ghoul|spe|2\n|\n|-heal|p1a: return to ghoul|7\/100|[from] Grassy Terrain\n|-heal|p2a: Great Tusk|27\/100|[from] Grassy Terrain\n|-fieldend|move: Grassy Terrain\n|upkeep\n|turn|15\n|\n|t:|1700577853\n|-end|p2a: Great Tusk|Protosynthesis|[silent]\n|switch|p2a: Dragapult|Dragapult, F|100\/100\n|-activate|p2a: Dragapult|move: Sticky Web\n|-unboost|p2a: Dragapult|spe|1\n|move|p1a: return to ghoul|Bitter Blade|p2a: Dragapult\n|-resisted|p2a: Dragapult\n|-damage|p2a: Dragapult|17\/100\n|-heal|p1a: return to ghoul|53\/100|[from] drain|[of] p2a: Dragapult\n|\n|upkeep\n|turn|16\n|\n|t:|1700577861\n|move|p1a: return to ghoul|Shadow Sneak|p2a: Dragapult\n|-supereffective|p2a: Dragapult\n|-damage|p2a: Dragapult|0 fnt\n|faint|p2a: Dragapult\n|\n|upkeep\n|\n|t:|1700577863\n|switch|p2a: Great Tusk|Great Tusk|27\/100\n|-activate|p2a: Great Tusk|move: Sticky Web\n|-unboost|p2a: Great Tusk|spe|1\n|turn|17\n|\n|t:|1700577866\n|move|p1a: return to ghoul|Bitter Blade|p2a: Great Tusk\n|-damage|p2a: Great Tusk|0 fnt\n|-heal|p1a: return to ghoul|71\/100|[from] drain|[of] p2a: Great Tusk\n|faint|p2a: Great Tusk\n|-end|p2a: Great Tusk|Protosynthesis|[silent]\n|\n|upkeep\n|\n|t:|1700577868\n|switch|p2a: Iron Moth|Iron Moth|100\/100\n|-activate|p2a: Iron Moth|move: Sticky Web\n|-unboost|p2a: Iron Moth|spe|1\n|-enditem|p2a: Iron Moth|Booster Energy\n|-activate|p2a: Iron Moth|ability: Quark Drive|[fromitem]\n|-start|p2a: Iron Moth|quarkdrivespa\n|turn|18\n|-message|stewiegriffingoat forfeited.\n|\n|win|SnoozSeal\n|raw|SnoozSeal's rating: 1372 &rarr; <strong>1396<\/strong><br \/>(+24 for winning)\n|raw|stewiegriffingoat's rating: 1434 &rarr; <strong>1410<\/strong><br \/>(-24 for losing)\n|l|\u2606stewiegriffingoat\n","uploadtime":1700577875,"views":6,"p1id":"snoozseal","p2id":"stewiegriffingoat","formatid":"gen9ou","rating":1396,"private":0,"password":""}