{"id":"gen9ou-1999965050","p1":"clodgod6","p2":"swumpy mumpus","format":"[Gen 9] OU","log":"|j|\u2606clodgod6\n|j|\u2606swumpy mumpus\n|t:|1701135380\n|gametype|singles\n|player|p1|clodgod6|wally|1653\n|player|p2|swumpy mumpus|170|1682\n|teamsize|p1|6\n|teamsize|p2|6\n|gen|9\n|tier|[Gen 9] OU\n|rated|\n|rule|Sleep Clause Mod: Limit one foe put to sleep\n|rule|Species Clause: Limit one of each Pok\u00e9mon\n|rule|OHKO Clause: OHKO moves are banned\n|rule|Evasion Items Clause: Evasion items are banned\n|rule|Evasion Moves Clause: Evasion moves are banned\n|rule|Endless Battle Clause: Forcing endless battles is banned\n|rule|HP Percentage Mod: HP is shown in percentages\n|clearpoke\n|poke|p1|Ribombee, M|\n|poke|p1|Kingambit, F|\n|poke|p1|Ogerpon-Wellspring, F|\n|poke|p1|Gholdengo|\n|poke|p1|Great Tusk|\n|poke|p1|Ceruledge, F|\n|poke|p2|Articuno|\n|poke|p2|Maushold|\n|poke|p2|Weezing-Galar, M|\n|poke|p2|Garchomp, F|\n|poke|p2|Zarude|\n|poke|p2|Zamazenta-*|\n|teampreview\n|\n|t:|1701135426\n|start\n|switch|p1a: Bee movie|Ribombee, M|100\/100\n|switch|p2a: Weezing|Weezing-Galar, M|100\/100\n|-fieldstart|move: Misty Terrain|[from] ability: Misty Surge|[of] p2a: Weezing\n|turn|1\n|\n|t:|1701135446\n|switch|p2a: Articuno|Articuno|100\/100\n|-ability|p2a: Articuno|Pressure\n|move|p1a: Bee movie|Sticky Web|p2a: Articuno\n|-sidestart|p2: swumpy mumpus|move: Sticky Web\n|\n|upkeep\n|turn|2\n|\n|t:|1701135451\n|-terastallize|p2a: Articuno|Ground\n|move|p1a: Bee movie|Moonblast|p2a: Articuno\n|-damage|p2a: Articuno|67\/100\n|move|p2a: Articuno|Agility|p2a: Articuno\n|-boost|p2a: Articuno|spe|2\n|\n|upkeep\n|turn|3\n|j| quesitoooo\n|\n|t:|1701135485\n|move|p2a: Articuno|Freeze-Dry|p1a: Bee movie\n|-damage|p1a: Bee movie|45\/100\n|move|p1a: Bee movie|Stun Spore|p2a: Articuno\n|-activate|p2a: Articuno|move: Misty Terrain\n|\n|upkeep\n|turn|4\n|\n|t:|1701135490\n|move|p2a: Articuno|Freeze-Dry|p1a: Bee movie\n|-damage|p1a: Bee movie|0 fnt\n|faint|p1a: Bee movie\n|\n|upkeep\n|\n|t:|1701135496\n|switch|p1a: Wishing Well|Gholdengo|100\/100\n|-item|p1a: Wishing Well|Air Balloon\n|turn|5\n|\n|t:|1701135505\n|move|p2a: Articuno|Freeze-Dry|p1a: Wishing Well\n|-resisted|p1a: Wishing Well\n|-damage|p1a: Wishing Well|75\/100\n|-enditem|p1a: Wishing Well|Air Balloon\n|move|p1a: Wishing Well|Make It Rain|p2a: Articuno\n|-damage|p2a: Articuno|17\/100\n|-unboost|p1a: Wishing Well|spa|1\n|\n|upkeep\n|turn|6\n|\n|t:|1701135527\n|move|p2a: Articuno|Roost|p2a: Articuno\n|-heal|p2a: Articuno|67\/100\n|move|p1a: Wishing Well|Shadow Ball|p2a: Articuno\n|-damage|p2a: Articuno|42\/100\n|\n|upkeep\n|turn|7\n|\n|t:|1701135532\n|move|p2a: Articuno|Roost|p2a: Articuno\n|-heal|p2a: Articuno|92\/100\n|move|p1a: Wishing Well|Nasty Plot|p1a: Wishing Well\n|-boost|p1a: Wishing Well|spa|2\n|\n|upkeep\n|turn|8\n|\n|t:|1701135535\n|move|p2a: Articuno|Tera Blast|p1a: Wishing Well|[anim] Tera Blast Ground\n|-supereffective|p1a: Wishing Well\n|-damage|p1a: Wishing Well|3\/100\n|move|p1a: Wishing Well|Make It Rain|p2a: Articuno\n|-damage|p2a: Articuno|20\/100\n|-unboost|p1a: Wishing Well|spa|1\n|\n|-fieldend|Misty Terrain\n|upkeep\n|turn|9\n|\n|t:|1701135540\n|move|p2a: Articuno|Roost|p2a: Articuno\n|-heal|p2a: Articuno|70\/100\n|move|p1a: Wishing Well|Make It Rain|p2a: Articuno\n|-damage|p2a: Articuno|17\/100\n|-unboost|p1a: Wishing Well|spa|1\n|\n|upkeep\n|turn|10\n|\n|t:|1701135545\n|move|p2a: Articuno|Roost|p2a: Articuno\n|-heal|p2a: Articuno|67\/100\n|move|p1a: Wishing Well|Make It Rain|p2a: Articuno\n|-damage|p2a: Articuno|33\/100\n|-unboost|p1a: Wishing Well|spa|1\n|\n|upkeep\n|turn|11\n|\n|t:|1701135547\n|move|p2a: Articuno|Roost|p2a: Articuno\n|-heal|p2a: Articuno|83\/100\n|move|p1a: Wishing Well|Shadow Ball|p2a: Articuno\n|-damage|p2a: Articuno|64\/100\n|\n|upkeep\n|turn|12\n|\n|t:|1701135552\n|move|p2a: Articuno|Roost|p2a: Articuno\n|-heal|p2a: Articuno|100\/100\n|move|p1a: Wishing Well|Shadow Ball|p2a: Articuno\n|-damage|p2a: Articuno|81\/100\n|\n|upkeep\n|turn|13\n|\n|t:|1701135554\n|move|p2a: Articuno|Freeze-Dry|p1a: Wishing Well\n|-resisted|p1a: Wishing Well\n|-damage|p1a: Wishing Well|0 fnt\n|faint|p1a: Wishing Well\n|\n|upkeep\n|\n|t:|1701135560\n|switch|p1a: Checkmate!|Kingambit, F|100\/100\n|-activate|p1a: Checkmate!|ability: Supreme Overlord\n|-start|p1a: Checkmate!|fallen2|[silent]\n|turn|14\n|\n|t:|1701135571\n|move|p2a: Articuno|Tera Blast|p1a: Checkmate!|[anim] Tera Blast Ground\n|-supereffective|p1a: Checkmate!\n|-damage|p1a: Checkmate!|22\/100\n|move|p1a: Checkmate!|Kowtow Cleave|p2a: Articuno\n|-damage|p2a: Articuno|20\/100\n|\n|upkeep\n|turn|15\n|\n|t:|1701135589\n|move|p2a: Articuno|Tera Blast|p1a: Checkmate!|[anim] Tera Blast Ground\n|-supereffective|p1a: Checkmate!\n|-damage|p1a: Checkmate!|0 fnt\n|faint|p1a: Checkmate!\n|-end|p1a: Checkmate!|fallen2|[silent]\n|\n|upkeep\n|\n|t:|1701135593\n|switch|p1a: Demon slayer|Ceruledge, F|100\/100\n|turn|16\n|\n|t:|1701135601\n|switch|p2a: Maushold|Maushold|100\/100\n|-activate|p2a: Maushold|move: Sticky Web\n|-unboost|p2a: Maushold|spe|1\n|move|p1a: Demon slayer|Swords Dance|p1a: Demon slayer\n|-boost|p1a: Demon slayer|atk|2\n|\n|upkeep\n|turn|17\n|\n|t:|1701135615\n|switch|p2a: Garchomp|Garchomp, F|100\/100\n|-activate|p2a: Garchomp|move: Sticky Web\n|-unboost|p2a: Garchomp|spe|1\n|move|p1a: Demon slayer|Close Combat|p2a: Garchomp\n|-damage|p2a: Garchomp|27\/100\n|-unboost|p1a: Demon slayer|def|1\n|-unboost|p1a: Demon slayer|spd|1\n|-damage|p1a: Demon slayer|88\/100|[from] ability: Rough Skin|[of] p2a: Garchomp\n|-damage|p1a: Demon slayer|72\/100|[from] item: Rocky Helmet|[of] p2a: Garchomp\n|\n|upkeep\n|turn|18\n|\n|t:|1701135626\n|move|p1a: Demon slayer|Close Combat|p2a: Garchomp\n|-damage|p2a: Garchomp|0 fnt\n|-unboost|p1a: Demon slayer|def|1\n|-unboost|p1a: Demon slayer|spd|1\n|-damage|p1a: Demon slayer|59\/100|[from] ability: Rough Skin|[of] p2a: Garchomp\n|-damage|p1a: Demon slayer|43\/100|[from] item: Rocky Helmet|[of] p2a: Garchomp\n|faint|p2a: Garchomp\n|\n|upkeep\n|\n|t:|1701135642\n|switch|p2a: Weezing|Weezing-Galar, M|100\/100\n|-activate|p2a: Weezing|move: Sticky Web\n|-unboost|p2a: Weezing|spe|1\n|-fieldstart|move: Misty Terrain|[from] ability: Misty Surge|[of] p2a: Weezing\n|turn|19\n|\n|t:|1701135657\n|-terastallize|p1a: Demon slayer|Fire\n|move|p1a: Demon slayer|Bitter Blade|p2a: Weezing\n|-damage|p2a: Weezing|0 fnt\n|-heal|p1a: Demon slayer|94\/100|[from] drain|[of] p2a: Weezing\n|faint|p2a: Weezing\n|\n|upkeep\n|\n|t:|1701135674\n|switch|p2a: Zamazenta|Zamazenta|100\/100\n|-activate|p2a: Zamazenta|move: Sticky Web\n|-unboost|p2a: Zamazenta|spe|1\n|-ability|p2a: Zamazenta|Dauntless Shield|boost\n|-boost|p2a: Zamazenta|def|1\n|turn|20\n|\n|t:|1701135690\n|move|p1a: Demon slayer|Bitter Blade|p2a: Zamazenta\n|-damage|p2a: Zamazenta|29\/100\n|-heal|p1a: Demon slayer|100\/100|[from] drain|[of] p2a: Zamazenta\n|move|p2a: Zamazenta|Body Press|p1a: Demon slayer\n|-enditem|p1a: Demon slayer|Focus Sash\n|-damage|p1a: Demon slayer|1\/100\n|-ability|p1a: Demon slayer|Weak Armor|boost\n|-unboost|p1a: Demon slayer|def|1\n|-boost|p1a: Demon slayer|spe|2\n|\n|-heal|p2a: Zamazenta|35\/100|[from] item: Leftovers\n|upkeep\n|turn|21\n|\n|t:|1701135703\n|move|p1a: Demon slayer|Bitter Blade|p2a: Zamazenta\n|-damage|p2a: Zamazenta|0 fnt\n|-heal|p1a: Demon slayer|20\/100|[from] drain|[of] p2a: Zamazenta\n|faint|p2a: Zamazenta\n|\n|upkeep\n|\n|t:|1701135709\n|switch|p2a: Maushold|Maushold|100\/100\n|-activate|p2a: Maushold|move: Sticky Web\n|-unboost|p2a: Maushold|spe|1\n|turn|22\n|j| higgsfuckingboson\n|-message|swumpy mumpus forfeited.\n|\n|win|clodgod6\n|raw|clodgod6's rating: 1653 &rarr; <strong>1675<\/strong><br \/>(+22 for winning)\n|raw|swumpy mumpus's rating: 1682 &rarr; <strong>1660<\/strong><br \/>(-22 for losing)\n|l|\u2606swumpy mumpus\n","uploadtime":1701135740,"views":3,"p1id":"clodgod6","p2id":"swumpymumpus","formatid":"gen9ou","rating":1660,"private":0,"password":""}