{"id":"gen9ou-1996955595","p1":"riddleherbivore024","p2":"Onte bad","format":"[Gen 9] OU","log":"|j|\u2606riddleherbivore024\n|j|\u2606Onte bad\n|t:|1700749314\n|gametype|singles\n|player|p1|riddleherbivore024|266|1198\n|player|p2|Onte bad|101|1235\n|teamsize|p1|6\n|teamsize|p2|6\n|gen|9\n|tier|[Gen 9] OU\n|rated|\n|rule|Sleep Clause Mod: Limit one foe put to sleep\n|rule|Species Clause: Limit one of each Pok\u00e9mon\n|rule|OHKO Clause: OHKO moves are banned\n|rule|Evasion Items Clause: Evasion items are banned\n|rule|Evasion Moves Clause: Evasion moves are banned\n|rule|Endless Battle Clause: Forcing endless battles is banned\n|rule|HP Percentage Mod: HP is shown in percentages\n|clearpoke\n|poke|p1|Zapdos|\n|poke|p1|Iron Moth|\n|poke|p1|Ogerpon-Wellspring, F|\n|poke|p1|Goodra-Hisui, F|\n|poke|p1|Enamorus, F|\n|poke|p1|Maushold|\n|poke|p2|Regidrago|\n|poke|p2|Ribombee, M|\n|poke|p2|Scizor, F|\n|poke|p2|Slowking-Galar, M|\n|poke|p2|Breloom, F|\n|poke|p2|Quaquaval, M|\n|teampreview\n|inactive|Battle timer is ON: inactive players will automatically lose when time's up. (requested by riddleherbivore024)\n|\n|t:|1700749325\n|start\n|switch|p1a: hm|Ogerpon-Wellspring, F|100\/100\n|switch|p2a: Quaquaval|Quaquaval, M|100\/100\n|turn|1\n|\n|t:|1700749349\n|move|p1a: hm|Horn Leech|p2a: Quaquaval\n|-supereffective|p2a: Quaquaval\n|-damage|p2a: Quaquaval|0 fnt\n|faint|p2a: Quaquaval\n|\n|upkeep\n|\n|t:|1700749354\n|switch|p2a: Scizor|Scizor, F|100\/100\n|turn|2\n|\n|t:|1700749361\n|switch|p1a: robot sun|Iron Moth|100\/100\n|-item|p1a: robot sun|Air Balloon\n|move|p2a: Scizor|U-turn|p1a: robot sun\n|-resisted|p1a: robot sun\n|-damage|p1a: robot sun|76\/100\n|-enditem|p1a: robot sun|Air Balloon\n|\n|t:|1700749371\n|switch|p2a: Breloom|Breloom, F|100\/100|[from] U-turn\n|\n|upkeep\n|turn|3\n|\n|t:|1700749395\n|move|p1a: robot sun|Fiery Dance|p2a: Breloom\n|-supereffective|p2a: Breloom\n|-enditem|p2a: Breloom|Focus Sash\n|-damage|p2a: Breloom|1\/100\n|move|p2a: Breloom|Rock Tomb|p1a: robot sun\n|-supereffective|p1a: robot sun\n|-damage|p1a: robot sun|0 fnt\n|faint|p1a: robot sun\n|-end|p1a: robot sun|Quark Drive|[silent]\n|\n|upkeep\n|\n|t:|1700749405\n|switch|p1a: Maushold|Maushold|100\/100\n|turn|4\n|\n|t:|1700749413\n|move|p2a: Breloom|Mach Punch|p1a: Maushold\n|-supereffective|p1a: Maushold\n|-damage|p1a: Maushold|0 fnt\n|faint|p1a: Maushold\n|\n|upkeep\n|\n|t:|1700749417\n|switch|p1a: cloud 9|Enamorus, F|100\/100\n|turn|5\n|\n|t:|1700749421\n|switch|p2a: Slowking|Slowking-Galar, M|100\/100\n|move|p1a: cloud 9|Moonblast|p2a: Slowking\n|-resisted|p2a: Slowking\n|-damage|p2a: Slowking|87\/100\n|\n|upkeep\n|turn|6\n|\n|t:|1700749437\n|switch|p1a: snail guy|Goodra-Hisui, F|100\/100\n|move|p2a: Slowking|Sludge Bomb|p1a: snail guy\n|-immune|p1a: snail guy\n|\n|upkeep\n|turn|7\n|\n|t:|1700749446\n|switch|p2a: Scizor|Scizor, F|100\/100\n|move|p1a: snail guy|Dragon Tail|p2a: Scizor\n|-resisted|p2a: Scizor\n|-damage|p2a: Scizor|90\/100\n|drag|p2a: Slowking|Slowking-Galar, M|100\/100\n|\n|upkeep\n|turn|8\n|\n|t:|1700749454\n|switch|p2a: Ribombee|Ribombee, M|100\/100\n|move|p1a: snail guy|Flamethrower|p2a: Ribombee\n|-supereffective|p2a: Ribombee\n|-enditem|p2a: Ribombee|Focus Sash\n|-damage|p2a: Ribombee|1\/100\n|\n|upkeep\n|turn|9\n|\n|t:|1700749464\n|move|p2a: Ribombee|Sticky Web|p1a: snail guy\n|-sidestart|p1: riddleherbivore024|move: Sticky Web\n|move|p1a: snail guy|Flamethrower|p2a: Ribombee\n|-supereffective|p2a: Ribombee\n|-damage|p2a: Ribombee|0 fnt\n|faint|p2a: Ribombee\n|\n|upkeep\n|\n|t:|1700749466\n|switch|p2a: Regidrago|Regidrago|100\/100\n|turn|10\n|\n|t:|1700749474\n|switch|p2a: Slowking|Slowking-Galar, M|100\/100\n|move|p1a: snail guy|Dragon Tail|p2a: Slowking|[miss]\n|-miss|p1a: snail guy|p2a: Slowking\n|\n|upkeep\n|turn|11\n|\n|t:|1700749483\n|move|p1a: snail guy|Flamethrower|p2a: Slowking\n|-damage|p2a: Slowking|85\/100\n|move|p2a: Slowking|Flamethrower|p1a: snail guy\n|-damage|p1a: snail guy|86\/100\n|\n|upkeep\n|turn|12\n|\n|t:|1700749492\n|move|p1a: snail guy|Flamethrower|p2a: Slowking\n|-damage|p2a: Slowking|70\/100\n|move|p2a: Slowking|Ice Beam|p1a: snail guy\n|-damage|p1a: snail guy|72\/100\n|-status|p1a: snail guy|frz\n|\n|upkeep\n|turn|13\n|\n|t:|1700749499\n|switch|p2a: Scizor|Scizor, F|90\/100\n|cant|p1a: snail guy|frz\n|\n|upkeep\n|turn|14\n|\n|t:|1700749502\n|move|p2a: Scizor|Close Combat|p1a: snail guy\n|-supereffective|p1a: snail guy\n|-damage|p1a: snail guy|0 fnt\n|-unboost|p2a: Scizor|def|1\n|-unboost|p2a: Scizor|spd|1\n|faint|p1a: snail guy\n|\n|upkeep\n|c|\u2606Onte bad|that was incredibly lucky\n|\n|t:|1700749508\n|switch|p1a: :)|Zapdos|100\/100\n|-ability|p1a: :)|Pressure\n|turn|15\n|\n|t:|1700749516\n|switch|p2a: Breloom|Breloom, F|1\/100\n|move|p1a: :)|Hurricane|p2a: Breloom\n|-supereffective|p2a: Breloom\n|-damage|p2a: Breloom|0 fnt\n|faint|p2a: Breloom\n|\n|upkeep\n|\n|t:|1700749518\n|switch|p2a: Slowking|Slowking-Galar, M|100\/100\n|turn|16\n|\n|t:|1700749522\n|move|p1a: :)|Thunder Wave|p2a: Slowking\n|-status|p2a: Slowking|par\n|move|p2a: Slowking|Ice Beam|p1a: :)\n|-supereffective|p1a: :)\n|-damage|p1a: :)|39\/100\n|\n|upkeep\n|turn|17\n|inactive|riddleherbivore024 has 120 seconds left.\n|\n|t:|1700749555\n|move|p1a: :)|Thunder|p2a: Slowking\n|-damage|p2a: Slowking|65\/100 par\n|move|p2a: Slowking|Future Sight|p1a: :)\n|-start|p2a: Slowking|move: Future Sight\n|\n|upkeep\n|turn|18\n|\n|t:|1700749571\n|switch|p1a: hm|Ogerpon-Wellspring, F|100\/100\n|-activate|p1a: hm|move: Sticky Web\n|-unboost|p1a: hm|spe|1\n|move|p2a: Slowking|Ice Beam|p1a: hm\n|-damage|p1a: hm|62\/100\n|\n|upkeep\n|turn|19\n|\n|t:|1700749580\n|switch|p2a: Scizor|Scizor, F|90\/100\n|move|p1a: hm|Ivy Cudgel|p2a: Scizor|[anim] Ivy Cudgel Water\n|-damage|p2a: Scizor|28\/100\n|\n|-end|p1a: hm|move: Future Sight\n|-damage|p1a: hm|0 fnt\n|faint|p1a: hm\n|upkeep\n|\n|t:|1700749591\n|switch|p1a: cloud 9|Enamorus, F|100\/100\n|turn|20\n|\n|t:|1700749595\n|-terastallize|p2a: Scizor|Steel\n|move|p2a: Scizor|Bullet Punch|p1a: cloud 9\n|-supereffective|p1a: cloud 9\n|-damage|p1a: cloud 9|0 fnt\n|faint|p1a: cloud 9\n|\n|upkeep\n|\n|t:|1700749599\n|switch|p1a: :)|Zapdos|39\/100\n|-ability|p1a: :)|Pressure\n|turn|21\n|\n|t:|1700749615\n|move|p2a: Scizor|Bullet Punch|p1a: :)\n|-resisted|p1a: :)\n|-damage|p1a: :)|4\/100\n|move|p1a: :)|Thunder|p2a: Scizor\n|-damage|p2a: Scizor|0 fnt\n|faint|p2a: Scizor\n|\n|upkeep\n|\n|t:|1700749619\n|switch|p2a: Regidrago|Regidrago|100\/100\n|turn|22\n|\n|t:|1700749629\n|-terastallize|p1a: :)|Rock\n|move|p2a: Regidrago|Dragon Energy|p1a: :)\n|-damage|p1a: :)|0 fnt\n|faint|p1a: :)\n|\n|win|Onte bad\n|raw|riddleherbivore024's rating: 1198 &rarr; <strong>1176<\/strong><br \/>(-22 for losing)\n|raw|Onte bad's rating: 1235 &rarr; <strong>1257<\/strong><br \/>(+22 for winning)\n|c|\u2606Onte bad|ggs\n","uploadtime":1700749635,"views":0,"p1id":"riddleherbivore024","p2id":"ontebad","formatid":"gen9ou","rating":1176,"private":0,"password":""}