{"id":"gen9ou-1999572568","p1":"SonettoVertin","p2":"Leon033","format":"[Gen 9] OU","log":"|j|\u2606SonettoVertin\n|j|\u2606Leon033\n|t:|1701097424\n|gametype|singles\n|player|p1|SonettoVertin|102|\n|player|p2|Leon033|lucas|\n|teamsize|p1|6\n|teamsize|p2|6\n|gen|9\n|tier|[Gen 9] OU\n|rule|Sleep Clause Mod: Limit one foe put to sleep\n|rule|Species Clause: Limit one of each Pok\u00e9mon\n|rule|OHKO Clause: OHKO moves are banned\n|rule|Evasion Items Clause: Evasion items are banned\n|rule|Evasion Moves Clause: Evasion moves are banned\n|rule|Endless Battle Clause: Forcing endless battles is banned\n|rule|HP Percentage Mod: HP is shown in percentages\n|clearpoke\n|poke|p1|Ninetales-Alola, M|\n|poke|p1|Haxorus, M|\n|poke|p1|Frosmoth, F|\n|poke|p1|Magneton|\n|poke|p1|Spiritomb, F|\n|poke|p1|Eiscue, F|\n|poke|p2|Applin, F|\n|poke|p2|Appletun, M|\n|poke|p2|Dipplin, M|\n|poke|p2|Flapple, M|\n|poke|p2|Medicham, M|\n|poke|p2|Hatterene, F|\n|teampreview\n|inactive|Battle timer is ON: inactive players will automatically lose when time's up. (requested by Leon033)\n|\n|t:|1701097442\n|start\n|switch|p1a: Ninetales|Ninetales-Alola, M|100\/100\n|switch|p2a: Apple's Laozi|Medicham, M|100\/100\n|-weather|Snow|[from] ability: Snow Warning|[of] p1a: Ninetales\n|turn|1\n|j| justajynx xoxo\n|c| justajynx xoxo|bruh\n|j| Ultramanball1\n|c| Ultramanball1|C\u1ed1 l\u00ean duy\n|c| justajynx xoxo|bro gawt the whole apple store\n|c| Ultramanball1|Coi ch\u1eebng medicham scarf bonk c\u1ea3 l\u0169 \ud83d\udc27\n|inactive|SonettoVertin has 270 seconds left.\n|\n|t:|1701097474\n|switch|p1a: Spiritomb|Spiritomb, F|100\/100\n|move|p2a: Apple's Laozi|Close Combat|p1a: Spiritomb\n|-immune|p1a: Spiritomb\n|\n|-weather|Snow|[upkeep]\n|upkeep\n|turn|2\n|\n|t:|1701097483\n|switch|p2a: Fatherapple|Flapple, M|100\/100\n|move|p1a: Spiritomb|Poltergeist|p2a: Fatherapple\n|-activate|p2a: Fatherapple|move: Poltergeist|Life Orb\n|-damage|p2a: Fatherapple|0 fnt\n|faint|p2a: Fatherapple\n|\n|-weather|Snow|[upkeep]\n|upkeep\n|c| justajynx xoxo|nah we windows\n|c| Ultramanball1|SI\u00caUUUU\n|\n|t:|1701097497\n|switch|p2a: Applemom|Appletun, M|100\/100\n|turn|3\n|c| justajynx xoxo|thay chx tan\n|\n|t:|1701097506\n|move|p1a: Spiritomb|Poltergeist|p2a: Applemom\n|-activate|p2a: Applemom|move: Poltergeist|Leftovers\n|-crit|p2a: Applemom\n|-damage|p2a: Applemom|1\/100\n|move|p2a: Applemom|Apple Acid|p1a: Spiritomb\n|-damage|p1a: Spiritomb|67\/100\n|-unboost|p1a: Spiritomb|spd|1\n|\n|-weather|Snow|[upkeep]\n|-heal|p2a: Applemom|7\/100|[from] item: Leftovers\n|upkeep\n|turn|4\n|\n|t:|1701097522\n|move|p1a: Spiritomb|Poltergeist|p2a: Applemom\n|-activate|p2a: Applemom|move: Poltergeist|Leftovers\n|-crit|p2a: Applemom\n|-damage|p2a: Applemom|0 fnt\n|faint|p2a: Applemom\n|\n|-weather|Snow|[upkeep]\n|upkeep\n|c| Ultramanball1|H n\u00ean r\u00fat v\u1ec1\n|j| Bohbohboh\n|c| Ultramanball1|coi ch\u1eebng n\u00f3 eviolite\n|c| Bohbohboh|rewquiuiuiuitfblh\n|inactive|Leon033 has 270 seconds left.\n|c| Bohbohboh|\u0111\u1eebng\n|\n|t:|1701097544\n|switch|p2a: Applebro|Dipplin, M|100\/100\n|turn|5\n|\n|t:|1701097556\n|switch|p1a: Magneton|Magneton|100\/100\n|move|p2a: Applebro|Infestation|p1a: Magneton\n|-resisted|p1a: Magneton\n|-damage|p1a: Magneton|97\/100\n|-activate|p1a: Magneton|move: Infestation|[of] p2a: Applebro\n|\n|-weather|none\n|-heal|p1a: Magneton|100\/100|[from] item: Leftovers\n|-damage|p1a: Magneton|88\/100|[from] move: Infestation|[partiallytrapped]\n|upkeep\n|turn|6\n|c| Ultramanball1|Chu\u1ea9n\n|\n|t:|1701097567\n|move|p1a: Magneton|Substitute|p1a: Magneton\n|-start|p1a: Magneton|Substitute\n|-end|p1a: Magneton|Infestation|[partiallytrapped]|[silent]\n|-damage|p1a: Magneton|63\/100\n|move|p2a: Applebro|Giga Drain|p1a: Magneton\n|-resisted|p1a: Magneton\n|-activate|p1a: Magneton|move: Substitute|[damage]\n|\n|-heal|p1a: Magneton|69\/100|[from] item: Leftovers\n|upkeep\n|turn|7\n|c| justajynx xoxo|look at dis\n|c| Ultramanball1|Charge beam sweep\n|\n|t:|1701097575\n|move|p1a: Magneton|Lock-On|p2a: Applebro\n|-activate|p1a: Magneton|move: Lock-On|[of] p2a: Applebro\n|move|p2a: Applebro|Giga Drain|p1a: Magneton\n|-resisted|p1a: Magneton\n|-end|p1a: Magneton|Substitute\n|\n|-heal|p1a: Magneton|75\/100|[from] item: Leftovers\n|upkeep\n|turn|8\n|c| Ultramanball1|\ud83d\udc27\n|\n|t:|1701097582\n|move|p1a: Magneton|Zap Cannon|p2a: Applebro\n|-resisted|p2a: Applebro\n|-damage|p2a: Applebro|89\/100\n|-status|p2a: Applebro|par\n|move|p2a: Applebro|Infestation|p1a: Magneton\n|-resisted|p1a: Magneton\n|-damage|p1a: Magneton|72\/100\n|-activate|p1a: Magneton|move: Infestation|[of] p2a: Applebro\n|\n|-heal|p1a: Magneton|78\/100|[from] item: Leftovers\n|-damage|p1a: Magneton|66\/100|[from] move: Infestation|[partiallytrapped]\n|upkeep\n|turn|9\n|c| justajynx xoxo|:)))))\n|\n|t:|1701097598\n|move|p1a: Magneton|Substitute|p1a: Magneton\n|-start|p1a: Magneton|Substitute\n|-end|p1a: Magneton|Infestation|[partiallytrapped]|[silent]\n|-damage|p1a: Magneton|41\/100\n|move|p2a: Applebro|Dragon Tail|p1a: Magneton\n|-resisted|p1a: Magneton\n|-activate|p1a: Magneton|move: Substitute|[damage]\n|\n|-heal|p1a: Magneton|47\/100|[from] item: Leftovers\n|upkeep\n|turn|10\n|\n|t:|1701097606\n|move|p1a: Magneton|Tera Blast|p2a: Applebro\n|-damage|p2a: Applebro|67\/100 par\n|cant|p2a: Applebro|par\n|\n|-heal|p1a: Magneton|53\/100|[from] item: Leftovers\n|upkeep\n|turn|11\n|c| Ultramanball1|ZAP CANNON BRRRR\n|\n|t:|1701097613\n|move|p1a: Magneton|Tera Blast|p2a: Applebro\n|-damage|p2a: Applebro|47\/100 par\n|move|p2a: Applebro|Giga Drain|p1a: Magneton\n|-resisted|p1a: Magneton\n|-crit|p1a: Magneton\n|-end|p1a: Magneton|Substitute\n|-heal|p2a: Applebro|53\/100 par|[from] drain|[of] p1a: Magneton\n|\n|-heal|p1a: Magneton|59\/100|[from] item: Leftovers\n|upkeep\n|turn|12\n|\n|t:|1701097622\n|move|p1a: Magneton|Substitute|p1a: Magneton\n|-start|p1a: Magneton|Substitute\n|-damage|p1a: Magneton|34\/100\n|cant|p2a: Applebro|par\n|\n|-heal|p1a: Magneton|41\/100|[from] item: Leftovers\n|upkeep\n|turn|13\n|\n|t:|1701097635\n|switch|p2a: Apple's Laozi|Medicham, M|100\/100\n|move|p1a: Magneton|Tera Blast|p2a: Apple's Laozi\n|-damage|p2a: Apple's Laozi|51\/100\n|\n|-heal|p1a: Magneton|47\/100|[from] item: Leftovers\n|upkeep\n|turn|14\n|c| Ultramanball1|Zap cannon\n|\n|t:|1701097646\n|move|p2a: Apple's Laozi|Drain Punch|p1a: Magneton\n|-supereffective|p1a: Magneton\n|-end|p1a: Magneton|Substitute\n|-heal|p2a: Apple's Laozi|65\/100|[from] drain|[of] p1a: Magneton\n|move|p1a: Magneton|Zap Cannon|p2a: Apple's Laozi|[miss]\n|-miss|p1a: Magneton|p2a: Apple's Laozi\n|\n|-heal|p1a: Magneton|53\/100|[from] item: Leftovers\n|upkeep\n|turn|15\n|c| Ultramanball1|Ok ko sao\n|\n|t:|1701097658\n|switch|p2a: Applebro|Dipplin, M|53\/100 par\n|switch|p1a: Spiritomb|Spiritomb, F|67\/100\n|\n|upkeep\n|turn|16\n|\n|t:|1701097664\n|move|p1a: Spiritomb|Trick|p2a: Applebro\n|-immune|p2a: Applebro\n|move|p2a: Applebro|Infestation|p1a: Spiritomb\n|-damage|p1a: Spiritomb|61\/100\n|-activate|p1a: Spiritomb|move: Infestation|[of] p2a: Applebro\n|\n|-damage|p1a: Spiritomb|49\/100|[from] move: Infestation|[partiallytrapped]\n|upkeep\n|turn|17\n|c| Ultramanball1|Fuck u\n|\n|t:|1701097671\n|move|p1a: Spiritomb|Trick|p2a: Applebro\n|-immune|p2a: Applebro\n|move|p2a: Applebro|Recover|p2a: Applebro\n|-heal|p2a: Applebro|100\/100 par\n|\n|-damage|p1a: Spiritomb|36\/100|[from] move: Infestation|[partiallytrapped]\n|upkeep\n|turn|18\n|c| Bohbohboh|dabswugkjh\n|c| justajynx xoxo|sticky hold bruv\n|c| Bohbohboh|hahahaha\n|\n|t:|1701097679\n|move|p1a: Spiritomb|Trick|p2a: Applebro\n|-immune|p2a: Applebro\n|cant|p2a: Applebro|par\n|\n|-damage|p1a: Spiritomb|24\/100|[from] move: Infestation|[partiallytrapped]\n|upkeep\n|turn|19\n|c|\u2606SonettoVertin|:)))\n|c| Ultramanball1|\u0110m\n|c| justajynx xoxo|lmao\n|\n|t:|1701097686\n|move|p1a: Spiritomb|Trick|p2a: Applebro\n|-immune|p2a: Applebro\n|move|p2a: Applebro|Giga Drain|p1a: Spiritomb\n|-damage|p1a: Spiritomb|0 fnt\n|faint|p1a: Spiritomb\n|\n|upkeep\n|c|\u2606SonettoVertin|choice lock cmnr\n|c| Bohbohboh|ngon l\u00e0nh\n|\n|t:|1701097696\n|switch|p1a: Frosmoth|Frosmoth, F|100\/100\n|turn|20\n|c| Ultramanball1|R\u1ed3i medicham hi\u1ebfp d\u00e2m\n|c| Bohbohboh|hmmm\n|c| Ultramanball1|C\u00f3 subs ko\n|c|\u2606SonettoVertin|ko\n|c| Bohbohboh|dragon taill\n|\n|t:|1701097715\n|-terastallize|p2a: Applebro|Steel\n|move|p1a: Frosmoth|Substitute|p1a: Frosmoth\n|-start|p1a: Frosmoth|Substitute\n|-damage|p1a: Frosmoth|76\/100\n|cant|p2a: Applebro|par\n|\n|upkeep\n|turn|21\n|c|\u2606SonettoVertin|ko c\u00f3 sub\n|c| Ultramanball1|Ok a\n|\n|t:|1701097721\n|move|p1a: Frosmoth|Quiver Dance|p1a: Frosmoth\n|-boost|p1a: Frosmoth|spa|1\n|-boost|p1a: Frosmoth|spd|1\n|-boost|p1a: Frosmoth|spe|1\n|move|p2a: Applebro|Giga Drain|p1a: Frosmoth\n|-resisted|p1a: Frosmoth\n|-activate|p1a: Frosmoth|move: Substitute|[damage]\n|\n|upkeep\n|turn|22\n|c| Ultramanball1|YESS\n|c| Bohbohboh|\u00f4 lmj \u0111\u1ea5y\n|\n|t:|1701097729\n|move|p1a: Frosmoth|Quiver Dance|p1a: Frosmoth\n|-boost|p1a: Frosmoth|spa|1\n|-boost|p1a: Frosmoth|spd|1\n|-boost|p1a: Frosmoth|spe|1\n|move|p2a: Applebro|Dragon Tail|p1a: Frosmoth\n|-end|p1a: Frosmoth|Substitute\n|\n|upkeep\n|turn|23\n|\n|t:|1701097735\n|move|p1a: Frosmoth|Substitute|p1a: Frosmoth\n|-start|p1a: Frosmoth|Substitute\n|-damage|p1a: Frosmoth|51\/100\n|move|p2a: Applebro|Dragon Tail|p1a: Frosmoth\n|-end|p1a: Frosmoth|Substitute\n|\n|upkeep\n|turn|24\n|c| Bohbohboh|v\u00e3i l\n|\n|t:|1701097742\n|move|p1a: Frosmoth|Substitute|p1a: Frosmoth\n|-start|p1a: Frosmoth|Substitute\n|-damage|p1a: Frosmoth|26\/100\n|move|p2a: Applebro|Dragon Tail|p1a: Frosmoth\n|-end|p1a: Frosmoth|Substitute\n|\n|upkeep\n|turn|25\n|\n|t:|1701097748\n|move|p1a: Frosmoth|Substitute|p1a: Frosmoth\n|-start|p1a: Frosmoth|Substitute\n|-damage|p1a: Frosmoth|1\/100\n|move|p2a: Applebro|Dragon Tail|p1a: Frosmoth\n|-end|p1a: Frosmoth|Substitute\n|\n|upkeep\n|turn|26\n|c| Ultramanball1|\u0110m\n|\n|t:|1701097753\n|move|p1a: Frosmoth|Ice Beam|p2a: Applebro\n|-resisted|p2a: Applebro\n|-damage|p2a: Applebro|62\/100 par\n|move|p2a: Applebro|Giga Drain|p1a: Frosmoth\n|-resisted|p1a: Frosmoth\n|-damage|p1a: Frosmoth|0 fnt\n|-heal|p2a: Applebro|63\/100 par|[from] drain|[of] p1a: Frosmoth\n|faint|p1a: Frosmoth\n|\n|upkeep\n|c| Bohbohboh|r\u01b0ghjegfk\n|c| justajynx xoxo|lmao\n|c| Bohbohboh|\u0111\u1ec9nh vl\n|c| Bohbohboh|\u0111\u1ec9nh v iz \u01a1i\n|c| Ultramanball1|Khoan\n|c| Ultramanball1|magneton\n|c| Ultramanball1|va\u00e0o \u0111i\n|\n|t:|1701097778\n|switch|p1a: Haxorus|Haxorus, M|100\/100\n|-ability|p1a: Haxorus|Mold Breaker\n|turn|27\n|c| Bohbohboh|tail\n|\n|t:|1701097783\n|switch|p2a: Apple's Idol|Hatterene, F|100\/100\n|move|p1a: Haxorus|Dragon Dance|p1a: Haxorus\n|-boost|p1a: Haxorus|atk|1\n|-boost|p1a: Haxorus|spe|1\n|\n|upkeep\n|turn|28\n|c| Ultramanball1|MAGNETONNNN\n|c| justajynx xoxo|NO\n|c| justajynx xoxo|WE FIGHT LIKE MEN\n|c| Ultramanball1|Ok bruh\n|\n|t:|1701097810\n|move|p1a: Haxorus|Dragon Dance|p1a: Haxorus\n|-boost|p1a: Haxorus|atk|1\n|-boost|p1a: Haxorus|spe|1\n|move|p2a: Apple's Idol|Draining Kiss|p1a: Haxorus\n|-supereffective|p1a: Haxorus\n|-damage|p1a: Haxorus|23\/100\n|\n|upkeep\n|turn|29\n|c| Bohbohboh|?\n|c| Ultramanball1|Poison jab\n|\n|t:|1701097821\n|move|p1a: Haxorus|Poison Jab|p2a: Apple's Idol\n|-supereffective|p2a: Apple's Idol\n|-damage|p2a: Apple's Idol|0 fnt\n|faint|p2a: Apple's Idol\n|\n|upkeep\n|c| justajynx xoxo|xong hatterene sash roi gg\n|c| Ultramanball1|YESSSS\n|\n|t:|1701097825\n|switch|p2a: Applebro|Dipplin, M, tera:Steel|63\/100 par\n|turn|30\n|c|\u2606SonettoVertin|mr white\n|c| Ultramanball1|GG\n|c| Bohbohboh|j \u0111\u1ea5y\n|c|\u2606SonettoVertin|not everyones a chef\n|c|\u2606SonettoVertin|like you and me\n|\n|t:|1701097840\n|move|p1a: Haxorus|Dragon Claw|p2a: Applebro\n|-resisted|p2a: Applebro\n|-damage|p2a: Applebro|41\/100 par\n|move|p2a: Applebro|Dragon Tail|p1a: Haxorus\n|-supereffective|p1a: Haxorus\n|-damage|p1a: Haxorus|0 fnt\n|faint|p1a: Haxorus\n|\n|upkeep\n|c| Bohbohboh|\u0111\u1ecbt\n|c|\u2606SonettoVertin|fuck\n|c| justajynx xoxo|bruhhhhhh\n|c| Ultramanball1|C\u00e1i loz g\u00ec v\u1eady\n|c| Bohbohboh|\u0111\u1ecbttttttttttttttttttttttttttttttttttttt\n|j| poyetu\n|\n|t:|1701097851\n|switch|p1a: Ninetales|Ninetales-Alola, M|100\/100\n|-weather|Snow|[from] ability: Snow Warning|[of] p1a: Ninetales\n|turn|31\n|c| Bohbohboh|out nh\u00e2y\n|c| poyetu|bruh wat\n|\n|t:|1701097857\n|move|p1a: Ninetales|Aurora Veil|p1a: Ninetales\n|-sidestart|p1: SonettoVertin|move: Aurora Veil\n|cant|p2a: Applebro|par\n|\n|-weather|Snow|[upkeep]\n|upkeep\n|turn|32\n|\n|t:|1701097864\n|move|p1a: Ninetales|Moonblast|p2a: Applebro\n|-resisted|p2a: Applebro\n|-damage|p2a: Applebro|31\/100 par\n|-unboost|p2a: Applebro|spa|1\n|move|p2a: Applebro|Infestation|p1a: Ninetales\n|-resisted|p1a: Ninetales\n|-damage|p1a: Ninetales|99\/100\n|-activate|p1a: Ninetales|move: Infestation|[of] p2a: Applebro\n|\n|-weather|Snow|[upkeep]\n|-damage|p1a: Ninetales|88\/100|[from] move: Infestation|[partiallytrapped]\n|upkeep\n|turn|33\n|c| justajynx xoxo|encore\n|c| Bohbohboh|\u0111\u00fang v\u1eady\n|c| Ultramanball1|M\u1eb9\n|\n|t:|1701097873\n|move|p1a: Ninetales|Moonblast|p2a: Applebro\n|-resisted|p2a: Applebro\n|-damage|p2a: Applebro|21\/100 par\n|cant|p2a: Applebro|par\n|\n|-weather|Snow|[upkeep]\n|-damage|p1a: Ninetales|75\/100|[from] move: Infestation|[partiallytrapped]\n|upkeep\n|turn|34\n|c| Ultramanball1|magneton \u0103n r\u1ed3i\n|c| Bohbohboh|recover\n|\n|t:|1701097880\n|move|p1a: Ninetales|Moonblast|p2a: Applebro\n|-resisted|p2a: Applebro\n|-damage|p2a: Applebro|10\/100 par\n|cant|p2a: Applebro|par\n|\n|-weather|Snow|[upkeep]\n|-damage|p1a: Ninetales|63\/100|[from] move: Infestation|[partiallytrapped]\n|upkeep\n|turn|35\n|c| Ultramanball1|No\u00f3 recover th\u00ec sao\n|c| Bohbohboh|\u01a1\n|c| justajynx xoxo|ajajjajajajajaja\n|\n|t:|1701097888\n|move|p1a: Ninetales|Moonblast|p2a: Applebro\n|-resisted|p2a: Applebro\n|-damage|p2a: Applebro|0 fnt\n|faint|p2a: Applebro\n|\n|-weather|none\n|-end|p1a: Ninetales|Infestation|[partiallytrapped]|[silent]\n|upkeep\n|c| Ultramanball1|Adu\n|c| poyetu|r\u1ea5t rng\n|c| justajynx xoxo|VIP QUA DUY OI\n|c| Bohbohboh|bullet punch\n|c| Bohbohboh|close combat\n|c| Bohbohboh|\u0111c\n|c| Bohbohboh|c\u1ee9u \u0111c\n|c|\u2606SonettoVertin|n\u00e3y t ko \u0111\u1ec3 \u00fd n\u00f3 tera:))\n|c|\u2606SonettoVertin|xong ko \u1ea5n earthquake\n|inactive|Leon033 has 270 seconds left.\n|inactiveoff|Battle timer is now OFF.\n|c| Ultramanball1|Tr\u1eadn n\u00e0y m\u00e0 thua l\u00e0 duy ko xong \u0111\u00e2u\n|c| poyetu|nah just switching\n|c| poyetu|Rng g\u00e1nh l\u1ef1c\n|c| Ultramanball1|C\u1ed1 l\u00ean\n|\n|t:|1701097947\n|switch|p2a: Apple's Laozi|Medicham, M|65\/100\n|turn|36\n|\n|t:|1701097953\n|move|p2a: Apple's Laozi|Close Combat|p1a: Ninetales\n|-damage|p1a: Ninetales|8\/100\n|-unboost|p2a: Apple's Laozi|def|1\n|-unboost|p2a: Apple's Laozi|spd|1\n|move|p1a: Ninetales|Moonblast|p2a: Apple's Laozi\n|-supereffective|p2a: Apple's Laozi\n|-damage|p2a: Apple's Laozi|0 fnt\n|faint|p2a: Apple's Laozi\n|\n|upkeep\n|c| Ultramanball1|Yes\n|c|\u2606SonettoVertin|gg\n|c|\u2606SonettoVertin|\u01b0p\n|c| Bohbohboh|v\u00e3i l\u1ed3n\n|c|\u2606SonettoVertin|wp\n|c| Ultramanball1|GG\n|\n|t:|1701097961\n|switch|p2a: Hey Apple|Applin, F|100\/100\n|turn|37\n|c| Bohbohboh|\u1eedieqqqqqqbohrt\n|\n|t:|1701097965\n|move|p2a: Hey Apple|Sucker Punch|p1a: Ninetales\n|-resisted|p1a: Ninetales\n|-damage|p1a: Ninetales|5\/100\n|move|p1a: Ninetales|Freeze-Dry|p2a: Hey Apple\n|-supereffective|p2a: Hey Apple\n|-damage|p2a: Hey Apple|0 fnt\n|faint|p2a: Hey Apple\n|\n|win|SonettoVertin\n|l| Bohbohboh\n|c| poyetu|no bullet?\n","uploadtime":1701097972,"views":39,"p1id":"sonettovertin","p2id":"leon033","formatid":"gen9ou","rating":0,"private":0,"password":""}