{"id":"gen9ou-1996750843","p1":"Fumimico","p2":"TroubleFindsMe","format":"[Gen 9] OU","log":"|j|\u2606Fumimico\n|j|\u2606TroubleFindsMe\n|t:|1700718966\n|gametype|singles\n|player|p1|Fumimico|backersf|1465\n|player|p2|TroubleFindsMe|erika-gen2|1476\n|teamsize|p1|6\n|teamsize|p2|6\n|gen|9\n|tier|[Gen 9] OU\n|rated|\n|rule|Sleep Clause Mod: Limit one foe put to sleep\n|rule|Species Clause: Limit one of each Pok\u00e9mon\n|rule|OHKO Clause: OHKO moves are banned\n|rule|Evasion Items Clause: Evasion items are banned\n|rule|Evasion Moves Clause: Evasion moves are banned\n|rule|Endless Battle Clause: Forcing endless battles is banned\n|rule|HP Percentage Mod: HP is shown in percentages\n|clearpoke\n|poke|p1|Sylveon, F|\n|poke|p1|Ribombee, F|\n|poke|p1|Sinistcha|\n|poke|p1|Great Tusk|\n|poke|p1|Slowking-Galar, F|\n|poke|p1|Alomomola, F|\n|poke|p2|Ribombee, F|\n|poke|p2|Ogerpon-Wellspring, F|\n|poke|p2|Zapdos|\n|poke|p2|Gholdengo|\n|poke|p2|Great Tusk|\n|poke|p2|Iron Valiant|\n|teampreview\n|inactive|Battle timer is ON: inactive players will automatically lose when time's up. (requested by Fumimico)\n|j| Fazykins\n|l| Fazykins\n|inactive|Fumimico has 120 seconds left.\n|\n|t:|1700718999\n|start\n|switch|p1a: Ribombee|Ribombee, F|100\/100\n|switch|p2a: Cutely Sweet|Ribombee, F|100\/100\n|turn|1\n|j| Fazykins\n|inactive|Fumimico has 120 seconds left.\n|l| Fazykins\n|\n|t:|1700719042\n|move|p2a: Cutely Sweet|Sticky Web|p1a: Ribombee\n|-sidestart|p1: Fumimico|move: Sticky Web\n|move|p1a: Ribombee|Quiver Dance|p1a: Ribombee\n|-boost|p1a: Ribombee|spa|1\n|-boost|p1a: Ribombee|spd|1\n|-boost|p1a: Ribombee|spe|1\n|\n|upkeep\n|turn|2\n|\n|t:|1700719048\n|move|p1a: Ribombee|Quiver Dance|p1a: Ribombee\n|-boost|p1a: Ribombee|spa|1\n|-boost|p1a: Ribombee|spd|1\n|-boost|p1a: Ribombee|spe|1\n|move|p2a: Cutely Sweet|Quiver Dance|p2a: Cutely Sweet\n|-boost|p2a: Cutely Sweet|spa|1\n|-boost|p2a: Cutely Sweet|spd|1\n|-boost|p2a: Cutely Sweet|spe|1\n|\n|upkeep\n|turn|3\n|\n|t:|1700719053\n|move|p1a: Ribombee|Quiver Dance|p1a: Ribombee\n|-boost|p1a: Ribombee|spa|1\n|-boost|p1a: Ribombee|spd|1\n|-boost|p1a: Ribombee|spe|1\n|move|p2a: Cutely Sweet|Quiver Dance|p2a: Cutely Sweet\n|-boost|p2a: Cutely Sweet|spa|1\n|-boost|p2a: Cutely Sweet|spd|1\n|-boost|p2a: Cutely Sweet|spe|1\n|\n|upkeep\n|turn|4\n|\n|t:|1700719058\n|move|p1a: Ribombee|Quiver Dance|p1a: Ribombee\n|-boost|p1a: Ribombee|spa|1\n|-boost|p1a: Ribombee|spd|1\n|-boost|p1a: Ribombee|spe|1\n|move|p2a: Cutely Sweet|Quiver Dance|p2a: Cutely Sweet\n|-boost|p2a: Cutely Sweet|spa|1\n|-boost|p2a: Cutely Sweet|spd|1\n|-boost|p2a: Cutely Sweet|spe|1\n|\n|upkeep\n|turn|5\n|j| Fazykins\n|\n|t:|1700719066\n|move|p1a: Ribombee|Stored Power|p2a: Cutely Sweet\n|-enditem|p2a: Cutely Sweet|Focus Sash\n|-damage|p2a: Cutely Sweet|1\/100\n|move|p2a: Cutely Sweet|Quiver Dance|p2a: Cutely Sweet\n|-boost|p2a: Cutely Sweet|spa|1\n|-boost|p2a: Cutely Sweet|spd|1\n|-boost|p2a: Cutely Sweet|spe|1\n|\n|upkeep\n|turn|6\n|\n|t:|1700719071\n|move|p1a: Ribombee|Moonblast|p2a: Cutely Sweet\n|-damage|p2a: Cutely Sweet|0 fnt\n|faint|p2a: Cutely Sweet\n|\n|upkeep\n|\n|t:|1700719081\n|switch|p2a: Cutely Sweet 2|Ogerpon-Wellspring, F|100\/100\n|turn|7\n|\n|t:|1700719085\n|-terastallize|p2a: Cutely Sweet 2|Water\n|detailschange|p2a: Cutely Sweet 2|Ogerpon-Wellspring-Tera, F, tera:Water\n|-ability|p2a: Cutely Sweet 2|Embody Aspect (Wellspring)|boost\n|-boost|p2a: Cutely Sweet 2|spd|1\n|move|p1a: Ribombee|Stored Power|p2a: Cutely Sweet 2\n|-damage|p2a: Cutely Sweet 2|0 fnt\n|faint|p2a: Cutely Sweet 2\n|\n|upkeep\n|\n|t:|1700719092\n|switch|p2a: Nuh Uh|Gholdengo|100\/100\n|-item|p2a: Nuh Uh|Air Balloon\n|turn|8\n|\n|t:|1700719102\n|move|p1a: Ribombee|Stored Power|p2a: Nuh Uh\n|-resisted|p2a: Nuh Uh\n|-damage|p2a: Nuh Uh|0 fnt\n|-enditem|p2a: Nuh Uh|Air Balloon\n|faint|p2a: Nuh Uh\n|\n|upkeep\n|-message|TroubleFindsMe forfeited.\n|\n|win|Fumimico\n|raw|Fumimico's rating: 1465 &rarr; <strong>1486<\/strong><br \/>(+21 for winning)\n|raw|TroubleFindsMe's rating: 1476 &rarr; <strong>1455<\/strong><br \/>(-21 for losing)\n|l|\u2606TroubleFindsMe\n|l| Fazykins\n","uploadtime":1700719112,"views":14,"p1id":"fumimico","p2id":"troublefindsme","formatid":"gen9ou","rating":1455,"private":0,"password":""}