{"id":"gen9ou-1997717075","p1":"IndigOtter","p2":"atonthesunbreaker0","format":"[Gen 9] OU","log":"|j|\u2606IndigOtter\n|j|\u203datonthesunbreaker0\n|t:|1700845118\n|gametype|singles\n|player|p1|IndigOtter|n|1082\n|player|p2|atonthesunbreaker0|gambler|1108\n|teamsize|p1|6\n|teamsize|p2|6\n|gen|9\n|tier|[Gen 9] OU\n|rated|\n|rule|Sleep Clause Mod: Limit one foe put to sleep\n|rule|Species Clause: Limit one of each Pok\u00e9mon\n|rule|OHKO Clause: OHKO moves are banned\n|rule|Evasion Items Clause: Evasion items are banned\n|rule|Evasion Moves Clause: Evasion moves are banned\n|rule|Endless Battle Clause: Forcing endless battles is banned\n|rule|HP Percentage Mod: HP is shown in percentages\n|clearpoke\n|poke|p1|Kingambit, M|\n|poke|p1|Arcanine-Hisui, F|\n|poke|p1|Samurott-Hisui, M|\n|poke|p1|Great Tusk|\n|poke|p1|Rillaboom, M|\n|poke|p1|Dragonite, M|\n|poke|p2|Torkoal, M|\n|poke|p2|Walking Wake|\n|poke|p2|Gholdengo|\n|poke|p2|Kingambit, F|\n|poke|p2|Hatterene, F|\n|poke|p2|Ceruledge, M|\n|teampreview\n|inactive|Battle timer is ON: inactive players will automatically lose when time's up. (requested by IndigOtter)\n|\n|t:|1700845148\n|start\n|switch|p1a: Splashy|Samurott-Hisui, M, shiny|100\/100\n|switch|p2a: Torkoal|Torkoal, M|100\/100\n|-weather|SunnyDay|[from] ability: Drought|[of] p2a: Torkoal\n|turn|1\n|inactive|IndigOtter has 120 seconds left.\n|\n|t:|1700845184\n|move|p1a: Splashy|Taunt|p2a: Torkoal\n|-start|p2a: Torkoal|move: Taunt\n|cant|p2a: Torkoal|move: Taunt|Yawn\n|\n|-weather|SunnyDay|[upkeep]\n|upkeep\n|turn|2\n|inactive|IndigOtter has 120 seconds left.\n|\n|t:|1700845191\n|move|p1a: Splashy|Ceaseless Edge|p2a: Torkoal\n|-damage|p2a: Torkoal|76\/100\n|-sidestart|p2: atonthesunbreaker0|Spikes\n|move|p2a: Torkoal|Lava Plume|p1a: Splashy\n|-resisted|p1a: Splashy\n|-damage|p1a: Splashy|75\/100\n|\n|-weather|SunnyDay|[upkeep]\n|upkeep\n|turn|3\n|\n|t:|1700845200\n|move|p1a: Splashy|Ceaseless Edge|p2a: Torkoal\n|-damage|p2a: Torkoal|49\/100\n|-sidestart|p2: atonthesunbreaker0|Spikes\n|move|p2a: Torkoal|Lava Plume|p1a: Splashy\n|-resisted|p1a: Splashy\n|-damage|p1a: Splashy|48\/100\n|\n|-weather|SunnyDay|[upkeep]\n|-end|p2a: Torkoal|move: Taunt\n|upkeep\n|turn|4\n|\n|t:|1700845211\n|move|p1a: Splashy|Razor Shell|p2a: Torkoal\n|-supereffective|p2a: Torkoal\n|-damage|p2a: Torkoal|21\/100\n|move|p2a: Torkoal|Rapid Spin|p1a: Splashy\n|-damage|p1a: Splashy|36\/100\n|-boost|p2a: Torkoal|spe|1\n|-sideend|p2: atonthesunbreaker0|Spikes|[from] move: Rapid Spin|[of] p2a: Torkoal\n|\n|-weather|SunnyDay|[upkeep]\n|upkeep\n|turn|5\n|\n|t:|1700845223\n|switch|p2a: Walking Wake|Walking Wake|100\/100\n|-activate|p2a: Walking Wake|ability: Protosynthesis\n|-start|p2a: Walking Wake|protosynthesisspe\n|move|p1a: Splashy|Ceaseless Edge|p2a: Walking Wake\n|-damage|p2a: Walking Wake|55\/100\n|-sidestart|p2: atonthesunbreaker0|Spikes\n|\n|-weather|SunnyDay|[upkeep]\n|upkeep\n|turn|6\n|\n|t:|1700845233\n|move|p2a: Walking Wake|Hydro Steam|p1a: Splashy\n|-resisted|p1a: Splashy\n|-damage|p1a: Splashy|0 fnt\n|faint|p1a: Splashy\n|\n|-weather|SunnyDay|[upkeep]\n|upkeep\n|\n|t:|1700845238\n|switch|p1a: Art|Rillaboom, M|100\/100\n|-fieldstart|move: Grassy Terrain|[from] ability: Grassy Surge|[of] p1a: Art\n|turn|7\n|\n|t:|1700845246\n|-end|p2a: Walking Wake|Protosynthesis|[silent]\n|switch|p2a: Ceruledge|Ceruledge, M|100\/100\n|-damage|p2a: Ceruledge|88\/100|[from] Spikes\n|move|p1a: Art|Knock Off|p2a: Ceruledge\n|-supereffective|p2a: Ceruledge\n|-damage|p2a: Ceruledge|0 fnt\n|-enditem|p2a: Ceruledge|Focus Sash|[from] move: Knock Off|[of] p1a: Art\n|faint|p2a: Ceruledge\n|\n|-weather|SunnyDay|[upkeep]\n|upkeep\n|\n|t:|1700845266\n|switch|p2a: Kingambit|Kingambit, F|100\/100\n|-damage|p2a: Kingambit|88\/100|[from] Spikes\n|-activate|p2a: Kingambit|ability: Supreme Overlord\n|-start|p2a: Kingambit|fallen1|[silent]\n|turn|8\n|\n|t:|1700845272\n|switch|p1a: Elephanty|Great Tusk|100\/100\n|-activate|p1a: Elephanty|ability: Protosynthesis\n|-start|p1a: Elephanty|protosynthesisspe\n|move|p2a: Kingambit|Swords Dance|p2a: Kingambit\n|-boost|p2a: Kingambit|atk|2\n|\n|-weather|none\n|-end|p1a: Elephanty|Protosynthesis\n|-heal|p2a: Kingambit|94\/100|[from] Grassy Terrain\n|-heal|p2a: Kingambit|100\/100|[from] item: Leftovers\n|upkeep\n|-enditem|p1a: Elephanty|Booster Energy\n|-activate|p1a: Elephanty|ability: Protosynthesis|[fromitem]\n|-start|p1a: Elephanty|protosynthesisspe\n|turn|9\n|\n|t:|1700845287\n|-terastallize|p2a: Kingambit|Flying\n|move|p1a: Elephanty|Headlong Rush|p2a: Kingambit\n|-immune|p2a: Kingambit\n|move|p2a: Kingambit|Iron Head|p1a: Elephanty\n|-damage|p1a: Elephanty|40\/100\n|\n|-heal|p1a: Elephanty|46\/100|[from] Grassy Terrain\n|upkeep\n|turn|10\n|\n|t:|1700845297\n|move|p1a: Elephanty|Stealth Rock|p2a: Kingambit\n|-sidestart|p2: atonthesunbreaker0|move: Stealth Rock\n|move|p2a: Kingambit|Iron Head|p1a: Elephanty\n|-damage|p1a: Elephanty|0 fnt\n|faint|p1a: Elephanty\n|-end|p1a: Elephanty|Protosynthesis|[silent]\n|\n|upkeep\n|\n|t:|1700845303\n|switch|p1a: Minnie|Arcanine-Hisui, F, shiny|100\/100\n|turn|11\n|\n|t:|1700845307\n|move|p1a: Minnie|Head Smash|p2a: Kingambit\n|-supereffective|p2a: Kingambit\n|-crit|p2a: Kingambit\n|-damage|p2a: Kingambit|0 fnt\n|faint|p2a: Kingambit\n|-end|p2a: Kingambit|fallen1|[silent]\n|\n|-fieldend|move: Grassy Terrain\n|upkeep\n|\n|t:|1700845316\n|switch|p2a: Torkoal|Torkoal, M|21\/100\n|-damage|p2a: Torkoal|9\/100|[from] Spikes\n|-damage|p2a: Torkoal|0 fnt|[from] Stealth Rock\n|faint|p2a: Torkoal\n|\n|t:|1700845323\n|switch|p2a: Walking Wake|Walking Wake|55\/100\n|-damage|p2a: Walking Wake|43\/100|[from] Spikes\n|-damage|p2a: Walking Wake|30\/100|[from] Stealth Rock\n|turn|12\n|\n|t:|1700845331\n|move|p2a: Walking Wake|Flamethrower|p1a: Minnie\n|-resisted|p1a: Minnie\n|-damage|p1a: Minnie|86\/100\n|move|p1a: Minnie|Head Smash|p2a: Walking Wake\n|-damage|p2a: Walking Wake|0 fnt\n|faint|p2a: Walking Wake\n|-end|p2a: Walking Wake|Protosynthesis|[silent]\n|\n|upkeep\n|inactive|atonthesunbreaker0 has 120 seconds left.\n|inactive|atonthesunbreaker0 has 90 seconds left.\n|inactive|atonthesunbreaker0 has 60 seconds left.\n|l|\u203datonthesunbreaker0\n|inactive|atonthesunbreaker0 disconnected and has a minute to reconnect!\n|player|p2|\n|inactive|atonthesunbreaker0 has 30 seconds left.\n|inactive|atonthesunbreaker0 has 20 seconds left.\n|inactive|atonthesunbreaker0 has 15 seconds left.\n|inactive|atonthesunbreaker0 has 10 seconds left.\n|inactive|atonthesunbreaker0 has 5 seconds left.\n|-message|atonthesunbreaker0 lost due to inactivity.\n|\n|win|IndigOtter\n|raw|IndigOtter's rating: 1082 &rarr; <strong>1112<\/strong><br \/>(+30 for winning)\n|raw|atonthesunbreaker0's rating: 1108 &rarr; <strong>1081<\/strong><br \/>(-27 for losing)\n","uploadtime":1700845492,"views":10,"p1id":"indigotter","p2id":"atonthesunbreaker0","formatid":"gen9ou","rating":1081,"private":0,"password":""}