{"id":"gen9ou-1990071058","p1":"Fnv enjoyer","p2":"Funny Fez","format":"[Gen 9] OU","log":"|j|\u2606Fnv enjoyer\n|j|\u2606Funny Fez\n|t:|1699921417\n|gametype|singles\n|player|p1|Fnv enjoyer|anabel|1151\n|player|p2|Funny Fez|infielder|1137\n|teamsize|p1|6\n|teamsize|p2|6\n|gen|9\n|tier|[Gen 9] OU\n|rated|\n|rule|Sleep Clause Mod: Limit one foe put to sleep\n|rule|Species Clause: Limit one of each Pok\u00e9mon\n|rule|OHKO Clause: OHKO moves are banned\n|rule|Evasion Items Clause: Evasion items are banned\n|rule|Evasion Moves Clause: Evasion moves are banned\n|rule|Endless Battle Clause: Forcing endless battles is banned\n|rule|HP Percentage Mod: HP is shown in percentages\n|clearpoke\n|poke|p1|Sneasler, F|\n|poke|p1|Gholdengo|\n|poke|p1|Rillaboom, M|\n|poke|p1|Samurott-Hisui, M|\n|poke|p1|Glimmora, F|\n|poke|p1|Great Tusk|\n|poke|p2|Great Tusk|\n|poke|p2|Ogerpon-Cornerstone, F|\n|poke|p2|Manaphy|\n|poke|p2|Samurott-Hisui, M|\n|poke|p2|Gholdengo|\n|poke|p2|Ninetales-Alola, F|\n|teampreview\n|\n|t:|1699921425\n|start\n|switch|p1a: Samurott|Samurott-Hisui, M|100\/100\n|switch|p2a: Samurott|Samurott-Hisui, M|100\/100\n|turn|1\n|\n|t:|1699921430\n|move|p2a: Samurott|Sacred Sword|p1a: Samurott\n|-supereffective|p1a: Samurott\n|-enditem|p1a: Samurott|Focus Sash\n|-damage|p1a: Samurott|1\/100\n|move|p1a: Samurott|Sacred Sword|p2a: Samurott\n|-supereffective|p2a: Samurott\n|-damage|p2a: Samurott|0 fnt\n|faint|p2a: Samurott\n|\n|upkeep\n|\n|t:|1699921438\n|switch|p2a: Ninetales|Ninetales-Alola, F|100\/100\n|-weather|Snow|[from] ability: Snow Warning|[of] p2a: Ninetales\n|turn|2\n|\n|t:|1699921442\n|move|p2a: Ninetales|Aurora Veil|p2a: Ninetales\n|-sidestart|p2: Funny Fez|move: Aurora Veil\n|move|p1a: Samurott|Ceaseless Edge|p2a: Ninetales\n|-resisted|p2a: Ninetales\n|-damage|p2a: Ninetales|91\/100\n|-sidestart|p2: Funny Fez|Spikes\n|\n|-weather|Snow|[upkeep]\n|upkeep\n|turn|3\n|\n|t:|1699921459\n|switch|p1a: Gholdengo|Gholdengo|100\/100\n|move|p2a: Ninetales|Moonblast|p1a: Gholdengo\n|-resisted|p1a: Gholdengo\n|-damage|p1a: Gholdengo|87\/100\n|\n|-weather|Snow|[upkeep]\n|upkeep\n|turn|4\n|\n|t:|1699921469\n|switch|p2a: Small Alien|Manaphy, shiny|100\/100\n|-damage|p2a: Small Alien|88\/100|[from] Spikes\n|move|p1a: Gholdengo|Nasty Plot|p1a: Gholdengo\n|-boost|p1a: Gholdengo|spa|2\n|\n|-weather|Snow|[upkeep]\n|-heal|p2a: Small Alien|94\/100|[from] item: Leftovers\n|upkeep\n|turn|5\n|\n|t:|1699921474\n|move|p2a: Small Alien|Take Heart|p2a: Small Alien\n|-boost|p2a: Small Alien|spa|1\n|-boost|p2a: Small Alien|spd|1\n|move|p1a: Gholdengo|Shadow Ball|p2a: Small Alien\n|-damage|p2a: Small Alien|64\/100\n|\n|-weather|Snow|[upkeep]\n|-heal|p2a: Small Alien|70\/100|[from] item: Leftovers\n|upkeep\n|turn|6\n|\n|t:|1699921480\n|move|p2a: Small Alien|Scald|p1a: Gholdengo\n|-damage|p1a: Gholdengo|39\/100\n|-status|p1a: Gholdengo|brn\n|move|p1a: Gholdengo|Nasty Plot|p1a: Gholdengo\n|-boost|p1a: Gholdengo|spa|2\n|\n|-weather|none\n|-heal|p2a: Small Alien|76\/100|[from] item: Leftovers\n|-damage|p1a: Gholdengo|33\/100 brn|[from] brn\n|upkeep\n|turn|7\n|\n|t:|1699921485\n|move|p2a: Small Alien|Take Heart|p2a: Small Alien\n|-boost|p2a: Small Alien|spa|1\n|-boost|p2a: Small Alien|spd|1\n|move|p1a: Gholdengo|Shadow Ball|p2a: Small Alien\n|-damage|p2a: Small Alien|38\/100\n|\n|-heal|p2a: Small Alien|44\/100|[from] item: Leftovers\n|-damage|p1a: Gholdengo|27\/100 brn|[from] brn\n|upkeep\n|turn|8\n|\n|t:|1699921491\n|move|p2a: Small Alien|Scald|p1a: Gholdengo\n|-damage|p1a: Gholdengo|0 fnt\n|faint|p1a: Gholdengo\n|\n|-heal|p2a: Small Alien|51\/100|[from] item: Leftovers\n|upkeep\n|\n|t:|1699921504\n|switch|p1a: Samurott|Samurott-Hisui, M|1\/100\n|turn|9\n|\n|t:|1699921510\n|move|p2a: Small Alien|Dazzling Gleam|p1a: Samurott\n|-supereffective|p1a: Samurott\n|-damage|p1a: Samurott|0 fnt\n|faint|p1a: Samurott\n|\n|-heal|p2a: Small Alien|57\/100|[from] item: Leftovers\n|-sideend|p2: Funny Fez|move: Aurora Veil\n|upkeep\n|\n|t:|1699921513\n|switch|p1a: Rillaboom|Rillaboom, M|100\/100\n|-fieldstart|move: Grassy Terrain|[from] ability: Grassy Surge|[of] p1a: Rillaboom\n|turn|10\n|\n|t:|1699921524\n|move|p1a: Rillaboom|Grassy Glide|p2a: Small Alien\n|-supereffective|p2a: Small Alien\n|-damage|p2a: Small Alien|0 fnt\n|faint|p2a: Small Alien\n|\n|upkeep\n|\n|t:|1699921531\n|switch|p2a: Excellent Trunk|Great Tusk|100\/100\n|turn|11\n|\n|t:|1699921541\n|switch|p1a: Glimmora|Glimmora, F|100\/100\n|move|p2a: Excellent Trunk|Rapid Spin|p1a: Glimmora\n|-resisted|p1a: Glimmora\n|-damage|p1a: Glimmora|90\/100\n|-boost|p2a: Excellent Trunk|spe|1\n|-activate|p1a: Glimmora|ability: Toxic Debris\n|-sidestart|p2: Funny Fez|move: Toxic Spikes\n|-sideend|p2: Funny Fez|Spikes|[from] move: Rapid Spin|[of] p2a: Excellent Trunk\n|-sideend|p2: Funny Fez|Toxic Spikes|[from] move: Rapid Spin|[of] p2a: Excellent Trunk\n|\n|-heal|p1a: Glimmora|97\/100|[from] Grassy Terrain\n|upkeep\n|turn|12\n|\n|t:|1699921547\n|move|p2a: Excellent Trunk|Headlong Rush|p1a: Glimmora\n|-supereffective|p1a: Glimmora\n|-damage|p1a: Glimmora|0 fnt\n|-unboost|p2a: Excellent Trunk|def|1\n|-unboost|p2a: Excellent Trunk|spd|1\n|-activate|p1a: Glimmora|ability: Toxic Debris\n|-sidestart|p2: Funny Fez|move: Toxic Spikes\n|faint|p1a: Glimmora\n|\n|upkeep\n|\n|t:|1699921552\n|switch|p1a: Sneasler|Sneasler, F|100\/100\n|-enditem|p1a: Sneasler|Grassy Seed\n|-boost|p1a: Sneasler|def|1|[from] item: Grassy Seed\n|turn|13\n|\n|t:|1699921568\n|-end|p2a: Excellent Trunk|Protosynthesis|[silent]\n|switch|p2a: Gholdengo|Gholdengo|100\/100\n|-terastallize|p1a: Sneasler|Flying\n|move|p1a: Sneasler|Swords Dance|p1a: Sneasler\n|-boost|p1a: Sneasler|atk|2\n|\n|upkeep\n|turn|14\n|\n|t:|1699921579\n|move|p1a: Sneasler|Acrobatics|p2a: Gholdengo\n|-resisted|p2a: Gholdengo\n|-damage|p2a: Gholdengo|37\/100\n|move|p2a: Gholdengo|Make It Rain|p1a: Sneasler\n|-damage|p1a: Sneasler|14\/100\n|-unboost|p2a: Gholdengo|spa|1\n|\n|-heal|p2a: Gholdengo|43\/100|[from] Grassy Terrain\n|-fieldend|move: Grassy Terrain\n|upkeep\n|turn|15\n|\n|t:|1699921588\n|move|p1a: Sneasler|Acrobatics|p2a: Gholdengo\n|-resisted|p2a: Gholdengo\n|-damage|p2a: Gholdengo|0 fnt\n|faint|p2a: Gholdengo\n|\n|upkeep\n|\n|t:|1699921598\n|switch|p2a: Ogerpon|Ogerpon-Cornerstone, F|100\/100\n|-status|p2a: Ogerpon|psn\n|turn|16\n|\n|t:|1699921616\n|move|p1a: Sneasler|Close Combat|p2a: Ogerpon\n|-supereffective|p2a: Ogerpon\n|-ability|p2a: Ogerpon|Sturdy\n|-damage|p2a: Ogerpon|1\/100 psn\n|-unboost|p1a: Sneasler|def|1\n|-unboost|p1a: Sneasler|spd|1\n|move|p2a: Ogerpon|Ivy Cudgel|p1a: Sneasler\n|-supereffective|p1a: Sneasler\n|-damage|p1a: Sneasler|0 fnt\n|faint|p1a: Sneasler\n|\n|-damage|p2a: Ogerpon|0 fnt|[from] psn\n|faint|p2a: Ogerpon\n|upkeep\n|\n|t:|1699921632\n|switch|p1a: Great Tusk|Great Tusk|100\/100\n|switch|p2a: Excellent Trunk|Great Tusk|100\/100\n|-enditem|p1a: Great Tusk|Booster Energy\n|-activate|p1a: Great Tusk|ability: Protosynthesis|[fromitem]\n|-start|p1a: Great Tusk|protosynthesisspe\n|turn|17\n|\n|t:|1699921640\n|move|p1a: Great Tusk|Ice Spinner|p2a: Excellent Trunk\n|-supereffective|p2a: Excellent Trunk\n|-damage|p2a: Excellent Trunk|65\/100\n|move|p2a: Excellent Trunk|Rapid Spin|p1a: Great Tusk\n|-damage|p1a: Great Tusk|89\/100\n|-boost|p2a: Excellent Trunk|spe|1\n|-sideend|p2: Funny Fez|Toxic Spikes|[from] move: Rapid Spin|[of] p2a: Excellent Trunk\n|\n|upkeep\n|turn|18\n|\n|t:|1699921652\n|-terastallize|p2a: Excellent Trunk|Fighting\n|move|p2a: Excellent Trunk|Close Combat|p1a: Great Tusk\n|-damage|p1a: Great Tusk|38\/100\n|-unboost|p2a: Excellent Trunk|def|1\n|-unboost|p2a: Excellent Trunk|spd|1\n|move|p1a: Great Tusk|Ice Spinner|p2a: Excellent Trunk\n|-damage|p2a: Excellent Trunk|42\/100\n|\n|upkeep\n|turn|19\n|\n|t:|1699921661\n|move|p2a: Excellent Trunk|Close Combat|p1a: Great Tusk\n|-damage|p1a: Great Tusk|0 fnt\n|-unboost|p2a: Excellent Trunk|def|1\n|-unboost|p2a: Excellent Trunk|spd|1\n|faint|p1a: Great Tusk\n|-end|p1a: Great Tusk|Protosynthesis|[silent]\n|\n|upkeep\n|\n|t:|1699921663\n|switch|p1a: Rillaboom|Rillaboom, M|100\/100\n|-fieldstart|move: Grassy Terrain|[from] ability: Grassy Surge|[of] p1a: Rillaboom\n|turn|20\n|\n|t:|1699921668\n|move|p1a: Rillaboom|Grassy Glide|p2a: Excellent Trunk\n|-damage|p2a: Excellent Trunk|0 fnt\n|faint|p2a: Excellent Trunk\n|-end|p2a: Excellent Trunk|Protosynthesis|[silent]\n|\n|upkeep\n|\n|t:|1699921671\n|switch|p2a: Ninetales|Ninetales-Alola, F|91\/100\n|-weather|Snow|[from] ability: Snow Warning|[of] p2a: Ninetales\n|turn|21\n|\n|t:|1699921679\n|move|p1a: Rillaboom|Grassy Glide|p2a: Ninetales\n|-damage|p2a: Ninetales|51\/100\n|move|p2a: Ninetales|Freeze-Dry|p1a: Rillaboom\n|-supereffective|p1a: Rillaboom\n|-damage|p1a: Rillaboom|44\/100\n|\n|-weather|Snow|[upkeep]\n|-heal|p2a: Ninetales|57\/100|[from] Grassy Terrain\n|-heal|p1a: Rillaboom|50\/100|[from] Grassy Terrain\n|upkeep\n|turn|22\n|\n|t:|1699921689\n|move|p1a: Rillaboom|Grassy Glide|p2a: Ninetales\n|-damage|p2a: Ninetales|15\/100\n|move|p2a: Ninetales|Aurora Veil|p2a: Ninetales\n|-sidestart|p2: Funny Fez|move: Aurora Veil\n|\n|-weather|Snow|[upkeep]\n|-heal|p2a: Ninetales|21\/100|[from] Grassy Terrain\n|-heal|p1a: Rillaboom|57\/100|[from] Grassy Terrain\n|upkeep\n|turn|23\n|\n|t:|1699921697\n|move|p1a: Rillaboom|Grassy Glide|p2a: Ninetales\n|-damage|p2a: Ninetales|0 fnt\n|faint|p2a: Ninetales\n|\n|win|Fnv enjoyer\n|raw|Fnv enjoyer's rating: 1151 &rarr; <strong>1175<\/strong><br \/>(+24 for winning)\n|raw|Funny Fez's rating: 1137 &rarr; <strong>1113<\/strong><br \/>(-24 for losing)\n|l|\u2606Funny Fez\n","uploadtime":1699921704,"views":16,"p1id":"fnvenjoyer","p2id":"funnyfez","formatid":"gen9ou","rating":1113,"private":0,"password":""}