{"id":"gen9ou-1990571598","p1":"Tsareena_games","p2":"fawkzin","format":"[Gen 9] OU","log":"|j|\u2606Tsareena_games\n|j|\u2606fawkzin\n|t:|1699982396\n|gametype|singles\n|player|p1|Tsareena_games|clair|1011\n|player|p2|fawkzin|acetrainersnowf|1000\n|teamsize|p1|6\n|teamsize|p2|6\n|gen|9\n|tier|[Gen 9] OU\n|rated|\n|rule|Sleep Clause Mod: Limit one foe put to sleep\n|rule|Species Clause: Limit one of each Pok\u00e9mon\n|rule|OHKO Clause: OHKO moves are banned\n|rule|Evasion Items Clause: Evasion items are banned\n|rule|Evasion Moves Clause: Evasion moves are banned\n|rule|Endless Battle Clause: Forcing endless battles is banned\n|rule|HP Percentage Mod: HP is shown in percentages\n|clearpoke\n|poke|p1|Hatterene, F|\n|poke|p1|Vikavolt, F|\n|poke|p1|Samurott-Hisui, F|\n|poke|p1|Salazzle, F|\n|poke|p1|Tsareena, F|\n|poke|p1|Iron Valiant|\n|poke|p2|Mimikyu, M|\n|poke|p2|Mienshao, M|\n|poke|p2|Gastrodon, M|\n|poke|p2|Tyranitar, F|\n|poke|p2|Blissey, F|\n|poke|p2|Talonflame, M|\n|teampreview\n|\n|t:|1699982415\n|start\n|switch|p1a: Vikavolt|Vikavolt, F|100\/100\n|switch|p2a: Mimiku|Mimikyu, M|100\/100\n|turn|1\n|\n|t:|1699982423\n|move|p2a: Mimiku|Substitute|p2a: Mimiku\n|-start|p2a: Mimiku|Substitute\n|-damage|p2a: Mimiku|76\/100\n|move|p1a: Vikavolt|Sticky Web|p2a: Mimiku\n|-sidestart|p2: fawkzin|move: Sticky Web\n|\n|-heal|p2a: Mimiku|82\/100|[from] item: Leftovers\n|upkeep\n|turn|2\n|\n|t:|1699982431\n|move|p2a: Mimiku|Shadow Claw|p1a: Vikavolt\n|-crit|p1a: Vikavolt\n|-damage|p1a: Vikavolt|68\/100\n|move|p1a: Vikavolt|Lunge|p2a: Mimiku\n|-resisted|p2a: Mimiku\n|-activate|p2a: Mimiku|move: Substitute|[damage]\n|\n|-heal|p2a: Mimiku|88\/100|[from] item: Leftovers\n|upkeep\n|turn|3\n|\n|t:|1699982444\n|move|p2a: Mimiku|Play Rough|p1a: Vikavolt\n|-damage|p1a: Vikavolt|38\/100\n|move|p1a: Vikavolt|Lunge|p2a: Mimiku\n|-resisted|p2a: Mimiku\n|-activate|p2a: Mimiku|move: Substitute|[damage]\n|\n|-heal|p2a: Mimiku|94\/100|[from] item: Leftovers\n|upkeep\n|turn|4\n|\n|t:|1699982455\n|move|p2a: Mimiku|Play Rough|p1a: Vikavolt\n|-damage|p1a: Vikavolt|9\/100\n|move|p1a: Vikavolt|Lunge|p2a: Mimiku\n|-resisted|p2a: Mimiku\n|-activate|p2a: Mimiku|move: Substitute|[damage]\n|\n|-heal|p2a: Mimiku|99\/100|[from] item: Leftovers\n|upkeep\n|turn|5\n|\n|t:|1699982480\n|move|p2a: Mimiku|Shadow Sneak|p1a: Vikavolt\n|-damage|p1a: Vikavolt|0 fnt\n|faint|p1a: Vikavolt\n|\n|-heal|p2a: Mimiku|100\/100|[from] item: Leftovers\n|upkeep\n|\n|t:|1699982488\n|switch|p1a: Salazzle|Salazzle, F|100\/100\n|turn|6\n|inactive|Battle timer is ON: inactive players will automatically lose when time's up. (requested by Tsareena_games)\n|\n|t:|1699982512\n|switch|p2a: Gastrite|Gastrodon, M|100\/100\n|-activate|p2a: Gastrite|move: Sticky Web\n|-unboost|p2a: Gastrite|spe|1\n|move|p1a: Salazzle|Nasty Plot|p1a: Salazzle\n|-boost|p1a: Salazzle|spa|2\n|\n|upkeep\n|turn|7\n|\n|t:|1699982527\n|switch|p1a: Maki|Samurott-Hisui, F|100\/100\n|move|p2a: Gastrite|Earthquake|p1a: Maki\n|-damage|p1a: Maki|60\/100\n|\n|upkeep\n|turn|8\n|\n|t:|1699982536\n|move|p1a: Maki|Swords Dance|p1a: Maki\n|-boost|p1a: Maki|atk|2\n|move|p2a: Gastrite|Earthquake|p1a: Maki\n|-damage|p1a: Maki|23\/100\n|\n|upkeep\n|turn|9\n|\n|t:|1699982547\n|move|p1a: Maki|Ceaseless Edge|p2a: Gastrite\n|-damage|p2a: Gastrite|4\/100\n|-sidestart|p2: fawkzin|Spikes\n|-enditem|p2a: Gastrite|Aguav Berry|[eat]\n|-heal|p2a: Gastrite|37\/100|[from] item: Aguav Berry\n|move|p2a: Gastrite|Earthquake|p1a: Maki\n|-damage|p1a: Maki|0 fnt\n|faint|p1a: Maki\n|\n|upkeep\n|\n|t:|1699982564\n|switch|p1a: Iron Valiant|Iron Valiant|100\/100\n|-enditem|p1a: Iron Valiant|Booster Energy\n|-activate|p1a: Iron Valiant|ability: Quark Drive|[fromitem]\n|-start|p1a: Iron Valiant|quarkdriveatk\n|turn|10\n|\n|t:|1699982575\n|move|p1a: Iron Valiant|Swords Dance|p1a: Iron Valiant\n|-boost|p1a: Iron Valiant|atk|2\n|move|p2a: Gastrite|Ice Beam|p1a: Iron Valiant\n|-damage|p1a: Iron Valiant|61\/100\n|\n|upkeep\n|turn|11\n|\n|t:|1699982587\n|move|p1a: Iron Valiant|Spirit Break|p2a: Gastrite\n|-damage|p2a: Gastrite|0 fnt\n|faint|p2a: Gastrite\n|\n|upkeep\n|\n|t:|1699982595\n|switch|p2a: Galinha Assada|Talonflame, M|100\/100\n|turn|12\n|\n|t:|1699982600\n|move|p2a: Galinha Assada|Acrobatics|p1a: Iron Valiant\n|-supereffective|p1a: Iron Valiant\n|-damage|p1a: Iron Valiant|0 fnt\n|faint|p1a: Iron Valiant\n|-end|p1a: Iron Valiant|Quark Drive|[silent]\n|\n|upkeep\n|\n|t:|1699982608\n|switch|p1a: Salazzle|Salazzle, F|100\/100\n|turn|13\n|\n|t:|1699982622\n|-terastallize|p2a: Galinha Assada|Water\n|move|p2a: Galinha Assada|Acrobatics|p1a: Salazzle\n|-damage|p1a: Salazzle|26\/100\n|move|p1a: Salazzle|Nasty Plot|p1a: Salazzle\n|-boost|p1a: Salazzle|spa|2\n|\n|upkeep\n|turn|14\n|\n|t:|1699982632\n|move|p2a: Galinha Assada|Acrobatics|p1a: Salazzle\n|-damage|p1a: Salazzle|0 fnt\n|faint|p1a: Salazzle\n|\n|upkeep\n|-message|Tsareena_games forfeited.\n|\n|win|fawkzin\n|raw|Tsareena_games's rating: 1011 &rarr; <strong>1000<\/strong><br \/>(-11 for losing)\n|raw|fawkzin's rating: 1000 &rarr; <strong>1041<\/strong><br \/>(+41 for winning)\n|l|\u2606Tsareena_games\n","uploadtime":1699982644,"views":22,"p1id":"tsareenagames","p2id":"fawkzin","formatid":"gen9ou","rating":1000,"private":0,"password":""}