{"id":"gen9ou-2000038094","p1":"eggdog00","p2":"DrSliced","format":"[Gen 9] OU","log":"|j|\u203deggdog00\n|j|\u2606DrSliced\n|t:|1701144432\n|gametype|singles\n|player|p1|eggdog00|101|1435\n|player|p2|DrSliced|n-masters|1542\n|teamsize|p1|6\n|teamsize|p2|6\n|gen|9\n|tier|[Gen 9] OU\n|rated|\n|rule|Sleep Clause Mod: Limit one foe put to sleep\n|rule|Species Clause: Limit one of each Pok\u00e9mon\n|rule|OHKO Clause: OHKO moves are banned\n|rule|Evasion Items Clause: Evasion items are banned\n|rule|Evasion Moves Clause: Evasion moves are banned\n|rule|Endless Battle Clause: Forcing endless battles is banned\n|rule|HP Percentage Mod: HP is shown in percentages\n|clearpoke\n|poke|p1|Muk-Alola, M|\n|poke|p1|Zapdos|\n|poke|p1|Enamorus, F|\n|poke|p1|Alomomola, F|\n|poke|p1|Ogerpon-Wellspring, F|\n|poke|p1|Zamazenta-*|\n|poke|p2|Decidueye-Hisui, M|\n|poke|p2|Slowking-Galar, M|\n|poke|p2|Heatran, M|\n|poke|p2|Zapdos|\n|poke|p2|Great Tusk|\n|poke|p2|Cinderace, M|\n|teampreview\n|inactive|Battle timer is ON: inactive players will automatically lose when time's up. (requested by eggdog00)\n|j| UncookedCapacity\n|\n|t:|1701144442\n|start\n|switch|p1a: Zapdos|Zapdos|100\/100\n|switch|p2a: Zapdos|Zapdos|100\/100\n|turn|1\n|\n|t:|1701144446\n|move|p2a: Zapdos|Thunderbolt|p1a: Zapdos\n|-damage|p1a: Zapdos|53\/100\n|move|p1a: Zapdos|Hurricane|p2a: Zapdos\n|-resisted|p2a: Zapdos\n|-damage|p2a: Zapdos|75\/100\n|-start|p2a: Zapdos|confusion\n|\n|upkeep\n|turn|2\n|\n|t:|1701144455\n|-activate|p2a: Zapdos|confusion\n|-damage|p2a: Zapdos|66\/100|[from] confusion\n|move|p1a: Zapdos|Roost|p1a: Zapdos\n|-heal|p1a: Zapdos|100\/100\n|-singleturn|p1a: Zapdos|move: Roost\n|\n|upkeep\n|turn|3\n|\n|t:|1701144459\n|switch|p1a: Muk|Muk-Alola, M|100\/100\n|-activate|p2a: Zapdos|confusion\n|-damage|p2a: Zapdos|58\/100|[from] confusion\n|\n|upkeep\n|turn|4\n|\n|t:|1701144465\n|switch|p2a: Great Tusk|Great Tusk|100\/100\n|-enditem|p2a: Great Tusk|Booster Energy\n|-activate|p2a: Great Tusk|ability: Protosynthesis|[fromitem]\n|-start|p2a: Great Tusk|protosynthesisspe\n|move|p1a: Muk|Knock Off|p2a: Great Tusk\n|-resisted|p2a: Great Tusk\n|-damage|p2a: Great Tusk|93\/100\n|\n|upkeep\n|turn|5\n|\n|t:|1701144473\n|switch|p1a: Zapdos|Zapdos|100\/100\n|move|p2a: Great Tusk|Knock Off|p1a: Zapdos\n|-damage|p1a: Zapdos|75\/100\n|-enditem|p1a: Zapdos|Heavy-Duty Boots|[from] move: Knock Off|[of] p2a: Great Tusk\n|\n|upkeep\n|turn|6\n|\n|t:|1701144479\n|-end|p2a: Great Tusk|Protosynthesis|[silent]\n|switch|p2a: Heatran|Heatran, M|100\/100\n|move|p1a: Zapdos|Volt Switch|p2a: Heatran\n|-damage|p2a: Heatran|81\/100\n|\n|t:|1701144484\n|switch|p1a: Muk|Muk-Alola, M|100\/100|[from] Volt Switch\n|\n|-heal|p2a: Heatran|87\/100|[from] item: Leftovers\n|upkeep\n|turn|7\n|\n|t:|1701144489\n|move|p2a: Heatran|Stealth Rock|p1a: Muk\n|-sidestart|p1: eggdog00|move: Stealth Rock\n|move|p1a: Muk|Knock Off|p2a: Heatran\n|-damage|p2a: Heatran|59\/100\n|-enditem|p2a: Heatran|Leftovers|[from] move: Knock Off|[of] p1a: Muk\n|\n|upkeep\n|turn|8\n|\n|t:|1701144494\n|switch|p2a: Great Tusk|Great Tusk|93\/100\n|move|p1a: Muk|Drain Punch|p2a: Great Tusk\n|-damage|p2a: Great Tusk|81\/100\n|\n|upkeep\n|turn|9\n|inactive|DrSliced has 120 seconds left.\n|\n|t:|1701144535\n|switch|p1a: Alomomola|Alomomola, F|100\/100\n|move|p2a: Great Tusk|Rapid Spin|p1a: Alomomola\n|-damage|p1a: Alomomola|92\/100\n|-boost|p2a: Great Tusk|spe|1\n|\n|upkeep\n|turn|10\n|\n|t:|1701144544\n|-end|p2a: Great Tusk|Protosynthesis|[silent]\n|switch|p2a: Slowking|Slowking-Galar, M|100\/100\n|move|p1a: Alomomola|Flip Turn|p2a: Slowking\n|-damage|p2a: Slowking|86\/100\n|\n|t:|1701144548\n|switch|p1a: Muk|Muk-Alola, M|100\/100|[from] Flip Turn\n|-damage|p1a: Muk|88\/100|[from] Stealth Rock\n|\n|-heal|p1a: Muk|94\/100|[from] item: Leftovers\n|upkeep\n|turn|11\n|\n|t:|1701144552\n|switch|p2a: Great Tusk|Great Tusk|81\/100\n|move|p1a: Muk|Knock Off|p2a: Great Tusk\n|-resisted|p2a: Great Tusk\n|-damage|p2a: Great Tusk|74\/100\n|\n|-heal|p1a: Muk|99\/100|[from] item: Leftovers\n|upkeep\n|turn|12\n|\n|t:|1701144559\n|switch|p1a: Zapdos|Zapdos|75\/100\n|-damage|p1a: Zapdos|50\/100|[from] Stealth Rock\n|move|p2a: Great Tusk|Knock Off|p1a: Zapdos\n|-damage|p1a: Zapdos|34\/100\n|\n|upkeep\n|turn|13\n|\n|t:|1701144565\n|-end|p2a: Great Tusk|Protosynthesis|[silent]\n|switch|p2a: Zapdos|Zapdos|58\/100\n|move|p1a: Zapdos|Roost|p1a: Zapdos\n|-heal|p1a: Zapdos|84\/100\n|-singleturn|p1a: Zapdos|move: Roost\n|\n|upkeep\n|turn|14\n|\n|t:|1701144571\n|switch|p1a: Muk|Muk-Alola, M|99\/100\n|-damage|p1a: Muk|88\/100|[from] Stealth Rock\n|move|p2a: Zapdos|Thunderbolt|p1a: Muk\n|-damage|p1a: Muk|62\/100\n|\n|-heal|p1a: Muk|68\/100|[from] item: Leftovers\n|upkeep\n|turn|15\n|\n|t:|1701144578\n|move|p2a: Zapdos|Volt Switch|p1a: Muk\n|-damage|p1a: Muk|47\/100\n|\n|t:|1701144580\n|switch|p2a: Great Tusk|Great Tusk|74\/100|[from] Volt Switch\n|move|p1a: Muk|Poison Jab|p2a: Great Tusk\n|-resisted|p2a: Great Tusk\n|-damage|p2a: Great Tusk|64\/100\n|-status|p2a: Great Tusk|psn\n|\n|-heal|p1a: Muk|53\/100|[from] item: Leftovers\n|-damage|p2a: Great Tusk|52\/100 psn|[from] psn\n|upkeep\n|turn|16\n|\n|t:|1701144587\n|-end|p2a: Great Tusk|Protosynthesis|[silent]\n|switch|p2a: Zapdos|Zapdos|58\/100\n|move|p1a: Muk|Protect||[still]\n|-fail|p1a: Muk\n|\n|-heal|p1a: Muk|59\/100|[from] item: Leftovers\n|upkeep\n|turn|17\n|\n|t:|1701144592\n|move|p1a: Muk|Protect|p1a: Muk\n|-singleturn|p1a: Muk|Protect\n|move|p2a: Zapdos|Roost|p2a: Zapdos\n|-heal|p2a: Zapdos|100\/100\n|-singleturn|p2a: Zapdos|move: Roost\n|\n|-heal|p1a: Muk|65\/100|[from] item: Leftovers\n|upkeep\n|turn|18\n|\n|t:|1701144607\n|move|p2a: Zapdos|Volt Switch|p1a: Muk\n|-damage|p1a: Muk|42\/100\n|\n|t:|1701144616\n|switch|p2a: Great Tusk|Great Tusk|52\/100 psn|[from] Volt Switch\n|move|p1a: Muk|Drain Punch|p2a: Great Tusk\n|-damage|p2a: Great Tusk|40\/100 psn\n|-heal|p1a: Muk|48\/100|[from] drain|[of] p2a: Great Tusk\n|\n|-heal|p1a: Muk|54\/100|[from] item: Leftovers\n|-damage|p2a: Great Tusk|27\/100 psn|[from] psn\n|upkeep\n|turn|19\n|\n|t:|1701144624\n|move|p1a: Muk|Protect|p1a: Muk\n|-singleturn|p1a: Muk|Protect\n|move|p2a: Great Tusk|Bulk Up|p2a: Great Tusk\n|-boost|p2a: Great Tusk|atk|1\n|-boost|p2a: Great Tusk|def|1\n|\n|-heal|p1a: Muk|60\/100|[from] item: Leftovers\n|-damage|p2a: Great Tusk|15\/100 psn|[from] psn\n|upkeep\n|turn|20\n|\n|t:|1701144629\n|switch|p1a: Alomomola|Alomomola, F|100\/100\n|move|p2a: Great Tusk|Knock Off|p1a: Alomomola\n|-damage|p1a: Alomomola|77\/100\n|-enditem|p1a: Alomomola|Heavy-Duty Boots|[from] move: Knock Off|[of] p2a: Great Tusk\n|\n|-damage|p2a: Great Tusk|3\/100 psn|[from] psn\n|upkeep\n|turn|21\n|l| UncookedCapacity\n|\n|t:|1701144646\n|-end|p2a: Great Tusk|Protosynthesis|[silent]\n|switch|p2a: Zapdos|Zapdos|100\/100\n|move|p1a: Alomomola|Protect||[still]\n|-fail|p1a: Alomomola\n|\n|upkeep\n|turn|22\n|\n|t:|1701144663\n|switch|p1a: Muk|Muk-Alola, M|60\/100\n|-damage|p1a: Muk|48\/100|[from] Stealth Rock\n|move|p2a: Zapdos|Thunderbolt|p1a: Muk\n|-damage|p1a: Muk|20\/100\n|\n|-heal|p1a: Muk|26\/100|[from] item: Leftovers\n|upkeep\n|turn|23\n|\n|t:|1701144676\n|move|p1a: Muk|Protect|p1a: Muk\n|-singleturn|p1a: Muk|Protect\n|move|p2a: Zapdos|Thunderbolt|p1a: Muk\n|-activate|p1a: Muk|move: Protect\n|\n|-heal|p1a: Muk|32\/100|[from] item: Leftovers\n|upkeep\n|turn|24\n|\n|t:|1701144682\n|move|p2a: Zapdos|Volt Switch|p1a: Muk\n|-damage|p1a: Muk|11\/100\n|\n|t:|1701144684\n|switch|p2a: Great Tusk|Great Tusk|3\/100 psn|[from] Volt Switch\n|move|p1a: Muk|Poison Jab|p2a: Great Tusk\n|-resisted|p2a: Great Tusk\n|-damage|p2a: Great Tusk|0 fnt\n|faint|p2a: Great Tusk\n|-end|p2a: Great Tusk|Protosynthesis|[silent]\n|\n|-heal|p1a: Muk|17\/100|[from] item: Leftovers\n|upkeep\n|inactive|DrSliced has 120 seconds left.\n|\n|t:|1701144732\n|switch|p2a: Zapdos|Zapdos|100\/100\n|turn|25\n|\n|t:|1701144759\n|move|p1a: Muk|Protect|p1a: Muk\n|-singleturn|p1a: Muk|Protect\n|move|p2a: Zapdos|Thunderbolt|p1a: Muk\n|-activate|p1a: Muk|move: Protect\n|\n|-heal|p1a: Muk|23\/100|[from] item: Leftovers\n|upkeep\n|turn|26\n|\n|t:|1701144763\n|switch|p1a: Zapdos|Zapdos|84\/100\n|-damage|p1a: Zapdos|59\/100|[from] Stealth Rock\n|move|p2a: Zapdos|Thunderbolt|p1a: Zapdos\n|-damage|p1a: Zapdos|10\/100\n|\n|upkeep\n|turn|27\n|\n|t:|1701144767\n|move|p2a: Zapdos|Thunderbolt|p1a: Zapdos\n|-damage|p1a: Zapdos|0 fnt\n|faint|p1a: Zapdos\n|\n|upkeep\n|\n|t:|1701144770\n|switch|p1a: Enamorus|Enamorus, F|100\/100\n|-damage|p1a: Enamorus|76\/100|[from] Stealth Rock\n|turn|28\n|\n|t:|1701144776\n|switch|p2a: Slowking|Slowking-Galar, M|100\/100\n|move|p1a: Enamorus|Earth Power|p2a: Slowking\n|-supereffective|p2a: Slowking\n|-damage|p2a: Slowking|40\/100\n|-unboost|p2a: Slowking|spd|1\n|\n|upkeep\n|turn|29\n|\n|t:|1701144795\n|switch|p1a: Muk|Muk-Alola, M|23\/100\n|-damage|p1a: Muk|11\/100|[from] Stealth Rock\n|switch|p2a: Zapdos|Zapdos|100\/100\n|\n|-heal|p1a: Muk|17\/100|[from] item: Leftovers\n|upkeep\n|turn|30\n|\n|t:|1701144801\n|move|p1a: Muk|Protect|p1a: Muk\n|-singleturn|p1a: Muk|Protect\n|move|p2a: Zapdos|Thunderbolt|p1a: Muk\n|-activate|p1a: Muk|move: Protect\n|\n|-heal|p1a: Muk|23\/100|[from] item: Leftovers\n|upkeep\n|turn|31\n|-message|eggdog00 forfeited.\n|\n|win|DrSliced\n|raw|eggdog00's rating: 1435 &rarr; <strong>1421<\/strong><br \/>(-14 for losing)\n|raw|DrSliced's rating: 1542 &rarr; <strong>1556<\/strong><br \/>(+14 for winning)\n|l|\u203deggdog00\n","uploadtime":1701144816,"views":6,"p1id":"eggdog00","p2id":"drsliced","formatid":"gen9ou","rating":1421,"private":0,"password":""}