{"id":"gen9ou-2000321066","p1":"moxieme","p2":"hessel123","format":"[Gen 9] OU","log":"|j|\u2606moxieme\n|j|\u2606hessel123\n|t:|1701184736\n|gametype|singles\n|player|p1|moxieme|169|1261\n|player|p2|hessel123|169|1221\n|teamsize|p1|6\n|teamsize|p2|6\n|gen|9\n|tier|[Gen 9] OU\n|rated|\n|rule|Sleep Clause Mod: Limit one foe put to sleep\n|rule|Species Clause: Limit one of each Pok\u00e9mon\n|rule|OHKO Clause: OHKO moves are banned\n|rule|Evasion Items Clause: Evasion items are banned\n|rule|Evasion Moves Clause: Evasion moves are banned\n|rule|Endless Battle Clause: Forcing endless battles is banned\n|rule|HP Percentage Mod: HP is shown in percentages\n|clearpoke\n|poke|p1|Greninja-*, M|\n|poke|p1|Dragapult, M|\n|poke|p1|Great Tusk|\n|poke|p1|Heatran, M|\n|poke|p1|Ogerpon-Wellspring, F|\n|poke|p1|Landorus-Therian, M|\n|poke|p2|Salazzle, F|\n|poke|p2|Garganacl, M|\n|poke|p2|Blissey, F|\n|poke|p2|Toxapex, M|\n|poke|p2|Cyclizar, M|\n|poke|p2|Ting-Lu|\n|teampreview\n|inactive|Battle timer is ON: inactive players will automatically lose when time's up. (requested by hessel123)\n|\n|t:|1701184753\n|start\n|switch|p1a: Landorus|Landorus-Therian, M|100\/100\n|switch|p2a: Toxapex|Toxapex, M|100\/100\n|-ability|p1a: Landorus|Intimidate|boost\n|-unboost|p2a: Toxapex|atk|1\n|turn|1\n|inactive|hessel123 has 120 seconds left.\n|\n|t:|1701184790\n|move|p1a: Landorus|Earthquake|p2a: Toxapex\n|-supereffective|p2a: Toxapex\n|-damage|p2a: Toxapex|33\/100\n|move|p2a: Toxapex|Toxic|p1a: Landorus\n|-status|p1a: Landorus|tox\n|\n|-damage|p1a: Landorus|95\/100 tox|[from] psn\n|upkeep\n|turn|2\n|inactive|hessel123 has 120 seconds left.\n|\n|t:|1701184797\n|move|p2a: Toxapex|Baneful Bunker|p2a: Toxapex\n|-singleturn|p2a: Toxapex|move: Protect\n|move|p1a: Landorus|Earthquake|p2a: Toxapex\n|-activate|p2a: Toxapex|move: Protect\n|\n|-damage|p1a: Landorus|83\/100 tox|[from] psn\n|upkeep\n|turn|3\n|\n|t:|1701184804\n|switch|p2a: Ting-Lu|Ting-Lu|100\/100\n|-ability|p2a: Ting-Lu|Vessel of Ruin\n|move|p1a: Landorus|Earthquake|p2a: Ting-Lu\n|-damage|p2a: Ting-Lu|76\/100\n|\n|-heal|p2a: Ting-Lu|82\/100|[from] item: Leftovers\n|-damage|p1a: Landorus|65\/100 tox|[from] psn\n|upkeep\n|turn|4\n|\n|t:|1701184814\n|switch|p1a: Ogerpon|Ogerpon-Wellspring, F|100\/100\n|move|p2a: Ting-Lu|Ruination|p1a: Ogerpon|[miss]\n|-miss|p2a: Ting-Lu|p1a: Ogerpon\n|\n|-heal|p2a: Ting-Lu|88\/100|[from] item: Leftovers\n|upkeep\n|turn|5\n|\n|t:|1701184822\n|switch|p2a: Toxapex|Toxapex, M|66\/100\n|move|p1a: Ogerpon|Knock Off|p2a: Toxapex\n|-damage|p2a: Toxapex|44\/100\n|-damage|p1a: Ogerpon|84\/100|[from] item: Rocky Helmet|[of] p2a: Toxapex\n|-enditem|p2a: Toxapex|Rocky Helmet|[from] move: Knock Off|[of] p1a: Ogerpon\n|\n|upkeep\n|turn|6\n|\n|t:|1701184834\n|move|p1a: Ogerpon|Horn Leech|p2a: Toxapex\n|-damage|p2a: Toxapex|18\/100\n|-heal|p1a: Ogerpon|97\/100|[from] drain|[of] p2a: Toxapex\n|move|p2a: Toxapex|Toxic|p1a: Ogerpon\n|-status|p1a: Ogerpon|tox\n|\n|-damage|p1a: Ogerpon|91\/100 tox|[from] psn\n|upkeep\n|turn|7\n|\n|t:|1701184843\n|switch|p1a: Landorus|Landorus-Therian, M|65\/100 tox\n|-ability|p1a: Landorus|Intimidate|boost\n|-unboost|p2a: Toxapex|atk|1\n|move|p2a: Toxapex|Baneful Bunker||[still]\n|-fail|p2a: Toxapex\n|\n|-damage|p1a: Landorus|59\/100 tox|[from] psn\n|upkeep\n|turn|8\n|\n|t:|1701184852\n|switch|p2a: Ting-Lu|Ting-Lu|88\/100\n|-ability|p2a: Ting-Lu|Vessel of Ruin\n|move|p1a: Landorus|Earthquake|p2a: Ting-Lu\n|-damage|p2a: Ting-Lu|65\/100\n|\n|-heal|p2a: Ting-Lu|71\/100|[from] item: Leftovers\n|-damage|p1a: Landorus|47\/100 tox|[from] psn\n|upkeep\n|turn|9\n|\n|t:|1701184862\n|switch|p1a: Ogerpon|Ogerpon-Wellspring, F|91\/100 tox\n|move|p2a: Ting-Lu|Ruination|p1a: Ogerpon\n|-damage|p1a: Ogerpon|46\/100 tox\n|\n|-heal|p2a: Ting-Lu|78\/100|[from] item: Leftovers\n|-damage|p1a: Ogerpon|40\/100 tox|[from] psn\n|upkeep\n|turn|10\n|\n|t:|1701184870\n|switch|p2a: Toxapex|Toxapex, M|51\/100\n|move|p1a: Ogerpon|Horn Leech|p2a: Toxapex\n|-damage|p2a: Toxapex|23\/100\n|-heal|p1a: Ogerpon|54\/100 tox|[from] drain|[of] p2a: Toxapex\n|\n|-damage|p1a: Ogerpon|42\/100 tox|[from] psn\n|upkeep\n|turn|11\n|\n|t:|1701184879\n|switch|p1a: Dragapult|Dragapult, M|100\/100\n|move|p2a: Toxapex|Baneful Bunker||[still]\n|-fail|p2a: Toxapex\n|\n|upkeep\n|turn|12\n|\n|t:|1701184885\n|switch|p2a: Blissey|Blissey, F|100\/100\n|move|p1a: Dragapult|Draco Meteor|p2a: Blissey\n|-damage|p2a: Blissey|72\/100\n|-unboost|p1a: Dragapult|spa|2\n|\n|-heal|p2a: Blissey|79\/100|[from] item: Leftovers\n|upkeep\n|turn|13\n|\n|t:|1701184893\n|switch|p1a: Great Tusk|Great Tusk, shiny|100\/100\n|move|p2a: Blissey|Stealth Rock|p1a: Great Tusk\n|-sidestart|p1: moxieme|move: Stealth Rock\n|\n|-heal|p2a: Blissey|85\/100|[from] item: Leftovers\n|upkeep\n|turn|14\n|\n|t:|1701184910\n|switch|p2a: Ting-Lu|Ting-Lu|78\/100\n|-ability|p2a: Ting-Lu|Vessel of Ruin\n|move|p1a: Great Tusk|Rapid Spin|p2a: Ting-Lu\n|-damage|p2a: Ting-Lu|69\/100\n|-boost|p1a: Great Tusk|spe|1\n|-sideend|p1: moxieme|Stealth Rock|[from] move: Rapid Spin|[of] p1a: Great Tusk\n|\n|-heal|p2a: Ting-Lu|75\/100|[from] item: Leftovers\n|upkeep\n|turn|15\n|\n|t:|1701184921\n|move|p1a: Great Tusk|Ice Spinner|p2a: Ting-Lu\n|-supereffective|p2a: Ting-Lu\n|-damage|p2a: Ting-Lu|50\/100\n|move|p2a: Ting-Lu|Sand Tomb|p1a: Great Tusk\n|-damage|p1a: Great Tusk|92\/100\n|-activate|p1a: Great Tusk|move: Sand Tomb|[of] p2a: Ting-Lu\n|\n|-heal|p1a: Great Tusk|99\/100|[from] item: Leftovers\n|-heal|p2a: Ting-Lu|56\/100|[from] item: Leftovers\n|-damage|p1a: Great Tusk|86\/100|[from] move: Sand Tomb|[partiallytrapped]\n|upkeep\n|turn|16\n|\n|t:|1701184933\n|move|p2a: Ting-Lu|Protect|p2a: Ting-Lu\n|-singleturn|p2a: Ting-Lu|Protect\n|move|p1a: Great Tusk|Close Combat|p2a: Ting-Lu\n|-activate|p2a: Ting-Lu|move: Protect\n|\n|-heal|p1a: Great Tusk|92\/100|[from] item: Leftovers\n|-heal|p2a: Ting-Lu|62\/100|[from] item: Leftovers\n|-damage|p1a: Great Tusk|80\/100|[from] move: Sand Tomb|[partiallytrapped]\n|upkeep\n|turn|17\n|\n|t:|1701184943\n|move|p1a: Great Tusk|Close Combat|p2a: Ting-Lu\n|-supereffective|p2a: Ting-Lu\n|-damage|p2a: Ting-Lu|4\/100\n|-unboost|p1a: Great Tusk|def|1\n|-unboost|p1a: Great Tusk|spd|1\n|move|p2a: Ting-Lu|Ruination|p1a: Great Tusk\n|-damage|p1a: Great Tusk|40\/100\n|\n|-heal|p1a: Great Tusk|47\/100|[from] item: Leftovers\n|-heal|p2a: Ting-Lu|10\/100|[from] item: Leftovers\n|-damage|p1a: Great Tusk|34\/100|[from] move: Sand Tomb|[partiallytrapped]\n|upkeep\n|turn|18\n|\n|t:|1701184955\n|switch|p2a: Toxapex|Toxapex, M|57\/100\n|move|p1a: Great Tusk|Headlong Rush|p2a: Toxapex\n|-supereffective|p2a: Toxapex\n|-damage|p2a: Toxapex|0 fnt\n|-unboost|p1a: Great Tusk|def|1\n|-unboost|p1a: Great Tusk|spd|1\n|faint|p2a: Toxapex\n|\n|-heal|p1a: Great Tusk|40\/100|[from] item: Leftovers\n|-end|p1a: Great Tusk|Sand Tomb|[partiallytrapped]|[silent]\n|upkeep\n|\n|t:|1701184976\n|switch|p2a: Salazzle|Salazzle, F, shiny|100\/100\n|turn|19\n|\n|t:|1701184982\n|-end|p1a: Great Tusk|Protosynthesis|[silent]\n|switch|p1a: Heatran|Heatran, M|100\/100\n|move|p2a: Salazzle|Flamethrower|p1a: Heatran\n|-damage|p1a: Heatran|79\/100\n|\n|-heal|p1a: Heatran|85\/100|[from] item: Leftovers\n|upkeep\n|turn|20\n|\n|t:|1701184992\n|move|p2a: Salazzle|Substitute|p2a: Salazzle\n|-start|p2a: Salazzle|Substitute\n|-damage|p2a: Salazzle|76\/100\n|move|p1a: Heatran|Stealth Rock|p2a: Salazzle\n|-sidestart|p2: hessel123|move: Stealth Rock\n|\n|-heal|p2a: Salazzle|82\/100|[from] item: Black Sludge\n|-heal|p1a: Heatran|91\/100|[from] item: Leftovers\n|upkeep\n|turn|21\n|\n|t:|1701185000\n|move|p2a: Salazzle|Toxic|p1a: Heatran\n|-status|p1a: Heatran|tox\n|move|p1a: Heatran|Earth Power|p2a: Salazzle\n|-supereffective|p2a: Salazzle\n|-end|p2a: Salazzle|Substitute\n|\n|-heal|p2a: Salazzle|88\/100|[from] item: Black Sludge\n|-heal|p1a: Heatran|97\/100 tox|[from] item: Leftovers\n|-damage|p1a: Heatran|91\/100 tox|[from] psn\n|upkeep\n|turn|22\n|\n|t:|1701185010\n|switch|p1a: Dragapult|Dragapult, M|100\/100\n|move|p2a: Salazzle|Substitute|p2a: Salazzle\n|-start|p2a: Salazzle|Substitute\n|-damage|p2a: Salazzle|63\/100\n|\n|-heal|p2a: Salazzle|70\/100|[from] item: Black Sludge\n|upkeep\n|turn|23\n|\n|t:|1701185018\n|move|p2a: Salazzle|Protect|p2a: Salazzle\n|-singleturn|p2a: Salazzle|Protect\n|move|p1a: Dragapult|Draco Meteor|p2a: Salazzle\n|-activate|p2a: Salazzle|move: Protect\n|\n|-heal|p2a: Salazzle|76\/100|[from] item: Black Sludge\n|upkeep\n|turn|24\n|\n|t:|1701185030\n|switch|p2a: Blissey|Blissey, F|85\/100\n|-damage|p2a: Blissey|72\/100|[from] Stealth Rock\n|move|p1a: Dragapult|Draco Meteor|p2a: Blissey\n|-damage|p2a: Blissey|45\/100\n|-unboost|p1a: Dragapult|spa|2\n|\n|-heal|p2a: Blissey|51\/100|[from] item: Leftovers\n|upkeep\n|turn|25\n|\n|t:|1701185040\n|switch|p1a: Ogerpon|Ogerpon-Wellspring, F|42\/100 tox\n|move|p2a: Blissey|Soft-Boiled|p2a: Blissey\n|-heal|p2a: Blissey|100\/100\n|\n|-damage|p1a: Ogerpon|36\/100 tox|[from] psn\n|upkeep\n|turn|26\n|\n|t:|1701185050\n|move|p1a: Ogerpon|Knock Off|p2a: Blissey\n|-damage|p2a: Blissey|61\/100\n|-enditem|p2a: Blissey|Leftovers|[from] move: Knock Off|[of] p1a: Ogerpon\n|move|p2a: Blissey|Stealth Rock|p1a: Ogerpon\n|-sidestart|p1: moxieme|move: Stealth Rock\n|\n|-damage|p1a: Ogerpon|24\/100 tox|[from] psn\n|upkeep\n|turn|27\n|\n|t:|1701185063\n|move|p1a: Ogerpon|Horn Leech|p2a: Blissey\n|-damage|p2a: Blissey|19\/100\n|-heal|p1a: Ogerpon|70\/100 tox|[from] drain|[of] p2a: Blissey\n|move|p2a: Blissey|Soft-Boiled|p2a: Blissey\n|-heal|p2a: Blissey|69\/100\n|\n|-damage|p1a: Ogerpon|52\/100 tox|[from] psn\n|upkeep\n|turn|28\n|\n|t:|1701185071\n|switch|p1a: Great Tusk|Great Tusk, shiny|40\/100\n|-damage|p1a: Great Tusk|37\/100|[from] Stealth Rock\n|move|p2a: Blissey|Soft-Boiled|p2a: Blissey\n|-heal|p2a: Blissey|100\/100\n|\n|-heal|p1a: Great Tusk|44\/100|[from] item: Leftovers\n|upkeep\n|turn|29\n|\n|t:|1701185079\n|switch|p2a: Garganacl|Garganacl, M|100\/100\n|-damage|p2a: Garganacl|88\/100|[from] Stealth Rock\n|move|p1a: Great Tusk|Close Combat|p2a: Garganacl\n|-supereffective|p2a: Garganacl\n|-damage|p2a: Garganacl|15\/100\n|-unboost|p1a: Great Tusk|def|1\n|-unboost|p1a: Great Tusk|spd|1\n|\n|-heal|p1a: Great Tusk|50\/100|[from] item: Leftovers\n|-heal|p2a: Garganacl|21\/100|[from] item: Leftovers\n|upkeep\n|turn|30\n|\n|t:|1701185091\n|move|p2a: Garganacl|Protect|p2a: Garganacl\n|-singleturn|p2a: Garganacl|Protect\n|move|p1a: Great Tusk|Headlong Rush|p2a: Garganacl\n|-activate|p2a: Garganacl|move: Protect\n|\n|-heal|p1a: Great Tusk|56\/100|[from] item: Leftovers\n|-heal|p2a: Garganacl|27\/100|[from] item: Leftovers\n|upkeep\n|turn|31\n|\n|t:|1701185100\n|-terastallize|p2a: Garganacl|Grass\n|move|p1a: Great Tusk|Headlong Rush|p2a: Garganacl\n|-resisted|p2a: Garganacl\n|-damage|p2a: Garganacl|9\/100\n|-unboost|p1a: Great Tusk|def|1\n|-unboost|p1a: Great Tusk|spd|1\n|move|p2a: Garganacl|Recover|p2a: Garganacl\n|-heal|p2a: Garganacl|59\/100\n|\n|-heal|p1a: Great Tusk|62\/100|[from] item: Leftovers\n|-heal|p2a: Garganacl|66\/100|[from] item: Leftovers\n|upkeep\n|turn|32\n|\n|t:|1701185111\n|-end|p1a: Great Tusk|Protosynthesis|[silent]\n|switch|p1a: Heatran|Heatran, M|91\/100 tox\n|-damage|p1a: Heatran|79\/100 tox|[from] Stealth Rock\n|move|p2a: Garganacl|Salt Cure|p1a: Heatran\n|-damage|p1a: Heatran|66\/100 tox\n|-start|p1a: Heatran|Salt Cure\n|\n|-heal|p1a: Heatran|72\/100 tox|[from] item: Leftovers\n|-heal|p2a: Garganacl|72\/100|[from] item: Leftovers\n|-damage|p1a: Heatran|66\/100 tox|[from] psn\n|-damage|p1a: Heatran|41\/100 tox|[from] Salt Cure\n|upkeep\n|turn|33\n|\n|t:|1701185122\n|move|p2a: Garganacl|Protect|p2a: Garganacl\n|-singleturn|p2a: Garganacl|Protect\n|move|p1a: Heatran|Lava Plume|p2a: Garganacl\n|-activate|p2a: Garganacl|move: Protect\n|\n|-heal|p1a: Heatran|47\/100 tox|[from] item: Leftovers\n|-heal|p2a: Garganacl|78\/100|[from] item: Leftovers\n|-damage|p1a: Heatran|34\/100 tox|[from] psn\n|-damage|p1a: Heatran|10\/100 tox|[from] Salt Cure\n|upkeep\n|turn|34\n|\n|t:|1701185134\n|switch|p2a: Blissey|Blissey, F|100\/100\n|-damage|p2a: Blissey|88\/100|[from] Stealth Rock\n|move|p1a: Heatran|Lava Plume|p2a: Blissey\n|-damage|p2a: Blissey|78\/100\n|\n|-heal|p1a: Heatran|16\/100 tox|[from] item: Leftovers\n|-damage|p1a: Heatran|0 fnt|[from] psn\n|faint|p1a: Heatran\n|upkeep\n|\n|t:|1701185139\n|switch|p1a: Great Tusk|Great Tusk, shiny|62\/100\n|-damage|p1a: Great Tusk|59\/100|[from] Stealth Rock\n|turn|35\n|\n|t:|1701185153\n|switch|p2a: Garganacl|Garganacl, M, tera:Grass|78\/100\n|-damage|p2a: Garganacl|66\/100|[from] Stealth Rock\n|move|p1a: Great Tusk|Rapid Spin|p2a: Garganacl\n|-damage|p2a: Garganacl|56\/100\n|-boost|p1a: Great Tusk|spe|1\n|-sideend|p1: moxieme|Stealth Rock|[from] move: Rapid Spin|[of] p1a: Great Tusk\n|\n|-heal|p1a: Great Tusk|65\/100|[from] item: Leftovers\n|-heal|p2a: Garganacl|62\/100|[from] item: Leftovers\n|upkeep\n|turn|36\n|\n|t:|1701185163\n|move|p1a: Great Tusk|Ice Spinner|p2a: Garganacl\n|-supereffective|p2a: Garganacl\n|-damage|p2a: Garganacl|32\/100\n|move|p2a: Garganacl|Salt Cure|p1a: Great Tusk\n|-resisted|p1a: Great Tusk\n|-damage|p1a: Great Tusk|64\/100\n|-start|p1a: Great Tusk|Salt Cure\n|\n|-heal|p1a: Great Tusk|70\/100|[from] item: Leftovers\n|-heal|p2a: Garganacl|38\/100|[from] item: Leftovers\n|-damage|p1a: Great Tusk|57\/100|[from] Salt Cure\n|upkeep\n|turn|37\n|\n|t:|1701185174\n|move|p1a: Great Tusk|Close Combat|p2a: Garganacl\n|-damage|p2a: Garganacl|1\/100\n|-unboost|p1a: Great Tusk|def|1\n|-unboost|p1a: Great Tusk|spd|1\n|move|p2a: Garganacl|Recover|p2a: Garganacl\n|-heal|p2a: Garganacl|51\/100\n|\n|-heal|p1a: Great Tusk|64\/100|[from] item: Leftovers\n|-heal|p2a: Garganacl|57\/100|[from] item: Leftovers\n|-damage|p1a: Great Tusk|51\/100|[from] Salt Cure\n|upkeep\n|turn|38\n|\n|t:|1701185186\n|-end|p1a: Great Tusk|Protosynthesis|[silent]\n|switch|p1a: Greninja|Greninja, M|100\/100\n|move|p2a: Garganacl|Salt Cure|p1a: Greninja\n|-damage|p1a: Greninja|76\/100\n|-start|p1a: Greninja|Salt Cure\n|\n|-heal|p2a: Garganacl|64\/100|[from] item: Leftovers\n|-damage|p1a: Greninja|51\/100|[from] Salt Cure\n|upkeep\n|turn|39\n|\n|t:|1701185194\n|move|p2a: Garganacl|Protect|p2a: Garganacl\n|-singleturn|p2a: Garganacl|Protect\n|move|p1a: Greninja|Dark Pulse|p2a: Garganacl\n|-activate|p2a: Garganacl|move: Protect\n|\n|-heal|p2a: Garganacl|70\/100|[from] item: Leftovers\n|-damage|p1a: Greninja|26\/100|[from] Salt Cure\n|upkeep\n|turn|40\n|\n|t:|1701185203\n|move|p1a: Greninja|Dark Pulse|p2a: Garganacl\n|-damage|p2a: Garganacl|38\/100\n|move|p2a: Garganacl|Recover|p2a: Garganacl\n|-heal|p2a: Garganacl|88\/100\n|\n|-heal|p2a: Garganacl|94\/100|[from] item: Leftovers\n|-damage|p1a: Greninja|1\/100|[from] Salt Cure\n|upkeep\n|turn|41\n|\n|t:|1701185212\n|switch|p1a: Ogerpon|Ogerpon-Wellspring, F|52\/100 tox\n|move|p2a: Garganacl|Stealth Rock|p1a: Ogerpon\n|-sidestart|p1: moxieme|move: Stealth Rock\n|\n|-heal|p2a: Garganacl|99\/100|[from] item: Leftovers\n|-damage|p1a: Ogerpon|46\/100 tox|[from] psn\n|upkeep\n|turn|42\n|\n|t:|1701185222\n|move|p2a: Garganacl|Protect|p2a: Garganacl\n|-singleturn|p2a: Garganacl|Protect\n|move|p1a: Ogerpon|Knock Off|p2a: Garganacl\n|-activate|p2a: Garganacl|move: Protect\n|\n|-heal|p2a: Garganacl|100\/100|[from] item: Leftovers\n|-damage|p1a: Ogerpon|34\/100 tox|[from] psn\n|upkeep\n|turn|43\n|\n|t:|1701185230\n|move|p1a: Ogerpon|Knock Off|p2a: Garganacl\n|-damage|p2a: Garganacl|81\/100\n|-enditem|p2a: Garganacl|Leftovers|[from] move: Knock Off|[of] p1a: Ogerpon\n|move|p2a: Garganacl|Salt Cure|p1a: Ogerpon\n|-damage|p1a: Ogerpon|16\/100 tox\n|-start|p1a: Ogerpon|Salt Cure\n|\n|-damage|p1a: Ogerpon|0 fnt|[from] psn\n|faint|p1a: Ogerpon\n|upkeep\n|\n|t:|1701185240\n|switch|p1a: Landorus|Landorus-Therian, M|47\/100 tox\n|-damage|p1a: Landorus|35\/100 tox|[from] Stealth Rock\n|-ability|p1a: Landorus|Intimidate|boost\n|-unboost|p2a: Garganacl|atk|1\n|turn|44\n|\n|t:|1701185246\n|move|p1a: Landorus|U-turn|p2a: Garganacl\n|-supereffective|p2a: Garganacl\n|-damage|p2a: Garganacl|56\/100\n|\n|t:|1701185249\n|switch|p1a: Great Tusk|Great Tusk, shiny|51\/100|[from] U-turn\n|-damage|p1a: Great Tusk|48\/100|[from] Stealth Rock\n|move|p2a: Garganacl|Salt Cure|p1a: Great Tusk\n|-resisted|p1a: Great Tusk\n|-damage|p1a: Great Tusk|47\/100\n|-start|p1a: Great Tusk|Salt Cure\n|\n|-heal|p1a: Great Tusk|53\/100|[from] item: Leftovers\n|-damage|p1a: Great Tusk|41\/100|[from] Salt Cure\n|upkeep\n|turn|45\n|\n|t:|1701185260\n|move|p1a: Great Tusk|Close Combat|p2a: Garganacl\n|-damage|p2a: Garganacl|23\/100\n|-unboost|p1a: Great Tusk|def|1\n|-unboost|p1a: Great Tusk|spd|1\n|move|p2a: Garganacl|Recover|p2a: Garganacl\n|-heal|p2a: Garganacl|73\/100\n|\n|-heal|p1a: Great Tusk|47\/100|[from] item: Leftovers\n|-damage|p1a: Great Tusk|34\/100|[from] Salt Cure\n|upkeep\n|turn|46\n|\n|t:|1701185270\n|move|p1a: Great Tusk|Rapid Spin|p2a: Garganacl\n|-damage|p2a: Garganacl|64\/100\n|-boost|p1a: Great Tusk|spe|1\n|-sideend|p1: moxieme|Stealth Rock|[from] move: Rapid Spin|[of] p1a: Great Tusk\n|move|p2a: Garganacl|Salt Cure|p1a: Great Tusk\n|-resisted|p1a: Great Tusk\n|-damage|p1a: Great Tusk|32\/100\n|\n|-heal|p1a: Great Tusk|39\/100|[from] item: Leftovers\n|-damage|p1a: Great Tusk|26\/100|[from] Salt Cure\n|upkeep\n|turn|47\n|\n|t:|1701185280\n|move|p1a: Great Tusk|Close Combat|p2a: Garganacl\n|-damage|p2a: Garganacl|26\/100\n|-unboost|p1a: Great Tusk|def|1\n|-unboost|p1a: Great Tusk|spd|1\n|move|p2a: Garganacl|Salt Cure|p1a: Great Tusk\n|-resisted|p1a: Great Tusk\n|-damage|p1a: Great Tusk|23\/100\n|\n|-heal|p1a: Great Tusk|30\/100|[from] item: Leftovers\n|-damage|p1a: Great Tusk|17\/100|[from] Salt Cure\n|upkeep\n|turn|48\n|\n|t:|1701185291\n|move|p2a: Garganacl|Protect|p2a: Garganacl\n|-singleturn|p2a: Garganacl|Protect\n|move|p1a: Great Tusk|Close Combat|p2a: Garganacl\n|-activate|p2a: Garganacl|move: Protect\n|\n|-heal|p1a: Great Tusk|23\/100|[from] item: Leftovers\n|-damage|p1a: Great Tusk|11\/100|[from] Salt Cure\n|upkeep\n|turn|49\n|\n|t:|1701185301\n|switch|p2a: Ting-Lu|Ting-Lu|10\/100\n|-damage|p2a: Ting-Lu|4\/100|[from] Stealth Rock\n|-ability|p2a: Ting-Lu|Vessel of Ruin\n|move|p1a: Great Tusk|Close Combat|p2a: Ting-Lu\n|-supereffective|p2a: Ting-Lu\n|-damage|p2a: Ting-Lu|0 fnt\n|-unboost|p1a: Great Tusk|def|1\n|-unboost|p1a: Great Tusk|spd|1\n|faint|p2a: Ting-Lu\n|\n|-heal|p1a: Great Tusk|17\/100|[from] item: Leftovers\n|-damage|p1a: Great Tusk|5\/100|[from] Salt Cure\n|upkeep\n|\n|t:|1701185318\n|switch|p2a: Salazzle|Salazzle, F, shiny|76\/100\n|-damage|p2a: Salazzle|51\/100|[from] Stealth Rock\n|turn|50\n|\n|t:|1701185322\n|-end|p1a: Great Tusk|Protosynthesis|[silent]\n|switch|p1a: Landorus|Landorus-Therian, M|35\/100 tox\n|-ability|p1a: Landorus|Intimidate|boost\n|-unboost|p2a: Salazzle|atk|1\n|move|p2a: Salazzle|Protect||[still]\n|-fail|p2a: Salazzle\n|\n|-heal|p2a: Salazzle|57\/100|[from] item: Black Sludge\n|-damage|p1a: Landorus|29\/100 tox|[from] psn\n|upkeep\n|turn|51\n|\n|t:|1701185334\n|move|p1a: Landorus|Earthquake|p2a: Salazzle\n|-supereffective|p2a: Salazzle\n|-damage|p2a: Salazzle|0 fnt\n|faint|p2a: Salazzle\n|\n|-damage|p1a: Landorus|17\/100 tox|[from] psn\n|upkeep\n|\n|t:|1701185340\n|switch|p2a: Garganacl|Garganacl, M, tera:Grass|26\/100\n|-damage|p2a: Garganacl|13\/100|[from] Stealth Rock\n|turn|52\n|\n|t:|1701185345\n|move|p1a: Landorus|Earthquake|p2a: Garganacl\n|-resisted|p2a: Garganacl\n|-crit|p2a: Garganacl\n|-damage|p2a: Garganacl|0 fnt\n|faint|p2a: Garganacl\n|\n|-damage|p1a: Landorus|0 fnt|[from] psn\n|faint|p1a: Landorus\n|upkeep\n|\n|t:|1701185356\n|switch|p1a: Greninja|Greninja, M|1\/100\n|switch|p2a: Cyclizar|Cyclizar, M|100\/100\n|turn|53\n|\n|t:|1701185368\n|switch|p2a: Blissey|Blissey, F|78\/100\n|-damage|p2a: Blissey|65\/100|[from] Stealth Rock\n|move|p1a: Greninja|Dark Pulse|p2a: Blissey\n|-damage|p2a: Blissey|55\/100\n|\n|upkeep\n|turn|54\n|\n|t:|1701185379\n|move|p1a: Greninja|Dark Pulse|p2a: Blissey\n|-damage|p2a: Blissey|45\/100\n|move|p2a: Blissey|Soft-Boiled|p2a: Blissey\n|-heal|p2a: Blissey|95\/100\n|\n|upkeep\n|turn|55\n|\n|t:|1701185385\n|move|p1a: Greninja|Dark Pulse|p2a: Blissey\n|-damage|p2a: Blissey|83\/100\n|cant|p2a: Blissey|flinch\n|\n|upkeep\n|turn|56\n|\n|t:|1701185391\n|move|p1a: Greninja|Dark Pulse|p2a: Blissey\n|-damage|p2a: Blissey|73\/100\n|move|p2a: Blissey|Stealth Rock|p1a: Greninja\n|-sidestart|p1: moxieme|move: Stealth Rock\n|\n|upkeep\n|turn|57\n|\n|t:|1701185400\n|move|p1a: Greninja|Dark Pulse|p2a: Blissey\n|-damage|p2a: Blissey|61\/100\n|move|p2a: Blissey|Soft-Boiled|p2a: Blissey\n|-heal|p2a: Blissey|100\/100\n|\n|upkeep\n|turn|58\n|\n|t:|1701185405\n|move|p1a: Greninja|Surf|p2a: Blissey\n|-damage|p2a: Blissey|88\/100\n|move|p2a: Blissey|Seismic Toss|p1a: Greninja\n|-damage|p1a: Greninja|0 fnt\n|faint|p1a: Greninja\n|\n|upkeep\n|\n|t:|1701185409\n|switch|p1a: Great Tusk|Great Tusk, shiny|5\/100\n|-damage|p1a: Great Tusk|2\/100|[from] Stealth Rock\n|turn|59\n|\n|t:|1701185415\n|move|p1a: Great Tusk|Headlong Rush|p2a: Blissey\n|-damage|p2a: Blissey|21\/100\n|-unboost|p1a: Great Tusk|def|1\n|-unboost|p1a: Great Tusk|spd|1\n|move|p2a: Blissey|Seismic Toss|p1a: Great Tusk\n|-damage|p1a: Great Tusk|0 fnt\n|faint|p1a: Great Tusk\n|-end|p1a: Great Tusk|Protosynthesis|[silent]\n|\n|upkeep\n|\n|t:|1701185419\n|switch|p1a: Dragapult|Dragapult, M|100\/100\n|-damage|p1a: Dragapult|88\/100|[from] Stealth Rock\n|turn|60\n|\n|t:|1701185430\n|move|p1a: Dragapult|Draco Meteor|p2a: Blissey\n|-damage|p2a: Blissey|0 fnt\n|-unboost|p1a: Dragapult|spa|2\n|faint|p2a: Blissey\n|\n|upkeep\n|\n|t:|1701185435\n|switch|p2a: Cyclizar|Cyclizar, M|100\/100\n|turn|61\n|\n|t:|1701185439\n|move|p1a: Dragapult|Draco Meteor|p2a: Cyclizar\n|-supereffective|p2a: Cyclizar\n|-damage|p2a: Cyclizar|13\/100\n|-unboost|p1a: Dragapult|spa|2\n|move|p2a: Cyclizar|Knock Off|p1a: Dragapult\n|-supereffective|p1a: Dragapult\n|-damage|p1a: Dragapult|38\/100\n|-enditem|p1a: Dragapult|Choice Specs|[from] move: Knock Off|[of] p2a: Cyclizar\n|\n|upkeep\n|turn|62\n|\n|t:|1701185453\n|move|p1a: Dragapult|Draco Meteor|p2a: Cyclizar\n|-supereffective|p2a: Cyclizar\n|-crit|p2a: Cyclizar\n|-damage|p2a: Cyclizar|0 fnt\n|-unboost|p1a: Dragapult|spa|2\n|faint|p2a: Cyclizar\n|\n|win|moxieme\n|raw|moxieme's rating: 1261 &rarr; <strong>1283<\/strong><br \/>(+22 for winning)\n|raw|hessel123's rating: 1221 &rarr; <strong>1199<\/strong><br \/>(-22 for losing)\n|l|\u2606hessel123\n","uploadtime":1701185464,"views":6,"p1id":"moxieme","p2id":"hessel123","formatid":"gen9ou","rating":1199,"private":0,"password":""}