{"id":"gen9ou-1995129141","p1":"sorryforbeingfat","p2":"sw23362924","format":"[Gen 9] OU","log":"|j|\u2606sorryforbeingfat\n|j|\u2606sw23362924\n|t:|1700525789\n|gametype|singles\n|player|p1|sorryforbeingfat|raifort|1171\n|player|p2|sw23362924|102|1178\n|teamsize|p1|6\n|teamsize|p2|6\n|gen|9\n|tier|[Gen 9] OU\n|rated|\n|rule|Sleep Clause Mod: Limit one foe put to sleep\n|rule|Species Clause: Limit one of each Pok\u00e9mon\n|rule|OHKO Clause: OHKO moves are banned\n|rule|Evasion Items Clause: Evasion items are banned\n|rule|Evasion Moves Clause: Evasion moves are banned\n|rule|Endless Battle Clause: Forcing endless battles is banned\n|rule|HP Percentage Mod: HP is shown in percentages\n|clearpoke\n|poke|p1|Alomomola, F|\n|poke|p1|Thundurus-Therian, M|\n|poke|p1|Cinderace, F|\n|poke|p1|Slowking-Galar, F|\n|poke|p1|Kingambit, F|\n|poke|p1|Great Tusk|\n|poke|p2|Great Tusk|\n|poke|p2|Blissey, F|\n|poke|p2|Landorus-Therian, M|\n|poke|p2|Toxapex, F|\n|poke|p2|Ogerpon-Wellspring, F|\n|poke|p2|Iron Moth|\n|teampreview\n|inactive|Battle timer is ON: inactive players will automatically lose when time's up. (requested by sorryforbeingfat)\n|\n|t:|1700525812\n|start\n|switch|p1a: Rizzler|Thundurus-Therian, M|100\/100\n|switch|p2a: Blissey|Blissey, F|100\/100\n|turn|1\n|\n|t:|1700525819\n|move|p1a: Rizzler|Knock Off|p2a: Blissey\n|-damage|p2a: Blissey|80\/100\n|-enditem|p2a: Blissey|Heavy-Duty Boots|[from] move: Knock Off|[of] p1a: Rizzler\n|move|p2a: Blissey|Stealth Rock|p1a: Rizzler\n|-sidestart|p1: sorryforbeingfat|move: Stealth Rock\n|\n|upkeep\n|turn|2\n|\n|t:|1700525826\n|switch|p1a: Skibidi|Cinderace, F|100\/100\n|move|p2a: Blissey|Seismic Toss|p1a: Skibidi\n|-damage|p1a: Skibidi|67\/100\n|\n|upkeep\n|turn|3\n|\n|t:|1700525834\n|switch|p2a: Toxapex|Toxapex, F|100\/100\n|move|p1a: Skibidi|Court Change|p1a: Skibidi\n|-start|p1a: Skibidi|typechange|Normal|[from] ability: Libero\n|-swapsideconditions\n|-activate|p1a: Skibidi|move: Court Change\n|\n|upkeep\n|turn|4\n|\n|t:|1700525849\n|switch|p1a: fanum tax|Slowking-Galar, F|100\/100\n|move|p2a: Toxapex|Toxic|p1a: fanum tax\n|-immune|p1a: fanum tax\n|\n|upkeep\n|turn|5\n|\n|t:|1700525864\n|switch|p2a: Landorus|Landorus-Therian, M|100\/100\n|-damage|p2a: Landorus|88\/100|[from] Stealth Rock\n|-ability|p2a: Landorus|Intimidate|boost\n|-unboost|p1a: fanum tax|atk|1\n|move|p1a: fanum tax|Future Sight|p2a: Landorus\n|-start|p1a: fanum tax|move: Future Sight\n|\n|upkeep\n|turn|6\n|inactive|sorryforbeingfat has 120 seconds left.\n|\n|t:|1700525923\n|move|p2a: Landorus|Stealth Rock|p1a: fanum tax\n|-sidestart|p1: sorryforbeingfat|move: Stealth Rock\n|move|p1a: fanum tax|Ice Beam|p2a: Landorus\n|-supereffective|p2a: Landorus\n|-damage|p2a: Landorus|0 fnt\n|faint|p2a: Landorus\n|\n|upkeep\n|\n|t:|1700525934\n|switch|p2a: Great Tusk|Great Tusk|100\/100\n|turn|7\n|\n|t:|1700525951\n|move|p2a: Great Tusk|Rapid Spin|p1a: fanum tax\n|-damage|p1a: fanum tax|83\/100\n|-boost|p2a: Great Tusk|spe|1\n|-sideend|p2: sw23362924|Stealth Rock|[from] move: Rapid Spin|[of] p2a: Great Tusk\n|move|p1a: fanum tax|Ice Beam|p2a: Great Tusk\n|-supereffective|p2a: Great Tusk\n|-damage|p2a: Great Tusk|29\/100\n|-status|p2a: Great Tusk|frz\n|\n|-end|p2a: Great Tusk|move: Future Sight\n|-supereffective|p2a: Great Tusk\n|-damage|p2a: Great Tusk|0 fnt\n|faint|p2a: Great Tusk\n|-end|p2a: Great Tusk|Protosynthesis|[silent]\n|upkeep\n|-message|sw23362924 forfeited.\n|\n|win|sorryforbeingfat\n|raw|sorryforbeingfat's rating: 1141 &rarr; <strong>1169<\/strong><br \/>(+28 for winning)\n|raw|sw23362924's rating: 1178 &rarr; <strong>1150<\/strong><br \/>(-28 for losing)\n|l|\u2606sw23362924\n","uploadtime":1700525966,"views":6,"p1id":"sorryforbeingfat","p2id":"sw23362924","formatid":"gen9ou","rating":1150,"private":0,"password":""}