{"id":"gen9ou-1993506891","p1":"shaboofus","p2":"W2P","format":"[Gen 9] OU","log":"|j|\u2606shaboofus\n|j|\u2606W2P\n|t:|1700325992\n|gametype|singles\n|player|p1|shaboofus|n|1564\n|player|p2|W2P|rika|1609\n|teamsize|p1|6\n|teamsize|p2|6\n|gen|9\n|tier|[Gen 9] OU\n|rated|\n|rule|Sleep Clause Mod: Limit one foe put to sleep\n|rule|Species Clause: Limit one of each Pok\u00e9mon\n|rule|OHKO Clause: OHKO moves are banned\n|rule|Evasion Items Clause: Evasion items are banned\n|rule|Evasion Moves Clause: Evasion moves are banned\n|rule|Endless Battle Clause: Forcing endless battles is banned\n|rule|HP Percentage Mod: HP is shown in percentages\n|clearpoke\n|poke|p1|Ribombee, F|\n|poke|p1|Manaphy|\n|poke|p1|Kingambit, F|\n|poke|p1|Great Tusk|\n|poke|p1|Iron Moth|\n|poke|p1|Gholdengo|\n|poke|p2|Manaphy|\n|poke|p2|Kingambit, M|\n|poke|p2|Ribombee, M|\n|poke|p2|Gholdengo|\n|poke|p2|Walking Wake|\n|poke|p2|Ogerpon-Wellspring, F|\n|teampreview\n|inactive|Battle timer is ON: inactive players will automatically lose when time's up. (requested by W2P)\n|\n|t:|1700326006\n|start\n|switch|p1a: Ribombee|Ribombee, F|100\/100\n|switch|p2a: faya|Ogerpon-Wellspring, F|100\/100\n|turn|1\n|\n|t:|1700326010\n|move|p1a: Ribombee|Sticky Web|p2a: faya\n|-sidestart|p2: W2P|move: Sticky Web\n|move|p2a: faya|Trailblaze|p1a: Ribombee\n|-resisted|p1a: Ribombee\n|-damage|p1a: Ribombee|71\/100\n|-boost|p2a: faya|spe|1\n|\n|upkeep\n|turn|2\n|\n|t:|1700326013\n|move|p2a: faya|Encore|p1a: Ribombee\n|-start|p1a: Ribombee|Encore\n|move|p1a: Ribombee|Sticky Web||[still]\n|-fail|p1a: Ribombee\n|\n|upkeep\n|turn|3\n|\n|t:|1700326018\n|switch|p1a: Iron Moth|Iron Moth|100\/100\n|-enditem|p1a: Iron Moth|Booster Energy\n|-activate|p1a: Iron Moth|ability: Quark Drive|[fromitem]\n|-start|p1a: Iron Moth|quarkdrivespe\n|move|p2a: faya|Swords Dance|p2a: faya\n|-boost|p2a: faya|atk|2\n|\n|upkeep\n|turn|4\n|\n|t:|1700326023\n|move|p2a: faya|Ivy Cudgel|p1a: Iron Moth|[anim] Ivy Cudgel Water\n|-supereffective|p1a: Iron Moth\n|-crit|p1a: Iron Moth\n|-damage|p1a: Iron Moth|0 fnt\n|faint|p1a: Iron Moth\n|-end|p1a: Iron Moth|Quark Drive|[silent]\n|\n|upkeep\n|inactive|shaboofus has 120 seconds left.\n|\n|t:|1700326068\n|switch|p1a: Manaphy|Manaphy|100\/100\n|turn|5\n|\n|t:|1700326076\n|-terastallize|p1a: Manaphy|Dragon\n|move|p2a: faya|Trailblaze|p1a: Manaphy\n|-resisted|p1a: Manaphy\n|-damage|p1a: Manaphy|74\/100\n|-boost|p2a: faya|spe|1\n|move|p1a: Manaphy|Acid Armor|p1a: Manaphy\n|-boost|p1a: Manaphy|def|2\n|\n|-heal|p1a: Manaphy|80\/100|[from] item: Leftovers\n|upkeep\n|turn|6\n|\n|t:|1700326079\n|move|p2a: faya|Encore|p1a: Manaphy\n|-start|p1a: Manaphy|Encore\n|move|p1a: Manaphy|Acid Armor|p1a: Manaphy\n|-boost|p1a: Manaphy|def|2\n|\n|-heal|p1a: Manaphy|86\/100|[from] item: Leftovers\n|upkeep\n|turn|7\n|\n|t:|1700326081\n|move|p2a: faya|Swords Dance|p2a: faya\n|-boost|p2a: faya|atk|2\n|move|p1a: Manaphy|Acid Armor|p1a: Manaphy\n|-boost|p1a: Manaphy|def|2\n|\n|-heal|p1a: Manaphy|92\/100|[from] item: Leftovers\n|upkeep\n|turn|8\n|\n|t:|1700326084\n|move|p2a: faya|Swords Dance|p2a: faya\n|-boost|p2a: faya|atk|2\n|move|p1a: Manaphy|Acid Armor|p1a: Manaphy\n|-boost|p1a: Manaphy|def|0\n|\n|-heal|p1a: Manaphy|98\/100|[from] item: Leftovers\n|-end|p1a: Manaphy|Encore\n|upkeep\n|turn|9\n|\n|t:|1700326089\n|move|p2a: faya|Encore|p1a: Manaphy\n|-start|p1a: Manaphy|Encore\n|move|p1a: Manaphy|Acid Armor|p1a: Manaphy\n|-boost|p1a: Manaphy|def|0\n|\n|-heal|p1a: Manaphy|100\/100|[from] item: Leftovers\n|upkeep\n|turn|10\n|\n|t:|1700326093\n|switch|p1a: Ribombee|Ribombee, F|71\/100\n|move|p2a: faya|Ivy Cudgel|p1a: Ribombee|[anim] Ivy Cudgel Water\n|-damage|p1a: Ribombee|0 fnt\n|faint|p1a: Ribombee\n|\n|upkeep\n|c|\u2606W2P|fr got me laughing\n|c|\u2606shaboofus|lose weight<3\n|-message|shaboofus forfeited.\n|\n|win|W2P\n|raw|shaboofus's rating: 1564 &rarr; <strong>1547<\/strong><br \/>(-17 for losing)\n|raw|W2P's rating: 1609 &rarr; <strong>1626<\/strong><br \/>(+17 for winning)\n|l|\u2606shaboofus\n","uploadtime":1700326132,"views":28,"p1id":"shaboofus","p2id":"w2p","formatid":"gen9ou","rating":1547,"private":0,"password":""}