{"id":"gen9ou-1999672765","p1":"Thundrix","p2":"Dlovo","format":"[Gen 9] OU","log":"|j|\u2606Thundrix\n|j|\u2606Dlovo\n|t:|1701106582\n|gametype|singles\n|player|p1|Thundrix|volkner|1016\n|player|p2|Dlovo|cyrus-masters|1112\n|teamsize|p1|6\n|teamsize|p2|6\n|gen|9\n|tier|[Gen 9] OU\n|rated|\n|rule|Sleep Clause Mod: Limit one foe put to sleep\n|rule|Species Clause: Limit one of each Pok\u00e9mon\n|rule|OHKO Clause: OHKO moves are banned\n|rule|Evasion Items Clause: Evasion items are banned\n|rule|Evasion Moves Clause: Evasion moves are banned\n|rule|Endless Battle Clause: Forcing endless battles is banned\n|rule|HP Percentage Mod: HP is shown in percentages\n|clearpoke\n|poke|p1|Golem-Alola, F|\n|poke|p1|Weezing, F|\n|poke|p1|Electrode|\n|poke|p1|Tauros, M|\n|poke|p1|Trevenant, F|\n|poke|p1|Volbeat, M|\n|poke|p2|Pelipper, M|\n|poke|p2|Basculegion-F, F|\n|poke|p2|Clodsire, M|\n|poke|p2|Zapdos|\n|poke|p2|Kingambit, M|\n|poke|p2|Quaquaval, M|\n|teampreview\n|\n|t:|1701106594\n|start\n|switch|p1a: Volbeat|Volbeat, M|100\/100\n|switch|p2a: Clodsire|Clodsire, M|100\/100\n|turn|1\n|\n|t:|1701106609\n|move|p1a: Volbeat|Taunt|p2a: Clodsire\n|-start|p2a: Clodsire|move: Taunt\n|cant|p2a: Clodsire|move: Taunt|Toxic Spikes\n|\n|upkeep\n|turn|2\n|\n|t:|1701106618\n|switch|p2a: Kingambit|Kingambit, M, shiny|100\/100\n|move|p1a: Volbeat|U-turn|p2a: Kingambit\n|-damage|p2a: Kingambit|86\/100\n|\n|t:|1701106625\n|switch|p1a: Trevenant|Trevenant, F|100\/100|[from] U-turn\n|\n|upkeep\n|turn|3\n|\n|t:|1701106636\n|-terastallize|p1a: Trevenant|Water\n|move|p2a: Kingambit|Swords Dance|p2a: Kingambit\n|-boost|p2a: Kingambit|atk|2\n|move|p1a: Trevenant|Will-O-Wisp|p2a: Kingambit\n|-status|p2a: Kingambit|brn\n|\n|-damage|p2a: Kingambit|80\/100 brn|[from] brn\n|upkeep\n|turn|4\n|\n|t:|1701106647\n|move|p2a: Kingambit|Sucker Punch||[still]\n|-fail|p2a: Kingambit\n|move|p1a: Trevenant|Leech Seed|p2a: Kingambit\n|-start|p2a: Kingambit|move: Leech Seed\n|\n|-damage|p2a: Kingambit|68\/100 brn|[from] Leech Seed|[of] p1a: Trevenant\n|-damage|p2a: Kingambit|61\/100 brn|[from] brn\n|upkeep\n|turn|5\n|\n|t:|1701106661\n|switch|p2a: Clodsire|Clodsire, M|100\/100\n|move|p1a: Trevenant|Trick Room|p1a: Trevenant\n|-fieldstart|move: Trick Room|[of] p1a: Trevenant\n|\n|upkeep\n|turn|6\n|\n|t:|1701106668\n|move|p2a: Clodsire|Toxic Spikes|p1a: Trevenant\n|-sidestart|p1: Thundrix|move: Toxic Spikes\n|move|p1a: Trevenant|Leech Seed|p2a: Clodsire\n|-start|p2a: Clodsire|move: Leech Seed\n|\n|-damage|p2a: Clodsire|88\/100|[from] Leech Seed|[of] p1a: Trevenant\n|upkeep\n|turn|7\n|\n|t:|1701106676\n|move|p2a: Clodsire|Stealth Rock|p1a: Trevenant\n|-sidestart|p1: Thundrix|move: Stealth Rock\n|move|p1a: Trevenant|Will-O-Wisp|p2a: Clodsire\n|-status|p2a: Clodsire|brn\n|\n|-heal|p2a: Clodsire|94\/100 brn|[from] item: Leftovers\n|-damage|p2a: Clodsire|82\/100 brn|[from] Leech Seed|[of] p1a: Trevenant\n|-damage|p2a: Clodsire|75\/100 brn|[from] brn\n|upkeep\n|turn|8\n|\n|t:|1701106688\n|switch|p2a: Pelipper|Pelipper, M|100\/100\n|-weather|RainDance|[from] ability: Drizzle|[of] p2a: Pelipper\n|move|p1a: Trevenant|Horn Leech|p2a: Pelipper\n|-damage|p2a: Pelipper|64\/100\n|\n|-weather|RainDance|[upkeep]\n|upkeep\n|turn|9\n|\n|t:|1701106698\n|move|p1a: Trevenant|Leech Seed|p2a: Pelipper\n|-start|p2a: Pelipper|move: Leech Seed\n|move|p2a: Pelipper|Hurricane|p1a: Trevenant\n|-damage|p1a: Trevenant|61\/100\n|-enditem|p1a: Trevenant|Maranga Berry|[eat]\n|-boost|p1a: Trevenant|spd|1|[from] item: Maranga Berry\n|\n|-weather|RainDance|[upkeep]\n|-damage|p2a: Pelipper|52\/100|[from] Leech Seed|[of] p1a: Trevenant\n|-heal|p1a: Trevenant|72\/100|[silent]\n|-fieldend|move: Trick Room\n|upkeep\n|turn|10\n|\n|t:|1701106707\n|move|p2a: Pelipper|U-turn|p1a: Trevenant\n|-damage|p1a: Trevenant|61\/100\n|\n|t:|1701106713\n|switch|p2a: Basculegion|Basculegion-F, F|100\/100|[from] U-turn\n|move|p1a: Trevenant|Horn Leech|p2a: Basculegion\n|-supereffective|p2a: Basculegion\n|-damage|p2a: Basculegion|0 fnt\n|-heal|p1a: Trevenant|100\/100|[from] drain|[of] p2a: Basculegion\n|faint|p2a: Basculegion\n|\n|-weather|RainDance|[upkeep]\n|-item|p1a: Trevenant|Maranga Berry|[from] ability: Harvest\n|upkeep\n|-message|Dlovo forfeited.\n|\n|win|Thundrix\n|raw|Thundrix's rating: 1016 &rarr; <strong>1064<\/strong><br \/>(+48 for winning)\n|raw|Dlovo's rating: 1112 &rarr; <strong>1080<\/strong><br \/>(-32 for losing)\n|l|\u2606Dlovo\n","uploadtime":1701106830,"views":20,"p1id":"thundrix","p2id":"dlovo","formatid":"gen9ou","rating":1064,"private":0,"password":""}