{"id":"gen9ou-1990182721","p1":"BattleBlazikenVGC","p2":"dia-sre","format":"[Gen 9] OU","log":"|j|\u2606BattleBlazikenVGC\n|j|\u2606dia-sre\n|t:|1699934015\n|gametype|singles\n|player|p1|BattleBlazikenVGC|ltsurge|1561\n|player|p2|dia-sre|169|1584\n|teamsize|p1|6\n|teamsize|p2|6\n|gen|9\n|tier|[Gen 9] OU\n|rated|\n|rule|Sleep Clause Mod: Limit one foe put to sleep\n|rule|Species Clause: Limit one of each Pok\u00e9mon\n|rule|OHKO Clause: OHKO moves are banned\n|rule|Evasion Items Clause: Evasion items are banned\n|rule|Evasion Moves Clause: Evasion moves are banned\n|rule|Endless Battle Clause: Forcing endless battles is banned\n|rule|HP Percentage Mod: HP is shown in percentages\n|clearpoke\n|poke|p1|Ribombee, F|\n|poke|p1|Gholdengo|\n|poke|p1|Coalossal, F|\n|poke|p1|Kingambit, M|\n|poke|p1|Ogerpon-Wellspring, F|\n|poke|p1|Landorus-Therian, M|\n|poke|p2|Meowscarada, F|\n|poke|p2|Azumarill, F|\n|poke|p2|Dragonite, F|\n|poke|p2|Empoleon, M|\n|poke|p2|Hoopa-Unbound|\n|poke|p2|Weezing-Galar, M|\n|teampreview\n|inactive|Battle timer is ON: inactive players will automatically lose when time's up. (requested by dia-sre)\n|inactive|BattleBlazikenVGC has 120 seconds left.\n|\n|t:|1699934069\n|start\n|switch|p1a: Landorus|Landorus-Therian, M|100\/100\n|switch|p2a: Empoleon|Empoleon, M|100\/100\n|-ability|p1a: Landorus|Intimidate|boost\n|-unboost|p2a: Empoleon|atk|1\n|-ability|p2a: Empoleon|Competitive|boost\n|-boost|p2a: Empoleon|spa|2\n|turn|1\n|\n|t:|1699934084\n|-terastallize|p2a: Empoleon|Flying\n|move|p1a: Landorus|Earthquake|p2a: Empoleon\n|-immune|p2a: Empoleon\n|move|p2a: Empoleon|Surf|p1a: Landorus\n|-supereffective|p1a: Landorus\n|-damage|p1a: Landorus|0 fnt\n|faint|p1a: Landorus\n|\n|upkeep\n|\n|t:|1699934095\n|switch|p1a: Broken|Ogerpon-Wellspring, F|100\/100\n|turn|2\n|inactive|dia-sre has 120 seconds left.\n|\n|t:|1699934132\n|switch|p2a: Dragonite|Dragonite, F|100\/100\n|-terastallize|p1a: Broken|Water\n|detailschange|p1a: Broken|Ogerpon-Wellspring-Tera, F, tera:Water\n|-ability|p1a: Broken|Embody Aspect (Wellspring)|boost\n|-boost|p1a: Broken|spd|1\n|move|p1a: Broken|Swords Dance|p1a: Broken\n|-boost|p1a: Broken|atk|2\n|\n|upkeep\n|turn|3\n|\n|t:|1699934135\n|move|p1a: Broken|Ivy Cudgel|p2a: Dragonite\n|-resisted|p2a: Dragonite\n|-damage|p2a: Dragonite|75\/100\n|move|p2a: Dragonite|Body Press|p1a: Broken\n|-damage|p1a: Broken|69\/100\n|\n|upkeep\n|turn|4\n|\n|t:|1699934139\n|move|p1a: Broken|Ivy Cudgel|p2a: Dragonite\n|-resisted|p2a: Dragonite\n|-damage|p2a: Dragonite|18\/100\n|move|p2a: Dragonite|Body Press|p1a: Broken\n|-damage|p1a: Broken|35\/100\n|\n|upkeep\n|turn|5\n|inactive|dia-sre has 120 seconds left.\n|\n|t:|1699934171\n|move|p2a: Dragonite|Extreme Speed|p1a: Broken\n|-damage|p1a: Broken|4\/100\n|move|p1a: Broken|Trailblaze|p2a: Dragonite\n|-resisted|p2a: Dragonite\n|-damage|p2a: Dragonite|8\/100\n|-boost|p1a: Broken|spe|1\n|\n|upkeep\n|turn|6\n|\n|t:|1699934179\n|switch|p1a: Gholdengo|Gholdengo|100\/100\n|move|p2a: Dragonite|Extreme Speed|p1a: Gholdengo\n|-immune|p1a: Gholdengo\n|\n|upkeep\n|turn|7\n|\n|t:|1699934184\n|switch|p2a: Empoleon|Empoleon, M, tera:Flying|100\/100\n|move|p1a: Gholdengo|Shadow Ball|p2a: Empoleon\n|-damage|p2a: Empoleon|70\/100\n|\n|-heal|p2a: Empoleon|77\/100|[from] item: Leftovers\n|upkeep\n|turn|8\n|\n|t:|1699934190\n|move|p1a: Gholdengo|Shadow Ball|p2a: Empoleon\n|-damage|p2a: Empoleon|46\/100\n|-unboost|p2a: Empoleon|spd|1\n|-ability|p2a: Empoleon|Competitive|boost\n|-boost|p2a: Empoleon|spa|2\n|move|p2a: Empoleon|Knock Off|p1a: Gholdengo\n|-supereffective|p1a: Gholdengo\n|-damage|p1a: Gholdengo|58\/100\n|-enditem|p1a: Gholdengo|Leftovers|[from] move: Knock Off|[of] p2a: Empoleon\n|\n|-heal|p2a: Empoleon|52\/100|[from] item: Leftovers\n|upkeep\n|turn|9\n|\n|t:|1699934195\n|move|p1a: Gholdengo|Make It Rain|p2a: Empoleon\n|-damage|p2a: Empoleon|0 fnt\n|-unboost|p1a: Gholdengo|spa|1\n|faint|p2a: Empoleon\n|\n|upkeep\n|\n|t:|1699934197\n|switch|p2a: Meowscarada|Meowscarada, F|100\/100\n|turn|10\n|\n|t:|1699934200\n|move|p2a: Meowscarada|Knock Off|p1a: Gholdengo\n|-start|p2a: Meowscarada|typechange|Dark|[from] ability: Protean\n|-supereffective|p1a: Gholdengo\n|-damage|p1a: Gholdengo|0 fnt\n|faint|p1a: Gholdengo\n|\n|upkeep\n|\n|t:|1699934204\n|switch|p1a: Ribombee|Ribombee, F|100\/100\n|turn|11\n|\n|t:|1699934214\n|switch|p2a: Azumarill|Azumarill, F|100\/100\n|move|p1a: Ribombee|Sticky Web|p2a: Azumarill\n|-sidestart|p2: dia-sre|move: Sticky Web\n|\n|upkeep\n|turn|12\n|\n|t:|1699934217\n|move|p2a: Azumarill|Aqua Jet|p1a: Ribombee\n|-damage|p1a: Ribombee|25\/100\n|move|p1a: Ribombee|Moonblast|p2a: Azumarill\n|-damage|p2a: Azumarill|59\/100\n|\n|upkeep\n|turn|13\n|\n|t:|1699934221\n|move|p2a: Azumarill|Aqua Jet|p1a: Ribombee\n|-damage|p1a: Ribombee|0 fnt\n|faint|p1a: Ribombee\n|\n|upkeep\n|\n|t:|1699934223\n|switch|p1a: Kingambit|Kingambit, M|100\/100\n|-activate|p1a: Kingambit|ability: Supreme Overlord\n|-start|p1a: Kingambit|fallen3|[silent]\n|turn|14\n|\n|t:|1699934246\n|switch|p2a: Dragonite|Dragonite, F|8\/100\n|move|p1a: Kingambit|Iron Head|p2a: Dragonite\n|-damage|p2a: Dragonite|0 fnt\n|faint|p2a: Dragonite\n|\n|upkeep\n|\n|t:|1699934250\n|switch|p2a: Weezing|Weezing-Galar, M|100\/100\n|-ability|p2a: Weezing|Neutralizing Gas\n|-activate|p2a: Weezing|move: Sticky Web\n|-unboost|p2a: Weezing|spe|1\n|turn|15\n|\n|t:|1699934256\n|move|p1a: Kingambit|Iron Head|p2a: Weezing\n|-supereffective|p2a: Weezing\n|-damage|p2a: Weezing|44\/100\n|move|p2a: Weezing|Will-O-Wisp|p1a: Kingambit\n|-status|p1a: Kingambit|brn\n|\n|-damage|p1a: Kingambit|94\/100 brn|[from] brn\n|upkeep\n|turn|16\n|\n|t:|1699934267\n|move|p1a: Kingambit|Swords Dance|p1a: Kingambit\n|-boost|p1a: Kingambit|atk|2\n|move|p2a: Weezing|Flamethrower|p1a: Kingambit\n|-supereffective|p1a: Kingambit\n|-damage|p1a: Kingambit|58\/100 brn\n|\n|-heal|p1a: Kingambit|64\/100 brn|[from] item: Leftovers\n|-damage|p1a: Kingambit|58\/100 brn|[from] brn\n|upkeep\n|turn|17\n|\n|t:|1699934275\n|move|p1a: Kingambit|Iron Head|p2a: Weezing\n|-supereffective|p2a: Weezing\n|-damage|p2a: Weezing|0 fnt\n|faint|p2a: Weezing\n|-end|p2a: Weezing|ability: Neutralizing Gas\n|-activate|p1a: Kingambit|ability: Supreme Overlord\n|-start|p1a: Kingambit|fallen3|[silent]\n|\n|-heal|p1a: Kingambit|64\/100 brn|[from] item: Leftovers\n|-damage|p1a: Kingambit|58\/100 brn|[from] brn\n|upkeep\n|\n|t:|1699934277\n|switch|p2a: Meowscarada|Meowscarada, F|100\/100\n|-activate|p2a: Meowscarada|move: Sticky Web\n|-unboost|p2a: Meowscarada|spe|1\n|turn|18\n|\n|t:|1699934282\n|move|p1a: Kingambit|Sucker Punch|p2a: Meowscarada\n|-resisted|p2a: Meowscarada\n|-damage|p2a: Meowscarada|55\/100\n|move|p2a: Meowscarada|U-turn|p1a: Kingambit\n|-start|p2a: Meowscarada|typechange|Bug|[from] ability: Protean\n|-damage|p1a: Kingambit|36\/100 brn\n|\n|t:|1699934286\n|switch|p2a: Azumarill|Azumarill, F|59\/100|[from] U-turn\n|-activate|p2a: Azumarill|move: Sticky Web\n|-unboost|p2a: Azumarill|spe|1\n|\n|-heal|p1a: Kingambit|43\/100 brn|[from] item: Leftovers\n|-damage|p1a: Kingambit|36\/100 brn|[from] brn\n|upkeep\n|turn|19\n|\n|t:|1699934288\n|move|p2a: Azumarill|Aqua Jet|p1a: Kingambit\n|-damage|p1a: Kingambit|11\/100 brn\n|move|p1a: Kingambit|Iron Head|p2a: Azumarill\n|-damage|p2a: Azumarill|0 fnt\n|faint|p2a: Azumarill\n|\n|-heal|p1a: Kingambit|17\/100 brn|[from] item: Leftovers\n|-damage|p1a: Kingambit|11\/100 brn|[from] brn\n|upkeep\n|\n|t:|1699934291\n|switch|p2a: Meowscarada|Meowscarada, F|55\/100\n|-activate|p2a: Meowscarada|move: Sticky Web\n|-unboost|p2a: Meowscarada|spe|1\n|turn|20\n|\n|t:|1699934293\n|move|p1a: Kingambit|Sucker Punch|p2a: Meowscarada\n|-resisted|p2a: Meowscarada\n|-damage|p2a: Meowscarada|16\/100\n|move|p2a: Meowscarada|U-turn|p1a: Kingambit\n|-start|p2a: Meowscarada|typechange|Bug|[from] ability: Protean\n|-damage|p1a: Kingambit|0 fnt\n|faint|p1a: Kingambit\n|-end|p1a: Kingambit|fallen3|[silent]\n|\n|t:|1699934295\n|switch|p2a: Hoopa|Hoopa-Unbound|100\/100|[from] U-turn\n|-activate|p2a: Hoopa|move: Sticky Web\n|-unboost|p2a: Hoopa|spe|1\n|\n|upkeep\n|\n|t:|1699934298\n|switch|p1a: Broken|Ogerpon-Wellspring-Tera, F, tera:Water|4\/100\n|-ability|p1a: Broken|Embody Aspect (Wellspring)|boost\n|-boost|p1a: Broken|spd|1\n|turn|21\n|\n|t:|1699934305\n|move|p1a: Broken|Ivy Cudgel|p2a: Hoopa\n|-damage|p2a: Hoopa|0 fnt\n|faint|p2a: Hoopa\n|\n|upkeep\n|\n|t:|1699934307\n|switch|p2a: Meowscarada|Meowscarada, F|16\/100\n|-activate|p2a: Meowscarada|move: Sticky Web\n|-unboost|p2a: Meowscarada|spe|1\n|turn|22\n|\n|t:|1699934310\n|move|p2a: Meowscarada|Flower Trick|p1a: Broken\n|-start|p2a: Meowscarada|typechange|Grass|[from] ability: Protean\n|-supereffective|p1a: Broken\n|-crit|p1a: Broken\n|-damage|p1a: Broken|0 fnt\n|faint|p1a: Broken\n|\n|upkeep\n|\n|t:|1699934312\n|switch|p1a: Coalossal|Coalossal, F|100\/100\n|turn|23\n|\n|t:|1699934319\n|move|p2a: Meowscarada|Flower Trick|p1a: Coalossal\n|-crit|p1a: Coalossal\n|-damage|p1a: Coalossal|69\/100\n|move|p1a: Coalossal|Power Gem|p2a: Meowscarada\n|-damage|p2a: Meowscarada|0 fnt\n|faint|p2a: Meowscarada\n|\n|win|BattleBlazikenVGC\n|raw|BattleBlazikenVGC's rating: 1561 &rarr; <strong>1584<\/strong><br \/>(+23 for winning)\n|raw|dia-sre's rating: 1608 &rarr; <strong>1585<\/strong><br \/>(-23 for losing)\n|l|\u2606dia-sre\n","uploadtime":1699934333,"views":13,"p1id":"battleblazikenvgc","p2id":"diasre","formatid":"gen9ou","rating":1584,"private":0,"password":""}