{"id":"gen9ou-2000120672","p1":"Ordmas","p2":"hheheheheh","format":"[Gen 9] OU","log":"|j|\u2606Ordmas\n|j|\u2606hheheheheh\n|t:|1701158538\n|gametype|singles\n|player|p1|Ordmas|rocketgruntf|1053\n|player|p2|hheheheheh|caitlin|1000\n|teamsize|p1|6\n|teamsize|p2|6\n|gen|9\n|tier|[Gen 9] OU\n|rated|\n|rule|Sleep Clause Mod: Limit one foe put to sleep\n|rule|Species Clause: Limit one of each Pok\u00e9mon\n|rule|OHKO Clause: OHKO moves are banned\n|rule|Evasion Items Clause: Evasion items are banned\n|rule|Evasion Moves Clause: Evasion moves are banned\n|rule|Endless Battle Clause: Forcing endless battles is banned\n|rule|HP Percentage Mod: HP is shown in percentages\n|clearpoke\n|poke|p1|Ribombee, F|\n|poke|p1|Garchomp, F|\n|poke|p1|Greninja-*, M|\n|poke|p1|Zapdos|\n|poke|p1|Jirachi|\n|poke|p1|Gengar, M|\n|poke|p2|Kingambit, M|\n|poke|p2|Ribombee, M|\n|poke|p2|Hatterene, F|\n|poke|p2|Cinderace, M|\n|poke|p2|Gholdengo|\n|poke|p2|Great Tusk|\n|teampreview\n|inactive|Battle timer is ON: inactive players will automatically lose when time's up. (requested by hheheheheh)\n|\n|t:|1701158545\n|start\n|switch|p1a: Feechka|Ribombee, F|100\/100\n|switch|p2a: Cinderace|Cinderace, M, shiny|100\/100\n|turn|1\n|\n|t:|1701158554\n|move|p1a: Feechka|Sticky Web|p2a: Cinderace\n|-sidestart|p2: hheheheheh|move: Sticky Web\n|move|p2a: Cinderace|Pyro Ball|p1a: Feechka\n|-supereffective|p1a: Feechka\n|-enditem|p1a: Feechka|Focus Sash\n|-damage|p1a: Feechka|1\/100\n|\n|upkeep\n|turn|2\n|\n|t:|1701158563\n|move|p1a: Feechka|Stun Spore|p2a: Cinderace\n|-status|p2a: Cinderace|par\n|move|p2a: Cinderace|Pyro Ball|p1a: Feechka\n|-supereffective|p1a: Feechka\n|-damage|p1a: Feechka|0 fnt\n|faint|p1a: Feechka\n|\n|upkeep\n|\n|t:|1701158582\n|switch|p1a: Ten'|Greninja, M|100\/100\n|turn|3\n|\n|t:|1701158586\n|move|p1a: Ten'|Surf|p2a: Cinderace\n|-supereffective|p2a: Cinderace\n|-damage|p2a: Cinderace|0 fnt\n|faint|p2a: Cinderace\n|-ability|p1a: Ten'|Battle Bond|boost\n|-boost|p1a: Ten'|atk|1\n|-boost|p1a: Ten'|spa|1\n|-boost|p1a: Ten'|spe|1\n|-activate|p1a: Ten'|ability: Battle Bond\n|-damage|p1a: Ten'|91\/100|[from] item: Life Orb\n|\n|upkeep\n|\n|t:|1701158596\n|switch|p2a: Great Tusk|Great Tusk, shiny|100\/100\n|turn|4\n|\n|t:|1701158602\n|-terastallize|p2a: Great Tusk|Steel\n|move|p1a: Ten'|Surf|p2a: Great Tusk\n|-damage|p2a: Great Tusk|0 fnt\n|faint|p2a: Great Tusk\n|-end|p2a: Great Tusk|Protosynthesis|[silent]\n|-damage|p1a: Ten'|81\/100|[from] item: Life Orb\n|\n|upkeep\n|\n|t:|1701158607\n|switch|p2a: Kingambit|Kingambit, M, shiny|100\/100\n|-activate|p2a: Kingambit|move: Sticky Web\n|-unboost|p2a: Kingambit|spe|1\n|-ability|p2a: Kingambit|Defiant|boost\n|-boost|p2a: Kingambit|atk|2\n|turn|5\n|\n|t:|1701158620\n|move|p2a: Kingambit|Sucker Punch|p1a: Ten'\n|-resisted|p1a: Ten'\n|-damage|p1a: Ten'|18\/100\n|move|p1a: Ten'|Surf|p2a: Kingambit\n|-damage|p2a: Kingambit|32\/100\n|-damage|p1a: Ten'|8\/100|[from] item: Life Orb\n|\n|-heal|p2a: Kingambit|38\/100|[from] item: Leftovers\n|upkeep\n|turn|6\n|\n|t:|1701158636\n|move|p1a: Ten'|Surf|p2a: Kingambit\n|-damage|p2a: Kingambit|0 fnt\n|faint|p2a: Kingambit\n|-damage|p1a: Ten'|0 fnt|[from] item: Life Orb\n|faint|p1a: Ten'\n|\n|upkeep\n|\n|t:|1701158653\n|switch|p1a: Sintia|Garchomp, F|100\/100\n|switch|p2a: Gholdengo|Gholdengo, shiny|100\/100\n|-activate|p2a: Gholdengo|move: Sticky Web\n|-unboost|p2a: Gholdengo|spe|1\n|turn|7\n|\n|t:|1701158667\n|move|p1a: Sintia|Earthquake|p2a: Gholdengo\n|-supereffective|p2a: Gholdengo\n|-damage|p2a: Gholdengo|0 fnt\n|faint|p2a: Gholdengo\n|\n|upkeep\n|\n|t:|1701158672\n|switch|p2a: Hatterene|Hatterene, F, shiny|100\/100\n|-activate|p2a: Hatterene|move: Sticky Web\n|-unboost|p2a: Hatterene|spe|1\n|turn|8\n|\n|t:|1701158681\n|switch|p1a: Wisha|Jirachi|100\/100\n|move|p2a: Hatterene|Draining Kiss|p1a: Wisha\n|-resisted|p1a: Wisha\n|-damage|p1a: Wisha|90\/100\n|\n|-heal|p1a: Wisha|96\/100|[from] item: Leftovers\n|upkeep\n|turn|9\n|\n|t:|1701158698\n|move|p1a: Wisha|Iron Head|p2a: Hatterene\n|-supereffective|p2a: Hatterene\n|-damage|p2a: Hatterene|34\/100\n|cant|p2a: Hatterene|flinch\n|\n|-heal|p1a: Wisha|100\/100|[from] item: Leftovers\n|-heal|p2a: Hatterene|40\/100|[from] item: Leftovers\n|upkeep\n|turn|10\n|-message|hheheheheh forfeited.\n|\n|win|Ordmas\n|raw|Ordmas's rating: 1053 &rarr; <strong>1080<\/strong><br \/>(+27 for winning)\n|raw|hheheheheh's rating: 1000 &rarr; <strong>1000<\/strong><br \/>(+0 for losing)\n|l|\u2606hheheheheh\n","uploadtime":1701158709,"views":4,"p1id":"ordmas","p2id":"hheheheheh","formatid":"gen9ou","rating":1000,"private":0,"password":""}