{"id":"gen9ou-1993668205","p1":"the cringelord zbz","p2":"mathismathin","format":"[Gen 9] OU","log":"|j|\u2606the cringelord zbz\n|j|\u2606mathismathin\n|t:|1700343521\n|gametype|singles\n|player|p1|the cringelord zbz|guzma|1630\n|player|p2|mathismathin|nate|1760\n|teamsize|p1|6\n|teamsize|p2|6\n|gen|9\n|tier|[Gen 9] OU\n|rated|\n|rule|Sleep Clause Mod: Limit one foe put to sleep\n|rule|Species Clause: Limit one of each Pok\u00e9mon\n|rule|OHKO Clause: OHKO moves are banned\n|rule|Evasion Items Clause: Evasion items are banned\n|rule|Evasion Moves Clause: Evasion moves are banned\n|rule|Endless Battle Clause: Forcing endless battles is banned\n|rule|HP Percentage Mod: HP is shown in percentages\n|clearpoke\n|poke|p1|Hatterene, F|\n|poke|p1|Cresselia, F|\n|poke|p1|Azumarill, M|\n|poke|p1|Ursaluna, M|\n|poke|p1|Iron Hands|\n|poke|p1|Hoopa-Unbound|\n|poke|p2|Wo-Chien|\n|poke|p2|Weezing-Galar, M|\n|poke|p2|Blissey, F|\n|poke|p2|Cyclizar, M|\n|poke|p2|Alomomola, M|\n|poke|p2|Corviknight, M|\n|teampreview\n|inactive|Battle timer is ON: inactive players will automatically lose when time's up. (requested by the cringelord zbz)\n|j| srtyjj\n|\n|t:|1700343536\n|start\n|switch|p1a: Hatterene|Hatterene, F|100\/100\n|switch|p2a: Cyclizar|Cyclizar, M|100\/100\n|turn|1\n|j| SandGetsEverywhere\n|\n|t:|1700343540\n|move|p2a: Cyclizar|Knock Off|p1a: Hatterene\n|-damage|p1a: Hatterene|79\/100\n|-enditem|p1a: Hatterene|Babiri Berry|[from] move: Knock Off|[of] p2a: Cyclizar\n|move|p1a: Hatterene|Trick Room|p1a: Hatterene\n|-fieldstart|move: Trick Room|[of] p1a: Hatterene\n|\n|upkeep\n|turn|2\n|j| Swamprattata\n|\n|t:|1700343550\n|switch|p2a: Alomomola|Alomomola, M|100\/100\n|move|p1a: Hatterene|Healing Wish|p1a: Hatterene\n|faint|p1a: Hatterene\n|\n|upkeep\n|\n|t:|1700343560\n|switch|p1a: Iron Hands|Iron Hands|100\/100\n|turn|3\n|j| SwabbyYabby\n|\n|t:|1700343564\n|move|p2a: Alomomola|Protect|p2a: Alomomola\n|-singleturn|p2a: Alomomola|Protect\n|move|p1a: Iron Hands|Swords Dance|p1a: Iron Hands\n|-boost|p1a: Iron Hands|atk|2\n|\n|upkeep\n|turn|4\n|\n|t:|1700343570\n|-terastallize|p2a: Alomomola|Ghost\n|move|p1a: Iron Hands|Wild Charge|p2a: Alomomola\n|-damage|p2a: Alomomola|39\/100\n|-damage|p1a: Iron Hands|86\/100|[from] Recoil\n|move|p2a: Alomomola|Flip Turn|p1a: Iron Hands\n|-damage|p1a: Iron Hands|75\/100\n|\n|t:|1700343575\n|switch|p2a: Weezing|Weezing-Galar, M|100\/100|[from] Flip Turn\n|-ability|p2a: Weezing|Neutralizing Gas\n|\n|-heal|p1a: Iron Hands|82\/100|[from] item: Leftovers\n|upkeep\n|turn|5\n|\n|t:|1700343587\n|-end|p1a: Iron Hands|Quark Drive|[silent]\n|switch|p1a: Ursaluna|Ursaluna, M|100\/100\n|move|p2a: Weezing|Will-O-Wisp|p1a: Ursaluna\n|-status|p1a: Ursaluna|brn\n|\n|-damage|p1a: Ursaluna|94\/100 brn|[from] brn\n|-fieldend|move: Trick Room\n|upkeep\n|turn|6\n|l| SandGetsEverywhere\n|\n|t:|1700343600\n|-end|p2a: Weezing|ability: Neutralizing Gas\n|switch|p2a: Wo-Chien|Wo-Chien|100\/100\n|-ability|p2a: Wo-Chien|Tablets of Ruin\n|move|p1a: Ursaluna|Swords Dance|p1a: Ursaluna\n|-boost|p1a: Ursaluna|atk|2\n|\n|-damage|p1a: Ursaluna|88\/100 brn|[from] brn\n|upkeep\n|turn|7\n|\n|t:|1700343604\n|move|p2a: Wo-Chien|Reflect|p2a: Wo-Chien\n|-sidestart|p2: mathismathin|Reflect\n|move|p1a: Ursaluna|Facade|p2a: Wo-Chien\n|-damage|p2a: Wo-Chien|36\/100\n|\n|-heal|p2a: Wo-Chien|42\/100|[from] item: Leftovers\n|-damage|p1a: Ursaluna|82\/100 brn|[from] brn\n|upkeep\n|turn|8\n|\n|t:|1700343613\n|move|p2a: Wo-Chien|Foul Play|p1a: Ursaluna\n|-damage|p1a: Ursaluna|2\/100 brn\n|move|p1a: Ursaluna|Facade|p2a: Wo-Chien\n|-damage|p2a: Wo-Chien|0 fnt\n|faint|p2a: Wo-Chien\n|\n|-damage|p1a: Ursaluna|0 fnt|[from] brn\n|faint|p1a: Ursaluna\n|upkeep\n|\n|t:|1700343620\n|switch|p2a: Cyclizar|Cyclizar, M|100\/100\n|switch|p1a: Cresselia|Cresselia, F|100\/100\n|turn|9\n|\n|t:|1700343628\n|move|p2a: Cyclizar|Knock Off|p1a: Cresselia\n|-supereffective|p1a: Cresselia\n|-crit|p1a: Cresselia\n|-damage|p1a: Cresselia|68\/100\n|-enditem|p1a: Cresselia|Mental Herb|[from] move: Knock Off|[of] p2a: Cyclizar\n|move|p1a: Cresselia|Trick Room|p1a: Cresselia\n|-fieldstart|move: Trick Room|[of] p1a: Cresselia\n|\n|upkeep\n|turn|10\n|\n|t:|1700343632\n|move|p1a: Cresselia|Lunar Dance|p1a: Cresselia\n|faint|p1a: Cresselia\n|move|p2a: Cyclizar|U-turn|p1: Cresselia|[notarget]\n|-fail|p2a: Cyclizar\n|\n|upkeep\n|\n|t:|1700343637\n|switch|p1a: Azumarill|Azumarill, M|100\/100\n|turn|11\n|\n|t:|1700343640\n|switch|p2a: Weezing|Weezing-Galar, M|100\/100\n|-ability|p2a: Weezing|Neutralizing Gas\n|move|p1a: Azumarill|Belly Drum|p1a: Azumarill\n|-damage|p1a: Azumarill|50\/100\n|-setboost|p1a: Azumarill|atk|6|[from] move: Belly Drum\n|-enditem|p1a: Azumarill|Sitrus Berry|[eat]\n|-heal|p1a: Azumarill|75\/100|[from] item: Sitrus Berry\n|\n|-sideend|p2: mathismathin|Reflect\n|upkeep\n|turn|12\n|\n|t:|1700343654\n|-terastallize|p1a: Azumarill|Water\n|move|p1a: Azumarill|Liquidation|p2a: Weezing\n|-damage|p2a: Weezing|8\/100\n|move|p2a: Weezing|Will-O-Wisp|p1a: Azumarill\n|-status|p1a: Azumarill|brn\n|\n|-damage|p1a: Azumarill|69\/100 brn|[from] brn\n|upkeep\n|turn|13\n|\n|t:|1700343662\n|-end|p2a: Weezing|ability: Neutralizing Gas\n|switch|p2a: Blissey|Blissey, F|100\/100\n|move|p1a: Azumarill|Liquidation|p2a: Blissey\n|-damage|p2a: Blissey|0 fnt\n|faint|p2a: Blissey\n|\n|-damage|p1a: Azumarill|63\/100 brn|[from] brn\n|-fieldend|move: Trick Room\n|upkeep\n|\n|t:|1700343665\n|switch|p2a: Corviknight|Corviknight, M|100\/100\n|-ability|p2a: Corviknight|Pressure\n|turn|14\n|\n|t:|1700343668\n|move|p2a: Corviknight|Iron Defense|p2a: Corviknight\n|-boost|p2a: Corviknight|def|2\n|move|p1a: Azumarill|Liquidation|p2a: Corviknight\n|-damage|p2a: Corviknight|54\/100\n|-unboost|p2a: Corviknight|def|1\n|\n|-heal|p2a: Corviknight|60\/100|[from] item: Leftovers\n|-damage|p1a: Azumarill|57\/100 brn|[from] brn\n|upkeep\n|turn|15\n|\n|t:|1700343674\n|move|p2a: Corviknight|Iron Defense|p2a: Corviknight\n|-boost|p2a: Corviknight|def|2\n|move|p1a: Azumarill|Liquidation|p2a: Corviknight\n|-damage|p2a: Corviknight|22\/100\n|\n|-heal|p2a: Corviknight|29\/100|[from] item: Leftovers\n|-damage|p1a: Azumarill|51\/100 brn|[from] brn\n|upkeep\n|turn|16\n|\n|t:|1700343678\n|switch|p1a: Hoopa|Hoopa-Unbound|100\/100\n|move|p2a: Corviknight|Roost|p2a: Corviknight\n|-heal|p2a: Corviknight|78\/100\n|-singleturn|p2a: Corviknight|move: Roost\n|\n|-heal|p2a: Corviknight|85\/100|[from] item: Leftovers\n|upkeep\n|turn|17\n|\n|t:|1700343682\n|move|p2a: Corviknight|Body Press|p1a: Hoopa\n|-enditem|p1a: Hoopa|Focus Sash\n|-damage|p1a: Hoopa|1\/100\n|move|p1a: Hoopa|Trick Room|p1a: Hoopa\n|-fieldstart|move: Trick Room|[of] p1a: Hoopa\n|\n|-heal|p2a: Corviknight|91\/100|[from] item: Leftovers\n|upkeep\n|turn|18\n|j| Magmarpanzer\n|\n|t:|1700343690\n|move|p1a: Hoopa|Hyperspace Fury|p2a: Corviknight\n|-damage|p2a: Corviknight|74\/100\n|-unboost|p1a: Hoopa|def|1\n|-item|p1a: Hoopa|Leftovers|[from] ability: Magician|[of] p2a: Corviknight\n|move|p2a: Corviknight|Roost|p2a: Corviknight\n|-heal|p2a: Corviknight|100\/100\n|-singleturn|p2a: Corviknight|move: Roost\n|\n|-heal|p1a: Hoopa|7\/100|[from] item: Leftovers\n|upkeep\n|turn|19\n|\n|t:|1700343699\n|move|p1a: Hoopa|Hyperspace Fury|p2a: Corviknight\n|-damage|p2a: Corviknight|83\/100\n|-unboost|p1a: Hoopa|def|1\n|move|p2a: Corviknight|Iron Defense|p2a: Corviknight\n|-boost|p2a: Corviknight|def|2\n|\n|-heal|p1a: Hoopa|13\/100|[from] item: Leftovers\n|upkeep\n|turn|20\n|\n|t:|1700343706\n|switch|p1a: Azumarill|Azumarill, M, tera:Water|51\/100 brn\n|-heal|p1a: Azumarill|100\/100|[from] move: Healing Wish\n|-heal|p1a: Azumarill|100\/100|[from] move: Lunar Dance\n|move|p2a: Corviknight|Iron Defense|p2a: Corviknight\n|-boost|p2a: Corviknight|def|1\n|\n|upkeep\n|turn|21\n|\n|t:|1700343712\n|move|p1a: Azumarill|Belly Drum|p1a: Azumarill\n|-damage|p1a: Azumarill|50\/100\n|-setboost|p1a: Azumarill|atk|6|[from] move: Belly Drum\n|move|p2a: Corviknight|Body Press|p1a: Azumarill\n|-damage|p1a: Azumarill|0 fnt\n|faint|p1a: Azumarill\n|\n|-fieldend|move: Trick Room\n|upkeep\n|\n|t:|1700343716\n|switch|p1a: Iron Hands|Iron Hands|82\/100\n|turn|22\n|l| Swamprattata\n|\n|t:|1700343718\n|move|p2a: Corviknight|Body Press|p1a: Iron Hands\n|-damage|p1a: Iron Hands|26\/100\n|move|p1a: Iron Hands|Wild Charge|p2a: Corviknight\n|-supereffective|p2a: Corviknight\n|-damage|p2a: Corviknight|65\/100\n|-damage|p1a: Iron Hands|23\/100|[from] Recoil\n|\n|-heal|p1a: Iron Hands|29\/100|[from] item: Leftovers\n|upkeep\n|turn|23\n|-message|the cringelord zbz forfeited.\n|\n|win|mathismathin\n|raw|the cringelord zbz's rating: 1630 &rarr; <strong>1617<\/strong><br \/>(-13 for losing)\n|raw|mathismathin's rating: 1760 &rarr; <strong>1773<\/strong><br \/>(+13 for winning)\n|l|\u2606the cringelord zbz\n","uploadtime":1700343727,"views":10,"p1id":"thecringelordzbz","p2id":"mathismathin","formatid":"gen9ou","rating":1617,"private":0,"password":""}