{"id":"gen9ou-1994805047","p1":"almirante pato","p2":"hagagags","format":"[Gen 9] OU","log":"|j|\u2606almirante pato\n|j|\u2606hagagags\n|t:|1700494434\n|gametype|singles\n|player|p1|almirante pato|brawly|\n|player|p2|hagagags|rocketgrunt|\n|teamsize|p1|6\n|teamsize|p2|6\n|gen|9\n|tier|[Gen 9] OU\n|rule|Sleep Clause Mod: Limit one foe put to sleep\n|rule|Species Clause: Limit one of each Pok\u00e9mon\n|rule|OHKO Clause: OHKO moves are banned\n|rule|Evasion Items Clause: Evasion items are banned\n|rule|Evasion Moves Clause: Evasion moves are banned\n|rule|Endless Battle Clause: Forcing endless battles is banned\n|rule|HP Percentage Mod: HP is shown in percentages\n|clearpoke\n|poke|p1|Carbink|\n|poke|p1|Toxicroak, F|\n|poke|p1|Pyroar, F|\n|poke|p1|Probopass, M|\n|poke|p1|Illumise, F|\n|poke|p1|Sawsbuck, M|\n|poke|p2|Dachsbun, F|\n|poke|p2|Revavroom, M|\n|poke|p2|Vespiquen, F|\n|poke|p2|Muk, M|\n|poke|p2|Electrode-Hisui|\n|poke|p2|Magcargo, F|\n|teampreview\n|\n|t:|1700494442\n|start\n|switch|p1a: Carbink|Carbink|100\/100\n|switch|p2a: Electrode|Electrode-Hisui, shiny|100\/100\n|turn|1\n|\n|t:|1700494451\n|move|p2a: Electrode|Taunt|p1a: Carbink\n|-start|p1a: Carbink|move: Taunt\n|cant|p1a: Carbink|move: Taunt|Reflect\n|\n|upkeep\n|turn|2\n|\n|t:|1700494458\n|switch|p2a: Revavroom|Revavroom, M, shiny|100\/100\n|move|p1a: Carbink|Body Press|p2a: Revavroom\n|-damage|p2a: Revavroom|64\/100\n|\n|upkeep\n|turn|3\n|\n|t:|1700494470\n|switch|p2a: Vespiquen|Vespiquen, F, shiny|100\/100\n|-ability|p2a: Vespiquen|Pressure\n|move|p1a: Carbink|Gyro Ball|p2a: Vespiquen\n|-damage|p2a: Vespiquen|97\/100\n|\n|-end|p1a: Carbink|move: Taunt\n|upkeep\n|turn|4\n|\n|t:|1700494480\n|move|p2a: Vespiquen|Toxic|p1a: Carbink\n|-status|p1a: Carbink|tox\n|move|p1a: Carbink|Light Screen|p1a: Carbink\n|-sidestart|p1: almirante pato|move: Light Screen\n|\n|-damage|p1a: Carbink|94\/100 tox|[from] psn\n|upkeep\n|turn|5\n|\n|t:|1700494487\n|move|p2a: Vespiquen|Spikes|p1a: Carbink\n|-sidestart|p1: almirante pato|Spikes\n|move|p1a: Carbink|Reflect|p1a: Carbink\n|-sidestart|p1: almirante pato|Reflect\n|\n|-damage|p1a: Carbink|82\/100 tox|[from] psn\n|upkeep\n|turn|6\n|\n|t:|1700494493\n|move|p2a: Vespiquen|Spikes|p1a: Carbink\n|-sidestart|p1: almirante pato|Spikes\n|move|p1a: Carbink|Body Press|p2a: Vespiquen\n|-resisted|p2a: Vespiquen\n|-damage|p2a: Vespiquen|91\/100\n|\n|-damage|p1a: Carbink|63\/100 tox|[from] psn\n|upkeep\n|turn|7\n|\n|t:|1700494502\n|switch|p1a: Pyroar|Pyroar, F|100\/100\n|-damage|p1a: Pyroar|84\/100|[from] Spikes\n|move|p2a: Vespiquen|Spikes|p1a: Pyroar\n|-sidestart|p1: almirante pato|Spikes\n|\n|upkeep\n|turn|8\n|\n|t:|1700494511\n|switch|p2a: Dachsbun|Dachsbun, F, shiny|100\/100\n|move|p1a: Pyroar|Overheat|p2a: Dachsbun\n|-ability|p2a: Dachsbun|Well-Baked Body|boost\n|-boost|p2a: Dachsbun|def|2\n|\n|upkeep\n|turn|9\n|\n|t:|1700494528\n|switch|p1a: Probopass|Probopass, M|100\/100\n|-damage|p1a: Probopass|76\/100|[from] Spikes\n|move|p2a: Dachsbun|Wish|p2a: Dachsbun\n|\n|-heal|p1a: Probopass|82\/100|[from] item: Leftovers\n|upkeep\n|turn|10\n|\n|t:|1700494540\n|move|p2a: Dachsbun|Body Press|p1a: Probopass\n|-supereffective|p1a: Probopass\n|-damage|p1a: Probopass|0 fnt\n|faint|p1a: Probopass\n|\n|upkeep\n|\n|t:|1700494546\n|switch|p1a: Illumise|Illumise, F|100\/100\n|-damage|p1a: Illumise|76\/100|[from] Spikes\n|turn|11\n|\n|t:|1700494553\n|move|p1a: Illumise|Tailwind|p1a: Illumise\n|-sidestart|p1: almirante pato|move: Tailwind\n|move|p2a: Dachsbun|Wish|p2a: Dachsbun\n|\n|-sideend|p1: almirante pato|move: Light Screen\n|upkeep\n|turn|12\n|\n|t:|1700494566\n|switch|p1a: Sawsbuck|Sawsbuck, M|100\/100\n|-damage|p1a: Sawsbuck|75\/100|[from] Spikes\n|move|p2a: Dachsbun|Body Press|p1a: Sawsbuck\n|-supereffective|p1a: Sawsbuck\n|-damage|p1a: Sawsbuck|11\/100\n|\n|-sideend|p1: almirante pato|Reflect\n|upkeep\n|turn|13\n|\n|t:|1700494577\n|move|p1a: Sawsbuck|Horn Leech|p2a: Dachsbun\n|-damage|p2a: Dachsbun|85\/100\n|-heal|p1a: Sawsbuck|18\/100|[from] drain|[of] p2a: Dachsbun\n|-damage|p1a: Sawsbuck|1\/100|[from] item: Rocky Helmet|[of] p2a: Dachsbun\n|move|p2a: Dachsbun|Wish|p2a: Dachsbun\n|\n|upkeep\n|turn|14\n|\n|t:|1700494588\n|move|p1a: Sawsbuck|Shadow Ball|p2a: Dachsbun\n|-damage|p2a: Dachsbun|70\/100\n|move|p2a: Dachsbun|Body Press|p1a: Sawsbuck\n|-supereffective|p1a: Sawsbuck\n|-damage|p1a: Sawsbuck|0 fnt\n|faint|p1a: Sawsbuck\n|\n|-heal|p2a: Dachsbun|100\/100|[from] move: Wish|[wisher] Dachsbun\n|-sideend|p1: almirante pato|move: Tailwind\n|upkeep\n|\n|t:|1700494598\n|switch|p1a: Carbink|Carbink|63\/100 tox\n|-damage|p1a: Carbink|38\/100 tox|[from] Spikes\n|turn|15\n|\n|t:|1700494604\n|move|p2a: Dachsbun|Wish|p2a: Dachsbun\n|move|p1a: Carbink|Body Press|p2a: Dachsbun\n|-resisted|p2a: Dachsbun\n|-damage|p2a: Dachsbun|95\/100\n|-damage|p1a: Carbink|22\/100 tox|[from] item: Rocky Helmet|[of] p2a: Dachsbun\n|\n|-damage|p1a: Carbink|15\/100 tox|[from] psn\n|upkeep\n|turn|16\n|\n|t:|1700494613\n|move|p2a: Dachsbun|Body Press|p1a: Carbink\n|-damage|p1a: Carbink|0 fnt\n|faint|p1a: Carbink\n|\n|-heal|p2a: Dachsbun|100\/100|[from] move: Wish|[wisher] Dachsbun\n|upkeep\n|\n|t:|1700494622\n|switch|p1a: Illumise|Illumise, F|76\/100\n|-damage|p1a: Illumise|51\/100|[from] Spikes\n|turn|17\n|\n|t:|1700494628\n|move|p1a: Illumise|Tailwind|p1a: Illumise\n|-sidestart|p1: almirante pato|move: Tailwind\n|move|p2a: Dachsbun|Wish|p2a: Dachsbun\n|\n|upkeep\n|turn|18\n|\n|t:|1700494633\n|switch|p1a: Toxicroak|Toxicroak, F|100\/100\n|-damage|p1a: Toxicroak|76\/100|[from] Spikes\n|move|p2a: Dachsbun|Body Press|p1a: Toxicroak\n|-resisted|p1a: Toxicroak\n|-damage|p1a: Toxicroak|35\/100\n|\n|upkeep\n|turn|19\n|\n|t:|1700494660\n|-terastallize|p2a: Dachsbun|Steel\n|move|p1a: Toxicroak|Fake Out|p2a: Dachsbun\n|-resisted|p2a: Dachsbun\n|-damage|p2a: Dachsbun|98\/100\n|-damage|p1a: Toxicroak|18\/100|[from] item: Rocky Helmet|[of] p2a: Dachsbun\n|cant|p2a: Dachsbun|flinch\n|\n|upkeep\n|turn|20\n|\n|t:|1700494673\n|move|p1a: Toxicroak|Cross Chop|p2a: Dachsbun\n|-supereffective|p2a: Dachsbun\n|-damage|p2a: Dachsbun|65\/100\n|-damage|p1a: Toxicroak|2\/100|[from] item: Rocky Helmet|[of] p2a: Dachsbun\n|move|p2a: Dachsbun|Wish|p2a: Dachsbun\n|\n|-sideend|p1: almirante pato|move: Tailwind\n|upkeep\n|turn|21\n|\n|t:|1700494685\n|move|p2a: Dachsbun|Protect|p2a: Dachsbun\n|-singleturn|p2a: Dachsbun|Protect\n|move|p1a: Toxicroak|Brick Break|p2a: Dachsbun\n|-activate|p2a: Dachsbun|move: Protect\n|\n|-heal|p2a: Dachsbun|100\/100|[from] move: Wish|[wisher] Dachsbun\n|upkeep\n|turn|22\n|\n|t:|1700494694\n|move|p2a: Dachsbun|Wish|p2a: Dachsbun\n|move|p1a: Toxicroak|Cross Chop|p2a: Dachsbun\n|-supereffective|p2a: Dachsbun\n|-damage|p2a: Dachsbun|66\/100\n|-damage|p1a: Toxicroak|0 fnt|[from] item: Rocky Helmet|[of] p2a: Dachsbun\n|faint|p1a: Toxicroak\n|\n|upkeep\n|\n|t:|1700494701\n|switch|p1a: Illumise|Illumise, F|51\/100\n|-damage|p1a: Illumise|26\/100|[from] Spikes\n|turn|23\n|\n|t:|1700494706\n|move|p1a: Illumise|Trick|p2a: Dachsbun\n|-activate|p1a: Illumise|move: Trick|[of] p2a: Dachsbun\n|-item|p2a: Dachsbun|Choice Scarf|[from] move: Trick\n|-item|p1a: Illumise|Rocky Helmet|[from] move: Trick\n|move|p2a: Dachsbun|Body Press|p1a: Illumise\n|-resisted|p1a: Illumise\n|-damage|p1a: Illumise|0 fnt\n|-damage|p2a: Dachsbun|49\/100|[from] item: Rocky Helmet|[of] p1a: Illumise\n|faint|p1a: Illumise\n|\n|-heal|p2a: Dachsbun|99\/100|[from] move: Wish|[wisher] Dachsbun\n|upkeep\n|\n|t:|1700494715\n|switch|p1a: Pyroar|Pyroar, F|84\/100\n|-damage|p1a: Pyroar|59\/100|[from] Spikes\n|turn|24\n|\n|t:|1700494726\n|move|p2a: Dachsbun|Body Press|p1a: Pyroar\n|-supereffective|p1a: Pyroar\n|-damage|p1a: Pyroar|0 fnt\n|faint|p1a: Pyroar\n|\n|win|hagagags\n","uploadtime":1700494733,"views":13,"p1id":"almirantepato","p2id":"hagagags","formatid":"gen9ou","rating":0,"private":0,"password":""}