{"id":"gen9ou-1993210700","p1":"Gatrekd","p2":"SkyN64","format":"[Gen 9] OU","log":"|j|\u2606Gatrekd\n|j|\u203dSkyN64\n|t:|1700278541\n|gametype|singles\n|player|p1|Gatrekd|palmer|1132\n|player|p2|SkyN64|volkner|1157\n|teamsize|p1|6\n|teamsize|p2|6\n|gen|9\n|tier|[Gen 9] OU\n|rated|\n|rule|Sleep Clause Mod: Limit one foe put to sleep\n|rule|Species Clause: Limit one of each Pok\u00e9mon\n|rule|OHKO Clause: OHKO moves are banned\n|rule|Evasion Items Clause: Evasion items are banned\n|rule|Evasion Moves Clause: Evasion moves are banned\n|rule|Endless Battle Clause: Forcing endless battles is banned\n|rule|HP Percentage Mod: HP is shown in percentages\n|clearpoke\n|poke|p1|Dragapult, F|\n|poke|p1|Garganacl, M|\n|poke|p1|Azumarill, F|\n|poke|p1|Sneasler, M|\n|poke|p1|Meowscarada, F|\n|poke|p1|Cinderace, F|\n|poke|p2|Krookodile, F|\n|poke|p2|Mienshao, M|\n|poke|p2|Cinderace, F|\n|poke|p2|Dragapult, M|\n|poke|p2|Leavanny, F|\n|poke|p2|Ninetales-Alola, M|\n|teampreview\n|c|\u2606Gatrekd|Glhf\n|inactive|Battle timer is ON: inactive players will automatically lose when time's up. (requested by SkyN64)\n|\n|t:|1700278560\n|start\n|switch|p1a: Cinderace|Cinderace, F|100\/100\n|switch|p2a: Leavanny|Leavanny, F|100\/100\n|turn|1\n|\n|t:|1700278585\n|switch|p2a: Dragapult|Dragapult, M|100\/100\n|move|p1a: Cinderace|Pyro Ball|p2a: Dragapult\n|-resisted|p2a: Dragapult\n|-damage|p2a: Dragapult|59\/100\n|\n|upkeep\n|turn|2\n|\n|t:|1700278600\n|move|p2a: Dragapult|U-turn|p1a: Cinderace\n|-resisted|p1a: Cinderace\n|-damage|p1a: Cinderace|88\/100\n|inactive|SkyN64 has 120 seconds left.\n|\n|t:|1700278612\n|switch|p2a: Krookodile|Krookodile, F|100\/100|[from] U-turn\n|move|p1a: Cinderace|Iron Head|p2a: Krookodile\n|-start|p1a: Cinderace|typechange|Steel|[from] ability: Libero\n|-damage|p2a: Krookodile|52\/100\n|\n|upkeep\n|turn|3\n|\n|t:|1700278620\n|switch|p1a: Meowscarada|Meowscarada, F|100\/100\n|move|p2a: Krookodile|Earthquake|p1a: Meowscarada\n|-resisted|p1a: Meowscarada\n|-damage|p1a: Meowscarada|63\/100\n|\n|upkeep\n|turn|4\n|\n|t:|1700278630\n|switch|p2a: Ninetales|Ninetales-Alola, M|100\/100\n|-weather|Snow|[from] ability: Snow Warning|[of] p2a: Ninetales\n|move|p1a: Meowscarada|Flower Trick|p2a: Ninetales\n|-start|p1a: Meowscarada|typechange|Grass|[from] ability: Protean\n|-crit|p2a: Ninetales\n|-damage|p2a: Ninetales|36\/100\n|-damage|p1a: Meowscarada|53\/100|[from] item: Life Orb\n|\n|-weather|Snow|[upkeep]\n|upkeep\n|turn|5\n|\n|t:|1700278643\n|move|p1a: Meowscarada|Flower Trick|p2a: Ninetales\n|-crit|p2a: Ninetales\n|-damage|p2a: Ninetales|0 fnt\n|faint|p2a: Ninetales\n|-damage|p1a: Meowscarada|43\/100|[from] item: Life Orb\n|\n|-weather|Snow|[upkeep]\n|upkeep\n|\n|t:|1700278658\n|switch|p2a: Cinderace|Cinderace, F|100\/100\n|turn|6\n|\n|t:|1700278668\n|switch|p1a: Garganacl|Garganacl, M|100\/100\n|move|p2a: Cinderace|Gunk Shot|p1a: Garganacl\n|-start|p2a: Cinderace|typechange|Poison|[from] ability: Libero\n|-resisted|p1a: Garganacl\n|-damage|p1a: Garganacl|80\/100\n|\n|-weather|Snow|[upkeep]\n|-heal|p1a: Garganacl|86\/100|[from] item: Leftovers\n|upkeep\n|turn|7\n|\n|t:|1700278684\n|move|p2a: Cinderace|Will-O-Wisp|p1a: Garganacl\n|-immune|p1a: Garganacl|[from] ability: Purifying Salt\n|move|p1a: Garganacl|Salt Cure|p2a: Cinderace\n|-damage|p2a: Cinderace|75\/100\n|-start|p2a: Cinderace|Salt Cure\n|\n|-weather|Snow|[upkeep]\n|-heal|p1a: Garganacl|92\/100|[from] item: Leftovers\n|-damage|p2a: Cinderace|62\/100|[from] Salt Cure\n|upkeep\n|turn|8\n|\n|t:|1700278695\n|switch|p2a: Leavanny|Leavanny, F|100\/100\n|move|p1a: Garganacl|Earthquake|p2a: Leavanny\n|-resisted|p2a: Leavanny\n|-damage|p2a: Leavanny|90\/100\n|\n|-weather|none\n|-heal|p1a: Garganacl|98\/100|[from] item: Leftovers\n|upkeep\n|turn|9\n|\n|t:|1700278710\n|switch|p1a: Cinderace|Cinderace, F|88\/100\n|move|p2a: Leavanny|Sticky Web|p1a: Cinderace\n|-sidestart|p1: Gatrekd|move: Sticky Web\n|\n|upkeep\n|turn|10\n|\n|t:|1700278717\n|switch|p2a: Krookodile|Krookodile, F|52\/100\n|move|p1a: Cinderace|Court Change|p1a: Cinderace\n|-start|p1a: Cinderace|typechange|Normal|[from] ability: Libero\n|-swapsideconditions\n|-activate|p1a: Cinderace|move: Court Change\n|\n|upkeep\n|turn|11\n|\n|t:|1700278727\n|move|p2a: Krookodile|Knock Off|p1a: Cinderace\n|-damage|p1a: Cinderace|17\/100\n|-enditem|p1a: Cinderace|Expert Belt|[from] move: Knock Off|[of] p2a: Krookodile\n|move|p1a: Cinderace|Pyro Ball|p2a: Krookodile\n|-damage|p2a: Krookodile|2\/100\n|\n|upkeep\n|turn|12\n|\n|t:|1700278743\n|move|p2a: Krookodile|Knock Off|p1a: Cinderace\n|-damage|p1a: Cinderace|0 fnt\n|faint|p1a: Cinderace\n|-ability|p2a: Krookodile|Moxie|boost\n|-boost|p2a: Krookodile|atk|1\n|\n|upkeep\n|\n|t:|1700278748\n|switch|p1a: Azumarill|Azumarill, F|100\/100\n|turn|13\n|\n|t:|1700278759\n|switch|p2a: Leavanny|Leavanny, F|90\/100\n|-activate|p2a: Leavanny|move: Sticky Web\n|-unboost|p2a: Leavanny|spe|1\n|move|p1a: Azumarill|Aqua Jet|p2a: Leavanny\n|-resisted|p2a: Leavanny\n|-damage|p2a: Leavanny|71\/100\n|\n|upkeep\n|turn|14\n|\n|t:|1700278776\n|switch|p1a: Sneasler|Sneasler, M|100\/100\n|-ability|p1a: Sneasler|Pressure\n|move|p2a: Leavanny|Switcheroo|p1a: Sneasler\n|-activate|p2a: Leavanny|move: Trick|[of] p1a: Sneasler\n|-item|p1a: Sneasler|Choice Scarf|[from] move: Switcheroo\n|-item|p2a: Leavanny|Black Sludge|[from] move: Switcheroo\n|\n|-damage|p2a: Leavanny|59\/100|[from] item: Black Sludge\n|upkeep\n|turn|15\n|\n|t:|1700278787\n|move|p1a: Sneasler|Dire Claw|p2a: Leavanny\n|-supereffective|p2a: Leavanny\n|-damage|p2a: Leavanny|0 fnt\n|faint|p2a: Leavanny\n|\n|upkeep\n|\n|t:|1700278807\n|switch|p2a: Dragapult|Dragapult, M|59\/100\n|-activate|p2a: Dragapult|move: Sticky Web\n|-unboost|p2a: Dragapult|spe|1\n|turn|16\n|\n|t:|1700278812\n|move|p1a: Sneasler|Dire Claw|p2a: Dragapult\n|-resisted|p2a: Dragapult\n|-damage|p2a: Dragapult|34\/100\n|-status|p2a: Dragapult|psn\n|move|p2a: Dragapult|Draco Meteor|p1a: Sneasler\n|-damage|p1a: Sneasler|15\/100\n|-unboost|p2a: Dragapult|spa|2\n|\n|-damage|p2a: Dragapult|21\/100 psn|[from] psn\n|upkeep\n|turn|17\n|\n|t:|1700278824\n|move|p1a: Sneasler|Dire Claw|p2a: Dragapult\n|-resisted|p2a: Dragapult\n|-damage|p2a: Dragapult|0 fnt\n|faint|p2a: Dragapult\n|\n|upkeep\n|\n|t:|1700278843\n|switch|p2a: Mienshao|Mienshao, M|100\/100\n|-activate|p2a: Mienshao|move: Sticky Web\n|-unboost|p2a: Mienshao|spe|1\n|turn|18\n|\n|t:|1700278851\n|-terastallize|p1a: Sneasler|Poison\n|move|p1a: Sneasler|Dire Claw|p2a: Mienshao\n|-damage|p2a: Mienshao|8\/100\n|-status|p2a: Mienshao|psn\n|move|p2a: Mienshao|Knock Off|p1a: Sneasler\n|-damage|p1a: Sneasler|0 fnt\n|-enditem|p1a: Sneasler|Choice Scarf|[from] move: Knock Off|[of] p2a: Mienshao\n|faint|p1a: Sneasler\n|-damage|p2a: Mienshao|0 fnt|[from] item: Life Orb\n|faint|p2a: Mienshao\n|\n|upkeep\n|\n|t:|1700278866\n|switch|p1a: Azumarill|Azumarill, F|100\/100\n|switch|p2a: Cinderace|Cinderace, F|62\/100\n|turn|19\n|\n|t:|1700278873\n|move|p2a: Cinderace|Will-O-Wisp|p1a: Azumarill\n|-status|p1a: Azumarill|brn\n|move|p1a: Azumarill|Belly Drum|p1a: Azumarill\n|-damage|p1a: Azumarill|50\/100 brn\n|-setboost|p1a: Azumarill|atk|6|[from] move: Belly Drum\n|-enditem|p1a: Azumarill|Sitrus Berry|[eat]\n|-heal|p1a: Azumarill|75\/100 brn|[from] item: Sitrus Berry\n|\n|-damage|p1a: Azumarill|69\/100 brn|[from] brn\n|upkeep\n|turn|20\n|\n|t:|1700278892\n|move|p1a: Azumarill|Aqua Jet|p2a: Cinderace\n|-supereffective|p2a: Cinderace\n|-damage|p2a: Cinderace|0 fnt\n|faint|p2a: Cinderace\n|\n|-damage|p1a: Azumarill|63\/100 brn|[from] brn\n|upkeep\n|-message|SkyN64 forfeited.\n|\n|win|Gatrekd\n|raw|Gatrekd's rating: 1132 &rarr; <strong>1159<\/strong><br \/>(+27 for winning)\n|raw|SkyN64's rating: 1157 &rarr; <strong>1130<\/strong><br \/>(-27 for losing)\n|l|\u203dSkyN64\n","uploadtime":1700278900,"views":24,"p1id":"gatrekd","p2id":"skyn64","formatid":"gen9ou","rating":1130,"private":0,"password":""}