{"id":"gen9ou-1988719571","p1":"TrueSkyKing","p2":"Usopp D Gawd","format":"[Gen 9] OU","log":"|j|\u2606TrueSkyKing\n|j|\u2606Usopp D Gawd\n|t:|1699754576\n|gametype|singles\n|player|p1|TrueSkyKing|red|\n|player|p2|Usopp D Gawd|blue|\n|teamsize|p1|6\n|teamsize|p2|6\n|gen|9\n|tier|[Gen 9] OU\n|rule|Sleep Clause Mod: Limit one foe put to sleep\n|rule|Species Clause: Limit one of each Pok\u00e9mon\n|rule|OHKO Clause: OHKO moves are banned\n|rule|Evasion Items Clause: Evasion items are banned\n|rule|Evasion Moves Clause: Evasion moves are banned\n|rule|Endless Battle Clause: Forcing endless battles is banned\n|rule|HP Percentage Mod: HP is shown in percentages\n|clearpoke\n|poke|p1|Weezing-Galar, M|\n|poke|p1|Dragapult, F|\n|poke|p1|Enamorus-Therian, F|\n|poke|p1|Alomomola, M|\n|poke|p1|Glimmora, F|\n|poke|p1|Quaquaval, F|\n|poke|p2|Great Tusk|\n|poke|p2|Dragapult, F|\n|poke|p2|Iron Moth|\n|poke|p2|Ogerpon-Wellspring, F|\n|poke|p2|Greninja-*, M|\n|poke|p2|Uxie|\n|teampreview\n|inactive|Battle timer is ON: inactive players will automatically lose when time's up. (requested by TrueSkyKing)\n|\n|t:|1699754588\n|start\n|switch|p1a: Delicate Steve|Weezing-Galar, M|100\/100\n|switch|p2a: The Fur.|Uxie, shiny|100\/100\n|-ability|p1a: Delicate Steve|Neutralizing Gas\n|turn|1\n|\n|t:|1699754604\n|-end|p1a: Delicate Steve|ability: Neutralizing Gas\n|switch|p1a: Suzanne|Alomomola, M|100\/100\n|move|p2a: The Fur.|Thunder Wave|p1a: Suzanne\n|-status|p1a: Suzanne|par\n|\n|upkeep\n|turn|2\n|\n|t:|1699754613\n|move|p2a: The Fur.|U-turn|p1a: Suzanne\n|-damage|p1a: Suzanne|91\/100 par\n|-enditem|p1a: Suzanne|Red Card|[of] p2a: The Fur.\n|drag|p2a: Jay Safari|Dragapult, F|100\/100\n|move|p1a: Suzanne|Icy Wind|p2a: Jay Safari\n|-supereffective|p2a: Jay Safari\n|-damage|p2a: Jay Safari|82\/100\n|-unboost|p2a: Jay Safari|spe|1\n|\n|upkeep\n|turn|3\n|\n|t:|1699754625\n|move|p2a: Jay Safari|Shadow Ball|p1a: Suzanne\n|-damage|p1a: Suzanne|36\/100 par\n|-damage|p2a: Jay Safari|72\/100|[from] item: Life Orb\n|move|p1a: Suzanne|Flip Turn|p2a: Jay Safari\n|-resisted|p2a: Jay Safari\n|-damage|p2a: Jay Safari|56\/100\n|\n|t:|1699754638\n|switch|p1a: Maria Maria|Quaquaval, F|100\/100|[from] Flip Turn\n|\n|upkeep\n|turn|4\n|\n|t:|1699754651\n|switch|p2a: Sam Ezeh|Ogerpon-Wellspring, F|100\/100\n|move|p1a: Maria Maria|Knock Off|p2a: Sam Ezeh\n|-crit|p2a: Sam Ezeh\n|-damage|p2a: Sam Ezeh|57\/100\n|\n|upkeep\n|turn|5\n|\n|t:|1699754662\n|switch|p1a: Delicate Steve|Weezing-Galar, M|100\/100\n|-ability|p1a: Delicate Steve|Neutralizing Gas\n|move|p2a: Sam Ezeh|U-turn|p1a: Delicate Steve\n|-resisted|p1a: Delicate Steve\n|-damage|p1a: Delicate Steve|95\/100\n|\n|t:|1699754669\n|switch|p2a: The Fur.|Uxie, shiny|100\/100|[from] U-turn\n|\n|-heal|p1a: Delicate Steve|100\/100|[from] item: Leftovers\n|upkeep\n|turn|6\n|\n|t:|1699754677\n|move|p1a: Delicate Steve|Protect|p1a: Delicate Steve\n|-singleturn|p1a: Delicate Steve|Protect\n|move|p2a: The Fur.|Thunder Wave|p1a: Delicate Steve\n|-activate|p1a: Delicate Steve|move: Protect\n|\n|upkeep\n|turn|7\n|\n|t:|1699754699\n|-end|p1a: Delicate Steve|ability: Neutralizing Gas\n|switch|p1a: Suzanne|Alomomola, M|69\/100 par\n|move|p2a: The Fur.|Psychic|p1a: Suzanne\n|-damage|p1a: Suzanne|36\/100 par\n|\n|upkeep\n|turn|8\n|\n|t:|1699754708\n|move|p2a: The Fur.|Stealth Rock|p1a: Suzanne\n|-sidestart|p1: TrueSkyKing|move: Stealth Rock\n|cant|p1a: Suzanne|par\n|\n|upkeep\n|turn|9\n|\n|t:|1699754715\n|move|p2a: The Fur.|Psychic|p1a: Suzanne\n|-damage|p1a: Suzanne|6\/100 par\n|move|p1a: Suzanne|Scald|p2a: The Fur.\n|-damage|p2a: The Fur.|90\/100\n|-status|p2a: The Fur.|brn\n|\n|-heal|p2a: The Fur.|96\/100 brn|[from] item: Leftovers\n|-damage|p2a: The Fur.|90\/100 brn|[from] brn\n|upkeep\n|turn|10\n|\n|t:|1699754727\n|move|p2a: The Fur.|U-turn|p1a: Suzanne\n|-damage|p1a: Suzanne|1\/100 par\n|\n|t:|1699754730\n|switch|p2a: Sam Ezeh|Ogerpon-Wellspring, F|57\/100|[from] U-turn\n|move|p1a: Suzanne|Wish|p1a: Suzanne\n|\n|upkeep\n|turn|11\n|\n|t:|1699754736\n|move|p2a: Sam Ezeh|Horn Leech|p1a: Suzanne\n|-supereffective|p1a: Suzanne\n|-damage|p1a: Suzanne|0 fnt\n|-heal|p2a: Sam Ezeh|58\/100|[from] drain|[of] p1a: Suzanne\n|faint|p1a: Suzanne\n|\n|upkeep\n|\n|t:|1699754746\n|switch|p1a: Delicate Steve|Weezing-Galar, M|100\/100\n|-ability|p1a: Delicate Steve|Neutralizing Gas\n|-damage|p1a: Delicate Steve|88\/100|[from] Stealth Rock\n|turn|12\n|\n|t:|1699754758\n|move|p2a: Sam Ezeh|U-turn|p1a: Delicate Steve\n|-resisted|p1a: Delicate Steve\n|-damage|p1a: Delicate Steve|83\/100\n|\n|t:|1699754763\n|switch|p2a: The Fur.|Uxie, shiny|90\/100 brn|[from] U-turn\n|move|p1a: Delicate Steve|Will-O-Wisp|p2a: The Fur.\n|-fail|p2a: The Fur.|brn\n|\n|-heal|p2a: The Fur.|96\/100 brn|[from] item: Leftovers\n|-heal|p1a: Delicate Steve|89\/100|[from] item: Leftovers\n|-damage|p2a: The Fur.|90\/100 brn|[from] brn\n|upkeep\n|turn|13\n|\n|t:|1699754774\n|move|p1a: Delicate Steve|Protect|p1a: Delicate Steve\n|-singleturn|p1a: Delicate Steve|Protect\n|move|p2a: The Fur.|Psychic|p1a: Delicate Steve\n|-activate|p1a: Delicate Steve|move: Protect\n|\n|-heal|p2a: The Fur.|96\/100 brn|[from] item: Leftovers\n|-heal|p1a: Delicate Steve|95\/100|[from] item: Leftovers\n|-damage|p2a: The Fur.|90\/100 brn|[from] brn\n|upkeep\n|turn|14\n|\n|t:|1699754790\n|-terastallize|p1a: Delicate Steve|Fairy\n|move|p2a: The Fur.|Thunder Wave|p1a: Delicate Steve\n|-status|p1a: Delicate Steve|par\n|move|p1a: Delicate Steve|Gunk Shot|p2a: The Fur.|[miss]\n|-miss|p1a: Delicate Steve|p2a: The Fur.\n|\n|-heal|p2a: The Fur.|96\/100 brn|[from] item: Leftovers\n|-heal|p1a: Delicate Steve|100\/100 par|[from] item: Leftovers\n|-damage|p2a: The Fur.|90\/100 brn|[from] brn\n|upkeep\n|turn|15\n|\n|t:|1699754804\n|move|p1a: Delicate Steve|Protect|p1a: Delicate Steve\n|-singleturn|p1a: Delicate Steve|Protect\n|move|p2a: The Fur.|Psychic|p1a: Delicate Steve\n|-activate|p1a: Delicate Steve|move: Protect\n|\n|-heal|p2a: The Fur.|96\/100 brn|[from] item: Leftovers\n|-damage|p2a: The Fur.|90\/100 brn|[from] brn\n|upkeep\n|turn|16\n|\n|t:|1699754819\n|move|p2a: The Fur.|Psychic|p1a: Delicate Steve\n|-damage|p1a: Delicate Steve|76\/100 par\n|move|p1a: Delicate Steve|Gunk Shot|p2a: The Fur.\n|-damage|p2a: The Fur.|60\/100 brn\n|\n|-heal|p2a: The Fur.|66\/100 brn|[from] item: Leftovers\n|-heal|p1a: Delicate Steve|82\/100 par|[from] item: Leftovers\n|-damage|p2a: The Fur.|60\/100 brn|[from] brn\n|upkeep\n|turn|17\n|\n|t:|1699754833\n|move|p2a: The Fur.|Psychic|p1a: Delicate Steve\n|-damage|p1a: Delicate Steve|55\/100 par\n|move|p1a: Delicate Steve|Gunk Shot|p2a: The Fur.\n|-damage|p2a: The Fur.|29\/100 brn\n|\n|-heal|p2a: The Fur.|35\/100 brn|[from] item: Leftovers\n|-heal|p1a: Delicate Steve|61\/100 par|[from] item: Leftovers\n|-damage|p2a: The Fur.|29\/100 brn|[from] brn\n|upkeep\n|turn|18\n|\n|t:|1699754844\n|move|p2a: The Fur.|U-turn|p1a: Delicate Steve\n|-resisted|p1a: Delicate Steve\n|-damage|p1a: Delicate Steve|59\/100 par\n|\n|t:|1699754847\n|switch|p2a: Redveil|Iron Moth|100\/100|[from] U-turn\n|-enditem|p2a: Redveil|Booster Energy\n|-activate|p2a: Redveil|ability: Quark Drive|[fromitem]\n|-start|p2a: Redveil|quarkdrivespe\n|move|p1a: Delicate Steve|Gunk Shot|p2a: Redveil\n|-resisted|p2a: Redveil\n|-damage|p2a: Redveil|73\/100\n|\n|-heal|p1a: Delicate Steve|65\/100 par|[from] item: Leftovers\n|upkeep\n|turn|19\n|\n|t:|1699754860\n|move|p1a: Delicate Steve|Protect|p1a: Delicate Steve\n|-singleturn|p1a: Delicate Steve|Protect\n|move|p2a: Redveil|Fiery Dance|p1a: Delicate Steve\n|-activate|p1a: Delicate Steve|move: Protect\n|\n|-heal|p1a: Delicate Steve|71\/100 par|[from] item: Leftovers\n|upkeep\n|turn|20\n|\n|t:|1699754886\n|move|p2a: Redveil|Fiery Dance|p1a: Delicate Steve\n|-damage|p1a: Delicate Steve|30\/100 par\n|-boost|p2a: Redveil|spa|1\n|move|p1a: Delicate Steve|Gunk Shot|p2a: Redveil\n|-resisted|p2a: Redveil\n|-damage|p2a: Redveil|47\/100\n|\n|-heal|p1a: Delicate Steve|36\/100 par|[from] item: Leftovers\n|upkeep\n|turn|21\n|\n|t:|1699754897\n|move|p1a: Delicate Steve|Protect|p1a: Delicate Steve\n|-singleturn|p1a: Delicate Steve|Protect\n|move|p2a: Redveil|Fiery Dance|p1a: Delicate Steve\n|-activate|p1a: Delicate Steve|move: Protect\n|\n|-heal|p1a: Delicate Steve|42\/100 par|[from] item: Leftovers\n|upkeep\n|turn|22\n|inactive|TrueSkyKing has 270 seconds left.\n|\n|t:|1699754924\n|-end|p1a: Delicate Steve|ability: Neutralizing Gas\n|switch|p1a: Earth Angel|Enamorus-Therian, F|100\/100\n|-damage|p1a: Earth Angel|76\/100|[from] Stealth Rock\n|move|p2a: Redveil|Fiery Dance|p1a: Earth Angel\n|-damage|p1a: Earth Angel|21\/100\n|\n|-heal|p1a: Earth Angel|27\/100|[from] item: Leftovers\n|upkeep\n|turn|23\n|inactive|TrueSkyKing has 270 seconds left.\n|\n|t:|1699754937\n|move|p2a: Redveil|Fiery Dance|p1a: Earth Angel\n|-damage|p1a: Earth Angel|0 fnt\n|-boost|p2a: Redveil|spa|1\n|faint|p1a: Earth Angel\n|\n|upkeep\n|inactive|TrueSkyKing has 270 seconds left.\n|\n|t:|1699754948\n|switch|p1a: Maria Maria|Quaquaval, F|100\/100\n|-damage|p1a: Maria Maria|94\/100|[from] Stealth Rock\n|turn|24\n|\n|t:|1699754960\n|-terastallize|p2a: Redveil|Fairy\n|move|p2a: Redveil|Psychic|p1a: Maria Maria\n|-supereffective|p1a: Maria Maria\n|-damage|p1a: Maria Maria|0 fnt\n|faint|p1a: Maria Maria\n|\n|upkeep\n|inactive|TrueSkyKing has 270 seconds left.\n|\n|t:|1699754980\n|switch|p1a: Reebok|Dragapult, F|100\/100\n|-damage|p1a: Reebok|88\/100|[from] Stealth Rock\n|turn|25\n|\n|t:|1699754985\n|move|p2a: Redveil|Dazzling Gleam|p1a: Reebok\n|-supereffective|p1a: Reebok\n|-damage|p1a: Reebok|0 fnt\n|faint|p1a: Reebok\n|\n|upkeep\n|\n|t:|1699754988\n|switch|p1a: Cutting Crew|Glimmora, F|100\/100\n|-damage|p1a: Cutting Crew|88\/100|[from] Stealth Rock\n|turn|26\n|\n|t:|1699754995\n|move|p2a: Redveil|Psychic|p1a: Cutting Crew\n|-supereffective|p1a: Cutting Crew\n|-damage|p1a: Cutting Crew|0 fnt\n|faint|p1a: Cutting Crew\n|\n|upkeep\n|\n|t:|1699754997\n|switch|p1a: Delicate Steve|Weezing-Galar, M, tera:Fairy|42\/100 par\n|-ability|p1a: Delicate Steve|Neutralizing Gas\n|-damage|p1a: Delicate Steve|29\/100 par|[from] Stealth Rock\n|turn|27\n|\n|t:|1699755006\n|cant|p1a: Delicate Steve|par\n|move|p2a: Redveil|Fiery Dance|p1a: Delicate Steve\n|-damage|p1a: Delicate Steve|0 fnt\n|faint|p1a: Delicate Steve\n|-end|p1a: Delicate Steve|ability: Neutralizing Gas\n|\n|win|Usopp D Gawd\n|l|\u2606TrueSkyKing\n","uploadtime":1699755020,"views":12,"p1id":"trueskyking","p2id":"usoppdgawd","formatid":"gen9ou","rating":0,"private":0,"password":""}