{"id":"gen9ou-1988728618","p1":"xavrm","p2":"the crungler","format":"[Gen 9] OU","log":"|j|\u2606xavrm\n|j|\u2606the crungler\n|t:|1699755668\n|gametype|singles\n|player|p1|xavrm|pokemonbreeder|1569\n|player|p2|the crungler|janitor|1627\n|teamsize|p1|6\n|teamsize|p2|6\n|gen|9\n|tier|[Gen 9] OU\n|rated|\n|rule|Sleep Clause Mod: Limit one foe put to sleep\n|rule|Species Clause: Limit one of each Pok\u00e9mon\n|rule|OHKO Clause: OHKO moves are banned\n|rule|Evasion Items Clause: Evasion items are banned\n|rule|Evasion Moves Clause: Evasion moves are banned\n|rule|Endless Battle Clause: Forcing endless battles is banned\n|rule|HP Percentage Mod: HP is shown in percentages\n|clearpoke\n|poke|p1|Cinderace, M|\n|poke|p1|Ogerpon-Wellspring, F|\n|poke|p1|Iron Valiant|\n|poke|p1|Kingambit, M|\n|poke|p1|Slowking-Galar, M|\n|poke|p1|Gliscor, M|\n|poke|p2|Samurott-Hisui, F|\n|poke|p2|Thundurus-Therian, M|\n|poke|p2|Great Tusk|\n|poke|p2|Slowking-Galar, F|\n|poke|p2|Sinistcha|\n|poke|p2|Cinderace, M|\n|teampreview\n|inactive|Battle timer is ON: inactive players will automatically lose when time's up. (requested by xavrm)\n|\n|t:|1699755695\n|start\n|switch|p1a: Alice|Ogerpon-Wellspring, F|100\/100\n|switch|p2a: Slowking|Slowking-Galar, F|100\/100\n|turn|1\n|\n|t:|1699755707\n|move|p1a: Alice|Knock Off|p2a: Slowking\n|-supereffective|p2a: Slowking\n|-damage|p2a: Slowking|18\/100\n|-enditem|p2a: Slowking|Heavy-Duty Boots|[from] move: Knock Off|[of] p1a: Alice\n|move|p2a: Slowking|Chilly Reception|p2a: Slowking\n|-weather|Snow\n|\n|t:|1699755713\n|switch|p2a: Cinderace|Cinderace, M|100\/100|[from] Chilly Reception\n|\n|-weather|Snow|[upkeep]\n|upkeep\n|turn|2\n|\n|t:|1699755722\n|switch|p1a: Liberacy|Cinderace, M, shiny|100\/100\n|move|p2a: Cinderace|U-turn|p1a: Liberacy\n|-start|p2a: Cinderace|typechange|Bug|[from] ability: Libero\n|-resisted|p1a: Liberacy\n|-damage|p1a: Liberacy|76\/100\n|\n|t:|1699755728\n|switch|p2a: Slowking|Slowking-Galar, F|51\/100|[from] U-turn\n|\n|-weather|Snow|[upkeep]\n|upkeep\n|turn|3\n|\n|t:|1699755739\n|switch|p2a: Sinistcha|Sinistcha|100\/100\n|move|p1a: Liberacy|Pyro Ball|p2a: Sinistcha|[miss]\n|-miss|p1a: Liberacy|p2a: Sinistcha\n|\n|-weather|Snow|[upkeep]\n|upkeep\n|turn|4\n|\n|t:|1699755744\n|move|p1a: Liberacy|Pyro Ball|p2a: Sinistcha\n|-supereffective|p2a: Sinistcha\n|-damage|p2a: Sinistcha|56\/100\n|move|p2a: Sinistcha|Matcha Gotcha|p1a: Liberacy\n|-resisted|p1a: Liberacy\n|-damage|p1a: Liberacy|54\/100\n|-heal|p2a: Sinistcha|66\/100|[from] drain|[of] p1a: Liberacy\n|\n|-weather|Snow|[upkeep]\n|-heal|p2a: Sinistcha|72\/100|[from] item: Leftovers\n|upkeep\n|turn|5\n|\n|t:|1699755754\n|move|p1a: Liberacy|U-turn|p2a: Sinistcha\n|-start|p1a: Liberacy|typechange|Bug|[from] ability: Libero\n|-damage|p2a: Sinistcha|47\/100\n|\n|t:|1699755768\n|switch|p1a: Mantra|Slowking-Galar, M, shiny|100\/100|[from] U-turn\n|move|p2a: Sinistcha|Strength Sap|p1a: Mantra\n|-unboost|p1a: Mantra|atk|1\n|-heal|p2a: Sinistcha|83\/100\n|\n|-weather|none\n|-heal|p2a: Sinistcha|89\/100|[from] item: Leftovers\n|upkeep\n|turn|6\n|\n|t:|1699755777\n|switch|p2a: Samurott|Samurott-Hisui, F|100\/100\n|move|p1a: Mantra|Future Sight|p2a: Samurott\n|-start|p1a: Mantra|move: Future Sight\n|\n|upkeep\n|turn|7\n|\n|t:|1699755794\n|switch|p1a: Alice|Ogerpon-Wellspring, F|100\/100\n|move|p2a: Samurott|Flip Turn|p1a: Alice\n|-immune|p1a: Alice|[from] ability: Water Absorb\n|\n|upkeep\n|turn|8\n|\n|t:|1699755803\n|switch|p2a: Slowking|Slowking-Galar, F|84\/100\n|move|p1a: Alice|Power Whip|p2a: Slowking\n|-resisted|p2a: Slowking\n|-damage|p2a: Slowking|45\/100\n|\n|-end|p2a: Slowking|move: Future Sight\n|-damage|p2a: Slowking|11\/100\n|upkeep\n|turn|9\n|\n|t:|1699755808\n|switch|p2a: Sinistcha|Sinistcha|89\/100\n|move|p1a: Alice|Ivy Cudgel|p2a: Sinistcha\n|-resisted|p2a: Sinistcha\n|-damage|p2a: Sinistcha|68\/100\n|\n|-heal|p2a: Sinistcha|74\/100|[from] item: Leftovers\n|upkeep\n|turn|10\n|\n|t:|1699755826\n|move|p1a: Alice|Knock Off|p2a: Sinistcha\n|-supereffective|p2a: Sinistcha\n|-damage|p2a: Sinistcha|18\/100\n|-enditem|p2a: Sinistcha|Leftovers|[from] move: Knock Off|[of] p1a: Alice\n|move|p2a: Sinistcha|Matcha Gotcha|p1a: Alice\n|-damage|p1a: Alice|64\/100\n|-heal|p2a: Sinistcha|34\/100|[from] drain|[of] p1a: Alice\n|\n|upkeep\n|turn|11\n|\n|t:|1699755844\n|switch|p1a: Scorpiox|Gliscor, M, shiny|100\/100\n|move|p2a: Sinistcha|Strength Sap|p1a: Scorpiox\n|-unboost|p1a: Scorpiox|atk|1\n|-heal|p2a: Sinistcha|99\/100\n|\n|-status|p1a: Scorpiox|tox|[from] item: Toxic Orb\n|upkeep\n|turn|12\n|\n|t:|1699755847\n|switch|p2a: Slowking|Slowking-Galar, F|45\/100\n|move|p1a: Scorpiox|Toxic|p2a: Slowking\n|-immune|p2a: Slowking\n|\n|upkeep\n|turn|13\n|\n|t:|1699755864\n|switch|p2a: Sinistcha|Sinistcha|99\/100\n|move|p1a: Scorpiox|Protect||[still]\n|-fail|p1a: Scorpiox\n|\n|upkeep\n|turn|14\n|\n|t:|1699755867\n|switch|p2a: Slowking|Slowking-Galar, F|78\/100\n|move|p1a: Scorpiox|Toxic|p2a: Slowking\n|-immune|p2a: Slowking\n|\n|upkeep\n|turn|15\n|\n|t:|1699755870\n|move|p1a: Scorpiox|Earthquake|p2a: Slowking\n|-supereffective|p2a: Slowking\n|-damage|p2a: Slowking|36\/100\n|move|p2a: Slowking|Chilly Reception|p2a: Slowking\n|-weather|Snow\n|\n|t:|1699755872\n|switch|p2a: Thundurus|Thundurus-Therian, M|100\/100|[from] Chilly Reception\n|\n|-weather|Snow|[upkeep]\n|upkeep\n|turn|16\n|\n|t:|1699755877\n|move|p1a: Scorpiox|Protect|p1a: Scorpiox\n|-singleturn|p1a: Scorpiox|Protect\n|move|p2a: Thundurus|Weather Ball|p1a: Scorpiox\n|-activate|p1a: Scorpiox|move: Protect\n|\n|-weather|Snow|[upkeep]\n|upkeep\n|turn|17\n|\n|t:|1699755881\n|switch|p1a: Overgod|Kingambit, M|100\/100\n|move|p2a: Thundurus|Knock Off|p1a: Overgod\n|-resisted|p1a: Overgod\n|-damage|p1a: Overgod|93\/100\n|-enditem|p1a: Overgod|Leftovers|[from] move: Knock Off|[of] p2a: Thundurus\n|\n|-weather|Snow|[upkeep]\n|upkeep\n|turn|18\n|\n|t:|1699755884\n|move|p2a: Thundurus|Volt Switch|p1a: Overgod\n|-damage|p1a: Overgod|57\/100\n|\n|t:|1699755889\n|switch|p2a: Great Tusk|Great Tusk|100\/100|[from] Volt Switch\n|move|p1a: Overgod|Kowtow Cleave|p2a: Great Tusk\n|-resisted|p2a: Great Tusk\n|-damage|p2a: Great Tusk|84\/100\n|\n|-weather|Snow|[upkeep]\n|-heal|p2a: Great Tusk|90\/100|[from] item: Leftovers\n|upkeep\n|turn|19\n|\n|t:|1699755897\n|-end|p1a: Overgod|fallenundefined|[silent]\n|switch|p1a: Alice|Ogerpon-Wellspring, F|64\/100\n|move|p2a: Great Tusk|Earthquake|p1a: Alice\n|-resisted|p1a: Alice\n|-damage|p1a: Alice|36\/100\n|\n|-weather|none\n|-heal|p2a: Great Tusk|97\/100|[from] item: Leftovers\n|upkeep\n|turn|20\n|\n|t:|1699755901\n|-end|p2a: Great Tusk|Protosynthesis|[silent]\n|switch|p2a: Sinistcha|Sinistcha|99\/100\n|move|p1a: Alice|Ivy Cudgel|p2a: Sinistcha\n|-resisted|p2a: Sinistcha\n|-damage|p2a: Sinistcha|77\/100\n|\n|upkeep\n|turn|21\n|\n|t:|1699755904\n|move|p1a: Alice|Swords Dance|p1a: Alice\n|-boost|p1a: Alice|atk|2\n|move|p2a: Sinistcha|Matcha Gotcha|p1a: Alice\n|-damage|p1a: Alice|0 fnt\n|-heal|p2a: Sinistcha|92\/100|[from] drain|[of] p1a: Alice\n|faint|p1a: Alice\n|\n|upkeep\n|\n|t:|1699755910\n|switch|p1a: Mantra|Slowking-Galar, M, shiny|100\/100\n|turn|22\n|\n|t:|1699755914\n|switch|p2a: Slowking|Slowking-Galar, F|69\/100\n|move|p1a: Mantra|Sludge Bomb|p2a: Slowking\n|-resisted|p2a: Slowking\n|-crit|p2a: Slowking\n|-damage|p2a: Slowking|48\/100\n|\n|upkeep\n|turn|23\n|\n|t:|1699755918\n|move|p1a: Mantra|Future Sight|p2a: Slowking\n|-start|p1a: Mantra|move: Future Sight\n|move|p2a: Slowking|Future Sight|p1a: Mantra\n|-start|p2a: Slowking|move: Future Sight\n|\n|upkeep\n|turn|24\n|\n|t:|1699755922\n|move|p1a: Mantra|Sludge Bomb|p2a: Slowking\n|-resisted|p2a: Slowking\n|-damage|p2a: Slowking|34\/100\n|move|p2a: Slowking|Chilly Reception|p2a: Slowking\n|-weather|Snow\n|\n|t:|1699755928\n|switch|p2a: Samurott|Samurott-Hisui, F|100\/100|[from] Chilly Reception\n|\n|-weather|Snow|[upkeep]\n|upkeep\n|turn|25\n|\n|t:|1699755934\n|switch|p1a: Overgod|Kingambit, M|57\/100\n|-activate|p1a: Overgod|ability: Supreme Overlord\n|-start|p1a: Overgod|fallen1|[silent]\n|move|p2a: Samurott|Razor Shell|p1a: Overgod\n|-damage|p1a: Overgod|3\/100\n|-unboost|p1a: Overgod|def|1\n|\n|-weather|Snow|[upkeep]\n|-end|p2a: Samurott|move: Future Sight\n|-immune|p2a: Samurott\n|-end|p1a: Overgod|move: Future Sight\n|-immune|p1a: Overgod\n|upkeep\n|turn|26\n|\n|t:|1699755944\n|switch|p2a: Great Tusk|Great Tusk|97\/100\n|move|p1a: Overgod|Sucker Punch||[still]\n|-fail|p1a: Overgod\n|\n|-weather|Snow|[upkeep]\n|-heal|p2a: Great Tusk|100\/100|[from] item: Leftovers\n|upkeep\n|turn|27\n|\n|t:|1699755963\n|-end|p1a: Overgod|fallen1|[silent]\n|switch|p1a: Scorpiox|Gliscor, M, shiny|100\/100 tox\n|move|p2a: Great Tusk|Ice Spinner|p1a: Scorpiox\n|-supereffective|p1a: Scorpiox\n|-damage|p1a: Scorpiox|43\/100 tox\n|\n|-weather|Snow|[upkeep]\n|-heal|p1a: Scorpiox|55\/100 tox|[from] ability: Poison Heal\n|upkeep\n|turn|28\n|\n|t:|1699755967\n|move|p1a: Scorpiox|Protect|p1a: Scorpiox\n|-singleturn|p1a: Scorpiox|Protect\n|move|p2a: Great Tusk|Stealth Rock|p1a: Scorpiox\n|-sidestart|p1: xavrm|move: Stealth Rock\n|\n|-weather|none\n|-heal|p1a: Scorpiox|68\/100 tox|[from] ability: Poison Heal\n|upkeep\n|turn|29\n|\n|t:|1699755973\n|-end|p2a: Great Tusk|Protosynthesis|[silent]\n|switch|p2a: Slowking|Slowking-Galar, F|68\/100\n|move|p1a: Scorpiox|Toxic|p2a: Slowking|[miss]\n|-miss|p1a: Scorpiox|p2a: Slowking\n|\n|-heal|p1a: Scorpiox|80\/100 tox|[from] ability: Poison Heal\n|upkeep\n|turn|30\n|\n|t:|1699755977\n|move|p1a: Scorpiox|Earthquake|p2a: Slowking\n|-supereffective|p2a: Slowking\n|-damage|p2a: Slowking|0 fnt\n|faint|p2a: Slowking\n|\n|-heal|p1a: Scorpiox|93\/100 tox|[from] ability: Poison Heal\n|upkeep\n|inactive|the crungler has 120 seconds left.\n|j| cvcvttty55eeerasw\n|\n|t:|1699756022\n|switch|p2a: Samurott|Samurott-Hisui, F|100\/100\n|turn|31\n|\n|t:|1699756028\n|move|p1a: Scorpiox|Protect|p1a: Scorpiox\n|-singleturn|p1a: Scorpiox|Protect\n|move|p2a: Samurott|Flip Turn|p1a: Scorpiox\n|-activate|p1a: Scorpiox|move: Protect\n|\n|-heal|p1a: Scorpiox|100\/100 tox|[from] ability: Poison Heal\n|upkeep\n|turn|32\n|\n|t:|1699756038\n|move|p2a: Samurott|Flip Turn|p1a: Scorpiox\n|-supereffective|p1a: Scorpiox\n|-damage|p1a: Scorpiox|54\/100 tox\n|inactive|the crungler has 120 seconds left.\n|\n|t:|1699756044\n|switch|p2a: Thundurus|Thundurus-Therian, M|100\/100|[from] Flip Turn\n|move|p1a: Scorpiox|U-turn|p2a: Thundurus\n|-resisted|p2a: Thundurus\n|-damage|p2a: Thundurus|88\/100\n|\n|t:|1699756052\n|switch|p1a: Mantra|Slowking-Galar, M, shiny|100\/100|[from] U-turn\n|-damage|p1a: Mantra|88\/100|[from] Stealth Rock\n|\n|upkeep\n|turn|33\n|\n|t:|1699756057\n|move|p2a: Thundurus|Knock Off|p1a: Mantra\n|-supereffective|p1a: Mantra\n|-damage|p1a: Mantra|47\/100\n|-enditem|p1a: Mantra|Assault Vest|[from] move: Knock Off|[of] p2a: Thundurus\n|move|p1a: Mantra|Sludge Bomb|p2a: Thundurus\n|-damage|p2a: Thundurus|26\/100\n|-status|p2a: Thundurus|psn\n|\n|-damage|p2a: Thundurus|14\/100 psn|[from] psn\n|upkeep\n|turn|34\n|\n|t:|1699756081\n|switch|p2a: Samurott|Samurott-Hisui, F|100\/100\n|move|p1a: Mantra|Sludge Bomb|p2a: Samurott\n|-damage|p2a: Samurott|28\/100\n|\n|upkeep\n|turn|35\n|\n|t:|1699756085\n|switch|p1a: Overgod|Kingambit, M|3\/100\n|-damage|p1a: Overgod|0 fnt|[from] Stealth Rock\n|faint|p1a: Overgod\n|-end|p1a: Overgod|fallen1|[silent]\n|move|p2a: Samurott|Flip Turn|p1: Overgod|[notarget]\n|-fail|p2a: Samurott\n|\n|upkeep\n|\n|t:|1699756098\n|switch|p1a: Liberacy|Cinderace, M, shiny|54\/100\n|turn|36\n|\n|t:|1699756105\n|switch|p2a: Great Tusk|Great Tusk|100\/100\n|move|p1a: Liberacy|U-turn|p2a: Great Tusk\n|-start|p1a: Liberacy|typechange|Bug|[from] ability: Libero\n|-resisted|p2a: Great Tusk\n|-damage|p2a: Great Tusk|89\/100\n|inactive|xavrm has 120 seconds left.\n|inactive|xavrm has 90 seconds left.\n|\n|t:|1699756172\n|switch|p1a: Mantra|Slowking-Galar, M, shiny|81\/100|[from] U-turn\n|-damage|p1a: Mantra|68\/100|[from] Stealth Rock\n|\n|-heal|p2a: Great Tusk|96\/100|[from] item: Leftovers\n|upkeep\n|turn|37\n|inactive|xavrm has 90 seconds left.\n|inactive|xavrm has 60 seconds left.\n|\n|t:|1699756211\n|-terastallize|p1a: Mantra|Grass\n|move|p2a: Great Tusk|Earthquake|p1a: Mantra\n|-resisted|p1a: Mantra\n|-damage|p1a: Mantra|45\/100\n|move|p1a: Mantra|Surf|p2a: Great Tusk\n|-supereffective|p2a: Great Tusk\n|-crit|p2a: Great Tusk\n|-damage|p2a: Great Tusk|0 fnt\n|faint|p2a: Great Tusk\n|-end|p2a: Great Tusk|Protosynthesis|[silent]\n|\n|upkeep\n|\n|t:|1699756221\n|switch|p2a: Cinderace|Cinderace, M|100\/100\n|turn|38\n|inactive|xavrm has 60 seconds left.\n|inactive|xavrm has 30 seconds left.\n|inactive|xavrm has 20 seconds left.\n|inactive|xavrm has 15 seconds left.\n|inactive|xavrm has 10 seconds left.\n|\n|t:|1699756288\n|move|p2a: Cinderace|Pyro Ball|p1a: Mantra\n|-supereffective|p1a: Mantra\n|-damage|p1a: Mantra|0 fnt\n|faint|p1a: Mantra\n|\n|upkeep\n|inactive|xavrm has 15 seconds left this turn.\n|inactive|xavrm has 10 seconds left.\n|\n|t:|1699756296\n|switch|p1a: Scorpiox|Gliscor, M, shiny|54\/100 tox\n|-damage|p1a: Scorpiox|42\/100 tox|[from] Stealth Rock\n|turn|39\n|inactive|xavrm has 20 seconds left this turn.\n|inactive|xavrm has 15 seconds left.\n|\n|t:|1699756322\n|switch|p2a: Samurott|Samurott-Hisui, F|28\/100\n|move|p1a: Scorpiox|Protect||[still]\n|-fail|p1a: Scorpiox\n|\n|-heal|p1a: Scorpiox|54\/100 tox|[from] ability: Poison Heal\n|upkeep\n|turn|40\n|inactive|xavrm has 25 seconds left this turn.\n|inactive|xavrm has 20 seconds left.\n|inactive|xavrm has 15 seconds left.\n|inactive|the crungler has 120 seconds left.\n|inactive|the crungler has 90 seconds left.\n|\n|t:|1699756388\n|move|p1a: Scorpiox|Protect|p1a: Scorpiox\n|-singleturn|p1a: Scorpiox|Protect\n|move|p2a: Samurott|Flip Turn|p1a: Scorpiox\n|-activate|p1a: Scorpiox|move: Protect\n|\n|-heal|p1a: Scorpiox|67\/100 tox|[from] ability: Poison Heal\n|upkeep\n|turn|41\n|inactive|xavrm has 25 seconds left this turn.\n|inactive|xavrm has 20 seconds left.\n|inactive|xavrm has 15 seconds left.\n|inactive|xavrm has 10 seconds left.\n|\n|t:|1699756406\n|move|p2a: Samurott|Flip Turn|p1a: Scorpiox\n|-supereffective|p1a: Scorpiox\n|-damage|p1a: Scorpiox|15\/100 tox\n|inactive|xavrm has 15 seconds left this turn.\n|\n|t:|1699756409\n|switch|p2a: Thundurus|Thundurus-Therian, M|14\/100 psn|[from] Flip Turn\n|move|p1a: Scorpiox|Toxic||[still]\n|-fail|p1a: Scorpiox\n|\n|-damage|p2a: Thundurus|2\/100 psn|[from] psn\n|-heal|p1a: Scorpiox|27\/100 tox|[from] ability: Poison Heal\n|upkeep\n|turn|42\n|inactive|xavrm has 25 seconds left this turn.\n|inactive|the crungler has 90 seconds left.\n|\n|t:|1699756422\n|move|p1a: Scorpiox|Protect|p1a: Scorpiox\n|-singleturn|p1a: Scorpiox|Protect\n|move|p2a: Thundurus|Grass Knot|p1a: Scorpiox\n|-activate|p1a: Scorpiox|move: Protect\n|\n|-damage|p2a: Thundurus|0 fnt|[from] psn\n|faint|p2a: Thundurus\n|-heal|p1a: Scorpiox|40\/100 tox|[from] ability: Poison Heal\n|upkeep\n|inactive|xavrm has 30 seconds left this turn.\n|\n|t:|1699756424\n|switch|p2a: Samurott|Samurott-Hisui, F|28\/100\n|turn|43\n|inactive|xavrm has 30 seconds left.\n|inactive|xavrm has 20 seconds left.\n|inactive|xavrm has 15 seconds left.\n|\n|t:|1699756453\n|switch|p1a: Liberacy|Cinderace, M, shiny|54\/100\n|move|p2a: Samurott|Flip Turn|p1a: Liberacy\n|-supereffective|p1a: Liberacy\n|-damage|p1a: Liberacy|0 fnt\n|faint|p1a: Liberacy\n|inactive|xavrm has 20 seconds left this turn.\n|inactive|the crungler has 90 seconds left.\n|\n|t:|1699756469\n|switch|p2a: Sinistcha|Sinistcha|92\/100|[from] Flip Turn\n|\n|upkeep\n|inactive|xavrm has 25 seconds left this turn.\n|inactive|xavrm has 20 seconds left.\n|\n|t:|1699756477\n|switch|p1a: Calamity|Iron Valiant, shiny|100\/100\n|-damage|p1a: Calamity|94\/100|[from] Stealth Rock\n|-enditem|p1a: Calamity|Booster Energy\n|-activate|p1a: Calamity|ability: Quark Drive|[fromitem]\n|-start|p1a: Calamity|quarkdrivespe\n|turn|44\n|inactive|xavrm has 30 seconds left this turn.\n|\n|t:|1699756484\n|-terastallize|p2a: Sinistcha|Poison\n|move|p1a: Calamity|Moonblast|p2a: Sinistcha\n|-resisted|p2a: Sinistcha\n|-damage|p2a: Sinistcha|71\/100\n|-unboost|p2a: Sinistcha|spa|1\n|move|p2a: Sinistcha|Matcha Gotcha|p1a: Calamity\n|-damage|p1a: Calamity|48\/100\n|-heal|p2a: Sinistcha|90\/100|[from] drain|[of] p1a: Calamity\n|\n|upkeep\n|turn|45\n|inactive|xavrm has 30 seconds left.\n|\n|t:|1699756491\n|move|p1a: Calamity|Knock Off|p2a: Sinistcha\n|-damage|p2a: Sinistcha|74\/100\n|move|p2a: Sinistcha|Matcha Gotcha|p1a: Calamity|[miss]\n|-miss|p2a: Sinistcha|p1a: Calamity\n|\n|upkeep\n|turn|46\n|\n|t:|1699756498\n|move|p1a: Calamity|Moonblast|p2a: Sinistcha\n|-resisted|p2a: Sinistcha\n|-damage|p2a: Sinistcha|51\/100\n|move|p2a: Sinistcha|Matcha Gotcha|p1a: Calamity\n|-damage|p1a: Calamity|8\/100\n|-heal|p2a: Sinistcha|68\/100|[from] drain|[of] p1a: Calamity\n|\n|upkeep\n|turn|47\n|\n|t:|1699756507\n|move|p1a: Calamity|Moonblast|p2a: Sinistcha\n|-resisted|p2a: Sinistcha\n|-damage|p2a: Sinistcha|45\/100\n|-unboost|p2a: Sinistcha|spa|1\n|move|p2a: Sinistcha|Strength Sap|p1a: Calamity\n|-unboost|p1a: Calamity|atk|1\n|-heal|p2a: Sinistcha|100\/100\n|\n|upkeep\n|turn|48\n|\n|t:|1699756511\n|move|p1a: Calamity|Destiny Bond|p1a: Calamity\n|-singlemove|p1a: Calamity|Destiny Bond\n|move|p2a: Sinistcha|Matcha Gotcha|p1a: Calamity\n|-damage|p1a: Calamity|0 fnt\n|faint|p1a: Calamity\n|-activate|p1a: Calamity|move: Destiny Bond\n|-end|p1a: Calamity|Quark Drive|[silent]\n|faint|p2a: Sinistcha\n|\n|upkeep\n|\n|t:|1699756517\n|switch|p1a: Scorpiox|Gliscor, M, shiny|40\/100 tox\n|switch|p2a: Samurott|Samurott-Hisui, F|28\/100\n|-damage|p1a: Scorpiox|27\/100 tox|[from] Stealth Rock\n|turn|49\n|\n|t:|1699756522\n|move|p1a: Scorpiox|Protect|p1a: Scorpiox\n|-singleturn|p1a: Scorpiox|Protect\n|move|p2a: Samurott|Flip Turn|p1a: Scorpiox\n|-activate|p1a: Scorpiox|move: Protect\n|\n|-heal|p1a: Scorpiox|40\/100 tox|[from] ability: Poison Heal\n|upkeep\n|turn|50\n|\n|t:|1699756526\n|move|p2a: Samurott|Flip Turn|p1a: Scorpiox\n|-supereffective|p1a: Scorpiox\n|-damage|p1a: Scorpiox|0 fnt\n|faint|p1a: Scorpiox\n|\n|win|the crungler\n|raw|xavrm's rating: 1569 &rarr; <strong>1552<\/strong><br \/>(-17 for losing)\n|raw|the crungler's rating: 1627 &rarr; <strong>1644<\/strong><br \/>(+17 for winning)\n|l|\u2606xavrm\n|l|\u2606the crungler\n","uploadtime":1699756651,"views":8,"p1id":"xavrm","p2id":"thecrungler","formatid":"gen9ou","rating":1552,"private":0,"password":""}