{"id":"gen9ou-1994124888","p1":"Ahsene","p2":"xmorphias","format":"[Gen 9] OU","log":"|j|\u2606Ahsene\n|j|\u2606xmorphias\n|t:|1700409819\n|gametype|singles\n|player|p1|Ahsene|2|1058\n|player|p2|xmorphias|1|1108\n|teamsize|p1|6\n|teamsize|p2|6\n|gen|9\n|tier|[Gen 9] OU\n|rated|\n|rule|Sleep Clause Mod: Limit one foe put to sleep\n|rule|Species Clause: Limit one of each Pok\u00e9mon\n|rule|OHKO Clause: OHKO moves are banned\n|rule|Evasion Items Clause: Evasion items are banned\n|rule|Evasion Moves Clause: Evasion moves are banned\n|rule|Endless Battle Clause: Forcing endless battles is banned\n|rule|HP Percentage Mod: HP is shown in percentages\n|clearpoke\n|poke|p1|Great Tusk|\n|poke|p1|Kingambit, M|\n|poke|p1|Dragapult, M|\n|poke|p1|Iron Moth|\n|poke|p1|Iron Valiant|\n|poke|p1|Sneasler, F|\n|poke|p2|Heatran, F|\n|poke|p2|Rillaboom, M|\n|poke|p2|Ribombee, M|\n|poke|p2|Dondozo, F|\n|poke|p2|Kingambit, F|\n|poke|p2|Sneasler, F|\n|teampreview\n|inactive|Battle timer is ON: inactive players will automatically lose when time's up. (requested by Ahsene)\n|\n|t:|1700409834\n|start\n|switch|p1a: Dragapult|Dragapult, M|100\/100\n|switch|p2a: Ribombee|Ribombee, M|100\/100\n|turn|1\n|\n|t:|1700409839\n|move|p1a: Dragapult|U-turn|p2a: Ribombee\n|-resisted|p2a: Ribombee\n|-damage|p2a: Ribombee|65\/100\n|\n|t:|1700409849\n|switch|p1a: Sneasler|Sneasler, F|100\/100|[from] U-turn\n|-item|p1a: Sneasler|Air Balloon\n|move|p2a: Ribombee|Sticky Web|p1a: Sneasler\n|-sidestart|p1: Ahsene|move: Sticky Web\n|\n|upkeep\n|turn|2\n|\n|t:|1700409855\n|move|p2a: Ribombee|Moonblast|p1a: Sneasler\n|-damage|p1a: Sneasler|44\/100\n|-unboost|p1a: Sneasler|spa|1\n|-enditem|p1a: Sneasler|Air Balloon\n|move|p1a: Sneasler|Swords Dance|p1a: Sneasler\n|-boost|p1a: Sneasler|atk|2\n|\n|upkeep\n|turn|3\n|\n|t:|1700409864\n|move|p1a: Sneasler|Dire Claw|p2a: Ribombee\n|-supereffective|p2a: Ribombee\n|-damage|p2a: Ribombee|0 fnt\n|faint|p2a: Ribombee\n|\n|upkeep\n|\n|t:|1700409883\n|switch|p2a: Rillaboom|Rillaboom, M|100\/100\n|-fieldstart|move: Grassy Terrain|[from] ability: Grassy Surge|[of] p2a: Rillaboom\n|turn|4\n|\n|t:|1700409888\n|move|p2a: Rillaboom|Fake Out|p1a: Sneasler\n|-damage|p1a: Sneasler|22\/100\n|cant|p1a: Sneasler|flinch\n|\n|-heal|p1a: Sneasler|28\/100|[from] Grassy Terrain\n|upkeep\n|turn|5\n|\n|t:|1700409892\n|move|p2a: Rillaboom|Grassy Glide|p1a: Sneasler\n|-resisted|p1a: Sneasler\n|-damage|p1a: Sneasler|0 fnt\n|faint|p1a: Sneasler\n|\n|upkeep\n|\n|t:|1700409897\n|switch|p1a: Great Tusk|Great Tusk|100\/100\n|-activate|p1a: Great Tusk|move: Sticky Web\n|-unboost|p1a: Great Tusk|spe|1\n|turn|6\n|\n|t:|1700409904\n|move|p2a: Rillaboom|Bulk Up|p2a: Rillaboom\n|-boost|p2a: Rillaboom|atk|1\n|-boost|p2a: Rillaboom|def|1\n|move|p1a: Great Tusk|Rapid Spin|p2a: Rillaboom\n|-damage|p2a: Rillaboom|89\/100\n|-boost|p1a: Great Tusk|spe|1\n|-sideend|p1: Ahsene|Sticky Web|[from] move: Rapid Spin|[of] p1a: Great Tusk\n|\n|-heal|p2a: Rillaboom|95\/100|[from] Grassy Terrain\n|-heal|p2a: Rillaboom|100\/100|[from] item: Leftovers\n|upkeep\n|turn|7\n|\n|t:|1700409914\n|move|p2a: Rillaboom|Grassy Glide|p1a: Great Tusk\n|-supereffective|p1a: Great Tusk\n|-damage|p1a: Great Tusk|48\/100\n|move|p1a: Great Tusk|Knock Off|p2a: Rillaboom\n|-damage|p2a: Rillaboom|82\/100\n|-enditem|p2a: Rillaboom|Leftovers|[from] move: Knock Off|[of] p1a: Great Tusk\n|\n|-heal|p2a: Rillaboom|88\/100|[from] Grassy Terrain\n|-heal|p1a: Great Tusk|54\/100|[from] Grassy Terrain\n|-heal|p1a: Great Tusk|60\/100|[from] item: Leftovers\n|upkeep\n|turn|8\n|\n|t:|1700409926\n|move|p2a: Rillaboom|Grassy Glide|p1a: Great Tusk\n|-supereffective|p1a: Great Tusk\n|-damage|p1a: Great Tusk|9\/100\n|move|p1a: Great Tusk|Knock Off|p2a: Rillaboom\n|-damage|p2a: Rillaboom|73\/100\n|\n|-heal|p2a: Rillaboom|79\/100|[from] Grassy Terrain\n|-heal|p1a: Great Tusk|15\/100|[from] Grassy Terrain\n|-heal|p1a: Great Tusk|21\/100|[from] item: Leftovers\n|-fieldend|move: Grassy Terrain\n|upkeep\n|turn|9\n|\n|t:|1700409932\n|move|p2a: Rillaboom|Grassy Glide|p1a: Great Tusk\n|-supereffective|p1a: Great Tusk\n|-damage|p1a: Great Tusk|0 fnt\n|faint|p1a: Great Tusk\n|-end|p1a: Great Tusk|Protosynthesis|[silent]\n|\n|upkeep\n|\n|t:|1700409935\n|switch|p1a: Iron Moth|Iron Moth|100\/100\n|-enditem|p1a: Iron Moth|Booster Energy\n|-activate|p1a: Iron Moth|ability: Quark Drive|[fromitem]\n|-start|p1a: Iron Moth|quarkdrivespe\n|turn|10\n|\n|t:|1700409941\n|switch|p2a: Heatran|Heatran, F|100\/100\n|move|p1a: Iron Moth|Fiery Dance|p2a: Heatran\n|-start|p2a: Heatran|ability: Flash Fire\n|\n|upkeep\n|turn|11\n|\n|t:|1700409952\n|-terastallize|p1a: Iron Moth|Fire\n|move|p1a: Iron Moth|Discharge|p2a: Heatran\n|-damage|p2a: Heatran|85\/100\n|-status|p2a: Heatran|par\n|move|p2a: Heatran|Stealth Rock|p1a: Iron Moth\n|-sidestart|p1: Ahsene|move: Stealth Rock\n|\n|-heal|p2a: Heatran|91\/100 par|[from] item: Leftovers\n|upkeep\n|turn|12\n|-message|Ahsene forfeited.\n|\n|win|xmorphias\n|raw|Ahsene's rating: 1058 &rarr; <strong>1042<\/strong><br \/>(-16 for losing)\n|raw|xmorphias's rating: 1108 &rarr; <strong>1129<\/strong><br \/>(+21 for winning)\n|l|\u2606Ahsene\n","uploadtime":1700410014,"views":7,"p1id":"ahsene","p2id":"xmorphias","formatid":"gen9ou","rating":1042,"private":0,"password":""}