{"id":"gen9ou-1989172856","p1":"Madelaine56","p2":"Th3graysun","format":"[Gen 9] OU","log":"|j|\u2606Madelaine56\n|j|\u2606Th3graysun\n|t:|1699819905\n|gametype|singles\n|player|p1|Madelaine56|266|1113\n|player|p2|Th3graysun|170|1130\n|teamsize|p1|6\n|teamsize|p2|6\n|gen|9\n|tier|[Gen 9] OU\n|rated|\n|rule|Sleep Clause Mod: Limit one foe put to sleep\n|rule|Species Clause: Limit one of each Pok\u00e9mon\n|rule|OHKO Clause: OHKO moves are banned\n|rule|Evasion Items Clause: Evasion items are banned\n|rule|Evasion Moves Clause: Evasion moves are banned\n|rule|Endless Battle Clause: Forcing endless battles is banned\n|rule|HP Percentage Mod: HP is shown in percentages\n|clearpoke\n|poke|p1|Infernape, M|\n|poke|p1|Gallade, M|\n|poke|p1|Ogerpon-Cornerstone, F|\n|poke|p1|Hatterene, F|\n|poke|p1|Milotic, M|\n|poke|p1|Dipplin, M|\n|poke|p2|Kingambit, F|\n|poke|p2|Samurott-Hisui, M|\n|poke|p2|Ting-Lu|\n|poke|p2|Grimmsnarl, M|\n|poke|p2|Mandibuzz, F|\n|poke|p2|Tyranitar, F|\n|teampreview\n|inactive|Battle timer is ON: inactive players will automatically lose when time's up. (requested by Th3graysun)\n|\n|t:|1699819917\n|start\n|switch|p1a: Pomdramour|Dipplin, M|100\/100\n|switch|p2a: Annoying|Grimmsnarl, M, shiny|100\/100\n|turn|1\n|\n|t:|1699819925\n|move|p2a: Annoying|Fake Out|p1a: Pomdramour\n|-damage|p1a: Pomdramour|93\/100\n|cant|p1a: Pomdramour|flinch\n|\n|upkeep\n|turn|2\n|\n|t:|1699819931\n|move|p2a: Annoying|Light Screen|p2a: Annoying\n|-sidestart|p2: Th3graysun|move: Light Screen\n|move|p1a: Pomdramour|Infestation|p2a: Annoying\n|-damage|p2a: Annoying|99\/100\n|-activate|p2a: Annoying|move: Infestation|[of] p1a: Pomdramour\n|\n|-damage|p2a: Annoying|86\/100|[from] move: Infestation|[partiallytrapped]\n|upkeep\n|turn|3\n|\n|t:|1699819942\n|move|p2a: Annoying|Reflect|p2a: Annoying\n|-sidestart|p2: Th3graysun|Reflect\n|move|p1a: Pomdramour|Giga Drain|p2a: Annoying\n|-damage|p2a: Annoying|76\/100\n|-heal|p1a: Pomdramour|99\/100|[from] drain|[of] p2a: Annoying\n|\n|-damage|p2a: Annoying|64\/100|[from] move: Infestation|[partiallytrapped]\n|upkeep\n|turn|4\n|\n|t:|1699819950\n|move|p2a: Annoying|Parting Shot|p1a: Pomdramour\n|-unboost|p1a: Pomdramour|atk|1\n|-unboost|p1a: Pomdramour|spa|1\n|\n|t:|1699819957\n|switch|p2a: Bad Bicth|Mandibuzz, F|100\/100|[from] Parting Shot\n|move|p1a: Pomdramour|Giga Drain|p2a: Bad Bicth\n|-resisted|p2a: Bad Bicth\n|-damage|p2a: Bad Bicth|97\/100\n|-heal|p1a: Pomdramour|100\/100|[from] drain|[of] p2a: Bad Bicth\n|\n|upkeep\n|turn|5\n|\n|t:|1699819965\n|move|p2a: Bad Bicth|Knock Off|p1a: Pomdramour\n|-damage|p1a: Pomdramour|80\/100\n|-activate|p1a: Pomdramour|ability: Sticky Hold\n|move|p1a: Pomdramour|Infestation|p2a: Bad Bicth\n|-damage|p2a: Bad Bicth|96\/100\n|-activate|p2a: Bad Bicth|move: Infestation|[of] p1a: Pomdramour\n|\n|-damage|p2a: Bad Bicth|84\/100|[from] move: Infestation|[partiallytrapped]\n|upkeep\n|turn|6\n|\n|t:|1699819974\n|move|p2a: Bad Bicth|U-turn|p1a: Pomdramour\n|-supereffective|p1a: Pomdramour\n|-damage|p1a: Pomdramour|58\/100\n|\n|t:|1699819982\n|switch|p2a: Annoying|Grimmsnarl, M, shiny|64\/100|[from] U-turn\n|move|p1a: Pomdramour|Dragon Breath|p2a: Annoying\n|-immune|p2a: Annoying\n|\n|upkeep\n|turn|7\n|\n|t:|1699819992\n|move|p2a: Annoying|Fake Out|p1a: Pomdramour\n|-damage|p1a: Pomdramour|52\/100\n|cant|p1a: Pomdramour|flinch\n|\n|upkeep\n|turn|8\n|\n|t:|1699819999\n|move|p2a: Annoying|Parting Shot|p1a: Pomdramour\n|-unboost|p1a: Pomdramour|atk|1\n|-unboost|p1a: Pomdramour|spa|1\n|\n|t:|1699820002\n|switch|p2a: Bad Bicth|Mandibuzz, F|84\/100|[from] Parting Shot\n|move|p1a: Pomdramour|Recover|p1a: Pomdramour\n|-heal|p1a: Pomdramour|100\/100\n|\n|upkeep\n|turn|9\n|\n|t:|1699820009\n|move|p2a: Bad Bicth|U-turn|p1a: Pomdramour\n|-supereffective|p1a: Pomdramour\n|-damage|p1a: Pomdramour|80\/100\n|\n|t:|1699820011\n|switch|p2a: Annoying|Grimmsnarl, M, shiny|64\/100|[from] U-turn\n|move|p1a: Pomdramour|Infestation|p2a: Annoying\n|-damage|p2a: Annoying|63\/100\n|-activate|p2a: Annoying|move: Infestation|[of] p1a: Pomdramour\n|\n|-damage|p2a: Annoying|51\/100|[from] move: Infestation|[partiallytrapped]\n|-sideend|p2: Th3graysun|move: Light Screen\n|upkeep\n|turn|10\n|\n|t:|1699820026\n|move|p2a: Annoying|Parting Shot|p1a: Pomdramour\n|-unboost|p1a: Pomdramour|atk|1\n|-unboost|p1a: Pomdramour|spa|1\n|\n|t:|1699820033\n|switch|p2a: Nani?|Kingambit, F|100\/100|[from] Parting Shot\n|move|p1a: Pomdramour|Giga Drain|p2a: Nani?\n|-resisted|p2a: Nani?\n|-damage|p2a: Nani?|96\/100\n|-heal|p1a: Pomdramour|82\/100|[from] drain|[of] p2a: Nani?\n|\n|-sideend|p2: Th3graysun|Reflect\n|upkeep\n|turn|11\n|\n|t:|1699820043\n|move|p2a: Nani?|Poison Jab|p1a: Pomdramour\n|-supereffective|p1a: Pomdramour\n|-damage|p1a: Pomdramour|45\/100\n|-status|p1a: Pomdramour|psn\n|move|p1a: Pomdramour|Infestation|p2a: Nani?\n|-crit|p2a: Nani?\n|-damage|p2a: Nani?|89\/100\n|-activate|p2a: Nani?|move: Infestation|[of] p1a: Pomdramour\n|\n|-damage|p1a: Pomdramour|33\/100 psn|[from] psn\n|-damage|p2a: Nani?|76\/100|[from] move: Infestation|[partiallytrapped]\n|upkeep\n|turn|12\n|\n|t:|1699820058\n|switch|p1a: Milobellus|Milotic, M|100\/100\n|move|p2a: Nani?|Poison Jab|p1a: Milobellus\n|-damage|p1a: Milobellus|77\/100\n|\n|-end|p2a: Nani?|Infestation|[partiallytrapped]|[silent]\n|-status|p1a: Milobellus|brn|[from] item: Flame Orb\n|upkeep\n|turn|13\n|\n|t:|1699820069\n|-end|p2a: Nani?|fallenundefined|[silent]\n|switch|p2a: Annoying|Grimmsnarl, M, shiny|51\/100\n|move|p1a: Milobellus|Scald|p2a: Annoying\n|-damage|p2a: Annoying|28\/100\n|\n|-damage|p1a: Milobellus|71\/100 brn|[from] brn\n|upkeep\n|turn|14\n|\n|t:|1699820085\n|switch|p1a: Pomdramour|Dipplin, M|33\/100 psn\n|move|p2a: Annoying|Fake Out|p1a: Pomdramour\n|-damage|p1a: Pomdramour|27\/100 psn\n|\n|-damage|p1a: Pomdramour|15\/100 psn|[from] psn\n|upkeep\n|turn|15\n|\n|t:|1699820094\n|move|p2a: Annoying|Reflect|p2a: Annoying\n|-sidestart|p2: Th3graysun|Reflect\n|move|p1a: Pomdramour|Recover|p1a: Pomdramour\n|-heal|p1a: Pomdramour|65\/100 psn\n|\n|-damage|p1a: Pomdramour|52\/100 psn|[from] psn\n|upkeep\n|turn|16\n|\n|t:|1699820102\n|move|p2a: Annoying|Light Screen|p2a: Annoying\n|-sidestart|p2: Th3graysun|move: Light Screen\n|move|p1a: Pomdramour|Infestation|p2a: Annoying\n|-damage|p2a: Annoying|26\/100\n|-activate|p2a: Annoying|move: Infestation|[of] p1a: Pomdramour\n|\n|-damage|p1a: Pomdramour|40\/100 psn|[from] psn\n|-damage|p2a: Annoying|14\/100|[from] move: Infestation|[partiallytrapped]\n|upkeep\n|turn|17\n|\n|t:|1699820109\n|move|p2a: Annoying|Parting Shot|p1a: Pomdramour\n|-unboost|p1a: Pomdramour|atk|1\n|-unboost|p1a: Pomdramour|spa|1\n|\n|t:|1699820116\n|switch|p2a: Gojira|Tyranitar, F|100\/100|[from] Parting Shot\n|-weather|Sandstorm|[from] ability: Sand Stream|[of] p2a: Gojira\n|move|p1a: Pomdramour|Recover|p1a: Pomdramour\n|-heal|p1a: Pomdramour|90\/100 psn\n|\n|-weather|Sandstorm|[upkeep]\n|-damage|p1a: Pomdramour|84\/100 psn|[from] Sandstorm\n|-damage|p1a: Pomdramour|71\/100 psn|[from] psn\n|upkeep\n|turn|18\n|\n|t:|1699820132\n|move|p2a: Gojira|Ice Punch|p1a: Pomdramour\n|-supereffective|p1a: Pomdramour\n|-damage|p1a: Pomdramour|4\/100 psn\n|move|p1a: Pomdramour|Infestation|p2a: Gojira\n|-supereffective|p2a: Gojira\n|-damage|p2a: Gojira|99\/100\n|-activate|p2a: Gojira|move: Infestation|[of] p1a: Pomdramour\n|\n|-weather|Sandstorm|[upkeep]\n|-damage|p1a: Pomdramour|0 fnt|[from] Sandstorm\n|faint|p1a: Pomdramour\n|-heal|p2a: Gojira|100\/100|[from] item: Leftovers\n|-end|p2a: Gojira|Infestation|[partiallytrapped]|[silent]\n|upkeep\n|\n|t:|1699820146\n|switch|p1a: Gallame|Gallade, M|100\/100\n|turn|19\n|\n|t:|1699820157\n|move|p1a: Gallame|Sacred Sword|p2a: Gojira\n|-supereffective|p2a: Gojira\n|-damage|p2a: Gojira|0 fnt\n|faint|p2a: Gojira\n|\n|-weather|Sandstorm|[upkeep]\n|-damage|p1a: Gallame|94\/100|[from] Sandstorm\n|upkeep\n|\n|t:|1699820163\n|switch|p2a: Annoying|Grimmsnarl, M, shiny|14\/100\n|turn|20\n|\n|t:|1699820170\n|move|p2a: Annoying|Fake Out|p1a: Gallame\n|-damage|p1a: Gallame|75\/100\n|cant|p1a: Gallame|flinch\n|\n|-weather|Sandstorm|[upkeep]\n|-damage|p1a: Gallame|68\/100|[from] Sandstorm\n|-damage|p2a: Annoying|8\/100|[from] Sandstorm\n|upkeep\n|turn|21\n|\n|t:|1699820178\n|move|p2a: Annoying|Parting Shot|p1a: Gallame\n|-unboost|p1a: Gallame|atk|1\n|-unboost|p1a: Gallame|spa|1\n|\n|t:|1699820182\n|switch|p2a: Huh?|Ting-Lu|100\/100|[from] Parting Shot\n|-ability|p2a: Huh?|Vessel of Ruin\n|move|p1a: Gallame|Agility|p1a: Gallame\n|-boost|p1a: Gallame|spe|2\n|\n|-weather|none\n|upkeep\n|turn|22\n|\n|t:|1699820194\n|move|p1a: Gallame|Sacred Sword|p2a: Huh?\n|-supereffective|p2a: Huh?\n|-damage|p2a: Huh?|82\/100\n|-damage|p1a: Gallame|52\/100|[from] item: Rocky Helmet|[of] p2a: Huh?\n|move|p2a: Huh?|Spikes|p1a: Gallame\n|-sidestart|p1: Madelaine56|Spikes\n|\n|-sideend|p2: Th3graysun|Reflect\n|upkeep\n|turn|23\n|\n|t:|1699820208\n|move|p1a: Gallame|Sacred Sword|p2a: Huh?\n|-supereffective|p2a: Huh?\n|-damage|p2a: Huh?|37\/100\n|-damage|p1a: Gallame|35\/100|[from] item: Rocky Helmet|[of] p2a: Huh?\n|move|p2a: Huh?|Spikes|p1a: Gallame\n|-sidestart|p1: Madelaine56|Spikes\n|\n|-sideend|p2: Th3graysun|move: Light Screen\n|upkeep\n|turn|24\n|\n|t:|1699820218\n|move|p1a: Gallame|Sacred Sword|p2a: Huh?\n|-supereffective|p2a: Huh?\n|-damage|p2a: Huh?|0 fnt\n|-damage|p1a: Gallame|19\/100|[from] item: Rocky Helmet|[of] p2a: Huh?\n|faint|p2a: Huh?\n|\n|upkeep\n|\n|t:|1699820225\n|switch|p2a: My first favorite|Samurott-Hisui, M, shiny|100\/100\n|turn|25\n|\n|t:|1699820238\n|switch|p1a: Milobellus|Milotic, M|71\/100 brn\n|-damage|p1a: Milobellus|54\/100 brn|[from] Spikes\n|-terastallize|p2a: My first favorite|Fighting\n|move|p2a: My first favorite|Ceaseless Edge|p1a: Milobellus\n|-damage|p1a: Milobellus|32\/100 brn\n|-sidestart|p1: Madelaine56|Spikes\n|\n|-damage|p1a: Milobellus|26\/100 brn|[from] brn\n|upkeep\n|turn|26\n|\n|t:|1699820248\n|move|p2a: My first favorite|Ceaseless Edge|p1a: Milobellus\n|-damage|p1a: Milobellus|3\/100 brn\n|move|p1a: Milobellus|Recover|p1a: Milobellus\n|-heal|p1a: Milobellus|53\/100 brn\n|\n|-damage|p1a: Milobellus|47\/100 brn|[from] brn\n|upkeep\n|turn|27\n|\n|t:|1699820270\n|move|p2a: My first favorite|Ceaseless Edge|p1a: Milobellus\n|-damage|p1a: Milobellus|25\/100 brn\n|move|p1a: Milobellus|Draining Kiss|p2a: My first favorite\n|-supereffective|p2a: My first favorite\n|-damage|p2a: My first favorite|66\/100\n|-heal|p1a: Milobellus|46\/100 brn|[from] drain|[of] p2a: My first favorite\n|\n|-damage|p1a: Milobellus|40\/100 brn|[from] brn\n|upkeep\n|turn|28\n|\n|t:|1699820283\n|move|p2a: My first favorite|Ceaseless Edge|p1a: Milobellus\n|-damage|p1a: Milobellus|18\/100 brn\n|move|p1a: Milobellus|Draining Kiss|p2a: My first favorite\n|-supereffective|p2a: My first favorite\n|-damage|p2a: My first favorite|31\/100\n|-heal|p1a: Milobellus|40\/100 brn|[from] drain|[of] p2a: My first favorite\n|\n|-damage|p1a: Milobellus|34\/100 brn|[from] brn\n|upkeep\n|turn|29\n|\n|t:|1699820293\n|move|p2a: My first favorite|Ceaseless Edge|p1a: Milobellus\n|-damage|p1a: Milobellus|13\/100 brn\n|move|p1a: Milobellus|Draining Kiss|p2a: My first favorite\n|-supereffective|p2a: My first favorite\n|-damage|p2a: My first favorite|0 fnt\n|-heal|p1a: Milobellus|32\/100 brn|[from] drain|[of] p2a: My first favorite\n|faint|p2a: My first favorite\n|\n|-damage|p1a: Milobellus|26\/100 brn|[from] brn\n|upkeep\n|\n|t:|1699820297\n|switch|p2a: Annoying|Grimmsnarl, M, shiny|8\/100\n|turn|30\n|\n|t:|1699820307\n|move|p2a: Annoying|Fake Out|p1a: Milobellus\n|-damage|p1a: Milobellus|20\/100 brn\n|cant|p1a: Milobellus|flinch\n|\n|-damage|p1a: Milobellus|14\/100 brn|[from] brn\n|upkeep\n|turn|31\n|\n|t:|1699820323\n|move|p2a: Annoying|Reflect|p2a: Annoying\n|-sidestart|p2: Th3graysun|Reflect\n|move|p1a: Milobellus|Draining Kiss|p2a: Annoying\n|-supereffective|p2a: Annoying\n|-damage|p2a: Annoying|0 fnt\n|-heal|p1a: Milobellus|20\/100 brn|[from] drain|[of] p2a: Annoying\n|faint|p2a: Annoying\n|\n|-damage|p1a: Milobellus|14\/100 brn|[from] brn\n|upkeep\n|\n|t:|1699820327\n|switch|p2a: Bad Bicth|Mandibuzz, F|84\/100\n|turn|32\n|\n|t:|1699820336\n|move|p2a: Bad Bicth|Knock Off|p1a: Milobellus\n|-damage|p1a: Milobellus|0 fnt\n|-enditem|p1a: Milobellus|Flame Orb|[from] move: Knock Off|[of] p2a: Bad Bicth\n|faint|p1a: Milobellus\n|\n|upkeep\n|\n|t:|1699820351\n|switch|p1a: Sorcilence|Hatterene, F|100\/100\n|-damage|p1a: Sorcilence|76\/100|[from] Spikes\n|turn|33\n|\n|t:|1699820364\n|move|p2a: Bad Bicth|Knock Off|p1a: Sorcilence\n|-damage|p1a: Sorcilence|35\/100\n|-enditem|p1a: Sorcilence|Light Clay|[from] move: Knock Off|[of] p2a: Bad Bicth\n|move|p1a: Sorcilence|Draining Kiss|p2a: Bad Bicth\n|-supereffective|p2a: Bad Bicth\n|-damage|p2a: Bad Bicth|38\/100\n|-heal|p1a: Sorcilence|81\/100|[from] drain|[of] p2a: Bad Bicth\n|\n|upkeep\n|turn|34\n|\n|t:|1699820377\n|move|p2a: Bad Bicth|Knock Off|p1a: Sorcilence\n|-damage|p1a: Sorcilence|55\/100\n|move|p1a: Sorcilence|Draining Kiss|p2a: Bad Bicth\n|-supereffective|p2a: Bad Bicth\n|-damage|p2a: Bad Bicth|0 fnt\n|-heal|p1a: Sorcilence|93\/100|[from] drain|[of] p2a: Bad Bicth\n|faint|p2a: Bad Bicth\n|\n|upkeep\n|\n|t:|1699820382\n|switch|p2a: Nani?|Kingambit, F|76\/100\n|-activate|p2a: Nani?|ability: Supreme Overlord\n|-start|p2a: Nani?|fallen5|[silent]\n|turn|35\n|\n|t:|1699820389\n|move|p2a: Nani?|Swords Dance|p2a: Nani?\n|-boost|p2a: Nani?|atk|2\n|move|p1a: Sorcilence|Reflect|p1a: Sorcilence\n|-sidestart|p1: Madelaine56|Reflect\n|\n|upkeep\n|turn|36\n|\n|t:|1699820399\n|move|p2a: Nani?|Poison Jab|p1a: Sorcilence\n|-supereffective|p1a: Sorcilence\n|-damage|p1a: Sorcilence|0 fnt\n|faint|p1a: Sorcilence\n|\n|upkeep\n|\n|t:|1699820422\n|switch|p1a: Ogerpon|Ogerpon-Cornerstone, F|100\/100\n|-damage|p1a: Ogerpon|76\/100|[from] Spikes\n|turn|37\n|\n|t:|1699820431\n|move|p1a: Ogerpon|Spikes|p2a: Nani?\n|-sidestart|p2: Th3graysun|Spikes\n|move|p2a: Nani?|Iron Head|p1a: Ogerpon\n|-supereffective|p1a: Ogerpon\n|-crit|p1a: Ogerpon\n|-damage|p1a: Ogerpon|0 fnt\n|faint|p1a: Ogerpon\n|\n|upkeep\n|\n|t:|1699820438\n|switch|p1a: Simiabraz|Infernape, M|100\/100\n|turn|38\n|\n|t:|1699820444\n|move|p1a: Simiabraz|Vacuum Wave|p2a: Nani?\n|-supereffective|p2a: Nani?\n|-damage|p2a: Nani?|10\/100\n|move|p2a: Nani?|Sucker Punch||[still]\n|-fail|p2a: Nani?\n|\n|-sideend|p2: Th3graysun|Reflect\n|upkeep\n|turn|39\n|-message|Th3graysun forfeited.\n|\n|win|Madelaine56\n|raw|Madelaine56's rating: 1113 &rarr; <strong>1139<\/strong><br \/>(+26 for winning)\n|raw|Th3graysun's rating: 1130 &rarr; <strong>1104<\/strong><br \/>(-26 for losing)\n|l|\u2606Th3graysun\n","uploadtime":1699820476,"views":10,"p1id":"madelaine56","p2id":"th3graysun","formatid":"gen9ou","rating":1104,"private":0,"password":""}