{"id":"gen9ou-1996388574","p1":"R. Caroline","p2":"genesis7","format":"[Gen 9] OU","log":"|j|\u2606R. Caroline\n|j|\u2606genesis7\n|t:|1700677318\n|gametype|singles\n|player|p1|R. Caroline|psychicf|1622\n|player|p2|genesis7|#ssdleviathans|1662\n|teamsize|p1|6\n|teamsize|p2|6\n|gen|9\n|tier|[Gen 9] OU\n|rated|\n|rule|Sleep Clause Mod: Limit one foe put to sleep\n|rule|Species Clause: Limit one of each Pok\u00e9mon\n|rule|OHKO Clause: OHKO moves are banned\n|rule|Evasion Items Clause: Evasion items are banned\n|rule|Evasion Moves Clause: Evasion moves are banned\n|rule|Endless Battle Clause: Forcing endless battles is banned\n|rule|HP Percentage Mod: HP is shown in percentages\n|clearpoke\n|poke|p1|Hydreigon, F|\n|poke|p1|Ursaluna, M|\n|poke|p1|Chansey, F|\n|poke|p1|Scizor, F|\n|poke|p1|Mew|\n|poke|p1|Avalugg, M|\n|poke|p2|Cinderace, M|\n|poke|p2|Landorus-Therian, M|\n|poke|p2|Ribombee, F|\n|poke|p2|Manaphy|\n|poke|p2|Gholdengo|\n|poke|p2|Greninja-*, M|\n|teampreview\n|\n|t:|1700677338\n|start\n|switch|p1a: Beatriz da Costa|Scizor, F, shiny|100\/100\n|switch|p2a: Ribombee|Ribombee, F|100\/100\n|turn|1\n|j| Ruinous Tusk\n|j| KoffingWoffing\n|\n|t:|1700677342\n|move|p1a: Beatriz da Costa|Bullet Punch|p2a: Ribombee\n|-supereffective|p2a: Ribombee\n|-enditem|p2a: Ribombee|Focus Sash\n|-damage|p2a: Ribombee|1\/100\n|move|p2a: Ribombee|Sticky Web|p1a: Beatriz da Costa\n|-sidestart|p1: R. Caroline|move: Sticky Web\n|\n|upkeep\n|turn|2\n|\n|t:|1700677349\n|move|p2a: Ribombee|Stun Spore|p1a: Beatriz da Costa\n|-status|p1a: Beatriz da Costa|par\n|move|p1a: Beatriz da Costa|Defog|p2a: Ribombee\n|-unboost|p2a: Ribombee|evasion|1\n|-sideend|p1: R. Caroline|Sticky Web|[from] move: Defog|[of] p1a: Beatriz da Costa\n|\n|upkeep\n|turn|3\n|\n|t:|1700677358\n|move|p1a: Beatriz da Costa|Bullet Punch|p2a: Ribombee\n|-supereffective|p2a: Ribombee\n|-crit|p2a: Ribombee\n|-damage|p2a: Ribombee|0 fnt\n|faint|p2a: Ribombee\n|\n|upkeep\n|\n|t:|1700677363\n|switch|p2a: Cinderace|Cinderace, M|100\/100\n|turn|4\n|\n|t:|1700677376\n|switch|p1a: Jonathan Osterman|Avalugg, M|100\/100\n|move|p2a: Cinderace|Pyro Ball|p1a: Jonathan Osterman\n|-supereffective|p1a: Jonathan Osterman\n|-damage|p1a: Jonathan Osterman|50\/100\n|\n|upkeep\n|turn|5\n|\n|t:|1700677385\n|-terastallize|p1a: Jonathan Osterman|Fighting\n|move|p2a: Cinderace|Pyro Ball|p1a: Jonathan Osterman|[miss]\n|-miss|p2a: Cinderace|p1a: Jonathan Osterman\n|move|p1a: Jonathan Osterman|Body Press|p2a: Cinderace\n|-damage|p2a: Cinderace|18\/100\n|\n|upkeep\n|turn|6\n|\n|t:|1700677397\n|switch|p2a: Kuzko|Gholdengo|100\/100\n|-item|p2a: Kuzko|Air Balloon\n|move|p1a: Jonathan Osterman|Recover|p1a: Jonathan Osterman\n|-heal|p1a: Jonathan Osterman|99\/100\n|\n|upkeep\n|turn|7\n|\n|t:|1700677406\n|switch|p1a: Boston Brand|Mew, shiny|100\/100\n|move|p2a: Kuzko|Make It Rain|p1a: Boston Brand\n|-damage|p1a: Boston Brand|43\/100\n|-unboost|p2a: Kuzko|spa|1\n|\n|upkeep\n|turn|8\n|\n|t:|1700677414\n|switch|p2a: Greninja|Greninja, M|100\/100\n|move|p1a: Boston Brand|Volt Switch|p2a: Greninja\n|-supereffective|p2a: Greninja\n|-damage|p2a: Greninja|4\/100\n|l| KoffingWoffing\n|j| Little Cuack\n|\n|t:|1700677420\n|switch|p1a: Shayera Hal|Chansey, F, shiny|100\/100|[from] Volt Switch\n|\n|upkeep\n|turn|9\n|\n|t:|1700677425\n|switch|p2a: Landorus|Landorus-Therian, M|100\/100\n|-ability|p2a: Landorus|Intimidate|boost\n|-unboost|p1a: Shayera Hal|atk|1\n|move|p1a: Shayera Hal|Stealth Rock|p2a: Landorus\n|-sidestart|p2: genesis7|move: Stealth Rock\n|\n|upkeep\n|turn|10\n|\n|t:|1700677432\n|switch|p1a: Jason Blood|Ursaluna, M, shiny|100\/100\n|-terastallize|p2a: Landorus|Flying\n|move|p2a: Landorus|Tera Blast|p1a: Jason Blood|[anim] Tera Blast Flying\n|-damage|p1a: Jason Blood|31\/100\n|\n|upkeep\n|turn|11\n|\n|t:|1700677440\n|switch|p1a: Shayera Hal|Chansey, F, shiny|100\/100\n|move|p2a: Landorus|Tera Blast|p1a: Shayera Hal|[anim] Tera Blast Flying\n|-damage|p1a: Shayera Hal|33\/100\n|\n|upkeep\n|turn|12\n|j| quesitoooo\n|\n|t:|1700677450\n|switch|p1a: Beatriz da Costa|Scizor, F, shiny|100\/100 par\n|move|p2a: Landorus|Tera Blast|p1a: Beatriz da Costa|[anim] Tera Blast Flying\n|-damage|p1a: Beatriz da Costa|0 fnt\n|faint|p1a: Beatriz da Costa\n|\n|upkeep\n|\n|t:|1700677457\n|switch|p1a: Helena Bertinelli|Hydreigon, F|100\/100\n|turn|13\n|\n|t:|1700677462\n|switch|p2a: Greninja|Greninja, M|4\/100\n|-damage|p2a: Greninja|0 fnt|[from] Stealth Rock\n|faint|p2a: Greninja\n|move|p1a: Helena Bertinelli|Draco Meteor|p2: Greninja|[notarget]\n|-fail|p1a: Helena Bertinelli\n|\n|upkeep\n|\n|t:|1700677470\n|switch|p2a: Cinderace|Cinderace, M|18\/100\n|turn|14\n|\n|t:|1700677475\n|move|p1a: Helena Bertinelli|Draco Meteor|p2a: Cinderace\n|-damage|p2a: Cinderace|0 fnt\n|-unboost|p1a: Helena Bertinelli|spa|2\n|faint|p2a: Cinderace\n|\n|upkeep\n|\n|t:|1700677482\n|switch|p2a: Manaphy|Manaphy|100\/100\n|-damage|p2a: Manaphy|88\/100|[from] Stealth Rock\n|turn|15\n|\n|t:|1700677486\n|switch|p1a: Shayera Hal|Chansey, F, shiny|33\/100\n|move|p2a: Manaphy|Tail Glow|p2a: Manaphy\n|-boost|p2a: Manaphy|spa|3\n|\n|upkeep\n|turn|16\n|\n|t:|1700677494\n|move|p2a: Manaphy|Scald|p1a: Shayera Hal\n|-damage|p1a: Shayera Hal|5\/100\n|-status|p1a: Shayera Hal|brn\n|move|p1a: Shayera Hal|Soft-Boiled|p1a: Shayera Hal\n|-heal|p1a: Shayera Hal|55\/100 brn\n|\n|-damage|p1a: Shayera Hal|49\/100 brn|[from] brn\n|upkeep\n|turn|17\n|\n|t:|1700677502\n|move|p2a: Manaphy|Tail Glow|p2a: Manaphy\n|-boost|p2a: Manaphy|spa|3\n|move|p1a: Shayera Hal|Soft-Boiled|p1a: Shayera Hal\n|-heal|p1a: Shayera Hal|99\/100 brn\n|\n|-damage|p1a: Shayera Hal|92\/100 brn|[from] brn\n|upkeep\n|turn|18\n|\n|t:|1700677508\n|move|p2a: Manaphy|Scald|p1a: Shayera Hal\n|-damage|p1a: Shayera Hal|53\/100 brn\n|move|p1a: Shayera Hal|Seismic Toss|p2a: Manaphy\n|-damage|p2a: Manaphy|59\/100\n|\n|-damage|p1a: Shayera Hal|46\/100 brn|[from] brn\n|upkeep\n|turn|19\n|\n|t:|1700677522\n|move|p2a: Manaphy|Energy Ball|p1a: Shayera Hal\n|-damage|p1a: Shayera Hal|18\/100 brn\n|-unboost|p1a: Shayera Hal|spd|1\n|move|p1a: Shayera Hal|Seismic Toss|p2a: Manaphy\n|-damage|p2a: Manaphy|30\/100\n|\n|-damage|p1a: Shayera Hal|12\/100 brn|[from] brn\n|upkeep\n|turn|20\n|\n|t:|1700677538\n|move|p2a: Manaphy|Scald|p1a: Shayera Hal\n|-damage|p1a: Shayera Hal|0 fnt\n|faint|p1a: Shayera Hal\n|\n|upkeep\n|\n|t:|1700677544\n|switch|p1a: Boston Brand|Mew, shiny|43\/100\n|turn|21\n|\n|t:|1700677550\n|move|p1a: Boston Brand|Volt Switch|p2a: Manaphy\n|-supereffective|p2a: Manaphy\n|-damage|p2a: Manaphy|0 fnt\n|faint|p2a: Manaphy\n|\n|t:|1700677559\n|switch|p1a: Helena Bertinelli|Hydreigon, F|100\/100|[from] Volt Switch\n|\n|upkeep\n|\n|t:|1700677563\n|switch|p2a: Landorus|Landorus-Therian, M, tera:Flying|100\/100\n|-damage|p2a: Landorus|76\/100|[from] Stealth Rock\n|-ability|p2a: Landorus|Intimidate|boost\n|-unboost|p1a: Helena Bertinelli|atk|1\n|turn|22\n|\n|t:|1700677568\n|move|p1a: Helena Bertinelli|Draco Meteor|p2a: Landorus\n|-damage|p2a: Landorus|0 fnt\n|-unboost|p1a: Helena Bertinelli|spa|2\n|faint|p2a: Landorus\n|\n|upkeep\n|\n|t:|1700677571\n|switch|p2a: Kuzko|Gholdengo|100\/100\n|-damage|p2a: Kuzko|94\/100|[from] Stealth Rock\n|-item|p2a: Kuzko|Air Balloon\n|turn|23\n|\n|t:|1700677581\n|move|p1a: Helena Bertinelli|Draco Meteor|p2a: Kuzko\n|-resisted|p2a: Kuzko\n|-damage|p2a: Kuzko|82\/100\n|-unboost|p1a: Helena Bertinelli|spa|2\n|-enditem|p2a: Kuzko|Air Balloon\n|move|p2a: Kuzko|Nasty Plot|p2a: Kuzko\n|-boost|p2a: Kuzko|spa|2\n|\n|upkeep\n|turn|24\n|l| Little Cuack\n|\n|t:|1700677593\n|switch|p1a: Jason Blood|Ursaluna, M, shiny|31\/100\n|move|p2a: Kuzko|Nasty Plot|p2a: Kuzko\n|-boost|p2a: Kuzko|spa|2\n|\n|upkeep\n|turn|25\n|\n|t:|1700677599\n|move|p2a: Kuzko|Make It Rain|p1a: Jason Blood\n|-damage|p1a: Jason Blood|0 fnt\n|-unboost|p2a: Kuzko|spa|1\n|faint|p1a: Jason Blood\n|\n|upkeep\n|\n|t:|1700677611\n|switch|p1a: Jonathan Osterman|Avalugg, M, tera:Fighting|99\/100\n|turn|26\n|\n|t:|1700677616\n|move|p2a: Kuzko|Make It Rain|p1a: Jonathan Osterman\n|-damage|p1a: Jonathan Osterman|0 fnt\n|-unboost|p2a: Kuzko|spa|1\n|faint|p1a: Jonathan Osterman\n|\n|upkeep\n|\n|t:|1700677627\n|switch|p1a: Helena Bertinelli|Hydreigon, F|100\/100\n|turn|27\n|\n|t:|1700677632\n|move|p1a: Helena Bertinelli|Earth Power|p2a: Kuzko\n|-supereffective|p2a: Kuzko\n|-damage|p2a: Kuzko|31\/100\n|move|p2a: Kuzko|Make It Rain|p1a: Helena Bertinelli\n|-damage|p1a: Helena Bertinelli|0 fnt\n|-unboost|p2a: Kuzko|spa|1\n|faint|p1a: Helena Bertinelli\n|\n|upkeep\n|\n|t:|1700677641\n|switch|p1a: Boston Brand|Mew, shiny|43\/100\n|turn|28\n|\n|t:|1700677643\n|move|p1a: Boston Brand|Earth Power|p2a: Kuzko\n|-supereffective|p2a: Kuzko\n|-damage|p2a: Kuzko|0 fnt\n|faint|p2a: Kuzko\n|\n|win|R. Caroline\n|raw|R. Caroline's rating: 1622 &rarr; <strong>1644<\/strong><br \/>(+22 for winning)\n|raw|genesis7's rating: 1662 &rarr; <strong>1640<\/strong><br \/>(-22 for losing)\n","uploadtime":1700677647,"views":6,"p1id":"rcaroline","p2id":"genesis7","formatid":"gen9ou","rating":1640,"private":0,"password":""}