{"id":"gen9ou-1993215214","p1":"darkrows","p2":"PultLord","format":"[Gen 9] OU","log":"|j|\u2606darkrows\n|j|\u2606PultLord\n|t:|1700279145\n|gametype|singles\n|player|p1|darkrows|2|1483\n|player|p2|PultLord|palmer|1439\n|teamsize|p1|6\n|teamsize|p2|6\n|gen|9\n|tier|[Gen 9] OU\n|rated|\n|rule|Sleep Clause Mod: Limit one foe put to sleep\n|rule|Species Clause: Limit one of each Pok\u00e9mon\n|rule|OHKO Clause: OHKO moves are banned\n|rule|Evasion Items Clause: Evasion items are banned\n|rule|Evasion Moves Clause: Evasion moves are banned\n|rule|Endless Battle Clause: Forcing endless battles is banned\n|rule|HP Percentage Mod: HP is shown in percentages\n|clearpoke\n|poke|p1|Hoopa-Unbound|\n|poke|p1|Indeedee, M|\n|poke|p1|Sneasler, F|\n|poke|p1|Armarouge, F|\n|poke|p1|Corviknight, M|\n|poke|p1|Gastrodon, F|\n|poke|p2|Cinderace, F|\n|poke|p2|Torkoal, M|\n|poke|p2|Walking Wake|\n|poke|p2|Sandy Shocks|\n|poke|p2|Great Tusk|\n|poke|p2|Dragonite, F|\n|teampreview\n|inactive|Battle timer is ON: inactive players will automatically lose when time's up. (requested by darkrows)\n|\n|t:|1700279165\n|start\n|switch|p1a: Indeedee|Indeedee, M|100\/100\n|switch|p2a: Torkoal|Torkoal, M|100\/100\n|-fieldstart|move: Psychic Terrain|[from] ability: Psychic Surge|[of] p1a: Indeedee\n|-weather|SunnyDay|[from] ability: Drought|[of] p2a: Torkoal\n|turn|1\n|\n|t:|1700279175\n|switch|p1a: Hoopa|Hoopa-Unbound|100\/100\n|move|p2a: Torkoal|Stealth Rock|p1a: Hoopa\n|-sidestart|p1: darkrows|move: Stealth Rock\n|\n|-weather|SunnyDay|[upkeep]\n|upkeep\n|turn|2\n|\n|t:|1700279182\n|move|p1a: Hoopa|Psychic|p2a: Torkoal\n|-damage|p2a: Torkoal|0 fnt\n|faint|p2a: Torkoal\n|\n|-weather|SunnyDay|[upkeep]\n|upkeep\n|\n|t:|1700279205\n|switch|p2a: Cinderace|Cinderace, F|100\/100\n|turn|3\n|\n|t:|1700279226\n|switch|p2a: Great Tusk|Great Tusk|100\/100\n|-activate|p2a: Great Tusk|ability: Protosynthesis\n|-start|p2a: Great Tusk|protosynthesisspe\n|switch|p1a: Corviknight|Corviknight, M|100\/100\n|-ability|p1a: Corviknight|Pressure\n|\n|-weather|SunnyDay|[upkeep]\n|upkeep\n|turn|4\n|\n|t:|1700279231\n|move|p2a: Great Tusk|Ice Spinner|p1a: Corviknight\n|-damage|p1a: Corviknight|87\/100\n|-fieldend|move: Psychic Terrain\n|move|p1a: Corviknight|U-turn|p2a: Great Tusk\n|-resisted|p2a: Great Tusk\n|-damage|p2a: Great Tusk|96\/100\n|\n|t:|1700279242\n|switch|p1a: Indeedee|Indeedee, M|100\/100|[from] U-turn\n|-damage|p1a: Indeedee|88\/100|[from] Stealth Rock\n|-fieldstart|move: Psychic Terrain|[from] ability: Psychic Surge|[of] p1a: Indeedee\n|\n|-weather|SunnyDay|[upkeep]\n|-heal|p2a: Great Tusk|100\/100|[from] item: Leftovers\n|upkeep\n|turn|5\n|\n|t:|1700279258\n|move|p2a: Great Tusk|Close Combat|p1a: Indeedee\n|-damage|p1a: Indeedee|0 fnt\n|-unboost|p2a: Great Tusk|def|1\n|-unboost|p2a: Great Tusk|spd|1\n|faint|p1a: Indeedee\n|\n|-weather|SunnyDay|[upkeep]\n|upkeep\n|inactive|darkrows has 120 seconds left.\n|\n|t:|1700279294\n|switch|p1a: Sneasler|Sneasler, F|100\/100\n|-damage|p1a: Sneasler|94\/100|[from] Stealth Rock\n|-enditem|p1a: Sneasler|Psychic Seed\n|-boost|p1a: Sneasler|spd|1|[from] item: Psychic Seed\n|turn|6\n|inactive|PultLord has 120 seconds left.\n|\n|t:|1700279325\n|move|p1a: Sneasler|Swords Dance|p1a: Sneasler\n|-boost|p1a: Sneasler|atk|2\n|move|p2a: Great Tusk|Ice Spinner|p1a: Sneasler\n|-damage|p1a: Sneasler|60\/100\n|-fieldend|move: Psychic Terrain\n|\n|-weather|SunnyDay|[upkeep]\n|upkeep\n|turn|7\n|\n|t:|1700279335\n|move|p1a: Sneasler|Acrobatics|p2a: Great Tusk\n|-supereffective|p2a: Great Tusk\n|-damage|p2a: Great Tusk|0 fnt\n|faint|p2a: Great Tusk\n|-end|p2a: Great Tusk|Protosynthesis|[silent]\n|\n|-weather|SunnyDay|[upkeep]\n|upkeep\n|inactive|PultLord has 120 seconds left.\n|\n|t:|1700279349\n|switch|p2a: Dragonite|Dragonite, F|100\/100\n|turn|8\n|\n|t:|1700279357\n|-terastallize|p2a: Dragonite|Normal\n|move|p2a: Dragonite|Extreme Speed|p1a: Sneasler\n|-damage|p1a: Sneasler|0 fnt\n|faint|p1a: Sneasler\n|\n|-weather|none\n|upkeep\n|inactive|darkrows has 120 seconds left.\n|inactive|darkrows has 90 seconds left.\n|\n|t:|1700279402\n|switch|p1a: Corviknight|Corviknight, M|87\/100\n|-ability|p1a: Corviknight|Pressure\n|turn|9\n|\n|t:|1700279414\n|switch|p2a: Sandy Shocks|Sandy Shocks|100\/100\n|-enditem|p2a: Sandy Shocks|Booster Energy\n|-activate|p2a: Sandy Shocks|ability: Protosynthesis|[fromitem]\n|-start|p2a: Sandy Shocks|protosynthesisspe\n|move|p1a: Corviknight|U-turn|p2a: Sandy Shocks\n|-crit|p2a: Sandy Shocks\n|-damage|p2a: Sandy Shocks|77\/100\n|\n|t:|1700279421\n|switch|p1a: Gastrodon|Gastrodon, F|100\/100|[from] U-turn\n|-damage|p1a: Gastrodon|94\/100|[from] Stealth Rock\n|\n|-heal|p1a: Gastrodon|100\/100|[from] item: Leftovers\n|upkeep\n|turn|10\n|\n|t:|1700279437\n|-end|p2a: Sandy Shocks|Protosynthesis|[silent]\n|switch|p2a: Walking Wake|Walking Wake|100\/100\n|move|p1a: Gastrodon|Earth Power|p2a: Walking Wake\n|-damage|p2a: Walking Wake|70\/100\n|\n|upkeep\n|turn|11\n|\n|t:|1700279444\n|move|p2a: Walking Wake|Dragon Pulse|p1a: Gastrodon\n|-damage|p1a: Gastrodon|62\/100\n|move|p1a: Gastrodon|Yawn|p2a: Walking Wake\n|-start|p2a: Walking Wake|move: Yawn|[of] p1a: Gastrodon\n|\n|-heal|p1a: Gastrodon|68\/100|[from] item: Leftovers\n|upkeep\n|turn|12\n|\n|t:|1700279450\n|-end|p2a: Walking Wake|Protosynthesis|[silent]\n|switch|p2a: Cinderace|Cinderace, F|100\/100\n|move|p1a: Gastrodon|Earth Power|p2a: Cinderace\n|-supereffective|p2a: Cinderace\n|-damage|p2a: Cinderace|18\/100\n|-unboost|p2a: Cinderace|spd|1\n|\n|-heal|p1a: Gastrodon|74\/100|[from] item: Leftovers\n|upkeep\n|turn|13\n|\n|t:|1700279459\n|switch|p1a: Corviknight|Corviknight, M|87\/100\n|-ability|p1a: Corviknight|Pressure\n|move|p2a: Cinderace|U-turn|p1a: Corviknight\n|-start|p2a: Cinderace|typechange|Bug|[from] ability: Libero\n|-resisted|p1a: Corviknight\n|-damage|p1a: Corviknight|82\/100\n|\n|t:|1700279484\n|switch|p2a: Sandy Shocks|Sandy Shocks|77\/100|[from] U-turn\n|\n|upkeep\n|turn|14\n|\n|t:|1700279495\n|switch|p1a: Gastrodon|Gastrodon, F|74\/100\n|-damage|p1a: Gastrodon|68\/100|[from] Stealth Rock\n|move|p2a: Sandy Shocks|Earth Power|p1a: Gastrodon\n|-damage|p1a: Gastrodon|39\/100\n|\n|-heal|p1a: Gastrodon|45\/100|[from] item: Leftovers\n|upkeep\n|turn|15\n|\n|t:|1700279507\n|move|p2a: Sandy Shocks|Earth Power|p1a: Gastrodon\n|-damage|p1a: Gastrodon|17\/100\n|move|p1a: Gastrodon|Recover|p1a: Gastrodon\n|-heal|p1a: Gastrodon|67\/100\n|\n|-heal|p1a: Gastrodon|73\/100|[from] item: Leftovers\n|upkeep\n|turn|16\n|\n|t:|1700279516\n|-end|p2a: Sandy Shocks|Protosynthesis|[silent]\n|switch|p2a: Cinderace|Cinderace, F|18\/100\n|move|p1a: Gastrodon|Recover|p1a: Gastrodon\n|-heal|p1a: Gastrodon|100\/100\n|\n|upkeep\n|turn|17\n|\n|t:|1700279521\n|move|p2a: Cinderace|Pyro Ball|p1a: Gastrodon\n|-resisted|p1a: Gastrodon\n|-crit|p1a: Gastrodon\n|-damage|p1a: Gastrodon|54\/100\n|move|p1a: Gastrodon|Earth Power|p2a: Cinderace\n|-supereffective|p2a: Cinderace\n|-damage|p2a: Cinderace|0 fnt\n|faint|p2a: Cinderace\n|\n|-heal|p1a: Gastrodon|60\/100|[from] item: Leftovers\n|upkeep\n|\n|t:|1700279533\n|switch|p2a: Walking Wake|Walking Wake|70\/100\n|turn|18\n|\n|t:|1700279540\n|move|p2a: Walking Wake|Dragon Pulse|p1a: Gastrodon\n|-damage|p1a: Gastrodon|16\/100\n|move|p1a: Gastrodon|Recover|p1a: Gastrodon\n|-heal|p1a: Gastrodon|66\/100\n|\n|-heal|p1a: Gastrodon|72\/100|[from] item: Leftovers\n|upkeep\n|turn|19\n|\n|t:|1700279544\n|move|p2a: Walking Wake|Dragon Pulse|p1a: Gastrodon\n|-damage|p1a: Gastrodon|33\/100\n|move|p1a: Gastrodon|Recover|p1a: Gastrodon\n|-heal|p1a: Gastrodon|83\/100\n|\n|-heal|p1a: Gastrodon|89\/100|[from] item: Leftovers\n|upkeep\n|turn|20\n|\n|t:|1700279550\n|move|p2a: Walking Wake|Dragon Pulse|p1a: Gastrodon\n|-damage|p1a: Gastrodon|46\/100\n|move|p1a: Gastrodon|Yawn|p2a: Walking Wake\n|-start|p2a: Walking Wake|move: Yawn|[of] p1a: Gastrodon\n|\n|-heal|p1a: Gastrodon|52\/100|[from] item: Leftovers\n|upkeep\n|turn|21\n|\n|t:|1700279556\n|-end|p2a: Walking Wake|Protosynthesis|[silent]\n|switch|p2a: Sandy Shocks|Sandy Shocks|77\/100\n|move|p1a: Gastrodon|Recover|p1a: Gastrodon\n|-heal|p1a: Gastrodon|100\/100\n|\n|upkeep\n|turn|22\n|\n|t:|1700279560\n|move|p2a: Sandy Shocks|Earth Power|p1a: Gastrodon\n|-damage|p1a: Gastrodon|72\/100\n|move|p1a: Gastrodon|Earth Power|p2a: Sandy Shocks\n|-supereffective|p2a: Sandy Shocks\n|-damage|p2a: Sandy Shocks|9\/100\n|\n|-heal|p1a: Gastrodon|78\/100|[from] item: Leftovers\n|upkeep\n|turn|23\n|\n|t:|1700279565\n|move|p2a: Sandy Shocks|Earth Power|p1a: Gastrodon\n|-damage|p1a: Gastrodon|51\/100\n|move|p1a: Gastrodon|Recover|p1a: Gastrodon\n|-heal|p1a: Gastrodon|100\/100\n|\n|upkeep\n|turn|24\n|\n|t:|1700279568\n|move|p2a: Sandy Shocks|Earth Power|p1a: Gastrodon\n|-damage|p1a: Gastrodon|72\/100\n|move|p1a: Gastrodon|Earth Power|p2a: Sandy Shocks\n|-supereffective|p2a: Sandy Shocks\n|-damage|p2a: Sandy Shocks|0 fnt\n|faint|p2a: Sandy Shocks\n|-end|p2a: Sandy Shocks|Protosynthesis|[silent]\n|\n|-heal|p1a: Gastrodon|78\/100|[from] item: Leftovers\n|upkeep\n|\n|t:|1700279577\n|switch|p2a: Dragonite|Dragonite, F, tera:Normal|100\/100\n|turn|25\n|\n|t:|1700279591\n|switch|p1a: Corviknight|Corviknight, M|82\/100\n|-ability|p1a: Corviknight|Pressure\n|move|p2a: Dragonite|Dragon Dance|p2a: Dragonite\n|-boost|p2a: Dragonite|atk|1\n|-boost|p2a: Dragonite|spe|1\n|\n|upkeep\n|turn|26\n|\n|t:|1700279599\n|move|p2a: Dragonite|Dragon Dance|p2a: Dragonite\n|-boost|p2a: Dragonite|atk|1\n|-boost|p2a: Dragonite|spe|1\n|move|p1a: Corviknight|Iron Defense|p1a: Corviknight\n|-boost|p1a: Corviknight|def|2\n|\n|upkeep\n|turn|27\n|\n|t:|1700279604\n|switch|p2a: Walking Wake|Walking Wake|70\/100\n|move|p1a: Corviknight|Iron Defense|p1a: Corviknight\n|-boost|p1a: Corviknight|def|2\n|\n|upkeep\n|turn|28\n|\n|t:|1700279610\n|switch|p1a: Gastrodon|Gastrodon, F|78\/100\n|-damage|p1a: Gastrodon|72\/100|[from] Stealth Rock\n|move|p2a: Walking Wake|Flamethrower|p1a: Gastrodon\n|-resisted|p1a: Gastrodon\n|-damage|p1a: Gastrodon|58\/100\n|\n|-heal|p1a: Gastrodon|64\/100|[from] item: Leftovers\n|upkeep\n|turn|29\n|\n|t:|1700279616\n|-end|p2a: Walking Wake|Protosynthesis|[silent]\n|switch|p2a: Dragonite|Dragonite, F, tera:Normal|100\/100\n|move|p1a: Gastrodon|Recover|p1a: Gastrodon\n|-heal|p1a: Gastrodon|100\/100\n|\n|upkeep\n|turn|30\n|\n|t:|1700279628\n|switch|p2a: Walking Wake|Walking Wake|70\/100\n|switch|p1a: Corviknight|Corviknight, M|82\/100\n|-ability|p1a: Corviknight|Pressure\n|\n|upkeep\n|turn|31\n|\n|t:|1700279642\n|-end|p2a: Walking Wake|Protosynthesis|[silent]\n|switch|p2a: Dragonite|Dragonite, F, tera:Normal|100\/100\n|switch|p1a: Gastrodon|Gastrodon, F|100\/100\n|-damage|p1a: Gastrodon|94\/100|[from] Stealth Rock\n|\n|-heal|p1a: Gastrodon|100\/100|[from] item: Leftovers\n|upkeep\n|turn|32\n|\n|t:|1700279650\n|switch|p1a: Corviknight|Corviknight, M|82\/100\n|-ability|p1a: Corviknight|Pressure\n|move|p2a: Dragonite|Dragon Dance|p2a: Dragonite\n|-boost|p2a: Dragonite|atk|1\n|-boost|p2a: Dragonite|spe|1\n|\n|upkeep\n|turn|33\n|\n|t:|1700279654\n|move|p2a: Dragonite|Fire Punch|p1a: Corviknight\n|-supereffective|p1a: Corviknight\n|-damage|p1a: Corviknight|28\/100\n|move|p1a: Corviknight|U-turn|p2a: Dragonite\n|-damage|p2a: Dragonite|93\/100\n|c|\u2606PultLord|GO DRAG GO\n|\n|t:|1700279677\n|switch|p1a: Armarouge|Armarouge, F|100\/100|[from] U-turn\n|\n|upkeep\n|turn|34\n|\n|t:|1700279687\n|move|p1a: Armarouge|Endure|p1a: Armarouge\n|-singleturn|p1a: Armarouge|move: Endure\n|move|p2a: Dragonite|Extreme Speed|p1a: Armarouge\n|-damage|p1a: Armarouge|27\/100\n|-ability|p1a: Armarouge|Weak Armor|boost\n|-unboost|p1a: Armarouge|def|1\n|-boost|p1a: Armarouge|spe|2\n|\n|upkeep\n|turn|35\n|\n|t:|1700279697\n|move|p2a: Dragonite|Extreme Speed|p1a: Armarouge\n|-damage|p1a: Armarouge|0 fnt\n|faint|p1a: Armarouge\n|\n|upkeep\n|-message|darkrows forfeited.\n|\n|win|PultLord\n|raw|darkrows's rating: 1483 &rarr; <strong>1460<\/strong><br \/>(-23 for losing)\n|raw|PultLord's rating: 1439 &rarr; <strong>1462<\/strong><br \/>(+23 for winning)\n|l|\u2606darkrows\n","uploadtime":1700279949,"views":18,"p1id":"darkrows","p2id":"pultlord","formatid":"gen9ou","rating":1460,"private":0,"password":""}