{"id":"gen9ou-1994116185","p1":"outdated ahh team","p2":"jeandonis02","format":"[Gen 9] OU","log":"|j|\u2606outdated ahh team\n|j|\u2606jeandonis02\n|t:|1700408781\n|gametype|singles\n|player|p1|outdated ahh team|bruno-gen2|1614\n|player|p2|jeandonis02|102|1740\n|teamsize|p1|6\n|teamsize|p2|6\n|gen|9\n|tier|[Gen 9] OU\n|rated|\n|rule|Sleep Clause Mod: Limit one foe put to sleep\n|rule|Species Clause: Limit one of each Pok\u00e9mon\n|rule|OHKO Clause: OHKO moves are banned\n|rule|Evasion Items Clause: Evasion items are banned\n|rule|Evasion Moves Clause: Evasion moves are banned\n|rule|Endless Battle Clause: Forcing endless battles is banned\n|rule|HP Percentage Mod: HP is shown in percentages\n|clearpoke\n|poke|p1|Kingambit, M|\n|poke|p1|Ogerpon-Wellspring, F|\n|poke|p1|Hoopa-Unbound|\n|poke|p1|Iron Valiant|\n|poke|p1|Arcanine-Hisui, F|\n|poke|p1|Great Tusk|\n|poke|p2|Garchomp, M|\n|poke|p2|Toxapex, F|\n|poke|p2|Ditto|\n|poke|p2|Great Tusk|\n|poke|p2|Dragapult, M|\n|poke|p2|Ceruledge, F|\n|teampreview\n|inactive|Battle timer is ON: inactive players will automatically lose when time's up. (requested by outdated ahh team)\n|inactive|outdated ahh team has 120 seconds left.\n|\n|t:|1700408817\n|start\n|switch|p1a: Alisa Bosconovitch|Iron Valiant|100\/100\n|switch|p2a: Garchomp|Garchomp, M|100\/100\n|turn|1\n|j| Spiderking3261\n|inactive|outdated ahh team has 120 seconds left.\n|\n|t:|1700408856\n|switch|p2a: Toxapex|Toxapex, F|100\/100\n|move|p1a: Alisa Bosconovitch|Moonblast|p2a: Toxapex\n|-resisted|p2a: Toxapex\n|-damage|p2a: Toxapex|86\/100\n|\n|-heal|p2a: Toxapex|93\/100|[from] item: Black Sludge\n|upkeep\n|turn|2\n|\n|t:|1700408880\n|move|p1a: Alisa Bosconovitch|Taunt|p2a: Toxapex\n|-start|p2a: Toxapex|move: Taunt\n|cant|p2a: Toxapex|move: Taunt|Toxic\n|\n|-heal|p2a: Toxapex|99\/100|[from] item: Black Sludge\n|upkeep\n|turn|3\n|\n|t:|1700408883\n|-end|p1a: Alisa Bosconovitch|Quark Drive|[silent]\n|switch|p1a: Ryomen Sukuna \u26e9\ufe0f|Hoopa-Unbound|100\/100\n|move|p2a: Toxapex|Ice Beam|p1a: Ryomen Sukuna \u26e9\ufe0f\n|-damage|p1a: Ryomen Sukuna \u26e9\ufe0f|94\/100\n|\n|-heal|p2a: Toxapex|100\/100|[from] item: Black Sludge\n|upkeep\n|turn|4\n|\n|t:|1700408888\n|switch|p2a: Ditto|Ditto|100\/100\n|-transform|p2a: Ditto|p1a: Ryomen Sukuna \u26e9\ufe0f|[from] ability: Imposter\n|move|p1a: Ryomen Sukuna \u26e9\ufe0f|Knock Off|p2a: Ditto\n|-damage|p2a: Ditto|0 fnt\n|-enditem|p2a: Ditto|Choice Scarf|[from] move: Knock Off|[of] p1a: Ryomen Sukuna \u26e9\ufe0f\n|faint|p2a: Ditto\n|\n|upkeep\n|\n|t:|1700408890\n|switch|p2a: Garchomp|Garchomp, M|100\/100\n|turn|5\n|\n|t:|1700408895\n|switch|p1a: Tuskuthy the Great|Great Tusk|100\/100\n|move|p2a: Garchomp|Earthquake|p1a: Tuskuthy the Great\n|-damage|p1a: Tuskuthy the Great|39\/100\n|\n|upkeep\n|turn|6\n|\n|t:|1700408906\n|move|p2a: Garchomp|Earthquake|p1a: Tuskuthy the Great\n|-damage|p1a: Tuskuthy the Great|0 fnt\n|faint|p1a: Tuskuthy the Great\n|-end|p1a: Tuskuthy the Great|Protosynthesis|[silent]\n|\n|upkeep\n|\n|t:|1700408920\n|switch|p1a: Alisa Bosconovitch|Iron Valiant|100\/100\n|turn|7\n|\n|t:|1700408927\n|-terastallize|p2a: Garchomp|Ground\n|move|p1a: Alisa Bosconovitch|Thunder Wave|p2a: Garchomp\n|-immune|p2a: Garchomp\n|move|p2a: Garchomp|Earthquake|p1a: Alisa Bosconovitch\n|-enditem|p1a: Alisa Bosconovitch|Focus Sash\n|-damage|p1a: Alisa Bosconovitch|1\/100\n|\n|upkeep\n|turn|8\n|\n|t:|1700408933\n|switch|p2a: Toxapex|Toxapex, F|100\/100\n|move|p1a: Alisa Bosconovitch|Destiny Bond|p1a: Alisa Bosconovitch\n|-singlemove|p1a: Alisa Bosconovitch|Destiny Bond\n|\n|upkeep\n|turn|9\n|l| Spiderking3261\n|\n|t:|1700408938\n|-end|p1a: Alisa Bosconovitch|Quark Drive|[silent]\n|switch|p1a: Ryomen Sukuna \u26e9\ufe0f|Hoopa-Unbound|94\/100\n|move|p2a: Toxapex|Ice Beam|p1a: Ryomen Sukuna \u26e9\ufe0f\n|-damage|p1a: Ryomen Sukuna \u26e9\ufe0f|87\/100\n|\n|upkeep\n|turn|10\n|\n|t:|1700408942\n|move|p1a: Ryomen Sukuna \u26e9\ufe0f|Psychic|p2a: Toxapex\n|-supereffective|p2a: Toxapex\n|-crit|p2a: Toxapex\n|-damage|p2a: Toxapex|1\/100\n|move|p2a: Toxapex|Toxic|p1a: Ryomen Sukuna \u26e9\ufe0f\n|-status|p1a: Ryomen Sukuna \u26e9\ufe0f|tox\n|\n|-heal|p2a: Toxapex|7\/100|[from] item: Black Sludge\n|-damage|p1a: Ryomen Sukuna \u26e9\ufe0f|81\/100 tox|[from] psn\n|upkeep\n|turn|11\n|j| sourmilkcereal\n|\n|t:|1700408963\n|switch|p2a: Ceruledge|Ceruledge, F|100\/100\n|move|p1a: Ryomen Sukuna \u26e9\ufe0f|Knock Off|p2a: Ceruledge\n|-supereffective|p2a: Ceruledge\n|-enditem|p2a: Ceruledge|Focus Sash\n|-damage|p2a: Ceruledge|1\/100\n|-ability|p2a: Ceruledge|Weak Armor|boost\n|-unboost|p2a: Ceruledge|def|1\n|-boost|p2a: Ceruledge|spe|2\n|\n|-damage|p1a: Ryomen Sukuna \u26e9\ufe0f|69\/100 tox|[from] psn\n|upkeep\n|turn|12\n|\n|t:|1700408991\n|move|p2a: Ceruledge|Bitter Blade|p1a: Ryomen Sukuna \u26e9\ufe0f\n|-damage|p1a: Ryomen Sukuna \u26e9\ufe0f|0 fnt\n|-heal|p2a: Ceruledge|43\/100|[from] drain|[of] p1a: Ryomen Sukuna \u26e9\ufe0f\n|faint|p1a: Ryomen Sukuna \u26e9\ufe0f\n|\n|upkeep\n|\n|t:|1700408999\n|switch|p1a: Casca \u2694\ufe0f|Ogerpon-Wellspring, F|100\/100\n|turn|13\n|\n|t:|1700409003\n|-terastallize|p1a: Casca \u2694\ufe0f|Water\n|detailschange|p1a: Casca \u2694\ufe0f|Ogerpon-Wellspring-Tera, F, tera:Water\n|-ability|p1a: Casca \u2694\ufe0f|Embody Aspect (Wellspring)|boost\n|-boost|p1a: Casca \u2694\ufe0f|spd|1\n|move|p2a: Ceruledge|Bitter Blade|p1a: Casca \u2694\ufe0f\n|-resisted|p1a: Casca \u2694\ufe0f\n|-damage|p1a: Casca \u2694\ufe0f|72\/100\n|-heal|p2a: Ceruledge|59\/100|[from] drain|[of] p1a: Casca \u2694\ufe0f\n|move|p1a: Casca \u2694\ufe0f|Ivy Cudgel|p2a: Ceruledge|[anim] Ivy Cudgel Water\n|-supereffective|p2a: Ceruledge\n|-damage|p2a: Ceruledge|0 fnt\n|faint|p2a: Ceruledge\n|\n|upkeep\n|\n|t:|1700409009\n|switch|p2a: Dragapult|Dragapult, M|100\/100\n|turn|14\n|\n|t:|1700409022\n|switch|p1a: Alisa Bosconovitch|Iron Valiant|1\/100\n|move|p2a: Dragapult|Dragon Darts|p1a: Alisa Bosconovitch\n|-immune|p1a: Alisa Bosconovitch\n|\n|upkeep\n|turn|15\n|\n|t:|1700409027\n|move|p2a: Dragapult|Tera Blast|p1a: Alisa Bosconovitch\n|-damage|p1a: Alisa Bosconovitch|0 fnt\n|faint|p1a: Alisa Bosconovitch\n|-end|p1a: Alisa Bosconovitch|Quark Drive|[silent]\n|\n|upkeep\n|\n|t:|1700409048\n|switch|p1a: Guts \u2694\ufe0f|Kingambit, M|100\/100\n|-activate|p1a: Guts \u2694\ufe0f|ability: Supreme Overlord\n|-start|p1a: Guts \u2694\ufe0f|fallen3|[silent]\n|turn|16\n|j| FrebbyFazbear\n|j| ie ekenee\n|j| dfghhhg\n|\n|t:|1700409070\n|switch|p2a: Great Tusk|Great Tusk|100\/100\n|move|p1a: Guts \u2694\ufe0f|Iron Head|p2a: Great Tusk\n|-damage|p2a: Great Tusk|69\/100\n|\n|-heal|p2a: Great Tusk|75\/100|[from] item: Leftovers\n|upkeep\n|turn|17\n|\n|t:|1700409094\n|move|p2a: Great Tusk|Stealth Rock|p1a: Guts \u2694\ufe0f\n|-sidestart|p1: outdated ahh team|move: Stealth Rock\n|move|p1a: Guts \u2694\ufe0f|Low Kick|p2a: Great Tusk\n|-damage|p2a: Great Tusk|45\/100\n|\n|-heal|p2a: Great Tusk|52\/100|[from] item: Leftovers\n|upkeep\n|turn|18\n|\n|t:|1700409099\n|move|p2a: Great Tusk|Earthquake|p1a: Guts \u2694\ufe0f\n|-supereffective|p1a: Guts \u2694\ufe0f\n|-damage|p1a: Guts \u2694\ufe0f|28\/100\n|move|p1a: Guts \u2694\ufe0f|Iron Head|p2a: Great Tusk\n|-damage|p2a: Great Tusk|20\/100\n|\n|-heal|p2a: Great Tusk|27\/100|[from] item: Leftovers\n|-heal|p1a: Guts \u2694\ufe0f|35\/100|[from] item: Leftovers\n|upkeep\n|turn|19\n|\n|t:|1700409105\n|-end|p1a: Guts \u2694\ufe0f|fallen3|[silent]\n|switch|p1a: Casca \u2694\ufe0f|Ogerpon-Wellspring-Tera, F, tera:Water|72\/100\n|-damage|p1a: Casca \u2694\ufe0f|59\/100|[from] Stealth Rock\n|-ability|p1a: Casca \u2694\ufe0f|Embody Aspect (Wellspring)|boost\n|-boost|p1a: Casca \u2694\ufe0f|spd|1\n|move|p2a: Great Tusk|Earthquake|p1a: Casca \u2694\ufe0f\n|-damage|p1a: Casca \u2694\ufe0f|3\/100\n|\n|-heal|p2a: Great Tusk|33\/100|[from] item: Leftovers\n|upkeep\n|turn|20\n|\n|t:|1700409110\n|-end|p2a: Great Tusk|Protosynthesis|[silent]\n|switch|p2a: Toxapex|Toxapex, F|41\/100\n|move|p1a: Casca \u2694\ufe0f|Trailblaze|p2a: Toxapex\n|-damage|p2a: Toxapex|19\/100\n|-boost|p1a: Casca \u2694\ufe0f|spe|1\n|\n|-heal|p2a: Toxapex|25\/100|[from] item: Black Sludge\n|upkeep\n|turn|21\n|\n|t:|1700409116\n|move|p2a: Toxapex|Baneful Bunker|p2a: Toxapex\n|-singleturn|p2a: Toxapex|move: Protect\n|move|p1a: Casca \u2694\ufe0f|Horn Leech|p2a: Toxapex\n|-activate|p2a: Toxapex|move: Protect\n|-status|p1a: Casca \u2694\ufe0f|psn\n|\n|-heal|p2a: Toxapex|31\/100|[from] item: Black Sludge\n|-damage|p1a: Casca \u2694\ufe0f|0 fnt|[from] psn\n|faint|p1a: Casca \u2694\ufe0f\n|upkeep\n|\n|t:|1700409124\n|switch|p1a: Guts \u2694\ufe0f|Kingambit, M|35\/100\n|-damage|p1a: Guts \u2694\ufe0f|28\/100|[from] Stealth Rock\n|-activate|p1a: Guts \u2694\ufe0f|ability: Supreme Overlord\n|-start|p1a: Guts \u2694\ufe0f|fallen4|[silent]\n|turn|22\n|\n|t:|1700409133\n|switch|p2a: Great Tusk|Great Tusk|33\/100\n|move|p1a: Guts \u2694\ufe0f|Swords Dance|p1a: Guts \u2694\ufe0f\n|-boost|p1a: Guts \u2694\ufe0f|atk|2\n|\n|-heal|p2a: Great Tusk|39\/100|[from] item: Leftovers\n|-heal|p1a: Guts \u2694\ufe0f|35\/100|[from] item: Leftovers\n|upkeep\n|turn|23\n|\n|t:|1700409139\n|move|p1a: Guts \u2694\ufe0f|Sucker Punch|p2a: Great Tusk\n|-resisted|p2a: Great Tusk\n|-damage|p2a: Great Tusk|14\/100\n|move|p2a: Great Tusk|Knock Off|p1a: Guts \u2694\ufe0f\n|-resisted|p1a: Guts \u2694\ufe0f\n|-damage|p1a: Guts \u2694\ufe0f|23\/100\n|-enditem|p1a: Guts \u2694\ufe0f|Leftovers|[from] move: Knock Off|[of] p2a: Great Tusk\n|\n|-heal|p2a: Great Tusk|21\/100|[from] item: Leftovers\n|upkeep\n|turn|24\n|\n|t:|1700409144\n|move|p2a: Great Tusk|Stealth Rock||[still]\n|-fail|p2a: Great Tusk\n|move|p1a: Guts \u2694\ufe0f|Iron Head|p2a: Great Tusk\n|-damage|p2a: Great Tusk|0 fnt\n|faint|p2a: Great Tusk\n|-end|p2a: Great Tusk|Protosynthesis|[silent]\n|\n|upkeep\n|\n|t:|1700409150\n|switch|p2a: Garchomp|Garchomp, M, tera:Ground|100\/100\n|turn|25\n|\n|t:|1700409158\n|move|p1a: Guts \u2694\ufe0f|Sucker Punch|p2a: Garchomp\n|-damage|p2a: Garchomp|0 fnt\n|-damage|p1a: Guts \u2694\ufe0f|11\/100|[from] ability: Rough Skin|[of] p2a: Garchomp\n|faint|p2a: Garchomp\n|\n|upkeep\n|\n|t:|1700409162\n|switch|p2a: Dragapult|Dragapult, M|100\/100\n|turn|26\n|\n|t:|1700409165\n|move|p1a: Guts \u2694\ufe0f|Sucker Punch||[still]\n|-fail|p1a: Guts \u2694\ufe0f\n|move|p2a: Dragapult|Substitute|p2a: Dragapult\n|-start|p2a: Dragapult|Substitute\n|-damage|p2a: Dragapult|76\/100\n|\n|upkeep\n|turn|27\n|\n|t:|1700409168\n|move|p1a: Guts \u2694\ufe0f|Sucker Punch|p2a: Dragapult\n|-supereffective|p2a: Dragapult\n|-end|p2a: Dragapult|Substitute\n|move|p2a: Dragapult|Dragon Darts|p1a: Guts \u2694\ufe0f\n|-resisted|p1a: Guts \u2694\ufe0f\n|-damage|p1a: Guts \u2694\ufe0f|0 fnt\n|faint|p1a: Guts \u2694\ufe0f\n|-end|p1a: Guts \u2694\ufe0f|fallen4|[silent]\n|\n|upkeep\n|\n|t:|1700409171\n|switch|p1a: Alpha \ud83d\udc15|Arcanine-Hisui, F|100\/100\n|-damage|p1a: Alpha \ud83d\udc15|76\/100|[from] Stealth Rock\n|turn|28\n|\n|t:|1700409175\n|switch|p2a: Toxapex|Toxapex, F|65\/100\n|move|p1a: Alpha \ud83d\udc15|Head Smash|p2a: Toxapex\n|-damage|p2a: Toxapex|8\/100\n|\n|-heal|p2a: Toxapex|14\/100|[from] item: Black Sludge\n|upkeep\n|turn|29\n|\n|t:|1700409179\n|move|p2a: Toxapex|Baneful Bunker|p2a: Toxapex\n|-singleturn|p2a: Toxapex|move: Protect\n|move|p1a: Alpha \ud83d\udc15|Stealth Rock|p2a: Toxapex\n|-sidestart|p2: jeandonis02|move: Stealth Rock\n|\n|-heal|p2a: Toxapex|21\/100|[from] item: Black Sludge\n|upkeep\n|turn|30\n|\n|t:|1700409183\n|move|p1a: Alpha \ud83d\udc15|Head Smash|p2a: Toxapex\n|-damage|p2a: Toxapex|0 fnt\n|faint|p2a: Toxapex\n|\n|upkeep\n|\n|t:|1700409185\n|switch|p2a: Dragapult|Dragapult, M|76\/100\n|-damage|p2a: Dragapult|63\/100|[from] Stealth Rock\n|turn|31\n|\n|t:|1700409188\n|move|p2a: Dragapult|Dragon Darts|p1a: Alpha \ud83d\udc15\n|-damage|p1a: Alpha \ud83d\udc15|42\/100\n|-anim|p2a: Dragapult|Dragon Darts|p1a: Alpha \ud83d\udc15\n|-damage|p1a: Alpha \ud83d\udc15|10\/100\n|move|p1a: Alpha \ud83d\udc15|Head Smash|p2a: Dragapult\n|-damage|p2a: Dragapult|0 fnt\n|faint|p2a: Dragapult\n|\n|win|outdated ahh team\n|raw|outdated ahh team's rating: 1592 &rarr; <strong>1620<\/strong><br \/>(+28 for winning)\n|raw|jeandonis02's rating: 1740 &rarr; <strong>1712<\/strong><br \/>(-28 for losing)\n|l|\u2606jeandonis02\n|c|\u2606outdated ahh team|G\n|c|\u2606outdated ahh team|G\n","uploadtime":1700409196,"views":6,"p1id":"outdatedahhteam","p2id":"jeandonis02","formatid":"gen9ou","rating":1620,"private":0,"password":""}