{"id":"gen9ou-1996095275","p1":"wefgrjcnc","p2":"gjvugxhhvgh","format":"[Gen 9] OU","log":"|j|\u2606wefgrjcnc\n|j|\u2606gjvugxhhvgh\n|t:|1700643301\n|gametype|singles\n|player|p1|wefgrjcnc|102|1111\n|player|p2|gjvugxhhvgh|dawn|1044\n|teamsize|p1|6\n|teamsize|p2|6\n|gen|9\n|tier|[Gen 9] OU\n|rated|\n|rule|Sleep Clause Mod: Limit one foe put to sleep\n|rule|Species Clause: Limit one of each Pok\u00e9mon\n|rule|OHKO Clause: OHKO moves are banned\n|rule|Evasion Items Clause: Evasion items are banned\n|rule|Evasion Moves Clause: Evasion moves are banned\n|rule|Endless Battle Clause: Forcing endless battles is banned\n|rule|HP Percentage Mod: HP is shown in percentages\n|clearpoke\n|poke|p1|Tyranitar, F|\n|poke|p1|Hippowdon, F|\n|poke|p1|Walking Wake|\n|poke|p1|Ting-Lu|\n|poke|p1|Kingambit, M|\n|poke|p1|Gholdengo|\n|poke|p2|Hydreigon, M|\n|poke|p2|Corviknight, M|\n|poke|p2|Gholdengo|\n|poke|p2|Kingambit, M|\n|poke|p2|Great Tusk|\n|poke|p2|Samurott-Hisui, M|\n|teampreview\n|\n|t:|1700643306\n|start\n|switch|p1a: Hippowdon|Hippowdon, F|100\/100\n|switch|p2a: Samurott|Samurott-Hisui, M, shiny|100\/100\n|-weather|Sandstorm|[from] ability: Sand Stream|[of] p1a: Hippowdon\n|turn|1\n|\n|t:|1700643337\n|move|p2a: Samurott|Ceaseless Edge|p1a: Hippowdon\n|-damage|p1a: Hippowdon|74\/100\n|-sidestart|p1: wefgrjcnc|Spikes\n|move|p1a: Hippowdon|Stealth Rock|p2a: Samurott\n|-sidestart|p2: gjvugxhhvgh|move: Stealth Rock\n|\n|-weather|Sandstorm|[upkeep]\n|-damage|p2a: Samurott|94\/100|[from] Sandstorm\n|upkeep\n|turn|2\n|\n|t:|1700643369\n|move|p2a: Samurott|Aqua Cutter|p1a: Hippowdon\n|-supereffective|p1a: Hippowdon\n|-damage|p1a: Hippowdon|20\/100\n|move|p1a: Hippowdon|Earthquake|p2a: Samurott\n|-damage|p2a: Samurott|45\/100\n|\n|-weather|Sandstorm|[upkeep]\n|-damage|p2a: Samurott|38\/100|[from] Sandstorm\n|upkeep\n|turn|3\n|\n|t:|1700643384\n|switch|p1a: Walking Wake|Walking Wake|100\/100\n|-damage|p1a: Walking Wake|88\/100|[from] Spikes\n|move|p2a: Samurott|Sacred Sword|p1a: Walking Wake\n|-damage|p1a: Walking Wake|39\/100\n|\n|-weather|Sandstorm|[upkeep]\n|-damage|p2a: Samurott|32\/100|[from] Sandstorm\n|upkeep\n|turn|4\n|\n|t:|1700643407\n|move|p2a: Samurott|Sucker Punch|p1a: Walking Wake\n|-damage|p1a: Walking Wake|3\/100\n|move|p1a: Walking Wake|Dragon Pulse|p2a: Samurott\n|-damage|p2a: Samurott|0 fnt\n|faint|p2a: Samurott\n|\n|-weather|Sandstorm|[upkeep]\n|upkeep\n|\n|t:|1700643416\n|switch|p2a: Great Tusk|Great Tusk, shiny|100\/100\n|-damage|p2a: Great Tusk|98\/100|[from] Stealth Rock\n|-enditem|p2a: Great Tusk|Booster Energy\n|-activate|p2a: Great Tusk|ability: Protosynthesis|[fromitem]\n|-start|p2a: Great Tusk|protosynthesisatk\n|turn|5\n|\n|t:|1700643424\n|move|p1a: Walking Wake|Hydro Steam|p2a: Great Tusk\n|-supereffective|p2a: Great Tusk\n|-damage|p2a: Great Tusk|0 fnt\n|faint|p2a: Great Tusk\n|-end|p2a: Great Tusk|Protosynthesis|[silent]\n|\n|-weather|Sandstorm|[upkeep]\n|upkeep\n|\n|t:|1700643433\n|switch|p2a: Kingambit|Kingambit, M, shiny|100\/100\n|-damage|p2a: Kingambit|94\/100|[from] Stealth Rock\n|-activate|p2a: Kingambit|ability: Supreme Overlord\n|-start|p2a: Kingambit|fallen2|[silent]\n|turn|6\n|\n|t:|1700643444\n|-end|p1a: Walking Wake|Protosynthesis|[silent]\n|switch|p1a: Ting-Lu|Ting-Lu|100\/100\n|-damage|p1a: Ting-Lu|88\/100|[from] Spikes\n|-ability|p1a: Ting-Lu|Vessel of Ruin\n|move|p2a: Kingambit|Swords Dance|p2a: Kingambit\n|-boost|p2a: Kingambit|atk|2\n|\n|-weather|Sandstorm|[upkeep]\n|-heal|p2a: Kingambit|100\/100|[from] item: Leftovers\n|upkeep\n|turn|7\n|\n|t:|1700643471\n|move|p2a: Kingambit|Kowtow Cleave|p1a: Ting-Lu\n|-resisted|p1a: Ting-Lu\n|-damage|p1a: Ting-Lu|55\/100\n|move|p1a: Ting-Lu|Earthquake|p2a: Kingambit\n|-supereffective|p2a: Kingambit\n|-damage|p2a: Kingambit|44\/100\n|\n|-weather|Sandstorm|[upkeep]\n|-heal|p2a: Kingambit|50\/100|[from] item: Leftovers\n|upkeep\n|turn|8\n|\n|t:|1700643483\n|move|p2a: Kingambit|Kowtow Cleave|p1a: Ting-Lu\n|-resisted|p1a: Ting-Lu\n|-damage|p1a: Ting-Lu|24\/100\n|move|p1a: Ting-Lu|Earthquake|p2a: Kingambit\n|-supereffective|p2a: Kingambit\n|-crit|p2a: Kingambit\n|-damage|p2a: Kingambit|0 fnt\n|faint|p2a: Kingambit\n|-end|p2a: Kingambit|fallen2|[silent]\n|\n|-weather|none\n|upkeep\n|\n|t:|1700643494\n|switch|p2a: Corviknight|Corviknight, M, shiny|100\/100\n|-damage|p2a: Corviknight|88\/100|[from] Stealth Rock\n|turn|9\n|\n|t:|1700643502\n|switch|p1a: Tyranitar|Tyranitar, F|100\/100\n|-damage|p1a: Tyranitar|88\/100|[from] Spikes\n|-weather|Sandstorm|[from] ability: Sand Stream|[of] p1a: Tyranitar\n|move|p2a: Corviknight|Body Press|p1a: Tyranitar\n|-supereffective|p1a: Tyranitar\n|-damage|p1a: Tyranitar|21\/100\n|\n|-weather|Sandstorm|[upkeep]\n|-status|p2a: Corviknight|brn|[from] item: Flame Orb\n|upkeep\n|turn|10\n|\n|t:|1700643519\n|-terastallize|p1a: Tyranitar|Fire\n|move|p1a: Tyranitar|Fire Punch|p2a: Corviknight\n|-supereffective|p2a: Corviknight\n|-damage|p2a: Corviknight|0 fnt\n|faint|p2a: Corviknight\n|\n|-weather|Sandstorm|[upkeep]\n|-damage|p1a: Tyranitar|15\/100|[from] Sandstorm\n|upkeep\n|\n|t:|1700643530\n|switch|p2a: Gholdengo|Gholdengo, shiny|100\/100\n|-damage|p2a: Gholdengo|94\/100|[from] Stealth Rock\n|turn|11\n|\n|t:|1700643537\n|move|p1a: Tyranitar|Fire Punch|p2a: Gholdengo\n|-supereffective|p2a: Gholdengo\n|-damage|p2a: Gholdengo|0 fnt\n|faint|p2a: Gholdengo\n|\n|-weather|Sandstorm|[upkeep]\n|-damage|p1a: Tyranitar|9\/100|[from] Sandstorm\n|upkeep\n|\n|t:|1700643545\n|switch|p2a: Hydreigon|Hydreigon, M, shiny|100\/100\n|-damage|p2a: Hydreigon|88\/100|[from] Stealth Rock\n|turn|12\n|\n|t:|1700643551\n|move|p2a: Hydreigon|Hydro Pump|p1a: Tyranitar\n|-supereffective|p1a: Tyranitar\n|-damage|p1a: Tyranitar|0 fnt\n|faint|p1a: Tyranitar\n|\n|-weather|Sandstorm|[upkeep]\n|-damage|p2a: Hydreigon|82\/100|[from] Sandstorm\n|upkeep\n|\n|t:|1700643577\n|switch|p1a: Gholdengo|Gholdengo|100\/100\n|-item|p1a: Gholdengo|Air Balloon\n|turn|13\n|\n|t:|1700643591\n|-terastallize|p2a: Hydreigon|Steel\n|move|p2a: Hydreigon|Hydro Pump|p1a: Gholdengo\n|-damage|p1a: Gholdengo|57\/100\n|-enditem|p1a: Gholdengo|Air Balloon\n|move|p1a: Gholdengo|Make It Rain|p2a: Hydreigon\n|-resisted|p2a: Hydreigon\n|-damage|p2a: Hydreigon|49\/100\n|-unboost|p1a: Gholdengo|spa|1\n|\n|-weather|none\n|upkeep\n|turn|14\n|\n|t:|1700643606\n|move|p2a: Hydreigon|Hydro Pump|p1a: Gholdengo\n|-damage|p1a: Gholdengo|11\/100\n|move|p1a: Gholdengo|Focus Blast|p2a: Hydreigon\n|-supereffective|p2a: Hydreigon\n|-damage|p2a: Hydreigon|0 fnt\n|faint|p2a: Hydreigon\n|\n|win|wefgrjcnc\n|raw|wefgrjcnc's rating: 1111 &rarr; <strong>1131<\/strong><br \/>(+20 for winning)\n|raw|gjvugxhhvgh's rating: 1044 &rarr; <strong>1031<\/strong><br \/>(-13 for losing)\n","uploadtime":1700643613,"views":4,"p1id":"wefgrjcnc","p2id":"gjvugxhhvgh","formatid":"gen9ou","rating":1031,"private":0,"password":""}