{"id":"gen9ou-1989300067","p1":"SydPword","p2":"ChandosH","format":"[Gen 9] OU","log":"|j|\u2606SydPword\n|j|\u2606ChandosH\n|t:|1699833621\n|gametype|singles\n|player|p1|SydPword|1|1492\n|player|p2|ChandosH|n-masters|1659\n|teamsize|p1|6\n|teamsize|p2|6\n|gen|9\n|tier|[Gen 9] OU\n|rated|\n|rule|Sleep Clause Mod: Limit one foe put to sleep\n|rule|Species Clause: Limit one of each Pok\u00e9mon\n|rule|OHKO Clause: OHKO moves are banned\n|rule|Evasion Items Clause: Evasion items are banned\n|rule|Evasion Moves Clause: Evasion moves are banned\n|rule|Endless Battle Clause: Forcing endless battles is banned\n|rule|HP Percentage Mod: HP is shown in percentages\n|clearpoke\n|poke|p1|Hawlucha, F|\n|poke|p1|Ribombee, M|\n|poke|p1|Ceruledge, F|\n|poke|p1|Empoleon, F|\n|poke|p1|Iron Valiant|\n|poke|p1|Great Tusk|\n|poke|p2|Alomomola, M|\n|poke|p2|Great Tusk|\n|poke|p2|Iron Valiant|\n|poke|p2|Slowking-Galar, F|\n|poke|p2|Cinderace, M|\n|poke|p2|Thundurus-Therian, M|\n|teampreview\n|inactive|Battle timer is ON: inactive players will automatically lose when time's up. (requested by SydPword)\n|\n|t:|1699833642\n|start\n|switch|p1a: Great Tusk|Great Tusk|100\/100\n|switch|p2a: Slowking|Slowking-Galar, F|100\/100\n|-enditem|p1a: Great Tusk|Booster Energy\n|-activate|p1a: Great Tusk|ability: Protosynthesis|[fromitem]\n|-start|p1a: Great Tusk|protosynthesisatk\n|turn|1\n|\n|t:|1699833662\n|switch|p2a: Thundurus|Thundurus-Therian, M|100\/100\n|move|p1a: Great Tusk|Knock Off|p2a: Thundurus\n|-damage|p2a: Thundurus|31\/100\n|-enditem|p2a: Thundurus|Choice Specs|[from] move: Knock Off|[of] p1a: Great Tusk\n|\n|upkeep\n|turn|2\n|inactive|SydPword has 120 seconds left.\n|\n|t:|1699833693\n|-end|p1a: Great Tusk|Protosynthesis|[silent]\n|switch|p1a: Ribombee|Ribombee, M|100\/100\n|move|p2a: Thundurus|Grass Knot|p1a: Ribombee\n|-resisted|p1a: Ribombee\n|-damage|p1a: Ribombee|94\/100\n|\n|upkeep\n|turn|3\n|inactive|SydPword has 120 seconds left.\n|\n|t:|1699833707\n|switch|p2a: Slowking|Slowking-Galar, F|100\/100\n|move|p1a: Ribombee|Sticky Web|p2a: Slowking\n|-sidestart|p2: ChandosH|move: Sticky Web\n|\n|upkeep\n|turn|4\n|\n|t:|1699833709\n|switch|p1a: Great Tusk|Great Tusk|100\/100\n|move|p2a: Slowking|Sludge Bomb|p1a: Great Tusk\n|-resisted|p1a: Great Tusk\n|-damage|p1a: Great Tusk|73\/100\n|\n|upkeep\n|turn|5\n|\n|t:|1699833723\n|switch|p2a: Alomomola|Alomomola, M|100\/100\n|move|p1a: Great Tusk|Knock Off|p2a: Alomomola\n|-damage|p2a: Alomomola|83\/100\n|-enditem|p2a: Alomomola|Heavy-Duty Boots|[from] move: Knock Off|[of] p1a: Great Tusk\n|\n|upkeep\n|turn|6\n|\n|t:|1699833741\n|-end|p1a: Great Tusk|Protosynthesis|[silent]\n|switch|p1a: Empoleon|Empoleon, F|100\/100\n|move|p2a: Alomomola|Flip Turn|p1a: Empoleon\n|-resisted|p1a: Empoleon\n|-damage|p1a: Empoleon|94\/100\n|\n|t:|1699833749\n|switch|p2a: Thundurus|Thundurus-Therian, M|31\/100|[from] Flip Turn\n|\n|-heal|p1a: Empoleon|99\/100|[from] item: Leftovers\n|upkeep\n|turn|7\n|\n|t:|1699833758\n|move|p2a: Thundurus|Volt Switch|p1a: Empoleon\n|-supereffective|p1a: Empoleon\n|-damage|p1a: Empoleon|42\/100\n|\n|t:|1699833762\n|switch|p2a: Slowking|Slowking-Galar, F|100\/100|[from] Volt Switch\n|move|p1a: Empoleon|Flip Turn|p2a: Slowking\n|-damage|p2a: Slowking|84\/100\n|\n|t:|1699833772\n|switch|p1a: Great Tusk|Great Tusk|73\/100|[from] Flip Turn\n|\n|upkeep\n|turn|8\n|\n|t:|1699833779\n|switch|p2a: Alomomola|Alomomola, M|100\/100\n|-activate|p2a: Alomomola|move: Sticky Web\n|-unboost|p2a: Alomomola|spe|1\n|move|p1a: Great Tusk|Earthquake|p2a: Alomomola\n|-damage|p2a: Alomomola|73\/100\n|\n|upkeep\n|turn|9\n|\n|t:|1699833786\n|move|p1a: Great Tusk|Earthquake|p2a: Alomomola\n|-crit|p2a: Alomomola\n|-damage|p2a: Alomomola|34\/100\n|move|p2a: Alomomola|Flip Turn|p1a: Great Tusk\n|-supereffective|p1a: Great Tusk\n|-damage|p1a: Great Tusk|50\/100\n|\n|t:|1699833794\n|switch|p2a: Thundurus|Thundurus-Therian, M|31\/100|[from] Flip Turn\n|\n|upkeep\n|turn|10\n|\n|t:|1699833807\n|move|p2a: Thundurus|Thunderbolt|p1a: Great Tusk\n|-immune|p1a: Great Tusk\n|move|p1a: Great Tusk|Ice Spinner|p2a: Thundurus\n|-supereffective|p2a: Thundurus\n|-damage|p2a: Thundurus|0 fnt\n|faint|p2a: Thundurus\n|\n|upkeep\n|\n|t:|1699833827\n|switch|p2a: Alomomola|Alomomola, M|67\/100\n|-activate|p2a: Alomomola|move: Sticky Web\n|-unboost|p2a: Alomomola|spe|1\n|turn|11\n|\n|t:|1699833831\n|-end|p1a: Great Tusk|Protosynthesis|[silent]\n|switch|p1a: Empoleon|Empoleon, F|42\/100\n|move|p2a: Alomomola|Scald|p1a: Empoleon\n|-resisted|p1a: Empoleon\n|-damage|p1a: Empoleon|37\/100\n|\n|-heal|p1a: Empoleon|43\/100|[from] item: Leftovers\n|upkeep\n|turn|12\n|\n|t:|1699833835\n|move|p1a: Empoleon|Roost|p1a: Empoleon\n|-heal|p1a: Empoleon|93\/100\n|-singleturn|p1a: Empoleon|move: Roost\n|move|p2a: Alomomola|Flip Turn|p1a: Empoleon\n|-resisted|p1a: Empoleon\n|-damage|p1a: Empoleon|86\/100\n|\n|t:|1699833841\n|switch|p2a: Cinderace|Cinderace, M|100\/100|[from] Flip Turn\n|\n|-heal|p1a: Empoleon|92\/100|[from] item: Leftovers\n|upkeep\n|turn|13\n|\n|t:|1699833846\n|move|p2a: Cinderace|Court Change|p2a: Cinderace\n|-swapsideconditions\n|-activate|p2a: Cinderace|move: Court Change\n|move|p1a: Empoleon|Surf|p2a: Cinderace\n|-supereffective|p2a: Cinderace\n|-crit|p2a: Cinderace\n|-damage|p2a: Cinderace|0 fnt\n|faint|p2a: Cinderace\n|\n|-heal|p1a: Empoleon|99\/100|[from] item: Leftovers\n|upkeep\n|\n|t:|1699833850\n|switch|p2a: Iron Valiant|Iron Valiant|100\/100\n|turn|14\n|\n|t:|1699833856\n|move|p2a: Iron Valiant|Close Combat|p1a: Empoleon\n|-supereffective|p1a: Empoleon\n|-damage|p1a: Empoleon|0 fnt\n|-unboost|p2a: Iron Valiant|def|1\n|-unboost|p2a: Iron Valiant|spd|1\n|faint|p1a: Empoleon\n|\n|upkeep\n|\n|t:|1699833865\n|switch|p1a: Great Tusk|Great Tusk|50\/100\n|-activate|p1a: Great Tusk|move: Sticky Web\n|-unboost|p1a: Great Tusk|spe|1\n|turn|15\n|\n|t:|1699833868\n|move|p2a: Iron Valiant|Close Combat|p1a: Great Tusk\n|-damage|p1a: Great Tusk|0 fnt\n|-unboost|p2a: Iron Valiant|def|1\n|-unboost|p2a: Iron Valiant|spd|1\n|faint|p1a: Great Tusk\n|-end|p1a: Great Tusk|Protosynthesis|[silent]\n|\n|upkeep\n|\n|t:|1699833882\n|switch|p1a: Ceruledge|Ceruledge, F|100\/100\n|-activate|p1a: Ceruledge|move: Sticky Web\n|-unboost|p1a: Ceruledge|spe|1\n|turn|16\n|\n|t:|1699833888\n|-end|p2a: Iron Valiant|Quark Drive|[silent]\n|switch|p2a: Great Tusk|Great Tusk|100\/100\n|move|p1a: Ceruledge|Bulk Up|p1a: Ceruledge\n|-boost|p1a: Ceruledge|atk|1\n|-boost|p1a: Ceruledge|def|1\n|\n|upkeep\n|turn|17\n|\n|t:|1699833892\n|-terastallize|p1a: Ceruledge|Bug\n|move|p2a: Great Tusk|Earthquake|p1a: Ceruledge\n|-resisted|p1a: Ceruledge\n|-damage|p1a: Ceruledge|83\/100\n|move|p1a: Ceruledge|Bulk Up|p1a: Ceruledge\n|-boost|p1a: Ceruledge|atk|1\n|-boost|p1a: Ceruledge|def|1\n|\n|-heal|p1a: Ceruledge|89\/100|[from] item: Leftovers\n|upkeep\n|turn|18\n|\n|t:|1699833898\n|-end|p2a: Great Tusk|Protosynthesis|[silent]\n|switch|p2a: Alomomola|Alomomola, M|99\/100\n|move|p1a: Ceruledge|Bulk Up|p1a: Ceruledge\n|-boost|p1a: Ceruledge|atk|1\n|-boost|p1a: Ceruledge|def|1\n|\n|-heal|p1a: Ceruledge|95\/100|[from] item: Leftovers\n|upkeep\n|turn|19\n|\n|t:|1699833902\n|move|p1a: Ceruledge|Bitter Blade|p2a: Alomomola\n|-resisted|p2a: Alomomola\n|-damage|p2a: Alomomola|70\/100\n|-heal|p1a: Ceruledge|100\/100|[from] drain|[of] p2a: Alomomola\n|move|p2a: Alomomola|Scald|p1a: Ceruledge\n|-damage|p1a: Ceruledge|88\/100\n|-status|p1a: Ceruledge|brn\n|\n|-heal|p1a: Ceruledge|94\/100 brn|[from] item: Leftovers\n|-damage|p1a: Ceruledge|88\/100 brn|[from] brn\n|upkeep\n|turn|20\n|\n|t:|1699833907\n|move|p1a: Ceruledge|Bulk Up|p1a: Ceruledge\n|-boost|p1a: Ceruledge|atk|1\n|-boost|p1a: Ceruledge|def|1\n|move|p2a: Alomomola|Wish|p2a: Alomomola\n|\n|-heal|p1a: Ceruledge|94\/100 brn|[from] item: Leftovers\n|-damage|p1a: Ceruledge|88\/100 brn|[from] brn\n|upkeep\n|turn|21\n|\n|t:|1699833916\n|move|p1a: Ceruledge|Bulk Up|p1a: Ceruledge\n|-boost|p1a: Ceruledge|atk|1\n|-boost|p1a: Ceruledge|def|1\n|move|p2a: Alomomola|Scald|p1a: Ceruledge\n|-damage|p1a: Ceruledge|74\/100 brn\n|\n|-heal|p2a: Alomomola|100\/100|[from] move: Wish|[wisher] Alomomola\n|-heal|p1a: Ceruledge|80\/100 brn|[from] item: Leftovers\n|-damage|p1a: Ceruledge|74\/100 brn|[from] brn\n|upkeep\n|turn|22\n|\n|t:|1699833924\n|move|p1a: Ceruledge|Bulk Up|p1a: Ceruledge\n|-boost|p1a: Ceruledge|atk|1\n|-boost|p1a: Ceruledge|def|1\n|move|p2a: Alomomola|Scald|p1a: Ceruledge\n|-damage|p1a: Ceruledge|60\/100 brn\n|\n|-heal|p1a: Ceruledge|67\/100 brn|[from] item: Leftovers\n|-damage|p1a: Ceruledge|60\/100 brn|[from] brn\n|upkeep\n|turn|23\n|\n|t:|1699833928\n|move|p1a: Ceruledge|Bitter Blade|p2a: Alomomola\n|-resisted|p2a: Alomomola\n|-damage|p2a: Alomomola|77\/100\n|-heal|p1a: Ceruledge|80\/100 brn|[from] drain|[of] p2a: Alomomola\n|move|p2a: Alomomola|Wish|p2a: Alomomola\n|\n|-heal|p1a: Ceruledge|87\/100 brn|[from] item: Leftovers\n|-damage|p1a: Ceruledge|80\/100 brn|[from] brn\n|upkeep\n|turn|24\n|\n|t:|1699833933\n|move|p1a: Ceruledge|Bitter Blade|p2a: Alomomola\n|-resisted|p2a: Alomomola\n|-damage|p2a: Alomomola|52\/100\n|-heal|p1a: Ceruledge|100\/100 brn|[from] drain|[of] p2a: Alomomola\n|move|p2a: Alomomola|Scald|p1a: Ceruledge\n|-damage|p1a: Ceruledge|87\/100 brn\n|\n|-heal|p2a: Alomomola|100\/100|[from] move: Wish|[wisher] Alomomola\n|-heal|p1a: Ceruledge|94\/100 brn|[from] item: Leftovers\n|-damage|p1a: Ceruledge|87\/100 brn|[from] brn\n|upkeep\n|turn|25\n|\n|t:|1699833939\n|move|p1a: Ceruledge|Bitter Blade|p2a: Alomomola\n|-resisted|p2a: Alomomola\n|-damage|p2a: Alomomola|78\/100\n|-heal|p1a: Ceruledge|100\/100 brn|[from] drain|[of] p2a: Alomomola\n|move|p2a: Alomomola|Wish|p2a: Alomomola\n|\n|-damage|p1a: Ceruledge|94\/100 brn|[from] brn\n|upkeep\n|turn|26\n|\n|t:|1699833948\n|move|p1a: Ceruledge|Shadow Sneak|p2a: Alomomola\n|-damage|p2a: Alomomola|55\/100\n|move|p2a: Alomomola|Scald|p1a: Ceruledge\n|-damage|p1a: Ceruledge|82\/100 brn\n|\n|-heal|p2a: Alomomola|100\/100|[from] move: Wish|[wisher] Alomomola\n|-heal|p1a: Ceruledge|88\/100 brn|[from] item: Leftovers\n|-damage|p1a: Ceruledge|82\/100 brn|[from] brn\n|upkeep\n|turn|27\n|\n|t:|1699833959\n|move|p1a: Ceruledge|Bitter Blade|p2a: Alomomola\n|-resisted|p2a: Alomomola\n|-damage|p2a: Alomomola|76\/100\n|-heal|p1a: Ceruledge|100\/100 brn|[from] drain|[of] p2a: Alomomola\n|move|p2a: Alomomola|Scald|p1a: Ceruledge\n|-damage|p1a: Ceruledge|85\/100 brn\n|\n|-heal|p1a: Ceruledge|92\/100 brn|[from] item: Leftovers\n|-damage|p1a: Ceruledge|85\/100 brn|[from] brn\n|upkeep\n|turn|28\n|\n|t:|1699833973\n|move|p2a: Alomomola|Protect|p2a: Alomomola\n|-singleturn|p2a: Alomomola|Protect\n|move|p1a: Ceruledge|Shadow Sneak|p2a: Alomomola\n|-activate|p2a: Alomomola|move: Protect\n|\n|-heal|p1a: Ceruledge|92\/100 brn|[from] item: Leftovers\n|-damage|p1a: Ceruledge|85\/100 brn|[from] brn\n|upkeep\n|turn|29\n|\n|t:|1699833976\n|move|p1a: Ceruledge|Shadow Sneak|p2a: Alomomola\n|-damage|p2a: Alomomola|54\/100\n|move|p2a: Alomomola|Wish|p2a: Alomomola\n|\n|-heal|p1a: Ceruledge|92\/100 brn|[from] item: Leftovers\n|-damage|p1a: Ceruledge|85\/100 brn|[from] brn\n|upkeep\n|turn|30\n|\n|t:|1699833989\n|move|p1a: Ceruledge|Shadow Sneak|p2a: Alomomola\n|-damage|p2a: Alomomola|33\/100\n|move|p2a: Alomomola|Scald|p1a: Ceruledge\n|-damage|p1a: Ceruledge|71\/100 brn\n|\n|-heal|p2a: Alomomola|83\/100|[from] move: Wish|[wisher] Alomomola\n|-heal|p1a: Ceruledge|78\/100 brn|[from] item: Leftovers\n|-damage|p1a: Ceruledge|71\/100 brn|[from] brn\n|upkeep\n|turn|31\n|\n|t:|1699833993\n|move|p1a: Ceruledge|Shadow Sneak|p2a: Alomomola\n|-damage|p2a: Alomomola|64\/100\n|move|p2a: Alomomola|Wish|p2a: Alomomola\n|\n|-heal|p1a: Ceruledge|78\/100 brn|[from] item: Leftovers\n|-damage|p1a: Ceruledge|71\/100 brn|[from] brn\n|upkeep\n|turn|32\n|\n|t:|1699833998\n|switch|p2a: Great Tusk|Great Tusk|100\/100\n|move|p1a: Ceruledge|Shadow Sneak|p2a: Great Tusk\n|-damage|p2a: Great Tusk|77\/100\n|-damage|p1a: Ceruledge|55\/100 brn|[from] item: Rocky Helmet|[of] p2a: Great Tusk\n|\n|-heal|p2a: Great Tusk|100\/100|[from] move: Wish|[wisher] Alomomola\n|-heal|p1a: Ceruledge|61\/100 brn|[from] item: Leftovers\n|-damage|p1a: Ceruledge|55\/100 brn|[from] brn\n|upkeep\n|turn|33\n|\n|t:|1699834010\n|move|p2a: Great Tusk|Stealth Rock|p1a: Ceruledge\n|-sidestart|p1: SydPword|move: Stealth Rock\n|move|p1a: Ceruledge|Bitter Blade|p2a: Great Tusk\n|-damage|p2a: Great Tusk|49\/100\n|-heal|p1a: Ceruledge|85\/100 brn|[from] drain|[of] p2a: Great Tusk\n|-damage|p1a: Ceruledge|68\/100 brn|[from] item: Rocky Helmet|[of] p2a: Great Tusk\n|\n|-heal|p1a: Ceruledge|75\/100 brn|[from] item: Leftovers\n|-damage|p1a: Ceruledge|68\/100 brn|[from] brn\n|upkeep\n|turn|34\n|\n|t:|1699834018\n|-end|p2a: Great Tusk|Protosynthesis|[silent]\n|switch|p2a: Alomomola|Alomomola, M|97\/100\n|move|p1a: Ceruledge|Bitter Blade|p2a: Alomomola\n|-resisted|p2a: Alomomola\n|-damage|p2a: Alomomola|75\/100\n|-heal|p1a: Ceruledge|87\/100 brn|[from] drain|[of] p2a: Alomomola\n|\n|-heal|p1a: Ceruledge|93\/100 brn|[from] item: Leftovers\n|-damage|p1a: Ceruledge|87\/100 brn|[from] brn\n|upkeep\n|turn|35\n|\n|t:|1699834021\n|move|p1a: Ceruledge|Shadow Sneak|p2a: Alomomola\n|-damage|p2a: Alomomola|56\/100\n|move|p2a: Alomomola|Wish|p2a: Alomomola\n|\n|-heal|p1a: Ceruledge|93\/100 brn|[from] item: Leftovers\n|-damage|p1a: Ceruledge|87\/100 brn|[from] brn\n|upkeep\n|turn|36\n|\n|t:|1699834027\n|move|p2a: Alomomola|Protect|p2a: Alomomola\n|-singleturn|p2a: Alomomola|Protect\n|move|p1a: Ceruledge|Shadow Sneak|p2a: Alomomola\n|-activate|p2a: Alomomola|move: Protect\n|\n|-heal|p2a: Alomomola|100\/100|[from] move: Wish|[wisher] Alomomola\n|-heal|p1a: Ceruledge|93\/100 brn|[from] item: Leftovers\n|-damage|p1a: Ceruledge|87\/100 brn|[from] brn\n|upkeep\n|turn|37\n|\n|t:|1699834031\n|move|p1a: Ceruledge|Shadow Sneak|p2a: Alomomola\n|-damage|p2a: Alomomola|81\/100\n|move|p2a: Alomomola|Wish|p2a: Alomomola\n|\n|-heal|p1a: Ceruledge|93\/100 brn|[from] item: Leftovers\n|-damage|p1a: Ceruledge|87\/100 brn|[from] brn\n|upkeep\n|turn|38\n|\n|t:|1699834034\n|move|p1a: Ceruledge|Shadow Sneak|p2a: Alomomola\n|-damage|p2a: Alomomola|58\/100\n|move|p2a: Alomomola|Flip Turn|p1a: Ceruledge\n|-damage|p1a: Ceruledge|82\/100 brn\n|\n|t:|1699834040\n|switch|p2a: Great Tusk|Great Tusk|49\/100|[from] Flip Turn\n|\n|-heal|p2a: Great Tusk|100\/100|[from] move: Wish|[wisher] Alomomola\n|-heal|p1a: Ceruledge|88\/100 brn|[from] item: Leftovers\n|-damage|p1a: Ceruledge|82\/100 brn|[from] brn\n|upkeep\n|turn|39\n|\n|t:|1699834061\n|-end|p2a: Great Tusk|Protosynthesis|[silent]\n|switch|p2a: Alomomola|Alomomola, M|92\/100\n|move|p1a: Ceruledge|Bitter Blade|p2a: Alomomola\n|-resisted|p2a: Alomomola\n|-damage|p2a: Alomomola|68\/100\n|-heal|p1a: Ceruledge|100\/100 brn|[from] drain|[of] p2a: Alomomola\n|\n|-damage|p1a: Ceruledge|94\/100 brn|[from] brn\n|upkeep\n|turn|40\n|\n|t:|1699834064\n|move|p1a: Ceruledge|Shadow Sneak|p2a: Alomomola\n|-damage|p2a: Alomomola|47\/100\n|move|p2a: Alomomola|Wish|p2a: Alomomola\n|\n|-heal|p1a: Ceruledge|100\/100 brn|[from] item: Leftovers\n|-damage|p1a: Ceruledge|94\/100 brn|[from] brn\n|upkeep\n|turn|41\n|\n|t:|1699834074\n|move|p2a: Alomomola|Protect|p2a: Alomomola\n|-singleturn|p2a: Alomomola|Protect\n|move|p1a: Ceruledge|Shadow Sneak|p2a: Alomomola\n|-activate|p2a: Alomomola|move: Protect\n|\n|-heal|p2a: Alomomola|97\/100|[from] move: Wish|[wisher] Alomomola\n|-heal|p1a: Ceruledge|100\/100 brn|[from] item: Leftovers\n|-damage|p1a: Ceruledge|94\/100 brn|[from] brn\n|upkeep\n|turn|42\n|\n|t:|1699834082\n|move|p1a: Ceruledge|Taunt|p2a: Alomomola\n|-start|p2a: Alomomola|move: Taunt\n|move|p2a: Alomomola|Scald|p1a: Ceruledge\n|-damage|p1a: Ceruledge|81\/100 brn\n|\n|-heal|p1a: Ceruledge|87\/100 brn|[from] item: Leftovers\n|-damage|p1a: Ceruledge|81\/100 brn|[from] brn\n|upkeep\n|turn|43\n|\n|t:|1699834100\n|move|p1a: Ceruledge|Bitter Blade|p2a: Alomomola\n|-resisted|p2a: Alomomola\n|-damage|p2a: Alomomola|75\/100\n|-heal|p1a: Ceruledge|99\/100 brn|[from] drain|[of] p2a: Alomomola\n|move|p2a: Alomomola|Scald|p1a: Ceruledge\n|-damage|p1a: Ceruledge|85\/100 brn\n|\n|-heal|p1a: Ceruledge|91\/100 brn|[from] item: Leftovers\n|-damage|p1a: Ceruledge|85\/100 brn|[from] brn\n|upkeep\n|turn|44\n|\n|t:|1699834106\n|move|p1a: Ceruledge|Shadow Sneak|p2a: Alomomola\n|-damage|p2a: Alomomola|55\/100\n|move|p2a: Alomomola|Flip Turn|p1a: Ceruledge\n|-damage|p1a: Ceruledge|80\/100 brn\n|\n|t:|1699834110\n|switch|p2a: Great Tusk|Great Tusk|100\/100|[from] Flip Turn\n|\n|-heal|p1a: Ceruledge|86\/100 brn|[from] item: Leftovers\n|-damage|p1a: Ceruledge|80\/100 brn|[from] brn\n|upkeep\n|turn|45\n|\n|t:|1699834118\n|-end|p2a: Great Tusk|Protosynthesis|[silent]\n|switch|p2a: Alomomola|Alomomola, M|88\/100\n|move|p1a: Ceruledge|Bitter Blade|p2a: Alomomola\n|-resisted|p2a: Alomomola\n|-damage|p2a: Alomomola|64\/100\n|-heal|p1a: Ceruledge|99\/100 brn|[from] drain|[of] p2a: Alomomola\n|\n|-heal|p1a: Ceruledge|100\/100 brn|[from] item: Leftovers\n|-damage|p1a: Ceruledge|94\/100 brn|[from] brn\n|upkeep\n|turn|46\n|\n|t:|1699834122\n|move|p1a: Ceruledge|Taunt|p2a: Alomomola\n|-start|p2a: Alomomola|move: Taunt\n|move|p2a: Alomomola|Flip Turn|p1a: Ceruledge\n|-damage|p1a: Ceruledge|89\/100 brn\n|\n|t:|1699834130\n|switch|p2a: Great Tusk|Great Tusk|100\/100|[from] Flip Turn\n|\n|-heal|p1a: Ceruledge|95\/100 brn|[from] item: Leftovers\n|-damage|p1a: Ceruledge|89\/100 brn|[from] brn\n|upkeep\n|turn|47\n|\n|t:|1699834134\n|-end|p2a: Great Tusk|Protosynthesis|[silent]\n|switch|p2a: Alomomola|Alomomola, M|97\/100\n|move|p1a: Ceruledge|Shadow Sneak|p2a: Alomomola\n|-damage|p2a: Alomomola|76\/100\n|\n|-heal|p1a: Ceruledge|95\/100 brn|[from] item: Leftovers\n|-damage|p1a: Ceruledge|89\/100 brn|[from] brn\n|upkeep\n|turn|48\n|\n|t:|1699834143\n|move|p1a: Ceruledge|Shadow Sneak|p2a: Alomomola\n|-damage|p2a: Alomomola|56\/100\n|move|p2a: Alomomola|Flip Turn|p1a: Ceruledge\n|-damage|p1a: Ceruledge|83\/100 brn\n|\n|t:|1699834147\n|switch|p2a: Great Tusk|Great Tusk|100\/100|[from] Flip Turn\n|\n|-heal|p1a: Ceruledge|89\/100 brn|[from] item: Leftovers\n|-damage|p1a: Ceruledge|83\/100 brn|[from] brn\n|upkeep\n|turn|49\n|\n|t:|1699834152\n|-end|p2a: Great Tusk|Protosynthesis|[silent]\n|switch|p2a: Alomomola|Alomomola, M|90\/100\n|move|p1a: Ceruledge|Shadow Sneak|p2a: Alomomola\n|-damage|p2a: Alomomola|68\/100\n|\n|-heal|p1a: Ceruledge|89\/100 brn|[from] item: Leftovers\n|-damage|p1a: Ceruledge|83\/100 brn|[from] brn\n|upkeep\n|turn|50\n|\n|t:|1699834156\n|move|p1a: Ceruledge|Shadow Sneak|p2a: Alomomola\n|-damage|p2a: Alomomola|48\/100\n|move|p2a: Alomomola|Wish|p2a: Alomomola\n|\n|-heal|p1a: Ceruledge|89\/100 brn|[from] item: Leftovers\n|-damage|p1a: Ceruledge|83\/100 brn|[from] brn\n|upkeep\n|turn|51\n|\n|t:|1699834162\n|move|p2a: Alomomola|Protect|p2a: Alomomola\n|-singleturn|p2a: Alomomola|Protect\n|move|p1a: Ceruledge|Shadow Sneak|p2a: Alomomola\n|-activate|p2a: Alomomola|move: Protect\n|\n|-heal|p2a: Alomomola|98\/100|[from] move: Wish|[wisher] Alomomola\n|-heal|p1a: Ceruledge|89\/100 brn|[from] item: Leftovers\n|-damage|p1a: Ceruledge|83\/100 brn|[from] brn\n|upkeep\n|turn|52\n|\n|t:|1699834172\n|move|p1a: Ceruledge|Shadow Sneak|p2a: Alomomola\n|-damage|p2a: Alomomola|78\/100\n|move|p2a: Alomomola|Flip Turn|p1a: Ceruledge\n|-crit|p1a: Ceruledge\n|-damage|p1a: Ceruledge|54\/100 brn\n|\n|t:|1699834182\n|switch|p2a: Great Tusk|Great Tusk|100\/100|[from] Flip Turn\n|\n|-heal|p1a: Ceruledge|60\/100 brn|[from] item: Leftovers\n|-damage|p1a: Ceruledge|54\/100 brn|[from] brn\n|upkeep\n|turn|53\n|\n|t:|1699834194\n|-end|p2a: Great Tusk|Protosynthesis|[silent]\n|switch|p2a: Alomomola|Alomomola, M|100\/100\n|move|p1a: Ceruledge|Shadow Sneak|p2a: Alomomola\n|-damage|p2a: Alomomola|78\/100\n|\n|-heal|p1a: Ceruledge|60\/100 brn|[from] item: Leftovers\n|-damage|p1a: Ceruledge|54\/100 brn|[from] brn\n|upkeep\n|turn|54\n|\n|t:|1699834198\n|move|p1a: Ceruledge|Taunt|p2a: Alomomola\n|-start|p2a: Alomomola|move: Taunt\n|move|p2a: Alomomola|Flip Turn|p1a: Ceruledge\n|-damage|p1a: Ceruledge|49\/100 brn\n|\n|t:|1699834201\n|switch|p2a: Great Tusk|Great Tusk|100\/100|[from] Flip Turn\n|\n|-heal|p1a: Ceruledge|55\/100 brn|[from] item: Leftovers\n|-damage|p1a: Ceruledge|49\/100 brn|[from] brn\n|upkeep\n|turn|55\n|\n|t:|1699834206\n|-end|p2a: Great Tusk|Protosynthesis|[silent]\n|switch|p2a: Alomomola|Alomomola, M|100\/100\n|move|p1a: Ceruledge|Shadow Sneak|p2a: Alomomola\n|-damage|p2a: Alomomola|79\/100\n|\n|-heal|p1a: Ceruledge|55\/100 brn|[from] item: Leftovers\n|-damage|p1a: Ceruledge|49\/100 brn|[from] brn\n|upkeep\n|turn|56\n|\n|t:|1699834215\n|move|p1a: Ceruledge|Bitter Blade|p2a: Alomomola\n|-resisted|p2a: Alomomola\n|-damage|p2a: Alomomola|55\/100\n|-heal|p1a: Ceruledge|69\/100 brn|[from] drain|[of] p2a: Alomomola\n|move|p2a: Alomomola|Flip Turn|p1a: Ceruledge\n|-damage|p1a: Ceruledge|63\/100 brn\n|\n|t:|1699834219\n|switch|p2a: Great Tusk|Great Tusk|100\/100|[from] Flip Turn\n|\n|-heal|p1a: Ceruledge|69\/100 brn|[from] item: Leftovers\n|-damage|p1a: Ceruledge|63\/100 brn|[from] brn\n|upkeep\n|turn|57\n|\n|t:|1699834222\n|-end|p2a: Great Tusk|Protosynthesis|[silent]\n|switch|p2a: Alomomola|Alomomola, M|88\/100\n|move|p1a: Ceruledge|Shadow Sneak|p2a: Alomomola\n|-damage|p2a: Alomomola|65\/100\n|\n|-heal|p1a: Ceruledge|69\/100 brn|[from] item: Leftovers\n|-damage|p1a: Ceruledge|63\/100 brn|[from] brn\n|upkeep\n|turn|58\n|\n|t:|1699834228\n|move|p1a: Ceruledge|Taunt|p2a: Alomomola\n|-start|p2a: Alomomola|move: Taunt\n|move|p2a: Alomomola|Flip Turn|p1a: Ceruledge\n|-damage|p1a: Ceruledge|58\/100 brn\n|\n|t:|1699834231\n|switch|p2a: Great Tusk|Great Tusk|100\/100|[from] Flip Turn\n|\n|-heal|p1a: Ceruledge|64\/100 brn|[from] item: Leftovers\n|-damage|p1a: Ceruledge|58\/100 brn|[from] brn\n|upkeep\n|turn|59\n|\n|t:|1699834245\n|-end|p2a: Great Tusk|Protosynthesis|[silent]\n|switch|p2a: Alomomola|Alomomola, M|99\/100\n|move|p1a: Ceruledge|Shadow Sneak|p2a: Alomomola\n|-damage|p2a: Alomomola|78\/100\n|\n|-heal|p1a: Ceruledge|64\/100 brn|[from] item: Leftovers\n|-damage|p1a: Ceruledge|58\/100 brn|[from] brn\n|upkeep\n|turn|60\n|c|\u2606SydPword|how are none of these critting\n|\n|t:|1699834259\n|move|p1a: Ceruledge|Shadow Sneak|p2a: Alomomola\n|-damage|p2a: Alomomola|56\/100\n|move|p2a: Alomomola|Flip Turn|p1a: Ceruledge\n|-damage|p1a: Ceruledge|53\/100 brn\n|c|\u2606ChandosH|a crit wouldnt even break through\n|c|\u2606SydPword|yea prolly not\n|\n|t:|1699834283\n|switch|p2a: Great Tusk|Great Tusk|100\/100|[from] Flip Turn\n|\n|-heal|p1a: Ceruledge|59\/100 brn|[from] item: Leftovers\n|-damage|p1a: Ceruledge|53\/100 brn|[from] brn\n|upkeep\n|turn|61\n|\n|t:|1699834292\n|move|p1a: Ceruledge|Shadow Sneak|p2a: Great Tusk\n|-damage|p2a: Great Tusk|77\/100\n|-damage|p1a: Ceruledge|36\/100 brn|[from] item: Rocky Helmet|[of] p2a: Great Tusk\n|move|p2a: Great Tusk|Ice Spinner|p1a: Ceruledge\n|-damage|p1a: Ceruledge|29\/100 brn\n|\n|-heal|p1a: Ceruledge|35\/100 brn|[from] item: Leftovers\n|-damage|p1a: Ceruledge|29\/100 brn|[from] brn\n|upkeep\n|turn|62\n|\n|t:|1699834297\n|-end|p2a: Great Tusk|Protosynthesis|[silent]\n|switch|p2a: Alomomola|Alomomola, M|89\/100\n|move|p1a: Ceruledge|Bitter Blade|p2a: Alomomola\n|-resisted|p2a: Alomomola\n|-damage|p2a: Alomomola|68\/100\n|-heal|p1a: Ceruledge|47\/100 brn|[from] drain|[of] p2a: Alomomola\n|\n|-heal|p1a: Ceruledge|54\/100 brn|[from] item: Leftovers\n|-damage|p1a: Ceruledge|47\/100 brn|[from] brn\n|upkeep\n|turn|63\n|\n|t:|1699834305\n|move|p1a: Ceruledge|Taunt|p2a: Alomomola\n|-start|p2a: Alomomola|move: Taunt\n|move|p2a: Alomomola|Flip Turn|p1a: Ceruledge\n|-crit|p1a: Ceruledge\n|-damage|p1a: Ceruledge|18\/100 brn\n|\n|t:|1699834308\n|switch|p2a: Great Tusk|Great Tusk|77\/100|[from] Flip Turn\n|\n|-heal|p1a: Ceruledge|24\/100 brn|[from] item: Leftovers\n|-damage|p1a: Ceruledge|18\/100 brn|[from] brn\n|upkeep\n|turn|64\n|c|\u2606SydPword|but like that's the second flip turn crit lmfao\n|\n|t:|1699834319\n|-end|p2a: Great Tusk|Protosynthesis|[silent]\n|switch|p2a: Alomomola|Alomomola, M|100\/100\n|move|p1a: Ceruledge|Bitter Blade|p2a: Alomomola\n|-resisted|p2a: Alomomola\n|-damage|p2a: Alomomola|78\/100\n|-heal|p1a: Ceruledge|36\/100 brn|[from] drain|[of] p2a: Alomomola\n|\n|-heal|p1a: Ceruledge|43\/100 brn|[from] item: Leftovers\n|-damage|p1a: Ceruledge|36\/100 brn|[from] brn\n|upkeep\n|turn|65\n|\n|t:|1699834333\n|move|p1a: Ceruledge|Taunt|p2a: Alomomola\n|-start|p2a: Alomomola|move: Taunt\n|move|p2a: Alomomola|Flip Turn|p1a: Ceruledge\n|-damage|p1a: Ceruledge|31\/100 brn\n|\n|t:|1699834339\n|switch|p2a: Great Tusk|Great Tusk|77\/100|[from] Flip Turn\n|\n|-heal|p1a: Ceruledge|38\/100 brn|[from] item: Leftovers\n|-damage|p1a: Ceruledge|31\/100 brn|[from] brn\n|upkeep\n|turn|66\n|\n|t:|1699834345\n|-end|p2a: Great Tusk|Protosynthesis|[silent]\n|switch|p2a: Alomomola|Alomomola, M|100\/100\n|move|p1a: Ceruledge|Bitter Blade|p2a: Alomomola\n|-resisted|p2a: Alomomola\n|-damage|p2a: Alomomola|77\/100\n|-heal|p1a: Ceruledge|51\/100 brn|[from] drain|[of] p2a: Alomomola\n|\n|-heal|p1a: Ceruledge|57\/100 brn|[from] item: Leftovers\n|-damage|p1a: Ceruledge|51\/100 brn|[from] brn\n|upkeep\n|turn|67\n|\n|t:|1699834364\n|move|p1a: Ceruledge|Taunt|p2a: Alomomola\n|-start|p2a: Alomomola|move: Taunt\n|cant|p2a: Alomomola|move: Taunt|Wish\n|\n|-heal|p1a: Ceruledge|57\/100 brn|[from] item: Leftovers\n|-damage|p1a: Ceruledge|51\/100 brn|[from] brn\n|upkeep\n|turn|68\n|\n|t:|1699834369\n|move|p1a: Ceruledge|Shadow Sneak|p2a: Alomomola\n|-damage|p2a: Alomomola|56\/100\n|move|p2a: Alomomola|Flip Turn|p1a: Ceruledge\n|-damage|p1a: Ceruledge|46\/100 brn\n|\n|t:|1699834372\n|switch|p2a: Great Tusk|Great Tusk|77\/100|[from] Flip Turn\n|\n|-heal|p1a: Ceruledge|52\/100 brn|[from] item: Leftovers\n|-damage|p1a: Ceruledge|46\/100 brn|[from] brn\n|upkeep\n|turn|69\n|\n|t:|1699834378\n|-end|p2a: Great Tusk|Protosynthesis|[silent]\n|switch|p2a: Alomomola|Alomomola, M|89\/100\n|switch|p1a: Ribombee|Ribombee, M|94\/100\n|-activate|p1a: Ribombee|move: Sticky Web\n|-unboost|p1a: Ribombee|spe|1\n|-damage|p1a: Ribombee|69\/100|[from] Stealth Rock\n|\n|upkeep\n|turn|70\n|\n|t:|1699834392\n|switch|p2a: Slowking|Slowking-Galar, F|100\/100\n|move|p1a: Ribombee|Quiver Dance|p1a: Ribombee\n|-boost|p1a: Ribombee|spa|1\n|-boost|p1a: Ribombee|spd|1\n|-boost|p1a: Ribombee|spe|1\n|\n|upkeep\n|turn|71\n|\n|t:|1699834396\n|move|p1a: Ribombee|Sticky Web|p2a: Slowking\n|-sidestart|p2: ChandosH|move: Sticky Web\n|move|p2a: Slowking|Sludge Bomb|p1a: Ribombee\n|-supereffective|p1a: Ribombee\n|-damage|p1a: Ribombee|0 fnt\n|faint|p1a: Ribombee\n|\n|upkeep\n|\n|t:|1699834412\n|switch|p1a: Iron Valiant|Iron Valiant|100\/100\n|-activate|p1a: Iron Valiant|move: Sticky Web\n|-unboost|p1a: Iron Valiant|spe|1\n|-damage|p1a: Iron Valiant|94\/100|[from] Stealth Rock\n|-enditem|p1a: Iron Valiant|Booster Energy\n|-activate|p1a: Iron Valiant|ability: Quark Drive|[fromitem]\n|-start|p1a: Iron Valiant|quarkdrivespa\n|turn|72\n|\n|t:|1699834430\n|move|p1a: Iron Valiant|Destiny Bond|p1a: Iron Valiant\n|-singlemove|p1a: Iron Valiant|Destiny Bond\n|move|p2a: Slowking|Sludge Bomb|p1a: Iron Valiant\n|-supereffective|p1a: Iron Valiant\n|-damage|p1a: Iron Valiant|0 fnt\n|faint|p1a: Iron Valiant\n|-activate|p1a: Iron Valiant|move: Destiny Bond\n|-end|p1a: Iron Valiant|Quark Drive|[silent]\n|faint|p2a: Slowking\n|\n|upkeep\n|\n|t:|1699834443\n|switch|p1a: Ceruledge|Ceruledge, F, tera:Bug|46\/100 brn\n|switch|p2a: Great Tusk|Great Tusk|77\/100\n|-activate|p2a: Great Tusk|move: Sticky Web\n|-unboost|p2a: Great Tusk|spe|1\n|-activate|p1a: Ceruledge|move: Sticky Web\n|-unboost|p1a: Ceruledge|spe|1\n|-damage|p1a: Ceruledge|21\/100 brn|[from] Stealth Rock\n|turn|73\n|\n|t:|1699834454\n|-terastallize|p2a: Great Tusk|Dragon\n|move|p2a: Great Tusk|Rapid Spin|p1a: Ceruledge\n|-damage|p1a: Ceruledge|3\/100 brn\n|-boost|p2a: Great Tusk|spe|1\n|-sideend|p2: ChandosH|Sticky Web|[from] move: Rapid Spin|[of] p2a: Great Tusk\n|move|p1a: Ceruledge|Bitter Blade|p2a: Great Tusk\n|-resisted|p2a: Great Tusk\n|-damage|p2a: Great Tusk|70\/100\n|-heal|p1a: Ceruledge|7\/100 brn|[from] drain|[of] p2a: Great Tusk\n|-damage|p1a: Ceruledge|0 fnt|[from] item: Rocky Helmet|[of] p2a: Great Tusk\n|faint|p1a: Ceruledge\n|\n|upkeep\n|\n|t:|1699834457\n|switch|p1a: Hawlucha|Hawlucha, F|100\/100\n|-damage|p1a: Hawlucha|88\/100|[from] Stealth Rock\n|turn|74\n|\n|t:|1699834466\n|move|p1a: Hawlucha|Sky Attack||[still]\n|-prepare|p1a: Hawlucha|Sky Attack\n|-enditem|p1a: Hawlucha|Power Herb\n|-anim|p1a: Hawlucha|Sky Attack|p2a: Great Tusk\n|-damage|p2a: Great Tusk|34\/100\n|move|p2a: Great Tusk|Ice Spinner|p1a: Hawlucha\n|-supereffective|p1a: Hawlucha\n|-damage|p1a: Hawlucha|17\/100\n|\n|upkeep\n|turn|75\n|\n|t:|1699834474\n|move|p1a: Hawlucha|Close Combat|p2a: Great Tusk\n|-damage|p2a: Great Tusk|4\/100\n|-unboost|p1a: Hawlucha|def|1\n|-unboost|p1a: Hawlucha|spd|1\n|-damage|p1a: Hawlucha|1\/100|[from] item: Rocky Helmet|[of] p2a: Great Tusk\n|move|p2a: Great Tusk|Ice Spinner|p1a: Hawlucha\n|-supereffective|p1a: Hawlucha\n|-damage|p1a: Hawlucha|0 fnt\n|faint|p1a: Hawlucha\n|\n|win|ChandosH\n|raw|SydPword's rating: 1492 &rarr; <strong>1481<\/strong><br \/>(-11 for losing)\n|raw|ChandosH's rating: 1659 &rarr; <strong>1670<\/strong><br \/>(+11 for winning)\n|c|\u2606ChandosH|gg\n|c|\u2606SydPword|gg\n|l|\u2606SydPword\n","uploadtime":1699834490,"views":9,"p1id":"sydpword","p2id":"chandosh","formatid":"gen9ou","rating":1481,"private":0,"password":""}