{"id":"gen9ou-1989408168","p1":"Sinsor","p2":"Carlosbenz123","format":"[Gen 9] OU","log":"|j|\u2606Sinsor\n|j|\u2606Carlosbenz123\n|t:|1699846392\n|gametype|singles\n|player|p1|Sinsor|170|1033\n|player|p2|Carlosbenz123|265|1083\n|teamsize|p1|6\n|teamsize|p2|6\n|gen|9\n|tier|[Gen 9] OU\n|rated|\n|rule|Sleep Clause Mod: Limit one foe put to sleep\n|rule|Species Clause: Limit one of each Pok\u00e9mon\n|rule|OHKO Clause: OHKO moves are banned\n|rule|Evasion Items Clause: Evasion items are banned\n|rule|Evasion Moves Clause: Evasion moves are banned\n|rule|Endless Battle Clause: Forcing endless battles is banned\n|rule|HP Percentage Mod: HP is shown in percentages\n|clearpoke\n|poke|p1|Chesnaught, M|\n|poke|p1|Ditto|\n|poke|p1|Dragonite, M|\n|poke|p1|Landorus-Therian, M|\n|poke|p1|Quagsire, F|\n|poke|p1|Talonflame, F|\n|poke|p2|Inteleon, M|\n|poke|p2|Wo-Chien|\n|poke|p2|Houndstone, F|\n|poke|p2|Klawf, F|\n|poke|p2|Overqwil, F|\n|poke|p2|Flamigo, F|\n|teampreview\n|\n|t:|1699846397\n|start\n|switch|p1a: Landorus|Landorus-Therian, M|100\/100\n|switch|p2a: Inteleon|Inteleon, M, shiny|100\/100\n|-ability|p1a: Landorus|Intimidate|boost\n|-unboost|p2a: Inteleon|atk|1\n|turn|1\n|inactive|Battle timer is ON: inactive players will automatically lose when time's up. (requested by Carlosbenz123)\n|j| FrankTivs\n|\n|t:|1699846405\n|move|p2a: Inteleon|Snipe Shot|p1a: Landorus\n|-supereffective|p1a: Landorus\n|-crit|p1a: Landorus\n|-damage|p1a: Landorus|0 fnt\n|faint|p1a: Landorus\n|\n|upkeep\n|\n|t:|1699846415\n|switch|p1a: Chesnaught|Chesnaught, M|100\/100\n|turn|2\n|\n|t:|1699846420\n|move|p2a: Inteleon|Air Cutter|p1a: Chesnaught\n|-supereffective|p1a: Chesnaught\n|-damage|p1a: Chesnaught|5\/100\n|move|p1a: Chesnaught|Leech Seed|p2a: Inteleon\n|-start|p2a: Inteleon|move: Leech Seed\n|\n|-heal|p1a: Chesnaught|11\/100|[from] item: Leftovers\n|-damage|p2a: Inteleon|88\/100|[from] Leech Seed|[of] p1a: Chesnaught\n|-heal|p1a: Chesnaught|20\/100|[silent]\n|upkeep\n|turn|3\n|\n|t:|1699846430\n|switch|p2a: Flamigo|Flamigo, F|100\/100\n|move|p1a: Chesnaught|Spiky Shield||[still]\n|-fail|p1a: Chesnaught\n|\n|-heal|p1a: Chesnaught|26\/100|[from] item: Leftovers\n|upkeep\n|turn|4\n|l| FrankTivs\n|\n|t:|1699846438\n|move|p1a: Chesnaught|Spiky Shield|p1a: Chesnaught\n|-singleturn|p1a: Chesnaught|move: Protect\n|move|p2a: Flamigo|Brave Bird|p1a: Chesnaught\n|-activate|p1a: Chesnaught|move: Protect\n|-damage|p2a: Flamigo|88\/100|[from] Spiky Shield|[of] p1a: Chesnaught\n|\n|-heal|p1a: Chesnaught|32\/100|[from] item: Leftovers\n|upkeep\n|turn|5\n|\n|t:|1699846453\n|move|p2a: Flamigo|Brave Bird|p1a: Chesnaught\n|-supereffective|p1a: Chesnaught\n|-crit|p1a: Chesnaught\n|-damage|p1a: Chesnaught|0 fnt\n|faint|p1a: Chesnaught\n|-damage|p2a: Flamigo|75\/100|[from] Recoil\n|-damage|p2a: Flamigo|65\/100|[from] item: Life Orb\n|\n|upkeep\n|\n|t:|1699846470\n|switch|p1a: Dragonite|Dragonite, M|100\/100\n|turn|6\n|\n|t:|1699846482\n|switch|p2a: Houndstone|Houndstone, F|100\/100\n|move|p1a: Dragonite|Outrage|p2a: Houndstone\n|-damage|p2a: Houndstone|71\/100\n|-damage|p1a: Dragonite|84\/100|[from] item: Rocky Helmet|[of] p2a: Houndstone\n|\n|upkeep\n|turn|7\n|\n|t:|1699846490\n|move|p1a: Dragonite|Outrage|p2a: Houndstone|[from]lockedmove\n|-damage|p2a: Houndstone|43\/100\n|-damage|p1a: Dragonite|67\/100|[from] item: Rocky Helmet|[of] p2a: Houndstone\n|-start|p1a: Dragonite|confusion|[fatigue]\n|move|p2a: Houndstone|Will-O-Wisp|p1a: Dragonite\n|-status|p1a: Dragonite|brn\n|\n|-damage|p1a: Dragonite|61\/100 brn|[from] brn\n|upkeep\n|turn|8\n|\n|t:|1699846509\n|-activate|p1a: Dragonite|confusion\n|move|p1a: Dragonite|Outrage|p2a: Houndstone\n|-damage|p2a: Houndstone|29\/100\n|-damage|p1a: Dragonite|44\/100 brn|[from] item: Rocky Helmet|[of] p2a: Houndstone\n|move|p2a: Houndstone|Phantom Force||[still]\n|-prepare|p2a: Houndstone|Phantom Force\n|\n|-damage|p1a: Dragonite|38\/100 brn|[from] brn\n|upkeep\n|turn|9\n|\n|t:|1699846518\n|-end|p1a: Dragonite|confusion\n|move|p1a: Dragonite|Outrage|p2a: Houndstone|[from]lockedmove|[miss]\n|-miss|p1a: Dragonite|p2a: Houndstone\n|move|p2a: Houndstone|Phantom Force|p1a: Dragonite|[from]lockedmove\n|-damage|p1a: Dragonite|0 fnt\n|faint|p1a: Dragonite\n|\n|upkeep\n|\n|t:|1699846533\n|switch|p1a: Quagsire|Quagsire, F|100\/100\n|turn|10\n|\n|t:|1699846541\n|move|p2a: Houndstone|Will-O-Wisp|p1a: Quagsire\n|-status|p1a: Quagsire|brn\n|move|p1a: Quagsire|Toxic|p2a: Houndstone\n|-status|p2a: Houndstone|tox\n|\n|-damage|p2a: Houndstone|23\/100 tox|[from] psn\n|-damage|p1a: Quagsire|94\/100 brn|[from] brn\n|upkeep\n|turn|11\n|\n|t:|1699846551\n|move|p1a: Quagsire|Protect|p1a: Quagsire\n|-singleturn|p1a: Quagsire|Protect\n|move|p2a: Houndstone|Phantom Force||[still]\n|-prepare|p2a: Houndstone|Phantom Force\n|\n|-damage|p2a: Houndstone|11\/100 tox|[from] psn\n|-damage|p1a: Quagsire|88\/100 brn|[from] brn\n|upkeep\n|turn|12\n|\n|t:|1699846559\n|move|p1a: Quagsire|Protect||[still]\n|-fail|p1a: Quagsire\n|move|p2a: Houndstone|Phantom Force|p1a: Quagsire|[from]lockedmove\n|-damage|p1a: Quagsire|55\/100 brn\n|\n|-damage|p2a: Houndstone|0 fnt|[from] psn\n|faint|p2a: Houndstone\n|-damage|p1a: Quagsire|49\/100 brn|[from] brn\n|upkeep\n|\n|t:|1699846571\n|switch|p2a: Wo-Chien|Wo-Chien|100\/100\n|-ability|p2a: Wo-Chien|Tablets of Ruin\n|turn|13\n|\n|t:|1699846576\n|move|p2a: Wo-Chien|Leaf Storm|p1a: Quagsire\n|-supereffective|p1a: Quagsire\n|-damage|p1a: Quagsire|0 fnt\n|-unboost|p2a: Wo-Chien|spa|2\n|faint|p1a: Quagsire\n|\n|upkeep\n|\n|t:|1699846583\n|switch|p1a: Talonflame|Talonflame, F|100\/100\n|turn|14\n|\n|t:|1699846589\n|-terastallize|p2a: Wo-Chien|Rock\n|move|p1a: Talonflame|Brave Bird|p2a: Wo-Chien\n|-resisted|p2a: Wo-Chien\n|-damage|p2a: Wo-Chien|84\/100\n|-damage|p1a: Talonflame|94\/100|[from] Recoil\n|move|p2a: Wo-Chien|Tera Blast|p1a: Talonflame|[anim] Tera Blast Rock\n|-supereffective|p1a: Talonflame\n|-damage|p1a: Talonflame|0 fnt\n|faint|p1a: Talonflame\n|\n|upkeep\n|l|\u2606Sinsor\n|inactive|Sinsor disconnected and has a minute to reconnect!\n|player|p1|\n|c|\u2606Carlosbenz123|Gg\n|c|\u2606Carlosbenz123|just give up\n|n|!Carlosbenz123|carlosbenz123\n|inactive|Sinsor has 30 seconds to reconnect!\n|inactive|Sinsor has 20 seconds to reconnect!\n|inactive|Sinsor has 15 seconds to reconnect!\n|inactive|Sinsor has 10 seconds to reconnect!\n|inactive|Sinsor has 5 seconds to reconnect!\n|-message|Sinsor lost due to inactivity.\n|\n|win|Carlosbenz123\n|raw|Sinsor's rating: 1033 &rarr; <strong>1020<\/strong><br \/>(-13 for losing)\n|raw|Carlosbenz123's rating: 1083 &rarr; <strong>1107<\/strong><br \/>(+24 for winning)\n","uploadtime":1699846628,"views":40,"p1id":"sinsor","p2id":"carlosbenz123","formatid":"gen9ou","rating":1020,"private":0,"password":""}