{"id":"gen9ou-1991977464","p1":"ImTiredx","p2":"Big Test These","format":"[Gen 9] OU","log":"|j|\u2606ImTiredx\n|j|\u2606Big Test These\n|t:|1700144442\n|gametype|singles\n|player|p1|ImTiredx|169|1404\n|player|p2|Big Test These|unknown|1441\n|teamsize|p1|6\n|teamsize|p2|6\n|gen|9\n|tier|[Gen 9] OU\n|rated|\n|rule|Sleep Clause Mod: Limit one foe put to sleep\n|rule|Species Clause: Limit one of each Pok\u00e9mon\n|rule|OHKO Clause: OHKO moves are banned\n|rule|Evasion Items Clause: Evasion items are banned\n|rule|Evasion Moves Clause: Evasion moves are banned\n|rule|Endless Battle Clause: Forcing endless battles is banned\n|rule|HP Percentage Mod: HP is shown in percentages\n|clearpoke\n|poke|p1|Hatterene, F|\n|poke|p1|Zamazenta-*|\n|poke|p1|Kingambit, M|\n|poke|p1|Thundurus, M|\n|poke|p1|Garchomp, M|\n|poke|p1|Dondozo, F|\n|poke|p2|Greninja-*, M|\n|poke|p2|Thundurus-Therian, M|\n|poke|p2|Slowking-Galar, F|\n|poke|p2|Landorus-Therian, M|\n|poke|p2|Corviknight, M|\n|poke|p2|Cinderace, F|\n|teampreview\n|inactive|Battle timer is ON: inactive players will automatically lose when time's up. (requested by ImTiredx)\n|\n|t:|1700144451\n|start\n|switch|p1a: Hatterene|Hatterene, F|100\/100\n|switch|p2a: Thundurus|Thundurus-Therian, M|100\/100\n|turn|1\n|\n|t:|1700144459\n|move|p2a: Thundurus|Sludge Bomb|p1a: Hatterene\n|-supereffective|p1a: Hatterene\n|-damage|p1a: Hatterene|51\/100\n|-status|p1a: Hatterene|psn\n|move|p1a: Hatterene|Draining Kiss|p2a: Thundurus\n|-damage|p2a: Thundurus|56\/100\n|-heal|p1a: Hatterene|83\/100 psn|[from] drain|[of] p2a: Thundurus\n|\n|-damage|p1a: Hatterene|70\/100 psn|[from] psn\n|upkeep\n|turn|2\n|\n|t:|1700144470\n|switch|p1a: Kingambit|Kingambit, M|100\/100\n|move|p2a: Thundurus|Sludge Bomb|p1a: Kingambit\n|-immune|p1a: Kingambit\n|\n|upkeep\n|turn|3\n|\n|t:|1700144477\n|switch|p2a: Corviknight|Corviknight, M|100\/100\n|-ability|p2a: Corviknight|Pressure\n|move|p1a: Kingambit|Kowtow Cleave|p2a: Corviknight\n|-damage|p2a: Corviknight|69\/100\n|-damage|p1a: Kingambit|84\/100|[from] item: Rocky Helmet|[of] p2a: Corviknight\n|\n|-heal|p1a: Kingambit|90\/100|[from] item: Leftovers\n|upkeep\n|turn|4\n|\n|t:|1700144487\n|-end|p1a: Kingambit|fallenundefined|[silent]\n|switch|p1a: Garchomp|Garchomp, M|100\/100\n|move|p2a: Corviknight|Roost|p2a: Corviknight\n|-heal|p2a: Corviknight|100\/100\n|-singleturn|p2a: Corviknight|move: Roost\n|\n|upkeep\n|turn|5\n|\n|t:|1700144516\n|move|p1a: Garchomp|Stealth Rock|p2a: Corviknight\n|-sidestart|p2: Big Test These|move: Stealth Rock\n|move|p2a: Corviknight|U-turn|p1a: Garchomp\n|-damage|p1a: Garchomp|86\/100\n|-damage|p2a: Corviknight|88\/100|[from] ability: Rough Skin|[of] p1a: Garchomp\n|-damage|p2a: Corviknight|72\/100|[from] item: Rocky Helmet|[of] p1a: Garchomp\n|\n|t:|1700144519\n|switch|p2a: Greninja|Greninja, M|100\/100|[from] U-turn\n|-damage|p2a: Greninja|88\/100|[from] Stealth Rock\n|\n|upkeep\n|turn|6\n|\n|t:|1700144532\n|move|p2a: Greninja|U-turn|p1a: Garchomp\n|-start|p2a: Greninja|typechange|Bug|[from] ability: Protean\n|-crit|p1a: Garchomp\n|-damage|p1a: Garchomp|57\/100\n|-damage|p2a: Greninja|76\/100|[from] ability: Rough Skin|[of] p1a: Garchomp\n|-damage|p2a: Greninja|59\/100|[from] item: Rocky Helmet|[of] p1a: Garchomp\n|\n|t:|1700144534\n|switch|p2a: Landorus|Landorus-Therian, M|100\/100|[from] U-turn\n|-ability|p2a: Landorus|Intimidate|boost\n|-unboost|p1a: Garchomp|atk|1\n|move|p1a: Garchomp|Dragon Claw|p2a: Landorus\n|-damage|p2a: Landorus|69\/100\n|\n|upkeep\n|turn|7\n|\n|t:|1700144552\n|switch|p1a: Thundurus|Thundurus, M|100\/100\n|move|p2a: Landorus|Earthquake|p1a: Thundurus\n|-immune|p1a: Thundurus\n|\n|upkeep\n|turn|8\n|\n|t:|1700144574\n|switch|p2a: Slowking|Slowking-Galar, F|100\/100\n|move|p1a: Thundurus|Knock Off|p2a: Slowking\n|-supereffective|p2a: Slowking\n|-damage|p2a: Slowking|46\/100\n|-enditem|p2a: Slowking|Heavy-Duty Boots|[from] move: Knock Off|[of] p1a: Thundurus\n|\n|upkeep\n|turn|9\n|\n|t:|1700144583\n|move|p1a: Thundurus|Volt Switch|p2a: Slowking\n|-damage|p2a: Slowking|31\/100\n|\n|t:|1700144588\n|switch|p1a: Garchomp|Garchomp, M|57\/100|[from] Volt Switch\n|move|p2a: Slowking|Chilly Reception|p2a: Slowking\n|-weather|Snow\n|\n|t:|1700144596\n|switch|p2a: Cinderace|Cinderace, F|100\/100|[from] Chilly Reception\n|\n|-weather|Snow|[upkeep]\n|upkeep\n|turn|10\n|\n|t:|1700144602\n|switch|p1a: Hatterene|Hatterene, F|70\/100 psn\n|move|p2a: Cinderace|Court Change|p2a: Cinderace\n|-start|p2a: Cinderace|typechange|Normal|[from] ability: Libero\n|-swapsideconditions\n|-activate|p2a: Cinderace|move: Court Change\n|\n|-weather|Snow|[upkeep]\n|-damage|p1a: Hatterene|58\/100 psn|[from] psn\n|upkeep\n|turn|11\n|\n|t:|1700144611\n|move|p2a: Cinderace|Pyro Ball|p1a: Hatterene\n|-damage|p1a: Hatterene|11\/100 psn\n|move|p1a: Hatterene|Draining Kiss|p2a: Cinderace\n|-damage|p2a: Cinderace|61\/100\n|-heal|p1a: Hatterene|39\/100 psn|[from] drain|[of] p2a: Cinderace\n|\n|-weather|Snow|[upkeep]\n|-damage|p1a: Hatterene|27\/100 psn|[from] psn\n|upkeep\n|turn|12\n|\n|t:|1700144624\n|move|p2a: Cinderace|Pyro Ball|p1a: Hatterene\n|-damage|p1a: Hatterene|0 fnt\n|faint|p1a: Hatterene\n|\n|-weather|Snow|[upkeep]\n|upkeep\n|\n|t:|1700144630\n|switch|p1a: Zamazenta|Zamazenta|100\/100\n|-damage|p1a: Zamazenta|94\/100|[from] Stealth Rock\n|-ability|p1a: Zamazenta|Dauntless Shield|boost\n|-boost|p1a: Zamazenta|def|1\n|turn|13\n|\n|t:|1700144641\n|switch|p1a: Thundurus|Thundurus, M|100\/100\n|switch|p2a: Landorus|Landorus-Therian, M|69\/100\n|-ability|p2a: Landorus|Intimidate|boost\n|-unboost|p1a: Thundurus|atk|1\n|\n|-weather|none\n|upkeep\n|turn|14\n|\n|t:|1700144651\n|move|p2a: Landorus|Smack Down|p1a: Thundurus\n|-supereffective|p1a: Thundurus\n|-crit|p1a: Thundurus\n|-damage|p1a: Thundurus|30\/100\n|-start|p1a: Thundurus|Smack Down\n|move|p1a: Thundurus|Knock Off|p2a: Landorus\n|-damage|p2a: Landorus|49\/100\n|-enditem|p2a: Landorus|Heavy-Duty Boots|[from] move: Knock Off|[of] p1a: Thundurus\n|\n|upkeep\n|turn|15\n|\n|t:|1700144663\n|move|p1a: Thundurus|Taunt|p2a: Landorus\n|-start|p2a: Landorus|move: Taunt\n|move|p2a: Landorus|Earthquake|p1a: Thundurus\n|-supereffective|p1a: Thundurus\n|-damage|p1a: Thundurus|0 fnt\n|faint|p1a: Thundurus\n|\n|upkeep\n|\n|t:|1700144671\n|switch|p1a: Dondozo|Dondozo, F|100\/100\n|-damage|p1a: Dondozo|88\/100|[from] Stealth Rock\n|turn|16\n|\n|t:|1700144681\n|move|p2a: Landorus|Earthquake|p1a: Dondozo\n|-damage|p1a: Dondozo|54\/100\n|move|p1a: Dondozo|Curse|p1a: Dondozo\n|-unboost|p1a: Dondozo|spe|1\n|-boost|p1a: Dondozo|atk|1\n|-boost|p1a: Dondozo|def|1\n|\n|-heal|p1a: Dondozo|60\/100|[from] item: Leftovers\n|upkeep\n|turn|17\n|\n|t:|1700144694\n|move|p2a: Landorus|U-turn|p1a: Dondozo\n|-damage|p1a: Dondozo|49\/100\n|\n|t:|1700144696\n|switch|p2a: Corviknight|Corviknight, M|72\/100|[from] U-turn\n|-ability|p2a: Corviknight|Pressure\n|move|p1a: Dondozo|Liquidation|p2a: Corviknight\n|-damage|p2a: Corviknight|35\/100\n|-damage|p1a: Dondozo|32\/100|[from] item: Rocky Helmet|[of] p2a: Corviknight\n|\n|-heal|p1a: Dondozo|38\/100|[from] item: Leftovers\n|upkeep\n|turn|18\n|\n|t:|1700144709\n|move|p2a: Corviknight|Roost|p2a: Corviknight\n|-heal|p2a: Corviknight|85\/100\n|-singleturn|p2a: Corviknight|move: Roost\n|move|p1a: Dondozo|Rest|p1a: Dondozo\n|-status|p1a: Dondozo|slp|[from] move: Rest\n|-heal|p1a: Dondozo|100\/100 slp|[silent]\n|\n|upkeep\n|turn|19\n|\n|t:|1700144718\n|move|p2a: Corviknight|Iron Defense|p2a: Corviknight\n|-boost|p2a: Corviknight|def|2\n|cant|p1a: Dondozo|slp\n|\n|upkeep\n|turn|20\n|\n|t:|1700144724\n|move|p2a: Corviknight|Iron Defense|p2a: Corviknight\n|-boost|p2a: Corviknight|def|2\n|cant|p1a: Dondozo|slp\n|\n|upkeep\n|turn|21\n|\n|t:|1700144731\n|move|p2a: Corviknight|Iron Defense|p2a: Corviknight\n|-boost|p2a: Corviknight|def|2\n|-curestatus|p1a: Dondozo|slp|[msg]\n|move|p1a: Dondozo|Curse|p1a: Dondozo\n|-unboost|p1a: Dondozo|spe|1\n|-boost|p1a: Dondozo|atk|1\n|-boost|p1a: Dondozo|def|1\n|\n|upkeep\n|turn|22\n|\n|t:|1700144739\n|move|p2a: Corviknight|Body Press|p1a: Dondozo\n|-damage|p1a: Dondozo|93\/100\n|move|p1a: Dondozo|Curse|p1a: Dondozo\n|-unboost|p1a: Dondozo|spe|1\n|-boost|p1a: Dondozo|atk|1\n|-boost|p1a: Dondozo|def|1\n|\n|-heal|p1a: Dondozo|99\/100|[from] item: Leftovers\n|upkeep\n|turn|23\n|\n|t:|1700144749\n|move|p2a: Corviknight|U-turn|p1a: Dondozo\n|-damage|p1a: Dondozo|95\/100\n|\n|t:|1700144751\n|switch|p2a: Thundurus|Thundurus-Therian, M|56\/100|[from] U-turn\n|move|p1a: Dondozo|Curse|p1a: Dondozo\n|-unboost|p1a: Dondozo|spe|1\n|-boost|p1a: Dondozo|atk|1\n|-boost|p1a: Dondozo|def|1\n|\n|-heal|p1a: Dondozo|100\/100|[from] item: Leftovers\n|upkeep\n|turn|24\n|\n|t:|1700144761\n|move|p2a: Thundurus|Thunderbolt|p1a: Dondozo\n|-supereffective|p1a: Dondozo\n|-damage|p1a: Dondozo|0 fnt\n|faint|p1a: Dondozo\n|\n|upkeep\n|\n|t:|1700144770\n|switch|p1a: Zamazenta|Zamazenta|94\/100\n|-damage|p1a: Zamazenta|88\/100|[from] Stealth Rock\n|turn|25\n|\n|t:|1700144775\n|switch|p2a: Corviknight|Corviknight, M|85\/100\n|-ability|p2a: Corviknight|Pressure\n|move|p1a: Zamazenta|Crunch|p2a: Corviknight\n|-damage|p2a: Corviknight|61\/100\n|-damage|p1a: Zamazenta|72\/100|[from] item: Rocky Helmet|[of] p2a: Corviknight\n|\n|upkeep\n|turn|26\n|\n|t:|1700144786\n|switch|p1a: Kingambit|Kingambit, M|90\/100\n|-damage|p1a: Kingambit|84\/100|[from] Stealth Rock\n|-activate|p1a: Kingambit|ability: Supreme Overlord\n|-start|p1a: Kingambit|fallen3|[silent]\n|move|p2a: Corviknight|Roost|p2a: Corviknight\n|-heal|p2a: Corviknight|100\/100\n|-singleturn|p2a: Corviknight|move: Roost\n|\n|-heal|p1a: Kingambit|90\/100|[from] item: Leftovers\n|upkeep\n|turn|27\n|\n|t:|1700144800\n|move|p2a: Corviknight|Body Press|p1a: Kingambit\n|-supereffective|p1a: Kingambit\n|-damage|p1a: Kingambit|9\/100\n|move|p1a: Kingambit|Swords Dance|p1a: Kingambit\n|-boost|p1a: Kingambit|atk|2\n|\n|-heal|p1a: Kingambit|15\/100|[from] item: Leftovers\n|upkeep\n|turn|28\n|\n|t:|1700144810\n|-end|p1a: Kingambit|fallen3|[silent]\n|switch|p1a: Garchomp|Garchomp, M|57\/100\n|-damage|p1a: Garchomp|51\/100|[from] Stealth Rock\n|-terastallize|p2a: Corviknight|Fighting\n|move|p2a: Corviknight|Roost||[still]\n|-fail|p2a: Corviknight|heal\n|\n|upkeep\n|turn|29\n|\n|t:|1700144820\n|move|p1a: Garchomp|Earthquake|p2a: Corviknight\n|-damage|p2a: Corviknight|69\/100\n|move|p2a: Corviknight|Iron Defense|p2a: Corviknight\n|-boost|p2a: Corviknight|def|2\n|\n|upkeep\n|turn|30\n|-message|ImTiredx forfeited.\n|\n|win|Big Test These\n|raw|ImTiredx's rating: 1404 &rarr; <strong>1386<\/strong><br \/>(-18 for losing)\n|raw|Big Test These's rating: 1441 &rarr; <strong>1459<\/strong><br \/>(+18 for winning)\n|c|\u2606Big Test These|gg\n|l|\u2606ImTiredx\n","uploadtime":1700144908,"views":19,"p1id":"imtiredx","p2id":"bigtestthese","formatid":"gen9ou","rating":1386,"private":0,"password":""}