{"id":"gen9ou-1997313142","p1":"OUCK viivian","p2":"DeepFriedMagikarp","format":"[Gen 9] OU","log":"|j|\u203dOUCK viivian\n|j|\u2606DeepFriedMagikarp\n|t:|1700788113\n|gametype|singles\n|player|p1|OUCK viivian|iris-gen5bw2|1685\n|player|p2|DeepFriedMagikarp|ninjaboy|1915\n|teamsize|p1|6\n|teamsize|p2|6\n|gen|9\n|tier|[Gen 9] OU\n|rated|\n|rule|Sleep Clause Mod: Limit one foe put to sleep\n|rule|Species Clause: Limit one of each Pok\u00e9mon\n|rule|OHKO Clause: OHKO moves are banned\n|rule|Evasion Items Clause: Evasion items are banned\n|rule|Evasion Moves Clause: Evasion moves are banned\n|rule|Endless Battle Clause: Forcing endless battles is banned\n|rule|HP Percentage Mod: HP is shown in percentages\n|clearpoke\n|poke|p1|Torkoal, F|\n|poke|p1|Kingambit, F|\n|poke|p1|Brute Bonnet|\n|poke|p1|Iron Moth|\n|poke|p1|Great Tusk|\n|poke|p1|Walking Wake|\n|poke|p2|Maushold|\n|poke|p2|Rillaboom, F|\n|poke|p2|Great Tusk|\n|poke|p2|Heatran, M|\n|poke|p2|Enamorus, F|\n|poke|p2|Kingambit, F|\n|teampreview\n|inactive|Battle timer is ON: inactive players will automatically lose when time's up. (requested by DeepFriedMagikarp)\n|\n|t:|1700788129\n|start\n|switch|p1a: Kingambit|Kingambit, F|100\/100\n|switch|p2a: Maushold|Maushold|100\/100\n|turn|1\n|\n|t:|1700788135\n|switch|p2a: Heatran|Heatran, M|100\/100\n|move|p1a: Kingambit|Kowtow Cleave|p2a: Heatran\n|-damage|p2a: Heatran|59\/100\n|\n|-heal|p2a: Heatran|66\/100|[from] item: Leftovers\n|upkeep\n|turn|2\n|\n|t:|1700788142\n|-end|p1a: Kingambit|fallenundefined|[silent]\n|switch|p1a: Walking Wake|Walking Wake|100\/100\n|move|p2a: Heatran|Stealth Rock|p1a: Walking Wake\n|-sidestart|p1: OUCK viivian|move: Stealth Rock\n|\n|-heal|p2a: Heatran|72\/100|[from] item: Leftovers\n|upkeep\n|turn|3\n|\n|t:|1700788144\n|switch|p2a: Rillaboom|Rillaboom, F|100\/100\n|-fieldstart|move: Grassy Terrain|[from] ability: Grassy Surge|[of] p2a: Rillaboom\n|move|p1a: Walking Wake|Hydro Steam|p2a: Rillaboom\n|-resisted|p2a: Rillaboom\n|-damage|p2a: Rillaboom|59\/100\n|\n|-heal|p2a: Rillaboom|65\/100|[from] Grassy Terrain\n|upkeep\n|turn|4\n|\n|t:|1700788157\n|-end|p1a: Walking Wake|Protosynthesis|[silent]\n|switch|p1a: Torkoal|Torkoal, F|100\/100\n|-damage|p1a: Torkoal|75\/100|[from] Stealth Rock\n|-weather|SunnyDay|[from] ability: Drought|[of] p1a: Torkoal\n|move|p2a: Rillaboom|U-turn|p1a: Torkoal\n|-resisted|p1a: Torkoal\n|-damage|p1a: Torkoal|64\/100\n|\n|t:|1700788168\n|switch|p2a: Great Tusk|Great Tusk|100\/100|[from] U-turn\n|-activate|p2a: Great Tusk|ability: Protosynthesis\n|-start|p2a: Great Tusk|protosynthesisspe\n|\n|-weather|SunnyDay|[upkeep]\n|-heal|p1a: Torkoal|70\/100|[from] Grassy Terrain\n|upkeep\n|turn|5\n|\n|t:|1700788179\n|switch|p1a: Iron Moth|Iron Moth|100\/100\n|-damage|p1a: Iron Moth|76\/100|[from] Stealth Rock\n|-enditem|p1a: Iron Moth|Booster Energy\n|-activate|p1a: Iron Moth|ability: Quark Drive|[fromitem]\n|-start|p1a: Iron Moth|quarkdrivespe\n|move|p2a: Great Tusk|Headlong Rush|p1a: Iron Moth\n|-supereffective|p1a: Iron Moth\n|-damage|p1a: Iron Moth|0 fnt\n|-unboost|p2a: Great Tusk|def|1\n|-unboost|p2a: Great Tusk|spd|1\n|faint|p1a: Iron Moth\n|-end|p1a: Iron Moth|Quark Drive|[silent]\n|\n|-weather|SunnyDay|[upkeep]\n|upkeep\n|\n|t:|1700788184\n|switch|p1a: Great Tusk|Great Tusk|100\/100\n|-damage|p1a: Great Tusk|97\/100|[from] Stealth Rock\n|-activate|p1a: Great Tusk|ability: Protosynthesis\n|-start|p1a: Great Tusk|protosynthesisspe\n|turn|6\n|\n|t:|1700788188\n|move|p2a: Great Tusk|Bulk Up|p2a: Great Tusk\n|-boost|p2a: Great Tusk|atk|1\n|-boost|p2a: Great Tusk|def|1\n|move|p1a: Great Tusk|Bulk Up|p1a: Great Tusk\n|-boost|p1a: Great Tusk|atk|1\n|-boost|p1a: Great Tusk|def|1\n|\n|-weather|SunnyDay|[upkeep]\n|-heal|p1a: Great Tusk|100\/100|[from] Grassy Terrain\n|upkeep\n|turn|7\n|\n|t:|1700788191\n|move|p1a: Great Tusk|Bulk Up|p1a: Great Tusk\n|-boost|p1a: Great Tusk|atk|1\n|-boost|p1a: Great Tusk|def|1\n|move|p2a: Great Tusk|Bulk Up|p2a: Great Tusk\n|-boost|p2a: Great Tusk|atk|1\n|-boost|p2a: Great Tusk|def|1\n|\n|-weather|SunnyDay|[upkeep]\n|-fieldend|move: Grassy Terrain\n|upkeep\n|turn|8\n|\n|t:|1700788194\n|move|p2a: Great Tusk|Bulk Up|p2a: Great Tusk\n|-boost|p2a: Great Tusk|atk|1\n|-boost|p2a: Great Tusk|def|1\n|move|p1a: Great Tusk|Bulk Up|p1a: Great Tusk\n|-boost|p1a: Great Tusk|atk|1\n|-boost|p1a: Great Tusk|def|1\n|\n|-weather|SunnyDay|[upkeep]\n|upkeep\n|turn|9\n|\n|t:|1700788197\n|move|p1a: Great Tusk|Rapid Spin|p2a: Great Tusk\n|-damage|p2a: Great Tusk|89\/100\n|-boost|p1a: Great Tusk|spe|1\n|-sideend|p1: OUCK viivian|Stealth Rock|[from] move: Rapid Spin|[of] p1a: Great Tusk\n|move|p2a: Great Tusk|Bulk Up|p2a: Great Tusk\n|-boost|p2a: Great Tusk|atk|1\n|-boost|p2a: Great Tusk|def|1\n|\n|-weather|SunnyDay|[upkeep]\n|-heal|p2a: Great Tusk|95\/100|[from] item: Leftovers\n|upkeep\n|turn|10\n|\n|t:|1700788203\n|move|p1a: Great Tusk|Bulk Up|p1a: Great Tusk\n|-boost|p1a: Great Tusk|atk|1\n|-boost|p1a: Great Tusk|def|1\n|move|p2a: Great Tusk|Rapid Spin|p1a: Great Tusk\n|-damage|p1a: Great Tusk|91\/100\n|-boost|p2a: Great Tusk|spe|1\n|\n|-weather|SunnyDay|[upkeep]\n|-heal|p2a: Great Tusk|100\/100|[from] item: Leftovers\n|-heal|p1a: Great Tusk|97\/100|[from] item: Leftovers\n|upkeep\n|turn|11\n|\n|t:|1700788205\n|move|p2a: Great Tusk|Bulk Up|p2a: Great Tusk\n|-boost|p2a: Great Tusk|atk|1\n|-boost|p2a: Great Tusk|def|1\n|move|p1a: Great Tusk|Bulk Up|p1a: Great Tusk\n|-boost|p1a: Great Tusk|atk|1\n|-boost|p1a: Great Tusk|def|1\n|\n|-weather|none\n|-end|p2a: Great Tusk|Protosynthesis\n|-end|p1a: Great Tusk|Protosynthesis\n|-heal|p1a: Great Tusk|100\/100|[from] item: Leftovers\n|upkeep\n|turn|12\n|\n|t:|1700788211\n|move|p2a: Great Tusk|Ice Spinner|p1a: Great Tusk\n|-supereffective|p1a: Great Tusk\n|-damage|p1a: Great Tusk|72\/100\n|move|p1a: Great Tusk|Bulk Up|p1a: Great Tusk\n|-boost|p1a: Great Tusk|atk|1\n|-boost|p1a: Great Tusk|def|1\n|\n|-heal|p1a: Great Tusk|78\/100|[from] item: Leftovers\n|upkeep\n|turn|13\n|\n|t:|1700788215\n|move|p2a: Great Tusk|Bulk Up|p2a: Great Tusk\n|-boost|p2a: Great Tusk|atk|1\n|-boost|p2a: Great Tusk|def|1\n|move|p1a: Great Tusk|Earthquake|p2a: Great Tusk\n|-crit|p2a: Great Tusk\n|-damage|p2a: Great Tusk|0 fnt\n|faint|p2a: Great Tusk\n|-end|p2a: Great Tusk|Protosynthesis|[silent]\n|\n|-heal|p1a: Great Tusk|84\/100|[from] item: Leftovers\n|upkeep\n|c|\u2606DeepFriedMagikarp|oh ok\n|\n|t:|1700788224\n|switch|p2a: Enamorus|Enamorus, F|100\/100\n|turn|14\n|\n|t:|1700788231\n|-terastallize|p1a: Great Tusk|Steel\n|move|p2a: Enamorus|Earth Power|p1a: Great Tusk\n|-supereffective|p1a: Great Tusk\n|-damage|p1a: Great Tusk|0 fnt\n|faint|p1a: Great Tusk\n|-end|p1a: Great Tusk|Protosynthesis|[silent]\n|\n|upkeep\n|\n|t:|1700788238\n|switch|p1a: Walking Wake|Walking Wake|100\/100\n|turn|15\n|\n|t:|1700788241\n|move|p2a: Enamorus|Earth Power|p1a: Walking Wake\n|-damage|p1a: Walking Wake|62\/100\n|move|p1a: Walking Wake|Knock Off|p2a: Enamorus\n|-resisted|p2a: Enamorus\n|-damage|p2a: Enamorus|88\/100\n|-enditem|p2a: Enamorus|Choice Scarf|[from] move: Knock Off|[of] p1a: Walking Wake\n|\n|upkeep\n|turn|16\n|j| don sax 22\n|\n|t:|1700788252\n|-end|p1a: Walking Wake|Protosynthesis|[silent]\n|switch|p1a: Torkoal|Torkoal, F|70\/100\n|-weather|SunnyDay|[from] ability: Drought|[of] p1a: Torkoal\n|move|p2a: Enamorus|Moonblast|p1a: Torkoal\n|-resisted|p1a: Torkoal\n|-damage|p1a: Torkoal|36\/100\n|\n|-weather|SunnyDay|[upkeep]\n|upkeep\n|turn|17\n|j| LordJikji\n|\n|t:|1700788257\n|move|p2a: Enamorus|Earth Power|p1a: Torkoal\n|-supereffective|p1a: Torkoal\n|-damage|p1a: Torkoal|0 fnt\n|faint|p1a: Torkoal\n|\n|-weather|SunnyDay|[upkeep]\n|upkeep\n|\n|t:|1700788259\n|switch|p1a: Walking Wake|Walking Wake|62\/100\n|-activate|p1a: Walking Wake|ability: Protosynthesis\n|-start|p1a: Walking Wake|protosynthesisspa\n|turn|18\n|\n|t:|1700788265\n|move|p1a: Walking Wake|Hydro Steam|p2a: Enamorus\n|-damage|p2a: Enamorus|0 fnt\n|faint|p2a: Enamorus\n|\n|-weather|SunnyDay|[upkeep]\n|upkeep\n|\n|t:|1700788274\n|switch|p2a: Rillaboom|Rillaboom, F|65\/100\n|-fieldstart|move: Grassy Terrain|[from] ability: Grassy Surge|[of] p2a: Rillaboom\n|turn|19\n|j| no more beeroes\n|\n|t:|1700788277\n|-end|p1a: Walking Wake|Protosynthesis|[silent]\n|switch|p1a: Kingambit|Kingambit, F|100\/100\n|-activate|p1a: Kingambit|ability: Supreme Overlord\n|-start|p1a: Kingambit|fallen3|[silent]\n|move|p2a: Rillaboom|Grassy Glide|p1a: Kingambit\n|-resisted|p1a: Kingambit\n|-crit|p1a: Kingambit\n|-damage|p1a: Kingambit|65\/100\n|\n|-weather|SunnyDay|[upkeep]\n|-heal|p2a: Rillaboom|71\/100|[from] Grassy Terrain\n|-heal|p1a: Kingambit|71\/100|[from] Grassy Terrain\n|-heal|p1a: Kingambit|77\/100|[from] item: Leftovers\n|upkeep\n|turn|20\n|\n|t:|1700788282\n|switch|p2a: Maushold|Maushold|100\/100\n|move|p1a: Kingambit|Kowtow Cleave|p2a: Maushold\n|-damage|p2a: Maushold|0 fnt\n|faint|p2a: Maushold\n|\n|-weather|SunnyDay|[upkeep]\n|-heal|p1a: Kingambit|84\/100|[from] Grassy Terrain\n|-heal|p1a: Kingambit|90\/100|[from] item: Leftovers\n|upkeep\n|\n|t:|1700788284\n|switch|p2a: Heatran|Heatran, M|72\/100\n|turn|21\n|\n|t:|1700788290\n|-end|p1a: Kingambit|fallen3|[silent]\n|switch|p1a: Walking Wake|Walking Wake|62\/100\n|-activate|p1a: Walking Wake|ability: Protosynthesis\n|-start|p1a: Walking Wake|protosynthesisspa\n|move|p2a: Heatran|Earth Power|p1a: Walking Wake\n|-damage|p1a: Walking Wake|34\/100\n|\n|-weather|SunnyDay|[upkeep]\n|-heal|p1a: Walking Wake|40\/100|[from] Grassy Terrain\n|-heal|p2a: Heatran|78\/100|[from] Grassy Terrain\n|-heal|p2a: Heatran|84\/100|[from] item: Leftovers\n|upkeep\n|turn|22\n|\n|t:|1700788295\n|switch|p2a: devindian|Kingambit, F|100\/100\n|-activate|p2a: devindian|ability: Supreme Overlord\n|-start|p2a: devindian|fallen3|[silent]\n|move|p1a: Walking Wake|Draco Meteor|p2a: devindian\n|-resisted|p2a: devindian\n|-damage|p2a: devindian|38\/100\n|-unboost|p1a: Walking Wake|spa|2\n|\n|-weather|SunnyDay|[upkeep]\n|-heal|p1a: Walking Wake|46\/100|[from] Grassy Terrain\n|-heal|p2a: devindian|44\/100|[from] Grassy Terrain\n|-heal|p2a: devindian|51\/100|[from] item: Leftovers\n|upkeep\n|turn|23\n|\n|t:|1700788300\n|-end|p1a: Walking Wake|Protosynthesis|[silent]\n|switch|p1a: Kingambit|Kingambit, F|90\/100\n|-activate|p1a: Kingambit|ability: Supreme Overlord\n|-start|p1a: Kingambit|fallen3|[silent]\n|move|p2a: devindian|Swords Dance|p2a: devindian\n|-boost|p2a: devindian|atk|2\n|\n|-weather|none\n|-heal|p2a: devindian|57\/100|[from] Grassy Terrain\n|-heal|p1a: Kingambit|96\/100|[from] Grassy Terrain\n|-heal|p1a: Kingambit|100\/100|[from] item: Leftovers\n|-heal|p2a: devindian|63\/100|[from] item: Leftovers\n|-fieldend|move: Grassy Terrain\n|upkeep\n|turn|24\n|\n|t:|1700788306\n|-terastallize|p2a: devindian|Flying\n|move|p1a: Kingambit|Kowtow Cleave|p2a: devindian\n|-damage|p2a: devindian|11\/100\n|move|p2a: devindian|Kowtow Cleave|p1a: Kingambit\n|-resisted|p1a: Kingambit\n|-damage|p1a: Kingambit|56\/100\n|\n|-heal|p1a: Kingambit|62\/100|[from] item: Leftovers\n|-heal|p2a: devindian|18\/100|[from] item: Leftovers\n|upkeep\n|turn|25\n|\n|t:|1700788313\n|move|p1a: Kingambit|Sucker Punch|p2a: devindian\n|-damage|p2a: devindian|0 fnt\n|faint|p2a: devindian\n|-end|p2a: devindian|fallen3|[silent]\n|\n|-heal|p1a: Kingambit|69\/100|[from] item: Leftovers\n|upkeep\n|\n|t:|1700788315\n|switch|p2a: Heatran|Heatran, M|84\/100\n|turn|26\n|\n|t:|1700788322\n|-end|p1a: Kingambit|fallen3|[silent]\n|switch|p1a: Walking Wake|Walking Wake|46\/100\n|move|p2a: Heatran|Magma Storm|p1a: Walking Wake|[miss]\n|-miss|p2a: Heatran|p1a: Walking Wake\n|\n|-heal|p2a: Heatran|90\/100|[from] item: Leftovers\n|upkeep\n|turn|27\n|c|\u2606DeepFriedMagikarp|man\n|\n|t:|1700788327\n|switch|p2a: Rillaboom|Rillaboom, F|71\/100\n|-fieldstart|move: Grassy Terrain|[from] ability: Grassy Surge|[of] p2a: Rillaboom\n|move|p1a: Walking Wake|Hydro Steam|p2a: Rillaboom\n|-resisted|p2a: Rillaboom\n|-damage|p2a: Rillaboom|34\/100\n|\n|-heal|p1a: Walking Wake|52\/100|[from] Grassy Terrain\n|-heal|p2a: Rillaboom|40\/100|[from] Grassy Terrain\n|upkeep\n|turn|28\n|\n|t:|1700788331\n|-end|p1a: Walking Wake|Protosynthesis|[silent]\n|switch|p1a: Kingambit|Kingambit, F|69\/100\n|-activate|p1a: Kingambit|ability: Supreme Overlord\n|-start|p1a: Kingambit|fallen3|[silent]\n|move|p2a: Rillaboom|U-turn|p1a: Kingambit\n|-damage|p1a: Kingambit|40\/100\n|\n|t:|1700788333\n|switch|p2a: Heatran|Heatran, M|90\/100|[from] U-turn\n|\n|-heal|p2a: Heatran|97\/100|[from] Grassy Terrain\n|-heal|p2a: Heatran|100\/100|[from] item: Leftovers\n|-heal|p1a: Kingambit|46\/100|[from] Grassy Terrain\n|-heal|p1a: Kingambit|53\/100|[from] item: Leftovers\n|upkeep\n|turn|29\n|\n|t:|1700788341\n|-end|p1a: Kingambit|fallen3|[silent]\n|switch|p1a: Walking Wake|Walking Wake|52\/100\n|move|p2a: Heatran|Magma Storm|p1a: Walking Wake\n|-resisted|p1a: Walking Wake\n|-damage|p1a: Walking Wake|39\/100\n|-activate|p1a: Walking Wake|move: Magma Storm|[of] p2a: Heatran\n|\n|-heal|p1a: Walking Wake|45\/100|[from] Grassy Terrain\n|-damage|p1a: Walking Wake|33\/100|[from] move: Magma Storm|[partiallytrapped]\n|upkeep\n|turn|30\n|\n|t:|1700788345\n|move|p1a: Walking Wake|Draco Meteor|p2a: Heatran\n|-resisted|p2a: Heatran\n|-damage|p2a: Heatran|65\/100\n|-unboost|p1a: Walking Wake|spa|2\n|move|p2a: Heatran|Earth Power|p1a: Walking Wake\n|-damage|p1a: Walking Wake|3\/100\n|\n|-heal|p1a: Walking Wake|9\/100|[from] Grassy Terrain\n|-heal|p2a: Heatran|71\/100|[from] Grassy Terrain\n|-heal|p2a: Heatran|78\/100|[from] item: Leftovers\n|-damage|p1a: Walking Wake|0 fnt|[from] move: Magma Storm|[partiallytrapped]\n|faint|p1a: Walking Wake\n|-end|p1a: Walking Wake|Protosynthesis|[silent]\n|upkeep\n|\n|t:|1700788349\n|switch|p1a: Kingambit|Kingambit, F|53\/100\n|-activate|p1a: Kingambit|ability: Supreme Overlord\n|-start|p1a: Kingambit|fallen4|[silent]\n|turn|31\n|\n|t:|1700788380\n|move|p1a: Kingambit|Sucker Punch|p2a: Heatran\n|-damage|p2a: Heatran|28\/100\n|move|p2a: Heatran|Earth Power|p1a: Kingambit\n|-supereffective|p1a: Kingambit\n|-damage|p1a: Kingambit|4\/100\n|\n|-heal|p2a: Heatran|34\/100|[from] Grassy Terrain\n|-heal|p2a: Heatran|40\/100|[from] item: Leftovers\n|-heal|p1a: Kingambit|10\/100|[from] Grassy Terrain\n|-heal|p1a: Kingambit|17\/100|[from] item: Leftovers\n|-fieldend|move: Grassy Terrain\n|upkeep\n|turn|32\n|\n|t:|1700788386\n|switch|p2a: Rillaboom|Rillaboom, F|40\/100\n|-fieldstart|move: Grassy Terrain|[from] ability: Grassy Surge|[of] p2a: Rillaboom\n|move|p1a: Kingambit|Sucker Punch||[still]\n|-fail|p1a: Kingambit\n|\n|-heal|p2a: Rillaboom|46\/100|[from] Grassy Terrain\n|-heal|p1a: Kingambit|23\/100|[from] Grassy Terrain\n|-heal|p1a: Kingambit|29\/100|[from] item: Leftovers\n|upkeep\n|turn|33\n|\n|t:|1700788389\n|move|p2a: Rillaboom|Grassy Glide|p1a: Kingambit\n|-resisted|p1a: Kingambit\n|-damage|p1a: Kingambit|6\/100\n|move|p1a: Kingambit|Kowtow Cleave|p2a: Rillaboom\n|-damage|p2a: Rillaboom|0 fnt\n|faint|p2a: Rillaboom\n|\n|-heal|p1a: Kingambit|12\/100|[from] Grassy Terrain\n|-heal|p1a: Kingambit|18\/100|[from] item: Leftovers\n|upkeep\n|\n|t:|1700788391\n|switch|p2a: Heatran|Heatran, M|40\/100\n|turn|34\n|\n|t:|1700788393\n|move|p1a: Kingambit|Sucker Punch|p2a: Heatran\n|-damage|p2a: Heatran|0 fnt\n|faint|p2a: Heatran\n|\n|win|OUCK viivian\n|raw|OUCK viivian's rating: 1685 &rarr; <strong>1717<\/strong><br \/>(+32 for winning)\n|raw|DeepFriedMagikarp's rating: 1915 &rarr; <strong>1883<\/strong><br \/>(-32 for losing)\n","uploadtime":1700788397,"views":6,"p1id":"ouckviivian","p2id":"deepfriedmagikarp","formatid":"gen9ou","rating":1717,"private":0,"password":""}