{"id":"gen9ou-1992316884","p1":"SylverOmega","p2":"Benji is Good Boy","format":"[Gen 9] OU","log":"|j|\u2606SylverOmega\n|j|\u2606Benji is Good Boy\n|t:|1700174012\n|gametype|singles\n|player|p1|SylverOmega|palmer|1449\n|player|p2|Benji is Good Boy|101|1428\n|teamsize|p1|6\n|teamsize|p2|6\n|gen|9\n|tier|[Gen 9] OU\n|rated|\n|rule|Sleep Clause Mod: Limit one foe put to sleep\n|rule|Species Clause: Limit one of each Pok\u00e9mon\n|rule|OHKO Clause: OHKO moves are banned\n|rule|Evasion Items Clause: Evasion items are banned\n|rule|Evasion Moves Clause: Evasion moves are banned\n|rule|Endless Battle Clause: Forcing endless battles is banned\n|rule|HP Percentage Mod: HP is shown in percentages\n|clearpoke\n|poke|p1|Glimmora, F|\n|poke|p1|Ceruledge, F|\n|poke|p1|Iron Valiant|\n|poke|p1|Great Tusk|\n|poke|p1|Ogerpon-Wellspring, F|\n|poke|p1|Dragonite, F|\n|poke|p2|Rillaboom, F|\n|poke|p2|Sneasler, F|\n|poke|p2|Ogerpon-Cornerstone, F|\n|poke|p2|Kingambit, M|\n|poke|p2|Landorus-Therian, M|\n|poke|p2|Hatterene, F|\n|teampreview\n|c|\u2606SylverOmega|Hf\n|\n|t:|1700174066\n|start\n|switch|p1a: Glimmora|Glimmora, F|100\/100\n|switch|p2a: Ogerpon|Ogerpon-Cornerstone, F|100\/100\n|turn|1\n|inactive|Battle timer is ON: inactive players will automatically lose when time's up. (requested by Benji is Good Boy)\n|\n|t:|1700174089\n|move|p2a: Ogerpon|Ivy Cudgel|p1a: Glimmora|[anim] Ivy Cudgel Rock\n|-damage|p1a: Glimmora|30\/100\n|-activate|p1a: Glimmora|ability: Toxic Debris\n|-sidestart|p2: Benji is Good Boy|move: Toxic Spikes\n|move|p1a: Glimmora|Stealth Rock|p2a: Ogerpon\n|-sidestart|p2: Benji is Good Boy|move: Stealth Rock\n|\n|upkeep\n|turn|2\n|\n|t:|1700174103\n|move|p2a: Ogerpon|Ivy Cudgel|p1a: Glimmora|[anim] Ivy Cudgel Rock\n|-damage|p1a: Glimmora|0 fnt\n|-activate|p1a: Glimmora|ability: Toxic Debris\n|-sidestart|p2: Benji is Good Boy|move: Toxic Spikes\n|faint|p1a: Glimmora\n|\n|upkeep\n|\n|t:|1700174120\n|switch|p1a: Ogerpon|Ogerpon-Wellspring, F|100\/100\n|turn|3\n|\n|t:|1700174125\n|move|p1a: Ogerpon|Horn Leech|p2a: Ogerpon\n|-damage|p2a: Ogerpon|41\/100\n|move|p2a: Ogerpon|Power Whip|p1a: Ogerpon\n|-damage|p1a: Ogerpon|4\/100\n|\n|upkeep\n|turn|4\n|\n|t:|1700174133\n|move|p1a: Ogerpon|Horn Leech|p2a: Ogerpon\n|-damage|p2a: Ogerpon|0 fnt\n|-heal|p1a: Ogerpon|24\/100|[from] drain|[of] p2a: Ogerpon\n|faint|p2a: Ogerpon\n|\n|upkeep\n|\n|t:|1700174136\n|switch|p2a: Sneasler|Sneasler, F|100\/100\n|-sideend|p2: Benji is Good Boy|move: Toxic Spikes|[of] p2a: Sneasler\n|-damage|p2a: Sneasler|95\/100|[from] Stealth Rock\n|turn|5\n|\n|t:|1700174144\n|switch|p1a: Ceruledge|Ceruledge, F|100\/100\n|switch|p2a: Landorus|Landorus-Therian, M|100\/100\n|-damage|p2a: Landorus|88\/100|[from] Stealth Rock\n|-ability|p2a: Landorus|Intimidate|boost\n|-unboost|p1a: Ceruledge|atk|1\n|\n|upkeep\n|turn|6\n|inactive|Benji is Good Boy has 120 seconds left.\n|\n|t:|1700174176\n|move|p2a: Landorus|Stone Edge|p1a: Ceruledge\n|-supereffective|p1a: Ceruledge\n|-crit|p1a: Ceruledge\n|-enditem|p1a: Ceruledge|Focus Sash\n|-damage|p1a: Ceruledge|1\/100\n|-ability|p1a: Ceruledge|Weak Armor|boost\n|-unboost|p1a: Ceruledge|def|1\n|-boost|p1a: Ceruledge|spe|2\n|move|p1a: Ceruledge|Swords Dance|p1a: Ceruledge\n|-boost|p1a: Ceruledge|atk|2\n|\n|upkeep\n|turn|7\n|\n|t:|1700174190\n|move|p1a: Ceruledge|Poltergeist|p2a: Landorus\n|-activate|p2a: Landorus|move: Poltergeist|Choice Scarf\n|-damage|p2a: Landorus|0 fnt\n|faint|p2a: Landorus\n|\n|upkeep\n|\n|t:|1700174198\n|switch|p2a: Rillaboom|Rillaboom, F|100\/100\n|-damage|p2a: Rillaboom|88\/100|[from] Stealth Rock\n|-fieldstart|move: Grassy Terrain|[from] ability: Grassy Surge|[of] p2a: Rillaboom\n|turn|8\n|\n|t:|1700174228\n|switch|p1a: Dragonite|Dragonite, F|100\/100\n|move|p2a: Rillaboom|Grassy Glide|p1a: Dragonite\n|-resisted|p1a: Dragonite\n|-damage|p1a: Dragonite|93\/100\n|\n|-heal|p2a: Rillaboom|94\/100|[from] Grassy Terrain\n|upkeep\n|turn|9\n|inactive|Benji is Good Boy has 120 seconds left.\n|\n|t:|1700174272\n|move|p2a: Rillaboom|Grassy Glide|p1a: Dragonite\n|-resisted|p1a: Dragonite\n|-damage|p1a: Dragonite|79\/100\n|move|p1a: Dragonite|Dragon Dance|p1a: Dragonite\n|-boost|p1a: Dragonite|atk|1\n|-boost|p1a: Dragonite|spe|1\n|\n|-heal|p2a: Rillaboom|100\/100|[from] Grassy Terrain\n|upkeep\n|turn|10\n|inactive|SylverOmega has 120 seconds left.\n|\n|t:|1700174290\n|switch|p2a: Hatterene|Hatterene, F|100\/100\n|-damage|p2a: Hatterene|88\/100|[from] Stealth Rock\n|-enditem|p2a: Hatterene|Grassy Seed\n|-boost|p2a: Hatterene|def|1|[from] item: Grassy Seed\n|move|p1a: Dragonite|Dragon Dance|p1a: Dragonite\n|-boost|p1a: Dragonite|atk|1\n|-boost|p1a: Dragonite|spe|1\n|\n|-heal|p2a: Hatterene|94\/100|[from] Grassy Terrain\n|upkeep\n|turn|11\n|inactive|SylverOmega has 120 seconds left.\n|inactive|Benji is Good Boy has 120 seconds left.\n|\n|t:|1700174326\n|-terastallize|p1a: Dragonite|Normal\n|move|p1a: Dragonite|Dragon Dance|p1a: Dragonite\n|-boost|p1a: Dragonite|atk|1\n|-boost|p1a: Dragonite|spe|1\n|move|p2a: Hatterene|Draining Kiss|p1a: Dragonite\n|-damage|p1a: Dragonite|57\/100\n|-heal|p2a: Hatterene|100\/100|[from] drain|[of] p1a: Dragonite\n|\n|-heal|p1a: Dragonite|64\/100|[from] Grassy Terrain\n|upkeep\n|turn|12\n|inactive|SylverOmega has 120 seconds left.\n|\n|t:|1700174338\n|move|p1a: Dragonite|Extreme Speed|p2a: Hatterene\n|-damage|p2a: Hatterene|37\/100\n|move|p2a: Hatterene|Psyshock|p1a: Dragonite\n|-damage|p1a: Dragonite|27\/100\n|\n|-heal|p1a: Dragonite|33\/100|[from] Grassy Terrain\n|-heal|p2a: Hatterene|43\/100|[from] Grassy Terrain\n|-fieldend|move: Grassy Terrain\n|upkeep\n|turn|13\n|inactive|SylverOmega has 120 seconds left.\n|\n|t:|1700174355\n|move|p1a: Dragonite|Earthquake|p2a: Hatterene\n|-crit|p2a: Hatterene\n|-damage|p2a: Hatterene|0 fnt\n|faint|p2a: Hatterene\n|\n|upkeep\n|\n|t:|1700174357\n|switch|p2a: Rillaboom|Rillaboom, F|100\/100\n|-damage|p2a: Rillaboom|88\/100|[from] Stealth Rock\n|-fieldstart|move: Grassy Terrain|[from] ability: Grassy Surge|[of] p2a: Rillaboom\n|turn|14\n|\n|t:|1700174366\n|move|p1a: Dragonite|Extreme Speed|p2a: Rillaboom\n|-damage|p2a: Rillaboom|0 fnt\n|faint|p2a: Rillaboom\n|\n|-heal|p1a: Dragonite|40\/100|[from] Grassy Terrain\n|upkeep\n|\n|t:|1700174388\n|switch|p2a: Sneasler|Sneasler, F|95\/100\n|-damage|p2a: Sneasler|89\/100|[from] Stealth Rock\n|-enditem|p2a: Sneasler|Grassy Seed\n|-boost|p2a: Sneasler|def|1|[from] item: Grassy Seed\n|turn|15\n|inactive|SylverOmega has 120 seconds left.\n|\n|t:|1700174423\n|-terastallize|p2a: Sneasler|Flying\n|move|p1a: Dragonite|Extreme Speed|p2a: Sneasler\n|-damage|p2a: Sneasler|0 fnt\n|faint|p2a: Sneasler\n|\n|-heal|p1a: Dragonite|46\/100|[from] Grassy Terrain\n|upkeep\n|inactive|Benji is Good Boy has 90 seconds left.\n|\n|t:|1700174447\n|switch|p2a: Kingambit|Kingambit, M|100\/100\n|-damage|p2a: Kingambit|94\/100|[from] Stealth Rock\n|-activate|p2a: Kingambit|ability: Supreme Overlord\n|-start|p2a: Kingambit|fallen5|[silent]\n|turn|16\n|\n|t:|1700174457\n|move|p1a: Dragonite|Extreme Speed|p2a: Kingambit\n|-resisted|p2a: Kingambit\n|-damage|p2a: Kingambit|53\/100\n|move|p2a: Kingambit|Kowtow Cleave|p1a: Dragonite\n|-damage|p1a: Dragonite|0 fnt\n|faint|p1a: Dragonite\n|\n|-heal|p2a: Kingambit|59\/100|[from] Grassy Terrain\n|upkeep\n|inactive|SylverOmega has 120 seconds left.\n|\n|t:|1700174470\n|switch|p1a: Great Tusk|Great Tusk|100\/100\n|-enditem|p1a: Great Tusk|Booster Energy\n|-activate|p1a: Great Tusk|ability: Protosynthesis|[fromitem]\n|-start|p1a: Great Tusk|protosynthesisspe\n|turn|17\n|c|\u2606SylverOmega|Gg\n|\n|t:|1700174482\n|move|p1a: Great Tusk|Close Combat|p2a: Kingambit\n|-supereffective|p2a: Kingambit\n|-damage|p2a: Kingambit|0 fnt\n|-unboost|p1a: Great Tusk|def|1\n|-unboost|p1a: Great Tusk|spd|1\n|faint|p2a: Kingambit\n|-end|p2a: Kingambit|fallen5|[silent]\n|\n|win|SylverOmega\n|raw|SylverOmega's rating: 1449 &rarr; <strong>1468<\/strong><br \/>(+19 for winning)\n|raw|Benji is Good Boy's rating: 1428 &rarr; <strong>1409<\/strong><br \/>(-19 for losing)\n|l|\u2606Benji is Good Boy\n","uploadtime":1700174498,"views":17,"p1id":"sylveromega","p2id":"benjiisgoodboy","formatid":"gen9ou","rating":1409,"private":0,"password":""}