{"id":"gen9ou-1997272059","p1":"Lasagna Crustle","p2":"smartin01","format":"[Gen 9] OU","log":"|j|\u2606Lasagna Crustle\n|j|\u2606smartin01\n|t:|1700783025\n|gametype|singles\n|player|p1|Lasagna Crustle|lady-gen4|1450\n|player|p2|smartin01|266|1384\n|teamsize|p1|6\n|teamsize|p2|6\n|gen|9\n|tier|[Gen 9] OU\n|rated|\n|rule|Sleep Clause Mod: Limit one foe put to sleep\n|rule|Species Clause: Limit one of each Pok\u00e9mon\n|rule|OHKO Clause: OHKO moves are banned\n|rule|Evasion Items Clause: Evasion items are banned\n|rule|Evasion Moves Clause: Evasion moves are banned\n|rule|Endless Battle Clause: Forcing endless battles is banned\n|rule|HP Percentage Mod: HP is shown in percentages\n|clearpoke\n|poke|p1|Iron Hands|\n|poke|p1|Torkoal, F|\n|poke|p1|Iron Moth|\n|poke|p1|Chandelure, F|\n|poke|p1|Cinderace, F|\n|poke|p1|Walking Wake|\n|poke|p2|Rotom-Wash|\n|poke|p2|Toxapex, F|\n|poke|p2|Klefki, M|\n|poke|p2|Zapdos|\n|poke|p2|Garchomp, F|\n|poke|p2|Cresselia, F|\n|teampreview\n|inactive|Battle timer is ON: inactive players will automatically lose when time's up. (requested by smartin01)\n|\n|t:|1700783033\n|start\n|switch|p1a: PRAISE THE SUN|Torkoal, F|100\/100\n|switch|p2a: Rotom|Rotom-Wash|100\/100\n|-weather|SunnyDay|[from] ability: Drought|[of] p1a: PRAISE THE SUN\n|turn|1\n|\n|t:|1700783060\n|move|p2a: Rotom|Trick|p1a: PRAISE THE SUN\n|-activate|p2a: Rotom|move: Trick|[of] p1a: PRAISE THE SUN\n|-item|p1a: PRAISE THE SUN|Choice Specs|[from] move: Trick\n|-item|p2a: Rotom|Heat Rock|[from] move: Trick\n|move|p1a: PRAISE THE SUN|Stealth Rock|p2a: Rotom\n|-sidestart|p2: smartin01|move: Stealth Rock\n|\n|-weather|SunnyDay|[upkeep]\n|upkeep\n|turn|2\n|inactive|Lasagna Crustle has 120 seconds left.\n|\n|t:|1700783087\n|switch|p1a: Pretty Lamp|Chandelure, F, shiny|100\/100\n|move|p2a: Rotom|Hydro Pump|p1a: Pretty Lamp|[miss]\n|-miss|p2a: Rotom|p1a: Pretty Lamp\n|\n|-weather|SunnyDay|[upkeep]\n|upkeep\n|turn|3\n|inactive|Lasagna Crustle has 120 seconds left.\n|\n|t:|1700783092\n|move|p1a: Pretty Lamp|Energy Ball|p2a: Rotom\n|-supereffective|p2a: Rotom\n|-damage|p2a: Rotom|36\/100\n|move|p2a: Rotom|Hydro Pump|p1a: Pretty Lamp|[miss]\n|-miss|p2a: Rotom|p1a: Pretty Lamp\n|\n|-weather|SunnyDay|[upkeep]\n|upkeep\n|turn|4\n|\n|t:|1700783097\n|move|p1a: Pretty Lamp|Energy Ball|p2a: Rotom\n|-supereffective|p2a: Rotom\n|-crit|p2a: Rotom\n|-damage|p2a: Rotom|0 fnt\n|faint|p2a: Rotom\n|\n|-weather|SunnyDay|[upkeep]\n|upkeep\n|\n|t:|1700783104\n|switch|p2a: Klefki|Klefki, M|100\/100\n|-damage|p2a: Klefki|94\/100|[from] Stealth Rock\n|turn|5\n|\n|t:|1700783108\n|switch|p1a: Fire Calamity|Iron Moth|100\/100\n|move|p2a: Klefki|Light Screen|p2a: Klefki\n|-sidestart|p2: smartin01|move: Light Screen\n|\n|-weather|SunnyDay|[upkeep]\n|upkeep\n|turn|6\n|\n|t:|1700783118\n|move|p2a: Klefki|Thunder Wave|p1a: Fire Calamity\n|-status|p1a: Fire Calamity|par\n|move|p1a: Fire Calamity|Overheat|p2a: Klefki\n|-supereffective|p2a: Klefki\n|-damage|p2a: Klefki|0 fnt\n|-unboost|p1a: Fire Calamity|spa|2\n|faint|p2a: Klefki\n|\n|-weather|SunnyDay|[upkeep]\n|upkeep\n|\n|t:|1700783123\n|switch|p2a: Garchomp|Garchomp, F|100\/100\n|-damage|p2a: Garchomp|94\/100|[from] Stealth Rock\n|turn|7\n|\n|t:|1700783128\n|-end|p1a: Fire Calamity|Quark Drive|[silent]\n|switch|p1a: WARIO STEAM|Walking Wake|100\/100\n|-activate|p1a: WARIO STEAM|ability: Protosynthesis\n|-start|p1a: WARIO STEAM|protosynthesisspe\n|move|p2a: Garchomp|Swords Dance|p2a: Garchomp\n|-boost|p2a: Garchomp|atk|2\n|\n|-weather|SunnyDay|[upkeep]\n|upkeep\n|turn|8\n|\n|t:|1700783135\n|move|p1a: WARIO STEAM|Draco Meteor|p2a: Garchomp\n|-supereffective|p2a: Garchomp\n|-damage|p2a: Garchomp|0 fnt\n|-unboost|p1a: WARIO STEAM|spa|2\n|faint|p2a: Garchomp\n|\n|-weather|none\n|-end|p1a: WARIO STEAM|Protosynthesis\n|upkeep\n|\n|t:|1700783142\n|switch|p2a: Cresselia|Cresselia, F|100\/100\n|-damage|p2a: Cresselia|88\/100|[from] Stealth Rock\n|turn|9\n|\n|t:|1700783145\n|-end|p1a: WARIO STEAM|Protosynthesis|[silent]\n|switch|p1a: PRAISE THE SUN|Torkoal, F|100\/100\n|-weather|SunnyDay|[from] ability: Drought|[of] p1a: PRAISE THE SUN\n|move|p2a: Cresselia|Calm Mind|p2a: Cresselia\n|-boost|p2a: Cresselia|spa|1\n|-boost|p2a: Cresselia|spd|1\n|\n|-weather|SunnyDay|[upkeep]\n|-heal|p2a: Cresselia|94\/100|[from] item: Leftovers\n|upkeep\n|turn|10\n|j| grunkleconn\n|j| Zoroark is so cute\n|\n|t:|1700783157\n|switch|p1a: Italy|Cinderace, F, shiny|100\/100\n|move|p2a: Cresselia|Calm Mind|p2a: Cresselia\n|-boost|p2a: Cresselia|spa|1\n|-boost|p2a: Cresselia|spd|1\n|\n|-weather|SunnyDay|[upkeep]\n|-heal|p2a: Cresselia|99\/100|[from] item: Leftovers\n|upkeep\n|turn|11\n|\n|t:|1700783162\n|move|p1a: Italy|Pyro Ball|p2a: Cresselia\n|-damage|p2a: Cresselia|61\/100\n|move|p2a: Cresselia|Calm Mind|p2a: Cresselia\n|-boost|p2a: Cresselia|spa|1\n|-boost|p2a: Cresselia|spd|1\n|\n|-weather|SunnyDay|[upkeep]\n|-heal|p2a: Cresselia|67\/100|[from] item: Leftovers\n|upkeep\n|turn|12\n|\n|t:|1700783166\n|move|p1a: Italy|Pyro Ball|p2a: Cresselia\n|-damage|p2a: Cresselia|26\/100\n|move|p2a: Cresselia|Stored Power|p1a: Italy\n|-crit|p1a: Italy\n|-damage|p1a: Italy|0 fnt\n|faint|p1a: Italy\n|\n|-weather|SunnyDay|[upkeep]\n|-heal|p2a: Cresselia|32\/100|[from] item: Leftovers\n|-sideend|p2: smartin01|move: Light Screen\n|upkeep\n|\n|t:|1700783176\n|switch|p1a: Pretty Lamp|Chandelure, F, shiny|100\/100\n|turn|13\n|\n|t:|1700783182\n|-terastallize|p1a: Pretty Lamp|Fire\n|-terastallize|p2a: Cresselia|Dark\n|move|p1a: Pretty Lamp|Overheat|p2a: Cresselia\n|-damage|p2a: Cresselia|0 fnt\n|-unboost|p1a: Pretty Lamp|spa|2\n|faint|p2a: Cresselia\n|\n|-weather|none\n|upkeep\n|\n|t:|1700783188\n|switch|p2a: Toxapex|Toxapex, F|100\/100\n|-damage|p2a: Toxapex|88\/100|[from] Stealth Rock\n|turn|14\n|\n|t:|1700783195\n|switch|p1a: PRAISE THE SUN|Torkoal, F|100\/100\n|-weather|SunnyDay|[from] ability: Drought|[of] p1a: PRAISE THE SUN\n|move|p2a: Toxapex|Toxic|p1a: PRAISE THE SUN\n|-status|p1a: PRAISE THE SUN|tox\n|\n|-weather|SunnyDay|[upkeep]\n|-heal|p2a: Toxapex|94\/100|[from] item: Black Sludge\n|-damage|p1a: PRAISE THE SUN|94\/100 tox|[from] psn\n|upkeep\n|turn|15\n|\n|t:|1700783203\n|switch|p1a: Fire Calamity|Iron Moth|100\/100 par\n|move|p2a: Toxapex|Ice Beam|p1a: Fire Calamity\n|-resisted|p1a: Fire Calamity\n|-damage|p1a: Fire Calamity|94\/100 par\n|\n|-weather|SunnyDay|[upkeep]\n|-heal|p2a: Toxapex|100\/100|[from] item: Black Sludge\n|upkeep\n|turn|16\n|\n|t:|1700783208\n|move|p1a: Fire Calamity|Discharge|p2a: Toxapex\n|-supereffective|p2a: Toxapex\n|-damage|p2a: Toxapex|28\/100\n|move|p2a: Toxapex|Ice Beam|p1a: Fire Calamity\n|-resisted|p1a: Fire Calamity\n|-damage|p1a: Fire Calamity|88\/100 par\n|\n|-weather|SunnyDay|[upkeep]\n|-heal|p2a: Toxapex|34\/100|[from] item: Black Sludge\n|upkeep\n|turn|17\n|-message|smartin01 forfeited.\n|\n|win|Lasagna Crustle\n|raw|Lasagna Crustle's rating: 1450 &rarr; <strong>1466<\/strong><br \/>(+16 for winning)\n|raw|smartin01's rating: 1384 &rarr; <strong>1368<\/strong><br \/>(-16 for losing)\n|l|\u2606smartin01\n|l|\u2606Lasagna Crustle\n|l| Zoroark is so cute\n|j| Zoroark is so cute\n","uploadtime":1700783545,"views":3,"p1id":"lasagnacrustle","p2id":"smartin01","formatid":"gen9ou","rating":1368,"private":0,"password":""}