{"id":"gen9ou-1996637763","p1":"bigdiggy123","p2":"herso","format":"[Gen 9] OU","log":"|j|\u2606bigdiggy123\n|j|\u2606herso\n|t:|1700703645\n|gametype|singles\n|player|p1|bigdiggy123|102|1511\n|player|p2|herso|101|1479\n|teamsize|p1|6\n|teamsize|p2|6\n|gen|9\n|tier|[Gen 9] OU\n|rated|\n|rule|Sleep Clause Mod: Limit one foe put to sleep\n|rule|Species Clause: Limit one of each Pok\u00e9mon\n|rule|OHKO Clause: OHKO moves are banned\n|rule|Evasion Items Clause: Evasion items are banned\n|rule|Evasion Moves Clause: Evasion moves are banned\n|rule|Endless Battle Clause: Forcing endless battles is banned\n|rule|HP Percentage Mod: HP is shown in percentages\n|clearpoke\n|poke|p1|Torkoal, M|\n|poke|p1|Charizard, F|\n|poke|p1|Walking Wake|\n|poke|p1|Great Tusk|\n|poke|p1|Iron Moth|\n|poke|p1|Wo-Chien|\n|poke|p2|Alomomola, M|\n|poke|p2|Great Tusk|\n|poke|p2|Heatran, M|\n|poke|p2|Tyranitar, M|\n|poke|p2|Gyarados, F|\n|poke|p2|Dragapult, M|\n|teampreview\n|inactive|Battle timer is ON: inactive players will automatically lose when time's up. (requested by bigdiggy123)\n|\n|t:|1700703670\n|start\n|switch|p1a: Wo-Chien|Wo-Chien|100\/100\n|switch|p2a: Dragapult|Dragapult, M|100\/100\n|-ability|p1a: Wo-Chien|Tablets of Ruin\n|turn|1\n|\n|t:|1700703674\n|move|p1a: Wo-Chien|Protect|p1a: Wo-Chien\n|-singleturn|p1a: Wo-Chien|Protect\n|move|p2a: Dragapult|U-turn|p1a: Wo-Chien\n|-activate|p1a: Wo-Chien|move: Protect\n|\n|upkeep\n|turn|2\n|\n|t:|1700703679\n|switch|p1a: Torkoal|Torkoal, M|100\/100\n|-weather|SunnyDay|[from] ability: Drought|[of] p1a: Torkoal\n|move|p2a: Dragapult|U-turn|p1a: Torkoal\n|-resisted|p1a: Torkoal\n|-damage|p1a: Torkoal|95\/100\n|\n|t:|1700703685\n|switch|p2a: Tyranitar|Tyranitar, M|100\/100|[from] U-turn\n|-weather|Sandstorm|[from] ability: Sand Stream|[of] p2a: Tyranitar\n|\n|-weather|Sandstorm|[upkeep]\n|-damage|p1a: Torkoal|89\/100|[from] Sandstorm\n|upkeep\n|turn|3\n|\n|t:|1700703697\n|switch|p2a: Alomomola|Alomomola, M|100\/100\n|switch|p1a: Great Tusk|Great Tusk|100\/100\n|\n|-weather|Sandstorm|[upkeep]\n|-damage|p2a: Alomomola|94\/100|[from] Sandstorm\n|upkeep\n|turn|4\n|\n|t:|1700703709\n|-end|p1a: Great Tusk|Protosynthesis|[silent]\n|switch|p1a: Torkoal|Torkoal, M|89\/100\n|-weather|SunnyDay|[from] ability: Drought|[of] p1a: Torkoal\n|move|p2a: Alomomola|Scald|p1a: Torkoal\n|-supereffective|p1a: Torkoal\n|-damage|p1a: Torkoal|72\/100\n|\n|-weather|SunnyDay|[upkeep]\n|upkeep\n|turn|5\n|\n|t:|1700703716\n|move|p2a: Alomomola|Flip Turn|p1a: Torkoal\n|-supereffective|p1a: Torkoal\n|-damage|p1a: Torkoal|63\/100\n|\n|t:|1700703719\n|switch|p2a: Tyranitar|Tyranitar, M|100\/100|[from] Flip Turn\n|-weather|Sandstorm|[from] ability: Sand Stream|[of] p2a: Tyranitar\n|move|p1a: Torkoal|Yawn|p2a: Tyranitar\n|-start|p2a: Tyranitar|move: Yawn|[of] p1a: Torkoal\n|\n|-weather|Sandstorm|[upkeep]\n|-damage|p1a: Torkoal|57\/100|[from] Sandstorm\n|upkeep\n|turn|6\n|\n|t:|1700703726\n|switch|p2a: Heatran|Heatran, M|100\/100\n|switch|p1a: Great Tusk|Great Tusk|100\/100\n|\n|-weather|Sandstorm|[upkeep]\n|upkeep\n|turn|7\n|\n|t:|1700703730\n|switch|p2a: Alomomola|Alomomola, M|100\/100\n|move|p1a: Great Tusk|Close Combat|p2a: Alomomola\n|-damage|p2a: Alomomola|68\/100\n|-unboost|p1a: Great Tusk|def|1\n|-unboost|p1a: Great Tusk|spd|1\n|-damage|p1a: Great Tusk|84\/100|[from] item: Rocky Helmet|[of] p2a: Alomomola\n|\n|-weather|Sandstorm|[upkeep]\n|-damage|p2a: Alomomola|62\/100|[from] Sandstorm\n|upkeep\n|turn|8\n|\n|t:|1700703739\n|-end|p1a: Great Tusk|Protosynthesis|[silent]\n|switch|p1a: Wo-Chien|Wo-Chien|100\/100\n|-ability|p1a: Wo-Chien|Tablets of Ruin\n|move|p2a: Alomomola|Flip Turn|p1a: Wo-Chien\n|-resisted|p1a: Wo-Chien\n|-damage|p1a: Wo-Chien|95\/100\n|\n|t:|1700703750\n|switch|p2a: Dragapult|Dragapult, M|100\/100|[from] Flip Turn\n|\n|-weather|Sandstorm|[upkeep]\n|-damage|p2a: Dragapult|95\/100|[from] Sandstorm\n|-damage|p1a: Wo-Chien|89\/100|[from] Sandstorm\n|-heal|p1a: Wo-Chien|95\/100|[from] item: Leftovers\n|upkeep\n|turn|9\n|\n|t:|1700703755\n|move|p1a: Wo-Chien|Protect|p1a: Wo-Chien\n|-singleturn|p1a: Wo-Chien|Protect\n|move|p2a: Dragapult|U-turn|p1a: Wo-Chien\n|-activate|p1a: Wo-Chien|move: Protect\n|\n|-weather|none\n|-heal|p1a: Wo-Chien|100\/100|[from] item: Leftovers\n|upkeep\n|turn|10\n|\n|t:|1700703768\n|switch|p1a: Great Tusk|Great Tusk|84\/100\n|move|p2a: Dragapult|U-turn|p1a: Great Tusk\n|-resisted|p1a: Great Tusk\n|-damage|p1a: Great Tusk|78\/100\n|\n|t:|1700703775\n|switch|p2a: Alomomola|Alomomola, M|96\/100|[from] U-turn\n|\n|upkeep\n|turn|11\n|\n|t:|1700703785\n|-end|p1a: Great Tusk|Protosynthesis|[silent]\n|switch|p1a: Walking Wake|Walking Wake|100\/100\n|move|p2a: Alomomola|Flip Turn|p1a: Walking Wake\n|-resisted|p1a: Walking Wake\n|-damage|p1a: Walking Wake|96\/100\n|\n|t:|1700703794\n|switch|p2a: Dragapult|Dragapult, M|95\/100|[from] Flip Turn\n|\n|upkeep\n|turn|12\n|\n|t:|1700703802\n|-end|p1a: Walking Wake|Protosynthesis|[silent]\n|switch|p1a: Wo-Chien|Wo-Chien|100\/100\n|-ability|p1a: Wo-Chien|Tablets of Ruin\n|move|p2a: Dragapult|Draco Meteor|p1a: Wo-Chien\n|-damage|p1a: Wo-Chien|53\/100\n|-unboost|p2a: Dragapult|spa|2\n|\n|-heal|p1a: Wo-Chien|59\/100|[from] item: Leftovers\n|upkeep\n|turn|13\n|\n|t:|1700703816\n|switch|p2a: Alomomola|Alomomola, M|100\/100\n|move|p1a: Wo-Chien|Ruination|p2a: Alomomola\n|-damage|p2a: Alomomola|50\/100\n|\n|-heal|p1a: Wo-Chien|65\/100|[from] item: Leftovers\n|upkeep\n|turn|14\n|\n|t:|1700703822\n|move|p1a: Wo-Chien|Leech Seed|p2a: Alomomola\n|-start|p2a: Alomomola|move: Leech Seed\n|move|p2a: Alomomola|Wish|p2a: Alomomola\n|\n|-heal|p1a: Wo-Chien|71\/100|[from] item: Leftovers\n|-damage|p2a: Alomomola|38\/100|[from] Leech Seed|[of] p1a: Wo-Chien\n|-heal|p1a: Wo-Chien|89\/100|[silent]\n|upkeep\n|turn|15\n|\n|t:|1700703826\n|move|p1a: Wo-Chien|Protect|p1a: Wo-Chien\n|-singleturn|p1a: Wo-Chien|Protect\n|move|p2a: Alomomola|Flip Turn|p1a: Wo-Chien\n|-activate|p1a: Wo-Chien|move: Protect\n|\n|-heal|p2a: Alomomola|88\/100|[from] move: Wish|[wisher] Alomomola\n|-heal|p1a: Wo-Chien|95\/100|[from] item: Leftovers\n|-damage|p2a: Alomomola|76\/100|[from] Leech Seed|[of] p1a: Wo-Chien\n|-heal|p1a: Wo-Chien|100\/100|[silent]\n|upkeep\n|turn|16\n|\n|t:|1700703835\n|move|p1a: Wo-Chien|Ruination|p2a: Alomomola\n|-damage|p2a: Alomomola|38\/100\n|move|p2a: Alomomola|Flip Turn|p1a: Wo-Chien\n|-resisted|p1a: Wo-Chien\n|-damage|p1a: Wo-Chien|96\/100\n|\n|t:|1700703844\n|switch|p2a: Heatran|Heatran, M|100\/100|[from] Flip Turn\n|\n|-heal|p1a: Wo-Chien|100\/100|[from] item: Leftovers\n|upkeep\n|turn|17\n|\n|t:|1700703850\n|move|p2a: Heatran|Substitute|p2a: Heatran\n|-start|p2a: Heatran|Substitute\n|-damage|p2a: Heatran|76\/100\n|move|p1a: Wo-Chien|Ruination|p2a: Heatran\n|-end|p2a: Heatran|Substitute\n|\n|-heal|p2a: Heatran|82\/100|[from] item: Leftovers\n|upkeep\n|turn|18\n|\n|t:|1700703856\n|move|p2a: Heatran|Lava Plume|p1a: Wo-Chien\n|-supereffective|p1a: Wo-Chien\n|-damage|p1a: Wo-Chien|63\/100\n|move|p1a: Wo-Chien|Ruination|p2a: Heatran\n|-damage|p2a: Heatran|41\/100\n|\n|-heal|p2a: Heatran|47\/100|[from] item: Leftovers\n|-heal|p1a: Wo-Chien|69\/100|[from] item: Leftovers\n|upkeep\n|turn|19\n|\n|t:|1700703862\n|move|p1a: Wo-Chien|Protect|p1a: Wo-Chien\n|-singleturn|p1a: Wo-Chien|Protect\n|move|p2a: Heatran|Substitute|p2a: Heatran\n|-start|p2a: Heatran|Substitute\n|-damage|p2a: Heatran|23\/100\n|\n|-heal|p2a: Heatran|29\/100|[from] item: Leftovers\n|-heal|p1a: Wo-Chien|75\/100|[from] item: Leftovers\n|upkeep\n|turn|20\n|\n|t:|1700703865\n|move|p2a: Heatran|Lava Plume|p1a: Wo-Chien\n|-supereffective|p1a: Wo-Chien\n|-damage|p1a: Wo-Chien|41\/100\n|-status|p1a: Wo-Chien|brn\n|move|p1a: Wo-Chien|Ruination|p2a: Heatran\n|-activate|p2a: Heatran|move: Substitute|[damage]\n|\n|-heal|p2a: Heatran|35\/100|[from] item: Leftovers\n|-heal|p1a: Wo-Chien|47\/100 brn|[from] item: Leftovers\n|-damage|p1a: Wo-Chien|41\/100 brn|[from] brn\n|upkeep\n|turn|21\n|\n|t:|1700703873\n|move|p2a: Heatran|Lava Plume|p1a: Wo-Chien\n|-supereffective|p1a: Wo-Chien\n|-damage|p1a: Wo-Chien|4\/100 brn\n|move|p1a: Wo-Chien|Knock Off|p2a: Heatran\n|-end|p2a: Heatran|Substitute\n|\n|-heal|p2a: Heatran|41\/100|[from] item: Leftovers\n|-heal|p1a: Wo-Chien|10\/100 brn|[from] item: Leftovers\n|-damage|p1a: Wo-Chien|4\/100 brn|[from] brn\n|upkeep\n|turn|22\n|\n|t:|1700703881\n|move|p1a: Wo-Chien|Protect|p1a: Wo-Chien\n|-singleturn|p1a: Wo-Chien|Protect\n|move|p2a: Heatran|Lava Plume|p1a: Wo-Chien\n|-activate|p1a: Wo-Chien|move: Protect\n|\n|-heal|p2a: Heatran|47\/100|[from] item: Leftovers\n|-heal|p1a: Wo-Chien|10\/100 brn|[from] item: Leftovers\n|-damage|p1a: Wo-Chien|4\/100 brn|[from] brn\n|upkeep\n|turn|23\n|\n|t:|1700703884\n|move|p2a: Heatran|Lava Plume|p1a: Wo-Chien\n|-supereffective|p1a: Wo-Chien\n|-damage|p1a: Wo-Chien|0 fnt\n|faint|p1a: Wo-Chien\n|\n|-heal|p2a: Heatran|54\/100|[from] item: Leftovers\n|upkeep\n|\n|t:|1700703890\n|switch|p1a: Walking Wake|Walking Wake|96\/100\n|turn|24\n|\n|t:|1700703895\n|switch|p2a: Tyranitar|Tyranitar, M|100\/100\n|-weather|Sandstorm|[from] ability: Sand Stream|[of] p2a: Tyranitar\n|move|p1a: Walking Wake|Draco Meteor|p2a: Tyranitar\n|-damage|p2a: Tyranitar|55\/100\n|-unboost|p1a: Walking Wake|spa|2\n|\n|-weather|Sandstorm|[upkeep]\n|-damage|p1a: Walking Wake|90\/100|[from] Sandstorm\n|upkeep\n|turn|25\n|\n|t:|1700703903\n|-end|p1a: Walking Wake|Protosynthesis|[silent]\n|switch|p1a: Great Tusk|Great Tusk|78\/100\n|move|p2a: Tyranitar|Knock Off|p1a: Great Tusk\n|-resisted|p1a: Great Tusk\n|-damage|p1a: Great Tusk|59\/100\n|-enditem|p1a: Great Tusk|Choice Scarf|[from] move: Knock Off|[of] p2a: Tyranitar\n|\n|-weather|Sandstorm|[upkeep]\n|upkeep\n|turn|26\n|\n|t:|1700703911\n|switch|p2a: Alomomola|Alomomola, M|71\/100\n|move|p1a: Great Tusk|Headlong Rush|p2a: Alomomola\n|-damage|p2a: Alomomola|37\/100\n|-unboost|p1a: Great Tusk|def|1\n|-unboost|p1a: Great Tusk|spd|1\n|-damage|p1a: Great Tusk|43\/100|[from] item: Rocky Helmet|[of] p2a: Alomomola\n|\n|-weather|Sandstorm|[upkeep]\n|-damage|p2a: Alomomola|31\/100|[from] Sandstorm\n|upkeep\n|turn|27\n|\n|t:|1700703916\n|switch|p2a: Great Tusk|Great Tusk|100\/100\n|move|p1a: Great Tusk|Headlong Rush|p2a: Great Tusk\n|-damage|p2a: Great Tusk|73\/100\n|-unboost|p1a: Great Tusk|def|1\n|-unboost|p1a: Great Tusk|spd|1\n|\n|-weather|Sandstorm|[upkeep]\n|upkeep\n|turn|28\n|\n|t:|1700703932\n|-end|p1a: Great Tusk|Protosynthesis|[silent]\n|switch|p1a: Charizard|Charizard, F|100\/100\n|move|p2a: Great Tusk|Earthquake|p1a: Charizard\n|-immune|p1a: Charizard\n|\n|-weather|none\n|upkeep\n|turn|29\n|\n|t:|1700703943\n|-end|p2a: Great Tusk|Protosynthesis|[silent]\n|switch|p2a: Heatran|Heatran, M|54\/100\n|move|p1a: Charizard|Air Slash|p2a: Heatran\n|-resisted|p2a: Heatran\n|-damage|p2a: Heatran|43\/100\n|\n|-heal|p2a: Heatran|49\/100|[from] item: Leftovers\n|upkeep\n|turn|30\n|\n|t:|1700703951\n|switch|p1a: Walking Wake|Walking Wake|90\/100\n|move|p2a: Heatran|Substitute|p2a: Heatran\n|-start|p2a: Heatran|Substitute\n|-damage|p2a: Heatran|24\/100\n|\n|-heal|p2a: Heatran|30\/100|[from] item: Leftovers\n|upkeep\n|turn|31\n|\n|t:|1700703954\n|move|p1a: Walking Wake|Hydro Steam|p2a: Heatran\n|-supereffective|p2a: Heatran\n|-end|p2a: Heatran|Substitute\n|move|p2a: Heatran|Earth Power|p1a: Walking Wake\n|-damage|p1a: Walking Wake|60\/100\n|\n|-heal|p2a: Heatran|37\/100|[from] item: Leftovers\n|upkeep\n|turn|32\n|\n|t:|1700703966\n|switch|p2a: Gyarados|Gyarados, F|100\/100\n|move|p1a: Walking Wake|Hydro Steam|p2a: Gyarados\n|-resisted|p2a: Gyarados\n|-damage|p2a: Gyarados|71\/100\n|\n|-heal|p2a: Gyarados|77\/100|[from] item: Leftovers\n|upkeep\n|turn|33\n|\n|t:|1700703988\n|-end|p1a: Walking Wake|Protosynthesis|[silent]\n|switch|p1a: Charizard|Charizard, F|100\/100\n|move|p2a: Gyarados|Dragon Dance|p2a: Gyarados\n|-boost|p2a: Gyarados|atk|1\n|-boost|p2a: Gyarados|spe|1\n|\n|-heal|p2a: Gyarados|83\/100|[from] item: Leftovers\n|upkeep\n|turn|34\n|\n|t:|1700703992\n|move|p1a: Charizard|Air Slash|p2a: Gyarados|[miss]\n|-miss|p1a: Charizard|p2a: Gyarados\n|move|p2a: Gyarados|Waterfall|p1a: Charizard\n|-supereffective|p1a: Charizard\n|-damage|p1a: Charizard|0 fnt\n|faint|p1a: Charizard\n|-ability|p2a: Gyarados|Moxie|boost\n|-boost|p2a: Gyarados|atk|1\n|\n|-heal|p2a: Gyarados|89\/100|[from] item: Leftovers\n|upkeep\n|\n|t:|1700703997\n|switch|p1a: Torkoal|Torkoal, M|57\/100\n|-weather|SunnyDay|[from] ability: Drought|[of] p1a: Torkoal\n|turn|35\n|\n|t:|1700704001\n|move|p2a: Gyarados|Earthquake|p1a: Torkoal\n|-supereffective|p1a: Torkoal\n|-damage|p1a: Torkoal|0 fnt\n|faint|p1a: Torkoal\n|-ability|p2a: Gyarados|Moxie|boost\n|-boost|p2a: Gyarados|atk|1\n|\n|-weather|SunnyDay|[upkeep]\n|-heal|p2a: Gyarados|95\/100|[from] item: Leftovers\n|upkeep\n|\n|t:|1700704005\n|switch|p1a: Walking Wake|Walking Wake|60\/100\n|-activate|p1a: Walking Wake|ability: Protosynthesis\n|-start|p1a: Walking Wake|protosynthesisspe\n|turn|36\n|\n|t:|1700704010\n|move|p1a: Walking Wake|Draco Meteor|p2a: Gyarados\n|-damage|p2a: Gyarados|0 fnt\n|-unboost|p1a: Walking Wake|spa|2\n|faint|p2a: Gyarados\n|\n|-weather|SunnyDay|[upkeep]\n|upkeep\n|\n|t:|1700704014\n|switch|p2a: Tyranitar|Tyranitar, M|55\/100\n|-weather|Sandstorm|[from] ability: Sand Stream|[of] p2a: Tyranitar\n|-end|p1a: Walking Wake|Protosynthesis\n|turn|37\n|\n|t:|1700704018\n|-end|p1a: Walking Wake|Protosynthesis|[silent]\n|switch|p1a: Great Tusk|Great Tusk|43\/100\n|move|p2a: Tyranitar|Earthquake|p1a: Great Tusk\n|-damage|p1a: Great Tusk|15\/100\n|\n|-weather|Sandstorm|[upkeep]\n|upkeep\n|turn|38\n|\n|t:|1700704026\n|switch|p2a: Alomomola|Alomomola, M|64\/100\n|move|p1a: Great Tusk|Headlong Rush|p2a: Alomomola\n|-damage|p2a: Alomomola|33\/100\n|-unboost|p1a: Great Tusk|def|1\n|-unboost|p1a: Great Tusk|spd|1\n|-damage|p1a: Great Tusk|0 fnt|[from] item: Rocky Helmet|[of] p2a: Alomomola\n|faint|p1a: Great Tusk\n|-end|p1a: Great Tusk|Protosynthesis|[silent]\n|\n|-weather|Sandstorm|[upkeep]\n|-damage|p2a: Alomomola|26\/100|[from] Sandstorm\n|upkeep\n|\n|t:|1700704029\n|switch|p1a: Iron Moth|Iron Moth|100\/100\n|-enditem|p1a: Iron Moth|Booster Energy\n|-activate|p1a: Iron Moth|ability: Quark Drive|[fromitem]\n|-start|p1a: Iron Moth|quarkdrivespa\n|turn|39\n|\n|t:|1700704036\n|switch|p2a: Heatran|Heatran, M|37\/100\n|move|p1a: Iron Moth|Energy Ball|p2a: Heatran\n|-resisted|p2a: Heatran\n|-damage|p2a: Heatran|30\/100\n|\n|-weather|Sandstorm|[upkeep]\n|-damage|p1a: Iron Moth|95\/100|[from] Sandstorm\n|-heal|p2a: Heatran|36\/100|[from] item: Leftovers\n|upkeep\n|turn|40\n|\n|t:|1700704049\n|-end|p1a: Iron Moth|Quark Drive|[silent]\n|switch|p1a: Walking Wake|Walking Wake|60\/100\n|move|p2a: Heatran|Earth Power|p1a: Walking Wake\n|-damage|p1a: Walking Wake|30\/100\n|\n|-weather|Sandstorm|[upkeep]\n|-damage|p1a: Walking Wake|24\/100|[from] Sandstorm\n|-heal|p2a: Heatran|42\/100|[from] item: Leftovers\n|upkeep\n|turn|41\n|\n|t:|1700704065\n|switch|p2a: Dragapult|Dragapult, M|95\/100\n|-terastallize|p1a: Walking Wake|Water\n|move|p1a: Walking Wake|Hydro Steam|p2a: Dragapult\n|-resisted|p2a: Dragapult\n|-damage|p2a: Dragapult|36\/100\n|\n|-weather|none\n|upkeep\n|turn|42\n|\n|t:|1700704073\n|move|p2a: Dragapult|Shadow Ball|p1a: Walking Wake\n|-damage|p1a: Walking Wake|0 fnt\n|faint|p1a: Walking Wake\n|-end|p1a: Walking Wake|Protosynthesis|[silent]\n|\n|upkeep\n|\n|t:|1700704099\n|switch|p1a: Iron Moth|Iron Moth|95\/100\n|turn|43\n|\n|t:|1700704102\n|move|p2a: Dragapult|Shadow Ball|p1a: Iron Moth\n|-damage|p1a: Iron Moth|38\/100\n|move|p1a: Iron Moth|Fiery Dance|p2a: Dragapult\n|-resisted|p2a: Dragapult\n|-damage|p2a: Dragapult|5\/100\n|-boost|p1a: Iron Moth|spa|1\n|\n|upkeep\n|turn|44\n|\n|t:|1700704105\n|move|p2a: Dragapult|Shadow Ball|p1a: Iron Moth\n|-damage|p1a: Iron Moth|0 fnt\n|faint|p1a: Iron Moth\n|-end|p1a: Iron Moth|Quark Drive|[silent]\n|\n|win|herso\n|raw|bigdiggy123's rating: 1511 &rarr; <strong>1489<\/strong><br \/>(-22 for losing)\n|raw|herso's rating: 1479 &rarr; <strong>1501<\/strong><br \/>(+22 for winning)\n|c|\u2606herso|gg\n|l|\u2606bigdiggy123\n|c|\u2606herso|wp\n","uploadtime":1700704124,"views":2,"p1id":"bigdiggy123","p2id":"herso","formatid":"gen9ou","rating":1489,"private":0,"password":""}