{"id":"gen9ou-1989839432","p1":"CactiFlo","p2":"littensalt","format":"[Gen 9] OU","log":"|j|\u2606CactiFlo\n|j|\u2606littensalt\n|t:|1699900044\n|gametype|singles\n|player|p1|CactiFlo|backpacker|1267\n|player|p2|littensalt|calem|1340\n|teamsize|p1|6\n|teamsize|p2|6\n|gen|9\n|tier|[Gen 9] OU\n|rated|\n|rule|Sleep Clause Mod: Limit one foe put to sleep\n|rule|Species Clause: Limit one of each Pok\u00e9mon\n|rule|OHKO Clause: OHKO moves are banned\n|rule|Evasion Items Clause: Evasion items are banned\n|rule|Evasion Moves Clause: Evasion moves are banned\n|rule|Endless Battle Clause: Forcing endless battles is banned\n|rule|HP Percentage Mod: HP is shown in percentages\n|clearpoke\n|poke|p1|Rillaboom, F|\n|poke|p1|Dragapult, F|\n|poke|p1|Iron Treads|\n|poke|p1|Heatran, F|\n|poke|p1|Ogerpon-Wellspring, F|\n|poke|p1|Cinderace, F|\n|poke|p2|Thundurus-Therian, M|\n|poke|p2|Weezing-Galar, M|\n|poke|p2|Cinderace, M|\n|poke|p2|Dragapult, M|\n|poke|p2|Greninja-*, M|\n|poke|p2|Zamazenta-*|\n|teampreview\n|inactive|Battle timer is ON: inactive players will automatically lose when time's up. (requested by CactiFlo)\n|\n|t:|1699900060\n|start\n|switch|p1a: Cinderace|Cinderace, F|100\/100\n|switch|p2a: KIDS SEE GHOST|Dragapult, M, shiny|100\/100\n|turn|1\n|\n|t:|1699900065\n|move|p2a: KIDS SEE GHOST|U-turn|p1a: Cinderace\n|-resisted|p1a: Cinderace\n|-damage|p1a: Cinderace|88\/100\n|\n|t:|1699900074\n|switch|p2a: wheezy outta here|Weezing-Galar, M, shiny|100\/100|[from] U-turn\n|-ability|p2a: wheezy outta here|Neutralizing Gas\n|move|p1a: Cinderace|Will-O-Wisp|p2a: wheezy outta here\n|-status|p2a: wheezy outta here|brn\n|\n|-damage|p2a: wheezy outta here|94\/100 brn|[from] brn\n|upkeep\n|turn|2\n|\n|t:|1699900086\n|move|p1a: Cinderace|U-turn|p2a: wheezy outta here\n|-resisted|p2a: wheezy outta here\n|-damage|p2a: wheezy outta here|91\/100 brn\n|-damage|p1a: Cinderace|71\/100|[from] item: Rocky Helmet|[of] p2a: wheezy outta here\n|\n|t:|1699900090\n|switch|p1a: Heatran|Heatran, F|100\/100|[from] U-turn\n|move|p2a: wheezy outta here|Pain Split|p1a: Heatran\n|-sethp|p1a: Heatran|89\/100|[from] move: Pain Split|[silent]\n|-sethp|p2a: wheezy outta here|100\/100 brn|[from] move: Pain Split\n|\n|-heal|p1a: Heatran|95\/100|[from] item: Leftovers\n|-damage|p2a: wheezy outta here|94\/100 brn|[from] brn\n|upkeep\n|turn|3\n|\n|t:|1699900101\n|-end|p2a: wheezy outta here|ability: Neutralizing Gas\n|switch|p2a: FRANCHISE|Cinderace, M|100\/100\n|move|p1a: Heatran|Earth Power|p2a: FRANCHISE\n|-supereffective|p2a: FRANCHISE\n|-damage|p2a: FRANCHISE|21\/100\n|\n|-heal|p1a: Heatran|100\/100|[from] item: Leftovers\n|upkeep\n|turn|4\n|\n|t:|1699900107\n|move|p2a: FRANCHISE|U-turn|p1a: Heatran\n|-start|p2a: FRANCHISE|typechange|Bug|[from] ability: Libero\n|-resisted|p1a: Heatran\n|-damage|p1a: Heatran|93\/100\n|\n|t:|1699900120\n|switch|p2a: N95|Greninja, M|100\/100|[from] U-turn\n|move|p1a: Heatran|Earth Power|p2a: N95\n|-damage|p2a: N95|60\/100\n|\n|-heal|p1a: Heatran|99\/100|[from] item: Leftovers\n|upkeep\n|turn|5\n|\n|t:|1699900125\n|switch|p1a: Ogerpon|Ogerpon-Wellspring, F|100\/100\n|move|p2a: N95|Hydro Pump|p1a: Ogerpon\n|-immune|p1a: Ogerpon|[from] ability: Water Absorb\n|\n|upkeep\n|turn|6\n|\n|t:|1699900129\n|move|p2a: N95|Dark Pulse|p1a: Ogerpon\n|-damage|p1a: Ogerpon|51\/100\n|-damage|p2a: N95|50\/100|[from] item: Life Orb\n|move|p1a: Ogerpon|Horn Leech|p2a: N95\n|-supereffective|p2a: N95\n|-damage|p2a: N95|0 fnt\n|-heal|p1a: Ogerpon|75\/100|[from] drain|[of] p2a: N95\n|faint|p2a: N95\n|\n|upkeep\n|\n|t:|1699900146\n|switch|p2a: KIDS SEE GHOST|Dragapult, M, shiny|100\/100\n|turn|7\n|\n|t:|1699900150\n|switch|p1a: Heatran|Heatran, F|99\/100\n|move|p2a: KIDS SEE GHOST|Shadow Ball|p1a: Heatran\n|-damage|p1a: Heatran|69\/100\n|\n|-heal|p1a: Heatran|75\/100|[from] item: Leftovers\n|upkeep\n|turn|8\n|\n|t:|1699900157\n|switch|p2a: FRANCHISE|Cinderace, M|21\/100\n|move|p1a: Heatran|Will-O-Wisp|p2a: FRANCHISE\n|-immune|p2a: FRANCHISE\n|\n|-heal|p1a: Heatran|81\/100|[from] item: Leftovers\n|upkeep\n|turn|9\n|\n|t:|1699900171\n|move|p2a: FRANCHISE|U-turn|p1a: Heatran\n|-start|p2a: FRANCHISE|typechange|Bug|[from] ability: Libero\n|-resisted|p1a: Heatran\n|-damage|p1a: Heatran|75\/100\n|\n|t:|1699900172\n|switch|p2a: 5g|Thundurus-Therian, M, shiny|100\/100|[from] U-turn\n|move|p1a: Heatran|Earth Power|p2a: 5g\n|-immune|p2a: 5g\n|\n|-heal|p1a: Heatran|81\/100|[from] item: Leftovers\n|upkeep\n|turn|10\n|\n|t:|1699900178\n|switch|p1a: Iron Treads|Iron Treads|100\/100\n|move|p2a: 5g|Volt Switch|p1a: Iron Treads\n|-immune|p1a: Iron Treads\n|\n|upkeep\n|turn|11\n|\n|t:|1699900183\n|switch|p2a: wheezy outta here|Weezing-Galar, M, shiny|94\/100 brn\n|-ability|p2a: wheezy outta here|Neutralizing Gas\n|move|p1a: Iron Treads|Ice Spinner|p2a: wheezy outta here\n|-damage|p2a: wheezy outta here|78\/100 brn\n|-damage|p1a: Iron Treads|84\/100|[from] item: Rocky Helmet|[of] p2a: wheezy outta here\n|\n|-damage|p2a: wheezy outta here|72\/100 brn|[from] brn\n|upkeep\n|turn|12\n|\n|t:|1699900190\n|move|p1a: Iron Treads|Earthquake|p2a: wheezy outta here\n|-supereffective|p2a: wheezy outta here\n|-damage|p2a: wheezy outta here|5\/100 brn\n|move|p2a: wheezy outta here|Strange Steam|p1a: Iron Treads\n|-resisted|p1a: Iron Treads\n|-damage|p1a: Iron Treads|64\/100\n|\n|-damage|p2a: wheezy outta here|0 fnt|[from] brn\n|faint|p2a: wheezy outta here\n|-end|p2a: wheezy outta here|ability: Neutralizing Gas\n|upkeep\n|\n|t:|1699900195\n|switch|p2a: KIDS SEE GHOST|Dragapult, M, shiny|100\/100\n|turn|13\n|\n|t:|1699900200\n|move|p2a: KIDS SEE GHOST|Flamethrower|p1a: Iron Treads\n|-supereffective|p1a: Iron Treads\n|-damage|p1a: Iron Treads|0 fnt\n|faint|p1a: Iron Treads\n|-end|p1a: Iron Treads|Quark Drive|[silent]\n|\n|upkeep\n|\n|t:|1699900213\n|switch|p1a: Cinderace|Cinderace, F|71\/100\n|turn|14\n|\n|t:|1699900219\n|switch|p2a: FRANCHISE|Cinderace, M|21\/100\n|move|p1a: Cinderace|Will-O-Wisp|p2a: FRANCHISE\n|-immune|p2a: FRANCHISE\n|\n|upkeep\n|turn|15\n|\n|t:|1699900230\n|move|p1a: Cinderace|Pyro Ball|p2a: FRANCHISE\n|-resisted|p2a: FRANCHISE\n|-damage|p2a: FRANCHISE|0 fnt\n|faint|p2a: FRANCHISE\n|\n|upkeep\n|\n|t:|1699900250\n|switch|p2a: november|Zamazenta|100\/100\n|-ability|p2a: november|Dauntless Shield|boost\n|-boost|p2a: november|def|1\n|turn|16\n|\n|t:|1699900253\n|move|p2a: november|Substitute|p2a: november\n|-start|p2a: november|Substitute\n|-damage|p2a: november|75\/100\n|move|p1a: Cinderace|Will-O-Wisp||[still]\n|-fail|p1a: Cinderace\n|\n|-heal|p2a: november|82\/100|[from] item: Leftovers\n|upkeep\n|turn|17\n|\n|t:|1699900257\n|move|p2a: november|Iron Defense|p2a: november\n|-boost|p2a: november|def|2\n|move|p1a: Cinderace|Pyro Ball|p2a: november\n|-activate|p2a: november|move: Substitute|[damage]\n|\n|-heal|p2a: november|88\/100|[from] item: Leftovers\n|upkeep\n|turn|18\n|\n|t:|1699900262\n|move|p2a: november|Iron Defense|p2a: november\n|-boost|p2a: november|def|2\n|move|p1a: Cinderace|U-turn|p2a: november\n|-start|p1a: Cinderace|typechange|Bug|[from] ability: Libero\n|-resisted|p2a: november\n|-activate|p2a: november|move: Substitute|[damage]\n|\n|t:|1699900264\n|switch|p1a: Dragapult|Dragapult, F|100\/100|[from] U-turn\n|\n|-heal|p2a: november|94\/100|[from] item: Leftovers\n|upkeep\n|turn|19\n|\n|t:|1699900271\n|move|p2a: november|Crunch|p1a: Dragapult\n|-supereffective|p1a: Dragapult\n|-damage|p1a: Dragapult|41\/100\n|move|p1a: Dragapult|Draco Meteor|p2a: november|[miss]\n|-miss|p1a: Dragapult|p2a: november\n|\n|-heal|p2a: november|99\/100|[from] item: Leftovers\n|upkeep\n|turn|20\n|\n|t:|1699900279\n|switch|p1a: Heatran|Heatran, F|81\/100\n|move|p2a: november|Crunch|p1a: Heatran\n|-damage|p1a: Heatran|62\/100\n|\n|-heal|p2a: november|100\/100|[from] item: Leftovers\n|-heal|p1a: Heatran|68\/100|[from] item: Leftovers\n|upkeep\n|turn|21\n|\n|t:|1699900282\n|move|p2a: november|Substitute|p2a: november\n|-fail|p2a: november|move: Substitute\n|move|p1a: Heatran|Magma Storm|p2a: november\n|-end|p2a: november|Substitute\n|\n|-heal|p1a: Heatran|74\/100|[from] item: Leftovers\n|upkeep\n|turn|22\n|\n|t:|1699900285\n|move|p2a: november|Body Press|p1a: Heatran\n|-supereffective|p1a: Heatran\n|-damage|p1a: Heatran|0 fnt\n|faint|p1a: Heatran\n|\n|upkeep\n|-message|CactiFlo forfeited.\n|\n|win|littensalt\n|raw|CactiFlo's rating: 1267 &rarr; <strong>1247<\/strong><br \/>(-20 for losing)\n|raw|littensalt's rating: 1340 &rarr; <strong>1356<\/strong><br \/>(+16 for winning)\n|l|\u2606CactiFlo\n","uploadtime":1699900295,"views":11,"p1id":"cactiflo","p2id":"littensalt","formatid":"gen9ou","rating":1247,"private":0,"password":""}