{"id":"gen9ou-1989338645","p1":"Plorish","p2":"PizzaWaffle3","format":"[Gen 9] OU","log":"|j|\u2606Plorish\n|j|\u2606PizzaWaffle3\n|t:|1699838089\n|gametype|singles\n|player|p1|Plorish|riley|1161\n|player|p2|PizzaWaffle3|hilda-wonderlauncher|1259\n|teamsize|p1|6\n|teamsize|p2|6\n|gen|9\n|tier|[Gen 9] OU\n|rated|\n|rule|Sleep Clause Mod: Limit one foe put to sleep\n|rule|Species Clause: Limit one of each Pok\u00e9mon\n|rule|OHKO Clause: OHKO moves are banned\n|rule|Evasion Items Clause: Evasion items are banned\n|rule|Evasion Moves Clause: Evasion moves are banned\n|rule|Endless Battle Clause: Forcing endless battles is banned\n|rule|HP Percentage Mod: HP is shown in percentages\n|clearpoke\n|poke|p1|Quaquaval, F|\n|poke|p1|Maushold|\n|poke|p1|Ceruledge, F|\n|poke|p1|Thundurus-Therian, M|\n|poke|p1|Haxorus, F|\n|poke|p1|Hatterene, F|\n|poke|p2|Landorus-Therian, M|\n|poke|p2|Cinderace, M|\n|poke|p2|Ninetales-Alola, F|\n|poke|p2|Kingambit, F|\n|poke|p2|Ogerpon-Wellspring, F|\n|poke|p2|Gyarados, M|\n|teampreview\n|inactive|Battle timer is ON: inactive players will automatically lose when time's up. (requested by PizzaWaffle3)\n|inactive|Plorish also wants the timer to be on.\n|\n|t:|1699838108\n|start\n|switch|p1a: Haxorus|Haxorus, F, shiny|100\/100\n|switch|p2a: Ninetales|Ninetales-Alola, F|100\/100\n|-weather|Snow|[from] ability: Snow Warning|[of] p2a: Ninetales\n|-ability|p1a: Haxorus|Mold Breaker\n|turn|1\n|\n|t:|1699838123\n|move|p2a: Ninetales|Aurora Veil|p2a: Ninetales\n|-sidestart|p2: PizzaWaffle3|move: Aurora Veil\n|move|p1a: Haxorus|Dragon Dance|p1a: Haxorus\n|-boost|p1a: Haxorus|atk|1\n|-boost|p1a: Haxorus|spe|1\n|\n|-weather|Snow|[upkeep]\n|upkeep\n|turn|2\n|\n|t:|1699838129\n|-terastallize|p1a: Haxorus|Steel\n|move|p1a: Haxorus|Dragon Dance|p1a: Haxorus\n|-boost|p1a: Haxorus|atk|1\n|-boost|p1a: Haxorus|spe|1\n|move|p2a: Ninetales|Moonblast|p1a: Haxorus\n|-resisted|p1a: Haxorus\n|-damage|p1a: Haxorus|79\/100\n|\n|-weather|Snow|[upkeep]\n|upkeep\n|turn|3\n|\n|t:|1699838139\n|switch|p2a: Cinderace|Cinderace, M|100\/100\n|move|p1a: Haxorus|Poison Jab|p2a: Cinderace\n|-damage|p2a: Cinderace|56\/100\n|-status|p2a: Cinderace|psn\n|\n|-weather|Snow|[upkeep]\n|-damage|p2a: Cinderace|43\/100 psn|[from] psn\n|upkeep\n|turn|4\n|\n|t:|1699838149\n|move|p1a: Haxorus|Scale Shot|p2a: Cinderace\n|-damage|p2a: Cinderace|23\/100 psn\n|-damage|p2a: Cinderace|4\/100 psn\n|-damage|p2a: Cinderace|0 fnt\n|faint|p2a: Cinderace\n|-hitcount|p2: Cinderace|3\n|-unboost|p1a: Haxorus|def|1\n|-boost|p1a: Haxorus|spe|1\n|\n|-weather|Snow|[upkeep]\n|upkeep\n|\n|t:|1699838158\n|switch|p2a: Landorus|Landorus-Therian, M|100\/100\n|-ability|p2a: Landorus|Intimidate|boost\n|-unboost|p1a: Haxorus|atk|1\n|turn|5\n|\n|t:|1699838163\n|move|p1a: Haxorus|Scale Shot|p2a: Landorus\n|-damage|p2a: Landorus|88\/100\n|-damage|p2a: Landorus|76\/100\n|-damage|p2a: Landorus|62\/100\n|-damage|p2a: Landorus|50\/100\n|-hitcount|p2a: Landorus|4\n|-unboost|p1a: Haxorus|def|1\n|-boost|p1a: Haxorus|spe|1\n|move|p2a: Landorus|Earthquake|p1a: Haxorus\n|-supereffective|p1a: Haxorus\n|-damage|p1a: Haxorus|0 fnt\n|faint|p1a: Haxorus\n|\n|-weather|none\n|upkeep\n|\n|t:|1699838184\n|switch|p1a: Duck Furry OC|Quaquaval, F|100\/100\n|turn|6\n|\n|t:|1699838187\n|move|p2a: Landorus|Earthquake|p1a: Duck Furry OC\n|-damage|p1a: Duck Furry OC|26\/100\n|move|p1a: Duck Furry OC|Aqua Step|p2a: Landorus\n|-supereffective|p2a: Landorus\n|-damage|p2a: Landorus|0 fnt\n|-boost|p1a: Duck Furry OC|spe|1\n|faint|p2a: Landorus\n|-ability|p1a: Duck Furry OC|Moxie|boost\n|-boost|p1a: Duck Furry OC|atk|1\n|\n|-heal|p1a: Duck Furry OC|32\/100|[from] item: Leftovers\n|upkeep\n|\n|t:|1699838197\n|switch|p2a: Gyarados|Gyarados, M|100\/100\n|turn|7\n|\n|t:|1699838206\n|move|p1a: Duck Furry OC|Ice Spinner|p2a: Gyarados\n|-damage|p2a: Gyarados|76\/100\n|move|p2a: Gyarados|Dragon Dance|p2a: Gyarados\n|-boost|p2a: Gyarados|atk|1\n|-boost|p2a: Gyarados|spe|1\n|\n|-heal|p1a: Duck Furry OC|38\/100|[from] item: Leftovers\n|upkeep\n|turn|8\n|\n|t:|1699838222\n|move|p2a: Gyarados|Earthquake|p1a: Duck Furry OC\n|-damage|p1a: Duck Furry OC|0 fnt\n|faint|p1a: Duck Furry OC\n|-ability|p2a: Gyarados|Moxie|boost\n|-boost|p2a: Gyarados|atk|1\n|\n|-sideend|p2: PizzaWaffle3|move: Aurora Veil\n|upkeep\n|\n|t:|1699838227\n|switch|p1a: Thundurus|Thundurus-Therian, M|100\/100\n|turn|9\n|\n|t:|1699838230\n|move|p1a: Thundurus|Volt Switch|p2a: Gyarados\n|-supereffective|p2a: Gyarados\n|-damage|p2a: Gyarados|0 fnt\n|faint|p2a: Gyarados\n|\n|t:|1699838251\n|switch|p1a: Shadow|Ceruledge, F|100\/100|[from] Volt Switch\n|\n|upkeep\n|\n|t:|1699838262\n|switch|p2a: Ninetales|Ninetales-Alola, F|100\/100\n|-weather|Snow|[from] ability: Snow Warning|[of] p2a: Ninetales\n|turn|10\n|\n|t:|1699838272\n|move|p2a: Ninetales|Aurora Veil|p2a: Ninetales\n|-sidestart|p2: PizzaWaffle3|move: Aurora Veil\n|move|p1a: Shadow|Swords Dance|p1a: Shadow\n|-boost|p1a: Shadow|atk|2\n|\n|-weather|Snow|[upkeep]\n|upkeep\n|turn|11\n|\n|t:|1699838277\n|move|p2a: Ninetales|Encore|p1a: Shadow\n|-start|p1a: Shadow|Encore\n|move|p1a: Shadow|Swords Dance|p1a: Shadow\n|-boost|p1a: Shadow|atk|2\n|\n|-weather|Snow|[upkeep]\n|upkeep\n|turn|12\n|\n|t:|1699838282\n|switch|p2a: Ogerpon|Ogerpon-Wellspring, F|100\/100\n|move|p1a: Shadow|Swords Dance|p1a: Shadow\n|-boost|p1a: Shadow|atk|2\n|\n|-weather|Snow|[upkeep]\n|upkeep\n|turn|13\n|\n|t:|1699838291\n|move|p2a: Ogerpon|Ivy Cudgel|p1a: Shadow\n|-supereffective|p1a: Shadow\n|-enditem|p1a: Shadow|Focus Sash\n|-damage|p1a: Shadow|1\/100\n|-ability|p1a: Shadow|Weak Armor|boost\n|-unboost|p1a: Shadow|def|1\n|-boost|p1a: Shadow|spe|2\n|move|p1a: Shadow|Swords Dance|p1a: Shadow\n|-boost|p1a: Shadow|atk|0\n|\n|-weather|Snow|[upkeep]\n|-end|p1a: Shadow|Encore\n|upkeep\n|turn|14\n|\n|t:|1699838304\n|move|p1a: Shadow|Bitter Blade|p2a: Ogerpon\n|-damage|p2a: Ogerpon|0 fnt\n|-heal|p1a: Shadow|53\/100|[from] drain|[of] p2a: Ogerpon\n|faint|p2a: Ogerpon\n|\n|-weather|none\n|upkeep\n|-message|PizzaWaffle3 forfeited.\n|\n|win|Plorish\n|raw|Plorish's rating: 1161 &rarr; <strong>1193<\/strong><br \/>(+32 for winning)\n|raw|PizzaWaffle3's rating: 1259 &rarr; <strong>1227<\/strong><br \/>(-32 for losing)\n|l|\u2606PizzaWaffle3\n","uploadtime":1699838313,"views":16,"p1id":"plorish","p2id":"pizzawaffle3","formatid":"gen9ou","rating":1193,"private":0,"password":""}