{"id":"gen9ou-1988562004","p1":"Puuni","p2":"Tsamz","format":"[Gen 9] OU","log":"|j|\u2606Puuni\n|j|\u2606Tsamz\n|t:|1699736364\n|gametype|singles\n|player|p1|Puuni|allister-masters|1094\n|player|p2|Tsamz|psychic|1102\n|teamsize|p1|6\n|teamsize|p2|6\n|gen|9\n|tier|[Gen 9] OU\n|rated|\n|rule|Sleep Clause Mod: Limit one foe put to sleep\n|rule|Species Clause: Limit one of each Pok\u00e9mon\n|rule|OHKO Clause: OHKO moves are banned\n|rule|Evasion Items Clause: Evasion items are banned\n|rule|Evasion Moves Clause: Evasion moves are banned\n|rule|Endless Battle Clause: Forcing endless battles is banned\n|rule|HP Percentage Mod: HP is shown in percentages\n|clearpoke\n|poke|p1|Dragapult, F|\n|poke|p1|Sinistcha-Masterpiece|\n|poke|p1|Enamorus, F|\n|poke|p1|Ting-Lu|\n|poke|p1|Ogerpon-Wellspring, F|\n|poke|p1|Cinderace, M|\n|poke|p2|Gliscor, F|\n|poke|p2|Zapdos|\n|poke|p2|Dragapult, M|\n|poke|p2|Kingambit, M|\n|poke|p2|Slowking-Galar, F|\n|poke|p2|Corviknight, F|\n|teampreview\n|inactive|Battle timer is ON: inactive players will automatically lose when time's up. (requested by Puuni)\n|inactive|Puuni has 120 seconds left.\n|\n|t:|1699736400\n|start\n|switch|p1a: Funny bunny|Cinderace, M|100\/100\n|switch|p2a: Average Redditor|Gliscor, F|100\/100\n|turn|1\n|\n|t:|1699736406\n|move|p2a: Average Redditor|Protect|p2a: Average Redditor\n|-singleturn|p2a: Average Redditor|Protect\n|move|p1a: Funny bunny|Will-O-Wisp|p2a: Average Redditor\n|-activate|p2a: Average Redditor|move: Protect\n|\n|-status|p2a: Average Redditor|tox|[from] item: Toxic Orb\n|upkeep\n|turn|2\n|\n|t:|1699736416\n|move|p1a: Funny bunny|U-turn|p2a: Average Redditor\n|-start|p1a: Funny bunny|typechange|Bug|[from] ability: Libero\n|-resisted|p2a: Average Redditor\n|-damage|p2a: Average Redditor|90\/100 tox\n|\n|t:|1699736428\n|switch|p1a: ROPPONGI|Ogerpon-Wellspring, F|100\/100|[from] U-turn\n|move|p2a: Average Redditor|Knock Off|p1a: ROPPONGI\n|-damage|p1a: ROPPONGI|81\/100\n|\n|-heal|p2a: Average Redditor|100\/100 tox|[from] ability: Poison Heal\n|upkeep\n|turn|3\n|\n|t:|1699736445\n|move|p1a: ROPPONGI|Swords Dance|p1a: ROPPONGI\n|-boost|p1a: ROPPONGI|atk|2\n|move|p2a: Average Redditor|Toxic|p1a: ROPPONGI\n|-status|p1a: ROPPONGI|tox\n|\n|-damage|p1a: ROPPONGI|75\/100 tox|[from] psn\n|upkeep\n|turn|4\n|\n|t:|1699736455\n|move|p2a: Average Redditor|Protect|p2a: Average Redditor\n|-singleturn|p2a: Average Redditor|Protect\n|move|p1a: ROPPONGI|Swords Dance|p1a: ROPPONGI\n|-boost|p1a: ROPPONGI|atk|2\n|\n|-damage|p1a: ROPPONGI|63\/100 tox|[from] psn\n|upkeep\n|turn|5\n|\n|t:|1699736465\n|switch|p2a: The Monarchy|Slowking-Galar, F|100\/100\n|-terastallize|p1a: ROPPONGI|Water\n|detailschange|p1a: ROPPONGI|Ogerpon-Wellspring-Tera, F, tera:Water\n|-ability|p1a: ROPPONGI|Embody Aspect (Wellspring)|boost\n|-boost|p1a: ROPPONGI|spd|1\n|move|p1a: ROPPONGI|Ivy Cudgel|p2a: The Monarchy\n|-damage|p2a: The Monarchy|0 fnt\n|faint|p2a: The Monarchy\n|\n|-damage|p1a: ROPPONGI|45\/100 tox|[from] psn\n|upkeep\n|\n|t:|1699736474\n|switch|p2a: Average Redditor|Gliscor, F|100\/100 tox\n|turn|6\n|\n|t:|1699736480\n|move|p2a: Average Redditor|Protect|p2a: Average Redditor\n|-singleturn|p2a: Average Redditor|Protect\n|move|p1a: ROPPONGI|Ivy Cudgel|p2a: Average Redditor\n|-activate|p2a: Average Redditor|move: Protect\n|\n|-damage|p1a: ROPPONGI|21\/100 tox|[from] psn\n|upkeep\n|turn|7\n|\n|t:|1699736490\n|switch|p2a: Pretty Solid|Zapdos|100\/100\n|move|p1a: ROPPONGI|Ivy Cudgel|p2a: Pretty Solid\n|-damage|p2a: Pretty Solid|0 fnt\n|faint|p2a: Pretty Solid\n|\n|-damage|p1a: ROPPONGI|0 fnt|[from] psn\n|faint|p1a: ROPPONGI\n|upkeep\n|inactive|Puuni has 120 seconds left.\n|\n|t:|1699736545\n|switch|p1a: Cupid|Enamorus, F|100\/100\n|switch|p2a: Trebuchet|Dragapult, M|100\/100\n|turn|8\n|\n|t:|1699736564\n|move|p2a: Trebuchet|U-turn|p1a: Cupid\n|-resisted|p1a: Cupid\n|-damage|p1a: Cupid|86\/100\n|\n|t:|1699736578\n|switch|p2a: Average Redditor|Gliscor, F|100\/100 tox|[from] U-turn\n|move|p1a: Cupid|Moonblast|p2a: Average Redditor\n|-damage|p2a: Average Redditor|7\/100 tox\n|\n|-heal|p2a: Average Redditor|19\/100 tox|[from] ability: Poison Heal\n|upkeep\n|turn|9\n|\n|t:|1699736586\n|move|p2a: Average Redditor|Protect|p2a: Average Redditor\n|-singleturn|p2a: Average Redditor|Protect\n|move|p1a: Cupid|Moonblast|p2a: Average Redditor\n|-activate|p2a: Average Redditor|move: Protect\n|\n|-heal|p2a: Average Redditor|32\/100 tox|[from] ability: Poison Heal\n|upkeep\n|turn|10\n|\n|t:|1699736600\n|switch|p2a: 4chan User|Kingambit, M|100\/100\n|-activate|p2a: 4chan User|ability: Supreme Overlord\n|-start|p2a: 4chan User|fallen2|[silent]\n|move|p1a: Cupid|Moonblast|p2a: 4chan User\n|-damage|p2a: 4chan User|22\/100\n|\n|-heal|p2a: 4chan User|29\/100|[from] item: Leftovers\n|upkeep\n|turn|11\n|\n|t:|1699736607\n|move|p2a: 4chan User|Sucker Punch|p1a: Cupid\n|-resisted|p1a: Cupid\n|-damage|p1a: Cupid|45\/100\n|move|p1a: Cupid|Moonblast|p2a: 4chan User\n|-damage|p2a: 4chan User|0 fnt\n|faint|p2a: 4chan User\n|-end|p2a: 4chan User|fallen2|[silent]\n|\n|upkeep\n|\n|t:|1699736611\n|switch|p2a: Trebuchet|Dragapult, M|100\/100\n|turn|12\n|\n|t:|1699736616\n|switch|p1a: Tank you|Ting-Lu|100\/100\n|-ability|p1a: Tank you|Vessel of Ruin\n|move|p2a: Trebuchet|Double-Edge|p1a: Tank you\n|-damage|p1a: Tank you|67\/100\n|-damage|p2a: Trebuchet|83\/100|[from] Recoil\n|\n|-heal|p1a: Tank you|73\/100|[from] item: Leftovers\n|upkeep\n|turn|13\n|\n|t:|1699736640\n|switch|p2a: Boeing 747|Corviknight, F|100\/100\n|-ability|p2a: Boeing 747|Pressure\n|move|p1a: Tank you|Protect||[still]\n|-fail|p1a: Tank you\n|\n|-heal|p1a: Tank you|79\/100|[from] item: Leftovers\n|upkeep\n|turn|14\n|\n|t:|1699736647\n|move|p1a: Tank you|Protect|p1a: Tank you\n|-singleturn|p1a: Tank you|Protect\n|move|p2a: Boeing 747|Body Press|p1a: Tank you\n|-activate|p1a: Tank you|move: Protect\n|\n|-heal|p1a: Tank you|86\/100|[from] item: Leftovers\n|upkeep\n|turn|15\n|\n|t:|1699736653\n|move|p2a: Boeing 747|Body Press|p1a: Tank you\n|-supereffective|p1a: Tank you\n|-damage|p1a: Tank you|57\/100\n|move|p1a: Tank you|Stealth Rock|p2a: Boeing 747\n|-sidestart|p2: Tsamz|move: Stealth Rock\n|\n|-heal|p1a: Tank you|63\/100|[from] item: Leftovers\n|upkeep\n|turn|16\n|\n|t:|1699736661\n|move|p1a: Tank you|Protect|p1a: Tank you\n|-singleturn|p1a: Tank you|Protect\n|move|p2a: Boeing 747|Defog|p1a: Tank you\n|-activate|p1a: Tank you|move: Protect\n|\n|-heal|p1a: Tank you|69\/100|[from] item: Leftovers\n|upkeep\n|turn|17\n|\n|t:|1699736668\n|switch|p1a: Good game|Sinistcha-Masterpiece|100\/100\n|move|p2a: Boeing 747|Body Press|p1a: Good game\n|-immune|p1a: Good game\n|\n|upkeep\n|turn|18\n|\n|t:|1699736679\n|move|p1a: Good game|Calm Mind|p1a: Good game\n|-boost|p1a: Good game|spa|1\n|-boost|p1a: Good game|spd|1\n|move|p2a: Boeing 747|U-turn|p1a: Good game\n|-damage|p1a: Good game|87\/100\n|\n|t:|1699736682\n|switch|p2a: Average Redditor|Gliscor, F|32\/100 tox|[from] U-turn\n|-damage|p2a: Average Redditor|19\/100 tox|[from] Stealth Rock\n|\n|-heal|p2a: Average Redditor|32\/100 tox|[from] ability: Poison Heal\n|upkeep\n|turn|19\n|\n|t:|1699736692\n|move|p2a: Average Redditor|Protect|p2a: Average Redditor\n|-singleturn|p2a: Average Redditor|Protect\n|move|p1a: Good game|Shadow Ball|p2a: Average Redditor\n|-activate|p2a: Average Redditor|move: Protect\n|\n|-heal|p2a: Average Redditor|44\/100 tox|[from] ability: Poison Heal\n|upkeep\n|turn|20\n|\n|t:|1699736701\n|switch|p2a: Boeing 747|Corviknight, F|100\/100\n|-damage|p2a: Boeing 747|88\/100|[from] Stealth Rock\n|-ability|p2a: Boeing 747|Pressure\n|move|p1a: Good game|Shadow Ball|p2a: Boeing 747\n|-damage|p2a: Boeing 747|37\/100\n|\n|-heal|p2a: Boeing 747|43\/100|[from] item: Leftovers\n|upkeep\n|turn|21\n|\n|t:|1699736706\n|move|p1a: Good game|Iron Defense|p1a: Good game\n|-boost|p1a: Good game|def|2\n|move|p2a: Boeing 747|U-turn|p1a: Good game\n|-damage|p1a: Good game|81\/100\n|\n|t:|1699736709\n|switch|p2a: Trebuchet|Dragapult, M|83\/100|[from] U-turn\n|-damage|p2a: Trebuchet|71\/100|[from] Stealth Rock\n|\n|upkeep\n|turn|22\n|\n|t:|1699736719\n|-terastallize|p2a: Trebuchet|Ghost\n|move|p2a: Trebuchet|Phantom Force||[still]\n|-prepare|p2a: Trebuchet|Phantom Force\n|move|p1a: Good game|Shadow Ball|p2a: Trebuchet|[miss]\n|-miss|p1a: Good game|p2a: Trebuchet\n|\n|upkeep\n|turn|23\n|\n|t:|1699736733\n|move|p2a: Trebuchet|Phantom Force|p1a: Good game|[from]lockedmove\n|-supereffective|p1a: Good game\n|-damage|p1a: Good game|0 fnt\n|faint|p1a: Good game\n|\n|upkeep\n|inactive|Puuni has 120 seconds left.\n|\n|t:|1699736776\n|switch|p1a: Tank you|Ting-Lu|69\/100\n|-ability|p1a: Tank you|Vessel of Ruin\n|turn|24\n|\n|t:|1699736785\n|switch|p2a: Boeing 747|Corviknight, F|43\/100\n|-damage|p2a: Boeing 747|31\/100|[from] Stealth Rock\n|-ability|p2a: Boeing 747|Pressure\n|switch|p1a: Cupid|Enamorus, F|45\/100\n|\n|-heal|p2a: Boeing 747|37\/100|[from] item: Leftovers\n|upkeep\n|turn|25\n|\n|t:|1699736793\n|move|p1a: Cupid|Mystical Fire|p2a: Boeing 747\n|-supereffective|p2a: Boeing 747\n|-damage|p2a: Boeing 747|0 fnt\n|faint|p2a: Boeing 747\n|\n|upkeep\n|\n|t:|1699736807\n|switch|p2a: Average Redditor|Gliscor, F|44\/100 tox\n|-damage|p2a: Average Redditor|32\/100 tox|[from] Stealth Rock\n|turn|26\n|\n|t:|1699736820\n|move|p2a: Average Redditor|Protect|p2a: Average Redditor\n|-singleturn|p2a: Average Redditor|Protect\n|move|p1a: Cupid|Mystical Fire|p2a: Average Redditor\n|-activate|p2a: Average Redditor|move: Protect\n|\n|-heal|p2a: Average Redditor|44\/100 tox|[from] ability: Poison Heal\n|upkeep\n|turn|27\n|\n|t:|1699736831\n|switch|p2a: Trebuchet|Dragapult, M, tera:Ghost|71\/100\n|-damage|p2a: Trebuchet|59\/100|[from] Stealth Rock\n|move|p1a: Cupid|Mystical Fire|p2a: Trebuchet\n|-crit|p2a: Trebuchet\n|-damage|p2a: Trebuchet|0 fnt\n|faint|p2a: Trebuchet\n|\n|upkeep\n|\n|t:|1699736834\n|switch|p2a: Average Redditor|Gliscor, F|44\/100 tox\n|-damage|p2a: Average Redditor|32\/100 tox|[from] Stealth Rock\n|turn|28\n|\n|t:|1699736839\n|move|p2a: Average Redditor|Protect|p2a: Average Redditor\n|-singleturn|p2a: Average Redditor|Protect\n|move|p1a: Cupid|Mystical Fire|p2a: Average Redditor\n|-activate|p2a: Average Redditor|move: Protect\n|\n|-heal|p2a: Average Redditor|44\/100 tox|[from] ability: Poison Heal\n|upkeep\n|turn|29\n|\n|t:|1699736845\n|move|p1a: Cupid|Mystical Fire|p2a: Average Redditor\n|-damage|p2a: Average Redditor|0 fnt\n|faint|p2a: Average Redditor\n|\n|win|Puuni\n|raw|Puuni's rating: 1094 &rarr; <strong>1120<\/strong><br \/>(+26 for winning)\n|raw|Tsamz's rating: 1102 &rarr; <strong>1076<\/strong><br \/>(-26 for losing)\n|l|\u2606Tsamz\n","uploadtime":1699736850,"views":10,"p1id":"puuni","p2id":"tsamz","formatid":"gen9ou","rating":1076,"private":0,"password":""}