{"id":"gen9ou-1988520520","p1":"ArchBaka","p2":"H4ZZMAT","format":"[Gen 9] OU","log":"|j|\u2606ArchBaka\n|j|\u2606H4ZZMAT\n|t:|1699731755\n|gametype|singles\n|player|p1|ArchBaka|misty|\n|player|p2|H4ZZMAT|striker|\n|teamsize|p1|6\n|teamsize|p2|6\n|gen|9\n|tier|[Gen 9] OU\n|rule|Sleep Clause Mod: Limit one foe put to sleep\n|rule|Species Clause: Limit one of each Pok\u00e9mon\n|rule|OHKO Clause: OHKO moves are banned\n|rule|Evasion Items Clause: Evasion items are banned\n|rule|Evasion Moves Clause: Evasion moves are banned\n|rule|Endless Battle Clause: Forcing endless battles is banned\n|rule|HP Percentage Mod: HP is shown in percentages\n|clearpoke\n|poke|p1|Cloyster, F|\n|poke|p1|Zarude-Dada|\n|poke|p1|Blissey, F|\n|poke|p1|Greninja-*, M|\n|poke|p1|Gallade, M|\n|poke|p1|Cinderace, F|\n|poke|p2|Slowbro, M|\n|poke|p2|Iron Hands|\n|poke|p2|Pelipper, F|\n|poke|p2|Heatran, F|\n|poke|p2|Gholdengo|\n|poke|p2|Slowking-Galar, F|\n|teampreview\n|j| Col Spiffington\n|\n|t:|1699731863\n|start\n|switch|p1a: Madoka|Blissey, F, shiny|100\/100\n|switch|p2a: Cheesy Bastrad|Gholdengo|100\/100\n|turn|1\n|\n|t:|1699731885\n|move|p2a: Cheesy Bastrad|Thunder|p1a: Madoka\n|-damage|p1a: Madoka|88\/100\n|move|p1a: Madoka|Stealth Rock|p2a: Cheesy Bastrad\n|-sidestart|p2: H4ZZMAT|move: Stealth Rock\n|\n|upkeep\n|turn|2\n|\n|t:|1699731898\n|move|p2a: Cheesy Bastrad|Power Gem|p1a: Madoka\n|-damage|p1a: Madoka|80\/100\n|move|p1a: Madoka|Light Screen|p1a: Madoka\n|-sidestart|p1: ArchBaka|move: Light Screen\n|\n|upkeep\n|turn|3\n|j| Karpsy\n|\n|t:|1699731945\n|switch|p2a: Slow Bastrad|Slowbro, M, shiny|100\/100\n|-damage|p2a: Slow Bastrad|88\/100|[from] Stealth Rock\n|switch|p1a: Soccer Player|Cinderace, F, shiny|100\/100\n|\n|-heal|p2a: Slow Bastrad|94\/100|[from] item: Leftovers\n|upkeep\n|turn|4\n|\n|t:|1699731961\n|move|p1a: Soccer Player|Sucker Punch|p2a: Slow Bastrad\n|-start|p1a: Soccer Player|typechange|Dark|[from] ability: Libero\n|-supereffective|p2a: Slow Bastrad\n|-damage|p2a: Slow Bastrad|35\/100\n|move|p2a: Slow Bastrad|Hydro Pump|p1a: Soccer Player\n|-damage|p1a: Soccer Player|74\/100\n|\n|-heal|p2a: Slow Bastrad|41\/100|[from] item: Leftovers\n|upkeep\n|turn|5\n|\n|t:|1699731990\n|switch|p2a: Cheesy Bastrad|Gholdengo|100\/100\n|-damage|p2a: Cheesy Bastrad|94\/100|[from] Stealth Rock\n|move|p1a: Soccer Player|Sucker Punch||[still]\n|-fail|p1a: Soccer Player\n|\n|upkeep\n|turn|6\n|\n|t:|1699732010\n|move|p1a: Soccer Player|Pyro Ball|p2a: Cheesy Bastrad|[miss]\n|-miss|p1a: Soccer Player|p2a: Cheesy Bastrad\n|move|p2a: Cheesy Bastrad|Power Gem|p1a: Soccer Player\n|-damage|p1a: Soccer Player|52\/100\n|\n|-sideend|p1: ArchBaka|move: Light Screen\n|upkeep\n|turn|7\n|\n|t:|1699732031\n|switch|p2a: Slow Bastrad|Slowbro, M, shiny|74\/100\n|-damage|p2a: Slow Bastrad|62\/100|[from] Stealth Rock\n|move|p1a: Soccer Player|Pyro Ball|p2a: Slow Bastrad\n|-resisted|p2a: Slow Bastrad\n|-damage|p2a: Slow Bastrad|47\/100\n|\n|-heal|p2a: Slow Bastrad|54\/100|[from] item: Leftovers\n|upkeep\n|turn|8\n|\n|t:|1699732040\n|move|p1a: Soccer Player|Sucker Punch|p2a: Slow Bastrad\n|-supereffective|p2a: Slow Bastrad\n|-damage|p2a: Slow Bastrad|3\/100\n|move|p2a: Slow Bastrad|Body Press|p1a: Soccer Player\n|-supereffective|p1a: Soccer Player\n|-damage|p1a: Soccer Player|0 fnt\n|faint|p1a: Soccer Player\n|\n|-heal|p2a: Slow Bastrad|9\/100|[from] item: Leftovers\n|upkeep\n|\n|t:|1699732050\n|switch|p1a: Mikasa Ackerman|Greninja, M|100\/100\n|turn|9\n|\n|t:|1699732061\n|move|p1a: Mikasa Ackerman|Grass Knot|p2a: Slow Bastrad\n|-supereffective|p2a: Slow Bastrad\n|-damage|p2a: Slow Bastrad|0 fnt\n|faint|p2a: Slow Bastrad\n|-ability|p1a: Mikasa Ackerman|Battle Bond|boost\n|-boost|p1a: Mikasa Ackerman|atk|1\n|-boost|p1a: Mikasa Ackerman|spa|1\n|-boost|p1a: Mikasa Ackerman|spe|1\n|-activate|p1a: Mikasa Ackerman|ability: Battle Bond\n|\n|upkeep\n|\n|t:|1699732080\n|switch|p2a: Cheesy Bastrad|Gholdengo|94\/100\n|-damage|p2a: Cheesy Bastrad|88\/100|[from] Stealth Rock\n|turn|10\n|\n|t:|1699732090\n|move|p1a: Mikasa Ackerman|Dark Pulse|p2a: Cheesy Bastrad\n|-supereffective|p2a: Cheesy Bastrad\n|-damage|p2a: Cheesy Bastrad|0 fnt\n|faint|p2a: Cheesy Bastrad\n|\n|upkeep\n|\n|t:|1699732102\n|switch|p2a: Gobby Bastrad|Pelipper, F, shiny|100\/100\n|-damage|p2a: Gobby Bastrad|76\/100|[from] Stealth Rock\n|-weather|RainDance|[from] ability: Drizzle|[of] p2a: Gobby Bastrad\n|turn|11\n|\n|t:|1699732126\n|move|p1a: Mikasa Ackerman|Dark Pulse|p2a: Gobby Bastrad\n|-damage|p2a: Gobby Bastrad|7\/100\n|cant|p2a: Gobby Bastrad|flinch\n|\n|-weather|RainDance|[upkeep]\n|upkeep\n|turn|12\n|\n|t:|1699732135\n|move|p1a: Mikasa Ackerman|Water Shuriken|p2a: Gobby Bastrad\n|-resisted|p2a: Gobby Bastrad\n|-damage|p2a: Gobby Bastrad|0 fnt\n|faint|p2a: Gobby Bastrad\n|-hitcount|p2: Gobby Bastrad|1\n|\n|-weather|RainDance|[upkeep]\n|upkeep\n|\n|t:|1699732144\n|switch|p2a: King Bastrad|Slowking-Galar, F, shiny|100\/100\n|-damage|p2a: King Bastrad|88\/100|[from] Stealth Rock\n|turn|13\n|\n|t:|1699732156\n|move|p1a: Mikasa Ackerman|Dark Pulse|p2a: King Bastrad\n|-supereffective|p2a: King Bastrad\n|-damage|p2a: King Bastrad|29\/100\n|move|p2a: King Bastrad|Flamethrower|p1a: Mikasa Ackerman\n|-resisted|p1a: Mikasa Ackerman\n|-damage|p1a: Mikasa Ackerman|91\/100\n|\n|-weather|RainDance|[upkeep]\n|-heal|p2a: King Bastrad|35\/100|[from] item: Leftovers\n|upkeep\n|turn|14\n|\n|t:|1699732178\n|move|p1a: Mikasa Ackerman|Dark Pulse|p2a: King Bastrad\n|-supereffective|p2a: King Bastrad\n|-damage|p2a: King Bastrad|0 fnt\n|faint|p2a: King Bastrad\n|\n|-weather|RainDance|[upkeep]\n|upkeep\n|\n|t:|1699732185\n|switch|p2a: Liquid Hot Bastrad|Heatran, F|100\/100\n|-damage|p2a: Liquid Hot Bastrad|88\/100|[from] Stealth Rock\n|turn|15\n|\n|t:|1699732192\n|move|p1a: Mikasa Ackerman|Water Shuriken|p2a: Liquid Hot Bastrad\n|-supereffective|p2a: Liquid Hot Bastrad\n|-damage|p2a: Liquid Hot Bastrad|60\/100\n|-supereffective|p2a: Liquid Hot Bastrad\n|-damage|p2a: Liquid Hot Bastrad|28\/100\n|-supereffective|p2a: Liquid Hot Bastrad\n|-damage|p2a: Liquid Hot Bastrad|0 fnt\n|faint|p2a: Liquid Hot Bastrad\n|-hitcount|p2: Liquid Hot Bastrad|3\n|\n|-weather|none\n|upkeep\n|\n|t:|1699732201\n|switch|p2a: Big Bastrad|Iron Hands|100\/100\n|-damage|p2a: Big Bastrad|94\/100|[from] Stealth Rock\n|turn|16\n|\n|t:|1699732219\n|-terastallize|p2a: Big Bastrad|Ground\n|move|p1a: Mikasa Ackerman|Water Shuriken|p2a: Big Bastrad\n|-supereffective|p2a: Big Bastrad\n|-damage|p2a: Big Bastrad|77\/100\n|-supereffective|p2a: Big Bastrad\n|-damage|p2a: Big Bastrad|58\/100\n|-supereffective|p2a: Big Bastrad\n|-damage|p2a: Big Bastrad|41\/100\n|-supereffective|p2a: Big Bastrad\n|-damage|p2a: Big Bastrad|22\/100\n|-hitcount|p2a: Big Bastrad|4\n|move|p2a: Big Bastrad|Brick Break|p1a: Mikasa Ackerman\n|-supereffective|p1a: Mikasa Ackerman\n|-damage|p1a: Mikasa Ackerman|0 fnt\n|faint|p1a: Mikasa Ackerman\n|\n|-heal|p2a: Big Bastrad|28\/100|[from] item: Leftovers\n|upkeep\n|\n|t:|1699732234\n|switch|p1a: Cloyster|Cloyster, F, shiny|100\/100\n|turn|17\n|\n|t:|1699732264\n|move|p1a: Cloyster|Liquidation|p2a: Big Bastrad\n|-supereffective|p2a: Big Bastrad\n|-damage|p2a: Big Bastrad|0 fnt\n|faint|p2a: Big Bastrad\n|-end|p2a: Big Bastrad|Quark Drive|[silent]\n|\n|win|ArchBaka\n|l|\u2606H4ZZMAT\n","uploadtime":1699732320,"views":22,"p1id":"archbaka","p2id":"h4zzmat","formatid":"gen9ou","rating":0,"private":0,"password":""}