{"id":"gen9ou-1996350136","p1":"N-Zoroark stan","p2":"gala is grindin","format":"[Gen 9] OU","log":"|j|\u2606N-Zoroark stan\n|j|\u2606gala is grindin\n|t:|1700673671\n|gametype|singles\n|player|p1|N-Zoroark stan|riley|1754\n|player|p2|gala is grindin|burglar-gen1|1752\n|teamsize|p1|6\n|teamsize|p2|6\n|gen|9\n|tier|[Gen 9] OU\n|rated|\n|rule|Sleep Clause Mod: Limit one foe put to sleep\n|rule|Species Clause: Limit one of each Pok\u00e9mon\n|rule|OHKO Clause: OHKO moves are banned\n|rule|Evasion Items Clause: Evasion items are banned\n|rule|Evasion Moves Clause: Evasion moves are banned\n|rule|Endless Battle Clause: Forcing endless battles is banned\n|rule|HP Percentage Mod: HP is shown in percentages\n|clearpoke\n|poke|p1|Alomomola, F|\n|poke|p1|Slowking-Galar, M|\n|poke|p1|Zoroark-Hisui, F|\n|poke|p1|Corviknight, M|\n|poke|p1|Ting-Lu|\n|poke|p1|Dragonite, M|\n|poke|p2|Torkoal, M|\n|poke|p2|Walking Wake|\n|poke|p2|Zamazenta-*|\n|poke|p2|Iron Valiant|\n|poke|p2|Kingambit, F|\n|poke|p2|Great Tusk|\n|teampreview\n|inactive|Battle timer is ON: inactive players will automatically lose when time's up. (requested by N-Zoroark stan)\n|c|\u2606N-Zoroark stan|glhf\n|c|\u2606gala is grindin|u2\n|\n|t:|1700673686\n|start\n|switch|p1a: Slowking|Slowking-Galar, M|100\/100\n|switch|p2a: Torkoal|Torkoal, M|100\/100\n|-weather|SunnyDay|[from] ability: Drought|[of] p2a: Torkoal\n|turn|1\n|j| FULKU\n|inactive|gala is grindin has 120 seconds left.\n|j| Ldn awqs\n|\n|t:|1700673741\n|move|p1a: Slowking|Shadow Ball|p2a: Torkoal\n|-damage|p2a: Torkoal|63\/100\n|move|p2a: Torkoal|Stealth Rock|p1a: Slowking\n|-sidestart|p1: N-Zoroark stan|move: Stealth Rock\n|\n|-weather|SunnyDay|[upkeep]\n|upkeep\n|turn|2\n|\n|t:|1700673748\n|move|p1a: Slowking|Shadow Ball|p2a: Torkoal\n|-damage|p2a: Torkoal|23\/100\n|-unboost|p2a: Torkoal|spd|1\n|-enditem|p2a: Torkoal|Eject Pack\n|c|\u2606gala is grindin|lmao\n|c|\u2606gala is grindin|imagine\n|c|\u2606gala is grindin|having overheat\n|c|\u2606gala is grindin|meh\n|c|\u2606gala is grindin|we start with the nonsense\n|inactive|gala is grindin has 90 seconds left.\n|c|\u2606gala is grindin|what do i fkn do now\n|\n|t:|1700673778\n|switch|p2a: Iron Valiant|Iron Valiant|100\/100\n|-enditem|p2a: Iron Valiant|Booster Energy\n|-activate|p2a: Iron Valiant|ability: Quark Drive|[fromitem]\n|-start|p2a: Iron Valiant|quarkdrivespe\n|\n|-weather|SunnyDay|[upkeep]\n|upkeep\n|turn|3\n|inactive|gala is grindin has 90 seconds left.\n|\n|t:|1700673792\n|switch|p1a: Slowking|Slowking-Galar, M|100\/100\n|-damage|p1a: Slowking|88\/100|[from] Stealth Rock\n|move|p2a: Iron Valiant|Moonblast|p1a: Slowking\n|-resisted|p1a: Slowking\n|-damage|p1a: Slowking|70\/100\n|-unboost|p1a: Slowking|spa|1\n|\n|-weather|SunnyDay|[upkeep]\n|-heal|p1a: Slowking|76\/100|[from] item: Leftovers\n|upkeep\n|turn|4\n|inactive|gala is grindin has 90 seconds left.\n|j| Legate Landorus\n|\n|t:|1700673813\n|move|p2a: Iron Valiant|Destiny Bond|p2a: Iron Valiant\n|-singlemove|p2a: Iron Valiant|Destiny Bond\n|move|p1a: Slowking|Chilly Reception|p1a: Slowking\n|-weather|Snow\n|\n|t:|1700673820\n|switch|p1a: Corviknight|Corviknight, M|100\/100|[from] Chilly Reception\n|-damage|p1a: Corviknight|88\/100|[from] Stealth Rock\n|-ability|p1a: Corviknight|Pressure\n|\n|-weather|Snow|[upkeep]\n|upkeep\n|turn|5\n|c|\u2606gala is grindin|lost turn 1 my goodness\n|c|\u2606gala is grindin|bg\n|inactive|gala is grindin has 90 seconds left.\n|\n|t:|1700673829\n|move|p2a: Iron Valiant|Focus Blast|p1a: Corviknight|[miss]\n|-miss|p2a: Iron Valiant|p1a: Corviknight\n|move|p1a: Corviknight|Defog|p2a: Iron Valiant\n|-unboost|p2a: Iron Valiant|evasion|1\n|-sideend|p1: N-Zoroark stan|Stealth Rock|[from] move: Defog|[of] p1a: Corviknight\n|\n|-weather|Snow|[upkeep]\n|upkeep\n|turn|6\n|\n|t:|1700673834\n|switch|p1a: Slowking|Slowking-Galar, M|100\/100\n|move|p2a: Iron Valiant|Focus Blast|p1a: Slowking|[miss]\n|-miss|p2a: Iron Valiant|p1a: Slowking\n|\n|-weather|Snow|[upkeep]\n|upkeep\n|turn|7\n|\n|t:|1700673843\n|move|p2a: Iron Valiant|Destiny Bond|p2a: Iron Valiant\n|-singlemove|p2a: Iron Valiant|Destiny Bond\n|move|p1a: Slowking|Future Sight|p2a: Iron Valiant\n|-start|p1a: Slowking|move: Future Sight\n|\n|-weather|Snow|[upkeep]\n|upkeep\n|turn|8\n|\n|t:|1700673848\n|-end|p2a: Iron Valiant|Quark Drive|[silent]\n|switch|p2a: Torkoal|Torkoal, M|23\/100\n|-weather|SunnyDay|[from] ability: Drought|[of] p2a: Torkoal\n|move|p1a: Slowking|Chilly Reception|p1a: Slowking\n|-weather|Snow\n|\n|t:|1700673853\n|switch|p1a: Slowking|Slowking-Galar, M|100\/100|[from] Chilly Reception\n|\n|-weather|Snow|[upkeep]\n|upkeep\n|turn|9\n|inactive|gala is grindin has 120 seconds left.\n|\n|t:|1700673859\n|switch|p2a: Kingambit|Kingambit, F|100\/100\n|-item|p2a: Kingambit|Air Balloon\n|move|p1a: Slowking|Focus Blast|p2a: Kingambit\n|-supereffective|p2a: Kingambit\n|-damage|p2a: Kingambit|0 fnt\n|-enditem|p2a: Kingambit|Air Balloon\n|faint|p2a: Kingambit\n|-end|p2a: Kingambit|fallenundefined|[silent]\n|\n|-weather|Snow|[upkeep]\n|-hint|Future Sight did not hit because the target is fainted.\n|upkeep\n|\n|t:|1700673863\n|switch|p2a: Torkoal|Torkoal, M|23\/100\n|-weather|SunnyDay|[from] ability: Drought|[of] p2a: Torkoal\n|turn|10\n|\n|t:|1700673870\n|move|p1a: Slowking|Shadow Ball|p2a: Torkoal\n|-damage|p2a: Torkoal|0 fnt\n|faint|p2a: Torkoal\n|\n|-weather|SunnyDay|[upkeep]\n|upkeep\n|\n|t:|1700673872\n|switch|p2a: Walking Wake|Walking Wake|100\/100\n|-activate|p2a: Walking Wake|ability: Protosynthesis\n|-start|p2a: Walking Wake|protosynthesisspa\n|turn|11\n|\n|t:|1700673881\n|move|p1a: Slowking|U-turn|p2a: Walking Wake\n|-damage|p2a: Walking Wake|86\/100\n|\n|t:|1700673883\n|switch|p1a: Alomomola|Alomomola, F|100\/100|[from] U-turn\n|move|p2a: Walking Wake|Hydro Steam|p1a: Alomomola\n|-resisted|p1a: Alomomola\n|-damage|p1a: Alomomola|17\/100\n|-enditem|p1a: Alomomola|Red Card|[of] p2a: Walking Wake\n|-end|p2a: Walking Wake|Protosynthesis|[silent]\n|drag|p2a: Zamazenta|Zamazenta, shiny|100\/100\n|-ability|p2a: Zamazenta|Dauntless Shield|boost\n|-boost|p2a: Zamazenta|def|1\n|\n|-weather|SunnyDay|[upkeep]\n|upkeep\n|turn|12\n|\n|t:|1700673890\n|switch|p1a: Slowking|Slowking-Galar, M|100\/100\n|move|p2a: Zamazenta|Substitute|p2a: Zamazenta\n|-start|p2a: Zamazenta|Substitute\n|-damage|p2a: Zamazenta|76\/100\n|\n|-weather|SunnyDay|[upkeep]\n|-heal|p2a: Zamazenta|82\/100|[from] item: Leftovers\n|upkeep\n|turn|13\n|\n|t:|1700673895\n|move|p2a: Zamazenta|Iron Defense|p2a: Zamazenta\n|-boost|p2a: Zamazenta|def|2\n|move|p1a: Slowking|Future Sight|p2a: Zamazenta\n|-start|p1a: Slowking|move: Future Sight\n|\n|-weather|SunnyDay|[upkeep]\n|-heal|p2a: Zamazenta|88\/100|[from] item: Leftovers\n|upkeep\n|turn|14\n|\n|t:|1700673898\n|move|p2a: Zamazenta|Crunch|p1a: Slowking\n|-supereffective|p1a: Slowking\n|-damage|p1a: Slowking|62\/100\n|move|p1a: Slowking|Sludge Bomb|p2a: Zamazenta\n|-end|p2a: Zamazenta|Substitute\n|\n|-weather|none\n|-heal|p2a: Zamazenta|94\/100|[from] item: Leftovers\n|-heal|p1a: Slowking|69\/100|[from] item: Leftovers\n|upkeep\n|turn|15\n|j| qiuw\n|\n|t:|1700673906\n|-terastallize|p2a: Zamazenta|Fire\n|move|p2a: Zamazenta|Substitute|p2a: Zamazenta\n|-start|p2a: Zamazenta|Substitute\n|-damage|p2a: Zamazenta|69\/100\n|move|p1a: Slowking|Sludge Bomb|p2a: Zamazenta\n|-end|p2a: Zamazenta|Substitute\n|\n|-end|p2a: Zamazenta|move: Future Sight\n|-damage|p2a: Zamazenta|25\/100\n|-heal|p2a: Zamazenta|32\/100|[from] item: Leftovers\n|-heal|p1a: Slowking|75\/100|[from] item: Leftovers\n|upkeep\n|turn|16\n|\n|t:|1700673911\n|move|p2a: Zamazenta|Crunch|p1a: Slowking\n|-supereffective|p1a: Slowking\n|-damage|p1a: Slowking|32\/100\n|move|p1a: Slowking|Sludge Bomb|p2a: Zamazenta\n|-damage|p2a: Zamazenta|0 fnt\n|faint|p2a: Zamazenta\n|\n|-heal|p1a: Slowking|38\/100|[from] item: Leftovers\n|upkeep\n|c| Legate Landorus|gala walked under a hallway of ladders and black cats before queueing this game up oh my lord\n|c|\u2606gala is grindin|ye\n|c|\u2606gala is grindin|its nonsense tbh\n|c|\u2606gala is grindin|literally\n|c|\u2606N-Zoroark stan|bruh I got one spdef drop\n|c|\u2606gala is grindin|i may be lamenting but\n|c|\u2606gala is grindin|bro\n|c|\u2606gala is grindin|have you every played mons?\n|inactive|gala is grindin has 120 seconds left.\n|c|\u2606gala is grindin|do you know what would0ve happened\n|c|\u2606gala is grindin|if i didnt get that stupid ass drop\n|c| Legate Landorus|it's the spdef drop on the pack and double focus dodges that made me hurt\n|c|\u2606gala is grindin|overheat into specs modest wake\n|j| Jan7498\n|c|\u2606gala is grindin|against abalnced\n|l| Ldn awqs\n|c|\u2606gala is grindin|then fblast miss 2hko on corvi\n|inactive|gala is grindin has 90 seconds left.\n|c|\u2606gala is grindin|bro wtf are u even saying\n|c| Legate Landorus|but it is 'mons and it happens\n|c|\u2606gala is grindin|stfu at least\n|c|\u2606gala is grindin|ye but im on a 100 pts b2b los\n|c|\u2606gala is grindin|tilting cause of para haxing or this\n|\n|t:|1700673990\n|switch|p2a: Great Tusk|Great Tusk|100\/100\n|-enditem|p2a: Great Tusk|Booster Energy\n|-activate|p2a: Great Tusk|ability: Protosynthesis|[fromitem]\n|-start|p2a: Great Tusk|protosynthesisspe\n|turn|17\n|c|\u2606N-Zoroark stan|I still just got one 20% chance don't be so heated about it\n|c|\u2606gala is grindin|look now\n|l| Jan7498\n|c|\u2606gala is grindin|go corvi\n|j| Arkhenys\n|c|\u2606gala is grindin|which woud be 25 percent now\n|c|\u2606gala is grindin|im sleep\n|j| Dad hoarder\n|c|\u2606gala is grindin|stfu for real\n|inactive|N-Zoroark stan has 120 seconds left.\n|\n|t:|1700674024\n|switch|p1a: Corviknight|Corviknight, M|88\/100\n|-ability|p1a: Corviknight|Pressure\n|move|p2a: Great Tusk|Bulk Up|p2a: Great Tusk\n|-boost|p2a: Great Tusk|atk|1\n|-boost|p2a: Great Tusk|def|1\n|\n|upkeep\n|turn|18\n|c|\u2606gala is grindin|ye\n|c|\u2606gala is grindin|lmao\n|c|\u2606N-Zoroark stan|?\n|\n|t:|1700674035\n|move|p2a: Great Tusk|Bulk Up|p2a: Great Tusk\n|-boost|p2a: Great Tusk|atk|1\n|-boost|p2a: Great Tusk|def|1\n|move|p1a: Corviknight|U-turn|p2a: Great Tusk\n|-resisted|p2a: Great Tusk\n|-damage|p2a: Great Tusk|98\/100\n|c|\u2606N-Zoroark stan|still my best play\n|\n|t:|1700674041\n|switch|p1a: Ting-Lu|Ting-Lu|100\/100|[from] U-turn\n|-ability|p1a: Ting-Lu|Vessel of Ruin\n|\n|upkeep\n|turn|19\n|c|\u2606gala is grindin|and you know why its ur best play?\n|c|\u2606gala is grindin|lemme see if you can arrve to it alone\n|inactive|gala is grindin has 60 seconds left.\n|\n|t:|1700674071\n|-terastallize|p1a: Ting-Lu|Poison\n|move|p2a: Great Tusk|Ice Spinner|p1a: Ting-Lu\n|-damage|p1a: Ting-Lu|73\/100\n|move|p1a: Ting-Lu|Whirlwind|p2a: Great Tusk\n|-end|p2a: Great Tusk|Protosynthesis|[silent]\n|drag|p2a: Walking Wake|Walking Wake|86\/100\n|\n|-heal|p1a: Ting-Lu|79\/100|[from] item: Leftovers\n|upkeep\n|turn|20\n|inactive|gala is grindin has 60 seconds left.\n|\n|t:|1700674087\n|move|p2a: Walking Wake|Draco Meteor|p1a: Ting-Lu\n|-damage|p1a: Ting-Lu|37\/100\n|-unboost|p2a: Walking Wake|spa|2\n|move|p1a: Ting-Lu|Earthquake|p2a: Walking Wake\n|-damage|p2a: Walking Wake|44\/100\n|\n|-heal|p1a: Ting-Lu|43\/100|[from] item: Leftovers\n|upkeep\n|turn|21\n|\n|t:|1700674095\n|-end|p2a: Walking Wake|Protosynthesis|[silent]\n|switch|p2a: Great Tusk|Great Tusk|98\/100\n|move|p1a: Ting-Lu|Ruination|p2a: Great Tusk\n|-damage|p2a: Great Tusk|49\/100\n|\n|-heal|p1a: Ting-Lu|49\/100|[from] item: Leftovers\n|upkeep\n|turn|22\n|\n|t:|1700674101\n|switch|p1a: Corviknight|Corviknight, M|88\/100\n|-ability|p1a: Corviknight|Pressure\n|move|p2a: Great Tusk|Bulk Up|p2a: Great Tusk\n|-boost|p2a: Great Tusk|atk|1\n|-boost|p2a: Great Tusk|def|1\n|\n|upkeep\n|turn|23\n|\n|t:|1700674107\n|move|p2a: Great Tusk|Ice Spinner|p1a: Corviknight\n|-damage|p1a: Corviknight|67\/100\n|-damage|p2a: Great Tusk|33\/100|[from] item: Rocky Helmet|[of] p1a: Corviknight\n|move|p1a: Corviknight|U-turn|p2a: Great Tusk\n|-resisted|p2a: Great Tusk\n|-damage|p2a: Great Tusk|30\/100\n|\n|t:|1700674110\n|switch|p1a: Alomomola|Alomomola, F|100\/100|[from] U-turn\n|\n|upkeep\n|turn|24\n|inactive|gala is grindin has 90 seconds left.\n|c|\u2606gala is grindin|gotta drop pts to some random 71 gxe guy\n|c|\u2606gala is grindin|im sleep\n|\n|t:|1700674136\n|move|p1a: Alomomola|Shadow Ball|p2a: Great Tusk\n|-damage|p2a: Great Tusk|0 fnt\n|faint|p2a: Great Tusk\n|-end|p2a: Great Tusk|Protosynthesis|[silent]\n|\n|upkeep\n|\n|t:|1700674140\n|switch|p2a: Iron Valiant|Iron Valiant|100\/100\n|turn|25\n|\n|t:|1700674146\n|switch|p1a: Slowking|Slowking-Galar, M|71\/100\n|move|p2a: Iron Valiant|Moonblast|p1a: Slowking\n|-resisted|p1a: Slowking\n|-damage|p1a: Slowking|54\/100\n|-unboost|p1a: Slowking|spa|1\n|\n|-heal|p1a: Slowking|60\/100|[from] item: Leftovers\n|upkeep\n|turn|26\n|\n|t:|1700674150\n|move|p2a: Iron Valiant|Psyshock|p1a: Slowking\n|-damage|p1a: Slowking|41\/100\n|move|p1a: Slowking|Future Sight|p2a: Iron Valiant\n|-start|p1a: Slowking|move: Future Sight\n|\n|-heal|p1a: Slowking|47\/100|[from] item: Leftovers\n|upkeep\n|turn|27\n|\n|t:|1700674155\n|move|p2a: Iron Valiant|Psyshock|p1a: Slowking\n|-damage|p1a: Slowking|28\/100\n|move|p1a: Slowking|Chilly Reception|p1a: Slowking\n|-weather|Snow\n|\n|t:|1700674162\n|switch|p1a: Ting-Lu|Ting-Lu, tera:Poison|49\/100|[from] Chilly Reception\n|-ability|p1a: Ting-Lu|Vessel of Ruin\n|\n|-weather|Snow|[upkeep]\n|-heal|p1a: Ting-Lu|56\/100|[from] item: Leftovers\n|upkeep\n|turn|28\n|\n|t:|1700674167\n|move|p2a: Iron Valiant|Psyshock|p1a: Ting-Lu\n|-supereffective|p1a: Ting-Lu\n|-damage|p1a: Ting-Lu|34\/100\n|move|p1a: Ting-Lu|Whirlwind|p2a: Iron Valiant\n|-end|p2a: Iron Valiant|Quark Drive|[silent]\n|drag|p2a: Walking Wake|Walking Wake|44\/100\n|\n|-weather|Snow|[upkeep]\n|-end|p2a: Walking Wake|move: Future Sight\n|-crit|p2a: Walking Wake\n|-damage|p2a: Walking Wake|0 fnt\n|faint|p2a: Walking Wake\n|-end|p2a: Walking Wake|Protosynthesis|[silent]\n|-heal|p1a: Ting-Lu|40\/100|[from] item: Leftovers\n|upkeep\n|j| Modachi\n|\n|t:|1700674172\n|switch|p2a: Iron Valiant|Iron Valiant|100\/100\n|turn|29\n|\n|t:|1700674183\n|switch|p1a: Corviknight|Corviknight, M|67\/100\n|-ability|p1a: Corviknight|Pressure\n|move|p2a: Iron Valiant|Psyshock|p1a: Corviknight\n|-resisted|p1a: Corviknight\n|-damage|p1a: Corviknight|60\/100\n|\n|-weather|Snow|[upkeep]\n|upkeep\n|turn|30\n|\n|t:|1700674187\n|switch|p1a: Slowking|Slowking-Galar, M|61\/100\n|move|p2a: Iron Valiant|Focus Blast|p1a: Slowking|[miss]\n|-miss|p2a: Iron Valiant|p1a: Slowking\n|\n|-weather|Snow|[upkeep]\n|-heal|p1a: Slowking|67\/100|[from] item: Leftovers\n|upkeep\n|turn|31\n|c|\u2606gala is grindin|click the fkn move\n|\n|t:|1700674202\n|move|p2a: Iron Valiant|Destiny Bond|p2a: Iron Valiant\n|-singlemove|p2a: Iron Valiant|Destiny Bond\n|move|p1a: Slowking|Sludge Bomb|p2a: Iron Valiant\n|-supereffective|p2a: Iron Valiant\n|-damage|p2a: Iron Valiant|0 fnt\n|faint|p2a: Iron Valiant\n|-activate|p2a: Iron Valiant|move: Destiny Bond\n|-end|p2a: Iron Valiant|Quark Drive|[silent]\n|faint|p1a: Slowking\n|\n|win|N-Zoroark stan\n|raw|N-Zoroark stan's rating: 1754 &rarr; <strong>1774<\/strong><br \/>(+20 for winning)\n|raw|gala is grindin's rating: 1752 &rarr; <strong>1732<\/strong><br \/>(-20 for losing)\n|c|\u2606N-Zoroark stan|gg\n|c|\u2606gala is grindin|nonsense\n|l|\u2606gala is grindin\n|c| FULKU|someone is tilting\n|c| qiuw|lmao\n|c| FULKU|on an rng game\n|c| FULKU|lol\n|c|\u2606N-Zoroark stan|just a little\n|c| Legate Landorus|man got maybe a bit too mad even though that was some bad luck\n|c| FULKU|who tf plays focus blast valiant\n|c| FULKU|has focus blast ever hit?\n|c|\u2606N-Zoroark stan|I mean that drop was unlucky but bro pulled a lavos\n|c| FULKU|jjajajjajajaj\n|c| FULKU|true\n|c| Legate Landorus|unfortunate doesn't even begin to describe this single ladder match\n|l| FULKU\n","uploadtime":1700674218,"views":20,"p1id":"nzoroarkstan","p2id":"galaisgrindin","formatid":"gen9ou","rating":1732,"private":0,"password":""}