{"id":"gen9ou-1993464354","p1":"Blacki971","p2":"FloweryFocus","format":"[Gen 9] OU","log":"|j|\u2606Blacki971\n|j|\u2606FloweryFocus\n|t:|1700321106\n|gametype|singles\n|player|p1|Blacki971|hala|1301\n|player|p2|FloweryFocus|266|1323\n|teamsize|p1|6\n|teamsize|p2|6\n|gen|9\n|tier|[Gen 9] OU\n|rated|\n|rule|Sleep Clause Mod: Limit one foe put to sleep\n|rule|Species Clause: Limit one of each Pok\u00e9mon\n|rule|OHKO Clause: OHKO moves are banned\n|rule|Evasion Items Clause: Evasion items are banned\n|rule|Evasion Moves Clause: Evasion moves are banned\n|rule|Endless Battle Clause: Forcing endless battles is banned\n|rule|HP Percentage Mod: HP is shown in percentages\n|clearpoke\n|poke|p1|Toedscruel, M|\n|poke|p1|Grafaiai, F|\n|poke|p1|Glimmora, F|\n|poke|p1|Cramorant, M|\n|poke|p1|Kommo-o, M|\n|poke|p1|Azelf|\n|poke|p2|Ogerpon-Wellspring, F|\n|poke|p2|Zapdos|\n|poke|p2|Dragapult, F|\n|poke|p2|Scizor, M|\n|poke|p2|Slowking-Galar, F|\n|poke|p2|Great Tusk|\n|teampreview\n|inactive|Battle timer is ON: inactive players will automatically lose when time's up. (requested by Blacki971)\n|\n|t:|1700321120\n|start\n|switch|p1a: Glimmora|Glimmora, F|100\/100\n|switch|p2a: Scizor|Scizor, M|100\/100\n|turn|1\n|\n|t:|1700321131\n|move|p1a: Glimmora|Spiky Shield|p1a: Glimmora\n|-singleturn|p1a: Glimmora|move: Protect\n|move|p2a: Scizor|Bullet Punch|p1a: Glimmora\n|-activate|p1a: Glimmora|move: Protect\n|-damage|p2a: Scizor|88\/100|[from] Spiky Shield|[of] p1a: Glimmora\n|\n|upkeep\n|turn|2\n|\n|t:|1700321139\n|switch|p1a: Cramorant|Cramorant, M|100\/100\n|move|p2a: Scizor|Bullet Punch|p1a: Cramorant\n|-resisted|p1a: Cramorant\n|-damage|p1a: Cramorant|64\/100\n|-damage|p2a: Scizor|78\/100|[from] item: Life Orb\n|\n|upkeep\n|turn|3\n|\n|t:|1700321146\n|switch|p2a: Zapdos|Zapdos|100\/100\n|move|p1a: Cramorant|Surf|p2a: Zapdos\n|-formechange|p1a: Cramorant|Cramorant-Gulping|\n|-damage|p2a: Zapdos|74\/100\n|\n|upkeep\n|turn|4\n|\n|t:|1700321152\n|switch|p1a: Glimmora|Glimmora, F|100\/100\n|move|p2a: Zapdos|Volt Switch|p1a: Glimmora\n|-crit|p1a: Glimmora\n|-damage|p1a: Glimmora|63\/100\n|\n|t:|1700321157\n|switch|p2a: Scizor|Scizor, M|78\/100|[from] Volt Switch\n|\n|-heal|p1a: Glimmora|69\/100|[from] item: Leftovers\n|upkeep\n|turn|5\n|\n|t:|1700321159\n|move|p1a: Glimmora|Spiky Shield|p1a: Glimmora\n|-singleturn|p1a: Glimmora|move: Protect\n|move|p2a: Scizor|Swords Dance|p2a: Scizor\n|-boost|p2a: Scizor|atk|2\n|\n|-heal|p1a: Glimmora|76\/100|[from] item: Leftovers\n|upkeep\n|turn|6\n|\n|t:|1700321174\n|move|p2a: Scizor|Bullet Punch|p1a: Glimmora\n|-supereffective|p1a: Glimmora\n|-damage|p1a: Glimmora|0 fnt\n|-activate|p1a: Glimmora|ability: Toxic Debris\n|-sidestart|p2: FloweryFocus|move: Toxic Spikes\n|faint|p1a: Glimmora\n|-damage|p2a: Scizor|68\/100|[from] item: Life Orb\n|\n|upkeep\n|\n|t:|1700321176\n|switch|p1a: Cramorant|Cramorant, M|64\/100\n|turn|7\n|\n|t:|1700321184\n|switch|p2a: Zapdos|Zapdos|74\/100\n|move|p1a: Cramorant|Surf|p2a: Zapdos\n|-formechange|p1a: Cramorant|Cramorant-Gulping|\n|-damage|p2a: Zapdos|47\/100\n|\n|upkeep\n|turn|8\n|\n|t:|1700321188\n|switch|p1a: Toedscruel|Toedscruel, M|100\/100\n|move|p2a: Zapdos|Roost|p2a: Zapdos\n|-heal|p2a: Zapdos|97\/100\n|-singleturn|p2a: Zapdos|move: Roost\n|\n|upkeep\n|turn|9\n|\n|t:|1700321203\n|switch|p2a: Slowking|Slowking-Galar, F|100\/100\n|-sideend|p2: FloweryFocus|move: Toxic Spikes|[of] p2a: Slowking\n|move|p1a: Toedscruel|Toxic|p2a: Slowking|[miss]\n|-miss|p1a: Toedscruel|p2a: Slowking\n|\n|upkeep\n|turn|10\n|\n|t:|1700321211\n|move|p2a: Slowking|Future Sight|p1a: Toedscruel\n|-start|p2a: Slowking|move: Future Sight\n|move|p1a: Toedscruel|Spore|p2a: Slowking\n|-status|p2a: Slowking|slp|[from] move: Spore\n|\n|upkeep\n|turn|11\n|\n|t:|1700321216\n|cant|p2a: Slowking|slp\n|move|p1a: Toedscruel|Leech Seed|p2a: Slowking\n|-start|p2a: Slowking|move: Leech Seed\n|\n|-damage|p2a: Slowking|88\/100 slp|[from] Leech Seed|[of] p1a: Toedscruel\n|upkeep\n|turn|12\n|\n|t:|1700321222\n|switch|p1a: Azelf|Azelf|100\/100\n|switch|p2a: Dragapult|Dragapult, F|100\/100\n|\n|-end|p1a: Azelf|move: Future Sight\n|-resisted|p1a: Azelf\n|-damage|p1a: Azelf|61\/100\n|upkeep\n|turn|13\n|\n|t:|1700321237\n|switch|p1a: Toedscruel|Toedscruel, M|100\/100\n|move|p2a: Dragapult|U-turn|p1a: Toedscruel\n|-supereffective|p1a: Toedscruel\n|-damage|p1a: Toedscruel|57\/100\n|inactive|FloweryFocus has 120 seconds left.\n|\n|t:|1700321277\n|switch|p2a: Scizor|Scizor, M|68\/100|[from] U-turn\n|\n|-heal|p1a: Toedscruel|63\/100|[from] item: Leftovers\n|upkeep\n|turn|14\n|\n|t:|1700321283\n|move|p2a: Scizor|Bullet Punch|p1a: Toedscruel\n|-damage|p1a: Toedscruel|0 fnt\n|faint|p1a: Toedscruel\n|-damage|p2a: Scizor|59\/100|[from] item: Life Orb\n|\n|upkeep\n|\n|t:|1700321288\n|switch|p1a: Cramorant|Cramorant, M|64\/100\n|turn|15\n|\n|t:|1700321290\n|switch|p2a: Zapdos|Zapdos|97\/100\n|move|p1a: Cramorant|Roost|p1a: Cramorant\n|-heal|p1a: Cramorant|100\/100\n|-singleturn|p1a: Cramorant|move: Roost\n|\n|upkeep\n|turn|16\n|\n|t:|1700321294\n|switch|p1a: Azelf|Azelf|61\/100\n|move|p2a: Zapdos|Volt Switch|p1a: Azelf\n|-damage|p1a: Azelf|14\/100\n|\n|t:|1700321298\n|switch|p2a: Dragapult|Dragapult, F|100\/100|[from] Volt Switch\n|\n|upkeep\n|turn|17\n|\n|t:|1700321301\n|move|p1a: Azelf|Detect|p1a: Azelf\n|-singleturn|p1a: Azelf|Protect\n|move|p2a: Dragapult|U-turn|p1a: Azelf\n|-activate|p1a: Azelf|move: Protect\n|\n|upkeep\n|turn|18\n|\n|t:|1700321305\n|move|p2a: Dragapult|U-turn|p1a: Azelf\n|-supereffective|p1a: Azelf\n|-damage|p1a: Azelf|0 fnt\n|faint|p1a: Azelf\n|\n|t:|1700321319\n|switch|p2a: Zapdos|Zapdos|97\/100|[from] U-turn\n|\n|upkeep\n|\n|t:|1700321325\n|switch|p1a: Grafaiai|Grafaiai, F|100\/100\n|turn|19\n|\n|t:|1700321327\n|move|p1a: Grafaiai|Swagger|p2a: Zapdos\n|-boost|p2a: Zapdos|atk|2\n|-enditem|p1a: Grafaiai|Mirror Herb\n|-boost|p1a: Grafaiai|atk|2|[from] item: Mirror Herb\n|-start|p2a: Zapdos|confusion\n|-activate|p2a: Zapdos|confusion\n|move|p2a: Zapdos|Volt Switch|p1a: Grafaiai\n|-damage|p1a: Grafaiai|53\/100\n|\n|t:|1700321342\n|switch|p2a: Scizor|Scizor, M|59\/100|[from] Volt Switch\n|\n|upkeep\n|turn|20\n|\n|t:|1700321345\n|move|p2a: Scizor|Bullet Punch|p1a: Grafaiai\n|-damage|p1a: Grafaiai|0 fnt\n|faint|p1a: Grafaiai\n|-damage|p2a: Scizor|49\/100|[from] item: Life Orb\n|\n|upkeep\n|-message|Blacki971 forfeited.\n|\n|win|FloweryFocus\n|raw|Blacki971's rating: 1301 &rarr; <strong>1282<\/strong><br \/>(-19 for losing)\n|raw|FloweryFocus's rating: 1323 &rarr; <strong>1342<\/strong><br \/>(+19 for winning)\n|l|\u2606Blacki971\n","uploadtime":1700321355,"views":8,"p1id":"blacki971","p2id":"floweryfocus","formatid":"gen9ou","rating":1282,"private":0,"password":""}