{"id":"gen9ou-1988755882","p1":"Vapporeonn","p2":"grass knot zygarde","format":"[Gen 9] OU","log":"|j|\u2606Vapporeonn\n|j|\u2606grass knot zygarde\n|t:|1699759052\n|gametype|singles\n|player|p1|Vapporeonn|alec-anime|\n|player|p2|grass knot zygarde|dawn|\n|teamsize|p1|6\n|teamsize|p2|6\n|gen|9\n|tier|[Gen 9] OU\n|rule|Sleep Clause Mod: Limit one foe put to sleep\n|rule|Species Clause: Limit one of each Pok\u00e9mon\n|rule|OHKO Clause: OHKO moves are banned\n|rule|Evasion Items Clause: Evasion items are banned\n|rule|Evasion Moves Clause: Evasion moves are banned\n|rule|Endless Battle Clause: Forcing endless battles is banned\n|rule|HP Percentage Mod: HP is shown in percentages\n|clearpoke\n|poke|p1|Alomomola, M|\n|poke|p1|Heatran, M|\n|poke|p1|Gliscor, F|\n|poke|p1|Clefable, F|\n|poke|p1|Garchomp, M|\n|poke|p1|Corviknight, F|\n|poke|p2|Kingambit, M|\n|poke|p2|Gliscor, M|\n|poke|p2|Slowking-Galar, F|\n|poke|p2|Dragapult, M|\n|poke|p2|Zapdos|\n|poke|p2|Cinderace, F|\n|teampreview\n|inactive|Battle timer is ON: inactive players will automatically lose when time's up. (requested by Vapporeonn)\n|inactive|grass knot zygarde also wants the timer to be on.\n|c|\u2606Vapporeonn|why do you have kingambit on literally every team you have\n|c|\u2606Vapporeonn|bully\n|c|\u2606grass knot zygarde|cuz hes good\n|inactive|Vapporeonn has 270 seconds left.\n|c|\u2606Vapporeonn|i forgot to change\n|c|\u2606Vapporeonn|one\n|c|\u2606Vapporeonn|fatal flaw\n|\n|t:|1699759092\n|start\n|switch|p1a: Clefable|Clefable, F|100\/100\n|switch|p2a: Dragapult|Dragapult, M, shiny|100\/100\n|turn|1\n|\n|t:|1699759104\n|move|p2a: Dragapult|U-turn|p1a: Clefable\n|-resisted|p1a: Clefable\n|-damage|p1a: Clefable|91\/100\n|\n|t:|1699759112\n|switch|p2a: Slowking|Slowking-Galar, F, shiny|100\/100|[from] U-turn\n|move|p1a: Clefable|Cosmic Power|p1a: Clefable\n|-boost|p1a: Clefable|def|1\n|-boost|p1a: Clefable|spd|1\n|\n|-heal|p1a: Clefable|97\/100|[from] item: Leftovers\n|upkeep\n|turn|2\n|\n|t:|1699759115\n|move|p1a: Clefable|Cosmic Power|p1a: Clefable\n|-boost|p1a: Clefable|def|1\n|-boost|p1a: Clefable|spd|1\n|move|p2a: Slowking|Sludge Bomb|p1a: Clefable\n|-supereffective|p1a: Clefable\n|-damage|p1a: Clefable|72\/100\n|\n|-heal|p1a: Clefable|78\/100|[from] item: Leftovers\n|upkeep\n|turn|3\n|\n|t:|1699759126\n|move|p1a: Clefable|Cosmic Power|p1a: Clefable\n|-boost|p1a: Clefable|def|1\n|-boost|p1a: Clefable|spd|1\n|move|p2a: Slowking|Sludge Bomb|p1a: Clefable\n|-supereffective|p1a: Clefable\n|-damage|p1a: Clefable|59\/100\n|\n|-heal|p1a: Clefable|65\/100|[from] item: Leftovers\n|upkeep\n|turn|4\n|\n|t:|1699759138\n|move|p1a: Clefable|Moonblast|p2a: Slowking\n|-resisted|p2a: Slowking\n|-damage|p2a: Slowking|91\/100\n|move|p2a: Slowking|Sludge Bomb|p1a: Clefable\n|-supereffective|p1a: Clefable\n|-damage|p1a: Clefable|47\/100\n|\n|-heal|p1a: Clefable|53\/100|[from] item: Leftovers\n|upkeep\n|turn|5\n|c|\u2606grass knot zygarde|can i get poison\n|c|\u2606grass knot zygarde|thats all i want\n|c|\u2606Vapporeonn|i mean i can just heal off the poison\n|c|\u2606grass knot zygarde|yea\n|\n|t:|1699759166\n|switch|p1a: Heatran|Heatran, M|100\/100\n|-item|p1a: Heatran|Air Balloon\n|move|p2a: Slowking|Chilly Reception|p2a: Slowking\n|-weather|Snow\n|c|\u2606Vapporeonn|YOU\n|\n|t:|1699759178\n|switch|p2a: Cinderace|Cinderace, F, shiny|100\/100|[from] Chilly Reception\n|\n|-weather|Snow|[upkeep]\n|upkeep\n|turn|6\n|\n|t:|1699759188\n|move|p2a: Cinderace|U-turn|p1a: Heatran\n|-start|p2a: Cinderace|typechange|Bug|[from] ability: Libero\n|-resisted|p1a: Heatran\n|-damage|p1a: Heatran|93\/100\n|-enditem|p1a: Heatran|Air Balloon\n|c|\u2606Vapporeonn|WAIT\n|c|\u2606Vapporeonn|OMG\n|\n|t:|1699759193\n|switch|p2a: Gliscor|Gliscor, M, shiny|100\/100|[from] U-turn\n|move|p1a: Heatran|Earth Power|p2a: Gliscor\n|-immune|p2a: Gliscor\n|\n|-weather|Snow|[upkeep]\n|-status|p2a: Gliscor|tox|[from] item: Toxic Orb\n|upkeep\n|turn|7\n|c|\u2606Vapporeonn|I NEED TO COOK\n|\n|t:|1699759204\n|switch|p1a: Gliscor|Gliscor, F|100\/100\n|move|p2a: Gliscor|Earthquake|p1a: Gliscor\n|-immune|p1a: Gliscor\n|\n|-weather|Snow|[upkeep]\n|-status|p1a: Gliscor|tox|[from] item: Toxic Orb\n|upkeep\n|turn|8\n|\n|t:|1699759213\n|-terastallize|p1a: Gliscor|Ice\n|move|p1a: Gliscor|Acrobatics|p2a: Gliscor\n|-damage|p2a: Gliscor|86\/100 tox\n|move|p2a: Gliscor|Spikes|p1a: Gliscor\n|-sidestart|p1: Vapporeonn|Spikes\n|\n|-weather|Snow|[upkeep]\n|-heal|p2a: Gliscor|99\/100 tox|[from] ability: Poison Heal\n|upkeep\n|turn|9\n|c|\u2606grass knot zygarde|what\n|c|\u2606grass knot zygarde|u just\n|c|\u2606grass knot zygarde|u know what\n|c|\u2606grass knot zygarde|whatever\n|inactive|Vapporeonn has 270 seconds left.\n|\n|t:|1699759252\n|move|p1a: Gliscor|Fling|p2a: Gliscor\n|-damage|p2a: Gliscor|94\/100 tox\n|-enditem|p1a: Gliscor|Toxic Orb|[from] move: Fling\n|move|p2a: Gliscor|Spikes|p1a: Gliscor\n|-sidestart|p1: Vapporeonn|Spikes\n|\n|-weather|none\n|-heal|p2a: Gliscor|100\/100 tox|[from] ability: Poison Heal\n|upkeep\n|turn|10\n|inactive|Vapporeonn has 270 seconds left.\n|\n|t:|1699759264\n|move|p1a: Gliscor|Acrobatics|p2a: Gliscor\n|-damage|p2a: Gliscor|74\/100 tox\n|move|p2a: Gliscor|Spikes|p1a: Gliscor\n|-sidestart|p1: Vapporeonn|Spikes\n|\n|-heal|p2a: Gliscor|87\/100 tox|[from] ability: Poison Heal\n|upkeep\n|turn|11\n|\n|t:|1699759275\n|switch|p2a: Zapdos|Zapdos, shiny|100\/100\n|-ability|p2a: Zapdos|Pressure\n|move|p1a: Gliscor|Acrobatics|p2a: Zapdos\n|-resisted|p2a: Zapdos\n|-damage|p2a: Zapdos|79\/100\n|\n|upkeep\n|turn|12\n|inactive|Vapporeonn has 270 seconds left.\n|\n|t:|1699759297\n|switch|p1a: Clefable|Clefable, F|53\/100\n|-damage|p1a: Clefable|28\/100|[from] Spikes\n|move|p2a: Zapdos|Hurricane|p1a: Clefable\n|-damage|p1a: Clefable|0 fnt\n|faint|p1a: Clefable\n|\n|upkeep\n|\n|t:|1699759302\n|switch|p1a: Corviknight|Corviknight, F|100\/100\n|turn|13\n|\n|t:|1699759309\n|switch|p1a: Garchomp|Garchomp, M|100\/100\n|-damage|p1a: Garchomp|76\/100|[from] Spikes\n|move|p2a: Zapdos|Thunder Wave|p1a: Garchomp\n|-immune|p1a: Garchomp\n|\n|upkeep\n|turn|14\n|\n|t:|1699759319\n|move|p1a: Garchomp|Scale Shot|p2a: Zapdos\n|-damage|p2a: Zapdos|68\/100\n|-damage|p2a: Zapdos|57\/100\n|-damage|p2a: Zapdos|46\/100\n|-damage|p2a: Zapdos|34\/100\n|-damage|p2a: Zapdos|23\/100\n|-hitcount|p2a: Zapdos|5\n|-unboost|p1a: Garchomp|def|1\n|-boost|p1a: Garchomp|spe|1\n|move|p2a: Zapdos|Hurricane|p1a: Garchomp\n|-damage|p1a: Garchomp|28\/100\n|\n|upkeep\n|turn|15\n|c|\u2606Vapporeonn|it will ko\n|c|\u2606Vapporeonn|TRUST me\n|c|\u2606grass knot zygarde|uhhh\n|c|\u2606Vapporeonn|ok\n|\n|t:|1699759333\n|switch|p2a: Gliscor|Gliscor, M, shiny|87\/100 tox\n|move|p1a: Garchomp|Scale Shot|p2a: Gliscor\n|-damage|p2a: Gliscor|78\/100 tox\n|-damage|p2a: Gliscor|70\/100 tox\n|-damage|p2a: Gliscor|62\/100 tox\n|-damage|p2a: Gliscor|53\/100 tox\n|-damage|p2a: Gliscor|45\/100 tox\n|-hitcount|p2a: Gliscor|5\n|-unboost|p1a: Garchomp|def|1\n|-boost|p1a: Garchomp|spe|1\n|\n|-heal|p2a: Gliscor|58\/100 tox|[from] ability: Poison Heal\n|upkeep\n|turn|16\n|c|\u2606Vapporeonn|you should stop\n|inactive|Vapporeonn has 270 seconds left.\n|c|\u2606grass knot zygarde|i was gonna say that to u\n|c|\u2606Vapporeonn|ok now watch me tera ice on garchomp\n|c|\u2606Vapporeonn|and tera blast\n|\n|t:|1699759371\n|move|p2a: Gliscor|Protect|p2a: Gliscor\n|-singleturn|p2a: Gliscor|Protect\n|move|p1a: Garchomp|Scale Shot|p2a: Gliscor\n|-activate|p2a: Gliscor|move: Protect\n|\n|-heal|p2a: Gliscor|70\/100 tox|[from] ability: Poison Heal\n|upkeep\n|turn|17\n|c|\u2606grass knot zygarde|do it\n|\n|t:|1699759380\n|switch|p1a: Alomomola|Alomomola, M|100\/100\n|-damage|p1a: Alomomola|76\/100|[from] Spikes\n|move|p2a: Gliscor|Earthquake|p1a: Alomomola\n|-damage|p1a: Alomomola|59\/100\n|-enditem|p1a: Alomomola|Red Card|[of] p2a: Gliscor\n|drag|p2a: Dragapult|Dragapult, M, shiny|100\/100\n|\n|upkeep\n|turn|18\n|\n|t:|1699759391\n|move|p2a: Dragapult|Shadow Ball|p1a: Alomomola\n|-damage|p1a: Alomomola|0 fnt\n|faint|p1a: Alomomola\n|\n|upkeep\n|\n|t:|1699759397\n|switch|p1a: Heatran|Heatran, M|93\/100\n|-damage|p1a: Heatran|68\/100|[from] Spikes\n|turn|19\n|\n|t:|1699759405\n|move|p2a: Dragapult|Shadow Ball|p1a: Heatran\n|-damage|p1a: Heatran|34\/100\n|-unboost|p1a: Heatran|spd|1\n|move|p1a: Heatran|Magma Storm|p2a: Dragapult\n|-resisted|p2a: Dragapult\n|-damage|p2a: Dragapult|73\/100\n|-activate|p2a: Dragapult|move: Magma Storm|[of] p1a: Heatran\n|\n|-damage|p2a: Dragapult|60\/100|[from] move: Magma Storm|[partiallytrapped]\n|upkeep\n|turn|20\n|\n|t:|1699759418\n|switch|p1a: Garchomp|Garchomp, M|28\/100\n|-damage|p1a: Garchomp|3\/100|[from] Spikes\n|move|p2a: Dragapult|Shadow Ball|p1a: Garchomp\n|-damage|p1a: Garchomp|0 fnt\n|faint|p1a: Garchomp\n|\n|-end|p2a: Dragapult|Magma Storm|[partiallytrapped]|[silent]\n|upkeep\n|\n|t:|1699759420\n|switch|p1a: Gliscor|Gliscor, F, tera:Ice|100\/100 tox\n|-damage|p1a: Gliscor|76\/100 tox|[from] Spikes\n|turn|21\n|c|\u2606Vapporeonn|im getting 6-0ed\n|c|\u2606Vapporeonn|sac one pokemon\n|c|\u2606Vapporeonn|for the funn\n|c|\u2606Vapporeonn|y\n|\n|t:|1699759441\n|-terastallize|p2a: Dragapult|Ghost\n|move|p2a: Dragapult|Shadow Ball|p1a: Gliscor\n|-damage|p1a: Gliscor|0 fnt\n|faint|p1a: Gliscor\n|\n|upkeep\n|c|\u2606grass knot zygarde|lmao\n|\n|t:|1699759459\n|switch|p1a: Heatran|Heatran, M|34\/100\n|-damage|p1a: Heatran|9\/100|[from] Spikes\n|turn|22\n|\n|t:|1699759463\n|move|p2a: Dragapult|Shadow Ball|p1a: Heatran\n|-damage|p1a: Heatran|0 fnt\n|faint|p1a: Heatran\n|\n|upkeep\n|\n|t:|1699759467\n|switch|p1a: Corviknight|Corviknight, F|100\/100\n|turn|23\n|c|\u2606Vapporeonn|pls\n|c|\u2606Vapporeonn|do it\n|c|\u2606grass knot zygarde|body press or brave bird\n|\n|t:|1699759487\n|switch|p2a: Zapdos|Zapdos, shiny|23\/100\n|-ability|p2a: Zapdos|Pressure\n|move|p1a: Corviknight|U-turn|p2a: Zapdos\n|-resisted|p2a: Zapdos\n|-damage|p2a: Zapdos|14\/100\n|\n|upkeep\n|turn|24\n|c|\u2606Vapporeonn|uh\n|c|\u2606grass knot zygarde|nothing?\n|c|\u2606Vapporeonn|body press\n|\n|t:|1699759516\n|move|p2a: Zapdos|Roost|p2a: Zapdos\n|-heal|p2a: Zapdos|64\/100\n|-singleturn|p2a: Zapdos|move: Roost\n|move|p1a: Corviknight|Body Press|p2a: Zapdos\n|-damage|p2a: Zapdos|48\/100\n|\n|upkeep\n|turn|25\n|c|\u2606Vapporeonn|br\n|c|\u2606grass knot zygarde|i see\n|\n|t:|1699759523\n|move|p2a: Zapdos|Roost|p2a: Zapdos\n|-heal|p2a: Zapdos|98\/100\n|-singleturn|p2a: Zapdos|move: Roost\n|move|p1a: Corviknight|Iron Defense|p1a: Corviknight\n|-boost|p1a: Corviknight|def|2\n|\n|upkeep\n|turn|26\n|c|\u2606grass knot zygarde|lemme just\n|\n|t:|1699759530\n|move|p2a: Zapdos|Thunder Wave|p1a: Corviknight\n|-status|p1a: Corviknight|par\n|move|p1a: Corviknight|Body Press|p2a: Zapdos\n|-resisted|p2a: Zapdos\n|-damage|p2a: Zapdos|81\/100\n|\n|upkeep\n|turn|27\n|c|\u2606grass knot zygarde|dont do that\n|\n|t:|1699759544\n|move|p2a: Zapdos|Volt Switch|p1a: Corviknight\n|-supereffective|p1a: Corviknight\n|-damage|p1a: Corviknight|43\/100 par\n|\n|t:|1699759548\n|switch|p2a: Dragapult|Dragapult, M, shiny, tera:Ghost|60\/100|[from] Volt Switch\n|move|p1a: Corviknight|Iron Defense|p1a: Corviknight\n|-boost|p1a: Corviknight|def|2\n|\n|upkeep\n|turn|28\n|c|\u2606Vapporeonn|YEOUCH\n|l|\u2606Vapporeonn\n|inactive|Vapporeonn disconnected and has 300 seconds to reconnect!\n|player|p1|\n|\n|t:|1699759561\n|move|p2a: Dragapult|Flamethrower|p1a: Corviknight\n|-supereffective|p1a: Corviknight\n|-damage|p1a: Corviknight|0 fnt\n|faint|p1a: Corviknight\n|\n|win|grass knot zygarde\n","uploadtime":1699759570,"views":10,"p1id":"vapporeonn","p2id":"grassknotzygarde","formatid":"gen9ou","rating":0,"private":0,"password":""}