{"id":"gen9ou-1991042774","p1":"bobthebildernou","p2":"Bruja_amare","format":"[Gen 9] OU","log":"|j|\u2606bobthebildernou\n|j|\u2606Bruja_amare\n|t:|1700033349\n|gametype|singles\n|player|p1|bobthebildernou|169|1124\n|player|p2|Bruja_amare|pokemonbreederf|1163\n|teamsize|p1|6\n|teamsize|p2|6\n|gen|9\n|tier|[Gen 9] OU\n|rated|\n|rule|Sleep Clause Mod: Limit one foe put to sleep\n|rule|Species Clause: Limit one of each Pok\u00e9mon\n|rule|OHKO Clause: OHKO moves are banned\n|rule|Evasion Items Clause: Evasion items are banned\n|rule|Evasion Moves Clause: Evasion moves are banned\n|rule|Endless Battle Clause: Forcing endless battles is banned\n|rule|HP Percentage Mod: HP is shown in percentages\n|clearpoke\n|poke|p1|Dragonite, F|\n|poke|p1|Rillaboom, M|\n|poke|p1|Heatran, M|\n|poke|p1|Kingambit, F|\n|poke|p1|Ogerpon-Wellspring, F|\n|poke|p1|Charjabug, F|\n|poke|p2|Rillaboom, F|\n|poke|p2|Sneasler, F|\n|poke|p2|Zamazenta-*|\n|poke|p2|Heatran, M|\n|poke|p2|Manaphy|\n|poke|p2|Meowscarada, F|\n|teampreview\n|\n|t:|1700033363\n|start\n|switch|p1a: bus|Charjabug, F, shiny|100\/100\n|switch|p2a: Sneasler|Sneasler, F|100\/100\n|turn|1\n|\n|t:|1700033372\n|move|p2a: Sneasler|Dire Claw|p1a: bus\n|-damage|p1a: bus|64\/100\n|-status|p1a: bus|slp\n|cant|p1a: bus|slp\n|\n|upkeep\n|turn|2\n|\n|t:|1700033379\n|switch|p2a: Heatran|Heatran, M|100\/100\n|-item|p2a: Heatran|Air Balloon\n|-curestatus|p1a: bus|slp|[msg]\n|move|p1a: bus|Sticky Web|p2a: Heatran\n|-sidestart|p2: Bruja_amare|move: Sticky Web\n|\n|upkeep\n|turn|3\n|\n|t:|1700033386\n|move|p2a: Heatran|Magma Storm|p1a: bus\n|-supereffective|p1a: bus\n|-damage|p1a: bus|0 fnt\n|faint|p1a: bus\n|\n|upkeep\n|\n|t:|1700033394\n|switch|p1a: cry baby|Ogerpon-Wellspring, F|100\/100\n|turn|4\n|\n|t:|1700033400\n|move|p1a: cry baby|Ivy Cudgel|p2a: Heatran|[anim] Ivy Cudgel Water\n|-supereffective|p2a: Heatran\n|-damage|p2a: Heatran|0 fnt\n|-enditem|p2a: Heatran|Air Balloon\n|faint|p2a: Heatran\n|\n|upkeep\n|\n|t:|1700033415\n|switch|p2a: Rillaboom|Rillaboom, F|100\/100\n|-activate|p2a: Rillaboom|move: Sticky Web\n|-unboost|p2a: Rillaboom|spe|1\n|-fieldstart|move: Grassy Terrain|[from] ability: Grassy Surge|[of] p2a: Rillaboom\n|turn|5\n|\n|t:|1700033421\n|move|p1a: cry baby|U-turn|p2a: Rillaboom\n|-supereffective|p2a: Rillaboom\n|-damage|p2a: Rillaboom|36\/100\n|\n|t:|1700033430\n|switch|p1a: quick|Dragonite, F|100\/100|[from] U-turn\n|move|p2a: Rillaboom|Wood Hammer|p1a: quick\n|-resisted|p1a: quick\n|-damage|p1a: quick|84\/100\n|-damage|p2a: Rillaboom|31\/100|[from] Recoil\n|\n|-heal|p2a: Rillaboom|37\/100|[from] Grassy Terrain\n|upkeep\n|turn|6\n|\n|t:|1700033441\n|switch|p2a: Manaphy|Manaphy|100\/100\n|-activate|p2a: Manaphy|move: Sticky Web\n|-unboost|p2a: Manaphy|spe|1\n|move|p1a: quick|Ice Punch|p2a: Manaphy\n|-resisted|p2a: Manaphy\n|-damage|p2a: Manaphy|84\/100\n|\n|-heal|p2a: Manaphy|90\/100|[from] Grassy Terrain\n|-heal|p2a: Manaphy|96\/100|[from] item: Leftovers\n|upkeep\n|turn|7\n|\n|t:|1700033466\n|switch|p1a: drum|Rillaboom, M|100\/100\n|move|p2a: Manaphy|Acid Armor|p2a: Manaphy\n|-boost|p2a: Manaphy|def|2\n|\n|-heal|p2a: Manaphy|100\/100|[from] Grassy Terrain\n|upkeep\n|turn|8\n|\n|t:|1700033476\n|-terastallize|p2a: Manaphy|Poison\n|move|p1a: drum|Grassy Glide|p2a: Manaphy\n|-resisted|p2a: Manaphy\n|-damage|p2a: Manaphy|90\/100\n|-damage|p1a: drum|91\/100|[from] item: Life Orb\n|move|p2a: Manaphy|Acid Armor|p2a: Manaphy\n|-boost|p2a: Manaphy|def|2\n|\n|-heal|p1a: drum|97\/100|[from] Grassy Terrain\n|-heal|p2a: Manaphy|96\/100|[from] Grassy Terrain\n|-heal|p2a: Manaphy|100\/100|[from] item: Leftovers\n|upkeep\n|turn|9\n|\n|t:|1700033488\n|move|p1a: drum|Earthquake|p2a: Manaphy\n|-supereffective|p2a: Manaphy\n|-damage|p2a: Manaphy|87\/100\n|-damage|p1a: drum|87\/100|[from] item: Life Orb\n|move|p2a: Manaphy|Take Heart|p2a: Manaphy\n|-boost|p2a: Manaphy|spa|1\n|-boost|p2a: Manaphy|spd|1\n|\n|-heal|p1a: drum|93\/100|[from] Grassy Terrain\n|-heal|p2a: Manaphy|93\/100|[from] Grassy Terrain\n|-heal|p2a: Manaphy|99\/100|[from] item: Leftovers\n|-fieldend|move: Grassy Terrain\n|upkeep\n|turn|10\n|\n|t:|1700033505\n|move|p1a: drum|Earthquake|p2a: Manaphy\n|-supereffective|p2a: Manaphy\n|-damage|p2a: Manaphy|76\/100\n|-damage|p1a: drum|83\/100|[from] item: Life Orb\n|move|p2a: Manaphy|Acid Armor|p2a: Manaphy\n|-boost|p2a: Manaphy|def|2\n|\n|-heal|p2a: Manaphy|82\/100|[from] item: Leftovers\n|upkeep\n|turn|11\n|\n|t:|1700033528\n|switch|p1a: bomb|Heatran, M, shiny|100\/100\n|move|p2a: Manaphy|Take Heart|p2a: Manaphy\n|-boost|p2a: Manaphy|spa|1\n|-boost|p2a: Manaphy|spd|1\n|\n|-heal|p2a: Manaphy|88\/100|[from] item: Leftovers\n|upkeep\n|turn|12\n|\n|t:|1700033540\n|-terastallize|p1a: bomb|Grass\n|move|p1a: bomb|Tera Blast|p2a: Manaphy|[anim] Tera Blast Grass\n|-resisted|p2a: Manaphy\n|-damage|p2a: Manaphy|74\/100\n|move|p2a: Manaphy|Scald|p1a: bomb\n|-resisted|p1a: bomb\n|-damage|p1a: bomb|75\/100\n|\n|-heal|p2a: Manaphy|80\/100|[from] item: Leftovers\n|upkeep\n|turn|13\n|\n|t:|1700033550\n|move|p1a: bomb|Tera Blast|p2a: Manaphy|[anim] Tera Blast Grass\n|-resisted|p2a: Manaphy\n|-damage|p2a: Manaphy|66\/100\n|move|p2a: Manaphy|Take Heart|p2a: Manaphy\n|-boost|p2a: Manaphy|spa|1\n|-boost|p2a: Manaphy|spd|1\n|\n|-heal|p2a: Manaphy|73\/100|[from] item: Leftovers\n|upkeep\n|turn|14\n|\n|t:|1700033557\n|move|p1a: bomb|Tera Blast|p2a: Manaphy|[anim] Tera Blast Grass\n|-resisted|p2a: Manaphy\n|-damage|p2a: Manaphy|61\/100\n|move|p2a: Manaphy|Take Heart|p2a: Manaphy\n|-boost|p2a: Manaphy|spa|1\n|-boost|p2a: Manaphy|spd|1\n|\n|-heal|p2a: Manaphy|68\/100|[from] item: Leftovers\n|upkeep\n|turn|15\n|\n|t:|1700033566\n|move|p1a: bomb|Tera Blast|p2a: Manaphy|[anim] Tera Blast Grass\n|-resisted|p2a: Manaphy\n|-damage|p2a: Manaphy|58\/100\n|move|p2a: Manaphy|Take Heart|p2a: Manaphy\n|-boost|p2a: Manaphy|spa|1\n|-boost|p2a: Manaphy|spd|1\n|\n|-heal|p2a: Manaphy|64\/100|[from] item: Leftovers\n|upkeep\n|turn|16\n|\n|t:|1700033573\n|move|p1a: bomb|Tera Blast|p2a: Manaphy|[anim] Tera Blast Grass\n|-resisted|p2a: Manaphy\n|-damage|p2a: Manaphy|56\/100\n|move|p2a: Manaphy|Take Heart|p2a: Manaphy\n|-boost|p2a: Manaphy|spa|1\n|-boost|p2a: Manaphy|spd|1\n|\n|-heal|p2a: Manaphy|62\/100|[from] item: Leftovers\n|upkeep\n|turn|17\n|\n|t:|1700033583\n|move|p1a: bomb|Tera Blast|p2a: Manaphy|[anim] Tera Blast Grass\n|-resisted|p2a: Manaphy\n|-damage|p2a: Manaphy|54\/100\n|move|p2a: Manaphy|Stored Power|p1a: bomb\n|-damage|p1a: bomb|0 fnt\n|faint|p1a: bomb\n|\n|-heal|p2a: Manaphy|61\/100|[from] item: Leftovers\n|upkeep\n|\n|t:|1700033600\n|switch|p1a: harry|Kingambit, F|100\/100\n|turn|18\n|\n|t:|1700033605\n|move|p2a: Manaphy|Scald|p1a: harry\n|-damage|p1a: harry|9\/100\n|-status|p1a: harry|brn\n|move|p1a: harry|Stone Edge|p2a: Manaphy|[miss]\n|-miss|p1a: harry|p2a: Manaphy\n|\n|-heal|p2a: Manaphy|67\/100|[from] item: Leftovers\n|-damage|p1a: harry|3\/100 brn|[from] brn\n|upkeep\n|turn|19\n|\n|t:|1700033614\n|move|p1a: harry|Sucker Punch|p2a: Manaphy\n|-damage|p2a: Manaphy|62\/100\n|-damage|p1a: harry|0 fnt|[from] item: Life Orb\n|faint|p1a: harry\n|move|p2a: Manaphy|Scald|p1: harry|[notarget]\n|-fail|p2a: Manaphy\n|\n|-heal|p2a: Manaphy|68\/100|[from] item: Leftovers\n|upkeep\n|\n|t:|1700033626\n|switch|p1a: drum|Rillaboom, M|83\/100\n|-fieldstart|move: Grassy Terrain|[from] ability: Grassy Surge|[of] p1a: drum\n|turn|20\n|\n|t:|1700033630\n|move|p1a: drum|Fake Out|p2a: Manaphy\n|-crit|p2a: Manaphy\n|-damage|p2a: Manaphy|46\/100\n|-damage|p1a: drum|73\/100|[from] item: Life Orb\n|cant|p2a: Manaphy|flinch\n|\n|-heal|p1a: drum|79\/100|[from] Grassy Terrain\n|-heal|p2a: Manaphy|52\/100|[from] Grassy Terrain\n|-heal|p2a: Manaphy|58\/100|[from] item: Leftovers\n|upkeep\n|turn|21\n|\n|t:|1700033639\n|move|p1a: drum|Grassy Glide|p2a: Manaphy\n|-resisted|p2a: Manaphy\n|-damage|p2a: Manaphy|53\/100\n|-damage|p1a: drum|69\/100|[from] item: Life Orb\n|move|p2a: Manaphy|Stored Power|p1a: drum\n|-damage|p1a: drum|0 fnt\n|faint|p1a: drum\n|\n|-heal|p2a: Manaphy|60\/100|[from] Grassy Terrain\n|-heal|p2a: Manaphy|66\/100|[from] item: Leftovers\n|upkeep\n|\n|t:|1700033655\n|switch|p1a: cry baby|Ogerpon-Wellspring, F|100\/100\n|turn|22\n|\n|t:|1700033660\n|move|p1a: cry baby|Horn Leech|p2a: Manaphy\n|-resisted|p2a: Manaphy\n|-damage|p2a: Manaphy|60\/100\n|move|p2a: Manaphy|Stored Power|p1a: cry baby\n|-damage|p1a: cry baby|0 fnt\n|faint|p1a: cry baby\n|\n|-heal|p2a: Manaphy|66\/100|[from] Grassy Terrain\n|-heal|p2a: Manaphy|72\/100|[from] item: Leftovers\n|upkeep\n|\n|t:|1700033671\n|switch|p1a: quick|Dragonite, F|84\/100\n|turn|23\n|\n|t:|1700033675\n|move|p1a: quick|Extreme Speed|p2a: Manaphy\n|-damage|p2a: Manaphy|62\/100\n|move|p2a: Manaphy|Stored Power|p1a: quick\n|-damage|p1a: quick|0 fnt\n|faint|p1a: quick\n|\n|win|Bruja_amare\n|raw|bobthebildernou's rating: 1124 &rarr; <strong>1102<\/strong><br \/>(-22 for losing)\n|raw|Bruja_amare's rating: 1163 &rarr; <strong>1185<\/strong><br \/>(+22 for winning)\n|l|\u2606bobthebildernou\n","uploadtime":1700033685,"views":15,"p1id":"bobthebildernou","p2id":"brujaamare","formatid":"gen9ou","rating":1102,"private":0,"password":""}