{"id":"gen9ou-1989771037","p1":"nephilimuscat","p2":"JoseFigueiras","format":"[Gen 9] OU","log":"|j|\u2606nephilimuscat\n|j|\u2606JoseFigueiras\n|inactive|Battle timer is ON: inactive players will automatically lose when time's up.\n|t:|1699894324\n|gametype|singles\n|player|p1|nephilimuscat|policeman-gen4|\n|player|p2|JoseFigueiras|266|\n|teamsize|p1|6\n|teamsize|p2|6\n|gen|9\n|tier|[Gen 9] OU\n|rated|Tournament battle\n|rule|Sleep Clause Mod: Limit one foe put to sleep\n|rule|Species Clause: Limit one of each Pok\u00e9mon\n|rule|OHKO Clause: OHKO moves are banned\n|rule|Evasion Items Clause: Evasion items are banned\n|rule|Evasion Moves Clause: Evasion moves are banned\n|rule|Endless Battle Clause: Forcing endless battles is banned\n|rule|HP Percentage Mod: HP is shown in percentages\n|clearpoke\n|poke|p1|Ribombee, F|\n|poke|p1|Torterra, M|\n|poke|p1|Gholdengo|\n|poke|p1|Dragonite, F|\n|poke|p1|Great Tusk|\n|poke|p1|Iron Moth|\n|poke|p2|Kingambit, F|\n|poke|p2|Glimmora, F|\n|poke|p2|Zamazenta-*|\n|poke|p2|Iron Valiant|\n|poke|p2|Iron Moth|\n|poke|p2|Ogerpon-Wellspring, F|\n|teampreview\n|j|*Lady Monita \u2746\n|inactive|nephilimuscat has 120 seconds left.\n|inactive|nephilimuscat has 90 seconds left.\n|\n|t:|1699894391\n|start\n|switch|p1a: Abaille ou ...|Ribombee, F|100\/100\n|switch|p2a: Glimmora|Glimmora, F|100\/100\n|turn|1\n|\n|t:|1699894419\n|move|p1a: Abaille ou ...|Sticky Web|p2a: Glimmora\n|-sidestart|p2: JoseFigueiras|move: Sticky Web\n|move|p2a: Glimmora|Power Gem|p1a: Abaille ou ...\n|-supereffective|p1a: Abaille ou ...\n|-enditem|p1a: Abaille ou ...|Focus Sash\n|-damage|p1a: Abaille ou ...|1\/100\n|\n|upkeep\n|turn|2\n|\n|t:|1699894427\n|switch|p1a: Gros Mago|Gholdengo|100\/100\n|move|p2a: Glimmora|Mortal Spin|p1a: Gros Mago\n|-immune|p1a: Gros Mago\n|\n|upkeep\n|turn|3\n|\n|t:|1699894440\n|move|p1a: Gros Mago|Trick|p2a: Glimmora\n|-activate|p1a: Gros Mago|move: Trick|[of] p2a: Glimmora\n|-item|p2a: Glimmora|Choice Scarf|[from] move: Trick\n|-item|p1a: Gros Mago|Focus Sash|[from] move: Trick\n|move|p2a: Glimmora|Earth Power|p1a: Gros Mago\n|-supereffective|p1a: Gros Mago\n|-damage|p1a: Gros Mago|31\/100\n|\n|upkeep\n|turn|4\n|\n|t:|1699894448\n|switch|p1a: Nyoonnnn|Dragonite, F|100\/100\n|move|p2a: Glimmora|Earth Power|p1a: Nyoonnnn\n|-immune|p1a: Nyoonnnn\n|\n|upkeep\n|turn|5\n|\n|t:|1699894456\n|switch|p2a: Iron Valiant|Iron Valiant|100\/100\n|-activate|p2a: Iron Valiant|move: Sticky Web\n|-unboost|p2a: Iron Valiant|spe|1\n|-enditem|p2a: Iron Valiant|Booster Energy\n|-activate|p2a: Iron Valiant|ability: Quark Drive|[fromitem]\n|-start|p2a: Iron Valiant|quarkdrivespa\n|move|p1a: Nyoonnnn|Dragon Dance|p1a: Nyoonnnn\n|-boost|p1a: Nyoonnnn|atk|1\n|-boost|p1a: Nyoonnnn|spe|1\n|\n|upkeep\n|turn|6\n|\n|t:|1699894473\n|-terastallize|p1a: Nyoonnnn|Normal\n|-terastallize|p2a: Iron Valiant|Fairy\n|move|p1a: Nyoonnnn|Earthquake|p2a: Iron Valiant\n|-damage|p2a: Iron Valiant|25\/100\n|move|p2a: Iron Valiant|Moonblast|p1a: Nyoonnnn\n|-damage|p1a: Nyoonnnn|59\/100\n|\n|-heal|p1a: Nyoonnnn|65\/100|[from] item: Leftovers\n|upkeep\n|turn|7\n|\n|t:|1699894486\n|move|p1a: Nyoonnnn|Extreme Speed|p2a: Iron Valiant\n|-damage|p2a: Iron Valiant|0 fnt\n|faint|p2a: Iron Valiant\n|-end|p2a: Iron Valiant|Quark Drive|[silent]\n|\n|-heal|p1a: Nyoonnnn|71\/100|[from] item: Leftovers\n|upkeep\n|\n|t:|1699894495\n|switch|p2a: Glimmora|Glimmora, F|100\/100\n|-activate|p2a: Glimmora|move: Sticky Web\n|-unboost|p2a: Glimmora|spe|1\n|turn|8\n|\n|t:|1699894502\n|move|p1a: Nyoonnnn|Earthquake|p2a: Glimmora\n|-supereffective|p2a: Glimmora\n|-damage|p2a: Glimmora|0 fnt\n|-activate|p2a: Glimmora|ability: Toxic Debris\n|-sidestart|p1: nephilimuscat|move: Toxic Spikes\n|faint|p2a: Glimmora\n|\n|-heal|p1a: Nyoonnnn|77\/100|[from] item: Leftovers\n|upkeep\n|\n|t:|1699894511\n|switch|p2a: Zamazenta|Zamazenta, shiny|100\/100\n|-activate|p2a: Zamazenta|move: Sticky Web\n|-unboost|p2a: Zamazenta|spe|1\n|-ability|p2a: Zamazenta|Dauntless Shield|boost\n|-boost|p2a: Zamazenta|def|1\n|turn|9\n|\n|t:|1699894518\n|move|p1a: Nyoonnnn|Earthquake|p2a: Zamazenta\n|-damage|p2a: Zamazenta|65\/100\n|move|p2a: Zamazenta|Body Press|p1a: Nyoonnnn\n|-supereffective|p1a: Nyoonnnn\n|-damage|p1a: Nyoonnnn|0 fnt\n|faint|p1a: Nyoonnnn\n|\n|-heal|p2a: Zamazenta|71\/100|[from] item: Leftovers\n|upkeep\n|\n|t:|1699894529\n|switch|p1a: Phampy|Great Tusk|100\/100\n|turn|10\n|\n|t:|1699894539\n|switch|p2a: Ogerpon|Ogerpon-Wellspring, F|100\/100\n|-activate|p2a: Ogerpon|move: Sticky Web\n|-unboost|p2a: Ogerpon|spe|1\n|move|p1a: Phampy|Rapid Spin|p2a: Ogerpon\n|-damage|p2a: Ogerpon|79\/100\n|-boost|p1a: Phampy|spe|1\n|-sideend|p1: nephilimuscat|Toxic Spikes|[from] move: Rapid Spin|[of] p1a: Phampy\n|\n|upkeep\n|turn|11\n|\n|t:|1699894550\n|move|p1a: Phampy|Close Combat|p2a: Ogerpon\n|-damage|p2a: Ogerpon|0 fnt\n|-unboost|p1a: Phampy|def|1\n|-unboost|p1a: Phampy|spd|1\n|faint|p2a: Ogerpon\n|\n|upkeep\n|c|\u2606nephilimuscat|gg\n|\n|t:|1699894570\n|switch|p2a: Iron Moth|Iron Moth|100\/100\n|-activate|p2a: Iron Moth|move: Sticky Web\n|-unboost|p2a: Iron Moth|spe|1\n|-enditem|p2a: Iron Moth|Booster Energy\n|-activate|p2a: Iron Moth|ability: Quark Drive|[fromitem]\n|-start|p2a: Iron Moth|quarkdrivespa\n|turn|12\n|inactive|JoseFigueiras has 120 seconds left.\n|\n|t:|1699894593\n|move|p1a: Phampy|Headlong Rush|p2a: Iron Moth\n|-supereffective|p2a: Iron Moth\n|-damage|p2a: Iron Moth|0 fnt\n|-unboost|p1a: Phampy|def|1\n|-unboost|p1a: Phampy|spd|1\n|faint|p2a: Iron Moth\n|-end|p2a: Iron Moth|Quark Drive|[silent]\n|\n|upkeep\n|inactive|JoseFigueiras has 120 seconds left.\n|\n|t:|1699894601\n|switch|p2a: Zamazenta|Zamazenta, shiny|71\/100\n|-activate|p2a: Zamazenta|move: Sticky Web\n|-unboost|p2a: Zamazenta|spe|1\n|turn|13\n|inactive|nephilimuscat has 120 seconds left.\n|inactive|nephilimuscat has 90 seconds left.\n|\n|t:|1699894666\n|move|p1a: Phampy|Close Combat|p2a: Zamazenta\n|-damage|p2a: Zamazenta|17\/100\n|-unboost|p1a: Phampy|def|1\n|-unboost|p1a: Phampy|spd|1\n|move|p2a: Zamazenta|Body Press|p1a: Phampy\n|-damage|p1a: Phampy|43\/100\n|\n|-heal|p2a: Zamazenta|24\/100|[from] item: Leftovers\n|upkeep\n|turn|14\n|inactive|nephilimuscat has 90 seconds left.\n|\n|t:|1699894677\n|move|p1a: Phampy|Close Combat|p2a: Zamazenta\n|-damage|p2a: Zamazenta|0 fnt\n|-unboost|p1a: Phampy|def|1\n|-unboost|p1a: Phampy|spd|1\n|faint|p2a: Zamazenta\n|\n|upkeep\n|\n|t:|1699894680\n|switch|p2a: Kingambit|Kingambit, F|100\/100\n|-activate|p2a: Kingambit|move: Sticky Web\n|-unboost|p2a: Kingambit|spe|1\n|-activate|p2a: Kingambit|ability: Supreme Overlord\n|-start|p2a: Kingambit|fallen5|[silent]\n|turn|15\n|c|\u2606nephilimuscat|gg\n|inactive|nephilimuscat has 90 seconds left.\n|\n|t:|1699894695\n|-end|p1a: Phampy|Protosynthesis|[silent]\n|switch|p1a: Abaille ou ...|Ribombee, F|1\/100\n|move|p2a: Kingambit|Sucker Punch||[still]\n|-fail|p2a: Kingambit\n|\n|upkeep\n|turn|16\n|inactive|nephilimuscat has 90 seconds left.\n|\n|t:|1699894704\n|move|p2a: Kingambit|Sucker Punch||[still]\n|-fail|p2a: Kingambit\n|move|p1a: Abaille ou ...|Stun Spore|p2a: Kingambit|[miss]\n|-miss|p1a: Abaille ou ...|p2a: Kingambit\n|\n|upkeep\n|turn|17\n|\n|t:|1699894713\n|move|p1a: Abaille ou ...|Moonblast|p2a: Kingambit\n|-damage|p2a: Kingambit|58\/100\n|move|p2a: Kingambit|Iron Head|p1a: Abaille ou ...\n|-supereffective|p1a: Abaille ou ...\n|-damage|p1a: Abaille ou ...|0 fnt\n|faint|p1a: Abaille ou ...\n|\n|upkeep\n|\n|t:|1699894722\n|switch|p1a: POPO...|Iron Moth|100\/100\n|-enditem|p1a: POPO...|Booster Energy\n|-activate|p1a: POPO...|ability: Quark Drive|[fromitem]\n|-start|p1a: POPO...|quarkdrivespa\n|turn|18\n|\n|t:|1699894729\n|move|p2a: Kingambit|Sucker Punch|p1a: POPO...\n|-damage|p1a: POPO...|0 fnt\n|faint|p1a: POPO...\n|-end|p1a: POPO...|Quark Drive|[silent]\n|\n|upkeep\n|\n|t:|1699894734\n|switch|p1a: Smash!!!|Torterra, M|100\/100\n|turn|19\n|\n|t:|1699894738\n|move|p2a: Kingambit|Sucker Punch|p1a: Smash!!!\n|-damage|p1a: Smash!!!|25\/100\n|move|p1a: Smash!!!|Headlong Rush|p2a: Kingambit\n|-supereffective|p2a: Kingambit\n|-damage|p2a: Kingambit|0 fnt\n|-unboost|p1a: Smash!!!|def|1\n|-unboost|p1a: Smash!!!|spd|1\n|faint|p2a: Kingambit\n|-end|p2a: Kingambit|fallen5|[silent]\n|\n|win|nephilimuscat\n|n|\u2606nephilimuscat|nephilimuscat\n|n|\u2606JoseFigueiras|josefigueiras\n|n|*Lady Monita \u2746|ladymonita\n|l|*Lady Monita \u2746\n|l|\u2606JoseFigueiras\n|c|\u2606nephilimuscat|gg\n|c|\u2606nephilimuscat|*3\n","uploadtime":1699894761,"views":7,"p1id":"nephilimuscat","p2id":"josefigueiras","formatid":"gen9ou","rating":0,"private":0,"password":""}