{"id":"gen9ou-1993379880","p1":"Corbinc","p2":"F8S","format":"[Gen 9] OU","log":"|j|\u2606Corbinc\n|j|\u2606F8S\n|t:|1700309237\n|gametype|singles\n|player|p1|Corbinc|ghetsis-gen5bw|\n|player|p2|F8S|blue|\n|teamsize|p1|6\n|teamsize|p2|6\n|gen|9\n|tier|[Gen 9] OU\n|rule|Sleep Clause Mod: Limit one foe put to sleep\n|rule|Species Clause: Limit one of each Pok\u00e9mon\n|rule|OHKO Clause: OHKO moves are banned\n|rule|Evasion Items Clause: Evasion items are banned\n|rule|Evasion Moves Clause: Evasion moves are banned\n|rule|Endless Battle Clause: Forcing endless battles is banned\n|rule|HP Percentage Mod: HP is shown in percentages\n|clearpoke\n|poke|p1|Greninja-*, M|\n|poke|p1|Grimmsnarl, M|\n|poke|p1|Thundurus-Therian, M|\n|poke|p1|Tinkaton, F|\n|poke|p1|Zoroark-Hisui, M|\n|poke|p1|Wo-Chien|\n|poke|p2|Greninja-*, M|\n|poke|p2|Clodsire, M|\n|poke|p2|Slowking, F|\n|poke|p2|Zoroark-Hisui, M|\n|poke|p2|Frosmoth, M|\n|poke|p2|Hariyama, M|\n|teampreview\n|inactive|Battle timer is ON: inactive players will automatically lose when time's up. (requested by F8S)\n|inactive|Corbinc has 270 seconds left.\n|inactive|Corbinc has 240 seconds left.\n|\n|t:|1700309317\n|start\n|switch|p1a: Wo-Chien|Wo-Chien|100\/100\n|switch|p2a: Clodsire|Clodsire, M|100\/100\n|-ability|p1a: Wo-Chien|Tablets of Ruin\n|turn|1\n|\n|t:|1700309334\n|move|p2a: Clodsire|Flamethrower|p1a: Wo-Chien\n|-supereffective|p1a: Wo-Chien\n|-damage|p1a: Wo-Chien|63\/100\n|move|p1a: Wo-Chien|Taunt|p2a: Clodsire\n|-start|p2a: Clodsire|move: Taunt\n|\n|-heal|p1a: Wo-Chien|69\/100|[from] item: Leftovers\n|upkeep\n|turn|2\n|j| Nikolobstar\n|inactive|Corbinc has 270 seconds left.\n|inactive|Corbinc has 240 seconds left.\n|\n|t:|1700309400\n|move|p2a: Clodsire|Flamethrower|p1a: Wo-Chien\n|-supereffective|p1a: Wo-Chien\n|-damage|p1a: Wo-Chien|33\/100\n|move|p1a: Wo-Chien|Leech Seed|p2a: Clodsire|[miss]\n|-miss|p1a: Wo-Chien|p2a: Clodsire\n|\n|-heal|p1a: Wo-Chien|39\/100|[from] item: Leftovers\n|upkeep\n|turn|3\n|inactive|Corbinc has 240 seconds left.\n|inactive|Corbinc has 210 seconds left.\n|\n|t:|1700309463\n|switch|p1a: Grimmsnarl|Grimmsnarl, M|100\/100\n|move|p2a: Clodsire|Flamethrower|p1a: Grimmsnarl\n|-damage|p1a: Grimmsnarl|76\/100\n|\n|upkeep\n|turn|4\n|\n|t:|1700309478\n|switch|p2a: Clodsire|Clodsire, M|100\/100\n|move|p1a: Grimmsnarl|Light Screen|p1a: Grimmsnarl\n|-sidestart|p1: Corbinc|move: Light Screen\n|\n|upkeep\n|turn|5\n|\n|t:|1700309487\n|move|p1a: Grimmsnarl|Parting Shot|p2a: Clodsire\n|-unboost|p2a: Clodsire|atk|1\n|-unboost|p2a: Clodsire|spa|1\n|\n|t:|1700309490\n|switch|p1a: Wo-Chien|Wo-Chien|39\/100|[from] Parting Shot\n|-ability|p1a: Wo-Chien|Tablets of Ruin\n|move|p2a: Clodsire|Stealth Rock|p1a: Wo-Chien\n|-sidestart|p1: Corbinc|move: Stealth Rock\n|\n|-heal|p1a: Wo-Chien|45\/100|[from] item: Leftovers\n|upkeep\n|turn|6\n|\n|t:|1700309505\n|-terastallize|p1a: Wo-Chien|Poison\n|move|p1a: Wo-Chien|Mean Look|p2a: Clodsire\n|-activate|p2a: Clodsire|trapped\n|move|p2a: Clodsire|Toxic|p1a: Wo-Chien\n|-immune|p1a: Wo-Chien\n|\n|-heal|p1a: Wo-Chien|51\/100|[from] item: Leftovers\n|upkeep\n|turn|7\n|inactive|Corbinc has 180 seconds left.\n|\n|t:|1700309543\n|move|p1a: Wo-Chien|Leech Seed|p2a: Clodsire\n|-start|p2a: Clodsire|move: Leech Seed\n|move|p2a: Clodsire|Earthquake|p1a: Wo-Chien\n|-supereffective|p1a: Wo-Chien\n|-damage|p1a: Wo-Chien|25\/100\n|\n|-heal|p1a: Wo-Chien|31\/100|[from] item: Leftovers\n|-damage|p2a: Clodsire|88\/100|[from] Leech Seed|[of] p1a: Wo-Chien\n|-heal|p1a: Wo-Chien|47\/100|[silent]\n|upkeep\n|turn|8\n|\n|t:|1700309551\n|move|p1a: Wo-Chien|Giga Drain|p2a: Clodsire\n|-damage|p2a: Clodsire|70\/100\n|-heal|p1a: Wo-Chien|59\/100|[from] drain|[of] p2a: Clodsire\n|move|p2a: Clodsire|Earthquake|p1a: Wo-Chien\n|-supereffective|p1a: Wo-Chien\n|-damage|p1a: Wo-Chien|33\/100\n|\n|-heal|p1a: Wo-Chien|39\/100|[from] item: Leftovers\n|-heal|p2a: Clodsire|77\/100|[from] item: Leftovers\n|-damage|p2a: Clodsire|64\/100|[from] Leech Seed|[of] p1a: Wo-Chien\n|-heal|p1a: Wo-Chien|56\/100|[silent]\n|upkeep\n|turn|9\n|inactive|Corbinc has 180 seconds left.\n|\n|t:|1700309557\n|move|p1a: Wo-Chien|Taunt|p2a: Clodsire\n|-start|p2a: Clodsire|move: Taunt\n|move|p2a: Clodsire|Earthquake|p1a: Wo-Chien\n|-supereffective|p1a: Wo-Chien\n|-damage|p1a: Wo-Chien|33\/100\n|\n|-heal|p1a: Wo-Chien|39\/100|[from] item: Leftovers\n|-heal|p2a: Clodsire|70\/100|[from] item: Leftovers\n|-damage|p2a: Clodsire|58\/100|[from] Leech Seed|[of] p1a: Wo-Chien\n|-heal|p1a: Wo-Chien|56\/100|[silent]\n|upkeep\n|turn|10\n|\n|t:|1700309562\n|move|p1a: Wo-Chien|Giga Drain|p2a: Clodsire\n|-damage|p2a: Clodsire|40\/100\n|-heal|p1a: Wo-Chien|68\/100|[from] drain|[of] p2a: Clodsire\n|move|p2a: Clodsire|Earthquake|p1a: Wo-Chien\n|-supereffective|p1a: Wo-Chien\n|-damage|p1a: Wo-Chien|43\/100\n|\n|-heal|p1a: Wo-Chien|49\/100|[from] item: Leftovers\n|-heal|p2a: Clodsire|47\/100|[from] item: Leftovers\n|-damage|p2a: Clodsire|34\/100|[from] Leech Seed|[of] p1a: Wo-Chien\n|-heal|p1a: Wo-Chien|66\/100|[silent]\n|upkeep\n|turn|11\n|\n|t:|1700309569\n|move|p1a: Wo-Chien|Giga Drain|p2a: Clodsire\n|-damage|p2a: Clodsire|14\/100\n|-heal|p1a: Wo-Chien|80\/100|[from] drain|[of] p2a: Clodsire\n|move|p2a: Clodsire|Earthquake|p1a: Wo-Chien\n|-supereffective|p1a: Wo-Chien\n|-damage|p1a: Wo-Chien|54\/100\n|\n|-heal|p1a: Wo-Chien|60\/100|[from] item: Leftovers\n|-heal|p2a: Clodsire|20\/100|[from] item: Leftovers\n|-damage|p2a: Clodsire|8\/100|[from] Leech Seed|[of] p1a: Wo-Chien\n|-heal|p1a: Wo-Chien|76\/100|[silent]\n|-end|p2a: Clodsire|move: Taunt\n|-sideend|p1: Corbinc|move: Light Screen\n|upkeep\n|turn|12\n|\n|t:|1700309578\n|move|p1a: Wo-Chien|Giga Drain|p2a: Clodsire\n|-damage|p2a: Clodsire|0 fnt\n|-heal|p1a: Wo-Chien|81\/100|[from] drain|[of] p2a: Clodsire\n|faint|p2a: Clodsire\n|\n|-heal|p1a: Wo-Chien|87\/100|[from] item: Leftovers\n|upkeep\n|inactive|F8S has 270 seconds left.\n|inactive|F8S has 240 seconds left.\n|inactive|F8S has 210 seconds left.\n|\n|t:|1700309674\n|switch|p2a: Frosmoth|Frosmoth, M|100\/100\n|turn|13\n|\n|t:|1700309679\n|move|p2a: Frosmoth|Quiver Dance|p2a: Frosmoth\n|-boost|p2a: Frosmoth|spa|1\n|-boost|p2a: Frosmoth|spd|1\n|-boost|p2a: Frosmoth|spe|1\n|move|p1a: Wo-Chien|Taunt|p2a: Frosmoth\n|-start|p2a: Frosmoth|move: Taunt\n|\n|-heal|p1a: Wo-Chien|93\/100|[from] item: Leftovers\n|upkeep\n|turn|14\n|inactive|F8S has 210 seconds left.\n|\n|t:|1700309717\n|-terastallize|p2a: Frosmoth|Ground\n|move|p2a: Frosmoth|Tera Blast|p1a: Wo-Chien|[anim] Tera Blast Ground\n|-supereffective|p1a: Wo-Chien\n|-damage|p1a: Wo-Chien|14\/100\n|move|p1a: Wo-Chien|Leech Seed|p2a: Frosmoth\n|-start|p2a: Frosmoth|move: Leech Seed\n|\n|-heal|p1a: Wo-Chien|20\/100|[from] item: Leftovers\n|-damage|p2a: Frosmoth|88\/100|[from] Leech Seed|[of] p1a: Wo-Chien\n|-heal|p1a: Wo-Chien|30\/100|[silent]\n|upkeep\n|turn|15\n|inactive|Corbinc has 210 seconds left.\n|inactive|Corbinc has 180 seconds left.\n|inactive|Corbinc has 150 seconds left.\n|\n|t:|1700309798\n|move|p2a: Frosmoth|Ice Beam|p1a: Wo-Chien\n|-damage|p1a: Wo-Chien|0 fnt\n|faint|p1a: Wo-Chien\n|\n|upkeep\n|\n|t:|1700309804\n|switch|p1a: Tinkaton|Tinkaton, F|100\/100\n|-damage|p1a: Tinkaton|88\/100|[from] Stealth Rock\n|turn|16\n|inactive|Corbinc has 150 seconds left.\n|inactive|Corbinc has 120 seconds left.\n|\n|t:|1700309858\n|move|p1a: Tinkaton|Shadow Sneak|p2a: Frosmoth\n|-damage|p2a: Frosmoth|63\/100\n|move|p2a: Frosmoth|Tera Blast|p1a: Tinkaton|[anim] Tera Blast Ground\n|-damage|p1a: Tinkaton|0 fnt\n|replace|p1a: Zoroark|Zoroark-Hisui, M\n|-end|p1a: Zoroark|Illusion\n|faint|p1a: Zoroark\n|\n|-end|p2a: Frosmoth|move: Taunt\n|upkeep\n|\n|t:|1700309870\n|switch|p1a: Grimmsnarl|Grimmsnarl, M|76\/100\n|-damage|p1a: Grimmsnarl|64\/100|[from] Stealth Rock\n|turn|17\n|inactive|F8S has 210 seconds left.\n|\n|t:|1700309909\n|move|p1a: Grimmsnarl|Light Screen|p1a: Grimmsnarl\n|-sidestart|p1: Corbinc|move: Light Screen\n|move|p2a: Frosmoth|Ice Beam|p1a: Grimmsnarl\n|-damage|p1a: Grimmsnarl|36\/100\n|\n|-damage|p2a: Frosmoth|51\/100|[from] Leech Seed|[of] p1a: Grimmsnarl\n|-heal|p1a: Grimmsnarl|45\/100|[silent]\n|upkeep\n|turn|18\n|\n|t:|1700309930\n|switch|p2a: Soft Hands|Hariyama, M|100\/100\n|move|p1a: Grimmsnarl|Sucker Punch||[still]\n|-fail|p1a: Grimmsnarl\n|\n|upkeep\n|turn|19\n|\n|t:|1700309939\n|move|p1a: Grimmsnarl|Parting Shot|p2a: Soft Hands\n|-unboost|p2a: Soft Hands|atk|1\n|-unboost|p2a: Soft Hands|spa|1\n|\n|t:|1700309942\n|switch|p1a: Thundurus|Thundurus-Therian, M|100\/100|[from] Parting Shot\n|-damage|p1a: Thundurus|75\/100|[from] Stealth Rock\n|move|p2a: Soft Hands|Belly Drum|p2a: Soft Hands\n|-damage|p2a: Soft Hands|50\/100\n|-setboost|p2a: Soft Hands|atk|6|[from] move: Belly Drum\n|-enditem|p2a: Soft Hands|Sitrus Berry|[eat]\n|-heal|p2a: Soft Hands|75\/100|[from] item: Sitrus Berry\n|\n|upkeep\n|turn|20\n|inactive|F8S has 210 seconds left.\n|inactive|F8S has 180 seconds left.\n|\n|t:|1700309986\n|move|p2a: Soft Hands|Bullet Punch|p1a: Thundurus\n|-resisted|p1a: Thundurus\n|-damage|p1a: Thundurus|33\/100\n|move|p1a: Thundurus|Foul Play|p2a: Soft Hands\n|-resisted|p2a: Soft Hands\n|-damage|p2a: Soft Hands|0 fnt\n|faint|p2a: Soft Hands\n|\n|upkeep\n|\n|t:|1700310002\n|switch|p2a: Frosmoth|Frosmoth, M|100\/100\n|-start|p2a: Frosmoth|typechange|Ground|[silent]\n|turn|21\n|\n|t:|1700310009\n|switch|p1a: Grimmsnarl|Grimmsnarl, M|45\/100\n|-damage|p1a: Grimmsnarl|33\/100|[from] Stealth Rock\n|move|p2a: Frosmoth|Dark Pulse|p1a: Grimmsnarl\n|-resisted|p1a: Grimmsnarl\n|-damage|p1a: Grimmsnarl|30\/100\n|\n|upkeep\n|turn|22\n|inactive|Corbinc has 120 seconds left.\n|inactive|F8S has 180 seconds left.\n|\n|t:|1700310026\n|switch|p2a: Slowking|Slowking, F|100\/100\n|move|p1a: Grimmsnarl|Sucker Punch||[still]\n|-fail|p1a: Grimmsnarl\n|\n|upkeep\n|turn|23\n|\n|t:|1700310035\n|move|p1a: Grimmsnarl|Parting Shot|p2a: Slowking\n|-unboost|p2a: Slowking|atk|1\n|-unboost|p2a: Slowking|spa|1\n|inactive|Corbinc has 120 seconds left.\n|\n|t:|1700310043\n|switch|p1a: Tinkaton|Tinkaton, F|100\/100|[from] Parting Shot\n|-damage|p1a: Tinkaton|94\/100|[from] Stealth Rock\n|-item|p1a: Tinkaton|Air Balloon\n|move|p2a: Slowking|Scald|p1a: Tinkaton\n|-damage|p1a: Tinkaton|86\/100\n|-enditem|p1a: Tinkaton|Air Balloon\n|\n|upkeep\n|turn|24\n|inactive|Corbinc has 120 seconds left.\n|\n|t:|1700310056\n|move|p1a: Tinkaton|Stealth Rock|p2a: Slowking\n|-sidestart|p2: F8S|move: Stealth Rock\n|move|p2a: Slowking|Scald|p1a: Tinkaton\n|-damage|p1a: Tinkaton|78\/100\n|\n|-sideend|p1: Corbinc|move: Light Screen\n|upkeep\n|turn|25\n|\n|t:|1700310065\n|move|p1a: Tinkaton|Gigaton Hammer|p2a: Slowking\n|-resisted|p2a: Slowking\n|-damage|p2a: Slowking|85\/100\n|move|p2a: Slowking|Scald|p1a: Tinkaton\n|-damage|p1a: Tinkaton|61\/100\n|-status|p1a: Tinkaton|brn\n|\n|-damage|p1a: Tinkaton|55\/100 brn|[from] brn\n|upkeep\n|turn|26\n|\n|t:|1700310073\n|move|p1a: Tinkaton|Encore|p2a: Slowking\n|-start|p2a: Slowking|Encore\n|move|p2a: Slowking|Scald|p1a: Tinkaton\n|-damage|p1a: Tinkaton|40\/100 brn\n|\n|-damage|p1a: Tinkaton|33\/100 brn|[from] brn\n|upkeep\n|turn|27\n|inactive|F8S has 210 seconds left.\n|\n|t:|1700310087\n|move|p1a: Tinkaton|Play Rough|p2a: Slowking|[miss]\n|-miss|p1a: Tinkaton|p2a: Slowking\n|move|p2a: Slowking|Scald|p1a: Tinkaton\n|-damage|p1a: Tinkaton|18\/100 brn\n|\n|-damage|p1a: Tinkaton|12\/100 brn|[from] brn\n|upkeep\n|turn|28\n|\n|t:|1700310092\n|move|p1a: Tinkaton|Play Rough|p2a: Slowking\n|-damage|p2a: Slowking|77\/100\n|move|p2a: Slowking|Scald|p1a: Tinkaton\n|-damage|p1a: Tinkaton|0 fnt\n|faint|p1a: Tinkaton\n|\n|-end|p2a: Slowking|Encore\n|upkeep\n|\n|t:|1700310097\n|switch|p1a: Grimmsnarl|Grimmsnarl, M|30\/100\n|-damage|p1a: Grimmsnarl|18\/100|[from] Stealth Rock\n|turn|29\n|\n|t:|1700310112\n|move|p1a: Grimmsnarl|Light Screen|p1a: Grimmsnarl\n|-sidestart|p1: Corbinc|move: Light Screen\n|move|p2a: Slowking|Chilly Reception|p2a: Slowking\n|-weather|Snow\n|\n|t:|1700310123\n|switch|p2a: Frosmoth|Frosmoth, M, tera:Ground|51\/100|[from] Chilly Reception\n|\n|-weather|Snow|[upkeep]\n|upkeep\n|turn|30\n|inactive|F8S has 210 seconds left.\n|\n|t:|1700310156\n|move|p1a: Grimmsnarl|Parting Shot|p2a: Frosmoth\n|-unboost|p2a: Frosmoth|atk|1\n|-unboost|p2a: Frosmoth|spa|1\n|\n|t:|1700310159\n|switch|p1a: Thundurus|Thundurus-Therian, M|33\/100|[from] Parting Shot\n|-damage|p1a: Thundurus|8\/100|[from] Stealth Rock\n|move|p2a: Frosmoth|Quiver Dance|p2a: Frosmoth\n|-boost|p2a: Frosmoth|spa|1\n|-boost|p2a: Frosmoth|spd|1\n|-boost|p2a: Frosmoth|spe|1\n|\n|-weather|Snow|[upkeep]\n|upkeep\n|turn|31\n|inactive|F8S has 210 seconds left.\n|inactive|Corbinc has 150 seconds left.\n|\n|t:|1700310208\n|move|p1a: Thundurus|Grass Knot|p2a: Frosmoth\n|-supereffective|p2a: Frosmoth\n|-damage|p2a: Frosmoth|33\/100\n|move|p2a: Frosmoth|Ice Beam|p1a: Thundurus\n|-supereffective|p1a: Thundurus\n|-damage|p1a: Thundurus|0 fnt\n|faint|p1a: Thundurus\n|\n|-weather|Snow|[upkeep]\n|upkeep\n|inactive|Corbinc has 120 seconds left.\n|\n|t:|1700310232\n|switch|p1a: Grimmsnarl|Grimmsnarl, M|18\/100\n|-damage|p1a: Grimmsnarl|6\/100|[from] Stealth Rock\n|turn|32\n|\n|t:|1700310238\n|move|p1a: Grimmsnarl|Sucker Punch||[still]\n|-fail|p1a: Grimmsnarl\n|move|p2a: Frosmoth|Quiver Dance|p2a: Frosmoth\n|-boost|p2a: Frosmoth|spa|1\n|-boost|p2a: Frosmoth|spd|1\n|-boost|p2a: Frosmoth|spe|1\n|\n|-weather|Snow|[upkeep]\n|upkeep\n|turn|33\n|inactive|Corbinc has 120 seconds left.\n|\n|t:|1700310250\n|move|p1a: Grimmsnarl|Parting Shot|p2a: Frosmoth\n|-unboost|p2a: Frosmoth|atk|1\n|-unboost|p2a: Frosmoth|spa|1\n|inactive|Corbinc has 120 seconds left.\n|\n|t:|1700310259\n|switch|p1a: Greninja|Greninja, M|100\/100|[from] Parting Shot\n|-damage|p1a: Greninja|88\/100|[from] Stealth Rock\n|move|p2a: Frosmoth|Ice Beam|p1a: Greninja\n|-resisted|p1a: Greninja\n|-damage|p1a: Greninja|71\/100\n|\n|-weather|none\n|upkeep\n|turn|34\n|inactive|Corbinc has 120 seconds left.\n|\n|t:|1700310298\n|move|p2a: Frosmoth|Bug Buzz|p1a: Greninja\n|-supereffective|p1a: Greninja\n|-crit|p1a: Greninja\n|-damage|p1a: Greninja|0 fnt\n|faint|p1a: Greninja\n|\n|upkeep\n|inactive|Corbinc has 90 seconds left.\n|\n|t:|1700310323\n|switch|p1a: Grimmsnarl|Grimmsnarl, M|6\/100\n|-damage|p1a: Grimmsnarl|0 fnt|[from] Stealth Rock\n|faint|p1a: Grimmsnarl\n|\n|win|F8S\n","uploadtime":1700310329,"views":18,"p1id":"corbinc","p2id":"f8s","formatid":"gen9ou","rating":0,"private":0,"password":""}