{"id":"gen9ou-1992084066","p1":"Sick Fiesta","p2":"pok3monjake","format":"[Gen 9] OU","log":"|j|\u2606Sick Fiesta\n|j|\u2606pok3monjake\n|t:|1700153726\n|gametype|singles\n|player|p1|Sick Fiesta|102|1502\n|player|p2|pok3monjake|unknown|1581\n|teamsize|p1|6\n|teamsize|p2|6\n|gen|9\n|tier|[Gen 9] OU\n|rated|\n|rule|Sleep Clause Mod: Limit one foe put to sleep\n|rule|Species Clause: Limit one of each Pok\u00e9mon\n|rule|OHKO Clause: OHKO moves are banned\n|rule|Evasion Items Clause: Evasion items are banned\n|rule|Evasion Moves Clause: Evasion moves are banned\n|rule|Endless Battle Clause: Forcing endless battles is banned\n|rule|HP Percentage Mod: HP is shown in percentages\n|clearpoke\n|poke|p1|Kommo-o, M|\n|poke|p1|Ogerpon, F|\n|poke|p1|Iron Valiant|\n|poke|p1|Iron Treads|\n|poke|p1|Enamorus, F|\n|poke|p1|Dragonite, M|\n|poke|p2|Sandslash-Alola, M|\n|poke|p2|Slowking-Galar, M|\n|poke|p2|Cinderace, M|\n|poke|p2|Ninetales-Alola, M|\n|poke|p2|Kingambit, F|\n|poke|p2|Great Tusk|\n|teampreview\n|\n|t:|1700153751\n|start\n|switch|p1a: Iron Treads|Iron Treads|100\/100\n|switch|p2a: Ninetales|Ninetales-Alola, M|100\/100\n|-weather|Snow|[from] ability: Snow Warning|[of] p2a: Ninetales\n|-enditem|p1a: Iron Treads|Booster Energy\n|-activate|p1a: Iron Treads|ability: Quark Drive|[fromitem]\n|-start|p1a: Iron Treads|quarkdrivespe\n|turn|1\n|inactive|Battle timer is ON: inactive players will automatically lose when time's up. (requested by Sick Fiesta)\n|\n|t:|1700153765\n|switch|p2a: Great Tusk|Great Tusk|100\/100\n|move|p1a: Iron Treads|Steel Beam|p2a: Great Tusk|[miss]\n|-miss|p1a: Iron Treads|p2a: Great Tusk\n|-damage|p1a: Iron Treads|50\/100|[from] steelbeam\n|\n|-weather|Snow|[upkeep]\n|upkeep\n|turn|2\n|\n|t:|1700153779\n|-end|p2a: Great Tusk|Protosynthesis|[silent]\n|switch|p2a: Slowking|Slowking-Galar, M|100\/100\n|move|p1a: Iron Treads|Steel Beam|p2a: Slowking\n|-damage|p2a: Slowking|78\/100\n|-damage|p1a: Iron Treads|0 fnt|[from] steelbeam\n|faint|p1a: Iron Treads\n|-end|p1a: Iron Treads|Quark Drive|[silent]\n|\n|-weather|Snow|[upkeep]\n|upkeep\n|\n|t:|1700153784\n|switch|p1a: Ogerpon|Ogerpon, F|100\/100\n|turn|3\n|\n|t:|1700153801\n|move|p1a: Ogerpon|Knock Off|p2a: Slowking\n|-supereffective|p2a: Slowking\n|-damage|p2a: Slowking|0 fnt\n|-enditem|p2a: Slowking|Heavy-Duty Boots|[from] move: Knock Off|[of] p1a: Ogerpon\n|faint|p2a: Slowking\n|\n|-weather|Snow|[upkeep]\n|upkeep\n|inactive|pok3monjake has 120 seconds left.\n|\n|t:|1700153846\n|switch|p2a: Sandslash|Sandslash-Alola, M|100\/100\n|turn|4\n|\n|t:|1700153852\n|move|p2a: Sandslash|Icicle Spear|p1a: Ogerpon\n|-supereffective|p1a: Ogerpon\n|-damage|p1a: Ogerpon|68\/100\n|-supereffective|p1a: Ogerpon\n|-damage|p1a: Ogerpon|33\/100\n|-supereffective|p1a: Ogerpon\n|-damage|p1a: Ogerpon|0 fnt\n|faint|p1a: Ogerpon\n|-hitcount|p1: Ogerpon|3\n|\n|-weather|Snow|[upkeep]\n|upkeep\n|\n|t:|1700153861\n|switch|p1a: Iron Valiant|Iron Valiant|100\/100\n|-enditem|p1a: Iron Valiant|Booster Energy\n|-activate|p1a: Iron Valiant|ability: Quark Drive|[fromitem]\n|-start|p1a: Iron Valiant|quarkdrivespe\n|turn|5\n|inactive|pok3monjake has 90 seconds left.\n|\n|t:|1700153892\n|-terastallize|p2a: Sandslash|Flying\n|move|p1a: Iron Valiant|Focus Blast|p2a: Sandslash|[miss]\n|-miss|p1a: Iron Valiant|p2a: Sandslash\n|move|p2a: Sandslash|Icicle Spear|p1a: Iron Valiant\n|-damage|p1a: Iron Valiant|85\/100\n|-damage|p1a: Iron Valiant|69\/100\n|-crit|p1a: Iron Valiant\n|-damage|p1a: Iron Valiant|47\/100\n|-damage|p1a: Iron Valiant|31\/100\n|-hitcount|p1a: Iron Valiant|4\n|\n|-weather|Snow|[upkeep]\n|upkeep\n|turn|6\n|inactive|pok3monjake has 90 seconds left.\n|\n|t:|1700153909\n|move|p1a: Iron Valiant|Moonblast|p2a: Sandslash\n|-damage|p2a: Sandslash|21\/100\n|move|p2a: Sandslash|Icicle Spear|p1a: Iron Valiant\n|-damage|p1a: Iron Valiant|14\/100\n|-damage|p1a: Iron Valiant|0 fnt\n|faint|p1a: Iron Valiant\n|-end|p1a: Iron Valiant|Quark Drive|[silent]\n|-hitcount|p1: Iron Valiant|2\n|\n|-weather|Snow|[upkeep]\n|upkeep\n|\n|t:|1700153917\n|switch|p1a: Dragonite|Dragonite, M|100\/100\n|turn|7\n|\n|t:|1700153928\n|switch|p2a: Great Tusk|Great Tusk|100\/100\n|-terastallize|p1a: Dragonite|Normal\n|move|p1a: Dragonite|Dragon Dance|p1a: Dragonite\n|-boost|p1a: Dragonite|atk|1\n|-boost|p1a: Dragonite|spe|1\n|\n|-weather|Snow|[upkeep]\n|upkeep\n|turn|8\n|\n|t:|1700153935\n|move|p1a: Dragonite|Dragon Dance|p1a: Dragonite\n|-boost|p1a: Dragonite|atk|1\n|-boost|p1a: Dragonite|spe|1\n|move|p2a: Great Tusk|Bulk Up|p2a: Great Tusk\n|-boost|p2a: Great Tusk|atk|1\n|-boost|p2a: Great Tusk|def|1\n|\n|-weather|none\n|upkeep\n|turn|9\n|inactive|pok3monjake has 90 seconds left.\n|\n|t:|1700153963\n|switch|p1a: Kommo-o|Kommo-o, M|100\/100\n|move|p2a: Great Tusk|Bulk Up|p2a: Great Tusk\n|-boost|p2a: Great Tusk|atk|1\n|-boost|p2a: Great Tusk|def|1\n|\n|upkeep\n|turn|10\n|inactive|pok3monjake has 90 seconds left.\n|\n|t:|1700153983\n|move|p2a: Great Tusk|Ice Spinner|p1a: Kommo-o\n|-supereffective|p1a: Kommo-o\n|-damage|p1a: Kommo-o|18\/100\n|move|p1a: Kommo-o|Clanging Scales|p2a: Great Tusk\n|-damage|p2a: Great Tusk|43\/100\n|-unboost|p1a: Kommo-o|def|1\n|\n|-heal|p2a: Great Tusk|49\/100|[from] item: Leftovers\n|-heal|p1a: Kommo-o|24\/100|[from] item: Leftovers\n|upkeep\n|turn|11\n|\n|t:|1700153993\n|move|p2a: Great Tusk|Rapid Spin|p1a: Kommo-o\n|-crit|p1a: Kommo-o\n|-damage|p1a: Kommo-o|0 fnt\n|-boost|p2a: Great Tusk|spe|1\n|faint|p1a: Kommo-o\n|\n|-heal|p2a: Great Tusk|55\/100|[from] item: Leftovers\n|upkeep\n|\n|t:|1700153997\n|switch|p1a: Enamorus|Enamorus, F|100\/100\n|turn|12\n|inactive|pok3monjake has 90 seconds left.\n|\n|t:|1700154003\n|move|p2a: Great Tusk|Ice Spinner|p1a: Enamorus\n|-supereffective|p1a: Enamorus\n|-enditem|p1a: Enamorus|Focus Sash\n|-damage|p1a: Enamorus|1\/100\n|move|p1a: Enamorus|Moonblast|p2a: Great Tusk\n|-supereffective|p2a: Great Tusk\n|-damage|p2a: Great Tusk|0 fnt\n|faint|p2a: Great Tusk\n|-end|p2a: Great Tusk|Protosynthesis|[silent]\n|\n|upkeep\n|inactive|pok3monjake has 90 seconds left.\n|\n|t:|1700154021\n|switch|p2a: Cinderace|Cinderace, M|100\/100\n|turn|13\n|\n|t:|1700154024\n|move|p2a: Cinderace|Pyro Ball|p1a: Enamorus\n|-damage|p1a: Enamorus|0 fnt\n|faint|p1a: Enamorus\n|\n|upkeep\n|\n|t:|1700154027\n|switch|p1a: Dragonite|Dragonite, M, tera:Normal|100\/100\n|turn|14\n|\n|t:|1700154031\n|move|p2a: Cinderace|Will-O-Wisp|p1a: Dragonite\n|-status|p1a: Dragonite|brn\n|move|p1a: Dragonite|Dragon Dance|p1a: Dragonite\n|-boost|p1a: Dragonite|atk|1\n|-boost|p1a: Dragonite|spe|1\n|\n|-damage|p1a: Dragonite|94\/100 brn|[from] brn\n|upkeep\n|turn|15\n|-message|Sick Fiesta forfeited.\n|\n|win|pok3monjake\n|raw|Sick Fiesta's rating: 1502 &rarr; <strong>1486<\/strong><br \/>(-16 for losing)\n|raw|pok3monjake's rating: 1581 &rarr; <strong>1597<\/strong><br \/>(+16 for winning)\n|l|\u2606Sick Fiesta\n","uploadtime":1700154053,"views":9,"p1id":"sickfiesta","p2id":"pok3monjake","formatid":"gen9ou","rating":1486,"private":0,"password":""}