{"id":"gen9ou-1989604543","p1":"tumblezz","p2":"HEAVY-DUTY B0OTY","format":"[Gen 9] OU","log":"|j|\u2606tumblezz\n|j|\u2606HEAVY-DUTY B0OTY\n|inactive|Battle timer is ON: inactive players will automatically lose when time's up.\n|t:|1699877759\n|gametype|singles\n|player|p1|tumblezz|1|\n|player|p2|HEAVY-DUTY B0OTY|swimmerf-gen6|\n|teamsize|p1|4\n|teamsize|p2|4\n|gen|9\n|tier|[Gen 9] OU\n|rated|Tournament battle\n|rule|Sleep Clause Mod: Limit one foe put to sleep\n|rule|Species Clause: Limit one of each Pok\u00e9mon\n|rule|OHKO Clause: OHKO moves are banned\n|rule|Evasion Items Clause: Evasion items are banned\n|rule|Evasion Moves Clause: Evasion moves are banned\n|rule|Endless Battle Clause: Forcing endless battles is banned\n|rule|HP Percentage Mod: HP is shown in percentages\n|clearpoke\n|poke|p1|Sneasel-Hisui, M|\n|poke|p1|Piloswine, F|\n|poke|p1|Glimmet, M|\n|poke|p1|Breloom, M|\n|poke|p2|Meowth-Alola, F|\n|poke|p2|Dratini, M|\n|poke|p2|Polteageist|\n|poke|p2|Bonsly, M|\n|teampreview\n|j|*Lady Monita \u2746\n|\n|t:|1699877778\n|start\n|switch|p1a: Glimmet|Glimmet, M|100\/100\n|switch|p2a: Meowth|Meowth-Alola, F|100\/100\n|turn|1\n|j| Yeet259\n|\n|t:|1699877784\n|move|p2a: Meowth|Taunt|p1a: Glimmet\n|-start|p1a: Glimmet|move: Taunt\n|cant|p1a: Glimmet|move: Taunt|Stealth Rock\n|\n|upkeep\n|turn|2\n|\n|t:|1699877798\n|move|p2a: Meowth|Dark Pulse|p1a: Glimmet\n|-damage|p1a: Glimmet|75\/100\n|move|p1a: Glimmet|Sludge Wave|p2a: Meowth\n|-damage|p2a: Meowth|15\/100\n|\n|upkeep\n|turn|3\n|\n|t:|1699877804\n|move|p2a: Meowth|Dark Pulse|p1a: Glimmet\n|-damage|p1a: Glimmet|49\/100\n|move|p1a: Glimmet|Sludge Wave|p2a: Meowth\n|-damage|p2a: Meowth|0 fnt\n|faint|p2a: Meowth\n|\n|-end|p1a: Glimmet|move: Taunt\n|upkeep\n|\n|t:|1699877812\n|switch|p2a: Polteageist|Polteageist|100\/100\n|turn|4\n|\n|t:|1699877816\n|move|p2a: Polteageist|Shell Smash|p2a: Polteageist\n|-unboost|p2a: Polteageist|def|1\n|-unboost|p2a: Polteageist|spd|1\n|-boost|p2a: Polteageist|atk|2\n|-boost|p2a: Polteageist|spa|2\n|-boost|p2a: Polteageist|spe|2\n|move|p1a: Glimmet|Sludge Wave|p2a: Polteageist\n|-resisted|p2a: Polteageist\n|-damage|p2a: Polteageist|61\/100\n|\n|upkeep\n|turn|5\n|inactive|HEAVY-DUTY B0OTY has 120 seconds left.\n|\n|t:|1699877849\n|move|p2a: Polteageist|Shadow Ball|p1a: Glimmet\n|-damage|p1a: Glimmet|0 fnt\n|faint|p1a: Glimmet\n|\n|upkeep\n|\n|t:|1699877855\n|switch|p1a: Sneasel|Sneasel-Hisui, M|100\/100\n|turn|6\n|\n|t:|1699877866\n|move|p2a: Polteageist|Stored Power|p1a: Sneasel\n|-supereffective|p1a: Sneasel\n|-enditem|p1a: Sneasel|Focus Sash\n|-damage|p1a: Sneasel|1\/100\n|move|p1a: Sneasel|Night Slash|p2a: Polteageist\n|-supereffective|p2a: Polteageist\n|-damage|p2a: Polteageist|0 fnt\n|faint|p2a: Polteageist\n|\n|upkeep\n|inactive|HEAVY-DUTY B0OTY has 120 seconds left.\n|\n|t:|1699877895\n|switch|p2a: Bonsly|Bonsly, M|100\/100\n|turn|7\n|\n|t:|1699877901\n|move|p2a: Bonsly|Sucker Punch|p1a: Sneasel\n|-resisted|p1a: Sneasel\n|-damage|p1a: Sneasel|0 fnt\n|faint|p1a: Sneasel\n|\n|upkeep\n|\n|t:|1699877905\n|switch|p1a: Breloom|Breloom, M|100\/100\n|turn|8\n|\n|t:|1699877910\n|move|p1a: Breloom|Spore|p2a: Bonsly\n|-status|p2a: Bonsly|slp|[from] move: Spore\n|cant|p2a: Bonsly|slp\n|\n|upkeep\n|turn|9\n|\n|t:|1699877922\n|move|p1a: Breloom|Swords Dance|p1a: Breloom\n|-boost|p1a: Breloom|atk|2\n|-curestatus|p2a: Bonsly|slp|[msg]\n|move|p2a: Bonsly|Stealth Rock|p1a: Breloom\n|-sidestart|p1: tumblezz|move: Stealth Rock\n|\n|upkeep\n|turn|10\n|\n|t:|1699877929\n|move|p1a: Breloom|Spore|p2a: Bonsly\n|-status|p2a: Bonsly|slp|[from] move: Spore\n|cant|p2a: Bonsly|slp\n|\n|upkeep\n|turn|11\n|\n|t:|1699877934\n|move|p1a: Breloom|Bullet Seed|p2a: Bonsly\n|-supereffective|p2a: Bonsly\n|-crit|p2a: Bonsly\n|-ability|p2a: Bonsly|Sturdy\n|-damage|p2a: Bonsly|1\/100 slp\n|-supereffective|p2a: Bonsly\n|-damage|p2a: Bonsly|0 fnt\n|faint|p2a: Bonsly\n|-hitcount|p2: Bonsly|2\n|\n|upkeep\n|-message|HEAVY-DUTY B0OTY forfeited.\n|\n|win|tumblezz\n|n|\u2606tumblezz|tumblezz\n|n|\u2606HEAVY-DUTY B0OTY|heavydutyb0oty\n|n|*Lady Monita \u2746|ladymonita\n|n| Yeet259|yeet259\n","uploadtime":1699877954,"views":9,"p1id":"tumblezz","p2id":"heavydutyb0oty","formatid":"gen9ou","rating":0,"private":0,"password":""}