{"id":"gen9ou-1996002623","p1":"king L1","p2":"Burnout Team","format":"[Gen 9] OU","log":"|j|\u2606king L1\n|j|\u2606Burnout Team\n|t:|1700627815\n|gametype|singles\n|player|p1|king L1|ethan|1123\n|player|p2|Burnout Team|flannery|1076\n|teamsize|p1|6\n|teamsize|p2|6\n|gen|9\n|tier|[Gen 9] OU\n|rated|\n|rule|Sleep Clause Mod: Limit one foe put to sleep\n|rule|Species Clause: Limit one of each Pok\u00e9mon\n|rule|OHKO Clause: OHKO moves are banned\n|rule|Evasion Items Clause: Evasion items are banned\n|rule|Evasion Moves Clause: Evasion moves are banned\n|rule|Endless Battle Clause: Forcing endless battles is banned\n|rule|HP Percentage Mod: HP is shown in percentages\n|clearpoke\n|poke|p1|Slowking, M|\n|poke|p1|Azumarill, F|\n|poke|p1|Avalugg, F|\n|poke|p1|Greninja-*, M|\n|poke|p1|Dragapult, M|\n|poke|p1|Ninetales-Alola, F|\n|poke|p2|Ribombee, F|\n|poke|p2|Dragapult, M|\n|poke|p2|Kingambit, F|\n|poke|p2|Great Tusk|\n|poke|p2|Iron Valiant|\n|poke|p2|Gholdengo|\n|teampreview\n|\n|t:|1700627826\n|start\n|switch|p1a: Ninetales|Ninetales-Alola, F|100\/100\n|switch|p2a: MegaSpidops|Ribombee, F, shiny|100\/100\n|-weather|Snow|[from] ability: Snow Warning|[of] p1a: Ninetales\n|turn|1\n|\n|t:|1700627842\n|move|p2a: MegaSpidops|Sticky Web|p1a: Ninetales\n|-sidestart|p1: king L1|move: Sticky Web\n|move|p1a: Ninetales|Aurora Veil|p1a: Ninetales\n|-sidestart|p1: king L1|move: Aurora Veil\n|\n|-weather|Snow|[upkeep]\n|upkeep\n|turn|2\n|\n|t:|1700627848\n|switch|p1a: Avalugg|Avalugg, F|100\/100\n|-activate|p1a: Avalugg|move: Sticky Web\n|-unboost|p1a: Avalugg|spe|1\n|move|p2a: MegaSpidops|Stun Spore|p1a: Avalugg|[miss]\n|-miss|p2a: MegaSpidops|p1a: Avalugg\n|\n|-weather|Snow|[upkeep]\n|upkeep\n|turn|3\n|\n|t:|1700627857\n|move|p2a: MegaSpidops|Stun Spore|p1a: Avalugg\n|-status|p1a: Avalugg|par\n|cant|p1a: Avalugg|par\n|\n|-weather|Snow|[upkeep]\n|upkeep\n|turn|4\n|\n|t:|1700627864\n|move|p2a: MegaSpidops|Moonblast|p1a: Avalugg\n|-damage|p1a: Avalugg|71\/100 par\n|cant|p1a: Avalugg|par\n|\n|-weather|Snow|[upkeep]\n|-heal|p1a: Avalugg|77\/100 par|[from] ability: Ice Body\n|upkeep\n|turn|5\n|\n|t:|1700627873\n|move|p2a: MegaSpidops|Moonblast|p1a: Avalugg\n|-damage|p1a: Avalugg|44\/100 par\n|move|p1a: Avalugg|Body Press|p2a: MegaSpidops\n|-resisted|p2a: MegaSpidops\n|-damage|p2a: MegaSpidops|80\/100\n|\n|-weather|none\n|-sideend|p1: king L1|move: Aurora Veil\n|upkeep\n|turn|6\n|\n|t:|1700627882\n|move|p2a: MegaSpidops|Moonblast|p1a: Avalugg\n|-damage|p1a: Avalugg|0 fnt\n|faint|p1a: Avalugg\n|\n|upkeep\n|\n|t:|1700627888\n|switch|p1a: Dragapult|Dragapult, M|100\/100\n|-activate|p1a: Dragapult|move: Sticky Web\n|-unboost|p1a: Dragapult|spe|1\n|turn|7\n|\n|t:|1700627894\n|move|p2a: MegaSpidops|Moonblast|p1a: Dragapult\n|-supereffective|p1a: Dragapult\n|-damage|p1a: Dragapult|0 fnt\n|-start|p2a: MegaSpidops|Disable|Moonblast|[from] ability: Cursed Body|[of] p1a: Dragapult\n|faint|p1a: Dragapult\n|\n|upkeep\n|\n|t:|1700627902\n|switch|p1a: Ninetales|Ninetales-Alola, F|100\/100\n|-activate|p1a: Ninetales|move: Sticky Web\n|-unboost|p1a: Ninetales|spe|1\n|-weather|Snow|[from] ability: Snow Warning|[of] p1a: Ninetales\n|turn|8\n|\n|t:|1700627911\n|move|p2a: MegaSpidops|Stun Spore|p1a: Ninetales\n|-status|p1a: Ninetales|par\n|move|p1a: Ninetales|Blizzard|p2a: MegaSpidops\n|-damage|p2a: MegaSpidops|9\/100\n|\n|-weather|Snow|[upkeep]\n|upkeep\n|turn|9\n|\n|t:|1700627919\n|move|p2a: MegaSpidops|Psychic|p1a: Ninetales\n|-damage|p1a: Ninetales|74\/100 par\n|move|p1a: Ninetales|Aurora Veil|p1a: Ninetales\n|-sidestart|p1: king L1|move: Aurora Veil\n|\n|-weather|Snow|[upkeep]\n|upkeep\n|turn|10\n|\n|t:|1700627926\n|move|p2a: MegaSpidops|Psychic|p1a: Ninetales\n|-crit|p1a: Ninetales\n|-damage|p1a: Ninetales|38\/100 par\n|move|p1a: Ninetales|Blizzard|p2a: MegaSpidops\n|-damage|p2a: MegaSpidops|0 fnt\n|faint|p2a: MegaSpidops\n|\n|-weather|Snow|[upkeep]\n|upkeep\n|\n|t:|1700627940\n|switch|p2a: gholdengover..|Gholdengo|100\/100\n|-item|p2a: gholdengover..|Air Balloon\n|turn|11\n|\n|t:|1700627945\n|move|p2a: gholdengover..|Nasty Plot|p2a: gholdengover..\n|-boost|p2a: gholdengover..|spa|2\n|cant|p1a: Ninetales|par\n|\n|-weather|Snow|[upkeep]\n|upkeep\n|turn|12\n|\n|t:|1700627953\n|move|p2a: gholdengover..|Shadow Ball|p1a: Ninetales\n|-damage|p1a: Ninetales|0 fnt\n|faint|p1a: Ninetales\n|\n|-weather|none\n|upkeep\n|\n|t:|1700627963\n|switch|p1a: Greninja|Greninja, M|100\/100\n|-activate|p1a: Greninja|move: Sticky Web\n|-unboost|p1a: Greninja|spe|1\n|turn|13\n|\n|t:|1700627982\n|move|p2a: gholdengover..|Shadow Ball|p1a: Greninja\n|-resisted|p1a: Greninja\n|-damage|p1a: Greninja|68\/100\n|move|p1a: Greninja|Counter||[still]\n|-fail|p1a: Greninja\n|\n|-sideend|p1: king L1|move: Aurora Veil\n|upkeep\n|turn|14\n|\n|t:|1700627991\n|move|p2a: gholdengover..|Make It Rain|p1a: Greninja\n|-resisted|p1a: Greninja\n|-damage|p1a: Greninja|0 fnt\n|-unboost|p2a: gholdengover..|spa|1\n|faint|p1a: Greninja\n|\n|upkeep\n|\n|t:|1700628000\n|switch|p1a: Slowking|Slowking, M|100\/100\n|-activate|p1a: Slowking|move: Sticky Web\n|-unboost|p1a: Slowking|spe|1\n|turn|15\n|\n|t:|1700628008\n|move|p2a: gholdengover..|Shadow Ball|p1a: Slowking\n|-supereffective|p1a: Slowking\n|-damage|p1a: Slowking|10\/100\n|move|p1a: Slowking|Body Slam|p2a: gholdengover..\n|-immune|p2a: gholdengover..\n|\n|upkeep\n|turn|16\n|\n|t:|1700628016\n|move|p2a: gholdengover..|Shadow Ball|p1a: Slowking\n|-supereffective|p1a: Slowking\n|-damage|p1a: Slowking|0 fnt\n|faint|p1a: Slowking\n|\n|upkeep\n|\n|t:|1700628022\n|switch|p1a: Azumarill|Azumarill, F|100\/100\n|-activate|p1a: Azumarill|move: Sticky Web\n|-unboost|p1a: Azumarill|spe|1\n|turn|17\n|\n|t:|1700628032\n|move|p2a: gholdengover..|Make It Rain|p1a: Azumarill\n|-damage|p1a: Azumarill|0 fnt\n|-unboost|p2a: gholdengover..|spa|1\n|faint|p1a: Azumarill\n|\n|win|Burnout Team\n|raw|king L1's rating: 1123 &rarr; <strong>1095<\/strong><br \/>(-28 for losing)\n|raw|Burnout Team's rating: 1076 &rarr; <strong>1108<\/strong><br \/>(+32 for winning)\n|l|\u2606king L1\n","uploadtime":1700628044,"views":0,"p1id":"kingl1","p2id":"burnoutteam","formatid":"gen9ou","rating":1095,"private":0,"password":""}