{"id":"gen9ou-1997929855","p1":"Horeveve","p2":"StinkyBinky609","format":"[Gen 9] OU","log":"|j|\u2606Horeveve\n|j|\u2606StinkyBinky609\n|t:|1700868696\n|gametype|singles\n|player|p1|Horeveve|palmer|1304\n|player|p2|StinkyBinky609|170|1345\n|teamsize|p1|6\n|teamsize|p2|6\n|gen|9\n|tier|[Gen 9] OU\n|rated|\n|rule|Sleep Clause Mod: Limit one foe put to sleep\n|rule|Species Clause: Limit one of each Pok\u00e9mon\n|rule|OHKO Clause: OHKO moves are banned\n|rule|Evasion Items Clause: Evasion items are banned\n|rule|Evasion Moves Clause: Evasion moves are banned\n|rule|Endless Battle Clause: Forcing endless battles is banned\n|rule|HP Percentage Mod: HP is shown in percentages\n|clearpoke\n|poke|p1|Corviknight, M|\n|poke|p1|Kleavor, M|\n|poke|p1|Samurott-Hisui, M|\n|poke|p1|Mew|\n|poke|p1|Arcanine-Hisui, M|\n|poke|p1|Great Tusk|\n|poke|p2|Great Tusk|\n|poke|p2|Chandelure, F|\n|poke|p2|Kilowattrel, M|\n|poke|p2|Iron Valiant|\n|poke|p2|Piloswine, F|\n|poke|p2|Ogerpon, F|\n|teampreview\n|inactive|Battle timer is ON: inactive players will automatically lose when time's up. (requested by StinkyBinky609)\n|\n|t:|1700868716\n|start\n|switch|p1a: Samurott|Samurott-Hisui, M|100\/100\n|switch|p2a: Ogerpon-Shitspring|Ogerpon, F|100\/100\n|turn|1\n|\n|t:|1700868739\n|switch|p1a: Corviknight|Corviknight, M|100\/100\n|move|p2a: Ogerpon-Shitspring|U-turn|p1a: Corviknight\n|-resisted|p1a: Corviknight\n|-damage|p1a: Corviknight|95\/100\n|\n|t:|1700868749\n|switch|p2a: Chandy|Chandelure, F|100\/100|[from] U-turn\n|\n|-heal|p1a: Corviknight|100\/100|[from] item: Leftovers\n|upkeep\n|turn|2\n|\n|t:|1700868761\n|switch|p1a: Arcanine|Arcanine-Hisui, M|100\/100\n|move|p2a: Chandy|Overheat|p1a: Arcanine\n|-resisted|p1a: Arcanine\n|-damage|p1a: Arcanine|65\/100\n|-unboost|p2a: Chandy|spa|2\n|\n|upkeep\n|turn|3\n|\n|t:|1700868770\n|switch|p2a: Elon Musk|Great Tusk|100\/100\n|move|p1a: Arcanine|Head Smash|p2a: Elon Musk\n|-resisted|p2a: Elon Musk\n|-damage|p2a: Elon Musk|84\/100\n|-damage|p1a: Arcanine|55\/100|[from] item: Life Orb\n|\n|upkeep\n|turn|4\n|inactive|Horeveve has 120 seconds left.\n|\n|t:|1700868801\n|switch|p1a: Corviknight|Corviknight, M|100\/100\n|move|p2a: Elon Musk|Close Combat|p1a: Corviknight\n|-damage|p1a: Corviknight|60\/100\n|-unboost|p2a: Elon Musk|def|1\n|-unboost|p2a: Elon Musk|spd|1\n|\n|-heal|p1a: Corviknight|66\/100|[from] item: Leftovers\n|upkeep\n|turn|5\n|inactive|Horeveve has 120 seconds left.\n|\n|t:|1700868814\n|move|p2a: Elon Musk|Close Combat|p1a: Corviknight\n|-damage|p1a: Corviknight|30\/100\n|-unboost|p2a: Elon Musk|def|1\n|-unboost|p2a: Elon Musk|spd|1\n|move|p1a: Corviknight|Iron Defense|p1a: Corviknight\n|-boost|p1a: Corviknight|def|2\n|\n|-heal|p1a: Corviknight|37\/100|[from] item: Leftovers\n|upkeep\n|turn|6\n|\n|t:|1700868823\n|-end|p2a: Elon Musk|Protosynthesis|[silent]\n|switch|p2a: Chandy|Chandelure, F|100\/100\n|move|p1a: Corviknight|Roost|p1a: Corviknight\n|-heal|p1a: Corviknight|87\/100\n|-singleturn|p1a: Corviknight|move: Roost\n|\n|-heal|p1a: Corviknight|93\/100|[from] item: Leftovers\n|upkeep\n|turn|7\n|inactive|Horeveve has 120 seconds left.\n|\n|t:|1700868848\n|switch|p1a: Samurott|Samurott-Hisui, M|100\/100\n|move|p2a: Chandy|Overheat|p1a: Samurott\n|-resisted|p1a: Samurott\n|-damage|p1a: Samurott|17\/100\n|-unboost|p2a: Chandy|spa|2\n|\n|upkeep\n|turn|8\n|\n|t:|1700868858\n|switch|p2a: Elon Musk|Great Tusk|84\/100\n|move|p1a: Samurott|Ceaseless Edge|p2a: Elon Musk\n|-resisted|p2a: Elon Musk\n|-damage|p2a: Elon Musk|61\/100\n|-sidestart|p2: StinkyBinky609|Spikes\n|\n|upkeep\n|turn|9\n|\n|t:|1700868871\n|move|p2a: Elon Musk|Rapid Spin|p1a: Samurott\n|-damage|p1a: Samurott|0 fnt\n|-boost|p2a: Elon Musk|spe|1\n|-sideend|p2: StinkyBinky609|Spikes|[from] move: Rapid Spin|[of] p2a: Elon Musk\n|faint|p1a: Samurott\n|\n|upkeep\n|inactive|Horeveve has 90 seconds left.\n|\n|t:|1700868902\n|switch|p1a: Mew|Mew|100\/100\n|turn|10\n|\n|t:|1700868906\n|-end|p2a: Elon Musk|Protosynthesis|[silent]\n|switch|p2a: Chandy|Chandelure, F|100\/100\n|move|p1a: Mew|Dragon Dance|p1a: Mew\n|-boost|p1a: Mew|atk|1\n|-boost|p1a: Mew|spe|1\n|\n|upkeep\n|turn|11\n|\n|t:|1700868917\n|switch|p2a: Small Tusk|Piloswine, F|100\/100\n|move|p1a: Mew|Earthquake|p2a: Small Tusk\n|-damage|p2a: Small Tusk|73\/100\n|\n|upkeep\n|turn|12\n|\n|t:|1700868928\n|move|p1a: Mew|Dragon Dance|p1a: Mew\n|-boost|p1a: Mew|atk|1\n|-boost|p1a: Mew|spe|1\n|move|p2a: Small Tusk|Scary Face|p1a: Mew\n|-unboost|p1a: Mew|spe|2\n|\n|upkeep\n|turn|13\n|\n|t:|1700868940\n|move|p1a: Mew|Play Rough|p2a: Small Tusk\n|-damage|p2a: Small Tusk|39\/100\n|move|p2a: Small Tusk|Scary Face|p1a: Mew\n|-unboost|p1a: Mew|spe|2\n|\n|upkeep\n|turn|14\n|\n|t:|1700868950\n|move|p1a: Mew|Earthquake|p2a: Small Tusk\n|-damage|p2a: Small Tusk|1\/100\n|move|p2a: Small Tusk|Earthquake|p1a: Mew\n|-damage|p1a: Mew|51\/100\n|\n|upkeep\n|turn|15\n|\n|t:|1700868963\n|move|p2a: Small Tusk|Ice Shard|p1a: Mew\n|-damage|p1a: Mew|34\/100\n|move|p1a: Mew|Poison Jab|p2a: Small Tusk\n|-resisted|p2a: Small Tusk\n|-damage|p2a: Small Tusk|0 fnt\n|faint|p2a: Small Tusk\n|\n|upkeep\n|\n|t:|1700868971\n|switch|p2a: Ogerpon-Shitspring|Ogerpon, F|100\/100\n|turn|16\n|\n|t:|1700868981\n|switch|p1a: Corviknight|Corviknight, M|93\/100\n|move|p2a: Ogerpon-Shitspring|U-turn|p1a: Corviknight\n|-resisted|p1a: Corviknight\n|-crit|p1a: Corviknight\n|-damage|p1a: Corviknight|86\/100\n|\n|t:|1700868984\n|switch|p2a: Chandy|Chandelure, F|100\/100|[from] U-turn\n|\n|-heal|p1a: Corviknight|92\/100|[from] item: Leftovers\n|upkeep\n|turn|17\n|\n|t:|1700869007\n|switch|p1a: Arcanine|Arcanine-Hisui, M|55\/100\n|move|p2a: Chandy|Flamethrower|p1a: Arcanine\n|-resisted|p1a: Arcanine\n|-damage|p1a: Arcanine|28\/100\n|\n|upkeep\n|turn|18\n|\n|t:|1700869016\n|switch|p2a: Trash|Iron Valiant|100\/100\n|move|p1a: Arcanine|Head Smash|p2a: Trash|[miss]\n|-miss|p1a: Arcanine|p2a: Trash\n|\n|upkeep\n|turn|19\n|inactive|Horeveve has 90 seconds left.\n|\n|t:|1700869043\n|switch|p1a: Corviknight|Corviknight, M|92\/100\n|move|p2a: Trash|Reflect|p2a: Trash\n|-sidestart|p2: StinkyBinky609|Reflect\n|\n|-heal|p1a: Corviknight|98\/100|[from] item: Leftovers\n|upkeep\n|turn|20\n|inactive|Horeveve has 90 seconds left.\n|\n|t:|1700869054\n|move|p2a: Trash|Taunt|p1a: Corviknight\n|-start|p1a: Corviknight|move: Taunt\n|cant|p1a: Corviknight|move: Taunt|Iron Defense\n|\n|-heal|p1a: Corviknight|100\/100|[from] item: Leftovers\n|upkeep\n|turn|21\n|inactive|Horeveve has 90 seconds left.\n|\n|t:|1700869075\n|-end|p2a: Trash|Quark Drive|[silent]\n|switch|p2a: Chandy|Chandelure, F|100\/100\n|switch|p1a: Great Tusk|Great Tusk|100\/100\n|-enditem|p1a: Great Tusk|Booster Energy\n|-activate|p1a: Great Tusk|ability: Protosynthesis|[fromitem]\n|-start|p1a: Great Tusk|protosynthesisspe\n|\n|upkeep\n|turn|22\n|\n|t:|1700869095\n|-terastallize|p1a: Great Tusk|Ground\n|move|p1a: Great Tusk|Headlong Rush|p2a: Chandy\n|-supereffective|p2a: Chandy\n|-damage|p2a: Chandy|0 fnt\n|-unboost|p1a: Great Tusk|def|1\n|-unboost|p1a: Great Tusk|spd|1\n|faint|p2a: Chandy\n|\n|upkeep\n|\n|t:|1700869100\n|switch|p2a: Ogerpon-Shitspring|Ogerpon, F|100\/100\n|turn|23\n|\n|t:|1700869117\n|-end|p1a: Great Tusk|Protosynthesis|[silent]\n|switch|p1a: Corviknight|Corviknight, M|100\/100\n|move|p2a: Ogerpon-Shitspring|U-turn|p1a: Corviknight\n|-resisted|p1a: Corviknight\n|-damage|p1a: Corviknight|95\/100\n|\n|t:|1700869120\n|switch|p2a: Gigachaddrel|Kilowattrel, M|100\/100|[from] U-turn\n|\n|-heal|p1a: Corviknight|100\/100|[from] item: Leftovers\n|upkeep\n|turn|24\n|\n|t:|1700869136\n|switch|p1a: Kleavor|Kleavor, M|100\/100\n|move|p2a: Gigachaddrel|Hurricane|p1a: Kleavor\n|-damage|p1a: Kleavor|66\/100\n|\n|upkeep\n|turn|25\n|\n|t:|1700869144\n|move|p2a: Gigachaddrel|Volt Switch|p1a: Kleavor\n|-damage|p1a: Kleavor|44\/100\n|\n|t:|1700869145\n|switch|p2a: Elon Musk|Great Tusk|61\/100|[from] Volt Switch\n|move|p1a: Kleavor|Stone Axe|p2a: Elon Musk\n|-resisted|p2a: Elon Musk\n|-damage|p2a: Elon Musk|57\/100\n|-sidestart|p2: StinkyBinky609|move: Stealth Rock\n|\n|upkeep\n|turn|26\n|inactive|Horeveve has 90 seconds left.\n|\n|t:|1700869164\n|switch|p1a: Corviknight|Corviknight, M|100\/100\n|move|p2a: Elon Musk|Rapid Spin|p1a: Corviknight\n|-resisted|p1a: Corviknight\n|-damage|p1a: Corviknight|95\/100\n|-boost|p2a: Elon Musk|spe|1\n|-sideend|p2: StinkyBinky609|Stealth Rock|[from] move: Rapid Spin|[of] p2a: Elon Musk\n|\n|-heal|p1a: Corviknight|100\/100|[from] item: Leftovers\n|-sideend|p2: StinkyBinky609|Reflect\n|upkeep\n|turn|27\n|\n|t:|1700869175\n|-end|p2a: Elon Musk|Protosynthesis|[silent]\n|switch|p2a: Gigachaddrel|Kilowattrel, M|100\/100\n|move|p1a: Corviknight|Iron Defense|p1a: Corviknight\n|-boost|p1a: Corviknight|def|2\n|\n|upkeep\n|turn|28\n|\n|t:|1700869184\n|move|p2a: Gigachaddrel|Thunderbolt|p1a: Corviknight\n|-supereffective|p1a: Corviknight\n|-damage|p1a: Corviknight|29\/100\n|-status|p1a: Corviknight|par\n|move|p1a: Corviknight|Body Press|p2a: Gigachaddrel\n|-resisted|p2a: Gigachaddrel\n|-damage|p2a: Gigachaddrel|56\/100\n|\n|-heal|p1a: Corviknight|35\/100 par|[from] item: Leftovers\n|upkeep\n|turn|29\n|inactive|Horeveve has 90 seconds left.\n|\n|t:|1700869205\n|switch|p1a: Great Tusk|Great Tusk, tera:Ground|100\/100\n|move|p2a: Gigachaddrel|Volt Switch|p1a: Great Tusk\n|-immune|p1a: Great Tusk\n|\n|upkeep\n|turn|30\n|inactive|Horeveve has 60 seconds left.\n|\n|t:|1700869235\n|-terastallize|p2a: Gigachaddrel|Ice\n|move|p2a: Gigachaddrel|Tera Blast|p1a: Great Tusk|[anim] Tera Blast Ice\n|-supereffective|p1a: Great Tusk\n|-damage|p1a: Great Tusk|6\/100\n|move|p1a: Great Tusk|Ice Spinner|p2a: Gigachaddrel\n|-resisted|p2a: Gigachaddrel\n|-damage|p2a: Gigachaddrel|36\/100\n|\n|upkeep\n|turn|31\n|inactive|Horeveve has 60 seconds left.\n|c|\u2606StinkyBinky609|This game is so cringe\n|\n|t:|1700869259\n|move|p2a: Gigachaddrel|Tera Blast|p1a: Great Tusk|[anim] Tera Blast Ice\n|-supereffective|p1a: Great Tusk\n|-crit|p1a: Great Tusk\n|-damage|p1a: Great Tusk|0 fnt\n|faint|p1a: Great Tusk\n|-end|p1a: Great Tusk|Protosynthesis|[silent]\n|\n|upkeep\n|\n|t:|1700869267\n|switch|p1a: Kleavor|Kleavor, M|44\/100\n|turn|32\n|\n|t:|1700869287\n|move|p2a: Gigachaddrel|Volt Switch|p1a: Kleavor\n|-damage|p1a: Kleavor|20\/100\n|\n|t:|1700869289\n|switch|p2a: Elon Musk|Great Tusk|57\/100|[from] Volt Switch\n|move|p1a: Kleavor|Close Combat|p2a: Elon Musk\n|-damage|p2a: Elon Musk|25\/100\n|-unboost|p1a: Kleavor|def|1\n|-unboost|p1a: Kleavor|spd|1\n|\n|upkeep\n|turn|33\n|\n|t:|1700869300\n|move|p2a: Elon Musk|Rapid Spin|p1a: Kleavor\n|-resisted|p1a: Kleavor\n|-damage|p1a: Kleavor|4\/100\n|-boost|p2a: Elon Musk|spe|1\n|move|p1a: Kleavor|Close Combat|p2a: Elon Musk\n|-damage|p2a: Elon Musk|0 fnt\n|-unboost|p1a: Kleavor|def|1\n|-unboost|p1a: Kleavor|spd|1\n|faint|p2a: Elon Musk\n|-end|p2a: Elon Musk|Protosynthesis|[silent]\n|\n|upkeep\n|\n|t:|1700869310\n|switch|p2a: Ogerpon-Shitspring|Ogerpon, F|100\/100\n|turn|34\n|\n|t:|1700869315\n|move|p2a: Ogerpon-Shitspring|Knock Off|p1a: Kleavor\n|-damage|p1a: Kleavor|0 fnt\n|-enditem|p1a: Kleavor|Assault Vest|[from] move: Knock Off|[of] p2a: Ogerpon-Shitspring\n|faint|p1a: Kleavor\n|\n|upkeep\n|\n|t:|1700869336\n|switch|p1a: Corviknight|Corviknight, M|35\/100 par\n|turn|35\n|\n|t:|1700869340\n|move|p2a: Ogerpon-Shitspring|Knock Off|p1a: Corviknight\n|-damage|p1a: Corviknight|8\/100 par\n|-enditem|p1a: Corviknight|Leftovers|[from] move: Knock Off|[of] p2a: Ogerpon-Shitspring\n|move|p1a: Corviknight|Roost|p1a: Corviknight\n|-heal|p1a: Corviknight|58\/100 par\n|-singleturn|p1a: Corviknight|move: Roost\n|\n|upkeep\n|turn|36\n|\n|t:|1700869358\n|switch|p2a: Trash|Iron Valiant|100\/100\n|move|p1a: Corviknight|Body Press|p2a: Trash\n|-resisted|p2a: Trash\n|-damage|p2a: Trash|87\/100\n|\n|upkeep\n|turn|37\n|\n|t:|1700869369\n|move|p2a: Trash|Taunt|p1a: Corviknight\n|-start|p1a: Corviknight|move: Taunt\n|cant|p1a: Corviknight|move: Taunt|Roost\n|\n|upkeep\n|turn|38\n|\n|t:|1700869388\n|switch|p1a: Mew|Mew|34\/100\n|move|p2a: Trash|Reflect|p2a: Trash\n|-sidestart|p2: StinkyBinky609|Reflect\n|\n|upkeep\n|turn|39\n|\n|t:|1700869397\n|move|p2a: Trash|Moonblast|p1a: Mew\n|-damage|p1a: Mew|0 fnt\n|faint|p1a: Mew\n|\n|upkeep\n|\n|t:|1700869412\n|switch|p1a: Arcanine|Arcanine-Hisui, M|28\/100\n|turn|40\n|\n|t:|1700869417\n|move|p2a: Trash|Moonblast|p1a: Arcanine\n|-resisted|p1a: Arcanine\n|-damage|p1a: Arcanine|3\/100\n|move|p1a: Arcanine|Flare Blitz|p2a: Trash\n|-damage|p2a: Trash|47\/100\n|-damage|p1a: Arcanine|0 fnt|[from] item: Life Orb\n|faint|p1a: Arcanine\n|\n|upkeep\n|\n|t:|1700869425\n|switch|p1a: Corviknight|Corviknight, M|58\/100 par\n|turn|41\n|\n|t:|1700869430\n|move|p2a: Trash|Taunt|p1a: Corviknight\n|-start|p1a: Corviknight|move: Taunt\n|move|p1a: Corviknight|Body Press|p2a: Trash\n|-resisted|p2a: Trash\n|-damage|p2a: Trash|39\/100\n|\n|upkeep\n|turn|42\n|inactive|Horeveve has 60 seconds left.\n|\n|t:|1700869438\n|move|p2a: Trash|Moonblast|p1a: Corviknight\n|-resisted|p1a: Corviknight\n|-damage|p1a: Corviknight|41\/100 par\n|-ability|p1a: Corviknight|Mirror Armor\n|-unboost|p2a: Trash|spa|1\n|move|p1a: Corviknight|Body Press|p2a: Trash\n|-resisted|p2a: Trash\n|-damage|p2a: Trash|32\/100\n|\n|upkeep\n|turn|43\n|\n|t:|1700869447\n|move|p2a: Trash|Moonblast|p1a: Corviknight\n|-resisted|p1a: Corviknight\n|-damage|p1a: Corviknight|29\/100 par\n|move|p1a: Corviknight|Body Press|p2a: Trash\n|-resisted|p2a: Trash\n|-damage|p2a: Trash|25\/100\n|\n|-end|p1a: Corviknight|move: Taunt\n|upkeep\n|turn|44\n|\n|t:|1700869459\n|move|p2a: Trash|Taunt|p1a: Corviknight\n|-start|p1a: Corviknight|move: Taunt\n|move|p1a: Corviknight|Body Press|p2a: Trash\n|-resisted|p2a: Trash\n|-damage|p2a: Trash|19\/100\n|\n|upkeep\n|turn|45\n|\n|t:|1700869465\n|move|p2a: Trash|Moonblast|p1a: Corviknight\n|-resisted|p1a: Corviknight\n|-damage|p1a: Corviknight|16\/100 par\n|move|p1a: Corviknight|Body Press|p2a: Trash\n|-resisted|p2a: Trash\n|-damage|p2a: Trash|12\/100\n|\n|-sideend|p2: StinkyBinky609|Reflect\n|upkeep\n|turn|46\n|\n|t:|1700869473\n|move|p2a: Trash|Reflect|p2a: Trash\n|-sidestart|p2: StinkyBinky609|Reflect\n|move|p1a: Corviknight|Body Press|p2a: Trash\n|-resisted|p2a: Trash\n|-damage|p2a: Trash|6\/100\n|\n|-end|p1a: Corviknight|move: Taunt\n|upkeep\n|turn|47\n|\n|t:|1700869480\n|move|p2a: Trash|Taunt|p1a: Corviknight\n|-start|p1a: Corviknight|move: Taunt\n|move|p1a: Corviknight|Body Press|p2a: Trash\n|-resisted|p2a: Trash\n|-damage|p2a: Trash|0 fnt\n|faint|p2a: Trash\n|-end|p2a: Trash|Quark Drive|[silent]\n|\n|upkeep\n|\n|t:|1700869483\n|switch|p2a: Ogerpon-Shitspring|Ogerpon, F|100\/100\n|turn|48\n|inactive|Horeveve has 90 seconds left.\n|\n|t:|1700869491\n|move|p2a: Ogerpon-Shitspring|Ivy Cudgel|p1a: Corviknight\n|-resisted|p1a: Corviknight\n|-damage|p1a: Corviknight|5\/100 par\n|cant|p1a: Corviknight|par\n|\n|upkeep\n|turn|49\n|\n|t:|1700869498\n|move|p2a: Ogerpon-Shitspring|Ivy Cudgel|p1a: Corviknight\n|-resisted|p1a: Corviknight\n|-damage|p1a: Corviknight|0 fnt\n|faint|p1a: Corviknight\n|\n|win|StinkyBinky609\n|raw|Horeveve's rating: 1304 &rarr; <strong>1286<\/strong><br \/>(-18 for losing)\n|raw|StinkyBinky609's rating: 1345 &rarr; <strong>1363<\/strong><br \/>(+18 for winning)\n","uploadtime":1700869507,"views":1,"p1id":"horeveve","p2id":"stinkybinky609","formatid":"gen9ou","rating":1286,"private":0,"password":""}