{"id":"gen9ou-1997838820","p1":"Sjsjjajadj","p2":"sannest.Sapling_","format":"[Gen 9] OU","log":"|j|\u2606Sjsjjajadj\n|j|\u2606sannest.Sapling_\n|t:|1700858281\n|gametype|singles\n|player|p1|Sjsjjajadj|170|1000\n|player|p2|sannest.Sapling_|dawn|1081\n|teamsize|p1|6\n|teamsize|p2|6\n|gen|9\n|tier|[Gen 9] OU\n|rated|\n|rule|Sleep Clause Mod: Limit one foe put to sleep\n|rule|Species Clause: Limit one of each Pok\u00e9mon\n|rule|OHKO Clause: OHKO moves are banned\n|rule|Evasion Items Clause: Evasion items are banned\n|rule|Evasion Moves Clause: Evasion moves are banned\n|rule|Endless Battle Clause: Forcing endless battles is banned\n|rule|HP Percentage Mod: HP is shown in percentages\n|clearpoke\n|poke|p1|Landorus-Therian, M|\n|poke|p1|Blissey, F|\n|poke|p1|Iron Treads|\n|poke|p1|Skeledirge, F|\n|poke|p1|Tornadus-Therian, M|\n|poke|p1|Garganacl, F|\n|poke|p2|Dondozo, F|\n|poke|p2|Blissey, F|\n|poke|p2|Clodsire, F|\n|poke|p2|Corviknight, F|\n|poke|p2|Slowking-Galar, F|\n|poke|p2|Toxapex, M|\n|teampreview\n|inactive|Battle timer is ON: inactive players will automatically lose when time's up. (requested by sannest.Sapling_)\n|n|\u2606Sjsjjajadj|sjsjjajadj\n|c|\u2606Sjsjjajadj|Big stall agent\n|\n|t:|1700858313\n|start\n|switch|p1a: Iron Treads|Iron Treads|100\/100\n|switch|p2a: Corviknight|Corviknight, F|100\/100\n|-ability|p2a: Corviknight|Pressure\n|turn|1\n|\n|t:|1700858328\n|switch|p2a: Clodsire|Clodsire, F|100\/100\n|move|p1a: Iron Treads|Stealth Rock|p2a: Clodsire\n|-sidestart|p2: sannest.Sapling_|move: Stealth Rock\n|\n|upkeep\n|turn|2\n|\n|t:|1700858333\n|switch|p2a: Corviknight|Corviknight, F|100\/100\n|-ability|p2a: Corviknight|Pressure\n|move|p1a: Iron Treads|Earthquake|p2a: Corviknight\n|-immune|p2a: Corviknight\n|\n|upkeep\n|turn|3\n|\n|t:|1700858340\n|move|p1a: Iron Treads|Knock Off|p2a: Corviknight\n|-damage|p2a: Corviknight|86\/100\n|-enditem|p2a: Corviknight|Heavy-Duty Boots|[from] move: Knock Off|[of] p1a: Iron Treads\n|move|p2a: Corviknight|Defog|p1a: Iron Treads\n|-unboost|p1a: Iron Treads|evasion|1\n|-sideend|p2: sannest.Sapling_|Stealth Rock|[from] move: Defog|[of] p2a: Corviknight\n|\n|upkeep\n|turn|4\n|\n|t:|1700858346\n|move|p1a: Iron Treads|Stealth Rock|p2a: Corviknight\n|-sidestart|p2: sannest.Sapling_|move: Stealth Rock\n|move|p2a: Corviknight|Body Press|p1a: Iron Treads\n|-supereffective|p1a: Iron Treads\n|-damage|p1a: Iron Treads|60\/100\n|\n|-heal|p1a: Iron Treads|66\/100|[from] item: Leftovers\n|upkeep\n|turn|5\n|\n|t:|1700858354\n|move|p1a: Iron Treads|Volt Switch|p2a: Corviknight\n|-supereffective|p2a: Corviknight\n|-damage|p2a: Corviknight|65\/100\n|\n|t:|1700858359\n|-end|p1a: Iron Treads|Quark Drive|[silent]\n|switch|p1a: Landorus|Landorus-Therian, M|100\/100|[from] Volt Switch\n|-ability|p1a: Landorus|Intimidate|boost\n|-unboost|p2a: Corviknight|atk|1\n|move|p2a: Corviknight|Body Press|p1a: Landorus\n|-resisted|p1a: Landorus\n|-damage|p1a: Landorus|92\/100\n|\n|-heal|p1a: Landorus|98\/100|[from] item: Leftovers\n|upkeep\n|turn|6\n|\n|t:|1700858363\n|move|p1a: Landorus|Stealth Rock||[still]\n|-fail|p1a: Landorus\n|move|p2a: Corviknight|Defog|p1a: Landorus\n|-unboost|p1a: Landorus|evasion|1\n|-sideend|p2: sannest.Sapling_|Stealth Rock|[from] move: Defog|[of] p2a: Corviknight\n|\n|-heal|p1a: Landorus|100\/100|[from] item: Leftovers\n|upkeep\n|turn|7\n|\n|t:|1700858366\n|move|p1a: Landorus|Stealth Rock|p2a: Corviknight\n|-sidestart|p2: sannest.Sapling_|move: Stealth Rock\n|move|p2a: Corviknight|Roost|p2a: Corviknight\n|-heal|p2a: Corviknight|100\/100\n|-singleturn|p2a: Corviknight|move: Roost\n|\n|upkeep\n|turn|8\n|\n|t:|1700858371\n|move|p1a: Landorus|Stone Edge|p2a: Corviknight\n|-damage|p2a: Corviknight|82\/100\n|move|p2a: Corviknight|Defog|p1a: Landorus\n|-unboost|p1a: Landorus|evasion|1\n|-sideend|p2: sannest.Sapling_|Stealth Rock|[from] move: Defog|[of] p2a: Corviknight\n|\n|upkeep\n|turn|9\n|\n|t:|1700858374\n|move|p1a: Landorus|U-turn|p2a: Corviknight\n|-resisted|p2a: Corviknight\n|-damage|p2a: Corviknight|79\/100\n|\n|t:|1700858377\n|switch|p1a: Skeledirge|Skeledirge, F|100\/100|[from] U-turn\n|move|p2a: Corviknight|Iron Defense|p2a: Corviknight\n|-boost|p2a: Corviknight|def|2\n|\n|upkeep\n|turn|10\n|\n|t:|1700858384\n|switch|p2a: Slowking|Slowking-Galar, F|100\/100\n|move|p1a: Skeledirge|Torch Song|p2a: Slowking\n|-damage|p2a: Slowking|83\/100\n|-boost|p1a: Skeledirge|spa|1\n|\n|upkeep\n|turn|11\n|\n|t:|1700858391\n|move|p1a: Skeledirge|Shadow Ball|p2a: Slowking\n|-supereffective|p2a: Slowking\n|-damage|p2a: Slowking|30\/100\n|move|p2a: Slowking|Sludge Bomb|p1a: Skeledirge\n|-resisted|p1a: Skeledirge\n|-crit|p1a: Skeledirge\n|-damage|p1a: Skeledirge|83\/100\n|\n|upkeep\n|turn|12\n|\n|t:|1700858398\n|switch|p2a: Blissey|Blissey, F|100\/100\n|move|p1a: Skeledirge|Shadow Ball|p2a: Blissey\n|-immune|p2a: Blissey\n|\n|upkeep\n|turn|13\n|\n|t:|1700858404\n|switch|p2a: Toxapex|Toxapex, M|100\/100\n|move|p1a: Skeledirge|Yawn|p2a: Toxapex\n|-start|p2a: Toxapex|move: Yawn|[of] p1a: Skeledirge\n|\n|upkeep\n|turn|14\n|\n|t:|1700858408\n|switch|p1a: Garganacl|Garganacl, F|100\/100\n|move|p2a: Toxapex|Toxic|p1a: Garganacl\n|-immune|p1a: Garganacl|[from] ability: Purifying Salt\n|\n|-end|p2a: Toxapex|move: Yawn|[silent]\n|-status|p2a: Toxapex|slp\n|upkeep\n|turn|15\n|\n|t:|1700858412\n|switch|p2a: Blissey|Blissey, F|100\/100\n|move|p1a: Garganacl|Iron Defense|p1a: Garganacl\n|-boost|p1a: Garganacl|def|2\n|\n|upkeep\n|turn|16\n|\n|t:|1700858426\n|switch|p2a: Toxapex|Toxapex, M|100\/100 slp\n|move|p1a: Garganacl|Salt Cure|p2a: Toxapex\n|-damage|p2a: Toxapex|93\/100 slp\n|-start|p2a: Toxapex|Salt Cure\n|\n|-damage|p2a: Toxapex|68\/100 slp|[from] Salt Cure\n|upkeep\n|turn|17\n|\n|t:|1700858431\n|switch|p2a: Slowking|Slowking-Galar, F|64\/100\n|move|p1a: Garganacl|Earthquake|p2a: Slowking\n|-supereffective|p2a: Slowking\n|-damage|p2a: Slowking|19\/100\n|\n|upkeep\n|turn|18\n|\n|t:|1700858436\n|switch|p2a: Toxapex|Toxapex, M|100\/100 slp\n|move|p1a: Garganacl|Earthquake|p2a: Toxapex\n|-supereffective|p2a: Toxapex\n|-damage|p2a: Toxapex|72\/100 slp\n|\n|upkeep\n|turn|19\n|\n|t:|1700858443\n|switch|p2a: Corviknight|Corviknight, F|79\/100\n|-ability|p2a: Corviknight|Pressure\n|move|p1a: Garganacl|Earthquake|p2a: Corviknight\n|-immune|p2a: Corviknight\n|\n|upkeep\n|turn|20\n|\n|t:|1700858452\n|switch|p2a: Slowking|Slowking-Galar, F|52\/100\n|move|p1a: Garganacl|Iron Defense|p1a: Garganacl\n|-boost|p1a: Garganacl|def|2\n|\n|upkeep\n|turn|21\n|\n|t:|1700858461\n|switch|p2a: Toxapex|Toxapex, M|100\/100 slp\n|move|p1a: Garganacl|Salt Cure|p2a: Toxapex\n|-damage|p2a: Toxapex|93\/100 slp\n|-start|p2a: Toxapex|Salt Cure\n|\n|-damage|p2a: Toxapex|68\/100 slp|[from] Salt Cure\n|upkeep\n|turn|22\n|\n|t:|1700858465\n|switch|p2a: Slowking|Slowking-Galar, F|85\/100\n|move|p1a: Garganacl|Earthquake|p2a: Slowking\n|-supereffective|p2a: Slowking\n|-damage|p2a: Slowking|40\/100\n|\n|upkeep\n|turn|23\n|\n|t:|1700858469\n|switch|p2a: Toxapex|Toxapex, M|100\/100 slp\n|move|p1a: Garganacl|Earthquake|p2a: Toxapex\n|-supereffective|p2a: Toxapex\n|-damage|p2a: Toxapex|72\/100 slp\n|\n|upkeep\n|turn|24\n|\n|t:|1700858474\n|switch|p2a: Corviknight|Corviknight, F|79\/100\n|-ability|p2a: Corviknight|Pressure\n|move|p1a: Garganacl|Salt Cure|p2a: Corviknight\n|-damage|p2a: Corviknight|70\/100\n|-start|p2a: Corviknight|Salt Cure\n|\n|-damage|p2a: Corviknight|45\/100|[from] Salt Cure\n|upkeep\n|turn|25\n|\n|t:|1700858482\n|move|p2a: Corviknight|Roost|p2a: Corviknight\n|-heal|p2a: Corviknight|95\/100\n|-singleturn|p2a: Corviknight|move: Roost\n|move|p1a: Garganacl|Salt Cure|p2a: Corviknight\n|-resisted|p2a: Corviknight\n|-damage|p2a: Corviknight|91\/100\n|\n|-damage|p2a: Corviknight|66\/100|[from] Salt Cure\n|upkeep\n|turn|26\n|\n|t:|1700858486\n|switch|p2a: Slowking|Slowking-Galar, F|73\/100\n|move|p1a: Garganacl|Salt Cure|p2a: Slowking\n|-damage|p2a: Slowking|58\/100\n|-start|p2a: Slowking|Salt Cure\n|\n|-damage|p2a: Slowking|45\/100|[from] Salt Cure\n|upkeep\n|turn|27\n|\n|t:|1700858490\n|switch|p2a: Toxapex|Toxapex, M|100\/100 slp\n|move|p1a: Garganacl|Earthquake|p2a: Toxapex\n|-supereffective|p2a: Toxapex\n|-damage|p2a: Toxapex|75\/100 slp\n|\n|upkeep\n|turn|28\n|\n|t:|1700858496\n|switch|p1a: Landorus|Landorus-Therian, M|100\/100\n|-ability|p1a: Landorus|Intimidate|boost\n|-unboost|p2a: Toxapex|atk|1\n|switch|p2a: Slowking|Slowking-Galar, F|79\/100\n|\n|upkeep\n|turn|29\n|\n|t:|1700858500\n|switch|p2a: Corviknight|Corviknight, F|66\/100\n|-ability|p2a: Corviknight|Pressure\n|move|p1a: Landorus|Stealth Rock|p2a: Corviknight\n|-sidestart|p2: sannest.Sapling_|move: Stealth Rock\n|\n|upkeep\n|turn|30\n|\n|t:|1700858506\n|move|p1a: Landorus|U-turn|p2a: Corviknight\n|-resisted|p2a: Corviknight\n|-damage|p2a: Corviknight|62\/100\n|\n|t:|1700858508\n|switch|p1a: Skeledirge|Skeledirge, F|83\/100|[from] U-turn\n|move|p2a: Corviknight|Defog|p1a: Skeledirge\n|-unboost|p1a: Skeledirge|evasion|1\n|-sideend|p2: sannest.Sapling_|Stealth Rock|[from] move: Defog|[of] p2a: Corviknight\n|\n|upkeep\n|turn|31\n|\n|t:|1700858518\n|switch|p2a: Slowking|Slowking-Galar, F|100\/100\n|move|p1a: Skeledirge|Torch Song|p2a: Slowking\n|-damage|p2a: Slowking|83\/100\n|-boost|p1a: Skeledirge|spa|1\n|\n|upkeep\n|turn|32\n|\n|t:|1700858523\n|move|p1a: Skeledirge|Shadow Ball|p2a: Slowking\n|-supereffective|p2a: Slowking\n|-damage|p2a: Slowking|29\/100\n|move|p2a: Slowking|Sludge Bomb|p1a: Skeledirge\n|-resisted|p1a: Skeledirge\n|-damage|p1a: Skeledirge|71\/100\n|\n|upkeep\n|turn|33\n|\n|t:|1700858529\n|switch|p2a: Blissey|Blissey, F|100\/100\n|move|p1a: Skeledirge|Shadow Ball|p2a: Blissey\n|-immune|p2a: Blissey\n|\n|upkeep\n|turn|34\n|\n|t:|1700858536\n|move|p1a: Skeledirge|Yawn|p2a: Blissey\n|-start|p2a: Blissey|move: Yawn|[of] p1a: Skeledirge\n|move|p2a: Blissey|Heal Bell|p2a: Blissey\n|-activate|p2a: Blissey|move: Heal Bell\n|-curestatus|p2: Toxapex|slp|[msg]\n|\n|upkeep\n|turn|35\n|\n|t:|1700858545\n|switch|p2a: Toxapex|Toxapex, M|100\/100\n|move|p1a: Skeledirge|Torch Song|p2a: Toxapex\n|-resisted|p2a: Toxapex\n|-damage|p2a: Toxapex|83\/100\n|-boost|p1a: Skeledirge|spa|1\n|\n|upkeep\n|turn|36\n|\n|t:|1700858555\n|switch|p1a: Garganacl|Garganacl, F|100\/100\n|move|p2a: Toxapex|Toxic|p1a: Garganacl\n|-immune|p1a: Garganacl|[from] ability: Purifying Salt\n|\n|upkeep\n|turn|37\n|\n|t:|1700858559\n|switch|p2a: Slowking|Slowking-Galar, F|62\/100\n|move|p1a: Garganacl|Iron Defense|p1a: Garganacl\n|-boost|p1a: Garganacl|def|2\n|\n|upkeep\n|turn|38\n|\n|t:|1700858565\n|switch|p2a: Toxapex|Toxapex, M|100\/100\n|move|p1a: Garganacl|Salt Cure|p2a: Toxapex\n|-damage|p2a: Toxapex|93\/100\n|-start|p2a: Toxapex|Salt Cure\n|\n|-damage|p2a: Toxapex|68\/100|[from] Salt Cure\n|upkeep\n|turn|39\n|\n|t:|1700858571\n|switch|p2a: Slowking|Slowking-Galar, F|96\/100\n|move|p1a: Garganacl|Salt Cure|p2a: Slowking\n|-damage|p2a: Slowking|80\/100\n|-start|p2a: Slowking|Salt Cure\n|\n|-damage|p2a: Slowking|68\/100|[from] Salt Cure\n|upkeep\n|turn|40\n|\n|t:|1700858580\n|switch|p1a: Landorus|Landorus-Therian, M|100\/100\n|-ability|p1a: Landorus|Intimidate|boost\n|-unboost|p2a: Slowking|atk|1\n|switch|p2a: Toxapex|Toxapex, M|100\/100\n|\n|upkeep\n|turn|41\n|\n|t:|1700858588\n|switch|p2a: Corviknight|Corviknight, F|62\/100\n|-ability|p2a: Corviknight|Pressure\n|move|p1a: Landorus|U-turn|p2a: Corviknight\n|-resisted|p2a: Corviknight\n|-crit|p2a: Corviknight\n|-damage|p2a: Corviknight|57\/100\n|\n|t:|1700858599\n|switch|p1a: Skeledirge|Skeledirge, F|71\/100|[from] U-turn\n|\n|upkeep\n|turn|42\n|\n|t:|1700858603\n|switch|p2a: Toxapex|Toxapex, M|100\/100\n|move|p1a: Skeledirge|Torch Song|p2a: Toxapex\n|-resisted|p2a: Toxapex\n|-damage|p2a: Toxapex|89\/100\n|-boost|p1a: Skeledirge|spa|1\n|\n|upkeep\n|turn|43\n|\n|t:|1700858607\n|move|p1a: Skeledirge|Shadow Ball|p2a: Toxapex\n|-damage|p2a: Toxapex|54\/100\n|move|p2a: Toxapex|Toxic Spikes|p1a: Skeledirge\n|-sidestart|p1: Sjsjjajadj|move: Toxic Spikes\n|\n|upkeep\n|turn|44\n|\n|t:|1700858617\n|move|p1a: Skeledirge|Shadow Ball|p2a: Toxapex\n|-damage|p2a: Toxapex|16\/100\n|move|p2a: Toxapex|Toxic|p1a: Skeledirge\n|-status|p1a: Skeledirge|tox\n|\n|-damage|p1a: Skeledirge|65\/100 tox|[from] psn\n|upkeep\n|turn|45\n|\n|t:|1700858626\n|switch|p1a: Garganacl|Garganacl, F|100\/100\n|switch|p2a: Blissey|Blissey, F|100\/100\n|\n|upkeep\n|turn|46\n|\n|t:|1700858634\n|switch|p2a: Slowking|Slowking-Galar, F|100\/100\n|switch|p1a: Landorus|Landorus-Therian, M|100\/100\n|-ability|p1a: Landorus|Intimidate|boost\n|-unboost|p2a: Slowking|atk|1\n|\n|upkeep\n|turn|47\n|\n|t:|1700858640\n|switch|p2a: Corviknight|Corviknight, F|57\/100\n|-ability|p2a: Corviknight|Pressure\n|move|p1a: Landorus|Stealth Rock|p2a: Corviknight\n|-sidestart|p2: sannest.Sapling_|move: Stealth Rock\n|\n|upkeep\n|turn|48\n|\n|t:|1700858646\n|move|p1a: Landorus|U-turn|p2a: Corviknight\n|-resisted|p2a: Corviknight\n|-damage|p2a: Corviknight|54\/100\n|\n|t:|1700858648\n|switch|p1a: Iron Treads|Iron Treads|66\/100|[from] U-turn\n|move|p2a: Corviknight|Defog|p1a: Iron Treads\n|-unboost|p1a: Iron Treads|evasion|1\n|-sideend|p1: Sjsjjajadj|Toxic Spikes|[from] move: Defog|[of] p2a: Corviknight\n|-sideend|p2: sannest.Sapling_|Stealth Rock|[from] move: Defog|[of] p2a: Corviknight\n|\n|-heal|p1a: Iron Treads|72\/100|[from] item: Leftovers\n|upkeep\n|turn|49\n|\n|t:|1700858651\n|switch|p2a: Toxapex|Toxapex, M|49\/100\n|move|p1a: Iron Treads|Stealth Rock|p2a: Toxapex\n|-sidestart|p2: sannest.Sapling_|move: Stealth Rock\n|\n|-heal|p1a: Iron Treads|79\/100|[from] item: Leftovers\n|upkeep\n|turn|50\n|\n|t:|1700858660\n|switch|p2a: Slowking|Slowking-Galar, F|100\/100\n|move|p1a: Iron Treads|Earthquake|p2a: Slowking\n|-supereffective|p2a: Slowking\n|-damage|p2a: Slowking|17\/100\n|\n|-heal|p1a: Iron Treads|85\/100|[from] item: Leftovers\n|upkeep\n|turn|51\n|\n|t:|1700858667\n|switch|p2a: Corviknight|Corviknight, F|54\/100\n|-damage|p2a: Corviknight|41\/100|[from] Stealth Rock\n|-ability|p2a: Corviknight|Pressure\n|move|p1a: Iron Treads|Knock Off|p2a: Corviknight\n|-damage|p2a: Corviknight|31\/100\n|\n|-heal|p1a: Iron Treads|91\/100|[from] item: Leftovers\n|upkeep\n|turn|52\n|\n|t:|1700858673\n|move|p1a: Iron Treads|Volt Switch|p2a: Corviknight\n|-supereffective|p2a: Corviknight\n|-damage|p2a: Corviknight|9\/100\n|\n|t:|1700858676\n|-end|p1a: Iron Treads|Quark Drive|[silent]\n|switch|p1a: Landorus|Landorus-Therian, M|100\/100|[from] Volt Switch\n|-ability|p1a: Landorus|Intimidate|boost\n|-unboost|p2a: Corviknight|atk|1\n|move|p2a: Corviknight|Roost|p2a: Corviknight\n|-heal|p2a: Corviknight|59\/100\n|-singleturn|p2a: Corviknight|move: Roost\n|\n|upkeep\n|turn|53\n|\n|t:|1700858683\n|move|p1a: Landorus|U-turn|p2a: Corviknight\n|-resisted|p2a: Corviknight\n|-damage|p2a: Corviknight|56\/100\n|\n|t:|1700858685\n|switch|p1a: Iron Treads|Iron Treads|91\/100|[from] U-turn\n|move|p2a: Corviknight|Defog|p1a: Iron Treads\n|-unboost|p1a: Iron Treads|evasion|1\n|-sideend|p2: sannest.Sapling_|Stealth Rock|[from] move: Defog|[of] p2a: Corviknight\n|\n|-heal|p1a: Iron Treads|97\/100|[from] item: Leftovers\n|upkeep\n|turn|54\n|\n|t:|1700858700\n|switch|p2a: Slowking|Slowking-Galar, F|50\/100\n|move|p1a: Iron Treads|Stealth Rock|p2a: Slowking\n|-sidestart|p2: sannest.Sapling_|move: Stealth Rock\n|\n|-heal|p1a: Iron Treads|100\/100|[from] item: Leftovers\n|upkeep\n|turn|55\n|\n|t:|1700858720\n|switch|p2a: Toxapex|Toxapex, M|83\/100\n|move|p1a: Iron Treads|Earthquake|p2a: Toxapex\n|-supereffective|p2a: Toxapex\n|-damage|p2a: Toxapex|39\/100\n|\n|upkeep\n|turn|56\n|\n|t:|1700858735\n|move|p2a: Toxapex|Baneful Bunker|p2a: Toxapex\n|-singleturn|p2a: Toxapex|move: Protect\n|move|p1a: Iron Treads|Earthquake|p2a: Toxapex\n|-activate|p2a: Toxapex|move: Protect\n|\n|upkeep\n|turn|57\n|\n|t:|1700858746\n|switch|p2a: Ur mom|Dondozo, F|100\/100\n|-damage|p2a: Ur mom|88\/100|[from] Stealth Rock\n|move|p1a: Iron Treads|Volt Switch|p2a: Ur mom\n|-supereffective|p2a: Ur mom\n|-damage|p2a: Ur mom|69\/100\n|\n|t:|1700858757\n|-end|p1a: Iron Treads|Quark Drive|[silent]\n|switch|p1a: Tornadus|Tornadus-Therian, M|100\/100|[from] Volt Switch\n|\n|upkeep\n|turn|58\n|\n|t:|1700858762\n|switch|p2a: Blissey|Blissey, F|100\/100\n|move|p1a: Tornadus|Hurricane|p2a: Blissey\n|-damage|p2a: Blissey|88\/100\n|\n|upkeep\n|turn|59\n|\n|t:|1700858767\n|move|p1a: Tornadus|Knock Off|p2a: Blissey\n|-damage|p2a: Blissey|48\/100\n|-enditem|p2a: Blissey|Heavy-Duty Boots|[from] move: Knock Off|[of] p1a: Tornadus\n|move|p2a: Blissey|Seismic Toss|p1a: Tornadus\n|-damage|p1a: Tornadus|73\/100\n|\n|upkeep\n|turn|60\n|\n|t:|1700858772\n|move|p1a: Tornadus|U-turn|p2a: Blissey\n|-damage|p2a: Blissey|21\/100\n|\n|t:|1700858778\n|switch|p1a: Landorus|Landorus-Therian, M|100\/100|[from] U-turn\n|-ability|p1a: Landorus|Intimidate|boost\n|-unboost|p2a: Blissey|atk|1\n|move|p2a: Blissey|Soft-Boiled|p2a: Blissey\n|-heal|p2a: Blissey|71\/100\n|\n|upkeep\n|turn|61\n|\n|t:|1700858787\n|switch|p2a: Corviknight|Corviknight, F|56\/100\n|-damage|p2a: Corviknight|43\/100|[from] Stealth Rock\n|-ability|p2a: Corviknight|Pressure\n|move|p1a: Landorus|Earthquake|p2a: Corviknight\n|-immune|p2a: Corviknight\n|\n|upkeep\n|turn|62\n|\n|t:|1700858794\n|move|p1a: Landorus|U-turn|p2a: Corviknight\n|-resisted|p2a: Corviknight\n|-damage|p2a: Corviknight|40\/100\n|\n|t:|1700858805\n|switch|p1a: Tornadus|Tornadus-Therian, M|100\/100|[from] U-turn\n|move|p2a: Corviknight|Roost|p2a: Corviknight\n|-heal|p2a: Corviknight|90\/100\n|-singleturn|p2a: Corviknight|move: Roost\n|\n|upkeep\n|turn|63\n|\n|t:|1700858822\n|move|p1a: Tornadus|Heat Wave|p2a: Corviknight\n|-supereffective|p2a: Corviknight\n|-damage|p2a: Corviknight|42\/100\n|move|p2a: Corviknight|Defog|p1a: Tornadus\n|-unboost|p1a: Tornadus|evasion|1\n|-sideend|p2: sannest.Sapling_|Stealth Rock|[from] move: Defog|[of] p2a: Corviknight\n|\n|upkeep\n|turn|64\n|\n|t:|1700858828\n|switch|p2a: Blissey|Blissey, F|71\/100\n|move|p1a: Tornadus|Heat Wave|p2a: Blissey\n|-damage|p2a: Blissey|64\/100\n|\n|upkeep\n|turn|65\n|\n|t:|1700858835\n|switch|p2a: Toxapex|Toxapex, M|72\/100\n|move|p1a: Tornadus|U-turn|p2a: Toxapex\n|-resisted|p2a: Toxapex\n|-damage|p2a: Toxapex|68\/100\n|\n|t:|1700858839\n|switch|p1a: Iron Treads|Iron Treads|100\/100|[from] U-turn\n|\n|upkeep\n|turn|66\n|\n|t:|1700858846\n|switch|p2a: Ur mom|Dondozo, F|69\/100\n|move|p1a: Iron Treads|Knock Off|p2a: Ur mom\n|-damage|p2a: Ur mom|57\/100\n|-damage|p1a: Iron Treads|84\/100|[from] item: Rocky Helmet|[of] p2a: Ur mom\n|-enditem|p2a: Ur mom|Rocky Helmet|[from] move: Knock Off|[of] p1a: Iron Treads\n|\n|-heal|p1a: Iron Treads|90\/100|[from] item: Leftovers\n|upkeep\n|turn|67\n|\n|t:|1700858853\n|move|p1a: Iron Treads|Stealth Rock|p2a: Ur mom\n|-sidestart|p2: sannest.Sapling_|move: Stealth Rock\n|move|p2a: Ur mom|Rest|p2a: Ur mom\n|-status|p2a: Ur mom|slp|[from] move: Rest\n|-heal|p2a: Ur mom|100\/100 slp|[silent]\n|\n|-heal|p1a: Iron Treads|96\/100|[from] item: Leftovers\n|upkeep\n|turn|68\n|\n|t:|1700858861\n|-end|p1a: Iron Treads|Quark Drive|[silent]\n|switch|p1a: Landorus|Landorus-Therian, M|100\/100\n|-ability|p1a: Landorus|Intimidate|boost\n|-unboost|p2a: Ur mom|atk|1\n|switch|p2a: Toxapex|Toxapex, M|100\/100\n|\n|upkeep\n|turn|69\n|\n|t:|1700858869\n|move|p1a: Landorus|U-turn|p2a: Toxapex\n|-resisted|p2a: Toxapex\n|-damage|p2a: Toxapex|94\/100\n|\n|t:|1700858871\n|switch|p1a: Iron Treads|Iron Treads|96\/100|[from] U-turn\n|move|p2a: Toxapex|Toxic|p1a: Iron Treads\n|-immune|p1a: Iron Treads\n|\n|-heal|p1a: Iron Treads|100\/100|[from] item: Leftovers\n|upkeep\n|turn|70\n|\n|t:|1700858877\n|switch|p2a: Corviknight|Corviknight, F|42\/100\n|-damage|p2a: Corviknight|29\/100|[from] Stealth Rock\n|-ability|p2a: Corviknight|Pressure\n|move|p1a: Iron Treads|Earthquake|p2a: Corviknight\n|-immune|p2a: Corviknight\n|\n|upkeep\n|turn|71\n|\n|t:|1700858883\n|move|p1a: Iron Treads|Volt Switch|p2a: Corviknight\n|-supereffective|p2a: Corviknight\n|-damage|p2a: Corviknight|8\/100\n|\n|t:|1700858888\n|-end|p1a: Iron Treads|Quark Drive|[silent]\n|switch|p1a: Tornadus|Tornadus-Therian, M|100\/100|[from] Volt Switch\n|move|p2a: Corviknight|Roost|p2a: Corviknight\n|-heal|p2a: Corviknight|58\/100\n|-singleturn|p2a: Corviknight|move: Roost\n|\n|upkeep\n|turn|72\n|\n|t:|1700858895\n|switch|p2a: Toxapex|Toxapex, M|100\/100\n|move|p1a: Tornadus|Heat Wave|p2a: Toxapex\n|-resisted|p2a: Toxapex\n|-damage|p2a: Toxapex|91\/100\n|-status|p2a: Toxapex|brn\n|\n|-damage|p2a: Toxapex|85\/100 brn|[from] brn\n|upkeep\n|turn|73\n|\n|t:|1700858899\n|move|p1a: Tornadus|U-turn|p2a: Toxapex\n|-resisted|p2a: Toxapex\n|-damage|p2a: Toxapex|81\/100 brn\n|\n|t:|1700858901\n|switch|p1a: Iron Treads|Iron Treads|100\/100|[from] U-turn\n|move|p2a: Toxapex|Toxic|p1a: Iron Treads\n|-immune|p1a: Iron Treads\n|\n|-damage|p2a: Toxapex|75\/100 brn|[from] brn\n|upkeep\n|turn|74\n|\n|t:|1700858915\n|switch|p2a: Ur mom|Dondozo, F|100\/100 slp\n|-damage|p2a: Ur mom|88\/100 slp|[from] Stealth Rock\n|move|p1a: Iron Treads|Earthquake|p2a: Ur mom\n|-damage|p2a: Ur mom|70\/100 slp\n|\n|upkeep\n|turn|75\n|\n|t:|1700858923\n|move|p1a: Iron Treads|Volt Switch|p2a: Ur mom\n|-supereffective|p2a: Ur mom\n|-damage|p2a: Ur mom|51\/100 slp\n|\n|t:|1700858929\n|-end|p1a: Iron Treads|Quark Drive|[silent]\n|switch|p1a: Blissey|Blissey, F|100\/100|[from] Volt Switch\n|cant|p2a: Ur mom|slp\n|move|p2a: Ur mom|Sleep Talk|p2a: Ur mom\n|move|p2a: Ur mom|Liquidation|p1a: Blissey|[from]move: Sleep Talk\n|-damage|p1a: Blissey|45\/100\n|\n|upkeep\n|turn|76\n|\n|t:|1700858939\n|move|p1a: Blissey|Soft-Boiled|p1a: Blissey\n|-heal|p1a: Blissey|95\/100\n|cant|p2a: Ur mom|slp\n|move|p2a: Ur mom|Sleep Talk|p2a: Ur mom\n|move|p2a: Ur mom|Rest||[from]move: Sleep Talk|[still]\n|-fail|p2a: Ur mom\n|\n|upkeep\n|turn|77\n|\n|t:|1700858946\n|move|p1a: Blissey|Seismic Toss|p2a: Ur mom\n|-damage|p2a: Ur mom|31\/100 slp\n|-curestatus|p2a: Ur mom|slp|[msg]\n|move|p2a: Ur mom|Rest|p2a: Ur mom\n|-status|p2a: Ur mom|slp|[from] move: Rest\n|-heal|p2a: Ur mom|100\/100 slp|[silent]\n|\n|upkeep\n|turn|78\n|\n|t:|1700858956\n|switch|p2a: Corviknight|Corviknight, F|58\/100\n|-damage|p2a: Corviknight|45\/100|[from] Stealth Rock\n|-ability|p2a: Corviknight|Pressure\n|move|p1a: Blissey|Seismic Toss|p2a: Corviknight\n|-damage|p2a: Corviknight|20\/100\n|\n|upkeep\n|turn|79\n|\n|t:|1700858963\n|switch|p1a: Iron Treads|Iron Treads|100\/100\n|move|p2a: Corviknight|Roost|p2a: Corviknight\n|-heal|p2a: Corviknight|70\/100\n|-singleturn|p2a: Corviknight|move: Roost\n|\n|upkeep\n|turn|80\n|\n|t:|1700858970\n|switch|p2a: Slowking|Slowking-Galar, F|83\/100\n|move|p1a: Iron Treads|Volt Switch|p2a: Slowking\n|-damage|p2a: Slowking|77\/100\n|\n|t:|1700858978\n|-end|p1a: Iron Treads|Quark Drive|[silent]\n|switch|p1a: Landorus|Landorus-Therian, M|100\/100|[from] Volt Switch\n|-ability|p1a: Landorus|Intimidate|boost\n|-unboost|p2a: Slowking|atk|1\n|\n|upkeep\n|turn|81\n|\n|t:|1700858987\n|move|p1a: Landorus|Stealth Rock||[still]\n|-fail|p1a: Landorus\n|move|p2a: Slowking|Ice Beam|p1a: Landorus\n|-supereffective|p1a: Landorus\n|-damage|p1a: Landorus|2\/100\n|\n|-heal|p1a: Landorus|8\/100|[from] item: Leftovers\n|upkeep\n|turn|82\n|\n|t:|1700858998\n|switch|p2a: Ur mom|Dondozo, F|100\/100 slp\n|-damage|p2a: Ur mom|88\/100 slp|[from] Stealth Rock\n|move|p1a: Landorus|U-turn|p2a: Ur mom\n|-damage|p2a: Ur mom|78\/100 slp\n|\n|t:|1700859005\n|switch|p1a: Tornadus|Tornadus-Therian, M|100\/100|[from] U-turn\n|\n|upkeep\n|turn|83\n|\n|t:|1700859018\n|switch|p2a: Slowking|Slowking-Galar, F|100\/100\n|move|p1a: Tornadus|Hurricane|p2a: Slowking\n|-damage|p2a: Slowking|77\/100\n|\n|upkeep\n|turn|84\n|\n|t:|1700859023\n|move|p1a: Tornadus|Knock Off|p2a: Slowking\n|-supereffective|p2a: Slowking\n|-damage|p2a: Slowking|33\/100\n|-enditem|p2a: Slowking|Heavy-Duty Boots|[from] move: Knock Off|[of] p1a: Tornadus\n|move|p2a: Slowking|Ice Beam|p1a: Tornadus\n|-supereffective|p1a: Tornadus\n|-damage|p1a: Tornadus|76\/100\n|\n|upkeep\n|turn|85\n|\n|t:|1700859036\n|switch|p2a: Toxapex|Toxapex, M|100\/100 brn\n|move|p1a: Tornadus|Knock Off|p2a: Toxapex\n|-damage|p2a: Toxapex|89\/100 brn\n|-enditem|p2a: Toxapex|Heavy-Duty Boots|[from] move: Knock Off|[of] p1a: Tornadus\n|\n|-damage|p2a: Toxapex|83\/100 brn|[from] brn\n|upkeep\n|turn|86\n|\n|t:|1700859045\n|switch|p2a: Ur mom|Dondozo, F|78\/100 slp\n|-damage|p2a: Ur mom|66\/100 slp|[from] Stealth Rock\n|move|p1a: Tornadus|U-turn|p2a: Ur mom\n|-damage|p2a: Ur mom|60\/100 slp\n|\n|t:|1700859048\n|switch|p1a: Landorus|Landorus-Therian, M|8\/100|[from] U-turn\n|-ability|p1a: Landorus|Intimidate|boost\n|-unboost|p2a: Ur mom|atk|1\n|\n|-heal|p1a: Landorus|14\/100|[from] item: Leftovers\n|upkeep\n|turn|87\n|\n|t:|1700859053\n|move|p1a: Landorus|Earthquake|p2a: Ur mom\n|-damage|p2a: Ur mom|40\/100 slp\n|cant|p2a: Ur mom|slp\n|move|p2a: Ur mom|Sleep Talk|p2a: Ur mom\n|move|p2a: Ur mom|Curse|p2a: Ur mom|[from]move: Sleep Talk\n|-unboost|p2a: Ur mom|spe|1\n|-boost|p2a: Ur mom|atk|1\n|-boost|p2a: Ur mom|def|1\n|\n|-heal|p1a: Landorus|20\/100|[from] item: Leftovers\n|upkeep\n|turn|88\n|\n|t:|1700859060\n|move|p1a: Landorus|U-turn|p2a: Ur mom\n|-damage|p2a: Ur mom|34\/100 slp\n|\n|t:|1700859063\n|switch|p1a: Tornadus|Tornadus-Therian, M|100\/100|[from] U-turn\n|cant|p2a: Ur mom|slp\n|move|p2a: Ur mom|Sleep Talk|p2a: Ur mom\n|move|p2a: Ur mom|Liquidation|p1a: Tornadus|[from]move: Sleep Talk\n|-damage|p1a: Tornadus|70\/100\n|\n|upkeep\n|turn|89\n|\n|t:|1700859073\n|switch|p2a: Toxapex|Toxapex, M|100\/100 brn\n|-damage|p2a: Toxapex|88\/100 brn|[from] Stealth Rock\n|move|p1a: Tornadus|Hurricane|p2a: Toxapex|[miss]\n|-miss|p1a: Tornadus|p2a: Toxapex\n|\n|-damage|p2a: Toxapex|82\/100 brn|[from] brn\n|upkeep\n|turn|90\n|\n|t:|1700859082\n|switch|p2a: Ur mom|Dondozo, F|34\/100 slp\n|-damage|p2a: Ur mom|21\/100 slp|[from] Stealth Rock\n|move|p1a: Tornadus|U-turn|p2a: Ur mom\n|-damage|p2a: Ur mom|14\/100 slp\n|\n|t:|1700859087\n|switch|p1a: Landorus|Landorus-Therian, M|20\/100|[from] U-turn\n|-ability|p1a: Landorus|Intimidate|boost\n|-unboost|p2a: Ur mom|atk|1\n|\n|-heal|p1a: Landorus|26\/100|[from] item: Leftovers\n|upkeep\n|turn|91\n|\n|t:|1700859091\n|move|p1a: Landorus|U-turn|p2a: Ur mom\n|-damage|p2a: Ur mom|5\/100 slp\n|\n|t:|1700859095\n|switch|p1a: Tornadus|Tornadus-Therian, M|100\/100|[from] U-turn\n|-curestatus|p2a: Ur mom|slp|[msg]\n|move|p2a: Ur mom|Rest|p2a: Ur mom\n|-status|p2a: Ur mom|slp|[from] move: Rest\n|-heal|p2a: Ur mom|100\/100 slp|[silent]\n|\n|upkeep\n|turn|92\n|\n|t:|1700859098\n|switch|p2a: Toxapex|Toxapex, M|100\/100 brn\n|-damage|p2a: Toxapex|88\/100 brn|[from] Stealth Rock\n|move|p1a: Tornadus|Hurricane|p2a: Toxapex\n|-damage|p2a: Toxapex|55\/100 brn\n|\n|-damage|p2a: Toxapex|49\/100 brn|[from] brn\n|upkeep\n|turn|93\n|\n|t:|1700859111\n|switch|p2a: Slowking|Slowking-Galar, F|67\/100\n|-damage|p2a: Slowking|54\/100|[from] Stealth Rock\n|move|p1a: Tornadus|U-turn|p2a: Slowking\n|-damage|p2a: Slowking|40\/100\n|\n|t:|1700859116\n|switch|p1a: Landorus|Landorus-Therian, M|26\/100|[from] U-turn\n|-ability|p1a: Landorus|Intimidate|boost\n|-unboost|p2a: Slowking|atk|1\n|\n|-heal|p1a: Landorus|32\/100|[from] item: Leftovers\n|upkeep\n|turn|94\n|\n|t:|1700859119\n|move|p1a: Landorus|Earthquake|p2a: Slowking\n|-supereffective|p2a: Slowking\n|-damage|p2a: Slowking|0 fnt\n|faint|p2a: Slowking\n|\n|-heal|p1a: Landorus|38\/100|[from] item: Leftovers\n|upkeep\n|c|\u2606sannest.Sapling_|Gg\n|\n|t:|1700859126\n|switch|p2a: Blissey|Blissey, F|64\/100\n|-damage|p2a: Blissey|51\/100|[from] Stealth Rock\n|turn|95\n|-message|sannest.Sapling_ forfeited.\n|\n|win|Sjsjjajadj\n|raw|Sjsjjajadj's rating: 1000 &rarr; <strong>1049<\/strong><br \/>(+49 for winning)\n|raw|sannest.Sapling_'s rating: 1081 &rarr; <strong>1054<\/strong><br \/>(-27 for losing)\n|l|\u2606sannest.Sapling_\n","uploadtime":1700859134,"views":3,"p1id":"sjsjjajadj","p2id":"sannestsapling","formatid":"gen9ou","rating":1049,"private":0,"password":""}