{"id":"gen9ou-1991393003","p1":"Steve Kirlia","p2":"BastienLeBoss","format":"[Gen 9] OU","log":"|j|\u2606Steve Kirlia\n|j|\u2606BastienLeBoss\n|t:|1700073328\n|gametype|singles\n|player|p1|Steve Kirlia|hoopster|1684\n|player|p2|BastienLeBoss|101|1583\n|teamsize|p1|6\n|teamsize|p2|6\n|gen|9\n|tier|[Gen 9] OU\n|rated|\n|rule|Sleep Clause Mod: Limit one foe put to sleep\n|rule|Species Clause: Limit one of each Pok\u00e9mon\n|rule|OHKO Clause: OHKO moves are banned\n|rule|Evasion Items Clause: Evasion items are banned\n|rule|Evasion Moves Clause: Evasion moves are banned\n|rule|Endless Battle Clause: Forcing endless battles is banned\n|rule|HP Percentage Mod: HP is shown in percentages\n|clearpoke\n|poke|p1|Weavile, F|\n|poke|p1|Weezing-Galar, M|\n|poke|p1|Alomomola, M|\n|poke|p1|Ting-Lu|\n|poke|p1|Corviknight, M|\n|poke|p1|Dondozo, F|\n|poke|p2|Meowscarada, F|\n|poke|p2|Dragapult, M|\n|poke|p2|Iron Valiant|\n|poke|p2|Grimmsnarl, M|\n|poke|p2|Clefable, M|\n|poke|p2|Iron Hands|\n|teampreview\n|inactive|Battle timer is ON: inactive players will automatically lose when time's up. (requested by Steve Kirlia)\n|inactive|Steve Kirlia has 120 seconds left.\n|\n|t:|1700073359\n|start\n|switch|p1a: Weavile|Weavile, F|100\/100\n|switch|p2a: Iron Valiant|Iron Valiant|100\/100\n|-ability|p1a: Weavile|Pressure\n|-enditem|p2a: Iron Valiant|Booster Energy\n|-activate|p2a: Iron Valiant|ability: Quark Drive|[fromitem]\n|-start|p2a: Iron Valiant|quarkdrivespe\n|turn|1\n|inactive|BastienLeBoss has 120 seconds left.\n|\n|t:|1700073395\n|switch|p1a: Weezing|Weezing-Galar, M|100\/100\n|-ability|p1a: Weezing|Neutralizing Gas\n|move|p2a: Iron Valiant|Moonblast|p1a: Weezing\n|-resisted|p1a: Weezing\n|-damage|p1a: Weezing|67\/100\n|\n|upkeep\n|turn|2\n|inactive|BastienLeBoss has 120 seconds left.\n|j| OUVTripleAxel\n|\n|t:|1700073406\n|move|p2a: Iron Valiant|Psyshock|p1a: Weezing\n|-supereffective|p1a: Weezing\n|-damage|p1a: Weezing|32\/100\n|move|p1a: Weezing|Will-O-Wisp|p2a: Iron Valiant\n|-status|p2a: Iron Valiant|brn\n|\n|-damage|p2a: Iron Valiant|94\/100 brn|[from] brn\n|upkeep\n|turn|3\n|\n|t:|1700073414\n|-end|p1a: Weezing|ability: Neutralizing Gas\n|switch|p1a: Ting-Lu|Ting-Lu|100\/100\n|-ability|p1a: Ting-Lu|Vessel of Ruin\n|move|p2a: Iron Valiant|Psyshock|p1a: Ting-Lu\n|-immune|p1a: Ting-Lu\n|\n|-damage|p2a: Iron Valiant|88\/100 brn|[from] brn\n|upkeep\n|turn|4\n|\n|t:|1700073430\n|move|p2a: Iron Valiant|Moonblast|p1a: Ting-Lu\n|-supereffective|p1a: Ting-Lu\n|-damage|p1a: Ting-Lu|60\/100\n|-unboost|p1a: Ting-Lu|spa|1\n|move|p1a: Ting-Lu|Earthquake|p2a: Iron Valiant\n|-damage|p2a: Iron Valiant|37\/100 brn\n|\n|-heal|p1a: Ting-Lu|66\/100|[from] item: Leftovers\n|-damage|p2a: Iron Valiant|31\/100 brn|[from] brn\n|upkeep\n|turn|5\n|inactive|BastienLeBoss has 120 seconds left.\n|\n|t:|1700073446\n|move|p1a: Ting-Lu|Protect|p1a: Ting-Lu\n|-singleturn|p1a: Ting-Lu|Protect\n|move|p2a: Iron Valiant|Destiny Bond|p2a: Iron Valiant\n|-singlemove|p2a: Iron Valiant|Destiny Bond\n|\n|-heal|p1a: Ting-Lu|72\/100|[from] item: Leftovers\n|-damage|p2a: Iron Valiant|25\/100 brn|[from] brn\n|upkeep\n|turn|6\n|\n|t:|1700073458\n|-end|p2a: Iron Valiant|Quark Drive|[silent]\n|switch|p2a: Meowscarada|Meowscarada, F|100\/100\n|move|p1a: Ting-Lu|Earthquake|p2a: Meowscarada\n|-resisted|p2a: Meowscarada\n|-damage|p2a: Meowscarada|70\/100\n|\n|-heal|p1a: Ting-Lu|78\/100|[from] item: Leftovers\n|upkeep\n|turn|7\n|\n|t:|1700073470\n|switch|p1a: Corviknight|Corviknight, M|100\/100\n|-ability|p1a: Corviknight|Pressure\n|move|p2a: Meowscarada|Knock Off|p1a: Corviknight\n|-start|p2a: Meowscarada|typechange|Dark|[from] ability: Protean\n|-damage|p1a: Corviknight|53\/100\n|-damage|p2a: Meowscarada|54\/100|[from] item: Rocky Helmet|[of] p1a: Corviknight\n|-enditem|p1a: Corviknight|Rocky Helmet|[from] move: Knock Off|[of] p2a: Meowscarada\n|\n|upkeep\n|turn|8\n|\n|t:|1700073480\n|switch|p2a: Grimmsnarl|Grimmsnarl, M, shiny|100\/100\n|move|p1a: Corviknight|Roost|p1a: Corviknight\n|-heal|p1a: Corviknight|100\/100\n|-singleturn|p1a: Corviknight|move: Roost\n|\n|upkeep\n|turn|9\n|\n|t:|1700073489\n|switch|p1a: Weezing|Weezing-Galar, M|32\/100\n|-ability|p1a: Weezing|Neutralizing Gas\n|move|p2a: Grimmsnarl|Reflect|p2a: Grimmsnarl\n|-sidestart|p2: BastienLeBoss|Reflect\n|\n|upkeep\n|turn|10\n|\n|t:|1700073495\n|move|p2a: Grimmsnarl|Light Screen|p2a: Grimmsnarl\n|-sidestart|p2: BastienLeBoss|move: Light Screen\n|move|p1a: Weezing|Pain Split|p2a: Grimmsnarl\n|-sethp|p2a: Grimmsnarl|64\/100|[from] move: Pain Split|[silent]\n|-sethp|p1a: Weezing|75\/100|[from] move: Pain Split\n|\n|upkeep\n|turn|11\n|\n|t:|1700073502\n|move|p2a: Grimmsnarl|Parting Shot|p1a: Weezing\n|-unboost|p1a: Weezing|atk|1\n|-unboost|p1a: Weezing|spa|1\n|\n|t:|1700073505\n|switch|p2a: Iron Valiant|Iron Valiant|25\/100 brn|[from] Parting Shot\n|move|p1a: Weezing|Will-O-Wisp|p2a: Iron Valiant\n|-fail|p2a: Iron Valiant|brn\n|\n|-damage|p2a: Iron Valiant|18\/100 brn|[from] brn\n|upkeep\n|turn|12\n|\n|t:|1700073515\n|-end|p1a: Weezing|ability: Neutralizing Gas\n|switch|p1a: Corviknight|Corviknight, M|100\/100\n|-ability|p1a: Corviknight|Pressure\n|move|p2a: Iron Valiant|Destiny Bond|p2a: Iron Valiant\n|-singlemove|p2a: Iron Valiant|Destiny Bond\n|\n|-damage|p2a: Iron Valiant|12\/100 brn|[from] brn\n|upkeep\n|turn|13\n|\n|t:|1700073525\n|-end|p2a: Iron Valiant|Quark Drive|[silent]\n|switch|p2a: Iron Hands|Iron Hands, shiny|100\/100\n|move|p1a: Corviknight|Brave Bird|p2a: Iron Hands\n|-damage|p2a: Iron Hands|88\/100\n|-damage|p1a: Corviknight|95\/100|[from] Recoil\n|\n|-heal|p2a: Iron Hands|95\/100|[from] item: Leftovers\n|upkeep\n|turn|14\n|\n|t:|1700073539\n|switch|p1a: Dondozo|Dondozo, F|100\/100\n|move|p2a: Iron Hands|Swords Dance|p2a: Iron Hands\n|-boost|p2a: Iron Hands|atk|2\n|\n|-heal|p2a: Iron Hands|100\/100|[from] item: Leftovers\n|upkeep\n|turn|15\n|\n|t:|1700073547\n|-terastallize|p1a: Dondozo|Dragon\n|move|p2a: Iron Hands|Thunder Punch|p1a: Dondozo\n|-resisted|p1a: Dondozo\n|-damage|p1a: Dondozo|88\/100\n|move|p1a: Dondozo|Curse|p1a: Dondozo\n|-unboost|p1a: Dondozo|spe|1\n|-boost|p1a: Dondozo|atk|1\n|-boost|p1a: Dondozo|def|1\n|\n|-heal|p1a: Dondozo|94\/100|[from] item: Leftovers\n|upkeep\n|turn|16\n|\n|t:|1700073556\n|-end|p2a: Iron Hands|Quark Drive|[silent]\n|switch|p2a: Iron Valiant|Iron Valiant|12\/100 brn\n|move|p1a: Dondozo|Wave Crash|p2a: Iron Valiant\n|-damage|p2a: Iron Valiant|0 fnt\n|faint|p2a: Iron Valiant\n|-end|p2a: Iron Valiant|Quark Drive|[silent]\n|-damage|p1a: Dondozo|92\/100|[from] Recoil\n|\n|-heal|p1a: Dondozo|98\/100|[from] item: Leftovers\n|-sideend|p2: BastienLeBoss|Reflect\n|upkeep\n|\n|t:|1700073567\n|switch|p2a: Dragapult|Dragapult, M, shiny|100\/100\n|turn|17\n|\n|t:|1700073572\n|switch|p1a: Weezing|Weezing-Galar, M|75\/100\n|-ability|p1a: Weezing|Neutralizing Gas\n|move|p2a: Dragapult|Shadow Ball|p1a: Weezing\n|-damage|p1a: Weezing|9\/100\n|\n|-sideend|p2: BastienLeBoss|move: Light Screen\n|upkeep\n|turn|18\n|\n|t:|1700073580\n|-end|p1a: Weezing|ability: Neutralizing Gas\n|switch|p1a: Ting-Lu|Ting-Lu|78\/100\n|-ability|p1a: Ting-Lu|Vessel of Ruin\n|move|p2a: Dragapult|Shadow Ball|p1a: Ting-Lu\n|-resisted|p1a: Ting-Lu\n|-damage|p1a: Ting-Lu|67\/100\n|-unboost|p1a: Ting-Lu|spd|1\n|\n|-heal|p1a: Ting-Lu|73\/100|[from] item: Leftovers\n|upkeep\n|turn|19\n|\n|t:|1700073591\n|switch|p2a: Meowscarada|Meowscarada, F|54\/100\n|switch|p1a: Alomomola|Alomomola, M|100\/100\n|\n|upkeep\n|turn|20\n|\n|t:|1700073597\n|switch|p1a: Corviknight|Corviknight, M|95\/100\n|-ability|p1a: Corviknight|Pressure\n|move|p2a: Meowscarada|Flower Trick|p1a: Corviknight\n|-start|p2a: Meowscarada|typechange|Grass|[from] ability: Protean\n|-resisted|p1a: Corviknight\n|-crit|p1a: Corviknight\n|-damage|p1a: Corviknight|83\/100\n|\n|upkeep\n|turn|21\n|\n|t:|1700073608\n|switch|p2a: Clefable|Clefable, M, shiny|100\/100\n|move|p1a: Corviknight|Brave Bird|p2a: Clefable\n|-damage|p2a: Clefable|71\/100\n|-damage|p1a: Corviknight|73\/100|[from] Recoil\n|\n|-heal|p2a: Clefable|77\/100|[from] item: Leftovers\n|upkeep\n|turn|22\n|\n|t:|1700073620\n|switch|p1a: Weavile|Weavile, F|100\/100\n|-ability|p1a: Weavile|Pressure\n|move|p2a: Clefable|Calm Mind|p2a: Clefable\n|-boost|p2a: Clefable|spa|1\n|-boost|p2a: Clefable|spd|1\n|\n|-heal|p2a: Clefable|83\/100|[from] item: Leftovers\n|upkeep\n|turn|23\n|\n|t:|1700073638\n|move|p1a: Weavile|Substitute|p1a: Weavile\n|-start|p1a: Weavile|Substitute\n|-damage|p1a: Weavile|76\/100\n|move|p2a: Clefable|Moonblast|p1a: Weavile\n|-supereffective|p1a: Weavile\n|-end|p1a: Weavile|Substitute\n|\n|-heal|p1a: Weavile|82\/100|[from] item: Leftovers\n|-heal|p2a: Clefable|89\/100|[from] item: Leftovers\n|upkeep\n|turn|24\n|\n|t:|1700073648\n|move|p1a: Weavile|Protect|p1a: Weavile\n|-singleturn|p1a: Weavile|Protect\n|move|p2a: Clefable|Moonblast|p1a: Weavile\n|-activate|p1a: Weavile|move: Protect\n|\n|-heal|p1a: Weavile|88\/100|[from] item: Leftovers\n|-heal|p2a: Clefable|95\/100|[from] item: Leftovers\n|upkeep\n|turn|25\n|\n|t:|1700073656\n|move|p1a: Weavile|Substitute|p1a: Weavile\n|-start|p1a: Weavile|Substitute\n|-damage|p1a: Weavile|63\/100\n|move|p2a: Clefable|Moonblast|p1a: Weavile\n|-supereffective|p1a: Weavile\n|-end|p1a: Weavile|Substitute\n|\n|-heal|p1a: Weavile|69\/100|[from] item: Leftovers\n|-heal|p2a: Clefable|100\/100|[from] item: Leftovers\n|upkeep\n|turn|26\n|\n|t:|1700073664\n|move|p1a: Weavile|Protect|p1a: Weavile\n|-singleturn|p1a: Weavile|Protect\n|move|p2a: Clefable|Cosmic Power|p2a: Clefable\n|-boost|p2a: Clefable|def|1\n|-boost|p2a: Clefable|spd|1\n|\n|-heal|p1a: Weavile|75\/100|[from] item: Leftovers\n|upkeep\n|turn|27\n|\n|t:|1700073671\n|move|p1a: Weavile|Substitute|p1a: Weavile\n|-start|p1a: Weavile|Substitute\n|-damage|p1a: Weavile|51\/100\n|move|p2a: Clefable|Moonblast|p1a: Weavile\n|-supereffective|p1a: Weavile\n|-end|p1a: Weavile|Substitute\n|\n|-heal|p1a: Weavile|57\/100|[from] item: Leftovers\n|upkeep\n|turn|28\n|\n|t:|1700073678\n|move|p1a: Weavile|Substitute|p1a: Weavile\n|-start|p1a: Weavile|Substitute\n|-damage|p1a: Weavile|32\/100\n|move|p2a: Clefable|Moonblast|p1a: Weavile\n|-supereffective|p1a: Weavile\n|-end|p1a: Weavile|Substitute\n|\n|-heal|p1a: Weavile|38\/100|[from] item: Leftovers\n|upkeep\n|turn|29\n|\n|t:|1700073686\n|move|p1a: Weavile|Protect|p1a: Weavile\n|-singleturn|p1a: Weavile|Protect\n|move|p2a: Clefable|Moonblast|p1a: Weavile\n|-activate|p1a: Weavile|move: Protect\n|\n|-heal|p1a: Weavile|44\/100|[from] item: Leftovers\n|upkeep\n|turn|30\n|\n|t:|1700073700\n|move|p1a: Weavile|Substitute|p1a: Weavile\n|-start|p1a: Weavile|Substitute\n|-damage|p1a: Weavile|19\/100\n|move|p2a: Clefable|Moonblast|p1a: Weavile\n|-supereffective|p1a: Weavile\n|-end|p1a: Weavile|Substitute\n|\n|-heal|p1a: Weavile|26\/100|[from] item: Leftovers\n|upkeep\n|turn|31\n|\n|t:|1700073708\n|move|p1a: Weavile|Protect|p1a: Weavile\n|-singleturn|p1a: Weavile|Protect\n|move|p2a: Clefable|Calm Mind|p2a: Clefable\n|-boost|p2a: Clefable|spa|1\n|-boost|p2a: Clefable|spd|1\n|\n|-heal|p1a: Weavile|32\/100|[from] item: Leftovers\n|upkeep\n|turn|32\n|\n|t:|1700073716\n|switch|p1a: Alomomola|Alomomola, M|100\/100\n|move|p2a: Clefable|Moonblast|p1a: Alomomola\n|-damage|p1a: Alomomola|42\/100\n|\n|-heal|p1a: Alomomola|48\/100|[from] item: Leftovers\n|upkeep\n|turn|33\n|\n|t:|1700073724\n|move|p1a: Alomomola|Protect|p1a: Alomomola\n|-singleturn|p1a: Alomomola|Protect\n|move|p2a: Clefable|Moonblast|p1a: Alomomola\n|-activate|p1a: Alomomola|move: Protect\n|\n|-heal|p1a: Alomomola|54\/100|[from] item: Leftovers\n|upkeep\n|turn|34\n|\n|t:|1700073733\n|move|p2a: Clefable|Moonblast|p1a: Alomomola\n|-damage|p1a: Alomomola|0 fnt\n|faint|p1a: Alomomola\n|\n|upkeep\n|\n|t:|1700073737\n|switch|p1a: Weavile|Weavile, F|32\/100\n|-ability|p1a: Weavile|Pressure\n|turn|35\n|\n|t:|1700073743\n|move|p1a: Weavile|Protect|p1a: Weavile\n|-singleturn|p1a: Weavile|Protect\n|move|p2a: Clefable|Calm Mind|p2a: Clefable\n|-boost|p2a: Clefable|spa|1\n|-boost|p2a: Clefable|spd|1\n|\n|-heal|p1a: Weavile|38\/100|[from] item: Leftovers\n|upkeep\n|turn|36\n|\n|t:|1700073751\n|move|p1a: Weavile|Substitute|p1a: Weavile\n|-start|p1a: Weavile|Substitute\n|-damage|p1a: Weavile|13\/100\n|move|p2a: Clefable|Moonblast|p1a: Weavile\n|-supereffective|p1a: Weavile\n|-end|p1a: Weavile|Substitute\n|\n|-heal|p1a: Weavile|19\/100|[from] item: Leftovers\n|upkeep\n|turn|37\n|\n|t:|1700073759\n|move|p1a: Weavile|Protect|p1a: Weavile\n|-singleturn|p1a: Weavile|Protect\n|move|p2a: Clefable|Calm Mind|p2a: Clefable\n|-boost|p2a: Clefable|spa|1\n|-boost|p2a: Clefable|spd|1\n|\n|-heal|p1a: Weavile|25\/100|[from] item: Leftovers\n|upkeep\n|turn|38\n|\n|t:|1700073770\n|switch|p1a: Corviknight|Corviknight, M|73\/100\n|-ability|p1a: Corviknight|Pressure\n|move|p2a: Clefable|Moonblast|p1a: Corviknight\n|-resisted|p1a: Corviknight\n|-damage|p1a: Corviknight|21\/100\n|\n|upkeep\n|turn|39\n|\n|t:|1700073786\n|switch|p1a: Weezing|Weezing-Galar, M|9\/100\n|-ability|p1a: Weezing|Neutralizing Gas\n|move|p2a: Clefable|Moonblast|p1a: Weezing\n|-resisted|p1a: Weezing\n|-damage|p1a: Weezing|0 fnt\n|faint|p1a: Weezing\n|-end|p1a: Weezing|ability: Neutralizing Gas\n|\n|upkeep\n|\n|t:|1700073795\n|switch|p1a: Weavile|Weavile, F|25\/100\n|-ability|p1a: Weavile|Pressure\n|turn|40\n|\n|t:|1700073806\n|switch|p2a: Iron Hands|Iron Hands, shiny|100\/100\n|move|p1a: Weavile|Protect||[still]\n|-fail|p1a: Weavile\n|\n|-heal|p1a: Weavile|31\/100|[from] item: Leftovers\n|upkeep\n|turn|41\n|\n|t:|1700073812\n|switch|p1a: Dondozo|Dondozo, F, tera:Dragon|98\/100\n|move|p2a: Iron Hands|Ice Punch|p1a: Dondozo\n|-supereffective|p1a: Dondozo\n|-damage|p1a: Dondozo|65\/100\n|\n|-heal|p1a: Dondozo|71\/100|[from] item: Leftovers\n|upkeep\n|turn|42\n|\n|t:|1700073819\n|-end|p2a: Iron Hands|Quark Drive|[silent]\n|switch|p2a: Dragapult|Dragapult, M, shiny|100\/100\n|move|p1a: Dondozo|Curse|p1a: Dondozo\n|-unboost|p1a: Dondozo|spe|1\n|-boost|p1a: Dondozo|atk|1\n|-boost|p1a: Dondozo|def|1\n|\n|-heal|p1a: Dondozo|77\/100|[from] item: Leftovers\n|upkeep\n|turn|43\n|\n|t:|1700073828\n|switch|p1a: Ting-Lu|Ting-Lu|73\/100\n|-ability|p1a: Ting-Lu|Vessel of Ruin\n|move|p2a: Dragapult|Draco Meteor|p1a: Ting-Lu\n|-damage|p1a: Ting-Lu|41\/100\n|-unboost|p2a: Dragapult|spa|2\n|\n|-heal|p1a: Ting-Lu|47\/100|[from] item: Leftovers\n|upkeep\n|turn|44\n|\n|t:|1700073839\n|switch|p2a: Iron Hands|Iron Hands, shiny|100\/100\n|move|p1a: Ting-Lu|Spikes|p2a: Iron Hands\n|-sidestart|p2: BastienLeBoss|Spikes\n|\n|-heal|p1a: Ting-Lu|53\/100|[from] item: Leftovers\n|upkeep\n|turn|45\n|\n|t:|1700073847\n|move|p1a: Ting-Lu|Protect|p1a: Ting-Lu\n|-singleturn|p1a: Ting-Lu|Protect\n|move|p2a: Iron Hands|Drain Punch|p1a: Ting-Lu\n|-activate|p1a: Ting-Lu|move: Protect\n|\n|-heal|p1a: Ting-Lu|59\/100|[from] item: Leftovers\n|upkeep\n|turn|46\n|\n|t:|1700073854\n|switch|p1a: Dondozo|Dondozo, F, tera:Dragon|77\/100\n|move|p2a: Iron Hands|Ice Punch|p1a: Dondozo\n|-supereffective|p1a: Dondozo\n|-damage|p1a: Dondozo|45\/100\n|\n|-heal|p1a: Dondozo|51\/100|[from] item: Leftovers\n|upkeep\n|turn|47\n|\n|t:|1700073866\n|-end|p2a: Iron Hands|Quark Drive|[silent]\n|switch|p2a: Dragapult|Dragapult, M, shiny|100\/100\n|-damage|p2a: Dragapult|88\/100|[from] Spikes\n|move|p1a: Dondozo|Rest|p1a: Dondozo\n|-status|p1a: Dondozo|slp|[from] move: Rest\n|-heal|p1a: Dondozo|100\/100 slp|[silent]\n|\n|upkeep\n|turn|48\n|\n|t:|1700073879\n|switch|p1a: Ting-Lu|Ting-Lu|59\/100\n|-ability|p1a: Ting-Lu|Vessel of Ruin\n|move|p2a: Dragapult|Shadow Ball|p1a: Ting-Lu\n|-resisted|p1a: Ting-Lu\n|-damage|p1a: Ting-Lu|48\/100\n|\n|-heal|p1a: Ting-Lu|54\/100|[from] item: Leftovers\n|upkeep\n|turn|49\n|\n|t:|1700073889\n|switch|p2a: Iron Hands|Iron Hands, shiny|100\/100\n|-damage|p2a: Iron Hands|88\/100|[from] Spikes\n|move|p1a: Ting-Lu|Earthquake|p2a: Iron Hands\n|-supereffective|p2a: Iron Hands\n|-damage|p2a: Iron Hands|41\/100\n|\n|-heal|p2a: Iron Hands|47\/100|[from] item: Leftovers\n|-heal|p1a: Ting-Lu|61\/100|[from] item: Leftovers\n|upkeep\n|turn|50\n|\n|t:|1700073903\n|-end|p2a: Iron Hands|Quark Drive|[silent]\n|switch|p2a: Meowscarada|Meowscarada, F|54\/100\n|-damage|p2a: Meowscarada|41\/100|[from] Spikes\n|switch|p1a: Corviknight|Corviknight, M|21\/100\n|-ability|p1a: Corviknight|Pressure\n|\n|upkeep\n|turn|51\n|\n|t:|1700073911\n|move|p2a: Meowscarada|Knock Off|p1a: Corviknight\n|-start|p2a: Meowscarada|typechange|Dark|[from] ability: Protean\n|-damage|p1a: Corviknight|0 fnt\n|faint|p1a: Corviknight\n|\n|upkeep\n|\n|t:|1700073917\n|switch|p1a: Weavile|Weavile, F|31\/100\n|-ability|p1a: Weavile|Pressure\n|turn|52\n|\n|t:|1700073926\n|move|p1a: Weavile|Protect|p1a: Weavile\n|-singleturn|p1a: Weavile|Protect\n|move|p2a: Meowscarada|Knock Off|p1a: Weavile\n|-activate|p1a: Weavile|move: Protect\n|\n|-heal|p1a: Weavile|38\/100|[from] item: Leftovers\n|upkeep\n|turn|53\n|\n|t:|1700073936\n|move|p1a: Weavile|Poison Jab|p2a: Meowscarada\n|-damage|p2a: Meowscarada|6\/100\n|move|p2a: Meowscarada|Knock Off|p1a: Weavile\n|-resisted|p1a: Weavile\n|-damage|p1a: Weavile|0 fnt\n|-enditem|p1a: Weavile|Leftovers|[from] move: Knock Off|[of] p2a: Meowscarada\n|faint|p1a: Weavile\n|\n|upkeep\n|\n|t:|1700073946\n|switch|p1a: Dondozo|Dondozo, F, tera:Dragon|100\/100 slp\n|turn|54\n|\n|t:|1700073949\n|move|p2a: Meowscarada|Knock Off|p1a: Dondozo\n|-damage|p1a: Dondozo|63\/100 slp\n|-enditem|p1a: Dondozo|Leftovers|[from] move: Knock Off|[of] p2a: Meowscarada\n|cant|p1a: Dondozo|slp\n|\n|upkeep\n|turn|55\n|\n|t:|1700073955\n|switch|p2a: Dragapult|Dragapult, M, shiny|88\/100\n|-damage|p2a: Dragapult|76\/100|[from] Spikes\n|cant|p1a: Dondozo|slp\n|\n|upkeep\n|turn|56\n|\n|t:|1700073964\n|switch|p1a: Ting-Lu|Ting-Lu|61\/100\n|-ability|p1a: Ting-Lu|Vessel of Ruin\n|-terastallize|p2a: Dragapult|Ghost\n|move|p2a: Dragapult|Shadow Ball|p1a: Ting-Lu\n|-resisted|p1a: Ting-Lu\n|-damage|p1a: Ting-Lu|46\/100\n|\n|-heal|p1a: Ting-Lu|52\/100|[from] item: Leftovers\n|upkeep\n|turn|57\n|\n|t:|1700073982\n|switch|p2a: Meowscarada|Meowscarada, F|6\/100\n|-damage|p2a: Meowscarada|0 fnt|[from] Spikes\n|faint|p2a: Meowscarada\n|move|p1a: Ting-Lu|Earthquake|p2: Meowscarada|[notarget]\n|-fail|p1a: Ting-Lu\n|\n|-heal|p1a: Ting-Lu|58\/100|[from] item: Leftovers\n|upkeep\n|\n|t:|1700073994\n|switch|p2a: Clefable|Clefable, M, shiny|100\/100\n|-damage|p2a: Clefable|88\/100|[from] Spikes\n|turn|58\n|\n|t:|1700074001\n|move|p2a: Clefable|Calm Mind|p2a: Clefable\n|-boost|p2a: Clefable|spa|1\n|-boost|p2a: Clefable|spd|1\n|move|p1a: Ting-Lu|Earthquake|p2a: Clefable\n|-damage|p2a: Clefable|57\/100\n|\n|-heal|p2a: Clefable|63\/100|[from] item: Leftovers\n|-heal|p1a: Ting-Lu|65\/100|[from] item: Leftovers\n|upkeep\n|turn|59\n|\n|t:|1700074016\n|move|p1a: Ting-Lu|Protect|p1a: Ting-Lu\n|-singleturn|p1a: Ting-Lu|Protect\n|move|p2a: Clefable|Calm Mind|p2a: Clefable\n|-boost|p2a: Clefable|spa|1\n|-boost|p2a: Clefable|spd|1\n|\n|-heal|p2a: Clefable|70\/100|[from] item: Leftovers\n|-heal|p1a: Ting-Lu|71\/100|[from] item: Leftovers\n|upkeep\n|turn|60\n|\n|t:|1700074024\n|move|p2a: Clefable|Calm Mind|p2a: Clefable\n|-boost|p2a: Clefable|spa|1\n|-boost|p2a: Clefable|spd|1\n|move|p1a: Ting-Lu|Earthquake|p2a: Clefable\n|-damage|p2a: Clefable|41\/100\n|\n|-heal|p2a: Clefable|47\/100|[from] item: Leftovers\n|-heal|p1a: Ting-Lu|77\/100|[from] item: Leftovers\n|upkeep\n|turn|61\n|\n|t:|1700074032\n|move|p2a: Clefable|Calm Mind|p2a: Clefable\n|-boost|p2a: Clefable|spa|1\n|-boost|p2a: Clefable|spd|1\n|move|p1a: Ting-Lu|Earthquake|p2a: Clefable\n|-damage|p2a: Clefable|19\/100\n|\n|-heal|p2a: Clefable|25\/100|[from] item: Leftovers\n|-heal|p1a: Ting-Lu|83\/100|[from] item: Leftovers\n|upkeep\n|turn|62\n|\n|t:|1700074040\n|move|p2a: Clefable|Moonlight|p2a: Clefable\n|-heal|p2a: Clefable|75\/100\n|move|p1a: Ting-Lu|Earthquake|p2a: Clefable\n|-damage|p2a: Clefable|46\/100\n|\n|-heal|p2a: Clefable|52\/100|[from] item: Leftovers\n|-heal|p1a: Ting-Lu|89\/100|[from] item: Leftovers\n|upkeep\n|turn|63\n|\n|t:|1700074052\n|move|p2a: Clefable|Calm Mind|p2a: Clefable\n|-boost|p2a: Clefable|spa|1\n|-boost|p2a: Clefable|spd|1\n|move|p1a: Ting-Lu|Earthquake|p2a: Clefable\n|-damage|p2a: Clefable|24\/100\n|\n|-heal|p2a: Clefable|30\/100|[from] item: Leftovers\n|-heal|p1a: Ting-Lu|96\/100|[from] item: Leftovers\n|upkeep\n|turn|64\n|\n|t:|1700074060\n|move|p2a: Clefable|Moonlight|p2a: Clefable\n|-heal|p2a: Clefable|80\/100\n|move|p1a: Ting-Lu|Earthquake|p2a: Clefable\n|-damage|p2a: Clefable|53\/100\n|\n|-heal|p2a: Clefable|59\/100|[from] item: Leftovers\n|-heal|p1a: Ting-Lu|100\/100|[from] item: Leftovers\n|upkeep\n|turn|65\n|\n|t:|1700074069\n|move|p2a: Clefable|Cosmic Power|p2a: Clefable\n|-boost|p2a: Clefable|def|1\n|-boost|p2a: Clefable|spd|1\n|move|p1a: Ting-Lu|Stealth Rock|p2a: Clefable\n|-sidestart|p2: BastienLeBoss|move: Stealth Rock\n|\n|-heal|p2a: Clefable|65\/100|[from] item: Leftovers\n|upkeep\n|turn|66\n|\n|t:|1700074077\n|move|p2a: Clefable|Calm Mind|p2a: Clefable\n|-boost|p2a: Clefable|spa|1\n|-boost|p2a: Clefable|spd|0\n|move|p1a: Ting-Lu|Spikes|p2a: Clefable\n|-sidestart|p2: BastienLeBoss|Spikes\n|\n|-heal|p2a: Clefable|71\/100|[from] item: Leftovers\n|upkeep\n|turn|67\n|\n|t:|1700074084\n|move|p1a: Ting-Lu|Protect|p1a: Ting-Lu\n|-singleturn|p1a: Ting-Lu|Protect\n|move|p2a: Clefable|Moonlight|p2a: Clefable\n|-heal|p2a: Clefable|100\/100\n|\n|upkeep\n|turn|68\n|\n|t:|1700074090\n|move|p2a: Clefable|Moonblast|p1a: Ting-Lu\n|-supereffective|p1a: Ting-Lu\n|-damage|p1a: Ting-Lu|0 fnt\n|faint|p1a: Ting-Lu\n|\n|upkeep\n|l|\u2606Steve Kirlia\n|inactive|Steve Kirlia disconnected and has a minute to reconnect!\n|player|p1|\n|j|\u2606Steve Kirlia\n|inactive|Steve Kirlia reconnected and has 145 seconds left.\n|player|p1|Steve Kirlia|hoopster\n|c|\u2606Steve Kirlia|GG\n|c|\u2606BastienLeBoss|easy\n|-message|Steve Kirlia forfeited.\n|\n|win|BastienLeBoss\n|raw|Steve Kirlia's rating: 1684 &rarr; <strong>1658<\/strong><br \/>(-26 for losing)\n|raw|BastienLeBoss's rating: 1583 &rarr; <strong>1609<\/strong><br \/>(+26 for winning)\n|l|\u2606Steve Kirlia\n","uploadtime":1700074111,"views":7,"p1id":"stevekirlia","p2id":"bastienleboss","formatid":"gen9ou","rating":1609,"private":0,"password":""}