{"id":"gen9ou-2000648769","p1":"yekom","p2":"VikontAlu","format":"[Gen 9] OU","log":"|j|\u2606yekom\n|j|\u2606VikontAlu\n|t:|1701214404\n|gametype|singles\n|player|p1|yekom|will|1208\n|player|p2|VikontAlu|266|1215\n|teamsize|p1|6\n|teamsize|p2|6\n|gen|9\n|tier|[Gen 9] OU\n|rated|\n|rule|Sleep Clause Mod: Limit one foe put to sleep\n|rule|Species Clause: Limit one of each Pok\u00e9mon\n|rule|OHKO Clause: OHKO moves are banned\n|rule|Evasion Items Clause: Evasion items are banned\n|rule|Evasion Moves Clause: Evasion moves are banned\n|rule|Endless Battle Clause: Forcing endless battles is banned\n|rule|HP Percentage Mod: HP is shown in percentages\n|clearpoke\n|poke|p1|Empoleon, M|\n|poke|p1|Infernape, M|\n|poke|p1|Honchkrow, F|\n|poke|p1|Arcanine-Hisui, M|\n|poke|p1|Wo-Chien|\n|poke|p1|Weezing-Galar, M|\n|poke|p2|Ogerpon-Wellspring, F|\n|poke|p2|Heatran, M|\n|poke|p2|Iron Valiant|\n|poke|p2|Garganacl, M|\n|poke|p2|Cinderace, M|\n|poke|p2|Kingambit, F|\n|teampreview\n|inactive|Battle timer is ON: inactive players will automatically lose when time's up. (requested by yekom)\n|c|\u2606VikontAlu|This team is gay team\n|c|\u2606VikontAlu|\u0130 scared when i see this team\n|\n|t:|1701214435\n|start\n|switch|p1a: Rock titan|Arcanine-Hisui, M, shiny|100\/100\n|switch|p2a: Ogerpon|Ogerpon-Wellspring, F|100\/100\n|turn|1\n|\n|t:|1701214441\n|move|p1a: Rock titan|Head Smash|p2a: Ogerpon\n|-damage|p2a: Ogerpon|6\/100\n|move|p2a: Ogerpon|Ivy Cudgel|p1a: Rock titan|[anim] Ivy Cudgel Water\n|-supereffective|p1a: Rock titan\n|-crit|p1a: Rock titan\n|-damage|p1a: Rock titan|0 fnt\n|faint|p1a: Rock titan\n|\n|upkeep\n|\n|t:|1701214445\n|switch|p1a: Destructive fists|Infernape, M, shiny|100\/100\n|turn|2\n|\n|t:|1701214449\n|move|p1a: Destructive fists|Fake Out|p2a: Ogerpon\n|-damage|p2a: Ogerpon|0 fnt\n|faint|p2a: Ogerpon\n|-damage|p1a: Destructive fists|91\/100|[from] item: Life Orb\n|\n|upkeep\n|\n|t:|1701214469\n|switch|p2a: Garganacl|Garganacl, M|100\/100\n|turn|3\n|\n|t:|1701214489\n|-terastallize|p2a: Garganacl|Ghost\n|move|p1a: Destructive fists|Drain Punch|p2a: Garganacl\n|-immune|p2a: Garganacl\n|move|p2a: Garganacl|Iron Defense|p2a: Garganacl\n|-boost|p2a: Garganacl|def|2\n|\n|upkeep\n|turn|4\n|\n|t:|1701214496\n|switch|p1a: King of nowhere|Wo-Chien|100\/100\n|-ability|p1a: King of nowhere|Tablets of Ruin\n|move|p2a: Garganacl|Iron Defense|p2a: Garganacl\n|-boost|p2a: Garganacl|def|2\n|\n|upkeep\n|turn|5\n|\n|t:|1701214511\n|move|p1a: King of nowhere|Leech Seed|p2a: Garganacl\n|-start|p2a: Garganacl|move: Leech Seed\n|move|p2a: Garganacl|Body Press|p1a: King of nowhere\n|-supereffective|p1a: King of nowhere\n|-damage|p1a: King of nowhere|0 fnt\n|faint|p1a: King of nowhere\n|\n|upkeep\n|\n|t:|1701214518\n|switch|p1a: vapor wave|Weezing-Galar, M|100\/100\n|turn|6\n|\n|t:|1701214533\n|move|p1a: vapor wave|Taunt|p2a: Garganacl\n|-start|p2a: Garganacl|move: Taunt\n|move|p2a: Garganacl|Body Press|p1a: vapor wave\n|-resisted|p1a: vapor wave\n|-damage|p1a: vapor wave|89\/100\n|\n|-damage|p2a: Garganacl|88\/100|[from] Leech Seed|[of] p1a: vapor wave\n|-heal|p1a: vapor wave|100\/100|[silent]\n|upkeep\n|turn|7\n|\n|t:|1701214542\n|switch|p2a: Kingambit|Kingambit, F|100\/100\n|-activate|p2a: Kingambit|ability: Supreme Overlord\n|-start|p2a: Kingambit|fallen1|[silent]\n|move|p1a: vapor wave|Strange Steam|p2a: Kingambit\n|-damage|p2a: Kingambit|74\/100\n|\n|upkeep\n|turn|8\n|-message|yekom forfeited.\n|\n|win|VikontAlu\n|raw|yekom's rating: 1208 &rarr; <strong>1184<\/strong><br \/>(-24 for losing)\n|raw|VikontAlu's rating: 1215 &rarr; <strong>1239<\/strong><br \/>(+24 for winning)\n|l|\u2606yekom\n","uploadtime":1701214569,"views":1,"p1id":"yekom","p2id":"vikontalu","formatid":"gen9ou","rating":1184,"private":0,"password":""}