{"id":"gen9ou-1995732288","p1":"Kantonian Ash","p2":"Shanubiki","format":"[Gen 9] OU","log":"|j|\u2606Kantonian Ash\n|j|\u2606Shanubiki\n|t:|1700597996\n|gametype|singles\n|player|p1|Kantonian Ash|misty|1353\n|player|p2|Shanubiki|aaron|1452\n|teamsize|p1|6\n|teamsize|p2|6\n|gen|9\n|tier|[Gen 9] OU\n|rated|\n|rule|Sleep Clause Mod: Limit one foe put to sleep\n|rule|Species Clause: Limit one of each Pok\u00e9mon\n|rule|OHKO Clause: OHKO moves are banned\n|rule|Evasion Items Clause: Evasion items are banned\n|rule|Evasion Moves Clause: Evasion moves are banned\n|rule|Endless Battle Clause: Forcing endless battles is banned\n|rule|HP Percentage Mod: HP is shown in percentages\n|clearpoke\n|poke|p1|Enamorus, F|\n|poke|p1|Zapdos|\n|poke|p1|Decidueye-Hisui, M|\n|poke|p1|Ceruledge, M|\n|poke|p1|Walking Wake|\n|poke|p1|Great Tusk|\n|poke|p2|Walking Wake|\n|poke|p2|Rillaboom, F|\n|poke|p2|Heatran, F|\n|poke|p2|Mandibuzz, F|\n|poke|p2|Greninja-*, M|\n|poke|p2|Great Tusk|\n|teampreview\n|inactive|Battle timer is ON: inactive players will automatically lose when time's up. (requested by Kantonian Ash)\n|\n|t:|1700598007\n|start\n|switch|p1a: Great Tusk|Great Tusk|100\/100\n|switch|p2a: Greninja|Greninja, M|100\/100\n|turn|1\n|\n|t:|1700598013\n|move|p2a: Greninja|Hydro Pump|p1a: Great Tusk\n|-start|p2a: Greninja|typechange|Water|[from] ability: Protean\n|-supereffective|p1a: Great Tusk\n|-damage|p1a: Great Tusk|0 fnt\n|faint|p1a: Great Tusk\n|-end|p1a: Great Tusk|Protosynthesis|[silent]\n|\n|upkeep\n|\n|t:|1700598021\n|switch|p1a: Decidueye|Decidueye-Hisui, M, shiny|100\/100\n|turn|2\n|\n|t:|1700598027\n|switch|p2a: Mandibuzz|Mandibuzz, F|100\/100\n|move|p1a: Decidueye|Bulk Up|p1a: Decidueye\n|-boost|p1a: Decidueye|atk|1\n|-boost|p1a: Decidueye|def|1\n|\n|upkeep\n|turn|3\n|\n|t:|1700598034\n|-terastallize|p1a: Decidueye|Steel\n|move|p2a: Mandibuzz|Toxic|p1a: Decidueye\n|-immune|p1a: Decidueye\n|move|p1a: Decidueye|Bulk Up|p1a: Decidueye\n|-boost|p1a: Decidueye|atk|1\n|-boost|p1a: Decidueye|def|1\n|\n|upkeep\n|turn|4\n|\n|t:|1700598043\n|move|p2a: Mandibuzz|U-turn|p1a: Decidueye\n|-resisted|p1a: Decidueye\n|-damage|p1a: Decidueye|97\/100\n|\n|t:|1700598045\n|switch|p2a: Heatran|Heatran, F|100\/100|[from] U-turn\n|move|p1a: Decidueye|Trailblaze|p2a: Heatran\n|-resisted|p2a: Heatran\n|-damage|p2a: Heatran|93\/100\n|-boost|p1a: Decidueye|spe|1\n|\n|-heal|p2a: Heatran|99\/100|[from] item: Leftovers\n|upkeep\n|turn|5\n|\n|t:|1700598055\n|-terastallize|p2a: Heatran|Grass\n|move|p1a: Decidueye|Triple Arrows|p2a: Heatran\n|-damage|p2a: Heatran|46\/100\n|move|p2a: Heatran|Magma Storm|p1a: Decidueye\n|-supereffective|p1a: Decidueye\n|-damage|p1a: Decidueye|38\/100\n|-activate|p1a: Decidueye|move: Magma Storm|[of] p2a: Heatran\n|-enditem|p1a: Decidueye|Weakness Policy\n|-boost|p1a: Decidueye|atk|2|[from] item: Weakness Policy\n|-boost|p1a: Decidueye|spa|2|[from] item: Weakness Policy\n|\n|-heal|p2a: Heatran|52\/100|[from] item: Leftovers\n|-damage|p1a: Decidueye|25\/100|[from] move: Magma Storm|[partiallytrapped]\n|upkeep\n|turn|6\n|\n|t:|1700598068\n|move|p1a: Decidueye|Roost|p1a: Decidueye\n|-heal|p1a: Decidueye|76\/100\n|move|p2a: Heatran|Earth Power|p1a: Decidueye\n|-supereffective|p1a: Decidueye\n|-damage|p1a: Decidueye|38\/100\n|\n|-heal|p2a: Heatran|59\/100|[from] item: Leftovers\n|-damage|p1a: Decidueye|25\/100|[from] move: Magma Storm|[partiallytrapped]\n|upkeep\n|turn|7\n|\n|t:|1700598079\n|move|p1a: Decidueye|Triple Arrows|p2a: Heatran\n|-crit|p2a: Heatran\n|-damage|p2a: Heatran|0 fnt\n|faint|p2a: Heatran\n|\n|-end|p1a: Decidueye|Magma Storm|[partiallytrapped]|[silent]\n|upkeep\n|\n|t:|1700598086\n|switch|p2a: Greninja|Greninja, M|100\/100\n|turn|8\n|\n|t:|1700598090\n|move|p2a: Greninja|Hydro Pump|p1a: Decidueye\n|-start|p2a: Greninja|typechange|Water|[from] ability: Protean\n|-damage|p1a: Decidueye|0 fnt\n|faint|p1a: Decidueye\n|\n|upkeep\n|\n|t:|1700598101\n|switch|p1a: Enamorus|Enamorus, F|100\/100\n|turn|9\n|\n|t:|1700598116\n|move|p2a: Greninja|Hydro Pump|p1a: Enamorus\n|-damage|p1a: Enamorus|40\/100\n|move|p1a: Enamorus|Moonblast|p2a: Greninja\n|-damage|p2a: Greninja|0 fnt\n|faint|p2a: Greninja\n|\n|upkeep\n|\n|t:|1700598122\n|switch|p2a: Rillaboom|Rillaboom, F|100\/100\n|-fieldstart|move: Grassy Terrain|[from] ability: Grassy Surge|[of] p2a: Rillaboom\n|turn|10\n|\n|t:|1700598126\n|switch|p1a: Zapdos|Zapdos|100\/100\n|-ability|p1a: Zapdos|Pressure\n|move|p2a: Rillaboom|Grassy Glide|p1a: Zapdos\n|-resisted|p1a: Zapdos\n|-damage|p1a: Zapdos|70\/100\n|\n|upkeep\n|turn|11\n|\n|t:|1700598137\n|switch|p2a: Mandibuzz|Mandibuzz, F|100\/100\n|move|p1a: Zapdos|Hurricane|p2a: Mandibuzz\n|-damage|p2a: Mandibuzz|59\/100\n|-start|p2a: Mandibuzz|confusion\n|\n|upkeep\n|turn|12\n|\n|t:|1700598146\n|move|p1a: Zapdos|Hurricane|p2a: Mandibuzz\n|-damage|p2a: Mandibuzz|12\/100\n|-activate|p2a: Mandibuzz|confusion\n|move|p2a: Mandibuzz|Toxic|p1a: Zapdos\n|-status|p1a: Zapdos|tox\n|\n|-damage|p1a: Zapdos|64\/100 tox|[from] psn\n|upkeep\n|turn|13\n|\n|t:|1700598159\n|move|p1a: Zapdos|Discharge|p2a: Mandibuzz\n|-supereffective|p2a: Mandibuzz\n|-crit|p2a: Mandibuzz\n|-damage|p2a: Mandibuzz|0 fnt\n|faint|p2a: Mandibuzz\n|\n|-damage|p1a: Zapdos|52\/100 tox|[from] psn\n|upkeep\n|\n|t:|1700598164\n|switch|p2a: Walking Wake|Walking Wake|100\/100\n|-enditem|p2a: Walking Wake|Booster Energy\n|-activate|p2a: Walking Wake|ability: Protosynthesis|[fromitem]\n|-start|p2a: Walking Wake|protosynthesisspa\n|turn|14\n|\n|t:|1700598169\n|move|p2a: Walking Wake|Substitute|p2a: Walking Wake\n|-start|p2a: Walking Wake|Substitute\n|-damage|p2a: Walking Wake|76\/100\n|move|p1a: Zapdos|Light Screen|p1a: Zapdos\n|-sidestart|p1: Kantonian Ash|move: Light Screen\n|\n|-heal|p2a: Walking Wake|82\/100|[from] Grassy Terrain\n|-damage|p1a: Zapdos|34\/100 tox|[from] psn\n|-fieldend|move: Grassy Terrain\n|upkeep\n|turn|15\n|\n|t:|1700598178\n|move|p2a: Walking Wake|Agility|p2a: Walking Wake\n|-boost|p2a: Walking Wake|spe|2\n|move|p1a: Zapdos|Discharge|p2a: Walking Wake\n|-end|p2a: Walking Wake|Substitute\n|\n|-damage|p1a: Zapdos|10\/100 tox|[from] psn\n|upkeep\n|turn|16\n|\n|t:|1700598186\n|move|p2a: Walking Wake|Substitute|p2a: Walking Wake\n|-start|p2a: Walking Wake|Substitute\n|-damage|p2a: Walking Wake|57\/100\n|move|p1a: Zapdos|Discharge|p2a: Walking Wake\n|-end|p2a: Walking Wake|Substitute\n|\n|-damage|p1a: Zapdos|0 fnt|[from] psn\n|faint|p1a: Zapdos\n|upkeep\n|\n|t:|1700598194\n|switch|p1a: Walking Wake|Walking Wake|100\/100\n|turn|17\n|\n|t:|1700598201\n|move|p2a: Walking Wake|Substitute|p2a: Walking Wake\n|-start|p2a: Walking Wake|Substitute\n|-damage|p2a: Walking Wake|32\/100\n|move|p1a: Walking Wake|Dragon Pulse|p2a: Walking Wake\n|-supereffective|p2a: Walking Wake\n|-end|p2a: Walking Wake|Substitute\n|\n|upkeep\n|turn|18\n|\n|t:|1700598208\n|move|p2a: Walking Wake|Substitute|p2a: Walking Wake\n|-start|p2a: Walking Wake|Substitute\n|-damage|p2a: Walking Wake|8\/100\n|move|p1a: Walking Wake|Dragon Pulse|p2a: Walking Wake\n|-supereffective|p2a: Walking Wake\n|-end|p2a: Walking Wake|Substitute\n|\n|upkeep\n|turn|19\n|\n|t:|1700598214\n|move|p2a: Walking Wake|Dragon Pulse|p1a: Walking Wake\n|-supereffective|p1a: Walking Wake\n|-damage|p1a: Walking Wake|24\/100\n|move|p1a: Walking Wake|Dragon Pulse|p2a: Walking Wake\n|-supereffective|p2a: Walking Wake\n|-damage|p2a: Walking Wake|0 fnt\n|faint|p2a: Walking Wake\n|-end|p2a: Walking Wake|Protosynthesis|[silent]\n|\n|-heal|p1a: Walking Wake|30\/100|[from] item: Leftovers\n|upkeep\n|\n|t:|1700598216\n|switch|p2a: Rillaboom|Rillaboom, F|100\/100\n|-fieldstart|move: Grassy Terrain|[from] ability: Grassy Surge|[of] p2a: Rillaboom\n|turn|20\n|\n|t:|1700598240\n|move|p2a: Rillaboom|Grassy Glide|p1a: Walking Wake\n|-damage|p1a: Walking Wake|0 fnt\n|faint|p1a: Walking Wake\n|-end|p1a: Walking Wake|Protosynthesis|[silent]\n|\n|upkeep\n|\n|t:|1700598244\n|switch|p1a: Ceruledge|Ceruledge, M|100\/100\n|turn|21\n|\n|t:|1700598253\n|switch|p1a: Enamorus|Enamorus, F|40\/100\n|switch|p2a: Great Tusk|Great Tusk|100\/100\n|\n|-sideend|p1: Kantonian Ash|move: Light Screen\n|upkeep\n|turn|22\n|\n|t:|1700598261\n|-end|p2a: Great Tusk|Protosynthesis|[silent]\n|switch|p2a: Rillaboom|Rillaboom, F|100\/100\n|move|p1a: Enamorus|Moonblast|p2a: Rillaboom\n|-damage|p2a: Rillaboom|4\/100\n|\n|-heal|p2a: Rillaboom|10\/100|[from] Grassy Terrain\n|upkeep\n|turn|23\n|\n|t:|1700598268\n|move|p1a: Enamorus|Moonblast|p2a: Rillaboom\n|-damage|p2a: Rillaboom|0 fnt\n|faint|p2a: Rillaboom\n|\n|upkeep\n|-message|Shanubiki forfeited.\n|\n|win|Kantonian Ash\n|raw|Kantonian Ash's rating: 1353 &rarr; <strong>1379<\/strong><br \/>(+26 for winning)\n|raw|Shanubiki's rating: 1465 &rarr; <strong>1439<\/strong><br \/>(-26 for losing)\n|l|\u2606Shanubiki\n","uploadtime":1700598276,"views":4,"p1id":"kantonianash","p2id":"shanubiki","formatid":"gen9ou","rating":1379,"private":0,"password":""}