{"id":"gen9ou-1994988658","p1":"eptsla","p2":"LegacyShowden","format":"[Gen 9] OU","log":"|j|\u2606eptsla\n|j|\u2606LegacyShowden\n|t:|1700510934\n|gametype|singles\n|player|p1|eptsla|1|1405\n|player|p2|LegacyShowden|rosa|1569\n|teamsize|p1|6\n|teamsize|p2|6\n|gen|9\n|tier|[Gen 9] OU\n|rated|\n|rule|Sleep Clause Mod: Limit one foe put to sleep\n|rule|Species Clause: Limit one of each Pok\u00e9mon\n|rule|OHKO Clause: OHKO moves are banned\n|rule|Evasion Items Clause: Evasion items are banned\n|rule|Evasion Moves Clause: Evasion moves are banned\n|rule|Endless Battle Clause: Forcing endless battles is banned\n|rule|HP Percentage Mod: HP is shown in percentages\n|clearpoke\n|poke|p1|Greninja-*, M|\n|poke|p1|Pelipper, M|\n|poke|p1|Amoonguss, M|\n|poke|p1|Kleavor, M|\n|poke|p1|Basculegion, M|\n|poke|p1|Pawmot, M|\n|poke|p2|Great Tusk|\n|poke|p2|Samurott-Hisui, M|\n|poke|p2|Dragapult, M|\n|poke|p2|Gholdengo|\n|poke|p2|Heatran, M|\n|poke|p2|Rillaboom, M|\n|teampreview\n|inactive|Battle timer is ON: inactive players will automatically lose when time's up. (requested by LegacyShowden)\n|\n|t:|1700510947\n|start\n|switch|p1a: Kleavor|Kleavor, M|100\/100\n|switch|p2a: Great Tusk|Great Tusk|100\/100\n|-item|p1a: Kleavor|Air Balloon\n|turn|1\n|\n|t:|1700510960\n|move|p2a: Great Tusk|Rapid Spin|p1a: Kleavor\n|-resisted|p1a: Kleavor\n|-damage|p1a: Kleavor|89\/100\n|-boost|p2a: Great Tusk|spe|1\n|-enditem|p1a: Kleavor|Air Balloon\n|move|p1a: Kleavor|Stone Axe|p2a: Great Tusk|[miss]\n|-miss|p1a: Kleavor|p2a: Great Tusk\n|\n|upkeep\n|turn|2\n|\n|t:|1700510979\n|switch|p1a: Pelipper|Pelipper, M|100\/100\n|-weather|RainDance|[from] ability: Drizzle|[of] p1a: Pelipper\n|move|p2a: Great Tusk|Close Combat|p1a: Pelipper\n|-resisted|p1a: Pelipper\n|-damage|p1a: Pelipper|58\/100\n|-unboost|p2a: Great Tusk|def|1\n|-unboost|p2a: Great Tusk|spd|1\n|\n|-weather|RainDance|[upkeep]\n|upkeep\n|turn|3\n|\n|t:|1700510994\n|-end|p2a: Great Tusk|Protosynthesis|[silent]\n|switch|p2a: Heatran|Heatran, M, shiny|100\/100\n|move|p1a: Pelipper|Hurricane|p2a: Heatran\n|-resisted|p2a: Heatran\n|-damage|p2a: Heatran|85\/100\n|\n|-weather|RainDance|[upkeep]\n|-heal|p2a: Heatran|91\/100|[from] item: Leftovers\n|upkeep\n|turn|4\n|\n|t:|1700511004\n|move|p1a: Pelipper|Surf|p2a: Heatran\n|-supereffective|p2a: Heatran\n|-damage|p2a: Heatran|10\/100\n|move|p2a: Heatran|Stealth Rock|p1a: Pelipper\n|-sidestart|p1: eptsla|move: Stealth Rock\n|\n|-weather|RainDance|[upkeep]\n|-heal|p2a: Heatran|16\/100|[from] item: Leftovers\n|upkeep\n|turn|5\n|\n|t:|1700511014\n|move|p1a: Pelipper|Surf|p2a: Heatran\n|-supereffective|p2a: Heatran\n|-damage|p2a: Heatran|0 fnt\n|faint|p2a: Heatran\n|\n|-weather|RainDance|[upkeep]\n|upkeep\n|\n|t:|1700511018\n|switch|p2a: Dragapult|Dragapult, M, shiny|100\/100\n|turn|6\n|\n|t:|1700511030\n|switch|p1a: Amoonguss|Amoonguss, M|100\/100\n|-damage|p1a: Amoonguss|88\/100|[from] Stealth Rock\n|move|p2a: Dragapult|Shadow Ball|p1a: Amoonguss\n|-damage|p1a: Amoonguss|44\/100\n|-unboost|p1a: Amoonguss|spd|1\n|\n|-weather|RainDance|[upkeep]\n|upkeep\n|turn|7\n|\n|t:|1700511042\n|-terastallize|p1a: Amoonguss|Dark\n|move|p2a: Dragapult|Shadow Ball|p1a: Amoonguss\n|-resisted|p1a: Amoonguss\n|-damage|p1a: Amoonguss|10\/100\n|move|p1a: Amoonguss|Foul Play|p2a: Dragapult\n|-supereffective|p2a: Dragapult\n|-damage|p2a: Dragapult|3\/100\n|\n|-weather|RainDance|[upkeep]\n|upkeep\n|turn|8\n|\n|t:|1700511061\n|move|p2a: Dragapult|Shadow Ball|p1a: Amoonguss\n|-resisted|p1a: Amoonguss\n|-damage|p1a: Amoonguss|0 fnt\n|faint|p1a: Amoonguss\n|\n|-weather|RainDance|[upkeep]\n|upkeep\n|\n|t:|1700511068\n|switch|p1a: Basculegion|Basculegion, M|100\/100\n|-damage|p1a: Basculegion|88\/100|[from] Stealth Rock\n|turn|9\n|\n|t:|1700511076\n|move|p1a: Basculegion|Wave Crash|p2a: Dragapult\n|-resisted|p2a: Dragapult\n|-damage|p2a: Dragapult|0 fnt\n|faint|p2a: Dragapult\n|-damage|p1a: Basculegion|87\/100|[from] Recoil\n|\n|-weather|none\n|upkeep\n|\n|t:|1700511081\n|switch|p2a: Rillaboom|Rillaboom, M|100\/100\n|-fieldstart|move: Grassy Terrain|[from] ability: Grassy Surge|[of] p2a: Rillaboom\n|turn|10\n|\n|t:|1700511098\n|switch|p1a: Pelipper|Pelipper, M|58\/100\n|-damage|p1a: Pelipper|33\/100|[from] Stealth Rock\n|-weather|RainDance|[from] ability: Drizzle|[of] p1a: Pelipper\n|move|p2a: Rillaboom|Grassy Glide|p1a: Pelipper\n|-damage|p1a: Pelipper|0 fnt\n|faint|p1a: Pelipper\n|\n|-weather|RainDance|[upkeep]\n|upkeep\n|\n|t:|1700511109\n|switch|p1a: Kleavor|Kleavor, M|89\/100\n|-damage|p1a: Kleavor|64\/100|[from] Stealth Rock\n|turn|11\n|\n|t:|1700511117\n|-terastallize|p2a: Rillaboom|Grass\n|move|p2a: Rillaboom|Grassy Glide|p1a: Kleavor\n|-damage|p1a: Kleavor|0 fnt\n|faint|p1a: Kleavor\n|\n|-weather|RainDance|[upkeep]\n|upkeep\n|-message|eptsla forfeited.\n|\n|win|LegacyShowden\n|raw|eptsla's rating: 1405 &rarr; <strong>1394<\/strong><br \/>(-11 for losing)\n|raw|LegacyShowden's rating: 1569 &rarr; <strong>1580<\/strong><br \/>(+11 for winning)\n|l|\u2606eptsla\n","uploadtime":1700511131,"views":6,"p1id":"eptsla","p2id":"legacyshowden","formatid":"gen9ou","rating":1394,"private":0,"password":""}