{"id":"gen9ou-1998100738","p1":"baelab","p2":"Fumimico","format":"[Gen 9] OU","log":"|j|\u2606baelab\n|j|\u2606Fumimico\n|t:|1700891388\n|gametype|singles\n|player|p1|baelab|ninjaboy|1370\n|player|p2|Fumimico|backersf|1482\n|teamsize|p1|6\n|teamsize|p2|6\n|gen|9\n|tier|[Gen 9] OU\n|rated|\n|rule|Sleep Clause Mod: Limit one foe put to sleep\n|rule|Species Clause: Limit one of each Pok\u00e9mon\n|rule|OHKO Clause: OHKO moves are banned\n|rule|Evasion Items Clause: Evasion items are banned\n|rule|Evasion Moves Clause: Evasion moves are banned\n|rule|Endless Battle Clause: Forcing endless battles is banned\n|rule|HP Percentage Mod: HP is shown in percentages\n|clearpoke\n|poke|p1|Tyranitar, M|\n|poke|p1|Garchomp, F|\n|poke|p1|Heatran, F|\n|poke|p1|Corviknight, M|\n|poke|p1|Gastrodon, F|\n|poke|p1|Shaymin|\n|poke|p2|Ninetales-Alola, M|\n|poke|p2|Frosmoth, M|\n|poke|p2|Manaphy|\n|poke|p2|Meowscarada, F|\n|poke|p2|Kingambit, M|\n|poke|p2|Talonflame, M|\n|teampreview\n|inactive|Battle timer is ON: inactive players will automatically lose when time's up. (requested by Fumimico)\n|\n|t:|1700891407\n|start\n|switch|p1a: Tyranitar|Tyranitar, M|100\/100\n|switch|p2a: Meowscarada|Meowscarada, F|100\/100\n|-weather|Sandstorm|[from] ability: Sand Stream|[of] p1a: Tyranitar\n|turn|1\n|\n|t:|1700891426\n|switch|p1a: Corviknight|Corviknight, M|100\/100\n|-ability|p1a: Corviknight|Pressure\n|move|p2a: Meowscarada|U-turn|p1a: Corviknight\n|-start|p2a: Meowscarada|typechange|Bug|[from] ability: Protean\n|-resisted|p1a: Corviknight\n|-damage|p1a: Corviknight|93\/100\n|-damage|p2a: Meowscarada|84\/100|[from] item: Rocky Helmet|[of] p1a: Corviknight\n|\n|t:|1700891437\n|switch|p2a: Ninetales|Ninetales-Alola, M|100\/100|[from] U-turn\n|-weather|Snow|[from] ability: Snow Warning|[of] p2a: Ninetales\n|\n|-weather|Snow|[upkeep]\n|upkeep\n|turn|2\n|\n|t:|1700891445\n|switch|p1a: Tyranitar|Tyranitar, M|100\/100\n|-weather|Sandstorm|[from] ability: Sand Stream|[of] p1a: Tyranitar\n|move|p2a: Ninetales|Hypnosis|p1a: Tyranitar\n|-status|p1a: Tyranitar|slp|[from] move: Hypnosis\n|\n|-weather|Sandstorm|[upkeep]\n|-damage|p2a: Ninetales|94\/100|[from] Sandstorm\n|upkeep\n|turn|3\n|inactive|baelab has 120 seconds left.\n|\n|t:|1700891481\n|switch|p2a: Manaphy|Manaphy|100\/100\n|cant|p1a: Tyranitar|slp\n|\n|-weather|Sandstorm|[upkeep]\n|-damage|p2a: Manaphy|94\/100|[from] Sandstorm\n|-heal|p2a: Manaphy|100\/100|[from] item: Leftovers\n|upkeep\n|turn|4\n|inactive|baelab has 120 seconds left.\n|\n|t:|1700891501\n|switch|p1a: Gastrodon|Gastrodon, F|100\/100\n|move|p2a: Manaphy|Tail Glow|p2a: Manaphy\n|-boost|p2a: Manaphy|spa|3\n|\n|-weather|Sandstorm|[upkeep]\n|-damage|p2a: Manaphy|94\/100|[from] Sandstorm\n|-heal|p2a: Manaphy|100\/100|[from] item: Leftovers\n|upkeep\n|turn|5\n|inactive|baelab has 120 seconds left.\n|\n|t:|1700891514\n|move|p2a: Manaphy|Energy Ball|p1a: Gastrodon\n|-supereffective|p1a: Gastrodon\n|-damage|p1a: Gastrodon|0 fnt\n|faint|p1a: Gastrodon\n|\n|-weather|Sandstorm|[upkeep]\n|-damage|p2a: Manaphy|94\/100|[from] Sandstorm\n|-heal|p2a: Manaphy|100\/100|[from] item: Leftovers\n|upkeep\n|inactive|baelab has 120 seconds left.\n|inactive|baelab has 90 seconds left.\n|\n|t:|1700891553\n|switch|p1a: Heatran|Heatran, F|100\/100\n|turn|6\n|inactive|baelab has 90 seconds left.\n|\n|t:|1700891570\n|switch|p1a: Tyranitar|Tyranitar, M|100\/100 slp\n|move|p2a: Manaphy|Surf|p1a: Tyranitar\n|-supereffective|p1a: Tyranitar\n|-damage|p1a: Tyranitar|0 fnt\n|faint|p1a: Tyranitar\n|\n|-weather|Sandstorm|[upkeep]\n|-damage|p2a: Manaphy|94\/100|[from] Sandstorm\n|-heal|p2a: Manaphy|100\/100|[from] item: Leftovers\n|upkeep\n|\n|t:|1700891581\n|switch|p1a: Shaymin|Shaymin|100\/100\n|turn|7\n|\n|t:|1700891606\n|-terastallize|p1a: Shaymin|Fire\n|move|p2a: Manaphy|Ice Beam|p1a: Shaymin\n|-resisted|p1a: Shaymin\n|-damage|p1a: Shaymin|80\/100\n|move|p1a: Shaymin|Seed Flare|p2a: Manaphy\n|-supereffective|p2a: Manaphy\n|-damage|p2a: Manaphy|17\/100\n|\n|-weather|Sandstorm|[upkeep]\n|-damage|p2a: Manaphy|11\/100|[from] Sandstorm\n|-damage|p1a: Shaymin|74\/100|[from] Sandstorm\n|-heal|p2a: Manaphy|17\/100|[from] item: Leftovers\n|-heal|p1a: Shaymin|80\/100|[from] item: Leftovers\n|upkeep\n|turn|8\n|inactive|baelab has 90 seconds left.\n|\n|t:|1700891624\n|move|p2a: Manaphy|Surf|p1a: Shaymin\n|-supereffective|p1a: Shaymin\n|-damage|p1a: Shaymin|0 fnt\n|faint|p1a: Shaymin\n|\n|-weather|Sandstorm|[upkeep]\n|-damage|p2a: Manaphy|11\/100|[from] Sandstorm\n|-heal|p2a: Manaphy|17\/100|[from] item: Leftovers\n|upkeep\n|\n|t:|1700891634\n|switch|p1a: Garchomp|Garchomp, F|100\/100\n|turn|9\n|\n|t:|1700891640\n|move|p2a: Manaphy|Ice Beam|p1a: Garchomp\n|-supereffective|p1a: Garchomp\n|-damage|p1a: Garchomp|0 fnt\n|faint|p1a: Garchomp\n|\n|-weather|none\n|-heal|p2a: Manaphy|24\/100|[from] item: Leftovers\n|upkeep\n|-message|baelab forfeited.\n|\n|win|Fumimico\n|raw|baelab's rating: 1370 &rarr; <strong>1356<\/strong><br \/>(-14 for losing)\n|raw|Fumimico's rating: 1482 &rarr; <strong>1496<\/strong><br \/>(+14 for winning)\n|l|\u2606baelab\n","uploadtime":1700891650,"views":1,"p1id":"baelab","p2id":"fumimico","formatid":"gen9ou","rating":1356,"private":0,"password":""}