{"id":"gen9ou-1990789935","p1":"Turkitty","p2":"CrispyBacon5093","format":"[Gen 9] OU","log":"|j|\u2606Turkitty\n|j|\u2606CrispyBacon5093\n|inactive|Battle timer is ON: inactive players will automatically lose when time's up.\n|t:|1700001071\n|gametype|singles\n|player|p1|Turkitty|janitor|\n|player|p2|CrispyBacon5093|red|\n|teamsize|p1|6\n|teamsize|p2|6\n|gen|9\n|tier|[Gen 9] OU\n|rated|Tournament battle\n|rule|Sleep Clause Mod: Limit one foe put to sleep\n|rule|Species Clause: Limit one of each Pok\u00e9mon\n|rule|OHKO Clause: OHKO moves are banned\n|rule|Evasion Items Clause: Evasion items are banned\n|rule|Evasion Moves Clause: Evasion moves are banned\n|rule|Endless Battle Clause: Forcing endless battles is banned\n|rule|HP Percentage Mod: HP is shown in percentages\n|clearpoke\n|poke|p1|Ribombee, M|\n|poke|p1|Great Tusk|\n|poke|p1|Calyrex-Shadow|\n|poke|p1|Kingambit, F|\n|poke|p1|Gholdengo|\n|poke|p1|Iron Valiant|\n|poke|p2|Mandibuzz, F|\n|poke|p2|Torterra, M|\n|poke|p2|Goodra-Hisui, F|\n|poke|p2|Samurott-Hisui, M|\n|poke|p2|Clefable, F|\n|poke|p2|Ceruledge, F|\n|teampreview\n|\n|t:|1700001091\n|start\n|switch|p1a: Ribombee|Ribombee, M|100\/100\n|switch|p2a: Vulture|Mandibuzz, F|100\/100\n|turn|1\n|\n|t:|1700001097\n|move|p1a: Ribombee|Moonblast|p2a: Vulture\n|-supereffective|p2a: Vulture\n|-damage|p2a: Vulture|35\/100\n|move|p2a: Vulture|Taunt|p1a: Ribombee\n|-start|p1a: Ribombee|move: Taunt\n|\n|-heal|p2a: Vulture|41\/100|[from] item: Leftovers\n|upkeep\n|turn|2\n|\n|t:|1700001116\n|switch|p2a: Ashen-One|Ceruledge, F|100\/100\n|move|p1a: Ribombee|Moonblast|p2a: Ashen-One\n|-resisted|p2a: Ashen-One\n|-damage|p2a: Ashen-One|77\/100\n|\n|upkeep\n|turn|3\n|\n|t:|1700001121\n|move|p1a: Ribombee|Psychic|p2a: Ashen-One\n|-damage|p2a: Ashen-One|49\/100\n|move|p2a: Ashen-One|Swords Dance|p2a: Ashen-One\n|-boost|p2a: Ashen-One|atk|2\n|\n|upkeep\n|turn|4\n|\n|t:|1700001132\n|switch|p1a: Great Tusk|Great Tusk|100\/100\n|-enditem|p1a: Great Tusk|Booster Energy\n|-activate|p1a: Great Tusk|ability: Protosynthesis|[fromitem]\n|-start|p1a: Great Tusk|protosynthesisatk\n|move|p2a: Ashen-One|Bitter Blade|p1a: Great Tusk\n|-damage|p1a: Great Tusk|36\/100\n|-heal|p2a: Ashen-One|90\/100|[from] drain|[of] p1a: Great Tusk\n|\n|upkeep\n|turn|5\n|\n|t:|1700001142\n|move|p2a: Ashen-One|Shadow Sneak|p1a: Great Tusk\n|-damage|p1a: Great Tusk|9\/100\n|move|p1a: Great Tusk|Knock Off|p2a: Ashen-One\n|-supereffective|p2a: Ashen-One\n|-damage|p2a: Ashen-One|0 fnt\n|-enditem|p2a: Ashen-One|Focus Sash|[from] move: Knock Off|[of] p1a: Great Tusk\n|faint|p2a: Ashen-One\n|\n|upkeep\n|\n|t:|1700001148\n|switch|p2a: Mr. Stabby|Samurott-Hisui, M|100\/100\n|turn|6\n|\n|t:|1700001150\n|move|p2a: Mr. Stabby|Aqua Jet|p1a: Great Tusk\n|-supereffective|p1a: Great Tusk\n|-damage|p1a: Great Tusk|0 fnt\n|faint|p1a: Great Tusk\n|-end|p1a: Great Tusk|Protosynthesis|[silent]\n|\n|upkeep\n|\n|t:|1700001153\n|switch|p1a: Ribombee|Ribombee, M|100\/100\n|turn|7\n|\n|t:|1700001165\n|switch|p2a: Navi|Clefable, F|100\/100\n|move|p1a: Ribombee|Moonblast|p2a: Navi\n|-damage|p2a: Navi|65\/100\n|-unboost|p2a: Navi|spa|1\n|\n|-heal|p2a: Navi|72\/100|[from] item: Leftovers\n|upkeep\n|turn|8\n|\n|t:|1700001168\n|move|p1a: Ribombee|Sticky Web|p2a: Navi\n|-sidestart|p2: CrispyBacon5093|move: Sticky Web\n|move|p2a: Navi|Thunder Wave|p1a: Ribombee\n|-status|p1a: Ribombee|par\n|\n|-heal|p2a: Navi|78\/100|[from] item: Leftovers\n|upkeep\n|turn|9\n|\n|t:|1700001172\n|cant|p1a: Ribombee|par\n|move|p2a: Navi|Moonblast|p1a: Ribombee\n|-damage|p1a: Ribombee|67\/100 par\n|\n|-heal|p2a: Navi|84\/100|[from] item: Leftovers\n|upkeep\n|turn|10\n|\n|t:|1700001178\n|move|p1a: Ribombee|Stun Spore|p2a: Navi\n|-status|p2a: Navi|par\n|move|p2a: Navi|Moonblast|p1a: Ribombee\n|-damage|p1a: Ribombee|27\/100 par\n|\n|-heal|p2a: Navi|90\/100 par|[from] item: Leftovers\n|upkeep\n|turn|11\n|\n|t:|1700001185\n|move|p1a: Ribombee|Moonblast|p2a: Navi\n|-damage|p2a: Navi|49\/100 par\n|move|p2a: Navi|Moonblast|p1a: Ribombee\n|-crit|p1a: Ribombee\n|-damage|p1a: Ribombee|0 fnt\n|faint|p1a: Ribombee\n|\n|-heal|p2a: Navi|56\/100 par|[from] item: Leftovers\n|upkeep\n|\n|t:|1700001198\n|switch|p1a: Kingambit|Kingambit, F|100\/100\n|-activate|p1a: Kingambit|ability: Supreme Overlord\n|-start|p1a: Kingambit|fallen2|[silent]\n|turn|12\n|\n|t:|1700001219\n|move|p1a: Kingambit|Iron Head|p2a: Navi\n|-supereffective|p2a: Navi\n|-damage|p2a: Navi|0 fnt\n|faint|p2a: Navi\n|\n|upkeep\n|\n|t:|1700001223\n|switch|p2a: Vulture|Mandibuzz, F|41\/100\n|turn|13\n|\n|t:|1700001228\n|move|p1a: Kingambit|Swords Dance|p1a: Kingambit\n|-boost|p1a: Kingambit|atk|2\n|move|p2a: Vulture|Defog|p1a: Kingambit\n|-unboost|p1a: Kingambit|evasion|1\n|-sideend|p2: CrispyBacon5093|Sticky Web|[from] move: Defog|[of] p2a: Vulture\n|\n|-heal|p2a: Vulture|47\/100|[from] item: Leftovers\n|upkeep\n|turn|14\n|\n|t:|1700001238\n|move|p1a: Kingambit|Iron Head|p2a: Vulture\n|-damage|p2a: Vulture|0 fnt\n|faint|p2a: Vulture\n|\n|upkeep\n|\n|t:|1700001251\n|switch|p2a: Portable Treehouse|Torterra, M|100\/100\n|turn|15\n|\n|t:|1700001263\n|-end|p1a: Kingambit|fallen2|[silent]\n|switch|p1a: Gholdengo|Gholdengo|100\/100\n|-item|p1a: Gholdengo|Air Balloon\n|move|p2a: Portable Treehouse|Earthquake|p1a: Gholdengo\n|-immune|p1a: Gholdengo\n|\n|upkeep\n|turn|16\n|\n|t:|1700001278\n|switch|p2a: Snail Dragon|Goodra-Hisui, F|100\/100\n|move|p1a: Gholdengo|Shadow Ball|p2a: Snail Dragon\n|-damage|p2a: Snail Dragon|82\/100\n|\n|upkeep\n|turn|17\n|\n|t:|1700001282\n|move|p1a: Gholdengo|Nasty Plot|p1a: Gholdengo\n|-boost|p1a: Gholdengo|spa|2\n|move|p2a: Snail Dragon|Fire Blast|p1a: Gholdengo\n|-supereffective|p1a: Gholdengo\n|-damage|p1a: Gholdengo|20\/100\n|-enditem|p1a: Gholdengo|Air Balloon\n|\n|upkeep\n|turn|18\n|\n|t:|1700001287\n|move|p1a: Gholdengo|Psyshock|p2a: Snail Dragon\n|-resisted|p2a: Snail Dragon\n|-damage|p2a: Snail Dragon|55\/100\n|move|p2a: Snail Dragon|Fire Blast|p1a: Gholdengo|[miss]\n|-miss|p2a: Snail Dragon|p1a: Gholdengo\n|\n|upkeep\n|turn|19\n|\n|t:|1700001293\n|move|p1a: Gholdengo|Dazzling Gleam|p2a: Snail Dragon\n|-crit|p2a: Snail Dragon\n|-damage|p2a: Snail Dragon|14\/100\n|move|p2a: Snail Dragon|Fire Blast|p1a: Gholdengo\n|-supereffective|p1a: Gholdengo\n|-damage|p1a: Gholdengo|0 fnt\n|faint|p1a: Gholdengo\n|\n|upkeep\n|\n|t:|1700001296\n|switch|p1a: Calyrex|Calyrex-Shadow|100\/100\n|-ability|p1a: Calyrex|As One\n|-ability|p1a: Calyrex|Unnerve\n|turn|20\n|\n|t:|1700001306\n|-terastallize|p1a: Calyrex|Fighting\n|move|p1a: Calyrex|Tera Blast|p2a: Snail Dragon|[anim] Tera Blast Fighting\n|-supereffective|p2a: Snail Dragon\n|-damage|p2a: Snail Dragon|0 fnt\n|faint|p2a: Snail Dragon\n|-ability|p1a: Calyrex|Grim Neigh|boost\n|-boost|p1a: Calyrex|spa|1\n|\n|upkeep\n|\n|t:|1700001318\n|switch|p2a: Portable Treehouse|Torterra, M|100\/100\n|turn|21\n|\n|t:|1700001328\n|move|p1a: Calyrex|Tera Blast|p2a: Portable Treehouse|[anim] Tera Blast Fighting\n|-damage|p2a: Portable Treehouse|15\/100\n|move|p2a: Portable Treehouse|Shell Smash|p2a: Portable Treehouse\n|-unboost|p2a: Portable Treehouse|def|1\n|-unboost|p2a: Portable Treehouse|spd|1\n|-boost|p2a: Portable Treehouse|atk|2\n|-boost|p2a: Portable Treehouse|spa|2\n|-boost|p2a: Portable Treehouse|spe|2\n|\n|upkeep\n|turn|22\n|\n|t:|1700001332\n|move|p1a: Calyrex|Tera Blast|p2a: Portable Treehouse|[anim] Tera Blast Fighting\n|-damage|p2a: Portable Treehouse|0 fnt\n|faint|p2a: Portable Treehouse\n|-ability|p1a: Calyrex|Grim Neigh|boost\n|-boost|p1a: Calyrex|spa|1\n|\n|upkeep\n|\n|t:|1700001335\n|switch|p2a: Mr. Stabby|Samurott-Hisui, M|100\/100\n|turn|23\n|\n|t:|1700001344\n|move|p2a: Mr. Stabby|Aqua Jet|p1a: Calyrex\n|-damage|p1a: Calyrex|75\/100\n|move|p1a: Calyrex|Tera Blast|p2a: Mr. Stabby|[anim] Tera Blast Fighting\n|-supereffective|p2a: Mr. Stabby\n|-damage|p2a: Mr. Stabby|0 fnt\n|faint|p2a: Mr. Stabby\n|\n|win|Turkitty\n|n|\u2606Turkitty|turkitty\n|n|\u2606CrispyBacon5093|crispybacon5093\n","uploadtime":1700001348,"views":15,"p1id":"turkitty","p2id":"crispybacon5093","formatid":"gen9ou","rating":0,"private":0,"password":""}