{"id":"gen9ou-1994034147","p1":"qa<3MeowscaRD","p2":"Ankakhang","format":"[Gen 9] OU","log":"|j|\u2606qa<3MeowscaRD\n|j|\u2606Ankakhang\n|t:|1700397291\n|gametype|singles\n|player|p1|qa<3MeowscaRD|ninjaboy|\n|player|p2|Ankakhang|170|\n|teamsize|p1|6\n|teamsize|p2|6\n|gen|9\n|tier|[Gen 9] OU\n|rule|Sleep Clause Mod: Limit one foe put to sleep\n|rule|Species Clause: Limit one of each Pok\u00e9mon\n|rule|OHKO Clause: OHKO moves are banned\n|rule|Evasion Items Clause: Evasion items are banned\n|rule|Evasion Moves Clause: Evasion moves are banned\n|rule|Endless Battle Clause: Forcing endless battles is banned\n|rule|HP Percentage Mod: HP is shown in percentages\n|clearpoke\n|poke|p1|Kommo-o, F|\n|poke|p1|Empoleon, F|\n|poke|p1|Klawf, F|\n|poke|p1|Rotom-Fan|\n|poke|p1|Cryogonal|\n|poke|p1|Drifblim, M|\n|poke|p2|Samurott, M|\n|poke|p2|Weavile, F|\n|poke|p2|Haunter, F|\n|poke|p2|Spidops, M|\n|poke|p2|Corviknight, F|\n|poke|p2|Toedscruel, F|\n|teampreview\n|\n|t:|1700397305\n|start\n|switch|p1a: Klawf|Klawf, F|100\/100\n|switch|p2a: Corviknight|Corviknight, F|100\/100\n|turn|1\n|\n|t:|1700397321\n|move|p1a: Klawf|Knock Off|p2a: Corviknight\n|-damage|p2a: Corviknight|75\/100\n|-enditem|p2a: Corviknight|Leftovers|[from] move: Knock Off|[of] p1a: Klawf\n|move|p2a: Corviknight|Iron Head|p1a: Klawf\n|-supereffective|p1a: Klawf\n|-damage|p1a: Klawf|28\/100\n|-ability|p1a: Klawf|Anger Shell|boost\n|-boost|p1a: Klawf|atk|1\n|-boost|p1a: Klawf|spa|1\n|-boost|p1a: Klawf|spe|1\n|-unboost|p1a: Klawf|def|1\n|-unboost|p1a: Klawf|spd|1\n|\n|upkeep\n|turn|2\n|\n|t:|1700397336\n|move|p1a: Klawf|Stealth Rock|p2a: Corviknight\n|-sidestart|p2: Ankakhang|move: Stealth Rock\n|move|p2a: Corviknight|Iron Head|p1a: Klawf\n|-supereffective|p1a: Klawf\n|-damage|p1a: Klawf|0 fnt\n|faint|p1a: Klawf\n|\n|upkeep\n|\n|t:|1700397347\n|switch|p1a: Cryogonal|Cryogonal|100\/100\n|turn|3\n|\n|t:|1700397356\n|-terastallize|p1a: Cryogonal|Steel\n|move|p1a: Cryogonal|Snowscape|p1a: Cryogonal\n|-weather|Snow\n|move|p2a: Corviknight|Iron Head|p1a: Cryogonal\n|-resisted|p1a: Cryogonal\n|-damage|p1a: Cryogonal|82\/100\n|\n|-weather|Snow|[upkeep]\n|upkeep\n|turn|4\n|inactive|Battle timer is ON: inactive players will automatically lose when time's up. (requested by Ankakhang)\n|\n|t:|1700397375\n|move|p1a: Cryogonal|Aurora Veil|p1a: Cryogonal\n|-sidestart|p1: qa<3MeowscaRD|move: Aurora Veil\n|move|p2a: Corviknight|Bulk Up|p2a: Corviknight\n|-boost|p2a: Corviknight|atk|1\n|-boost|p2a: Corviknight|def|1\n|\n|-weather|Snow|[upkeep]\n|upkeep\n|turn|5\n|\n|t:|1700397383\n|switch|p1a: Kommo-o|Kommo-o, F|100\/100\n|move|p2a: Corviknight|Bulk Up|p2a: Corviknight\n|-boost|p2a: Corviknight|atk|1\n|-boost|p2a: Corviknight|def|1\n|\n|-weather|Snow|[upkeep]\n|upkeep\n|turn|6\n|\n|t:|1700397394\n|move|p1a: Kommo-o|Dragon Dance|p1a: Kommo-o\n|-boost|p1a: Kommo-o|atk|1\n|-boost|p1a: Kommo-o|spe|1\n|move|p2a: Corviknight|Bulk Up|p2a: Corviknight\n|-boost|p2a: Corviknight|atk|1\n|-boost|p2a: Corviknight|def|1\n|\n|-weather|Snow|[upkeep]\n|upkeep\n|turn|7\n|\n|t:|1700397405\n|move|p1a: Kommo-o|Fire Punch|p2a: Corviknight\n|-supereffective|p2a: Corviknight\n|-damage|p2a: Corviknight|47\/100\n|move|p2a: Corviknight|Bulk Up|p2a: Corviknight\n|-boost|p2a: Corviknight|atk|1\n|-boost|p2a: Corviknight|def|1\n|\n|-weather|none\n|upkeep\n|turn|8\n|\n|t:|1700397418\n|move|p1a: Kommo-o|Fire Punch|p2a: Corviknight\n|-supereffective|p2a: Corviknight\n|-damage|p2a: Corviknight|27\/100\n|move|p2a: Corviknight|Roost|p2a: Corviknight\n|-heal|p2a: Corviknight|77\/100\n|-singleturn|p2a: Corviknight|move: Roost\n|\n|upkeep\n|turn|9\n|\n|t:|1700397445\n|move|p1a: Kommo-o|Dragon Dance|p1a: Kommo-o\n|-boost|p1a: Kommo-o|atk|1\n|-boost|p1a: Kommo-o|spe|1\n|move|p2a: Corviknight|Brave Bird|p1a: Kommo-o\n|-supereffective|p1a: Kommo-o\n|-crit|p1a: Kommo-o\n|-damage|p1a: Kommo-o|0 fnt\n|faint|p1a: Kommo-o\n|-damage|p2a: Corviknight|53\/100|[from] Recoil\n|\n|upkeep\n|inactive|qa<3MeowscaRD has 270 seconds left.\n|\n|t:|1700397460\n|switch|p1a: Empoleon|Empoleon, F|100\/100\n|turn|10\n|\n|t:|1700397472\n|switch|p2a: Spidops|Spidops, M|100\/100\n|-damage|p2a: Spidops|75\/100|[from] Stealth Rock\n|move|p1a: Empoleon|Iron Defense|p1a: Empoleon\n|-boost|p1a: Empoleon|def|2\n|\n|-heal|p2a: Spidops|82\/100|[from] item: Leftovers\n|upkeep\n|turn|11\n|inactive|qa<3MeowscaRD has 270 seconds left.\n|\n|t:|1700397500\n|move|p1a: Empoleon|Surf|p2a: Spidops\n|-damage|p2a: Spidops|36\/100\n|move|p2a: Spidops|Knock Off|p1a: Empoleon\n|-damage|p1a: Empoleon|94\/100\n|-enditem|p1a: Empoleon|Leftovers|[from] move: Knock Off|[of] p2a: Spidops\n|\n|-heal|p2a: Spidops|42\/100|[from] item: Leftovers\n|-sideend|p1: qa<3MeowscaRD|move: Aurora Veil\n|upkeep\n|turn|12\n|\n|t:|1700397514\n|move|p1a: Empoleon|Surf|p2a: Spidops\n|-damage|p2a: Spidops|0 fnt\n|faint|p2a: Spidops\n|\n|upkeep\n|\n|t:|1700397537\n|switch|p2a: Toedscruel|Toedscruel, F|100\/100\n|-damage|p2a: Toedscruel|95\/100|[from] Stealth Rock\n|turn|13\n|inactive|qa<3MeowscaRD has 270 seconds left.\n|\n|t:|1700397568\n|move|p2a: Toedscruel|Rapid Spin|p1a: Empoleon\n|-resisted|p1a: Empoleon\n|-damage|p1a: Empoleon|92\/100\n|-boost|p2a: Toedscruel|spe|1\n|-sideend|p2: Ankakhang|Stealth Rock|[from] move: Rapid Spin|[of] p2a: Toedscruel\n|-damage|p2a: Toedscruel|85\/100|[from] item: Life Orb\n|move|p1a: Empoleon|Surf|p2a: Toedscruel\n|-damage|p2a: Toedscruel|48\/100\n|\n|upkeep\n|turn|14\n|inactive|qa<3MeowscaRD has 240 seconds left.\n|\n|t:|1700397587\n|switch|p1a: Cryogonal|Cryogonal, tera:Steel|82\/100\n|move|p2a: Toedscruel|Giga Drain|p1a: Cryogonal\n|-resisted|p1a: Cryogonal\n|-damage|p1a: Cryogonal|69\/100\n|-heal|p2a: Toedscruel|56\/100|[from] drain|[of] p1a: Cryogonal\n|-damage|p2a: Toedscruel|46\/100|[from] item: Life Orb\n|\n|upkeep\n|turn|15\n|\n|t:|1700397597\n|switch|p2a: Samurott|Samurott, M|100\/100\n|move|p1a: Cryogonal|Freeze-Dry|p2a: Samurott\n|-supereffective|p2a: Samurott\n|-damage|p2a: Samurott|47\/100\n|\n|-heal|p2a: Samurott|53\/100|[from] item: Leftovers\n|upkeep\n|turn|16\n|inactive|Ankakhang has 270 seconds left.\n|\n|t:|1700397621\n|switch|p1a: Drifblim|Drifblim, M|100\/100\n|-terastallize|p2a: Samurott|Ghost\n|move|p2a: Samurott|Icy Wind|p1a: Drifblim\n|-supereffective|p1a: Drifblim\n|-damage|p1a: Drifblim|61\/100\n|-unboost|p1a: Drifblim|spe|1\n|\n|-heal|p2a: Samurott|59\/100|[from] item: Leftovers\n|upkeep\n|turn|17\n|inactive|Ankakhang has 270 seconds left.\n|inactive|qa<3MeowscaRD has 240 seconds left.\n|\n|t:|1700397651\n|move|p1a: Drifblim|Thunder Wave|p2a: Samurott|[miss]\n|-miss|p1a: Drifblim|p2a: Samurott\n|move|p2a: Samurott|Hydro Pump|p1a: Drifblim\n|-damage|p1a: Drifblim|0 fnt\n|faint|p1a: Drifblim\n|\n|-heal|p2a: Samurott|65\/100|[from] item: Leftovers\n|upkeep\n|\n|t:|1700397676\n|switch|p1a: Rotom|Rotom-Fan|100\/100\n|turn|18\n|\n|t:|1700397687\n|move|p1a: Rotom|Dark Pulse|p2a: Samurott\n|-supereffective|p2a: Samurott\n|-damage|p2a: Samurott|6\/100\n|cant|p2a: Samurott|flinch\n|\n|-heal|p2a: Samurott|12\/100|[from] item: Leftovers\n|upkeep\n|turn|19\n|\n|t:|1700397697\n|move|p1a: Rotom|Volt Switch|p2a: Samurott\n|-damage|p2a: Samurott|0 fnt\n|faint|p2a: Samurott\n|\n|t:|1700397702\n|switch|p1a: Cryogonal|Cryogonal, tera:Steel|69\/100|[from] Volt Switch\n|\n|upkeep\n|\n|t:|1700397713\n|switch|p2a: Weavile|Weavile, F|100\/100\n|-ability|p2a: Weavile|Pressure\n|turn|20\n|\n|t:|1700397722\n|move|p2a: Weavile|Low Kick|p1a: Cryogonal\n|-supereffective|p1a: Cryogonal\n|-damage|p1a: Cryogonal|0 fnt\n|faint|p1a: Cryogonal\n|-damage|p2a: Weavile|91\/100|[from] item: Life Orb\n|\n|upkeep\n|\n|t:|1700397734\n|switch|p1a: Rotom|Rotom-Fan|100\/100\n|turn|21\n|\n|t:|1700397751\n|move|p2a: Weavile|Icicle Crash|p1a: Rotom\n|-supereffective|p1a: Rotom\n|-enditem|p1a: Rotom|Focus Sash\n|-damage|p1a: Rotom|1\/100\n|-damage|p2a: Weavile|81\/100|[from] item: Life Orb\n|move|p1a: Rotom|Will-O-Wisp|p2a: Weavile\n|-status|p2a: Weavile|brn\n|\n|-damage|p2a: Weavile|75\/100 brn|[from] brn\n|upkeep\n|turn|22\n|\n|t:|1700397766\n|move|p2a: Weavile|Ice Shard|p1a: Rotom\n|-supereffective|p1a: Rotom\n|-damage|p1a: Rotom|0 fnt\n|faint|p1a: Rotom\n|-damage|p2a: Weavile|65\/100 brn|[from] item: Life Orb\n|\n|-damage|p2a: Weavile|59\/100 brn|[from] brn\n|upkeep\n|\n|t:|1700397775\n|switch|p1a: Empoleon|Empoleon, F|92\/100\n|turn|23\n|\n|t:|1700397784\n|move|p2a: Weavile|Knock Off|p1a: Empoleon\n|-damage|p1a: Empoleon|71\/100\n|-damage|p2a: Weavile|49\/100 brn|[from] item: Life Orb\n|move|p1a: Empoleon|Iron Defense|p1a: Empoleon\n|-boost|p1a: Empoleon|def|2\n|\n|-damage|p2a: Weavile|42\/100 brn|[from] brn\n|upkeep\n|turn|24\n|\n|t:|1700397802\n|move|p2a: Weavile|Low Kick|p1a: Empoleon\n|-supereffective|p1a: Empoleon\n|-damage|p1a: Empoleon|54\/100\n|-damage|p2a: Weavile|33\/100 brn|[from] item: Life Orb\n|move|p1a: Empoleon|Surf|p2a: Weavile\n|-damage|p2a: Weavile|0 fnt\n|faint|p2a: Weavile\n|\n|upkeep\n|\n|t:|1700397811\n|switch|p2a: Haunter|Haunter, F|100\/100\n|turn|25\n|\n|t:|1700397817\n|move|p2a: Haunter|Will-O-Wisp|p1a: Empoleon\n|-status|p1a: Empoleon|brn\n|move|p1a: Empoleon|Roost|p1a: Empoleon\n|-heal|p1a: Empoleon|100\/100 brn\n|-singleturn|p1a: Empoleon|move: Roost\n|\n|-damage|p1a: Empoleon|94\/100 brn|[from] brn\n|upkeep\n|turn|26\n|inactive|qa<3MeowscaRD has 240 seconds left.\n|\n|t:|1700397834\n|move|p2a: Haunter|Hex|p1a: Empoleon\n|-damage|p1a: Empoleon|55\/100 brn\n|move|p1a: Empoleon|Surf|p2a: Haunter\n|-damage|p2a: Haunter|39\/100\n|\n|-damage|p1a: Empoleon|49\/100 brn|[from] brn\n|upkeep\n|turn|27\n|\n|t:|1700397847\n|move|p2a: Haunter|Destiny Bond|p2a: Haunter\n|-singlemove|p2a: Haunter|Destiny Bond\n|move|p1a: Empoleon|Surf|p2a: Haunter\n|-damage|p2a: Haunter|0 fnt\n|faint|p2a: Haunter\n|-activate|p2a: Haunter|move: Destiny Bond\n|faint|p1a: Empoleon\n|\n|win|Ankakhang\n|c|\u2606qa<3MeowscaRD|Gg\n|c|\u2606Ankakhang|M\u1ea1nh\n|c|\u2606qa<3MeowscaRD|Build iq cao \u0111\u00e2\u0301y \u00f4ng\n","uploadtime":1700397858,"views":39,"p1id":"qa3meowscard","p2id":"ankakhang","formatid":"gen9ou","rating":0,"private":0,"password":""}