{"id":"gen9ou-1993919982","p1":"Thinking Charizard","p2":"Zoaderman","format":"[Gen 9] OU","log":"|j|\u2606Thinking Charizard\n|j|\u2606Zoaderman\n|t:|1700375551\n|gametype|singles\n|player|p1|Thinking Charizard|rosa|1448\n|player|p2|Zoaderman|266|1338\n|teamsize|p1|6\n|teamsize|p2|6\n|gen|9\n|tier|[Gen 9] OU\n|rated|\n|rule|Sleep Clause Mod: Limit one foe put to sleep\n|rule|Species Clause: Limit one of each Pok\u00e9mon\n|rule|OHKO Clause: OHKO moves are banned\n|rule|Evasion Items Clause: Evasion items are banned\n|rule|Evasion Moves Clause: Evasion moves are banned\n|rule|Endless Battle Clause: Forcing endless battles is banned\n|rule|HP Percentage Mod: HP is shown in percentages\n|clearpoke\n|poke|p1|Zamazenta-*|\n|poke|p1|Glimmora, M|\n|poke|p1|Enamorus, F|\n|poke|p1|Samurott-Hisui, M|\n|poke|p1|Cyclizar, F|\n|poke|p1|Zapdos|\n|poke|p2|Heatran, M|\n|poke|p2|Scizor, M|\n|poke|p2|Gholdengo|\n|poke|p2|Enamorus, F|\n|poke|p2|Dondozo, M|\n|poke|p2|Landorus-Therian, M|\n|teampreview\n|\n|t:|1700375585\n|start\n|switch|p1a: Zapdos|Zapdos|100\/100\n|switch|p2a: Gholdengo|Gholdengo|100\/100\n|turn|1\n|\n|t:|1700375590\n|move|p2a: Gholdengo|Trick|p1a: Zapdos\n|-activate|p2a: Gholdengo|move: Trick|[of] p1a: Zapdos\n|-item|p1a: Zapdos|Choice Scarf|[from] move: Trick\n|-item|p2a: Gholdengo|Heavy-Duty Boots|[from] move: Trick\n|move|p1a: Zapdos|Heat Wave|p2a: Gholdengo\n|-supereffective|p2a: Gholdengo\n|-damage|p2a: Gholdengo|39\/100\n|\n|upkeep\n|turn|2\n|\n|t:|1700375600\n|switch|p1a: Cyclizar|Cyclizar, F|100\/100\n|switch|p2a: Heatran|Heatran, M|100\/100\n|\n|upkeep\n|turn|3\n|\n|t:|1700375615\n|switch|p2a: Gholdengo|Gholdengo|39\/100\n|move|p1a: Cyclizar|Knock Off|p2a: Gholdengo\n|-supereffective|p2a: Gholdengo\n|-damage|p2a: Gholdengo|0 fnt\n|-enditem|p2a: Gholdengo|Heavy-Duty Boots|[from] move: Knock Off|[of] p1a: Cyclizar\n|faint|p2a: Gholdengo\n|\n|upkeep\n|\n|t:|1700375630\n|switch|p2a: Dondozo|Dondozo, M|100\/100\n|turn|4\n|\n|t:|1700375654\n|move|p1a: Cyclizar|Knock Off|p2a: Dondozo\n|-damage|p2a: Dondozo|91\/100\n|-enditem|p2a: Dondozo|Leftovers|[from] move: Knock Off|[of] p1a: Cyclizar\n|move|p2a: Dondozo|Wave Crash|p1a: Cyclizar\n|-resisted|p1a: Cyclizar\n|-damage|p1a: Cyclizar|69\/100\n|-damage|p2a: Dondozo|84\/100|[from] Recoil\n|\n|upkeep\n|turn|5\n|\n|t:|1700375662\n|move|p1a: Cyclizar|U-turn|p2a: Dondozo\n|-damage|p2a: Dondozo|78\/100\n|\n|t:|1700375664\n|switch|p1a: Zapdos|Zapdos|100\/100|[from] U-turn\n|move|p2a: Dondozo|Wave Crash|p1a: Zapdos\n|-damage|p1a: Zapdos|65\/100\n|-damage|p2a: Dondozo|69\/100|[from] Recoil\n|\n|upkeep\n|turn|6\n|\n|t:|1700375695\n|switch|p2a: Landorus|Landorus-Therian, M|100\/100\n|-ability|p2a: Landorus|Intimidate|boost\n|-unboost|p1a: Zapdos|atk|1\n|move|p1a: Zapdos|Volt Switch|p2a: Landorus\n|-immune|p2a: Landorus\n|\n|upkeep\n|turn|7\n|\n|t:|1700375714\n|move|p1a: Zapdos|Volt Switch|p2a: Landorus\n|-immune|p2a: Landorus\n|move|p2a: Landorus|U-turn|p1a: Zapdos\n|-resisted|p1a: Zapdos\n|-damage|p1a: Zapdos|52\/100\n|-status|p2a: Landorus|par|[from] ability: Static|[of] p1a: Zapdos\n|\n|t:|1700375727\n|switch|p2a: Enamorus|Enamorus, F|100\/100|[from] U-turn\n|\n|upkeep\n|turn|8\n|\n|t:|1700375732\n|switch|p2a: Landorus|Landorus-Therian, M|100\/100 par\n|-ability|p2a: Landorus|Intimidate|boost\n|-unboost|p1a: Zapdos|atk|1\n|move|p1a: Zapdos|Volt Switch|p2a: Landorus\n|-immune|p2a: Landorus\n|\n|upkeep\n|turn|9\n|\n|t:|1700375742\n|switch|p1a: Enamorus|Enamorus, F|100\/100\n|move|p2a: Landorus|Stone Edge|p1a: Enamorus\n|-supereffective|p1a: Enamorus\n|-damage|p1a: Enamorus|0 fnt\n|faint|p1a: Enamorus\n|\n|upkeep\n|\n|t:|1700375755\n|switch|p1a: Samurott|Samurott-Hisui, M|100\/100\n|turn|10\n|\n|t:|1700375766\n|switch|p2a: Enamorus|Enamorus, F|100\/100\n|move|p1a: Samurott|Ceaseless Edge|p2a: Enamorus\n|-resisted|p2a: Enamorus\n|-damage|p2a: Enamorus|65\/100\n|-sidestart|p2: Zoaderman|Spikes\n|\n|upkeep\n|turn|11\n|\n|t:|1700375780\n|switch|p1a: Cyclizar|Cyclizar, F|100\/100\n|move|p2a: Enamorus|Moonblast|p1a: Cyclizar\n|-supereffective|p1a: Cyclizar\n|-damage|p1a: Cyclizar|0 fnt\n|faint|p1a: Cyclizar\n|\n|upkeep\n|\n|t:|1700375789\n|switch|p1a: Zapdos|Zapdos|52\/100\n|turn|12\n|\n|t:|1700375801\n|move|p1a: Zapdos|Hurricane|p2a: Enamorus\n|-damage|p2a: Enamorus|0 fnt\n|faint|p2a: Enamorus\n|\n|upkeep\n|\n|t:|1700375803\n|switch|p2a: Heatran|Heatran, M|100\/100\n|-damage|p2a: Heatran|88\/100|[from] Spikes\n|turn|13\n|\n|t:|1700375808\n|switch|p1a: Samurott|Samurott-Hisui, M|100\/100\n|move|p2a: Heatran|Fire Blast|p1a: Samurott\n|-resisted|p1a: Samurott\n|-damage|p1a: Samurott|28\/100\n|-status|p1a: Samurott|brn\n|\n|-damage|p1a: Samurott|21\/100 brn|[from] brn\n|upkeep\n|turn|14\n|\n|t:|1700375817\n|switch|p2a: Dondozo|Dondozo, M|69\/100\n|-damage|p2a: Dondozo|56\/100|[from] Spikes\n|move|p1a: Samurott|Ceaseless Edge|p2a: Dondozo\n|-damage|p2a: Dondozo|47\/100\n|-sidestart|p2: Zoaderman|Spikes\n|\n|-damage|p1a: Samurott|15\/100 brn|[from] brn\n|upkeep\n|turn|15\n|\n|t:|1700375833\n|move|p1a: Samurott|Aqua Cutter|p2a: Dondozo\n|-resisted|p2a: Dondozo\n|-crit|p2a: Dondozo\n|-damage|p2a: Dondozo|36\/100\n|move|p2a: Dondozo|Curse|p2a: Dondozo\n|-unboost|p2a: Dondozo|spe|1\n|-boost|p2a: Dondozo|atk|1\n|-boost|p2a: Dondozo|def|1\n|\n|-damage|p1a: Samurott|9\/100 brn|[from] brn\n|upkeep\n|turn|16\n|\n|t:|1700375842\n|move|p1a: Samurott|Aqua Cutter|p2a: Dondozo\n|-resisted|p2a: Dondozo\n|-crit|p2a: Dondozo\n|-damage|p2a: Dondozo|27\/100\n|move|p2a: Dondozo|Rest|p2a: Dondozo\n|-status|p2a: Dondozo|slp|[from] move: Rest\n|-heal|p2a: Dondozo|100\/100 slp|[silent]\n|\n|-damage|p1a: Samurott|3\/100 brn|[from] brn\n|upkeep\n|turn|17\n|\n|t:|1700375869\n|move|p1a: Samurott|Aqua Cutter|p2a: Dondozo\n|-resisted|p2a: Dondozo\n|-crit|p2a: Dondozo\n|-damage|p2a: Dondozo|92\/100 slp\n|cant|p2a: Dondozo|slp\n|move|p2a: Dondozo|Sleep Talk|p2a: Dondozo\n|move|p2a: Dondozo|Curse|p2a: Dondozo|[from]move: Sleep Talk\n|-unboost|p2a: Dondozo|spe|1\n|-boost|p2a: Dondozo|atk|1\n|-boost|p2a: Dondozo|def|1\n|\n|-damage|p1a: Samurott|0 fnt|[from] brn\n|faint|p1a: Samurott\n|upkeep\n|\n|t:|1700375879\n|switch|p1a: Zapdos|Zapdos|52\/100\n|turn|18\n|\n|t:|1700375890\n|-terastallize|p2a: Dondozo|Grass\n|move|p1a: Zapdos|Volt Switch|p2a: Dondozo\n|-resisted|p2a: Dondozo\n|-damage|p2a: Dondozo|77\/100 slp\n|\n|t:|1700375894\n|switch|p1a: Glimmora|Glimmora, M|100\/100|[from] Volt Switch\n|cant|p2a: Dondozo|slp\n|move|p2a: Dondozo|Sleep Talk|p2a: Dondozo\n|move|p2a: Dondozo|Rest||[from]move: Sleep Talk|[still]\n|-fail|p2a: Dondozo\n|\n|upkeep\n|turn|19\n|\n|t:|1700375906\n|move|p1a: Glimmora|Stealth Rock|p2a: Dondozo\n|-sidestart|p2: Zoaderman|move: Stealth Rock\n|-curestatus|p2a: Dondozo|slp|[msg]\n|move|p2a: Dondozo|Wave Crash|p1a: Glimmora\n|-supereffective|p1a: Glimmora\n|-enditem|p1a: Glimmora|Focus Sash\n|-damage|p1a: Glimmora|1\/100\n|-activate|p1a: Glimmora|ability: Toxic Debris\n|-sidestart|p2: Zoaderman|move: Toxic Spikes\n|-damage|p2a: Dondozo|57\/100|[from] Recoil\n|\n|upkeep\n|turn|20\n|\n|t:|1700375919\n|move|p1a: Glimmora|Mortal Spin|p2a: Dondozo\n|-supereffective|p2a: Dondozo\n|-damage|p2a: Dondozo|54\/100\n|-status|p2a: Dondozo|psn\n|move|p2a: Dondozo|Rest|p2a: Dondozo\n|-status|p2a: Dondozo|slp|[from] move: Rest\n|-heal|p2a: Dondozo|100\/100 slp|[silent]\n|\n|upkeep\n|turn|21\n|\n|t:|1700375928\n|move|p1a: Glimmora|Earth Power|p2a: Dondozo\n|-resisted|p2a: Dondozo\n|-crit|p2a: Dondozo\n|-damage|p2a: Dondozo|78\/100 slp\n|cant|p2a: Dondozo|slp\n|move|p2a: Dondozo|Sleep Talk|p2a: Dondozo\n|move|p2a: Dondozo|Wave Crash|p1a: Glimmora|[from]move: Sleep Talk\n|-supereffective|p1a: Glimmora\n|-damage|p1a: Glimmora|0 fnt\n|-activate|p1a: Glimmora|ability: Toxic Debris\n|-sidestart|p2: Zoaderman|move: Toxic Spikes\n|faint|p1a: Glimmora\n|-damage|p2a: Dondozo|78\/100 slp|[from] Recoil\n|\n|upkeep\n|\n|t:|1700375936\n|switch|p1a: Zapdos|Zapdos|52\/100\n|turn|22\n|\n|t:|1700375948\n|move|p1a: Zapdos|Hurricane|p2a: Dondozo\n|-supereffective|p2a: Dondozo\n|-damage|p2a: Dondozo|0 fnt\n|faint|p2a: Dondozo\n|\n|upkeep\n|\n|t:|1700375952\n|switch|p2a: Landorus|Landorus-Therian, M|100\/100 par\n|-damage|p2a: Landorus|88\/100 par|[from] Stealth Rock\n|-ability|p2a: Landorus|Intimidate|boost\n|-unboost|p1a: Zapdos|atk|1\n|turn|23\n|\n|t:|1700375958\n|move|p1a: Zapdos|Hurricane|p2a: Landorus|[miss]\n|-miss|p1a: Zapdos|p2a: Landorus\n|move|p2a: Landorus|Stone Edge|p1a: Zapdos\n|-supereffective|p1a: Zapdos\n|-damage|p1a: Zapdos|0 fnt\n|faint|p1a: Zapdos\n|\n|upkeep\n|\n|t:|1700375963\n|switch|p1a: Zamazenta|Zamazenta|100\/100\n|-ability|p1a: Zamazenta|Dauntless Shield|boost\n|-boost|p1a: Zamazenta|def|1\n|turn|24\n|\n|t:|1700375969\n|switch|p2a: Heatran|Heatran, M|88\/100\n|-damage|p2a: Heatran|71\/100|[from] Spikes\n|-damage|p2a: Heatran|59\/100|[from] Stealth Rock\n|move|p1a: Zamazenta|Substitute|p1a: Zamazenta\n|-start|p1a: Zamazenta|Substitute\n|-damage|p1a: Zamazenta|75\/100\n|\n|-heal|p1a: Zamazenta|82\/100|[from] item: Leftovers\n|upkeep\n|turn|25\n|\n|t:|1700375974\n|move|p1a: Zamazenta|Body Press|p2a: Heatran\n|-supereffective|p2a: Heatran\n|-damage|p2a: Heatran|0 fnt\n|faint|p2a: Heatran\n|\n|-heal|p1a: Zamazenta|88\/100|[from] item: Leftovers\n|upkeep\n|\n|t:|1700375985\n|switch|p2a: Landorus|Landorus-Therian, M|88\/100 par\n|-damage|p2a: Landorus|75\/100 par|[from] Stealth Rock\n|-ability|p2a: Landorus|Intimidate|boost\n|-immune|p1a: Zamazenta\n|turn|26\n|\n|t:|1700375994\n|move|p1a: Zamazenta|Iron Defense|p1a: Zamazenta\n|-boost|p1a: Zamazenta|def|2\n|cant|p2a: Landorus|par\n|\n|-heal|p1a: Zamazenta|94\/100|[from] item: Leftovers\n|upkeep\n|turn|27\n|\n|t:|1700375999\n|move|p1a: Zamazenta|Iron Defense|p1a: Zamazenta\n|-boost|p1a: Zamazenta|def|2\n|cant|p2a: Landorus|par\n|\n|-heal|p1a: Zamazenta|99\/100|[from] item: Leftovers\n|upkeep\n|turn|28\n|\n|t:|1700376004\n|move|p1a: Zamazenta|Iron Defense|p1a: Zamazenta\n|-boost|p1a: Zamazenta|def|1\n|move|p2a: Landorus|Earthquake|p1a: Zamazenta\n|-activate|p1a: Zamazenta|move: Substitute|[damage]\n|\n|-heal|p1a: Zamazenta|100\/100|[from] item: Leftovers\n|upkeep\n|turn|29\n|-message|Zoaderman forfeited.\n|\n|win|Thinking Charizard\n|raw|Thinking Charizard's rating: 1448 &rarr; <strong>1462<\/strong><br \/>(+14 for winning)\n|raw|Zoaderman's rating: 1338 &rarr; <strong>1324<\/strong><br \/>(-14 for losing)\n|l|\u2606Zoaderman\n","uploadtime":1700376010,"views":8,"p1id":"thinkingcharizard","p2id":"zoaderman","formatid":"gen9ou","rating":1324,"private":0,"password":""}