{"id":"gen9ou-1990808152","p1":"TismWarrior1","p2":"Vince1314","format":"[Gen 9] OU","log":"|j|\u2606TismWarrior1\n|j|\u2606Vince1314\n|t:|1700002921\n|gametype|singles\n|player|p1|TismWarrior1|medium|1747\n|player|p2|Vince1314|102|1633\n|teamsize|p1|6\n|teamsize|p2|6\n|gen|9\n|tier|[Gen 9] OU\n|rated|\n|rule|Sleep Clause Mod: Limit one foe put to sleep\n|rule|Species Clause: Limit one of each Pok\u00e9mon\n|rule|OHKO Clause: OHKO moves are banned\n|rule|Evasion Items Clause: Evasion items are banned\n|rule|Evasion Moves Clause: Evasion moves are banned\n|rule|Endless Battle Clause: Forcing endless battles is banned\n|rule|HP Percentage Mod: HP is shown in percentages\n|clearpoke\n|poke|p1|Slowking-Galar, F|\n|poke|p1|Rotom-Wash|\n|poke|p1|Landorus-Therian, M|\n|poke|p1|Kingambit, M|\n|poke|p1|Dragapult, F|\n|poke|p1|Meowscarada, F|\n|poke|p2|Glimmora, F|\n|poke|p2|Iron Moth|\n|poke|p2|Kingambit, F|\n|poke|p2|Iron Valiant|\n|poke|p2|Ogerpon-Wellspring, F|\n|poke|p2|Zamazenta-*|\n|teampreview\n|inactive|Battle timer is ON: inactive players will automatically lose when time's up. (requested by TismWarrior1)\n|c|\u2606TismWarrior1|hf\n|inactive|TismWarrior1 has 120 seconds left.\n|\n|t:|1700002973\n|start\n|switch|p1a: Dragapult|Dragapult, F|100\/100\n|switch|p2a: Glimmora|Glimmora, F|100\/100\n|turn|1\n|\n|t:|1700002983\n|move|p1a: Dragapult|Dragon Darts|p2a: Glimmora\n|-damage|p2a: Glimmora|74\/100\n|-activate|p2a: Glimmora|ability: Toxic Debris\n|-sidestart|p1: TismWarrior1|move: Toxic Spikes\n|-anim|p1a: Dragapult|Dragon Darts|p2a: Glimmora\n|-damage|p2a: Glimmora|50\/100\n|-activate|p2a: Glimmora|ability: Toxic Debris\n|-sidestart|p1: TismWarrior1|move: Toxic Spikes\n|move|p2a: Glimmora|Mortal Spin|p1a: Dragapult\n|-resisted|p1a: Dragapult\n|-damage|p1a: Dragapult|96\/100\n|-status|p1a: Dragapult|psn\n|\n|-damage|p1a: Dragapult|84\/100 psn|[from] psn\n|upkeep\n|turn|2\n|\n|t:|1700002998\n|switch|p1a: Slowking|Slowking-Galar, F|100\/100\n|-sideend|p1: TismWarrior1|move: Toxic Spikes|[of] p1a: Slowking\n|move|p2a: Glimmora|Stealth Rock|p1a: Slowking\n|-sidestart|p1: TismWarrior1|move: Stealth Rock\n|\n|upkeep\n|turn|3\n|\n|t:|1700003003\n|move|p2a: Glimmora|Earth Power|p1a: Slowking\n|-supereffective|p1a: Slowking\n|-damage|p1a: Slowking|62\/100\n|-unboost|p1a: Slowking|spd|1\n|move|p1a: Slowking|Future Sight|p2a: Glimmora\n|-start|p1a: Slowking|move: Future Sight\n|\n|upkeep\n|turn|4\n|\n|t:|1700003010\n|switch|p1a: Landorus|Landorus-Therian, M|100\/100\n|-damage|p1a: Landorus|88\/100|[from] Stealth Rock\n|-ability|p1a: Landorus|Intimidate|boost\n|-unboost|p2a: Glimmora|atk|1\n|move|p2a: Glimmora|Sludge Wave|p1a: Landorus\n|-resisted|p1a: Landorus\n|-damage|p1a: Landorus|64\/100\n|\n|upkeep\n|turn|5\n|\n|t:|1700003018\n|move|p2a: Glimmora|Mortal Spin|p1a: Landorus\n|-resisted|p1a: Landorus\n|-damage|p1a: Landorus|62\/100\n|-status|p1a: Landorus|psn\n|-damage|p2a: Glimmora|33\/100|[from] item: Rocky Helmet|[of] p1a: Landorus\n|move|p1a: Landorus|Stealth Rock|p2a: Glimmora\n|-sidestart|p2: Vince1314|move: Stealth Rock\n|\n|-end|p2a: Glimmora|move: Future Sight\n|-supereffective|p2a: Glimmora\n|-damage|p2a: Glimmora|0 fnt\n|faint|p2a: Glimmora\n|-damage|p1a: Landorus|50\/100 psn|[from] psn\n|upkeep\n|\n|t:|1700003035\n|switch|p2a: Iron Moth|Iron Moth|100\/100\n|-damage|p2a: Iron Moth|76\/100|[from] Stealth Rock\n|-enditem|p2a: Iron Moth|Booster Energy\n|-activate|p2a: Iron Moth|ability: Quark Drive|[fromitem]\n|-start|p2a: Iron Moth|quarkdrivespe\n|turn|6\n|\n|t:|1700003058\n|move|p2a: Iron Moth|Substitute|p2a: Iron Moth\n|-start|p2a: Iron Moth|Substitute\n|-damage|p2a: Iron Moth|51\/100\n|move|p1a: Landorus|Earthquake|p2a: Iron Moth\n|-supereffective|p2a: Iron Moth\n|-end|p2a: Iron Moth|Substitute\n|\n|-damage|p1a: Landorus|38\/100 psn|[from] psn\n|upkeep\n|turn|7\n|\n|t:|1700003068\n|move|p2a: Iron Moth|Fiery Dance|p1a: Landorus\n|-damage|p1a: Landorus|0 fnt\n|-boost|p2a: Iron Moth|spa|1\n|faint|p1a: Landorus\n|\n|upkeep\n|\n|t:|1700003074\n|switch|p1a: Slowking|Slowking-Galar, F|95\/100\n|turn|8\n|\n|t:|1700003077\n|move|p2a: Iron Moth|Fiery Dance|p1a: Slowking\n|-damage|p1a: Slowking|57\/100\n|move|p1a: Slowking|Future Sight|p2a: Iron Moth\n|-start|p1a: Slowking|move: Future Sight\n|\n|upkeep\n|turn|9\n|\n|t:|1700003085\n|move|p2a: Iron Moth|Fiery Dance|p1a: Slowking\n|-damage|p1a: Slowking|20\/100\n|-boost|p2a: Iron Moth|spa|1\n|move|p1a: Slowking|Thunder Wave|p2a: Iron Moth\n|-status|p2a: Iron Moth|par\n|\n|upkeep\n|turn|10\n|\n|t:|1700003097\n|switch|p1a: Dragapult|Dragapult, F|84\/100 psn\n|cant|p2a: Iron Moth|par\n|\n|-end|p2a: Iron Moth|move: Future Sight\n|-supereffective|p2a: Iron Moth\n|-damage|p2a: Iron Moth|0 fnt\n|faint|p2a: Iron Moth\n|-end|p2a: Iron Moth|Quark Drive|[silent]\n|-damage|p1a: Dragapult|71\/100 psn|[from] psn\n|upkeep\n|\n|t:|1700003107\n|switch|p2a: Iron Valiant|Iron Valiant|100\/100\n|-damage|p2a: Iron Valiant|94\/100|[from] Stealth Rock\n|-enditem|p2a: Iron Valiant|Booster Energy\n|-activate|p2a: Iron Valiant|ability: Quark Drive|[fromitem]\n|-start|p2a: Iron Valiant|quarkdrivespe\n|turn|11\n|\n|t:|1700003117\n|switch|p1a: Rotom|Rotom-Wash|100\/100\n|-damage|p1a: Rotom|88\/100|[from] Stealth Rock\n|move|p2a: Iron Valiant|Calm Mind|p2a: Iron Valiant\n|-boost|p2a: Iron Valiant|spa|1\n|-boost|p2a: Iron Valiant|spd|1\n|\n|-heal|p1a: Rotom|94\/100|[from] item: Leftovers\n|upkeep\n|turn|12\n|\n|t:|1700003131\n|move|p2a: Iron Valiant|Moonblast|p1a: Rotom\n|-damage|p1a: Rotom|21\/100\n|move|p1a: Rotom|Hydro Pump|p2a: Iron Valiant\n|-damage|p2a: Iron Valiant|45\/100\n|\n|-heal|p1a: Rotom|27\/100|[from] item: Leftovers\n|upkeep\n|turn|13\n|\n|t:|1700003140\n|switch|p1a: Slowking|Slowking-Galar, F|54\/100\n|move|p2a: Iron Valiant|Moonblast|p1a: Slowking\n|-resisted|p1a: Slowking\n|-damage|p1a: Slowking|33\/100\n|\n|upkeep\n|turn|14\n|\n|t:|1700003153\n|switch|p1a: Rotom|Rotom-Wash|27\/100\n|-damage|p1a: Rotom|14\/100|[from] Stealth Rock\n|move|p2a: Iron Valiant|Moonblast|p1a: Rotom\n|-damage|p1a: Rotom|0 fnt\n|faint|p1a: Rotom\n|\n|upkeep\n|\n|t:|1700003155\n|switch|p1a: Slowking|Slowking-Galar, F|67\/100\n|turn|15\n|\n|t:|1700003161\n|move|p2a: Iron Valiant|Moonblast|p1a: Slowking\n|-resisted|p1a: Slowking\n|-damage|p1a: Slowking|45\/100\n|move|p1a: Slowking|Sludge Bomb|p2a: Iron Valiant\n|-supereffective|p2a: Iron Valiant\n|-damage|p2a: Iron Valiant|0 fnt\n|faint|p2a: Iron Valiant\n|-end|p2a: Iron Valiant|Quark Drive|[silent]\n|\n|upkeep\n|\n|t:|1700003180\n|switch|p2a: Ogerpon|Ogerpon-Wellspring, F|100\/100\n|-damage|p2a: Ogerpon|88\/100|[from] Stealth Rock\n|turn|16\n|\n|t:|1700003198\n|switch|p1a: Dragapult|Dragapult, F|71\/100 psn\n|move|p2a: Ogerpon|Ivy Cudgel|p1a: Dragapult|[anim] Ivy Cudgel Water\n|-resisted|p1a: Dragapult\n|-damage|p1a: Dragapult|31\/100 psn\n|\n|-damage|p1a: Dragapult|18\/100 psn|[from] psn\n|upkeep\n|turn|17\n|\n|t:|1700003208\n|move|p1a: Dragapult|Thunder Wave|p2a: Ogerpon\n|-status|p2a: Ogerpon|par\n|move|p2a: Ogerpon|Ivy Cudgel|p1a: Dragapult|[anim] Ivy Cudgel Water\n|-resisted|p1a: Dragapult\n|-damage|p1a: Dragapult|0 fnt\n|faint|p1a: Dragapult\n|\n|upkeep\n|\n|t:|1700003212\n|switch|p1a: Meowscarada|Meowscarada, F|100\/100\n|-damage|p1a: Meowscarada|88\/100|[from] Stealth Rock\n|turn|18\n|\n|t:|1700003218\n|move|p1a: Meowscarada|U-turn|p2a: Ogerpon\n|-start|p1a: Meowscarada|typechange|Bug|[from] ability: Protean\n|-supereffective|p2a: Ogerpon\n|-damage|p2a: Ogerpon|0 fnt\n|faint|p2a: Ogerpon\n|\n|t:|1700003227\n|switch|p1a: Slowking|Slowking-Galar, F|79\/100|[from] U-turn\n|\n|upkeep\n|\n|t:|1700003231\n|switch|p2a: Kingambit|Kingambit, F|100\/100\n|-damage|p2a: Kingambit|94\/100|[from] Stealth Rock\n|-activate|p2a: Kingambit|ability: Supreme Overlord\n|-start|p2a: Kingambit|fallen4|[silent]\n|-item|p2a: Kingambit|Air Balloon\n|turn|19\n|\n|t:|1700003237\n|switch|p1a: Kingambit|Kingambit, M|100\/100\n|-damage|p1a: Kingambit|94\/100|[from] Stealth Rock\n|-activate|p1a: Kingambit|ability: Supreme Overlord\n|-start|p1a: Kingambit|fallen3|[silent]\n|move|p2a: Kingambit|Kowtow Cleave|p1a: Kingambit\n|-resisted|p1a: Kingambit\n|-damage|p1a: Kingambit|64\/100\n|\n|-heal|p1a: Kingambit|71\/100|[from] item: Leftovers\n|upkeep\n|turn|20\n|\n|t:|1700003247\n|-end|p2a: Kingambit|fallen4|[silent]\n|switch|p2a: Zamazenta|Zamazenta|100\/100\n|-damage|p2a: Zamazenta|94\/100|[from] Stealth Rock\n|-ability|p2a: Zamazenta|Dauntless Shield|boost\n|-boost|p2a: Zamazenta|def|1\n|move|p1a: Kingambit|Low Kick|p2a: Zamazenta\n|-damage|p2a: Zamazenta|59\/100\n|\n|-heal|p1a: Kingambit|77\/100|[from] item: Leftovers\n|upkeep\n|turn|21\n|\n|t:|1700003258\n|-end|p1a: Kingambit|fallen3|[silent]\n|switch|p1a: Slowking|Slowking-Galar, F|100\/100\n|move|p2a: Zamazenta|Close Combat|p1a: Slowking\n|-resisted|p1a: Slowking\n|-damage|p1a: Slowking|81\/100\n|-unboost|p2a: Zamazenta|def|1\n|-unboost|p2a: Zamazenta|spd|1\n|-damage|p2a: Zamazenta|49\/100|[from] item: Life Orb\n|\n|upkeep\n|turn|22\n|\n|t:|1700003277\n|-terastallize|p1a: Slowking|Water\n|move|p2a: Zamazenta|Crunch|p1a: Slowking\n|-damage|p1a: Slowking|46\/100\n|-damage|p2a: Zamazenta|40\/100|[from] item: Life Orb\n|move|p1a: Slowking|Thunder Wave|p2a: Zamazenta\n|-status|p2a: Zamazenta|par\n|\n|upkeep\n|turn|23\n|\n|t:|1700003288\n|move|p2a: Zamazenta|Close Combat|p1a: Slowking\n|-damage|p1a: Slowking|0 fnt\n|-unboost|p2a: Zamazenta|def|1\n|-unboost|p2a: Zamazenta|spd|1\n|faint|p1a: Slowking\n|-damage|p2a: Zamazenta|30\/100 par|[from] item: Life Orb\n|\n|upkeep\n|\n|t:|1700003297\n|switch|p1a: Kingambit|Kingambit, M|77\/100\n|-damage|p1a: Kingambit|71\/100|[from] Stealth Rock\n|-activate|p1a: Kingambit|ability: Supreme Overlord\n|-start|p1a: Kingambit|fallen4|[silent]\n|turn|24\n|\n|t:|1700003316\n|move|p1a: Kingambit|Kowtow Cleave|p2a: Zamazenta\n|-resisted|p2a: Zamazenta\n|-damage|p2a: Zamazenta|0 fnt\n|faint|p2a: Zamazenta\n|\n|-heal|p1a: Kingambit|77\/100|[from] item: Leftovers\n|upkeep\n|\n|t:|1700003322\n|switch|p2a: Kingambit|Kingambit, F|94\/100\n|-damage|p2a: Kingambit|88\/100|[from] Stealth Rock\n|-activate|p2a: Kingambit|ability: Supreme Overlord\n|-start|p2a: Kingambit|fallen5|[silent]\n|-item|p2a: Kingambit|Air Balloon\n|turn|25\n|\n|t:|1700003329\n|-terastallize|p2a: Kingambit|Flying\n|move|p1a: Kingambit|Low Kick|p2a: Kingambit\n|-resisted|p2a: Kingambit\n|-damage|p2a: Kingambit|70\/100\n|-enditem|p2a: Kingambit|Air Balloon\n|move|p2a: Kingambit|Kowtow Cleave|p1a: Kingambit\n|-resisted|p1a: Kingambit\n|-damage|p1a: Kingambit|46\/100\n|\n|-heal|p1a: Kingambit|52\/100|[from] item: Leftovers\n|upkeep\n|turn|26\n|j| higgsfuckingboson\n|\n|t:|1700003338\n|move|p1a: Kingambit|Kowtow Cleave|p2a: Kingambit\n|-damage|p2a: Kingambit|22\/100\n|move|p2a: Kingambit|Kowtow Cleave|p1a: Kingambit\n|-resisted|p1a: Kingambit\n|-damage|p1a: Kingambit|21\/100\n|\n|-heal|p1a: Kingambit|27\/100|[from] item: Leftovers\n|upkeep\n|turn|27\n|\n|t:|1700003348\n|move|p1a: Kingambit|Sucker Punch|p2a: Kingambit\n|-damage|p2a: Kingambit|0 fnt\n|faint|p2a: Kingambit\n|-end|p2a: Kingambit|fallen5|[silent]\n|\n|win|TismWarrior1\n|raw|TismWarrior1's rating: 1747 &rarr; <strong>1761<\/strong><br \/>(+14 for winning)\n|raw|Vince1314's rating: 1633 &rarr; <strong>1619<\/strong><br \/>(-14 for losing)\n|l|\u2606Vince1314\n|c|\u2606TismWarrior1|gg\n","uploadtime":1700003353,"views":13,"p1id":"tismwarrior1","p2id":"vince1314","formatid":"gen9ou","rating":1619,"private":0,"password":""}