{"id":"gen9ou-1991910659","p1":"Alvin Shire","p2":"wyverbal","format":"[Gen 9] OU","log":"|j|\u203dAlvin Shire\n|j|\u2606wyverbal\n|t:|1700137055\n|gametype|singles\n|player|p1|Alvin Shire|169|1069\n|player|p2|wyverbal|101|1130\n|teamsize|p1|6\n|teamsize|p2|6\n|gen|9\n|tier|[Gen 9] OU\n|rated|\n|rule|Sleep Clause Mod: Limit one foe put to sleep\n|rule|Species Clause: Limit one of each Pok\u00e9mon\n|rule|OHKO Clause: OHKO moves are banned\n|rule|Evasion Items Clause: Evasion items are banned\n|rule|Evasion Moves Clause: Evasion moves are banned\n|rule|Endless Battle Clause: Forcing endless battles is banned\n|rule|HP Percentage Mod: HP is shown in percentages\n|clearpoke\n|poke|p1|Dragonite, M|\n|poke|p1|Hoopa-Unbound|\n|poke|p1|Corviknight, F|\n|poke|p1|Alomomola, F|\n|poke|p1|Landorus-Therian, M|\n|poke|p1|Clodsire, F|\n|poke|p2|Dipplin, F|\n|poke|p2|Enamorus-Therian, F|\n|poke|p2|Swalot, F|\n|poke|p2|Okidogi, M|\n|poke|p2|Flareon, F|\n|poke|p2|Manaphy|\n|teampreview\n|inactive|Battle timer is ON: inactive players will automatically lose when time's up. (requested by wyverbal)\n|\n|t:|1700137068\n|start\n|switch|p1a: Dragonite|Dragonite, M|100\/100\n|switch|p2a: Enamorus|Enamorus-Therian, F, shiny|100\/100\n|turn|1\n|\n|t:|1700137083\n|move|p1a: Dragonite|Ice Spinner|p2a: Enamorus\n|-supereffective|p2a: Enamorus\n|-damage|p2a: Enamorus|1\/100\n|-enditem|p2a: Enamorus|Weakness Policy\n|-boost|p2a: Enamorus|atk|2|[from] item: Weakness Policy\n|-boost|p2a: Enamorus|spa|2|[from] item: Weakness Policy\n|move|p2a: Enamorus|Agility|p2a: Enamorus\n|-boost|p2a: Enamorus|spe|2\n|\n|upkeep\n|turn|2\n|\n|t:|1700137101\n|switch|p1a: Clodsire|Clodsire, F|100\/100\n|move|p2a: Enamorus|Moonblast|p1a: Clodsire\n|-resisted|p1a: Clodsire\n|-crit|p1a: Clodsire\n|-damage|p1a: Clodsire|78\/100\n|-unboost|p1a: Clodsire|spa|1\n|\n|-heal|p1a: Clodsire|85\/100|[from] item: Black Sludge\n|upkeep\n|turn|3\n|\n|t:|1700137111\n|move|p2a: Enamorus|Moonblast|p1a: Clodsire\n|-resisted|p1a: Clodsire\n|-damage|p1a: Clodsire|70\/100\n|move|p1a: Clodsire|Gunk Shot|p2a: Enamorus\n|-supereffective|p2a: Enamorus\n|-damage|p2a: Enamorus|0 fnt\n|faint|p2a: Enamorus\n|\n|-heal|p1a: Clodsire|76\/100|[from] item: Black Sludge\n|upkeep\n|\n|t:|1700137117\n|switch|p2a: Okidogi|Okidogi, M|100\/100\n|turn|4\n|\n|t:|1700137137\n|switch|p1a: Corviknight|Corviknight, F|100\/100\n|move|p2a: Okidogi|Bulk Up|p2a: Okidogi\n|-boost|p2a: Okidogi|atk|1\n|-boost|p2a: Okidogi|def|1\n|\n|upkeep\n|turn|5\n|\n|t:|1700137149\n|move|p2a: Okidogi|Taunt|p1a: Corviknight\n|-start|p1a: Corviknight|move: Taunt\n|move|p1a: Corviknight|U-turn|p2a: Okidogi\n|-resisted|p2a: Okidogi\n|-damage|p2a: Okidogi|99\/100\n|\n|t:|1700137155\n|switch|p1a: Hoopa|Hoopa-Unbound|100\/100|[from] U-turn\n|\n|upkeep\n|turn|6\n|\n|t:|1700137166\n|-terastallize|p2a: Okidogi|Dark\n|move|p1a: Hoopa|Psychic|p2a: Okidogi\n|-immune|p2a: Okidogi\n|move|p2a: Okidogi|Drain Punch|p1a: Hoopa\n|-damage|p1a: Hoopa|0 fnt\n|-heal|p2a: Okidogi|100\/100|[from] drain|[of] p1a: Hoopa\n|faint|p1a: Hoopa\n|\n|upkeep\n|\n|t:|1700137187\n|switch|p1a: Landorus|Landorus-Therian, M, shiny|100\/100\n|-ability|p1a: Landorus|Intimidate|boost\n|-ability|p2a: Okidogi|Guard Dog|boost\n|-boost|p2a: Okidogi|atk|1\n|turn|7\n|\n|t:|1700137195\n|move|p1a: Landorus|U-turn|p2a: Okidogi\n|-supereffective|p2a: Okidogi\n|-damage|p2a: Okidogi|75\/100\n|\n|t:|1700137209\n|switch|p1a: Alomomola|Alomomola, F, shiny|100\/100|[from] U-turn\n|move|p2a: Okidogi|Knock Off|p1a: Alomomola\n|-damage|p1a: Alomomola|43\/100\n|-damage|p2a: Okidogi|58\/100|[from] item: Rocky Helmet|[of] p1a: Alomomola\n|-enditem|p1a: Alomomola|Rocky Helmet|[from] move: Knock Off|[of] p2a: Okidogi\n|\n|upkeep\n|turn|8\n|\n|t:|1700137227\n|move|p2a: Okidogi|Drain Punch|p1a: Alomomola\n|-damage|p1a: Alomomola|0 fnt\n|-heal|p2a: Okidogi|88\/100|[from] drain|[of] p1a: Alomomola\n|faint|p1a: Alomomola\n|\n|upkeep\n|inactive|Alvin Shire has 120 seconds left.\n|\n|t:|1700137243\n|switch|p1a: Clodsire|Clodsire, F|76\/100\n|turn|9\n|\n|t:|1700137251\n|move|p2a: Okidogi|Knock Off|p1a: Clodsire\n|-damage|p1a: Clodsire|11\/100\n|-enditem|p1a: Clodsire|Black Sludge|[from] move: Knock Off|[of] p2a: Okidogi\n|move|p1a: Clodsire|Toxic|p2a: Okidogi\n|-status|p2a: Okidogi|tox\n|\n|-damage|p2a: Okidogi|82\/100 tox|[from] psn\n|upkeep\n|turn|10\n|\n|t:|1700137262\n|switch|p1a: Corviknight|Corviknight, F|100\/100\n|move|p2a: Okidogi|Knock Off|p1a: Corviknight\n|-damage|p1a: Corviknight|40\/100\n|-damage|p2a: Okidogi|65\/100 tox|[from] item: Rocky Helmet|[of] p1a: Corviknight\n|-enditem|p1a: Corviknight|Rocky Helmet|[from] move: Knock Off|[of] p2a: Okidogi\n|\n|-damage|p2a: Okidogi|53\/100 tox|[from] psn\n|upkeep\n|turn|11\n|\n|t:|1700137270\n|move|p2a: Okidogi|Drain Punch|p1a: Corviknight\n|-damage|p1a: Corviknight|0 fnt\n|-heal|p2a: Okidogi|74\/100 tox|[from] drain|[of] p1a: Corviknight\n|faint|p1a: Corviknight\n|\n|-damage|p2a: Okidogi|56\/100 tox|[from] psn\n|upkeep\n|\n|t:|1700137277\n|switch|p1a: Clodsire|Clodsire, F|11\/100\n|turn|12\n|\n|t:|1700137283\n|move|p2a: Okidogi|Drain Punch|p1a: Clodsire\n|-resisted|p1a: Clodsire\n|-damage|p1a: Clodsire|0 fnt\n|-heal|p2a: Okidogi|63\/100 tox|[from] drain|[of] p1a: Clodsire\n|faint|p1a: Clodsire\n|\n|-damage|p2a: Okidogi|38\/100 tox|[from] psn\n|upkeep\n|-enditem|p2a: Okidogi|Sitrus Berry|[eat]\n|-heal|p2a: Okidogi|63\/100 tox|[from] item: Sitrus Berry\n|\n|t:|1700137292\n|switch|p1a: Dragonite|Dragonite, M|100\/100\n|turn|13\n|\n|t:|1700137309\n|-terastallize|p1a: Dragonite|Dragon\n|move|p1a: Dragonite|Outrage|p2a: Okidogi\n|-damage|p2a: Okidogi|0 fnt\n|faint|p2a: Okidogi\n|\n|upkeep\n|\n|t:|1700137334\n|switch|p2a: Manaphy|Manaphy|100\/100\n|turn|14\n|\n|t:|1700137341\n|move|p1a: Dragonite|Outrage|p2a: Manaphy|[from]lockedmove\n|-damage|p2a: Manaphy|19\/100\n|-start|p1a: Dragonite|confusion|[fatigue]\n|move|p2a: Manaphy|Scald|p1a: Dragonite\n|-resisted|p1a: Dragonite\n|-damage|p1a: Dragonite|94\/100\n|-status|p1a: Dragonite|brn\n|\n|-heal|p2a: Manaphy|25\/100|[from] item: Leftovers\n|-damage|p1a: Dragonite|88\/100 brn|[from] brn\n|upkeep\n|turn|15\n|\n|t:|1700137358\n|switch|p2a: Swalot|Swalot, F, shiny|100\/100\n|-activate|p1a: Dragonite|confusion\n|move|p1a: Dragonite|Outrage|p2a: Swalot\n|-damage|p2a: Swalot|31\/100\n|-damage|p1a: Dragonite|71\/100 brn|[from] item: Rocky Helmet|[of] p2a: Swalot\n|\n|-damage|p1a: Dragonite|65\/100 brn|[from] brn\n|upkeep\n|turn|16\n|\n|t:|1700137370\n|-end|p1a: Dragonite|confusion\n|move|p1a: Dragonite|Outrage|p2a: Swalot|[from]lockedmove\n|-damage|p2a: Swalot|0 fnt\n|-damage|p1a: Dragonite|48\/100 brn|[from] item: Rocky Helmet|[of] p2a: Swalot\n|faint|p2a: Swalot\n|-start|p1a: Dragonite|confusion|[fatigue]\n|\n|-damage|p1a: Dragonite|42\/100 brn|[from] brn\n|upkeep\n|inactive|wyverbal has 120 seconds left.\n|\n|t:|1700137392\n|switch|p2a: Manaphy|Manaphy|25\/100\n|turn|17\n|inactive|wyverbal has 120 seconds left.\n|\n|t:|1700137398\n|-activate|p1a: Dragonite|confusion\n|move|p1a: Dragonite|Outrage|p2a: Manaphy\n|-damage|p2a: Manaphy|0 fnt\n|faint|p2a: Manaphy\n|\n|-damage|p1a: Dragonite|36\/100 brn|[from] brn\n|upkeep\n|inactive|wyverbal has 120 seconds left.\n|\n|t:|1700137407\n|switch|p2a: Flareon|Flareon, F, shiny|100\/100\n|turn|18\n|\n|t:|1700137413\n|-activate|p1a: Dragonite|confusion\n|move|p1a: Dragonite|Outrage|p2a: Flareon|[from]lockedmove\n|-damage|p2a: Flareon|0 fnt\n|faint|p2a: Flareon\n|\n|-damage|p1a: Dragonite|30\/100 brn|[from] brn\n|upkeep\n|\n|t:|1700137419\n|switch|p2a: Dipplin|Dipplin, F, shiny|100\/100\n|turn|19\n|\n|t:|1700137424\n|-activate|p1a: Dragonite|confusion\n|-damage|p1a: Dragonite|11\/100 brn|[from] confusion\n|move|p2a: Dipplin|Dragon Breath|p1a: Dragonite\n|-supereffective|p1a: Dragonite\n|-damage|p1a: Dragonite|0 fnt\n|faint|p1a: Dragonite\n|\n|upkeep\n|\n|t:|1700137434\n|switch|p1a: Landorus|Landorus-Therian, M, shiny|100\/100\n|-ability|p1a: Landorus|Intimidate|boost\n|-unboost|p2a: Dipplin|atk|1\n|turn|20\n|\n|t:|1700137444\n|move|p1a: Landorus|U-turn|p2a: Dipplin\n|-supereffective|p2a: Dipplin\n|-damage|p2a: Dipplin|81\/100\n|move|p2a: Dipplin|Dragon Breath|p1a: Landorus\n|-damage|p1a: Landorus|81\/100\n|-status|p1a: Landorus|par\n|\n|-heal|p1a: Landorus|87\/100 par|[from] item: Leftovers\n|upkeep\n|turn|21\n|\n|t:|1700137472\n|move|p1a: Landorus|U-turn|p2a: Dipplin\n|-supereffective|p2a: Dipplin\n|-damage|p2a: Dipplin|61\/100\n|move|p2a: Dipplin|Growth|p2a: Dipplin\n|-boost|p2a: Dipplin|atk|1\n|-boost|p2a: Dipplin|spa|1\n|\n|-heal|p1a: Landorus|93\/100 par|[from] item: Leftovers\n|upkeep\n|turn|22\n|\n|t:|1700137482\n|cant|p1a: Landorus|par\n|move|p2a: Dipplin|Giga Drain|p1a: Landorus\n|-damage|p1a: Landorus|56\/100 par\n|-heal|p2a: Dipplin|80\/100|[from] drain|[of] p1a: Landorus\n|\n|-heal|p1a: Landorus|62\/100 par|[from] item: Leftovers\n|upkeep\n|turn|23\n|\n|t:|1700137487\n|cant|p1a: Landorus|par\n|move|p2a: Dipplin|Giga Drain|p1a: Landorus\n|-damage|p1a: Landorus|23\/100 par\n|-heal|p2a: Dipplin|100\/100|[from] drain|[of] p1a: Landorus\n|\n|-heal|p1a: Landorus|29\/100 par|[from] item: Leftovers\n|upkeep\n|turn|24\n|\n|t:|1700137494\n|cant|p1a: Landorus|par\n|move|p2a: Dipplin|Giga Drain|p1a: Landorus\n|-damage|p1a: Landorus|0 fnt\n|faint|p1a: Landorus\n|\n|win|wyverbal\n|raw|Alvin Shire's rating: 1069 &rarr; <strong>1052<\/strong><br \/>(-17 for losing)\n|raw|wyverbal's rating: 1130 &rarr; <strong>1151<\/strong><br \/>(+21 for winning)\n|l|\u203dAlvin Shire\n","uploadtime":1700137502,"views":12,"p1id":"alvinshire","p2id":"wyverbal","formatid":"gen9ou","rating":1052,"private":0,"password":""}