{"id":"gen9ou-1989981037","p1":"Epimenides T","p2":"Mista_Meaty","format":"[Gen 9] OU","log":"|j|\u2606Epimenides T\n|j|\u2606Mista_Meaty\n|t:|1699912255\n|gametype|singles\n|player|p1|Epimenides T|ingo|1166\n|player|p2|Mista_Meaty|hiker-gen4|1205\n|teamsize|p1|6\n|teamsize|p2|6\n|gen|9\n|tier|[Gen 9] OU\n|rated|\n|rule|Sleep Clause Mod: Limit one foe put to sleep\n|rule|Species Clause: Limit one of each Pok\u00e9mon\n|rule|OHKO Clause: OHKO moves are banned\n|rule|Evasion Items Clause: Evasion items are banned\n|rule|Evasion Moves Clause: Evasion moves are banned\n|rule|Endless Battle Clause: Forcing endless battles is banned\n|rule|HP Percentage Mod: HP is shown in percentages\n|clearpoke\n|poke|p1|Breloom, F|\n|poke|p1|Enamorus, F|\n|poke|p1|Landorus-Therian, M|\n|poke|p1|Dragapult, F|\n|poke|p1|Kingambit, F|\n|poke|p1|Ogerpon-Wellspring, F|\n|poke|p2|Glimmora, F|\n|poke|p2|Gholdengo|\n|poke|p2|Ogerpon-Wellspring, F|\n|poke|p2|Iron Moth|\n|poke|p2|Great Tusk|\n|poke|p2|Hatterene, F|\n|teampreview\n|inactive|Battle timer is ON: inactive players will automatically lose when time's up. (requested by Epimenides T)\n|\n|t:|1699912266\n|start\n|switch|p1a: Dragapult|Dragapult, F|100\/100\n|switch|p2a: Onion|Glimmora, F, shiny|100\/100\n|turn|1\n|\n|t:|1699912278\n|move|p1a: Dragapult|Shadow Ball|p2a: Onion\n|-damage|p2a: Onion|28\/100\n|move|p2a: Onion|Toxic|p1a: Dragapult\n|-status|p1a: Dragapult|tox\n|\n|-heal|p2a: Onion|34\/100|[from] item: Black Sludge\n|-damage|p1a: Dragapult|95\/100 tox|[from] psn\n|upkeep\n|turn|2\n|\n|t:|1699912292\n|move|p1a: Dragapult|Shadow Ball|p2a: Onion\n|-damage|p2a: Onion|0 fnt\n|faint|p2a: Onion\n|\n|-damage|p1a: Dragapult|83\/100 tox|[from] psn\n|upkeep\n|\n|t:|1699912308\n|switch|p2a: Not Metal|Iron Moth|100\/100\n|-enditem|p2a: Not Metal|Booster Energy\n|-activate|p2a: Not Metal|ability: Quark Drive|[fromitem]\n|-start|p2a: Not Metal|quarkdrivespe\n|turn|3\n|\n|t:|1699912316\n|switch|p1a: Landorus|Landorus-Therian, M|100\/100\n|-ability|p1a: Landorus|Intimidate|boost\n|-unboost|p2a: Not Metal|atk|1\n|move|p2a: Not Metal|Substitute|p2a: Not Metal\n|-start|p2a: Not Metal|Substitute\n|-damage|p2a: Not Metal|76\/100\n|\n|upkeep\n|turn|4\n|\n|t:|1699912325\n|-terastallize|p2a: Not Metal|Water\n|move|p2a: Not Metal|Tera Blast|p1a: Landorus|[anim] Tera Blast Water\n|-supereffective|p1a: Landorus\n|-damage|p1a: Landorus|18\/100\n|move|p1a: Landorus|Earthquake|p2a: Not Metal\n|-end|p2a: Not Metal|Substitute\n|\n|upkeep\n|turn|5\n|\n|t:|1699912337\n|move|p2a: Not Metal|Fiery Dance|p1a: Landorus\n|-crit|p1a: Landorus\n|-damage|p1a: Landorus|0 fnt\n|faint|p1a: Landorus\n|\n|upkeep\n|\n|t:|1699912355\n|switch|p1a: Ogerpon|Ogerpon-Wellspring, F|100\/100\n|turn|6\n|\n|t:|1699912361\n|-terastallize|p1a: Ogerpon|Water\n|detailschange|p1a: Ogerpon|Ogerpon-Wellspring-Tera, F, tera:Water\n|-ability|p1a: Ogerpon|Embody Aspect (Wellspring)|boost\n|-boost|p1a: Ogerpon|spd|1\n|move|p2a: Not Metal|Sludge Wave|p1a: Ogerpon\n|-damage|p1a: Ogerpon|65\/100\n|move|p1a: Ogerpon|Power Whip|p2a: Not Metal\n|-supereffective|p2a: Not Metal\n|-damage|p2a: Not Metal|0 fnt\n|faint|p2a: Not Metal\n|-end|p2a: Not Metal|Quark Drive|[silent]\n|\n|upkeep\n|\n|t:|1699912378\n|switch|p2a: Grass Karate|Ogerpon-Wellspring, F|100\/100\n|turn|7\n|\n|t:|1699912388\n|switch|p1a: Breloom|Breloom, F|100\/100\n|move|p2a: Grass Karate|Horn Leech|p1a: Breloom\n|-resisted|p1a: Breloom\n|-damage|p1a: Breloom|80\/100\n|\n|-status|p1a: Breloom|tox|[from] item: Toxic Orb\n|upkeep\n|turn|8\n|\n|t:|1699912399\n|move|p2a: Grass Karate|U-turn|p1a: Breloom\n|-damage|p1a: Breloom|54\/100 tox\n|\n|t:|1699912407\n|switch|p2a: Hat|Hatterene, F|100\/100|[from] U-turn\n|move|p1a: Breloom|Toxic|p2a: Hat\n|move|p2a: Hat|Toxic|p1a: Breloom|[from]ability: Magic Bounce\n|-fail|p1a: Breloom|tox\n|\n|-heal|p1a: Breloom|66\/100 tox|[from] ability: Poison Heal\n|upkeep\n|turn|9\n|\n|t:|1699912419\n|move|p1a: Breloom|Substitute|p1a: Breloom\n|-start|p1a: Breloom|Substitute\n|-damage|p1a: Breloom|41\/100 tox\n|move|p2a: Hat|Mystical Fire|p1a: Breloom\n|-supereffective|p1a: Breloom\n|-end|p1a: Breloom|Substitute\n|\n|-heal|p1a: Breloom|54\/100 tox|[from] ability: Poison Heal\n|upkeep\n|turn|10\n|\n|t:|1699912444\n|move|p1a: Breloom|Leech Seed|p2a: Hat\n|move|p2a: Hat|Leech Seed|p1a: Breloom|[from]ability: Magic Bounce\n|-immune|p1a: Breloom\n|move|p2a: Hat|Psyshock|p1a: Breloom\n|-supereffective|p1a: Breloom\n|-damage|p1a: Breloom|0 fnt\n|faint|p1a: Breloom\n|\n|upkeep\n|inactive|Epimenides T has 120 seconds left.\n|\n|t:|1699912461\n|switch|p1a: Ogerpon|Ogerpon-Wellspring-Tera, F, tera:Water|65\/100\n|-ability|p1a: Ogerpon|Embody Aspect (Wellspring)|boost\n|-boost|p1a: Ogerpon|spd|1\n|turn|11\n|\n|t:|1699912470\n|move|p1a: Ogerpon|Knock Off|p2a: Hat\n|-damage|p2a: Hat|60\/100\n|-enditem|p2a: Hat|Leftovers|[from] move: Knock Off|[of] p1a: Ogerpon\n|move|p2a: Hat|Draining Kiss|p1a: Ogerpon\n|-damage|p1a: Ogerpon|40\/100\n|-heal|p2a: Hat|78\/100|[from] drain|[of] p1a: Ogerpon\n|\n|upkeep\n|turn|12\n|\n|t:|1699912484\n|move|p1a: Ogerpon|Power Whip|p2a: Hat|[miss]\n|-miss|p1a: Ogerpon|p2a: Hat\n|move|p2a: Hat|Psyshock|p1a: Ogerpon\n|-damage|p1a: Ogerpon|0 fnt\n|faint|p1a: Ogerpon\n|\n|upkeep\n|\n|t:|1699912500\n|switch|p1a: Kingambit|Kingambit, F|100\/100\n|-activate|p1a: Kingambit|ability: Supreme Overlord\n|-start|p1a: Kingambit|fallen3|[silent]\n|turn|13\n|\n|t:|1699912506\n|move|p1a: Kingambit|Iron Head|p2a: Hat\n|-supereffective|p2a: Hat\n|-damage|p2a: Hat|0 fnt\n|faint|p2a: Hat\n|\n|upkeep\n|\n|t:|1699912519\n|switch|p2a: Big Teeth|Great Tusk|100\/100\n|-enditem|p2a: Big Teeth|Booster Energy\n|-activate|p2a: Big Teeth|ability: Protosynthesis|[fromitem]\n|-start|p2a: Big Teeth|protosynthesisspe\n|turn|14\n|inactive|Epimenides T has 120 seconds left.\n|\n|t:|1699912544\n|move|p1a: Kingambit|Sucker Punch||[still]\n|-fail|p1a: Kingambit\n|move|p2a: Big Teeth|Bulk Up|p2a: Big Teeth\n|-boost|p2a: Big Teeth|atk|1\n|-boost|p2a: Big Teeth|def|1\n|\n|upkeep\n|turn|15\n|\n|t:|1699912552\n|-end|p1a: Kingambit|fallen3|[silent]\n|switch|p1a: Dragapult|Dragapult, F|83\/100 tox\n|move|p2a: Big Teeth|Close Combat|p1a: Dragapult\n|-immune|p1a: Dragapult\n|\n|-damage|p1a: Dragapult|77\/100 tox|[from] psn\n|upkeep\n|turn|16\n|\n|t:|1699912567\n|move|p2a: Big Teeth|Ice Spinner|p1a: Dragapult\n|-supereffective|p1a: Dragapult\n|-damage|p1a: Dragapult|0 fnt\n|faint|p1a: Dragapult\n|\n|upkeep\n|\n|t:|1699912572\n|switch|p1a: Enamorus|Enamorus, F|100\/100\n|turn|17\n|\n|t:|1699912578\n|move|p1a: Enamorus|Moonblast|p2a: Big Teeth\n|-supereffective|p2a: Big Teeth\n|-damage|p2a: Big Teeth|0 fnt\n|faint|p2a: Big Teeth\n|-end|p2a: Big Teeth|Protosynthesis|[silent]\n|\n|upkeep\n|c|\u2606Mista_Meaty|how the hell\n|\n|t:|1699912598\n|switch|p2a: Grass Karate|Ogerpon-Wellspring, F|100\/100\n|turn|18\n|\n|t:|1699912602\n|move|p1a: Enamorus|Moonblast|p2a: Grass Karate\n|-damage|p2a: Grass Karate|38\/100\n|move|p2a: Grass Karate|Swords Dance|p2a: Grass Karate\n|-boost|p2a: Grass Karate|atk|2\n|\n|upkeep\n|turn|19\n|\n|t:|1699912610\n|move|p1a: Enamorus|Moonblast|p2a: Grass Karate\n|-damage|p2a: Grass Karate|0 fnt\n|faint|p2a: Grass Karate\n|\n|upkeep\n|\n|t:|1699912614\n|switch|p2a: Look at this Dude|Gholdengo|100\/100\n|-item|p2a: Look at this Dude|Air Balloon\n|turn|20\n|\n|t:|1699912622\n|move|p1a: Enamorus|Moonblast|p2a: Look at this Dude\n|-resisted|p2a: Look at this Dude\n|-damage|p2a: Look at this Dude|69\/100\n|-unboost|p2a: Look at this Dude|spa|1\n|-enditem|p2a: Look at this Dude|Air Balloon\n|move|p2a: Look at this Dude|Nasty Plot|p2a: Look at this Dude\n|-boost|p2a: Look at this Dude|spa|2\n|\n|upkeep\n|turn|21\n|\n|t:|1699912633\n|move|p1a: Enamorus|Moonblast|p2a: Look at this Dude\n|-resisted|p2a: Look at this Dude\n|-damage|p2a: Look at this Dude|39\/100\n|-unboost|p2a: Look at this Dude|spa|1\n|move|p2a: Look at this Dude|Make It Rain|p1a: Enamorus\n|-supereffective|p1a: Enamorus\n|-damage|p1a: Enamorus|0 fnt\n|-unboost|p2a: Look at this Dude|spa|1\n|faint|p1a: Enamorus\n|\n|upkeep\n|\n|t:|1699912645\n|switch|p1a: Kingambit|Kingambit, F|100\/100\n|-activate|p1a: Kingambit|ability: Supreme Overlord\n|-start|p1a: Kingambit|fallen5|[silent]\n|turn|22\n|c|\u2606Mista_Meaty|gg\n|\n|t:|1699912652\n|move|p2a: Look at this Dude|Focus Blast|p1a: Kingambit\n|-supereffective|p1a: Kingambit\n|-damage|p1a: Kingambit|0 fnt\n|faint|p1a: Kingambit\n|-end|p1a: Kingambit|fallen5|[silent]\n|\n|win|Mista_Meaty\n|raw|Epimenides T's rating: 1166 &rarr; <strong>1144<\/strong><br \/>(-22 for losing)\n|raw|Mista_Meaty's rating: 1205 &rarr; <strong>1227<\/strong><br \/>(+22 for winning)\n","uploadtime":1699912670,"views":8,"p1id":"epimenidest","p2id":"mistameaty","formatid":"gen9ou","rating":1144,"private":0,"password":""}