{"id":"gen9ou-2000063915","p1":"doubletrouble83","p2":"SmoknOppPax","format":"[Gen 9] OU","log":"|j|\u2606doubletrouble83\n|j|\u2606SmoknOppPax\n|t:|1701148312\n|gametype|singles\n|player|p1|doubletrouble83|n|1000\n|player|p2|SmoknOppPax|102|1009\n|teamsize|p1|6\n|teamsize|p2|6\n|gen|9\n|tier|[Gen 9] OU\n|rated|\n|rule|Sleep Clause Mod: Limit one foe put to sleep\n|rule|Species Clause: Limit one of each Pok\u00e9mon\n|rule|OHKO Clause: OHKO moves are banned\n|rule|Evasion Items Clause: Evasion items are banned\n|rule|Evasion Moves Clause: Evasion moves are banned\n|rule|Endless Battle Clause: Forcing endless battles is banned\n|rule|HP Percentage Mod: HP is shown in percentages\n|clearpoke\n|poke|p1|Sylveon, F|\n|poke|p1|Rotom-Mow|\n|poke|p1|Bombirdier, F|\n|poke|p1|Eelektross, M|\n|poke|p1|Azumarill, M|\n|poke|p1|Haxorus, F|\n|poke|p2|Gallade, M|\n|poke|p2|Scizor, F|\n|poke|p2|Dragonite, F|\n|poke|p2|Gastrodon, F|\n|poke|p2|Sableye, M|\n|poke|p2|Greninja-*, F|\n|teampreview\n|inactive|Battle timer is ON: inactive players will automatically lose when time's up. (requested by doubletrouble83)\n|\n|t:|1701148324\n|start\n|switch|p1a: Azumarill|Azumarill, M|100\/100\n|switch|p2a: Sableye|Sableye, M|100\/100\n|turn|1\n|\n|t:|1701148341\n|move|p2a: Sableye|Thunder Wave|p1a: Azumarill\n|-status|p1a: Azumarill|par\n|move|p1a: Azumarill|Belly Drum|p1a: Azumarill\n|-damage|p1a: Azumarill|51\/100 par\n|-setboost|p1a: Azumarill|atk|6|[from] move: Belly Drum\n|\n|upkeep\n|turn|2\n|\n|t:|1701148356\n|move|p2a: Sableye|Shadow Sneak|p1a: Azumarill\n|-damage|p1a: Azumarill|34\/100 par\n|cant|p1a: Azumarill|par\n|\n|upkeep\n|turn|3\n|\n|t:|1701148360\n|move|p2a: Sableye|Knock Off|p1a: Azumarill\n|-resisted|p1a: Azumarill\n|-damage|p1a: Azumarill|15\/100 par\n|-enditem|p1a: Azumarill|Ability Shield|[from] move: Knock Off|[of] p2a: Sableye\n|move|p1a: Azumarill|Play Rough|p2a: Sableye\n|-supereffective|p2a: Sableye\n|-damage|p2a: Sableye|0 fnt\n|-damage|p1a: Azumarill|0 fnt|[from] item: Rocky Helmet|[of] p2a: Sableye\n|faint|p2a: Sableye\n|faint|p1a: Azumarill\n|\n|upkeep\n|\n|t:|1701148372\n|switch|p2a: Scizor|Scizor, F|100\/100\n|switch|p1a: Haxorus|Haxorus, F|100\/100\n|-ability|p1a: Haxorus|Mold Breaker\n|turn|4\n|\n|t:|1701148396\n|move|p1a: Haxorus|Close Combat|p2a: Scizor\n|-damage|p2a: Scizor|50\/100\n|-unboost|p1a: Haxorus|def|1\n|-unboost|p1a: Haxorus|spd|1\n|move|p2a: Scizor|Rain Dance|p2a: Scizor\n|-weather|RainDance\n|\n|-weather|RainDance|[upkeep]\n|-heal|p2a: Scizor|56\/100|[from] item: Leftovers\n|upkeep\n|turn|5\n|\n|t:|1701148408\n|move|p2a: Scizor|Bullet Punch|p1a: Haxorus\n|-damage|p1a: Haxorus|39\/100\n|move|p1a: Haxorus|Earthquake|p2a: Scizor\n|-damage|p2a: Scizor|20\/100\n|\n|-weather|RainDance|[upkeep]\n|-heal|p2a: Scizor|26\/100|[from] item: Leftovers\n|upkeep\n|turn|6\n|\n|t:|1701148419\n|switch|p1a: Bombirdier|Bombirdier, F|100\/100\n|move|p2a: Scizor|Bullet Punch|p1a: Bombirdier\n|-damage|p1a: Bombirdier|50\/100\n|\n|-weather|RainDance|[upkeep]\n|-heal|p2a: Scizor|32\/100|[from] item: Leftovers\n|upkeep\n|turn|7\n|\n|t:|1701148427\n|move|p2a: Scizor|Bullet Punch|p1a: Bombirdier\n|-damage|p1a: Bombirdier|1\/100\n|move|p1a: Bombirdier|Brave Bird|p2a: Scizor\n|-damage|p2a: Scizor|0 fnt\n|faint|p2a: Scizor\n|-damage|p1a: Bombirdier|0 fnt|[from] Recoil\n|faint|p1a: Bombirdier\n|\n|-weather|RainDance|[upkeep]\n|upkeep\n|\n|t:|1701148438\n|switch|p1a: Eelektross|Eelektross, M|100\/100\n|switch|p2a: Greninja|Greninja, F|100\/100\n|turn|8\n|\n|t:|1701148464\n|switch|p1a: Haxorus|Haxorus, F|39\/100\n|-ability|p1a: Haxorus|Mold Breaker\n|move|p2a: Greninja|Toxic Spikes|p1a: Haxorus\n|-sidestart|p1: doubletrouble83|move: Toxic Spikes\n|\n|-weather|none\n|upkeep\n|turn|9\n|inactive|SmoknOppPax has 120 seconds left.\n|\n|t:|1701148488\n|move|p2a: Greninja|Dark Pulse|p1a: Haxorus\n|-damage|p1a: Haxorus|0 fnt\n|faint|p1a: Haxorus\n|\n|upkeep\n|\n|t:|1701148495\n|switch|p1a: Sylveon|Sylveon, F|100\/100\n|-status|p1a: Sylveon|psn\n|turn|10\n|\n|t:|1701148504\n|move|p2a: Greninja|Water Shuriken|p1a: Sylveon\n|-damage|p1a: Sylveon|95\/100 psn\n|-damage|p1a: Sylveon|89\/100 psn\n|-damage|p1a: Sylveon|83\/100 psn\n|-hitcount|p1a: Sylveon|3\n|move|p1a: Sylveon|Dazzling Gleam|p2a: Greninja\n|-supereffective|p2a: Greninja\n|-enditem|p2a: Greninja|Focus Sash\n|-damage|p2a: Greninja|1\/100\n|-damage|p1a: Sylveon|73\/100 psn|[from] item: Life Orb\n|\n|-damage|p1a: Sylveon|61\/100 psn|[from] psn\n|upkeep\n|turn|11\n|\n|t:|1701148520\n|move|p2a: Greninja|Extrasensory|p1a: Sylveon\n|-damage|p1a: Sylveon|42\/100 psn\n|move|p1a: Sylveon|Dazzling Gleam|p2a: Greninja\n|-supereffective|p2a: Greninja\n|-damage|p2a: Greninja|0 fnt\n|faint|p2a: Greninja\n|-damage|p1a: Sylveon|32\/100 psn|[from] item: Life Orb\n|\n|-damage|p1a: Sylveon|19\/100 psn|[from] psn\n|upkeep\n|\n|t:|1701148525\n|switch|p2a: Gallade|Gallade, M|100\/100\n|turn|12\n|\n|t:|1701148533\n|move|p2a: Gallade|Agility|p2a: Gallade\n|-boost|p2a: Gallade|spe|2\n|move|p1a: Sylveon|Mud-Slap|p2a: Gallade\n|-damage|p2a: Gallade|91\/100\n|-unboost|p2a: Gallade|accuracy|1\n|-damage|p1a: Sylveon|9\/100 psn|[from] item: Life Orb\n|\n|-damage|p1a: Sylveon|0 fnt|[from] psn\n|faint|p1a: Sylveon\n|upkeep\n|\n|t:|1701148544\n|switch|p1a: Rotom|Rotom-Mow|100\/100\n|turn|13\n|\n|t:|1701148559\n|move|p2a: Gallade|Psycho Cut|p1a: Rotom\n|-damage|p1a: Rotom|20\/100\n|move|p1a: Rotom|Shadow Ball|p2a: Gallade\n|-supereffective|p2a: Gallade\n|-crit|p2a: Gallade\n|-damage|p2a: Gallade|5\/100\n|\n|upkeep\n|turn|14\n|\n|t:|1701148571\n|move|p2a: Gallade|Psycho Cut|p1a: Rotom\n|-damage|p1a: Rotom|0 fnt\n|faint|p1a: Rotom\n|\n|upkeep\n|\n|t:|1701148574\n|switch|p1a: Eelektross|Eelektross, M|100\/100\n|turn|15\n|\n|t:|1701148581\n|move|p2a: Gallade|Leaf Blade|p1a: Eelektross|[miss]\n|-miss|p2a: Gallade|p1a: Eelektross\n|move|p1a: Eelektross|Body Slam|p2a: Gallade\n|-damage|p2a: Gallade|0 fnt\n|faint|p2a: Gallade\n|\n|upkeep\n|\n|t:|1701148590\n|switch|p2a: Gastrodon|Gastrodon, F|100\/100\n|turn|16\n|\n|t:|1701148595\n|move|p1a: Eelektross|Outrage|p2a: Gastrodon\n|-damage|p2a: Gastrodon|57\/100\n|move|p2a: Gastrodon|Earth Power|p1a: Eelektross\n|-immune|p1a: Eelektross|[from] ability: Levitate\n|\n|-heal|p2a: Gastrodon|63\/100|[from] item: Leftovers\n|upkeep\n|turn|17\n|\n|t:|1701148603\n|move|p1a: Eelektross|Outrage|p2a: Gastrodon|[from]lockedmove\n|-damage|p2a: Gastrodon|14\/100\n|-start|p1a: Eelektross|confusion|[fatigue]\n|move|p2a: Gastrodon|Recover|p2a: Gastrodon\n|-heal|p2a: Gastrodon|64\/100\n|\n|-heal|p2a: Gastrodon|70\/100|[from] item: Leftovers\n|upkeep\n|turn|18\n|\n|t:|1701148616\n|-activate|p1a: Eelektross|confusion\n|move|p1a: Eelektross|Body Slam|p2a: Gastrodon\n|-damage|p2a: Gastrodon|39\/100\n|-status|p2a: Gastrodon|par\n|cant|p2a: Gastrodon|par\n|\n|-heal|p2a: Gastrodon|45\/100 par|[from] item: Leftovers\n|upkeep\n|turn|19\n|\n|t:|1701148623\n|-activate|p1a: Eelektross|confusion\n|move|p1a: Eelektross|Body Slam|p2a: Gastrodon\n|-damage|p2a: Gastrodon|14\/100 par\n|move|p2a: Gastrodon|Recover|p2a: Gastrodon\n|-heal|p2a: Gastrodon|64\/100 par\n|\n|-heal|p2a: Gastrodon|70\/100 par|[from] item: Leftovers\n|upkeep\n|turn|20\n|\n|t:|1701148630\n|-activate|p1a: Eelektross|confusion\n|move|p1a: Eelektross|Body Slam|p2a: Gastrodon\n|-damage|p2a: Gastrodon|39\/100 par\n|move|p2a: Gastrodon|Recover|p2a: Gastrodon\n|-heal|p2a: Gastrodon|89\/100 par\n|\n|-heal|p2a: Gastrodon|95\/100 par|[from] item: Leftovers\n|upkeep\n|turn|21\n|\n|t:|1701148637\n|-activate|p1a: Eelektross|confusion\n|move|p1a: Eelektross|Body Slam|p2a: Gastrodon\n|-damage|p2a: Gastrodon|65\/100 par\n|move|p2a: Gastrodon|Ice Beam|p1a: Eelektross\n|-damage|p1a: Eelektross|79\/100\n|-status|p1a: Eelektross|frz\n|\n|-heal|p2a: Gastrodon|71\/100 par|[from] item: Leftovers\n|upkeep\n|turn|22\n|c|\u2606doubletrouble83|electross was doing so well too\n|-message|doubletrouble83 forfeited.\n|\n|win|SmoknOppPax\n|raw|doubletrouble83's rating: 1000 &rarr; <strong>1000<\/strong><br \/>(+0 for losing)\n|raw|SmoknOppPax's rating: 1009 &rarr; <strong>1047<\/strong><br \/>(+38 for winning)\n|l|\u2606doubletrouble83\n","uploadtime":1701148662,"views":12,"p1id":"doubletrouble83","p2id":"smoknopppax","formatid":"gen9ou","rating":1000,"private":0,"password":""}