{"id":"gen9ou-1994390897","p1":"DingusDipplesPRIME","p2":"helpidkwhatimdoin","format":"[Gen 9] OU","log":"|j|\u2606DingusDipplesPRIME\n|j|\u2606helpidkwhatimdoin\n|t:|1700438514\n|gametype|singles\n|player|p1|DingusDipplesPRIME|infielder|\n|player|p2|helpidkwhatimdoin|101|\n|teamsize|p1|6\n|teamsize|p2|6\n|gen|9\n|tier|[Gen 9] OU\n|rule|Sleep Clause Mod: Limit one foe put to sleep\n|rule|Species Clause: Limit one of each Pok\u00e9mon\n|rule|OHKO Clause: OHKO moves are banned\n|rule|Evasion Items Clause: Evasion items are banned\n|rule|Evasion Moves Clause: Evasion moves are banned\n|rule|Endless Battle Clause: Forcing endless battles is banned\n|rule|HP Percentage Mod: HP is shown in percentages\n|clearpoke\n|poke|p1|Klefki, F|\n|poke|p1|Ursaluna, M|\n|poke|p1|Slowbro-Galar, M|\n|poke|p1|Hariyama, M|\n|poke|p1|Kingambit, M|\n|poke|p1|Azumarill, F|\n|poke|p2|Ariados, F|\n|poke|p2|Ribombee, M|\n|poke|p2|Manaphy|\n|poke|p2|Cyclizar, F|\n|poke|p2|Iron Moth|\n|poke|p2|Naclstack, M|\n|teampreview\n|j| GreatKingJack\n|j| bentherebefore\n|c|\u2606DingusDipplesPRIME|dis is pain\n|j| mambroeru\n|\n|t:|1700438678\n|start\n|switch|p1a: Key Claw|Klefki, F|100\/100\n|switch|p2a: Ribombee|Ribombee, M|100\/100\n|turn|1\n|\n|t:|1700438688\n|move|p1a: Key Claw|Thunder Wave|p2a: Ribombee\n|-status|p2a: Ribombee|par\n|move|p2a: Ribombee|Sticky Web|p1a: Key Claw\n|-sidestart|p1: DingusDipplesPRIME|move: Sticky Web\n|\n|upkeep\n|turn|2\n|\n|t:|1700438702\n|move|p1a: Key Claw|Light Screen|p1a: Key Claw\n|-sidestart|p1: DingusDipplesPRIME|move: Light Screen\n|move|p2a: Ribombee|Quiver Dance|p2a: Ribombee\n|-boost|p2a: Ribombee|spa|1\n|-boost|p2a: Ribombee|spd|1\n|-boost|p2a: Ribombee|spe|1\n|\n|upkeep\n|turn|3\n|\n|t:|1700438713\n|switch|p1a: Slow Claw|Slowbro-Galar, M|100\/100\n|-activate|p1a: Slow Claw|move: Sticky Web\n|-unboost|p1a: Slow Claw|spe|1\n|move|p2a: Ribombee|Quiver Dance|p2a: Ribombee\n|-boost|p2a: Ribombee|spa|1\n|-boost|p2a: Ribombee|spd|1\n|-boost|p2a: Ribombee|spe|1\n|\n|upkeep\n|turn|4\n|-activate|p1a: Slow Claw|item: Quick Claw\n|\n|t:|1700438738\n|move|p1a: Slow Claw|Nasty Plot|p1a: Slow Claw\n|-boost|p1a: Slow Claw|spa|2\n|cant|p2a: Ribombee|par\n|\n|upkeep\n|turn|5\n|-activate|p1a: Slow Claw|ability: Quick Draw\n|\n|t:|1700438744\n|move|p1a: Slow Claw|Sludge Bomb|p2a: Ribombee\n|-supereffective|p2a: Ribombee\n|-enditem|p2a: Ribombee|Focus Sash\n|-damage|p2a: Ribombee|1\/100 par\n|move|p2a: Ribombee|Quiver Dance|p2a: Ribombee\n|-boost|p2a: Ribombee|spa|1\n|-boost|p2a: Ribombee|spd|1\n|-boost|p2a: Ribombee|spe|1\n|\n|upkeep\n|turn|6\n|-activate|p1a: Slow Claw|item: Quick Claw\n|\n|t:|1700438753\n|move|p1a: Slow Claw|Psyshock|p2a: Ribombee\n|-damage|p2a: Ribombee|0 fnt\n|faint|p2a: Ribombee\n|\n|upkeep\n|\n|t:|1700438769\n|switch|p2a: Cyclizar|Cyclizar, F|100\/100\n|turn|7\n|j| Demandread\n|-activate|p1a: Slow Claw|item: Quick Claw\n|\n|t:|1700438784\n|move|p1a: Slow Claw|Psyshock|p2a: Cyclizar\n|-damage|p2a: Cyclizar|0 fnt\n|faint|p2a: Cyclizar\n|\n|upkeep\n|c|\u2606DingusDipplesPRIME|oh my god\n|\n|t:|1700438805\n|switch|p2a: Naclstack|Naclstack, M|100\/100\n|turn|8\n|\n|t:|1700438812\n|-terastallize|p2a: Naclstack|Water\n|-terastallize|p1a: Slow Claw|Water\n|move|p2a: Naclstack|Salt Cure|p1a: Slow Claw\n|-damage|p1a: Slow Claw|92\/100\n|-start|p1a: Slow Claw|Salt Cure\n|move|p1a: Slow Claw|Surf|p2a: Naclstack\n|-resisted|p2a: Naclstack\n|-damage|p2a: Naclstack|71\/100\n|\n|-damage|p1a: Slow Claw|67\/100|[from] Salt Cure\n|upkeep\n|turn|9\n|c|\u2606DingusDipplesPRIME|DEEP HEAT\n|-activate|p1a: Slow Claw|ability: Quick Draw\n|\n|t:|1700438826\n|move|p1a: Slow Claw|Sludge Bomb|p2a: Naclstack\n|-damage|p2a: Naclstack|18\/100\n|move|p2a: Naclstack|Recover|p2a: Naclstack\n|-heal|p2a: Naclstack|68\/100\n|\n|-damage|p1a: Slow Claw|42\/100|[from] Salt Cure\n|-sideend|p1: DingusDipplesPRIME|move: Light Screen\n|upkeep\n|turn|10\n|\n|t:|1700438844\n|switch|p1a: Bear Claw|Ursaluna, M|100\/100\n|-activate|p1a: Bear Claw|move: Sticky Web\n|-unboost|p1a: Bear Claw|spe|1\n|move|p2a: Naclstack|Recover|p2a: Naclstack\n|-heal|p2a: Naclstack|100\/100\n|\n|upkeep\n|turn|11\n|-activate|p1a: Bear Claw|item: Quick Claw\n|\n|t:|1700438853\n|move|p1a: Bear Claw|Swords Dance|p1a: Bear Claw\n|-boost|p1a: Bear Claw|atk|2\n|move|p2a: Naclstack|Iron Defense|p2a: Naclstack\n|-boost|p2a: Naclstack|def|2\n|\n|upkeep\n|turn|12\n|\n|t:|1700438869\n|switch|p1a: Bunny Claw|Azumarill, F|100\/100\n|-activate|p1a: Bunny Claw|move: Sticky Web\n|-unboost|p1a: Bunny Claw|spe|1\n|move|p2a: Naclstack|Body Press|p1a: Bunny Claw\n|-resisted|p1a: Bunny Claw\n|-damage|p1a: Bunny Claw|82\/100\n|\n|upkeep\n|turn|13\n|\n|t:|1700438877\n|move|p2a: Naclstack|Salt Cure|p1a: Bunny Claw\n|-damage|p1a: Bunny Claw|74\/100\n|-start|p1a: Bunny Claw|Salt Cure\n|move|p1a: Bunny Claw|Knock Off|p2a: Naclstack\n|-damage|p2a: Naclstack|86\/100\n|-enditem|p2a: Naclstack|Eviolite|[from] move: Knock Off|[of] p1a: Bunny Claw\n|\n|-damage|p1a: Bunny Claw|49\/100|[from] Salt Cure\n|upkeep\n|turn|14\n|\n|t:|1700438888\n|switch|p1a: Key Claw|Klefki, F|100\/100\n|-activate|p1a: Key Claw|move: Sticky Web\n|-unboost|p1a: Key Claw|spe|1\n|move|p2a: Naclstack|Iron Defense|p2a: Naclstack\n|-boost|p2a: Naclstack|def|2\n|\n|upkeep\n|turn|15\n|\n|t:|1700438898\n|move|p1a: Key Claw|Reflect|p1a: Key Claw\n|-sidestart|p1: DingusDipplesPRIME|Reflect\n|move|p2a: Naclstack|Salt Cure|p1a: Key Claw\n|-resisted|p1a: Key Claw\n|-damage|p1a: Key Claw|98\/100\n|-start|p1a: Key Claw|Salt Cure\n|\n|-damage|p1a: Key Claw|73\/100|[from] Salt Cure\n|upkeep\n|turn|16\n|\n|t:|1700438914\n|switch|p1a: Slow Claw|Slowbro-Galar, M, tera:Water|42\/100\n|-activate|p1a: Slow Claw|move: Sticky Web\n|-unboost|p1a: Slow Claw|spe|1\n|move|p2a: Naclstack|Body Press|p1a: Slow Claw\n|-damage|p1a: Slow Claw|17\/100\n|\n|upkeep\n|turn|17\n|\n|t:|1700438923\n|move|p2a: Naclstack|Salt Cure|p1a: Slow Claw\n|-damage|p1a: Slow Claw|12\/100\n|-start|p1a: Slow Claw|Salt Cure\n|move|p1a: Slow Claw|Sludge Bomb|p2a: Naclstack\n|-damage|p2a: Naclstack|41\/100\n|\n|-damage|p1a: Slow Claw|0 fnt|[from] Salt Cure\n|faint|p1a: Slow Claw\n|upkeep\n|\n|t:|1700438944\n|switch|p1a: Bear Claw|Ursaluna, M|100\/100\n|-activate|p1a: Bear Claw|move: Sticky Web\n|-unboost|p1a: Bear Claw|spe|1\n|turn|18\n|\n|t:|1700438949\n|move|p2a: Naclstack|Body Press|p1a: Bear Claw\n|-supereffective|p1a: Bear Claw\n|-crit|p1a: Bear Claw\n|-damage|p1a: Bear Claw|0 fnt\n|faint|p1a: Bear Claw\n|\n|upkeep\n|c|\u2606DingusDipplesPRIME|i think im ded\n|\n|t:|1700438958\n|switch|p1a: Bunny Claw|Azumarill, F|49\/100\n|-activate|p1a: Bunny Claw|move: Sticky Web\n|-unboost|p1a: Bunny Claw|spe|1\n|turn|19\n|\n|t:|1700438963\n|move|p2a: Naclstack|Recover|p2a: Naclstack\n|-heal|p2a: Naclstack|91\/100\n|move|p1a: Bunny Claw|Play Rough|p2a: Naclstack\n|-damage|p2a: Naclstack|71\/100\n|\n|upkeep\n|turn|20\n|\n|t:|1700438969\n|move|p2a: Naclstack|Body Press|p1a: Bunny Claw\n|-resisted|p1a: Bunny Claw\n|-damage|p1a: Bunny Claw|35\/100\n|move|p1a: Bunny Claw|Play Rough|p2a: Naclstack\n|-damage|p2a: Naclstack|48\/100\n|\n|upkeep\n|turn|21\n|\n|t:|1700438976\n|move|p2a: Naclstack|Recover|p2a: Naclstack\n|-heal|p2a: Naclstack|98\/100\n|move|p1a: Bunny Claw|Play Rough|p2a: Naclstack\n|-damage|p2a: Naclstack|78\/100\n|\n|upkeep\n|turn|22\n|\n|t:|1700438981\n|move|p2a: Naclstack|Salt Cure|p1a: Bunny Claw\n|-damage|p1a: Bunny Claw|31\/100\n|-start|p1a: Bunny Claw|Salt Cure\n|move|p1a: Bunny Claw|Play Rough|p2a: Naclstack\n|-damage|p2a: Naclstack|56\/100\n|\n|-damage|p1a: Bunny Claw|6\/100|[from] Salt Cure\n|-sideend|p1: DingusDipplesPRIME|Reflect\n|upkeep\n|turn|23\n|\n|t:|1700438989\n|move|p2a: Naclstack|Recover|p2a: Naclstack\n|-heal|p2a: Naclstack|100\/100\n|move|p1a: Bunny Claw|Play Rough|p2a: Naclstack\n|-damage|p2a: Naclstack|80\/100\n|\n|-damage|p1a: Bunny Claw|0 fnt|[from] Salt Cure\n|faint|p1a: Bunny Claw\n|upkeep\n|\n|t:|1700438999\n|switch|p1a: Fist Claw|Hariyama, M|100\/100\n|-activate|p1a: Fist Claw|move: Sticky Web\n|-unboost|p1a: Fist Claw|spe|1\n|turn|24\n|\n|t:|1700439009\n|move|p2a: Naclstack|Body Press|p1a: Fist Claw\n|-damage|p1a: Fist Claw|39\/100\n|move|p1a: Fist Claw|Close Combat|p2a: Naclstack\n|-damage|p2a: Naclstack|58\/100\n|-unboost|p1a: Fist Claw|def|1\n|-unboost|p1a: Fist Claw|spd|1\n|\n|upkeep\n|turn|25\n|\n|t:|1700439017\n|move|p2a: Naclstack|Recover|p2a: Naclstack\n|-heal|p2a: Naclstack|100\/100\n|move|p1a: Fist Claw|Close Combat|p2a: Naclstack\n|-damage|p2a: Naclstack|78\/100\n|-unboost|p1a: Fist Claw|def|1\n|-unboost|p1a: Fist Claw|spd|1\n|\n|upkeep\n|turn|26\n|\n|t:|1700439024\n|move|p2a: Naclstack|Body Press|p1a: Fist Claw\n|-damage|p1a: Fist Claw|0 fnt\n|faint|p1a: Fist Claw\n|\n|upkeep\n|\n|t:|1700439028\n|switch|p1a: Key Claw|Klefki, F|73\/100\n|-activate|p1a: Key Claw|move: Sticky Web\n|-unboost|p1a: Key Claw|spe|1\n|turn|27\n|\n|t:|1700439035\n|move|p1a: Key Claw|Light Screen|p1a: Key Claw\n|-sidestart|p1: DingusDipplesPRIME|move: Light Screen\n|move|p2a: Naclstack|Body Press|p1a: Key Claw\n|-damage|p1a: Key Claw|31\/100\n|\n|upkeep\n|turn|28\n|\n|t:|1700439041\n|move|p1a: Key Claw|Reflect|p1a: Key Claw\n|-sidestart|p1: DingusDipplesPRIME|Reflect\n|move|p2a: Naclstack|Salt Cure|p1a: Key Claw\n|-resisted|p1a: Key Claw\n|-damage|p1a: Key Claw|28\/100\n|-start|p1a: Key Claw|Salt Cure\n|\n|-damage|p1a: Key Claw|4\/100|[from] Salt Cure\n|upkeep\n|turn|29\n|\n|t:|1700439047\n|move|p1a: Key Claw|Foul Play|p2a: Naclstack\n|-damage|p2a: Naclstack|73\/100\n|move|p2a: Naclstack|Recover|p2a: Naclstack\n|-heal|p2a: Naclstack|100\/100\n|\n|-damage|p1a: Key Claw|0 fnt|[from] Salt Cure\n|faint|p1a: Key Claw\n|upkeep\n|\n|t:|1700439054\n|switch|p1a: King Claw|Kingambit, M|100\/100\n|-activate|p1a: King Claw|move: Sticky Web\n|-unboost|p1a: King Claw|spe|1\n|-activate|p1a: King Claw|ability: Supreme Overlord\n|-start|p1a: King Claw|fallen5|[silent]\n|turn|30\n|\n|t:|1700439073\n|move|p2a: Naclstack|Body Press|p1a: King Claw\n|-supereffective|p1a: King Claw\n|-crit|p1a: King Claw\n|-damage|p1a: King Claw|0 fnt\n|faint|p1a: King Claw\n|-end|p1a: King Claw|fallen5|[silent]\n|\n|win|helpidkwhatimdoin\n|c|\u2606DingusDipplesPRIME|incredible gg\n|c|\u2606helpidkwhatimdoin|holy shit\n|c|\u2606helpidkwhatimdoin|gg\n","uploadtime":1700439082,"views":17,"p1id":"dingusdipplesprime","p2id":"helpidkwhatimdoin","formatid":"gen9ou","rating":0,"private":0,"password":""}