{"id":"gen9ou-1999627186","p1":"Yuic","p2":"Skaraptor2.1","format":"[Gen 9] OU","log":"|j|\u2606Yuic\n|j|\u2606Skaraptor2.1\n|t:|1701102495\n|gametype|singles\n|player|p1|Yuic|koga|1439\n|player|p2|Skaraptor2.1|bodybuilderf-gen9|1366\n|teamsize|p1|6\n|teamsize|p2|6\n|gen|9\n|tier|[Gen 9] OU\n|rated|\n|rule|Sleep Clause Mod: Limit one foe put to sleep\n|rule|Species Clause: Limit one of each Pok\u00e9mon\n|rule|OHKO Clause: OHKO moves are banned\n|rule|Evasion Items Clause: Evasion items are banned\n|rule|Evasion Moves Clause: Evasion moves are banned\n|rule|Endless Battle Clause: Forcing endless battles is banned\n|rule|HP Percentage Mod: HP is shown in percentages\n|clearpoke\n|poke|p1|Iron Moth|\n|poke|p1|Iron Hands|\n|poke|p1|Dragapult, F|\n|poke|p1|Great Tusk|\n|poke|p1|Kingambit, M|\n|poke|p1|Rillaboom, M|\n|poke|p2|Ribombee, M|\n|poke|p2|Ogerpon-Wellspring, F|\n|poke|p2|Gholdengo|\n|poke|p2|Zamazenta-*|\n|poke|p2|Iron Valiant|\n|poke|p2|Kingambit, F|\n|teampreview\n|inactive|Battle timer is ON: inactive players will automatically lose when time's up. (requested by Skaraptor2.1)\n|inactive|Yuic also wants the timer to be on.\n|\n|t:|1701102510\n|start\n|switch|p1a: Rillaboom|Rillaboom, M|100\/100\n|switch|p2a: Transfem|Ogerpon-Wellspring, F|100\/100\n|-fieldstart|move: Grassy Terrain|[from] ability: Grassy Surge|[of] p1a: Rillaboom\n|turn|1\n|\n|t:|1701102516\n|move|p2a: Transfem|Knock Off|p1a: Rillaboom\n|-damage|p1a: Rillaboom|63\/100\n|-enditem|p1a: Rillaboom|Life Orb|[from] move: Knock Off|[of] p2a: Transfem\n|move|p1a: Rillaboom|Wood Hammer|p2a: Transfem\n|-damage|p2a: Transfem|0 fnt\n|faint|p2a: Transfem\n|-damage|p1a: Rillaboom|37\/100|[from] Recoil\n|\n|-heal|p1a: Rillaboom|43\/100|[from] Grassy Terrain\n|upkeep\n|\n|t:|1701102528\n|switch|p2a: Queengambit|Kingambit, F|100\/100\n|-activate|p2a: Queengambit|ability: Supreme Overlord\n|-start|p2a: Queengambit|fallen1|[silent]\n|turn|2\n|\n|t:|1701102533\n|move|p1a: Rillaboom|Knock Off|p2a: Queengambit\n|-resisted|p2a: Queengambit\n|-damage|p2a: Queengambit|87\/100\n|-enditem|p2a: Queengambit|Leftovers|[from] move: Knock Off|[of] p1a: Rillaboom\n|move|p2a: Queengambit|Iron Head|p1a: Rillaboom\n|-damage|p1a: Rillaboom|0 fnt\n|faint|p1a: Rillaboom\n|\n|-heal|p2a: Queengambit|93\/100|[from] Grassy Terrain\n|upkeep\n|\n|t:|1701102543\n|switch|p1a: Iron Hands|Iron Hands|100\/100\n|turn|3\n|\n|t:|1701102547\n|move|p1a: Iron Hands|Wild Charge|p2a: Queengambit\n|-damage|p2a: Queengambit|55\/100\n|-damage|p1a: Iron Hands|93\/100|[from] Recoil\n|move|p2a: Queengambit|Low Kick|p1a: Iron Hands\n|-damage|p1a: Iron Hands|61\/100\n|\n|-heal|p1a: Iron Hands|67\/100|[from] Grassy Terrain\n|-heal|p2a: Queengambit|61\/100|[from] Grassy Terrain\n|upkeep\n|turn|4\n|\n|t:|1701102554\n|move|p1a: Iron Hands|Wild Charge|p2a: Queengambit\n|-damage|p2a: Queengambit|19\/100\n|-damage|p1a: Iron Hands|58\/100|[from] Recoil\n|move|p2a: Queengambit|Low Kick|p1a: Iron Hands\n|-damage|p1a: Iron Hands|26\/100\n|\n|-heal|p1a: Iron Hands|32\/100|[from] Grassy Terrain\n|-heal|p2a: Queengambit|25\/100|[from] Grassy Terrain\n|upkeep\n|turn|5\n|\n|t:|1701102560\n|move|p1a: Iron Hands|Drain Punch|p2a: Queengambit\n|-supereffective|p2a: Queengambit\n|-damage|p2a: Queengambit|0 fnt\n|-heal|p1a: Iron Hands|42\/100|[from] drain|[of] p2a: Queengambit\n|faint|p2a: Queengambit\n|-end|p2a: Queengambit|fallen1|[silent]\n|\n|-heal|p1a: Iron Hands|49\/100|[from] Grassy Terrain\n|-fieldend|move: Grassy Terrain\n|upkeep\n|\n|t:|1701102563\n|switch|p2a: Bigender|Iron Valiant|100\/100\n|-enditem|p2a: Bigender|Booster Energy\n|-activate|p2a: Bigender|ability: Quark Drive|[fromitem]\n|-start|p2a: Bigender|quarkdrivespe\n|turn|6\n|\n|t:|1701102567\n|move|p2a: Bigender|Moonblast|p1a: Iron Hands\n|-supereffective|p1a: Iron Hands\n|-damage|p1a: Iron Hands|0 fnt\n|faint|p1a: Iron Hands\n|-end|p1a: Iron Hands|Quark Drive|[silent]\n|\n|upkeep\n|\n|t:|1701102581\n|switch|p1a: Dragapult|Dragapult, F|100\/100\n|turn|7\n|\n|t:|1701102584\n|-terastallize|p1a: Dragapult|Ghost\n|move|p1a: Dragapult|Shadow Ball|p2a: Bigender\n|-damage|p2a: Bigender|9\/100\n|-unboost|p2a: Bigender|spd|1\n|move|p2a: Bigender|Moonblast|p1a: Dragapult\n|-damage|p1a: Dragapult|34\/100\n|\n|upkeep\n|turn|8\n|\n|t:|1701102593\n|move|p1a: Dragapult|Shadow Ball|p2a: Bigender\n|-damage|p2a: Bigender|0 fnt\n|faint|p2a: Bigender\n|-end|p2a: Bigender|Quark Drive|[silent]\n|\n|upkeep\n|\n|t:|1701102596\n|switch|p2a: Twink|Ribombee, M|100\/100\n|turn|9\n|\n|t:|1701102600\n|switch|p1a: Kingambit|Kingambit, M|100\/100\n|-activate|p1a: Kingambit|ability: Supreme Overlord\n|-start|p1a: Kingambit|fallen2|[silent]\n|move|p2a: Twink|Stun Spore|p1a: Kingambit|[miss]\n|-miss|p2a: Twink|p1a: Kingambit\n|\n|upkeep\n|turn|10\n|\n|t:|1701102605\n|move|p2a: Twink|Stun Spore|p1a: Kingambit|[miss]\n|-miss|p2a: Twink|p1a: Kingambit\n|move|p1a: Kingambit|Stealth Rock|p2a: Twink\n|-sidestart|p2: Skaraptor2.1|move: Stealth Rock\n|\n|upkeep\n|turn|11\n|\n|t:|1701102608\n|move|p2a: Twink|Stun Spore|p1a: Kingambit|[miss]\n|-miss|p2a: Twink|p1a: Kingambit\n|move|p1a: Kingambit|Kowtow Cleave|p2a: Twink\n|-resisted|p2a: Twink\n|-damage|p2a: Twink|55\/100\n|\n|upkeep\n|turn|12\n|c|\u2606Skaraptor2.1|*sigh*\n|c|\u2606Skaraptor2.1|fun fact, I haven\u2019t hit one in\n|c|\u2606Skaraptor2.1|a week\n|j| GooALT\n|c|\u2606Yuic|haha sorry\n|j| Antarcthyx\n|inactive|Yuic has 120 seconds left.\n|\n|t:|1701102642\n|move|p2a: Twink|Stun Spore|p1a: Kingambit\n|-status|p1a: Kingambit|par\n|move|p1a: Kingambit|Kowtow Cleave|p2a: Twink\n|-resisted|p2a: Twink\n|-damage|p2a: Twink|3\/100\n|\n|upkeep\n|turn|13\n|c|\u2606Skaraptor2.1|What\u2019re you sorry for?\n|c|\u2606Skaraptor2.1|fianlly\n|c|\u2606Skaraptor2.1|its been a fucking week\n|inactive|Yuic has 120 seconds left.\n|c|\u2606Yuic|for this\n|\n|t:|1701102661\n|move|p1a: Kingambit|Sucker Punch||[still]\n|-fail|p1a: Kingambit\n|move|p2a: Twink|Sticky Web|p1a: Kingambit\n|-sidestart|p1: Yuic|move: Sticky Web\n|\n|upkeep\n|turn|14\n|inactive|Yuic has 120 seconds left.\n|\n|t:|1701102674\n|-end|p1a: Kingambit|fallen2|[silent]\n|switch|p1a: Iron Moth|Iron Moth|100\/100\n|-activate|p1a: Iron Moth|move: Sticky Web\n|-unboost|p1a: Iron Moth|spe|1\n|-enditem|p1a: Iron Moth|Booster Energy\n|-activate|p1a: Iron Moth|ability: Quark Drive|[fromitem]\n|-start|p1a: Iron Moth|quarkdrivespa\n|move|p2a: Twink|Skill Swap||[still]\n|-fail|p2a: Twink\n|\n|upkeep\n|turn|15\n|inactive|Yuic has 120 seconds left.\n|\n|t:|1701102685\n|move|p2a: Twink|Stun Spore|p1a: Iron Moth\n|-status|p1a: Iron Moth|par\n|cant|p1a: Iron Moth|par\n|\n|upkeep\n|turn|16\n|c|\u2606Skaraptor2.1|You got no clue how usless gambit can be without its ability\n|l| Antarcthyx\n|\n|t:|1701102693\n|move|p2a: Twink|Moonblast|p1a: Iron Moth\n|-resisted|p1a: Iron Moth\n|-damage|p1a: Iron Moth|93\/100 par\n|move|p1a: Iron Moth|Substitute|p1a: Iron Moth\n|-start|p1a: Iron Moth|Substitute\n|-damage|p1a: Iron Moth|68\/100 par\n|\n|upkeep\n|turn|17\n|l|\u2606Skaraptor2.1\n|inactive|Skaraptor2.1 disconnected and has a minute to reconnect!\n|player|p2|\n|j|\u2606Skaraptor2.1\n|inactive|Skaraptor2.1 reconnected and has 135 seconds left.\n|player|p2|Skaraptor2.1|bodybuilderf-gen9\n|c|\u2606Skaraptor2.1|WHOOOO WE IN OUR VILLAIN ARC NOW BABYYYY\n|\n|t:|1701102718\n|move|p2a: Twink|Moonblast|p1a: Iron Moth\n|-resisted|p1a: Iron Moth\n|-activate|p1a: Iron Moth|move: Substitute|[damage]\n|cant|p1a: Iron Moth|par\n|\n|upkeep\n|turn|18\n|\n|t:|1701102729\n|move|p2a: Twink|Moonblast|p1a: Iron Moth\n|-resisted|p1a: Iron Moth\n|-crit|p1a: Iron Moth\n|-activate|p1a: Iron Moth|move: Substitute|[damage]\n|move|p1a: Iron Moth|Fiery Dance|p2a: Twink\n|-supereffective|p2a: Twink\n|-damage|p2a: Twink|0 fnt\n|-boost|p1a: Iron Moth|spa|1\n|faint|p2a: Twink\n|\n|upkeep\n|\n|t:|1701102734\n|switch|p2a: HRT Prices|Gholdengo|100\/100\n|-damage|p2a: HRT Prices|94\/100|[from] Stealth Rock\n|-item|p2a: HRT Prices|Air Balloon\n|turn|19\n|\n|t:|1701102739\n|move|p2a: HRT Prices|Shadow Ball|p1a: Iron Moth\n|-end|p1a: Iron Moth|Substitute\n|move|p1a: Iron Moth|Fiery Dance|p2a: HRT Prices\n|-supereffective|p2a: HRT Prices\n|-damage|p2a: HRT Prices|0 fnt\n|-enditem|p2a: HRT Prices|Air Balloon\n|faint|p2a: HRT Prices\n|\n|upkeep\n|\n|t:|1701102742\n|switch|p2a: Defender of Trans|Zamazenta, shiny|100\/100\n|-damage|p2a: Defender of Trans|94\/100|[from] Stealth Rock\n|-ability|p2a: Defender of Trans|Dauntless Shield|boost\n|-boost|p2a: Defender of Trans|def|1\n|turn|20\n|\n|t:|1701102746\n|-terastallize|p2a: Defender of Trans|Fire\n|move|p2a: Defender of Trans|Iron Defense|p2a: Defender of Trans\n|-boost|p2a: Defender of Trans|def|2\n|move|p1a: Iron Moth|Sludge Wave|p2a: Defender of Trans\n|-damage|p2a: Defender of Trans|15\/100\n|\n|-heal|p2a: Defender of Trans|21\/100|[from] item: Leftovers\n|upkeep\n|turn|21\n|\n|t:|1701102749\n|move|p2a: Defender of Trans|Body Press|p1a: Iron Moth\n|-resisted|p1a: Iron Moth\n|-damage|p1a: Iron Moth|0 fnt\n|faint|p1a: Iron Moth\n|-end|p1a: Iron Moth|Quark Drive|[silent]\n|\n|-heal|p2a: Defender of Trans|27\/100|[from] item: Leftovers\n|upkeep\n|\n|t:|1701102751\n|switch|p1a: Dragapult|Dragapult, F, tera:Ghost|34\/100\n|-activate|p1a: Dragapult|move: Sticky Web\n|-unboost|p1a: Dragapult|spe|1\n|turn|22\n|\n|t:|1701102754\n|move|p1a: Dragapult|Shadow Ball|p2a: Defender of Trans\n|-damage|p2a: Defender of Trans|0 fnt\n|faint|p2a: Defender of Trans\n|\n|win|Yuic\n|raw|Yuic's rating: 1439 &rarr; <strong>1455<\/strong><br \/>(+16 for winning)\n|raw|Skaraptor2.1's rating: 1366 &rarr; <strong>1350<\/strong><br \/>(-16 for losing)\n|c|\u2606Skaraptor2.1|GGWP\n|c|\u2606Yuic|gg\n","uploadtime":1701102760,"views":2,"p1id":"yuic","p2id":"skaraptor21","formatid":"gen9ou","rating":1350,"private":0,"password":""}