{"id":"gen9ou-1989238737","p1":"billy ballZ","p2":"sIGpETH0GR7CBoWVUD","format":"[Gen 9] OU","log":"|j|\u2606billy ballZ\n|j|\u2606sIGpETH0GR7CBoWVUD\n|t:|1699826775\n|gametype|singles\n|player|p1|billy ballZ|170|1031\n|player|p2|sIGpETH0GR7CBoWVUD|101|1000\n|teamsize|p1|6\n|teamsize|p2|6\n|gen|9\n|tier|[Gen 9] OU\n|rated|\n|rule|Sleep Clause Mod: Limit one foe put to sleep\n|rule|Species Clause: Limit one of each Pok\u00e9mon\n|rule|OHKO Clause: OHKO moves are banned\n|rule|Evasion Items Clause: Evasion items are banned\n|rule|Evasion Moves Clause: Evasion moves are banned\n|rule|Endless Battle Clause: Forcing endless battles is banned\n|rule|HP Percentage Mod: HP is shown in percentages\n|clearpoke\n|poke|p1|Toxtricity-Low-Key, F|\n|poke|p1|Arcanine-Hisui, M|\n|poke|p1|Heatran, M|\n|poke|p1|Moltres|\n|poke|p1|Torkoal, M|\n|poke|p1|Electrode-Hisui|\n|poke|p2|Manaphy|\n|poke|p2|Kingambit, M|\n|poke|p2|Ribombee, F|\n|poke|p2|Gholdengo|\n|poke|p2|Iron Moth|\n|poke|p2|Ogerpon-Wellspring, F|\n|teampreview\n|inactive|Battle timer is ON: inactive players will automatically lose when time's up. (requested by sIGpETH0GR7CBoWVUD)\n|\n|t:|1699826778\n|start\n|switch|p1a: Torkoal|Torkoal, M|100\/100\n|switch|p2a: Ribombee|Ribombee, F, shiny|100\/100\n|-weather|SunnyDay|[from] ability: Drought|[of] p1a: Torkoal\n|turn|1\n|\n|t:|1699826800\n|move|p2a: Ribombee|Stun Spore|p1a: Torkoal\n|-status|p1a: Torkoal|par\n|move|p1a: Torkoal|Lava Plume|p2a: Ribombee\n|-supereffective|p2a: Ribombee\n|-enditem|p2a: Ribombee|Focus Sash\n|-damage|p2a: Ribombee|1\/100\n|\n|-weather|SunnyDay|[upkeep]\n|upkeep\n|turn|2\n|\n|t:|1699826814\n|move|p2a: Ribombee|Sticky Web|p1a: Torkoal\n|-sidestart|p1: billy ballZ|move: Sticky Web\n|cant|p1a: Torkoal|par\n|\n|-weather|SunnyDay|[upkeep]\n|upkeep\n|turn|3\n|\n|t:|1699826820\n|switch|p2a: Gholdengo|Gholdengo|100\/100\n|-item|p2a: Gholdengo|Air Balloon\n|cant|p1a: Torkoal|par\n|\n|-weather|SunnyDay|[upkeep]\n|upkeep\n|turn|4\n|\n|t:|1699826831\n|move|p2a: Gholdengo|Nasty Plot|p2a: Gholdengo\n|-boost|p2a: Gholdengo|spa|2\n|move|p1a: Torkoal|Eruption|p2a: Gholdengo\n|-supereffective|p2a: Gholdengo\n|-damage|p2a: Gholdengo|0 fnt\n|-enditem|p2a: Gholdengo|Air Balloon\n|faint|p2a: Gholdengo\n|\n|-weather|SunnyDay|[upkeep]\n|upkeep\n|\n|t:|1699826835\n|switch|p2a: Manaphy|Manaphy|100\/100\n|turn|5\n|\n|t:|1699826846\n|switch|p1a: Electrode|Electrode-Hisui|100\/100\n|-activate|p1a: Electrode|move: Sticky Web\n|-unboost|p1a: Electrode|spe|1\n|move|p2a: Manaphy|Take Heart|p2a: Manaphy\n|-boost|p2a: Manaphy|spa|1\n|-boost|p2a: Manaphy|spd|1\n|\n|-weather|SunnyDay|[upkeep]\n|upkeep\n|turn|6\n|\n|t:|1699826857\n|-terastallize|p2a: Manaphy|Poison\n|move|p2a: Manaphy|Take Heart|p2a: Manaphy\n|-boost|p2a: Manaphy|spa|1\n|-boost|p2a: Manaphy|spd|1\n|move|p1a: Electrode|Solar Beam||[still]\n|-prepare|p1a: Electrode|Solar Beam\n|-anim|p1a: Electrode|Solar Beam|p2a: Manaphy\n|-resisted|p2a: Manaphy\n|-damage|p2a: Manaphy|91\/100\n|\n|-weather|SunnyDay|[upkeep]\n|-heal|p2a: Manaphy|97\/100|[from] item: Leftovers\n|upkeep\n|turn|7\n|\n|t:|1699826884\n|-terastallize|p1a: Electrode|Fire\n|move|p2a: Manaphy|Acid Armor|p2a: Manaphy\n|-boost|p2a: Manaphy|def|2\n|move|p1a: Electrode|Leech Seed|p2a: Manaphy\n|-start|p2a: Manaphy|move: Leech Seed\n|\n|-weather|SunnyDay|[upkeep]\n|-heal|p2a: Manaphy|100\/100|[from] item: Leftovers\n|-damage|p2a: Manaphy|88\/100|[from] Leech Seed|[of] p1a: Electrode\n|upkeep\n|turn|8\n|\n|t:|1699826897\n|move|p2a: Manaphy|Take Heart|p2a: Manaphy\n|-boost|p2a: Manaphy|spa|1\n|-boost|p2a: Manaphy|spd|1\n|move|p1a: Electrode|Volt Switch|p2a: Manaphy\n|-damage|p2a: Manaphy|79\/100\n|inactive|billy ballZ has 120 seconds left.\n|\n|t:|1699826909\n|switch|p1a: Heatran|Heatran, M|100\/100|[from] Volt Switch\n|-activate|p1a: Heatran|move: Sticky Web\n|-unboost|p1a: Heatran|spe|1\n|\n|-weather|none\n|-heal|p2a: Manaphy|85\/100|[from] item: Leftovers\n|-damage|p2a: Manaphy|72\/100|[from] Leech Seed|[of] p1a: Heatran\n|upkeep\n|turn|9\n|inactive|billy ballZ has 120 seconds left.\n|\n|t:|1699826921\n|move|p2a: Manaphy|Scald|p1a: Heatran\n|-supereffective|p1a: Heatran\n|-damage|p1a: Heatran|0 fnt\n|faint|p1a: Heatran\n|\n|-heal|p2a: Manaphy|78\/100|[from] item: Leftovers\n|upkeep\n|inactive|billy ballZ has 120 seconds left.\n|\n|t:|1699826940\n|switch|p1a: Toxtricity|Toxtricity-Low-Key, F|100\/100\n|-activate|p1a: Toxtricity|move: Sticky Web\n|-unboost|p1a: Toxtricity|spe|1\n|turn|10\n|\n|t:|1699826947\n|move|p2a: Manaphy|Stored Power|p1a: Toxtricity\n|-supereffective|p1a: Toxtricity\n|-damage|p1a: Toxtricity|0 fnt\n|faint|p1a: Toxtricity\n|\n|-heal|p2a: Manaphy|85\/100|[from] item: Leftovers\n|upkeep\n|\n|t:|1699826955\n|switch|p1a: Moltres|Moltres, shiny|100\/100\n|turn|11\n|\n|t:|1699826960\n|move|p2a: Manaphy|Scald|p1a: Moltres\n|-supereffective|p1a: Moltres\n|-damage|p1a: Moltres|0 fnt\n|faint|p1a: Moltres\n|\n|-heal|p2a: Manaphy|91\/100|[from] item: Leftovers\n|upkeep\n|inactive|billy ballZ has 120 seconds left.\n|\n|t:|1699826975\n|switch|p1a: Electrode|Electrode-Hisui, tera:Fire|100\/100\n|-activate|p1a: Electrode|move: Sticky Web\n|-unboost|p1a: Electrode|spe|1\n|turn|12\n|inactive|billy ballZ has 120 seconds left.\n|\n|t:|1699826985\n|move|p2a: Manaphy|Scald|p1a: Electrode\n|-supereffective|p1a: Electrode\n|-enditem|p1a: Electrode|Focus Sash\n|-damage|p1a: Electrode|1\/100\n|move|p1a: Electrode|Thunder|p2a: Manaphy\n|-damage|p2a: Manaphy|77\/100\n|\n|-heal|p2a: Manaphy|83\/100|[from] item: Leftovers\n|-damage|p2a: Manaphy|70\/100|[from] Leech Seed|[of] p1a: Electrode\n|-heal|p1a: Electrode|15\/100|[silent]\n|upkeep\n|turn|13\n|inactive|billy ballZ has 120 seconds left.\n|\n|t:|1699827000\n|switch|p1a: Torkoal|Torkoal, M|100\/100 par\n|-activate|p1a: Torkoal|move: Sticky Web\n|-unboost|p1a: Torkoal|spe|1\n|-weather|SunnyDay|[from] ability: Drought|[of] p1a: Torkoal\n|move|p2a: Manaphy|Scald|p1a: Torkoal\n|-supereffective|p1a: Torkoal\n|-damage|p1a: Torkoal|0 fnt\n|faint|p1a: Torkoal\n|\n|-weather|SunnyDay|[upkeep]\n|-heal|p2a: Manaphy|76\/100|[from] item: Leftovers\n|upkeep\n|inactive|billy ballZ has 120 seconds left.\n|\n|t:|1699827013\n|switch|p1a: Arcanine|Arcanine-Hisui, M|100\/100\n|-activate|p1a: Arcanine|move: Sticky Web\n|-unboost|p1a: Arcanine|spe|1\n|turn|14\n|inactive|billy ballZ has 120 seconds left.\n|\n|t:|1699827020\n|move|p2a: Manaphy|Scald|p1a: Arcanine\n|-supereffective|p1a: Arcanine\n|-damage|p1a: Arcanine|0 fnt\n|faint|p1a: Arcanine\n|\n|-weather|SunnyDay|[upkeep]\n|-heal|p2a: Manaphy|82\/100|[from] item: Leftovers\n|upkeep\n|inactive|billy ballZ has 120 seconds left.\n|\n|t:|1699827029\n|switch|p1a: Electrode|Electrode-Hisui, tera:Fire|15\/100\n|-activate|p1a: Electrode|move: Sticky Web\n|-unboost|p1a: Electrode|spe|1\n|turn|15\n|\n|t:|1699827035\n|move|p2a: Manaphy|Scald|p1a: Electrode\n|-supereffective|p1a: Electrode\n|-damage|p1a: Electrode|0 fnt\n|faint|p1a: Electrode\n|\n|win|sIGpETH0GR7CBoWVUD\n|raw|billy ballZ's rating: 1031 &rarr; <strong>1015<\/strong><br \/>(-16 for losing)\n|raw|sIGpETH0GR7CBoWVUD's rating: 1000 &rarr; <strong>1044<\/strong><br \/>(+44 for winning)\n","uploadtime":1699827038,"views":10,"p1id":"billyballz","p2id":"sigpeth0gr7cbowvud","formatid":"gen9ou","rating":1015,"private":0,"password":""}