{"id":"gen9ou-1997175979","p1":"Prismatic Phantom","p2":"FlipsideDos","format":"[Gen 9] OU","log":"|j|\u2606Prismatic Phantom\n|j|\u2606FlipsideDos\n|t:|1700772309\n|gametype|singles\n|player|p1|Prismatic Phantom|gentleman-gen4|1309\n|player|p2|FlipsideDos|depotagent|1387\n|teamsize|p1|6\n|teamsize|p2|6\n|gen|9\n|tier|[Gen 9] OU\n|rated|\n|rule|Sleep Clause Mod: Limit one foe put to sleep\n|rule|Species Clause: Limit one of each Pok\u00e9mon\n|rule|OHKO Clause: OHKO moves are banned\n|rule|Evasion Items Clause: Evasion items are banned\n|rule|Evasion Moves Clause: Evasion moves are banned\n|rule|Endless Battle Clause: Forcing endless battles is banned\n|rule|HP Percentage Mod: HP is shown in percentages\n|clearpoke\n|poke|p1|Rillaboom, F|\n|poke|p1|Cinderace, M|\n|poke|p1|Ogerpon-Cornerstone, F|\n|poke|p1|Kingambit, M|\n|poke|p1|Great Tusk|\n|poke|p1|Iron Valiant|\n|poke|p2|Iron Hands|\n|poke|p2|Slowking-Galar, M|\n|poke|p2|Cresselia, F|\n|poke|p2|Heatran, M|\n|poke|p2|Toxapex, F|\n|poke|p2|Dragonite, M|\n|teampreview\n|inactive|Battle timer is ON: inactive players will automatically lose when time's up. (requested by Prismatic Phantom)\n|\n|t:|1700772325\n|start\n|switch|p1a: Mhhh yes|Great Tusk|100\/100\n|switch|p2a: Heatran|Heatran, M|100\/100\n|turn|1\n|\n|t:|1700772333\n|switch|p2a: Cresselia|Cresselia, F|100\/100\n|move|p1a: Mhhh yes|Earthquake|p2a: Cresselia\n|-immune|p2a: Cresselia|[from] ability: Levitate\n|\n|upkeep\n|turn|2\n|\n|t:|1700772343\n|move|p1a: Mhhh yes|Stealth Rock|p2a: Cresselia\n|-sidestart|p2: FlipsideDos|move: Stealth Rock\n|move|p2a: Cresselia|Calm Mind|p2a: Cresselia\n|-boost|p2a: Cresselia|spa|1\n|-boost|p2a: Cresselia|spd|1\n|\n|upkeep\n|turn|3\n|\n|t:|1700772357\n|-end|p1a: Mhhh yes|Protosynthesis|[silent]\n|switch|p1a: Me irl|Kingambit, M|100\/100\n|-item|p1a: Me irl|Air Balloon\n|move|p2a: Cresselia|Calm Mind|p2a: Cresselia\n|-boost|p2a: Cresselia|spa|1\n|-boost|p2a: Cresselia|spd|1\n|\n|upkeep\n|turn|4\n|\n|t:|1700772369\n|-terastallize|p2a: Cresselia|Poison\n|move|p1a: Me irl|Sucker Punch||[still]\n|-fail|p1a: Me irl\n|move|p2a: Cresselia|Calm Mind|p2a: Cresselia\n|-boost|p2a: Cresselia|spa|1\n|-boost|p2a: Cresselia|spd|1\n|\n|upkeep\n|turn|5\n|\n|t:|1700772378\n|move|p2a: Cresselia|Moonblast|p1a: Me irl\n|-damage|p1a: Me irl|56\/100\n|-enditem|p1a: Me irl|Air Balloon\n|move|p1a: Me irl|Swords Dance|p1a: Me irl\n|-boost|p1a: Me irl|atk|2\n|\n|upkeep\n|turn|6\n|\n|t:|1700772387\n|move|p1a: Me irl|Sucker Punch|p2a: Cresselia\n|-damage|p2a: Cresselia|54\/100\n|move|p2a: Cresselia|Moonblast|p1a: Me irl\n|-damage|p1a: Me irl|11\/100\n|\n|-heal|p2a: Cresselia|60\/100|[from] item: Leftovers\n|upkeep\n|turn|7\n|\n|t:|1700772395\n|move|p2a: Cresselia|Moonlight|p2a: Cresselia\n|-heal|p2a: Cresselia|100\/100\n|move|p1a: Me irl|Swords Dance|p1a: Me irl\n|-boost|p1a: Me irl|atk|2\n|\n|upkeep\n|turn|8\n|\n|t:|1700772405\n|move|p1a: Me irl|Sucker Punch|p2a: Cresselia\n|-damage|p2a: Cresselia|35\/100\n|move|p2a: Cresselia|Moonblast|p1a: Me irl\n|-damage|p1a: Me irl|0 fnt\n|faint|p1a: Me irl\n|-end|p1a: Me irl|fallenundefined|[silent]\n|\n|-heal|p2a: Cresselia|41\/100|[from] item: Leftovers\n|upkeep\n|\n|t:|1700772427\n|switch|p1a: Ew what's this|Ogerpon-Cornerstone, F|100\/100\n|turn|9\n|\n|t:|1700772435\n|-terastallize|p1a: Ew what's this|Rock\n|detailschange|p1a: Ew what's this|Ogerpon-Cornerstone-Tera, F, tera:Rock\n|-ability|p1a: Ew what's this|Embody Aspect (Cornerstone)|boost\n|-boost|p1a: Ew what's this|def|1\n|move|p1a: Ew what's this|Ivy Cudgel|p2a: Cresselia|[anim] Ivy Cudgel Rock\n|-damage|p2a: Cresselia|0 fnt\n|faint|p2a: Cresselia\n|\n|upkeep\n|\n|t:|1700772445\n|switch|p2a: Iron Hands|Iron Hands|100\/100\n|-damage|p2a: Iron Hands|94\/100|[from] Stealth Rock\n|turn|10\n|\n|t:|1700772451\n|move|p1a: Ew what's this|Ivy Cudgel|p2a: Iron Hands|[anim] Ivy Cudgel Rock\n|-resisted|p2a: Iron Hands\n|-damage|p2a: Iron Hands|73\/100\n|move|p2a: Iron Hands|Drain Punch|p1a: Ew what's this\n|-supereffective|p1a: Ew what's this\n|-damage|p1a: Ew what's this|33\/100\n|-heal|p2a: Iron Hands|96\/100|[from] drain|[of] p1a: Ew what's this\n|\n|-heal|p2a: Iron Hands|100\/100|[from] item: Leftovers\n|upkeep\n|turn|11\n|\n|t:|1700772459\n|move|p1a: Ew what's this|Power Whip|p2a: Iron Hands\n|-damage|p2a: Iron Hands|58\/100\n|move|p2a: Iron Hands|Swords Dance|p2a: Iron Hands\n|-boost|p2a: Iron Hands|atk|2\n|\n|-heal|p2a: Iron Hands|65\/100|[from] item: Leftovers\n|upkeep\n|turn|12\n|\n|t:|1700772471\n|move|p1a: Ew what's this|Power Whip|p2a: Iron Hands\n|-damage|p2a: Iron Hands|23\/100\n|move|p2a: Iron Hands|Drain Punch|p1a: Ew what's this\n|-supereffective|p1a: Ew what's this\n|-damage|p1a: Ew what's this|0 fnt\n|-heal|p2a: Iron Hands|33\/100|[from] drain|[of] p1a: Ew what's this\n|faint|p1a: Ew what's this\n|\n|-heal|p2a: Iron Hands|40\/100|[from] item: Leftovers\n|upkeep\n|\n|t:|1700772485\n|switch|p1a: Mhhh yes|Great Tusk|100\/100\n|turn|13\n|\n|t:|1700772498\n|move|p1a: Mhhh yes|Earthquake|p2a: Iron Hands\n|-supereffective|p2a: Iron Hands\n|-damage|p2a: Iron Hands|0 fnt\n|faint|p2a: Iron Hands\n|-end|p2a: Iron Hands|Quark Drive|[silent]\n|\n|upkeep\n|\n|t:|1700772508\n|switch|p2a: Dragonite|Dragonite, M|100\/100\n|turn|14\n|\n|t:|1700772517\n|move|p1a: Mhhh yes|Ice Spinner|p2a: Dragonite\n|-supereffective|p2a: Dragonite\n|-damage|p2a: Dragonite|57\/100\n|move|p2a: Dragonite|Dragon Dance|p2a: Dragonite\n|-boost|p2a: Dragonite|atk|1\n|-boost|p2a: Dragonite|spe|1\n|\n|upkeep\n|turn|15\n|\n|t:|1700772526\n|switch|p2a: Toxapex|Toxapex, F|100\/100\n|-damage|p2a: Toxapex|88\/100|[from] Stealth Rock\n|move|p1a: Mhhh yes|Ice Spinner|p2a: Toxapex\n|-resisted|p2a: Toxapex\n|-crit|p2a: Toxapex\n|-damage|p2a: Toxapex|76\/100\n|\n|-heal|p2a: Toxapex|83\/100|[from] item: Leftovers\n|upkeep\n|turn|16\n|\n|t:|1700772530\n|move|p1a: Mhhh yes|Earthquake|p2a: Toxapex\n|-supereffective|p2a: Toxapex\n|-damage|p2a: Toxapex|29\/100\n|move|p2a: Toxapex|Toxic|p1a: Mhhh yes\n|-status|p1a: Mhhh yes|tox\n|\n|-heal|p2a: Toxapex|36\/100|[from] item: Leftovers\n|-damage|p1a: Mhhh yes|94\/100 tox|[from] psn\n|upkeep\n|turn|17\n|\n|t:|1700772537\n|switch|p2a: Dragonite|Dragonite, M|57\/100\n|move|p1a: Mhhh yes|Earthquake|p2a: Dragonite\n|-immune|p2a: Dragonite\n|\n|-damage|p1a: Mhhh yes|82\/100 tox|[from] psn\n|upkeep\n|turn|18\n|\n|t:|1700772548\n|switch|p2a: Heatran|Heatran, M|100\/100\n|-damage|p2a: Heatran|88\/100|[from] Stealth Rock\n|move|p1a: Mhhh yes|Ice Spinner|p2a: Heatran\n|-resisted|p2a: Heatran\n|-damage|p2a: Heatran|82\/100\n|\n|-heal|p2a: Heatran|88\/100|[from] item: Leftovers\n|-damage|p1a: Mhhh yes|63\/100 tox|[from] psn\n|upkeep\n|turn|19\n|\n|t:|1700772560\n|move|p1a: Mhhh yes|Earthquake|p2a: Heatran\n|-supereffective|p2a: Heatran\n|-damage|p2a: Heatran|0 fnt\n|faint|p2a: Heatran\n|\n|-damage|p1a: Mhhh yes|38\/100 tox|[from] psn\n|upkeep\n|\n|t:|1700772564\n|switch|p2a: Dragonite|Dragonite, M|57\/100\n|turn|20\n|\n|t:|1700772569\n|switch|p2a: Slowking|Slowking-Galar, M|100\/100\n|move|p1a: Mhhh yes|Earthquake|p2a: Slowking\n|-supereffective|p2a: Slowking\n|-damage|p2a: Slowking|10\/100\n|\n|-damage|p1a: Mhhh yes|7\/100 tox|[from] psn\n|upkeep\n|turn|21\n|\n|t:|1700772576\n|switch|p2a: Toxapex|Toxapex, F|69\/100\n|-damage|p2a: Toxapex|56\/100|[from] Stealth Rock\n|move|p1a: Mhhh yes|Ice Spinner|p2a: Toxapex\n|-resisted|p2a: Toxapex\n|-damage|p2a: Toxapex|49\/100\n|\n|-heal|p2a: Toxapex|55\/100|[from] item: Leftovers\n|-damage|p1a: Mhhh yes|0 fnt|[from] psn\n|faint|p1a: Mhhh yes\n|-end|p1a: Mhhh yes|Protosynthesis|[silent]\n|upkeep\n|\n|t:|1700772582\n|switch|p1a: Mhhh.. no|Iron Valiant|100\/100\n|-enditem|p1a: Mhhh.. no|Booster Energy\n|-activate|p1a: Mhhh.. no|ability: Quark Drive|[fromitem]\n|-start|p1a: Mhhh.. no|quarkdrivespe\n|turn|22\n|\n|t:|1700772589\n|move|p1a: Mhhh.. no|Thunderbolt|p2a: Toxapex\n|-supereffective|p2a: Toxapex\n|-damage|p2a: Toxapex|6\/100\n|move|p2a: Toxapex|Toxic|p1a: Mhhh.. no\n|-status|p1a: Mhhh.. no|tox\n|\n|-heal|p2a: Toxapex|12\/100|[from] item: Leftovers\n|-damage|p1a: Mhhh.. no|94\/100 tox|[from] psn\n|upkeep\n|turn|23\n|\n|t:|1700772599\n|switch|p2a: Slowking|Slowking-Galar, M|43\/100\n|move|p1a: Mhhh.. no|Thunderbolt|p2a: Slowking\n|-damage|p2a: Slowking|27\/100\n|\n|-damage|p1a: Mhhh.. no|82\/100 tox|[from] psn\n|upkeep\n|turn|24\n|\n|t:|1700772609\n|switch|p2a: Toxapex|Toxapex, F|46\/100\n|-damage|p2a: Toxapex|33\/100|[from] Stealth Rock\n|move|p1a: Mhhh.. no|Thunderbolt|p2a: Toxapex\n|-supereffective|p2a: Toxapex\n|-damage|p2a: Toxapex|0 fnt\n|faint|p2a: Toxapex\n|\n|-damage|p1a: Mhhh.. no|63\/100 tox|[from] psn\n|upkeep\n|\n|t:|1700772618\n|switch|p2a: Slowking|Slowking-Galar, M|60\/100\n|turn|25\n|\n|t:|1700772625\n|-end|p1a: Mhhh.. no|Quark Drive|[silent]\n|switch|p1a: Slave|Rillaboom, F|100\/100\n|-fieldstart|move: Grassy Terrain|[from] ability: Grassy Surge|[of] p1a: Slave\n|move|p2a: Slowking|Sludge Bomb|p1a: Slave\n|-supereffective|p1a: Slave\n|-damage|p1a: Slave|15\/100\n|\n|-heal|p1a: Slave|22\/100|[from] Grassy Terrain\n|-heal|p2a: Slowking|66\/100|[from] Grassy Terrain\n|upkeep\n|turn|26\n|\n|t:|1700772636\n|move|p1a: Slave|Knock Off|p2a: Slowking\n|-supereffective|p2a: Slowking\n|-damage|p2a: Slowking|0 fnt\n|-enditem|p2a: Slowking|Heavy-Duty Boots|[from] move: Knock Off|[of] p1a: Slave\n|faint|p2a: Slowking\n|\n|-heal|p1a: Slave|28\/100|[from] Grassy Terrain\n|upkeep\n|\n|t:|1700772640\n|switch|p2a: Dragonite|Dragonite, M|57\/100\n|turn|27\n|\n|t:|1700772652\n|move|p1a: Slave|Knock Off|p2a: Dragonite\n|-damage|p2a: Dragonite|6\/100\n|-enditem|p2a: Dragonite|Heavy-Duty Boots|[from] move: Knock Off|[of] p1a: Slave\n|move|p2a: Dragonite|Roost|p2a: Dragonite\n|-heal|p2a: Dragonite|56\/100\n|-singleturn|p2a: Dragonite|move: Roost\n|\n|-heal|p1a: Slave|34\/100|[from] Grassy Terrain\n|-heal|p2a: Dragonite|62\/100|[from] Grassy Terrain\n|upkeep\n|turn|28\n|\n|t:|1700772662\n|switch|p1a: Funni bunny|Cinderace, M|100\/100\n|move|p2a: Dragonite|Roost|p2a: Dragonite\n|-heal|p2a: Dragonite|100\/100\n|-singleturn|p2a: Dragonite|move: Roost\n|\n|upkeep\n|turn|29\n|\n|t:|1700772668\n|move|p1a: Funni bunny|Will-O-Wisp|p2a: Dragonite\n|-status|p2a: Dragonite|brn\n|move|p2a: Dragonite|Earthquake|p1a: Funni bunny\n|-supereffective|p1a: Funni bunny\n|-damage|p1a: Funni bunny|79\/100\n|\n|-heal|p1a: Funni bunny|85\/100|[from] Grassy Terrain\n|-damage|p2a: Dragonite|94\/100 brn|[from] brn\n|-fieldend|move: Grassy Terrain\n|upkeep\n|turn|30\n|\n|t:|1700772676\n|move|p1a: Funni bunny|Pyro Ball|p2a: Dragonite\n|-resisted|p2a: Dragonite\n|-damage|p2a: Dragonite|69\/100 brn\n|move|p2a: Dragonite|Dragon Dance|p2a: Dragonite\n|-boost|p2a: Dragonite|atk|1\n|-boost|p2a: Dragonite|spe|1\n|\n|-damage|p2a: Dragonite|63\/100 brn|[from] brn\n|upkeep\n|turn|31\n|\n|t:|1700772686\n|switch|p1a: Mhhh.. no|Iron Valiant|63\/100 tox\n|move|p2a: Dragonite|Dragon Dance|p2a: Dragonite\n|-boost|p2a: Dragonite|atk|1\n|-boost|p2a: Dragonite|spe|1\n|\n|-damage|p1a: Mhhh.. no|57\/100 tox|[from] psn\n|-damage|p2a: Dragonite|57\/100 brn|[from] brn\n|upkeep\n|turn|32\n|\n|t:|1700772694\n|move|p2a: Dragonite|Extreme Speed|p1a: Mhhh.. no\n|-damage|p1a: Mhhh.. no|18\/100 tox\n|move|p1a: Mhhh.. no|Moonblast|p2a: Dragonite\n|-supereffective|p2a: Dragonite\n|-damage|p2a: Dragonite|0 fnt\n|faint|p2a: Dragonite\n|\n|win|Prismatic Phantom\n|raw|Prismatic Phantom's rating: 1309 &rarr; <strong>1333<\/strong><br \/>(+24 for winning)\n|raw|FlipsideDos's rating: 1387 &rarr; <strong>1363<\/strong><br \/>(-24 for losing)\n|l|\u2606FlipsideDos\n","uploadtime":1700772762,"views":5,"p1id":"prismaticphantom","p2id":"flipsidedos","formatid":"gen9ou","rating":1333,"private":0,"password":""}