{"id":"gen9ou-2000671199","p1":"Direct x Chord","p2":"OUCKreqsis2high","format":"[Gen 9] OU","log":"|j|\u2606Direct x Chord\n|j|\u2606OUCKreqsis2high\n|t:|1701216986\n|gametype|singles\n|player|p1|Direct x Chord|101|1473\n|player|p2|OUCKreqsis2high|benga|1514\n|teamsize|p1|6\n|teamsize|p2|6\n|gen|9\n|tier|[Gen 9] OU\n|rated|\n|rule|Sleep Clause Mod: Limit one foe put to sleep\n|rule|Species Clause: Limit one of each Pok\u00e9mon\n|rule|OHKO Clause: OHKO moves are banned\n|rule|Evasion Items Clause: Evasion items are banned\n|rule|Evasion Moves Clause: Evasion moves are banned\n|rule|Endless Battle Clause: Forcing endless battles is banned\n|rule|HP Percentage Mod: HP is shown in percentages\n|clearpoke\n|poke|p1|Garchomp, M|\n|poke|p1|Slowking, F|\n|poke|p1|Cinderace, M|\n|poke|p1|Dragapult, F|\n|poke|p1|Kingambit, F|\n|poke|p1|Scizor, M|\n|poke|p2|Ribombee, F|\n|poke|p2|Infernape, F|\n|poke|p2|Gholdengo|\n|poke|p2|Manaphy|\n|poke|p2|Kommo-o, F|\n|poke|p2|Landorus-Therian, M|\n|teampreview\n|inactive|Battle timer is ON: inactive players will automatically lose when time's up. (requested by OUCKreqsis2high)\n|\n|t:|1701217006\n|start\n|switch|p1a: Slowking|Slowking, F|100\/100\n|switch|p2a: Ribombee|Ribombee, F|100\/100\n|turn|1\n|\n|t:|1701217010\n|move|p2a: Ribombee|Sticky Web|p1a: Slowking\n|-sidestart|p1: Direct x Chord|move: Sticky Web\n|move|p1a: Slowking|Scald|p2a: Ribombee\n|-damage|p2a: Ribombee|53\/100\n|\n|upkeep\n|turn|2\n|\n|t:|1701217018\n|move|p2a: Ribombee|Stun Spore|p1a: Slowking\n|-status|p1a: Slowking|par\n|move|p1a: Slowking|Scald|p2a: Ribombee\n|-damage|p2a: Ribombee|7\/100\n|\n|upkeep\n|turn|3\n|\n|t:|1701217035\n|switch|p2a: Gholdengo|Gholdengo|100\/100\n|-item|p2a: Gholdengo|Air Balloon\n|move|p1a: Slowking|Future Sight|p2a: Gholdengo\n|-start|p1a: Slowking|move: Future Sight\n|\n|upkeep\n|turn|4\n|\n|t:|1701217047\n|switch|p1a: Kingambit|Kingambit, F|100\/100\n|-activate|p1a: Kingambit|move: Sticky Web\n|-unboost|p1a: Kingambit|spe|1\n|move|p2a: Gholdengo|Nasty Plot|p2a: Gholdengo\n|-boost|p2a: Gholdengo|spa|2\n|\n|upkeep\n|turn|5\n|\n|t:|1701217054\n|-end|p1a: Kingambit|fallenundefined|[silent]\n|switch|p1a: Slowking|Slowking, F|100\/100 par\n|move|p2a: Gholdengo|Make It Rain|p1a: Slowking\n|-resisted|p1a: Slowking\n|-damage|p1a: Slowking|60\/100 par\n|-unboost|p2a: Gholdengo|spa|1\n|\n|-end|p2a: Gholdengo|move: Future Sight\n|-resisted|p2a: Gholdengo\n|-damage|p2a: Gholdengo|76\/100\n|-enditem|p2a: Gholdengo|Air Balloon\n|upkeep\n|turn|6\n|\n|t:|1701217061\n|switch|p1a: Kingambit|Kingambit, F|100\/100\n|-activate|p1a: Kingambit|move: Sticky Web\n|-unboost|p1a: Kingambit|spe|1\n|move|p2a: Gholdengo|Shadow Ball|p1a: Kingambit\n|-resisted|p1a: Kingambit\n|-damage|p1a: Kingambit|70\/100\n|\n|-heal|p1a: Kingambit|76\/100|[from] item: Leftovers\n|upkeep\n|turn|7\n|\n|t:|1701217069\n|-end|p1a: Kingambit|fallenundefined|[silent]\n|switch|p1a: Slowking|Slowking, F|93\/100 par\n|move|p2a: Gholdengo|Nasty Plot|p2a: Gholdengo\n|-boost|p2a: Gholdengo|spa|2\n|\n|upkeep\n|turn|8\n|-message|Direct x Chord forfeited.\n|\n|win|OUCKreqsis2high\n|raw|Direct x Chord's rating: 1473 &rarr; <strong>1455<\/strong><br \/>(-18 for losing)\n|raw|OUCKreqsis2high's rating: 1514 &rarr; <strong>1532<\/strong><br \/>(+18 for winning)\n|l|\u2606Direct x Chord\n","uploadtime":1701217087,"views":5,"p1id":"directxchord","p2id":"ouckreqsis2high","formatid":"gen9ou","rating":1455,"private":0,"password":""}