{"id":"gen9ou-1996558323","p1":"Oreo242","p2":"Progamerxxx412","format":"[Gen 9] OU","log":"|j|\u2606Oreo242\n|j|\u2606Progamerxxx412\n|t:|1700694147\n|gametype|singles\n|player|p1|Oreo242|twins-gen4dp|1260\n|player|p2|Progamerxxx412|102|1241\n|teamsize|p1|6\n|teamsize|p2|6\n|gen|9\n|tier|[Gen 9] OU\n|rated|\n|rule|Sleep Clause Mod: Limit one foe put to sleep\n|rule|Species Clause: Limit one of each Pok\u00e9mon\n|rule|OHKO Clause: OHKO moves are banned\n|rule|Evasion Items Clause: Evasion items are banned\n|rule|Evasion Moves Clause: Evasion moves are banned\n|rule|Endless Battle Clause: Forcing endless battles is banned\n|rule|HP Percentage Mod: HP is shown in percentages\n|clearpoke\n|poke|p1|Weezing-Galar, F|\n|poke|p1|Enamorus, F|\n|poke|p1|Iron Valiant|\n|poke|p1|Azumarill, M|\n|poke|p1|Tinkaton, F|\n|poke|p1|Ninetales-Alola, F|\n|poke|p2|Dragapult, F|\n|poke|p2|Gholdengo|\n|poke|p2|Enamorus, F|\n|poke|p2|Arcanine, F|\n|poke|p2|Slowking-Galar, M|\n|poke|p2|Regidrago|\n|teampreview\n|inactive|Battle timer is ON: inactive players will automatically lose when time's up. (requested by Oreo242)\n|\n|t:|1700694170\n|start\n|switch|p1a: Ninetales|Ninetales-Alola, F|100\/100\n|switch|p2a: Gholdengo|Gholdengo|100\/100\n|-weather|Snow|[from] ability: Snow Warning|[of] p1a: Ninetales\n|turn|1\n|\n|t:|1700694177\n|move|p2a: Gholdengo|Make It Rain|p1a: Ninetales\n|-supereffective|p1a: Ninetales\n|-damage|p1a: Ninetales|0 fnt\n|-unboost|p2a: Gholdengo|spa|1\n|faint|p1a: Ninetales\n|\n|-weather|Snow|[upkeep]\n|upkeep\n|\n|t:|1700694182\n|switch|p1a: Azumarill|Azumarill, M|100\/100\n|turn|2\n|\n|t:|1700694189\n|move|p2a: Gholdengo|Make It Rain|p1a: Azumarill\n|-damage|p1a: Azumarill|33\/100\n|-unboost|p2a: Gholdengo|spa|1\n|-enditem|p1a: Azumarill|Sitrus Berry|[eat]\n|-heal|p1a: Azumarill|58\/100|[from] item: Sitrus Berry\n|move|p1a: Azumarill|Belly Drum|p1a: Azumarill\n|-damage|p1a: Azumarill|8\/100\n|-setboost|p1a: Azumarill|atk|6|[from] move: Belly Drum\n|\n|-weather|Snow|[upkeep]\n|upkeep\n|turn|3\n|\n|t:|1700694210\n|move|p1a: Azumarill|Aqua Jet|p2a: Gholdengo\n|-crit|p2a: Gholdengo\n|-damage|p2a: Gholdengo|0 fnt\n|faint|p2a: Gholdengo\n|\n|-weather|Snow|[upkeep]\n|upkeep\n|\n|t:|1700694213\n|switch|p2a: Dragapult|Dragapult, F|100\/100\n|turn|4\n|\n|t:|1700694219\n|move|p1a: Azumarill|Aqua Jet|p2a: Dragapult\n|-resisted|p2a: Dragapult\n|-damage|p2a: Dragapult|31\/100\n|move|p2a: Dragapult|Hex|p1a: Azumarill\n|-damage|p1a: Azumarill|0 fnt\n|faint|p1a: Azumarill\n|\n|-weather|Snow|[upkeep]\n|upkeep\n|\n|t:|1700694227\n|switch|p1a: Iron Valiant|Iron Valiant|100\/100\n|-enditem|p1a: Iron Valiant|Booster Energy\n|-activate|p1a: Iron Valiant|ability: Quark Drive|[fromitem]\n|-start|p1a: Iron Valiant|quarkdrivespe\n|turn|5\n|\n|t:|1700694233\n|switch|p2a: Slowking|Slowking-Galar, M|100\/100\n|move|p1a: Iron Valiant|Swords Dance|p1a: Iron Valiant\n|-boost|p1a: Iron Valiant|atk|2\n|\n|-weather|none\n|upkeep\n|turn|6\n|\n|t:|1700694238\n|move|p1a: Iron Valiant|Knock Off|p2a: Slowking\n|-supereffective|p2a: Slowking\n|-damage|p2a: Slowking|0 fnt\n|-enditem|p2a: Slowking|Assault Vest|[from] move: Knock Off|[of] p1a: Iron Valiant\n|faint|p2a: Slowking\n|\n|upkeep\n|\n|t:|1700694240\n|switch|p2a: Arcanine|Arcanine, F|100\/100\n|-ability|p2a: Arcanine|Intimidate|boost\n|-unboost|p1a: Iron Valiant|atk|1\n|turn|7\n|\n|t:|1700694248\n|move|p1a: Iron Valiant|Close Combat|p2a: Arcanine\n|-damage|p2a: Arcanine|19\/100\n|-unboost|p1a: Iron Valiant|def|1\n|-unboost|p1a: Iron Valiant|spd|1\n|move|p2a: Arcanine|Will-O-Wisp|p1a: Iron Valiant\n|-status|p1a: Iron Valiant|brn\n|\n|-damage|p1a: Iron Valiant|94\/100 brn|[from] brn\n|upkeep\n|turn|8\n|\n|t:|1700694251\n|move|p1a: Iron Valiant|Moonblast|p2a: Arcanine\n|-resisted|p2a: Arcanine\n|-damage|p2a: Arcanine|0 fnt\n|faint|p2a: Arcanine\n|\n|-damage|p1a: Iron Valiant|88\/100 brn|[from] brn\n|upkeep\n|\n|t:|1700694255\n|switch|p2a: Enamorus|Enamorus, F|100\/100\n|turn|9\n|\n|t:|1700694257\n|-terastallize|p1a: Iron Valiant|Fairy\n|move|p1a: Iron Valiant|Moonblast|p2a: Enamorus\n|-damage|p2a: Enamorus|15\/100\n|move|p2a: Enamorus|Moonblast|p1a: Iron Valiant\n|-damage|p1a: Iron Valiant|0 fnt\n|faint|p1a: Iron Valiant\n|-end|p1a: Iron Valiant|Quark Drive|[silent]\n|\n|upkeep\n|\n|t:|1700694262\n|switch|p1a: Enamorus|Enamorus, F|100\/100\n|turn|10\n|\n|t:|1700694265\n|move|p2a: Enamorus|Moonblast|p1a: Enamorus\n|-damage|p1a: Enamorus|23\/100\n|move|p1a: Enamorus|Moonblast|p2a: Enamorus\n|-crit|p2a: Enamorus\n|-damage|p2a: Enamorus|0 fnt\n|faint|p2a: Enamorus\n|\n|-heal|p1a: Enamorus|30\/100|[from] item: Leftovers\n|upkeep\n|\n|t:|1700694270\n|switch|p2a: Dragapult|Dragapult, F|31\/100\n|turn|11\n|\n|t:|1700694272\n|switch|p1a: Weezing|Weezing-Galar, F|100\/100\n|-fieldstart|move: Misty Terrain|[from] ability: Misty Surge|[of] p1a: Weezing\n|move|p2a: Dragapult|Hex|p1a: Weezing\n|-damage|p1a: Weezing|58\/100\n|\n|-heal|p1a: Weezing|64\/100|[from] item: Leftovers\n|upkeep\n|turn|12\n|\n|t:|1700694279\n|move|p2a: Dragapult|Hex|p1a: Weezing\n|-damage|p1a: Weezing|26\/100\n|move|p1a: Weezing|Strange Steam|p2a: Dragapult\n|-supereffective|p2a: Dragapult\n|-damage|p2a: Dragapult|0 fnt\n|faint|p2a: Dragapult\n|\n|-heal|p1a: Weezing|32\/100|[from] item: Leftovers\n|upkeep\n|\n|t:|1700694282\n|switch|p2a: Regidrago|Regidrago|100\/100\n|turn|13\n|\n|t:|1700694285\n|-terastallize|p2a: Regidrago|Steel\n|move|p2a: Regidrago|Dragon Dance|p2a: Regidrago\n|-boost|p2a: Regidrago|atk|1\n|-boost|p2a: Regidrago|spe|1\n|move|p1a: Weezing|Flamethrower|p2a: Regidrago\n|-supereffective|p2a: Regidrago\n|-crit|p2a: Regidrago\n|-damage|p2a: Regidrago|44\/100\n|\n|-heal|p1a: Weezing|38\/100|[from] item: Leftovers\n|upkeep\n|turn|14\n|c|\u2606Progamerxxx412|gg\n|\n|t:|1700694291\n|move|p2a: Regidrago|Tera Blast|p1a: Weezing|[anim] Tera Blast Steel\n|-supereffective|p1a: Weezing\n|-damage|p1a: Weezing|0 fnt\n|faint|p1a: Weezing\n|\n|upkeep\n|\n|t:|1700694294\n|switch|p1a: Tinkaton|Tinkaton, F|100\/100\n|-ability|p1a: Tinkaton|Mold Breaker\n|turn|15\n|\n|t:|1700694297\n|move|p2a: Regidrago|Earthquake|p1a: Tinkaton\n|-supereffective|p1a: Tinkaton\n|-damage|p1a: Tinkaton|0 fnt\n|faint|p1a: Tinkaton\n|\n|-fieldend|Misty Terrain\n|upkeep\n|\n|t:|1700694300\n|switch|p1a: Enamorus|Enamorus, F|30\/100\n|turn|16\n|\n|t:|1700694302\n|move|p2a: Regidrago|Tera Blast|p1a: Enamorus|[anim] Tera Blast Steel\n|-supereffective|p1a: Enamorus\n|-damage|p1a: Enamorus|0 fnt\n|faint|p1a: Enamorus\n|\n|win|Progamerxxx412\n|raw|Oreo242's rating: 1260 &rarr; <strong>1234<\/strong><br \/>(-26 for losing)\n|raw|Progamerxxx412's rating: 1241 &rarr; <strong>1267<\/strong><br \/>(+26 for winning)\n|l|\u2606Oreo242\n","uploadtime":1700694308,"views":4,"p1id":"oreo242","p2id":"progamerxxx412","formatid":"gen9ou","rating":1234,"private":0,"password":""}