{"id":"gen9ou-1988258881","p1":"MVP TRAVIS","p2":"jontyf","format":"[Gen 9] OU","log":"|j|\u2606MVP TRAVIS\n|j|\u2606jontyf\n|t:|1699696322\n|gametype|singles\n|player|p1|MVP TRAVIS|marnie-masters3|1118\n|player|p2|jontyf|266|1026\n|teamsize|p1|6\n|teamsize|p2|6\n|gen|9\n|tier|[Gen 9] OU\n|rated|\n|rule|Sleep Clause Mod: Limit one foe put to sleep\n|rule|Species Clause: Limit one of each Pok\u00e9mon\n|rule|OHKO Clause: OHKO moves are banned\n|rule|Evasion Items Clause: Evasion items are banned\n|rule|Evasion Moves Clause: Evasion moves are banned\n|rule|Endless Battle Clause: Forcing endless battles is banned\n|rule|HP Percentage Mod: HP is shown in percentages\n|clearpoke\n|poke|p1|Ceruledge, M|\n|poke|p1|Walking Wake|\n|poke|p1|Zapdos|\n|poke|p1|Kingambit, F|\n|poke|p1|Ogerpon-Cornerstone, F|\n|poke|p1|Enamorus, F|\n|poke|p2|Maushold|\n|poke|p2|Rillaboom, M|\n|poke|p2|Great Tusk|\n|poke|p2|Heatran, F|\n|poke|p2|Enamorus, F|\n|poke|p2|Kingambit, M|\n|teampreview\n|inactive|Battle timer is ON: inactive players will automatically lose when time's up. (requested by MVP TRAVIS)\n|inactive|jontyf has 120 seconds left.\n|\n|t:|1699696359\n|start\n|switch|p1a: Zapdos|Zapdos|100\/100\n|switch|p2a: Maushold|Maushold|100\/100\n|-ability|p1a: Zapdos|Pressure\n|turn|1\n|\n|t:|1699696378\n|move|p2a: Maushold|Population Bomb|p1a: Zapdos\n|-damage|p1a: Zapdos|87\/100\n|-damage|p1a: Zapdos|75\/100\n|-damage|p1a: Zapdos|61\/100\n|-damage|p1a: Zapdos|48\/100\n|-damage|p1a: Zapdos|35\/100\n|-damage|p1a: Zapdos|22\/100\n|-damage|p1a: Zapdos|7\/100\n|-damage|p1a: Zapdos|0 fnt\n|faint|p1a: Zapdos\n|-hitcount|p1: Zapdos|8\n|\n|upkeep\n|\n|t:|1699696394\n|switch|p1a: Ceruledge|Ceruledge, M|100\/100\n|turn|2\n|\n|t:|1699696400\n|move|p2a: Maushold|Population Bomb|p1a: Ceruledge\n|-immune|p1a: Ceruledge\n|move|p1a: Ceruledge|Swords Dance|p1a: Ceruledge\n|-boost|p1a: Ceruledge|atk|2\n|\n|upkeep\n|turn|3\n|\n|t:|1699696410\n|move|p2a: Maushold|Bite|p1a: Ceruledge\n|-supereffective|p1a: Ceruledge\n|-damage|p1a: Ceruledge|35\/100\n|-ability|p1a: Ceruledge|Weak Armor|boost\n|-unboost|p1a: Ceruledge|def|1\n|-boost|p1a: Ceruledge|spe|2\n|move|p1a: Ceruledge|Swords Dance|p1a: Ceruledge\n|-boost|p1a: Ceruledge|atk|2\n|\n|upkeep\n|turn|4\n|\n|t:|1699696416\n|move|p1a: Ceruledge|Bitter Blade|p2a: Maushold\n|-damage|p2a: Maushold|0 fnt\n|-heal|p1a: Ceruledge|84\/100|[from] drain|[of] p2a: Maushold\n|faint|p2a: Maushold\n|\n|upkeep\n|\n|t:|1699696425\n|switch|p2a: devindian|Kingambit, M|100\/100\n|-activate|p2a: devindian|ability: Supreme Overlord\n|-start|p2a: devindian|fallen1|[silent]\n|turn|5\n|\n|t:|1699696432\n|move|p2a: devindian|Sucker Punch||[still]\n|-fail|p2a: devindian\n|move|p1a: Ceruledge|Swords Dance|p1a: Ceruledge\n|-boost|p1a: Ceruledge|atk|2\n|\n|upkeep\n|turn|6\n|\n|t:|1699696437\n|move|p2a: devindian|Sucker Punch||[still]\n|-fail|p2a: devindian\n|move|p1a: Ceruledge|Swords Dance|p1a: Ceruledge\n|-boost|p1a: Ceruledge|atk|0\n|\n|upkeep\n|turn|7\n|\n|t:|1699696440\n|move|p2a: devindian|Sucker Punch||[still]\n|-fail|p2a: devindian\n|move|p1a: Ceruledge|Swords Dance|p1a: Ceruledge\n|-boost|p1a: Ceruledge|atk|0\n|\n|upkeep\n|turn|8\n|\n|t:|1699696450\n|move|p2a: devindian|Sucker Punch|p1a: Ceruledge\n|-supereffective|p1a: Ceruledge\n|-damage|p1a: Ceruledge|0 fnt\n|faint|p1a: Ceruledge\n|\n|upkeep\n|\n|t:|1699696457\n|switch|p1a: Kingambit|Kingambit, F|100\/100\n|-activate|p1a: Kingambit|ability: Supreme Overlord\n|-start|p1a: Kingambit|fallen2|[silent]\n|turn|9\n|c|\u2606jontyf|dix\n|\n|t:|1699696467\n|-end|p2a: devindian|fallen1|[silent]\n|switch|p2a: Great Tusk|Great Tusk|100\/100\n|move|p1a: Kingambit|Low Kick|p2a: Great Tusk\n|-damage|p2a: Great Tusk|66\/100\n|\n|-heal|p2a: Great Tusk|72\/100|[from] item: Leftovers\n|upkeep\n|turn|10\n|\n|t:|1699696477\n|-end|p1a: Kingambit|fallen2|[silent]\n|switch|p1a: Walking Wake|Walking Wake|100\/100\n|-enditem|p1a: Walking Wake|Booster Energy\n|-activate|p1a: Walking Wake|ability: Protosynthesis|[fromitem]\n|-start|p1a: Walking Wake|protosynthesisspa\n|move|p2a: Great Tusk|Bulk Up|p2a: Great Tusk\n|-boost|p2a: Great Tusk|atk|1\n|-boost|p2a: Great Tusk|def|1\n|\n|-heal|p2a: Great Tusk|79\/100|[from] item: Leftovers\n|upkeep\n|turn|11\n|inactive|jontyf has 120 seconds left.\n|\n|t:|1699696531\n|-end|p2a: Great Tusk|Protosynthesis|[silent]\n|switch|p2a: Heatran|Heatran, F|100\/100\n|move|p1a: Walking Wake|Hydro Steam|p2a: Heatran\n|-supereffective|p2a: Heatran\n|-damage|p2a: Heatran|16\/100\n|\n|-heal|p2a: Heatran|22\/100|[from] item: Leftovers\n|upkeep\n|turn|12\n|\n|t:|1699696539\n|move|p1a: Walking Wake|Hydro Steam|p2a: Heatran\n|-supereffective|p2a: Heatran\n|-damage|p2a: Heatran|0 fnt\n|faint|p2a: Heatran\n|\n|upkeep\n|\n|t:|1699696544\n|switch|p2a: Enamorus|Enamorus, F|100\/100\n|turn|13\n|\n|t:|1699696556\n|-terastallize|p1a: Walking Wake|Water\n|move|p2a: Enamorus|Moonblast|p1a: Walking Wake\n|-damage|p1a: Walking Wake|43\/100\n|move|p1a: Walking Wake|Hydro Steam|p2a: Enamorus\n|-damage|p2a: Enamorus|0 fnt\n|faint|p2a: Enamorus\n|\n|upkeep\n|inactive|jontyf has 120 seconds left.\n|\n|t:|1699696567\n|switch|p2a: Rillaboom|Rillaboom, M|100\/100\n|-fieldstart|move: Grassy Terrain|[from] ability: Grassy Surge|[of] p2a: Rillaboom\n|turn|14\n|inactive|jontyf has 120 seconds left.\n|inactive|jontyf has 90 seconds left.\n|\n|t:|1699696604\n|-end|p1a: Walking Wake|Protosynthesis|[silent]\n|switch|p1a: Enamorus|Enamorus, F|100\/100\n|move|p2a: Rillaboom|Grassy Glide|p1a: Enamorus\n|-resisted|p1a: Enamorus\n|-damage|p1a: Enamorus|51\/100\n|\n|upkeep\n|turn|15\n|\n|t:|1699696616\n|-terastallize|p2a: Rillaboom|Grass\n|move|p2a: Rillaboom|Grassy Glide|p1a: Enamorus\n|-resisted|p1a: Enamorus\n|-damage|p1a: Enamorus|0 fnt\n|faint|p1a: Enamorus\n|\n|upkeep\n|\n|t:|1699696625\n|switch|p1a: Kingambit|Kingambit, F|100\/100\n|-activate|p1a: Kingambit|ability: Supreme Overlord\n|-start|p1a: Kingambit|fallen3|[silent]\n|turn|16\n|\n|t:|1699696631\n|switch|p2a: Great Tusk|Great Tusk|79\/100\n|move|p1a: Kingambit|Sucker Punch||[still]\n|-fail|p1a: Kingambit\n|\n|-heal|p2a: Great Tusk|85\/100|[from] Grassy Terrain\n|-heal|p2a: Great Tusk|91\/100|[from] item: Leftovers\n|upkeep\n|turn|17\n|\n|t:|1699696637\n|-end|p1a: Kingambit|fallen3|[silent]\n|switch|p1a: Ogerpon|Ogerpon-Cornerstone, F|100\/100\n|move|p2a: Great Tusk|Headlong Rush|p1a: Ogerpon\n|-damage|p1a: Ogerpon|30\/100\n|-unboost|p2a: Great Tusk|def|1\n|-unboost|p2a: Great Tusk|spd|1\n|\n|-heal|p1a: Ogerpon|36\/100|[from] Grassy Terrain\n|-heal|p2a: Great Tusk|97\/100|[from] Grassy Terrain\n|-heal|p2a: Great Tusk|100\/100|[from] item: Leftovers\n|upkeep\n|turn|18\n|\n|t:|1699696650\n|-end|p2a: Great Tusk|Protosynthesis|[silent]\n|switch|p2a: Rillaboom|Rillaboom, M, tera:Grass|100\/100\n|move|p1a: Ogerpon|Power Whip|p2a: Rillaboom\n|-resisted|p2a: Rillaboom\n|-damage|p2a: Rillaboom|51\/100\n|\n|-heal|p1a: Ogerpon|42\/100|[from] Grassy Terrain\n|-heal|p2a: Rillaboom|57\/100|[from] Grassy Terrain\n|-fieldend|move: Grassy Terrain\n|upkeep\n|turn|19\n|\n|t:|1699696655\n|move|p1a: Ogerpon|Ivy Cudgel|p2a: Rillaboom\n|-damage|p2a: Rillaboom|0 fnt\n|faint|p2a: Rillaboom\n|\n|upkeep\n|inactive|jontyf has 120 seconds left.\n|\n|t:|1699696670\n|switch|p2a: devindian|Kingambit, M|100\/100\n|-activate|p2a: devindian|ability: Supreme Overlord\n|-start|p2a: devindian|fallen4|[silent]\n|turn|20\n|inactive|jontyf has 120 seconds left.\n|\n|t:|1699696677\n|move|p2a: devindian|Sucker Punch||[still]\n|-fail|p2a: devindian\n|move|p1a: Ogerpon|Spikes|p2a: devindian\n|-sidestart|p2: jontyf|Spikes\n|\n|upkeep\n|turn|21\n|\n|t:|1699696682\n|move|p1a: Ogerpon|Spikes|p2a: devindian\n|-sidestart|p2: jontyf|Spikes\n|move|p2a: devindian|Kowtow Cleave|p1a: Ogerpon\n|-damage|p1a: Ogerpon|0 fnt\n|faint|p1a: Ogerpon\n|\n|upkeep\n|\n|t:|1699696688\n|switch|p1a: Walking Wake|Walking Wake, tera:Water|43\/100\n|turn|22\n|\n|t:|1699696693\n|move|p2a: devindian|Sucker Punch|p1a: Walking Wake\n|-damage|p1a: Walking Wake|0 fnt\n|faint|p1a: Walking Wake\n|-end|p1a: Walking Wake|Protosynthesis|[silent]\n|\n|upkeep\n|\n|t:|1699696698\n|switch|p1a: Kingambit|Kingambit, F|100\/100\n|-activate|p1a: Kingambit|ability: Supreme Overlord\n|-start|p1a: Kingambit|fallen5|[silent]\n|turn|23\n|\n|t:|1699696704\n|move|p1a: Kingambit|Low Kick|p2a: devindian\n|-supereffective|p2a: devindian\n|-damage|p2a: devindian|0 fnt\n|faint|p2a: devindian\n|-end|p2a: devindian|fallen4|[silent]\n|\n|upkeep\n|\n|t:|1699696707\n|switch|p2a: Great Tusk|Great Tusk|100\/100\n|-damage|p2a: Great Tusk|84\/100|[from] Spikes\n|turn|24\n|\n|t:|1699696715\n|move|p2a: Great Tusk|Headlong Rush|p1a: Kingambit\n|-supereffective|p1a: Kingambit\n|-damage|p1a: Kingambit|17\/100\n|-unboost|p2a: Great Tusk|def|1\n|-unboost|p2a: Great Tusk|spd|1\n|move|p1a: Kingambit|Low Kick|p2a: Great Tusk\n|-damage|p2a: Great Tusk|18\/100\n|\n|-heal|p2a: Great Tusk|24\/100|[from] item: Leftovers\n|upkeep\n|turn|25\n|inactive|jontyf has 120 seconds left.\n|\n|t:|1699696746\n|move|p1a: Kingambit|Sucker Punch||[still]\n|-fail|p1a: Kingambit\n|move|p2a: Great Tusk|Bulk Up|p2a: Great Tusk\n|-boost|p2a: Great Tusk|atk|1\n|-boost|p2a: Great Tusk|def|1\n|\n|-heal|p2a: Great Tusk|30\/100|[from] item: Leftovers\n|upkeep\n|turn|26\n|inactive|jontyf has 120 seconds left.\n|inactive|jontyf has 90 seconds left.\n|\n|t:|1699696815\n|move|p1a: Kingambit|Sucker Punch|p2a: Great Tusk\n|-resisted|p2a: Great Tusk\n|-damage|p2a: Great Tusk|11\/100\n|move|p2a: Great Tusk|Headlong Rush|p1a: Kingambit\n|-supereffective|p1a: Kingambit\n|-crit|p1a: Kingambit\n|-damage|p1a: Kingambit|0 fnt\n|-unboost|p2a: Great Tusk|def|1\n|-unboost|p2a: Great Tusk|spd|1\n|faint|p1a: Kingambit\n|-end|p1a: Kingambit|fallen5|[silent]\n|\n|win|jontyf\n|raw|MVP TRAVIS's rating: 1118 &rarr; <strong>1087<\/strong><br \/>(-31 for losing)\n|raw|jontyf's rating: 1026 &rarr; <strong>1071<\/strong><br \/>(+45 for winning)\n|l|\u2606MVP TRAVIS\n|c|\u2606jontyf|dix icl;\n","uploadtime":1699697055,"views":22,"p1id":"mvptravis","p2id":"jontyf","formatid":"gen9ou","rating":1071,"private":0,"password":""}