{"id":"gen9ou-1995811944","p1":"Katsu6624","p2":"rainydayshere","format":"[Gen 9] OU","log":"|j|\u2606Katsu6624\n|j|\u2606rainydayshere\n|t:|1700605518\n|gametype|singles\n|player|p1|Katsu6624|cynthia-gen4|1063\n|player|p2|rainydayshere|fisherman-gen4|1088\n|teamsize|p1|6\n|teamsize|p2|6\n|gen|9\n|tier|[Gen 9] OU\n|rated|\n|rule|Sleep Clause Mod: Limit one foe put to sleep\n|rule|Species Clause: Limit one of each Pok\u00e9mon\n|rule|OHKO Clause: OHKO moves are banned\n|rule|Evasion Items Clause: Evasion items are banned\n|rule|Evasion Moves Clause: Evasion moves are banned\n|rule|Endless Battle Clause: Forcing endless battles is banned\n|rule|HP Percentage Mod: HP is shown in percentages\n|clearpoke\n|poke|p1|Garchomp, M|\n|poke|p1|Spiritomb, M|\n|poke|p1|Milotic, F|\n|poke|p1|Braviary-Hisui, M|\n|poke|p1|Lucario, M|\n|poke|p1|Glaceon, F|\n|poke|p2|Florges-White, F|\n|poke|p2|Toxapex, M|\n|poke|p2|Spiritomb, M|\n|poke|p2|Great Tusk|\n|poke|p2|Umbreon, F|\n|poke|p2|Heatran, F|\n|teampreview\n|inactive|Battle timer is ON: inactive players will automatically lose when time's up. (requested by Katsu6624)\n|\n|t:|1700605527\n|start\n|switch|p1a: Poubelle|Glaceon, F, shiny|100\/100\n|switch|p2a: Spiritomb|Spiritomb, M|100\/100\n|turn|1\n|\n|t:|1700605532\n|move|p1a: Poubelle|Blizzard|p2a: Spiritomb\n|-damage|p2a: Spiritomb|11\/100\n|move|p2a: Spiritomb|Nasty Plot|p2a: Spiritomb\n|-boost|p2a: Spiritomb|spa|2\n|\n|upkeep\n|turn|2\n|\n|t:|1700605542\n|move|p1a: Poubelle|Blizzard|p2a: Spiritomb|[miss]\n|-miss|p1a: Poubelle|p2a: Spiritomb\n|move|p2a: Spiritomb|Psychic|p1a: Poubelle\n|-damage|p1a: Poubelle|27\/100\n|\n|upkeep\n|turn|3\n|\n|t:|1700605548\n|move|p1a: Poubelle|Blizzard|p2a: Spiritomb|[miss]\n|-miss|p1a: Poubelle|p2a: Spiritomb\n|move|p2a: Spiritomb|Dark Pulse|p1a: Poubelle\n|-damage|p1a: Poubelle|0 fnt\n|faint|p1a: Poubelle\n|\n|upkeep\n|\n|t:|1700605551\n|switch|p1a: Bzuuougururu|Spiritomb, M, shiny|100\/100\n|-ability|p1a: Bzuuougururu|Pressure\n|turn|4\n|\n|t:|1700605563\n|move|p1a: Bzuuougururu|Shadow Sneak|p2a: Spiritomb\n|-damage|p2a: Spiritomb|0 fnt\n|faint|p2a: Spiritomb\n|\n|upkeep\n|\n|t:|1700605567\n|switch|p2a: Umbreon|Umbreon, F|100\/100\n|turn|5\n|\n|t:|1700605573\n|move|p2a: Umbreon|Foul Play|p1a: Bzuuougururu\n|-damage|p1a: Bzuuougururu|53\/100\n|move|p1a: Bzuuougururu|Will-O-Wisp|p2a: Umbreon\n|-status|p2a: Umbreon|brn\n|-activate|p2a: Umbreon|ability: Synchronize\n|-status|p1a: Bzuuougururu|brn\n|\n|-heal|p1a: Bzuuougururu|59\/100 brn|[from] item: Leftovers\n|-damage|p2a: Umbreon|94\/100 brn|[from] brn\n|-damage|p1a: Bzuuougururu|53\/100 brn|[from] brn\n|upkeep\n|turn|6\n|\n|t:|1700605580\n|switch|p1a: AGROU GROU|Lucario, M|100\/100\n|move|p2a: Umbreon|Foul Play|p1a: AGROU GROU\n|-resisted|p1a: AGROU GROU\n|-damage|p1a: AGROU GROU|84\/100\n|-ability|p1a: AGROU GROU|Justified|boost\n|-boost|p1a: AGROU GROU|atk|1\n|\n|-heal|p2a: Umbreon|100\/100 brn|[from] item: Leftovers\n|-damage|p2a: Umbreon|94\/100 brn|[from] brn\n|upkeep\n|turn|7\n|\n|t:|1700605590\n|move|p1a: AGROU GROU|Meteor Mash|p2a: Umbreon\n|-damage|p2a: Umbreon|27\/100 brn\n|-damage|p1a: AGROU GROU|74\/100|[from] item: Life Orb\n|move|p2a: Umbreon|Wish|p2a: Umbreon\n|\n|-heal|p2a: Umbreon|33\/100 brn|[from] item: Leftovers\n|-damage|p2a: Umbreon|27\/100 brn|[from] brn\n|upkeep\n|turn|8\n|c|\u2606rainydayshere|smart\n|c|\u2606rainydayshere|super smart\n|c|\u2606rainydayshere|xD\n|\n|t:|1700605601\n|move|p2a: Umbreon|Protect|p2a: Umbreon\n|-singleturn|p2a: Umbreon|Protect\n|move|p1a: AGROU GROU|Swords Dance|p1a: AGROU GROU\n|-boost|p1a: AGROU GROU|atk|2\n|\n|-heal|p2a: Umbreon|77\/100 brn|[from] move: Wish|[wisher] Umbreon\n|-heal|p2a: Umbreon|83\/100 brn|[from] item: Leftovers\n|-damage|p2a: Umbreon|77\/100 brn|[from] brn\n|upkeep\n|turn|9\n|\n|t:|1700605608\n|switch|p2a: Toxapex|Toxapex, M|100\/100\n|move|p1a: AGROU GROU|High Jump Kick|p2a: Toxapex\n|-resisted|p2a: Toxapex\n|-damage|p2a: Toxapex|39\/100\n|-damage|p1a: AGROU GROU|64\/100|[from] item: Life Orb\n|\n|-heal|p2a: Toxapex|45\/100|[from] item: Black Sludge\n|upkeep\n|turn|10\n|\n|t:|1700605620\n|move|p1a: AGROU GROU|Swords Dance|p1a: AGROU GROU\n|-boost|p1a: AGROU GROU|atk|2\n|move|p2a: Toxapex|Sludge Bomb|p1a: AGROU GROU\n|-immune|p1a: AGROU GROU\n|\n|-heal|p2a: Toxapex|51\/100|[from] item: Black Sludge\n|upkeep\n|turn|11\n|c|\u2606rainydayshere|i dumb af\n|c|\u2606rainydayshere|lol\n|\n|t:|1700605637\n|move|p1a: AGROU GROU|Meteor Mash|p2a: Toxapex\n|-resisted|p2a: Toxapex\n|-damage|p2a: Toxapex|0 fnt\n|faint|p2a: Toxapex\n|-damage|p1a: AGROU GROU|54\/100|[from] item: Life Orb\n|\n|upkeep\n|c|\u2606Katsu6624|no its ok\n|\n|t:|1700605642\n|switch|p2a: Florges|Florges-White, F, shiny|100\/100\n|turn|12\n|c|\u2606rainydayshere|for u not for me\n|c|\u2606rainydayshere|xD\n|c|\u2606Katsu6624|Idk either why Lucario is a steel type\n|\n|t:|1700605658\n|-terastallize|p2a: Florges|Ground\n|move|p1a: AGROU GROU|Meteor Mash|p2a: Florges\n|-damage|p2a: Florges|0 fnt\n|faint|p2a: Florges\n|-damage|p1a: AGROU GROU|44\/100|[from] item: Life Orb\n|\n|upkeep\n|\n|t:|1700605668\n|switch|p2a: Great Tusk|Great Tusk|100\/100\n|turn|13\n|\n|t:|1700605676\n|move|p1a: AGROU GROU|High Jump Kick|p2a: Great Tusk\n|-damage|p2a: Great Tusk|0 fnt\n|faint|p2a: Great Tusk\n|-end|p2a: Great Tusk|Protosynthesis|[silent]\n|-damage|p1a: AGROU GROU|34\/100|[from] item: Life Orb\n|\n|upkeep\n|\n|t:|1700605681\n|switch|p2a: Heatran|Heatran, F|100\/100\n|-item|p2a: Heatran|Air Balloon\n|turn|14\n|\n|t:|1700605685\n|move|p1a: AGROU GROU|High Jump Kick|p2a: Heatran\n|-supereffective|p2a: Heatran\n|-damage|p2a: Heatran|0 fnt\n|-enditem|p2a: Heatran|Air Balloon\n|faint|p2a: Heatran\n|-damage|p1a: AGROU GROU|24\/100|[from] item: Life Orb\n|\n|upkeep\n|\n|t:|1700605688\n|switch|p2a: Umbreon|Umbreon, F|77\/100 brn\n|turn|15\n|c|\u2606rainydayshere|jesus\n|\n|t:|1700605697\n|move|p1a: AGROU GROU|High Jump Kick|p2a: Umbreon\n|-supereffective|p2a: Umbreon\n|-damage|p2a: Umbreon|0 fnt\n|faint|p2a: Umbreon\n|-damage|p1a: AGROU GROU|14\/100|[from] item: Life Orb\n|\n|win|Katsu6624\n|raw|Katsu6624's rating: 1063 &rarr; <strong>1096<\/strong><br \/>(+33 for winning)\n|raw|rainydayshere's rating: 1088 &rarr; <strong>1063<\/strong><br \/>(-25 for losing)\n|c|\u2606Katsu6624|Thats rough\n|l|\u2606rainydayshere\n|c|\u2606Katsu6624|sry mate\n","uploadtime":1700605709,"views":15,"p1id":"katsu6624","p2id":"rainydayshere","formatid":"gen9ou","rating":1063,"private":0,"password":""}