{"id":"gen9ou-1991634752","p1":"GabiruDelicia","p2":"xiselo157","format":"[Gen 9] OU","log":"|j|\u2606GabiruDelicia\n|j|\u2606xiselo157\n|t:|1700096688\n|gametype|singles\n|player|p1|GabiruDelicia|101|\n|player|p2|xiselo157|parasollady|\n|teamsize|p1|6\n|teamsize|p2|6\n|gen|9\n|tier|[Gen 9] OU\n|rule|Sleep Clause Mod: Limit one foe put to sleep\n|rule|Species Clause: Limit one of each Pok\u00e9mon\n|rule|OHKO Clause: OHKO moves are banned\n|rule|Evasion Items Clause: Evasion items are banned\n|rule|Evasion Moves Clause: Evasion moves are banned\n|rule|Endless Battle Clause: Forcing endless battles is banned\n|rule|HP Percentage Mod: HP is shown in percentages\n|clearpoke\n|poke|p1|Zamazenta-*|\n|poke|p1|Ogerpon-Wellspring, F|\n|poke|p1|Iron Moth|\n|poke|p1|Ribombee, M|\n|poke|p1|Slowking-Galar, M|\n|poke|p1|Gholdengo|\n|poke|p2|Ribombee, F|\n|poke|p2|Empoleon, F|\n|poke|p2|Gholdengo|\n|poke|p2|Great Tusk|\n|poke|p2|Greninja-*, M|\n|poke|p2|Iron Moth|\n|teampreview\n|inactive|Battle timer is ON: inactive players will automatically lose when time's up. (requested by GabiruDelicia)\n|c|\u2606xiselo157|biru, sabia q eu sou mlr q vc,\n|\n|t:|1700096711\n|start\n|switch|p1a: Iron Moth|Iron Moth|100\/100\n|switch|p2a: Ribombee|Ribombee, F|100\/100\n|-enditem|p1a: Iron Moth|Booster Energy\n|-activate|p1a: Iron Moth|ability: Quark Drive|[fromitem]\n|-start|p1a: Iron Moth|quarkdrivespe\n|turn|1\n|\n|t:|1700096720\n|move|p1a: Iron Moth|Substitute|p1a: Iron Moth\n|-start|p1a: Iron Moth|Substitute\n|-damage|p1a: Iron Moth|75\/100\n|move|p2a: Ribombee|Stun Spore||[still]\n|-fail|p2a: Ribombee\n|\n|upkeep\n|turn|2\n|\n|t:|1700096726\n|move|p1a: Iron Moth|Fiery Dance|p2a: Ribombee\n|-supereffective|p2a: Ribombee\n|-enditem|p2a: Ribombee|Focus Sash\n|-damage|p2a: Ribombee|1\/100\n|-boost|p1a: Iron Moth|spa|1\n|move|p2a: Ribombee|Psychic|p1a: Iron Moth\n|-supereffective|p1a: Iron Moth\n|-end|p1a: Iron Moth|Substitute\n|\n|upkeep\n|turn|3\n|\n|t:|1700096734\n|move|p1a: Iron Moth|Fiery Dance|p2a: Ribombee\n|-supereffective|p2a: Ribombee\n|-damage|p2a: Ribombee|0 fnt\n|-boost|p1a: Iron Moth|spa|1\n|faint|p2a: Ribombee\n|\n|upkeep\n|\n|t:|1700096745\n|switch|p2a: Empoleon|Empoleon, F|100\/100\n|turn|4\n|\n|t:|1700096748\n|-end|p1a: Iron Moth|Quark Drive|[silent]\n|switch|p1a: Ogerpon|Ogerpon-Wellspring, F|100\/100\n|move|p2a: Empoleon|Flip Turn|p1a: Ogerpon\n|-immune|p1a: Ogerpon|[from] ability: Water Absorb\n|\n|upkeep\n|turn|5\n|\n|t:|1700096756\n|move|p1a: Ogerpon|Swords Dance|p1a: Ogerpon\n|-boost|p1a: Ogerpon|atk|2\n|move|p2a: Empoleon|Stealth Rock|p1a: Ogerpon\n|-sidestart|p1: GabiruDelicia|move: Stealth Rock\n|\n|upkeep\n|turn|6\n|\n|t:|1700096761\n|move|p1a: Ogerpon|Knock Off|p2a: Empoleon\n|-damage|p2a: Empoleon|16\/100\n|-enditem|p2a: Empoleon|Leftovers|[from] move: Knock Off|[of] p1a: Ogerpon\n|move|p2a: Empoleon|Roar|p1a: Ogerpon\n|drag|p1a: Iron Moth|Iron Moth|75\/100\n|-damage|p1a: Iron Moth|50\/100|[from] Stealth Rock\n|\n|upkeep\n|turn|7\n|\n|t:|1700096768\n|-end|p1a: Iron Moth|Quark Drive|[silent]\n|switch|p1a: Ogerpon|Ogerpon-Wellspring, F|100\/100\n|-damage|p1a: Ogerpon|88\/100|[from] Stealth Rock\n|move|p2a: Empoleon|Ice Beam|p1a: Ogerpon\n|-damage|p1a: Ogerpon|62\/100\n|\n|upkeep\n|turn|8\n|\n|t:|1700096772\n|move|p1a: Ogerpon|Horn Leech|p2a: Empoleon\n|-damage|p2a: Empoleon|0 fnt\n|-heal|p1a: Ogerpon|72\/100|[from] drain|[of] p2a: Empoleon\n|faint|p2a: Empoleon\n|\n|upkeep\n|\n|t:|1700096777\n|switch|p2a: Iron Moth|Iron Moth|100\/100\n|-enditem|p2a: Iron Moth|Booster Energy\n|-activate|p2a: Iron Moth|ability: Quark Drive|[fromitem]\n|-start|p2a: Iron Moth|quarkdrivespe\n|turn|9\n|\n|t:|1700096787\n|-terastallize|p2a: Iron Moth|Grass\n|-terastallize|p1a: Ogerpon|Water\n|detailschange|p1a: Ogerpon|Ogerpon-Wellspring-Tera, F, tera:Water\n|-ability|p1a: Ogerpon|Embody Aspect (Wellspring)|boost\n|-boost|p1a: Ogerpon|spd|1\n|move|p2a: Iron Moth|Substitute|p2a: Iron Moth\n|-start|p2a: Iron Moth|Substitute\n|-damage|p2a: Iron Moth|76\/100\n|move|p1a: Ogerpon|Ivy Cudgel|p2a: Iron Moth|[anim] Ivy Cudgel Water\n|-resisted|p2a: Iron Moth\n|-end|p2a: Iron Moth|Substitute\n|\n|upkeep\n|turn|10\n|\n|t:|1700096798\n|switch|p1a: Slowking|Slowking-Galar, M|100\/100\n|move|p2a: Iron Moth|Energy Ball|p1a: Slowking\n|-resisted|p1a: Slowking\n|-damage|p1a: Slowking|83\/100\n|\n|upkeep\n|turn|11\n|\n|t:|1700096803\n|move|p2a: Iron Moth|Fiery Dance|p1a: Slowking\n|-damage|p1a: Slowking|48\/100\n|move|p1a: Slowking|Sludge Bomb|p2a: Iron Moth\n|-supereffective|p2a: Iron Moth\n|-damage|p2a: Iron Moth|0 fnt\n|faint|p2a: Iron Moth\n|-end|p2a: Iron Moth|Quark Drive|[silent]\n|\n|upkeep\n|\n|t:|1700096810\n|switch|p2a: Great Tusk|Great Tusk|100\/100\n|turn|12\n|\n|t:|1700096816\n|switch|p1a: Gholdengo|Gholdengo|100\/100\n|-damage|p1a: Gholdengo|94\/100|[from] Stealth Rock\n|-item|p1a: Gholdengo|Air Balloon\n|move|p2a: Great Tusk|Bulk Up|p2a: Great Tusk\n|-boost|p2a: Great Tusk|atk|1\n|-boost|p2a: Great Tusk|def|1\n|\n|upkeep\n|turn|13\n|\n|t:|1700096821\n|move|p2a: Great Tusk|Headlong Rush|p1a: Gholdengo\n|-immune|p1a: Gholdengo\n|move|p1a: Gholdengo|Make It Rain|p2a: Great Tusk\n|-damage|p2a: Great Tusk|5\/100\n|-unboost|p1a: Gholdengo|spa|1\n|\n|upkeep\n|turn|14\n|c|\u2606GabiruDelicia|Eu rir\n|c|\u2606xiselo157|eu n vi o ballon\n|c|\u2606xiselo157|KAKAKAKAKA\n|c|\u2606xiselo157|n biru, da fled\n|\n|t:|1700096839\n|move|p2a: Great Tusk|Ice Spinner|p1a: Gholdengo\n|-resisted|p1a: Gholdengo\n|-damage|p1a: Gholdengo|75\/100\n|-enditem|p1a: Gholdengo|Air Balloon\n|move|p1a: Gholdengo|Shadow Ball|p2a: Great Tusk\n|-damage|p2a: Great Tusk|0 fnt\n|faint|p2a: Great Tusk\n|-end|p2a: Great Tusk|Protosynthesis|[silent]\n|\n|upkeep\n|\n|t:|1700096841\n|switch|p2a: Gholdengo|Gholdengo|100\/100\n|-item|p2a: Gholdengo|Air Balloon\n|turn|15\n|c|\u2606GabiruDelicia|Dou nubk\n|c|\u2606GabiruDelicia|Sou lindo dms pra isso\n|c|\u2606xiselo157|feio\n|c|\u2606xiselo157|\ud83d\ude14\n|\n|t:|1700096865\n|move|p2a: Gholdengo|Shadow Ball|p1a: Gholdengo\n|-supereffective|p1a: Gholdengo\n|-crit|p1a: Gholdengo\n|-damage|p1a: Gholdengo|0 fnt\n|faint|p1a: Gholdengo\n|\n|upkeep\n|c|\u2606xiselo157|vou mandar print pv \ud83d\ude45\u200d\u2642\ufe0f\n|\n|t:|1700096880\n|switch|p1a: Ribombee|Ribombee, M|100\/100\n|-damage|p1a: Ribombee|76\/100|[from] Stealth Rock\n|turn|16\n|c|\u2606xiselo157|ngm vera essa humilhacao\n|\n|t:|1700096887\n|move|p1a: Ribombee|Sticky Web|p2a: Gholdengo\n|-sidestart|p2: xiselo157|move: Sticky Web\n|move|p2a: Gholdengo|Make It Rain|p1a: Ribombee\n|-supereffective|p1a: Ribombee\n|-damage|p1a: Ribombee|0 fnt\n|-unboost|p2a: Gholdengo|spa|1\n|faint|p1a: Ribombee\n|\n|upkeep\n|\n|t:|1700096890\n|switch|p1a: Iron Moth|Iron Moth|50\/100\n|-damage|p1a: Iron Moth|25\/100|[from] Stealth Rock\n|turn|17\n|\n|t:|1700096896\n|move|p1a: Iron Moth|Fiery Dance|p2a: Gholdengo\n|-supereffective|p2a: Gholdengo\n|-damage|p2a: Gholdengo|13\/100\n|-boost|p1a: Iron Moth|spa|1\n|-enditem|p2a: Gholdengo|Air Balloon\n|move|p2a: Gholdengo|Psyshock|p1a: Iron Moth\n|-supereffective|p1a: Iron Moth\n|-damage|p1a: Iron Moth|0 fnt\n|faint|p1a: Iron Moth\n|-end|p1a: Iron Moth|Quark Drive|[silent]\n|\n|upkeep\n|\n|t:|1700096900\n|switch|p1a: Ogerpon|Ogerpon-Wellspring-Tera, F, tera:Water|72\/100\n|-damage|p1a: Ogerpon|59\/100|[from] Stealth Rock\n|-ability|p1a: Ogerpon|Embody Aspect (Wellspring)|boost\n|-boost|p1a: Ogerpon|spd|1\n|turn|18\n|\n|t:|1700096905\n|move|p1a: Ogerpon|Horn Leech|p2a: Gholdengo\n|-resisted|p2a: Gholdengo\n|-damage|p2a: Gholdengo|0 fnt\n|-heal|p1a: Ogerpon|66\/100|[from] drain|[of] p2a: Gholdengo\n|faint|p2a: Gholdengo\n|\n|upkeep\n|\n|t:|1700096907\n|switch|p2a: Greninja|Greninja, M|100\/100\n|-activate|p2a: Greninja|move: Sticky Web\n|-unboost|p2a: Greninja|spe|1\n|turn|19\n|\n|t:|1700096911\n|move|p1a: Ogerpon|Horn Leech|p2a: Greninja\n|-supereffective|p2a: Greninja\n|-damage|p2a: Greninja|0 fnt\n|-heal|p1a: Ogerpon|100\/100|[from] drain|[of] p2a: Greninja\n|faint|p2a: Greninja\n|\n|win|GabiruDelicia\n","uploadtime":1700096916,"views":8,"p1id":"gabirudelicia","p2id":"xiselo157","formatid":"gen9ou","rating":0,"private":0,"password":""}