{"id":"gen9ou-1993921209","p1":"KingCah","p2":"Ruinous Tusk","format":"[Gen 9] OU","log":"|j|\u2606KingCah\n|j|\u2606Ruinous Tusk\n|t:|1700375769\n|gametype|singles\n|player|p1|KingCah|dancer|1502\n|player|p2|Ruinous Tusk|hilbert|1411\n|teamsize|p1|6\n|teamsize|p2|6\n|gen|9\n|tier|[Gen 9] OU\n|rated|\n|rule|Sleep Clause Mod: Limit one foe put to sleep\n|rule|Species Clause: Limit one of each Pok\u00e9mon\n|rule|OHKO Clause: OHKO moves are banned\n|rule|Evasion Items Clause: Evasion items are banned\n|rule|Evasion Moves Clause: Evasion moves are banned\n|rule|Endless Battle Clause: Forcing endless battles is banned\n|rule|HP Percentage Mod: HP is shown in percentages\n|clearpoke\n|poke|p1|Moltres-Galar|\n|poke|p1|Corviknight, M|\n|poke|p1|Walking Wake|\n|poke|p1|Skeledirge, M|\n|poke|p1|Clodsire, F|\n|poke|p1|Meowscarada, M|\n|poke|p2|Pelipper, M|\n|poke|p2|Landorus-Therian, M|\n|poke|p2|Basculegion, M|\n|poke|p2|Samurott-Hisui, M|\n|poke|p2|Zapdos|\n|poke|p2|Kingambit, M|\n|teampreview\n|inactive|Battle timer is ON: inactive players will automatically lose when time's up. (requested by Ruinous Tusk)\n|\n|t:|1700375786\n|start\n|switch|p1a: Suivern|Walking Wake|100\/100\n|switch|p2a: Pelipper|Pelipper, M|100\/100\n|-weather|RainDance|[from] ability: Drizzle|[of] p2a: Pelipper\n|-enditem|p1a: Suivern|Booster Energy\n|-activate|p1a: Suivern|ability: Protosynthesis|[fromitem]\n|-start|p1a: Suivern|protosynthesisspa\n|turn|1\n|\n|t:|1700375792\n|move|p1a: Suivern|Dragon Pulse|p2a: Pelipper\n|-damage|p2a: Pelipper|12\/100\n|move|p2a: Pelipper|U-turn|p1a: Suivern\n|-damage|p1a: Suivern|91\/100\n|\n|t:|1700375818\n|switch|p2a: Landorus|Landorus-Therian, M|100\/100|[from] U-turn\n|-ability|p2a: Landorus|Intimidate|boost\n|-unboost|p1a: Suivern|atk|1\n|\n|-weather|RainDance|[upkeep]\n|upkeep\n|turn|2\n|\n|t:|1700375825\n|-terastallize|p2a: Landorus|Water\n|move|p1a: Suivern|Hydro Steam|p2a: Landorus\n|-resisted|p2a: Landorus\n|-damage|p2a: Landorus|47\/100\n|move|p2a: Landorus|Sandsear Storm|p1a: Suivern\n|-damage|p1a: Suivern|11\/100\n|\n|-weather|RainDance|[upkeep]\n|upkeep\n|turn|3\n|\n|t:|1700375838\n|move|p1a: Suivern|Hydro Steam|p2a: Landorus\n|-resisted|p2a: Landorus\n|-damage|p2a: Landorus|0 fnt\n|faint|p2a: Landorus\n|\n|-weather|RainDance|[upkeep]\n|upkeep\n|\n|t:|1700375844\n|switch|p2a: Basculegion|Basculegion, M|100\/100\n|turn|4\n|\n|t:|1700375846\n|-end|p1a: Suivern|Protosynthesis|[silent]\n|switch|p1a: Quagmire|Clodsire, F, shiny|100\/100\n|move|p2a: Basculegion|Psychic Fangs|p1a: Quagmire\n|-supereffective|p1a: Quagmire\n|-damage|p1a: Quagmire|10\/100\n|\n|-weather|RainDance|[upkeep]\n|-heal|p1a: Quagmire|16\/100|[from] item: Leftovers\n|upkeep\n|turn|5\n|\n|t:|1700375854\n|switch|p2a: Zapdos|Zapdos|100\/100\n|switch|p1a: Blackfire|Moltres-Galar|100\/100\n|\n|-weather|RainDance|[upkeep]\n|upkeep\n|turn|6\n|\n|t:|1700375862\n|move|p2a: Zapdos|Thunder|p1a: Blackfire\n|-supereffective|p1a: Blackfire\n|-damage|p1a: Blackfire|6\/100\n|-status|p1a: Blackfire|par\n|-ability|p1a: Blackfire|Berserk|boost\n|-boost|p1a: Blackfire|spa|1\n|-enditem|p1a: Blackfire|Sitrus Berry|[eat]\n|-heal|p1a: Blackfire|30\/100 par|[from] item: Sitrus Berry\n|move|p1a: Blackfire|Agility|p1a: Blackfire\n|-boost|p1a: Blackfire|spe|2\n|\n|-weather|RainDance|[upkeep]\n|upkeep\n|turn|7\n|\n|t:|1700375872\n|move|p2a: Zapdos|Hurricane|p1a: Blackfire\n|-damage|p1a: Blackfire|0 fnt\n|faint|p1a: Blackfire\n|\n|-weather|RainDance|[upkeep]\n|upkeep\n|\n|t:|1700375878\n|switch|p1a: Solo|Skeledirge, M, shiny|100\/100\n|turn|8\n|\n|t:|1700375883\n|switch|p2a: Samurott|Samurott-Hisui, M|100\/100\n|move|p1a: Solo|Will-O-Wisp|p2a: Samurott\n|-status|p2a: Samurott|brn\n|\n|-weather|none\n|-damage|p2a: Samurott|94\/100 brn|[from] brn\n|upkeep\n|turn|9\n|\n|t:|1700375887\n|switch|p1a: Camelot|Corviknight, M, shiny|100\/100\n|-ability|p1a: Camelot|Pressure\n|move|p2a: Samurott|Ceaseless Edge|p1a: Camelot\n|-damage|p1a: Camelot|86\/100\n|-damage|p2a: Samurott|78\/100 brn|[from] item: Rocky Helmet|[of] p1a: Camelot\n|-sidestart|p1: KingCah|Spikes\n|\n|-damage|p2a: Samurott|72\/100 brn|[from] brn\n|upkeep\n|turn|10\n|\n|t:|1700375891\n|move|p2a: Samurott|Knock Off|p1a: Camelot\n|-damage|p1a: Camelot|72\/100\n|-damage|p2a: Samurott|55\/100 brn|[from] item: Rocky Helmet|[of] p1a: Camelot\n|-enditem|p1a: Camelot|Rocky Helmet|[from] move: Knock Off|[of] p2a: Samurott\n|move|p1a: Camelot|Defog|p2a: Samurott\n|-unboost|p2a: Samurott|evasion|1\n|-sideend|p1: KingCah|Spikes|[from] move: Defog|[of] p1a: Camelot\n|\n|-damage|p2a: Samurott|49\/100 brn|[from] brn\n|upkeep\n|turn|11\n|\n|t:|1700375895\n|move|p2a: Samurott|Razor Shell|p1a: Camelot\n|-damage|p1a: Camelot|58\/100\n|move|p1a: Camelot|Body Press|p2a: Samurott\n|-supereffective|p2a: Samurott\n|-crit|p2a: Samurott\n|-damage|p2a: Samurott|0 fnt\n|faint|p2a: Samurott\n|\n|upkeep\n|\n|t:|1700375898\n|switch|p2a: Pelipper|Pelipper, M|12\/100\n|-weather|RainDance|[from] ability: Drizzle|[of] p2a: Pelipper\n|turn|12\n|\n|t:|1700375907\n|move|p1a: Camelot|Roost|p1a: Camelot\n|-heal|p1a: Camelot|100\/100\n|-singleturn|p1a: Camelot|move: Roost\n|move|p2a: Pelipper|Roost|p2a: Pelipper\n|-heal|p2a: Pelipper|62\/100\n|-singleturn|p2a: Pelipper|move: Roost\n|\n|-weather|RainDance|[upkeep]\n|upkeep\n|turn|13\n|\n|t:|1700375912\n|move|p1a: Camelot|Brave Bird|p2a: Pelipper\n|-damage|p2a: Pelipper|33\/100\n|-damage|p1a: Camelot|93\/100|[from] Recoil\n|move|p2a: Pelipper|U-turn|p1a: Camelot\n|-resisted|p1a: Camelot\n|-damage|p1a: Camelot|91\/100\n|\n|t:|1700375916\n|switch|p2a: Zapdos|Zapdos|100\/100|[from] U-turn\n|\n|-weather|RainDance|[upkeep]\n|upkeep\n|turn|14\n|\n|t:|1700375921\n|switch|p1a: Quagmire|Clodsire, F, shiny|16\/100\n|move|p2a: Zapdos|Thunder|p1a: Quagmire\n|-immune|p1a: Quagmire\n|\n|-weather|RainDance|[upkeep]\n|-heal|p1a: Quagmire|22\/100|[from] item: Leftovers\n|upkeep\n|turn|15\n|\n|t:|1700375928\n|move|p2a: Zapdos|Hurricane|p1a: Quagmire\n|-damage|p1a: Quagmire|0 fnt\n|faint|p1a: Quagmire\n|\n|-weather|RainDance|[upkeep]\n|upkeep\n|\n|t:|1700375930\n|switch|p1a: Suivern|Walking Wake|11\/100\n|turn|16\n|\n|t:|1700375937\n|switch|p2a: Basculegion|Basculegion, M|100\/100\n|move|p1a: Suivern|Hydro Steam|p2a: Basculegion\n|-resisted|p2a: Basculegion\n|-damage|p2a: Basculegion|61\/100\n|\n|-weather|RainDance|[upkeep]\n|upkeep\n|turn|17\n|\n|t:|1700375952\n|-end|p1a: Suivern|Protosynthesis|[silent]\n|switch|p1a: Camelot|Corviknight, M, shiny|91\/100\n|-ability|p1a: Camelot|Pressure\n|move|p2a: Basculegion|Wave Crash|p1a: Camelot\n|-damage|p1a: Camelot|3\/100\n|-damage|p2a: Basculegion|30\/100|[from] Recoil\n|\n|-weather|RainDance|[upkeep]\n|upkeep\n|turn|18\n|\n|t:|1700375955\n|move|p2a: Basculegion|Wave Crash|p1a: Camelot\n|-damage|p1a: Camelot|0 fnt\n|faint|p1a: Camelot\n|-damage|p2a: Basculegion|30\/100|[from] Recoil\n|\n|-weather|RainDance|[upkeep]\n|upkeep\n|\n|t:|1700375957\n|switch|p1a: Presto|Meowscarada, M|100\/100\n|turn|19\n|\n|t:|1700375961\n|switch|p2a: Kingambit|Kingambit, M|100\/100\n|-activate|p2a: Kingambit|ability: Supreme Overlord\n|-start|p2a: Kingambit|fallen2|[silent]\n|move|p1a: Presto|U-turn|p2a: Kingambit\n|-start|p1a: Presto|typechange|Bug|[from] ability: Protean\n|-damage|p2a: Kingambit|71\/100\n|\n|t:|1700375965\n|switch|p1a: Solo|Skeledirge, M, shiny|100\/100|[from] U-turn\n|\n|-weather|none\n|upkeep\n|turn|20\n|\n|t:|1700375970\n|-end|p2a: Kingambit|fallen2|[silent]\n|switch|p2a: Pelipper|Pelipper, M|33\/100\n|-weather|RainDance|[from] ability: Drizzle|[of] p2a: Pelipper\n|switch|p1a: Presto|Meowscarada, M|100\/100\n|\n|-weather|RainDance|[upkeep]\n|upkeep\n|turn|21\n|\n|t:|1700375977\n|move|p1a: Presto|Flower Trick|p2a: Pelipper\n|-start|p1a: Presto|typechange|Grass|[from] ability: Protean\n|-crit|p2a: Pelipper\n|-damage|p2a: Pelipper|0 fnt\n|faint|p2a: Pelipper\n|\n|-weather|RainDance|[upkeep]\n|upkeep\n|\n|t:|1700375984\n|switch|p2a: Zapdos|Zapdos|100\/100\n|turn|22\n|\n|t:|1700375986\n|switch|p1a: Solo|Skeledirge, M, shiny|100\/100\n|move|p2a: Zapdos|Hurricane|p1a: Solo\n|-damage|p1a: Solo|61\/100\n|\n|-weather|RainDance|[upkeep]\n|upkeep\n|turn|23\n|\n|t:|1700375989\n|move|p2a: Zapdos|Weather Ball|p1a: Solo\n|-supereffective|p1a: Solo\n|-damage|p1a: Solo|0 fnt\n|faint|p1a: Solo\n|\n|-weather|RainDance|[upkeep]\n|upkeep\n|\n|t:|1700375992\n|switch|p1a: Suivern|Walking Wake|11\/100\n|turn|24\n|\n|t:|1700376008\n|switch|p2a: Kingambit|Kingambit, M|71\/100\n|-activate|p2a: Kingambit|ability: Supreme Overlord\n|-start|p2a: Kingambit|fallen3|[silent]\n|move|p1a: Suivern|Hydro Steam|p2a: Kingambit\n|-damage|p2a: Kingambit|0 fnt\n|faint|p2a: Kingambit\n|-end|p2a: Kingambit|fallen3|[silent]\n|\n|-weather|RainDance|[upkeep]\n|upkeep\n|\n|t:|1700376010\n|switch|p2a: Basculegion|Basculegion, M|30\/100\n|turn|25\n|\n|t:|1700376018\n|-end|p1a: Suivern|Protosynthesis|[silent]\n|switch|p1a: Presto|Meowscarada, M|100\/100\n|move|p2a: Basculegion|Wave Crash|p1a: Presto\n|-resisted|p1a: Presto\n|-damage|p1a: Presto|0 fnt\n|faint|p1a: Presto\n|-damage|p2a: Basculegion|4\/100|[from] Recoil\n|\n|-weather|RainDance|[upkeep]\n|upkeep\n|-message|KingCah forfeited.\n|\n|win|Ruinous Tusk\n|raw|KingCah's rating: 1502 &rarr; <strong>1477<\/strong><br \/>(-25 for losing)\n|raw|Ruinous Tusk's rating: 1411 &rarr; <strong>1436<\/strong><br \/>(+25 for winning)\n|l|\u2606KingCah\n","uploadtime":1700376025,"views":16,"p1id":"kingcah","p2id":"ruinoustusk","formatid":"gen9ou","rating":1436,"private":0,"password":""}