{"id":"gen9ou-1989858099","p1":"feltrix","p2":"SAURHEAD and PAIN","format":"[Gen 9] OU","log":"|j|\u2606feltrix\n|j|\u2606SAURHEAD and PAIN\n|t:|1699901592\n|gametype|singles\n|player|p1|feltrix|102|1460\n|player|p2|SAURHEAD and PAIN|byron|1439\n|teamsize|p1|6\n|teamsize|p2|6\n|gen|9\n|tier|[Gen 9] OU\n|rated|\n|rule|Sleep Clause Mod: Limit one foe put to sleep\n|rule|Species Clause: Limit one of each Pok\u00e9mon\n|rule|OHKO Clause: OHKO moves are banned\n|rule|Evasion Items Clause: Evasion items are banned\n|rule|Evasion Moves Clause: Evasion moves are banned\n|rule|Endless Battle Clause: Forcing endless battles is banned\n|rule|HP Percentage Mod: HP is shown in percentages\n|clearpoke\n|poke|p1|Ceruledge, F|\n|poke|p1|Greninja-*, M|\n|poke|p1|Glimmora, M|\n|poke|p1|Kingambit, F|\n|poke|p1|Ninetales-Alola, M|\n|poke|p1|Ribombee, F|\n|poke|p2|Avalugg, M|\n|poke|p2|Toxapex, F|\n|poke|p2|Landorus-Therian, M|\n|poke|p2|Samurott-Hisui, M|\n|poke|p2|Gholdengo|\n|poke|p2|Iron Valiant|\n|teampreview\n|inactive|Battle timer is ON: inactive players will automatically lose when time's up. (requested by SAURHEAD and PAIN)\n|\n|t:|1699901607\n|start\n|switch|p1a: Glimmora|Glimmora, M|100\/100\n|switch|p2a: Samurott|Samurott-Hisui, M|100\/100\n|turn|1\n|\n|t:|1699901612\n|move|p2a: Samurott|Aqua Cutter|p1a: Glimmora\n|-supereffective|p1a: Glimmora\n|-enditem|p1a: Glimmora|Focus Sash\n|-damage|p1a: Glimmora|1\/100\n|-activate|p1a: Glimmora|ability: Toxic Debris\n|-sidestart|p2: SAURHEAD and PAIN|move: Toxic Spikes\n|move|p1a: Glimmora|Energy Ball|p2a: Samurott\n|-supereffective|p2a: Samurott\n|-damage|p2a: Samurott|0 fnt\n|faint|p2a: Samurott\n|\n|upkeep\n|\n|t:|1699901630\n|switch|p2a: Iron Valiant|Iron Valiant|100\/100\n|-status|p2a: Iron Valiant|psn\n|turn|2\n|\n|t:|1699901646\n|switch|p1a: Ninetales|Ninetales-Alola, M|100\/100\n|-weather|Snow|[from] ability: Snow Warning|[of] p1a: Ninetales\n|move|p2a: Iron Valiant|Moonblast|p1a: Ninetales\n|-damage|p1a: Ninetales|28\/100\n|\n|-weather|Snow|[upkeep]\n|-damage|p2a: Iron Valiant|88\/100 psn|[from] psn\n|upkeep\n|turn|3\n|\n|t:|1699901656\n|move|p2a: Iron Valiant|Moonblast|p1a: Ninetales\n|-crit|p1a: Ninetales\n|-damage|p1a: Ninetales|0 fnt\n|faint|p1a: Ninetales\n|\n|-weather|Snow|[upkeep]\n|-damage|p2a: Iron Valiant|76\/100 psn|[from] psn\n|upkeep\n|\n|t:|1699901662\n|switch|p1a: Ribombee|Ribombee, F|100\/100\n|turn|4\n|\n|t:|1699901665\n|-end|p2a: Iron Valiant|Quark Drive|[silent]\n|switch|p2a: Toxapex|Toxapex, F|100\/100\n|-sideend|p2: SAURHEAD and PAIN|move: Toxic Spikes|[of] p2a: Toxapex\n|move|p1a: Ribombee|Sticky Web|p2a: Toxapex\n|-sidestart|p2: SAURHEAD and PAIN|move: Sticky Web\n|\n|-weather|Snow|[upkeep]\n|upkeep\n|turn|5\n|\n|t:|1699901672\n|move|p1a: Ribombee|Psychic|p2a: Toxapex\n|-supereffective|p2a: Toxapex\n|-damage|p2a: Toxapex|73\/100\n|move|p2a: Toxapex|Infestation|p1a: Ribombee\n|-resisted|p1a: Ribombee\n|-damage|p1a: Ribombee|97\/100\n|-activate|p1a: Ribombee|move: Infestation|[of] p2a: Toxapex\n|\n|-weather|Snow|[upkeep]\n|-damage|p1a: Ribombee|85\/100|[from] move: Infestation|[partiallytrapped]\n|upkeep\n|turn|6\n|\n|t:|1699901680\n|move|p1a: Ribombee|Stun Spore|p2a: Toxapex\n|-status|p2a: Toxapex|par\n|cant|p2a: Toxapex|par\n|\n|-weather|none\n|-damage|p1a: Ribombee|73\/100|[from] move: Infestation|[partiallytrapped]\n|upkeep\n|turn|7\n|\n|t:|1699901686\n|move|p1a: Ribombee|Psychic|p2a: Toxapex\n|-supereffective|p2a: Toxapex\n|-damage|p2a: Toxapex|46\/100 par\n|move|p2a: Toxapex|Acid Spray|p1a: Ribombee\n|-supereffective|p1a: Ribombee\n|-damage|p1a: Ribombee|29\/100\n|\n|-damage|p1a: Ribombee|17\/100|[from] move: Infestation|[partiallytrapped]\n|upkeep\n|turn|8\n|\n|t:|1699901694\n|move|p1a: Ribombee|Psychic|p2a: Toxapex\n|-supereffective|p2a: Toxapex\n|-crit|p2a: Toxapex\n|-damage|p2a: Toxapex|2\/100 par\n|move|p2a: Toxapex|Acid Spray|p1a: Ribombee\n|-supereffective|p1a: Ribombee\n|-damage|p1a: Ribombee|0 fnt\n|faint|p1a: Ribombee\n|\n|upkeep\n|\n|t:|1699901697\n|switch|p1a: Glimmora|Glimmora, M|1\/100\n|turn|9\n|\n|t:|1699901709\n|move|p1a: Glimmora|Stealth Rock|p2a: Toxapex\n|-sidestart|p2: SAURHEAD and PAIN|move: Stealth Rock\n|move|p2a: Toxapex|Infestation|p1a: Glimmora\n|-resisted|p1a: Glimmora\n|-damage|p1a: Glimmora|0 fnt\n|faint|p1a: Glimmora\n|\n|upkeep\n|\n|t:|1699901714\n|switch|p1a: Greninja|Greninja, M|100\/100\n|turn|10\n|\n|t:|1699901723\n|switch|p2a: Landorus|Landorus-Therian, M|100\/100\n|-damage|p2a: Landorus|88\/100|[from] Stealth Rock\n|-ability|p2a: Landorus|Intimidate|boost\n|-unboost|p1a: Greninja|atk|1\n|move|p1a: Greninja|Water Shuriken|p2a: Landorus\n|-supereffective|p2a: Landorus\n|-damage|p2a: Landorus|75\/100\n|-supereffective|p2a: Landorus\n|-damage|p2a: Landorus|63\/100\n|-supereffective|p2a: Landorus\n|-damage|p2a: Landorus|50\/100\n|-hitcount|p2a: Landorus|3\n|-damage|p1a: Greninja|91\/100|[from] item: Life Orb\n|\n|-heal|p2a: Landorus|56\/100|[from] item: Leftovers\n|upkeep\n|turn|11\n|inactive|SAURHEAD and PAIN has 120 seconds left.\n|\n|t:|1699901757\n|-terastallize|p1a: Greninja|Water\n|move|p1a: Greninja|Surf|p2a: Landorus\n|-supereffective|p2a: Landorus\n|-damage|p2a: Landorus|0 fnt\n|faint|p2a: Landorus\n|-ability|p1a: Greninja|Battle Bond|boost\n|-boost|p1a: Greninja|atk|1\n|-boost|p1a: Greninja|spa|1\n|-boost|p1a: Greninja|spe|1\n|-activate|p1a: Greninja|ability: Battle Bond\n|-damage|p1a: Greninja|81\/100|[from] item: Life Orb\n|\n|upkeep\n|inactive|SAURHEAD and PAIN has 120 seconds left.\n|\n|t:|1699901776\n|switch|p2a: Toxapex|Toxapex, F|35\/100 par\n|-activate|p2a: Toxapex|move: Sticky Web\n|-unboost|p2a: Toxapex|spe|1\n|-damage|p2a: Toxapex|23\/100 par|[from] Stealth Rock\n|turn|12\n|\n|t:|1699901781\n|switch|p2a: Gholdengo|Gholdengo|100\/100\n|-damage|p2a: Gholdengo|94\/100|[from] Stealth Rock\n|-item|p2a: Gholdengo|Air Balloon\n|move|p1a: Greninja|Dark Pulse|p2a: Gholdengo\n|-supereffective|p2a: Gholdengo\n|-damage|p2a: Gholdengo|0 fnt\n|-enditem|p2a: Gholdengo|Air Balloon\n|faint|p2a: Gholdengo\n|-damage|p1a: Greninja|71\/100|[from] item: Life Orb\n|\n|upkeep\n|\n|t:|1699901795\n|switch|p2a: Toxapex|Toxapex, F|56\/100 par\n|-activate|p2a: Toxapex|move: Sticky Web\n|-unboost|p2a: Toxapex|spe|1\n|-damage|p2a: Toxapex|43\/100 par|[from] Stealth Rock\n|turn|13\n|\n|t:|1699901802\n|move|p1a: Greninja|Dark Pulse|p2a: Toxapex\n|-damage|p2a: Toxapex|2\/100 par\n|-damage|p1a: Greninja|61\/100|[from] item: Life Orb\n|move|p2a: Toxapex|Acid Spray|p1a: Greninja\n|-damage|p1a: Greninja|39\/100\n|-unboost|p1a: Greninja|spd|2\n|\n|upkeep\n|turn|14\n|inactive|SAURHEAD and PAIN has 120 seconds left.\n|\n|t:|1699901809\n|move|p1a: Greninja|Dark Pulse|p2a: Toxapex\n|-damage|p2a: Toxapex|0 fnt\n|faint|p2a: Toxapex\n|-damage|p1a: Greninja|29\/100|[from] item: Life Orb\n|\n|upkeep\n|inactive|SAURHEAD and PAIN has 120 seconds left.\n|\n|t:|1699901814\n|switch|p2a: Iron Valiant|Iron Valiant|76\/100 psn\n|-activate|p2a: Iron Valiant|move: Sticky Web\n|-unboost|p2a: Iron Valiant|spe|1\n|-damage|p2a: Iron Valiant|69\/100 psn|[from] Stealth Rock\n|turn|15\n|\n|t:|1699901823\n|move|p2a: Iron Valiant|Vacuum Wave|p1a: Greninja\n|-damage|p1a: Greninja|0 fnt\n|faint|p1a: Greninja\n|\n|-damage|p2a: Iron Valiant|57\/100 psn|[from] psn\n|upkeep\n|\n|t:|1699901827\n|switch|p1a: Ceruledge|Ceruledge, F|100\/100\n|turn|16\n|\n|t:|1699901830\n|-end|p2a: Iron Valiant|Quark Drive|[silent]\n|switch|p2a: Avalugg|Avalugg, M|100\/100\n|move|p1a: Ceruledge|Swords Dance|p1a: Ceruledge\n|-boost|p1a: Ceruledge|atk|2\n|\n|upkeep\n|turn|17\n|\n|t:|1699901836\n|-terastallize|p2a: Avalugg|Fighting\n|move|p1a: Ceruledge|Swords Dance|p1a: Ceruledge\n|-boost|p1a: Ceruledge|atk|2\n|move|p2a: Avalugg|Iron Defense|p2a: Avalugg\n|-boost|p2a: Avalugg|def|2\n|\n|upkeep\n|turn|18\n|\n|t:|1699901843\n|move|p1a: Ceruledge|Bitter Blade|p2a: Avalugg\n|-damage|p2a: Avalugg|72\/100\n|move|p2a: Avalugg|Iron Defense|p2a: Avalugg\n|-boost|p2a: Avalugg|def|2\n|\n|upkeep\n|turn|19\n|\n|t:|1699901848\n|move|p1a: Ceruledge|Bitter Blade|p2a: Avalugg\n|-damage|p2a: Avalugg|53\/100\n|move|p2a: Avalugg|Recover|p2a: Avalugg\n|-heal|p2a: Avalugg|100\/100\n|\n|upkeep\n|turn|20\n|\n|t:|1699901854\n|move|p1a: Ceruledge|Swords Dance|p1a: Ceruledge\n|-boost|p1a: Ceruledge|atk|2\n|move|p2a: Avalugg|Iron Defense|p2a: Avalugg\n|-boost|p2a: Avalugg|def|2\n|\n|upkeep\n|turn|21\n|\n|t:|1699901861\n|move|p1a: Ceruledge|Bitter Blade|p2a: Avalugg\n|-damage|p2a: Avalugg|83\/100\n|move|p2a: Avalugg|Crunch|p1a: Ceruledge\n|-supereffective|p1a: Ceruledge\n|-damage|p1a: Ceruledge|40\/100\n|-ability|p1a: Ceruledge|Weak Armor|boost\n|-unboost|p1a: Ceruledge|def|1\n|-boost|p1a: Ceruledge|spe|2\n|\n|upkeep\n|turn|22\n|\n|t:|1699901876\n|move|p1a: Ceruledge|Bitter Blade|p2a: Avalugg\n|-damage|p2a: Avalugg|65\/100\n|-heal|p1a: Ceruledge|52\/100|[from] drain|[of] p2a: Avalugg\n|move|p2a: Avalugg|Crunch|p1a: Ceruledge\n|-supereffective|p1a: Ceruledge\n|-crit|p1a: Ceruledge\n|-damage|p1a: Ceruledge|0 fnt\n|faint|p1a: Ceruledge\n|\n|upkeep\n|\n|t:|1699901877\n|switch|p1a: Kingambit|Kingambit, F|100\/100\n|-activate|p1a: Kingambit|ability: Supreme Overlord\n|-start|p1a: Kingambit|fallen5|[silent]\n|turn|23\n|\n|t:|1699901887\n|move|p1a: Kingambit|Iron Head|p2a: Avalugg\n|-damage|p2a: Avalugg|57\/100\n|cant|p2a: Avalugg|flinch\n|\n|upkeep\n|turn|24\n|\n|t:|1699901894\n|move|p1a: Kingambit|Iron Head|p2a: Avalugg\n|-crit|p2a: Avalugg\n|-damage|p2a: Avalugg|15\/100\n|cant|p2a: Avalugg|flinch\n|\n|upkeep\n|turn|25\n|n|!SAURHEAD and PAIN|saurheadandpain\n|\n|t:|1699901903\n|move|p1a: Kingambit|Iron Head|p2a: Avalugg\n|-damage|p2a: Avalugg|8\/100\n|move|p2a: Avalugg|Body Press|p1a: Kingambit\n|-supereffective|p1a: Kingambit\n|-damage|p1a: Kingambit|0 fnt\n|faint|p1a: Kingambit\n|-end|p1a: Kingambit|fallen5|[silent]\n|\n|win|SAURHEAD and PAIN\n|raw|feltrix's rating: 1460 &rarr; <strong>1439<\/strong><br \/>(-21 for losing)\n|raw|SAURHEAD and PAIN's rating: 1439 &rarr; <strong>1460<\/strong><br \/>(+21 for winning)\n","uploadtime":1699901903,"views":9,"p1id":"feltrix","p2id":"saurheadandpain","formatid":"gen9ou","rating":1439,"private":0,"password":""}