{"id":"gen9ou-1988288769","p1":"wyverbal","p2":"cramptemoi","format":"[Gen 9] OU","log":"|j|\u2606wyverbal\n|j|\u2606cramptemoi\n|t:|1699702357\n|gametype|singles\n|player|p1|wyverbal|2|1124\n|player|p2|cramptemoi|102|1154\n|teamsize|p1|6\n|teamsize|p2|6\n|gen|9\n|tier|[Gen 9] OU\n|rated|\n|rule|Sleep Clause Mod: Limit one foe put to sleep\n|rule|Species Clause: Limit one of each Pok\u00e9mon\n|rule|OHKO Clause: OHKO moves are banned\n|rule|Evasion Items Clause: Evasion items are banned\n|rule|Evasion Moves Clause: Evasion moves are banned\n|rule|Endless Battle Clause: Forcing endless battles is banned\n|rule|HP Percentage Mod: HP is shown in percentages\n|clearpoke\n|poke|p1|Crabominable, M|\n|poke|p1|Delphox, M|\n|poke|p1|Avalugg-Hisui, M|\n|poke|p1|Vaporeon, F|\n|poke|p1|Grimmsnarl, M|\n|poke|p1|Kommo-o, F|\n|poke|p2|Ceruledge, F|\n|poke|p2|Enamorus, F|\n|poke|p2|Samurott-Hisui, M|\n|poke|p2|Landorus-Therian, M|\n|poke|p2|Gholdengo|\n|poke|p2|Cinderace, F|\n|teampreview\n|inactive|Battle timer is ON: inactive players will automatically lose when time's up. (requested by wyverbal)\n|\n|t:|1699702370\n|start\n|switch|p1a: Crabominable|Crabominable, M, shiny|100\/100\n|switch|p2a: Ceruledge|Ceruledge, F|100\/100\n|turn|1\n|\n|t:|1699702379\n|move|p2a: Ceruledge|Swords Dance|p2a: Ceruledge\n|-boost|p2a: Ceruledge|atk|2\n|move|p1a: Crabominable|Knock Off|p2a: Ceruledge\n|-supereffective|p2a: Ceruledge\n|-enditem|p2a: Ceruledge|Focus Sash\n|-damage|p2a: Ceruledge|1\/100\n|-ability|p2a: Ceruledge|Weak Armor|boost\n|-unboost|p2a: Ceruledge|def|1\n|-boost|p2a: Ceruledge|spe|2\n|\n|upkeep\n|turn|2\n|\n|t:|1699702394\n|-terastallize|p1a: Crabominable|Water\n|move|p2a: Ceruledge|Bitter Blade|p1a: Crabominable\n|-resisted|p1a: Crabominable\n|-damage|p1a: Crabominable|46\/100\n|-heal|p2a: Ceruledge|35\/100|[from] drain|[of] p1a: Crabominable\n|move|p1a: Crabominable|Knock Off|p2a: Ceruledge\n|-supereffective|p2a: Ceruledge\n|-damage|p2a: Ceruledge|0 fnt\n|faint|p2a: Ceruledge\n|\n|upkeep\n|inactive|cramptemoi has 120 seconds left.\n|\n|t:|1699702430\n|switch|p2a: Gholdengo|Gholdengo|100\/100\n|turn|3\n|\n|t:|1699702451\n|switch|p1a: Kommo-o|Kommo-o, F, shiny|100\/100\n|move|p2a: Gholdengo|Psychic|p1a: Kommo-o\n|-supereffective|p1a: Kommo-o\n|-damage|p1a: Kommo-o|30\/100\n|\n|upkeep\n|turn|4\n|inactive|cramptemoi has 120 seconds left.\n|\n|t:|1699702461\n|switch|p1a: Grimmsnarl|Grimmsnarl, M, shiny|100\/100\n|move|p2a: Gholdengo|Psychic|p1a: Grimmsnarl\n|-immune|p1a: Grimmsnarl\n|\n|upkeep\n|turn|5\n|\n|t:|1699702470\n|-terastallize|p2a: Gholdengo|Steel\n|move|p1a: Grimmsnarl|Light Screen|p1a: Grimmsnarl\n|-sidestart|p1: wyverbal|move: Light Screen\n|move|p2a: Gholdengo|Thunder Wave|p1a: Grimmsnarl\n|-status|p1a: Grimmsnarl|par\n|\n|upkeep\n|turn|6\n|\n|t:|1699702484\n|switch|p2a: Samurott|Samurott-Hisui, M|100\/100\n|switch|p1a: Delphox|Delphox, M, shiny|100\/100\n|\n|upkeep\n|turn|7\n|\n|t:|1699702498\n|switch|p1a: Vaporeon|Vaporeon, F, shiny|100\/100\n|move|p2a: Samurott|Sacred Sword|p1a: Vaporeon\n|-damage|p1a: Vaporeon|69\/100\n|\n|upkeep\n|turn|8\n|\n|t:|1699702507\n|switch|p2a: Gholdengo|Gholdengo, tera:Steel|100\/100\n|move|p1a: Vaporeon|Wish|p1a: Vaporeon\n|\n|upkeep\n|turn|9\n|\n|t:|1699702513\n|move|p2a: Gholdengo|Thunder Wave|p1a: Vaporeon\n|-status|p1a: Vaporeon|par\n|move|p1a: Vaporeon|Flip Turn|p2a: Gholdengo\n|-damage|p2a: Gholdengo|88\/100\n|\n|t:|1699702524\n|switch|p1a: Crabominable|Crabominable, M, shiny, tera:Water|46\/100|[from] Flip Turn\n|\n|-heal|p1a: Crabominable|100\/100|[from] move: Wish|[wisher] Vaporeon\n|-heal|p2a: Gholdengo|94\/100|[from] item: Leftovers\n|upkeep\n|turn|10\n|\n|t:|1699702533\n|move|p2a: Gholdengo|Thunder Wave|p1a: Crabominable\n|-status|p1a: Crabominable|par\n|move|p1a: Crabominable|Drain Punch|p2a: Gholdengo\n|-supereffective|p2a: Gholdengo\n|-damage|p2a: Gholdengo|3\/100\n|\n|-heal|p2a: Gholdengo|9\/100|[from] item: Leftovers\n|upkeep\n|turn|11\n|\n|t:|1699702547\n|move|p2a: Gholdengo|Hex|p1a: Crabominable\n|-damage|p1a: Crabominable|80\/100 par\n|move|p1a: Crabominable|Ice Punch|p2a: Gholdengo\n|-resisted|p2a: Gholdengo\n|-damage|p2a: Gholdengo|0 fnt\n|faint|p2a: Gholdengo\n|\n|upkeep\n|\n|t:|1699702571\n|switch|p2a: Landorus|Landorus-Therian, M|100\/100\n|-ability|p2a: Landorus|Intimidate|boost\n|-unboost|p1a: Crabominable|atk|1\n|turn|12\n|\n|t:|1699702582\n|switch|p2a: Samurott|Samurott-Hisui, M|100\/100\n|move|p1a: Crabominable|Ice Punch|p2a: Samurott\n|-resisted|p2a: Samurott\n|-crit|p2a: Samurott\n|-damage|p2a: Samurott|46\/100\n|\n|-sideend|p1: wyverbal|move: Light Screen\n|upkeep\n|turn|13\n|\n|t:|1699702593\n|move|p2a: Samurott|Razor Shell|p1a: Crabominable\n|-resisted|p1a: Crabominable\n|-damage|p1a: Crabominable|51\/100 par\n|move|p1a: Crabominable|Ice Punch|p2a: Samurott\n|-resisted|p2a: Samurott\n|-damage|p2a: Samurott|25\/100\n|\n|upkeep\n|turn|14\n|\n|t:|1699702601\n|move|p2a: Samurott|Razor Shell|p1a: Crabominable\n|-resisted|p1a: Crabominable\n|-damage|p1a: Crabominable|22\/100 par\n|-unboost|p1a: Crabominable|def|1\n|move|p1a: Crabominable|Drain Punch|p2a: Samurott\n|-supereffective|p2a: Samurott\n|-damage|p2a: Samurott|0 fnt\n|-heal|p1a: Crabominable|33\/100 par|[from] drain|[of] p2a: Samurott\n|faint|p2a: Samurott\n|\n|upkeep\n|\n|t:|1699702619\n|switch|p2a: Landorus|Landorus-Therian, M|100\/100\n|-ability|p2a: Landorus|Intimidate|boost\n|-unboost|p1a: Crabominable|atk|1\n|turn|15\n|\n|t:|1699702640\n|switch|p1a: Grimmsnarl|Grimmsnarl, M, shiny|100\/100 par\n|move|p2a: Landorus|Grass Knot|p1a: Grimmsnarl\n|-damage|p1a: Grimmsnarl|82\/100 par\n|\n|upkeep\n|turn|16\n|\n|t:|1699702652\n|switch|p2a: Cinderace|Cinderace, F|100\/100\n|move|p1a: Grimmsnarl|Play Rough|p2a: Cinderace\n|-resisted|p2a: Cinderace\n|-damage|p2a: Cinderace|71\/100\n|\n|upkeep\n|turn|17\n|\n|t:|1699702661\n|move|p1a: Grimmsnarl|Sucker Punch|p2a: Cinderace\n|-damage|p2a: Cinderace|25\/100\n|move|p2a: Cinderace|Pyro Ball|p1a: Grimmsnarl|[miss]\n|-miss|p2a: Cinderace|p1a: Grimmsnarl\n|\n|upkeep\n|turn|18\n|-message|cramptemoi forfeited.\n|\n|win|wyverbal\n|raw|wyverbal's rating: 1124 &rarr; <strong>1151<\/strong><br \/>(+27 for winning)\n|raw|cramptemoi's rating: 1154 &rarr; <strong>1127<\/strong><br \/>(-27 for losing)\n|l|\u2606cramptemoi\n","uploadtime":1699702682,"views":23,"p1id":"wyverbal","p2id":"cramptemoi","formatid":"gen9ou","rating":1127,"private":0,"password":""}