{"id":"gen9ou-1989711119","p1":"VeugLadd","p2":"kioshiro","format":"[Gen 9] OU","log":"|j|\u2606VeugLadd\n|j|\u2606kioshiro\n|t:|1699889111\n|gametype|singles\n|player|p1|VeugLadd|265|1146\n|player|p2|kioshiro|blue|1034\n|teamsize|p1|6\n|teamsize|p2|6\n|gen|9\n|tier|[Gen 9] OU\n|rated|\n|rule|Sleep Clause Mod: Limit one foe put to sleep\n|rule|Species Clause: Limit one of each Pok\u00e9mon\n|rule|OHKO Clause: OHKO moves are banned\n|rule|Evasion Items Clause: Evasion items are banned\n|rule|Evasion Moves Clause: Evasion moves are banned\n|rule|Endless Battle Clause: Forcing endless battles is banned\n|rule|HP Percentage Mod: HP is shown in percentages\n|clearpoke\n|poke|p1|Ceruledge, M|\n|poke|p1|Enamorus, F|\n|poke|p1|Samurott-Hisui, F|\n|poke|p1|Landorus-Therian, M|\n|poke|p1|Gholdengo|\n|poke|p1|Cinderace, M|\n|poke|p2|Armarouge, M|\n|poke|p2|Houndstone, M|\n|poke|p2|Scovillain, M|\n|poke|p2|Cyclizar, M|\n|poke|p2|Ceruledge, M|\n|poke|p2|Quaquaval, M|\n|teampreview\n|c|\u2606VeugLadd|Gl\n|\n|t:|1699889144\n|start\n|switch|p1a: Landorus|Landorus-Therian, M|100\/100\n|switch|p2a: Scovillain|Scovillain, M|100\/100\n|-ability|p1a: Landorus|Intimidate|boost\n|-unboost|p2a: Scovillain|atk|1\n|turn|1\n|\n|t:|1699889157\n|move|p2a: Scovillain|Leaf Storm|p1a: Landorus\n|-damage|p1a: Landorus|33\/100\n|-unboost|p2a: Scovillain|spa|2\n|move|p1a: Landorus|Stealth Rock|p2a: Scovillain\n|-sidestart|p2: kioshiro|move: Stealth Rock\n|\n|upkeep\n|turn|2\n|\n|t:|1699889176\n|move|p2a: Scovillain|Leaf Storm|p1a: Landorus\n|-damage|p1a: Landorus|0 fnt\n|-unboost|p2a: Scovillain|spa|2\n|faint|p1a: Landorus\n|\n|upkeep\n|\n|t:|1699889181\n|switch|p1a: Enamorus|Enamorus, F|100\/100\n|turn|3\n|\n|t:|1699889204\n|switch|p2a: Houndstone|Houndstone, M|100\/100\n|-damage|p2a: Houndstone|88\/100|[from] Stealth Rock\n|move|p1a: Enamorus|Substitute|p1a: Enamorus\n|-start|p1a: Enamorus|Substitute\n|-damage|p1a: Enamorus|76\/100\n|\n|-heal|p1a: Enamorus|82\/100|[from] item: Leftovers\n|upkeep\n|turn|4\n|\n|t:|1699889219\n|move|p2a: Houndstone|Poltergeist|p1a: Enamorus\n|-activate|p1a: Enamorus|move: Poltergeist|Leftovers\n|-end|p1a: Enamorus|Substitute\n|move|p1a: Enamorus|Moonblast|p2a: Houndstone\n|-damage|p2a: Houndstone|26\/100\n|\n|-heal|p1a: Enamorus|88\/100|[from] item: Leftovers\n|upkeep\n|turn|5\n|\n|t:|1699889232\n|switch|p1a: Samurott|Samurott-Hisui, F|100\/100\n|move|p2a: Houndstone|Poltergeist|p1a: Samurott\n|-activate|p1a: Samurott|move: Poltergeist|Choice Scarf\n|-resisted|p1a: Samurott\n|-damage|p1a: Samurott|72\/100\n|\n|upkeep\n|turn|6\n|\n|t:|1699889243\n|move|p1a: Samurott|Knock Off|p2a: Houndstone\n|-supereffective|p2a: Houndstone\n|-damage|p2a: Houndstone|0 fnt\n|-enditem|p2a: Houndstone|Choice Scarf|[from] move: Knock Off|[of] p1a: Samurott\n|faint|p2a: Houndstone\n|\n|upkeep\n|\n|t:|1699889273\n|switch|p2a: Scovillain|Scovillain, M|100\/100\n|-damage|p2a: Scovillain|75\/100|[from] Stealth Rock\n|turn|7\n|\n|t:|1699889283\n|switch|p1a: Enamorus|Enamorus, F|88\/100\n|move|p2a: Scovillain|Leaf Storm|p1a: Enamorus\n|-resisted|p1a: Enamorus\n|-damage|p1a: Enamorus|44\/100\n|-unboost|p2a: Scovillain|spa|2\n|\n|-heal|p1a: Enamorus|51\/100|[from] item: Leftovers\n|upkeep\n|turn|8\n|l|\u2606VeugLadd\n|player|p1|\n|j|\u2606VeugLadd\n|player|p1|VeugLadd|265\n|\n|t:|1699889331\n|switch|p2a: Ceruledge|Ceruledge, M|100\/100\n|-damage|p2a: Ceruledge|75\/100|[from] Stealth Rock\n|move|p1a: Enamorus|Substitute|p1a: Enamorus\n|-start|p1a: Enamorus|Substitute\n|-damage|p1a: Enamorus|26\/100\n|\n|-heal|p1a: Enamorus|32\/100|[from] item: Leftovers\n|upkeep\n|turn|9\n|\n|t:|1699889345\n|move|p2a: Ceruledge|Flare Blitz|p1a: Enamorus\n|-end|p1a: Enamorus|Substitute\n|-damage|p2a: Ceruledge|67\/100|[from] Recoil|[of] p1a: Enamorus\n|move|p1a: Enamorus|Earth Power|p2a: Ceruledge\n|-supereffective|p2a: Ceruledge\n|-damage|p2a: Ceruledge|0 fnt\n|faint|p2a: Ceruledge\n|\n|-heal|p1a: Enamorus|38\/100|[from] item: Leftovers\n|upkeep\n|\n|t:|1699889364\n|switch|p2a: Quaquaval|Quaquaval, M|100\/100\n|-damage|p2a: Quaquaval|94\/100|[from] Stealth Rock\n|turn|10\n|\n|t:|1699889372\n|move|p2a: Quaquaval|Wave Crash|p1a: Enamorus\n|-damage|p1a: Enamorus|0 fnt\n|-start|p2a: Quaquaval|Attract|[from] ability: Cute Charm|[of] p1a: Enamorus\n|faint|p1a: Enamorus\n|-ability|p2a: Quaquaval|Moxie|boost\n|-boost|p2a: Quaquaval|atk|1\n|-damage|p2a: Quaquaval|83\/100|[from] Recoil\n|-end|p2a: Quaquaval|Attract|[silent]\n|\n|upkeep\n|\n|t:|1699889392\n|switch|p1a: Gholdengo|Gholdengo|100\/100\n|turn|11\n|\n|t:|1699889399\n|-terastallize|p2a: Quaquaval|Water\n|move|p2a: Quaquaval|Wave Crash|p1a: Gholdengo\n|-damage|p1a: Gholdengo|0 fnt\n|faint|p1a: Gholdengo\n|-ability|p2a: Quaquaval|Moxie|boost\n|-boost|p2a: Quaquaval|atk|1\n|-damage|p2a: Quaquaval|43\/100|[from] Recoil\n|\n|upkeep\n|\n|t:|1699889420\n|switch|p1a: Ceruledge|Ceruledge, M|100\/100\n|turn|12\n|\n|t:|1699889434\n|move|p2a: Quaquaval|Wave Crash|p1a: Ceruledge\n|-supereffective|p1a: Ceruledge\n|-enditem|p1a: Ceruledge|Focus Sash\n|-damage|p1a: Ceruledge|1\/100\n|-ability|p1a: Ceruledge|Weak Armor|boost\n|-unboost|p1a: Ceruledge|def|1\n|-boost|p1a: Ceruledge|spe|2\n|-damage|p2a: Quaquaval|12\/100|[from] Recoil\n|move|p1a: Ceruledge|Swords Dance|p1a: Ceruledge\n|-boost|p1a: Ceruledge|atk|2\n|\n|upkeep\n|turn|13\n|\n|t:|1699889448\n|move|p1a: Ceruledge|Shadow Sneak|p2a: Quaquaval\n|-damage|p2a: Quaquaval|0 fnt\n|faint|p2a: Quaquaval\n|\n|upkeep\n|\n|t:|1699889458\n|switch|p2a: Cyclizar|Cyclizar, M|100\/100\n|-damage|p2a: Cyclizar|88\/100|[from] Stealth Rock\n|turn|14\n|\n|t:|1699889471\n|move|p1a: Ceruledge|Bitter Blade|p2a: Cyclizar\n|-resisted|p2a: Cyclizar\n|-damage|p2a: Cyclizar|3\/100\n|-heal|p1a: Ceruledge|42\/100|[from] drain|[of] p2a: Cyclizar\n|move|p2a: Cyclizar|Outrage|p1a: Ceruledge\n|-damage|p1a: Ceruledge|0 fnt\n|faint|p1a: Ceruledge\n|\n|upkeep\n|\n|t:|1699889482\n|switch|p1a: Samurott|Samurott-Hisui, F|72\/100\n|turn|15\n|\n|t:|1699889496\n|move|p2a: Cyclizar|Outrage|p1a: Samurott|[from]lockedmove\n|-damage|p1a: Samurott|9\/100\n|-start|p2a: Cyclizar|confusion|[fatigue]\n|move|p1a: Samurott|Razor Shell|p2a: Cyclizar\n|-resisted|p2a: Cyclizar\n|-damage|p2a: Cyclizar|0 fnt\n|faint|p2a: Cyclizar\n|\n|upkeep\n|\n|t:|1699889532\n|switch|p2a: Scovillain|Scovillain, M|75\/100\n|-damage|p2a: Scovillain|50\/100|[from] Stealth Rock\n|turn|16\n|\n|t:|1699889538\n|move|p1a: Samurott|Razor Shell|p2a: Scovillain\n|-damage|p2a: Scovillain|0 fnt\n|faint|p2a: Scovillain\n|\n|upkeep\n|\n|t:|1699889546\n|switch|p2a: Armarouge|Armarouge, M|100\/100\n|-damage|p2a: Armarouge|75\/100|[from] Stealth Rock\n|turn|17\n|\n|t:|1699889571\n|-terastallize|p1a: Samurott|Water\n|move|p1a: Samurott|Razor Shell|p2a: Armarouge\n|-supereffective|p2a: Armarouge\n|-damage|p2a: Armarouge|0 fnt\n|faint|p2a: Armarouge\n|\n|win|VeugLadd\n|raw|VeugLadd's rating: 1146 &rarr; <strong>1163<\/strong><br \/>(+17 for winning)\n|raw|kioshiro's rating: 1034 &rarr; <strong>1024<\/strong><br \/>(-10 for losing)\n|l|\u2606kioshiro\n","uploadtime":1699889588,"views":24,"p1id":"veugladd","p2id":"kioshiro","formatid":"gen9ou","rating":1024,"private":0,"password":""}