{"id":"gen9ou-1997030435","p1":"nikolasaquax","p2":"ManwitchX","format":"[Gen 9] OU","log":"|j|\u2606nikolasaquax\n|j|\u2606ManwitchX\n|t:|1700757463\n|gametype|singles\n|player|p1|nikolasaquax|brycen|1062\n|player|p2|ManwitchX|102|1163\n|teamsize|p1|6\n|teamsize|p2|6\n|gen|9\n|tier|[Gen 9] OU\n|rated|\n|rule|Sleep Clause Mod: Limit one foe put to sleep\n|rule|Species Clause: Limit one of each Pok\u00e9mon\n|rule|OHKO Clause: OHKO moves are banned\n|rule|Evasion Items Clause: Evasion items are banned\n|rule|Evasion Moves Clause: Evasion moves are banned\n|rule|Endless Battle Clause: Forcing endless battles is banned\n|rule|HP Percentage Mod: HP is shown in percentages\n|clearpoke\n|poke|p1|Noivern, M|\n|poke|p1|Greninja-*, M|\n|poke|p1|Great Tusk|\n|poke|p1|Glimmora, M|\n|poke|p1|Cinderace, M|\n|poke|p1|Blissey, F|\n|poke|p2|Glimmora, M|\n|poke|p2|Iron Moth|\n|poke|p2|Kingambit, M|\n|poke|p2|Kommo-o, F|\n|poke|p2|Amoonguss, M|\n|poke|p2|Great Tusk|\n|teampreview\n|\n|t:|1700757491\n|start\n|switch|p1a: The G.O.A.T.|Noivern, M|100\/100\n|switch|p2a: Glimmora|Glimmora, M|100\/100\n|-item|p2a: Glimmora|Focus Sash|[from] ability: Frisk|[of] p1a: The G.O.A.T.|[identify]\n|turn|1\n|inactive|Battle timer is ON: inactive players will automatically lose when time's up. (requested by ManwitchX)\n|\n|t:|1700757501\n|move|p1a: The G.O.A.T.|Dragon Pulse|p2a: Glimmora\n|-damage|p2a: Glimmora|58\/100\n|move|p2a: Glimmora|Stealth Rock|p1a: The G.O.A.T.\n|-sidestart|p1: nikolasaquax|move: Stealth Rock\n|\n|upkeep\n|turn|2\n|\n|t:|1700757509\n|move|p1a: The G.O.A.T.|Dragon Pulse|p2a: Glimmora\n|-damage|p2a: Glimmora|14\/100\n|move|p2a: Glimmora|Power Gem|p1a: The G.O.A.T.\n|-supereffective|p1a: The G.O.A.T.\n|-damage|p1a: The G.O.A.T.|4\/100\n|\n|upkeep\n|turn|3\n|\n|t:|1700757516\n|move|p1a: The G.O.A.T.|Roost|p1a: The G.O.A.T.\n|-heal|p1a: The G.O.A.T.|54\/100\n|-singleturn|p1a: The G.O.A.T.|move: Roost\n|move|p2a: Glimmora|Sludge Bomb|p1a: The G.O.A.T.\n|-damage|p1a: The G.O.A.T.|0 fnt\n|faint|p1a: The G.O.A.T.\n|\n|upkeep\n|\n|t:|1700757529\n|switch|p1a: Greninja|Greninja, M, shiny|100\/100\n|turn|4\n|\n|t:|1700757534\n|move|p1a: Greninja|Water Shuriken|p2a: Glimmora\n|-start|p1a: Greninja|typechange|Water|[from] ability: Protean\n|-supereffective|p2a: Glimmora\n|-damage|p2a: Glimmora|0 fnt\n|faint|p2a: Glimmora\n|-hitcount|p2: Glimmora|1\n|\n|upkeep\n|\n|t:|1700757543\n|switch|p2a: Amoonguss|Amoonguss, M|100\/100\n|turn|5\n|\n|t:|1700757548\n|move|p1a: Greninja|Ice Beam|p2a: Amoonguss\n|-supereffective|p2a: Amoonguss\n|-damage|p2a: Amoonguss|46\/100\n|-status|p2a: Amoonguss|frz\n|cant|p2a: Amoonguss|frz\n|\n|-heal|p2a: Amoonguss|53\/100 frz|[from] item: Leftovers\n|upkeep\n|turn|6\n|\n|t:|1700757558\n|move|p1a: Greninja|Ice Beam|p2a: Amoonguss\n|-supereffective|p2a: Amoonguss\n|-damage|p2a: Amoonguss|2\/100 frz\n|cant|p2a: Amoonguss|frz\n|\n|-heal|p2a: Amoonguss|8\/100 frz|[from] item: Leftovers\n|upkeep\n|turn|7\n|\n|t:|1700757566\n|move|p1a: Greninja|Water Shuriken|p2a: Amoonguss\n|-resisted|p2a: Amoonguss\n|-damage|p2a: Amoonguss|5\/100 frz\n|-resisted|p2a: Amoonguss\n|-damage|p2a: Amoonguss|2\/100 frz\n|-hitcount|p2a: Amoonguss|2\n|-curestatus|p2a: Amoonguss|frz|[msg]\n|move|p2a: Amoonguss|Spore|p1a: Greninja\n|-status|p1a: Greninja|slp|[from] move: Spore\n|\n|-heal|p2a: Amoonguss|8\/100|[from] item: Leftovers\n|upkeep\n|turn|8\n|\n|t:|1700757576\n|switch|p1a: Blissey|Blissey, F, shiny|100\/100\n|-damage|p1a: Blissey|88\/100|[from] Stealth Rock\n|move|p2a: Amoonguss|Giga Drain|p1a: Blissey\n|-damage|p1a: Blissey|77\/100\n|-heal|p2a: Amoonguss|19\/100|[from] drain|[of] p1a: Blissey\n|\n|-heal|p2a: Amoonguss|25\/100|[from] item: Leftovers\n|upkeep\n|turn|9\n|\n|t:|1700757585\n|move|p1a: Blissey|Ice Beam|p2a: Amoonguss\n|-supereffective|p2a: Amoonguss\n|-damage|p2a: Amoonguss|0 fnt\n|faint|p2a: Amoonguss\n|\n|upkeep\n|\n|t:|1700757592\n|switch|p2a: Kommo-o|Kommo-o, F|100\/100\n|turn|10\n|\n|t:|1700757595\n|-terastallize|p2a: Kommo-o|Steel\n|move|p2a: Kommo-o|Substitute|p2a: Kommo-o\n|-start|p2a: Kommo-o|Substitute\n|-damage|p2a: Kommo-o|76\/100\n|move|p1a: Blissey|Heal Bell|p1a: Blissey\n|-activate|p1a: Blissey|move: Heal Bell\n|-curestatus|p1: Greninja|slp|[msg]\n|\n|upkeep\n|turn|11\n|\n|t:|1700757604\n|move|p2a: Kommo-o|Belly Drum|p2a: Kommo-o\n|-damage|p2a: Kommo-o|26\/100\n|-setboost|p2a: Kommo-o|atk|6|[from] move: Belly Drum\n|move|p1a: Blissey|Ice Beam|p2a: Kommo-o\n|-resisted|p2a: Kommo-o\n|-activate|p2a: Kommo-o|move: Substitute|[damage]\n|\n|upkeep\n|turn|12\n|\n|t:|1700757614\n|move|p2a: Kommo-o|Drain Punch|p1a: Blissey\n|-supereffective|p1a: Blissey\n|-damage|p1a: Blissey|0 fnt\n|-heal|p2a: Kommo-o|100\/100|[from] drain|[of] p1a: Blissey\n|-damage|p2a: Kommo-o|84\/100|[from] item: Rocky Helmet|[of] p1a: Blissey\n|faint|p1a: Blissey\n|\n|upkeep\n|\n|t:|1700757629\n|switch|p1a: Great Tusk|Great Tusk|100\/100\n|-damage|p1a: Great Tusk|98\/100|[from] Stealth Rock\n|-enditem|p1a: Great Tusk|Booster Energy\n|-activate|p1a: Great Tusk|ability: Protosynthesis|[fromitem]\n|-start|p1a: Great Tusk|protosynthesisatk\n|turn|13\n|\n|t:|1700757636\n|move|p1a: Great Tusk|Rapid Spin|p2a: Kommo-o\n|-resisted|p2a: Kommo-o\n|-activate|p2a: Kommo-o|move: Substitute|[damage]\n|-sideend|p1: nikolasaquax|Stealth Rock|[from] move: Rapid Spin|[of] p1a: Great Tusk\n|-boost|p1a: Great Tusk|spe|1\n|move|p2a: Kommo-o|Drain Punch|p1a: Great Tusk\n|-damage|p1a: Great Tusk|0 fnt\n|-heal|p2a: Kommo-o|100\/100|[from] drain|[of] p1a: Great Tusk\n|faint|p1a: Great Tusk\n|-end|p1a: Great Tusk|Protosynthesis|[silent]\n|\n|upkeep\n|\n|t:|1700757652\n|switch|p1a: Cinderace|Cinderace, M|100\/100\n|turn|14\n|\n|t:|1700757656\n|move|p1a: Cinderace|Flare Blitz|p2a: Kommo-o\n|-supereffective|p2a: Kommo-o\n|-end|p2a: Kommo-o|Substitute\n|-damage|p1a: Cinderace|99\/100|[from] Recoil|[of] p2a: Kommo-o\n|move|p2a: Kommo-o|Drain Punch|p1a: Cinderace\n|-damage|p1a: Cinderace|0 fnt\n|faint|p1a: Cinderace\n|\n|upkeep\n|\n|t:|1700757669\n|switch|p1a: Greninja|Greninja, M, shiny|100\/100\n|turn|15\n|\n|t:|1700757674\n|move|p1a: Greninja|Extrasensory|p2a: Kommo-o\n|-start|p1a: Greninja|typechange|Psychic|[from] ability: Protean\n|-resisted|p2a: Kommo-o\n|-damage|p2a: Kommo-o|82\/100\n|move|p2a: Kommo-o|Substitute|p2a: Kommo-o\n|-start|p2a: Kommo-o|Substitute\n|-damage|p2a: Kommo-o|57\/100\n|\n|upkeep\n|turn|16\n|\n|t:|1700757682\n|move|p1a: Greninja|Dark Pulse|p2a: Kommo-o\n|-activate|p2a: Kommo-o|move: Substitute|[damage]\n|move|p2a: Kommo-o|Drain Punch|p1a: Greninja\n|-resisted|p1a: Greninja\n|-damage|p1a: Greninja|0 fnt\n|-heal|p2a: Kommo-o|100\/100|[from] drain|[of] p1a: Greninja\n|faint|p1a: Greninja\n|\n|upkeep\n|\n|t:|1700757694\n|switch|p1a: Glimmora|Glimmora, M|100\/100\n|turn|17\n|c|\u2606ManwitchX|Kommo-o the real goat\n|c|\u2606ManwitchX|don\u2019t forget\n|\n|t:|1700757722\n|move|p1a: Glimmora|Spiky Shield|p1a: Glimmora\n|-singleturn|p1a: Glimmora|move: Protect\n|move|p2a: Kommo-o|Drain Punch|p1a: Glimmora\n|-activate|p1a: Glimmora|move: Protect\n|-damage|p2a: Kommo-o|88\/100|[from] Spiky Shield|[of] p1a: Glimmora\n|\n|upkeep\n|turn|18\n|c|\u2606nikolasaquax|noivern is the goat\n|\n|t:|1700757738\n|move|p1a: Glimmora|Light Screen|p1a: Glimmora\n|-sidestart|p1: nikolasaquax|move: Light Screen\n|move|p2a: Kommo-o|Drain Punch|p1a: Glimmora\n|-enditem|p1a: Glimmora|Focus Sash\n|-damage|p1a: Glimmora|1\/100\n|-heal|p2a: Kommo-o|100\/100|[from] drain|[of] p1a: Glimmora\n|-activate|p1a: Glimmora|ability: Toxic Debris\n|-sidestart|p2: ManwitchX|move: Toxic Spikes\n|\n|upkeep\n|turn|19\n|c|\u2606ManwitchX|Cap that thing dead as hell\n|\n|t:|1700757752\n|move|p1a: Glimmora|Spiky Shield|p1a: Glimmora\n|-singleturn|p1a: Glimmora|move: Protect\n|move|p2a: Kommo-o|Dragon Claw|p1a: Glimmora\n|-activate|p1a: Glimmora|move: Protect\n|-damage|p2a: Kommo-o|88\/100|[from] Spiky Shield|[of] p1a: Glimmora\n|\n|upkeep\n|turn|20\n|c|\u2606nikolasaquax|u r doing a good job on hidin\n|\n|t:|1700757775\n|move|p1a: Glimmora|Mortal Spin|p2a: Kommo-o\n|-immune|p2a: Kommo-o\n|move|p2a: Kommo-o|Dragon Claw|p1a: Glimmora\n|-damage|p1a: Glimmora|0 fnt\n|-activate|p1a: Glimmora|ability: Toxic Debris\n|-sidestart|p2: ManwitchX|move: Toxic Spikes\n|faint|p1a: Glimmora\n|\n|win|ManwitchX\n|raw|nikolasaquax's rating: 1062 &rarr; <strong>1048<\/strong><br \/>(-14 for losing)\n|raw|ManwitchX's rating: 1163 &rarr; <strong>1181<\/strong><br \/>(+18 for winning)\n","uploadtime":1700757793,"views":1,"p1id":"nikolasaquax","p2id":"manwitchx","formatid":"gen9ou","rating":1048,"private":0,"password":""}