{"id":"gen9ou-1990520020","p1":"Ancnakancn","p2":"BigMacishere","format":"[Gen 9] OU","log":"|j|\u2606Ancnakancn\n|j|\u2606BigMacishere\n|t:|1699978190\n|gametype|singles\n|player|p1|Ancnakancn|169|1045\n|player|p2|BigMacishere|chili|1110\n|teamsize|p1|6\n|teamsize|p2|6\n|gen|9\n|tier|[Gen 9] OU\n|rated|\n|rule|Sleep Clause Mod: Limit one foe put to sleep\n|rule|Species Clause: Limit one of each Pok\u00e9mon\n|rule|OHKO Clause: OHKO moves are banned\n|rule|Evasion Items Clause: Evasion items are banned\n|rule|Evasion Moves Clause: Evasion moves are banned\n|rule|Endless Battle Clause: Forcing endless battles is banned\n|rule|HP Percentage Mod: HP is shown in percentages\n|clearpoke\n|poke|p1|Kleavor, F|\n|poke|p1|Breloom, F|\n|poke|p1|Zoroark-Hisui, M|\n|poke|p1|Lokix, M|\n|poke|p1|Alomomola, M|\n|poke|p1|Corviknight, F|\n|poke|p2|Great Tusk|\n|poke|p2|Heatran, M|\n|poke|p2|Gholdengo|\n|poke|p2|Ogerpon-Wellspring, F|\n|poke|p2|Dragonite, F|\n|poke|p2|Iron Valiant|\n|teampreview\n|inactive|Battle timer is ON: inactive players will automatically lose when time's up. (requested by BigMacishere)\n|\n|t:|1699978207\n|start\n|switch|p1a: Kleavor|Kleavor, F|100\/100\n|switch|p2a: Heatran|Heatran, M|100\/100\n|turn|1\n|\n|t:|1699978219\n|move|p1a: Kleavor|U-turn|p2a: Heatran\n|-resisted|p2a: Heatran\n|-damage|p2a: Heatran|93\/100\n|\n|t:|1699978222\n|switch|p1a: Alomomola|Alomomola, M|100\/100|[from] U-turn\n|move|p2a: Heatran|Magma Storm|p1a: Alomomola\n|-resisted|p1a: Alomomola\n|-damage|p1a: Alomomola|73\/100\n|-activate|p1a: Alomomola|move: Magma Storm|[of] p2a: Heatran\n|\n|-heal|p2a: Heatran|99\/100|[from] item: Leftovers\n|-damage|p1a: Alomomola|61\/100|[from] move: Magma Storm|[partiallytrapped]\n|upkeep\n|turn|2\n|\n|t:|1699978232\n|switch|p2a: Ogerpon|Ogerpon-Wellspring, F|100\/100\n|move|p1a: Alomomola|Flip Turn|p2a: Ogerpon\n|-immune|p2a: Ogerpon|[from] ability: Water Absorb\n|\n|-end|p1a: Alomomola|Magma Storm|[partiallytrapped]|[silent]\n|upkeep\n|turn|3\n|\n|t:|1699978241\n|switch|p1a: Lokix|Lokix, M|100\/100\n|move|p2a: Ogerpon|Horn Leech|p1a: Lokix\n|-resisted|p1a: Lokix\n|-damage|p1a: Lokix|69\/100\n|\n|upkeep\n|turn|4\n|\n|t:|1699978249\n|switch|p2a: Heatran|Heatran, M|99\/100\n|move|p1a: Lokix|First Impression|p2a: Heatran\n|-resisted|p2a: Heatran\n|-damage|p2a: Heatran|69\/100\n|\n|-heal|p2a: Heatran|76\/100|[from] item: Leftovers\n|upkeep\n|turn|5\n|\n|t:|1699978255\n|switch|p1a: Alomomola|Alomomola, M|94\/100\n|move|p2a: Heatran|Stealth Rock|p1a: Alomomola\n|-sidestart|p1: Ancnakancn|move: Stealth Rock\n|\n|-heal|p2a: Heatran|82\/100|[from] item: Leftovers\n|upkeep\n|turn|6\n|\n|t:|1699978262\n|switch|p2a: Ogerpon|Ogerpon-Wellspring, F|100\/100\n|move|p1a: Alomomola|Flip Turn|p2a: Ogerpon\n|-immune|p2a: Ogerpon|[from] ability: Water Absorb\n|\n|upkeep\n|turn|7\n|\n|t:|1699978265\n|switch|p1a: Corviknight|Corviknight, F|100\/100\n|-damage|p1a: Corviknight|88\/100|[from] Stealth Rock\n|-ability|p1a: Corviknight|Pressure\n|move|p2a: Ogerpon|Ivy Cudgel|p1a: Corviknight|[anim] Ivy Cudgel Water\n|-crit|p1a: Corviknight\n|-damage|p1a: Corviknight|36\/100\n|\n|upkeep\n|turn|8\n|\n|t:|1699978284\n|move|p2a: Ogerpon|U-turn|p1a: Corviknight\n|-resisted|p1a: Corviknight\n|-damage|p1a: Corviknight|32\/100\n|-damage|p2a: Ogerpon|84\/100|[from] item: Rocky Helmet|[of] p1a: Corviknight\n|\n|t:|1699978286\n|switch|p2a: Heatran|Heatran, M|82\/100|[from] U-turn\n|move|p1a: Corviknight|Roost|p1a: Corviknight\n|-heal|p1a: Corviknight|82\/100\n|-singleturn|p1a: Corviknight|move: Roost\n|\n|-heal|p2a: Heatran|88\/100|[from] item: Leftovers\n|upkeep\n|turn|9\n|\n|t:|1699978294\n|switch|p1a: Alomomola|Alomomola, M|100\/100\n|move|p2a: Heatran|Taunt|p1a: Alomomola\n|-start|p1a: Alomomola|move: Taunt\n|\n|-heal|p2a: Heatran|94\/100|[from] item: Leftovers\n|upkeep\n|turn|10\n|\n|t:|1699978301\n|switch|p2a: Ogerpon|Ogerpon-Wellspring, F|84\/100\n|move|p1a: Alomomola|Flip Turn|p2a: Ogerpon\n|-heal|p2a: Ogerpon|100\/100|[from] ability: Water Absorb|[of] p1a: Alomomola\n|\n|upkeep\n|turn|11\n|\n|t:|1699978310\n|switch|p1a: Breloom|Breloom, F|100\/100\n|-damage|p1a: Breloom|94\/100|[from] Stealth Rock\n|move|p2a: Ogerpon|Ivy Cudgel|p1a: Breloom|[anim] Ivy Cudgel Water\n|-resisted|p1a: Breloom\n|-damage|p1a: Breloom|45\/100\n|\n|upkeep\n|turn|12\n|\n|t:|1699978319\n|move|p2a: Ogerpon|U-turn|p1a: Breloom\n|-damage|p1a: Breloom|0 fnt\n|faint|p1a: Breloom\n|-message|Ancnakancn forfeited.\n|\n|win|BigMacishere\n|raw|Ancnakancn's rating: 1045 &rarr; <strong>1031<\/strong><br \/>(-14 for losing)\n|raw|BigMacishere's rating: 1110 &rarr; <strong>1130<\/strong><br \/>(+20 for winning)\n|l|\u2606Ancnakancn\n","uploadtime":1699978329,"views":7,"p1id":"ancnakancn","p2id":"bigmacishere","formatid":"gen9ou","rating":1031,"private":0,"password":""}