{"id":"gen9ou-1991944686","p1":"Relish Toast","p2":"Petergriffinonline","format":"[Gen 9] OU","log":"|j|\u2606Relish Toast\n|j|\u2606Petergriffinonline\n|t:|1700141109\n|gametype|singles\n|player|p1|Relish Toast|kieran-festival|1195\n|player|p2|Petergriffinonline|170|1266\n|teamsize|p1|6\n|teamsize|p2|6\n|gen|9\n|tier|[Gen 9] OU\n|rated|\n|rule|Sleep Clause Mod: Limit one foe put to sleep\n|rule|Species Clause: Limit one of each Pok\u00e9mon\n|rule|OHKO Clause: OHKO moves are banned\n|rule|Evasion Items Clause: Evasion items are banned\n|rule|Evasion Moves Clause: Evasion moves are banned\n|rule|Endless Battle Clause: Forcing endless battles is banned\n|rule|HP Percentage Mod: HP is shown in percentages\n|clearpoke\n|poke|p1|Ogerpon-Cornerstone, F|\n|poke|p1|Alomomola, F|\n|poke|p1|Glimmora, F|\n|poke|p1|Landorus-Therian, M|\n|poke|p1|Lycanroc-Dusk, F|\n|poke|p1|Thundurus-Therian, M|\n|poke|p2|Rillaboom, M|\n|poke|p2|Greninja-*, M|\n|poke|p2|Sneasler, M|\n|poke|p2|Slowking-Galar, M|\n|poke|p2|Heatran, F|\n|poke|p2|Great Tusk|\n|teampreview\n|inactive|Battle timer is ON: inactive players will automatically lose when time's up. (requested by Relish Toast)\n|\n|t:|1700141126\n|start\n|switch|p1a: Landorus|Landorus-Therian, M|100\/100\n|switch|p2a: Slowking|Slowking-Galar, M|100\/100\n|-ability|p1a: Landorus|Intimidate|boost\n|-unboost|p2a: Slowking|atk|1\n|turn|1\n|\n|t:|1700141135\n|switch|p2a: Rillaboom|Rillaboom, M|100\/100\n|-fieldstart|move: Grassy Terrain|[from] ability: Grassy Surge|[of] p2a: Rillaboom\n|move|p1a: Landorus|Earthquake|p2a: Rillaboom\n|-resisted|p2a: Rillaboom\n|-damage|p2a: Rillaboom|90\/100\n|\n|-heal|p2a: Rillaboom|96\/100|[from] Grassy Terrain\n|upkeep\n|turn|2\n|\n|t:|1700141141\n|switch|p1a: Thundurus|Thundurus-Therian, M|100\/100\n|move|p2a: Rillaboom|Knock Off|p1a: Thundurus\n|-damage|p1a: Thundurus|44\/100\n|-enditem|p1a: Thundurus|Life Orb|[from] move: Knock Off|[of] p2a: Rillaboom\n|\n|-heal|p2a: Rillaboom|100\/100|[from] Grassy Terrain\n|upkeep\n|turn|3\n|\n|t:|1700141151\n|switch|p1a: Landorus|Landorus-Therian, M|100\/100\n|-ability|p1a: Landorus|Intimidate|boost\n|-unboost|p2a: Rillaboom|atk|1\n|switch|p2a: Slowking|Slowking-Galar, M|100\/100\n|\n|upkeep\n|turn|4\n|\n|t:|1700141158\n|move|p1a: Landorus|Earthquake|p2a: Slowking\n|-supereffective|p2a: Slowking\n|-damage|p2a: Slowking|51\/100\n|move|p2a: Slowking|Ice Beam|p1a: Landorus\n|-supereffective|p1a: Landorus\n|-damage|p1a: Landorus|0 fnt\n|faint|p1a: Landorus\n|\n|-heal|p2a: Slowking|57\/100|[from] Grassy Terrain\n|upkeep\n|\n|t:|1700141166\n|switch|p1a: Glimmora|Glimmora, F|100\/100\n|turn|5\n|\n|t:|1700141170\n|move|p1a: Glimmora|Earth Power|p2a: Slowking\n|-supereffective|p2a: Slowking\n|-damage|p2a: Slowking|30\/100\n|move|p2a: Slowking|Future Sight|p1a: Glimmora\n|-start|p2a: Slowking|move: Future Sight\n|\n|-heal|p2a: Slowking|36\/100|[from] Grassy Terrain\n|-fieldend|move: Grassy Terrain\n|upkeep\n|turn|6\n|\n|t:|1700141183\n|switch|p2a: Great Tusk|Great Tusk|100\/100\n|-enditem|p2a: Great Tusk|Booster Energy\n|-activate|p2a: Great Tusk|ability: Protosynthesis|[fromitem]\n|-start|p2a: Great Tusk|protosynthesisspe\n|move|p1a: Glimmora|Acid Armor|p1a: Glimmora\n|-boost|p1a: Glimmora|def|2\n|\n|upkeep\n|turn|7\n|\n|t:|1700141191\n|-terastallize|p1a: Glimmora|Flying\n|move|p2a: Great Tusk|Bulk Up|p2a: Great Tusk\n|-boost|p2a: Great Tusk|atk|1\n|-boost|p2a: Great Tusk|def|1\n|move|p1a: Glimmora|Ancient Power|p2a: Great Tusk\n|-resisted|p2a: Great Tusk\n|-crit|p2a: Great Tusk\n|-damage|p2a: Great Tusk|87\/100\n|\n|-end|p1a: Glimmora|move: Future Sight\n|-damage|p1a: Glimmora|49\/100\n|-heal|p1a: Glimmora|55\/100|[from] item: Leftovers\n|upkeep\n|turn|8\n|\n|t:|1700141197\n|move|p2a: Great Tusk|Bulk Up|p2a: Great Tusk\n|-boost|p2a: Great Tusk|atk|1\n|-boost|p2a: Great Tusk|def|1\n|move|p1a: Glimmora|Acid Armor|p1a: Glimmora\n|-boost|p1a: Glimmora|def|2\n|\n|-heal|p1a: Glimmora|61\/100|[from] item: Leftovers\n|upkeep\n|turn|9\n|\n|t:|1700141199\n|move|p2a: Great Tusk|Bulk Up|p2a: Great Tusk\n|-boost|p2a: Great Tusk|atk|1\n|-boost|p2a: Great Tusk|def|1\n|move|p1a: Glimmora|Ancient Power|p2a: Great Tusk\n|-resisted|p2a: Great Tusk\n|-damage|p2a: Great Tusk|77\/100\n|\n|-heal|p1a: Glimmora|67\/100|[from] item: Leftovers\n|upkeep\n|turn|10\n|\n|t:|1700141202\n|move|p2a: Great Tusk|Bulk Up|p2a: Great Tusk\n|-boost|p2a: Great Tusk|atk|1\n|-boost|p2a: Great Tusk|def|1\n|move|p1a: Glimmora|Dazzling Gleam|p2a: Great Tusk\n|-supereffective|p2a: Great Tusk\n|-damage|p2a: Great Tusk|13\/100\n|\n|-heal|p1a: Glimmora|73\/100|[from] item: Leftovers\n|upkeep\n|turn|11\n|\n|t:|1700141208\n|-terastallize|p2a: Great Tusk|Poison\n|move|p2a: Great Tusk|Ice Spinner|p1a: Glimmora\n|-supereffective|p1a: Glimmora\n|-damage|p1a: Glimmora|31\/100\n|move|p1a: Glimmora|Ancient Power|p2a: Great Tusk\n|-damage|p2a: Great Tusk|0 fnt\n|faint|p2a: Great Tusk\n|-end|p2a: Great Tusk|Protosynthesis|[silent]\n|\n|-heal|p1a: Glimmora|37\/100|[from] item: Leftovers\n|upkeep\n|\n|t:|1700141217\n|switch|p2a: Greninja|Greninja, M|100\/100\n|turn|12\n|\n|t:|1700141220\n|switch|p1a: Alomomola|Alomomola, F|100\/100\n|move|p2a: Greninja|Ice Beam|p1a: Alomomola\n|-resisted|p1a: Alomomola\n|-damage|p1a: Alomomola|79\/100\n|-damage|p2a: Greninja|91\/100|[from] item: Life Orb\n|\n|-heal|p1a: Alomomola|85\/100|[from] item: Leftovers\n|upkeep\n|turn|13\n|\n|t:|1700141225\n|move|p2a: Greninja|Grass Knot|p1a: Alomomola\n|-supereffective|p1a: Alomomola\n|-damage|p1a: Alomomola|36\/100\n|-damage|p2a: Greninja|81\/100|[from] item: Life Orb\n|move|p1a: Alomomola|Wish|p1a: Alomomola\n|\n|-heal|p1a: Alomomola|43\/100|[from] item: Leftovers\n|upkeep\n|turn|14\n|\n|t:|1700141230\n|move|p2a: Greninja|Grass Knot|p1a: Alomomola\n|-supereffective|p1a: Alomomola\n|-damage|p1a: Alomomola|0 fnt\n|faint|p1a: Alomomola\n|-ability|p2a: Greninja|Battle Bond|boost\n|-boost|p2a: Greninja|atk|1\n|-boost|p2a: Greninja|spa|1\n|-boost|p2a: Greninja|spe|1\n|-activate|p2a: Greninja|ability: Battle Bond\n|-damage|p2a: Greninja|71\/100|[from] item: Life Orb\n|\n|upkeep\n|-message|Relish Toast forfeited.\n|\n|win|Petergriffinonline\n|raw|Relish Toast's rating: 1195 &rarr; <strong>1175<\/strong><br \/>(-20 for losing)\n|raw|Petergriffinonline's rating: 1266 &rarr; <strong>1286<\/strong><br \/>(+20 for winning)\n|l|\u2606Relish Toast\n","uploadtime":1700141244,"views":11,"p1id":"relishtoast","p2id":"petergriffinonline","formatid":"gen9ou","rating":1175,"private":0,"password":""}