{"id":"gen9ou-1990473008","p1":"Maitredouard2","p2":"andresmau","format":"[Gen 9] OU","log":"|j|\u2606Maitredouard2\n|j|\u2606andresmau\n|t:|1699974203\n|gametype|singles\n|player|p1|Maitredouard2|lance|1560\n|player|p2|andresmau|2|1619\n|teamsize|p1|6\n|teamsize|p2|6\n|gen|9\n|tier|[Gen 9] OU\n|rated|\n|rule|Sleep Clause Mod: Limit one foe put to sleep\n|rule|Species Clause: Limit one of each Pok\u00e9mon\n|rule|OHKO Clause: OHKO moves are banned\n|rule|Evasion Items Clause: Evasion items are banned\n|rule|Evasion Moves Clause: Evasion moves are banned\n|rule|Endless Battle Clause: Forcing endless battles is banned\n|rule|HP Percentage Mod: HP is shown in percentages\n|clearpoke\n|poke|p1|Garganacl, F|\n|poke|p1|Cinderace, F|\n|poke|p1|Dragapult, M|\n|poke|p1|Amoonguss, F|\n|poke|p1|Great Tusk|\n|poke|p1|Heatran, M|\n|poke|p2|Weezing-Galar, F|\n|poke|p2|Garganacl, F|\n|poke|p2|Dragapult, F|\n|poke|p2|Sneasler, F|\n|poke|p2|Rillaboom, M|\n|poke|p2|Kingambit, F|\n|teampreview\n|inactive|Battle timer is ON: inactive players will automatically lose when time's up. (requested by Maitredouard2)\n|\n|t:|1699974218\n|start\n|switch|p1a: Dragapult|Dragapult, M|100\/100\n|switch|p2a: Garganacl|Garganacl, F|100\/100\n|turn|1\n|\n|t:|1699974225\n|move|p1a: Dragapult|U-turn|p2a: Garganacl\n|-damage|p2a: Garganacl|89\/100\n|\n|t:|1699974230\n|switch|p1a: Great Tusk|Great Tusk|100\/100|[from] U-turn\n|move|p2a: Garganacl|Salt Cure|p1a: Great Tusk\n|-resisted|p1a: Great Tusk\n|-damage|p1a: Great Tusk|98\/100\n|-start|p1a: Great Tusk|Salt Cure\n|\n|-heal|p2a: Garganacl|95\/100|[from] item: Leftovers\n|-damage|p1a: Great Tusk|85\/100|[from] Salt Cure\n|upkeep\n|turn|2\n|\n|t:|1699974242\n|switch|p2a: Rillaboom|Rillaboom, M|100\/100\n|-fieldstart|move: Grassy Terrain|[from] ability: Grassy Surge|[of] p2a: Rillaboom\n|move|p1a: Great Tusk|Close Combat|p2a: Rillaboom\n|-crit|p2a: Rillaboom\n|-damage|p2a: Rillaboom|0 fnt\n|-unboost|p1a: Great Tusk|def|1\n|-unboost|p1a: Great Tusk|spd|1\n|faint|p2a: Rillaboom\n|\n|-heal|p1a: Great Tusk|92\/100|[from] Grassy Terrain\n|-damage|p1a: Great Tusk|79\/100|[from] Salt Cure\n|upkeep\n|c|\u2606andresmau|men\n|\n|t:|1699974255\n|switch|p2a: Sneasler|Sneasler, F|100\/100\n|-enditem|p2a: Sneasler|Grassy Seed\n|-boost|p2a: Sneasler|def|1|[from] item: Grassy Seed\n|turn|3\n|\n|t:|1699974261\n|-terastallize|p2a: Sneasler|Ghost\n|move|p2a: Sneasler|Swords Dance|p2a: Sneasler\n|-boost|p2a: Sneasler|atk|2\n|move|p1a: Great Tusk|Ice Spinner|p2a: Sneasler\n|-damage|p2a: Sneasler|71\/100\n|-fieldend|move: Grassy Terrain\n|\n|-damage|p1a: Great Tusk|67\/100|[from] Salt Cure\n|upkeep\n|turn|4\n|\n|t:|1699974291\n|move|p2a: Sneasler|Swords Dance|p2a: Sneasler\n|-boost|p2a: Sneasler|atk|2\n|move|p1a: Great Tusk|Earthquake|p2a: Sneasler\n|-damage|p2a: Sneasler|13\/100\n|\n|-damage|p1a: Great Tusk|55\/100|[from] Salt Cure\n|upkeep\n|turn|5\n|\n|t:|1699974299\n|-end|p1a: Great Tusk|Protosynthesis|[silent]\n|switch|p1a: Amoonguss|Amoonguss, F|100\/100\n|move|p2a: Sneasler|Shadow Claw|p1a: Amoonguss\n|-damage|p1a: Amoonguss|0 fnt\n|-damage|p2a: Sneasler|0 fnt|[from] item: Rocky Helmet|[of] p1a: Amoonguss\n|faint|p1a: Amoonguss\n|faint|p2a: Sneasler\n|\n|upkeep\n|c|\u2606andresmau|hijo de p...\n|\n|t:|1699974310\n|switch|p2a: Dragapult|Dragapult, F|100\/100\n|switch|p1a: Heatran|Heatran, M|100\/100\n|turn|6\n|inactive|andresmau has 120 seconds left.\n|\n|t:|1699974338\n|move|p2a: Dragapult|Shadow Ball|p1a: Heatran\n|-damage|p1a: Heatran|57\/100\n|move|p1a: Heatran|Magma Storm|p2a: Dragapult\n|-resisted|p2a: Dragapult\n|-damage|p2a: Dragapult|60\/100\n|-activate|p2a: Dragapult|move: Magma Storm|[of] p1a: Heatran\n|\n|-heal|p1a: Heatran|63\/100|[from] item: Leftovers\n|-damage|p2a: Dragapult|48\/100|[from] move: Magma Storm|[partiallytrapped]\n|upkeep\n|turn|7\n|\n|t:|1699974350\n|move|p2a: Dragapult|Shadow Ball|p1a: Heatran\n|-damage|p1a: Heatran|22\/100\n|move|p1a: Heatran|Earth Power|p2a: Dragapult\n|-damage|p2a: Dragapult|1\/100\n|\n|-heal|p1a: Heatran|28\/100|[from] item: Leftovers\n|-damage|p2a: Dragapult|0 fnt|[from] move: Magma Storm|[partiallytrapped]\n|faint|p2a: Dragapult\n|upkeep\n|\n|t:|1699974359\n|switch|p2a: Kingambit|Kingambit, F|100\/100\n|-activate|p2a: Kingambit|ability: Supreme Overlord\n|-start|p2a: Kingambit|fallen3|[silent]\n|turn|8\n|\n|t:|1699974365\n|move|p1a: Heatran|Will-O-Wisp|p2a: Kingambit|[miss]\n|-miss|p1a: Heatran|p2a: Kingambit\n|move|p2a: Kingambit|Swords Dance|p2a: Kingambit\n|-boost|p2a: Kingambit|atk|2\n|\n|-heal|p1a: Heatran|35\/100|[from] item: Leftovers\n|upkeep\n|turn|9\n|\n|t:|1699974372\n|move|p1a: Heatran|Will-O-Wisp|p2a: Kingambit|[miss]\n|-miss|p1a: Heatran|p2a: Kingambit\n|move|p2a: Kingambit|Kowtow Cleave|p1a: Heatran\n|-damage|p1a: Heatran|0 fnt\n|faint|p1a: Heatran\n|\n|upkeep\n|\n|t:|1699974380\n|switch|p1a: Great Tusk|Great Tusk|55\/100\n|turn|10\n|\n|t:|1699974384\n|-end|p2a: Kingambit|fallen3|[silent]\n|switch|p2a: Weezing|Weezing-Galar, F, shiny|100\/100\n|-ability|p2a: Weezing|Neutralizing Gas\n|move|p1a: Great Tusk|Close Combat|p2a: Weezing\n|-resisted|p2a: Weezing\n|-damage|p2a: Weezing|91\/100\n|-unboost|p1a: Great Tusk|def|1\n|-unboost|p1a: Great Tusk|spd|1\n|\n|-heal|p2a: Weezing|97\/100|[from] item: Leftovers\n|upkeep\n|turn|11\n|\n|t:|1699974396\n|-end|p1a: Great Tusk|Protosynthesis|[silent]\n|switch|p1a: Cinderace|Cinderace, F|100\/100\n|move|p2a: Weezing|Will-O-Wisp|p1a: Cinderace\n|-immune|p1a: Cinderace\n|\n|-heal|p2a: Weezing|100\/100|[from] item: Leftovers\n|upkeep\n|turn|12\n|\n|t:|1699974405\n|move|p1a: Cinderace|Pyro Ball|p2a: Weezing\n|-damage|p2a: Weezing|63\/100\n|move|p2a: Weezing|Pain Split|p1a: Cinderace\n|-sethp|p1a: Cinderace|85\/100|[from] move: Pain Split|[silent]\n|-sethp|p2a: Weezing|77\/100|[from] move: Pain Split\n|\n|-heal|p2a: Weezing|83\/100|[from] item: Leftovers\n|upkeep\n|turn|13\n|\n|t:|1699974413\n|-end|p2a: Weezing|ability: Neutralizing Gas\n|switch|p2a: Garganacl|Garganacl, F|95\/100\n|move|p1a: Cinderace|Pyro Ball|p2a: Garganacl\n|-resisted|p2a: Garganacl\n|-damage|p2a: Garganacl|75\/100\n|\n|-heal|p2a: Garganacl|81\/100|[from] item: Leftovers\n|upkeep\n|turn|14\n|\n|t:|1699974427\n|move|p1a: Cinderace|U-turn|p2a: Garganacl\n|-start|p1a: Cinderace|typechange|Bug|[from] ability: Libero\n|-damage|p2a: Garganacl|57\/100\n|\n|t:|1699974431\n|switch|p1a: Garganacl|Garganacl, F|100\/100|[from] U-turn\n|move|p2a: Garganacl|Curse|p2a: Garganacl\n|-unboost|p2a: Garganacl|spe|1\n|-boost|p2a: Garganacl|atk|1\n|-boost|p2a: Garganacl|def|1\n|\n|-heal|p2a: Garganacl|63\/100|[from] item: Leftovers\n|upkeep\n|turn|15\n|\n|t:|1699974441\n|move|p1a: Garganacl|Salt Cure|p2a: Garganacl\n|-damage|p2a: Garganacl|56\/100\n|-start|p2a: Garganacl|Salt Cure\n|move|p2a: Garganacl|Curse|p2a: Garganacl\n|-unboost|p2a: Garganacl|spe|1\n|-boost|p2a: Garganacl|atk|1\n|-boost|p2a: Garganacl|def|1\n|\n|-heal|p2a: Garganacl|62\/100|[from] item: Leftovers\n|-damage|p2a: Garganacl|50\/100|[from] Salt Cure\n|upkeep\n|turn|16\n|\n|t:|1699974452\n|move|p1a: Garganacl|Iron Defense|p1a: Garganacl\n|-boost|p1a: Garganacl|def|2\n|move|p2a: Garganacl|Recover|p2a: Garganacl\n|-heal|p2a: Garganacl|99\/100\n|\n|-heal|p2a: Garganacl|100\/100|[from] item: Leftovers\n|-damage|p2a: Garganacl|88\/100|[from] Salt Cure\n|upkeep\n|turn|17\n|\n|t:|1699974461\n|move|p1a: Garganacl|Iron Defense|p1a: Garganacl\n|-boost|p1a: Garganacl|def|2\n|move|p2a: Garganacl|Salt Cure|p1a: Garganacl\n|-damage|p1a: Garganacl|94\/100\n|-start|p1a: Garganacl|Salt Cure\n|\n|-heal|p1a: Garganacl|99\/100|[from] item: Leftovers\n|-heal|p2a: Garganacl|94\/100|[from] item: Leftovers\n|-damage|p1a: Garganacl|88\/100|[from] Salt Cure\n|-damage|p2a: Garganacl|82\/100|[from] Salt Cure\n|upkeep\n|turn|18\n|\n|t:|1699974473\n|switch|p1a: Dragapult|Dragapult, M|100\/100\n|switch|p2a: Weezing|Weezing-Galar, F, shiny|83\/100\n|-ability|p2a: Weezing|Neutralizing Gas\n|\n|-heal|p2a: Weezing|89\/100|[from] item: Leftovers\n|upkeep\n|turn|19\n|\n|t:|1699974487\n|-end|p2a: Weezing|ability: Neutralizing Gas\n|switch|p2a: Garganacl|Garganacl, F|82\/100\n|move|p1a: Dragapult|U-turn|p2a: Garganacl\n|-damage|p2a: Garganacl|71\/100\n|\n|t:|1699974494\n|switch|p1a: Great Tusk|Great Tusk|55\/100|[from] U-turn\n|\n|-heal|p2a: Garganacl|77\/100|[from] item: Leftovers\n|upkeep\n|turn|20\n|\n|t:|1699974501\n|move|p1a: Great Tusk|Earthquake|p2a: Garganacl\n|-supereffective|p2a: Garganacl\n|-damage|p2a: Garganacl|9\/100\n|move|p2a: Garganacl|Salt Cure|p1a: Great Tusk\n|-resisted|p1a: Great Tusk\n|-damage|p1a: Great Tusk|52\/100\n|-start|p1a: Great Tusk|Salt Cure\n|\n|-heal|p2a: Garganacl|15\/100|[from] item: Leftovers\n|-damage|p1a: Great Tusk|39\/100|[from] Salt Cure\n|upkeep\n|turn|21\n|\n|t:|1699974511\n|move|p1a: Great Tusk|Earthquake|p2a: Garganacl\n|-supereffective|p2a: Garganacl\n|-damage|p2a: Garganacl|0 fnt\n|faint|p2a: Garganacl\n|\n|-damage|p1a: Great Tusk|27\/100|[from] Salt Cure\n|upkeep\n|\n|t:|1699974518\n|switch|p2a: Weezing|Weezing-Galar, F, shiny|89\/100\n|-ability|p2a: Weezing|Neutralizing Gas\n|turn|22\n|\n|t:|1699974524\n|-end|p1a: Great Tusk|Protosynthesis|[silent]\n|switch|p1a: Cinderace|Cinderace, F|85\/100\n|move|p2a: Weezing|Will-O-Wisp|p1a: Cinderace\n|-immune|p1a: Cinderace\n|\n|-heal|p2a: Weezing|95\/100|[from] item: Leftovers\n|upkeep\n|turn|23\n|\n|t:|1699974537\n|move|p1a: Cinderace|Pyro Ball|p2a: Weezing\n|-damage|p2a: Weezing|56\/100\n|-status|p2a: Weezing|brn\n|move|p2a: Weezing|Clear Smog|p1a: Cinderace\n|-damage|p1a: Cinderace|64\/100\n|-clearboost|p1a: Cinderace\n|\n|-heal|p2a: Weezing|62\/100 brn|[from] item: Leftovers\n|-damage|p2a: Weezing|56\/100 brn|[from] brn\n|upkeep\n|turn|24\n|c|\u2606andresmau|lol\n|\n|t:|1699974548\n|move|p1a: Cinderace|Pyro Ball|p2a: Weezing\n|-crit|p2a: Weezing\n|-damage|p2a: Weezing|0 fnt\n|faint|p2a: Weezing\n|-end|p2a: Weezing|ability: Neutralizing Gas\n|\n|upkeep\n|c|\u2606andresmau|good hax\n|\n|t:|1699974552\n|switch|p2a: Kingambit|Kingambit, F|100\/100\n|-activate|p2a: Kingambit|ability: Supreme Overlord\n|-start|p2a: Kingambit|fallen5|[silent]\n|turn|25\n|\n|t:|1699974558\n|move|p1a: Cinderace|Sucker Punch|p2a: Kingambit\n|-resisted|p2a: Kingambit\n|-damage|p2a: Kingambit|92\/100\n|move|p2a: Kingambit|Sucker Punch||[still]\n|-fail|p2a: Kingambit\n|\n|upkeep\n|turn|26\n|\n|t:|1699974566\n|move|p2a: Kingambit|Sucker Punch|p1a: Cinderace\n|-damage|p1a: Cinderace|0 fnt\n|faint|p1a: Cinderace\n|\n|upkeep\n|\n|t:|1699974571\n|switch|p1a: Great Tusk|Great Tusk|27\/100\n|turn|27\n|\n|t:|1699974577\n|move|p2a: Kingambit|Sucker Punch|p1a: Great Tusk\n|-resisted|p1a: Great Tusk\n|-damage|p1a: Great Tusk|2\/100\n|move|p1a: Great Tusk|Close Combat|p2a: Kingambit\n|-supereffective|p2a: Kingambit\n|-damage|p2a: Kingambit|0 fnt\n|-unboost|p1a: Great Tusk|def|1\n|-unboost|p1a: Great Tusk|spd|1\n|faint|p2a: Kingambit\n|-end|p2a: Kingambit|fallen5|[silent]\n|\n|win|Maitredouard2\n|raw|Maitredouard2's rating: 1560 &rarr; <strong>1583<\/strong><br \/>(+23 for winning)\n|raw|andresmau's rating: 1619 &rarr; <strong>1596<\/strong><br \/>(-23 for losing)\n|l|\u2606andresmau\n","uploadtime":1699974307,"views":7,"p1id":"maitredouard2","p2id":"andresmau","formatid":"gen9ou","rating":1583,"private":0,"password":""}