{"id":"gen9ou-1995161882","p1":"chewisgloo","p2":"mathismathin","format":"[Gen 9] OU","log":"|j|\u2606chewisgloo\n|j|\u2606mathismathin\n|t:|1700529494\n|gametype|singles\n|player|p1|chewisgloo|jasmine|1648\n|player|p2|mathismathin|nate|1780\n|teamsize|p1|6\n|teamsize|p2|6\n|gen|9\n|tier|[Gen 9] OU\n|rated|\n|rule|Sleep Clause Mod: Limit one foe put to sleep\n|rule|Species Clause: Limit one of each Pok\u00e9mon\n|rule|OHKO Clause: OHKO moves are banned\n|rule|Evasion Items Clause: Evasion items are banned\n|rule|Evasion Moves Clause: Evasion moves are banned\n|rule|Endless Battle Clause: Forcing endless battles is banned\n|rule|HP Percentage Mod: HP is shown in percentages\n|clearpoke\n|poke|p1|Landorus-Therian, M|\n|poke|p1|Dragapult, M|\n|poke|p1|Kingambit, F|\n|poke|p1|Ting-Lu|\n|poke|p1|Glimmora, M|\n|poke|p1|Gholdengo|\n|poke|p2|Wo-Chien|\n|poke|p2|Weezing-Galar, M|\n|poke|p2|Blissey, F|\n|poke|p2|Cyclizar, F|\n|poke|p2|Alomomola, M|\n|poke|p2|Corviknight, F|\n|teampreview\n|\n|t:|1700529506\n|start\n|switch|p1a: Glimmora|Glimmora, M|100\/100\n|switch|p2a: Corviknight|Corviknight, F|100\/100\n|-ability|p2a: Corviknight|Pressure\n|turn|1\n|\n|t:|1700529523\n|move|p1a: Glimmora|Stealth Rock|p2a: Corviknight\n|-sidestart|p2: mathismathin|move: Stealth Rock\n|move|p2a: Corviknight|Iron Head|p1a: Glimmora\n|-supereffective|p1a: Glimmora\n|-damage|p1a: Glimmora|46\/100\n|-activate|p1a: Glimmora|ability: Toxic Debris\n|-sidestart|p2: mathismathin|move: Toxic Spikes\n|\n|upkeep\n|turn|2\n|\n|t:|1700529529\n|switch|p1a: Gholdengo|Gholdengo|100\/100\n|-item|p1a: Gholdengo|Air Balloon\n|move|p2a: Corviknight|Iron Head|p1a: Gholdengo\n|-resisted|p1a: Gholdengo\n|-damage|p1a: Gholdengo|93\/100\n|-enditem|p1a: Gholdengo|Air Balloon\n|\n|upkeep\n|turn|3\n|\n|t:|1700529533\n|switch|p2a: Blissey|Blissey, F|100\/100\n|move|p1a: Gholdengo|Nasty Plot|p1a: Gholdengo\n|-boost|p1a: Gholdengo|spa|2\n|\n|upkeep\n|turn|4\n|\n|t:|1700529542\n|switch|p1a: Glimmora|Glimmora, M|46\/100\n|move|p2a: Blissey|Stealth Rock|p1a: Glimmora\n|-sidestart|p1: chewisgloo|move: Stealth Rock\n|\n|upkeep\n|turn|5\n|\n|t:|1700529544\n|switch|p2a: Corviknight|Corviknight, F|100\/100\n|-damage|p2a: Corviknight|88\/100|[from] Stealth Rock\n|-ability|p2a: Corviknight|Pressure\n|move|p1a: Glimmora|Mortal Spin|p2a: Corviknight\n|-immune|p2a: Corviknight\n|\n|-heal|p2a: Corviknight|94\/100|[from] item: Leftovers\n|upkeep\n|turn|6\n|\n|t:|1700529554\n|switch|p1a: Landorus|Landorus-Therian, M|100\/100\n|-damage|p1a: Landorus|88\/100|[from] Stealth Rock\n|-ability|p1a: Landorus|Intimidate|boost\n|-unboost|p2a: Corviknight|atk|1\n|move|p2a: Corviknight|Iron Head|p1a: Landorus\n|-damage|p1a: Landorus|70\/100\n|-damage|p2a: Corviknight|78\/100|[from] item: Rocky Helmet|[of] p1a: Landorus\n|\n|-heal|p2a: Corviknight|84\/100|[from] item: Leftovers\n|upkeep\n|turn|7\n|\n|t:|1700529558\n|move|p1a: Landorus|Taunt|p2a: Corviknight\n|-start|p2a: Corviknight|move: Taunt\n|cant|p2a: Corviknight|move: Taunt|Iron Defense\n|\n|-heal|p2a: Corviknight|90\/100|[from] item: Leftovers\n|upkeep\n|turn|8\n|\n|t:|1700529565\n|switch|p2a: Weezing|Weezing-Galar, M|100\/100\n|-ability|p2a: Weezing|Neutralizing Gas\n|-sideend|p2: mathismathin|move: Toxic Spikes|[of] p2a: Weezing\n|move|p1a: Landorus|Stone Edge|p2a: Weezing\n|-damage|p2a: Weezing|74\/100\n|\n|upkeep\n|turn|9\n|\n|t:|1700529572\n|-end|p2a: Weezing|ability: Neutralizing Gas\n|-ability|p1a: Landorus|Intimidate|boost\n|-unboost|p2a: Weezing|atk|1\n|switch|p2a: Alomomola|Alomomola, M|100\/100\n|-damage|p2a: Alomomola|88\/100|[from] Stealth Rock\n|move|p1a: Landorus|Earthquake|p2a: Alomomola\n|-damage|p2a: Alomomola|54\/100\n|\n|-heal|p2a: Alomomola|60\/100|[from] item: Leftovers\n|upkeep\n|turn|10\n|\n|t:|1700529588\n|move|p2a: Alomomola|Protect|p2a: Alomomola\n|-singleturn|p2a: Alomomola|Protect\n|move|p1a: Landorus|Swords Dance|p1a: Landorus\n|-boost|p1a: Landorus|atk|2\n|\n|-heal|p2a: Alomomola|67\/100|[from] item: Leftovers\n|upkeep\n|turn|11\n|\n|t:|1700529595\n|switch|p2a: Wo-Chien|Wo-Chien|100\/100\n|-damage|p2a: Wo-Chien|88\/100|[from] Stealth Rock\n|-ability|p2a: Wo-Chien|Tablets of Ruin\n|move|p1a: Landorus|Earthquake|p2a: Wo-Chien\n|-resisted|p2a: Wo-Chien\n|-damage|p2a: Wo-Chien|56\/100\n|\n|-heal|p2a: Wo-Chien|63\/100|[from] item: Leftovers\n|upkeep\n|turn|12\n|\n|t:|1700529601\n|move|p1a: Landorus|Taunt|p2a: Wo-Chien\n|-start|p2a: Wo-Chien|move: Taunt\n|move|p2a: Wo-Chien|Foul Play|p1a: Landorus\n|-damage|p1a: Landorus|0 fnt\n|-damage|p2a: Wo-Chien|46\/100|[from] item: Rocky Helmet|[of] p1a: Landorus\n|faint|p1a: Landorus\n|\n|-heal|p2a: Wo-Chien|52\/100|[from] item: Leftovers\n|upkeep\n|\n|t:|1700529616\n|switch|p1a: Dragapult|Dragapult, M|100\/100\n|-damage|p1a: Dragapult|88\/100|[from] Stealth Rock\n|turn|13\n|inactive|Battle timer is ON: inactive players will automatically lose when time's up. (requested by chewisgloo)\n|\n|t:|1700529643\n|switch|p2a: Blissey|Blissey, F|100\/100\n|move|p1a: Dragapult|U-turn|p2a: Blissey\n|-damage|p2a: Blissey|83\/100\n|\n|t:|1700529648\n|switch|p1a: Kingambit|Kingambit, F|100\/100|[from] U-turn\n|-damage|p1a: Kingambit|94\/100|[from] Stealth Rock\n|-activate|p1a: Kingambit|ability: Supreme Overlord\n|-start|p1a: Kingambit|fallen1|[silent]\n|\n|-heal|p1a: Kingambit|100\/100|[from] item: Leftovers\n|upkeep\n|turn|14\n|\n|t:|1700529653\n|-end|p1a: Kingambit|fallen1|[silent]\n|switch|p1a: Dragapult|Dragapult, M|88\/100\n|-damage|p1a: Dragapult|76\/100|[from] Stealth Rock\n|switch|p2a: Wo-Chien|Wo-Chien|52\/100\n|-damage|p2a: Wo-Chien|40\/100|[from] Stealth Rock\n|-ability|p2a: Wo-Chien|Tablets of Ruin\n|\n|-heal|p2a: Wo-Chien|46\/100|[from] item: Leftovers\n|upkeep\n|turn|15\n|\n|t:|1700529670\n|switch|p2a: Weezing|Weezing-Galar, M|74\/100\n|-ability|p2a: Weezing|Neutralizing Gas\n|move|p1a: Dragapult|U-turn|p2a: Weezing\n|-resisted|p2a: Weezing\n|-damage|p2a: Weezing|72\/100\n|\n|t:|1700529678\n|switch|p1a: Ting-Lu|Ting-Lu|100\/100|[from] U-turn\n|-damage|p1a: Ting-Lu|94\/100|[from] Stealth Rock\n|\n|-heal|p1a: Ting-Lu|100\/100|[from] item: Leftovers\n|upkeep\n|turn|16\n|\n|t:|1700529680\n|move|p2a: Weezing|Will-O-Wisp|p1a: Ting-Lu\n|-status|p1a: Ting-Lu|brn\n|move|p1a: Ting-Lu|Spikes|p2a: Weezing\n|-sidestart|p2: mathismathin|Spikes\n|\n|-damage|p1a: Ting-Lu|94\/100 brn|[from] brn\n|upkeep\n|turn|17\n|\n|t:|1700529685\n|-end|p2a: Weezing|ability: Neutralizing Gas\n|-ability|p1a: Ting-Lu|Vessel of Ruin\n|switch|p2a: Cyclizar|Cyclizar, F|100\/100\n|move|p1a: Ting-Lu|Spikes|p2a: Cyclizar\n|-sidestart|p2: mathismathin|Spikes\n|\n|-heal|p1a: Ting-Lu|100\/100 brn|[from] item: Leftovers\n|-damage|p1a: Ting-Lu|94\/100 brn|[from] brn\n|upkeep\n|turn|18\n|\n|t:|1700529693\n|-terastallize|p1a: Ting-Lu|Ghost\n|move|p2a: Cyclizar|Rapid Spin|p1a: Ting-Lu\n|-immune|p1a: Ting-Lu\n|move|p1a: Ting-Lu|Spikes|p2a: Cyclizar\n|-sidestart|p2: mathismathin|Spikes\n|\n|-heal|p1a: Ting-Lu|100\/100 brn|[from] item: Leftovers\n|-damage|p1a: Ting-Lu|94\/100 brn|[from] brn\n|upkeep\n|turn|19\n|\n|t:|1700529696\n|move|p2a: Cyclizar|Knock Off|p1a: Ting-Lu\n|-supereffective|p1a: Ting-Lu\n|-damage|p1a: Ting-Lu|79\/100 brn\n|-enditem|p1a: Ting-Lu|Leftovers|[from] move: Knock Off|[of] p2a: Cyclizar\n|move|p1a: Ting-Lu|Ruination|p2a: Cyclizar\n|-damage|p2a: Cyclizar|50\/100\n|\n|-damage|p1a: Ting-Lu|73\/100 brn|[from] brn\n|upkeep\n|turn|20\n|j| Kingston9629\n|\n|t:|1700529702\n|move|p2a: Cyclizar|Knock Off|p1a: Ting-Lu\n|-supereffective|p1a: Ting-Lu\n|-damage|p1a: Ting-Lu|62\/100 brn\n|move|p1a: Ting-Lu|Whirlwind|p2a: Cyclizar\n|drag|p2a: Corviknight|Corviknight, F|90\/100\n|-damage|p2a: Corviknight|78\/100|[from] Stealth Rock\n|-ability|p2a: Corviknight|Pressure\n|\n|-heal|p2a: Corviknight|84\/100|[from] item: Leftovers\n|-damage|p1a: Ting-Lu|56\/100 brn|[from] brn\n|upkeep\n|turn|21\n|\n|t:|1700529706\n|switch|p1a: Gholdengo|Gholdengo|93\/100\n|-damage|p1a: Gholdengo|86\/100|[from] Stealth Rock\n|move|p2a: Corviknight|Iron Head|p1a: Gholdengo\n|-resisted|p1a: Gholdengo\n|-crit|p1a: Gholdengo\n|-damage|p1a: Gholdengo|74\/100\n|\n|-heal|p2a: Corviknight|90\/100|[from] item: Leftovers\n|upkeep\n|turn|22\n|j| Poppadon\n|\n|t:|1700529712\n|switch|p2a: Blissey|Blissey, F|83\/100\n|move|p1a: Gholdengo|Nasty Plot|p1a: Gholdengo\n|-boost|p1a: Gholdengo|spa|2\n|\n|upkeep\n|turn|23\n|\n|t:|1700529719\n|move|p1a: Gholdengo|Make It Rain|p2a: Blissey\n|-damage|p2a: Blissey|50\/100\n|-unboost|p1a: Gholdengo|spa|1\n|move|p2a: Blissey|Shadow Ball|p1a: Gholdengo\n|-supereffective|p1a: Gholdengo\n|-damage|p1a: Gholdengo|46\/100\n|-unboost|p1a: Gholdengo|spd|1\n|\n|upkeep\n|turn|24\n|l| Poppadon\n|\n|t:|1700529729\n|switch|p2a: Weezing|Weezing-Galar, M|72\/100\n|-ability|p2a: Weezing|Neutralizing Gas\n|move|p1a: Gholdengo|Recover|p1a: Gholdengo\n|-heal|p1a: Gholdengo|96\/100\n|\n|upkeep\n|turn|25\n|\n|t:|1700529733\n|-end|p2a: Weezing|ability: Neutralizing Gas\n|switch|p2a: Blissey|Blissey, F|50\/100\n|move|p1a: Gholdengo|Make It Rain|p2a: Blissey\n|-damage|p2a: Blissey|26\/100\n|-unboost|p1a: Gholdengo|spa|1\n|\n|upkeep\n|turn|26\n|\n|t:|1700529754\n|switch|p1a: Glimmora|Glimmora, M|46\/100\n|-damage|p1a: Glimmora|33\/100|[from] Stealth Rock\n|move|p2a: Blissey|Soft-Boiled|p2a: Blissey\n|-heal|p2a: Blissey|76\/100\n|\n|upkeep\n|turn|27\n|j| Seleukos\n|\n|t:|1700529761\n|switch|p1a: Dragapult|Dragapult, M|76\/100\n|-damage|p1a: Dragapult|64\/100|[from] Stealth Rock\n|switch|p2a: Corviknight|Corviknight, F|90\/100\n|-damage|p2a: Corviknight|78\/100|[from] Stealth Rock\n|-ability|p2a: Corviknight|Pressure\n|\n|-heal|p2a: Corviknight|84\/100|[from] item: Leftovers\n|upkeep\n|turn|28\n|\n|t:|1700529768\n|move|p1a: Dragapult|Flamethrower|p2a: Corviknight\n|-supereffective|p2a: Corviknight\n|-damage|p2a: Corviknight|6\/100\n|move|p2a: Corviknight|Roost|p2a: Corviknight\n|-heal|p2a: Corviknight|56\/100\n|-singleturn|p2a: Corviknight|move: Roost\n|\n|-heal|p2a: Corviknight|62\/100|[from] item: Leftovers\n|upkeep\n|turn|29\n|\n|t:|1700529778\n|switch|p1a: Kingambit|Kingambit, F|100\/100\n|-damage|p1a: Kingambit|94\/100|[from] Stealth Rock\n|-activate|p1a: Kingambit|ability: Supreme Overlord\n|-start|p1a: Kingambit|fallen1|[silent]\n|switch|p2a: Cyclizar|Cyclizar, F|84\/100\n|\n|-heal|p1a: Kingambit|100\/100|[from] item: Leftovers\n|upkeep\n|turn|30\n|\n|t:|1700529782\n|move|p2a: Cyclizar|Overheat|p1a: Kingambit\n|-supereffective|p1a: Kingambit\n|-damage|p1a: Kingambit|36\/100\n|-unboost|p2a: Cyclizar|spa|2\n|move|p1a: Kingambit|Low Kick|p2a: Cyclizar\n|-supereffective|p2a: Cyclizar\n|-damage|p2a: Cyclizar|0 fnt\n|faint|p2a: Cyclizar\n|\n|-heal|p1a: Kingambit|42\/100|[from] item: Leftovers\n|upkeep\n|\n|t:|1700529785\n|switch|p2a: Weezing|Weezing-Galar, M|72\/100\n|-ability|p2a: Weezing|Neutralizing Gas\n|turn|31\n|\n|t:|1700529800\n|-end|p1a: Kingambit|fallen1|[silent]\n|switch|p1a: Ting-Lu|Ting-Lu, tera:Ghost|56\/100 brn\n|-damage|p1a: Ting-Lu|43\/100 brn|[from] Stealth Rock\n|move|p2a: Weezing|Defog|p1a: Ting-Lu\n|-unboost|p1a: Ting-Lu|evasion|1\n|-sideend|p1: chewisgloo|Stealth Rock|[from] move: Defog|[of] p2a: Weezing\n|-sideend|p2: mathismathin|Spikes|[from] move: Defog|[of] p2a: Weezing\n|-sideend|p2: mathismathin|Stealth Rock|[from] move: Defog|[of] p2a: Weezing\n|\n|-damage|p1a: Ting-Lu|37\/100 brn|[from] brn\n|upkeep\n|turn|32\n|\n|t:|1700529809\n|-end|p2a: Weezing|ability: Neutralizing Gas\n|-ability|p1a: Ting-Lu|Vessel of Ruin\n|switch|p2a: Alomomola|Alomomola, M|99\/100\n|move|p1a: Ting-Lu|Ruination|p2a: Alomomola\n|-damage|p2a: Alomomola|50\/100\n|\n|-heal|p2a: Alomomola|56\/100|[from] item: Leftovers\n|-damage|p1a: Ting-Lu|31\/100 brn|[from] brn\n|upkeep\n|turn|33\n|\n|t:|1700529815\n|move|p2a: Alomomola|Wish|p2a: Alomomola\n|move|p1a: Ting-Lu|Spikes|p2a: Alomomola\n|-sidestart|p2: mathismathin|Spikes\n|\n|-heal|p2a: Alomomola|63\/100|[from] item: Leftovers\n|-damage|p1a: Ting-Lu|25\/100 brn|[from] brn\n|upkeep\n|turn|34\n|\n|t:|1700529817\n|move|p2a: Alomomola|Flip Turn|p1a: Ting-Lu\n|-damage|p1a: Ting-Lu|18\/100 brn\n|\n|t:|1700529821\n|switch|p2a: Wo-Chien|Wo-Chien|46\/100|[from] Flip Turn\n|-damage|p2a: Wo-Chien|34\/100|[from] Spikes\n|-ability|p2a: Wo-Chien|Tablets of Ruin\n|move|p1a: Ting-Lu|Spikes|p2a: Wo-Chien\n|-sidestart|p2: mathismathin|Spikes\n|\n|-heal|p2a: Wo-Chien|97\/100|[from] move: Wish|[wisher] Alomomola\n|-heal|p2a: Wo-Chien|100\/100|[from] item: Leftovers\n|-damage|p1a: Ting-Lu|12\/100 brn|[from] brn\n|upkeep\n|turn|35\n|\n|t:|1700529836\n|switch|p2a: Weezing|Weezing-Galar, M|72\/100\n|-ability|p2a: Weezing|Neutralizing Gas\n|move|p1a: Ting-Lu|Ruination|p2a: Weezing\n|-damage|p2a: Weezing|36\/100\n|\n|-damage|p1a: Ting-Lu|6\/100 brn|[from] brn\n|upkeep\n|turn|36\n|\n|t:|1700529843\n|move|p2a: Weezing|Defog|p1a: Ting-Lu\n|-unboost|p1a: Ting-Lu|evasion|1\n|-sideend|p2: mathismathin|Spikes|[from] move: Defog|[of] p2a: Weezing\n|move|p1a: Ting-Lu|Earthquake|p2a: Weezing\n|-supereffective|p2a: Weezing\n|-damage|p2a: Weezing|12\/100\n|\n|-damage|p1a: Ting-Lu|0 fnt|[from] brn\n|faint|p1a: Ting-Lu\n|upkeep\n|inactive|chewisgloo has 120 seconds left.\n|\n|t:|1700529877\n|switch|p1a: Glimmora|Glimmora, M|33\/100\n|turn|37\n|\n|t:|1700529884\n|-end|p2a: Weezing|ability: Neutralizing Gas\n|switch|p2a: Blissey|Blissey, F|76\/100\n|move|p1a: Glimmora|Earth Power|p2a: Blissey\n|-damage|p2a: Blissey|66\/100\n|\n|upkeep\n|turn|38\n|\n|t:|1700529887\n|switch|p2a: Corviknight|Corviknight, F|62\/100\n|-ability|p2a: Corviknight|Pressure\n|move|p1a: Glimmora|Mortal Spin|p2a: Corviknight\n|-immune|p2a: Corviknight\n|\n|-heal|p2a: Corviknight|68\/100|[from] item: Leftovers\n|upkeep\n|turn|39\n|\n|t:|1700529906\n|move|p1a: Glimmora|Stealth Rock|p2a: Corviknight\n|-sidestart|p2: mathismathin|move: Stealth Rock\n|move|p2a: Corviknight|Iron Head|p1a: Glimmora\n|-supereffective|p1a: Glimmora\n|-damage|p1a: Glimmora|0 fnt\n|-activate|p1a: Glimmora|ability: Toxic Debris\n|-sidestart|p2: mathismathin|move: Toxic Spikes\n|faint|p1a: Glimmora\n|\n|-heal|p2a: Corviknight|75\/100|[from] item: Leftovers\n|upkeep\n|\n|t:|1700529913\n|switch|p1a: Dragapult|Dragapult, M|64\/100\n|turn|40\n|\n|t:|1700529921\n|switch|p2a: Weezing|Weezing-Galar, M|12\/100\n|-ability|p2a: Weezing|Neutralizing Gas\n|-sideend|p2: mathismathin|move: Toxic Spikes|[of] p2a: Weezing\n|move|p1a: Dragapult|U-turn|p2a: Weezing\n|-resisted|p2a: Weezing\n|-damage|p2a: Weezing|9\/100\n|\n|t:|1700529927\n|switch|p1a: Gholdengo|Gholdengo|96\/100|[from] U-turn\n|\n|upkeep\n|turn|41\n|\n|t:|1700529930\n|-end|p2a: Weezing|ability: Neutralizing Gas\n|switch|p2a: Blissey|Blissey, F|66\/100\n|move|p1a: Gholdengo|Nasty Plot|p1a: Gholdengo\n|-boost|p1a: Gholdengo|spa|2\n|\n|upkeep\n|turn|42\n|\n|t:|1700529935\n|move|p1a: Gholdengo|Nasty Plot|p1a: Gholdengo\n|-boost|p1a: Gholdengo|spa|2\n|move|p2a: Blissey|Calm Mind|p2a: Blissey\n|-boost|p2a: Blissey|spa|1\n|-boost|p2a: Blissey|spd|1\n|\n|upkeep\n|turn|43\n|\n|t:|1700529936\n|move|p1a: Gholdengo|Make It Rain|p2a: Blissey\n|-damage|p2a: Blissey|31\/100\n|-unboost|p1a: Gholdengo|spa|1\n|move|p2a: Blissey|Soft-Boiled|p2a: Blissey\n|-heal|p2a: Blissey|81\/100\n|\n|upkeep\n|turn|44\n|\n|t:|1700529942\n|move|p1a: Gholdengo|Nasty Plot|p1a: Gholdengo\n|-boost|p1a: Gholdengo|spa|2\n|move|p2a: Blissey|Stealth Rock|p1a: Gholdengo\n|-sidestart|p1: chewisgloo|move: Stealth Rock\n|\n|upkeep\n|turn|45\n|\n|t:|1700529945\n|move|p1a: Gholdengo|Make It Rain|p2a: Blissey\n|-damage|p2a: Blissey|42\/100\n|-unboost|p1a: Gholdengo|spa|1\n|move|p2a: Blissey|Shadow Ball|p1a: Gholdengo\n|-supereffective|p1a: Gholdengo\n|-damage|p1a: Gholdengo|50\/100\n|\n|upkeep\n|turn|46\n|\n|t:|1700529952\n|switch|p1a: Kingambit|Kingambit, F|42\/100\n|-damage|p1a: Kingambit|36\/100|[from] Stealth Rock\n|-activate|p1a: Kingambit|ability: Supreme Overlord\n|-start|p1a: Kingambit|fallen3|[silent]\n|move|p2a: Blissey|Soft-Boiled|p2a: Blissey\n|-heal|p2a: Blissey|92\/100\n|\n|-heal|p1a: Kingambit|42\/100|[from] item: Leftovers\n|upkeep\n|turn|47\n|\n|t:|1700529973\n|switch|p2a: Wo-Chien|Wo-Chien|100\/100\n|-damage|p2a: Wo-Chien|88\/100|[from] Stealth Rock\n|-ability|p2a: Wo-Chien|Tablets of Ruin\n|move|p1a: Kingambit|Swords Dance|p1a: Kingambit\n|-boost|p1a: Kingambit|atk|2\n|\n|-heal|p1a: Kingambit|48\/100|[from] item: Leftovers\n|-heal|p2a: Wo-Chien|94\/100|[from] item: Leftovers\n|upkeep\n|turn|48\n|\n|t:|1700529979\n|-terastallize|p2a: Wo-Chien|Fairy\n|move|p1a: Kingambit|Low Kick|p2a: Wo-Chien\n|-resisted|p2a: Wo-Chien\n|-damage|p2a: Wo-Chien|73\/100\n|move|p2a: Wo-Chien|Foul Play|p1a: Kingambit\n|-resisted|p1a: Kingambit\n|-damage|p1a: Kingambit|4\/100\n|\n|-heal|p1a: Kingambit|10\/100|[from] item: Leftovers\n|-heal|p2a: Wo-Chien|80\/100|[from] item: Leftovers\n|upkeep\n|turn|49\n|\n|t:|1700529988\n|-end|p1a: Kingambit|fallen3|[silent]\n|switch|p1a: Dragapult|Dragapult, M|64\/100\n|-damage|p1a: Dragapult|51\/100|[from] Stealth Rock\n|move|p2a: Wo-Chien|Foul Play|p1a: Dragapult\n|-supereffective|p1a: Dragapult\n|-damage|p1a: Dragapult|0 fnt\n|faint|p1a: Dragapult\n|\n|-heal|p2a: Wo-Chien|86\/100|[from] item: Leftovers\n|upkeep\n|\n|t:|1700529991\n|switch|p1a: Gholdengo|Gholdengo|50\/100\n|-damage|p1a: Gholdengo|44\/100|[from] Stealth Rock\n|turn|50\n|\n|t:|1700529996\n|switch|p2a: Blissey|Blissey, F|92\/100\n|move|p1a: Gholdengo|Make It Rain|p2a: Blissey\n|-damage|p2a: Blissey|77\/100\n|-unboost|p1a: Gholdengo|spa|1\n|\n|upkeep\n|turn|51\n|\n|t:|1700529999\n|move|p1a: Gholdengo|Recover|p1a: Gholdengo\n|-heal|p1a: Gholdengo|94\/100\n|move|p2a: Blissey|Shadow Ball|p1a: Gholdengo\n|-supereffective|p1a: Gholdengo\n|-damage|p1a: Gholdengo|64\/100\n|-unboost|p1a: Gholdengo|spd|1\n|\n|upkeep\n|turn|52\n|\n|t:|1700530005\n|switch|p1a: Kingambit|Kingambit, F|10\/100\n|-damage|p1a: Kingambit|4\/100|[from] Stealth Rock\n|-activate|p1a: Kingambit|ability: Supreme Overlord\n|-start|p1a: Kingambit|fallen4|[silent]\n|move|p2a: Blissey|Shadow Ball|p1a: Kingambit\n|-resisted|p1a: Kingambit\n|-damage|p1a: Kingambit|0 fnt\n|faint|p1a: Kingambit\n|-end|p1a: Kingambit|fallen4|[silent]\n|\n|upkeep\n|\n|t:|1700530008\n|switch|p1a: Gholdengo|Gholdengo|64\/100\n|-damage|p1a: Gholdengo|58\/100|[from] Stealth Rock\n|turn|53\n|\n|t:|1700530010\n|move|p1a: Gholdengo|Nasty Plot|p1a: Gholdengo\n|-boost|p1a: Gholdengo|spa|2\n|move|p2a: Blissey|Calm Mind|p2a: Blissey\n|-boost|p2a: Blissey|spa|1\n|-boost|p2a: Blissey|spd|1\n|\n|upkeep\n|turn|54\n|\n|t:|1700530012\n|move|p1a: Gholdengo|Nasty Plot|p1a: Gholdengo\n|-boost|p1a: Gholdengo|spa|2\n|move|p2a: Blissey|Shadow Ball|p1a: Gholdengo\n|-supereffective|p1a: Gholdengo\n|-damage|p1a: Gholdengo|14\/100\n|\n|upkeep\n|turn|55\n|\n|t:|1700530015\n|move|p1a: Gholdengo|Make It Rain|p2a: Blissey\n|-damage|p2a: Blissey|42\/100\n|-unboost|p1a: Gholdengo|spa|1\n|move|p2a: Blissey|Shadow Ball|p1a: Gholdengo\n|-supereffective|p1a: Gholdengo\n|-damage|p1a: Gholdengo|0 fnt\n|faint|p1a: Gholdengo\n|\n|win|mathismathin\n|raw|chewisgloo's rating: 1648 &rarr; <strong>1635<\/strong><br \/>(-13 for losing)\n|raw|mathismathin's rating: 1780 &rarr; <strong>1793<\/strong><br \/>(+13 for winning)\n","uploadtime":1700530018,"views":4,"p1id":"chewisgloo","p2id":"mathismathin","formatid":"gen9ou","rating":1635,"private":0,"password":""}