{"id":"gen9ou-1993837742","p1":"MianyangJiejie","p2":"mathismathin","format":"[Gen 9] OU","log":"|j|\u2606MianyangJiejie\n|j|\u2606mathismathin\n|t:|1700363499\n|gametype|singles\n|player|p1|MianyangJiejie|irida|1717\n|player|p2|mathismathin|nate|1798\n|teamsize|p1|6\n|teamsize|p2|6\n|gen|9\n|tier|[Gen 9] OU\n|rated|\n|rule|Sleep Clause Mod: Limit one foe put to sleep\n|rule|Species Clause: Limit one of each Pok\u00e9mon\n|rule|OHKO Clause: OHKO moves are banned\n|rule|Evasion Items Clause: Evasion items are banned\n|rule|Evasion Moves Clause: Evasion moves are banned\n|rule|Endless Battle Clause: Forcing endless battles is banned\n|rule|HP Percentage Mod: HP is shown in percentages\n|clearpoke\n|poke|p1|Ogerpon, F|\n|poke|p1|Ting-Lu|\n|poke|p1|Zapdos|\n|poke|p1|Alomomola, F|\n|poke|p1|Cinderace, M|\n|poke|p1|Iron Valiant|\n|poke|p2|Wo-Chien|\n|poke|p2|Weezing-Galar, F|\n|poke|p2|Blissey, F|\n|poke|p2|Cyclizar, F|\n|poke|p2|Alomomola, F|\n|poke|p2|Corviknight, F|\n|teampreview\n|\n|t:|1700363528\n|start\n|switch|p1a: Cinderace|Cinderace, M|100\/100\n|switch|p2a: Cyclizar|Cyclizar, F|100\/100\n|turn|1\n|\n|t:|1700363534\n|switch|p2a: Alomomola|Alomomola, F|100\/100\n|move|p1a: Cinderace|High Jump Kick|p2a: Alomomola|[miss]\n|-start|p1a: Cinderace|typechange|Fighting|[from] ability: Libero\n|-miss|p1a: Cinderace|p2a: Alomomola\n|-damage|p1a: Cinderace|51\/100|[from] highjumpkick\n|\n|upkeep\n|turn|2\n|\n|t:|1700363542\n|move|p1a: Cinderace|U-turn|p2a: Alomomola\n|-damage|p2a: Alomomola|86\/100\n|\n|t:|1700363547\n|switch|p1a: Ogerpon|Ogerpon, F|100\/100|[from] U-turn\n|move|p2a: Alomomola|Flip Turn|p1a: Ogerpon\n|-resisted|p1a: Ogerpon\n|-damage|p1a: Ogerpon|91\/100\n|j| srtyjj\n|\n|t:|1700363556\n|switch|p2a: Weezing|Weezing-Galar, F|100\/100|[from] Flip Turn\n|-ability|p2a: Weezing|Neutralizing Gas\n|\n|upkeep\n|turn|3\n|\n|t:|1700363568\n|move|p1a: Ogerpon|U-turn|p2a: Weezing\n|-resisted|p2a: Weezing\n|-damage|p2a: Weezing|95\/100\n|\n|t:|1700363570\n|switch|p1a: Ting-Lu|Ting-Lu|100\/100|[from] U-turn\n|move|p2a: Weezing|Sludge Bomb|p1a: Ting-Lu\n|-resisted|p1a: Ting-Lu\n|-damage|p1a: Ting-Lu|93\/100\n|\n|upkeep\n|turn|4\n|\n|t:|1700363577\n|move|p2a: Weezing|Defog|p1a: Ting-Lu\n|-unboost|p1a: Ting-Lu|evasion|1\n|move|p1a: Ting-Lu|Ruination|p2a: Weezing\n|-damage|p2a: Weezing|48\/100\n|\n|upkeep\n|turn|5\n|\n|t:|1700363583\n|move|p2a: Weezing|Will-O-Wisp|p1a: Ting-Lu\n|-status|p1a: Ting-Lu|brn\n|move|p1a: Ting-Lu|Earthquake|p2a: Weezing\n|-supereffective|p2a: Weezing\n|-damage|p2a: Weezing|15\/100\n|\n|-damage|p1a: Ting-Lu|87\/100 brn|[from] brn\n|upkeep\n|turn|6\n|\n|t:|1700363586\n|move|p2a: Weezing|Pain Split|p1a: Ting-Lu\n|-sethp|p1a: Ting-Lu|48\/100 brn|[from] move: Pain Split|[silent]\n|-sethp|p2a: Weezing|74\/100|[from] move: Pain Split\n|move|p1a: Ting-Lu|Ruination|p2a: Weezing\n|-damage|p2a: Weezing|37\/100\n|\n|-damage|p1a: Ting-Lu|42\/100 brn|[from] brn\n|upkeep\n|turn|7\n|\n|t:|1700363593\n|-end|p2a: Weezing|ability: Neutralizing Gas\n|-ability|p1a: Ting-Lu|Vessel of Ruin\n|switch|p2a: Alomomola|Alomomola, F|100\/100\n|move|p1a: Ting-Lu|Earthquake|p2a: Alomomola\n|-damage|p2a: Alomomola|84\/100\n|\n|-heal|p2a: Alomomola|91\/100|[from] item: Leftovers\n|-damage|p1a: Ting-Lu|36\/100 brn|[from] brn\n|upkeep\n|turn|8\n|\n|t:|1700363598\n|move|p1a: Ting-Lu|Ruination|p2a: Alomomola\n|-damage|p2a: Alomomola|46\/100\n|move|p2a: Alomomola|Flip Turn|p1a: Ting-Lu\n|-supereffective|p1a: Ting-Lu\n|-damage|p1a: Ting-Lu|18\/100 brn\n|j| SwabbyYabby\n|\n|t:|1700363618\n|switch|p2a: Cyclizar|Cyclizar, F|100\/100|[from] Flip Turn\n|\n|-damage|p1a: Ting-Lu|12\/100 brn|[from] brn\n|upkeep\n|turn|9\n|\n|t:|1700363620\n|move|p2a: Cyclizar|U-turn|p1a: Ting-Lu\n|-supereffective|p1a: Ting-Lu\n|-damage|p1a: Ting-Lu|0 fnt\n|faint|p1a: Ting-Lu\n|\n|t:|1700363624\n|switch|p2a: Alomomola|Alomomola, F|79\/100|[from] U-turn\n|\n|-heal|p2a: Alomomola|85\/100|[from] item: Leftovers\n|upkeep\n|\n|t:|1700363631\n|switch|p1a: Zapdos|Zapdos|100\/100\n|turn|10\n|\n|t:|1700363647\n|move|p1a: Zapdos|Volt Switch|p2a: Alomomola\n|-supereffective|p2a: Alomomola\n|-damage|p2a: Alomomola|23\/100\n|\n|t:|1700363653\n|switch|p1a: Ogerpon|Ogerpon, F|91\/100|[from] Volt Switch\n|move|p2a: Alomomola|Mirror Coat|p1a: Ogerpon\n|-damage|p1a: Ogerpon|0 fnt\n|faint|p1a: Ogerpon\n|\n|-heal|p2a: Alomomola|29\/100|[from] item: Leftovers\n|upkeep\n|\n|t:|1700363662\n|switch|p1a: Zapdos|Zapdos|100\/100\n|turn|11\n|\n|t:|1700363672\n|switch|p2a: Blissey|Blissey, F|100\/100\n|move|p1a: Zapdos|Volt Switch|p2a: Blissey\n|-damage|p2a: Blissey|91\/100\n|\n|t:|1700363680\n|switch|p1a: Cinderace|Cinderace, M|51\/100|[from] Volt Switch\n|\n|upkeep\n|turn|12\n|\n|t:|1700363688\n|switch|p2a: Alomomola|Alomomola, F|63\/100\n|move|p1a: Cinderace|High Jump Kick|p2a: Alomomola\n|-start|p1a: Cinderace|typechange|Fighting|[from] ability: Libero\n|-damage|p2a: Alomomola|27\/100\n|\n|-heal|p2a: Alomomola|33\/100|[from] item: Leftovers\n|upkeep\n|turn|13\n|\n|t:|1700363694\n|move|p2a: Alomomola|Protect|p2a: Alomomola\n|-singleturn|p2a: Alomomola|Protect\n|move|p1a: Cinderace|High Jump Kick|p2a: Alomomola\n|-activate|p2a: Alomomola|move: Protect\n|-damage|p1a: Cinderace|1\/100|[from] highjumpkick\n|\n|-heal|p2a: Alomomola|39\/100|[from] item: Leftovers\n|upkeep\n|turn|14\n|\n|t:|1700363698\n|move|p1a: Cinderace|U-turn|p2a: Alomomola\n|-damage|p2a: Alomomola|26\/100\n|\n|t:|1700363701\n|switch|p1a: Zapdos|Zapdos|100\/100|[from] U-turn\n|move|p2a: Alomomola|Wish|p2a: Alomomola\n|\n|-heal|p2a: Alomomola|32\/100|[from] item: Leftovers\n|upkeep\n|turn|15\n|inactive|Battle timer is ON: inactive players will automatically lose when time's up. (requested by MianyangJiejie)\n|\n|t:|1700363750\n|switch|p1a: Alomomola|Alomomola, F|100\/100\n|move|p2a: Alomomola|Protect||[still]\n|-fail|p2a: Alomomola\n|\n|-heal|p2a: Alomomola|82\/100|[from] move: Wish|[wisher] Alomomola\n|-heal|p2a: Alomomola|88\/100|[from] item: Leftovers\n|upkeep\n|turn|16\n|inactive|mathismathin has 120 seconds left.\n|\n|t:|1700363781\n|move|p2a: Alomomola|Wish|p2a: Alomomola\n|move|p1a: Alomomola|Wish|p1a: Alomomola\n|\n|-heal|p2a: Alomomola|95\/100|[from] item: Leftovers\n|upkeep\n|turn|17\n|\n|t:|1700363784\n|move|p2a: Alomomola|Flip Turn|p1a: Alomomola\n|-resisted|p1a: Alomomola\n|-crit|p1a: Alomomola\n|-damage|p1a: Alomomola|93\/100\n|-enditem|p1a: Alomomola|Red Card|[of] p2a: Alomomola\n|drag|p2a: Corviknight|Corviknight, F|100\/100\n|-ability|p2a: Corviknight|Pressure\n|move|p1a: Alomomola|Flip Turn|p2a: Corviknight\n|-damage|p2a: Corviknight|90\/100\n|\n|t:|1700363793\n|switch|p1a: Cinderace|Cinderace, M|1\/100|[from] Flip Turn\n|\n|-heal|p1a: Cinderace|79\/100|[from] move: Wish|[wisher] Alomomola\n|-heal|p2a: Corviknight|100\/100|[from] move: Wish|[wisher] Alomomola\n|upkeep\n|turn|18\n|\n|t:|1700363799\n|switch|p2a: Alomomola|Alomomola, F|100\/100\n|move|p1a: Cinderace|U-turn|p2a: Alomomola\n|-start|p1a: Cinderace|typechange|Bug|[from] ability: Libero\n|-damage|p2a: Alomomola|79\/100\n|\n|t:|1700363808\n|switch|p1a: Iron Valiant|Iron Valiant|100\/100|[from] U-turn\n|-enditem|p1a: Iron Valiant|Booster Energy\n|-activate|p1a: Iron Valiant|ability: Quark Drive|[fromitem]\n|-start|p1a: Iron Valiant|quarkdrivespe\n|\n|-heal|p2a: Alomomola|85\/100|[from] item: Leftovers\n|upkeep\n|turn|19\n|\n|t:|1700363818\n|move|p1a: Iron Valiant|Calm Mind|p1a: Iron Valiant\n|-boost|p1a: Iron Valiant|spa|1\n|-boost|p1a: Iron Valiant|spd|1\n|move|p2a: Alomomola|Flip Turn|p1a: Iron Valiant\n|-damage|p1a: Iron Valiant|79\/100\n|\n|t:|1700363820\n|switch|p2a: Corviknight|Corviknight, F|100\/100|[from] Flip Turn\n|-ability|p2a: Corviknight|Pressure\n|\n|upkeep\n|turn|20\n|\n|t:|1700363829\n|-terastallize|p1a: Iron Valiant|Steel\n|move|p1a: Iron Valiant|Calm Mind|p1a: Iron Valiant\n|-boost|p1a: Iron Valiant|spa|1\n|-boost|p1a: Iron Valiant|spd|1\n|move|p2a: Corviknight|Iron Head|p1a: Iron Valiant\n|-resisted|p1a: Iron Valiant\n|-damage|p1a: Iron Valiant|63\/100\n|\n|upkeep\n|turn|21\n|\n|t:|1700363838\n|-terastallize|p2a: Corviknight|Grass\n|move|p1a: Iron Valiant|Encore|p2a: Corviknight\n|-start|p2a: Corviknight|Encore\n|move|p2a: Corviknight|Iron Head|p1a: Iron Valiant\n|-resisted|p1a: Iron Valiant\n|-damage|p1a: Iron Valiant|48\/100\n|\n|upkeep\n|turn|22\n|\n|t:|1700363843\n|switch|p2a: Blissey|Blissey, F|91\/100\n|move|p1a: Iron Valiant|Calm Mind|p1a: Iron Valiant\n|-boost|p1a: Iron Valiant|spa|1\n|-boost|p1a: Iron Valiant|spd|1\n|\n|upkeep\n|turn|23\n|j| Roshino\n|\n|t:|1700363852\n|move|p1a: Iron Valiant|Calm Mind|p1a: Iron Valiant\n|-boost|p1a: Iron Valiant|spa|1\n|-boost|p1a: Iron Valiant|spd|1\n|move|p2a: Blissey|Shadow Ball|p1a: Iron Valiant\n|-damage|p1a: Iron Valiant|40\/100\n|\n|upkeep\n|turn|24\n|\n|t:|1700363857\n|move|p1a: Iron Valiant|Calm Mind|p1a: Iron Valiant\n|-boost|p1a: Iron Valiant|spa|1\n|-boost|p1a: Iron Valiant|spd|1\n|move|p2a: Blissey|Shadow Ball|p1a: Iron Valiant\n|-damage|p1a: Iron Valiant|33\/100\n|\n|upkeep\n|turn|25\n|\n|t:|1700363859\n|move|p1a: Iron Valiant|Calm Mind|p1a: Iron Valiant\n|-boost|p1a: Iron Valiant|spa|1\n|-boost|p1a: Iron Valiant|spd|1\n|move|p2a: Blissey|Shadow Ball|p1a: Iron Valiant\n|-damage|p1a: Iron Valiant|26\/100\n|\n|upkeep\n|turn|26\n|\n|t:|1700363860\n|move|p1a: Iron Valiant|Psyshock|p2a: Blissey\n|-damage|p2a: Blissey|0 fnt\n|faint|p2a: Blissey\n|\n|upkeep\n|-message|mathismathin forfeited.\n|\n|win|MianyangJiejie\n|raw|MianyangJiejie's rating: 1717 &rarr; <strong>1742<\/strong><br \/>(+25 for winning)\n|raw|mathismathin's rating: 1798 &rarr; <strong>1773<\/strong><br \/>(-25 for losing)\n|l|\u2606mathismathin\n|l| SwabbyYabby\n","uploadtime":1700363893,"views":19,"p1id":"mianyangjiejie","p2id":"mathismathin","formatid":"gen9ou","rating":1742,"private":0,"password":""}