{"id":"gen9ou-1990130624","p1":"knexhawk2","p2":"yomaalt","format":"[Gen 9] OU","log":"|j|\u2606knexhawk2\n|j|\u2606yomaalt\n|inactive|Battle timer is ON: inactive players will automatically lose when time's up.\n|t:|1699927844\n|gametype|singles\n|player|p1|knexhawk2|red-masters|\n|player|p2|yomaalt|266|\n|teamsize|p1|6\n|teamsize|p2|6\n|gen|9\n|tier|[Gen 9] OU\n|rated|Tournament battle\n|rule|Sleep Clause Mod: Limit one foe put to sleep\n|rule|Species Clause: Limit one of each Pok\u00e9mon\n|rule|OHKO Clause: OHKO moves are banned\n|rule|Evasion Items Clause: Evasion items are banned\n|rule|Evasion Moves Clause: Evasion moves are banned\n|rule|Endless Battle Clause: Forcing endless battles is banned\n|rule|HP Percentage Mod: HP is shown in percentages\n|clearpoke\n|poke|p1|Blissey, F|\n|poke|p1|Alomomola, F|\n|poke|p1|Avalugg, M|\n|poke|p1|Dondozo, F|\n|poke|p1|Toxapex, M|\n|poke|p1|Moltres|\n|poke|p2|Zekrom|\n|poke|p2|Dondozo, F|\n|poke|p2|Ting-Lu|\n|poke|p2|Gholdengo|\n|poke|p2|Kingambit, F|\n|poke|p2|Iron Moth|\n|teampreview\n|j|@Disorient\n|j| onntra\n|j| spiderkitty410\n|c|\u2606yomaalt|are you ready\n|j| zaydapoketrainer\n|c|\u2606yomaalt|to rumbleeeeeeeee\n|\n|t:|1699927855\n|start\n|switch|p1a: im Her|Blissey, F|100\/100\n|switch|p2a: Ting-Lu|Ting-Lu|100\/100\n|-ability|p2a: Ting-Lu|Vessel of Ruin\n|turn|1\n|j| IConsumeChairs\n|\n|t:|1699927858\n|move|p1a: im Her|Stealth Rock|p2a: Ting-Lu\n|-sidestart|p2: yomaalt|move: Stealth Rock\n|move|p2a: Ting-Lu|Ceaseless Edge|p1a: im Her\n|-damage|p1a: im Her|77\/100\n|-sidestart|p1: knexhawk2|Spikes\n|\n|upkeep\n|turn|2\n|c| spiderkitty410|stall v stall eww\n|l| spiderkitty410\n|c|\u2606yomaalt|HOW AM I STALL?\n|\n|t:|1699927872\n|move|p1a: im Her|Toxic|p2a: Ting-Lu\n|-status|p2a: Ting-Lu|tox\n|move|p2a: Ting-Lu|Ceaseless Edge|p1a: im Her\n|-damage|p1a: im Her|54\/100\n|-sidestart|p1: knexhawk2|Spikes\n|\n|-damage|p2a: Ting-Lu|94\/100 tox|[from] psn\n|upkeep\n|turn|3\n|c| zaydapoketrainer|bro\n|\n|t:|1699927877\n|move|p1a: im Her|Soft-Boiled|p1a: im Her\n|-heal|p1a: im Her|100\/100\n|move|p2a: Ting-Lu|Jungle Healing|p2a: Ting-Lu\n|-heal|p2a: Ting-Lu|100\/100 tox\n|-curestatus|p2a: Ting-Lu|tox|[msg]\n|\n|upkeep\n|turn|4\n|c| zaydapoketrainer|wtf\n|c| zaydapoketrainer|LOL\n|c| zaydapoketrainer|LOL\n|c| zaydapoketrainer|LOL\n|c|\u2606knexhawk2|lmao\n|c| zaydapoketrainer|LOL\n|\n|t:|1699927887\n|move|p1a: im Her|Toxic|p2a: Ting-Lu\n|-status|p2a: Ting-Lu|tox\n|move|p2a: Ting-Lu|Rapid Spin|p1a: im Her\n|-damage|p1a: im Her|87\/100\n|-boost|p2a: Ting-Lu|spe|1\n|-sideend|p2: yomaalt|Stealth Rock|[from] move: Rapid Spin|[of] p2a: Ting-Lu\n|\n|-damage|p2a: Ting-Lu|94\/100 tox|[from] psn\n|upkeep\n|turn|5\n|c| zaydapoketrainer|LOL\n|c|\u2606knexhawk2|oh we just brining\n|c|\u2606knexhawk2|straight ilegal moves\n|j| bloatedbagel\n|c|\u2606yomaalt|h yeah jungle healing isn't PP nerfed since it's ass\n|c| zaydapoketrainer|bro\n|c|\u2606yomaalt|yessir\n|c| zaydapoketrainer|please click spore\n|c| zaydapoketrainer|rn\n|c|\u2606yomaalt|I am bullshitting\n|\n|t:|1699927912\n|switch|p1a: talonflaame|Moltres|100\/100\n|move|p2a: Ting-Lu|Jungle Healing|p2a: Ting-Lu\n|-heal|p2a: Ting-Lu|100\/100 tox\n|-curestatus|p2a: Ting-Lu|tox|[msg]\n|\n|upkeep\n|turn|6\n|j| ultrablaze25\n|c| zaydapoketrainer|please click spore\n|c| zaydapoketrainer|LOL\n|inactive|knexhawk2 has 120 seconds left.\n|\n|t:|1699927929\n|move|p1a: talonflaame|Defog|p2a: Ting-Lu\n|-unboost|p2a: Ting-Lu|evasion|1\n|-sideend|p1: knexhawk2|Spikes|[from] move: Defog|[of] p1a: talonflaame\n|move|p2a: Ting-Lu|Whirlwind|p1a: talonflaame\n|drag|p1a: physical attacker|Avalugg, M|100\/100\n|\n|upkeep\n|turn|7\n|j| SDK04\n|c|\u2606yomaalt|ok but i have the FUNNIEST yet most demonic tech to every exist\n|\n|t:|1699927937\n|switch|p2a: Dondozo|Dondozo, F|100\/100\n|move|p1a: physical attacker|Body Press|p2a: Dondozo\n|-damage|p2a: Dondozo|83\/100\n|\n|-heal|p2a: Dondozo|89\/100|[from] item: Leftovers\n|upkeep\n|turn|8\n|c|\u2606yomaalt|are you ready to see it\n|l| bloatedbagel\n|c| zaydapoketrainer|ni\n|c| zaydapoketrainer|no\n|c| SDK04|Remember that Zekrom annihil\u00e2tes this whole team\n|inactive|knexhawk2 has 120 seconds left.\n|c| zaydapoketrainer|flame body is his only chance\n|j| Rekless_Zombie\n|c|\u2606yomaalt|oh yeah teravolt i completely forgot that's a mold breaker clone\n|\n|t:|1699927970\n|switch|p1a: talonflaame|Moltres|100\/100\n|move|p2a: Dondozo|Cosmic Power|p2a: Dondozo\n|-boost|p2a: Dondozo|def|1\n|-boost|p2a: Dondozo|spd|1\n|\n|-heal|p2a: Dondozo|95\/100|[from] item: Leftovers\n|upkeep\n|turn|9\n|c|\u2606yomaalt|anyways i want to win the funny way\n|\n|t:|1699927977\n|move|p1a: talonflaame|Will-O-Wisp|p2a: Dondozo\n|-status|p2a: Dondozo|brn\n|move|p2a: Dondozo|Cosmic Power|p2a: Dondozo\n|-boost|p2a: Dondozo|def|1\n|-boost|p2a: Dondozo|spd|1\n|\n|-heal|p2a: Dondozo|100\/100 brn|[from] item: Leftovers\n|-damage|p2a: Dondozo|94\/100 brn|[from] brn\n|upkeep\n|turn|10\n|c| zaydapoketrainer|LMAO\n|c| zaydapoketrainer|how is this legal\n|c|\u2606yomaalt|meet\n|inactive|knexhawk2 has 120 seconds left.\n|c|\u2606yomaalt|demondozo\n|\n|t:|1699927990\n|switch|p1a: gen8 is back.|Toxapex, M|100\/100\n|move|p2a: Dondozo|Cosmic Power|p2a: Dondozo\n|-boost|p2a: Dondozo|def|1\n|-boost|p2a: Dondozo|spd|1\n|\n|-heal|p2a: Dondozo|100\/100 brn|[from] item: Leftovers\n|-damage|p2a: Dondozo|94\/100 brn|[from] brn\n|upkeep\n|turn|11\n|c| zaydapoketrainer|oh\n|c| zaydapoketrainer|removed rules\n|c| zaydapoketrainer|obt moves\n|c| zaydapoketrainer|..\n|\n|t:|1699927996\n|move|p2a: Dondozo|Body Press|p1a: gen8 is back.\n|-resisted|p1a: gen8 is back.\n|-damage|p1a: gen8 is back.|88\/100\n|move|p1a: gen8 is back.|Knock Off|p2a: Dondozo\n|-damage|p2a: Dondozo|92\/100 brn\n|-enditem|p2a: Dondozo|Leftovers|[from] move: Knock Off|[of] p1a: gen8 is back.\n|\n|-damage|p2a: Dondozo|85\/100 brn|[from] brn\n|upkeep\n|turn|12\n|c|\u2606yomaalt|damn\n|c|\u2606yomaalt|he got me on a timer\n|\n|t:|1699928004\n|move|p2a: Dondozo|Cosmic Power|p2a: Dondozo\n|-boost|p2a: Dondozo|def|1\n|-boost|p2a: Dondozo|spd|1\n|move|p1a: gen8 is back.|Light Screen|p1a: gen8 is back.\n|-sidestart|p1: knexhawk2|move: Light Screen\n|\n|-damage|p2a: Dondozo|79\/100 brn|[from] brn\n|upkeep\n|turn|13\n|c| Rekless_Zombie|yoma did you just throw a dozo on cuz you saw knex\n|c| Rekless_Zombie|be real\n|c|\u2606yomaalt|no\n|c| SDK04|yomaalt too bad I didn\u2019t get to reveal my Shift Gear + Dual Wingbeat + Power strip Landorus-Therian\n|c|\u2606yomaalt|i've had dozo since\n|\n|t:|1699928023\n|switch|p1a: FishingIsLikeSeex|Alomomola, F|100\/100\n|move|p2a: Dondozo|Cosmic Power|p2a: Dondozo\n|-boost|p2a: Dondozo|def|1\n|-boost|p2a: Dondozo|spd|1\n|\n|-damage|p2a: Dondozo|73\/100 brn|[from] brn\n|upkeep\n|turn|14\n|c| SDK04|*Power Trip\n|c| zaydapoketrainer|nah bro\n|c| zaydapoketrainer|wheres my sd zekrom\n|\n|t:|1699928038\n|switch|p1a: gen8 is back.|Toxapex, M|100\/100\n|move|p2a: Dondozo|Cosmic Power|p2a: Dondozo\n|-boost|p2a: Dondozo|def|1\n|-boost|p2a: Dondozo|spd|1\n|\n|-damage|p2a: Dondozo|67\/100 brn|[from] brn\n|upkeep\n|turn|15\n|c|\u2606yomaalt|Call me a chef\n|c| zaydapoketrainer|w\/ scale shot\n|\n|t:|1699928043\n|move|p2a: Dondozo|Body Press|p1a: gen8 is back.\n|-resisted|p1a: gen8 is back.\n|-damage|p1a: gen8 is back.|77\/100\n|move|p1a: gen8 is back.|Knock Off|p2a: Dondozo\n|-damage|p2a: Dondozo|66\/100 brn\n|\n|-damage|p2a: Dondozo|59\/100 brn|[from] brn\n|upkeep\n|turn|16\n|l| zaydapoketrainer\n|inactive|knexhawk2 has 120 seconds left.\n|inactive|yomaalt has 120 seconds left.\n|c|\u2606yomaalt|where haze bro\n|\n|t:|1699928089\n|move|p2a: Dondozo|Cosmic Power|p2a: Dondozo\n|-boost|p2a: Dondozo|def|0\n|-boost|p2a: Dondozo|spd|0\n|move|p1a: gen8 is back.|Knock Off|p2a: Dondozo\n|-damage|p2a: Dondozo|58\/100 brn\n|\n|-damage|p2a: Dondozo|52\/100 brn|[from] brn\n|-sideend|p1: knexhawk2|move: Light Screen\n|upkeep\n|turn|17\n|\n|t:|1699928109\n|move|p2a: Dondozo|Slack Off|p2a: Dondozo\n|-heal|p2a: Dondozo|100\/100 brn\n|move|p1a: gen8 is back.|Knock Off|p2a: Dondozo\n|-damage|p2a: Dondozo|99\/100 brn\n|\n|-damage|p2a: Dondozo|93\/100 brn|[from] brn\n|upkeep\n|turn|18\n|c|\u2606yomaalt|Kids\n|j| bloatedbagel\n|c|\u2606yomaalt|This is why we run haze\n|\n|t:|1699928125\n|move|p2a: Dondozo|Cosmic Power|p2a: Dondozo\n|-boost|p2a: Dondozo|def|0\n|-boost|p2a: Dondozo|spd|0\n|move|p1a: gen8 is back.|Scald|p2a: Dondozo\n|-resisted|p2a: Dondozo\n|-damage|p2a: Dondozo|90\/100 brn\n|\n|-damage|p2a: Dondozo|84\/100 brn|[from] brn\n|upkeep\n|turn|19\n|inactive|knexhawk2 has 90 seconds left.\n|\n|t:|1699928143\n|move|p2a: Dondozo|Cosmic Power|p2a: Dondozo\n|-boost|p2a: Dondozo|def|0\n|-boost|p2a: Dondozo|spd|0\n|move|p1a: gen8 is back.|Scald|p2a: Dondozo\n|-resisted|p2a: Dondozo\n|-damage|p2a: Dondozo|82\/100 brn\n|\n|-damage|p2a: Dondozo|76\/100 brn|[from] brn\n|upkeep\n|turn|20\n|\n|t:|1699928152\n|switch|p1a: FishingIsLikeSeex|Alomomola, F|100\/100\n|move|p2a: Dondozo|Cosmic Power|p2a: Dondozo\n|-boost|p2a: Dondozo|def|0\n|-boost|p2a: Dondozo|spd|0\n|\n|-damage|p2a: Dondozo|70\/100 brn|[from] brn\n|upkeep\n|turn|21\n|\n|t:|1699928154\n|move|p1a: FishingIsLikeSeex|Knock Off|p2a: Dondozo\n|-damage|p2a: Dondozo|68\/100 brn\n|move|p2a: Dondozo|Slack Off|p2a: Dondozo\n|-heal|p2a: Dondozo|100\/100 brn\n|\n|-damage|p2a: Dondozo|94\/100 brn|[from] brn\n|upkeep\n|turn|22\n|\n|t:|1699928164\n|move|p1a: FishingIsLikeSeex|Scald|p2a: Dondozo\n|-resisted|p2a: Dondozo\n|-damage|p2a: Dondozo|93\/100 brn\n|move|p2a: Dondozo|Cosmic Power|p2a: Dondozo\n|-boost|p2a: Dondozo|def|0\n|-boost|p2a: Dondozo|spd|0\n|\n|-damage|p2a: Dondozo|86\/100 brn|[from] brn\n|upkeep\n|turn|23\n|\n|t:|1699928181\n|move|p1a: FishingIsLikeSeex|Wish|p1a: FishingIsLikeSeex\n|move|p2a: Dondozo|Cosmic Power|p2a: Dondozo\n|-boost|p2a: Dondozo|def|0\n|-boost|p2a: Dondozo|spd|0\n|\n|-damage|p2a: Dondozo|80\/100 brn|[from] brn\n|upkeep\n|turn|24\n|inactive|knexhawk2 has 120 seconds left.\n|\n|t:|1699928191\n|move|p1a: FishingIsLikeSeex|Scald|p2a: Dondozo\n|-resisted|p2a: Dondozo\n|-damage|p2a: Dondozo|78\/100 brn\n|move|p2a: Dondozo|Cosmic Power|p2a: Dondozo\n|-boost|p2a: Dondozo|def|0\n|-boost|p2a: Dondozo|spd|0\n|\n|-damage|p2a: Dondozo|72\/100 brn|[from] brn\n|upkeep\n|turn|25\n|inactive|knexhawk2 has 120 seconds left.\n|l| onntra\n|c|\u2606yomaalt|crap i'm capped cause of burn\n|\n|t:|1699928204\n|move|p1a: FishingIsLikeSeex|Scald|p2a: Dondozo\n|-resisted|p2a: Dondozo\n|-damage|p2a: Dondozo|71\/100 brn\n|move|p2a: Dondozo|Slack Off|p2a: Dondozo\n|-heal|p2a: Dondozo|100\/100 brn\n|\n|-damage|p2a: Dondozo|94\/100 brn|[from] brn\n|upkeep\n|turn|26\n|inactive|knexhawk2 has 120 seconds left.\n|c|\u2606yomaalt|and yes you ready that right\n|\n|t:|1699928222\n|move|p1a: FishingIsLikeSeex|Knock Off|p2a: Dondozo\n|-damage|p2a: Dondozo|93\/100 brn\n|move|p2a: Dondozo|Rage Fist|p1a: FishingIsLikeSeex\n|-damage|p1a: FishingIsLikeSeex|80\/100\n|\n|-damage|p2a: Dondozo|87\/100 brn|[from] brn\n|upkeep\n|turn|27\n|c|\u2606yomaalt|damn\n|c|\u2606yomaalt|LMAO\n|c|\u2606yomaalt|ll that setup...\n|c|\u2606yomaalt|for what\n|c|\u2606yomaalt|oh well\n|\n|t:|1699928248\n|switch|p2a: Ting-Lu|Ting-Lu|100\/100\n|-ability|p2a: Ting-Lu|Vessel of Ruin\n|move|p1a: FishingIsLikeSeex|Knock Off|p2a: Ting-Lu\n|-resisted|p2a: Ting-Lu\n|-damage|p2a: Ting-Lu|96\/100\n|-enditem|p2a: Ting-Lu|Leftovers|[from] move: Knock Off|[of] p1a: FishingIsLikeSeex\n|\n|upkeep\n|turn|28\n|\n|t:|1699928256\n|move|p2a: Ting-Lu|Ceaseless Edge|p1a: FishingIsLikeSeex\n|-damage|p1a: FishingIsLikeSeex|66\/100\n|-sidestart|p1: knexhawk2|Spikes\n|move|p1a: FishingIsLikeSeex|Scald|p2a: Ting-Lu\n|-supereffective|p2a: Ting-Lu\n|-damage|p2a: Ting-Lu|84\/100\n|-status|p2a: Ting-Lu|brn\n|\n|-damage|p2a: Ting-Lu|78\/100 brn|[from] brn\n|upkeep\n|turn|29\n|l| SDK04\n|j|+cromagnet\n|\n|t:|1699928268\n|move|p2a: Ting-Lu|Jungle Healing|p2a: Ting-Lu\n|-heal|p2a: Ting-Lu|100\/100 brn\n|-curestatus|p2a: Ting-Lu|brn|[msg]\n|move|p1a: FishingIsLikeSeex|Scald|p2a: Ting-Lu\n|-supereffective|p2a: Ting-Lu\n|-damage|p2a: Ting-Lu|88\/100\n|-status|p2a: Ting-Lu|brn\n|\n|-damage|p2a: Ting-Lu|82\/100 brn|[from] brn\n|upkeep\n|turn|30\n|\n|t:|1699928274\n|move|p2a: Ting-Lu|Ceaseless Edge|p1a: FishingIsLikeSeex\n|-damage|p1a: FishingIsLikeSeex|59\/100\n|-sidestart|p1: knexhawk2|Spikes\n|move|p1a: FishingIsLikeSeex|Scald|p2a: Ting-Lu\n|-supereffective|p2a: Ting-Lu\n|-damage|p2a: Ting-Lu|70\/100 brn\n|\n|-damage|p2a: Ting-Lu|64\/100 brn|[from] brn\n|upkeep\n|turn|31\n|\n|t:|1699928277\n|move|p2a: Ting-Lu|Ceaseless Edge|p1a: FishingIsLikeSeex|[miss]\n|-miss|p2a: Ting-Lu|p1a: FishingIsLikeSeex\n|move|p1a: FishingIsLikeSeex|Wish|p1a: FishingIsLikeSeex\n|\n|-damage|p2a: Ting-Lu|58\/100 brn|[from] brn\n|upkeep\n|turn|32\n|\n|t:|1699928279\n|move|p1a: FishingIsLikeSeex|Scald|p2a: Ting-Lu\n|-supereffective|p2a: Ting-Lu\n|-damage|p2a: Ting-Lu|46\/100 brn\n|move|p2a: Ting-Lu|Whirlwind|p1a: FishingIsLikeSeex\n|drag|p1a: im Her|Blissey, F|87\/100\n|\n|-heal|p1a: im Her|100\/100|[from] move: Wish|[wisher] FishingIsLikeSeex\n|-damage|p2a: Ting-Lu|39\/100 brn|[from] brn\n|upkeep\n|turn|33\n|\n|t:|1699928295\n|move|p1a: im Her|Stealth Rock|p2a: Ting-Lu\n|-sidestart|p2: yomaalt|move: Stealth Rock\n|move|p2a: Ting-Lu|Jungle Healing|p2a: Ting-Lu\n|-heal|p2a: Ting-Lu|64\/100 brn\n|-curestatus|p2a: Ting-Lu|brn|[msg]\n|\n|upkeep\n|turn|34\n|\n|t:|1699928299\n|move|p1a: im Her|Toxic|p2a: Ting-Lu\n|-status|p2a: Ting-Lu|tox\n|move|p2a: Ting-Lu|Rapid Spin|p1a: im Her\n|-crit|p1a: im Her\n|-damage|p1a: im Her|81\/100\n|-boost|p2a: Ting-Lu|spe|1\n|-sideend|p2: yomaalt|Stealth Rock|[from] move: Rapid Spin|[of] p2a: Ting-Lu\n|\n|-damage|p2a: Ting-Lu|58\/100 tox|[from] psn\n|upkeep\n|turn|35\n|l|+cromagnet\n|j| SDK04\n|\n|t:|1699928317\n|switch|p2a: The Honoured One.|Iron Moth|100\/100\n|-enditem|p2a: The Honoured One.|Booster Energy\n|-activate|p2a: The Honoured One.|ability: Quark Drive|[fromitem]\n|-start|p2a: The Honoured One.|quarkdrivespa\n|move|p1a: im Her|Stealth Rock|p2a: The Honoured One.\n|-sidestart|p2: yomaalt|move: Stealth Rock\n|\n|upkeep\n|turn|36\n|c| SDK04|Did you put Psystrike on the Moth?\n|\n|t:|1699928341\n|move|p2a: The Honoured One.|Quiver Dance|p2a: The Honoured One.\n|-boost|p2a: The Honoured One.|spa|1\n|-boost|p2a: The Honoured One.|spd|1\n|-boost|p2a: The Honoured One.|spe|1\n|move|p1a: im Her|Calm Mind|p1a: im Her\n|-boost|p1a: im Her|spa|1\n|-boost|p1a: im Her|spd|1\n|\n|upkeep\n|turn|37\n|c| SDK04|Also Secret Sword and Torch Song\n|c|\u2606yomaalt|nah i forgot\n|\n|t:|1699928348\n|move|p2a: The Honoured One.|Psystrike|p1a: im Her\n|-damage|p1a: im Her|6\/100\n|move|p1a: im Her|Calm Mind|p1a: im Her\n|-boost|p1a: im Her|spa|1\n|-boost|p1a: im Her|spd|1\n|\n|upkeep\n|turn|38\n|c|\u2606yomaalt|of ourse i did\n|\n|t:|1699928358\n|move|p2a: The Honoured One.|Torch Song|p1a: im Her\n|-damage|p1a: im Her|0 fnt\n|-boost|p2a: The Honoured One.|spa|1\n|faint|p1a: im Her\n|\n|upkeep\n|\n|t:|1699928360\n|switch|p1a: gen8 is back.|Toxapex, M|100\/100\n|turn|39\n|c| SDK04|hollow purple bitch\n|\n|t:|1699928366\n|move|p2a: The Honoured One.|Psystrike|p1a: gen8 is back.\n|-supereffective|p1a: gen8 is back.\n|-damage|p1a: gen8 is back.|0 fnt\n|faint|p1a: gen8 is back.\n|\n|upkeep\n|-message|knexhawk2 forfeited.\n|\n|win|yomaalt\n|n|\u2606knexhawk2|knexhawk2\n|n|\u2606yomaalt|yomaalt\n|n|+Disorient|disorient\n|n| IConsumeChairs|iconsumechairs\n|n| ultrablaze25|ultrablaze25\n|n| Rekless_Zombie|reklesszombie\n|n| bloatedbagel|bloatedbagel\n|n| SDK04|sdk04\n|l| IConsumeChairs\n|l| Rekless_Zombie\n|l|\u2606yomaalt\n|j| spiderkitty410\n|l| spiderkitty410\n|j| spiderkitty410\n|l| ultrablaze25\n|l| spiderkitty410\n|j| spiderkitty410\n|j| Teegrizzled\n|j| Pikablu007\n|l| spiderkitty410\n|j| Dlc 1 Is Here\n|l| Dlc 1 Is Here\n|l| Pikablu007\n|j| Pikablu007\n|l| Teegrizzled\n|l| Pikablu007\n|l|+Disorient\n","uploadtime":1699928379,"views":16,"p1id":"knexhawk2","p2id":"yomaalt","formatid":"gen9ou","rating":0,"private":0,"password":""}