{"id":"gen9ou-1991153519","p1":"Jynxatu","p2":"daazai","format":"[Gen 9] OU","log":"|j|\u2606Jynxatu\n|j|\u2606daazai\n|t:|1700050915\n|gametype|singles\n|player|p1|Jynxatu|caitlin|1334\n|player|p2|daazai|petrel|1352\n|teamsize|p1|6\n|teamsize|p2|6\n|gen|9\n|tier|[Gen 9] OU\n|rated|\n|rule|Sleep Clause Mod: Limit one foe put to sleep\n|rule|Species Clause: Limit one of each Pok\u00e9mon\n|rule|OHKO Clause: OHKO moves are banned\n|rule|Evasion Items Clause: Evasion items are banned\n|rule|Evasion Moves Clause: Evasion moves are banned\n|rule|Endless Battle Clause: Forcing endless battles is banned\n|rule|HP Percentage Mod: HP is shown in percentages\n|clearpoke\n|poke|p1|Corviknight, M|\n|poke|p1|Great Tusk|\n|poke|p1|Chandelure, F|\n|poke|p1|Walking Wake|\n|poke|p1|Bisharp, F|\n|poke|p1|Dragonite, F|\n|poke|p2|Thundurus-Therian, M|\n|poke|p2|Hydreigon, M|\n|poke|p2|Sneasler, F|\n|poke|p2|Amoonguss, M|\n|poke|p2|Ogerpon-Wellspring, F|\n|poke|p2|Iron Treads|\n|teampreview\n|inactive|Battle timer is ON: inactive players will automatically lose when time's up. (requested by daazai)\n|\n|t:|1700050930\n|start\n|switch|p1a: Bisharp|Bisharp, F|100\/100\n|switch|p2a: Thundurus|Thundurus-Therian, M|100\/100\n|turn|1\n|\n|t:|1700050937\n|switch|p1a: Great Tusk|Great Tusk|100\/100\n|-enditem|p1a: Great Tusk|Booster Energy\n|-activate|p1a: Great Tusk|ability: Protosynthesis|[fromitem]\n|-start|p1a: Great Tusk|protosynthesisspe\n|move|p2a: Thundurus|Volt Switch|p1a: Great Tusk\n|-immune|p1a: Great Tusk\n|\n|upkeep\n|turn|2\n|\n|t:|1700050946\n|switch|p2a: Amoonguss|Amoonguss, M|100\/100\n|move|p1a: Great Tusk|Bulk Up|p1a: Great Tusk\n|-boost|p1a: Great Tusk|atk|1\n|-boost|p1a: Great Tusk|def|1\n|\n|upkeep\n|turn|3\n|\n|t:|1700050956\n|-terastallize|p1a: Great Tusk|Ice\n|move|p1a: Great Tusk|Ice Spinner|p2a: Amoonguss\n|-supereffective|p2a: Amoonguss\n|-damage|p2a: Amoonguss|8\/100\n|move|p2a: Amoonguss|Spore|p1a: Great Tusk\n|-status|p1a: Great Tusk|slp|[from] move: Spore\n|\n|-heal|p2a: Amoonguss|14\/100|[from] item: Leftovers\n|upkeep\n|turn|4\n|\n|t:|1700050977\n|cant|p1a: Great Tusk|slp\n|move|p2a: Amoonguss|Clear Smog|p1a: Great Tusk\n|-damage|p1a: Great Tusk|80\/100 slp\n|-clearboost|p1a: Great Tusk\n|\n|-heal|p2a: Amoonguss|20\/100|[from] item: Leftovers\n|upkeep\n|turn|5\n|\n|t:|1700050988\n|switch|p2a: Hydreigon|Hydreigon, M|100\/100\n|-curestatus|p1a: Great Tusk|slp|[msg]\n|move|p1a: Great Tusk|Ice Spinner|p2a: Hydreigon\n|-supereffective|p2a: Hydreigon\n|-damage|p2a: Hydreigon|23\/100\n|\n|upkeep\n|turn|6\n|\n|t:|1700051003\n|move|p2a: Hydreigon|Flamethrower|p1a: Great Tusk\n|-supereffective|p1a: Great Tusk\n|-damage|p1a: Great Tusk|5\/100\n|move|p1a: Great Tusk|Ice Spinner|p2a: Hydreigon\n|-supereffective|p2a: Hydreigon\n|-damage|p2a: Hydreigon|0 fnt\n|faint|p2a: Hydreigon\n|\n|upkeep\n|\n|t:|1700051011\n|switch|p2a: Iron Treads|Iron Treads|100\/100\n|turn|7\n|\n|t:|1700051018\n|-terastallize|p2a: Iron Treads|Ice\n|move|p1a: Great Tusk|Close Combat|p2a: Iron Treads\n|-supereffective|p2a: Iron Treads\n|-damage|p2a: Iron Treads|10\/100\n|-unboost|p1a: Great Tusk|def|1\n|-unboost|p1a: Great Tusk|spd|1\n|move|p2a: Iron Treads|Iron Head|p1a: Great Tusk\n|-supereffective|p1a: Great Tusk\n|-damage|p1a: Great Tusk|0 fnt\n|faint|p1a: Great Tusk\n|-end|p1a: Great Tusk|Protosynthesis|[silent]\n|\n|upkeep\n|\n|t:|1700051045\n|switch|p1a: Bisharp|Bisharp, F|100\/100\n|turn|8\n|\n|t:|1700051052\n|move|p1a: Bisharp|Sucker Punch|p2a: Iron Treads\n|-damage|p2a: Iron Treads|0 fnt\n|faint|p2a: Iron Treads\n|-end|p2a: Iron Treads|Quark Drive|[silent]\n|\n|upkeep\n|l|\u2606Jynxatu\n|inactive|Jynxatu disconnected and has a minute to reconnect!\n|player|p1|\n|inactive|daazai has 120 seconds left.\n|\n|t:|1700051106\n|switch|p2a: Sneasler|Sneasler, F|100\/100\n|turn|9\n|inactive|daazai has 90 seconds left.\n|j|\u2606Jynxatu\n|inactive|Jynxatu reconnected and has 125 seconds left.\n|player|p1|Jynxatu|caitlin\n|inactive|Jynxatu has 120 seconds left.\n|\n|t:|1700051141\n|switch|p1a: Chandelure|Chandelure, F|100\/100\n|move|p2a: Sneasler|Close Combat|p1a: Chandelure\n|-immune|p1a: Chandelure\n|\n|upkeep\n|turn|10\n|inactive|Jynxatu has 120 seconds left.\n|\n|t:|1700051152\n|switch|p2a: Ogerpon|Ogerpon-Wellspring, F|100\/100\n|move|p1a: Chandelure|Fire Blast|p2a: Ogerpon\n|-damage|p2a: Ogerpon|33\/100\n|\n|upkeep\n|turn|11\n|inactive|Jynxatu has 120 seconds left.\n|inactive|daazai has 90 seconds left.\n|\n|t:|1700051164\n|move|p1a: Chandelure|Fire Blast|p2a: Ogerpon\n|-damage|p2a: Ogerpon|0 fnt\n|faint|p2a: Ogerpon\n|\n|upkeep\n|inactive|daazai has 90 seconds left.\n|-message|daazai forfeited.\n|\n|win|Jynxatu\n|raw|Jynxatu's rating: 1334 &rarr; <strong>1355<\/strong><br \/>(+21 for winning)\n|raw|daazai's rating: 1352 &rarr; <strong>1331<\/strong><br \/>(-21 for losing)\n|l|\u2606daazai\n","uploadtime":1700051234,"views":8,"p1id":"jynxatu","p2id":"daazai","formatid":"gen9ou","rating":1331,"private":0,"password":""}