{"id":"gen9ou-1989341918","p1":"Big Test These","p2":"daughterofcain","format":"[Gen 9] OU","log":"|j|\u2606Big Test These\n|j|\u2606daughterofcain\n|t:|1699838477\n|gametype|singles\n|player|p1|Big Test These|1|1403\n|player|p2|daughterofcain|parasollady-gen4|1322\n|teamsize|p1|6\n|teamsize|p2|6\n|gen|9\n|tier|[Gen 9] OU\n|rated|\n|rule|Sleep Clause Mod: Limit one foe put to sleep\n|rule|Species Clause: Limit one of each Pok\u00e9mon\n|rule|OHKO Clause: OHKO moves are banned\n|rule|Evasion Items Clause: Evasion items are banned\n|rule|Evasion Moves Clause: Evasion moves are banned\n|rule|Endless Battle Clause: Forcing endless battles is banned\n|rule|HP Percentage Mod: HP is shown in percentages\n|clearpoke\n|poke|p1|Greninja-*, F|\n|poke|p1|Alomomola, M|\n|poke|p1|Slowking-Galar, F|\n|poke|p1|Great Tusk|\n|poke|p1|Thundurus-Therian, M|\n|poke|p1|Landorus-Therian, M|\n|poke|p2|Iron Jugulis|\n|poke|p2|Ogerpon-Wellspring, F|\n|poke|p2|Tinkaton, F|\n|poke|p2|Iron Moth|\n|poke|p2|Great Tusk|\n|poke|p2|Dragapult, M|\n|teampreview\n|j| PokePro97\n|\n|t:|1699838486\n|start\n|switch|p1a: Thundurus|Thundurus-Therian, M|100\/100\n|switch|p2a: Dragapult|Dragapult, M|100\/100\n|turn|1\n|\n|t:|1699838551\n|switch|p1a: Blowking|Slowking-Galar, F|100\/100\n|move|p2a: Dragapult|Draco Meteor|p1a: Blowking\n|-damage|p1a: Blowking|48\/100\n|-unboost|p2a: Dragapult|spa|2\n|\n|upkeep\n|turn|2\n|inactive|Battle timer is ON: inactive players will automatically lose when time's up. (requested by Big Test These)\n|inactive|daughterofcain has 120 seconds left.\n|\n|t:|1699838620\n|switch|p2a: Great Tusk|Great Tusk|100\/100\n|-enditem|p2a: Great Tusk|Booster Energy\n|-activate|p2a: Great Tusk|ability: Protosynthesis|[fromitem]\n|-start|p2a: Great Tusk|protosynthesisspe\n|move|p1a: Blowking|Thunder Wave|p2a: Great Tusk\n|-immune|p2a: Great Tusk\n|\n|upkeep\n|turn|3\n|\n|t:|1699838626\n|switch|p1a: Landorus|Landorus-Therian, M|100\/100\n|-ability|p1a: Landorus|Intimidate|boost\n|-unboost|p2a: Great Tusk|atk|1\n|move|p2a: Great Tusk|Bulk Up|p2a: Great Tusk\n|-boost|p2a: Great Tusk|atk|1\n|-boost|p2a: Great Tusk|def|1\n|\n|upkeep\n|turn|4\n|\n|t:|1699838634\n|move|p2a: Great Tusk|Bulk Up|p2a: Great Tusk\n|-boost|p2a: Great Tusk|atk|1\n|-boost|p2a: Great Tusk|def|1\n|move|p1a: Landorus|Sandsear Storm|p2a: Great Tusk\n|-damage|p2a: Great Tusk|57\/100\n|\n|upkeep\n|turn|5\n|c|\u2606daughterofcain|! Sandsear Storm\n|c|\u2606daughterofcain|Ope\n|c|\u2606daughterofcain|forgot how that works\n|c|\u2606daughterofcain|disregard going to google lmao\n|inactive|daughterofcain has 120 seconds left.\n|\n|t:|1699838668\n|switch|p1a: Luvdisc 2|Alomomola, M|100\/100\n|move|p2a: Great Tusk|Ice Spinner|p1a: Luvdisc 2\n|-resisted|p1a: Luvdisc 2\n|-damage|p1a: Luvdisc 2|92\/100\n|-enditem|p1a: Luvdisc 2|Red Card|[of] p2a: Great Tusk\n|-end|p2a: Great Tusk|Protosynthesis|[silent]\n|drag|p2a: Iron Jugulis|Iron Jugulis|100\/100\n|-enditem|p2a: Iron Jugulis|Booster Energy\n|-activate|p2a: Iron Jugulis|ability: Quark Drive|[fromitem]\n|-start|p2a: Iron Jugulis|quarkdrivespe\n|\n|upkeep\n|turn|6\n|c|\u2606Big Test These|No worries\n|c|\u2606daughterofcain|f\n|\n|t:|1699838696\n|move|p2a: Iron Jugulis|Taunt|p1a: Luvdisc 2\n|-start|p1a: Luvdisc 2|move: Taunt\n|move|p1a: Luvdisc 2|Flip Turn|p2a: Iron Jugulis\n|-damage|p2a: Iron Jugulis|80\/100\n|inactive|Big Test These has 120 seconds left.\n|\n|t:|1699838714\n|switch|p1a: Thundurus|Thundurus-Therian, M|100\/100|[from] Flip Turn\n|\n|upkeep\n|turn|7\n|inactive|Big Test These has 120 seconds left.\n|\n|t:|1699838725\n|-terastallize|p1a: Thundurus|Flying\n|move|p2a: Iron Jugulis|Knock Off|p1a: Thundurus\n|-damage|p1a: Thundurus|59\/100\n|-enditem|p1a: Thundurus|Choice Scarf|[from] move: Knock Off|[of] p2a: Iron Jugulis\n|move|p1a: Thundurus|Tera Blast|p2a: Iron Jugulis|[anim] Tera Blast Flying\n|-damage|p2a: Iron Jugulis|0 fnt\n|faint|p2a: Iron Jugulis\n|-end|p2a: Iron Jugulis|Quark Drive|[silent]\n|\n|upkeep\n|inactive|daughterofcain has 120 seconds left.\n|\n|t:|1699838770\n|switch|p2a: Iron Moth|Iron Moth|100\/100\n|-enditem|p2a: Iron Moth|Booster Energy\n|-activate|p2a: Iron Moth|ability: Quark Drive|[fromitem]\n|-start|p2a: Iron Moth|quarkdrivespe\n|turn|8\n|\n|t:|1699838776\n|switch|p1a: Blowking|Slowking-Galar, F|81\/100\n|move|p2a: Iron Moth|Sludge Wave|p1a: Blowking\n|-resisted|p1a: Blowking\n|-damage|p1a: Blowking|66\/100\n|\n|upkeep\n|turn|9\n|\n|t:|1699838781\n|move|p2a: Iron Moth|Psychic|p1a: Blowking\n|-damage|p1a: Blowking|48\/100\n|move|p1a: Blowking|Thunder Wave|p2a: Iron Moth\n|-status|p2a: Iron Moth|par\n|\n|upkeep\n|turn|10\n|\n|t:|1699838786\n|cant|p2a: Iron Moth|par\n|move|p1a: Blowking|Chilly Reception|p1a: Blowking\n|-weather|Snow\n|\n|t:|1699838801\n|switch|p1a: Landorus|Landorus-Therian, M|100\/100|[from] Chilly Reception\n|-ability|p1a: Landorus|Intimidate|boost\n|-unboost|p2a: Iron Moth|atk|1\n|\n|-weather|Snow|[upkeep]\n|upkeep\n|turn|11\n|\n|t:|1699838813\n|move|p2a: Iron Moth|Fiery Dance|p1a: Landorus\n|-damage|p1a: Landorus|59\/100\n|-boost|p2a: Iron Moth|spa|1\n|move|p1a: Landorus|Stealth Rock|p2a: Iron Moth\n|-sidestart|p2: daughterofcain|move: Stealth Rock\n|\n|-weather|Snow|[upkeep]\n|-heal|p1a: Landorus|65\/100|[from] item: Leftovers\n|upkeep\n|turn|12\n|\n|t:|1699838820\n|switch|p1a: Blowking|Slowking-Galar, F|81\/100\n|move|p2a: Iron Moth|Fiery Dance|p1a: Blowking\n|-damage|p1a: Blowking|48\/100\n|-boost|p2a: Iron Moth|spa|1\n|\n|-weather|Snow|[upkeep]\n|upkeep\n|turn|13\n|\n|t:|1699838826\n|cant|p2a: Iron Moth|par\n|move|p1a: Blowking|Chilly Reception|p1a: Blowking\n|\n|t:|1699838829\n|switch|p1a: Ogerpon-Keto|Greninja, F|100\/100|[from] Chilly Reception\n|\n|-weather|Snow|[upkeep]\n|upkeep\n|turn|14\n|\n|t:|1699838846\n|-terastallize|p2a: Iron Moth|Fairy\n|move|p1a: Ogerpon-Keto|U-turn|p2a: Iron Moth\n|-start|p1a: Ogerpon-Keto|typechange|Bug|[from] ability: Protean\n|-resisted|p2a: Iron Moth\n|-damage|p2a: Iron Moth|85\/100 par\n|\n|t:|1699838851\n|switch|p1a: Blowking|Slowking-Galar, F|82\/100|[from] U-turn\n|move|p2a: Iron Moth|Dazzling Gleam|p1a: Blowking\n|-resisted|p1a: Blowking\n|-damage|p1a: Blowking|59\/100\n|\n|-weather|none\n|upkeep\n|turn|15\n|\n|t:|1699838857\n|move|p2a: Iron Moth|Fiery Dance|p1a: Blowking\n|-damage|p1a: Blowking|11\/100\n|move|p1a: Blowking|Sludge Bomb|p2a: Iron Moth\n|-supereffective|p2a: Iron Moth\n|-damage|p2a: Iron Moth|13\/100 par\n|\n|upkeep\n|turn|16\n|\n|t:|1699838862\n|move|p2a: Iron Moth|Fiery Dance|p1a: Blowking\n|-damage|p1a: Blowking|0 fnt\n|faint|p1a: Blowking\n|\n|upkeep\n|\n|t:|1699838867\n|switch|p1a: Thundurus|Thundurus-Therian, M, tera:Flying|59\/100\n|turn|17\n|\n|t:|1699838868\n|move|p1a: Thundurus|Tera Blast|p2a: Iron Moth|[anim] Tera Blast Flying\n|-damage|p2a: Iron Moth|0 fnt\n|faint|p2a: Iron Moth\n|-end|p2a: Iron Moth|Quark Drive|[silent]\n|\n|upkeep\n|\n|t:|1699838884\n|switch|p2a: Ogerpon|Ogerpon-Wellspring, F|100\/100\n|-damage|p2a: Ogerpon|88\/100|[from] Stealth Rock\n|turn|18\n|\n|t:|1699838894\n|switch|p1a: Luvdisc 2|Alomomola, M|100\/100\n|move|p2a: Ogerpon|Ivy Cudgel|p1a: Luvdisc 2\n|-resisted|p1a: Luvdisc 2\n|-damage|p1a: Luvdisc 2|85\/100\n|\n|upkeep\n|turn|19\n|\n|t:|1699838903\n|move|p2a: Ogerpon|U-turn|p1a: Luvdisc 2\n|-damage|p1a: Luvdisc 2|69\/100\n|\n|t:|1699838905\n|switch|p2a: Tinkaton|Tinkaton, F|100\/100|[from] U-turn\n|-damage|p2a: Tinkaton|94\/100|[from] Stealth Rock\n|-item|p2a: Tinkaton|Air Balloon\n|move|p1a: Luvdisc 2|Acrobatics|p2a: Tinkaton\n|-resisted|p2a: Tinkaton\n|-damage|p2a: Tinkaton|84\/100\n|-enditem|p2a: Tinkaton|Air Balloon\n|\n|upkeep\n|turn|20\n|\n|t:|1699838915\n|move|p2a: Tinkaton|Thunder Wave|p1a: Luvdisc 2\n|-status|p1a: Luvdisc 2|par\n|move|p1a: Luvdisc 2|Wish|p1a: Luvdisc 2\n|\n|upkeep\n|turn|21\n|\n|t:|1699838923\n|move|p2a: Tinkaton|Stealth Rock|p1a: Luvdisc 2\n|-sidestart|p1: Big Test These|move: Stealth Rock\n|move|p1a: Luvdisc 2|Flip Turn|p2a: Tinkaton\n|-damage|p2a: Tinkaton|66\/100\n|\n|t:|1699838937\n|switch|p1a: Thundurus|Thundurus-Therian, M, tera:Flying|59\/100|[from] Flip Turn\n|-damage|p1a: Thundurus|34\/100|[from] Stealth Rock\n|\n|-heal|p1a: Thundurus|100\/100|[from] move: Wish|[wisher] Luvdisc 2\n|upkeep\n|turn|22\n|\n|t:|1699838944\n|move|p1a: Thundurus|Thunderbolt|p2a: Tinkaton\n|-damage|p2a: Tinkaton|25\/100\n|move|p2a: Tinkaton|Play Rough|p1a: Thundurus\n|-damage|p1a: Thundurus|62\/100\n|\n|upkeep\n|turn|23\n|\n|t:|1699838954\n|switch|p2a: Dragapult|Dragapult, M|100\/100\n|-damage|p2a: Dragapult|88\/100|[from] Stealth Rock\n|move|p1a: Thundurus|Thunderbolt|p2a: Dragapult\n|-resisted|p2a: Dragapult\n|-damage|p2a: Dragapult|54\/100\n|\n|upkeep\n|turn|24\n|\n|t:|1699838979\n|switch|p1a: Luvdisc 2|Alomomola, M|100\/100 par\n|-damage|p1a: Luvdisc 2|88\/100 par|[from] Stealth Rock\n|move|p2a: Dragapult|Draco Meteor|p1a: Luvdisc 2\n|-damage|p1a: Luvdisc 2|0 fnt\n|-unboost|p2a: Dragapult|spa|2\n|faint|p1a: Luvdisc 2\n|\n|upkeep\n|\n|t:|1699838993\n|switch|p1a: Great Titz|Great Tusk|100\/100\n|-damage|p1a: Great Titz|98\/100|[from] Stealth Rock\n|-enditem|p1a: Great Titz|Booster Energy\n|-activate|p1a: Great Titz|ability: Protosynthesis|[fromitem]\n|-start|p1a: Great Titz|protosynthesisatk\n|turn|25\n|\n|t:|1699839000\n|switch|p2a: Tinkaton|Tinkaton, F|25\/100\n|-damage|p2a: Tinkaton|18\/100|[from] Stealth Rock\n|move|p1a: Great Titz|Rapid Spin|p2a: Tinkaton\n|-resisted|p2a: Tinkaton\n|-damage|p2a: Tinkaton|5\/100\n|-boost|p1a: Great Titz|spe|1\n|-sideend|p1: Big Test These|Stealth Rock|[from] move: Rapid Spin|[of] p1a: Great Titz\n|\n|upkeep\n|turn|26\n|\n|t:|1699839013\n|move|p1a: Great Titz|Rapid Spin|p2a: Tinkaton\n|-resisted|p2a: Tinkaton\n|-damage|p2a: Tinkaton|0 fnt\n|-boost|p1a: Great Titz|spe|1\n|faint|p2a: Tinkaton\n|\n|upkeep\n|\n|t:|1699839015\n|switch|p2a: Ogerpon|Ogerpon-Wellspring, F|88\/100\n|-damage|p2a: Ogerpon|76\/100|[from] Stealth Rock\n|turn|27\n|\n|t:|1699839024\n|move|p1a: Great Titz|Close Combat|p2a: Ogerpon\n|-damage|p2a: Ogerpon|0 fnt\n|-unboost|p1a: Great Titz|def|1\n|-unboost|p1a: Great Titz|spd|1\n|faint|p2a: Ogerpon\n|\n|upkeep\n|\n|t:|1699839029\n|switch|p2a: Great Tusk|Great Tusk|57\/100\n|-damage|p2a: Great Tusk|54\/100|[from] Stealth Rock\n|turn|28\n|\n|t:|1699839037\n|-end|p1a: Great Titz|Protosynthesis|[silent]\n|switch|p1a: Landorus|Landorus-Therian, M|65\/100\n|-ability|p1a: Landorus|Intimidate|boost\n|-unboost|p2a: Great Tusk|atk|1\n|move|p2a: Great Tusk|Ice Spinner|p1a: Landorus\n|-supereffective|p1a: Landorus\n|-damage|p1a: Landorus|21\/100\n|\n|-heal|p1a: Landorus|27\/100|[from] item: Leftovers\n|upkeep\n|turn|29\n|\n|t:|1699839050\n|move|p2a: Great Tusk|Rapid Spin|p1a: Landorus\n|-damage|p1a: Landorus|21\/100\n|-boost|p2a: Great Tusk|spe|1\n|-sideend|p2: daughterofcain|Stealth Rock|[from] move: Rapid Spin|[of] p2a: Great Tusk\n|move|p1a: Landorus|Sandsear Storm|p2a: Great Tusk\n|-damage|p2a: Great Tusk|4\/100\n|\n|-heal|p1a: Landorus|27\/100|[from] item: Leftovers\n|upkeep\n|turn|30\n|\n|t:|1699839059\n|move|p2a: Great Tusk|Ice Spinner|p1a: Landorus\n|-supereffective|p1a: Landorus\n|-damage|p1a: Landorus|0 fnt\n|faint|p1a: Landorus\n|\n|upkeep\n|\n|t:|1699839064\n|switch|p1a: Great Titz|Great Tusk|98\/100\n|turn|31\n|\n|t:|1699839067\n|move|p2a: Great Tusk|Ice Spinner|p1a: Great Titz\n|-supereffective|p1a: Great Titz\n|-damage|p1a: Great Titz|73\/100\n|move|p1a: Great Titz|Rapid Spin|p2a: Great Tusk\n|-damage|p2a: Great Tusk|0 fnt\n|-boost|p1a: Great Titz|spe|1\n|faint|p2a: Great Tusk\n|-end|p2a: Great Tusk|Protosynthesis|[silent]\n|\n|upkeep\n|\n|t:|1699839070\n|switch|p2a: Dragapult|Dragapult, M|54\/100\n|turn|32\n|c|\u2606daughterofcain|gg\n|\n|t:|1699839079\n|move|p1a: Great Titz|Knock Off|p2a: Dragapult\n|-supereffective|p2a: Dragapult\n|-damage|p2a: Dragapult|0 fnt\n|-enditem|p2a: Dragapult|Choice Specs|[from] move: Knock Off|[of] p1a: Great Titz\n|faint|p2a: Dragapult\n|\n|win|Big Test These\n|raw|Big Test These's rating: 1403 &rarr; <strong>1418<\/strong><br \/>(+15 for winning)\n|raw|daughterofcain's rating: 1322 &rarr; <strong>1307<\/strong><br \/>(-15 for losing)\n|l|\u2606daughterofcain\n|c|\u2606Big Test These|Gg\n|l|\u2606Big Test These\n|j|\u2606Big Test These\n|player|p1|Big Test These|1\n","uploadtime":1699839153,"views":7,"p1id":"bigtestthese","p2id":"daughterofcain","formatid":"gen9ou","rating":1307,"private":0,"password":""}