{"id":"gen9ou-1991114033","p1":"Shauwk","p2":"wqeqeaadqe","format":"[Gen 9] OU","log":"|j|\u2606Shauwk\n|j|\u2606wqeqeaadqe\n|t:|1700045068\n|gametype|singles\n|player|p1|Shauwk|266|1026\n|player|p2|wqeqeaadqe|gentleman|1000\n|teamsize|p1|6\n|teamsize|p2|6\n|gen|9\n|tier|[Gen 9] OU\n|rated|\n|rule|Sleep Clause Mod: Limit one foe put to sleep\n|rule|Species Clause: Limit one of each Pok\u00e9mon\n|rule|OHKO Clause: OHKO moves are banned\n|rule|Evasion Items Clause: Evasion items are banned\n|rule|Evasion Moves Clause: Evasion moves are banned\n|rule|Endless Battle Clause: Forcing endless battles is banned\n|rule|HP Percentage Mod: HP is shown in percentages\n|clearpoke\n|poke|p1|Kingambit, F|\n|poke|p1|Great Tusk|\n|poke|p1|Dragapult, M|\n|poke|p1|Ogerpon-Wellspring, F|\n|poke|p1|Blissey, F|\n|poke|p1|Zapdos|\n|poke|p2|Rillaboom, M|\n|poke|p2|Iron Valiant|\n|poke|p2|Maushold|\n|poke|p2|Heatran, F|\n|poke|p2|Great Tusk|\n|poke|p2|Sneasler, M|\n|teampreview\n|\n|t:|1700045092\n|start\n|switch|p1a: Dragapult|Dragapult, M|100\/100\n|switch|p2a: SAVOURAS|Heatran, F|100\/100\n|-item|p2a: SAVOURAS|Air Balloon\n|turn|1\n|inactive|Battle timer is ON: inactive players will automatically lose when time's up. (requested by Shauwk)\n|\n|t:|1700045106\n|move|p1a: Dragapult|U-turn|p2a: SAVOURAS\n|-resisted|p2a: SAVOURAS\n|-damage|p2a: SAVOURAS|97\/100\n|-enditem|p2a: SAVOURAS|Air Balloon\n|\n|t:|1700045110\n|switch|p1a: Blissey|Blissey, F|100\/100|[from] U-turn\n|move|p2a: SAVOURAS|Magma Storm|p1a: Blissey\n|-damage|p1a: Blissey|79\/100\n|-activate|p1a: Blissey|move: Magma Storm|[of] p2a: SAVOURAS\n|\n|-damage|p1a: Blissey|66\/100|[from] move: Magma Storm|[partiallytrapped]\n|upkeep\n|turn|2\n|\n|t:|1700045116\n|move|p2a: SAVOURAS|Taunt|p1a: Blissey\n|-start|p1a: Blissey|move: Taunt\n|move|p1a: Blissey|Seismic Toss|p2a: SAVOURAS\n|-damage|p2a: SAVOURAS|69\/100\n|\n|-damage|p1a: Blissey|54\/100|[from] move: Magma Storm|[partiallytrapped]\n|upkeep\n|turn|3\n|\n|t:|1700045118\n|move|p2a: SAVOURAS|Stealth Rock|p1a: Blissey\n|-sidestart|p1: Shauwk|move: Stealth Rock\n|move|p1a: Blissey|Seismic Toss|p2a: SAVOURAS\n|-damage|p2a: SAVOURAS|41\/100\n|\n|-damage|p1a: Blissey|41\/100|[from] move: Magma Storm|[partiallytrapped]\n|upkeep\n|turn|4\n|\n|t:|1700045127\n|switch|p2a: VIVALOSPRIDE|Rillaboom, M|100\/100\n|-fieldstart|move: Grassy Terrain|[from] ability: Grassy Surge|[of] p2a: VIVALOSPRIDE\n|move|p1a: Blissey|Seismic Toss|p2a: VIVALOSPRIDE\n|-damage|p2a: VIVALOSPRIDE|73\/100\n|\n|-heal|p2a: VIVALOSPRIDE|79\/100|[from] Grassy Terrain\n|-heal|p1a: Blissey|47\/100|[from] Grassy Terrain\n|-end|p1a: Blissey|Magma Storm|[partiallytrapped]|[silent]\n|-end|p1a: Blissey|move: Taunt\n|upkeep\n|turn|5\n|\n|t:|1700045132\n|switch|p1a: Zapdos|Zapdos|100\/100\n|move|p2a: VIVALOSPRIDE|Knock Off|p1a: Zapdos\n|-damage|p1a: Zapdos|72\/100\n|-enditem|p1a: Zapdos|Heavy-Duty Boots|[from] move: Knock Off|[of] p2a: VIVALOSPRIDE\n|\n|-heal|p2a: VIVALOSPRIDE|85\/100|[from] Grassy Terrain\n|upkeep\n|turn|6\n|\n|t:|1700045141\n|switch|p2a: SAVOURAS|Heatran, F|41\/100\n|move|p1a: Zapdos|Thunder Wave|p2a: SAVOURAS\n|-status|p2a: SAVOURAS|par\n|\n|-heal|p2a: SAVOURAS|47\/100 par|[from] Grassy Terrain\n|upkeep\n|turn|7\n|\n|t:|1700045149\n|switch|p1a: Blissey|Blissey, F|47\/100\n|move|p2a: SAVOURAS|Magma Storm|p1a: Blissey\n|-crit|p1a: Blissey\n|-damage|p1a: Blissey|17\/100\n|-activate|p1a: Blissey|move: Magma Storm|[of] p2a: SAVOURAS\n|\n|-heal|p1a: Blissey|23\/100|[from] Grassy Terrain\n|-heal|p2a: SAVOURAS|53\/100 par|[from] Grassy Terrain\n|-damage|p1a: Blissey|10\/100|[from] move: Magma Storm|[partiallytrapped]\n|upkeep\n|turn|8\n|\n|t:|1700045163\n|move|p1a: Blissey|Soft-Boiled|p1a: Blissey\n|-heal|p1a: Blissey|60\/100\n|move|p2a: SAVOURAS|Taunt|p1a: Blissey\n|-start|p1a: Blissey|move: Taunt\n|\n|-heal|p1a: Blissey|67\/100|[from] Grassy Terrain\n|-heal|p2a: SAVOURAS|59\/100 par|[from] Grassy Terrain\n|-damage|p1a: Blissey|54\/100|[from] move: Magma Storm|[partiallytrapped]\n|-fieldend|move: Grassy Terrain\n|upkeep\n|turn|9\n|\n|t:|1700045189\n|switch|p2a: GREAT FREEZAI|Great Tusk|100\/100\n|-enditem|p2a: GREAT FREEZAI|Booster Energy\n|-activate|p2a: GREAT FREEZAI|ability: Protosynthesis|[fromitem]\n|-start|p2a: GREAT FREEZAI|protosynthesisspe\n|move|p1a: Blissey|Seismic Toss|p2a: GREAT FREEZAI\n|-damage|p2a: GREAT FREEZAI|77\/100\n|\n|-end|p1a: Blissey|Magma Storm|[partiallytrapped]|[silent]\n|upkeep\n|turn|10\n|\n|t:|1700045200\n|switch|p1a: Zapdos|Zapdos|72\/100\n|-damage|p1a: Zapdos|47\/100|[from] Stealth Rock\n|move|p2a: GREAT FREEZAI|Close Combat|p1a: Zapdos\n|-resisted|p1a: Zapdos\n|-damage|p1a: Zapdos|26\/100\n|-unboost|p2a: GREAT FREEZAI|def|1\n|-unboost|p2a: GREAT FREEZAI|spd|1\n|\n|upkeep\n|turn|11\n|\n|t:|1700045207\n|move|p2a: GREAT FREEZAI|Ice Spinner|p1a: Zapdos\n|-supereffective|p1a: Zapdos\n|-damage|p1a: Zapdos|0 fnt\n|faint|p1a: Zapdos\n|\n|upkeep\n|\n|t:|1700045213\n|switch|p1a: Ogerpon|Ogerpon-Wellspring, F|100\/100\n|-damage|p1a: Ogerpon|88\/100|[from] Stealth Rock\n|turn|12\n|\n|t:|1700045232\n|move|p2a: GREAT FREEZAI|Close Combat|p1a: Ogerpon\n|-damage|p1a: Ogerpon|19\/100\n|-unboost|p2a: GREAT FREEZAI|def|1\n|-unboost|p2a: GREAT FREEZAI|spd|1\n|move|p1a: Ogerpon|Ivy Cudgel|p2a: GREAT FREEZAI|[anim] Ivy Cudgel Water\n|-supereffective|p2a: GREAT FREEZAI\n|-damage|p2a: GREAT FREEZAI|0 fnt\n|faint|p2a: GREAT FREEZAI\n|-end|p2a: GREAT FREEZAI|Protosynthesis|[silent]\n|\n|upkeep\n|\n|t:|1700045239\n|switch|p2a: VIVALOSPRIDE|Rillaboom, M|85\/100\n|-fieldstart|move: Grassy Terrain|[from] ability: Grassy Surge|[of] p2a: VIVALOSPRIDE\n|turn|13\n|-message|Shauwk forfeited.\n|\n|win|wqeqeaadqe\n|raw|Shauwk's rating: 1026 &rarr; <strong>1011<\/strong><br \/>(-15 for losing)\n|raw|wqeqeaadqe's rating: 1000 &rarr; <strong>1043<\/strong><br \/>(+43 for winning)\n|l|\u2606Shauwk\n","uploadtime":1700045244,"views":5,"p1id":"shauwk","p2id":"wqeqeaadqe","formatid":"gen9ou","rating":1011,"private":0,"password":""}