{"id":"gen9ou-1992967498","p1":"Showdown1410","p2":"Kylo Reuniclus","format":"[Gen 9] OU","log":"|j|\u2606Showdown1410\n|j|\u2606Kylo Reuniclus\n|inactive|Battle timer is ON: inactive players will automatically lose when time's up.\n|t:|1700251136\n|gametype|singles\n|player|p1|Showdown1410|dancer|\n|player|p2|Kylo Reuniclus|brawly|\n|teamsize|p1|5\n|teamsize|p2|5\n|gen|9\n|tier|[Gen 9] OU\n|rated|Tournament battle\n|rule|Sleep Clause Mod: Limit one foe put to sleep\n|rule|Species Clause: Limit one of each Pok\u00e9mon\n|rule|OHKO Clause: OHKO moves are banned\n|rule|Evasion Items Clause: Evasion items are banned\n|rule|Evasion Moves Clause: Evasion moves are banned\n|rule|Endless Battle Clause: Forcing endless battles is banned\n|rule|HP Percentage Mod: HP is shown in percentages\n|clearpoke\n|poke|p1|Ceruledge, F|\n|poke|p1|Camerupt, M|\n|poke|p1|Pyroar, M|\n|poke|p1|Toxapex, F|\n|poke|p1|Noivern, M|\n|poke|p2|Garchomp, F|\n|poke|p2|Stantler, M|\n|poke|p2|Hatterene, F|\n|poke|p2|Zoroark-Hisui, M|\n|poke|p2|Snorlax, F|\n|teampreview\n|j|*Lady Monita \u2746\n|c|\u2606Kylo Reuniclus|gl\n|j| Whammerist\n|j| Yeet259\n|c|\u2606Showdown1410|gl\n|j| Im dumb srly\n|inactive|Kylo Reuniclus has 120 seconds left.\n|c|\u2606Kylo Reuniclus|why is it making me choose slots?\n|\n|t:|1700251177\n|start\n|switch|p1a: Camerupt|Camerupt, M|100\/100\n|switch|p2a: Snorlax|Snorlax, F|100\/100\n|turn|1\n|j|^HEAVY-DUTY B0OTY\n|\n|t:|1700251186\n|switch|p2a: Hatterene|Hatterene, F|100\/100\n|move|p1a: Camerupt|Fire Spin|p2a: Hatterene\n|-crit|p2a: Hatterene\n|-damage|p2a: Hatterene|88\/100\n|-activate|p2a: Hatterene|move: Fire Spin|[of] p1a: Camerupt\n|\n|-damage|p2a: Hatterene|76\/100|[from] move: Fire Spin|[partiallytrapped]\n|upkeep\n|turn|2\n|\n|t:|1700251194\n|move|p1a: Camerupt|Stealth Rock|p2a: Hatterene\n|move|p2a: Hatterene|Stealth Rock|p1a: Camerupt|[from]ability: Magic Bounce\n|-sidestart|p1: Showdown1410|move: Stealth Rock\n|move|p2a: Hatterene|Psychic|p1a: Camerupt\n|-damage|p1a: Camerupt|42\/100\n|\n|-heal|p1a: Camerupt|48\/100|[from] item: Leftovers\n|-damage|p2a: Hatterene|64\/100|[from] move: Fire Spin|[partiallytrapped]\n|upkeep\n|turn|3\n|j| koffingwoffing\n|\n|t:|1700251205\n|move|p1a: Camerupt|Earth Power|p2a: Hatterene\n|-damage|p2a: Hatterene|41\/100\n|move|p2a: Hatterene|Psychic|p1a: Camerupt\n|-damage|p1a: Camerupt|0 fnt\n|faint|p1a: Camerupt\n|\n|-end|p2a: Hatterene|Fire Spin|[partiallytrapped]|[silent]\n|upkeep\n|c|^HEAVY-DUTY B0OTY|Because of Zoroark, Kylo\n|j| Blonking\n|c|\u2606Kylo Reuniclus|ah\n|inactive|Showdown1410 has 120 seconds left.\n|c|\u2606Kylo Reuniclus|as you can tell i don't normally use it lol\n|\n|t:|1700251236\n|switch|p1a: Pyroar|Pyroar, M|100\/100\n|-ability|p1a: Pyroar|Unnerve\n|-damage|p1a: Pyroar|76\/100|[from] Stealth Rock\n|turn|4\n|c|^HEAVY-DUTY B0OTY|Happens\n|inactive|Showdown1410 has 120 seconds left.\n|\n|t:|1700251245\n|move|p1a: Pyroar|Flamethrower|p2a: Hatterene\n|-damage|p2a: Hatterene|0 fnt\n|faint|p2a: Hatterene\n|-damage|p1a: Pyroar|66\/100|[from] item: Life Orb\n|\n|upkeep\n|j| An Average Enjoyer\n|\n|t:|1700251252\n|switch|p2a: Snorlax|Snorlax, F|100\/100\n|turn|5\n|\n|t:|1700251259\n|move|p1a: Pyroar|Flamethrower|p2a: Snorlax\n|-damage|p2a: Snorlax|85\/100\n|-damage|p1a: Pyroar|56\/100|[from] item: Life Orb\n|move|p2a: Snorlax|Earthquake|p1a: Pyroar\n|-supereffective|p1a: Pyroar\n|-damage|p1a: Pyroar|0 fnt\n|faint|p1a: Pyroar\n|\n|-heal|p2a: Snorlax|91\/100|[from] item: Leftovers\n|upkeep\n|\n|t:|1700251274\n|switch|p1a: Toxapex|Toxapex, F|100\/100\n|-damage|p1a: Toxapex|88\/100|[from] Stealth Rock\n|turn|6\n|inactive|Kylo Reuniclus has 120 seconds left.\n|l| Whammerist\n|\n|t:|1700251330\n|move|p1a: Toxapex|Toxic|p2a: Snorlax\n|-status|p2a: Snorlax|tox\n|move|p2a: Snorlax|Earthquake|p1a: Toxapex\n|-supereffective|p1a: Toxapex\n|-damage|p1a: Toxapex|38\/100\n|\n|-heal|p1a: Toxapex|44\/100|[from] item: Black Sludge\n|-heal|p2a: Snorlax|97\/100 tox|[from] item: Leftovers\n|-damage|p2a: Snorlax|91\/100 tox|[from] psn\n|upkeep\n|turn|7\n|j| Whammerist\n|\n|t:|1700251341\n|switch|p2a: Snorlax|Snorlax, F|100\/100\n|move|p1a: Toxapex|Recover|p1a: Toxapex\n|-heal|p1a: Toxapex|95\/100\n|\n|-heal|p1a: Toxapex|100\/100|[from] item: Black Sludge\n|upkeep\n|turn|8\n|c|\u2606Kylo Reuniclus|welp\n|\n|t:|1700251353\n|move|p2a: Snorlax|U-turn|p1a: Toxapex\n|-resisted|p1a: Toxapex\n|-damage|p1a: Toxapex|95\/100\n|\n|t:|1700251356\n|switch|p2a: Snorlax|Snorlax, F|91\/100 tox|[from] U-turn\n|move|p1a: Toxapex|Surf|p2a: Snorlax\n|-damage|p2a: Snorlax|82\/100 tox\n|\n|-heal|p1a: Toxapex|100\/100|[from] item: Black Sludge\n|-heal|p2a: Snorlax|88\/100 tox|[from] item: Leftovers\n|-damage|p2a: Snorlax|82\/100 tox|[from] psn\n|upkeep\n|turn|9\n|\n|t:|1700251367\n|switch|p1a: Noivern|Noivern, M|100\/100\n|move|p2a: Snorlax|Yawn|p1a: Noivern\n|-start|p1a: Noivern|move: Yawn|[of] p2a: Snorlax\n|\n|-heal|p2a: Snorlax|88\/100 tox|[from] item: Leftovers\n|-damage|p2a: Snorlax|75\/100 tox|[from] psn\n|upkeep\n|turn|10\n|l| An Average Enjoyer\n|\n|t:|1700251384\n|switch|p1a: Toxapex|Toxapex, F|100\/100\n|-damage|p1a: Toxapex|88\/100|[from] Stealth Rock\n|move|p2a: Snorlax|Body Slam|p1a: Toxapex\n|-damage|p1a: Toxapex|53\/100\n|\n|-heal|p1a: Toxapex|59\/100|[from] item: Black Sludge\n|-heal|p2a: Snorlax|82\/100 tox|[from] item: Leftovers\n|-damage|p2a: Snorlax|63\/100 tox|[from] psn\n|upkeep\n|turn|11\n|\n|t:|1700251394\n|move|p1a: Toxapex|Recover|p1a: Toxapex\n|-heal|p1a: Toxapex|100\/100\n|move|p2a: Snorlax|Earthquake|p1a: Toxapex\n|-supereffective|p1a: Toxapex\n|-damage|p1a: Toxapex|50\/100\n|\n|-heal|p1a: Toxapex|56\/100|[from] item: Black Sludge\n|-heal|p2a: Snorlax|69\/100 tox|[from] item: Leftovers\n|-damage|p2a: Snorlax|45\/100 tox|[from] psn\n|upkeep\n|turn|12\n|\n|t:|1700251405\n|move|p1a: Toxapex|Recover|p1a: Toxapex\n|-heal|p1a: Toxapex|100\/100\n|move|p2a: Snorlax|Yawn|p1a: Toxapex\n|-start|p1a: Toxapex|move: Yawn|[of] p2a: Snorlax\n|\n|-heal|p2a: Snorlax|51\/100 tox|[from] item: Leftovers\n|-damage|p2a: Snorlax|21\/100 tox|[from] psn\n|upkeep\n|turn|13\n|inactive|Kylo Reuniclus has 120 seconds left.\n|\n|t:|1700251420\n|switch|p1a: Noivern|Noivern, M|100\/100\n|move|p2a: Snorlax|Body Slam|p1a: Noivern\n|-damage|p1a: Noivern|49\/100\n|\n|-heal|p2a: Snorlax|27\/100 tox|[from] item: Leftovers\n|-damage|p2a: Snorlax|0 fnt|[from] psn\n|faint|p2a: Snorlax\n|upkeep\n|\n|t:|1700251431\n|switch|p2a: Stantler|Stantler, M|100\/100\n|-ability|p2a: Stantler|Intimidate|boost\n|-unboost|p1a: Noivern|atk|1\n|turn|14\n|\n|t:|1700251438\n|move|p1a: Noivern|Roost|p1a: Noivern\n|-heal|p1a: Noivern|99\/100\n|-singleturn|p1a: Noivern|move: Roost\n|move|p2a: Stantler|Thrash|p1a: Noivern\n|-enditem|p2a: Stantler|Normal Gem|[from] gem\n|-damage|p1a: Noivern|15\/100\n|\n|upkeep\n|turn|15\n|\n|t:|1700251453\n|move|p1a: Noivern|U-turn|p2a: Stantler\n|-damage|p2a: Stantler|88\/100\n|\n|t:|1700251457\n|switch|p1a: Ceruledge|Ceruledge, F|100\/100|[from] U-turn\n|-damage|p1a: Ceruledge|76\/100|[from] Stealth Rock\n|move|p2a: Stantler|Thrash|p1a: Ceruledge|[from]lockedmove\n|-immune|p1a: Ceruledge\n|-start|p2a: Stantler|confusion|[fatigue]\n|\n|upkeep\n|turn|16\n|j| SweetNSourSpinda\n|l| SweetNSourSpinda\n|\n|t:|1700251479\n|-activate|p2a: Stantler|confusion\n|move|p2a: Stantler|Earthquake|p1a: Ceruledge\n|-supereffective|p1a: Ceruledge\n|-damage|p1a: Ceruledge|0 fnt\n|faint|p1a: Ceruledge\n|\n|upkeep\n|\n|t:|1700251486\n|switch|p1a: Noivern|Noivern, M|15\/100\n|turn|17\n|\n|t:|1700251492\n|move|p1a: Noivern|Draco Meteor|p2a: Stantler\n|-damage|p2a: Stantler|0 fnt\n|-unboost|p1a: Noivern|spa|2\n|faint|p2a: Stantler\n|\n|upkeep\n|\n|t:|1700251496\n|switch|p2a: Garchomp|Garchomp, F|100\/100\n|turn|18\n|\n|t:|1700251503\n|switch|p1a: Toxapex|Toxapex, F|100\/100\n|-damage|p1a: Toxapex|88\/100|[from] Stealth Rock\n|move|p2a: Garchomp|Hyper Voice|p1a: Toxapex\n|-damage|p1a: Toxapex|32\/100\n|\n|-heal|p1a: Toxapex|38\/100|[from] item: Black Sludge\n|upkeep\n|turn|19\n|\n|t:|1700251519\n|move|p2a: Garchomp|Hyper Voice|p1a: Toxapex\n|-damage|p1a: Toxapex|0 fnt\n|faint|p1a: Toxapex\n|\n|upkeep\n|l| Whammerist\n|\n|t:|1700251524\n|switch|p1a: Noivern|Noivern, M|15\/100\n|turn|20\n|\n|t:|1700251527\n|move|p2a: Garchomp|Hyper Voice|p1a: Noivern\n|-damage|p1a: Noivern|0 fnt\n|faint|p1a: Noivern\n|\n|win|Kylo Reuniclus\n|n|\u2606Showdown1410|showdown1410\n|n|\u2606Kylo Reuniclus|kyloreuniclus\n|n|*Lady Monita \u2746|ladymonita\n|n| Yeet259|yeet259\n|n| Im dumb srly|imdumbsrly\n|n| HEAVY-DUTY B0OTY|heavydutyb0oty\n|n| koffingwoffing|koffingwoffing\n|n| Blonking|blonking\n","uploadtime":1700251529,"views":11,"p1id":"showdown1410","p2id":"kyloreuniclus","formatid":"gen9ou","rating":0,"private":0,"password":""}