{"id":"gen9ou-1995593572","p1":"ChillLanturnYT","p2":"Posmeragi","format":"[Gen 9] OU","log":"|j|\u2606ChillLanturnYT\n|j|\u2606Posmeragi\n|t:|1700585799\n|gametype|singles\n|player|p1|ChillLanturnYT|palmer|1171\n|player|p2|Posmeragi|102|1061\n|teamsize|p1|6\n|teamsize|p2|6\n|gen|9\n|tier|[Gen 9] OU\n|rated|\n|rule|Sleep Clause Mod: Limit one foe put to sleep\n|rule|Species Clause: Limit one of each Pok\u00e9mon\n|rule|OHKO Clause: OHKO moves are banned\n|rule|Evasion Items Clause: Evasion items are banned\n|rule|Evasion Moves Clause: Evasion moves are banned\n|rule|Endless Battle Clause: Forcing endless battles is banned\n|rule|HP Percentage Mod: HP is shown in percentages\n|clearpoke\n|poke|p1|Empoleon, F|\n|poke|p1|Milotic, F|\n|poke|p1|Primeape, M|\n|poke|p1|Great Tusk|\n|poke|p1|Lurantis, F|\n|poke|p1|Goodra-Hisui, F|\n|poke|p2|Dragapult, F|\n|poke|p2|Pelipper, F|\n|poke|p2|Amoonguss, M|\n|poke|p2|Iron Valiant|\n|poke|p2|Iron Treads|\n|poke|p2|Ting-Lu|\n|teampreview\n|\n|t:|1700585810\n|start\n|switch|p1a: Primeape|Primeape, M|100\/100\n|switch|p2a: Iron Valiant|Iron Valiant|100\/100\n|turn|1\n|\n|t:|1700585826\n|move|p2a: Iron Valiant|Moonblast|p1a: Primeape\n|-supereffective|p1a: Primeape\n|-damage|p1a: Primeape|0 fnt\n|faint|p1a: Primeape\n|\n|upkeep\n|\n|t:|1700585830\n|switch|p1a: Empoleon|Empoleon, F|100\/100\n|turn|2\n|\n|t:|1700585842\n|-end|p2a: Iron Valiant|Quark Drive|[silent]\n|switch|p2a: Amoonguss|Amoonguss, M|100\/100\n|move|p1a: Empoleon|Ice Beam|p2a: Amoonguss\n|-supereffective|p2a: Amoonguss\n|-damage|p2a: Amoonguss|40\/100\n|\n|upkeep\n|turn|3\n|\n|t:|1700585880\n|-terastallize|p2a: Amoonguss|Water\n|move|p1a: Empoleon|Ice Beam|p2a: Amoonguss\n|-resisted|p2a: Amoonguss\n|-damage|p2a: Amoonguss|24\/100\n|move|p2a: Amoonguss|Spore|p1a: Empoleon\n|-status|p1a: Empoleon|slp|[from] move: Spore\n|\n|upkeep\n|turn|4\n|\n|t:|1700585892\n|switch|p1a: Goodra|Goodra-Hisui, F|100\/100\n|switch|p2a: Iron Valiant|Iron Valiant|100\/100\n|\n|upkeep\n|turn|5\n|\n|t:|1700585899\n|switch|p1a: Milotic|Milotic, F|100\/100\n|move|p2a: Iron Valiant|Focus Blast|p1a: Milotic|[miss]\n|-miss|p2a: Iron Valiant|p1a: Milotic\n|\n|upkeep\n|turn|6\n|inactive|Battle timer is ON: inactive players will automatically lose when time's up. (requested by ChillLanturnYT)\n|inactive|Posmeragi has 120 seconds left.\n|\n|t:|1700585980\n|-end|p2a: Iron Valiant|Quark Drive|[silent]\n|switch|p2a: Ting-Lu|Ting-Lu|100\/100\n|-ability|p2a: Ting-Lu|Vessel of Ruin\n|move|p1a: Milotic|Hydro Pump|p2a: Ting-Lu\n|-supereffective|p2a: Ting-Lu\n|-damage|p2a: Ting-Lu|71\/100\n|\n|-heal|p2a: Ting-Lu|77\/100|[from] item: Leftovers\n|upkeep\n|turn|7\n|\n|t:|1700586005\n|switch|p1a: Great Tusk|Great Tusk|100\/100\n|switch|p2a: Amoonguss|Amoonguss, M, tera:Water|57\/100\n|\n|upkeep\n|turn|8\n|\n|t:|1700586011\n|-end|p1a: Great Tusk|Protosynthesis|[silent]\n|switch|p1a: Goodra|Goodra-Hisui, F|100\/100\n|move|p2a: Amoonguss|Grass Knot|p1a: Goodra\n|-ability|p1a: Goodra|Sap Sipper|boost\n|-boost|p1a: Goodra|atk|1\n|\n|upkeep\n|turn|9\n|\n|t:|1700586018\n|move|p1a: Goodra|Heavy Slam|p2a: Amoonguss\n|-resisted|p2a: Amoonguss\n|-damage|p2a: Amoonguss|29\/100\n|-damage|p1a: Goodra|84\/100|[from] item: Rocky Helmet|[of] p2a: Amoonguss\n|move|p2a: Amoonguss|Foul Play|p1a: Goodra\n|-damage|p1a: Goodra|44\/100\n|\n|-heal|p1a: Goodra|50\/100|[from] item: Leftovers\n|upkeep\n|turn|10\n|inactive|Posmeragi has 120 seconds left.\n|\n|t:|1700586054\n|move|p1a: Goodra|Body Press|p2a: Amoonguss\n|-damage|p2a: Amoonguss|16\/100\n|-damage|p1a: Goodra|33\/100|[from] item: Rocky Helmet|[of] p2a: Amoonguss\n|move|p2a: Amoonguss|Foul Play|p1a: Goodra\n|-damage|p1a: Goodra|0 fnt\n|faint|p1a: Goodra\n|\n|upkeep\n|\n|t:|1700586059\n|switch|p1a: Great Tusk|Great Tusk|100\/100\n|turn|11\n|inactive|Posmeragi has 120 seconds left.\n|\n|t:|1700586071\n|switch|p2a: Dragapult|Dragapult, F|100\/100\n|move|p1a: Great Tusk|Earthquake|p2a: Dragapult\n|-damage|p2a: Dragapult|27\/100\n|\n|upkeep\n|turn|12\n|\n|t:|1700586081\n|move|p2a: Dragapult|U-turn|p1a: Great Tusk\n|-resisted|p1a: Great Tusk\n|-damage|p1a: Great Tusk|88\/100\n|\n|t:|1700586090\n|switch|p2a: Ting-Lu|Ting-Lu|77\/100|[from] U-turn\n|-ability|p2a: Ting-Lu|Vessel of Ruin\n|move|p1a: Great Tusk|Knock Off|p2a: Ting-Lu\n|-resisted|p2a: Ting-Lu\n|-damage|p2a: Ting-Lu|68\/100\n|-enditem|p2a: Ting-Lu|Leftovers|[from] move: Knock Off|[of] p1a: Great Tusk\n|\n|upkeep\n|turn|13\n|\n|t:|1700586105\n|switch|p2a: Amoonguss|Amoonguss, M, tera:Water|49\/100\n|move|p1a: Great Tusk|Rapid Spin|p2a: Amoonguss\n|-damage|p2a: Amoonguss|37\/100\n|-boost|p1a: Great Tusk|spe|1\n|-damage|p1a: Great Tusk|71\/100|[from] item: Rocky Helmet|[of] p2a: Amoonguss\n|\n|upkeep\n|turn|14\n|\n|t:|1700586110\n|move|p1a: Great Tusk|Earthquake|p2a: Amoonguss\n|-damage|p2a: Amoonguss|0 fnt\n|faint|p2a: Amoonguss\n|\n|upkeep\n|\n|t:|1700586124\n|switch|p2a: Pelipper|Pelipper, F|100\/100\n|-weather|RainDance|[from] ability: Drizzle|[of] p2a: Pelipper\n|turn|15\n|\n|t:|1700586129\n|-end|p1a: Great Tusk|Protosynthesis|[silent]\n|switch|p1a: Empoleon|Empoleon, F|100\/100 slp\n|move|p2a: Pelipper|Surf|p1a: Empoleon\n|-resisted|p1a: Empoleon\n|-damage|p1a: Empoleon|62\/100 slp\n|\n|-weather|RainDance|[upkeep]\n|-heal|p1a: Empoleon|68\/100 slp|[from] item: Leftovers\n|upkeep\n|turn|16\n|\n|t:|1700586144\n|switch|p2a: Iron Treads|Iron Treads|100\/100\n|-item|p2a: Iron Treads|Air Balloon\n|cant|p1a: Empoleon|slp\n|\n|-weather|RainDance|[upkeep]\n|-heal|p1a: Empoleon|74\/100 slp|[from] item: Leftovers\n|upkeep\n|turn|17\n|\n|t:|1700586152\n|move|p2a: Iron Treads|Earthquake|p1a: Empoleon\n|-supereffective|p1a: Empoleon\n|-damage|p1a: Empoleon|0 fnt\n|faint|p1a: Empoleon\n|\n|-weather|RainDance|[upkeep]\n|upkeep\n|\n|t:|1700586154\n|switch|p1a: Lurantis|Lurantis, F|100\/100\n|turn|18\n|\n|t:|1700586173\n|move|p2a: Iron Treads|Knock Off|p1a: Lurantis\n|-damage|p1a: Lurantis|65\/100\n|-enditem|p1a: Lurantis|Assault Vest|[from] move: Knock Off|[of] p2a: Iron Treads\n|move|p1a: Lurantis|Superpower|p2a: Iron Treads\n|-supereffective|p2a: Iron Treads\n|-damage|p2a: Iron Treads|33\/100\n|-boost|p1a: Lurantis|atk|1\n|-boost|p1a: Lurantis|def|1\n|-enditem|p2a: Iron Treads|Air Balloon\n|\n|-weather|RainDance|[upkeep]\n|upkeep\n|turn|19\n|\n|t:|1700586188\n|-end|p2a: Iron Treads|Quark Drive|[silent]\n|switch|p2a: Dragapult|Dragapult, F|27\/100\n|move|p1a: Lurantis|Leaf Storm|p2a: Dragapult\n|-resisted|p2a: Dragapult\n|-damage|p2a: Dragapult|0 fnt\n|-boost|p1a: Lurantis|spa|2\n|faint|p2a: Dragapult\n|\n|-weather|none\n|upkeep\n|\n|t:|1700586199\n|switch|p2a: Iron Valiant|Iron Valiant|100\/100\n|turn|20\n|\n|t:|1700586204\n|move|p2a: Iron Valiant|Moonblast|p1a: Lurantis\n|-damage|p1a: Lurantis|10\/100\n|-boost|p1a: Lurantis|spa|1\n|move|p1a: Lurantis|Poison Jab|p2a: Iron Valiant\n|-supereffective|p2a: Iron Valiant\n|-damage|p2a: Iron Valiant|0 fnt\n|faint|p2a: Iron Valiant\n|-end|p2a: Iron Valiant|Quark Drive|[silent]\n|\n|upkeep\n|\n|t:|1700586212\n|switch|p2a: Pelipper|Pelipper, F|100\/100\n|-weather|RainDance|[from] ability: Drizzle|[of] p2a: Pelipper\n|turn|21\n|\n|t:|1700586217\n|move|p2a: Pelipper|U-turn|p1a: Lurantis\n|-supereffective|p1a: Lurantis\n|-damage|p1a: Lurantis|0 fnt\n|faint|p1a: Lurantis\n|\n|t:|1700586226\n|switch|p2a: Iron Treads|Iron Treads|33\/100|[from] U-turn\n|\n|-weather|RainDance|[upkeep]\n|upkeep\n|\n|t:|1700586230\n|switch|p1a: Great Tusk|Great Tusk|71\/100\n|turn|22\n|\n|t:|1700586239\n|move|p2a: Iron Treads|Knock Off|p1a: Great Tusk\n|-resisted|p1a: Great Tusk\n|-damage|p1a: Great Tusk|60\/100\n|-enditem|p1a: Great Tusk|Heavy-Duty Boots|[from] move: Knock Off|[of] p2a: Iron Treads\n|move|p1a: Great Tusk|Knock Off|p2a: Iron Treads\n|-damage|p2a: Iron Treads|12\/100\n|\n|-weather|RainDance|[upkeep]\n|upkeep\n|turn|23\n|\n|t:|1700586248\n|move|p2a: Iron Treads|Earthquake|p1a: Great Tusk\n|-damage|p1a: Great Tusk|29\/100\n|move|p1a: Great Tusk|Rapid Spin|p2a: Iron Treads\n|-resisted|p2a: Iron Treads\n|-damage|p2a: Iron Treads|5\/100\n|-boost|p1a: Great Tusk|spe|1\n|\n|-weather|RainDance|[upkeep]\n|upkeep\n|turn|24\n|\n|t:|1700586259\n|move|p1a: Great Tusk|Rapid Spin|p2a: Iron Treads\n|-resisted|p2a: Iron Treads\n|-damage|p2a: Iron Treads|0 fnt\n|-boost|p1a: Great Tusk|spe|1\n|faint|p2a: Iron Treads\n|-end|p2a: Iron Treads|Quark Drive|[silent]\n|\n|-weather|RainDance|[upkeep]\n|upkeep\n|\n|t:|1700586263\n|switch|p2a: Ting-Lu|Ting-Lu|68\/100\n|-ability|p2a: Ting-Lu|Vessel of Ruin\n|turn|25\n|\n|t:|1700586267\n|move|p1a: Great Tusk|Reversal|p2a: Ting-Lu\n|-supereffective|p2a: Ting-Lu\n|-damage|p2a: Ting-Lu|20\/100\n|move|p2a: Ting-Lu|Earthquake|p1a: Great Tusk\n|-damage|p1a: Great Tusk|3\/100\n|\n|-weather|none\n|upkeep\n|turn|26\n|\n|t:|1700586271\n|move|p1a: Great Tusk|Reversal|p2a: Ting-Lu\n|-supereffective|p2a: Ting-Lu\n|-damage|p2a: Ting-Lu|0 fnt\n|faint|p2a: Ting-Lu\n|\n|upkeep\n|\n|t:|1700586273\n|switch|p2a: Pelipper|Pelipper, F|100\/100\n|-weather|RainDance|[from] ability: Drizzle|[of] p2a: Pelipper\n|turn|27\n|\n|t:|1700586278\n|move|p1a: Great Tusk|Reversal|p2a: Pelipper\n|-resisted|p2a: Pelipper\n|-damage|p2a: Pelipper|33\/100\n|move|p2a: Pelipper|Hurricane|p1a: Great Tusk\n|-supereffective|p1a: Great Tusk\n|-damage|p1a: Great Tusk|0 fnt\n|faint|p1a: Great Tusk\n|-end|p1a: Great Tusk|Protosynthesis|[silent]\n|\n|-weather|RainDance|[upkeep]\n|upkeep\n|\n|t:|1700586282\n|switch|p1a: Milotic|Milotic, F|100\/100\n|turn|28\n|\n|t:|1700586290\n|move|p2a: Pelipper|Hurricane|p1a: Milotic\n|-damage|p1a: Milotic|57\/100\n|move|p1a: Milotic|Hydro Pump|p2a: Pelipper|[miss]\n|-miss|p1a: Milotic|p2a: Pelipper\n|\n|-weather|RainDance|[upkeep]\n|-heal|p1a: Milotic|63\/100|[from] item: Leftovers\n|upkeep\n|turn|29\n|\n|t:|1700586294\n|move|p2a: Pelipper|Hurricane|p1a: Milotic\n|-damage|p1a: Milotic|19\/100\n|move|p1a: Milotic|Recover|p1a: Milotic\n|-heal|p1a: Milotic|69\/100\n|\n|-weather|RainDance|[upkeep]\n|-heal|p1a: Milotic|75\/100|[from] item: Leftovers\n|upkeep\n|turn|30\n|\n|t:|1700586299\n|move|p2a: Pelipper|Hurricane|p1a: Milotic\n|-damage|p1a: Milotic|32\/100\n|-start|p1a: Milotic|confusion\n|-activate|p1a: Milotic|confusion\n|-damage|p1a: Milotic|27\/100|[from] confusion\n|\n|-weather|RainDance|[upkeep]\n|-heal|p1a: Milotic|33\/100|[from] item: Leftovers\n|upkeep\n|turn|31\n|\n|t:|1700586302\n|move|p2a: Pelipper|Hurricane|p1a: Milotic\n|-damage|p1a: Milotic|0 fnt\n|faint|p1a: Milotic\n|\n|win|Posmeragi\n|raw|ChillLanturnYT's rating: 1171 &rarr; <strong>1138<\/strong><br \/>(-33 for losing)\n|raw|Posmeragi's rating: 1061 &rarr; <strong>1101<\/strong><br \/>(+40 for winning)\n|l|\u2606Posmeragi\n","uploadtime":1700586326,"views":1,"p1id":"chilllanturnyt","p2id":"posmeragi","formatid":"gen9ou","rating":1101,"private":0,"password":""}