{"id":"gen9ou-1992012381","p1":"ddddddwqeassss","p2":"Roddy22","format":"[Gen 9] OU","log":"|j|\u2606ddddddwqeassss\n|j|\u2606Roddy22\n|t:|1700147649\n|gametype|singles\n|player|p1|ddddddwqeassss|gentleman|1088\n|player|p2|Roddy22|1|1094\n|teamsize|p1|6\n|teamsize|p2|6\n|gen|9\n|tier|[Gen 9] OU\n|rated|\n|rule|Sleep Clause Mod: Limit one foe put to sleep\n|rule|Species Clause: Limit one of each Pok\u00e9mon\n|rule|OHKO Clause: OHKO moves are banned\n|rule|Evasion Items Clause: Evasion items are banned\n|rule|Evasion Moves Clause: Evasion moves are banned\n|rule|Endless Battle Clause: Forcing endless battles is banned\n|rule|HP Percentage Mod: HP is shown in percentages\n|clearpoke\n|poke|p1|Zapdos|\n|poke|p1|Slowking-Galar, F|\n|poke|p1|Perrserker, M|\n|poke|p1|Great Tusk|\n|poke|p1|Crawdaunt, F|\n|poke|p1|Mandibuzz, F|\n|poke|p2|Magnezone|\n|poke|p2|Dondozo, F|\n|poke|p2|Mamoswine, M|\n|poke|p2|Dragapult, M|\n|poke|p2|Cinderace, F|\n|poke|p2|Amoonguss, F|\n|teampreview\n|\n|t:|1700147701\n|start\n|switch|p1a: Crawdaunt|Crawdaunt, F|100\/100\n|switch|p2a: Cinderace|Cinderace, F|100\/100\n|turn|1\n|\n|t:|1700147720\n|move|p1a: Crawdaunt|Aqua Jet|p2a: Cinderace\n|-supereffective|p2a: Cinderace\n|-damage|p2a: Cinderace|0 fnt\n|faint|p2a: Cinderace\n|\n|upkeep\n|\n|t:|1700147736\n|switch|p2a: Magnezone|Magnezone|100\/100\n|turn|2\n|\n|t:|1700147747\n|switch|p1a: Slowking|Slowking-Galar, F|100\/100\n|move|p2a: Magnezone|Volt Switch|p1a: Slowking\n|-damage|p1a: Slowking|46\/100\n|\n|t:|1700147767\n|switch|p2a: Mamoswine|Mamoswine, M|100\/100|[from] Volt Switch\n|\n|upkeep\n|turn|3\n|\n|t:|1700147795\n|-terastallize|p1a: Slowking|Water\n|move|p2a: Mamoswine|Earthquake|p1a: Slowking\n|-damage|p1a: Slowking|5\/100\n|move|p1a: Slowking|Chilly Reception|p1a: Slowking\n|-weather|Snow\n|\n|t:|1700147809\n|switch|p1a: Great Tusk|Great Tusk, shiny|100\/100|[from] Chilly Reception\n|\n|-weather|Snow|[upkeep]\n|upkeep\n|turn|4\n|\n|t:|1700147840\n|switch|p2a: Amoonguss|Amoonguss, F|100\/100\n|move|p1a: Great Tusk|Stealth Rock|p2a: Amoonguss\n|-sidestart|p2: Roddy22|move: Stealth Rock\n|\n|-weather|Snow|[upkeep]\n|upkeep\n|turn|5\n|\n|t:|1700147859\n|-end|p1a: Great Tusk|Protosynthesis|[silent]\n|switch|p1a: Mandibuzz|Mandibuzz, F|100\/100\n|move|p2a: Amoonguss|Spore|p1a: Mandibuzz\n|-immune|p1a: Mandibuzz|[from] ability: Overcoat\n|\n|-weather|Snow|[upkeep]\n|upkeep\n|turn|6\n|\n|t:|1700147870\n|switch|p2a: Magnezone|Magnezone|100\/100\n|-damage|p2a: Magnezone|94\/100|[from] Stealth Rock\n|move|p1a: Mandibuzz|U-turn|p2a: Magnezone\n|-resisted|p2a: Magnezone\n|-damage|p2a: Magnezone|88\/100\n|\n|t:|1700147879\n|switch|p1a: Great Tusk|Great Tusk, shiny|100\/100|[from] U-turn\n|\n|-weather|Snow|[upkeep]\n|upkeep\n|turn|7\n|\n|t:|1700147891\n|switch|p2a: Amoonguss|Amoonguss, F|100\/100\n|-damage|p2a: Amoonguss|88\/100|[from] Stealth Rock\n|move|p1a: Great Tusk|Earthquake|p2a: Amoonguss\n|-damage|p2a: Amoonguss|54\/100\n|-enditem|p2a: Amoonguss|Red Card|[of] p1a: Great Tusk\n|-end|p1a: Great Tusk|Protosynthesis|[silent]\n|drag|p1a: Mandibuzz|Mandibuzz, F|100\/100\n|\n|-weather|none\n|upkeep\n|turn|8\n|\n|t:|1700147910\n|switch|p2a: Dondozo|Dondozo, F|100\/100\n|move|p1a: Mandibuzz|Foul Play|p2a: Dondozo\n|-damage|p2a: Dondozo|87\/100\n|\n|upkeep\n|turn|9\n|\n|t:|1700147917\n|move|p1a: Mandibuzz|U-turn|p2a: Dondozo\n|-damage|p2a: Dondozo|82\/100\n|\n|t:|1700147920\n|switch|p1a: Zapdos|Zapdos|100\/100|[from] U-turn\n|move|p2a: Dondozo|Body Press|p1a: Zapdos\n|-resisted|p1a: Zapdos\n|-damage|p1a: Zapdos|85\/100\n|-status|p2a: Dondozo|par|[from] ability: Static|[of] p1a: Zapdos\n|\n|upkeep\n|turn|10\n|inactive|Battle timer is ON: inactive players will automatically lose when time's up. (requested by ddddddwqeassss)\n|\n|t:|1700147986\n|switch|p2a: Amoonguss|Amoonguss, F|87\/100\n|-damage|p2a: Amoonguss|75\/100|[from] Stealth Rock\n|move|p1a: Zapdos|Hurricane|p2a: Amoonguss\n|-supereffective|p2a: Amoonguss\n|-damage|p2a: Amoonguss|2\/100\n|\n|upkeep\n|turn|11\n|\n|t:|1700148015\n|switch|p2a: Dondozo|Dondozo, F|82\/100 par\n|move|p1a: Zapdos|Volt Switch|p2a: Dondozo\n|-supereffective|p2a: Dondozo\n|-damage|p2a: Dondozo|28\/100 par\n|\n|t:|1700148023\n|switch|p1a: Crawdaunt|Crawdaunt, F|100\/100|[from] Volt Switch\n|\n|upkeep\n|turn|12\n|\n|t:|1700148038\n|switch|p2a: Magnezone|Magnezone|88\/100\n|-damage|p2a: Magnezone|82\/100|[from] Stealth Rock\n|move|p1a: Crawdaunt|Knock Off|p2a: Magnezone\n|-damage|p2a: Magnezone|0 fnt\n|-enditem|p2a: Magnezone|Choice Specs|[from] move: Knock Off|[of] p1a: Crawdaunt\n|faint|p2a: Magnezone\n|\n|upkeep\n|inactive|Roddy22 has 120 seconds left.\n|\n|t:|1700148049\n|switch|p2a: Dragapult|Dragapult, M|100\/100\n|-damage|p2a: Dragapult|88\/100|[from] Stealth Rock\n|turn|13\n|\n|t:|1700148054\n|move|p2a: Dragapult|U-turn|p1a: Crawdaunt\n|-supereffective|p1a: Crawdaunt\n|-damage|p1a: Crawdaunt|59\/100\n|\n|t:|1700148061\n|switch|p2a: Amoonguss|Amoonguss, F|36\/100|[from] U-turn\n|-damage|p2a: Amoonguss|23\/100|[from] Stealth Rock\n|move|p1a: Crawdaunt|Knock Off|p2a: Amoonguss\n|-damage|p2a: Amoonguss|0 fnt\n|faint|p2a: Amoonguss\n|\n|upkeep\n|\n|t:|1700148072\n|switch|p2a: Dragapult|Dragapult, M|88\/100\n|-damage|p2a: Dragapult|76\/100|[from] Stealth Rock\n|turn|14\n|\n|t:|1700148083\n|switch|p1a: Mandibuzz|Mandibuzz, F|100\/100\n|move|p2a: Dragapult|Shadow Ball|p1a: Mandibuzz\n|-resisted|p1a: Mandibuzz\n|-damage|p1a: Mandibuzz|80\/100\n|\n|upkeep\n|turn|15\n|\n|t:|1700148094\n|switch|p2a: Mamoswine|Mamoswine, M|100\/100\n|-damage|p2a: Mamoswine|88\/100|[from] Stealth Rock\n|move|p1a: Mandibuzz|Foul Play|p2a: Mamoswine\n|-damage|p2a: Mamoswine|30\/100\n|\n|upkeep\n|turn|16\n|\n|t:|1700148103\n|switch|p1a: Zapdos|Zapdos|85\/100\n|move|p2a: Mamoswine|Icicle Crash|p1a: Zapdos\n|-supereffective|p1a: Zapdos\n|-damage|p1a: Zapdos|0 fnt\n|faint|p1a: Zapdos\n|\n|upkeep\n|\n|t:|1700148112\n|switch|p1a: Crawdaunt|Crawdaunt, F|59\/100\n|turn|17\n|\n|t:|1700148119\n|switch|p2a: Dondozo|Dondozo, F|28\/100 par\n|move|p1a: Crawdaunt|Aqua Jet|p2a: Dondozo\n|-resisted|p2a: Dondozo\n|-damage|p2a: Dondozo|18\/100 par\n|\n|upkeep\n|turn|18\n|\n|t:|1700148128\n|switch|p1a: Slowking|Slowking-Galar, F, tera:Water|38\/100\n|cant|p2a: Dondozo|par\n|\n|upkeep\n|turn|19\n|\n|t:|1700148134\n|move|p1a: Slowking|Future Sight|p2a: Dondozo\n|-start|p1a: Slowking|move: Future Sight\n|move|p2a: Dondozo|Rest|p2a: Dondozo\n|-status|p2a: Dondozo|slp|[from] move: Rest\n|-heal|p2a: Dondozo|100\/100 slp|[silent]\n|\n|upkeep\n|turn|20\n|\n|t:|1700148147\n|cant|p2a: Dondozo|slp\n|move|p2a: Dondozo|Sleep Talk|p2a: Dondozo\n|move|p2a: Dondozo|Liquidation|p1a: Slowking|[from]move: Sleep Talk\n|-resisted|p1a: Slowking\n|-damage|p1a: Slowking|26\/100\n|move|p1a: Slowking|Chilly Reception|p1a: Slowking\n|-weather|Snow\n|\n|t:|1700148158\n|switch|p1a: Crawdaunt|Crawdaunt, F|59\/100|[from] Chilly Reception\n|\n|-weather|Snow|[upkeep]\n|upkeep\n|turn|21\n|\n|t:|1700148166\n|move|p1a: Crawdaunt|Knock Off|p2a: Dondozo\n|-damage|p2a: Dondozo|57\/100 slp\n|-enditem|p2a: Dondozo|Heavy-Duty Boots|[from] move: Knock Off|[of] p1a: Crawdaunt\n|cant|p2a: Dondozo|slp\n|move|p2a: Dondozo|Sleep Talk|p2a: Dondozo\n|move|p2a: Dondozo|Rest||[from]move: Sleep Talk|[still]\n|-fail|p2a: Dondozo\n|\n|-weather|Snow|[upkeep]\n|-end|p2a: Dondozo|move: Future Sight\n|-damage|p2a: Dondozo|13\/100 slp\n|upkeep\n|turn|22\n|\n|t:|1700148180\n|move|p1a: Crawdaunt|Knock Off|p2a: Dondozo\n|-damage|p2a: Dondozo|0 fnt\n|faint|p2a: Dondozo\n|\n|-weather|Snow|[upkeep]\n|upkeep\n|\n|t:|1700148185\n|switch|p2a: Dragapult|Dragapult, M|76\/100\n|-damage|p2a: Dragapult|64\/100|[from] Stealth Rock\n|turn|23\n|\n|t:|1700148195\n|switch|p1a: Slowking|Slowking-Galar, F, tera:Water|60\/100\n|move|p2a: Dragapult|U-turn|p1a: Slowking\n|-damage|p1a: Slowking|47\/100\n|\n|t:|1700148200\n|switch|p2a: Mamoswine|Mamoswine, M|30\/100|[from] U-turn\n|-damage|p2a: Mamoswine|17\/100|[from] Stealth Rock\n|\n|-weather|Snow|[upkeep]\n|upkeep\n|turn|24\n|\n|t:|1700148209\n|switch|p2a: Dragapult|Dragapult, M|64\/100\n|-damage|p2a: Dragapult|51\/100|[from] Stealth Rock\n|move|p1a: Slowking|Ice Beam|p2a: Dragapult\n|-supereffective|p2a: Dragapult\n|-damage|p2a: Dragapult|0 fnt\n|faint|p2a: Dragapult\n|\n|-weather|none\n|upkeep\n|-message|Roddy22 forfeited.\n|\n|win|ddddddwqeassss\n|raw|ddddddwqeassss's rating: 1088 &rarr; <strong>1115<\/strong><br \/>(+27 for winning)\n|raw|Roddy22's rating: 1094 &rarr; <strong>1069<\/strong><br \/>(-25 for losing)\n|c|\u2606Roddy22|gg\n","uploadtime":1700148225,"views":8,"p1id":"ddddddwqeassss","p2id":"roddy22","formatid":"gen9ou","rating":1069,"private":0,"password":""}