{"id":"gen9ou-1988631255","p1":"azurviz","p2":"zLayton","format":"[Gen 9] OU","log":"|j|\u2606azurviz\n|j|\u2606zLayton\n|t:|1699744057\n|gametype|singles\n|player|p1|azurviz|101|\n|player|p2|zLayton|juan|\n|teamsize|p1|6\n|teamsize|p2|6\n|gen|9\n|tier|[Gen 9] OU\n|rule|Sleep Clause Mod: Limit one foe put to sleep\n|rule|Species Clause: Limit one of each Pok\u00e9mon\n|rule|OHKO Clause: OHKO moves are banned\n|rule|Evasion Items Clause: Evasion items are banned\n|rule|Evasion Moves Clause: Evasion moves are banned\n|rule|Endless Battle Clause: Forcing endless battles is banned\n|rule|HP Percentage Mod: HP is shown in percentages\n|clearpoke\n|poke|p1|Rotom|\n|poke|p1|Vaporeon, M|\n|poke|p1|Gholdengo|\n|poke|p1|Gliscor, M|\n|poke|p1|Hoopa-Unbound|\n|poke|p1|Ribombee, F|\n|poke|p2|Hatterene, F|\n|poke|p2|Drifblim, M|\n|poke|p2|Empoleon, F|\n|poke|p2|Rillaboom, M|\n|poke|p2|Sneasler, M|\n|poke|p2|Zoroark, M|\n|teampreview\n|c|\u2606zLayton|sorry for making u wait :(\n|c|\u2606azurviz|no prob :)\n|\n|t:|1699744148\n|start\n|switch|p1a: Ribombee|Ribombee, F|100\/100\n|switch|p2a: Hatterene|Hatterene, F|100\/100\n|turn|1\n|\n|t:|1699744189\n|switch|p2a: Empoleon|Empoleon, F|100\/100\n|-terastallize|p1a: Ribombee|Ghost\n|move|p1a: Ribombee|Tera Blast|p2a: Empoleon|[anim] Tera Blast Ghost\n|-damage|p2a: Empoleon|72\/100\n|\n|upkeep\n|turn|2\n|\n|t:|1699744202\n|move|p1a: Ribombee|Sticky Web|p2a: Empoleon\n|-sidestart|p2: zLayton|move: Sticky Web\n|move|p2a: Empoleon|Surf|p1a: Ribombee\n|-damage|p1a: Ribombee|19\/100\n|\n|upkeep\n|turn|3\n|\n|t:|1699744219\n|switch|p1a: Gholdengo|Gholdengo|100\/100\n|move|p2a: Empoleon|Roost|p2a: Empoleon\n|-heal|p2a: Empoleon|100\/100\n|-singleturn|p2a: Empoleon|move: Roost\n|\n|upkeep\n|turn|4\n|j| So Threatening\n|\n|t:|1699744267\n|-terastallize|p2a: Empoleon|Water\n|move|p1a: Gholdengo|Focus Blast|p2a: Empoleon\n|-damage|p2a: Empoleon|66\/100\n|move|p2a: Empoleon|Surf|p1a: Gholdengo\n|-damage|p1a: Gholdengo|34\/100\n|\n|upkeep\n|turn|5\n|\n|t:|1699744283\n|switch|p1a: Vaporeon|Vaporeon, M|100\/100\n|move|p2a: Empoleon|Stealth Rock|p1a: Vaporeon\n|-sidestart|p1: azurviz|move: Stealth Rock\n|\n|upkeep\n|turn|6\n|\n|t:|1699744301\n|switch|p2a: Rillaboom|Rillaboom, M|100\/100\n|-activate|p2a: Rillaboom|move: Sticky Web\n|-unboost|p2a: Rillaboom|spe|1\n|-fieldstart|move: Grassy Terrain|[from] ability: Grassy Surge|[of] p2a: Rillaboom\n|move|p1a: Vaporeon|Wish|p1a: Vaporeon\n|\n|upkeep\n|turn|7\n|c| So Threatening|layton is going crazy rn\n|c|\u2606zLayton|wdym\n|c| So Threatening|calling every turn correct\n|\n|t:|1699744344\n|move|p2a: Rillaboom|Knock Off|p1a: Vaporeon\n|-damage|p1a: Vaporeon|61\/100\n|-enditem|p1a: Vaporeon|Leftovers|[from] move: Knock Off|[of] p2a: Rillaboom\n|move|p1a: Vaporeon|Flip Turn|p2a: Rillaboom\n|-resisted|p2a: Rillaboom\n|-damage|p2a: Rillaboom|93\/100\n|c|\u2606zLayton|rlly? thankslol\n|\n|t:|1699744362\n|switch|p1a: Gholdengo|Gholdengo|34\/100|[from] Flip Turn\n|-damage|p1a: Gholdengo|28\/100|[from] Stealth Rock\n|\n|-heal|p1a: Gholdengo|89\/100|[from] move: Wish|[wisher] Vaporeon\n|-heal|p1a: Gholdengo|95\/100|[from] Grassy Terrain\n|-heal|p2a: Rillaboom|99\/100|[from] Grassy Terrain\n|upkeep\n|turn|8\n|\n|t:|1699744443\n|move|p1a: Gholdengo|Shadow Ball|p2a: Rillaboom\n|-damage|p2a: Rillaboom|49\/100\n|-unboost|p2a: Rillaboom|spd|1\n|move|p2a: Rillaboom|Knock Off|p1a: Gholdengo\n|-supereffective|p1a: Gholdengo\n|-enditem|p1a: Gholdengo|Colbur Berry|[eat]\n|-enditem|p1a: Gholdengo|Colbur Berry|[weaken]\n|-damage|p1a: Gholdengo|70\/100\n|\n|-heal|p1a: Gholdengo|76\/100|[from] Grassy Terrain\n|-heal|p2a: Rillaboom|55\/100|[from] Grassy Terrain\n|upkeep\n|turn|9\n|\n|t:|1699744613\n|switch|p2a: Hatterene|Hatterene, F|100\/100\n|-activate|p2a: Hatterene|move: Sticky Web\n|-unboost|p2a: Hatterene|spe|1\n|move|p1a: Gholdengo|Thunderbolt|p2a: Hatterene\n|-damage|p2a: Hatterene|47\/100\n|replace|p2a: Zoroark|Zoroark, M\n|-end|p2a: Zoroark|Illusion\n|\n|-heal|p2a: Zoroark|53\/100|[from] Grassy Terrain\n|-heal|p1a: Gholdengo|83\/100|[from] Grassy Terrain\n|upkeep\n|turn|10\n|\n|t:|1699744629\n|move|p2a: Zoroark|Knock Off|p1a: Gholdengo\n|-supereffective|p1a: Gholdengo\n|-damage|p1a: Gholdengo|26\/100\n|move|p1a: Gholdengo|Focus Blast|p2a: Zoroark|[miss]\n|-miss|p1a: Gholdengo|p2a: Zoroark\n|\n|-heal|p2a: Zoroark|60\/100|[from] Grassy Terrain\n|-heal|p1a: Gholdengo|33\/100|[from] Grassy Terrain\n|-fieldend|move: Grassy Terrain\n|upkeep\n|turn|11\n|c| So Threatening|nooooooooooooo\n|c|\u2606zLayton|focusmiss\n|c|\u2606azurviz|jijiji\n|\n|t:|1699744665\n|switch|p1a: Vaporeon|Vaporeon, M|61\/100\n|-damage|p1a: Vaporeon|49\/100|[from] Stealth Rock\n|move|p2a: Zoroark|Knock Off|p1a: Vaporeon\n|-damage|p1a: Vaporeon|0 fnt\n|faint|p1a: Vaporeon\n|\n|upkeep\n|\n|t:|1699744686\n|switch|p1a: Ribombee|Ribombee, F, tera:Ghost|19\/100\n|-damage|p1a: Ribombee|7\/100|[from] Stealth Rock\n|turn|12\n|\n|t:|1699744754\n|switch|p2a: Drifblim|Drifblim, M|100\/100\n|move|p1a: Ribombee|Moonblast|p2a: Drifblim\n|-damage|p2a: Drifblim|60\/100\n|\n|-status|p2a: Drifblim|brn|[from] item: Flame Orb\n|upkeep\n|turn|13\n|c| So Threatening|looking for laytons moonblast switchs in\n|c|\u2606zLayton|(none)\n|\n|t:|1699744771\n|move|p1a: Ribombee|Tera Blast|p2a: Drifblim|[anim] Tera Blast Ghost\n|-supereffective|p2a: Drifblim\n|-damage|p2a: Drifblim|0 fnt\n|faint|p2a: Drifblim\n|\n|upkeep\n|\n|t:|1699744816\n|switch|p2a: Hatterene|Hatterene, F|100\/100\n|-activate|p2a: Hatterene|move: Sticky Web\n|-unboost|p2a: Hatterene|spe|1\n|turn|14\n|\n|t:|1699744827\n|move|p1a: Ribombee|Tera Blast|p2a: Hatterene|[anim] Tera Blast Ghost\n|-supereffective|p2a: Hatterene\n|-damage|p2a: Hatterene|28\/100\n|move|p2a: Hatterene|Trick Room|p2a: Hatterene\n|-fieldstart|move: Trick Room|[of] p2a: Hatterene\n|\n|upkeep\n|turn|15\n|\n|t:|1699744843\n|move|p2a: Hatterene|Psyshock|p1a: Ribombee\n|-damage|p1a: Ribombee|0 fnt\n|faint|p1a: Ribombee\n|\n|upkeep\n|\n|t:|1699744864\n|switch|p1a: Hoopa|Hoopa-Unbound|100\/100\n|-damage|p1a: Hoopa|88\/100|[from] Stealth Rock\n|turn|16\n|\n|t:|1699744888\n|move|p2a: Hatterene|Dazzling Gleam|p1a: Hoopa\n|-supereffective|p1a: Hoopa\n|-damage|p1a: Hoopa|6\/100\n|move|p1a: Hoopa|Trick|p2a: Hatterene\n|-activate|p1a: Hoopa|move: Trick|[of] p2a: Hatterene\n|-item|p2a: Hatterene|Choice Scarf|[from] move: Trick\n|-item|p1a: Hoopa|Wise Glasses|[from] move: Trick\n|\n|upkeep\n|turn|17\n|\n|t:|1699744916\n|move|p2a: Hatterene|Mystical Fire|p1a: Hoopa\n|-damage|p1a: Hoopa|0 fnt\n|faint|p1a: Hoopa\n|\n|upkeep\n|\n|t:|1699744924\n|switch|p1a: Gliscor|Gliscor, M|100\/100\n|-damage|p1a: Gliscor|88\/100|[from] Stealth Rock\n|turn|18\n|\n|t:|1699744930\n|move|p2a: Hatterene|Mystical Fire|p1a: Gliscor\n|-damage|p1a: Gliscor|49\/100\n|-unboost|p1a: Gliscor|spa|1\n|move|p1a: Gliscor|Knock Off|p2a: Hatterene\n|-damage|p2a: Hatterene|2\/100\n|-enditem|p2a: Hatterene|Choice Scarf|[from] move: Knock Off|[of] p1a: Gliscor\n|\n|-fieldend|move: Trick Room\n|-status|p1a: Gliscor|tox|[from] item: Toxic Orb\n|upkeep\n|turn|19\n|\n|t:|1699744965\n|move|p1a: Gliscor|Earthquake|p2a: Hatterene\n|-damage|p2a: Hatterene|0 fnt\n|faint|p2a: Hatterene\n|\n|-heal|p1a: Gliscor|61\/100 tox|[from] ability: Poison Heal\n|upkeep\n|j| Quackborg\n|l| So Threatening\n|j| So Threatening\n|\n|t:|1699745063\n|switch|p2a: Empoleon|Empoleon, F, tera:Water|66\/100\n|-activate|p2a: Empoleon|move: Sticky Web\n|-unboost|p2a: Empoleon|spe|1\n|-ability|p2a: Empoleon|Competitive|boost\n|-boost|p2a: Empoleon|spa|2\n|turn|20\n|\n|t:|1699745100\n|move|p1a: Gliscor|Gunk Shot|p2a: Empoleon\n|-damage|p2a: Empoleon|33\/100\n|move|p2a: Empoleon|Surf|p1a: Gliscor\n|-supereffective|p1a: Gliscor\n|-damage|p1a: Gliscor|0 fnt\n|faint|p1a: Gliscor\n|\n|upkeep\n|\n|t:|1699745104\n|switch|p1a: Gholdengo|Gholdengo|33\/100\n|-damage|p1a: Gholdengo|26\/100|[from] Stealth Rock\n|turn|21\n|l| So Threatening\n|\n|t:|1699745114\n|move|p1a: Gholdengo|Thunderbolt|p2a: Empoleon\n|-supereffective|p2a: Empoleon\n|-damage|p2a: Empoleon|0 fnt\n|faint|p2a: Empoleon\n|\n|upkeep\n|\n|t:|1699745118\n|switch|p2a: Sneasler|Sneasler, M|60\/100\n|-activate|p2a: Sneasler|move: Sticky Web\n|-unboost|p2a: Sneasler|spe|1\n|turn|22\n|\n|t:|1699745125\n|move|p2a: Sneasler|Knock Off|p1a: Gholdengo\n|-supereffective|p1a: Gholdengo\n|-damage|p1a: Gholdengo|0 fnt\n|faint|p1a: Gholdengo\n|\n|upkeep\n|\n|t:|1699745128\n|switch|p1a: Rotom|Rotom|100\/100\n|-damage|p1a: Rotom|88\/100|[from] Stealth Rock\n|turn|23\n|\n|t:|1699745160\n|move|p1a: Rotom|Shadow Ball|p2a: Sneasler\n|-resisted|p2a: Sneasler\n|-damage|p2a: Sneasler|26\/100\n|-unboost|p2a: Sneasler|spd|1\n|replace|p2a: Zoroark|Zoroark, M\n|-end|p2a: Zoroark|Illusion\n|move|p2a: Zoroark|Knock Off|p1a: Rotom\n|-supereffective|p1a: Rotom\n|-damage|p1a: Rotom|0 fnt\n|-enditem|p1a: Rotom|Choice Scarf|[from] move: Knock Off|[of] p2a: Zoroark\n|faint|p1a: Rotom\n|\n|win|zLayton\n|c|\u2606zLayton|gg\n","uploadtime":1699745168,"views":44,"p1id":"azurviz","p2id":"zlayton","formatid":"gen9ou","rating":0,"private":0,"password":""}