{"id":"gen9ou-1995101366","p1":"PLAYB0I R0BBIE B","p2":"Lime832","format":"[Gen 9] OU","log":"|j|\u2606PLAYB0I R0BBIE B\n|j|\u2606Lime832\n|t:|1700522677\n|gametype|singles\n|player|p1|PLAYB0I R0BBIE B|eusine|1267\n|player|p2|Lime832|2|1355\n|teamsize|p1|6\n|teamsize|p2|6\n|gen|9\n|tier|[Gen 9] OU\n|rated|\n|rule|Sleep Clause Mod: Limit one foe put to sleep\n|rule|Species Clause: Limit one of each Pok\u00e9mon\n|rule|OHKO Clause: OHKO moves are banned\n|rule|Evasion Items Clause: Evasion items are banned\n|rule|Evasion Moves Clause: Evasion moves are banned\n|rule|Endless Battle Clause: Forcing endless battles is banned\n|rule|HP Percentage Mod: HP is shown in percentages\n|clearpoke\n|poke|p1|Meowscarada, F|\n|poke|p1|Heatran, F|\n|poke|p1|Thundurus-Therian, M|\n|poke|p1|Dragapult, F|\n|poke|p1|Great Tusk|\n|poke|p1|Azumarill, F|\n|poke|p2|Ribombee, F|\n|poke|p2|Gholdengo|\n|poke|p2|Greninja-*, M|\n|poke|p2|Kingambit, F|\n|poke|p2|Great Tusk|\n|poke|p2|Dragapult, M|\n|teampreview\n|\n|t:|1700522694\n|start\n|switch|p1a: 5% TINT|Heatran, F|100\/100\n|switch|p2a: Ribombee|Ribombee, F|100\/100\n|-item|p1a: 5% TINT|Air Balloon\n|turn|1\n|\n|t:|1700522704\n|move|p2a: Ribombee|Sticky Web|p1a: 5% TINT\n|-sidestart|p1: PLAYB0I R0BBIE B|move: Sticky Web\n|move|p1a: 5% TINT|Magma Storm|p2a: Ribombee\n|-supereffective|p2a: Ribombee\n|-enditem|p2a: Ribombee|Focus Sash\n|-damage|p2a: Ribombee|1\/100\n|-activate|p2a: Ribombee|move: Magma Storm|[of] p1a: 5% TINT\n|\n|-damage|p2a: Ribombee|0 fnt|[from] move: Magma Storm|[partiallytrapped]\n|faint|p2a: Ribombee\n|upkeep\n|\n|t:|1700522715\n|switch|p2a: Greninja|Greninja, M|100\/100\n|turn|2\n|\n|t:|1700522725\n|switch|p1a: CAN'T SAY|Azumarill, F|100\/100\n|-activate|p1a: CAN'T SAY|move: Sticky Web\n|-unboost|p1a: CAN'T SAY|spe|1\n|move|p2a: Greninja|Surf|p1a: CAN'T SAY\n|-resisted|p1a: CAN'T SAY\n|-damage|p1a: CAN'T SAY|81\/100\n|-damage|p2a: Greninja|91\/100|[from] item: Life Orb\n|\n|upkeep\n|turn|3\n|\n|t:|1700522739\n|switch|p2a: Gholdengo|Gholdengo|100\/100\n|-item|p2a: Gholdengo|Air Balloon\n|move|p1a: CAN'T SAY|Play Rough|p2a: Gholdengo\n|-resisted|p2a: Gholdengo\n|-damage|p2a: Gholdengo|68\/100\n|-enditem|p2a: Gholdengo|Air Balloon\n|\n|upkeep\n|turn|4\n|\n|t:|1700522756\n|move|p2a: Gholdengo|Shadow Ball|p1a: CAN'T SAY\n|-crit|p1a: CAN'T SAY\n|-damage|p1a: CAN'T SAY|35\/100\n|move|p1a: CAN'T SAY|Liquidation|p2a: Gholdengo\n|-damage|p2a: Gholdengo|9\/100\n|\n|upkeep\n|turn|5\n|\n|t:|1700522765\n|move|p1a: CAN'T SAY|Aqua Jet|p2a: Gholdengo\n|-damage|p2a: Gholdengo|0 fnt\n|faint|p2a: Gholdengo\n|\n|upkeep\n|\n|t:|1700522785\n|switch|p2a: Dragapult|Dragapult, M|100\/100\n|turn|6\n|\n|t:|1700522795\n|move|p2a: Dragapult|Tera Blast|p1a: CAN'T SAY\n|-damage|p1a: CAN'T SAY|25\/100\n|move|p1a: CAN'T SAY|Play Rough|p2a: Dragapult\n|-supereffective|p2a: Dragapult\n|-damage|p2a: Dragapult|0 fnt\n|faint|p2a: Dragapult\n|\n|upkeep\n|-message|Lime832 forfeited.\n|\n|win|PLAYB0I R0BBIE B\n|raw|PLAYB0I R0BBIE B's rating: 1267 &rarr; <strong>1298<\/strong><br \/>(+31 for winning)\n|raw|Lime832's rating: 1355 &rarr; <strong>1330<\/strong><br \/>(-25 for losing)\n|l|\u2606Lime832\n","uploadtime":1700522816,"views":5,"p1id":"playb0ir0bbieb","p2id":"lime832","formatid":"gen9ou","rating":1298,"private":0,"password":""}