{"id":"gen9ou-1999460743","p1":"Shsishvc","p2":"averyryryryry","format":"[Gen 9] OU","log":"|j|\u2606Shsishvc\n|j|\u2606averyryryryry\n|t:|1701084049\n|gametype|singles\n|player|p1|Shsishvc|1|1073\n|player|p2|averyryryryry|kieran|1141\n|teamsize|p1|6\n|teamsize|p2|6\n|gen|9\n|tier|[Gen 9] OU\n|rated|\n|rule|Sleep Clause Mod: Limit one foe put to sleep\n|rule|Species Clause: Limit one of each Pok\u00e9mon\n|rule|OHKO Clause: OHKO moves are banned\n|rule|Evasion Items Clause: Evasion items are banned\n|rule|Evasion Moves Clause: Evasion moves are banned\n|rule|Endless Battle Clause: Forcing endless battles is banned\n|rule|HP Percentage Mod: HP is shown in percentages\n|clearpoke\n|poke|p1|Tyranitar, F|\n|poke|p1|Heatran, F|\n|poke|p1|Empoleon, M|\n|poke|p1|Landorus-Therian, M|\n|poke|p1|Mandibuzz, F|\n|poke|p1|Azelf|\n|poke|p2|Ribombee, F|\n|poke|p2|Great Tusk|\n|poke|p2|Landorus-Therian, M|\n|poke|p2|Gholdengo|\n|poke|p2|Ogerpon-Wellspring, F|\n|poke|p2|Kingambit, M|\n|teampreview\n|inactive|Battle timer is ON: inactive players will automatically lose when time's up. (requested by averyryryryry)\n|\n|t:|1701084054\n|start\n|switch|p1a: Heatran|Heatran, F|100\/100\n|switch|p2a: Ribombee|Ribombee, F, shiny|100\/100\n|turn|1\n|\n|t:|1701084060\n|move|p2a: Ribombee|Sticky Web|p1a: Heatran\n|-sidestart|p1: Shsishvc|move: Sticky Web\n|move|p1a: Heatran|Magma Storm|p2a: Ribombee\n|-supereffective|p2a: Ribombee\n|-enditem|p2a: Ribombee|Focus Sash\n|-damage|p2a: Ribombee|1\/100\n|-activate|p2a: Ribombee|move: Magma Storm|[of] p1a: Heatran\n|\n|-damage|p2a: Ribombee|0 fnt|[from] move: Magma Storm|[partiallytrapped]\n|faint|p2a: Ribombee\n|upkeep\n|\n|t:|1701084066\n|switch|p2a: Landorus|Landorus-Therian, M, shiny|100\/100\n|-ability|p2a: Landorus|Intimidate|boost\n|-unboost|p1a: Heatran|atk|1\n|turn|2\n|\n|t:|1701084075\n|move|p1a: Heatran|Protect|p1a: Heatran\n|-singleturn|p1a: Heatran|Protect\n|move|p2a: Landorus|U-turn|p1a: Heatran\n|-activate|p1a: Heatran|move: Protect\n|\n|upkeep\n|turn|3\n|\n|t:|1701084085\n|switch|p1a: Lando-T|Landorus-Therian, M|100\/100\n|-ability|p1a: Lando-T|Intimidate|boost\n|-unboost|p2a: Landorus|atk|1\n|move|p2a: Landorus|U-turn|p1a: Lando-T\n|-resisted|p1a: Lando-T\n|-damage|p1a: Lando-T|91\/100\n|\n|t:|1701084089\n|switch|p2a: Ogerpon|Ogerpon-Wellspring, F|100\/100|[from] U-turn\n|\n|-heal|p1a: Lando-T|97\/100|[from] item: Leftovers\n|upkeep\n|turn|4\n|\n|t:|1701084100\n|switch|p1a: Mandibuzz|Mandibuzz, F|100\/100\n|-terastallize|p2a: Ogerpon|Water\n|detailschange|p2a: Ogerpon|Ogerpon-Wellspring-Tera, F, tera:Water\n|-ability|p2a: Ogerpon|Embody Aspect (Wellspring)|boost\n|-boost|p2a: Ogerpon|spd|1\n|move|p2a: Ogerpon|Ivy Cudgel|p1a: Mandibuzz|[anim] Ivy Cudgel Water\n|-damage|p1a: Mandibuzz|56\/100\n|\n|upkeep\n|turn|5\n|\n|t:|1701084116\n|move|p2a: Ogerpon|Play Rough|p1a: Mandibuzz\n|-supereffective|p1a: Mandibuzz\n|-damage|p1a: Mandibuzz|14\/100\n|-unboost|p1a: Mandibuzz|atk|1\n|move|p1a: Mandibuzz|Roost|p1a: Mandibuzz\n|-heal|p1a: Mandibuzz|64\/100\n|-singleturn|p1a: Mandibuzz|move: Roost\n|\n|upkeep\n|turn|6\n|\n|t:|1701084127\n|move|p2a: Ogerpon|Ivy Cudgel|p1a: Mandibuzz|[anim] Ivy Cudgel Water\n|-damage|p1a: Mandibuzz|17\/100\n|move|p1a: Mandibuzz|Roost|p1a: Mandibuzz\n|-heal|p1a: Mandibuzz|67\/100\n|-singleturn|p1a: Mandibuzz|move: Roost\n|\n|upkeep\n|turn|7\n|\n|t:|1701084139\n|switch|p1a: Water Resist|Empoleon, M|100\/100\n|-activate|p1a: Water Resist|move: Sticky Web\n|-unboost|p1a: Water Resist|spe|1\n|-ability|p1a: Water Resist|Competitive|boost\n|-boost|p1a: Water Resist|spa|2\n|move|p2a: Ogerpon|Encore||[still]\n|-fail|p2a: Ogerpon\n|\n|upkeep\n|turn|8\n|\n|t:|1701084150\n|move|p2a: Ogerpon|Knock Off|p1a: Water Resist\n|-damage|p1a: Water Resist|62\/100\n|-enditem|p1a: Water Resist|Leftovers|[from] move: Knock Off|[of] p2a: Ogerpon\n|move|p1a: Water Resist|Yawn|p2a: Ogerpon\n|-start|p2a: Ogerpon|move: Yawn|[of] p1a: Water Resist\n|\n|upkeep\n|turn|9\n|\n|t:|1701084164\n|switch|p2a: Gholdengo|Gholdengo|100\/100\n|move|p1a: Water Resist|Surf|p2a: Gholdengo\n|-damage|p2a: Gholdengo|17\/100\n|\n|upkeep\n|turn|10\n|\n|t:|1701084172\n|move|p2a: Gholdengo|Thunderbolt|p1a: Water Resist\n|-supereffective|p1a: Water Resist\n|-damage|p1a: Water Resist|0 fnt\n|faint|p1a: Water Resist\n|\n|upkeep\n|\n|t:|1701084178\n|switch|p1a: Heatran|Heatran, F|100\/100\n|-activate|p1a: Heatran|move: Sticky Web\n|-unboost|p1a: Heatran|spe|1\n|turn|11\n|\n|t:|1701084189\n|switch|p2a: Ogerpon|Ogerpon-Wellspring-Tera, F, tera:Water|100\/100\n|-ability|p2a: Ogerpon|Embody Aspect (Wellspring)|boost\n|-boost|p2a: Ogerpon|spd|1\n|switch|p1a: Mandibuzz|Mandibuzz, F|67\/100\n|\n|upkeep\n|turn|12\n|\n|t:|1701084200\n|move|p2a: Ogerpon|Knock Off|p1a: Mandibuzz\n|-resisted|p1a: Mandibuzz\n|-damage|p1a: Mandibuzz|56\/100\n|-enditem|p1a: Mandibuzz|Heavy-Duty Boots|[from] move: Knock Off|[of] p2a: Ogerpon\n|move|p1a: Mandibuzz|Defog|p2a: Ogerpon\n|-unboost|p2a: Ogerpon|evasion|1\n|-sideend|p1: Shsishvc|Sticky Web|[from] move: Defog|[of] p1a: Mandibuzz\n|\n|upkeep\n|turn|13\n|\n|t:|1701084209\n|move|p2a: Ogerpon|Encore|p1a: Mandibuzz\n|-start|p1a: Mandibuzz|Encore\n|move|p1a: Mandibuzz|Defog|p2a: Ogerpon\n|-unboost|p2a: Ogerpon|evasion|1\n|\n|upkeep\n|turn|14\n|\n|t:|1701084220\n|switch|p1a: Varginha|Azelf|100\/100\n|move|p2a: Ogerpon|Ivy Cudgel|p1a: Varginha|[anim] Ivy Cudgel Water\n|-damage|p1a: Varginha|0 fnt\n|faint|p1a: Varginha\n|\n|upkeep\n|\n|t:|1701084229\n|switch|p1a: Mandibuzz|Mandibuzz, F|56\/100\n|turn|15\n|\n|t:|1701084234\n|move|p2a: Ogerpon|Ivy Cudgel|p1a: Mandibuzz|[anim] Ivy Cudgel Water\n|-damage|p1a: Mandibuzz|13\/100\n|move|p1a: Mandibuzz|Toxic|p2a: Ogerpon\n|-status|p2a: Ogerpon|tox\n|\n|-damage|p2a: Ogerpon|95\/100 tox|[from] psn\n|upkeep\n|turn|16\n|\n|t:|1701084244\n|move|p2a: Ogerpon|Ivy Cudgel|p1a: Mandibuzz|[anim] Ivy Cudgel Water\n|-crit|p1a: Mandibuzz\n|-damage|p1a: Mandibuzz|0 fnt\n|faint|p1a: Mandibuzz\n|\n|-damage|p2a: Ogerpon|83\/100 tox|[from] psn\n|upkeep\n|\n|t:|1701084255\n|switch|p1a: Rock Thorn|Tyranitar, F|100\/100\n|-weather|Sandstorm|[from] ability: Sand Stream|[of] p1a: Rock Thorn\n|turn|17\n|\n|t:|1701084266\n|switch|p2a: Great Tusk|Great Tusk|100\/100\n|-terastallize|p1a: Rock Thorn|Fairy\n|move|p1a: Rock Thorn|Dragon Dance|p1a: Rock Thorn\n|-boost|p1a: Rock Thorn|atk|1\n|-boost|p1a: Rock Thorn|spe|1\n|\n|-weather|Sandstorm|[upkeep]\n|-damage|p1a: Rock Thorn|94\/100|[from] Sandstorm\n|-heal|p1a: Rock Thorn|100\/100|[from] item: Leftovers\n|upkeep\n|turn|18\n|\n|t:|1701084277\n|move|p1a: Rock Thorn|Dragon Dance|p1a: Rock Thorn\n|-boost|p1a: Rock Thorn|atk|1\n|-boost|p1a: Rock Thorn|spe|1\n|move|p2a: Great Tusk|Headlong Rush|p1a: Rock Thorn\n|-damage|p1a: Rock Thorn|46\/100\n|-unboost|p2a: Great Tusk|def|1\n|-unboost|p2a: Great Tusk|spd|1\n|\n|-weather|Sandstorm|[upkeep]\n|-damage|p1a: Rock Thorn|39\/100|[from] Sandstorm\n|-heal|p1a: Rock Thorn|46\/100|[from] item: Leftovers\n|upkeep\n|turn|19\n|\n|t:|1701084289\n|move|p1a: Rock Thorn|Ice Punch|p2a: Great Tusk\n|-supereffective|p2a: Great Tusk\n|-damage|p2a: Great Tusk|0 fnt\n|faint|p2a: Great Tusk\n|-end|p2a: Great Tusk|Protosynthesis|[silent]\n|\n|-weather|Sandstorm|[upkeep]\n|-damage|p1a: Rock Thorn|39\/100|[from] Sandstorm\n|-heal|p1a: Rock Thorn|46\/100|[from] item: Leftovers\n|upkeep\n|\n|t:|1701084292\n|switch|p2a: Kingambit|Kingambit, M|100\/100\n|-activate|p2a: Kingambit|ability: Supreme Overlord\n|-start|p2a: Kingambit|fallen2|[silent]\n|turn|20\n|\n|t:|1701084302\n|move|p1a: Rock Thorn|Knock Off|p2a: Kingambit\n|-resisted|p2a: Kingambit\n|-damage|p2a: Kingambit|65\/100\n|-enditem|p2a: Kingambit|Leftovers|[from] move: Knock Off|[of] p1a: Rock Thorn\n|move|p2a: Kingambit|Iron Head|p1a: Rock Thorn\n|-supereffective|p1a: Rock Thorn\n|-damage|p1a: Rock Thorn|0 fnt\n|faint|p1a: Rock Thorn\n|\n|-weather|Sandstorm|[upkeep]\n|upkeep\n|\n|t:|1701084312\n|switch|p1a: Lando-T|Landorus-Therian, M|97\/100\n|-ability|p1a: Lando-T|Intimidate|boost\n|-unboost|p2a: Kingambit|atk|1\n|turn|21\n|\n|t:|1701084321\n|-end|p2a: Kingambit|fallen2|[silent]\n|switch|p2a: Gholdengo|Gholdengo|17\/100\n|move|p1a: Lando-T|Smack Down|p2a: Gholdengo\n|-resisted|p2a: Gholdengo\n|-crit|p2a: Gholdengo\n|-damage|p2a: Gholdengo|0 fnt\n|faint|p2a: Gholdengo\n|\n|-weather|none\n|-heal|p1a: Lando-T|100\/100|[from] item: Leftovers\n|upkeep\n|\n|t:|1701084324\n|switch|p2a: Ogerpon|Ogerpon-Wellspring-Tera, F, tera:Water|83\/100 tox\n|-ability|p2a: Ogerpon|Embody Aspect (Wellspring)|boost\n|-boost|p2a: Ogerpon|spd|1\n|turn|22\n|\n|t:|1701084334\n|move|p2a: Ogerpon|Ivy Cudgel|p1a: Lando-T|[anim] Ivy Cudgel Water\n|-supereffective|p1a: Lando-T\n|-damage|p1a: Lando-T|0 fnt\n|faint|p1a: Lando-T\n|\n|-damage|p2a: Ogerpon|77\/100 tox|[from] psn\n|upkeep\n|-message|Shsishvc forfeited.\n|\n|win|averyryryryry\n|raw|Shsishvc's rating: 1073 &rarr; <strong>1056<\/strong><br \/>(-17 for losing)\n|raw|averyryryryry's rating: 1141 &rarr; <strong>1161<\/strong><br \/>(+20 for winning)\n|l|\u2606Shsishvc\n","uploadtime":1701084346,"views":9,"p1id":"shsishvc","p2id":"averyryryryry","formatid":"gen9ou","rating":1056,"private":0,"password":""}