{"id":"gen9ou-1989500054","p1":"MRJJJJ666","p2":"hutoew","format":"[Gen 9] OU","log":"|j|\u2606MRJJJJ666\n|j|\u2606hutoew\n|t:|1699861199\n|gametype|singles\n|player|p1|MRJJJJ666|cynthia|1262\n|player|p2|hutoew|hilda|1374\n|teamsize|p1|6\n|teamsize|p2|6\n|gen|9\n|tier|[Gen 9] OU\n|rated|\n|rule|Sleep Clause Mod: Limit one foe put to sleep\n|rule|Species Clause: Limit one of each Pok\u00e9mon\n|rule|OHKO Clause: OHKO moves are banned\n|rule|Evasion Items Clause: Evasion items are banned\n|rule|Evasion Moves Clause: Evasion moves are banned\n|rule|Endless Battle Clause: Forcing endless battles is banned\n|rule|HP Percentage Mod: HP is shown in percentages\n|clearpoke\n|poke|p1|Heatran, M|\n|poke|p1|Rillaboom, F|\n|poke|p1|Sneasler, M|\n|poke|p1|Dragapult, M|\n|poke|p1|Hatterene, F|\n|poke|p1|Landorus-Therian, M|\n|poke|p2|Azumarill, M|\n|poke|p2|Toxapex, F|\n|poke|p2|Great Tusk|\n|poke|p2|Zapdos|\n|poke|p2|Scizor, M|\n|poke|p2|Gholdengo|\n|teampreview\n|inactive|Battle timer is ON: inactive players will automatically lose when time's up. (requested by MRJJJJ666)\n|c|\u2606hutoew|Yooo\n|\n|t:|1699861210\n|start\n|switch|p1a: Rillaboom|Rillaboom, F, shiny|100\/100\n|switch|p2a: Pikablu-Mega|Azumarill, M|100\/100\n|-fieldstart|move: Grassy Terrain|[from] ability: Grassy Surge|[of] p1a: Rillaboom\n|turn|1\n|c|\u2606hutoew|Sneasler animation sprite???\n|\n|t:|1699861223\n|switch|p2a: Just Zapdos|Zapdos|100\/100\n|move|p1a: Rillaboom|U-turn|p2a: Just Zapdos\n|-resisted|p2a: Just Zapdos\n|-damage|p2a: Just Zapdos|88\/100\n|\n|t:|1699861239\n|switch|p1a: Sneasler|Sneasler, M|100\/100|[from] U-turn\n|-enditem|p1a: Sneasler|Grassy Seed\n|-boost|p1a: Sneasler|def|1|[from] item: Grassy Seed\n|\n|upkeep\n|turn|2\n|\n|t:|1699861247\n|-terastallize|p1a: Sneasler|Flying\n|move|p1a: Sneasler|Swords Dance|p1a: Sneasler\n|-boost|p1a: Sneasler|atk|2\n|move|p2a: Just Zapdos|Thunder Wave|p1a: Sneasler\n|-status|p1a: Sneasler|par\n|\n|upkeep\n|turn|3\n|\n|t:|1699861258\n|move|p1a: Sneasler|Dire Claw|p2a: Just Zapdos\n|-damage|p2a: Just Zapdos|0 fnt\n|faint|p2a: Just Zapdos\n|\n|upkeep\n|\n|t:|1699861262\n|switch|p2a: 1000|Gholdengo|100\/100\n|turn|4\n|\n|t:|1699861268\n|move|p2a: 1000|Thunderbolt|p1a: Sneasler\n|-supereffective|p1a: Sneasler\n|-damage|p1a: Sneasler|27\/100 par\n|cant|p1a: Sneasler|par\n|\n|upkeep\n|turn|5\n|\n|t:|1699861277\n|switch|p1a: Landorus|Landorus-Therian, M|100\/100\n|-ability|p1a: Landorus|Intimidate|boost\n|-unboost|p2a: 1000|atk|1\n|move|p2a: 1000|Thunderbolt|p1a: Landorus\n|-immune|p1a: Landorus\n|\n|-fieldend|move: Grassy Terrain\n|upkeep\n|turn|6\n|\n|t:|1699861287\n|switch|p2a: Pikablu-Mega|Azumarill, M|100\/100\n|move|p1a: Landorus|U-turn|p2a: Pikablu-Mega\n|-resisted|p2a: Pikablu-Mega\n|-damage|p2a: Pikablu-Mega|89\/100\n|\n|t:|1699861293\n|switch|p1a: Rillaboom|Rillaboom, F, shiny|100\/100|[from] U-turn\n|-fieldstart|move: Grassy Terrain|[from] ability: Grassy Surge|[of] p1a: Rillaboom\n|\n|-heal|p2a: Pikablu-Mega|95\/100|[from] Grassy Terrain\n|upkeep\n|turn|7\n|\n|t:|1699861306\n|move|p1a: Rillaboom|Earthquake|p2a: Pikablu-Mega\n|-damage|p2a: Pikablu-Mega|76\/100\n|move|p2a: Pikablu-Mega|Play Rough|p1a: Rillaboom|[miss]\n|-miss|p2a: Pikablu-Mega|p1a: Rillaboom\n|\n|-heal|p2a: Pikablu-Mega|82\/100|[from] Grassy Terrain\n|upkeep\n|turn|8\n|\n|t:|1699861317\n|switch|p2a: Steel Kleavor|Scizor, M|100\/100\n|move|p1a: Rillaboom|Wood Hammer|p2a: Steel Kleavor\n|-resisted|p2a: Steel Kleavor\n|-damage|p2a: Steel Kleavor|81\/100\n|-damage|p1a: Rillaboom|95\/100|[from] Recoil\n|\n|-heal|p1a: Rillaboom|100\/100|[from] Grassy Terrain\n|-heal|p2a: Steel Kleavor|87\/100|[from] Grassy Terrain\n|upkeep\n|turn|9\n|\n|t:|1699861329\n|switch|p1a: Landorus|Landorus-Therian, M|100\/100\n|-ability|p1a: Landorus|Intimidate|boost\n|-unboost|p2a: Steel Kleavor|atk|1\n|move|p2a: Steel Kleavor|U-turn|p1a: Landorus\n|-resisted|p1a: Landorus\n|-damage|p1a: Landorus|91\/100\n|-damage|p2a: Steel Kleavor|71\/100|[from] item: Rocky Helmet|[of] p1a: Landorus\n|\n|t:|1699861333\n|switch|p2a: Pikablu-Mega|Azumarill, M|82\/100|[from] U-turn\n|\n|-heal|p2a: Pikablu-Mega|88\/100|[from] Grassy Terrain\n|upkeep\n|turn|10\n|\n|t:|1699861349\n|move|p1a: Landorus|U-turn|p2a: Pikablu-Mega\n|-resisted|p2a: Pikablu-Mega\n|-damage|p2a: Pikablu-Mega|77\/100\n|\n|t:|1699861354\n|switch|p1a: Rillaboom|Rillaboom, F, shiny|100\/100|[from] U-turn\n|move|p2a: Pikablu-Mega|Knock Off|p1a: Rillaboom\n|-damage|p1a: Rillaboom|63\/100\n|-enditem|p1a: Rillaboom|Assault Vest|[from] move: Knock Off|[of] p2a: Pikablu-Mega\n|\n|-heal|p1a: Rillaboom|69\/100|[from] Grassy Terrain\n|-heal|p2a: Pikablu-Mega|83\/100|[from] Grassy Terrain\n|-fieldend|move: Grassy Terrain\n|upkeep\n|turn|11\n|\n|t:|1699861366\n|move|p1a: Rillaboom|U-turn|p2a: Pikablu-Mega\n|-resisted|p2a: Pikablu-Mega\n|-damage|p2a: Pikablu-Mega|70\/100\n|\n|t:|1699861369\n|switch|p1a: Sneasler|Sneasler, M, tera:Flying|27\/100 par|[from] U-turn\n|move|p2a: Pikablu-Mega|Play Rough|p1a: Sneasler\n|-damage|p1a: Sneasler|0 fnt\n|faint|p1a: Sneasler\n|\n|upkeep\n|\n|t:|1699861388\n|switch|p1a: Rillaboom|Rillaboom, F, shiny|69\/100\n|-fieldstart|move: Grassy Terrain|[from] ability: Grassy Surge|[of] p1a: Rillaboom\n|turn|12\n|\n|t:|1699861394\n|move|p1a: Rillaboom|Wood Hammer|p2a: Pikablu-Mega\n|-supereffective|p2a: Pikablu-Mega\n|-damage|p2a: Pikablu-Mega|0 fnt\n|faint|p2a: Pikablu-Mega\n|-damage|p1a: Rillaboom|44\/100|[from] Recoil\n|\n|-heal|p1a: Rillaboom|50\/100|[from] Grassy Terrain\n|upkeep\n|\n|t:|1699861398\n|switch|p2a: Grimmora|Toxapex, F|100\/100\n|turn|13\n|\n|t:|1699861409\n|switch|p1a: Heatran|Heatran, M, shiny|100\/100\n|-item|p1a: Heatran|Air Balloon\n|move|p2a: Grimmora|Toxic|p1a: Heatran\n|-immune|p1a: Heatran\n|\n|upkeep\n|turn|14\n|\n|t:|1699861418\n|move|p1a: Heatran|Stealth Rock|p2a: Grimmora\n|-sidestart|p2: hutoew|move: Stealth Rock\n|move|p2a: Grimmora|Surf|p1a: Heatran\n|-supereffective|p1a: Heatran\n|-damage|p1a: Heatran|74\/100\n|-enditem|p1a: Heatran|Air Balloon\n|\n|-heal|p1a: Heatran|80\/100|[from] Grassy Terrain\n|upkeep\n|turn|15\n|\n|t:|1699861427\n|switch|p2a: Donphan-Mega|Great Tusk|100\/100\n|move|p1a: Heatran|Earth Power|p2a: Donphan-Mega\n|-damage|p2a: Donphan-Mega|50\/100\n|\n|-heal|p2a: Donphan-Mega|56\/100|[from] Grassy Terrain\n|-heal|p1a: Heatran|86\/100|[from] Grassy Terrain\n|upkeep\n|turn|16\n|\n|t:|1699861440\n|switch|p1a: Dragapult|Dragapult, M, shiny|100\/100\n|move|p2a: Donphan-Mega|Ice Spinner|p1a: Dragapult\n|-supereffective|p1a: Dragapult\n|-damage|p1a: Dragapult|17\/100\n|-fieldend|move: Grassy Terrain\n|\n|upkeep\n|turn|17\n|\n|t:|1699861456\n|-end|p2a: Donphan-Mega|Protosynthesis|[silent]\n|switch|p2a: Steel Kleavor|Scizor, M|71\/100\n|-damage|p2a: Steel Kleavor|59\/100|[from] Stealth Rock\n|move|p1a: Dragapult|Psychic Fangs|p2a: Steel Kleavor\n|-resisted|p2a: Steel Kleavor\n|-damage|p2a: Steel Kleavor|34\/100\n|\n|upkeep\n|turn|18\n|\n|t:|1699861466\n|switch|p1a: Landorus|Landorus-Therian, M|91\/100\n|-ability|p1a: Landorus|Intimidate|boost\n|-unboost|p2a: Steel Kleavor|atk|1\n|move|p2a: Steel Kleavor|Bullet Punch|p1a: Landorus\n|-damage|p1a: Landorus|74\/100\n|\n|upkeep\n|turn|19\n|\n|t:|1699861476\n|move|p1a: Landorus|Earthquake|p2a: Steel Kleavor\n|-damage|p2a: Steel Kleavor|0 fnt\n|faint|p2a: Steel Kleavor\n|\n|upkeep\n|\n|t:|1699861482\n|switch|p2a: Donphan-Mega|Great Tusk|56\/100\n|turn|20\n|\n|t:|1699861503\n|switch|p1a: Dragapult|Dragapult, M, shiny|17\/100\n|move|p2a: Donphan-Mega|Ice Spinner|p1a: Dragapult\n|-supereffective|p1a: Dragapult\n|-damage|p1a: Dragapult|0 fnt\n|faint|p1a: Dragapult\n|\n|upkeep\n|\n|t:|1699861512\n|switch|p1a: Rillaboom|Rillaboom, F, shiny|50\/100\n|-fieldstart|move: Grassy Terrain|[from] ability: Grassy Surge|[of] p1a: Rillaboom\n|turn|21\n|\n|t:|1699861517\n|-end|p2a: Donphan-Mega|Protosynthesis|[silent]\n|switch|p2a: 1000|Gholdengo|100\/100\n|-damage|p2a: 1000|94\/100|[from] Stealth Rock\n|move|p1a: Rillaboom|Grassy Glide|p2a: 1000\n|-resisted|p2a: 1000\n|-damage|p2a: 1000|75\/100\n|\n|-heal|p2a: 1000|81\/100|[from] Grassy Terrain\n|-heal|p1a: Rillaboom|56\/100|[from] Grassy Terrain\n|upkeep\n|turn|22\n|\n|t:|1699861531\n|switch|p1a: Landorus|Landorus-Therian, M|74\/100\n|-ability|p1a: Landorus|Intimidate|boost\n|-unboost|p2a: 1000|atk|1\n|move|p2a: 1000|Shadow Ball|p1a: Landorus\n|-damage|p1a: Landorus|26\/100\n|\n|-heal|p2a: 1000|87\/100|[from] Grassy Terrain\n|upkeep\n|turn|23\n|\n|t:|1699861541\n|move|p2a: 1000|Shadow Ball|p1a: Landorus\n|-damage|p1a: Landorus|0 fnt\n|faint|p1a: Landorus\n|\n|-heal|p2a: 1000|93\/100|[from] Grassy Terrain\n|upkeep\n|\n|t:|1699861550\n|switch|p1a: Heatran|Heatran, M, shiny|86\/100\n|turn|24\n|\n|t:|1699861557\n|switch|p2a: Grimmora|Toxapex, F|100\/100\n|-damage|p2a: Grimmora|88\/100|[from] Stealth Rock\n|move|p1a: Heatran|Magma Storm|p2a: Grimmora|[miss]\n|-miss|p1a: Heatran|p2a: Grimmora\n|\n|-heal|p1a: Heatran|92\/100|[from] Grassy Terrain\n|-heal|p2a: Grimmora|94\/100|[from] Grassy Terrain\n|-heal|p2a: Grimmora|100\/100|[from] item: Black Sludge\n|upkeep\n|turn|25\n|\n|t:|1699861568\n|move|p1a: Heatran|Earth Power|p2a: Grimmora\n|-supereffective|p2a: Grimmora\n|-damage|p2a: Grimmora|50\/100\n|move|p2a: Grimmora|Surf|p1a: Heatran\n|-supereffective|p1a: Heatran\n|-damage|p1a: Heatran|62\/100\n|\n|-heal|p1a: Heatran|68\/100|[from] Grassy Terrain\n|-heal|p2a: Grimmora|56\/100|[from] Grassy Terrain\n|-heal|p2a: Grimmora|62\/100|[from] item: Black Sludge\n|-fieldend|move: Grassy Terrain\n|upkeep\n|turn|26\n|\n|t:|1699861580\n|move|p1a: Heatran|Earth Power|p2a: Grimmora\n|-supereffective|p2a: Grimmora\n|-damage|p2a: Grimmora|8\/100\n|move|p2a: Grimmora|Surf|p1a: Heatran\n|-supereffective|p1a: Heatran\n|-damage|p1a: Heatran|39\/100\n|\n|-heal|p2a: Grimmora|14\/100|[from] item: Black Sludge\n|upkeep\n|turn|27\n|\n|t:|1699861590\n|move|p1a: Heatran|Earth Power|p2a: Grimmora\n|-supereffective|p2a: Grimmora\n|-damage|p2a: Grimmora|0 fnt\n|faint|p2a: Grimmora\n|\n|upkeep\n|\n|t:|1699861593\n|switch|p2a: Donphan-Mega|Great Tusk|56\/100\n|turn|28\n|\n|t:|1699861612\n|move|p2a: Donphan-Mega|Earthquake|p1a: Heatran\n|-supereffective|p1a: Heatran\n|-damage|p1a: Heatran|0 fnt\n|faint|p1a: Heatran\n|\n|upkeep\n|\n|t:|1699861618\n|switch|p1a: Rillaboom|Rillaboom, F, shiny|56\/100\n|-fieldstart|move: Grassy Terrain|[from] ability: Grassy Surge|[of] p1a: Rillaboom\n|turn|29\n|\n|t:|1699861624\n|move|p2a: Donphan-Mega|Ice Spinner|p1a: Rillaboom\n|-supereffective|p1a: Rillaboom\n|-damage|p1a: Rillaboom|5\/100\n|-fieldend|move: Grassy Terrain\n|move|p1a: Rillaboom|Earthquake|p2a: Donphan-Mega\n|-damage|p2a: Donphan-Mega|32\/100\n|\n|upkeep\n|turn|30\n|\n|t:|1699861642\n|switch|p1a: Hatterene|Hatterene, F, shiny|100\/100\n|move|p2a: Donphan-Mega|Rapid Spin|p1a: Hatterene\n|-damage|p1a: Hatterene|80\/100\n|-boost|p2a: Donphan-Mega|spe|1\n|-sideend|p2: hutoew|Stealth Rock|[from] move: Rapid Spin|[of] p2a: Donphan-Mega\n|\n|-heal|p1a: Hatterene|86\/100|[from] item: Leftovers\n|upkeep\n|turn|31\n|\n|t:|1699861654\n|move|p2a: Donphan-Mega|Earthquake|p1a: Hatterene\n|-damage|p1a: Hatterene|22\/100\n|move|p1a: Hatterene|Calm Mind|p1a: Hatterene\n|-boost|p1a: Hatterene|spa|1\n|-boost|p1a: Hatterene|spd|1\n|\n|-heal|p1a: Hatterene|28\/100|[from] item: Leftovers\n|upkeep\n|turn|32\n|\n|t:|1699861665\n|move|p2a: Donphan-Mega|Earthquake|p1a: Hatterene\n|-damage|p1a: Hatterene|0 fnt\n|faint|p1a: Hatterene\n|\n|upkeep\n|-message|MRJJJJ666 forfeited.\n|\n|win|hutoew\n|raw|MRJJJJ666's rating: 1262 &rarr; <strong>1245<\/strong><br \/>(-17 for losing)\n|raw|hutoew's rating: 1374 &rarr; <strong>1388<\/strong><br \/>(+14 for winning)\n|l|\u2606MRJJJJ666\n","uploadtime":1699861677,"views":18,"p1id":"mrjjjj666","p2id":"hutoew","formatid":"gen9ou","rating":1245,"private":0,"password":""}