{"id":"gen9ou-1991121099","p1":"Buggybro","p2":"ThatIsThePerson","format":"[Gen 9] OU","log":"|j|\u2606Buggybro\n|j|\u2606ThatIsThePerson\n|t:|1700046152\n|gametype|singles\n|player|p1|Buggybro|hoopster|1067\n|player|p2|ThatIsThePerson|169|1135\n|teamsize|p1|6\n|teamsize|p2|6\n|gen|9\n|tier|[Gen 9] OU\n|rated|\n|rule|Sleep Clause Mod: Limit one foe put to sleep\n|rule|Species Clause: Limit one of each Pok\u00e9mon\n|rule|OHKO Clause: OHKO moves are banned\n|rule|Evasion Items Clause: Evasion items are banned\n|rule|Evasion Moves Clause: Evasion moves are banned\n|rule|Endless Battle Clause: Forcing endless battles is banned\n|rule|HP Percentage Mod: HP is shown in percentages\n|clearpoke\n|poke|p1|Mamoswine, M|\n|poke|p1|Torterra, F|\n|poke|p1|Toedscruel, M|\n|poke|p1|Krookodile, M|\n|poke|p1|Gholdengo|\n|poke|p1|Hippowdon, F|\n|poke|p2|Moltres|\n|poke|p2|Clodsire, M|\n|poke|p2|Iron Valiant|\n|poke|p2|Crawdaunt, M|\n|poke|p2|Gholdengo|\n|poke|p2|Thundurus-Therian, M|\n|teampreview\n|inactive|Battle timer is ON: inactive players will automatically lose when time's up. (requested by Buggybro)\n|\n|t:|1700046157\n|start\n|switch|p1a: Hippowdon|Hippowdon, F|100\/100\n|switch|p2a: Moltres|Moltres|100\/100\n|-weather|Sandstorm|[from] ability: Sand Stream|[of] p1a: Hippowdon\n|turn|1\n|\n|t:|1700046167\n|move|p2a: Moltres|U-turn|p1a: Hippowdon\n|-damage|p1a: Hippowdon|93\/100\n|\n|t:|1700046170\n|switch|p2a: Crawdaunt|Crawdaunt, M|100\/100|[from] U-turn\n|move|p1a: Hippowdon|Stealth Rock|p2a: Crawdaunt\n|-sidestart|p2: ThatIsThePerson|move: Stealth Rock\n|\n|-weather|Sandstorm|[upkeep]\n|-damage|p2a: Crawdaunt|95\/100|[from] Sandstorm\n|-heal|p1a: Hippowdon|99\/100|[from] item: Leftovers\n|upkeep\n|turn|2\n|\n|t:|1700046182\n|switch|p1a: Toedscruel|Toedscruel, M|100\/100\n|move|p2a: Crawdaunt|Knock Off|p1a: Toedscruel\n|-damage|p1a: Toedscruel|0 fnt\n|-enditem|p1a: Toedscruel|Heavy-Duty Boots|[from] move: Knock Off|[of] p2a: Crawdaunt\n|faint|p1a: Toedscruel\n|\n|-weather|Sandstorm|[upkeep]\n|-damage|p2a: Crawdaunt|89\/100|[from] Sandstorm\n|upkeep\n|\n|t:|1700046189\n|switch|p1a: Krookodile|Krookodile, M|100\/100\n|turn|3\n|\n|t:|1700046214\n|switch|p2a: Moltres|Moltres|100\/100\n|move|p1a: Krookodile|Gunk Shot|p2a: Moltres\n|-damage|p2a: Moltres|74\/100\n|\n|-weather|Sandstorm|[upkeep]\n|-damage|p2a: Moltres|68\/100|[from] Sandstorm\n|upkeep\n|turn|4\n|\n|t:|1700046232\n|switch|p1a: Mamoswine|Mamoswine, M|100\/100\n|move|p2a: Moltres|Roost|p2a: Moltres\n|-heal|p2a: Moltres|100\/100\n|-singleturn|p2a: Moltres|move: Roost\n|\n|-weather|Sandstorm|[upkeep]\n|-damage|p2a: Moltres|94\/100|[from] Sandstorm\n|upkeep\n|turn|5\n|\n|t:|1700046242\n|move|p1a: Mamoswine|Icicle Crash|p2a: Moltres\n|-damage|p2a: Moltres|63\/100\n|cant|p2a: Moltres|flinch\n|\n|-weather|none\n|upkeep\n|turn|6\n|\n|t:|1700046251\n|move|p1a: Mamoswine|Icicle Crash|p2a: Moltres|[miss]\n|-miss|p1a: Mamoswine|p2a: Moltres\n|move|p2a: Moltres|Roost|p2a: Moltres\n|-heal|p2a: Moltres|100\/100\n|-singleturn|p2a: Moltres|move: Roost\n|\n|upkeep\n|turn|7\n|\n|t:|1700046257\n|move|p1a: Mamoswine|Icicle Crash|p2a: Moltres\n|-damage|p2a: Moltres|68\/100\n|cant|p2a: Moltres|flinch\n|\n|upkeep\n|turn|8\n|\n|t:|1700046271\n|move|p1a: Mamoswine|Icicle Crash|p2a: Moltres\n|-damage|p2a: Moltres|38\/100\n|move|p2a: Moltres|Flamethrower|p1a: Mamoswine\n|-supereffective|p1a: Mamoswine\n|-damage|p1a: Mamoswine|67\/100\n|\n|upkeep\n|turn|9\n|\n|t:|1700046279\n|move|p1a: Mamoswine|Icicle Crash|p2a: Moltres\n|-damage|p2a: Moltres|5\/100\n|move|p2a: Moltres|Roost|p2a: Moltres\n|-heal|p2a: Moltres|56\/100\n|-singleturn|p2a: Moltres|move: Roost\n|\n|upkeep\n|turn|10\n|\n|t:|1700046287\n|move|p1a: Mamoswine|Icicle Crash|p2a: Moltres\n|-damage|p2a: Moltres|23\/100\n|move|p2a: Moltres|Roost|p2a: Moltres\n|-heal|p2a: Moltres|73\/100\n|-singleturn|p2a: Moltres|move: Roost\n|\n|upkeep\n|turn|11\n|\n|t:|1700046306\n|move|p1a: Mamoswine|Icicle Crash|p2a: Moltres\n|-damage|p2a: Moltres|41\/100\n|cant|p2a: Moltres|flinch\n|\n|upkeep\n|turn|12\n|\n|t:|1700046311\n|move|p1a: Mamoswine|Icicle Crash|p2a: Moltres|[miss]\n|-miss|p1a: Mamoswine|p2a: Moltres\n|move|p2a: Moltres|Roost|p2a: Moltres\n|-heal|p2a: Moltres|91\/100\n|-singleturn|p2a: Moltres|move: Roost\n|\n|upkeep\n|turn|13\n|\n|t:|1700046321\n|switch|p1a: Hippowdon|Hippowdon, F|99\/100\n|-weather|Sandstorm|[from] ability: Sand Stream|[of] p1a: Hippowdon\n|move|p2a: Moltres|Flamethrower|p1a: Hippowdon\n|-damage|p1a: Hippowdon|59\/100\n|\n|-weather|Sandstorm|[upkeep]\n|-damage|p2a: Moltres|85\/100|[from] Sandstorm\n|-heal|p1a: Hippowdon|65\/100|[from] item: Leftovers\n|upkeep\n|turn|14\n|\n|t:|1700046336\n|move|p2a: Moltres|Hurricane|p1a: Hippowdon\n|-crit|p1a: Hippowdon\n|-damage|p1a: Hippowdon|0 fnt\n|faint|p1a: Hippowdon\n|\n|-weather|Sandstorm|[upkeep]\n|-damage|p2a: Moltres|79\/100|[from] Sandstorm\n|upkeep\n|\n|t:|1700046341\n|switch|p1a: Krookodile|Krookodile, M|100\/100\n|turn|15\n|\n|t:|1700046347\n|move|p1a: Krookodile|Knock Off|p2a: Moltres\n|-damage|p2a: Moltres|47\/100\n|-status|p1a: Krookodile|brn|[from] ability: Flame Body|[of] p2a: Moltres\n|-enditem|p2a: Moltres|Heavy-Duty Boots|[from] move: Knock Off|[of] p1a: Krookodile\n|move|p2a: Moltres|U-turn|p1a: Krookodile\n|-supereffective|p1a: Krookodile\n|-damage|p1a: Krookodile|65\/100 brn\n|\n|t:|1700046355\n|switch|p2a: Crawdaunt|Crawdaunt, M|89\/100|[from] U-turn\n|-damage|p2a: Crawdaunt|76\/100|[from] Stealth Rock\n|\n|-weather|Sandstorm|[upkeep]\n|-damage|p2a: Crawdaunt|70\/100|[from] Sandstorm\n|-damage|p1a: Krookodile|59\/100 brn|[from] brn\n|upkeep\n|turn|16\n|\n|t:|1700046368\n|move|p1a: Krookodile|Knock Off|p2a: Crawdaunt\n|-resisted|p2a: Crawdaunt\n|-damage|p2a: Crawdaunt|53\/100\n|-enditem|p2a: Crawdaunt|Choice Band|[from] move: Knock Off|[of] p1a: Krookodile\n|move|p2a: Crawdaunt|Crabhammer|p1a: Krookodile\n|-supereffective|p1a: Krookodile\n|-damage|p1a: Krookodile|0 fnt\n|faint|p1a: Krookodile\n|\n|-weather|Sandstorm|[upkeep]\n|-damage|p2a: Crawdaunt|47\/100|[from] Sandstorm\n|upkeep\n|\n|t:|1700046373\n|switch|p1a: Torterra|Torterra, F|100\/100\n|turn|17\n|\n|t:|1700046387\n|move|p1a: Torterra|Shell Smash|p1a: Torterra\n|-unboost|p1a: Torterra|def|1\n|-unboost|p1a: Torterra|spd|1\n|-boost|p1a: Torterra|atk|2\n|-boost|p1a: Torterra|spa|2\n|-boost|p1a: Torterra|spe|2\n|-enditem|p1a: Torterra|White Herb\n|-clearnegativeboost|p1a: Torterra|[silent]\n|move|p2a: Crawdaunt|Knock Off|p1a: Torterra\n|-damage|p1a: Torterra|57\/100\n|\n|-weather|none\n|upkeep\n|turn|18\n|\n|t:|1700046409\n|move|p2a: Crawdaunt|Aqua Jet|p1a: Torterra\n|-damage|p1a: Torterra|27\/100\n|move|p1a: Torterra|Bullet Seed|p2a: Crawdaunt\n|-supereffective|p2a: Crawdaunt\n|-damage|p2a: Crawdaunt|0 fnt\n|faint|p2a: Crawdaunt\n|-hitcount|p2: Crawdaunt|1\n|\n|upkeep\n|inactive|ThatIsThePerson has 120 seconds left.\n|\n|t:|1700046432\n|switch|p2a: Iron Valiant|Iron Valiant|100\/100\n|-damage|p2a: Iron Valiant|94\/100|[from] Stealth Rock\n|-enditem|p2a: Iron Valiant|Booster Energy\n|-activate|p2a: Iron Valiant|ability: Quark Drive|[fromitem]\n|-start|p2a: Iron Valiant|quarkdrivespe\n|turn|19\n|inactive|ThatIsThePerson has 120 seconds left.\n|\n|t:|1700046441\n|-terastallize|p2a: Iron Valiant|Dark\n|move|p2a: Iron Valiant|Knock Off|p1a: Torterra\n|-damage|p1a: Torterra|0 fnt\n|faint|p1a: Torterra\n|\n|upkeep\n|\n|t:|1700046443\n|switch|p1a: Mamoswine|Mamoswine, M|67\/100\n|turn|20\n|\n|t:|1700046453\n|move|p2a: Iron Valiant|Knock Off|p1a: Mamoswine\n|-damage|p1a: Mamoswine|9\/100\n|-enditem|p1a: Mamoswine|Assault Vest|[from] move: Knock Off|[of] p2a: Iron Valiant\n|move|p1a: Mamoswine|Earthquake|p2a: Iron Valiant\n|-damage|p2a: Iron Valiant|21\/100\n|\n|upkeep\n|turn|21\n|\n|t:|1700046461\n|move|p1a: Mamoswine|Ice Shard|p2a: Iron Valiant\n|-damage|p2a: Iron Valiant|0 fnt\n|faint|p2a: Iron Valiant\n|-end|p2a: Iron Valiant|Quark Drive|[silent]\n|\n|upkeep\n|\n|t:|1700046477\n|switch|p2a: Moltres|Moltres|47\/100\n|-damage|p2a: Moltres|0 fnt|[from] Stealth Rock\n|faint|p2a: Moltres\n|inactive|ThatIsThePerson has 120 seconds left.\n|\n|t:|1700046491\n|switch|p2a: Thundurus|Thundurus-Therian, M|100\/100\n|-damage|p2a: Thundurus|76\/100|[from] Stealth Rock\n|turn|22\n|\n|t:|1700046498\n|-terastallize|p1a: Mamoswine|Ice\n|move|p1a: Mamoswine|Ice Shard|p2a: Thundurus\n|-supereffective|p2a: Thundurus\n|-damage|p2a: Thundurus|0 fnt\n|faint|p2a: Thundurus\n|\n|upkeep\n|\n|t:|1700046502\n|switch|p2a: Gholdengo|Gholdengo|100\/100\n|-damage|p2a: Gholdengo|94\/100|[from] Stealth Rock\n|turn|23\n|\n|t:|1700046510\n|move|p1a: Mamoswine|Ice Shard|p2a: Gholdengo\n|-resisted|p2a: Gholdengo\n|-damage|p2a: Gholdengo|77\/100\n|move|p2a: Gholdengo|Shadow Ball|p1a: Mamoswine\n|-damage|p1a: Mamoswine|0 fnt\n|faint|p1a: Mamoswine\n|\n|upkeep\n|\n|t:|1700046514\n|switch|p1a: Gholdengo|Gholdengo|100\/100\n|-item|p1a: Gholdengo|Air Balloon\n|turn|24\n|\n|t:|1700046517\n|move|p1a: Gholdengo|Shadow Ball|p2a: Gholdengo\n|-supereffective|p2a: Gholdengo\n|-damage|p2a: Gholdengo|0 fnt\n|faint|p2a: Gholdengo\n|\n|upkeep\n|\n|t:|1700046520\n|switch|p2a: Clodsire|Clodsire, M|100\/100\n|-damage|p2a: Clodsire|94\/100|[from] Stealth Rock\n|turn|25\n|-message|ThatIsThePerson forfeited.\n|\n|win|Buggybro\n|raw|Buggybro's rating: 1067 &rarr; <strong>1103<\/strong><br \/>(+36 for winning)\n|raw|ThatIsThePerson's rating: 1135 &rarr; <strong>1105<\/strong><br \/>(-30 for losing)\n|l|\u2606ThatIsThePerson\n","uploadtime":1700046542,"views":5,"p1id":"buggybro","p2id":"thatistheperson","formatid":"gen9ou","rating":1103,"private":0,"password":""}