{"id":"gen9ou-1991678191","p1":"kirimissing","p2":"ChikenRun67","format":"[Gen 9] OU","log":"|j|\u2606kirimissing\n|j|\u2606ChikenRun67\n|t:|1700101648\n|gametype|singles\n|player|p1|kirimissing|raifort|1124\n|player|p2|ChikenRun67|169|1180\n|teamsize|p1|6\n|teamsize|p2|6\n|gen|9\n|tier|[Gen 9] OU\n|rated|\n|rule|Sleep Clause Mod: Limit one foe put to sleep\n|rule|Species Clause: Limit one of each Pok\u00e9mon\n|rule|OHKO Clause: OHKO moves are banned\n|rule|Evasion Items Clause: Evasion items are banned\n|rule|Evasion Moves Clause: Evasion moves are banned\n|rule|Endless Battle Clause: Forcing endless battles is banned\n|rule|HP Percentage Mod: HP is shown in percentages\n|clearpoke\n|poke|p1|Alomomola, F|\n|poke|p1|Glimmora, M|\n|poke|p1|Heatran, F|\n|poke|p1|Ninetales-Alola, M|\n|poke|p1|Ogerpon, F|\n|poke|p1|Landorus-Therian, M|\n|poke|p2|Quagsire, F|\n|poke|p2|Charizard, M|\n|poke|p2|Victreebel, F|\n|poke|p2|Sableye, M|\n|poke|p2|Tropius, F|\n|poke|p2|Torkoal, M|\n|teampreview\n|inactive|Battle timer is ON: inactive players will automatically lose when time's up. (requested by ChikenRun67)\n|inactive|ChikenRun67 has 120 seconds left.\n|inactive|ChikenRun67 has 90 seconds left.\n|l|\u2606ChikenRun67\n|inactive|ChikenRun67 disconnected and has a minute to reconnect!\n|player|p2|\n|inactive|ChikenRun67 has 30 seconds to reconnect!\n|j|\u2606ChikenRun67\n|inactive|ChikenRun67 reconnected and has 55 seconds left.\n|player|p2|ChikenRun67|169\n|\n|t:|1700101752\n|start\n|switch|p1a: Heatran|Heatran, F|100\/100\n|switch|p2a: Torkoal|Torkoal, M|100\/100\n|-weather|SunnyDay|[from] ability: Drought|[of] p2a: Torkoal\n|turn|1\n|l|\u2606ChikenRun67\n|inactive|ChikenRun67 disconnected and has a minute to reconnect!\n|player|p2|\n|j|\u2606ChikenRun67\n|inactive|ChikenRun67 reconnected and has 100 seconds left.\n|player|p2|ChikenRun67|169\n|inactive|ChikenRun67 has 90 seconds left.\n|\n|t:|1700101790\n|switch|p2a: Quagsire|Quagsire, F|100\/100\n|move|p1a: Heatran|Magma Storm|p2a: Quagsire\n|-resisted|p2a: Quagsire\n|-damage|p2a: Quagsire|57\/100\n|-activate|p2a: Quagsire|move: Magma Storm|[of] p1a: Heatran\n|\n|-weather|SunnyDay|[upkeep]\n|-heal|p2a: Quagsire|63\/100|[from] item: Leftovers\n|-damage|p2a: Quagsire|51\/100|[from] move: Magma Storm|[partiallytrapped]\n|upkeep\n|turn|2\n|inactive|ChikenRun67 has 90 seconds left.\n|\n|t:|1700101801\n|switch|p1a: Ninetales|Ninetales-Alola, M|100\/100\n|-weather|Snow|[from] ability: Snow Warning|[of] p1a: Ninetales\n|move|p2a: Quagsire|Spikes|p1a: Ninetales\n|-sidestart|p1: kirimissing|Spikes\n|\n|-weather|Snow|[upkeep]\n|-heal|p2a: Quagsire|57\/100|[from] item: Leftovers\n|-end|p2a: Quagsire|Magma Storm|[partiallytrapped]|[silent]\n|upkeep\n|turn|3\n|inactive|ChikenRun67 has 90 seconds left.\n|\n|t:|1700101815\n|switch|p1a: Glimmora|Glimmora, M|100\/100\n|switch|p2a: Torkoal|Torkoal, M|100\/100\n|-weather|SunnyDay|[from] ability: Drought|[of] p2a: Torkoal\n|\n|-weather|SunnyDay|[upkeep]\n|upkeep\n|turn|4\n|inactive|ChikenRun67 has 90 seconds left.\n|\n|t:|1700101828\n|switch|p2a: Victreebel|Victreebel, F|100\/100\n|move|p1a: Glimmora|Mortal Spin|p2a: Victreebel\n|-damage|p2a: Victreebel|89\/100\n|-status|p2a: Victreebel|psn\n|-sideend|p1: kirimissing|Spikes|[from] move: Mortal Spin|[of] p1a: Glimmora\n|\n|-weather|SunnyDay|[upkeep]\n|-damage|p2a: Victreebel|77\/100 psn|[from] psn\n|upkeep\n|turn|5\n|inactive|ChikenRun67 has 90 seconds left.\n|c|\u2606ChikenRun67|wait wtf?\u2026\n|\n|t:|1700101856\n|switch|p1a: Heatran|Heatran, F|100\/100\n|move|p2a: Victreebel|Sleep Powder|p1a: Heatran\n|-status|p1a: Heatran|slp|[from] move: Sleep Powder\n|\n|-weather|SunnyDay|[upkeep]\n|-damage|p2a: Victreebel|65\/100 psn|[from] psn\n|upkeep\n|turn|6\n|c|\u2606kirimissing|im too cool for your posion type\n|\n|t:|1700101873\n|switch|p2a: Quagsire|Quagsire, F|57\/100\n|switch|p1a: Ninetales|Ninetales-Alola, M|100\/100\n|-weather|Snow|[from] ability: Snow Warning|[of] p1a: Ninetales\n|\n|-weather|Snow|[upkeep]\n|-heal|p2a: Quagsire|63\/100|[from] item: Leftovers\n|upkeep\n|turn|7\n|\n|t:|1700101884\n|switch|p2a: Torkoal|Torkoal, M|100\/100\n|-weather|SunnyDay|[from] ability: Drought|[of] p2a: Torkoal\n|move|p1a: Ninetales|Freeze-Dry|p2a: Torkoal\n|-resisted|p2a: Torkoal\n|-damage|p2a: Torkoal|87\/100\n|\n|-weather|SunnyDay|[upkeep]\n|upkeep\n|turn|8\n|inactive|ChikenRun67 has 60 seconds left.\n|\n|t:|1700101913\n|switch|p1a: Heatran|Heatran, F|100\/100 slp\n|move|p2a: Torkoal|Stealth Rock|p1a: Heatran\n|-sidestart|p1: kirimissing|move: Stealth Rock\n|\n|-weather|SunnyDay|[upkeep]\n|upkeep\n|turn|9\n|inactive|ChikenRun67 has 60 seconds left.\n|\n|t:|1700101936\n|switch|p2a: Sableye|Sableye, M|100\/100\n|cant|p1a: Heatran|slp\n|\n|-weather|SunnyDay|[upkeep]\n|upkeep\n|turn|10\n|\n|t:|1700101945\n|move|p2a: Sableye|Trick|p1a: Heatran\n|-activate|p2a: Sableye|move: Trick|[of] p1a: Heatran\n|-item|p1a: Heatran|Lagging Tail|[from] move: Trick\n|-item|p2a: Sableye|Leftovers|[from] move: Trick\n|cant|p1a: Heatran|slp\n|\n|-weather|SunnyDay|[upkeep]\n|upkeep\n|turn|11\n|inactive|ChikenRun67 has 60 seconds left.\n|\n|t:|1700101953\n|switch|p2a: Quagsire|Quagsire, F|63\/100\n|cant|p1a: Heatran|slp\n|\n|-weather|SunnyDay|[upkeep]\n|-heal|p2a: Quagsire|69\/100|[from] item: Leftovers\n|upkeep\n|turn|12\n|\n|t:|1700101961\n|move|p2a: Quagsire|Earthquake|p1a: Heatran\n|-supereffective|p1a: Heatran\n|-crit|p1a: Heatran\n|-damage|p1a: Heatran|0 fnt\n|faint|p1a: Heatran\n|\n|-weather|SunnyDay|[upkeep]\n|-heal|p2a: Quagsire|75\/100|[from] item: Leftovers\n|upkeep\n|\n|t:|1700101963\n|switch|p1a: Glimmora|Glimmora, M|100\/100\n|turn|13\n|\n|t:|1700101975\n|switch|p2a: Victreebel|Victreebel, F|65\/100 psn\n|-terastallize|p1a: Glimmora|Flying\n|move|p1a: Glimmora|Toxic||[still]\n|-fail|p1a: Glimmora\n|\n|-weather|SunnyDay|[upkeep]\n|-damage|p2a: Victreebel|52\/100 psn|[from] psn\n|upkeep\n|turn|14\n|\n|t:|1700101985\n|switch|p1a: Ogerpon|Ogerpon, F|100\/100\n|-damage|p1a: Ogerpon|88\/100|[from] Stealth Rock\n|move|p2a: Victreebel|Sleep Powder|p1a: Ogerpon\n|-immune|p1a: Ogerpon\n|\n|-weather|none\n|-damage|p2a: Victreebel|40\/100 psn|[from] psn\n|upkeep\n|turn|15\n|\n|t:|1700102005\n|switch|p2a: Torkoal|Torkoal, M|87\/100\n|-weather|SunnyDay|[from] ability: Drought|[of] p2a: Torkoal\n|move|p1a: Ogerpon|Throat Chop|p2a: Torkoal\n|-damage|p2a: Torkoal|62\/100\n|-start|p2a: Torkoal|Throat Chop|[silent]\n|-damage|p1a: Ogerpon|78\/100|[from] item: Life Orb\n|\n|-weather|SunnyDay|[upkeep]\n|upkeep\n|turn|16\n|\n|t:|1700102015\n|switch|p1a: Ninetales|Ninetales-Alola, M|100\/100\n|-damage|p1a: Ninetales|76\/100|[from] Stealth Rock\n|-weather|Snow|[from] ability: Snow Warning|[of] p1a: Ninetales\n|switch|p2a: Tropius|Tropius, F, shiny|100\/100\n|\n|-weather|Snow|[upkeep]\n|upkeep\n|turn|17\n|\n|t:|1700102027\n|switch|p1a: Glimmora|Glimmora, M, tera:Flying|100\/100\n|switch|p2a: Torkoal|Torkoal, M|62\/100\n|-weather|SunnyDay|[from] ability: Drought|[of] p2a: Torkoal\n|\n|-weather|SunnyDay|[upkeep]\n|upkeep\n|turn|18\n|inactive|ChikenRun67 has 60 seconds left.\n|\n|t:|1700102059\n|switch|p2a: Victreebel|Victreebel, F|40\/100 psn\n|move|p1a: Glimmora|Mortal Spin|p2a: Victreebel\n|-damage|p2a: Victreebel|30\/100 psn\n|-sideend|p1: kirimissing|Stealth Rock|[from] move: Mortal Spin|[of] p1a: Glimmora\n|\n|-weather|SunnyDay|[upkeep]\n|-damage|p2a: Victreebel|18\/100 psn|[from] psn\n|upkeep\n|turn|19\n|inactive|ChikenRun67 has 60 seconds left.\n|\n|t:|1700102071\n|move|p2a: Victreebel|Weather Ball|p1a: Glimmora\n|-damage|p1a: Glimmora|37\/100\n|-damage|p2a: Victreebel|8\/100 psn|[from] item: Life Orb\n|move|p1a: Glimmora|Sludge Wave|p2a: Victreebel\n|-damage|p2a: Victreebel|0 fnt\n|faint|p2a: Victreebel\n|\n|-weather|SunnyDay|[upkeep]\n|upkeep\n|inactive|ChikenRun67 has 60 seconds left.\n|\n|t:|1700102094\n|switch|p2a: Charizard|Charizard, M|100\/100\n|turn|20\n|\n|t:|1700102101\n|move|p2a: Charizard|Flamethrower|p1a: Glimmora\n|-damage|p1a: Glimmora|0 fnt\n|faint|p1a: Glimmora\n|\n|-weather|SunnyDay|[upkeep]\n|-damage|p2a: Charizard|88\/100|[from] ability: Solar Power|[of] p2a: Charizard\n|upkeep\n|\n|t:|1700102106\n|switch|p1a: Ninetales|Ninetales-Alola, M|76\/100\n|-weather|Snow|[from] ability: Snow Warning|[of] p1a: Ninetales\n|turn|21\n|inactive|ChikenRun67 has 60 seconds left.\n|\n|t:|1700102120\n|switch|p1a: Alomomola|Alomomola, F|100\/100\n|move|p2a: Charizard|Flamethrower|p1a: Alomomola\n|-resisted|p1a: Alomomola\n|-damage|p1a: Alomomola|86\/100\n|\n|-weather|Snow|[upkeep]\n|-heal|p1a: Alomomola|92\/100|[from] item: Leftovers\n|upkeep\n|turn|22\n|inactive|ChikenRun67 has 60 seconds left.\n|\n|t:|1700102129\n|switch|p2a: Sableye|Sableye, M|100\/100\n|move|p1a: Alomomola|Scald|p2a: Sableye\n|-damage|p2a: Sableye|86\/100\n|\n|-weather|Snow|[upkeep]\n|-heal|p1a: Alomomola|98\/100|[from] item: Leftovers\n|-heal|p2a: Sableye|92\/100|[from] item: Leftovers\n|upkeep\n|turn|23\n|inactive|ChikenRun67 has 60 seconds left.\n|\n|t:|1700102142\n|move|p1a: Alomomola|Protect|p1a: Alomomola\n|-singleturn|p1a: Alomomola|Protect\n|move|p2a: Sableye|Knock Off|p1a: Alomomola\n|-activate|p1a: Alomomola|move: Protect\n|\n|-weather|Snow|[upkeep]\n|-heal|p1a: Alomomola|100\/100|[from] item: Leftovers\n|-heal|p2a: Sableye|98\/100|[from] item: Leftovers\n|upkeep\n|turn|24\n|\n|t:|1700102151\n|move|p2a: Sableye|Will-O-Wisp|p1a: Alomomola\n|-status|p1a: Alomomola|brn\n|move|p1a: Alomomola|Wish|p1a: Alomomola\n|\n|-weather|Snow|[upkeep]\n|-heal|p2a: Sableye|100\/100|[from] item: Leftovers\n|-damage|p1a: Alomomola|94\/100 brn|[from] brn\n|upkeep\n|turn|25\n|\n|t:|1700102162\n|move|p1a: Alomomola|Flip Turn|p2a: Sableye\n|-damage|p2a: Sableye|89\/100\n|\n|t:|1700102175\n|switch|p1a: Ogerpon|Ogerpon, F|78\/100|[from] Flip Turn\n|move|p2a: Sableye|Knock Off|p1a: Ogerpon\n|-damage|p1a: Ogerpon|45\/100\n|-enditem|p1a: Ogerpon|Life Orb|[from] move: Knock Off|[of] p2a: Sableye\n|\n|-weather|none\n|-heal|p1a: Ogerpon|100\/100|[from] move: Wish|[wisher] Alomomola\n|-heal|p2a: Sableye|95\/100|[from] item: Leftovers\n|upkeep\n|turn|26\n|\n|t:|1700102189\n|switch|p1a: Alomomola|Alomomola, F|100\/100 brn\n|move|p2a: Sableye|Will-O-Wisp|p1a: Alomomola\n|-fail|p1a: Alomomola|brn\n|\n|-heal|p2a: Sableye|100\/100|[from] item: Leftovers\n|-damage|p1a: Alomomola|94\/100 brn|[from] brn\n|upkeep\n|turn|27\n|inactive|ChikenRun67 has 60 seconds left.\n|\n|t:|1700102212\n|move|p1a: Alomomola|Scald|p2a: Sableye\n|-damage|p2a: Sableye|88\/100\n|move|p2a: Sableye|Knock Off|p1a: Alomomola\n|-damage|p1a: Alomomola|76\/100 brn\n|-enditem|p1a: Alomomola|Leftovers|[from] move: Knock Off|[of] p2a: Sableye\n|\n|-heal|p2a: Sableye|94\/100|[from] item: Leftovers\n|-damage|p1a: Alomomola|69\/100 brn|[from] brn\n|upkeep\n|turn|28\n|inactive|ChikenRun67 has 60 seconds left.\n|\n|t:|1700102228\n|switch|p2a: Torkoal|Torkoal, M|62\/100\n|-weather|SunnyDay|[from] ability: Drought|[of] p2a: Torkoal\n|move|p1a: Alomomola|Wish|p1a: Alomomola\n|\n|-weather|SunnyDay|[upkeep]\n|-damage|p1a: Alomomola|63\/100 brn|[from] brn\n|upkeep\n|turn|29\n|inactive|ChikenRun67 has 60 seconds left.\n|\n|t:|1700102240\n|move|p1a: Alomomola|Flip Turn|p2a: Torkoal\n|-supereffective|p2a: Torkoal\n|-damage|p2a: Torkoal|56\/100\n|\n|t:|1700102242\n|switch|p1a: Ninetales|Ninetales-Alola, M|76\/100|[from] Flip Turn\n|-weather|Snow|[from] ability: Snow Warning|[of] p1a: Ninetales\n|move|p2a: Torkoal|Stealth Rock|p1a: Ninetales\n|-sidestart|p1: kirimissing|move: Stealth Rock\n|\n|-weather|Snow|[upkeep]\n|-heal|p1a: Ninetales|100\/100|[from] move: Wish|[wisher] Alomomola\n|upkeep\n|turn|30\n|inactive|ChikenRun67 has 60 seconds left.\n|\n|t:|1700102258\n|move|p1a: Ninetales|Aurora Veil|p1a: Ninetales\n|-sidestart|p1: kirimissing|move: Aurora Veil\n|move|p2a: Torkoal|Lava Plume|p1a: Ninetales\n|-supereffective|p1a: Ninetales\n|-damage|p1a: Ninetales|65\/100\n|\n|-weather|Snow|[upkeep]\n|upkeep\n|turn|31\n|inactive|ChikenRun67 has 60 seconds left.\n|\n|t:|1700102271\n|switch|p2a: Sableye|Sableye, M|94\/100\n|move|p1a: Ninetales|Roar|p2a: Sableye\n|drag|p2a: Tropius|Tropius, F, shiny|100\/100\n|\n|-weather|Snow|[upkeep]\n|upkeep\n|turn|32\n|inactive|ChikenRun67 has 60 seconds left.\n|\n|t:|1700102280\n|switch|p1a: Ogerpon|Ogerpon, F|100\/100\n|-damage|p1a: Ogerpon|88\/100|[from] Stealth Rock\n|switch|p2a: Torkoal|Torkoal, M|56\/100\n|-weather|SunnyDay|[from] ability: Drought|[of] p2a: Torkoal\n|\n|-weather|SunnyDay|[upkeep]\n|upkeep\n|turn|33\n|inactive|ChikenRun67 has 60 seconds left.\n|\n|t:|1700102294\n|move|p1a: Ogerpon|Throat Chop|p2a: Torkoal\n|-damage|p2a: Torkoal|38\/100\n|-start|p2a: Torkoal|Throat Chop|[silent]\n|move|p2a: Torkoal|Lava Plume|p1a: Ogerpon\n|-supereffective|p1a: Ogerpon\n|-damage|p1a: Ogerpon|24\/100\n|\n|-weather|SunnyDay|[upkeep]\n|upkeep\n|turn|34\n|\n|t:|1700102303\n|move|p1a: Ogerpon|Horn Leech|p2a: Torkoal\n|-resisted|p2a: Torkoal\n|-damage|p2a: Torkoal|25\/100\n|-heal|p1a: Ogerpon|32\/100|[from] drain|[of] p2a: Torkoal\n|move|p2a: Torkoal|Lava Plume|p1a: Ogerpon\n|-supereffective|p1a: Ogerpon\n|-damage|p1a: Ogerpon|0 fnt\n|faint|p1a: Ogerpon\n|\n|-weather|SunnyDay|[upkeep]\n|-end|p2a: Torkoal|Throat Chop|[silent]\n|upkeep\n|\n|t:|1700102307\n|switch|p1a: Landorus|Landorus-Therian, M|100\/100\n|-damage|p1a: Landorus|88\/100|[from] Stealth Rock\n|-ability|p1a: Landorus|Intimidate|boost\n|-unboost|p2a: Torkoal|atk|1\n|turn|35\n|\n|t:|1700102319\n|switch|p2a: Sableye|Sableye, M|94\/100\n|move|p1a: Landorus|Stone Edge|p2a: Sableye\n|-damage|p2a: Sableye|44\/100\n|\n|-weather|SunnyDay|[upkeep]\n|-heal|p2a: Sableye|50\/100|[from] item: Leftovers\n|upkeep\n|turn|36\n|\n|t:|1700102332\n|switch|p1a: Alomomola|Alomomola, F|97\/100 brn\n|-damage|p1a: Alomomola|84\/100 brn|[from] Stealth Rock\n|move|p2a: Sableye|Knock Off|p1a: Alomomola\n|-damage|p1a: Alomomola|77\/100 brn\n|\n|-weather|SunnyDay|[upkeep]\n|-heal|p2a: Sableye|56\/100|[from] item: Leftovers\n|-damage|p1a: Alomomola|71\/100 brn|[from] brn\n|upkeep\n|turn|37\n|\n|t:|1700102347\n|switch|p2a: Charizard|Charizard, M|88\/100\n|move|p1a: Alomomola|Wish|p1a: Alomomola\n|\n|-weather|SunnyDay|[upkeep]\n|-damage|p2a: Charizard|76\/100|[from] ability: Solar Power|[of] p2a: Charizard\n|-damage|p1a: Alomomola|65\/100 brn|[from] brn\n|-sideend|p1: kirimissing|move: Aurora Veil\n|upkeep\n|turn|38\n|\n|t:|1700102357\n|move|p2a: Charizard|Flamethrower|p1a: Alomomola\n|-resisted|p1a: Alomomola\n|-crit|p1a: Alomomola\n|-damage|p1a: Alomomola|16\/100 brn\n|move|p1a: Alomomola|Flip Turn|p2a: Charizard\n|-supereffective|p2a: Charizard\n|-damage|p2a: Charizard|64\/100\n|\n|t:|1700102363\n|switch|p1a: Ninetales|Ninetales-Alola, M|65\/100|[from] Flip Turn\n|-damage|p1a: Ninetales|40\/100|[from] Stealth Rock\n|-weather|Snow|[from] ability: Snow Warning|[of] p1a: Ninetales\n|\n|-weather|Snow|[upkeep]\n|-heal|p1a: Ninetales|100\/100|[from] move: Wish|[wisher] Alomomola\n|upkeep\n|turn|39\n|\n|t:|1700102374\n|switch|p2a: Torkoal|Torkoal, M|25\/100\n|-weather|SunnyDay|[from] ability: Drought|[of] p2a: Torkoal\n|move|p1a: Ninetales|Dazzling Gleam|p2a: Torkoal\n|-resisted|p2a: Torkoal\n|-damage|p2a: Torkoal|10\/100\n|\n|-weather|SunnyDay|[upkeep]\n|upkeep\n|turn|40\n|\n|t:|1700102395\n|switch|p2a: Quagsire|Quagsire, F|75\/100\n|move|p1a: Ninetales|Dazzling Gleam|p2a: Quagsire\n|-damage|p2a: Quagsire|44\/100\n|\n|-weather|SunnyDay|[upkeep]\n|-heal|p2a: Quagsire|50\/100|[from] item: Leftovers\n|upkeep\n|turn|41\n|\n|t:|1700102413\n|move|p1a: Ninetales|Freeze-Dry|p2a: Quagsire\n|-supereffective|p2a: Quagsire\n|-damage|p2a: Quagsire|0 fnt\n|faint|p2a: Quagsire\n|\n|-weather|SunnyDay|[upkeep]\n|upkeep\n|\n|t:|1700102420\n|switch|p2a: Charizard|Charizard, M|64\/100\n|turn|42\n|\n|t:|1700102425\n|switch|p1a: Landorus|Landorus-Therian, M|88\/100\n|-damage|p1a: Landorus|76\/100|[from] Stealth Rock\n|-ability|p1a: Landorus|Intimidate|boost\n|-unboost|p2a: Charizard|atk|1\n|move|p2a: Charizard|Solar Beam||[still]\n|-prepare|p2a: Charizard|Solar Beam\n|-anim|p2a: Charizard|Solar Beam|p1a: Landorus\n|-damage|p1a: Landorus|31\/100\n|\n|-weather|SunnyDay|[upkeep]\n|-damage|p2a: Charizard|52\/100|[from] ability: Solar Power|[of] p2a: Charizard\n|upkeep\n|turn|43\n|\n|t:|1700102442\n|move|p2a: Charizard|Flamethrower|p1a: Landorus\n|-damage|p1a: Landorus|0 fnt\n|faint|p1a: Landorus\n|\n|-weather|SunnyDay|[upkeep]\n|-damage|p2a: Charizard|40\/100|[from] ability: Solar Power|[of] p2a: Charizard\n|upkeep\n|\n|t:|1700102445\n|switch|p1a: Ninetales|Ninetales-Alola, M|100\/100\n|-damage|p1a: Ninetales|76\/100|[from] Stealth Rock\n|-weather|Snow|[from] ability: Snow Warning|[of] p1a: Ninetales\n|turn|44\n|\n|t:|1700102461\n|switch|p2a: Torkoal|Torkoal, M|10\/100\n|-weather|SunnyDay|[from] ability: Drought|[of] p2a: Torkoal\n|move|p1a: Ninetales|Dazzling Gleam|p2a: Torkoal\n|-resisted|p2a: Torkoal\n|-damage|p2a: Torkoal|0 fnt\n|faint|p2a: Torkoal\n|\n|-weather|SunnyDay|[upkeep]\n|upkeep\n|inactive|ChikenRun67 has 60 seconds left.\n|\n|t:|1700102477\n|switch|p2a: Charizard|Charizard, M|40\/100\n|turn|45\n|\n|t:|1700102481\n|switch|p1a: Alomomola|Alomomola, F|50\/100 brn\n|-damage|p1a: Alomomola|37\/100 brn|[from] Stealth Rock\n|move|p2a: Charizard|Flamethrower|p1a: Alomomola\n|-resisted|p1a: Alomomola\n|-damage|p1a: Alomomola|3\/100 brn\n|\n|-weather|SunnyDay|[upkeep]\n|-damage|p2a: Charizard|27\/100|[from] ability: Solar Power|[of] p2a: Charizard\n|-damage|p1a: Alomomola|0 fnt|[from] brn\n|faint|p1a: Alomomola\n|upkeep\n|\n|t:|1700102483\n|switch|p1a: Ninetales|Ninetales-Alola, M|76\/100\n|-damage|p1a: Ninetales|51\/100|[from] Stealth Rock\n|-weather|Snow|[from] ability: Snow Warning|[of] p1a: Ninetales\n|turn|46\n|\n|t:|1700102502\n|move|p1a: Ninetales|Freeze-Dry|p2a: Charizard\n|-damage|p2a: Charizard|2\/100\n|move|p2a: Charizard|Flamethrower|p1a: Ninetales\n|-supereffective|p1a: Ninetales\n|-damage|p1a: Ninetales|0 fnt\n|faint|p1a: Ninetales\n|\n|win|ChikenRun67\n|raw|kirimissing's rating: 1124 &rarr; <strong>1103<\/strong><br \/>(-21 for losing)\n|raw|ChikenRun67's rating: 1180 &rarr; <strong>1201<\/strong><br \/>(+21 for winning)\n|l|\u2606kirimissing\n","uploadtime":1700102521,"views":18,"p1id":"kirimissing","p2id":"chikenrun67","formatid":"gen9ou","rating":1103,"private":0,"password":""}