{"id":"gen9ou-1991957712","p1":"Leon033","p2":"Ankakhang","format":"[Gen 9] OU","log":"|j|\u2606Leon033\n|j|\u2606Ankakhang\n|t:|1700142475\n|gametype|singles\n|player|p1|Leon033|2|\n|player|p2|Ankakhang|265|\n|teamsize|p1|6\n|teamsize|p2|6\n|gen|9\n|tier|[Gen 9] OU\n|rule|Sleep Clause Mod: Limit one foe put to sleep\n|rule|Species Clause: Limit one of each Pok\u00e9mon\n|rule|OHKO Clause: OHKO moves are banned\n|rule|Evasion Items Clause: Evasion items are banned\n|rule|Evasion Moves Clause: Evasion moves are banned\n|rule|Endless Battle Clause: Forcing endless battles is banned\n|rule|HP Percentage Mod: HP is shown in percentages\n|clearpoke\n|poke|p1|Uxie|\n|poke|p1|Infernape, M|\n|poke|p1|Phione|\n|poke|p1|Persian, M|\n|poke|p1|Meowscarada, F|\n|poke|p1|Cyclizar, F|\n|poke|p2|Greninja-*, M|\n|poke|p2|Basculegion-F, F|\n|poke|p2|Gastrodon, M|\n|poke|p2|Electrode-Hisui|\n|poke|p2|Glalie, F|\n|poke|p2|Grumpig, M|\n|teampreview\n|inactive|Battle timer is ON: inactive players will automatically lose when time's up. (requested by Leon033)\n|\n|t:|1700142484\n|start\n|switch|p1a: Infernape|Infernape, M|100\/100\n|switch|p2a: Electrode|Electrode-Hisui|100\/100\n|turn|1\n|\n|t:|1700142494\n|move|p1a: Infernape|Fake Out|p2a: Electrode\n|-damage|p2a: Electrode|80\/100\n|cant|p2a: Electrode|flinch\n|\n|upkeep\n|turn|2\n|\n|t:|1700142502\n|move|p2a: Electrode|Thunder Wave|p1a: Infernape\n|-status|p1a: Infernape|par\n|move|p1a: Infernape|Heat Wave|p2a: Electrode\n|-supereffective|p2a: Electrode\n|-damage|p2a: Electrode|0 fnt\n|faint|p2a: Electrode\n|\n|upkeep\n|\n|t:|1700142516\n|switch|p2a: Gastrodon|Gastrodon, M|100\/100\n|turn|3\n|\n|t:|1700142526\n|switch|p1a: Meowscarada|Meowscarada, F|100\/100\n|move|p2a: Gastrodon|Sludge Bomb|p1a: Meowscarada\n|-supereffective|p1a: Meowscarada\n|-damage|p1a: Meowscarada|39\/100\n|\n|upkeep\n|turn|4\n|\n|t:|1700142540\n|-terastallize|p2a: Gastrodon|Fairy\n|move|p1a: Meowscarada|Flower Trick|p2a: Gastrodon\n|-start|p1a: Meowscarada|typechange|Grass|[from] ability: Protean\n|-crit|p2a: Gastrodon\n|-damage|p2a: Gastrodon|51\/100\n|move|p2a: Gastrodon|Sludge Bomb|p1a: Meowscarada\n|-supereffective|p1a: Meowscarada\n|-damage|p1a: Meowscarada|0 fnt\n|faint|p1a: Meowscarada\n|\n|-heal|p2a: Gastrodon|57\/100|[from] item: Leftovers\n|upkeep\n|\n|t:|1700142551\n|switch|p1a: Cyclizar|Cyclizar, F|100\/100\n|turn|5\n|\n|t:|1700142564\n|switch|p2a: Grumpig|Grumpig, M|100\/100\n|move|p1a: Cyclizar|Iron Head|p2a: Grumpig\n|-damage|p2a: Grumpig|58\/100\n|\n|-heal|p2a: Grumpig|64\/100|[from] item: Leftovers\n|upkeep\n|turn|6\n|inactive|Leon033 has 270 seconds left.\n|\n|t:|1700142602\n|switch|p1a: Persian|Persian, M|100\/100\n|move|p2a: Grumpig|Future Sight|p1a: Persian\n|-start|p2a: Grumpig|move: Future Sight\n|\n|-heal|p2a: Grumpig|70\/100|[from] item: Leftovers\n|upkeep\n|turn|7\n|inactive|Leon033 has 270 seconds left.\n|\n|t:|1700142609\n|switch|p2a: Basculegion|Basculegion-F, F|100\/100\n|move|p1a: Persian|Fake Out|p2a: Basculegion\n|-immune|p2a: Basculegion\n|\n|upkeep\n|turn|8\n|\n|t:|1700142619\n|move|p1a: Persian|Bite|p2a: Basculegion\n|-supereffective|p2a: Basculegion\n|-damage|p2a: Basculegion|51\/100\n|move|p2a: Basculegion|Chilling Water|p1a: Persian\n|-damage|p1a: Persian|52\/100\n|-unboost|p1a: Persian|atk|1\n|\n|-end|p1a: Persian|move: Future Sight\n|-damage|p1a: Persian|0 fnt\n|faint|p1a: Persian\n|upkeep\n|inactive|Leon033 has 270 seconds left.\n|\n|t:|1700142638\n|switch|p1a: Phione|Phione|100\/100\n|turn|9\n|\n|t:|1700142643\n|move|p1a: Phione|Take Heart|p1a: Phione\n|-boost|p1a: Phione|spa|1\n|-boost|p1a: Phione|spd|1\n|move|p2a: Basculegion|Icy Wind|p1a: Phione\n|-resisted|p1a: Phione\n|-damage|p1a: Phione|93\/100\n|-unboost|p1a: Phione|spe|1\n|\n|-heal|p1a: Phione|99\/100|[from] item: Leftovers\n|upkeep\n|turn|10\n|\n|t:|1700142654\n|move|p2a: Basculegion|Icy Wind|p1a: Phione\n|-resisted|p1a: Phione\n|-damage|p1a: Phione|91\/100\n|-unboost|p1a: Phione|spe|1\n|move|p1a: Phione|Take Heart|p1a: Phione\n|-boost|p1a: Phione|spa|1\n|-boost|p1a: Phione|spd|1\n|\n|-heal|p1a: Phione|97\/100|[from] item: Leftovers\n|upkeep\n|turn|11\n|\n|t:|1700142667\n|switch|p2a: Gastrodon|Gastrodon, M, tera:Fairy|57\/100\n|move|p1a: Phione|Take Heart|p1a: Phione\n|-boost|p1a: Phione|spa|1\n|-boost|p1a: Phione|spd|1\n|\n|-heal|p1a: Phione|100\/100|[from] item: Leftovers\n|-heal|p2a: Gastrodon|63\/100|[from] item: Leftovers\n|upkeep\n|turn|12\n|\n|t:|1700142677\n|-terastallize|p1a: Phione|Water\n|move|p1a: Phione|Scald|p2a: Gastrodon\n|-ability|p2a: Gastrodon|Storm Drain|boost\n|-boost|p2a: Gastrodon|spa|1\n|move|p2a: Gastrodon|Clear Smog|p1a: Phione\n|-damage|p1a: Phione|91\/100\n|-clearboost|p1a: Phione\n|\n|-heal|p1a: Phione|97\/100|[from] item: Leftovers\n|-heal|p2a: Gastrodon|69\/100|[from] item: Leftovers\n|upkeep\n|turn|13\n|\n|t:|1700142692\n|switch|p1a: Cyclizar|Cyclizar, F|100\/100\n|move|p2a: Gastrodon|Earth Power|p1a: Cyclizar\n|-damage|p1a: Cyclizar|24\/100\n|\n|-heal|p2a: Gastrodon|75\/100|[from] item: Leftovers\n|upkeep\n|turn|14\n|\n|t:|1700142701\n|move|p1a: Cyclizar|Iron Head|p2a: Gastrodon\n|-supereffective|p2a: Gastrodon\n|-damage|p2a: Gastrodon|37\/100\n|cant|p2a: Gastrodon|flinch\n|\n|-heal|p2a: Gastrodon|43\/100|[from] item: Leftovers\n|upkeep\n|turn|15\n|\n|t:|1700142709\n|switch|p2a: Basculegion|Basculegion-F, F|51\/100\n|move|p1a: Cyclizar|Iron Head|p2a: Basculegion\n|-resisted|p2a: Basculegion\n|-damage|p2a: Basculegion|37\/100\n|\n|upkeep\n|turn|16\n|\n|t:|1700142716\n|switch|p1a: Phione|Phione, tera:Water|97\/100\n|move|p2a: Basculegion|Icy Wind|p1a: Phione\n|-resisted|p1a: Phione\n|-damage|p1a: Phione|86\/100\n|-unboost|p1a: Phione|spe|1\n|\n|-heal|p1a: Phione|92\/100|[from] item: Leftovers\n|upkeep\n|turn|17\n|\n|t:|1700142729\n|switch|p2a: Glalie|Glalie, F|100\/100\n|move|p1a: Phione|Take Heart|p1a: Phione\n|-boost|p1a: Phione|spa|1\n|-boost|p1a: Phione|spd|1\n|\n|-heal|p1a: Phione|98\/100|[from] item: Leftovers\n|upkeep\n|turn|18\n|\n|t:|1700142739\n|move|p2a: Glalie|Freeze-Dry|p1a: Phione\n|-supereffective|p1a: Phione\n|-damage|p1a: Phione|53\/100\n|move|p1a: Phione|Scald|p2a: Glalie\n|-damage|p2a: Glalie|23\/100\n|\n|-heal|p2a: Glalie|29\/100|[from] item: Leftovers\n|-heal|p1a: Phione|59\/100|[from] item: Leftovers\n|upkeep\n|turn|19\n|\n|t:|1700142750\n|switch|p1a: Infernape|Infernape, M|100\/100 par\n|move|p2a: Glalie|Freeze-Dry|p1a: Infernape\n|-resisted|p1a: Infernape\n|-damage|p1a: Infernape|80\/100 par\n|\n|-heal|p2a: Glalie|35\/100|[from] item: Leftovers\n|upkeep\n|turn|20\n|\n|t:|1700142762\n|move|p2a: Glalie|Protect|p2a: Glalie\n|-singleturn|p2a: Glalie|Protect\n|move|p1a: Infernape|Heat Wave|p2a: Glalie\n|-activate|p2a: Glalie|move: Protect\n|\n|-heal|p2a: Glalie|41\/100|[from] item: Leftovers\n|upkeep\n|turn|21\n|\n|t:|1700142770\n|move|p2a: Glalie|Earthquake|p1a: Infernape\n|-supereffective|p1a: Infernape\n|-damage|p1a: Infernape|22\/100 par\n|move|p1a: Infernape|Heat Wave|p2a: Glalie\n|-supereffective|p2a: Glalie\n|-damage|p2a: Glalie|0 fnt\n|faint|p2a: Glalie\n|\n|upkeep\n|\n|t:|1700142779\n|switch|p2a: Greninja|Greninja, M|100\/100\n|turn|22\n|\n|t:|1700142786\n|switch|p1a: Uxie|Uxie|100\/100\n|move|p2a: Greninja|Gunk Shot|p1a: Uxie\n|-damage|p1a: Uxie|72\/100\n|-damage|p2a: Greninja|91\/100|[from] item: Life Orb\n|\n|-heal|p1a: Uxie|78\/100|[from] item: Leftovers\n|upkeep\n|turn|23\n|\n|t:|1700142795\n|move|p2a: Greninja|Hydro Pump|p1a: Uxie\n|-damage|p1a: Uxie|40\/100\n|-damage|p2a: Greninja|81\/100|[from] item: Life Orb\n|move|p1a: Uxie|Thunder Wave|p2a: Greninja\n|-status|p2a: Greninja|par\n|\n|-heal|p1a: Uxie|47\/100|[from] item: Leftovers\n|upkeep\n|turn|24\n|\n|t:|1700142809\n|move|p1a: Uxie|U-turn|p2a: Greninja\n|-supereffective|p2a: Greninja\n|-damage|p2a: Greninja|34\/100 par\n|\n|t:|1700142815\n|switch|p1a: Cyclizar|Cyclizar, F|57\/100|[from] U-turn\n|cant|p2a: Greninja|par\n|\n|upkeep\n|turn|25\n|\n|t:|1700142822\n|move|p1a: Cyclizar|Double-Edge|p2a: Greninja\n|-damage|p2a: Greninja|0 fnt\n|faint|p2a: Greninja\n|-damage|p1a: Cyclizar|46\/100|[from] Recoil\n|\n|upkeep\n|\n|t:|1700142830\n|switch|p2a: Basculegion|Basculegion-F, F|37\/100\n|turn|26\n|\n|t:|1700142835\n|switch|p1a: Uxie|Uxie|47\/100\n|move|p2a: Basculegion|Icy Wind|p1a: Uxie\n|-damage|p1a: Uxie|38\/100\n|-unboost|p1a: Uxie|spe|1\n|\n|-heal|p1a: Uxie|44\/100|[from] item: Leftovers\n|upkeep\n|turn|27\n|\n|t:|1700142850\n|move|p2a: Basculegion|Hydro Pump|p1a: Uxie\n|-damage|p1a: Uxie|10\/100\n|move|p1a: Uxie|Yawn|p2a: Basculegion\n|-start|p2a: Basculegion|move: Yawn|[of] p1a: Uxie\n|\n|-heal|p1a: Uxie|16\/100|[from] item: Leftovers\n|upkeep\n|turn|28\n|\n|t:|1700142860\n|switch|p2a: Grumpig|Grumpig, M|70\/100\n|switch|p1a: Cyclizar|Cyclizar, F|79\/100\n|\n|-heal|p2a: Grumpig|76\/100|[from] item: Leftovers\n|upkeep\n|turn|29\n|\n|t:|1700142872\n|move|p1a: Cyclizar|Shift Gear|p1a: Cyclizar\n|-boost|p1a: Cyclizar|spe|2\n|-boost|p1a: Cyclizar|atk|1\n|move|p2a: Grumpig|Thunder Wave|p1a: Cyclizar\n|-status|p1a: Cyclizar|par\n|\n|-heal|p2a: Grumpig|82\/100|[from] item: Leftovers\n|upkeep\n|turn|30\n|\n|t:|1700142881\n|move|p1a: Cyclizar|Double-Edge|p2a: Grumpig\n|-damage|p2a: Grumpig|0 fnt\n|faint|p2a: Grumpig\n|-damage|p1a: Cyclizar|50\/100 par|[from] Recoil\n|\n|upkeep\n|\n|t:|1700142890\n|switch|p2a: Basculegion|Basculegion-F, F|37\/100\n|turn|31\n|\n|t:|1700142895\n|move|p1a: Cyclizar|Iron Head|p2a: Basculegion\n|-resisted|p2a: Basculegion\n|-damage|p2a: Basculegion|17\/100\n|move|p2a: Basculegion|Ice Beam|p1a: Cyclizar\n|-supereffective|p1a: Cyclizar\n|-damage|p1a: Cyclizar|0 fnt\n|faint|p1a: Cyclizar\n|\n|upkeep\n|\n|t:|1700142904\n|switch|p1a: Infernape|Infernape, M|22\/100 par\n|turn|32\n|\n|t:|1700142910\n|move|p2a: Basculegion|Chilling Water|p1a: Infernape\n|-supereffective|p1a: Infernape\n|-damage|p1a: Infernape|0 fnt\n|faint|p1a: Infernape\n|\n|upkeep\n|\n|t:|1700142914\n|switch|p1a: Phione|Phione, tera:Water|59\/100\n|turn|33\n|\n|t:|1700142921\n|move|p1a: Phione|Take Heart|p1a: Phione\n|-boost|p1a: Phione|spa|1\n|-boost|p1a: Phione|spd|1\n|move|p2a: Basculegion|Icy Wind|p1a: Phione\n|-resisted|p1a: Phione\n|-damage|p1a: Phione|52\/100\n|-unboost|p1a: Phione|spe|1\n|\n|-heal|p1a: Phione|58\/100|[from] item: Leftovers\n|upkeep\n|turn|34\n|\n|t:|1700142931\n|move|p2a: Basculegion|Icy Wind|p1a: Phione\n|-resisted|p1a: Phione\n|-damage|p1a: Phione|51\/100\n|-unboost|p1a: Phione|spe|1\n|move|p1a: Phione|Take Heart|p1a: Phione\n|-boost|p1a: Phione|spa|1\n|-boost|p1a: Phione|spd|1\n|\n|-heal|p1a: Phione|57\/100|[from] item: Leftovers\n|upkeep\n|turn|35\n|\n|t:|1700142941\n|move|p2a: Basculegion|Icy Wind|p1a: Phione\n|-resisted|p1a: Phione\n|-damage|p1a: Phione|51\/100\n|-unboost|p1a: Phione|spe|1\n|move|p1a: Phione|Ice Beam|p2a: Basculegion\n|-resisted|p2a: Basculegion\n|-damage|p2a: Basculegion|2\/100\n|\n|-heal|p1a: Phione|57\/100|[from] item: Leftovers\n|upkeep\n|turn|36\n|\n|t:|1700142957\n|move|p2a: Basculegion|Icy Wind|p1a: Phione\n|-resisted|p1a: Phione\n|-crit|p1a: Phione\n|-damage|p1a: Phione|41\/100\n|-unboost|p1a: Phione|spe|1\n|move|p1a: Phione|Ice Beam|p2a: Basculegion\n|-resisted|p2a: Basculegion\n|-damage|p2a: Basculegion|0 fnt\n|faint|p2a: Basculegion\n|\n|-heal|p1a: Phione|47\/100|[from] item: Leftovers\n|upkeep\n|\n|t:|1700142969\n|switch|p2a: Gastrodon|Gastrodon, M, tera:Fairy|43\/100\n|turn|37\n|\n|t:|1700142978\n|switch|p1a: Uxie|Uxie|16\/100\n|move|p2a: Gastrodon|Clear Smog|p1a: Uxie\n|-damage|p1a: Uxie|10\/100\n|-clearboost|p1a: Uxie\n|\n|-heal|p1a: Uxie|16\/100|[from] item: Leftovers\n|-heal|p2a: Gastrodon|50\/100|[from] item: Leftovers\n|upkeep\n|turn|38\n|\n|t:|1700142990\n|move|p1a: Uxie|Yawn|p2a: Gastrodon\n|-start|p2a: Gastrodon|move: Yawn|[of] p1a: Uxie\n|move|p2a: Gastrodon|Recover|p2a: Gastrodon\n|-heal|p2a: Gastrodon|99\/100\n|\n|-heal|p1a: Uxie|22\/100|[from] item: Leftovers\n|-heal|p2a: Gastrodon|100\/100|[from] item: Leftovers\n|upkeep\n|turn|39\n|\n|t:|1700143000\n|move|p1a: Uxie|U-turn|p2a: Gastrodon\n|-resisted|p2a: Gastrodon\n|-damage|p2a: Gastrodon|96\/100\n|\n|t:|1700143003\n|switch|p1a: Phione|Phione, tera:Water|47\/100|[from] U-turn\n|move|p2a: Gastrodon|Sludge Bomb|p1a: Phione\n|-damage|p1a: Phione|21\/100\n|\n|-heal|p1a: Phione|27\/100|[from] item: Leftovers\n|-heal|p2a: Gastrodon|100\/100|[from] item: Leftovers\n|-end|p2a: Gastrodon|move: Yawn|[silent]\n|-status|p2a: Gastrodon|slp\n|upkeep\n|turn|40\n|\n|t:|1700143015\n|move|p1a: Phione|Take Heart|p1a: Phione\n|-boost|p1a: Phione|spa|1\n|-boost|p1a: Phione|spd|1\n|cant|p2a: Gastrodon|slp\n|\n|-heal|p1a: Phione|33\/100|[from] item: Leftovers\n|upkeep\n|turn|41\n|\n|t:|1700143023\n|move|p1a: Phione|Take Heart|p1a: Phione\n|-boost|p1a: Phione|spa|1\n|-boost|p1a: Phione|spd|1\n|cant|p2a: Gastrodon|slp\n|\n|-heal|p1a: Phione|39\/100|[from] item: Leftovers\n|upkeep\n|turn|42\n|\n|t:|1700143031\n|move|p1a: Phione|Ice Beam|p2a: Gastrodon\n|-damage|p2a: Gastrodon|60\/100 slp\n|-curestatus|p2a: Gastrodon|slp|[msg]\n|move|p2a: Gastrodon|Clear Smog|p1a: Phione\n|-damage|p1a: Phione|32\/100\n|-clearboost|p1a: Phione\n|\n|-heal|p1a: Phione|38\/100|[from] item: Leftovers\n|-heal|p2a: Gastrodon|66\/100|[from] item: Leftovers\n|upkeep\n|turn|43\n|\n|t:|1700143045\n|switch|p1a: Uxie|Uxie|22\/100\n|move|p2a: Gastrodon|Sludge Bomb|p1a: Uxie\n|-damage|p1a: Uxie|11\/100\n|-status|p1a: Uxie|psn\n|\n|-heal|p1a: Uxie|17\/100 psn|[from] item: Leftovers\n|-heal|p2a: Gastrodon|72\/100|[from] item: Leftovers\n|-damage|p1a: Uxie|5\/100 psn|[from] psn\n|upkeep\n|turn|44\n|\n|t:|1700143058\n|move|p1a: Uxie|Yawn|p2a: Gastrodon\n|-start|p2a: Gastrodon|move: Yawn|[of] p1a: Uxie\n|move|p2a: Gastrodon|Recover|p2a: Gastrodon\n|-heal|p2a: Gastrodon|100\/100\n|\n|-heal|p1a: Uxie|11\/100 psn|[from] item: Leftovers\n|-damage|p1a: Uxie|0 fnt|[from] psn\n|faint|p1a: Uxie\n|upkeep\n|\n|t:|1700143066\n|switch|p1a: Phione|Phione, tera:Water|38\/100\n|turn|45\n|\n|t:|1700143071\n|move|p1a: Phione|Take Heart|p1a: Phione\n|-boost|p1a: Phione|spa|1\n|-boost|p1a: Phione|spd|1\n|move|p2a: Gastrodon|Earth Power|p1a: Phione\n|-damage|p1a: Phione|12\/100\n|\n|-heal|p1a: Phione|18\/100|[from] item: Leftovers\n|-end|p2a: Gastrodon|move: Yawn|[silent]\n|-status|p2a: Gastrodon|slp\n|upkeep\n|turn|46\n|\n|t:|1700143081\n|move|p1a: Phione|Ice Beam|p2a: Gastrodon\n|-damage|p2a: Gastrodon|69\/100 slp\n|cant|p2a: Gastrodon|slp\n|\n|-heal|p1a: Phione|24\/100|[from] item: Leftovers\n|-heal|p2a: Gastrodon|75\/100 slp|[from] item: Leftovers\n|upkeep\n|turn|47\n|\n|t:|1700143090\n|move|p1a: Phione|Ice Beam|p2a: Gastrodon\n|-damage|p2a: Gastrodon|44\/100 slp\n|cant|p2a: Gastrodon|slp\n|\n|-heal|p1a: Phione|30\/100|[from] item: Leftovers\n|-heal|p2a: Gastrodon|50\/100 slp|[from] item: Leftovers\n|upkeep\n|turn|48\n|\n|t:|1700143099\n|move|p1a: Phione|Ice Beam|p2a: Gastrodon\n|-damage|p2a: Gastrodon|21\/100 slp\n|cant|p2a: Gastrodon|slp\n|\n|-heal|p1a: Phione|36\/100|[from] item: Leftovers\n|-heal|p2a: Gastrodon|27\/100 slp|[from] item: Leftovers\n|upkeep\n|turn|49\n|\n|t:|1700143107\n|move|p1a: Phione|Ice Beam|p2a: Gastrodon\n|-damage|p2a: Gastrodon|0 fnt\n|faint|p2a: Gastrodon\n|\n|win|Leon033\n|c|\u2606Leon033|gg\n|c|\u2606Ankakhang|Ng\u1ee7 \u0111 g\u00ec l\u1eafm th\u1ebf\n|c|\u2606Ankakhang|\u0110m\n","uploadtime":1700143120,"views":52,"p1id":"leon033","p2id":"ankakhang","formatid":"gen9ou","rating":0,"private":0,"password":""}