{"id":"gen9ou-1996969300","p1":"meal task deal see","p2":"neato.exe","format":"[Gen 9] OU","log":"|j|\u2606meal task deal see\n|j|\u2606neato.exe\n|t:|1700750891\n|gametype|singles\n|player|p1|meal task deal see|kieran-festival|1425\n|player|p2|neato.exe|cynthia-gen7|1600\n|teamsize|p1|6\n|teamsize|p2|6\n|gen|9\n|tier|[Gen 9] OU\n|rated|\n|rule|Sleep Clause Mod: Limit one foe put to sleep\n|rule|Species Clause: Limit one of each Pok\u00e9mon\n|rule|OHKO Clause: OHKO moves are banned\n|rule|Evasion Items Clause: Evasion items are banned\n|rule|Evasion Moves Clause: Evasion moves are banned\n|rule|Endless Battle Clause: Forcing endless battles is banned\n|rule|HP Percentage Mod: HP is shown in percentages\n|clearpoke\n|poke|p1|Hatterene, F|\n|poke|p1|Moltres|\n|poke|p1|Walking Wake|\n|poke|p1|Torkoal, M|\n|poke|p1|Lilligant-Hisui, F|\n|poke|p1|Sandy Shocks|\n|poke|p2|Iron Moth|\n|poke|p2|Great Tusk|\n|poke|p2|Kingambit, F|\n|poke|p2|Gholdengo|\n|poke|p2|Zapdos|\n|poke|p2|Slowking, L99, F|\n|teampreview\n|inactive|Battle timer is ON: inactive players will automatically lose when time's up. (requested by meal task deal see)\n|\n|t:|1700750899\n|start\n|switch|p1a: Sandy Shocks|Sandy Shocks|100\/100\n|switch|p2a: Zapdos|Zapdos|100\/100\n|turn|1\n|\n|t:|1700750911\n|move|p1a: Sandy Shocks|Thunderbolt|p2a: Zapdos\n|-damage|p2a: Zapdos|59\/100\n|move|p2a: Zapdos|Heat Wave|p1a: Sandy Shocks|[miss]\n|-miss|p2a: Zapdos|p1a: Sandy Shocks\n|\n|upkeep\n|turn|2\n|\n|t:|1700750918\n|move|p1a: Sandy Shocks|Thunderbolt|p2a: Zapdos\n|-damage|p2a: Zapdos|12\/100\n|move|p2a: Zapdos|Roost|p2a: Zapdos\n|-heal|p2a: Zapdos|62\/100\n|-singleturn|p2a: Zapdos|move: Roost\n|\n|upkeep\n|turn|3\n|\n|t:|1700750925\n|move|p1a: Sandy Shocks|Thunderbolt|p2a: Zapdos\n|-damage|p2a: Zapdos|19\/100\n|move|p2a: Zapdos|Roost|p2a: Zapdos\n|-heal|p2a: Zapdos|69\/100\n|-singleturn|p2a: Zapdos|move: Roost\n|\n|upkeep\n|turn|4\n|\n|t:|1700750930\n|move|p1a: Sandy Shocks|Thunderbolt|p2a: Zapdos\n|-damage|p2a: Zapdos|22\/100\n|move|p2a: Zapdos|Roost|p2a: Zapdos\n|-heal|p2a: Zapdos|72\/100\n|-singleturn|p2a: Zapdos|move: Roost\n|\n|upkeep\n|turn|5\n|\n|t:|1700750935\n|switch|p2a: Great Tusk|Great Tusk|100\/100\n|move|p1a: Sandy Shocks|Thunderbolt|p2a: Great Tusk\n|-immune|p2a: Great Tusk\n|\n|upkeep\n|turn|6\n|\n|t:|1700750948\n|-end|p2a: Great Tusk|Protosynthesis|[silent]\n|switch|p2a: Zapdos|Zapdos|72\/100\n|-terastallize|p1a: Sandy Shocks|Ice\n|move|p1a: Sandy Shocks|Tera Blast|p2a: Zapdos|[anim] Tera Blast Ice\n|-supereffective|p2a: Zapdos\n|-damage|p2a: Zapdos|0 fnt\n|faint|p2a: Zapdos\n|\n|upkeep\n|inactive|neato.exe has 120 seconds left.\n|\n|t:|1700750993\n|switch|p2a: Iron Moth|Iron Moth|100\/100\n|-enditem|p2a: Iron Moth|Booster Energy\n|-activate|p2a: Iron Moth|ability: Quark Drive|[fromitem]\n|-start|p2a: Iron Moth|quarkdrivespe\n|turn|7\n|\n|t:|1700750997\n|-end|p1a: Sandy Shocks|Protosynthesis|[silent]\n|switch|p1a: Torkoal|Torkoal, M|100\/100\n|-weather|SunnyDay|[from] ability: Drought|[of] p1a: Torkoal\n|move|p2a: Iron Moth|Fiery Dance|p1a: Torkoal\n|-resisted|p1a: Torkoal\n|-damage|p1a: Torkoal|59\/100\n|\n|-weather|SunnyDay|[upkeep]\n|upkeep\n|turn|8\n|inactive|neato.exe has 120 seconds left.\n|\n|t:|1700751004\n|switch|p1a: Hatterene|Hatterene, F|100\/100\n|move|p2a: Iron Moth|Fiery Dance|p1a: Hatterene\n|-damage|p1a: Hatterene|32\/100\n|-enditem|p1a: Hatterene|Eject Button\n|\n|t:|1700751017\n|switch|p1a: Walking Wake|Walking Wake|100\/100\n|-activate|p1a: Walking Wake|ability: Protosynthesis\n|-start|p1a: Walking Wake|protosynthesisspe\n|\n|-weather|SunnyDay|[upkeep]\n|upkeep\n|turn|9\n|\n|t:|1700751027\n|-terastallize|p2a: Iron Moth|Grass\n|move|p2a: Iron Moth|Sludge Wave|p1a: Walking Wake\n|-damage|p1a: Walking Wake|45\/100\n|move|p1a: Walking Wake|Hydro Steam|p2a: Iron Moth\n|-resisted|p2a: Iron Moth\n|-damage|p2a: Iron Moth|53\/100\n|\n|-weather|SunnyDay|[upkeep]\n|upkeep\n|turn|10\n|\n|t:|1700751042\n|-end|p1a: Walking Wake|Protosynthesis|[silent]\n|switch|p1a: Hatterene|Hatterene, F|32\/100\n|move|p2a: Iron Moth|Sludge Wave|p1a: Hatterene\n|-supereffective|p1a: Hatterene\n|-damage|p1a: Hatterene|0 fnt\n|faint|p1a: Hatterene\n|\n|-weather|SunnyDay|[upkeep]\n|upkeep\n|\n|t:|1700751044\n|switch|p1a: Lilligant|Lilligant-Hisui, F, shiny|100\/100\n|turn|11\n|\n|t:|1700751059\n|-end|p2a: Iron Moth|Quark Drive|[silent]\n|switch|p2a: Gholdengo|Gholdengo|100\/100\n|move|p1a: Lilligant|Ice Spinner|p2a: Gholdengo\n|-resisted|p2a: Gholdengo\n|-damage|p2a: Gholdengo|81\/100\n|-damage|p1a: Lilligant|91\/100|[from] item: Life Orb\n|\n|-weather|SunnyDay|[upkeep]\n|upkeep\n|turn|12\n|\n|t:|1700751072\n|switch|p1a: Moltres|Moltres|100\/100\n|move|p2a: Gholdengo|Shadow Ball|p1a: Moltres\n|-damage|p1a: Moltres|50\/100\n|\n|-weather|SunnyDay|[upkeep]\n|upkeep\n|turn|13\n|\n|t:|1700751099\n|switch|p2a: Slowking|Slowking, L99, F|100\/100\n|move|p1a: Moltres|Overheat|p2a: Slowking|[miss]\n|-miss|p1a: Moltres|p2a: Slowking\n|\n|-weather|SunnyDay|[upkeep]\n|upkeep\n|turn|14\n|\n|t:|1700751111\n|move|p1a: Moltres|Roost|p1a: Moltres\n|-heal|p1a: Moltres|99\/100\n|-singleturn|p1a: Moltres|move: Roost\n|move|p2a: Slowking|Future Sight|p1a: Moltres\n|-start|p2a: Slowking|move: Future Sight\n|\n|-weather|none\n|upkeep\n|turn|15\n|\n|t:|1700751119\n|switch|p1a: Sandy Shocks|Sandy Shocks, tera:Ice|100\/100\n|move|p2a: Slowking|Chilly Reception|p2a: Slowking\n|-weather|Snow\n|\n|t:|1700751120\n|switch|p2a: Great Tusk|Great Tusk|100\/100|[from] Chilly Reception\n|\n|-weather|Snow|[upkeep]\n|upkeep\n|turn|16\n|\n|t:|1700751136\n|move|p1a: Sandy Shocks|Tera Blast|p2a: Great Tusk|[anim] Tera Blast Ice\n|-supereffective|p2a: Great Tusk\n|-damage|p2a: Great Tusk|0 fnt\n|faint|p2a: Great Tusk\n|-end|p2a: Great Tusk|Protosynthesis|[silent]\n|\n|-weather|Snow|[upkeep]\n|-end|p1a: Sandy Shocks|move: Future Sight\n|-damage|p1a: Sandy Shocks|48\/100\n|upkeep\n|c|\u2606neato.exe|that was a complete fucking misclick so i decided to bluff choice scarf for some fucking reason\n|inactive|neato.exe has 120 seconds left.\n|\n|t:|1700751160\n|switch|p2a: Gholdengo|Gholdengo|81\/100\n|turn|17\n|c|\u2606meal task deal see|i get it\n|\n|t:|1700751165\n|move|p2a: Gholdengo|Shadow Ball|p1a: Sandy Shocks\n|-crit|p1a: Sandy Shocks\n|-damage|p1a: Sandy Shocks|0 fnt\n|faint|p1a: Sandy Shocks\n|-end|p1a: Sandy Shocks|Protosynthesis|[silent]\n|\n|-weather|Snow|[upkeep]\n|upkeep\n|\n|t:|1700751174\n|switch|p1a: Moltres|Moltres|99\/100\n|turn|18\n|\n|t:|1700751178\n|switch|p2a: Slowking|Slowking, L99, F|100\/100\n|move|p1a: Moltres|Overheat|p2a: Slowking\n|-resisted|p2a: Slowking\n|-damage|p2a: Slowking|81\/100\n|-unboost|p1a: Moltres|spa|2\n|-enditem|p1a: Moltres|Eject Pack\n|\n|t:|1700751186\n|switch|p1a: Torkoal|Torkoal, M|59\/100\n|-weather|SunnyDay|[from] ability: Drought|[of] p1a: Torkoal\n|\n|-weather|SunnyDay|[upkeep]\n|upkeep\n|turn|19\n|\n|t:|1700751194\n|move|p1a: Torkoal|Stealth Rock|p2a: Slowking\n|-sidestart|p2: neato.exe|move: Stealth Rock\n|move|p2a: Slowking|Future Sight|p1a: Torkoal\n|-start|p2a: Slowking|move: Future Sight\n|\n|-weather|SunnyDay|[upkeep]\n|upkeep\n|turn|20\n|\n|t:|1700751205\n|switch|p1a: Moltres|Moltres|99\/100\n|move|p2a: Slowking|Chilly Reception|p2a: Slowking\n|-weather|Snow\n|\n|t:|1700751219\n|switch|p2a: Iron Moth|Iron Moth, tera:Grass|53\/100|[from] Chilly Reception\n|-damage|p2a: Iron Moth|41\/100|[from] Stealth Rock\n|\n|-weather|Snow|[upkeep]\n|upkeep\n|turn|21\n|\n|t:|1700751227\n|move|p2a: Iron Moth|Substitute|p2a: Iron Moth\n|-start|p2a: Iron Moth|Substitute\n|-damage|p2a: Iron Moth|16\/100\n|move|p1a: Moltres|Air Slash|p2a: Iron Moth\n|-supereffective|p2a: Iron Moth\n|-end|p2a: Iron Moth|Substitute\n|\n|-weather|Snow|[upkeep]\n|-end|p1a: Moltres|move: Future Sight\n|-damage|p1a: Moltres|54\/100\n|upkeep\n|turn|22\n|\n|t:|1700751239\n|move|p2a: Iron Moth|Fiery Dance|p1a: Moltres\n|-resisted|p1a: Moltres\n|-damage|p1a: Moltres|29\/100\n|-boost|p2a: Iron Moth|spa|1\n|move|p1a: Moltres|Air Slash|p2a: Iron Moth|[miss]\n|-miss|p1a: Moltres|p2a: Iron Moth\n|\n|-weather|Snow|[upkeep]\n|upkeep\n|turn|23\n|\n|t:|1700751251\n|switch|p1a: Torkoal|Torkoal, M|59\/100\n|-weather|SunnyDay|[from] ability: Drought|[of] p1a: Torkoal\n|move|p2a: Iron Moth|Fiery Dance|p1a: Torkoal\n|-resisted|p1a: Torkoal\n|-damage|p1a: Torkoal|0 fnt\n|-boost|p2a: Iron Moth|spa|1\n|faint|p1a: Torkoal\n|\n|-weather|SunnyDay|[upkeep]\n|upkeep\n|\n|t:|1700751262\n|switch|p1a: Walking Wake|Walking Wake|45\/100\n|-activate|p1a: Walking Wake|ability: Protosynthesis\n|-start|p1a: Walking Wake|protosynthesisspe\n|turn|24\n|\n|t:|1700751279\n|move|p1a: Walking Wake|Hydro Steam|p2a: Iron Moth\n|-resisted|p2a: Iron Moth\n|-damage|p2a: Iron Moth|0 fnt\n|faint|p2a: Iron Moth\n|-end|p2a: Iron Moth|Quark Drive|[silent]\n|\n|-weather|SunnyDay|[upkeep]\n|upkeep\n|inactive|neato.exe has 120 seconds left.\n|\n|t:|1700751321\n|switch|p2a: Slowking|Slowking, L99, F|100\/100\n|turn|25\n|\n|t:|1700751327\n|-end|p1a: Walking Wake|Protosynthesis|[silent]\n|switch|p1a: Lilligant|Lilligant-Hisui, F, shiny|91\/100\n|move|p2a: Slowking|Chilly Reception|p2a: Slowking\n|-weather|Snow\n|\n|t:|1700751333\n|switch|p2a: Gholdengo|Gholdengo|81\/100|[from] Chilly Reception\n|-damage|p2a: Gholdengo|75\/100|[from] Stealth Rock\n|\n|-weather|Snow|[upkeep]\n|upkeep\n|turn|26\n|\n|t:|1700751350\n|move|p2a: Gholdengo|Shadow Ball|p1a: Lilligant\n|-damage|p1a: Lilligant|22\/100\n|move|p1a: Lilligant|Victory Dance|p1a: Lilligant\n|-boost|p1a: Lilligant|atk|1\n|-boost|p1a: Lilligant|def|1\n|-boost|p1a: Lilligant|spe|1\n|\n|-weather|Snow|[upkeep]\n|upkeep\n|turn|27\n|inactive|neato.exe has 120 seconds left.\n|\n|t:|1700751358\n|move|p1a: Lilligant|Ice Spinner|p2a: Gholdengo\n|-resisted|p2a: Gholdengo\n|-damage|p2a: Gholdengo|47\/100\n|-damage|p1a: Lilligant|12\/100|[from] item: Life Orb\n|move|p2a: Gholdengo|Shadow Ball|p1a: Lilligant\n|-damage|p1a: Lilligant|0 fnt\n|faint|p1a: Lilligant\n|\n|-weather|Snow|[upkeep]\n|upkeep\n|\n|t:|1700751362\n|switch|p1a: Walking Wake|Walking Wake|45\/100\n|turn|28\n|\n|t:|1700751368\n|move|p2a: Gholdengo|Shadow Ball|p1a: Walking Wake\n|-damage|p1a: Walking Wake|0 fnt\n|faint|p1a: Walking Wake\n|-end|p1a: Walking Wake|Protosynthesis|[silent]\n|\n|-weather|Snow|[upkeep]\n|upkeep\n|-message|meal task deal see forfeited.\n|\n|win|neato.exe\n|raw|meal task deal see's rating: 1425 &rarr; <strong>1414<\/strong><br \/>(-11 for losing)\n|raw|neato.exe's rating: 1600 &rarr; <strong>1611<\/strong><br \/>(+11 for winning)\n|l|\u2606meal task deal see\n","uploadtime":1700751155,"views":0,"p1id":"mealtaskdealsee","p2id":"neatoexe","formatid":"gen9ou","rating":1414,"private":0,"password":""}