{"id":"gen9ou-1993777479","p1":"GUANGDONG TlGERS","p2":"Roshino","format":"[Gen 9] OU","log":"|j|\u2606GUANGDONG TlGERS\n|j|\u2606Roshino\n|t:|1700356038\n|gametype|singles\n|player|p1|GUANGDONG TlGERS|worker|1639\n|player|p2|Roshino|saturn|1577\n|teamsize|p1|6\n|teamsize|p2|6\n|gen|9\n|tier|[Gen 9] OU\n|rated|\n|rule|Sleep Clause Mod: Limit one foe put to sleep\n|rule|Species Clause: Limit one of each Pok\u00e9mon\n|rule|OHKO Clause: OHKO moves are banned\n|rule|Evasion Items Clause: Evasion items are banned\n|rule|Evasion Moves Clause: Evasion moves are banned\n|rule|Endless Battle Clause: Forcing endless battles is banned\n|rule|HP Percentage Mod: HP is shown in percentages\n|clearpoke\n|poke|p1|Torterra, F|\n|poke|p1|Ninetales-Alola, F|\n|poke|p1|Iron Valiant|\n|poke|p1|Kingambit, F|\n|poke|p1|Maushold|\n|poke|p1|Ceruledge, M|\n|poke|p2|Quagsire, F|\n|poke|p2|Hawlucha, F|\n|poke|p2|Meowscarada, F|\n|poke|p2|Scizor, M|\n|poke|p2|Vaporeon, M|\n|poke|p2|Mew|\n|teampreview\n|\n|t:|1700356051\n|start\n|switch|p1a: Ceruledge|Ceruledge, M|100\/100\n|switch|p2a: BUG|Scizor, M|100\/100\n|turn|1\n|\n|t:|1700356056\n|switch|p1a: Ninetales|Ninetales-Alola, F|100\/100\n|-weather|Snow|[from] ability: Snow Warning|[of] p1a: Ninetales\n|switch|p2a: Just a dude|Quagsire, F|100\/100\n|\n|-weather|Snow|[upkeep]\n|upkeep\n|turn|2\n|\n|t:|1700356067\n|switch|p2a: gf fav|Vaporeon, M, shiny|100\/100\n|move|p1a: Ninetales|Aurora Veil|p1a: Ninetales\n|-sidestart|p1: GUANGDONG TlGERS|move: Aurora Veil\n|\n|-weather|Snow|[upkeep]\n|upkeep\n|turn|3\n|\n|t:|1700356072\n|move|p1a: Ninetales|Freeze-Dry|p2a: gf fav\n|-supereffective|p2a: gf fav\n|-damage|p2a: gf fav|79\/100\n|move|p2a: gf fav|Scald|p1a: Ninetales\n|-damage|p1a: Ninetales|85\/100\n|-status|p1a: Ninetales|brn\n|\n|-weather|Snow|[upkeep]\n|-damage|p1a: Ninetales|79\/100 brn|[from] brn\n|upkeep\n|turn|4\n|\n|t:|1700356081\n|switch|p1a: Kingambit|Kingambit, F|100\/100\n|move|p2a: gf fav|Wish|p2a: gf fav\n|\n|-weather|Snow|[upkeep]\n|upkeep\n|turn|5\n|\n|t:|1700356098\n|-end|p1a: Kingambit|fallenundefined|[silent]\n|switch|p1a: Torterra|Torterra, F|100\/100\n|switch|p2a: Just a dude|Quagsire, F|100\/100\n|\n|-weather|none\n|upkeep\n|turn|6\n|\n|t:|1700356110\n|-terastallize|p2a: Just a dude|Grass\n|move|p1a: Torterra|Shell Smash|p1a: Torterra\n|-unboost|p1a: Torterra|def|1\n|-unboost|p1a: Torterra|spd|1\n|-boost|p1a: Torterra|atk|2\n|-boost|p1a: Torterra|spa|2\n|-boost|p1a: Torterra|spe|2\n|-enditem|p1a: Torterra|White Herb\n|-clearnegativeboost|p1a: Torterra|[silent]\n|move|p2a: Just a dude|Toxic|p1a: Torterra\n|-status|p1a: Torterra|tox\n|\n|-damage|p1a: Torterra|94\/100 tox|[from] psn\n|upkeep\n|turn|7\n|\n|t:|1700356124\n|move|p1a: Torterra|Stone Edge|p2a: Just a dude\n|-crit|p2a: Just a dude\n|-damage|p2a: Just a dude|64\/100\n|move|p2a: Just a dude|Stealth Rock|p1a: Torterra\n|-sidestart|p1: GUANGDONG TlGERS|move: Stealth Rock\n|\n|-heal|p2a: Just a dude|70\/100|[from] item: Leftovers\n|-damage|p1a: Torterra|82\/100 tox|[from] psn\n|upkeep\n|turn|8\n|\n|t:|1700356132\n|move|p1a: Torterra|Giga Drain|p2a: Just a dude\n|-resisted|p2a: Just a dude\n|-damage|p2a: Just a dude|58\/100\n|-heal|p1a: Torterra|89\/100 tox|[from] drain|[of] p2a: Just a dude\n|move|p2a: Just a dude|Recover|p2a: Just a dude\n|-heal|p2a: Just a dude|100\/100\n|\n|-damage|p1a: Torterra|71\/100 tox|[from] psn\n|upkeep\n|turn|9\n|\n|t:|1700356140\n|move|p1a: Torterra|Giga Drain|p2a: Just a dude\n|-resisted|p2a: Just a dude\n|-damage|p2a: Just a dude|87\/100\n|-heal|p1a: Torterra|79\/100 tox|[from] drain|[of] p2a: Just a dude\n|move|p2a: Just a dude|Earthquake|p1a: Torterra\n|-resisted|p1a: Torterra\n|-damage|p1a: Torterra|71\/100 tox\n|\n|-heal|p2a: Just a dude|94\/100|[from] item: Leftovers\n|-damage|p1a: Torterra|47\/100 tox|[from] psn\n|-sideend|p1: GUANGDONG TlGERS|move: Aurora Veil\n|upkeep\n|turn|10\n|\n|t:|1700356151\n|move|p1a: Torterra|Stone Edge|p2a: Just a dude\n|-damage|p2a: Just a dude|70\/100\n|move|p2a: Just a dude|Earthquake|p1a: Torterra\n|-resisted|p1a: Torterra\n|-damage|p1a: Torterra|34\/100 tox\n|\n|-heal|p2a: Just a dude|77\/100|[from] item: Leftovers\n|-damage|p1a: Torterra|4\/100 tox|[from] psn\n|upkeep\n|turn|11\n|\n|t:|1700356160\n|move|p1a: Torterra|Giga Drain|p2a: Just a dude\n|-resisted|p2a: Just a dude\n|-damage|p2a: Just a dude|59\/100\n|-heal|p1a: Torterra|14\/100 tox|[from] drain|[of] p2a: Just a dude\n|move|p2a: Just a dude|Recover|p2a: Just a dude\n|-heal|p2a: Just a dude|100\/100\n|\n|-damage|p1a: Torterra|0 fnt|[from] psn\n|faint|p1a: Torterra\n|upkeep\n|\n|t:|1700356166\n|switch|p1a: Ninetales|Ninetales-Alola, F|79\/100 brn\n|-damage|p1a: Ninetales|54\/100 brn|[from] Stealth Rock\n|-weather|Snow|[from] ability: Snow Warning|[of] p1a: Ninetales\n|turn|12\n|\n|t:|1700356175\n|switch|p2a: BUG|Scizor, M|100\/100\n|move|p1a: Ninetales|Aurora Veil|p1a: Ninetales\n|-sidestart|p1: GUANGDONG TlGERS|move: Aurora Veil\n|\n|-weather|Snow|[upkeep]\n|-damage|p1a: Ninetales|48\/100 brn|[from] brn\n|upkeep\n|turn|13\n|\n|t:|1700356181\n|switch|p1a: Kingambit|Kingambit, F|100\/100\n|-damage|p1a: Kingambit|94\/100|[from] Stealth Rock\n|-activate|p1a: Kingambit|ability: Supreme Overlord\n|-start|p1a: Kingambit|fallen1|[silent]\n|move|p2a: BUG|Knock Off|p1a: Kingambit\n|-resisted|p1a: Kingambit\n|-damage|p1a: Kingambit|83\/100\n|-enditem|p1a: Kingambit|Lum Berry|[from] move: Knock Off|[of] p2a: BUG\n|\n|-weather|Snow|[upkeep]\n|upkeep\n|turn|14\n|\n|t:|1700356190\n|switch|p2a: bro|Hawlucha, F|100\/100\n|-ability|p2a: bro|Mold Breaker\n|move|p1a: Kingambit|Swords Dance|p1a: Kingambit\n|-boost|p1a: Kingambit|atk|2\n|\n|-weather|Snow|[upkeep]\n|upkeep\n|turn|15\n|\n|t:|1700356198\n|move|p2a: bro|Encore|p1a: Kingambit\n|-start|p1a: Kingambit|Encore\n|move|p1a: Kingambit|Swords Dance|p1a: Kingambit\n|-boost|p1a: Kingambit|atk|2\n|\n|-weather|Snow|[upkeep]\n|upkeep\n|turn|16\n|\n|t:|1700356213\n|switch|p2a: e-bush|Meowscarada, F|100\/100\n|-end|p1a: Kingambit|fallen1|[silent]\n|switch|p1a: Ninetales|Ninetales-Alola, F|48\/100 brn\n|-damage|p1a: Ninetales|24\/100 brn|[from] Stealth Rock\n|\n|-weather|none\n|-damage|p1a: Ninetales|18\/100 brn|[from] brn\n|upkeep\n|turn|17\n|\n|t:|1700356221\n|move|p2a: e-bush|Flower Trick|p1a: Ninetales\n|-start|p2a: e-bush|typechange|Grass|[from] ability: Protean\n|-crit|p1a: Ninetales\n|-damage|p1a: Ninetales|0 fnt\n|faint|p1a: Ninetales\n|\n|upkeep\n|\n|t:|1700356224\n|switch|p1a: Maushold|Maushold|100\/100\n|-damage|p1a: Maushold|88\/100|[from] Stealth Rock\n|turn|18\n|\n|t:|1700356231\n|move|p2a: e-bush|Flower Trick|p1a: Maushold\n|-crit|p1a: Maushold\n|-damage|p1a: Maushold|0 fnt\n|faint|p1a: Maushold\n|\n|upkeep\n|\n|t:|1700356243\n|switch|p1a: Ceruledge|Ceruledge, M|100\/100\n|turn|19\n|\n|t:|1700356290\n|switch|p2a: bro|Hawlucha, F|100\/100\n|-ability|p2a: bro|Mold Breaker\n|move|p1a: Ceruledge|Bulk Up|p1a: Ceruledge\n|-boost|p1a: Ceruledge|atk|1\n|-boost|p1a: Ceruledge|def|1\n|\n|-sideend|p1: GUANGDONG TlGERS|move: Aurora Veil\n|upkeep\n|turn|20\n|\n|t:|1700356300\n|switch|p1a: Iron Valiant|Iron Valiant|100\/100\n|-damage|p1a: Iron Valiant|94\/100|[from] Stealth Rock\n|-enditem|p1a: Iron Valiant|Booster Energy\n|-activate|p1a: Iron Valiant|ability: Quark Drive|[fromitem]\n|-start|p1a: Iron Valiant|quarkdrivespe\n|move|p2a: bro|Encore||[still]\n|-fail|p2a: bro\n|\n|upkeep\n|turn|21\n|\n|t:|1700356310\n|switch|p2a: BUG|Scizor, M|100\/100\n|move|p1a: Iron Valiant|Calm Mind|p1a: Iron Valiant\n|-boost|p1a: Iron Valiant|spa|1\n|-boost|p1a: Iron Valiant|spd|1\n|\n|upkeep\n|turn|22\n|\n|t:|1700356319\n|move|p2a: BUG|Bullet Punch|p1a: Iron Valiant\n|-supereffective|p1a: Iron Valiant\n|-crit|p1a: Iron Valiant\n|-damage|p1a: Iron Valiant|0 fnt\n|faint|p1a: Iron Valiant\n|-end|p1a: Iron Valiant|Quark Drive|[silent]\n|\n|upkeep\n|\n|t:|1700356321\n|switch|p1a: Ceruledge|Ceruledge, M|100\/100\n|turn|23\n|\n|t:|1700356341\n|switch|p2a: gf fav|Vaporeon, M, shiny|79\/100\n|move|p1a: Ceruledge|Bulk Up|p1a: Ceruledge\n|-boost|p1a: Ceruledge|atk|1\n|-boost|p1a: Ceruledge|def|1\n|\n|upkeep\n|turn|24\n|\n|t:|1700356347\n|move|p1a: Ceruledge|Taunt|p2a: gf fav\n|-start|p2a: gf fav|move: Taunt\n|move|p2a: gf fav|Scald|p1a: Ceruledge\n|-supereffective|p1a: Ceruledge\n|-damage|p1a: Ceruledge|58\/100\n|\n|upkeep\n|turn|25\n|\n|t:|1700356353\n|-terastallize|p1a: Ceruledge|Bug\n|move|p1a: Ceruledge|Bulk Up|p1a: Ceruledge\n|-boost|p1a: Ceruledge|atk|1\n|-boost|p1a: Ceruledge|def|1\n|move|p2a: gf fav|Scald|p1a: Ceruledge\n|-damage|p1a: Ceruledge|36\/100\n|\n|upkeep\n|turn|26\n|\n|t:|1700356365\n|move|p1a: Ceruledge|Bitter Blade|p2a: gf fav\n|-resisted|p2a: gf fav\n|-damage|p2a: gf fav|38\/100\n|-heal|p1a: Ceruledge|62\/100|[from] drain|[of] p2a: gf fav\n|move|p2a: gf fav|Scald|p1a: Ceruledge\n|-damage|p1a: Ceruledge|40\/100\n|-status|p1a: Ceruledge|brn\n|\n|-damage|p1a: Ceruledge|34\/100 brn|[from] brn\n|-end|p2a: gf fav|move: Taunt\n|upkeep\n|turn|27\n|-message|GUANGDONG TlGERS forfeited.\n|\n|win|Roshino\n|raw|GUANGDONG TlGERS's rating: 1639 &rarr; <strong>1615<\/strong><br \/>(-24 for losing)\n|raw|Roshino's rating: 1577 &rarr; <strong>1601<\/strong><br \/>(+24 for winning)\n|l|\u2606GUANGDONG TlGERS\n|c|\u2606Roshino|ggs\n","uploadtime":1700356618,"views":29,"p1id":"guangdongtlgers","p2id":"roshino","formatid":"gen9ou","rating":1601,"private":0,"password":""}