{"id":"gen9ou-1993298584","p1":"yiwks","p2":"theheatlord","format":"[Gen 9] OU","log":"|j|\u2606yiwks\n|j|\u2606theheatlord\n|t:|1700293059\n|gametype|singles\n|player|p1|yiwks|102|1098\n|player|p2|theheatlord|hoopster|1104\n|teamsize|p1|6\n|teamsize|p2|6\n|gen|9\n|tier|[Gen 9] OU\n|rated|\n|rule|Sleep Clause Mod: Limit one foe put to sleep\n|rule|Species Clause: Limit one of each Pok\u00e9mon\n|rule|OHKO Clause: OHKO moves are banned\n|rule|Evasion Items Clause: Evasion items are banned\n|rule|Evasion Moves Clause: Evasion moves are banned\n|rule|Endless Battle Clause: Forcing endless battles is banned\n|rule|HP Percentage Mod: HP is shown in percentages\n|clearpoke\n|poke|p1|Tinkaton, F|\n|poke|p1|Forretress, M|\n|poke|p1|Lilligant-Hisui, F|\n|poke|p1|Tauros, M|\n|poke|p1|Torkoal, F|\n|poke|p1|Snorlax, M|\n|poke|p2|Pelipper, M|\n|poke|p2|Ludicolo, M|\n|poke|p2|Poliwrath, F|\n|poke|p2|Kingambit, M|\n|poke|p2|Quaquaval, F|\n|poke|p2|Overqwil, M|\n|teampreview\n|inactive|Battle timer is ON: inactive players will automatically lose when time's up. (requested by yiwks)\n|\n|t:|1700293076\n|start\n|switch|p1a: Forretress|Forretress, M|100\/100\n|switch|p2a: Quaquaval|Quaquaval, F, shiny|100\/100\n|turn|1\n|\n|t:|1700293086\n|move|p2a: Quaquaval|Aqua Step|p1a: Forretress\n|-damage|p1a: Forretress|71\/100\n|-boost|p2a: Quaquaval|spe|1\n|move|p1a: Forretress|Iron Defense|p1a: Forretress\n|-boost|p1a: Forretress|def|2\n|\n|upkeep\n|turn|2\n|\n|t:|1700293093\n|move|p2a: Quaquaval|Aqua Step|p1a: Forretress\n|-damage|p1a: Forretress|57\/100\n|-boost|p2a: Quaquaval|spe|1\n|move|p1a: Forretress|Rollout|p2a: Quaquaval\n|-resisted|p2a: Quaquaval\n|-damage|p2a: Quaquaval|97\/100\n|\n|-heal|p2a: Quaquaval|100\/100|[from] item: Leftovers\n|upkeep\n|turn|3\n|\n|t:|1700293101\n|move|p2a: Quaquaval|Close Combat|p1a: Forretress\n|-damage|p1a: Forretress|34\/100\n|-unboost|p2a: Quaquaval|def|1\n|-unboost|p2a: Quaquaval|spd|1\n|move|p1a: Forretress|Rollout|p2a: Quaquaval|[from]lockedmove\n|-resisted|p2a: Quaquaval\n|-damage|p2a: Quaquaval|84\/100\n|\n|-heal|p2a: Quaquaval|91\/100|[from] item: Leftovers\n|upkeep\n|turn|4\n|\n|t:|1700293110\n|move|p2a: Quaquaval|Close Combat|p1a: Forretress\n|-damage|p1a: Forretress|13\/100\n|-unboost|p2a: Quaquaval|def|1\n|-unboost|p2a: Quaquaval|spd|1\n|move|p1a: Forretress|Rollout|p2a: Quaquaval|[from]lockedmove\n|-resisted|p2a: Quaquaval\n|-damage|p2a: Quaquaval|47\/100\n|\n|-heal|p2a: Quaquaval|53\/100|[from] item: Leftovers\n|upkeep\n|turn|5\n|\n|t:|1700293119\n|move|p2a: Quaquaval|Aqua Step|p1a: Forretress\n|-damage|p1a: Forretress|0 fnt\n|-boost|p2a: Quaquaval|spe|1\n|faint|p1a: Forretress\n|-ability|p2a: Quaquaval|Moxie|boost\n|-boost|p2a: Quaquaval|atk|1\n|\n|-heal|p2a: Quaquaval|59\/100|[from] item: Leftovers\n|upkeep\n|\n|t:|1700293131\n|switch|p1a: Snorlax|Snorlax, M|100\/100\n|turn|6\n|\n|t:|1700293139\n|move|p2a: Quaquaval|Close Combat|p1a: Snorlax\n|-supereffective|p1a: Snorlax\n|-damage|p1a: Snorlax|0 fnt\n|-unboost|p2a: Quaquaval|def|1\n|-unboost|p2a: Quaquaval|spd|1\n|faint|p1a: Snorlax\n|-ability|p2a: Quaquaval|Moxie|boost\n|-boost|p2a: Quaquaval|atk|1\n|\n|-heal|p2a: Quaquaval|65\/100|[from] item: Leftovers\n|upkeep\n|\n|t:|1700293143\n|switch|p1a: Tinkaton|Tinkaton, F|100\/100\n|-ability|p1a: Tinkaton|Mold Breaker\n|turn|7\n|\n|t:|1700293151\n|-terastallize|p2a: Quaquaval|Fairy\n|move|p2a: Quaquaval|Close Combat|p1a: Tinkaton\n|-damage|p1a: Tinkaton|0 fnt\n|-unboost|p2a: Quaquaval|def|1\n|-unboost|p2a: Quaquaval|spd|1\n|faint|p1a: Tinkaton\n|-ability|p2a: Quaquaval|Moxie|boost\n|-boost|p2a: Quaquaval|atk|1\n|\n|-heal|p2a: Quaquaval|71\/100|[from] item: Leftovers\n|upkeep\n|-message|yiwks forfeited.\n|\n|win|theheatlord\n|raw|yiwks's rating: 1098 &rarr; <strong>1074<\/strong><br \/>(-24 for losing)\n|raw|theheatlord's rating: 1104 &rarr; <strong>1129<\/strong><br \/>(+25 for winning)\n|l|\u2606yiwks\n","uploadtime":1700293166,"views":11,"p1id":"yiwks","p2id":"theheatlord","formatid":"gen9ou","rating":1074,"private":0,"password":""}