{"id":"gen9ou-1992905353","p1":"carlity","p2":"08_nico","format":"[Gen 9] OU","log":"|j|\u2606carlity\n|j|\u260608_nico\n|t:|1700245601\n|gametype|singles\n|player|p1|carlity|lady-gen4|1245\n|player|p2|08_nico|265|1265\n|teamsize|p1|6\n|teamsize|p2|6\n|gen|9\n|tier|[Gen 9] OU\n|rated|\n|rule|Sleep Clause Mod: Limit one foe put to sleep\n|rule|Species Clause: Limit one of each Pok\u00e9mon\n|rule|OHKO Clause: OHKO moves are banned\n|rule|Evasion Items Clause: Evasion items are banned\n|rule|Evasion Moves Clause: Evasion moves are banned\n|rule|Endless Battle Clause: Forcing endless battles is banned\n|rule|HP Percentage Mod: HP is shown in percentages\n|clearpoke\n|poke|p1|Manaphy|\n|poke|p1|Zamazenta-*|\n|poke|p1|Rillaboom, F|\n|poke|p1|Ogerpon-Wellspring, F|\n|poke|p1|Heatran, F|\n|poke|p1|Sneasler, F|\n|poke|p2|Glimmora, M|\n|poke|p2|Trevenant, M|\n|poke|p2|Ribombee, M|\n|poke|p2|Arbok, M|\n|poke|p2|Toxapex, F|\n|poke|p2|Cinderace, M|\n|teampreview\n|\n|t:|1700245606\n|start\n|switch|p1a: Rillaboom|Rillaboom, F|100\/100\n|switch|p2a: Ribombee|Ribombee, M|100\/100\n|-fieldstart|move: Grassy Terrain|[from] ability: Grassy Surge|[of] p1a: Rillaboom\n|turn|1\n|\n|t:|1700245626\n|move|p1a: Rillaboom|Grassy Glide|p2a: Ribombee\n|-resisted|p2a: Ribombee\n|-damage|p2a: Ribombee|38\/100\n|move|p2a: Ribombee|Sticky Web|p1a: Rillaboom\n|-sidestart|p1: carlity|move: Sticky Web\n|\n|-heal|p2a: Ribombee|45\/100|[from] Grassy Terrain\n|upkeep\n|turn|2\n|\n|t:|1700245642\n|switch|p2a: Glimmora|Glimmora, M|100\/100\n|move|p1a: Rillaboom|Grassy Glide|p2a: Glimmora\n|-damage|p2a: Glimmora|29\/100\n|-damage|p1a: Rillaboom|84\/100|[from] item: Rocky Helmet|[of] p2a: Glimmora\n|-activate|p2a: Glimmora|ability: Toxic Debris\n|-sidestart|p1: carlity|move: Toxic Spikes\n|\n|-heal|p2a: Glimmora|35\/100|[from] Grassy Terrain\n|-heal|p1a: Rillaboom|90\/100|[from] Grassy Terrain\n|upkeep\n|turn|3\n|\n|t:|1700245655\n|move|p2a: Glimmora|Spiky Shield|p2a: Glimmora\n|-singleturn|p2a: Glimmora|move: Protect\n|move|p1a: Rillaboom|Grassy Glide|p2a: Glimmora\n|-activate|p2a: Glimmora|move: Protect\n|-damage|p1a: Rillaboom|78\/100|[from] Spiky Shield|[of] p2a: Glimmora\n|\n|-heal|p2a: Glimmora|41\/100|[from] Grassy Terrain\n|-heal|p1a: Rillaboom|84\/100|[from] Grassy Terrain\n|upkeep\n|turn|4\n|\n|t:|1700245673\n|switch|p2a: Trevenant|Trevenant, M|100\/100\n|move|p1a: Rillaboom|Grassy Glide|p2a: Trevenant\n|-resisted|p2a: Trevenant\n|-damage|p2a: Trevenant|69\/100\n|\n|-heal|p1a: Rillaboom|90\/100|[from] Grassy Terrain\n|-heal|p2a: Trevenant|75\/100|[from] Grassy Terrain\n|upkeep\n|turn|5\n|\n|t:|1700245686\n|switch|p1a: Heatran|Heatran, F|100\/100\n|-activate|p1a: Heatran|move: Sticky Web\n|-unboost|p1a: Heatran|spe|1\n|move|p2a: Trevenant|Substitute|p2a: Trevenant\n|-start|p2a: Trevenant|Substitute\n|-damage|p2a: Trevenant|50\/100\n|-enditem|p2a: Trevenant|Sitrus Berry|[eat]\n|-heal|p2a: Trevenant|75\/100|[from] item: Sitrus Berry\n|\n|-heal|p2a: Trevenant|81\/100|[from] Grassy Terrain\n|-fieldend|move: Grassy Terrain\n|upkeep\n|turn|6\n|\n|t:|1700245698\n|move|p1a: Heatran|Magma Storm|p2a: Trevenant\n|-supereffective|p2a: Trevenant\n|-end|p2a: Trevenant|Substitute\n|move|p2a: Trevenant|Leech Seed|p1a: Heatran\n|-start|p1a: Heatran|move: Leech Seed\n|\n|-damage|p1a: Heatran|88\/100|[from] Leech Seed|[of] p2a: Trevenant\n|-heal|p2a: Trevenant|92\/100|[silent]\n|upkeep\n|turn|7\n|\n|t:|1700245707\n|move|p2a: Trevenant|Protect|p2a: Trevenant\n|-singleturn|p2a: Trevenant|Protect\n|move|p1a: Heatran|Magma Storm|p2a: Trevenant\n|-activate|p2a: Trevenant|move: Protect\n|\n|-heal|p1a: Heatran|94\/100|[from] item: Leftovers\n|-damage|p1a: Heatran|82\/100|[from] Leech Seed|[of] p2a: Trevenant\n|-heal|p2a: Trevenant|100\/100|[silent]\n|upkeep\n|turn|8\n|\n|t:|1700245718\n|switch|p2a: Cinderace|Cinderace, M|100\/100\n|move|p1a: Heatran|Magma Storm|p2a: Cinderace\n|-resisted|p2a: Cinderace\n|-damage|p2a: Cinderace|63\/100\n|-activate|p2a: Cinderace|move: Magma Storm|[of] p1a: Heatran\n|\n|-heal|p1a: Heatran|88\/100|[from] item: Leftovers\n|-damage|p1a: Heatran|76\/100|[from] Leech Seed|[of] p2a: Cinderace\n|-heal|p2a: Cinderace|76\/100|[silent]\n|-damage|p2a: Cinderace|64\/100|[from] move: Magma Storm|[partiallytrapped]\n|upkeep\n|turn|9\n|\n|t:|1700245730\n|move|p1a: Heatran|Protect|p1a: Heatran\n|-singleturn|p1a: Heatran|Protect\n|move|p2a: Cinderace|Low Kick|p1a: Heatran\n|-start|p2a: Cinderace|typechange|Fighting|[from] ability: Libero\n|-activate|p1a: Heatran|move: Protect\n|\n|-heal|p1a: Heatran|82\/100|[from] item: Leftovers\n|-damage|p1a: Heatran|70\/100|[from] Leech Seed|[of] p2a: Cinderace\n|-heal|p2a: Cinderace|77\/100|[silent]\n|-damage|p2a: Cinderace|65\/100|[from] move: Magma Storm|[partiallytrapped]\n|upkeep\n|turn|10\n|\n|t:|1700245743\n|switch|p1a: Manaphy|Manaphy|100\/100\n|-activate|p1a: Manaphy|move: Sticky Web\n|-unboost|p1a: Manaphy|spe|1\n|-status|p1a: Manaphy|psn\n|move|p2a: Cinderace|Low Kick|p1a: Manaphy\n|-damage|p1a: Manaphy|94\/100 psn\n|\n|-heal|p1a: Manaphy|100\/100 psn|[from] item: Leftovers\n|-damage|p1a: Manaphy|88\/100 psn|[from] psn\n|-end|p2a: Cinderace|Magma Storm|[partiallytrapped]|[silent]\n|upkeep\n|turn|11\n|\n|t:|1700245761\n|move|p2a: Cinderace|Sucker Punch||[still]\n|-fail|p2a: Cinderace\n|move|p1a: Manaphy|Take Heart|p1a: Manaphy\n|-boost|p1a: Manaphy|spa|1\n|-boost|p1a: Manaphy|spd|1\n|-curestatus|p1a: Manaphy|psn|[msg]\n|\n|-heal|p1a: Manaphy|94\/100|[from] item: Leftovers\n|upkeep\n|turn|12\n|\n|t:|1700245774\n|move|p2a: Cinderace|Pyro Ball|p1a: Manaphy\n|-resisted|p1a: Manaphy\n|-damage|p1a: Manaphy|83\/100\n|move|p1a: Manaphy|Acid Armor|p1a: Manaphy\n|-boost|p1a: Manaphy|def|2\n|\n|-heal|p1a: Manaphy|89\/100|[from] item: Leftovers\n|upkeep\n|turn|13\n|\n|t:|1700245787\n|switch|p2a: Arbok|Arbok, M|100\/100\n|move|p1a: Manaphy|Take Heart|p1a: Manaphy\n|-boost|p1a: Manaphy|spa|1\n|-boost|p1a: Manaphy|spd|1\n|\n|-heal|p1a: Manaphy|95\/100|[from] item: Leftovers\n|upkeep\n|turn|14\n|\n|t:|1700245796\n|move|p2a: Arbok|Knock Off|p1a: Manaphy\n|-damage|p1a: Manaphy|86\/100\n|-enditem|p1a: Manaphy|Leftovers|[from] move: Knock Off|[of] p2a: Arbok\n|move|p1a: Manaphy|Take Heart|p1a: Manaphy\n|-boost|p1a: Manaphy|spa|1\n|-boost|p1a: Manaphy|spd|1\n|\n|upkeep\n|turn|15\n|\n|t:|1700245806\n|move|p2a: Arbok|Gunk Shot|p1a: Manaphy|[miss]\n|-miss|p2a: Arbok|p1a: Manaphy\n|move|p1a: Manaphy|Stored Power|p2a: Arbok\n|-supereffective|p2a: Arbok\n|-damage|p2a: Arbok|0 fnt\n|faint|p2a: Arbok\n|\n|upkeep\n|\n|t:|1700245822\n|switch|p2a: Glimmora|Glimmora, M|41\/100\n|turn|16\n|\n|t:|1700245827\n|move|p2a: Glimmora|Stealth Rock|p1a: Manaphy\n|-sidestart|p1: carlity|move: Stealth Rock\n|move|p1a: Manaphy|Stored Power|p2a: Glimmora\n|-supereffective|p2a: Glimmora\n|-crit|p2a: Glimmora\n|-damage|p2a: Glimmora|0 fnt\n|faint|p2a: Glimmora\n|\n|upkeep\n|\n|t:|1700245835\n|switch|p2a: Trevenant|Trevenant, M|100\/100\n|turn|17\n|\n|t:|1700245838\n|move|p1a: Manaphy|Stored Power|p2a: Trevenant\n|-damage|p2a: Trevenant|22\/100\n|move|p2a: Trevenant|Substitute|p2a: Trevenant\n|-fail|p2a: Trevenant|move: Substitute|[weak]\n|\n|upkeep\n|turn|18\n|c|\u2606carlity|gg\n|\n|t:|1700245848\n|move|p2a: Trevenant|Protect|p2a: Trevenant\n|-singleturn|p2a: Trevenant|Protect\n|move|p1a: Manaphy|Stored Power|p2a: Trevenant\n|-activate|p2a: Trevenant|move: Protect\n|\n|upkeep\n|turn|19\n|-message|08_nico forfeited.\n|\n|win|carlity\n|raw|carlity's rating: 1245 &rarr; <strong>1271<\/strong><br \/>(+26 for winning)\n|raw|08_nico's rating: 1265 &rarr; <strong>1239<\/strong><br \/>(-26 for losing)\n|l|\u260608_nico\n","uploadtime":1700245865,"views":10,"p1id":"carlity","p2id":"08nico","formatid":"gen9ou","rating":1239,"private":0,"password":""}