{"id":"gen9ou-1991218951","p1":"Shikalord1st","p2":"Tehe11010","format":"[Gen 9] OU","log":"|j|\u2606Shikalord1st\n|j|\u2606Tehe11010\n|t:|1700058339\n|gametype|singles\n|player|p1|Shikalord1st|silver|1000\n|player|p2|Tehe11010|170|1014\n|teamsize|p1|6\n|teamsize|p2|6\n|gen|9\n|tier|[Gen 9] OU\n|rated|\n|rule|Sleep Clause Mod: Limit one foe put to sleep\n|rule|Species Clause: Limit one of each Pok\u00e9mon\n|rule|OHKO Clause: OHKO moves are banned\n|rule|Evasion Items Clause: Evasion items are banned\n|rule|Evasion Moves Clause: Evasion moves are banned\n|rule|Endless Battle Clause: Forcing endless battles is banned\n|rule|HP Percentage Mod: HP is shown in percentages\n|clearpoke\n|poke|p1|Glimmora, M|\n|poke|p1|Meowscarada, M|\n|poke|p1|Kingambit, M|\n|poke|p1|Ceruledge, M|\n|poke|p1|Walking Wake|\n|poke|p1|Torkoal, M|\n|poke|p2|Gengar, F|\n|poke|p2|Corviknight, F|\n|poke|p2|Hatterene, F|\n|poke|p2|Ogerpon-Wellspring, F|\n|poke|p2|Cinderace, M|\n|poke|p2|Rillaboom, M|\n|teampreview\n|\n|t:|1700058345\n|start\n|switch|p1a: SHINY|Glimmora, M, shiny|100\/100\n|switch|p2a: Ogerpon|Ogerpon-Wellspring, F|100\/100\n|turn|1\n|\n|t:|1700058353\n|move|p2a: Ogerpon|Ivy Cudgel|p1a: SHINY|[anim] Ivy Cudgel Water\n|-supereffective|p1a: SHINY\n|-crit|p1a: SHINY\n|-damage|p1a: SHINY|0 fnt\n|-activate|p1a: SHINY|ability: Toxic Debris\n|-sidestart|p2: Tehe11010|move: Toxic Spikes\n|faint|p1a: SHINY\n|\n|upkeep\n|\n|t:|1700058370\n|switch|p1a: Torkoal|Torkoal, M, shiny|100\/100\n|-weather|SunnyDay|[from] ability: Drought|[of] p1a: Torkoal\n|turn|2\n|\n|t:|1700058377\n|move|p1a: Torkoal|Protect|p1a: Torkoal\n|-singleturn|p1a: Torkoal|Protect\n|move|p2a: Ogerpon|Ivy Cudgel|p1a: Torkoal|[anim] Ivy Cudgel Water\n|-activate|p1a: Torkoal|move: Protect\n|\n|-weather|SunnyDay|[upkeep]\n|upkeep\n|turn|3\n|\n|t:|1700058385\n|move|p2a: Ogerpon|Ivy Cudgel|p1a: Torkoal|[anim] Ivy Cudgel Water\n|-supereffective|p1a: Torkoal\n|-damage|p1a: Torkoal|64\/100\n|-enditem|p1a: Torkoal|Eject Button\n|\n|t:|1700058390\n|switch|p1a: Walking Wake|Walking Wake|100\/100\n|-activate|p1a: Walking Wake|ability: Protosynthesis\n|-start|p1a: Walking Wake|protosynthesisspa\n|\n|-weather|SunnyDay|[upkeep]\n|upkeep\n|turn|4\n|\n|t:|1700058416\n|switch|p2a: Gengar|Gengar, F|100\/100\n|-sideend|p2: Tehe11010|move: Toxic Spikes|[of] p2a: Gengar\n|move|p1a: Walking Wake|Flamethrower|p2a: Gengar\n|-damage|p2a: Gengar|0 fnt\n|faint|p2a: Gengar\n|\n|-weather|SunnyDay|[upkeep]\n|upkeep\n|\n|t:|1700058431\n|switch|p2a: Hatterene|Hatterene, F|100\/100\n|turn|5\n|\n|t:|1700058439\n|move|p1a: Walking Wake|Hydro Steam|p2a: Hatterene\n|-damage|p2a: Hatterene|16\/100\n|move|p2a: Hatterene|Dazzling Gleam|p1a: Walking Wake\n|-supereffective|p1a: Walking Wake\n|-damage|p1a: Walking Wake|0 fnt\n|faint|p1a: Walking Wake\n|-end|p1a: Walking Wake|Protosynthesis|[silent]\n|\n|-weather|SunnyDay|[upkeep]\n|-heal|p2a: Hatterene|22\/100|[from] item: Leftovers\n|upkeep\n|\n|t:|1700058453\n|switch|p1a: chainsaw man fr|Ceruledge, M, shiny|100\/100\n|turn|6\n|\n|t:|1700058477\n|switch|p2a: Ogerpon|Ogerpon-Wellspring, F|100\/100\n|move|p1a: chainsaw man fr|Bitter Blade|p2a: Ogerpon\n|-damage|p2a: Ogerpon|0 fnt\n|faint|p2a: Ogerpon\n|\n|-weather|none\n|upkeep\n|\n|t:|1700058487\n|switch|p2a: Cinderace|Cinderace, M|100\/100\n|turn|7\n|\n|t:|1700058504\n|move|p2a: Cinderace|Sucker Punch|p1a: chainsaw man fr\n|-start|p2a: Cinderace|typechange|Dark|[from] ability: Libero\n|-supereffective|p1a: chainsaw man fr\n|-damage|p1a: chainsaw man fr|7\/100\n|-enditem|p1a: chainsaw man fr|Aguav Berry|[eat]\n|-heal|p1a: chainsaw man fr|41\/100|[from] item: Aguav Berry\n|move|p1a: chainsaw man fr|Close Combat|p2a: Cinderace\n|-supereffective|p2a: Cinderace\n|-damage|p2a: Cinderace|0 fnt\n|-unboost|p1a: chainsaw man fr|def|1\n|-unboost|p1a: chainsaw man fr|spd|1\n|faint|p2a: Cinderace\n|\n|upkeep\n|\n|t:|1700058517\n|switch|p2a: Corviknight|Corviknight, F|100\/100\n|turn|8\n|\n|t:|1700058530\n|switch|p2a: Rillaboom|Rillaboom, M|100\/100\n|-fieldstart|move: Grassy Terrain|[from] ability: Grassy Surge|[of] p2a: Rillaboom\n|move|p1a: chainsaw man fr|Bitter Blade|p2a: Rillaboom\n|-supereffective|p2a: Rillaboom\n|-damage|p2a: Rillaboom|0 fnt\n|-heal|p1a: chainsaw man fr|99\/100|[from] drain|[of] p2a: Rillaboom\n|faint|p2a: Rillaboom\n|\n|-heal|p1a: chainsaw man fr|100\/100|[from] Grassy Terrain\n|upkeep\n|-message|Tehe11010 forfeited.\n|\n|win|Shikalord1st\n|raw|Shikalord1st's rating: 1000 &rarr; <strong>1042<\/strong><br \/>(+42 for winning)\n|raw|Tehe11010's rating: 1014 &rarr; <strong>1001<\/strong><br \/>(-13 for losing)\n|l|\u2606Tehe11010\n|c|\u2606Shikalord1st|He will advenge the dead homies\n","uploadtime":1700058556,"views":23,"p1id":"shikalord1st","p2id":"tehe11010","formatid":"gen9ou","rating":1001,"private":0,"password":""}