{"id":"gen9ou-1992017435","p1":"AllegianceIs2UrMom","p2":"tu es tu","format":"[Gen 9] OU","log":"|j|\u2606AllegianceIs2UrMom\n|j|\u2606tu es tu\n|t:|1700148086\n|gametype|singles\n|player|p1|AllegianceIs2UrMom|101|1146\n|player|p2|tu es tu|brycen|1257\n|teamsize|p1|6\n|teamsize|p2|6\n|gen|9\n|tier|[Gen 9] OU\n|rated|\n|rule|Sleep Clause Mod: Limit one foe put to sleep\n|rule|Species Clause: Limit one of each Pok\u00e9mon\n|rule|OHKO Clause: OHKO moves are banned\n|rule|Evasion Items Clause: Evasion items are banned\n|rule|Evasion Moves Clause: Evasion moves are banned\n|rule|Endless Battle Clause: Forcing endless battles is banned\n|rule|HP Percentage Mod: HP is shown in percentages\n|clearpoke\n|poke|p1|Pelipper, F|\n|poke|p1|Barraskewda, M|\n|poke|p1|Basculegion-F, F|\n|poke|p1|Zapdos|\n|poke|p1|Iron Treads|\n|poke|p1|Amoonguss, F|\n|poke|p2|Toxtricity, M|\n|poke|p2|Ting-Lu|\n|poke|p2|Hatterene, F|\n|poke|p2|Maushold-Four|\n|poke|p2|Ogerpon-Wellspring, F|\n|poke|p2|Ceruledge, M|\n|teampreview\n|inactive|Battle timer is ON: inactive players will automatically lose when time's up. (requested by tu es tu)\n|\n|t:|1700148092\n|start\n|switch|p1a: Barraskewda|Barraskewda, M|100\/100\n|switch|p2a: Ting-Lu|Ting-Lu|100\/100\n|-ability|p2a: Ting-Lu|Vessel of Ruin\n|turn|1\n|\n|t:|1700148095\n|-terastallize|p1a: Barraskewda|Water\n|move|p1a: Barraskewda|Liquidation|p2a: Ting-Lu\n|-supereffective|p2a: Ting-Lu\n|-damage|p2a: Ting-Lu|10\/100\n|-unboost|p2a: Ting-Lu|def|1\n|move|p2a: Ting-Lu|Stealth Rock|p1a: Barraskewda\n|-sidestart|p1: AllegianceIs2UrMom|move: Stealth Rock\n|\n|-heal|p2a: Ting-Lu|16\/100|[from] item: Leftovers\n|upkeep\n|turn|2\n|\n|t:|1700148103\n|switch|p1a: Iron Treads|Iron Treads|100\/100\n|-damage|p1a: Iron Treads|97\/100|[from] Stealth Rock\n|switch|p2a: Ogerpon|Ogerpon-Wellspring, F|100\/100\n|\n|-heal|p1a: Iron Treads|100\/100|[from] item: Leftovers\n|upkeep\n|turn|3\n|\n|t:|1700148110\n|switch|p2a: Ceruledge|Ceruledge, M|100\/100\n|move|p1a: Iron Treads|Rapid Spin|p2a: Ceruledge\n|-immune|p2a: Ceruledge\n|\n|upkeep\n|turn|4\n|\n|t:|1700148116\n|move|p1a: Iron Treads|Stealth Rock|p2a: Ceruledge\n|-sidestart|p2: tu es tu|move: Stealth Rock\n|move|p2a: Ceruledge|Swords Dance|p2a: Ceruledge\n|-boost|p2a: Ceruledge|atk|2\n|\n|upkeep\n|turn|5\n|\n|t:|1700148120\n|-end|p1a: Iron Treads|Quark Drive|[silent]\n|switch|p1a: Zapdos|Zapdos|100\/100\n|-damage|p1a: Zapdos|76\/100|[from] Stealth Rock\n|move|p2a: Ceruledge|Swords Dance|p2a: Ceruledge\n|-boost|p2a: Ceruledge|atk|2\n|\n|upkeep\n|turn|6\n|\n|t:|1700148125\n|move|p1a: Zapdos|Volt Switch|p2a: Ceruledge\n|-damage|p2a: Ceruledge|54\/100\n|\n|t:|1700148130\n|switch|p1a: Iron Treads|Iron Treads|100\/100|[from] Volt Switch\n|-damage|p1a: Iron Treads|97\/100|[from] Stealth Rock\n|move|p2a: Ceruledge|Poltergeist|p1a: Iron Treads\n|-activate|p1a: Iron Treads|move: Poltergeist|Leftovers\n|-damage|p1a: Iron Treads|0 fnt\n|faint|p1a: Iron Treads\n|-end|p1a: Iron Treads|Quark Drive|[silent]\n|\n|upkeep\n|\n|t:|1700148138\n|switch|p1a: Barraskewda|Barraskewda, M, tera:Water|100\/100\n|-damage|p1a: Barraskewda|88\/100|[from] Stealth Rock\n|turn|7\n|\n|t:|1700148145\n|-terastallize|p2a: Ceruledge|Ghost\n|move|p2a: Ceruledge|Shadow Sneak|p1a: Barraskewda\n|-damage|p1a: Barraskewda|0 fnt\n|faint|p1a: Barraskewda\n|\n|upkeep\n|\n|t:|1700148153\n|switch|p1a: Pelipper|Pelipper, F|100\/100\n|-damage|p1a: Pelipper|75\/100|[from] Stealth Rock\n|-weather|RainDance|[from] ability: Drizzle|[of] p1a: Pelipper\n|turn|8\n|\n|t:|1700148158\n|move|p2a: Ceruledge|Poltergeist|p1a: Pelipper|[miss]\n|-miss|p2a: Ceruledge|p1a: Pelipper\n|move|p1a: Pelipper|Surf|p2a: Ceruledge\n|-damage|p2a: Ceruledge|6\/100\n|\n|-weather|RainDance|[upkeep]\n|upkeep\n|turn|9\n|\n|t:|1700148165\n|move|p2a: Ceruledge|Poltergeist|p1a: Pelipper\n|-activate|p1a: Pelipper|move: Poltergeist|Damp Rock\n|-damage|p1a: Pelipper|0 fnt\n|faint|p1a: Pelipper\n|\n|-weather|RainDance|[upkeep]\n|upkeep\n|\n|t:|1700148166\n|switch|p1a: Basculegion|Basculegion-F, F|100\/100\n|-damage|p1a: Basculegion|88\/100|[from] Stealth Rock\n|turn|10\n|\n|t:|1700148169\n|move|p1a: Basculegion|Aqua Jet|p2a: Ceruledge\n|-damage|p2a: Ceruledge|0 fnt\n|faint|p2a: Ceruledge\n|\n|-weather|RainDance|[upkeep]\n|upkeep\n|\n|t:|1700148176\n|switch|p2a: Ogerpon|Ogerpon-Wellspring, F|100\/100\n|-damage|p2a: Ogerpon|88\/100|[from] Stealth Rock\n|turn|11\n|\n|t:|1700148183\n|switch|p1a: Amoonguss|Amoonguss, F|100\/100\n|-damage|p1a: Amoonguss|88\/100|[from] Stealth Rock\n|move|p2a: Ogerpon|Swords Dance|p2a: Ogerpon\n|-boost|p2a: Ogerpon|atk|2\n|\n|-weather|RainDance|[upkeep]\n|upkeep\n|turn|12\n|\n|t:|1700148188\n|move|p2a: Ogerpon|Ivy Cudgel|p1a: Amoonguss|[anim] Ivy Cudgel Water\n|-resisted|p1a: Amoonguss\n|-damage|p1a: Amoonguss|9\/100\n|-enditem|p1a: Amoonguss|Eject Button\n|\n|t:|1700148192\n|switch|p1a: Zapdos|Zapdos|76\/100\n|-damage|p1a: Zapdos|51\/100|[from] Stealth Rock\n|\n|-weather|RainDance|[upkeep]\n|upkeep\n|turn|13\n|\n|t:|1700148196\n|move|p1a: Zapdos|Hurricane|p2a: Ogerpon\n|-supereffective|p2a: Ogerpon\n|-damage|p2a: Ogerpon|0 fnt\n|faint|p2a: Ogerpon\n|\n|-weather|RainDance|[upkeep]\n|upkeep\n|-message|AllegianceIs2UrMom forfeited.\n|\n|win|tu es tu\n|raw|AllegianceIs2UrMom's rating: 1146 &rarr; <strong>1129<\/strong><br \/>(-17 for losing)\n|raw|tu es tu's rating: 1257 &rarr; <strong>1274<\/strong><br \/>(+17 for winning)\n|l|\u2606AllegianceIs2UrMom\n","uploadtime":1700148208,"views":8,"p1id":"allegianceis2urmom","p2id":"tuestu","formatid":"gen9ou","rating":1129,"private":0,"password":""}