{"id":"gen9ou-1996809775","p1":"JachiMalz","p2":"jmiguel_1307","format":"[Gen 9] OU","log":"|j|\u2606JachiMalz\n|j|\u2606jmiguel_1307\n|t:|1700728944\n|gametype|singles\n|player|p1|JachiMalz|rocketgruntf|1329\n|player|p2|jmiguel_1307|101|1324\n|teamsize|p1|6\n|teamsize|p2|6\n|gen|9\n|tier|[Gen 9] OU\n|rated|\n|rule|Sleep Clause Mod: Limit one foe put to sleep\n|rule|Species Clause: Limit one of each Pok\u00e9mon\n|rule|OHKO Clause: OHKO moves are banned\n|rule|Evasion Items Clause: Evasion items are banned\n|rule|Evasion Moves Clause: Evasion moves are banned\n|rule|Endless Battle Clause: Forcing endless battles is banned\n|rule|HP Percentage Mod: HP is shown in percentages\n|clearpoke\n|poke|p1|Arcanine-Hisui, F|\n|poke|p1|Enamorus, F|\n|poke|p1|Great Tusk|\n|poke|p1|Slowking-Galar, F|\n|poke|p1|Weavile, F|\n|poke|p1|Hawlucha, M|\n|poke|p2|Garganacl, F|\n|poke|p2|Gholdengo|\n|poke|p2|Great Tusk|\n|poke|p2|Zamazenta-*|\n|poke|p2|Masquerain, F|\n|poke|p2|Jolteon, M|\n|teampreview\n|\n|t:|1700728949\n|start\n|switch|p1a: Arcanine|Arcanine-Hisui, F|100\/100\n|switch|p2a: Masquerain|Masquerain, F|100\/100\n|-item|p1a: Arcanine|Air Balloon\n|-ability|p2a: Masquerain|Intimidate|boost\n|-unboost|p1a: Arcanine|atk|1\n|turn|1\n|\n|t:|1700728953\n|move|p1a: Arcanine|Flame Charge|p2a: Masquerain\n|-supereffective|p2a: Masquerain\n|-damage|p2a: Masquerain|50\/100\n|-boost|p1a: Arcanine|spe|1\n|move|p2a: Masquerain|Sticky Web|p1a: Arcanine\n|-sidestart|p1: JachiMalz|move: Sticky Web\n|\n|upkeep\n|turn|2\n|\n|t:|1700728975\n|switch|p2a: Garganacl|Garganacl, F|100\/100\n|move|p1a: Arcanine|Flare Blitz|p2a: Garganacl\n|-resisted|p2a: Garganacl\n|-crit|p2a: Garganacl\n|-damage|p2a: Garganacl|71\/100\n|\n|-heal|p2a: Garganacl|77\/100|[from] item: Leftovers\n|upkeep\n|turn|3\n|\n|t:|1700728981\n|switch|p1a: Slowking|Slowking-Galar, F|100\/100\n|-activate|p1a: Slowking|move: Sticky Web\n|-unboost|p1a: Slowking|spe|1\n|move|p2a: Garganacl|Salt Cure|p1a: Slowking\n|-damage|p1a: Slowking|86\/100\n|-start|p1a: Slowking|Salt Cure\n|\n|-heal|p2a: Garganacl|83\/100|[from] item: Leftovers\n|-damage|p1a: Slowking|73\/100|[from] Salt Cure\n|upkeep\n|turn|4\n|\n|t:|1700728991\n|move|p2a: Garganacl|Iron Defense|p2a: Garganacl\n|-boost|p2a: Garganacl|def|2\n|move|p1a: Slowking|Chilly Reception|p1a: Slowking\n|-weather|Snow\n|\n|t:|1700728995\n|switch|p1a: Enamorus|Enamorus, F|100\/100|[from] Chilly Reception\n|\n|-weather|Snow|[upkeep]\n|-heal|p2a: Garganacl|89\/100|[from] item: Leftovers\n|upkeep\n|turn|5\n|\n|t:|1700728998\n|-terastallize|p1a: Enamorus|Fairy\n|move|p1a: Enamorus|Substitute|p1a: Enamorus\n|-start|p1a: Enamorus|Substitute\n|-damage|p1a: Enamorus|76\/100\n|move|p2a: Garganacl|Salt Cure|p1a: Enamorus\n|-activate|p1a: Enamorus|move: Substitute|[damage]\n|\n|-weather|Snow|[upkeep]\n|-heal|p1a: Enamorus|82\/100|[from] item: Leftovers\n|-heal|p2a: Garganacl|96\/100|[from] item: Leftovers\n|upkeep\n|turn|6\n|\n|t:|1700729001\n|move|p1a: Enamorus|Calm Mind|p1a: Enamorus\n|-boost|p1a: Enamorus|spa|1\n|-boost|p1a: Enamorus|spd|1\n|move|p2a: Garganacl|Salt Cure|p1a: Enamorus\n|-end|p1a: Enamorus|Substitute\n|\n|-weather|Snow|[upkeep]\n|-heal|p1a: Enamorus|88\/100|[from] item: Leftovers\n|-heal|p2a: Garganacl|100\/100|[from] item: Leftovers\n|upkeep\n|turn|7\n|\n|t:|1700729009\n|switch|p2a: Jolteon|Jolteon, M|100\/100\n|move|p1a: Enamorus|Substitute|p1a: Enamorus\n|-start|p1a: Enamorus|Substitute\n|-damage|p1a: Enamorus|63\/100\n|\n|-weather|Snow|[upkeep]\n|-heal|p1a: Enamorus|69\/100|[from] item: Leftovers\n|upkeep\n|turn|8\n|\n|t:|1700729015\n|move|p2a: Jolteon|Volt Switch|p1a: Enamorus\n|-end|p1a: Enamorus|Substitute\n|\n|t:|1700729018\n|switch|p2a: Gholdengo|Gholdengo|100\/100|[from] Volt Switch\n|move|p1a: Enamorus|Moonblast|p2a: Gholdengo\n|-resisted|p2a: Gholdengo\n|-damage|p2a: Gholdengo|40\/100\n|\n|-weather|none\n|-heal|p1a: Enamorus|76\/100|[from] item: Leftovers\n|upkeep\n|turn|9\n|\n|t:|1700729026\n|switch|p1a: Slowking|Slowking-Galar, F|100\/100\n|-activate|p1a: Slowking|move: Sticky Web\n|-unboost|p1a: Slowking|spe|1\n|move|p2a: Gholdengo|Make It Rain|p1a: Slowking\n|-damage|p1a: Slowking|62\/100\n|-unboost|p2a: Gholdengo|spa|1\n|\n|upkeep\n|turn|10\n|\n|t:|1700729031\n|switch|p2a: Jolteon|Jolteon, M|100\/100\n|move|p1a: Slowking|Chilly Reception|p1a: Slowking\n|-weather|Snow\n|\n|t:|1700729035\n|switch|p1a: Great Tusk|Great Tusk|100\/100|[from] Chilly Reception\n|-activate|p1a: Great Tusk|move: Sticky Web\n|-unboost|p1a: Great Tusk|spe|1\n|\n|-weather|Snow|[upkeep]\n|upkeep\n|turn|11\n|\n|t:|1700729042\n|switch|p2a: Masquerain|Masquerain, F|50\/100\n|-ability|p2a: Masquerain|Intimidate|boost\n|-unboost|p1a: Great Tusk|atk|1\n|move|p1a: Great Tusk|Knock Off|p2a: Masquerain\n|-damage|p2a: Masquerain|21\/100\n|-enditem|p2a: Masquerain|Focus Sash|[from] move: Knock Off|[of] p1a: Great Tusk\n|\n|-weather|Snow|[upkeep]\n|upkeep\n|turn|12\n|\n|t:|1700729045\n|move|p2a: Masquerain|Stun Spore|p1a: Great Tusk\n|-status|p1a: Great Tusk|par\n|move|p1a: Great Tusk|Rapid Spin|p2a: Masquerain\n|-damage|p2a: Masquerain|7\/100\n|-boost|p1a: Great Tusk|spe|1\n|-sideend|p1: JachiMalz|Sticky Web|[from] move: Rapid Spin|[of] p1a: Great Tusk\n|\n|-weather|Snow|[upkeep]\n|upkeep\n|turn|13\n|\n|t:|1700729050\n|move|p2a: Masquerain|Air Slash|p1a: Great Tusk\n|-supereffective|p1a: Great Tusk\n|-damage|p1a: Great Tusk|63\/100 par\n|move|p1a: Great Tusk|Rapid Spin|p2a: Masquerain\n|-damage|p2a: Masquerain|0 fnt\n|-boost|p1a: Great Tusk|spe|1\n|faint|p2a: Masquerain\n|\n|-weather|Snow|[upkeep]\n|upkeep\n|\n|t:|1700729061\n|switch|p2a: Zamazenta|Zamazenta|100\/100\n|-ability|p2a: Zamazenta|Dauntless Shield|boost\n|-boost|p2a: Zamazenta|def|1\n|turn|14\n|\n|t:|1700729065\n|-end|p1a: Great Tusk|Protosynthesis|[silent]\n|switch|p1a: Hawlucha|Hawlucha, M|100\/100\n|move|p2a: Zamazenta|Iron Defense|p2a: Zamazenta\n|-boost|p2a: Zamazenta|def|2\n|-enditem|p1a: Hawlucha|Mirror Herb\n|-boost|p1a: Hawlucha|def|2|[from] item: Mirror Herb\n|\n|-weather|none\n|upkeep\n|turn|15\n|\n|t:|1700729075\n|move|p1a: Hawlucha|Swords Dance|p1a: Hawlucha\n|-boost|p1a: Hawlucha|atk|2\n|move|p2a: Zamazenta|Iron Defense|p2a: Zamazenta\n|-boost|p2a: Zamazenta|def|2\n|\n|upkeep\n|turn|16\n|\n|t:|1700729082\n|move|p1a: Hawlucha|Swords Dance|p1a: Hawlucha\n|-boost|p1a: Hawlucha|atk|2\n|move|p2a: Zamazenta|Trailblaze|p1a: Hawlucha\n|-resisted|p1a: Hawlucha\n|-damage|p1a: Hawlucha|96\/100\n|-boost|p2a: Zamazenta|spe|1\n|\n|upkeep\n|turn|17\n|\n|t:|1700729084\n|move|p1a: Hawlucha|Swords Dance|p1a: Hawlucha\n|-boost|p1a: Hawlucha|atk|2\n|move|p2a: Zamazenta|Body Press|p1a: Hawlucha\n|-resisted|p1a: Hawlucha\n|-damage|p1a: Hawlucha|54\/100\n|\n|upkeep\n|turn|18\n|\n|t:|1700729086\n|move|p1a: Hawlucha|Acrobatics|p2a: Zamazenta\n|-supereffective|p2a: Zamazenta\n|-damage|p2a: Zamazenta|0 fnt\n|faint|p2a: Zamazenta\n|\n|upkeep\n|\n|t:|1700729091\n|switch|p2a: Gholdengo|Gholdengo|40\/100\n|turn|19\n|\n|t:|1700729094\n|move|p1a: Hawlucha|Acrobatics|p2a: Gholdengo\n|-resisted|p2a: Gholdengo\n|-damage|p2a: Gholdengo|0 fnt\n|faint|p2a: Gholdengo\n|\n|upkeep\n|\n|t:|1700729097\n|switch|p2a: Garganacl|Garganacl, F|100\/100\n|turn|20\n|\n|t:|1700729100\n|move|p1a: Hawlucha|Flying Press|p2a: Garganacl\n|-damage|p2a: Garganacl|0 fnt\n|faint|p2a: Garganacl\n|\n|upkeep\n|-message|jmiguel_1307 forfeited.\n|\n|win|JachiMalz\n|raw|JachiMalz's rating: 1329 &rarr; <strong>1349<\/strong><br \/>(+20 for winning)\n|raw|jmiguel_1307's rating: 1324 &rarr; <strong>1304<\/strong><br \/>(-20 for losing)\n|l|\u2606jmiguel_1307\n","uploadtime":1700729110,"views":3,"p1id":"jachimalz","p2id":"jmiguel1307","formatid":"gen9ou","rating":1304,"private":0,"password":""}