{"id":"gen9ou-1997821643","p1":"Zarross","p2":"axoubibou","format":"[Gen 9] OU","log":"|j|\u2606Zarross\n|j|\u2606axoubibou\n|t:|1700856373\n|gametype|singles\n|player|p1|Zarross|saturn|\n|player|p2|axoubibou|guitarist|\n|teamsize|p1|6\n|teamsize|p2|6\n|gen|9\n|tier|[Gen 9] OU\n|rule|Sleep Clause Mod: Limit one foe put to sleep\n|rule|Species Clause: Limit one of each Pok\u00e9mon\n|rule|OHKO Clause: OHKO moves are banned\n|rule|Evasion Items Clause: Evasion items are banned\n|rule|Evasion Moves Clause: Evasion moves are banned\n|rule|Endless Battle Clause: Forcing endless battles is banned\n|rule|HP Percentage Mod: HP is shown in percentages\n|clearpoke\n|poke|p1|Wigglytuff, M|\n|poke|p1|Magcargo, M|\n|poke|p1|Torkoal, M|\n|poke|p1|Cacturne, F|\n|poke|p1|Lucario, M|\n|poke|p1|Bronzong|\n|poke|p2|Wugtrio, M|\n|poke|p2|Quagsire, M|\n|poke|p2|Tropius, F|\n|poke|p2|Camerupt, F|\n|poke|p2|Toedscruel, F|\n|poke|p2|Rotom|\n|teampreview\n|inactive|Battle timer is ON: inactive players will automatically lose when time's up. (requested by Zarross)\n|inactive|axoubibou also wants the timer to be on.\n|\n|t:|1700856389\n|start\n|switch|p1a: Wigglytuff|Wigglytuff, M, shiny|100\/100\n|switch|p2a: Camerupt|Camerupt, F|100\/100\n|turn|1\n|\n|t:|1700856394\n|move|p2a: Camerupt|Yawn|p1a: Wigglytuff\n|-start|p1a: Wigglytuff|move: Yawn|[of] p2a: Camerupt\n|move|p1a: Wigglytuff|Light Screen|p1a: Wigglytuff\n|-sidestart|p1: Zarross|move: Light Screen\n|\n|upkeep\n|turn|2\n|\n|t:|1700856398\n|switch|p1a: Cacturne|Cacturne, F, shiny|100\/100\n|move|p2a: Camerupt|Stealth Rock|p1a: Cacturne\n|-sidestart|p1: Zarross|move: Stealth Rock\n|\n|upkeep\n|turn|3\n|\n|t:|1700856413\n|-terastallize|p2a: Camerupt|Grass\n|move|p1a: Cacturne|Switcheroo|p2a: Camerupt\n|-activate|p1a: Cacturne|move: Trick|[of] p2a: Camerupt\n|-item|p2a: Camerupt|Choice Scarf|[from] move: Switcheroo\n|-item|p1a: Cacturne|Leftovers|[from] move: Switcheroo\n|move|p2a: Camerupt|Lava Plume|p1a: Cacturne\n|-supereffective|p1a: Cacturne\n|-damage|p1a: Cacturne|45\/100\n|\n|-heal|p1a: Cacturne|51\/100|[from] item: Leftovers\n|upkeep\n|turn|4\n|\n|t:|1700856420\n|switch|p1a: Magcargo|Magcargo, M, shiny|100\/100\n|-damage|p1a: Magcargo|76\/100|[from] Stealth Rock\n|move|p2a: Camerupt|Lava Plume|p1a: Magcargo\n|-resisted|p1a: Magcargo\n|-damage|p1a: Magcargo|70\/100\n|\n|upkeep\n|turn|5\n|\n|t:|1700856439\n|switch|p2a: Quagsire|Quagsire, M|100\/100\n|move|p1a: Magcargo|Shell Smash|p1a: Magcargo\n|-unboost|p1a: Magcargo|def|1\n|-unboost|p1a: Magcargo|spd|1\n|-boost|p1a: Magcargo|atk|2\n|-boost|p1a: Magcargo|spa|2\n|-boost|p1a: Magcargo|spe|2\n|-enditem|p1a: Magcargo|White Herb\n|-clearnegativeboost|p1a: Magcargo|[silent]\n|\n|upkeep\n|turn|6\n|\n|t:|1700856448\n|switch|p1a: Cacturne|Cacturne, F, shiny|51\/100\n|-damage|p1a: Cacturne|38\/100|[from] Stealth Rock\n|move|p2a: Quagsire|Earthquake|p1a: Cacturne\n|-resisted|p1a: Cacturne\n|-crit|p1a: Cacturne\n|-damage|p1a: Cacturne|0 fnt\n|faint|p1a: Cacturne\n|\n|upkeep\n|\n|t:|1700856457\n|switch|p1a: Torkoal|Torkoal, M, shiny|100\/100\n|-damage|p1a: Torkoal|76\/100|[from] Stealth Rock\n|-weather|SunnyDay|[from] ability: Drought|[of] p1a: Torkoal\n|turn|7\n|\n|t:|1700856462\n|move|p2a: Quagsire|Earthquake|p1a: Torkoal\n|-supereffective|p1a: Torkoal\n|-damage|p1a: Torkoal|42\/100\n|move|p1a: Torkoal|Rapid Spin|p2a: Quagsire\n|-damage|p2a: Quagsire|93\/100\n|-boost|p1a: Torkoal|spe|1\n|-sideend|p1: Zarross|Stealth Rock|[from] move: Rapid Spin|[of] p1a: Torkoal\n|\n|-weather|SunnyDay|[upkeep]\n|-heal|p2a: Quagsire|99\/100|[from] item: Leftovers\n|upkeep\n|turn|8\n|\n|t:|1700856465\n|move|p2a: Quagsire|Earthquake|p1a: Torkoal\n|-supereffective|p1a: Torkoal\n|-damage|p1a: Torkoal|9\/100\n|move|p1a: Torkoal|Solar Beam||[still]\n|-prepare|p1a: Torkoal|Solar Beam\n|-anim|p1a: Torkoal|Solar Beam|p2a: Quagsire\n|-supereffective|p2a: Quagsire\n|-damage|p2a: Quagsire|0 fnt\n|faint|p2a: Quagsire\n|\n|-weather|SunnyDay|[upkeep]\n|-sideend|p1: Zarross|move: Light Screen\n|upkeep\n|\n|t:|1700856477\n|switch|p2a: Wugtrio|Wugtrio, M|100\/100\n|turn|9\n|\n|t:|1700856485\n|switch|p1a: Bronzong|Bronzong, shiny|100\/100\n|move|p2a: Wugtrio|Stomping Tantrum|p1a: Bronzong\n|-supereffective|p1a: Bronzong\n|-damage|p1a: Bronzong|40\/100\n|\n|-weather|SunnyDay|[upkeep]\n|-heal|p1a: Bronzong|46\/100|[from] item: Leftovers\n|upkeep\n|turn|10\n|\n|t:|1700856500\n|move|p2a: Wugtrio|Stomping Tantrum|p1a: Bronzong\n|-supereffective|p1a: Bronzong\n|-damage|p1a: Bronzong|0 fnt\n|faint|p1a: Bronzong\n|\n|-weather|SunnyDay|[upkeep]\n|upkeep\n|\n|t:|1700856502\n|switch|p1a: Wigglytuff|Wigglytuff, M, shiny|100\/100\n|turn|11\n|\n|t:|1700856510\n|switch|p2a: Rotom|Rotom|100\/100\n|move|p1a: Wigglytuff|Reflect|p1a: Wigglytuff\n|-sidestart|p1: Zarross|Reflect\n|\n|-weather|SunnyDay|[upkeep]\n|upkeep\n|turn|12\n|\n|t:|1700856523\n|move|p2a: Rotom|Trick|p1a: Wigglytuff\n|-activate|p2a: Rotom|move: Trick|[of] p1a: Wigglytuff\n|-item|p1a: Wigglytuff|Choice Scarf|[from] move: Trick\n|-item|p2a: Rotom|Light Clay|[from] move: Trick\n|move|p1a: Wigglytuff|Dazzling Gleam|p2a: Rotom\n|-damage|p2a: Rotom|61\/100\n|\n|-weather|SunnyDay|[upkeep]\n|upkeep\n|turn|13\n|\n|t:|1700856532\n|move|p2a: Rotom|Volt Switch|p1a: Wigglytuff\n|-damage|p1a: Wigglytuff|77\/100\n|\n|t:|1700856536\n|switch|p2a: Camerupt|Camerupt, F, tera:Grass|100\/100|[from] Volt Switch\n|move|p1a: Wigglytuff|Dazzling Gleam|p2a: Camerupt\n|-crit|p2a: Camerupt\n|-damage|p2a: Camerupt|69\/100\n|\n|-weather|SunnyDay|[upkeep]\n|upkeep\n|turn|14\n|\n|t:|1700856546\n|switch|p1a: Torkoal|Torkoal, M, shiny|9\/100\n|move|p2a: Camerupt|Yawn|p1a: Torkoal\n|-start|p1a: Torkoal|move: Yawn|[of] p2a: Camerupt\n|\n|-weather|none\n|upkeep\n|turn|15\n|\n|t:|1700856554\n|switch|p2a: Wugtrio|Wugtrio, M|100\/100\n|move|p1a: Torkoal|Lava Plume|p2a: Wugtrio\n|-resisted|p2a: Wugtrio\n|-damage|p2a: Wugtrio|75\/100\n|-status|p2a: Wugtrio|brn\n|\n|-damage|p2a: Wugtrio|69\/100 brn|[from] brn\n|-end|p1a: Torkoal|move: Yawn|[silent]\n|-status|p1a: Torkoal|slp\n|upkeep\n|turn|16\n|\n|t:|1700856580\n|move|p2a: Wugtrio|Triple Dive|p1a: Torkoal\n|-supereffective|p1a: Torkoal\n|-damage|p1a: Torkoal|3\/100 slp\n|-supereffective|p1a: Torkoal\n|-damage|p1a: Torkoal|0 fnt\n|faint|p1a: Torkoal\n|-hitcount|p1: Torkoal|2\n|\n|-damage|p2a: Wugtrio|63\/100 brn|[from] brn\n|upkeep\n|\n|t:|1700856589\n|switch|p1a: Magcargo|Magcargo, M, shiny|70\/100\n|turn|17\n|\n|t:|1700856593\n|-terastallize|p1a: Magcargo|Fairy\n|move|p2a: Wugtrio|Triple Dive|p1a: Magcargo|[miss]\n|-miss|p2a: Wugtrio|p1a: Magcargo\n|move|p1a: Magcargo|Shell Smash|p1a: Magcargo\n|-unboost|p1a: Magcargo|def|1\n|-unboost|p1a: Magcargo|spd|1\n|-boost|p1a: Magcargo|atk|2\n|-boost|p1a: Magcargo|spa|2\n|-boost|p1a: Magcargo|spe|2\n|\n|-damage|p2a: Wugtrio|56\/100 brn|[from] brn\n|upkeep\n|turn|18\n|\n|t:|1700856601\n|move|p2a: Wugtrio|Triple Dive|p1a: Magcargo\n|-damage|p1a: Magcargo|62\/100\n|-ability|p1a: Magcargo|Weak Armor|boost\n|-unboost|p1a: Magcargo|def|1\n|-boost|p1a: Magcargo|spe|2\n|-damage|p1a: Magcargo|52\/100\n|-ability|p1a: Magcargo|Weak Armor|boost\n|-unboost|p1a: Magcargo|def|1\n|-boost|p1a: Magcargo|spe|2\n|-damage|p1a: Magcargo|39\/100\n|-ability|p1a: Magcargo|Weak Armor|boost\n|-unboost|p1a: Magcargo|def|1\n|-hitcount|p1a: Magcargo|3\n|move|p1a: Magcargo|Shell Smash|p1a: Magcargo\n|-unboost|p1a: Magcargo|def|1\n|-unboost|p1a: Magcargo|spd|1\n|-boost|p1a: Magcargo|atk|2\n|-boost|p1a: Magcargo|spa|2\n|-boost|p1a: Magcargo|spe|0\n|\n|-damage|p2a: Wugtrio|50\/100 brn|[from] brn\n|-sideend|p1: Zarross|Reflect\n|upkeep\n|turn|19\n|\n|t:|1700856617\n|move|p1a: Magcargo|Earth Power|p2a: Wugtrio\n|-damage|p2a: Wugtrio|0 fnt\n|faint|p2a: Wugtrio\n|\n|upkeep\n|\n|t:|1700856629\n|switch|p2a: Rotom|Rotom|61\/100\n|turn|20\n|\n|t:|1700856633\n|move|p1a: Magcargo|Flamethrower|p2a: Rotom\n|-damage|p2a: Rotom|0 fnt\n|faint|p2a: Rotom\n|\n|upkeep\n|\n|t:|1700856639\n|switch|p2a: Tropius|Tropius, F|100\/100\n|turn|21\n|\n|t:|1700856643\n|move|p1a: Magcargo|Flamethrower|p2a: Tropius\n|-supereffective|p2a: Tropius\n|-damage|p2a: Tropius|0 fnt\n|faint|p2a: Tropius\n|\n|upkeep\n|\n|t:|1700856648\n|switch|p2a: Camerupt|Camerupt, F, tera:Grass|69\/100\n|turn|22\n|\n|t:|1700856652\n|move|p1a: Magcargo|Flamethrower|p2a: Camerupt\n|-supereffective|p2a: Camerupt\n|-damage|p2a: Camerupt|0 fnt\n|faint|p2a: Camerupt\n|\n|upkeep\n|\n|t:|1700856654\n|switch|p2a: Toedscruel|Toedscruel, F|100\/100\n|turn|23\n|\n|t:|1700856656\n|move|p1a: Magcargo|Flamethrower|p2a: Toedscruel\n|-supereffective|p2a: Toedscruel\n|-damage|p2a: Toedscruel|0 fnt\n|faint|p2a: Toedscruel\n|\n|win|Zarross\n","uploadtime":1700856660,"views":3,"p1id":"zarross","p2id":"axoubibou","formatid":"gen9ou","rating":0,"private":0,"password":""}