{"id":"gen9ou-1993955181","p1":"tumblezz","p2":"BigStepperQX","format":"[Gen 9] OU","log":"|j|\u2606tumblezz\n|j|\u2606BigStepperQX\n|inactive|Battle timer is ON: inactive players will automatically lose when time's up.\n|t:|1700382203\n|gametype|singles\n|player|p1|tumblezz|102|\n|player|p2|BigStepperQX|266|\n|teamsize|p1|3\n|teamsize|p2|3\n|gen|9\n|tier|[Gen 9] OU\n|rated|Tournament battle\n|rule|Sleep Clause Mod: Limit one foe put to sleep\n|rule|Species Clause: Limit one of each Pok\u00e9mon\n|rule|OHKO Clause: OHKO moves are banned\n|rule|Evasion Items Clause: Evasion items are banned\n|rule|Evasion Moves Clause: Evasion moves are banned\n|rule|Endless Battle Clause: Forcing endless battles is banned\n|rule|HP Percentage Mod: HP is shown in percentages\n|clearpoke\n|poke|p1|Floatzel, F|\n|poke|p1|Gogoat, F|\n|poke|p1|Milotic, F|\n|poke|p2|Quaxwell, M|\n|poke|p2|Dragalge, F|\n|poke|p2|Sudowoodo, F|\n|teampreview\n|j|*Lady Monita \u2746\n|j| catcat77\n|\n|t:|1700382211\n|start\n|switch|p1a: Floatzel|Floatzel, F|100\/100\n|switch|p2a: Sudowoodo|Sudowoodo, F|100\/100\n|turn|1\n|\n|t:|1700382216\n|move|p1a: Floatzel|Wave Crash|p2a: Sudowoodo\n|-supereffective|p2a: Sudowoodo\n|-ability|p2a: Sudowoodo|Sturdy\n|-damage|p2a: Sudowoodo|1\/100\n|-damage|p1a: Floatzel|71\/100|[from] Recoil\n|move|p2a: Sudowoodo|Counter|p1a: Floatzel\n|-damage|p1a: Floatzel|0 fnt\n|faint|p1a: Floatzel\n|\n|upkeep\n|\n|t:|1700382225\n|switch|p1a: Milotic|Milotic, F|100\/100\n|turn|2\n|-enditem|p2a: Sudowoodo|Custap Berry|[eat]\n|-activate|p2a: Sudowoodo|item: Custap Berry|[consumed]\n|\n|t:|1700382228\n|move|p2a: Sudowoodo|Wood Hammer|p1a: Milotic\n|-supereffective|p1a: Milotic\n|-damage|p1a: Milotic|19\/100\n|-damage|p2a: Sudowoodo|0 fnt|[from] Recoil\n|faint|p2a: Sudowoodo\n|move|p1a: Milotic|Scald|p2: Sudowoodo|[notarget]\n|-fail|p1a: Milotic\n|\n|-heal|p1a: Milotic|25\/100|[from] item: Leftovers\n|upkeep\n|\n|t:|1700382235\n|switch|p2a: Dragalge|Dragalge, F|100\/100\n|turn|3\n|\n|t:|1700382240\n|move|p1a: Milotic|Recover|p1a: Milotic\n|-heal|p1a: Milotic|75\/100\n|move|p2a: Dragalge|Sludge Bomb|p1a: Milotic\n|-damage|p1a: Milotic|44\/100\n|\n|-heal|p1a: Milotic|50\/100|[from] item: Leftovers\n|upkeep\n|turn|4\n|\n|t:|1700382248\n|move|p1a: Milotic|Recover|p1a: Milotic\n|-heal|p1a: Milotic|100\/100\n|move|p2a: Dragalge|Thunderbolt|p1a: Milotic\n|-supereffective|p1a: Milotic\n|-damage|p1a: Milotic|70\/100\n|\n|-heal|p1a: Milotic|76\/100|[from] item: Leftovers\n|upkeep\n|turn|5\n|\n|t:|1700382254\n|move|p2a: Dragalge|Thunderbolt|p1a: Milotic\n|-supereffective|p1a: Milotic\n|-damage|p1a: Milotic|43\/100\n|move|p1a: Milotic|Mirror Coat|p2a: Dragalge\n|-damage|p2a: Dragalge|21\/100\n|\n|-heal|p1a: Milotic|49\/100|[from] item: Leftovers\n|upkeep\n|turn|6\n|\n|t:|1700382263\n|move|p2a: Dragalge|Sludge Bomb|p1a: Milotic\n|-damage|p1a: Milotic|17\/100\n|-status|p1a: Milotic|psn\n|move|p1a: Milotic|Mirror Coat|p2a: Dragalge\n|-damage|p2a: Dragalge|0 fnt\n|faint|p2a: Dragalge\n|\n|-heal|p1a: Milotic|23\/100 psn|[from] item: Leftovers\n|-damage|p1a: Milotic|10\/100 psn|[from] psn\n|upkeep\n|\n|t:|1700382265\n|switch|p2a: Quaxwell|Quaxwell, M|100\/100\n|turn|7\n|\n|t:|1700382269\n|move|p1a: Milotic|Recover|p1a: Milotic\n|-heal|p1a: Milotic|60\/100 psn\n|move|p2a: Quaxwell|Brave Bird|p1a: Milotic\n|-damage|p1a: Milotic|43\/100 psn\n|-damage|p2a: Quaxwell|94\/100|[from] Recoil\n|\n|-heal|p1a: Milotic|49\/100 psn|[from] item: Leftovers\n|-damage|p1a: Milotic|37\/100 psn|[from] psn\n|upkeep\n|turn|8\n|\n|t:|1700382274\n|move|p1a: Milotic|Scald|p2a: Quaxwell\n|-resisted|p2a: Quaxwell\n|-damage|p2a: Quaxwell|80\/100\n|move|p2a: Quaxwell|Rapid Spin|p1a: Milotic\n|-damage|p1a: Milotic|30\/100 psn\n|-boost|p2a: Quaxwell|spe|1\n|\n|-heal|p1a: Milotic|36\/100 psn|[from] item: Leftovers\n|-damage|p1a: Milotic|24\/100 psn|[from] psn\n|upkeep\n|turn|9\n|\n|t:|1700382279\n|move|p2a: Quaxwell|Brave Bird|p1a: Milotic\n|-crit|p1a: Milotic\n|-damage|p1a: Milotic|0 fnt\n|faint|p1a: Milotic\n|-ability|p2a: Quaxwell|Moxie|boost\n|-boost|p2a: Quaxwell|atk|1\n|-damage|p2a: Quaxwell|71\/100|[from] Recoil\n|\n|upkeep\n|\n|t:|1700382283\n|switch|p1a: Gogoat|Gogoat, F|100\/100\n|turn|10\n|\n|t:|1700382285\n|-terastallize|p2a: Quaxwell|Flying\n|move|p2a: Quaxwell|Brave Bird|p1a: Gogoat\n|-supereffective|p1a: Gogoat\n|-damage|p1a: Gogoat|0 fnt\n|faint|p1a: Gogoat\n|-damage|p2a: Quaxwell|28\/100|[from] Recoil\n|\n|win|BigStepperQX\n|n|\u2606tumblezz|tumblezz\n|n|\u2606BigStepperQX|bigstepperqx\n|n|*Lady Monita \u2746|ladymonita\n|n| catcat77|catcat77\n","uploadtime":1700382286,"views":11,"p1id":"tumblezz","p2id":"bigstepperqx","formatid":"gen9ou","rating":0,"private":0,"password":""}