{"id":"gen9ou-1993582376","p1":"snorunt.","p2":"Marcolino2704","format":"[Gen 9] OU","log":"|j|\u2606snorunt.\n|j|\u2606Marcolino2704\n|t:|1700334206\n|gametype|singles\n|player|p1|snorunt.|blackbelt-gen4|1299\n|player|p2|Marcolino2704|2|1214\n|teamsize|p1|6\n|teamsize|p2|6\n|gen|9\n|tier|[Gen 9] OU\n|rated|\n|rule|Sleep Clause Mod: Limit one foe put to sleep\n|rule|Species Clause: Limit one of each Pok\u00e9mon\n|rule|OHKO Clause: OHKO moves are banned\n|rule|Evasion Items Clause: Evasion items are banned\n|rule|Evasion Moves Clause: Evasion moves are banned\n|rule|Endless Battle Clause: Forcing endless battles is banned\n|rule|HP Percentage Mod: HP is shown in percentages\n|clearpoke\n|poke|p1|Gholdengo|\n|poke|p1|Ribombee, M|\n|poke|p1|Alomomola, M|\n|poke|p1|Mandibuzz, F|\n|poke|p1|Ogerpon-Cornerstone, F|\n|poke|p1|Volcanion|\n|poke|p2|Rillaboom, M|\n|poke|p2|Torkoal, M|\n|poke|p2|Hawlucha, M|\n|poke|p2|Heatran, M|\n|poke|p2|Zapdos|\n|poke|p2|Greninja-*, M|\n|teampreview\n|inactive|Battle timer is ON: inactive players will automatically lose when time's up. (requested by Marcolino2704)\n|\n|t:|1700334217\n|start\n|switch|p1a: Volcanion|Volcanion|100\/100\n|switch|p2a: Torkoal|Torkoal, M|100\/100\n|-weather|SunnyDay|[from] ability: Drought|[of] p2a: Torkoal\n|turn|1\n|\n|t:|1700334222\n|-terastallize|p1a: Volcanion|Ground\n|move|p1a: Volcanion|Earth Power|p2a: Torkoal\n|-supereffective|p2a: Torkoal\n|-damage|p2a: Torkoal|0 fnt\n|faint|p2a: Torkoal\n|\n|-weather|SunnyDay|[upkeep]\n|upkeep\n|\n|t:|1700334226\n|switch|p2a: Rillaboom|Rillaboom, M|100\/100\n|-fieldstart|move: Grassy Terrain|[from] ability: Grassy Surge|[of] p2a: Rillaboom\n|turn|2\n|\n|t:|1700334230\n|switch|p2a: Heatran|Heatran, M, shiny|100\/100\n|switch|p1a: Mandibuzz|Mandibuzz, F|100\/100\n|\n|-weather|SunnyDay|[upkeep]\n|upkeep\n|turn|3\n|\n|t:|1700334235\n|move|p1a: Mandibuzz|Knock Off|p2a: Heatran\n|-damage|p2a: Heatran|80\/100\n|-enditem|p2a: Heatran|Shuca Berry|[from] move: Knock Off|[of] p1a: Mandibuzz\n|move|p2a: Heatran|Heat Wave|p1a: Mandibuzz\n|-damage|p1a: Mandibuzz|36\/100\n|\n|-weather|SunnyDay|[upkeep]\n|-heal|p1a: Mandibuzz|43\/100|[from] item: Leftovers\n|-heal|p2a: Heatran|86\/100|[from] Grassy Terrain\n|upkeep\n|turn|4\n|\n|t:|1700334253\n|switch|p1a: Volcanion|Volcanion, tera:Ground|100\/100\n|move|p2a: Heatran|Heat Wave|p1a: Volcanion\n|-damage|p1a: Volcanion|43\/100\n|\n|-weather|SunnyDay|[upkeep]\n|-heal|p2a: Heatran|92\/100|[from] Grassy Terrain\n|-heal|p1a: Volcanion|50\/100|[from] Grassy Terrain\n|upkeep\n|turn|5\n|\n|t:|1700334277\n|switch|p1a: Alomomola|Alomomola, M|100\/100\n|-terastallize|p2a: Heatran|Flying\n|move|p2a: Heatran|Heat Wave|p1a: Alomomola\n|-resisted|p1a: Alomomola\n|-damage|p1a: Alomomola|48\/100\n|-enditem|p1a: Alomomola|Red Card|[of] p2a: Heatran\n|drag|p2a: Hawlucha|Hawlucha, M|100\/100\n|-enditem|p2a: Hawlucha|Grassy Seed\n|-boost|p2a: Hawlucha|def|1|[from] item: Grassy Seed\n|\n|-weather|none\n|-heal|p1a: Alomomola|54\/100|[from] Grassy Terrain\n|upkeep\n|turn|6\n|\n|t:|1700334289\n|move|p2a: Hawlucha|Swords Dance|p2a: Hawlucha\n|-boost|p2a: Hawlucha|atk|2\n|move|p1a: Alomomola|Scald|p2a: Hawlucha\n|-damage|p2a: Hawlucha|77\/100\n|\n|-heal|p1a: Alomomola|61\/100|[from] Grassy Terrain\n|upkeep\n|turn|7\n|\n|t:|1700334298\n|move|p1a: Alomomola|Protect|p1a: Alomomola\n|-singleturn|p1a: Alomomola|Protect\n|move|p2a: Hawlucha|Acrobatics|p1a: Alomomola\n|-activate|p1a: Alomomola|move: Protect\n|\n|-heal|p1a: Alomomola|67\/100|[from] Grassy Terrain\n|upkeep\n|turn|8\n|\n|t:|1700334310\n|move|p2a: Hawlucha|Acrobatics|p1a: Alomomola\n|-damage|p1a: Alomomola|15\/100\n|move|p1a: Alomomola|Flip Turn|p2a: Hawlucha\n|-damage|p2a: Hawlucha|62\/100\n|inactive|snorunt. has 120 seconds left.\n|\n|t:|1700334331\n|switch|p1a: Gholdengo|Gholdengo|100\/100|[from] Flip Turn\n|\n|upkeep\n|turn|9\n|\n|t:|1700334338\n|move|p2a: Hawlucha|Acrobatics|p1a: Gholdengo\n|-resisted|p1a: Gholdengo\n|-damage|p1a: Gholdengo|52\/100\n|move|p1a: Gholdengo|Thunder Wave|p2a: Hawlucha\n|-status|p2a: Hawlucha|par\n|\n|-heal|p1a: Gholdengo|58\/100|[from] Grassy Terrain\n|-heal|p1a: Gholdengo|64\/100|[from] item: Leftovers\n|-fieldend|move: Grassy Terrain\n|upkeep\n|turn|10\n|\n|t:|1700334346\n|move|p2a: Hawlucha|Acrobatics|p1a: Gholdengo\n|-resisted|p1a: Gholdengo\n|-damage|p1a: Gholdengo|19\/100\n|move|p1a: Gholdengo|Recover|p1a: Gholdengo\n|-heal|p1a: Gholdengo|69\/100\n|\n|-heal|p1a: Gholdengo|75\/100|[from] item: Leftovers\n|upkeep\n|turn|11\n|\n|t:|1700334354\n|move|p2a: Hawlucha|Swords Dance|p2a: Hawlucha\n|-boost|p2a: Hawlucha|atk|2\n|move|p1a: Gholdengo|Recover|p1a: Gholdengo\n|-heal|p1a: Gholdengo|100\/100\n|\n|upkeep\n|turn|12\n|\n|t:|1700334357\n|move|p2a: Hawlucha|Acrobatics|p1a: Gholdengo\n|-resisted|p1a: Gholdengo\n|-damage|p1a: Gholdengo|26\/100\n|move|p1a: Gholdengo|Hex|p2a: Hawlucha\n|-damage|p2a: Hawlucha|0 fnt\n|faint|p2a: Hawlucha\n|\n|-heal|p1a: Gholdengo|32\/100|[from] item: Leftovers\n|upkeep\n|\n|t:|1700334362\n|switch|p2a: Heatran|Heatran, M, shiny, tera:Flying|92\/100\n|turn|13\n|\n|t:|1700334378\n|switch|p1a: Ribombee|Ribombee, M|100\/100\n|move|p2a: Heatran|Earth Power|p1a: Ribombee\n|-resisted|p1a: Ribombee\n|-damage|p1a: Ribombee|71\/100\n|\n|upkeep\n|turn|14\n|\n|t:|1700334392\n|move|p1a: Ribombee|Tailwind|p1a: Ribombee\n|-sidestart|p1: snorunt.|move: Tailwind\n|move|p2a: Heatran|Heat Wave|p1a: Ribombee\n|-supereffective|p1a: Ribombee\n|-damage|p1a: Ribombee|0 fnt\n|faint|p1a: Ribombee\n|\n|upkeep\n|\n|t:|1700334401\n|switch|p1a: Ogerpon|Ogerpon-Cornerstone, F|100\/100\n|turn|15\n|\n|t:|1700334408\n|switch|p2a: Rillaboom|Rillaboom, M|100\/100\n|-fieldstart|move: Grassy Terrain|[from] ability: Grassy Surge|[of] p2a: Rillaboom\n|move|p1a: Ogerpon|Swords Dance|p1a: Ogerpon\n|-boost|p1a: Ogerpon|atk|2\n|\n|upkeep\n|turn|16\n|\n|t:|1700334416\n|move|p1a: Ogerpon|Ivy Cudgel|p2a: Rillaboom|[anim] Ivy Cudgel Rock\n|-damage|p2a: Rillaboom|0 fnt\n|faint|p2a: Rillaboom\n|\n|upkeep\n|c|\u2606snorunt.|bink\n|\n|t:|1700334436\n|switch|p2a: Zapdos|Zapdos, shiny|100\/100\n|turn|17\n|\n|t:|1700334441\n|move|p1a: Ogerpon|Ivy Cudgel|p2a: Zapdos|[anim] Ivy Cudgel Rock\n|-supereffective|p2a: Zapdos\n|-damage|p2a: Zapdos|0 fnt\n|faint|p2a: Zapdos\n|\n|-sideend|p1: snorunt.|move: Tailwind\n|upkeep\n|c|\u2606snorunt.|bonk\n|\n|t:|1700334445\n|switch|p2a: Greninja|Greninja, M|100\/100\n|turn|18\n|\n|t:|1700334452\n|move|p2a: Greninja|Ice Beam|p1a: Ogerpon\n|-supereffective|p1a: Ogerpon\n|-damage|p1a: Ogerpon|24\/100\n|-damage|p2a: Greninja|91\/100|[from] item: Life Orb\n|move|p1a: Ogerpon|Horn Leech|p2a: Greninja\n|-supereffective|p2a: Greninja\n|-damage|p2a: Greninja|0 fnt\n|-heal|p1a: Ogerpon|67\/100|[from] drain|[of] p2a: Greninja\n|faint|p2a: Greninja\n|\n|-heal|p1a: Ogerpon|73\/100|[from] Grassy Terrain\n|upkeep\n|\n|t:|1700334455\n|switch|p2a: Heatran|Heatran, M, shiny, tera:Flying|92\/100\n|turn|19\n|c|\u2606snorunt.|boonk\n|\n|t:|1700334465\n|move|p1a: Ogerpon|Ivy Cudgel|p2a: Heatran|[anim] Ivy Cudgel Rock\n|-supereffective|p2a: Heatran\n|-damage|p2a: Heatran|0 fnt\n|faint|p2a: Heatran\n|\n|win|snorunt.\n|raw|snorunt.'s rating: 1299 &rarr; <strong>1318<\/strong><br \/>(+19 for winning)\n|raw|Marcolino2704's rating: 1214 &rarr; <strong>1195<\/strong><br \/>(-19 for losing)\n","uploadtime":1700334472,"views":8,"p1id":"snorunt","p2id":"marcolino2704","formatid":"gen9ou","rating":1195,"private":0,"password":""}