{"id":"gen9ou-1988774303","p1":"Jim511","p2":"Nugget O Silver","format":"[Gen 9] OU","log":"|j|\u2606Jim511\n|j|\u2606Nugget O Silver\n|t:|1699761395\n|gametype|singles\n|player|p1|Jim511|266|1337\n|player|p2|Nugget O Silver|colress|1360\n|teamsize|p1|6\n|teamsize|p2|6\n|gen|9\n|tier|[Gen 9] OU\n|rated|\n|rule|Sleep Clause Mod: Limit one foe put to sleep\n|rule|Species Clause: Limit one of each Pok\u00e9mon\n|rule|OHKO Clause: OHKO moves are banned\n|rule|Evasion Items Clause: Evasion items are banned\n|rule|Evasion Moves Clause: Evasion moves are banned\n|rule|Endless Battle Clause: Forcing endless battles is banned\n|rule|HP Percentage Mod: HP is shown in percentages\n|clearpoke\n|poke|p1|Vikavolt, F|\n|poke|p1|Enamorus, F|\n|poke|p1|Great Tusk|\n|poke|p1|Gholdengo|\n|poke|p1|Kommo-o, F|\n|poke|p1|Iron Moth|\n|poke|p2|Weezing-Galar, F|\n|poke|p2|Ninetales-Alola, F|\n|poke|p2|Iron Moth|\n|poke|p2|Zamazenta-*|\n|poke|p2|Kingambit, F|\n|poke|p2|Sneasler, F|\n|teampreview\n|inactive|Battle timer is ON: inactive players will automatically lose when time's up. (requested by Nugget O Silver)\n|inactive|Jim511 also wants the timer to be on.\n|\n|t:|1699761418\n|start\n|switch|p1a: Djengo Unrained|Gholdengo|100\/100\n|switch|p2a: Weezing|Weezing-Galar, F|100\/100\n|-item|p1a: Djengo Unrained|Air Balloon\n|-fieldstart|move: Misty Terrain|[from] ability: Misty Surge|[of] p2a: Weezing\n|turn|1\n|\n|t:|1699761424\n|move|p1a: Djengo Unrained|Make It Rain|p2a: Weezing\n|-supereffective|p2a: Weezing\n|-damage|p2a: Weezing|0 fnt\n|-unboost|p1a: Djengo Unrained|spa|1\n|faint|p2a: Weezing\n|\n|upkeep\n|\n|t:|1699761429\n|switch|p2a: Iron Moth|Iron Moth|100\/100\n|-enditem|p2a: Iron Moth|Booster Energy\n|-activate|p2a: Iron Moth|ability: Quark Drive|[fromitem]\n|-start|p2a: Iron Moth|quarkdrivespa\n|turn|2\n|\n|t:|1699761442\n|switch|p1a: Both Baby|Iron Moth|100\/100\n|-enditem|p1a: Both Baby|Booster Energy\n|-activate|p1a: Both Baby|ability: Quark Drive|[fromitem]\n|-start|p1a: Both Baby|quarkdrivespe\n|move|p2a: Iron Moth|Agility|p2a: Iron Moth\n|-boost|p2a: Iron Moth|spe|2\n|\n|upkeep\n|turn|3\n|\n|t:|1699761453\n|-terastallize|p1a: Both Baby|Ground\n|move|p2a: Iron Moth|Fiery Dance|p1a: Both Baby\n|-damage|p1a: Both Baby|39\/100\n|move|p1a: Both Baby|Tera Blast|p2a: Iron Moth|[anim] Tera Blast Ground\n|-supereffective|p2a: Iron Moth\n|-damage|p2a: Iron Moth|0 fnt\n|faint|p2a: Iron Moth\n|-end|p2a: Iron Moth|Quark Drive|[silent]\n|\n|upkeep\n|\n|t:|1699761477\n|switch|p2a: Kingambit|Kingambit, F|100\/100\n|-activate|p2a: Kingambit|ability: Supreme Overlord\n|-start|p2a: Kingambit|fallen2|[silent]\n|turn|4\n|\n|t:|1699761486\n|move|p2a: Kingambit|Sucker Punch|p1a: Both Baby\n|-damage|p1a: Both Baby|0 fnt\n|faint|p1a: Both Baby\n|-end|p1a: Both Baby|Quark Drive|[silent]\n|\n|upkeep\n|\n|t:|1699761489\n|switch|p1a: Dentist G-Ram|Great Tusk|100\/100\n|-enditem|p1a: Dentist G-Ram|Booster Energy\n|-activate|p1a: Dentist G-Ram|ability: Protosynthesis|[fromitem]\n|-start|p1a: Dentist G-Ram|protosynthesisatk\n|turn|5\n|\n|t:|1699761494\n|-end|p2a: Kingambit|fallen2|[silent]\n|switch|p2a: Zamazenta|Zamazenta|100\/100\n|-ability|p2a: Zamazenta|Dauntless Shield|boost\n|-boost|p2a: Zamazenta|def|1\n|move|p1a: Dentist G-Ram|Stealth Rock|p2a: Zamazenta\n|-sidestart|p2: Nugget O Silver|move: Stealth Rock\n|\n|upkeep\n|turn|6\n|\n|t:|1699761501\n|switch|p2a: Sneasler|Sneasler, F|100\/100\n|-damage|p2a: Sneasler|95\/100|[from] Stealth Rock\n|-enditem|p2a: Sneasler|Misty Seed\n|-boost|p2a: Sneasler|spd|1|[from] item: Misty Seed\n|-end|p1a: Dentist G-Ram|Protosynthesis|[silent]\n|switch|p1a: Djengo Unrained|Gholdengo|100\/100\n|-item|p1a: Djengo Unrained|Air Balloon\n|\n|upkeep\n|turn|7\n|\n|t:|1699761506\n|move|p2a: Sneasler|Swords Dance|p2a: Sneasler\n|-boost|p2a: Sneasler|atk|2\n|move|p1a: Djengo Unrained|Psyshock|p2a: Sneasler\n|-supereffective|p2a: Sneasler\n|-damage|p2a: Sneasler|0 fnt\n|faint|p2a: Sneasler\n|\n|upkeep\n|\n|t:|1699761516\n|switch|p2a: Ninetales|Ninetales-Alola, F, shiny|100\/100\n|-damage|p2a: Ninetales|76\/100|[from] Stealth Rock\n|-weather|Snow|[from] ability: Snow Warning|[of] p2a: Ninetales\n|turn|8\n|\n|t:|1699761521\n|move|p2a: Ninetales|Aurora Veil|p2a: Ninetales\n|-sidestart|p2: Nugget O Silver|move: Aurora Veil\n|move|p1a: Djengo Unrained|Make It Rain|p2a: Ninetales\n|-supereffective|p2a: Ninetales\n|-damage|p2a: Ninetales|0 fnt\n|-unboost|p1a: Djengo Unrained|spa|1\n|faint|p2a: Ninetales\n|\n|-weather|Snow|[upkeep]\n|-fieldend|Misty Terrain\n|upkeep\n|\n|t:|1699761526\n|switch|p2a: Kingambit|Kingambit, F|100\/100\n|-damage|p2a: Kingambit|94\/100|[from] Stealth Rock\n|-activate|p2a: Kingambit|ability: Supreme Overlord\n|-start|p2a: Kingambit|fallen4|[silent]\n|turn|9\n|\n|t:|1699761532\n|move|p1a: Djengo Unrained|Nasty Plot|p1a: Djengo Unrained\n|-boost|p1a: Djengo Unrained|spa|2\n|move|p2a: Kingambit|Iron Head|p1a: Djengo Unrained\n|-resisted|p1a: Djengo Unrained\n|-damage|p1a: Djengo Unrained|60\/100\n|-enditem|p1a: Djengo Unrained|Air Balloon\n|\n|-weather|Snow|[upkeep]\n|upkeep\n|turn|10\n|\n|t:|1699761539\n|move|p2a: Kingambit|Sucker Punch|p1a: Djengo Unrained\n|-supereffective|p1a: Djengo Unrained\n|-damage|p1a: Djengo Unrained|0 fnt\n|faint|p1a: Djengo Unrained\n|\n|-weather|Snow|[upkeep]\n|upkeep\n|\n|t:|1699761543\n|switch|p1a: Pink Flyday|Enamorus, F, shiny|100\/100\n|turn|11\n|\n|t:|1699761553\n|-terastallize|p2a: Kingambit|Flying\n|move|p1a: Pink Flyday|Earth Power|p2a: Kingambit\n|-immune|p2a: Kingambit\n|move|p2a: Kingambit|Iron Head|p1a: Pink Flyday\n|-supereffective|p1a: Pink Flyday\n|-damage|p1a: Pink Flyday|0 fnt\n|faint|p1a: Pink Flyday\n|\n|-weather|Snow|[upkeep]\n|upkeep\n|\n|t:|1699761561\n|switch|p1a: Vicodi\u00f1o|Vikavolt, F|100\/100\n|turn|12\n|\n|t:|1699761567\n|move|p2a: Kingambit|Kowtow Cleave|p1a: Vicodi\u00f1o\n|-damage|p1a: Vicodi\u00f1o|7\/100\n|move|p1a: Vicodi\u00f1o|Sticky Web|p2a: Kingambit\n|-sidestart|p2: Nugget O Silver|move: Sticky Web\n|\n|-weather|none\n|upkeep\n|turn|13\n|\n|t:|1699761573\n|move|p2a: Kingambit|Sucker Punch|p1a: Vicodi\u00f1o\n|-damage|p1a: Vicodi\u00f1o|0 fnt\n|faint|p1a: Vicodi\u00f1o\n|\n|upkeep\n|\n|t:|1699761578\n|switch|p1a: Tony Komo|Kommo-o, F|100\/100\n|turn|14\n|\n|t:|1699761582\n|move|p1a: Tony Komo|Clangorous Soul|p1a: Tony Komo\n|-boost|p1a: Tony Komo|atk|1\n|-boost|p1a: Tony Komo|def|1\n|-boost|p1a: Tony Komo|spa|1\n|-boost|p1a: Tony Komo|spd|1\n|-boost|p1a: Tony Komo|spe|1\n|-damage|p1a: Tony Komo|68\/100\n|move|p2a: Kingambit|Iron Head|p1a: Tony Komo\n|-crit|p1a: Tony Komo\n|-damage|p1a: Tony Komo|0 fnt\n|faint|p1a: Tony Komo\n|\n|upkeep\n|\n|t:|1699761586\n|switch|p1a: Dentist G-Ram|Great Tusk|100\/100\n|turn|15\n|\n|t:|1699761592\n|move|p1a: Dentist G-Ram|Ice Spinner|p2a: Kingambit\n|-supereffective|p2a: Kingambit\n|-damage|p2a: Kingambit|71\/100\n|move|p2a: Kingambit|Iron Head|p1a: Dentist G-Ram\n|-damage|p1a: Dentist G-Ram|55\/100\n|\n|-sideend|p2: Nugget O Silver|move: Aurora Veil\n|upkeep\n|turn|16\n|\n|t:|1699761598\n|move|p1a: Dentist G-Ram|Ice Spinner|p2a: Kingambit\n|-supereffective|p2a: Kingambit\n|-damage|p2a: Kingambit|27\/100\n|move|p2a: Kingambit|Iron Head|p1a: Dentist G-Ram\n|-damage|p1a: Dentist G-Ram|8\/100\n|\n|upkeep\n|turn|17\n|\n|t:|1699761606\n|move|p2a: Kingambit|Sucker Punch|p1a: Dentist G-Ram\n|-resisted|p1a: Dentist G-Ram\n|-damage|p1a: Dentist G-Ram|0 fnt\n|faint|p1a: Dentist G-Ram\n|-end|p1a: Dentist G-Ram|Protosynthesis|[silent]\n|\n|win|Nugget O Silver\n|raw|Jim511's rating: 1337 &rarr; <strong>1318<\/strong><br \/>(-19 for losing)\n|raw|Nugget O Silver's rating: 1360 &rarr; <strong>1379<\/strong><br \/>(+19 for winning)\n","uploadtime":1699761611,"views":10,"p1id":"jim511","p2id":"nuggetosilver","formatid":"gen9ou","rating":1318,"private":0,"password":""}