{"id":"gen9ou-1993140643","p1":"Dead Legacy","p2":"Deez Tusks","format":"[Gen 9] OU","log":"|j|\u2606Dead Legacy\n|j|\u2606Deez Tusks\n|t:|1700269614\n|gametype|singles\n|player|p1|Dead Legacy|unknown|1461\n|player|p2|Deez Tusks|1|1404\n|teamsize|p1|6\n|teamsize|p2|6\n|gen|9\n|tier|[Gen 9] OU\n|rated|\n|rule|Sleep Clause Mod: Limit one foe put to sleep\n|rule|Species Clause: Limit one of each Pok\u00e9mon\n|rule|OHKO Clause: OHKO moves are banned\n|rule|Evasion Items Clause: Evasion items are banned\n|rule|Evasion Moves Clause: Evasion moves are banned\n|rule|Endless Battle Clause: Forcing endless battles is banned\n|rule|HP Percentage Mod: HP is shown in percentages\n|clearpoke\n|poke|p1|Samurott-Hisui, M|\n|poke|p1|Gholdengo|\n|poke|p1|Skeledirge, M|\n|poke|p1|Ogerpon-Wellspring, F|\n|poke|p1|Ting-Lu|\n|poke|p1|Corviknight, M|\n|poke|p2|Greninja-*, F|\n|poke|p2|Slowking-Galar, F|\n|poke|p2|Thundurus-Therian, M|\n|poke|p2|Landorus-Therian, M|\n|poke|p2|Corviknight, F|\n|poke|p2|Cinderace, F|\n|teampreview\n|\n|t:|1700269622\n|start\n|switch|p1a: Samurott|Samurott-Hisui, M|100\/100\n|switch|p2a: Thundurus|Thundurus-Therian, M|100\/100\n|turn|1\n|\n|t:|1700269627\n|-terastallize|p1a: Samurott|Dark\n|move|p1a: Samurott|Sucker Punch|p2a: Thundurus\n|-damage|p2a: Thundurus|18\/100\n|move|p2a: Thundurus|U-turn|p1a: Samurott\n|-supereffective|p1a: Samurott\n|-damage|p1a: Samurott|60\/100\n|\n|t:|1700269635\n|switch|p2a: Greninja|Greninja, F|100\/100|[from] U-turn\n|\n|upkeep\n|turn|2\n|\n|t:|1700269640\n|switch|p1a: Ogerpon|Ogerpon-Wellspring, F|100\/100\n|move|p2a: Greninja|U-turn|p1a: Ogerpon\n|-start|p2a: Greninja|typechange|Bug|[from] ability: Protean\n|-supereffective|p1a: Ogerpon\n|-damage|p1a: Ogerpon|47\/100\n|\n|t:|1700269646\n|switch|p2a: Cinderace|Cinderace, F|100\/100|[from] U-turn\n|\n|upkeep\n|turn|3\n|\n|t:|1700269654\n|switch|p1a: Corviknight|Corviknight, M|100\/100\n|move|p2a: Cinderace|U-turn|p1a: Corviknight\n|-start|p2a: Cinderace|typechange|Bug|[from] ability: Libero\n|-resisted|p1a: Corviknight\n|-damage|p1a: Corviknight|96\/100\n|-damage|p2a: Cinderace|84\/100|[from] item: Rocky Helmet|[of] p1a: Corviknight\n|\n|t:|1700269666\n|switch|p2a: Landorus|Landorus-Therian, M|100\/100|[from] U-turn\n|-ability|p2a: Landorus|Intimidate|boost\n|-ability|p1a: Corviknight|Mirror Armor\n|-unboost|p2a: Landorus|atk|1\n|\n|upkeep\n|turn|4\n|\n|t:|1700269669\n|move|p2a: Landorus|Smack Down|p1a: Corviknight\n|-damage|p1a: Corviknight|88\/100\n|-start|p1a: Corviknight|Smack Down\n|move|p1a: Corviknight|U-turn|p2a: Landorus\n|-resisted|p2a: Landorus\n|-damage|p2a: Landorus|93\/100\n|\n|t:|1700269674\n|switch|p1a: Ogerpon|Ogerpon-Wellspring, F|47\/100|[from] U-turn\n|\n|upkeep\n|turn|5\n|\n|t:|1700269693\n|-terastallize|p2a: Landorus|Water\n|move|p1a: Ogerpon|Horn Leech|p2a: Landorus\n|-supereffective|p2a: Landorus\n|-damage|p2a: Landorus|0 fnt\n|-heal|p1a: Ogerpon|96\/100|[from] drain|[of] p2a: Landorus\n|faint|p2a: Landorus\n|\n|upkeep\n|\n|t:|1700269701\n|switch|p2a: Cinderace|Cinderace, F|84\/100\n|turn|6\n|\n|t:|1700269706\n|switch|p1a: Skeledirge|Skeledirge, M|100\/100\n|move|p2a: Cinderace|U-turn|p1a: Skeledirge\n|-start|p2a: Cinderace|typechange|Bug|[from] ability: Libero\n|-resisted|p1a: Skeledirge\n|-crit|p1a: Skeledirge\n|-damage|p1a: Skeledirge|92\/100\n|\n|t:|1700269713\n|switch|p2a: Greninja|Greninja, F|100\/100|[from] U-turn\n|\n|-heal|p1a: Skeledirge|99\/100|[from] item: Leftovers\n|upkeep\n|turn|7\n|\n|t:|1700269723\n|switch|p1a: Ting-Lu|Ting-Lu|100\/100\n|-ability|p1a: Ting-Lu|Vessel of Ruin\n|move|p2a: Greninja|Dark Pulse|p1a: Ting-Lu\n|-start|p2a: Greninja|typechange|Dark|[from] ability: Protean\n|-resisted|p1a: Ting-Lu\n|-damage|p1a: Ting-Lu|84\/100\n|\n|-heal|p1a: Ting-Lu|90\/100|[from] item: Leftovers\n|upkeep\n|turn|8\n|\n|t:|1700269731\n|switch|p2a: Cinderace|Cinderace, F|84\/100\n|move|p1a: Ting-Lu|Stealth Rock|p2a: Cinderace\n|-sidestart|p2: Deez Tusks|move: Stealth Rock\n|\n|-heal|p1a: Ting-Lu|97\/100|[from] item: Leftovers\n|upkeep\n|turn|9\n|\n|t:|1700269745\n|switch|p1a: Samurott|Samurott-Hisui, M, tera:Dark|60\/100\n|move|p2a: Cinderace|Court Change|p2a: Cinderace\n|-start|p2a: Cinderace|typechange|Normal|[from] ability: Libero\n|-swapsideconditions\n|-activate|p2a: Cinderace|move: Court Change\n|\n|upkeep\n|turn|10\n|\n|t:|1700269752\n|move|p1a: Samurott|Sucker Punch|p2a: Cinderace\n|-damage|p2a: Cinderace|3\/100\n|move|p2a: Cinderace|U-turn|p1a: Samurott\n|-supereffective|p1a: Samurott\n|-damage|p1a: Samurott|4\/100\n|\n|t:|1700269759\n|switch|p2a: Greninja|Greninja, F|100\/100|[from] U-turn\n|\n|upkeep\n|turn|11\n|\n|t:|1700269763\n|move|p1a: Samurott|Sucker Punch|p2a: Greninja\n|-resisted|p2a: Greninja\n|-damage|p2a: Greninja|51\/100\n|move|p2a: Greninja|U-turn|p1a: Samurott\n|-start|p2a: Greninja|typechange|Bug|[from] ability: Protean\n|-supereffective|p1a: Samurott\n|-damage|p1a: Samurott|0 fnt\n|faint|p1a: Samurott\n|\n|t:|1700269771\n|switch|p2a: Thundurus|Thundurus-Therian, M|18\/100|[from] U-turn\n|\n|upkeep\n|\n|t:|1700269775\n|switch|p1a: Ogerpon|Ogerpon-Wellspring, F|96\/100\n|-damage|p1a: Ogerpon|83\/100|[from] Stealth Rock\n|turn|12\n|\n|t:|1700269780\n|move|p2a: Thundurus|Sludge Bomb|p1a: Ogerpon\n|-supereffective|p1a: Ogerpon\n|-damage|p1a: Ogerpon|0 fnt\n|faint|p1a: Ogerpon\n|\n|upkeep\n|\n|t:|1700269782\n|switch|p1a: Corviknight|Corviknight, M|88\/100\n|-damage|p1a: Corviknight|76\/100|[from] Stealth Rock\n|turn|13\n|\n|t:|1700269789\n|switch|p2a: Corviknight|Corviknight, F|100\/100\n|-ability|p2a: Corviknight|Pressure\n|move|p1a: Corviknight|Defog|p2a: Corviknight\n|-unboost|p2a: Corviknight|evasion|1\n|-sideend|p1: Dead Legacy|Stealth Rock|[from] move: Defog|[of] p1a: Corviknight\n|\n|upkeep\n|turn|14\n|\n|t:|1700269799\n|switch|p1a: Skeledirge|Skeledirge, M|99\/100\n|move|p2a: Corviknight|U-turn|p1a: Skeledirge\n|-resisted|p1a: Skeledirge\n|-damage|p1a: Skeledirge|96\/100\n|\n|t:|1700269806\n|switch|p2a: Greninja|Greninja, F|51\/100|[from] U-turn\n|\n|-heal|p1a: Skeledirge|100\/100|[from] item: Leftovers\n|upkeep\n|turn|15\n|\n|t:|1700269814\n|switch|p1a: Ting-Lu|Ting-Lu|97\/100\n|-ability|p1a: Ting-Lu|Vessel of Ruin\n|move|p2a: Greninja|Hydro Pump|p1a: Ting-Lu|[miss]\n|-start|p2a: Greninja|typechange|Water|[from] ability: Protean\n|-miss|p2a: Greninja|p1a: Ting-Lu\n|\n|-heal|p1a: Ting-Lu|100\/100|[from] item: Leftovers\n|upkeep\n|turn|16\n|\n|t:|1700269820\n|move|p2a: Greninja|Hydro Pump|p1a: Ting-Lu\n|-supereffective|p1a: Ting-Lu\n|-crit|p1a: Ting-Lu\n|-damage|p1a: Ting-Lu|0 fnt\n|faint|p1a: Ting-Lu\n|\n|upkeep\n|c|\u2606Deez Tusks|Deserved\n|\n|t:|1700269829\n|switch|p1a: Gholdengo|Gholdengo|100\/100\n|turn|17\n|\n|t:|1700269845\n|switch|p2a: Slowking|Slowking-Galar, F|100\/100\n|move|p1a: Gholdengo|Shadow Ball|p2a: Slowking\n|-supereffective|p2a: Slowking\n|-damage|p2a: Slowking|53\/100\n|\n|upkeep\n|turn|18\n|\n|t:|1700269853\n|move|p1a: Gholdengo|Shadow Ball|p2a: Slowking\n|-supereffective|p2a: Slowking\n|-damage|p2a: Slowking|7\/100\n|move|p2a: Slowking|Chilly Reception|p2a: Slowking\n|-weather|Snow\n|\n|t:|1700269858\n|switch|p2a: Greninja|Greninja, F|51\/100|[from] Chilly Reception\n|\n|-weather|Snow|[upkeep]\n|upkeep\n|turn|19\n|inactive|Battle timer is ON: inactive players will automatically lose when time's up. (requested by Deez Tusks)\n|\n|t:|1700269879\n|switch|p1a: Corviknight|Corviknight, M|76\/100\n|move|p2a: Greninja|Dark Pulse|p1a: Corviknight\n|-start|p2a: Greninja|typechange|Dark|[from] ability: Protean\n|-damage|p1a: Corviknight|27\/100\n|\n|-weather|Snow|[upkeep]\n|upkeep\n|turn|20\n|\n|t:|1700269885\n|move|p2a: Greninja|Dark Pulse|p1a: Corviknight\n|-damage|p1a: Corviknight|0 fnt\n|faint|p1a: Corviknight\n|\n|-weather|Snow|[upkeep]\n|upkeep\n|\n|t:|1700269888\n|switch|p1a: Gholdengo|Gholdengo|100\/100\n|turn|21\n|\n|t:|1700269895\n|switch|p2a: Slowking|Slowking-Galar, F|40\/100\n|move|p1a: Gholdengo|Shadow Ball|p2a: Slowking\n|-supereffective|p2a: Slowking\n|-damage|p2a: Slowking|0 fnt\n|faint|p2a: Slowking\n|\n|-weather|Snow|[upkeep]\n|upkeep\n|\n|t:|1700269907\n|switch|p2a: Thundurus|Thundurus-Therian, M|18\/100\n|turn|22\n|\n|t:|1700269909\n|move|p2a: Thundurus|Thunderbolt|p1a: Gholdengo\n|-damage|p1a: Gholdengo|37\/100\n|move|p1a: Gholdengo|Shadow Ball|p2a: Thundurus\n|-damage|p2a: Thundurus|0 fnt\n|faint|p2a: Thundurus\n|\n|-weather|none\n|upkeep\n|\n|t:|1700269919\n|switch|p2a: Greninja|Greninja, F|51\/100\n|turn|23\n|\n|t:|1700269921\n|switch|p1a: Skeledirge|Skeledirge, M|100\/100\n|move|p2a: Greninja|Dark Pulse|p1a: Skeledirge\n|-start|p2a: Greninja|typechange|Dark|[from] ability: Protean\n|-supereffective|p1a: Skeledirge\n|-damage|p1a: Skeledirge|0 fnt\n|faint|p1a: Skeledirge\n|\n|upkeep\n|\n|t:|1700269923\n|switch|p1a: Gholdengo|Gholdengo|37\/100\n|turn|24\n|\n|t:|1700269938\n|switch|p2a: Corviknight|Corviknight, F|100\/100\n|-ability|p2a: Corviknight|Pressure\n|move|p1a: Gholdengo|Focus Blast|p2a: Corviknight\n|-damage|p2a: Corviknight|56\/100\n|\n|upkeep\n|turn|25\n|\n|t:|1700269945\n|move|p1a: Gholdengo|Focus Blast|p2a: Corviknight|[miss]\n|-miss|p1a: Gholdengo|p2a: Corviknight\n|move|p2a: Corviknight|Roost|p2a: Corviknight\n|-heal|p2a: Corviknight|100\/100\n|-singleturn|p2a: Corviknight|move: Roost\n|\n|upkeep\n|turn|26\n|\n|t:|1700269949\n|move|p1a: Gholdengo|Focus Blast|p2a: Corviknight\n|-damage|p2a: Corviknight|60\/100\n|move|p2a: Corviknight|Roost|p2a: Corviknight\n|-heal|p2a: Corviknight|100\/100\n|-singleturn|p2a: Corviknight|move: Roost\n|\n|upkeep\n|turn|27\n|-message|Dead Legacy forfeited.\n|\n|win|Deez Tusks\n|raw|Dead Legacy's rating: 1461 &rarr; <strong>1438<\/strong><br \/>(-23 for losing)\n|raw|Deez Tusks's rating: 1404 &rarr; <strong>1427<\/strong><br \/>(+23 for winning)\n|l|\u2606Dead Legacy\n|c|\u2606Deez Tusks|Gg\n","uploadtime":1700269965,"views":17,"p1id":"deadlegacy","p2id":"deeztusks","formatid":"gen9ou","rating":1427,"private":0,"password":""}