{"id":"gen9ou-1993171668","p1":"i samurai l","p2":"Portapottylotta","format":"[Gen 9] OU","log":"|j|\u2606i samurai l\n|j|\u2606Portapottylotta\n|t:|1700273522\n|gametype|singles\n|player|p1|i samurai l|hilbert|1317\n|player|p2|Portapottylotta|101|1302\n|teamsize|p1|6\n|teamsize|p2|6\n|gen|9\n|tier|[Gen 9] OU\n|rated|\n|rule|Sleep Clause Mod: Limit one foe put to sleep\n|rule|Species Clause: Limit one of each Pok\u00e9mon\n|rule|OHKO Clause: OHKO moves are banned\n|rule|Evasion Items Clause: Evasion items are banned\n|rule|Evasion Moves Clause: Evasion moves are banned\n|rule|Endless Battle Clause: Forcing endless battles is banned\n|rule|HP Percentage Mod: HP is shown in percentages\n|clearpoke\n|poke|p1|Torkoal, F|\n|poke|p1|Iron Moth|\n|poke|p1|Walking Wake|\n|poke|p1|Kingambit, F|\n|poke|p1|Great Tusk|\n|poke|p1|Meowscarada, M|\n|poke|p2|Sinistcha|\n|poke|p2|Tauros-Paldea-Blaze, M|\n|poke|p2|Great Tusk|\n|poke|p2|Clodsire, F|\n|poke|p2|Gholdengo|\n|poke|p2|Kingambit, F|\n|teampreview\n|inactive|Battle timer is ON: inactive players will automatically lose when time's up. (requested by Portapottylotta)\n|inactive|i samurai l has 120 seconds left.\n|\n|t:|1700273561\n|start\n|switch|p1a: U GAS|Torkoal, F|100\/100\n|switch|p2a: Tauros|Tauros-Paldea-Blaze, M|100\/100\n|-ability|p2a: Tauros|Intimidate|boost\n|-unboost|p1a: U GAS|atk|1\n|-weather|SunnyDay|[from] ability: Drought|[of] p1a: U GAS\n|turn|1\n|\n|t:|1700273570\n|move|p2a: Tauros|Earthquake|p1a: U GAS\n|-supereffective|p1a: U GAS\n|-damage|p1a: U GAS|51\/100\n|move|p1a: U GAS|Stealth Rock|p2a: Tauros\n|-sidestart|p2: Portapottylotta|move: Stealth Rock\n|\n|-weather|SunnyDay|[upkeep]\n|upkeep\n|turn|2\n|\n|t:|1700273578\n|switch|p1a: Ela Desfila|Walking Wake|100\/100\n|-activate|p1a: Ela Desfila|ability: Protosynthesis\n|-start|p1a: Ela Desfila|protosynthesisspe\n|move|p2a: Tauros|Earthquake|p1a: Ela Desfila\n|-damage|p1a: Ela Desfila|53\/100\n|\n|-weather|SunnyDay|[upkeep]\n|upkeep\n|turn|3\n|\n|t:|1700273586\n|switch|p2a: Clodsire|Clodsire, F|100\/100\n|-damage|p2a: Clodsire|94\/100|[from] Stealth Rock\n|move|p1a: Ela Desfila|Hydro Steam|p2a: Clodsire\n|-supereffective|p2a: Clodsire\n|-damage|p2a: Clodsire|0 fnt\n|faint|p2a: Clodsire\n|\n|-weather|SunnyDay|[upkeep]\n|upkeep\n|\n|t:|1700273589\n|switch|p2a: Sinistcha|Sinistcha|100\/100\n|-damage|p2a: Sinistcha|88\/100|[from] Stealth Rock\n|turn|4\n|\n|t:|1700273592\n|-terastallize|p2a: Sinistcha|Fairy\n|move|p1a: Ela Desfila|Hydro Steam|p2a: Sinistcha\n|-damage|p2a: Sinistcha|0 fnt\n|faint|p2a: Sinistcha\n|\n|-weather|SunnyDay|[upkeep]\n|upkeep\n|\n|t:|1700273605\n|switch|p2a: Kingambit|Kingambit, F|100\/100\n|-damage|p2a: Kingambit|94\/100|[from] Stealth Rock\n|-activate|p2a: Kingambit|ability: Supreme Overlord\n|-start|p2a: Kingambit|fallen2|[silent]\n|-item|p2a: Kingambit|Air Balloon\n|turn|5\n|\n|t:|1700273616\n|-terastallize|p1a: Ela Desfila|Fairy\n|move|p1a: Ela Desfila|Hydro Steam|p2a: Kingambit\n|-damage|p2a: Kingambit|0 fnt\n|-enditem|p2a: Kingambit|Air Balloon\n|faint|p2a: Kingambit\n|-end|p2a: Kingambit|fallen2|[silent]\n|\n|-weather|SunnyDay|[upkeep]\n|upkeep\n|\n|t:|1700273622\n|switch|p2a: Gholdengo|Gholdengo|100\/100\n|-damage|p2a: Gholdengo|94\/100|[from] Stealth Rock\n|turn|6\n|\n|t:|1700273626\n|move|p1a: Ela Desfila|Hydro Steam|p2a: Gholdengo\n|-damage|p2a: Gholdengo|0 fnt\n|faint|p2a: Gholdengo\n|\n|-weather|SunnyDay|[upkeep]\n|upkeep\n|\n|t:|1700273630\n|switch|p2a: Tauros|Tauros-Paldea-Blaze, M|100\/100\n|-damage|p2a: Tauros|88\/100|[from] Stealth Rock\n|-ability|p2a: Tauros|Intimidate|boost\n|-unboost|p1a: Ela Desfila|atk|1\n|turn|7\n|\n|t:|1700273634\n|move|p1a: Ela Desfila|Hydro Steam|p2a: Tauros\n|-supereffective|p2a: Tauros\n|-damage|p2a: Tauros|0 fnt\n|faint|p2a: Tauros\n|\n|-weather|SunnyDay|[upkeep]\n|upkeep\n|\n|t:|1700273637\n|switch|p2a: Great Tusk|Great Tusk|100\/100\n|-activate|p2a: Great Tusk|ability: Protosynthesis\n|-start|p2a: Great Tusk|protosynthesisatk\n|turn|8\n|\n|t:|1700273643\n|move|p1a: Ela Desfila|Hydro Steam|p2a: Great Tusk\n|-supereffective|p2a: Great Tusk\n|-damage|p2a: Great Tusk|0 fnt\n|faint|p2a: Great Tusk\n|-end|p2a: Great Tusk|Protosynthesis|[silent]\n|\n|win|i samurai l\n|raw|i samurai l's rating: 1317 &rarr; <strong>1336<\/strong><br \/>(+19 for winning)\n|raw|Portapottylotta's rating: 1302 &rarr; <strong>1283<\/strong><br \/>(-19 for losing)\n|l|\u2606Portapottylotta\n","uploadtime":1700273650,"views":17,"p1id":"isamurail","p2id":"portapottylotta","formatid":"gen9ou","rating":1283,"private":0,"password":""}