{"id":"gen9ou-1994608542","p1":"mrbadd","p2":"VYK3","format":"[Gen 9] OU","log":"|j|\u2606mrbadd\n|j|\u2606VYK3\n|t:|1700468639\n|gametype|singles\n|player|p1|mrbadd|rocker-gen1rb|1345\n|player|p2|VYK3|veteranf|1337\n|teamsize|p1|6\n|teamsize|p2|6\n|gen|9\n|tier|[Gen 9] OU\n|rated|\n|rule|Sleep Clause Mod: Limit one foe put to sleep\n|rule|Species Clause: Limit one of each Pok\u00e9mon\n|rule|OHKO Clause: OHKO moves are banned\n|rule|Evasion Items Clause: Evasion items are banned\n|rule|Evasion Moves Clause: Evasion moves are banned\n|rule|Endless Battle Clause: Forcing endless battles is banned\n|rule|HP Percentage Mod: HP is shown in percentages\n|clearpoke\n|poke|p1|Dragapult, F|\n|poke|p1|Skeledirge, M|\n|poke|p1|Milotic, F|\n|poke|p1|Clefable, M|\n|poke|p1|Clodsire, F|\n|poke|p1|Mandibuzz, F|\n|poke|p2|Dragapult, M|\n|poke|p2|Gholdengo|\n|poke|p2|Ting-Lu|\n|poke|p2|Corviknight, M|\n|poke|p2|Slowking-Galar, M|\n|poke|p2|Zapdos|\n|teampreview\n|inactive|Battle timer is ON: inactive players will automatically lose when time's up. (requested by VYK3)\n|\n|t:|1700468658\n|start\n|switch|p1a: Angel Eyes|Clefable, M, shiny|100\/100\n|switch|p2a: Dragapult|Dragapult, M|100\/100\n|turn|1\n|\n|t:|1700468669\n|move|p2a: Dragapult|U-turn|p1a: Angel Eyes\n|-resisted|p1a: Angel Eyes\n|-damage|p1a: Angel Eyes|94\/100\n|\n|t:|1700468672\n|switch|p2a: Slowking|Slowking-Galar, M|100\/100|[from] U-turn\n|move|p1a: Angel Eyes|Stealth Rock|p2a: Slowking\n|-sidestart|p2: VYK3|move: Stealth Rock\n|\n|-heal|p1a: Angel Eyes|99\/100|[from] item: Leftovers\n|upkeep\n|turn|2\n|\n|t:|1700468684\n|switch|p1a: Burger Steak|Clodsire, F|100\/100\n|move|p2a: Slowking|Future Sight|p1a: Burger Steak\n|-start|p2a: Slowking|move: Future Sight\n|\n|upkeep\n|turn|3\n|\n|t:|1700468692\n|move|p1a: Burger Steak|Earthquake|p2a: Slowking\n|-supereffective|p2a: Slowking\n|-damage|p2a: Slowking|51\/100\n|move|p2a: Slowking|Chilly Reception|p2a: Slowking\n|-weather|Snow\n|\n|t:|1700468698\n|switch|p2a: Ting-Lu|Ting-Lu|100\/100|[from] Chilly Reception\n|-damage|p2a: Ting-Lu|94\/100|[from] Stealth Rock\n|-ability|p2a: Ting-Lu|Vessel of Ruin\n|\n|-weather|Snow|[upkeep]\n|-heal|p2a: Ting-Lu|100\/100|[from] item: Leftovers\n|upkeep\n|turn|4\n|\n|t:|1700468707\n|switch|p1a: Goth|Mandibuzz, F, shiny|100\/100\n|move|p2a: Ting-Lu|Stealth Rock|p1a: Goth\n|-sidestart|p1: mrbadd|move: Stealth Rock\n|\n|-weather|Snow|[upkeep]\n|-end|p1a: Goth|move: Future Sight\n|-immune|p1a: Goth\n|upkeep\n|turn|5\n|\n|t:|1700468715\n|switch|p2a: Corviknight|Corviknight, M|100\/100\n|-damage|p2a: Corviknight|88\/100|[from] Stealth Rock\n|-ability|p2a: Corviknight|Pressure\n|move|p1a: Goth|Knock Off|p2a: Corviknight\n|-damage|p2a: Corviknight|75\/100\n|-enditem|p2a: Corviknight|Leftovers|[from] move: Knock Off|[of] p1a: Goth\n|\n|-weather|Snow|[upkeep]\n|upkeep\n|turn|6\n|\n|t:|1700468726\n|move|p1a: Goth|Iron Defense|p1a: Goth\n|-boost|p1a: Goth|def|2\n|move|p2a: Corviknight|U-turn|p1a: Goth\n|-damage|p1a: Goth|96\/100\n|\n|t:|1700468728\n|switch|p2a: Gholdengo|Gholdengo|100\/100|[from] U-turn\n|-damage|p2a: Gholdengo|94\/100|[from] Stealth Rock\n|\n|-weather|Snow|[upkeep]\n|upkeep\n|turn|7\n|\n|t:|1700468745\n|switch|p1a: Burger Steak|Clodsire, F|100\/100\n|-damage|p1a: Burger Steak|94\/100|[from] Stealth Rock\n|move|p2a: Gholdengo|Make It Rain|p1a: Burger Steak\n|-damage|p1a: Burger Steak|25\/100\n|-unboost|p2a: Gholdengo|spa|1\n|\n|-weather|none\n|-heal|p1a: Burger Steak|31\/100|[from] item: Black Sludge\n|upkeep\n|turn|8\n|\n|t:|1700468758\n|switch|p1a: Cytherea|Milotic, F|100\/100\n|move|p2a: Gholdengo|Make It Rain|p1a: Cytherea\n|-resisted|p1a: Cytherea\n|-damage|p1a: Cytherea|80\/100\n|-unboost|p2a: Gholdengo|spa|1\n|\n|upkeep\n|turn|9\n|\n|t:|1700468768\n|switch|p2a: Zapdos|Zapdos|100\/100\n|move|p1a: Cytherea|Scald|p2a: Zapdos\n|-damage|p2a: Zapdos|76\/100\n|\n|upkeep\n|turn|10\n|\n|t:|1700468775\n|move|p2a: Zapdos|Hurricane|p1a: Cytherea\n|-damage|p1a: Cytherea|52\/100\n|move|p1a: Cytherea|Mirror Coat|p2a: Zapdos\n|-damage|p2a: Zapdos|20\/100\n|\n|upkeep\n|turn|11\n|\n|t:|1700468782\n|switch|p1a: Burger Steak|Clodsire, F|31\/100\n|-damage|p1a: Burger Steak|25\/100|[from] Stealth Rock\n|move|p2a: Zapdos|Volt Switch|p1a: Burger Steak\n|-immune|p1a: Burger Steak\n|\n|-heal|p1a: Burger Steak|31\/100|[from] item: Black Sludge\n|upkeep\n|turn|12\n|\n|t:|1700468793\n|move|p2a: Zapdos|Hurricane|p1a: Burger Steak\n|-damage|p1a: Burger Steak|0 fnt\n|faint|p1a: Burger Steak\n|\n|upkeep\n|\n|t:|1700468798\n|switch|p1a: Creep|Dragapult, F, shiny|100\/100\n|-damage|p1a: Creep|88\/100|[from] Stealth Rock\n|turn|13\n|\n|t:|1700468803\n|switch|p2a: Ting-Lu|Ting-Lu|100\/100\n|-damage|p2a: Ting-Lu|94\/100|[from] Stealth Rock\n|-ability|p2a: Ting-Lu|Vessel of Ruin\n|move|p1a: Creep|Shadow Ball|p2a: Ting-Lu\n|-resisted|p2a: Ting-Lu\n|-damage|p2a: Ting-Lu|82\/100\n|\n|-heal|p2a: Ting-Lu|88\/100|[from] item: Leftovers\n|upkeep\n|turn|14\n|\n|t:|1700468813\n|switch|p1a: Goth|Mandibuzz, F, shiny|96\/100\n|move|p2a: Ting-Lu|Stone Edge|p1a: Goth\n|-supereffective|p1a: Goth\n|-damage|p1a: Goth|66\/100\n|\n|-heal|p2a: Ting-Lu|94\/100|[from] item: Leftovers\n|upkeep\n|turn|15\n|\n|t:|1700468822\n|move|p1a: Goth|Knock Off|p2a: Ting-Lu\n|-resisted|p2a: Ting-Lu\n|-damage|p2a: Ting-Lu|88\/100\n|-enditem|p2a: Ting-Lu|Leftovers|[from] move: Knock Off|[of] p1a: Goth\n|move|p2a: Ting-Lu|Ruination|p1a: Goth\n|-damage|p1a: Goth|33\/100\n|\n|upkeep\n|turn|16\n|\n|t:|1700468835\n|switch|p2a: Gholdengo|Gholdengo|94\/100\n|-damage|p2a: Gholdengo|88\/100|[from] Stealth Rock\n|move|p1a: Goth|Iron Defense|p1a: Goth\n|-boost|p1a: Goth|def|2\n|\n|upkeep\n|turn|17\n|\n|t:|1700468850\n|switch|p1a: Cytherea|Milotic, F|52\/100\n|move|p2a: Gholdengo|Make It Rain|p1a: Cytherea\n|-resisted|p1a: Cytherea\n|-damage|p1a: Cytherea|21\/100\n|-unboost|p2a: Gholdengo|spa|1\n|\n|upkeep\n|turn|18\n|\n|t:|1700468860\n|move|p2a: Gholdengo|Make It Rain|p1a: Cytherea\n|-resisted|p1a: Cytherea\n|-damage|p1a: Cytherea|3\/100\n|-unboost|p2a: Gholdengo|spa|1\n|move|p1a: Cytherea|Recover|p1a: Cytherea\n|-heal|p1a: Cytherea|53\/100\n|\n|upkeep\n|turn|19\n|\n|t:|1700468874\n|switch|p2a: Slowking|Slowking-Galar, M|85\/100\n|move|p1a: Cytherea|Recover|p1a: Cytherea\n|-heal|p1a: Cytherea|100\/100\n|\n|upkeep\n|turn|20\n|\n|t:|1700468885\n|switch|p1a: Creep|Dragapult, F, shiny|88\/100\n|-damage|p1a: Creep|76\/100|[from] Stealth Rock\n|move|p2a: Slowking|Toxic Spikes|p1a: Creep\n|-sidestart|p1: mrbadd|move: Toxic Spikes\n|\n|upkeep\n|turn|21\n|\n|t:|1700468898\n|move|p1a: Creep|U-turn|p2a: Slowking\n|-damage|p2a: Slowking|69\/100\n|\n|t:|1700468901\n|switch|p1a: Goth|Mandibuzz, F, shiny|33\/100|[from] U-turn\n|move|p2a: Slowking|Toxic Spikes|p1a: Goth\n|-sidestart|p1: mrbadd|move: Toxic Spikes\n|\n|upkeep\n|turn|22\n|\n|t:|1700468908\n|move|p1a: Goth|Roost|p1a: Goth\n|-heal|p1a: Goth|83\/100\n|-singleturn|p1a: Goth|move: Roost\n|move|p2a: Slowking|Sludge Bomb|p1a: Goth\n|-damage|p1a: Goth|53\/100\n|\n|upkeep\n|turn|23\n|\n|t:|1700468917\n|move|p1a: Goth|Knock Off|p2a: Slowking\n|-supereffective|p2a: Slowking\n|-damage|p2a: Slowking|26\/100\n|-enditem|p2a: Slowking|Heavy-Duty Boots|[from] move: Knock Off|[of] p1a: Goth\n|move|p2a: Slowking|Chilly Reception|p2a: Slowking\n|-weather|Snow\n|\n|t:|1700468921\n|switch|p2a: Zapdos|Zapdos|20\/100|[from] Chilly Reception\n|\n|-weather|Snow|[upkeep]\n|upkeep\n|turn|24\n|\n|t:|1700468929\n|move|p2a: Zapdos|Roost|p2a: Zapdos\n|-heal|p2a: Zapdos|70\/100\n|-singleturn|p2a: Zapdos|move: Roost\n|move|p1a: Goth|Roost|p1a: Goth\n|-heal|p1a: Goth|100\/100\n|-singleturn|p1a: Goth|move: Roost\n|\n|-weather|Snow|[upkeep]\n|upkeep\n|turn|25\n|\n|t:|1700468939\n|switch|p1a: Creep|Dragapult, F, shiny|76\/100\n|-damage|p1a: Creep|64\/100|[from] Stealth Rock\n|-status|p1a: Creep|tox\n|move|p2a: Zapdos|Volt Switch|p1a: Creep\n|-resisted|p1a: Creep\n|-damage|p1a: Creep|42\/100 tox\n|\n|t:|1700468944\n|switch|p2a: Ting-Lu|Ting-Lu|88\/100|[from] Volt Switch\n|-damage|p2a: Ting-Lu|82\/100|[from] Stealth Rock\n|-ability|p2a: Ting-Lu|Vessel of Ruin\n|\n|-weather|Snow|[upkeep]\n|-damage|p1a: Creep|36\/100 tox|[from] psn\n|upkeep\n|turn|26\n|\n|t:|1700468954\n|move|p1a: Creep|U-turn|p2a: Ting-Lu\n|-supereffective|p2a: Ting-Lu\n|-damage|p2a: Ting-Lu|64\/100\n|\n|t:|1700468957\n|switch|p1a: Goth|Mandibuzz, F, shiny|100\/100|[from] U-turn\n|move|p2a: Ting-Lu|Stone Edge|p1a: Goth\n|-supereffective|p1a: Goth\n|-damage|p1a: Goth|73\/100\n|\n|-weather|Snow|[upkeep]\n|upkeep\n|turn|27\n|\n|t:|1700468967\n|move|p1a: Goth|Knock Off|p2a: Ting-Lu\n|-resisted|p2a: Ting-Lu\n|-damage|p2a: Ting-Lu|61\/100\n|move|p2a: Ting-Lu|Ruination|p1a: Goth\n|-damage|p1a: Goth|37\/100\n|\n|-weather|none\n|upkeep\n|turn|28\n|\n|t:|1700468975\n|switch|p2a: Gholdengo|Gholdengo|88\/100\n|-damage|p2a: Gholdengo|82\/100|[from] Stealth Rock\n|move|p1a: Goth|Roost|p1a: Goth\n|-heal|p1a: Goth|87\/100\n|-singleturn|p1a: Goth|move: Roost\n|\n|upkeep\n|turn|29\n|\n|t:|1700468984\n|move|p2a: Gholdengo|Trick|p1a: Goth\n|-activate|p2a: Gholdengo|move: Trick|[of] p1a: Goth\n|-item|p1a: Goth|Choice Specs|[from] move: Trick\n|-item|p2a: Gholdengo|Heavy-Duty Boots|[from] move: Trick\n|move|p1a: Goth|Knock Off|p2a: Gholdengo\n|-supereffective|p2a: Gholdengo\n|-damage|p2a: Gholdengo|32\/100\n|-enditem|p2a: Gholdengo|Heavy-Duty Boots|[from] move: Knock Off|[of] p1a: Goth\n|\n|upkeep\n|turn|30\n|\n|t:|1700468992\n|move|p2a: Gholdengo|Recover|p2a: Gholdengo\n|-heal|p2a: Gholdengo|82\/100\n|move|p1a: Goth|Knock Off|p2a: Gholdengo\n|-supereffective|p2a: Gholdengo\n|-damage|p2a: Gholdengo|46\/100\n|\n|upkeep\n|turn|31\n|\n|t:|1700468999\n|switch|p1a: Cytherea|Milotic, F|100\/100\n|move|p2a: Gholdengo|Recover|p2a: Gholdengo\n|-heal|p2a: Gholdengo|96\/100\n|\n|upkeep\n|turn|32\n|\n|t:|1700469006\n|move|p2a: Gholdengo|Trick|p1a: Cytherea\n|-activate|p2a: Gholdengo|move: Trick|[of] p1a: Cytherea\n|-enditem|p1a: Cytherea|Heavy-Duty Boots|[silent]|[from] move: Trick\n|-item|p2a: Gholdengo|Heavy-Duty Boots|[from] move: Trick\n|move|p1a: Cytherea|Mirror Coat||[still]\n|-fail|p1a: Cytherea\n|\n|upkeep\n|turn|33\n|\n|t:|1700469013\n|switch|p2a: Zapdos|Zapdos|70\/100\n|move|p1a: Cytherea|Scald|p2a: Zapdos\n|-damage|p2a: Zapdos|42\/100\n|\n|upkeep\n|turn|34\n|\n|t:|1700469020\n|move|p2a: Zapdos|Roost|p2a: Zapdos\n|-heal|p2a: Zapdos|92\/100\n|-singleturn|p2a: Zapdos|move: Roost\n|move|p1a: Cytherea|Mirror Coat||[still]\n|-fail|p1a: Cytherea\n|\n|upkeep\n|turn|35\n|\n|t:|1700469027\n|move|p2a: Zapdos|Volt Switch|p1a: Cytherea\n|-supereffective|p1a: Cytherea\n|-damage|p1a: Cytherea|70\/100\n|\n|t:|1700469030\n|switch|p2a: Ting-Lu|Ting-Lu|61\/100|[from] Volt Switch\n|-damage|p2a: Ting-Lu|55\/100|[from] Stealth Rock\n|-ability|p2a: Ting-Lu|Vessel of Ruin\n|move|p1a: Cytherea|Scald|p2a: Ting-Lu\n|-supereffective|p2a: Ting-Lu\n|-damage|p2a: Ting-Lu|31\/100\n|-status|p2a: Ting-Lu|brn\n|\n|-damage|p2a: Ting-Lu|25\/100 brn|[from] brn\n|upkeep\n|turn|36\n|\n|t:|1700469042\n|move|p1a: Cytherea|Scald|p2a: Ting-Lu\n|-supereffective|p2a: Ting-Lu\n|-damage|p2a: Ting-Lu|1\/100 brn\n|move|p2a: Ting-Lu|Ruination|p1a: Cytherea\n|-damage|p1a: Cytherea|35\/100\n|\n|-damage|p2a: Ting-Lu|0 fnt|[from] brn\n|faint|p2a: Ting-Lu\n|upkeep\n|\n|t:|1700469049\n|switch|p2a: Slowking|Slowking-Galar, M|59\/100\n|-damage|p2a: Slowking|47\/100|[from] Stealth Rock\n|turn|37\n|\n|t:|1700469056\n|move|p1a: Cytherea|Recover|p1a: Cytherea\n|-heal|p1a: Cytherea|85\/100\n|move|p2a: Slowking|Future Sight|p1a: Cytherea\n|-start|p2a: Slowking|move: Future Sight\n|\n|upkeep\n|turn|38\n|\n|t:|1700469065\n|move|p1a: Cytherea|Scald|p2a: Slowking\n|-damage|p2a: Slowking|30\/100\n|-status|p2a: Slowking|brn\n|move|p2a: Slowking|Chilly Reception|p2a: Slowking\n|-weather|Snow\n|\n|t:|1700469068\n|switch|p2a: Zapdos|Zapdos|92\/100|[from] Chilly Reception\n|\n|-weather|Snow|[upkeep]\n|upkeep\n|turn|39\n|\n|t:|1700469076\n|move|p2a: Zapdos|Thunder Wave|p1a: Cytherea\n|-status|p1a: Cytherea|par\n|move|p1a: Cytherea|Mirror Coat||[still]\n|-fail|p1a: Cytherea\n|\n|-weather|Snow|[upkeep]\n|-end|p1a: Cytherea|move: Future Sight\n|-damage|p1a: Cytherea|61\/100 par\n|upkeep\n|turn|40\n|\n|t:|1700469085\n|move|p2a: Zapdos|Volt Switch|p1a: Cytherea\n|-supereffective|p1a: Cytherea\n|-damage|p1a: Cytherea|29\/100 par\n|\n|t:|1700469087\n|switch|p2a: Dragapult|Dragapult, M|100\/100|[from] Volt Switch\n|move|p1a: Cytherea|Recover|p1a: Cytherea\n|-heal|p1a: Cytherea|79\/100 par\n|\n|-weather|Snow|[upkeep]\n|upkeep\n|turn|41\n|\n|t:|1700469096\n|move|p2a: Dragapult|Hex|p1a: Cytherea\n|-damage|p1a: Cytherea|45\/100 par\n|move|p1a: Cytherea|Mirror Coat|p2a: Dragapult\n|-damage|p2a: Dragapult|15\/100\n|\n|-weather|Snow|[upkeep]\n|upkeep\n|turn|42\n|\n|t:|1700469103\n|move|p2a: Dragapult|Hex|p1a: Cytherea\n|-damage|p1a: Cytherea|12\/100 par\n|move|p1a: Cytherea|Recover|p1a: Cytherea\n|-heal|p1a: Cytherea|62\/100 par\n|\n|-weather|none\n|upkeep\n|turn|43\n|\n|t:|1700469111\n|switch|p1a: Goth|Mandibuzz, F, shiny|87\/100\n|-damage|p1a: Goth|62\/100|[from] Stealth Rock\n|move|p2a: Dragapult|Hex|p1a: Goth\n|-resisted|p1a: Goth\n|-damage|p1a: Goth|51\/100\n|\n|upkeep\n|turn|44\n|\n|t:|1700469120\n|move|p2a: Dragapult|Will-O-Wisp|p1a: Goth\n|-status|p1a: Goth|brn\n|move|p1a: Goth|Knock Off|p2a: Dragapult\n|-supereffective|p2a: Dragapult\n|-crit|p2a: Dragapult\n|-damage|p2a: Dragapult|0 fnt\n|-enditem|p2a: Dragapult|Heavy-Duty Boots|[from] move: Knock Off|[of] p1a: Goth\n|faint|p2a: Dragapult\n|\n|-damage|p1a: Goth|45\/100 brn|[from] brn\n|upkeep\n|\n|t:|1700469124\n|switch|p2a: Gholdengo|Gholdengo|96\/100\n|turn|45\n|\n|t:|1700469144\n|move|p2a: Gholdengo|Shadow Ball|p1a: Goth\n|-resisted|p1a: Goth\n|-damage|p1a: Goth|25\/100 brn\n|move|p1a: Goth|Knock Off|p2a: Gholdengo\n|-supereffective|p2a: Gholdengo\n|-damage|p2a: Gholdengo|71\/100\n|-enditem|p2a: Gholdengo|Heavy-Duty Boots|[from] move: Knock Off|[of] p1a: Goth\n|\n|-damage|p1a: Goth|19\/100 brn|[from] brn\n|upkeep\n|turn|46\n|\n|t:|1700469155\n|move|p2a: Gholdengo|Shadow Ball|p1a: Goth\n|-resisted|p1a: Goth\n|-damage|p1a: Goth|0 fnt\n|faint|p1a: Goth\n|\n|upkeep\n|\n|t:|1700469160\n|switch|p1a: Creep|Dragapult, F, shiny|36\/100 tox\n|-damage|p1a: Creep|24\/100 tox|[from] Stealth Rock\n|turn|47\n|\n|t:|1700469165\n|switch|p2a: Slowking|Slowking-Galar, M|63\/100 brn\n|-damage|p2a: Slowking|50\/100 brn|[from] Stealth Rock\n|move|p1a: Creep|Shadow Ball|p2a: Slowking\n|-supereffective|p2a: Slowking\n|-damage|p2a: Slowking|0 fnt\n|faint|p2a: Slowking\n|\n|-damage|p1a: Creep|18\/100 tox|[from] psn\n|upkeep\n|\n|t:|1700469169\n|switch|p2a: Zapdos|Zapdos|92\/100\n|turn|48\n|\n|t:|1700469178\n|move|p1a: Creep|Shadow Ball|p2a: Zapdos\n|-damage|p2a: Zapdos|37\/100\n|move|p2a: Zapdos|Roost|p2a: Zapdos\n|-heal|p2a: Zapdos|87\/100\n|-singleturn|p2a: Zapdos|move: Roost\n|\n|-damage|p1a: Creep|6\/100 tox|[from] psn\n|upkeep\n|turn|49\n|\n|t:|1700469188\n|move|p1a: Creep|Shadow Ball|p2a: Zapdos\n|-damage|p2a: Zapdos|41\/100\n|-unboost|p2a: Zapdos|spd|1\n|move|p2a: Zapdos|Roost|p2a: Zapdos\n|-heal|p2a: Zapdos|91\/100\n|-singleturn|p2a: Zapdos|move: Roost\n|\n|-damage|p1a: Creep|0 fnt|[from] psn\n|faint|p1a: Creep\n|upkeep\n|inactive|mrbadd has 120 seconds left.\n|\n|t:|1700469223\n|switch|p1a: Huling El Bimbo|Skeledirge, M, shiny|100\/100\n|turn|50\n|inactive|mrbadd has 120 seconds left.\n|\n|t:|1700469230\n|move|p2a: Zapdos|Thunder Wave|p1a: Huling El Bimbo\n|-status|p1a: Huling El Bimbo|par\n|move|p1a: Huling El Bimbo|Torch Song|p2a: Zapdos\n|-damage|p2a: Zapdos|63\/100\n|-boost|p1a: Huling El Bimbo|spa|1\n|\n|upkeep\n|turn|51\n|\n|t:|1700469239\n|move|p2a: Zapdos|Volt Switch|p1a: Huling El Bimbo\n|-damage|p1a: Huling El Bimbo|80\/100 par\n|\n|t:|1700469241\n|switch|p2a: Gholdengo|Gholdengo|71\/100|[from] Volt Switch\n|-damage|p2a: Gholdengo|65\/100|[from] Stealth Rock\n|cant|p1a: Huling El Bimbo|par\n|\n|upkeep\n|turn|52\n|\n|t:|1700469258\n|-terastallize|p1a: Huling El Bimbo|Water\n|move|p2a: Gholdengo|Shadow Ball|p1a: Huling El Bimbo\n|-damage|p1a: Huling El Bimbo|46\/100 par\n|-unboost|p1a: Huling El Bimbo|spd|1\n|move|p1a: Huling El Bimbo|Torch Song|p2a: Gholdengo\n|-supereffective|p2a: Gholdengo\n|-damage|p2a: Gholdengo|0 fnt\n|-boost|p1a: Huling El Bimbo|spa|1\n|faint|p2a: Gholdengo\n|\n|upkeep\n|\n|t:|1700469261\n|switch|p2a: Zapdos|Zapdos|63\/100\n|turn|53\n|\n|t:|1700469273\n|switch|p1a: Angel Eyes|Clefable, M, shiny|99\/100\n|-status|p1a: Angel Eyes|tox\n|move|p2a: Zapdos|Volt Switch|p1a: Angel Eyes\n|-damage|p1a: Angel Eyes|75\/100 tox\n|\n|t:|1700469279\n|switch|p2a: Corviknight|Corviknight, M|75\/100|[from] Volt Switch\n|-damage|p2a: Corviknight|63\/100|[from] Stealth Rock\n|-ability|p2a: Corviknight|Pressure\n|\n|-heal|p1a: Angel Eyes|81\/100 tox|[from] item: Leftovers\n|upkeep\n|turn|54\n|\n|t:|1700469287\n|switch|p1a: Huling El Bimbo|Skeledirge, M, shiny, tera:Water|46\/100 par\n|move|p2a: Corviknight|Iron Defense|p2a: Corviknight\n|-boost|p2a: Corviknight|def|2\n|\n|upkeep\n|turn|55\n|\n|t:|1700469294\n|move|p2a: Corviknight|U-turn|p1a: Huling El Bimbo\n|-damage|p1a: Huling El Bimbo|34\/100 par\n|\n|t:|1700469296\n|switch|p2a: Zapdos|Zapdos|63\/100|[from] U-turn\n|move|p1a: Huling El Bimbo|Slack Off|p1a: Huling El Bimbo\n|-heal|p1a: Huling El Bimbo|84\/100 par\n|\n|upkeep\n|turn|56\n|\n|t:|1700469303\n|switch|p1a: Angel Eyes|Clefable, M, shiny|81\/100 tox\n|move|p2a: Zapdos|Roost|p2a: Zapdos\n|-heal|p2a: Zapdos|100\/100\n|-singleturn|p2a: Zapdos|move: Roost\n|\n|-heal|p1a: Angel Eyes|87\/100 tox|[from] item: Leftovers\n|upkeep\n|turn|57\n|\n|t:|1700469312\n|move|p2a: Zapdos|Hurricane|p1a: Angel Eyes\n|-damage|p1a: Angel Eyes|45\/100 tox\n|move|p1a: Angel Eyes|Moonblast|p2a: Zapdos\n|-damage|p2a: Zapdos|71\/100\n|\n|-heal|p1a: Angel Eyes|51\/100 tox|[from] item: Leftovers\n|upkeep\n|turn|58\n|\n|t:|1700469321\n|move|p2a: Zapdos|Hurricane|p1a: Angel Eyes\n|-damage|p1a: Angel Eyes|10\/100 tox\n|move|p1a: Angel Eyes|Moonlight|p1a: Angel Eyes\n|-heal|p1a: Angel Eyes|60\/100 tox\n|\n|-heal|p1a: Angel Eyes|66\/100 tox|[from] item: Leftovers\n|upkeep\n|turn|59\n|\n|t:|1700469329\n|move|p2a: Zapdos|Hurricane|p1a: Angel Eyes\n|-damage|p1a: Angel Eyes|22\/100 tox\n|move|p1a: Angel Eyes|Moonlight|p1a: Angel Eyes\n|-heal|p1a: Angel Eyes|72\/100 tox\n|\n|-heal|p1a: Angel Eyes|78\/100 tox|[from] item: Leftovers\n|upkeep\n|turn|60\n|\n|t:|1700469342\n|move|p2a: Zapdos|Hurricane|p1a: Angel Eyes\n|-damage|p1a: Angel Eyes|35\/100 tox\n|-start|p1a: Angel Eyes|confusion\n|-activate|p1a: Angel Eyes|confusion\n|-damage|p1a: Angel Eyes|30\/100 tox|[from] confusion\n|\n|-heal|p1a: Angel Eyes|37\/100 tox|[from] item: Leftovers\n|upkeep\n|turn|61\n|\n|t:|1700469351\n|move|p2a: Zapdos|Hurricane|p1a: Angel Eyes\n|-damage|p1a: Angel Eyes|0 fnt\n|faint|p1a: Angel Eyes\n|\n|upkeep\n|\n|t:|1700469356\n|switch|p1a: Cytherea|Milotic, F|62\/100 par\n|-damage|p1a: Cytherea|49\/100 par|[from] Stealth Rock\n|turn|62\n|\n|t:|1700469363\n|switch|p2a: Corviknight|Corviknight, M|63\/100\n|-damage|p2a: Corviknight|51\/100|[from] Stealth Rock\n|-ability|p2a: Corviknight|Pressure\n|cant|p1a: Cytherea|par\n|\n|upkeep\n|turn|63\n|\n|t:|1700469371\n|-terastallize|p2a: Corviknight|Grass\n|move|p2a: Corviknight|Iron Defense|p2a: Corviknight\n|-boost|p2a: Corviknight|def|2\n|move|p1a: Cytherea|Recover|p1a: Cytherea\n|-heal|p1a: Cytherea|99\/100 par\n|\n|upkeep\n|turn|64\n|\n|t:|1700469378\n|move|p2a: Corviknight|Body Press|p1a: Cytherea\n|-damage|p1a: Cytherea|62\/100 par\n|cant|p1a: Cytherea|par\n|\n|upkeep\n|turn|65\n|\n|t:|1700469384\n|move|p2a: Corviknight|Body Press|p1a: Cytherea\n|-damage|p1a: Cytherea|26\/100 par\n|move|p1a: Cytherea|Haze|p1a: Cytherea\n|-clearallboost\n|\n|upkeep\n|turn|66\n|\n|t:|1700469391\n|move|p2a: Corviknight|Body Press|p1a: Cytherea\n|-damage|p1a: Cytherea|6\/100 par\n|move|p1a: Cytherea|Recover|p1a: Cytherea\n|-heal|p1a: Cytherea|56\/100 par\n|\n|upkeep\n|turn|67\n|\n|t:|1700469398\n|move|p2a: Corviknight|Roost|p2a: Corviknight\n|-heal|p2a: Corviknight|100\/100\n|move|p1a: Cytherea|Recover|p1a: Cytherea\n|-heal|p1a: Cytherea|100\/100 par\n|\n|upkeep\n|turn|68\n|\n|t:|1700469404\n|move|p2a: Corviknight|Iron Defense|p2a: Corviknight\n|-boost|p2a: Corviknight|def|2\n|move|p1a: Cytherea|Scald|p2a: Corviknight\n|-resisted|p2a: Corviknight\n|-damage|p2a: Corviknight|86\/100\n|\n|upkeep\n|turn|69\n|\n|t:|1700469411\n|move|p2a: Corviknight|Body Press|p1a: Cytherea\n|-damage|p1a: Cytherea|62\/100 par\n|move|p1a: Cytherea|Haze|p1a: Cytherea\n|-clearallboost\n|\n|upkeep\n|turn|70\n|\n|t:|1700469418\n|move|p2a: Corviknight|Iron Defense|p2a: Corviknight\n|-boost|p2a: Corviknight|def|2\n|move|p1a: Cytherea|Scald|p2a: Corviknight\n|-resisted|p2a: Corviknight\n|-damage|p2a: Corviknight|73\/100\n|\n|upkeep\n|turn|71\n|\n|t:|1700469427\n|move|p2a: Corviknight|Body Press|p1a: Cytherea\n|-damage|p1a: Cytherea|27\/100 par\n|move|p1a: Cytherea|Haze|p1a: Cytherea\n|-clearallboost\n|\n|upkeep\n|turn|72\n|\n|t:|1700469439\n|move|p2a: Corviknight|U-turn|p1a: Cytherea\n|-damage|p1a: Cytherea|17\/100 par\n|\n|t:|1700469441\n|switch|p2a: Zapdos|Zapdos|71\/100|[from] U-turn\n|move|p1a: Cytherea|Scald|p2a: Zapdos\n|-damage|p2a: Zapdos|42\/100\n|\n|upkeep\n|turn|73\n|\n|t:|1700469449\n|move|p2a: Zapdos|Hurricane|p1a: Cytherea\n|-crit|p1a: Cytherea\n|-damage|p1a: Cytherea|0 fnt\n|faint|p1a: Cytherea\n|\n|upkeep\n|\n|t:|1700469454\n|switch|p1a: Huling El Bimbo|Skeledirge, M, shiny, tera:Water|84\/100 par\n|turn|74\n|\n|t:|1700469459\n|move|p2a: Zapdos|Roost|p2a: Zapdos\n|-heal|p2a: Zapdos|92\/100\n|-singleturn|p2a: Zapdos|move: Roost\n|move|p1a: Huling El Bimbo|Torch Song|p2a: Zapdos\n|-damage|p2a: Zapdos|63\/100\n|-boost|p1a: Huling El Bimbo|spa|1\n|\n|upkeep\n|turn|75\n|\n|t:|1700469468\n|move|p2a: Zapdos|Volt Switch|p1a: Huling El Bimbo\n|-supereffective|p1a: Huling El Bimbo\n|-damage|p1a: Huling El Bimbo|44\/100 par\n|\n|t:|1700469471\n|switch|p2a: Corviknight|Corviknight, M, tera:Grass|73\/100|[from] Volt Switch\n|-damage|p2a: Corviknight|61\/100|[from] Stealth Rock\n|-ability|p2a: Corviknight|Pressure\n|move|p1a: Huling El Bimbo|Slack Off|p1a: Huling El Bimbo\n|-heal|p1a: Huling El Bimbo|94\/100 par\n|\n|upkeep\n|turn|76\n|\n|t:|1700469480\n|move|p2a: Corviknight|Body Press|p1a: Huling El Bimbo\n|-damage|p1a: Huling El Bimbo|73\/100 par\n|move|p1a: Huling El Bimbo|Torch Song|p2a: Corviknight\n|-supereffective|p2a: Corviknight\n|-damage|p2a: Corviknight|0 fnt\n|-boost|p1a: Huling El Bimbo|spa|1\n|faint|p2a: Corviknight\n|\n|upkeep\n|\n|t:|1700469483\n|switch|p2a: Zapdos|Zapdos|63\/100\n|turn|77\n|\n|t:|1700469490\n|move|p2a: Zapdos|Volt Switch|p1a: Huling El Bimbo\n|-supereffective|p1a: Huling El Bimbo\n|-damage|p1a: Huling El Bimbo|28\/100 par\n|cant|p1a: Huling El Bimbo|par\n|\n|upkeep\n|turn|78\n|-message|mrbadd forfeited.\n|\n|win|VYK3\n|raw|mrbadd's rating: 1345 &rarr; <strong>1325<\/strong><br \/>(-20 for losing)\n|raw|VYK3's rating: 1337 &rarr; <strong>1357<\/strong><br \/>(+20 for winning)\n|l|\u2606mrbadd\n|l|\u2606VYK3\n|j|\u2606VYK3\n|player|p2|VYK3|veteranf\n","uploadtime":1700469518,"views":13,"p1id":"mrbadd","p2id":"vyk3","formatid":"gen9ou","rating":1325,"private":0,"password":""}