{"id":"gen9ou-1993908340","p1":"Taff_Live","p2":"QuackBarz","format":"[Gen 9] OU","log":"|j|\u2606Taff_Live\n|j|\u2606QuackBarz\n|t:|1700373584\n|gametype|singles\n|player|p1|Taff_Live|1|1170\n|player|p2|QuackBarz|1|1191\n|teamsize|p1|6\n|teamsize|p2|6\n|gen|9\n|tier|[Gen 9] OU\n|rated|\n|rule|Sleep Clause Mod: Limit one foe put to sleep\n|rule|Species Clause: Limit one of each Pok\u00e9mon\n|rule|OHKO Clause: OHKO moves are banned\n|rule|Evasion Items Clause: Evasion items are banned\n|rule|Evasion Moves Clause: Evasion moves are banned\n|rule|Endless Battle Clause: Forcing endless battles is banned\n|rule|HP Percentage Mod: HP is shown in percentages\n|clearpoke\n|poke|p1|Rillaboom, F|\n|poke|p1|Toxapex, F|\n|poke|p1|Landorus-Therian, M|\n|poke|p1|Hatterene, F|\n|poke|p1|Great Tusk|\n|poke|p1|Ceruledge, M|\n|poke|p2|Scizor, M|\n|poke|p2|Gastrodon, F|\n|poke|p2|Zapdos|\n|poke|p2|Ambipom, F|\n|poke|p2|Cinderace, F|\n|poke|p2|Landorus-Therian, M|\n|teampreview\n|j| Umbre test\n|\n|t:|1700373594\n|start\n|switch|p1a: Landorus|Landorus-Therian, M|100\/100\n|switch|p2a: Gastrodon|Gastrodon, F|100\/100\n|-ability|p1a: Landorus|Intimidate|boost\n|-unboost|p2a: Gastrodon|atk|1\n|turn|1\n|\n|t:|1700373634\n|move|p1a: Landorus|Grass Knot|p2a: Gastrodon\n|-supereffective|p2a: Gastrodon\n|-crit|p2a: Gastrodon\n|-damage|p2a: Gastrodon|23\/100\n|move|p2a: Gastrodon|Ice Beam|p1a: Landorus\n|-supereffective|p1a: Landorus\n|-damage|p1a: Landorus|0 fnt\n|faint|p1a: Landorus\n|\n|-heal|p2a: Gastrodon|29\/100|[from] item: Leftovers\n|upkeep\n|\n|t:|1700373649\n|switch|p1a: Toxapex|Toxapex, F|100\/100\n|turn|2\n|\n|t:|1700373686\n|move|p2a: Gastrodon|Earth Power|p1a: Toxapex\n|-supereffective|p1a: Toxapex\n|-damage|p1a: Toxapex|43\/100\n|move|p1a: Toxapex|Toxic|p2a: Gastrodon\n|-status|p2a: Gastrodon|tox\n|\n|-heal|p2a: Gastrodon|36\/100 tox|[from] item: Leftovers\n|-damage|p2a: Gastrodon|29\/100 tox|[from] psn\n|upkeep\n|turn|3\n|inactive|Battle timer is ON: inactive players will automatically lose when time's up. (requested by Taff_Live)\n|\n|t:|1700373701\n|switch|p1a: Rillaboom|Rillaboom, F|100\/100\n|-fieldstart|move: Grassy Terrain|[from] ability: Grassy Surge|[of] p1a: Rillaboom\n|move|p2a: Gastrodon|Recover|p2a: Gastrodon\n|-heal|p2a: Gastrodon|79\/100 tox\n|\n|-heal|p2a: Gastrodon|86\/100 tox|[from] Grassy Terrain\n|-heal|p2a: Gastrodon|92\/100 tox|[from] item: Leftovers\n|-damage|p2a: Gastrodon|79\/100 tox|[from] psn\n|upkeep\n|turn|4\n|\n|t:|1700373721\n|switch|p2a: Scizor|Scizor, M|100\/100\n|move|p1a: Rillaboom|Grassy Glide|p2a: Scizor\n|-resisted|p2a: Scizor\n|-damage|p2a: Scizor|84\/100\n|\n|-heal|p2a: Scizor|91\/100|[from] Grassy Terrain\n|upkeep\n|turn|5\n|\n|t:|1700373734\n|switch|p1a: Toxapex|Toxapex, F|76\/100\n|move|p2a: Scizor|U-turn|p1a: Toxapex\n|-resisted|p1a: Toxapex\n|-damage|p1a: Toxapex|57\/100\n|\n|t:|1700373737\n|switch|p2a: Gastrodon|Gastrodon, F|79\/100 tox|[from] U-turn\n|\n|-heal|p2a: Gastrodon|86\/100 tox|[from] Grassy Terrain\n|-heal|p2a: Gastrodon|92\/100 tox|[from] item: Leftovers\n|-heal|p1a: Toxapex|63\/100|[from] Grassy Terrain\n|-damage|p2a: Gastrodon|86\/100 tox|[from] psn\n|upkeep\n|turn|6\n|\n|t:|1700373747\n|switch|p1a: Rillaboom|Rillaboom, F|100\/100\n|move|p2a: Gastrodon|Earth Power|p1a: Rillaboom\n|-resisted|p1a: Rillaboom\n|-damage|p1a: Rillaboom|75\/100\n|\n|-heal|p1a: Rillaboom|81\/100|[from] Grassy Terrain\n|-heal|p2a: Gastrodon|92\/100 tox|[from] Grassy Terrain\n|-heal|p2a: Gastrodon|98\/100 tox|[from] item: Leftovers\n|-damage|p2a: Gastrodon|86\/100 tox|[from] psn\n|upkeep\n|turn|7\n|\n|t:|1700373763\n|move|p1a: Rillaboom|Knock Off|p2a: Gastrodon\n|-damage|p2a: Gastrodon|30\/100 tox\n|-enditem|p2a: Gastrodon|Leftovers|[from] move: Knock Off|[of] p1a: Rillaboom\n|move|p2a: Gastrodon|Ice Beam|p1a: Rillaboom\n|-supereffective|p1a: Rillaboom\n|-damage|p1a: Rillaboom|9\/100\n|\n|-heal|p1a: Rillaboom|15\/100|[from] Grassy Terrain\n|-heal|p2a: Gastrodon|37\/100 tox|[from] Grassy Terrain\n|-damage|p2a: Gastrodon|18\/100 tox|[from] psn\n|-fieldend|move: Grassy Terrain\n|upkeep\n|turn|8\n|\n|t:|1700373774\n|move|p1a: Rillaboom|Knock Off|p2a: Gastrodon\n|-damage|p2a: Gastrodon|0 fnt\n|faint|p2a: Gastrodon\n|\n|upkeep\n|\n|t:|1700373783\n|switch|p2a: Scizor|Scizor, M|91\/100\n|turn|9\n|\n|t:|1700373788\n|switch|p1a: Toxapex|Toxapex, F|96\/100\n|move|p2a: Scizor|Knock Off|p1a: Toxapex\n|-damage|p1a: Toxapex|63\/100\n|-enditem|p1a: Toxapex|Heavy-Duty Boots|[from] move: Knock Off|[of] p2a: Scizor\n|\n|upkeep\n|turn|10\n|\n|t:|1700373799\n|switch|p2a: Zapdos|Zapdos|100\/100\n|move|p1a: Toxapex|Recover|p1a: Toxapex\n|-heal|p1a: Toxapex|100\/100\n|\n|upkeep\n|turn|11\n|\n|t:|1700373807\n|switch|p1a: Hatterene|Hatterene, F|100\/100\n|move|p2a: Zapdos|Hurricane|p1a: Hatterene\n|-damage|p1a: Hatterene|18\/100\n|-damage|p2a: Zapdos|91\/100|[from] item: Life Orb\n|\n|-heal|p1a: Hatterene|24\/100|[from] item: Leftovers\n|upkeep\n|turn|12\n|\n|t:|1700373819\n|switch|p1a: Toxapex|Toxapex, F|100\/100\n|move|p2a: Zapdos|Thunder|p1a: Toxapex\n|-supereffective|p1a: Toxapex\n|-damage|p1a: Toxapex|0 fnt\n|faint|p1a: Toxapex\n|-damage|p2a: Zapdos|81\/100|[from] item: Life Orb\n|\n|upkeep\n|-message|Taff_Live forfeited.\n|\n|win|QuackBarz\n|raw|Taff_Live's rating: 1170 &rarr; <strong>1148<\/strong><br \/>(-22 for losing)\n|raw|QuackBarz's rating: 1210 &rarr; <strong>1232<\/strong><br \/>(+22 for winning)\n|l|\u2606Taff_Live\n","uploadtime":1700373831,"views":10,"p1id":"tafflive","p2id":"quackbarz","formatid":"gen9ou","rating":1148,"private":0,"password":""}