{"id":"gen9ou-1996714278","p1":"PureVessel00","p2":"spicy piquant","format":"[Gen 9] OU","log":"|j|\u2606PureVessel00\n|j|\u2606spicy piquant\n|t:|1700713396\n|gametype|singles\n|player|p1|PureVessel00|pokemaniac|1633\n|player|p2|spicy piquant|170|1657\n|teamsize|p1|6\n|teamsize|p2|6\n|gen|9\n|tier|[Gen 9] OU\n|rated|\n|rule|Sleep Clause Mod: Limit one foe put to sleep\n|rule|Species Clause: Limit one of each Pok\u00e9mon\n|rule|OHKO Clause: OHKO moves are banned\n|rule|Evasion Items Clause: Evasion items are banned\n|rule|Evasion Moves Clause: Evasion moves are banned\n|rule|Endless Battle Clause: Forcing endless battles is banned\n|rule|HP Percentage Mod: HP is shown in percentages\n|clearpoke\n|poke|p1|Iron Valiant|\n|poke|p1|Gholdengo|\n|poke|p1|Cinderace, F|\n|poke|p1|Toxapex, M|\n|poke|p1|Corviknight, F|\n|poke|p1|Ursaluna, M|\n|poke|p2|Iron Valiant|\n|poke|p2|Gholdengo|\n|poke|p2|Cinderace, F|\n|poke|p2|Toxapex, F|\n|poke|p2|Corviknight, F|\n|poke|p2|Ursaluna, F|\n|teampreview\n|inactive|Battle timer is ON: inactive players will automatically lose when time's up. (requested by spicy piquant)\n|c|\u2606spicy piquant|nice team lol\n|c|\u2606PureVessel00|yooooo\n|\n|t:|1700713421\n|start\n|switch|p1a: Cinderace|Cinderace, F|100\/100\n|switch|p2a: Corviknight|Corviknight, F|100\/100\n|-ability|p2a: Corviknight|Pressure\n|turn|1\n|\n|t:|1700713429\n|switch|p2a: Toxapex|Toxapex, F|100\/100\n|move|p1a: Cinderace|Pyro Ball|p2a: Toxapex\n|-resisted|p2a: Toxapex\n|-damage|p2a: Toxapex|76\/100\n|\n|upkeep\n|turn|2\n|\n|t:|1700713437\n|move|p1a: Cinderace|U-turn|p2a: Toxapex\n|-start|p1a: Cinderace|typechange|Bug|[from] ability: Libero\n|-resisted|p2a: Toxapex\n|-damage|p2a: Toxapex|64\/100\n|\n|t:|1700713450\n|switch|p1a: Ursaluna|Ursaluna, M|100\/100|[from] U-turn\n|move|p2a: Toxapex|Surf|p1a: Ursaluna\n|-supereffective|p1a: Ursaluna\n|-damage|p1a: Ursaluna|45\/100\n|\n|-status|p1a: Ursaluna|brn|[from] item: Flame Orb\n|upkeep\n|turn|3\n|\n|t:|1700713471\n|switch|p2a: Corviknight|Corviknight, F|100\/100\n|-ability|p2a: Corviknight|Pressure\n|move|p1a: Ursaluna|Facade|p2a: Corviknight\n|-resisted|p2a: Corviknight\n|-damage|p2a: Corviknight|62\/100\n|-damage|p1a: Ursaluna|29\/100 brn|[from] item: Rocky Helmet|[of] p2a: Corviknight\n|\n|-damage|p1a: Ursaluna|22\/100 brn|[from] brn\n|upkeep\n|turn|4\n|\n|t:|1700713489\n|switch|p1a: Cinderace|Cinderace, F|100\/100\n|move|p2a: Corviknight|Body Press|p1a: Cinderace\n|-crit|p1a: Cinderace\n|-damage|p1a: Cinderace|46\/100\n|\n|upkeep\n|turn|5\n|\n|t:|1700713507\n|switch|p2a: Toxapex|Toxapex, F|97\/100\n|move|p1a: Cinderace|U-turn|p2a: Toxapex\n|-start|p1a: Cinderace|typechange|Bug|[from] ability: Libero\n|-resisted|p2a: Toxapex\n|-damage|p2a: Toxapex|84\/100\n|\n|t:|1700713513\n|switch|p1a: Ursaluna|Ursaluna, M|22\/100 brn|[from] U-turn\n|\n|-damage|p1a: Ursaluna|16\/100 brn|[from] brn\n|upkeep\n|turn|6\n|\n|t:|1700713522\n|switch|p2a: Gholdengo|Gholdengo|100\/100\n|-terastallize|p1a: Ursaluna|Normal\n|move|p1a: Ursaluna|Facade|p2a: Gholdengo\n|-immune|p2a: Gholdengo\n|\n|-damage|p1a: Ursaluna|10\/100 brn|[from] brn\n|upkeep\n|turn|7\n|\n|t:|1700713536\n|switch|p1a: Toxapex|Toxapex, M|100\/100\n|move|p2a: Gholdengo|Make It Rain|p1a: Toxapex\n|-resisted|p1a: Toxapex\n|-damage|p1a: Toxapex|79\/100\n|-unboost|p2a: Gholdengo|spa|1\n|\n|-heal|p1a: Toxapex|85\/100|[from] item: Leftovers\n|upkeep\n|turn|8\n|\n|t:|1700713559\n|switch|p2a: Corviknight|Corviknight, F|62\/100\n|-ability|p2a: Corviknight|Pressure\n|move|p1a: Toxapex|Infestation|p2a: Corviknight\n|-resisted|p2a: Corviknight\n|-damage|p2a: Corviknight|61\/100\n|-activate|p2a: Corviknight|move: Infestation|[of] p1a: Toxapex\n|-damage|p1a: Toxapex|69\/100|[from] item: Rocky Helmet|[of] p2a: Corviknight\n|\n|-heal|p1a: Toxapex|75\/100|[from] item: Leftovers\n|-damage|p2a: Corviknight|49\/100|[from] move: Infestation|[partiallytrapped]\n|upkeep\n|turn|9\n|\n|t:|1700713573\n|move|p2a: Corviknight|U-turn|p1a: Toxapex\n|-resisted|p1a: Toxapex\n|-damage|p1a: Toxapex|69\/100\n|\n|t:|1700713577\n|switch|p2a: Gholdengo|Gholdengo|100\/100|[from] U-turn\n|move|p1a: Toxapex|Surf|p2a: Gholdengo\n|-damage|p2a: Gholdengo|77\/100\n|\n|-heal|p1a: Toxapex|75\/100|[from] item: Leftovers\n|upkeep\n|turn|10\n|\n|t:|1700713590\n|switch|p2a: Ursaluna|Ursaluna, F|100\/100\n|switch|p1a: Ursaluna|Ursaluna, M, tera:Normal|10\/100 brn\n|\n|-damage|p1a: Ursaluna|4\/100 brn|[from] brn\n|-status|p2a: Ursaluna|brn|[from] item: Flame Orb\n|upkeep\n|turn|11\n|\n|t:|1700713599\n|switch|p2a: Corviknight|Corviknight, F|49\/100\n|-ability|p2a: Corviknight|Pressure\n|move|p1a: Ursaluna|Facade|p2a: Corviknight\n|-resisted|p2a: Corviknight\n|-damage|p2a: Corviknight|1\/100\n|-damage|p1a: Ursaluna|0 fnt|[from] item: Rocky Helmet|[of] p2a: Corviknight\n|faint|p1a: Ursaluna\n|\n|upkeep\n|\n|t:|1700713609\n|switch|p1a: Cinderace|Cinderace, F|46\/100\n|turn|12\n|\n|t:|1700713624\n|move|p1a: Cinderace|U-turn|p2a: Corviknight\n|-start|p1a: Cinderace|typechange|Bug|[from] ability: Libero\n|-resisted|p2a: Corviknight\n|-damage|p2a: Corviknight|0 fnt\n|-damage|p1a: Cinderace|29\/100|[from] item: Rocky Helmet|[of] p2a: Corviknight\n|faint|p2a: Corviknight\n|\n|t:|1700713636\n|switch|p1a: Gholdengo|Gholdengo|100\/100|[from] U-turn\n|\n|upkeep\n|\n|t:|1700713654\n|switch|p2a: Ursaluna|Ursaluna, F|100\/100 brn\n|turn|13\n|\n|t:|1700713662\n|move|p1a: Gholdengo|Focus Blast|p2a: Ursaluna\n|-supereffective|p2a: Ursaluna\n|-damage|p2a: Ursaluna|17\/100 brn\n|move|p2a: Ursaluna|Swords Dance|p2a: Ursaluna\n|-boost|p2a: Ursaluna|atk|2\n|\n|-damage|p2a: Ursaluna|11\/100 brn|[from] brn\n|upkeep\n|turn|14\n|\n|t:|1700713672\n|switch|p2a: Gholdengo|Gholdengo|77\/100\n|move|p1a: Gholdengo|Focus Blast|p2a: Gholdengo\n|-immune|p2a: Gholdengo\n|\n|upkeep\n|turn|15\n|\n|t:|1700713682\n|switch|p1a: Toxapex|Toxapex, M|100\/100\n|move|p2a: Gholdengo|Trick|p1a: Toxapex\n|-activate|p2a: Gholdengo|move: Trick|[of] p1a: Toxapex\n|-item|p1a: Toxapex|Choice Scarf|[from] move: Trick\n|-item|p2a: Gholdengo|Leftovers|[from] move: Trick\n|\n|-heal|p2a: Gholdengo|83\/100|[from] item: Leftovers\n|upkeep\n|turn|16\n|\n|t:|1700713703\n|move|p2a: Gholdengo|Shadow Ball|p1a: Toxapex\n|-damage|p1a: Toxapex|69\/100\n|move|p1a: Toxapex|Surf|p2a: Gholdengo\n|-damage|p2a: Gholdengo|59\/100\n|\n|-heal|p2a: Gholdengo|65\/100|[from] item: Leftovers\n|upkeep\n|turn|17\n|\n|t:|1700713713\n|switch|p2a: Toxapex|Toxapex, F|100\/100\n|move|p1a: Toxapex|Surf|p2a: Toxapex\n|-resisted|p2a: Toxapex\n|-damage|p2a: Toxapex|95\/100\n|\n|upkeep\n|turn|18\n|\n|t:|1700713722\n|switch|p1a: Gholdengo|Gholdengo|100\/100\n|switch|p2a: Cinderace|Cinderace, F|100\/100\n|\n|upkeep\n|turn|19\n|j| encostoo\n|\n|t:|1700713741\n|switch|p1a: Toxapex|Toxapex, M|100\/100\n|move|p2a: Cinderace|U-turn|p1a: Toxapex\n|-start|p2a: Cinderace|typechange|Bug|[from] ability: Libero\n|-resisted|p1a: Toxapex\n|-damage|p1a: Toxapex|88\/100\n|\n|t:|1700713745\n|switch|p2a: Toxapex|Toxapex, F|100\/100|[from] U-turn\n|\n|upkeep\n|turn|20\n|j| SwabbyYabby\n|\n|t:|1700713762\n|move|p1a: Toxapex|Infestation|p2a: Toxapex\n|-resisted|p2a: Toxapex\n|-damage|p2a: Toxapex|99\/100\n|-activate|p2a: Toxapex|move: Infestation|[of] p1a: Toxapex\n|move|p2a: Toxapex|Infestation|p1a: Toxapex\n|-resisted|p1a: Toxapex\n|-damage|p1a: Toxapex|86\/100\n|-activate|p1a: Toxapex|move: Infestation|[of] p2a: Toxapex\n|\n|-damage|p1a: Toxapex|74\/100|[from] move: Infestation|[partiallytrapped]\n|-damage|p2a: Toxapex|87\/100|[from] move: Infestation|[partiallytrapped]\n|upkeep\n|turn|21\n|\n|t:|1700713771\n|move|p1a: Toxapex|Infestation|p2a: Toxapex\n|-resisted|p2a: Toxapex\n|-damage|p2a: Toxapex|86\/100\n|move|p2a: Toxapex|Acid Spray|p1a: Toxapex\n|-resisted|p1a: Toxapex\n|-damage|p1a: Toxapex|69\/100\n|-unboost|p1a: Toxapex|spd|2\n|\n|-damage|p1a: Toxapex|57\/100|[from] move: Infestation|[partiallytrapped]\n|-damage|p2a: Toxapex|74\/100|[from] move: Infestation|[partiallytrapped]\n|upkeep\n|turn|22\n|\n|t:|1700713779\n|move|p1a: Toxapex|Infestation|p2a: Toxapex\n|-resisted|p2a: Toxapex\n|-damage|p2a: Toxapex|73\/100\n|move|p2a: Toxapex|Acid Spray|p1a: Toxapex\n|-resisted|p1a: Toxapex\n|-damage|p1a: Toxapex|49\/100\n|-unboost|p1a: Toxapex|spd|2\n|\n|-damage|p1a: Toxapex|37\/100|[from] move: Infestation|[partiallytrapped]\n|-damage|p2a: Toxapex|61\/100|[from] move: Infestation|[partiallytrapped]\n|upkeep\n|turn|23\n|\n|t:|1700713788\n|move|p1a: Toxapex|Infestation|p2a: Toxapex\n|-resisted|p2a: Toxapex\n|-damage|p2a: Toxapex|60\/100\n|move|p2a: Toxapex|Surf|p1a: Toxapex\n|-resisted|p1a: Toxapex\n|-damage|p1a: Toxapex|7\/100\n|\n|-damage|p1a: Toxapex|0 fnt|[from] move: Infestation|[partiallytrapped]\n|faint|p1a: Toxapex\n|-end|p2a: Toxapex|Infestation|[partiallytrapped]|[silent]\n|upkeep\n|\n|t:|1700713802\n|switch|p1a: Gholdengo|Gholdengo|100\/100\n|turn|24\n|\n|t:|1700713807\n|switch|p2a: Ursaluna|Ursaluna, F|11\/100 brn\n|move|p1a: Gholdengo|Shadow Ball|p2a: Ursaluna\n|-immune|p2a: Ursaluna\n|\n|-damage|p2a: Ursaluna|5\/100 brn|[from] brn\n|upkeep\n|turn|25\n|\n|t:|1700713818\n|switch|p1a: Corviknight|Corviknight, F|100\/100\n|-ability|p1a: Corviknight|Pressure\n|move|p2a: Ursaluna|Facade|p1a: Corviknight\n|-resisted|p1a: Corviknight\n|-damage|p1a: Corviknight|63\/100\n|-damage|p2a: Ursaluna|0 fnt|[from] item: Rocky Helmet|[of] p1a: Corviknight\n|faint|p2a: Ursaluna\n|\n|upkeep\n|\n|t:|1700713824\n|switch|p2a: Cinderace|Cinderace, F|100\/100\n|turn|26\n|\n|t:|1700713834\n|move|p2a: Cinderace|Pyro Ball|p1a: Corviknight\n|-supereffective|p1a: Corviknight\n|-damage|p1a: Corviknight|0 fnt\n|faint|p1a: Corviknight\n|\n|upkeep\n|\n|t:|1700713841\n|switch|p1a: Gholdengo|Gholdengo|100\/100\n|turn|27\n|\n|t:|1700713849\n|move|p2a: Cinderace|Sucker Punch|p1a: Gholdengo\n|-start|p2a: Cinderace|typechange|Dark|[from] ability: Libero\n|-supereffective|p1a: Gholdengo\n|-damage|p1a: Gholdengo|18\/100\n|move|p1a: Gholdengo|Shadow Ball|p2a: Cinderace\n|-resisted|p2a: Cinderace\n|-damage|p2a: Cinderace|68\/100\n|\n|upkeep\n|turn|28\n|\n|t:|1700713859\n|move|p1a: Gholdengo|Shadow Ball|p2a: Cinderace\n|-resisted|p2a: Cinderace\n|-damage|p2a: Cinderace|37\/100\n|move|p2a: Cinderace|Pyro Ball|p1a: Gholdengo|[miss]\n|-miss|p2a: Cinderace|p1a: Gholdengo\n|\n|upkeep\n|turn|29\n|\n|t:|1700713866\n|move|p2a: Cinderace|Sucker Punch|p1a: Gholdengo\n|-supereffective|p1a: Gholdengo\n|-damage|p1a: Gholdengo|0 fnt\n|faint|p1a: Gholdengo\n|\n|upkeep\n|\n|t:|1700713874\n|switch|p1a: Iron Valiant|Iron Valiant|100\/100\n|-enditem|p1a: Iron Valiant|Booster Energy\n|-activate|p1a: Iron Valiant|ability: Quark Drive|[fromitem]\n|-start|p1a: Iron Valiant|quarkdrivespe\n|turn|30\n|\n|t:|1700713880\n|move|p1a: Iron Valiant|Moonblast|p2a: Cinderace\n|-supereffective|p2a: Cinderace\n|-damage|p2a: Cinderace|0 fnt\n|faint|p2a: Cinderace\n|\n|upkeep\n|\n|t:|1700713883\n|switch|p2a: Toxapex|Toxapex, F|93\/100\n|turn|31\n|\n|t:|1700713888\n|move|p1a: Iron Valiant|Knock Off|p2a: Toxapex\n|-damage|p2a: Toxapex|71\/100\n|-enditem|p2a: Toxapex|Assault Vest|[from] move: Knock Off|[of] p1a: Iron Valiant\n|move|p2a: Toxapex|Sludge Bomb|p1a: Iron Valiant\n|-supereffective|p1a: Iron Valiant\n|-damage|p1a: Iron Valiant|0 fnt\n|faint|p1a: Iron Valiant\n|-end|p1a: Iron Valiant|Quark Drive|[silent]\n|\n|upkeep\n|c|\u2606spicy piquant|gg\n|c|\u2606PureVessel00|gg\n|\n|t:|1700713899\n|switch|p1a: Cinderace|Cinderace, F|29\/100\n|turn|32\n|\n|t:|1700713904\n|move|p1a: Cinderace|Pyro Ball|p2a: Toxapex|[miss]\n|-miss|p1a: Cinderace|p2a: Toxapex\n|move|p2a: Toxapex|Surf|p1a: Cinderace\n|-supereffective|p1a: Cinderace\n|-damage|p1a: Cinderace|0 fnt\n|faint|p1a: Cinderace\n|\n|win|spicy piquant\n|raw|PureVessel00's rating: 1618 &rarr; <strong>1601<\/strong><br \/>(-17 for losing)\n|raw|spicy piquant's rating: 1673 &rarr; <strong>1690<\/strong><br \/>(+17 for winning)\n|l|\u2606spicy piquant\n|l|\u2606PureVessel00\n","uploadtime":1700713923,"views":15,"p1id":"purevessel00","p2id":"spicypiquant","formatid":"gen9ou","rating":1601,"private":0,"password":""}