{"id":"gen9ou-1995587609","p1":"PLAYB0I R0BBIE B","p2":"Piramat","format":"[Gen 9] OU","log":"|j|\u2606PLAYB0I R0BBIE B\n|j|\u2606Piramat\n|t:|1700585281\n|gametype|singles\n|player|p1|PLAYB0I R0BBIE B|eusine|1358\n|player|p2|Piramat|teamrocket|1338\n|teamsize|p1|6\n|teamsize|p2|6\n|gen|9\n|tier|[Gen 9] OU\n|rated|\n|rule|Sleep Clause Mod: Limit one foe put to sleep\n|rule|Species Clause: Limit one of each Pok\u00e9mon\n|rule|OHKO Clause: OHKO moves are banned\n|rule|Evasion Items Clause: Evasion items are banned\n|rule|Evasion Moves Clause: Evasion moves are banned\n|rule|Endless Battle Clause: Forcing endless battles is banned\n|rule|HP Percentage Mod: HP is shown in percentages\n|clearpoke\n|poke|p1|Meowscarada, F|\n|poke|p1|Heatran, F|\n|poke|p1|Thundurus-Therian, M|\n|poke|p1|Dragapult, F|\n|poke|p1|Great Tusk|\n|poke|p1|Azumarill, F|\n|poke|p2|Cinderace, F|\n|poke|p2|Enamorus, F|\n|poke|p2|Dragonite, M|\n|poke|p2|Ribombee, F|\n|poke|p2|Gholdengo|\n|poke|p2|Garganacl, M|\n|teampreview\n|inactive|Battle timer is ON: inactive players will automatically lose when time's up. (requested by PLAYB0I R0BBIE B)\n|\n|t:|1700585309\n|start\n|switch|p1a: 5% TINT|Heatran, F|100\/100\n|switch|p2a: Ribombee|Ribombee, F|100\/100\n|-item|p1a: 5% TINT|Air Balloon\n|turn|1\n|\n|t:|1700585318\n|move|p2a: Ribombee|Sticky Web|p1a: 5% TINT\n|-sidestart|p1: PLAYB0I R0BBIE B|move: Sticky Web\n|move|p1a: 5% TINT|Magma Storm|p2a: Ribombee\n|-supereffective|p2a: Ribombee\n|-enditem|p2a: Ribombee|Focus Sash\n|-damage|p2a: Ribombee|1\/100\n|-activate|p2a: Ribombee|move: Magma Storm|[of] p1a: 5% TINT\n|\n|-damage|p2a: Ribombee|0 fnt|[from] move: Magma Storm|[partiallytrapped]\n|faint|p2a: Ribombee\n|upkeep\n|\n|t:|1700585332\n|switch|p2a: Enamorus|Enamorus, F|100\/100\n|turn|2\n|\n|t:|1700585338\n|switch|p1a: CAN'T SAY|Azumarill, F|100\/100\n|-activate|p1a: CAN'T SAY|move: Sticky Web\n|-unboost|p1a: CAN'T SAY|spe|1\n|move|p2a: Enamorus|Superpower|p1a: CAN'T SAY\n|-resisted|p1a: CAN'T SAY\n|-damage|p1a: CAN'T SAY|82\/100\n|-boost|p2a: Enamorus|atk|1\n|-boost|p2a: Enamorus|def|1\n|\n|upkeep\n|turn|3\n|\n|t:|1700585351\n|-terastallize|p2a: Enamorus|Steel\n|move|p2a: Enamorus|Iron Head|p1a: CAN'T SAY\n|-damage|p1a: CAN'T SAY|21\/100\n|move|p1a: CAN'T SAY|Ice Spinner|p2a: Enamorus\n|-resisted|p2a: Enamorus\n|-damage|p2a: Enamorus|83\/100\n|\n|-heal|p2a: Enamorus|89\/100|[from] item: Leftovers\n|upkeep\n|turn|4\n|\n|t:|1700585370\n|move|p2a: Enamorus|Superpower|p1a: CAN'T SAY\n|-resisted|p1a: CAN'T SAY\n|-damage|p1a: CAN'T SAY|0 fnt\n|-boost|p2a: Enamorus|atk|1\n|-boost|p2a: Enamorus|def|1\n|faint|p1a: CAN'T SAY\n|\n|-heal|p2a: Enamorus|95\/100|[from] item: Leftovers\n|upkeep\n|\n|t:|1700585372\n|switch|p1a: YOSEMITE|Great Tusk|100\/100\n|turn|5\n|\n|t:|1700585382\n|-terastallize|p1a: YOSEMITE|Poison\n|move|p2a: Enamorus|Zen Headbutt|p1a: YOSEMITE\n|-supereffective|p1a: YOSEMITE\n|-damage|p1a: YOSEMITE|20\/100\n|move|p1a: YOSEMITE|Rapid Spin|p2a: Enamorus\n|-resisted|p2a: Enamorus\n|-damage|p2a: Enamorus|88\/100\n|-boost|p1a: YOSEMITE|spe|1\n|-sideend|p1: PLAYB0I R0BBIE B|Sticky Web|[from] move: Rapid Spin|[of] p1a: YOSEMITE\n|\n|-heal|p2a: Enamorus|94\/100|[from] item: Leftovers\n|upkeep\n|turn|6\n|\n|t:|1700585395\n|move|p1a: YOSEMITE|Headlong Rush|p2a: Enamorus\n|-supereffective|p2a: Enamorus\n|-damage|p2a: Enamorus|0 fnt\n|-unboost|p1a: YOSEMITE|def|1\n|-unboost|p1a: YOSEMITE|spd|1\n|faint|p2a: Enamorus\n|\n|upkeep\n|\n|t:|1700585415\n|switch|p2a: Cinderace|Cinderace, F|100\/100\n|turn|7\n|\n|t:|1700585435\n|-end|p1a: YOSEMITE|Protosynthesis|[silent]\n|switch|p1a: NO BYSTANDERS|Dragapult, F|100\/100\n|move|p2a: Cinderace|High Jump Kick|p1a: NO BYSTANDERS\n|-start|p2a: Cinderace|typechange|Fighting|[from] ability: Libero\n|-immune|p1a: NO BYSTANDERS\n|-damage|p2a: Cinderace|51\/100|[from] highjumpkick\n|\n|upkeep\n|turn|8\n|-message|Piramat forfeited.\n|\n|win|PLAYB0I R0BBIE B\n|raw|PLAYB0I R0BBIE B's rating: 1358 &rarr; <strong>1377<\/strong><br \/>(+19 for winning)\n|raw|Piramat's rating: 1338 &rarr; <strong>1319<\/strong><br \/>(-19 for losing)\n|l|\u2606Piramat\n","uploadtime":1700585447,"views":1,"p1id":"playb0ir0bbieb","p2id":"piramat","formatid":"gen9ou","rating":1319,"private":0,"password":""}