{"id":"gen9ou-1992464204","p1":"Official Poyo","p2":"godkingbobert","format":"[Gen 9] OU","log":"|j|\u2606Official Poyo\n|j|\u2606godkingbobert\n|t:|1700190758\n|gametype|singles\n|player|p1|Official Poyo|richboy-gen4|1584\n|player|p2|godkingbobert|li|1607\n|teamsize|p1|6\n|teamsize|p2|6\n|gen|9\n|tier|[Gen 9] OU\n|rated|\n|rule|Sleep Clause Mod: Limit one foe put to sleep\n|rule|Species Clause: Limit one of each Pok\u00e9mon\n|rule|OHKO Clause: OHKO moves are banned\n|rule|Evasion Items Clause: Evasion items are banned\n|rule|Evasion Moves Clause: Evasion moves are banned\n|rule|Endless Battle Clause: Forcing endless battles is banned\n|rule|HP Percentage Mod: HP is shown in percentages\n|clearpoke\n|poke|p1|Tatsugiri-Droopy, F|\n|poke|p1|Iron Valiant|\n|poke|p1|Alomomola, M|\n|poke|p1|Landorus-Therian, M|\n|poke|p1|Dragapult, M|\n|poke|p1|Slowking-Galar, F|\n|poke|p2|Dragapult, M|\n|poke|p2|Great Tusk|\n|poke|p2|Greninja-*, M|\n|poke|p2|Zapdos|\n|poke|p2|Slowking-Galar, M|\n|poke|p2|Corviknight, F|\n|teampreview\n|inactive|Battle timer is ON: inactive players will automatically lose when time's up. (requested by Official Poyo)\n|\n|t:|1700190775\n|start\n|switch|p1a: Dragapult|Dragapult, M|100\/100\n|switch|p2a: Greninja|Greninja, M|100\/100\n|turn|1\n|\n|t:|1700190779\n|switch|p2a: Corviknight|Corviknight, F|100\/100\n|-ability|p2a: Corviknight|Pressure\n|move|p1a: Dragapult|U-turn|p2a: Corviknight\n|-resisted|p2a: Corviknight\n|-damage|p2a: Corviknight|98\/100\n|-damage|p1a: Dragapult|84\/100|[from] item: Rocky Helmet|[of] p2a: Corviknight\n|\n|t:|1700190783\n|switch|p1a: Slowking|Slowking-Galar, F|100\/100|[from] U-turn\n|\n|upkeep\n|turn|2\n|\n|t:|1700190790\n|move|p2a: Corviknight|U-turn|p1a: Slowking\n|-damage|p1a: Slowking|85\/100\n|\n|t:|1700190792\n|switch|p2a: Great Tusk|Great Tusk|100\/100|[from] U-turn\n|move|p1a: Slowking|Flamethrower|p2a: Great Tusk\n|-damage|p2a: Great Tusk|61\/100\n|\n|upkeep\n|turn|3\n|\n|t:|1700190799\n|switch|p1a: Alomomola|Alomomola, M|100\/100\n|move|p2a: Great Tusk|Knock Off|p1a: Alomomola\n|-damage|p1a: Alomomola|73\/100\n|-enditem|p1a: Alomomola|Red Card|[from] move: Knock Off|[of] p2a: Great Tusk\n|\n|upkeep\n|turn|4\n|\n|t:|1700190805\n|-end|p2a: Great Tusk|Protosynthesis|[silent]\n|switch|p2a: Zapdos|Zapdos|100\/100\n|move|p1a: Alomomola|Scald|p2a: Zapdos\n|-damage|p2a: Zapdos|88\/100\n|-status|p2a: Zapdos|brn\n|\n|-damage|p2a: Zapdos|82\/100 brn|[from] brn\n|upkeep\n|turn|5\n|\n|t:|1700190811\n|switch|p1a: Slowking|Slowking-Galar, F|100\/100\n|move|p2a: Zapdos|Thunder Wave|p1a: Slowking\n|-status|p1a: Slowking|par\n|\n|-damage|p2a: Zapdos|75\/100 brn|[from] brn\n|upkeep\n|turn|6\n|\n|t:|1700190818\n|move|p2a: Zapdos|Volt Switch|p1a: Slowking\n|-damage|p1a: Slowking|87\/100 par\n|\n|t:|1700190820\n|switch|p2a: Dragapult|Dragapult, M|100\/100|[from] Volt Switch\n|move|p1a: Slowking|Sludge Bomb|p2a: Dragapult\n|-resisted|p2a: Dragapult\n|-damage|p2a: Dragapult|74\/100\n|\n|upkeep\n|turn|7\n|\n|t:|1700190839\n|move|p2a: Dragapult|Shadow Ball|p1a: Slowking\n|-supereffective|p1a: Slowking\n|-damage|p1a: Slowking|44\/100 par\n|-unboost|p1a: Slowking|spd|1\n|cant|p1a: Slowking|par\n|\n|upkeep\n|turn|8\n|\n|t:|1700190854\n|switch|p1a: Alomomola|Alomomola, M|100\/100\n|move|p2a: Dragapult|Shadow Ball|p1a: Alomomola\n|-damage|p1a: Alomomola|50\/100\n|\n|upkeep\n|turn|9\n|inactive|Official Poyo has 120 seconds left.\n|inactive|godkingbobert has 120 seconds left.\n|inactive|godkingbobert has 90 seconds left.\n|\n|t:|1700190924\n|move|p2a: Dragapult|Shadow Ball|p1a: Alomomola\n|-damage|p1a: Alomomola|0 fnt\n|faint|p1a: Alomomola\n|\n|upkeep\n|inactive|Official Poyo has 120 seconds left.\n|\n|t:|1700190930\n|switch|p1a: Iron Valiant|Iron Valiant|100\/100\n|-enditem|p1a: Iron Valiant|Booster Energy\n|-activate|p1a: Iron Valiant|ability: Quark Drive|[fromitem]\n|-start|p1a: Iron Valiant|quarkdrivespe\n|turn|10\n|inactive|godkingbobert has 90 seconds left.\n|\n|t:|1700190949\n|switch|p2a: Slowking|Slowking-Galar, M|100\/100\n|move|p1a: Iron Valiant|Knock Off|p2a: Slowking\n|-supereffective|p2a: Slowking\n|-damage|p2a: Slowking|38\/100\n|-enditem|p2a: Slowking|Heavy-Duty Boots|[from] move: Knock Off|[of] p1a: Iron Valiant\n|\n|upkeep\n|turn|11\n|inactive|godkingbobert has 90 seconds left.\n|\n|t:|1700190955\n|switch|p2a: Corviknight|Corviknight, F|98\/100\n|-ability|p2a: Corviknight|Pressure\n|move|p1a: Iron Valiant|Knock Off|p2a: Corviknight\n|-damage|p2a: Corviknight|77\/100\n|-damage|p1a: Iron Valiant|84\/100|[from] item: Rocky Helmet|[of] p2a: Corviknight\n|-enditem|p2a: Corviknight|Rocky Helmet|[from] move: Knock Off|[of] p1a: Iron Valiant\n|\n|upkeep\n|turn|12\n|\n|t:|1700190964\n|move|p1a: Iron Valiant|Swords Dance|p1a: Iron Valiant\n|-boost|p1a: Iron Valiant|atk|2\n|move|p2a: Corviknight|U-turn|p1a: Iron Valiant\n|-resisted|p1a: Iron Valiant\n|-damage|p1a: Iron Valiant|79\/100\n|\n|t:|1700190975\n|switch|p2a: Zapdos|Zapdos|75\/100 brn|[from] U-turn\n|\n|-damage|p2a: Zapdos|69\/100 brn|[from] brn\n|upkeep\n|turn|13\n|\n|t:|1700190977\n|move|p1a: Iron Valiant|Ice Punch|p2a: Zapdos\n|-supereffective|p2a: Zapdos\n|-damage|p2a: Zapdos|0 fnt\n|faint|p2a: Zapdos\n|\n|upkeep\n|inactive|godkingbobert has 90 seconds left.\n|\n|t:|1700191009\n|switch|p2a: Slowking|Slowking-Galar, M|71\/100\n|turn|14\n|\n|t:|1700191011\n|-terastallize|p2a: Slowking|Water\n|move|p1a: Iron Valiant|Knock Off|p2a: Slowking\n|-damage|p2a: Slowking|29\/100\n|move|p2a: Slowking|Sludge Bomb|p1a: Iron Valiant\n|-supereffective|p1a: Iron Valiant\n|-damage|p1a: Iron Valiant|0 fnt\n|faint|p1a: Iron Valiant\n|-end|p1a: Iron Valiant|Quark Drive|[silent]\n|\n|upkeep\n|\n|t:|1700191020\n|switch|p1a: Tatsugiri|Tatsugiri-Droopy, F|100\/100\n|turn|15\n|\n|t:|1700191033\n|switch|p2a: Corviknight|Corviknight, F|77\/100\n|-ability|p2a: Corviknight|Pressure\n|move|p1a: Tatsugiri|Rapid Spin|p2a: Corviknight\n|-resisted|p2a: Corviknight\n|-damage|p2a: Corviknight|75\/100\n|-boost|p1a: Tatsugiri|spe|1\n|\n|upkeep\n|turn|16\n|\n|t:|1700191037\n|move|p1a: Tatsugiri|Nasty Plot|p1a: Tatsugiri\n|-boost|p1a: Tatsugiri|spa|2\n|move|p2a: Corviknight|U-turn|p1a: Tatsugiri\n|-damage|p1a: Tatsugiri|75\/100\n|\n|t:|1700191040\n|switch|p2a: Slowking|Slowking-Galar, M, tera:Water|62\/100|[from] U-turn\n|\n|upkeep\n|turn|17\n|\n|t:|1700191042\n|move|p1a: Tatsugiri|Draco Meteor|p2a: Slowking\n|-damage|p2a: Slowking|0 fnt\n|-unboost|p1a: Tatsugiri|spa|2\n|faint|p2a: Slowking\n|\n|upkeep\n|\n|t:|1700191047\n|switch|p2a: Greninja|Greninja, M|100\/100\n|turn|18\n|\n|t:|1700191052\n|-terastallize|p1a: Tatsugiri|Fairy\n|move|p1a: Tatsugiri|Nasty Plot|p1a: Tatsugiri\n|-boost|p1a: Tatsugiri|spa|2\n|move|p2a: Greninja|Dark Pulse|p1a: Tatsugiri\n|-resisted|p1a: Tatsugiri\n|-damage|p1a: Tatsugiri|46\/100\n|-damage|p2a: Greninja|91\/100|[from] item: Life Orb\n|\n|upkeep\n|turn|19\n|\n|t:|1700191060\n|switch|p2a: Corviknight|Corviknight, F|75\/100\n|-ability|p2a: Corviknight|Pressure\n|move|p1a: Tatsugiri|Draco Meteor|p2a: Corviknight\n|-resisted|p2a: Corviknight\n|-crit|p2a: Corviknight\n|-damage|p2a: Corviknight|0 fnt\n|-unboost|p1a: Tatsugiri|spa|2\n|faint|p2a: Corviknight\n|\n|upkeep\n|\n|t:|1700191066\n|switch|p2a: Greninja|Greninja, M|91\/100\n|turn|20\n|\n|t:|1700191069\n|move|p1a: Tatsugiri|Surf|p2a: Greninja\n|-resisted|p2a: Greninja\n|-damage|p2a: Greninja|59\/100\n|move|p2a: Greninja|Surf|p1a: Tatsugiri\n|-ability|p1a: Tatsugiri|Storm Drain|boost\n|-boost|p1a: Tatsugiri|spa|1\n|\n|upkeep\n|turn|21\n|-message|godkingbobert forfeited.\n|\n|win|Official Poyo\n|raw|Official Poyo's rating: 1584 &rarr; <strong>1605<\/strong><br \/>(+21 for winning)\n|raw|godkingbobert's rating: 1607 &rarr; <strong>1586<\/strong><br \/>(-21 for losing)\n|l|\u2606godkingbobert\n","uploadtime":1700191077,"views":8,"p1id":"officialpoyo","p2id":"godkingbobert","formatid":"gen9ou","rating":1586,"private":0,"password":""}