{"id":"gen9ou-1993673507","p1":"bloodedgeyama","p2":"AubreyOmori1","format":"[Gen 9] OU","log":"|j|\u2606bloodedgeyama\n|j|\u2606AubreyOmori1\n|t:|1700344094\n|gametype|singles\n|player|p1|bloodedgeyama|adaman|1366\n|player|p2|AubreyOmori1|roxie|1289\n|teamsize|p1|6\n|teamsize|p2|6\n|gen|9\n|tier|[Gen 9] OU\n|rated|\n|rule|Sleep Clause Mod: Limit one foe put to sleep\n|rule|Species Clause: Limit one of each Pok\u00e9mon\n|rule|OHKO Clause: OHKO moves are banned\n|rule|Evasion Items Clause: Evasion items are banned\n|rule|Evasion Moves Clause: Evasion moves are banned\n|rule|Endless Battle Clause: Forcing endless battles is banned\n|rule|HP Percentage Mod: HP is shown in percentages\n|clearpoke\n|poke|p1|Glimmora, F|\n|poke|p1|Ceruledge, F|\n|poke|p1|Zamazenta-*|\n|poke|p1|Landorus-Therian, M|\n|poke|p1|Iron Valiant|\n|poke|p1|Iron Moth|\n|poke|p2|Rillaboom, M|\n|poke|p2|Sneasler, F|\n|poke|p2|Zamazenta-*|\n|poke|p2|Heatran, M|\n|poke|p2|Hatterene, F|\n|poke|p2|Manaphy|\n|teampreview\n|\n|t:|1700344098\n|start\n|switch|p1a: Iron Moth|Iron Moth|100\/100\n|switch|p2a: Donkey Kong|Rillaboom, M, shiny|100\/100\n|-fieldstart|move: Grassy Terrain|[from] ability: Grassy Surge|[of] p2a: Donkey Kong\n|turn|1\n|\n|t:|1700344109\n|switch|p2a: Owen|Heatran, M, shiny|100\/100\n|-item|p2a: Owen|Air Balloon\n|move|p1a: Iron Moth|Overheat|p2a: Owen\n|-start|p2a: Owen|ability: Flash Fire\n|\n|upkeep\n|turn|2\n|\n|t:|1700344117\n|-end|p1a: Iron Moth|Quark Drive|[silent]\n|switch|p1a: Glimmora|Glimmora, F|100\/100\n|move|p2a: Owen|Earth Power|p1a: Glimmora\n|-supereffective|p1a: Glimmora\n|-enditem|p1a: Glimmora|Focus Sash\n|-damage|p1a: Glimmora|1\/100\n|\n|-heal|p1a: Glimmora|7\/100|[from] Grassy Terrain\n|upkeep\n|turn|3\n|\n|t:|1700344125\n|move|p1a: Glimmora|Spikes|p2a: Owen\n|-sidestart|p2: AubreyOmori1|Spikes\n|move|p2a: Owen|Earth Power|p1a: Glimmora\n|-supereffective|p1a: Glimmora\n|-damage|p1a: Glimmora|0 fnt\n|faint|p1a: Glimmora\n|\n|upkeep\n|\n|t:|1700344130\n|switch|p1a: Landorus|Landorus-Therian, M|100\/100\n|-ability|p1a: Landorus|Intimidate|boost\n|-unboost|p2a: Owen|atk|1\n|turn|4\n|\n|t:|1700344134\n|-terastallize|p2a: Owen|Ghost\n|move|p1a: Landorus|U-turn|p2a: Owen\n|-resisted|p2a: Owen\n|-damage|p2a: Owen|91\/100\n|-enditem|p2a: Owen|Air Balloon\n|\n|t:|1700344142\n|switch|p1a: Ceruledge|Ceruledge, F|100\/100|[from] U-turn\n|move|p2a: Owen|Magma Storm|p1a: Ceruledge\n|-resisted|p1a: Ceruledge\n|-damage|p1a: Ceruledge|64\/100\n|-activate|p1a: Ceruledge|move: Magma Storm|[of] p2a: Owen\n|\n|-heal|p1a: Ceruledge|70\/100|[from] Grassy Terrain\n|-heal|p2a: Owen|97\/100|[from] Grassy Terrain\n|-damage|p1a: Ceruledge|58\/100|[from] move: Magma Storm|[partiallytrapped]\n|upkeep\n|turn|5\n|\n|t:|1700344156\n|move|p1a: Ceruledge|Shadow Sneak|p2a: Owen\n|-supereffective|p2a: Owen\n|-damage|p2a: Owen|64\/100\n|move|p2a: Owen|Earth Power|p1a: Ceruledge\n|-supereffective|p1a: Ceruledge\n|-damage|p1a: Ceruledge|0 fnt\n|faint|p1a: Ceruledge\n|\n|-heal|p2a: Owen|70\/100|[from] Grassy Terrain\n|-fieldend|move: Grassy Terrain\n|upkeep\n|\n|t:|1700344172\n|switch|p1a: Iron Moth|Iron Moth|100\/100\n|turn|6\n|\n|t:|1700344176\n|-terastallize|p1a: Iron Moth|Grass\n|move|p1a: Iron Moth|Energy Ball|p2a: Owen\n|-damage|p2a: Owen|28\/100\n|move|p2a: Owen|Earth Power|p1a: Iron Moth\n|-resisted|p1a: Iron Moth\n|-damage|p1a: Iron Moth|87\/100\n|\n|upkeep\n|turn|7\n|\n|t:|1700344191\n|move|p1a: Iron Moth|Energy Ball|p2a: Owen\n|-damage|p2a: Owen|0 fnt\n|faint|p2a: Owen\n|\n|upkeep\n|\n|t:|1700344193\n|switch|p2a: Oatchi|Zamazenta, shiny|100\/100\n|-damage|p2a: Oatchi|88\/100|[from] Spikes\n|-ability|p2a: Oatchi|Dauntless Shield|boost\n|-boost|p2a: Oatchi|def|1\n|turn|8\n|\n|t:|1700344199\n|move|p2a: Oatchi|Body Press|p1a: Iron Moth\n|-damage|p1a: Iron Moth|0 fnt\n|faint|p1a: Iron Moth\n|-end|p1a: Iron Moth|Quark Drive|[silent]\n|\n|-heal|p2a: Oatchi|94\/100|[from] item: Leftovers\n|upkeep\n|\n|t:|1700344202\n|switch|p1a: Landorus|Landorus-Therian, M|100\/100\n|-ability|p1a: Landorus|Intimidate|boost\n|-unboost|p2a: Oatchi|atk|1\n|turn|9\n|\n|t:|1700344207\n|move|p2a: Oatchi|Iron Defense|p2a: Oatchi\n|-boost|p2a: Oatchi|def|2\n|move|p1a: Landorus|Stealth Rock|p2a: Oatchi\n|-sidestart|p2: AubreyOmori1|move: Stealth Rock\n|\n|-heal|p2a: Oatchi|100\/100|[from] item: Leftovers\n|upkeep\n|turn|10\n|\n|t:|1700344211\n|move|p2a: Oatchi|Body Press|p1a: Landorus\n|-resisted|p1a: Landorus\n|-damage|p1a: Landorus|64\/100\n|move|p1a: Landorus|U-turn|p2a: Oatchi\n|-resisted|p2a: Oatchi\n|-damage|p2a: Oatchi|97\/100\n|\n|t:|1700344213\n|switch|p1a: Iron Valiant|Iron Valiant|100\/100|[from] U-turn\n|-enditem|p1a: Iron Valiant|Booster Energy\n|-activate|p1a: Iron Valiant|ability: Quark Drive|[fromitem]\n|-start|p1a: Iron Valiant|quarkdrivespe\n|\n|-heal|p2a: Oatchi|100\/100|[from] item: Leftovers\n|upkeep\n|turn|11\n|\n|t:|1700344218\n|move|p1a: Iron Valiant|Moonblast|p2a: Oatchi\n|-supereffective|p2a: Oatchi\n|-damage|p2a: Oatchi|15\/100\n|move|p2a: Oatchi|Heavy Slam|p1a: Iron Valiant\n|-supereffective|p1a: Iron Valiant\n|-damage|p1a: Iron Valiant|45\/100\n|\n|-heal|p2a: Oatchi|21\/100|[from] item: Leftovers\n|upkeep\n|turn|12\n|\n|t:|1700344225\n|move|p1a: Iron Valiant|Moonblast|p2a: Oatchi\n|-supereffective|p2a: Oatchi\n|-damage|p2a: Oatchi|0 fnt\n|faint|p2a: Oatchi\n|\n|upkeep\n|\n|t:|1700344227\n|switch|p2a: Donkey Kong|Rillaboom, M, shiny|100\/100\n|-damage|p2a: Donkey Kong|88\/100|[from] Spikes\n|-damage|p2a: Donkey Kong|76\/100|[from] Stealth Rock\n|-fieldstart|move: Grassy Terrain|[from] ability: Grassy Surge|[of] p2a: Donkey Kong\n|turn|13\n|\n|t:|1700344238\n|move|p2a: Donkey Kong|Grassy Glide|p1a: Iron Valiant\n|-damage|p1a: Iron Valiant|0 fnt\n|faint|p1a: Iron Valiant\n|-end|p1a: Iron Valiant|Quark Drive|[silent]\n|\n|-heal|p2a: Donkey Kong|82\/100|[from] Grassy Terrain\n|upkeep\n|\n|t:|1700344241\n|switch|p1a: Landorus|Landorus-Therian, M|64\/100\n|-ability|p1a: Landorus|Intimidate|boost\n|-unboost|p2a: Donkey Kong|atk|1\n|turn|14\n|\n|t:|1700344244\n|move|p2a: Donkey Kong|Grassy Glide|p1a: Landorus\n|-damage|p1a: Landorus|33\/100\n|move|p1a: Landorus|U-turn|p2a: Donkey Kong\n|-supereffective|p2a: Donkey Kong\n|-damage|p2a: Donkey Kong|37\/100\n|\n|t:|1700344247\n|switch|p1a: Zamazenta|Zamazenta|100\/100|[from] U-turn\n|-ability|p1a: Zamazenta|Dauntless Shield|boost\n|-boost|p1a: Zamazenta|def|1\n|\n|-heal|p2a: Donkey Kong|43\/100|[from] Grassy Terrain\n|upkeep\n|turn|15\n|\n|t:|1700344258\n|switch|p2a: Ashlyn|Sneasler, F, shiny|100\/100\n|-damage|p2a: Ashlyn|88\/100|[from] Spikes\n|-damage|p2a: Ashlyn|82\/100|[from] Stealth Rock\n|-enditem|p2a: Ashlyn|Grassy Seed\n|-boost|p2a: Ashlyn|def|1|[from] item: Grassy Seed\n|move|p1a: Zamazenta|Play Rough|p2a: Ashlyn\n|-crit|p2a: Ashlyn\n|-damage|p2a: Ashlyn|0 fnt\n|faint|p2a: Ashlyn\n|\n|upkeep\n|\n|t:|1700344261\n|switch|p2a: Mari|Hatterene, F, shiny|100\/100\n|-damage|p2a: Mari|88\/100|[from] Spikes\n|-damage|p2a: Mari|76\/100|[from] Stealth Rock\n|-enditem|p2a: Mari|Grassy Seed\n|-boost|p2a: Mari|def|1|[from] item: Grassy Seed\n|turn|16\n|\n|t:|1700344275\n|switch|p1a: Landorus|Landorus-Therian, M|33\/100\n|-ability|p1a: Landorus|Intimidate|boost\n|-unboost|p2a: Mari|atk|1\n|move|p2a: Mari|Psyshock|p1a: Landorus\n|-crit|p1a: Landorus\n|-damage|p1a: Landorus|0 fnt\n|faint|p1a: Landorus\n|\n|-heal|p2a: Mari|82\/100|[from] Grassy Terrain\n|upkeep\n|\n|t:|1700344277\n|switch|p1a: Zamazenta|Zamazenta|100\/100\n|turn|17\n|\n|t:|1700344285\n|move|p1a: Zamazenta|Play Rough|p2a: Mari\n|-damage|p2a: Mari|56\/100\n|move|p2a: Mari|Psyshock|p1a: Zamazenta\n|-supereffective|p1a: Zamazenta\n|-damage|p1a: Zamazenta|28\/100\n|\n|-heal|p1a: Zamazenta|34\/100|[from] Grassy Terrain\n|-heal|p2a: Mari|62\/100|[from] Grassy Terrain\n|-fieldend|move: Grassy Terrain\n|upkeep\n|turn|18\n|\n|t:|1700344289\n|move|p1a: Zamazenta|Play Rough|p2a: Mari\n|-damage|p2a: Mari|38\/100\n|move|p2a: Mari|Draining Kiss|p1a: Zamazenta\n|-supereffective|p1a: Zamazenta\n|-damage|p1a: Zamazenta|0 fnt\n|-heal|p2a: Mari|64\/100|[from] drain|[of] p1a: Zamazenta\n|faint|p1a: Zamazenta\n|\n|win|AubreyOmori1\n|raw|bloodedgeyama's rating: 1366 &rarr; <strong>1342<\/strong><br \/>(-24 for losing)\n|raw|AubreyOmori1's rating: 1289 &rarr; <strong>1319<\/strong><br \/>(+30 for winning)\n|l|\u2606bloodedgeyama\n","uploadtime":1700344294,"views":8,"p1id":"bloodedgeyama","p2id":"aubreyomori1","formatid":"gen9ou","rating":1319,"private":0,"password":""}