{"id":"gen9ou-1995989086","p1":"Thehombre","p2":"zamclo test","format":"[Gen 9] OU","log":"|j|\u2606Thehombre\n|j|\u2606zamclo test\n|t:|1700625964\n|gametype|singles\n|player|p1|Thehombre|265|1122\n|player|p2|zamclo test|ash-sinnoh|1018\n|teamsize|p1|6\n|teamsize|p2|6\n|gen|9\n|tier|[Gen 9] OU\n|rated|\n|rule|Sleep Clause Mod: Limit one foe put to sleep\n|rule|Species Clause: Limit one of each Pok\u00e9mon\n|rule|OHKO Clause: OHKO moves are banned\n|rule|Evasion Items Clause: Evasion items are banned\n|rule|Evasion Moves Clause: Evasion moves are banned\n|rule|Endless Battle Clause: Forcing endless battles is banned\n|rule|HP Percentage Mod: HP is shown in percentages\n|clearpoke\n|poke|p1|Great Tusk|\n|poke|p1|Tauros-Paldea-Blaze, M|\n|poke|p1|Walking Wake|\n|poke|p1|Dondozo, M|\n|poke|p1|Zoroark-Hisui, F|\n|poke|p1|Mew|\n|poke|p2|Toxapex, M|\n|poke|p2|Dragapult, M|\n|poke|p2|Corviknight, F|\n|poke|p2|Rillaboom, F|\n|poke|p2|Ogerpon-Wellspring, F|\n|poke|p2|Zamazenta-*|\n|teampreview\n|\n|t:|1700625983\n|start\n|switch|p1a: Great Tusk|Great Tusk|100\/100\n|switch|p2a: Rillaboom|Rillaboom, F|100\/100\n|-fieldstart|move: Grassy Terrain|[from] ability: Grassy Surge|[of] p2a: Rillaboom\n|turn|1\n|\n|t:|1700626000\n|move|p2a: Rillaboom|U-turn|p1a: Great Tusk\n|-resisted|p1a: Great Tusk\n|-crit|p1a: Great Tusk\n|-damage|p1a: Great Tusk|81\/100\n|\n|t:|1700626009\n|switch|p2a: Ogerpon|Ogerpon-Wellspring, F|100\/100|[from] U-turn\n|move|p1a: Great Tusk|Bulk Up|p1a: Great Tusk\n|-boost|p1a: Great Tusk|atk|1\n|-boost|p1a: Great Tusk|def|1\n|\n|-heal|p1a: Great Tusk|88\/100|[from] Grassy Terrain\n|-heal|p1a: Great Tusk|94\/100|[from] item: Leftovers\n|upkeep\n|turn|2\n|\n|t:|1700626020\n|move|p2a: Ogerpon|Ivy Cudgel|p1a: Great Tusk|[anim] Ivy Cudgel Water\n|-supereffective|p1a: Great Tusk\n|-damage|p1a: Great Tusk|43\/100\n|move|p1a: Great Tusk|Close Combat|p2a: Ogerpon\n|-damage|p2a: Ogerpon|0 fnt\n|-unboost|p1a: Great Tusk|def|1\n|-unboost|p1a: Great Tusk|spd|1\n|faint|p2a: Ogerpon\n|\n|-heal|p1a: Great Tusk|49\/100|[from] Grassy Terrain\n|-heal|p1a: Great Tusk|55\/100|[from] item: Leftovers\n|upkeep\n|inactive|Battle timer is ON: inactive players will automatically lose when time's up. (requested by Thehombre)\n|\n|t:|1700626027\n|switch|p2a: Rillaboom|Rillaboom, F|100\/100\n|turn|3\n|\n|t:|1700626032\n|-end|p1a: Great Tusk|Protosynthesis|[silent]\n|switch|p1a: Tauros|Tauros-Paldea-Blaze, M|100\/100\n|-ability|p1a: Tauros|Intimidate|boost\n|-unboost|p2a: Rillaboom|atk|1\n|move|p2a: Rillaboom|Wood Hammer|p1a: Tauros\n|-resisted|p1a: Tauros\n|-damage|p1a: Tauros|56\/100\n|-damage|p2a: Rillaboom|88\/100|[from] Recoil\n|\n|-heal|p1a: Tauros|62\/100|[from] Grassy Terrain\n|-heal|p1a: Tauros|68\/100|[from] item: Leftovers\n|-heal|p2a: Rillaboom|94\/100|[from] Grassy Terrain\n|upkeep\n|turn|4\n|\n|t:|1700626039\n|switch|p2a: Toxapex|Toxapex, M|100\/100\n|move|p1a: Tauros|Bulk Up|p1a: Tauros\n|-boost|p1a: Tauros|atk|1\n|-boost|p1a: Tauros|def|1\n|\n|-heal|p1a: Tauros|74\/100|[from] Grassy Terrain\n|-heal|p1a: Tauros|81\/100|[from] item: Leftovers\n|upkeep\n|turn|5\n|-message|zamclo test forfeited.\n|\n|win|Thehombre\n|raw|Thehombre's rating: 1122 &rarr; <strong>1140<\/strong><br \/>(+18 for winning)\n|raw|zamclo test's rating: 1018 &rarr; <strong>1009<\/strong><br \/>(-9 for losing)\n|l|\u2606zamclo test\n","uploadtime":1700626048,"views":0,"p1id":"thehombre","p2id":"zamclotest","formatid":"gen9ou","rating":1009,"private":0,"password":""}