{"id":"gen9ou-1995261334","p1":"shonnywashere","p2":"iron tusk 69","format":"[Gen 9] OU","log":"|j|\u2606shonnywashere\n|j|\u2606iron tusk 69\n|inactive|Battle timer is ON: inactive players will automatically lose when time's up.\n|t:|1700542943\n|gametype|singles\n|player|p1|shonnywashere|266|\n|player|p2|iron tusk 69|biker-gen4|\n|teamsize|p1|6\n|teamsize|p2|6\n|gen|9\n|tier|[Gen 9] OU\n|rated|Tournament battle\n|rule|Sleep Clause Mod: Limit one foe put to sleep\n|rule|Species Clause: Limit one of each Pok\u00e9mon\n|rule|OHKO Clause: OHKO moves are banned\n|rule|Evasion Items Clause: Evasion items are banned\n|rule|Evasion Moves Clause: Evasion moves are banned\n|rule|Endless Battle Clause: Forcing endless battles is banned\n|rule|HP Percentage Mod: HP is shown in percentages\n|clearpoke\n|poke|p1|Zamazenta-*|\n|poke|p1|Gholdengo|\n|poke|p1|Greninja-*, M|\n|poke|p1|Mandibuzz, F|\n|poke|p1|Ogerpon-Cornerstone, F|\n|poke|p1|Dondozo, M|\n|poke|p2|Ribombee, F|\n|poke|p2|Samurott-Hisui, M|\n|poke|p2|Glimmora, M|\n|poke|p2|Gholdengo|\n|poke|p2|Iron Treads|\n|poke|p2|Kingambit, F|\n|teampreview\n|j| Bad Players\n|j| Ouch my pp hurts\n|c| Bad Players|5 Leads + Gambit the GOAT\n|inactive|iron tusk 69 has 120 seconds left.\n|\n|t:|1700543001\n|start\n|switch|p1a: Gholdengo|Gholdengo|100\/100\n|switch|p2a: WEB META|Ribombee, F|100\/100\n|turn|1\n|\n|t:|1700543013\n|switch|p2a: SPIKE META|Samurott-Hisui, M|100\/100\n|move|p1a: Gholdengo|Make It Rain|p2a: SPIKE META\n|-resisted|p2a: SPIKE META\n|-damage|p2a: SPIKE META|71\/100\n|-unboost|p1a: Gholdengo|spa|1\n|\n|upkeep\n|turn|2\n|l|\u2606iron tusk 69\n|inactive|iron tusk 69 disconnected and has a minute to reconnect!\n|player|p2|\n|inactive|iron tusk 69 has 30 seconds to reconnect!\n|inactive|iron tusk 69 has 20 seconds to reconnect!\n|inactive|iron tusk 69 has 15 seconds to reconnect!\n|inactive|iron tusk 69 has 10 seconds to reconnect!\n|j|\u2606iron tusk 69\n|inactive|iron tusk 69 reconnected and has 80 seconds left.\n|player|p2|iron tusk 69|biker-gen4\n|\n|t:|1700543094\n|switch|p1a: Zamazenta|Zamazenta|100\/100\n|-ability|p1a: Zamazenta|Dauntless Shield|boost\n|-boost|p1a: Zamazenta|def|1\n|move|p2a: SPIKE META|Ceaseless Edge|p1a: Zamazenta\n|-resisted|p1a: Zamazenta\n|-damage|p1a: Zamazenta|89\/100\n|-sidestart|p1: shonnywashere|Spikes\n|\n|upkeep\n|turn|3\n|\n|t:|1700543110\n|switch|p2a: WEB META|Ribombee, F|100\/100\n|move|p1a: Zamazenta|Crunch|p2a: WEB META\n|-resisted|p2a: WEB META\n|-damage|p2a: WEB META|75\/100\n|\n|upkeep\n|turn|4\n|inactive|iron tusk 69 has 60 seconds left.\n|\n|t:|1700543151\n|move|p1a: Zamazenta|Heavy Slam|p2a: WEB META\n|-supereffective|p2a: WEB META\n|-damage|p2a: WEB META|0 fnt\n|faint|p2a: WEB META\n|\n|upkeep\n|\n|t:|1700543161\n|switch|p2a: EVIL META|Gholdengo|100\/100\n|turn|5\n|\n|t:|1700543174\n|switch|p1a: Mandibuzz|Mandibuzz, F|100\/100\n|move|p2a: EVIL META|Steel Beam|p1a: Mandibuzz\n|-damage|p1a: Mandibuzz|51\/100\n|-damage|p2a: EVIL META|50\/100|[from] steelbeam\n|\n|-heal|p1a: Mandibuzz|57\/100|[from] item: Leftovers\n|upkeep\n|turn|6\n|inactive|iron tusk 69 has 30 seconds left.\n|\n|t:|1700543201\n|switch|p2a: SPIKE META|Samurott-Hisui, M|71\/100\n|move|p1a: Mandibuzz|Knock Off|p2a: SPIKE META\n|-resisted|p2a: SPIKE META\n|-damage|p2a: SPIKE META|45\/100\n|-enditem|p2a: SPIKE META|Assault Vest|[from] move: Knock Off|[of] p1a: Mandibuzz\n|\n|-heal|p1a: Mandibuzz|63\/100|[from] item: Leftovers\n|upkeep\n|turn|7\n|\n|t:|1700543209\n|move|p2a: SPIKE META|Ceaseless Edge|p1a: Mandibuzz\n|-resisted|p1a: Mandibuzz\n|-damage|p1a: Mandibuzz|50\/100\n|-sidestart|p1: shonnywashere|Spikes\n|move|p1a: Mandibuzz|U-turn|p2a: SPIKE META\n|-supereffective|p2a: SPIKE META\n|-damage|p2a: SPIKE META|0 fnt\n|faint|p2a: SPIKE META\n|\n|t:|1700543219\n|switch|p1a: Zamazenta|Zamazenta|89\/100|[from] U-turn\n|\n|upkeep\n|inactive|iron tusk 69 has 30 seconds left.\n|inactive|iron tusk 69 has 20 seconds left.\n|\n|t:|1700543253\n|switch|p2a: IRON TUSK 69|Iron Treads|100\/100\n|-enditem|p2a: IRON TUSK 69|Booster Energy\n|-activate|p2a: IRON TUSK 69|ability: Quark Drive|[fromitem]\n|-start|p2a: IRON TUSK 69|quarkdrivespe\n|turn|8\n|inactive|iron tusk 69 has 30 seconds left this turn.\n|\n|t:|1700543277\n|move|p2a: IRON TUSK 69|Steel Beam|p1a: Zamazenta\n|-damage|p1a: Zamazenta|34\/100\n|-damage|p2a: IRON TUSK 69|50\/100|[from] steelbeam\n|move|p1a: Zamazenta|Close Combat|p2a: IRON TUSK 69\n|-supereffective|p2a: IRON TUSK 69\n|-damage|p2a: IRON TUSK 69|0 fnt\n|-unboost|p1a: Zamazenta|def|1\n|-unboost|p1a: Zamazenta|spd|1\n|faint|p2a: IRON TUSK 69\n|-end|p2a: IRON TUSK 69|Quark Drive|[silent]\n|\n|upkeep\n|inactive|iron tusk 69 has 30 seconds left.\n|c|\u2606shonnywashere|huhh\n|inactive|iron tusk 69 has 20 seconds left.\n|\n|t:|1700543295\n|switch|p2a: TSPIKE META|Glimmora, M|100\/100\n|turn|9\n|inactive|iron tusk 69 has 30 seconds left this turn.\n|\n|t:|1700543307\n|move|p1a: Zamazenta|Close Combat|p2a: TSPIKE META\n|-damage|p2a: TSPIKE META|26\/100\n|-unboost|p1a: Zamazenta|def|1\n|-unboost|p1a: Zamazenta|spd|1\n|move|p2a: TSPIKE META|Earth Power|p1a: Zamazenta\n|-damage|p1a: Zamazenta|0 fnt\n|faint|p1a: Zamazenta\n|\n|upkeep\n|inactive|iron tusk 69 has 30 seconds left this turn.\n|j| thatrandomkid1\n|\n|t:|1700543319\n|switch|p1a: Greninja|Greninja, M|100\/100\n|-damage|p1a: Greninja|84\/100|[from] Spikes\n|turn|10\n|\n|t:|1700543327\n|move|p1a: Greninja|Surf|p2a: TSPIKE META\n|-start|p1a: Greninja|typechange|Water|[from] ability: Protean\n|-supereffective|p2a: TSPIKE META\n|-damage|p2a: TSPIKE META|0 fnt\n|faint|p2a: TSPIKE META\n|\n|upkeep\n|\n|t:|1700543331\n|switch|p2a: EVIL META|Gholdengo|50\/100\n|turn|11\n|\n|t:|1700543338\n|move|p1a: Greninja|Surf|p2a: EVIL META\n|-damage|p2a: EVIL META|22\/100\n|move|p2a: EVIL META|Reflect|p2a: EVIL META\n|-sidestart|p2: iron tusk 69|Reflect\n|\n|upkeep\n|turn|12\n|\n|t:|1700543343\n|move|p1a: Greninja|Surf|p2a: EVIL META\n|-damage|p2a: EVIL META|0 fnt\n|faint|p2a: EVIL META\n|\n|upkeep\n|c|\u2606iron tusk 69|im isiot\n|\n|t:|1700543347\n|switch|p2a: Rigged Suspect|Kingambit, F|100\/100\n|-activate|p2a: Rigged Suspect|ability: Supreme Overlord\n|-start|p2a: Rigged Suspect|fallen5|[silent]\n|turn|13\n|\n|t:|1700543355\n|switch|p1a: Dondozo|Dondozo, M|100\/100\n|-damage|p1a: Dondozo|84\/100|[from] Spikes\n|move|p2a: Rigged Suspect|Sucker Punch||[still]\n|-fail|p2a: Rigged Suspect\n|\n|-heal|p1a: Dondozo|90\/100|[from] item: Leftovers\n|upkeep\n|turn|14\n|\n|t:|1700543361\n|-terastallize|p2a: Rigged Suspect|Fairy\n|move|p2a: Rigged Suspect|Kowtow Cleave|p1a: Dondozo\n|-damage|p1a: Dondozo|57\/100\n|move|p1a: Dondozo|Curse|p1a: Dondozo\n|-unboost|p1a: Dondozo|spe|1\n|-boost|p1a: Dondozo|atk|1\n|-boost|p1a: Dondozo|def|1\n|\n|-heal|p1a: Dondozo|63\/100|[from] item: Leftovers\n|upkeep\n|turn|15\n|c|\u2606iron tusk 69|gg\n|\n|t:|1700543367\n|move|p1a: Dondozo|Protect|p1a: Dondozo\n|-singleturn|p1a: Dondozo|Protect\n|move|p2a: Rigged Suspect|Kowtow Cleave|p1a: Dondozo\n|-activate|p1a: Dondozo|move: Protect\n|\n|-heal|p1a: Dondozo|70\/100|[from] item: Leftovers\n|upkeep\n|turn|16\n|\n|t:|1700543385\n|move|p2a: Rigged Suspect|Kowtow Cleave|p1a: Dondozo\n|-damage|p1a: Dondozo|48\/100\n|move|p1a: Dondozo|Curse|p1a: Dondozo\n|-unboost|p1a: Dondozo|spe|1\n|-boost|p1a: Dondozo|atk|1\n|-boost|p1a: Dondozo|def|1\n|\n|-heal|p1a: Dondozo|54\/100|[from] item: Leftovers\n|upkeep\n|turn|17\n|\n|t:|1700543391\n|move|p1a: Dondozo|Protect|p1a: Dondozo\n|-singleturn|p1a: Dondozo|Protect\n|move|p2a: Rigged Suspect|Kowtow Cleave|p1a: Dondozo\n|-activate|p1a: Dondozo|move: Protect\n|\n|-heal|p1a: Dondozo|60\/100|[from] item: Leftovers\n|upkeep\n|turn|18\n|inactive|iron tusk 69 has 90 seconds left.\n|inactive|iron tusk 69 has 60 seconds left.\n|inactive|iron tusk 69 has 30 seconds left.\n|\n|t:|1700543460\n|move|p2a: Rigged Suspect|Kowtow Cleave|p1a: Dondozo\n|-damage|p1a: Dondozo|43\/100\n|move|p1a: Dondozo|Liquidation|p2a: Rigged Suspect\n|-damage|p2a: Rigged Suspect|80\/100\n|\n|-heal|p2a: Rigged Suspect|86\/100|[from] item: Leftovers\n|-heal|p1a: Dondozo|50\/100|[from] item: Leftovers\n|-sideend|p2: iron tusk 69|Reflect\n|upkeep\n|turn|19\n|\n|t:|1700543471\n|move|p2a: Rigged Suspect|Kowtow Cleave|p1a: Dondozo\n|-damage|p1a: Dondozo|32\/100\n|move|p1a: Dondozo|Liquidation|p2a: Rigged Suspect\n|-damage|p2a: Rigged Suspect|39\/100\n|-unboost|p2a: Rigged Suspect|def|1\n|\n|-heal|p2a: Rigged Suspect|45\/100|[from] item: Leftovers\n|-heal|p1a: Dondozo|38\/100|[from] item: Leftovers\n|upkeep\n|turn|20\n|\n|t:|1700543482\n|move|p2a: Rigged Suspect|Kowtow Cleave|p1a: Dondozo\n|-damage|p1a: Dondozo|23\/100\n|move|p1a: Dondozo|Liquidation|p2a: Rigged Suspect\n|-crit|p2a: Rigged Suspect\n|-damage|p2a: Rigged Suspect|0 fnt\n|faint|p2a: Rigged Suspect\n|-end|p2a: Rigged Suspect|fallen5|[silent]\n|\n|win|shonnywashere\n|n|\u2606shonnywashere|shonnywashere\n|n| Bad Players|badplayers\n|n| Ouch my pp hurts|ouchmypphurts\n|n|\u2606iron tusk 69|irontusk69\n|n| thatrandomkid1|thatrandomkid1\n|l|\u2606shonnywashere\n|l| thatrandomkid1\n|l| Bad Players\n|j| Tidy Up Cinccino\n","uploadtime":1700543847,"views":15,"p1id":"shonnywashere","p2id":"irontusk69","formatid":"gen9ou","rating":0,"private":0,"password":""}