{"id":"gen9ou-1991981000","p1":"wyverbal","p2":"Ahsanul","format":"[Gen 9] OU","log":"|j|\u2606wyverbal\n|j|\u2606Ahsanul\n|t:|1700144779\n|gametype|singles\n|player|p1|wyverbal|101|1136\n|player|p2|Ahsanul|ghetsis-gen5bw|1157\n|teamsize|p1|6\n|teamsize|p2|6\n|gen|9\n|tier|[Gen 9] OU\n|rated|\n|rule|Sleep Clause Mod: Limit one foe put to sleep\n|rule|Species Clause: Limit one of each Pok\u00e9mon\n|rule|OHKO Clause: OHKO moves are banned\n|rule|Evasion Items Clause: Evasion items are banned\n|rule|Evasion Moves Clause: Evasion moves are banned\n|rule|Endless Battle Clause: Forcing endless battles is banned\n|rule|HP Percentage Mod: HP is shown in percentages\n|clearpoke\n|poke|p1|Dipplin, M|\n|poke|p1|Enamorus-Therian, F|\n|poke|p1|Glimmora, F|\n|poke|p1|Alomomola, F|\n|poke|p1|Hoopa-Unbound|\n|poke|p1|Kommo-o, F|\n|poke|p2|Iron Moth|\n|poke|p2|Ribombee, F|\n|poke|p2|Kommo-o, F|\n|poke|p2|Clefable, F|\n|poke|p2|Sneasler, M|\n|poke|p2|Dragonite, F|\n|teampreview\n|inactive|Battle timer is ON: inactive players will automatically lose when time's up. (requested by wyverbal)\n|inactive|Ahsanul has 120 seconds left.\n|\n|t:|1700144819\n|start\n|switch|p1a: Enamorus|Enamorus-Therian, F, shiny|100\/100\n|switch|p2a: Ribombee|Ribombee, F|100\/100\n|turn|1\n|\n|t:|1700144846\n|-terastallize|p2a: Ribombee|Ice\n|move|p2a: Ribombee|Tera Blast|p1a: Enamorus|[anim] Tera Blast Ice\n|-supereffective|p1a: Enamorus\n|-damage|p1a: Enamorus|19\/100\n|-enditem|p1a: Enamorus|Weakness Policy\n|-boost|p1a: Enamorus|atk|2|[from] item: Weakness Policy\n|-boost|p1a: Enamorus|spa|2|[from] item: Weakness Policy\n|move|p1a: Enamorus|Agility|p1a: Enamorus\n|-boost|p1a: Enamorus|spe|2\n|\n|upkeep\n|turn|2\n|\n|t:|1700144860\n|move|p1a: Enamorus|Mystical Fire|p2a: Ribombee\n|-supereffective|p2a: Ribombee\n|-enditem|p2a: Ribombee|Focus Sash\n|-damage|p2a: Ribombee|1\/100\n|-unboost|p2a: Ribombee|spa|1\n|move|p2a: Ribombee|Tera Blast|p1a: Enamorus|[anim] Tera Blast Ice\n|-supereffective|p1a: Enamorus\n|-damage|p1a: Enamorus|0 fnt\n|faint|p1a: Enamorus\n|\n|upkeep\n|inactive|wyverbal has 120 seconds left.\n|\n|t:|1700144886\n|switch|p1a: Kommo-o|Kommo-o, F, shiny|100\/100\n|turn|3\n|\n|t:|1700144899\n|move|p1a: Kommo-o|Vacuum Wave|p2a: Ribombee\n|-supereffective|p2a: Ribombee\n|-damage|p2a: Ribombee|0 fnt\n|faint|p2a: Ribombee\n|\n|upkeep\n|\n|t:|1700144907\n|switch|p2a: Sneasler|Sneasler, M|100\/100\n|turn|4\n|\n|t:|1700144915\n|move|p2a: Sneasler|Fake Out|p1a: Kommo-o\n|-enditem|p2a: Sneasler|Normal Gem|[from] gem\n|-damage|p1a: Kommo-o|80\/100\n|cant|p1a: Kommo-o|flinch\n|\n|upkeep\n|turn|5\n|\n|t:|1700144927\n|move|p2a: Sneasler|Acrobatics|p1a: Kommo-o\n|-supereffective|p1a: Kommo-o\n|-damage|p1a: Kommo-o|5\/100\n|move|p1a: Kommo-o|Clanging Scales|p2a: Sneasler\n|-damage|p2a: Sneasler|34\/100\n|-unboost|p1a: Kommo-o|def|1\n|\n|upkeep\n|turn|6\n|\n|t:|1700144944\n|switch|p1a: Alomomola|Alomomola, F|100\/100\n|move|p2a: Sneasler|Acrobatics|p1a: Alomomola\n|-damage|p1a: Alomomola|77\/100\n|\n|upkeep\n|turn|7\n|\n|t:|1700144952\n|move|p2a: Sneasler|Dire Claw|p1a: Alomomola\n|-crit|p1a: Alomomola\n|-damage|p1a: Alomomola|40\/100\n|move|p1a: Alomomola|Wish|p1a: Alomomola\n|\n|upkeep\n|turn|8\n|\n|t:|1700144961\n|move|p2a: Sneasler|Dire Claw|p1a: Alomomola\n|-damage|p1a: Alomomola|14\/100\n|move|p1a: Alomomola|Flip Turn|p2a: Sneasler\n|-damage|p2a: Sneasler|8\/100\n|\n|t:|1700144967\n|switch|p1a: Kommo-o|Kommo-o, F, shiny|5\/100|[from] Flip Turn\n|\n|-heal|p1a: Kommo-o|97\/100|[from] move: Wish|[wisher] Alomomola\n|upkeep\n|turn|9\n|\n|t:|1700144987\n|move|p1a: Kommo-o|Vacuum Wave|p2a: Sneasler\n|-resisted|p2a: Sneasler\n|-damage|p2a: Sneasler|0 fnt\n|faint|p2a: Sneasler\n|\n|upkeep\n|\n|t:|1700145004\n|switch|p2a: Clefable|Clefable, F|100\/100\n|turn|10\n|\n|t:|1700145022\n|switch|p1a: Glimmora|Glimmora, F, shiny|100\/100\n|-item|p1a: Glimmora|Air Balloon\n|move|p2a: Clefable|Moonblast|p1a: Glimmora\n|-resisted|p1a: Glimmora\n|-damage|p1a: Glimmora|82\/100\n|-unboost|p1a: Glimmora|spa|1\n|-enditem|p1a: Glimmora|Air Balloon\n|\n|upkeep\n|turn|11\n|inactive|Ahsanul has 120 seconds left.\n|\n|t:|1700145043\n|switch|p2a: Pum|Iron Moth|100\/100\n|-enditem|p2a: Pum|Booster Energy\n|-activate|p2a: Pum|ability: Quark Drive|[fromitem]\n|-start|p2a: Pum|quarkdrivespe\n|move|p1a: Glimmora|Toxic|p2a: Pum\n|-immune|p2a: Pum\n|\n|upkeep\n|turn|12\n|inactive|Ahsanul has 120 seconds left.\n|\n|t:|1700145066\n|move|p2a: Pum|Substitute|p2a: Pum\n|-start|p2a: Pum|Substitute\n|-damage|p2a: Pum|76\/100\n|move|p1a: Glimmora|Earth Power|p2a: Pum\n|-supereffective|p2a: Pum\n|-crit|p2a: Pum\n|-end|p2a: Pum|Substitute\n|\n|upkeep\n|turn|13\n|\n|t:|1700145074\n|-end|p2a: Pum|Quark Drive|[silent]\n|switch|p2a: Dragonite|Dragonite, F|100\/100\n|move|p1a: Glimmora|Power Gem|p2a: Dragonite\n|-supereffective|p2a: Dragonite\n|-damage|p2a: Dragonite|50\/100\n|\n|upkeep\n|turn|14\n|inactive|Ahsanul has 120 seconds left.\n|\n|t:|1700145097\n|move|p1a: Glimmora|Power Gem|p2a: Dragonite\n|-supereffective|p2a: Dragonite\n|-damage|p2a: Dragonite|0 fnt\n|faint|p2a: Dragonite\n|\n|upkeep\n|\n|t:|1700145102\n|switch|p2a: Kommo-o|Kommo-o, F|100\/100\n|turn|15\n|\n|t:|1700145116\n|move|p1a: Glimmora|Toxic|p2a: Kommo-o\n|-status|p2a: Kommo-o|tox\n|move|p2a: Kommo-o|Clangorous Soul|p2a: Kommo-o\n|-boost|p2a: Kommo-o|atk|1\n|-boost|p2a: Kommo-o|def|1\n|-boost|p2a: Kommo-o|spa|1\n|-boost|p2a: Kommo-o|spd|1\n|-boost|p2a: Kommo-o|spe|1\n|-damage|p2a: Kommo-o|68\/100 tox\n|-enditem|p2a: Kommo-o|Throat Spray\n|-boost|p2a: Kommo-o|spa|1|[from] item: Throat Spray\n|\n|-damage|p2a: Kommo-o|61\/100 tox|[from] psn\n|upkeep\n|turn|16\n|\n|t:|1700145128\n|move|p1a: Glimmora|Spiky Shield|p1a: Glimmora\n|-singleturn|p1a: Glimmora|move: Protect\n|move|p2a: Kommo-o|Clanging Scales|p1a: Glimmora\n|-activate|p1a: Glimmora|move: Protect\n|\n|-damage|p2a: Kommo-o|49\/100 tox|[from] psn\n|upkeep\n|turn|17\n|\n|t:|1700145136\n|move|p1a: Glimmora|Spiky Shield||[still]\n|-fail|p1a: Glimmora\n|move|p2a: Kommo-o|Clanging Scales|p1a: Glimmora\n|-damage|p1a: Glimmora|0 fnt\n|faint|p1a: Glimmora\n|-unboost|p2a: Kommo-o|def|1\n|\n|-damage|p2a: Kommo-o|30\/100 tox|[from] psn\n|upkeep\n|\n|t:|1700145145\n|switch|p1a: Alomomola|Alomomola, F|47\/100\n|turn|18\n|\n|t:|1700145149\n|move|p1a: Alomomola|Protect|p1a: Alomomola\n|-singleturn|p1a: Alomomola|Protect\n|move|p2a: Kommo-o|Boomburst|p1a: Alomomola\n|-activate|p1a: Alomomola|move: Protect\n|\n|-damage|p2a: Kommo-o|6\/100 tox|[from] psn\n|upkeep\n|turn|19\n|inactive|wyverbal has 120 seconds left.\n|\n|t:|1700145181\n|move|p1a: Alomomola|Protect||[still]\n|-fail|p1a: Alomomola\n|move|p2a: Kommo-o|Boomburst|p1a: Alomomola\n|-damage|p1a: Alomomola|0 fnt\n|faint|p1a: Alomomola\n|\n|-damage|p2a: Kommo-o|0 fnt|[from] psn\n|faint|p2a: Kommo-o\n|upkeep\n|inactive|wyverbal has 120 seconds left.\n|\n|t:|1700145197\n|switch|p2a: Clefable|Clefable, F|100\/100\n|switch|p1a: Hoopa|Hoopa-Unbound|100\/100\n|turn|20\n|inactive|wyverbal has 120 seconds left.\n|\n|t:|1700145212\n|move|p1a: Hoopa|Psychic|p2a: Clefable\n|-damage|p2a: Clefable|65\/100\n|move|p2a: Clefable|Moonblast|p1a: Hoopa\n|-supereffective|p1a: Hoopa\n|-damage|p1a: Hoopa|74\/100\n|\n|-heal|p2a: Clefable|71\/100|[from] item: Leftovers\n|upkeep\n|turn|21\n|inactive|wyverbal has 120 seconds left.\n|\n|t:|1700145221\n|move|p1a: Hoopa|Psychic|p2a: Clefable\n|-damage|p2a: Clefable|36\/100\n|move|p2a: Clefable|Knock Off|p1a: Hoopa\n|-damage|p1a: Hoopa|48\/100\n|-enditem|p1a: Hoopa|Assault Vest|[from] move: Knock Off|[of] p2a: Clefable\n|\n|-heal|p2a: Clefable|42\/100|[from] item: Leftovers\n|upkeep\n|turn|22\n|\n|t:|1700145231\n|move|p2a: Clefable|Protect|p2a: Clefable\n|-singleturn|p2a: Clefable|Protect\n|move|p1a: Hoopa|Psychic|p2a: Clefable\n|-activate|p2a: Clefable|move: Protect\n|\n|-heal|p2a: Clefable|48\/100|[from] item: Leftovers\n|upkeep\n|turn|23\n|\n|t:|1700145257\n|move|p1a: Hoopa|Knock Off|p2a: Clefable\n|-resisted|p2a: Clefable\n|-damage|p2a: Clefable|18\/100\n|-enditem|p2a: Clefable|Leftovers|[from] move: Knock Off|[of] p1a: Hoopa\n|move|p2a: Clefable|Moonblast|p1a: Hoopa\n|-supereffective|p1a: Hoopa\n|-damage|p1a: Hoopa|8\/100\n|\n|upkeep\n|turn|24\n|\n|t:|1700145265\n|move|p2a: Clefable|Protect|p2a: Clefable\n|-singleturn|p2a: Clefable|Protect\n|move|p1a: Hoopa|Psychic|p2a: Clefable\n|-activate|p2a: Clefable|move: Protect\n|\n|upkeep\n|turn|25\n|\n|t:|1700145274\n|move|p1a: Hoopa|Psychic|p2a: Clefable\n|-damage|p2a: Clefable|0 fnt\n|faint|p2a: Clefable\n|\n|upkeep\n|-message|Ahsanul forfeited.\n|\n|win|wyverbal\n|raw|wyverbal's rating: 1136 &rarr; <strong>1160<\/strong><br \/>(+24 for winning)\n|raw|Ahsanul's rating: 1129 &rarr; <strong>1105<\/strong><br \/>(-24 for losing)\n|l|\u2606Ahsanul\n","uploadtime":1700145282,"views":6,"p1id":"wyverbal","p2id":"ahsanul","formatid":"gen9ou","rating":1105,"private":0,"password":""}