{"id":"gen9ou-1996558039","p1":"SDK04","p2":"SandVeil10","format":"[Gen 9] OU","log":"|j|\u2606SDK04\n|j|\u2606SandVeil10\n|inactive|Battle timer is ON: inactive players will automatically lose when time's up.\n|t:|1700694114\n|gametype|singles\n|player|p1|SDK04|unknown|\n|player|p2|SandVeil10|birch|\n|teamsize|p1|6\n|teamsize|p2|6\n|gen|9\n|tier|[Gen 9] OU\n|rated|Tournament battle\n|rule|Sleep Clause Mod: Limit one foe put to sleep\n|rule|Species Clause: Limit one of each Pok\u00e9mon\n|rule|OHKO Clause: OHKO moves are banned\n|rule|Evasion Items Clause: Evasion items are banned\n|rule|Evasion Moves Clause: Evasion moves are banned\n|rule|Endless Battle Clause: Forcing endless battles is banned\n|rule|HP Percentage Mod: HP is shown in percentages\n|clearpoke\n|poke|p1|Munkidori, M|\n|poke|p1|Rillaboom, F|\n|poke|p1|Hydreigon, M|\n|poke|p1|Dragonite, M|\n|poke|p1|Great Tusk|\n|poke|p1|Muk-Alola, F|\n|poke|p2|Rillaboom, F|\n|poke|p2|Garganacl, F|\n|poke|p2|Great Tusk|\n|poke|p2|Heatran, M|\n|poke|p2|Zapdos|\n|poke|p2|Walking Wake|\n|teampreview\n|inactive|SandVeil10 also wants the timer to be on.\n|c|\u2606SandVeil10|have fun\n|c|\u2606SDK04|u2\n|j| qxfn143\n|j| TheNewBrends11@!\n|inactive|SandVeil10 has 120 seconds left.\n|\n|t:|1700694158\n|start\n|switch|p1a: Sample Breaker|Hydreigon, M, shiny|100\/100\n|switch|p2a: Caldeira|Heatran, M|100\/100\n|turn|1\n|inactive|SandVeil10 has 120 seconds left.\n|j| Christian Dior III\n|\n|t:|1700694207\n|switch|p2a: JungleBeats|Rillaboom, F, shiny|100\/100\n|-fieldstart|move: Grassy Terrain|[from] ability: Grassy Surge|[of] p2a: JungleBeats\n|move|p1a: Sample Breaker|U-turn|p2a: JungleBeats\n|-supereffective|p2a: JungleBeats\n|-crit|p2a: JungleBeats\n|-damage|p2a: JungleBeats|52\/100\n|\n|t:|1700694215\n|switch|p1a: Mojo Jojo|Munkidori, M|100\/100|[from] U-turn\n|\n|-heal|p2a: JungleBeats|58\/100|[from] Grassy Terrain\n|upkeep\n|turn|2\n|c| Christian Dior III|mojo jojo looks a little high...\n|inactive|SandVeil10 has 90 seconds left.\n|\n|t:|1700694261\n|switch|p2a: Caldeira|Heatran, M|100\/100\n|move|p1a: Mojo Jojo|U-turn|p2a: Caldeira\n|-resisted|p2a: Caldeira\n|-damage|p2a: Caldeira|98\/100\n|-status|p1a: Mojo Jojo|brn|[from] ability: Flame Body|[of] p2a: Caldeira\n|\n|t:|1700694271\n|switch|p1a: Sample Breaker|Hydreigon, M, shiny|100\/100|[from] U-turn\n|\n|-heal|p2a: Caldeira|100\/100|[from] Grassy Terrain\n|upkeep\n|turn|3\n|\n|t:|1700694287\n|switch|p2a: Alba|Zapdos, shiny|100\/100\n|move|p1a: Sample Breaker|U-turn|p2a: Alba\n|-resisted|p2a: Alba\n|-damage|p2a: Alba|94\/100\n|\n|t:|1700694292\n|switch|p1a: Mojo Jojo|Munkidori, M|100\/100 brn|[from] U-turn\n|\n|-damage|p1a: Mojo Jojo|95\/100 brn|[from] brn\n|upkeep\n|turn|4\n|j| mint yerb\n|\n|t:|1700694305\n|move|p1a: Mojo Jojo|Psychic|p2a: Alba\n|-damage|p2a: Alba|47\/100\n|-status|p2a: Alba|tox|[from] ability: Toxic Chain|[of] p1a: Mojo Jojo\n|move|p2a: Alba|Volt Switch|p1a: Mojo Jojo\n|-damage|p1a: Mojo Jojo|58\/100 brn\n|c|\u2606SDK04|Got em\u2019\n|c|\u2606SandVeil10|dat toxic chain\n|c|\u2606SDK04|That\u2019s literally all it needs to do\n|inactive|SandVeil10 has 60 seconds left.\n|\n|t:|1700694333\n|switch|p2a: Topaz|Walking Wake|100\/100|[from] Volt Switch\n|\n|-heal|p1a: Mojo Jojo|64\/100 brn|[from] Grassy Terrain\n|-damage|p1a: Mojo Jojo|58\/100 brn|[from] brn\n|upkeep\n|turn|5\n|\n|t:|1700694340\n|move|p1a: Mojo Jojo|Psychic|p2a: Topaz\n|-damage|p2a: Topaz|49\/100\n|-unboost|p2a: Topaz|spd|1\n|move|p2a: Topaz|Draco Meteor|p1a: Mojo Jojo\n|-damage|p1a: Mojo Jojo|0 fnt\n|-unboost|p2a: Topaz|spa|2\n|faint|p1a: Mojo Jojo\n|\n|-heal|p2a: Topaz|55\/100|[from] Grassy Terrain\n|-fieldend|move: Grassy Terrain\n|upkeep\n|c|\u2606SandVeil10|oops forgot it was scarf\n|\n|t:|1700694359\n|switch|p1a: Nature\u2019s Nuke|Rillaboom, F, shiny|100\/100\n|-fieldstart|move: Grassy Terrain|[from] ability: Grassy Surge|[of] p1a: Nature\u2019s Nuke\n|turn|6\n|\n|t:|1700694364\n|-end|p2a: Topaz|Protosynthesis|[silent]\n|switch|p2a: Caldeira|Heatran, M|100\/100\n|move|p1a: Nature\u2019s Nuke|Swords Dance|p1a: Nature\u2019s Nuke\n|-boost|p1a: Nature\u2019s Nuke|atk|2\n|\n|upkeep\n|turn|7\n|c|\u2606SDK04|Ah shit\n|c|\u2606SandVeil10|the heat\n|inactive|SandVeil10 has 60 seconds left.\n|\n|t:|1700694395\n|switch|p2a: Alba|Zapdos, shiny|47\/100 tox\n|move|p1a: Nature\u2019s Nuke|Low Kick|p2a: Alba\n|-resisted|p2a: Alba\n|-damage|p2a: Alba|20\/100 tox\n|\n|-damage|p2a: Alba|14\/100 tox|[from] psn\n|upkeep\n|turn|8\n|c|\u2606SDK04|Flame Body too\n|inactive|SandVeil10 has 60 seconds left.\n|\n|t:|1700694403\n|move|p1a: Nature\u2019s Nuke|Grassy Glide|p2a: Alba\n|-resisted|p2a: Alba\n|-damage|p2a: Alba|0 fnt\n|faint|p2a: Alba\n|\n|upkeep\n|inactive|SandVeil10 has 60 seconds left.\n|j| seakingmissile\n|\n|t:|1700694423\n|switch|p2a: Salinae|Garganacl, F|100\/100\n|turn|9\n|j| l9testtren\n|\n|t:|1700694441\n|-terastallize|p1a: Nature\u2019s Nuke|Grass\n|-terastallize|p2a: Salinae|Fairy\n|move|p1a: Nature\u2019s Nuke|Grassy Glide|p2a: Salinae\n|-damage|p2a: Salinae|29\/100\n|move|p2a: Salinae|Recover|p2a: Salinae\n|-heal|p2a: Salinae|79\/100\n|\n|-heal|p2a: Salinae|85\/100|[from] Grassy Terrain\n|-heal|p2a: Salinae|91\/100|[from] item: Leftovers\n|upkeep\n|turn|10\n|inactive|SandVeil10 has 30 seconds left.\n|inactive|SandVeil10 has 20 seconds left.\n|inactive|SandVeil10 has 15 seconds left.\n|\n|t:|1700694479\n|move|p1a: Nature\u2019s Nuke|Grassy Glide|p2a: Salinae\n|-damage|p2a: Salinae|15\/100\n|move|p2a: Salinae|Recover|p2a: Salinae\n|-heal|p2a: Salinae|65\/100\n|\n|-heal|p2a: Salinae|71\/100|[from] Grassy Terrain\n|-heal|p2a: Salinae|77\/100|[from] item: Leftovers\n|-fieldend|move: Grassy Terrain\n|upkeep\n|turn|11\n|inactive|SandVeil10 has 25 seconds left this turn.\n|c|\u2606SDK04|Glide does too much damage\n|inactive|SandVeil10 has 20 seconds left.\n|inactive|SandVeil10 has 15 seconds left.\n|\n|t:|1700694494\n|move|p1a: Nature\u2019s Nuke|Swords Dance|p1a: Nature\u2019s Nuke\n|-boost|p1a: Nature\u2019s Nuke|atk|2\n|move|p2a: Salinae|Recover|p2a: Salinae\n|-heal|p2a: Salinae|100\/100\n|\n|upkeep\n|turn|12\n|inactive|SandVeil10 has 25 seconds left this turn.\n|c|\u2606SandVeil10|ye\n|inactive|SandVeil10 has 20 seconds left.\n|\n|t:|1700694503\n|move|p1a: Nature\u2019s Nuke|Grassy Glide|p2a: Salinae\n|-damage|p2a: Salinae|8\/100\n|move|p2a: Salinae|Iron Defense|p2a: Salinae\n|-boost|p2a: Salinae|def|2\n|\n|-heal|p2a: Salinae|15\/100|[from] item: Leftovers\n|upkeep\n|turn|13\n|inactive|SandVeil10 has 30 seconds left this turn.\n|inactive|SandVeil10 has 20 seconds left.\n|inactive|SandVeil10 has 15 seconds left.\n|\n|t:|1700694518\n|switch|p2a: Caldeira|Heatran, M|100\/100\n|move|p1a: Nature\u2019s Nuke|Grassy Glide|p2a: Caldeira\n|-resisted|p2a: Caldeira\n|-damage|p2a: Caldeira|71\/100\n|-status|p1a: Nature\u2019s Nuke|brn|[from] ability: Flame Body|[of] p2a: Caldeira\n|\n|-heal|p2a: Caldeira|77\/100|[from] item: Leftovers\n|-damage|p1a: Nature\u2019s Nuke|94\/100 brn|[from] brn\n|upkeep\n|turn|14\n|inactive|SandVeil10 has 25 seconds left this turn.\n|c|\u2606SDK04|I think this might be ggs\n|inactive|SandVeil10 has 20 seconds left.\n|c|\u2606SandVeil10|HOL UP\n|inactive|SandVeil10 has 15 seconds left.\n|c| seakingmissile|THE CLUTCHLORD\n|c|\u2606SandVeil10|LOL\n|c| seakingmissile|GOD SAVE THE HEATRAN\n|inactive|SandVeil10 has 10 seconds left.\n|inactive|SandVeil10 has 5 seconds left.\n|\n|t:|1700694542\n|switch|p2a: Ivory|Great Tusk, shiny|100\/100\n|move|p1a: Nature\u2019s Nuke|Low Kick|p2a: Ivory\n|-damage|p2a: Ivory|61\/100\n|\n|-heal|p2a: Ivory|67\/100|[from] item: Leftovers\n|-damage|p1a: Nature\u2019s Nuke|88\/100 brn|[from] brn\n|upkeep\n|turn|15\n|inactive|SandVeil10 has 15 seconds left this turn.\n|inactive|SandVeil10 has 10 seconds left.\n|\n|t:|1700694551\n|switch|p1a: Donphan-Therian|Great Tusk|100\/100\n|move|p2a: Ivory|Ice Spinner|p1a: Donphan-Therian\n|-supereffective|p1a: Donphan-Therian\n|-damage|p1a: Donphan-Therian|78\/100\n|-damage|p2a: Ivory|51\/100|[from] item: Rocky Helmet|[of] p1a: Donphan-Therian\n|\n|-heal|p2a: Ivory|57\/100|[from] item: Leftovers\n|upkeep\n|turn|16\n|inactive|SandVeil10 has 20 seconds left this turn.\n|inactive|SandVeil10 has 15 seconds left.\n|c|\u2606SandVeil10|pfew\n|inactive|SandVeil10 has 10 seconds left.\n|c|\u2606SandVeil10|not over just yet\n|\n|t:|1700694565\n|move|p2a: Ivory|Rapid Spin|p1a: Donphan-Therian\n|-damage|p1a: Donphan-Therian|71\/100\n|-boost|p2a: Ivory|spe|1\n|-damage|p2a: Ivory|40\/100|[from] item: Rocky Helmet|[of] p1a: Donphan-Therian\n|move|p1a: Donphan-Therian|Stealth Rock|p2a: Ivory\n|-sidestart|p2: SandVeil10|move: Stealth Rock\n|\n|-heal|p2a: Ivory|47\/100|[from] item: Leftovers\n|upkeep\n|turn|17\n|inactive|SandVeil10 has 20 seconds left this turn.\n|inactive|SandVeil10 has 15 seconds left.\n|\n|t:|1700694571\n|move|p2a: Ivory|Bulk Up|p2a: Ivory\n|-boost|p2a: Ivory|atk|1\n|-boost|p2a: Ivory|def|1\n|move|p1a: Donphan-Therian|Ice Spinner|p2a: Ivory\n|-supereffective|p2a: Ivory\n|-damage|p2a: Ivory|28\/100\n|\n|-heal|p2a: Ivory|34\/100|[from] item: Leftovers\n|upkeep\n|turn|18\n|inactive|SandVeil10 has 25 seconds left this turn.\n|inactive|SandVeil10 has 20 seconds left.\n|\n|t:|1700694577\n|move|p2a: Ivory|Bulk Up|p2a: Ivory\n|-boost|p2a: Ivory|atk|1\n|-boost|p2a: Ivory|def|1\n|move|p1a: Donphan-Therian|Ice Spinner|p2a: Ivory\n|-supereffective|p2a: Ivory\n|-damage|p2a: Ivory|19\/100\n|\n|-heal|p2a: Ivory|25\/100|[from] item: Leftovers\n|upkeep\n|turn|19\n|inactive|SandVeil10 has 30 seconds left this turn.\n|\n|t:|1700694581\n|move|p2a: Ivory|Ice Spinner|p1a: Donphan-Therian\n|-supereffective|p1a: Donphan-Therian\n|-damage|p1a: Donphan-Therian|27\/100\n|-damage|p2a: Ivory|9\/100|[from] item: Rocky Helmet|[of] p1a: Donphan-Therian\n|move|p1a: Donphan-Therian|Ice Spinner|p2a: Ivory\n|-supereffective|p2a: Ivory\n|-damage|p2a: Ivory|0 fnt\n|faint|p2a: Ivory\n|-end|p2a: Ivory|Protosynthesis|[silent]\n|\n|upkeep\n|inactive|SandVeil10 has 30 seconds left.\n|l| seakingmissile\n|\n|t:|1700694591\n|switch|p2a: Topaz|Walking Wake|55\/100\n|turn|20\n|inactive|SandVeil10 has 30 seconds left.\n|\n|t:|1700694602\n|move|p2a: Topaz|Scald|p1a: Donphan-Therian\n|-supereffective|p1a: Donphan-Therian\n|-damage|p1a: Donphan-Therian|0 fnt\n|faint|p1a: Donphan-Therian\n|-end|p1a: Donphan-Therian|Protosynthesis|[silent]\n|\n|upkeep\n|inactive|SandVeil10 has 30 seconds left this turn.\n|\n|t:|1700694605\n|switch|p1a: Nature\u2019s Nuke|Rillaboom, F, shiny, tera:Grass|88\/100 brn\n|-fieldstart|move: Grassy Terrain|[from] ability: Grassy Surge|[of] p1a: Nature\u2019s Nuke\n|turn|21\n|inactive|SandVeil10 has 30 seconds left.\n|\n|t:|1700694621\n|-end|p2a: Topaz|Protosynthesis|[silent]\n|switch|p2a: JungleBeats|Rillaboom, F, shiny|58\/100\n|-damage|p2a: JungleBeats|46\/100|[from] Stealth Rock\n|move|p1a: Nature\u2019s Nuke|Swords Dance|p1a: Nature\u2019s Nuke\n|-boost|p1a: Nature\u2019s Nuke|atk|2\n|\n|-heal|p1a: Nature\u2019s Nuke|94\/100 brn|[from] Grassy Terrain\n|-heal|p2a: JungleBeats|52\/100|[from] Grassy Terrain\n|-damage|p1a: Nature\u2019s Nuke|88\/100 brn|[from] brn\n|upkeep\n|turn|22\n|inactive|SandVeil10 has 30 seconds left.\n|\n|t:|1700694636\n|move|p1a: Nature\u2019s Nuke|Knock Off|p2a: JungleBeats\n|-damage|p2a: JungleBeats|15\/100\n|-enditem|p2a: JungleBeats|Choice Band|[from] move: Knock Off|[of] p1a: Nature\u2019s Nuke\n|move|p2a: JungleBeats|U-turn|p1a: Nature\u2019s Nuke\n|-supereffective|p1a: Nature\u2019s Nuke\n|-damage|p1a: Nature\u2019s Nuke|35\/100 brn\n|inactive|SandVeil10 has 30 seconds left this turn.\n|inactive|SandVeil10 has 20 seconds left.\n|inactive|SandVeil10 has 15 seconds left.\n|\n|t:|1700694653\n|switch|p2a: Salinae|Garganacl, F, tera:Fairy|15\/100|[from] U-turn\n|-damage|p2a: Salinae|2\/100|[from] Stealth Rock\n|\n|-heal|p1a: Nature\u2019s Nuke|41\/100 brn|[from] Grassy Terrain\n|-heal|p2a: Salinae|8\/100|[from] Grassy Terrain\n|-heal|p2a: Salinae|15\/100|[from] item: Leftovers\n|-damage|p1a: Nature\u2019s Nuke|35\/100 brn|[from] brn\n|upkeep\n|turn|23\n|inactive|SandVeil10 has 25 seconds left this turn.\n|inactive|SandVeil10 has 20 seconds left.\n|inactive|SandVeil10 has 15 seconds left.\n|\n|t:|1700694666\n|switch|p2a: Caldeira|Heatran, M|77\/100\n|-damage|p2a: Caldeira|65\/100|[from] Stealth Rock\n|move|p1a: Nature\u2019s Nuke|Grassy Glide|p2a: Caldeira\n|-resisted|p2a: Caldeira\n|-damage|p2a: Caldeira|54\/100\n|\n|-heal|p1a: Nature\u2019s Nuke|41\/100 brn|[from] Grassy Terrain\n|-heal|p2a: Caldeira|60\/100|[from] Grassy Terrain\n|-heal|p2a: Caldeira|66\/100|[from] item: Leftovers\n|-damage|p1a: Nature\u2019s Nuke|35\/100 brn|[from] brn\n|upkeep\n|turn|24\n|inactive|SandVeil10 has 25 seconds left this turn.\n|inactive|SandVeil10 has 20 seconds left.\n|\n|t:|1700694676\n|switch|p2a: Salinae|Garganacl, F, tera:Fairy|15\/100\n|-damage|p2a: Salinae|2\/100|[from] Stealth Rock\n|move|p1a: Nature\u2019s Nuke|Low Kick|p2a: Salinae\n|-resisted|p2a: Salinae\n|-damage|p2a: Salinae|0 fnt\n|faint|p2a: Salinae\n|\n|-heal|p1a: Nature\u2019s Nuke|41\/100 brn|[from] Grassy Terrain\n|-damage|p1a: Nature\u2019s Nuke|35\/100 brn|[from] brn\n|upkeep\n|inactive|SandVeil10 has 25 seconds left this turn.\n|inactive|SandVeil10 has 20 seconds left.\n|inactive|SandVeil10 has 15 seconds left.\n|\n|t:|1700694686\n|switch|p2a: JungleBeats|Rillaboom, F, shiny|15\/100\n|-damage|p2a: JungleBeats|2\/100|[from] Stealth Rock\n|turn|25\n|inactive|SandVeil10 has 25 seconds left this turn.\n|\n|t:|1700694695\n|switch|p1a: Certified Eater|Muk-Alola, F|100\/100\n|move|p2a: JungleBeats|U-turn|p1a: Certified Eater\n|-damage|p1a: Certified Eater|71\/100\n|inactive|SandVeil10 has 30 seconds left this turn.\n|inactive|SandVeil10 has 20 seconds left.\n|\n|t:|1700694709\n|switch|p2a: Caldeira|Heatran, M|66\/100|[from] U-turn\n|-damage|p2a: Caldeira|54\/100|[from] Stealth Rock\n|\n|-heal|p2a: Caldeira|60\/100|[from] Grassy Terrain\n|-heal|p2a: Caldeira|66\/100|[from] item: Leftovers\n|-heal|p1a: Certified Eater|77\/100|[from] Grassy Terrain\n|-heal|p1a: Certified Eater|83\/100|[from] item: Black Sludge\n|-fieldend|move: Grassy Terrain\n|upkeep\n|turn|26\n|inactive|SandVeil10 has 30 seconds left this turn.\n|\n|t:|1700694715\n|move|p2a: Caldeira|Stealth Rock|p1a: Certified Eater\n|-sidestart|p1: SDK04|move: Stealth Rock\n|move|p1a: Certified Eater|Knock Off|p2a: Caldeira\n|-damage|p2a: Caldeira|38\/100\n|-enditem|p2a: Caldeira|Leftovers|[from] move: Knock Off|[of] p1a: Certified Eater\n|\n|-heal|p1a: Certified Eater|89\/100|[from] item: Black Sludge\n|upkeep\n|turn|27\n|inactive|SandVeil10 has 30 seconds left.\n|\n|t:|1700694721\n|move|p2a: Caldeira|Taunt|p1a: Certified Eater\n|-start|p1a: Certified Eater|move: Taunt\n|move|p1a: Certified Eater|Drain Punch|p2a: Caldeira\n|-supereffective|p2a: Caldeira\n|-damage|p2a: Caldeira|7\/100\n|-heal|p1a: Certified Eater|100\/100|[from] drain|[of] p2a: Caldeira\n|-status|p1a: Certified Eater|brn|[from] ability: Flame Body|[of] p2a: Caldeira\n|\n|-damage|p1a: Certified Eater|94\/100 brn|[from] brn\n|upkeep\n|turn|28\n|\n|t:|1700694729\n|move|p2a: Caldeira|Earth Power|p1a: Certified Eater\n|-supereffective|p1a: Certified Eater\n|-damage|p1a: Certified Eater|62\/100 brn\n|move|p1a: Certified Eater|Knock Off|p2a: Caldeira\n|-damage|p2a: Caldeira|0 fnt\n|faint|p2a: Caldeira\n|\n|-heal|p1a: Certified Eater|68\/100 brn|[from] item: Black Sludge\n|-damage|p1a: Certified Eater|62\/100 brn|[from] brn\n|upkeep\n|\n|t:|1700694738\n|switch|p2a: Topaz|Walking Wake|55\/100\n|turn|29\n|c|\u2606SDK04|Now it\u2019s over\n|c|\u2606SDK04|gg\n|c|\u2606SDK04|wp\n|\n|t:|1700694750\n|move|p2a: Topaz|Flip Turn|p1a: Certified Eater\n|-crit|p1a: Certified Eater\n|-damage|p1a: Certified Eater|36\/100 brn\n|\n|t:|1700694753\n|-end|p2a: Topaz|Protosynthesis|[silent]\n|switch|p2a: JungleBeats|Rillaboom, F, shiny|2\/100|[from] Flip Turn\n|-damage|p2a: JungleBeats|0 fnt|[from] Stealth Rock\n|faint|p2a: JungleBeats\n|move|p1a: Certified Eater|Knock Off|p2: JungleBeats|[notarget]\n|-fail|p1a: Certified Eater\n|\n|-heal|p1a: Certified Eater|42\/100 brn|[from] item: Black Sludge\n|-damage|p1a: Certified Eater|36\/100 brn|[from] brn\n|-end|p1a: Certified Eater|move: Taunt\n|upkeep\n|\n|t:|1700694758\n|switch|p2a: Topaz|Walking Wake|55\/100\n|turn|30\n|\n|t:|1700694764\n|move|p2a: Topaz|Knock Off|p1a: Certified Eater\n|-resisted|p1a: Certified Eater\n|-damage|p1a: Certified Eater|27\/100 brn\n|-enditem|p1a: Certified Eater|Black Sludge|[from] move: Knock Off|[of] p2a: Topaz\n|move|p1a: Certified Eater|Knock Off|p2a: Topaz\n|-damage|p2a: Topaz|37\/100\n|-status|p2a: Topaz|psn|[from] ability: Poison Touch|[of] p1a: Certified Eater\n|-enditem|p2a: Topaz|Heavy-Duty Boots|[from] move: Knock Off|[of] p1a: Certified Eater\n|\n|-damage|p2a: Topaz|25\/100 psn|[from] psn\n|-damage|p1a: Certified Eater|21\/100 brn|[from] brn\n|upkeep\n|turn|31\n|\n|t:|1700694771\n|move|p1a: Certified Eater|Protect|p1a: Certified Eater\n|-singleturn|p1a: Certified Eater|Protect\n|move|p2a: Topaz|Scald|p1a: Certified Eater\n|-activate|p1a: Certified Eater|move: Protect\n|\n|-damage|p2a: Topaz|13\/100 psn|[from] psn\n|-damage|p1a: Certified Eater|15\/100 brn|[from] brn\n|upkeep\n|turn|32\n|c|\u2606SandVeil10|gg\n|c|\u2606SandVeil10|wp\n|c|\u2606SandVeil10|gl with the tour\n|c|\u2606SDK04|gg\n|c|\u2606SDK04|wp\n|\n|t:|1700694789\n|move|p2a: Topaz|Scald|p1a: Certified Eater\n|-damage|p1a: Certified Eater|0 fnt\n|faint|p1a: Certified Eater\n|\n|-damage|p2a: Topaz|0 fnt|[from] psn\n|faint|p2a: Topaz\n|-end|p2a: Topaz|Protosynthesis|[silent]\n|\n|win|SDK04\n|upkeep\n|n|\u2606SDK04|sdk04\n|n|\u2606SandVeil10|sandveil10\n|n| qxfn143|qxfn143\n|n| TheNewBrends11@!|thenewbrends11\n|n| Christian Dior III|christiandioriii\n|n| mint yerb|mintyerb\n|n| l9testtren|l9testtren\n|l| qxfn143\n|l|\u2606SDK04\n|l| mint yerb\n","uploadtime":1700694799,"views":2,"p1id":"sdk04","p2id":"sandveil10","formatid":"gen9ou","rating":0,"private":0,"password":""}