{"id":"gen9ou-1992505692","p1":"TheAtomicBonk","p2":"Calondro","format":"[Gen 9] OU","log":"|j|\u2606TheAtomicBonk\n|j|\u2606Calondro\n|t:|1700196419\n|gametype|singles\n|player|p1|TheAtomicBonk|roxie|1232\n|player|p2|Calondro|266|1297\n|teamsize|p1|6\n|teamsize|p2|6\n|gen|9\n|tier|[Gen 9] OU\n|rated|\n|rule|Sleep Clause Mod: Limit one foe put to sleep\n|rule|Species Clause: Limit one of each Pok\u00e9mon\n|rule|OHKO Clause: OHKO moves are banned\n|rule|Evasion Items Clause: Evasion items are banned\n|rule|Evasion Moves Clause: Evasion moves are banned\n|rule|Endless Battle Clause: Forcing endless battles is banned\n|rule|HP Percentage Mod: HP is shown in percentages\n|clearpoke\n|poke|p1|Torkoal, M|\n|poke|p1|Walking Wake|\n|poke|p1|Great Tusk|\n|poke|p1|Sandy Shocks|\n|poke|p1|Ogerpon-Wellspring, F|\n|poke|p1|Gholdengo|\n|poke|p2|Corviknight, M|\n|poke|p2|Glimmora, M|\n|poke|p2|Ogerpon-Wellspring, F|\n|poke|p2|Iron Moth|\n|poke|p2|Gholdengo|\n|poke|p2|Kingambit, F|\n|teampreview\n|inactive|Battle timer is ON: inactive players will automatically lose when time's up. (requested by Calondro)\n|\n|t:|1700196436\n|start\n|switch|p1a: Here comes the sun|Torkoal, M|100\/100\n|switch|p2a: Ogerpon|Ogerpon-Wellspring, F|100\/100\n|-weather|SunnyDay|[from] ability: Drought|[of] p1a: Here comes the sun\n|turn|1\n|\n|t:|1700196444\n|-terastallize|p2a: Ogerpon|Water\n|detailschange|p2a: Ogerpon|Ogerpon-Wellspring-Tera, F, tera:Water\n|-ability|p2a: Ogerpon|Embody Aspect (Wellspring)|boost\n|-boost|p2a: Ogerpon|spd|1\n|move|p2a: Ogerpon|Ivy Cudgel|p1a: Here comes the sun|[anim] Ivy Cudgel Water\n|-supereffective|p1a: Here comes the sun\n|-damage|p1a: Here comes the sun|39\/100\n|move|p1a: Here comes the sun|Stealth Rock|p2a: Ogerpon\n|-sidestart|p2: Calondro|move: Stealth Rock\n|\n|-weather|SunnyDay|[upkeep]\n|upkeep\n|turn|2\n|\n|t:|1700196454\n|switch|p1a: Swamp Monster|Ogerpon-Wellspring, F|100\/100\n|move|p2a: Ogerpon|Swords Dance|p2a: Ogerpon\n|-boost|p2a: Ogerpon|atk|2\n|\n|-weather|SunnyDay|[upkeep]\n|upkeep\n|turn|3\n|\n|t:|1700196461\n|move|p2a: Ogerpon|Knock Off|p1a: Swamp Monster\n|-damage|p1a: Swamp Monster|28\/100\n|move|p1a: Swamp Monster|Solar Blade||[still]\n|-prepare|p1a: Swamp Monster|Solar Blade\n|-anim|p1a: Swamp Monster|Solar Blade|p2a: Ogerpon\n|-supereffective|p2a: Ogerpon\n|-damage|p2a: Ogerpon|0 fnt\n|faint|p2a: Ogerpon\n|\n|-weather|SunnyDay|[upkeep]\n|upkeep\n|\n|t:|1700196486\n|switch|p2a: Glimmora|Glimmora, M|100\/100\n|-damage|p2a: Glimmora|88\/100|[from] Stealth Rock\n|turn|4\n|\n|t:|1700196490\n|move|p1a: Swamp Monster|Solar Blade||[still]\n|-prepare|p1a: Swamp Monster|Solar Blade\n|-anim|p1a: Swamp Monster|Solar Blade|p2a: Glimmora\n|-crit|p2a: Glimmora\n|-damage|p2a: Glimmora|0 fnt\n|-activate|p2a: Glimmora|ability: Toxic Debris\n|-sidestart|p1: TheAtomicBonk|move: Toxic Spikes\n|faint|p2a: Glimmora\n|\n|-weather|SunnyDay|[upkeep]\n|upkeep\n|\n|t:|1700196503\n|switch|p2a: Iron Moth|Iron Moth|100\/100\n|-damage|p2a: Iron Moth|76\/100|[from] Stealth Rock\n|-enditem|p2a: Iron Moth|Booster Energy\n|-activate|p2a: Iron Moth|ability: Quark Drive|[fromitem]\n|-start|p2a: Iron Moth|quarkdrivespe\n|turn|5\n|\n|t:|1700196514\n|move|p2a: Iron Moth|Substitute|p2a: Iron Moth\n|-start|p2a: Iron Moth|Substitute\n|-damage|p2a: Iron Moth|51\/100\n|move|p1a: Swamp Monster|Ivy Cudgel|p2a: Iron Moth|[anim] Ivy Cudgel Water\n|-supereffective|p2a: Iron Moth\n|-end|p2a: Iron Moth|Substitute\n|\n|-weather|SunnyDay|[upkeep]\n|upkeep\n|turn|6\n|\n|t:|1700196523\n|move|p2a: Iron Moth|Dazzling Gleam|p1a: Swamp Monster\n|-damage|p1a: Swamp Monster|0 fnt\n|faint|p1a: Swamp Monster\n|\n|-weather|SunnyDay|[upkeep]\n|upkeep\n|\n|t:|1700196551\n|switch|p1a: cheex|Sandy Shocks|100\/100\n|-activate|p1a: cheex|ability: Protosynthesis\n|-start|p1a: cheex|protosynthesisspa\n|turn|7\n|\n|t:|1700196577\n|move|p2a: Iron Moth|Fiery Dance|p1a: cheex\n|-damage|p1a: cheex|30\/100\n|-boost|p2a: Iron Moth|spa|1\n|move|p1a: cheex|Volt Switch|p2a: Iron Moth\n|-damage|p2a: Iron Moth|4\/100\n|inactive|TheAtomicBonk has 120 seconds left.\n|\n|t:|1700196599\n|-end|p1a: cheex|Protosynthesis|[silent]\n|switch|p1a: Deep Toot|Great Tusk|100\/100|[from] Volt Switch\n|-activate|p1a: Deep Toot|ability: Protosynthesis\n|-start|p1a: Deep Toot|protosynthesisatk\n|\n|-weather|SunnyDay|[upkeep]\n|upkeep\n|turn|8\n|\n|t:|1700196605\n|move|p2a: Iron Moth|Dazzling Gleam|p1a: Deep Toot\n|-supereffective|p1a: Deep Toot\n|-damage|p1a: Deep Toot|0 fnt\n|faint|p1a: Deep Toot\n|-end|p1a: Deep Toot|Protosynthesis|[silent]\n|\n|-weather|none\n|upkeep\n|\n|t:|1700196613\n|switch|p1a: Here comes the sun|Torkoal, M|39\/100\n|-status|p1a: Here comes the sun|psn\n|-weather|SunnyDay|[from] ability: Drought|[of] p1a: Here comes the sun\n|turn|9\n|\n|t:|1700196621\n|move|p2a: Iron Moth|Dazzling Gleam|p1a: Here comes the sun\n|-resisted|p1a: Here comes the sun\n|-damage|p1a: Here comes the sun|20\/100 psn\n|move|p1a: Here comes the sun|Rapid Spin|p2a: Iron Moth\n|-damage|p2a: Iron Moth|0 fnt\n|-boost|p1a: Here comes the sun|spe|1\n|-sideend|p1: TheAtomicBonk|Toxic Spikes|[from] move: Rapid Spin|[of] p1a: Here comes the sun\n|faint|p2a: Iron Moth\n|-end|p2a: Iron Moth|Quark Drive|[silent]\n|\n|-weather|SunnyDay|[upkeep]\n|-damage|p1a: Here comes the sun|7\/100 psn|[from] psn\n|upkeep\n|\n|t:|1700196643\n|switch|p2a: Gholdengo|Gholdengo|100\/100\n|-damage|p2a: Gholdengo|94\/100|[from] Stealth Rock\n|-item|p2a: Gholdengo|Air Balloon\n|turn|10\n|\n|t:|1700196649\n|move|p2a: Gholdengo|Dazzling Gleam|p1a: Here comes the sun\n|-resisted|p1a: Here comes the sun\n|-crit|p1a: Here comes the sun\n|-damage|p1a: Here comes the sun|0 fnt\n|faint|p1a: Here comes the sun\n|\n|-weather|SunnyDay|[upkeep]\n|upkeep\n|\n|t:|1700196655\n|switch|p1a: Dime|Gholdengo|100\/100\n|turn|11\n|\n|t:|1700196664\n|move|p1a: Dime|Shadow Ball|p2a: Gholdengo\n|-supereffective|p2a: Gholdengo\n|-damage|p2a: Gholdengo|9\/100\n|-unboost|p2a: Gholdengo|spd|1\n|-enditem|p2a: Gholdengo|Air Balloon\n|move|p2a: Gholdengo|Shadow Ball|p1a: Dime\n|-supereffective|p1a: Dime\n|-damage|p1a: Dime|0 fnt\n|faint|p1a: Dime\n|\n|-weather|SunnyDay|[upkeep]\n|upkeep\n|\n|t:|1700196683\n|switch|p1a: the wizard|Walking Wake|100\/100\n|-activate|p1a: the wizard|ability: Protosynthesis\n|-start|p1a: the wizard|protosynthesisspe\n|turn|12\n|\n|t:|1700196693\n|move|p1a: the wizard|Flamethrower|p2a: Gholdengo\n|-supereffective|p2a: Gholdengo\n|-damage|p2a: Gholdengo|0 fnt\n|faint|p2a: Gholdengo\n|\n|-weather|SunnyDay|[upkeep]\n|upkeep\n|\n|t:|1700196702\n|switch|p2a: Corviknight|Corviknight, M|100\/100\n|-damage|p2a: Corviknight|88\/100|[from] Stealth Rock\n|-ability|p2a: Corviknight|Pressure\n|turn|13\n|\n|t:|1700196711\n|move|p1a: the wizard|Flamethrower|p2a: Corviknight\n|-supereffective|p2a: Corviknight\n|-damage|p2a: Corviknight|0 fnt\n|faint|p2a: Corviknight\n|\n|-weather|SunnyDay|[upkeep]\n|upkeep\n|\n|t:|1700196716\n|switch|p2a: Kingambit|Kingambit, F|100\/100\n|-damage|p2a: Kingambit|94\/100|[from] Stealth Rock\n|-activate|p2a: Kingambit|ability: Supreme Overlord\n|-start|p2a: Kingambit|fallen5|[silent]\n|turn|14\n|\n|t:|1700196722\n|move|p2a: Kingambit|Sucker Punch|p1a: the wizard\n|-damage|p1a: the wizard|29\/100\n|move|p1a: the wizard|Flamethrower|p2a: Kingambit\n|-supereffective|p2a: Kingambit\n|-damage|p2a: Kingambit|0 fnt\n|faint|p2a: Kingambit\n|-end|p2a: Kingambit|fallen5|[silent]\n|\n|win|TheAtomicBonk\n|raw|TheAtomicBonk's rating: 1232 &rarr; <strong>1262<\/strong><br \/>(+30 for winning)\n|raw|Calondro's rating: 1297 &rarr; <strong>1267<\/strong><br \/>(-30 for losing)\n|l|\u2606Calondro\n","uploadtime":1700196730,"views":8,"p1id":"theatomicbonk","p2id":"calondro","formatid":"gen9ou","rating":1262,"private":0,"password":""}