{"id":"gen9ou-1997953225","p1":"Big Bombert","p2":"Ic_mas","format":"[Gen 9] OU","log":"|j|\u2606Big Bombert\n|j|\u2606Ic_mas\n|t:|1700871547\n|gametype|singles\n|player|p1|Big Bombert|266|1285\n|player|p2|Ic_mas|marlon|1319\n|teamsize|p1|6\n|teamsize|p2|6\n|gen|9\n|tier|[Gen 9] OU\n|rated|\n|rule|Sleep Clause Mod: Limit one foe put to sleep\n|rule|Species Clause: Limit one of each Pok\u00e9mon\n|rule|OHKO Clause: OHKO moves are banned\n|rule|Evasion Items Clause: Evasion items are banned\n|rule|Evasion Moves Clause: Evasion moves are banned\n|rule|Endless Battle Clause: Forcing endless battles is banned\n|rule|HP Percentage Mod: HP is shown in percentages\n|clearpoke\n|poke|p1|Landorus-Therian, M|\n|poke|p1|Gholdengo|\n|poke|p1|Enamorus, F|\n|poke|p1|Samurott-Hisui, F|\n|poke|p1|Arcanine-Hisui, F|\n|poke|p1|Ribombee, F|\n|poke|p2|Poliwrath, M|\n|poke|p2|Pelipper, F|\n|poke|p2|Overqwil, F|\n|poke|p2|Rillaboom, M|\n|poke|p2|Iron Treads|\n|poke|p2|Zapdos|\n|teampreview\n|inactive|Battle timer is ON: inactive players will automatically lose when time's up. (requested by Ic_mas)\n|\n|t:|1700871567\n|start\n|switch|p1a: Ribombee|Ribombee, F|100\/100\n|switch|p2a: Pelipper|Pelipper, F, shiny|100\/100\n|-weather|RainDance|[from] ability: Drizzle|[of] p2a: Pelipper\n|turn|1\n|\n|t:|1700871578\n|move|p1a: Ribombee|Stun Spore|p2a: Pelipper\n|-status|p2a: Pelipper|par\n|move|p2a: Pelipper|Hurricane|p1a: Ribombee\n|-supereffective|p1a: Ribombee\n|-enditem|p1a: Ribombee|Focus Sash\n|-damage|p1a: Ribombee|1\/100\n|\n|-weather|RainDance|[upkeep]\n|upkeep\n|turn|2\n|\n|t:|1700871582\n|move|p1a: Ribombee|Sticky Web|p2a: Pelipper\n|-sidestart|p2: Ic_mas|move: Sticky Web\n|cant|p2a: Pelipper|par\n|\n|-weather|RainDance|[upkeep]\n|upkeep\n|turn|3\n|\n|t:|1700871588\n|move|p1a: Ribombee|Moonblast|p2a: Pelipper\n|-damage|p2a: Pelipper|59\/100 par\n|cant|p2a: Pelipper|par\n|\n|-weather|RainDance|[upkeep]\n|upkeep\n|turn|4\n|\n|t:|1700871593\n|move|p1a: Ribombee|Moonblast|p2a: Pelipper\n|-damage|p2a: Pelipper|14\/100 par\n|cant|p2a: Pelipper|par\n|\n|-weather|RainDance|[upkeep]\n|upkeep\n|turn|5\n|\n|t:|1700871604\n|switch|p2a: Iron Treads|Iron Treads|100\/100\n|-activate|p2a: Iron Treads|move: Sticky Web\n|-unboost|p2a: Iron Treads|spe|1\n|move|p1a: Ribombee|Moonblast|p2a: Iron Treads\n|-resisted|p2a: Iron Treads\n|-damage|p2a: Iron Treads|80\/100\n|\n|-weather|RainDance|[upkeep]\n|upkeep\n|turn|6\n|\n|t:|1700871611\n|switch|p1a: Gholdengo|Gholdengo|100\/100\n|-item|p1a: Gholdengo|Air Balloon\n|move|p2a: Iron Treads|Rapid Spin|p1a: Gholdengo\n|-immune|p1a: Gholdengo\n|\n|-weather|RainDance|[upkeep]\n|upkeep\n|turn|7\n|\n|t:|1700871621\n|-end|p2a: Iron Treads|Quark Drive|[silent]\n|switch|p2a: Overqwil|Overqwil, F|100\/100\n|-activate|p2a: Overqwil|move: Sticky Web\n|-unboost|p2a: Overqwil|spe|1\n|move|p1a: Gholdengo|Nasty Plot|p1a: Gholdengo\n|-boost|p1a: Gholdengo|spa|2\n|\n|-weather|RainDance|[upkeep]\n|upkeep\n|turn|8\n|\n|t:|1700871649\n|switch|p1a: Samurott|Samurott-Hisui, F|100\/100\n|move|p2a: Overqwil|Crunch|p1a: Samurott\n|-resisted|p1a: Samurott\n|-damage|p1a: Samurott|71\/100\n|-unboost|p1a: Samurott|def|1\n|-damage|p2a: Overqwil|91\/100|[from] item: Life Orb\n|\n|-weather|none\n|upkeep\n|turn|9\n|inactive|Big Bombert has 120 seconds left.\n|\n|t:|1700871664\n|switch|p2a: Rillaboom|Rillaboom, M, shiny|100\/100\n|-activate|p2a: Rillaboom|move: Sticky Web\n|-unboost|p2a: Rillaboom|spe|1\n|-fieldstart|move: Grassy Terrain|[from] ability: Grassy Surge|[of] p2a: Rillaboom\n|move|p1a: Samurott|Ceaseless Edge|p2a: Rillaboom\n|-damage|p2a: Rillaboom|51\/100\n|-sidestart|p2: Ic_mas|Spikes\n|\n|-heal|p1a: Samurott|77\/100|[from] Grassy Terrain\n|-heal|p2a: Rillaboom|57\/100|[from] Grassy Terrain\n|upkeep\n|turn|10\n|inactive|Big Bombert has 120 seconds left.\n|\n|t:|1700871684\n|move|p1a: Samurott|Ceaseless Edge|p2a: Rillaboom\n|-damage|p2a: Rillaboom|6\/100\n|-sidestart|p2: Ic_mas|Spikes\n|move|p2a: Rillaboom|Wood Hammer|p1a: Samurott\n|-supereffective|p1a: Samurott\n|-damage|p1a: Samurott|0 fnt\n|faint|p1a: Samurott\n|-damage|p2a: Rillaboom|0 fnt|[from] Recoil\n|faint|p2a: Rillaboom\n|\n|upkeep\n|inactive|Big Bombert has 120 seconds left.\n|\n|t:|1700871704\n|switch|p1a: Landorus|Landorus-Therian, M|100\/100\n|switch|p2a: Pelipper|Pelipper, F, shiny|14\/100 par\n|-ability|p1a: Landorus|Intimidate|boost\n|-unboost|p2a: Pelipper|atk|1\n|-weather|RainDance|[from] ability: Drizzle|[of] p2a: Pelipper\n|turn|11\n|\n|t:|1700871715\n|move|p1a: Landorus|Grass Knot|p2a: Pelipper\n|-damage|p2a: Pelipper|0 fnt\n|faint|p2a: Pelipper\n|\n|-weather|RainDance|[upkeep]\n|upkeep\n|\n|t:|1700871719\n|switch|p2a: Poliwrath|Poliwrath, M|100\/100\n|-activate|p2a: Poliwrath|move: Sticky Web\n|-unboost|p2a: Poliwrath|spe|1\n|-damage|p2a: Poliwrath|84\/100|[from] Spikes\n|turn|12\n|\n|t:|1700871734\n|move|p2a: Poliwrath|Belly Drum|p2a: Poliwrath\n|-damage|p2a: Poliwrath|34\/100\n|-setboost|p2a: Poliwrath|atk|6|[from] move: Belly Drum\n|-enditem|p2a: Poliwrath|Sitrus Berry|[eat]\n|-heal|p2a: Poliwrath|59\/100|[from] item: Sitrus Berry\n|move|p1a: Landorus|Grass Knot|p2a: Poliwrath\n|-supereffective|p2a: Poliwrath\n|-crit|p2a: Poliwrath\n|-damage|p2a: Poliwrath|0 fnt\n|faint|p2a: Poliwrath\n|\n|-weather|RainDance|[upkeep]\n|upkeep\n|\n|t:|1700871742\n|switch|p2a: Overqwil|Overqwil, F|91\/100\n|-activate|p2a: Overqwil|move: Sticky Web\n|-unboost|p2a: Overqwil|spe|1\n|-damage|p2a: Overqwil|74\/100|[from] Spikes\n|turn|13\n|inactive|Big Bombert has 120 seconds left.\n|\n|t:|1700871750\n|move|p2a: Overqwil|Liquidation|p1a: Landorus\n|-supereffective|p1a: Landorus\n|-damage|p1a: Landorus|32\/100\n|-unboost|p1a: Landorus|def|1\n|-damage|p2a: Overqwil|58\/100|[from] item: Rocky Helmet|[of] p1a: Landorus\n|-damage|p2a: Overqwil|48\/100|[from] item: Life Orb\n|move|p1a: Landorus|Stealth Rock|p2a: Overqwil\n|-sidestart|p2: Ic_mas|move: Stealth Rock\n|\n|-weather|RainDance|[upkeep]\n|-heal|p2a: Overqwil|54\/100|[from] Grassy Terrain\n|-fieldend|move: Grassy Terrain\n|upkeep\n|turn|14\n|inactive|Big Bombert has 120 seconds left.\n|\n|t:|1700871764\n|switch|p1a: Ribombee|Ribombee, F|1\/100\n|move|p2a: Overqwil|Liquidation|p1a: Ribombee\n|-damage|p1a: Ribombee|0 fnt\n|faint|p1a: Ribombee\n|-damage|p2a: Overqwil|44\/100|[from] item: Life Orb\n|\n|-weather|RainDance|[upkeep]\n|upkeep\n|inactive|Big Bombert has 120 seconds left.\n|\n|t:|1700871772\n|switch|p1a: Arcanine|Arcanine-Hisui, F|100\/100\n|turn|15\n|\n|t:|1700871777\n|move|p1a: Arcanine|Extreme Speed|p2a: Overqwil\n|-damage|p2a: Overqwil|0 fnt\n|faint|p2a: Overqwil\n|\n|-weather|RainDance|[upkeep]\n|upkeep\n|\n|t:|1700871783\n|switch|p2a: Zapdos|Zapdos|100\/100\n|turn|16\n|\n|t:|1700871791\n|-terastallize|p2a: Zapdos|Dark\n|move|p1a: Arcanine|Extreme Speed|p2a: Zapdos\n|-damage|p2a: Zapdos|47\/100\n|move|p2a: Zapdos|Weather Ball|p1a: Arcanine\n|-supereffective|p1a: Arcanine\n|-damage|p1a: Arcanine|0 fnt\n|faint|p1a: Arcanine\n|\n|-weather|RainDance|[upkeep]\n|upkeep\n|\n|t:|1700871804\n|switch|p1a: Enamorus|Enamorus, F|100\/100\n|turn|17\n|\n|t:|1700871807\n|move|p1a: Enamorus|Moonblast|p2a: Zapdos\n|-supereffective|p2a: Zapdos\n|-damage|p2a: Zapdos|0 fnt\n|faint|p2a: Zapdos\n|\n|-weather|RainDance|[upkeep]\n|upkeep\n|\n|t:|1700871810\n|switch|p2a: Iron Treads|Iron Treads|80\/100\n|-activate|p2a: Iron Treads|move: Sticky Web\n|-unboost|p2a: Iron Treads|spe|1\n|-damage|p2a: Iron Treads|64\/100|[from] Spikes\n|-damage|p2a: Iron Treads|61\/100|[from] Stealth Rock\n|turn|18\n|-message|Ic_mas forfeited.\n|\n|win|Big Bombert\n|raw|Big Bombert's rating: 1285 &rarr; <strong>1312<\/strong><br \/>(+27 for winning)\n|raw|Ic_mas's rating: 1319 &rarr; <strong>1297<\/strong><br \/>(-22 for losing)\n|l|\u2606Ic_mas\n","uploadtime":1700871924,"views":1,"p1id":"bigbombert","p2id":"icmas","formatid":"gen9ou","rating":1297,"private":0,"password":""}