{"id":"gen9ou-1989342062","p1":"Exusiai-PngnLgstcs","p2":"skawa","format":"[Gen 9] OU","log":"|j|\u2606Exusiai-PngnLgstcs\n|j|\u2606skawa\n|t:|1699838492\n|gametype|singles\n|player|p1|Exusiai-PngnLgstcs|dawn-gen4pt|\n|player|p2|skawa|giovanni|\n|teamsize|p1|6\n|teamsize|p2|6\n|gen|9\n|tier|[Gen 9] OU\n|rule|Sleep Clause Mod: Limit one foe put to sleep\n|rule|Species Clause: Limit one of each Pok\u00e9mon\n|rule|OHKO Clause: OHKO moves are banned\n|rule|Evasion Items Clause: Evasion items are banned\n|rule|Evasion Moves Clause: Evasion moves are banned\n|rule|Endless Battle Clause: Forcing endless battles is banned\n|rule|HP Percentage Mod: HP is shown in percentages\n|clearpoke\n|poke|p1|Heatran, M|\n|poke|p1|Zamazenta-*|\n|poke|p1|Bellibolt, M|\n|poke|p1|Landorus-Therian, M|\n|poke|p1|Cloyster, M|\n|poke|p1|Gengar, M|\n|poke|p2|Toxapex, M|\n|poke|p2|Jirachi|\n|poke|p2|Sableye, F|\n|poke|p2|Dragonite, M|\n|poke|p2|Rotom-Wash|\n|poke|p2|Hoopa-Unbound|\n|teampreview\n|\n|t:|1699838513\n|start\n|switch|p1a: MAGICIANS RED|Heatran, M|100\/100\n|switch|p2a: Sableye|Sableye, F|100\/100\n|turn|1\n|\n|t:|1699838518\n|move|p2a: Sableye|Thunder Wave|p1a: MAGICIANS RED\n|-status|p1a: MAGICIANS RED|par\n|move|p1a: MAGICIANS RED|Magma Storm|p2a: Sableye|[miss]\n|-miss|p1a: MAGICIANS RED|p2a: Sableye\n|\n|upkeep\n|turn|2\n|\n|t:|1699838528\n|move|p2a: Sableye|Knock Off|p1a: MAGICIANS RED\n|-damage|p1a: MAGICIANS RED|78\/100 par\n|-enditem|p1a: MAGICIANS RED|Leftovers|[from] move: Knock Off|[of] p2a: Sableye\n|cant|p1a: MAGICIANS RED|par\n|\n|upkeep\n|turn|3\n|\n|t:|1699838537\n|switch|p2a: The wash|Rotom-Wash, shiny|100\/100\n|move|p1a: MAGICIANS RED|Flamethrower|p2a: The wash\n|-resisted|p2a: The wash\n|-damage|p2a: The wash|80\/100\n|\n|-heal|p2a: The wash|87\/100|[from] item: Leftovers\n|upkeep\n|turn|4\n|j| Juroni\n|\n|t:|1699838545\n|-terastallize|p1a: MAGICIANS RED|Grass\n|move|p2a: The wash|Volt Switch|p1a: MAGICIANS RED\n|-resisted|p1a: MAGICIANS RED\n|-damage|p1a: MAGICIANS RED|67\/100 par\n|\n|t:|1699838558\n|switch|p2a: Hoopa|Hoopa-Unbound|100\/100|[from] Volt Switch\n|move|p1a: MAGICIANS RED|Tera Blast|p2a: Hoopa|[anim] Tera Blast Grass\n|-damage|p2a: Hoopa|78\/100\n|\n|upkeep\n|turn|5\n|\n|t:|1699838569\n|switch|p1a: KARS SAMA|Landorus-Therian, M|100\/100\n|-ability|p1a: KARS SAMA|Intimidate|boost\n|-unboost|p2a: Hoopa|atk|1\n|move|p2a: Hoopa|Psychic|p1a: KARS SAMA\n|-damage|p1a: KARS SAMA|38\/100\n|\n|upkeep\n|turn|6\n|\n|t:|1699838581\n|switch|p2a: The wash|Rotom-Wash, shiny|87\/100\n|move|p1a: KARS SAMA|U-turn|p2a: The wash\n|-damage|p2a: The wash|57\/100\n|\n|t:|1699838592\n|switch|p1a: FAT ABSORPTION|Bellibolt, M|100\/100|[from] U-turn\n|\n|-heal|p2a: The wash|64\/100|[from] item: Leftovers\n|upkeep\n|turn|7\n|c| Juroni|oh shit it's the poupansudo da caixa\n|\n|t:|1699838627\n|move|p2a: The wash|Protect|p2a: The wash\n|-singleturn|p2a: The wash|Protect\n|move|p1a: FAT ABSORPTION|Parabolic Charge|p2a: The wash\n|-activate|p2a: The wash|move: Protect\n|\n|-heal|p2a: The wash|70\/100|[from] item: Leftovers\n|upkeep\n|turn|8\n|\n|t:|1699838650\n|move|p2a: The wash|Hydro Pump|p1a: FAT ABSORPTION\n|-damage|p1a: FAT ABSORPTION|60\/100\n|-start|p1a: FAT ABSORPTION|Charge|Hydro Pump|[from] ability: Electromorphosis\n|move|p1a: FAT ABSORPTION|Volt Switch|p2a: The wash\n|-damage|p2a: The wash|26\/100\n|-end|p1a: FAT ABSORPTION|Charge|[silent]\n|\n|t:|1699838665\n|switch|p1a: KARS SAMA|Landorus-Therian, M|38\/100|[from] Volt Switch\n|-ability|p1a: KARS SAMA|Intimidate|boost\n|-unboost|p2a: The wash|atk|1\n|\n|-heal|p2a: The wash|32\/100|[from] item: Leftovers\n|upkeep\n|turn|9\n|\n|t:|1699838668\n|move|p2a: The wash|Protect|p2a: The wash\n|-singleturn|p2a: The wash|Protect\n|move|p1a: KARS SAMA|U-turn|p2a: The wash\n|-activate|p2a: The wash|move: Protect\n|\n|-heal|p2a: The wash|39\/100|[from] item: Leftovers\n|upkeep\n|turn|10\n|\n|t:|1699838681\n|switch|p2a: The pex|Toxapex, M, shiny|100\/100\n|move|p1a: KARS SAMA|U-turn|p2a: The pex\n|-resisted|p2a: The pex\n|-damage|p2a: The pex|93\/100\n|\n|t:|1699838684\n|switch|p1a: sorry no joke here|Gengar, M|100\/100|[from] U-turn\n|\n|-heal|p2a: The pex|99\/100|[from] item: Leftovers\n|upkeep\n|turn|11\n|\n|t:|1699838690\n|move|p1a: sorry no joke here|Trick|p2a: The pex\n|-activate|p1a: sorry no joke here|move: Trick|[of] p2a: The pex\n|-item|p2a: The pex|Choice Specs|[from] move: Trick\n|-item|p1a: sorry no joke here|Leftovers|[from] move: Trick\n|move|p2a: The pex|Surf|p1a: sorry no joke here\n|-damage|p1a: sorry no joke here|58\/100\n|\n|-heal|p1a: sorry no joke here|64\/100|[from] item: Leftovers\n|upkeep\n|turn|12\n|\n|t:|1699838704\n|switch|p1a: SILVER CHARIOT|Cloyster, M, shiny|100\/100\n|move|p2a: The pex|Surf|p1a: SILVER CHARIOT\n|-resisted|p1a: SILVER CHARIOT\n|-damage|p1a: SILVER CHARIOT|64\/100\n|\n|upkeep\n|turn|13\n|\n|t:|1699838712\n|switch|p2a: The guy|Jirachi, shiny|100\/100\n|move|p1a: SILVER CHARIOT|Shell Smash|p1a: SILVER CHARIOT\n|-unboost|p1a: SILVER CHARIOT|def|1\n|-unboost|p1a: SILVER CHARIOT|spd|1\n|-boost|p1a: SILVER CHARIOT|atk|2\n|-boost|p1a: SILVER CHARIOT|spa|2\n|-boost|p1a: SILVER CHARIOT|spe|2\n|\n|upkeep\n|turn|14\n|\n|t:|1699838719\n|move|p2a: The guy|Iron Head|p1a: SILVER CHARIOT\n|-damage|p1a: SILVER CHARIOT|23\/100\n|cant|p1a: SILVER CHARIOT|flinch\n|\n|upkeep\n|turn|15\n|\n|t:|1699838726\n|move|p2a: The guy|Iron Head|p1a: SILVER CHARIOT\n|-damage|p1a: SILVER CHARIOT|0 fnt\n|faint|p1a: SILVER CHARIOT\n|\n|upkeep\n|\n|t:|1699838730\n|switch|p1a: MAGICIANS RED|Heatran, M, tera:Grass|67\/100 par\n|turn|16\n|\n|t:|1699838733\n|switch|p2a: The wash|Rotom-Wash, shiny|39\/100\n|move|p1a: MAGICIANS RED|Magma Storm|p2a: The wash\n|-resisted|p2a: The wash\n|-damage|p2a: The wash|16\/100\n|-activate|p2a: The wash|move: Magma Storm|[of] p1a: MAGICIANS RED\n|\n|-heal|p2a: The wash|23\/100|[from] item: Leftovers\n|-damage|p2a: The wash|10\/100|[from] move: Magma Storm|[partiallytrapped]\n|upkeep\n|turn|17\n|\n|t:|1699838744\n|move|p2a: The wash|Volt Switch|p1a: MAGICIANS RED\n|-resisted|p1a: MAGICIANS RED\n|-damage|p1a: MAGICIANS RED|56\/100 par\n|\n|t:|1699838747\n|switch|p2a: Hoopa|Hoopa-Unbound|78\/100|[from] Volt Switch\n|move|p1a: MAGICIANS RED|Tera Blast|p2a: Hoopa|[anim] Tera Blast Grass\n|-damage|p2a: Hoopa|57\/100\n|\n|upkeep\n|turn|18\n|\n|t:|1699838757\n|move|p2a: Hoopa|Psychic|p1a: MAGICIANS RED\n|-damage|p1a: MAGICIANS RED|16\/100 par\n|cant|p1a: MAGICIANS RED|par\n|\n|upkeep\n|turn|19\n|\n|t:|1699838763\n|move|p2a: Hoopa|Drain Punch|p1a: MAGICIANS RED\n|-damage|p1a: MAGICIANS RED|0 fnt\n|-heal|p2a: Hoopa|66\/100|[from] drain|[of] p1a: MAGICIANS RED\n|faint|p1a: MAGICIANS RED\n|\n|upkeep\n|\n|t:|1699838769\n|switch|p1a: KARS SAMA|Landorus-Therian, M|38\/100\n|-ability|p1a: KARS SAMA|Intimidate|boost\n|-unboost|p2a: Hoopa|atk|1\n|turn|20\n|\n|t:|1699838778\n|switch|p2a: The wash|Rotom-Wash, shiny|10\/100\n|move|p1a: KARS SAMA|U-turn|p2a: The wash\n|-damage|p2a: The wash|0 fnt\n|faint|p2a: The wash\n|\n|t:|1699838783\n|switch|p1a: sorry no joke here|Gengar, M|64\/100|[from] U-turn\n|\n|-heal|p1a: sorry no joke here|70\/100|[from] item: Leftovers\n|upkeep\n|\n|t:|1699838810\n|switch|p2a: The guy|Jirachi, shiny|100\/100\n|turn|21\n|\n|t:|1699838816\n|move|p2a: The guy|Zen Headbutt|p1a: sorry no joke here\n|-supereffective|p1a: sorry no joke here\n|-damage|p1a: sorry no joke here|0 fnt\n|faint|p1a: sorry no joke here\n|\n|upkeep\n|\n|t:|1699838820\n|switch|p1a: FAT ABSORPTION|Bellibolt, M|60\/100\n|turn|22\n|\n|t:|1699838824\n|switch|p2a: Sableye|Sableye, F|100\/100\n|move|p1a: FAT ABSORPTION|Parabolic Charge|p2a: Sableye\n|-damage|p2a: Sableye|72\/100\n|-heal|p1a: FAT ABSORPTION|71\/100|[from] drain|[of] p2a: Sableye\n|\n|-heal|p2a: Sableye|78\/100|[from] item: Leftovers\n|-heal|p1a: FAT ABSORPTION|77\/100|[from] item: Leftovers\n|upkeep\n|turn|23\n|\n|t:|1699838831\n|move|p2a: Sableye|Will-O-Wisp|p1a: FAT ABSORPTION\n|-status|p1a: FAT ABSORPTION|brn\n|move|p1a: FAT ABSORPTION|Parabolic Charge|p2a: Sableye\n|-damage|p2a: Sableye|52\/100\n|-heal|p1a: FAT ABSORPTION|86\/100 brn|[from] drain|[of] p2a: Sableye\n|\n|-heal|p2a: Sableye|58\/100|[from] item: Leftovers\n|-heal|p1a: FAT ABSORPTION|92\/100 brn|[from] item: Leftovers\n|-damage|p1a: FAT ABSORPTION|86\/100 brn|[from] brn\n|upkeep\n|turn|24\n|\n|t:|1699838836\n|move|p2a: Sableye|Protect|p2a: Sableye\n|-singleturn|p2a: Sableye|Protect\n|move|p1a: FAT ABSORPTION|Parabolic Charge|p2a: Sableye\n|-activate|p2a: Sableye|move: Protect\n|\n|-heal|p2a: Sableye|64\/100|[from] item: Leftovers\n|-heal|p1a: FAT ABSORPTION|92\/100 brn|[from] item: Leftovers\n|-damage|p1a: FAT ABSORPTION|86\/100 brn|[from] brn\n|upkeep\n|turn|25\n|\n|t:|1699838843\n|move|p2a: Sableye|Knock Off|p1a: FAT ABSORPTION\n|-damage|p1a: FAT ABSORPTION|70\/100 brn\n|-start|p1a: FAT ABSORPTION|Charge|Knock Off|[from] ability: Electromorphosis\n|-enditem|p1a: FAT ABSORPTION|Leftovers|[from] move: Knock Off|[of] p2a: Sableye\n|move|p1a: FAT ABSORPTION|Parabolic Charge|p2a: Sableye\n|-damage|p2a: Sableye|14\/100\n|-heal|p1a: FAT ABSORPTION|88\/100 brn|[from] drain|[of] p2a: Sableye\n|-end|p1a: FAT ABSORPTION|Charge|[silent]\n|\n|-heal|p2a: Sableye|20\/100|[from] item: Leftovers\n|-damage|p1a: FAT ABSORPTION|82\/100 brn|[from] brn\n|upkeep\n|turn|26\n|\n|t:|1699838853\n|switch|p2a: Hoopa|Hoopa-Unbound|66\/100\n|move|p1a: FAT ABSORPTION|Parabolic Charge|p2a: Hoopa\n|-damage|p2a: Hoopa|53\/100\n|-heal|p1a: FAT ABSORPTION|87\/100 brn|[from] drain|[of] p2a: Hoopa\n|\n|-damage|p1a: FAT ABSORPTION|81\/100 brn|[from] brn\n|upkeep\n|turn|27\n|\n|t:|1699838864\n|move|p2a: Hoopa|Hyperspace Fury|p1a: FAT ABSORPTION\n|-damage|p1a: FAT ABSORPTION|46\/100 brn\n|-unboost|p2a: Hoopa|def|1\n|-start|p1a: FAT ABSORPTION|Charge|Hyperspace Fury|[from] ability: Electromorphosis\n|move|p1a: FAT ABSORPTION|Volt Switch|p2a: Hoopa\n|-damage|p2a: Hoopa|30\/100\n|-end|p1a: FAT ABSORPTION|Charge|[silent]\n|\n|t:|1699838877\n|switch|p1a: KARS SAMA|Landorus-Therian, M|38\/100|[from] Volt Switch\n|-ability|p1a: KARS SAMA|Intimidate|boost\n|-unboost|p2a: Hoopa|atk|1\n|\n|upkeep\n|turn|28\n|\n|t:|1699838881\n|switch|p2a: Sableye|Sableye, F|20\/100\n|move|p1a: KARS SAMA|Rock Slide|p2a: Sableye\n|-damage|p2a: Sableye|0 fnt\n|faint|p2a: Sableye\n|\n|upkeep\n|\n|t:|1699838886\n|switch|p2a: The guy|Jirachi, shiny|100\/100\n|turn|29\n|\n|t:|1699838892\n|switch|p1a: FAT ABSORPTION|Bellibolt, M|46\/100 brn\n|move|p2a: The guy|Ice Punch|p1a: FAT ABSORPTION\n|-damage|p1a: FAT ABSORPTION|33\/100 brn\n|-start|p1a: FAT ABSORPTION|Charge|Ice Punch|[from] ability: Electromorphosis\n|\n|-damage|p1a: FAT ABSORPTION|27\/100 brn|[from] brn\n|upkeep\n|turn|30\n|\n|t:|1699838915\n|switch|p2a: Hoopa|Hoopa-Unbound|30\/100\n|move|p1a: FAT ABSORPTION|Parabolic Charge|p2a: Hoopa\n|-damage|p2a: Hoopa|5\/100\n|-heal|p1a: FAT ABSORPTION|38\/100 brn|[from] drain|[of] p2a: Hoopa\n|-end|p1a: FAT ABSORPTION|Charge|[silent]\n|\n|-damage|p1a: FAT ABSORPTION|32\/100 brn|[from] brn\n|upkeep\n|turn|31\n|c| Juroni|wait what, ice punch charges it too?\n|c|\u2606Exusiai-PngnLgstcs|i think its anything that makes contact\n|\n|t:|1699838938\n|move|p2a: Hoopa|Hyperspace Fury|p1a: FAT ABSORPTION\n|-damage|p1a: FAT ABSORPTION|0 fnt\n|-unboost|p2a: Hoopa|def|1\n|faint|p1a: FAT ABSORPTION\n|\n|upkeep\n|c| Juroni|oh god I tought it was just electric moves\n|\n|t:|1699838960\n|switch|p1a: Wriothesley|Zamazenta|100\/100\n|-ability|p1a: Wriothesley|Dauntless Shield|boost\n|-boost|p1a: Wriothesley|def|1\n|turn|32\n|\n|t:|1699838968\n|move|p1a: Wriothesley|Stone Edge|p2a: Hoopa\n|-damage|p2a: Hoopa|0 fnt\n|faint|p2a: Hoopa\n|\n|upkeep\n|\n|t:|1699838980\n|switch|p2a: The pex|Toxapex, M, shiny|100\/100\n|turn|33\n|\n|t:|1699838995\n|move|p1a: Wriothesley|Crunch|p2a: The pex\n|-damage|p2a: The pex|84\/100\n|move|p2a: The pex|Haze|p2a: The pex\n|-clearallboost\n|\n|upkeep\n|turn|34\n|\n|t:|1699839008\n|switch|p2a: Dragonite|Dragonite, M|100\/100\n|move|p1a: Wriothesley|Stone Edge|p2a: Dragonite\n|-supereffective|p2a: Dragonite\n|-damage|p2a: Dragonite|67\/100\n|\n|upkeep\n|turn|35\n|\n|t:|1699839022\n|-terastallize|p2a: Dragonite|Normal\n|move|p1a: Wriothesley|Stone Edge|p2a: Dragonite|[miss]\n|-miss|p1a: Wriothesley|p2a: Dragonite\n|move|p2a: Dragonite|Dragon Dance|p2a: Dragonite\n|-boost|p2a: Dragonite|atk|1\n|-boost|p2a: Dragonite|spe|1\n|\n|upkeep\n|turn|36\n|\n|t:|1699839026\n|move|p2a: Dragonite|Extreme Speed|p1a: Wriothesley\n|-damage|p1a: Wriothesley|31\/100\n|move|p1a: Wriothesley|Close Combat|p2a: Dragonite\n|-supereffective|p2a: Dragonite\n|-damage|p2a: Dragonite|0 fnt\n|-unboost|p1a: Wriothesley|def|1\n|-unboost|p1a: Wriothesley|spd|1\n|faint|p2a: Dragonite\n|\n|upkeep\n|\n|t:|1699839030\n|switch|p2a: The guy|Jirachi, shiny|100\/100\n|turn|37\n|\n|t:|1699839038\n|move|p2a: The guy|Zen Headbutt|p1a: Wriothesley\n|-supereffective|p1a: Wriothesley\n|-damage|p1a: Wriothesley|0 fnt\n|faint|p1a: Wriothesley\n|\n|upkeep\n|\n|t:|1699839040\n|switch|p1a: KARS SAMA|Landorus-Therian, M|38\/100\n|-ability|p1a: KARS SAMA|Intimidate|boost\n|-unboost|p2a: The guy|atk|1\n|turn|38\n|\n|t:|1699839042\n|move|p2a: The guy|Zen Headbutt|p1a: KARS SAMA\n|-damage|p1a: KARS SAMA|12\/100\n|move|p1a: KARS SAMA|Earthquake|p2a: The guy\n|-supereffective|p2a: The guy\n|-damage|p2a: The guy|0 fnt\n|faint|p2a: The guy\n|\n|upkeep\n|\n|t:|1699839045\n|switch|p2a: The pex|Toxapex, M, shiny|100\/100\n|turn|39\n|c|\u2606Exusiai-PngnLgstcs|rip me\n|\n|t:|1699839053\n|move|p1a: KARS SAMA|Earthquake|p2a: The pex\n|-supereffective|p2a: The pex\n|-damage|p2a: The pex|24\/100\n|move|p2a: The pex|Surf|p1a: KARS SAMA\n|-supereffective|p1a: KARS SAMA\n|-damage|p1a: KARS SAMA|0 fnt\n|faint|p1a: KARS SAMA\n|\n|win|skawa\n|c|\u2606skawa|ggwp\n|l|\u2606skawa\n|j|\u2606skawa\n|player|p2|skawa|giovanni\n|c|\u2606skawa|oops\n","uploadtime":1699839061,"views":18,"p1id":"exusiaipngnlgstcs","p2id":"skawa","formatid":"gen9ou","rating":0,"private":0,"password":""}