{"id":"gen9ou-1994669453","p1":"ugandajigglys","p2":"Better Fuck Chuck","format":"[Gen 9] OU","log":"|j|\u2606ugandajigglys\n|j|\u2606Better Fuck Chuck\n|t:|1700478506\n|gametype|singles\n|player|p1|ugandajigglys|sisandbro|1376\n|player|p2|Better Fuck Chuck|gentleman-gen4dp|1474\n|teamsize|p1|6\n|teamsize|p2|6\n|gen|9\n|tier|[Gen 9] OU\n|rated|\n|rule|Sleep Clause Mod: Limit one foe put to sleep\n|rule|Species Clause: Limit one of each Pok\u00e9mon\n|rule|OHKO Clause: OHKO moves are banned\n|rule|Evasion Items Clause: Evasion items are banned\n|rule|Evasion Moves Clause: Evasion moves are banned\n|rule|Endless Battle Clause: Forcing endless battles is banned\n|rule|HP Percentage Mod: HP is shown in percentages\n|clearpoke\n|poke|p1|Slowking-Galar, F|\n|poke|p1|Great Tusk|\n|poke|p1|Rillaboom, F|\n|poke|p1|Kingambit, F|\n|poke|p1|Dragapult, F|\n|poke|p1|Moltres|\n|poke|p2|Manaphy|\n|poke|p2|Zapdos|\n|poke|p2|Chandelure, F|\n|poke|p2|Kommo-o, M|\n|poke|p2|Landorus-Therian, M|\n|poke|p2|Kingambit, M|\n|teampreview\n|\n|t:|1700478514\n|start\n|switch|p1a: Dragapult|Dragapult, F|100\/100\n|switch|p2a: Chandelure|Chandelure, F|100\/100\n|turn|1\n|\n|t:|1700478521\n|move|p2a: Chandelure|Shadow Ball|p1a: Dragapult\n|-supereffective|p1a: Dragapult\n|-damage|p1a: Dragapult|0 fnt\n|faint|p1a: Dragapult\n|\n|upkeep\n|\n|t:|1700478525\n|switch|p1a: Kingambit|Kingambit, F|100\/100\n|-activate|p1a: Kingambit|ability: Supreme Overlord\n|-start|p1a: Kingambit|fallen1|[silent]\n|turn|2\n|\n|t:|1700478529\n|switch|p2a: Landorus|Landorus-Therian, M|100\/100\n|-ability|p2a: Landorus|Intimidate|boost\n|-unboost|p1a: Kingambit|atk|1\n|move|p1a: Kingambit|Swords Dance|p1a: Kingambit\n|-boost|p1a: Kingambit|atk|2\n|\n|upkeep\n|turn|3\n|\n|t:|1700478535\n|move|p1a: Kingambit|Sucker Punch|p2a: Landorus\n|-damage|p2a: Landorus|51\/100\n|-damage|p1a: Kingambit|84\/100|[from] item: Rocky Helmet|[of] p2a: Landorus\n|move|p2a: Landorus|U-turn|p1a: Kingambit\n|-damage|p1a: Kingambit|65\/100\n|\n|t:|1700478546\n|switch|p2a: Chandelure|Chandelure, F|100\/100|[from] U-turn\n|\n|-heal|p1a: Kingambit|71\/100|[from] item: Leftovers\n|upkeep\n|turn|4\n|\n|t:|1700478550\n|switch|p2a: Landorus|Landorus-Therian, M|51\/100\n|-ability|p2a: Landorus|Intimidate|boost\n|-unboost|p1a: Kingambit|atk|1\n|move|p1a: Kingambit|Sucker Punch||[still]\n|-fail|p1a: Kingambit\n|\n|-heal|p1a: Kingambit|77\/100|[from] item: Leftovers\n|upkeep\n|turn|5\n|\n|t:|1700478555\n|-end|p1a: Kingambit|fallen1|[silent]\n|switch|p1a: Moltres|Moltres|100\/100\n|move|p2a: Landorus|Earthquake|p1a: Moltres\n|-immune|p1a: Moltres\n|\n|upkeep\n|turn|6\n|\n|t:|1700478561\n|switch|p2a: Chandelure|Chandelure, F|100\/100\n|move|p1a: Moltres|U-turn|p2a: Chandelure\n|-resisted|p2a: Chandelure\n|-damage|p2a: Chandelure|95\/100\n|\n|t:|1700478569\n|switch|p1a: Great Tusk|Great Tusk|100\/100|[from] U-turn\n|\n|upkeep\n|turn|7\n|\n|t:|1700478574\n|switch|p2a: Landorus|Landorus-Therian, M|51\/100\n|-ability|p2a: Landorus|Intimidate|boost\n|-unboost|p1a: Great Tusk|atk|1\n|move|p1a: Great Tusk|Stealth Rock|p2a: Landorus\n|-sidestart|p2: Better Fuck Chuck|move: Stealth Rock\n|\n|upkeep\n|turn|8\n|\n|t:|1700478576\n|-end|p1a: Great Tusk|Protosynthesis|[silent]\n|switch|p1a: Moltres|Moltres|100\/100\n|move|p2a: Landorus|Stealth Rock|p1a: Moltres\n|-sidestart|p1: ugandajigglys|move: Stealth Rock\n|\n|upkeep\n|turn|9\n|\n|t:|1700478583\n|switch|p2a: Manaphy|Manaphy|100\/100\n|-damage|p2a: Manaphy|88\/100|[from] Stealth Rock\n|move|p1a: Moltres|U-turn|p2a: Manaphy\n|-damage|p2a: Manaphy|76\/100\n|\n|t:|1700478586\n|switch|p1a: Rillaboom|Rillaboom, F|100\/100|[from] U-turn\n|-damage|p1a: Rillaboom|88\/100|[from] Stealth Rock\n|-fieldstart|move: Grassy Terrain|[from] ability: Grassy Surge|[of] p1a: Rillaboom\n|\n|-heal|p2a: Manaphy|82\/100|[from] Grassy Terrain\n|-heal|p2a: Manaphy|88\/100|[from] item: Leftovers\n|-heal|p1a: Rillaboom|94\/100|[from] Grassy Terrain\n|upkeep\n|turn|10\n|\n|t:|1700478593\n|switch|p2a: Zapdos|Zapdos|100\/100\n|move|p1a: Rillaboom|Wood Hammer|p2a: Zapdos\n|-resisted|p2a: Zapdos\n|-damage|p2a: Zapdos|29\/100\n|-damage|p1a: Rillaboom|68\/100|[from] Recoil\n|\n|-heal|p1a: Rillaboom|74\/100|[from] Grassy Terrain\n|upkeep\n|turn|11\n|\n|t:|1700478602\n|move|p2a: Zapdos|Hurricane|p1a: Rillaboom|[miss]\n|-miss|p2a: Zapdos|p1a: Rillaboom\n|move|p1a: Rillaboom|Wood Hammer|p2a: Zapdos\n|-resisted|p2a: Zapdos\n|-damage|p2a: Zapdos|0 fnt\n|faint|p2a: Zapdos\n|-damage|p1a: Rillaboom|63\/100|[from] Recoil\n|\n|-heal|p1a: Rillaboom|69\/100|[from] Grassy Terrain\n|upkeep\n|\n|t:|1700478612\n|switch|p2a: Chandelure|Chandelure, F|95\/100\n|-damage|p2a: Chandelure|70\/100|[from] Stealth Rock\n|turn|12\n|\n|t:|1700478615\n|switch|p1a: Slowking|Slowking-Galar, F|100\/100\n|move|p2a: Chandelure|Flamethrower|p1a: Slowking\n|-damage|p1a: Slowking|71\/100\n|\n|-heal|p2a: Chandelure|76\/100|[from] Grassy Terrain\n|-heal|p1a: Slowking|77\/100|[from] Grassy Terrain\n|upkeep\n|turn|13\n|\n|t:|1700478624\n|move|p2a: Chandelure|Flamethrower|p1a: Slowking\n|-damage|p1a: Slowking|49\/100\n|move|p1a: Slowking|Chilly Reception|p1a: Slowking\n|-weather|Snow\n|\n|t:|1700478627\n|switch|p1a: Great Tusk|Great Tusk|100\/100|[from] Chilly Reception\n|-damage|p1a: Great Tusk|98\/100|[from] Stealth Rock\n|\n|-weather|Snow|[upkeep]\n|-heal|p2a: Chandelure|82\/100|[from] Grassy Terrain\n|-heal|p1a: Great Tusk|100\/100|[from] Grassy Terrain\n|-fieldend|move: Grassy Terrain\n|upkeep\n|turn|14\n|\n|t:|1700478630\n|switch|p2a: Landorus|Landorus-Therian, M|51\/100\n|-damage|p2a: Landorus|39\/100|[from] Stealth Rock\n|-ability|p2a: Landorus|Intimidate|boost\n|-unboost|p1a: Great Tusk|atk|1\n|move|p1a: Great Tusk|Rapid Spin|p2a: Landorus\n|-damage|p2a: Landorus|31\/100\n|-boost|p1a: Great Tusk|spe|1\n|-damage|p1a: Great Tusk|84\/100|[from] item: Rocky Helmet|[of] p2a: Landorus\n|-sideend|p1: ugandajigglys|Stealth Rock|[from] move: Rapid Spin|[of] p1a: Great Tusk\n|\n|-weather|Snow|[upkeep]\n|-heal|p1a: Great Tusk|90\/100|[from] item: Leftovers\n|upkeep\n|turn|15\n|\n|t:|1700478632\n|move|p1a: Great Tusk|Ice Spinner|p2a: Landorus\n|-supereffective|p2a: Landorus\n|-damage|p2a: Landorus|0 fnt\n|-damage|p1a: Great Tusk|74\/100|[from] item: Rocky Helmet|[of] p2a: Landorus\n|faint|p2a: Landorus\n|\n|-weather|Snow|[upkeep]\n|-heal|p1a: Great Tusk|80\/100|[from] item: Leftovers\n|upkeep\n|\n|t:|1700478636\n|switch|p2a: Manaphy|Manaphy|88\/100\n|-damage|p2a: Manaphy|76\/100|[from] Stealth Rock\n|turn|16\n|\n|t:|1700478639\n|-end|p1a: Great Tusk|Protosynthesis|[silent]\n|switch|p1a: Rillaboom|Rillaboom, F|69\/100\n|-fieldstart|move: Grassy Terrain|[from] ability: Grassy Surge|[of] p1a: Rillaboom\n|move|p2a: Manaphy|Scald|p1a: Rillaboom\n|-resisted|p1a: Rillaboom\n|-damage|p1a: Rillaboom|52\/100\n|-status|p1a: Rillaboom|brn\n|\n|-weather|Snow|[upkeep]\n|-heal|p2a: Manaphy|82\/100|[from] Grassy Terrain\n|-heal|p2a: Manaphy|88\/100|[from] item: Leftovers\n|-heal|p1a: Rillaboom|58\/100 brn|[from] Grassy Terrain\n|-damage|p1a: Rillaboom|52\/100 brn|[from] brn\n|upkeep\n|turn|17\n|\n|t:|1700478648\n|-terastallize|p2a: Manaphy|Fairy\n|move|p2a: Manaphy|Acid Armor|p2a: Manaphy\n|-boost|p2a: Manaphy|def|2\n|move|p1a: Rillaboom|Wood Hammer|p2a: Manaphy\n|-damage|p2a: Manaphy|62\/100\n|-damage|p1a: Rillaboom|42\/100 brn|[from] Recoil\n|\n|-weather|none\n|-heal|p2a: Manaphy|69\/100|[from] Grassy Terrain\n|-heal|p2a: Manaphy|75\/100|[from] item: Leftovers\n|-heal|p1a: Rillaboom|48\/100 brn|[from] Grassy Terrain\n|-damage|p1a: Rillaboom|42\/100 brn|[from] brn\n|upkeep\n|turn|18\n|\n|t:|1700478658\n|switch|p1a: Slowking|Slowking-Galar, F|82\/100\n|move|p2a: Manaphy|Acid Armor|p2a: Manaphy\n|-boost|p2a: Manaphy|def|2\n|\n|-heal|p2a: Manaphy|81\/100|[from] Grassy Terrain\n|-heal|p2a: Manaphy|87\/100|[from] item: Leftovers\n|-heal|p1a: Slowking|88\/100|[from] Grassy Terrain\n|upkeep\n|turn|19\n|\n|t:|1700478661\n|move|p2a: Manaphy|Take Heart|p2a: Manaphy\n|-boost|p2a: Manaphy|spa|1\n|-boost|p2a: Manaphy|spd|1\n|move|p1a: Slowking|Future Sight|p2a: Manaphy\n|-start|p1a: Slowking|move: Future Sight\n|\n|-heal|p2a: Manaphy|93\/100|[from] Grassy Terrain\n|-heal|p2a: Manaphy|99\/100|[from] item: Leftovers\n|-heal|p1a: Slowking|94\/100|[from] Grassy Terrain\n|upkeep\n|turn|20\n|\n|t:|1700478664\n|move|p2a: Manaphy|Take Heart|p2a: Manaphy\n|-boost|p2a: Manaphy|spa|1\n|-boost|p2a: Manaphy|spd|1\n|move|p1a: Slowking|Sludge Bomb|p2a: Manaphy\n|-supereffective|p2a: Manaphy\n|-damage|p2a: Manaphy|71\/100\n|\n|-heal|p2a: Manaphy|77\/100|[from] Grassy Terrain\n|-heal|p2a: Manaphy|83\/100|[from] item: Leftovers\n|-heal|p1a: Slowking|99\/100|[from] Grassy Terrain\n|-fieldend|move: Grassy Terrain\n|upkeep\n|turn|21\n|\n|t:|1700478670\n|move|p2a: Manaphy|Take Heart|p2a: Manaphy\n|-boost|p2a: Manaphy|spa|1\n|-boost|p2a: Manaphy|spd|1\n|move|p1a: Slowking|Sludge Bomb|p2a: Manaphy\n|-supereffective|p2a: Manaphy\n|-damage|p2a: Manaphy|59\/100\n|-status|p2a: Manaphy|psn\n|\n|-end|p2a: Manaphy|move: Future Sight\n|-damage|p2a: Manaphy|45\/100 psn\n|-heal|p2a: Manaphy|51\/100 psn|[from] item: Leftovers\n|-damage|p2a: Manaphy|39\/100 psn|[from] psn\n|upkeep\n|turn|22\n|\n|t:|1700478686\n|move|p2a: Manaphy|Take Heart|p2a: Manaphy\n|-boost|p2a: Manaphy|spa|1\n|-boost|p2a: Manaphy|spd|1\n|-curestatus|p2a: Manaphy|psn|[msg]\n|move|p1a: Slowking|Sludge Bomb|p2a: Manaphy\n|-supereffective|p2a: Manaphy\n|-damage|p2a: Manaphy|19\/100\n|\n|-heal|p2a: Manaphy|25\/100|[from] item: Leftovers\n|upkeep\n|turn|23\n|\n|t:|1700478694\n|move|p2a: Manaphy|Stored Power|p1a: Slowking\n|-damage|p1a: Slowking|3\/100\n|move|p1a: Slowking|Sludge Bomb|p2a: Manaphy\n|-supereffective|p2a: Manaphy\n|-damage|p2a: Manaphy|6\/100\n|-status|p2a: Manaphy|psn\n|\n|-heal|p2a: Manaphy|12\/100 psn|[from] item: Leftovers\n|-damage|p2a: Manaphy|0 fnt|[from] psn\n|faint|p2a: Manaphy\n|upkeep\n|\n|t:|1700478711\n|switch|p2a: Chandelure|Chandelure, F|82\/100\n|-damage|p2a: Chandelure|58\/100|[from] Stealth Rock\n|turn|24\n|\n|t:|1700478717\n|switch|p1a: Moltres|Moltres|100\/100\n|move|p2a: Chandelure|Shadow Ball|p1a: Moltres\n|-damage|p1a: Moltres|53\/100\n|\n|upkeep\n|turn|25\n|\n|t:|1700478727\n|switch|p1a: Kingambit|Kingambit, F|77\/100\n|-activate|p1a: Kingambit|ability: Supreme Overlord\n|-start|p1a: Kingambit|fallen1|[silent]\n|move|p2a: Chandelure|Shadow Ball|p1a: Kingambit\n|-resisted|p1a: Kingambit\n|-damage|p1a: Kingambit|54\/100\n|-unboost|p1a: Kingambit|spd|1\n|\n|-heal|p1a: Kingambit|61\/100|[from] item: Leftovers\n|upkeep\n|turn|26\n|\n|t:|1700478734\n|switch|p2a: Kingambit|Kingambit, M|100\/100\n|-damage|p2a: Kingambit|94\/100|[from] Stealth Rock\n|-activate|p2a: Kingambit|ability: Supreme Overlord\n|-start|p2a: Kingambit|fallen3|[silent]\n|move|p1a: Kingambit|Kowtow Cleave|p2a: Kingambit\n|-resisted|p2a: Kingambit\n|-damage|p2a: Kingambit|72\/100\n|\n|-heal|p1a: Kingambit|67\/100|[from] item: Leftovers\n|-heal|p2a: Kingambit|78\/100|[from] item: Leftovers\n|upkeep\n|turn|27\n|\n|t:|1700478738\n|-end|p1a: Kingambit|fallen1|[silent]\n|switch|p1a: Moltres|Moltres|53\/100\n|move|p2a: Kingambit|Kowtow Cleave|p1a: Moltres\n|-damage|p1a: Moltres|6\/100\n|\n|-heal|p2a: Kingambit|84\/100|[from] item: Leftovers\n|upkeep\n|turn|28\n|\n|t:|1700478743\n|move|p1a: Moltres|Roost|p1a: Moltres\n|-heal|p1a: Moltres|56\/100\n|-singleturn|p1a: Moltres|move: Roost\n|move|p2a: Kingambit|Kowtow Cleave|p1a: Moltres\n|-damage|p1a: Moltres|8\/100\n|\n|-heal|p2a: Kingambit|90\/100|[from] item: Leftovers\n|upkeep\n|turn|29\n|\n|t:|1700478750\n|move|p1a: Moltres|Roost|p1a: Moltres\n|-heal|p1a: Moltres|58\/100\n|-singleturn|p1a: Moltres|move: Roost\n|move|p2a: Kingambit|Swords Dance|p2a: Kingambit\n|-boost|p2a: Kingambit|atk|2\n|\n|-heal|p2a: Kingambit|97\/100|[from] item: Leftovers\n|upkeep\n|turn|30\n|\n|t:|1700478755\n|move|p1a: Moltres|Will-O-Wisp|p2a: Kingambit\n|-status|p2a: Kingambit|brn\n|move|p2a: Kingambit|Kowtow Cleave|p1a: Moltres\n|-damage|p1a: Moltres|11\/100\n|\n|-heal|p2a: Kingambit|100\/100 brn|[from] item: Leftovers\n|-damage|p2a: Kingambit|94\/100 brn|[from] brn\n|upkeep\n|turn|31\n|\n|t:|1700478760\n|move|p1a: Moltres|Roost|p1a: Moltres\n|-heal|p1a: Moltres|62\/100\n|-singleturn|p1a: Moltres|move: Roost\n|move|p2a: Kingambit|Swords Dance|p2a: Kingambit\n|-boost|p2a: Kingambit|atk|2\n|\n|-heal|p2a: Kingambit|100\/100 brn|[from] item: Leftovers\n|-damage|p2a: Kingambit|94\/100 brn|[from] brn\n|upkeep\n|turn|32\n|\n|t:|1700478765\n|move|p1a: Moltres|Roost|p1a: Moltres\n|-heal|p1a: Moltres|100\/100\n|-singleturn|p1a: Moltres|move: Roost\n|move|p2a: Kingambit|Kowtow Cleave|p1a: Moltres\n|-damage|p1a: Moltres|33\/100\n|\n|-heal|p2a: Kingambit|100\/100 brn|[from] item: Leftovers\n|-damage|p2a: Kingambit|94\/100 brn|[from] brn\n|upkeep\n|turn|33\n|\n|t:|1700478771\n|move|p1a: Moltres|Roost|p1a: Moltres\n|-heal|p1a: Moltres|83\/100\n|-singleturn|p1a: Moltres|move: Roost\n|move|p2a: Kingambit|Swords Dance|p2a: Kingambit\n|-boost|p2a: Kingambit|atk|2\n|\n|-heal|p2a: Kingambit|100\/100 brn|[from] item: Leftovers\n|-damage|p2a: Kingambit|94\/100 brn|[from] brn\n|upkeep\n|turn|34\n|\n|t:|1700478776\n|move|p1a: Moltres|Flamethrower|p2a: Kingambit\n|-supereffective|p2a: Kingambit\n|-damage|p2a: Kingambit|24\/100 brn\n|move|p2a: Kingambit|Kowtow Cleave|p1a: Moltres\n|-damage|p1a: Moltres|0 fnt\n|faint|p1a: Moltres\n|\n|-heal|p2a: Kingambit|30\/100 brn|[from] item: Leftovers\n|-damage|p2a: Kingambit|24\/100 brn|[from] brn\n|upkeep\n|\n|t:|1700478784\n|switch|p1a: Rillaboom|Rillaboom, F|42\/100 brn\n|-fieldstart|move: Grassy Terrain|[from] ability: Grassy Surge|[of] p1a: Rillaboom\n|turn|35\n|\n|t:|1700478788\n|move|p1a: Rillaboom|Grassy Glide|p2a: Kingambit\n|-resisted|p2a: Kingambit\n|-crit|p2a: Kingambit\n|-damage|p2a: Kingambit|6\/100 brn\n|move|p2a: Kingambit|Sucker Punch||[still]\n|-fail|p2a: Kingambit\n|\n|-heal|p1a: Rillaboom|48\/100 brn|[from] Grassy Terrain\n|-heal|p2a: Kingambit|12\/100 brn|[from] Grassy Terrain\n|-heal|p2a: Kingambit|18\/100 brn|[from] item: Leftovers\n|-damage|p1a: Rillaboom|42\/100 brn|[from] brn\n|-damage|p2a: Kingambit|12\/100 brn|[from] brn\n|upkeep\n|turn|36\n|\n|t:|1700478793\n|move|p1a: Rillaboom|Grassy Glide|p2a: Kingambit\n|-resisted|p2a: Kingambit\n|-damage|p2a: Kingambit|1\/100 brn\n|move|p2a: Kingambit|Kowtow Cleave|p1a: Rillaboom\n|-damage|p1a: Rillaboom|0 fnt\n|faint|p1a: Rillaboom\n|\n|-heal|p2a: Kingambit|7\/100 brn|[from] Grassy Terrain\n|-heal|p2a: Kingambit|14\/100 brn|[from] item: Leftovers\n|-damage|p2a: Kingambit|7\/100 brn|[from] brn\n|upkeep\n|\n|t:|1700478805\n|switch|p1a: Great Tusk|Great Tusk|80\/100\n|turn|37\n|\n|t:|1700478814\n|-end|p1a: Great Tusk|Protosynthesis|[silent]\n|switch|p1a: Slowking|Slowking-Galar, F|36\/100\n|move|p2a: Kingambit|Sucker Punch||[still]\n|-fail|p2a: Kingambit\n|\n|-heal|p2a: Kingambit|14\/100 brn|[from] Grassy Terrain\n|-heal|p2a: Kingambit|20\/100 brn|[from] item: Leftovers\n|-heal|p1a: Slowking|42\/100|[from] Grassy Terrain\n|-damage|p2a: Kingambit|14\/100 brn|[from] brn\n|upkeep\n|turn|38\n|\n|t:|1700478824\n|move|p2a: Kingambit|Kowtow Cleave|p1a: Slowking\n|-supereffective|p1a: Slowking\n|-damage|p1a: Slowking|0 fnt\n|faint|p1a: Slowking\n|\n|-heal|p2a: Kingambit|20\/100 brn|[from] Grassy Terrain\n|-heal|p2a: Kingambit|26\/100 brn|[from] item: Leftovers\n|-damage|p2a: Kingambit|20\/100 brn|[from] brn\n|upkeep\n|\n|t:|1700478827\n|switch|p1a: Kingambit|Kingambit, F|67\/100\n|-activate|p1a: Kingambit|ability: Supreme Overlord\n|-start|p1a: Kingambit|fallen4|[silent]\n|turn|39\n|\n|t:|1700478833\n|move|p1a: Kingambit|Sucker Punch|p2a: Kingambit\n|-resisted|p2a: Kingambit\n|-damage|p2a: Kingambit|0 fnt\n|faint|p2a: Kingambit\n|-end|p2a: Kingambit|fallen3|[silent]\n|\n|-heal|p1a: Kingambit|73\/100|[from] Grassy Terrain\n|-heal|p1a: Kingambit|79\/100|[from] item: Leftovers\n|-fieldend|move: Grassy Terrain\n|upkeep\n|\n|t:|1700478836\n|switch|p2a: Kommo-o|Kommo-o, M|100\/100\n|-damage|p2a: Kommo-o|94\/100|[from] Stealth Rock\n|turn|40\n|\n|t:|1700478840\n|move|p2a: Kommo-o|Clangorous Soul|p2a: Kommo-o\n|-boost|p2a: Kommo-o|atk|1\n|-boost|p2a: Kommo-o|def|1\n|-boost|p2a: Kommo-o|spa|1\n|-boost|p2a: Kommo-o|spd|1\n|-boost|p2a: Kommo-o|spe|1\n|-damage|p2a: Kommo-o|61\/100\n|-enditem|p2a: Kommo-o|Throat Spray\n|-boost|p2a: Kommo-o|spa|1|[from] item: Throat Spray\n|move|p1a: Kingambit|Kowtow Cleave|p2a: Kommo-o\n|-resisted|p2a: Kommo-o\n|-damage|p2a: Kommo-o|38\/100\n|\n|-heal|p1a: Kingambit|86\/100|[from] item: Leftovers\n|upkeep\n|turn|41\n|\n|t:|1700478852\n|move|p1a: Kingambit|Sucker Punch|p2a: Kommo-o\n|-resisted|p2a: Kommo-o\n|-damage|p2a: Kommo-o|20\/100\n|move|p2a: Kommo-o|Flamethrower|p1a: Kingambit\n|-supereffective|p1a: Kingambit\n|-damage|p1a: Kingambit|0 fnt\n|faint|p1a: Kingambit\n|-end|p1a: Kingambit|fallen4|[silent]\n|\n|upkeep\n|\n|t:|1700478854\n|switch|p1a: Great Tusk|Great Tusk|80\/100\n|turn|42\n|\n|t:|1700478862\n|-terastallize|p1a: Great Tusk|Steel\n|move|p2a: Kommo-o|Boomburst|p1a: Great Tusk\n|-resisted|p1a: Great Tusk\n|-damage|p1a: Great Tusk|23\/100\n|move|p1a: Great Tusk|Rapid Spin|p2a: Kommo-o\n|-damage|p2a: Kommo-o|9\/100\n|-boost|p1a: Great Tusk|spe|1\n|\n|-heal|p1a: Great Tusk|29\/100|[from] item: Leftovers\n|upkeep\n|turn|43\n|\n|t:|1700478871\n|move|p1a: Great Tusk|Headlong Rush|p2a: Kommo-o\n|-damage|p2a: Kommo-o|0 fnt\n|-unboost|p1a: Great Tusk|def|1\n|-unboost|p1a: Great Tusk|spd|1\n|faint|p2a: Kommo-o\n|\n|-heal|p1a: Great Tusk|36\/100|[from] item: Leftovers\n|upkeep\n|\n|t:|1700478874\n|switch|p2a: Chandelure|Chandelure, F|58\/100\n|-damage|p2a: Chandelure|33\/100|[from] Stealth Rock\n|turn|44\n|\n|t:|1700478876\n|move|p1a: Great Tusk|Headlong Rush|p2a: Chandelure\n|-supereffective|p2a: Chandelure\n|-damage|p2a: Chandelure|0 fnt\n|-unboost|p1a: Great Tusk|def|1\n|-unboost|p1a: Great Tusk|spd|1\n|faint|p2a: Chandelure\n|\n|win|ugandajigglys\n|raw|ugandajigglys's rating: 1376 &rarr; <strong>1401<\/strong><br \/>(+25 for winning)\n|raw|Better Fuck Chuck's rating: 1474 &rarr; <strong>1449<\/strong><br \/>(-25 for losing)\n|c|\u2606ugandajigglys|lets go\n","uploadtime":1700478883,"views":9,"p1id":"ugandajigglys","p2id":"betterfuckchuck","formatid":"gen9ou","rating":1401,"private":0,"password":""}