{"id":"gen9ou-1989575319","p1":"ChosenBenin","p2":"sun3710","format":"[Gen 9] OU","log":"|j|\u2606ChosenBenin\n|j|\u2606sun3710\n|t:|1699873647\n|gametype|singles\n|player|p1|ChosenBenin|169|1042\n|player|p2|sun3710|265|1000\n|teamsize|p1|6\n|teamsize|p2|6\n|gen|9\n|tier|[Gen 9] OU\n|rated|\n|rule|Sleep Clause Mod: Limit one foe put to sleep\n|rule|Species Clause: Limit one of each Pok\u00e9mon\n|rule|OHKO Clause: OHKO moves are banned\n|rule|Evasion Items Clause: Evasion items are banned\n|rule|Evasion Moves Clause: Evasion moves are banned\n|rule|Endless Battle Clause: Forcing endless battles is banned\n|rule|HP Percentage Mod: HP is shown in percentages\n|clearpoke\n|poke|p1|Rotom-Wash|\n|poke|p1|Tornadus-Therian, M|\n|poke|p1|Basculegion-F, F|\n|poke|p1|Garchomp, F|\n|poke|p1|Gengar, M|\n|poke|p1|Landorus-Therian, M|\n|poke|p2|Bronzong|\n|poke|p2|Kingambit, M|\n|poke|p2|Ursaluna, M|\n|poke|p2|Dusclops, F|\n|poke|p2|Landorus-Therian, M|\n|poke|p2|Toxapex, F|\n|teampreview\n|inactive|Battle timer is ON: inactive players will automatically lose when time's up. (requested by ChosenBenin)\n|\n|t:|1699873669\n|start\n|switch|p1a: Rotom|Rotom-Wash|100\/100\n|switch|p2a: Dusclops|Dusclops, F|100\/100\n|-ability|p2a: Dusclops|Pressure\n|turn|1\n|\n|t:|1699873680\n|move|p1a: Rotom|Substitute|p1a: Rotom\n|-start|p1a: Rotom|Substitute\n|-damage|p1a: Rotom|75\/100\n|move|p2a: Dusclops|Trick Room|p2a: Dusclops\n|-fieldstart|move: Trick Room|[of] p2a: Dusclops\n|\n|-heal|p1a: Rotom|82\/100|[from] item: Leftovers\n|upkeep\n|turn|2\n|\n|t:|1699873697\n|switch|p2a: Ursaluna|Ursaluna, M, shiny|100\/100\n|move|p1a: Rotom|Will-O-Wisp|p2a: Ursaluna\n|-status|p2a: Ursaluna|brn\n|\n|-heal|p1a: Rotom|88\/100|[from] item: Leftovers\n|-damage|p2a: Ursaluna|94\/100 brn|[from] brn\n|upkeep\n|turn|3\n|\n|t:|1699873710\n|move|p2a: Ursaluna|Facade|p1a: Rotom\n|-end|p1a: Rotom|Substitute\n|move|p1a: Rotom|Rain Dance|p1a: Rotom\n|-weather|RainDance\n|\n|-weather|RainDance|[upkeep]\n|-heal|p1a: Rotom|94\/100|[from] item: Leftovers\n|-damage|p2a: Ursaluna|88\/100 brn|[from] brn\n|upkeep\n|turn|4\n|\n|t:|1699873735\n|move|p2a: Ursaluna|Facade|p1a: Rotom\n|-damage|p1a: Rotom|3\/100\n|move|p1a: Rotom|Volt Switch|p2a: Ursaluna\n|-immune|p2a: Ursaluna\n|\n|-weather|RainDance|[upkeep]\n|-heal|p1a: Rotom|10\/100|[from] item: Leftovers\n|-damage|p2a: Ursaluna|82\/100 brn|[from] brn\n|upkeep\n|turn|5\n|inactive|ChosenBenin has 120 seconds left.\n|\n|t:|1699873757\n|switch|p1a: Landorus|Landorus-Therian, M|100\/100\n|-ability|p1a: Landorus|Intimidate|boost\n|-unboost|p2a: Ursaluna|atk|1\n|move|p2a: Ursaluna|Earthquake|p1a: Landorus\n|-immune|p1a: Landorus\n|\n|-weather|RainDance|[upkeep]\n|-damage|p2a: Ursaluna|75\/100 brn|[from] brn\n|-fieldend|move: Trick Room\n|upkeep\n|turn|6\n|\n|t:|1699873771\n|switch|p2a: Bronzong|Bronzong, shiny|100\/100\n|move|p1a: Landorus|U-turn|p2a: Bronzong\n|-damage|p2a: Bronzong|81\/100\n|\n|t:|1699873776\n|switch|p1a: Basculegion|Basculegion-F, F|100\/100|[from] U-turn\n|\n|-weather|RainDance|[upkeep]\n|-heal|p2a: Bronzong|87\/100|[from] item: Leftovers\n|upkeep\n|turn|7\n|\n|t:|1699873799\n|move|p1a: Basculegion|Surf|p2a: Bronzong\n|-damage|p2a: Bronzong|28\/100\n|-damage|p1a: Basculegion|91\/100|[from] item: Life Orb\n|move|p2a: Bronzong|Stealth Rock|p1a: Basculegion\n|-sidestart|p1: ChosenBenin|move: Stealth Rock\n|\n|-weather|none\n|-heal|p2a: Bronzong|35\/100|[from] item: Leftovers\n|upkeep\n|turn|8\n|\n|t:|1699873814\n|move|p1a: Basculegion|Flip Turn|p2a: Bronzong\n|-damage|p2a: Bronzong|16\/100\n|-damage|p1a: Basculegion|81\/100|[from] item: Life Orb\n|\n|t:|1699873823\n|switch|p1a: Rotom|Rotom-Wash|10\/100|[from] Flip Turn\n|-damage|p1a: Rotom|0 fnt|[from] Stealth Rock\n|faint|p1a: Rotom\n|move|p2a: Bronzong|Trick Room|p2a: Bronzong\n|-fieldstart|move: Trick Room|[of] p2a: Bronzong\n|\n|-heal|p2a: Bronzong|22\/100|[from] item: Leftovers\n|upkeep\n|\n|t:|1699873827\n|switch|p1a: Tornadus|Tornadus-Therian, M|100\/100\n|-damage|p1a: Tornadus|76\/100|[from] Stealth Rock\n|turn|9\n|\n|t:|1699873838\n|move|p2a: Bronzong|Future Sight|p1a: Tornadus\n|-start|p2a: Bronzong|move: Future Sight\n|move|p1a: Tornadus|Knock Off|p2a: Bronzong\n|-supereffective|p2a: Bronzong\n|-damage|p2a: Bronzong|0 fnt\n|-enditem|p2a: Bronzong|Leftovers|[from] move: Knock Off|[of] p1a: Tornadus\n|faint|p2a: Bronzong\n|\n|upkeep\n|\n|t:|1699873846\n|switch|p2a: Ursaluna|Ursaluna, M, shiny|75\/100 brn\n|turn|10\n|\n|t:|1699873865\n|move|p2a: Ursaluna|Facade|p1a: Tornadus\n|-damage|p1a: Tornadus|0 fnt\n|faint|p1a: Tornadus\n|\n|-damage|p2a: Ursaluna|69\/100 brn|[from] brn\n|upkeep\n|\n|t:|1699873877\n|switch|p1a: Landorus|Landorus-Therian, M|100\/100\n|-damage|p1a: Landorus|88\/100|[from] Stealth Rock\n|-ability|p1a: Landorus|Intimidate|boost\n|-unboost|p2a: Ursaluna|atk|1\n|turn|11\n|\n|t:|1699873888\n|move|p2a: Ursaluna|Facade|p1a: Landorus\n|-damage|p1a: Landorus|0 fnt\n|faint|p1a: Landorus\n|\n|-hint|Future Sight did not hit because the target is fainted.\n|-damage|p2a: Ursaluna|63\/100 brn|[from] brn\n|upkeep\n|\n|t:|1699873893\n|switch|p1a: Basculegion|Basculegion-F, F|81\/100\n|-damage|p1a: Basculegion|68\/100|[from] Stealth Rock\n|turn|12\n|\n|t:|1699873906\n|move|p2a: Ursaluna|Close Combat|p1a: Basculegion\n|-immune|p1a: Basculegion\n|move|p1a: Basculegion|Surf|p2a: Ursaluna\n|-supereffective|p2a: Ursaluna\n|-damage|p2a: Ursaluna|0 fnt\n|faint|p2a: Ursaluna\n|-damage|p1a: Basculegion|58\/100|[from] item: Life Orb\n|\n|-fieldend|move: Trick Room\n|upkeep\n|\n|t:|1699873922\n|switch|p2a: Landorus|Landorus-Therian, M|100\/100\n|-ability|p2a: Landorus|Intimidate|boost\n|-unboost|p1a: Basculegion|atk|1\n|turn|13\n|inactive|sun3710 has 120 seconds left.\n|\n|t:|1699873942\n|move|p2a: Landorus|Earth Power|p1a: Basculegion\n|-damage|p1a: Basculegion|0 fnt\n|faint|p1a: Basculegion\n|\n|upkeep\n|\n|t:|1699873952\n|switch|p1a: Garchomp|Garchomp, F|100\/100\n|-damage|p1a: Garchomp|94\/100|[from] Stealth Rock\n|turn|14\n|\n|t:|1699873956\n|move|p1a: Garchomp|Swords Dance|p1a: Garchomp\n|-boost|p1a: Garchomp|atk|2\n|move|p2a: Landorus|Earth Power|p1a: Garchomp\n|-damage|p1a: Garchomp|16\/100\n|\n|upkeep\n|turn|15\n|\n|t:|1699873969\n|move|p1a: Garchomp|Outrage|p2a: Landorus\n|-damage|p2a: Landorus|0 fnt\n|faint|p2a: Landorus\n|\n|upkeep\n|\n|t:|1699873975\n|switch|p2a: Toxapex|Toxapex, F|100\/100\n|turn|16\n|\n|t:|1699873979\n|move|p2a: Toxapex|Baneful Bunker|p2a: Toxapex\n|-singleturn|p2a: Toxapex|move: Protect\n|move|p1a: Garchomp|Outrage|p2a: Toxapex|[from]lockedmove\n|-activate|p2a: Toxapex|move: Protect\n|-status|p1a: Garchomp|psn\n|\n|-damage|p1a: Garchomp|3\/100 psn|[from] psn\n|upkeep\n|turn|17\n|\n|t:|1699873990\n|move|p1a: Garchomp|Outrage|p2a: Toxapex\n|-damage|p2a: Toxapex|11\/100\n|move|p2a: Toxapex|Recover|p2a: Toxapex\n|-heal|p2a: Toxapex|61\/100\n|\n|-heal|p2a: Toxapex|68\/100|[from] item: Leftovers\n|-damage|p1a: Garchomp|0 fnt|[from] psn\n|faint|p1a: Garchomp\n|upkeep\n|\n|t:|1699873997\n|switch|p1a: Gengar|Gengar, M|100\/100\n|-damage|p1a: Gengar|88\/100|[from] Stealth Rock\n|turn|18\n|\n|t:|1699874007\n|-terastallize|p1a: Gengar|Ghost\n|move|p1a: Gengar|Shadow Ball|p2a: Toxapex\n|-crit|p2a: Toxapex\n|-damage|p2a: Toxapex|9\/100\n|move|p2a: Toxapex|Chilling Water|p1a: Gengar\n|-damage|p1a: Gengar|70\/100\n|-unboost|p1a: Gengar|atk|1\n|\n|-heal|p2a: Toxapex|15\/100|[from] item: Leftovers\n|upkeep\n|turn|19\n|\n|t:|1699874023\n|move|p1a: Gengar|Shadow Ball|p2a: Toxapex\n|-damage|p2a: Toxapex|0 fnt\n|faint|p2a: Toxapex\n|\n|upkeep\n|\n|t:|1699874029\n|switch|p2a: Dusclops|Dusclops, F|100\/100\n|-ability|p2a: Dusclops|Pressure\n|turn|20\n|\n|t:|1699874037\n|move|p1a: Gengar|Shadow Ball|p2a: Dusclops\n|-supereffective|p2a: Dusclops\n|-damage|p2a: Dusclops|22\/100\n|-unboost|p2a: Dusclops|spd|1\n|move|p2a: Dusclops|Trick Room|p2a: Dusclops\n|-fieldstart|move: Trick Room|[of] p2a: Dusclops\n|\n|upkeep\n|turn|21\n|\n|t:|1699874045\n|move|p2a: Dusclops|Poltergeist|p1a: Gengar\n|-activate|p1a: Gengar|move: Poltergeist|Expert Belt\n|-supereffective|p1a: Gengar\n|-damage|p1a: Gengar|0 fnt\n|-start|p2a: Dusclops|Disable|Poltergeist|[from] ability: Cursed Body|[of] p1a: Gengar\n|faint|p1a: Gengar\n|\n|win|sun3710\n|raw|ChosenBenin's rating: 1042 &rarr; <strong>1024<\/strong><br \/>(-18 for losing)\n|raw|sun3710's rating: 1000 &rarr; <strong>1045<\/strong><br \/>(+45 for winning)\n","uploadtime":1699874057,"views":6,"p1id":"chosenbenin","p2id":"sun3710","formatid":"gen9ou","rating":1024,"private":0,"password":""}