{"id":"gen9ou-1997942718","p1":"SpasDeUzi","p2":"TY SM MY GUY","format":"[Gen 9] OU","log":"|j|\u2606SpasDeUzi\n|j|\u2606TY SM MY GUY\n|t:|1700870243\n|gametype|singles\n|player|p1|SpasDeUzi|2|1205\n|player|p2|TY SM MY GUY|hoopster|1317\n|teamsize|p1|6\n|teamsize|p2|6\n|gen|9\n|tier|[Gen 9] OU\n|rated|\n|rule|Sleep Clause Mod: Limit one foe put to sleep\n|rule|Species Clause: Limit one of each Pok\u00e9mon\n|rule|OHKO Clause: OHKO moves are banned\n|rule|Evasion Items Clause: Evasion items are banned\n|rule|Evasion Moves Clause: Evasion moves are banned\n|rule|Endless Battle Clause: Forcing endless battles is banned\n|rule|HP Percentage Mod: HP is shown in percentages\n|clearpoke\n|poke|p1|Torterra, F|\n|poke|p1|Ribombee, M|\n|poke|p1|Grimmsnarl, M|\n|poke|p1|Manaphy|\n|poke|p1|Dragonite, F|\n|poke|p1|Heatran, F|\n|poke|p2|Glimmora, F|\n|poke|p2|Great Tusk|\n|poke|p2|Hatterene, F|\n|poke|p2|Greninja-*, M|\n|poke|p2|Brambleghast, M|\n|poke|p2|Zoroark-Hisui, M|\n|teampreview\n|inactive|Battle timer is ON: inactive players will automatically lose when time's up. (requested by SpasDeUzi)\n|\n|t:|1700870249\n|start\n|switch|p1a: Grimmsnarl|Grimmsnarl, M, shiny|100\/100\n|switch|p2a: Hatterene|Hatterene, F, shiny|100\/100\n|turn|1\n|\n|t:|1700870255\n|move|p1a: Grimmsnarl|Light Screen|p1a: Grimmsnarl\n|-sidestart|p1: SpasDeUzi|move: Light Screen\n|move|p2a: Hatterene|Trick|p1a: Grimmsnarl\n|-activate|p2a: Hatterene|move: Trick|[of] p1a: Grimmsnarl\n|-item|p1a: Grimmsnarl|Choice Scarf|[from] move: Trick\n|-item|p2a: Hatterene|Light Clay|[from] move: Trick\n|\n|upkeep\n|turn|2\n|\n|t:|1700870270\n|switch|p2a: Glimmora|Glimmora, F, shiny|100\/100\n|-item|p2a: Glimmora|Air Balloon\n|move|p1a: Grimmsnarl|Reflect|p1a: Grimmsnarl\n|-sidestart|p1: SpasDeUzi|Reflect\n|\n|upkeep\n|turn|3\n|\n|t:|1700870275\n|switch|p1a: Manaphy|Manaphy, shiny|100\/100\n|move|p2a: Glimmora|Stealth Rock|p1a: Manaphy\n|-sidestart|p1: SpasDeUzi|move: Stealth Rock\n|\n|upkeep\n|turn|4\n|\n|t:|1700870287\n|switch|p2a: Hatterene|Hatterene, F, shiny|100\/100\n|move|p1a: Manaphy|Scald|p2a: Hatterene\n|-damage|p2a: Hatterene|30\/100\n|-status|p2a: Hatterene|brn\n|replace|p2a: Zoroark|Zoroark-Hisui, M, shiny\n|-end|p2a: Zoroark|Illusion\n|\n|-damage|p2a: Zoroark|24\/100 brn|[from] brn\n|upkeep\n|turn|5\n|\n|t:|1700870293\n|move|p2a: Zoroark|Hyper Voice|p1a: Manaphy\n|-damage|p1a: Manaphy|79\/100\n|move|p1a: Manaphy|Scald|p2a: Zoroark\n|-damage|p2a: Zoroark|0 fnt\n|faint|p2a: Zoroark\n|\n|upkeep\n|\n|t:|1700870298\n|switch|p2a: Brambleghast|Brambleghast, M, shiny|100\/100\n|turn|6\n|\n|t:|1700870301\n|move|p2a: Brambleghast|Rapid Spin|p1a: Manaphy\n|-damage|p1a: Manaphy|72\/100\n|-boost|p2a: Brambleghast|spe|1\n|move|p1a: Manaphy|Tail Glow|p1a: Manaphy\n|-boost|p1a: Manaphy|spa|3\n|\n|-sideend|p1: SpasDeUzi|Reflect\n|upkeep\n|turn|7\n|\n|t:|1700870308\n|-terastallize|p1a: Manaphy|Steel\n|move|p2a: Brambleghast|Shadow Sneak|p1a: Manaphy\n|-damage|p1a: Manaphy|54\/100\n|move|p1a: Manaphy|Tail Glow|p1a: Manaphy\n|-boost|p1a: Manaphy|spa|3\n|\n|upkeep\n|turn|8\n|\n|t:|1700870319\n|-terastallize|p2a: Brambleghast|Fighting\n|move|p2a: Brambleghast|Tera Blast|p1a: Manaphy|[anim] Tera Blast Fighting\n|-supereffective|p1a: Manaphy\n|-damage|p1a: Manaphy|0 fnt\n|faint|p1a: Manaphy\n|\n|-sideend|p1: SpasDeUzi|move: Light Screen\n|upkeep\n|\n|t:|1700870327\n|switch|p1a: Grimmsnarl|Grimmsnarl, M, shiny|100\/100\n|-damage|p1a: Grimmsnarl|88\/100|[from] Stealth Rock\n|turn|9\n|\n|t:|1700870346\n|move|p1a: Grimmsnarl|Light Screen|p1a: Grimmsnarl\n|-sidestart|p1: SpasDeUzi|move: Light Screen\n|move|p2a: Brambleghast|Rapid Spin|p1a: Grimmsnarl\n|-damage|p1a: Grimmsnarl|65\/100\n|-boost|p2a: Brambleghast|spe|1\n|\n|upkeep\n|turn|10\n|\n|t:|1700870359\n|switch|p1a: Dragonite|Dragonite, F, shiny|100\/100\n|move|p2a: Brambleghast|Tera Blast|p1a: Dragonite|[anim] Tera Blast Fighting\n|-resisted|p1a: Dragonite\n|-damage|p1a: Dragonite|89\/100\n|\n|upkeep\n|turn|11\n|\n|t:|1700870369\n|move|p2a: Brambleghast|Rapid Spin|p1a: Dragonite\n|-damage|p1a: Dragonite|69\/100\n|-boost|p2a: Brambleghast|spe|1\n|move|p1a: Dragonite|Earthquake|p2a: Brambleghast\n|-damage|p2a: Brambleghast|31\/100\n|\n|upkeep\n|turn|12\n|\n|t:|1700870375\n|move|p2a: Brambleghast|Tera Blast|p1a: Dragonite|[anim] Tera Blast Fighting\n|-resisted|p1a: Dragonite\n|-crit|p1a: Dragonite\n|-damage|p1a: Dragonite|31\/100\n|move|p1a: Dragonite|Earthquake|p2a: Brambleghast\n|-damage|p2a: Brambleghast|0 fnt\n|faint|p2a: Brambleghast\n|\n|upkeep\n|\n|t:|1700870379\n|switch|p2a: Glimmora|Glimmora, F, shiny|100\/100\n|-item|p2a: Glimmora|Air Balloon\n|turn|13\n|\n|t:|1700870381\n|move|p2a: Glimmora|Dazzling Gleam|p1a: Dragonite\n|-supereffective|p1a: Dragonite\n|-damage|p1a: Dragonite|5\/100\n|move|p1a: Dragonite|Earthquake|p2a: Glimmora\n|-immune|p2a: Glimmora\n|\n|-sideend|p1: SpasDeUzi|move: Light Screen\n|upkeep\n|turn|14\n|\n|t:|1700870387\n|move|p1a: Dragonite|Extreme Speed|p2a: Glimmora\n|-resisted|p2a: Glimmora\n|-damage|p2a: Glimmora|86\/100\n|-activate|p2a: Glimmora|ability: Toxic Debris\n|-sidestart|p1: SpasDeUzi|move: Toxic Spikes\n|-enditem|p2a: Glimmora|Air Balloon\n|move|p2a: Glimmora|Dazzling Gleam|p1a: Dragonite\n|-supereffective|p1a: Dragonite\n|-damage|p1a: Dragonite|0 fnt\n|faint|p1a: Dragonite\n|\n|upkeep\n|\n|t:|1700870390\n|switch|p1a: Grimmsnarl|Grimmsnarl, M, shiny|65\/100\n|-damage|p1a: Grimmsnarl|53\/100|[from] Stealth Rock\n|-status|p1a: Grimmsnarl|psn\n|turn|15\n|\n|t:|1700870396\n|switch|p2a: Hatterene|Hatterene, F, shiny|100\/100\n|move|p1a: Grimmsnarl|Parting Shot|p2a: Hatterene\n|move|p2a: Hatterene|Parting Shot|p1a: Grimmsnarl|[from]ability: Magic Bounce\n|-unboost|p1a: Grimmsnarl|atk|1\n|-unboost|p1a: Grimmsnarl|spa|1\n|\n|t:|1700870401\n|switch|p2a: Greninja|Greninja, M|100\/100|[from] Parting Shot\n|\n|-damage|p1a: Grimmsnarl|41\/100 psn|[from] psn\n|upkeep\n|turn|16\n|\n|t:|1700870408\n|switch|p1a: Heatran|Heatran, F|100\/100\n|-damage|p1a: Heatran|88\/100|[from] Stealth Rock\n|-item|p1a: Heatran|Air Balloon\n|move|p2a: Greninja|Dark Pulse|p1a: Heatran\n|-damage|p1a: Heatran|52\/100\n|-enditem|p1a: Heatran|Air Balloon\n|-damage|p2a: Greninja|91\/100|[from] item: Life Orb\n|\n|upkeep\n|turn|17\n|\n|t:|1700870414\n|move|p2a: Greninja|Water Shuriken|p1a: Heatran\n|-supereffective|p1a: Heatran\n|-crit|p1a: Heatran\n|-damage|p1a: Heatran|29\/100\n|-supereffective|p1a: Heatran\n|-damage|p1a: Heatran|14\/100\n|-supereffective|p1a: Heatran\n|-damage|p1a: Heatran|0 fnt\n|faint|p1a: Heatran\n|-ability|p2a: Greninja|Battle Bond|boost\n|-boost|p2a: Greninja|atk|1\n|-boost|p2a: Greninja|spa|1\n|-boost|p2a: Greninja|spe|1\n|-activate|p2a: Greninja|ability: Battle Bond\n|-hitcount|p1: Heatran|3\n|-damage|p2a: Greninja|81\/100|[from] item: Life Orb\n|\n|upkeep\n|\n|t:|1700870422\n|switch|p1a: Ribombee|Ribombee, M, shiny|100\/100\n|-damage|p1a: Ribombee|76\/100|[from] Stealth Rock\n|-status|p1a: Ribombee|psn\n|turn|18\n|\n|t:|1700870425\n|move|p2a: Greninja|Ice Beam|p1a: Ribombee\n|-crit|p1a: Ribombee\n|-damage|p1a: Ribombee|0 fnt\n|faint|p1a: Ribombee\n|-damage|p2a: Greninja|71\/100|[from] item: Life Orb\n|\n|upkeep\n|\n|t:|1700870428\n|switch|p1a: Grimmsnarl|Grimmsnarl, M, shiny|41\/100 psn\n|-damage|p1a: Grimmsnarl|28\/100 psn|[from] Stealth Rock\n|turn|19\n|\n|t:|1700870432\n|move|p2a: Greninja|Water Shuriken|p1a: Grimmsnarl\n|-damage|p1a: Grimmsnarl|19\/100 psn\n|-damage|p1a: Grimmsnarl|9\/100 psn\n|-damage|p1a: Grimmsnarl|0 fnt\n|faint|p1a: Grimmsnarl\n|-hitcount|p1: Grimmsnarl|3\n|-damage|p2a: Greninja|61\/100|[from] item: Life Orb\n|\n|upkeep\n|\n|t:|1700870433\n|switch|p1a: Torterra|Torterra, F, shiny|100\/100\n|-damage|p1a: Torterra|94\/100|[from] Stealth Rock\n|-status|p1a: Torterra|psn\n|turn|20\n|\n|t:|1700870438\n|move|p2a: Greninja|Ice Beam|p1a: Torterra\n|-supereffective|p1a: Torterra\n|-damage|p1a: Torterra|0 fnt\n|faint|p1a: Torterra\n|-damage|p2a: Greninja|51\/100|[from] item: Life Orb\n|\n|win|TY SM MY GUY\n|raw|SpasDeUzi's rating: 1205 &rarr; <strong>1188<\/strong><br \/>(-17 for losing)\n|raw|TY SM MY GUY's rating: 1317 &rarr; <strong>1331<\/strong><br \/>(+14 for winning)\n|l|\u2606SpasDeUzi\n|c|\u2606TY SM MY GUY|Gg\n","uploadtime":1700870450,"views":2,"p1id":"spasdeuzi","p2id":"tysmmyguy","formatid":"gen9ou","rating":1188,"private":0,"password":""}