{"id":"gen9ou-2000526166","p1":"HEAVY-DUTY B0OTY","p2":"ak27sun","format":"[Gen 9] OU","log":"|j|\u2606HEAVY-DUTY B0OTY\n|j|\u2606ak27sun\n|inactive|Battle timer is ON: inactive players will automatically lose when time's up.\n|t:|1701202278\n|gametype|singles\n|player|p1|HEAVY-DUTY B0OTY|swimmerf-gen6|\n|player|p2|ak27sun|170|\n|teamsize|p1|6\n|teamsize|p2|6\n|gen|9\n|tier|[Gen 9] OU\n|rated|Tournament battle\n|rule|Sleep Clause Mod: Limit one foe put to sleep\n|rule|Species Clause: Limit one of each Pok\u00e9mon\n|rule|OHKO Clause: OHKO moves are banned\n|rule|Evasion Items Clause: Evasion items are banned\n|rule|Evasion Moves Clause: Evasion moves are banned\n|rule|Endless Battle Clause: Forcing endless battles is banned\n|rule|HP Percentage Mod: HP is shown in percentages\n|clearpoke\n|poke|p1|Meloetta|\n|poke|p1|Dragonite, F|\n|poke|p1|Furret, F|\n|poke|p1|Gengar, F|\n|poke|p1|Drednaw, M|\n|poke|p1|Slowking, F|\n|poke|p2|Meloetta|\n|poke|p2|Dragonite, F|\n|poke|p2|Furret, M|\n|poke|p2|Gengar, F|\n|poke|p2|Drednaw, M|\n|poke|p2|Slowking, M|\n|teampreview\n|j|*Lady Monita \u2746\n|\n|t:|1701202304\n|start\n|switch|p1a: Gengar|Gengar, F|100\/100\n|switch|p2a: Drednaw|Drednaw, M, shiny|100\/100\n|turn|1\n|\n|t:|1701202313\n|move|p1a: Gengar|Shadow Ball|p2a: Drednaw\n|-damage|p2a: Drednaw|38\/100\n|move|p2a: Drednaw|Shell Smash|p2a: Drednaw\n|-unboost|p2a: Drednaw|def|1\n|-unboost|p2a: Drednaw|spd|1\n|-boost|p2a: Drednaw|atk|2\n|-boost|p2a: Drednaw|spa|2\n|-boost|p2a: Drednaw|spe|2\n|\n|upkeep\n|turn|2\n|\n|t:|1701202323\n|move|p2a: Drednaw|Earthquake|p1a: Gengar\n|-supereffective|p1a: Gengar\n|-enditem|p1a: Gengar|Focus Sash\n|-damage|p1a: Gengar|1\/100\n|-start|p2a: Drednaw|Disable|Earthquake|[from] ability: Cursed Body|[of] p1a: Gengar\n|-damage|p2a: Drednaw|28\/100|[from] item: Life Orb\n|move|p1a: Gengar|Shadow Ball|p2a: Drednaw\n|-damage|p2a: Drednaw|0 fnt\n|faint|p2a: Drednaw\n|\n|upkeep\n|c|\u2606ak27sun|hmm\n|c|\u2606HEAVY-DUTY B0OTY|hmm\n|inactive|ak27sun has 120 seconds left.\n|\n|t:|1701202357\n|switch|p2a: Slowking|Slowking, M|100\/100\n|turn|3\n|\n|t:|1701202366\n|move|p1a: Gengar|Destiny Bond|p1a: Gengar\n|-singlemove|p1a: Gengar|Destiny Bond\n|move|p2a: Slowking|Power Gem|p1a: Gengar\n|-crit|p1a: Gengar\n|-damage|p1a: Gengar|0 fnt\n|faint|p1a: Gengar\n|-activate|p1a: Gengar|move: Destiny Bond\n|faint|p2a: Slowking\n|\n|upkeep\n|c|\u2606HEAVY-DUTY B0OTY|ill take that\n|\n|t:|1701202383\n|switch|p1a: Slowking|Slowking, F|100\/100\n|switch|p2a: Furret|Furret, M|100\/100\n|-item|p1a: Slowking|Sitrus Berry|[from] ability: Frisk|[of] p2a: Furret|[identify]\n|turn|4\n|\n|t:|1701202391\n|move|p2a: Furret|Tidy Up|p2a: Furret\n|-boost|p2a: Furret|atk|1\n|-boost|p2a: Furret|spe|1\n|move|p1a: Slowking|Scald|p2a: Furret\n|-damage|p2a: Furret|49\/100\n|-status|p2a: Furret|brn\n|\n|-damage|p2a: Furret|43\/100 brn|[from] brn\n|upkeep\n|turn|5\n|c|\u2606ak27sun|XD\n|\n|t:|1701202404\n|move|p2a: Furret|Slash|p1a: Slowking\n|-damage|p1a: Slowking|82\/100\n|-damage|p2a: Furret|33\/100 brn|[from] item: Life Orb\n|move|p1a: Slowking|Chilly Reception|p1a: Slowking\n|-weather|Snow\n|\n|t:|1701202408\n|switch|p1a: Dragonite|Dragonite, F|100\/100|[from] Chilly Reception\n|\n|-weather|Snow|[upkeep]\n|-damage|p2a: Furret|27\/100 brn|[from] brn\n|upkeep\n|turn|6\n|\n|t:|1701202414\n|move|p2a: Furret|Tidy Up|p2a: Furret\n|-boost|p2a: Furret|atk|1\n|-boost|p2a: Furret|spe|1\n|move|p1a: Dragonite|Dragon Dance|p1a: Dragonite\n|-boost|p1a: Dragonite|atk|1\n|-boost|p1a: Dragonite|spe|1\n|\n|-weather|Snow|[upkeep]\n|-damage|p2a: Furret|21\/100 brn|[from] brn\n|upkeep\n|turn|7\n|\n|t:|1701202419\n|move|p2a: Furret|Slash|p1a: Dragonite\n|-damage|p1a: Dragonite|83\/100\n|-damage|p2a: Furret|11\/100 brn|[from] item: Life Orb\n|move|p1a: Dragonite|Dragon Dance|p1a: Dragonite\n|-boost|p1a: Dragonite|atk|1\n|-boost|p1a: Dragonite|spe|1\n|\n|-weather|Snow|[upkeep]\n|-damage|p2a: Furret|5\/100 brn|[from] brn\n|upkeep\n|turn|8\n|\n|t:|1701202424\n|move|p2a: Furret|Slash|p1a: Dragonite\n|-damage|p1a: Dragonite|51\/100\n|-damage|p2a: Furret|0 fnt|[from] item: Life Orb\n|faint|p2a: Furret\n|move|p1a: Dragonite|Roost|p1a: Dragonite\n|-heal|p1a: Dragonite|100\/100\n|-singleturn|p1a: Dragonite|move: Roost\n|\n|-weather|Snow|[upkeep]\n|upkeep\n|\n|t:|1701202432\n|switch|p2a: Meloetta|Meloetta|100\/100\n|turn|9\n|\n|t:|1701202437\n|move|p1a: Dragonite|Dragon Claw|p2a: Meloetta\n|-damage|p2a: Meloetta|0 fnt\n|faint|p2a: Meloetta\n|\n|-weather|none\n|upkeep\n|\n|t:|1701202443\n|switch|p2a: Dragonite|Dragonite, F|100\/100\n|turn|10\n|\n|t:|1701202448\n|move|p1a: Dragonite|Dragon Claw|p2a: Dragonite\n|-supereffective|p2a: Dragonite\n|-damage|p2a: Dragonite|0 fnt\n|faint|p2a: Dragonite\n|\n|upkeep\n|c|\u2606HEAVY-DUTY B0OTY|gg\n|\n|t:|1701202455\n|switch|p2a: Gengar|Gengar, F, shiny|100\/100\n|turn|11\n|\n|t:|1701202461\n|move|p2a: Gengar|Protect|p2a: Gengar\n|-singleturn|p2a: Gengar|Protect\n|move|p1a: Dragonite|Earthquake|p2a: Gengar\n|-activate|p2a: Gengar|move: Protect\n|\n|upkeep\n|turn|12\n|\n|t:|1701202471\n|move|p1a: Dragonite|Dragon Claw|p2a: Gengar\n|-damage|p2a: Gengar|0 fnt\n|faint|p2a: Gengar\n|\n|win|HEAVY-DUTY B0OTY\n|n|\u2606HEAVY-DUTY B0OTY|heavydutyb0oty\n|n|\u2606ak27sun|ak27sun\n|n|*Lady Monita \u2746|ladymonita\n","uploadtime":1701202472,"views":0,"p1id":"heavydutyb0oty","p2id":"ak27sun","formatid":"gen9ou","rating":0,"private":0,"password":""}