{"id":"gen9ou-1992436142","p1":"zshmoneyy","p2":"uncoord","format":"[Gen 9] OU","log":"|j|\u2606zshmoneyy\n|j|\u2606uncoord\n|t:|1700187353\n|gametype|singles\n|player|p1|zshmoneyy|ethan|1346\n|player|p2|uncoord|266|1245\n|teamsize|p1|6\n|teamsize|p2|6\n|gen|9\n|tier|[Gen 9] OU\n|rated|\n|rule|Sleep Clause Mod: Limit one foe put to sleep\n|rule|Species Clause: Limit one of each Pok\u00e9mon\n|rule|OHKO Clause: OHKO moves are banned\n|rule|Evasion Items Clause: Evasion items are banned\n|rule|Evasion Moves Clause: Evasion moves are banned\n|rule|Endless Battle Clause: Forcing endless battles is banned\n|rule|HP Percentage Mod: HP is shown in percentages\n|clearpoke\n|poke|p1|Kingambit, M|\n|poke|p1|Ceruledge, M|\n|poke|p1|Iron Valiant|\n|poke|p1|Cinderace, F|\n|poke|p1|Slowking-Galar, M|\n|poke|p1|Ditto|\n|poke|p2|Vikavolt, M|\n|poke|p2|Enamorus, F|\n|poke|p2|Great Tusk|\n|poke|p2|Gholdengo|\n|poke|p2|Kommo-o, F|\n|poke|p2|Iron Moth|\n|teampreview\n|\n|t:|1700187368\n|start\n|switch|p1a: Cinderace|Cinderace, F|100\/100\n|switch|p2a: Vikavolt|Vikavolt, M|100\/100\n|turn|1\n|\n|t:|1700187374\n|switch|p2a: Enamorus|Enamorus, F, shiny|100\/100\n|move|p1a: Cinderace|Pyro Ball|p2a: Enamorus\n|-damage|p2a: Enamorus|4\/100\n|\n|upkeep\n|turn|2\n|\n|t:|1700187382\n|switch|p2a: Kommo-o|Kommo-o, F|100\/100\n|move|p1a: Cinderace|Pyro Ball|p2a: Kommo-o\n|-immune|p2a: Kommo-o|[from] ability: Bulletproof\n|\n|upkeep\n|turn|3\n|\n|t:|1700187410\n|switch|p1a: Iron Valiant|Iron Valiant|100\/100\n|-enditem|p1a: Iron Valiant|Booster Energy\n|-activate|p1a: Iron Valiant|ability: Quark Drive|[fromitem]\n|-start|p1a: Iron Valiant|quarkdrivespe\n|move|p2a: Kommo-o|Drain Punch|p1a: Iron Valiant\n|-resisted|p1a: Iron Valiant\n|-damage|p1a: Iron Valiant|81\/100\n|\n|upkeep\n|turn|4\n|\n|t:|1700187425\n|switch|p2a: Enamorus|Enamorus, F, shiny|4\/100\n|move|p1a: Iron Valiant|Substitute|p1a: Iron Valiant\n|-start|p1a: Iron Valiant|Substitute\n|-damage|p1a: Iron Valiant|57\/100\n|\n|upkeep\n|turn|5\n|\n|t:|1700187436\n|move|p1a: Iron Valiant|Moonblast|p2a: Enamorus\n|-damage|p2a: Enamorus|0 fnt\n|faint|p2a: Enamorus\n|\n|upkeep\n|\n|t:|1700187438\n|switch|p2a: Vikavolt|Vikavolt, M|100\/100\n|turn|6\n|\n|t:|1700187454\n|move|p1a: Iron Valiant|Moonblast|p2a: Vikavolt\n|-damage|p2a: Vikavolt|48\/100\n|-unboost|p2a: Vikavolt|spa|1\n|move|p2a: Vikavolt|Sticky Web|p1a: Iron Valiant\n|-sidestart|p1: zshmoneyy|move: Sticky Web\n|\n|upkeep\n|turn|7\n|\n|t:|1700187481\n|move|p1a: Iron Valiant|Moonblast|p2a: Vikavolt\n|-damage|p2a: Vikavolt|0 fnt\n|faint|p2a: Vikavolt\n|\n|upkeep\n|\n|t:|1700187493\n|switch|p2a: Iron Moth|Iron Moth|100\/100\n|-enditem|p2a: Iron Moth|Booster Energy\n|-activate|p2a: Iron Moth|ability: Quark Drive|[fromitem]\n|-start|p2a: Iron Moth|quarkdrivespe\n|turn|8\n|\n|t:|1700187509\n|move|p1a: Iron Valiant|Shadow Ball|p2a: Iron Moth\n|-damage|p2a: Iron Moth|75\/100\n|move|p2a: Iron Moth|Fiery Dance|p1a: Iron Valiant\n|-end|p1a: Iron Valiant|Substitute\n|-boost|p2a: Iron Moth|spa|1\n|\n|upkeep\n|turn|9\n|\n|t:|1700187527\n|-end|p1a: Iron Valiant|Quark Drive|[silent]\n|switch|p1a: Cinderace|Cinderace, F|100\/100\n|move|p2a: Iron Moth|Sludge Wave|p1a: Cinderace\n|-damage|p1a: Cinderace|0 fnt\n|faint|p1a: Cinderace\n|\n|upkeep\n|\n|t:|1700187556\n|switch|p1a: Ditto|Ditto|100\/100\n|-activate|p1a: Ditto|move: Sticky Web\n|-unboost|p1a: Ditto|spe|1\n|-transform|p1a: Ditto|p2a: Iron Moth|[from] ability: Imposter\n|turn|10\n|inactive|Battle timer is ON: inactive players will automatically lose when time's up. (requested by uncoord)\n|\n|t:|1700187588\n|-terastallize|p2a: Iron Moth|Ground\n|move|p2a: Iron Moth|Tera Blast|p1a: Ditto|[anim] Tera Blast Ground\n|-supereffective|p1a: Ditto\n|-damage|p1a: Ditto|0 fnt\n|faint|p1a: Ditto\n|-end|p1a: Ditto|Quark Drive|[silent]\n|\n|upkeep\n|\n|t:|1700187603\n|switch|p1a: Slowking|Slowking-Galar, M|100\/100\n|-activate|p1a: Slowking|move: Sticky Web\n|-unboost|p1a: Slowking|spe|1\n|turn|11\n|\n|t:|1700187627\n|-terastallize|p1a: Slowking|Water\n|move|p2a: Iron Moth|Tera Blast|p1a: Slowking|[anim] Tera Blast Ground\n|-damage|p1a: Slowking|56\/100\n|move|p1a: Slowking|Calm Mind|p1a: Slowking\n|-boost|p1a: Slowking|spa|1\n|-boost|p1a: Slowking|spd|1\n|\n|-damage|p1a: Slowking|44\/100|[from] item: Black Sludge\n|upkeep\n|turn|12\n|\n|t:|1700187636\n|move|p2a: Iron Moth|Sludge Wave|p1a: Slowking\n|-damage|p1a: Slowking|11\/100\n|-status|p1a: Slowking|psn\n|move|p1a: Slowking|Slack Off|p1a: Slowking\n|-heal|p1a: Slowking|61\/100 psn\n|\n|-damage|p1a: Slowking|48\/100 psn|[from] item: Black Sludge\n|-damage|p1a: Slowking|36\/100 psn|[from] psn\n|upkeep\n|turn|13\n|\n|t:|1700187646\n|move|p2a: Iron Moth|Dazzling Gleam|p1a: Slowking\n|-damage|p1a: Slowking|15\/100 psn\n|move|p1a: Slowking|Stored Power|p2a: Iron Moth\n|-damage|p2a: Iron Moth|41\/100\n|\n|-damage|p1a: Slowking|3\/100 psn|[from] item: Black Sludge\n|-damage|p1a: Slowking|0 fnt|[from] psn\n|faint|p1a: Slowking\n|upkeep\n|\n|t:|1700187660\n|switch|p1a: Kingambit|Kingambit, M|100\/100\n|-activate|p1a: Kingambit|move: Sticky Web\n|-unboost|p1a: Kingambit|spe|1\n|-activate|p1a: Kingambit|ability: Supreme Overlord\n|-start|p1a: Kingambit|fallen3|[silent]\n|turn|14\n|\n|t:|1700187668\n|move|p1a: Kingambit|Sucker Punch|p2a: Iron Moth\n|-crit|p2a: Iron Moth\n|-damage|p2a: Iron Moth|0 fnt\n|faint|p2a: Iron Moth\n|-end|p2a: Iron Moth|Quark Drive|[silent]\n|\n|upkeep\n|\n|t:|1700187676\n|switch|p2a: Kommo-o|Kommo-o, F|100\/100\n|turn|15\n|\n|t:|1700187683\n|-end|p1a: Kingambit|fallen3|[silent]\n|switch|p1a: Iron Valiant|Iron Valiant|57\/100\n|-activate|p1a: Iron Valiant|move: Sticky Web\n|-unboost|p1a: Iron Valiant|spe|1\n|move|p2a: Kommo-o|Clangorous Soul|p2a: Kommo-o\n|-boost|p2a: Kommo-o|atk|1\n|-boost|p2a: Kommo-o|def|1\n|-boost|p2a: Kommo-o|spa|1\n|-boost|p2a: Kommo-o|spd|1\n|-boost|p2a: Kommo-o|spe|1\n|-damage|p2a: Kommo-o|68\/100\n|\n|-heal|p2a: Kommo-o|74\/100|[from] item: Leftovers\n|upkeep\n|turn|16\n|\n|t:|1700187695\n|move|p2a: Kommo-o|Flamethrower|p1a: Iron Valiant\n|-damage|p1a: Iron Valiant|0 fnt\n|faint|p1a: Iron Valiant\n|-end|p1a: Iron Valiant|Quark Drive|[silent]\n|\n|-heal|p2a: Kommo-o|80\/100|[from] item: Leftovers\n|upkeep\n|\n|t:|1700187702\n|switch|p1a: Ceruledge|Ceruledge, M|100\/100\n|-activate|p1a: Ceruledge|move: Sticky Web\n|-unboost|p1a: Ceruledge|spe|1\n|turn|17\n|\n|t:|1700187713\n|move|p2a: Kommo-o|Clanging Scales|p1a: Ceruledge\n|-damage|p1a: Ceruledge|21\/100\n|-unboost|p2a: Kommo-o|def|1\n|move|p1a: Ceruledge|Poltergeist|p2a: Kommo-o\n|-activate|p2a: Kommo-o|move: Poltergeist|Leftovers\n|-crit|p2a: Kommo-o\n|-damage|p2a: Kommo-o|4\/100\n|\n|-heal|p2a: Kommo-o|10\/100|[from] item: Leftovers\n|upkeep\n|turn|18\n|\n|t:|1700187724\n|move|p2a: Kommo-o|Flamethrower|p1a: Ceruledge\n|-resisted|p1a: Ceruledge\n|-damage|p1a: Ceruledge|0 fnt\n|faint|p1a: Ceruledge\n|\n|-heal|p2a: Kommo-o|16\/100|[from] item: Leftovers\n|upkeep\n|\n|t:|1700187730\n|switch|p1a: Kingambit|Kingambit, M|100\/100\n|-activate|p1a: Kingambit|move: Sticky Web\n|-unboost|p1a: Kingambit|spe|1\n|-activate|p1a: Kingambit|ability: Supreme Overlord\n|-start|p1a: Kingambit|fallen5|[silent]\n|turn|19\n|\n|t:|1700187739\n|move|p1a: Kingambit|Sucker Punch||[still]\n|-fail|p1a: Kingambit\n|move|p2a: Kommo-o|Clangorous Soul||[still]\n|-fail|p2a: Kommo-o\n|\n|-heal|p2a: Kommo-o|22\/100|[from] item: Leftovers\n|upkeep\n|turn|20\n|\n|t:|1700187747\n|move|p1a: Kingambit|Sucker Punch||[still]\n|-fail|p1a: Kingambit\n|move|p2a: Kommo-o|Clangorous Soul||[still]\n|-fail|p2a: Kommo-o\n|\n|-heal|p2a: Kommo-o|28\/100|[from] item: Leftovers\n|upkeep\n|turn|21\n|\n|t:|1700187754\n|move|p1a: Kingambit|Sucker Punch|p2a: Kommo-o\n|-resisted|p2a: Kommo-o\n|-damage|p2a: Kommo-o|0 fnt\n|faint|p2a: Kommo-o\n|\n|upkeep\n|\n|t:|1700187759\n|switch|p2a: Great Tusk|Great Tusk|100\/100\n|-enditem|p2a: Great Tusk|Booster Energy\n|-activate|p2a: Great Tusk|ability: Protosynthesis|[fromitem]\n|-start|p2a: Great Tusk|protosynthesisatk\n|turn|22\n|\n|t:|1700187764\n|move|p2a: Great Tusk|Stealth Rock|p1a: Kingambit\n|-sidestart|p1: zshmoneyy|move: Stealth Rock\n|move|p1a: Kingambit|Iron Head|p2a: Great Tusk\n|-damage|p2a: Great Tusk|47\/100\n|\n|upkeep\n|turn|23\n|\n|t:|1700187774\n|move|p2a: Great Tusk|Stealth Rock||[still]\n|-fail|p2a: Great Tusk\n|move|p1a: Kingambit|Low Kick|p2a: Great Tusk\n|-damage|p2a: Great Tusk|0 fnt\n|faint|p2a: Great Tusk\n|-end|p2a: Great Tusk|Protosynthesis|[silent]\n|\n|upkeep\n|\n|t:|1700187776\n|switch|p2a: Gholdengo|Gholdengo|100\/100\n|-item|p2a: Gholdengo|Air Balloon\n|turn|24\n|\n|t:|1700187785\n|move|p1a: Kingambit|Sucker Punch|p2a: Gholdengo\n|-supereffective|p2a: Gholdengo\n|-damage|p2a: Gholdengo|0 fnt\n|-enditem|p2a: Gholdengo|Air Balloon\n|faint|p2a: Gholdengo\n|\n|win|zshmoneyy\n|raw|zshmoneyy's rating: 1346 &rarr; <strong>1360<\/strong><br \/>(+14 for winning)\n|raw|uncoord's rating: 1245 &rarr; <strong>1227<\/strong><br \/>(-18 for losing)\n|l|\u2606uncoord\n","uploadtime":1700187800,"views":7,"p1id":"zshmoneyy","p2id":"uncoord","formatid":"gen9ou","rating":1227,"private":0,"password":""}