{"id":"gen9ou-1997044878","p1":"chuppenSock","p2":"Javelin3147","format":"[Gen 9] OU","log":"|j|\u2606chuppenSock\n|j|\u2606Javelin3147\n|t:|1700758945\n|gametype|singles\n|player|p1|chuppenSock|1|1111\n|player|p2|Javelin3147|101|1182\n|teamsize|p1|6\n|teamsize|p2|6\n|gen|9\n|tier|[Gen 9] OU\n|rated|\n|rule|Sleep Clause Mod: Limit one foe put to sleep\n|rule|Species Clause: Limit one of each Pok\u00e9mon\n|rule|OHKO Clause: OHKO moves are banned\n|rule|Evasion Items Clause: Evasion items are banned\n|rule|Evasion Moves Clause: Evasion moves are banned\n|rule|Endless Battle Clause: Forcing endless battles is banned\n|rule|HP Percentage Mod: HP is shown in percentages\n|clearpoke\n|poke|p1|Blissey, F|\n|poke|p1|Hatterene, F|\n|poke|p1|Braviary-Hisui, M|\n|poke|p1|Iron Valiant|\n|poke|p1|Krookodile, M|\n|poke|p1|Corviknight, F|\n|poke|p2|Toxapex, M|\n|poke|p2|Ting-Lu|\n|poke|p2|Rotom-Wash|\n|poke|p2|Gholdengo|\n|poke|p2|Cinderace, M|\n|poke|p2|Dragapult, M|\n|teampreview\n|\n|t:|1700758963\n|start\n|switch|p1a: Braviary|Braviary-Hisui, M, shiny|100\/100\n|switch|p2a: Ting-Lu|Ting-Lu|100\/100\n|-ability|p2a: Ting-Lu|Vessel of Ruin\n|turn|1\n|\n|t:|1700758973\n|switch|p1a: Hatterene|Hatterene, F|100\/100\n|move|p2a: Ting-Lu|Stealth Rock|p1a: Hatterene\n|move|p1a: Hatterene|Stealth Rock|p2a: Ting-Lu|[from]ability: Magic Bounce\n|-sidestart|p2: Javelin3147|move: Stealth Rock\n|\n|upkeep\n|turn|2\n|inactive|Battle timer is ON: inactive players will automatically lose when time's up. (requested by Javelin3147)\n|\n|t:|1700758988\n|move|p2a: Ting-Lu|Earthquake|p1a: Hatterene\n|-damage|p1a: Hatterene|49\/100\n|move|p1a: Hatterene|Calm Mind|p1a: Hatterene\n|-boost|p1a: Hatterene|spa|1\n|-boost|p1a: Hatterene|spd|1\n|\n|-heal|p1a: Hatterene|55\/100|[from] item: Leftovers\n|upkeep\n|turn|3\n|\n|t:|1700758996\n|move|p2a: Ting-Lu|Earthquake|p1a: Hatterene\n|-damage|p1a: Hatterene|2\/100\n|move|p1a: Hatterene|Draining Kiss|p2a: Ting-Lu\n|-supereffective|p2a: Ting-Lu\n|-damage|p2a: Ting-Lu|67\/100\n|-heal|p1a: Hatterene|53\/100|[from] drain|[of] p2a: Ting-Lu\n|\n|-heal|p2a: Ting-Lu|73\/100|[from] item: Leftovers\n|-heal|p1a: Hatterene|59\/100|[from] item: Leftovers\n|upkeep\n|turn|4\n|\n|t:|1700759016\n|switch|p2a: Gholdengo|Gholdengo|100\/100\n|move|p1a: Hatterene|Calm Mind|p1a: Hatterene\n|-boost|p1a: Hatterene|spa|1\n|-boost|p1a: Hatterene|spd|1\n|\n|-heal|p1a: Hatterene|65\/100|[from] item: Leftovers\n|upkeep\n|turn|5\n|\n|t:|1700759037\n|move|p2a: Gholdengo|Nasty Plot|p2a: Gholdengo\n|-boost|p2a: Gholdengo|spa|2\n|move|p1a: Hatterene|Draining Kiss|p2a: Gholdengo\n|-resisted|p2a: Gholdengo\n|-damage|p2a: Gholdengo|69\/100\n|-heal|p1a: Hatterene|94\/100|[from] drain|[of] p2a: Gholdengo\n|\n|-heal|p1a: Hatterene|99\/100|[from] item: Leftovers\n|upkeep\n|turn|6\n|\n|t:|1700759053\n|move|p2a: Gholdengo|Nasty Plot|p2a: Gholdengo\n|-boost|p2a: Gholdengo|spa|2\n|move|p1a: Hatterene|Calm Mind|p1a: Hatterene\n|-boost|p1a: Hatterene|spa|1\n|-boost|p1a: Hatterene|spd|1\n|\n|-heal|p1a: Hatterene|100\/100|[from] item: Leftovers\n|upkeep\n|turn|7\n|\n|t:|1700759062\n|-terastallize|p1a: Hatterene|Psychic\n|move|p2a: Gholdengo|Nasty Plot|p2a: Gholdengo\n|-boost|p2a: Gholdengo|spa|2\n|move|p1a: Hatterene|Stored Power|p2a: Gholdengo\n|-resisted|p2a: Gholdengo\n|-damage|p2a: Gholdengo|0 fnt\n|faint|p2a: Gholdengo\n|\n|upkeep\n|inactive|Javelin3147 has 120 seconds left.\n|\n|t:|1700759088\n|switch|p2a: Dragapult|Dragapult, M|100\/100\n|-damage|p2a: Dragapult|88\/100|[from] Stealth Rock\n|turn|8\n|\n|t:|1700759093\n|move|p2a: Dragapult|Sucker Punch|p1a: Hatterene\n|-supereffective|p1a: Hatterene\n|-damage|p1a: Hatterene|10\/100\n|move|p1a: Hatterene|Draining Kiss|p2a: Dragapult\n|-supereffective|p2a: Dragapult\n|-damage|p2a: Dragapult|0 fnt\n|-heal|p1a: Hatterene|92\/100|[from] drain|[of] p2a: Dragapult\n|faint|p2a: Dragapult\n|\n|-heal|p1a: Hatterene|98\/100|[from] item: Leftovers\n|upkeep\n|\n|t:|1700759106\n|switch|p2a: Ting-Lu|Ting-Lu|73\/100\n|-damage|p2a: Ting-Lu|67\/100|[from] Stealth Rock\n|-ability|p2a: Ting-Lu|Vessel of Ruin\n|turn|9\n|\n|t:|1700759115\n|move|p2a: Ting-Lu|Earthquake|p1a: Hatterene\n|-damage|p1a: Hatterene|50\/100\n|move|p1a: Hatterene|Agility|p1a: Hatterene\n|-boost|p1a: Hatterene|spe|2\n|\n|-heal|p1a: Hatterene|56\/100|[from] item: Leftovers\n|-heal|p2a: Ting-Lu|73\/100|[from] item: Leftovers\n|upkeep\n|turn|10\n|l|\u2606chuppenSock\n|inactive|chuppenSock disconnected and has a minute to reconnect!\n|player|p1|\n|j|\u2606chuppenSock\n|inactive|chuppenSock reconnected and has 145 seconds left.\n|player|p1|chuppenSock|1\n|\n|t:|1700759127\n|move|p1a: Hatterene|Draining Kiss|p2a: Ting-Lu\n|-supereffective|p2a: Ting-Lu\n|-crit|p2a: Ting-Lu\n|-damage|p2a: Ting-Lu|0 fnt\n|-heal|p1a: Hatterene|100\/100|[from] drain|[of] p2a: Ting-Lu\n|faint|p2a: Ting-Lu\n|\n|upkeep\n|-message|Javelin3147 forfeited.\n|\n|win|chuppenSock\n|raw|chuppenSock's rating: 1111 &rarr; <strong>1141<\/strong><br \/>(+30 for winning)\n|raw|Javelin3147's rating: 1182 &rarr; <strong>1152<\/strong><br \/>(-30 for losing)\n|l|\u2606Javelin3147\n","uploadtime":1700759138,"views":7,"p1id":"chuppensock","p2id":"javelin3147","formatid":"gen9ou","rating":1141,"private":0,"password":""}