{"id":"gen9ou-1991341276","p1":"abuzittin","p2":"Funny Birds","format":"[Gen 9] OU","log":"|j|\u2606abuzittin\n|j|\u2606Funny Birds\n|t:|1700069081\n|gametype|singles\n|player|p1|abuzittin|gambler|1231\n|player|p2|Funny Birds|101|1249\n|teamsize|p1|6\n|teamsize|p2|6\n|gen|9\n|tier|[Gen 9] OU\n|rated|\n|rule|Sleep Clause Mod: Limit one foe put to sleep\n|rule|Species Clause: Limit one of each Pok\u00e9mon\n|rule|OHKO Clause: OHKO moves are banned\n|rule|Evasion Items Clause: Evasion items are banned\n|rule|Evasion Moves Clause: Evasion moves are banned\n|rule|Endless Battle Clause: Forcing endless battles is banned\n|rule|HP Percentage Mod: HP is shown in percentages\n|clearpoke\n|poke|p1|Falinks|\n|poke|p1|Ribombee, M|\n|poke|p1|Gholdengo|\n|poke|p1|Samurott-Hisui, F|\n|poke|p1|Landorus-Therian, M|\n|poke|p1|Avalugg, M|\n|poke|p2|Cramorant, M|\n|poke|p2|Gholdengo|\n|poke|p2|Brute Bonnet|\n|poke|p2|Walking Wake|\n|poke|p2|Scizor, F|\n|poke|p2|Slither Wing|\n|teampreview\n|\n|t:|1700069106\n|start\n|switch|p1a: Fallass BFF|Ribombee, M, shiny|100\/100\n|switch|p2a: Scizor|Scizor, F|100\/100\n|turn|1\n|\n|t:|1700069111\n|move|p1a: Fallass BFF|Sticky Web|p2a: Scizor\n|-sidestart|p2: Funny Birds|move: Sticky Web\n|move|p2a: Scizor|Dual Wingbeat|p1a: Fallass BFF\n|-supereffective|p1a: Fallass BFF\n|-enditem|p1a: Fallass BFF|Focus Sash\n|-damage|p1a: Fallass BFF|1\/100\n|-supereffective|p1a: Fallass BFF\n|-damage|p1a: Fallass BFF|0 fnt\n|faint|p1a: Fallass BFF\n|-hitcount|p1: Fallass BFF|2\n|-damage|p2a: Scizor|91\/100|[from] item: Life Orb\n|\n|upkeep\n|\n|t:|1700069117\n|switch|p1a: keep my ass at OU|Landorus-Therian, M, shiny|100\/100\n|-ability|p1a: keep my ass at OU|Intimidate|boost\n|-unboost|p2a: Scizor|atk|1\n|turn|2\n|c|\u2606Funny Birds|Fr nickname though\n|\n|t:|1700069134\n|switch|p2a: Cramorant|Cramorant, M, shiny|100\/100\n|move|p1a: keep my ass at OU|Stealth Rock|p2a: Cramorant\n|-sidestart|p2: Funny Birds|move: Stealth Rock\n|\n|upkeep\n|turn|3\n|\n|t:|1700069145\n|switch|p1a: LiL boys slave|Samurott-Hisui, F|100\/100\n|move|p2a: Cramorant|Defog|p1a: LiL boys slave\n|-unboost|p1a: LiL boys slave|evasion|1\n|-sideend|p2: Funny Birds|Stealth Rock|[from] move: Defog|[of] p2a: Cramorant\n|-sideend|p2: Funny Birds|Sticky Web|[from] move: Defog|[of] p2a: Cramorant\n|\n|upkeep\n|turn|4\n|\n|t:|1700069155\n|move|p1a: LiL boys slave|Ceaseless Edge|p2a: Cramorant\n|-damage|p2a: Cramorant|64\/100\n|-sidestart|p2: Funny Birds|Spikes\n|move|p2a: Cramorant|Surf|p1a: LiL boys slave\n|-formechange|p2a: Cramorant|Cramorant-Gulping|\n|-resisted|p1a: LiL boys slave\n|-damage|p1a: LiL boys slave|92\/100\n|\n|upkeep\n|turn|5\n|\n|t:|1700069164\n|move|p1a: LiL boys slave|Ceaseless Edge|p2a: Cramorant\n|-damage|p2a: Cramorant|28\/100\n|-damage|p1a: LiL boys slave|67\/100|[from] ability: Gulp Missile|[of] p2a: Cramorant\n|-unboost|p1a: LiL boys slave|def|1\n|-formechange|p2a: Cramorant|Cramorant|\n|-sidestart|p2: Funny Birds|Spikes\n|move|p2a: Cramorant|Roost|p2a: Cramorant\n|-heal|p2a: Cramorant|79\/100\n|-singleturn|p2a: Cramorant|move: Roost\n|\n|upkeep\n|turn|6\n|\n|t:|1700069185\n|move|p1a: LiL boys slave|Knock Off|p2a: Cramorant\n|-damage|p2a: Cramorant|37\/100\n|-enditem|p2a: Cramorant|Heavy-Duty Boots|[from] move: Knock Off|[of] p1a: LiL boys slave\n|move|p2a: Cramorant|Defog|p1a: LiL boys slave\n|-unboost|p1a: LiL boys slave|evasion|1\n|-sideend|p2: Funny Birds|Spikes|[from] move: Defog|[of] p2a: Cramorant\n|\n|upkeep\n|turn|7\n|\n|t:|1700069190\n|move|p1a: LiL boys slave|Ceaseless Edge|p2a: Cramorant\n|-damage|p2a: Cramorant|1\/100\n|-sidestart|p2: Funny Birds|Spikes\n|move|p2a: Cramorant|Surf|p1a: LiL boys slave\n|-formechange|p2a: Cramorant|Cramorant-Gorging|\n|-resisted|p1a: LiL boys slave\n|-damage|p1a: LiL boys slave|59\/100\n|\n|upkeep\n|turn|8\n|\n|t:|1700069197\n|move|p1a: LiL boys slave|Ceaseless Edge|p2a: Cramorant\n|-damage|p2a: Cramorant|0 fnt\n|-damage|p1a: LiL boys slave|34\/100|[from] ability: Gulp Missile|[of] p2a: Cramorant\n|-status|p1a: LiL boys slave|par\n|-formechange|p2a: Cramorant|Cramorant|\n|-sidestart|p2: Funny Birds|Spikes\n|faint|p2a: Cramorant\n|\n|upkeep\n|c|\u2606abuzittin|jeez\n|c|\u2606abuzittin|that took some effort\n|\n|t:|1700069209\n|switch|p2a: Walking Wake|Walking Wake|100\/100\n|-damage|p2a: Walking Wake|84\/100|[from] Spikes\n|turn|9\n|c|\u2606Funny Birds|Cram is funny\n|\n|t:|1700069258\n|move|p2a: Walking Wake|Hydro Pump|p1a: LiL boys slave\n|-resisted|p1a: LiL boys slave\n|-crit|p1a: LiL boys slave\n|-damage|p1a: LiL boys slave|0 fnt\n|faint|p1a: LiL boys slave\n|\n|upkeep\n|\n|t:|1700069272\n|switch|p1a: LiL boys helper|Gholdengo|100\/100\n|turn|10\n|\n|t:|1700069279\n|-end|p2a: Walking Wake|Protosynthesis|[silent]\n|switch|p2a: Brute Bonnet|Brute Bonnet|100\/100\n|-damage|p2a: Brute Bonnet|84\/100|[from] Spikes\n|-enditem|p2a: Brute Bonnet|Booster Energy\n|-activate|p2a: Brute Bonnet|ability: Protosynthesis|[fromitem]\n|-start|p2a: Brute Bonnet|protosynthesisatk\n|move|p1a: LiL boys helper|Shadow Ball|p2a: Brute Bonnet\n|-resisted|p2a: Brute Bonnet\n|-damage|p2a: Brute Bonnet|72\/100\n|\n|upkeep\n|turn|11\n|\n|t:|1700069285\n|switch|p1a: TheIceBergTheorem|Avalugg, M, shiny|100\/100\n|move|p2a: Brute Bonnet|Sucker Punch||[still]\n|-fail|p2a: Brute Bonnet\n|\n|upkeep\n|turn|12\n|\n|t:|1700069290\n|-end|p2a: Brute Bonnet|Protosynthesis|[silent]\n|switch|p2a: Gholdengo|Gholdengo|100\/100\n|-damage|p2a: Gholdengo|84\/100|[from] Spikes\n|move|p1a: TheIceBergTheorem|Body Press|p2a: Gholdengo\n|-immune|p2a: Gholdengo\n|\n|upkeep\n|turn|13\n|\n|t:|1700069296\n|-terastallize|p1a: TheIceBergTheorem|Water\n|move|p2a: Gholdengo|Shadow Ball|p1a: TheIceBergTheorem\n|-damage|p1a: TheIceBergTheorem|37\/100\n|move|p1a: TheIceBergTheorem|Crunch|p2a: Gholdengo\n|-supereffective|p2a: Gholdengo\n|-damage|p2a: Gholdengo|36\/100\n|-unboost|p2a: Gholdengo|def|1\n|\n|upkeep\n|turn|14\n|\n|t:|1700069308\n|switch|p1a: keep my ass at OU|Landorus-Therian, M, shiny|100\/100\n|-ability|p1a: keep my ass at OU|Intimidate|boost\n|-unboost|p2a: Gholdengo|atk|1\n|move|p2a: Gholdengo|Shadow Ball|p1a: keep my ass at OU\n|-damage|p1a: keep my ass at OU|56\/100\n|\n|upkeep\n|turn|15\n|\n|t:|1700069319\n|move|p2a: Gholdengo|Shadow Ball|p1a: keep my ass at OU\n|-damage|p1a: keep my ass at OU|10\/100\n|-unboost|p1a: keep my ass at OU|spd|1\n|move|p1a: keep my ass at OU|Stealth Rock|p2a: Gholdengo\n|-sidestart|p2: Funny Birds|move: Stealth Rock\n|\n|upkeep\n|turn|16\n|\n|t:|1700069322\n|move|p2a: Gholdengo|Shadow Ball|p1a: keep my ass at OU\n|-damage|p1a: keep my ass at OU|0 fnt\n|faint|p1a: keep my ass at OU\n|\n|upkeep\n|\n|t:|1700069325\n|switch|p1a: NO GLISCOR BITCH|Falinks, shiny|100\/100\n|turn|17\n|\n|t:|1700069332\n|move|p2a: Gholdengo|Shadow Ball|p1a: NO GLISCOR BITCH\n|-damage|p1a: NO GLISCOR BITCH|25\/100\n|move|p1a: NO GLISCOR BITCH|No Retreat|p1a: NO GLISCOR BITCH\n|-boost|p1a: NO GLISCOR BITCH|atk|1\n|-boost|p1a: NO GLISCOR BITCH|def|1\n|-boost|p1a: NO GLISCOR BITCH|spa|1\n|-boost|p1a: NO GLISCOR BITCH|spd|1\n|-boost|p1a: NO GLISCOR BITCH|spe|1\n|-start|p1a: NO GLISCOR BITCH|move: No Retreat\n|\n|upkeep\n|turn|18\n|\n|t:|1700069336\n|move|p2a: Gholdengo|Shadow Ball|p1a: NO GLISCOR BITCH\n|-damage|p1a: NO GLISCOR BITCH|0 fnt\n|faint|p1a: NO GLISCOR BITCH\n|\n|upkeep\n|\n|t:|1700069342\n|switch|p1a: LiL boys helper|Gholdengo|100\/100\n|turn|19\n|\n|t:|1700069345\n|move|p2a: Gholdengo|Shadow Ball|p1a: LiL boys helper\n|-supereffective|p1a: LiL boys helper\n|-damage|p1a: LiL boys helper|39\/100\n|move|p1a: LiL boys helper|Shadow Ball|p2a: Gholdengo\n|-supereffective|p2a: Gholdengo\n|-damage|p2a: Gholdengo|0 fnt\n|faint|p2a: Gholdengo\n|\n|upkeep\n|\n|t:|1700069353\n|switch|p2a: Brute Bonnet|Brute Bonnet|72\/100\n|-damage|p2a: Brute Bonnet|55\/100|[from] Spikes\n|-damage|p2a: Brute Bonnet|43\/100|[from] Stealth Rock\n|turn|20\n|inactive|Battle timer is ON: inactive players will automatically lose when time's up. (requested by abuzittin)\n|\n|t:|1700069359\n|switch|p1a: TheIceBergTheorem|Avalugg, M, shiny, tera:Water|37\/100\n|move|p2a: Brute Bonnet|Sucker Punch||[still]\n|-fail|p2a: Brute Bonnet\n|\n|upkeep\n|turn|21\n|\n|t:|1700069365\n|-terastallize|p2a: Brute Bonnet|Dark\n|move|p2a: Brute Bonnet|Seed Bomb|p1a: TheIceBergTheorem\n|-supereffective|p1a: TheIceBergTheorem\n|-damage|p1a: TheIceBergTheorem|3\/100\n|move|p1a: TheIceBergTheorem|Recover|p1a: TheIceBergTheorem\n|-heal|p1a: TheIceBergTheorem|53\/100\n|\n|upkeep\n|turn|22\n|\n|t:|1700069374\n|move|p2a: Brute Bonnet|Seed Bomb|p1a: TheIceBergTheorem\n|-supereffective|p1a: TheIceBergTheorem\n|-damage|p1a: TheIceBergTheorem|14\/100\n|move|p1a: TheIceBergTheorem|Recover|p1a: TheIceBergTheorem\n|-heal|p1a: TheIceBergTheorem|64\/100\n|\n|upkeep\n|turn|23\n|c|\u2606abuzittin|ooh my god\n|c|\u2606abuzittin|why u terra at there\n|c|\u2606abuzittin|:sob:\n|\n|t:|1700069388\n|-end|p2a: Brute Bonnet|Protosynthesis|[silent]\n|switch|p2a: Slither Wing|Slither Wing|100\/100\n|-damage|p2a: Slither Wing|84\/100|[from] Spikes\n|-damage|p2a: Slither Wing|72\/100|[from] Stealth Rock\n|move|p1a: TheIceBergTheorem|Recover|p1a: TheIceBergTheorem\n|-heal|p1a: TheIceBergTheorem|100\/100\n|\n|upkeep\n|turn|24\n|c|\u2606Funny Birds|For no ice move\n|\n|t:|1700069399\n|switch|p1a: LiL boys helper|Gholdengo|39\/100\n|move|p2a: Slither Wing|Close Combat|p1a: LiL boys helper\n|-immune|p1a: LiL boys helper\n|\n|upkeep\n|turn|25\n|\n|t:|1700069407\n|-end|p2a: Slither Wing|Protosynthesis|[silent]\n|switch|p2a: Scizor|Scizor, F|91\/100\n|-damage|p2a: Scizor|74\/100|[from] Spikes\n|-damage|p2a: Scizor|61\/100|[from] Stealth Rock\n|move|p1a: LiL boys helper|Recover|p1a: LiL boys helper\n|-heal|p1a: LiL boys helper|89\/100\n|\n|upkeep\n|turn|26\n|\n|t:|1700069418\n|switch|p1a: TheIceBergTheorem|Avalugg, M, shiny, tera:Water|100\/100\n|move|p2a: Scizor|U-turn|p1a: TheIceBergTheorem\n|-damage|p1a: TheIceBergTheorem|78\/100\n|-damage|p2a: Scizor|51\/100|[from] item: Life Orb\n|\n|t:|1700069421\n|switch|p2a: Slither Wing|Slither Wing|72\/100|[from] U-turn\n|-damage|p2a: Slither Wing|55\/100|[from] Spikes\n|-damage|p2a: Slither Wing|43\/100|[from] Stealth Rock\n|\n|upkeep\n|turn|27\n|\n|t:|1700069429\n|move|p2a: Slither Wing|Earthquake|p1a: TheIceBergTheorem\n|-damage|p1a: TheIceBergTheorem|64\/100\n|move|p1a: TheIceBergTheorem|Recover|p1a: TheIceBergTheorem\n|-heal|p1a: TheIceBergTheorem|100\/100\n|\n|upkeep\n|turn|28\n|\n|t:|1700069439\n|-end|p2a: Slither Wing|Protosynthesis|[silent]\n|switch|p2a: Scizor|Scizor, F|51\/100\n|-damage|p2a: Scizor|35\/100|[from] Spikes\n|-damage|p2a: Scizor|22\/100|[from] Stealth Rock\n|move|p1a: TheIceBergTheorem|Body Press|p2a: Scizor\n|-damage|p2a: Scizor|0 fnt\n|faint|p2a: Scizor\n|\n|upkeep\n|\n|t:|1700069440\n|switch|p2a: Walking Wake|Walking Wake|84\/100\n|-damage|p2a: Walking Wake|67\/100|[from] Spikes\n|-damage|p2a: Walking Wake|55\/100|[from] Stealth Rock\n|turn|29\n|\n|t:|1700069445\n|switch|p1a: LiL boys helper|Gholdengo|89\/100\n|move|p2a: Walking Wake|Draco Meteor|p1a: LiL boys helper\n|-resisted|p1a: LiL boys helper\n|-damage|p1a: LiL boys helper|55\/100\n|-unboost|p2a: Walking Wake|spa|2\n|\n|upkeep\n|turn|30\n|\n|t:|1700069448\n|-end|p2a: Walking Wake|Protosynthesis|[silent]\n|switch|p2a: Slither Wing|Slither Wing|43\/100\n|-damage|p2a: Slither Wing|26\/100|[from] Spikes\n|-damage|p2a: Slither Wing|14\/100|[from] Stealth Rock\n|move|p1a: LiL boys helper|Recover|p1a: LiL boys helper\n|-heal|p1a: LiL boys helper|100\/100\n|\n|upkeep\n|turn|31\n|\n|t:|1700069452\n|switch|p1a: TheIceBergTheorem|Avalugg, M, shiny, tera:Water|100\/100\n|move|p2a: Slither Wing|Earthquake|p1a: TheIceBergTheorem\n|-damage|p1a: TheIceBergTheorem|86\/100\n|\n|upkeep\n|turn|32\n|\n|t:|1700069456\n|-end|p2a: Slither Wing|Protosynthesis|[silent]\n|switch|p2a: Walking Wake|Walking Wake|55\/100\n|-damage|p2a: Walking Wake|39\/100|[from] Spikes\n|-damage|p2a: Walking Wake|26\/100|[from] Stealth Rock\n|move|p1a: TheIceBergTheorem|Body Press|p2a: Walking Wake\n|-damage|p2a: Walking Wake|0 fnt\n|faint|p2a: Walking Wake\n|-end|p2a: Walking Wake|Protosynthesis|[silent]\n|\n|upkeep\n|-message|Funny Birds forfeited.\n|\n|win|abuzittin\n|raw|abuzittin's rating: 1231 &rarr; <strong>1257<\/strong><br \/>(+26 for winning)\n|raw|Funny Birds's rating: 1249 &rarr; <strong>1223<\/strong><br \/>(-26 for losing)\n|l|\u2606Funny Birds\n","uploadtime":1700069466,"views":23,"p1id":"abuzittin","p2id":"funnybirds","formatid":"gen9ou","rating":1223,"private":0,"password":""}