{"id":"gen9ou-2000042163","p1":"CFgenesis","p2":"debabrat","format":"[Gen 9] OU","log":"|j|\u2606CFgenesis\n|j|\u2606debabrat\n|t:|1701145019\n|gametype|singles\n|player|p1|CFgenesis|170|1109\n|player|p2|debabrat|brycenman|1154\n|teamsize|p1|6\n|teamsize|p2|6\n|gen|9\n|tier|[Gen 9] OU\n|rated|\n|rule|Sleep Clause Mod: Limit one foe put to sleep\n|rule|Species Clause: Limit one of each Pok\u00e9mon\n|rule|OHKO Clause: OHKO moves are banned\n|rule|Evasion Items Clause: Evasion items are banned\n|rule|Evasion Moves Clause: Evasion moves are banned\n|rule|Endless Battle Clause: Forcing endless battles is banned\n|rule|HP Percentage Mod: HP is shown in percentages\n|clearpoke\n|poke|p1|Dragapult, M|\n|poke|p1|Iron Valiant|\n|poke|p1|Ninetales-Alola, M|\n|poke|p1|Great Tusk|\n|poke|p1|Ogerpon-Wellspring, F|\n|poke|p1|Hydreigon, M|\n|poke|p2|Great Tusk|\n|poke|p2|Slowking-Galar, F|\n|poke|p2|Dondozo, F|\n|poke|p2|Jolteon, M|\n|poke|p2|Mandibuzz, F|\n|poke|p2|Heatran, M|\n|teampreview\n|inactive|Battle timer is ON: inactive players will automatically lose when time's up. (requested by debabrat)\n|\n|t:|1701145032\n|start\n|switch|p1a: Hydreigon|Hydreigon, M|100\/100\n|switch|p2a: Slowking|Slowking-Galar, F|100\/100\n|turn|1\n|\n|t:|1701145039\n|move|p1a: Hydreigon|Focus Energy|p1a: Hydreigon\n|-start|p1a: Hydreigon|move: Focus Energy\n|move|p2a: Slowking|Focus Blast|p1a: Hydreigon\n|-supereffective|p1a: Hydreigon\n|-damage|p1a: Hydreigon|36\/100\n|\n|upkeep\n|turn|2\n|\n|t:|1701145049\n|switch|p2a: Mandibuzz|Mandibuzz, F|100\/100\n|move|p1a: Hydreigon|Dark Pulse|p2a: Mandibuzz\n|-resisted|p2a: Mandibuzz\n|-crit|p2a: Mandibuzz\n|-damage|p2a: Mandibuzz|73\/100\n|\n|upkeep\n|turn|3\n|\n|t:|1701145056\n|move|p1a: Hydreigon|Draco Meteor|p2a: Mandibuzz\n|-crit|p2a: Mandibuzz\n|-damage|p2a: Mandibuzz|0 fnt\n|-unboost|p1a: Hydreigon|spa|2\n|faint|p2a: Mandibuzz\n|\n|upkeep\n|\n|t:|1701145063\n|switch|p2a: Jolteon|Jolteon, M|100\/100\n|turn|4\n|\n|t:|1701145071\n|-terastallize|p2a: Jolteon|Ice\n|move|p2a: Jolteon|Tera Blast|p1a: Hydreigon|[anim] Tera Blast Ice\n|-supereffective|p1a: Hydreigon\n|-damage|p1a: Hydreigon|0 fnt\n|faint|p1a: Hydreigon\n|\n|upkeep\n|\n|t:|1701145088\n|switch|p1a: Ninetales|Ninetales-Alola, M, shiny|100\/100\n|-weather|Snow|[from] ability: Snow Warning|[of] p1a: Ninetales\n|turn|5\n|\n|t:|1701145093\n|switch|p2a: Slowking|Slowking-Galar, F|100\/100\n|move|p1a: Ninetales|Aurora Veil|p1a: Ninetales\n|-sidestart|p1: CFgenesis|move: Aurora Veil\n|\n|-weather|Snow|[upkeep]\n|upkeep\n|turn|6\n|\n|t:|1701145099\n|move|p1a: Ninetales|Blizzard|p2a: Slowking\n|-damage|p2a: Slowking|71\/100\n|move|p2a: Slowking|Future Sight|p1a: Ninetales\n|-start|p2a: Slowking|move: Future Sight\n|\n|-weather|Snow|[upkeep]\n|upkeep\n|turn|7\n|\n|t:|1701145106\n|move|p1a: Ninetales|Blizzard|p2a: Slowking\n|-damage|p2a: Slowking|41\/100\n|move|p2a: Slowking|Focus Blast|p1a: Ninetales|[miss]\n|-miss|p2a: Slowking|p1a: Ninetales\n|\n|-weather|Snow|[upkeep]\n|upkeep\n|turn|8\n|\n|t:|1701145115\n|switch|p2a: Dondozo|Dondozo, F|100\/100\n|move|p1a: Ninetales|Blizzard|p2a: Dondozo\n|-resisted|p2a: Dondozo\n|-damage|p2a: Dondozo|86\/100\n|\n|-weather|Snow|[upkeep]\n|-end|p1a: Ninetales|move: Future Sight\n|-damage|p1a: Ninetales|73\/100\n|-heal|p2a: Dondozo|92\/100|[from] item: Leftovers\n|upkeep\n|turn|9\n|\n|t:|1701145121\n|move|p1a: Ninetales|Freeze-Dry|p2a: Dondozo\n|-supereffective|p2a: Dondozo\n|-damage|p2a: Dondozo|58\/100\n|move|p2a: Dondozo|Curse|p2a: Dondozo\n|-unboost|p2a: Dondozo|spe|1\n|-boost|p2a: Dondozo|atk|1\n|-boost|p2a: Dondozo|def|1\n|\n|-weather|none\n|-heal|p2a: Dondozo|65\/100|[from] item: Leftovers\n|upkeep\n|turn|10\n|\n|t:|1701145131\n|switch|p2a: Heatran|Heatran, M|100\/100\n|move|p1a: Ninetales|Freeze-Dry|p2a: Heatran\n|-resisted|p2a: Heatran\n|-damage|p2a: Heatran|96\/100\n|\n|-heal|p2a: Heatran|100\/100|[from] item: Leftovers\n|upkeep\n|turn|11\n|\n|t:|1701145139\n|switch|p1a: Great Tusk|Great Tusk|100\/100\n|move|p2a: Heatran|Magma Storm|p1a: Great Tusk\n|-damage|p1a: Great Tusk|81\/100\n|-activate|p1a: Great Tusk|move: Magma Storm|[of] p2a: Heatran\n|\n|-damage|p1a: Great Tusk|69\/100|[from] move: Magma Storm|[partiallytrapped]\n|upkeep\n|turn|12\n|\n|t:|1701145151\n|move|p2a: Heatran|Protect|p2a: Heatran\n|-singleturn|p2a: Heatran|Protect\n|move|p1a: Great Tusk|Rapid Spin|p2a: Heatran\n|-activate|p2a: Heatran|move: Protect\n|\n|-damage|p1a: Great Tusk|56\/100|[from] move: Magma Storm|[partiallytrapped]\n|-sideend|p1: CFgenesis|move: Aurora Veil\n|upkeep\n|turn|13\n|\n|t:|1701145162\n|move|p1a: Great Tusk|Earthquake|p2a: Heatran\n|-supereffective|p2a: Heatran\n|-damage|p2a: Heatran|0 fnt\n|faint|p2a: Heatran\n|\n|-end|p1a: Great Tusk|Magma Storm|[partiallytrapped]|[silent]\n|upkeep\n|\n|t:|1701145173\n|switch|p2a: Jolteon|Jolteon, M, tera:Ice|100\/100\n|turn|14\n|\n|t:|1701145177\n|move|p2a: Jolteon|Tera Blast|p1a: Great Tusk|[anim] Tera Blast Ice\n|-supereffective|p1a: Great Tusk\n|-damage|p1a: Great Tusk|0 fnt\n|faint|p1a: Great Tusk\n|-end|p1a: Great Tusk|Protosynthesis|[silent]\n|\n|upkeep\n|\n|t:|1701145187\n|switch|p1a: Ninetales|Ninetales-Alola, M, shiny|73\/100\n|-weather|Snow|[from] ability: Snow Warning|[of] p1a: Ninetales\n|turn|15\n|\n|t:|1701145194\n|switch|p2a: Slowking|Slowking-Galar, F|74\/100\n|move|p1a: Ninetales|Aurora Veil|p1a: Ninetales\n|-sidestart|p1: CFgenesis|move: Aurora Veil\n|\n|-weather|Snow|[upkeep]\n|upkeep\n|turn|16\n|\n|t:|1701145203\n|move|p1a: Ninetales|Blizzard|p2a: Slowking\n|-damage|p2a: Slowking|43\/100\n|move|p2a: Slowking|Focus Blast|p1a: Ninetales\n|-damage|p1a: Ninetales|56\/100\n|\n|-weather|Snow|[upkeep]\n|upkeep\n|turn|17\n|\n|t:|1701145222\n|switch|p2a: Dondozo|Dondozo, F|65\/100\n|move|p1a: Ninetales|Freeze-Dry|p2a: Dondozo\n|-supereffective|p2a: Dondozo\n|-damage|p2a: Dondozo|31\/100\n|\n|-weather|Snow|[upkeep]\n|-heal|p2a: Dondozo|37\/100|[from] item: Leftovers\n|upkeep\n|turn|18\n|\n|t:|1701145232\n|switch|p2a: Jolteon|Jolteon, M, tera:Ice|100\/100\n|move|p1a: Ninetales|Freeze-Dry|p2a: Jolteon\n|-resisted|p2a: Jolteon\n|-damage|p2a: Jolteon|82\/100\n|\n|-weather|Snow|[upkeep]\n|upkeep\n|turn|19\n|\n|t:|1701145239\n|move|p2a: Jolteon|Thunderbolt|p1a: Ninetales\n|-damage|p1a: Ninetales|16\/100\n|move|p1a: Ninetales|Moonblast|p2a: Jolteon\n|-damage|p2a: Jolteon|35\/100\n|\n|-weather|none\n|upkeep\n|turn|20\n|\n|t:|1701145246\n|move|p2a: Jolteon|Thunderbolt|p1a: Ninetales\n|-damage|p1a: Ninetales|0 fnt\n|faint|p1a: Ninetales\n|\n|upkeep\n|\n|t:|1701145250\n|switch|p1a: Dragapult|Dragapult, M, shiny|100\/100\n|turn|21\n|\n|t:|1701145259\n|switch|p2a: Great Tusk|Great Tusk|100\/100\n|move|p1a: Dragapult|Sucker Punch||[still]\n|-fail|p1a: Dragapult\n|\n|upkeep\n|turn|22\n|\n|t:|1701145265\n|switch|p1a: Ogerpon|Ogerpon-Wellspring, F|100\/100\n|move|p2a: Great Tusk|Ice Spinner|p1a: Ogerpon\n|-damage|p1a: Ogerpon|85\/100\n|\n|-sideend|p1: CFgenesis|move: Aurora Veil\n|upkeep\n|turn|23\n|\n|t:|1701145276\n|move|p1a: Ogerpon|Swords Dance|p1a: Ogerpon\n|-boost|p1a: Ogerpon|atk|2\n|move|p2a: Great Tusk|Megahorn|p1a: Ogerpon\n|-supereffective|p1a: Ogerpon\n|-damage|p1a: Ogerpon|0 fnt\n|faint|p1a: Ogerpon\n|\n|upkeep\n|c|\u2606CFgenesis|MEGA HORN GREAT TUSK????????\n|c|\u2606CFgenesis|damn\n|c|\u2606CFgenesis|K\n|inactive|CFgenesis has 120 seconds left.\n|c|\u2606CFgenesis|Gg\n|\n|t:|1701145310\n|switch|p1a: Iron Valiant|Iron Valiant, shiny|100\/100\n|-enditem|p1a: Iron Valiant|Booster Energy\n|-activate|p1a: Iron Valiant|ability: Quark Drive|[fromitem]\n|-start|p1a: Iron Valiant|quarkdrivespe\n|turn|24\n|inactive|CFgenesis has 120 seconds left.\n|\n|t:|1701145323\n|-end|p2a: Great Tusk|Protosynthesis|[silent]\n|switch|p2a: Slowking|Slowking-Galar, F|77\/100\n|-terastallize|p1a: Iron Valiant|Fairy\n|move|p1a: Iron Valiant|Moonblast|p2a: Slowking\n|-resisted|p2a: Slowking\n|-damage|p2a: Slowking|53\/100\n|-unboost|p2a: Slowking|spa|1\n|\n|upkeep\n|turn|25\n|inactive|CFgenesis has 120 seconds left.\n|\n|t:|1701145345\n|move|p1a: Iron Valiant|Calm Mind|p1a: Iron Valiant\n|-boost|p1a: Iron Valiant|spa|1\n|-boost|p1a: Iron Valiant|spd|1\n|move|p2a: Slowking|Ice Beam|p1a: Iron Valiant\n|-damage|p1a: Iron Valiant|81\/100\n|\n|upkeep\n|turn|26\n|\n|t:|1701145354\n|move|p1a: Iron Valiant|Calm Mind|p1a: Iron Valiant\n|-boost|p1a: Iron Valiant|spa|1\n|-boost|p1a: Iron Valiant|spd|1\n|move|p2a: Slowking|Chilly Reception|p2a: Slowking\n|-weather|Snow\n|\n|t:|1701145357\n|switch|p2a: Dondozo|Dondozo, F|37\/100|[from] Chilly Reception\n|\n|-weather|Snow|[upkeep]\n|-heal|p2a: Dondozo|43\/100|[from] item: Leftovers\n|upkeep\n|turn|27\n|\n|t:|1701145366\n|move|p1a: Iron Valiant|Moonblast|p2a: Dondozo\n|-damage|p2a: Dondozo|5\/100\n|move|p2a: Dondozo|Rest|p2a: Dondozo\n|-status|p2a: Dondozo|slp|[from] move: Rest\n|-heal|p2a: Dondozo|100\/100 slp|[silent]\n|\n|-weather|Snow|[upkeep]\n|upkeep\n|turn|28\n|\n|t:|1701145373\n|move|p1a: Iron Valiant|Thunderbolt|p2a: Dondozo\n|-supereffective|p2a: Dondozo\n|-damage|p2a: Dondozo|64\/100 slp\n|cant|p2a: Dondozo|slp\n|move|p2a: Dondozo|Sleep Talk|p2a: Dondozo\n|move|p2a: Dondozo|Rest||[from]move: Sleep Talk|[still]\n|-fail|p2a: Dondozo\n|\n|-weather|Snow|[upkeep]\n|-heal|p2a: Dondozo|70\/100 slp|[from] item: Leftovers\n|upkeep\n|turn|29\n|\n|t:|1701145385\n|switch|p2a: Jolteon|Jolteon, M, tera:Ice|35\/100\n|move|p1a: Iron Valiant|Thunderbolt|p2a: Jolteon\n|-heal|p2a: Jolteon|60\/100|[from] ability: Volt Absorb|[of] p1a: Iron Valiant\n|\n|-weather|Snow|[upkeep]\n|upkeep\n|turn|30\n|\n|t:|1701145398\n|switch|p2a: Dondozo|Dondozo, F|70\/100 slp\n|move|p1a: Iron Valiant|Moonblast|p2a: Dondozo\n|-damage|p2a: Dondozo|33\/100 slp\n|\n|-weather|none\n|-heal|p2a: Dondozo|39\/100 slp|[from] item: Leftovers\n|upkeep\n|turn|31\n|\n|t:|1701145406\n|move|p1a: Iron Valiant|Moonblast|p2a: Dondozo\n|-damage|p2a: Dondozo|0 fnt\n|faint|p2a: Dondozo\n|\n|upkeep\n|\n|t:|1701145416\n|switch|p2a: Great Tusk|Great Tusk|100\/100\n|turn|32\n|-message|debabrat forfeited.\n|\n|win|CFgenesis\n|raw|CFgenesis's rating: 1109 &rarr; <strong>1137<\/strong><br \/>(+28 for winning)\n|raw|debabrat's rating: 1154 &rarr; <strong>1126<\/strong><br \/>(-28 for losing)\n|l|\u2606debabrat\n","uploadtime":1701145428,"views":2,"p1id":"cfgenesis","p2id":"debabrat","formatid":"gen9ou","rating":1126,"private":0,"password":""}