{"id":"gen9ou-1992963450","p1":"toiletstinkersreal","p2":"SquareHamburger","format":"[Gen 9] OU","log":"|j|\u2606toiletstinkersreal\n|j|\u2606SquareHamburger\n|t:|1700250764\n|gametype|singles\n|player|p1|toiletstinkersreal|169|1077\n|player|p2|SquareHamburger|waiter-gen4|1099\n|teamsize|p1|6\n|teamsize|p2|6\n|gen|9\n|tier|[Gen 9] OU\n|rated|\n|rule|Sleep Clause Mod: Limit one foe put to sleep\n|rule|Species Clause: Limit one of each Pok\u00e9mon\n|rule|OHKO Clause: OHKO moves are banned\n|rule|Evasion Items Clause: Evasion items are banned\n|rule|Evasion Moves Clause: Evasion moves are banned\n|rule|Endless Battle Clause: Forcing endless battles is banned\n|rule|HP Percentage Mod: HP is shown in percentages\n|clearpoke\n|poke|p1|Ceruledge, M|\n|poke|p1|Dondozo, F|\n|poke|p1|Great Tusk|\n|poke|p1|Hatterene, F|\n|poke|p1|Zapdos|\n|poke|p1|Ninetales, M|\n|poke|p2|Hatterene, F|\n|poke|p2|Manaphy|\n|poke|p2|Ninetales-Alola, M|\n|poke|p2|Kingambit, F|\n|poke|p2|Rillaboom, F|\n|poke|p2|Ribombee, M|\n|teampreview\n|inactive|Battle timer is ON: inactive players will automatically lose when time's up. (requested by SquareHamburger)\n|inactive|SquareHamburger has 120 seconds left.\n|inactive|SquareHamburger has 90 seconds left.\n|inactive|SquareHamburger has 60 seconds left.\n|\n|t:|1700250856\n|start\n|switch|p1a: Great Tusk|Great Tusk|100\/100\n|switch|p2a: Rillaboom|Rillaboom, F, shiny|100\/100\n|-fieldstart|move: Grassy Terrain|[from] ability: Grassy Surge|[of] p2a: Rillaboom\n|-enditem|p1a: Great Tusk|Booster Energy\n|-activate|p1a: Great Tusk|ability: Protosynthesis|[fromitem]\n|-start|p1a: Great Tusk|protosynthesisatk\n|turn|1\n|inactive|SquareHamburger has 120 seconds left.\n|\n|t:|1700250870\n|move|p1a: Great Tusk|Stealth Rock|p2a: Rillaboom\n|-sidestart|p2: SquareHamburger|move: Stealth Rock\n|move|p2a: Rillaboom|Drum Beating|p1a: Great Tusk\n|-supereffective|p1a: Great Tusk\n|-damage|p1a: Great Tusk|19\/100\n|-unboost|p1a: Great Tusk|spe|1\n|\n|-heal|p1a: Great Tusk|25\/100|[from] Grassy Terrain\n|upkeep\n|turn|2\n|\n|t:|1700250881\n|-end|p1a: Great Tusk|Protosynthesis|[silent]\n|switch|p1a: Ninetales|Ninetales, M|100\/100\n|-weather|SunnyDay|[from] ability: Drought|[of] p1a: Ninetales\n|move|p2a: Rillaboom|Drum Beating|p1a: Ninetales\n|-resisted|p1a: Ninetales\n|-damage|p1a: Ninetales|61\/100\n|-unboost|p1a: Ninetales|spe|1\n|\n|-weather|SunnyDay|[upkeep]\n|-heal|p1a: Ninetales|67\/100|[from] Grassy Terrain\n|upkeep\n|turn|3\n|inactive|SquareHamburger has 120 seconds left.\n|\n|t:|1700250901\n|move|p2a: Rillaboom|Knock Off|p1a: Ninetales\n|-damage|p1a: Ninetales|14\/100\n|-enditem|p1a: Ninetales|Heavy-Duty Boots|[from] move: Knock Off|[of] p2a: Rillaboom\n|move|p1a: Ninetales|Substitute|p1a: Ninetales\n|-fail|p1a: Ninetales|move: Substitute|[weak]\n|\n|-weather|SunnyDay|[upkeep]\n|-heal|p1a: Ninetales|20\/100|[from] Grassy Terrain\n|upkeep\n|turn|4\n|\n|t:|1700250911\n|move|p2a: Rillaboom|Knock Off|p1a: Ninetales\n|-damage|p1a: Ninetales|0 fnt\n|faint|p1a: Ninetales\n|\n|-weather|SunnyDay|[upkeep]\n|upkeep\n|\n|t:|1700250917\n|switch|p1a: Ceruledge|Ceruledge, M|100\/100\n|turn|5\n|\n|t:|1700250926\n|move|p1a: Ceruledge|Will-O-Wisp|p2a: Rillaboom\n|-status|p2a: Rillaboom|brn\n|move|p2a: Rillaboom|Knock Off|p1a: Ceruledge\n|-supereffective|p1a: Ceruledge\n|-damage|p1a: Ceruledge|47\/100\n|-enditem|p1a: Ceruledge|Expert Belt|[from] move: Knock Off|[of] p2a: Rillaboom\n|\n|-weather|SunnyDay|[upkeep]\n|-heal|p1a: Ceruledge|53\/100|[from] Grassy Terrain\n|-damage|p2a: Rillaboom|94\/100 brn|[from] brn\n|upkeep\n|turn|6\n|\n|t:|1700250941\n|-terastallize|p1a: Ceruledge|Grass\n|move|p1a: Ceruledge|Bitter Blade|p2a: Rillaboom\n|-supereffective|p2a: Rillaboom\n|-damage|p2a: Rillaboom|0 fnt\n|-heal|p1a: Ceruledge|100\/100|[from] drain|[of] p2a: Rillaboom\n|faint|p2a: Rillaboom\n|\n|-weather|none\n|upkeep\n|\n|t:|1700250953\n|switch|p2a: Ninetales|Ninetales-Alola, M, shiny|100\/100\n|-damage|p2a: Ninetales|76\/100|[from] Stealth Rock\n|-weather|Snow|[from] ability: Snow Warning|[of] p2a: Ninetales\n|turn|7\n|\n|t:|1700250962\n|-terastallize|p2a: Ninetales|Ice\n|move|p2a: Ninetales|Blizzard|p1a: Ceruledge\n|-supereffective|p1a: Ceruledge\n|-damage|p1a: Ceruledge|7\/100\n|move|p1a: Ceruledge|Bitter Blade|p2a: Ninetales\n|-supereffective|p2a: Ninetales\n|-damage|p2a: Ninetales|2\/100\n|-heal|p1a: Ceruledge|51\/100|[from] drain|[of] p2a: Ninetales\n|\n|-weather|Snow|[upkeep]\n|-heal|p2a: Ninetales|8\/100|[from] Grassy Terrain\n|-heal|p1a: Ceruledge|58\/100|[from] Grassy Terrain\n|upkeep\n|turn|8\n|\n|t:|1700250978\n|switch|p1a: Dondozo|Dondozo, F|100\/100\n|move|p2a: Ninetales|Aurora Veil|p2a: Ninetales\n|-sidestart|p2: SquareHamburger|move: Aurora Veil\n|\n|-weather|Snow|[upkeep]\n|-heal|p2a: Ninetales|14\/100|[from] Grassy Terrain\n|-fieldend|move: Grassy Terrain\n|upkeep\n|turn|9\n|\n|t:|1700250987\n|move|p2a: Ninetales|Blizzard|p1a: Dondozo\n|-resisted|p1a: Dondozo\n|-damage|p1a: Dondozo|79\/100\n|move|p1a: Dondozo|Heavy Slam|p2a: Ninetales\n|-supereffective|p2a: Ninetales\n|-damage|p2a: Ninetales|0 fnt\n|faint|p2a: Ninetales\n|\n|-weather|Snow|[upkeep]\n|upkeep\n|\n|t:|1700250990\n|switch|p2a: Ribombee|Ribombee, M|100\/100\n|-damage|p2a: Ribombee|76\/100|[from] Stealth Rock\n|turn|10\n|\n|t:|1700251006\n|move|p2a: Ribombee|Sticky Web|p1a: Dondozo\n|-sidestart|p1: toiletstinkersreal|move: Sticky Web\n|move|p1a: Dondozo|Yawn|p2a: Ribombee\n|-start|p2a: Ribombee|move: Yawn|[of] p1a: Dondozo\n|\n|-weather|Snow|[upkeep]\n|upkeep\n|turn|11\n|\n|t:|1700251017\n|move|p2a: Ribombee|Stun Spore|p1a: Dondozo|[miss]\n|-miss|p2a: Ribombee|p1a: Dondozo\n|move|p1a: Dondozo|Waterfall|p2a: Ribombee\n|-damage|p2a: Ribombee|41\/100\n|\n|-weather|none\n|-end|p2a: Ribombee|move: Yawn|[silent]\n|-status|p2a: Ribombee|slp\n|upkeep\n|turn|12\n|\n|t:|1700251029\n|switch|p2a: Hatterene|Hatterene, F|100\/100\n|-damage|p2a: Hatterene|88\/100|[from] Stealth Rock\n|move|p1a: Dondozo|Heavy Slam|p2a: Hatterene\n|-supereffective|p2a: Hatterene\n|-damage|p2a: Hatterene|51\/100\n|-enditem|p2a: Hatterene|Eject Button\n|\n|t:|1700251034\n|switch|p2a: Manaphy|Manaphy|100\/100\n|-damage|p2a: Manaphy|88\/100|[from] Stealth Rock\n|\n|-heal|p2a: Manaphy|94\/100|[from] item: Leftovers\n|upkeep\n|turn|13\n|\n|t:|1700251044\n|move|p2a: Manaphy|Substitute|p2a: Manaphy\n|-start|p2a: Manaphy|Substitute\n|-damage|p2a: Manaphy|70\/100\n|move|p1a: Dondozo|Yawn||[still]\n|-fail|p1a: Dondozo\n|\n|-heal|p2a: Manaphy|76\/100|[from] item: Leftovers\n|upkeep\n|turn|14\n|\n|t:|1700251053\n|move|p2a: Manaphy|Tail Glow|p2a: Manaphy\n|-boost|p2a: Manaphy|spa|3\n|move|p1a: Dondozo|Heavy Slam|p2a: Manaphy\n|-resisted|p2a: Manaphy\n|-activate|p2a: Manaphy|move: Substitute|[damage]\n|\n|-heal|p2a: Manaphy|82\/100|[from] item: Leftovers\n|upkeep\n|turn|15\n|\n|t:|1700251063\n|move|p2a: Manaphy|Tail Glow|p2a: Manaphy\n|-boost|p2a: Manaphy|spa|3\n|move|p1a: Dondozo|Heavy Slam|p2a: Manaphy\n|-resisted|p2a: Manaphy\n|-activate|p2a: Manaphy|move: Substitute|[damage]\n|\n|-heal|p2a: Manaphy|88\/100|[from] item: Leftovers\n|-sideend|p2: SquareHamburger|move: Aurora Veil\n|upkeep\n|turn|16\n|\n|t:|1700251074\n|move|p2a: Manaphy|Surf|p1a: Dondozo\n|-resisted|p1a: Dondozo\n|-damage|p1a: Dondozo|61\/100\n|move|p1a: Dondozo|Waterfall|p2a: Manaphy\n|-resisted|p2a: Manaphy\n|-end|p2a: Manaphy|Substitute\n|\n|-heal|p2a: Manaphy|94\/100|[from] item: Leftovers\n|upkeep\n|turn|17\n|\n|t:|1700251085\n|move|p2a: Manaphy|Ice Beam|p1a: Dondozo\n|-resisted|p1a: Dondozo\n|-damage|p1a: Dondozo|49\/100\n|move|p1a: Dondozo|Yawn|p2a: Manaphy\n|-start|p2a: Manaphy|move: Yawn|[of] p1a: Dondozo\n|\n|-heal|p2a: Manaphy|99\/100|[from] item: Leftovers\n|upkeep\n|turn|18\n|\n|t:|1700251095\n|move|p2a: Manaphy|Substitute|p2a: Manaphy\n|-start|p2a: Manaphy|Substitute\n|-damage|p2a: Manaphy|75\/100\n|move|p1a: Dondozo|Rest|p1a: Dondozo\n|-status|p1a: Dondozo|slp|[from] move: Rest\n|-enditem|p1a: Dondozo|Lum Berry|[eat]\n|-curestatus|p1a: Dondozo|slp|[msg]\n|-heal|p1a: Dondozo|100\/100|[silent]\n|\n|-heal|p2a: Manaphy|81\/100|[from] item: Leftovers\n|-end|p2a: Manaphy|move: Yawn|[silent]\n|-message|Sleep Clause Mod activated.\n|-hint|Sleep Clause Mod prevents players from putting more than one of their opponent's Pok\u00e9mon to sleep at a time\n|upkeep\n|turn|19\n|\n|t:|1700251107\n|move|p2a: Manaphy|Ice Beam|p1a: Dondozo\n|-resisted|p1a: Dondozo\n|-damage|p1a: Dondozo|88\/100\n|move|p1a: Dondozo|Waterfall|p2a: Manaphy\n|-resisted|p2a: Manaphy\n|-activate|p2a: Manaphy|move: Substitute|[damage]\n|\n|-heal|p2a: Manaphy|88\/100|[from] item: Leftovers\n|upkeep\n|turn|20\n|\n|t:|1700251118\n|switch|p1a: Great Tusk|Great Tusk|25\/100\n|-activate|p1a: Great Tusk|move: Sticky Web\n|-unboost|p1a: Great Tusk|spe|1\n|move|p2a: Manaphy|Ice Beam|p1a: Great Tusk\n|-supereffective|p1a: Great Tusk\n|-crit|p1a: Great Tusk\n|-damage|p1a: Great Tusk|0 fnt\n|faint|p1a: Great Tusk\n|-end|p1a: Great Tusk|Protosynthesis|[silent]\n|\n|-heal|p2a: Manaphy|94\/100|[from] item: Leftovers\n|upkeep\n|\n|t:|1700251136\n|switch|p1a: Hatterene|Hatterene, F|100\/100\n|-activate|p1a: Hatterene|move: Sticky Web\n|-unboost|p1a: Hatterene|spe|1\n|turn|21\n|\n|t:|1700251146\n|move|p2a: Manaphy|Surf|p1a: Hatterene\n|-damage|p1a: Hatterene|0 fnt\n|faint|p1a: Hatterene\n|\n|-heal|p2a: Manaphy|99\/100|[from] item: Leftovers\n|upkeep\n|-message|toiletstinkersreal forfeited.\n|\n|win|SquareHamburger\n|raw|toiletstinkersreal's rating: 1077 &rarr; <strong>1057<\/strong><br \/>(-20 for losing)\n|raw|SquareHamburger's rating: 1099 &rarr; <strong>1123<\/strong><br \/>(+24 for winning)\n|l|\u2606toiletstinkersreal\n","uploadtime":1700251156,"views":10,"p1id":"toiletstinkersreal","p2id":"squarehamburger","formatid":"gen9ou","rating":1057,"private":0,"password":""}