{"id":"gen9ou-2000145142","p1":"dgzdr","p2":"lasandoo7","format":"[Gen 9] OU","log":"|j|\u2606dgzdr\n|j|\u2606lasandoo7\n|inactive|Battle timer is ON: inactive players will automatically lose when time's up.\n|t:|1701162697\n|gametype|singles\n|player|p1|dgzdr|1|\n|player|p2|lasandoo7|n|\n|teamsize|p1|4\n|teamsize|p2|4\n|gen|9\n|tier|[Gen 9] OU\n|rated|Tournament battle\n|rule|Sleep Clause Mod: Limit one foe put to sleep\n|rule|Species Clause: Limit one of each Pok\u00e9mon\n|rule|OHKO Clause: OHKO moves are banned\n|rule|Evasion Items Clause: Evasion items are banned\n|rule|Evasion Moves Clause: Evasion moves are banned\n|rule|Endless Battle Clause: Forcing endless battles is banned\n|rule|HP Percentage Mod: HP is shown in percentages\n|clearpoke\n|poke|p1|Abomasnow, M|\n|poke|p1|Cetitan, M|\n|poke|p1|Breloom, F|\n|poke|p1|Drednaw, M|\n|poke|p2|Snorlax, F|\n|poke|p2|Drizzile, M|\n|poke|p2|Luxray, F|\n|poke|p2|Garchomp, M|\n|teampreview\n|j|*Lady Monita \u2746\n|c|\u2606dgzdr|glhf\n|j| cobaya fighter\n|c|\u2606lasandoo7|glhf\n|\n|t:|1701162715\n|start\n|switch|p1a: Abominanieve|Abomasnow, M|100\/100\n|switch|p2a: Luxray|Luxray, F|100\/100\n|-weather|Snow|[from] ability: Snow Warning|[of] p1a: Abominanieve\n|-ability|p2a: Luxray|Intimidate|boost\n|-unboost|p1a: Abominanieve|atk|1\n|turn|1\n|\n|t:|1701162722\n|move|p1a: Abominanieve|Aurora Veil|p1a: Abominanieve\n|-sidestart|p1: dgzdr|move: Aurora Veil\n|move|p2a: Luxray|Fire Fang|p1a: Abominanieve\n|-supereffective|p1a: Abominanieve\n|-damage|p1a: Abominanieve|47\/100\n|\n|-weather|Snow|[upkeep]\n|upkeep\n|turn|2\n|\n|t:|1701162730\n|move|p1a: Abominanieve|Earth Power|p2a: Luxray\n|-supereffective|p2a: Luxray\n|-damage|p2a: Luxray|35\/100\n|move|p2a: Luxray|Fire Fang|p1a: Abominanieve\n|-supereffective|p1a: Abominanieve\n|-damage|p1a: Abominanieve|0 fnt\n|faint|p1a: Abominanieve\n|\n|-weather|Snow|[upkeep]\n|upkeep\n|\n|t:|1701162735\n|switch|p1a: Cetacetitan|Cetitan, M|100\/100\n|turn|3\n|\n|t:|1701162738\n|move|p1a: Cetacetitan|Belly Drum|p1a: Cetacetitan\n|-damage|p1a: Cetacetitan|50\/100\n|-setboost|p1a: Cetacetitan|atk|6|[from] move: Belly Drum\n|-enditem|p1a: Cetacetitan|Sitrus Berry|[eat]\n|-heal|p1a: Cetacetitan|75\/100|[from] item: Sitrus Berry\n|move|p2a: Luxray|Fire Fang|p1a: Cetacetitan\n|-supereffective|p1a: Cetacetitan\n|-damage|p1a: Cetacetitan|55\/100\n|\n|-weather|Snow|[upkeep]\n|upkeep\n|turn|4\n|\n|t:|1701162747\n|move|p1a: Cetacetitan|Ice Shard|p2a: Luxray\n|-damage|p2a: Luxray|0 fnt\n|faint|p2a: Luxray\n|\n|-weather|Snow|[upkeep]\n|upkeep\n|\n|t:|1701162757\n|switch|p2a: Snorlax|Snorlax, F|100\/100\n|turn|5\n|\n|t:|1701162766\n|move|p1a: Cetacetitan|Earthquake|p2a: Snorlax\n|-damage|p2a: Snorlax|0 fnt\n|faint|p2a: Snorlax\n|\n|-weather|Snow|[upkeep]\n|-sideend|p1: dgzdr|move: Aurora Veil\n|upkeep\n|\n|t:|1701162769\n|switch|p2a: Drizzile|Drizzile, M|100\/100\n|turn|6\n|\n|t:|1701162776\n|move|p2a: Drizzile|Protect|p2a: Drizzile\n|-singleturn|p2a: Drizzile|Protect\n|move|p1a: Cetacetitan|Earthquake|p2a: Drizzile\n|-activate|p2a: Drizzile|move: Protect\n|\n|-weather|Snow|[upkeep]\n|upkeep\n|turn|7\n|j| Legobff\n|\n|t:|1701162784\n|move|p1a: Cetacetitan|Earthquake|p2a: Drizzile\n|-damage|p2a: Drizzile|0 fnt\n|faint|p2a: Drizzile\n|\n|-weather|Snow|[upkeep]\n|upkeep\n|\n|t:|1701162786\n|switch|p2a: Garchomp|Garchomp, M|100\/100\n|turn|8\n|c|\u2606dgzdr|gg\n|\n|t:|1701162795\n|move|p1a: Cetacetitan|Ice Shard|p2a: Garchomp\n|-supereffective|p2a: Garchomp\n|-damage|p2a: Garchomp|0 fnt\n|faint|p2a: Garchomp\n|\n|win|dgzdr\n|n|\u2606dgzdr|dgzdr\n|n|\u2606lasandoo7|lasandoo7\n|n|*Lady Monita \u2746|ladymonita\n|n| cobaya fighter|cobayafighter\n|n| Legobff|legobff\n","uploadtime":1701162796,"views":2,"p1id":"dgzdr","p2id":"lasandoo7","formatid":"gen9ou","rating":0,"private":0,"password":""}