{"id":"gen9ou-1989422731","p1":"Heihachi Mishima","p2":"Prav33n","format":"[Gen 9] OU","log":"|j|\u2606Heihachi Mishima\n|j|\u2606Prav33n\n|t:|1699848295\n|gametype|singles\n|player|p1|Heihachi Mishima|bruno-gen1rb|1534\n|player|p2|Prav33n|swimmer-gen4|1486\n|teamsize|p1|6\n|teamsize|p2|6\n|gen|9\n|tier|[Gen 9] OU\n|rated|\n|rule|Sleep Clause Mod: Limit one foe put to sleep\n|rule|Species Clause: Limit one of each Pok\u00e9mon\n|rule|OHKO Clause: OHKO moves are banned\n|rule|Evasion Items Clause: Evasion items are banned\n|rule|Evasion Moves Clause: Evasion moves are banned\n|rule|Endless Battle Clause: Forcing endless battles is banned\n|rule|HP Percentage Mod: HP is shown in percentages\n|clearpoke\n|poke|p1|Heatran, F|\n|poke|p1|Enamorus, F|\n|poke|p1|Great Tusk|\n|poke|p1|Slowking-Galar, M|\n|poke|p1|Cinderace, F|\n|poke|p1|Walking Wake|\n|poke|p2|Rillaboom, F|\n|poke|p2|Sneasler, M|\n|poke|p2|Ogerpon-Wellspring, F|\n|poke|p2|Dragapult, F|\n|poke|p2|Heatran, M|\n|poke|p2|Great Tusk|\n|teampreview\n|inactive|Battle timer is ON: inactive players will automatically lose when time's up. (requested by Heihachi Mishima)\n|\n|t:|1699848313\n|start\n|switch|p1a: Cinderace|Cinderace, F|100\/100\n|switch|p2a: Great Tusk|Great Tusk|100\/100\n|turn|1\n|\n|t:|1699848317\n|-end|p2a: Great Tusk|Protosynthesis|[silent]\n|switch|p2a: Heatran|Heatran, M|100\/100\n|move|p1a: Cinderace|U-turn|p2a: Heatran\n|-start|p1a: Cinderace|typechange|Bug|[from] ability: Libero\n|-resisted|p2a: Heatran\n|-damage|p2a: Heatran|93\/100\n|\n|t:|1699848320\n|switch|p1a: Walking Wake|Walking Wake|100\/100|[from] U-turn\n|\n|-heal|p2a: Heatran|99\/100|[from] item: Leftovers\n|upkeep\n|turn|2\n|\n|t:|1699848328\n|switch|p2a: Ogerpon|Ogerpon-Wellspring, F|100\/100\n|move|p1a: Walking Wake|Draco Meteor|p2a: Ogerpon\n|-damage|p2a: Ogerpon|0 fnt\n|-unboost|p1a: Walking Wake|spa|2\n|faint|p2a: Ogerpon\n|\n|upkeep\n|\n|t:|1699848332\n|switch|p2a: Dragapult|Dragapult, F|100\/100\n|turn|3\n|\n|t:|1699848336\n|-end|p1a: Walking Wake|Protosynthesis|[silent]\n|switch|p1a: Heatran|Heatran, F|100\/100\n|move|p2a: Dragapult|Substitute|p2a: Dragapult\n|-start|p2a: Dragapult|Substitute\n|-damage|p2a: Dragapult|76\/100\n|\n|-heal|p2a: Dragapult|82\/100|[from] item: Leftovers\n|upkeep\n|turn|4\n|\n|t:|1699848341\n|move|p2a: Dragapult|Hex|p1a: Heatran\n|-damage|p1a: Heatran|82\/100\n|move|p1a: Heatran|Earth Power|p2a: Dragapult\n|-end|p2a: Dragapult|Substitute\n|\n|-heal|p2a: Dragapult|88\/100|[from] item: Leftovers\n|-heal|p1a: Heatran|89\/100|[from] item: Leftovers\n|upkeep\n|turn|5\n|\n|t:|1699848350\n|switch|p2a: Great Tusk|Great Tusk|100\/100\n|move|p1a: Heatran|Lava Plume|p2a: Great Tusk\n|-damage|p2a: Great Tusk|48\/100\n|\n|-heal|p1a: Heatran|95\/100|[from] item: Leftovers\n|upkeep\n|turn|6\n|\n|t:|1699848360\n|switch|p1a: Great Tusk|Great Tusk|100\/100\n|move|p2a: Great Tusk|Rapid Spin|p1a: Great Tusk\n|-damage|p1a: Great Tusk|87\/100\n|-boost|p2a: Great Tusk|spe|1\n|\n|upkeep\n|turn|7\n|\n|t:|1699848367\n|move|p2a: Great Tusk|Headlong Rush|p1a: Great Tusk\n|-damage|p1a: Great Tusk|40\/100\n|-unboost|p2a: Great Tusk|def|1\n|-unboost|p2a: Great Tusk|spd|1\n|-enditem|p2a: Great Tusk|Eject Pack\n|\n|t:|1699848375\n|-end|p2a: Great Tusk|Protosynthesis|[silent]\n|switch|p2a: Dragapult|Dragapult, F|88\/100\n|move|p1a: Great Tusk|Knock Off|p2a: Dragapult\n|-supereffective|p2a: Dragapult\n|-damage|p2a: Dragapult|0 fnt\n|-enditem|p2a: Dragapult|Leftovers|[from] move: Knock Off|[of] p1a: Great Tusk\n|faint|p2a: Dragapult\n|\n|upkeep\n|\n|t:|1699848377\n|switch|p2a: Explouds 2nd bro|Rillaboom, F|100\/100\n|-fieldstart|move: Grassy Terrain|[from] ability: Grassy Surge|[of] p2a: Explouds 2nd bro\n|turn|8\n|\n|t:|1699848386\n|-end|p1a: Great Tusk|Protosynthesis|[silent]\n|switch|p1a: Heatran|Heatran, F|95\/100\n|move|p2a: Explouds 2nd bro|U-turn|p1a: Heatran\n|-resisted|p1a: Heatran\n|-damage|p1a: Heatran|88\/100\n|\n|t:|1699848392\n|switch|p2a: Great Tusk|Great Tusk|48\/100|[from] U-turn\n|\n|-heal|p2a: Great Tusk|55\/100|[from] Grassy Terrain\n|-heal|p1a: Heatran|94\/100|[from] Grassy Terrain\n|-heal|p1a: Heatran|99\/100|[from] item: Leftovers\n|upkeep\n|turn|9\n|\n|t:|1699848401\n|switch|p1a: Enamorus|Enamorus, F|100\/100\n|move|p2a: Great Tusk|Close Combat|p1a: Enamorus\n|-resisted|p1a: Enamorus\n|-damage|p1a: Enamorus|74\/100\n|-unboost|p2a: Great Tusk|def|1\n|-unboost|p2a: Great Tusk|spd|1\n|\n|-heal|p1a: Enamorus|80\/100|[from] item: Leftovers\n|-heal|p2a: Great Tusk|61\/100|[from] Grassy Terrain\n|upkeep\n|turn|10\n|inactive|Prav33n has 120 seconds left.\n|\n|t:|1699848445\n|move|p1a: Enamorus|Substitute|p1a: Enamorus\n|-start|p1a: Enamorus|Substitute\n|-damage|p1a: Enamorus|55\/100\n|move|p2a: Great Tusk|Ice Spinner|p1a: Enamorus\n|-supereffective|p1a: Enamorus\n|-end|p1a: Enamorus|Substitute\n|-fieldend|move: Grassy Terrain\n|\n|-heal|p1a: Enamorus|61\/100|[from] item: Leftovers\n|upkeep\n|turn|11\n|\n|t:|1699848453\n|-end|p2a: Great Tusk|Protosynthesis|[silent]\n|switch|p2a: Heatran|Heatran, M|99\/100\n|move|p1a: Enamorus|Moonblast|p2a: Heatran\n|-resisted|p2a: Heatran\n|-damage|p2a: Heatran|91\/100\n|-unboost|p2a: Heatran|spa|1\n|\n|-heal|p1a: Enamorus|68\/100|[from] item: Leftovers\n|-heal|p2a: Heatran|97\/100|[from] item: Leftovers\n|upkeep\n|turn|12\n|inactive|Prav33n has 120 seconds left.\n|\n|t:|1699848458\n|move|p1a: Enamorus|Substitute|p1a: Enamorus\n|-start|p1a: Enamorus|Substitute\n|-damage|p1a: Enamorus|43\/100\n|move|p2a: Heatran|Magma Storm|p1a: Enamorus\n|-end|p1a: Enamorus|Substitute\n|\n|-heal|p1a: Enamorus|49\/100|[from] item: Leftovers\n|-heal|p2a: Heatran|100\/100|[from] item: Leftovers\n|upkeep\n|turn|13\n|\n|t:|1699848461\n|move|p1a: Enamorus|Substitute|p1a: Enamorus\n|-start|p1a: Enamorus|Substitute\n|-damage|p1a: Enamorus|24\/100\n|move|p2a: Heatran|Taunt|p1a: Enamorus\n|-start|p1a: Enamorus|move: Taunt\n|\n|-heal|p1a: Enamorus|30\/100|[from] item: Leftovers\n|upkeep\n|turn|14\n|\n|t:|1699848464\n|switch|p2a: Explouds 2nd bro|Rillaboom, F|100\/100\n|-fieldstart|move: Grassy Terrain|[from] ability: Grassy Surge|[of] p2a: Explouds 2nd bro\n|move|p1a: Enamorus|Superpower|p2a: Explouds 2nd bro\n|-damage|p2a: Explouds 2nd bro|66\/100\n|-boost|p1a: Enamorus|atk|1\n|-boost|p1a: Enamorus|def|1\n|\n|-heal|p1a: Enamorus|36\/100|[from] item: Leftovers\n|-heal|p2a: Explouds 2nd bro|72\/100|[from] Grassy Terrain\n|upkeep\n|turn|15\n|\n|t:|1699848474\n|move|p2a: Explouds 2nd bro|Grassy Glide|p1a: Enamorus\n|-resisted|p1a: Enamorus\n|-end|p1a: Enamorus|Substitute\n|move|p1a: Enamorus|Superpower|p2a: Explouds 2nd bro\n|-crit|p2a: Explouds 2nd bro\n|-damage|p2a: Explouds 2nd bro|2\/100\n|-boost|p1a: Enamorus|atk|1\n|-boost|p1a: Enamorus|def|1\n|\n|-heal|p1a: Enamorus|43\/100|[from] item: Leftovers\n|-heal|p2a: Explouds 2nd bro|8\/100|[from] Grassy Terrain\n|upkeep\n|turn|16\n|\n|t:|1699848480\n|move|p2a: Explouds 2nd bro|Grassy Glide|p1a: Enamorus\n|-resisted|p1a: Enamorus\n|-damage|p1a: Enamorus|20\/100\n|move|p1a: Enamorus|Superpower|p2a: Explouds 2nd bro\n|-damage|p2a: Explouds 2nd bro|0 fnt\n|-boost|p1a: Enamorus|atk|1\n|-boost|p1a: Enamorus|def|1\n|faint|p2a: Explouds 2nd bro\n|\n|-heal|p1a: Enamorus|26\/100|[from] item: Leftovers\n|-end|p1a: Enamorus|move: Taunt\n|upkeep\n|\n|t:|1699848481\n|switch|p2a: Sneasler|Sneasler, M|100\/100\n|-enditem|p2a: Sneasler|Grassy Seed\n|-boost|p2a: Sneasler|def|1|[from] item: Grassy Seed\n|turn|17\n|\n|t:|1699848492\n|-terastallize|p1a: Enamorus|Steel\n|move|p2a: Sneasler|Dire Claw|p1a: Enamorus\n|-immune|p1a: Enamorus\n|move|p1a: Enamorus|Iron Head|p2a: Sneasler\n|-damage|p2a: Sneasler|18\/100\n|\n|-heal|p2a: Sneasler|24\/100|[from] Grassy Terrain\n|-heal|p1a: Enamorus|32\/100|[from] Grassy Terrain\n|-heal|p1a: Enamorus|39\/100|[from] item: Leftovers\n|upkeep\n|turn|18\n|\n|t:|1699848515\n|move|p2a: Sneasler|Close Combat|p1a: Enamorus\n|-supereffective|p1a: Enamorus\n|-damage|p1a: Enamorus|0 fnt\n|-unboost|p2a: Sneasler|def|1\n|-unboost|p2a: Sneasler|spd|1\n|faint|p1a: Enamorus\n|\n|-heal|p2a: Sneasler|30\/100|[from] Grassy Terrain\n|-fieldend|move: Grassy Terrain\n|upkeep\n|\n|t:|1699848522\n|switch|p1a: Walking Wake|Walking Wake|100\/100\n|turn|19\n|\n|t:|1699848539\n|move|p2a: Sneasler|Dire Claw|p1a: Walking Wake\n|-damage|p1a: Walking Wake|54\/100\n|-status|p1a: Walking Wake|psn\n|move|p1a: Walking Wake|Hydro Steam|p2a: Sneasler\n|-damage|p2a: Sneasler|0 fnt\n|faint|p2a: Sneasler\n|\n|-damage|p1a: Walking Wake|41\/100 psn|[from] psn\n|upkeep\n|\n|t:|1699848542\n|switch|p2a: Great Tusk|Great Tusk|61\/100\n|turn|20\n|\n|t:|1699848547\n|move|p1a: Walking Wake|Hydro Steam|p2a: Great Tusk\n|-supereffective|p2a: Great Tusk\n|-damage|p2a: Great Tusk|0 fnt\n|faint|p2a: Great Tusk\n|-end|p2a: Great Tusk|Protosynthesis|[silent]\n|\n|-damage|p1a: Walking Wake|29\/100 psn|[from] psn\n|upkeep\n|\n|t:|1699848548\n|switch|p2a: Heatran|Heatran, M|100\/100\n|turn|21\n|\n|t:|1699848554\n|-terastallize|p2a: Heatran|Grass\n|move|p1a: Walking Wake|Hydro Steam|p2a: Heatran\n|-resisted|p2a: Heatran\n|-damage|p2a: Heatran|82\/100\n|move|p2a: Heatran|Earth Power|p1a: Walking Wake\n|-damage|p1a: Walking Wake|0 fnt\n|faint|p1a: Walking Wake\n|-end|p1a: Walking Wake|Protosynthesis|[silent]\n|\n|-heal|p2a: Heatran|89\/100|[from] item: Leftovers\n|upkeep\n|\n|t:|1699848561\n|switch|p1a: Slowking|Slowking-Galar, M|100\/100\n|turn|22\n|\n|t:|1699848564\n|move|p2a: Heatran|Taunt|p1a: Slowking\n|-start|p1a: Slowking|move: Taunt\n|move|p1a: Slowking|Sludge Bomb|p2a: Heatran\n|-supereffective|p2a: Heatran\n|-damage|p2a: Heatran|44\/100\n|\n|-heal|p2a: Heatran|50\/100|[from] item: Leftovers\n|upkeep\n|turn|23\n|-message|Prav33n forfeited.\n|\n|win|Heihachi Mishima\n|raw|Heihachi Mishima's rating: 1534 &rarr; <strong>1551<\/strong><br \/>(+17 for winning)\n|raw|Prav33n's rating: 1486 &rarr; <strong>1469<\/strong><br \/>(-17 for losing)\n|l|\u2606Prav33n\n","uploadtime":1699848569,"views":17,"p1id":"heihachimishima","p2id":"prav33n","formatid":"gen9ou","rating":1469,"private":0,"password":""}