{"id":"gen9ou-1992449038","p1":"burberry bax","p2":"CTE World","format":"[Gen 9] OU","log":"|j|\u2606burberry bax\n|j|\u2606CTE World\n|t:|1700188908\n|gametype|singles\n|player|p1|burberry bax|lucas|\n|player|p2|CTE World|ghetsis|\n|teamsize|p1|6\n|teamsize|p2|6\n|gen|9\n|tier|[Gen 9] OU\n|rule|Sleep Clause Mod: Limit one foe put to sleep\n|rule|Species Clause: Limit one of each Pok\u00e9mon\n|rule|OHKO Clause: OHKO moves are banned\n|rule|Evasion Items Clause: Evasion items are banned\n|rule|Evasion Moves Clause: Evasion moves are banned\n|rule|Endless Battle Clause: Forcing endless battles is banned\n|rule|HP Percentage Mod: HP is shown in percentages\n|clearpoke\n|poke|p1|Gardevoir, F|\n|poke|p1|Mudsdale, M|\n|poke|p1|Moltres|\n|poke|p1|Lycanroc-Midnight, M|\n|poke|p1|Eelektross, F|\n|poke|p1|Whiscash, F|\n|poke|p2|Heatran, M|\n|poke|p2|Hydreigon, M|\n|poke|p2|Thundurus-Therian, M|\n|poke|p2|Meloetta|\n|poke|p2|Muk, M|\n|poke|p2|Houndstone, M|\n|teampreview\n|inactive|Battle timer is ON: inactive players will automatically lose when time's up. (requested by CTE World)\n|j| GymLeader Avery\n|j| muffinATEthat\n|j| DomNeedsHelp\n|inactive|CTE World has 270 seconds left.\n|c| DomNeedsHelp|Go!\n|\n|t:|1700188942\n|start\n|switch|p1a: whisbrook|Whiscash, F|100\/100\n|switch|p2a: Muk Foreman|Muk, M|100\/100\n|turn|1\n|\n|t:|1700188948\n|move|p1a: whisbrook|Spikes|p2a: Muk Foreman\n|-sidestart|p2: CTE World|Spikes\n|move|p2a: Muk Foreman|Toxic Spikes|p1a: whisbrook\n|-sidestart|p1: burberry bax|move: Toxic Spikes\n|\n|upkeep\n|turn|2\n|\n|t:|1700188966\n|switch|p1a: montenegro|Mudsdale, M|100\/100\n|-status|p1a: montenegro|psn\n|move|p2a: Muk Foreman|Knock Off|p1a: montenegro\n|-damage|p1a: montenegro|79\/100 psn\n|-enditem|p1a: montenegro|Assault Vest|[from] move: Knock Off|[of] p2a: Muk Foreman\n|\n|-damage|p1a: montenegro|67\/100 psn|[from] psn\n|upkeep\n|turn|3\n|\n|t:|1700188990\n|switch|p2a: Grim Marshall|Houndstone, M|100\/100\n|-damage|p2a: Grim Marshall|88\/100|[from] Spikes\n|move|p1a: montenegro|Earthquake|p2a: Grim Marshall\n|-damage|p2a: Grim Marshall|54\/100\n|\n|-heal|p2a: Grim Marshall|60\/100|[from] item: Leftovers\n|-damage|p1a: montenegro|54\/100 psn|[from] psn\n|upkeep\n|turn|4\n|inactive|CTE World has 270 seconds left.\n|inactive|burberry bax has 270 seconds left.\n|\n|t:|1700189046\n|switch|p2a: Muk Foreman|Muk, M|100\/100\n|-damage|p2a: Muk Foreman|88\/100|[from] Spikes\n|move|p1a: montenegro|Earthquake|p2a: Muk Foreman\n|-supereffective|p2a: Muk Foreman\n|-damage|p2a: Muk Foreman|8\/100\n|\n|-heal|p2a: Muk Foreman|14\/100|[from] item: Black Sludge\n|-damage|p1a: montenegro|42\/100 psn|[from] psn\n|upkeep\n|turn|5\n|inactive|burberry bax has 270 seconds left.\n|\n|t:|1700189054\n|move|p1a: montenegro|Rock Tomb|p2a: Muk Foreman\n|-damage|p2a: Muk Foreman|0 fnt\n|faint|p2a: Muk Foreman\n|\n|-damage|p1a: montenegro|30\/100 psn|[from] psn\n|upkeep\n|\n|t:|1700189059\n|switch|p2a: Dreigon Diggs|Hydreigon, M, shiny|100\/100\n|turn|6\n|inactive|burberry bax has 270 seconds left.\n|\n|t:|1700189083\n|move|p2a: Dreigon Diggs|Dark Pulse|p1a: montenegro\n|-damage|p1a: montenegro|0 fnt\n|faint|p1a: montenegro\n|\n|upkeep\n|\n|t:|1700189088\n|switch|p1a: rika|Eelektross, F|100\/100\n|turn|7\n|inactive|CTE World has 270 seconds left.\n|\n|t:|1700189104\n|move|p2a: Dreigon Diggs|Substitute|p2a: Dreigon Diggs\n|-start|p2a: Dreigon Diggs|Substitute\n|-damage|p2a: Dreigon Diggs|76\/100\n|move|p1a: rika|U-turn|p2a: Dreigon Diggs\n|-supereffective|p2a: Dreigon Diggs\n|-end|p2a: Dreigon Diggs|Substitute\n|inactive|burberry bax has 270 seconds left.\n|\n|t:|1700189118\n|switch|p1a: meltdown|Moltres, shiny|100\/100|[from] U-turn\n|\n|-heal|p2a: Dreigon Diggs|82\/100|[from] item: Leftovers\n|upkeep\n|turn|8\n|inactive|CTE World has 270 seconds left.\n|\n|t:|1700189132\n|move|p2a: Dreigon Diggs|Draco Meteor|p1a: meltdown\n|-damage|p1a: meltdown|42\/100\n|-unboost|p2a: Dreigon Diggs|spa|2\n|move|p1a: meltdown|U-turn|p2a: Dreigon Diggs\n|-supereffective|p2a: Dreigon Diggs\n|-damage|p2a: Dreigon Diggs|46\/100\n|\n|t:|1700189143\n|switch|p1a: fubuki|Gardevoir, F|100\/100|[from] U-turn\n|-ability|p1a: fubuki|Levitate|[from] ability: Trace|[of] p2a: Dreigon Diggs\n|\n|-heal|p2a: Dreigon Diggs|52\/100|[from] item: Leftovers\n|upkeep\n|turn|9\n|inactive|burberry bax has 270 seconds left.\n|\n|t:|1700189160\n|switch|p2a: Cris-cendo Carter|Meloetta|100\/100\n|-damage|p2a: Cris-cendo Carter|88\/100|[from] Spikes\n|move|p1a: fubuki|Aura Sphere|p2a: Cris-cendo Carter\n|-damage|p2a: Cris-cendo Carter|74\/100\n|\n|-heal|p2a: Cris-cendo Carter|80\/100|[from] item: Leftovers\n|upkeep\n|turn|10\n|inactive|burberry bax has 270 seconds left.\n|\n|t:|1700189196\n|switch|p1a: rika|Eelektross, F|100\/100\n|move|p2a: Cris-cendo Carter|Knock Off|p1a: rika\n|-damage|p1a: rika|83\/100\n|-enditem|p1a: rika|Assault Vest|[from] move: Knock Off|[of] p2a: Cris-cendo Carter\n|\n|-heal|p2a: Cris-cendo Carter|86\/100|[from] item: Leftovers\n|upkeep\n|turn|11\n|\n|t:|1700189202\n|move|p2a: Cris-cendo Carter|U-turn|p1a: rika\n|-damage|p1a: rika|69\/100\n|\n|t:|1700189223\n|switch|p2a: Grim Marshall|Houndstone, M|60\/100|[from] U-turn\n|-damage|p2a: Grim Marshall|47\/100|[from] Spikes\n|move|p1a: rika|Knock Off|p2a: Grim Marshall\n|-supereffective|p2a: Grim Marshall\n|-damage|p2a: Grim Marshall|30\/100\n|-enditem|p2a: Grim Marshall|Leftovers|[from] move: Knock Off|[of] p1a: rika\n|\n|upkeep\n|turn|12\n|\n|t:|1700189238\n|switch|p1a: meltdown|Moltres, shiny|42\/100\n|move|p2a: Grim Marshall|Rest|p2a: Grim Marshall\n|-status|p2a: Grim Marshall|slp|[from] move: Rest\n|-heal|p2a: Grim Marshall|100\/100 slp|[silent]\n|\n|upkeep\n|turn|13\n|\n|t:|1700189251\n|switch|p2a: Tran Tarkenton|Heatran, M, shiny|100\/100\n|-damage|p2a: Tran Tarkenton|88\/100|[from] Spikes\n|move|p1a: meltdown|Roost|p1a: meltdown\n|-heal|p1a: meltdown|92\/100\n|-singleturn|p1a: meltdown|move: Roost\n|\n|-heal|p2a: Tran Tarkenton|94\/100|[from] item: Leftovers\n|upkeep\n|turn|14\n|\n|t:|1700189254\n|switch|p1a: whisbrook|Whiscash, F|100\/100\n|move|p2a: Tran Tarkenton|Stealth Rock|p1a: whisbrook\n|-sidestart|p1: burberry bax|move: Stealth Rock\n|\n|-heal|p2a: Tran Tarkenton|100\/100|[from] item: Leftovers\n|upkeep\n|turn|15\n|\n|t:|1700189267\n|move|p2a: Tran Tarkenton|Magma Storm|p1a: whisbrook\n|-resisted|p1a: whisbrook\n|-damage|p1a: whisbrook|85\/100\n|-activate|p1a: whisbrook|move: Magma Storm|[of] p2a: Tran Tarkenton\n|move|p1a: whisbrook|Spikes|p2a: Tran Tarkenton\n|-sidestart|p2: CTE World|Spikes\n|\n|-damage|p1a: whisbrook|73\/100|[from] move: Magma Storm|[partiallytrapped]\n|upkeep\n|turn|16\n|\n|t:|1700189272\n|move|p2a: Tran Tarkenton|Will-O-Wisp|p1a: whisbrook\n|-status|p1a: whisbrook|brn\n|move|p1a: whisbrook|Earth Power|p2a: Tran Tarkenton\n|-supereffective|p2a: Tran Tarkenton\n|-damage|p2a: Tran Tarkenton|44\/100\n|\n|-heal|p2a: Tran Tarkenton|50\/100|[from] item: Leftovers\n|-damage|p1a: whisbrook|67\/100 brn|[from] brn\n|-damage|p1a: whisbrook|54\/100 brn|[from] move: Magma Storm|[partiallytrapped]\n|upkeep\n|turn|17\n|\n|t:|1700189286\n|switch|p2a: Cris-cendo Carter|Meloetta|86\/100\n|-damage|p2a: Cris-cendo Carter|70\/100|[from] Spikes\n|move|p1a: whisbrook|Ice Beam|p2a: Cris-cendo Carter\n|-damage|p2a: Cris-cendo Carter|61\/100\n|\n|-heal|p2a: Cris-cendo Carter|67\/100|[from] item: Leftovers\n|-damage|p1a: whisbrook|48\/100 brn|[from] brn\n|-end|p1a: whisbrook|Magma Storm|[partiallytrapped]|[silent]\n|upkeep\n|turn|18\n|\n|t:|1700189299\n|switch|p1a: rika|Eelektross, F|69\/100\n|-damage|p1a: rika|57\/100|[from] Stealth Rock\n|move|p2a: Cris-cendo Carter|Psychic|p1a: rika\n|-damage|p1a: rika|25\/100\n|\n|-heal|p2a: Cris-cendo Carter|73\/100|[from] item: Leftovers\n|upkeep\n|turn|19\n|\n|t:|1700189312\n|move|p2a: Cris-cendo Carter|Hyper Voice|p1a: rika\n|-damage|p1a: rika|0 fnt\n|faint|p1a: rika\n|\n|-heal|p2a: Cris-cendo Carter|79\/100|[from] item: Leftovers\n|upkeep\n|inactive|burberry bax has 270 seconds left.\n|\n|t:|1700189345\n|switch|p1a: meltdown|Moltres, shiny|92\/100\n|turn|20\n|\n|t:|1700189349\n|move|p2a: Cris-cendo Carter|Knock Off|p1a: meltdown\n|-damage|p1a: meltdown|79\/100\n|-enditem|p1a: meltdown|Heavy-Duty Boots|[from] move: Knock Off|[of] p2a: Cris-cendo Carter\n|move|p1a: meltdown|U-turn|p2a: Cris-cendo Carter\n|-supereffective|p2a: Cris-cendo Carter\n|-damage|p2a: Cris-cendo Carter|43\/100\n|\n|t:|1700189356\n|switch|p1a: alas!|Lycanroc-Midnight, M|100\/100|[from] U-turn\n|\n|-heal|p2a: Cris-cendo Carter|49\/100|[from] item: Leftovers\n|upkeep\n|turn|21\n|\n|t:|1700189368\n|switch|p2a: Grim Marshall|Houndstone, M|100\/100 slp\n|-damage|p2a: Grim Marshall|84\/100 slp|[from] Spikes\n|move|p1a: alas!|Swords Dance|p1a: alas!\n|-boost|p1a: alas!|atk|2\n|\n|upkeep\n|turn|22\n|\n|t:|1700189379\n|-terastallize|p2a: Grim Marshall|Fighting\n|move|p1a: alas!|Swords Dance|p1a: alas!\n|-boost|p1a: alas!|atk|2\n|cant|p2a: Grim Marshall|slp\n|\n|upkeep\n|turn|23\n|\n|t:|1700189381\n|move|p1a: alas!|Stone Edge|p2a: Grim Marshall\n|-resisted|p2a: Grim Marshall\n|-damage|p2a: Grim Marshall|34\/100 slp\n|cant|p2a: Grim Marshall|slp\n|\n|upkeep\n|turn|24\n|\n|t:|1700189400\n|-curestatus|p2a: Grim Marshall|slp|[msg]\n|move|p2a: Grim Marshall|Shadow Sneak|p1a: alas!\n|-damage|p1a: alas!|80\/100\n|move|p1a: alas!|Stone Edge|p2a: Grim Marshall\n|-resisted|p2a: Grim Marshall\n|-damage|p2a: Grim Marshall|0 fnt\n|faint|p2a: Grim Marshall\n|\n|upkeep\n|\n|t:|1700189413\n|switch|p2a: Dreigon Diggs|Hydreigon, M, shiny|52\/100\n|turn|25\n|\n|t:|1700189424\n|switch|p1a: fubuki|Gardevoir, F|100\/100\n|-ability|p1a: fubuki|Levitate|[from] ability: Trace|[of] p2a: Dreigon Diggs\n|move|p2a: Dreigon Diggs|Flash Cannon|p1a: fubuki\n|-supereffective|p1a: fubuki\n|-damage|p1a: fubuki|33\/100\n|-unboost|p1a: fubuki|spd|1\n|\n|-heal|p2a: Dreigon Diggs|58\/100|[from] item: Leftovers\n|upkeep\n|turn|26\n|\n|t:|1700189449\n|move|p2a: Dreigon Diggs|Flash Cannon|p1a: fubuki\n|-supereffective|p1a: fubuki\n|-damage|p1a: fubuki|0 fnt\n|faint|p1a: fubuki\n|\n|-heal|p2a: Dreigon Diggs|64\/100|[from] item: Leftovers\n|upkeep\n|\n|t:|1700189451\n|switch|p1a: whisbrook|Whiscash, F|48\/100 brn\n|turn|27\n|\n|t:|1700189456\n|move|p2a: Dreigon Diggs|Dark Pulse|p1a: whisbrook\n|-damage|p1a: whisbrook|15\/100 brn\n|move|p1a: whisbrook|Ice Beam|p2a: Dreigon Diggs\n|-supereffective|p2a: Dreigon Diggs\n|-damage|p2a: Dreigon Diggs|25\/100\n|\n|-heal|p2a: Dreigon Diggs|31\/100|[from] item: Leftovers\n|-damage|p1a: whisbrook|9\/100 brn|[from] brn\n|upkeep\n|turn|28\n|\n|t:|1700189460\n|move|p2a: Dreigon Diggs|Dark Pulse|p1a: whisbrook\n|-damage|p1a: whisbrook|0 fnt\n|faint|p1a: whisbrook\n|\n|-heal|p2a: Dreigon Diggs|37\/100|[from] item: Leftovers\n|upkeep\n|\n|t:|1700189462\n|switch|p1a: alas!|Lycanroc-Midnight, M|80\/100\n|turn|29\n|\n|t:|1700189466\n|-terastallize|p1a: alas!|Grass\n|move|p2a: Dreigon Diggs|Flash Cannon|p1a: alas!\n|-damage|p1a: alas!|38\/100\n|move|p1a: alas!|Trailblaze|p2a: Dreigon Diggs\n|-resisted|p2a: Dreigon Diggs\n|-damage|p2a: Dreigon Diggs|21\/100\n|-boost|p1a: alas!|spe|1\n|\n|-heal|p2a: Dreigon Diggs|27\/100|[from] item: Leftovers\n|upkeep\n|turn|30\n|\n|t:|1700189476\n|move|p1a: alas!|Stone Edge|p2a: Dreigon Diggs\n|-damage|p2a: Dreigon Diggs|0 fnt\n|faint|p2a: Dreigon Diggs\n|\n|upkeep\n|\n|t:|1700189492\n|switch|p2a: Tran Tarkenton|Heatran, M, shiny|50\/100\n|-damage|p2a: Tran Tarkenton|33\/100|[from] Spikes\n|turn|31\n|\n|t:|1700189496\n|move|p1a: alas!|Stone Edge|p2a: Tran Tarkenton\n|-damage|p2a: Tran Tarkenton|0 fnt\n|faint|p2a: Tran Tarkenton\n|\n|upkeep\n|\n|t:|1700189498\n|switch|p2a: Cris-cendo Carter|Meloetta|49\/100\n|-damage|p2a: Cris-cendo Carter|32\/100|[from] Spikes\n|turn|32\n|\n|t:|1700189508\n|move|p1a: alas!|Stone Edge|p2a: Cris-cendo Carter\n|-damage|p2a: Cris-cendo Carter|0 fnt\n|faint|p2a: Cris-cendo Carter\n|\n|upkeep\n|\n|t:|1700189510\n|switch|p2a: Therian Peterson|Thundurus-Therian, M|100\/100\n|turn|33\n|\n|t:|1700189513\n|move|p1a: alas!|Stone Edge|p2a: Therian Peterson\n|-supereffective|p2a: Therian Peterson\n|-damage|p2a: Therian Peterson|0 fnt\n|faint|p2a: Therian Peterson\n|\n|win|burberry bax\n|c|\u2606CTE World|gg\n","uploadtime":1700189521,"views":11,"p1id":"burberrybax","p2id":"cteworld","formatid":"gen9ou","rating":0,"private":0,"password":""}