{"id":"gen9ou-1989389246","p1":"uyyggyyg","p2":"Airwave15","format":"[Gen 9] OU","log":"|j|\u2606uyyggyyg\n|j|\u2606Airwave15\n|t:|1699844049\n|gametype|singles\n|player|p1|uyyggyyg|102|1048\n|player|p2|Airwave15|sabrina|1021\n|teamsize|p1|2\n|teamsize|p2|6\n|gen|9\n|tier|[Gen 9] OU\n|rated|\n|rule|Sleep Clause Mod: Limit one foe put to sleep\n|rule|Species Clause: Limit one of each Pok\u00e9mon\n|rule|OHKO Clause: OHKO moves are banned\n|rule|Evasion Items Clause: Evasion items are banned\n|rule|Evasion Moves Clause: Evasion moves are banned\n|rule|Endless Battle Clause: Forcing endless battles is banned\n|rule|HP Percentage Mod: HP is shown in percentages\n|clearpoke\n|poke|p1|Glastrier|\n|poke|p1|Clefable, M|\n|poke|p2|Tinkaton, F|\n|poke|p2|Clefable, F|\n|poke|p2|Espeon, M|\n|poke|p2|Meowscarada, F|\n|poke|p2|Ceruledge, F|\n|poke|p2|Dondozo, M|\n|teampreview\n|\n|t:|1699844056\n|start\n|switch|p1a: Glastrier|Glastrier|100\/100\n|switch|p2a: Meowscarada|Meowscarada, F|100\/100\n|turn|1\n|\n|t:|1699844066\n|move|p2a: Meowscarada|Taunt|p1a: Glastrier\n|-start|p1a: Glastrier|move: Taunt\n|move|p1a: Glastrier|Avalanche|p2a: Meowscarada\n|-supereffective|p2a: Meowscarada\n|-enditem|p2a: Meowscarada|Focus Sash\n|-damage|p2a: Meowscarada|1\/100\n|\n|upkeep\n|turn|2\n|\n|t:|1699844077\n|move|p2a: Meowscarada|Knock Off|p1a: Glastrier\n|-damage|p1a: Glastrier|76\/100\n|-enditem|p1a: Glastrier|Assault Vest|[from] move: Knock Off|[of] p2a: Meowscarada\n|move|p1a: Glastrier|Avalanche|p2a: Meowscarada\n|-supereffective|p2a: Meowscarada\n|-damage|p2a: Meowscarada|0 fnt\n|faint|p2a: Meowscarada\n|-ability|p1a: Glastrier|Chilling Neigh|boost\n|-boost|p1a: Glastrier|atk|1\n|\n|upkeep\n|\n|t:|1699844087\n|switch|p2a: Ceruledge|Ceruledge, F|100\/100\n|turn|3\n|\n|t:|1699844094\n|move|p2a: Ceruledge|Bitter Blade|p1a: Glastrier\n|-supereffective|p1a: Glastrier\n|-damage|p1a: Glastrier|27\/100\n|move|p1a: Glastrier|High Horsepower|p2a: Ceruledge\n|-supereffective|p2a: Ceruledge\n|-damage|p2a: Ceruledge|0 fnt\n|faint|p2a: Ceruledge\n|-ability|p1a: Glastrier|Chilling Neigh|boost\n|-boost|p1a: Glastrier|atk|1\n|\n|-end|p1a: Glastrier|move: Taunt\n|upkeep\n|\n|t:|1699844106\n|switch|p2a: Espeon|Espeon, M|100\/100\n|turn|4\n|\n|t:|1699844114\n|switch|p1a: Clefable|Clefable, M|100\/100\n|move|p2a: Espeon|Dazzling Gleam|p1a: Clefable\n|-damage|p1a: Clefable|72\/100\n|\n|-heal|p1a: Clefable|78\/100|[from] item: Leftovers\n|upkeep\n|turn|5\n|\n|t:|1699844122\n|move|p2a: Espeon|Dazzling Gleam|p1a: Clefable\n|-damage|p1a: Clefable|52\/100\n|move|p1a: Clefable|Wish|p1a: Clefable\n|\n|-heal|p1a: Clefable|58\/100|[from] item: Leftovers\n|upkeep\n|turn|6\n|\n|t:|1699844130\n|switch|p2a: Tinkaton|Tinkaton, F|100\/100\n|-ability|p2a: Tinkaton|Mold Breaker\n|switch|p1a: Glastrier|Glastrier|27\/100\n|\n|-heal|p1a: Glastrier|76\/100|[from] move: Wish|[wisher] Clefable\n|upkeep\n|turn|7\n|\n|t:|1699844154\n|-terastallize|p2a: Tinkaton|Electric\n|-terastallize|p1a: Glastrier|Flying\n|move|p2a: Tinkaton|Swords Dance|p2a: Tinkaton\n|-boost|p2a: Tinkaton|atk|2\n|move|p1a: Glastrier|High Horsepower|p2a: Tinkaton\n|-supereffective|p2a: Tinkaton\n|-damage|p2a: Tinkaton|0 fnt\n|faint|p2a: Tinkaton\n|-ability|p1a: Glastrier|Chilling Neigh|boost\n|-boost|p1a: Glastrier|atk|1\n|\n|upkeep\n|\n|t:|1699844171\n|switch|p2a: Espeon|Espeon, M|100\/100\n|turn|8\n|\n|t:|1699844191\n|move|p2a: Espeon|Shadow Ball|p1a: Glastrier\n|-damage|p1a: Glastrier|41\/100\n|-unboost|p1a: Glastrier|spd|1\n|move|p1a: Glastrier|Tera Blast|p2a: Espeon|[anim] Tera Blast Flying\n|-damage|p2a: Espeon|0 fnt\n|faint|p2a: Espeon\n|-ability|p1a: Glastrier|Chilling Neigh|boost\n|-boost|p1a: Glastrier|atk|1\n|\n|upkeep\n|\n|t:|1699844200\n|switch|p2a: Clefable|Clefable, F|100\/100\n|turn|9\n|\n|t:|1699844206\n|switch|p1a: Clefable|Clefable, M|58\/100\n|move|p2a: Clefable|Moonblast|p1a: Clefable\n|-damage|p1a: Clefable|38\/100\n|-unboost|p1a: Clefable|spa|1\n|\n|-heal|p1a: Clefable|44\/100|[from] item: Leftovers\n|upkeep\n|turn|10\n|\n|t:|1699844217\n|move|p2a: Clefable|Knock Off|p1a: Clefable\n|-resisted|p1a: Clefable\n|-crit|p1a: Clefable\n|-damage|p1a: Clefable|31\/100\n|-enditem|p1a: Clefable|Leftovers|[from] move: Knock Off|[of] p2a: Clefable\n|move|p1a: Clefable|Wish|p1a: Clefable\n|\n|upkeep\n|turn|11\n|\n|t:|1699844225\n|move|p1a: Clefable|Protect|p1a: Clefable\n|-singleturn|p1a: Clefable|Protect\n|move|p2a: Clefable|Stealth Rock|p1a: Clefable\n|-sidestart|p1: uyyggyyg|move: Stealth Rock\n|\n|-heal|p1a: Clefable|81\/100|[from] move: Wish|[wisher] Clefable\n|upkeep\n|turn|12\n|\n|t:|1699844233\n|move|p2a: Clefable|Moonblast|p1a: Clefable\n|-damage|p1a: Clefable|62\/100\n|-unboost|p1a: Clefable|spa|1\n|move|p1a: Clefable|Wish|p1a: Clefable\n|\n|upkeep\n|turn|13\n|\n|t:|1699844240\n|move|p1a: Clefable|Protect|p1a: Clefable\n|-singleturn|p1a: Clefable|Protect\n|move|p2a: Clefable|Moonblast|p1a: Clefable\n|-activate|p1a: Clefable|move: Protect\n|\n|-heal|p1a: Clefable|100\/100|[from] move: Wish|[wisher] Clefable\n|upkeep\n|turn|14\n|\n|t:|1699844248\n|switch|p2a: Dondozo|Dondozo, M|100\/100\n|move|p1a: Clefable|Wish|p1a: Clefable\n|\n|upkeep\n|turn|15\n|\n|t:|1699844256\n|switch|p1a: Glastrier|Glastrier, tera:Flying|41\/100\n|-damage|p1a: Glastrier|16\/100|[from] Stealth Rock\n|move|p2a: Dondozo|Body Press|p1a: Glastrier\n|-resisted|p1a: Glastrier\n|-damage|p1a: Glastrier|6\/100\n|\n|-heal|p1a: Glastrier|55\/100|[from] move: Wish|[wisher] Clefable\n|upkeep\n|turn|16\n|\n|t:|1699844298\n|move|p2a: Dondozo|Wave Crash|p1a: Glastrier\n|-damage|p1a: Glastrier|29\/100\n|-damage|p2a: Dondozo|93\/100|[from] Recoil\n|move|p1a: Glastrier|Close Combat|p2a: Dondozo\n|-damage|p2a: Dondozo|70\/100\n|-unboost|p1a: Glastrier|def|1\n|-unboost|p1a: Glastrier|spd|1\n|-damage|p1a: Glastrier|12\/100|[from] item: Rocky Helmet|[of] p2a: Dondozo\n|\n|upkeep\n|turn|17\n|\n|t:|1699844315\n|move|p2a: Dondozo|Wave Crash|p1a: Glastrier\n|-damage|p1a: Glastrier|0 fnt\n|faint|p1a: Glastrier\n|-damage|p2a: Dondozo|67\/100|[from] Recoil\n|\n|upkeep\n|\n|t:|1699844320\n|switch|p1a: Clefable|Clefable, M|100\/100\n|turn|18\n|\n|t:|1699844324\n|move|p1a: Clefable|Moonblast|p2a: Dondozo\n|-damage|p2a: Dondozo|39\/100\n|move|p2a: Dondozo|Wave Crash|p1a: Clefable\n|-damage|p1a: Clefable|57\/100\n|-damage|p2a: Dondozo|28\/100|[from] Recoil\n|\n|upkeep\n|turn|19\n|\n|t:|1699844331\n|move|p1a: Clefable|Wish|p1a: Clefable\n|move|p2a: Dondozo|Rest|p2a: Dondozo\n|-status|p2a: Dondozo|slp|[from] move: Rest\n|-heal|p2a: Dondozo|100\/100 slp|[silent]\n|\n|upkeep\n|turn|20\n|\n|t:|1699844336\n|move|p1a: Clefable|Moonblast|p2a: Dondozo\n|-damage|p2a: Dondozo|68\/100 slp\n|cant|p2a: Dondozo|slp\n|move|p2a: Dondozo|Sleep Talk|p2a: Dondozo\n|move|p2a: Dondozo|Body Press|p1a: Clefable|[from]move: Sleep Talk\n|-resisted|p1a: Clefable\n|-damage|p1a: Clefable|40\/100\n|\n|-heal|p1a: Clefable|90\/100|[from] move: Wish|[wisher] Clefable\n|upkeep\n|turn|21\n|\n|t:|1699844347\n|move|p1a: Clefable|Wish|p1a: Clefable\n|cant|p2a: Dondozo|slp\n|move|p2a: Dondozo|Sleep Talk|p2a: Dondozo\n|move|p2a: Dondozo|Body Press|p1a: Clefable|[from]move: Sleep Talk\n|-resisted|p1a: Clefable\n|-damage|p1a: Clefable|74\/100\n|\n|upkeep\n|turn|22\n|\n|t:|1699844355\n|move|p1a: Clefable|Moonblast|p2a: Dondozo\n|-damage|p2a: Dondozo|40\/100 slp\n|-curestatus|p2a: Dondozo|slp|[msg]\n|move|p2a: Dondozo|Rest|p2a: Dondozo\n|-status|p2a: Dondozo|slp|[from] move: Rest\n|-heal|p2a: Dondozo|100\/100 slp|[silent]\n|\n|-heal|p1a: Clefable|100\/100|[from] move: Wish|[wisher] Clefable\n|upkeep\n|turn|23\n|\n|t:|1699844364\n|move|p1a: Clefable|Moonblast|p2a: Dondozo\n|-damage|p2a: Dondozo|70\/100 slp\n|-unboost|p2a: Dondozo|spa|1\n|cant|p2a: Dondozo|slp\n|move|p2a: Dondozo|Sleep Talk|p2a: Dondozo\n|move|p2a: Dondozo|Wave Crash|p1a: Clefable|[from]move: Sleep Talk\n|-damage|p1a: Clefable|57\/100\n|-damage|p2a: Dondozo|58\/100 slp|[from] Recoil\n|\n|upkeep\n|turn|24\n|\n|t:|1699844374\n|move|p1a: Clefable|Wish|p1a: Clefable\n|cant|p2a: Dondozo|slp\n|move|p2a: Dondozo|Sleep Talk|p2a: Dondozo\n|move|p2a: Dondozo|Rest||[from]move: Sleep Talk|[still]\n|-fail|p2a: Dondozo\n|\n|upkeep\n|turn|25\n|\n|t:|1699844380\n|move|p1a: Clefable|Moonblast|p2a: Dondozo\n|-damage|p2a: Dondozo|29\/100 slp\n|-unboost|p2a: Dondozo|spa|1\n|-curestatus|p2a: Dondozo|slp|[msg]\n|move|p2a: Dondozo|Rest|p2a: Dondozo\n|-status|p2a: Dondozo|slp|[from] move: Rest\n|-heal|p2a: Dondozo|100\/100 slp|[silent]\n|\n|-heal|p1a: Clefable|100\/100|[from] move: Wish|[wisher] Clefable\n|upkeep\n|turn|26\n|\n|t:|1699844392\n|move|p1a: Clefable|Moonblast|p2a: Dondozo\n|-damage|p2a: Dondozo|70\/100 slp\n|cant|p2a: Dondozo|slp\n|move|p2a: Dondozo|Sleep Talk|p2a: Dondozo\n|move|p2a: Dondozo|Body Press|p1a: Clefable|[from]move: Sleep Talk\n|-resisted|p1a: Clefable\n|-damage|p1a: Clefable|84\/100\n|\n|upkeep\n|turn|27\n|\n|t:|1699844400\n|move|p1a: Clefable|Moonblast|p2a: Dondozo\n|-damage|p2a: Dondozo|40\/100 slp\n|cant|p2a: Dondozo|slp\n|move|p2a: Dondozo|Sleep Talk|p2a: Dondozo\n|move|p2a: Dondozo|Rest||[from]move: Sleep Talk|[still]\n|-fail|p2a: Dondozo\n|\n|upkeep\n|turn|28\n|\n|t:|1699844407\n|move|p1a: Clefable|Moonblast|p2a: Dondozo\n|-damage|p2a: Dondozo|9\/100 slp\n|-curestatus|p2a: Dondozo|slp|[msg]\n|move|p2a: Dondozo|Rest|p2a: Dondozo\n|-status|p2a: Dondozo|slp|[from] move: Rest\n|-heal|p2a: Dondozo|100\/100 slp|[silent]\n|\n|upkeep\n|turn|29\n|\n|t:|1699844415\n|move|p1a: Clefable|Moonblast|p2a: Dondozo\n|-damage|p2a: Dondozo|69\/100 slp\n|-unboost|p2a: Dondozo|spa|1\n|cant|p2a: Dondozo|slp\n|move|p2a: Dondozo|Sleep Talk|p2a: Dondozo\n|move|p2a: Dondozo|Body Press|p1a: Clefable|[from]move: Sleep Talk\n|-resisted|p1a: Clefable\n|-damage|p1a: Clefable|69\/100\n|\n|upkeep\n|turn|30\n|\n|t:|1699844424\n|move|p1a: Clefable|Moonblast|p2a: Dondozo\n|-damage|p2a: Dondozo|41\/100 slp\n|cant|p2a: Dondozo|slp\n|move|p2a: Dondozo|Sleep Talk|p2a: Dondozo\n|move|p2a: Dondozo|Wave Crash|p1a: Clefable|[from]move: Sleep Talk\n|-damage|p1a: Clefable|26\/100\n|-damage|p2a: Dondozo|29\/100 slp|[from] Recoil\n|\n|upkeep\n|turn|31\n|\n|t:|1699844437\n|switch|p2a: Clefable|Clefable, F|100\/100\n|move|p1a: Clefable|Moonblast|p2a: Clefable\n|-damage|p2a: Clefable|69\/100\n|-unboost|p2a: Clefable|spa|1\n|\n|-heal|p2a: Clefable|75\/100|[from] item: Leftovers\n|upkeep\n|turn|32\n|\n|t:|1699844450\n|move|p2a: Clefable|Moonblast|p1a: Clefable\n|-damage|p1a: Clefable|12\/100\n|-unboost|p1a: Clefable|spa|1\n|move|p1a: Clefable|Wish|p1a: Clefable\n|\n|-heal|p2a: Clefable|81\/100|[from] item: Leftovers\n|upkeep\n|turn|33\n|\n|t:|1699844459\n|move|p1a: Clefable|Protect|p1a: Clefable\n|-singleturn|p1a: Clefable|Protect\n|move|p2a: Clefable|Moonblast|p1a: Clefable\n|-activate|p1a: Clefable|move: Protect\n|\n|-heal|p1a: Clefable|62\/100|[from] move: Wish|[wisher] Clefable\n|-heal|p2a: Clefable|88\/100|[from] item: Leftovers\n|upkeep\n|turn|34\n|\n|t:|1699844468\n|move|p1a: Clefable|Wish|p1a: Clefable\n|move|p2a: Clefable|Moonblast|p1a: Clefable\n|-damage|p1a: Clefable|47\/100\n|\n|-heal|p2a: Clefable|94\/100|[from] item: Leftovers\n|upkeep\n|turn|35\n|\n|t:|1699844476\n|move|p1a: Clefable|Protect|p1a: Clefable\n|-singleturn|p1a: Clefable|Protect\n|move|p2a: Clefable|Moonblast|p1a: Clefable\n|-activate|p1a: Clefable|move: Protect\n|\n|-heal|p1a: Clefable|97\/100|[from] move: Wish|[wisher] Clefable\n|-heal|p2a: Clefable|99\/100|[from] item: Leftovers\n|upkeep\n|turn|36\n|\n|t:|1699844484\n|move|p1a: Clefable|Moonblast|p2a: Clefable\n|-damage|p2a: Clefable|80\/100\n|-unboost|p2a: Clefable|spa|1\n|move|p2a: Clefable|Moonblast|p1a: Clefable\n|-damage|p1a: Clefable|87\/100\n|\n|-heal|p2a: Clefable|86\/100|[from] item: Leftovers\n|upkeep\n|turn|37\n|\n|t:|1699844492\n|move|p2a: Clefable|Moonblast|p1a: Clefable\n|-damage|p1a: Clefable|77\/100\n|move|p1a: Clefable|Moonblast|p2a: Clefable\n|-damage|p2a: Clefable|64\/100\n|-unboost|p2a: Clefable|spa|1\n|\n|-heal|p2a: Clefable|70\/100|[from] item: Leftovers\n|upkeep\n|turn|38\n|\n|t:|1699844500\n|move|p1a: Clefable|Moonblast|p2a: Clefable\n|-damage|p2a: Clefable|50\/100\n|move|p2a: Clefable|Moonblast|p1a: Clefable\n|-damage|p1a: Clefable|69\/100\n|\n|-heal|p2a: Clefable|56\/100|[from] item: Leftovers\n|upkeep\n|turn|39\n|\n|t:|1699844507\n|move|p2a: Clefable|Moonblast|p1a: Clefable\n|-damage|p1a: Clefable|60\/100\n|move|p1a: Clefable|Moonblast|p2a: Clefable\n|-damage|p2a: Clefable|36\/100\n|\n|-heal|p2a: Clefable|42\/100|[from] item: Leftovers\n|upkeep\n|turn|40\n|\n|t:|1699844515\n|move|p1a: Clefable|Moonblast|p2a: Clefable\n|-crit|p2a: Clefable\n|-damage|p2a: Clefable|0 fnt\n|faint|p2a: Clefable\n|\n|upkeep\n|\n|t:|1699844519\n|switch|p2a: Dondozo|Dondozo, M|29\/100 slp\n|turn|41\n|\n|t:|1699844524\n|move|p1a: Clefable|Moonblast|p2a: Dondozo\n|-damage|p2a: Dondozo|0 fnt\n|faint|p2a: Dondozo\n|\n|win|uyyggyyg\n|raw|uyyggyyg's rating: 1048 &rarr; <strong>1078<\/strong><br \/>(+30 for winning)\n|raw|Airwave15's rating: 1021 &rarr; <strong>1009<\/strong><br \/>(-12 for losing)\n|l|\u2606Airwave15\n","uploadtime":1699844610,"views":45,"p1id":"uyyggyyg","p2id":"airwave15","formatid":"gen9ou","rating":1009,"private":0,"password":""}