{"id":"gen9ou-1994262810","p1":"Bio_Hazz","p2":"lux2821","format":"[Gen 9] OU","log":"|j|\u2606Bio_Hazz\n|j|\u2606lux2821\n|t:|1700424756\n|gametype|singles\n|player|p1|Bio_Hazz|lucas|\n|player|p2|lux2821|lusamine-nihilego|\n|teamsize|p1|6\n|teamsize|p2|6\n|gen|9\n|tier|[Gen 9] OU\n|rule|Sleep Clause Mod: Limit one foe put to sleep\n|rule|Species Clause: Limit one of each Pok\u00e9mon\n|rule|OHKO Clause: OHKO moves are banned\n|rule|Evasion Items Clause: Evasion items are banned\n|rule|Evasion Moves Clause: Evasion moves are banned\n|rule|Endless Battle Clause: Forcing endless battles is banned\n|rule|HP Percentage Mod: HP is shown in percentages\n|clearpoke\n|poke|p1|Ribombee, F|\n|poke|p1|Sneasler, M|\n|poke|p1|Dragapult, M|\n|poke|p1|Garganacl, F|\n|poke|p1|Iron Valiant|\n|poke|p1|Ogerpon-Cornerstone, F|\n|poke|p2|Slowking-Galar, F|\n|poke|p2|Zapdos|\n|poke|p2|Landorus-Therian, M|\n|poke|p2|Kingambit, F|\n|poke|p2|Gholdengo|\n|poke|p2|Ogerpon-Wellspring, F|\n|teampreview\n|inactive|Battle timer is ON: inactive players will automatically lose when time's up. (requested by lux2821)\n|c|\u2606lux2821|glhf!\n|c|\u2606Bio_Hazz|glhf\n|\n|t:|1700424770\n|start\n|switch|p1a: Ogerpon|Ogerpon-Cornerstone, F|100\/100\n|switch|p2a: Hammer Head|Landorus-Therian, M|100\/100\n|-ability|p2a: Hammer Head|Intimidate|boost\n|-unboost|p1a: Ogerpon|atk|1\n|turn|1\n|\n|t:|1700424798\n|move|p2a: Hammer Head|Stealth Rock|p1a: Ogerpon\n|-sidestart|p1: Bio_Hazz|move: Stealth Rock\n|move|p1a: Ogerpon|Ivy Cudgel|p2a: Hammer Head|[anim] Ivy Cudgel Rock\n|-damage|p2a: Hammer Head|62\/100\n|\n|upkeep\n|turn|2\n|\n|t:|1700424820\n|switch|p2a: It's Glowver|Slowking-Galar, F|100\/100\n|move|p1a: Ogerpon|Trailblaze|p2a: It's Glowver\n|-resisted|p2a: It's Glowver\n|-damage|p2a: It's Glowver|93\/100\n|-boost|p1a: Ogerpon|spe|1\n|\n|upkeep\n|turn|3\n|\n|t:|1700424830\n|move|p1a: Ogerpon|Swords Dance|p1a: Ogerpon\n|-boost|p1a: Ogerpon|atk|2\n|move|p2a: It's Glowver|Sludge Bomb|p1a: Ogerpon\n|-damage|p1a: Ogerpon|63\/100\n|\n|upkeep\n|turn|4\n|\n|t:|1700424839\n|move|p1a: Ogerpon|Swords Dance|p1a: Ogerpon\n|-boost|p1a: Ogerpon|atk|2\n|move|p2a: It's Glowver|Chilly Reception|p2a: It's Glowver\n|-weather|Snow\n|\n|t:|1700424842\n|switch|p2a: Hammer Head|Landorus-Therian, M|62\/100|[from] Chilly Reception\n|-ability|p2a: Hammer Head|Intimidate|boost\n|-unboost|p1a: Ogerpon|atk|1\n|\n|-weather|Snow|[upkeep]\n|upkeep\n|turn|5\n|\n|t:|1700424847\n|move|p1a: Ogerpon|Ivy Cudgel|p2a: Hammer Head|[anim] Ivy Cudgel Rock\n|-damage|p2a: Hammer Head|0 fnt\n|faint|p2a: Hammer Head\n|\n|-weather|Snow|[upkeep]\n|upkeep\n|\n|t:|1700424855\n|switch|p2a: Bill Cypher|Zapdos|100\/100\n|turn|6\n|\n|t:|1700424860\n|-terastallize|p2a: Bill Cypher|Steel\n|move|p1a: Ogerpon|Ivy Cudgel|p2a: Bill Cypher|[anim] Ivy Cudgel Rock\n|-resisted|p2a: Bill Cypher\n|-damage|p2a: Bill Cypher|39\/100\n|move|p2a: Bill Cypher|Weather Ball|p1a: Ogerpon\n|-supereffective|p1a: Ogerpon\n|-damage|p1a: Ogerpon|0 fnt\n|faint|p1a: Ogerpon\n|\n|-weather|Snow|[upkeep]\n|upkeep\n|\n|t:|1700424874\n|switch|p1a: Sneasler|Sneasler, M|100\/100\n|-damage|p1a: Sneasler|95\/100|[from] Stealth Rock\n|turn|7\n|\n|t:|1700424886\n|move|p1a: Sneasler|Close Combat|p2a: Bill Cypher\n|-supereffective|p2a: Bill Cypher\n|-damage|p2a: Bill Cypher|0 fnt\n|-unboost|p1a: Sneasler|def|1\n|-unboost|p1a: Sneasler|spd|1\n|-status|p1a: Sneasler|par|[from] ability: Static|[of] p2a: Bill Cypher\n|faint|p2a: Bill Cypher\n|\n|-weather|Snow|[upkeep]\n|upkeep\n|c|\u2606lux2821|W\n|\n|t:|1700424897\n|switch|p2a: CheeseString|Gholdengo|100\/100\n|-item|p2a: CheeseString|Air Balloon\n|turn|8\n|\n|t:|1700424906\n|move|p2a: CheeseString|Nasty Plot|p2a: CheeseString\n|-boost|p2a: CheeseString|spa|2\n|cant|p1a: Sneasler|par\n|\n|-weather|none\n|upkeep\n|turn|9\n|\n|t:|1700424914\n|move|p2a: CheeseString|Shadow Ball|p1a: Sneasler\n|-damage|p1a: Sneasler|0 fnt\n|faint|p1a: Sneasler\n|\n|upkeep\n|\n|t:|1700424917\n|switch|p1a: Dragapult|Dragapult, M|100\/100\n|-damage|p1a: Dragapult|88\/100|[from] Stealth Rock\n|turn|10\n|\n|t:|1700424921\n|move|p1a: Dragapult|Shadow Ball|p2a: CheeseString\n|-supereffective|p2a: CheeseString\n|-damage|p2a: CheeseString|0 fnt\n|-enditem|p2a: CheeseString|Air Balloon\n|faint|p2a: CheeseString\n|\n|upkeep\n|c|\u2606lux2821|did I not put the spdef ghold on this team\n|c|\u2606Bio_Hazz|dont think so\n|c|\u2606lux2821|I thought I changed it\n|inactive|lux2821 has 270 seconds left.\n|\n|t:|1700424964\n|switch|p2a: sad moments|Ogerpon-Wellspring, F|100\/100\n|turn|11\n|\n|t:|1700424970\n|move|p1a: Dragapult|Shadow Ball|p2a: sad moments\n|-damage|p2a: sad moments|54\/100\n|move|p2a: sad moments|Spikes|p1a: Dragapult\n|-sidestart|p1: Bio_Hazz|Spikes\n|\n|upkeep\n|turn|12\n|\n|t:|1700424982\n|move|p1a: Dragapult|Shadow Ball|p2a: sad moments\n|-damage|p2a: sad moments|7\/100\n|move|p2a: sad moments|Synthesis|p2a: sad moments\n|-heal|p2a: sad moments|57\/100\n|\n|upkeep\n|turn|13\n|\n|t:|1700424987\n|-terastallize|p1a: Dragapult|Ghost\n|move|p1a: Dragapult|Shadow Ball|p2a: sad moments\n|-damage|p2a: sad moments|1\/100\n|-unboost|p2a: sad moments|spd|1\n|move|p2a: sad moments|Synthesis|p2a: sad moments\n|-heal|p2a: sad moments|51\/100\n|\n|upkeep\n|turn|14\n|\n|t:|1700424996\n|switch|p2a: Samuroyal|Kingambit, F|100\/100\n|-activate|p2a: Samuroyal|ability: Supreme Overlord\n|-start|p2a: Samuroyal|fallen3|[silent]\n|move|p1a: Dragapult|Shadow Ball|p2a: Samuroyal\n|-resisted|p2a: Samuroyal\n|-damage|p2a: Samuroyal|60\/100\n|\n|upkeep\n|turn|15\n|\n|t:|1700425003\n|move|p1a: Dragapult|Shadow Ball|p2a: Samuroyal\n|-resisted|p2a: Samuroyal\n|-damage|p2a: Samuroyal|21\/100\n|move|p2a: Samuroyal|Kowtow Cleave|p1a: Dragapult\n|-supereffective|p1a: Dragapult\n|-damage|p1a: Dragapult|0 fnt\n|faint|p1a: Dragapult\n|\n|upkeep\n|\n|t:|1700425010\n|switch|p1a: Iron Valiant|Iron Valiant|100\/100\n|-damage|p1a: Iron Valiant|94\/100|[from] Stealth Rock\n|-damage|p1a: Iron Valiant|82\/100|[from] Spikes\n|-enditem|p1a: Iron Valiant|Booster Energy\n|-activate|p1a: Iron Valiant|ability: Quark Drive|[fromitem]\n|-start|p1a: Iron Valiant|quarkdrivespe\n|turn|16\n|\n|t:|1700425038\n|move|p2a: Samuroyal|Sucker Punch|p1a: Iron Valiant\n|-resisted|p1a: Iron Valiant\n|-damage|p1a: Iron Valiant|65\/100\n|move|p1a: Iron Valiant|Spirit Break|p2a: Samuroyal\n|-damage|p2a: Samuroyal|0 fnt\n|faint|p2a: Samuroyal\n|-end|p2a: Samuroyal|fallen3|[silent]\n|\n|upkeep\n|\n|t:|1700425044\n|switch|p2a: It's Glowver|Slowking-Galar, F|100\/100\n|turn|17\n|\n|t:|1700425050\n|move|p1a: Iron Valiant|Knock Off|p2a: It's Glowver\n|-supereffective|p2a: It's Glowver\n|-damage|p2a: It's Glowver|48\/100\n|-enditem|p2a: It's Glowver|Heavy-Duty Boots|[from] move: Knock Off|[of] p1a: Iron Valiant\n|move|p2a: It's Glowver|Sludge Bomb|p1a: Iron Valiant\n|-supereffective|p1a: Iron Valiant\n|-damage|p1a: Iron Valiant|0 fnt\n|faint|p1a: Iron Valiant\n|-end|p1a: Iron Valiant|Quark Drive|[silent]\n|\n|upkeep\n|\n|t:|1700425065\n|switch|p1a: Garganacl|Garganacl, F|100\/100\n|-damage|p1a: Garganacl|88\/100|[from] Stealth Rock\n|-damage|p1a: Garganacl|76\/100|[from] Spikes\n|turn|18\n|\n|t:|1700425069\n|move|p1a: Garganacl|Salt Cure|p2a: It's Glowver\n|-damage|p2a: It's Glowver|37\/100\n|-start|p2a: It's Glowver|Salt Cure\n|move|p2a: It's Glowver|Chilly Reception|p2a: It's Glowver\n|-weather|Snow\n|\n|t:|1700425073\n|switch|p2a: sad moments|Ogerpon-Wellspring, F|51\/100|[from] Chilly Reception\n|\n|-weather|Snow|[upkeep]\n|-heal|p1a: Garganacl|82\/100|[from] item: Leftovers\n|upkeep\n|turn|19\n|\n|t:|1700425078\n|move|p2a: sad moments|Ivy Cudgel|p1a: Garganacl|[anim] Ivy Cudgel Water\n|-supereffective|p1a: Garganacl\n|-damage|p1a: Garganacl|30\/100\n|move|p1a: Garganacl|Salt Cure|p2a: sad moments\n|-damage|p2a: sad moments|37\/100\n|-start|p2a: sad moments|Salt Cure\n|\n|-weather|Snow|[upkeep]\n|-heal|p1a: Garganacl|36\/100|[from] item: Leftovers\n|-damage|p2a: sad moments|12\/100|[from] Salt Cure\n|upkeep\n|turn|20\n|\n|t:|1700425095\n|switch|p1a: Ribombee|Ribombee, F|100\/100\n|-damage|p1a: Ribombee|76\/100|[from] Stealth Rock\n|-damage|p1a: Ribombee|63\/100|[from] Spikes\n|move|p2a: sad moments|Synthesis|p2a: sad moments\n|-heal|p2a: sad moments|37\/100\n|\n|-weather|Snow|[upkeep]\n|-damage|p2a: sad moments|12\/100|[from] Salt Cure\n|upkeep\n|turn|21\n|\n|t:|1700425102\n|move|p1a: Ribombee|Psychic|p2a: sad moments\n|-damage|p2a: sad moments|0 fnt\n|faint|p2a: sad moments\n|\n|-weather|Snow|[upkeep]\n|upkeep\n|\n|t:|1700425104\n|switch|p2a: It's Glowver|Slowking-Galar, F|70\/100\n|turn|22\n|\n|t:|1700425108\n|move|p1a: Ribombee|Stun Spore|p2a: It's Glowver|[miss]\n|-miss|p1a: Ribombee|p2a: It's Glowver\n|move|p2a: It's Glowver|Sludge Bomb|p1a: Ribombee\n|-supereffective|p1a: Ribombee\n|-damage|p1a: Ribombee|0 fnt\n|faint|p1a: Ribombee\n|\n|-weather|none\n|upkeep\n|\n|t:|1700425111\n|switch|p1a: Garganacl|Garganacl, F|36\/100\n|-damage|p1a: Garganacl|24\/100|[from] Stealth Rock\n|-damage|p1a: Garganacl|11\/100|[from] Spikes\n|turn|23\n|\n|t:|1700425115\n|move|p1a: Garganacl|Recover|p1a: Garganacl\n|-heal|p1a: Garganacl|61\/100\n|move|p2a: It's Glowver|Sludge Bomb|p1a: Garganacl\n|-resisted|p1a: Garganacl\n|-damage|p1a: Garganacl|47\/100\n|\n|-heal|p1a: Garganacl|53\/100|[from] item: Leftovers\n|upkeep\n|turn|24\n|\n|t:|1700425120\n|move|p1a: Garganacl|Recover|p1a: Garganacl\n|-heal|p1a: Garganacl|100\/100\n|move|p2a: It's Glowver|Psyshock|p1a: Garganacl\n|-damage|p1a: Garganacl|85\/100\n|\n|-heal|p1a: Garganacl|92\/100|[from] item: Leftovers\n|upkeep\n|turn|25\n|\n|t:|1700425123\n|move|p1a: Garganacl|Salt Cure|p2a: It's Glowver\n|-damage|p2a: It's Glowver|60\/100\n|-start|p2a: It's Glowver|Salt Cure\n|move|p2a: It's Glowver|Psyshock|p1a: Garganacl\n|-crit|p1a: Garganacl\n|-damage|p1a: Garganacl|70\/100\n|\n|-heal|p1a: Garganacl|76\/100|[from] item: Leftovers\n|-damage|p2a: It's Glowver|48\/100|[from] Salt Cure\n|upkeep\n|turn|26\n|c|\u2606lux2821|gg\n|\n|t:|1700425130\n|move|p2a: It's Glowver|Sludge Bomb|p1a: Garganacl\n|-resisted|p1a: Garganacl\n|-damage|p1a: Garganacl|62\/100\n|move|p1a: Garganacl|Avalanche|p2a: It's Glowver\n|-damage|p2a: It's Glowver|29\/100\n|\n|-heal|p1a: Garganacl|68\/100|[from] item: Leftovers\n|-damage|p2a: It's Glowver|17\/100|[from] Salt Cure\n|upkeep\n|turn|27\n|c|\u2606Bio_Hazz|gg\n|inactive|lux2821 has 270 seconds left.\n|\n|t:|1700425161\n|move|p1a: Garganacl|Recover|p1a: Garganacl\n|-heal|p1a: Garganacl|100\/100\n|move|p2a: It's Glowver|Sludge Bomb|p1a: Garganacl\n|-resisted|p1a: Garganacl\n|-damage|p1a: Garganacl|84\/100\n|\n|-heal|p1a: Garganacl|91\/100|[from] item: Leftovers\n|-damage|p2a: It's Glowver|4\/100|[from] Salt Cure\n|upkeep\n|turn|28\n|-message|lux2821 forfeited.\n|\n|win|Bio_Hazz\n|l|\u2606lux2821\n","uploadtime":1700425174,"views":22,"p1id":"biohazz","p2id":"lux2821","formatid":"gen9ou","rating":0,"private":0,"password":""}