{"id":"gen9ou-1996677697","p1":"ruby-yao","p2":"Fly Enby","format":"[Gen 9] OU","log":"|j|\u2606ruby-yao\n|j|\u2606Fly Enby\n|t:|1700708554\n|gametype|singles\n|player|p1|ruby-yao|lucas|1072\n|player|p2|Fly Enby|buck|1119\n|teamsize|p1|6\n|teamsize|p2|6\n|gen|9\n|tier|[Gen 9] OU\n|rated|\n|rule|Sleep Clause Mod: Limit one foe put to sleep\n|rule|Species Clause: Limit one of each Pok\u00e9mon\n|rule|OHKO Clause: OHKO moves are banned\n|rule|Evasion Items Clause: Evasion items are banned\n|rule|Evasion Moves Clause: Evasion moves are banned\n|rule|Endless Battle Clause: Forcing endless battles is banned\n|rule|HP Percentage Mod: HP is shown in percentages\n|clearpoke\n|poke|p1|Pelipper, M|\n|poke|p1|Thundurus-Therian, M|\n|poke|p1|Azumarill, F|\n|poke|p1|Ogerpon-Wellspring, F|\n|poke|p1|Greninja-*, M|\n|poke|p1|Scizor, F|\n|poke|p2|Kingambit, M|\n|poke|p2|Hatterene, F|\n|poke|p2|Lycanroc, F|\n|poke|p2|Forretress, M|\n|poke|p2|Tyranitar, M|\n|poke|p2|Houndstone, M|\n|teampreview\n|inactive|Battle timer is ON: inactive players will automatically lose when time's up. (requested by Fly Enby)\n|inactive|ruby-yao also wants the timer to be on.\n|\n|t:|1700708559\n|start\n|switch|p1a: \u6211\u4e0d\u4f1a\u55b7\u5c04|Azumarill, F, shiny|100\/100\n|switch|p2a: Tyranitar|Tyranitar, M|100\/100\n|-weather|Sandstorm|[from] ability: Sand Stream|[of] p2a: Tyranitar\n|turn|1\n|\n|t:|1700708572\n|switch|p2a: Forretress|Forretress, M|100\/100\n|move|p1a: \u6211\u4e0d\u4f1a\u55b7\u5c04|Belly Drum|p1a: \u6211\u4e0d\u4f1a\u55b7\u5c04\n|-damage|p1a: \u6211\u4e0d\u4f1a\u55b7\u5c04|50\/100\n|-setboost|p1a: \u6211\u4e0d\u4f1a\u55b7\u5c04|atk|6|[from] move: Belly Drum\n|-enditem|p1a: \u6211\u4e0d\u4f1a\u55b7\u5c04|Sitrus Berry|[eat]\n|-heal|p1a: \u6211\u4e0d\u4f1a\u55b7\u5c04|75\/100|[from] item: Sitrus Berry\n|\n|-weather|Sandstorm|[upkeep]\n|-damage|p1a: \u6211\u4e0d\u4f1a\u55b7\u5c04|69\/100|[from] Sandstorm\n|upkeep\n|turn|2\n|\n|t:|1700708585\n|move|p1a: \u6211\u4e0d\u4f1a\u55b7\u5c04|Ice Punch|p2a: Forretress\n|-resisted|p2a: Forretress\n|-damage|p2a: Forretress|64\/100\n|-status|p2a: Forretress|frz\n|cant|p2a: Forretress|frz\n|\n|-weather|Sandstorm|[upkeep]\n|-damage|p1a: \u6211\u4e0d\u4f1a\u55b7\u5c04|63\/100|[from] Sandstorm\n|-heal|p2a: Forretress|70\/100 frz|[from] item: Leftovers\n|upkeep\n|turn|3\n|\n|t:|1700708591\n|move|p1a: \u6211\u4e0d\u4f1a\u55b7\u5c04|Aqua Jet|p2a: Forretress\n|-damage|p2a: Forretress|11\/100 frz\n|-curestatus|p2a: Forretress|frz|[msg]\n|move|p2a: Forretress|Iron Head|p1a: \u6211\u4e0d\u4f1a\u55b7\u5c04\n|-damage|p1a: \u6211\u4e0d\u4f1a\u55b7\u5c04|37\/100\n|\n|-weather|Sandstorm|[upkeep]\n|-damage|p1a: \u6211\u4e0d\u4f1a\u55b7\u5c04|31\/100|[from] Sandstorm\n|-heal|p2a: Forretress|17\/100|[from] item: Leftovers\n|upkeep\n|turn|4\n|\n|t:|1700708603\n|move|p1a: \u6211\u4e0d\u4f1a\u55b7\u5c04|Aqua Jet|p2a: Forretress\n|-damage|p2a: Forretress|0 fnt\n|faint|p2a: Forretress\n|\n|-weather|Sandstorm|[upkeep]\n|-damage|p1a: \u6211\u4e0d\u4f1a\u55b7\u5c04|25\/100|[from] Sandstorm\n|upkeep\n|\n|t:|1700708608\n|switch|p2a: Houndstone|Houndstone, M|100\/100\n|turn|5\n|\n|t:|1700708615\n|move|p1a: \u6211\u4e0d\u4f1a\u55b7\u5c04|Aqua Jet|p2a: Houndstone\n|-damage|p2a: Houndstone|0 fnt\n|faint|p2a: Houndstone\n|\n|-weather|Sandstorm|[upkeep]\n|-damage|p1a: \u6211\u4e0d\u4f1a\u55b7\u5c04|18\/100|[from] Sandstorm\n|upkeep\n|\n|t:|1700708623\n|switch|p2a: Kingambit|Kingambit, M|100\/100\n|-activate|p2a: Kingambit|ability: Supreme Overlord\n|-start|p2a: Kingambit|fallen2|[silent]\n|turn|6\n|\n|t:|1700708636\n|move|p2a: Kingambit|Sucker Punch|p1a: \u6211\u4e0d\u4f1a\u55b7\u5c04\n|-resisted|p1a: \u6211\u4e0d\u4f1a\u55b7\u5c04\n|-damage|p1a: \u6211\u4e0d\u4f1a\u55b7\u5c04|0 fnt\n|faint|p1a: \u6211\u4e0d\u4f1a\u55b7\u5c04\n|\n|-weather|Sandstorm|[upkeep]\n|upkeep\n|\n|t:|1700708641\n|switch|p1a: \u6211\u4e0d\u4f1a\u4e0b\u96e8|Pelipper, M, shiny|100\/100\n|-weather|RainDance|[from] ability: Drizzle|[of] p1a: \u6211\u4e0d\u4f1a\u4e0b\u96e8\n|turn|7\n|\n|t:|1700708654\n|move|p1a: \u6211\u4e0d\u4f1a\u4e0b\u96e8|U-turn|p2a: Kingambit\n|-damage|p2a: Kingambit|95\/100\n|\n|t:|1700708658\n|switch|p1a: \u6211\u4e0d\u4f1a\u5b50\u5f39|Scizor, F|100\/100|[from] U-turn\n|move|p2a: Kingambit|Iron Head|p1a: \u6211\u4e0d\u4f1a\u5b50\u5f39\n|-resisted|p1a: \u6211\u4e0d\u4f1a\u5b50\u5f39\n|-damage|p1a: \u6211\u4e0d\u4f1a\u5b50\u5f39|72\/100\n|\n|-weather|RainDance|[upkeep]\n|-heal|p2a: Kingambit|100\/100|[from] item: Leftovers\n|upkeep\n|turn|8\n|\n|t:|1700708664\n|-end|p2a: Kingambit|fallen2|[silent]\n|switch|p2a: Hatterene|Hatterene, F|100\/100\n|move|p1a: \u6211\u4e0d\u4f1a\u5b50\u5f39|Close Combat|p2a: Hatterene\n|-resisted|p2a: Hatterene\n|-damage|p2a: Hatterene|87\/100\n|-unboost|p1a: \u6211\u4e0d\u4f1a\u5b50\u5f39|def|1\n|-unboost|p1a: \u6211\u4e0d\u4f1a\u5b50\u5f39|spd|1\n|\n|-weather|RainDance|[upkeep]\n|-heal|p2a: Hatterene|93\/100|[from] item: Leftovers\n|upkeep\n|turn|9\n|\n|t:|1700708676\n|switch|p2a: Tyranitar|Tyranitar, M|100\/100\n|-weather|Sandstorm|[from] ability: Sand Stream|[of] p2a: Tyranitar\n|move|p1a: \u6211\u4e0d\u4f1a\u5b50\u5f39|Bullet Punch|p2a: Tyranitar\n|-supereffective|p2a: Tyranitar\n|-damage|p2a: Tyranitar|38\/100\n|\n|-weather|Sandstorm|[upkeep]\n|upkeep\n|turn|10\n|\n|t:|1700708688\n|switch|p2a: Kingambit|Kingambit, M|100\/100\n|-activate|p2a: Kingambit|ability: Supreme Overlord\n|-start|p2a: Kingambit|fallen2|[silent]\n|move|p1a: \u6211\u4e0d\u4f1a\u5b50\u5f39|Bullet Punch|p2a: Kingambit\n|-resisted|p2a: Kingambit\n|-damage|p2a: Kingambit|88\/100\n|\n|-weather|Sandstorm|[upkeep]\n|-heal|p2a: Kingambit|94\/100|[from] item: Leftovers\n|upkeep\n|turn|11\n|\n|t:|1700708697\n|move|p2a: Kingambit|Sucker Punch|p1a: \u6211\u4e0d\u4f1a\u5b50\u5f39\n|-damage|p1a: \u6211\u4e0d\u4f1a\u5b50\u5f39|0 fnt\n|faint|p1a: \u6211\u4e0d\u4f1a\u5b50\u5f39\n|\n|-weather|Sandstorm|[upkeep]\n|-heal|p2a: Kingambit|100\/100|[from] item: Leftovers\n|upkeep\n|\n|t:|1700708704\n|switch|p1a: \u6211\u4e0d\u4f1a\u6ce2\u52a8|Greninja, M|100\/100\n|turn|12\n|\n|t:|1700708711\n|-end|p2a: Kingambit|fallen2|[silent]\n|switch|p2a: Hatterene|Hatterene, F|93\/100\n|move|p1a: \u6211\u4e0d\u4f1a\u6ce2\u52a8|Surf|p2a: Hatterene\n|-damage|p2a: Hatterene|39\/100\n|-damage|p1a: \u6211\u4e0d\u4f1a\u6ce2\u52a8|91\/100|[from] item: Life Orb\n|\n|-weather|Sandstorm|[upkeep]\n|-damage|p1a: \u6211\u4e0d\u4f1a\u6ce2\u52a8|85\/100|[from] Sandstorm\n|-damage|p2a: Hatterene|33\/100|[from] Sandstorm\n|-heal|p2a: Hatterene|39\/100|[from] item: Leftovers\n|upkeep\n|turn|13\n|\n|t:|1700708716\n|move|p1a: \u6211\u4e0d\u4f1a\u6ce2\u52a8|Surf|p2a: Hatterene\n|-damage|p2a: Hatterene|0 fnt\n|faint|p2a: Hatterene\n|-ability|p1a: \u6211\u4e0d\u4f1a\u6ce2\u52a8|Battle Bond|boost\n|-boost|p1a: \u6211\u4e0d\u4f1a\u6ce2\u52a8|atk|1\n|-boost|p1a: \u6211\u4e0d\u4f1a\u6ce2\u52a8|spa|1\n|-boost|p1a: \u6211\u4e0d\u4f1a\u6ce2\u52a8|spe|1\n|-activate|p1a: \u6211\u4e0d\u4f1a\u6ce2\u52a8|ability: Battle Bond\n|-damage|p1a: \u6211\u4e0d\u4f1a\u6ce2\u52a8|75\/100|[from] item: Life Orb\n|\n|-weather|Sandstorm|[upkeep]\n|-damage|p1a: \u6211\u4e0d\u4f1a\u6ce2\u52a8|69\/100|[from] Sandstorm\n|upkeep\n|\n|t:|1700708723\n|switch|p2a: Lycanroc|Lycanroc, F|100\/100\n|turn|14\n|\n|t:|1700708734\n|move|p2a: Lycanroc|Play Rough|p1a: \u6211\u4e0d\u4f1a\u6ce2\u52a8\n|-supereffective|p1a: \u6211\u4e0d\u4f1a\u6ce2\u52a8\n|-damage|p1a: \u6211\u4e0d\u4f1a\u6ce2\u52a8|0 fnt\n|faint|p1a: \u6211\u4e0d\u4f1a\u6ce2\u52a8\n|\n|-weather|Sandstorm|[upkeep]\n|upkeep\n|\n|t:|1700708742\n|switch|p1a: \u6211\u4e0d\u4f1a\u4e0b\u96e8|Pelipper, M, shiny|100\/100\n|-weather|RainDance|[from] ability: Drizzle|[of] p1a: \u6211\u4e0d\u4f1a\u4e0b\u96e8\n|turn|15\n|\n|t:|1700708747\n|move|p2a: Lycanroc|Stone Edge|p1a: \u6211\u4e0d\u4f1a\u4e0b\u96e8\n|-supereffective|p1a: \u6211\u4e0d\u4f1a\u4e0b\u96e8\n|-damage|p1a: \u6211\u4e0d\u4f1a\u4e0b\u96e8|26\/100\n|move|p1a: \u6211\u4e0d\u4f1a\u4e0b\u96e8|Surf|p2a: Lycanroc\n|-supereffective|p2a: Lycanroc\n|-damage|p2a: Lycanroc|0 fnt\n|faint|p2a: Lycanroc\n|\n|-weather|RainDance|[upkeep]\n|upkeep\n|\n|t:|1700708758\n|switch|p2a: Tyranitar|Tyranitar, M|38\/100\n|-weather|Sandstorm|[from] ability: Sand Stream|[of] p2a: Tyranitar\n|turn|16\n|\n|t:|1700708765\n|switch|p1a: \u6211\u4e0d\u4f1a\u5251\u821e|Ogerpon-Wellspring, F|100\/100\n|move|p2a: Tyranitar|Dark Pulse|p1a: \u6211\u4e0d\u4f1a\u5251\u821e\n|-damage|p1a: \u6211\u4e0d\u4f1a\u5251\u821e|65\/100\n|\n|-weather|Sandstorm|[upkeep]\n|-damage|p1a: \u6211\u4e0d\u4f1a\u5251\u821e|59\/100|[from] Sandstorm\n|upkeep\n|turn|17\n|\n|t:|1700708776\n|move|p1a: \u6211\u4e0d\u4f1a\u5251\u821e|Swords Dance|p1a: \u6211\u4e0d\u4f1a\u5251\u821e\n|-boost|p1a: \u6211\u4e0d\u4f1a\u5251\u821e|atk|2\n|move|p2a: Tyranitar|Dark Pulse|p1a: \u6211\u4e0d\u4f1a\u5251\u821e\n|-damage|p1a: \u6211\u4e0d\u4f1a\u5251\u821e|21\/100\n|\n|-weather|Sandstorm|[upkeep]\n|-damage|p1a: \u6211\u4e0d\u4f1a\u5251\u821e|15\/100|[from] Sandstorm\n|upkeep\n|turn|18\n|\n|t:|1700708782\n|move|p1a: \u6211\u4e0d\u4f1a\u5251\u821e|Horn Leech|p2a: Tyranitar\n|-supereffective|p2a: Tyranitar\n|-damage|p2a: Tyranitar|0 fnt\n|-heal|p1a: \u6211\u4e0d\u4f1a\u5251\u821e|39\/100|[from] drain|[of] p2a: Tyranitar\n|faint|p2a: Tyranitar\n|\n|-weather|Sandstorm|[upkeep]\n|-damage|p1a: \u6211\u4e0d\u4f1a\u5251\u821e|33\/100|[from] Sandstorm\n|upkeep\n|\n|t:|1700708785\n|switch|p2a: Kingambit|Kingambit, M|100\/100\n|-activate|p2a: Kingambit|ability: Supreme Overlord\n|-start|p2a: Kingambit|fallen5|[silent]\n|turn|19\n|\n|t:|1700708806\n|move|p2a: Kingambit|Sucker Punch|p1a: \u6211\u4e0d\u4f1a\u5251\u821e\n|-damage|p1a: \u6211\u4e0d\u4f1a\u5251\u821e|0 fnt\n|faint|p1a: \u6211\u4e0d\u4f1a\u5251\u821e\n|\n|-weather|Sandstorm|[upkeep]\n|upkeep\n|\n|t:|1700708809\n|switch|p1a: \u6211\u4e0d\u4f1a\u4e0b\u96e8|Pelipper, M, shiny|26\/100\n|-weather|RainDance|[from] ability: Drizzle|[of] p1a: \u6211\u4e0d\u4f1a\u4e0b\u96e8\n|turn|20\n|\n|t:|1700708814\n|move|p1a: \u6211\u4e0d\u4f1a\u4e0b\u96e8|Roost|p1a: \u6211\u4e0d\u4f1a\u4e0b\u96e8\n|-heal|p1a: \u6211\u4e0d\u4f1a\u4e0b\u96e8|76\/100\n|-singleturn|p1a: \u6211\u4e0d\u4f1a\u4e0b\u96e8|move: Roost\n|move|p2a: Kingambit|Swords Dance|p2a: Kingambit\n|-boost|p2a: Kingambit|atk|2\n|\n|-weather|RainDance|[upkeep]\n|upkeep\n|turn|21\n|\n|t:|1700708822\n|move|p2a: Kingambit|Sucker Punch|p1a: \u6211\u4e0d\u4f1a\u4e0b\u96e8\n|-damage|p1a: \u6211\u4e0d\u4f1a\u4e0b\u96e8|0 fnt\n|faint|p1a: \u6211\u4e0d\u4f1a\u4e0b\u96e8\n|\n|-weather|RainDance|[upkeep]\n|upkeep\n|\n|t:|1700708825\n|switch|p1a: \u6211\u4e0d\u4f1a\u6253\u96f7|Thundurus-Therian, M|100\/100\n|turn|22\n|\n|t:|1700708830\n|-terastallize|p1a: \u6211\u4e0d\u4f1a\u6253\u96f7|Electric\n|move|p2a: Kingambit|Sucker Punch|p1a: \u6211\u4e0d\u4f1a\u6253\u96f7\n|-damage|p1a: \u6211\u4e0d\u4f1a\u6253\u96f7|0 fnt\n|faint|p1a: \u6211\u4e0d\u4f1a\u6253\u96f7\n|\n|win|Fly Enby\n|raw|ruby-yao's rating: 1072 &rarr; <strong>1054<\/strong><br \/>(-18 for losing)\n|raw|Fly Enby's rating: 1119 &rarr; <strong>1141<\/strong><br \/>(+22 for winning)\n|l|\u2606ruby-yao\n","uploadtime":1700708839,"views":2,"p1id":"rubyyao","p2id":"flyenby","formatid":"gen9ou","rating":1054,"private":0,"password":""}