{"id":"gen9ou-1994305635","p1":"BOX CRUSHER","p2":"samboiiii","format":"[Gen 9] OU","log":"|j|\u2606BOX CRUSHER\n|j|\u2606samboiiii\n|t:|1700429193\n|gametype|singles\n|player|p1|BOX CRUSHER|ruinmaniac|1340\n|player|p2|samboiiii|1|1267\n|teamsize|p1|6\n|teamsize|p2|6\n|gen|9\n|tier|[Gen 9] OU\n|rated|\n|rule|Sleep Clause Mod: Limit one foe put to sleep\n|rule|Species Clause: Limit one of each Pok\u00e9mon\n|rule|OHKO Clause: OHKO moves are banned\n|rule|Evasion Items Clause: Evasion items are banned\n|rule|Evasion Moves Clause: Evasion moves are banned\n|rule|Endless Battle Clause: Forcing endless battles is banned\n|rule|HP Percentage Mod: HP is shown in percentages\n|clearpoke\n|poke|p1|Bronzong|\n|poke|p1|Clefable, M|\n|poke|p1|Weezing-Galar, F|\n|poke|p1|Gholdengo|\n|poke|p1|Tatsugiri, F|\n|poke|p1|Ting-Lu|\n|poke|p2|Great Tusk|\n|poke|p2|Kingambit, M|\n|poke|p2|Ogerpon-Wellspring, F|\n|poke|p2|Zapdos|\n|poke|p2|Ribombee, M|\n|poke|p2|Landorus-Therian, M|\n|teampreview\n|inactive|Battle timer is ON: inactive players will automatically lose when time's up. (requested by samboiiii)\n|c|\u2606samboiiii|glhf\n|\n|t:|1700429217\n|start\n|switch|p1a: Bronzong|Bronzong|100\/100\n|switch|p2a: zapuno|Zapdos, shiny|100\/100\n|turn|1\n|\n|t:|1700429225\n|move|p2a: zapuno|Heat Wave|p1a: Bronzong\n|-supereffective|p1a: Bronzong\n|-damage|p1a: Bronzong|59\/100\n|-status|p1a: Bronzong|brn\n|move|p1a: Bronzong|Stealth Rock|p2a: zapuno\n|-sidestart|p2: samboiiii|move: Stealth Rock\n|\n|-heal|p1a: Bronzong|65\/100 brn|[from] item: Leftovers\n|-damage|p1a: Bronzong|59\/100 brn|[from] brn\n|upkeep\n|turn|2\n|\n|t:|1700429238\n|switch|p1a: Ting-Lu|Ting-Lu|100\/100\n|-ability|p1a: Ting-Lu|Vessel of Ruin\n|move|p2a: zapuno|Thunderbolt|p1a: Ting-Lu\n|-immune|p1a: Ting-Lu\n|\n|upkeep\n|turn|3\n|\n|t:|1700429250\n|switch|p2a: dream(fatherless)|Ogerpon-Wellspring, F|100\/100\n|-damage|p2a: dream(fatherless)|88\/100|[from] Stealth Rock\n|switch|p1a: Gholdengo|Gholdengo|100\/100\n|\n|upkeep\n|turn|4\n|\n|t:|1700429261\n|switch|p1a: Clefable|Clefable, M|100\/100\n|move|p2a: dream(fatherless)|Knock Off|p1a: Clefable\n|-resisted|p1a: Clefable\n|-crit|p1a: Clefable\n|-damage|p1a: Clefable|70\/100\n|-enditem|p1a: Clefable|Heavy-Duty Boots|[from] move: Knock Off|[of] p2a: dream(fatherless)\n|\n|upkeep\n|turn|5\n|\n|t:|1700429272\n|move|p2a: dream(fatherless)|Swords Dance|p2a: dream(fatherless)\n|-boost|p2a: dream(fatherless)|atk|2\n|move|p1a: Clefable|Encore|p2a: dream(fatherless)\n|-start|p2a: dream(fatherless)|Encore\n|\n|upkeep\n|turn|6\n|\n|t:|1700429282\n|switch|p2a: lando t|Landorus-Therian, M, shiny|100\/100\n|-damage|p2a: lando t|88\/100|[from] Stealth Rock\n|-ability|p2a: lando t|Intimidate|boost\n|-unboost|p1a: Clefable|atk|1\n|move|p1a: Clefable|Ice Beam|p2a: lando t\n|-supereffective|p2a: lando t\n|-damage|p2a: lando t|0 fnt\n|faint|p2a: lando t\n|\n|upkeep\n|-message|samboiiii forfeited.\n|\n|win|BOX CRUSHER\n|raw|BOX CRUSHER's rating: 1340 &rarr; <strong>1356<\/strong><br \/>(+16 for winning)\n|raw|samboiiii's rating: 1267 &rarr; <strong>1247<\/strong><br \/>(-20 for losing)\n|l|\u2606samboiiii\n","uploadtime":1700429291,"views":8,"p1id":"boxcrusher","p2id":"samboiiii","formatid":"gen9ou","rating":1247,"private":0,"password":""}