{"id":"gen9ou-1993185130","p1":"lumpfren","p2":"FreeedTheDolfin","format":"[Gen 9] OU","log":"|j|\u2606lumpfren\n|j|\u2606FreeedTheDolfin\n|t:|1700275235\n|gametype|singles\n|player|p1|lumpfren|wattson|\n|player|p2|FreeedTheDolfin|266|\n|teamsize|p1|6\n|teamsize|p2|6\n|gen|9\n|tier|[Gen 9] OU\n|rule|Sleep Clause Mod: Limit one foe put to sleep\n|rule|OHKO Clause: OHKO moves are banned\n|rule|Evasion Items Clause: Evasion items are banned\n|rule|Evasion Moves Clause: Evasion moves are banned\n|rule|Endless Battle Clause: Forcing endless battles is banned\n|rule|HP Percentage Mod: HP is shown in percentages\n|clearpoke\n|poke|p1|Azumarill, M|\n|poke|p1|Lycanroc-Dusk, F|\n|poke|p1|Talonflame, M|\n|poke|p1|Goodra-Hisui, F|\n|poke|p1|Hydreigon, M|\n|poke|p1|Crabominable, F|\n|poke|p2|Indeedee, M|\n|poke|p2|Slowking-Galar, M|\n|poke|p2|Zoroark-Hisui, M|\n|poke|p2|Basculegion, M|\n|poke|p2|Sandslash-Alola, F|\n|poke|p2|Cetitan, M|\n|teampreview\n|j| edicts\n|j| napg0d\n|j| poggerwog\n|j| KINGTONY6\n|c| edicts|fred has ruined the league\n|c|\u2606FreeedTheDolfin|W\n|c|\u2606FreeedTheDolfin|I DONT EVEN HAVE 2 SLOWKINGS\n|c| napg0d|only one slowking...\n|\n|t:|1700275281\n|start\n|switch|p1a: Bakersfield|Lycanroc-Dusk, F|100\/100\n|switch|p2a: Indeedee|Indeedee, M|100\/100\n|-fieldstart|move: Psychic Terrain|[from] ability: Psychic Surge|[of] p2a: Indeedee\n|turn|1\n|\n|t:|1700275296\n|switch|p2a: GOL D ROGER|Slowking-Galar, M|100\/100\n|-enditem|p2a: GOL D ROGER|Psychic Seed\n|-boost|p2a: GOL D ROGER|spd|1|[from] item: Psychic Seed\n|move|p1a: Bakersfield|Crunch|p2a: GOL D ROGER\n|-supereffective|p2a: GOL D ROGER\n|-damage|p2a: GOL D ROGER|50\/100\n|\n|upkeep\n|turn|2\n|\n|t:|1700275311\n|move|p1a: Bakersfield|Crunch|p2a: GOL D ROGER\n|-supereffective|p2a: GOL D ROGER\n|-damage|p2a: GOL D ROGER|0 fnt\n|faint|p2a: GOL D ROGER\n|\n|upkeep\n|\n|t:|1700275315\n|switch|p2a: Sandslash|Sandslash-Alola, F|100\/100\n|turn|3\n|\n|t:|1700275321\n|move|p2a: Sandslash|Rain Dance|p2a: Sandslash\n|-weather|RainDance\n|move|p1a: Bakersfield|Close Combat|p2a: Sandslash\n|-immune|p2a: Sandslash\n|\n|-weather|RainDance|[upkeep]\n|upkeep\n|turn|4\n|c|\u2606lumpfren|LOL\n|c|\u2606FreeedTheDolfin|W\n|\n|t:|1700275344\n|move|p2a: Sandslash|U-turn|p1a: Bakersfield\n|-damage|p1a: Bakersfield|78\/100\n|\n|t:|1700275347\n|switch|p2a: Basculegion|Basculegion, M|100\/100|[from] U-turn\n|move|p1a: Bakersfield|Stealth Rock|p2a: Basculegion\n|-sidestart|p2: FreeedTheDolfin|move: Stealth Rock\n|\n|-weather|RainDance|[upkeep]\n|upkeep\n|turn|5\n|\n|t:|1700275358\n|-terastallize|p2a: Basculegion|Water\n|move|p2a: Basculegion|Wave Crash|p1a: Bakersfield\n|-supereffective|p1a: Bakersfield\n|-damage|p1a: Bakersfield|0 fnt\n|faint|p1a: Bakersfield\n|-damage|p2a: Basculegion|78\/100|[from] Recoil\n|\n|-weather|RainDance|[upkeep]\n|upkeep\n|\n|t:|1700275386\n|switch|p1a: Newport Beach|Azumarill, M|100\/100\n|turn|6\n|\n|t:|1700275396\n|move|p2a: Basculegion|Wave Crash|p1a: Newport Beach\n|-resisted|p1a: Newport Beach\n|-damage|p1a: Newport Beach|34\/100\n|-damage|p2a: Basculegion|55\/100|[from] Recoil\n|move|p1a: Newport Beach|Chilling Water|p2a: Basculegion\n|-resisted|p2a: Basculegion\n|-damage|p2a: Basculegion|46\/100\n|-unboost|p2a: Basculegion|atk|1\n|\n|-weather|RainDance|[upkeep]\n|-heal|p1a: Newport Beach|40\/100|[from] item: Leftovers\n|upkeep\n|turn|7\n|\n|t:|1700275414\n|move|p2a: Basculegion|Wave Crash|p1a: Newport Beach\n|-resisted|p1a: Newport Beach\n|-damage|p1a: Newport Beach|0 fnt\n|faint|p1a: Newport Beach\n|-damage|p2a: Basculegion|32\/100|[from] Recoil\n|\n|-weather|none\n|upkeep\n|\n|t:|1700275437\n|switch|p1a: Torrance|Hydreigon, M|100\/100\n|turn|8\n|\n|t:|1700275444\n|move|p1a: Torrance|Dark Pulse|p2a: Basculegion\n|-damage|p2a: Basculegion|0 fnt\n|faint|p2a: Basculegion\n|\n|-fieldend|move: Psychic Terrain\n|upkeep\n|\n|t:|1700275459\n|switch|p2a: Indeedee|Indeedee, M|100\/100\n|-damage|p2a: Indeedee|88\/100|[from] Stealth Rock\n|-fieldstart|move: Psychic Terrain|[from] ability: Psychic Surge|[of] p2a: Indeedee\n|turn|9\n|c| napg0d|IrOn JuGgUlIs\n|\n|t:|1700275481\n|move|p2a: Indeedee|Dazzling Gleam|p1a: Torrance\n|-supereffective|p1a: Torrance\n|-damage|p1a: Torrance|11\/100\n|move|p1a: Torrance|Dark Pulse|p2a: Indeedee\n|-supereffective|p2a: Indeedee\n|-damage|p2a: Indeedee|0 fnt\n|faint|p2a: Indeedee\n|\n|upkeep\n|\n|t:|1700275488\n|switch|p2a: Sandslash|Sandslash-Alola, F|100\/100\n|-damage|p2a: Sandslash|88\/100|[from] Stealth Rock\n|turn|10\n|\n|t:|1700275502\n|switch|p1a: Los Angeles|Goodra-Hisui, F|100\/100\n|move|p2a: Sandslash|U-turn|p1a: Los Angeles\n|-resisted|p1a: Los Angeles\n|-damage|p1a: Los Angeles|95\/100\n|-ability|p1a: Los Angeles|Gooey\n|-unboost|p2a: Sandslash|spe|1\n|\n|t:|1700275517\n|switch|p2a: Sandslash|Sandslash-Alola, F|100\/100|[from] U-turn\n|-damage|p2a: Sandslash|88\/100|[from] Stealth Rock\n|\n|upkeep\n|turn|11\n|\n|t:|1700275539\n|move|p2a: Sandslash|Rapid Spin|p1a: Los Angeles\n|-resisted|p1a: Los Angeles\n|-damage|p1a: Los Angeles|88\/100\n|-boost|p2a: Sandslash|spe|1\n|-ability|p1a: Los Angeles|Gooey\n|-unboost|p2a: Sandslash|spe|1\n|-sideend|p2: FreeedTheDolfin|Stealth Rock|[from] move: Rapid Spin|[of] p2a: Sandslash\n|move|p1a: Los Angeles|Dragon Tail|p2a: Sandslash\n|-resisted|p2a: Sandslash\n|-damage|p2a: Sandslash|79\/100\n|drag|p2a: Cetitan|Cetitan, M|100\/100\n|\n|upkeep\n|turn|12\n|\n|t:|1700275555\n|move|p2a: Cetitan|Earthquake|p1a: Los Angeles\n|-supereffective|p1a: Los Angeles\n|-damage|p1a: Los Angeles|35\/100\n|move|p1a: Los Angeles|Flash Cannon|p2a: Cetitan\n|-supereffective|p2a: Cetitan\n|-damage|p2a: Cetitan|36\/100\n|-enditem|p2a: Cetitan|Sitrus Berry|[eat]\n|-heal|p2a: Cetitan|61\/100|[from] item: Sitrus Berry\n|\n|upkeep\n|turn|13\n|\n|t:|1700275568\n|switch|p1a: San Luis Obispo|Talonflame, M|100\/100\n|move|p2a: Cetitan|Ice Spinner|p1a: San Luis Obispo\n|-damage|p1a: San Luis Obispo|35\/100\n|-fieldend|move: Psychic Terrain\n|\n|-heal|p1a: San Luis Obispo|41\/100|[from] item: Leftovers\n|upkeep\n|turn|14\n|\n|t:|1700275581\n|move|p1a: San Luis Obispo|Flare Blitz|p2a: Cetitan\n|-supereffective|p2a: Cetitan\n|-damage|p2a: Cetitan|0 fnt\n|faint|p2a: Cetitan\n|-damage|p1a: San Luis Obispo|8\/100|[from] Recoil\n|\n|-heal|p1a: San Luis Obispo|14\/100|[from] item: Leftovers\n|upkeep\n|\n|t:|1700275596\n|switch|p2a: Sandslash|Sandslash-Alola, F|79\/100\n|turn|15\n|\n|t:|1700275634\n|switch|p1a: Big Bear|Crabominable, F|100\/100\n|move|p2a: Sandslash|Ice Spinner|p1a: Big Bear\n|-resisted|p1a: Big Bear\n|-damage|p1a: Big Bear|80\/100\n|\n|upkeep\n|turn|16\n|\n|t:|1700275664\n|move|p2a: Sandslash|Rock Slide|p1a: Big Bear\n|-damage|p1a: Big Bear|54\/100\n|move|p1a: Big Bear|Fling|p2a: Sandslash\n|-damage|p2a: Sandslash|26\/100\n|-enditem|p1a: Big Bear|Big Nugget|[from] move: Fling\n|\n|upkeep\n|turn|17\n|c| poggerwog|thats so awesome\n|\n|t:|1700275685\n|move|p2a: Sandslash|Earthquake|p1a: Big Bear\n|-damage|p1a: Big Bear|18\/100\n|move|p1a: Big Bear|Drain Punch|p2a: Sandslash\n|-supereffective|p2a: Sandslash\n|-damage|p2a: Sandslash|0 fnt\n|-heal|p1a: Big Bear|29\/100|[from] drain|[of] p2a: Sandslash\n|faint|p2a: Sandslash\n|\n|upkeep\n|j| LuichoX\n|\n|t:|1700275692\n|switch|p2a: Zoroark|Zoroark-Hisui, M|88\/100\n|turn|18\n|c| LuichoX|its the tm for overheat\n|\n|t:|1700275702\n|move|p2a: Zoroark|Shadow Ball|p1a: Big Bear\n|-damage|p1a: Big Bear|0 fnt\n|faint|p1a: Big Bear\n|\n|upkeep\n|\n|t:|1700275712\n|switch|p1a: San Luis Obispo|Talonflame, M|14\/100\n|turn|19\n|\n|t:|1700275731\n|move|p1a: San Luis Obispo|U-turn|p2a: Zoroark\n|-resisted|p2a: Zoroark\n|-damage|p2a: Zoroark|73\/100\n|\n|t:|1700275734\n|switch|p1a: Torrance|Hydreigon, M|11\/100|[from] U-turn\n|move|p2a: Zoroark|Shadow Ball|p1a: Torrance\n|-resisted|p1a: Torrance\n|-damage|p1a: Torrance|0 fnt\n|faint|p1a: Torrance\n|\n|upkeep\n|\n|t:|1700275747\n|switch|p1a: San Luis Obispo|Talonflame, M|14\/100\n|turn|20\n|\n|t:|1700275753\n|move|p1a: San Luis Obispo|U-turn|p2a: Zoroark\n|-resisted|p2a: Zoroark\n|-damage|p2a: Zoroark|57\/100\n|\n|t:|1700275756\n|switch|p1a: Los Angeles|Goodra-Hisui, F|35\/100|[from] U-turn\n|move|p2a: Zoroark|Shadow Ball|p1a: Los Angeles\n|-damage|p1a: Los Angeles|12\/100\n|\n|upkeep\n|turn|21\n|\n|t:|1700275765\n|move|p2a: Zoroark|Shadow Ball|p1a: Los Angeles\n|-damage|p1a: Los Angeles|0 fnt\n|faint|p1a: Los Angeles\n|\n|upkeep\n|\n|t:|1700275769\n|switch|p1a: San Luis Obispo|Talonflame, M|14\/100\n|turn|22\n|c| edicts|FRED U JUST GOT FLEECED\n|\n|t:|1700275774\n|-terastallize|p1a: San Luis Obispo|Fire\n|move|p1a: San Luis Obispo|Flare Blitz|p2a: Zoroark\n|-damage|p2a: Zoroark|0 fnt\n|faint|p2a: Zoroark\n|-damage|p1a: San Luis Obispo|0 fnt|[from] Recoil\n|faint|p1a: San Luis Obispo\n|\n|win|lumpfren\n|c| KINGTONY6|holy shit\n|c| KINGTONY6|first 0 - 0 ending\n|c|\u2606lumpfren|lmaoo\n|l|\u2606FreeedTheDolfin\n|c| LuichoX|rolled\n|c| KINGTONY6|i have just received information that this is not true\n|l| poggerwog\n|c| KINGTONY6|sorry\n|l| KINGTONY6\n|l| napg0d\n|l| edicts\n|l| LuichoX\n","uploadtime":1700275785,"views":12,"p1id":"lumpfren","p2id":"freeedthedolfin","formatid":"gen9ou","rating":0,"private":0,"password":""}