{"id":"gen9ou-1995876013","p1":"chasemitchell","p2":"Sr.Haruno","format":"[Gen 9] OU","log":"|j|\u2606chasemitchell\n|j|\u2606Sr.Haruno\n|t:|1700612439\n|gametype|singles\n|player|p1|chasemitchell|1|1416\n|player|p2|Sr.Haruno|hilbert|1478\n|teamsize|p1|6\n|teamsize|p2|6\n|gen|9\n|tier|[Gen 9] OU\n|rated|\n|rule|Sleep Clause Mod: Limit one foe put to sleep\n|rule|Species Clause: Limit one of each Pok\u00e9mon\n|rule|OHKO Clause: OHKO moves are banned\n|rule|Evasion Items Clause: Evasion items are banned\n|rule|Evasion Moves Clause: Evasion moves are banned\n|rule|Endless Battle Clause: Forcing endless battles is banned\n|rule|HP Percentage Mod: HP is shown in percentages\n|clearpoke\n|poke|p1|Goodra-Hisui, M|\n|poke|p1|Samurott-Hisui, M|\n|poke|p1|Great Tusk|\n|poke|p1|Landorus-Therian, M|\n|poke|p1|Rillaboom, F|\n|poke|p1|Fezandipiti, M|\n|poke|p2|Ribombee, F|\n|poke|p2|Rillaboom, F|\n|poke|p2|Dragapult, F|\n|poke|p2|Gholdengo|\n|poke|p2|Great Tusk|\n|poke|p2|Kingambit, M|\n|teampreview\n|inactive|Battle timer is ON: inactive players will automatically lose when time's up. (requested by Sr.Haruno)\n|\n|t:|1700612461\n|start\n|switch|p1a: Goodra|Goodra-Hisui, M|100\/100\n|switch|p2a: Ribombee|Ribombee, F, shiny|100\/100\n|turn|1\n|\n|t:|1700612483\n|move|p2a: Ribombee|Sticky Web|p1a: Goodra\n|-sidestart|p1: chasemitchell|move: Sticky Web\n|move|p1a: Goodra|Heavy Slam|p2a: Ribombee\n|-supereffective|p2a: Ribombee\n|-enditem|p2a: Ribombee|Focus Sash\n|-damage|p2a: Ribombee|1\/100\n|\n|upkeep\n|turn|2\n|\n|t:|1700612490\n|move|p2a: Ribombee|Stun Spore|p1a: Goodra\n|-ability|p1a: Goodra|Sap Sipper|boost\n|-boost|p1a: Goodra|atk|1\n|move|p1a: Goodra|Knock Off|p2a: Ribombee\n|-resisted|p2a: Ribombee\n|-damage|p2a: Ribombee|0 fnt\n|faint|p2a: Ribombee\n|\n|upkeep\n|\n|t:|1700612501\n|switch|p2a: Rillaboom|Rillaboom, F|100\/100\n|-fieldstart|move: Grassy Terrain|[from] ability: Grassy Surge|[of] p2a: Rillaboom\n|turn|3\n|\n|t:|1700612514\n|move|p2a: Rillaboom|Knock Off|p1a: Goodra\n|-damage|p1a: Goodra|53\/100\n|-enditem|p1a: Goodra|Leftovers|[from] move: Knock Off|[of] p2a: Rillaboom\n|move|p1a: Goodra|Heavy Slam|p2a: Rillaboom\n|-damage|p2a: Rillaboom|51\/100\n|\n|-heal|p2a: Rillaboom|57\/100|[from] Grassy Terrain\n|-heal|p1a: Goodra|59\/100|[from] Grassy Terrain\n|upkeep\n|turn|4\n|\n|t:|1700612525\n|switch|p2a: Great Tusk|Great Tusk|100\/100\n|move|p1a: Goodra|Knock Off|p2a: Great Tusk\n|-resisted|p2a: Great Tusk\n|-damage|p2a: Great Tusk|86\/100\n|-enditem|p2a: Great Tusk|Heavy-Duty Boots|[from] move: Knock Off|[of] p1a: Goodra\n|\n|-heal|p2a: Great Tusk|92\/100|[from] Grassy Terrain\n|-heal|p1a: Goodra|65\/100|[from] Grassy Terrain\n|upkeep\n|turn|5\n|\n|t:|1700612532\n|switch|p1a: Landorus|Landorus-Therian, M|100\/100\n|-ability|p1a: Landorus|Intimidate|boost\n|-unboost|p2a: Great Tusk|atk|1\n|move|p2a: Great Tusk|Headlong Rush|p1a: Landorus\n|-immune|p1a: Landorus\n|\n|-heal|p2a: Great Tusk|98\/100|[from] Grassy Terrain\n|upkeep\n|turn|6\n|\n|t:|1700612542\n|move|p2a: Great Tusk|Knock Off|p1a: Landorus\n|-crit|p1a: Landorus\n|-damage|p1a: Landorus|60\/100\n|-enditem|p1a: Landorus|Leftovers|[from] move: Knock Off|[of] p2a: Great Tusk\n|move|p1a: Landorus|Taunt|p2a: Great Tusk\n|-start|p2a: Great Tusk|move: Taunt\n|\n|-heal|p2a: Great Tusk|100\/100|[from] Grassy Terrain\n|upkeep\n|turn|7\n|\n|t:|1700612551\n|-end|p2a: Great Tusk|Protosynthesis|[silent]\n|switch|p2a: Rillaboom|Rillaboom, F|57\/100\n|move|p1a: Landorus|Smack Down|p2a: Rillaboom\n|-damage|p2a: Rillaboom|40\/100\n|\n|-heal|p2a: Rillaboom|46\/100|[from] Grassy Terrain\n|-fieldend|move: Grassy Terrain\n|upkeep\n|turn|8\n|\n|t:|1700612557\n|switch|p1a: Goodra|Goodra-Hisui, M|65\/100\n|-activate|p1a: Goodra|move: Sticky Web\n|-unboost|p1a: Goodra|spe|1\n|move|p2a: Rillaboom|Wood Hammer|p1a: Goodra\n|-ability|p1a: Goodra|Sap Sipper|boost\n|-boost|p1a: Goodra|atk|1\n|\n|upkeep\n|turn|9\n|\n|t:|1700612568\n|switch|p2a: Great Tusk|Great Tusk|100\/100\n|move|p1a: Goodra|Dragon Tail|p2a: Great Tusk\n|-damage|p2a: Great Tusk|73\/100\n|-end|p2a: Great Tusk|Protosynthesis|[silent]\n|drag|p2a: Kingambit|Kingambit, M|100\/100\n|-activate|p2a: Kingambit|ability: Supreme Overlord\n|-start|p2a: Kingambit|fallen1|[silent]\n|\n|upkeep\n|turn|10\n|\n|t:|1700612580\n|-end|p2a: Kingambit|fallen1|[silent]\n|switch|p2a: Great Tusk|Great Tusk|73\/100\n|move|p1a: Goodra|Earthquake|p2a: Great Tusk\n|-damage|p2a: Great Tusk|45\/100\n|\n|upkeep\n|turn|11\n|\n|t:|1700612586\n|switch|p1a: Landorus|Landorus-Therian, M|60\/100\n|-ability|p1a: Landorus|Intimidate|boost\n|-unboost|p2a: Great Tusk|atk|1\n|move|p2a: Great Tusk|Close Combat|p1a: Landorus\n|-resisted|p1a: Landorus\n|-damage|p1a: Landorus|44\/100\n|-unboost|p2a: Great Tusk|def|1\n|-unboost|p2a: Great Tusk|spd|1\n|\n|upkeep\n|turn|12\n|\n|t:|1700612598\n|-end|p2a: Great Tusk|Protosynthesis|[silent]\n|switch|p2a: Rillaboom|Rillaboom, F|46\/100\n|-fieldstart|move: Grassy Terrain|[from] ability: Grassy Surge|[of] p2a: Rillaboom\n|move|p1a: Landorus|U-turn|p2a: Rillaboom\n|-supereffective|p2a: Rillaboom\n|-damage|p2a: Rillaboom|0 fnt\n|faint|p2a: Rillaboom\n|\n|t:|1700612611\n|switch|p1a: Samurott|Samurott-Hisui, M|100\/100|[from] U-turn\n|-activate|p1a: Samurott|move: Sticky Web\n|-unboost|p1a: Samurott|spe|1\n|\n|upkeep\n|\n|t:|1700612614\n|switch|p2a: Great Tusk|Great Tusk|45\/100\n|turn|13\n|\n|t:|1700612618\n|switch|p1a: Landorus|Landorus-Therian, M|44\/100\n|-ability|p1a: Landorus|Intimidate|boost\n|-unboost|p2a: Great Tusk|atk|1\n|move|p2a: Great Tusk|Close Combat|p1a: Landorus\n|-resisted|p1a: Landorus\n|-damage|p1a: Landorus|29\/100\n|-unboost|p2a: Great Tusk|def|1\n|-unboost|p2a: Great Tusk|spd|1\n|\n|-heal|p2a: Great Tusk|51\/100|[from] Grassy Terrain\n|upkeep\n|turn|14\n|\n|t:|1700612627\n|-end|p2a: Great Tusk|Protosynthesis|[silent]\n|switch|p2a: Dragapult|Dragapult, F|100\/100\n|move|p1a: Landorus|Smack Down|p2a: Dragapult\n|-damage|p2a: Dragapult|78\/100\n|\n|-heal|p2a: Dragapult|84\/100|[from] Grassy Terrain\n|upkeep\n|turn|15\n|\n|t:|1700612633\n|move|p2a: Dragapult|U-turn|p1a: Landorus\n|-resisted|p1a: Landorus\n|-damage|p1a: Landorus|23\/100\n|\n|t:|1700612636\n|switch|p2a: Great Tusk|Great Tusk|51\/100|[from] U-turn\n|move|p1a: Landorus|Taunt|p2a: Great Tusk\n|-start|p2a: Great Tusk|move: Taunt\n|\n|-heal|p2a: Great Tusk|57\/100|[from] Grassy Terrain\n|upkeep\n|turn|16\n|\n|t:|1700612642\n|move|p2a: Great Tusk|Close Combat|p1a: Landorus\n|-resisted|p1a: Landorus\n|-damage|p1a: Landorus|0 fnt\n|-unboost|p2a: Great Tusk|def|1\n|-unboost|p2a: Great Tusk|spd|1\n|faint|p1a: Landorus\n|\n|-heal|p2a: Great Tusk|64\/100|[from] Grassy Terrain\n|-fieldend|move: Grassy Terrain\n|upkeep\n|\n|t:|1700612646\n|switch|p1a: Rillaboom|Rillaboom, F|100\/100\n|-activate|p1a: Rillaboom|move: Sticky Web\n|-unboost|p1a: Rillaboom|spe|1\n|-fieldstart|move: Grassy Terrain|[from] ability: Grassy Surge|[of] p1a: Rillaboom\n|turn|17\n|\n|t:|1700612652\n|-end|p2a: Great Tusk|Protosynthesis|[silent]\n|switch|p2a: Dragapult|Dragapult, F|84\/100\n|move|p1a: Rillaboom|Grassy Glide|p2a: Dragapult\n|-resisted|p2a: Dragapult\n|-damage|p2a: Dragapult|43\/100\n|\n|-heal|p2a: Dragapult|49\/100|[from] Grassy Terrain\n|upkeep\n|turn|18\n|\n|t:|1700612659\n|-terastallize|p1a: Rillaboom|Grass\n|move|p1a: Rillaboom|Grassy Glide|p2a: Dragapult\n|-resisted|p2a: Dragapult\n|-damage|p2a: Dragapult|0 fnt\n|faint|p2a: Dragapult\n|\n|upkeep\n|\n|t:|1700612666\n|switch|p2a: Kingambit|Kingambit, M|100\/100\n|-activate|p2a: Kingambit|ability: Supreme Overlord\n|-start|p2a: Kingambit|fallen3|[silent]\n|turn|19\n|\n|t:|1700612673\n|switch|p1a: Great Tusk|Great Tusk|100\/100\n|-activate|p1a: Great Tusk|move: Sticky Web\n|-unboost|p1a: Great Tusk|spe|1\n|-terastallize|p2a: Kingambit|Flying\n|move|p2a: Kingambit|Kowtow Cleave|p1a: Great Tusk\n|-resisted|p1a: Great Tusk\n|-damage|p1a: Great Tusk|85\/100\n|\n|-heal|p1a: Great Tusk|91\/100|[from] Grassy Terrain\n|-heal|p1a: Great Tusk|97\/100|[from] item: Leftovers\n|upkeep\n|turn|20\n|\n|t:|1700612681\n|-end|p2a: Kingambit|fallen3|[silent]\n|switch|p2a: Gholdengo|Gholdengo|100\/100\n|move|p1a: Great Tusk|Rapid Spin|p2a: Gholdengo\n|-immune|p2a: Gholdengo\n|\n|-heal|p1a: Great Tusk|100\/100|[from] Grassy Terrain\n|upkeep\n|turn|21\n|\n|t:|1700612685\n|move|p2a: Gholdengo|Make It Rain|p1a: Great Tusk\n|-damage|p1a: Great Tusk|18\/100\n|-unboost|p2a: Gholdengo|spa|1\n|move|p1a: Great Tusk|Knock Off|p2a: Gholdengo\n|-supereffective|p2a: Gholdengo\n|-damage|p2a: Gholdengo|38\/100\n|-enditem|p2a: Gholdengo|Covert Cloak|[from] move: Knock Off|[of] p1a: Great Tusk\n|\n|-heal|p2a: Gholdengo|44\/100|[from] Grassy Terrain\n|-heal|p1a: Great Tusk|24\/100|[from] Grassy Terrain\n|-heal|p1a: Great Tusk|31\/100|[from] item: Leftovers\n|-fieldend|move: Grassy Terrain\n|upkeep\n|turn|22\n|\n|t:|1700612698\n|move|p2a: Gholdengo|Make It Rain|p1a: Great Tusk\n|-damage|p1a: Great Tusk|0 fnt\n|-unboost|p2a: Gholdengo|spa|1\n|faint|p1a: Great Tusk\n|-end|p1a: Great Tusk|Protosynthesis|[silent]\n|\n|upkeep\n|\n|t:|1700612703\n|switch|p1a: Fezandipiti|Fezandipiti, M|100\/100\n|turn|23\n|\n|t:|1700612707\n|move|p2a: Gholdengo|Recover|p2a: Gholdengo\n|-heal|p2a: Gholdengo|94\/100\n|move|p1a: Fezandipiti|Moonblast|p2a: Gholdengo\n|-resisted|p2a: Gholdengo\n|-damage|p2a: Gholdengo|79\/100\n|\n|upkeep\n|turn|24\n|\n|t:|1700612712\n|move|p2a: Gholdengo|Recover|p2a: Gholdengo\n|-heal|p2a: Gholdengo|100\/100\n|move|p1a: Fezandipiti|Moonblast|p2a: Gholdengo\n|-resisted|p2a: Gholdengo\n|-damage|p2a: Gholdengo|87\/100\n|\n|upkeep\n|turn|25\n|\n|t:|1700612714\n|move|p2a: Gholdengo|Nasty Plot|p2a: Gholdengo\n|-boost|p2a: Gholdengo|spa|2\n|move|p1a: Fezandipiti|Moonblast|p2a: Gholdengo\n|-resisted|p2a: Gholdengo\n|-damage|p2a: Gholdengo|74\/100\n|\n|upkeep\n|turn|26\n|\n|t:|1700612720\n|move|p2a: Gholdengo|Nasty Plot|p2a: Gholdengo\n|-boost|p2a: Gholdengo|spa|2\n|move|p1a: Fezandipiti|Moonblast|p2a: Gholdengo\n|-resisted|p2a: Gholdengo\n|-damage|p2a: Gholdengo|58\/100\n|\n|upkeep\n|turn|27\n|\n|t:|1700612723\n|move|p2a: Gholdengo|Make It Rain|p1a: Fezandipiti\n|-supereffective|p1a: Fezandipiti\n|-damage|p1a: Fezandipiti|0 fnt\n|-unboost|p2a: Gholdengo|spa|1\n|faint|p1a: Fezandipiti\n|\n|upkeep\n|\n|t:|1700612728\n|switch|p1a: Samurott|Samurott-Hisui, M|100\/100\n|-activate|p1a: Samurott|move: Sticky Web\n|-unboost|p1a: Samurott|spe|1\n|turn|28\n|\n|t:|1700612733\n|move|p2a: Gholdengo|Shadow Ball|p1a: Samurott\n|-resisted|p1a: Samurott\n|-damage|p1a: Samurott|68\/100\n|move|p1a: Samurott|Ceaseless Edge|p2a: Gholdengo\n|-supereffective|p2a: Gholdengo\n|-damage|p2a: Gholdengo|0 fnt\n|-sidestart|p2: Sr.Haruno|Spikes\n|faint|p2a: Gholdengo\n|\n|upkeep\n|\n|t:|1700612738\n|switch|p2a: Great Tusk|Great Tusk|64\/100\n|-damage|p2a: Great Tusk|51\/100|[from] Spikes\n|turn|29\n|\n|t:|1700612750\n|move|p1a: Samurott|Aqua Jet|p2a: Great Tusk\n|-supereffective|p2a: Great Tusk\n|-damage|p2a: Great Tusk|24\/100\n|move|p2a: Great Tusk|Close Combat|p1a: Samurott\n|-supereffective|p1a: Samurott\n|-damage|p1a: Samurott|0 fnt\n|-unboost|p2a: Great Tusk|def|1\n|-unboost|p2a: Great Tusk|spd|1\n|faint|p1a: Samurott\n|\n|upkeep\n|\n|t:|1700612755\n|switch|p1a: Rillaboom|Rillaboom, F, tera:Grass|100\/100\n|-activate|p1a: Rillaboom|move: Sticky Web\n|-unboost|p1a: Rillaboom|spe|1\n|-fieldstart|move: Grassy Terrain|[from] ability: Grassy Surge|[of] p1a: Rillaboom\n|turn|30\n|\n|t:|1700612768\n|move|p1a: Rillaboom|Grassy Glide|p2a: Great Tusk\n|-supereffective|p2a: Great Tusk\n|-crit|p2a: Great Tusk\n|-damage|p2a: Great Tusk|0 fnt\n|faint|p2a: Great Tusk\n|-end|p2a: Great Tusk|Protosynthesis|[silent]\n|\n|upkeep\n|inactive|Sr.Haruno has 120 seconds left.\n|\n|t:|1700612804\n|switch|p2a: Kingambit|Kingambit, M, tera:Flying|100\/100\n|-activate|p2a: Kingambit|ability: Supreme Overlord\n|-start|p2a: Kingambit|fallen5|[silent]\n|turn|31\n|inactive|Sr.Haruno has 120 seconds left.\n|\n|t:|1700612811\n|move|p1a: Rillaboom|Grassy Glide|p2a: Kingambit\n|-resisted|p2a: Kingambit\n|-damage|p2a: Kingambit|69\/100\n|move|p2a: Kingambit|Kowtow Cleave|p1a: Rillaboom\n|-damage|p1a: Rillaboom|22\/100\n|\n|-heal|p1a: Rillaboom|28\/100|[from] Grassy Terrain\n|upkeep\n|turn|32\n|\n|t:|1700612816\n|move|p1a: Rillaboom|Grassy Glide|p2a: Kingambit\n|-resisted|p2a: Kingambit\n|-damage|p2a: Kingambit|34\/100\n|move|p2a: Kingambit|Kowtow Cleave|p1a: Rillaboom\n|-damage|p1a: Rillaboom|0 fnt\n|faint|p1a: Rillaboom\n|\n|upkeep\n|\n|t:|1700612820\n|switch|p1a: Goodra|Goodra-Hisui, M|65\/100\n|-activate|p1a: Goodra|move: Sticky Web\n|-unboost|p1a: Goodra|spe|1\n|turn|33\n|\n|t:|1700612828\n|move|p2a: Kingambit|Kowtow Cleave|p1a: Goodra\n|-damage|p1a: Goodra|0 fnt\n|faint|p1a: Goodra\n|\n|win|Sr.Haruno\n|raw|chasemitchell's rating: 1416 &rarr; <strong>1400<\/strong><br \/>(-16 for losing)\n|raw|Sr.Haruno's rating: 1478 &rarr; <strong>1494<\/strong><br \/>(+16 for winning)\n|l|\u2606chasemitchell\n","uploadtime":1700612832,"views":10,"p1id":"chasemitchell","p2id":"srharuno","formatid":"gen9ou","rating":1400,"private":0,"password":""}