{"id":"gen9ou-1995667870","p1":"Abner67","p2":"mmeira","format":"[Gen 9] OU","log":"|j|\u2606Abner67\n|j|\u2606mmeira\n|t:|1700592298\n|gametype|singles\n|player|p1|Abner67|shadowtriad|\n|player|p2|mmeira|n-masters3|\n|teamsize|p1|6\n|teamsize|p2|6\n|gen|9\n|tier|[Gen 9] OU\n|rule|Sleep Clause Mod: Limit one foe put to sleep\n|rule|Species Clause: Limit one of each Pok\u00e9mon\n|rule|OHKO Clause: OHKO moves are banned\n|rule|Evasion Items Clause: Evasion items are banned\n|rule|Evasion Moves Clause: Evasion moves are banned\n|rule|Endless Battle Clause: Forcing endless battles is banned\n|rule|HP Percentage Mod: HP is shown in percentages\n|clearpoke\n|poke|p1|Amoonguss, M|\n|poke|p1|Iron Hands|\n|poke|p1|Goodra, M|\n|poke|p1|Azumarill, F|\n|poke|p1|Iron Treads|\n|poke|p1|Lycanroc, M|\n|poke|p2|Sableye, F|\n|poke|p2|Zapdos|\n|poke|p2|Arcanine-Hisui, M|\n|poke|p2|Brambleghast, F|\n|poke|p2|Scizor, F|\n|poke|p2|Tyranitar, M|\n|teampreview\n|\n|t:|1700592341\n|start\n|switch|p1a: Iron Treads|Iron Treads|100\/100\n|switch|p2a: Scizor|Scizor, F|100\/100\n|turn|1\n|\n|t:|1700592352\n|move|p1a: Iron Treads|Stealth Rock|p2a: Scizor\n|-sidestart|p2: mmeira|move: Stealth Rock\n|move|p2a: Scizor|Close Combat|p1a: Iron Treads\n|-supereffective|p1a: Iron Treads\n|-damage|p1a: Iron Treads|0 fnt\n|-unboost|p2a: Scizor|def|1\n|-unboost|p2a: Scizor|spd|1\n|faint|p1a: Iron Treads\n|-end|p1a: Iron Treads|Quark Drive|[silent]\n|-damage|p2a: Scizor|91\/100|[from] item: Life Orb\n|\n|upkeep\n|\n|t:|1700592358\n|switch|p1a: Goodra|Goodra, M|100\/100\n|turn|2\n|\n|t:|1700592369\n|switch|p2a: Tyranitar|Tyranitar, M|100\/100\n|-damage|p2a: Tyranitar|88\/100|[from] Stealth Rock\n|-weather|Sandstorm|[from] ability: Sand Stream|[of] p2a: Tyranitar\n|move|p1a: Goodra|Flamethrower|p2a: Tyranitar\n|-resisted|p2a: Tyranitar\n|-damage|p2a: Tyranitar|79\/100\n|-status|p2a: Tyranitar|brn\n|\n|-weather|Sandstorm|[upkeep]\n|-damage|p1a: Goodra|94\/100|[from] Sandstorm\n|-heal|p2a: Tyranitar|85\/100 brn|[from] item: Leftovers\n|-damage|p2a: Tyranitar|79\/100 brn|[from] brn\n|upkeep\n|turn|3\n|\n|t:|1700592377\n|switch|p1a: Iron Hands|Iron Hands|100\/100\n|move|p2a: Tyranitar|Knock Off|p1a: Iron Hands\n|-resisted|p1a: Iron Hands\n|-damage|p1a: Iron Hands|92\/100\n|-enditem|p1a: Iron Hands|Assault Vest|[from] move: Knock Off|[of] p2a: Tyranitar\n|\n|-weather|Sandstorm|[upkeep]\n|-damage|p1a: Iron Hands|86\/100|[from] Sandstorm\n|-heal|p2a: Tyranitar|85\/100 brn|[from] item: Leftovers\n|-damage|p2a: Tyranitar|79\/100 brn|[from] brn\n|upkeep\n|turn|4\n|\n|t:|1700592389\n|switch|p2a: Sableye|Sableye, F|100\/100\n|-damage|p2a: Sableye|88\/100|[from] Stealth Rock\n|move|p1a: Iron Hands|Ice Punch|p2a: Sableye\n|-damage|p2a: Sableye|57\/100\n|\n|-weather|Sandstorm|[upkeep]\n|-damage|p2a: Sableye|50\/100|[from] Sandstorm\n|-damage|p1a: Iron Hands|80\/100|[from] Sandstorm\n|-heal|p2a: Sableye|57\/100|[from] item: Leftovers\n|upkeep\n|turn|5\n|\n|t:|1700592396\n|move|p2a: Sableye|Will-O-Wisp|p1a: Iron Hands\n|-status|p1a: Iron Hands|brn\n|move|p1a: Iron Hands|Thunder Punch|p2a: Sableye\n|-damage|p2a: Sableye|36\/100\n|\n|-weather|Sandstorm|[upkeep]\n|-damage|p1a: Iron Hands|74\/100 brn|[from] Sandstorm\n|-damage|p2a: Sableye|30\/100|[from] Sandstorm\n|-heal|p2a: Sableye|36\/100|[from] item: Leftovers\n|-damage|p1a: Iron Hands|68\/100 brn|[from] brn\n|upkeep\n|turn|6\n|\n|t:|1700592404\n|-end|p1a: Iron Hands|Quark Drive|[silent]\n|switch|p1a: Goodra|Goodra, M|94\/100\n|move|p2a: Sableye|Recover|p2a: Sableye\n|-heal|p2a: Sableye|86\/100\n|\n|-weather|none\n|-heal|p2a: Sableye|93\/100|[from] item: Leftovers\n|upkeep\n|turn|7\n|\n|t:|1700592412\n|switch|p2a: Tyranitar|Tyranitar, M|79\/100 brn\n|-damage|p2a: Tyranitar|67\/100 brn|[from] Stealth Rock\n|-weather|Sandstorm|[from] ability: Sand Stream|[of] p2a: Tyranitar\n|move|p1a: Goodra|Draco Meteor|p2a: Tyranitar\n|-damage|p2a: Tyranitar|25\/100 brn\n|-unboost|p1a: Goodra|spa|2\n|\n|-weather|Sandstorm|[upkeep]\n|-damage|p1a: Goodra|88\/100|[from] Sandstorm\n|-heal|p2a: Tyranitar|31\/100 brn|[from] item: Leftovers\n|-damage|p2a: Tyranitar|25\/100 brn|[from] brn\n|upkeep\n|turn|8\n|\n|t:|1700592420\n|move|p2a: Tyranitar|Knock Off|p1a: Goodra\n|-damage|p1a: Goodra|57\/100\n|-enditem|p1a: Goodra|Assault Vest|[from] move: Knock Off|[of] p2a: Tyranitar\n|move|p1a: Goodra|Earthquake|p2a: Tyranitar\n|-supereffective|p2a: Tyranitar\n|-damage|p2a: Tyranitar|0 fnt\n|faint|p2a: Tyranitar\n|\n|-weather|Sandstorm|[upkeep]\n|-damage|p1a: Goodra|51\/100|[from] Sandstorm\n|upkeep\n|\n|t:|1700592442\n|switch|p2a: Brambleghast|Brambleghast, F|100\/100\n|-damage|p2a: Brambleghast|88\/100|[from] Stealth Rock\n|turn|9\n|\n|t:|1700592453\n|switch|p1a: Azumarill|Azumarill, F|100\/100\n|move|p2a: Brambleghast|Spikes|p1a: Azumarill\n|-sidestart|p1: Abner67|Spikes\n|\n|-weather|Sandstorm|[upkeep]\n|-damage|p2a: Brambleghast|82\/100|[from] Sandstorm\n|-damage|p1a: Azumarill|94\/100|[from] Sandstorm\n|-heal|p2a: Brambleghast|88\/100|[from] item: Leftovers\n|upkeep\n|turn|10\n|\n|t:|1700592461\n|move|p2a: Brambleghast|Rapid Spin|p1a: Azumarill\n|-damage|p1a: Azumarill|76\/100\n|-boost|p2a: Brambleghast|spe|1\n|-sideend|p2: mmeira|Stealth Rock|[from] move: Rapid Spin|[of] p2a: Brambleghast\n|move|p1a: Azumarill|Ice Spinner|p2a: Brambleghast\n|-supereffective|p2a: Brambleghast\n|-damage|p2a: Brambleghast|28\/100\n|\n|-weather|Sandstorm|[upkeep]\n|-damage|p2a: Brambleghast|22\/100|[from] Sandstorm\n|-damage|p1a: Azumarill|70\/100|[from] Sandstorm\n|-heal|p2a: Brambleghast|28\/100|[from] item: Leftovers\n|upkeep\n|turn|11\n|\n|t:|1700592476\n|move|p2a: Brambleghast|Poltergeist|p1a: Azumarill\n|-activate|p1a: Azumarill|move: Poltergeist|Sitrus Berry\n|-crit|p1a: Azumarill\n|-damage|p1a: Azumarill|0 fnt\n|faint|p1a: Azumarill\n|\n|-weather|none\n|-heal|p2a: Brambleghast|34\/100|[from] item: Leftovers\n|upkeep\n|\n|t:|1700592484\n|switch|p1a: Lycanroc|Lycanroc, M|100\/100\n|-damage|p1a: Lycanroc|88\/100|[from] Spikes\n|turn|12\n|\n|t:|1700592489\n|move|p2a: Brambleghast|Power Whip|p1a: Lycanroc\n|-supereffective|p1a: Lycanroc\n|-damage|p1a: Lycanroc|0 fnt\n|faint|p1a: Lycanroc\n|\n|-heal|p2a: Brambleghast|40\/100|[from] item: Leftovers\n|upkeep\n|\n|t:|1700592493\n|switch|p1a: Goodra|Goodra, M|51\/100\n|-damage|p1a: Goodra|39\/100|[from] Spikes\n|turn|13\n|\n|t:|1700592500\n|move|p2a: Brambleghast|Spikes|p1a: Goodra\n|-sidestart|p1: Abner67|Spikes\n|move|p1a: Goodra|Flamethrower|p2a: Brambleghast\n|-supereffective|p2a: Brambleghast\n|-damage|p2a: Brambleghast|0 fnt\n|faint|p2a: Brambleghast\n|\n|upkeep\n|\n|t:|1700592525\n|switch|p2a: Scizor|Scizor, F|91\/100\n|turn|14\n|\n|t:|1700592530\n|-terastallize|p1a: Goodra|Dragon\n|move|p2a: Scizor|Bullet Punch|p1a: Goodra\n|-damage|p1a: Goodra|0 fnt\n|faint|p1a: Goodra\n|-damage|p2a: Scizor|81\/100|[from] item: Life Orb\n|\n|upkeep\n|\n|t:|1700592532\n|switch|p1a: Amoonguss|Amoonguss, M|100\/100\n|-damage|p1a: Amoonguss|84\/100|[from] Spikes\n|turn|15\n|\n|t:|1700592539\n|move|p2a: Scizor|U-turn|p1a: Amoonguss\n|-damage|p1a: Amoonguss|45\/100\n|-damage|p2a: Scizor|64\/100|[from] item: Rocky Helmet|[of] p1a: Amoonguss\n|-damage|p2a: Scizor|54\/100|[from] item: Life Orb\n|\n|t:|1700592547\n|switch|p2a: Sableye|Sableye, F|93\/100|[from] U-turn\n|move|p1a: Amoonguss|Spore|p2a: Sableye\n|-status|p2a: Sableye|slp|[from] move: Spore\n|\n|-heal|p2a: Sableye|99\/100 slp|[from] item: Leftovers\n|upkeep\n|turn|16\n|\n|t:|1700592552\n|switch|p2a: Zapdos|Zapdos|100\/100\n|move|p1a: Amoonguss|Giga Drain|p2a: Zapdos\n|-resisted|p2a: Zapdos\n|-damage|p2a: Zapdos|86\/100\n|-heal|p1a: Amoonguss|50\/100|[from] drain|[of] p2a: Zapdos\n|\n|upkeep\n|turn|17\n|\n|t:|1700592561\n|move|p2a: Zapdos|Heat Wave|p1a: Amoonguss\n|-supereffective|p1a: Amoonguss\n|-damage|p1a: Amoonguss|0 fnt\n|faint|p1a: Amoonguss\n|\n|upkeep\n|\n|t:|1700592570\n|switch|p1a: Iron Hands|Iron Hands|68\/100 brn\n|-damage|p1a: Iron Hands|51\/100 brn|[from] Spikes\n|turn|18\n|\n|t:|1700592575\n|move|p2a: Zapdos|Hurricane|p1a: Iron Hands|[miss]\n|-miss|p2a: Zapdos|p1a: Iron Hands\n|move|p1a: Iron Hands|Ice Punch|p2a: Zapdos\n|-supereffective|p2a: Zapdos\n|-damage|p2a: Zapdos|50\/100\n|\n|-damage|p1a: Iron Hands|45\/100 brn|[from] brn\n|upkeep\n|turn|19\n|\n|t:|1700592587\n|move|p2a: Zapdos|Hurricane|p1a: Iron Hands|[miss]\n|-miss|p2a: Zapdos|p1a: Iron Hands\n|move|p1a: Iron Hands|Ice Punch|p2a: Zapdos\n|-supereffective|p2a: Zapdos\n|-damage|p2a: Zapdos|12\/100\n|\n|-damage|p1a: Iron Hands|39\/100 brn|[from] brn\n|upkeep\n|turn|20\n|\n|t:|1700592594\n|move|p2a: Zapdos|Thunderbolt|p1a: Iron Hands\n|-resisted|p1a: Iron Hands\n|-damage|p1a: Iron Hands|20\/100 brn\n|move|p1a: Iron Hands|Ice Punch|p2a: Zapdos\n|-supereffective|p2a: Zapdos\n|-damage|p2a: Zapdos|0 fnt\n|faint|p2a: Zapdos\n|\n|-damage|p1a: Iron Hands|14\/100 brn|[from] brn\n|upkeep\n|\n|t:|1700592598\n|switch|p2a: Sableye|Sableye, F|99\/100 slp\n|turn|21\n|\n|t:|1700592602\n|cant|p2a: Sableye|slp\n|move|p1a: Iron Hands|Thunder Punch|p2a: Sableye\n|-damage|p2a: Sableye|78\/100 slp\n|\n|-heal|p2a: Sableye|85\/100 slp|[from] item: Leftovers\n|-damage|p1a: Iron Hands|8\/100 brn|[from] brn\n|upkeep\n|turn|22\n|\n|t:|1700592610\n|cant|p2a: Sableye|slp\n|move|p1a: Iron Hands|Thunder Punch|p2a: Sableye\n|-damage|p2a: Sableye|62\/100 slp\n|\n|-heal|p2a: Sableye|68\/100 slp|[from] item: Leftovers\n|-damage|p1a: Iron Hands|2\/100 brn|[from] brn\n|upkeep\n|turn|23\n|\n|t:|1700592625\n|-curestatus|p2a: Sableye|slp|[msg]\n|move|p2a: Sableye|Recover|p2a: Sableye\n|-heal|p2a: Sableye|100\/100\n|move|p1a: Iron Hands|Thunder Punch|p2a: Sableye\n|-damage|p2a: Sableye|78\/100\n|\n|-heal|p2a: Sableye|84\/100|[from] item: Leftovers\n|-damage|p1a: Iron Hands|0 fnt|[from] brn\n|faint|p1a: Iron Hands\n|-end|p1a: Iron Hands|Quark Drive|[silent]\n|\n|win|mmeira\n|upkeep\n|l|\u2606Abner67\n","uploadtime":1700592639,"views":17,"p1id":"abner67","p2id":"mmeira","formatid":"gen9ou","rating":0,"private":0,"password":""}