{"id":"gen9ou-1993940862","p1":"DOOM1806","p2":"rupaulandrescarlos","format":"[Gen 9] OU","log":"|j|\u2606DOOM1806\n|j|\u2606rupaulandrescarlos\n|t:|1700379393\n|gametype|singles\n|player|p1|DOOM1806|elesa|1655\n|player|p2|rupaulandrescarlos|170|1594\n|teamsize|p1|6\n|teamsize|p2|6\n|gen|9\n|tier|[Gen 9] OU\n|rated|\n|rule|Sleep Clause Mod: Limit one foe put to sleep\n|rule|Species Clause: Limit one of each Pok\u00e9mon\n|rule|OHKO Clause: OHKO moves are banned\n|rule|Evasion Items Clause: Evasion items are banned\n|rule|Evasion Moves Clause: Evasion moves are banned\n|rule|Endless Battle Clause: Forcing endless battles is banned\n|rule|HP Percentage Mod: HP is shown in percentages\n|clearpoke\n|poke|p1|Iron Hands|\n|poke|p1|Kingambit, M|\n|poke|p1|Rillaboom, F|\n|poke|p1|Sneasler, F|\n|poke|p1|Ursaluna, M|\n|poke|p1|Iron Valiant|\n|poke|p2|Ogerpon-Wellspring, F|\n|poke|p2|Rillaboom, F|\n|poke|p2|Iron Treads|\n|poke|p2|Iron Valiant|\n|poke|p2|Ceruledge, M|\n|poke|p2|Iron Moth|\n|teampreview\n|inactive|Battle timer is ON: inactive players will automatically lose when time's up. (requested by DOOM1806)\n|\n|t:|1700379417\n|start\n|switch|p1a: Sneasler|Sneasler, F|100\/100\n|switch|p2a: Ceruledge|Ceruledge, M|100\/100\n|turn|1\n|\n|t:|1700379425\n|switch|p1a: Ursaluna|Ursaluna, M|100\/100\n|move|p2a: Ceruledge|Bitter Blade|p1a: Ursaluna\n|-damage|p1a: Ursaluna|47\/100\n|\n|upkeep\n|turn|2\n|\n|t:|1700379428\n|move|p1a: Ursaluna|Endure|p1a: Ursaluna\n|-singleturn|p1a: Ursaluna|move: Endure\n|move|p2a: Ceruledge|Bitter Blade|p1a: Ursaluna\n|-activate|p1a: Ursaluna|move: Endure\n|-damage|p1a: Ursaluna|1\/100\n|\n|upkeep\n|turn|3\n|-enditem|p1a: Ursaluna|Custap Berry|[eat]\n|-activate|p1a: Ursaluna|item: Custap Berry|[consumed]\n|\n|t:|1700379433\n|move|p1a: Ursaluna|Headlong Rush|p2a: Ceruledge\n|-supereffective|p2a: Ceruledge\n|-crit|p2a: Ceruledge\n|-damage|p2a: Ceruledge|0 fnt\n|-unboost|p1a: Ursaluna|def|1\n|-unboost|p1a: Ursaluna|spd|1\n|faint|p2a: Ceruledge\n|\n|upkeep\n|inactive|rupaulandrescarlos has 120 seconds left.\n|\n|t:|1700379473\n|switch|p2a: Iron Treads|Iron Treads|100\/100\n|-enditem|p2a: Iron Treads|Booster Energy\n|-activate|p2a: Iron Treads|ability: Quark Drive|[fromitem]\n|-start|p2a: Iron Treads|quarkdrivespe\n|turn|4\n|\n|t:|1700379484\n|move|p2a: Iron Treads|Rapid Spin|p1a: Ursaluna\n|-damage|p1a: Ursaluna|0 fnt\n|-boost|p2a: Iron Treads|spe|1\n|faint|p1a: Ursaluna\n|\n|upkeep\n|\n|t:|1700379487\n|switch|p1a: Rillaboom|Rillaboom, F|100\/100\n|-fieldstart|move: Grassy Terrain|[from] ability: Grassy Surge|[of] p1a: Rillaboom\n|turn|5\n|\n|t:|1700379493\n|move|p2a: Iron Treads|Stealth Rock|p1a: Rillaboom\n|-sidestart|p1: DOOM1806|move: Stealth Rock\n|move|p1a: Rillaboom|U-turn|p2a: Iron Treads\n|-resisted|p2a: Iron Treads\n|-damage|p2a: Iron Treads|82\/100\n|\n|t:|1700379495\n|switch|p1a: Sneasler|Sneasler, F|100\/100|[from] U-turn\n|-damage|p1a: Sneasler|94\/100|[from] Stealth Rock\n|-enditem|p1a: Sneasler|Grassy Seed\n|-boost|p1a: Sneasler|def|1|[from] item: Grassy Seed\n|\n|-heal|p2a: Iron Treads|89\/100|[from] Grassy Terrain\n|-heal|p1a: Sneasler|100\/100|[from] Grassy Terrain\n|upkeep\n|turn|6\n|\n|t:|1700379511\n|-terastallize|p2a: Iron Treads|Ghost\n|-terastallize|p1a: Sneasler|Flying\n|move|p2a: Iron Treads|Earthquake|p1a: Sneasler\n|-immune|p1a: Sneasler\n|move|p1a: Sneasler|Swords Dance|p1a: Sneasler\n|-boost|p1a: Sneasler|atk|2\n|\n|-heal|p2a: Iron Treads|95\/100|[from] Grassy Terrain\n|upkeep\n|turn|7\n|\n|t:|1700379520\n|move|p2a: Iron Treads|Knock Off|p1a: Sneasler\n|-damage|p1a: Sneasler|81\/100\n|move|p1a: Sneasler|Acrobatics|p2a: Iron Treads\n|-damage|p2a: Iron Treads|0 fnt\n|faint|p2a: Iron Treads\n|-end|p2a: Iron Treads|Quark Drive|[silent]\n|\n|upkeep\n|\n|t:|1700379532\n|switch|p2a: Iron Moth|Iron Moth|100\/100\n|-enditem|p2a: Iron Moth|Booster Energy\n|-activate|p2a: Iron Moth|ability: Quark Drive|[fromitem]\n|-start|p2a: Iron Moth|quarkdrivespe\n|turn|8\n|\n|t:|1700379535\n|move|p1a: Sneasler|Acrobatics|p2a: Iron Moth\n|-damage|p2a: Iron Moth|0 fnt\n|faint|p2a: Iron Moth\n|-end|p2a: Iron Moth|Quark Drive|[silent]\n|\n|upkeep\n|-message|rupaulandrescarlos forfeited.\n|\n|win|DOOM1806\n|raw|DOOM1806's rating: 1655 &rarr; <strong>1672<\/strong><br \/>(+17 for winning)\n|raw|rupaulandrescarlos's rating: 1594 &rarr; <strong>1577<\/strong><br \/>(-17 for losing)\n|l|\u2606rupaulandrescarlos\n|c|\u2606DOOM1806|Well\n|c|\u2606DOOM1806|Rest in peace grassy seed sneasler. You will be missed.\n","uploadtime":1700379549,"views":9,"p1id":"doom1806","p2id":"rupaulandrescarlos","formatid":"gen9ou","rating":1577,"private":0,"password":""}