{"id":"gen9ou-2000403730","p1":"IDK_ImBored7","p2":"lyx114","format":"[Gen 9] OU","log":"|j|\u2606IDK_ImBored7\n|j|\u2606lyx114\n|t:|1701191924\n|gametype|singles\n|player|p1|IDK_ImBored7|hilbert|1298\n|player|p2|lyx114|backersf|1359\n|teamsize|p1|6\n|teamsize|p2|6\n|gen|9\n|tier|[Gen 9] OU\n|rated|\n|rule|Sleep Clause Mod: Limit one foe put to sleep\n|rule|Species Clause: Limit one of each Pok\u00e9mon\n|rule|OHKO Clause: OHKO moves are banned\n|rule|Evasion Items Clause: Evasion items are banned\n|rule|Evasion Moves Clause: Evasion moves are banned\n|rule|Endless Battle Clause: Forcing endless battles is banned\n|rule|HP Percentage Mod: HP is shown in percentages\n|clearpoke\n|poke|p1|Ninetales-Alola, F|\n|poke|p1|Gholdengo|\n|poke|p1|Heatran, F|\n|poke|p1|Iron Treads|\n|poke|p1|Ogerpon-Wellspring, F|\n|poke|p1|Zapdos|\n|poke|p2|Medicham, F|\n|poke|p2|Ninetales-Alola, F|\n|poke|p2|Kommo-o, F|\n|poke|p2|Heatran, F|\n|poke|p2|Rillaboom, F|\n|poke|p2|Zapdos|\n|teampreview\n|\n|t:|1701191930\n|start\n|switch|p1a: Ninetales|Ninetales-Alola, F|100\/100\n|switch|p2a: Medicham|Medicham, F|100\/100\n|-weather|Snow|[from] ability: Snow Warning|[of] p1a: Ninetales\n|turn|1\n|\n|t:|1701191936\n|move|p1a: Ninetales|Aurora Veil|p1a: Ninetales\n|-sidestart|p1: IDK_ImBored7|move: Aurora Veil\n|move|p2a: Medicham|Acupressure|p2a: Medicham\n|-boost|p2a: Medicham|evasion|2\n|\n|-weather|Snow|[upkeep]\n|upkeep\n|turn|2\n|c|\u2606IDK_ImBored7|is that just not banned?\n|\n|t:|1701191959\n|switch|p1a: Heatran|Heatran, F|100\/100\n|move|p2a: Medicham|Acupressure|p2a: Medicham\n|-boost|p2a: Medicham|evasion|2\n|\n|-weather|Snow|[upkeep]\n|upkeep\n|turn|3\n|\n|t:|1701191970\n|move|p2a: Medicham|Acupressure|p2a: Medicham\n|-boost|p2a: Medicham|atk|2\n|move|p1a: Heatran|Magma Storm|p2a: Medicham|[miss]\n|-miss|p1a: Heatran|p2a: Medicham\n|\n|-weather|Snow|[upkeep]\n|upkeep\n|turn|4\n|\n|t:|1701191998\n|move|p2a: Medicham|Acupressure|p2a: Medicham\n|-boost|p2a: Medicham|spe|2\n|move|p1a: Heatran|Magma Storm|p2a: Medicham|[miss]\n|-miss|p1a: Heatran|p2a: Medicham\n|\n|-weather|Snow|[upkeep]\n|upkeep\n|turn|5\n|\n|t:|1701192002\n|move|p2a: Medicham|Acupressure|p2a: Medicham\n|-boost|p2a: Medicham|spa|2\n|move|p1a: Heatran|Magma Storm|p2a: Medicham|[miss]\n|-miss|p1a: Heatran|p2a: Medicham\n|\n|-weather|none\n|upkeep\n|turn|6\n|\n|t:|1701192007\n|move|p2a: Medicham|Acupressure|p2a: Medicham\n|-boost|p2a: Medicham|atk|2\n|move|p1a: Heatran|Magma Storm|p2a: Medicham|[miss]\n|-miss|p1a: Heatran|p2a: Medicham\n|\n|upkeep\n|turn|7\n|\n|t:|1701192010\n|move|p2a: Medicham|Acupressure|p2a: Medicham\n|-boost|p2a: Medicham|spd|2\n|move|p1a: Heatran|Magma Storm|p2a: Medicham|[miss]\n|-miss|p1a: Heatran|p2a: Medicham\n|\n|upkeep\n|turn|8\n|\n|t:|1701192015\n|move|p2a: Medicham|Acupressure|p2a: Medicham\n|-boost|p2a: Medicham|accuracy|2\n|move|p1a: Heatran|Magma Storm|p2a: Medicham\n|-damage|p2a: Medicham|82\/100\n|-activate|p2a: Medicham|move: Magma Storm|[of] p1a: Heatran\n|\n|-heal|p2a: Medicham|88\/100|[from] item: Leftovers\n|-damage|p2a: Medicham|76\/100|[from] move: Magma Storm|[partiallytrapped]\n|-sideend|p1: IDK_ImBored7|move: Aurora Veil\n|upkeep\n|turn|9\n|\n|t:|1701192021\n|move|p1a: Heatran|Protect|p1a: Heatran\n|-singleturn|p1a: Heatran|Protect\n|move|p2a: Medicham|Acupressure|p2a: Medicham\n|-boost|p2a: Medicham|spe|2\n|\n|-heal|p2a: Medicham|82\/100|[from] item: Leftovers\n|-damage|p2a: Medicham|70\/100|[from] move: Magma Storm|[partiallytrapped]\n|upkeep\n|turn|10\n|\n|t:|1701192030\n|-terastallize|p1a: Heatran|Flying\n|move|p2a: Medicham|Drain Punch|p1a: Heatran\n|-resisted|p1a: Heatran\n|-damage|p1a: Heatran|55\/100\n|-heal|p2a: Medicham|97\/100|[from] drain|[of] p1a: Heatran\n|move|p1a: Heatran|Will-O-Wisp|p2a: Medicham|[miss]\n|-miss|p1a: Heatran|p2a: Medicham\n|\n|-heal|p2a: Medicham|100\/100|[from] item: Leftovers\n|-heal|p1a: Heatran|61\/100|[from] item: Leftovers\n|-damage|p2a: Medicham|88\/100|[from] move: Magma Storm|[partiallytrapped]\n|upkeep\n|turn|11\n|\n|t:|1701192036\n|move|p1a: Heatran|Protect|p1a: Heatran\n|-singleturn|p1a: Heatran|Protect\n|move|p2a: Medicham|Stored Power|p1a: Heatran\n|-activate|p1a: Heatran|move: Protect\n|\n|-heal|p2a: Medicham|94\/100|[from] item: Leftovers\n|-heal|p1a: Heatran|67\/100|[from] item: Leftovers\n|-damage|p2a: Medicham|82\/100|[from] move: Magma Storm|[partiallytrapped]\n|upkeep\n|turn|12\n|\n|t:|1701192049\n|move|p2a: Medicham|Stored Power|p1a: Heatran\n|-damage|p1a: Heatran|0 fnt\n|faint|p1a: Heatran\n|\n|-heal|p2a: Medicham|88\/100|[from] item: Leftovers\n|-end|p2a: Medicham|Magma Storm|[partiallytrapped]|[silent]\n|upkeep\n|\n|t:|1701192058\n|switch|p1a: Ninetales|Ninetales-Alola, F|100\/100\n|-weather|Snow|[from] ability: Snow Warning|[of] p1a: Ninetales\n|turn|13\n|\n|t:|1701192063\n|move|p2a: Medicham|Stored Power|p1a: Ninetales\n|-damage|p1a: Ninetales|0 fnt\n|faint|p1a: Ninetales\n|\n|-weather|Snow|[upkeep]\n|-heal|p2a: Medicham|94\/100|[from] item: Leftovers\n|upkeep\n|\n|t:|1701192066\n|switch|p1a: Gholdengo|Gholdengo|100\/100\n|turn|14\n|\n|t:|1701192073\n|move|p2a: Medicham|Stored Power|p1a: Gholdengo\n|-resisted|p1a: Gholdengo\n|-damage|p1a: Gholdengo|4\/100\n|move|p1a: Gholdengo|Shadow Ball|p2a: Medicham|[miss]\n|-miss|p1a: Gholdengo|p2a: Medicham\n|\n|-weather|Snow|[upkeep]\n|-heal|p2a: Medicham|100\/100|[from] item: Leftovers\n|upkeep\n|turn|15\n|-message|IDK_ImBored7 forfeited.\n|\n|win|lyx114\n|raw|IDK_ImBored7's rating: 1298 &rarr; <strong>1277<\/strong><br \/>(-21 for losing)\n|raw|lyx114's rating: 1359 &rarr; <strong>1376<\/strong><br \/>(+17 for winning)\n|l|\u2606IDK_ImBored7\n|l|\u2606lyx114\n|j|\u2606lyx114\n|player|p2|lyx114|backersf\n","uploadtime":1701192504,"views":10,"p1id":"idkimbored7","p2id":"lyx114","formatid":"gen9ou","rating":1277,"private":0,"password":""}