{"id":"gen9ou-1991332545","p1":"elcorazontucun","p2":"mary achi","format":"[Gen 9] OU","log":"|j|\u2606elcorazontucun\n|j|\u203dmary achi\n|t:|1700068351\n|gametype|singles\n|player|p1|elcorazontucun|gentleman-gen4|1470\n|player|p2|mary achi|blue|1564\n|teamsize|p1|6\n|teamsize|p2|6\n|gen|9\n|tier|[Gen 9] OU\n|rated|\n|rule|Sleep Clause Mod: Limit one foe put to sleep\n|rule|Species Clause: Limit one of each Pok\u00e9mon\n|rule|OHKO Clause: OHKO moves are banned\n|rule|Evasion Items Clause: Evasion items are banned\n|rule|Evasion Moves Clause: Evasion moves are banned\n|rule|Endless Battle Clause: Forcing endless battles is banned\n|rule|HP Percentage Mod: HP is shown in percentages\n|clearpoke\n|poke|p1|Ninetales-Alola, F|\n|poke|p1|Weavile, F|\n|poke|p1|Kingambit, F|\n|poke|p1|Iron Moth|\n|poke|p1|Heatran, F|\n|poke|p1|Landorus-Therian, M|\n|poke|p2|Alomomola, F|\n|poke|p2|Slowking-Galar, F|\n|poke|p2|Kingambit, M|\n|poke|p2|Great Tusk|\n|poke|p2|Cinderace, F|\n|poke|p2|Thundurus-Therian, M|\n|teampreview\n|inactive|Battle timer is ON: inactive players will automatically lose when time's up. (requested by mary achi)\n|inactive|elcorazontucun also wants the timer to be on.\n|\n|t:|1700068371\n|start\n|switch|p1a: Landorus|Landorus-Therian, M|100\/100\n|switch|p2a: Slowking|Slowking-Galar, F|100\/100\n|-ability|p1a: Landorus|Intimidate|boost\n|-unboost|p2a: Slowking|atk|1\n|turn|1\n|\n|t:|1700068383\n|switch|p2a: Thundurus|Thundurus-Therian, M|100\/100\n|move|p1a: Landorus|U-turn|p2a: Thundurus\n|-resisted|p2a: Thundurus\n|-damage|p2a: Thundurus|79\/100\n|\n|t:|1700068401\n|switch|p1a: Ninetales|Ninetales-Alola, F|100\/100|[from] U-turn\n|-weather|Snow|[from] ability: Snow Warning|[of] p1a: Ninetales\n|\n|-weather|Snow|[upkeep]\n|upkeep\n|turn|2\n|\n|t:|1700068408\n|move|p1a: Ninetales|Blizzard|p2a: Thundurus\n|-supereffective|p2a: Thundurus\n|-damage|p2a: Thundurus|0 fnt\n|faint|p2a: Thundurus\n|\n|-weather|Snow|[upkeep]\n|upkeep\n|\n|t:|1700068414\n|switch|p2a: Kingambit|Kingambit, M|100\/100\n|-activate|p2a: Kingambit|ability: Supreme Overlord\n|-start|p2a: Kingambit|fallen1|[silent]\n|turn|3\n|\n|t:|1700068432\n|switch|p1a: Landorus|Landorus-Therian, M|100\/100\n|-ability|p1a: Landorus|Intimidate|boost\n|-unboost|p2a: Kingambit|atk|1\n|-end|p2a: Kingambit|fallen1|[silent]\n|switch|p2a: Alomomola|Alomomola, F|100\/100\n|\n|-weather|Snow|[upkeep]\n|upkeep\n|turn|4\n|\n|t:|1700068438\n|move|p1a: Landorus|U-turn|p2a: Alomomola\n|-damage|p2a: Alomomola|85\/100\n|-enditem|p2a: Alomomola|Red Card|[of] p1a: Landorus\n|drag|p1a: Heatran|Heatran, F|100\/100\n|move|p2a: Alomomola|Scald|p1a: Heatran\n|-supereffective|p1a: Heatran\n|-damage|p1a: Heatran|83\/100\n|\n|-weather|Snow|[upkeep]\n|-heal|p1a: Heatran|89\/100|[from] item: Leftovers\n|upkeep\n|turn|5\n|\n|t:|1700068451\n|move|p1a: Heatran|Stealth Rock|p2a: Alomomola\n|-sidestart|p2: mary achi|move: Stealth Rock\n|move|p2a: Alomomola|Flip Turn|p1a: Heatran\n|-supereffective|p1a: Heatran\n|-damage|p1a: Heatran|61\/100\n|\n|t:|1700068455\n|switch|p2a: Great Tusk|Great Tusk|100\/100|[from] Flip Turn\n|-damage|p2a: Great Tusk|98\/100|[from] Stealth Rock\n|\n|-weather|none\n|-heal|p1a: Heatran|67\/100|[from] item: Leftovers\n|upkeep\n|turn|6\n|\n|t:|1700068464\n|move|p2a: Great Tusk|Rapid Spin|p1a: Heatran\n|-resisted|p1a: Heatran\n|-damage|p1a: Heatran|59\/100\n|-boost|p2a: Great Tusk|spe|1\n|-sideend|p2: mary achi|Stealth Rock|[from] move: Rapid Spin|[of] p2a: Great Tusk\n|move|p1a: Heatran|Will-O-Wisp|p2a: Great Tusk\n|-status|p2a: Great Tusk|brn\n|\n|-heal|p1a: Heatran|66\/100|[from] item: Leftovers\n|-damage|p2a: Great Tusk|91\/100 brn|[from] brn\n|upkeep\n|turn|7\n|\n|t:|1700068469\n|switch|p1a: Landorus|Landorus-Therian, M|100\/100\n|-ability|p1a: Landorus|Intimidate|boost\n|-unboost|p2a: Great Tusk|atk|1\n|move|p2a: Great Tusk|Headlong Rush|p1a: Landorus\n|-immune|p1a: Landorus\n|\n|-damage|p2a: Great Tusk|85\/100 brn|[from] brn\n|upkeep\n|turn|8\n|\n|t:|1700068477\n|move|p1a: Landorus|Earthquake|p2a: Great Tusk\n|-damage|p2a: Great Tusk|42\/100 brn\n|move|p2a: Great Tusk|Stealth Rock|p1a: Landorus\n|-sidestart|p1: elcorazontucun|move: Stealth Rock\n|\n|-damage|p2a: Great Tusk|36\/100 brn|[from] brn\n|upkeep\n|turn|9\n|\n|t:|1700068483\n|-end|p2a: Great Tusk|Protosynthesis|[silent]\n|switch|p2a: Alomomola|Alomomola, F|100\/100\n|move|p1a: Landorus|Earthquake|p2a: Alomomola\n|-damage|p2a: Alomomola|65\/100\n|\n|upkeep\n|turn|10\n|\n|t:|1700068490\n|switch|p1a: Ninetales|Ninetales-Alola, F|100\/100\n|-damage|p1a: Ninetales|76\/100|[from] Stealth Rock\n|-weather|Snow|[from] ability: Snow Warning|[of] p1a: Ninetales\n|move|p2a: Alomomola|Wish|p2a: Alomomola\n|\n|-weather|Snow|[upkeep]\n|upkeep\n|turn|11\n|\n|t:|1700068495\n|switch|p2a: Cinderace|Cinderace, F|100\/100\n|move|p1a: Ninetales|Encore||[still]\n|-fail|p1a: Ninetales\n|\n|-weather|Snow|[upkeep]\n|upkeep\n|turn|12\n|\n|t:|1700068501\n|switch|p1a: Heatran|Heatran, F|66\/100\n|-damage|p1a: Heatran|53\/100|[from] Stealth Rock\n|move|p2a: Cinderace|U-turn|p1a: Heatran\n|-start|p2a: Cinderace|typechange|Bug|[from] ability: Libero\n|-resisted|p1a: Heatran\n|-damage|p1a: Heatran|46\/100\n|\n|t:|1700068506\n|switch|p2a: Alomomola|Alomomola, F|98\/100|[from] U-turn\n|\n|-weather|Snow|[upkeep]\n|-heal|p1a: Heatran|52\/100|[from] item: Leftovers\n|upkeep\n|turn|13\n|\n|t:|1700068511\n|move|p1a: Heatran|Stealth Rock|p2a: Alomomola\n|-sidestart|p2: mary achi|move: Stealth Rock\n|move|p2a: Alomomola|Flip Turn|p1a: Heatran\n|-supereffective|p1a: Heatran\n|-damage|p1a: Heatran|24\/100\n|\n|t:|1700068515\n|switch|p2a: Great Tusk|Great Tusk|36\/100 brn|[from] Flip Turn\n|-damage|p2a: Great Tusk|33\/100 brn|[from] Stealth Rock\n|\n|-weather|Snow|[upkeep]\n|-heal|p1a: Heatran|30\/100|[from] item: Leftovers\n|-damage|p2a: Great Tusk|27\/100 brn|[from] brn\n|upkeep\n|turn|14\n|\n|t:|1700068518\n|move|p2a: Great Tusk|Rapid Spin|p1a: Heatran\n|-resisted|p1a: Heatran\n|-damage|p1a: Heatran|27\/100\n|-boost|p2a: Great Tusk|spe|1\n|-sideend|p2: mary achi|Stealth Rock|[from] move: Rapid Spin|[of] p2a: Great Tusk\n|move|p1a: Heatran|Magma Storm|p2a: Great Tusk\n|-crit|p2a: Great Tusk\n|-damage|p2a: Great Tusk|0 fnt\n|faint|p2a: Great Tusk\n|-end|p2a: Great Tusk|Protosynthesis|[silent]\n|\n|-weather|none\n|-heal|p1a: Heatran|33\/100|[from] item: Leftovers\n|upkeep\n|\n|t:|1700068543\n|switch|p2a: Slowking|Slowking-Galar, F|100\/100\n|turn|15\n|\n|t:|1700068546\n|move|p1a: Heatran|Stealth Rock|p2a: Slowking\n|-sidestart|p2: mary achi|move: Stealth Rock\n|move|p2a: Slowking|Future Sight|p1a: Heatran\n|-start|p2a: Slowking|move: Future Sight\n|\n|-heal|p1a: Heatran|39\/100|[from] item: Leftovers\n|upkeep\n|turn|16\n|\n|t:|1700068549\n|move|p1a: Heatran|Magma Storm|p2a: Slowking\n|-damage|p2a: Slowking|74\/100\n|-activate|p2a: Slowking|move: Magma Storm|[of] p1a: Heatran\n|move|p2a: Slowking|Chilly Reception|p2a: Slowking\n|-weather|Snow\n|\n|t:|1700068554\n|switch|p2a: Alomomola|Alomomola, F|100\/100|[from] Chilly Reception\n|-damage|p2a: Alomomola|88\/100|[from] Stealth Rock\n|\n|-weather|Snow|[upkeep]\n|-heal|p1a: Heatran|45\/100|[from] item: Leftovers\n|upkeep\n|turn|17\n|\n|t:|1700068569\n|switch|p1a: Weavile|Weavile, F|100\/100\n|-damage|p1a: Weavile|76\/100|[from] Stealth Rock\n|-ability|p1a: Weavile|Pressure\n|move|p2a: Alomomola|Wish|p2a: Alomomola\n|\n|-weather|Snow|[upkeep]\n|-end|p1a: Weavile|move: Future Sight\n|-immune|p1a: Weavile\n|upkeep\n|turn|18\n|\n|t:|1700068579\n|move|p1a: Weavile|Knock Off|p2a: Alomomola\n|-damage|p2a: Alomomola|60\/100\n|move|p2a: Alomomola|Scald|p1a: Weavile\n|-damage|p1a: Weavile|58\/100\n|\n|-weather|Snow|[upkeep]\n|-heal|p2a: Alomomola|100\/100|[from] move: Wish|[wisher] Alomomola\n|upkeep\n|turn|19\n|\n|t:|1700068606\n|switch|p1a: Heatran|Heatran, F|45\/100\n|-damage|p1a: Heatran|33\/100|[from] Stealth Rock\n|move|p2a: Alomomola|Wish|p2a: Alomomola\n|\n|-weather|Snow|[upkeep]\n|-heal|p1a: Heatran|39\/100|[from] item: Leftovers\n|upkeep\n|turn|20\n|\n|t:|1700068612\n|move|p1a: Heatran|Will-O-Wisp|p2a: Alomomola\n|-status|p2a: Alomomola|brn\n|move|p2a: Alomomola|Flip Turn|p1a: Heatran\n|-supereffective|p1a: Heatran\n|-damage|p1a: Heatran|26\/100\n|\n|t:|1700068626\n|switch|p2a: Cinderace|Cinderace, F|100\/100|[from] Flip Turn\n|\n|-weather|none\n|-heal|p1a: Heatran|32\/100|[from] item: Leftovers\n|upkeep\n|turn|21\n|\n|t:|1700068632\n|move|p2a: Cinderace|U-turn|p1a: Heatran\n|-start|p2a: Cinderace|typechange|Bug|[from] ability: Libero\n|-resisted|p1a: Heatran\n|-damage|p1a: Heatran|25\/100\n|\n|t:|1700068634\n|switch|p2a: Slowking|Slowking-Galar, F|100\/100|[from] U-turn\n|move|p1a: Heatran|Earth Power|p2a: Slowking\n|-supereffective|p2a: Slowking\n|-damage|p2a: Slowking|71\/100\n|\n|-heal|p1a: Heatran|31\/100|[from] item: Leftovers\n|upkeep\n|turn|22\n|\n|t:|1700068641\n|move|p1a: Heatran|Magma Storm|p2a: Slowking\n|-damage|p2a: Slowking|45\/100\n|-activate|p2a: Slowking|move: Magma Storm|[of] p1a: Heatran\n|move|p2a: Slowking|Future Sight|p1a: Heatran\n|-start|p2a: Slowking|move: Future Sight\n|\n|-heal|p1a: Heatran|38\/100|[from] item: Leftovers\n|-damage|p2a: Slowking|32\/100|[from] move: Magma Storm|[partiallytrapped]\n|upkeep\n|turn|23\n|\n|t:|1700068646\n|move|p1a: Heatran|Earth Power|p2a: Slowking\n|-supereffective|p2a: Slowking\n|-damage|p2a: Slowking|3\/100\n|move|p2a: Slowking|Chilly Reception|p2a: Slowking\n|-weather|Snow\n|\n|t:|1700068651\n|switch|p2a: Alomomola|Alomomola, F|100\/100 brn|[from] Chilly Reception\n|-damage|p2a: Alomomola|88\/100 brn|[from] Stealth Rock\n|\n|-weather|Snow|[upkeep]\n|-heal|p1a: Heatran|44\/100|[from] item: Leftovers\n|-damage|p2a: Alomomola|82\/100 brn|[from] brn\n|upkeep\n|turn|24\n|\n|t:|1700068657\n|move|p1a: Heatran|Magma Storm|p2a: Alomomola\n|-resisted|p2a: Alomomola\n|-damage|p2a: Alomomola|61\/100 brn\n|-activate|p2a: Alomomola|move: Magma Storm|[of] p1a: Heatran\n|move|p2a: Alomomola|Wish|p2a: Alomomola\n|\n|-weather|Snow|[upkeep]\n|-end|p1a: Heatran|move: Future Sight\n|-resisted|p1a: Heatran\n|-damage|p1a: Heatran|30\/100\n|-heal|p1a: Heatran|36\/100|[from] item: Leftovers\n|-damage|p2a: Alomomola|55\/100 brn|[from] brn\n|-damage|p2a: Alomomola|43\/100 brn|[from] move: Magma Storm|[partiallytrapped]\n|upkeep\n|turn|25\n|\n|t:|1700068667\n|move|p1a: Heatran|Earth Power|p2a: Alomomola\n|-damage|p2a: Alomomola|20\/100 brn\n|move|p2a: Alomomola|Flip Turn|p1a: Heatran\n|-supereffective|p1a: Heatran\n|-damage|p1a: Heatran|23\/100\n|\n|t:|1700068670\n|switch|p2a: Slowking|Slowking-Galar, F|36\/100|[from] Flip Turn\n|\n|-weather|Snow|[upkeep]\n|-heal|p2a: Slowking|96\/100|[from] move: Wish|[wisher] Alomomola\n|-heal|p1a: Heatran|29\/100|[from] item: Leftovers\n|upkeep\n|turn|26\n|\n|t:|1700068674\n|move|p1a: Heatran|Magma Storm|p2a: Slowking|[miss]\n|-miss|p1a: Heatran|p2a: Slowking\n|move|p2a: Slowking|Chilly Reception|p2a: Slowking\n|\n|t:|1700068676\n|switch|p2a: Alomomola|Alomomola, F|54\/100 brn|[from] Chilly Reception\n|-damage|p2a: Alomomola|41\/100 brn|[from] Stealth Rock\n|\n|-weather|Snow|[upkeep]\n|-heal|p1a: Heatran|35\/100|[from] item: Leftovers\n|-damage|p2a: Alomomola|35\/100 brn|[from] brn\n|upkeep\n|turn|27\n|\n|t:|1700068687\n|move|p1a: Heatran|Magma Storm|p2a: Alomomola\n|-resisted|p2a: Alomomola\n|-damage|p2a: Alomomola|17\/100 brn\n|-activate|p2a: Alomomola|move: Magma Storm|[of] p1a: Heatran\n|move|p2a: Alomomola|Flip Turn|p1a: Heatran\n|-supereffective|p1a: Heatran\n|-damage|p1a: Heatran|22\/100\n|\n|t:|1700068691\n|switch|p2a: Cinderace|Cinderace, F|100\/100|[from] Flip Turn\n|\n|-weather|none\n|-heal|p1a: Heatran|28\/100|[from] item: Leftovers\n|upkeep\n|turn|28\n|\n|t:|1700068695\n|move|p2a: Cinderace|U-turn|p1a: Heatran\n|-start|p2a: Cinderace|typechange|Bug|[from] ability: Libero\n|-resisted|p1a: Heatran\n|-damage|p1a: Heatran|21\/100\n|\n|t:|1700068697\n|switch|p2a: Slowking|Slowking-Galar, F|100\/100|[from] U-turn\n|move|p1a: Heatran|Earth Power|p2a: Slowking\n|-supereffective|p2a: Slowking\n|-damage|p2a: Slowking|71\/100\n|\n|-heal|p1a: Heatran|27\/100|[from] item: Leftovers\n|upkeep\n|turn|29\n|\n|t:|1700068701\n|move|p1a: Heatran|Magma Storm|p2a: Slowking\n|-damage|p2a: Slowking|47\/100\n|-activate|p2a: Slowking|move: Magma Storm|[of] p1a: Heatran\n|move|p2a: Slowking|Chilly Reception|p2a: Slowking\n|-weather|Snow\n|\n|t:|1700068703\n|switch|p2a: Alomomola|Alomomola, F|50\/100 brn|[from] Chilly Reception\n|-damage|p2a: Alomomola|38\/100 brn|[from] Stealth Rock\n|\n|-weather|Snow|[upkeep]\n|-heal|p1a: Heatran|33\/100|[from] item: Leftovers\n|-damage|p2a: Alomomola|31\/100 brn|[from] brn\n|upkeep\n|turn|30\n|\n|t:|1700068705\n|move|p1a: Heatran|Earth Power|p2a: Alomomola\n|-damage|p2a: Alomomola|8\/100 brn\n|move|p2a: Alomomola|Flip Turn|p1a: Heatran\n|-supereffective|p1a: Heatran\n|-damage|p1a: Heatran|19\/100\n|\n|t:|1700068709\n|switch|p2a: Cinderace|Cinderace, F|100\/100|[from] Flip Turn\n|\n|-weather|Snow|[upkeep]\n|-heal|p1a: Heatran|25\/100|[from] item: Leftovers\n|upkeep\n|turn|31\n|\n|t:|1700068712\n|move|p2a: Cinderace|U-turn|p1a: Heatran\n|-start|p2a: Cinderace|typechange|Bug|[from] ability: Libero\n|-resisted|p1a: Heatran\n|-damage|p1a: Heatran|18\/100\n|\n|t:|1700068716\n|switch|p2a: Slowking|Slowking-Galar, F|80\/100|[from] U-turn\n|move|p1a: Heatran|Magma Storm|p2a: Slowking\n|-damage|p2a: Slowking|57\/100\n|-activate|p2a: Slowking|move: Magma Storm|[of] p1a: Heatran\n|\n|-weather|Snow|[upkeep]\n|-heal|p1a: Heatran|24\/100|[from] item: Leftovers\n|-damage|p2a: Slowking|44\/100|[from] move: Magma Storm|[partiallytrapped]\n|upkeep\n|turn|32\n|\n|t:|1700068721\n|move|p1a: Heatran|Earth Power|p2a: Slowking\n|-supereffective|p2a: Slowking\n|-damage|p2a: Slowking|15\/100\n|move|p2a: Slowking|Chilly Reception|p2a: Slowking\n|\n|t:|1700068724\n|switch|p2a: Alomomola|Alomomola, F|41\/100 brn|[from] Chilly Reception\n|-damage|p2a: Alomomola|29\/100 brn|[from] Stealth Rock\n|\n|-weather|Snow|[upkeep]\n|-heal|p1a: Heatran|30\/100|[from] item: Leftovers\n|-damage|p2a: Alomomola|23\/100 brn|[from] brn\n|upkeep\n|turn|33\n|\n|t:|1700068727\n|switch|p2a: Cinderace|Cinderace, F|100\/100\n|move|p1a: Heatran|Earth Power|p2a: Cinderace\n|-supereffective|p2a: Cinderace\n|-damage|p2a: Cinderace|21\/100\n|\n|-weather|none\n|-heal|p1a: Heatran|36\/100|[from] item: Leftovers\n|upkeep\n|turn|34\n|\n|t:|1700068729\n|move|p2a: Cinderace|U-turn|p1a: Heatran\n|-start|p2a: Cinderace|typechange|Bug|[from] ability: Libero\n|-resisted|p1a: Heatran\n|-damage|p1a: Heatran|29\/100\n|\n|t:|1700068730\n|switch|p2a: Alomomola|Alomomola, F|56\/100 brn|[from] U-turn\n|-damage|p2a: Alomomola|44\/100 brn|[from] Stealth Rock\n|move|p1a: Heatran|Earth Power|p2a: Alomomola\n|-damage|p2a: Alomomola|19\/100 brn\n|\n|-heal|p1a: Heatran|35\/100|[from] item: Leftovers\n|-damage|p2a: Alomomola|13\/100 brn|[from] brn\n|upkeep\n|turn|35\n|\n|t:|1700068732\n|move|p1a: Heatran|Earth Power|p2a: Alomomola\n|-damage|p2a: Alomomola|0 fnt\n|faint|p2a: Alomomola\n|\n|-heal|p1a: Heatran|42\/100|[from] item: Leftovers\n|upkeep\n|-message|mary achi forfeited.\n|\n|win|elcorazontucun\n|raw|elcorazontucun's rating: 1470 &rarr; <strong>1495<\/strong><br \/>(+25 for winning)\n|raw|mary achi's rating: 1564 &rarr; <strong>1539<\/strong><br \/>(-25 for losing)\n|l|\u203dmary achi\n|c|\u2606elcorazontucun|Fun\n","uploadtime":1700068749,"views":7,"p1id":"elcorazontucun","p2id":"maryachi","formatid":"gen9ou","rating":1495,"private":0,"password":""}