{"id":"gen9ou-1996916383","p1":"Sir Grandmaster","p2":"RUMYMOME","format":"[Gen 9] OU","log":"|j|\u2606Sir Grandmaster\n|j|\u2606RUMYMOME\n|inactive|Battle timer is ON: inactive players will automatically lose when time's up.\n|t:|1700744442\n|gametype|singles\n|player|p1|Sir Grandmaster|ghetsis|\n|player|p2|RUMYMOME|marshal|\n|teamsize|p1|6\n|teamsize|p2|6\n|gen|9\n|tier|[Gen 9] OU\n|rated|Tournament battle\n|rule|Sleep Clause Mod: Limit one foe put to sleep\n|rule|Species Clause: Limit one of each Pok\u00e9mon\n|rule|OHKO Clause: OHKO moves are banned\n|rule|Evasion Items Clause: Evasion items are banned\n|rule|Evasion Moves Clause: Evasion moves are banned\n|rule|Endless Battle Clause: Forcing endless battles is banned\n|rule|HP Percentage Mod: HP is shown in percentages\n|clearpoke\n|poke|p1|Pelipper, F|\n|poke|p1|Barraskewda, F|\n|poke|p1|Golduck, M|\n|poke|p1|Breloom, F|\n|poke|p1|Dragonite, M|\n|poke|p1|Iron Hands|\n|poke|p2|Glimmora, F|\n|poke|p2|Toxapex, M|\n|poke|p2|Slowbro, M|\n|poke|p2|Cyclizar, F|\n|poke|p2|Tornadus-Therian, M|\n|poke|p2|Cinderace, F|\n|teampreview\n|j|*Lady Monita \u2746\n|\n|t:|1700744459\n|start\n|switch|p1a: Pelipper|Pelipper, F|100\/100\n|switch|p2a: Cyclizar|Cyclizar, F|100\/100\n|-weather|RainDance|[from] ability: Drizzle|[of] p1a: Pelipper\n|turn|1\n|\n|t:|1700744467\n|move|p2a: Cyclizar|Thunderbolt|p1a: Pelipper\n|-supereffective|p1a: Pelipper\n|-damage|p1a: Pelipper|16\/100\n|move|p1a: Pelipper|U-turn|p2a: Cyclizar\n|-damage|p2a: Cyclizar|85\/100\n|\n|t:|1700744473\n|switch|p1a: Golduck|Golduck, M|100\/100|[from] U-turn\n|\n|-weather|RainDance|[upkeep]\n|upkeep\n|turn|2\n|\n|t:|1700744481\n|move|p1a: Golduck|Surf|p2a: Cyclizar\n|-resisted|p2a: Cyclizar\n|-damage|p2a: Cyclizar|47\/100\n|move|p2a: Cyclizar|Thunderbolt|p1a: Golduck\n|-supereffective|p1a: Golduck\n|-damage|p1a: Golduck|59\/100\n|\n|-weather|RainDance|[upkeep]\n|upkeep\n|turn|3\n|\n|t:|1700744492\n|switch|p2a: Toxapex|Toxapex, M|100\/100\n|move|p1a: Golduck|Ice Beam|p2a: Toxapex\n|-resisted|p2a: Toxapex\n|-damage|p2a: Toxapex|90\/100\n|\n|-weather|RainDance|[upkeep]\n|upkeep\n|turn|4\n|\n|t:|1700744497\n|switch|p1a: Iron Hands|Iron Hands|100\/100\n|move|p2a: Toxapex|Infestation|p1a: Iron Hands\n|-resisted|p1a: Iron Hands\n|-damage|p1a: Iron Hands|99\/100\n|-activate|p1a: Iron Hands|move: Infestation|[of] p2a: Toxapex\n|\n|-weather|RainDance|[upkeep]\n|-damage|p1a: Iron Hands|87\/100|[from] move: Infestation|[partiallytrapped]\n|upkeep\n|turn|5\n|j| Bunnysai\n|\n|t:|1700744520\n|switch|p2a: Cyclizar|Cyclizar, F|80\/100\n|move|p1a: Iron Hands|Earthquake|p2a: Cyclizar\n|-damage|p2a: Cyclizar|5\/100\n|\n|-weather|none\n|-end|p1a: Iron Hands|Infestation|[partiallytrapped]|[silent]\n|upkeep\n|turn|6\n|inactive|Sir Grandmaster has 120 seconds left.\n|\n|t:|1700744567\n|switch|p2a: Tornadus|Tornadus-Therian, M|100\/100\n|move|p1a: Iron Hands|Thunder Punch|p2a: Tornadus\n|-supereffective|p2a: Tornadus\n|-damage|p2a: Tornadus|0 fnt\n|faint|p2a: Tornadus\n|\n|upkeep\n|\n|t:|1700744575\n|switch|p2a: Glimmora|Glimmora, F|100\/100\n|turn|7\n|\n|t:|1700744581\n|move|p2a: Glimmora|Earth Power|p1a: Iron Hands\n|-supereffective|p1a: Iron Hands\n|-damage|p1a: Iron Hands|52\/100\n|move|p1a: Iron Hands|Earthquake|p2a: Glimmora\n|-supereffective|p2a: Glimmora\n|-damage|p2a: Glimmora|0 fnt\n|-activate|p2a: Glimmora|ability: Toxic Debris\n|-sidestart|p1: Sir Grandmaster|move: Toxic Spikes\n|faint|p2a: Glimmora\n|\n|upkeep\n|\n|t:|1700744589\n|switch|p2a: Cyclizar|Cyclizar, F|38\/100\n|turn|8\n|\n|t:|1700744592\n|move|p2a: Cyclizar|Draco Meteor|p1a: Iron Hands\n|-damage|p1a: Iron Hands|23\/100\n|-unboost|p2a: Cyclizar|spa|2\n|move|p1a: Iron Hands|Ice Punch|p2a: Cyclizar\n|-supereffective|p2a: Cyclizar\n|-damage|p2a: Cyclizar|0 fnt\n|faint|p2a: Cyclizar\n|\n|upkeep\n|\n|t:|1700744600\n|switch|p2a: Cinderace|Cinderace, F|100\/100\n|turn|9\n|\n|t:|1700744605\n|move|p2a: Cinderace|Pyro Ball|p1a: Iron Hands\n|-damage|p1a: Iron Hands|0 fnt\n|faint|p1a: Iron Hands\n|-end|p1a: Iron Hands|Quark Drive|[silent]\n|\n|upkeep\n|\n|t:|1700744609\n|switch|p1a: Pelipper|Pelipper, F|16\/100\n|-weather|RainDance|[from] ability: Drizzle|[of] p1a: Pelipper\n|turn|10\n|l| Bunnysai\n|\n|t:|1700744616\n|move|p2a: Cinderace|High Jump Kick|p1a: Pelipper\n|-start|p2a: Cinderace|typechange|Fighting|[from] ability: Libero\n|-resisted|p1a: Pelipper\n|-damage|p1a: Pelipper|0 fnt\n|faint|p1a: Pelipper\n|\n|-weather|RainDance|[upkeep]\n|upkeep\n|\n|t:|1700744640\n|switch|p1a: Barraskewda|Barraskewda, F|100\/100\n|-status|p1a: Barraskewda|psn\n|turn|11\n|inactive|RUMYMOME has 120 seconds left.\n|j| Bunnysai\n|inactive|RUMYMOME has 90 seconds left.\n|inactive|RUMYMOME has 60 seconds left.\n|\n|t:|1700744749\n|switch|p2a: Slowbro|Slowbro, M|100\/100\n|move|p1a: Barraskewda|Psychic Fangs|p2a: Slowbro\n|-resisted|p2a: Slowbro\n|-damage|p2a: Slowbro|89\/100\n|\n|-weather|RainDance|[upkeep]\n|-damage|p1a: Barraskewda|88\/100 psn|[from] psn\n|upkeep\n|turn|12\n|j| quitenewaccount\n|l| quitenewaccount\n|\n|t:|1700744758\n|-terastallize|p1a: Barraskewda|Water\n|move|p1a: Barraskewda|Liquidation|p2a: Slowbro\n|-resisted|p2a: Slowbro\n|-damage|p2a: Slowbro|55\/100\n|move|p2a: Slowbro|Future Sight|p1a: Barraskewda\n|-start|p2a: Slowbro|move: Future Sight\n|\n|-weather|RainDance|[upkeep]\n|-damage|p1a: Barraskewda|76\/100 psn|[from] psn\n|upkeep\n|turn|13\n|\n|t:|1700744772\n|switch|p1a: Golduck|Golduck, M|59\/100\n|-status|p1a: Golduck|psn\n|move|p2a: Slowbro|Surf|p1a: Golduck\n|-resisted|p1a: Golduck\n|-damage|p1a: Golduck|30\/100 psn\n|\n|-weather|RainDance|[upkeep]\n|-damage|p1a: Golduck|17\/100 psn|[from] psn\n|upkeep\n|turn|14\n|\n|t:|1700744789\n|move|p1a: Golduck|Grass Knot|p2a: Slowbro\n|-supereffective|p2a: Slowbro\n|-damage|p2a: Slowbro|16\/100\n|move|p2a: Slowbro|Surf|p1a: Golduck\n|-resisted|p1a: Golduck\n|-damage|p1a: Golduck|0 fnt\n|faint|p1a: Golduck\n|\n|-weather|none\n|-hint|Future Sight did not hit because the target is fainted.\n|upkeep\n|\n|t:|1700744794\n|switch|p1a: Dragonite|Dragonite, M|100\/100\n|turn|15\n|\n|t:|1700744802\n|switch|p2a: Toxapex|Toxapex, M|100\/100\n|move|p1a: Dragonite|Earthquake|p2a: Toxapex\n|-supereffective|p2a: Toxapex\n|-damage|p2a: Toxapex|36\/100\n|\n|upkeep\n|turn|16\n|inactive|RUMYMOME has 60 seconds left.\n|\n|t:|1700744813\n|-terastallize|p2a: Toxapex|Fairy\n|move|p1a: Dragonite|Outrage|p2a: Toxapex\n|-immune|p2a: Toxapex\n|move|p2a: Toxapex|Ice Spinner|p1a: Dragonite\n|-supereffective|p1a: Dragonite\n|-damage|p1a: Dragonite|62\/100\n|\n|upkeep\n|turn|17\n|inactive|RUMYMOME has 60 seconds left.\n|\n|t:|1700744823\n|move|p1a: Dragonite|Earthquake|p2a: Toxapex\n|-damage|p2a: Toxapex|2\/100\n|move|p2a: Toxapex|Ice Spinner|p1a: Dragonite\n|-supereffective|p1a: Dragonite\n|-damage|p1a: Dragonite|0 fnt\n|faint|p1a: Dragonite\n|\n|upkeep\n|\n|t:|1700744828\n|switch|p1a: Barraskewda|Barraskewda, F, tera:Water|76\/100 psn\n|turn|18\n|inactive|RUMYMOME has 60 seconds left.\n|c|\u2606Sir Grandmaster|fairy pex is so weird\n|inactive|RUMYMOME has 30 seconds left.\n|inactive|RUMYMOME has 20 seconds left.\n|inactive|RUMYMOME has 15 seconds left.\n|\n|t:|1700744890\n|switch|p1a: Breloom|Breloom, F|100\/100\n|-status|p1a: Breloom|psn\n|switch|p2a: Slowbro|Slowbro, M|16\/100\n|\n|-damage|p1a: Breloom|88\/100 psn|[from] psn\n|upkeep\n|turn|19\n|inactive|RUMYMOME has 25 seconds left this turn.\n|inactive|RUMYMOME has 20 seconds left.\n|inactive|RUMYMOME has 15 seconds left.\n|inactive|RUMYMOME has 10 seconds left.\n|\n|t:|1700744909\n|move|p1a: Breloom|Thunder Punch|p2a: Slowbro\n|-supereffective|p2a: Slowbro\n|-damage|p2a: Slowbro|0 fnt\n|faint|p2a: Slowbro\n|\n|-damage|p1a: Breloom|76\/100 psn|[from] psn\n|upkeep\n|inactive|RUMYMOME has 15 seconds left this turn.\n|\n|t:|1700744913\n|switch|p2a: Toxapex|Toxapex, M, tera:Fairy|35\/100\n|turn|20\n|inactive|RUMYMOME has 25 seconds left this turn.\n|inactive|RUMYMOME has 20 seconds left.\n|inactive|RUMYMOME has 15 seconds left.\n|\n|t:|1700744927\n|move|p1a: Breloom|Gunk Shot|p2a: Toxapex\n|-supereffective|p2a: Toxapex\n|-damage|p2a: Toxapex|0 fnt\n|faint|p2a: Toxapex\n|\n|-damage|p1a: Breloom|64\/100 psn|[from] psn\n|upkeep\n|inactive|RUMYMOME has 20 seconds left this turn.\n|\n|t:|1700744930\n|switch|p2a: Cinderace|Cinderace, F|100\/100\n|turn|21\n|inactive|RUMYMOME has 30 seconds left this turn.\n|\n|t:|1700744935\n|move|p1a: Breloom|Mach Punch|p2a: Cinderace\n|-crit|p2a: Cinderace\n|-damage|p2a: Cinderace|25\/100\n|move|p2a: Cinderace|Pyro Ball|p1a: Breloom\n|-supereffective|p1a: Breloom\n|-damage|p1a: Breloom|0 fnt\n|faint|p1a: Breloom\n|\n|upkeep\n|\n|t:|1700744938\n|switch|p1a: Barraskewda|Barraskewda, F, tera:Water|76\/100 psn\n|turn|22\n|\n|t:|1700744940\n|move|p2a: Cinderace|Sucker Punch|p1a: Barraskewda\n|-start|p2a: Cinderace|typechange|Dark|[from] ability: Libero\n|-damage|p1a: Barraskewda|15\/100 psn\n|move|p1a: Barraskewda|Liquidation|p2a: Cinderace\n|-damage|p2a: Cinderace|0 fnt\n|faint|p2a: Cinderace\n|\n|win|Sir Grandmaster\n|n|\u2606Sir Grandmaster|sirgrandmaster\n|n|\u2606RUMYMOME|rumymome\n|n|*Lady Monita \u2746|ladymonita\n|n| Bunnysai|bunnysai\n","uploadtime":1700744941,"views":1,"p1id":"sirgrandmaster","p2id":"rumymome","formatid":"gen9ou","rating":0,"private":0,"password":""}