{"id":"gen9ou-1999979355","p1":"Snurke","p2":"Juanischafa","format":"[Gen 9] OU","log":"|j|\u2606Snurke\n|j|\u2606Juanischafa\n|t:|1701137079\n|gametype|singles\n|player|p1|Snurke|102|1528\n|player|p2|Juanischafa|striker|1497\n|teamsize|p1|6\n|teamsize|p2|6\n|gen|9\n|tier|[Gen 9] OU\n|rated|\n|rule|Sleep Clause Mod: Limit one foe put to sleep\n|rule|Species Clause: Limit one of each Pok\u00e9mon\n|rule|OHKO Clause: OHKO moves are banned\n|rule|Evasion Items Clause: Evasion items are banned\n|rule|Evasion Moves Clause: Evasion moves are banned\n|rule|Endless Battle Clause: Forcing endless battles is banned\n|rule|HP Percentage Mod: HP is shown in percentages\n|clearpoke\n|poke|p1|Great Tusk|\n|poke|p1|Ninetales-Alola, F|\n|poke|p1|Mandibuzz, F|\n|poke|p1|Amoonguss, F|\n|poke|p1|Manaphy|\n|poke|p1|Jirachi|\n|poke|p2|Iron Valiant|\n|poke|p2|Ogerpon-Wellspring, F|\n|poke|p2|Ribombee, F|\n|poke|p2|Iron Treads|\n|poke|p2|Heatran, F|\n|poke|p2|Iron Moth|\n|teampreview\n|inactive|Battle timer is ON: inactive players will automatically lose when time's up. (requested by Snurke)\n|\n|t:|1701137101\n|start\n|switch|p1a: Jirachi|Jirachi, shiny|100\/100\n|switch|p2a: Heatran|Heatran, F|100\/100\n|turn|1\n|\n|t:|1701137107\n|move|p1a: Jirachi|Stealth Rock|p2a: Heatran\n|-sidestart|p2: Juanischafa|move: Stealth Rock\n|move|p2a: Heatran|Magma Storm|p1a: Jirachi|[miss]\n|-miss|p2a: Heatran|p1a: Jirachi\n|\n|upkeep\n|turn|2\n|\n|t:|1701137113\n|switch|p1a: Manaphy|Manaphy|100\/100\n|move|p2a: Heatran|Magma Storm|p1a: Manaphy|[miss]\n|-miss|p2a: Heatran|p1a: Manaphy\n|\n|upkeep\n|turn|3\n|\n|t:|1701137120\n|switch|p2a: Iron Treads|Iron Treads|100\/100\n|-damage|p2a: Iron Treads|97\/100|[from] Stealth Rock\n|-enditem|p2a: Iron Treads|Booster Energy\n|-activate|p2a: Iron Treads|ability: Quark Drive|[fromitem]\n|-start|p2a: Iron Treads|quarkdrivespe\n|move|p1a: Manaphy|Take Heart|p1a: Manaphy\n|-boost|p1a: Manaphy|spa|1\n|-boost|p1a: Manaphy|spd|1\n|\n|upkeep\n|turn|4\n|\n|t:|1701137129\n|move|p2a: Iron Treads|Rapid Spin|p1a: Manaphy\n|-damage|p1a: Manaphy|91\/100\n|-boost|p2a: Iron Treads|spe|1\n|-sideend|p2: Juanischafa|Stealth Rock|[from] move: Rapid Spin|[of] p2a: Iron Treads\n|move|p1a: Manaphy|Scald|p2a: Iron Treads\n|-supereffective|p2a: Iron Treads\n|-damage|p2a: Iron Treads|0 fnt\n|faint|p2a: Iron Treads\n|-end|p2a: Iron Treads|Quark Drive|[silent]\n|\n|-heal|p1a: Manaphy|97\/100|[from] item: Leftovers\n|upkeep\n|\n|t:|1701137140\n|switch|p2a: Ribombee|Ribombee, F, shiny|100\/100\n|turn|5\n|\n|t:|1701137146\n|move|p2a: Ribombee|Sticky Web|p1a: Manaphy\n|-sidestart|p1: Snurke|move: Sticky Web\n|move|p1a: Manaphy|Take Heart|p1a: Manaphy\n|-boost|p1a: Manaphy|spa|1\n|-boost|p1a: Manaphy|spd|1\n|\n|-heal|p1a: Manaphy|100\/100|[from] item: Leftovers\n|upkeep\n|turn|6\n|\n|t:|1701137154\n|move|p2a: Ribombee|Stun Spore|p1a: Manaphy\n|-status|p1a: Manaphy|par\n|move|p1a: Manaphy|Acid Armor|p1a: Manaphy\n|-boost|p1a: Manaphy|def|2\n|\n|upkeep\n|turn|7\n|\n|t:|1701137160\n|move|p2a: Ribombee|Moonblast|p1a: Manaphy\n|-damage|p1a: Manaphy|81\/100 par\n|move|p1a: Manaphy|Take Heart|p1a: Manaphy\n|-boost|p1a: Manaphy|spa|1\n|-boost|p1a: Manaphy|spd|1\n|-curestatus|p1a: Manaphy|par|[msg]\n|\n|-heal|p1a: Manaphy|87\/100|[from] item: Leftovers\n|upkeep\n|turn|8\n|\n|t:|1701137169\n|move|p2a: Ribombee|Moonblast|p1a: Manaphy\n|-damage|p1a: Manaphy|72\/100\n|-unboost|p1a: Manaphy|spa|1\n|move|p1a: Manaphy|Take Heart|p1a: Manaphy\n|-boost|p1a: Manaphy|spa|1\n|-boost|p1a: Manaphy|spd|1\n|\n|-heal|p1a: Manaphy|78\/100|[from] item: Leftovers\n|upkeep\n|turn|9\n|\n|t:|1701137179\n|move|p2a: Ribombee|Stun Spore|p1a: Manaphy\n|-status|p1a: Manaphy|par\n|move|p1a: Manaphy|Acid Armor|p1a: Manaphy\n|-boost|p1a: Manaphy|def|2\n|\n|-heal|p1a: Manaphy|84\/100 par|[from] item: Leftovers\n|upkeep\n|turn|10\n|\n|t:|1701137187\n|move|p2a: Ribombee|Moonblast|p1a: Manaphy\n|-damage|p1a: Manaphy|71\/100 par\n|-unboost|p1a: Manaphy|spa|1\n|move|p1a: Manaphy|Take Heart|p1a: Manaphy\n|-boost|p1a: Manaphy|spa|1\n|-boost|p1a: Manaphy|spd|1\n|-curestatus|p1a: Manaphy|par|[msg]\n|\n|-heal|p1a: Manaphy|77\/100|[from] item: Leftovers\n|upkeep\n|turn|11\n|\n|t:|1701137198\n|move|p2a: Ribombee|Stun Spore|p1a: Manaphy\n|-status|p1a: Manaphy|par\n|move|p1a: Manaphy|Scald|p2a: Ribombee\n|-enditem|p2a: Ribombee|Focus Sash\n|-damage|p2a: Ribombee|1\/100\n|\n|-heal|p1a: Manaphy|83\/100 par|[from] item: Leftovers\n|upkeep\n|turn|12\n|\n|t:|1701137208\n|move|p2a: Ribombee|Psychic|p1a: Manaphy\n|-damage|p1a: Manaphy|77\/100 par\n|cant|p1a: Manaphy|par\n|\n|-heal|p1a: Manaphy|83\/100 par|[from] item: Leftovers\n|upkeep\n|turn|13\n|\n|t:|1701137215\n|move|p2a: Ribombee|Psychic|p1a: Manaphy\n|-damage|p1a: Manaphy|77\/100 par\n|move|p1a: Manaphy|Take Heart|p1a: Manaphy\n|-boost|p1a: Manaphy|spa|1\n|-boost|p1a: Manaphy|spd|1\n|-curestatus|p1a: Manaphy|par|[msg]\n|\n|-heal|p1a: Manaphy|83\/100|[from] item: Leftovers\n|upkeep\n|turn|14\n|\n|t:|1701137225\n|move|p2a: Ribombee|Stun Spore|p1a: Manaphy\n|-status|p1a: Manaphy|par\n|move|p1a: Manaphy|Acid Armor|p1a: Manaphy\n|-boost|p1a: Manaphy|def|2\n|\n|-heal|p1a: Manaphy|89\/100 par|[from] item: Leftovers\n|upkeep\n|turn|15\n|\n|t:|1701137233\n|switch|p2a: Ogerpon|Ogerpon-Wellspring, F|100\/100\n|move|p1a: Manaphy|Take Heart|p1a: Manaphy\n|-boost|p1a: Manaphy|spa|1\n|-boost|p1a: Manaphy|spd|0\n|-curestatus|p1a: Manaphy|par|[msg]\n|\n|-heal|p1a: Manaphy|95\/100|[from] item: Leftovers\n|upkeep\n|turn|16\n|\n|t:|1701137243\n|move|p2a: Ogerpon|Horn Leech|p1a: Manaphy\n|-supereffective|p1a: Manaphy\n|-damage|p1a: Manaphy|80\/100\n|move|p1a: Manaphy|Stored Power|p2a: Ogerpon\n|-damage|p2a: Ogerpon|0 fnt\n|faint|p2a: Ogerpon\n|\n|-heal|p1a: Manaphy|86\/100|[from] item: Leftovers\n|upkeep\n|-message|Juanischafa forfeited.\n|\n|win|Snurke\n|raw|Snurke's rating: 1528 &rarr; <strong>1546<\/strong><br \/>(+18 for winning)\n|raw|Juanischafa's rating: 1497 &rarr; <strong>1479<\/strong><br \/>(-18 for losing)\n|l|\u2606Juanischafa\n","uploadtime":1701137253,"views":4,"p1id":"snurke","p2id":"juanischafa","formatid":"gen9ou","rating":1479,"private":0,"password":""}