{"id":"gen9ou-1995682647","p1":"axelhunter123","p2":"Allerick Giovanni","format":"[Gen 9] OU","log":"|j|\u2606axelhunter123\n|j|\u2606Allerick Giovanni\n|t:|1700593583\n|gametype|singles\n|player|p1|axelhunter123|skier|1000\n|player|p2|Allerick Giovanni|linebacker|1021\n|teamsize|p1|6\n|teamsize|p2|6\n|gen|9\n|tier|[Gen 9] OU\n|rated|\n|rule|Sleep Clause Mod: Limit one foe put to sleep\n|rule|Species Clause: Limit one of each Pok\u00e9mon\n|rule|OHKO Clause: OHKO moves are banned\n|rule|Evasion Items Clause: Evasion items are banned\n|rule|Evasion Moves Clause: Evasion moves are banned\n|rule|Endless Battle Clause: Forcing endless battles is banned\n|rule|HP Percentage Mod: HP is shown in percentages\n|clearpoke\n|poke|p1|Garchomp, F|\n|poke|p1|Rillaboom, M|\n|poke|p1|Cinderace, M|\n|poke|p1|Muk-Alola, M|\n|poke|p1|Zamazenta-*|\n|poke|p1|Toxapex, F|\n|poke|p2|Hoopa|\n|poke|p2|Gastrodon, F|\n|poke|p2|Articuno-Galar|\n|poke|p2|Farigiraf, F|\n|poke|p2|Snorlax, F|\n|poke|p2|Gardevoir, F|\n|teampreview\n|inactive|Battle timer is ON: inactive players will automatically lose when time's up. (requested by axelhunter123)\n|\n|t:|1700593608\n|start\n|switch|p1a: Cinderace|Cinderace, M|100\/100\n|switch|p2a: Articuno|Articuno-Galar|100\/100\n|turn|1\n|\n|t:|1700593617\n|move|p1a: Cinderace|Gunk Shot|p2a: Articuno\n|-start|p1a: Cinderace|typechange|Poison|[from] ability: Libero\n|-damage|p2a: Articuno|39\/100\n|-status|p2a: Articuno|psn\n|move|p2a: Articuno|Trick Room|p2a: Articuno\n|-fieldstart|move: Trick Room|[of] p2a: Articuno\n|\n|-damage|p2a: Articuno|27\/100 psn|[from] psn\n|upkeep\n|turn|2\n|\n|t:|1700593626\n|move|p2a: Articuno|Freezing Glare|p1a: Cinderace\n|-supereffective|p1a: Cinderace\n|-damage|p1a: Cinderace|0 fnt\n|faint|p1a: Cinderace\n|\n|-damage|p2a: Articuno|15\/100 psn|[from] psn\n|upkeep\n|\n|t:|1700593635\n|switch|p1a: Muk|Muk-Alola, M|100\/100\n|turn|3\n|\n|t:|1700593651\n|move|p2a: Articuno|Skill Swap|p1a: Muk\n|-activate|p2a: Articuno|move: Skill Swap|Poison Touch|Competitive|[of] p1a: Muk\n|move|p1a: Muk|Taunt|p2a: Articuno\n|-start|p2a: Articuno|move: Taunt\n|\n|-damage|p2a: Articuno|3\/100 psn|[from] psn\n|upkeep\n|turn|4\n|\n|t:|1700593659\n|move|p2a: Articuno|Freezing Glare|p1a: Muk\n|-immune|p1a: Muk\n|move|p1a: Muk|Knock Off|p2a: Articuno\n|-supereffective|p2a: Articuno\n|-damage|p2a: Articuno|0 fnt\n|-enditem|p2a: Articuno|Iron Ball|[from] move: Knock Off|[of] p1a: Muk\n|faint|p2a: Articuno\n|\n|upkeep\n|\n|t:|1700593673\n|switch|p2a: Gastrodon|Gastrodon, F|100\/100\n|turn|5\n|\n|t:|1700593679\n|switch|p1a: Rillaboom|Rillaboom, M|100\/100\n|-fieldstart|move: Grassy Terrain|[from] ability: Grassy Surge|[of] p1a: Rillaboom\n|move|p2a: Gastrodon|Stealth Rock|p1a: Rillaboom\n|-sidestart|p1: axelhunter123|move: Stealth Rock\n|\n|-fieldend|move: Trick Room\n|upkeep\n|turn|6\n|\n|t:|1700593689\n|move|p1a: Rillaboom|Grassy Glide|p2a: Gastrodon\n|-supereffective|p2a: Gastrodon\n|-damage|p2a: Gastrodon|0 fnt\n|-damage|p1a: Rillaboom|84\/100|[from] item: Rocky Helmet|[of] p2a: Gastrodon\n|faint|p2a: Gastrodon\n|\n|-heal|p1a: Rillaboom|90\/100|[from] Grassy Terrain\n|-heal|p1a: Rillaboom|96\/100|[from] item: Leftovers\n|upkeep\n|\n|t:|1700593698\n|switch|p2a: Farigiraf|Farigiraf, F|100\/100\n|turn|7\n|inactive|axelhunter123 has 120 seconds left.\n|\n|t:|1700593744\n|move|p1a: Rillaboom|Bulk Up|p1a: Rillaboom\n|-boost|p1a: Rillaboom|atk|1\n|-boost|p1a: Rillaboom|def|1\n|move|p2a: Farigiraf|Twin Beam|p1a: Rillaboom\n|-damage|p1a: Rillaboom|80\/100\n|-damage|p1a: Rillaboom|63\/100\n|-hitcount|p1a: Rillaboom|2\n|\n|-heal|p1a: Rillaboom|69\/100|[from] Grassy Terrain\n|-heal|p1a: Rillaboom|75\/100|[from] item: Leftovers\n|upkeep\n|turn|8\n|\n|t:|1700593759\n|move|p1a: Rillaboom|Bulk Up|p1a: Rillaboom\n|-boost|p1a: Rillaboom|atk|1\n|-boost|p1a: Rillaboom|def|1\n|move|p2a: Farigiraf|Power Swap|p1a: Rillaboom\n|-swapboost|p2a: Farigiraf|p1a: Rillaboom|atk, spa|[from] move: Power Swap\n|\n|-heal|p1a: Rillaboom|82\/100|[from] Grassy Terrain\n|-heal|p1a: Rillaboom|88\/100|[from] item: Leftovers\n|upkeep\n|turn|9\n|\n|t:|1700593769\n|move|p1a: Rillaboom|Grassy Glide||[still]\n|cant|p2a: Farigiraf|ability: Armor Tail|Grassy Glide|[of] p1a: Rillaboom\n|move|p2a: Farigiraf|Low Kick|p1a: Rillaboom\n|-damage|p1a: Rillaboom|72\/100\n|\n|-heal|p1a: Rillaboom|78\/100|[from] Grassy Terrain\n|-heal|p1a: Rillaboom|84\/100|[from] item: Leftovers\n|-fieldend|move: Grassy Terrain\n|upkeep\n|turn|10\n|\n|t:|1700593779\n|move|p1a: Rillaboom|High Horsepower|p2a: Farigiraf\n|-damage|p2a: Farigiraf|71\/100\n|move|p2a: Farigiraf|Twin Beam|p1a: Rillaboom\n|-damage|p1a: Rillaboom|69\/100\n|-damage|p1a: Rillaboom|51\/100\n|-hitcount|p1a: Rillaboom|2\n|\n|-heal|p1a: Rillaboom|57\/100|[from] item: Leftovers\n|upkeep\n|turn|11\n|\n|t:|1700593791\n|switch|p1a: Muk|Muk-Alola, M|100\/100\n|-damage|p1a: Muk|88\/100|[from] Stealth Rock\n|move|p2a: Farigiraf|Crunch|p1a: Muk\n|-resisted|p1a: Muk\n|-damage|p1a: Muk|63\/100\n|\n|-heal|p1a: Muk|69\/100|[from] item: Black Sludge\n|upkeep\n|turn|12\n|\n|t:|1700593803\n|move|p2a: Farigiraf|Low Kick|p1a: Muk\n|-damage|p1a: Muk|21\/100\n|move|p1a: Muk|Knock Off|p2a: Farigiraf\n|-supereffective|p2a: Farigiraf\n|-crit|p2a: Farigiraf\n|-damage|p2a: Farigiraf|0 fnt\n|-enditem|p2a: Farigiraf|Sitrus Berry|[from] move: Knock Off|[of] p1a: Muk\n|faint|p2a: Farigiraf\n|\n|-heal|p1a: Muk|27\/100|[from] item: Black Sludge\n|upkeep\n|\n|t:|1700593810\n|switch|p2a: Gardevoir|Gardevoir, F|100\/100\n|-ability|p2a: Gardevoir|Poison Touch|[from] ability: Trace|[of] p1a: Muk\n|turn|13\n|\n|t:|1700593816\n|move|p1a: Muk|Gunk Shot|p2a: Gardevoir\n|-supereffective|p2a: Gardevoir\n|-damage|p2a: Gardevoir|0 fnt\n|faint|p2a: Gardevoir\n|\n|-heal|p1a: Muk|33\/100|[from] item: Black Sludge\n|upkeep\n|\n|t:|1700593819\n|switch|p2a: Hoopa|Hoopa|100\/100\n|turn|14\n|\n|t:|1700593824\n|move|p2a: Hoopa|Phantom Force||[still]\n|-prepare|p2a: Hoopa|Phantom Force\n|move|p1a: Muk|Knock Off|p2a: Hoopa|[miss]\n|-miss|p1a: Muk|p2a: Hoopa\n|\n|-heal|p1a: Muk|39\/100|[from] item: Black Sludge\n|upkeep\n|turn|15\n|\n|t:|1700593831\n|move|p2a: Hoopa|Phantom Force|p1a: Muk|[from]lockedmove\n|-resisted|p1a: Muk\n|-damage|p1a: Muk|15\/100\n|move|p1a: Muk|Taunt|p2a: Hoopa\n|-start|p2a: Hoopa|move: Taunt\n|\n|-heal|p1a: Muk|21\/100|[from] item: Black Sludge\n|upkeep\n|turn|16\n|\n|t:|1700593839\n|move|p2a: Hoopa|Phantom Force||[still]\n|-prepare|p2a: Hoopa|Phantom Force\n|move|p1a: Muk|Knock Off|p2a: Hoopa|[miss]\n|-miss|p1a: Muk|p2a: Hoopa\n|\n|-heal|p1a: Muk|27\/100|[from] item: Black Sludge\n|upkeep\n|turn|17\n|\n|t:|1700593845\n|move|p2a: Hoopa|Phantom Force|p1a: Muk|[from]lockedmove\n|-resisted|p1a: Muk\n|-damage|p1a: Muk|2\/100\n|move|p1a: Muk|Knock Off|p2a: Hoopa\n|-supereffective|p2a: Hoopa\n|-damage|p2a: Hoopa|0 fnt\n|-enditem|p2a: Hoopa|Ring Target|[from] move: Knock Off|[of] p1a: Muk\n|faint|p2a: Hoopa\n|\n|-heal|p1a: Muk|8\/100|[from] item: Black Sludge\n|upkeep\n|\n|t:|1700593850\n|switch|p2a: Snorlax|Snorlax, F|100\/100\n|turn|18\n|c|\u2606axelhunter123|ggs\n|\n|t:|1700593859\n|move|p1a: Muk|Drain Punch|p2a: Snorlax\n|-supereffective|p2a: Snorlax\n|-damage|p2a: Snorlax|54\/100\n|-heal|p1a: Muk|38\/100|[from] drain|[of] p2a: Snorlax\n|move|p2a: Snorlax|Curse|p2a: Snorlax\n|-unboost|p2a: Snorlax|spe|1\n|-boost|p2a: Snorlax|atk|1\n|-boost|p2a: Snorlax|def|1\n|\n|-heal|p1a: Muk|44\/100|[from] item: Black Sludge\n|upkeep\n|turn|19\n|\n|t:|1700593870\n|-terastallize|p2a: Snorlax|Ghost\n|move|p1a: Muk|Drain Punch|p2a: Snorlax\n|-immune|p2a: Snorlax\n|move|p2a: Snorlax|Body Slam|p1a: Muk\n|-damage|p1a: Muk|0 fnt\n|faint|p1a: Muk\n|\n|upkeep\n|\n|t:|1700593885\n|switch|p1a: Zamazenta|Zamazenta|100\/100\n|-damage|p1a: Zamazenta|94\/100|[from] Stealth Rock\n|-ability|p1a: Zamazenta|Dauntless Shield|boost\n|-boost|p1a: Zamazenta|def|1\n|turn|20\n|\n|t:|1700593895\n|-terastallize|p1a: Zamazenta|Ghost\n|move|p1a: Zamazenta|Iron Defense|p1a: Zamazenta\n|-boost|p1a: Zamazenta|def|2\n|move|p2a: Snorlax|Gunk Shot|p1a: Zamazenta\n|-resisted|p1a: Zamazenta\n|-damage|p1a: Zamazenta|85\/100\n|-status|p1a: Zamazenta|psn\n|\n|-heal|p1a: Zamazenta|91\/100 psn|[from] item: Leftovers\n|-damage|p1a: Zamazenta|79\/100 psn|[from] psn\n|upkeep\n|turn|21\n|\n|t:|1700593912\n|move|p1a: Zamazenta|Crunch|p2a: Snorlax\n|-supereffective|p2a: Snorlax\n|-damage|p2a: Snorlax|20\/100\n|-enditem|p2a: Snorlax|Sitrus Berry|[eat]\n|-heal|p2a: Snorlax|45\/100|[from] item: Sitrus Berry\n|move|p2a: Snorlax|Lick|p1a: Zamazenta\n|-supereffective|p1a: Zamazenta\n|-damage|p1a: Zamazenta|49\/100 psn\n|\n|-heal|p1a: Zamazenta|55\/100 psn|[from] item: Leftovers\n|-damage|p1a: Zamazenta|43\/100 psn|[from] psn\n|upkeep\n|turn|22\n|\n|t:|1700593924\n|move|p1a: Zamazenta|Crunch|p2a: Snorlax\n|-supereffective|p2a: Snorlax\n|-damage|p2a: Snorlax|10\/100\n|-unboost|p2a: Snorlax|def|1\n|move|p2a: Snorlax|Lick|p1a: Zamazenta\n|-supereffective|p1a: Zamazenta\n|-crit|p1a: Zamazenta\n|-damage|p1a: Zamazenta|0 fnt\n|faint|p1a: Zamazenta\n|\n|upkeep\n|\n|t:|1700593935\n|switch|p1a: Toxapex|Toxapex, F|100\/100\n|-damage|p1a: Toxapex|88\/100|[from] Stealth Rock\n|turn|23\n|\n|t:|1700593942\n|move|p1a: Toxapex|Toxic|p2a: Snorlax\n|-immune|p2a: Snorlax|[from] ability: Immunity\n|move|p2a: Snorlax|Curse|p1a: Toxapex\n|-start|p1a: Toxapex|Curse|[of] p2a: Snorlax\n|-damage|p2a: Snorlax|0 fnt\n|faint|p2a: Snorlax\n|\n|win|axelhunter123\n|raw|axelhunter123's rating: 1000 &rarr; <strong>1042<\/strong><br \/>(+42 for winning)\n|raw|Allerick Giovanni's rating: 1021 &rarr; <strong>1007<\/strong><br \/>(-14 for losing)\n|c|\u2606Allerick Giovanni|Gg\n|c|\u2606axelhunter123|rematch?\n|l|\u2606Allerick Giovanni\n","uploadtime":1700593978,"views":9,"p1id":"axelhunter123","p2id":"allerickgiovanni","formatid":"gen9ou","rating":1007,"private":0,"password":""}