{"id":"gen9ou-1997276312","p1":"AverageKromerFan","p2":"Willuchiwa","format":"[Gen 9] OU","log":"|j|\u2606AverageKromerFan\n|j|\u2606Willuchiwa\n|t:|1700783545\n|gametype|singles\n|player|p1|AverageKromerFan|lucas-gen4pt|1190\n|player|p2|Willuchiwa|1|1187\n|teamsize|p1|6\n|teamsize|p2|6\n|gen|9\n|tier|[Gen 9] OU\n|rated|\n|rule|Sleep Clause Mod: Limit one foe put to sleep\n|rule|Species Clause: Limit one of each Pok\u00e9mon\n|rule|OHKO Clause: OHKO moves are banned\n|rule|Evasion Items Clause: Evasion items are banned\n|rule|Evasion Moves Clause: Evasion moves are banned\n|rule|Endless Battle Clause: Forcing endless battles is banned\n|rule|HP Percentage Mod: HP is shown in percentages\n|clearpoke\n|poke|p1|Kingambit, M|\n|poke|p1|Ogerpon, F|\n|poke|p1|Cinderace, F|\n|poke|p1|Empoleon, M|\n|poke|p1|Landorus-Therian, M|\n|poke|p1|Hatterene, F|\n|poke|p2|Lokix, M|\n|poke|p2|Great Tusk|\n|poke|p2|Skeledirge, M|\n|poke|p2|Garganacl, F|\n|poke|p2|Rotom-Wash|\n|poke|p2|Dragapult, F|\n|teampreview\n|inactive|Battle timer is ON: inactive players will automatically lose when time's up. (requested by AverageKromerFan)\n|\n|t:|1700783560\n|start\n|switch|p1a: Keanoot Reaves|Empoleon, M|100\/100\n|switch|p2a: Dragapult|Dragapult, F|100\/100\n|turn|1\n|\n|t:|1700783566\n|move|p2a: Dragapult|Flamethrower|p1a: Keanoot Reaves\n|-damage|p1a: Keanoot Reaves|74\/100\n|move|p1a: Keanoot Reaves|Stealth Rock|p2a: Dragapult\n|-sidestart|p2: Willuchiwa|move: Stealth Rock\n|\n|-heal|p1a: Keanoot Reaves|80\/100|[from] item: Leftovers\n|upkeep\n|turn|2\n|\n|t:|1700783571\n|switch|p2a: Rotom|Rotom-Wash|100\/100\n|-damage|p2a: Rotom|88\/100|[from] Stealth Rock\n|move|p1a: Keanoot Reaves|Flip Turn|p2a: Rotom\n|-resisted|p2a: Rotom\n|-damage|p2a: Rotom|79\/100\n|\n|t:|1700783577\n|switch|p1a: PonHub|Ogerpon, F|100\/100|[from] Flip Turn\n|\n|-heal|p2a: Rotom|85\/100|[from] item: Leftovers\n|upkeep\n|turn|3\n|\n|t:|1700783581\n|move|p1a: PonHub|U-turn|p2a: Rotom\n|-damage|p2a: Rotom|49\/100\n|\n|t:|1700783591\n|switch|p1a: Keanoot Reaves|Empoleon, M|80\/100|[from] U-turn\n|move|p2a: Rotom|Thunder Wave|p1a: Keanoot Reaves\n|-status|p1a: Keanoot Reaves|par\n|\n|-heal|p2a: Rotom|55\/100|[from] item: Leftovers\n|-heal|p1a: Keanoot Reaves|87\/100 par|[from] item: Leftovers\n|upkeep\n|turn|4\n|\n|t:|1700783611\n|move|p2a: Rotom|Volt Switch|p1a: Keanoot Reaves\n|-supereffective|p1a: Keanoot Reaves\n|-damage|p1a: Keanoot Reaves|53\/100 par\n|\n|t:|1700783619\n|switch|p2a: Garganacl|Garganacl, F|100\/100|[from] Volt Switch\n|-damage|p2a: Garganacl|88\/100|[from] Stealth Rock\n|move|p1a: Keanoot Reaves|Flip Turn|p2a: Garganacl\n|-supereffective|p2a: Garganacl\n|-damage|p2a: Garganacl|70\/100\n|\n|t:|1700783631\n|switch|p1a: PonHub|Ogerpon, F|100\/100|[from] Flip Turn\n|\n|-heal|p2a: Garganacl|76\/100|[from] item: Leftovers\n|upkeep\n|turn|5\n|\n|t:|1700783642\n|-terastallize|p2a: Garganacl|Fairy\n|move|p1a: PonHub|Ivy Cudgel|p2a: Garganacl\n|-damage|p2a: Garganacl|38\/100\n|move|p2a: Garganacl|Recover|p2a: Garganacl\n|-heal|p2a: Garganacl|88\/100\n|\n|-heal|p2a: Garganacl|94\/100|[from] item: Leftovers\n|upkeep\n|turn|6\n|\n|t:|1700783650\n|switch|p1a: Keanoot Reaves|Empoleon, M|53\/100 par\n|move|p2a: Garganacl|Curse|p2a: Garganacl\n|-unboost|p2a: Garganacl|spe|1\n|-boost|p2a: Garganacl|atk|1\n|-boost|p2a: Garganacl|def|1\n|\n|-heal|p2a: Garganacl|99\/100|[from] item: Leftovers\n|-heal|p1a: Keanoot Reaves|59\/100 par|[from] item: Leftovers\n|upkeep\n|turn|7\n|\n|t:|1700783658\n|move|p2a: Garganacl|Salt Cure|p1a: Keanoot Reaves\n|-resisted|p1a: Keanoot Reaves\n|-damage|p1a: Keanoot Reaves|49\/100 par\n|-start|p1a: Keanoot Reaves|Salt Cure\n|move|p1a: Keanoot Reaves|Surf|p2a: Garganacl\n|-damage|p2a: Garganacl|72\/100\n|\n|-heal|p2a: Garganacl|78\/100|[from] item: Leftovers\n|-heal|p1a: Keanoot Reaves|55\/100 par|[from] item: Leftovers\n|-damage|p1a: Keanoot Reaves|30\/100 par|[from] Salt Cure\n|upkeep\n|turn|8\n|\n|t:|1700783663\n|move|p2a: Garganacl|Curse|p2a: Garganacl\n|-unboost|p2a: Garganacl|spe|1\n|-boost|p2a: Garganacl|atk|1\n|-boost|p2a: Garganacl|def|1\n|move|p1a: Keanoot Reaves|Roost|p1a: Keanoot Reaves\n|-heal|p1a: Keanoot Reaves|80\/100 par\n|-singleturn|p1a: Keanoot Reaves|move: Roost\n|\n|-heal|p1a: Keanoot Reaves|86\/100 par|[from] item: Leftovers\n|-heal|p2a: Garganacl|84\/100|[from] item: Leftovers\n|-damage|p1a: Keanoot Reaves|61\/100 par|[from] Salt Cure\n|upkeep\n|turn|9\n|\n|t:|1700783674\n|move|p1a: Keanoot Reaves|Flip Turn|p2a: Garganacl\n|-damage|p2a: Garganacl|79\/100\n|\n|t:|1700783679\n|switch|p1a: Land Theft Auto|Landorus-Therian, M|100\/100|[from] Flip Turn\n|-ability|p1a: Land Theft Auto|Intimidate|boost\n|-unboost|p2a: Garganacl|atk|1\n|move|p2a: Garganacl|Curse|p2a: Garganacl\n|-unboost|p2a: Garganacl|spe|1\n|-boost|p2a: Garganacl|atk|1\n|-boost|p2a: Garganacl|def|1\n|\n|-heal|p2a: Garganacl|85\/100|[from] item: Leftovers\n|upkeep\n|turn|10\n|\n|t:|1700783686\n|move|p1a: Land Theft Auto|U-turn|p2a: Garganacl\n|-resisted|p2a: Garganacl\n|-damage|p2a: Garganacl|83\/100\n|\n|t:|1700783688\n|switch|p1a: Keanoot Reaves|Empoleon, M|61\/100 par|[from] U-turn\n|move|p2a: Garganacl|Salt Cure|p1a: Keanoot Reaves\n|-resisted|p1a: Keanoot Reaves\n|-damage|p1a: Keanoot Reaves|48\/100 par\n|-start|p1a: Keanoot Reaves|Salt Cure\n|\n|-heal|p1a: Keanoot Reaves|54\/100 par|[from] item: Leftovers\n|-heal|p2a: Garganacl|89\/100|[from] item: Leftovers\n|-damage|p1a: Keanoot Reaves|29\/100 par|[from] Salt Cure\n|upkeep\n|turn|11\n|\n|t:|1700783693\n|move|p1a: Keanoot Reaves|Surf|p2a: Garganacl\n|-damage|p2a: Garganacl|56\/100\n|move|p2a: Garganacl|Curse|p2a: Garganacl\n|-unboost|p2a: Garganacl|spe|1\n|-boost|p2a: Garganacl|atk|1\n|-boost|p2a: Garganacl|def|1\n|\n|-heal|p1a: Keanoot Reaves|35\/100 par|[from] item: Leftovers\n|-heal|p2a: Garganacl|62\/100|[from] item: Leftovers\n|-damage|p1a: Keanoot Reaves|10\/100 par|[from] Salt Cure\n|upkeep\n|turn|12\n|\n|t:|1700783707\n|move|p1a: Keanoot Reaves|Surf|p2a: Garganacl\n|-damage|p2a: Garganacl|32\/100\n|move|p2a: Garganacl|Recover|p2a: Garganacl\n|-heal|p2a: Garganacl|82\/100\n|\n|-heal|p1a: Keanoot Reaves|16\/100 par|[from] item: Leftovers\n|-heal|p2a: Garganacl|88\/100|[from] item: Leftovers\n|-damage|p1a: Keanoot Reaves|0 fnt|[from] Salt Cure\n|faint|p1a: Keanoot Reaves\n|upkeep\n|\n|t:|1700783711\n|switch|p1a: Scarhatt Johansson|Hatterene, F|100\/100\n|turn|13\n|\n|t:|1700783715\n|move|p1a: Scarhatt Johansson|Calm Mind|p1a: Scarhatt Johansson\n|-boost|p1a: Scarhatt Johansson|spa|1\n|-boost|p1a: Scarhatt Johansson|spd|1\n|move|p2a: Garganacl|Salt Cure|p1a: Scarhatt Johansson\n|-damage|p1a: Scarhatt Johansson|73\/100\n|-start|p1a: Scarhatt Johansson|Salt Cure\n|-enditem|p1a: Scarhatt Johansson|Kee Berry|[eat]\n|-boost|p1a: Scarhatt Johansson|def|1|[from] item: Kee Berry\n|\n|-heal|p2a: Garganacl|94\/100|[from] item: Leftovers\n|-damage|p1a: Scarhatt Johansson|61\/100|[from] Salt Cure\n|upkeep\n|turn|14\n|\n|t:|1700783724\n|move|p1a: Scarhatt Johansson|Calm Mind|p1a: Scarhatt Johansson\n|-boost|p1a: Scarhatt Johansson|spa|1\n|-boost|p1a: Scarhatt Johansson|spd|1\n|move|p2a: Garganacl|Curse|p2a: Garganacl\n|-unboost|p2a: Garganacl|spe|1\n|-boost|p2a: Garganacl|atk|1\n|-boost|p2a: Garganacl|def|1\n|\n|-heal|p2a: Garganacl|100\/100|[from] item: Leftovers\n|-damage|p1a: Scarhatt Johansson|49\/100|[from] Salt Cure\n|upkeep\n|turn|15\n|\n|t:|1700783734\n|move|p1a: Scarhatt Johansson|Stored Power|p2a: Garganacl\n|-damage|p2a: Garganacl|8\/100\n|move|p2a: Garganacl|Salt Cure|p1a: Scarhatt Johansson\n|-damage|p1a: Scarhatt Johansson|27\/100\n|\n|-heal|p2a: Garganacl|15\/100|[from] item: Leftovers\n|-damage|p1a: Scarhatt Johansson|15\/100|[from] Salt Cure\n|upkeep\n|turn|16\n|\n|t:|1700783748\n|move|p1a: Scarhatt Johansson|Draining Kiss|p2a: Garganacl\n|-damage|p2a: Garganacl|0 fnt\n|-heal|p1a: Scarhatt Johansson|28\/100|[from] drain|[of] p2a: Garganacl\n|faint|p2a: Garganacl\n|\n|-damage|p1a: Scarhatt Johansson|16\/100|[from] Salt Cure\n|upkeep\n|inactive|Willuchiwa has 120 seconds left.\n|\n|t:|1700783780\n|switch|p2a: Great Tusk|Great Tusk|100\/100\n|-damage|p2a: Great Tusk|97\/100|[from] Stealth Rock\n|turn|17\n|\n|t:|1700783784\n|move|p2a: Great Tusk|Knock Off|p1a: Scarhatt Johansson\n|-damage|p1a: Scarhatt Johansson|5\/100\n|move|p1a: Scarhatt Johansson|Draining Kiss|p2a: Great Tusk\n|-supereffective|p2a: Great Tusk\n|-damage|p2a: Great Tusk|0 fnt\n|-heal|p1a: Scarhatt Johansson|100\/100|[from] drain|[of] p2a: Great Tusk\n|faint|p2a: Great Tusk\n|-end|p2a: Great Tusk|Protosynthesis|[silent]\n|\n|-damage|p1a: Scarhatt Johansson|88\/100|[from] Salt Cure\n|upkeep\n|\n|t:|1700783793\n|switch|p2a: Rotom|Rotom-Wash|55\/100\n|-damage|p2a: Rotom|43\/100|[from] Stealth Rock\n|turn|18\n|\n|t:|1700783800\n|move|p2a: Rotom|Thunder Wave|p1a: Scarhatt Johansson\n|move|p1a: Scarhatt Johansson|Thunder Wave|p2a: Rotom|[from]ability: Magic Bounce\n|-immune|p2a: Rotom\n|move|p1a: Scarhatt Johansson|Draining Kiss|p2a: Rotom\n|-damage|p2a: Rotom|10\/100\n|-heal|p1a: Scarhatt Johansson|100\/100|[from] drain|[of] p2a: Rotom\n|\n|-heal|p2a: Rotom|16\/100|[from] item: Leftovers\n|-damage|p1a: Scarhatt Johansson|88\/100|[from] Salt Cure\n|upkeep\n|turn|19\n|-message|Willuchiwa forfeited.\n|\n|win|AverageKromerFan\n|raw|AverageKromerFan's rating: 1190 &rarr; <strong>1215<\/strong><br \/>(+25 for winning)\n|raw|Willuchiwa's rating: 1187 &rarr; <strong>1162<\/strong><br \/>(-25 for losing)\n|l|\u2606Willuchiwa\n","uploadtime":1700783836,"views":5,"p1id":"averagekromerfan","p2id":"willuchiwa","formatid":"gen9ou","rating":1162,"private":0,"password":""}