{"id":"gen9ou-1988456081","p1":"Aggron","p2":"Quamnckkk","format":"[Gen 9] OU","log":"|j|\u2606Aggron\n|j|\u2606Quamnckkk\n|t:|1699724863\n|gametype|singles\n|player|p1|Aggron|pokefan-gen4|1737\n|player|p2|Quamnckkk|yellow|1751\n|teamsize|p1|6\n|teamsize|p2|6\n|gen|9\n|tier|[Gen 9] OU\n|rated|\n|rule|Sleep Clause Mod: Limit one foe put to sleep\n|rule|Species Clause: Limit one of each Pok\u00e9mon\n|rule|OHKO Clause: OHKO moves are banned\n|rule|Evasion Items Clause: Evasion items are banned\n|rule|Evasion Moves Clause: Evasion moves are banned\n|rule|Endless Battle Clause: Forcing endless battles is banned\n|rule|HP Percentage Mod: HP is shown in percentages\n|clearpoke\n|poke|p1|Sinistcha-Masterpiece|\n|poke|p1|Tyranitar, F|\n|poke|p1|Heatran, F|\n|poke|p1|Rillaboom, F|\n|poke|p1|Gholdengo|\n|poke|p1|Sneasler, F|\n|poke|p2|Dragapult, M|\n|poke|p2|Great Tusk|\n|poke|p2|Cinderace, M|\n|poke|p2|Tornadus-Therian, M|\n|poke|p2|Slowking-Galar, F|\n|poke|p2|Zapdos|\n|teampreview\n|inactive|Battle timer is ON: inactive players will automatically lose when time's up. (requested by Quamnckkk)\n|inactive|Aggron also wants the timer to be on.\n|\n|t:|1699724877\n|start\n|switch|p1a: Gholdengo|Gholdengo|100\/100\n|switch|p2a: Dragapult|Dragapult, M|100\/100\n|turn|1\n|\n|t:|1699724882\n|switch|p2a: Tornadus|Tornadus-Therian, M|100\/100\n|move|p1a: Gholdengo|Shadow Ball|p2a: Tornadus\n|-damage|p2a: Tornadus|57\/100\n|\n|upkeep\n|turn|2\n|j| Haus of Balloons\n|\n|t:|1699724891\n|switch|p1a: Heatran|Heatran, F|100\/100\n|-item|p1a: Heatran|Air Balloon\n|move|p2a: Tornadus|Knock Off|p1a: Heatran\n|-damage|p1a: Heatran|81\/100\n|-enditem|p1a: Heatran|Air Balloon\n|\n|upkeep\n|turn|3\n|\n|t:|1699724895\n|move|p2a: Tornadus|U-turn|p1a: Heatran\n|-resisted|p1a: Heatran\n|-damage|p1a: Heatran|78\/100\n|j| hello mfer\n|\n|t:|1699724904\n|switch|p2a: Great Tusk|Great Tusk|100\/100|[from] U-turn\n|move|p1a: Heatran|Stealth Rock|p2a: Great Tusk\n|-sidestart|p2: Quamnckkk|move: Stealth Rock\n|\n|upkeep\n|turn|4\n|\n|t:|1699724911\n|switch|p1a: Sinistcha|Sinistcha-Masterpiece|100\/100\n|move|p2a: Great Tusk|Ice Spinner|p1a: Sinistcha\n|-supereffective|p1a: Sinistcha\n|-damage|p1a: Sinistcha|59\/100\n|\n|upkeep\n|turn|5\n|j| slimslacker\n|\n|t:|1699724923\n|-end|p2a: Great Tusk|Protosynthesis|[silent]\n|switch|p2a: Zapdos|Zapdos|100\/100\n|move|p1a: Sinistcha|Strength Sap|p2a: Zapdos\n|-unboost|p2a: Zapdos|atk|1\n|-heal|p1a: Sinistcha|100\/100\n|\n|upkeep\n|turn|6\n|j| iajdg\n|\n|t:|1699724932\n|switch|p1a: Tyranitar|Tyranitar, F|100\/100\n|-weather|Sandstorm|[from] ability: Sand Stream|[of] p1a: Tyranitar\n|move|p2a: Zapdos|Volt Switch|p1a: Tyranitar\n|-crit|p1a: Tyranitar\n|-damage|p1a: Tyranitar|77\/100\n|\n|t:|1699724942\n|switch|p2a: Cinderace|Cinderace, M|100\/100|[from] Volt Switch\n|\n|-weather|Sandstorm|[upkeep]\n|-damage|p2a: Cinderace|94\/100|[from] Sandstorm\n|upkeep\n|turn|7\n|l| slimslacker\n|\n|t:|1699724953\n|move|p2a: Cinderace|U-turn|p1a: Tyranitar\n|-supereffective|p1a: Tyranitar\n|-damage|p1a: Tyranitar|50\/100\n|\n|t:|1699724956\n|switch|p2a: Great Tusk|Great Tusk|100\/100|[from] U-turn\n|-damage|p2a: Great Tusk|98\/100|[from] Stealth Rock\n|move|p1a: Tyranitar|Knock Off|p2a: Great Tusk\n|-resisted|p2a: Great Tusk\n|-damage|p2a: Great Tusk|78\/100\n|-enditem|p2a: Great Tusk|Leftovers|[from] move: Knock Off|[of] p1a: Tyranitar\n|\n|-weather|Sandstorm|[upkeep]\n|upkeep\n|turn|8\n|\n|t:|1699724962\n|switch|p1a: Sinistcha|Sinistcha-Masterpiece|100\/100\n|move|p2a: Great Tusk|Stealth Rock|p1a: Sinistcha\n|-sidestart|p1: Aggron|move: Stealth Rock\n|\n|-weather|Sandstorm|[upkeep]\n|-damage|p1a: Sinistcha|94\/100|[from] Sandstorm\n|upkeep\n|turn|9\n|\n|t:|1699724967\n|-end|p2a: Great Tusk|Protosynthesis|[silent]\n|switch|p2a: Slowking|Slowking-Galar, F|100\/100\n|move|p1a: Sinistcha|Matcha Gotcha|p2a: Slowking\n|-resisted|p2a: Slowking\n|-damage|p2a: Slowking|92\/100\n|-heal|p1a: Sinistcha|99\/100|[from] drain|[of] p2a: Slowking\n|\n|-weather|Sandstorm|[upkeep]\n|-damage|p1a: Sinistcha|94\/100|[from] Sandstorm\n|-damage|p2a: Slowking|86\/100|[from] Sandstorm\n|upkeep\n|turn|10\n|\n|t:|1699724976\n|switch|p1a: Tyranitar|Tyranitar, F|50\/100\n|move|p2a: Slowking|Chilly Reception|p2a: Slowking\n|-weather|Snow\n|j| Van Pyro\n|\n|t:|1699724991\n|switch|p2a: Great Tusk|Great Tusk|78\/100|[from] Chilly Reception\n|-damage|p2a: Great Tusk|75\/100|[from] Stealth Rock\n|\n|-weather|Snow|[upkeep]\n|upkeep\n|turn|11\n|\n|t:|1699724996\n|move|p2a: Great Tusk|Ice Spinner|p1a: Tyranitar\n|-damage|p1a: Tyranitar|28\/100\n|move|p1a: Tyranitar|Rest|p1a: Tyranitar\n|-status|p1a: Tyranitar|slp|[from] move: Rest\n|-heal|p1a: Tyranitar|100\/100 slp|[silent]\n|\n|-weather|Snow|[upkeep]\n|upkeep\n|turn|12\n|\n|t:|1699725001\n|switch|p1a: Sinistcha|Sinistcha-Masterpiece|94\/100\n|move|p2a: Great Tusk|Ice Spinner|p1a: Sinistcha\n|-supereffective|p1a: Sinistcha\n|-damage|p1a: Sinistcha|53\/100\n|\n|-weather|Snow|[upkeep]\n|upkeep\n|turn|13\n|\n|t:|1699725009\n|-end|p2a: Great Tusk|Protosynthesis|[silent]\n|switch|p2a: Slowking|Slowking-Galar, F|100\/100\n|move|p1a: Sinistcha|Strength Sap|p2a: Slowking\n|-unboost|p2a: Slowking|atk|1\n|-heal|p1a: Sinistcha|92\/100\n|\n|-weather|Snow|[upkeep]\n|upkeep\n|turn|14\n|\n|t:|1699725015\n|switch|p1a: Gholdengo|Gholdengo|100\/100\n|-damage|p1a: Gholdengo|94\/100|[from] Stealth Rock\n|move|p2a: Slowking|Future Sight|p1a: Gholdengo\n|-start|p2a: Slowking|move: Future Sight\n|\n|-weather|none\n|upkeep\n|turn|15\n|\n|t:|1699725019\n|move|p1a: Gholdengo|Shadow Ball|p2a: Slowking\n|-supereffective|p2a: Slowking\n|-damage|p2a: Slowking|54\/100\n|move|p2a: Slowking|Chilly Reception|p2a: Slowking\n|-weather|Snow\n|\n|t:|1699725037\n|switch|p2a: Zapdos|Zapdos|100\/100|[from] Chilly Reception\n|\n|-weather|Snow|[upkeep]\n|upkeep\n|turn|16\n|\n|t:|1699725048\n|move|p1a: Gholdengo|Shadow Ball|p2a: Zapdos\n|-damage|p2a: Zapdos|62\/100\n|move|p2a: Zapdos|Volt Switch|p1a: Gholdengo\n|-damage|p1a: Gholdengo|58\/100\n|\n|t:|1699725055\n|switch|p2a: Cinderace|Cinderace, M|94\/100|[from] Volt Switch\n|\n|-weather|Snow|[upkeep]\n|-end|p1a: Gholdengo|move: Future Sight\n|-resisted|p1a: Gholdengo\n|-damage|p1a: Gholdengo|31\/100\n|upkeep\n|turn|17\n|\n|t:|1699725072\n|switch|p1a: Heatran|Heatran, F|78\/100\n|-damage|p1a: Heatran|65\/100|[from] Stealth Rock\n|move|p2a: Cinderace|U-turn|p1a: Heatran\n|-resisted|p1a: Heatran\n|-damage|p1a: Heatran|61\/100\n|\n|t:|1699725089\n|switch|p2a: Dragapult|Dragapult, M|100\/100|[from] U-turn\n|-damage|p2a: Dragapult|88\/100|[from] Stealth Rock\n|\n|-weather|Snow|[upkeep]\n|upkeep\n|turn|18\n|\n|t:|1699725112\n|move|p2a: Dragapult|Shadow Ball|p1a: Heatran\n|-damage|p1a: Heatran|0 fnt\n|faint|p1a: Heatran\n|\n|-weather|Snow|[upkeep]\n|upkeep\n|\n|t:|1699725116\n|switch|p1a: Tyranitar|Tyranitar, F|100\/100 slp\n|-weather|Sandstorm|[from] ability: Sand Stream|[of] p1a: Tyranitar\n|turn|19\n|\n|t:|1699725121\n|switch|p2a: Great Tusk|Great Tusk|75\/100\n|-damage|p2a: Great Tusk|72\/100|[from] Stealth Rock\n|cant|p1a: Tyranitar|slp\n|\n|-weather|Sandstorm|[upkeep]\n|upkeep\n|turn|20\n|\n|t:|1699725130\n|-end|p2a: Great Tusk|Protosynthesis|[silent]\n|switch|p2a: Cinderace|Cinderace, M|94\/100\n|switch|p1a: Sinistcha|Sinistcha-Masterpiece|92\/100\n|\n|-weather|Sandstorm|[upkeep]\n|-damage|p2a: Cinderace|88\/100|[from] Sandstorm\n|-damage|p1a: Sinistcha|85\/100|[from] Sandstorm\n|upkeep\n|turn|21\n|\n|t:|1699725140\n|move|p2a: Cinderace|Will-O-Wisp|p1a: Sinistcha\n|-status|p1a: Sinistcha|brn\n|move|p1a: Sinistcha|Matcha Gotcha|p2a: Cinderace\n|-resisted|p2a: Cinderace\n|-damage|p2a: Cinderace|68\/100\n|-heal|p1a: Sinistcha|96\/100 brn|[from] drain|[of] p2a: Cinderace\n|\n|-weather|Sandstorm|[upkeep]\n|-damage|p2a: Cinderace|62\/100|[from] Sandstorm\n|-damage|p1a: Sinistcha|90\/100 brn|[from] Sandstorm\n|-damage|p1a: Sinistcha|87\/100 brn|[from] brn\n|upkeep\n|turn|22\n|\n|t:|1699725153\n|move|p2a: Cinderace|Pyro Ball|p1a: Sinistcha\n|-supereffective|p1a: Sinistcha\n|-damage|p1a: Sinistcha|52\/100 brn\n|move|p1a: Sinistcha|Matcha Gotcha|p2a: Cinderace\n|-resisted|p2a: Cinderace\n|-damage|p2a: Cinderace|43\/100\n|-heal|p1a: Sinistcha|61\/100 brn|[from] drain|[of] p2a: Cinderace\n|\n|-weather|Sandstorm|[upkeep]\n|-damage|p2a: Cinderace|37\/100|[from] Sandstorm\n|-damage|p1a: Sinistcha|55\/100 brn|[from] Sandstorm\n|-damage|p1a: Sinistcha|52\/100 brn|[from] brn\n|upkeep\n|turn|23\n|\n|t:|1699725160\n|move|p2a: Cinderace|U-turn|p1a: Sinistcha\n|-damage|p1a: Sinistcha|38\/100 brn\n|\n|t:|1699725167\n|switch|p2a: Slowking|Slowking-Galar, F|88\/100|[from] U-turn\n|move|p1a: Sinistcha|Strength Sap|p2a: Slowking\n|-unboost|p2a: Slowking|atk|1\n|-heal|p1a: Sinistcha|77\/100 brn\n|\n|-weather|none\n|-damage|p1a: Sinistcha|74\/100 brn|[from] brn\n|upkeep\n|turn|24\n|\n|t:|1699725184\n|switch|p1a: Sneasler|Sneasler, F|100\/100\n|-damage|p1a: Sneasler|95\/100|[from] Stealth Rock\n|move|p2a: Slowking|Chilly Reception|p2a: Slowking\n|-weather|Snow\n|\n|t:|1699725188\n|switch|p2a: Zapdos|Zapdos|62\/100|[from] Chilly Reception\n|\n|-weather|Snow|[upkeep]\n|upkeep\n|turn|25\n|\n|t:|1699725196\n|move|p1a: Sneasler|Fake Out|p2a: Zapdos\n|-damage|p2a: Zapdos|52\/100\n|-status|p2a: Zapdos|psn|[from] ability: Poison Touch|[of] p1a: Sneasler\n|cant|p2a: Zapdos|flinch\n|\n|-weather|Snow|[upkeep]\n|-damage|p2a: Zapdos|40\/100 psn|[from] psn\n|upkeep\n|turn|26\n|\n|t:|1699725199\n|move|p1a: Sneasler|Dire Claw|p2a: Zapdos\n|-damage|p2a: Zapdos|11\/100 psn\n|move|p2a: Zapdos|Roost|p2a: Zapdos\n|-heal|p2a: Zapdos|61\/100 psn\n|-singleturn|p2a: Zapdos|move: Roost\n|\n|-weather|Snow|[upkeep]\n|-damage|p2a: Zapdos|49\/100 psn|[from] psn\n|upkeep\n|turn|27\n|\n|t:|1699725207\n|move|p1a: Sneasler|U-turn|p2a: Zapdos\n|-resisted|p2a: Zapdos\n|-damage|p2a: Zapdos|41\/100 psn\n|\n|t:|1699725211\n|switch|p1a: Tyranitar|Tyranitar, F|100\/100 slp|[from] U-turn\n|-weather|Sandstorm|[from] ability: Sand Stream|[of] p1a: Tyranitar\n|move|p2a: Zapdos|Roost|p2a: Zapdos\n|-heal|p2a: Zapdos|91\/100 psn\n|-singleturn|p2a: Zapdos|move: Roost\n|\n|-weather|Sandstorm|[upkeep]\n|-damage|p2a: Zapdos|85\/100 psn|[from] Sandstorm\n|-damage|p2a: Zapdos|72\/100 psn|[from] psn\n|upkeep\n|turn|28\n|\n|t:|1699725228\n|switch|p1a: Rillaboom|Rillaboom, F|100\/100\n|-damage|p1a: Rillaboom|88\/100|[from] Stealth Rock\n|-fieldstart|move: Grassy Terrain|[from] ability: Grassy Surge|[of] p1a: Rillaboom\n|move|p2a: Zapdos|Volt Switch|p1a: Rillaboom\n|-resisted|p1a: Rillaboom\n|-damage|p1a: Rillaboom|67\/100\n|\n|t:|1699725235\n|switch|p2a: Tornadus|Tornadus-Therian, M|90\/100|[from] Volt Switch\n|\n|-weather|Sandstorm|[upkeep]\n|-damage|p2a: Tornadus|84\/100|[from] Sandstorm\n|-damage|p1a: Rillaboom|61\/100|[from] Sandstorm\n|-heal|p1a: Rillaboom|67\/100|[from] Grassy Terrain\n|upkeep\n|turn|29\n|\n|t:|1699725250\n|move|p1a: Rillaboom|Grassy Glide|p2a: Tornadus\n|-resisted|p2a: Tornadus\n|-damage|p2a: Tornadus|53\/100\n|move|p2a: Tornadus|Hurricane|p1a: Rillaboom\n|-supereffective|p1a: Rillaboom\n|-damage|p1a: Rillaboom|0 fnt\n|faint|p1a: Rillaboom\n|\n|-weather|Sandstorm|[upkeep]\n|-damage|p2a: Tornadus|47\/100|[from] Sandstorm\n|upkeep\n|\n|t:|1699725255\n|switch|p1a: Gholdengo|Gholdengo|31\/100\n|-damage|p1a: Gholdengo|25\/100|[from] Stealth Rock\n|turn|30\n|\n|t:|1699725262\n|move|p1a: Gholdengo|Shadow Ball|p2a: Tornadus\n|-damage|p2a: Tornadus|3\/100\n|-unboost|p2a: Tornadus|spd|1\n|move|p2a: Tornadus|U-turn|p1a: Gholdengo\n|-resisted|p1a: Gholdengo\n|-damage|p1a: Gholdengo|20\/100\n|\n|t:|1699725269\n|switch|p2a: Slowking|Slowking-Galar, F|100\/100|[from] U-turn\n|\n|-weather|Sandstorm|[upkeep]\n|-damage|p2a: Slowking|94\/100|[from] Sandstorm\n|-heal|p1a: Gholdengo|27\/100|[from] Grassy Terrain\n|-heal|p2a: Slowking|100\/100|[from] Grassy Terrain\n|upkeep\n|turn|31\n|\n|t:|1699725274\n|move|p1a: Gholdengo|Shadow Ball|p2a: Slowking\n|-supereffective|p2a: Slowking\n|-damage|p2a: Slowking|50\/100\n|move|p2a: Slowking|Future Sight|p1a: Gholdengo\n|-start|p2a: Slowking|move: Future Sight\n|\n|-weather|none\n|-heal|p1a: Gholdengo|33\/100|[from] Grassy Terrain\n|-heal|p2a: Slowking|56\/100|[from] Grassy Terrain\n|upkeep\n|turn|32\n|\n|t:|1699725280\n|move|p1a: Gholdengo|Shadow Ball|p2a: Slowking\n|-supereffective|p2a: Slowking\n|-damage|p2a: Slowking|5\/100\n|-unboost|p2a: Slowking|spd|1\n|move|p2a: Slowking|Chilly Reception|p2a: Slowking\n|-weather|Snow\n|\n|t:|1699725288\n|switch|p2a: Zapdos|Zapdos|72\/100 psn|[from] Chilly Reception\n|\n|-weather|Snow|[upkeep]\n|-heal|p1a: Gholdengo|39\/100|[from] Grassy Terrain\n|-damage|p2a: Zapdos|60\/100 psn|[from] psn\n|-fieldend|move: Grassy Terrain\n|upkeep\n|turn|33\n|j| Raizoeu1\n|\n|t:|1699725292\n|switch|p1a: Tyranitar|Tyranitar, F|100\/100 slp\n|-weather|Sandstorm|[from] ability: Sand Stream|[of] p1a: Tyranitar\n|move|p2a: Zapdos|Volt Switch|p1a: Tyranitar\n|-damage|p1a: Tyranitar|85\/100 slp\n|\n|t:|1699725299\n|switch|p2a: Great Tusk|Great Tusk|72\/100|[from] Volt Switch\n|-damage|p2a: Great Tusk|69\/100|[from] Stealth Rock\n|\n|-weather|Sandstorm|[upkeep]\n|-end|p1a: Tyranitar|move: Future Sight\n|-immune|p1a: Tyranitar\n|upkeep\n|turn|34\n|\n|t:|1699725325\n|switch|p1a: Sneasler|Sneasler, F|95\/100\n|-damage|p1a: Sneasler|89\/100|[from] Stealth Rock\n|move|p2a: Great Tusk|Ice Spinner|p1a: Sneasler\n|-damage|p1a: Sneasler|44\/100\n|\n|-weather|Sandstorm|[upkeep]\n|-damage|p1a: Sneasler|38\/100|[from] Sandstorm\n|upkeep\n|turn|35\n|\n|t:|1699725335\n|move|p1a: Sneasler|Fake Out|p2a: Great Tusk\n|-damage|p2a: Great Tusk|59\/100\n|-status|p2a: Great Tusk|psn|[from] ability: Poison Touch|[of] p1a: Sneasler\n|cant|p2a: Great Tusk|flinch\n|\n|-weather|Sandstorm|[upkeep]\n|-damage|p1a: Sneasler|32\/100|[from] Sandstorm\n|-damage|p2a: Great Tusk|46\/100 psn|[from] psn\n|upkeep\n|turn|36\n|\n|t:|1699725343\n|-terastallize|p1a: Sneasler|Fighting\n|move|p1a: Sneasler|Close Combat|p2a: Great Tusk\n|-damage|p2a: Great Tusk|0 fnt\n|-unboost|p1a: Sneasler|def|1\n|-unboost|p1a: Sneasler|spd|1\n|faint|p2a: Great Tusk\n|-end|p2a: Great Tusk|Protosynthesis|[silent]\n|\n|-weather|Sandstorm|[upkeep]\n|-damage|p1a: Sneasler|26\/100|[from] Sandstorm\n|upkeep\n|\n|t:|1699725351\n|switch|p2a: Zapdos|Zapdos|60\/100 psn\n|turn|37\n|\n|t:|1699725373\n|move|p1a: Sneasler|U-turn|p2a: Zapdos\n|-resisted|p2a: Zapdos\n|-damage|p2a: Zapdos|51\/100 psn\n|\n|t:|1699725375\n|switch|p1a: Tyranitar|Tyranitar, F|85\/100 slp|[from] U-turn\n|move|p2a: Zapdos|Volt Switch|p1a: Tyranitar\n|-damage|p1a: Tyranitar|70\/100 slp\n|\n|t:|1699725382\n|switch|p2a: Tornadus|Tornadus-Therian, M|37\/100|[from] Volt Switch\n|\n|-weather|none\n|upkeep\n|turn|38\n|inactive|Aggron has 120 seconds left.\n|j| QUagsiresOU\n|\n|t:|1699725417\n|move|p2a: Tornadus|U-turn|p1a: Tyranitar\n|-supereffective|p1a: Tyranitar\n|-damage|p1a: Tyranitar|46\/100 slp\n|\n|t:|1699725421\n|switch|p2a: Cinderace|Cinderace, M|37\/100|[from] U-turn\n|cant|p1a: Tyranitar|slp\n|\n|upkeep\n|turn|39\n|inactive|Aggron has 120 seconds left.\n|\n|t:|1699725432\n|switch|p1a: Sneasler|Sneasler, F, tera:Fighting|26\/100\n|-damage|p1a: Sneasler|20\/100|[from] Stealth Rock\n|move|p2a: Cinderace|U-turn|p1a: Sneasler\n|-resisted|p1a: Sneasler\n|-damage|p1a: Sneasler|3\/100\n|\n|t:|1699725438\n|switch|p2a: Dragapult|Dragapult, M|88\/100|[from] U-turn\n|-damage|p2a: Dragapult|76\/100|[from] Stealth Rock\n|\n|upkeep\n|turn|40\n|inactive|Aggron has 120 seconds left.\n|\n|t:|1699725457\n|move|p2a: Dragapult|U-turn|p1a: Sneasler\n|-resisted|p1a: Sneasler\n|-damage|p1a: Sneasler|0 fnt\n|faint|p1a: Sneasler\n|\n|t:|1699725459\n|switch|p2a: Tornadus|Tornadus-Therian, M|70\/100|[from] U-turn\n|\n|upkeep\n|\n|t:|1699725466\n|switch|p1a: Tyranitar|Tyranitar, F|46\/100 slp\n|-weather|Sandstorm|[from] ability: Sand Stream|[of] p1a: Tyranitar\n|turn|41\n|\n|t:|1699725471\n|move|p2a: Tornadus|U-turn|p1a: Tyranitar\n|-supereffective|p1a: Tyranitar\n|-damage|p1a: Tyranitar|25\/100 slp\n|\n|t:|1699725477\n|switch|p2a: Dragapult|Dragapult, M|76\/100|[from] U-turn\n|-damage|p2a: Dragapult|64\/100|[from] Stealth Rock\n|-curestatus|p1a: Tyranitar|slp|[msg]\n|move|p1a: Tyranitar|Rest|p1a: Tyranitar\n|-status|p1a: Tyranitar|slp|[from] move: Rest\n|-heal|p1a: Tyranitar|100\/100 slp|[silent]\n|\n|-weather|Sandstorm|[upkeep]\n|-damage|p2a: Dragapult|58\/100|[from] Sandstorm\n|upkeep\n|turn|42\n|l| Raizoeu1\n|\n|t:|1699725483\n|move|p2a: Dragapult|U-turn|p1a: Tyranitar\n|-supereffective|p1a: Tyranitar\n|-damage|p1a: Tyranitar|75\/100 slp\n|\n|t:|1699725485\n|switch|p2a: Cinderace|Cinderace, M|37\/100|[from] U-turn\n|cant|p1a: Tyranitar|slp\n|\n|-weather|Sandstorm|[upkeep]\n|-damage|p2a: Cinderace|31\/100|[from] Sandstorm\n|upkeep\n|turn|43\n|\n|t:|1699725491\n|switch|p1a: Sinistcha|Sinistcha-Masterpiece|74\/100 brn\n|move|p2a: Cinderace|U-turn|p1a: Sinistcha\n|-damage|p1a: Sinistcha|61\/100 brn\n|\n|t:|1699725496\n|switch|p2a: Dragapult|Dragapult, M|58\/100|[from] U-turn\n|-damage|p2a: Dragapult|45\/100|[from] Stealth Rock\n|\n|-weather|Sandstorm|[upkeep]\n|-damage|p2a: Dragapult|39\/100|[from] Sandstorm\n|-damage|p1a: Sinistcha|55\/100 brn|[from] Sandstorm\n|-damage|p1a: Sinistcha|53\/100 brn|[from] brn\n|upkeep\n|turn|44\n|\n|t:|1699725504\n|move|p2a: Dragapult|U-turn|p1a: Sinistcha\n|-damage|p1a: Sinistcha|41\/100 brn\n|\n|t:|1699725508\n|switch|p2a: Slowking|Slowking-Galar, F|38\/100|[from] U-turn\n|move|p1a: Sinistcha|Strength Sap|p2a: Slowking\n|-unboost|p2a: Slowking|atk|1\n|-heal|p1a: Sinistcha|80\/100 brn\n|\n|-weather|Sandstorm|[upkeep]\n|-damage|p1a: Sinistcha|74\/100 brn|[from] Sandstorm\n|-damage|p2a: Slowking|32\/100|[from] Sandstorm\n|-damage|p1a: Sinistcha|71\/100 brn|[from] brn\n|upkeep\n|turn|45\n|\n|t:|1699725514\n|move|p1a: Sinistcha|Hex|p2a: Slowking\n|-supereffective|p2a: Slowking\n|-damage|p2a: Slowking|0 fnt\n|faint|p2a: Slowking\n|\n|-weather|none\n|-damage|p1a: Sinistcha|68\/100 brn|[from] brn\n|upkeep\n|\n|t:|1699725522\n|switch|p2a: Dragapult|Dragapult, M|39\/100\n|-damage|p2a: Dragapult|27\/100|[from] Stealth Rock\n|turn|46\n|\n|t:|1699725532\n|switch|p1a: Tyranitar|Tyranitar, F|75\/100 slp\n|-weather|Sandstorm|[from] ability: Sand Stream|[of] p1a: Tyranitar\n|move|p2a: Dragapult|Draco Meteor|p1a: Tyranitar|[miss]\n|-miss|p2a: Dragapult|p1a: Tyranitar\n|\n|-weather|Sandstorm|[upkeep]\n|-damage|p2a: Dragapult|21\/100|[from] Sandstorm\n|upkeep\n|turn|47\n|\n|t:|1699725536\n|move|p2a: Dragapult|Draco Meteor|p1a: Tyranitar\n|-damage|p1a: Tyranitar|28\/100 slp\n|-unboost|p2a: Dragapult|spa|2\n|cant|p1a: Tyranitar|slp\n|\n|-weather|Sandstorm|[upkeep]\n|-damage|p2a: Dragapult|15\/100|[from] Sandstorm\n|upkeep\n|turn|48\n|j| Brainiac 5.0\n|\n|t:|1699725544\n|switch|p2a: Tornadus|Tornadus-Therian, M|100\/100\n|-curestatus|p1a: Tyranitar|slp|[msg]\n|move|p1a: Tyranitar|Rest|p1a: Tyranitar\n|-status|p1a: Tyranitar|slp|[from] move: Rest\n|-heal|p1a: Tyranitar|100\/100 slp|[silent]\n|\n|-weather|Sandstorm|[upkeep]\n|-damage|p2a: Tornadus|94\/100|[from] Sandstorm\n|upkeep\n|turn|49\n|\n|t:|1699725552\n|move|p2a: Tornadus|U-turn|p1a: Tyranitar\n|-supereffective|p1a: Tyranitar\n|-damage|p1a: Tyranitar|76\/100 slp\n|\n|t:|1699725554\n|switch|p2a: Zapdos|Zapdos|51\/100 psn|[from] U-turn\n|cant|p1a: Tyranitar|slp\n|\n|-weather|Sandstorm|[upkeep]\n|-damage|p2a: Zapdos|45\/100 psn|[from] Sandstorm\n|-damage|p2a: Zapdos|32\/100 psn|[from] psn\n|upkeep\n|turn|50\n|c| Brainiac 5.0|tyranitar\n|\n|t:|1699725558\n|move|p2a: Zapdos|Roost|p2a: Zapdos\n|-heal|p2a: Zapdos|82\/100 psn\n|-singleturn|p2a: Zapdos|move: Roost\n|cant|p1a: Tyranitar|slp\n|\n|-weather|none\n|-damage|p2a: Zapdos|70\/100 psn|[from] psn\n|upkeep\n|turn|51\n|\n|t:|1699725563\n|move|p2a: Zapdos|Roost|p2a: Zapdos\n|-heal|p2a: Zapdos|100\/100 psn\n|-singleturn|p2a: Zapdos|move: Roost\n|-curestatus|p1a: Tyranitar|slp|[msg]\n|move|p1a: Tyranitar|Knock Off|p2a: Zapdos\n|-damage|p2a: Zapdos|65\/100 psn\n|-enditem|p2a: Zapdos|Heavy-Duty Boots|[from] move: Knock Off|[of] p1a: Tyranitar\n|\n|-damage|p2a: Zapdos|52\/100 psn|[from] psn\n|upkeep\n|turn|52\n|\n|t:|1699725566\n|move|p2a: Zapdos|Roost|p2a: Zapdos\n|-heal|p2a: Zapdos|100\/100 psn\n|-singleturn|p2a: Zapdos|move: Roost\n|move|p1a: Tyranitar|Rock Blast|p2a: Zapdos\n|-damage|p2a: Zapdos|90\/100 psn\n|-damage|p2a: Zapdos|80\/100 psn\n|-damage|p2a: Zapdos|70\/100 psn\n|-damage|p2a: Zapdos|60\/100 psn\n|-damage|p2a: Zapdos|51\/100 psn\n|-hitcount|p2a: Zapdos|5\n|\n|-damage|p2a: Zapdos|38\/100 psn|[from] psn\n|upkeep\n|turn|53\n|\n|t:|1699725572\n|move|p2a: Zapdos|Hurricane|p1a: Tyranitar\n|-resisted|p1a: Tyranitar\n|-damage|p1a: Tyranitar|58\/100\n|move|p1a: Tyranitar|Rock Blast|p2a: Zapdos\n|-supereffective|p2a: Zapdos\n|-damage|p2a: Zapdos|17\/100 psn\n|-supereffective|p2a: Zapdos\n|-damage|p2a: Zapdos|0 fnt\n|faint|p2a: Zapdos\n|-hitcount|p2: Zapdos|2\n|\n|upkeep\n|\n|t:|1699725576\n|switch|p2a: Dragapult|Dragapult, M|15\/100\n|-damage|p2a: Dragapult|3\/100|[from] Stealth Rock\n|turn|54\n|\n|t:|1699725586\n|switch|p1a: Sinistcha|Sinistcha-Masterpiece|68\/100 brn\n|move|p2a: Dragapult|Draco Meteor|p1a: Sinistcha\n|-crit|p1a: Sinistcha\n|-damage|p1a: Sinistcha|0 fnt\n|-unboost|p2a: Dragapult|spa|2\n|faint|p1a: Sinistcha\n|\n|upkeep\n|\n|t:|1699725589\n|switch|p1a: Gholdengo|Gholdengo|39\/100\n|-damage|p1a: Gholdengo|33\/100|[from] Stealth Rock\n|turn|55\n|\n|t:|1699725595\n|move|p1a: Gholdengo|Shadow Ball|p2a: Dragapult\n|-supereffective|p2a: Dragapult\n|-damage|p2a: Dragapult|0 fnt\n|faint|p2a: Dragapult\n|\n|upkeep\n|\n|t:|1699725597\n|switch|p2a: Tornadus|Tornadus-Therian, M|100\/100\n|turn|56\n|\n|t:|1699725604\n|move|p1a: Gholdengo|Shadow Ball|p2a: Tornadus\n|-damage|p2a: Tornadus|58\/100\n|move|p2a: Tornadus|Knock Off|p1a: Gholdengo\n|-supereffective|p1a: Gholdengo\n|-damage|p1a: Gholdengo|0 fnt\n|-enditem|p1a: Gholdengo|Choice Scarf|[from] move: Knock Off|[of] p2a: Tornadus\n|faint|p1a: Gholdengo\n|\n|upkeep\n|\n|t:|1699725606\n|switch|p1a: Tyranitar|Tyranitar, F|58\/100\n|-weather|Sandstorm|[from] ability: Sand Stream|[of] p1a: Tyranitar\n|turn|57\n|\n|t:|1699725612\n|move|p2a: Tornadus|Knock Off|p1a: Tyranitar\n|-resisted|p1a: Tyranitar\n|-damage|p1a: Tyranitar|51\/100\n|-enditem|p1a: Tyranitar|Heavy-Duty Boots|[from] move: Knock Off|[of] p2a: Tornadus\n|move|p1a: Tyranitar|Rock Blast|p2a: Tornadus\n|-supereffective|p2a: Tornadus\n|-damage|p2a: Tornadus|26\/100\n|-supereffective|p2a: Tornadus\n|-damage|p2a: Tornadus|0 fnt\n|faint|p2a: Tornadus\n|-hitcount|p2: Tornadus|2\n|\n|-weather|Sandstorm|[upkeep]\n|upkeep\n|l| iajdg\n|\n|t:|1699725615\n|switch|p2a: Cinderace|Cinderace, M|31\/100\n|turn|58\n|\n|t:|1699725623\n|-terastallize|p2a: Cinderace|Flying\n|move|p2a: Cinderace|U-turn|p1a: Tyranitar\n|-supereffective|p1a: Tyranitar\n|-damage|p1a: Tyranitar|21\/100\n|move|p1a: Tyranitar|Knock Off|p2a: Cinderace\n|-damage|p2a: Cinderace|0 fnt\n|-enditem|p2a: Cinderace|Heavy-Duty Boots|[from] move: Knock Off|[of] p1a: Tyranitar\n|faint|p2a: Cinderace\n|\n|win|Aggron\n|raw|Aggron's rating: 1737 &rarr; <strong>1758<\/strong><br \/>(+21 for winning)\n|raw|Quamnckkk's rating: 1751 &rarr; <strong>1730<\/strong><br \/>(-21 for losing)\n|l|\u2606Quamnckkk\n|l|\u2606Aggron\n|l| QUagsiresOU\n|l| Brainiac 5.0\n|l| Van Pyro\n|l| hello mfer\n|j|\u2606Aggron\n|player|p1|Aggron|pokefan-gen4\n","uploadtime":1699725632,"views":31,"p1id":"aggron","p2id":"quamnckkk","formatid":"gen9ou","rating":1730,"private":0,"password":""}