{"id":"gen9ou-1999609776","p1":"Daamizz","p2":"jkope","format":"[Gen 9] OU","log":"|j|\u2606Daamizz\n|j|\u2606jkope\n|t:|1701100907\n|gametype|singles\n|player|p1|Daamizz|nate|1228\n|player|p2|jkope|1|1122\n|teamsize|p1|6\n|teamsize|p2|6\n|gen|9\n|tier|[Gen 9] OU\n|rated|\n|rule|Sleep Clause Mod: Limit one foe put to sleep\n|rule|Species Clause: Limit one of each Pok\u00e9mon\n|rule|OHKO Clause: OHKO moves are banned\n|rule|Evasion Items Clause: Evasion items are banned\n|rule|Evasion Moves Clause: Evasion moves are banned\n|rule|Endless Battle Clause: Forcing endless battles is banned\n|rule|HP Percentage Mod: HP is shown in percentages\n|clearpoke\n|poke|p1|Bellibolt, M|\n|poke|p1|Ditto|\n|poke|p1|Blissey, F|\n|poke|p1|Dragapult, M|\n|poke|p1|Rillaboom, M|\n|poke|p1|Coalossal, M|\n|poke|p2|Talonflame, F|\n|poke|p2|Alomomola, M|\n|poke|p2|Clodsire, F|\n|poke|p2|Dondozo, F|\n|poke|p2|Toxapex, M|\n|poke|p2|Blissey, F|\n|teampreview\n|inactive|Battle timer is ON: inactive players will automatically lose when time's up. (requested by jkope)\n|\n|t:|1701100916\n|start\n|switch|p1a: Coalossal|Coalossal, M|100\/100\n|switch|p2a: Toxapex|Toxapex, M|100\/100\n|turn|1\n|\n|t:|1701100928\n|switch|p1a: Blissey|Blissey, F|100\/100\n|move|p2a: Toxapex|Toxic|p1a: Blissey\n|-status|p1a: Blissey|tox\n|\n|-damage|p1a: Blissey|94\/100 tox|[from] psn\n|upkeep\n|turn|2\n|\n|t:|1701100937\n|move|p1a: Blissey|Stealth Rock|p2a: Toxapex\n|-sidestart|p2: jkope|move: Stealth Rock\n|move|p2a: Toxapex|Infestation|p1a: Blissey\n|-damage|p1a: Blissey|93\/100 tox\n|-activate|p1a: Blissey|move: Infestation|[of] p2a: Toxapex\n|\n|-heal|p1a: Blissey|99\/100 tox|[from] item: Leftovers\n|-damage|p1a: Blissey|87\/100 tox|[from] psn\n|-damage|p1a: Blissey|75\/100 tox|[from] move: Infestation|[partiallytrapped]\n|upkeep\n|turn|3\n|\n|t:|1701100948\n|move|p1a: Blissey|Seismic Toss|p2a: Toxapex\n|-damage|p2a: Toxapex|68\/100\n|move|p2a: Toxapex|Infestation|p1a: Blissey\n|-damage|p1a: Blissey|74\/100 tox\n|\n|-heal|p1a: Blissey|80\/100 tox|[from] item: Leftovers\n|-damage|p1a: Blissey|62\/100 tox|[from] psn\n|-damage|p1a: Blissey|49\/100 tox|[from] move: Infestation|[partiallytrapped]\n|upkeep\n|turn|4\n|\n|t:|1701100960\n|move|p1a: Blissey|Soft-Boiled|p1a: Blissey\n|-heal|p1a: Blissey|99\/100 tox\n|move|p2a: Toxapex|Infestation|p1a: Blissey\n|-damage|p1a: Blissey|98\/100 tox\n|\n|-heal|p1a: Blissey|100\/100 tox|[from] item: Leftovers\n|-damage|p1a: Blissey|76\/100 tox|[from] psn\n|-damage|p1a: Blissey|63\/100 tox|[from] move: Infestation|[partiallytrapped]\n|upkeep\n|turn|5\n|\n|t:|1701100975\n|move|p1a: Blissey|Soft-Boiled|p1a: Blissey\n|-heal|p1a: Blissey|100\/100 tox\n|move|p2a: Toxapex|Infestation|p1a: Blissey\n|-damage|p1a: Blissey|99\/100 tox\n|\n|-heal|p1a: Blissey|100\/100 tox|[from] item: Leftovers\n|-damage|p1a: Blissey|70\/100 tox|[from] psn\n|-damage|p1a: Blissey|57\/100 tox|[from] move: Infestation|[partiallytrapped]\n|upkeep\n|turn|6\n|\n|t:|1701100986\n|move|p1a: Blissey|Soft-Boiled|p1a: Blissey\n|-heal|p1a: Blissey|100\/100 tox\n|move|p2a: Toxapex|Haze|p2a: Toxapex\n|-clearallboost\n|\n|-damage|p1a: Blissey|64\/100 tox|[from] psn\n|-end|p1a: Blissey|Infestation|[partiallytrapped]\n|upkeep\n|turn|7\n|\n|t:|1701100998\n|-curestatus|p1a: Blissey|tox|[from] ability: Natural Cure\n|switch|p1a: Ditto|Ditto|100\/100\n|-transform|p1a: Ditto|p2a: Toxapex|[from] ability: Imposter\n|move|p2a: Toxapex|Toxic|p1a: Ditto\n|-immune|p1a: Ditto\n|\n|upkeep\n|turn|8\n|\n|t:|1701101009\n|switch|p2a: Clodsire|Clodsire, F|100\/100\n|move|p1a: Ditto|Infestation|p2a: Clodsire\n|-resisted|p2a: Clodsire\n|-crit|p2a: Clodsire\n|-damage|p2a: Clodsire|99\/100\n|-activate|p2a: Clodsire|move: Infestation|[of] p1a: Ditto\n|\n|-damage|p2a: Clodsire|87\/100|[from] move: Infestation|[partiallytrapped]\n|upkeep\n|turn|9\n|\n|t:|1701101021\n|switch|p1a: Blissey|Blissey, F|64\/100\n|move|p2a: Clodsire|Toxic|p1a: Blissey\n|-status|p1a: Blissey|tox\n|\n|-heal|p1a: Blissey|70\/100 tox|[from] item: Leftovers\n|-damage|p1a: Blissey|64\/100 tox|[from] psn\n|-end|p2a: Clodsire|Infestation|[partiallytrapped]|[silent]\n|upkeep\n|turn|10\n|\n|t:|1701101031\n|-curestatus|p1a: Blissey|tox|[from] ability: Natural Cure\n|switch|p1a: Ditto|Ditto|100\/100\n|-transform|p1a: Ditto|p2a: Clodsire|[from] ability: Imposter\n|switch|p2a: Toxapex|Toxapex, M|100\/100\n|\n|upkeep\n|turn|11\n|\n|t:|1701101046\n|switch|p2a: Dondozo|Dondozo, F|100\/100\n|move|p1a: Ditto|Earthquake|p2a: Dondozo\n|-damage|p2a: Dondozo|88\/100\n|\n|upkeep\n|turn|12\n|\n|t:|1701101053\n|switch|p1a: Bellibolt|Bellibolt, M|100\/100\n|switch|p2a: Toxapex|Toxapex, M|100\/100\n|\n|upkeep\n|turn|13\n|\n|t:|1701101060\n|switch|p1a: Ditto|Ditto|100\/100\n|-transform|p1a: Ditto|p2a: Toxapex|[from] ability: Imposter\n|switch|p2a: Blissey|Blissey, F, shiny|100\/100\n|\n|upkeep\n|turn|14\n|\n|t:|1701101068\n|move|p1a: Ditto|Infestation|p2a: Blissey\n|-damage|p2a: Blissey|99\/100\n|-activate|p2a: Blissey|move: Infestation|[of] p1a: Ditto\n|move|p2a: Blissey|Stealth Rock|p1a: Ditto\n|-sidestart|p1: Daamizz|move: Stealth Rock\n|\n|-damage|p2a: Blissey|87\/100|[from] move: Infestation|[partiallytrapped]\n|upkeep\n|turn|15\n|\n|t:|1701101077\n|switch|p1a: Coalossal|Coalossal, M|100\/100\n|-damage|p1a: Coalossal|75\/100|[from] Stealth Rock\n|move|p2a: Blissey|Seismic Toss|p1a: Coalossal\n|-damage|p1a: Coalossal|52\/100\n|\n|-end|p2a: Blissey|Infestation|[partiallytrapped]|[silent]\n|upkeep\n|turn|16\n|\n|t:|1701101086\n|switch|p2a: Alomomola|Alomomola, M|100\/100\n|move|p1a: Coalossal|Rapid Spin|p2a: Alomomola\n|-damage|p2a: Alomomola|96\/100\n|-boost|p1a: Coalossal|spe|1\n|-sideend|p1: Daamizz|Stealth Rock|[from] move: Rapid Spin|[of] p1a: Coalossal\n|\n|upkeep\n|turn|17\n|\n|t:|1701101096\n|switch|p1a: Blissey|Blissey, F|64\/100\n|move|p2a: Alomomola|Flip Turn|p1a: Blissey\n|-damage|p1a: Blissey|31\/100\n|\n|t:|1701101104\n|switch|p2a: Dondozo|Dondozo, F|88\/100|[from] Flip Turn\n|\n|-heal|p1a: Blissey|37\/100|[from] item: Leftovers\n|upkeep\n|turn|18\n|\n|t:|1701101110\n|switch|p1a: Bellibolt|Bellibolt, M|100\/100\n|move|p2a: Dondozo|Heavy Slam|p1a: Bellibolt\n|-resisted|p1a: Bellibolt\n|-damage|p1a: Bellibolt|98\/100\n|-start|p1a: Bellibolt|Charge|Heavy Slam|[from] ability: Electromorphosis\n|\n|-heal|p1a: Bellibolt|100\/100|[from] item: Leftovers\n|upkeep\n|turn|19\n|\n|t:|1701101137\n|switch|p2a: Blissey|Blissey, F, shiny|87\/100\n|move|p1a: Bellibolt|Chilling Water|p2a: Blissey\n|-damage|p2a: Blissey|84\/100\n|-unboost|p2a: Blissey|atk|1\n|\n|upkeep\n|turn|20\n|\n|t:|1701101144\n|move|p2a: Blissey|Stealth Rock|p1a: Bellibolt\n|-sidestart|p1: Daamizz|move: Stealth Rock\n|move|p1a: Bellibolt|Toxic|p2a: Blissey\n|-status|p2a: Blissey|tox\n|\n|-damage|p2a: Blissey|78\/100 tox|[from] psn\n|upkeep\n|turn|21\n|\n|t:|1701101151\n|-curestatus|p2a: Blissey|tox|[from] ability: Natural Cure\n|switch|p2a: Clodsire|Clodsire, F|87\/100\n|move|p1a: Bellibolt|Chilling Water|p2a: Clodsire\n|-supereffective|p2a: Clodsire\n|-damage|p2a: Clodsire|74\/100\n|-unboost|p2a: Clodsire|atk|1\n|\n|upkeep\n|turn|22\n|\n|t:|1701101162\n|switch|p1a: Blissey|Blissey, F|37\/100\n|-damage|p1a: Blissey|24\/100|[from] Stealth Rock\n|move|p2a: Clodsire|Toxic|p1a: Blissey\n|-status|p1a: Blissey|tox\n|\n|-heal|p1a: Blissey|31\/100 tox|[from] item: Leftovers\n|-damage|p1a: Blissey|24\/100 tox|[from] psn\n|upkeep\n|turn|23\n|\n|t:|1701101173\n|switch|p2a: Toxapex|Toxapex, M|100\/100\n|move|p1a: Blissey|Soft-Boiled|p1a: Blissey\n|-heal|p1a: Blissey|74\/100 tox\n|\n|-heal|p1a: Blissey|81\/100 tox|[from] item: Leftovers\n|-damage|p1a: Blissey|68\/100 tox|[from] psn\n|upkeep\n|turn|24\n|\n|t:|1701101184\n|-curestatus|p1a: Blissey|tox|[from] ability: Natural Cure\n|switch|p1a: Ditto|Ditto|100\/100\n|-damage|p1a: Ditto|88\/100|[from] Stealth Rock\n|-transform|p1a: Ditto|p2a: Toxapex|[from] ability: Imposter\n|move|p2a: Toxapex|Infestation|p1a: Ditto\n|-resisted|p1a: Ditto\n|-damage|p1a: Ditto|87\/100\n|-activate|p1a: Ditto|move: Infestation|[of] p2a: Toxapex\n|\n|-damage|p1a: Ditto|74\/100|[from] move: Infestation|[partiallytrapped]\n|upkeep\n|turn|25\n|\n|t:|1701101196\n|move|p1a: Ditto|Infestation|p2a: Toxapex\n|-resisted|p2a: Toxapex\n|-damage|p2a: Toxapex|99\/100\n|-activate|p2a: Toxapex|move: Infestation|[of] p1a: Ditto\n|move|p2a: Toxapex|Haze|p2a: Toxapex\n|-clearallboost\n|\n|-damage|p1a: Ditto|62\/100|[from] move: Infestation|[partiallytrapped]\n|-damage|p2a: Toxapex|87\/100|[from] move: Infestation|[partiallytrapped]\n|upkeep\n|turn|26\n|\n|t:|1701101205\n|move|p1a: Ditto|Infestation|p2a: Toxapex\n|-resisted|p2a: Toxapex\n|-crit|p2a: Toxapex\n|-damage|p2a: Toxapex|85\/100\n|move|p2a: Toxapex|Haze|p2a: Toxapex\n|-clearallboost\n|\n|-damage|p1a: Ditto|50\/100|[from] move: Infestation|[partiallytrapped]\n|-damage|p2a: Toxapex|73\/100|[from] move: Infestation|[partiallytrapped]\n|upkeep\n|turn|27\n|\n|t:|1701101214\n|move|p1a: Ditto|Infestation|p2a: Toxapex\n|-resisted|p2a: Toxapex\n|-damage|p2a: Toxapex|71\/100\n|move|p2a: Toxapex|Haze|p2a: Toxapex\n|-clearallboost\n|\n|-damage|p1a: Ditto|37\/100|[from] move: Infestation|[partiallytrapped]\n|-damage|p2a: Toxapex|59\/100|[from] move: Infestation|[partiallytrapped]\n|upkeep\n|turn|28\n|\n|t:|1701101223\n|move|p1a: Ditto|Infestation|p2a: Toxapex\n|-resisted|p2a: Toxapex\n|-damage|p2a: Toxapex|58\/100\n|move|p2a: Toxapex|Haze|p2a: Toxapex\n|-clearallboost\n|\n|-end|p1a: Ditto|Infestation|[partiallytrapped]\n|-damage|p2a: Toxapex|45\/100|[from] move: Infestation|[partiallytrapped]\n|upkeep\n|turn|29\n|\n|t:|1701101233\n|switch|p1a: Coalossal|Coalossal, M|52\/100\n|-damage|p1a: Coalossal|27\/100|[from] Stealth Rock\n|move|p2a: Toxapex|Toxic|p1a: Coalossal\n|-status|p1a: Coalossal|tox\n|\n|-damage|p1a: Coalossal|21\/100 tox|[from] psn\n|-end|p2a: Toxapex|Infestation|[partiallytrapped]\n|upkeep\n|turn|30\n|\n|t:|1701101242\n|switch|p2a: Alomomola|Alomomola, M|100\/100\n|move|p1a: Coalossal|Rapid Spin|p2a: Alomomola\n|-damage|p2a: Alomomola|95\/100\n|-boost|p1a: Coalossal|spe|1\n|-sideend|p1: Daamizz|Stealth Rock|[from] move: Rapid Spin|[of] p1a: Coalossal\n|\n|-damage|p1a: Coalossal|9\/100 tox|[from] psn\n|upkeep\n|turn|31\n|\n|t:|1701101251\n|move|p2a: Alomomola|Flip Turn|p1a: Coalossal\n|-supereffective|p1a: Coalossal\n|-damage|p1a: Coalossal|0 fnt\n|faint|p1a: Coalossal\n|\n|t:|1701101258\n|switch|p2a: Toxapex|Toxapex, M|78\/100|[from] Flip Turn\n|\n|upkeep\n|\n|t:|1701101268\n|switch|p1a: Rillaboom|Rillaboom, M|100\/100\n|-fieldstart|move: Grassy Terrain|[from] ability: Grassy Surge|[of] p1a: Rillaboom\n|turn|32\n|\n|t:|1701101272\n|switch|p2a: Talonflame|Talonflame, F|100\/100\n|move|p1a: Rillaboom|Bulk Up|p1a: Rillaboom\n|-boost|p1a: Rillaboom|atk|1\n|-boost|p1a: Rillaboom|def|1\n|\n|upkeep\n|turn|33\n|\n|t:|1701101280\n|switch|p1a: Bellibolt|Bellibolt, M|100\/100\n|move|p2a: Talonflame|Will-O-Wisp|p1a: Bellibolt\n|-status|p1a: Bellibolt|brn\n|\n|-damage|p1a: Bellibolt|94\/100 brn|[from] brn\n|upkeep\n|turn|34\n|\n|t:|1701101291\n|switch|p2a: Clodsire|Clodsire, F|74\/100\n|move|p1a: Bellibolt|Chilling Water|p2a: Clodsire\n|-supereffective|p2a: Clodsire\n|-damage|p2a: Clodsire|62\/100\n|-unboost|p2a: Clodsire|atk|1\n|\n|-heal|p1a: Bellibolt|100\/100 brn|[from] Grassy Terrain\n|-heal|p2a: Clodsire|69\/100|[from] Grassy Terrain\n|-damage|p1a: Bellibolt|94\/100 brn|[from] brn\n|upkeep\n|turn|35\n|\n|t:|1701101303\n|switch|p1a: Ditto|Ditto|71\/100\n|-transform|p1a: Ditto|p2a: Clodsire|[from] ability: Imposter\n|move|p2a: Clodsire|Earthquake|p1a: Ditto\n|-supereffective|p1a: Ditto\n|-damage|p1a: Ditto|24\/100\n|\n|-heal|p1a: Ditto|30\/100|[from] Grassy Terrain\n|-heal|p2a: Clodsire|75\/100|[from] Grassy Terrain\n|upkeep\n|turn|36\n|\n|t:|1701101315\n|switch|p2a: Toxapex|Toxapex, M|100\/100\n|move|p1a: Ditto|Recover|p1a: Ditto\n|-heal|p1a: Ditto|80\/100\n|\n|-heal|p1a: Ditto|86\/100|[from] Grassy Terrain\n|-fieldend|move: Grassy Terrain\n|upkeep\n|turn|37\n|\n|t:|1701101325\n|switch|p1a: Bellibolt|Bellibolt, M|94\/100 brn\n|move|p2a: Toxapex|Infestation|p1a: Bellibolt\n|-damage|p1a: Bellibolt|91\/100 brn\n|-activate|p1a: Bellibolt|move: Infestation|[of] p2a: Toxapex\n|-start|p1a: Bellibolt|Charge|Infestation|[from] ability: Electromorphosis\n|\n|-heal|p1a: Bellibolt|98\/100 brn|[from] item: Leftovers\n|-damage|p1a: Bellibolt|91\/100 brn|[from] brn\n|-damage|p1a: Bellibolt|79\/100 brn|[from] move: Infestation|[partiallytrapped]\n|upkeep\n|turn|38\n|\n|t:|1701101336\n|switch|p2a: Clodsire|Clodsire, F|75\/100\n|move|p1a: Bellibolt|Chilling Water|p2a: Clodsire\n|-supereffective|p2a: Clodsire\n|-damage|p2a: Clodsire|63\/100\n|-unboost|p2a: Clodsire|atk|1\n|\n|-heal|p1a: Bellibolt|85\/100 brn|[from] item: Leftovers\n|-damage|p1a: Bellibolt|79\/100 brn|[from] brn\n|-end|p1a: Bellibolt|Infestation|[partiallytrapped]|[silent]\n|upkeep\n|turn|39\n|\n|t:|1701101347\n|move|p1a: Bellibolt|Chilling Water|p2a: Clodsire\n|-supereffective|p2a: Clodsire\n|-damage|p2a: Clodsire|49\/100\n|-unboost|p2a: Clodsire|atk|1\n|move|p2a: Clodsire|Earthquake|p1a: Bellibolt\n|-supereffective|p1a: Bellibolt\n|-damage|p1a: Bellibolt|62\/100 brn\n|-start|p1a: Bellibolt|Charge|Earthquake|[from] ability: Electromorphosis\n|\n|-heal|p1a: Bellibolt|68\/100 brn|[from] item: Leftovers\n|-damage|p1a: Bellibolt|62\/100 brn|[from] brn\n|upkeep\n|turn|40\n|\n|t:|1701101359\n|move|p1a: Bellibolt|Chilling Water|p2a: Clodsire\n|-supereffective|p2a: Clodsire\n|-damage|p2a: Clodsire|37\/100\n|-unboost|p2a: Clodsire|atk|1\n|move|p2a: Clodsire|Recover|p2a: Clodsire\n|-heal|p2a: Clodsire|87\/100\n|\n|-heal|p1a: Bellibolt|68\/100 brn|[from] item: Leftovers\n|-damage|p1a: Bellibolt|62\/100 brn|[from] brn\n|upkeep\n|turn|41\n|\n|t:|1701101369\n|move|p1a: Bellibolt|Slack Off|p1a: Bellibolt\n|-heal|p1a: Bellibolt|100\/100 brn\n|move|p2a: Clodsire|Earthquake|p1a: Bellibolt\n|-supereffective|p1a: Bellibolt\n|-damage|p1a: Bellibolt|86\/100 brn\n|-start|p1a: Bellibolt|Charge|Earthquake|[from] ability: Electromorphosis\n|\n|-heal|p1a: Bellibolt|92\/100 brn|[from] item: Leftovers\n|-damage|p1a: Bellibolt|86\/100 brn|[from] brn\n|upkeep\n|turn|42\n|\n|t:|1701101381\n|switch|p1a: Rillaboom|Rillaboom, M|100\/100\n|-fieldstart|move: Grassy Terrain|[from] ability: Grassy Surge|[of] p1a: Rillaboom\n|switch|p2a: Toxapex|Toxapex, M|100\/100\n|\n|upkeep\n|turn|43\n|\n|t:|1701101390\n|switch|p1a: Bellibolt|Bellibolt, M|86\/100 brn\n|switch|p2a: Talonflame|Talonflame, F|100\/100\n|\n|-heal|p1a: Bellibolt|92\/100 brn|[from] Grassy Terrain\n|-heal|p1a: Bellibolt|99\/100 brn|[from] item: Leftovers\n|-damage|p1a: Bellibolt|92\/100 brn|[from] brn\n|upkeep\n|turn|44\n|\n|t:|1701101400\n|switch|p2a: Toxapex|Toxapex, M|100\/100\n|move|p1a: Bellibolt|Toxic|p2a: Toxapex\n|-immune|p2a: Toxapex\n|\n|-heal|p1a: Bellibolt|99\/100 brn|[from] Grassy Terrain\n|-heal|p1a: Bellibolt|100\/100 brn|[from] item: Leftovers\n|-damage|p1a: Bellibolt|94\/100 brn|[from] brn\n|upkeep\n|turn|45\n|\n|t:|1701101409\n|move|p1a: Bellibolt|Parabolic Charge|p2a: Toxapex\n|-supereffective|p2a: Toxapex\n|-damage|p2a: Toxapex|58\/100\n|-heal|p1a: Bellibolt|100\/100 brn|[from] drain|[of] p2a: Toxapex\n|move|p2a: Toxapex|Infestation|p1a: Bellibolt\n|-damage|p1a: Bellibolt|98\/100 brn\n|-activate|p1a: Bellibolt|move: Infestation|[of] p2a: Toxapex\n|-start|p1a: Bellibolt|Charge|Infestation|[from] ability: Electromorphosis\n|\n|-heal|p1a: Bellibolt|100\/100 brn|[from] Grassy Terrain\n|-heal|p2a: Toxapex|65\/100|[from] Grassy Terrain\n|-damage|p1a: Bellibolt|94\/100 brn|[from] brn\n|-damage|p1a: Bellibolt|82\/100 brn|[from] move: Infestation|[partiallytrapped]\n|upkeep\n|turn|46\n|\n|t:|1701101422\n|switch|p2a: Blissey|Blissey, F, shiny|78\/100\n|move|p1a: Bellibolt|Chilling Water|p2a: Blissey\n|-damage|p2a: Blissey|74\/100\n|-unboost|p2a: Blissey|atk|1\n|\n|-heal|p2a: Blissey|80\/100|[from] Grassy Terrain\n|-heal|p1a: Bellibolt|88\/100 brn|[from] Grassy Terrain\n|-heal|p1a: Bellibolt|94\/100 brn|[from] item: Leftovers\n|-damage|p1a: Bellibolt|88\/100 brn|[from] brn\n|-end|p1a: Bellibolt|Infestation|[partiallytrapped]|[silent]\n|-fieldend|move: Grassy Terrain\n|upkeep\n|turn|47\n|\n|t:|1701101435\n|switch|p1a: Rillaboom|Rillaboom, M|100\/100\n|-fieldstart|move: Grassy Terrain|[from] ability: Grassy Surge|[of] p1a: Rillaboom\n|move|p2a: Blissey|Stealth Rock|p1a: Rillaboom\n|-sidestart|p1: Daamizz|move: Stealth Rock\n|\n|-heal|p2a: Blissey|86\/100|[from] Grassy Terrain\n|upkeep\n|turn|48\n|\n|t:|1701101445\n|switch|p1a: Dragapult|Dragapult, M|100\/100\n|-damage|p1a: Dragapult|88\/100|[from] Stealth Rock\n|-enditem|p1a: Dragapult|Grassy Seed\n|-boost|p1a: Dragapult|def|1|[from] item: Grassy Seed\n|switch|p2a: Talonflame|Talonflame, F|100\/100\n|\n|-heal|p1a: Dragapult|94\/100|[from] Grassy Terrain\n|upkeep\n|turn|49\n|\n|t:|1701101455\n|switch|p2a: Toxapex|Toxapex, M|98\/100\n|move|p1a: Dragapult|Substitute|p1a: Dragapult\n|-start|p1a: Dragapult|Substitute\n|-damage|p1a: Dragapult|69\/100\n|\n|-heal|p1a: Dragapult|75\/100|[from] Grassy Terrain\n|-heal|p2a: Toxapex|100\/100|[from] Grassy Terrain\n|upkeep\n|turn|50\n|\n|t:|1701101464\n|move|p1a: Dragapult|Dragon Dance|p1a: Dragapult\n|-boost|p1a: Dragapult|atk|1\n|-boost|p1a: Dragapult|spe|1\n|move|p2a: Toxapex|Haze|p2a: Toxapex\n|-clearallboost\n|\n|-heal|p1a: Dragapult|81\/100|[from] Grassy Terrain\n|upkeep\n|turn|51\n|\n|t:|1701101473\n|switch|p2a: Dondozo|Dondozo, F|88\/100\n|move|p1a: Dragapult|Dragon Dance|p1a: Dragapult\n|-boost|p1a: Dragapult|atk|1\n|-boost|p1a: Dragapult|spe|1\n|\n|-heal|p1a: Dragapult|87\/100|[from] Grassy Terrain\n|-heal|p2a: Dondozo|94\/100|[from] Grassy Terrain\n|-fieldend|move: Grassy Terrain\n|upkeep\n|turn|52\n|\n|t:|1701101484\n|move|p1a: Dragapult|Dragon Darts|p2a: Dondozo\n|-damage|p2a: Dondozo|84\/100\n|-anim|p1a: Dragapult|Dragon Darts|p2a: Dondozo\n|-damage|p2a: Dondozo|72\/100\n|move|p2a: Dondozo|Heavy Slam|p1a: Dragapult\n|-end|p1a: Dragapult|Substitute\n|\n|upkeep\n|turn|53\n|\n|t:|1701101493\n|switch|p1a: Bellibolt|Bellibolt, M|88\/100 brn\n|-damage|p1a: Bellibolt|76\/100 brn|[from] Stealth Rock\n|move|p2a: Dondozo|Heavy Slam|p1a: Bellibolt\n|-resisted|p1a: Bellibolt\n|-damage|p1a: Bellibolt|73\/100 brn\n|-start|p1a: Bellibolt|Charge|Heavy Slam|[from] ability: Electromorphosis\n|\n|-heal|p1a: Bellibolt|79\/100 brn|[from] item: Leftovers\n|-damage|p1a: Bellibolt|73\/100 brn|[from] brn\n|upkeep\n|turn|54\n|\n|t:|1701101505\n|switch|p2a: Blissey|Blissey, F, shiny|86\/100\n|move|p1a: Bellibolt|Parabolic Charge|p2a: Blissey\n|-damage|p2a: Blissey|74\/100\n|-heal|p1a: Bellibolt|83\/100 brn|[from] drain|[of] p2a: Blissey\n|-end|p1a: Bellibolt|Charge|[silent]\n|\n|-heal|p1a: Bellibolt|90\/100 brn|[from] item: Leftovers\n|-damage|p1a: Bellibolt|83\/100 brn|[from] brn\n|upkeep\n|turn|55\n|\n|t:|1701101517\n|move|p2a: Blissey|Shadow Ball|p1a: Bellibolt\n|-damage|p1a: Bellibolt|69\/100 brn\n|-start|p1a: Bellibolt|Charge|Shadow Ball|[from] ability: Electromorphosis\n|move|p1a: Bellibolt|Toxic|p2a: Blissey|[miss]\n|-miss|p1a: Bellibolt|p2a: Blissey\n|\n|-heal|p1a: Bellibolt|75\/100 brn|[from] item: Leftovers\n|-damage|p1a: Bellibolt|69\/100 brn|[from] brn\n|upkeep\n|turn|56\n|\n|t:|1701101527\n|move|p2a: Blissey|Seismic Toss|p1a: Bellibolt\n|-damage|p1a: Bellibolt|45\/100 brn\n|-start|p1a: Bellibolt|Charge|Seismic Toss|[from] ability: Electromorphosis\n|move|p1a: Bellibolt|Parabolic Charge|p2a: Blissey\n|-crit|p2a: Blissey\n|-damage|p2a: Blissey|53\/100\n|-heal|p1a: Bellibolt|63\/100 brn|[from] drain|[of] p2a: Blissey\n|-end|p1a: Bellibolt|Charge|[silent]\n|\n|-heal|p1a: Bellibolt|69\/100 brn|[from] item: Leftovers\n|-damage|p1a: Bellibolt|63\/100 brn|[from] brn\n|upkeep\n|turn|57\n|\n|t:|1701101539\n|move|p2a: Blissey|Seismic Toss|p1a: Bellibolt\n|-damage|p1a: Bellibolt|39\/100 brn\n|-start|p1a: Bellibolt|Charge|Seismic Toss|[from] ability: Electromorphosis\n|move|p1a: Bellibolt|Parabolic Charge|p2a: Blissey\n|-damage|p2a: Blissey|40\/100\n|-heal|p1a: Bellibolt|50\/100 brn|[from] drain|[of] p2a: Blissey\n|-end|p1a: Bellibolt|Charge|[silent]\n|\n|-heal|p1a: Bellibolt|56\/100 brn|[from] item: Leftovers\n|-damage|p1a: Bellibolt|50\/100 brn|[from] brn\n|upkeep\n|turn|58\n|\n|t:|1701101551\n|move|p2a: Blissey|Soft-Boiled|p2a: Blissey\n|-heal|p2a: Blissey|90\/100\n|move|p1a: Bellibolt|Parabolic Charge|p2a: Blissey\n|-damage|p2a: Blissey|85\/100\n|-heal|p1a: Bellibolt|55\/100 brn|[from] drain|[of] p2a: Blissey\n|\n|-heal|p1a: Bellibolt|61\/100 brn|[from] item: Leftovers\n|-damage|p1a: Bellibolt|55\/100 brn|[from] brn\n|upkeep\n|turn|59\n|\n|t:|1701101561\n|move|p2a: Blissey|Seismic Toss|p1a: Bellibolt\n|-damage|p1a: Bellibolt|31\/100 brn\n|-start|p1a: Bellibolt|Charge|Seismic Toss|[from] ability: Electromorphosis\n|move|p1a: Bellibolt|Toxic|p2a: Blissey|[miss]\n|-miss|p1a: Bellibolt|p2a: Blissey\n|\n|-heal|p1a: Bellibolt|37\/100 brn|[from] item: Leftovers\n|-damage|p1a: Bellibolt|31\/100 brn|[from] brn\n|upkeep\n|turn|60\n|\n|t:|1701101572\n|move|p2a: Blissey|Seismic Toss|p1a: Bellibolt\n|-damage|p1a: Bellibolt|7\/100 brn\n|-start|p1a: Bellibolt|Charge|Seismic Toss|[from] ability: Electromorphosis\n|move|p1a: Bellibolt|Slack Off|p1a: Bellibolt\n|-heal|p1a: Bellibolt|57\/100 brn\n|\n|-heal|p1a: Bellibolt|63\/100 brn|[from] item: Leftovers\n|-damage|p1a: Bellibolt|57\/100 brn|[from] brn\n|upkeep\n|turn|61\n|\n|t:|1701101582\n|move|p2a: Blissey|Seismic Toss|p1a: Bellibolt\n|-damage|p1a: Bellibolt|33\/100 brn\n|-start|p1a: Bellibolt|Charge|Seismic Toss|[from] ability: Electromorphosis\n|move|p1a: Bellibolt|Toxic|p2a: Blissey\n|-status|p2a: Blissey|tox\n|\n|-heal|p1a: Bellibolt|40\/100 brn|[from] item: Leftovers\n|-damage|p2a: Blissey|78\/100 tox|[from] psn\n|-damage|p1a: Bellibolt|33\/100 brn|[from] brn\n|upkeep\n|turn|62\n|\n|t:|1701101594\n|-curestatus|p2a: Blissey|tox|[from] ability: Natural Cure\n|switch|p2a: Toxapex|Toxapex, M|100\/100\n|move|p1a: Bellibolt|Slack Off|p1a: Bellibolt\n|-heal|p1a: Bellibolt|83\/100 brn\n|\n|-heal|p1a: Bellibolt|90\/100 brn|[from] item: Leftovers\n|-damage|p1a: Bellibolt|83\/100 brn|[from] brn\n|upkeep\n|turn|63\n|c|\u2606Daamizz|No se puede jugar mas cerdo\n|\n|t:|1701101614\n|switch|p2a: Blissey|Blissey, F, shiny|78\/100\n|move|p1a: Bellibolt|Parabolic Charge|p2a: Blissey\n|-damage|p2a: Blissey|66\/100\n|-heal|p1a: Bellibolt|94\/100 brn|[from] drain|[of] p2a: Blissey\n|-end|p1a: Bellibolt|Charge|[silent]\n|\n|-heal|p1a: Bellibolt|99\/100 brn|[from] item: Leftovers\n|-damage|p1a: Bellibolt|94\/100 brn|[from] brn\n|upkeep\n|turn|64\n|\n|t:|1701101624\n|move|p2a: Blissey|Seismic Toss|p1a: Bellibolt\n|-damage|p1a: Bellibolt|70\/100 brn\n|-start|p1a: Bellibolt|Charge|Seismic Toss|[from] ability: Electromorphosis\n|move|p1a: Bellibolt|Toxic|p2a: Blissey\n|-status|p2a: Blissey|tox\n|\n|-heal|p1a: Bellibolt|77\/100 brn|[from] item: Leftovers\n|-damage|p2a: Blissey|60\/100 tox|[from] psn\n|-damage|p1a: Bellibolt|70\/100 brn|[from] brn\n|upkeep\n|turn|65\n|\n|t:|1701101638\n|-curestatus|p2a: Blissey|tox|[from] ability: Natural Cure\n|switch|p2a: Clodsire|Clodsire, F|87\/100\n|move|p1a: Bellibolt|Parabolic Charge|p2a: Clodsire\n|-immune|p2a: Clodsire\n|-end|p1a: Bellibolt|Charge|[silent]\n|\n|-heal|p1a: Bellibolt|77\/100 brn|[from] item: Leftovers\n|-damage|p1a: Bellibolt|70\/100 brn|[from] brn\n|upkeep\n|turn|66\n|\n|t:|1701101648\n|move|p1a: Bellibolt|Chilling Water|p2a: Clodsire\n|-supereffective|p2a: Clodsire\n|-damage|p2a: Clodsire|74\/100\n|-unboost|p2a: Clodsire|atk|1\n|move|p2a: Clodsire|Earthquake|p1a: Bellibolt\n|-supereffective|p1a: Bellibolt\n|-damage|p1a: Bellibolt|49\/100 brn\n|-start|p1a: Bellibolt|Charge|Earthquake|[from] ability: Electromorphosis\n|\n|-heal|p1a: Bellibolt|55\/100 brn|[from] item: Leftovers\n|-damage|p1a: Bellibolt|49\/100 brn|[from] brn\n|upkeep\n|turn|67\n|\n|t:|1701101661\n|switch|p1a: Rillaboom|Rillaboom, M|100\/100\n|-damage|p1a: Rillaboom|88\/100|[from] Stealth Rock\n|-fieldstart|move: Grassy Terrain|[from] ability: Grassy Surge|[of] p1a: Rillaboom\n|switch|p2a: Blissey|Blissey, F, shiny|60\/100\n|\n|-heal|p1a: Rillaboom|94\/100|[from] Grassy Terrain\n|-heal|p1a: Rillaboom|100\/100|[from] item: Leftovers\n|-heal|p2a: Blissey|66\/100|[from] Grassy Terrain\n|upkeep\n|turn|68\n|\n|t:|1701101678\n|switch|p2a: Talonflame|Talonflame, F|100\/100\n|move|p1a: Rillaboom|Drum Beating|p2a: Talonflame\n|-resisted|p2a: Talonflame\n|-damage|p2a: Talonflame|88\/100\n|-unboost|p2a: Talonflame|spe|1\n|\n|upkeep\n|turn|69\n|\n|t:|1701101686\n|switch|p1a: Ditto|Ditto|86\/100\n|-damage|p1a: Ditto|74\/100|[from] Stealth Rock\n|-transform|p1a: Ditto|p2a: Talonflame|[from] ability: Imposter\n|move|p2a: Talonflame|Flamethrower|p1a: Ditto\n|-resisted|p1a: Ditto\n|-damage|p1a: Ditto|55\/100\n|\n|upkeep\n|turn|70\n|\n|t:|1701101700\n|move|p1a: Ditto|Will-O-Wisp|p2a: Talonflame|[miss]\n|-miss|p1a: Ditto|p2a: Talonflame\n|move|p2a: Talonflame|Flamethrower|p1a: Ditto\n|-resisted|p1a: Ditto\n|-damage|p1a: Ditto|37\/100\n|\n|upkeep\n|turn|71\n|\n|t:|1701101706\n|switch|p1a: Blissey|Blissey, F|68\/100\n|-damage|p1a: Blissey|56\/100|[from] Stealth Rock\n|move|p2a: Talonflame|Will-O-Wisp|p1a: Blissey\n|-status|p1a: Blissey|brn\n|\n|-heal|p1a: Blissey|62\/100 brn|[from] Grassy Terrain\n|-heal|p1a: Blissey|68\/100 brn|[from] item: Leftovers\n|-damage|p1a: Blissey|62\/100 brn|[from] brn\n|-fieldend|move: Grassy Terrain\n|upkeep\n|turn|72\n|\n|t:|1701101721\n|switch|p2a: Alomomola|Alomomola, M|100\/100\n|move|p1a: Blissey|Seismic Toss|p2a: Alomomola\n|-damage|p2a: Alomomola|82\/100\n|\n|-heal|p1a: Blissey|68\/100 brn|[from] item: Leftovers\n|-damage|p1a: Blissey|62\/100 brn|[from] brn\n|upkeep\n|turn|73\n|\n|t:|1701101731\n|-curestatus|p1a: Blissey|brn|[from] ability: Natural Cure\n|switch|p1a: Rillaboom|Rillaboom, M|100\/100\n|-damage|p1a: Rillaboom|88\/100|[from] Stealth Rock\n|-fieldstart|move: Grassy Terrain|[from] ability: Grassy Surge|[of] p1a: Rillaboom\n|move|p2a: Alomomola|Flip Turn|p1a: Rillaboom\n|-resisted|p1a: Rillaboom\n|-crit|p1a: Rillaboom\n|-damage|p1a: Rillaboom|76\/100\n|\n|t:|1701101734\n|switch|p2a: Talonflame|Talonflame, F|88\/100|[from] Flip Turn\n|\n|-heal|p1a: Rillaboom|82\/100|[from] Grassy Terrain\n|-heal|p1a: Rillaboom|88\/100|[from] item: Leftovers\n|upkeep\n|turn|74\n|c|\u2606Daamizz|Pig pig pig\n|inactive|Daamizz has 120 seconds left.\n|\n|t:|1701101767\n|switch|p1a: Blissey|Blissey, F|62\/100\n|-damage|p1a: Blissey|50\/100|[from] Stealth Rock\n|move|p2a: Talonflame|Will-O-Wisp|p1a: Blissey\n|-status|p1a: Blissey|brn\n|\n|-heal|p1a: Blissey|56\/100 brn|[from] Grassy Terrain\n|-heal|p1a: Blissey|62\/100 brn|[from] item: Leftovers\n|-damage|p1a: Blissey|56\/100 brn|[from] brn\n|upkeep\n|turn|75\n|inactive|Daamizz has 120 seconds left.\n|inactive|Daamizz has 90 seconds left.\n|\n|t:|1701101820\n|switch|p2a: Toxapex|Toxapex, M|100\/100\n|move|p1a: Blissey|Seismic Toss|p2a: Toxapex\n|-damage|p2a: Toxapex|68\/100\n|\n|-heal|p1a: Blissey|62\/100 brn|[from] Grassy Terrain\n|-heal|p1a: Blissey|68\/100 brn|[from] item: Leftovers\n|-heal|p2a: Toxapex|74\/100|[from] Grassy Terrain\n|-damage|p1a: Blissey|62\/100 brn|[from] brn\n|upkeep\n|turn|76\n|inactive|Daamizz has 60 seconds left.\n|\n|t:|1701101852\n|move|p1a: Blissey|Seismic Toss|p2a: Toxapex\n|-damage|p2a: Toxapex|41\/100\n|move|p2a: Toxapex|Infestation|p1a: Blissey\n|-damage|p1a: Blissey|61\/100 brn\n|-activate|p1a: Blissey|move: Infestation|[of] p2a: Toxapex\n|\n|-heal|p1a: Blissey|67\/100 brn|[from] Grassy Terrain\n|-heal|p1a: Blissey|73\/100 brn|[from] item: Leftovers\n|-heal|p2a: Toxapex|47\/100|[from] Grassy Terrain\n|-damage|p1a: Blissey|67\/100 brn|[from] brn\n|-damage|p1a: Blissey|55\/100 brn|[from] move: Infestation|[partiallytrapped]\n|upkeep\n|turn|77\n|inactive|Daamizz has 60 seconds left.\n|\n|t:|1701101865\n|move|p1a: Blissey|Seismic Toss|p2a: Toxapex\n|-damage|p2a: Toxapex|14\/100\n|move|p2a: Toxapex|Recover|p2a: Toxapex\n|-heal|p2a: Toxapex|64\/100\n|\n|-heal|p1a: Blissey|61\/100 brn|[from] Grassy Terrain\n|-heal|p1a: Blissey|67\/100 brn|[from] item: Leftovers\n|-heal|p2a: Toxapex|71\/100|[from] Grassy Terrain\n|-damage|p1a: Blissey|61\/100 brn|[from] brn\n|-damage|p1a: Blissey|48\/100 brn|[from] move: Infestation|[partiallytrapped]\n|-fieldend|move: Grassy Terrain\n|upkeep\n|turn|78\n|inactive|Daamizz has 60 seconds left.\n|\n|t:|1701101877\n|move|p1a: Blissey|Seismic Toss|p2a: Toxapex\n|-damage|p2a: Toxapex|38\/100\n|move|p2a: Toxapex|Haze|p2a: Toxapex\n|-clearallboost\n|\n|-heal|p1a: Blissey|55\/100 brn|[from] item: Leftovers\n|-damage|p1a: Blissey|48\/100 brn|[from] brn\n|-damage|p1a: Blissey|36\/100 brn|[from] move: Infestation|[partiallytrapped]\n|upkeep\n|turn|79\n|inactive|Daamizz has 60 seconds left.\n|\n|t:|1701101888\n|move|p1a: Blissey|Seismic Toss|p2a: Toxapex\n|-damage|p2a: Toxapex|5\/100\n|move|p2a: Toxapex|Recover|p2a: Toxapex\n|-heal|p2a: Toxapex|55\/100\n|\n|-heal|p1a: Blissey|42\/100 brn|[from] item: Leftovers\n|-damage|p1a: Blissey|36\/100 brn|[from] brn\n|-damage|p1a: Blissey|23\/100 brn|[from] move: Infestation|[partiallytrapped]\n|upkeep\n|turn|80\n|inactive|Daamizz has 60 seconds left.\n|\n|t:|1701101898\n|move|p1a: Blissey|Seismic Toss|p2a: Toxapex\n|-damage|p2a: Toxapex|22\/100\n|move|p2a: Toxapex|Infestation|p1a: Blissey\n|-damage|p1a: Blissey|23\/100 brn\n|\n|-heal|p1a: Blissey|29\/100 brn|[from] item: Leftovers\n|-damage|p1a: Blissey|23\/100 brn|[from] brn\n|-damage|p1a: Blissey|10\/100 brn|[from] move: Infestation|[partiallytrapped]\n|upkeep\n|turn|81\n|inactive|Daamizz has 60 seconds left.\n|\n|t:|1701101910\n|switch|p2a: Alomomola|Alomomola, M|100\/100\n|move|p1a: Blissey|Seismic Toss|p2a: Alomomola\n|-damage|p2a: Alomomola|82\/100\n|\n|-heal|p1a: Blissey|16\/100 brn|[from] item: Leftovers\n|-damage|p1a: Blissey|10\/100 brn|[from] brn\n|-end|p1a: Blissey|Infestation|[partiallytrapped]\n|upkeep\n|turn|82\n|inactive|Daamizz has 60 seconds left.\n|\n|t:|1701101920\n|-curestatus|p1a: Blissey|brn|[from] ability: Natural Cure\n|switch|p1a: Ditto|Ditto|37\/100\n|-damage|p1a: Ditto|25\/100|[from] Stealth Rock\n|-transform|p1a: Ditto|p2a: Alomomola|[from] ability: Imposter\n|move|p2a: Alomomola|Flip Turn|p1a: Ditto\n|-resisted|p1a: Ditto\n|-damage|p1a: Ditto|17\/100\n|\n|t:|1701101929\n|switch|p2a: Toxapex|Toxapex, M|55\/100|[from] Flip Turn\n|\n|upkeep\n|turn|83\n|\n|t:|1701101937\n|switch|p1a: Blissey|Blissey, F|10\/100\n|-damage|p1a: Blissey|0 fnt|[from] Stealth Rock\n|faint|p1a: Blissey\n|move|p2a: Toxapex|Infestation|p1: Blissey|[notarget]\n|-fail|p2a: Toxapex\n|\n|upkeep\n|-message|Daamizz forfeited.\n|\n|win|jkope\n|raw|Daamizz's rating: 1228 &rarr; <strong>1196<\/strong><br \/>(-32 for losing)\n|raw|jkope's rating: 1122 &rarr; <strong>1154<\/strong><br \/>(+32 for winning)\n|l|\u2606Daamizz\n","uploadtime":1701101945,"views":2,"p1id":"daamizz","p2id":"jkope","formatid":"gen9ou","rating":1154,"private":0,"password":""}