{"id":"gen9ou-1989057823","p1":"ChillLanturnYT","p2":"MrMimingtonII","format":"[Gen 9] OU","log":"|j|\u2606ChillLanturnYT\n|j|\u2606MrMimingtonII\n|t:|1699807499\n|gametype|singles\n|player|p1|ChillLanturnYT|palmer|1136\n|player|p2|MrMimingtonII|elesa-masters|1143\n|teamsize|p1|6\n|teamsize|p2|6\n|gen|9\n|tier|[Gen 9] OU\n|rated|\n|rule|Sleep Clause Mod: Limit one foe put to sleep\n|rule|Species Clause: Limit one of each Pok\u00e9mon\n|rule|OHKO Clause: OHKO moves are banned\n|rule|Evasion Items Clause: Evasion items are banned\n|rule|Evasion Moves Clause: Evasion moves are banned\n|rule|Endless Battle Clause: Forcing endless battles is banned\n|rule|HP Percentage Mod: HP is shown in percentages\n|clearpoke\n|poke|p1|Walking Wake|\n|poke|p1|Overqwil, M|\n|poke|p1|Ludicolo, F|\n|poke|p1|Barraskewda, F|\n|poke|p1|Pelipper, F|\n|poke|p1|Kilowattrel, M|\n|poke|p2|Ceruledge, M|\n|poke|p2|Dragonite, F|\n|poke|p2|Alomomola, F|\n|poke|p2|Corviknight, F|\n|poke|p2|Slowking-Galar, F|\n|poke|p2|Gholdengo|\n|teampreview\n|\n|t:|1699807510\n|start\n|switch|p1a: Pelipper|Pelipper, F|100\/100\n|switch|p2a: Dragonite|Dragonite, F|100\/100\n|-weather|RainDance|[from] ability: Drizzle|[of] p1a: Pelipper\n|turn|1\n|\n|t:|1699807522\n|move|p2a: Dragonite|Outrage|p1a: Pelipper\n|-damage|p1a: Pelipper|24\/100\n|move|p1a: Pelipper|U-turn|p2a: Dragonite\n|-resisted|p2a: Dragonite\n|-damage|p2a: Dragonite|98\/100\n|\n|t:|1699807528\n|switch|p1a: Ludicolo|Ludicolo, F|100\/100|[from] U-turn\n|\n|-weather|RainDance|[upkeep]\n|upkeep\n|turn|2\n|\n|t:|1699807531\n|move|p1a: Ludicolo|Ice Beam|p2a: Dragonite\n|-supereffective|p2a: Dragonite\n|-damage|p2a: Dragonite|0 fnt\n|faint|p2a: Dragonite\n|-damage|p1a: Ludicolo|91\/100|[from] item: Life Orb\n|\n|-weather|RainDance|[upkeep]\n|upkeep\n|\n|t:|1699807542\n|switch|p2a: Corviknight|Corviknight, F|100\/100\n|turn|3\n|\n|t:|1699807555\n|-terastallize|p1a: Ludicolo|Water\n|move|p1a: Ludicolo|Weather Ball|p2a: Corviknight\n|-damage|p2a: Corviknight|0 fnt\n|faint|p2a: Corviknight\n|-damage|p1a: Ludicolo|81\/100|[from] item: Life Orb\n|\n|-weather|RainDance|[upkeep]\n|upkeep\n|\n|t:|1699807566\n|switch|p2a: Slowking|Slowking-Galar, F|100\/100\n|turn|4\n|\n|t:|1699807573\n|move|p1a: Ludicolo|Weather Ball|p2a: Slowking\n|-damage|p2a: Slowking|30\/100\n|-damage|p1a: Ludicolo|71\/100|[from] item: Life Orb\n|move|p2a: Slowking|Chilly Reception|p2a: Slowking\n|-weather|Snow\n|\n|t:|1699807585\n|switch|p2a: Gholdengo|Gholdengo|100\/100|[from] Chilly Reception\n|\n|-weather|Snow|[upkeep]\n|upkeep\n|turn|5\n|\n|t:|1699807592\n|switch|p1a: Overqwil|Overqwil, M|100\/100\n|-ability|p1a: Overqwil|Intimidate|boost\n|-unboost|p2a: Gholdengo|atk|1\n|move|p2a: Gholdengo|Shadow Ball|p1a: Overqwil\n|-resisted|p1a: Overqwil\n|-damage|p1a: Overqwil|63\/100\n|\n|-weather|Snow|[upkeep]\n|-heal|p1a: Overqwil|69\/100|[from] item: Leftovers\n|upkeep\n|turn|6\n|\n|t:|1699807604\n|switch|p2a: Slowking|Slowking-Galar, F|63\/100\n|move|p1a: Overqwil|Liquidation|p2a: Slowking\n|-crit|p2a: Slowking\n|-damage|p2a: Slowking|19\/100\n|\n|-weather|Snow|[upkeep]\n|-heal|p1a: Overqwil|75\/100|[from] item: Leftovers\n|-heal|p2a: Slowking|25\/100|[from] item: Leftovers\n|upkeep\n|turn|7\n|\n|t:|1699807614\n|switch|p2a: Alomomola|Alomomola, F|100\/100\n|move|p1a: Overqwil|Liquidation|p2a: Alomomola\n|-resisted|p2a: Alomomola\n|-damage|p2a: Alomomola|94\/100\n|-damage|p1a: Overqwil|59\/100|[from] item: Rocky Helmet|[of] p2a: Alomomola\n|\n|-weather|Snow|[upkeep]\n|-heal|p1a: Overqwil|65\/100|[from] item: Leftovers\n|upkeep\n|turn|8\n|\n|t:|1699807619\n|move|p1a: Overqwil|Barb Barrage|p2a: Alomomola\n|-damage|p2a: Alomomola|79\/100\n|-status|p2a: Alomomola|psn\n|move|p2a: Alomomola|Wish|p2a: Alomomola\n|\n|-weather|none\n|-heal|p1a: Overqwil|71\/100|[from] item: Leftovers\n|-damage|p2a: Alomomola|67\/100 psn|[from] psn\n|upkeep\n|turn|9\n|\n|t:|1699807630\n|switch|p1a: Pelipper|Pelipper, F|24\/100\n|-weather|RainDance|[from] ability: Drizzle|[of] p1a: Pelipper\n|move|p2a: Alomomola|Flip Turn|p1a: Pelipper\n|-resisted|p1a: Pelipper\n|-damage|p1a: Pelipper|15\/100\n|\n|t:|1699807636\n|switch|p2a: Slowking|Slowking-Galar, F|58\/100|[from] Flip Turn\n|\n|-weather|RainDance|[upkeep]\n|-heal|p2a: Slowking|100\/100|[from] move: Wish|[wisher] Alomomola\n|upkeep\n|turn|10\n|\n|t:|1699807645\n|move|p1a: Pelipper|U-turn|p2a: Slowking\n|-damage|p2a: Slowking|92\/100\n|\n|t:|1699807652\n|switch|p1a: Kilowattrel|Kilowattrel, M|100\/100|[from] U-turn\n|move|p2a: Slowking|Chilly Reception|p2a: Slowking\n|-weather|Snow\n|\n|t:|1699807664\n|switch|p2a: Gholdengo|Gholdengo|100\/100|[from] Chilly Reception\n|\n|-weather|Snow|[upkeep]\n|upkeep\n|turn|11\n|\n|t:|1699807674\n|-terastallize|p2a: Gholdengo|Steel\n|move|p2a: Gholdengo|Make It Rain|p1a: Kilowattrel\n|-resisted|p1a: Kilowattrel\n|-damage|p1a: Kilowattrel|13\/100\n|-unboost|p2a: Gholdengo|spa|1\n|move|p1a: Kilowattrel|Volt Switch|p2a: Gholdengo\n|-damage|p2a: Gholdengo|60\/100\n|\n|t:|1699807689\n|switch|p1a: Walking Wake|Walking Wake|100\/100|[from] Volt Switch\n|\n|-weather|Snow|[upkeep]\n|upkeep\n|turn|12\n|\n|t:|1699807713\n|switch|p2a: Slowking|Slowking-Galar, F|100\/100\n|move|p1a: Walking Wake|Knock Off|p2a: Slowking\n|-supereffective|p2a: Slowking\n|-damage|p2a: Slowking|63\/100\n|-enditem|p2a: Slowking|Leftovers|[from] move: Knock Off|[of] p1a: Walking Wake\n|\n|-weather|Snow|[upkeep]\n|upkeep\n|turn|13\n|\n|t:|1699807720\n|-end|p1a: Walking Wake|Protosynthesis|[silent]\n|switch|p1a: Overqwil|Overqwil, M|71\/100\n|-ability|p1a: Overqwil|Intimidate|boost\n|-unboost|p2a: Slowking|atk|1\n|move|p2a: Slowking|Grass Knot|p1a: Overqwil\n|-resisted|p1a: Overqwil\n|-crit|p1a: Overqwil\n|-damage|p1a: Overqwil|45\/100\n|\n|-weather|Snow|[upkeep]\n|-heal|p1a: Overqwil|51\/100|[from] item: Leftovers\n|upkeep\n|turn|14\n|\n|t:|1699807729\n|switch|p2a: Alomomola|Alomomola, F|99\/100 psn\n|move|p1a: Overqwil|Toxic Spikes|p2a: Alomomola\n|-sidestart|p2: MrMimingtonII|move: Toxic Spikes\n|\n|-weather|none\n|-heal|p1a: Overqwil|57\/100|[from] item: Leftovers\n|-damage|p2a: Alomomola|88\/100 psn|[from] psn\n|upkeep\n|turn|15\n|\n|t:|1699807736\n|move|p1a: Overqwil|Barb Barrage|p2a: Alomomola\n|-damage|p2a: Alomomola|56\/100 psn\n|move|p2a: Alomomola|Flip Turn|p1a: Overqwil\n|-damage|p1a: Overqwil|40\/100\n|\n|t:|1699807744\n|switch|p2a: Gholdengo|Gholdengo, tera:Steel|60\/100|[from] Flip Turn\n|\n|-heal|p1a: Overqwil|46\/100|[from] item: Leftovers\n|upkeep\n|turn|16\n|\n|t:|1699807750\n|move|p2a: Gholdengo|Make It Rain|p1a: Overqwil\n|-damage|p1a: Overqwil|0 fnt\n|-unboost|p2a: Gholdengo|spa|1\n|faint|p1a: Overqwil\n|\n|upkeep\n|\n|t:|1699807756\n|switch|p1a: Pelipper|Pelipper, F|15\/100\n|-weather|RainDance|[from] ability: Drizzle|[of] p1a: Pelipper\n|turn|17\n|\n|t:|1699807764\n|switch|p1a: Walking Wake|Walking Wake|100\/100\n|move|p2a: Gholdengo|Make It Rain|p1a: Walking Wake\n|-resisted|p1a: Walking Wake\n|-damage|p1a: Walking Wake|62\/100\n|-unboost|p2a: Gholdengo|spa|1\n|\n|-weather|RainDance|[upkeep]\n|upkeep\n|turn|18\n|\n|t:|1699807775\n|move|p2a: Gholdengo|Make It Rain|p1a: Walking Wake\n|-resisted|p1a: Walking Wake\n|-damage|p1a: Walking Wake|31\/100\n|-unboost|p2a: Gholdengo|spa|1\n|move|p1a: Walking Wake|Hydro Steam|p2a: Gholdengo\n|-damage|p2a: Gholdengo|0 fnt\n|faint|p2a: Gholdengo\n|\n|-weather|RainDance|[upkeep]\n|upkeep\n|\n|t:|1699807785\n|switch|p2a: Slowking|Slowking-Galar, F|96\/100\n|-sideend|p2: MrMimingtonII|move: Toxic Spikes|[of] p2a: Slowking\n|turn|19\n|\n|t:|1699807790\n|switch|p2a: Alomomola|Alomomola, F|89\/100 psn\n|move|p1a: Walking Wake|Hydro Steam|p2a: Alomomola\n|-resisted|p2a: Alomomola\n|-damage|p2a: Alomomola|33\/100 psn\n|\n|-weather|RainDance|[upkeep]\n|-damage|p2a: Alomomola|21\/100 psn|[from] psn\n|upkeep\n|turn|20\n|\n|t:|1699807796\n|move|p1a: Walking Wake|Hydro Steam|p2a: Alomomola\n|-resisted|p2a: Alomomola\n|-damage|p2a: Alomomola|0 fnt\n|faint|p2a: Alomomola\n|\n|-weather|RainDance|[upkeep]\n|upkeep\n|\n|t:|1699807808\n|switch|p2a: Ceruledge|Ceruledge, M|100\/100\n|turn|21\n|\n|t:|1699807811\n|move|p2a: Ceruledge|Endure|p2a: Ceruledge\n|-singleturn|p2a: Ceruledge|move: Endure\n|move|p1a: Walking Wake|Hydro Steam|p2a: Ceruledge\n|-supereffective|p2a: Ceruledge\n|-activate|p2a: Ceruledge|move: Endure\n|-damage|p2a: Ceruledge|1\/100\n|-enditem|p2a: Ceruledge|Weakness Policy\n|-boost|p2a: Ceruledge|atk|2|[from] item: Weakness Policy\n|-boost|p2a: Ceruledge|spa|2|[from] item: Weakness Policy\n|\n|-weather|RainDance|[upkeep]\n|upkeep\n|turn|22\n|\n|t:|1699807826\n|move|p1a: Walking Wake|Hydro Steam|p2a: Ceruledge\n|-supereffective|p2a: Ceruledge\n|-damage|p2a: Ceruledge|0 fnt\n|faint|p2a: Ceruledge\n|\n|-weather|RainDance|[upkeep]\n|upkeep\n|-message|MrMimingtonII forfeited.\n|\n|win|ChillLanturnYT\n|raw|ChillLanturnYT's rating: 1136 &rarr; <strong>1162<\/strong><br \/>(+26 for winning)\n|raw|MrMimingtonII's rating: 1143 &rarr; <strong>1117<\/strong><br \/>(-26 for losing)\n|l|\u2606MrMimingtonII\n","uploadtime":1699807843,"views":11,"p1id":"chilllanturnyt","p2id":"mrmimingtonii","formatid":"gen9ou","rating":1117,"private":0,"password":""}