{"id":"gen9ou-1992838742","p1":"Zucccchini1","p2":"Cinny69","format":"[Gen 9] OU","log":"|j|\u2606Zucccchini1\n|j|\u2606Cinny69\n|t:|1700239844\n|gametype|singles\n|player|p1|Zucccchini1|265|1386\n|player|p2|Cinny69|rika|1354\n|teamsize|p1|6\n|teamsize|p2|6\n|gen|9\n|tier|[Gen 9] OU\n|rated|\n|rule|Sleep Clause Mod: Limit one foe put to sleep\n|rule|Species Clause: Limit one of each Pok\u00e9mon\n|rule|OHKO Clause: OHKO moves are banned\n|rule|Evasion Items Clause: Evasion items are banned\n|rule|Evasion Moves Clause: Evasion moves are banned\n|rule|Endless Battle Clause: Forcing endless battles is banned\n|rule|HP Percentage Mod: HP is shown in percentages\n|clearpoke\n|poke|p1|Alomomola, F|\n|poke|p1|Slowking-Galar, F|\n|poke|p1|Kingambit, F|\n|poke|p1|Great Tusk|\n|poke|p1|Cinderace, F|\n|poke|p1|Thundurus-Therian, M|\n|poke|p2|Revavroom, F|\n|poke|p2|Iron Valiant|\n|poke|p2|Hydreigon, F|\n|poke|p2|Zapdos|\n|poke|p2|Great Tusk|\n|poke|p2|Garganacl, F|\n|teampreview\n|inactive|Battle timer is ON: inactive players will automatically lose when time's up. (requested by Cinny69)\n|\n|t:|1700239868\n|start\n|switch|p1a: Thundurus|Thundurus-Therian, M|100\/100\n|switch|p2a: Zapdos|Zapdos|100\/100\n|turn|1\n|\n|t:|1700239874\n|move|p1a: Thundurus|Knock Off|p2a: Zapdos\n|-crit|p2a: Zapdos\n|-damage|p2a: Zapdos|68\/100\n|-enditem|p2a: Zapdos|Heavy-Duty Boots|[from] move: Knock Off|[of] p1a: Thundurus\n|move|p2a: Zapdos|Discharge|p1a: Thundurus\n|-immune|p1a: Thundurus|[from] ability: Volt Absorb\n|\n|upkeep\n|turn|2\n|\n|t:|1700239882\n|move|p1a: Thundurus|Knock Off|p2a: Zapdos\n|-damage|p2a: Zapdos|52\/100\n|move|p2a: Zapdos|Heat Wave|p1a: Thundurus\n|-damage|p1a: Thundurus|62\/100\n|\n|upkeep\n|turn|3\n|\n|t:|1700239888\n|switch|p1a: Slowking|Slowking-Galar, F|100\/100\n|move|p2a: Zapdos|Heat Wave|p1a: Slowking|[miss]\n|-miss|p2a: Zapdos|p1a: Slowking\n|\n|upkeep\n|turn|4\n|\n|t:|1700239895\n|move|p2a: Zapdos|Roost|p2a: Zapdos\n|-heal|p2a: Zapdos|100\/100\n|-singleturn|p2a: Zapdos|move: Roost\n|move|p1a: Slowking|Future Sight|p2a: Zapdos\n|-start|p1a: Slowking|move: Future Sight\n|\n|upkeep\n|turn|5\n|\n|t:|1700239903\n|move|p2a: Zapdos|Hurricane|p1a: Slowking\n|-damage|p1a: Slowking|76\/100\n|move|p1a: Slowking|Ice Beam|p2a: Zapdos\n|-supereffective|p2a: Zapdos\n|-damage|p2a: Zapdos|68\/100\n|\n|upkeep\n|turn|6\n|\n|t:|1700239912\n|move|p2a: Zapdos|Roost|p2a: Zapdos\n|-heal|p2a: Zapdos|100\/100\n|-singleturn|p2a: Zapdos|move: Roost\n|move|p1a: Slowking|Chilly Reception|p1a: Slowking\n|-weather|Snow\n|\n|t:|1700239920\n|switch|p1a: Great Tusk|Great Tusk|100\/100|[from] Chilly Reception\n|\n|-weather|Snow|[upkeep]\n|-end|p2a: Zapdos|move: Future Sight\n|-damage|p2a: Zapdos|72\/100\n|upkeep\n|turn|7\n|\n|t:|1700239931\n|-end|p1a: Great Tusk|Protosynthesis|[silent]\n|switch|p1a: Slowking|Slowking-Galar, F|100\/100\n|move|p2a: Zapdos|Hurricane|p1a: Slowking\n|-damage|p1a: Slowking|72\/100\n|\n|-weather|Snow|[upkeep]\n|upkeep\n|turn|8\n|\n|t:|1700239938\n|switch|p2a: Hydreigon|Hydreigon, F, shiny|100\/100\n|move|p1a: Slowking|Future Sight|p2a: Hydreigon\n|-start|p1a: Slowking|move: Future Sight\n|\n|-weather|Snow|[upkeep]\n|upkeep\n|turn|9\n|\n|t:|1700239948\n|move|p2a: Hydreigon|Dark Pulse|p1a: Slowking\n|-supereffective|p1a: Slowking\n|-damage|p1a: Slowking|25\/100\n|move|p1a: Slowking|Chilly Reception|p1a: Slowking\n|\n|t:|1700239963\n|switch|p1a: Kingambit|Kingambit, F|100\/100|[from] Chilly Reception\n|\n|-weather|Snow|[upkeep]\n|upkeep\n|turn|10\n|\n|t:|1700239970\n|switch|p2a: Zapdos|Zapdos|72\/100\n|move|p1a: Kingambit|Iron Head|p2a: Zapdos\n|-resisted|p2a: Zapdos\n|-damage|p2a: Zapdos|47\/100\n|\n|-weather|none\n|-end|p2a: Zapdos|move: Future Sight\n|-damage|p2a: Zapdos|18\/100\n|upkeep\n|turn|11\n|\n|t:|1700239982\n|-end|p1a: Kingambit|fallenundefined|[silent]\n|switch|p1a: Thundurus|Thundurus-Therian, M|62\/100\n|move|p2a: Zapdos|Roost|p2a: Zapdos\n|-heal|p2a: Zapdos|68\/100\n|-singleturn|p2a: Zapdos|move: Roost\n|\n|upkeep\n|turn|12\n|\n|t:|1700239989\n|move|p1a: Thundurus|Volt Switch|p2a: Zapdos\n|-damage|p2a: Zapdos|24\/100\n|\n|t:|1700239993\n|switch|p1a: Slowking|Slowking-Galar, F|58\/100|[from] Volt Switch\n|move|p2a: Zapdos|Heat Wave|p1a: Slowking\n|-crit|p1a: Slowking\n|-damage|p1a: Slowking|36\/100\n|\n|upkeep\n|turn|13\n|\n|t:|1700240000\n|switch|p1a: Thundurus|Thundurus-Therian, M|62\/100\n|move|p2a: Zapdos|Hurricane|p1a: Thundurus\n|-resisted|p1a: Thundurus\n|-damage|p1a: Thundurus|33\/100\n|\n|upkeep\n|turn|14\n|\n|t:|1700240008\n|move|p1a: Thundurus|Volt Switch|p2a: Zapdos\n|-damage|p2a: Zapdos|0 fnt\n|faint|p2a: Zapdos\n|\n|t:|1700240021\n|switch|p1a: Great Tusk|Great Tusk|100\/100|[from] Volt Switch\n|\n|upkeep\n|\n|t:|1700240027\n|switch|p2a: Iron Valiant|Iron Valiant, shiny|100\/100\n|-enditem|p2a: Iron Valiant|Booster Energy\n|-activate|p2a: Iron Valiant|ability: Quark Drive|[fromitem]\n|-start|p2a: Iron Valiant|quarkdrivespe\n|turn|15\n|\n|t:|1700240032\n|-end|p1a: Great Tusk|Protosynthesis|[silent]\n|switch|p1a: Slowking|Slowking-Galar, F|69\/100\n|move|p2a: Iron Valiant|Moonblast|p1a: Slowking\n|-resisted|p1a: Slowking\n|-damage|p1a: Slowking|55\/100\n|\n|upkeep\n|turn|16\n|\n|t:|1700240045\n|move|p2a: Iron Valiant|Psyshock|p1a: Slowking\n|-damage|p1a: Slowking|27\/100\n|move|p1a: Slowking|Sludge Bomb|p2a: Iron Valiant\n|-supereffective|p2a: Iron Valiant\n|-crit|p2a: Iron Valiant\n|-damage|p2a: Iron Valiant|0 fnt\n|faint|p2a: Iron Valiant\n|-end|p2a: Iron Valiant|Quark Drive|[silent]\n|\n|upkeep\n|\n|t:|1700240053\n|switch|p2a: Hydreigon|Hydreigon, F, shiny|100\/100\n|turn|17\n|\n|t:|1700240061\n|switch|p1a: Kingambit|Kingambit, F|100\/100\n|move|p2a: Hydreigon|Nasty Plot|p2a: Hydreigon\n|-boost|p2a: Hydreigon|spa|2\n|\n|upkeep\n|turn|18\n|\n|t:|1700240067\n|-end|p1a: Kingambit|fallenundefined|[silent]\n|switch|p1a: Alomomola|Alomomola, F|100\/100\n|move|p2a: Hydreigon|Draco Meteor|p1a: Alomomola\n|-damage|p1a: Alomomola|0 fnt\n|-unboost|p2a: Hydreigon|spa|2\n|faint|p1a: Alomomola\n|\n|upkeep\n|\n|t:|1700240086\n|switch|p1a: Cinderace|Cinderace, F|100\/100\n|turn|19\n|\n|t:|1700240089\n|move|p1a: Cinderace|U-turn|p2a: Hydreigon\n|-start|p1a: Cinderace|typechange|Bug|[from] ability: Libero\n|-supereffective|p2a: Hydreigon\n|-damage|p2a: Hydreigon|29\/100\n|\n|t:|1700240093\n|switch|p1a: Kingambit|Kingambit, F|100\/100|[from] U-turn\n|-activate|p1a: Kingambit|ability: Supreme Overlord\n|-start|p1a: Kingambit|fallen1|[silent]\n|move|p2a: Hydreigon|Draco Meteor|p1a: Kingambit|[miss]\n|-miss|p2a: Hydreigon|p1a: Kingambit\n|\n|-heal|p2a: Hydreigon|35\/100|[from] item: Leftovers\n|upkeep\n|turn|20\n|\n|t:|1700240105\n|switch|p2a: Great Tusk|Great Tusk|100\/100\n|move|p1a: Kingambit|Sucker Punch||[still]\n|-fail|p1a: Kingambit\n|\n|upkeep\n|turn|21\n|\n|t:|1700240117\n|-end|p1a: Kingambit|fallen1|[silent]\n|switch|p1a: Thundurus|Thundurus-Therian, M|33\/100\n|move|p2a: Great Tusk|Ice Spinner|p1a: Thundurus\n|-supereffective|p1a: Thundurus\n|-damage|p1a: Thundurus|0 fnt\n|faint|p1a: Thundurus\n|\n|upkeep\n|\n|t:|1700240119\n|switch|p1a: Cinderace|Cinderace, F|100\/100\n|turn|22\n|\n|t:|1700240127\n|move|p1a: Cinderace|Will-O-Wisp|p2a: Great Tusk\n|-status|p2a: Great Tusk|brn\n|move|p2a: Great Tusk|Headlong Rush|p1a: Cinderace\n|-supereffective|p1a: Cinderace\n|-damage|p1a: Cinderace|19\/100\n|-unboost|p2a: Great Tusk|def|1\n|-unboost|p2a: Great Tusk|spd|1\n|\n|-damage|p2a: Great Tusk|94\/100 brn|[from] brn\n|upkeep\n|turn|23\n|\n|t:|1700240138\n|move|p1a: Cinderace|U-turn|p2a: Great Tusk\n|-start|p1a: Cinderace|typechange|Bug|[from] ability: Libero\n|-resisted|p2a: Great Tusk\n|-damage|p2a: Great Tusk|79\/100 brn\n|\n|t:|1700240140\n|switch|p1a: Great Tusk|Great Tusk|100\/100|[from] U-turn\n|move|p2a: Great Tusk|Headlong Rush|p1a: Great Tusk\n|-damage|p1a: Great Tusk|80\/100\n|-unboost|p2a: Great Tusk|def|1\n|-unboost|p2a: Great Tusk|spd|1\n|-damage|p2a: Great Tusk|62\/100 brn|[from] item: Rocky Helmet|[of] p1a: Great Tusk\n|\n|-damage|p2a: Great Tusk|56\/100 brn|[from] brn\n|upkeep\n|turn|24\n|\n|t:|1700240152\n|move|p1a: Great Tusk|Rapid Spin|p2a: Great Tusk\n|-damage|p2a: Great Tusk|36\/100 brn\n|-boost|p1a: Great Tusk|spe|1\n|move|p2a: Great Tusk|Ice Spinner|p1a: Great Tusk\n|-supereffective|p1a: Great Tusk\n|-damage|p1a: Great Tusk|62\/100\n|-damage|p2a: Great Tusk|19\/100 brn|[from] item: Rocky Helmet|[of] p1a: Great Tusk\n|\n|-damage|p2a: Great Tusk|13\/100 brn|[from] brn\n|upkeep\n|turn|25\n|\n|t:|1700240164\n|move|p1a: Great Tusk|Rapid Spin|p2a: Great Tusk\n|-damage|p2a: Great Tusk|0 fnt\n|-boost|p1a: Great Tusk|spe|1\n|faint|p2a: Great Tusk\n|-end|p2a: Great Tusk|Protosynthesis|[silent]\n|\n|upkeep\n|\n|t:|1700240170\n|switch|p2a: Garganacl|Garganacl, F|100\/100\n|turn|26\n|\n|t:|1700240180\n|-terastallize|p2a: Garganacl|Water\n|move|p1a: Great Tusk|Stealth Rock|p2a: Garganacl\n|-sidestart|p2: Cinny69|move: Stealth Rock\n|move|p2a: Garganacl|Iron Defense|p2a: Garganacl\n|-boost|p2a: Garganacl|def|2\n|\n|upkeep\n|turn|27\n|\n|t:|1700240187\n|-end|p1a: Great Tusk|Protosynthesis|[silent]\n|switch|p1a: Slowking|Slowking-Galar, F|60\/100\n|move|p2a: Garganacl|Salt Cure|p1a: Slowking\n|-damage|p1a: Slowking|46\/100\n|-start|p1a: Slowking|Salt Cure\n|\n|-damage|p1a: Slowking|34\/100|[from] Salt Cure\n|upkeep\n|turn|28\n|\n|t:|1700240196\n|switch|p1a: Kingambit|Kingambit, F|100\/100\n|-activate|p1a: Kingambit|ability: Supreme Overlord\n|-start|p1a: Kingambit|fallen2|[silent]\n|move|p2a: Garganacl|Iron Defense|p2a: Garganacl\n|-boost|p2a: Garganacl|def|2\n|\n|upkeep\n|turn|29\n|-message|Zucccchini1 forfeited.\n|\n|win|Cinny69\n|raw|Zucccchini1's rating: 1386 &rarr; <strong>1364<\/strong><br \/>(-22 for losing)\n|raw|Cinny69's rating: 1354 &rarr; <strong>1376<\/strong><br \/>(+22 for winning)\n|l|\u2606Zucccchini1\n","uploadtime":1700240214,"views":10,"p1id":"zucccchini1","p2id":"cinny69","formatid":"gen9ou","rating":1364,"private":0,"password":""}