{"id":"gen9ou-1991224425","p1":"Wrldthwrld","p2":"BlueLamentation","format":"[Gen 9] OU","log":"|j|\u2606Wrldthwrld\n|j|\u2606BlueLamentation\n|t:|1700058872\n|gametype|singles\n|player|p1|Wrldthwrld|blue|1264\n|player|p2|BlueLamentation|harlequin|1310\n|teamsize|p1|6\n|teamsize|p2|6\n|gen|9\n|tier|[Gen 9] OU\n|rated|\n|rule|Sleep Clause Mod: Limit one foe put to sleep\n|rule|Species Clause: Limit one of each Pok\u00e9mon\n|rule|OHKO Clause: OHKO moves are banned\n|rule|Evasion Items Clause: Evasion items are banned\n|rule|Evasion Moves Clause: Evasion moves are banned\n|rule|Endless Battle Clause: Forcing endless battles is banned\n|rule|HP Percentage Mod: HP is shown in percentages\n|clearpoke\n|poke|p1|Kingambit, F|\n|poke|p1|Great Tusk|\n|poke|p1|Dragapult, M|\n|poke|p1|Ogerpon-Wellspring, F|\n|poke|p1|Blissey, F|\n|poke|p1|Zapdos|\n|poke|p2|Muk-Alola, F|\n|poke|p2|Rillaboom, M|\n|poke|p2|Gholdengo|\n|poke|p2|Maushold|\n|poke|p2|Gastrodon-East, F|\n|poke|p2|Moltres|\n|teampreview\n|inactive|Battle timer is ON: inactive players will automatically lose when time's up. (requested by BlueLamentation)\n|\n|t:|1700058896\n|start\n|switch|p1a: Great Tusk|Great Tusk|100\/100\n|switch|p2a: Muk|Muk-Alola, F, shiny|100\/100\n|turn|1\n|\n|t:|1700058907\n|switch|p2a: Moltres|Moltres|100\/100\n|move|p1a: Great Tusk|Earthquake|p2a: Moltres\n|-immune|p2a: Moltres\n|\n|upkeep\n|turn|2\n|\n|t:|1700058914\n|move|p2a: Moltres|Will-O-Wisp|p1a: Great Tusk\n|-status|p1a: Great Tusk|brn\n|move|p1a: Great Tusk|Knock Off|p2a: Moltres\n|-crit|p2a: Moltres\n|-damage|p2a: Moltres|75\/100\n|-enditem|p2a: Moltres|Heavy-Duty Boots|[from] move: Knock Off|[of] p1a: Great Tusk\n|\n|-damage|p1a: Great Tusk|94\/100 brn|[from] brn\n|upkeep\n|turn|3\n|\n|t:|1700058920\n|-end|p1a: Great Tusk|Protosynthesis|[silent]\n|switch|p1a: Blissey|Blissey, F|100\/100\n|move|p2a: Moltres|Air Slash|p1a: Blissey\n|-damage|p1a: Blissey|87\/100\n|\n|upkeep\n|turn|4\n|\n|t:|1700058925\n|move|p2a: Moltres|U-turn|p1a: Blissey\n|-damage|p1a: Blissey|75\/100\n|\n|t:|1700058927\n|switch|p2a: Maushold|Maushold|100\/100|[from] U-turn\n|move|p1a: Blissey|Stealth Rock|p2a: Maushold\n|-sidestart|p2: BlueLamentation|move: Stealth Rock\n|\n|upkeep\n|turn|5\n|\n|t:|1700058940\n|switch|p1a: Zapdos|Zapdos|100\/100\n|move|p2a: Maushold|Tidy Up|p2a: Maushold\n|-sideend|p2: BlueLamentation|Stealth Rock\n|-activate|p2a: Maushold|move: Tidy Up\n|-boost|p2a: Maushold|atk|1\n|-boost|p2a: Maushold|spe|1\n|\n|upkeep\n|turn|6\n|\n|t:|1700058948\n|move|p2a: Maushold|Population Bomb|p1a: Zapdos\n|-damage|p1a: Zapdos|86\/100\n|-damage|p1a: Zapdos|73\/100\n|-damage|p1a: Zapdos|60\/100\n|-status|p2a: Maushold|par|[from] ability: Static|[of] p1a: Zapdos\n|-damage|p1a: Zapdos|46\/100\n|-damage|p1a: Zapdos|32\/100\n|-damage|p1a: Zapdos|18\/100\n|-damage|p1a: Zapdos|6\/100\n|-damage|p1a: Zapdos|0 fnt\n|faint|p1a: Zapdos\n|-hitcount|p1: Zapdos|8\n|\n|upkeep\n|\n|t:|1700058969\n|switch|p1a: Ogerpon|Ogerpon-Wellspring, F|100\/100\n|turn|7\n|\n|t:|1700058977\n|move|p1a: Ogerpon|U-turn|p2a: Maushold\n|-damage|p2a: Maushold|57\/100 par\n|\n|t:|1700058980\n|switch|p1a: Dragapult|Dragapult, M|100\/100|[from] U-turn\n|move|p2a: Maushold|Population Bomb|p1a: Dragapult\n|-immune|p1a: Dragapult\n|\n|upkeep\n|turn|8\n|\n|t:|1700058986\n|move|p1a: Dragapult|U-turn|p2a: Maushold\n|-damage|p2a: Maushold|28\/100 par\n|\n|t:|1700058989\n|switch|p1a: Great Tusk|Great Tusk|94\/100 brn|[from] U-turn\n|move|p2a: Maushold|Bite|p1a: Great Tusk\n|-resisted|p1a: Great Tusk\n|-damage|p1a: Great Tusk|84\/100 brn\n|\n|-heal|p1a: Great Tusk|90\/100 brn|[from] item: Leftovers\n|-damage|p1a: Great Tusk|84\/100 brn|[from] brn\n|upkeep\n|turn|9\n|\n|t:|1700058996\n|move|p1a: Great Tusk|Knock Off|p2a: Maushold\n|-damage|p2a: Maushold|7\/100 par\n|-enditem|p2a: Maushold|Wide Lens|[from] move: Knock Off|[of] p1a: Great Tusk\n|move|p2a: Maushold|Bite|p1a: Great Tusk\n|-resisted|p1a: Great Tusk\n|-damage|p1a: Great Tusk|74\/100 brn\n|\n|-heal|p1a: Great Tusk|80\/100 brn|[from] item: Leftovers\n|-damage|p1a: Great Tusk|74\/100 brn|[from] brn\n|upkeep\n|turn|10\n|\n|t:|1700059003\n|move|p1a: Great Tusk|Bulk Up|p1a: Great Tusk\n|-boost|p1a: Great Tusk|atk|1\n|-boost|p1a: Great Tusk|def|1\n|move|p2a: Maushold|Population Bomb|p1a: Great Tusk|[miss]\n|-miss|p2a: Maushold|p1a: Great Tusk\n|\n|-heal|p1a: Great Tusk|80\/100 brn|[from] item: Leftovers\n|-damage|p1a: Great Tusk|74\/100 brn|[from] brn\n|upkeep\n|turn|11\n|c|\u2606BlueLamentation|What a joke holy shit\n|\n|t:|1700059012\n|move|p1a: Great Tusk|Bulk Up|p1a: Great Tusk\n|-boost|p1a: Great Tusk|atk|1\n|-boost|p1a: Great Tusk|def|1\n|cant|p2a: Maushold|par\n|\n|-heal|p1a: Great Tusk|80\/100 brn|[from] item: Leftovers\n|-damage|p1a: Great Tusk|74\/100 brn|[from] brn\n|upkeep\n|turn|12\n|\n|t:|1700059017\n|move|p1a: Great Tusk|Rapid Spin|p2a: Maushold\n|-damage|p2a: Maushold|0 fnt\n|-boost|p1a: Great Tusk|spe|1\n|faint|p2a: Maushold\n|\n|-heal|p1a: Great Tusk|80\/100 brn|[from] item: Leftovers\n|-damage|p1a: Great Tusk|74\/100 brn|[from] brn\n|upkeep\n|\n|t:|1700059019\n|switch|p2a: Moltres|Moltres|75\/100\n|turn|13\n|\n|t:|1700059032\n|move|p1a: Great Tusk|Knock Off|p2a: Moltres\n|-damage|p2a: Moltres|53\/100\n|move|p2a: Moltres|Air Slash|p1a: Great Tusk\n|-supereffective|p1a: Great Tusk\n|-damage|p1a: Great Tusk|0 fnt\n|faint|p1a: Great Tusk\n|-end|p1a: Great Tusk|Protosynthesis|[silent]\n|\n|upkeep\n|\n|t:|1700059037\n|switch|p1a: Dragapult|Dragapult, M|100\/100\n|turn|14\n|\n|t:|1700059043\n|-terastallize|p1a: Dragapult|Ghost\n|move|p1a: Dragapult|Shadow Ball|p2a: Moltres\n|-damage|p2a: Moltres|0 fnt\n|faint|p2a: Moltres\n|\n|upkeep\n|\n|t:|1700059048\n|switch|p2a: Muk|Muk-Alola, F, shiny|100\/100\n|turn|15\n|\n|t:|1700059055\n|switch|p1a: Blissey|Blissey, F|75\/100\n|move|p2a: Muk|Knock Off|p1a: Blissey\n|-damage|p1a: Blissey|36\/100\n|-status|p1a: Blissey|psn|[from] ability: Poison Touch|[of] p2a: Muk\n|-enditem|p1a: Blissey|Heavy-Duty Boots|[from] move: Knock Off|[of] p2a: Muk\n|\n|-damage|p1a: Blissey|23\/100 psn|[from] psn\n|upkeep\n|turn|16\n|\n|t:|1700059065\n|-curestatus|p1a: Blissey|psn|[from] ability: Natural Cure\n|switch|p1a: Dragapult|Dragapult, M, tera:Ghost|100\/100\n|move|p2a: Muk|Gunk Shot|p1a: Dragapult|[miss]\n|-miss|p2a: Muk|p1a: Dragapult\n|\n|upkeep\n|turn|17\n|\n|t:|1700059071\n|move|p1a: Dragapult|U-turn|p2a: Muk\n|-damage|p2a: Muk|84\/100\n|\n|t:|1700059074\n|switch|p1a: Kingambit|Kingambit, F|100\/100|[from] U-turn\n|-activate|p1a: Kingambit|ability: Supreme Overlord\n|-start|p1a: Kingambit|fallen2|[silent]\n|move|p2a: Muk|Knock Off|p1a: Kingambit\n|-resisted|p1a: Kingambit\n|-damage|p1a: Kingambit|83\/100\n|-enditem|p1a: Kingambit|Mental Herb|[from] move: Knock Off|[of] p2a: Muk\n|\n|upkeep\n|turn|18\n|\n|t:|1700059077\n|move|p1a: Kingambit|Swords Dance|p1a: Kingambit\n|-boost|p1a: Kingambit|atk|2\n|move|p2a: Muk|Drain Punch|p1a: Kingambit\n|-supereffective|p1a: Kingambit\n|-damage|p1a: Kingambit|0 fnt\n|-heal|p2a: Muk|100\/100|[from] drain|[of] p1a: Kingambit\n|faint|p1a: Kingambit\n|-end|p1a: Kingambit|fallen2|[silent]\n|\n|upkeep\n|\n|t:|1700059083\n|switch|p1a: Ogerpon|Ogerpon-Wellspring, F|100\/100\n|turn|19\n|\n|t:|1700059091\n|-terastallize|p2a: Muk|Grass\n|move|p1a: Ogerpon|Ivy Cudgel|p2a: Muk|[anim] Ivy Cudgel Water\n|-resisted|p2a: Muk\n|-damage|p2a: Muk|72\/100\n|move|p2a: Muk|Gunk Shot|p1a: Ogerpon\n|-supereffective|p1a: Ogerpon\n|-damage|p1a: Ogerpon|0 fnt\n|faint|p1a: Ogerpon\n|\n|upkeep\n|\n|t:|1700059094\n|switch|p1a: Dragapult|Dragapult, M, tera:Ghost|100\/100\n|turn|20\n|\n|t:|1700059097\n|move|p1a: Dragapult|Flamethrower|p2a: Muk\n|-supereffective|p2a: Muk\n|-damage|p2a: Muk|28\/100\n|move|p2a: Muk|Knock Off|p1a: Dragapult\n|-supereffective|p1a: Dragapult\n|-damage|p1a: Dragapult|0 fnt\n|-enditem|p1a: Dragapult|Choice Specs|[from] move: Knock Off|[of] p2a: Muk\n|faint|p1a: Dragapult\n|\n|upkeep\n|-message|Wrldthwrld forfeited.\n|\n|win|BlueLamentation\n|raw|Wrldthwrld's rating: 1264 &rarr; <strong>1242<\/strong><br \/>(-22 for losing)\n|raw|BlueLamentation's rating: 1310 &rarr; <strong>1327<\/strong><br \/>(+17 for winning)\n","uploadtime":1700059113,"views":4,"p1id":"wrldthwrld","p2id":"bluelamentation","formatid":"gen9ou","rating":1242,"private":0,"password":""}