{"id":"gen9ou-1988617967","p1":"VDVATSAL","p2":"nutzoo","format":"[Gen 9] OU","log":"|j|\u2606VDVATSAL\n|j|\u2606nutzoo\n|t:|1699742535\n|gametype|singles\n|player|p1|VDVATSAL|265|1183\n|player|p2|nutzoo|2|1084\n|teamsize|p1|6\n|teamsize|p2|6\n|gen|9\n|tier|[Gen 9] OU\n|rated|\n|rule|Sleep Clause Mod: Limit one foe put to sleep\n|rule|Species Clause: Limit one of each Pok\u00e9mon\n|rule|OHKO Clause: OHKO moves are banned\n|rule|Evasion Items Clause: Evasion items are banned\n|rule|Evasion Moves Clause: Evasion moves are banned\n|rule|Endless Battle Clause: Forcing endless battles is banned\n|rule|HP Percentage Mod: HP is shown in percentages\n|clearpoke\n|poke|p1|Garganacl, F|\n|poke|p1|Grimmsnarl, M|\n|poke|p1|Ogerpon-Wellspring, F|\n|poke|p1|Walking Wake|\n|poke|p1|Heatran, F|\n|poke|p1|Corviknight, M|\n|poke|p2|Ambipom, M|\n|poke|p2|Dragonite, F|\n|poke|p2|Cinderace, F|\n|poke|p2|Ninetales-Alola, M|\n|poke|p2|Ribombee, F|\n|poke|p2|Gliscor, F|\n|teampreview\n|inactive|Battle timer is ON: inactive players will automatically lose when time's up. (requested by VDVATSAL)\n|\n|t:|1699742550\n|start\n|switch|p1a: Heatran|Heatran, F|100\/100\n|switch|p2a: Dragonite|Dragonite, F|100\/100\n|-item|p1a: Heatran|Air Balloon\n|turn|1\n|\n|t:|1699742558\n|switch|p1a: Corviknight|Corviknight, M|100\/100\n|move|p2a: Dragonite|Dragon Dance|p2a: Dragonite\n|-boost|p2a: Dragonite|atk|1\n|-boost|p2a: Dragonite|spe|1\n|\n|upkeep\n|turn|2\n|\n|t:|1699742565\n|switch|p2a: Gliscor|Gliscor, F|100\/100\n|switch|p1a: Grimmsnarl|Grimmsnarl, M|100\/100\n|\n|-status|p2a: Gliscor|tox|[from] item: Toxic Orb\n|upkeep\n|turn|3\n|\n|t:|1699742574\n|switch|p1a: Heatran|Heatran, F|100\/100\n|-item|p1a: Heatran|Air Balloon\n|move|p2a: Gliscor|Swords Dance|p2a: Gliscor\n|-boost|p2a: Gliscor|atk|2\n|\n|upkeep\n|turn|4\n|\n|t:|1699742581\n|move|p2a: Gliscor|Brick Break|p1a: Heatran\n|-supereffective|p1a: Heatran\n|-damage|p1a: Heatran|27\/100\n|-enditem|p1a: Heatran|Air Balloon\n|move|p1a: Heatran|Lava Plume|p2a: Gliscor\n|-damage|p2a: Gliscor|37\/100 tox\n|\n|-heal|p2a: Gliscor|49\/100 tox|[from] ability: Poison Heal\n|upkeep\n|turn|5\n|\n|t:|1699742595\n|switch|p1a: Corviknight|Corviknight, M|100\/100\n|move|p2a: Gliscor|Earthquake|p1a: Corviknight\n|-immune|p1a: Corviknight\n|\n|-heal|p2a: Gliscor|61\/100 tox|[from] ability: Poison Heal\n|upkeep\n|turn|6\n|\n|t:|1699742605\n|move|p2a: Gliscor|Swords Dance|p2a: Gliscor\n|-boost|p2a: Gliscor|atk|2\n|move|p1a: Corviknight|Brave Bird|p2a: Gliscor\n|-damage|p2a: Gliscor|26\/100 tox\n|-damage|p1a: Corviknight|92\/100|[from] Recoil\n|\n|-heal|p1a: Corviknight|98\/100|[from] item: Leftovers\n|-heal|p2a: Gliscor|38\/100 tox|[from] ability: Poison Heal\n|upkeep\n|turn|7\n|\n|t:|1699742616\n|move|p2a: Gliscor|Brick Break|p1a: Corviknight\n|-damage|p1a: Corviknight|63\/100\n|move|p1a: Corviknight|Brave Bird|p2a: Gliscor\n|-damage|p2a: Gliscor|0 fnt\n|faint|p2a: Gliscor\n|-damage|p1a: Corviknight|54\/100|[from] Recoil\n|\n|-heal|p1a: Corviknight|60\/100|[from] item: Leftovers\n|upkeep\n|\n|t:|1699742636\n|switch|p2a: Cinderace|Cinderace, F, shiny|100\/100\n|turn|8\n|\n|t:|1699742641\n|switch|p1a: Heatran|Heatran, F|27\/100\n|move|p2a: Cinderace|Pyro Ball|p1a: Heatran\n|-start|p1a: Heatran|ability: Flash Fire\n|\n|upkeep\n|turn|9\n|\n|t:|1699742649\n|move|p2a: Cinderace|High Jump Kick|p1a: Heatran\n|-start|p2a: Cinderace|typechange|Fighting|[from] ability: Libero\n|-supereffective|p1a: Heatran\n|-damage|p1a: Heatran|0 fnt\n|faint|p1a: Heatran\n|\n|upkeep\n|\n|t:|1699742656\n|switch|p1a: Corviknight|Corviknight, M|60\/100\n|turn|10\n|\n|t:|1699742662\n|switch|p2a: Ninetales|Ninetales-Alola, M|100\/100\n|-weather|Snow|[from] ability: Snow Warning|[of] p2a: Ninetales\n|move|p1a: Corviknight|Brave Bird|p2a: Ninetales\n|-damage|p2a: Ninetales|64\/100\n|-damage|p1a: Corviknight|44\/100|[from] item: Rocky Helmet|[of] p2a: Ninetales\n|-damage|p1a: Corviknight|35\/100|[from] Recoil\n|\n|-weather|Snow|[upkeep]\n|-heal|p1a: Corviknight|41\/100|[from] item: Leftovers\n|upkeep\n|turn|11\n|\n|t:|1699742675\n|move|p2a: Ninetales|Aurora Veil|p2a: Ninetales\n|-sidestart|p2: nutzoo|move: Aurora Veil\n|move|p1a: Corviknight|Iron Head|p2a: Ninetales\n|-supereffective|p2a: Ninetales\n|-damage|p2a: Ninetales|13\/100\n|-damage|p1a: Corviknight|25\/100|[from] item: Rocky Helmet|[of] p2a: Ninetales\n|\n|-weather|Snow|[upkeep]\n|-heal|p1a: Corviknight|31\/100|[from] item: Leftovers\n|upkeep\n|turn|12\n|\n|t:|1699742684\n|move|p2a: Ninetales|Ice Beam|p1a: Corviknight\n|-damage|p1a: Corviknight|0 fnt\n|faint|p1a: Corviknight\n|\n|-weather|Snow|[upkeep]\n|upkeep\n|\n|t:|1699742690\n|switch|p1a: Garganacl|Garganacl, F|100\/100\n|turn|13\n|\n|t:|1699742693\n|move|p2a: Ninetales|Ice Beam|p1a: Garganacl\n|-damage|p1a: Garganacl|77\/100\n|move|p1a: Garganacl|Salt Cure|p2a: Ninetales\n|-supereffective|p2a: Ninetales\n|-damage|p2a: Ninetales|0 fnt\n|faint|p2a: Ninetales\n|\n|-weather|Snow|[upkeep]\n|-heal|p1a: Garganacl|83\/100|[from] item: Leftovers\n|upkeep\n|\n|t:|1699742710\n|switch|p2a: Cinderace|Cinderace, F, shiny|100\/100\n|turn|14\n|\n|t:|1699742715\n|-terastallize|p1a: Garganacl|Water\n|move|p2a: Cinderace|High Jump Kick|p1a: Garganacl\n|-start|p2a: Cinderace|typechange|Fighting|[from] ability: Libero\n|-crit|p1a: Garganacl\n|-damage|p1a: Garganacl|25\/100\n|move|p1a: Garganacl|Recover|p1a: Garganacl\n|-heal|p1a: Garganacl|75\/100\n|\n|-weather|none\n|-heal|p1a: Garganacl|81\/100|[from] item: Leftovers\n|upkeep\n|turn|15\n|\n|t:|1699742733\n|move|p2a: Cinderace|Gunk Shot|p1a: Garganacl\n|-damage|p1a: Garganacl|55\/100\n|move|p1a: Garganacl|Iron Defense|p1a: Garganacl\n|-boost|p1a: Garganacl|def|2\n|\n|-heal|p1a: Garganacl|61\/100|[from] item: Leftovers\n|-sideend|p2: nutzoo|move: Aurora Veil\n|upkeep\n|turn|16\n|\n|t:|1699742744\n|switch|p2a: Ribombee|Ribombee, F|100\/100\n|move|p1a: Garganacl|Salt Cure|p2a: Ribombee\n|-supereffective|p2a: Ribombee\n|-damage|p2a: Ribombee|42\/100\n|\n|-heal|p1a: Garganacl|67\/100|[from] item: Leftovers\n|upkeep\n|turn|17\n|\n|t:|1699742761\n|move|p2a: Ribombee|Bug Buzz|p1a: Garganacl\n|-damage|p1a: Garganacl|40\/100\n|-unboost|p1a: Garganacl|spd|1\n|move|p1a: Garganacl|Salt Cure|p2a: Ribombee\n|-supereffective|p2a: Ribombee\n|-damage|p2a: Ribombee|0 fnt\n|faint|p2a: Ribombee\n|\n|-heal|p1a: Garganacl|46\/100|[from] item: Leftovers\n|upkeep\n|\n|t:|1699742771\n|switch|p2a: Cinderace|Cinderace, F, shiny|100\/100\n|turn|18\n|\n|t:|1699742776\n|move|p2a: Cinderace|Gunk Shot|p1a: Garganacl\n|-start|p2a: Cinderace|typechange|Poison|[from] ability: Libero\n|-damage|p1a: Garganacl|26\/100\n|move|p1a: Garganacl|Recover|p1a: Garganacl\n|-heal|p1a: Garganacl|76\/100\n|\n|-heal|p1a: Garganacl|82\/100|[from] item: Leftovers\n|upkeep\n|turn|19\n|\n|t:|1699742786\n|move|p2a: Cinderace|Gunk Shot|p1a: Garganacl\n|-damage|p1a: Garganacl|61\/100\n|move|p1a: Garganacl|Salt Cure|p2a: Cinderace\n|-damage|p2a: Cinderace|80\/100\n|-start|p2a: Cinderace|Salt Cure\n|\n|-heal|p1a: Garganacl|67\/100|[from] item: Leftovers\n|-damage|p2a: Cinderace|67\/100|[from] Salt Cure\n|upkeep\n|turn|20\n|\n|t:|1699742795\n|move|p2a: Cinderace|Gunk Shot|p1a: Garganacl|[miss]\n|-miss|p2a: Cinderace|p1a: Garganacl\n|move|p1a: Garganacl|Recover|p1a: Garganacl\n|-heal|p1a: Garganacl|100\/100\n|\n|-damage|p2a: Cinderace|55\/100|[from] Salt Cure\n|upkeep\n|turn|21\n|\n|t:|1699742803\n|move|p2a: Cinderace|Gunk Shot|p1a: Garganacl\n|-crit|p1a: Garganacl\n|-damage|p1a: Garganacl|37\/100\n|move|p1a: Garganacl|Iron Defense|p1a: Garganacl\n|-boost|p1a: Garganacl|def|2\n|\n|-heal|p1a: Garganacl|43\/100|[from] item: Leftovers\n|-damage|p2a: Cinderace|43\/100|[from] Salt Cure\n|upkeep\n|turn|22\n|\n|t:|1699742813\n|move|p2a: Cinderace|Gunk Shot|p1a: Garganacl\n|-damage|p1a: Garganacl|29\/100\n|move|p1a: Garganacl|Recover|p1a: Garganacl\n|-heal|p1a: Garganacl|79\/100\n|\n|-heal|p1a: Garganacl|85\/100|[from] item: Leftovers\n|-damage|p2a: Cinderace|30\/100|[from] Salt Cure\n|upkeep\n|turn|23\n|\n|t:|1699742823\n|move|p2a: Cinderace|Gunk Shot|p1a: Garganacl\n|-damage|p1a: Garganacl|72\/100\n|move|p1a: Garganacl|Iron Defense|p1a: Garganacl\n|-boost|p1a: Garganacl|def|2\n|\n|-heal|p1a: Garganacl|78\/100|[from] item: Leftovers\n|-damage|p2a: Cinderace|18\/100|[from] Salt Cure\n|upkeep\n|turn|24\n|\n|t:|1699742838\n|move|p2a: Cinderace|Gunk Shot|p1a: Garganacl\n|-damage|p1a: Garganacl|68\/100\n|move|p1a: Garganacl|Recover|p1a: Garganacl\n|-heal|p1a: Garganacl|100\/100\n|\n|-damage|p2a: Cinderace|6\/100|[from] Salt Cure\n|upkeep\n|turn|25\n|\n|t:|1699742846\n|switch|p2a: Ambipom|Ambipom, M, shiny|100\/100\n|move|p1a: Garganacl|Salt Cure|p2a: Ambipom\n|-damage|p2a: Ambipom|80\/100\n|-start|p2a: Ambipom|Salt Cure\n|\n|-damage|p2a: Ambipom|67\/100|[from] Salt Cure\n|upkeep\n|turn|26\n|\n|t:|1699742854\n|move|p2a: Ambipom|Fake Out|p1a: Garganacl\n|-damage|p1a: Garganacl|95\/100\n|-damage|p2a: Ambipom|57\/100|[from] item: Life Orb\n|cant|p1a: Garganacl|flinch\n|\n|-heal|p1a: Garganacl|100\/100|[from] item: Leftovers\n|-damage|p2a: Ambipom|45\/100|[from] Salt Cure\n|upkeep\n|turn|27\n|\n|t:|1699742864\n|move|p2a: Ambipom|Last Resort|p1a: Garganacl\n|-crit|p1a: Garganacl\n|-damage|p1a: Garganacl|26\/100\n|-damage|p2a: Ambipom|35\/100|[from] item: Life Orb\n|move|p1a: Garganacl|Body Press|p2a: Ambipom\n|-supereffective|p2a: Ambipom\n|-damage|p2a: Ambipom|0 fnt\n|faint|p2a: Ambipom\n|\n|-heal|p1a: Garganacl|32\/100|[from] item: Leftovers\n|upkeep\n|\n|t:|1699742876\n|switch|p2a: Cinderace|Cinderace, F, shiny|6\/100\n|turn|28\n|\n|t:|1699742880\n|move|p2a: Cinderace|High Jump Kick|p1a: Garganacl\n|-start|p2a: Cinderace|typechange|Fighting|[from] ability: Libero\n|-damage|p1a: Garganacl|22\/100\n|move|p1a: Garganacl|Recover|p1a: Garganacl\n|-heal|p1a: Garganacl|72\/100\n|\n|-heal|p1a: Garganacl|78\/100|[from] item: Leftovers\n|upkeep\n|turn|29\n|\n|t:|1699742891\n|move|p2a: Cinderace|Pyro Ball|p1a: Garganacl\n|-resisted|p1a: Garganacl\n|-damage|p1a: Garganacl|75\/100\n|move|p1a: Garganacl|Recover|p1a: Garganacl\n|-heal|p1a: Garganacl|100\/100\n|\n|upkeep\n|turn|30\n|\n|t:|1699742899\n|move|p2a: Cinderace|Pyro Ball|p1a: Garganacl\n|-resisted|p1a: Garganacl\n|-damage|p1a: Garganacl|97\/100\n|move|p1a: Garganacl|Salt Cure|p2a: Cinderace\n|-resisted|p2a: Cinderace\n|-damage|p2a: Cinderace|0 fnt\n|faint|p2a: Cinderace\n|\n|-heal|p1a: Garganacl|100\/100|[from] item: Leftovers\n|upkeep\n|\n|t:|1699742903\n|switch|p2a: Dragonite|Dragonite, F|100\/100\n|turn|31\n|\n|t:|1699742911\n|-terastallize|p2a: Dragonite|Normal\n|move|p2a: Dragonite|Dragon Dance|p2a: Dragonite\n|-boost|p2a: Dragonite|atk|1\n|-boost|p2a: Dragonite|spe|1\n|move|p1a: Garganacl|Salt Cure|p2a: Dragonite\n|-damage|p2a: Dragonite|93\/100\n|-start|p2a: Dragonite|Salt Cure\n|\n|-heal|p2a: Dragonite|99\/100|[from] item: Leftovers\n|-damage|p2a: Dragonite|87\/100|[from] Salt Cure\n|upkeep\n|turn|32\n|\n|t:|1699742923\n|move|p2a: Dragonite|Dragon Dance|p2a: Dragonite\n|-boost|p2a: Dragonite|atk|1\n|-boost|p2a: Dragonite|spe|1\n|move|p1a: Garganacl|Body Press|p2a: Dragonite\n|-supereffective|p2a: Dragonite\n|-damage|p2a: Dragonite|0 fnt\n|faint|p2a: Dragonite\n|\n|win|VDVATSAL\n|raw|VDVATSAL's rating: 1183 &rarr; <strong>1201<\/strong><br \/>(+18 for winning)\n|raw|nutzoo's rating: 1084 &rarr; <strong>1068<\/strong><br \/>(-16 for losing)\n","uploadtime":1699742933,"views":11,"p1id":"vdvatsal","p2id":"nutzoo","formatid":"gen9ou","rating":1068,"private":0,"password":""}