{"id":"gen9ou-1992751468","p1":"Ogerponk","p2":"JustAjynx xoxo","format":"[Gen 9] OU","log":"|j|\u2606Ogerponk\n|j|\u2606JustAjynx xoxo\n|t:|1700232147\n|gametype|singles\n|player|p1|Ogerponk|erika|\n|player|p2|JustAjynx xoxo|nessa|\n|teamsize|p1|6\n|teamsize|p2|6\n|gen|9\n|tier|[Gen 9] OU\n|rule|Sleep Clause Mod: Limit one foe put to sleep\n|rule|Species Clause: Limit one of each Pok\u00e9mon\n|rule|OHKO Clause: OHKO moves are banned\n|rule|Evasion Items Clause: Evasion items are banned\n|rule|Evasion Moves Clause: Evasion moves are banned\n|rule|Endless Battle Clause: Forcing endless battles is banned\n|rule|HP Percentage Mod: HP is shown in percentages\n|clearpoke\n|poke|p1|Alomomola, M|\n|poke|p1|Medicham, F|\n|poke|p1|Scyther, M|\n|poke|p1|Goodra-Hisui, F|\n|poke|p1|Gallade, M|\n|poke|p1|Kleavor, F|\n|poke|p2|Slowking-Galar, F|\n|poke|p2|Toxapex, F|\n|poke|p2|Shiftry, F|\n|poke|p2|Wo-Chien|\n|poke|p2|Hawlucha, M|\n|poke|p2|Persian, M|\n|teampreview\n|c|\u2606Ogerponk|neat\n|\n|t:|1700232166\n|start\n|switch|p1a: Kleavor|Kleavor, F|100\/100\n|switch|p2a: Persian|Persian, M|100\/100\n|turn|1\n|\n|t:|1700232171\n|move|p2a: Persian|Hypnosis|p1a: Kleavor\n|-status|p1a: Kleavor|slp|[from] move: Hypnosis\n|cant|p1a: Kleavor|slp\n|\n|upkeep\n|turn|2\n|\n|t:|1700232176\n|move|p2a: Persian|Chilling Water|p1a: Kleavor\n|-supereffective|p1a: Kleavor\n|-damage|p1a: Kleavor|46\/100 slp\n|-unboost|p1a: Kleavor|atk|1\n|cant|p1a: Kleavor|slp\n|\n|upkeep\n|turn|3\n|j| Bohbohboh\n|\n|t:|1700232180\n|move|p2a: Persian|Chilling Water|p1a: Kleavor\n|-supereffective|p1a: Kleavor\n|-damage|p1a: Kleavor|0 fnt\n|faint|p1a: Kleavor\n|\n|upkeep\n|c|\u2606Ogerponk|bruh\n|\n|t:|1700232200\n|switch|p1a: Alomomola|Alomomola, M|100\/100\n|turn|4\n|\n|t:|1700232205\n|move|p2a: Persian|Hypnosis|p1a: Alomomola\n|-status|p1a: Alomomola|slp|[from] move: Hypnosis\n|cant|p1a: Alomomola|slp\n|\n|upkeep\n|turn|5\n|\n|t:|1700232208\n|move|p2a: Persian|Nasty Plot|p2a: Persian\n|-boost|p2a: Persian|spa|2\n|-curestatus|p1a: Alomomola|slp|[msg]\n|move|p1a: Alomomola|Wish|p1a: Alomomola\n|\n|upkeep\n|turn|6\n|\n|t:|1700232212\n|move|p2a: Persian|Hyper Voice|p1a: Alomomola\n|-damage|p1a: Alomomola|42\/100\n|move|p1a: Alomomola|Flip Turn|p2a: Persian\n|-damage|p2a: Persian|67\/100\n|\n|t:|1700232216\n|switch|p1a: Scyther|Scyther, M|100\/100|[from] Flip Turn\n|\n|upkeep\n|turn|7\n|\n|t:|1700232224\n|move|p1a: Scyther|Endure|p1a: Scyther\n|-singleturn|p1a: Scyther|move: Endure\n|move|p2a: Persian|Hyper Voice|p1a: Scyther\n|-damage|p1a: Scyther|7\/100\n|-enditem|p1a: Scyther|Salac Berry|[eat]\n|-boost|p1a: Scyther|spe|1|[from] item: Salac Berry\n|\n|upkeep\n|turn|8\n|\n|t:|1700232230\n|switch|p2a: Toxapex|Toxapex, F|100\/100\n|move|p1a: Scyther|Dual Wingbeat|p2a: Toxapex\n|-crit|p2a: Toxapex\n|-damage|p2a: Toxapex|71\/100\n|-damage|p1a: Scyther|0 fnt|[from] item: Rocky Helmet|[of] p2a: Toxapex\n|faint|p1a: Scyther\n|-hitcount|p2a: Toxapex|1\n|\n|upkeep\n|\n|t:|1700232242\n|switch|p1a: Goodra|Goodra-Hisui, F|100\/100\n|turn|9\n|\n|t:|1700232248\n|switch|p2a: Wo-Chien|Wo-Chien|100\/100\n|-ability|p2a: Wo-Chien|Tablets of Ruin\n|move|p1a: Goodra|Acid Armor|p1a: Goodra\n|-boost|p1a: Goodra|def|2\n|\n|upkeep\n|turn|10\n|\n|t:|1700232255\n|move|p2a: Wo-Chien|Knock Off|p1a: Goodra\n|-damage|p1a: Goodra|89\/100\n|-enditem|p1a: Goodra|Leftovers|[from] move: Knock Off|[of] p2a: Wo-Chien\n|move|p1a: Goodra|Body Press|p2a: Wo-Chien\n|-supereffective|p2a: Wo-Chien\n|-damage|p2a: Wo-Chien|40\/100\n|\n|-heal|p2a: Wo-Chien|46\/100|[from] item: Leftovers\n|upkeep\n|turn|11\n|\n|t:|1700232265\n|move|p2a: Wo-Chien|Ruination|p1a: Goodra\n|-damage|p1a: Goodra|45\/100\n|move|p1a: Goodra|Acid Armor|p1a: Goodra\n|-boost|p1a: Goodra|def|2\n|\n|-heal|p2a: Wo-Chien|52\/100|[from] item: Leftovers\n|upkeep\n|turn|12\n|\n|t:|1700232269\n|move|p2a: Wo-Chien|Ruination|p1a: Goodra|[miss]\n|-miss|p2a: Wo-Chien|p1a: Goodra\n|move|p1a: Goodra|Body Press|p2a: Wo-Chien\n|-supereffective|p2a: Wo-Chien\n|-damage|p2a: Wo-Chien|0 fnt\n|faint|p2a: Wo-Chien\n|\n|upkeep\n|\n|t:|1700232281\n|switch|p2a: Slowking|Slowking-Galar, F|100\/100\n|turn|13\n|\n|t:|1700232284\n|move|p1a: Goodra|Rest|p1a: Goodra\n|-status|p1a: Goodra|slp|[from] move: Rest\n|-heal|p1a: Goodra|100\/100 slp|[silent]\n|move|p2a: Slowking|Iron Defense|p2a: Slowking\n|-boost|p2a: Slowking|def|2\n|\n|upkeep\n|turn|14\n|\n|t:|1700232289\n|cant|p1a: Goodra|slp\n|move|p2a: Slowking|Iron Defense|p2a: Slowking\n|-boost|p2a: Slowking|def|2\n|\n|upkeep\n|turn|15\n|\n|t:|1700232291\n|cant|p1a: Goodra|slp\n|move|p2a: Slowking|Calm Mind|p2a: Slowking\n|-boost|p2a: Slowking|spa|1\n|-boost|p2a: Slowking|spd|1\n|\n|upkeep\n|turn|16\n|\n|t:|1700232294\n|-curestatus|p1a: Goodra|slp|[msg]\n|move|p1a: Goodra|Acid Armor|p1a: Goodra\n|-boost|p1a: Goodra|def|2\n|move|p2a: Slowking|Calm Mind|p2a: Slowking\n|-boost|p2a: Slowking|spa|1\n|-boost|p2a: Slowking|spd|1\n|\n|upkeep\n|turn|17\n|\n|t:|1700232297\n|move|p1a: Goodra|Body Press|p2a: Slowking\n|-resisted|p2a: Slowking\n|-damage|p2a: Slowking|95\/100\n|move|p2a: Slowking|Iron Defense|p2a: Slowking\n|-boost|p2a: Slowking|def|2\n|\n|-heal|p2a: Slowking|100\/100|[from] item: Leftovers\n|upkeep\n|turn|18\n|\n|t:|1700232300\n|move|p1a: Goodra|Ice Beam|p2a: Slowking\n|-damage|p2a: Slowking|92\/100\n|move|p2a: Slowking|Calm Mind|p2a: Slowking\n|-boost|p2a: Slowking|spa|1\n|-boost|p2a: Slowking|spd|1\n|\n|-heal|p2a: Slowking|98\/100|[from] item: Leftovers\n|upkeep\n|turn|19\n|\n|t:|1700232304\n|move|p1a: Goodra|Ice Beam|p2a: Slowking\n|-damage|p2a: Slowking|91\/100\n|move|p2a: Slowking|Calm Mind|p2a: Slowking\n|-boost|p2a: Slowking|spa|1\n|-boost|p2a: Slowking|spd|1\n|\n|-heal|p2a: Slowking|97\/100|[from] item: Leftovers\n|upkeep\n|turn|20\n|\n|t:|1700232307\n|move|p1a: Goodra|Ice Beam|p2a: Slowking\n|-damage|p2a: Slowking|92\/100\n|move|p2a: Slowking|Calm Mind|p2a: Slowking\n|-boost|p2a: Slowking|spa|1\n|-boost|p2a: Slowking|spd|1\n|\n|-heal|p2a: Slowking|98\/100|[from] item: Leftovers\n|upkeep\n|turn|21\n|\n|t:|1700232309\n|move|p1a: Goodra|Ice Beam|p2a: Slowking\n|-damage|p2a: Slowking|93\/100\n|move|p2a: Slowking|Calm Mind|p2a: Slowking\n|-boost|p2a: Slowking|spa|1\n|-boost|p2a: Slowking|spd|1\n|\n|-heal|p2a: Slowking|99\/100|[from] item: Leftovers\n|upkeep\n|turn|22\n|\n|t:|1700232313\n|move|p1a: Goodra|Ice Beam|p2a: Slowking\n|-damage|p2a: Slowking|95\/100\n|move|p2a: Slowking|Stored Power|p1a: Goodra\n|-resisted|p1a: Goodra\n|-damage|p1a: Goodra|0 fnt\n|faint|p1a: Goodra\n|\n|-heal|p2a: Slowking|100\/100|[from] item: Leftovers\n|upkeep\n|\n|t:|1700232321\n|switch|p1a: Medicham|Medicham, F|100\/100\n|turn|23\n|\n|t:|1700232324\n|move|p1a: Medicham|Zen Headbutt|p2a: Slowking\n|-damage|p2a: Slowking|89\/100\n|move|p2a: Slowking|Stored Power|p1a: Medicham\n|-enditem|p1a: Medicham|Focus Sash\n|-damage|p1a: Medicham|1\/100\n|\n|-heal|p2a: Slowking|95\/100|[from] item: Leftovers\n|upkeep\n|turn|24\n|\n|t:|1700232328\n|move|p1a: Medicham|Zen Headbutt|p2a: Slowking\n|-damage|p2a: Slowking|83\/100\n|move|p2a: Slowking|Stored Power|p1a: Medicham\n|-damage|p1a: Medicham|0 fnt\n|faint|p1a: Medicham\n|\n|-heal|p2a: Slowking|89\/100|[from] item: Leftovers\n|upkeep\n|\n|t:|1700232335\n|switch|p1a: Gallade|Gallade, M|100\/100\n|turn|25\n|\n|t:|1700232340\n|move|p1a: Gallade|Psycho Cut|p2a: Slowking\n|-damage|p2a: Slowking|77\/100\n|move|p2a: Slowking|Stored Power|p1a: Gallade\n|-enditem|p1a: Gallade|Focus Sash\n|-damage|p1a: Gallade|1\/100\n|\n|-heal|p2a: Slowking|83\/100|[from] item: Leftovers\n|upkeep\n|turn|26\n|\n|t:|1700232342\n|move|p1a: Gallade|Sacred Sword|p2a: Slowking\n|-resisted|p2a: Slowking\n|-damage|p2a: Slowking|68\/100\n|move|p2a: Slowking|Stored Power|p1a: Gallade\n|-damage|p1a: Gallade|0 fnt\n|faint|p1a: Gallade\n|\n|-heal|p2a: Slowking|74\/100|[from] item: Leftovers\n|upkeep\n|\n|t:|1700232345\n|switch|p1a: Alomomola|Alomomola, M|75\/100\n|turn|27\n|\n|t:|1700232347\n|move|p2a: Slowking|Stored Power|p1a: Alomomola\n|-damage|p1a: Alomomola|0 fnt\n|faint|p1a: Alomomola\n|\n|win|JustAjynx xoxo\n|c|\u2606JustAjynx xoxo|gg\n","uploadtime":1700232353,"views":45,"p1id":"ogerponk","p2id":"justajynxxoxo","formatid":"gen9ou","rating":0,"private":0,"password":""}