{"id":"gen9ou-1991322892","p1":"trialteam98","p2":"InstructorJay","format":"[Gen 9] OU","log":"|j|\u2606trialteam98\n|j|\u2606InstructorJay\n|t:|1700067522\n|gametype|singles\n|player|p1|trialteam98|lady-gen4|1245\n|player|p2|InstructorJay|266|1159\n|teamsize|p1|6\n|teamsize|p2|6\n|gen|9\n|tier|[Gen 9] OU\n|rated|\n|rule|Sleep Clause Mod: Limit one foe put to sleep\n|rule|Species Clause: Limit one of each Pok\u00e9mon\n|rule|OHKO Clause: OHKO moves are banned\n|rule|Evasion Items Clause: Evasion items are banned\n|rule|Evasion Moves Clause: Evasion moves are banned\n|rule|Endless Battle Clause: Forcing endless battles is banned\n|rule|HP Percentage Mod: HP is shown in percentages\n|clearpoke\n|poke|p1|Skeledirge, M|\n|poke|p1|Hippowdon, M|\n|poke|p1|Hatterene, F|\n|poke|p1|Blissey, F|\n|poke|p1|Chansey, F|\n|poke|p1|Clefable, M|\n|poke|p2|Ninetales-Alola, F|\n|poke|p2|Slowking-Galar, M|\n|poke|p2|Mandibuzz, F|\n|poke|p2|Gholdengo|\n|poke|p2|Cetitan, M|\n|poke|p2|Dondozo, M|\n|teampreview\n|\n|t:|1700067533\n|start\n|switch|p1a: Blissey|Blissey, F|100\/100\n|switch|p2a: Ninetales|Ninetales-Alola, F|100\/100\n|-weather|Snow|[from] ability: Snow Warning|[of] p2a: Ninetales\n|turn|1\n|inactive|Battle timer is ON: inactive players will automatically lose when time's up. (requested by trialteam98)\n|\n|t:|1700067544\n|switch|p1a: Hippowdon|Hippowdon, M|100\/100\n|-weather|Sandstorm|[from] ability: Sand Stream|[of] p1a: Hippowdon\n|move|p2a: Ninetales|Aurora Veil||[still]\n|-fail|p2a: Ninetales\n|\n|-weather|Sandstorm|[upkeep]\n|-damage|p2a: Ninetales|94\/100|[from] Sandstorm\n|upkeep\n|turn|2\n|\n|t:|1700067553\n|switch|p2a: Slowking|Slowking-Galar, M|100\/100\n|move|p1a: Hippowdon|Stealth Rock|p2a: Slowking\n|-sidestart|p2: InstructorJay|move: Stealth Rock\n|\n|-weather|Sandstorm|[upkeep]\n|-damage|p2a: Slowking|94\/100|[from] Sandstorm\n|-heal|p2a: Slowking|100\/100|[from] item: Black Sludge\n|upkeep\n|turn|3\n|\n|t:|1700067570\n|switch|p1a: Hatterene|Hatterene, F|100\/100\n|move|p2a: Slowking|Chilly Reception|p2a: Slowking\n|-weather|Snow\n|\n|t:|1700067572\n|switch|p2a: Ninetales|Ninetales-Alola, F|94\/100|[from] Chilly Reception\n|-damage|p2a: Ninetales|70\/100|[from] Stealth Rock\n|\n|-weather|Snow|[upkeep]\n|upkeep\n|turn|4\n|\n|t:|1700067576\n|switch|p1a: Hippowdon|Hippowdon, M|100\/100\n|-weather|Sandstorm|[from] ability: Sand Stream|[of] p1a: Hippowdon\n|move|p2a: Ninetales|Aurora Veil||[still]\n|-fail|p2a: Ninetales\n|\n|-weather|Sandstorm|[upkeep]\n|-damage|p2a: Ninetales|64\/100|[from] Sandstorm\n|upkeep\n|turn|5\n|\n|t:|1700067581\n|switch|p2a: Slowking|Slowking-Galar, M|100\/100\n|-damage|p2a: Slowking|88\/100|[from] Stealth Rock\n|move|p1a: Hippowdon|Roar|p2a: Slowking\n|drag|p2a: Cetitan|Cetitan, M|100\/100\n|-damage|p2a: Cetitan|76\/100|[from] Stealth Rock\n|\n|-weather|Sandstorm|[upkeep]\n|-damage|p2a: Cetitan|69\/100|[from] Sandstorm\n|upkeep\n|turn|6\n|\n|t:|1700067591\n|move|p2a: Cetitan|Icicle Crash|p1a: Hippowdon\n|-supereffective|p1a: Hippowdon\n|-damage|p1a: Hippowdon|36\/100\n|move|p1a: Hippowdon|Roar|p2a: Cetitan\n|drag|p2a: Dondozo|Dondozo, M|100\/100\n|-damage|p2a: Dondozo|88\/100|[from] Stealth Rock\n|\n|-weather|Sandstorm|[upkeep]\n|-damage|p2a: Dondozo|82\/100|[from] Sandstorm\n|-heal|p1a: Hippowdon|42\/100|[from] item: Leftovers\n|-heal|p2a: Dondozo|88\/100|[from] item: Leftovers\n|upkeep\n|turn|7\n|\n|t:|1700067602\n|switch|p1a: Chansey|Chansey, F|100\/100\n|move|p2a: Dondozo|Liquidation|p1a: Chansey\n|-damage|p1a: Chansey|83\/100\n|\n|-weather|Sandstorm|[upkeep]\n|-damage|p1a: Chansey|76\/100|[from] Sandstorm\n|-damage|p2a: Dondozo|82\/100|[from] Sandstorm\n|-heal|p2a: Dondozo|88\/100|[from] item: Leftovers\n|upkeep\n|turn|8\n|\n|t:|1700067608\n|move|p1a: Chansey|Thunder Wave|p2a: Dondozo\n|-status|p2a: Dondozo|par\n|cant|p2a: Dondozo|par\n|\n|-weather|none\n|-heal|p2a: Dondozo|94\/100 par|[from] item: Leftovers\n|upkeep\n|turn|9\n|\n|t:|1700067623\n|move|p1a: Chansey|Shadow Ball|p2a: Dondozo\n|-damage|p2a: Dondozo|86\/100 par\n|cant|p2a: Dondozo|par\n|\n|-heal|p2a: Dondozo|92\/100 par|[from] item: Leftovers\n|upkeep\n|turn|10\n|\n|t:|1700067630\n|move|p1a: Chansey|Shadow Ball|p2a: Dondozo\n|-crit|p2a: Dondozo\n|-damage|p2a: Dondozo|80\/100 par\n|-unboost|p2a: Dondozo|spd|1\n|move|p2a: Dondozo|Curse|p2a: Dondozo\n|-unboost|p2a: Dondozo|spe|1\n|-boost|p2a: Dondozo|atk|1\n|-boost|p2a: Dondozo|def|1\n|\n|-heal|p2a: Dondozo|86\/100 par|[from] item: Leftovers\n|upkeep\n|turn|11\n|\n|t:|1700067644\n|switch|p1a: Skeledirge|Skeledirge, M|100\/100\n|cant|p2a: Dondozo|par\n|\n|-heal|p2a: Dondozo|92\/100 par|[from] item: Leftovers\n|upkeep\n|turn|12\n|\n|t:|1700067653\n|move|p1a: Skeledirge|Hex|p2a: Dondozo\n|-damage|p2a: Dondozo|26\/100 par\n|move|p2a: Dondozo|Curse|p2a: Dondozo\n|-unboost|p2a: Dondozo|spe|1\n|-boost|p2a: Dondozo|atk|1\n|-boost|p2a: Dondozo|def|1\n|\n|-heal|p2a: Dondozo|33\/100 par|[from] item: Leftovers\n|upkeep\n|turn|13\n|\n|t:|1700067658\n|move|p1a: Skeledirge|Hex|p2a: Dondozo\n|-damage|p2a: Dondozo|0 fnt\n|faint|p2a: Dondozo\n|\n|upkeep\n|\n|t:|1700067667\n|switch|p2a: Ninetales|Ninetales-Alola, F|64\/100\n|-damage|p2a: Ninetales|39\/100|[from] Stealth Rock\n|-weather|Snow|[from] ability: Snow Warning|[of] p2a: Ninetales\n|turn|14\n|\n|t:|1700067674\n|switch|p1a: Hippowdon|Hippowdon, M|42\/100\n|-weather|Sandstorm|[from] ability: Sand Stream|[of] p1a: Hippowdon\n|move|p2a: Ninetales|Moonblast|p1a: Hippowdon\n|-damage|p1a: Hippowdon|11\/100\n|\n|-weather|Sandstorm|[upkeep]\n|-damage|p2a: Ninetales|33\/100|[from] Sandstorm\n|-heal|p1a: Hippowdon|18\/100|[from] item: Leftovers\n|upkeep\n|turn|15\n|\n|t:|1700067684\n|switch|p1a: Blissey|Blissey, F|100\/100\n|move|p2a: Ninetales|Moonblast|p1a: Blissey\n|-damage|p1a: Blissey|91\/100\n|-unboost|p1a: Blissey|spa|1\n|\n|-weather|Sandstorm|[upkeep]\n|-damage|p2a: Ninetales|27\/100|[from] Sandstorm\n|-damage|p1a: Blissey|85\/100|[from] Sandstorm\n|-heal|p1a: Blissey|91\/100|[from] item: Leftovers\n|upkeep\n|turn|16\n|\n|t:|1700067690\n|switch|p2a: Slowking|Slowking-Galar, M|100\/100\n|-damage|p2a: Slowking|88\/100|[from] Stealth Rock\n|move|p1a: Blissey|Shadow Ball|p2a: Slowking\n|-supereffective|p2a: Slowking\n|-damage|p2a: Slowking|76\/100\n|-unboost|p2a: Slowking|spd|1\n|\n|-weather|Sandstorm|[upkeep]\n|-damage|p1a: Blissey|85\/100|[from] Sandstorm\n|-damage|p2a: Slowking|70\/100|[from] Sandstorm\n|-heal|p1a: Blissey|91\/100|[from] item: Leftovers\n|-heal|p2a: Slowking|76\/100|[from] item: Black Sludge\n|upkeep\n|turn|17\n|\n|t:|1700067699\n|move|p1a: Blissey|Shadow Ball|p2a: Slowking\n|-supereffective|p2a: Slowking\n|-damage|p2a: Slowking|59\/100\n|-unboost|p2a: Slowking|spd|1\n|move|p2a: Slowking|Future Sight|p1a: Blissey\n|-start|p2a: Slowking|move: Future Sight\n|\n|-weather|Sandstorm|[upkeep]\n|-damage|p1a: Blissey|85\/100|[from] Sandstorm\n|-damage|p2a: Slowking|53\/100|[from] Sandstorm\n|-heal|p1a: Blissey|91\/100|[from] item: Leftovers\n|-heal|p2a: Slowking|59\/100|[from] item: Black Sludge\n|upkeep\n|turn|18\n|\n|t:|1700067707\n|move|p1a: Blissey|Shadow Ball|p2a: Slowking\n|-supereffective|p2a: Slowking\n|-damage|p2a: Slowking|36\/100\n|move|p2a: Slowking|Slack Off|p2a: Slowking\n|-heal|p2a: Slowking|86\/100\n|\n|-weather|none\n|-heal|p1a: Blissey|97\/100|[from] item: Leftovers\n|-heal|p2a: Slowking|92\/100|[from] item: Black Sludge\n|upkeep\n|turn|19\n|\n|t:|1700067712\n|move|p1a: Blissey|Shadow Ball|p2a: Slowking\n|-supereffective|p2a: Slowking\n|-damage|p2a: Slowking|69\/100\n|move|p2a: Slowking|Toxic|p1a: Blissey\n|-status|p1a: Blissey|tox\n|\n|-end|p1a: Blissey|move: Future Sight\n|-damage|p1a: Blissey|80\/100 tox\n|-heal|p1a: Blissey|87\/100 tox|[from] item: Leftovers\n|-heal|p2a: Slowking|75\/100|[from] item: Black Sludge\n|-damage|p1a: Blissey|80\/100 tox|[from] psn\n|upkeep\n|turn|20\n|\n|t:|1700067718\n|move|p1a: Blissey|Shadow Ball|p2a: Slowking\n|-supereffective|p2a: Slowking\n|-damage|p2a: Slowking|53\/100\n|move|p2a: Slowking|Slack Off|p2a: Slowking\n|-heal|p2a: Slowking|100\/100\n|\n|-heal|p1a: Blissey|87\/100 tox|[from] item: Leftovers\n|-damage|p1a: Blissey|74\/100 tox|[from] psn\n|upkeep\n|turn|21\n|\n|t:|1700067724\n|switch|p1a: Chansey|Chansey, F|76\/100\n|move|p2a: Slowking|Future Sight|p1a: Chansey\n|-start|p2a: Slowking|move: Future Sight\n|\n|upkeep\n|turn|22\n|\n|t:|1700067727\n|move|p1a: Chansey|Heal Bell|p1a: Chansey\n|-activate|p1a: Chansey|move: Heal Bell\n|-curestatus|p1: Blissey|tox|[msg]\n|move|p2a: Slowking|Chilly Reception|p2a: Slowking\n|-weather|Snow\n|\n|t:|1700067732\n|switch|p2a: Ninetales|Ninetales-Alola, F|27\/100|[from] Chilly Reception\n|-damage|p2a: Ninetales|2\/100|[from] Stealth Rock\n|\n|-weather|Snow|[upkeep]\n|upkeep\n|turn|23\n|\n|t:|1700067739\n|switch|p1a: Hippowdon|Hippowdon, M|18\/100\n|-weather|Sandstorm|[from] ability: Sand Stream|[of] p1a: Hippowdon\n|move|p2a: Ninetales|Moonblast|p1a: Hippowdon\n|-crit|p1a: Hippowdon\n|-damage|p1a: Hippowdon|0 fnt\n|faint|p1a: Hippowdon\n|\n|-weather|Sandstorm|[upkeep]\n|-damage|p2a: Ninetales|0 fnt|[from] Sandstorm\n|faint|p2a: Ninetales\n|-hint|Future Sight did not hit because the target is fainted.\n|upkeep\n|\n|t:|1700067751\n|switch|p2a: Mandibuzz|Mandibuzz, F|100\/100\n|switch|p1a: Blissey|Blissey, F|74\/100\n|turn|24\n|\n|t:|1700067764\n|move|p2a: Mandibuzz|Knock Off|p1a: Blissey\n|-crit|p1a: Blissey\n|-damage|p1a: Blissey|43\/100\n|-enditem|p1a: Blissey|Leftovers|[from] move: Knock Off|[of] p2a: Mandibuzz\n|move|p1a: Blissey|Thunder Wave|p2a: Mandibuzz\n|-status|p2a: Mandibuzz|par\n|\n|-weather|Sandstorm|[upkeep]\n|-damage|p1a: Blissey|37\/100|[from] Sandstorm\n|upkeep\n|turn|25\n|\n|t:|1700067772\n|move|p1a: Blissey|Soft-Boiled|p1a: Blissey\n|-heal|p1a: Blissey|87\/100\n|move|p2a: Mandibuzz|Knock Off|p1a: Blissey\n|-damage|p1a: Blissey|74\/100\n|\n|-weather|Sandstorm|[upkeep]\n|-damage|p1a: Blissey|68\/100|[from] Sandstorm\n|upkeep\n|turn|26\n|\n|t:|1700067792\n|switch|p1a: Clefable|Clefable, M|100\/100\n|move|p2a: Mandibuzz|Knock Off|p1a: Clefable\n|-resisted|p1a: Clefable\n|-damage|p1a: Clefable|88\/100\n|-enditem|p1a: Clefable|Leftovers|[from] move: Knock Off|[of] p2a: Mandibuzz\n|\n|-weather|Sandstorm|[upkeep]\n|-damage|p1a: Clefable|81\/100|[from] Sandstorm\n|upkeep\n|turn|27\n|\n|t:|1700067801\n|switch|p2a: Slowking|Slowking-Galar, M|100\/100\n|-damage|p2a: Slowking|88\/100|[from] Stealth Rock\n|move|p1a: Clefable|Moonblast|p2a: Slowking\n|-resisted|p2a: Slowking\n|-damage|p2a: Slowking|74\/100\n|-unboost|p2a: Slowking|spa|1\n|\n|-weather|none\n|-heal|p2a: Slowking|80\/100|[from] item: Black Sludge\n|upkeep\n|turn|28\n|\n|t:|1700067813\n|switch|p1a: Hatterene|Hatterene, F|100\/100\n|move|p2a: Slowking|Toxic|p1a: Hatterene\n|move|p1a: Hatterene|Toxic|p2a: Slowking|[from]ability: Magic Bounce\n|-immune|p2a: Slowking\n|\n|-heal|p2a: Slowking|87\/100|[from] item: Black Sludge\n|upkeep\n|turn|29\n|\n|t:|1700067823\n|switch|p1a: Blissey|Blissey, F|68\/100\n|move|p2a: Slowking|Chilly Reception|p2a: Slowking\n|-weather|Snow\n|\n|t:|1700067826\n|switch|p2a: Cetitan|Cetitan, M|69\/100|[from] Chilly Reception\n|-damage|p2a: Cetitan|44\/100|[from] Stealth Rock\n|\n|-weather|Snow|[upkeep]\n|upkeep\n|turn|30\n|\n|t:|1700067837\n|switch|p1a: Skeledirge|Skeledirge, M|100\/100\n|move|p2a: Cetitan|Icicle Crash|p1a: Skeledirge\n|-resisted|p1a: Skeledirge\n|-damage|p1a: Skeledirge|73\/100\n|\n|-weather|Snow|[upkeep]\n|-heal|p1a: Skeledirge|79\/100|[from] item: Leftovers\n|upkeep\n|turn|31\n|\n|t:|1700067854\n|switch|p2a: Slowking|Slowking-Galar, M|100\/100\n|-damage|p2a: Slowking|88\/100|[from] Stealth Rock\n|move|p1a: Skeledirge|Torch Song|p2a: Slowking\n|-damage|p2a: Slowking|66\/100\n|-boost|p1a: Skeledirge|spa|1\n|\n|-weather|Snow|[upkeep]\n|-heal|p1a: Skeledirge|85\/100|[from] item: Leftovers\n|-heal|p2a: Slowking|72\/100|[from] item: Black Sludge\n|upkeep\n|turn|32\n|\n|t:|1700067870\n|move|p1a: Skeledirge|Earth Power|p2a: Slowking\n|-supereffective|p2a: Slowking\n|-damage|p2a: Slowking|21\/100\n|move|p2a: Slowking|Toxic|p1a: Skeledirge\n|-status|p1a: Skeledirge|tox\n|\n|-weather|Snow|[upkeep]\n|-heal|p1a: Skeledirge|91\/100 tox|[from] item: Leftovers\n|-heal|p2a: Slowking|27\/100|[from] item: Black Sludge\n|-damage|p1a: Skeledirge|85\/100 tox|[from] psn\n|upkeep\n|turn|33\n|\n|t:|1700067875\n|switch|p2a: Mandibuzz|Mandibuzz, F|100\/100 par\n|move|p1a: Skeledirge|Earth Power|p2a: Mandibuzz\n|-immune|p2a: Mandibuzz\n|\n|-weather|none\n|-heal|p1a: Skeledirge|91\/100 tox|[from] item: Leftovers\n|-damage|p1a: Skeledirge|79\/100 tox|[from] psn\n|upkeep\n|turn|34\n|\n|t:|1700067880\n|switch|p1a: Chansey|Chansey, F|76\/100\n|cant|p2a: Mandibuzz|par\n|\n|upkeep\n|turn|35\n|\n|t:|1700067885\n|move|p1a: Chansey|Heal Bell|p1a: Chansey\n|-activate|p1a: Chansey|move: Heal Bell\n|-curestatus|p1: Skeledirge|tox|[msg]\n|cant|p2a: Mandibuzz|par\n|\n|upkeep\n|turn|36\n|\n|t:|1700067892\n|switch|p1a: Clefable|Clefable, M|81\/100\n|move|p2a: Mandibuzz|Knock Off|p1a: Clefable\n|-resisted|p1a: Clefable\n|-crit|p1a: Clefable\n|-damage|p1a: Clefable|68\/100\n|\n|upkeep\n|turn|37\n|\n|t:|1700067896\n|switch|p2a: Slowking|Slowking-Galar, M|60\/100\n|-damage|p2a: Slowking|48\/100|[from] Stealth Rock\n|move|p1a: Clefable|Moonblast|p2a: Slowking\n|-resisted|p2a: Slowking\n|-damage|p2a: Slowking|35\/100\n|\n|-heal|p2a: Slowking|41\/100|[from] item: Black Sludge\n|upkeep\n|turn|38\n|\n|t:|1700067906\n|switch|p1a: Hatterene|Hatterene, F|100\/100\n|move|p2a: Slowking|Slack Off|p2a: Slowking\n|-heal|p2a: Slowking|91\/100\n|\n|-heal|p2a: Slowking|97\/100|[from] item: Black Sludge\n|upkeep\n|turn|39\n|\n|t:|1700067912\n|switch|p1a: Skeledirge|Skeledirge, M|79\/100\n|move|p2a: Slowking|Chilly Reception|p2a: Slowking\n|-weather|Snow\n|\n|t:|1700067915\n|switch|p2a: Cetitan|Cetitan, M|44\/100|[from] Chilly Reception\n|-damage|p2a: Cetitan|19\/100|[from] Stealth Rock\n|\n|-weather|Snow|[upkeep]\n|-heal|p1a: Skeledirge|85\/100|[from] item: Leftovers\n|upkeep\n|turn|40\n|\n|t:|1700067926\n|switch|p1a: Chansey|Chansey, F|76\/100\n|move|p2a: Cetitan|Earthquake|p1a: Chansey\n|-damage|p1a: Chansey|43\/100\n|\n|-weather|Snow|[upkeep]\n|upkeep\n|turn|41\n|\n|t:|1700067929\n|move|p2a: Cetitan|Earthquake|p1a: Chansey\n|-damage|p1a: Chansey|10\/100\n|move|p1a: Chansey|Soft-Boiled|p1a: Chansey\n|-heal|p1a: Chansey|60\/100\n|\n|-weather|Snow|[upkeep]\n|upkeep\n|turn|42\n|\n|t:|1700067934\n|switch|p2a: Gholdengo|Gholdengo|100\/100\n|-damage|p2a: Gholdengo|94\/100|[from] Stealth Rock\n|-item|p2a: Gholdengo|Air Balloon\n|move|p1a: Chansey|Soft-Boiled|p1a: Chansey\n|-heal|p1a: Chansey|100\/100\n|\n|-weather|Snow|[upkeep]\n|upkeep\n|turn|43\n|\n|t:|1700067938\n|move|p2a: Gholdengo|Nasty Plot|p2a: Gholdengo\n|-boost|p2a: Gholdengo|spa|2\n|move|p1a: Chansey|Shadow Ball|p2a: Gholdengo\n|-supereffective|p2a: Gholdengo\n|-damage|p2a: Gholdengo|73\/100\n|-unboost|p2a: Gholdengo|spd|1\n|-enditem|p2a: Gholdengo|Air Balloon\n|\n|-weather|none\n|upkeep\n|turn|44\n|\n|t:|1700067948\n|move|p2a: Gholdengo|Make It Rain|p1a: Chansey\n|-damage|p1a: Chansey|64\/100\n|-unboost|p2a: Gholdengo|spa|1\n|move|p1a: Chansey|Shadow Ball|p2a: Gholdengo\n|-supereffective|p2a: Gholdengo\n|-damage|p2a: Gholdengo|42\/100\n|\n|upkeep\n|turn|45\n|-message|InstructorJay forfeited.\n|\n|win|trialteam98\n|raw|trialteam98's rating: 1245 &rarr; <strong>1264<\/strong><br \/>(+19 for winning)\n|raw|InstructorJay's rating: 1159 &rarr; <strong>1140<\/strong><br \/>(-19 for losing)\n|l|\u2606InstructorJay\n","uploadtime":1700067958,"views":7,"p1id":"trialteam98","p2id":"instructorjay","formatid":"gen9ou","rating":1140,"private":0,"password":""}