{"id":"gen9ou-1995143356","p1":"mikejohns","p2":"temujin142857","format":"[Gen 9] OU","log":"|j|\u2606mikejohns\n|j|\u2606temujin142857\n|t:|1700527408\n|gametype|singles\n|player|p1|mikejohns|volkner|1585\n|player|p2|temujin142857|265|1538\n|teamsize|p1|6\n|teamsize|p2|6\n|gen|9\n|tier|[Gen 9] OU\n|rated|\n|rule|Sleep Clause Mod: Limit one foe put to sleep\n|rule|Species Clause: Limit one of each Pok\u00e9mon\n|rule|OHKO Clause: OHKO moves are banned\n|rule|Evasion Items Clause: Evasion items are banned\n|rule|Evasion Moves Clause: Evasion moves are banned\n|rule|Endless Battle Clause: Forcing endless battles is banned\n|rule|HP Percentage Mod: HP is shown in percentages\n|clearpoke\n|poke|p1|Great Tusk|\n|poke|p1|Zapdos|\n|poke|p1|Slowking-Galar, M|\n|poke|p1|Kingambit, F|\n|poke|p1|Weavile, F|\n|poke|p1|Alomomola, F|\n|poke|p2|Alomomola, F|\n|poke|p2|Kingambit, F|\n|poke|p2|Cinderace, M|\n|poke|p2|Tsareena, F|\n|poke|p2|Dragapult, M|\n|poke|p2|Clodsire, M|\n|teampreview\n|inactive|Battle timer is ON: inactive players will automatically lose when time's up. (requested by temujin142857)\n|inactive|mikejohns also wants the timer to be on.\n|inactive|temujin142857 has 120 seconds left.\n|\n|t:|1700527442\n|start\n|switch|p1a: Kingambit|Kingambit, F|100\/100\n|switch|p2a: Alomomola|Alomomola, F|100\/100\n|turn|1\n|\n|t:|1700527448\n|-end|p1a: Kingambit|fallenundefined|[silent]\n|switch|p1a: Zapdos|Zapdos|100\/100\n|move|p2a: Alomomola|Flip Turn|p1a: Zapdos\n|-damage|p1a: Zapdos|86\/100\n|\n|t:|1700527477\n|switch|p2a: Dragapult|Dragapult, M|100\/100|[from] Flip Turn\n|\n|upkeep\n|turn|2\n|\n|t:|1700527483\n|move|p2a: Dragapult|Draco Meteor|p1a: Zapdos\n|-damage|p1a: Zapdos|5\/100\n|-unboost|p2a: Dragapult|spa|2\n|move|p1a: Zapdos|Volt Switch|p2a: Dragapult\n|-resisted|p2a: Dragapult\n|-damage|p2a: Dragapult|81\/100\n|inactive|mikejohns has 120 seconds left.\n|\n|t:|1700527523\n|switch|p1a: Slowking|Slowking-Galar, M|100\/100|[from] Volt Switch\n|\n|upkeep\n|turn|3\n|\n|t:|1700527530\n|switch|p2a: Clodsire|Clodsire, M|100\/100\n|move|p1a: Slowking|Future Sight|p2a: Clodsire\n|-start|p1a: Slowking|move: Future Sight\n|\n|upkeep\n|turn|4\n|\n|t:|1700527544\n|move|p2a: Clodsire|Stealth Rock|p1a: Slowking\n|-sidestart|p1: mikejohns|move: Stealth Rock\n|move|p1a: Slowking|Chilly Reception|p1a: Slowking\n|-weather|Snow\n|\n|t:|1700527547\n|switch|p1a: Great Tusk|Great Tusk|100\/100|[from] Chilly Reception\n|\n|-weather|Snow|[upkeep]\n|upkeep\n|turn|5\n|\n|t:|1700527555\n|move|p1a: Great Tusk|Headlong Rush|p2a: Clodsire\n|-supereffective|p2a: Clodsire\n|-damage|p2a: Clodsire|0 fnt\n|-unboost|p1a: Great Tusk|def|1\n|-unboost|p1a: Great Tusk|spd|1\n|faint|p2a: Clodsire\n|\n|-weather|Snow|[upkeep]\n|-hint|Future Sight did not hit because the target is fainted.\n|upkeep\n|\n|t:|1700527567\n|switch|p2a: Dragapult|Dragapult, M|81\/100\n|turn|6\n|\n|t:|1700527571\n|-end|p1a: Great Tusk|Protosynthesis|[silent]\n|switch|p1a: Kingambit|Kingambit, F|100\/100\n|-damage|p1a: Kingambit|94\/100|[from] Stealth Rock\n|move|p2a: Dragapult|Draco Meteor|p1a: Kingambit\n|-resisted|p1a: Kingambit\n|-damage|p1a: Kingambit|51\/100\n|-unboost|p2a: Dragapult|spa|2\n|\n|-weather|Snow|[upkeep]\n|-heal|p1a: Kingambit|57\/100|[from] item: Leftovers\n|upkeep\n|turn|7\n|\n|t:|1700527582\n|switch|p2a: Cinderace|Cinderace, M|100\/100\n|move|p1a: Kingambit|Kowtow Cleave|p2a: Cinderace\n|-damage|p2a: Cinderace|31\/100\n|\n|-weather|Snow|[upkeep]\n|-heal|p1a: Kingambit|63\/100|[from] item: Leftovers\n|upkeep\n|turn|8\n|\n|t:|1700527592\n|-end|p1a: Kingambit|fallenundefined|[silent]\n|switch|p1a: Alomomola|Alomomola, F|100\/100\n|move|p2a: Cinderace|Pyro Ball|p1a: Alomomola\n|-resisted|p1a: Alomomola\n|-damage|p1a: Alomomola|85\/100\n|\n|-weather|none\n|upkeep\n|turn|9\n|\n|t:|1700527612\n|switch|p2a: Tsareena|Tsareena, F|100\/100\n|move|p1a: Alomomola|Wish|p1a: Alomomola\n|\n|upkeep\n|turn|10\n|\n|t:|1700527617\n|move|p2a: Tsareena|Knock Off|p1a: Alomomola\n|-damage|p1a: Alomomola|68\/100\n|-enditem|p1a: Alomomola|Heavy-Duty Boots|[from] move: Knock Off|[of] p2a: Tsareena\n|move|p1a: Alomomola|Flip Turn|p2a: Tsareena\n|-resisted|p2a: Tsareena\n|-damage|p2a: Tsareena|92\/100\n|\n|t:|1700527621\n|switch|p1a: Weavile|Weavile, F|100\/100|[from] Flip Turn\n|-damage|p1a: Weavile|76\/100|[from] Stealth Rock\n|-ability|p1a: Weavile|Pressure\n|\n|-heal|p1a: Weavile|100\/100|[from] move: Wish|[wisher] Alomomola\n|upkeep\n|turn|11\n|\n|t:|1700527630\n|switch|p2a: Alomomola|Alomomola, F|100\/100\n|move|p1a: Weavile|Low Kick|p2a: Alomomola\n|-damage|p2a: Alomomola|86\/100\n|-damage|p1a: Weavile|84\/100|[from] item: Rocky Helmet|[of] p2a: Alomomola\n|\n|upkeep\n|turn|12\n|\n|t:|1700527643\n|switch|p1a: Slowking|Slowking-Galar, M|100\/100\n|-damage|p1a: Slowking|88\/100|[from] Stealth Rock\n|move|p2a: Alomomola|Scald|p1a: Slowking\n|-damage|p1a: Slowking|80\/100\n|\n|upkeep\n|turn|13\n|\n|t:|1700527651\n|move|p2a: Alomomola|Wish|p2a: Alomomola\n|move|p1a: Slowking|Future Sight|p2a: Alomomola\n|-start|p1a: Slowking|move: Future Sight\n|\n|upkeep\n|turn|14\n|\n|t:|1700527654\n|move|p2a: Alomomola|Flip Turn|p1a: Slowking\n|-damage|p1a: Slowking|62\/100\n|\n|t:|1700527657\n|switch|p2a: Dragapult|Dragapult, M|81\/100|[from] Flip Turn\n|move|p1a: Slowking|Chilly Reception|p1a: Slowking\n|-weather|Snow\n|\n|t:|1700527666\n|switch|p1a: Kingambit|Kingambit, F|63\/100|[from] Chilly Reception\n|-damage|p1a: Kingambit|57\/100|[from] Stealth Rock\n|\n|-weather|Snow|[upkeep]\n|-heal|p2a: Dragapult|100\/100|[from] move: Wish|[wisher] Alomomola\n|-heal|p1a: Kingambit|63\/100|[from] item: Leftovers\n|upkeep\n|turn|15\n|\n|t:|1700527675\n|switch|p2a: Tsareena|Tsareena, F|92\/100\n|move|p1a: Kingambit|Sucker Punch||[still]\n|cant|p2a: Tsareena|ability: Queenly Majesty|Sucker Punch|[of] p1a: Kingambit\n|\n|-weather|Snow|[upkeep]\n|-end|p2a: Tsareena|move: Future Sight\n|-crit|p2a: Tsareena\n|-damage|p2a: Tsareena|47\/100\n|-heal|p1a: Kingambit|70\/100|[from] item: Leftovers\n|upkeep\n|turn|16\n|\n|t:|1700527691\n|-terastallize|p1a: Kingambit|Fairy\n|move|p2a: Tsareena|High Jump Kick|p1a: Kingambit\n|-resisted|p1a: Kingambit\n|-damage|p1a: Kingambit|52\/100\n|move|p1a: Kingambit|Kowtow Cleave|p2a: Tsareena\n|-crit|p2a: Tsareena\n|-damage|p2a: Tsareena|0 fnt\n|faint|p2a: Tsareena\n|\n|-weather|Snow|[upkeep]\n|-heal|p1a: Kingambit|58\/100|[from] item: Leftovers\n|upkeep\n|\n|t:|1700527702\n|switch|p2a: Cinderace|Cinderace, M|31\/100\n|turn|17\n|\n|t:|1700527705\n|move|p1a: Kingambit|Sucker Punch|p2a: Cinderace\n|-damage|p2a: Cinderace|0 fnt\n|faint|p2a: Cinderace\n|\n|-weather|Snow|[upkeep]\n|-heal|p1a: Kingambit|65\/100|[from] item: Leftovers\n|upkeep\n|\n|t:|1700527711\n|switch|p2a: Dragapult|Dragapult, M|100\/100\n|turn|18\n|\n|t:|1700527714\n|move|p1a: Kingambit|Sucker Punch||[still]\n|-fail|p1a: Kingambit\n|move|p2a: Dragapult|Will-O-Wisp|p1a: Kingambit\n|-status|p1a: Kingambit|brn\n|\n|-weather|none\n|-heal|p1a: Kingambit|71\/100 brn|[from] item: Leftovers\n|-damage|p1a: Kingambit|65\/100 brn|[from] brn\n|upkeep\n|turn|19\n|\n|t:|1700527723\n|switch|p2a: Kingambit|Kingambit, F|100\/100\n|-activate|p2a: Kingambit|ability: Supreme Overlord\n|-start|p2a: Kingambit|fallen3|[silent]\n|move|p1a: Kingambit|Kowtow Cleave|p2a: Kingambit\n|-resisted|p2a: Kingambit\n|-damage|p2a: Kingambit|91\/100\n|\n|-heal|p1a: Kingambit|71\/100 brn|[from] item: Leftovers\n|-heal|p2a: Kingambit|98\/100|[from] item: Leftovers\n|-damage|p1a: Kingambit|65\/100 brn|[from] brn\n|upkeep\n|turn|20\n|\n|t:|1700527735\n|-end|p1a: Kingambit|fallenundefined|[silent]\n|switch|p1a: Great Tusk|Great Tusk|100\/100\n|move|p2a: Kingambit|Iron Head|p1a: Great Tusk\n|-damage|p1a: Great Tusk|56\/100\n|\n|-heal|p2a: Kingambit|100\/100|[from] item: Leftovers\n|upkeep\n|turn|21\n|\n|t:|1700527742\n|-end|p2a: Kingambit|fallen3|[silent]\n|switch|p2a: Alomomola|Alomomola, F|100\/100\n|move|p1a: Great Tusk|Knock Off|p2a: Alomomola\n|-damage|p2a: Alomomola|83\/100\n|-damage|p1a: Great Tusk|39\/100|[from] item: Rocky Helmet|[of] p2a: Alomomola\n|-enditem|p2a: Alomomola|Rocky Helmet|[from] move: Knock Off|[of] p1a: Great Tusk\n|\n|upkeep\n|turn|22\n|\n|t:|1700527754\n|-end|p1a: Great Tusk|Protosynthesis|[silent]\n|switch|p1a: Slowking|Slowking-Galar, M|95\/100\n|-damage|p1a: Slowking|83\/100|[from] Stealth Rock\n|move|p2a: Alomomola|Flip Turn|p1a: Slowking\n|-damage|p1a: Slowking|65\/100\n|\n|t:|1700527760\n|switch|p2a: Dragapult|Dragapult, M|100\/100|[from] Flip Turn\n|\n|upkeep\n|turn|23\n|\n|t:|1700527788\n|move|p2a: Dragapult|Shadow Ball|p1a: Slowking\n|-supereffective|p1a: Slowking\n|-damage|p1a: Slowking|5\/100\n|move|p1a: Slowking|Future Sight|p2a: Dragapult\n|-start|p1a: Slowking|move: Future Sight\n|\n|upkeep\n|turn|24\n|\n|t:|1700527794\n|switch|p1a: Zapdos|Zapdos|5\/100\n|move|p2a: Dragapult|Shadow Ball|p1a: Zapdos\n|-damage|p1a: Zapdos|0 fnt\n|faint|p1a: Zapdos\n|\n|upkeep\n|\n|t:|1700527806\n|switch|p1a: Alomomola|Alomomola, F|100\/100\n|-damage|p1a: Alomomola|88\/100|[from] Stealth Rock\n|turn|25\n|\n|t:|1700527811\n|switch|p2a: Kingambit|Kingambit, F|100\/100\n|-activate|p2a: Kingambit|ability: Supreme Overlord\n|-start|p2a: Kingambit|fallen3|[silent]\n|move|p1a: Alomomola|Flip Turn|p2a: Kingambit\n|-damage|p2a: Kingambit|88\/100\n|\n|t:|1700527817\n|switch|p1a: Great Tusk|Great Tusk|39\/100|[from] Flip Turn\n|\n|-end|p2a: Kingambit|move: Future Sight\n|-immune|p2a: Kingambit\n|-heal|p2a: Kingambit|94\/100|[from] item: Leftovers\n|upkeep\n|turn|26\n|\n|t:|1700527829\n|-end|p2a: Kingambit|fallen3|[silent]\n|switch|p2a: Alomomola|Alomomola, F|100\/100\n|move|p1a: Great Tusk|Headlong Rush|p2a: Alomomola\n|-damage|p2a: Alomomola|69\/100\n|-unboost|p1a: Great Tusk|def|1\n|-unboost|p1a: Great Tusk|spd|1\n|\n|upkeep\n|turn|27\n|\n|t:|1700527846\n|-end|p1a: Great Tusk|Protosynthesis|[silent]\n|switch|p1a: Slowking|Slowking-Galar, M|39\/100\n|-damage|p1a: Slowking|26\/100|[from] Stealth Rock\n|move|p2a: Alomomola|Flip Turn|p1a: Slowking\n|-damage|p1a: Slowking|10\/100\n|\n|t:|1700527873\n|switch|p2a: Dragapult|Dragapult, M|100\/100|[from] Flip Turn\n|\n|upkeep\n|turn|28\n|\n|t:|1700527884\n|move|p2a: Dragapult|Shadow Ball|p1a: Slowking\n|-supereffective|p1a: Slowking\n|-damage|p1a: Slowking|0 fnt\n|faint|p1a: Slowking\n|\n|upkeep\n|inactive|mikejohns has 120 seconds left.\n|\n|t:|1700527910\n|switch|p1a: Weavile|Weavile, F|84\/100\n|-damage|p1a: Weavile|59\/100|[from] Stealth Rock\n|-ability|p1a: Weavile|Pressure\n|turn|29\n|inactive|mikejohns has 120 seconds left.\n|\n|t:|1700527935\n|switch|p2a: Alomomola|Alomomola, F|100\/100\n|move|p1a: Weavile|Knock Off|p2a: Alomomola\n|-damage|p2a: Alomomola|76\/100\n|\n|upkeep\n|turn|30\n|\n|t:|1700527944\n|switch|p1a: Kingambit|Kingambit, F, tera:Fairy|65\/100 brn\n|-damage|p1a: Kingambit|52\/100 brn|[from] Stealth Rock\n|-activate|p1a: Kingambit|ability: Supreme Overlord\n|-start|p1a: Kingambit|fallen2|[silent]\n|move|p2a: Alomomola|Flip Turn|p1a: Kingambit\n|-damage|p1a: Kingambit|41\/100 brn\n|\n|t:|1700527951\n|switch|p2a: Kingambit|Kingambit, F|94\/100|[from] Flip Turn\n|-activate|p2a: Kingambit|ability: Supreme Overlord\n|-start|p2a: Kingambit|fallen3|[silent]\n|\n|-heal|p1a: Kingambit|47\/100 brn|[from] item: Leftovers\n|-heal|p2a: Kingambit|99\/100|[from] item: Leftovers\n|-damage|p1a: Kingambit|41\/100 brn|[from] brn\n|upkeep\n|turn|31\n|\n|t:|1700527959\n|-end|p1a: Kingambit|fallen2|[silent]\n|switch|p1a: Alomomola|Alomomola, F|100\/100\n|-damage|p1a: Alomomola|88\/100|[from] Stealth Rock\n|move|p2a: Kingambit|Iron Head|p1a: Alomomola\n|-resisted|p1a: Alomomola\n|-damage|p1a: Alomomola|71\/100\n|\n|-heal|p2a: Kingambit|100\/100|[from] item: Leftovers\n|upkeep\n|turn|32\n|\n|t:|1700527973\n|move|p2a: Kingambit|Iron Head|p1a: Alomomola\n|-resisted|p1a: Alomomola\n|-damage|p1a: Alomomola|56\/100\n|move|p1a: Alomomola|Scald|p2a: Kingambit\n|-damage|p2a: Kingambit|88\/100\n|-status|p2a: Kingambit|brn\n|\n|-heal|p2a: Kingambit|95\/100 brn|[from] item: Leftovers\n|-damage|p2a: Kingambit|88\/100 brn|[from] brn\n|upkeep\n|turn|33\n|\n|t:|1700527985\n|move|p2a: Kingambit|Swords Dance|p2a: Kingambit\n|-boost|p2a: Kingambit|atk|2\n|move|p1a: Alomomola|Wish|p1a: Alomomola\n|\n|-heal|p2a: Kingambit|95\/100 brn|[from] item: Leftovers\n|-damage|p2a: Kingambit|88\/100 brn|[from] brn\n|upkeep\n|turn|34\n|\n|t:|1700527992\n|move|p2a: Kingambit|Iron Head|p1a: Alomomola\n|-resisted|p1a: Alomomola\n|-damage|p1a: Alomomola|39\/100\n|move|p1a: Alomomola|Flip Turn|p2a: Kingambit\n|-damage|p2a: Kingambit|76\/100 brn\n|\n|t:|1700528006\n|switch|p1a: Great Tusk|Great Tusk|39\/100|[from] Flip Turn\n|\n|-heal|p1a: Great Tusk|100\/100|[from] move: Wish|[wisher] Alomomola\n|-heal|p2a: Kingambit|83\/100 brn|[from] item: Leftovers\n|-damage|p2a: Kingambit|76\/100 brn|[from] brn\n|upkeep\n|turn|35\n|\n|t:|1700528016\n|-end|p2a: Kingambit|fallen3|[silent]\n|switch|p2a: Alomomola|Alomomola, F|100\/100\n|move|p1a: Great Tusk|Rapid Spin|p2a: Alomomola\n|-crit|p2a: Alomomola\n|-damage|p2a: Alomomola|86\/100\n|-boost|p1a: Great Tusk|spe|1\n|-sideend|p1: mikejohns|Stealth Rock|[from] move: Rapid Spin|[of] p1a: Great Tusk\n|\n|upkeep\n|turn|36\n|\n|t:|1700528022\n|move|p1a: Great Tusk|Stealth Rock|p2a: Alomomola\n|-sidestart|p2: temujin142857|move: Stealth Rock\n|move|p2a: Alomomola|Scald|p1a: Great Tusk\n|-supereffective|p1a: Great Tusk\n|-damage|p1a: Great Tusk|58\/100\n|\n|upkeep\n|turn|37\n|\n|t:|1700528030\n|-end|p1a: Great Tusk|Protosynthesis|[silent]\n|switch|p1a: Alomomola|Alomomola, F|72\/100\n|move|p2a: Alomomola|Flip Turn|p1a: Alomomola\n|-resisted|p1a: Alomomola\n|-damage|p1a: Alomomola|68\/100\n|\n|t:|1700528035\n|switch|p2a: Dragapult|Dragapult, M|100\/100|[from] Flip Turn\n|-damage|p2a: Dragapult|88\/100|[from] Stealth Rock\n|\n|upkeep\n|turn|38\n|\n|t:|1700528049\n|move|p1a: Alomomola|Protect|p1a: Alomomola\n|-singleturn|p1a: Alomomola|Protect\n|move|p2a: Dragapult|Draco Meteor|p1a: Alomomola\n|-activate|p1a: Alomomola|move: Protect\n|\n|upkeep\n|turn|39\n|\n|t:|1700528057\n|switch|p2a: Kingambit|Kingambit, F|76\/100 brn\n|-damage|p2a: Kingambit|70\/100 brn|[from] Stealth Rock\n|-activate|p2a: Kingambit|ability: Supreme Overlord\n|-start|p2a: Kingambit|fallen3|[silent]\n|switch|p1a: Kingambit|Kingambit, F, tera:Fairy|41\/100 brn\n|-activate|p1a: Kingambit|ability: Supreme Overlord\n|-start|p1a: Kingambit|fallen2|[silent]\n|\n|-heal|p1a: Kingambit|47\/100 brn|[from] item: Leftovers\n|-heal|p2a: Kingambit|76\/100 brn|[from] item: Leftovers\n|-damage|p1a: Kingambit|41\/100 brn|[from] brn\n|-damage|p2a: Kingambit|70\/100 brn|[from] brn\n|upkeep\n|turn|40\n|\n|t:|1700528073\n|-end|p1a: Kingambit|fallen2|[silent]\n|switch|p1a: Alomomola|Alomomola, F|100\/100\n|-end|p2a: Kingambit|fallen3|[silent]\n|switch|p2a: Alomomola|Alomomola, F|100\/100\n|-damage|p2a: Alomomola|88\/100|[from] Stealth Rock\n|\n|upkeep\n|turn|41\n|\n|t:|1700528081\n|move|p1a: Alomomola|Wish|p1a: Alomomola\n|move|p2a: Alomomola|Wish|p2a: Alomomola\n|\n|upkeep\n|turn|42\n|\n|t:|1700528090\n|move|p1a: Alomomola|Scald|p2a: Alomomola\n|-resisted|p2a: Alomomola\n|-damage|p2a: Alomomola|80\/100\n|move|p2a: Alomomola|Flip Turn|p1a: Alomomola\n|-resisted|p1a: Alomomola\n|-damage|p1a: Alomomola|96\/100\n|\n|t:|1700528098\n|switch|p2a: Dragapult|Dragapult, M|88\/100|[from] Flip Turn\n|-damage|p2a: Dragapult|76\/100|[from] Stealth Rock\n|\n|-heal|p1a: Alomomola|100\/100|[from] move: Wish|[wisher] Alomomola\n|-heal|p2a: Dragapult|100\/100|[from] move: Wish|[wisher] Alomomola\n|upkeep\n|turn|43\n|\n|t:|1700528111\n|move|p1a: Alomomola|Protect|p1a: Alomomola\n|-singleturn|p1a: Alomomola|Protect\n|move|p2a: Dragapult|Shadow Ball|p1a: Alomomola\n|-activate|p1a: Alomomola|move: Protect\n|\n|upkeep\n|turn|44\n|\n|t:|1700528117\n|-terastallize|p2a: Dragapult|Ghost\n|move|p2a: Dragapult|Shadow Ball|p1a: Alomomola\n|-damage|p1a: Alomomola|22\/100\n|move|p1a: Alomomola|Wish|p1a: Alomomola\n|\n|upkeep\n|turn|45\n|\n|t:|1700528125\n|move|p1a: Alomomola|Protect|p1a: Alomomola\n|-singleturn|p1a: Alomomola|Protect\n|move|p2a: Dragapult|Shadow Ball|p1a: Alomomola\n|-activate|p1a: Alomomola|move: Protect\n|\n|-heal|p1a: Alomomola|72\/100|[from] move: Wish|[wisher] Alomomola\n|upkeep\n|turn|46\n|\n|t:|1700528140\n|switch|p1a: Kingambit|Kingambit, F, tera:Fairy|41\/100 brn\n|-activate|p1a: Kingambit|ability: Supreme Overlord\n|-start|p1a: Kingambit|fallen2|[silent]\n|move|p2a: Dragapult|Shadow Ball|p1a: Kingambit\n|-damage|p1a: Kingambit|0 fnt\n|faint|p1a: Kingambit\n|-end|p1a: Kingambit|fallen2|[silent]\n|\n|upkeep\n|\n|t:|1700528152\n|switch|p1a: Weavile|Weavile, F|59\/100\n|-ability|p1a: Weavile|Pressure\n|turn|47\n|\n|t:|1700528159\n|switch|p2a: Alomomola|Alomomola, F|100\/100\n|-damage|p2a: Alomomola|88\/100|[from] Stealth Rock\n|move|p1a: Weavile|Icicle Crash|p2a: Alomomola\n|-resisted|p2a: Alomomola\n|-damage|p2a: Alomomola|70\/100\n|\n|upkeep\n|turn|48\n|\n|t:|1700528170\n|move|p1a: Weavile|Icicle Crash|p2a: Alomomola\n|-resisted|p2a: Alomomola\n|-damage|p2a: Alomomola|53\/100\n|cant|p2a: Alomomola|flinch\n|\n|upkeep\n|turn|49\n|\n|t:|1700528175\n|move|p1a: Weavile|Icicle Crash|p2a: Alomomola\n|-resisted|p2a: Alomomola\n|-damage|p2a: Alomomola|37\/100\n|cant|p2a: Alomomola|flinch\n|\n|upkeep\n|turn|50\n|\n|t:|1700528180\n|move|p1a: Weavile|Icicle Crash|p2a: Alomomola\n|-resisted|p2a: Alomomola\n|-damage|p2a: Alomomola|21\/100\n|cant|p2a: Alomomola|flinch\n|\n|upkeep\n|turn|51\n|\n|t:|1700528185\n|move|p1a: Weavile|Icicle Crash|p2a: Alomomola\n|-resisted|p2a: Alomomola\n|-damage|p2a: Alomomola|3\/100\n|cant|p2a: Alomomola|flinch\n|\n|upkeep\n|turn|52\n|\n|t:|1700528190\n|switch|p2a: Kingambit|Kingambit, F|70\/100 brn\n|-damage|p2a: Kingambit|64\/100 brn|[from] Stealth Rock\n|-activate|p2a: Kingambit|ability: Supreme Overlord\n|-start|p2a: Kingambit|fallen3|[silent]\n|move|p1a: Weavile|Icicle Crash|p2a: Kingambit\n|-resisted|p2a: Kingambit\n|-damage|p2a: Kingambit|41\/100 brn\n|\n|-heal|p2a: Kingambit|47\/100 brn|[from] item: Leftovers\n|-damage|p2a: Kingambit|41\/100 brn|[from] brn\n|upkeep\n|turn|53\n|\n|t:|1700528209\n|switch|p1a: Great Tusk|Great Tusk|58\/100\n|move|p2a: Kingambit|Iron Head|p1a: Great Tusk\n|-damage|p1a: Great Tusk|36\/100\n|\n|-heal|p2a: Kingambit|47\/100 brn|[from] item: Leftovers\n|-damage|p2a: Kingambit|41\/100 brn|[from] brn\n|upkeep\n|turn|54\n|\n|t:|1700528221\n|move|p2a: Kingambit|Sucker Punch|p1a: Great Tusk\n|-resisted|p1a: Great Tusk\n|-damage|p1a: Great Tusk|26\/100\n|move|p1a: Great Tusk|Rapid Spin|p2a: Kingambit\n|-resisted|p2a: Kingambit\n|-damage|p2a: Kingambit|35\/100 brn\n|-boost|p1a: Great Tusk|spe|1\n|\n|-heal|p2a: Kingambit|41\/100 brn|[from] item: Leftovers\n|-damage|p2a: Kingambit|35\/100 brn|[from] brn\n|upkeep\n|turn|55\n|\n|t:|1700528232\n|move|p1a: Great Tusk|Headlong Rush|p2a: Kingambit\n|-supereffective|p2a: Kingambit\n|-damage|p2a: Kingambit|0 fnt\n|-unboost|p1a: Great Tusk|def|1\n|-unboost|p1a: Great Tusk|spd|1\n|faint|p2a: Kingambit\n|-end|p2a: Kingambit|fallen3|[silent]\n|\n|upkeep\n|\n|t:|1700528237\n|switch|p2a: Alomomola|Alomomola, F|37\/100\n|-damage|p2a: Alomomola|24\/100|[from] Stealth Rock\n|turn|56\n|\n|t:|1700528242\n|move|p2a: Alomomola|Protect|p2a: Alomomola\n|-singleturn|p2a: Alomomola|Protect\n|move|p1a: Great Tusk|Headlong Rush|p2a: Alomomola\n|-activate|p2a: Alomomola|move: Protect\n|\n|upkeep\n|turn|57\n|\n|t:|1700528248\n|move|p1a: Great Tusk|Headlong Rush|p2a: Alomomola\n|-damage|p2a: Alomomola|0 fnt\n|-unboost|p1a: Great Tusk|def|1\n|-unboost|p1a: Great Tusk|spd|1\n|faint|p2a: Alomomola\n|\n|upkeep\n|\n|t:|1700528253\n|switch|p2a: Dragapult|Dragapult, M, tera:Ghost|100\/100\n|-damage|p2a: Dragapult|88\/100|[from] Stealth Rock\n|turn|58\n|\n|t:|1700528263\n|move|p1a: Great Tusk|Knock Off|p2a: Dragapult\n|-supereffective|p2a: Dragapult\n|-damage|p2a: Dragapult|0 fnt\n|-enditem|p2a: Dragapult|Choice Specs|[from] move: Knock Off|[of] p1a: Great Tusk\n|faint|p2a: Dragapult\n|\n|win|mikejohns\n|raw|mikejohns's rating: 1585 &rarr; <strong>1602<\/strong><br \/>(+17 for winning)\n|raw|temujin142857's rating: 1538 &rarr; <strong>1521<\/strong><br \/>(-17 for losing)\n|c|\u2606mikejohns|gg sorry for luck\n|l|\u2606temujin142857\n","uploadtime":1700528271,"views":6,"p1id":"mikejohns","p2id":"temujin142857","formatid":"gen9ou","rating":1521,"private":0,"password":""}