{"id":"gen9ou-1991180370","p1":"CMAT","p2":"mumbaimark","format":"[Gen 9] OU","log":"|j|\u2606CMAT\n|j|\u2606mumbaimark\n|t:|1700054233\n|gametype|singles\n|player|p1|CMAT|barry|1108\n|player|p2|mumbaimark|1|1165\n|teamsize|p1|6\n|teamsize|p2|6\n|gen|9\n|tier|[Gen 9] OU\n|rated|\n|rule|Sleep Clause Mod: Limit one foe put to sleep\n|rule|Species Clause: Limit one of each Pok\u00e9mon\n|rule|OHKO Clause: OHKO moves are banned\n|rule|Evasion Items Clause: Evasion items are banned\n|rule|Evasion Moves Clause: Evasion moves are banned\n|rule|Endless Battle Clause: Forcing endless battles is banned\n|rule|HP Percentage Mod: HP is shown in percentages\n|clearpoke\n|poke|p1|Alomomola, F|\n|poke|p1|Slowking-Galar, F|\n|poke|p1|Kingambit, F|\n|poke|p1|Great Tusk|\n|poke|p1|Cinderace, F|\n|poke|p1|Thundurus-Therian, M|\n|poke|p2|Great Tusk|\n|poke|p2|Dragonite, F|\n|poke|p2|Garganacl, M|\n|poke|p2|Walking Wake|\n|poke|p2|Slowking-Galar, F|\n|poke|p2|Gholdengo|\n|teampreview\n|\n|t:|1700054262\n|start\n|switch|p1a: Thundurus|Thundurus-Therian, M|100\/100\n|switch|p2a: Garganacl|Garganacl, M|100\/100\n|turn|1\n|\n|t:|1700054272\n|move|p1a: Thundurus|Grass Knot|p2a: Garganacl\n|-supereffective|p2a: Garganacl\n|-damage|p2a: Garganacl|5\/100\n|move|p2a: Garganacl|Rock Polish|p2a: Garganacl\n|-boost|p2a: Garganacl|spe|2\n|\n|-heal|p2a: Garganacl|12\/100|[from] item: Leftovers\n|upkeep\n|turn|2\n|inactive|Battle timer is ON: inactive players will automatically lose when time's up. (requested by mumbaimark)\n|\n|t:|1700054302\n|switch|p2a: Slowking|Slowking-Galar, F|100\/100\n|move|p1a: Thundurus|Grass Knot|p2a: Slowking\n|-resisted|p2a: Slowking\n|-damage|p2a: Slowking|91\/100\n|\n|upkeep\n|turn|3\n|\n|t:|1700054318\n|switch|p1a: Kingambit|Kingambit, F|100\/100\n|move|p2a: Slowking|Future Sight|p1a: Kingambit\n|-start|p2a: Slowking|move: Future Sight\n|\n|upkeep\n|turn|4\n|\n|t:|1700054327\n|switch|p2a: Great Tusk|Great Tusk|100\/100\n|-enditem|p2a: Great Tusk|Booster Energy\n|-activate|p2a: Great Tusk|ability: Protosynthesis|[fromitem]\n|-start|p2a: Great Tusk|protosynthesisspe\n|move|p1a: Kingambit|Kowtow Cleave|p2a: Great Tusk\n|-resisted|p2a: Great Tusk\n|-damage|p2a: Great Tusk|86\/100\n|\n|upkeep\n|turn|5\n|\n|t:|1700054354\n|-terastallize|p1a: Kingambit|Flying\n|move|p2a: Great Tusk|Close Combat|p1a: Kingambit\n|-resisted|p1a: Kingambit\n|-damage|p1a: Kingambit|82\/100\n|-unboost|p2a: Great Tusk|def|1\n|-unboost|p2a: Great Tusk|spd|1\n|move|p1a: Kingambit|Swords Dance|p1a: Kingambit\n|-boost|p1a: Kingambit|atk|2\n|\n|-end|p1a: Kingambit|move: Future Sight\n|-damage|p1a: Kingambit|37\/100\n|-heal|p1a: Kingambit|43\/100|[from] item: Leftovers\n|upkeep\n|turn|6\n|\n|t:|1700054374\n|-end|p2a: Great Tusk|Protosynthesis|[silent]\n|switch|p2a: Garganacl|Garganacl, M|12\/100\n|move|p1a: Kingambit|Iron Head|p2a: Garganacl\n|-supereffective|p2a: Garganacl\n|-damage|p2a: Garganacl|0 fnt\n|faint|p2a: Garganacl\n|\n|-heal|p1a: Kingambit|49\/100|[from] item: Leftovers\n|upkeep\n|\n|t:|1700054392\n|switch|p2a: Walking Wake|Walking Wake|100\/100\n|turn|7\n|inactive|mumbaimark has 120 seconds left.\n|\n|t:|1700054413\n|move|p2a: Walking Wake|Scald|p1a: Kingambit\n|-damage|p1a: Kingambit|11\/100\n|move|p1a: Kingambit|Kowtow Cleave|p2a: Walking Wake\n|-damage|p2a: Walking Wake|0 fnt\n|faint|p2a: Walking Wake\n|-end|p2a: Walking Wake|Protosynthesis|[silent]\n|\n|-heal|p1a: Kingambit|18\/100|[from] item: Leftovers\n|upkeep\n|\n|t:|1700054422\n|switch|p2a: Dragonite|Dragonite, F|100\/100\n|turn|8\n|inactive|mumbaimark has 120 seconds left.\n|\n|t:|1700054428\n|move|p2a: Dragonite|Dragon Dance|p2a: Dragonite\n|-boost|p2a: Dragonite|atk|1\n|-boost|p2a: Dragonite|spe|1\n|move|p1a: Kingambit|Kowtow Cleave|p2a: Dragonite\n|-damage|p2a: Dragonite|49\/100\n|\n|-heal|p1a: Kingambit|24\/100|[from] item: Leftovers\n|upkeep\n|turn|9\n|\n|t:|1700054436\n|move|p2a: Dragonite|Extreme Speed|p1a: Kingambit\n|-damage|p1a: Kingambit|0 fnt\n|faint|p1a: Kingambit\n|-end|p1a: Kingambit|fallenundefined|[silent]\n|-damage|p2a: Dragonite|39\/100|[from] item: Life Orb\n|\n|upkeep\n|\n|t:|1700054448\n|switch|p1a: Great Tusk|Great Tusk|100\/100\n|turn|10\n|\n|t:|1700054454\n|move|p2a: Dragonite|Outrage|p1a: Great Tusk\n|-damage|p1a: Great Tusk|13\/100\n|-damage|p2a: Dragonite|22\/100|[from] item: Rocky Helmet|[of] p1a: Great Tusk\n|-damage|p2a: Dragonite|13\/100|[from] item: Life Orb\n|move|p1a: Great Tusk|Ice Spinner|p2a: Dragonite\n|-supereffective|p2a: Dragonite\n|-damage|p2a: Dragonite|0 fnt\n|faint|p2a: Dragonite\n|\n|upkeep\n|\n|t:|1700054469\n|switch|p2a: Great Tusk|Great Tusk|86\/100\n|turn|11\n|\n|t:|1700054477\n|move|p1a: Great Tusk|Ice Spinner|p2a: Great Tusk\n|-supereffective|p2a: Great Tusk\n|-damage|p2a: Great Tusk|53\/100\n|move|p2a: Great Tusk|Headlong Rush|p1a: Great Tusk\n|-damage|p1a: Great Tusk|0 fnt\n|-unboost|p2a: Great Tusk|def|1\n|-unboost|p2a: Great Tusk|spd|1\n|-damage|p2a: Great Tusk|37\/100|[from] item: Rocky Helmet|[of] p1a: Great Tusk\n|faint|p1a: Great Tusk\n|-end|p1a: Great Tusk|Protosynthesis|[silent]\n|\n|upkeep\n|\n|t:|1700054485\n|switch|p1a: Thundurus|Thundurus-Therian, M|100\/100\n|turn|12\n|\n|t:|1700054491\n|-end|p2a: Great Tusk|Protosynthesis|[silent]\n|switch|p2a: Slowking|Slowking-Galar, F|100\/100\n|move|p1a: Thundurus|Tera Blast|p2a: Slowking\n|-damage|p2a: Slowking|81\/100\n|\n|upkeep\n|turn|13\n|\n|t:|1700054521\n|switch|p1a: Slowking|Slowking-Galar, F|100\/100\n|move|p2a: Slowking|Future Sight|p1a: Slowking\n|-start|p2a: Slowking|move: Future Sight\n|\n|upkeep\n|turn|14\n|\n|t:|1700054532\n|switch|p2a: Gholdengo|Gholdengo|100\/100\n|move|p1a: Slowking|Future Sight|p2a: Gholdengo\n|-start|p1a: Slowking|move: Future Sight\n|\n|upkeep\n|turn|15\n|\n|t:|1700054541\n|move|p2a: Gholdengo|Nasty Plot|p2a: Gholdengo\n|-boost|p2a: Gholdengo|spa|2\n|move|p1a: Slowking|Chilly Reception|p1a: Slowking\n|-weather|Snow\n|\n|t:|1700054551\n|switch|p1a: Cinderace|Cinderace, F|100\/100|[from] Chilly Reception\n|\n|-weather|Snow|[upkeep]\n|-end|p1a: Cinderace|move: Future Sight\n|-damage|p1a: Cinderace|30\/100\n|upkeep\n|turn|16\n|\n|t:|1700054561\n|-terastallize|p2a: Gholdengo|Ghost\n|move|p1a: Cinderace|Pyro Ball|p2a: Gholdengo\n|-damage|p2a: Gholdengo|62\/100\n|move|p2a: Gholdengo|Hex|p1a: Cinderace\n|-damage|p1a: Cinderace|0 fnt\n|faint|p1a: Cinderace\n|\n|-weather|Snow|[upkeep]\n|-end|p2a: Gholdengo|move: Future Sight\n|-damage|p2a: Gholdengo|16\/100\n|upkeep\n|\n|t:|1700054569\n|switch|p1a: Thundurus|Thundurus-Therian, M|100\/100\n|turn|17\n|\n|t:|1700054575\n|move|p1a: Thundurus|Knock Off|p2a: Gholdengo\n|-supereffective|p2a: Gholdengo\n|-damage|p2a: Gholdengo|0 fnt\n|-enditem|p2a: Gholdengo|Covert Cloak|[from] move: Knock Off|[of] p1a: Thundurus\n|faint|p2a: Gholdengo\n|\n|-weather|Snow|[upkeep]\n|upkeep\n|\n|t:|1700054582\n|switch|p2a: Slowking|Slowking-Galar, F|100\/100\n|turn|18\n|\n|t:|1700054595\n|move|p1a: Thundurus|Knock Off|p2a: Slowking\n|-supereffective|p2a: Slowking\n|-damage|p2a: Slowking|57\/100\n|-enditem|p2a: Slowking|Assault Vest|[from] move: Knock Off|[of] p1a: Thundurus\n|move|p2a: Slowking|Future Sight|p1a: Thundurus\n|-start|p2a: Slowking|move: Future Sight\n|\n|-weather|Snow|[upkeep]\n|upkeep\n|turn|19\n|\n|t:|1700054604\n|switch|p1a: Slowking|Slowking-Galar, F|100\/100\n|move|p2a: Slowking|Sludge Bomb|p1a: Slowking\n|-resisted|p1a: Slowking\n|-damage|p1a: Slowking|90\/100\n|\n|-weather|none\n|upkeep\n|turn|20\n|\n|t:|1700054614\n|move|p2a: Slowking|Surf|p1a: Slowking\n|-damage|p1a: Slowking|74\/100\n|move|p1a: Slowking|Future Sight|p2a: Slowking\n|-start|p1a: Slowking|move: Future Sight\n|\n|-end|p1a: Slowking|move: Future Sight\n|-damage|p1a: Slowking|46\/100\n|upkeep\n|turn|21\n|\n|t:|1700054620\n|move|p2a: Slowking|Future Sight|p1a: Slowking\n|-start|p2a: Slowking|move: Future Sight\n|move|p1a: Slowking|Chilly Reception|p1a: Slowking\n|-weather|Snow\n|\n|t:|1700054625\n|switch|p1a: Thundurus|Thundurus-Therian, M|100\/100|[from] Chilly Reception\n|\n|-weather|Snow|[upkeep]\n|upkeep\n|turn|22\n|\n|t:|1700054630\n|move|p1a: Thundurus|Volt Switch|p2a: Slowking\n|-damage|p2a: Slowking|21\/100\n|\n|t:|1700054633\n|switch|p1a: Slowking|Slowking-Galar, F|80\/100|[from] Volt Switch\n|move|p2a: Slowking|Sludge Bomb|p1a: Slowking\n|-resisted|p1a: Slowking\n|-damage|p1a: Slowking|69\/100\n|\n|-weather|Snow|[upkeep]\n|-end|p2a: Slowking|move: Future Sight\n|-damage|p2a: Slowking|0 fnt\n|faint|p2a: Slowking\n|upkeep\n|c|\u2606CMAT|gg\n|inactive|mumbaimark has 120 seconds left.\n|inactive|mumbaimark has 90 seconds left.\n|inactive|mumbaimark has 60 seconds left.\n|inactive|mumbaimark has 30 seconds left.\n|inactive|mumbaimark has 20 seconds left.\n|inactive|mumbaimark has 15 seconds left.\n|inactive|mumbaimark has 10 seconds left.\n|inactive|mumbaimark has 5 seconds left.\n|-message|mumbaimark lost due to inactivity.\n|\n|win|CMAT\n|raw|CMAT's rating: 1108 &rarr; <strong>1137<\/strong><br \/>(+29 for winning)\n|raw|mumbaimark's rating: 1165 &rarr; <strong>1136<\/strong><br \/>(-29 for losing)\n|c|\u2606CMAT|:(\n","uploadtime":1700054795,"views":7,"p1id":"cmat","p2id":"mumbaimark","formatid":"gen9ou","rating":1136,"private":0,"password":""}