{"id":"gen9ou-1991701218","p1":"AubreyOmori1","p2":"whatabeautifulname","format":"[Gen 9] OU","log":"|j|\u2606AubreyOmori1\n|j|\u2606whatabeautifulname\n|t:|1700104343\n|gametype|singles\n|player|p1|AubreyOmori1|roxie|1331\n|player|p2|whatabeautifulname|brock|1422\n|teamsize|p1|6\n|teamsize|p2|6\n|gen|9\n|tier|[Gen 9] OU\n|rated|\n|rule|Sleep Clause Mod: Limit one foe put to sleep\n|rule|Species Clause: Limit one of each Pok\u00e9mon\n|rule|OHKO Clause: OHKO moves are banned\n|rule|Evasion Items Clause: Evasion items are banned\n|rule|Evasion Moves Clause: Evasion moves are banned\n|rule|Endless Battle Clause: Forcing endless battles is banned\n|rule|HP Percentage Mod: HP is shown in percentages\n|clearpoke\n|poke|p1|Rillaboom, M|\n|poke|p1|Ogerpon-Wellspring, F|\n|poke|p1|Sneasler, F|\n|poke|p1|Manaphy|\n|poke|p1|Kingambit, M|\n|poke|p1|Heatran, M|\n|poke|p2|Zamazenta-*|\n|poke|p2|Ceruledge, M|\n|poke|p2|Cresselia, F|\n|poke|p2|Gholdengo|\n|poke|p2|Ogerpon-Cornerstone, F|\n|poke|p2|Kleavor, M|\n|teampreview\n|\n|t:|1700104353\n|start\n|switch|p1a: Donkey Kong|Rillaboom, M, shiny|100\/100\n|switch|p2a: Kleavor|Kleavor, M|100\/100\n|-fieldstart|move: Grassy Terrain|[from] ability: Grassy Surge|[of] p1a: Donkey Kong\n|turn|1\n|\n|t:|1700104359\n|move|p1a: Donkey Kong|Grassy Glide|p2a: Kleavor\n|-damage|p2a: Kleavor|26\/100\n|move|p2a: Kleavor|U-turn|p1a: Donkey Kong\n|-supereffective|p1a: Donkey Kong\n|-damage|p1a: Donkey Kong|17\/100\n|\n|t:|1700104373\n|switch|p2a: Gholdengo|Gholdengo|100\/100|[from] U-turn\n|\n|-heal|p1a: Donkey Kong|23\/100|[from] Grassy Terrain\n|upkeep\n|turn|2\n|\n|t:|1700104378\n|switch|p1a: Firey|Heatran, M, shiny|100\/100\n|-item|p1a: Firey|Air Balloon\n|move|p2a: Gholdengo|Trick|p1a: Firey\n|-activate|p2a: Gholdengo|move: Trick|[of] p1a: Firey\n|-item|p1a: Firey|Choice Scarf|[from] move: Trick\n|-item|p2a: Gholdengo|Air Balloon\n|-item|p2a: Gholdengo|Air Balloon|[from] move: Trick\n|\n|upkeep\n|turn|3\n|\n|t:|1700104390\n|switch|p2a: Ceruledge|Ceruledge, M|100\/100\n|move|p1a: Firey|Magma Storm|p2a: Ceruledge\n|-resisted|p2a: Ceruledge\n|-damage|p2a: Ceruledge|83\/100\n|-activate|p2a: Ceruledge|move: Magma Storm|[of] p1a: Firey\n|\n|-heal|p2a: Ceruledge|89\/100|[from] Grassy Terrain\n|-damage|p2a: Ceruledge|76\/100|[from] move: Magma Storm|[partiallytrapped]\n|upkeep\n|turn|4\n|\n|t:|1700104400\n|switch|p1a: Manaphy|Manaphy|100\/100\n|move|p2a: Ceruledge|Close Combat|p1a: Manaphy\n|-damage|p1a: Manaphy|63\/100\n|-unboost|p2a: Ceruledge|def|1\n|-unboost|p2a: Ceruledge|spd|1\n|\n|-heal|p1a: Manaphy|70\/100|[from] Grassy Terrain\n|-heal|p2a: Ceruledge|83\/100|[from] Grassy Terrain\n|-end|p2a: Ceruledge|Magma Storm|[partiallytrapped]|[silent]\n|upkeep\n|turn|5\n|\n|t:|1700104408\n|switch|p2a: Cresselia|Cresselia, F|100\/100\n|move|p1a: Manaphy|Surf|p2a: Cresselia\n|-damage|p2a: Cresselia|78\/100\n|\n|-heal|p1a: Manaphy|76\/100|[from] Grassy Terrain\n|-heal|p2a: Cresselia|84\/100|[from] item: Leftovers\n|-fieldend|move: Grassy Terrain\n|upkeep\n|turn|6\n|\n|t:|1700104415\n|switch|p1a: Firey|Heatran, M, shiny|100\/100\n|move|p2a: Cresselia|Calm Mind|p2a: Cresselia\n|-boost|p2a: Cresselia|spa|1\n|-boost|p2a: Cresselia|spd|1\n|\n|-heal|p2a: Cresselia|90\/100|[from] item: Leftovers\n|upkeep\n|turn|7\n|\n|t:|1700104423\n|switch|p2a: Ceruledge|Ceruledge, M|83\/100\n|move|p1a: Firey|Stealth Rock|p2a: Ceruledge\n|-sidestart|p2: whatabeautifulname|move: Stealth Rock\n|\n|upkeep\n|turn|8\n|\n|t:|1700104429\n|switch|p1a: Manaphy|Manaphy|76\/100\n|switch|p2a: Kleavor|Kleavor, M|26\/100\n|-damage|p2a: Kleavor|2\/100|[from] Stealth Rock\n|\n|upkeep\n|turn|9\n|\n|t:|1700104438\n|switch|p1a: Donkey Kong|Rillaboom, M, shiny|23\/100\n|-fieldstart|move: Grassy Terrain|[from] ability: Grassy Surge|[of] p1a: Donkey Kong\n|move|p2a: Kleavor|Stone Axe|p1a: Donkey Kong\n|-damage|p1a: Donkey Kong|0 fnt\n|-sidestart|p1: AubreyOmori1|move: Stealth Rock\n|faint|p1a: Donkey Kong\n|\n|-heal|p2a: Kleavor|8\/100|[from] Grassy Terrain\n|upkeep\n|\n|t:|1700104446\n|switch|p1a: Ashlyn|Sneasler, F, shiny|100\/100\n|-damage|p1a: Ashlyn|95\/100|[from] Stealth Rock\n|-enditem|p1a: Ashlyn|Grassy Seed\n|-boost|p1a: Ashlyn|def|1|[from] item: Grassy Seed\n|turn|10\n|\n|t:|1700104467\n|move|p1a: Ashlyn|Lash Out|p2a: Kleavor\n|-damage|p2a: Kleavor|0 fnt\n|faint|p2a: Kleavor\n|\n|-heal|p1a: Ashlyn|100\/100|[from] Grassy Terrain\n|upkeep\n|\n|t:|1700104480\n|switch|p2a: Gholdengo|Gholdengo|100\/100\n|-damage|p2a: Gholdengo|94\/100|[from] Stealth Rock\n|-item|p2a: Gholdengo|Air Balloon\n|turn|11\n|\n|t:|1700104491\n|-terastallize|p1a: Ashlyn|Dark\n|-terastallize|p2a: Gholdengo|Ghost\n|move|p1a: Ashlyn|Lash Out|p2a: Gholdengo\n|-supereffective|p2a: Gholdengo\n|-damage|p2a: Gholdengo|0 fnt\n|-enditem|p2a: Gholdengo|Air Balloon\n|faint|p2a: Gholdengo\n|\n|upkeep\n|\n|t:|1700104496\n|switch|p2a: Zamazenta|Zamazenta|100\/100\n|-damage|p2a: Zamazenta|94\/100|[from] Stealth Rock\n|-ability|p2a: Zamazenta|Dauntless Shield|boost\n|-boost|p2a: Zamazenta|def|1\n|turn|12\n|\n|t:|1700104500\n|move|p1a: Ashlyn|Acrobatics|p2a: Zamazenta\n|-supereffective|p2a: Zamazenta\n|-damage|p2a: Zamazenta|51\/100\n|move|p2a: Zamazenta|Body Press|p1a: Ashlyn\n|-supereffective|p1a: Ashlyn\n|-damage|p1a: Ashlyn|0 fnt\n|faint|p1a: Ashlyn\n|\n|-heal|p2a: Zamazenta|57\/100|[from] Grassy Terrain\n|-heal|p2a: Zamazenta|63\/100|[from] item: Leftovers\n|upkeep\n|\n|t:|1700104512\n|switch|p1a: Manaphy|Manaphy|76\/100\n|-damage|p1a: Manaphy|63\/100|[from] Stealth Rock\n|turn|13\n|\n|t:|1700104517\n|move|p2a: Zamazenta|Body Press|p1a: Manaphy\n|-damage|p1a: Manaphy|21\/100\n|-enditem|p1a: Manaphy|Sitrus Berry|[eat]\n|-heal|p1a: Manaphy|46\/100|[from] item: Sitrus Berry\n|move|p1a: Manaphy|Tail Glow|p1a: Manaphy\n|-boost|p1a: Manaphy|spa|3\n|\n|-heal|p2a: Zamazenta|70\/100|[from] Grassy Terrain\n|-heal|p2a: Zamazenta|76\/100|[from] item: Leftovers\n|-heal|p1a: Manaphy|53\/100|[from] Grassy Terrain\n|-fieldend|move: Grassy Terrain\n|upkeep\n|turn|14\n|\n|t:|1700104532\n|switch|p2a: Ogerpon|Ogerpon-Cornerstone, F|100\/100\n|-damage|p2a: Ogerpon|88\/100|[from] Stealth Rock\n|move|p1a: Manaphy|Surf|p2a: Ogerpon\n|-damage|p2a: Ogerpon|0 fnt\n|faint|p2a: Ogerpon\n|\n|upkeep\n|\n|t:|1700104536\n|switch|p2a: Cresselia|Cresselia, F|90\/100\n|-damage|p2a: Cresselia|78\/100|[from] Stealth Rock\n|turn|15\n|\n|t:|1700104539\n|move|p1a: Manaphy|Surf|p2a: Cresselia\n|-damage|p2a: Cresselia|30\/100\n|move|p2a: Cresselia|Moonblast|p1a: Manaphy\n|-damage|p1a: Manaphy|37\/100\n|\n|-heal|p2a: Cresselia|37\/100|[from] item: Leftovers\n|upkeep\n|turn|16\n|\n|t:|1700104545\n|move|p1a: Manaphy|Surf|p2a: Cresselia\n|-damage|p2a: Cresselia|0 fnt\n|faint|p2a: Cresselia\n|\n|upkeep\n|\n|t:|1700104555\n|switch|p2a: Zamazenta|Zamazenta|76\/100\n|-damage|p2a: Zamazenta|70\/100|[from] Stealth Rock\n|turn|17\n|\n|t:|1700104559\n|move|p2a: Zamazenta|Iron Defense|p2a: Zamazenta\n|-boost|p2a: Zamazenta|def|2\n|move|p1a: Manaphy|Surf|p2a: Zamazenta\n|-damage|p2a: Zamazenta|7\/100\n|\n|-heal|p2a: Zamazenta|14\/100|[from] item: Leftovers\n|upkeep\n|turn|18\n|\n|t:|1700104561\n|move|p2a: Zamazenta|Body Press|p1a: Manaphy\n|-damage|p1a: Manaphy|0 fnt\n|faint|p1a: Manaphy\n|\n|-heal|p2a: Zamazenta|20\/100|[from] item: Leftovers\n|upkeep\n|\n|t:|1700104565\n|switch|p1a: Gangle|Ogerpon-Wellspring, F|100\/100\n|-damage|p1a: Gangle|88\/100|[from] Stealth Rock\n|turn|19\n|\n|t:|1700104570\n|move|p2a: Zamazenta|Body Press|p1a: Gangle\n|-damage|p1a: Gangle|4\/100\n|move|p1a: Gangle|Trailblaze|p2a: Zamazenta\n|-damage|p2a: Zamazenta|10\/100\n|-boost|p1a: Gangle|spe|1\n|\n|-heal|p2a: Zamazenta|16\/100|[from] item: Leftovers\n|upkeep\n|turn|20\n|\n|t:|1700104576\n|move|p1a: Gangle|Ivy Cudgel|p2a: Zamazenta|[anim] Ivy Cudgel Water\n|-damage|p2a: Zamazenta|0 fnt\n|faint|p2a: Zamazenta\n|\n|upkeep\n|-message|whatabeautifulname forfeited.\n|\n|win|AubreyOmori1\n|raw|AubreyOmori1's rating: 1331 &rarr; <strong>1356<\/strong><br \/>(+25 for winning)\n|raw|whatabeautifulname's rating: 1422 &rarr; <strong>1397<\/strong><br \/>(-25 for losing)\n|l|\u2606whatabeautifulname\n","uploadtime":1700104586,"views":9,"p1id":"aubreyomori1","p2id":"whatabeautifulname","formatid":"gen9ou","rating":1356,"private":0,"password":""}