{"id":"gen9ou-1994285894","p1":"firstimpression1","p2":"dawggggg","format":"[Gen 9] OU","log":"|j|\u2606firstimpression1\n|j|\u2606dawggggg\n|t:|1700427118\n|gametype|singles\n|player|p1|firstimpression1|1|1000\n|player|p2|dawggggg|102|1033\n|teamsize|p1|6\n|teamsize|p2|6\n|gen|9\n|tier|[Gen 9] OU\n|rated|\n|rule|Sleep Clause Mod: Limit one foe put to sleep\n|rule|Species Clause: Limit one of each Pok\u00e9mon\n|rule|OHKO Clause: OHKO moves are banned\n|rule|Evasion Items Clause: Evasion items are banned\n|rule|Evasion Moves Clause: Evasion moves are banned\n|rule|Endless Battle Clause: Forcing endless battles is banned\n|rule|HP Percentage Mod: HP is shown in percentages\n|clearpoke\n|poke|p1|Rillaboom, F|\n|poke|p1|Dragonite, M|\n|poke|p1|Great Tusk|\n|poke|p1|Heatran, M|\n|poke|p1|Mandibuzz, F|\n|poke|p1|Slowking-Galar, F|\n|poke|p2|Kingambit, M|\n|poke|p2|Glimmora, M|\n|poke|p2|Zamazenta-*|\n|poke|p2|Iron Valiant|\n|poke|p2|Iron Moth|\n|poke|p2|Ogerpon-Wellspring, F|\n|teampreview\n|inactive|Battle timer is ON: inactive players will automatically lose when time's up. (requested by firstimpression1)\n|inactive|firstimpression1 has 120 seconds left.\n|\n|t:|1700427165\n|start\n|switch|p1a: Great Tusk|Great Tusk|100\/100\n|switch|p2a: Glimmora|Glimmora, M|100\/100\n|turn|1\n|\n|t:|1700427174\n|move|p1a: Great Tusk|Headlong Rush|p2a: Glimmora\n|-supereffective|p2a: Glimmora\n|-enditem|p2a: Glimmora|Focus Sash\n|-damage|p2a: Glimmora|1\/100\n|-unboost|p1a: Great Tusk|def|1\n|-unboost|p1a: Great Tusk|spd|1\n|-activate|p2a: Glimmora|ability: Toxic Debris\n|-sidestart|p1: firstimpression1|move: Toxic Spikes\n|move|p2a: Glimmora|Stealth Rock|p1a: Great Tusk\n|-sidestart|p1: firstimpression1|move: Stealth Rock\n|\n|upkeep\n|turn|2\n|\n|t:|1700427186\n|move|p1a: Great Tusk|Headlong Rush|p2a: Glimmora\n|-supereffective|p2a: Glimmora\n|-damage|p2a: Glimmora|0 fnt\n|-unboost|p1a: Great Tusk|def|1\n|-unboost|p1a: Great Tusk|spd|1\n|-activate|p2a: Glimmora|ability: Toxic Debris\n|-sidestart|p1: firstimpression1|move: Toxic Spikes\n|faint|p2a: Glimmora\n|\n|upkeep\n|\n|t:|1700427196\n|switch|p2a: Iron Moth|Iron Moth|100\/100\n|-enditem|p2a: Iron Moth|Booster Energy\n|-activate|p2a: Iron Moth|ability: Quark Drive|[fromitem]\n|-start|p2a: Iron Moth|quarkdrivespe\n|turn|3\n|\n|t:|1700427208\n|-end|p1a: Great Tusk|Protosynthesis|[silent]\n|switch|p1a: Heatran|Heatran, M|100\/100\n|-damage|p1a: Heatran|88\/100|[from] Stealth Rock\n|move|p2a: Iron Moth|Dazzling Gleam|p1a: Heatran\n|-resisted|p1a: Heatran\n|-damage|p1a: Heatran|84\/100\n|\n|-heal|p1a: Heatran|90\/100|[from] item: Leftovers\n|upkeep\n|turn|4\n|\n|t:|1700427225\n|switch|p1a: Mandibuzz|Mandibuzz, F|100\/100\n|move|p2a: Iron Moth|Fiery Dance|p1a: Mandibuzz\n|-damage|p1a: Mandibuzz|67\/100\n|\n|upkeep\n|turn|5\n|l|\u2606dawggggg\n|inactive|dawggggg disconnected and has a minute to reconnect!\n|player|p2|\n|j|\u2606dawggggg\n|inactive|dawggggg reconnected and has 140 seconds left.\n|player|p2|dawggggg|102\n|\n|t:|1700427243\n|switch|p1a: Heatran|Heatran, M|90\/100\n|-damage|p1a: Heatran|77\/100|[from] Stealth Rock\n|move|p2a: Iron Moth|Sludge Wave|p1a: Heatran\n|-immune|p1a: Heatran\n|\n|-heal|p1a: Heatran|84\/100|[from] item: Leftovers\n|upkeep\n|turn|6\n|\n|t:|1700427259\n|move|p2a: Iron Moth|Fiery Dance|p1a: Heatran\n|-damage|p1a: Heatran|57\/100\n|move|p1a: Heatran|Magma Storm|p2a: Iron Moth\n|-resisted|p2a: Iron Moth\n|-damage|p2a: Iron Moth|79\/100\n|-activate|p2a: Iron Moth|move: Magma Storm|[of] p1a: Heatran\n|\n|-heal|p1a: Heatran|63\/100|[from] item: Leftovers\n|-damage|p2a: Iron Moth|67\/100|[from] move: Magma Storm|[partiallytrapped]\n|upkeep\n|turn|7\n|\n|t:|1700427270\n|move|p1a: Heatran|Protect|p1a: Heatran\n|-singleturn|p1a: Heatran|Protect\n|move|p2a: Iron Moth|Fiery Dance|p1a: Heatran\n|-activate|p1a: Heatran|move: Protect\n|\n|-heal|p1a: Heatran|69\/100|[from] item: Leftovers\n|-damage|p2a: Iron Moth|55\/100|[from] move: Magma Storm|[partiallytrapped]\n|upkeep\n|turn|8\n|\n|t:|1700427280\n|move|p2a: Iron Moth|Fiery Dance|p1a: Heatran\n|-damage|p1a: Heatran|45\/100\n|move|p1a: Heatran|Earth Power|p2a: Iron Moth\n|-supereffective|p2a: Iron Moth\n|-damage|p2a: Iron Moth|0 fnt\n|faint|p2a: Iron Moth\n|-end|p2a: Iron Moth|Quark Drive|[silent]\n|\n|-heal|p1a: Heatran|51\/100|[from] item: Leftovers\n|upkeep\n|\n|t:|1700427292\n|switch|p2a: Kingambit|Kingambit, M|100\/100\n|-activate|p2a: Kingambit|ability: Supreme Overlord\n|-start|p2a: Kingambit|fallen2|[silent]\n|turn|9\n|\n|t:|1700427307\n|move|p2a: Kingambit|Swords Dance|p2a: Kingambit\n|-boost|p2a: Kingambit|atk|2\n|move|p1a: Heatran|Taunt|p2a: Kingambit\n|-start|p2a: Kingambit|move: Taunt\n|\n|-heal|p1a: Heatran|57\/100|[from] item: Leftovers\n|upkeep\n|turn|10\n|\n|t:|1700427319\n|move|p2a: Kingambit|Sucker Punch|p1a: Heatran\n|-damage|p1a: Heatran|0 fnt\n|faint|p1a: Heatran\n|\n|upkeep\n|\n|t:|1700427327\n|switch|p1a: Mandibuzz|Mandibuzz, F|67\/100\n|turn|11\n|inactive|firstimpression1 has 120 seconds left.\n|\n|t:|1700427369\n|move|p2a: Kingambit|Sucker Punch|p1a: Mandibuzz\n|-resisted|p1a: Mandibuzz\n|-damage|p1a: Mandibuzz|33\/100\n|move|p1a: Mandibuzz|Foul Play|p2a: Kingambit\n|-resisted|p2a: Kingambit\n|-damage|p2a: Kingambit|51\/100\n|\n|upkeep\n|turn|12\n|\n|t:|1700427380\n|move|p1a: Mandibuzz|Roost|p1a: Mandibuzz\n|-heal|p1a: Mandibuzz|83\/100\n|-singleturn|p1a: Mandibuzz|move: Roost\n|move|p2a: Kingambit|Iron Head|p1a: Mandibuzz\n|-damage|p1a: Mandibuzz|17\/100\n|\n|-end|p2a: Kingambit|move: Taunt\n|upkeep\n|turn|13\n|\n|t:|1700427398\n|move|p1a: Mandibuzz|Foul Play|p2a: Kingambit\n|-resisted|p2a: Kingambit\n|-crit|p2a: Kingambit\n|-damage|p2a: Kingambit|0 fnt\n|faint|p2a: Kingambit\n|-end|p2a: Kingambit|fallen2|[silent]\n|\n|upkeep\n|\n|t:|1700427404\n|switch|p2a: Zamazenta|Zamazenta, shiny|100\/100\n|-ability|p2a: Zamazenta|Dauntless Shield|boost\n|-boost|p2a: Zamazenta|def|1\n|turn|14\n|\n|t:|1700427411\n|move|p2a: Zamazenta|Stone Edge|p1a: Mandibuzz\n|-supereffective|p1a: Mandibuzz\n|-damage|p1a: Mandibuzz|0 fnt\n|faint|p1a: Mandibuzz\n|\n|upkeep\n|inactive|firstimpression1 has 120 seconds left.\n|\n|t:|1700427433\n|switch|p1a: Great Tusk|Great Tusk|100\/100\n|-status|p1a: Great Tusk|tox\n|-damage|p1a: Great Tusk|98\/100 tox|[from] Stealth Rock\n|turn|15\n|\n|t:|1700427441\n|move|p2a: Zamazenta|Body Press|p1a: Great Tusk\n|-damage|p1a: Great Tusk|59\/100 tox\n|move|p1a: Great Tusk|Headlong Rush|p2a: Zamazenta\n|-damage|p2a: Zamazenta|50\/100\n|-unboost|p1a: Great Tusk|def|1\n|-unboost|p1a: Great Tusk|spd|1\n|\n|-heal|p2a: Zamazenta|57\/100|[from] item: Leftovers\n|-damage|p1a: Great Tusk|53\/100 tox|[from] psn\n|upkeep\n|turn|16\n|\n|t:|1700427455\n|move|p2a: Zamazenta|Body Press|p1a: Great Tusk\n|-damage|p1a: Great Tusk|0 fnt\n|faint|p1a: Great Tusk\n|-end|p1a: Great Tusk|Protosynthesis|[silent]\n|\n|-heal|p2a: Zamazenta|63\/100|[from] item: Leftovers\n|upkeep\n|\n|t:|1700427467\n|switch|p1a: Slowking|Slowking-Galar, F|100\/100\n|-sideend|p1: firstimpression1|move: Toxic Spikes|[of] p1a: Slowking\n|turn|17\n|\n|t:|1700427472\n|move|p2a: Zamazenta|Crunch|p1a: Slowking\n|-supereffective|p1a: Slowking\n|-damage|p1a: Slowking|63\/100\n|-unboost|p1a: Slowking|def|1\n|move|p1a: Slowking|Sludge Bomb|p2a: Zamazenta\n|-damage|p2a: Zamazenta|29\/100\n|\n|-heal|p2a: Zamazenta|36\/100|[from] item: Leftovers\n|upkeep\n|turn|18\n|\n|t:|1700427482\n|move|p2a: Zamazenta|Crunch|p1a: Slowking\n|-supereffective|p1a: Slowking\n|-damage|p1a: Slowking|2\/100\n|move|p1a: Slowking|Sludge Bomb|p2a: Zamazenta\n|-damage|p2a: Zamazenta|7\/100\n|\n|-heal|p2a: Zamazenta|13\/100|[from] item: Leftovers\n|upkeep\n|turn|19\n|\n|t:|1700427499\n|move|p2a: Zamazenta|Crunch|p1a: Slowking\n|-supereffective|p1a: Slowking\n|-damage|p1a: Slowking|0 fnt\n|faint|p1a: Slowking\n|\n|-heal|p2a: Zamazenta|19\/100|[from] item: Leftovers\n|upkeep\n|\n|t:|1700427502\n|switch|p1a: Rillaboom|Rillaboom, F|100\/100\n|-damage|p1a: Rillaboom|88\/100|[from] Stealth Rock\n|-fieldstart|move: Grassy Terrain|[from] ability: Grassy Surge|[of] p1a: Rillaboom\n|turn|20\n|\n|t:|1700427512\n|move|p2a: Zamazenta|Stone Edge|p1a: Rillaboom|[miss]\n|-miss|p2a: Zamazenta|p1a: Rillaboom\n|move|p1a: Rillaboom|Wood Hammer|p2a: Zamazenta\n|-damage|p2a: Zamazenta|0 fnt\n|faint|p2a: Zamazenta\n|-damage|p1a: Rillaboom|82\/100|[from] Recoil\n|\n|-heal|p1a: Rillaboom|88\/100|[from] Grassy Terrain\n|upkeep\n|\n|t:|1700427529\n|switch|p2a: Ogerpon|Ogerpon-Wellspring, F|100\/100\n|turn|21\n|\n|t:|1700427538\n|move|p2a: Ogerpon|Swords Dance|p2a: Ogerpon\n|-boost|p2a: Ogerpon|atk|2\n|move|p1a: Rillaboom|Wood Hammer|p2a: Ogerpon\n|-damage|p2a: Ogerpon|0 fnt\n|faint|p2a: Ogerpon\n|-damage|p1a: Rillaboom|59\/100|[from] Recoil\n|\n|-heal|p1a: Rillaboom|66\/100|[from] Grassy Terrain\n|upkeep\n|\n|t:|1700427549\n|switch|p2a: Iron Valiant|Iron Valiant|100\/100\n|-enditem|p2a: Iron Valiant|Booster Energy\n|-activate|p2a: Iron Valiant|ability: Quark Drive|[fromitem]\n|-start|p2a: Iron Valiant|quarkdrivespe\n|turn|22\n|\n|t:|1700427556\n|move|p2a: Iron Valiant|Psyshock|p1a: Rillaboom\n|-damage|p1a: Rillaboom|35\/100\n|move|p1a: Rillaboom|Wood Hammer|p2a: Iron Valiant\n|-damage|p2a: Iron Valiant|0 fnt\n|faint|p2a: Iron Valiant\n|-end|p2a: Iron Valiant|Quark Drive|[silent]\n|-damage|p1a: Rillaboom|8\/100|[from] Recoil\n|\n|win|firstimpression1\n|raw|firstimpression1's rating: 1000 &rarr; <strong>1044<\/strong><br \/>(+44 for winning)\n|raw|dawggggg's rating: 1033 &rarr; <strong>1017<\/strong><br \/>(-16 for losing)\n","uploadtime":1700427571,"views":12,"p1id":"firstimpression1","p2id":"dawggggg","formatid":"gen9ou","rating":1017,"private":0,"password":""}