{"id":"gen9ou-2000155767","p1":"Ordmas","p2":"red_texan","format":"[Gen 9] OU","log":"|j|\u2606Ordmas\n|j|\u2606red_texan\n|t:|1701164442\n|gametype|singles\n|player|p1|Ordmas|rocketgruntf|1122\n|player|p2|red_texan|mela|1004\n|teamsize|p1|6\n|teamsize|p2|6\n|gen|9\n|tier|[Gen 9] OU\n|rated|\n|rule|Sleep Clause Mod: Limit one foe put to sleep\n|rule|Species Clause: Limit one of each Pok\u00e9mon\n|rule|OHKO Clause: OHKO moves are banned\n|rule|Evasion Items Clause: Evasion items are banned\n|rule|Evasion Moves Clause: Evasion moves are banned\n|rule|Endless Battle Clause: Forcing endless battles is banned\n|rule|HP Percentage Mod: HP is shown in percentages\n|clearpoke\n|poke|p1|Ribombee, F|\n|poke|p1|Garchomp, F|\n|poke|p1|Greninja-*, M|\n|poke|p1|Zapdos|\n|poke|p1|Jirachi|\n|poke|p1|Gengar, M|\n|poke|p2|Walking Wake|\n|poke|p2|Gastrodon-East, F|\n|poke|p2|Slowking-Galar, M|\n|poke|p2|Basculegion-F, F|\n|poke|p2|Politoed, M|\n|poke|p2|Qwilfish-Hisui, M|\n|teampreview\n|\n|t:|1701164450\n|start\n|switch|p1a: Feechka|Ribombee, F|100\/100\n|switch|p2a: Qwilfish|Qwilfish-Hisui, M|100\/100\n|turn|1\n|\n|t:|1701164460\n|move|p1a: Feechka|Sticky Web|p2a: Qwilfish\n|-sidestart|p2: red_texan|move: Sticky Web\n|move|p2a: Qwilfish|Rain Dance|p2a: Qwilfish\n|-weather|RainDance\n|\n|-weather|RainDance|[upkeep]\n|upkeep\n|turn|2\n|\n|t:|1701164480\n|switch|p2a: Basculegion|Basculegion-F, F|100\/100\n|-activate|p2a: Basculegion|move: Sticky Web\n|-unboost|p2a: Basculegion|spe|1\n|move|p1a: Feechka|Stun Spore|p2a: Basculegion|[miss]\n|-miss|p1a: Feechka|p2a: Basculegion\n|\n|-weather|RainDance|[upkeep]\n|upkeep\n|turn|3\n|\n|t:|1701164507\n|move|p1a: Feechka|Stun Spore|p2a: Basculegion|[miss]\n|-miss|p1a: Feechka|p2a: Basculegion\n|move|p2a: Basculegion|Hydro Pump|p1a: Feechka|[miss]\n|-miss|p2a: Basculegion|p1a: Feechka\n|\n|-weather|RainDance|[upkeep]\n|upkeep\n|turn|4\n|\n|t:|1701164516\n|move|p1a: Feechka|U-turn|p2a: Basculegion\n|-resisted|p2a: Basculegion\n|-damage|p2a: Basculegion|94\/100\n|\n|t:|1701164519\n|switch|p1a: Ten'|Greninja, M|100\/100|[from] U-turn\n|move|p2a: Basculegion|Hydro Pump|p1a: Ten'\n|-resisted|p1a: Ten'\n|-damage|p1a: Ten'|7\/100\n|\n|-weather|RainDance|[upkeep]\n|upkeep\n|turn|5\n|\n|t:|1701164529\n|move|p1a: Ten'|Dark Pulse|p2a: Basculegion\n|-supereffective|p2a: Basculegion\n|-damage|p2a: Basculegion|7\/100\n|-damage|p1a: Ten'|0 fnt|[from] item: Life Orb\n|faint|p1a: Ten'\n|move|p2a: Basculegion|Hydro Pump|p1: Ten'|[notarget]\n|-fail|p2a: Basculegion\n|\n|-weather|none\n|upkeep\n|\n|t:|1701164541\n|switch|p1a: Feechka|Ribombee, F|100\/100\n|turn|6\n|\n|t:|1701164547\n|switch|p2a: Politoed|Politoed, M|100\/100\n|-activate|p2a: Politoed|move: Sticky Web\n|-unboost|p2a: Politoed|spe|1\n|-weather|RainDance|[from] ability: Drizzle|[of] p2a: Politoed\n|move|p1a: Feechka|Moonblast|p2a: Politoed\n|-damage|p2a: Politoed|77\/100\n|\n|-weather|RainDance|[upkeep]\n|upkeep\n|turn|7\n|\n|t:|1701164560\n|switch|p2a: Gastrodon|Gastrodon-East, F|100\/100\n|-activate|p2a: Gastrodon|move: Sticky Web\n|-unboost|p2a: Gastrodon|spe|1\n|move|p1a: Feechka|Stun Spore|p2a: Gastrodon\n|-status|p2a: Gastrodon|par\n|\n|-weather|RainDance|[upkeep]\n|upkeep\n|turn|8\n|\n|t:|1701164576\n|move|p1a: Feechka|Moonblast|p2a: Gastrodon\n|-damage|p2a: Gastrodon|60\/100 par\n|-unboost|p2a: Gastrodon|spa|1\n|cant|p2a: Gastrodon|par\n|\n|-weather|RainDance|[upkeep]\n|upkeep\n|turn|9\n|-message|red_texan forfeited.\n|\n|win|Ordmas\n|raw|Ordmas's rating: 1122 &rarr; <strong>1139<\/strong><br \/>(+17 for winning)\n|raw|red_texan's rating: 1004 &rarr; <strong>1000<\/strong><br \/>(-4 for losing)\n|l|\u2606red_texan\n","uploadtime":1701164632,"views":4,"p1id":"ordmas","p2id":"redtexan","formatid":"gen9ou","rating":1000,"private":0,"password":""}