{"id":"gen9ou-1990102346","p1":"JesuSavesBro2","p2":"Siliciferous_sand","format":"[Gen 9] OU","log":"|j|\u2606JesuSavesBro2\n|j|\u2606Siliciferous_sand\n|t:|1699924765\n|gametype|singles\n|player|p1|JesuSavesBro2|plasmagrunt|1084\n|player|p2|Siliciferous_sand|unknown|1000\n|teamsize|p1|6\n|teamsize|p2|6\n|gen|9\n|tier|[Gen 9] OU\n|rated|\n|rule|Sleep Clause Mod: Limit one foe put to sleep\n|rule|Species Clause: Limit one of each Pok\u00e9mon\n|rule|OHKO Clause: OHKO moves are banned\n|rule|Evasion Items Clause: Evasion items are banned\n|rule|Evasion Moves Clause: Evasion moves are banned\n|rule|Endless Battle Clause: Forcing endless battles is banned\n|rule|HP Percentage Mod: HP is shown in percentages\n|clearpoke\n|poke|p1|Beartic, M|\n|poke|p1|Kilowattrel, F|\n|poke|p1|Samurott-Hisui, M|\n|poke|p1|Manaphy|\n|poke|p1|Pelipper, M|\n|poke|p1|Great Tusk|\n|poke|p2|Rillaboom, F|\n|poke|p2|Alomomola, M|\n|poke|p2|Cinderace, F|\n|poke|p2|Enamorus, F|\n|poke|p2|Dragapult, M|\n|poke|p2|Clodsire, F|\n|teampreview\n|inactive|Battle timer is ON: inactive players will automatically lose when time's up. (requested by Siliciferous_sand)\n|inactive|JesuSavesBro2 also wants the timer to be on.\n|inactive|Siliciferous_sand has 120 seconds left.\n|\n|t:|1699924807\n|start\n|switch|p1a: Pelipper|Pelipper, M|100\/100\n|switch|p2a: Pew Pew|Dragapult, M|100\/100\n|-weather|RainDance|[from] ability: Drizzle|[of] p1a: Pelipper\n|turn|1\n|\n|t:|1699924824\n|switch|p1a: Samurott|Samurott-Hisui, M|100\/100\n|move|p2a: Pew Pew|Draco Meteor|p1a: Samurott\n|-crit|p1a: Samurott\n|-damage|p1a: Samurott|0 fnt\n|-unboost|p2a: Pew Pew|spa|2\n|faint|p1a: Samurott\n|\n|-weather|RainDance|[upkeep]\n|upkeep\n|\n|t:|1699924830\n|switch|p1a: Beartic|Beartic, M|100\/100\n|turn|2\n|\n|t:|1699924840\n|switch|p2a: Amomaloamala|Alomomola, M|100\/100\n|move|p1a: Beartic|Icicle Crash|p2a: Amomaloamala\n|-resisted|p2a: Amomaloamala\n|-damage|p2a: Amomaloamala|79\/100\n|\n|-weather|RainDance|[upkeep]\n|upkeep\n|turn|3\n|\n|t:|1699924851\n|switch|p1a: Kilowattrel|Kilowattrel, F|100\/100\n|move|p2a: Amomaloamala|Flip Turn|p1a: Kilowattrel\n|-damage|p1a: Kilowattrel|56\/100\n|\n|t:|1699924854\n|switch|p2a: Pew Pew|Dragapult, M|100\/100|[from] Flip Turn\n|\n|-weather|RainDance|[upkeep]\n|upkeep\n|turn|4\n|\n|t:|1699924862\n|move|p2a: Pew Pew|Draco Meteor|p1a: Kilowattrel\n|-damage|p1a: Kilowattrel|0 fnt\n|-unboost|p2a: Pew Pew|spa|2\n|faint|p1a: Kilowattrel\n|\n|-weather|RainDance|[upkeep]\n|upkeep\n|\n|t:|1699924870\n|switch|p1a: Great Tusk|Great Tusk|100\/100\n|turn|5\n|\n|t:|1699924873\n|move|p2a: Pew Pew|U-turn|p1a: Great Tusk\n|-resisted|p1a: Great Tusk\n|-damage|p1a: Great Tusk|97\/100\n|\n|t:|1699924876\n|switch|p2a: Amomaloamala|Alomomola, M|100\/100|[from] U-turn\n|move|p1a: Great Tusk|Stealth Rock|p2a: Amomaloamala\n|-sidestart|p2: Siliciferous_sand|move: Stealth Rock\n|\n|-weather|RainDance|[upkeep]\n|-heal|p1a: Great Tusk|100\/100|[from] item: Leftovers\n|upkeep\n|turn|6\n|\n|t:|1699924882\n|move|p1a: Great Tusk|Knock Off|p2a: Amomaloamala\n|-damage|p2a: Amomaloamala|82\/100\n|-enditem|p2a: Amomaloamala|Heavy-Duty Boots|[from] move: Knock Off|[of] p1a: Great Tusk\n|move|p2a: Amomaloamala|Scald|p1a: Great Tusk\n|-supereffective|p1a: Great Tusk\n|-damage|p1a: Great Tusk|47\/100\n|-status|p1a: Great Tusk|brn\n|\n|-weather|RainDance|[upkeep]\n|-heal|p1a: Great Tusk|53\/100 brn|[from] item: Leftovers\n|-damage|p1a: Great Tusk|47\/100 brn|[from] brn\n|upkeep\n|turn|7\n|\n|t:|1699924893\n|-end|p1a: Great Tusk|Protosynthesis|[silent]\n|switch|p1a: Manaphy|Manaphy|100\/100\n|move|p2a: Amomaloamala|Scald|p1a: Manaphy\n|-resisted|p1a: Manaphy\n|-damage|p1a: Manaphy|90\/100\n|\n|-weather|RainDance|[upkeep]\n|-heal|p1a: Manaphy|96\/100|[from] item: Leftovers\n|upkeep\n|turn|8\n|\n|t:|1699924901\n|move|p1a: Manaphy|Tail Glow|p1a: Manaphy\n|-boost|p1a: Manaphy|spa|3\n|move|p2a: Amomaloamala|Flip Turn|p1a: Manaphy\n|-resisted|p1a: Manaphy\n|-damage|p1a: Manaphy|84\/100\n|\n|t:|1699924903\n|switch|p2a: Rillabomb|Rillaboom, F|100\/100|[from] Flip Turn\n|-damage|p2a: Rillabomb|88\/100|[from] Stealth Rock\n|-fieldstart|move: Grassy Terrain|[from] ability: Grassy Surge|[of] p2a: Rillabomb\n|\n|-weather|none\n|-heal|p1a: Manaphy|90\/100|[from] Grassy Terrain\n|-heal|p1a: Manaphy|96\/100|[from] item: Leftovers\n|-heal|p2a: Rillabomb|94\/100|[from] Grassy Terrain\n|upkeep\n|turn|9\n|\n|t:|1699924915\n|-terastallize|p1a: Manaphy|Fire\n|-terastallize|p2a: Rillabomb|Grass\n|move|p2a: Rillabomb|Grassy Glide|p1a: Manaphy\n|-resisted|p1a: Manaphy\n|-damage|p1a: Manaphy|58\/100\n|move|p1a: Manaphy|Tail Glow|p1a: Manaphy\n|-boost|p1a: Manaphy|spa|3\n|\n|-heal|p1a: Manaphy|64\/100|[from] Grassy Terrain\n|-heal|p1a: Manaphy|70\/100|[from] item: Leftovers\n|-heal|p2a: Rillabomb|100\/100|[from] Grassy Terrain\n|upkeep\n|turn|10\n|\n|t:|1699924934\n|switch|p2a: Gliscor 2.0|Clodsire, F|100\/100\n|-damage|p2a: Gliscor 2.0|94\/100|[from] Stealth Rock\n|move|p1a: Manaphy|Dazzling Gleam|p2a: Gliscor 2.0\n|-resisted|p2a: Gliscor 2.0\n|-damage|p2a: Gliscor 2.0|88\/100\n|\n|-heal|p1a: Manaphy|76\/100|[from] Grassy Terrain\n|-heal|p1a: Manaphy|82\/100|[from] item: Leftovers\n|-heal|p2a: Gliscor 2.0|94\/100|[from] Grassy Terrain\n|-heal|p2a: Gliscor 2.0|100\/100|[from] item: Leftovers\n|upkeep\n|turn|11\n|\n|t:|1699924944\n|move|p1a: Manaphy|Energy Ball|p2a: Gliscor 2.0\n|-damage|p2a: Gliscor 2.0|82\/100\n|move|p2a: Gliscor 2.0|Toxic|p1a: Manaphy\n|-status|p1a: Manaphy|tox\n|\n|-heal|p1a: Manaphy|88\/100 tox|[from] Grassy Terrain\n|-heal|p1a: Manaphy|95\/100 tox|[from] item: Leftovers\n|-heal|p2a: Gliscor 2.0|88\/100|[from] Grassy Terrain\n|-heal|p2a: Gliscor 2.0|95\/100|[from] item: Leftovers\n|-damage|p1a: Manaphy|88\/100 tox|[from] psn\n|upkeep\n|turn|12\n|\n|t:|1699924950\n|move|p1a: Manaphy|Surf|p2a: Gliscor 2.0\n|-supereffective|p2a: Gliscor 2.0\n|-damage|p2a: Gliscor 2.0|56\/100\n|move|p2a: Gliscor 2.0|Earthquake|p1a: Manaphy\n|-supereffective|p1a: Manaphy\n|-damage|p1a: Manaphy|62\/100 tox\n|\n|-heal|p1a: Manaphy|68\/100 tox|[from] Grassy Terrain\n|-heal|p1a: Manaphy|74\/100 tox|[from] item: Leftovers\n|-heal|p2a: Gliscor 2.0|62\/100|[from] Grassy Terrain\n|-heal|p2a: Gliscor 2.0|68\/100|[from] item: Leftovers\n|-damage|p1a: Manaphy|62\/100 tox|[from] psn\n|-fieldend|move: Grassy Terrain\n|upkeep\n|turn|13\n|\n|t:|1699924959\n|move|p1a: Manaphy|Surf|p2a: Gliscor 2.0\n|-supereffective|p2a: Gliscor 2.0\n|-damage|p2a: Gliscor 2.0|27\/100\n|move|p2a: Gliscor 2.0|Recover|p2a: Gliscor 2.0\n|-heal|p2a: Gliscor 2.0|77\/100\n|\n|-heal|p1a: Manaphy|68\/100 tox|[from] item: Leftovers\n|-heal|p2a: Gliscor 2.0|83\/100|[from] item: Leftovers\n|-damage|p1a: Manaphy|50\/100 tox|[from] psn\n|upkeep\n|turn|14\n|\n|t:|1699924966\n|switch|p1a: Pelipper|Pelipper, M|100\/100\n|-weather|RainDance|[from] ability: Drizzle|[of] p1a: Pelipper\n|move|p2a: Gliscor 2.0|Recover|p2a: Gliscor 2.0\n|-heal|p2a: Gliscor 2.0|100\/100\n|\n|-weather|RainDance|[upkeep]\n|upkeep\n|turn|15\n|c|\u2606JesuSavesBro2|Aint no way\n|\n|t:|1699924980\n|move|p1a: Pelipper|Surf|p2a: Gliscor 2.0\n|-supereffective|p2a: Gliscor 2.0\n|-damage|p2a: Gliscor 2.0|56\/100\n|move|p2a: Gliscor 2.0|Spikes|p1a: Pelipper\n|-sidestart|p1: JesuSavesBro2|Spikes\n|\n|-weather|RainDance|[upkeep]\n|-heal|p2a: Gliscor 2.0|62\/100|[from] item: Leftovers\n|upkeep\n|turn|16\n|\n|t:|1699924990\n|switch|p1a: Beartic|Beartic, M|100\/100\n|-damage|p1a: Beartic|88\/100|[from] Spikes\n|switch|p2a: Amomaloamala|Alomomola, M|100\/100\n|-damage|p2a: Amomaloamala|88\/100|[from] Stealth Rock\n|\n|-weather|RainDance|[upkeep]\n|upkeep\n|turn|17\n|\n|t:|1699925006\n|move|p1a: Beartic|Crunch|p2a: Amomaloamala\n|-damage|p2a: Amomaloamala|62\/100\n|move|p2a: Amomaloamala|Scald|p1a: Beartic\n|-damage|p1a: Beartic|61\/100\n|-status|p1a: Beartic|brn\n|\n|-weather|RainDance|[upkeep]\n|-damage|p1a: Beartic|55\/100 brn|[from] brn\n|upkeep\n|turn|18\n|\n|t:|1699925014\n|switch|p1a: Great Tusk|Great Tusk|47\/100 brn\n|-damage|p1a: Great Tusk|34\/100 brn|[from] Spikes\n|move|p2a: Amomaloamala|Wish|p2a: Amomaloamala\n|\n|-weather|RainDance|[upkeep]\n|-heal|p1a: Great Tusk|40\/100 brn|[from] item: Leftovers\n|-damage|p1a: Great Tusk|34\/100 brn|[from] brn\n|upkeep\n|turn|19\n|\n|t:|1699925020\n|move|p1a: Great Tusk|Earthquake|p2a: Amomaloamala\n|-damage|p2a: Amomaloamala|50\/100\n|move|p2a: Amomaloamala|Scald|p1a: Great Tusk\n|-supereffective|p1a: Great Tusk\n|-damage|p1a: Great Tusk|0 fnt\n|faint|p1a: Great Tusk\n|-end|p1a: Great Tusk|Protosynthesis|[silent]\n|\n|-weather|RainDance|[upkeep]\n|-heal|p2a: Amomaloamala|99\/100|[from] move: Wish|[wisher] Amomaloamala\n|upkeep\n|\n|t:|1699925026\n|switch|p1a: Beartic|Beartic, M|55\/100 brn\n|-damage|p1a: Beartic|42\/100 brn|[from] Spikes\n|turn|20\n|\n|t:|1699925043\n|move|p1a: Beartic|Close Combat|p2a: Amomaloamala\n|-damage|p2a: Amomaloamala|81\/100\n|-unboost|p1a: Beartic|def|1\n|-unboost|p1a: Beartic|spd|1\n|move|p2a: Amomaloamala|Scald|p1a: Beartic\n|-damage|p1a: Beartic|8\/100 brn\n|\n|-weather|RainDance|[upkeep]\n|-damage|p1a: Beartic|2\/100 brn|[from] brn\n|upkeep\n|turn|21\n|\n|t:|1699925048\n|move|p1a: Beartic|Close Combat|p2a: Amomaloamala\n|-damage|p2a: Amomaloamala|63\/100\n|-unboost|p1a: Beartic|def|1\n|-unboost|p1a: Beartic|spd|1\n|move|p2a: Amomaloamala|Wish|p2a: Amomaloamala\n|\n|-weather|none\n|-damage|p1a: Beartic|0 fnt|[from] brn\n|faint|p1a: Beartic\n|upkeep\n|\n|t:|1699925051\n|switch|p1a: Manaphy|Manaphy, tera:Fire|50\/100 tox\n|-damage|p1a: Manaphy|37\/100 tox|[from] Spikes\n|turn|22\n|\n|t:|1699925056\n|move|p1a: Manaphy|Energy Ball|p2a: Amomaloamala\n|-supereffective|p2a: Amomaloamala\n|-damage|p2a: Amomaloamala|18\/100\n|move|p2a: Amomaloamala|Flip Turn|p1a: Manaphy\n|-supereffective|p1a: Manaphy\n|-damage|p1a: Manaphy|2\/100 tox\n|\n|t:|1699925061\n|switch|p2a: Gliscor 2.0|Clodsire, F|62\/100|[from] Flip Turn\n|-damage|p2a: Gliscor 2.0|56\/100|[from] Stealth Rock\n|\n|-heal|p2a: Gliscor 2.0|100\/100|[from] move: Wish|[wisher] Amomaloamala\n|-heal|p1a: Manaphy|8\/100 tox|[from] item: Leftovers\n|-damage|p1a: Manaphy|2\/100 tox|[from] psn\n|upkeep\n|turn|23\n|\n|t:|1699925073\n|move|p1a: Manaphy|Surf|p2a: Gliscor 2.0\n|-supereffective|p2a: Gliscor 2.0\n|-damage|p2a: Gliscor 2.0|57\/100\n|move|p2a: Gliscor 2.0|Recover|p2a: Gliscor 2.0\n|-heal|p2a: Gliscor 2.0|100\/100\n|\n|-heal|p1a: Manaphy|8\/100 tox|[from] item: Leftovers\n|-damage|p1a: Manaphy|0 fnt|[from] psn\n|faint|p1a: Manaphy\n|upkeep\n|\n|t:|1699925075\n|switch|p1a: Pelipper|Pelipper, M|100\/100\n|-weather|RainDance|[from] ability: Drizzle|[of] p1a: Pelipper\n|turn|24\n|\n|t:|1699925086\n|move|p1a: Pelipper|Surf|p2a: Gliscor 2.0\n|-supereffective|p2a: Gliscor 2.0\n|-damage|p2a: Gliscor 2.0|54\/100\n|move|p2a: Gliscor 2.0|Toxic|p1a: Pelipper\n|-status|p1a: Pelipper|tox\n|\n|-weather|RainDance|[upkeep]\n|-heal|p2a: Gliscor 2.0|60\/100|[from] item: Leftovers\n|-damage|p1a: Pelipper|94\/100 tox|[from] psn\n|upkeep\n|turn|25\n|\n|t:|1699925092\n|move|p1a: Pelipper|Surf|p2a: Gliscor 2.0\n|-supereffective|p2a: Gliscor 2.0\n|-damage|p2a: Gliscor 2.0|9\/100\n|move|p2a: Gliscor 2.0|Recover|p2a: Gliscor 2.0\n|-heal|p2a: Gliscor 2.0|59\/100\n|\n|-weather|RainDance|[upkeep]\n|-heal|p2a: Gliscor 2.0|66\/100|[from] item: Leftovers\n|-damage|p1a: Pelipper|82\/100 tox|[from] psn\n|upkeep\n|turn|26\n|\n|t:|1699925095\n|move|p1a: Pelipper|Surf|p2a: Gliscor 2.0\n|-supereffective|p2a: Gliscor 2.0\n|-damage|p2a: Gliscor 2.0|14\/100\n|move|p2a: Gliscor 2.0|Recover|p2a: Gliscor 2.0\n|-heal|p2a: Gliscor 2.0|64\/100\n|\n|-weather|RainDance|[upkeep]\n|-heal|p2a: Gliscor 2.0|70\/100|[from] item: Leftovers\n|-damage|p1a: Pelipper|63\/100 tox|[from] psn\n|upkeep\n|turn|27\n|\n|t:|1699925098\n|move|p1a: Pelipper|Surf|p2a: Gliscor 2.0\n|-supereffective|p2a: Gliscor 2.0\n|-damage|p2a: Gliscor 2.0|26\/100\n|move|p2a: Gliscor 2.0|Recover|p2a: Gliscor 2.0\n|-heal|p2a: Gliscor 2.0|76\/100\n|\n|-weather|RainDance|[upkeep]\n|-heal|p2a: Gliscor 2.0|82\/100|[from] item: Leftovers\n|-damage|p1a: Pelipper|39\/100 tox|[from] psn\n|upkeep\n|turn|28\n|\n|t:|1699925100\n|move|p1a: Pelipper|Surf|p2a: Gliscor 2.0\n|-supereffective|p2a: Gliscor 2.0\n|-damage|p2a: Gliscor 2.0|33\/100\n|move|p2a: Gliscor 2.0|Recover|p2a: Gliscor 2.0\n|-heal|p2a: Gliscor 2.0|83\/100\n|\n|-weather|RainDance|[upkeep]\n|-heal|p2a: Gliscor 2.0|89\/100|[from] item: Leftovers\n|-damage|p1a: Pelipper|8\/100 tox|[from] psn\n|upkeep\n|turn|29\n|\n|t:|1699925103\n|move|p1a: Pelipper|Surf|p2a: Gliscor 2.0\n|-supereffective|p2a: Gliscor 2.0\n|-damage|p2a: Gliscor 2.0|40\/100\n|move|p2a: Gliscor 2.0|Recover|p2a: Gliscor 2.0\n|-heal|p2a: Gliscor 2.0|90\/100\n|\n|-weather|RainDance|[upkeep]\n|-heal|p2a: Gliscor 2.0|96\/100|[from] item: Leftovers\n|-damage|p1a: Pelipper|0 fnt|[from] psn\n|faint|p1a: Pelipper\n|\n|win|Siliciferous_sand\n|upkeep\n|raw|JesuSavesBro2's rating: 1084 &rarr; <strong>1056<\/strong><br \/>(-28 for losing)\n|raw|Siliciferous_sand's rating: 1000 &rarr; <strong>1049<\/strong><br \/>(+49 for winning)\n|l|\u2606JesuSavesBro2\n","uploadtime":1699925125,"views":19,"p1id":"jesusavesbro2","p2id":"siliciferoussand","formatid":"gen9ou","rating":1049,"private":0,"password":""}