{"id":"gen9ou-1992148651","p1":"OkJuice100","p2":"Tedanatar","format":"[Gen 9] OU","log":"|j|\u2606OkJuice100\n|j|\u2606Tedanatar\n|t:|1700159057\n|gametype|singles\n|player|p1|OkJuice100|1|1284\n|player|p2|Tedanatar|101|1352\n|teamsize|p1|6\n|teamsize|p2|6\n|gen|9\n|tier|[Gen 9] OU\n|rated|\n|rule|Sleep Clause Mod: Limit one foe put to sleep\n|rule|Species Clause: Limit one of each Pok\u00e9mon\n|rule|OHKO Clause: OHKO moves are banned\n|rule|Evasion Items Clause: Evasion items are banned\n|rule|Evasion Moves Clause: Evasion moves are banned\n|rule|Endless Battle Clause: Forcing endless battles is banned\n|rule|HP Percentage Mod: HP is shown in percentages\n|clearpoke\n|poke|p1|Cinderace, M|\n|poke|p1|Empoleon, F|\n|poke|p1|Slowking-Galar, F|\n|poke|p1|Pelipper, F|\n|poke|p1|Barraskewda, F|\n|poke|p1|Rillaboom, F|\n|poke|p2|Maushold|\n|poke|p2|Ceruledge, M|\n|poke|p2|Kingambit, M|\n|poke|p2|Landorus-Therian, M|\n|poke|p2|Rillaboom, M|\n|poke|p2|Walking Wake|\n|teampreview\n|inactive|Battle timer is ON: inactive players will automatically lose when time's up. (requested by Tedanatar)\n|\n|t:|1700159083\n|start\n|switch|p1a: Barraskewda|Barraskewda, F|100\/100\n|switch|p2a: Walking Wake|Walking Wake|100\/100\n|-enditem|p2a: Walking Wake|Booster Energy\n|-activate|p2a: Walking Wake|ability: Protosynthesis|[fromitem]\n|-start|p2a: Walking Wake|protosynthesisspa\n|turn|1\n|\n|t:|1700159090\n|move|p1a: Barraskewda|Flip Turn|p2a: Walking Wake\n|-resisted|p2a: Walking Wake\n|-damage|p2a: Walking Wake|89\/100\n|\n|t:|1700159092\n|switch|p1a: Slowking|Slowking-Galar, F|100\/100|[from] Flip Turn\n|move|p2a: Walking Wake|Substitute|p2a: Walking Wake\n|-start|p2a: Walking Wake|Substitute\n|-damage|p2a: Walking Wake|64\/100\n|\n|upkeep\n|turn|2\n|\n|t:|1700159102\n|move|p2a: Walking Wake|Surf|p1a: Slowking\n|-damage|p1a: Slowking|54\/100\n|move|p1a: Slowking|Sludge Bomb|p2a: Walking Wake\n|-end|p2a: Walking Wake|Substitute\n|\n|upkeep\n|turn|3\n|\n|t:|1700159109\n|move|p2a: Walking Wake|Surf|p1a: Slowking\n|-damage|p1a: Slowking|10\/100\n|move|p1a: Slowking|Sludge Bomb|p2a: Walking Wake\n|-damage|p2a: Walking Wake|22\/100\n|\n|upkeep\n|turn|4\n|\n|t:|1700159114\n|switch|p1a: Rillaboom|Rillaboom, F|100\/100\n|-fieldstart|move: Grassy Terrain|[from] ability: Grassy Surge|[of] p1a: Rillaboom\n|move|p2a: Walking Wake|Surf|p1a: Rillaboom\n|-resisted|p1a: Rillaboom\n|-damage|p1a: Rillaboom|62\/100\n|\n|-heal|p2a: Walking Wake|28\/100|[from] Grassy Terrain\n|-heal|p1a: Rillaboom|68\/100|[from] Grassy Terrain\n|-heal|p1a: Rillaboom|74\/100|[from] item: Leftovers\n|upkeep\n|turn|5\n|\n|t:|1700159125\n|-end|p2a: Walking Wake|Protosynthesis|[silent]\n|switch|p2a: Landorus|Landorus-Therian, M|100\/100\n|-ability|p2a: Landorus|Intimidate|boost\n|-unboost|p1a: Rillaboom|atk|1\n|move|p1a: Rillaboom|Grassy Glide|p2a: Landorus\n|-damage|p2a: Landorus|72\/100\n|\n|-heal|p1a: Rillaboom|80\/100|[from] Grassy Terrain\n|-heal|p1a: Rillaboom|86\/100|[from] item: Leftovers\n|upkeep\n|turn|6\n|\n|t:|1700159132\n|move|p1a: Rillaboom|Protect|p1a: Rillaboom\n|-singleturn|p1a: Rillaboom|Protect\n|move|p2a: Landorus|U-turn|p1a: Rillaboom\n|-activate|p1a: Rillaboom|move: Protect\n|\n|-heal|p1a: Rillaboom|92\/100|[from] Grassy Terrain\n|-heal|p1a: Rillaboom|98\/100|[from] item: Leftovers\n|upkeep\n|turn|7\n|\n|t:|1700159138\n|switch|p1a: Cinderace|Cinderace, M|100\/100\n|move|p2a: Landorus|U-turn|p1a: Cinderace\n|-resisted|p1a: Cinderace\n|-damage|p1a: Cinderace|81\/100\n|\n|t:|1700159146\n|switch|p2a: Ceruledge|Ceruledge, M|100\/100|[from] U-turn\n|\n|-heal|p1a: Cinderace|87\/100|[from] Grassy Terrain\n|upkeep\n|turn|8\n|\n|t:|1700159149\n|move|p1a: Cinderace|U-turn|p2a: Ceruledge\n|-start|p1a: Cinderace|typechange|Bug|[from] ability: Libero\n|-resisted|p2a: Ceruledge\n|-damage|p2a: Ceruledge|92\/100\n|-ability|p2a: Ceruledge|Weak Armor|boost\n|-unboost|p2a: Ceruledge|def|1\n|-boost|p2a: Ceruledge|spe|2\n|\n|t:|1700159152\n|switch|p1a: Pelipper|Pelipper, F|100\/100|[from] U-turn\n|-weather|RainDance|[from] ability: Drizzle|[of] p1a: Pelipper\n|move|p2a: Ceruledge|Swords Dance|p2a: Ceruledge\n|-boost|p2a: Ceruledge|atk|2\n|\n|-weather|RainDance|[upkeep]\n|-heal|p2a: Ceruledge|98\/100|[from] Grassy Terrain\n|-fieldend|move: Grassy Terrain\n|upkeep\n|turn|9\n|\n|t:|1700159160\n|move|p2a: Ceruledge|Shadow Sneak|p1a: Pelipper\n|-crit|p1a: Pelipper\n|-damage|p1a: Pelipper|53\/100\n|move|p1a: Pelipper|Weather Ball|p2a: Ceruledge\n|-supereffective|p2a: Ceruledge\n|-damage|p2a: Ceruledge|0 fnt\n|faint|p2a: Ceruledge\n|\n|-weather|RainDance|[upkeep]\n|upkeep\n|\n|t:|1700159168\n|switch|p2a: Maushold|Maushold|100\/100\n|turn|10\n|\n|t:|1700159171\n|move|p2a: Maushold|Tidy Up|p2a: Maushold\n|-boost|p2a: Maushold|atk|1\n|-boost|p2a: Maushold|spe|1\n|move|p1a: Pelipper|Knock Off|p2a: Maushold\n|-damage|p2a: Maushold|80\/100\n|-enditem|p2a: Maushold|Loaded Dice|[from] move: Knock Off|[of] p1a: Pelipper\n|\n|-weather|RainDance|[upkeep]\n|upkeep\n|turn|11\n|\n|t:|1700159180\n|move|p2a: Maushold|Bullet Seed|p1a: Pelipper\n|-damage|p1a: Pelipper|42\/100\n|-damage|p1a: Pelipper|31\/100\n|-damage|p1a: Pelipper|21\/100\n|-hitcount|p1a: Pelipper|3\n|move|p1a: Pelipper|U-turn|p2a: Maushold\n|-damage|p2a: Maushold|65\/100\n|\n|t:|1700159183\n|switch|p1a: Barraskewda|Barraskewda, F|100\/100|[from] U-turn\n|\n|-weather|RainDance|[upkeep]\n|upkeep\n|turn|12\n|\n|t:|1700159191\n|-terastallize|p2a: Maushold|Grass\n|move|p1a: Barraskewda|Flip Turn|p2a: Maushold\n|-resisted|p2a: Maushold\n|-damage|p2a: Maushold|14\/100\n|\n|t:|1700159201\n|switch|p1a: Empoleon|Empoleon, F|100\/100|[from] Flip Turn\n|move|p2a: Maushold|Bullet Seed|p1a: Empoleon\n|-damage|p1a: Empoleon|80\/100\n|-damage|p1a: Empoleon|60\/100\n|-damage|p1a: Empoleon|41\/100\n|-hitcount|p1a: Empoleon|3\n|\n|-weather|RainDance|[upkeep]\n|-heal|p1a: Empoleon|47\/100|[from] item: Leftovers\n|upkeep\n|turn|13\n|\n|t:|1700159210\n|move|p2a: Maushold|Bullet Seed|p1a: Empoleon\n|-damage|p1a: Empoleon|26\/100\n|-damage|p1a: Empoleon|5\/100\n|-crit|p1a: Empoleon\n|-damage|p1a: Empoleon|0 fnt\n|faint|p1a: Empoleon\n|-hitcount|p1: Empoleon|3\n|\n|-weather|RainDance|[upkeep]\n|upkeep\n|\n|t:|1700159213\n|switch|p1a: Barraskewda|Barraskewda, F|100\/100\n|turn|14\n|\n|t:|1700159217\n|move|p1a: Barraskewda|Flip Turn|p2a: Maushold\n|-resisted|p2a: Maushold\n|-damage|p2a: Maushold|0 fnt\n|faint|p2a: Maushold\n|\n|t:|1700159221\n|switch|p1a: Rillaboom|Rillaboom, F|98\/100|[from] Flip Turn\n|-fieldstart|move: Grassy Terrain|[from] ability: Grassy Surge|[of] p1a: Rillaboom\n|\n|-weather|RainDance|[upkeep]\n|-heal|p1a: Rillaboom|100\/100|[from] Grassy Terrain\n|upkeep\n|\n|t:|1700159226\n|switch|p2a: Landorus|Landorus-Therian, M|72\/100\n|-ability|p2a: Landorus|Intimidate|boost\n|-unboost|p1a: Rillaboom|atk|1\n|turn|15\n|\n|t:|1700159229\n|move|p2a: Landorus|U-turn|p1a: Rillaboom\n|-supereffective|p1a: Rillaboom\n|-damage|p1a: Rillaboom|56\/100\n|\n|t:|1700159238\n|switch|p2a: Rillaboom|Rillaboom, M|100\/100|[from] U-turn\n|move|p1a: Rillaboom|U-turn|p2a: Rillaboom\n|-supereffective|p2a: Rillaboom\n|-damage|p2a: Rillaboom|68\/100\n|\n|t:|1700159248\n|switch|p1a: Cinderace|Cinderace, M|87\/100|[from] U-turn\n|\n|-weather|none\n|-heal|p1a: Cinderace|93\/100|[from] Grassy Terrain\n|-heal|p2a: Rillaboom|74\/100|[from] Grassy Terrain\n|upkeep\n|turn|16\n|\n|t:|1700159254\n|switch|p2a: Walking Wake|Walking Wake|28\/100\n|move|p1a: Cinderace|Will-O-Wisp|p2a: Walking Wake\n|-status|p2a: Walking Wake|brn\n|\n|-heal|p1a: Cinderace|99\/100|[from] Grassy Terrain\n|-heal|p2a: Walking Wake|34\/100 brn|[from] Grassy Terrain\n|-damage|p2a: Walking Wake|28\/100 brn|[from] brn\n|upkeep\n|turn|17\n|\n|t:|1700159259\n|switch|p1a: Pelipper|Pelipper, F|21\/100\n|-weather|RainDance|[from] ability: Drizzle|[of] p1a: Pelipper\n|move|p2a: Walking Wake|Dragon Pulse|p1a: Pelipper\n|-damage|p1a: Pelipper|0 fnt\n|faint|p1a: Pelipper\n|\n|-weather|RainDance|[upkeep]\n|-heal|p2a: Walking Wake|34\/100 brn|[from] Grassy Terrain\n|-damage|p2a: Walking Wake|28\/100 brn|[from] brn\n|upkeep\n|\n|t:|1700159270\n|switch|p1a: Rillaboom|Rillaboom, F|56\/100\n|turn|18\n|\n|t:|1700159278\n|move|p1a: Rillaboom|Grassy Glide|p2a: Walking Wake\n|-damage|p2a: Walking Wake|0 fnt\n|faint|p2a: Walking Wake\n|-end|p2a: Walking Wake|Protosynthesis|[silent]\n|\n|-weather|RainDance|[upkeep]\n|-heal|p1a: Rillaboom|62\/100|[from] Grassy Terrain\n|-heal|p1a: Rillaboom|68\/100|[from] item: Leftovers\n|-fieldend|move: Grassy Terrain\n|upkeep\n|\n|t:|1700159282\n|switch|p2a: Landorus|Landorus-Therian, M|72\/100\n|-ability|p2a: Landorus|Intimidate|boost\n|-unboost|p1a: Rillaboom|atk|1\n|turn|19\n|\n|t:|1700159290\n|move|p2a: Landorus|Stone Edge|p1a: Rillaboom|[miss]\n|-miss|p2a: Landorus|p1a: Rillaboom\n|move|p1a: Rillaboom|U-turn|p2a: Landorus\n|-resisted|p2a: Landorus\n|-damage|p2a: Landorus|64\/100\n|\n|t:|1700159297\n|switch|p1a: Barraskewda|Barraskewda, F|100\/100|[from] U-turn\n|\n|-weather|RainDance|[upkeep]\n|upkeep\n|turn|20\n|\n|t:|1700159301\n|switch|p2a: Rillaboom|Rillaboom, M|74\/100\n|-fieldstart|move: Grassy Terrain|[from] ability: Grassy Surge|[of] p2a: Rillaboom\n|move|p1a: Barraskewda|Flip Turn|p2a: Rillaboom\n|-resisted|p2a: Rillaboom\n|-damage|p2a: Rillaboom|40\/100\n|\n|t:|1700159306\n|switch|p1a: Cinderace|Cinderace, M|99\/100|[from] Flip Turn\n|\n|-weather|RainDance|[upkeep]\n|-heal|p1a: Cinderace|100\/100|[from] Grassy Terrain\n|-heal|p2a: Rillaboom|46\/100|[from] Grassy Terrain\n|upkeep\n|turn|21\n|\n|t:|1700159311\n|move|p1a: Cinderace|Will-O-Wisp|p2a: Rillaboom\n|-status|p2a: Rillaboom|brn\n|move|p2a: Rillaboom|Knock Off|p1a: Cinderace\n|-damage|p1a: Cinderace|61\/100\n|-enditem|p1a: Cinderace|Choice Specs|[from] move: Knock Off|[of] p2a: Rillaboom\n|\n|-weather|RainDance|[upkeep]\n|-heal|p1a: Cinderace|67\/100|[from] Grassy Terrain\n|-heal|p2a: Rillaboom|52\/100 brn|[from] Grassy Terrain\n|-damage|p2a: Rillaboom|46\/100 brn|[from] brn\n|upkeep\n|turn|22\n|\n|t:|1700159320\n|switch|p2a: Landorus|Landorus-Therian, M|64\/100\n|-ability|p2a: Landorus|Intimidate|boost\n|-unboost|p1a: Cinderace|atk|1\n|move|p1a: Cinderace|U-turn|p2a: Landorus\n|-start|p1a: Cinderace|typechange|Bug|[from] ability: Libero\n|-resisted|p2a: Landorus\n|-damage|p2a: Landorus|53\/100\n|\n|t:|1700159325\n|switch|p1a: Barraskewda|Barraskewda, F|100\/100|[from] U-turn\n|\n|-weather|RainDance|[upkeep]\n|upkeep\n|turn|23\n|\n|t:|1700159332\n|switch|p2a: Rillaboom|Rillaboom, M|46\/100 brn\n|move|p1a: Barraskewda|Flip Turn|p2a: Rillaboom\n|-resisted|p2a: Rillaboom\n|-damage|p2a: Rillaboom|6\/100 brn\n|\n|t:|1700159336\n|switch|p1a: Cinderace|Cinderace, M|67\/100|[from] Flip Turn\n|\n|-weather|RainDance|[upkeep]\n|-heal|p1a: Cinderace|73\/100|[from] Grassy Terrain\n|-heal|p2a: Rillaboom|13\/100 brn|[from] Grassy Terrain\n|-damage|p2a: Rillaboom|6\/100 brn|[from] brn\n|upkeep\n|turn|24\n|\n|t:|1700159344\n|move|p2a: Rillaboom|Grassy Glide|p1a: Cinderace\n|-resisted|p1a: Cinderace\n|-damage|p1a: Cinderace|51\/100\n|move|p1a: Cinderace|Weather Ball|p2a: Rillaboom\n|-start|p1a: Cinderace|typechange|Water|[from] ability: Libero\n|-resisted|p2a: Rillaboom\n|-damage|p2a: Rillaboom|0 fnt\n|faint|p2a: Rillaboom\n|\n|-weather|none\n|-heal|p1a: Cinderace|57\/100|[from] Grassy Terrain\n|-fieldend|move: Grassy Terrain\n|upkeep\n|\n|t:|1700159364\n|switch|p2a: Kingambit|Kingambit, M|100\/100\n|-activate|p2a: Kingambit|ability: Supreme Overlord\n|-start|p2a: Kingambit|fallen4|[silent]\n|turn|25\n|\n|t:|1700159369\n|move|p1a: Cinderace|Will-O-Wisp|p2a: Kingambit\n|-status|p2a: Kingambit|brn\n|move|p2a: Kingambit|Swords Dance|p2a: Kingambit\n|-boost|p2a: Kingambit|atk|2\n|\n|-damage|p2a: Kingambit|94\/100 brn|[from] brn\n|upkeep\n|turn|26\n|\n|t:|1700159372\n|move|p2a: Kingambit|Sucker Punch|p1a: Cinderace\n|-damage|p1a: Cinderace|0 fnt\n|faint|p1a: Cinderace\n|\n|-damage|p2a: Kingambit|88\/100 brn|[from] brn\n|upkeep\n|\n|t:|1700159378\n|switch|p1a: Slowking|Slowking-Galar, F|43\/100\n|turn|27\n|\n|t:|1700159380\n|switch|p1a: Rillaboom|Rillaboom, F|68\/100\n|-fieldstart|move: Grassy Terrain|[from] ability: Grassy Surge|[of] p1a: Rillaboom\n|move|p2a: Kingambit|Kowtow Cleave|p1a: Rillaboom\n|-damage|p1a: Rillaboom|0 fnt\n|faint|p1a: Rillaboom\n|\n|-heal|p2a: Kingambit|94\/100 brn|[from] Grassy Terrain\n|-damage|p2a: Kingambit|88\/100 brn|[from] brn\n|upkeep\n|\n|t:|1700159383\n|switch|p1a: Slowking|Slowking-Galar, F|76\/100\n|turn|28\n|\n|t:|1700159387\n|-terastallize|p1a: Slowking|Dark\n|move|p2a: Kingambit|Kowtow Cleave|p1a: Slowking\n|-resisted|p1a: Slowking\n|-damage|p1a: Slowking|41\/100\n|move|p1a: Slowking|Focus Blast|p2a: Kingambit\n|-supereffective|p2a: Kingambit\n|-damage|p2a: Kingambit|0 fnt\n|faint|p2a: Kingambit\n|-end|p2a: Kingambit|fallen4|[silent]\n|\n|-heal|p1a: Slowking|47\/100|[from] Grassy Terrain\n|upkeep\n|\n|t:|1700159397\n|switch|p2a: Landorus|Landorus-Therian, M|53\/100\n|-ability|p2a: Landorus|Intimidate|boost\n|-unboost|p1a: Slowking|atk|1\n|turn|29\n|\n|t:|1700159403\n|move|p2a: Landorus|Stone Edge|p1a: Slowking\n|-damage|p1a: Slowking|13\/100\n|move|p1a: Slowking|Ice Beam|p2a: Landorus\n|-supereffective|p2a: Landorus\n|-damage|p2a: Landorus|0 fnt\n|faint|p2a: Landorus\n|\n|win|OkJuice100\n|raw|OkJuice100's rating: 1284 &rarr; <strong>1314<\/strong><br \/>(+30 for winning)\n|raw|Tedanatar's rating: 1352 &rarr; <strong>1328<\/strong><br \/>(-24 for losing)\n|c|\u2606OkJuice100|gg\n|l|\u2606Tedanatar\n","uploadtime":1700159412,"views":9,"p1id":"okjuice100","p2id":"tedanatar","formatid":"gen9ou","rating":1314,"private":0,"password":""}