{"id":"gen9ou-1999400765","p1":"YVINER","p2":"Mantis God is Op","format":"[Gen 9] OU","log":"|j|\u2606YVINER\n|j|\u2606Mantis God is Op\n|t:|1701074152\n|gametype|singles\n|player|p1|YVINER|jogger|1371\n|player|p2|Mantis God is Op|dagero|1336\n|teamsize|p1|6\n|teamsize|p2|6\n|gen|9\n|tier|[Gen 9] OU\n|rated|\n|rule|Sleep Clause Mod: Limit one foe put to sleep\n|rule|Species Clause: Limit one of each Pok\u00e9mon\n|rule|OHKO Clause: OHKO moves are banned\n|rule|Evasion Items Clause: Evasion items are banned\n|rule|Evasion Moves Clause: Evasion moves are banned\n|rule|Endless Battle Clause: Forcing endless battles is banned\n|rule|HP Percentage Mod: HP is shown in percentages\n|clearpoke\n|poke|p1|Thundurus-Therian, M|\n|poke|p1|Lokix, F|\n|poke|p1|Dondozo, F|\n|poke|p1|Great Tusk|\n|poke|p1|Kingambit, M|\n|poke|p1|Slowking-Galar, M|\n|poke|p2|Magnezone|\n|poke|p2|Glimmora, F|\n|poke|p2|Moltres|\n|poke|p2|Ogerpon-Wellspring, F|\n|poke|p2|Landorus-Therian, M|\n|poke|p2|Weavile, M|\n|teampreview\n|c|\u2606Mantis God is Op|gl hf\n|inactive|Battle timer is ON: inactive players will automatically lose when time's up. (requested by YVINER)\n|\n|t:|1701074179\n|start\n|switch|p1a: Thundurus|Thundurus-Therian, M|100\/100\n|switch|p2a: Glimmora|Glimmora, F|100\/100\n|turn|1\n|\n|t:|1701074186\n|move|p1a: Thundurus|Volt Switch|p2a: Glimmora\n|-damage|p2a: Glimmora|48\/100\n|inactive|YVINER has 120 seconds left.\n|inactive|YVINER has 90 seconds left.\n|inactive|YVINER has 60 seconds left.\n|inactive|YVINER has 30 seconds left.\n|\n|t:|1701074312\n|switch|p1a: Great Tusk|Great Tusk|100\/100|[from] Volt Switch\n|move|p2a: Glimmora|Stealth Rock|p1a: Great Tusk\n|-sidestart|p1: YVINER|move: Stealth Rock\n|\n|upkeep\n|turn|2\n|inactive|YVINER has 30 seconds left.\n|\n|t:|1701074321\n|move|p2a: Glimmora|Energy Ball|p1a: Great Tusk\n|-supereffective|p1a: Great Tusk\n|-crit|p1a: Great Tusk\n|-damage|p1a: Great Tusk|0 fnt\n|faint|p1a: Great Tusk\n|-end|p1a: Great Tusk|Protosynthesis|[silent]\n|\n|upkeep\n|inactive|YVINER has 30 seconds left.\n|\n|t:|1701074334\n|switch|p1a: Thundurus|Thundurus-Therian, M|100\/100\n|-damage|p1a: Thundurus|75\/100|[from] Stealth Rock\n|turn|3\n|inactive|YVINER has 30 seconds left.\n|\n|t:|1701074344\n|switch|p2a: Landorus|Landorus-Therian, M|100\/100\n|-ability|p2a: Landorus|Intimidate|boost\n|-unboost|p1a: Thundurus|atk|1\n|move|p1a: Thundurus|Volt Switch|p2a: Landorus\n|-immune|p2a: Landorus\n|\n|upkeep\n|turn|4\n|\n|t:|1701074353\n|switch|p1a: Dondozo|Dondozo, F|100\/100\n|-damage|p1a: Dondozo|88\/100|[from] Stealth Rock\n|move|p2a: Landorus|Smack Down|p1a: Dondozo\n|-damage|p1a: Dondozo|77\/100\n|\n|-heal|p1a: Dondozo|83\/100|[from] item: Leftovers\n|upkeep\n|turn|5\n|\n|t:|1701074365\n|switch|p2a: Ogerpon|Ogerpon-Wellspring, F|100\/100\n|move|p1a: Dondozo|Yawn|p2a: Ogerpon\n|-start|p2a: Ogerpon|move: Yawn|[of] p1a: Dondozo\n|\n|-heal|p1a: Dondozo|89\/100|[from] item: Leftovers\n|upkeep\n|turn|6\n|\n|t:|1701074379\n|switch|p2a: Glimmora|Glimmora, F|48\/100\n|switch|p1a: Lokix|Lokix, F|100\/100\n|-damage|p1a: Lokix|75\/100|[from] Stealth Rock\n|\n|upkeep\n|turn|7\n|\n|t:|1701074386\n|move|p1a: Lokix|U-turn|p2a: Glimmora\n|-resisted|p2a: Glimmora\n|-damage|p2a: Glimmora|0 fnt\n|-activate|p2a: Glimmora|ability: Toxic Debris\n|-sidestart|p1: YVINER|move: Toxic Spikes\n|faint|p2a: Glimmora\n|\n|t:|1701074391\n|switch|p1a: Slowking|Slowking-Galar, M|100\/100|[from] U-turn\n|-damage|p1a: Slowking|88\/100|[from] Stealth Rock\n|-sideend|p1: YVINER|move: Toxic Spikes|[of] p1a: Slowking\n|\n|upkeep\n|\n|t:|1701074395\n|switch|p2a: Landorus|Landorus-Therian, M|100\/100\n|-ability|p2a: Landorus|Intimidate|boost\n|-unboost|p1a: Slowking|atk|1\n|turn|8\n|\n|t:|1701074405\n|move|p2a: Landorus|Smack Down|p1a: Slowking\n|-damage|p1a: Slowking|73\/100\n|move|p1a: Slowking|Chilly Reception|p1a: Slowking\n|-weather|Snow\n|\n|t:|1701074424\n|switch|p1a: Lokix|Lokix, F|75\/100|[from] Chilly Reception\n|-damage|p1a: Lokix|50\/100|[from] Stealth Rock\n|\n|-weather|Snow|[upkeep]\n|upkeep\n|turn|9\n|\n|t:|1701074431\n|-terastallize|p1a: Lokix|Bug\n|move|p1a: Lokix|First Impression|p2a: Landorus\n|-resisted|p2a: Landorus\n|-damage|p2a: Landorus|0 fnt\n|faint|p2a: Landorus\n|\n|-weather|Snow|[upkeep]\n|upkeep\n|\n|t:|1701074436\n|switch|p2a: Moltres|Moltres|100\/100\n|turn|10\n|\n|t:|1701074441\n|switch|p1a: Dondozo|Dondozo, F|89\/100\n|-damage|p1a: Dondozo|77\/100|[from] Stealth Rock\n|move|p2a: Moltres|U-turn|p1a: Dondozo\n|-damage|p1a: Dondozo|69\/100\n|\n|t:|1701074446\n|switch|p2a: Ogerpon|Ogerpon-Wellspring, F|100\/100|[from] U-turn\n|\n|-weather|Snow|[upkeep]\n|-heal|p1a: Dondozo|75\/100|[from] item: Leftovers\n|upkeep\n|turn|11\n|\n|t:|1701074451\n|move|p2a: Ogerpon|Knock Off|p1a: Dondozo\n|-damage|p1a: Dondozo|51\/100\n|-enditem|p1a: Dondozo|Leftovers|[from] move: Knock Off|[of] p2a: Ogerpon\n|move|p1a: Dondozo|Yawn|p2a: Ogerpon\n|-start|p2a: Ogerpon|move: Yawn|[of] p1a: Dondozo\n|\n|-weather|Snow|[upkeep]\n|upkeep\n|turn|12\n|\n|t:|1701074459\n|move|p2a: Ogerpon|Horn Leech|p1a: Dondozo\n|-supereffective|p1a: Dondozo\n|-damage|p1a: Dondozo|0 fnt\n|faint|p1a: Dondozo\n|\n|-weather|none\n|-end|p2a: Ogerpon|move: Yawn|[silent]\n|-status|p2a: Ogerpon|slp\n|upkeep\n|\n|t:|1701074467\n|switch|p1a: Lokix|Lokix, F, tera:Bug|50\/100\n|-damage|p1a: Lokix|25\/100|[from] Stealth Rock\n|turn|13\n|\n|t:|1701074471\n|cant|p2a: Ogerpon|slp\n|move|p1a: Lokix|U-turn|p2a: Ogerpon\n|-supereffective|p2a: Ogerpon\n|-damage|p2a: Ogerpon|0 fnt\n|faint|p2a: Ogerpon\n|\n|t:|1701074482\n|switch|p1a: Thundurus|Thundurus-Therian, M|75\/100|[from] U-turn\n|-damage|p1a: Thundurus|50\/100|[from] Stealth Rock\n|\n|upkeep\n|\n|t:|1701074488\n|switch|p2a: Weavile|Weavile, M|100\/100\n|-ability|p2a: Weavile|Pressure\n|turn|14\n|\n|t:|1701074493\n|move|p1a: Thundurus|Thunderbolt|p2a: Weavile\n|-damage|p2a: Weavile|17\/100\n|move|p2a: Weavile|Knock Off|p1a: Thundurus\n|-damage|p1a: Thundurus|0 fnt\n|-enditem|p1a: Thundurus|Choice Scarf|[from] move: Knock Off|[of] p2a: Weavile\n|faint|p1a: Thundurus\n|\n|upkeep\n|\n|t:|1701074502\n|switch|p1a: Kingambit|Kingambit, M|100\/100\n|-damage|p1a: Kingambit|94\/100|[from] Stealth Rock\n|-activate|p1a: Kingambit|ability: Supreme Overlord\n|-start|p1a: Kingambit|fallen3|[silent]\n|turn|15\n|inactive|YVINER has 90 seconds left.\n|\n|t:|1701074516\n|switch|p2a: Moltres|Moltres|100\/100\n|move|p1a: Kingambit|Iron Head|p2a: Moltres\n|-resisted|p2a: Moltres\n|-damage|p2a: Moltres|71\/100\n|-status|p1a: Kingambit|brn|[from] ability: Flame Body|[of] p2a: Moltres\n|\n|-heal|p1a: Kingambit|100\/100 brn|[from] item: Leftovers\n|-damage|p1a: Kingambit|94\/100 brn|[from] brn\n|upkeep\n|turn|16\n|inactive|YVINER has 90 seconds left.\n|\n|t:|1701074526\n|-end|p1a: Kingambit|fallen3|[silent]\n|switch|p1a: Slowking|Slowking-Galar, M|100\/100\n|-damage|p1a: Slowking|88\/100|[from] Stealth Rock\n|move|p2a: Moltres|Hurricane|p1a: Slowking\n|-damage|p1a: Slowking|57\/100\n|\n|upkeep\n|turn|17\n|inactive|YVINER has 90 seconds left.\n|\n|t:|1701074536\n|move|p2a: Moltres|U-turn|p1a: Slowking\n|-damage|p1a: Slowking|45\/100\n|\n|t:|1701074539\n|switch|p2a: Weavile|Weavile, M|17\/100|[from] U-turn\n|-ability|p2a: Weavile|Pressure\n|move|p1a: Slowking|Chilly Reception|p1a: Slowking\n|-weather|Snow\n|\n|t:|1701074548\n|switch|p1a: Kingambit|Kingambit, M|94\/100 brn|[from] Chilly Reception\n|-damage|p1a: Kingambit|88\/100 brn|[from] Stealth Rock\n|-activate|p1a: Kingambit|ability: Supreme Overlord\n|-start|p1a: Kingambit|fallen3|[silent]\n|\n|-weather|Snow|[upkeep]\n|-heal|p1a: Kingambit|94\/100 brn|[from] item: Leftovers\n|-damage|p1a: Kingambit|88\/100 brn|[from] brn\n|upkeep\n|turn|18\n|\n|t:|1701074557\n|move|p2a: Weavile|Low Kick|p1a: Kingambit\n|-supereffective|p1a: Kingambit\n|-damage|p1a: Kingambit|0 fnt\n|faint|p1a: Kingambit\n|-end|p1a: Kingambit|fallen3|[silent]\n|\n|-weather|Snow|[upkeep]\n|upkeep\n|\n|t:|1701074565\n|switch|p1a: Lokix|Lokix, F, tera:Bug|25\/100\n|-damage|p1a: Lokix|0 fnt|[from] Stealth Rock\n|faint|p1a: Lokix\n|-message|YVINER forfeited.\n|\n|win|Mantis God is Op\n|raw|YVINER's rating: 1371 &rarr; <strong>1349<\/strong><br \/>(-22 for losing)\n|raw|Mantis God is Op's rating: 1336 &rarr; <strong>1358<\/strong><br \/>(+22 for winning)\n|l|\u2606YVINER\n|c|\u2606Mantis God is Op|gg wp\n","uploadtime":1701074577,"views":2,"p1id":"yviner","p2id":"mantisgodisop","formatid":"gen9ou","rating":1349,"private":0,"password":""}