{"id":"gen9ou-1997004177","p1":"andresmauricio","p2":"thedebatablereaper","format":"[Gen 9] OU","log":"|j|\u2606andresmauricio\n|j|\u2606thedebatablereaper\n|t:|1700754674\n|gametype|singles\n|player|p1|andresmauricio|2|1595\n|player|p2|thedebatablereaper|170|1756\n|teamsize|p1|6\n|teamsize|p2|6\n|gen|9\n|tier|[Gen 9] OU\n|rated|\n|rule|Sleep Clause Mod: Limit one foe put to sleep\n|rule|Species Clause: Limit one of each Pok\u00e9mon\n|rule|OHKO Clause: OHKO moves are banned\n|rule|Evasion Items Clause: Evasion items are banned\n|rule|Evasion Moves Clause: Evasion moves are banned\n|rule|Endless Battle Clause: Forcing endless battles is banned\n|rule|HP Percentage Mod: HP is shown in percentages\n|clearpoke\n|poke|p1|Weezing-Galar, F|\n|poke|p1|Slowking, F|\n|poke|p1|Dragapult, F|\n|poke|p1|Ursaluna, M|\n|poke|p1|Rillaboom, F|\n|poke|p1|Kingambit, F|\n|poke|p2|Gholdengo|\n|poke|p2|Garganacl, M|\n|poke|p2|Ogerpon-Wellspring, F|\n|poke|p2|Kingambit, F|\n|poke|p2|Zapdos-Galar|\n|poke|p2|Iron Valiant|\n|teampreview\n|inactive|Battle timer is ON: inactive players will automatically lose when time's up. (requested by andresmauricio)\n|j| Outdated Ahh Team\n|\n|t:|1700754689\n|start\n|switch|p1a: Dragapult|Dragapult, F|100\/100\n|switch|p2a: Zapdos|Zapdos-Galar|100\/100\n|turn|1\n|\n|t:|1700754694\n|switch|p1a: Kingambit|Kingambit, F|100\/100\n|switch|p2a: Kingambit|Kingambit, F|100\/100\n|\n|upkeep\n|turn|2\n|\n|t:|1700754702\n|-end|p2a: Kingambit|fallenundefined|[silent]\n|switch|p2a: Zapdos|Zapdos-Galar|100\/100\n|-terastallize|p1a: Kingambit|Fighting\n|move|p1a: Kingambit|Low Kick|p2a: Zapdos\n|-resisted|p2a: Zapdos\n|-damage|p2a: Zapdos|74\/100\n|\n|upkeep\n|turn|3\n|\n|t:|1700754721\n|-end|p1a: Kingambit|fallenundefined|[silent]\n|switch|p1a: Weezing|Weezing-Galar, F, shiny|100\/100\n|-ability|p1a: Weezing|Neutralizing Gas\n|-terastallize|p2a: Zapdos|Flying\n|move|p2a: Zapdos|Brave Bird|p1a: Weezing\n|-damage|p1a: Weezing|18\/100\n|-damage|p2a: Zapdos|46\/100|[from] Recoil\n|\n|-heal|p1a: Weezing|24\/100|[from] item: Leftovers\n|upkeep\n|turn|4\n|\n|t:|1700754730\n|move|p2a: Zapdos|Brave Bird|p1a: Weezing\n|-damage|p1a: Weezing|0 fnt\n|faint|p1a: Weezing\n|-end|p1a: Weezing|ability: Neutralizing Gas\n|-damage|p2a: Zapdos|38\/100|[from] Recoil\n|\n|upkeep\n|\n|t:|1700754738\n|switch|p1a: Dragapult|Dragapult, F|100\/100\n|turn|5\n|\n|t:|1700754745\n|switch|p2a: Kingambit|Kingambit, F|100\/100\n|move|p1a: Dragapult|U-turn|p2a: Kingambit\n|-damage|p2a: Kingambit|87\/100\n|\n|t:|1700754763\n|switch|p1a: Kingambit|Kingambit, F, tera:Fighting|100\/100|[from] U-turn\n|-activate|p1a: Kingambit|ability: Supreme Overlord\n|-start|p1a: Kingambit|fallen1|[silent]\n|\n|upkeep\n|turn|6\n|\n|t:|1700754769\n|-end|p2a: Kingambit|fallenundefined|[silent]\n|switch|p2a: Iron Valiant|Iron Valiant|100\/100\n|-enditem|p2a: Iron Valiant|Booster Energy\n|-activate|p2a: Iron Valiant|ability: Quark Drive|[fromitem]\n|-start|p2a: Iron Valiant|quarkdrivespa\n|move|p1a: Kingambit|Kowtow Cleave|p2a: Iron Valiant\n|-resisted|p2a: Iron Valiant\n|-damage|p2a: Iron Valiant|79\/100\n|\n|upkeep\n|turn|7\n|\n|t:|1700754778\n|-end|p1a: Kingambit|fallen1|[silent]\n|switch|p1a: Slowking|Slowking, F|100\/100\n|move|p2a: Iron Valiant|Calm Mind|p2a: Iron Valiant\n|-boost|p2a: Iron Valiant|spa|1\n|-boost|p2a: Iron Valiant|spd|1\n|\n|upkeep\n|turn|8\n|\n|t:|1700754784\n|move|p2a: Iron Valiant|Moonblast|p1a: Slowking\n|-damage|p1a: Slowking|49\/100\n|move|p1a: Slowking|Psychic|p2a: Iron Valiant\n|-supereffective|p2a: Iron Valiant\n|-damage|p2a: Iron Valiant|2\/100\n|\n|upkeep\n|turn|9\n|\n|t:|1700754791\n|move|p2a: Iron Valiant|Moonblast|p1a: Slowking\n|-damage|p1a: Slowking|2\/100\n|move|p1a: Slowking|Psychic|p2a: Iron Valiant\n|-supereffective|p2a: Iron Valiant\n|-damage|p2a: Iron Valiant|0 fnt\n|faint|p2a: Iron Valiant\n|-end|p2a: Iron Valiant|Quark Drive|[silent]\n|\n|upkeep\n|\n|t:|1700754798\n|switch|p2a: Zapdos|Zapdos-Galar, tera:Flying|38\/100\n|turn|10\n|\n|t:|1700754802\n|move|p2a: Zapdos|U-turn|p1a: Slowking\n|-supereffective|p1a: Slowking\n|-damage|p1a: Slowking|0 fnt\n|faint|p1a: Slowking\n|\n|t:|1700754810\n|switch|p2a: Ogerpon|Ogerpon-Wellspring, F|100\/100|[from] U-turn\n|\n|upkeep\n|\n|t:|1700754817\n|switch|p1a: Kingambit|Kingambit, F, tera:Fighting|100\/100\n|-activate|p1a: Kingambit|ability: Supreme Overlord\n|-start|p1a: Kingambit|fallen2|[silent]\n|turn|11\n|\n|t:|1700754825\n|move|p2a: Ogerpon|Power Whip|p1a: Kingambit\n|-damage|p1a: Kingambit|39\/100\n|move|p1a: Kingambit|Kowtow Cleave|p2a: Ogerpon\n|-damage|p2a: Ogerpon|12\/100\n|\n|upkeep\n|turn|12\n|\n|t:|1700754835\n|move|p1a: Kingambit|Sucker Punch|p2a: Ogerpon\n|-damage|p2a: Ogerpon|0 fnt\n|faint|p2a: Ogerpon\n|\n|upkeep\n|\n|t:|1700754848\n|switch|p2a: Gholdengo|Gholdengo|100\/100\n|turn|13\n|\n|t:|1700754851\n|move|p2a: Gholdengo|Make It Rain|p1a: Kingambit\n|-damage|p1a: Kingambit|0 fnt\n|-unboost|p2a: Gholdengo|spa|1\n|faint|p1a: Kingambit\n|-end|p1a: Kingambit|fallen2|[silent]\n|\n|upkeep\n|\n|t:|1700754856\n|switch|p1a: Dragapult|Dragapult, F|100\/100\n|turn|14\n|\n|t:|1700754873\n|switch|p2a: Garganacl|Garganacl, M|100\/100\n|move|p1a: Dragapult|U-turn|p2a: Garganacl\n|-damage|p2a: Garganacl|92\/100\n|\n|t:|1700754881\n|switch|p1a: Ursaluna|Ursaluna, M|100\/100|[from] U-turn\n|\n|-heal|p2a: Garganacl|98\/100|[from] item: Leftovers\n|-status|p1a: Ursaluna|brn|[from] item: Flame Orb\n|upkeep\n|turn|15\n|\n|t:|1700754890\n|move|p1a: Ursaluna|Facade|p2a: Garganacl\n|-resisted|p2a: Garganacl\n|-crit|p2a: Garganacl\n|-damage|p2a: Garganacl|47\/100\n|move|p2a: Garganacl|Salt Cure|p1a: Ursaluna\n|-resisted|p1a: Ursaluna\n|-damage|p1a: Ursaluna|95\/100 brn\n|-start|p1a: Ursaluna|Salt Cure\n|\n|-heal|p2a: Garganacl|53\/100|[from] item: Leftovers\n|-damage|p1a: Ursaluna|89\/100 brn|[from] brn\n|-damage|p1a: Ursaluna|77\/100 brn|[from] Salt Cure\n|upkeep\n|turn|16\n|\n|t:|1700754901\n|switch|p1a: Dragapult|Dragapult, F|100\/100\n|move|p2a: Garganacl|Protect||[still]\n|-fail|p2a: Garganacl\n|\n|-heal|p2a: Garganacl|59\/100|[from] item: Leftovers\n|upkeep\n|turn|17\n|\n|t:|1700754907\n|move|p2a: Garganacl|Protect|p2a: Garganacl\n|-singleturn|p2a: Garganacl|Protect\n|move|p1a: Dragapult|Draco Meteor|p2a: Garganacl\n|-activate|p2a: Garganacl|move: Protect\n|\n|-heal|p2a: Garganacl|65\/100|[from] item: Leftovers\n|upkeep\n|turn|18\n|\n|t:|1700754914\n|switch|p2a: Gholdengo|Gholdengo|100\/100\n|move|p1a: Dragapult|Draco Meteor|p2a: Gholdengo\n|-resisted|p2a: Gholdengo\n|-damage|p2a: Gholdengo|58\/100\n|-unboost|p1a: Dragapult|spa|2\n|\n|-heal|p2a: Gholdengo|64\/100|[from] item: Leftovers\n|upkeep\n|turn|19\n|\n|t:|1700754922\n|switch|p1a: Rillaboom|Rillaboom, F|100\/100\n|-fieldstart|move: Grassy Terrain|[from] ability: Grassy Surge|[of] p1a: Rillaboom\n|move|p2a: Gholdengo|Make It Rain|p1a: Rillaboom\n|-damage|p1a: Rillaboom|35\/100\n|-unboost|p2a: Gholdengo|spa|1\n|\n|-heal|p1a: Rillaboom|41\/100|[from] Grassy Terrain\n|-heal|p2a: Gholdengo|70\/100|[from] Grassy Terrain\n|-heal|p2a: Gholdengo|76\/100|[from] item: Leftovers\n|upkeep\n|turn|20\n|\n|t:|1700754934\n|move|p1a: Rillaboom|Knock Off|p2a: Gholdengo\n|-supereffective|p2a: Gholdengo\n|-damage|p2a: Gholdengo|3\/100\n|-enditem|p2a: Gholdengo|Leftovers|[from] move: Knock Off|[of] p1a: Rillaboom\n|move|p2a: Gholdengo|Make It Rain|p1a: Rillaboom\n|-damage|p1a: Rillaboom|0 fnt\n|-unboost|p2a: Gholdengo|spa|1\n|faint|p1a: Rillaboom\n|\n|-heal|p2a: Gholdengo|9\/100|[from] Grassy Terrain\n|upkeep\n|\n|t:|1700754940\n|switch|p1a: Dragapult|Dragapult, F|100\/100\n|turn|21\n|\n|t:|1700754948\n|move|p1a: Dragapult|U-turn|p2a: Gholdengo\n|-resisted|p2a: Gholdengo\n|-damage|p2a: Gholdengo|6\/100\n|\n|t:|1700754951\n|switch|p1a: Ursaluna|Ursaluna, M|77\/100 brn|[from] U-turn\n|move|p2a: Gholdengo|Thunder Wave|p1a: Ursaluna\n|-immune|p1a: Ursaluna\n|\n|-heal|p2a: Gholdengo|12\/100|[from] Grassy Terrain\n|-heal|p1a: Ursaluna|83\/100 brn|[from] Grassy Terrain\n|-damage|p1a: Ursaluna|77\/100 brn|[from] brn\n|upkeep\n|turn|22\n|\n|t:|1700754962\n|switch|p2a: Zapdos|Zapdos-Galar, tera:Flying|38\/100\n|move|p1a: Ursaluna|Thunder Punch|p2a: Zapdos\n|-supereffective|p2a: Zapdos\n|-damage|p2a: Zapdos|0 fnt\n|faint|p2a: Zapdos\n|\n|-heal|p1a: Ursaluna|83\/100 brn|[from] Grassy Terrain\n|-damage|p1a: Ursaluna|77\/100 brn|[from] brn\n|upkeep\n|\n|t:|1700754974\n|switch|p2a: Gholdengo|Gholdengo|12\/100\n|turn|23\n|inactive|andresmauricio has 120 seconds left.\n|\n|t:|1700755019\n|switch|p1a: Dragapult|Dragapult, F|100\/100\n|move|p2a: Gholdengo|Make It Rain|p1a: Dragapult\n|-damage|p1a: Dragapult|33\/100\n|-unboost|p2a: Gholdengo|spa|1\n|\n|-heal|p1a: Dragapult|39\/100|[from] Grassy Terrain\n|-heal|p2a: Gholdengo|18\/100|[from] Grassy Terrain\n|-fieldend|move: Grassy Terrain\n|upkeep\n|turn|24\n|\n|t:|1700755032\n|switch|p2a: Kingambit|Kingambit, F|87\/100\n|-activate|p2a: Kingambit|ability: Supreme Overlord\n|-start|p2a: Kingambit|fallen3|[silent]\n|move|p1a: Dragapult|Draco Meteor|p2a: Kingambit\n|-resisted|p2a: Kingambit\n|-damage|p2a: Kingambit|43\/100\n|-unboost|p1a: Dragapult|spa|2\n|\n|upkeep\n|turn|25\n|\n|t:|1700755040\n|switch|p1a: Ursaluna|Ursaluna, M|77\/100 brn\n|move|p2a: Kingambit|Kowtow Cleave|p1a: Ursaluna\n|-damage|p1a: Ursaluna|17\/100 brn\n|\n|-damage|p1a: Ursaluna|11\/100 brn|[from] brn\n|upkeep\n|turn|26\n|-message|andresmauricio forfeited.\n|\n|win|thedebatablereaper\n|raw|andresmauricio's rating: 1595 &rarr; <strong>1584<\/strong><br \/>(-11 for losing)\n|raw|thedebatablereaper's rating: 1756 &rarr; <strong>1767<\/strong><br \/>(+11 for winning)\n|l|\u2606andresmauricio\n|c|\u2606thedebatablereaper|gg\n|l|\u2606thedebatablereaper\n","uploadtime":1700755079,"views":0,"p1id":"andresmauricio","p2id":"thedebatablereaper","formatid":"gen9ou","rating":1584,"private":0,"password":""}