{"id":"gen9ou-1998261677","p1":"gfrostmoths","p2":"FlorenceIris","format":"[Gen 9] OU","log":"|j|\u2606gfrostmoths\n|j|\u2606FlorenceIris\n|t:|1700921505\n|gametype|singles\n|player|p1|gfrostmoths|adaman|\n|player|p2|FlorenceIris|sonia-professor|\n|teamsize|p1|6\n|teamsize|p2|6\n|gen|9\n|tier|[Gen 9] OU\n|rule|Sleep Clause Mod: Limit one foe put to sleep\n|rule|Species Clause: Limit one of each Pok\u00e9mon\n|rule|OHKO Clause: OHKO moves are banned\n|rule|Evasion Items Clause: Evasion items are banned\n|rule|Evasion Moves Clause: Evasion moves are banned\n|rule|Endless Battle Clause: Forcing endless battles is banned\n|rule|HP Percentage Mod: HP is shown in percentages\n|clearpoke\n|poke|p1|Dragapult, F|\n|poke|p1|Iron Moth|\n|poke|p1|Ogerpon-Cornerstone, F|\n|poke|p1|Empoleon, M|\n|poke|p1|Zapdos|\n|poke|p1|Great Tusk|\n|poke|p2|Enamorus, F|\n|poke|p2|Landorus-Therian, M|\n|poke|p2|Dragonite, M|\n|poke|p2|Thundurus-Therian, M|\n|poke|p2|Moltres|\n|poke|p2|Corviknight, M|\n|teampreview\n|c|\u2606FlorenceIris|gl hf :))\n|c|\u2606gfrostmoths|gl hf :)\n|j| Hallowed_Hazel\n|\n|t:|1700921552\n|start\n|switch|p1a: Great Tusk|Great Tusk|100\/100\n|switch|p2a: Thundurus|Thundurus-Therian, M|100\/100\n|turn|1\n|\n|t:|1700921564\n|move|p2a: Thundurus|Grass Knot|p1a: Great Tusk\n|-supereffective|p1a: Great Tusk\n|-damage|p1a: Great Tusk|0 fnt\n|faint|p1a: Great Tusk\n|-end|p1a: Great Tusk|Protosynthesis|[silent]\n|\n|upkeep\n|c|\u2606gfrostmoths|lol ok then\n|c|\u2606FlorenceIris|not a bad start\n|c|\u2606gfrostmoths|i knew you had that just thought great tusk could live but i guess it doesnt have spdef\n|\n|t:|1700921597\n|switch|p1a: Zapdos|Zapdos|100\/100\n|turn|2\n|\n|t:|1700921607\n|switch|p2a: Landorus|Landorus-Therian, M|100\/100\n|-ability|p2a: Landorus|Intimidate|boost\n|-unboost|p1a: Zapdos|atk|1\n|move|p1a: Zapdos|U-turn|p2a: Landorus\n|-resisted|p2a: Landorus\n|-damage|p2a: Landorus|97\/100\n|-damage|p1a: Zapdos|84\/100|[from] item: Rocky Helmet|[of] p2a: Landorus\n|\n|t:|1700921620\n|switch|p1a: Dragapult|Dragapult, F|100\/100|[from] U-turn\n|\n|upkeep\n|turn|3\n|\n|t:|1700921640\n|switch|p2a: Corviknight|Corviknight, M|100\/100\n|-ability|p2a: Corviknight|Pressure\n|move|p1a: Dragapult|Shadow Ball|p2a: Corviknight\n|-damage|p2a: Corviknight|66\/100\n|\n|-heal|p2a: Corviknight|72\/100|[from] item: Leftovers\n|upkeep\n|turn|4\n|\n|t:|1700921653\n|switch|p1a: Zapdos|Zapdos|84\/100\n|move|p2a: Corviknight|U-turn|p1a: Zapdos\n|-resisted|p1a: Zapdos\n|-damage|p1a: Zapdos|79\/100\n|\n|t:|1700921671\n|switch|p2a: Thundurus|Thundurus-Therian, M|100\/100|[from] U-turn\n|\n|upkeep\n|turn|5\n|\n|t:|1700921681\n|move|p2a: Thundurus|Volt Switch|p1a: Zapdos\n|-damage|p1a: Zapdos|41\/100\n|\n|t:|1700921684\n|switch|p2a: Landorus|Landorus-Therian, M|97\/100|[from] Volt Switch\n|-ability|p2a: Landorus|Intimidate|boost\n|-unboost|p1a: Zapdos|atk|1\n|move|p1a: Zapdos|U-turn|p2a: Landorus\n|-resisted|p2a: Landorus\n|-damage|p2a: Landorus|93\/100\n|-damage|p1a: Zapdos|25\/100|[from] item: Rocky Helmet|[of] p2a: Landorus\n|\n|t:|1700921698\n|switch|p1a: Ogerpon|Ogerpon-Cornerstone, F|100\/100|[from] U-turn\n|\n|upkeep\n|turn|6\n|\n|t:|1700921710\n|move|p1a: Ogerpon|Swords Dance|p1a: Ogerpon\n|-boost|p1a: Ogerpon|atk|2\n|move|p2a: Landorus|U-turn|p1a: Ogerpon\n|-supereffective|p1a: Ogerpon\n|-damage|p1a: Ogerpon|47\/100\n|\n|t:|1700921733\n|switch|p2a: Enamorus|Enamorus, F|100\/100|[from] U-turn\n|\n|upkeep\n|turn|7\n|\n|t:|1700921746\n|switch|p1a: Empoleon|Empoleon, M|100\/100\n|move|p2a: Enamorus|Moonblast|p1a: Empoleon\n|-resisted|p1a: Empoleon\n|-damage|p1a: Empoleon|84\/100\n|\n|-heal|p1a: Empoleon|91\/100|[from] item: Leftovers\n|upkeep\n|turn|8\n|\n|t:|1700921756\n|switch|p2a: Thundurus|Thundurus-Therian, M|100\/100\n|move|p1a: Empoleon|Stealth Rock|p2a: Thundurus\n|-sidestart|p2: FlorenceIris|move: Stealth Rock\n|\n|-heal|p1a: Empoleon|97\/100|[from] item: Leftovers\n|upkeep\n|turn|9\n|\n|t:|1700921767\n|switch|p1a: Dragapult|Dragapult, F|100\/100\n|move|p2a: Thundurus|Volt Switch|p1a: Dragapult\n|-resisted|p1a: Dragapult\n|-damage|p1a: Dragapult|76\/100\n|\n|t:|1700921778\n|switch|p2a: Corviknight|Corviknight, M|72\/100|[from] Volt Switch\n|-damage|p2a: Corviknight|59\/100|[from] Stealth Rock\n|-ability|p2a: Corviknight|Pressure\n|\n|-heal|p2a: Corviknight|65\/100|[from] item: Leftovers\n|upkeep\n|turn|10\n|\n|t:|1700921786\n|move|p1a: Dragapult|Flamethrower|p2a: Corviknight\n|-supereffective|p2a: Corviknight\n|-damage|p2a: Corviknight|9\/100\n|move|p2a: Corviknight|Roost|p2a: Corviknight\n|-heal|p2a: Corviknight|59\/100\n|-singleturn|p2a: Corviknight|move: Roost\n|\n|-heal|p2a: Corviknight|65\/100|[from] item: Leftovers\n|upkeep\n|turn|11\n|\n|t:|1700921815\n|switch|p1a: Zapdos|Zapdos|25\/100\n|move|p2a: Corviknight|U-turn|p1a: Zapdos\n|-resisted|p1a: Zapdos\n|-damage|p1a: Zapdos|20\/100\n|\n|t:|1700921819\n|switch|p2a: Thundurus|Thundurus-Therian, M|100\/100|[from] U-turn\n|-damage|p2a: Thundurus|76\/100|[from] Stealth Rock\n|\n|upkeep\n|turn|12\n|\n|t:|1700921846\n|switch|p1a: Dragapult|Dragapult, F|76\/100\n|move|p2a: Thundurus|Volt Switch|p1a: Dragapult\n|-resisted|p1a: Dragapult\n|-damage|p1a: Dragapult|47\/100\n|\n|t:|1700921857\n|switch|p2a: Moltres|Moltres|100\/100|[from] Volt Switch\n|\n|upkeep\n|turn|13\n|\n|t:|1700921871\n|move|p1a: Dragapult|U-turn|p2a: Moltres\n|-resisted|p2a: Moltres\n|-damage|p2a: Moltres|98\/100\n|-status|p1a: Dragapult|brn|[from] ability: Flame Body|[of] p2a: Moltres\n|\n|t:|1700921877\n|switch|p1a: Empoleon|Empoleon, M|97\/100|[from] U-turn\n|move|p2a: Moltres|U-turn|p1a: Empoleon\n|-resisted|p1a: Empoleon\n|-damage|p1a: Empoleon|89\/100\n|\n|t:|1700921886\n|switch|p2a: Thundurus|Thundurus-Therian, M|76\/100|[from] U-turn\n|-damage|p2a: Thundurus|51\/100|[from] Stealth Rock\n|\n|-heal|p1a: Empoleon|96\/100|[from] item: Leftovers\n|upkeep\n|turn|14\n|\n|t:|1700921917\n|-terastallize|p1a: Empoleon|Fairy\n|move|p2a: Thundurus|Volt Switch|p1a: Empoleon\n|-damage|p1a: Empoleon|70\/100\n|\n|t:|1700921924\n|switch|p2a: Corviknight|Corviknight, M|65\/100|[from] Volt Switch\n|-damage|p2a: Corviknight|53\/100|[from] Stealth Rock\n|-ability|p2a: Corviknight|Pressure\n|move|p1a: Empoleon|Flip Turn|p2a: Corviknight\n|-damage|p2a: Corviknight|38\/100\n|\n|t:|1700921933\n|switch|p1a: Iron Moth|Iron Moth|100\/100|[from] Flip Turn\n|\n|-heal|p2a: Corviknight|44\/100|[from] item: Leftovers\n|upkeep\n|turn|15\n|\n|t:|1700921947\n|switch|p2a: Landorus|Landorus-Therian, M|93\/100\n|-damage|p2a: Landorus|81\/100|[from] Stealth Rock\n|-ability|p2a: Landorus|Intimidate|boost\n|-unboost|p1a: Iron Moth|atk|1\n|move|p1a: Iron Moth|Sludge Wave|p2a: Landorus\n|-resisted|p2a: Landorus\n|-damage|p2a: Landorus|54\/100\n|\n|upkeep\n|turn|16\n|\n|t:|1700921961\n|-end|p1a: Iron Moth|Quark Drive|[silent]\n|switch|p1a: Empoleon|Empoleon, M, tera:Fairy|70\/100\n|move|p2a: Landorus|Stealth Rock|p1a: Empoleon\n|-sidestart|p1: gfrostmoths|move: Stealth Rock\n|\n|-heal|p1a: Empoleon|77\/100|[from] item: Leftovers\n|upkeep\n|turn|17\n|\n|t:|1700921982\n|move|p2a: Landorus|U-turn|p1a: Empoleon\n|-resisted|p1a: Empoleon\n|-damage|p1a: Empoleon|66\/100\n|\n|t:|1700921991\n|switch|p2a: Corviknight|Corviknight, M|44\/100|[from] U-turn\n|-damage|p2a: Corviknight|32\/100|[from] Stealth Rock\n|-ability|p2a: Corviknight|Pressure\n|move|p1a: Empoleon|Roost|p1a: Empoleon\n|-heal|p1a: Empoleon|100\/100\n|\n|-heal|p2a: Corviknight|38\/100|[from] item: Leftovers\n|upkeep\n|turn|18\n|\n|t:|1700922019\n|move|p2a: Corviknight|U-turn|p1a: Empoleon\n|-resisted|p1a: Empoleon\n|-damage|p1a: Empoleon|94\/100\n|\n|t:|1700922037\n|switch|p2a: Enamorus|Enamorus, F|100\/100|[from] U-turn\n|-damage|p2a: Enamorus|76\/100|[from] Stealth Rock\n|move|p1a: Empoleon|Flip Turn|p2a: Enamorus\n|-damage|p2a: Enamorus|48\/100\n|\n|t:|1700922046\n|switch|p1a: Iron Moth|Iron Moth|100\/100|[from] Flip Turn\n|-damage|p1a: Iron Moth|76\/100|[from] Stealth Rock\n|\n|upkeep\n|turn|19\n|\n|t:|1700922060\n|move|p1a: Iron Moth|Fiery Dance|p2a: Enamorus\n|-damage|p2a: Enamorus|0 fnt\n|-boost|p1a: Iron Moth|spa|1\n|faint|p2a: Enamorus\n|\n|upkeep\n|\n|t:|1700922066\n|switch|p2a: Dragonite|Dragonite, M|100\/100\n|turn|20\n|\n|t:|1700922073\n|-end|p1a: Iron Moth|Quark Drive|[silent]\n|switch|p1a: Zapdos|Zapdos|20\/100\n|move|p2a: Dragonite|Dragon Dance|p2a: Dragonite\n|-boost|p2a: Dragonite|atk|1\n|-boost|p2a: Dragonite|spe|1\n|\n|upkeep\n|turn|21\n|\n|t:|1700922082\n|move|p2a: Dragonite|Extreme Speed|p1a: Zapdos\n|-damage|p1a: Zapdos|0 fnt\n|faint|p1a: Zapdos\n|\n|upkeep\n|\n|t:|1700922090\n|switch|p1a: Dragapult|Dragapult, F|47\/100 brn\n|-damage|p1a: Dragapult|34\/100 brn|[from] Stealth Rock\n|turn|22\n|\n|t:|1700922098\n|-terastallize|p2a: Dragonite|Normal\n|move|p1a: Dragapult|Draco Meteor|p2a: Dragonite\n|-damage|p2a: Dragonite|58\/100\n|-unboost|p1a: Dragapult|spa|2\n|move|p2a: Dragonite|Dragon Dance|p2a: Dragonite\n|-boost|p2a: Dragonite|atk|1\n|-boost|p2a: Dragonite|spe|1\n|\n|-damage|p1a: Dragapult|28\/100 brn|[from] brn\n|upkeep\n|turn|23\n|\n|t:|1700922120\n|move|p2a: Dragonite|Roost|p2a: Dragonite\n|-heal|p2a: Dragonite|100\/100\n|move|p1a: Dragapult|Draco Meteor|p2a: Dragonite\n|-damage|p2a: Dragonite|80\/100\n|-unboost|p1a: Dragapult|spa|2\n|\n|-damage|p1a: Dragapult|22\/100 brn|[from] brn\n|upkeep\n|turn|24\n|\n|t:|1700922141\n|move|p2a: Dragonite|Roost|p2a: Dragonite\n|-heal|p2a: Dragonite|100\/100\n|move|p1a: Dragapult|Draco Meteor|p2a: Dragonite\n|-damage|p2a: Dragonite|87\/100\n|-unboost|p1a: Dragapult|spa|2\n|\n|-damage|p1a: Dragapult|16\/100 brn|[from] brn\n|upkeep\n|turn|25\n|\n|t:|1700922155\n|switch|p1a: Empoleon|Empoleon, M, tera:Fairy|94\/100\n|-damage|p1a: Empoleon|81\/100|[from] Stealth Rock\n|move|p2a: Dragonite|Dragon Dance|p2a: Dragonite\n|-boost|p2a: Dragonite|atk|1\n|-boost|p2a: Dragonite|spe|1\n|\n|-heal|p1a: Empoleon|87\/100|[from] item: Leftovers\n|upkeep\n|turn|26\n|\n|t:|1700922169\n|move|p2a: Dragonite|Extreme Speed|p1a: Empoleon\n|-damage|p1a: Empoleon|0 fnt\n|faint|p1a: Empoleon\n|\n|upkeep\n|c|\u2606FlorenceIris|gg\n|c|\u2606gfrostmoths|yup\n|c|\u2606gfrostmoths|gg\n|-message|gfrostmoths forfeited.\n|\n|win|FlorenceIris\n|l|\u2606FlorenceIris\n","uploadtime":1700923674,"views":9,"p1id":"gfrostmoths","p2id":"florenceiris","formatid":"gen9ou","rating":0,"private":0,"password":""}