{"id":"gen9ou-1998143757","p1":"PK~Hunter\u2606","p2":"GimmeUrTights","format":"[Gen 9] OU","log":"|j|\u2606PK~Hunter\u2606\n|j|\u2606GimmeUrTights\n|t:|1700899729\n|gametype|singles\n|player|p1|PK~Hunter\u2606|steven|1000\n|player|p2|GimmeUrTights|youngster-gen4dp|1088\n|teamsize|p1|6\n|teamsize|p2|6\n|gen|9\n|tier|[Gen 9] OU\n|rated|\n|rule|Sleep Clause Mod: Limit one foe put to sleep\n|rule|Species Clause: Limit one of each Pok\u00e9mon\n|rule|OHKO Clause: OHKO moves are banned\n|rule|Evasion Items Clause: Evasion items are banned\n|rule|Evasion Moves Clause: Evasion moves are banned\n|rule|Endless Battle Clause: Forcing endless battles is banned\n|rule|HP Percentage Mod: HP is shown in percentages\n|clearpoke\n|poke|p1|Cinderace, F|\n|poke|p1|Klefki, F|\n|poke|p1|Zapdos|\n|poke|p1|Crawdaunt, M|\n|poke|p1|Amoonguss, M|\n|poke|p1|Ambipom, F|\n|poke|p2|Jirachi|\n|poke|p2|Decidueye, F|\n|poke|p2|Maushold-Four|\n|poke|p2|Ditto|\n|poke|p2|Grimmsnarl, M|\n|poke|p2|Talonflame, M|\n|teampreview\n|\n|t:|1700899738\n|start\n|switch|p1a: Klefki|Klefki, F|100\/100\n|switch|p2a: Grimmsnarl|Grimmsnarl, M|100\/100\n|turn|1\n|\n|t:|1700899747\n|move|p1a: Klefki|Spikes|p2a: Grimmsnarl\n|-sidestart|p2: GimmeUrTights|Spikes\n|move|p2a: Grimmsnarl|Light Screen|p2a: Grimmsnarl\n|-sidestart|p2: GimmeUrTights|move: Light Screen\n|\n|upkeep\n|turn|2\n|\n|t:|1700899751\n|move|p1a: Klefki|Spikes|p2a: Grimmsnarl\n|-sidestart|p2: GimmeUrTights|Spikes\n|move|p2a: Grimmsnarl|Reflect|p2a: Grimmsnarl\n|-sidestart|p2: GimmeUrTights|Reflect\n|\n|upkeep\n|turn|3\n|\n|t:|1700899755\n|move|p1a: Klefki|Spikes|p2a: Grimmsnarl\n|-sidestart|p2: GimmeUrTights|Spikes\n|move|p2a: Grimmsnarl|Drain Punch|p1a: Klefki\n|-damage|p1a: Klefki|77\/100\n|\n|upkeep\n|turn|4\n|\n|t:|1700899760\n|move|p1a: Klefki|Light Screen|p1a: Klefki\n|-sidestart|p1: PK~Hunter\u2606|move: Light Screen\n|move|p2a: Grimmsnarl|Drain Punch|p1a: Klefki\n|-damage|p1a: Klefki|57\/100\n|\n|upkeep\n|turn|5\n|\n|t:|1700899767\n|move|p1a: Klefki|Rain Dance|p1a: Klefki\n|-weather|RainDance\n|move|p2a: Grimmsnarl|Drain Punch|p1a: Klefki\n|-damage|p1a: Klefki|33\/100\n|\n|-weather|RainDance|[upkeep]\n|upkeep\n|turn|6\n|\n|t:|1700899773\n|move|p1a: Klefki|Foul Play|p2a: Grimmsnarl\n|-resisted|p2a: Grimmsnarl\n|-damage|p2a: Grimmsnarl|96\/100\n|move|p2a: Grimmsnarl|Drain Punch|p1a: Klefki\n|-damage|p1a: Klefki|11\/100\n|-heal|p2a: Grimmsnarl|100\/100|[from] drain|[of] p1a: Klefki\n|\n|-weather|RainDance|[upkeep]\n|upkeep\n|turn|7\n|\n|t:|1700899781\n|move|p1a: Klefki|Foul Play|p2a: Grimmsnarl\n|-resisted|p2a: Grimmsnarl\n|-damage|p2a: Grimmsnarl|95\/100\n|move|p2a: Grimmsnarl|Drain Punch|p1a: Klefki\n|-damage|p1a: Klefki|0 fnt\n|-heal|p2a: Grimmsnarl|99\/100|[from] drain|[of] p1a: Klefki\n|faint|p1a: Klefki\n|\n|-weather|RainDance|[upkeep]\n|upkeep\n|\n|t:|1700899789\n|switch|p1a: Zapdos|Zapdos|100\/100\n|turn|8\n|\n|t:|1700899807\n|switch|p2a: Jirachi|Jirachi|100\/100\n|-damage|p2a: Jirachi|76\/100|[from] Spikes\n|move|p1a: Zapdos|Hurricane|p2a: Jirachi\n|-resisted|p2a: Jirachi\n|-damage|p2a: Jirachi|62\/100\n|\n|-weather|RainDance|[upkeep]\n|-sideend|p1: PK~Hunter\u2606|move: Light Screen\n|-sideend|p2: GimmeUrTights|move: Light Screen\n|upkeep\n|turn|9\n|\n|t:|1700899821\n|move|p1a: Zapdos|Hurricane|p2a: Jirachi\n|-resisted|p2a: Jirachi\n|-crit|p2a: Jirachi\n|-damage|p2a: Jirachi|18\/100\n|move|p2a: Jirachi|Doom Desire|p1a: Zapdos\n|-start|p2a: Jirachi|Doom Desire\n|\n|-weather|RainDance|[upkeep]\n|-sideend|p2: GimmeUrTights|Reflect\n|upkeep\n|turn|10\n|\n|t:|1700899828\n|move|p1a: Zapdos|Hurricane|p2a: Jirachi\n|-resisted|p2a: Jirachi\n|-damage|p2a: Jirachi|0 fnt\n|faint|p2a: Jirachi\n|\n|-weather|RainDance|[upkeep]\n|upkeep\n|\n|t:|1700899834\n|switch|p2a: Talonflame|Talonflame, M|100\/100\n|turn|11\n|\n|t:|1700899838\n|move|p2a: Talonflame|Defog|p1a: Zapdos\n|-unboost|p1a: Zapdos|evasion|1\n|-sideend|p2: GimmeUrTights|Spikes|[from] move: Defog|[of] p2a: Talonflame\n|move|p1a: Zapdos|Thunder|p2a: Talonflame\n|-supereffective|p2a: Talonflame\n|-damage|p2a: Talonflame|0 fnt\n|faint|p2a: Talonflame\n|\n|-weather|RainDance|[upkeep]\n|-end|p1a: Zapdos|move: Doom Desire\n|-resisted|p1a: Zapdos\n|-damage|p1a: Zapdos|73\/100\n|upkeep\n|\n|t:|1700899850\n|switch|p2a: Maushold|Maushold-Four|100\/100\n|turn|12\n|\n|t:|1700899856\n|move|p2a: Maushold|Population Bomb|p1a: Zapdos\n|-damage|p1a: Zapdos|59\/100\n|-damage|p1a: Zapdos|47\/100\n|-damage|p1a: Zapdos|33\/100\n|-damage|p1a: Zapdos|20\/100\n|-damage|p1a: Zapdos|6\/100\n|-damage|p1a: Zapdos|0 fnt\n|faint|p1a: Zapdos\n|-hitcount|p1: Zapdos|6\n|\n|-weather|none\n|upkeep\n|\n|t:|1700899861\n|switch|p1a: Amoonguss|Amoonguss, M|100\/100\n|turn|13\n|\n|t:|1700899866\n|move|p2a: Maushold|Population Bomb|p1a: Amoonguss\n|-damage|p1a: Amoonguss|88\/100\n|-damage|p2a: Maushold|84\/100|[from] item: Rocky Helmet|[of] p1a: Amoonguss\n|-damage|p1a: Amoonguss|76\/100\n|-damage|p2a: Maushold|67\/100|[from] item: Rocky Helmet|[of] p1a: Amoonguss\n|-damage|p1a: Amoonguss|63\/100\n|-damage|p2a: Maushold|51\/100|[from] item: Rocky Helmet|[of] p1a: Amoonguss\n|-damage|p1a: Amoonguss|51\/100\n|-damage|p2a: Maushold|34\/100|[from] item: Rocky Helmet|[of] p1a: Amoonguss\n|-damage|p1a: Amoonguss|40\/100\n|-damage|p2a: Maushold|17\/100|[from] item: Rocky Helmet|[of] p1a: Amoonguss\n|-damage|p1a: Amoonguss|29\/100\n|-damage|p2a: Maushold|1\/100|[from] item: Rocky Helmet|[of] p1a: Amoonguss\n|-damage|p1a: Amoonguss|17\/100\n|-damage|p2a: Maushold|0 fnt|[from] item: Rocky Helmet|[of] p1a: Amoonguss\n|faint|p2a: Maushold\n|-hitcount|p1a: Amoonguss|7\n|move|p1a: Amoonguss|Spore|p2: Maushold|[notarget]\n|-fail|p1a: Amoonguss\n|\n|upkeep\n|\n|t:|1700899871\n|switch|p2a: Decidueye|Decidueye, F|100\/100\n|turn|14\n|\n|t:|1700899881\n|move|p2a: Decidueye|Acrobatics|p1a: Amoonguss\n|-supereffective|p1a: Amoonguss\n|-damage|p1a: Amoonguss|0 fnt\n|faint|p1a: Amoonguss\n|\n|upkeep\n|\n|t:|1700899889\n|switch|p1a: Ambipom|Ambipom, F|100\/100\n|turn|15\n|\n|t:|1700899895\n|switch|p1a: Crawdaunt|Crawdaunt, M|100\/100\n|move|p2a: Decidueye|Trailblaze|p1a: Crawdaunt\n|-supereffective|p1a: Crawdaunt\n|-damage|p1a: Crawdaunt|32\/100\n|-boost|p2a: Decidueye|spe|1\n|\n|upkeep\n|turn|16\n|\n|t:|1700899902\n|move|p2a: Decidueye|Trailblaze|p1a: Crawdaunt\n|-supereffective|p1a: Crawdaunt\n|-damage|p1a: Crawdaunt|0 fnt\n|-boost|p2a: Decidueye|spe|1\n|faint|p1a: Crawdaunt\n|\n|upkeep\n|\n|t:|1700899905\n|switch|p1a: Cinderace|Cinderace, F|100\/100\n|turn|17\n|\n|t:|1700899911\n|move|p1a: Cinderace|Pyro Ball|p2a: Decidueye\n|-supereffective|p2a: Decidueye\n|-damage|p2a: Decidueye|0 fnt\n|faint|p2a: Decidueye\n|\n|upkeep\n|\n|t:|1700899917\n|switch|p2a: Ditto|Ditto|100\/100\n|-transform|p2a: Ditto|p1a: Cinderace|[from] ability: Imposter\n|turn|18\n|\n|t:|1700899925\n|move|p2a: Ditto|High Jump Kick|p1a: Cinderace|[miss]\n|-miss|p2a: Ditto|p1a: Cinderace\n|-damage|p2a: Ditto|51\/100|[from] highjumpkick\n|move|p1a: Cinderace|High Jump Kick|p2a: Ditto\n|-damage|p2a: Ditto|0 fnt\n|faint|p2a: Ditto\n|\n|upkeep\n|\n|t:|1700899929\n|switch|p2a: Grimmsnarl|Grimmsnarl, M|99\/100\n|turn|19\n|\n|t:|1700899934\n|move|p2a: Grimmsnarl|Reflect|p2a: Grimmsnarl\n|-sidestart|p2: GimmeUrTights|Reflect\n|move|p1a: Cinderace|High Jump Kick|p2a: Grimmsnarl\n|-damage|p2a: Grimmsnarl|77\/100\n|\n|upkeep\n|turn|20\n|\n|t:|1700899940\n|move|p1a: Cinderace|Pyro Ball|p2a: Grimmsnarl\n|-damage|p2a: Grimmsnarl|47\/100\n|move|p2a: Grimmsnarl|Drain Punch|p1a: Cinderace\n|-damage|p1a: Cinderace|70\/100\n|-heal|p2a: Grimmsnarl|61\/100|[from] drain|[of] p1a: Cinderace\n|\n|upkeep\n|turn|21\n|\n|t:|1700899947\n|move|p1a: Cinderace|Will-O-Wisp|p2a: Grimmsnarl\n|-status|p2a: Grimmsnarl|brn\n|move|p2a: Grimmsnarl|Drain Punch|p1a: Cinderace\n|-crit|p1a: Cinderace\n|-damage|p1a: Cinderace|45\/100\n|-heal|p2a: Grimmsnarl|73\/100 brn|[from] drain|[of] p1a: Cinderace\n|\n|-damage|p2a: Grimmsnarl|66\/100 brn|[from] brn\n|upkeep\n|turn|22\n|\n|t:|1700899958\n|-terastallize|p2a: Grimmsnarl|Fighting\n|move|p1a: Cinderace|Pyro Ball|p2a: Grimmsnarl\n|-damage|p2a: Grimmsnarl|38\/100 brn\n|move|p2a: Grimmsnarl|Drain Punch|p1a: Cinderace\n|-crit|p1a: Cinderace\n|-damage|p1a: Cinderace|9\/100\n|-heal|p2a: Grimmsnarl|55\/100 brn|[from] drain|[of] p1a: Cinderace\n|\n|-damage|p2a: Grimmsnarl|49\/100 brn|[from] brn\n|upkeep\n|turn|23\n|\n|t:|1700899968\n|move|p1a: Cinderace|Pyro Ball|p2a: Grimmsnarl\n|-damage|p2a: Grimmsnarl|3\/100 brn\n|move|p2a: Grimmsnarl|Drain Punch|p1a: Cinderace\n|-damage|p1a: Cinderace|0 fnt\n|-heal|p2a: Grimmsnarl|7\/100 brn|[from] drain|[of] p1a: Cinderace\n|faint|p1a: Cinderace\n|\n|-damage|p2a: Grimmsnarl|0 fnt|[from] brn\n|faint|p2a: Grimmsnarl\n|\n|win|PK~Hunter\u2606\n|upkeep\n|raw|PK~Hunter\u2606's rating: 1000 &rarr; <strong>1050<\/strong><br \/>(+50 for winning)\n|raw|GimmeUrTights's rating: 1088 &rarr; <strong>1059<\/strong><br \/>(-29 for losing)\n|l|\u2606GimmeUrTights\n","uploadtime":1700899982,"views":18,"p1id":"pkhunter","p2id":"gimmeurtights","formatid":"gen9ou","rating":1050,"private":0,"password":""}