{"id":"gen9ou-1988878883","p1":"kdjv","p2":"TheCheekyMeek","format":"[Gen 9] OU","log":"|j|\u2606kdjv\n|j|\u2606TheCheekyMeek\n|t:|1699779639\n|gametype|singles\n|player|p1|kdjv|ghetsis|1377\n|player|p2|TheCheekyMeek|102|1425\n|teamsize|p1|6\n|teamsize|p2|6\n|gen|9\n|tier|[Gen 9] OU\n|rated|\n|rule|Sleep Clause Mod: Limit one foe put to sleep\n|rule|Species Clause: Limit one of each Pok\u00e9mon\n|rule|OHKO Clause: OHKO moves are banned\n|rule|Evasion Items Clause: Evasion items are banned\n|rule|Evasion Moves Clause: Evasion moves are banned\n|rule|Endless Battle Clause: Forcing endless battles is banned\n|rule|HP Percentage Mod: HP is shown in percentages\n|clearpoke\n|poke|p1|Ribombee, F|\n|poke|p1|Manaphy|\n|poke|p1|Kingambit, M|\n|poke|p1|Gholdengo|\n|poke|p1|Ogerpon-Wellspring, F|\n|poke|p1|Iron Moth|\n|poke|p2|Ribombee, M|\n|poke|p2|Grimmsnarl, M|\n|poke|p2|Great Tusk|\n|poke|p2|Dragonite, F|\n|poke|p2|Kingambit, F|\n|poke|p2|Rillaboom, M|\n|teampreview\n|inactive|Battle timer is ON: inactive players will automatically lose when time's up. (requested by TheCheekyMeek)\n|\n|t:|1699779645\n|start\n|switch|p1a: Ribombee|Ribombee, F, shiny|100\/100\n|switch|p2a: Grimmsnarl|Grimmsnarl, M, shiny|100\/100\n|turn|1\n|\n|t:|1699779660\n|move|p2a: Grimmsnarl|Light Screen|p2a: Grimmsnarl\n|-sidestart|p2: TheCheekyMeek|move: Light Screen\n|move|p1a: Ribombee|Sticky Web|p2a: Grimmsnarl\n|-sidestart|p2: TheCheekyMeek|move: Sticky Web\n|\n|upkeep\n|turn|2\n|\n|t:|1699779665\n|switch|p1a: Ogerpon|Ogerpon-Wellspring, F|100\/100\n|move|p2a: Grimmsnarl|Reflect|p2a: Grimmsnarl\n|-sidestart|p2: TheCheekyMeek|Reflect\n|\n|upkeep\n|turn|3\n|\n|t:|1699779671\n|move|p2a: Grimmsnarl|Parting Shot|p1a: Ogerpon\n|-unboost|p1a: Ogerpon|atk|1\n|-unboost|p1a: Ogerpon|spa|1\n|\n|t:|1699779675\n|switch|p2a: Dragonite|Dragonite, F|100\/100|[from] Parting Shot\n|move|p1a: Ogerpon|Encore||[still]\n|-fail|p1a: Ogerpon\n|\n|upkeep\n|turn|4\n|\n|t:|1699779687\n|move|p1a: Ogerpon|Ivy Cudgel|p2a: Dragonite\n|-resisted|p2a: Dragonite\n|-damage|p2a: Dragonite|95\/100\n|move|p2a: Dragonite|Dragon Dance|p2a: Dragonite\n|-boost|p2a: Dragonite|atk|1\n|-boost|p2a: Dragonite|spe|1\n|\n|upkeep\n|turn|5\n|\n|t:|1699779698\n|move|p2a: Dragonite|Dragon Dance|p2a: Dragonite\n|-boost|p2a: Dragonite|atk|1\n|-boost|p2a: Dragonite|spe|1\n|move|p1a: Ogerpon|Encore|p2a: Dragonite\n|-start|p2a: Dragonite|Encore\n|\n|upkeep\n|turn|6\n|\n|t:|1699779709\n|switch|p1a: Manaphy|Manaphy|100\/100\n|move|p2a: Dragonite|Dragon Dance|p2a: Dragonite\n|-boost|p2a: Dragonite|atk|1\n|-boost|p2a: Dragonite|spe|1\n|\n|upkeep\n|turn|7\n|\n|t:|1699779720\n|move|p2a: Dragonite|Dragon Dance|p2a: Dragonite\n|-boost|p2a: Dragonite|atk|1\n|-boost|p2a: Dragonite|spe|1\n|move|p1a: Manaphy|Ice Beam|p2a: Dragonite\n|-supereffective|p2a: Dragonite\n|-damage|p2a: Dragonite|29\/100\n|-status|p2a: Dragonite|frz\n|\n|upkeep\n|turn|8\n|\n|t:|1699779729\n|-terastallize|p2a: Dragonite|Normal\n|cant|p2a: Dragonite|frz\n|move|p1a: Manaphy|Ice Beam|p2a: Dragonite\n|-damage|p2a: Dragonite|14\/100 frz\n|\n|-end|p2a: Dragonite|Encore\n|-sideend|p2: TheCheekyMeek|move: Light Screen\n|upkeep\n|turn|9\n|\n|t:|1699779740\n|cant|p2a: Dragonite|frz\n|move|p1a: Manaphy|Ice Beam|p2a: Dragonite\n|-damage|p2a: Dragonite|0 fnt\n|faint|p2a: Dragonite\n|\n|-sideend|p2: TheCheekyMeek|Reflect\n|upkeep\n|c|\u2606TheCheekyMeek|You are so lucky\n|c|\u2606TheCheekyMeek|fk sake\n|\n|t:|1699779753\n|switch|p2a: Great Tusk|Great Tusk|100\/100\n|-activate|p2a: Great Tusk|move: Sticky Web\n|-unboost|p2a: Great Tusk|spe|1\n|-enditem|p2a: Great Tusk|Booster Energy\n|-activate|p2a: Great Tusk|ability: Protosynthesis|[fromitem]\n|-start|p2a: Great Tusk|protosynthesisatk\n|turn|10\n|c|\u2606kdjv|you would have still died\n|c|\u2606kdjv|ur encore lasted\n|c|\u2606TheCheekyMeek|No it didn\u2019t\n|c|\u2606kdjv|i just needed that turn to get you low enough\n|c|\u2606kdjv|freeze didnt matter\n|c|\u2606kdjv|let me guess ur e speed earthquake?\n|inactive|TheCheekyMeek has 120 seconds left.\n|c|\u2606TheCheekyMeek|It did\n|inactive|kdjv has 120 seconds left.\n|c|\u2606kdjv|ur walled by air balloon gholdengo anyways\n|\n|t:|1699779802\n|switch|p1a: Gholdengo|Gholdengo|100\/100\n|-item|p1a: Gholdengo|Air Balloon\n|move|p2a: Great Tusk|Rapid Spin|p1a: Gholdengo\n|-immune|p1a: Gholdengo\n|\n|upkeep\n|turn|11\n|\n|t:|1699779811\n|move|p1a: Gholdengo|Make It Rain|p2a: Great Tusk\n|-damage|p2a: Great Tusk|16\/100\n|-unboost|p1a: Gholdengo|spa|1\n|move|p2a: Great Tusk|Ice Spinner|p1a: Gholdengo\n|-resisted|p1a: Gholdengo\n|-damage|p1a: Gholdengo|85\/100\n|-enditem|p1a: Gholdengo|Air Balloon\n|\n|upkeep\n|turn|12\n|\n|t:|1699779822\n|-end|p2a: Great Tusk|Protosynthesis|[silent]\n|switch|p2a: Grimmsnarl|Grimmsnarl, M, shiny|100\/100\n|-activate|p2a: Grimmsnarl|move: Sticky Web\n|-unboost|p2a: Grimmsnarl|spe|1\n|move|p1a: Gholdengo|Shadow Ball|p2a: Grimmsnarl\n|-resisted|p2a: Grimmsnarl\n|-damage|p2a: Grimmsnarl|87\/100\n|\n|upkeep\n|turn|13\n|\n|t:|1699779833\n|switch|p1a: Iron Moth|Iron Moth|100\/100\n|-enditem|p1a: Iron Moth|Booster Energy\n|-activate|p1a: Iron Moth|ability: Quark Drive|[fromitem]\n|-start|p1a: Iron Moth|quarkdrivespe\n|move|p2a: Grimmsnarl|Light Screen|p2a: Grimmsnarl\n|-sidestart|p2: TheCheekyMeek|move: Light Screen\n|\n|upkeep\n|turn|14\n|\n|t:|1699779840\n|move|p2a: Grimmsnarl|Parting Shot|p1a: Iron Moth\n|-unboost|p1a: Iron Moth|atk|1\n|-unboost|p1a: Iron Moth|spa|1\n|\n|t:|1699779849\n|switch|p2a: GreenUVLight|Ribombee, M|100\/100|[from] Parting Shot\n|-activate|p2a: GreenUVLight|move: Sticky Web\n|-unboost|p2a: GreenUVLight|spe|1\n|move|p1a: Iron Moth|Fiery Dance|p2a: GreenUVLight\n|-supereffective|p2a: GreenUVLight\n|-damage|p2a: GreenUVLight|64\/100\n|-boost|p1a: Iron Moth|spa|1\n|\n|upkeep\n|turn|15\n|\n|t:|1699779864\n|move|p1a: Iron Moth|Sludge Wave|p2a: GreenUVLight\n|-supereffective|p2a: GreenUVLight\n|-damage|p2a: GreenUVLight|0 fnt\n|faint|p2a: GreenUVLight\n|\n|upkeep\n|\n|t:|1699779871\n|switch|p2a: Grimmsnarl|Grimmsnarl, M, shiny|87\/100\n|-activate|p2a: Grimmsnarl|move: Sticky Web\n|-unboost|p2a: Grimmsnarl|spe|1\n|turn|16\n|c|\u2606kdjv|just quit pokemon\n|c|\u2606kdjv|ur so bad\n|c|\u2606kdjv|go play with dolls or smth\n|\n|t:|1699779884\n|move|p2a: Grimmsnarl|Reflect|p2a: Grimmsnarl\n|-sidestart|p2: TheCheekyMeek|Reflect\n|move|p1a: Iron Moth|Sludge Wave|p2a: Grimmsnarl\n|-supereffective|p2a: Grimmsnarl\n|-damage|p2a: Grimmsnarl|43\/100\n|\n|upkeep\n|turn|17\n|inactive|TheCheekyMeek has 120 seconds left.\n|c|\u2606TheCheekyMeek|Lmao\n|c|\u2606TheCheekyMeek|i am a higher ELO than you dude - what does that make you I wonder\n|\n|t:|1699779911\n|move|p2a: Grimmsnarl|Parting Shot|p1a: Iron Moth\n|-unboost|p1a: Iron Moth|atk|1\n|-unboost|p1a: Iron Moth|spa|1\n|\n|t:|1699779920\n|switch|p2a: Rillaboom|Rillaboom, M|100\/100|[from] Parting Shot\n|-activate|p2a: Rillaboom|move: Sticky Web\n|-unboost|p2a: Rillaboom|spe|1\n|-fieldstart|move: Grassy Terrain|[from] ability: Grassy Surge|[of] p2a: Rillaboom\n|move|p1a: Iron Moth|Fiery Dance|p2a: Rillaboom\n|-supereffective|p2a: Rillaboom\n|-damage|p2a: Rillaboom|65\/100\n|-boost|p1a: Iron Moth|spa|1\n|\n|-heal|p2a: Rillaboom|71\/100|[from] Grassy Terrain\n|upkeep\n|turn|18\n|c|\u2606kdjv|higher elo and ur losing?\n|inactive|TheCheekyMeek has 90 seconds left.\n|\n|t:|1699779942\n|move|p1a: Iron Moth|Sludge Wave|p2a: Rillaboom\n|-supereffective|p2a: Rillaboom\n|-damage|p2a: Rillaboom|3\/100\n|-status|p2a: Rillaboom|psn\n|move|p2a: Rillaboom|Swords Dance|p2a: Rillaboom\n|-boost|p2a: Rillaboom|atk|2\n|\n|-heal|p2a: Rillaboom|9\/100 psn|[from] Grassy Terrain\n|-damage|p2a: Rillaboom|0 fnt|[from] psn\n|faint|p2a: Rillaboom\n|upkeep\n|inactive|TheCheekyMeek has 90 seconds left.\n|\n|t:|1699779955\n|switch|p2a: Great Tusk|Great Tusk|16\/100\n|-activate|p2a: Great Tusk|move: Sticky Web\n|-unboost|p2a: Great Tusk|spe|1\n|turn|19\n|inactive|TheCheekyMeek has 90 seconds left.\n|\n|t:|1699779961\n|move|p1a: Iron Moth|Fiery Dance|p2a: Great Tusk\n|-damage|p2a: Great Tusk|0 fnt\n|faint|p2a: Great Tusk\n|-end|p2a: Great Tusk|Protosynthesis|[silent]\n|\n|upkeep\n|inactive|TheCheekyMeek has 90 seconds left.\n|c|\u2606TheCheekyMeek|gg wp lol\n|c|\u2606kdjv|ur literally getting 6-0ed\n|c|\u2606TheCheekyMeek|good play with the luck on the freeze\n|c|\u2606kdjv|whats ur dragonite's moves?\n|inactive|TheCheekyMeek has 60 seconds left.\n|c|\u2606TheCheekyMeek|Rematch if you like, you beat me\n|c|\u2606kdjv|freeze wouldt matter right\n|c|\u2606kdjv|do you understand how encore works?\n|c|\u2606kdjv|it means the next 3 turns you have to dragon dance\n|c|\u2606TheCheekyMeek|Nah it would, because would\u2019ve broken the balloon with ice spinner\n|inactive|TheCheekyMeek has 30 seconds left.\n|c|\u2606TheCheekyMeek|scroll\n|c|\u2606TheCheekyMeek|up and read the log dude\n|inactive|TheCheekyMeek has 20 seconds left.\n|inactive|TheCheekyMeek has 15 seconds left.\n|c|\u2606TheCheekyMeek|i broke encore on turn I stayed frozen still\n|inactive|TheCheekyMeek has 10 seconds left.\n|c|\u2606kdjv|damn you dont understand english do you\n|c|\u2606TheCheekyMeek|anyway wp\n|inactive|TheCheekyMeek has 5 seconds left.\n|c|\u2606kdjv|how would you kill ghold with dragonite?\n|-message|TheCheekyMeek lost due to inactivity.\n|\n|win|kdjv\n|raw|kdjv's rating: 1377 &rarr; <strong>1400<\/strong><br \/>(+23 for winning)\n|raw|TheCheekyMeek's rating: 1425 &rarr; <strong>1402<\/strong><br \/>(-23 for losing)\n|c|\u2606kdjv|presumably you kill my manaphy\n|c|\u2606kdjv|i bring in ghold\n|c|\u2606kdjv|how do you kill it in one hit?\n|c|\u2606kdjv|my ghold guaranteed kills you cuz ur low anyways\n|c|\u2606TheCheekyMeek|And then when you kill dnite I\u2019d bring in gambit\n|c|\u2606kdjv|yeah dnite would die anyways right\n|c|\u2606TheCheekyMeek|Yeah for sure\n|c|\u2606kdjv|so the freeze didnt matter right?\n|c|\u2606kdjv|since its only on dnite\n|c|\u2606kdjv|which would die anyways\n|c|\u2606kdjv|you got 6-0ed bro\n|c|\u2606TheCheekyMeek|No because by killing manaphy I would\u2019ve got a free switch in when dnite died\n|c|\u2606TheCheekyMeek|Anyway take your win and go lmao\n|c|\u2606kdjv|??????\n|c|\u2606kdjv|i dont understand you bro'\n|c|\u2606kdjv|i advise\n|c|\u2606kdjv|you go to elementary school\n|l|\u2606TheCheekyMeek\n|c|\u2606kdjv|learn basic english\n","uploadtime":1699780176,"views":16,"p1id":"kdjv","p2id":"thecheekymeek","formatid":"gen9ou","rating":1400,"private":0,"password":""}