{"id":"gen9ou-1992412547","p1":"Howard Subwoofer","p2":"LuichoX","format":"[Gen 9] OU","log":"|j|\u2606Howard Subwoofer\n|j|\u2606LuichoX\n|t:|1700184585\n|gametype|singles\n|player|p1|Howard Subwoofer|blaine|\n|player|p2|LuichoX|candice|\n|teamsize|p1|6\n|teamsize|p2|6\n|gen|9\n|tier|[Gen 9] OU\n|rule|Sleep Clause Mod: Limit one foe put to sleep\n|rule|Species Clause: Limit one of each Pok\u00e9mon\n|rule|OHKO Clause: OHKO moves are banned\n|rule|Evasion Items Clause: Evasion items are banned\n|rule|Evasion Moves Clause: Evasion moves are banned\n|rule|Endless Battle Clause: Forcing endless battles is banned\n|rule|HP Percentage Mod: HP is shown in percentages\n|clearpoke\n|poke|p1|Dragonite, M|\n|poke|p1|Fezandipiti, M|\n|poke|p1|Iron Hands|\n|poke|p1|Tinkaton, F|\n|poke|p1|Diancie|\n|poke|p1|Wo-Chien|\n|poke|p2|Quagsire, F|\n|poke|p2|Tyranitar, F|\n|poke|p2|Mandibuzz, F|\n|poke|p2|Sandslash, M|\n|poke|p2|Sandy Shocks|\n|poke|p2|Munkidori, M|\n|teampreview\n|inactive|Battle timer is ON: inactive players will automatically lose when time's up. (requested by LuichoX)\n|j| edicts\n|j| poggerwog\n|j| lumpfren\n|inactive|LuichoX has 270 seconds left.\n|inactiveoff|Battle timer is now OFF.\n|\n|t:|1700184645\n|start\n|switch|p1a: St.|Dragonite, M|100\/100\n|switch|p2a: Sandslash|Sandslash, M|100\/100\n|turn|1\n|\n|t:|1700184679\n|move|p1a: St.|Ice Beam|p2a: Sandslash\n|-supereffective|p2a: Sandslash\n|-damage|p2a: Sandslash|30\/100\n|move|p2a: Sandslash|Knock Off|p1a: St.\n|-damage|p1a: St.|75\/100\n|-enditem|p1a: St.|Heavy-Duty Boots|[from] move: Knock Off|[of] p2a: Sandslash\n|\n|upkeep\n|turn|2\n|\n|t:|1700184697\n|switch|p2a: Tyranitar|Tyranitar, F|100\/100\n|-weather|Sandstorm|[from] ability: Sand Stream|[of] p2a: Tyranitar\n|move|p1a: St.|Extreme Speed|p2a: Tyranitar\n|-resisted|p2a: Tyranitar\n|-damage|p2a: Tyranitar|87\/100\n|\n|-weather|Sandstorm|[upkeep]\n|-damage|p1a: St.|69\/100|[from] Sandstorm\n|upkeep\n|turn|3\n|\n|t:|1700184751\n|switch|p1a: Bush|Wo-Chien|100\/100\n|-ability|p1a: Bush|Tablets of Ruin\n|move|p2a: Tyranitar|Stone Edge|p1a: Bush|[miss]\n|-miss|p2a: Tyranitar|p1a: Bush\n|\n|-weather|Sandstorm|[upkeep]\n|-damage|p1a: Bush|94\/100|[from] Sandstorm\n|-heal|p1a: Bush|100\/100|[from] item: Leftovers\n|upkeep\n|turn|4\n|\n|t:|1700184793\n|switch|p2a: Mandibuzz|Mandibuzz, F|100\/100\n|move|p1a: Bush|Grass Knot|p2a: Mandibuzz\n|-resisted|p2a: Mandibuzz\n|-damage|p2a: Mandibuzz|94\/100\n|\n|-weather|Sandstorm|[upkeep]\n|-damage|p1a: Bush|94\/100|[from] Sandstorm\n|-heal|p1a: Bush|100\/100|[from] item: Leftovers\n|upkeep\n|turn|5\n|\n|t:|1700184817\n|switch|p1a: St.|Dragonite, M|69\/100\n|move|p2a: Mandibuzz|U-turn|p1a: St.\n|-resisted|p1a: St.\n|-damage|p1a: St.|63\/100\n|j| LupinoFTW\n|\n|t:|1700184880\n|switch|p2a: Quagsire|Quagsire, F|100\/100|[from] U-turn\n|\n|-weather|Sandstorm|[upkeep]\n|-damage|p1a: St.|57\/100|[from] Sandstorm\n|upkeep\n|turn|6\n|\n|t:|1700184897\n|move|p1a: St.|Dragon Dance|p1a: St.\n|-boost|p1a: St.|atk|1\n|-boost|p1a: St.|spe|1\n|move|p2a: Quagsire|Toxic|p1a: St.\n|-status|p1a: St.|tox\n|\n|-weather|Sandstorm|[upkeep]\n|-damage|p1a: St.|50\/100 tox|[from] Sandstorm\n|-damage|p1a: St.|44\/100 tox|[from] psn\n|upkeep\n|turn|7\n|\n|t:|1700184933\n|move|p1a: St.|Ice Beam|p2a: Quagsire\n|-damage|p2a: Quagsire|78\/100\n|move|p2a: Quagsire|Stealth Rock|p1a: St.\n|-sidestart|p1: Howard Subwoofer|move: Stealth Rock\n|\n|-weather|Sandstorm|[upkeep]\n|-damage|p1a: St.|38\/100 tox|[from] Sandstorm\n|-heal|p2a: Quagsire|84\/100|[from] item: Leftovers\n|-damage|p1a: St.|26\/100 tox|[from] psn\n|upkeep\n|turn|8\n|\n|t:|1700184944\n|move|p1a: St.|Roost|p1a: St.\n|-heal|p1a: St.|76\/100 tox\n|-singleturn|p1a: St.|move: Roost\n|move|p2a: Quagsire|Recover|p2a: Quagsire\n|-heal|p2a: Quagsire|100\/100\n|\n|-weather|Sandstorm|[upkeep]\n|-damage|p1a: St.|70\/100 tox|[from] Sandstorm\n|-damage|p1a: St.|51\/100 tox|[from] psn\n|upkeep\n|turn|9\n|\n|t:|1700184962\n|switch|p1a: Bush|Wo-Chien|100\/100\n|-damage|p1a: Bush|88\/100|[from] Stealth Rock\n|-ability|p1a: Bush|Tablets of Ruin\n|move|p2a: Quagsire|Earthquake|p1a: Bush\n|-resisted|p1a: Bush\n|-damage|p1a: Bush|79\/100\n|\n|-weather|none\n|-heal|p1a: Bush|85\/100|[from] item: Leftovers\n|upkeep\n|turn|10\n|\n|t:|1700184981\n|-terastallize|p2a: Quagsire|Steel\n|move|p1a: Bush|Foul Play|p2a: Quagsire\n|-damage|p2a: Quagsire|81\/100\n|move|p2a: Quagsire|Toxic|p1a: Bush|[miss]\n|-miss|p2a: Quagsire|p1a: Bush\n|\n|-heal|p1a: Bush|91\/100|[from] item: Leftovers\n|-heal|p2a: Quagsire|88\/100|[from] item: Leftovers\n|upkeep\n|turn|11\n|\n|t:|1700184992\n|move|p1a: Bush|Leech Seed|p2a: Quagsire\n|-start|p2a: Quagsire|move: Leech Seed\n|move|p2a: Quagsire|Toxic|p1a: Bush\n|-status|p1a: Bush|tox\n|\n|-heal|p1a: Bush|97\/100 tox|[from] item: Leftovers\n|-heal|p2a: Quagsire|94\/100|[from] item: Leftovers\n|-damage|p2a: Quagsire|81\/100|[from] Leech Seed|[of] p1a: Bush\n|-heal|p1a: Bush|100\/100 tox|[silent]\n|-damage|p1a: Bush|94\/100 tox|[from] psn\n|upkeep\n|turn|12\n|\n|t:|1700185003\n|switch|p2a: Mandibuzz|Mandibuzz, F|94\/100\n|move|p1a: Bush|Grass Knot|p2a: Mandibuzz\n|-resisted|p2a: Mandibuzz\n|-damage|p2a: Mandibuzz|89\/100\n|\n|-heal|p1a: Bush|100\/100 tox|[from] item: Leftovers\n|-damage|p1a: Bush|88\/100 tox|[from] psn\n|upkeep\n|turn|13\n|\n|t:|1700185010\n|move|p2a: Mandibuzz|U-turn|p1a: Bush\n|-supereffective|p1a: Bush\n|-damage|p1a: Bush|58\/100 tox\n|\n|t:|1700185014\n|switch|p2a: Tyranitar|Tyranitar, F|87\/100|[from] U-turn\n|-weather|Sandstorm|[from] ability: Sand Stream|[of] p2a: Tyranitar\n|move|p1a: Bush|Leech Seed|p2a: Tyranitar\n|-start|p2a: Tyranitar|move: Leech Seed\n|\n|-weather|Sandstorm|[upkeep]\n|-damage|p1a: Bush|52\/100 tox|[from] Sandstorm\n|-heal|p1a: Bush|58\/100 tox|[from] item: Leftovers\n|-damage|p2a: Tyranitar|74\/100|[from] Leech Seed|[of] p1a: Bush\n|-heal|p1a: Bush|69\/100 tox|[silent]\n|-damage|p1a: Bush|51\/100 tox|[from] psn\n|upkeep\n|turn|14\n|j| Rookie the Wolf\n|\n|t:|1700185028\n|switch|p2a: Mandibuzz|Mandibuzz, F|89\/100\n|move|p1a: Bush|Grass Knot|p2a: Mandibuzz\n|-resisted|p2a: Mandibuzz\n|-damage|p2a: Mandibuzz|83\/100\n|\n|-weather|Sandstorm|[upkeep]\n|-damage|p1a: Bush|45\/100 tox|[from] Sandstorm\n|-heal|p1a: Bush|51\/100 tox|[from] item: Leftovers\n|-damage|p1a: Bush|26\/100 tox|[from] psn\n|upkeep\n|turn|15\n|\n|t:|1700185049\n|switch|p1a: Curious|Tinkaton, F, shiny|100\/100\n|-damage|p1a: Curious|94\/100|[from] Stealth Rock\n|-ability|p1a: Curious|Mold Breaker\n|move|p2a: Mandibuzz|U-turn|p1a: Curious\n|-resisted|p1a: Curious\n|-crit|p1a: Curious\n|-damage|p1a: Curious|90\/100\n|\n|t:|1700185052\n|switch|p2a: Sandslash|Sandslash, M|30\/100|[from] U-turn\n|\n|-weather|Sandstorm|[upkeep]\n|-heal|p1a: Curious|96\/100|[from] item: Leftovers\n|upkeep\n|turn|16\n|\n|t:|1700185062\n|move|p2a: Sandslash|Earthquake|p1a: Curious\n|-supereffective|p1a: Curious\n|-damage|p1a: Curious|0 fnt\n|faint|p1a: Curious\n|\n|-weather|Sandstorm|[upkeep]\n|upkeep\n|c|\u2606LuichoX|howard got discord called by someone\n|c|\u2606LuichoX|we enter a break\n|c| LupinoFTW|el diablo\n|c|\u2606LuichoX|we're back\n|\n|t:|1700185118\n|switch|p1a: Washington|Iron Hands, shiny|100\/100\n|-damage|p1a: Washington|94\/100|[from] Stealth Rock\n|-enditem|p1a: Washington|Booster Energy\n|-activate|p1a: Washington|ability: Quark Drive|[fromitem]\n|-start|p1a: Washington|quarkdriveatk\n|turn|17\n|\n|t:|1700185124\n|move|p2a: Sandslash|Earthquake|p1a: Washington\n|-supereffective|p1a: Washington\n|-damage|p1a: Washington|3\/100\n|move|p1a: Washington|Ice Punch|p2a: Sandslash\n|-supereffective|p2a: Sandslash\n|-damage|p2a: Sandslash|0 fnt\n|faint|p2a: Sandslash\n|\n|-weather|Sandstorm|[upkeep]\n|-damage|p1a: Washington|0 fnt|[from] Sandstorm\n|faint|p1a: Washington\n|-end|p1a: Washington|Quark Drive|[silent]\n|upkeep\n|\n|t:|1700185163\n|switch|p2a: Munkidori|Munkidori, M|100\/100\n|switch|p1a: R.R.Martin|Diancie|100\/100\n|-damage|p1a: R.R.Martin|88\/100|[from] Stealth Rock\n|turn|18\n|\n|t:|1700185192\n|move|p2a: Munkidori|Sludge Wave|p1a: R.R.Martin\n|-crit|p1a: R.R.Martin\n|-damage|p1a: R.R.Martin|46\/100\n|-status|p1a: R.R.Martin|tox|[from] ability: Toxic Chain|[of] p2a: Munkidori\n|move|p1a: R.R.Martin|Diamond Storm|p2a: Munkidori\n|-damage|p2a: Munkidori|45\/100\n|\n|-weather|Sandstorm|[upkeep]\n|-damage|p2a: Munkidori|39\/100|[from] Sandstorm\n|-heal|p1a: R.R.Martin|52\/100 tox|[from] item: Leftovers\n|-damage|p1a: R.R.Martin|46\/100 tox|[from] psn\n|upkeep\n|turn|19\n|\n|t:|1700185217\n|switch|p2a: Quagsire|Quagsire, F, tera:Steel|81\/100\n|switch|p1a: St.|Dragonite, M|51\/100 tox\n|-damage|p1a: St.|26\/100 tox|[from] Stealth Rock\n|\n|-weather|Sandstorm|[upkeep]\n|-damage|p1a: St.|20\/100 tox|[from] Sandstorm\n|-heal|p2a: Quagsire|87\/100|[from] item: Leftovers\n|-damage|p1a: St.|14\/100 tox|[from] psn\n|upkeep\n|turn|20\n|\n|t:|1700185234\n|switch|p2a: Sandy Shocks|Sandy Shocks|100\/100\n|move|p1a: St.|Roost|p1a: St.\n|-heal|p1a: St.|64\/100 tox\n|-singleturn|p1a: St.|move: Roost\n|\n|-weather|none\n|-damage|p1a: St.|52\/100 tox|[from] psn\n|upkeep\n|turn|21\n|\n|t:|1700185260\n|-terastallize|p1a: St.|Normal\n|move|p2a: Sandy Shocks|Volt Switch|p1a: St.\n|-damage|p1a: St.|18\/100 tox\n|\n|t:|1700185264\n|-end|p2a: Sandy Shocks|Protosynthesis|[silent]\n|switch|p2a: Tyranitar|Tyranitar, F|74\/100|[from] Volt Switch\n|-weather|Sandstorm|[from] ability: Sand Stream|[of] p2a: Tyranitar\n|move|p1a: St.|Ice Beam|p2a: Tyranitar\n|-damage|p2a: Tyranitar|63\/100\n|\n|-weather|Sandstorm|[upkeep]\n|-damage|p1a: St.|12\/100 tox|[from] Sandstorm\n|-damage|p1a: St.|0 fnt|[from] psn\n|faint|p1a: St.\n|upkeep\n|\n|t:|1700185282\n|switch|p1a: Costanza|Fezandipiti, M|100\/100\n|turn|22\n|\n|t:|1700185285\n|move|p1a: Costanza|Moonblast|p2a: Tyranitar\n|-supereffective|p2a: Tyranitar\n|-damage|p2a: Tyranitar|29\/100\n|move|p2a: Tyranitar|Dragon Dance|p2a: Tyranitar\n|-boost|p2a: Tyranitar|atk|1\n|-boost|p2a: Tyranitar|spe|1\n|\n|-weather|Sandstorm|[upkeep]\n|-damage|p1a: Costanza|94\/100|[from] Sandstorm\n|upkeep\n|turn|23\n|\n|t:|1700185293\n|move|p2a: Tyranitar|Earthquake|p1a: Costanza\n|-supereffective|p1a: Costanza\n|-damage|p1a: Costanza|0 fnt\n|faint|p1a: Costanza\n|\n|-weather|Sandstorm|[upkeep]\n|upkeep\n|\n|t:|1700185303\n|switch|p1a: R.R.Martin|Diancie|46\/100 tox\n|-damage|p1a: R.R.Martin|34\/100 tox|[from] Stealth Rock\n|turn|24\n|\n|t:|1700185306\n|move|p2a: Tyranitar|Earthquake|p1a: R.R.Martin\n|-supereffective|p1a: R.R.Martin\n|-damage|p1a: R.R.Martin|0 fnt\n|faint|p1a: R.R.Martin\n|\n|-weather|Sandstorm|[upkeep]\n|upkeep\n|\n|t:|1700185311\n|switch|p1a: Bush|Wo-Chien|26\/100 tox\n|-damage|p1a: Bush|14\/100 tox|[from] Stealth Rock\n|-ability|p1a: Bush|Tablets of Ruin\n|turn|25\n|\n|t:|1700185316\n|move|p2a: Tyranitar|Earthquake|p1a: Bush\n|-resisted|p1a: Bush\n|-damage|p1a: Bush|0 fnt\n|faint|p1a: Bush\n|\n|win|LuichoX\n","uploadtime":1700185320,"views":9,"p1id":"howardsubwoofer","p2id":"luichox","formatid":"gen9ou","rating":0,"private":0,"password":""}