{"id":"gen9ou-2000395038","p1":"Topher345","p2":"gjgkhvj","format":"[Gen 9] OU","log":"|j|\u2606Topher345\n|j|\u2606gjgkhvj\n|t:|1701191201\n|gametype|singles\n|player|p1|Topher345|1|1213\n|player|p2|gjgkhvj|2|1178\n|teamsize|p1|6\n|teamsize|p2|6\n|gen|9\n|tier|[Gen 9] OU\n|rated|\n|rule|Sleep Clause Mod: Limit one foe put to sleep\n|rule|Species Clause: Limit one of each Pok\u00e9mon\n|rule|OHKO Clause: OHKO moves are banned\n|rule|Evasion Items Clause: Evasion items are banned\n|rule|Evasion Moves Clause: Evasion moves are banned\n|rule|Endless Battle Clause: Forcing endless battles is banned\n|rule|HP Percentage Mod: HP is shown in percentages\n|clearpoke\n|poke|p1|Heatran, F|\n|poke|p1|Milotic, F|\n|poke|p1|Chesnaught, F|\n|poke|p1|Dragapult, F|\n|poke|p1|Corviknight, F|\n|poke|p1|Zapdos|\n|poke|p2|Ursaluna, F|\n|poke|p2|Ogerpon-Wellspring, F|\n|poke|p2|Ting-Lu|\n|poke|p2|Gholdengo|\n|poke|p2|Zapdos|\n|poke|p2|Great Tusk|\n|teampreview\n|\n|t:|1701191240\n|start\n|switch|p1a: Chesnaught|Chesnaught, F|100\/100\n|switch|p2a: Ting-Lu|Ting-Lu|100\/100\n|-ability|p2a: Ting-Lu|Vessel of Ruin\n|turn|1\n|\n|t:|1701191250\n|switch|p2a: Gholdengo|Gholdengo|100\/100\n|move|p1a: Chesnaught|Substitute|p1a: Chesnaught\n|-start|p1a: Chesnaught|Substitute\n|-damage|p1a: Chesnaught|76\/100\n|\n|upkeep\n|turn|2\n|\n|t:|1701191262\n|switch|p1a: Milotic|Milotic, F|100\/100\n|move|p2a: Gholdengo|Dazzling Gleam|p1a: Milotic\n|-damage|p1a: Milotic|88\/100\n|\n|-heal|p1a: Milotic|94\/100|[from] item: Leftovers\n|upkeep\n|turn|3\n|\n|t:|1701191275\n|move|p2a: Gholdengo|Nasty Plot|p2a: Gholdengo\n|-boost|p2a: Gholdengo|spa|2\n|move|p1a: Milotic|Scald|p2a: Gholdengo\n|-damage|p2a: Gholdengo|74\/100\n|\n|-heal|p1a: Milotic|100\/100|[from] item: Leftovers\n|upkeep\n|turn|4\n|\n|t:|1701191284\n|move|p2a: Gholdengo|Recover|p2a: Gholdengo\n|-heal|p2a: Gholdengo|100\/100\n|move|p1a: Milotic|Haze|p1a: Milotic\n|-clearallboost\n|\n|upkeep\n|turn|5\n|\n|t:|1701191297\n|move|p2a: Gholdengo|Shadow Ball|p1a: Milotic\n|-damage|p1a: Milotic|81\/100\n|move|p1a: Milotic|Scald|p2a: Gholdengo\n|-damage|p2a: Gholdengo|73\/100\n|\n|-heal|p1a: Milotic|87\/100|[from] item: Leftovers\n|upkeep\n|turn|6\n|\n|t:|1701191306\n|move|p2a: Gholdengo|Shadow Ball|p1a: Milotic\n|-damage|p1a: Milotic|68\/100\n|move|p1a: Milotic|Scald|p2a: Gholdengo\n|-damage|p2a: Gholdengo|48\/100\n|\n|-heal|p1a: Milotic|74\/100|[from] item: Leftovers\n|upkeep\n|turn|7\n|\n|t:|1701191311\n|move|p2a: Gholdengo|Recover|p2a: Gholdengo\n|-heal|p2a: Gholdengo|98\/100\n|move|p1a: Milotic|Scald|p2a: Gholdengo\n|-damage|p2a: Gholdengo|68\/100\n|\n|-heal|p1a: Milotic|80\/100|[from] item: Leftovers\n|upkeep\n|turn|8\n|\n|t:|1701191316\n|switch|p2a: Ogerpon|Ogerpon-Wellspring, F|100\/100\n|move|p1a: Milotic|Scald|p2a: Ogerpon\n|-immune|p2a: Ogerpon|[from] ability: Water Absorb\n|\n|-heal|p1a: Milotic|86\/100|[from] item: Leftovers\n|upkeep\n|turn|9\n|\n|t:|1701191325\n|switch|p1a: Chesnaught|Chesnaught, F|76\/100\n|move|p2a: Ogerpon|Swords Dance|p2a: Ogerpon\n|-boost|p2a: Ogerpon|atk|2\n|\n|upkeep\n|turn|10\n|\n|t:|1701191333\n|move|p2a: Ogerpon|Zen Headbutt|p1a: Chesnaught\n|-supereffective|p1a: Chesnaught\n|-damage|p1a: Chesnaught|2\/100\n|-damage|p2a: Ogerpon|84\/100|[from] item: Rocky Helmet|[of] p1a: Chesnaught\n|cant|p1a: Chesnaught|flinch\n|\n|upkeep\n|turn|11\n|\n|t:|1701191344\n|move|p1a: Chesnaught|Spiky Shield|p1a: Chesnaught\n|-singleturn|p1a: Chesnaught|move: Protect\n|move|p2a: Ogerpon|Ivy Cudgel|p1a: Chesnaught|[anim] Ivy Cudgel Water\n|-activate|p1a: Chesnaught|move: Protect\n|\n|upkeep\n|turn|12\n|\n|t:|1701191351\n|switch|p1a: Corviknight|Corviknight, F|100\/100\n|move|p2a: Ogerpon|Ivy Cudgel|p1a: Corviknight|[anim] Ivy Cudgel Water\n|-damage|p1a: Corviknight|0 fnt\n|faint|p1a: Corviknight\n|\n|upkeep\n|inactive|Battle timer is ON: inactive players will automatically lose when time's up. (requested by gjgkhvj)\n|\n|t:|1701191359\n|switch|p1a: Zapdos|Zapdos|100\/100\n|turn|13\n|\n|t:|1701191368\n|move|p2a: Ogerpon|Ivy Cudgel|p1a: Zapdos|[anim] Ivy Cudgel Water\n|-damage|p1a: Zapdos|15\/100\n|move|p1a: Zapdos|Hurricane|p2a: Ogerpon\n|-supereffective|p2a: Ogerpon\n|-damage|p2a: Ogerpon|0 fnt\n|faint|p2a: Ogerpon\n|\n|upkeep\n|\n|t:|1701191378\n|switch|p2a: Ursaluna|Ursaluna, F|100\/100\n|turn|14\n|\n|t:|1701191386\n|move|p1a: Zapdos|Roost|p1a: Zapdos\n|-heal|p1a: Zapdos|65\/100\n|-singleturn|p1a: Zapdos|move: Roost\n|move|p2a: Ursaluna|Facade|p1a: Zapdos\n|-damage|p1a: Zapdos|36\/100\n|-damage|p2a: Ursaluna|84\/100|[from] item: Rocky Helmet|[of] p1a: Zapdos\n|\n|-status|p2a: Ursaluna|brn|[from] item: Flame Orb\n|upkeep\n|turn|15\n|\n|t:|1701191397\n|move|p1a: Zapdos|Roost|p1a: Zapdos\n|-heal|p1a: Zapdos|86\/100\n|-singleturn|p1a: Zapdos|move: Roost\n|move|p2a: Ursaluna|Fire Punch|p1a: Zapdos\n|-damage|p1a: Zapdos|53\/100\n|-damage|p2a: Ursaluna|68\/100 brn|[from] item: Rocky Helmet|[of] p1a: Zapdos\n|\n|-damage|p2a: Ursaluna|61\/100 brn|[from] brn\n|upkeep\n|turn|16\n|\n|t:|1701191409\n|switch|p1a: Dragapult|Dragapult, F|100\/100\n|move|p2a: Ursaluna|Facade|p1a: Dragapult\n|-immune|p1a: Dragapult\n|\n|-damage|p2a: Ursaluna|55\/100 brn|[from] brn\n|upkeep\n|turn|17\n|\n|t:|1701191417\n|move|p1a: Dragapult|Dragon Darts|p2a: Ursaluna\n|-crit|p2a: Ursaluna\n|-damage|p2a: Ursaluna|2\/100 brn\n|-anim|p1a: Dragapult|Dragon Darts|p2a: Ursaluna\n|-damage|p2a: Ursaluna|0 fnt\n|faint|p2a: Ursaluna\n|\n|upkeep\n|\n|t:|1701191421\n|switch|p2a: Ting-Lu|Ting-Lu|100\/100\n|-ability|p2a: Ting-Lu|Vessel of Ruin\n|turn|18\n|\n|t:|1701191429\n|switch|p1a: Chesnaught|Chesnaught, F|2\/100\n|move|p2a: Ting-Lu|Ruination|p1a: Chesnaught\n|-damage|p1a: Chesnaught|1\/100\n|\n|upkeep\n|turn|19\n|\n|t:|1701191436\n|move|p1a: Chesnaught|Drain Punch|p2a: Ting-Lu\n|-supereffective|p2a: Ting-Lu\n|-damage|p2a: Ting-Lu|72\/100\n|-heal|p1a: Chesnaught|21\/100|[from] drain|[of] p2a: Ting-Lu\n|move|p2a: Ting-Lu|Spikes|p1a: Chesnaught\n|-sidestart|p1: Topher345|Spikes\n|\n|-heal|p2a: Ting-Lu|78\/100|[from] item: Leftovers\n|upkeep\n|turn|20\n|\n|t:|1701191450\n|move|p1a: Chesnaught|Leech Seed|p2a: Ting-Lu\n|-start|p2a: Ting-Lu|move: Leech Seed\n|move|p2a: Ting-Lu|Whirlwind|p1a: Chesnaught\n|drag|p1a: Milotic|Milotic, F|86\/100\n|-damage|p1a: Milotic|74\/100|[from] Spikes\n|\n|-heal|p1a: Milotic|80\/100|[from] item: Leftovers\n|-heal|p2a: Ting-Lu|85\/100|[from] item: Leftovers\n|-damage|p2a: Ting-Lu|72\/100|[from] Leech Seed|[of] p1a: Milotic\n|-heal|p1a: Milotic|96\/100|[silent]\n|upkeep\n|turn|21\n|\n|t:|1701191459\n|move|p1a: Milotic|Scald|p2a: Ting-Lu\n|-supereffective|p2a: Ting-Lu\n|-damage|p2a: Ting-Lu|47\/100\n|move|p2a: Ting-Lu|Ruination|p1a: Milotic\n|-damage|p1a: Milotic|48\/100\n|\n|-heal|p1a: Milotic|54\/100|[from] item: Leftovers\n|-heal|p2a: Ting-Lu|53\/100|[from] item: Leftovers\n|-damage|p2a: Ting-Lu|41\/100|[from] Leech Seed|[of] p1a: Milotic\n|-heal|p1a: Milotic|71\/100|[silent]\n|upkeep\n|turn|22\n|\n|t:|1701191470\n|switch|p2a: Zapdos|Zapdos|100\/100\n|move|p1a: Milotic|Scald|p2a: Zapdos\n|-damage|p2a: Zapdos|77\/100\n|-status|p2a: Zapdos|brn\n|\n|-heal|p1a: Milotic|77\/100|[from] item: Leftovers\n|-damage|p2a: Zapdos|71\/100 brn|[from] brn\n|upkeep\n|turn|23\n|\n|t:|1701191484\n|switch|p1a: Dragapult|Dragapult, F|100\/100\n|-damage|p1a: Dragapult|88\/100|[from] Spikes\n|move|p2a: Zapdos|Volt Switch|p1a: Dragapult\n|-resisted|p1a: Dragapult\n|-damage|p1a: Dragapult|69\/100\n|\n|t:|1701191488\n|switch|p2a: Ting-Lu|Ting-Lu|41\/100|[from] Volt Switch\n|-ability|p2a: Ting-Lu|Vessel of Ruin\n|\n|-heal|p2a: Ting-Lu|47\/100|[from] item: Leftovers\n|upkeep\n|turn|24\n|\n|t:|1701191496\n|move|p1a: Dragapult|Dragon Darts|p2a: Ting-Lu\n|-damage|p2a: Ting-Lu|27\/100\n|-anim|p1a: Dragapult|Dragon Darts|p2a: Ting-Lu\n|-damage|p2a: Ting-Lu|5\/100\n|move|p2a: Ting-Lu|Whirlwind|p1a: Dragapult\n|drag|p1a: Milotic|Milotic, F|77\/100\n|-damage|p1a: Milotic|64\/100|[from] Spikes\n|\n|-heal|p1a: Milotic|70\/100|[from] item: Leftovers\n|-heal|p2a: Ting-Lu|11\/100|[from] item: Leftovers\n|upkeep\n|turn|25\n|\n|t:|1701191506\n|move|p1a: Milotic|Scald|p2a: Ting-Lu\n|-supereffective|p2a: Ting-Lu\n|-damage|p2a: Ting-Lu|0 fnt\n|faint|p2a: Ting-Lu\n|\n|-heal|p1a: Milotic|76\/100|[from] item: Leftovers\n|upkeep\n|\n|t:|1701191513\n|switch|p2a: Zapdos|Zapdos|71\/100 brn\n|turn|26\n|\n|t:|1701191527\n|move|p2a: Zapdos|Thunder Wave|p1a: Milotic\n|-status|p1a: Milotic|par\n|move|p1a: Milotic|Recover|p1a: Milotic\n|-heal|p1a: Milotic|100\/100 par\n|\n|-damage|p2a: Zapdos|65\/100 brn|[from] brn\n|upkeep\n|turn|27\n|\n|t:|1701191531\n|switch|p1a: Dragapult|Dragapult, F|69\/100\n|-damage|p1a: Dragapult|57\/100|[from] Spikes\n|move|p2a: Zapdos|Roost|p2a: Zapdos\n|-heal|p2a: Zapdos|100\/100 brn\n|-singleturn|p2a: Zapdos|move: Roost\n|\n|-damage|p2a: Zapdos|94\/100 brn|[from] brn\n|upkeep\n|turn|28\n|\n|t:|1701191537\n|move|p1a: Dragapult|Dragon Darts|p2a: Zapdos\n|-damage|p2a: Zapdos|55\/100 brn\n|-anim|p1a: Dragapult|Dragon Darts|p2a: Zapdos\n|-damage|p2a: Zapdos|10\/100 brn\n|move|p2a: Zapdos|Thunder Wave|p1a: Dragapult\n|-status|p1a: Dragapult|par\n|\n|-damage|p2a: Zapdos|4\/100 brn|[from] brn\n|upkeep\n|turn|29\n|\n|t:|1701191544\n|move|p2a: Zapdos|Roost|p2a: Zapdos\n|-heal|p2a: Zapdos|54\/100 brn\n|-singleturn|p2a: Zapdos|move: Roost\n|cant|p1a: Dragapult|par\n|\n|-damage|p2a: Zapdos|48\/100 brn|[from] brn\n|upkeep\n|turn|30\n|\n|t:|1701191550\n|move|p2a: Zapdos|Roost|p2a: Zapdos\n|-heal|p2a: Zapdos|98\/100 brn\n|-singleturn|p2a: Zapdos|move: Roost\n|move|p1a: Dragapult|Dragon Darts|p2a: Zapdos\n|-damage|p2a: Zapdos|60\/100 brn\n|-anim|p1a: Dragapult|Dragon Darts|p2a: Zapdos\n|-damage|p2a: Zapdos|18\/100 brn\n|\n|-damage|p2a: Zapdos|12\/100 brn|[from] brn\n|upkeep\n|turn|31\n|\n|t:|1701191557\n|move|p2a: Zapdos|Roost|p2a: Zapdos\n|-heal|p2a: Zapdos|62\/100 brn\n|-singleturn|p2a: Zapdos|move: Roost\n|cant|p1a: Dragapult|par\n|\n|-damage|p2a: Zapdos|55\/100 brn|[from] brn\n|upkeep\n|turn|32\n|\n|t:|1701191562\n|move|p2a: Zapdos|Hurricane|p1a: Dragapult\n|-damage|p1a: Dragapult|0 fnt\n|faint|p1a: Dragapult\n|\n|-damage|p2a: Zapdos|49\/100 brn|[from] brn\n|upkeep\n|\n|t:|1701191567\n|switch|p1a: Heatran|Heatran, F|100\/100\n|-damage|p1a: Heatran|88\/100|[from] Spikes\n|turn|33\n|\n|t:|1701191581\n|move|p2a: Zapdos|Roost|p2a: Zapdos\n|-heal|p2a: Zapdos|99\/100 brn\n|-singleturn|p2a: Zapdos|move: Roost\n|move|p1a: Heatran|Magma Storm|p2a: Zapdos|[miss]\n|-miss|p1a: Heatran|p2a: Zapdos\n|\n|-heal|p1a: Heatran|94\/100|[from] item: Leftovers\n|-damage|p2a: Zapdos|93\/100 brn|[from] brn\n|upkeep\n|turn|34\n|\n|t:|1701191590\n|move|p2a: Zapdos|Thunder Wave|p1a: Heatran\n|-status|p1a: Heatran|par\n|move|p1a: Heatran|Magma Storm|p2a: Zapdos\n|-damage|p2a: Zapdos|47\/100 brn\n|-activate|p2a: Zapdos|move: Magma Storm|[of] p1a: Heatran\n|\n|-heal|p1a: Heatran|100\/100 par|[from] item: Leftovers\n|-damage|p2a: Zapdos|40\/100 brn|[from] brn\n|-damage|p2a: Zapdos|28\/100 brn|[from] move: Magma Storm|[partiallytrapped]\n|upkeep\n|turn|35\n|\n|t:|1701191599\n|move|p2a: Zapdos|Roost|p2a: Zapdos\n|-heal|p2a: Zapdos|78\/100 brn\n|-singleturn|p2a: Zapdos|move: Roost\n|cant|p1a: Heatran|par\n|\n|-damage|p2a: Zapdos|72\/100 brn|[from] brn\n|-damage|p2a: Zapdos|59\/100 brn|[from] move: Magma Storm|[partiallytrapped]\n|upkeep\n|turn|36\n|\n|t:|1701191606\n|move|p2a: Zapdos|Roost|p2a: Zapdos\n|-heal|p2a: Zapdos|100\/100 brn\n|-singleturn|p2a: Zapdos|move: Roost\n|move|p1a: Heatran|Magma Storm|p2a: Zapdos\n|-damage|p2a: Zapdos|57\/100 brn\n|\n|-damage|p2a: Zapdos|50\/100 brn|[from] brn\n|-damage|p2a: Zapdos|38\/100 brn|[from] move: Magma Storm|[partiallytrapped]\n|upkeep\n|turn|37\n|\n|t:|1701191614\n|move|p2a: Zapdos|Roost|p2a: Zapdos\n|-heal|p2a: Zapdos|88\/100 brn\n|-singleturn|p2a: Zapdos|move: Roost\n|move|p1a: Heatran|Earth Power|p2a: Zapdos\n|-supereffective|p2a: Zapdos\n|-damage|p2a: Zapdos|31\/100 brn\n|\n|-damage|p2a: Zapdos|24\/100 brn|[from] brn\n|-damage|p2a: Zapdos|12\/100 brn|[from] move: Magma Storm|[partiallytrapped]\n|upkeep\n|turn|38\n|\n|t:|1701191623\n|move|p2a: Zapdos|Volt Switch|p1a: Heatran\n|-damage|p1a: Heatran|69\/100 par\n|\n|t:|1701191628\n|switch|p2a: Great Tusk|Great Tusk|100\/100|[from] Volt Switch\n|-enditem|p2a: Great Tusk|Booster Energy\n|-activate|p2a: Great Tusk|ability: Protosynthesis|[fromitem]\n|-start|p2a: Great Tusk|protosynthesisspe\n|move|p1a: Heatran|Earth Power|p2a: Great Tusk\n|-damage|p2a: Great Tusk|61\/100\n|\n|-heal|p1a: Heatran|75\/100 par|[from] item: Leftovers\n|upkeep\n|turn|39\n|\n|t:|1701191640\n|switch|p1a: Zapdos|Zapdos|53\/100\n|move|p2a: Great Tusk|Headlong Rush|p1a: Zapdos\n|-immune|p1a: Zapdos\n|\n|upkeep\n|turn|40\n|\n|t:|1701191646\n|move|p2a: Great Tusk|Ice Spinner|p1a: Zapdos\n|-supereffective|p1a: Zapdos\n|-damage|p1a: Zapdos|17\/100\n|-damage|p2a: Great Tusk|45\/100|[from] item: Rocky Helmet|[of] p1a: Zapdos\n|move|p1a: Zapdos|Roost|p1a: Zapdos\n|-heal|p1a: Zapdos|67\/100\n|-singleturn|p1a: Zapdos|move: Roost\n|\n|upkeep\n|turn|41\n|\n|t:|1701191652\n|move|p2a: Great Tusk|Bulk Up|p2a: Great Tusk\n|-boost|p2a: Great Tusk|atk|1\n|-boost|p2a: Great Tusk|def|1\n|move|p1a: Zapdos|Roost|p1a: Zapdos\n|-heal|p1a: Zapdos|100\/100\n|-singleturn|p1a: Zapdos|move: Roost\n|\n|upkeep\n|turn|42\n|\n|t:|1701191655\n|move|p2a: Great Tusk|Ice Spinner|p1a: Zapdos\n|-supereffective|p1a: Zapdos\n|-damage|p1a: Zapdos|50\/100\n|-damage|p2a: Great Tusk|28\/100|[from] item: Rocky Helmet|[of] p1a: Zapdos\n|move|p1a: Zapdos|Hurricane|p2a: Great Tusk|[miss]\n|-miss|p1a: Zapdos|p2a: Great Tusk\n|\n|upkeep\n|turn|43\n|\n|t:|1701191660\n|move|p2a: Great Tusk|Ice Spinner|p1a: Zapdos\n|-supereffective|p1a: Zapdos\n|-damage|p1a: Zapdos|0 fnt\n|-damage|p2a: Great Tusk|11\/100|[from] item: Rocky Helmet|[of] p1a: Zapdos\n|faint|p1a: Zapdos\n|\n|upkeep\n|\n|t:|1701191663\n|switch|p1a: Chesnaught|Chesnaught, F|21\/100\n|-damage|p1a: Chesnaught|8\/100|[from] Spikes\n|turn|44\n|\n|t:|1701191672\n|move|p1a: Chesnaught|Spiky Shield|p1a: Chesnaught\n|-singleturn|p1a: Chesnaught|move: Protect\n|move|p2a: Great Tusk|Ice Spinner|p1a: Chesnaught\n|-activate|p1a: Chesnaught|move: Protect\n|-damage|p2a: Great Tusk|0 fnt|[from] Spiky Shield|[of] p1a: Chesnaught\n|faint|p2a: Great Tusk\n|-end|p2a: Great Tusk|Protosynthesis|[silent]\n|\n|upkeep\n|\n|t:|1701191682\n|switch|p2a: Gholdengo|Gholdengo|68\/100\n|turn|45\n|\n|t:|1701191699\n|move|p1a: Chesnaught|Spiky Shield|p1a: Chesnaught\n|-singleturn|p1a: Chesnaught|move: Protect\n|move|p2a: Gholdengo|Shadow Ball|p1a: Chesnaught\n|-activate|p1a: Chesnaught|move: Protect\n|\n|upkeep\n|turn|46\n|l|\u2606Topher345\n|inactive|Topher345 disconnected and has a minute to reconnect!\n|player|p1|\n|j|\u2606Topher345\n|inactive|Topher345 reconnected and has 115 seconds left.\n|player|p1|Topher345|1\n|\n|t:|1701191735\n|switch|p1a: Milotic|Milotic, F|100\/100 par\n|-damage|p1a: Milotic|88\/100 par|[from] Spikes\n|move|p2a: Gholdengo|Shadow Ball|p1a: Milotic\n|-damage|p1a: Milotic|68\/100 par\n|\n|-heal|p1a: Milotic|74\/100 par|[from] item: Leftovers\n|upkeep\n|turn|47\n|inactive|gjgkhvj has 120 seconds left.\n|\n|t:|1701191778\n|move|p2a: Gholdengo|Nasty Plot|p2a: Gholdengo\n|-boost|p2a: Gholdengo|spa|2\n|move|p1a: Milotic|Scald|p2a: Gholdengo\n|-damage|p2a: Gholdengo|40\/100\n|\n|-heal|p1a: Milotic|80\/100 par|[from] item: Leftovers\n|upkeep\n|turn|48\n|inactive|Topher345 has 120 seconds left.\n|\n|t:|1701191785\n|move|p2a: Gholdengo|Recover|p2a: Gholdengo\n|-heal|p2a: Gholdengo|90\/100\n|move|p1a: Milotic|Haze|p1a: Milotic\n|-clearallboost\n|\n|-heal|p1a: Milotic|87\/100 par|[from] item: Leftovers\n|upkeep\n|turn|49\n|\n|t:|1701191791\n|move|p2a: Gholdengo|Nasty Plot|p2a: Gholdengo\n|-boost|p2a: Gholdengo|spa|2\n|cant|p1a: Milotic|par\n|\n|-heal|p1a: Milotic|93\/100 par|[from] item: Leftovers\n|upkeep\n|turn|50\n|inactive|gjgkhvj has 120 seconds left.\n|\n|t:|1701191833\n|move|p2a: Gholdengo|Shadow Ball|p1a: Milotic\n|-damage|p1a: Milotic|56\/100 par\n|-unboost|p1a: Milotic|spd|1\n|-ability|p1a: Milotic|Competitive|boost\n|-boost|p1a: Milotic|spa|2\n|move|p1a: Milotic|Haze|p1a: Milotic\n|-clearallboost\n|\n|-heal|p1a: Milotic|62\/100 par|[from] item: Leftovers\n|upkeep\n|turn|51\n|\n|t:|1701191849\n|move|p2a: Gholdengo|Nasty Plot|p2a: Gholdengo\n|-boost|p2a: Gholdengo|spa|2\n|move|p1a: Milotic|Recover|p1a: Milotic\n|-heal|p1a: Milotic|100\/100 par\n|\n|upkeep\n|turn|52\n|\n|t:|1701191856\n|move|p2a: Gholdengo|Shadow Ball|p1a: Milotic\n|-damage|p1a: Milotic|64\/100 par\n|move|p1a: Milotic|Haze|p1a: Milotic\n|-clearallboost\n|\n|-heal|p1a: Milotic|70\/100 par|[from] item: Leftovers\n|upkeep\n|turn|53\n|\n|t:|1701191866\n|move|p2a: Gholdengo|Nasty Plot|p2a: Gholdengo\n|-boost|p2a: Gholdengo|spa|2\n|move|p1a: Milotic|Haze|p1a: Milotic\n|-clearallboost\n|\n|-heal|p1a: Milotic|76\/100 par|[from] item: Leftovers\n|upkeep\n|turn|54\n|\n|t:|1701191872\n|move|p2a: Gholdengo|Shadow Ball|p1a: Milotic\n|-damage|p1a: Milotic|58\/100 par\n|move|p1a: Milotic|Scald|p2a: Gholdengo\n|-damage|p2a: Gholdengo|63\/100\n|\n|-heal|p1a: Milotic|64\/100 par|[from] item: Leftovers\n|upkeep\n|turn|55\n|\n|t:|1701191882\n|move|p2a: Gholdengo|Nasty Plot|p2a: Gholdengo\n|-boost|p2a: Gholdengo|spa|2\n|move|p1a: Milotic|Scald|p2a: Gholdengo\n|-damage|p2a: Gholdengo|35\/100\n|\n|-heal|p1a: Milotic|70\/100 par|[from] item: Leftovers\n|upkeep\n|turn|56\n|\n|t:|1701191885\n|move|p2a: Gholdengo|Recover|p2a: Gholdengo\n|-heal|p2a: Gholdengo|85\/100\n|move|p1a: Milotic|Haze|p1a: Milotic\n|-clearallboost\n|\n|-heal|p1a: Milotic|76\/100 par|[from] item: Leftovers\n|upkeep\n|turn|57\n|\n|t:|1701191890\n|move|p2a: Gholdengo|Nasty Plot|p2a: Gholdengo\n|-boost|p2a: Gholdengo|spa|2\n|cant|p1a: Milotic|par\n|\n|-heal|p1a: Milotic|82\/100 par|[from] item: Leftovers\n|upkeep\n|turn|58\n|\n|t:|1701191896\n|move|p2a: Gholdengo|Shadow Ball|p1a: Milotic\n|-damage|p1a: Milotic|44\/100 par\n|move|p1a: Milotic|Haze|p1a: Milotic\n|-clearallboost\n|\n|-heal|p1a: Milotic|50\/100 par|[from] item: Leftovers\n|upkeep\n|turn|59\n|\n|t:|1701191900\n|move|p2a: Gholdengo|Nasty Plot|p2a: Gholdengo\n|-boost|p2a: Gholdengo|spa|2\n|move|p1a: Milotic|Recover|p1a: Milotic\n|-heal|p1a: Milotic|100\/100 par\n|\n|upkeep\n|turn|60\n|\n|t:|1701191904\n|-terastallize|p2a: Gholdengo|Fairy\n|move|p2a: Gholdengo|Dazzling Gleam|p1a: Milotic\n|-damage|p1a: Milotic|65\/100 par\n|cant|p1a: Milotic|par\n|\n|-heal|p1a: Milotic|72\/100 par|[from] item: Leftovers\n|upkeep\n|turn|61\n|\n|t:|1701191909\n|move|p2a: Gholdengo|Dazzling Gleam|p1a: Milotic\n|-damage|p1a: Milotic|34\/100 par\n|move|p1a: Milotic|Haze|p1a: Milotic\n|-clearallboost\n|\n|-heal|p1a: Milotic|40\/100 par|[from] item: Leftovers\n|upkeep\n|turn|62\n|\n|t:|1701191922\n|move|p2a: Gholdengo|Dazzling Gleam|p1a: Milotic\n|-damage|p1a: Milotic|23\/100 par\n|move|p1a: Milotic|Recover|p1a: Milotic\n|-heal|p1a: Milotic|73\/100 par\n|\n|-heal|p1a: Milotic|79\/100 par|[from] item: Leftovers\n|upkeep\n|turn|63\n|\n|t:|1701191928\n|move|p2a: Gholdengo|Nasty Plot|p2a: Gholdengo\n|-boost|p2a: Gholdengo|spa|2\n|move|p1a: Milotic|Haze|p1a: Milotic\n|-clearallboost\n|\n|-heal|p1a: Milotic|85\/100 par|[from] item: Leftovers\n|upkeep\n|turn|64\n|\n|t:|1701191933\n|move|p2a: Gholdengo|Nasty Plot|p2a: Gholdengo\n|-boost|p2a: Gholdengo|spa|2\n|move|p1a: Milotic|Scald|p2a: Gholdengo\n|-damage|p2a: Gholdengo|56\/100\n|\n|-heal|p1a: Milotic|91\/100 par|[from] item: Leftovers\n|upkeep\n|turn|65\n|\n|t:|1701191935\n|move|p2a: Gholdengo|Dazzling Gleam|p1a: Milotic\n|-damage|p1a: Milotic|51\/100 par\n|cant|p1a: Milotic|par\n|\n|-heal|p1a: Milotic|57\/100 par|[from] item: Leftovers\n|upkeep\n|turn|66\n|\n|t:|1701191939\n|move|p2a: Gholdengo|Dazzling Gleam|p1a: Milotic\n|-damage|p1a: Milotic|22\/100 par\n|move|p1a: Milotic|Haze|p1a: Milotic\n|-clearallboost\n|\n|-heal|p1a: Milotic|28\/100 par|[from] item: Leftovers\n|upkeep\n|turn|67\n|\n|t:|1701191943\n|move|p2a: Gholdengo|Dazzling Gleam|p1a: Milotic\n|-damage|p1a: Milotic|11\/100 par\n|cant|p1a: Milotic|par\n|\n|-heal|p1a: Milotic|17\/100 par|[from] item: Leftovers\n|upkeep\n|turn|68\n|\n|t:|1701191954\n|switch|p1a: Heatran|Heatran, F|75\/100 par\n|-damage|p1a: Heatran|62\/100 par|[from] Spikes\n|move|p2a: Gholdengo|Dazzling Gleam|p1a: Heatran\n|-resisted|p1a: Heatran\n|-damage|p1a: Heatran|54\/100 par\n|\n|-heal|p1a: Heatran|60\/100 par|[from] item: Leftovers\n|upkeep\n|turn|69\n|\n|t:|1701191978\n|switch|p2a: Zapdos|Zapdos|12\/100 brn\n|move|p1a: Heatran|Magma Storm|p2a: Zapdos|[miss]\n|-miss|p1a: Heatran|p2a: Zapdos\n|\n|-heal|p1a: Heatran|66\/100 par|[from] item: Leftovers\n|-damage|p2a: Zapdos|6\/100 brn|[from] brn\n|upkeep\n|turn|70\n|\n|t:|1701191988\n|move|p2a: Zapdos|Hurricane|p1a: Heatran\n|-resisted|p1a: Heatran\n|-damage|p1a: Heatran|41\/100 par\n|cant|p1a: Heatran|par\n|\n|-heal|p1a: Heatran|47\/100 par|[from] item: Leftovers\n|-damage|p2a: Zapdos|0 fnt|[from] brn\n|faint|p2a: Zapdos\n|upkeep\n|\n|t:|1701191993\n|switch|p2a: Gholdengo|Gholdengo, tera:Fairy|56\/100\n|turn|71\n|\n|t:|1701191999\n|move|p2a: Gholdengo|Shadow Ball|p1a: Heatran\n|-damage|p1a: Heatran|11\/100 par\n|move|p1a: Heatran|Magma Storm|p2a: Gholdengo|[miss]\n|-miss|p1a: Heatran|p2a: Gholdengo\n|\n|-heal|p1a: Heatran|17\/100 par|[from] item: Leftovers\n|upkeep\n|turn|72\n|\n|t:|1701192004\n|move|p2a: Gholdengo|Shadow Ball|p1a: Heatran\n|-damage|p1a: Heatran|0 fnt\n|faint|p1a: Heatran\n|\n|upkeep\n|\n|t:|1701192006\n|switch|p1a: Milotic|Milotic, F|17\/100 par\n|-damage|p1a: Milotic|4\/100 par|[from] Spikes\n|turn|73\n|\n|t:|1701192009\n|move|p2a: Gholdengo|Dazzling Gleam|p1a: Milotic\n|-damage|p1a: Milotic|0 fnt\n|faint|p1a: Milotic\n|\n|upkeep\n|\n|t:|1701192012\n|switch|p1a: Chesnaught|Chesnaught, F|8\/100\n|-damage|p1a: Chesnaught|0 fnt|[from] Spikes\n|faint|p1a: Chesnaught\n|\n|win|gjgkhvj\n|raw|Topher345's rating: 1213 &rarr; <strong>1185<\/strong><br \/>(-28 for losing)\n|raw|gjgkhvj's rating: 1178 &rarr; <strong>1206<\/strong><br \/>(+28 for winning)\n|l|\u2606Topher345\n|c|\u2606gjgkhvj|GG\n","uploadtime":1701192025,"views":1,"p1id":"topher345","p2id":"gjgkhvj","formatid":"gen9ou","rating":1185,"private":0,"password":""}