{"id":"gen9ou-1988545431","p1":"matandoaula","p2":"Skaraptor2.1","format":"[Gen 9] OU","log":"|j|\u2606matandoaula\n|j|\u2606Skaraptor2.1\n|t:|1699734502\n|gametype|singles\n|player|p1|matandoaula|youngster-gen4dp|1139\n|player|p2|Skaraptor2.1|emma|1194\n|teamsize|p1|6\n|teamsize|p2|6\n|gen|9\n|tier|[Gen 9] OU\n|rated|\n|rule|Sleep Clause Mod: Limit one foe put to sleep\n|rule|Species Clause: Limit one of each Pok\u00e9mon\n|rule|OHKO Clause: OHKO moves are banned\n|rule|Evasion Items Clause: Evasion items are banned\n|rule|Evasion Moves Clause: Evasion moves are banned\n|rule|Endless Battle Clause: Forcing endless battles is banned\n|rule|HP Percentage Mod: HP is shown in percentages\n|clearpoke\n|poke|p1|Pelipper, M|\n|poke|p1|Greninja-*, M|\n|poke|p1|Great Tusk|\n|poke|p1|Ogerpon-Wellspring, F|\n|poke|p1|Hatterene, F|\n|poke|p1|Slowking-Galar, F|\n|poke|p2|Maushold|\n|poke|p2|Rillaboom, M|\n|poke|p2|Great Tusk|\n|poke|p2|Heatran, F|\n|poke|p2|Enamorus, F|\n|poke|p2|Kingambit, M|\n|teampreview\n|inactive|Battle timer is ON: inactive players will automatically lose when time's up. (requested by Skaraptor2.1)\n|\n|t:|1699734516\n|start\n|switch|p1a: Pelipper|Pelipper, M|100\/100\n|switch|p2a: Pride march|Maushold|100\/100\n|-weather|RainDance|[from] ability: Drizzle|[of] p1a: Pelipper\n|turn|1\n|inactive|Skaraptor2.1 has 120 seconds left.\n|\n|t:|1699734550\n|move|p2a: Pride march|Tidy Up|p2a: Pride march\n|-boost|p2a: Pride march|atk|1\n|-boost|p2a: Pride march|spe|1\n|move|p1a: Pelipper|Hurricane|p2a: Pride march\n|-damage|p2a: Pride march|22\/100\n|\n|-weather|RainDance|[upkeep]\n|upkeep\n|turn|2\n|\n|t:|1699734576\n|move|p2a: Pride march|Population Bomb|p1a: Pelipper\n|-damage|p1a: Pelipper|84\/100\n|-damage|p1a: Pelipper|67\/100\n|-damage|p1a: Pelipper|50\/100\n|-damage|p1a: Pelipper|31\/100\n|-damage|p1a: Pelipper|15\/100\n|-damage|p1a: Pelipper|0 fnt\n|faint|p1a: Pelipper\n|-hitcount|p1: Pelipper|6\n|\n|-weather|RainDance|[upkeep]\n|upkeep\n|inactive|matandoaula has 120 seconds left.\n|\n|t:|1699734589\n|switch|p1a: Greninja|Greninja, M|100\/100\n|turn|3\n|\n|t:|1699734596\n|move|p1a: Greninja|Water Shuriken|p2a: Pride march\n|-damage|p2a: Pride march|3\/100\n|-damage|p2a: Pride march|0 fnt\n|faint|p2a: Pride march\n|-ability|p1a: Greninja|Battle Bond|boost\n|-boost|p1a: Greninja|atk|1\n|-boost|p1a: Greninja|spa|1\n|-boost|p1a: Greninja|spe|1\n|-activate|p1a: Greninja|ability: Battle Bond\n|-hitcount|p2: Pride march|2\n|-damage|p1a: Greninja|91\/100|[from] item: Life Orb\n|\n|-weather|RainDance|[upkeep]\n|upkeep\n|\n|t:|1699734599\n|switch|p2a: Winton Overwat|Rillaboom, M|100\/100\n|-fieldstart|move: Grassy Terrain|[from] ability: Grassy Surge|[of] p2a: Winton Overwat\n|turn|4\n|\n|t:|1699734616\n|switch|p1a: Slowking|Slowking-Galar, F|100\/100\n|move|p2a: Winton Overwat|U-turn|p1a: Slowking\n|-damage|p1a: Slowking|63\/100\n|inactive|Skaraptor2.1 has 120 seconds left.\n|\n|t:|1699734652\n|switch|p2a: Heatransgender|Heatran, F|100\/100|[from] U-turn\n|\n|-weather|RainDance|[upkeep]\n|-heal|p1a: Slowking|69\/100|[from] Grassy Terrain\n|upkeep\n|turn|5\n|\n|t:|1699734659\n|switch|p1a: Hatterene|Hatterene, F|100\/100\n|move|p2a: Heatransgender|Magma Storm|p1a: Hatterene\n|-damage|p1a: Hatterene|79\/100\n|-activate|p1a: Hatterene|move: Magma Storm|[of] p2a: Heatransgender\n|\n|-weather|RainDance|[upkeep]\n|-heal|p1a: Hatterene|85\/100|[from] Grassy Terrain\n|-heal|p1a: Hatterene|91\/100|[from] item: Leftovers\n|-damage|p1a: Hatterene|78\/100|[from] move: Magma Storm|[partiallytrapped]\n|upkeep\n|turn|6\n|\n|t:|1699734671\n|move|p2a: Heatransgender|Earth Power|p1a: Hatterene\n|-damage|p1a: Hatterene|54\/100\n|move|p1a: Hatterene|Nuzzle|p2a: Heatransgender\n|-damage|p2a: Heatransgender|97\/100\n|-status|p2a: Heatransgender|par\n|\n|-weather|RainDance|[upkeep]\n|-heal|p2a: Heatransgender|100\/100 par|[from] Grassy Terrain\n|-heal|p1a: Hatterene|60\/100|[from] Grassy Terrain\n|-heal|p1a: Hatterene|66\/100|[from] item: Leftovers\n|-damage|p1a: Hatterene|53\/100|[from] move: Magma Storm|[partiallytrapped]\n|upkeep\n|turn|7\n|\n|t:|1699734684\n|move|p2a: Heatransgender|Earth Power|p1a: Hatterene\n|-damage|p1a: Hatterene|24\/100\n|move|p1a: Hatterene|Psychic|p2a: Heatransgender\n|-resisted|p2a: Heatransgender\n|-damage|p2a: Heatransgender|82\/100 par\n|\n|-weather|RainDance|[upkeep]\n|-heal|p2a: Heatransgender|88\/100 par|[from] Grassy Terrain\n|-heal|p2a: Heatransgender|94\/100 par|[from] item: Leftovers\n|-heal|p1a: Hatterene|30\/100|[from] Grassy Terrain\n|-heal|p1a: Hatterene|36\/100|[from] item: Leftovers\n|-damage|p1a: Hatterene|24\/100|[from] move: Magma Storm|[partiallytrapped]\n|upkeep\n|turn|8\n|\n|t:|1699734702\n|move|p2a: Heatransgender|Earth Power|p1a: Hatterene\n|-damage|p1a: Hatterene|0 fnt\n|faint|p1a: Hatterene\n|\n|-weather|none\n|-heal|p2a: Heatransgender|100\/100 par|[from] Grassy Terrain\n|-fieldend|move: Grassy Terrain\n|upkeep\n|\n|t:|1699734710\n|switch|p1a: Ogerpon|Ogerpon-Wellspring, F|100\/100\n|turn|9\n|\n|t:|1699734715\n|switch|p2a: Winton Overwat|Rillaboom, M|100\/100\n|-fieldstart|move: Grassy Terrain|[from] ability: Grassy Surge|[of] p2a: Winton Overwat\n|move|p1a: Ogerpon|Substitute|p1a: Ogerpon\n|-start|p1a: Ogerpon|Substitute\n|-damage|p1a: Ogerpon|76\/100\n|\n|-heal|p1a: Ogerpon|82\/100|[from] Grassy Terrain\n|upkeep\n|turn|10\n|\n|t:|1699734731\n|move|p1a: Ogerpon|Swords Dance|p1a: Ogerpon\n|-boost|p1a: Ogerpon|atk|2\n|move|p2a: Winton Overwat|U-turn|p1a: Ogerpon\n|-supereffective|p1a: Ogerpon\n|-end|p1a: Ogerpon|Substitute\n|\n|t:|1699734757\n|switch|p2a: Enamorada|Enamorus, F|100\/100|[from] U-turn\n|\n|-heal|p1a: Ogerpon|88\/100|[from] Grassy Terrain\n|upkeep\n|turn|11\n|\n|t:|1699734764\n|move|p2a: Enamorada|Moonblast|p1a: Ogerpon\n|-damage|p1a: Ogerpon|23\/100\n|move|p1a: Ogerpon|Ivy Cudgel|p2a: Enamorada\n|-damage|p2a: Enamorada|0 fnt\n|faint|p2a: Enamorada\n|\n|-heal|p1a: Ogerpon|29\/100|[from] Grassy Terrain\n|upkeep\n|\n|t:|1699734770\n|switch|p2a: Winton Overwat|Rillaboom, M|100\/100\n|turn|12\n|\n|t:|1699734784\n|switch|p1a: Slowking|Slowking-Galar, F|100\/100\n|move|p2a: Winton Overwat|Grassy Glide|p1a: Slowking\n|-resisted|p1a: Slowking\n|-damage|p1a: Slowking|68\/100\n|\n|-heal|p1a: Slowking|74\/100|[from] Grassy Terrain\n|upkeep\n|turn|13\n|\n|t:|1699734805\n|switch|p2a: Raging Queer|Great Tusk|100\/100\n|-terastallize|p1a: Slowking|Poison\n|move|p1a: Slowking|Focus Blast|p2a: Raging Queer\n|-damage|p2a: Raging Queer|47\/100\n|\n|-heal|p2a: Raging Queer|53\/100|[from] Grassy Terrain\n|-heal|p2a: Raging Queer|59\/100|[from] item: Leftovers\n|-heal|p1a: Slowking|80\/100|[from] Grassy Terrain\n|-fieldend|move: Grassy Terrain\n|upkeep\n|turn|14\n|\n|t:|1699734817\n|switch|p1a: Great Tusk|Great Tusk|100\/100\n|move|p2a: Raging Queer|Headlong Rush|p1a: Great Tusk\n|-damage|p1a: Great Tusk|63\/100\n|-unboost|p2a: Raging Queer|def|1\n|-unboost|p2a: Raging Queer|spd|1\n|\n|-heal|p2a: Raging Queer|66\/100|[from] item: Leftovers\n|upkeep\n|turn|15\n|\n|t:|1699734835\n|move|p1a: Great Tusk|Close Combat|p2a: Raging Queer\n|-damage|p2a: Raging Queer|8\/100\n|-unboost|p1a: Great Tusk|def|1\n|-unboost|p1a: Great Tusk|spd|1\n|move|p2a: Raging Queer|Bulk Up|p2a: Raging Queer\n|-boost|p2a: Raging Queer|atk|1\n|-boost|p2a: Raging Queer|def|1\n|\n|-heal|p2a: Raging Queer|14\/100|[from] item: Leftovers\n|upkeep\n|turn|16\n|\n|t:|1699734846\n|move|p1a: Great Tusk|Close Combat|p2a: Raging Queer\n|-damage|p2a: Raging Queer|0 fnt\n|-unboost|p1a: Great Tusk|def|1\n|-unboost|p1a: Great Tusk|spd|1\n|faint|p2a: Raging Queer\n|-end|p2a: Raging Queer|Protosynthesis|[silent]\n|\n|upkeep\n|\n|t:|1699734848\n|switch|p2a: Winton Overwat|Rillaboom, M|100\/100\n|-fieldstart|move: Grassy Terrain|[from] ability: Grassy Surge|[of] p2a: Winton Overwat\n|turn|17\n|\n|t:|1699734857\n|-end|p1a: Great Tusk|Protosynthesis|[silent]\n|switch|p1a: Ogerpon|Ogerpon-Wellspring, F|29\/100\n|move|p2a: Winton Overwat|Grassy Glide|p1a: Ogerpon\n|-damage|p1a: Ogerpon|0 fnt\n|faint|p1a: Ogerpon\n|\n|upkeep\n|\n|t:|1699734866\n|switch|p1a: Slowking|Slowking-Galar, F, tera:Poison|100\/100\n|turn|18\n|\n|t:|1699734871\n|switch|p2a: Heatransgender|Heatran, F|100\/100 par\n|move|p1a: Slowking|Sludge Bomb|p2a: Heatransgender\n|-immune|p2a: Heatransgender\n|\n|upkeep\n|turn|19\n|\n|t:|1699734880\n|move|p2a: Heatransgender|Stealth Rock|p1a: Slowking\n|-sidestart|p1: matandoaula|move: Stealth Rock\n|move|p1a: Slowking|Focus Blast|p2a: Heatransgender|[miss]\n|-miss|p1a: Slowking|p2a: Heatransgender\n|\n|upkeep\n|turn|20\n|\n|t:|1699734886\n|move|p2a: Heatransgender|Earth Power|p1a: Slowking\n|-supereffective|p1a: Slowking\n|-damage|p1a: Slowking|71\/100\n|move|p1a: Slowking|Focus Blast|p2a: Heatransgender\n|-supereffective|p2a: Heatransgender\n|-damage|p2a: Heatransgender|49\/100 par\n|\n|-heal|p2a: Heatransgender|55\/100 par|[from] Grassy Terrain\n|-heal|p2a: Heatransgender|61\/100 par|[from] item: Leftovers\n|-heal|p1a: Slowking|77\/100|[from] Grassy Terrain\n|upkeep\n|turn|21\n|\n|t:|1699734898\n|switch|p1a: Great Tusk|Great Tusk|63\/100\n|-damage|p1a: Great Tusk|60\/100|[from] Stealth Rock\n|move|p2a: Heatransgender|Earth Power|p1a: Great Tusk\n|-damage|p1a: Great Tusk|18\/100\n|\n|-heal|p1a: Great Tusk|24\/100|[from] Grassy Terrain\n|-heal|p2a: Heatransgender|67\/100 par|[from] Grassy Terrain\n|-heal|p2a: Heatransgender|74\/100 par|[from] item: Leftovers\n|-fieldend|move: Grassy Terrain\n|upkeep\n|turn|22\n|\n|t:|1699734919\n|move|p1a: Great Tusk|Close Combat|p2a: Heatransgender\n|-supereffective|p2a: Heatransgender\n|-damage|p2a: Heatransgender|0 fnt\n|-unboost|p1a: Great Tusk|def|1\n|-unboost|p1a: Great Tusk|spd|1\n|faint|p2a: Heatransgender\n|\n|upkeep\n|\n|t:|1699734921\n|switch|p2a: Winton Overwat|Rillaboom, M|100\/100\n|-fieldstart|move: Grassy Terrain|[from] ability: Grassy Surge|[of] p2a: Winton Overwat\n|turn|23\n|\n|t:|1699734937\n|move|p2a: Winton Overwat|Grassy Glide|p1a: Great Tusk\n|-supereffective|p1a: Great Tusk\n|-damage|p1a: Great Tusk|0 fnt\n|faint|p1a: Great Tusk\n|-end|p1a: Great Tusk|Protosynthesis|[silent]\n|\n|upkeep\n|\n|t:|1699734943\n|switch|p1a: Slowking|Slowking-Galar, F, tera:Poison|100\/100\n|-damage|p1a: Slowking|88\/100|[from] Stealth Rock\n|turn|24\n|\n|t:|1699734960\n|switch|p2a: devindian|Kingambit, M|100\/100\n|-activate|p2a: devindian|ability: Supreme Overlord\n|-start|p2a: devindian|fallen4|[silent]\n|move|p1a: Slowking|Future Sight|p2a: devindian\n|-start|p1a: Slowking|move: Future Sight\n|\n|-heal|p1a: Slowking|94\/100|[from] Grassy Terrain\n|upkeep\n|turn|25\n|\n|t:|1699734972\n|-terastallize|p2a: devindian|Flying\n|move|p2a: devindian|Swords Dance|p2a: devindian\n|-boost|p2a: devindian|atk|2\n|move|p1a: Slowking|Focus Blast|p2a: devindian|[miss]\n|-miss|p1a: Slowking|p2a: devindian\n|\n|-heal|p1a: Slowking|99\/100|[from] Grassy Terrain\n|upkeep\n|turn|26\n|\n|t:|1699734984\n|switch|p1a: Greninja|Greninja, M|91\/100\n|-damage|p1a: Greninja|78\/100|[from] Stealth Rock\n|move|p2a: devindian|Kowtow Cleave|p1a: Greninja\n|-resisted|p1a: Greninja\n|-damage|p1a: Greninja|0 fnt\n|faint|p1a: Greninja\n|\n|-end|p2a: devindian|move: Future Sight\n|-damage|p2a: devindian|40\/100\n|-heal|p2a: devindian|47\/100|[from] item: Leftovers\n|upkeep\n|\n|t:|1699734996\n|switch|p1a: Slowking|Slowking-Galar, F, tera:Poison|100\/100\n|-damage|p1a: Slowking|88\/100|[from] Stealth Rock\n|turn|27\n|\n|t:|1699735017\n|move|p2a: devindian|Kowtow Cleave|p1a: Slowking\n|-damage|p1a: Slowking|0 fnt\n|faint|p1a: Slowking\n|\n|win|Skaraptor2.1\n|raw|matandoaula's rating: 1139 &rarr; <strong>1118<\/strong><br \/>(-21 for losing)\n|raw|Skaraptor2.1's rating: 1194 &rarr; <strong>1215<\/strong><br \/>(+21 for winning)\n","uploadtime":1699735020,"views":12,"p1id":"matandoaula","p2id":"skaraptor21","formatid":"gen9ou","rating":1118,"private":0,"password":""}