{"id":"gen9ou-1989951311","p1":"NateRedbeard","p2":"bananaszn","format":"[Gen 9] OU","log":"|j|\u2606NateRedbeard\n|j|\u2606bananaszn\n|t:|1699909555\n|gametype|singles\n|player|p1|NateRedbeard|unknown|1000\n|player|p2|bananaszn|brycen|1052\n|teamsize|p1|6\n|teamsize|p2|6\n|gen|9\n|tier|[Gen 9] OU\n|rated|\n|rule|Sleep Clause Mod: Limit one foe put to sleep\n|rule|Species Clause: Limit one of each Pok\u00e9mon\n|rule|OHKO Clause: OHKO moves are banned\n|rule|Evasion Items Clause: Evasion items are banned\n|rule|Evasion Moves Clause: Evasion moves are banned\n|rule|Endless Battle Clause: Forcing endless battles is banned\n|rule|HP Percentage Mod: HP is shown in percentages\n|clearpoke\n|poke|p1|Cinderace, M|\n|poke|p1|Kingambit, M|\n|poke|p1|Gyarados, M|\n|poke|p1|Breloom, F|\n|poke|p1|Dragonite, M|\n|poke|p1|Gengar, F|\n|poke|p2|Kleavor, F|\n|poke|p2|Landorus-Therian, M|\n|poke|p2|Thundurus-Therian, M|\n|poke|p2|Barraskewda, M|\n|poke|p2|Great Tusk|\n|poke|p2|Lycanroc-Dusk, M|\n|teampreview\n|\n|t:|1699909558\n|start\n|switch|p1a: Gengar|Gengar, F|100\/100\n|switch|p2a: Kleavor|Kleavor, F|100\/100\n|turn|1\n|\n|t:|1699909570\n|move|p1a: Gengar|Will-O-Wisp|p2a: Kleavor\n|-status|p2a: Kleavor|brn\n|move|p2a: Kleavor|U-turn|p1a: Gengar\n|-resisted|p1a: Gengar\n|-damage|p1a: Gengar|88\/100\n|\n|t:|1699909581\n|switch|p2a: Barraskewda|Barraskewda, M|100\/100|[from] U-turn\n|\n|-heal|p1a: Gengar|95\/100|[from] item: Black Sludge\n|upkeep\n|turn|2\n|\n|t:|1699909589\n|move|p2a: Barraskewda|Flip Turn|p1a: Gengar\n|-damage|p1a: Gengar|16\/100\n|\n|t:|1699909595\n|switch|p2a: Kleavor|Kleavor, F|100\/100 brn|[from] Flip Turn\n|move|p1a: Gengar|Gunk Shot|p2a: Kleavor|[miss]\n|-miss|p1a: Gengar|p2a: Kleavor\n|\n|-heal|p1a: Gengar|22\/100|[from] item: Black Sludge\n|-damage|p2a: Kleavor|94\/100 brn|[from] brn\n|upkeep\n|turn|3\n|\n|t:|1699909606\n|move|p1a: Gengar|Hex|p2a: Kleavor\n|-damage|p2a: Kleavor|7\/100 brn\n|move|p2a: Kleavor|U-turn|p1a: Gengar\n|-resisted|p1a: Gengar\n|-damage|p1a: Gengar|9\/100\n|\n|t:|1699909611\n|switch|p2a: Barraskewda|Barraskewda, M|100\/100|[from] U-turn\n|\n|-heal|p1a: Gengar|15\/100|[from] item: Black Sludge\n|upkeep\n|turn|4\n|\n|t:|1699909642\n|switch|p1a: Breloom|Breloom, F|100\/100\n|move|p2a: Barraskewda|Flip Turn|p1a: Breloom\n|-resisted|p1a: Breloom\n|-damage|p1a: Breloom|76\/100\n|-damage|p2a: Barraskewda|84\/100|[from] item: Rocky Helmet|[of] p1a: Breloom\n|\n|t:|1699909652\n|switch|p2a: Kleavor|Kleavor, F|7\/100 brn|[from] Flip Turn\n|\n|-damage|p2a: Kleavor|1\/100 brn|[from] brn\n|upkeep\n|turn|5\n|\n|t:|1699909663\n|move|p1a: Breloom|Protect|p1a: Breloom\n|-singleturn|p1a: Breloom|Protect\n|move|p2a: Kleavor|U-turn|p1a: Breloom\n|-activate|p1a: Breloom|move: Protect\n|\n|-damage|p2a: Kleavor|0 fnt|[from] brn\n|faint|p2a: Kleavor\n|upkeep\n|\n|t:|1699909667\n|switch|p2a: Landorus|Landorus-Therian, M|100\/100\n|-ability|p2a: Landorus|Intimidate|boost\n|-unboost|p1a: Breloom|atk|1\n|turn|6\n|\n|t:|1699909683\n|move|p2a: Landorus|U-turn|p1a: Breloom\n|-damage|p1a: Breloom|33\/100\n|-damage|p2a: Landorus|84\/100|[from] item: Rocky Helmet|[of] p1a: Breloom\n|\n|t:|1699909688\n|switch|p2a: Thundurus|Thundurus-Therian, M|100\/100|[from] U-turn\n|move|p1a: Breloom|Drain Punch|p2a: Thundurus\n|-resisted|p2a: Thundurus\n|-damage|p2a: Thundurus|79\/100\n|-heal|p1a: Breloom|44\/100|[from] drain|[of] p2a: Thundurus\n|\n|upkeep\n|turn|7\n|\n|t:|1699909705\n|move|p1a: Breloom|Protect|p1a: Breloom\n|-singleturn|p1a: Breloom|Protect\n|move|p2a: Thundurus|Volt Switch|p1a: Breloom\n|-activate|p1a: Breloom|move: Protect\n|\n|upkeep\n|turn|8\n|\n|t:|1699909724\n|move|p2a: Thundurus|Volt Switch|p1a: Breloom\n|-resisted|p1a: Breloom\n|-damage|p1a: Breloom|0 fnt\n|faint|p1a: Breloom\n|\n|t:|1699909732\n|switch|p2a: Barraskewda|Barraskewda, M|84\/100|[from] Volt Switch\n|\n|upkeep\n|\n|t:|1699909744\n|switch|p1a: Dragonite|Dragonite, M|100\/100\n|turn|9\n|\n|t:|1699909753\n|-terastallize|p1a: Dragonite|Normal\n|move|p1a: Dragonite|Extreme Speed|p2a: Barraskewda\n|-damage|p2a: Barraskewda|4\/100\n|move|p2a: Barraskewda|Flip Turn|p1a: Dragonite\n|-damage|p1a: Dragonite|76\/100\n|\n|t:|1699909771\n|switch|p2a: Landorus|Landorus-Therian, M|84\/100|[from] Flip Turn\n|-ability|p2a: Landorus|Intimidate|boost\n|-unboost|p1a: Dragonite|atk|1\n|\n|upkeep\n|turn|10\n|\n|t:|1699909788\n|move|p2a: Landorus|U-turn|p1a: Dragonite\n|-damage|p1a: Dragonite|39\/100\n|\n|t:|1699909791\n|switch|p2a: Lycanroc|Lycanroc-Dusk, M|100\/100|[from] U-turn\n|move|p1a: Dragonite|Dragon Tail|p2a: Lycanroc\n|-crit|p2a: Lycanroc\n|-damage|p2a: Lycanroc|28\/100\n|drag|p2a: Thundurus|Thundurus-Therian, M|79\/100\n|\n|upkeep\n|turn|11\n|\n|t:|1699909802\n|move|p1a: Dragonite|Extreme Speed|p2a: Thundurus\n|-damage|p2a: Thundurus|39\/100\n|move|p2a: Thundurus|Volt Switch|p1a: Dragonite\n|-crit|p1a: Dragonite\n|-damage|p1a: Dragonite|0 fnt\n|faint|p1a: Dragonite\n|\n|t:|1699909813\n|switch|p2a: Barraskewda|Barraskewda, M|4\/100|[from] Volt Switch\n|\n|upkeep\n|\n|t:|1699909819\n|switch|p1a: Cinderace|Cinderace, M|100\/100\n|turn|12\n|\n|t:|1699909823\n|move|p1a: Cinderace|Sucker Punch|p2a: Barraskewda\n|-start|p1a: Cinderace|typechange|Dark|[from] ability: Libero\n|-damage|p2a: Barraskewda|0 fnt\n|faint|p2a: Barraskewda\n|\n|upkeep\n|\n|t:|1699909829\n|switch|p2a: Landorus|Landorus-Therian, M|84\/100\n|-ability|p2a: Landorus|Intimidate|boost\n|-unboost|p1a: Cinderace|atk|1\n|turn|13\n|\n|t:|1699909841\n|move|p1a: Cinderace|Fire Blast|p2a: Landorus\n|-damage|p2a: Landorus|57\/100\n|move|p2a: Landorus|U-turn|p1a: Cinderace\n|-supereffective|p1a: Cinderace\n|-damage|p1a: Cinderace|0 fnt\n|faint|p1a: Cinderace\n|\n|t:|1699909848\n|switch|p2a: Thundurus|Thundurus-Therian, M|39\/100|[from] U-turn\n|\n|upkeep\n|\n|t:|1699909858\n|switch|p1a: Gengar|Gengar, F|15\/100\n|turn|14\n|\n|t:|1699909867\n|move|p1a: Gengar|Toxic Spikes|p2a: Thundurus\n|-sidestart|p2: bananaszn|move: Toxic Spikes\n|move|p2a: Thundurus|Volt Switch|p1a: Gengar\n|-damage|p1a: Gengar|0 fnt\n|faint|p1a: Gengar\n|\n|t:|1699909872\n|switch|p2a: Landorus|Landorus-Therian, M|57\/100|[from] Volt Switch\n|\n|upkeep\n|\n|t:|1699909880\n|switch|p1a: Gyarados|Gyarados, M, shiny|100\/100\n|turn|15\n|\n|t:|1699909889\n|move|p2a: Landorus|Stone Edge|p1a: Gyarados\n|-supereffective|p1a: Gyarados\n|-damage|p1a: Gyarados|0 fnt\n|faint|p1a: Gyarados\n|\n|upkeep\n|\n|t:|1699909896\n|switch|p1a: Kingambit|Kingambit, M|100\/100\n|-activate|p1a: Kingambit|ability: Supreme Overlord\n|-start|p1a: Kingambit|fallen5|[silent]\n|turn|16\n|\n|t:|1699909908\n|move|p1a: Kingambit|Sucker Punch|p2a: Landorus\n|-damage|p2a: Landorus|0 fnt\n|faint|p2a: Landorus\n|\n|upkeep\n|\n|t:|1699909910\n|switch|p2a: Great Tusk|Great Tusk|100\/100\n|-status|p2a: Great Tusk|psn\n|-enditem|p2a: Great Tusk|Booster Energy\n|-activate|p2a: Great Tusk|ability: Protosynthesis|[fromitem]\n|-start|p2a: Great Tusk|protosynthesisatk\n|turn|17\n|\n|t:|1699909921\n|-terastallize|p2a: Great Tusk|Ground\n|move|p2a: Great Tusk|Headlong Rush|p1a: Kingambit\n|-supereffective|p1a: Kingambit\n|-damage|p1a: Kingambit|0 fnt\n|-unboost|p2a: Great Tusk|def|1\n|-unboost|p2a: Great Tusk|spd|1\n|faint|p1a: Kingambit\n|-end|p1a: Kingambit|fallen5|[silent]\n|\n|win|bananaszn\n|raw|NateRedbeard's rating: 1000 &rarr; <strong>1000<\/strong><br \/>(+0 for losing)\n|raw|bananaszn's rating: 1052 &rarr; <strong>1079<\/strong><br \/>(+27 for winning)\n","uploadtime":1699909930,"views":28,"p1id":"nateredbeard","p2id":"bananaszn","formatid":"gen9ou","rating":1000,"private":0,"password":""}