{"id":"gen9ou-1994433822","p1":"N3rfN1nja","p2":"Sakatel","format":"[Gen 9] OU","log":"|j|\u2606N3rfN1nja\n|j|\u2606Sakatel\n|t:|1700443459\n|gametype|singles\n|player|p1|N3rfN1nja|265|\n|player|p2|Sakatel|266|\n|teamsize|p1|6\n|teamsize|p2|6\n|gen|9\n|tier|[Gen 9] OU\n|rule|Sleep Clause Mod: Limit one foe put to sleep\n|rule|Species Clause: Limit one of each Pok\u00e9mon\n|rule|OHKO Clause: OHKO moves are banned\n|rule|Evasion Items Clause: Evasion items are banned\n|rule|Evasion Moves Clause: Evasion moves are banned\n|rule|Endless Battle Clause: Forcing endless battles is banned\n|rule|HP Percentage Mod: HP is shown in percentages\n|clearpoke\n|poke|p1|Rotom-Mow|\n|poke|p1|Tinkaton, F|\n|poke|p1|Umbreon, M|\n|poke|p1|Quagsire, F|\n|poke|p1|Hariyama, M|\n|poke|p1|Iron Moth|\n|poke|p2|Ogerpon-Wellspring, F|\n|poke|p2|Meowscarada, F|\n|poke|p2|Magnezone|\n|poke|p2|Goodra, M|\n|poke|p2|Abomasnow, F|\n|poke|p2|Glaceon, F|\n|teampreview\n|j| Underrated Battler\n|j| RujandoruX\n|j| schmoepesci\n|j| screencheaters\n|c| Underrated Battler|glhf guys\n|\n|t:|1700443482\n|start\n|switch|p1a: Mothra-LEO|Iron Moth|100\/100\n|switch|p2a: Goodra|Goodra, M|100\/100\n|turn|1\n|c| schmoepesci|raw moth\n|\n|t:|1700443490\n|move|p1a: Mothra-LEO|U-turn|p2a: Goodra\n|-damage|p2a: Goodra|85\/100\n|-ability|p2a: Goodra|Gooey\n|-unboost|p1a: Mothra-LEO|spe|1\n|\n|t:|1700443492\n|-end|p1a: Mothra-LEO|Quark Drive|[silent]\n|switch|p1a: Noire|Umbreon, M|100\/100|[from] U-turn\n|move|p2a: Goodra|Earthquake|p1a: Noire\n|-damage|p1a: Noire|85\/100\n|\n|-heal|p1a: Noire|91\/100|[from] item: Leftovers\n|upkeep\n|turn|2\n|c| screencheaters|my gah\n|\n|t:|1700443519\n|switch|p2a: Meowscarada|Meowscarada, F, shiny|100\/100\n|move|p1a: Noire|Wish|p1a: Noire\n|\n|-heal|p1a: Noire|97\/100|[from] item: Leftovers\n|upkeep\n|turn|3\n|\n|t:|1700443527\n|move|p1a: Noire|Protect|p1a: Noire\n|-singleturn|p1a: Noire|Protect\n|move|p2a: Meowscarada|Brick Break|p1a: Noire\n|-start|p2a: Meowscarada|typechange|Fighting|[from] ability: Protean\n|-activate|p1a: Noire|move: Protect\n|\n|-heal|p1a: Noire|100\/100|[from] move: Wish|[wisher] Noire\n|upkeep\n|turn|4\n|\n|t:|1700443548\n|move|p2a: Meowscarada|Brick Break|p1a: Noire\n|-supereffective|p1a: Noire\n|-damage|p1a: Noire|49\/100\n|move|p1a: Noire|Wish|p1a: Noire\n|\n|-heal|p1a: Noire|55\/100|[from] item: Leftovers\n|upkeep\n|turn|5\n|\n|t:|1700443561\n|move|p1a: Noire|Protect|p1a: Noire\n|-singleturn|p1a: Noire|Protect\n|move|p2a: Meowscarada|Brick Break|p1a: Noire\n|-activate|p1a: Noire|move: Protect\n|\n|-heal|p1a: Noire|100\/100|[from] move: Wish|[wisher] Noire\n|upkeep\n|turn|6\n|\n|t:|1700443569\n|switch|p1a: Mothra-LEO|Iron Moth|100\/100\n|move|p2a: Meowscarada|Brick Break|p1a: Mothra-LEO\n|-resisted|p1a: Mothra-LEO\n|-damage|p1a: Mothra-LEO|71\/100\n|\n|upkeep\n|turn|7\n|\n|t:|1700443586\n|switch|p2a: Goodra|Goodra, M|85\/100\n|move|p1a: Mothra-LEO|Heat Wave|p2a: Goodra\n|-resisted|p2a: Goodra\n|-damage|p2a: Goodra|74\/100\n|\n|upkeep\n|turn|8\n|\n|t:|1700443596\n|-end|p1a: Mothra-LEO|Quark Drive|[silent]\n|switch|p1a: Noire|Umbreon, M|100\/100\n|move|p2a: Goodra|Earthquake|p1a: Noire\n|-damage|p1a: Noire|84\/100\n|\n|-heal|p1a: Noire|90\/100|[from] item: Leftovers\n|upkeep\n|turn|9\n|\n|t:|1700443619\n|switch|p2a: Meowscarada|Meowscarada, F, shiny|100\/100\n|move|p1a: Noire|Foul Play|p2a: Meowscarada\n|-resisted|p2a: Meowscarada\n|-crit|p2a: Meowscarada\n|-damage|p2a: Meowscarada|51\/100\n|\n|-heal|p1a: Noire|96\/100|[from] item: Leftovers\n|upkeep\n|turn|10\n|\n|t:|1700443630\n|move|p1a: Noire|Protect|p1a: Noire\n|-singleturn|p1a: Noire|Protect\n|move|p2a: Meowscarada|Play Rough|p1a: Noire\n|-start|p2a: Meowscarada|typechange|Fairy|[from] ability: Protean\n|-activate|p1a: Noire|move: Protect\n|\n|-heal|p1a: Noire|100\/100|[from] item: Leftovers\n|upkeep\n|turn|11\n|\n|t:|1700443640\n|switch|p1a: Mothra-LEO|Iron Moth|71\/100\n|move|p2a: Meowscarada|Play Rough|p1a: Mothra-LEO\n|-resisted|p1a: Mothra-LEO\n|-damage|p1a: Mothra-LEO|53\/100\n|-unboost|p1a: Mothra-LEO|atk|1\n|\n|upkeep\n|turn|12\n|\n|t:|1700443657\n|switch|p2a: Goodra|Goodra, M|74\/100\n|move|p1a: Mothra-LEO|U-turn|p2a: Goodra\n|-damage|p2a: Goodra|65\/100\n|-ability|p2a: Goodra|Gooey\n|-unboost|p1a: Mothra-LEO|spe|1\n|\n|t:|1700443670\n|-end|p1a: Mothra-LEO|Quark Drive|[silent]\n|switch|p1a: E. Honda|Hariyama, M|100\/100|[from] U-turn\n|\n|upkeep\n|turn|13\n|\n|t:|1700443706\n|switch|p2a: Meowscarada|Meowscarada, F, shiny|51\/100\n|move|p1a: E. Honda|Knock Off|p2a: Meowscarada\n|-resisted|p2a: Meowscarada\n|-damage|p2a: Meowscarada|22\/100\n|-enditem|p2a: Meowscarada|Assault Vest|[from] move: Knock Off|[of] p1a: E. Honda\n|\n|upkeep\n|turn|14\n|\n|t:|1700443719\n|switch|p1a: Girlboss|Tinkaton, F|100\/100\n|-ability|p1a: Girlboss|Mold Breaker\n|move|p2a: Meowscarada|Play Rough|p1a: Girlboss\n|-start|p2a: Meowscarada|typechange|Fairy|[from] ability: Protean\n|-resisted|p1a: Girlboss\n|-damage|p1a: Girlboss|83\/100\n|\n|-heal|p1a: Girlboss|90\/100|[from] item: Leftovers\n|upkeep\n|turn|15\n|j| elseworlda\n|\n|t:|1700443757\n|switch|p2a: Abomasnow|Abomasnow, F|100\/100\n|-weather|Snow|[from] ability: Snow Warning|[of] p2a: Abomasnow\n|move|p1a: Girlboss|Play Rough|p2a: Abomasnow\n|-damage|p2a: Abomasnow|82\/100\n|\n|-weather|Snow|[upkeep]\n|-heal|p1a: Girlboss|96\/100|[from] item: Leftovers\n|-heal|p2a: Abomasnow|89\/100|[from] item: Leftovers\n|upkeep\n|turn|16\n|\n|t:|1700443775\n|switch|p1a: E. Honda|Hariyama, M|100\/100\n|move|p2a: Abomasnow|Earthquake|p1a: E. Honda\n|-damage|p1a: E. Honda|78\/100\n|\n|-weather|Snow|[upkeep]\n|-heal|p2a: Abomasnow|95\/100|[from] item: Leftovers\n|upkeep\n|turn|17\n|\n|t:|1700443806\n|switch|p2a: Goodra|Goodra, M|65\/100\n|move|p1a: E. Honda|Knock Off|p2a: Goodra\n|-damage|p2a: Goodra|20\/100\n|-ability|p2a: Goodra|Gooey\n|-unboost|p1a: E. Honda|spe|1\n|-enditem|p2a: Goodra|Assault Vest|[from] move: Knock Off|[of] p1a: E. Honda\n|\n|-weather|Snow|[upkeep]\n|upkeep\n|turn|18\n|\n|t:|1700443824\n|move|p2a: Goodra|Sludge Bomb|p1a: E. Honda\n|-damage|p1a: E. Honda|55\/100\n|move|p1a: E. Honda|Earthquake|p2a: Goodra\n|-damage|p2a: Goodra|0 fnt\n|faint|p2a: Goodra\n|\n|-weather|Snow|[upkeep]\n|upkeep\n|\n|t:|1700443860\n|switch|p2a: Ogerpon|Ogerpon-Wellspring, F|100\/100\n|turn|19\n|\n|t:|1700443870\n|switch|p1a: John Deere|Rotom-Mow|100\/100\n|move|p2a: Ogerpon|Swords Dance|p2a: Ogerpon\n|-boost|p2a: Ogerpon|atk|2\n|\n|-weather|none\n|upkeep\n|turn|20\n|c| elseworlda|it's bonking time\n|c| schmoepesci|its cudgeling time\n|c| elseworlda|bro got his mallet\n|\n|t:|1700443912\n|switch|p2a: Abomasnow|Abomasnow, F|95\/100\n|-weather|Snow|[from] ability: Snow Warning|[of] p2a: Abomasnow\n|move|p1a: John Deere|Will-O-Wisp|p2a: Abomasnow\n|-status|p2a: Abomasnow|brn\n|\n|-weather|Snow|[upkeep]\n|-heal|p2a: Abomasnow|100\/100 brn|[from] item: Leftovers\n|-damage|p2a: Abomasnow|94\/100 brn|[from] brn\n|upkeep\n|turn|21\n|c| schmoepesci|my ivy is out\n|c| RujandoruX|cooked\n|c| elseworlda|can I cudgel it?\n|\n|t:|1700443933\n|switch|p1a: Noire|Umbreon, M|100\/100\n|move|p2a: Abomasnow|Aurora Veil|p2a: Abomasnow\n|-sidestart|p2: Sakatel|move: Aurora Veil\n|\n|-weather|Snow|[upkeep]\n|-heal|p2a: Abomasnow|100\/100 brn|[from] item: Leftovers\n|-damage|p2a: Abomasnow|94\/100 brn|[from] brn\n|upkeep\n|turn|22\n|c| Underrated Battler|My ivy is girthy\n|c| Underrated Battler|may i cudgel\n|\n|t:|1700443955\n|switch|p2a: Glaceon|Glaceon, F|100\/100\n|move|p1a: Noire|Wish|p1a: Noire\n|\n|-weather|Snow|[upkeep]\n|upkeep\n|turn|23\n|c| schmoepesci|cudgel circle\n|\n|t:|1700443966\n|-terastallize|p2a: Glaceon|Water\n|move|p1a: Noire|Yawn|p2a: Glaceon\n|-start|p2a: Glaceon|move: Yawn|[of] p1a: Noire\n|move|p2a: Glaceon|Hyper Voice|p1a: Noire\n|-damage|p1a: Noire|81\/100\n|\n|-weather|Snow|[upkeep]\n|-heal|p1a: Noire|100\/100|[from] move: Wish|[wisher] Noire\n|upkeep\n|turn|24\n|\n|t:|1700443982\n|move|p1a: Noire|Yawn||[still]\n|-fail|p1a: Noire\n|move|p2a: Glaceon|Tera Blast|p1a: Noire|[anim] Tera Blast Water\n|-damage|p1a: Noire|75\/100\n|\n|-weather|none\n|-heal|p1a: Noire|81\/100|[from] item: Leftovers\n|-end|p2a: Glaceon|move: Yawn|[silent]\n|-status|p2a: Glaceon|slp\n|upkeep\n|turn|25\n|c| Underrated Battler|their tips are sticky\n|\n|t:|1700444005\n|switch|p2a: Magnezone|Magnezone|100\/100\n|switch|p1a: John Deere|Rotom-Mow|100\/100\n|\n|-sideend|p2: Sakatel|move: Aurora Veil\n|upkeep\n|turn|26\n|c| schmoepesci|schwing\n|c| elseworlda|watching this game idk how they wouldn't be sticky\n|c| elseworlda|I'm cudgeling rn\n|c| Underrated Battler|roy is my goon\n|\n|t:|1700444032\n|switch|p2a: Abomasnow|Abomasnow, F|94\/100 brn\n|-weather|Snow|[from] ability: Snow Warning|[of] p2a: Abomasnow\n|move|p1a: John Deere|Volt Switch|p2a: Abomasnow\n|-resisted|p2a: Abomasnow\n|-damage|p2a: Abomasnow|86\/100 brn\n|c| schmoepesci|we need to cage roy\n|\n|t:|1700444039\n|switch|p1a: Mothra-LEO|Iron Moth|53\/100|[from] Volt Switch\n|\n|-weather|Snow|[upkeep]\n|-heal|p2a: Abomasnow|92\/100 brn|[from] item: Leftovers\n|-damage|p2a: Abomasnow|86\/100 brn|[from] brn\n|upkeep\n|turn|27\n|c| Underrated Battler|i disagree\n|c| Underrated Battler|free roy\n|\n|t:|1700444048\n|switch|p2a: Glaceon|Glaceon, F, tera:Water|100\/100 slp\n|move|p1a: Mothra-LEO|Fiery Dance|p2a: Glaceon\n|-resisted|p2a: Glaceon\n|-damage|p2a: Glaceon|84\/100 slp\n|-boost|p1a: Mothra-LEO|spa|1\n|\n|-weather|Snow|[upkeep]\n|-heal|p2a: Glaceon|90\/100 slp|[from] ability: Ice Body\n|upkeep\n|turn|28\n|\n|t:|1700444061\n|-end|p1a: Mothra-LEO|Quark Drive|[silent]\n|switch|p1a: John Deere|Rotom-Mow|100\/100\n|cant|p2a: Glaceon|slp\n|\n|-weather|Snow|[upkeep]\n|-heal|p2a: Glaceon|96\/100 slp|[from] ability: Ice Body\n|upkeep\n|turn|29\n|c| elseworlda|bro doesn't have the wherewithal to cage me\n|c| screencheaters|free roy til its backwards\n|c| Underrated Battler|free yor\n|\n|t:|1700444090\n|switch|p2a: Abomasnow|Abomasnow, F|86\/100 brn\n|move|p1a: John Deere|Volt Switch|p2a: Abomasnow\n|-resisted|p2a: Abomasnow\n|-damage|p2a: Abomasnow|77\/100 brn\n|c| elseworlda|yor forger\n|\n|t:|1700444098\n|switch|p1a: Mothra-LEO|Iron Moth|53\/100|[from] Volt Switch\n|\n|-weather|Snow|[upkeep]\n|-heal|p2a: Abomasnow|84\/100 brn|[from] item: Leftovers\n|-damage|p2a: Abomasnow|77\/100 brn|[from] brn\n|upkeep\n|turn|30\n|\n|t:|1700444108\n|switch|p2a: Glaceon|Glaceon, F, tera:Water|96\/100 slp\n|move|p1a: Mothra-LEO|Fiery Dance|p2a: Glaceon\n|-resisted|p2a: Glaceon\n|-damage|p2a: Glaceon|80\/100 slp\n|\n|-weather|none\n|upkeep\n|turn|31\n|\n|t:|1700444122\n|-end|p1a: Mothra-LEO|Quark Drive|[silent]\n|switch|p1a: Noire|Umbreon, M|81\/100\n|cant|p2a: Glaceon|slp\n|\n|-heal|p1a: Noire|87\/100|[from] item: Leftovers\n|upkeep\n|turn|32\n|c| RujandoruX|man WAKE UP sleepy ass\n|\n|t:|1700444133\n|switch|p2a: Abomasnow|Abomasnow, F|77\/100 brn\n|-weather|Snow|[from] ability: Snow Warning|[of] p2a: Abomasnow\n|move|p1a: Noire|Wish|p1a: Noire\n|\n|-weather|Snow|[upkeep]\n|-heal|p1a: Noire|93\/100|[from] item: Leftovers\n|-heal|p2a: Abomasnow|84\/100 brn|[from] item: Leftovers\n|-damage|p2a: Abomasnow|77\/100 brn|[from] brn\n|upkeep\n|turn|33\n|c| schmoepesci|this glaceon konk shooing\n|\n|t:|1700444146\n|switch|p1a: E. Honda|Hariyama, M|55\/100\n|move|p2a: Abomasnow|Earthquake|p1a: E. Honda\n|-damage|p1a: E. Honda|42\/100\n|\n|-weather|Snow|[upkeep]\n|-heal|p1a: E. Honda|85\/100|[from] move: Wish|[wisher] Noire\n|-heal|p2a: Abomasnow|84\/100 brn|[from] item: Leftovers\n|-damage|p2a: Abomasnow|77\/100 brn|[from] brn\n|upkeep\n|turn|34\n|\n|t:|1700444161\n|switch|p2a: Ogerpon|Ogerpon-Wellspring, F|100\/100\n|move|p1a: E. Honda|Close Combat|p2a: Ogerpon\n|-damage|p2a: Ogerpon|15\/100\n|-unboost|p1a: E. Honda|def|1\n|-unboost|p1a: E. Honda|spd|1\n|\n|-weather|Snow|[upkeep]\n|upkeep\n|turn|35\n|c| elseworlda|1000 hand slap\n|c| schmoepesci|treated ogerpon like a car\n|\n|t:|1700444208\n|switch|p1a: John Deere|Rotom-Mow|100\/100\n|move|p2a: Ogerpon|Ivy Cudgel|p1a: John Deere|[anim] Ivy Cudgel Water\n|-resisted|p1a: John Deere\n|-damage|p1a: John Deere|77\/100\n|\n|-weather|Snow|[upkeep]\n|-heal|p1a: John Deere|83\/100|[from] item: Leftovers\n|upkeep\n|turn|36\n|c| elseworlda|did y'all know the E in his name stands for Edmond?\n|c| RujandoruX|this thing can fit... 1 tera in it\n|\n|t:|1700444217\n|switch|p2a: Glaceon|Glaceon, F, tera:Water|80\/100 slp\n|move|p1a: John Deere|Volt Switch|p2a: Glaceon\n|-supereffective|p2a: Glaceon\n|-damage|p2a: Glaceon|45\/100 slp\n|c| Underrated Battler|Edmond Honda\n|\n|t:|1700444228\n|switch|p1a: E. Honda|Hariyama, M|85\/100|[from] Volt Switch\n|\n|-weather|none\n|upkeep\n|turn|37\n|\n|t:|1700444259\n|switch|p2a: Abomasnow|Abomasnow, F|77\/100 brn\n|-weather|Snow|[from] ability: Snow Warning|[of] p2a: Abomasnow\n|move|p1a: E. Honda|Close Combat|p2a: Abomasnow\n|-supereffective|p2a: Abomasnow\n|-damage|p2a: Abomasnow|0 fnt\n|-unboost|p1a: E. Honda|def|1\n|-unboost|p1a: E. Honda|spd|1\n|faint|p2a: Abomasnow\n|\n|-weather|Snow|[upkeep]\n|upkeep\n|\n|t:|1700444272\n|switch|p2a: Glaceon|Glaceon, F, tera:Water|45\/100 slp\n|turn|38\n|c| schmoepesci|i'm poking him with my mouse cursor rn\n|\n|t:|1700444284\n|-curestatus|p2a: Glaceon|slp|[msg]\n|move|p2a: Glaceon|Ice Beam|p1a: E. Honda\n|-damage|p1a: E. Honda|57\/100\n|-status|p1a: E. Honda|frz\n|cant|p1a: E. Honda|frz\n|\n|-weather|Snow|[upkeep]\n|-heal|p2a: Glaceon|51\/100|[from] ability: Ice Body\n|upkeep\n|turn|39\n|c| schmoepesci|i woke him up\n|c| schmoepesci|OH\n|c| RujandoruX|necessary\n|\n|t:|1700444299\n|switch|p1a: Noire|Umbreon, M|93\/100\n|move|p2a: Glaceon|Tera Blast|p1a: Noire|[anim] Tera Blast Water\n|-damage|p1a: Noire|68\/100\n|\n|-weather|Snow|[upkeep]\n|-heal|p2a: Glaceon|57\/100|[from] ability: Ice Body\n|-heal|p1a: Noire|74\/100|[from] item: Leftovers\n|upkeep\n|turn|40\n|\n|t:|1700444309\n|move|p1a: Noire|Yawn|p2a: Glaceon\n|-start|p2a: Glaceon|move: Yawn|[of] p1a: Noire\n|move|p2a: Glaceon|Ice Beam|p1a: Noire\n|-damage|p1a: Noire|42\/100\n|\n|-weather|Snow|[upkeep]\n|-heal|p2a: Glaceon|63\/100|[from] ability: Ice Body\n|-heal|p1a: Noire|48\/100|[from] item: Leftovers\n|upkeep\n|turn|41\n|\n|t:|1700444319\n|move|p1a: Noire|Yawn||[still]\n|-fail|p1a: Noire\n|move|p2a: Glaceon|Ice Beam|p1a: Noire\n|-damage|p1a: Noire|16\/100\n|\n|-weather|none\n|-heal|p1a: Noire|22\/100|[from] item: Leftovers\n|-end|p2a: Glaceon|move: Yawn|[silent]\n|-status|p2a: Glaceon|slp\n|upkeep\n|turn|42\n|c| RujandoruX|Alright.\n|c| schmoepesci|still eepy\n|\n|t:|1700444333\n|switch|p2a: Meowscarada|Meowscarada, F, shiny|22\/100\n|move|p1a: Noire|Wish|p1a: Noire\n|\n|-heal|p1a: Noire|28\/100|[from] item: Leftovers\n|upkeep\n|turn|43\n|\n|t:|1700444341\n|move|p1a: Noire|Protect|p1a: Noire\n|-singleturn|p1a: Noire|Protect\n|move|p2a: Meowscarada|Play Rough|p1a: Noire\n|-start|p2a: Meowscarada|typechange|Fairy|[from] ability: Protean\n|-activate|p1a: Noire|move: Protect\n|\n|-heal|p1a: Noire|78\/100|[from] move: Wish|[wisher] Noire\n|-heal|p1a: Noire|84\/100|[from] item: Leftovers\n|upkeep\n|turn|44\n|c| screencheaters|mimimimimi\n|\n|t:|1700444353\n|switch|p1a: Girlboss|Tinkaton, F|96\/100\n|-ability|p1a: Girlboss|Mold Breaker\n|move|p2a: Meowscarada|Play Rough|p1a: Girlboss\n|-resisted|p1a: Girlboss\n|-damage|p1a: Girlboss|79\/100\n|\n|-heal|p1a: Girlboss|85\/100|[from] item: Leftovers\n|upkeep\n|turn|45\n|c| elseworlda|girl boss his ass\n|\n|t:|1700444369\n|move|p2a: Meowscarada|Thunder Punch|p1a: Girlboss\n|-damage|p1a: Girlboss|66\/100\n|move|p1a: Girlboss|Gigaton Hammer|p2a: Meowscarada\n|-supereffective|p2a: Meowscarada\n|-damage|p2a: Meowscarada|0 fnt\n|faint|p2a: Meowscarada\n|\n|-heal|p1a: Girlboss|72\/100|[from] item: Leftovers\n|upkeep\n|\n|t:|1700444383\n|switch|p2a: Ogerpon|Ogerpon-Wellspring, F|15\/100\n|turn|46\n|\n|t:|1700444404\n|move|p2a: Ogerpon|Stomping Tantrum|p1a: Girlboss\n|-supereffective|p1a: Girlboss\n|-damage|p1a: Girlboss|20\/100\n|move|p1a: Girlboss|Play Rough|p2a: Ogerpon\n|-damage|p2a: Ogerpon|0 fnt\n|faint|p2a: Ogerpon\n|\n|-heal|p1a: Girlboss|26\/100|[from] item: Leftovers\n|upkeep\n|\n|t:|1700444417\n|switch|p2a: Magnezone|Magnezone|100\/100\n|turn|47\n|\n|t:|1700444421\n|-terastallize|p1a: Girlboss|Grass\n|move|p1a: Girlboss|Bulldoze|p2a: Magnezone\n|-supereffective|p2a: Magnezone\n|-damage|p2a: Magnezone|71\/100\n|-unboost|p2a: Magnezone|spe|1\n|move|p2a: Magnezone|Thunderbolt|p1a: Girlboss\n|-resisted|p1a: Girlboss\n|-damage|p1a: Girlboss|6\/100\n|-status|p1a: Girlboss|par\n|\n|-heal|p1a: Girlboss|12\/100 par|[from] item: Leftovers\n|upkeep\n|turn|48\n|\n|t:|1700444439\n|switch|p1a: Ambivalence|Quagsire, F|100\/100\n|move|p2a: Magnezone|Thunderbolt|p1a: Ambivalence\n|-immune|p1a: Ambivalence\n|\n|upkeep\n|turn|49\n|c| schmoepesci|meanie\n|c| Underrated Battler|mud shot rn\n|\n|t:|1700444456\n|switch|p2a: Glaceon|Glaceon, F, tera:Water|63\/100 slp\n|move|p1a: Ambivalence|Earthquake|p2a: Glaceon\n|-damage|p2a: Glaceon|33\/100 slp\n|\n|upkeep\n|turn|50\n|c| elseworlda|wild. bro got para'd off tbolt and frozen off ice beam\n|\n|t:|1700444467\n|cant|p2a: Glaceon|slp\n|move|p1a: Ambivalence|Earthquake|p2a: Glaceon\n|-damage|p2a: Glaceon|5\/100 slp\n|\n|upkeep\n|turn|51\n|\n|t:|1700444474\n|-curestatus|p2a: Glaceon|slp|[msg]\n|move|p2a: Glaceon|Freeze-Dry|p1a: Ambivalence\n|-supereffective|p1a: Ambivalence\n|-crit|p1a: Ambivalence\n|-damage|p1a: Ambivalence|0 fnt\n|faint|p1a: Ambivalence\n|\n|upkeep\n|c| schmoepesci|poking him again\n|c| schmoepesci|I WOKE HIM UP AGAIN\n|\n|t:|1700444480\n|switch|p1a: Mothra-LEO|Iron Moth|53\/100\n|turn|52\n|c| Underrated Battler|FINALLY\n|c| RujandoruX|GG\n|\n|t:|1700444484\n|move|p1a: Mothra-LEO|Fiery Dance|p2a: Glaceon\n|-resisted|p2a: Glaceon\n|-damage|p2a: Glaceon|0 fnt\n|faint|p2a: Glaceon\n|\n|upkeep\n|c| Underrated Battler|GG\n|c| elseworlda|damn. wanted the sweep\n|\n|t:|1700444489\n|switch|p2a: Magnezone|Magnezone|71\/100\n|turn|53\n|c|\u2606N3rfN1nja|Gg\n|c| elseworlda|had good money on the 6-0\n|\n|t:|1700444508\n|move|p1a: Mothra-LEO|Fiery Dance|p2a: Magnezone\n|-supereffective|p2a: Magnezone\n|-damage|p2a: Magnezone|0 fnt\n|-boost|p1a: Mothra-LEO|spa|1\n|faint|p2a: Magnezone\n|\n|win|N3rfN1nja\n|l|\u2606N3rfN1nja\n|l|\u2606Sakatel\n|j|\u2606N3rfN1nja\n|player|p1|N3rfN1nja|265\n|l|\u2606N3rfN1nja\n|player|p1|\n","uploadtime":1700444519,"views":26,"p1id":"n3rfn1nja","p2id":"sakatel","formatid":"gen9ou","rating":0,"private":0,"password":""}