{"id":"gen9ou-1988472570","p1":"kronk104","p2":"SianShouldShutUp","format":"[Gen 9] OU","log":"|j|\u2606kronk104\n|j|\u2606SianShouldShutUp\n|t:|1699726618\n|gametype|singles\n|player|p1|kronk104|shauntal|\n|player|p2|SianShouldShutUp|lady|\n|teamsize|p1|6\n|teamsize|p2|6\n|gen|9\n|tier|[Gen 9] OU\n|rule|Sleep Clause Mod: Limit one foe put to sleep\n|rule|Species Clause: Limit one of each Pok\u00e9mon\n|rule|OHKO Clause: OHKO moves are banned\n|rule|Evasion Items Clause: Evasion items are banned\n|rule|Evasion Moves Clause: Evasion moves are banned\n|rule|Endless Battle Clause: Forcing endless battles is banned\n|rule|HP Percentage Mod: HP is shown in percentages\n|clearpoke\n|poke|p1|Gyarados, M|\n|poke|p1|Noivern, F|\n|poke|p1|Glimmet, F|\n|poke|p1|Perrserker, M|\n|poke|p1|Gastrodon, F|\n|poke|p1|Gogoat, M|\n|poke|p2|Azumarill, F|\n|poke|p2|Scream Tail|\n|poke|p2|Typhlosion-Hisui, M|\n|poke|p2|Appletun, M|\n|poke|p2|Altaria, F|\n|poke|p2|Mismagius, F|\n|teampreview\n|j| FigurativeIQ\n|j| Col Spiffington\n|j| thesunthesunthesun\n|j| Karpsy\n|\n|t:|1699726654\n|start\n|switch|p1a: baby|Perrserker, M|100\/100\n|switch|p2a: Azumarill|Azumarill, F|100\/100\n|turn|1\n|\n|t:|1699726680\n|move|p2a: Azumarill|Knock Off|p1a: baby\n|-damage|p1a: baby|62\/100\n|-enditem|p1a: baby|Leftovers|[from] move: Knock Off|[of] p2a: Azumarill\n|move|p1a: baby|Seed Bomb|p2a: Azumarill\n|-supereffective|p2a: Azumarill\n|-damage|p2a: Azumarill|31\/100\n|-enditem|p2a: Azumarill|Sitrus Berry|[eat]\n|-heal|p2a: Azumarill|56\/100|[from] item: Sitrus Berry\n|\n|upkeep\n|turn|2\n|\n|t:|1699726698\n|switch|p2a: Typhlosion|Typhlosion-Hisui, M|100\/100\n|move|p1a: baby|Seed Bomb|p2a: Typhlosion\n|-resisted|p2a: Typhlosion\n|-damage|p2a: Typhlosion|81\/100\n|\n|upkeep\n|turn|3\n|\n|t:|1699726744\n|move|p2a: Typhlosion|Will-O-Wisp|p1a: baby\n|-status|p1a: baby|brn\n|move|p1a: baby|Chilling Water|p2a: Typhlosion\n|-supereffective|p2a: Typhlosion\n|-damage|p2a: Typhlosion|61\/100\n|-unboost|p2a: Typhlosion|atk|1\n|\n|-damage|p1a: baby|56\/100 brn|[from] brn\n|upkeep\n|turn|4\n|\n|t:|1699726755\n|move|p2a: Typhlosion|Fire Blast|p1a: baby\n|-supereffective|p1a: baby\n|-damage|p1a: baby|0 fnt\n|faint|p1a: baby\n|\n|upkeep\n|\n|t:|1699726767\n|switch|p1a: suckysucky|Gyarados, M|100\/100\n|-ability|p1a: suckysucky|Intimidate|boost\n|-unboost|p2a: Typhlosion|atk|1\n|turn|5\n|\n|t:|1699726790\n|switch|p2a: Mismagius|Mismagius, F|100\/100\n|move|p1a: suckysucky|Aqua Tail|p2a: Mismagius\n|-damage|p2a: Mismagius|27\/100\n|\n|upkeep\n|turn|6\n|\n|t:|1699726799\n|move|p2a: Mismagius|Destiny Bond|p2a: Mismagius\n|-singlemove|p2a: Mismagius|Destiny Bond\n|move|p1a: suckysucky|Aqua Tail|p2a: Mismagius|[miss]\n|-miss|p1a: suckysucky|p2a: Mismagius\n|\n|upkeep\n|turn|7\n|\n|t:|1699726817\n|move|p2a: Mismagius|Destiny Bond||[still]\n|-fail|p2a: Mismagius\n|move|p1a: suckysucky|Aqua Tail|p2a: Mismagius|[miss]\n|-miss|p1a: suckysucky|p2a: Mismagius\n|\n|upkeep\n|turn|8\n|\n|t:|1699726827\n|move|p2a: Mismagius|Destiny Bond|p2a: Mismagius\n|-singlemove|p2a: Mismagius|Destiny Bond\n|move|p1a: suckysucky|Aqua Tail|p2a: Mismagius\n|-damage|p2a: Mismagius|0 fnt\n|faint|p2a: Mismagius\n|-activate|p2a: Mismagius|move: Destiny Bond\n|faint|p1a: suckysucky\n|\n|upkeep\n|\n|t:|1699726853\n|switch|p2a: Scream Tail|Scream Tail|100\/100\n|switch|p1a: dont squeeze me|Gastrodon, F|100\/100\n|turn|9\n|\n|t:|1699726882\n|move|p2a: Scream Tail|Dazzling Gleam|p1a: dont squeeze me\n|-damage|p1a: dont squeeze me|83\/100\n|move|p1a: dont squeeze me|Earthquake|p2a: Scream Tail\n|-damage|p2a: Scream Tail|79\/100\n|\n|-heal|p2a: Scream Tail|85\/100|[from] item: Leftovers\n|-heal|p1a: dont squeeze me|89\/100|[from] item: Leftovers\n|upkeep\n|turn|10\n|\n|t:|1699726901\n|-end|p2a: Scream Tail|Protosynthesis|[silent]\n|switch|p2a: Appletun|Appletun, M|100\/100\n|move|p1a: dont squeeze me|Blizzard|p2a: Appletun|[miss]\n|-miss|p1a: dont squeeze me|p2a: Appletun\n|\n|-heal|p1a: dont squeeze me|96\/100|[from] item: Leftovers\n|upkeep\n|turn|11\n|\n|t:|1699726934\n|move|p1a: dont squeeze me|Blizzard|p2a: Appletun|[miss]\n|-miss|p1a: dont squeeze me|p2a: Appletun\n|move|p2a: Appletun|Leech Seed|p1a: dont squeeze me\n|-start|p1a: dont squeeze me|move: Leech Seed\n|\n|-heal|p1a: dont squeeze me|100\/100|[from] item: Leftovers\n|-damage|p1a: dont squeeze me|88\/100|[from] Leech Seed|[of] p2a: Appletun\n|upkeep\n|turn|12\n|\n|t:|1699726942\n|move|p1a: dont squeeze me|Blizzard|p2a: Appletun\n|-supereffective|p2a: Appletun\n|-damage|p2a: Appletun|54\/100\n|move|p2a: Appletun|Apple Acid|p1a: dont squeeze me\n|-supereffective|p1a: dont squeeze me\n|-damage|p1a: dont squeeze me|0 fnt\n|faint|p1a: dont squeeze me\n|\n|upkeep\n|\n|t:|1699726956\n|switch|p1a: matt berry|Noivern, F|100\/100\n|-item|p2a: Appletun|Heavy-Duty Boots|[from] ability: Frisk|[of] p1a: matt berry|[identify]\n|turn|13\n|\n|t:|1699727000\n|switch|p2a: Altaria|Altaria, F|100\/100\n|move|p1a: matt berry|Dragon Pulse|p2a: Altaria\n|-supereffective|p2a: Altaria\n|-damage|p2a: Altaria|21\/100\n|\n|upkeep\n|turn|14\n|\n|t:|1699727023\n|move|p1a: matt berry|Dragon Pulse|p2a: Altaria\n|-supereffective|p2a: Altaria\n|-damage|p2a: Altaria|0 fnt\n|faint|p2a: Altaria\n|\n|upkeep\n|\n|t:|1699727036\n|switch|p2a: Scream Tail|Scream Tail|85\/100\n|turn|15\n|\n|t:|1699727051\n|move|p2a: Scream Tail|Dazzling Gleam|p1a: matt berry\n|-supereffective|p1a: matt berry\n|-damage|p1a: matt berry|50\/100\n|move|p1a: matt berry|Shadow Claw|p2a: Scream Tail\n|-supereffective|p2a: Scream Tail\n|-damage|p2a: Scream Tail|67\/100\n|\n|-heal|p2a: Scream Tail|73\/100|[from] item: Leftovers\n|-heal|p1a: matt berry|56\/100|[from] item: Leftovers\n|upkeep\n|turn|16\n|\n|t:|1699727073\n|move|p2a: Scream Tail|Dazzling Gleam|p1a: matt berry\n|-supereffective|p1a: matt berry\n|-damage|p1a: matt berry|7\/100\n|move|p1a: matt berry|Shadow Claw|p2a: Scream Tail\n|-supereffective|p2a: Scream Tail\n|-damage|p2a: Scream Tail|54\/100\n|\n|-heal|p2a: Scream Tail|60\/100|[from] item: Leftovers\n|-heal|p1a: matt berry|13\/100|[from] item: Leftovers\n|upkeep\n|turn|17\n|\n|t:|1699727083\n|move|p2a: Scream Tail|Dazzling Gleam|p1a: matt berry\n|-supereffective|p1a: matt berry\n|-damage|p1a: matt berry|0 fnt\n|faint|p1a: matt berry\n|\n|-heal|p2a: Scream Tail|67\/100|[from] item: Leftovers\n|upkeep\n|\n|t:|1699727094\n|switch|p1a: shit sprite|Glimmet, F|100\/100\n|turn|18\n|\n|t:|1699727118\n|move|p2a: Scream Tail|Wish|p2a: Scream Tail\n|move|p1a: shit sprite|Gunk Shot|p2a: Scream Tail|[miss]\n|-miss|p1a: shit sprite|p2a: Scream Tail\n|\n|-heal|p2a: Scream Tail|73\/100|[from] item: Leftovers\n|upkeep\n|turn|19\n|\n|t:|1699727126\n|-end|p2a: Scream Tail|Protosynthesis|[silent]\n|switch|p2a: Azumarill|Azumarill, F|56\/100\n|move|p1a: shit sprite|Gunk Shot|p2a: Azumarill\n|-supereffective|p2a: Azumarill\n|-damage|p2a: Azumarill|0 fnt\n|faint|p2a: Azumarill\n|\n|upkeep\n|\n|t:|1699727137\n|switch|p2a: Scream Tail|Scream Tail|73\/100\n|turn|20\n|\n|t:|1699727160\n|-terastallize|p2a: Scream Tail|Steel\n|move|p2a: Scream Tail|Dazzling Gleam|p1a: shit sprite\n|-resisted|p1a: shit sprite\n|-damage|p1a: shit sprite|84\/100\n|move|p1a: shit sprite|Gunk Shot|p2a: Scream Tail\n|-immune|p2a: Scream Tail\n|\n|-heal|p2a: Scream Tail|79\/100|[from] item: Leftovers\n|-heal|p1a: shit sprite|90\/100|[from] item: Leftovers\n|upkeep\n|turn|21\n|\n|t:|1699727180\n|switch|p1a: ill stomp u|Gogoat, M|100\/100\n|move|p2a: Scream Tail|Dazzling Gleam|p1a: ill stomp u\n|-damage|p1a: ill stomp u|83\/100\n|\n|-heal|p2a: Scream Tail|85\/100|[from] item: Leftovers\n|-heal|p1a: ill stomp u|89\/100|[from] item: Leftovers\n|upkeep\n|turn|22\n|\n|t:|1699727194\n|move|p2a: Scream Tail|Dazzling Gleam|p1a: ill stomp u\n|-damage|p1a: ill stomp u|71\/100\n|move|p1a: ill stomp u|Earthquake|p2a: Scream Tail\n|-supereffective|p2a: Scream Tail\n|-damage|p2a: Scream Tail|34\/100\n|\n|-heal|p2a: Scream Tail|40\/100|[from] item: Leftovers\n|-heal|p1a: ill stomp u|77\/100|[from] item: Leftovers\n|upkeep\n|turn|23\n|\n|t:|1699727202\n|move|p2a: Scream Tail|Wish|p2a: Scream Tail\n|move|p1a: ill stomp u|Earthquake|p2a: Scream Tail\n|-supereffective|p2a: Scream Tail\n|-damage|p2a: Scream Tail|0 fnt\n|faint|p2a: Scream Tail\n|-end|p2a: Scream Tail|Protosynthesis|[silent]\n|\n|-heal|p1a: ill stomp u|83\/100|[from] item: Leftovers\n|upkeep\n|\n|t:|1699727212\n|switch|p2a: Typhlosion|Typhlosion-Hisui, M|61\/100\n|-item|p1a: ill stomp u|Leftovers|[from] ability: Frisk|[of] p2a: Typhlosion|[identify]\n|turn|24\n|\n|t:|1699727235\n|move|p2a: Typhlosion|Will-O-Wisp|p1a: ill stomp u\n|-status|p1a: ill stomp u|brn\n|move|p1a: ill stomp u|Earthquake|p2a: Typhlosion\n|-supereffective|p2a: Typhlosion\n|-damage|p2a: Typhlosion|15\/100\n|\n|-heal|p2a: Typhlosion|90\/100|[from] move: Wish|[wisher] Scream Tail\n|-heal|p1a: ill stomp u|89\/100 brn|[from] item: Leftovers\n|-damage|p1a: ill stomp u|83\/100 brn|[from] brn\n|upkeep\n|turn|25\n|\n|t:|1699727245\n|move|p2a: Typhlosion|Fire Blast|p1a: ill stomp u\n|-supereffective|p1a: ill stomp u\n|-damage|p1a: ill stomp u|0 fnt\n|faint|p1a: ill stomp u\n|\n|upkeep\n|\n|t:|1699727253\n|switch|p1a: shit sprite|Glimmet, F|90\/100\n|turn|26\n|j| ArchBaka\n|\n|t:|1699727269\n|move|p2a: Typhlosion|Infernal Parade|p1a: shit sprite\n|-damage|p1a: shit sprite|40\/100\n|-status|p1a: shit sprite|brn\n|move|p1a: shit sprite|Stone Edge|p2a: Typhlosion\n|-supereffective|p2a: Typhlosion\n|-damage|p2a: Typhlosion|53\/100\n|\n|-heal|p1a: shit sprite|46\/100 brn|[from] item: Leftovers\n|-damage|p1a: shit sprite|40\/100 brn|[from] brn\n|upkeep\n|turn|27\n|\n|t:|1699727280\n|move|p2a: Typhlosion|Shadow Ball|p1a: shit sprite\n|-damage|p1a: shit sprite|0 fnt\n|faint|p1a: shit sprite\n|\n|win|SianShouldShutUp\n","uploadtime":1699727309,"views":27,"p1id":"kronk104","p2id":"sianshouldshutup","formatid":"gen9ou","rating":0,"private":0,"password":""}