{"id":"gen9ou-1990782826","p1":"kaminjaw","p2":"jaken off","format":"[Gen 9] OU","log":"|j|\u2606kaminjaw\n|j|\u2606jaken off\n|t:|1700000373\n|gametype|singles\n|player|p1|kaminjaw|hilda-masters3|\n|player|p2|jaken off|yellow|\n|teamsize|p1|6\n|teamsize|p2|6\n|gen|9\n|tier|[Gen 9] OU\n|rule|Sleep Clause Mod: Limit one foe put to sleep\n|rule|Species Clause: Limit one of each Pok\u00e9mon\n|rule|OHKO Clause: OHKO moves are banned\n|rule|Evasion Items Clause: Evasion items are banned\n|rule|Evasion Moves Clause: Evasion moves are banned\n|rule|Endless Battle Clause: Forcing endless battles is banned\n|rule|HP Percentage Mod: HP is shown in percentages\n|clearpoke\n|poke|p1|Scizor, M|\n|poke|p1|Landorus-Therian, M|\n|poke|p1|Alomomola, M|\n|poke|p1|Dragapult, M|\n|poke|p1|Slowking-Galar, M|\n|poke|p1|Cinderace, F|\n|poke|p2|Ceruledge, M|\n|poke|p2|Torkoal, F|\n|poke|p2|Walking Wake|\n|poke|p2|Enamorus, F|\n|poke|p2|Corviknight, M|\n|poke|p2|Garchomp, F|\n|teampreview\n|\n|t:|1700000398\n|start\n|switch|p1a: Slowking|Slowking-Galar, M|100\/100\n|switch|p2a: Torkoal|Torkoal, F|100\/100\n|-weather|SunnyDay|[from] ability: Drought|[of] p2a: Torkoal\n|turn|1\n|\n|t:|1700000408\n|move|p1a: Slowking|Future Sight|p2a: Torkoal\n|-start|p1a: Slowking|move: Future Sight\n|move|p2a: Torkoal|Stealth Rock|p1a: Slowking\n|-sidestart|p1: kaminjaw|move: Stealth Rock\n|\n|-weather|SunnyDay|[upkeep]\n|upkeep\n|turn|2\n|\n|t:|1700000417\n|switch|p2a: Corviknight|Corviknight, M|100\/100\n|-ability|p2a: Corviknight|Pressure\n|move|p1a: Slowking|Sludge Bomb|p2a: Corviknight\n|-immune|p2a: Corviknight\n|\n|-weather|SunnyDay|[upkeep]\n|upkeep\n|turn|3\n|\n|t:|1700000431\n|switch|p1a: Landorus|Landorus-Therian, M, shiny|100\/100\n|-damage|p1a: Landorus|88\/100|[from] Stealth Rock\n|-ability|p1a: Landorus|Intimidate|boost\n|-unboost|p2a: Corviknight|atk|1\n|move|p2a: Corviknight|Iron Defense|p2a: Corviknight\n|-boost|p2a: Corviknight|def|2\n|\n|-weather|SunnyDay|[upkeep]\n|-end|p2a: Corviknight|move: Future Sight\n|-resisted|p2a: Corviknight\n|-damage|p2a: Corviknight|82\/100\n|upkeep\n|turn|4\n|\n|t:|1700000436\n|move|p1a: Landorus|Taunt|p2a: Corviknight\n|-start|p2a: Corviknight|move: Taunt\n|move|p2a: Corviknight|Brave Bird|p1a: Landorus\n|-damage|p1a: Landorus|70\/100\n|-damage|p2a: Corviknight|66\/100|[from] item: Rocky Helmet|[of] p1a: Landorus\n|-damage|p2a: Corviknight|60\/100|[from] Recoil\n|\n|-weather|SunnyDay|[upkeep]\n|upkeep\n|turn|5\n|\n|t:|1700000447\n|move|p1a: Landorus|U-turn|p2a: Corviknight\n|-resisted|p2a: Corviknight\n|-damage|p2a: Corviknight|58\/100\n|-damage|p1a: Landorus|53\/100|[from] item: Rocky Helmet|[of] p2a: Corviknight\n|\n|t:|1700000460\n|switch|p1a: Alomomola|Alomomola, M|100\/100|[from] U-turn\n|-damage|p1a: Alomomola|88\/100|[from] Stealth Rock\n|move|p2a: Corviknight|Body Press|p1a: Alomomola\n|-damage|p1a: Alomomola|63\/100\n|\n|-weather|SunnyDay|[upkeep]\n|upkeep\n|turn|6\n|\n|t:|1700000474\n|switch|p2a: Walking Wake|Walking Wake|100\/100\n|-activate|p2a: Walking Wake|ability: Protosynthesis\n|-start|p2a: Walking Wake|protosynthesisspa\n|move|p1a: Alomomola|Wish|p1a: Alomomola\n|\n|-weather|SunnyDay|[upkeep]\n|upkeep\n|turn|7\n|\n|t:|1700000483\n|move|p2a: Walking Wake|Substitute|p2a: Walking Wake\n|-start|p2a: Walking Wake|Substitute\n|-damage|p2a: Walking Wake|76\/100\n|move|p1a: Alomomola|Flip Turn|p2a: Walking Wake\n|-resisted|p2a: Walking Wake\n|-activate|p2a: Walking Wake|move: Substitute|[damage]\n|\n|t:|1700000490\n|switch|p1a: Slowking|Slowking-Galar, M|100\/100|[from] Flip Turn\n|-damage|p1a: Slowking|88\/100|[from] Stealth Rock\n|\n|-weather|SunnyDay|[upkeep]\n|-heal|p1a: Slowking|100\/100|[from] move: Wish|[wisher] Alomomola\n|-heal|p2a: Walking Wake|82\/100|[from] item: Leftovers\n|upkeep\n|turn|8\n|\n|t:|1700000496\n|move|p2a: Walking Wake|Hydro Steam|p1a: Slowking\n|-damage|p1a: Slowking|56\/100\n|move|p1a: Slowking|Sludge Bomb|p2a: Walking Wake\n|-end|p2a: Walking Wake|Substitute\n|\n|-weather|none\n|-end|p2a: Walking Wake|Protosynthesis\n|-heal|p2a: Walking Wake|88\/100|[from] item: Leftovers\n|upkeep\n|turn|9\n|\n|t:|1700000509\n|-end|p2a: Walking Wake|Protosynthesis|[silent]\n|switch|p2a: Corviknight|Corviknight, M|58\/100\n|-ability|p2a: Corviknight|Pressure\n|move|p1a: Slowking|Future Sight|p2a: Corviknight\n|-start|p1a: Slowking|move: Future Sight\n|\n|upkeep\n|turn|10\n|\n|t:|1700000516\n|move|p2a: Corviknight|Roost|p2a: Corviknight\n|-heal|p2a: Corviknight|100\/100\n|-singleturn|p2a: Corviknight|move: Roost\n|move|p1a: Slowking|Focus Blast|p2a: Corviknight|[miss]\n|-miss|p1a: Slowking|p2a: Corviknight\n|\n|upkeep\n|turn|11\n|\n|t:|1700000559\n|switch|p1a: Alomomola|Alomomola, M|96\/100\n|-damage|p1a: Alomomola|84\/100|[from] Stealth Rock\n|move|p2a: Corviknight|Brave Bird|p1a: Alomomola\n|-damage|p1a: Alomomola|58\/100\n|-damage|p2a: Corviknight|90\/100|[from] Recoil\n|\n|-end|p2a: Corviknight|move: Future Sight\n|-resisted|p2a: Corviknight\n|-damage|p2a: Corviknight|71\/100\n|upkeep\n|turn|12\n|\n|t:|1700000594\n|switch|p2a: Walking Wake|Walking Wake|88\/100\n|move|p1a: Alomomola|Flip Turn|p2a: Walking Wake\n|-resisted|p2a: Walking Wake\n|-damage|p2a: Walking Wake|83\/100\n|\n|t:|1700000608\n|switch|p1a: Slowking|Slowking-Galar, M|89\/100|[from] Flip Turn\n|-damage|p1a: Slowking|77\/100|[from] Stealth Rock\n|\n|-heal|p2a: Walking Wake|90\/100|[from] item: Leftovers\n|upkeep\n|turn|13\n|\n|t:|1700000623\n|-end|p2a: Walking Wake|Protosynthesis|[silent]\n|switch|p2a: Garchomp|Garchomp, F, shiny|100\/100\n|move|p1a: Slowking|Sludge Bomb|p2a: Garchomp\n|-resisted|p2a: Garchomp\n|-damage|p2a: Garchomp|79\/100\n|\n|upkeep\n|turn|14\n|\n|t:|1700000646\n|move|p2a: Garchomp|Scale Shot|p1a: Slowking\n|-damage|p1a: Slowking|66\/100\n|-damage|p1a: Slowking|56\/100\n|-damage|p1a: Slowking|44\/100\n|-damage|p1a: Slowking|34\/100\n|-hitcount|p1a: Slowking|4\n|-unboost|p2a: Garchomp|def|1\n|-boost|p2a: Garchomp|spe|1\n|move|p1a: Slowking|Chilling Water|p2a: Garchomp\n|-damage|p2a: Garchomp|63\/100\n|-unboost|p2a: Garchomp|atk|1\n|\n|upkeep\n|turn|15\n|\n|t:|1700000658\n|switch|p1a: Landorus|Landorus-Therian, M, shiny|53\/100\n|-damage|p1a: Landorus|41\/100|[from] Stealth Rock\n|-ability|p1a: Landorus|Intimidate|boost\n|-unboost|p2a: Garchomp|atk|1\n|move|p2a: Garchomp|Swords Dance|p2a: Garchomp\n|-boost|p2a: Garchomp|atk|2\n|\n|upkeep\n|turn|16\n|\n|t:|1700000693\n|move|p2a: Garchomp|Scale Shot|p1a: Landorus\n|-damage|p1a: Landorus|32\/100\n|-damage|p1a: Landorus|22\/100\n|-damage|p1a: Landorus|12\/100\n|-damage|p1a: Landorus|3\/100\n|-damage|p1a: Landorus|0 fnt\n|faint|p1a: Landorus\n|-hitcount|p1: Landorus|5\n|-unboost|p2a: Garchomp|def|1\n|-boost|p2a: Garchomp|spe|1\n|\n|upkeep\n|\n|t:|1700000719\n|switch|p1a: Alomomola|Alomomola, M|91\/100\n|-damage|p1a: Alomomola|79\/100|[from] Stealth Rock\n|turn|17\n|\n|t:|1700000741\n|move|p2a: Garchomp|Swords Dance|p2a: Garchomp\n|-boost|p2a: Garchomp|atk|2\n|move|p1a: Alomomola|Flip Turn|p2a: Garchomp\n|-damage|p2a: Garchomp|32\/100\n|-damage|p1a: Alomomola|66\/100|[from] ability: Rough Skin|[of] p2a: Garchomp\n|\n|t:|1700000747\n|switch|p1a: Dragapult|Dragapult, M, shiny|100\/100|[from] Flip Turn\n|-damage|p1a: Dragapult|88\/100|[from] Stealth Rock\n|\n|upkeep\n|turn|18\n|\n|t:|1700000790\n|switch|p1a: Alomomola|Alomomola, M|99\/100\n|-damage|p1a: Alomomola|87\/100|[from] Stealth Rock\n|move|p2a: Garchomp|Scale Shot|p1a: Alomomola\n|-damage|p1a: Alomomola|70\/100\n|-damage|p1a: Alomomola|52\/100\n|-damage|p1a: Alomomola|35\/100\n|-damage|p1a: Alomomola|17\/100\n|-crit|p1a: Alomomola\n|-damage|p1a: Alomomola|0 fnt\n|faint|p1a: Alomomola\n|-hitcount|p1: Alomomola|5\n|-unboost|p2a: Garchomp|def|1\n|-boost|p2a: Garchomp|spe|1\n|\n|upkeep\n|\n|t:|1700000795\n|switch|p1a: Scizor|Scizor, M|100\/100\n|-damage|p1a: Scizor|88\/100|[from] Stealth Rock\n|turn|19\n|\n|t:|1700000804\n|-terastallize|p1a: Scizor|Steel\n|move|p1a: Scizor|Bullet Punch|p2a: Garchomp\n|-damage|p2a: Garchomp|0 fnt\n|-damage|p1a: Scizor|76\/100|[from] ability: Rough Skin|[of] p2a: Garchomp\n|faint|p2a: Garchomp\n|\n|upkeep\n|\n|t:|1700000809\n|switch|p2a: Torkoal|Torkoal, F|100\/100\n|-weather|SunnyDay|[from] ability: Drought|[of] p2a: Torkoal\n|turn|20\n|\n|t:|1700000820\n|switch|p1a: Cinderace|Cinderace, F|100\/100\n|switch|p2a: Ceruledge|Ceruledge, M|100\/100\n|\n|-weather|SunnyDay|[upkeep]\n|upkeep\n|turn|21\n|\n|t:|1700000823\n|move|p1a: Cinderace|Taunt|p2a: Ceruledge\n|-start|p2a: Ceruledge|move: Taunt\n|cant|p2a: Ceruledge|move: Taunt|Swords Dance\n|\n|-weather|SunnyDay|[upkeep]\n|upkeep\n|turn|22\n|\n|t:|1700000827\n|move|p1a: Cinderace|Court Change|p1a: Cinderace\n|-swapsideconditions\n|-activate|p1a: Cinderace|move: Court Change\n|move|p2a: Ceruledge|Close Combat|p1a: Cinderace\n|-damage|p1a: Cinderace|34\/100\n|-unboost|p2a: Ceruledge|def|1\n|-unboost|p2a: Ceruledge|spd|1\n|\n|-weather|SunnyDay|[upkeep]\n|upkeep\n|turn|23\n|\n|t:|1700000837\n|-terastallize|p2a: Ceruledge|Fire\n|move|p1a: Cinderace|Pyro Ball|p2a: Ceruledge\n|-resisted|p2a: Ceruledge\n|-damage|p2a: Ceruledge|4\/100\n|-ability|p2a: Ceruledge|Weak Armor|boost\n|-unboost|p2a: Ceruledge|def|1\n|-boost|p2a: Ceruledge|spe|2\n|move|p2a: Ceruledge|Bitter Blade|p1a: Cinderace\n|-resisted|p1a: Cinderace\n|-damage|p1a: Cinderace|0 fnt\n|-heal|p2a: Ceruledge|21\/100|[from] drain|[of] p1a: Cinderace\n|faint|p1a: Cinderace\n|\n|-weather|SunnyDay|[upkeep]\n|-end|p2a: Ceruledge|move: Taunt\n|upkeep\n|\n|t:|1700000848\n|switch|p1a: Scizor|Scizor, M, tera:Steel|76\/100\n|turn|24\n|\n|t:|1700000858\n|switch|p2a: Corviknight|Corviknight, M|71\/100\n|-damage|p2a: Corviknight|59\/100|[from] Stealth Rock\n|-ability|p2a: Corviknight|Pressure\n|move|p1a: Scizor|Bullet Punch|p2a: Corviknight\n|-resisted|p2a: Corviknight\n|-damage|p2a: Corviknight|34\/100\n|-damage|p1a: Scizor|59\/100|[from] item: Rocky Helmet|[of] p2a: Corviknight\n|\n|-weather|SunnyDay|[upkeep]\n|upkeep\n|turn|25\n|\n|t:|1700000866\n|switch|p1a: Slowking|Slowking-Galar, M|67\/100\n|move|p2a: Corviknight|Roost|p2a: Corviknight\n|-heal|p2a: Corviknight|84\/100\n|-singleturn|p2a: Corviknight|move: Roost\n|\n|-weather|SunnyDay|[upkeep]\n|upkeep\n|turn|26\n|\n|t:|1700000879\n|move|p2a: Corviknight|Iron Defense|p2a: Corviknight\n|-boost|p2a: Corviknight|def|2\n|move|p1a: Slowking|Chilling Water|p2a: Corviknight\n|-damage|p2a: Corviknight|80\/100\n|-unboost|p2a: Corviknight|atk|1\n|\n|-weather|SunnyDay|[upkeep]\n|upkeep\n|turn|27\n|\n|t:|1700000887\n|move|p2a: Corviknight|Iron Defense|p2a: Corviknight\n|-boost|p2a: Corviknight|def|2\n|move|p1a: Slowking|Future Sight|p2a: Corviknight\n|-start|p1a: Slowking|move: Future Sight\n|\n|-weather|none\n|upkeep\n|turn|28\n|\n|t:|1700000897\n|move|p2a: Corviknight|Iron Defense|p2a: Corviknight\n|-boost|p2a: Corviknight|def|2\n|move|p1a: Slowking|Focus Blast|p2a: Corviknight|[miss]\n|-miss|p1a: Slowking|p2a: Corviknight\n|\n|upkeep\n|turn|29\n|\n|t:|1700000906\n|move|p2a: Corviknight|Body Press|p1a: Slowking\n|-resisted|p1a: Slowking\n|-damage|p1a: Slowking|52\/100\n|move|p1a: Slowking|Chilling Water|p2a: Corviknight\n|-damage|p2a: Corviknight|70\/100\n|-unboost|p2a: Corviknight|atk|1\n|\n|-end|p2a: Corviknight|move: Future Sight\n|-resisted|p2a: Corviknight\n|-damage|p2a: Corviknight|53\/100\n|upkeep\n|turn|30\n|\n|t:|1700000916\n|switch|p1a: Dragapult|Dragapult, M, shiny|88\/100\n|move|p2a: Corviknight|Roost|p2a: Corviknight\n|-heal|p2a: Corviknight|100\/100\n|-singleturn|p2a: Corviknight|move: Roost\n|\n|upkeep\n|turn|31\n|\n|t:|1700000922\n|move|p1a: Dragapult|Shadow Ball|p2a: Corviknight\n|-damage|p2a: Corviknight|76\/100\n|-unboost|p2a: Corviknight|spd|1\n|move|p2a: Corviknight|Brave Bird|p1a: Dragapult\n|-damage|p1a: Dragapult|62\/100\n|-damage|p2a: Corviknight|69\/100|[from] Recoil\n|\n|upkeep\n|turn|32\n|\n|t:|1700000951\n|switch|p2a: Torkoal|Torkoal, F|100\/100\n|-damage|p2a: Torkoal|76\/100|[from] Stealth Rock\n|-weather|SunnyDay|[from] ability: Drought|[of] p2a: Torkoal\n|move|p1a: Dragapult|Shadow Ball|p2a: Torkoal\n|-damage|p2a: Torkoal|29\/100\n|\n|-weather|SunnyDay|[upkeep]\n|upkeep\n|turn|33\n|\n|t:|1700000955\n|move|p1a: Dragapult|Shadow Ball|p2a: Torkoal\n|-damage|p2a: Torkoal|0 fnt\n|faint|p2a: Torkoal\n|\n|-weather|SunnyDay|[upkeep]\n|upkeep\n|\n|t:|1700000969\n|switch|p2a: Ceruledge|Ceruledge, M, tera:Fire|21\/100\n|-damage|p2a: Ceruledge|0 fnt|[from] Stealth Rock\n|faint|p2a: Ceruledge\n|\n|t:|1700000979\n|switch|p2a: Enamorus|Enamorus, F|100\/100\n|-damage|p2a: Enamorus|76\/100|[from] Stealth Rock\n|turn|34\n|\n|t:|1700000985\n|switch|p1a: Slowking|Slowking-Galar, M|85\/100\n|move|p2a: Enamorus|Moonblast|p1a: Slowking\n|-resisted|p1a: Slowking\n|-damage|p1a: Slowking|68\/100\n|-unboost|p1a: Slowking|spa|1\n|\n|-weather|SunnyDay|[upkeep]\n|upkeep\n|turn|35\n|\n|t:|1700001000\n|move|p2a: Enamorus|Moonblast|p1a: Slowking\n|-resisted|p1a: Slowking\n|-damage|p1a: Slowking|51\/100\n|move|p1a: Slowking|Future Sight|p2a: Enamorus\n|-start|p1a: Slowking|move: Future Sight\n|\n|-weather|SunnyDay|[upkeep]\n|upkeep\n|turn|36\n|\n|t:|1700001006\n|switch|p1a: Scizor|Scizor, M, tera:Steel|59\/100\n|move|p2a: Enamorus|Moonblast|p1a: Scizor\n|-resisted|p1a: Scizor\n|-damage|p1a: Scizor|25\/100\n|\n|-weather|SunnyDay|[upkeep]\n|upkeep\n|turn|37\n|\n|t:|1700001021\n|switch|p2a: Corviknight|Corviknight, M|69\/100\n|-damage|p2a: Corviknight|57\/100|[from] Stealth Rock\n|-ability|p2a: Corviknight|Pressure\n|move|p1a: Scizor|Swords Dance|p1a: Scizor\n|-boost|p1a: Scizor|atk|2\n|\n|-weather|SunnyDay|[upkeep]\n|-end|p2a: Corviknight|move: Future Sight\n|-resisted|p2a: Corviknight\n|-damage|p2a: Corviknight|38\/100\n|upkeep\n|turn|38\n|\n|t:|1700001030\n|move|p1a: Scizor|Bullet Punch|p2a: Corviknight\n|-resisted|p2a: Corviknight\n|-damage|p2a: Corviknight|0 fnt\n|-damage|p1a: Scizor|8\/100|[from] item: Rocky Helmet|[of] p2a: Corviknight\n|faint|p2a: Corviknight\n|\n|-weather|SunnyDay|[upkeep]\n|upkeep\n|\n|t:|1700001037\n|switch|p2a: Walking Wake|Walking Wake|90\/100\n|-damage|p2a: Walking Wake|77\/100|[from] Stealth Rock\n|-activate|p2a: Walking Wake|ability: Protosynthesis\n|-start|p2a: Walking Wake|protosynthesisspa\n|turn|39\n|\n|t:|1700001044\n|move|p1a: Scizor|Bullet Punch|p2a: Walking Wake\n|-resisted|p2a: Walking Wake\n|-crit|p2a: Walking Wake\n|-damage|p2a: Walking Wake|0 fnt\n|faint|p2a: Walking Wake\n|-end|p2a: Walking Wake|Protosynthesis|[silent]\n|\n|-weather|none\n|upkeep\n|\n|t:|1700001048\n|switch|p2a: Enamorus|Enamorus, F|76\/100\n|-damage|p2a: Enamorus|51\/100|[from] Stealth Rock\n|turn|40\n|\n|t:|1700001052\n|move|p1a: Scizor|Bullet Punch|p2a: Enamorus\n|-supereffective|p2a: Enamorus\n|-damage|p2a: Enamorus|0 fnt\n|faint|p2a: Enamorus\n|\n|win|kaminjaw\n|l|\u2606jaken off\n","uploadtime":1700001060,"views":21,"p1id":"kaminjaw","p2id":"jakenoff","formatid":"gen9ou","rating":0,"private":0,"password":""}