{"id":"gen9ou-1994358681","p1":"Not Hell","p2":"Prince Smurf","format":"[Gen 9] OU","log":"|j|\u2606Not Hell\n|j|\u2606Prince Smurf\n|t:|1700434874\n|gametype|singles\n|player|p1|Not Hell|flint|\n|player|p2|Prince Smurf|hop-masters|\n|teamsize|p1|6\n|teamsize|p2|6\n|gen|9\n|tier|[Gen 9] OU\n|rule|Sleep Clause Mod: Limit one foe put to sleep\n|rule|Species Clause: Limit one of each Pok\u00e9mon\n|rule|OHKO Clause: OHKO moves are banned\n|rule|Evasion Items Clause: Evasion items are banned\n|rule|Evasion Moves Clause: Evasion moves are banned\n|rule|Endless Battle Clause: Forcing endless battles is banned\n|rule|HP Percentage Mod: HP is shown in percentages\n|clearpoke\n|poke|p1|Corviknight, M|\n|poke|p1|Landorus-Therian, M|\n|poke|p1|Quagsire, M|\n|poke|p1|Ceruledge, F|\n|poke|p1|Slaking, M|\n|poke|p1|Noivern, F|\n|poke|p2|Pincurchin, M|\n|poke|p2|Garganacl, M|\n|poke|p2|Gastrodon-East, F|\n|poke|p2|Raichu-Alola, M|\n|poke|p2|Iron Moth|\n|poke|p2|Hawlucha, M|\n|teampreview\n|c|\u2606Not Hell|gl hffff\n|c|\u2606Prince Smurf|You too\n|\n|t:|1700434924\n|start\n|switch|p1a: Landorus|Landorus-Therian, M|100\/100\n|switch|p2a: Pincurchin|Pincurchin, M|100\/100\n|-ability|p1a: Landorus|Intimidate|boost\n|-unboost|p2a: Pincurchin|atk|1\n|-fieldstart|move: Electric Terrain|[from] ability: Electric Surge|[of] p2a: Pincurchin\n|turn|1\n|j| Horrific17\n|j| overkill red\n|\n|t:|1700434985\n|switch|p2a: Hawlucha|Hawlucha, M|100\/100\n|-enditem|p2a: Hawlucha|Electric Seed\n|-boost|p2a: Hawlucha|def|1|[from] item: Electric Seed\n|move|p1a: Landorus|Substitute|p1a: Landorus\n|-start|p1a: Landorus|Substitute\n|-damage|p1a: Landorus|76\/100\n|\n|-heal|p1a: Landorus|82\/100|[from] item: Leftovers\n|upkeep\n|turn|2\n|\n|t:|1700435009\n|move|p2a: Hawlucha|Encore|p1a: Landorus\n|-start|p1a: Landorus|Encore\n|move|p1a: Landorus|Substitute|p1a: Landorus\n|-fail|p1a: Landorus|move: Substitute\n|\n|-heal|p1a: Landorus|88\/100|[from] item: Leftovers\n|upkeep\n|turn|3\n|j| flufi\n|\n|t:|1700435025\n|switch|p1a: Corviknight|Corviknight, M|100\/100\n|-ability|p1a: Corviknight|Pressure\n|move|p2a: Hawlucha|Swords Dance|p2a: Hawlucha\n|-boost|p2a: Hawlucha|atk|2\n|\n|upkeep\n|turn|4\n|\n|t:|1700435036\n|move|p2a: Hawlucha|Close Combat|p1a: Corviknight\n|-damage|p1a: Corviknight|31\/100\n|-unboost|p2a: Hawlucha|def|1\n|-unboost|p2a: Hawlucha|spd|1\n|-damage|p2a: Hawlucha|84\/100|[from] item: Rocky Helmet|[of] p1a: Corviknight\n|move|p1a: Corviknight|Brave Bird|p2a: Hawlucha\n|-supereffective|p2a: Hawlucha\n|-damage|p2a: Hawlucha|0 fnt\n|faint|p2a: Hawlucha\n|-damage|p1a: Corviknight|10\/100|[from] Recoil\n|\n|upkeep\n|\n|t:|1700435060\n|switch|p2a: Raichu|Raichu-Alola, M|100\/100\n|turn|5\n|l| flufi\n|\n|t:|1700435069\n|move|p2a: Raichu|Nasty Plot|p2a: Raichu\n|-boost|p2a: Raichu|spa|2\n|move|p1a: Corviknight|U-turn|p2a: Raichu\n|-supereffective|p2a: Raichu\n|-damage|p2a: Raichu|33\/100\n|\n|t:|1700435077\n|switch|p1a: Landorus|Landorus-Therian, M|88\/100|[from] U-turn\n|-ability|p1a: Landorus|Intimidate|boost\n|-unboost|p2a: Raichu|atk|1\n|\n|-heal|p1a: Landorus|94\/100|[from] item: Leftovers\n|upkeep\n|turn|6\n|\n|t:|1700435155\n|switch|p1a: Corviknight|Corviknight, M|10\/100\n|-ability|p1a: Corviknight|Pressure\n|move|p2a: Raichu|Psychic|p1a: Corviknight\n|-resisted|p1a: Corviknight\n|-damage|p1a: Corviknight|0 fnt\n|faint|p1a: Corviknight\n|\n|upkeep\n|\n|t:|1700435184\n|switch|p1a: Quagsire|Quagsire, M|100\/100\n|turn|7\n|\n|t:|1700435206\n|switch|p2a: Garganacl|Garganacl, M|100\/100\n|move|p1a: Quagsire|Surf|p2a: Garganacl\n|-supereffective|p2a: Garganacl\n|-damage|p2a: Garganacl|61\/100\n|\n|-heal|p2a: Garganacl|68\/100|[from] item: Leftovers\n|upkeep\n|turn|8\n|\n|t:|1700435224\n|move|p1a: Quagsire|Surf|p2a: Garganacl\n|-supereffective|p2a: Garganacl\n|-damage|p2a: Garganacl|25\/100\n|move|p2a: Garganacl|Recover|p2a: Garganacl\n|-heal|p2a: Garganacl|75\/100\n|\n|-heal|p2a: Garganacl|81\/100|[from] item: Leftovers\n|-fieldend|move: Electric Terrain\n|upkeep\n|turn|9\n|\n|t:|1700435236\n|switch|p1a: Landorus|Landorus-Therian, M|94\/100\n|-ability|p1a: Landorus|Intimidate|boost\n|-unboost|p2a: Garganacl|atk|1\n|-terastallize|p2a: Garganacl|Grass\n|move|p2a: Garganacl|Tera Blast|p1a: Landorus|[anim] Tera Blast Grass\n|-damage|p1a: Landorus|73\/100\n|\n|-heal|p1a: Landorus|79\/100|[from] item: Leftovers\n|-heal|p2a: Garganacl|87\/100|[from] item: Leftovers\n|upkeep\n|turn|10\n|c|\u2606Prince Smurf|gg\n|c|\u2606Prince Smurf|Kappa\n|c| Horrific17|yep\n|c| Horrific17|thats how i felt when i blew my tera ice load\n|c| Horrific17|kappa\n|\n|t:|1700435276\n|switch|p2a: Gastrodon|Gastrodon-East, F|100\/100\n|move|p1a: Landorus|Substitute|p1a: Landorus\n|-start|p1a: Landorus|Substitute\n|-damage|p1a: Landorus|54\/100\n|\n|-heal|p1a: Landorus|60\/100|[from] item: Leftovers\n|upkeep\n|turn|11\n|c|\u2606Prince Smurf|or is it\n|\n|t:|1700435292\n|move|p1a: Landorus|Earthquake|p2a: Gastrodon\n|-damage|p2a: Gastrodon|50\/100\n|move|p2a: Gastrodon|Ice Beam|p1a: Landorus\n|-supereffective|p1a: Landorus\n|-end|p1a: Landorus|Substitute\n|\n|-heal|p1a: Landorus|66\/100|[from] item: Leftovers\n|-heal|p2a: Gastrodon|57\/100|[from] item: Leftovers\n|upkeep\n|turn|12\n|\n|t:|1700435303\n|move|p1a: Landorus|Earthquake|p2a: Gastrodon\n|-damage|p2a: Gastrodon|10\/100\n|move|p2a: Gastrodon|Stealth Rock|p1a: Landorus\n|-sidestart|p1: Not Hell|move: Stealth Rock\n|\n|-heal|p1a: Landorus|72\/100|[from] item: Leftovers\n|-heal|p2a: Gastrodon|16\/100|[from] item: Leftovers\n|upkeep\n|turn|13\n|\n|t:|1700435318\n|move|p1a: Landorus|Earthquake|p2a: Gastrodon\n|-damage|p2a: Gastrodon|0 fnt\n|faint|p2a: Gastrodon\n|\n|-heal|p1a: Landorus|78\/100|[from] item: Leftovers\n|upkeep\n|\n|t:|1700435342\n|switch|p2a: Garganacl|Garganacl, M, tera:Grass|87\/100\n|turn|14\n|\n|t:|1700435355\n|switch|p1a: Ceruledge|Ceruledge, F|100\/100\n|move|p2a: Garganacl|Curse|p2a: Garganacl\n|-unboost|p2a: Garganacl|spe|1\n|-boost|p2a: Garganacl|atk|1\n|-boost|p2a: Garganacl|def|1\n|\n|-heal|p2a: Garganacl|93\/100|[from] item: Leftovers\n|upkeep\n|turn|15\n|\n|t:|1700435359\n|move|p1a: Ceruledge|Bulk Up|p1a: Ceruledge\n|-boost|p1a: Ceruledge|atk|1\n|-boost|p1a: Ceruledge|def|1\n|move|p2a: Garganacl|Salt Cure|p1a: Ceruledge\n|-supereffective|p1a: Ceruledge\n|-damage|p1a: Ceruledge|64\/100\n|-start|p1a: Ceruledge|Salt Cure\n|-ability|p1a: Ceruledge|Weak Armor|boost\n|-unboost|p1a: Ceruledge|def|1\n|-boost|p1a: Ceruledge|spe|2\n|\n|-heal|p2a: Garganacl|99\/100|[from] item: Leftovers\n|-damage|p1a: Ceruledge|51\/100|[from] Salt Cure\n|upkeep\n|turn|16\n|\n|t:|1700435368\n|move|p1a: Ceruledge|Bulk Up|p1a: Ceruledge\n|-boost|p1a: Ceruledge|atk|1\n|-boost|p1a: Ceruledge|def|1\n|move|p2a: Garganacl|Curse|p2a: Garganacl\n|-unboost|p2a: Garganacl|spe|1\n|-boost|p2a: Garganacl|atk|1\n|-boost|p2a: Garganacl|def|1\n|\n|-heal|p2a: Garganacl|100\/100|[from] item: Leftovers\n|-damage|p1a: Ceruledge|39\/100|[from] Salt Cure\n|upkeep\n|turn|17\n|\n|t:|1700435374\n|move|p1a: Ceruledge|Bitter Blade|p2a: Garganacl\n|-supereffective|p2a: Garganacl\n|-damage|p2a: Garganacl|52\/100\n|-heal|p1a: Ceruledge|72\/100|[from] drain|[of] p2a: Garganacl\n|move|p2a: Garganacl|Curse|p2a: Garganacl\n|-unboost|p2a: Garganacl|spe|1\n|-boost|p2a: Garganacl|atk|1\n|-boost|p2a: Garganacl|def|1\n|\n|-heal|p2a: Garganacl|59\/100|[from] item: Leftovers\n|-damage|p1a: Ceruledge|60\/100|[from] Salt Cure\n|upkeep\n|turn|18\n|\n|t:|1700435385\n|move|p1a: Ceruledge|Bitter Blade|p2a: Garganacl\n|-supereffective|p2a: Garganacl\n|-damage|p2a: Garganacl|23\/100\n|-heal|p1a: Ceruledge|84\/100|[from] drain|[of] p2a: Garganacl\n|move|p2a: Garganacl|Recover|p2a: Garganacl\n|-heal|p2a: Garganacl|73\/100\n|\n|-heal|p2a: Garganacl|79\/100|[from] item: Leftovers\n|-damage|p1a: Ceruledge|72\/100|[from] Salt Cure\n|upkeep\n|turn|19\n|\n|t:|1700435403\n|move|p1a: Ceruledge|Bulk Up|p1a: Ceruledge\n|-boost|p1a: Ceruledge|atk|1\n|-boost|p1a: Ceruledge|def|1\n|move|p2a: Garganacl|Curse|p2a: Garganacl\n|-unboost|p2a: Garganacl|spe|1\n|-boost|p2a: Garganacl|atk|1\n|-boost|p2a: Garganacl|def|1\n|\n|-heal|p2a: Garganacl|85\/100|[from] item: Leftovers\n|-damage|p1a: Ceruledge|60\/100|[from] Salt Cure\n|upkeep\n|turn|20\n|\n|t:|1700435410\n|move|p1a: Ceruledge|Bitter Blade|p2a: Garganacl\n|-supereffective|p2a: Garganacl\n|-damage|p2a: Garganacl|45\/100\n|-heal|p1a: Ceruledge|88\/100|[from] drain|[of] p2a: Garganacl\n|move|p2a: Garganacl|Salt Cure|p1a: Ceruledge\n|-supereffective|p1a: Ceruledge\n|-damage|p1a: Ceruledge|30\/100\n|-ability|p1a: Ceruledge|Weak Armor|boost\n|-unboost|p1a: Ceruledge|def|1\n|-boost|p1a: Ceruledge|spe|2\n|\n|-heal|p2a: Garganacl|51\/100|[from] item: Leftovers\n|-damage|p1a: Ceruledge|18\/100|[from] Salt Cure\n|upkeep\n|turn|21\n|\n|t:|1700435437\n|move|p1a: Ceruledge|Bitter Blade|p2a: Garganacl\n|-supereffective|p2a: Garganacl\n|-damage|p2a: Garganacl|13\/100\n|-heal|p1a: Ceruledge|44\/100|[from] drain|[of] p2a: Garganacl\n|move|p2a: Garganacl|Salt Cure|p1a: Ceruledge\n|-supereffective|p1a: Ceruledge\n|-damage|p1a: Ceruledge|0 fnt\n|faint|p1a: Ceruledge\n|\n|-heal|p2a: Garganacl|20\/100|[from] item: Leftovers\n|upkeep\n|\n|t:|1700435455\n|switch|p1a: Noivern|Noivern, F|100\/100\n|turn|22\n|\n|t:|1700435465\n|move|p1a: Noivern|Draco Meteor|p2a: Garganacl\n|-damage|p2a: Garganacl|0 fnt\n|-unboost|p1a: Noivern|spa|2\n|faint|p2a: Garganacl\n|\n|upkeep\n|\n|t:|1700435469\n|switch|p2a: Pincurchin|Pincurchin, M|100\/100\n|-fieldstart|move: Electric Terrain|[from] ability: Electric Surge|[of] p2a: Pincurchin\n|turn|23\n|\n|t:|1700435482\n|switch|p2a: Raichu|Raichu-Alola, M|33\/100\n|move|p1a: Noivern|U-turn|p2a: Raichu\n|-supereffective|p2a: Raichu\n|-damage|p2a: Raichu|0 fnt\n|faint|p2a: Raichu\n|\n|t:|1700435489\n|switch|p1a: Landorus|Landorus-Therian, M|78\/100|[from] U-turn\n|-damage|p1a: Landorus|65\/100|[from] Stealth Rock\n|\n|-heal|p1a: Landorus|71\/100|[from] item: Leftovers\n|upkeep\n|\n|t:|1700435496\n|switch|p2a: Iron Moth|Iron Moth|100\/100\n|-activate|p2a: Iron Moth|ability: Quark Drive\n|-start|p2a: Iron Moth|quarkdrivespe\n|turn|24\n|\n|t:|1700435517\n|move|p2a: Iron Moth|Fiery Dance|p1a: Landorus\n|-damage|p1a: Landorus|16\/100\n|move|p1a: Landorus|Earthquake|p2a: Iron Moth\n|-supereffective|p2a: Iron Moth\n|-crit|p2a: Iron Moth\n|-damage|p2a: Iron Moth|0 fnt\n|faint|p2a: Iron Moth\n|-end|p2a: Iron Moth|Quark Drive|[silent]\n|\n|-heal|p1a: Landorus|22\/100|[from] item: Leftovers\n|upkeep\n|\n|t:|1700435524\n|switch|p2a: Pincurchin|Pincurchin, M|100\/100\n|turn|25\n|\n|t:|1700435527\n|move|p1a: Landorus|Earthquake|p2a: Pincurchin\n|-supereffective|p2a: Pincurchin\n|-damage|p2a: Pincurchin|22\/100\n|move|p2a: Pincurchin|Discharge|p1a: Landorus\n|-immune|p1a: Landorus\n|\n|-heal|p1a: Landorus|28\/100|[from] item: Leftovers\n|upkeep\n|turn|26\n|c|\u2606Prince Smurf|gg\n|c|\u2606Not Hell|gg man\n|\n|t:|1700435537\n|move|p1a: Landorus|Earthquake|p2a: Pincurchin\n|-supereffective|p2a: Pincurchin\n|-damage|p2a: Pincurchin|0 fnt\n|faint|p2a: Pincurchin\n|\n|win|Not Hell\n|l|\u2606Prince Smurf\n","uploadtime":1700435558,"views":8,"p1id":"nothell","p2id":"princesmurf","formatid":"gen9ou","rating":0,"private":0,"password":""}