{"id":"gen9ou-1988492000","p1":"FIRE LORD AESON!","p2":"andymaury","format":"[Gen 9] OU","log":"|j|\u2606FIRE LORD AESON!\n|j|\u2606andymaury\n|t:|1699728714\n|gametype|singles\n|player|p1|FIRE LORD AESON!|red-gen1|1596\n|player|p2|andymaury|169|1486\n|teamsize|p1|6\n|teamsize|p2|6\n|gen|9\n|tier|[Gen 9] OU\n|rated|\n|rule|Sleep Clause Mod: Limit one foe put to sleep\n|rule|Species Clause: Limit one of each Pok\u00e9mon\n|rule|OHKO Clause: OHKO moves are banned\n|rule|Evasion Items Clause: Evasion items are banned\n|rule|Evasion Moves Clause: Evasion moves are banned\n|rule|Endless Battle Clause: Forcing endless battles is banned\n|rule|HP Percentage Mod: HP is shown in percentages\n|clearpoke\n|poke|p1|Ceruledge, F|\n|poke|p1|Torkoal, F|\n|poke|p1|Heatran, F|\n|poke|p1|Cinderace, M|\n|poke|p1|Rotom-Heat|\n|poke|p1|Armarouge, M|\n|poke|p2|Great Tusk|\n|poke|p2|Iron Moth|\n|poke|p2|Azumarill, F|\n|poke|p2|Dragapult, M|\n|poke|p2|Tyranitar, M|\n|poke|p2|Magnezone|\n|teampreview\n|\n|t:|1699728732\n|start\n|switch|p1a: ArmaROUGENATIONX|Armarouge, M|100\/100\n|switch|p2a: Dragapult|Dragapult, M|100\/100\n|turn|1\n|\n|t:|1699728752\n|switch|p1a: LUCKY!|Rotom-Heat|100\/100\n|move|p2a: Dragapult|Shadow Ball|p1a: LUCKY!\n|-damage|p1a: LUCKY!|25\/100\n|-enditem|p1a: LUCKY!|Salac Berry|[eat]\n|-boost|p1a: LUCKY!|spe|1|[from] item: Salac Berry\n|\n|upkeep\n|turn|2\n|\n|t:|1699728771\n|move|p1a: LUCKY!|Dark Pulse|p2a: Dragapult\n|-supereffective|p2a: Dragapult\n|-damage|p2a: Dragapult|29\/100\n|move|p2a: Dragapult|Shadow Ball|p1a: LUCKY!\n|-damage|p1a: LUCKY!|0 fnt\n|faint|p1a: LUCKY!\n|\n|upkeep\n|\n|t:|1699728787\n|switch|p1a: PLAYBOY|Cinderace, M|100\/100\n|turn|3\n|\n|t:|1699728795\n|switch|p2a: Azumarill|Azumarill, F|100\/100\n|move|p1a: PLAYBOY|Sucker Punch||[still]\n|-fail|p1a: PLAYBOY\n|\n|upkeep\n|turn|4\n|\n|t:|1699728803\n|switch|p1a: SUBSCRIBE 2 AESON!|Torkoal, F|100\/100\n|-weather|SunnyDay|[from] ability: Drought|[of] p1a: SUBSCRIBE 2 AESON!\n|move|p2a: Azumarill|Liquidation|p1a: SUBSCRIBE 2 AESON!\n|-supereffective|p1a: SUBSCRIBE 2 AESON!\n|-damage|p1a: SUBSCRIBE 2 AESON!|46\/100\n|-unboost|p1a: SUBSCRIBE 2 AESON!|def|1\n|\n|-weather|SunnyDay|[upkeep]\n|upkeep\n|turn|5\n|\n|t:|1699728834\n|switch|p1a: $EXY @AESON UTUBE!|Ceruledge, F|100\/100\n|move|p2a: Azumarill|Liquidation|p1a: $EXY @AESON UTUBE!\n|-supereffective|p1a: $EXY @AESON UTUBE!\n|-enditem|p1a: $EXY @AESON UTUBE!|Focus Sash\n|-damage|p1a: $EXY @AESON UTUBE!|1\/100\n|-unboost|p1a: $EXY @AESON UTUBE!|def|1\n|-ability|p1a: $EXY @AESON UTUBE!|Weak Armor|boost\n|-unboost|p1a: $EXY @AESON UTUBE!|def|1\n|-boost|p1a: $EXY @AESON UTUBE!|spe|2\n|\n|-weather|SunnyDay|[upkeep]\n|upkeep\n|turn|6\n|\n|t:|1699728843\n|move|p1a: $EXY @AESON UTUBE!|Poltergeist|p2a: Azumarill\n|-activate|p2a: Azumarill|move: Poltergeist|Choice Band\n|-damage|p2a: Azumarill|45\/100\n|move|p2a: Azumarill|Liquidation|p1a: $EXY @AESON UTUBE!\n|-supereffective|p1a: $EXY @AESON UTUBE!\n|-damage|p1a: $EXY @AESON UTUBE!|0 fnt\n|faint|p1a: $EXY @AESON UTUBE!\n|\n|-weather|SunnyDay|[upkeep]\n|upkeep\n|\n|t:|1699728853\n|switch|p1a: PLAYBOY|Cinderace, M|100\/100\n|turn|7\n|\n|t:|1699728859\n|switch|p2a: Dragapult|Dragapult, M|29\/100\n|move|p1a: PLAYBOY|Pyro Ball|p2a: Dragapult\n|-resisted|p2a: Dragapult\n|-crit|p2a: Dragapult\n|-damage|p2a: Dragapult|0 fnt\n|faint|p2a: Dragapult\n|-damage|p1a: PLAYBOY|91\/100|[from] item: Life Orb\n|\n|-weather|SunnyDay|[upkeep]\n|upkeep\n|\n|t:|1699728867\n|switch|p2a: Tyranitar|Tyranitar, M|100\/100\n|-weather|Sandstorm|[from] ability: Sand Stream|[of] p2a: Tyranitar\n|turn|8\n|\n|t:|1699728872\n|switch|p2a: Azumarill|Azumarill, F|45\/100\n|move|p1a: PLAYBOY|High Jump Kick|p2a: Azumarill\n|-start|p1a: PLAYBOY|typechange|Fighting|[from] ability: Libero\n|-resisted|p2a: Azumarill\n|-damage|p2a: Azumarill|5\/100\n|-damage|p1a: PLAYBOY|81\/100|[from] item: Life Orb\n|\n|-weather|Sandstorm|[upkeep]\n|-damage|p1a: PLAYBOY|75\/100|[from] Sandstorm\n|-damage|p2a: Azumarill|0 fnt|[from] Sandstorm\n|faint|p2a: Azumarill\n|upkeep\n|\n|t:|1699728881\n|switch|p2a: Great Tusk|Great Tusk|100\/100\n|-enditem|p2a: Great Tusk|Booster Energy\n|-activate|p2a: Great Tusk|ability: Protosynthesis|[fromitem]\n|-start|p2a: Great Tusk|protosynthesisatk\n|turn|9\n|inactive|Battle timer is ON: inactive players will automatically lose when time's up. (requested by andymaury)\n|\n|t:|1699728922\n|switch|p1a: ArmaROUGENATIONX|Armarouge, M|100\/100\n|move|p2a: Great Tusk|Rapid Spin|p1a: ArmaROUGENATIONX\n|-damage|p1a: ArmaROUGENATIONX|74\/100\n|-boost|p2a: Great Tusk|spe|1\n|-ability|p1a: ArmaROUGENATIONX|Weak Armor|boost\n|-unboost|p1a: ArmaROUGENATIONX|def|1\n|-boost|p1a: ArmaROUGENATIONX|spe|2\n|\n|-weather|Sandstorm|[upkeep]\n|-damage|p1a: ArmaROUGENATIONX|68\/100|[from] Sandstorm\n|upkeep\n|turn|10\n|\n|t:|1699728943\n|-end|p2a: Great Tusk|Protosynthesis|[silent]\n|switch|p2a: Tyranitar|Tyranitar, M|100\/100\n|move|p1a: ArmaROUGENATIONX|Psychic|p2a: Tyranitar\n|-immune|p2a: Tyranitar\n|\n|-weather|Sandstorm|[upkeep]\n|-damage|p1a: ArmaROUGENATIONX|62\/100|[from] Sandstorm\n|upkeep\n|turn|11\n|\n|t:|1699728949\n|move|p1a: ArmaROUGENATIONX|Focus Blast|p2a: Tyranitar\n|-supereffective|p2a: Tyranitar\n|-damage|p2a: Tyranitar|16\/100\n|move|p2a: Tyranitar|Knock Off|p1a: ArmaROUGENATIONX\n|-supereffective|p1a: ArmaROUGENATIONX\n|-damage|p1a: ArmaROUGENATIONX|0 fnt\n|-enditem|p1a: ArmaROUGENATIONX|Focus Sash|[from] move: Knock Off|[of] p2a: Tyranitar\n|faint|p1a: ArmaROUGENATIONX\n|\n|-weather|Sandstorm|[upkeep]\n|-heal|p2a: Tyranitar|23\/100|[from] item: Leftovers\n|upkeep\n|\n|t:|1699728963\n|switch|p1a: PLAYBOY|Cinderace, M|75\/100\n|turn|12\n|\n|t:|1699728968\n|switch|p2a: Iron Moth|Iron Moth|100\/100\n|-enditem|p2a: Iron Moth|Booster Energy\n|-activate|p2a: Iron Moth|ability: Quark Drive|[fromitem]\n|-start|p2a: Iron Moth|quarkdrivespe\n|move|p1a: PLAYBOY|Pyro Ball|p2a: Iron Moth\n|-resisted|p2a: Iron Moth\n|-damage|p2a: Iron Moth|43\/100\n|-damage|p1a: PLAYBOY|65\/100|[from] item: Life Orb\n|\n|-weather|none\n|upkeep\n|turn|13\n|\n|t:|1699728984\n|move|p1a: PLAYBOY|Sucker Punch|p2a: Iron Moth\n|-start|p1a: PLAYBOY|typechange|Dark|[from] ability: Libero\n|-damage|p2a: Iron Moth|0 fnt\n|faint|p2a: Iron Moth\n|-end|p2a: Iron Moth|Quark Drive|[silent]\n|-damage|p1a: PLAYBOY|55\/100|[from] item: Life Orb\n|\n|upkeep\n|\n|t:|1699728989\n|switch|p2a: Great Tusk|Great Tusk|100\/100\n|turn|14\n|\n|t:|1699729000\n|switch|p1a: SUBSCRIBE 2 AESON!|Torkoal, F|46\/100\n|-weather|SunnyDay|[from] ability: Drought|[of] p1a: SUBSCRIBE 2 AESON!\n|-activate|p2a: Great Tusk|ability: Protosynthesis\n|-start|p2a: Great Tusk|protosynthesisatk\n|move|p2a: Great Tusk|Rapid Spin|p1a: SUBSCRIBE 2 AESON!\n|-crit|p1a: SUBSCRIBE 2 AESON!\n|-damage|p1a: SUBSCRIBE 2 AESON!|23\/100\n|-boost|p2a: Great Tusk|spe|1\n|\n|-weather|SunnyDay|[upkeep]\n|upkeep\n|turn|15\n|\n|t:|1699729009\n|move|p2a: Great Tusk|Headlong Rush|p1a: SUBSCRIBE 2 AESON!\n|-supereffective|p1a: SUBSCRIBE 2 AESON!\n|-damage|p1a: SUBSCRIBE 2 AESON!|0 fnt\n|-unboost|p2a: Great Tusk|def|1\n|-unboost|p2a: Great Tusk|spd|1\n|faint|p1a: SUBSCRIBE 2 AESON!\n|\n|-weather|SunnyDay|[upkeep]\n|upkeep\n|\n|t:|1699729012\n|switch|p1a: ROAD 2 RESPECT!|Heatran, F|100\/100\n|-item|p1a: ROAD 2 RESPECT!|Air Balloon\n|turn|16\n|\n|t:|1699729021\n|-terastallize|p1a: ROAD 2 RESPECT!|Flying\n|move|p2a: Great Tusk|Close Combat|p1a: ROAD 2 RESPECT!\n|-resisted|p1a: ROAD 2 RESPECT!\n|-damage|p1a: ROAD 2 RESPECT!|66\/100\n|-unboost|p2a: Great Tusk|def|1\n|-unboost|p2a: Great Tusk|spd|1\n|-enditem|p1a: ROAD 2 RESPECT!|Air Balloon\n|move|p1a: ROAD 2 RESPECT!|Flash Cannon|p2a: Great Tusk\n|-damage|p2a: Great Tusk|0 fnt\n|faint|p2a: Great Tusk\n|-end|p2a: Great Tusk|Protosynthesis|[silent]\n|\n|-weather|SunnyDay|[upkeep]\n|upkeep\n|\n|t:|1699729034\n|switch|p2a: Magnezone|Magnezone|100\/100\n|turn|17\n|\n|t:|1699729041\n|-terastallize|p2a: Magnezone|Water\n|move|p1a: ROAD 2 RESPECT!|Earth Power|p2a: Magnezone\n|-damage|p2a: Magnezone|78\/100\n|move|p2a: Magnezone|Thunderbolt|p1a: ROAD 2 RESPECT!\n|-supereffective|p1a: ROAD 2 RESPECT!\n|-damage|p1a: ROAD 2 RESPECT!|0 fnt\n|faint|p1a: ROAD 2 RESPECT!\n|\n|-weather|SunnyDay|[upkeep]\n|upkeep\n|c|\u2606FIRE LORD AESON!|dam. great plays dude\n|\n|t:|1699729055\n|switch|p1a: PLAYBOY|Cinderace, M|55\/100\n|turn|18\n|c|\u2606andymaury|thx man, you are playing amazing that mono\n|\n|t:|1699729071\n|switch|p2a: Tyranitar|Tyranitar, M|23\/100\n|-weather|Sandstorm|[from] ability: Sand Stream|[of] p2a: Tyranitar\n|move|p1a: PLAYBOY|High Jump Kick|p2a: Tyranitar\n|-start|p1a: PLAYBOY|typechange|Fighting|[from] ability: Libero\n|-supereffective|p2a: Tyranitar\n|-damage|p2a: Tyranitar|0 fnt\n|faint|p2a: Tyranitar\n|-damage|p1a: PLAYBOY|45\/100|[from] item: Life Orb\n|\n|-weather|Sandstorm|[upkeep]\n|-damage|p1a: PLAYBOY|39\/100|[from] Sandstorm\n|upkeep\n|c|\u2606FIRE LORD AESON!|lol\n|\n|t:|1699729079\n|switch|p2a: Magnezone|Magnezone, tera:Water|78\/100\n|turn|19\n|c|\u2606FIRE LORD AESON!|not amazing enough it would seem....\n|\n|t:|1699729087\n|move|p1a: PLAYBOY|High Jump Kick|p2a: Magnezone\n|-damage|p2a: Magnezone|9\/100\n|-damage|p1a: PLAYBOY|29\/100|[from] item: Life Orb\n|move|p2a: Magnezone|Thunderbolt|p1a: PLAYBOY\n|-damage|p1a: PLAYBOY|0 fnt\n|faint|p1a: PLAYBOY\n|\n|win|andymaury\n|raw|FIRE LORD AESON!'s rating: 1596 &rarr; <strong>1570<\/strong><br \/>(-26 for losing)\n|raw|andymaury's rating: 1486 &rarr; <strong>1512<\/strong><br \/>(+26 for winning)\n|c|\u2606andymaury|crit\n|c|\u2606andymaury|and you won\n|c|\u2606andymaury|wp\n|l|\u2606andymaury\n|c|\u2606FIRE LORD AESON!|cant rely on luck out here....only skill\n","uploadtime":1699729097,"views":16,"p1id":"firelordaeson","p2id":"andymaury","formatid":"gen9ou","rating":1512,"private":0,"password":""}