{"id":"gen9ou-1993057632","p1":"Natdexubers44","p2":"fropop","format":"[Gen 9] OU","log":"|j|\u2606Natdexubers44\n|j|\u2606fropop\n|t:|1700260027\n|gametype|singles\n|player|p1|Natdexubers44|brock|1505\n|player|p2|fropop|n|1419\n|teamsize|p1|6\n|teamsize|p2|6\n|gen|9\n|tier|[Gen 9] OU\n|rated|\n|rule|Sleep Clause Mod: Limit one foe put to sleep\n|rule|Species Clause: Limit one of each Pok\u00e9mon\n|rule|OHKO Clause: OHKO moves are banned\n|rule|Evasion Items Clause: Evasion items are banned\n|rule|Evasion Moves Clause: Evasion moves are banned\n|rule|Endless Battle Clause: Forcing endless battles is banned\n|rule|HP Percentage Mod: HP is shown in percentages\n|clearpoke\n|poke|p1|Rillaboom, M|\n|poke|p1|Dragapult, M|\n|poke|p1|Milotic, M|\n|poke|p1|Mandibuzz, F|\n|poke|p1|Heatran, F|\n|poke|p1|Gholdengo|\n|poke|p2|Goodra-Hisui, F|\n|poke|p2|Alomomola, M|\n|poke|p2|Rillaboom, M|\n|poke|p2|Zapdos|\n|poke|p2|Cinderace, F|\n|poke|p2|Volcanion|\n|teampreview\n|inactive|Battle timer is ON: inactive players will automatically lose when time's up. (requested by Natdexubers44)\n|\n|t:|1700260047\n|start\n|switch|p1a: Dragapult|Dragapult, M|100\/100\n|switch|p2a: Goodra|Goodra-Hisui, F|100\/100\n|turn|1\n|\n|t:|1700260059\n|move|p1a: Dragapult|U-turn|p2a: Goodra\n|-resisted|p2a: Goodra\n|-crit|p2a: Goodra\n|-damage|p2a: Goodra|88\/100\n|\n|t:|1700260062\n|switch|p1a: Milotic|Milotic, M|100\/100|[from] U-turn\n|move|p2a: Goodra|Ice Beam|p1a: Milotic\n|-resisted|p1a: Milotic\n|-damage|p1a: Milotic|92\/100\n|\n|upkeep\n|turn|2\n|\n|t:|1700260081\n|switch|p2a: Rillaboom|Rillaboom, M|100\/100\n|-fieldstart|move: Grassy Terrain|[from] ability: Grassy Surge|[of] p2a: Rillaboom\n|move|p1a: Milotic|Scald|p2a: Rillaboom\n|-resisted|p2a: Rillaboom\n|-damage|p2a: Rillaboom|83\/100\n|\n|-heal|p2a: Rillaboom|90\/100|[from] Grassy Terrain\n|-heal|p1a: Milotic|98\/100|[from] Grassy Terrain\n|upkeep\n|turn|3\n|\n|t:|1700260095\n|switch|p1a: Mandibuzz|Mandibuzz, F|100\/100\n|move|p2a: Rillaboom|Knock Off|p1a: Mandibuzz\n|-resisted|p1a: Mandibuzz\n|-damage|p1a: Mandibuzz|86\/100\n|-enditem|p1a: Mandibuzz|Heavy-Duty Boots|[from] move: Knock Off|[of] p2a: Rillaboom\n|\n|-heal|p2a: Rillaboom|96\/100|[from] Grassy Terrain\n|upkeep\n|turn|4\n|\n|t:|1700260118\n|switch|p2a: Zapdos|Zapdos|100\/100\n|move|p1a: Mandibuzz|Foul Play|p2a: Zapdos\n|-damage|p2a: Zapdos|83\/100\n|\n|upkeep\n|turn|5\n|\n|t:|1700260126\n|switch|p1a: Gholdengo|Gholdengo|100\/100\n|move|p2a: Zapdos|Volt Switch|p1a: Gholdengo\n|-damage|p1a: Gholdengo|72\/100\n|\n|t:|1700260133\n|switch|p2a: Rillaboom|Rillaboom, M|96\/100|[from] Volt Switch\n|\n|-heal|p2a: Rillaboom|100\/100|[from] Grassy Terrain\n|-heal|p1a: Gholdengo|78\/100|[from] Grassy Terrain\n|upkeep\n|turn|6\n|\n|t:|1700260140\n|move|p2a: Rillaboom|Knock Off|p1a: Gholdengo\n|-supereffective|p1a: Gholdengo\n|-damage|p1a: Gholdengo|6\/100\n|-enditem|p1a: Gholdengo|Covert Cloak|[from] move: Knock Off|[of] p2a: Rillaboom\n|move|p1a: Gholdengo|Thunder Wave|p2a: Rillaboom|[miss]\n|-miss|p1a: Gholdengo|p2a: Rillaboom\n|\n|-heal|p1a: Gholdengo|12\/100|[from] Grassy Terrain\n|-fieldend|move: Grassy Terrain\n|upkeep\n|turn|7\n|\n|t:|1700260151\n|move|p2a: Rillaboom|Knock Off|p1a: Gholdengo\n|-supereffective|p1a: Gholdengo\n|-damage|p1a: Gholdengo|0 fnt\n|faint|p1a: Gholdengo\n|\n|upkeep\n|\n|t:|1700260155\n|switch|p1a: Dragapult|Dragapult, M|100\/100\n|turn|8\n|\n|t:|1700260164\n|switch|p2a: Goodra|Goodra-Hisui, F|88\/100\n|move|p1a: Dragapult|U-turn|p2a: Goodra\n|-resisted|p2a: Goodra\n|-damage|p2a: Goodra|80\/100\n|\n|t:|1700260167\n|switch|p1a: Rillaboom|Rillaboom, M|100\/100|[from] U-turn\n|-fieldstart|move: Grassy Terrain|[from] ability: Grassy Surge|[of] p1a: Rillaboom\n|\n|-heal|p2a: Goodra|86\/100|[from] Grassy Terrain\n|upkeep\n|turn|9\n|inactive|fropop has 120 seconds left.\n|\n|t:|1700260204\n|switch|p2a: Zapdos|Zapdos|83\/100\n|move|p1a: Rillaboom|Knock Off|p2a: Zapdos\n|-damage|p2a: Zapdos|42\/100\n|-status|p1a: Rillaboom|par|[from] ability: Static|[of] p2a: Zapdos\n|-enditem|p2a: Zapdos|Heavy-Duty Boots|[from] move: Knock Off|[of] p1a: Rillaboom\n|\n|upkeep\n|turn|10\n|inactive|fropop has 120 seconds left.\n|\n|t:|1700260214\n|switch|p1a: Dragapult|Dragapult, M|100\/100\n|move|p2a: Zapdos|Roost|p2a: Zapdos\n|-heal|p2a: Zapdos|92\/100\n|-singleturn|p2a: Zapdos|move: Roost\n|\n|-heal|p2a: Zapdos|98\/100|[from] Grassy Terrain\n|upkeep\n|turn|11\n|inactive|fropop has 120 seconds left.\n|\n|t:|1700260234\n|-terastallize|p1a: Dragapult|Dragon\n|move|p1a: Dragapult|Draco Meteor|p2a: Zapdos\n|-damage|p2a: Zapdos|0 fnt\n|-unboost|p1a: Dragapult|spa|2\n|faint|p2a: Zapdos\n|\n|upkeep\n|\n|t:|1700260255\n|switch|p2a: Rillaboom|Rillaboom, M|100\/100\n|turn|12\n|\n|t:|1700260264\n|switch|p1a: Mandibuzz|Mandibuzz, F|86\/100\n|move|p2a: Rillaboom|Knock Off|p1a: Mandibuzz\n|-resisted|p1a: Mandibuzz\n|-damage|p1a: Mandibuzz|76\/100\n|\n|-fieldend|move: Grassy Terrain\n|upkeep\n|turn|13\n|\n|t:|1700260279\n|switch|p2a: Volcanion|Volcanion|100\/100\n|move|p1a: Mandibuzz|Foul Play|p2a: Volcanion\n|-damage|p2a: Volcanion|78\/100\n|\n|upkeep\n|turn|14\n|\n|t:|1700260292\n|switch|p1a: Milotic|Milotic, M|98\/100\n|move|p2a: Volcanion|Steam Eruption|p1a: Milotic\n|-resisted|p1a: Milotic\n|-damage|p1a: Milotic|85\/100\n|\n|upkeep\n|turn|15\n|\n|t:|1700260302\n|switch|p2a: Rillaboom|Rillaboom, M|100\/100\n|-fieldstart|move: Grassy Terrain|[from] ability: Grassy Surge|[of] p2a: Rillaboom\n|move|p1a: Milotic|Recover|p1a: Milotic\n|-heal|p1a: Milotic|100\/100\n|\n|upkeep\n|turn|16\n|\n|t:|1700260312\n|switch|p1a: Heatran|Heatran, F|100\/100\n|move|p2a: Rillaboom|U-turn|p1a: Heatran\n|-resisted|p1a: Heatran\n|-damage|p1a: Heatran|93\/100\n|\n|t:|1700260321\n|switch|p2a: Volcanion|Volcanion|78\/100|[from] U-turn\n|\n|-heal|p1a: Heatran|99\/100|[from] Grassy Terrain\n|-heal|p1a: Heatran|100\/100|[from] item: Leftovers\n|-heal|p2a: Volcanion|84\/100|[from] Grassy Terrain\n|upkeep\n|turn|17\n|\n|t:|1700260332\n|move|p1a: Heatran|Earth Power|p2a: Volcanion\n|-supereffective|p2a: Volcanion\n|-damage|p2a: Volcanion|42\/100\n|-unboost|p2a: Volcanion|spd|1\n|move|p2a: Volcanion|Steam Eruption|p1a: Heatran\n|-supereffective|p1a: Heatran\n|-damage|p1a: Heatran|40\/100\n|\n|-heal|p1a: Heatran|46\/100|[from] Grassy Terrain\n|-heal|p1a: Heatran|52\/100|[from] item: Leftovers\n|-heal|p2a: Volcanion|48\/100|[from] Grassy Terrain\n|upkeep\n|turn|18\n|\n|t:|1700260347\n|switch|p2a: Goodra|Goodra-Hisui, F|86\/100\n|move|p1a: Heatran|Earth Power|p2a: Goodra\n|-supereffective|p2a: Goodra\n|-damage|p2a: Goodra|61\/100\n|\n|-heal|p1a: Heatran|59\/100|[from] Grassy Terrain\n|-heal|p1a: Heatran|65\/100|[from] item: Leftovers\n|-heal|p2a: Goodra|67\/100|[from] Grassy Terrain\n|upkeep\n|turn|19\n|\n|t:|1700260362\n|move|p1a: Heatran|Protect|p1a: Heatran\n|-singleturn|p1a: Heatran|Protect\n|move|p2a: Goodra|Earthquake|p1a: Heatran\n|-activate|p1a: Heatran|move: Protect\n|\n|-heal|p1a: Heatran|71\/100|[from] Grassy Terrain\n|-heal|p1a: Heatran|77\/100|[from] item: Leftovers\n|-heal|p2a: Goodra|73\/100|[from] Grassy Terrain\n|-fieldend|move: Grassy Terrain\n|upkeep\n|turn|20\n|\n|t:|1700260377\n|switch|p1a: Rillaboom|Rillaboom, M|100\/100 par\n|-fieldstart|move: Grassy Terrain|[from] ability: Grassy Surge|[of] p1a: Rillaboom\n|move|p2a: Goodra|Ice Beam|p1a: Rillaboom\n|-supereffective|p1a: Rillaboom\n|-damage|p1a: Rillaboom|14\/100 par\n|\n|-heal|p1a: Rillaboom|20\/100 par|[from] Grassy Terrain\n|-heal|p2a: Goodra|79\/100|[from] Grassy Terrain\n|upkeep\n|turn|21\n|\n|t:|1700260388\n|cant|p1a: Rillaboom|par\n|move|p2a: Goodra|Ice Beam|p1a: Rillaboom\n|-supereffective|p1a: Rillaboom\n|-damage|p1a: Rillaboom|0 fnt\n|faint|p1a: Rillaboom\n|\n|-heal|p2a: Goodra|85\/100|[from] Grassy Terrain\n|upkeep\n|\n|t:|1700260396\n|switch|p1a: Heatran|Heatran, F|77\/100\n|turn|22\n|\n|t:|1700260406\n|switch|p2a: Rillaboom|Rillaboom, M|100\/100\n|move|p1a: Heatran|Magma Storm|p2a: Rillaboom|[miss]\n|-miss|p1a: Heatran|p2a: Rillaboom\n|\n|-heal|p1a: Heatran|83\/100|[from] Grassy Terrain\n|-heal|p1a: Heatran|90\/100|[from] item: Leftovers\n|upkeep\n|turn|23\n|\n|t:|1700260417\n|switch|p2a: Alomomola|Alomomola, M|100\/100\n|move|p1a: Heatran|Protect||[still]\n|-fail|p1a: Heatran\n|\n|-heal|p1a: Heatran|96\/100|[from] Grassy Terrain\n|-heal|p1a: Heatran|100\/100|[from] item: Leftovers\n|upkeep\n|turn|24\n|\n|t:|1700260430\n|switch|p1a: Dragapult|Dragapult, M, tera:Dragon|100\/100\n|move|p2a: Alomomola|Wish|p2a: Alomomola\n|\n|-fieldend|move: Grassy Terrain\n|upkeep\n|turn|25\n|\n|t:|1700260439\n|-terastallize|p2a: Alomomola|Steel\n|move|p1a: Dragapult|U-turn|p2a: Alomomola\n|-resisted|p2a: Alomomola\n|-damage|p2a: Alomomola|96\/100\n|\n|t:|1700260445\n|switch|p1a: Heatran|Heatran, F|100\/100|[from] U-turn\n|move|p2a: Alomomola|Mirror Coat||[still]\n|-fail|p2a: Alomomola\n|\n|-heal|p2a: Alomomola|100\/100|[from] move: Wish|[wisher] Alomomola\n|upkeep\n|turn|26\n|inactive|fropop has 120 seconds left.\n|\n|t:|1700260455\n|move|p1a: Heatran|Taunt|p2a: Alomomola\n|-start|p2a: Alomomola|move: Taunt\n|move|p2a: Alomomola|Mirror Coat||[still]\n|-fail|p2a: Alomomola\n|\n|upkeep\n|turn|27\n|inactive|fropop has 120 seconds left.\n|\n|t:|1700260468\n|switch|p2a: Goodra|Goodra-Hisui, F|85\/100\n|move|p1a: Heatran|Magma Storm|p2a: Goodra|[miss]\n|-miss|p1a: Heatran|p2a: Goodra\n|\n|upkeep\n|turn|28\n|c|\u2606Natdexubers44|Bro\n|inactive|fropop has 120 seconds left.\n|\n|t:|1700260484\n|switch|p1a: Milotic|Milotic, M|100\/100\n|move|p2a: Goodra|Ice Beam|p1a: Milotic\n|-resisted|p1a: Milotic\n|-damage|p1a: Milotic|93\/100\n|\n|upkeep\n|turn|29\n|inactive|fropop has 120 seconds left.\n|\n|t:|1700260495\n|switch|p1a: Dragapult|Dragapult, M, tera:Dragon|100\/100\n|move|p2a: Goodra|Earthquake|p1a: Dragapult\n|-damage|p1a: Dragapult|67\/100\n|\n|upkeep\n|turn|30\n|\n|t:|1700260504\n|move|p1a: Dragapult|U-turn|p2a: Goodra\n|-resisted|p2a: Goodra\n|-damage|p2a: Goodra|77\/100\n|\n|t:|1700260508\n|switch|p1a: Heatran|Heatran, F|100\/100|[from] U-turn\n|move|p2a: Goodra|Draco Meteor|p1a: Heatran\n|-resisted|p1a: Heatran\n|-damage|p1a: Heatran|80\/100\n|-unboost|p2a: Goodra|spa|2\n|\n|-heal|p1a: Heatran|87\/100|[from] item: Leftovers\n|upkeep\n|turn|31\n|inactive|fropop has 120 seconds left.\n|\n|t:|1700260530\n|switch|p1a: Mandibuzz|Mandibuzz, F|76\/100\n|switch|p2a: Cinderace|Cinderace, F|100\/100\n|\n|upkeep\n|turn|32\n|inactive|fropop has 120 seconds left.\n|\n|t:|1700260546\n|move|p2a: Cinderace|Will-O-Wisp|p1a: Mandibuzz|[miss]\n|-miss|p2a: Cinderace|p1a: Mandibuzz\n|move|p1a: Mandibuzz|Roost|p1a: Mandibuzz\n|-heal|p1a: Mandibuzz|100\/100\n|-singleturn|p1a: Mandibuzz|move: Roost\n|\n|upkeep\n|turn|33\n|inactive|fropop has 120 seconds left.\n|\n|t:|1700260554\n|switch|p1a: Heatran|Heatran, F|87\/100\n|move|p2a: Cinderace|U-turn|p1a: Heatran\n|-start|p2a: Cinderace|typechange|Bug|[from] ability: Libero\n|-resisted|p1a: Heatran\n|-damage|p1a: Heatran|81\/100\n|inactive|fropop has 120 seconds left.\n|\n|t:|1700260562\n|switch|p2a: Goodra|Goodra-Hisui, F|77\/100|[from] U-turn\n|\n|-heal|p1a: Heatran|87\/100|[from] item: Leftovers\n|upkeep\n|turn|34\n|\n|t:|1700260569\n|move|p1a: Heatran|Protect|p1a: Heatran\n|-singleturn|p1a: Heatran|Protect\n|move|p2a: Goodra|Earthquake|p1a: Heatran\n|-activate|p1a: Heatran|move: Protect\n|\n|-heal|p1a: Heatran|93\/100|[from] item: Leftovers\n|upkeep\n|turn|35\n|\n|t:|1700260579\n|move|p1a: Heatran|Magma Storm|p2a: Goodra\n|-damage|p2a: Goodra|58\/100\n|-activate|p2a: Goodra|move: Magma Storm|[of] p1a: Heatran\n|move|p2a: Goodra|Ice Beam|p1a: Heatran\n|-resisted|p1a: Heatran\n|-damage|p1a: Heatran|89\/100\n|\n|-heal|p1a: Heatran|95\/100|[from] item: Leftovers\n|-damage|p2a: Goodra|46\/100|[from] move: Magma Storm|[partiallytrapped]\n|upkeep\n|turn|36\n|\n|t:|1700260594\n|move|p1a: Heatran|Protect|p1a: Heatran\n|-singleturn|p1a: Heatran|Protect\n|move|p2a: Goodra|Earthquake|p1a: Heatran\n|-activate|p1a: Heatran|move: Protect\n|\n|-heal|p1a: Heatran|100\/100|[from] item: Leftovers\n|-damage|p2a: Goodra|33\/100|[from] move: Magma Storm|[partiallytrapped]\n|upkeep\n|turn|37\n|\n|t:|1700260607\n|move|p1a: Heatran|Earth Power|p2a: Goodra\n|-supereffective|p2a: Goodra\n|-damage|p2a: Goodra|12\/100\n|move|p2a: Goodra|Earthquake|p1a: Heatran\n|-supereffective|p1a: Heatran\n|-damage|p1a: Heatran|19\/100\n|\n|-heal|p1a: Heatran|25\/100|[from] item: Leftovers\n|-damage|p2a: Goodra|0 fnt|[from] move: Magma Storm|[partiallytrapped]\n|faint|p2a: Goodra\n|upkeep\n|inactive|fropop has 120 seconds left.\n|\n|t:|1700260634\n|switch|p2a: Volcanion|Volcanion|48\/100\n|turn|38\n|\n|t:|1700260649\n|move|p1a: Heatran|Protect|p1a: Heatran\n|-singleturn|p1a: Heatran|Protect\n|move|p2a: Volcanion|Earth Power|p1a: Heatran\n|-activate|p1a: Heatran|move: Protect\n|\n|-heal|p1a: Heatran|31\/100|[from] item: Leftovers\n|upkeep\n|turn|39\n|\n|t:|1700260657\n|switch|p1a: Mandibuzz|Mandibuzz, F|100\/100\n|move|p2a: Volcanion|Steam Eruption|p1a: Mandibuzz\n|-damage|p1a: Mandibuzz|54\/100\n|-status|p1a: Mandibuzz|brn\n|\n|-damage|p1a: Mandibuzz|47\/100 brn|[from] brn\n|upkeep\n|turn|40\n|\n|t:|1700260671\n|move|p1a: Mandibuzz|Roost|p1a: Mandibuzz\n|-heal|p1a: Mandibuzz|97\/100 brn\n|-singleturn|p1a: Mandibuzz|move: Roost\n|move|p2a: Volcanion|Steam Eruption|p1a: Mandibuzz\n|-damage|p1a: Mandibuzz|50\/100 brn\n|\n|-damage|p1a: Mandibuzz|44\/100 brn|[from] brn\n|upkeep\n|turn|41\n|\n|t:|1700260685\n|switch|p1a: Milotic|Milotic, M|93\/100\n|switch|p2a: Alomomola|Alomomola, M, tera:Steel|100\/100\n|\n|upkeep\n|turn|42\n|\n|t:|1700260696\n|switch|p1a: Heatran|Heatran, F|31\/100\n|move|p2a: Alomomola|Wish|p2a: Alomomola\n|\n|-heal|p1a: Heatran|37\/100|[from] item: Leftovers\n|upkeep\n|turn|43\n|\n|t:|1700260704\n|move|p1a: Heatran|Magma Storm|p2a: Alomomola|[miss]\n|-miss|p1a: Heatran|p2a: Alomomola\n|move|p2a: Alomomola|Mirror Coat||[still]\n|-fail|p2a: Alomomola\n|\n|-heal|p1a: Heatran|44\/100|[from] item: Leftovers\n|upkeep\n|turn|44\n|inactive|fropop has 120 seconds left.\n|\n|t:|1700260712\n|move|p1a: Heatran|Taunt|p2a: Alomomola\n|-start|p2a: Alomomola|move: Taunt\n|cant|p2a: Alomomola|move: Taunt|Wish\n|\n|-heal|p1a: Heatran|50\/100|[from] item: Leftovers\n|upkeep\n|turn|45\n|\n|t:|1700260721\n|move|p1a: Heatran|Magma Storm|p2a: Alomomola|[miss]\n|-miss|p1a: Heatran|p2a: Alomomola\n|move|p2a: Alomomola|Flip Turn|p1a: Heatran\n|-supereffective|p1a: Heatran\n|-damage|p1a: Heatran|23\/100\n|c|\u2606Natdexubers44|Broooo\n|inactive|fropop has 120 seconds left.\n|\n|t:|1700260734\n|switch|p2a: Volcanion|Volcanion|48\/100|[from] Flip Turn\n|\n|-heal|p1a: Heatran|29\/100|[from] item: Leftovers\n|upkeep\n|turn|46\n|inactive|fropop has 120 seconds left.\n|\n|t:|1700260747\n|move|p1a: Heatran|Protect|p1a: Heatran\n|-singleturn|p1a: Heatran|Protect\n|move|p2a: Volcanion|Steam Eruption|p1a: Heatran\n|-activate|p1a: Heatran|move: Protect\n|\n|-heal|p1a: Heatran|35\/100|[from] item: Leftovers\n|upkeep\n|turn|47\n|\n|t:|1700260756\n|switch|p1a: Milotic|Milotic, M|93\/100\n|move|p2a: Volcanion|Steam Eruption|p1a: Milotic\n|-resisted|p1a: Milotic\n|-damage|p1a: Milotic|79\/100\n|-status|p1a: Milotic|brn\n|\n|-damage|p1a: Milotic|73\/100 brn|[from] brn\n|upkeep\n|turn|48\n|\n|t:|1700260769\n|move|p1a: Milotic|Recover|p1a: Milotic\n|-heal|p1a: Milotic|100\/100 brn\n|move|p2a: Volcanion|Earth Power|p1a: Milotic\n|-damage|p1a: Milotic|85\/100 brn\n|\n|-damage|p1a: Milotic|79\/100 brn|[from] brn\n|upkeep\n|turn|49\n|\n|t:|1700260779\n|switch|p2a: Alomomola|Alomomola, M, tera:Steel|100\/100\n|move|p1a: Milotic|Flip Turn|p2a: Alomomola\n|-damage|p2a: Alomomola|97\/100\n|\n|t:|1700260781\n|switch|p1a: Heatran|Heatran, F|35\/100|[from] Flip Turn\n|\n|-heal|p1a: Heatran|41\/100|[from] item: Leftovers\n|upkeep\n|turn|50\n|\n|t:|1700260794\n|move|p1a: Heatran|Magma Storm|p2a: Alomomola\n|-supereffective|p2a: Alomomola\n|-damage|p2a: Alomomola|0 fnt\n|faint|p2a: Alomomola\n|\n|-heal|p1a: Heatran|48\/100|[from] item: Leftovers\n|upkeep\n|-message|fropop forfeited.\n|\n|win|Natdexubers44\n|raw|Natdexubers44's rating: 1505 &rarr; <strong>1520<\/strong><br \/>(+15 for winning)\n|raw|fropop's rating: 1419 &rarr; <strong>1404<\/strong><br \/>(-15 for losing)\n|l|\u2606fropop\n","uploadtime":1700260833,"views":15,"p1id":"natdexubers44","p2id":"fropop","formatid":"gen9ou","rating":1404,"private":0,"password":""}