{"id":"gen9ou-1999386038","p1":"SirSpanklez","p2":"PottieMSD","format":"[Gen 9] OU","log":"|j|\u2606SirSpanklez\n|j|\u2606PottieMSD\n|t:|1701071505\n|gametype|singles\n|player|p1|SirSpanklez|pokemonrangerf|1502\n|player|p2|PottieMSD|beauty-gen5bw2|1432\n|teamsize|p1|6\n|teamsize|p2|6\n|gen|9\n|tier|[Gen 9] OU\n|rated|\n|rule|Sleep Clause Mod: Limit one foe put to sleep\n|rule|Species Clause: Limit one of each Pok\u00e9mon\n|rule|OHKO Clause: OHKO moves are banned\n|rule|Evasion Items Clause: Evasion items are banned\n|rule|Evasion Moves Clause: Evasion moves are banned\n|rule|Endless Battle Clause: Forcing endless battles is banned\n|rule|HP Percentage Mod: HP is shown in percentages\n|clearpoke\n|poke|p1|Garganacl, M|\n|poke|p1|Zapdos|\n|poke|p1|Ogerpon-Cornerstone, F|\n|poke|p1|Tyranitar, F|\n|poke|p1|Talonflame, F|\n|poke|p1|Sandy Shocks|\n|poke|p2|Ceruledge, M|\n|poke|p2|Great Tusk|\n|poke|p2|Ninetales-Alola, F|\n|poke|p2|Slowking-Galar, F|\n|poke|p2|Meowscarada, F|\n|poke|p2|Thundurus-Therian, M|\n|teampreview\n|\n|t:|1701071535\n|start\n|switch|p1a: Talonflame|Talonflame, F, shiny|100\/100\n|switch|p2a: Thundurus|Thundurus-Therian, M|100\/100\n|turn|1\n|\n|t:|1701071541\n|switch|p1a: Big Guy|Tyranitar, F, shiny|100\/100\n|-weather|Sandstorm|[from] ability: Sand Stream|[of] p1a: Big Guy\n|move|p2a: Thundurus|Volt Switch|p1a: Big Guy\n|-damage|p1a: Big Guy|63\/100\n|\n|t:|1701071548\n|switch|p2a: Great Tusk|Great Tusk|100\/100|[from] Volt Switch\n|\n|-weather|Sandstorm|[upkeep]\n|-heal|p1a: Big Guy|69\/100|[from] item: Leftovers\n|upkeep\n|turn|2\n|\n|t:|1701071553\n|switch|p1a: Mr. Miss|Zapdos, shiny|100\/100\n|move|p2a: Great Tusk|Stealth Rock|p1a: Mr. Miss\n|-sidestart|p1: SirSpanklez|move: Stealth Rock\n|\n|-weather|Sandstorm|[upkeep]\n|-damage|p1a: Mr. Miss|94\/100|[from] Sandstorm\n|-heal|p1a: Mr. Miss|100\/100|[from] item: Leftovers\n|upkeep\n|turn|3\n|\n|t:|1701071559\n|-end|p2a: Great Tusk|Protosynthesis|[silent]\n|switch|p2a: Thundurus|Thundurus-Therian, M|100\/100\n|move|p1a: Mr. Miss|Hurricane|p2a: Thundurus\n|-resisted|p2a: Thundurus\n|-damage|p2a: Thundurus|55\/100\n|\n|-weather|Sandstorm|[upkeep]\n|-damage|p2a: Thundurus|49\/100|[from] Sandstorm\n|-damage|p1a: Mr. Miss|94\/100|[from] Sandstorm\n|-heal|p1a: Mr. Miss|100\/100|[from] item: Leftovers\n|upkeep\n|turn|4\n|\n|t:|1701071569\n|switch|p2a: Ninetales|Ninetales-Alola, F|100\/100\n|-weather|Snow|[from] ability: Snow Warning|[of] p2a: Ninetales\n|move|p1a: Mr. Miss|Hurricane|p2a: Ninetales|[miss]\n|-miss|p1a: Mr. Miss|p2a: Ninetales\n|\n|-weather|Snow|[upkeep]\n|upkeep\n|turn|5\n|\n|t:|1701071572\n|switch|p1a: Big Guy|Tyranitar, F, shiny|69\/100\n|-damage|p1a: Big Guy|56\/100|[from] Stealth Rock\n|-weather|Sandstorm|[from] ability: Sand Stream|[of] p1a: Big Guy\n|move|p2a: Ninetales|Aurora Veil||[still]\n|-fail|p2a: Ninetales\n|\n|-weather|Sandstorm|[upkeep]\n|-damage|p2a: Ninetales|94\/100|[from] Sandstorm\n|-heal|p1a: Big Guy|63\/100|[from] item: Leftovers\n|upkeep\n|turn|6\n|\n|t:|1701071576\n|move|p2a: Ninetales|Moonblast|p1a: Big Guy\n|-supereffective|p1a: Big Guy\n|-damage|p1a: Big Guy|34\/100\n|move|p1a: Big Guy|Thunder Wave|p2a: Ninetales\n|-status|p2a: Ninetales|par\n|\n|-weather|Sandstorm|[upkeep]\n|-damage|p2a: Ninetales|88\/100 par|[from] Sandstorm\n|-heal|p1a: Big Guy|40\/100|[from] item: Leftovers\n|upkeep\n|turn|7\n|\n|t:|1701071580\n|move|p2a: Ninetales|Encore|p1a: Big Guy\n|-start|p1a: Big Guy|Encore\n|move|p1a: Big Guy|Thunder Wave|p2a: Ninetales\n|-fail|p2a: Ninetales|par\n|\n|-weather|Sandstorm|[upkeep]\n|-damage|p2a: Ninetales|82\/100 par|[from] Sandstorm\n|-heal|p1a: Big Guy|46\/100|[from] item: Leftovers\n|upkeep\n|turn|8\n|\n|t:|1701071585\n|switch|p2a: Great Tusk|Great Tusk|100\/100\n|switch|p1a: The Holy Monument|Garganacl, M, shiny|100\/100\n|-damage|p1a: The Holy Monument|88\/100|[from] Stealth Rock\n|\n|-weather|Sandstorm|[upkeep]\n|-heal|p1a: The Holy Monument|94\/100|[from] item: Leftovers\n|upkeep\n|turn|9\n|\n|t:|1701071588\n|switch|p1a: Mr. Miss|Zapdos, shiny|100\/100\n|-damage|p1a: Mr. Miss|75\/100|[from] Stealth Rock\n|move|p2a: Great Tusk|Headlong Rush|p1a: Mr. Miss\n|-immune|p1a: Mr. Miss\n|\n|-weather|none\n|-heal|p1a: Mr. Miss|82\/100|[from] item: Leftovers\n|upkeep\n|turn|10\n|\n|t:|1701071590\n|move|p2a: Great Tusk|Ice Spinner|p1a: Mr. Miss\n|-supereffective|p1a: Mr. Miss\n|-damage|p1a: Mr. Miss|20\/100\n|move|p1a: Mr. Miss|Hurricane|p2a: Great Tusk\n|-supereffective|p2a: Great Tusk\n|-damage|p2a: Great Tusk|0 fnt\n|faint|p2a: Great Tusk\n|-end|p2a: Great Tusk|Protosynthesis|[silent]\n|\n|-heal|p1a: Mr. Miss|26\/100|[from] item: Leftovers\n|upkeep\n|\n|t:|1701071602\n|switch|p2a: Ninetales|Ninetales-Alola, F|82\/100 par\n|-weather|Snow|[from] ability: Snow Warning|[of] p2a: Ninetales\n|turn|11\n|\n|t:|1701071607\n|switch|p1a: Big Guy|Tyranitar, F, shiny|46\/100\n|-damage|p1a: Big Guy|34\/100|[from] Stealth Rock\n|-weather|Sandstorm|[from] ability: Sand Stream|[of] p1a: Big Guy\n|switch|p2a: Thundurus|Thundurus-Therian, M|49\/100\n|\n|-weather|Sandstorm|[upkeep]\n|-damage|p2a: Thundurus|43\/100|[from] Sandstorm\n|-heal|p1a: Big Guy|40\/100|[from] item: Leftovers\n|upkeep\n|turn|12\n|\n|t:|1701071620\n|move|p2a: Thundurus|Volt Switch|p1a: Big Guy\n|-damage|p1a: Big Guy|4\/100\n|\n|t:|1701071622\n|switch|p2a: Ninetales|Ninetales-Alola, F|82\/100 par|[from] Volt Switch\n|-weather|Snow|[from] ability: Snow Warning|[of] p2a: Ninetales\n|move|p1a: Big Guy|Knock Off|p2a: Ninetales\n|-resisted|p2a: Ninetales\n|-damage|p2a: Ninetales|58\/100 par\n|-enditem|p2a: Ninetales|Light Clay|[from] move: Knock Off|[of] p1a: Big Guy\n|\n|-weather|Snow|[upkeep]\n|-heal|p1a: Big Guy|11\/100|[from] item: Leftovers\n|upkeep\n|turn|13\n|\n|t:|1701071633\n|move|p2a: Ninetales|Aurora Veil|p2a: Ninetales\n|-sidestart|p2: PottieMSD|move: Aurora Veil\n|move|p1a: Big Guy|Stealth Rock|p2a: Ninetales\n|-sidestart|p2: PottieMSD|move: Stealth Rock\n|\n|-weather|Snow|[upkeep]\n|-heal|p1a: Big Guy|17\/100|[from] item: Leftovers\n|upkeep\n|turn|14\n|\n|t:|1701071636\n|move|p2a: Ninetales|Moonblast|p1a: Big Guy\n|-supereffective|p1a: Big Guy\n|-damage|p1a: Big Guy|0 fnt\n|faint|p1a: Big Guy\n|\n|-weather|Snow|[upkeep]\n|upkeep\n|\n|t:|1701071643\n|switch|p1a: The Holy Monument|Garganacl, M, shiny|94\/100\n|-damage|p1a: The Holy Monument|82\/100|[from] Stealth Rock\n|turn|15\n|j| TorterraMain\n|\n|t:|1701071657\n|move|p2a: Ninetales|Moonblast|p1a: The Holy Monument\n|-damage|p1a: The Holy Monument|64\/100\n|-unboost|p1a: The Holy Monument|spa|1\n|move|p1a: The Holy Monument|Salt Cure|p2a: Ninetales\n|-supereffective|p2a: Ninetales\n|-damage|p2a: Ninetales|46\/100 par\n|-start|p2a: Ninetales|Salt Cure\n|\n|-weather|Snow|[upkeep]\n|-heal|p1a: The Holy Monument|70\/100|[from] item: Leftovers\n|-damage|p2a: Ninetales|34\/100 par|[from] Salt Cure\n|upkeep\n|turn|16\n|\n|t:|1701071682\n|move|p2a: Ninetales|Moonblast|p1a: The Holy Monument\n|-damage|p1a: The Holy Monument|51\/100\n|move|p1a: The Holy Monument|Salt Cure|p2a: Ninetales\n|-supereffective|p2a: Ninetales\n|-damage|p2a: Ninetales|22\/100 par\n|\n|-weather|none\n|-heal|p1a: The Holy Monument|57\/100|[from] item: Leftovers\n|-damage|p2a: Ninetales|10\/100 par|[from] Salt Cure\n|upkeep\n|turn|17\n|\n|t:|1701071687\n|move|p2a: Ninetales|Moonblast|p1a: The Holy Monument\n|-damage|p1a: The Holy Monument|38\/100\n|move|p1a: The Holy Monument|Recover|p1a: The Holy Monument\n|-heal|p1a: The Holy Monument|88\/100\n|\n|-heal|p1a: The Holy Monument|95\/100|[from] item: Leftovers\n|-damage|p2a: Ninetales|0 fnt|[from] Salt Cure\n|faint|p2a: Ninetales\n|-sideend|p2: PottieMSD|move: Aurora Veil\n|upkeep\n|\n|t:|1701071699\n|switch|p2a: Slowking|Slowking-Galar, F|100\/100\n|-damage|p2a: Slowking|88\/100|[from] Stealth Rock\n|turn|18\n|\n|t:|1701071702\n|move|p1a: The Holy Monument|Iron Defense|p1a: The Holy Monument\n|-boost|p1a: The Holy Monument|def|2\n|move|p2a: Slowking|Future Sight|p1a: The Holy Monument\n|-start|p2a: Slowking|move: Future Sight\n|\n|-heal|p1a: The Holy Monument|100\/100|[from] item: Leftovers\n|upkeep\n|turn|19\n|\n|t:|1701071707\n|move|p1a: The Holy Monument|Iron Defense|p1a: The Holy Monument\n|-boost|p1a: The Holy Monument|def|2\n|move|p2a: Slowking|Sludge Bomb|p1a: The Holy Monument\n|-resisted|p1a: The Holy Monument\n|-damage|p1a: The Holy Monument|89\/100\n|\n|-heal|p1a: The Holy Monument|95\/100|[from] item: Leftovers\n|upkeep\n|turn|20\n|\n|t:|1701071710\n|move|p1a: The Holy Monument|Salt Cure|p2a: Slowking\n|-damage|p2a: Slowking|73\/100\n|-start|p2a: Slowking|Salt Cure\n|move|p2a: Slowking|Chilly Reception|p2a: Slowking\n|-weather|Snow\n|\n|t:|1701071717\n|switch|p2a: Meowscarada|Meowscarada, F, shiny|100\/100|[from] Chilly Reception\n|-damage|p2a: Meowscarada|88\/100|[from] Stealth Rock\n|\n|-weather|Snow|[upkeep]\n|-end|p1a: The Holy Monument|move: Future Sight\n|-damage|p1a: The Holy Monument|64\/100\n|-heal|p1a: The Holy Monument|70\/100|[from] item: Leftovers\n|upkeep\n|turn|21\n|\n|t:|1701071727\n|-terastallize|p2a: Meowscarada|Grass\n|move|p2a: Meowscarada|Flower Trick|p1a: The Holy Monument\n|-supereffective|p1a: The Holy Monument\n|-crit|p1a: The Holy Monument\n|-damage|p1a: The Holy Monument|0 fnt\n|faint|p1a: The Holy Monument\n|\n|-weather|Snow|[upkeep]\n|upkeep\n|\n|t:|1701071739\n|switch|p1a: Talonflame|Talonflame, F, shiny|100\/100\n|turn|22\n|\n|t:|1701071747\n|switch|p2a: Ceruledge|Ceruledge, M|100\/100\n|move|p1a: Talonflame|Air Slash|p2a: Ceruledge\n|-damage|p2a: Ceruledge|68\/100\n|\n|-weather|Snow|[upkeep]\n|upkeep\n|turn|23\n|\n|t:|1701071761\n|switch|p2a: Slowking|Slowking-Galar, F|100\/100\n|-damage|p2a: Slowking|88\/100|[from] Stealth Rock\n|move|p1a: Talonflame|Defog|p2a: Slowking\n|-unboost|p2a: Slowking|evasion|1\n|-sideend|p2: PottieMSD|Stealth Rock|[from] move: Defog|[of] p1a: Talonflame\n|-sideend|p1: SirSpanklez|Stealth Rock|[from] move: Defog|[of] p1a: Talonflame\n|\n|-weather|Snow|[upkeep]\n|upkeep\n|turn|24\n|\n|t:|1701071767\n|move|p1a: Talonflame|Air Slash|p2a: Slowking\n|-damage|p2a: Slowking|72\/100\n|move|p2a: Slowking|Future Sight|p1a: Talonflame\n|-start|p2a: Slowking|move: Future Sight\n|\n|-weather|none\n|upkeep\n|turn|25\n|\n|t:|1701071772\n|move|p1a: Talonflame|Air Slash|p2a: Slowking\n|-damage|p2a: Slowking|56\/100\n|move|p2a: Slowking|Sludge Bomb|p1a: Talonflame\n|-damage|p1a: Talonflame|63\/100\n|\n|upkeep\n|turn|26\n|\n|t:|1701071780\n|move|p1a: Talonflame|Roost|p1a: Talonflame\n|-heal|p1a: Talonflame|100\/100\n|-singleturn|p1a: Talonflame|move: Roost\n|move|p2a: Slowking|Sludge Bomb|p1a: Talonflame\n|-damage|p1a: Talonflame|64\/100\n|\n|-end|p1a: Talonflame|move: Future Sight\n|-damage|p1a: Talonflame|16\/100\n|upkeep\n|turn|27\n|\n|t:|1701071782\n|move|p1a: Talonflame|Roost|p1a: Talonflame\n|-heal|p1a: Talonflame|66\/100\n|-singleturn|p1a: Talonflame|move: Roost\n|move|p2a: Slowking|Sludge Bomb|p1a: Talonflame\n|-damage|p1a: Talonflame|26\/100\n|\n|upkeep\n|turn|28\n|\n|t:|1701071786\n|move|p1a: Talonflame|Air Slash|p2a: Slowking\n|-damage|p2a: Slowking|42\/100\n|cant|p2a: Slowking|flinch\n|\n|upkeep\n|turn|29\n|\n|t:|1701071789\n|move|p1a: Talonflame|Roost|p1a: Talonflame\n|-heal|p1a: Talonflame|76\/100\n|-singleturn|p1a: Talonflame|move: Roost\n|move|p2a: Slowking|Sludge Bomb|p1a: Talonflame\n|-damage|p1a: Talonflame|38\/100\n|\n|upkeep\n|turn|30\n|\n|t:|1701071791\n|move|p1a: Talonflame|Air Slash|p2a: Slowking\n|-damage|p2a: Slowking|26\/100\n|move|p2a: Slowking|Sludge Bomb|p1a: Talonflame\n|-damage|p1a: Talonflame|0 fnt\n|faint|p1a: Talonflame\n|\n|upkeep\n|\n|t:|1701071796\n|switch|p1a: OogaBooga|Ogerpon-Cornerstone, F|100\/100\n|turn|31\n|\n|t:|1701071803\n|move|p1a: OogaBooga|Swords Dance|p1a: OogaBooga\n|-boost|p1a: OogaBooga|atk|2\n|move|p2a: Slowking|Thunder Wave|p1a: OogaBooga\n|-status|p1a: OogaBooga|par\n|\n|upkeep\n|turn|32\n|\n|t:|1701071815\n|switch|p2a: Ceruledge|Ceruledge, M|68\/100\n|move|p1a: OogaBooga|Trailblaze|p2a: Ceruledge\n|-resisted|p2a: Ceruledge\n|-crit|p2a: Ceruledge\n|-damage|p2a: Ceruledge|2\/100\n|-boost|p1a: OogaBooga|spe|1\n|\n|upkeep\n|turn|33\n|\n|t:|1701071822\n|move|p2a: Ceruledge|Poltergeist|p1a: OogaBooga\n|-activate|p1a: OogaBooga|move: Poltergeist|Cornerstone Mask\n|-crit|p1a: OogaBooga\n|-ability|p1a: OogaBooga|Sturdy\n|-damage|p1a: OogaBooga|1\/100 par\n|cant|p1a: OogaBooga|par\n|\n|upkeep\n|turn|34\n|\n|t:|1701071827\n|move|p2a: Ceruledge|Flame Charge|p1a: OogaBooga\n|-damage|p1a: OogaBooga|0 fnt\n|-boost|p2a: Ceruledge|spe|1\n|faint|p1a: OogaBooga\n|\n|upkeep\n|\n|t:|1701071831\n|switch|p1a: Erm|Sandy Shocks|100\/100\n|-enditem|p1a: Erm|Booster Energy\n|-activate|p1a: Erm|ability: Protosynthesis|[fromitem]\n|-start|p1a: Erm|protosynthesisspe\n|turn|35\n|\n|t:|1701071842\n|switch|p2a: Thundurus|Thundurus-Therian, M|43\/100\n|move|p1a: Erm|Earth Power|p2a: Thundurus\n|-immune|p2a: Thundurus\n|\n|upkeep\n|turn|36\n|\n|t:|1701071848\n|-terastallize|p1a: Erm|Ice\n|move|p1a: Erm|Tera Blast|p2a: Thundurus|[anim] Tera Blast Ice\n|-supereffective|p2a: Thundurus\n|-damage|p2a: Thundurus|0 fnt\n|faint|p2a: Thundurus\n|\n|upkeep\n|\n|t:|1701071871\n|switch|p2a: Slowking|Slowking-Galar, F|60\/100\n|turn|37\n|\n|t:|1701071881\n|move|p1a: Erm|Earth Power|p2a: Slowking\n|-supereffective|p2a: Slowking\n|-damage|p2a: Slowking|8\/100\n|move|p2a: Slowking|Thunder Wave|p1a: Erm\n|-status|p1a: Erm|par\n|\n|upkeep\n|turn|38\n|\n|t:|1701071886\n|cant|p1a: Erm|par\n|move|p2a: Slowking|Future Sight|p1a: Erm\n|-start|p2a: Slowking|move: Future Sight\n|\n|upkeep\n|turn|39\n|\n|t:|1701071891\n|move|p1a: Erm|Thunderbolt|p2a: Slowking\n|-damage|p2a: Slowking|0 fnt\n|faint|p2a: Slowking\n|\n|upkeep\n|\n|t:|1701071893\n|switch|p2a: Ceruledge|Ceruledge, M|2\/100\n|turn|40\n|\n|t:|1701071910\n|move|p2a: Ceruledge|Bitter Blade|p1a: Erm\n|-supereffective|p1a: Erm\n|-damage|p1a: Erm|5\/100 par\n|-heal|p2a: Ceruledge|52\/100|[from] drain|[of] p1a: Erm\n|cant|p1a: Erm|par\n|\n|-end|p1a: Erm|move: Future Sight\n|-damage|p1a: Erm|0 fnt\n|faint|p1a: Erm\n|-end|p1a: Erm|Protosynthesis|[silent]\n|upkeep\n|\n|t:|1701071916\n|switch|p1a: Mr. Miss|Zapdos, shiny|26\/100\n|turn|41\n|\n|t:|1701071935\n|move|p2a: Ceruledge|Bitter Blade|p1a: Mr. Miss\n|-damage|p1a: Mr. Miss|0 fnt\n|-heal|p2a: Ceruledge|69\/100|[from] drain|[of] p1a: Mr. Miss\n|-status|p2a: Ceruledge|par|[from] ability: Static|[of] p1a: Mr. Miss\n|faint|p1a: Mr. Miss\n|\n|win|PottieMSD\n|raw|SirSpanklez's rating: 1502 &rarr; <strong>1478<\/strong><br \/>(-24 for losing)\n|raw|PottieMSD's rating: 1432 &rarr; <strong>1456<\/strong><br \/>(+24 for winning)\n|c|\u2606PottieMSD|gg\n|c|\u2606SirSpanklez|gg\n|l|\u2606SirSpanklez\n|l| TorterraMain\n","uploadtime":1701072108,"views":11,"p1id":"sirspanklez","p2id":"pottiemsd","formatid":"gen9ou","rating":1456,"private":0,"password":""}