{"id":"gen9ou-1995871055","p1":"Zulneily","p2":"retfhjbnh","format":"[Gen 9] OU","log":"|j|\u2606Zulneily\n|j|\u203dretfhjbnh\n|t:|1700611865\n|gametype|singles\n|player|p1|Zulneily|hilda-wonderlauncher|1265\n|player|p2|retfhjbnh|steven-masters2|1206\n|teamsize|p1|6\n|teamsize|p2|6\n|gen|9\n|tier|[Gen 9] OU\n|rated|\n|rule|Sleep Clause Mod: Limit one foe put to sleep\n|rule|Species Clause: Limit one of each Pok\u00e9mon\n|rule|OHKO Clause: OHKO moves are banned\n|rule|Evasion Items Clause: Evasion items are banned\n|rule|Evasion Moves Clause: Evasion moves are banned\n|rule|Endless Battle Clause: Forcing endless battles is banned\n|rule|HP Percentage Mod: HP is shown in percentages\n|clearpoke\n|poke|p1|Great Tusk|\n|poke|p1|Gholdengo|\n|poke|p1|Ogerpon, F|\n|poke|p1|Iron Moth|\n|poke|p1|Gastrodon-East, F|\n|poke|p1|Enamorus, F|\n|poke|p2|Iron Moth|\n|poke|p2|Ceruledge, M|\n|poke|p2|Heatran, M|\n|poke|p2|Zapdos|\n|poke|p2|Zamazenta-*|\n|poke|p2|Maushold|\n|teampreview\n|inactive|Battle timer is ON: inactive players will automatically lose when time's up. (requested by Zulneily)\n|\n|t:|1700611883\n|start\n|switch|p1a: Enamorus|Enamorus, F|100\/100\n|switch|p2a: Heatran|Heatran, M|100\/100\n|turn|1\n|\n|t:|1700611893\n|move|p1a: Enamorus|Earth Power|p2a: Heatran\n|-supereffective|p2a: Heatran\n|-damage|p2a: Heatran|21\/100\n|-unboost|p2a: Heatran|spd|1\n|move|p2a: Heatran|Stealth Rock|p1a: Enamorus\n|-sidestart|p1: Zulneily|move: Stealth Rock\n|\n|-heal|p2a: Heatran|27\/100|[from] item: Leftovers\n|upkeep\n|turn|2\n|\n|t:|1700611910\n|switch|p1a: Gastrodon|Gastrodon-East, F|100\/100\n|-damage|p1a: Gastrodon|94\/100|[from] Stealth Rock\n|move|p2a: Heatran|Lava Plume|p1a: Gastrodon\n|-resisted|p1a: Gastrodon\n|-damage|p1a: Gastrodon|83\/100\n|-status|p1a: Gastrodon|brn\n|\n|-heal|p2a: Heatran|33\/100|[from] item: Leftovers\n|-heal|p1a: Gastrodon|89\/100 brn|[from] item: Leftovers\n|-damage|p1a: Gastrodon|83\/100 brn|[from] brn\n|upkeep\n|turn|3\n|\n|t:|1700611918\n|move|p2a: Heatran|Earth Power|p1a: Gastrodon\n|-damage|p1a: Gastrodon|66\/100 brn\n|move|p1a: Gastrodon|Surf|p2a: Heatran\n|-supereffective|p2a: Heatran\n|-damage|p2a: Heatran|0 fnt\n|faint|p2a: Heatran\n|\n|-heal|p1a: Gastrodon|72\/100 brn|[from] item: Leftovers\n|-damage|p1a: Gastrodon|66\/100 brn|[from] brn\n|upkeep\n|\n|t:|1700611930\n|switch|p2a: Maushold|Maushold|100\/100\n|turn|4\n|\n|t:|1700611934\n|move|p2a: Maushold|Tidy Up|p2a: Maushold\n|-sideend|p1: Zulneily|Stealth Rock\n|-activate|p2a: Maushold|move: Tidy Up\n|-boost|p2a: Maushold|atk|1\n|-boost|p2a: Maushold|spe|1\n|move|p1a: Gastrodon|Yawn|p2a: Maushold\n|-start|p2a: Maushold|move: Yawn|[of] p1a: Gastrodon\n|\n|-heal|p1a: Gastrodon|72\/100 brn|[from] item: Leftovers\n|-damage|p1a: Gastrodon|66\/100 brn|[from] brn\n|upkeep\n|turn|5\n|\n|t:|1700611942\n|switch|p2a: Zapdos|Zapdos|100\/100\n|switch|p1a: Gholdengo|Gholdengo|100\/100\n|\n|upkeep\n|turn|6\n|\n|t:|1700611948\n|move|p2a: Zapdos|Volt Switch|p1a: Gholdengo\n|-damage|p1a: Gholdengo|80\/100\n|\n|t:|1700611951\n|switch|p2a: Iron Moth|Iron Moth|100\/100|[from] Volt Switch\n|-enditem|p2a: Iron Moth|Booster Energy\n|-activate|p2a: Iron Moth|ability: Quark Drive|[fromitem]\n|-start|p2a: Iron Moth|quarkdrivespa\n|move|p1a: Gholdengo|Nasty Plot|p1a: Gholdengo\n|-boost|p1a: Gholdengo|spa|2\n|\n|upkeep\n|turn|7\n|\n|t:|1700611959\n|switch|p1a: Gastrodon|Gastrodon-East, F|66\/100 brn\n|move|p2a: Iron Moth|Fiery Dance|p1a: Gastrodon\n|-resisted|p1a: Gastrodon\n|-damage|p1a: Gastrodon|46\/100 brn\n|-boost|p2a: Iron Moth|spa|1\n|\n|-heal|p1a: Gastrodon|52\/100 brn|[from] item: Leftovers\n|-damage|p1a: Gastrodon|46\/100 brn|[from] brn\n|upkeep\n|turn|8\n|\n|t:|1700611975\n|move|p2a: Iron Moth|Energy Ball|p1a: Gastrodon\n|-supereffective|p1a: Gastrodon\n|-damage|p1a: Gastrodon|0 fnt\n|faint|p1a: Gastrodon\n|\n|upkeep\n|\n|t:|1700611984\n|switch|p1a: Enamorus|Enamorus, F|100\/100\n|turn|9\n|\n|t:|1700611992\n|-terastallize|p1a: Enamorus|Steel\n|move|p1a: Enamorus|Earth Power|p2a: Iron Moth\n|-supereffective|p2a: Iron Moth\n|-damage|p2a: Iron Moth|0 fnt\n|faint|p2a: Iron Moth\n|-end|p2a: Iron Moth|Quark Drive|[silent]\n|\n|upkeep\n|\n|t:|1700612006\n|switch|p2a: Ceruledge|Ceruledge, M|100\/100\n|turn|10\n|\n|t:|1700612013\n|switch|p1a: Great Tusk|Great Tusk|100\/100\n|move|p2a: Ceruledge|Bitter Blade|p1a: Great Tusk\n|-damage|p1a: Great Tusk|79\/100\n|\n|-heal|p1a: Great Tusk|85\/100|[from] item: Leftovers\n|upkeep\n|turn|11\n|\n|t:|1700612020\n|move|p2a: Ceruledge|Swords Dance|p2a: Ceruledge\n|-boost|p2a: Ceruledge|atk|2\n|move|p1a: Great Tusk|Knock Off|p2a: Ceruledge\n|-supereffective|p2a: Ceruledge\n|-damage|p2a: Ceruledge|27\/100\n|-ability|p2a: Ceruledge|Weak Armor|boost\n|-unboost|p2a: Ceruledge|def|1\n|-boost|p2a: Ceruledge|spe|2\n|-enditem|p2a: Ceruledge|Focus Sash|[from] move: Knock Off|[of] p1a: Great Tusk\n|\n|-heal|p1a: Great Tusk|92\/100|[from] item: Leftovers\n|upkeep\n|turn|12\n|\n|t:|1700612025\n|move|p2a: Ceruledge|Poltergeist|p1a: Great Tusk\n|-activate|p1a: Great Tusk|move: Poltergeist|Leftovers\n|-damage|p1a: Great Tusk|42\/100\n|move|p1a: Great Tusk|Knock Off|p2a: Ceruledge\n|-supereffective|p2a: Ceruledge\n|-damage|p2a: Ceruledge|0 fnt\n|faint|p2a: Ceruledge\n|\n|-heal|p1a: Great Tusk|48\/100|[from] item: Leftovers\n|upkeep\n|\n|t:|1700612038\n|switch|p2a: Maushold|Maushold|100\/100\n|turn|13\n|\n|t:|1700612046\n|move|p2a: Maushold|Population Bomb|p1a: Great Tusk\n|-damage|p1a: Great Tusk|43\/100\n|-damage|p1a: Great Tusk|38\/100\n|-damage|p1a: Great Tusk|33\/100\n|-damage|p1a: Great Tusk|28\/100\n|-damage|p1a: Great Tusk|23\/100\n|-damage|p1a: Great Tusk|18\/100\n|-damage|p1a: Great Tusk|13\/100\n|-damage|p1a: Great Tusk|8\/100\n|-damage|p1a: Great Tusk|3\/100\n|-damage|p1a: Great Tusk|0 fnt\n|faint|p1a: Great Tusk\n|-end|p1a: Great Tusk|Protosynthesis|[silent]\n|-hitcount|p1: Great Tusk|10\n|\n|upkeep\n|inactive|Zulneily has 120 seconds left.\n|\n|t:|1700612079\n|switch|p1a: Gholdengo|Gholdengo|80\/100\n|turn|14\n|inactive|Zulneily has 120 seconds left.\n|\n|t:|1700612093\n|switch|p2a: Zapdos|Zapdos|100\/100\n|move|p1a: Gholdengo|Nasty Plot|p1a: Gholdengo\n|-boost|p1a: Gholdengo|spa|2\n|\n|upkeep\n|turn|15\n|inactive|Zulneily has 120 seconds left.\n|\n|t:|1700612103\n|move|p2a: Zapdos|Volt Switch|p1a: Gholdengo\n|-damage|p1a: Gholdengo|58\/100\n|\n|t:|1700612107\n|switch|p2a: Maushold|Maushold|100\/100|[from] Volt Switch\n|move|p1a: Gholdengo|Shadow Ball|p2a: Maushold\n|-immune|p2a: Maushold\n|\n|upkeep\n|turn|16\n|\n|t:|1700612112\n|move|p2a: Maushold|Encore|p1a: Gholdengo\n|-immune|p1a: Gholdengo|[from] ability: Good as Gold\n|move|p1a: Gholdengo|Recover|p1a: Gholdengo\n|-heal|p1a: Gholdengo|100\/100\n|\n|upkeep\n|turn|17\n|\n|t:|1700612116\n|move|p2a: Maushold|Bite|p1a: Gholdengo\n|-supereffective|p1a: Gholdengo\n|-crit|p1a: Gholdengo\n|-damage|p1a: Gholdengo|34\/100\n|move|p1a: Gholdengo|Make It Rain|p2a: Maushold\n|-damage|p2a: Maushold|0 fnt\n|-unboost|p1a: Gholdengo|spa|1\n|faint|p2a: Maushold\n|-damage|p1a: Gholdengo|24\/100|[from] item: Life Orb\n|\n|upkeep\n|\n|t:|1700612125\n|switch|p2a: Zapdos|Zapdos|100\/100\n|turn|18\n|\n|t:|1700612129\n|move|p2a: Zapdos|Volt Switch|p1a: Gholdengo\n|-damage|p1a: Gholdengo|2\/100\n|l|\u203dretfhjbnh\n|inactive|retfhjbnh disconnected and has a minute to reconnect!\n|player|p2|\n|inactive|retfhjbnh has 30 seconds to reconnect!\n|inactive|retfhjbnh has 20 seconds to reconnect!\n|inactive|retfhjbnh has 15 seconds to reconnect!\n|inactive|retfhjbnh has 10 seconds to reconnect!\n|inactive|retfhjbnh has 5 seconds to reconnect!\n|-message|retfhjbnh lost due to inactivity.\n|\n|win|Zulneily\n|raw|Zulneily's rating: 1265 &rarr; <strong>1286<\/strong><br \/>(+21 for winning)\n|raw|retfhjbnh's rating: 1206 &rarr; <strong>1185<\/strong><br \/>(-21 for losing)\n","uploadtime":1700612450,"views":8,"p1id":"zulneily","p2id":"retfhjbnh","formatid":"gen9ou","rating":1185,"private":0,"password":""}