{"id":"gen9ou-1996595736","p1":"Imanjoneser","p2":"Torvar","format":"[Gen 9] OU","log":"|j|\u2606Imanjoneser\n|j|\u2606Torvar\n|t:|1700698541\n|gametype|singles\n|player|p1|Imanjoneser|bugcatcher-gen4dp|1150\n|player|p2|Torvar|steven|1167\n|teamsize|p1|6\n|teamsize|p2|6\n|gen|9\n|tier|[Gen 9] OU\n|rated|\n|rule|Sleep Clause Mod: Limit one foe put to sleep\n|rule|Species Clause: Limit one of each Pok\u00e9mon\n|rule|OHKO Clause: OHKO moves are banned\n|rule|Evasion Items Clause: Evasion items are banned\n|rule|Evasion Moves Clause: Evasion moves are banned\n|rule|Endless Battle Clause: Forcing endless battles is banned\n|rule|HP Percentage Mod: HP is shown in percentages\n|clearpoke\n|poke|p1|Noivern, M|\n|poke|p1|Cinderace, M|\n|poke|p1|Maushold-Four|\n|poke|p1|Chesnaught, M|\n|poke|p1|Grafaiai, M|\n|poke|p1|Scovillain, M|\n|poke|p2|Amoonguss, F|\n|poke|p2|Scizor, M|\n|poke|p2|Iron Moth|\n|poke|p2|Cinderace, M|\n|poke|p2|Rotom-Wash|\n|poke|p2|Dragapult, M|\n|teampreview\n|inactive|Battle timer is ON: inactive players will automatically lose when time's up. (requested by Torvar)\n|\n|t:|1700698566\n|start\n|switch|p1a: Cinderace|Cinderace, M, shiny|100\/100\n|switch|p2a: Rotom|Rotom-Wash, shiny|100\/100\n|turn|1\n|\n|t:|1700698574\n|move|p1a: Cinderace|Super Fang|p2a: Rotom\n|-start|p1a: Cinderace|typechange|Normal|[from] ability: Libero\n|-damage|p2a: Rotom|50\/100\n|move|p2a: Rotom|Volt Switch|p1a: Cinderace\n|-damage|p1a: Cinderace|66\/100\n|\n|t:|1700698589\n|switch|p2a: Dragapult|Dragapult, M|100\/100|[from] Volt Switch\n|\n|upkeep\n|turn|2\n|\n|t:|1700698595\n|move|p2a: Dragapult|Draco Meteor|p1a: Cinderace\n|-damage|p1a: Cinderace|0 fnt\n|-unboost|p2a: Dragapult|spa|2\n|faint|p1a: Cinderace\n|-damage|p2a: Dragapult|91\/100|[from] item: Life Orb\n|\n|upkeep\n|\n|t:|1700698611\n|switch|p1a: Grafaiai|Grafaiai, M, shiny|100\/100\n|turn|3\n|\n|t:|1700698617\n|switch|p2a: Scizor|Scizor, M|100\/100\n|move|p1a: Grafaiai|Parting Shot|p2a: Scizor\n|-unboost|p2a: Scizor|atk|1\n|-unboost|p2a: Scizor|spa|1\n|\n|t:|1700698628\n|switch|p1a: Noivern|Noivern, M, shiny|100\/100|[from] Parting Shot\n|\n|upkeep\n|turn|4\n|\n|t:|1700698633\n|move|p1a: Noivern|Flamethrower|p2a: Scizor\n|-supereffective|p2a: Scizor\n|-enditem|p2a: Scizor|Occa Berry|[eat]\n|-enditem|p2a: Scizor|Occa Berry|[weaken]\n|-damage|p2a: Scizor|44\/100\n|move|p2a: Scizor|U-turn|p1a: Noivern\n|-resisted|p1a: Noivern\n|-damage|p1a: Noivern|81\/100\n|\n|t:|1700698645\n|switch|p2a: Dragapult|Dragapult, M|91\/100|[from] U-turn\n|\n|upkeep\n|turn|5\n|\n|t:|1700698656\n|-terastallize|p1a: Noivern|Flying\n|move|p2a: Dragapult|Draco Meteor|p1a: Noivern\n|-damage|p1a: Noivern|0 fnt\n|-unboost|p2a: Dragapult|spa|2\n|faint|p1a: Noivern\n|-damage|p2a: Dragapult|81\/100|[from] item: Life Orb\n|\n|upkeep\n|\n|t:|1700698664\n|switch|p1a: Maushold|Maushold-Four, shiny|100\/100\n|turn|6\n|\n|t:|1700698668\n|switch|p2a: Scizor|Scizor, M|44\/100\n|move|p1a: Maushold|Tidy Up|p1a: Maushold\n|-boost|p1a: Maushold|atk|1\n|-boost|p1a: Maushold|spe|1\n|\n|upkeep\n|turn|7\n|\n|t:|1700698675\n|move|p1a: Maushold|Population Bomb|p2a: Scizor\n|-resisted|p2a: Scizor\n|-damage|p2a: Scizor|36\/100\n|-resisted|p2a: Scizor\n|-damage|p2a: Scizor|28\/100\n|-resisted|p2a: Scizor\n|-damage|p2a: Scizor|20\/100\n|-resisted|p2a: Scizor\n|-damage|p2a: Scizor|12\/100\n|-resisted|p2a: Scizor\n|-damage|p2a: Scizor|4\/100\n|-resisted|p2a: Scizor\n|-damage|p2a: Scizor|0 fnt\n|faint|p2a: Scizor\n|-hitcount|p2: Scizor|6\n|\n|upkeep\n|inactive|Torvar has 120 seconds left.\n|\n|t:|1700698706\n|switch|p2a: Amoonguss|Amoonguss, F|100\/100\n|turn|8\n|\n|t:|1700698711\n|move|p1a: Maushold|Population Bomb|p2a: Amoonguss\n|-damage|p2a: Amoonguss|82\/100\n|-damage|p2a: Amoonguss|64\/100\n|-damage|p2a: Amoonguss|45\/100\n|-damage|p2a: Amoonguss|29\/100\n|-damage|p2a: Amoonguss|11\/100\n|-damage|p2a: Amoonguss|0 fnt\n|faint|p2a: Amoonguss\n|-hitcount|p2: Amoonguss|6\n|\n|upkeep\n|\n|t:|1700698720\n|switch|p2a: Dragapult|Dragapult, M|81\/100\n|turn|9\n|\n|t:|1700698724\n|move|p1a: Maushold|Bite|p2a: Dragapult\n|-supereffective|p2a: Dragapult\n|-damage|p2a: Dragapult|0 fnt\n|faint|p2a: Dragapult\n|\n|upkeep\n|\n|t:|1700698738\n|switch|p2a: Iron Moth|Iron Moth|100\/100\n|-enditem|p2a: Iron Moth|Booster Energy\n|-activate|p2a: Iron Moth|ability: Quark Drive|[fromitem]\n|-start|p2a: Iron Moth|quarkdrivespa\n|turn|10\n|\n|t:|1700698743\n|move|p1a: Maushold|Population Bomb|p2a: Iron Moth\n|-damage|p2a: Iron Moth|73\/100\n|-damage|p2a: Iron Moth|44\/100\n|-damage|p2a: Iron Moth|17\/100\n|-damage|p2a: Iron Moth|0 fnt\n|faint|p2a: Iron Moth\n|-end|p2a: Iron Moth|Quark Drive|[silent]\n|-hitcount|p2: Iron Moth|4\n|\n|upkeep\n|\n|t:|1700698747\n|switch|p2a: Cinderace|Cinderace, M|100\/100\n|turn|11\n|\n|t:|1700698753\n|move|p2a: Cinderace|Sucker Punch|p1a: Maushold\n|-start|p2a: Cinderace|typechange|Dark|[from] ability: Libero\n|-damage|p1a: Maushold|45\/100\n|move|p1a: Maushold|Population Bomb|p2a: Cinderace\n|-damage|p2a: Cinderace|76\/100\n|-damage|p2a: Cinderace|52\/100\n|-damage|p2a: Cinderace|29\/100\n|-damage|p2a: Cinderace|5\/100\n|-damage|p2a: Cinderace|0 fnt\n|faint|p2a: Cinderace\n|-hitcount|p2: Cinderace|5\n|\n|upkeep\n|\n|t:|1700698757\n|switch|p2a: Rotom|Rotom-Wash, shiny|50\/100\n|turn|12\n|\n|t:|1700698771\n|move|p1a: Maushold|Bite|p2a: Rotom\n|-crit|p2a: Rotom\n|-damage|p2a: Rotom|0 fnt\n|faint|p2a: Rotom\n|\n|win|Imanjoneser\n|raw|Imanjoneser's rating: 1150 &rarr; <strong>1176<\/strong><br \/>(+26 for winning)\n|raw|Torvar's rating: 1167 &rarr; <strong>1141<\/strong><br \/>(-26 for losing)\n|l|\u2606Torvar\n|c|\u2606Imanjoneser|Nuts!\n","uploadtime":1700698784,"views":2,"p1id":"imanjoneser","p2id":"torvar","formatid":"gen9ou","rating":1141,"private":0,"password":""}