{"id":"gen9ou-1999830711","p1":"illes","p2":"Everybo-D","format":"[Gen 9] OU","log":"|j|\u2606illes\n|j|\u2606Everybo-D\n|t:|1701120743\n|gametype|singles\n|player|p1|illes|170|1448\n|player|p2|Everybo-D|265|1537\n|teamsize|p1|6\n|teamsize|p2|6\n|gen|9\n|tier|[Gen 9] OU\n|rated|\n|rule|Sleep Clause Mod: Limit one foe put to sleep\n|rule|Species Clause: Limit one of each Pok\u00e9mon\n|rule|OHKO Clause: OHKO moves are banned\n|rule|Evasion Items Clause: Evasion items are banned\n|rule|Evasion Moves Clause: Evasion moves are banned\n|rule|Endless Battle Clause: Forcing endless battles is banned\n|rule|HP Percentage Mod: HP is shown in percentages\n|clearpoke\n|poke|p1|Dondozo, F|\n|poke|p1|Toxapex, F|\n|poke|p1|Clefable, F|\n|poke|p1|Corviknight, F|\n|poke|p1|Blissey, F|\n|poke|p1|Clodsire, F|\n|poke|p2|Samurott-Hisui, F|\n|poke|p2|Zapdos|\n|poke|p2|Great Tusk|\n|poke|p2|Heatran, M|\n|poke|p2|Sinistcha|\n|poke|p2|Glimmora, M|\n|teampreview\n|\n|t:|1701120773\n|start\n|switch|p1a: Clodsire|Clodsire, F|100\/100\n|switch|p2a: Great Tusk|Great Tusk|100\/100\n|turn|1\n|inactive|Battle timer is ON: inactive players will automatically lose when time's up. (requested by Everybo-D)\n|\n|t:|1701120784\n|switch|p1a: Corviknight|Corviknight, F|100\/100\n|-ability|p1a: Corviknight|Pressure\n|move|p2a: Great Tusk|Knock Off|p1a: Corviknight\n|-damage|p1a: Corviknight|75\/100\n|-damage|p2a: Great Tusk|84\/100|[from] item: Rocky Helmet|[of] p1a: Corviknight\n|-enditem|p1a: Corviknight|Rocky Helmet|[from] move: Knock Off|[of] p2a: Great Tusk\n|\n|upkeep\n|turn|2\n|\n|t:|1701120805\n|-end|p2a: Great Tusk|Protosynthesis|[silent]\n|switch|p2a: Heatran|Heatran, M|100\/100\n|move|p1a: Corviknight|Brave Bird|p2a: Heatran\n|-resisted|p2a: Heatran\n|-crit|p2a: Heatran\n|-damage|p2a: Heatran|77\/100\n|-damage|p1a: Corviknight|68\/100|[from] Recoil\n|\n|-heal|p2a: Heatran|83\/100|[from] item: Leftovers\n|upkeep\n|turn|3\n|l|\u2606Everybo-D\n|inactive|Everybo-D disconnected and has a minute to reconnect!\n|player|p2|\n|j|\u2606Everybo-D\n|inactive|Everybo-D reconnected and has 125 seconds left.\n|player|p2|Everybo-D|265\n|\n|t:|1701120830\n|switch|p1a: Clefable|Clefable, F|100\/100\n|move|p2a: Heatran|Magma Storm|p1a: Clefable\n|-crit|p1a: Clefable\n|-damage|p1a: Clefable|40\/100\n|-activate|p1a: Clefable|move: Magma Storm|[of] p2a: Heatran\n|\n|-heal|p2a: Heatran|89\/100|[from] item: Leftovers\n|-heal|p1a: Clefable|46\/100|[from] item: Leftovers\n|upkeep\n|turn|4\n|\n|t:|1701120845\n|move|p2a: Heatran|Taunt|p1a: Clefable\n|-start|p1a: Clefable|move: Taunt\n|cant|p1a: Clefable|move: Taunt|Moonlight\n|\n|-heal|p2a: Heatran|95\/100|[from] item: Leftovers\n|-heal|p1a: Clefable|53\/100|[from] item: Leftovers\n|upkeep\n|turn|5\n|\n|t:|1701120856\n|move|p2a: Heatran|Earth Power|p1a: Clefable\n|-damage|p1a: Clefable|29\/100\n|move|p1a: Clefable|Knock Off|p2a: Heatran\n|-damage|p2a: Heatran|84\/100\n|-enditem|p2a: Heatran|Leftovers|[from] move: Knock Off|[of] p1a: Clefable\n|\n|-heal|p1a: Clefable|35\/100|[from] item: Leftovers\n|upkeep\n|turn|6\n|\n|t:|1701120867\n|move|p2a: Heatran|Magma Storm|p1a: Clefable|[miss]\n|-miss|p2a: Heatran|p1a: Clefable\n|move|p1a: Clefable|Moonblast|p2a: Heatran\n|-resisted|p2a: Heatran\n|-damage|p2a: Heatran|79\/100\n|\n|-heal|p1a: Clefable|41\/100|[from] item: Leftovers\n|-end|p1a: Clefable|move: Taunt\n|upkeep\n|turn|7\n|\n|t:|1701120877\n|move|p2a: Heatran|Taunt|p1a: Clefable\n|-start|p1a: Clefable|move: Taunt\n|cant|p1a: Clefable|move: Taunt|Moonlight\n|\n|-heal|p1a: Clefable|47\/100|[from] item: Leftovers\n|-end|p1a: Clefable|Magma Storm|[partiallytrapped]\n|upkeep\n|turn|8\n|\n|t:|1701120895\n|switch|p1a: Clodsire|Clodsire, F|100\/100\n|move|p2a: Heatran|Stealth Rock|p1a: Clodsire\n|-sidestart|p1: illes|move: Stealth Rock\n|\n|upkeep\n|turn|9\n|\n|t:|1701120913\n|switch|p2a: Great Tusk|Great Tusk|84\/100\n|move|p1a: Clodsire|Earthquake|p2a: Great Tusk\n|-damage|p2a: Great Tusk|65\/100\n|\n|upkeep\n|turn|10\n|\n|t:|1701120921\n|-end|p2a: Great Tusk|Protosynthesis|[silent]\n|switch|p2a: Zapdos|Zapdos|100\/100\n|switch|p1a: Corviknight|Corviknight, F|68\/100\n|-damage|p1a: Corviknight|56\/100|[from] Stealth Rock\n|-ability|p1a: Corviknight|Pressure\n|\n|upkeep\n|turn|11\n|\n|t:|1701120940\n|switch|p2a: Great Tusk|Great Tusk|65\/100\n|switch|p1a: Clodsire|Clodsire, F|100\/100\n|\n|upkeep\n|turn|12\n|\n|t:|1701120954\n|switch|p1a: Corviknight|Corviknight, F|56\/100\n|-damage|p1a: Corviknight|43\/100|[from] Stealth Rock\n|-ability|p1a: Corviknight|Pressure\n|move|p2a: Great Tusk|Ice Spinner|p1a: Corviknight\n|-damage|p1a: Corviknight|23\/100\n|\n|upkeep\n|turn|13\n|\n|t:|1701120972\n|-terastallize|p2a: Great Tusk|Ice\n|move|p2a: Great Tusk|Ice Spinner|p1a: Corviknight\n|-damage|p1a: Corviknight|0 fnt\n|faint|p1a: Corviknight\n|\n|upkeep\n|\n|t:|1701121001\n|switch|p1a: Clefable|Clefable, F|47\/100\n|turn|14\n|\n|t:|1701121005\n|move|p2a: Great Tusk|Headlong Rush|p1a: Clefable\n|-damage|p1a: Clefable|0 fnt\n|-unboost|p2a: Great Tusk|def|1\n|-unboost|p2a: Great Tusk|spd|1\n|faint|p1a: Clefable\n|\n|upkeep\n|\n|t:|1701121009\n|switch|p1a: Dondozo|Dondozo, F|100\/100\n|turn|15\n|\n|t:|1701121031\n|-end|p2a: Great Tusk|Protosynthesis|[silent]\n|switch|p2a: Sinistcha|Sinistcha|100\/100\n|move|p1a: Dondozo|Body Press|p2a: Sinistcha\n|-immune|p2a: Sinistcha\n|\n|upkeep\n|turn|16\n|\n|t:|1701121041\n|switch|p1a: Toxapex|Toxapex, F|100\/100\n|move|p2a: Sinistcha|Matcha Gotcha|p1a: Toxapex\n|-damage|p1a: Toxapex|67\/100\n|\n|upkeep\n|turn|17\n|\n|t:|1701121051\n|switch|p2a: Glimmora|Glimmora, M|100\/100\n|move|p1a: Toxapex|Infestation|p2a: Glimmora\n|-resisted|p2a: Glimmora\n|-damage|p2a: Glimmora|99\/100\n|-activate|p2a: Glimmora|move: Infestation|[of] p1a: Toxapex\n|\n|-damage|p2a: Glimmora|86\/100|[from] move: Infestation|[partiallytrapped]\n|upkeep\n|turn|18\n|\n|t:|1701121061\n|switch|p1a: Clodsire|Clodsire, F|100\/100\n|move|p2a: Glimmora|Earth Power|p1a: Clodsire\n|-supereffective|p1a: Clodsire\n|-damage|p1a: Clodsire|65\/100\n|\n|-end|p2a: Glimmora|Infestation|[partiallytrapped]|[silent]\n|upkeep\n|turn|19\n|\n|t:|1701121073\n|switch|p2a: Great Tusk|Great Tusk, tera:Ice|65\/100\n|move|p1a: Clodsire|Recover|p1a: Clodsire\n|-heal|p1a: Clodsire|100\/100\n|\n|upkeep\n|turn|20\n|\n|t:|1701121079\n|switch|p1a: Dondozo|Dondozo, F|100\/100\n|move|p2a: Great Tusk|Knock Off|p1a: Dondozo\n|-crit|p1a: Dondozo\n|-damage|p1a: Dondozo|78\/100\n|-enditem|p1a: Dondozo|Heavy-Duty Boots|[from] move: Knock Off|[of] p2a: Great Tusk\n|\n|upkeep\n|turn|21\n|\n|t:|1701121090\n|-end|p2a: Great Tusk|Protosynthesis|[silent]\n|switch|p2a: Sinistcha|Sinistcha|100\/100\n|switch|p1a: Toxapex|Toxapex, F|100\/100\n|\n|upkeep\n|turn|22\n|\n|t:|1701121095\n|switch|p2a: Glimmora|Glimmora, M|86\/100\n|move|p1a: Toxapex|Infestation|p2a: Glimmora\n|-resisted|p2a: Glimmora\n|-damage|p2a: Glimmora|85\/100\n|-activate|p2a: Glimmora|move: Infestation|[of] p1a: Toxapex\n|\n|-damage|p2a: Glimmora|72\/100|[from] move: Infestation|[partiallytrapped]\n|upkeep\n|turn|23\n|\n|t:|1701121100\n|switch|p1a: Blissey|Blissey, F|100\/100\n|move|p2a: Glimmora|Earth Power|p1a: Blissey\n|-damage|p1a: Blissey|91\/100\n|\n|-end|p2a: Glimmora|Infestation|[partiallytrapped]|[silent]\n|upkeep\n|turn|24\n|\n|t:|1701121128\n|switch|p2a: Great Tusk|Great Tusk, tera:Ice|65\/100\n|move|p1a: Blissey|Flamethrower|p2a: Great Tusk\n|-supereffective|p2a: Great Tusk\n|-damage|p2a: Great Tusk|19\/100\n|\n|upkeep\n|turn|25\n|\n|t:|1701121138\n|switch|p1a: Dondozo|Dondozo, F|78\/100\n|-damage|p1a: Dondozo|66\/100|[from] Stealth Rock\n|move|p2a: Great Tusk|Headlong Rush|p1a: Dondozo\n|-damage|p1a: Dondozo|38\/100\n|-unboost|p2a: Great Tusk|def|1\n|-unboost|p2a: Great Tusk|spd|1\n|\n|upkeep\n|turn|26\n|\n|t:|1701121146\n|-end|p2a: Great Tusk|Protosynthesis|[silent]\n|switch|p2a: Sinistcha|Sinistcha|100\/100\n|move|p1a: Dondozo|Rest|p1a: Dondozo\n|-status|p1a: Dondozo|slp|[from] move: Rest\n|-heal|p1a: Dondozo|100\/100 slp|[silent]\n|\n|upkeep\n|turn|27\n|\n|t:|1701121160\n|switch|p1a: Clodsire|Clodsire, F|100\/100\n|move|p2a: Sinistcha|Matcha Gotcha|p1a: Clodsire\n|-damage|p1a: Clodsire|80\/100\n|\n|upkeep\n|turn|28\n|\n|t:|1701121173\n|move|p2a: Sinistcha|Matcha Gotcha|p1a: Clodsire\n|-damage|p1a: Clodsire|58\/100\n|move|p1a: Clodsire|Spikes|p2a: Sinistcha\n|-sidestart|p2: Everybo-D|Spikes\n|\n|upkeep\n|turn|29\n|\n|t:|1701121187\n|move|p2a: Sinistcha|Matcha Gotcha|p1a: Clodsire\n|-damage|p1a: Clodsire|38\/100\n|move|p1a: Clodsire|Recover|p1a: Clodsire\n|-heal|p1a: Clodsire|88\/100\n|\n|upkeep\n|turn|30\n|\n|t:|1701121198\n|move|p2a: Sinistcha|Scald|p1a: Clodsire\n|-supereffective|p1a: Clodsire\n|-damage|p1a: Clodsire|62\/100\n|-status|p1a: Clodsire|brn\n|move|p1a: Clodsire|Spikes|p2a: Sinistcha\n|-sidestart|p2: Everybo-D|Spikes\n|\n|-damage|p1a: Clodsire|56\/100 brn|[from] brn\n|upkeep\n|turn|31\n|\n|t:|1701121210\n|move|p2a: Sinistcha|Hex|p1a: Clodsire\n|-damage|p1a: Clodsire|23\/100 brn\n|move|p1a: Clodsire|Recover|p1a: Clodsire\n|-heal|p1a: Clodsire|73\/100 brn\n|\n|-damage|p1a: Clodsire|67\/100 brn|[from] brn\n|upkeep\n|turn|32\n|\n|t:|1701121215\n|move|p2a: Sinistcha|Hex|p1a: Clodsire\n|-damage|p1a: Clodsire|35\/100 brn\n|move|p1a: Clodsire|Recover|p1a: Clodsire\n|-heal|p1a: Clodsire|85\/100 brn\n|\n|-damage|p1a: Clodsire|79\/100 brn|[from] brn\n|upkeep\n|turn|33\n|\n|t:|1701121219\n|switch|p1a: Blissey|Blissey, F|91\/100\n|move|p2a: Sinistcha|Hex|p1a: Blissey\n|-immune|p1a: Blissey\n|\n|upkeep\n|turn|34\n|\n|t:|1701121231\n|switch|p1a: Toxapex|Toxapex, F|100\/100\n|move|p2a: Sinistcha|Scald|p1a: Toxapex\n|-resisted|p1a: Toxapex\n|-damage|p1a: Toxapex|90\/100\n|-status|p1a: Toxapex|brn\n|\n|-damage|p1a: Toxapex|84\/100 brn|[from] brn\n|upkeep\n|turn|35\n|\n|t:|1701121235\n|move|p2a: Sinistcha|Hex|p1a: Toxapex\n|-damage|p1a: Toxapex|27\/100 brn\n|move|p1a: Toxapex|Infestation|p2a: Sinistcha\n|-damage|p2a: Sinistcha|97\/100\n|-activate|p2a: Sinistcha|move: Infestation|[of] p1a: Toxapex\n|\n|-damage|p1a: Toxapex|21\/100 brn|[from] brn\n|-damage|p2a: Sinistcha|84\/100|[from] move: Infestation|[partiallytrapped]\n|upkeep\n|turn|36\n|\n|t:|1701121241\n|switch|p1a: Blissey|Blissey, F|91\/100\n|move|p2a: Sinistcha|Scald|p1a: Blissey\n|-damage|p1a: Blissey|82\/100\n|\n|-end|p2a: Sinistcha|Infestation|[partiallytrapped]|[silent]\n|upkeep\n|turn|37\n|\n|t:|1701121261\n|move|p2a: Sinistcha|Scald|p1a: Blissey\n|-damage|p1a: Blissey|74\/100\n|move|p1a: Blissey|Flamethrower|p2a: Sinistcha\n|-supereffective|p2a: Sinistcha\n|-damage|p2a: Sinistcha|60\/100\n|-status|p2a: Sinistcha|brn\n|\n|-damage|p2a: Sinistcha|57\/100 brn|[from] brn\n|upkeep\n|turn|38\n|\n|t:|1701121273\n|move|p2a: Sinistcha|Matcha Gotcha|p1a: Blissey\n|-crit|p1a: Blissey\n|-damage|p1a: Blissey|53\/100\n|-heal|p2a: Sinistcha|81\/100 brn|[from] drain|[of] p1a: Blissey\n|move|p1a: Blissey|Soft-Boiled|p1a: Blissey\n|-heal|p1a: Blissey|100\/100\n|\n|-damage|p2a: Sinistcha|79\/100 brn|[from] brn\n|upkeep\n|turn|39\n|\n|t:|1701121290\n|move|p2a: Sinistcha|Matcha Gotcha|p1a: Blissey\n|-crit|p1a: Blissey\n|-damage|p1a: Blissey|83\/100\n|-heal|p2a: Sinistcha|100\/100 brn|[from] drain|[of] p1a: Blissey\n|move|p1a: Blissey|Calm Mind|p1a: Blissey\n|-boost|p1a: Blissey|spa|1\n|-boost|p1a: Blissey|spd|1\n|\n|-damage|p2a: Sinistcha|98\/100 brn|[from] brn\n|upkeep\n|turn|40\n|\n|t:|1701121301\n|switch|p2a: Heatran|Heatran, M|79\/100\n|-damage|p2a: Heatran|62\/100|[from] Spikes\n|move|p1a: Blissey|Flamethrower|p2a: Heatran\n|-start|p2a: Heatran|ability: Flash Fire\n|\n|upkeep\n|turn|41\n|\n|t:|1701121317\n|move|p1a: Blissey|Protect|p1a: Blissey\n|-singleturn|p1a: Blissey|Protect\n|move|p2a: Heatran|Taunt|p1a: Blissey\n|-activate|p1a: Blissey|move: Protect\n|\n|upkeep\n|turn|42\n|\n|t:|1701121329\n|move|p2a: Heatran|Magma Storm|p1a: Blissey|[miss]\n|-miss|p2a: Heatran|p1a: Blissey\n|move|p1a: Blissey|Calm Mind|p1a: Blissey\n|-boost|p1a: Blissey|spa|1\n|-boost|p1a: Blissey|spd|1\n|\n|upkeep\n|turn|43\n|\n|t:|1701121334\n|move|p1a: Blissey|Protect|p1a: Blissey\n|-singleturn|p1a: Blissey|Protect\n|move|p2a: Heatran|Earth Power|p1a: Blissey\n|-activate|p1a: Blissey|move: Protect\n|\n|upkeep\n|turn|44\n|\n|t:|1701121340\n|move|p2a: Heatran|Taunt|p1a: Blissey\n|-start|p1a: Blissey|move: Taunt\n|cant|p1a: Blissey|move: Taunt|Calm Mind\n|\n|upkeep\n|turn|45\n|\n|t:|1701121345\n|move|p2a: Heatran|Stealth Rock||[still]\n|-fail|p2a: Heatran\n|move|p1a: Blissey|Flamethrower|p2a: Heatran\n|-immune|p2a: Heatran|[from] ability: Flash Fire\n|\n|upkeep\n|turn|46\n|\n|t:|1701121365\n|move|p2a: Heatran|Earth Power|p1a: Blissey\n|-damage|p1a: Blissey|78\/100\n|move|p1a: Blissey|Flamethrower|p2a: Heatran\n|-immune|p2a: Heatran|[from] ability: Flash Fire\n|\n|-end|p1a: Blissey|move: Taunt\n|upkeep\n|turn|47\n|\n|t:|1701121370\n|move|p1a: Blissey|Protect|p1a: Blissey\n|-singleturn|p1a: Blissey|Protect\n|move|p2a: Heatran|Taunt|p1a: Blissey\n|-activate|p1a: Blissey|move: Protect\n|\n|upkeep\n|turn|48\n|\n|t:|1701121380\n|move|p1a: Blissey|Protect||[still]\n|-fail|p1a: Blissey\n|move|p2a: Heatran|Magma Storm|p1a: Blissey\n|-damage|p1a: Blissey|67\/100\n|-activate|p1a: Blissey|move: Magma Storm|[of] p2a: Heatran\n|\n|-damage|p1a: Blissey|55\/100|[from] move: Magma Storm|[partiallytrapped]\n|upkeep\n|turn|49\n|\n|t:|1701121385\n|move|p2a: Heatran|Taunt|p1a: Blissey\n|-start|p1a: Blissey|move: Taunt\n|cant|p1a: Blissey|move: Taunt|Soft-Boiled\n|\n|-damage|p1a: Blissey|42\/100|[from] move: Magma Storm|[partiallytrapped]\n|upkeep\n|turn|50\n|\n|t:|1701121388\n|move|p2a: Heatran|Earth Power|p1a: Blissey\n|-damage|p1a: Blissey|38\/100\n|move|p1a: Blissey|Flamethrower|p2a: Heatran\n|-immune|p2a: Heatran|[from] ability: Flash Fire\n|\n|-damage|p1a: Blissey|26\/100|[from] move: Magma Storm|[partiallytrapped]\n|upkeep\n|turn|51\n|\n|t:|1701121392\n|move|p2a: Heatran|Earth Power|p1a: Blissey\n|-damage|p1a: Blissey|22\/100\n|move|p1a: Blissey|Flamethrower|p2a: Heatran\n|-immune|p2a: Heatran|[from] ability: Flash Fire\n|\n|-damage|p1a: Blissey|10\/100|[from] move: Magma Storm|[partiallytrapped]\n|-end|p1a: Blissey|move: Taunt\n|upkeep\n|turn|52\n|\n|t:|1701121399\n|move|p1a: Blissey|Protect|p1a: Blissey\n|-singleturn|p1a: Blissey|Protect\n|move|p2a: Heatran|Taunt|p1a: Blissey\n|-activate|p1a: Blissey|move: Protect\n|\n|-end|p1a: Blissey|Magma Storm|[partiallytrapped]\n|upkeep\n|turn|53\n|c|\u2606Everybo-D|Gg\n|\n|t:|1701121415\n|move|p2a: Heatran|Taunt|p1a: Blissey\n|-start|p1a: Blissey|move: Taunt\n|cant|p1a: Blissey|move: Taunt|Soft-Boiled\n|\n|upkeep\n|turn|54\n|\n|t:|1701121418\n|move|p2a: Heatran|Earth Power|p1a: Blissey\n|-damage|p1a: Blissey|5\/100\n|move|p1a: Blissey|Flamethrower|p2a: Heatran\n|-immune|p2a: Heatran|[from] ability: Flash Fire\n|\n|upkeep\n|turn|55\n|\n|t:|1701121422\n|move|p2a: Heatran|Earth Power|p1a: Blissey\n|-damage|p1a: Blissey|0 fnt\n|faint|p1a: Blissey\n|\n|upkeep\n|\n|t:|1701121425\n|switch|p1a: Clodsire|Clodsire, F|79\/100 brn\n|turn|56\n|\n|t:|1701121431\n|move|p2a: Heatran|Earth Power|p1a: Clodsire\n|-supereffective|p1a: Clodsire\n|-damage|p1a: Clodsire|49\/100 brn\n|move|p1a: Clodsire|Earthquake|p2a: Heatran\n|-supereffective|p2a: Heatran\n|-damage|p2a: Heatran|19\/100\n|\n|-damage|p1a: Clodsire|43\/100 brn|[from] brn\n|upkeep\n|turn|57\n|\n|t:|1701121437\n|move|p2a: Heatran|Earth Power|p1a: Clodsire\n|-supereffective|p1a: Clodsire\n|-damage|p1a: Clodsire|15\/100 brn\n|move|p1a: Clodsire|Earthquake|p2a: Heatran\n|-supereffective|p2a: Heatran\n|-damage|p2a: Heatran|0 fnt\n|faint|p2a: Heatran\n|\n|-damage|p1a: Clodsire|9\/100 brn|[from] brn\n|upkeep\n|\n|t:|1701121445\n|switch|p2a: Great Tusk|Great Tusk, tera:Ice|19\/100\n|turn|58\n|\n|t:|1701121452\n|move|p2a: Great Tusk|Headlong Rush|p1a: Clodsire\n|-supereffective|p1a: Clodsire\n|-damage|p1a: Clodsire|0 fnt\n|-unboost|p2a: Great Tusk|def|1\n|-unboost|p2a: Great Tusk|spd|1\n|faint|p1a: Clodsire\n|\n|upkeep\n|\n|t:|1701121454\n|switch|p1a: Dondozo|Dondozo, F|100\/100 slp\n|-damage|p1a: Dondozo|88\/100 slp|[from] Stealth Rock\n|turn|59\n|\n|t:|1701121457\n|-end|p2a: Great Tusk|Protosynthesis|[silent]\n|switch|p2a: Zapdos|Zapdos|100\/100\n|cant|p1a: Dondozo|slp\n|move|p1a: Dondozo|Sleep Talk|p1a: Dondozo\n|move|p1a: Dondozo|Body Press|p2a: Zapdos|[from]move: Sleep Talk\n|-resisted|p2a: Zapdos\n|-damage|p2a: Zapdos|86\/100\n|\n|upkeep\n|turn|60\n|\n|t:|1701121469\n|move|p2a: Zapdos|Thunderbolt|p1a: Dondozo\n|-supereffective|p1a: Dondozo\n|-damage|p1a: Dondozo|0 fnt\n|faint|p1a: Dondozo\n|\n|upkeep\n|\n|t:|1701121472\n|switch|p1a: Toxapex|Toxapex, F|54\/100 brn\n|turn|61\n|\n|t:|1701121474\n|-terastallize|p1a: Toxapex|Steel\n|move|p2a: Zapdos|Thunderbolt|p1a: Toxapex\n|-damage|p1a: Toxapex|12\/100 brn\n|move|p1a: Toxapex|Recover|p1a: Toxapex\n|-heal|p1a: Toxapex|62\/100 brn\n|\n|-damage|p1a: Toxapex|56\/100 brn|[from] brn\n|upkeep\n|turn|62\n|\n|t:|1701121481\n|move|p2a: Zapdos|Heat Wave|p1a: Toxapex\n|-supereffective|p1a: Toxapex\n|-damage|p1a: Toxapex|0 fnt\n|faint|p1a: Toxapex\n|\n|win|Everybo-D\n|raw|illes's rating: 1448 &rarr; <strong>1433<\/strong><br \/>(-15 for losing)\n|raw|Everybo-D's rating: 1537 &rarr; <strong>1552<\/strong><br \/>(+15 for winning)\n|l|\u2606illes\n","uploadtime":1701121495,"views":2,"p1id":"illes","p2id":"everybod","formatid":"gen9ou","rating":1433,"private":0,"password":""}