{"id":"gen9ou-1995692462","p1":"TalosKnight","p2":"JackJas02","format":"[Gen 9] OU","log":"|j|\u2606TalosKnight\n|j|\u2606JackJas02\n|t:|1700594439\n|gametype|singles\n|player|p1|TalosKnight|102|1382\n|player|p2|JackJas02|roughneck|1380\n|teamsize|p1|6\n|teamsize|p2|6\n|gen|9\n|tier|[Gen 9] OU\n|rated|\n|rule|Sleep Clause Mod: Limit one foe put to sleep\n|rule|Species Clause: Limit one of each Pok\u00e9mon\n|rule|OHKO Clause: OHKO moves are banned\n|rule|Evasion Items Clause: Evasion items are banned\n|rule|Evasion Moves Clause: Evasion moves are banned\n|rule|Endless Battle Clause: Forcing endless battles is banned\n|rule|HP Percentage Mod: HP is shown in percentages\n|clearpoke\n|poke|p1|Heatran, F|\n|poke|p1|Ogerpon-Wellspring, F|\n|poke|p1|Dragapult, M|\n|poke|p1|Great Tusk|\n|poke|p1|Hatterene, F|\n|poke|p1|Zapdos|\n|poke|p2|Ursaluna, F|\n|poke|p2|Mamoswine, F|\n|poke|p2|Infernape, M|\n|poke|p2|Empoleon, M|\n|poke|p2|Ninetales-Alola, F|\n|poke|p2|Dragonite, F|\n|teampreview\n|inactive|Battle timer is ON: inactive players will automatically lose when time's up. (requested by JackJas02)\n|\n|t:|1700594447\n|start\n|switch|p1a: Heatran|Heatran, F|100\/100\n|switch|p2a: Ninetales|Ninetales-Alola, F, shiny|100\/100\n|-weather|Snow|[from] ability: Snow Warning|[of] p2a: Ninetales\n|-item|p1a: Heatran|Air Balloon\n|turn|1\n|\n|t:|1700594454\n|switch|p2a: Empoleon|Empoleon, M, shiny|100\/100\n|move|p1a: Heatran|Magma Storm|p2a: Empoleon|[miss]\n|-miss|p1a: Heatran|p2a: Empoleon\n|\n|-weather|Snow|[upkeep]\n|upkeep\n|turn|2\n|\n|t:|1700594460\n|switch|p1a: Ogerpon|Ogerpon-Wellspring, F|100\/100\n|move|p2a: Empoleon|Hydro Pump|p1a: Ogerpon\n|-immune|p1a: Ogerpon|[from] ability: Water Absorb\n|\n|-weather|Snow|[upkeep]\n|upkeep\n|turn|3\n|\n|t:|1700594469\n|-terastallize|p2a: Empoleon|Flying\n|move|p1a: Ogerpon|Knock Off|p2a: Empoleon\n|-damage|p2a: Empoleon|57\/100\n|-enditem|p2a: Empoleon|Assault Vest|[from] move: Knock Off|[of] p1a: Ogerpon\n|move|p2a: Empoleon|Air Slash|p1a: Ogerpon\n|-supereffective|p1a: Ogerpon\n|-damage|p1a: Ogerpon|8\/100\n|\n|-weather|Snow|[upkeep]\n|upkeep\n|turn|4\n|\n|t:|1700594477\n|move|p2a: Empoleon|Vacuum Wave|p1a: Ogerpon\n|-damage|p1a: Ogerpon|0 fnt\n|faint|p1a: Ogerpon\n|\n|-weather|Snow|[upkeep]\n|upkeep\n|\n|t:|1700594481\n|switch|p1a: Zapdos|Zapdos|100\/100\n|turn|5\n|\n|t:|1700594484\n|switch|p2a: Ursaluna|Ursaluna, F, shiny|100\/100\n|move|p1a: Zapdos|U-turn|p2a: Ursaluna\n|-damage|p2a: Ursaluna|90\/100\n|\n|t:|1700594487\n|switch|p1a: Great Tusk|Great Tusk|100\/100|[from] U-turn\n|\n|-weather|none\n|-status|p2a: Ursaluna|brn|[from] item: Flame Orb\n|upkeep\n|turn|6\n|\n|t:|1700594499\n|switch|p2a: Empoleon|Empoleon, M, shiny, tera:Flying|57\/100\n|move|p1a: Great Tusk|Close Combat|p2a: Empoleon\n|-resisted|p2a: Empoleon\n|-damage|p2a: Empoleon|20\/100\n|-unboost|p1a: Great Tusk|def|1\n|-unboost|p1a: Great Tusk|spd|1\n|\n|upkeep\n|turn|7\n|\n|t:|1700594514\n|move|p2a: Empoleon|Vacuum Wave|p1a: Great Tusk\n|-damage|p1a: Great Tusk|79\/100\n|move|p1a: Great Tusk|Close Combat|p2a: Empoleon\n|-resisted|p2a: Empoleon\n|-damage|p2a: Empoleon|0 fnt\n|-unboost|p1a: Great Tusk|def|1\n|-unboost|p1a: Great Tusk|spd|1\n|faint|p2a: Empoleon\n|\n|upkeep\n|inactive|JackJas02 has 120 seconds left.\n|\n|t:|1700594535\n|switch|p2a: Dragonite|Dragonite, F|100\/100\n|turn|8\n|\n|t:|1700594549\n|-end|p1a: Great Tusk|Protosynthesis|[silent]\n|switch|p1a: Zapdos|Zapdos|100\/100\n|move|p2a: Dragonite|Earthquake|p1a: Zapdos\n|-immune|p1a: Zapdos\n|\n|upkeep\n|turn|9\n|\n|t:|1700594559\n|move|p2a: Dragonite|Ice Spinner|p1a: Zapdos\n|-supereffective|p1a: Zapdos\n|-damage|p1a: Zapdos|33\/100\n|move|p1a: Zapdos|U-turn|p2a: Dragonite\n|-resisted|p2a: Dragonite\n|-damage|p2a: Dragonite|93\/100\n|\n|t:|1700594577\n|switch|p1a: Hatterene|Hatterene, F|100\/100|[from] U-turn\n|\n|-heal|p2a: Dragonite|99\/100|[from] item: Leftovers\n|upkeep\n|turn|10\n|\n|t:|1700594593\n|switch|p2a: Ursaluna|Ursaluna, F, shiny|90\/100 brn\n|move|p1a: Hatterene|Nuzzle|p2a: Ursaluna\n|-immune|p2a: Ursaluna\n|\n|-damage|p2a: Ursaluna|84\/100 brn|[from] brn\n|upkeep\n|turn|11\n|\n|t:|1700594604\n|move|p2a: Ursaluna|Shadow Claw|p1a: Hatterene\n|-supereffective|p1a: Hatterene\n|-damage|p1a: Hatterene|9\/100\n|move|p1a: Hatterene|Draining Kiss|p2a: Ursaluna\n|-damage|p2a: Ursaluna|52\/100 brn\n|-heal|p1a: Hatterene|40\/100|[from] drain|[of] p2a: Ursaluna\n|\n|-heal|p1a: Hatterene|46\/100|[from] item: Leftovers\n|-damage|p2a: Ursaluna|46\/100 brn|[from] brn\n|upkeep\n|turn|12\n|\n|t:|1700594612\n|switch|p1a: Zapdos|Zapdos|33\/100\n|move|p2a: Ursaluna|Facade|p1a: Zapdos\n|-damage|p1a: Zapdos|0 fnt\n|faint|p1a: Zapdos\n|\n|-damage|p2a: Ursaluna|40\/100 brn|[from] brn\n|upkeep\n|\n|t:|1700594617\n|switch|p1a: Great Tusk|Great Tusk|79\/100\n|turn|13\n|\n|t:|1700594626\n|move|p1a: Great Tusk|Close Combat|p2a: Ursaluna\n|-supereffective|p2a: Ursaluna\n|-crit|p2a: Ursaluna\n|-damage|p2a: Ursaluna|0 fnt\n|-unboost|p1a: Great Tusk|def|1\n|-unboost|p1a: Great Tusk|spd|1\n|faint|p2a: Ursaluna\n|\n|upkeep\n|\n|t:|1700594632\n|switch|p2a: Dragonite|Dragonite, F|99\/100\n|turn|14\n|\n|t:|1700594651\n|-end|p1a: Great Tusk|Protosynthesis|[silent]\n|switch|p1a: Hatterene|Hatterene, F|46\/100\n|move|p2a: Dragonite|Dragon Dance|p2a: Dragonite\n|-boost|p2a: Dragonite|atk|1\n|-boost|p2a: Dragonite|spe|1\n|\n|-heal|p2a: Dragonite|100\/100|[from] item: Leftovers\n|-heal|p1a: Hatterene|52\/100|[from] item: Leftovers\n|upkeep\n|turn|15\n|\n|t:|1700594660\n|move|p2a: Dragonite|Earthquake|p1a: Hatterene\n|-damage|p1a: Hatterene|0 fnt\n|faint|p1a: Hatterene\n|\n|upkeep\n|\n|t:|1700594668\n|switch|p1a: Heatran|Heatran, F|100\/100\n|-item|p1a: Heatran|Air Balloon\n|turn|16\n|\n|t:|1700594680\n|move|p2a: Dragonite|Extreme Speed|p1a: Heatran\n|-resisted|p1a: Heatran\n|-damage|p1a: Heatran|81\/100\n|-enditem|p1a: Heatran|Air Balloon\n|move|p1a: Heatran|Magma Storm|p2a: Dragonite|[miss]\n|-miss|p1a: Heatran|p2a: Dragonite\n|\n|upkeep\n|turn|17\n|\n|t:|1700594686\n|-terastallize|p1a: Heatran|Grass\n|move|p2a: Dragonite|Earthquake|p1a: Heatran\n|-resisted|p1a: Heatran\n|-damage|p1a: Heatran|57\/100\n|move|p1a: Heatran|Magma Storm|p2a: Dragonite\n|-resisted|p2a: Dragonite\n|-damage|p2a: Dragonite|72\/100\n|-activate|p2a: Dragonite|move: Magma Storm|[of] p1a: Heatran\n|\n|-heal|p2a: Dragonite|78\/100|[from] item: Leftovers\n|-damage|p2a: Dragonite|66\/100|[from] move: Magma Storm|[partiallytrapped]\n|upkeep\n|turn|18\n|\n|t:|1700594696\n|move|p2a: Dragonite|Ice Spinner|p1a: Heatran\n|-supereffective|p1a: Heatran\n|-damage|p1a: Heatran|0 fnt\n|faint|p1a: Heatran\n|\n|-heal|p2a: Dragonite|72\/100|[from] item: Leftovers\n|-end|p2a: Dragonite|Magma Storm|[partiallytrapped]|[silent]\n|upkeep\n|\n|t:|1700594699\n|switch|p1a: Dragapult|Dragapult, M|100\/100\n|turn|19\n|\n|t:|1700594707\n|switch|p2a: Ninetales|Ninetales-Alola, F, shiny|100\/100\n|-weather|Snow|[from] ability: Snow Warning|[of] p2a: Ninetales\n|move|p1a: Dragapult|Draco Meteor|p2a: Ninetales\n|-immune|p2a: Ninetales\n|\n|-weather|Snow|[upkeep]\n|upkeep\n|turn|20\n|-message|TalosKnight forfeited.\n|\n|win|JackJas02\n|raw|TalosKnight's rating: 1382 &rarr; <strong>1362<\/strong><br \/>(-20 for losing)\n|raw|JackJas02's rating: 1380 &rarr; <strong>1400<\/strong><br \/>(+20 for winning)\n|l|\u2606TalosKnight\n|c|\u2606JackJas02|gg\n","uploadtime":1700594725,"views":11,"p1id":"talosknight","p2id":"jackjas02","formatid":"gen9ou","rating":1362,"private":0,"password":""}