{"id":"gen9ou-1991358935","p1":"darkwuz","p2":"Swizzo12","format":"[Gen 9] OU","log":"|j|\u2606darkwuz\n|j|\u2606Swizzo12\n|t:|1700070529\n|gametype|singles\n|player|p1|darkwuz|benga|1408\n|player|p2|Swizzo12|riley|1314\n|teamsize|p1|6\n|teamsize|p2|6\n|gen|9\n|tier|[Gen 9] OU\n|rated|\n|rule|Sleep Clause Mod: Limit one foe put to sleep\n|rule|Species Clause: Limit one of each Pok\u00e9mon\n|rule|OHKO Clause: OHKO moves are banned\n|rule|Evasion Items Clause: Evasion items are banned\n|rule|Evasion Moves Clause: Evasion moves are banned\n|rule|Endless Battle Clause: Forcing endless battles is banned\n|rule|HP Percentage Mod: HP is shown in percentages\n|clearpoke\n|poke|p1|Hydreigon, M|\n|poke|p1|Ariados, M|\n|poke|p1|Greninja-*, M|\n|poke|p1|Great Tusk|\n|poke|p1|Corviknight, M|\n|poke|p1|Lurantis, F|\n|poke|p2|Tyranitar, M|\n|poke|p2|Zapdos|\n|poke|p2|Landorus-Therian, M|\n|poke|p2|Lucario, F|\n|poke|p2|Walking Wake|\n|poke|p2|Ceruledge, F|\n|teampreview\n|inactive|Battle timer is ON: inactive players will automatically lose when time's up. (requested by Swizzo12)\n|\n|t:|1700070542\n|start\n|switch|p1a: Ariados|Ariados, M|100\/100\n|switch|p2a: Landorus|Landorus-Therian, M|100\/100\n|-ability|p2a: Landorus|Intimidate|boost\n|-unboost|p1a: Ariados|atk|1\n|turn|1\n|\n|t:|1700070550\n|move|p2a: Landorus|U-turn|p1a: Ariados\n|-resisted|p1a: Ariados\n|-damage|p1a: Ariados|77\/100\n|\n|t:|1700070553\n|switch|p2a: Lucario|Lucario, F|100\/100|[from] U-turn\n|move|p1a: Ariados|Sticky Web|p2a: Lucario\n|-sidestart|p2: Swizzo12|move: Sticky Web\n|\n|upkeep\n|turn|2\n|\n|t:|1700070557\n|move|p2a: Lucario|Swords Dance|p2a: Lucario\n|-boost|p2a: Lucario|atk|2\n|move|p1a: Ariados|Toxic Spikes|p2a: Lucario\n|-sidestart|p2: Swizzo12|move: Toxic Spikes\n|\n|upkeep\n|turn|3\n|\n|t:|1700070562\n|move|p2a: Lucario|Swords Dance|p2a: Lucario\n|-boost|p2a: Lucario|atk|2\n|move|p1a: Ariados|Toxic Spikes|p2a: Lucario\n|-sidestart|p2: Swizzo12|move: Toxic Spikes\n|\n|upkeep\n|turn|4\n|\n|t:|1700070566\n|move|p2a: Lucario|Swords Dance|p2a: Lucario\n|-boost|p2a: Lucario|atk|2\n|move|p1a: Ariados|Giga Drain|p2a: Lucario\n|-resisted|p2a: Lucario\n|-damage|p2a: Lucario|87\/100\n|-heal|p1a: Ariados|84\/100|[from] drain|[of] p2a: Lucario\n|\n|upkeep\n|turn|5\n|\n|t:|1700070571\n|move|p2a: Lucario|Extreme Speed|p1a: Ariados\n|-damage|p1a: Ariados|0 fnt\n|faint|p1a: Ariados\n|-damage|p2a: Lucario|77\/100|[from] item: Life Orb\n|\n|upkeep\n|\n|t:|1700070574\n|switch|p1a: Corviknight|Corviknight, M|100\/100\n|-ability|p1a: Corviknight|Pressure\n|turn|6\n|\n|t:|1700070580\n|-terastallize|p1a: Corviknight|Fairy\n|move|p2a: Lucario|Close Combat|p1a: Corviknight\n|-resisted|p1a: Corviknight\n|-crit|p1a: Corviknight\n|-damage|p1a: Corviknight|0 fnt\n|-unboost|p2a: Lucario|def|1\n|-unboost|p2a: Lucario|spd|1\n|faint|p1a: Corviknight\n|-damage|p2a: Lucario|67\/100|[from] item: Life Orb\n|\n|upkeep\n|\n|t:|1700070586\n|switch|p1a: Great Tusk|Great Tusk|100\/100\n|turn|7\n|\n|t:|1700070591\n|move|p2a: Lucario|Close Combat|p1a: Great Tusk\n|-damage|p1a: Great Tusk|0 fnt\n|-unboost|p2a: Lucario|def|1\n|-unboost|p2a: Lucario|spd|1\n|faint|p1a: Great Tusk\n|-end|p1a: Great Tusk|Protosynthesis|[silent]\n|-damage|p2a: Lucario|57\/100|[from] item: Life Orb\n|\n|upkeep\n|\n|t:|1700070595\n|switch|p1a: Greninja|Greninja, M|100\/100\n|turn|8\n|\n|t:|1700070597\n|-terastallize|p2a: Lucario|Normal\n|move|p2a: Lucario|Extreme Speed|p1a: Greninja\n|-damage|p1a: Greninja|0 fnt\n|faint|p1a: Greninja\n|-damage|p2a: Lucario|47\/100|[from] item: Life Orb\n|\n|upkeep\n|\n|t:|1700070603\n|switch|p1a: Lurantis|Lurantis, F|100\/100\n|turn|9\n|\n|t:|1700070605\n|move|p2a: Lucario|Extreme Speed|p1a: Lurantis\n|-damage|p1a: Lurantis|0 fnt\n|faint|p1a: Lurantis\n|-damage|p2a: Lucario|37\/100|[from] item: Life Orb\n|\n|upkeep\n|inactive|darkwuz has 120 seconds left.\n|\n|t:|1700070638\n|switch|p1a: Hydreigon|Hydreigon, M|100\/100\n|turn|10\n|\n|t:|1700070641\n|move|p2a: Lucario|Extreme Speed|p1a: Hydreigon\n|-damage|p1a: Hydreigon|0 fnt\n|faint|p1a: Hydreigon\n|-damage|p2a: Lucario|27\/100|[from] item: Life Orb\n|\n|win|Swizzo12\n|raw|darkwuz's rating: 1408 &rarr; <strong>1383<\/strong><br \/>(-25 for losing)\n|raw|Swizzo12's rating: 1314 &rarr; <strong>1339<\/strong><br \/>(+25 for winning)\n|l|\u2606darkwuz\n","uploadtime":1700070651,"views":10,"p1id":"darkwuz","p2id":"swizzo12","formatid":"gen9ou","rating":1339,"private":0,"password":""}