{"id":"gen9ou-1989344058","p1":"agagagqweqwe","p2":"TheSilvySilv","format":"[Gen 9] OU","log":"|j|\u2606agagagqweqwe\n|j|\u2606TheSilvySilv\n|t:|1699838726\n|gametype|singles\n|player|p1|agagagqweqwe|1|1593\n|player|p2|TheSilvySilv|ghetsis|1718\n|teamsize|p1|6\n|teamsize|p2|6\n|gen|9\n|tier|[Gen 9] OU\n|rated|\n|rule|Sleep Clause Mod: Limit one foe put to sleep\n|rule|Species Clause: Limit one of each Pok\u00e9mon\n|rule|OHKO Clause: OHKO moves are banned\n|rule|Evasion Items Clause: Evasion items are banned\n|rule|Evasion Moves Clause: Evasion moves are banned\n|rule|Endless Battle Clause: Forcing endless battles is banned\n|rule|HP Percentage Mod: HP is shown in percentages\n|clearpoke\n|poke|p1|Hatterene, F|\n|poke|p1|Volcanion|\n|poke|p1|Landorus-Therian, M|\n|poke|p1|Magnezone|\n|poke|p1|Ogerpon-Cornerstone, F|\n|poke|p1|Weavile, M|\n|poke|p2|Rillaboom, F|\n|poke|p2|Heatran, M|\n|poke|p2|Sneasler, M|\n|poke|p2|Ogerpon-Wellspring, F|\n|poke|p2|Landorus-Therian, M|\n|poke|p2|Gholdengo|\n|teampreview\n|inactive|Battle timer is ON: inactive players will automatically lose when time's up. (requested by TheSilvySilv)\n|\n|t:|1699838740\n|start\n|switch|p1a: Landorus|Landorus-Therian, M|100\/100\n|switch|p2a: Landorus|Landorus-Therian, M|100\/100\n|-ability|p1a: Landorus|Intimidate|boost\n|-unboost|p2a: Landorus|atk|1\n|-ability|p2a: Landorus|Intimidate|boost\n|-unboost|p1a: Landorus|atk|1\n|turn|1\n|\n|t:|1699838745\n|-terastallize|p1a: Landorus|Ice\n|move|p1a: Landorus|Tera Blast|p2a: Landorus|[anim] Tera Blast Ice\n|-supereffective|p2a: Landorus\n|-damage|p2a: Landorus|0 fnt\n|faint|p2a: Landorus\n|\n|upkeep\n|c|\u2606TheSilvySilv|Based\n|c|\u2606TheSilvySilv|im not even mad\n|\n|t:|1699838769\n|switch|p2a: DPP OU|Heatran, M|100\/100\n|turn|2\n|\n|t:|1699838772\n|switch|p1a: Volcanion|Volcanion|100\/100\n|move|p2a: DPP OU|Stealth Rock|p1a: Volcanion\n|-sidestart|p1: agagagqweqwe|move: Stealth Rock\n|\n|upkeep\n|turn|3\n|\n|t:|1699838779\n|switch|p2a: HEY SQUIDWARD|Ogerpon-Wellspring, F|100\/100\n|move|p1a: Volcanion|Sludge Bomb|p2a: HEY SQUIDWARD\n|-supereffective|p2a: HEY SQUIDWARD\n|-damage|p2a: HEY SQUIDWARD|16\/100\n|-status|p2a: HEY SQUIDWARD|psn\n|\n|-damage|p2a: HEY SQUIDWARD|4\/100 psn|[from] psn\n|upkeep\n|turn|4\n|c|\u2606TheSilvySilv|Wp\n|\n|t:|1699838788\n|move|p2a: HEY SQUIDWARD|Power Whip|p1a: Volcanion\n|-damage|p1a: Volcanion|36\/100\n|move|p1a: Volcanion|Earth Power|p2a: HEY SQUIDWARD\n|-resisted|p2a: HEY SQUIDWARD\n|-damage|p2a: HEY SQUIDWARD|0 fnt\n|faint|p2a: HEY SQUIDWARD\n|\n|upkeep\n|\n|t:|1699838797\n|switch|p2a: BOOM BOOM BOOM|Rillaboom, F|100\/100\n|-fieldstart|move: Grassy Terrain|[from] ability: Grassy Surge|[of] p2a: BOOM BOOM BOOM\n|turn|5\n|\n|t:|1699838799\n|move|p2a: BOOM BOOM BOOM|Wood Hammer|p1a: Volcanion\n|-damage|p1a: Volcanion|0 fnt\n|faint|p1a: Volcanion\n|-damage|p2a: BOOM BOOM BOOM|88\/100|[from] Recoil\n|-damage|p2a: BOOM BOOM BOOM|79\/100|[from] item: Life Orb\n|\n|-heal|p2a: BOOM BOOM BOOM|85\/100|[from] Grassy Terrain\n|upkeep\n|\n|t:|1699838805\n|switch|p1a: Weavile|Weavile, M|100\/100\n|-damage|p1a: Weavile|76\/100|[from] Stealth Rock\n|turn|6\n|\n|t:|1699838808\n|switch|p2a: DPP OU|Heatran, M|100\/100\n|move|p1a: Weavile|Knock Off|p2a: DPP OU\n|-damage|p2a: DPP OU|57\/100\n|-enditem|p2a: DPP OU|Leftovers|[from] move: Knock Off|[of] p1a: Weavile\n|\n|-heal|p1a: Weavile|82\/100|[from] Grassy Terrain\n|-heal|p2a: DPP OU|64\/100|[from] Grassy Terrain\n|upkeep\n|turn|7\n|\n|t:|1699838820\n|switch|p1a: Hatterene|Hatterene, F|100\/100\n|-damage|p1a: Hatterene|88\/100|[from] Stealth Rock\n|move|p2a: DPP OU|Magma Storm|p1a: Hatterene|[miss]\n|-miss|p2a: DPP OU|p1a: Hatterene\n|\n|-heal|p2a: DPP OU|70\/100|[from] Grassy Terrain\n|-heal|p1a: Hatterene|94\/100|[from] Grassy Terrain\n|-heal|p1a: Hatterene|99\/100|[from] item: Leftovers\n|upkeep\n|turn|8\n|\n|t:|1699838826\n|move|p2a: DPP OU|Magma Storm|p1a: Hatterene\n|-damage|p1a: Hatterene|65\/100\n|-activate|p1a: Hatterene|move: Magma Storm|[of] p2a: DPP OU\n|move|p1a: Hatterene|Nuzzle|p2a: DPP OU\n|-damage|p2a: DPP OU|66\/100\n|-status|p2a: DPP OU|par\n|\n|-heal|p2a: DPP OU|72\/100 par|[from] Grassy Terrain\n|-heal|p1a: Hatterene|71\/100|[from] Grassy Terrain\n|-heal|p1a: Hatterene|77\/100|[from] item: Leftovers\n|-damage|p1a: Hatterene|65\/100|[from] move: Magma Storm|[partiallytrapped]\n|upkeep\n|turn|9\n|\n|t:|1699838832\n|move|p2a: DPP OU|Magma Storm|p1a: Hatterene\n|-damage|p1a: Hatterene|25\/100\n|move|p1a: Hatterene|Psyshock|p2a: DPP OU\n|-resisted|p2a: DPP OU\n|-damage|p2a: DPP OU|53\/100 par\n|\n|-heal|p2a: DPP OU|59\/100 par|[from] Grassy Terrain\n|-heal|p1a: Hatterene|31\/100|[from] Grassy Terrain\n|-heal|p1a: Hatterene|37\/100|[from] item: Leftovers\n|-damage|p1a: Hatterene|24\/100|[from] move: Magma Storm|[partiallytrapped]\n|-fieldend|move: Grassy Terrain\n|upkeep\n|turn|10\n|\n|t:|1699838836\n|move|p2a: DPP OU|Earth Power|p1a: Hatterene\n|-damage|p1a: Hatterene|3\/100\n|move|p1a: Hatterene|Psyshock|p2a: DPP OU\n|-resisted|p2a: DPP OU\n|-damage|p2a: DPP OU|41\/100 par\n|\n|-heal|p1a: Hatterene|9\/100|[from] item: Leftovers\n|-damage|p1a: Hatterene|0 fnt|[from] move: Magma Storm|[partiallytrapped]\n|faint|p1a: Hatterene\n|upkeep\n|\n|t:|1699838842\n|switch|p1a: Magnezone|Magnezone|100\/100\n|-damage|p1a: Magnezone|94\/100|[from] Stealth Rock\n|turn|11\n|\n|t:|1699838846\n|move|p1a: Magnezone|Volt Switch|p2a: DPP OU\n|-crit|p2a: DPP OU\n|-damage|p2a: DPP OU|0 fnt\n|faint|p2a: DPP OU\n|j| FatherSuperior7\n|\n|t:|1699838853\n|switch|p1a: Weavile|Weavile, M|82\/100|[from] Volt Switch\n|-damage|p1a: Weavile|57\/100|[from] Stealth Rock\n|\n|upkeep\n|l| FatherSuperior7\n|\n|t:|1699838860\n|switch|p2a: BOOM BOOM BOOM|Rillaboom, F|85\/100\n|-fieldstart|move: Grassy Terrain|[from] ability: Grassy Surge|[of] p2a: BOOM BOOM BOOM\n|turn|12\n|\n|t:|1699838863\n|move|p2a: BOOM BOOM BOOM|Grassy Glide|p1a: Weavile\n|-damage|p1a: Weavile|0 fnt\n|faint|p1a: Weavile\n|-damage|p2a: BOOM BOOM BOOM|75\/100|[from] item: Life Orb\n|\n|-heal|p2a: BOOM BOOM BOOM|81\/100|[from] Grassy Terrain\n|upkeep\n|\n|t:|1699838869\n|switch|p1a: Landorus|Landorus-Therian, M, tera:Ice|100\/100\n|-damage|p1a: Landorus|76\/100|[from] Stealth Rock\n|-ability|p1a: Landorus|Intimidate|boost\n|-unboost|p2a: BOOM BOOM BOOM|atk|1\n|turn|13\n|\n|t:|1699838875\n|switch|p2a: Gholdengo|Gholdengo|100\/100\n|-item|p2a: Gholdengo|Air Balloon\n|move|p1a: Landorus|Tera Blast|p2a: Gholdengo|[anim] Tera Blast Ice\n|-resisted|p2a: Gholdengo\n|-crit|p2a: Gholdengo\n|-damage|p2a: Gholdengo|77\/100\n|-enditem|p2a: Gholdengo|Air Balloon\n|\n|-heal|p1a: Landorus|82\/100|[from] Grassy Terrain\n|-heal|p2a: Gholdengo|83\/100|[from] Grassy Terrain\n|upkeep\n|turn|14\n|\n|t:|1699838881\n|switch|p1a: Magnezone|Magnezone|94\/100\n|-damage|p1a: Magnezone|88\/100|[from] Stealth Rock\n|move|p2a: Gholdengo|Nasty Plot|p2a: Gholdengo\n|-boost|p2a: Gholdengo|spa|2\n|\n|-heal|p1a: Magnezone|94\/100|[from] Grassy Terrain\n|-heal|p2a: Gholdengo|89\/100|[from] Grassy Terrain\n|upkeep\n|turn|15\n|\n|t:|1699838885\n|move|p1a: Magnezone|Thunderbolt|p2a: Gholdengo\n|-damage|p2a: Gholdengo|14\/100\n|move|p2a: Gholdengo|Shadow Ball|p1a: Magnezone\n|-damage|p1a: Magnezone|0 fnt\n|faint|p1a: Magnezone\n|\n|-heal|p2a: Gholdengo|20\/100|[from] Grassy Terrain\n|upkeep\n|\n|t:|1699838888\n|switch|p1a: Landorus|Landorus-Therian, M, tera:Ice|82\/100\n|-damage|p1a: Landorus|57\/100|[from] Stealth Rock\n|-ability|p1a: Landorus|Intimidate|boost\n|-unboost|p2a: Gholdengo|atk|1\n|turn|16\n|\n|t:|1699838896\n|move|p1a: Landorus|Tera Blast|p2a: Gholdengo|[anim] Tera Blast Ice\n|-resisted|p2a: Gholdengo\n|-damage|p2a: Gholdengo|3\/100\n|move|p2a: Gholdengo|Make It Rain|p1a: Landorus\n|-supereffective|p1a: Landorus\n|-damage|p1a: Landorus|0 fnt\n|-unboost|p2a: Gholdengo|spa|1\n|faint|p1a: Landorus\n|\n|-heal|p2a: Gholdengo|9\/100|[from] Grassy Terrain\n|-fieldend|move: Grassy Terrain\n|upkeep\n|\n|t:|1699838897\n|switch|p1a: Ogerpon|Ogerpon-Cornerstone, F|100\/100\n|-damage|p1a: Ogerpon|88\/100|[from] Stealth Rock\n|turn|17\n|\n|t:|1699838902\n|move|p1a: Ogerpon|Horn Leech|p2a: Gholdengo\n|-resisted|p2a: Gholdengo\n|-damage|p2a: Gholdengo|0 fnt\n|-heal|p1a: Ogerpon|94\/100|[from] drain|[of] p2a: Gholdengo\n|faint|p2a: Gholdengo\n|\n|upkeep\n|\n|t:|1699838905\n|switch|p2a: BOOM BOOM BOOM|Rillaboom, F|81\/100\n|-fieldstart|move: Grassy Terrain|[from] ability: Grassy Surge|[of] p2a: BOOM BOOM BOOM\n|turn|18\n|\n|t:|1699838909\n|move|p2a: BOOM BOOM BOOM|Grassy Glide|p1a: Ogerpon\n|-damage|p1a: Ogerpon|31\/100\n|-damage|p2a: BOOM BOOM BOOM|71\/100|[from] item: Life Orb\n|move|p1a: Ogerpon|Swords Dance|p1a: Ogerpon\n|-boost|p1a: Ogerpon|atk|2\n|\n|-heal|p1a: Ogerpon|37\/100|[from] Grassy Terrain\n|-heal|p2a: BOOM BOOM BOOM|77\/100|[from] Grassy Terrain\n|upkeep\n|turn|19\n|c|\u2606agagagqweqwe|gg\n|\n|t:|1699838914\n|-terastallize|p2a: BOOM BOOM BOOM|Grass\n|move|p2a: BOOM BOOM BOOM|Grassy Glide|p1a: Ogerpon\n|-damage|p1a: Ogerpon|0 fnt\n|faint|p1a: Ogerpon\n|-damage|p2a: BOOM BOOM BOOM|67\/100|[from] item: Life Orb\n|\n|win|TheSilvySilv\n|raw|agagagqweqwe's rating: 1593 &rarr; <strong>1580<\/strong><br \/>(-13 for losing)\n|raw|TheSilvySilv's rating: 1718 &rarr; <strong>1731<\/strong><br \/>(+13 for winning)\n|c|\u2606TheSilvySilv|Gg\n|l|\u2606agagagqweqwe\n|l|\u2606TheSilvySilv\n","uploadtime":1699839021,"views":6,"p1id":"agagagqweqwe","p2id":"thesilvysilv","formatid":"gen9ou","rating":1580,"private":0,"password":""}