{"id":"gen9ou-1991971818","p1":"819u50y18b5","p2":"andresmauro","format":"[Gen 9] OU","log":"|j|\u2606819u50y18b5\n|j|\u2606andresmauro\n|t:|1700143897\n|gametype|singles\n|player|p1|819u50y18b5|266|1574\n|player|p2|andresmauro|169|1605\n|teamsize|p1|6\n|teamsize|p2|6\n|gen|9\n|tier|[Gen 9] OU\n|rated|\n|rule|Sleep Clause Mod: Limit one foe put to sleep\n|rule|Species Clause: Limit one of each Pok\u00e9mon\n|rule|OHKO Clause: OHKO moves are banned\n|rule|Evasion Items Clause: Evasion items are banned\n|rule|Evasion Moves Clause: Evasion moves are banned\n|rule|Endless Battle Clause: Forcing endless battles is banned\n|rule|HP Percentage Mod: HP is shown in percentages\n|clearpoke\n|poke|p1|Torkoal, M|\n|poke|p1|Ceruledge, F|\n|poke|p1|Walking Wake|\n|poke|p1|Great Tusk|\n|poke|p1|Iron Moth|\n|poke|p1|Kingambit, F|\n|poke|p2|Weezing-Galar, M|\n|poke|p2|Garganacl, F|\n|poke|p2|Dragapult, F|\n|poke|p2|Sneasler, F|\n|poke|p2|Rillaboom, M|\n|poke|p2|Kingambit, M|\n|teampreview\n|inactive|Battle timer is ON: inactive players will automatically lose when time's up. (requested by 819u50y18b5)\n|inactive|andresmauro has 120 seconds left.\n|\n|t:|1700143931\n|start\n|switch|p1a: Dumbo|Great Tusk|100\/100\n|switch|p2a: Garganacl|Garganacl, F|100\/100\n|turn|1\n|\n|t:|1700143939\n|move|p1a: Dumbo|Bulk Up|p1a: Dumbo\n|-boost|p1a: Dumbo|atk|1\n|-boost|p1a: Dumbo|def|1\n|move|p2a: Garganacl|Curse|p2a: Garganacl\n|-unboost|p2a: Garganacl|spe|1\n|-boost|p2a: Garganacl|atk|1\n|-boost|p2a: Garganacl|def|1\n|\n|upkeep\n|turn|2\n|\n|t:|1700143944\n|move|p1a: Dumbo|Bulk Up|p1a: Dumbo\n|-boost|p1a: Dumbo|atk|1\n|-boost|p1a: Dumbo|def|1\n|move|p2a: Garganacl|Curse|p2a: Garganacl\n|-unboost|p2a: Garganacl|spe|1\n|-boost|p2a: Garganacl|atk|1\n|-boost|p2a: Garganacl|def|1\n|\n|upkeep\n|turn|3\n|\n|t:|1700143950\n|move|p1a: Dumbo|Bulk Up|p1a: Dumbo\n|-boost|p1a: Dumbo|atk|1\n|-boost|p1a: Dumbo|def|1\n|move|p2a: Garganacl|Curse|p2a: Garganacl\n|-unboost|p2a: Garganacl|spe|1\n|-boost|p2a: Garganacl|atk|1\n|-boost|p2a: Garganacl|def|1\n|\n|upkeep\n|turn|4\n|\n|t:|1700143955\n|-terastallize|p2a: Garganacl|Ghost\n|move|p1a: Dumbo|Bulk Up|p1a: Dumbo\n|-boost|p1a: Dumbo|atk|1\n|-boost|p1a: Dumbo|def|1\n|move|p2a: Garganacl|Salt Cure|p1a: Dumbo\n|-resisted|p1a: Dumbo\n|-damage|p1a: Dumbo|98\/100\n|-start|p1a: Dumbo|Salt Cure\n|\n|-heal|p1a: Dumbo|100\/100|[from] item: Leftovers\n|-damage|p1a: Dumbo|88\/100|[from] Salt Cure\n|upkeep\n|turn|5\n|\n|t:|1700143962\n|move|p1a: Dumbo|Headlong Rush|p2a: Garganacl\n|-crit|p2a: Garganacl\n|-damage|p2a: Garganacl|0 fnt\n|-unboost|p1a: Dumbo|def|1\n|-unboost|p1a: Dumbo|spd|1\n|faint|p2a: Garganacl\n|\n|-heal|p1a: Dumbo|94\/100|[from] item: Leftovers\n|-damage|p1a: Dumbo|82\/100|[from] Salt Cure\n|upkeep\n|c|\u2606andresmauro|mennn\n|c|\u2606andresmauro|your fuck hax\n|\n|t:|1700143971\n|switch|p2a: Dragapult|Dragapult, F|100\/100\n|turn|6\n|\n|t:|1700143978\n|-end|p1a: Dumbo|Protosynthesis|[silent]\n|switch|p1a: Felipe VI|Kingambit, F|100\/100\n|move|p2a: Dragapult|Shadow Ball|p1a: Felipe VI\n|-resisted|p1a: Felipe VI\n|-damage|p1a: Felipe VI|76\/100\n|\n|-heal|p1a: Felipe VI|82\/100|[from] item: Leftovers\n|upkeep\n|turn|7\n|\n|t:|1700143991\n|switch|p2a: Weezing|Weezing-Galar, M, shiny|100\/100\n|-ability|p2a: Weezing|Neutralizing Gas\n|move|p1a: Felipe VI|Swords Dance|p1a: Felipe VI\n|-boost|p1a: Felipe VI|atk|2\n|\n|-heal|p1a: Felipe VI|88\/100|[from] item: Leftovers\n|upkeep\n|turn|8\n|c|\u2606andresmauro|this is a big hax\n|\n|t:|1700144002\n|-terastallize|p1a: Felipe VI|Flying\n|move|p2a: Weezing|Will-O-Wisp|p1a: Felipe VI\n|-status|p1a: Felipe VI|brn\n|move|p1a: Felipe VI|Tera Blast|p2a: Weezing|[anim] Tera Blast Flying\n|-damage|p2a: Weezing|69\/100\n|\n|-heal|p2a: Weezing|75\/100|[from] item: Leftovers\n|-heal|p1a: Felipe VI|94\/100 brn|[from] item: Leftovers\n|-damage|p1a: Felipe VI|88\/100 brn|[from] brn\n|upkeep\n|turn|9\n|\n|t:|1700144009\n|-end|p1a: Felipe VI|fallenundefined|[silent]\n|switch|p1a: Torkoal|Torkoal, M|100\/100\n|move|p2a: Weezing|Clear Smog|p1a: Torkoal\n|-damage|p1a: Torkoal|86\/100\n|-clearboost|p1a: Torkoal\n|\n|-heal|p2a: Weezing|81\/100|[from] item: Leftovers\n|upkeep\n|turn|10\n|\n|t:|1700144016\n|-end|p2a: Weezing|ability: Neutralizing Gas\n|-weather|SunnyDay|[from] ability: Drought|[of] p1a: Torkoal\n|switch|p2a: Dragapult|Dragapult, F|100\/100\n|move|p1a: Torkoal|Stealth Rock|p2a: Dragapult\n|-sidestart|p2: andresmauro|move: Stealth Rock\n|\n|-weather|SunnyDay|[upkeep]\n|upkeep\n|turn|11\n|\n|t:|1700144028\n|move|p2a: Dragapult|Draco Meteor|p1a: Torkoal\n|-damage|p1a: Torkoal|0 fnt\n|-unboost|p2a: Dragapult|spa|2\n|faint|p1a: Torkoal\n|\n|-weather|SunnyDay|[upkeep]\n|upkeep\n|\n|t:|1700144031\n|switch|p1a: Ceruledge|Ceruledge, F|100\/100\n|turn|12\n|\n|t:|1700144035\n|move|p2a: Dragapult|Draco Meteor|p1a: Ceruledge|[miss]\n|-miss|p2a: Dragapult|p1a: Ceruledge\n|move|p1a: Ceruledge|Swords Dance|p1a: Ceruledge\n|-boost|p1a: Ceruledge|atk|2\n|\n|-weather|SunnyDay|[upkeep]\n|upkeep\n|turn|13\n|\n|t:|1700144038\n|move|p2a: Dragapult|Draco Meteor|p1a: Ceruledge\n|-damage|p1a: Ceruledge|57\/100\n|-unboost|p2a: Dragapult|spa|2\n|move|p1a: Ceruledge|Swords Dance|p1a: Ceruledge\n|-boost|p1a: Ceruledge|atk|2\n|\n|-weather|SunnyDay|[upkeep]\n|upkeep\n|turn|14\n|c|\u2606andresmauro|and continuo so good\n|\n|t:|1700144044\n|switch|p2a: Weezing|Weezing-Galar, M, shiny|81\/100\n|-ability|p2a: Weezing|Neutralizing Gas\n|-damage|p2a: Weezing|69\/100|[from] Stealth Rock\n|move|p1a: Ceruledge|Shadow Sneak|p2a: Weezing\n|-damage|p2a: Weezing|23\/100\n|\n|-weather|SunnyDay|[upkeep]\n|-heal|p2a: Weezing|29\/100|[from] item: Leftovers\n|upkeep\n|turn|15\n|\n|t:|1700144054\n|move|p1a: Ceruledge|Bitter Blade|p2a: Weezing\n|-damage|p2a: Weezing|0 fnt\n|-heal|p1a: Ceruledge|70\/100|[from] drain|[of] p2a: Weezing\n|faint|p2a: Weezing\n|-end|p2a: Weezing|ability: Neutralizing Gas\n|\n|-weather|SunnyDay|[upkeep]\n|upkeep\n|\n|t:|1700144059\n|switch|p2a: Sneasler|Sneasler, F|100\/100\n|-damage|p2a: Sneasler|95\/100|[from] Stealth Rock\n|turn|16\n|\n|t:|1700144066\n|move|p1a: Ceruledge|Shadow Sneak|p2a: Sneasler\n|-damage|p2a: Sneasler|0 fnt\n|faint|p2a: Sneasler\n|\n|-weather|SunnyDay|[upkeep]\n|upkeep\n|\n|t:|1700144068\n|switch|p2a: Kingambit|Kingambit, M|100\/100\n|-damage|p2a: Kingambit|94\/100|[from] Stealth Rock\n|-activate|p2a: Kingambit|ability: Supreme Overlord\n|-start|p2a: Kingambit|fallen3|[silent]\n|turn|17\n|\n|t:|1700144083\n|move|p2a: Kingambit|Sucker Punch||[still]\n|-fail|p2a: Kingambit\n|move|p1a: Ceruledge|Swords Dance|p1a: Ceruledge\n|-boost|p1a: Ceruledge|atk|2\n|\n|-weather|none\n|upkeep\n|turn|18\n|\n|t:|1700144089\n|move|p2a: Kingambit|Sucker Punch|p1a: Ceruledge\n|-supereffective|p1a: Ceruledge\n|-damage|p1a: Ceruledge|0 fnt\n|faint|p1a: Ceruledge\n|\n|upkeep\n|\n|t:|1700144094\n|switch|p1a: Dumbo|Great Tusk|82\/100\n|turn|19\n|\n|t:|1700144098\n|-end|p2a: Kingambit|fallen3|[silent]\n|switch|p2a: Rillaboom|Rillaboom, M|100\/100\n|-damage|p2a: Rillaboom|88\/100|[from] Stealth Rock\n|-fieldstart|move: Grassy Terrain|[from] ability: Grassy Surge|[of] p2a: Rillaboom\n|move|p1a: Dumbo|Rapid Spin|p2a: Rillaboom\n|-damage|p2a: Rillaboom|67\/100\n|-boost|p1a: Dumbo|spe|1\n|\n|-heal|p1a: Dumbo|88\/100|[from] Grassy Terrain\n|-heal|p1a: Dumbo|94\/100|[from] item: Leftovers\n|-heal|p2a: Rillaboom|74\/100|[from] Grassy Terrain\n|upkeep\n|turn|20\n|\n|t:|1700144110\n|move|p1a: Dumbo|Ice Spinner|p2a: Rillaboom\n|-supereffective|p2a: Rillaboom\n|-damage|p2a: Rillaboom|11\/100\n|-fieldend|move: Grassy Terrain\n|move|p2a: Rillaboom|U-turn|p1a: Dumbo\n|-resisted|p1a: Dumbo\n|-damage|p1a: Dumbo|80\/100\n|\n|t:|1700144113\n|switch|p2a: Dragapult|Dragapult, F|100\/100|[from] U-turn\n|-damage|p2a: Dragapult|88\/100|[from] Stealth Rock\n|\n|-heal|p1a: Dumbo|86\/100|[from] item: Leftovers\n|upkeep\n|turn|21\n|\n|t:|1700144124\n|-end|p1a: Dumbo|Protosynthesis|[silent]\n|switch|p1a: Polilla de Hierro|Iron Moth|100\/100\n|-enditem|p1a: Polilla de Hierro|Booster Energy\n|-activate|p1a: Polilla de Hierro|ability: Quark Drive|[fromitem]\n|-start|p1a: Polilla de Hierro|quarkdrivespe\n|move|p2a: Dragapult|Shadow Ball|p1a: Polilla de Hierro\n|-damage|p1a: Polilla de Hierro|45\/100\n|\n|upkeep\n|turn|22\n|\n|t:|1700144134\n|move|p1a: Polilla de Hierro|Psychic|p2a: Dragapult\n|-damage|p2a: Dragapult|48\/100\n|move|p2a: Dragapult|Shadow Ball|p1a: Polilla de Hierro\n|-damage|p1a: Polilla de Hierro|0 fnt\n|faint|p1a: Polilla de Hierro\n|-end|p1a: Polilla de Hierro|Quark Drive|[silent]\n|\n|upkeep\n|\n|t:|1700144141\n|switch|p1a: Felipe VI|Kingambit, F, tera:Flying|88\/100 brn\n|-activate|p1a: Felipe VI|ability: Supreme Overlord\n|-start|p1a: Felipe VI|fallen3|[silent]\n|turn|23\n|\n|t:|1700144146\n|switch|p2a: Rillaboom|Rillaboom, M|11\/100\n|-damage|p2a: Rillaboom|0 fnt|[from] Stealth Rock\n|faint|p2a: Rillaboom\n|move|p1a: Felipe VI|Tera Blast|p2: Rillaboom|[notarget]\n|-fail|p1a: Felipe VI\n|\n|-heal|p1a: Felipe VI|94\/100 brn|[from] item: Leftovers\n|-damage|p1a: Felipe VI|88\/100 brn|[from] brn\n|upkeep\n|\n|t:|1700144149\n|switch|p2a: Kingambit|Kingambit, M|94\/100\n|-damage|p2a: Kingambit|88\/100|[from] Stealth Rock\n|-activate|p2a: Kingambit|ability: Supreme Overlord\n|-start|p2a: Kingambit|fallen4|[silent]\n|turn|24\n|\n|t:|1700144155\n|move|p2a: Kingambit|Low Kick|p1a: Felipe VI\n|-resisted|p1a: Felipe VI\n|-damage|p1a: Felipe VI|67\/100 brn\n|move|p1a: Felipe VI|Low Kick|p2a: Kingambit\n|-supereffective|p2a: Kingambit\n|-damage|p2a: Kingambit|11\/100\n|\n|-heal|p1a: Felipe VI|73\/100 brn|[from] item: Leftovers\n|-damage|p1a: Felipe VI|67\/100 brn|[from] brn\n|upkeep\n|turn|25\n|\n|t:|1700144163\n|move|p2a: Kingambit|Sucker Punch|p1a: Felipe VI\n|-damage|p1a: Felipe VI|12\/100 brn\n|move|p1a: Felipe VI|Tera Blast|p2a: Kingambit|[anim] Tera Blast Flying\n|-resisted|p2a: Kingambit\n|-damage|p2a: Kingambit|0 fnt\n|faint|p2a: Kingambit\n|-end|p2a: Kingambit|fallen4|[silent]\n|\n|-heal|p1a: Felipe VI|18\/100 brn|[from] item: Leftovers\n|-damage|p1a: Felipe VI|12\/100 brn|[from] brn\n|upkeep\n|c|\u2606andresmauro|noob\n|-message|andresmauro forfeited.\n|\n|win|819u50y18b5\n|raw|819u50y18b5's rating: 1574 &rarr; <strong>1596<\/strong><br \/>(+22 for winning)\n|raw|andresmauro's rating: 1605 &rarr; <strong>1583<\/strong><br \/>(-22 for losing)\n","uploadtime":1700143968,"views":11,"p1id":"819u50y18b5","p2id":"andresmauro","formatid":"gen9ou","rating":1583,"private":0,"password":""}