{"id":"gen9ou-1993023423","p1":"CheesyBrie","p2":"Sec-able4","format":"[Gen 9] OU","log":"|j|\u2606CheesyBrie\n|j|\u2606Sec-able4\n|t:|1700256472\n|gametype|singles\n|player|p1|CheesyBrie|bellelba|1291\n|player|p2|Sec-able4|wallace|1343\n|teamsize|p1|6\n|teamsize|p2|6\n|gen|9\n|tier|[Gen 9] OU\n|rated|\n|rule|Sleep Clause Mod: Limit one foe put to sleep\n|rule|Species Clause: Limit one of each Pok\u00e9mon\n|rule|OHKO Clause: OHKO moves are banned\n|rule|Evasion Items Clause: Evasion items are banned\n|rule|Evasion Moves Clause: Evasion moves are banned\n|rule|Endless Battle Clause: Forcing endless battles is banned\n|rule|HP Percentage Mod: HP is shown in percentages\n|clearpoke\n|poke|p1|Rillaboom, F|\n|poke|p1|Sneasler, F|\n|poke|p1|Hatterene, F|\n|poke|p1|Samurott-Hisui, F|\n|poke|p1|Iron Moth|\n|poke|p1|Gholdengo|\n|poke|p2|Kingambit, F|\n|poke|p2|Great Tusk|\n|poke|p2|Dragapult, M|\n|poke|p2|Ogerpon-Wellspring, F|\n|poke|p2|Blissey, F|\n|poke|p2|Zapdos|\n|teampreview\n|inactive|Battle timer is ON: inactive players will automatically lose when time's up. (requested by Sec-able4)\n|\n|t:|1700256481\n|start\n|switch|p1a: Samurott|Samurott-Hisui, F|100\/100\n|switch|p2a: Zapdos|Zapdos|100\/100\n|turn|1\n|\n|t:|1700256489\n|-terastallize|p1a: Samurott|Ground\n|move|p1a: Samurott|Ceaseless Edge|p2a: Zapdos\n|-damage|p2a: Zapdos|62\/100\n|-status|p1a: Samurott|par|[from] ability: Static|[of] p2a: Zapdos\n|-sidestart|p2: Sec-able4|Spikes\n|move|p2a: Zapdos|Volt Switch|p1a: Samurott\n|-immune|p1a: Samurott\n|\n|upkeep\n|turn|2\n|\n|t:|1700256501\n|switch|p2a: Great Tusk|Great Tusk|100\/100\n|-damage|p2a: Great Tusk|88\/100|[from] Spikes\n|cant|p1a: Samurott|par\n|\n|-heal|p2a: Great Tusk|94\/100|[from] item: Leftovers\n|upkeep\n|turn|3\n|\n|t:|1700256511\n|switch|p1a: Gholdengo|Gholdengo|100\/100\n|-item|p1a: Gholdengo|Air Balloon\n|move|p2a: Great Tusk|Rapid Spin|p1a: Gholdengo\n|-immune|p1a: Gholdengo\n|\n|-heal|p2a: Great Tusk|100\/100|[from] item: Leftovers\n|upkeep\n|turn|4\n|\n|t:|1700256519\n|move|p2a: Great Tusk|Knock Off|p1a: Gholdengo\n|-supereffective|p1a: Gholdengo\n|-damage|p1a: Gholdengo|33\/100\n|-enditem|p1a: Gholdengo|Air Balloon\n|move|p1a: Gholdengo|Psychic|p2a: Great Tusk\n|-supereffective|p2a: Great Tusk\n|-damage|p2a: Great Tusk|17\/100\n|\n|-heal|p2a: Great Tusk|23\/100|[from] item: Leftovers\n|upkeep\n|turn|5\n|\n|t:|1700256532\n|move|p2a: Great Tusk|Knock Off|p1a: Gholdengo\n|-supereffective|p1a: Gholdengo\n|-damage|p1a: Gholdengo|0 fnt\n|faint|p1a: Gholdengo\n|\n|-heal|p2a: Great Tusk|29\/100|[from] item: Leftovers\n|upkeep\n|\n|t:|1700256538\n|switch|p1a: Rillaboom|Rillaboom, F|100\/100\n|-fieldstart|move: Grassy Terrain|[from] ability: Grassy Surge|[of] p1a: Rillaboom\n|turn|6\n|\n|t:|1700256544\n|-end|p2a: Great Tusk|Protosynthesis|[silent]\n|switch|p2a: Zapdos|Zapdos|62\/100\n|move|p1a: Rillaboom|Grassy Glide|p2a: Zapdos\n|-resisted|p2a: Zapdos\n|-damage|p2a: Zapdos|45\/100\n|\n|upkeep\n|turn|7\n|\n|t:|1700256553\n|move|p2a: Zapdos|Roost|p2a: Zapdos\n|-heal|p2a: Zapdos|95\/100\n|-singleturn|p2a: Zapdos|move: Roost\n|move|p1a: Rillaboom|Knock Off|p2a: Zapdos\n|-damage|p2a: Zapdos|67\/100\n|-status|p1a: Rillaboom|par|[from] ability: Static|[of] p2a: Zapdos\n|-enditem|p2a: Zapdos|Heavy-Duty Boots|[from] move: Knock Off|[of] p1a: Rillaboom\n|\n|-heal|p2a: Zapdos|73\/100|[from] Grassy Terrain\n|upkeep\n|turn|8\n|\n|t:|1700256565\n|move|p2a: Zapdos|Hurricane|p1a: Rillaboom\n|-supereffective|p1a: Rillaboom\n|-damage|p1a: Rillaboom|0 fnt\n|faint|p1a: Rillaboom\n|\n|upkeep\n|\n|t:|1700256577\n|switch|p1a: Iron Moth|Iron Moth|100\/100\n|-enditem|p1a: Iron Moth|Booster Energy\n|-activate|p1a: Iron Moth|ability: Quark Drive|[fromitem]\n|-start|p1a: Iron Moth|quarkdrivespe\n|turn|9\n|\n|t:|1700256583\n|move|p1a: Iron Moth|Fiery Dance|p2a: Zapdos\n|-damage|p2a: Zapdos|33\/100\n|move|p2a: Zapdos|Volt Switch|p1a: Iron Moth\n|-damage|p1a: Iron Moth|72\/100\n|\n|t:|1700256590\n|switch|p2a: Blissey|Blissey, F|100\/100|[from] Volt Switch\n|\n|-heal|p1a: Iron Moth|78\/100|[from] Grassy Terrain\n|upkeep\n|turn|10\n|\n|t:|1700256598\n|move|p1a: Iron Moth|Fiery Dance|p2a: Blissey\n|-damage|p2a: Blissey|87\/100\n|-boost|p1a: Iron Moth|spa|1\n|move|p2a: Blissey|Stealth Rock|p1a: Iron Moth\n|-sidestart|p1: CheesyBrie|move: Stealth Rock\n|\n|-heal|p1a: Iron Moth|84\/100|[from] Grassy Terrain\n|-heal|p2a: Blissey|93\/100|[from] Grassy Terrain\n|upkeep\n|turn|11\n|\n|t:|1700256606\n|move|p1a: Iron Moth|Fiery Dance|p2a: Blissey\n|-damage|p2a: Blissey|70\/100\n|-boost|p1a: Iron Moth|spa|1\n|move|p2a: Blissey|Seismic Toss|p1a: Iron Moth\n|-damage|p1a: Iron Moth|54\/100\n|\n|-heal|p1a: Iron Moth|60\/100|[from] Grassy Terrain\n|-heal|p2a: Blissey|76\/100|[from] Grassy Terrain\n|upkeep\n|turn|12\n|\n|t:|1700256615\n|move|p1a: Iron Moth|Fiery Dance|p2a: Blissey\n|-damage|p2a: Blissey|44\/100\n|move|p2a: Blissey|Seismic Toss|p1a: Iron Moth\n|-damage|p1a: Iron Moth|29\/100\n|\n|-heal|p1a: Iron Moth|35\/100|[from] Grassy Terrain\n|-heal|p2a: Blissey|50\/100|[from] Grassy Terrain\n|upkeep\n|turn|13\n|\n|t:|1700256623\n|move|p1a: Iron Moth|Fiery Dance|p2a: Blissey\n|-damage|p2a: Blissey|20\/100\n|-boost|p1a: Iron Moth|spa|1\n|move|p2a: Blissey|Seismic Toss|p1a: Iron Moth\n|-damage|p1a: Iron Moth|5\/100\n|\n|-heal|p1a: Iron Moth|11\/100|[from] Grassy Terrain\n|-heal|p2a: Blissey|26\/100|[from] Grassy Terrain\n|-fieldend|move: Grassy Terrain\n|upkeep\n|turn|14\n|\n|t:|1700256635\n|switch|p2a: Great Tusk|Great Tusk|29\/100\n|-damage|p2a: Great Tusk|17\/100|[from] Spikes\n|move|p1a: Iron Moth|Fiery Dance|p2a: Great Tusk\n|-damage|p2a: Great Tusk|0 fnt\n|faint|p2a: Great Tusk\n|-end|p2a: Great Tusk|Protosynthesis|[silent]\n|\n|upkeep\n|\n|t:|1700256649\n|switch|p2a: Kingambit|Kingambit, F|100\/100\n|-damage|p2a: Kingambit|88\/100|[from] Spikes\n|-activate|p2a: Kingambit|ability: Supreme Overlord\n|-start|p2a: Kingambit|fallen1|[silent]\n|turn|15\n|\n|t:|1700256654\n|move|p1a: Iron Moth|Fiery Dance|p2a: Kingambit\n|-supereffective|p2a: Kingambit\n|-damage|p2a: Kingambit|0 fnt\n|-boost|p1a: Iron Moth|spa|1\n|faint|p2a: Kingambit\n|-end|p2a: Kingambit|fallen1|[silent]\n|\n|upkeep\n|c|\u2606Sec-able4|nooo i miss lick\n|c|\u2606Sec-able4|click\n|\n|t:|1700256679\n|switch|p2a: Ogerpon|Ogerpon-Wellspring, F|100\/100\n|-damage|p2a: Ogerpon|88\/100|[from] Spikes\n|turn|16\n|\n|t:|1700256690\n|-terastallize|p2a: Ogerpon|Water\n|detailschange|p2a: Ogerpon|Ogerpon-Wellspring-Tera, F, tera:Water\n|-ability|p2a: Ogerpon|Embody Aspect (Wellspring)|boost\n|-boost|p2a: Ogerpon|spd|1\n|move|p1a: Iron Moth|Fiery Dance|p2a: Ogerpon\n|-resisted|p2a: Ogerpon\n|-damage|p2a: Ogerpon|42\/100\n|-boost|p1a: Iron Moth|spa|1\n|move|p2a: Ogerpon|Ivy Cudgel|p1a: Iron Moth|[anim] Ivy Cudgel Water\n|-supereffective|p1a: Iron Moth\n|-damage|p1a: Iron Moth|0 fnt\n|faint|p1a: Iron Moth\n|-end|p1a: Iron Moth|Quark Drive|[silent]\n|\n|upkeep\n|\n|t:|1700256710\n|switch|p1a: Hatterene|Hatterene, F|100\/100\n|-damage|p1a: Hatterene|88\/100|[from] Stealth Rock\n|turn|17\n|\n|t:|1700256716\n|switch|p2a: Blissey|Blissey, F|26\/100\n|move|p1a: Hatterene|Nuzzle|p2a: Blissey\n|-damage|p2a: Blissey|22\/100\n|-status|p2a: Blissey|par\n|\n|-heal|p1a: Hatterene|94\/100|[from] item: Leftovers\n|upkeep\n|turn|18\n|\n|t:|1700256727\n|move|p1a: Hatterene|Calm Mind|p1a: Hatterene\n|-boost|p1a: Hatterene|spa|1\n|-boost|p1a: Hatterene|spd|1\n|move|p2a: Blissey|Soft-Boiled|p2a: Blissey\n|-heal|p2a: Blissey|72\/100 par\n|\n|-heal|p1a: Hatterene|99\/100|[from] item: Leftovers\n|upkeep\n|turn|19\n|\n|t:|1700256734\n|-curestatus|p2a: Blissey|par|[from] ability: Natural Cure\n|switch|p2a: Zapdos|Zapdos|33\/100\n|move|p1a: Hatterene|Calm Mind|p1a: Hatterene\n|-boost|p1a: Hatterene|spa|1\n|-boost|p1a: Hatterene|spd|1\n|\n|-heal|p1a: Hatterene|100\/100|[from] item: Leftovers\n|upkeep\n|turn|20\n|\n|t:|1700256745\n|move|p2a: Zapdos|Hurricane|p1a: Hatterene\n|-damage|p1a: Hatterene|78\/100\n|-start|p1a: Hatterene|confusion\n|-activate|p1a: Hatterene|confusion\n|move|p1a: Hatterene|Stored Power|p2a: Zapdos\n|-damage|p2a: Zapdos|0 fnt\n|faint|p2a: Zapdos\n|\n|-heal|p1a: Hatterene|84\/100|[from] item: Leftovers\n|upkeep\n|\n|t:|1700256766\n|switch|p2a: Blissey|Blissey, F|72\/100\n|turn|21\n|\n|t:|1700256773\n|move|p2a: Blissey|Seismic Toss|p1a: Hatterene\n|-damage|p1a: Hatterene|52\/100\n|-end|p1a: Hatterene|confusion\n|move|p1a: Hatterene|Calm Mind|p1a: Hatterene\n|-boost|p1a: Hatterene|spa|1\n|-boost|p1a: Hatterene|spd|1\n|\n|-heal|p1a: Hatterene|58\/100|[from] item: Leftovers\n|upkeep\n|turn|22\n|\n|t:|1700256781\n|move|p2a: Blissey|Seismic Toss|p1a: Hatterene\n|-damage|p1a: Hatterene|27\/100\n|move|p1a: Hatterene|Draining Kiss|p2a: Blissey\n|-damage|p2a: Blissey|52\/100\n|-heal|p1a: Hatterene|60\/100|[from] drain|[of] p2a: Blissey\n|\n|-heal|p1a: Hatterene|66\/100|[from] item: Leftovers\n|upkeep\n|turn|23\n|\n|t:|1700256791\n|move|p2a: Blissey|Seismic Toss|p1a: Hatterene\n|-damage|p1a: Hatterene|35\/100\n|move|p1a: Hatterene|Draining Kiss|p2a: Blissey\n|-damage|p2a: Blissey|31\/100\n|-heal|p1a: Hatterene|72\/100|[from] drain|[of] p2a: Blissey\n|\n|-heal|p1a: Hatterene|78\/100|[from] item: Leftovers\n|upkeep\n|turn|24\n|\n|t:|1700256799\n|move|p2a: Blissey|Soft-Boiled|p2a: Blissey\n|-heal|p2a: Blissey|81\/100\n|move|p1a: Hatterene|Draining Kiss|p2a: Blissey\n|-damage|p2a: Blissey|59\/100\n|-heal|p1a: Hatterene|100\/100|[from] drain|[of] p2a: Blissey\n|\n|upkeep\n|turn|25\n|\n|t:|1700256807\n|switch|p2a: Ogerpon|Ogerpon-Wellspring-Tera, F, tera:Water|42\/100\n|-damage|p2a: Ogerpon|30\/100|[from] Spikes\n|-ability|p2a: Ogerpon|Embody Aspect (Wellspring)|boost\n|-boost|p2a: Ogerpon|spd|1\n|move|p1a: Hatterene|Stored Power|p2a: Ogerpon\n|-damage|p2a: Ogerpon|0 fnt\n|faint|p2a: Ogerpon\n|\n|upkeep\n|\n|t:|1700256814\n|switch|p2a: Dragapult|Dragapult, M|100\/100\n|-damage|p2a: Dragapult|88\/100|[from] Spikes\n|turn|26\n|\n|t:|1700256819\n|move|p2a: Dragapult|Shadow Ball|p1a: Hatterene\n|-supereffective|p1a: Hatterene\n|-damage|p1a: Hatterene|55\/100\n|move|p1a: Hatterene|Draining Kiss|p2a: Dragapult\n|-supereffective|p2a: Dragapult\n|-damage|p2a: Dragapult|0 fnt\n|-heal|p1a: Hatterene|100\/100|[from] drain|[of] p2a: Dragapult\n|faint|p2a: Dragapult\n|\n|upkeep\n|-message|Sec-able4 forfeited.\n|\n|win|CheesyBrie\n|raw|CheesyBrie's rating: 1291 &rarr; <strong>1320<\/strong><br \/>(+29 for winning)\n|raw|Sec-able4's rating: 1343 &rarr; <strong>1320<\/strong><br \/>(-23 for losing)\n|l|\u2606Sec-able4\n","uploadtime":1700256834,"views":12,"p1id":"cheesybrie","p2id":"secable4","formatid":"gen9ou","rating":1320,"private":0,"password":""}