{"id":"gen9ou-1993590721","p1":"Deez Tusks","p2":"RSDPM","format":"[Gen 9] OU","log":"|j|\u2606Deez Tusks\n|j|\u2606RSDPM\n|t:|1700335110\n|gametype|singles\n|player|p1|Deez Tusks|1|1389\n|player|p2|RSDPM|riley|1418\n|teamsize|p1|6\n|teamsize|p2|6\n|gen|9\n|tier|[Gen 9] OU\n|rated|\n|rule|Sleep Clause Mod: Limit one foe put to sleep\n|rule|Species Clause: Limit one of each Pok\u00e9mon\n|rule|OHKO Clause: OHKO moves are banned\n|rule|Evasion Items Clause: Evasion items are banned\n|rule|Evasion Moves Clause: Evasion moves are banned\n|rule|Endless Battle Clause: Forcing endless battles is banned\n|rule|HP Percentage Mod: HP is shown in percentages\n|clearpoke\n|poke|p1|Greninja-*, M|\n|poke|p1|Slowking-Galar, F|\n|poke|p1|Thundurus-Therian, M|\n|poke|p1|Landorus-Therian, M|\n|poke|p1|Corviknight, M|\n|poke|p1|Cinderace, M|\n|poke|p2|Wyrdeer, M|\n|poke|p2|Kleavor, F|\n|poke|p2|Ursaluna, M|\n|poke|p2|Basculegion-F, F|\n|poke|p2|Sneasler, M|\n|poke|p2|Overqwil, F|\n|teampreview\n|\n|t:|1700335137\n|start\n|switch|p1a: Landorus|Landorus-Therian, M|100\/100\n|switch|p2a: Overqwil|Overqwil, F|100\/100\n|-ability|p1a: Landorus|Intimidate|boost\n|-unboost|p2a: Overqwil|atk|1\n|-ability|p2a: Overqwil|Intimidate|boost\n|-unboost|p1a: Landorus|atk|1\n|turn|1\n|\n|t:|1700335148\n|move|p1a: Landorus|Stealth Rock|p2a: Overqwil\n|-sidestart|p2: RSDPM|move: Stealth Rock\n|move|p2a: Overqwil|Toxic|p1a: Landorus\n|-status|p1a: Landorus|tox\n|\n|-damage|p1a: Landorus|95\/100 tox|[from] psn\n|upkeep\n|turn|2\n|\n|t:|1700335156\n|move|p1a: Landorus|Earthquake|p2a: Overqwil\n|-supereffective|p2a: Overqwil\n|-damage|p2a: Overqwil|47\/100\n|move|p2a: Overqwil|Spikes|p1a: Landorus\n|-sidestart|p1: Deez Tusks|Spikes\n|\n|-heal|p2a: Overqwil|53\/100|[from] item: Black Sludge\n|-damage|p1a: Landorus|83\/100 tox|[from] psn\n|upkeep\n|turn|3\n|\n|t:|1700335166\n|move|p2a: Overqwil|Protect|p2a: Overqwil\n|-singleturn|p2a: Overqwil|Protect\n|move|p1a: Landorus|Earthquake|p2a: Overqwil\n|-activate|p2a: Overqwil|move: Protect\n|\n|-heal|p2a: Overqwil|59\/100|[from] item: Black Sludge\n|-damage|p1a: Landorus|65\/100 tox|[from] psn\n|upkeep\n|turn|4\n|\n|t:|1700335175\n|move|p2a: Overqwil|Protect||[still]\n|-fail|p2a: Overqwil\n|move|p1a: Landorus|U-turn|p2a: Overqwil\n|-damage|p2a: Overqwil|46\/100\n|inactive|Battle timer is ON: inactive players will automatically lose when time's up. (requested by RSDPM)\n|\n|t:|1700335204\n|switch|p1a: Greninja|Greninja, M|100\/100|[from] U-turn\n|-damage|p1a: Greninja|88\/100|[from] Spikes\n|\n|-heal|p2a: Overqwil|53\/100|[from] item: Black Sludge\n|upkeep\n|turn|5\n|\n|t:|1700335212\n|move|p2a: Overqwil|Protect|p2a: Overqwil\n|-singleturn|p2a: Overqwil|Protect\n|move|p1a: Greninja|Ice Beam|p2a: Overqwil\n|-start|p1a: Greninja|typechange|Ice|[from] ability: Protean\n|-activate|p2a: Overqwil|move: Protect\n|\n|-heal|p2a: Overqwil|59\/100|[from] item: Black Sludge\n|upkeep\n|turn|6\n|\n|t:|1700335224\n|move|p1a: Greninja|Ice Beam|p2a: Overqwil\n|-damage|p2a: Overqwil|0 fnt\n|faint|p2a: Overqwil\n|\n|upkeep\n|\n|t:|1700335243\n|switch|p2a: Kleavor|Kleavor, F|100\/100\n|-damage|p2a: Kleavor|76\/100|[from] Stealth Rock\n|turn|7\n|\n|t:|1700335251\n|switch|p1a: Corviknight|Corviknight, M|100\/100\n|-ability|p1a: Corviknight|Pressure\n|move|p2a: Kleavor|Stone Axe|p1a: Corviknight\n|-damage|p1a: Corviknight|69\/100\n|-damage|p2a: Kleavor|59\/100|[from] item: Rocky Helmet|[of] p1a: Corviknight\n|-sidestart|p1: Deez Tusks|move: Stealth Rock\n|\n|upkeep\n|turn|8\n|\n|t:|1700335262\n|switch|p2a: Basculegion|Basculegion-F, F|100\/100\n|-damage|p2a: Basculegion|88\/100|[from] Stealth Rock\n|move|p1a: Corviknight|U-turn|p2a: Basculegion\n|-resisted|p2a: Basculegion\n|-damage|p2a: Basculegion|78\/100\n|\n|t:|1700335271\n|switch|p1a: Greninja|Greninja, M|88\/100|[from] U-turn\n|-damage|p1a: Greninja|76\/100|[from] Spikes\n|-damage|p1a: Greninja|64\/100|[from] Stealth Rock\n|\n|upkeep\n|turn|9\n|\n|t:|1700335295\n|move|p1a: Greninja|Dark Pulse|p2a: Basculegion\n|-start|p1a: Greninja|typechange|Dark|[from] ability: Protean\n|-supereffective|p2a: Basculegion\n|-damage|p2a: Basculegion|0 fnt\n|faint|p2a: Basculegion\n|\n|upkeep\n|\n|t:|1700335303\n|switch|p2a: Sneasler|Sneasler, M|100\/100\n|-damage|p2a: Sneasler|95\/100|[from] Stealth Rock\n|turn|10\n|\n|t:|1700335314\n|switch|p1a: Landorus|Landorus-Therian, M|65\/100 tox\n|-ability|p1a: Landorus|Intimidate|boost\n|-unboost|p2a: Sneasler|atk|1\n|move|p2a: Sneasler|Bulk Up|p2a: Sneasler\n|-boost|p2a: Sneasler|atk|1\n|-boost|p2a: Sneasler|def|1\n|\n|-damage|p1a: Landorus|59\/100 tox|[from] psn\n|upkeep\n|turn|11\n|\n|t:|1700335327\n|-terastallize|p2a: Sneasler|Flying\n|move|p2a: Sneasler|Bulk Up|p2a: Sneasler\n|-boost|p2a: Sneasler|atk|1\n|-boost|p2a: Sneasler|def|1\n|move|p1a: Landorus|Earthquake|p2a: Sneasler\n|-immune|p2a: Sneasler\n|\n|-damage|p1a: Landorus|47\/100 tox|[from] psn\n|upkeep\n|turn|12\n|\n|t:|1700335338\n|switch|p1a: Corviknight|Corviknight, M|69\/100\n|-damage|p1a: Corviknight|56\/100|[from] Stealth Rock\n|-ability|p1a: Corviknight|Pressure\n|move|p2a: Sneasler|Bulk Up|p2a: Sneasler\n|-boost|p2a: Sneasler|atk|1\n|-boost|p2a: Sneasler|def|1\n|\n|upkeep\n|turn|13\n|\n|t:|1700335353\n|move|p2a: Sneasler|Bulk Up|p2a: Sneasler\n|-boost|p2a: Sneasler|atk|1\n|-boost|p2a: Sneasler|def|1\n|move|p1a: Corviknight|U-turn|p2a: Sneasler\n|-resisted|p2a: Sneasler\n|-damage|p2a: Sneasler|90\/100\n|-enditem|p2a: Sneasler|Red Card|[of] p1a: Corviknight\n|drag|p1a: Greninja|Greninja, M|64\/100\n|-damage|p1a: Greninja|51\/100|[from] Spikes\n|-damage|p1a: Greninja|39\/100|[from] Stealth Rock\n|\n|upkeep\n|turn|14\n|l|\u2606Deez Tusks\n|inactive|Deez Tusks disconnected and has a minute to reconnect!\n|player|p1|\n|inactive|Deez Tusks has 30 seconds to reconnect!\n|inactive|Deez Tusks has 20 seconds to reconnect!\n|inactive|Deez Tusks has 15 seconds to reconnect!\n|inactive|Deez Tusks has 10 seconds to reconnect!\n|inactive|Deez Tusks has 5 seconds to reconnect!\n|-message|Deez Tusks lost due to inactivity.\n|\n|win|RSDPM\n|raw|Deez Tusks's rating: 1389 &rarr; <strong>1371<\/strong><br \/>(-18 for losing)\n|raw|RSDPM's rating: 1418 &rarr; <strong>1436<\/strong><br \/>(+18 for winning)\n","uploadtime":1700335443,"views":13,"p1id":"deeztusks","p2id":"rsdpm","formatid":"gen9ou","rating":1371,"private":0,"password":""}