{"id":"gen9ou-1995021315","p1":"aikeblah","p2":"FleetFoxxx","format":"[Gen 9] OU","log":"|j|\u2606aikeblah\n|j|\u2606FleetFoxxx\n|t:|1700514195\n|gametype|singles\n|player|p1|aikeblah|266|1551\n|player|p2|FleetFoxxx|101|1679\n|teamsize|p1|6\n|teamsize|p2|6\n|gen|9\n|tier|[Gen 9] OU\n|rated|\n|rule|Sleep Clause Mod: Limit one foe put to sleep\n|rule|Species Clause: Limit one of each Pok\u00e9mon\n|rule|OHKO Clause: OHKO moves are banned\n|rule|Evasion Items Clause: Evasion items are banned\n|rule|Evasion Moves Clause: Evasion moves are banned\n|rule|Endless Battle Clause: Forcing endless battles is banned\n|rule|HP Percentage Mod: HP is shown in percentages\n|clearpoke\n|poke|p1|Garchomp, F|\n|poke|p1|Iron Valiant|\n|poke|p1|Great Tusk|\n|poke|p1|Iron Moth|\n|poke|p1|Dondozo, M|\n|poke|p1|Ogerpon-Wellspring, F|\n|poke|p2|Walking Wake|\n|poke|p2|Maushold-Four|\n|poke|p2|Dragonite, F|\n|poke|p2|Enamorus, F|\n|poke|p2|Great Tusk|\n|poke|p2|Muk-Alola, M|\n|teampreview\n|\n|t:|1700514204\n|start\n|switch|p1a: Ogerpon|Ogerpon-Wellspring, F|100\/100\n|switch|p2a: Enamorus|Enamorus, F|100\/100\n|turn|1\n|\n|t:|1700514246\n|switch|p2a: Walking Wake|Walking Wake|100\/100\n|move|p1a: Ogerpon|Swords Dance|p1a: Ogerpon\n|-boost|p1a: Ogerpon|atk|2\n|\n|upkeep\n|turn|2\n|\n|t:|1700514254\n|-terastallize|p1a: Ogerpon|Water\n|detailschange|p1a: Ogerpon|Ogerpon-Wellspring-Tera, F, tera:Water\n|-ability|p1a: Ogerpon|Embody Aspect (Wellspring)|boost\n|-boost|p1a: Ogerpon|spd|1\n|move|p2a: Walking Wake|Draco Meteor|p1a: Ogerpon\n|-damage|p1a: Ogerpon|49\/100\n|-unboost|p2a: Walking Wake|spa|2\n|move|p1a: Ogerpon|Swords Dance|p1a: Ogerpon\n|-boost|p1a: Ogerpon|atk|2\n|\n|upkeep\n|turn|3\n|\n|t:|1700514262\n|-end|p2a: Walking Wake|Protosynthesis|[silent]\n|switch|p2a: Muk|Muk-Alola, M|100\/100\n|move|p1a: Ogerpon|Trailblaze|p2a: Muk\n|-resisted|p2a: Muk\n|-damage|p2a: Muk|51\/100\n|-boost|p1a: Ogerpon|spe|1\n|\n|-heal|p2a: Muk|57\/100|[from] item: Black Sludge\n|upkeep\n|turn|4\n|\n|t:|1700514269\n|move|p1a: Ogerpon|Horn Leech|p2a: Muk\n|-resisted|p2a: Muk\n|-damage|p2a: Muk|0 fnt\n|-heal|p1a: Ogerpon|89\/100|[from] drain|[of] p2a: Muk\n|faint|p2a: Muk\n|\n|upkeep\n|\n|t:|1700514271\n|switch|p2a: Dragonite|Dragonite, F|100\/100\n|turn|5\n|\n|t:|1700514275\n|-terastallize|p2a: Dragonite|Normal\n|move|p2a: Dragonite|Extreme Speed|p1a: Ogerpon\n|-damage|p1a: Ogerpon|2\/100\n|move|p1a: Ogerpon|Ivy Cudgel|p2a: Dragonite|[anim] Ivy Cudgel Water\n|-damage|p2a: Dragonite|0 fnt\n|faint|p2a: Dragonite\n|\n|upkeep\n|\n|t:|1700514301\n|switch|p2a: Walking Wake|Walking Wake|100\/100\n|turn|6\n|\n|t:|1700514309\n|move|p1a: Ogerpon|Horn Leech|p2a: Walking Wake\n|-damage|p2a: Walking Wake|0 fnt\n|-heal|p1a: Ogerpon|58\/100|[from] drain|[of] p2a: Walking Wake\n|faint|p2a: Walking Wake\n|-end|p2a: Walking Wake|Protosynthesis|[silent]\n|\n|upkeep\n|inactive|Battle timer is ON: inactive players will automatically lose when time's up. (requested by aikeblah)\n|-message|FleetFoxxx forfeited.\n|\n|win|aikeblah\n|raw|aikeblah's rating: 1530 &rarr; <strong>1558<\/strong><br \/>(+28 for winning)\n|raw|FleetFoxxx's rating: 1679 &rarr; <strong>1651<\/strong><br \/>(-28 for losing)\n|l|\u2606FleetFoxxx\n","uploadtime":1700514320,"views":6,"p1id":"aikeblah","p2id":"fleetfoxxx","formatid":"gen9ou","rating":1558,"private":0,"password":""}