{"id":"gen9ou-1990254302","p1":"Bruhmomentous","p2":"La_Main","format":"[Gen 9] OU","log":"|j|\u2606Bruhmomentous\n|j|\u2606La_Main\n|t:|1699945338\n|gametype|singles\n|player|p1|Bruhmomentous|steven|1428\n|player|p2|La_Main|plasmagrunt-gen5bw|1435\n|teamsize|p1|6\n|teamsize|p2|6\n|gen|9\n|tier|[Gen 9] OU\n|rated|\n|rule|Sleep Clause Mod: Limit one foe put to sleep\n|rule|Species Clause: Limit one of each Pok\u00e9mon\n|rule|OHKO Clause: OHKO moves are banned\n|rule|Evasion Items Clause: Evasion items are banned\n|rule|Evasion Moves Clause: Evasion moves are banned\n|rule|Endless Battle Clause: Forcing endless battles is banned\n|rule|HP Percentage Mod: HP is shown in percentages\n|clearpoke\n|poke|p1|Iron Jugulis|\n|poke|p1|Ogerpon-Wellspring, F|\n|poke|p1|Tinkaton, F|\n|poke|p1|Iron Moth|\n|poke|p1|Great Tusk|\n|poke|p1|Dragapult, F|\n|poke|p2|Torterra, M|\n|poke|p2|Ninetales-Alola, M|\n|poke|p2|Azelf|\n|poke|p2|Haxorus, F|\n|poke|p2|Quaquaval, F|\n|poke|p2|Ceruledge, M|\n|teampreview\n|inactive|Battle timer is ON: inactive players will automatically lose when time's up. (requested by Bruhmomentous)\n|\n|t:|1699945367\n|start\n|switch|p1a: TWINKATON|Tinkaton, F|100\/100\n|switch|p2a: Azelf|Azelf, shiny|100\/100\n|-item|p1a: TWINKATON|Air Balloon\n|turn|1\n|\n|t:|1699945381\n|move|p2a: Azelf|Taunt|p1a: TWINKATON\n|-start|p1a: TWINKATON|move: Taunt\n|cant|p1a: TWINKATON|move: Taunt|Stealth Rock\n|\n|upkeep\n|turn|2\n|\n|t:|1699945391\n|move|p2a: Azelf|Stealth Rock|p1a: TWINKATON\n|-sidestart|p1: Bruhmomentous|move: Stealth Rock\n|move|p1a: TWINKATON|Play Rough|p2a: Azelf\n|-damage|p2a: Azelf|59\/100\n|\n|upkeep\n|turn|3\n|\n|t:|1699945398\n|move|p2a: Azelf|Knock Off|p1a: TWINKATON\n|-resisted|p1a: TWINKATON\n|-damage|p1a: TWINKATON|82\/100\n|-enditem|p1a: TWINKATON|Air Balloon\n|-enditem|p2a: Azelf|Focus Sash|[silent]|[from] ability: Pickpocket|[of] p2a: Azelf\n|-item|p1a: TWINKATON|Focus Sash|[from] ability: Pickpocket|[of] p2a: Azelf\n|move|p1a: TWINKATON|Play Rough|p2a: Azelf\n|-damage|p2a: Azelf|17\/100\n|\n|-end|p1a: TWINKATON|move: Taunt\n|upkeep\n|turn|4\n|\n|t:|1699945410\n|move|p2a: Azelf|Taunt|p1a: TWINKATON\n|-start|p1a: TWINKATON|move: Taunt\n|move|p1a: TWINKATON|Play Rough|p2a: Azelf\n|-crit|p2a: Azelf\n|-damage|p2a: Azelf|0 fnt\n|faint|p2a: Azelf\n|\n|upkeep\n|\n|t:|1699945420\n|switch|p2a: Torterra|Torterra, M|100\/100\n|turn|5\n|\n|t:|1699945436\n|move|p1a: TWINKATON|Play Rough|p2a: Torterra\n|-damage|p2a: Torterra|77\/100\n|move|p2a: Torterra|Shell Smash|p2a: Torterra\n|-unboost|p2a: Torterra|def|1\n|-unboost|p2a: Torterra|spd|1\n|-boost|p2a: Torterra|atk|2\n|-boost|p2a: Torterra|spa|2\n|-boost|p2a: Torterra|spe|2\n|\n|upkeep\n|turn|6\n|\n|t:|1699945446\n|move|p2a: Torterra|Earthquake|p1a: TWINKATON\n|-supereffective|p1a: TWINKATON\n|-damage|p1a: TWINKATON|0 fnt\n|faint|p1a: TWINKATON\n|\n|upkeep\n|\n|t:|1699945467\n|switch|p1a: Great Tusk|Great Tusk|100\/100\n|-damage|p1a: Great Tusk|98\/100|[from] Stealth Rock\n|-enditem|p1a: Great Tusk|Booster Energy\n|-activate|p1a: Great Tusk|ability: Protosynthesis|[fromitem]\n|-start|p1a: Great Tusk|protosynthesisspe\n|turn|7\n|\n|t:|1699945474\n|-terastallize|p1a: Great Tusk|Poison\n|move|p1a: Great Tusk|Ice Spinner|p2a: Torterra\n|-supereffective|p2a: Torterra\n|-damage|p2a: Torterra|0 fnt\n|faint|p2a: Torterra\n|\n|upkeep\n|\n|t:|1699945491\n|switch|p2a: Ninetales|Ninetales-Alola, M, shiny|100\/100\n|-weather|Snow|[from] ability: Snow Warning|[of] p2a: Ninetales\n|turn|8\n|\n|t:|1699945514\n|move|p1a: Great Tusk|Bulk Up|p1a: Great Tusk\n|-boost|p1a: Great Tusk|atk|1\n|-boost|p1a: Great Tusk|def|1\n|move|p2a: Ninetales|Aurora Veil|p2a: Ninetales\n|-sidestart|p2: La_Main|move: Aurora Veil\n|\n|-weather|Snow|[upkeep]\n|upkeep\n|turn|9\n|\n|t:|1699945521\n|move|p1a: Great Tusk|Bulk Up|p1a: Great Tusk\n|-boost|p1a: Great Tusk|atk|1\n|-boost|p1a: Great Tusk|def|1\n|move|p2a: Ninetales|Roar|p1a: Great Tusk\n|-end|p1a: Great Tusk|Protosynthesis|[silent]\n|drag|p1a: Ogerpon|Ogerpon-Wellspring, F|100\/100\n|-damage|p1a: Ogerpon|88\/100|[from] Stealth Rock\n|\n|-weather|Snow|[upkeep]\n|upkeep\n|turn|10\n|\n|t:|1699945534\n|move|p1a: Ogerpon|Spikes|p2a: Ninetales\n|-sidestart|p2: La_Main|Spikes\n|move|p2a: Ninetales|Freeze-Dry|p1a: Ogerpon\n|-supereffective|p1a: Ogerpon\n|-damage|p1a: Ogerpon|0 fnt\n|faint|p1a: Ogerpon\n|\n|-weather|Snow|[upkeep]\n|upkeep\n|\n|t:|1699945542\n|switch|p1a: Iron Moth|Iron Moth|100\/100\n|-damage|p1a: Iron Moth|76\/100|[from] Stealth Rock\n|-enditem|p1a: Iron Moth|Booster Energy\n|-activate|p1a: Iron Moth|ability: Quark Drive|[fromitem]\n|-start|p1a: Iron Moth|quarkdrivespe\n|turn|11\n|\n|t:|1699945549\n|move|p1a: Iron Moth|Sludge Wave|p2a: Ninetales\n|-supereffective|p2a: Ninetales\n|-damage|p2a: Ninetales|51\/100\n|move|p2a: Ninetales|Roar|p1a: Iron Moth\n|-end|p1a: Iron Moth|Quark Drive|[silent]\n|drag|p1a: Great Tusk|Great Tusk, tera:Poison|98\/100\n|-damage|p1a: Great Tusk|85\/100|[from] Stealth Rock\n|\n|-weather|Snow|[upkeep]\n|upkeep\n|turn|12\n|\n|t:|1699945561\n|switch|p2a: Quaquaval|Quaquaval, F|100\/100\n|-damage|p2a: Quaquaval|88\/100|[from] Spikes\n|move|p1a: Great Tusk|Rapid Spin|p2a: Quaquaval\n|-damage|p2a: Quaquaval|80\/100\n|-boost|p1a: Great Tusk|spe|1\n|-sideend|p1: Bruhmomentous|Stealth Rock|[from] move: Rapid Spin|[of] p1a: Great Tusk\n|\n|-weather|none\n|upkeep\n|turn|13\n|\n|t:|1699945571\n|move|p1a: Great Tusk|Bulk Up|p1a: Great Tusk\n|-boost|p1a: Great Tusk|atk|1\n|-boost|p1a: Great Tusk|def|1\n|move|p2a: Quaquaval|Rapid Spin|p1a: Great Tusk\n|-damage|p1a: Great Tusk|78\/100\n|-boost|p2a: Quaquaval|spe|1\n|-sideend|p2: La_Main|Spikes|[from] move: Rapid Spin|[of] p2a: Quaquaval\n|\n|upkeep\n|turn|14\n|\n|t:|1699945579\n|move|p1a: Great Tusk|Bulk Up|p1a: Great Tusk\n|-boost|p1a: Great Tusk|atk|1\n|-boost|p1a: Great Tusk|def|1\n|move|p2a: Quaquaval|Aqua Step|p1a: Great Tusk\n|-damage|p1a: Great Tusk|66\/100\n|-boost|p2a: Quaquaval|spe|1\n|\n|upkeep\n|turn|15\n|\n|t:|1699945588\n|move|p1a: Great Tusk|Bulk Up|p1a: Great Tusk\n|-boost|p1a: Great Tusk|atk|1\n|-boost|p1a: Great Tusk|def|1\n|move|p2a: Quaquaval|Aqua Step|p1a: Great Tusk\n|-damage|p1a: Great Tusk|56\/100\n|-boost|p2a: Quaquaval|spe|1\n|\n|-sideend|p2: La_Main|move: Aurora Veil\n|upkeep\n|turn|16\n|\n|t:|1699945600\n|move|p2a: Quaquaval|Aqua Step|p1a: Great Tusk\n|-damage|p1a: Great Tusk|47\/100\n|-boost|p2a: Quaquaval|spe|1\n|move|p1a: Great Tusk|Bulk Up|p1a: Great Tusk\n|-boost|p1a: Great Tusk|atk|1\n|-boost|p1a: Great Tusk|def|1\n|\n|upkeep\n|turn|17\n|\n|t:|1699945611\n|move|p2a: Quaquaval|Aqua Step|p1a: Great Tusk\n|-damage|p1a: Great Tusk|39\/100\n|-boost|p2a: Quaquaval|spe|1\n|move|p1a: Great Tusk|Bulk Up|p1a: Great Tusk\n|-boost|p1a: Great Tusk|atk|1\n|-boost|p1a: Great Tusk|def|1\n|\n|upkeep\n|turn|18\n|\n|t:|1699945625\n|move|p2a: Quaquaval|Aqua Step|p1a: Great Tusk\n|-damage|p1a: Great Tusk|32\/100\n|-boost|p2a: Quaquaval|spe|1\n|move|p1a: Great Tusk|Rapid Spin|p2a: Quaquaval\n|-damage|p2a: Quaquaval|24\/100\n|-boost|p1a: Great Tusk|spe|1\n|\n|upkeep\n|turn|19\n|\n|t:|1699945638\n|move|p2a: Quaquaval|Aqua Step|p1a: Great Tusk\n|-damage|p1a: Great Tusk|26\/100\n|move|p1a: Great Tusk|Ice Spinner|p2a: Quaquaval\n|-resisted|p2a: Quaquaval\n|-damage|p2a: Quaquaval|0 fnt\n|faint|p2a: Quaquaval\n|\n|upkeep\n|c|\u2606Bruhmomentous|gg\n|\n|t:|1699945647\n|switch|p2a: Ninetales|Ninetales-Alola, M, shiny|51\/100\n|-weather|Snow|[from] ability: Snow Warning|[of] p2a: Ninetales\n|turn|20\n|\n|t:|1699945657\n|move|p1a: Great Tusk|Rapid Spin|p2a: Ninetales\n|-damage|p2a: Ninetales|9\/100\n|-boost|p1a: Great Tusk|spe|1\n|move|p2a: Ninetales|Roar|p1a: Great Tusk\n|-end|p1a: Great Tusk|Protosynthesis|[silent]\n|drag|p1a: Dragapult|Dragapult, F|100\/100\n|\n|-weather|Snow|[upkeep]\n|upkeep\n|turn|21\n|\n|t:|1699945669\n|move|p1a: Dragapult|U-turn|p2a: Ninetales\n|-resisted|p2a: Ninetales\n|-damage|p2a: Ninetales|1\/100\n|l|\u2606La_Main\n|inactive|La_Main disconnected and has a minute to reconnect!\n|player|p2|\n|\n|t:|1699945675\n|switch|p1a: Great Tusk|Great Tusk, tera:Poison|26\/100|[from] U-turn\n|move|p2a: Ninetales|Aurora Veil|p2a: Ninetales\n|-sidestart|p2: La_Main|move: Aurora Veil\n|\n|-weather|Snow|[upkeep]\n|upkeep\n|turn|22\n|j|\u2606La_Main\n|inactive|La_Main reconnected and has 140 seconds left.\n|player|p2|La_Main|plasmagrunt-gen5bw\n|inactive|La_Main has 120 seconds left.\n|\n|t:|1699945713\n|move|p2a: Ninetales|Freeze-Dry|p1a: Great Tusk\n|-damage|p1a: Great Tusk|0 fnt\n|faint|p1a: Great Tusk\n|-end|p1a: Great Tusk|Protosynthesis|[silent]\n|\n|-weather|Snow|[upkeep]\n|upkeep\n|\n|t:|1699945724\n|switch|p1a: Iron Moth|Iron Moth|76\/100\n|turn|23\n|inactive|La_Main has 120 seconds left.\n|\n|t:|1699945739\n|move|p1a: Iron Moth|Fiery Dance|p2a: Ninetales\n|-supereffective|p2a: Ninetales\n|-damage|p2a: Ninetales|0 fnt\n|-boost|p1a: Iron Moth|spa|1\n|faint|p2a: Ninetales\n|\n|-weather|Snow|[upkeep]\n|upkeep\n|inactive|La_Main has 120 seconds left.\n|\n|t:|1699945762\n|switch|p2a: Ceruledge|Ceruledge, M|100\/100\n|turn|24\n|\n|t:|1699945768\n|move|p1a: Iron Moth|Psychic|p2a: Ceruledge\n|-damage|p2a: Ceruledge|72\/100\n|move|p2a: Ceruledge|Poltergeist||[still]\n|-fail|p2a: Ceruledge\n|\n|-weather|none\n|upkeep\n|turn|25\n|\n|t:|1699945775\n|move|p1a: Iron Moth|Psychic|p2a: Ceruledge\n|-damage|p2a: Ceruledge|44\/100\n|move|p2a: Ceruledge|Bitter Blade|p1a: Iron Moth\n|-resisted|p1a: Iron Moth\n|-damage|p1a: Iron Moth|41\/100\n|-heal|p2a: Ceruledge|63\/100|[from] drain|[of] p1a: Iron Moth\n|\n|upkeep\n|turn|26\n|inactive|La_Main has 120 seconds left.\n|\n|t:|1699945787\n|move|p1a: Iron Moth|Psychic|p2a: Ceruledge\n|-damage|p2a: Ceruledge|36\/100\n|move|p2a: Ceruledge|Bitter Blade|p1a: Iron Moth\n|-resisted|p1a: Iron Moth\n|-crit|p1a: Iron Moth\n|-damage|p1a: Iron Moth|0 fnt\n|-heal|p2a: Ceruledge|57\/100|[from] drain|[of] p1a: Iron Moth\n|faint|p1a: Iron Moth\n|-end|p1a: Iron Moth|Quark Drive|[silent]\n|\n|upkeep\n|\n|t:|1699945792\n|switch|p1a: Iron Jugulis|Iron Jugulis|100\/100\n|-enditem|p1a: Iron Jugulis|Booster Energy\n|-activate|p1a: Iron Jugulis|ability: Quark Drive|[fromitem]\n|-start|p1a: Iron Jugulis|quarkdrivespe\n|turn|27\n|\n|t:|1699945800\n|move|p1a: Iron Jugulis|Knock Off|p2a: Ceruledge\n|-supereffective|p2a: Ceruledge\n|-damage|p2a: Ceruledge|15\/100\n|-ability|p2a: Ceruledge|Weak Armor|boost\n|-unboost|p2a: Ceruledge|def|1\n|-boost|p2a: Ceruledge|spe|2\n|-enditem|p2a: Ceruledge|Focus Sash|[from] move: Knock Off|[of] p1a: Iron Jugulis\n|move|p2a: Ceruledge|Bitter Blade|p1a: Iron Jugulis\n|-damage|p1a: Iron Jugulis|43\/100\n|-heal|p2a: Ceruledge|47\/100|[from] drain|[of] p1a: Iron Jugulis\n|\n|upkeep\n|turn|28\n|\n|t:|1699945812\n|move|p2a: Ceruledge|Bitter Blade|p1a: Iron Jugulis\n|-damage|p1a: Iron Jugulis|0 fnt\n|-heal|p2a: Ceruledge|71\/100|[from] drain|[of] p1a: Iron Jugulis\n|faint|p1a: Iron Jugulis\n|-end|p1a: Iron Jugulis|Quark Drive|[silent]\n|\n|-sideend|p2: La_Main|move: Aurora Veil\n|upkeep\n|\n|t:|1699945815\n|switch|p1a: Dragapult|Dragapult, F|100\/100\n|turn|29\n|inactive|La_Main has 120 seconds left.\n|\n|t:|1699945839\n|move|p2a: Ceruledge|Shadow Sneak|p1a: Dragapult\n|-supereffective|p1a: Dragapult\n|-damage|p1a: Dragapult|36\/100\n|move|p1a: Dragapult|Draco Meteor|p2a: Ceruledge\n|-damage|p2a: Ceruledge|0 fnt\n|-unboost|p1a: Dragapult|spa|2\n|faint|p2a: Ceruledge\n|\n|upkeep\n|inactive|La_Main has 120 seconds left.\n|\n|t:|1699945848\n|switch|p2a: Haxorus|Haxorus, F, shiny|100\/100\n|-ability|p2a: Haxorus|Mold Breaker\n|turn|30\n|\n|t:|1699945855\n|move|p1a: Dragapult|Draco Meteor|p2a: Haxorus\n|-supereffective|p2a: Haxorus\n|-damage|p2a: Haxorus|0 fnt\n|-unboost|p1a: Dragapult|spa|2\n|faint|p2a: Haxorus\n|\n|win|Bruhmomentous\n|raw|Bruhmomentous's rating: 1428 &rarr; <strong>1448<\/strong><br \/>(+20 for winning)\n|raw|La_Main's rating: 1435 &rarr; <strong>1415<\/strong><br \/>(-20 for losing)\n|l|\u2606La_Main\n|c|\u2606Bruhmomentous|OMG Hahhahahahaa\n|c|\u2606Bruhmomentous|\"\n","uploadtime":1699945900,"views":14,"p1id":"bruhmomentous","p2id":"lamain","formatid":"gen9ou","rating":1415,"private":0,"password":""}