{"id":"gen9ou-1999438575","p1":"Neppity Neps","p2":"Diavola+Ska","format":"[Gen 9] OU","log":"|j|\u2606Neppity Neps\n|j|\u2606Diavola+Ska\n|t:|1701080589\n|gametype|singles\n|player|p1|Neppity Neps|roxanne|1153\n|player|p2|Diavola+Ska|265|1089\n|teamsize|p1|6\n|teamsize|p2|6\n|gen|9\n|tier|[Gen 9] OU\n|rated|\n|rule|Sleep Clause Mod: Limit one foe put to sleep\n|rule|Species Clause: Limit one of each Pok\u00e9mon\n|rule|OHKO Clause: OHKO moves are banned\n|rule|Evasion Items Clause: Evasion items are banned\n|rule|Evasion Moves Clause: Evasion moves are banned\n|rule|Endless Battle Clause: Forcing endless battles is banned\n|rule|HP Percentage Mod: HP is shown in percentages\n|clearpoke\n|poke|p1|Overqwil, M|\n|poke|p1|Samurott-Hisui, F|\n|poke|p1|Kleavor, M|\n|poke|p1|Iron Moth|\n|poke|p1|Iron Treads|\n|poke|p1|Rotom-Wash|\n|poke|p2|Kingambit, F|\n|poke|p2|Glimmora, M|\n|poke|p2|Zamazenta-*|\n|poke|p2|Iron Valiant|\n|poke|p2|Iron Moth|\n|poke|p2|Ogerpon-Wellspring, F|\n|teampreview\n|\n|t:|1701080597\n|start\n|switch|p1a: Rotom|Rotom-Wash|100\/100\n|switch|p2a: Glimmora|Glimmora, M|100\/100\n|turn|1\n|\n|t:|1701080611\n|move|p1a: Rotom|Trick|p2a: Glimmora\n|-activate|p1a: Rotom|move: Trick|[of] p2a: Glimmora\n|-item|p2a: Glimmora|Choice Scarf|[from] move: Trick\n|-item|p1a: Rotom|Focus Sash|[from] move: Trick\n|move|p2a: Glimmora|Stealth Rock|p1a: Rotom\n|-sidestart|p1: Neppity Neps|move: Stealth Rock\n|\n|upkeep\n|turn|2\n|\n|t:|1701080634\n|switch|p2a: Iron Valiant|Iron Valiant|100\/100\n|-enditem|p2a: Iron Valiant|Booster Energy\n|-activate|p2a: Iron Valiant|ability: Quark Drive|[fromitem]\n|-start|p2a: Iron Valiant|quarkdrivespe\n|move|p1a: Rotom|Volt Switch|p2a: Iron Valiant\n|-damage|p2a: Iron Valiant|45\/100\n|\n|t:|1701080641\n|switch|p1a: Iron Treads|Iron Treads|100\/100|[from] Volt Switch\n|-damage|p1a: Iron Treads|97\/100|[from] Stealth Rock\n|\n|-heal|p1a: Iron Treads|100\/100|[from] item: Leftovers\n|upkeep\n|turn|3\n|\n|t:|1701080649\n|-end|p2a: Iron Valiant|Quark Drive|[silent]\n|switch|p2a: Ogerpon|Ogerpon-Wellspring, F|100\/100\n|move|p1a: Iron Treads|Rapid Spin|p2a: Ogerpon\n|-damage|p2a: Ogerpon|84\/100\n|-boost|p1a: Iron Treads|spe|1\n|-sideend|p1: Neppity Neps|Stealth Rock|[from] move: Rapid Spin|[of] p1a: Iron Treads\n|\n|upkeep\n|turn|4\n|\n|t:|1701080659\n|move|p1a: Iron Treads|Body Press|p2a: Ogerpon\n|-damage|p2a: Ogerpon|48\/100\n|move|p2a: Ogerpon|Ivy Cudgel|p1a: Iron Treads|[anim] Ivy Cudgel Water\n|-supereffective|p1a: Iron Treads\n|-damage|p1a: Iron Treads|39\/100\n|\n|-heal|p1a: Iron Treads|45\/100|[from] item: Leftovers\n|upkeep\n|turn|5\n|\n|t:|1701080674\n|-terastallize|p1a: Iron Treads|Water\n|move|p1a: Iron Treads|Body Press|p2a: Ogerpon\n|-damage|p2a: Ogerpon|7\/100\n|move|p2a: Ogerpon|Ivy Cudgel|p1a: Iron Treads|[anim] Ivy Cudgel Water\n|-resisted|p1a: Iron Treads\n|-damage|p1a: Iron Treads|29\/100\n|\n|-heal|p1a: Iron Treads|36\/100|[from] item: Leftovers\n|upkeep\n|turn|6\n|\n|t:|1701080703\n|switch|p2a: Iron Valiant|Iron Valiant|45\/100\n|move|p1a: Iron Treads|Earthquake|p2a: Iron Valiant\n|-damage|p2a: Iron Valiant|0 fnt\n|faint|p2a: Iron Valiant\n|-end|p2a: Iron Valiant|Quark Drive|[silent]\n|\n|-heal|p1a: Iron Treads|42\/100|[from] item: Leftovers\n|upkeep\n|\n|t:|1701080731\n|switch|p2a: Kingambit|Kingambit, F|100\/100\n|-activate|p2a: Kingambit|ability: Supreme Overlord\n|-start|p2a: Kingambit|fallen1|[silent]\n|turn|7\n|\n|t:|1701080736\n|move|p2a: Kingambit|Sucker Punch||[still]\n|-fail|p2a: Kingambit\n|move|p1a: Iron Treads|Iron Defense|p1a: Iron Treads\n|-boost|p1a: Iron Treads|def|2\n|\n|-heal|p1a: Iron Treads|48\/100|[from] item: Leftovers\n|upkeep\n|turn|8\n|\n|t:|1701080744\n|move|p1a: Iron Treads|Body Press|p2a: Kingambit\n|-supereffective|p2a: Kingambit\n|-damage|p2a: Kingambit|0 fnt\n|faint|p2a: Kingambit\n|-end|p2a: Kingambit|fallen1|[silent]\n|\n|-heal|p1a: Iron Treads|54\/100|[from] item: Leftovers\n|upkeep\n|\n|t:|1701080768\n|switch|p2a: Glimmora|Glimmora, M|100\/100\n|turn|9\n|\n|t:|1701080775\n|move|p2a: Glimmora|Mortal Spin|p1a: Iron Treads\n|-damage|p1a: Iron Treads|53\/100\n|-status|p1a: Iron Treads|psn\n|move|p1a: Iron Treads|Earthquake|p2a: Glimmora\n|-supereffective|p2a: Glimmora\n|-damage|p2a: Glimmora|0 fnt\n|-activate|p2a: Glimmora|ability: Toxic Debris\n|-sidestart|p1: Neppity Neps|move: Toxic Spikes\n|faint|p2a: Glimmora\n|\n|-heal|p1a: Iron Treads|59\/100 psn|[from] item: Leftovers\n|-damage|p1a: Iron Treads|46\/100 psn|[from] psn\n|upkeep\n|\n|t:|1701080791\n|switch|p2a: Iron Moth|Iron Moth|100\/100\n|-enditem|p2a: Iron Moth|Booster Energy\n|-activate|p2a: Iron Moth|ability: Quark Drive|[fromitem]\n|-start|p2a: Iron Moth|quarkdrivespe\n|turn|10\n|\n|t:|1701080797\n|move|p2a: Iron Moth|Sludge Wave|p1a: Iron Treads\n|-damage|p1a: Iron Treads|0 fnt\n|faint|p1a: Iron Treads\n|-end|p1a: Iron Treads|Quark Drive|[silent]\n|\n|upkeep\n|\n|t:|1701080801\n|switch|p1a: Iron Moth|Iron Moth|100\/100\n|-sideend|p1: Neppity Neps|move: Toxic Spikes|[of] p1a: Iron Moth\n|-enditem|p1a: Iron Moth|Booster Energy\n|-activate|p1a: Iron Moth|ability: Quark Drive|[fromitem]\n|-start|p1a: Iron Moth|quarkdrivespa\n|turn|11\n|\n|t:|1701080825\n|move|p2a: Iron Moth|Substitute|p2a: Iron Moth\n|-start|p2a: Iron Moth|Substitute\n|-damage|p2a: Iron Moth|76\/100\n|move|p1a: Iron Moth|Discharge|p2a: Iron Moth\n|-end|p2a: Iron Moth|Substitute\n|\n|upkeep\n|turn|12\n|\n|t:|1701080834\n|move|p2a: Iron Moth|Sludge Wave|p1a: Iron Moth\n|-resisted|p1a: Iron Moth\n|-damage|p1a: Iron Moth|77\/100\n|move|p1a: Iron Moth|Discharge|p2a: Iron Moth\n|-damage|p2a: Iron Moth|37\/100\n|\n|upkeep\n|turn|13\n|\n|t:|1701080853\n|-terastallize|p2a: Iron Moth|Fairy\n|move|p2a: Iron Moth|Dazzling Gleam|p1a: Iron Moth\n|-resisted|p1a: Iron Moth\n|-damage|p1a: Iron Moth|66\/100\n|move|p1a: Iron Moth|Discharge|p2a: Iron Moth\n|-damage|p2a: Iron Moth|0 fnt\n|faint|p2a: Iron Moth\n|-end|p2a: Iron Moth|Quark Drive|[silent]\n|\n|upkeep\n|\n|t:|1701080861\n|switch|p2a: Zamazenta|Zamazenta, shiny|100\/100\n|-ability|p2a: Zamazenta|Dauntless Shield|boost\n|-boost|p2a: Zamazenta|def|1\n|turn|14\n|\n|t:|1701080872\n|move|p2a: Zamazenta|Crunch|p1a: Iron Moth\n|-damage|p1a: Iron Moth|23\/100\n|move|p1a: Iron Moth|Sludge Wave|p2a: Zamazenta\n|-damage|p2a: Zamazenta|34\/100\n|\n|-heal|p2a: Zamazenta|40\/100|[from] item: Leftovers\n|upkeep\n|turn|15\n|\n|t:|1701080879\n|move|p2a: Zamazenta|Crunch|p1a: Iron Moth\n|-damage|p1a: Iron Moth|0 fnt\n|faint|p1a: Iron Moth\n|-end|p1a: Iron Moth|Quark Drive|[silent]\n|\n|-heal|p2a: Zamazenta|46\/100|[from] item: Leftovers\n|upkeep\n|\n|t:|1701080885\n|switch|p1a: Kleavor|Kleavor, M|100\/100\n|turn|16\n|\n|t:|1701080903\n|move|p1a: Kleavor|Stone Axe|p2a: Zamazenta\n|-resisted|p2a: Zamazenta\n|-damage|p2a: Zamazenta|32\/100\n|-sidestart|p2: Diavola+Ska|move: Stealth Rock\n|move|p2a: Zamazenta|Body Press|p1a: Kleavor\n|-damage|p1a: Kleavor|36\/100\n|\n|-heal|p2a: Zamazenta|39\/100|[from] item: Leftovers\n|upkeep\n|turn|17\n|\n|t:|1701080912\n|move|p1a: Kleavor|Stone Axe|p2a: Zamazenta\n|-resisted|p2a: Zamazenta\n|-damage|p2a: Zamazenta|23\/100\n|move|p2a: Zamazenta|Body Press|p1a: Kleavor\n|-damage|p1a: Kleavor|0 fnt\n|faint|p1a: Kleavor\n|\n|-heal|p2a: Zamazenta|29\/100|[from] item: Leftovers\n|upkeep\n|\n|t:|1701080921\n|switch|p1a: Overqwil|Overqwil, M|100\/100\n|-ability|p1a: Overqwil|Intimidate|boost\n|-unboost|p2a: Zamazenta|atk|1\n|turn|18\n|\n|t:|1701080927\n|move|p2a: Zamazenta|Body Press|p1a: Overqwil\n|-damage|p1a: Overqwil|68\/100\n|move|p1a: Overqwil|Barb Barrage|p2a: Zamazenta\n|-crit|p2a: Zamazenta\n|-damage|p2a: Zamazenta|0 fnt\n|faint|p2a: Zamazenta\n|\n|-heal|p1a: Overqwil|74\/100|[from] item: Leftovers\n|upkeep\n|\n|t:|1701080935\n|switch|p2a: Ogerpon|Ogerpon-Wellspring, F|7\/100\n|-damage|p2a: Ogerpon|0 fnt|[from] Stealth Rock\n|faint|p2a: Ogerpon\n|\n|win|Neppity Neps\n|raw|Neppity Neps's rating: 1153 &rarr; <strong>1173<\/strong><br \/>(+20 for winning)\n|raw|Diavola+Ska's rating: 1089 &rarr; <strong>1070<\/strong><br \/>(-19 for losing)\n|l|\u2606Diavola+Ska\n","uploadtime":1701080944,"views":3,"p1id":"neppityneps","p2id":"diavolaska","formatid":"gen9ou","rating":1070,"private":0,"password":""}