{"id":"gen9ou-1994680133","p1":"barbatosheavenly","p2":"Joker040921","format":"[Gen 9] OU","log":"|j|\u203dbarbatosheavenly\n|j|\u2606Joker040921\n|t:|1700480046\n|gametype|singles\n|player|p1|barbatosheavenly|shauntal|1092\n|player|p2|Joker040921|cynthia-gen7|1125\n|teamsize|p1|6\n|teamsize|p2|6\n|gen|9\n|tier|[Gen 9] OU\n|rated|\n|rule|Sleep Clause Mod: Limit one foe put to sleep\n|rule|Species Clause: Limit one of each Pok\u00e9mon\n|rule|OHKO Clause: OHKO moves are banned\n|rule|Evasion Items Clause: Evasion items are banned\n|rule|Evasion Moves Clause: Evasion moves are banned\n|rule|Endless Battle Clause: Forcing endless battles is banned\n|rule|HP Percentage Mod: HP is shown in percentages\n|clearpoke\n|poke|p1|Ninetales-Alola, F|\n|poke|p1|Poliwrath, M|\n|poke|p1|Eelektross, F|\n|poke|p1|Mimikyu, F|\n|poke|p1|Furret, F|\n|poke|p1|Toxapex, F|\n|poke|p2|Great Tusk|\n|poke|p2|Iron Valiant|\n|poke|p2|Glimmora, F|\n|poke|p2|Gholdengo|\n|poke|p2|Moltres|\n|poke|p2|Sandy Shocks|\n|teampreview\n|inactive|Battle timer is ON: inactive players will automatically lose when time's up. (requested by Joker040921)\n|\n|t:|1700480065\n|start\n|switch|p1a: Eelektross|Eelektross, F, shiny|100\/100\n|switch|p2a: Sandy Shocks|Sandy Shocks|100\/100\n|-enditem|p2a: Sandy Shocks|Booster Energy\n|-activate|p2a: Sandy Shocks|ability: Protosynthesis|[fromitem]\n|-start|p2a: Sandy Shocks|protosynthesisspe\n|turn|1\n|inactive|Joker040921 has 120 seconds left.\n|\n|t:|1700480097\n|move|p2a: Sandy Shocks|Substitute|p2a: Sandy Shocks\n|-start|p2a: Sandy Shocks|Substitute\n|-damage|p2a: Sandy Shocks|76\/100\n|move|p1a: Eelektross|Coil|p1a: Eelektross\n|-boost|p1a: Eelektross|atk|1\n|-boost|p1a: Eelektross|def|1\n|-boost|p1a: Eelektross|accuracy|1\n|\n|upkeep\n|turn|2\n|inactive|Joker040921 has 120 seconds left.\n|\n|t:|1700480119\n|-end|p2a: Sandy Shocks|Protosynthesis|[silent]\n|switch|p2a: Iron Valiant|Iron Valiant|100\/100\n|move|p1a: Eelektross|Coil|p1a: Eelektross\n|-boost|p1a: Eelektross|atk|1\n|-boost|p1a: Eelektross|def|1\n|-boost|p1a: Eelektross|accuracy|1\n|\n|upkeep\n|turn|3\n|\n|t:|1700480130\n|move|p2a: Iron Valiant|Moonblast|p1a: Eelektross\n|-damage|p1a: Eelektross|51\/100\n|-unboost|p1a: Eelektross|spa|1\n|move|p1a: Eelektross|Thunder Punch|p2a: Iron Valiant\n|-crit|p2a: Iron Valiant\n|-damage|p2a: Iron Valiant|0 fnt\n|faint|p2a: Iron Valiant\n|-end|p2a: Iron Valiant|Quark Drive|[silent]\n|\n|-heal|p1a: Eelektross|57\/100|[from] item: Leftovers\n|upkeep\n|\n|t:|1700480140\n|switch|p2a: Glimmora|Glimmora, F|100\/100\n|turn|4\n|\n|t:|1700480145\n|move|p2a: Glimmora|Mortal Spin|p1a: Eelektross\n|-damage|p1a: Eelektross|54\/100\n|-status|p1a: Eelektross|psn\n|move|p1a: Eelektross|Coil|p1a: Eelektross\n|-boost|p1a: Eelektross|atk|1\n|-boost|p1a: Eelektross|def|1\n|-boost|p1a: Eelektross|accuracy|1\n|\n|-heal|p1a: Eelektross|60\/100 psn|[from] item: Leftovers\n|-damage|p1a: Eelektross|48\/100 psn|[from] psn\n|upkeep\n|turn|5\n|inactive|Joker040921 has 120 seconds left.\n|\n|t:|1700480156\n|move|p2a: Glimmora|Stealth Rock|p1a: Eelektross\n|-sidestart|p1: barbatosheavenly|move: Stealth Rock\n|move|p1a: Eelektross|Drain Punch|p2a: Glimmora\n|-damage|p2a: Glimmora|22\/100\n|-heal|p1a: Eelektross|80\/100 psn|[from] drain|[of] p2a: Glimmora\n|-activate|p2a: Glimmora|ability: Toxic Debris\n|-sidestart|p1: barbatosheavenly|move: Toxic Spikes\n|\n|-heal|p1a: Eelektross|86\/100 psn|[from] item: Leftovers\n|-damage|p1a: Eelektross|74\/100 psn|[from] psn\n|upkeep\n|turn|6\n|inactive|Joker040921 has 120 seconds left.\n|\n|t:|1700480167\n|move|p2a: Glimmora|Sludge Wave|p1a: Eelektross\n|-damage|p1a: Eelektross|16\/100 psn\n|move|p1a: Eelektross|Drain Punch|p2a: Glimmora\n|-damage|p2a: Glimmora|0 fnt\n|-heal|p1a: Eelektross|25\/100 psn|[from] drain|[of] p2a: Glimmora\n|-activate|p2a: Glimmora|ability: Toxic Debris\n|-sidestart|p1: barbatosheavenly|move: Toxic Spikes\n|faint|p2a: Glimmora\n|\n|-heal|p1a: Eelektross|31\/100 psn|[from] item: Leftovers\n|-damage|p1a: Eelektross|19\/100 psn|[from] psn\n|upkeep\n|inactive|Joker040921 has 120 seconds left.\n|\n|t:|1700480180\n|switch|p2a: Moltres|Moltres|100\/100\n|turn|7\n|\n|t:|1700480187\n|move|p2a: Moltres|U-turn|p1a: Eelektross\n|-damage|p1a: Eelektross|13\/100 psn\n|\n|t:|1700480189\n|switch|p2a: Great Tusk|Great Tusk|100\/100|[from] U-turn\n|move|p1a: Eelektross|Thunder Punch|p2a: Great Tusk\n|-immune|p2a: Great Tusk\n|\n|-heal|p1a: Eelektross|19\/100 psn|[from] item: Leftovers\n|-damage|p1a: Eelektross|6\/100 psn|[from] psn\n|upkeep\n|turn|8\n|\n|t:|1700480203\n|-end|p2a: Great Tusk|Protosynthesis|[silent]\n|switch|p2a: Gholdengo|Gholdengo|100\/100\n|move|p1a: Eelektross|Drain Punch|p2a: Gholdengo\n|-immune|p2a: Gholdengo\n|\n|-heal|p1a: Eelektross|13\/100 psn|[from] item: Leftovers\n|-damage|p1a: Eelektross|0 fnt|[from] psn\n|faint|p1a: Eelektross\n|upkeep\n|\n|t:|1700480213\n|switch|p1a: Toxapex|Toxapex, F|100\/100\n|-damage|p1a: Toxapex|88\/100|[from] Stealth Rock\n|-sideend|p1: barbatosheavenly|move: Toxic Spikes|[of] p1a: Toxapex\n|turn|9\n|\n|t:|1700480223\n|move|p1a: Toxapex|Baneful Bunker|p1a: Toxapex\n|-singleturn|p1a: Toxapex|move: Protect\n|move|p2a: Gholdengo|Thunder Wave|p1a: Toxapex\n|-activate|p1a: Toxapex|move: Protect\n|\n|-heal|p1a: Toxapex|94\/100|[from] item: Leftovers\n|upkeep\n|turn|10\n|\n|t:|1700480242\n|switch|p1a: Poliwrath|Poliwrath, M, shiny|100\/100\n|-damage|p1a: Poliwrath|94\/100|[from] Stealth Rock\n|move|p2a: Gholdengo|Shadow Ball|p1a: Poliwrath\n|-damage|p1a: Poliwrath|53\/100\n|\n|upkeep\n|turn|11\n|\n|t:|1700480263\n|switch|p2a: Great Tusk|Great Tusk|100\/100\n|move|p1a: Poliwrath|Knock Off|p2a: Great Tusk\n|-resisted|p2a: Great Tusk\n|-damage|p2a: Great Tusk|88\/100\n|-enditem|p2a: Great Tusk|Assault Vest|[from] move: Knock Off|[of] p1a: Poliwrath\n|\n|upkeep\n|turn|12\n|\n|t:|1700480275\n|switch|p1a: Ninetales|Ninetales-Alola, F, shiny|100\/100\n|-damage|p1a: Ninetales|75\/100|[from] Stealth Rock\n|-weather|Snow|[from] ability: Snow Warning|[of] p1a: Ninetales\n|-terastallize|p2a: Great Tusk|Water\n|move|p2a: Great Tusk|Knock Off|p1a: Ninetales\n|-resisted|p1a: Ninetales\n|-damage|p1a: Ninetales|54\/100\n|-enditem|p1a: Ninetales|Leftovers|[from] move: Knock Off|[of] p2a: Great Tusk\n|\n|-weather|Snow|[upkeep]\n|upkeep\n|turn|13\n|\n|t:|1700480286\n|move|p1a: Ninetales|Freeze-Dry|p2a: Great Tusk\n|-supereffective|p2a: Great Tusk\n|-damage|p2a: Great Tusk|9\/100\n|move|p2a: Great Tusk|Brick Break|p1a: Ninetales\n|-damage|p1a: Ninetales|5\/100\n|\n|-weather|Snow|[upkeep]\n|upkeep\n|turn|14\n|\n|t:|1700480297\n|-end|p2a: Great Tusk|Protosynthesis|[silent]\n|switch|p2a: Gholdengo|Gholdengo|100\/100\n|move|p1a: Ninetales|Freeze-Dry|p2a: Gholdengo\n|-resisted|p2a: Gholdengo\n|-damage|p2a: Gholdengo|83\/100\n|-enditem|p2a: Gholdengo|Red Card|[of] p1a: Ninetales\n|drag|p1a: Toxapex|Toxapex, F|100\/100\n|-damage|p1a: Toxapex|88\/100|[from] Stealth Rock\n|\n|-weather|Snow|[upkeep]\n|-heal|p1a: Toxapex|94\/100|[from] item: Leftovers\n|upkeep\n|turn|15\n|\n|t:|1700480311\n|move|p1a: Toxapex|Baneful Bunker|p1a: Toxapex\n|-singleturn|p1a: Toxapex|move: Protect\n|move|p2a: Gholdengo|Recover|p2a: Gholdengo\n|-heal|p2a: Gholdengo|100\/100\n|\n|-weather|Snow|[upkeep]\n|-heal|p1a: Toxapex|100\/100|[from] item: Leftovers\n|upkeep\n|turn|16\n|\n|t:|1700480321\n|switch|p1a: Mimikyu|Mimikyu, F, shiny|100\/100\n|-damage|p1a: Mimikyu|88\/100|[from] Stealth Rock\n|move|p2a: Gholdengo|Thunder Wave|p1a: Mimikyu\n|-status|p1a: Mimikyu|par\n|\n|-weather|none\n|-heal|p1a: Mimikyu|94\/100 par|[from] item: Leftovers\n|upkeep\n|turn|17\n|\n|t:|1700480330\n|move|p2a: Gholdengo|Shadow Ball|p1a: Mimikyu\n|-activate|p1a: Mimikyu|ability: Disguise\n|-damage|p1a: Mimikyu|94\/100 par\n|detailschange|p1a: Mimikyu|Mimikyu-Busted, F, shiny\n|-damage|p1a: Mimikyu|82\/100 par|[from] pokemon: Mimikyu-Busted\n|move|p1a: Mimikyu|Shadow Claw|p2a: Gholdengo\n|-supereffective|p2a: Gholdengo\n|-damage|p2a: Gholdengo|28\/100\n|\n|-heal|p1a: Mimikyu|88\/100 par|[from] item: Leftovers\n|upkeep\n|turn|18\n|\n|t:|1700480341\n|move|p1a: Mimikyu|Protect|p1a: Mimikyu\n|-singleturn|p1a: Mimikyu|Protect\n|move|p2a: Gholdengo|Make It Rain|p1a: Mimikyu\n|-activate|p1a: Mimikyu|move: Protect\n|\n|-heal|p1a: Mimikyu|94\/100 par|[from] item: Leftovers\n|upkeep\n|turn|19\n|\n|t:|1700480365\n|move|p1a: Mimikyu|Protect||[still]\n|-fail|p1a: Mimikyu\n|move|p2a: Gholdengo|Shadow Ball|p1a: Mimikyu\n|-supereffective|p1a: Mimikyu\n|-damage|p1a: Mimikyu|0 fnt\n|faint|p1a: Mimikyu\n|\n|upkeep\n|\n|t:|1700480374\n|switch|p1a: Furret|Furret, F, shiny|100\/100\n|-damage|p1a: Furret|88\/100|[from] Stealth Rock\n|turn|20\n|\n|t:|1700480381\n|switch|p2a: Moltres|Moltres|100\/100\n|-terastallize|p1a: Furret|Dark\n|move|p1a: Furret|Sucker Punch||[still]\n|-fail|p1a: Furret\n|\n|-heal|p1a: Furret|94\/100|[from] item: Leftovers\n|upkeep\n|turn|21\n|\n|t:|1700480398\n|move|p2a: Moltres|Hurricane|p1a: Furret\n|-damage|p1a: Furret|0 fnt\n|faint|p1a: Furret\n|\n|upkeep\n|\n|t:|1700480406\n|switch|p1a: Poliwrath|Poliwrath, M, shiny|53\/100\n|-damage|p1a: Poliwrath|47\/100|[from] Stealth Rock\n|turn|22\n|\n|t:|1700480421\n|move|p2a: Moltres|Hurricane|p1a: Poliwrath\n|-supereffective|p1a: Poliwrath\n|-damage|p1a: Poliwrath|0 fnt\n|faint|p1a: Poliwrath\n|\n|upkeep\n|-message|barbatosheavenly forfeited.\n|\n|win|Joker040921\n|raw|barbatosheavenly's rating: 1092 &rarr; <strong>1070<\/strong><br \/>(-22 for losing)\n|raw|Joker040921's rating: 1125 &rarr; <strong>1148<\/strong><br \/>(+23 for winning)\n|l|\u203dbarbatosheavenly\n","uploadtime":1700480433,"views":8,"p1id":"barbatosheavenly","p2id":"joker040921","formatid":"gen9ou","rating":1070,"private":0,"password":""}