{"id":"gen9ou-2000292290","p1":"Mytton","p2":"OneASpicyMeatball","format":"[Gen 9] OU","log":"|j|\u2606Mytton\n|j|\u2606OneASpicyMeatball\n|t:|1701182026\n|gametype|singles\n|player|p1|Mytton|iris|1351\n|player|p2|OneASpicyMeatball|wallace|1435\n|teamsize|p1|6\n|teamsize|p2|6\n|gen|9\n|tier|[Gen 9] OU\n|rated|\n|rule|Sleep Clause Mod: Limit one foe put to sleep\n|rule|Species Clause: Limit one of each Pok\u00e9mon\n|rule|OHKO Clause: OHKO moves are banned\n|rule|Evasion Items Clause: Evasion items are banned\n|rule|Evasion Moves Clause: Evasion moves are banned\n|rule|Endless Battle Clause: Forcing endless battles is banned\n|rule|HP Percentage Mod: HP is shown in percentages\n|clearpoke\n|poke|p1|Garchomp, F|\n|poke|p1|Weavile, F|\n|poke|p1|Heatran, M|\n|poke|p1|Iron Valiant|\n|poke|p1|Cinderace, M|\n|poke|p1|Alomomola, F|\n|poke|p2|Zapdos|\n|poke|p2|Glimmora, M|\n|poke|p2|Dragapult, F|\n|poke|p2|Kingambit, F|\n|poke|p2|Cinderace, F|\n|poke|p2|Quaquaval, F|\n|teampreview\n|\n|t:|1701182037\n|start\n|switch|p1a: lost all GarcHope|Garchomp, F|100\/100\n|switch|p2a: Glimmora|Glimmora, M, shiny|100\/100\n|turn|1\n|\n|t:|1701182048\n|switch|p2a: Zapdos|Zapdos|100\/100\n|move|p1a: lost all GarcHope|Dragon Tail|p2a: Zapdos\n|-damage|p2a: Zapdos|72\/100\n|-status|p1a: lost all GarcHope|par|[from] ability: Static|[of] p2a: Zapdos\n|drag|p2a: Cinderace|Cinderace, F|100\/100\n|\n|upkeep\n|turn|2\n|\n|t:|1701182059\n|switch|p2a: Zapdos|Zapdos|72\/100\n|move|p1a: lost all GarcHope|Earthquake|p2a: Zapdos\n|-immune|p2a: Zapdos\n|\n|upkeep\n|turn|3\n|\n|t:|1701182065\n|move|p2a: Zapdos|Heat Wave|p1a: lost all GarcHope\n|-resisted|p1a: lost all GarcHope\n|-damage|p1a: lost all GarcHope|88\/100 par\n|move|p1a: lost all GarcHope|Dragon Tail|p2a: Zapdos\n|-damage|p2a: Zapdos|44\/100\n|drag|p2a: Glimmora|Glimmora, M, shiny|100\/100\n|\n|upkeep\n|turn|4\n|\n|t:|1701182074\n|-terastallize|p2a: Glimmora|Flying\n|move|p2a: Glimmora|Energy Ball|p1a: lost all GarcHope\n|-damage|p1a: lost all GarcHope|46\/100 par\n|-unboost|p1a: lost all GarcHope|spd|1\n|move|p1a: lost all GarcHope|Dragon Tail|p2a: Glimmora\n|-damage|p2a: Glimmora|67\/100\n|-activate|p2a: Glimmora|ability: Toxic Debris\n|-sidestart|p1: Mytton|move: Toxic Spikes\n|drag|p2a: Quaquaval|Quaquaval, F, shiny|100\/100\n|\n|upkeep\n|turn|5\n|\n|t:|1701182087\n|move|p1a: lost all GarcHope|Endure|p1a: lost all GarcHope\n|-singleturn|p1a: lost all GarcHope|move: Endure\n|move|p2a: Quaquaval|Ice Spinner|p1a: lost all GarcHope\n|-supereffective|p1a: lost all GarcHope\n|-activate|p1a: lost all GarcHope|move: Endure\n|-damage|p1a: lost all GarcHope|1\/100 par\n|-damage|p2a: Quaquaval|88\/100|[from] ability: Rough Skin|[of] p1a: lost all GarcHope\n|-damage|p2a: Quaquaval|72\/100|[from] item: Rocky Helmet|[of] p1a: lost all GarcHope\n|\n|upkeep\n|turn|6\n|\n|t:|1701182109\n|switch|p2a: Zapdos|Zapdos|44\/100\n|move|p1a: lost all GarcHope|Earthquake|p2a: Zapdos\n|-immune|p2a: Zapdos\n|\n|upkeep\n|turn|7\n|\n|t:|1701182115\n|switch|p1a: ugliest mf :sob:|Cinderace, M|100\/100\n|move|p2a: Zapdos|Roost|p2a: Zapdos\n|-heal|p2a: Zapdos|94\/100\n|-singleturn|p2a: Zapdos|move: Roost\n|\n|upkeep\n|turn|8\n|\n|t:|1701182123\n|move|p1a: ugliest mf :sob:|Court Change|p1a: ugliest mf :sob:\n|-start|p1a: ugliest mf :sob:|typechange|Normal|[from] ability: Libero\n|-swapsideconditions\n|-activate|p1a: ugliest mf :sob:|move: Court Change\n|move|p2a: Zapdos|U-turn|p1a: ugliest mf :sob:\n|-damage|p1a: ugliest mf :sob:|80\/100\n|\n|t:|1701182130\n|switch|p2a: Cinderace|Cinderace, F|100\/100|[from] U-turn\n|\n|upkeep\n|turn|9\n|\n|t:|1701182142\n|switch|p1a: froggy :DD|Heatran, M|100\/100\n|move|p2a: Cinderace|High Jump Kick|p1a: froggy :DD\n|-start|p2a: Cinderace|typechange|Fighting|[from] ability: Libero\n|-supereffective|p1a: froggy :DD\n|-damage|p1a: froggy :DD|0 fnt\n|faint|p1a: froggy :DD\n|\n|upkeep\n|\n|t:|1701182165\n|switch|p1a: gender robot|Iron Valiant|100\/100\n|-enditem|p1a: gender robot|Booster Energy\n|-activate|p1a: gender robot|ability: Quark Drive|[fromitem]\n|-start|p1a: gender robot|quarkdrivespe\n|turn|10\n|\n|t:|1701182172\n|switch|p2a: Zapdos|Zapdos|94\/100\n|move|p1a: gender robot|Moonblast|p2a: Zapdos\n|-damage|p2a: Zapdos|42\/100\n|-unboost|p2a: Zapdos|spa|1\n|\n|upkeep\n|turn|11\n|\n|t:|1701182179\n|move|p1a: gender robot|Moonblast|p2a: Zapdos\n|-damage|p2a: Zapdos|0 fnt\n|faint|p2a: Zapdos\n|\n|upkeep\n|\n|t:|1701182184\n|switch|p2a: Cinderace|Cinderace, F|100\/100\n|turn|12\n|\n|t:|1701182202\n|move|p1a: gender robot|Thunderbolt|p2a: Cinderace\n|-damage|p2a: Cinderace|61\/100\n|move|p2a: Cinderace|Pyro Ball|p1a: gender robot\n|-damage|p1a: gender robot|22\/100\n|\n|upkeep\n|turn|13\n|\n|t:|1701182209\n|move|p1a: gender robot|Close Combat|p2a: Cinderace\n|-damage|p2a: Cinderace|0 fnt\n|-unboost|p1a: gender robot|def|1\n|-unboost|p1a: gender robot|spd|1\n|faint|p2a: Cinderace\n|\n|upkeep\n|\n|t:|1701182217\n|switch|p2a: Quaquaval|Quaquaval, F, shiny|72\/100\n|-status|p2a: Quaquaval|psn\n|turn|14\n|\n|t:|1701182235\n|move|p1a: gender robot|Moonblast|p2a: Quaquaval\n|-supereffective|p2a: Quaquaval\n|-damage|p2a: Quaquaval|0 fnt\n|faint|p2a: Quaquaval\n|\n|upkeep\n|\n|t:|1701182239\n|switch|p2a: Glimmora|Glimmora, M, shiny, tera:Flying|67\/100\n|turn|15\n|\n|t:|1701182244\n|move|p1a: gender robot|Thunderbolt|p2a: Glimmora\n|-supereffective|p2a: Glimmora\n|-damage|p2a: Glimmora|0 fnt\n|faint|p2a: Glimmora\n|\n|upkeep\n|\n|t:|1701182250\n|switch|p2a: Dragapult|Dragapult, F, shiny|100\/100\n|turn|16\n|\n|t:|1701182255\n|move|p1a: gender robot|Moonblast|p2a: Dragapult\n|-supereffective|p2a: Dragapult\n|-damage|p2a: Dragapult|0 fnt\n|faint|p2a: Dragapult\n|\n|upkeep\n|\n|t:|1701182258\n|switch|p2a: Kingambit|Kingambit, F, shiny|100\/100\n|-activate|p2a: Kingambit|ability: Supreme Overlord\n|-start|p2a: Kingambit|fallen5|[silent]\n|turn|17\n|\n|t:|1701182269\n|move|p2a: Kingambit|Sucker Punch||[still]\n|-fail|p2a: Kingambit\n|move|p1a: gender robot|Destiny Bond|p1a: gender robot\n|-singlemove|p1a: gender robot|Destiny Bond\n|\n|upkeep\n|turn|18\n|\n|t:|1701182279\n|-end|p1a: gender robot|Quark Drive|[silent]\n|switch|p1a: lost all GarcHope|Garchomp, F|1\/100 par\n|move|p2a: Kingambit|Substitute|p2a: Kingambit\n|-start|p2a: Kingambit|Substitute\n|-damage|p2a: Kingambit|75\/100\n|\n|-heal|p2a: Kingambit|82\/100|[from] item: Leftovers\n|upkeep\n|turn|19\n|\n|t:|1701182283\n|move|p2a: Kingambit|Swords Dance|p2a: Kingambit\n|-boost|p2a: Kingambit|atk|2\n|cant|p1a: lost all GarcHope|par\n|\n|-heal|p2a: Kingambit|88\/100|[from] item: Leftovers\n|upkeep\n|turn|20\n|\n|t:|1701182291\n|move|p2a: Kingambit|Swords Dance|p2a: Kingambit\n|-boost|p2a: Kingambit|atk|2\n|move|p1a: lost all GarcHope|Earthquake|p2a: Kingambit\n|-supereffective|p2a: Kingambit\n|-end|p2a: Kingambit|Substitute\n|\n|-heal|p2a: Kingambit|94\/100|[from] item: Leftovers\n|upkeep\n|turn|21\n|\n|t:|1701182297\n|move|p2a: Kingambit|Sucker Punch|p1a: lost all GarcHope\n|-damage|p1a: lost all GarcHope|0 fnt\n|-damage|p2a: Kingambit|82\/100|[from] ability: Rough Skin|[of] p1a: lost all GarcHope\n|-damage|p2a: Kingambit|65\/100|[from] item: Rocky Helmet|[of] p1a: lost all GarcHope\n|faint|p1a: lost all GarcHope\n|\n|-heal|p2a: Kingambit|71\/100|[from] item: Leftovers\n|upkeep\n|\n|t:|1701182299\n|switch|p1a: ugliest mf :sob:|Cinderace, M|80\/100\n|turn|22\n|\n|t:|1701182304\n|move|p2a: Kingambit|Sucker Punch||[still]\n|-fail|p2a: Kingambit\n|move|p1a: ugliest mf :sob:|Will-O-Wisp|p2a: Kingambit\n|-status|p2a: Kingambit|brn\n|\n|-heal|p2a: Kingambit|77\/100 brn|[from] item: Leftovers\n|-damage|p2a: Kingambit|71\/100 brn|[from] brn\n|upkeep\n|turn|23\n|\n|t:|1701182313\n|move|p2a: Kingambit|Sucker Punch|p1a: ugliest mf :sob:\n|-damage|p1a: ugliest mf :sob:|0 fnt\n|faint|p1a: ugliest mf :sob:\n|\n|-heal|p2a: Kingambit|77\/100 brn|[from] item: Leftovers\n|-damage|p2a: Kingambit|71\/100 brn|[from] brn\n|upkeep\n|\n|t:|1701182322\n|switch|p1a: Weavback|Weavile, F|100\/100\n|-ability|p1a: Weavback|Pressure\n|turn|24\n|\n|t:|1701182326\n|move|p1a: Weavback|Low Kick|p2a: Kingambit\n|-supereffective|p2a: Kingambit\n|-damage|p2a: Kingambit|0 fnt\n|faint|p2a: Kingambit\n|-end|p2a: Kingambit|fallen5|[silent]\n|\n|win|Mytton\n|raw|Mytton's rating: 1351 &rarr; <strong>1376<\/strong><br \/>(+25 for winning)\n|raw|OneASpicyMeatball's rating: 1435 &rarr; <strong>1410<\/strong><br \/>(-25 for losing)\n|l|\u2606OneASpicyMeatball\n","uploadtime":1701182333,"views":3,"p1id":"mytton","p2id":"oneaspicymeatball","formatid":"gen9ou","rating":1376,"private":0,"password":""}