{"id":"gen9ou-1990414431","p1":"2(H2O)","p2":"illes","format":"[Gen 9] OU","log":"|j|\u26062(H2O)\n|j|\u2606illes\n|t:|1699968551\n|gametype|singles\n|player|p1|2(H2O)|chase|1528\n|player|p2|illes|266|1634\n|teamsize|p1|6\n|teamsize|p2|6\n|gen|9\n|tier|[Gen 9] OU\n|rated|\n|rule|Sleep Clause Mod: Limit one foe put to sleep\n|rule|Species Clause: Limit one of each Pok\u00e9mon\n|rule|OHKO Clause: OHKO moves are banned\n|rule|Evasion Items Clause: Evasion items are banned\n|rule|Evasion Moves Clause: Evasion moves are banned\n|rule|Endless Battle Clause: Forcing endless battles is banned\n|rule|HP Percentage Mod: HP is shown in percentages\n|clearpoke\n|poke|p1|Zamazenta-*|\n|poke|p1|Slowking-Galar, M|\n|poke|p1|Zapdos|\n|poke|p1|Samurott-Hisui, M|\n|poke|p1|Kingambit, M|\n|poke|p1|Landorus-Therian, M|\n|poke|p2|Corviknight, F|\n|poke|p2|Amoonguss, F|\n|poke|p2|Dondozo, F|\n|poke|p2|Clefable, M|\n|poke|p2|Blissey, F|\n|poke|p2|Ting-Lu|\n|teampreview\n|inactive|Battle timer is ON: inactive players will automatically lose when time's up. (requested by 2(H2O))\n|\n|t:|1699968562\n|start\n|switch|p1a: Samurott|Samurott-Hisui, M|100\/100\n|switch|p2a: Clefable|Clefable, M|100\/100\n|turn|1\n|\n|t:|1699968571\n|switch|p1a: Slowking|Slowking-Galar, M|100\/100\n|move|p2a: Clefable|Stealth Rock|p1a: Slowking\n|-sidestart|p1: 2(H2O)|move: Stealth Rock\n|\n|upkeep\n|turn|2\n|j| Shouedven\n|\n|t:|1699968577\n|move|p2a: Clefable|Knock Off|p1a: Slowking\n|-supereffective|p1a: Slowking\n|-damage|p1a: Slowking|69\/100\n|-enditem|p1a: Slowking|Heavy-Duty Boots|[from] move: Knock Off|[of] p2a: Clefable\n|move|p1a: Slowking|Future Sight|p2a: Clefable\n|-start|p1a: Slowking|move: Future Sight\n|\n|upkeep\n|turn|3\n|\n|t:|1699968586\n|switch|p2a: Blissey|Blissey, F|100\/100\n|move|p1a: Slowking|Chilly Reception|p1a: Slowking\n|-weather|Snow\n|\n|t:|1699968589\n|switch|p1a: Samurott|Samurott-Hisui, M|100\/100|[from] Chilly Reception\n|\n|-weather|Snow|[upkeep]\n|upkeep\n|turn|4\n|\n|t:|1699968597\n|switch|p2a: Corviknight|Corviknight, F|100\/100\n|-ability|p2a: Corviknight|Pressure\n|move|p1a: Samurott|Knock Off|p2a: Corviknight\n|-damage|p2a: Corviknight|74\/100\n|-damage|p1a: Samurott|84\/100|[from] item: Rocky Helmet|[of] p2a: Corviknight\n|-enditem|p2a: Corviknight|Rocky Helmet|[from] move: Knock Off|[of] p1a: Samurott\n|\n|-weather|Snow|[upkeep]\n|-end|p2a: Corviknight|move: Future Sight\n|-resisted|p2a: Corviknight\n|-damage|p2a: Corviknight|52\/100\n|upkeep\n|turn|5\n|\n|t:|1699968608\n|move|p1a: Samurott|Ceaseless Edge|p2a: Corviknight\n|-damage|p2a: Corviknight|27\/100\n|-sidestart|p2: illes|Spikes\n|move|p2a: Corviknight|Roost|p2a: Corviknight\n|-heal|p2a: Corviknight|77\/100\n|-singleturn|p2a: Corviknight|move: Roost\n|\n|-weather|Snow|[upkeep]\n|upkeep\n|turn|6\n|\n|t:|1699968616\n|move|p1a: Samurott|Encore|p2a: Corviknight\n|-start|p2a: Corviknight|Encore\n|move|p2a: Corviknight|Roost|p2a: Corviknight\n|-heal|p2a: Corviknight|100\/100\n|-singleturn|p2a: Corviknight|move: Roost\n|\n|-weather|Snow|[upkeep]\n|upkeep\n|turn|7\n|\n|t:|1699968623\n|switch|p2a: Clefable|Clefable, M|100\/100\n|move|p1a: Samurott|Knock Off|p2a: Clefable\n|-resisted|p2a: Clefable\n|-damage|p2a: Clefable|84\/100\n|-enditem|p2a: Clefable|Sticky Barb|[from] move: Knock Off|[of] p1a: Samurott\n|\n|-weather|none\n|upkeep\n|turn|8\n|\n|t:|1699968633\n|switch|p1a: Slowking|Slowking-Galar, M|100\/100\n|-damage|p1a: Slowking|88\/100|[from] Stealth Rock\n|move|p2a: Clefable|Wish|p2a: Clefable\n|\n|upkeep\n|turn|9\n|\n|t:|1699968643\n|switch|p2a: Ting-Lu|Ting-Lu|100\/100\n|-ability|p2a: Ting-Lu|Vessel of Ruin\n|move|p1a: Slowking|Future Sight|p2a: Ting-Lu\n|-start|p1a: Slowking|move: Future Sight\n|\n|upkeep\n|turn|10\n|\n|t:|1699968650\n|move|p2a: Ting-Lu|Spikes|p1a: Slowking\n|-sidestart|p1: 2(H2O)|Spikes\n|move|p1a: Slowking|Chilly Reception|p1a: Slowking\n|-weather|Snow\n|\n|t:|1699968653\n|switch|p1a: Samurott|Samurott-Hisui, M|84\/100|[from] Chilly Reception\n|\n|-weather|Snow|[upkeep]\n|upkeep\n|turn|11\n|\n|t:|1699968667\n|move|p1a: Samurott|Ceaseless Edge|p2a: Ting-Lu\n|-resisted|p2a: Ting-Lu\n|-damage|p2a: Ting-Lu|89\/100\n|-sidestart|p2: illes|Spikes\n|move|p2a: Ting-Lu|Rest|p2a: Ting-Lu\n|-status|p2a: Ting-Lu|slp|[from] move: Rest\n|-heal|p2a: Ting-Lu|100\/100 slp|[silent]\n|\n|-weather|Snow|[upkeep]\n|-end|p2a: Ting-Lu|move: Future Sight\n|-immune|p2a: Ting-Lu\n|upkeep\n|turn|12\n|\n|t:|1699968675\n|switch|p2a: Corviknight|Corviknight, F|100\/100\n|-ability|p2a: Corviknight|Pressure\n|move|p1a: Samurott|Ceaseless Edge|p2a: Corviknight\n|-damage|p2a: Corviknight|75\/100\n|-sidestart|p2: illes|Spikes\n|\n|-weather|Snow|[upkeep]\n|upkeep\n|turn|13\n|\n|t:|1699968677\n|switch|p1a: Zapdos|Zapdos|100\/100\n|move|p2a: Corviknight|Body Press|p1a: Zapdos\n|-resisted|p1a: Zapdos\n|-damage|p1a: Zapdos|88\/100\n|\n|-weather|Snow|[upkeep]\n|upkeep\n|turn|14\n|\n|t:|1699968683\n|switch|p1a: Samurott|Samurott-Hisui, M|84\/100\n|switch|p2a: Ting-Lu|Ting-Lu|100\/100 slp\n|-ability|p2a: Ting-Lu|Vessel of Ruin\n|\n|-weather|none\n|upkeep\n|turn|15\n|\n|t:|1699968688\n|switch|p2a: Corviknight|Corviknight, F|75\/100\n|-ability|p2a: Corviknight|Pressure\n|move|p1a: Samurott|Aqua Cutter|p2a: Corviknight\n|-damage|p2a: Corviknight|46\/100\n|\n|upkeep\n|turn|16\n|\n|t:|1699968691\n|move|p1a: Samurott|Ceaseless Edge|p2a: Corviknight|[miss]\n|-miss|p1a: Samurott|p2a: Corviknight\n|move|p2a: Corviknight|Roost|p2a: Corviknight\n|-heal|p2a: Corviknight|96\/100\n|-singleturn|p2a: Corviknight|move: Roost\n|\n|upkeep\n|turn|17\n|\n|t:|1699968705\n|switch|p2a: Ting-Lu|Ting-Lu|100\/100 slp\n|-ability|p2a: Ting-Lu|Vessel of Ruin\n|move|p1a: Samurott|Aqua Cutter|p2a: Ting-Lu\n|-supereffective|p2a: Ting-Lu\n|-damage|p2a: Ting-Lu|51\/100 slp\n|\n|upkeep\n|turn|18\n|\n|t:|1699968713\n|switch|p2a: Corviknight|Corviknight, F|96\/100\n|-ability|p2a: Corviknight|Pressure\n|move|p1a: Samurott|Ceaseless Edge|p2a: Corviknight\n|-damage|p2a: Corviknight|73\/100\n|\n|upkeep\n|turn|19\n|\n|t:|1699968717\n|switch|p1a: Zapdos|Zapdos|88\/100\n|move|p2a: Corviknight|Body Press|p1a: Zapdos\n|-resisted|p1a: Zapdos\n|-damage|p1a: Zapdos|75\/100\n|-status|p2a: Corviknight|par|[from] ability: Static|[of] p1a: Zapdos\n|\n|upkeep\n|turn|20\n|\n|t:|1699968724\n|switch|p1a: Samurott|Samurott-Hisui, M|84\/100\n|switch|p2a: Ting-Lu|Ting-Lu|51\/100 slp\n|-ability|p2a: Ting-Lu|Vessel of Ruin\n|\n|upkeep\n|turn|21\n|\n|t:|1699968732\n|switch|p2a: Clefable|Clefable, M|84\/100\n|move|p1a: Samurott|Aqua Cutter|p2a: Clefable\n|-damage|p2a: Clefable|47\/100\n|\n|upkeep\n|turn|22\n|\n|t:|1699968738\n|switch|p1a: Slowking|Slowking-Galar, M|100\/100\n|-damage|p1a: Slowking|88\/100|[from] Stealth Rock\n|-damage|p1a: Slowking|76\/100|[from] Spikes\n|move|p2a: Clefable|Wish|p2a: Clefable\n|\n|upkeep\n|turn|23\n|\n|t:|1699968745\n|move|p2a: Clefable|Protect|p2a: Clefable\n|-singleturn|p2a: Clefable|Protect\n|move|p1a: Slowking|Chilly Reception|p1a: Slowking\n|-weather|Snow\n|\n|t:|1699968749\n|switch|p1a: Samurott|Samurott-Hisui, M|84\/100|[from] Chilly Reception\n|\n|-weather|Snow|[upkeep]\n|-heal|p2a: Clefable|97\/100|[from] move: Wish|[wisher] Clefable\n|upkeep\n|turn|24\n|\n|t:|1699968754\n|move|p1a: Samurott|Encore|p2a: Clefable\n|-start|p2a: Clefable|Encore\n|move|p2a: Clefable|Protect||[still]\n|-fail|p2a: Clefable\n|\n|-weather|Snow|[upkeep]\n|upkeep\n|turn|25\n|\n|t:|1699968765\n|move|p2a: Clefable|Protect|p2a: Clefable\n|-singleturn|p2a: Clefable|Protect\n|move|p1a: Samurott|Aqua Cutter|p2a: Clefable\n|-activate|p2a: Clefable|move: Protect\n|\n|-weather|Snow|[upkeep]\n|upkeep\n|turn|26\n|\n|t:|1699968769\n|switch|p2a: Corviknight|Corviknight, F|73\/100 par\n|-ability|p2a: Corviknight|Pressure\n|move|p1a: Samurott|Aqua Cutter|p2a: Corviknight\n|-damage|p2a: Corviknight|47\/100 par\n|\n|-weather|Snow|[upkeep]\n|upkeep\n|turn|27\n|\n|t:|1699968773\n|move|p1a: Samurott|Aqua Cutter|p2a: Corviknight\n|-damage|p2a: Corviknight|19\/100 par\n|move|p2a: Corviknight|Roost|p2a: Corviknight\n|-heal|p2a: Corviknight|69\/100 par\n|-singleturn|p2a: Corviknight|move: Roost\n|\n|-weather|none\n|upkeep\n|turn|28\n|\n|t:|1699968779\n|move|p1a: Samurott|Encore|p2a: Corviknight\n|-start|p2a: Corviknight|Encore\n|move|p2a: Corviknight|Roost|p2a: Corviknight\n|-heal|p2a: Corviknight|100\/100 par\n|-singleturn|p2a: Corviknight|move: Roost\n|\n|upkeep\n|turn|29\n|\n|t:|1699968784\n|switch|p2a: Clefable|Clefable, M|97\/100\n|move|p1a: Samurott|Aqua Cutter|p2a: Clefable\n|-damage|p2a: Clefable|63\/100\n|\n|upkeep\n|turn|30\n|\n|t:|1699968786\n|switch|p1a: Slowking|Slowking-Galar, M|100\/100\n|-damage|p1a: Slowking|88\/100|[from] Stealth Rock\n|-damage|p1a: Slowking|76\/100|[from] Spikes\n|move|p2a: Clefable|Knock Off|p1a: Slowking\n|-supereffective|p1a: Slowking\n|-damage|p1a: Slowking|53\/100\n|\n|upkeep\n|turn|31\n|\n|t:|1699968792\n|move|p2a: Clefable|Wish|p2a: Clefable\n|move|p1a: Slowking|Future Sight|p2a: Clefable\n|-start|p1a: Slowking|move: Future Sight\n|\n|upkeep\n|turn|32\n|\n|t:|1699968800\n|switch|p2a: Ting-Lu|Ting-Lu|51\/100 slp\n|-ability|p2a: Ting-Lu|Vessel of Ruin\n|move|p1a: Slowking|Chilly Reception|p1a: Slowking\n|-weather|Snow\n|\n|t:|1699968804\n|switch|p1a: Samurott|Samurott-Hisui, M|84\/100|[from] Chilly Reception\n|\n|-weather|Snow|[upkeep]\n|-heal|p2a: Ting-Lu|89\/100 slp|[from] move: Wish|[wisher] Clefable\n|upkeep\n|turn|33\n|\n|t:|1699968818\n|switch|p2a: Corviknight|Corviknight, F|100\/100 par\n|-ability|p2a: Corviknight|Pressure\n|move|p1a: Samurott|Aqua Cutter|p2a: Corviknight\n|-damage|p2a: Corviknight|74\/100 par\n|\n|-weather|Snow|[upkeep]\n|-end|p2a: Corviknight|move: Future Sight\n|-resisted|p2a: Corviknight\n|-damage|p2a: Corviknight|51\/100 par\n|upkeep\n|turn|34\n|\n|t:|1699968822\n|move|p1a: Samurott|Aqua Cutter|p2a: Corviknight\n|-damage|p2a: Corviknight|24\/100 par\n|move|p2a: Corviknight|Roost|p2a: Corviknight\n|-heal|p2a: Corviknight|74\/100 par\n|-singleturn|p2a: Corviknight|move: Roost\n|\n|-weather|Snow|[upkeep]\n|upkeep\n|turn|35\n|\n|t:|1699968827\n|switch|p2a: Clefable|Clefable, M|63\/100\n|move|p1a: Samurott|Aqua Cutter|p2a: Clefable\n|-damage|p2a: Clefable|28\/100\n|\n|-weather|Snow|[upkeep]\n|upkeep\n|turn|36\n|\n|t:|1699968835\n|move|p2a: Clefable|Protect|p2a: Clefable\n|-singleturn|p2a: Clefable|Protect\n|move|p1a: Samurott|Aqua Cutter|p2a: Clefable\n|-activate|p2a: Clefable|move: Protect\n|\n|-weather|none\n|upkeep\n|turn|37\n|\n|t:|1699968838\n|switch|p2a: Corviknight|Corviknight, F|74\/100 par\n|-ability|p2a: Corviknight|Pressure\n|move|p1a: Samurott|Aqua Cutter|p2a: Corviknight\n|-damage|p2a: Corviknight|49\/100 par\n|\n|upkeep\n|turn|38\n|\n|t:|1699968845\n|move|p1a: Samurott|Aqua Cutter|p2a: Corviknight\n|-damage|p2a: Corviknight|21\/100 par\n|move|p2a: Corviknight|Body Press|p1a: Samurott\n|-supereffective|p1a: Samurott\n|-damage|p1a: Samurott|23\/100\n|\n|upkeep\n|turn|39\n|\n|t:|1699968852\n|move|p1a: Samurott|Ceaseless Edge|p2a: Corviknight\n|-damage|p2a: Corviknight|0 fnt\n|faint|p2a: Corviknight\n|\n|upkeep\n|\n|t:|1699968863\n|switch|p2a: Clefable|Clefable, M|28\/100\n|turn|40\n|\n|t:|1699968866\n|move|p1a: Samurott|Aqua Cutter|p2a: Clefable\n|-damage|p2a: Clefable|0 fnt\n|faint|p2a: Clefable\n|\n|upkeep\n|-message|illes forfeited.\n|\n|win|2(H2O)\n|raw|2(H2O)'s rating: 1528 &rarr; <strong>1554<\/strong><br \/>(+26 for winning)\n|raw|illes's rating: 1634 &rarr; <strong>1608<\/strong><br \/>(-26 for losing)\n|l|\u2606illes\n","uploadtime":1699968876,"views":7,"p1id":"2h2o","p2id":"illes","formatid":"gen9ou","rating":1554,"private":0,"password":""}