{"id":"gen9ou-1989391196","p1":"trizegard","p2":"misplaymaker","format":"[Gen 9] OU","log":"|j|\u2606trizegard\n|j|\u2606misplaymaker\n|t:|1699844289\n|gametype|singles\n|player|p1|trizegard|169|1407\n|player|p2|misplaymaker|acetrainer|1521\n|teamsize|p1|6\n|teamsize|p2|6\n|gen|9\n|tier|[Gen 9] OU\n|rated|\n|rule|Sleep Clause Mod: Limit one foe put to sleep\n|rule|Species Clause: Limit one of each Pok\u00e9mon\n|rule|OHKO Clause: OHKO moves are banned\n|rule|Evasion Items Clause: Evasion items are banned\n|rule|Evasion Moves Clause: Evasion moves are banned\n|rule|Endless Battle Clause: Forcing endless battles is banned\n|rule|HP Percentage Mod: HP is shown in percentages\n|clearpoke\n|poke|p1|Salamence, M|\n|poke|p1|Corviknight, F|\n|poke|p1|Greninja-*, M|\n|poke|p1|Sneasler, M|\n|poke|p1|Gholdengo|\n|poke|p1|Heatran, M|\n|poke|p2|Rillaboom, M|\n|poke|p2|Sneasler, M|\n|poke|p2|Heatran, F|\n|poke|p2|Walking Wake|\n|poke|p2|Kingambit, F|\n|poke|p2|Great Tusk|\n|teampreview\n|inactive|Battle timer is ON: inactive players will automatically lose when time's up. (requested by misplaymaker)\n|inactive|trizegard also wants the timer to be on.\n|\n|t:|1699844311\n|start\n|switch|p1a: Corviknight|Corviknight, F|100\/100\n|switch|p2a: Heatran|Heatran, F|100\/100\n|-ability|p1a: Corviknight|Pressure\n|turn|1\n|\n|t:|1699844328\n|switch|p1a: Salamence|Salamence, M|100\/100\n|move|p2a: Heatran|Stealth Rock|p1a: Salamence\n|-sidestart|p1: trizegard|move: Stealth Rock\n|\n|upkeep\n|turn|2\n|\n|t:|1699844350\n|switch|p2a: Rillaboom|Rillaboom, M|100\/100\n|-fieldstart|move: Grassy Terrain|[from] ability: Grassy Surge|[of] p2a: Rillaboom\n|move|p1a: Salamence|Earthquake|p2a: Rillaboom\n|-resisted|p2a: Rillaboom\n|-crit|p2a: Rillaboom\n|-damage|p2a: Rillaboom|86\/100\n|\n|-heal|p2a: Rillaboom|92\/100|[from] Grassy Terrain\n|upkeep\n|turn|3\n|\n|t:|1699844359\n|move|p1a: Salamence|Dragon Dance|p1a: Salamence\n|-boost|p1a: Salamence|atk|1\n|-boost|p1a: Salamence|spe|1\n|move|p2a: Rillaboom|Knock Off|p1a: Salamence\n|-damage|p1a: Salamence|34\/100\n|-enditem|p1a: Salamence|Heavy-Duty Boots|[from] move: Knock Off|[of] p2a: Rillaboom\n|\n|-heal|p2a: Rillaboom|98\/100|[from] Grassy Terrain\n|upkeep\n|turn|4\n|\n|t:|1699844367\n|move|p1a: Salamence|Dual Wingbeat|p2a: Rillaboom\n|-supereffective|p2a: Rillaboom\n|-damage|p2a: Rillaboom|30\/100\n|-supereffective|p2a: Rillaboom\n|-damage|p2a: Rillaboom|0 fnt\n|faint|p2a: Rillaboom\n|-ability|p1a: Salamence|Moxie|boost\n|-boost|p1a: Salamence|atk|1\n|-hitcount|p2: Rillaboom|2\n|\n|upkeep\n|\n|t:|1699844376\n|switch|p2a: Sneasler|Sneasler, M|100\/100\n|-enditem|p2a: Sneasler|Grassy Seed\n|-boost|p2a: Sneasler|def|1|[from] item: Grassy Seed\n|turn|5\n|\n|t:|1699844382\n|-terastallize|p1a: Salamence|Steel\n|move|p2a: Sneasler|Acrobatics|p1a: Salamence\n|-resisted|p1a: Salamence\n|-damage|p1a: Salamence|9\/100\n|move|p1a: Salamence|Dual Wingbeat|p2a: Sneasler\n|-supereffective|p2a: Sneasler\n|-damage|p2a: Sneasler|9\/100\n|-supereffective|p2a: Sneasler\n|-damage|p2a: Sneasler|0 fnt\n|faint|p2a: Sneasler\n|-ability|p1a: Salamence|Moxie|boost\n|-boost|p1a: Salamence|atk|1\n|-hitcount|p2: Sneasler|2\n|\n|-heal|p1a: Salamence|15\/100|[from] Grassy Terrain\n|upkeep\n|\n|t:|1699844393\n|switch|p2a: Heatran|Heatran, F|100\/100\n|turn|6\n|\n|t:|1699844399\n|move|p1a: Salamence|Earthquake|p2a: Heatran\n|-supereffective|p2a: Heatran\n|-damage|p2a: Heatran|0 fnt\n|faint|p2a: Heatran\n|-ability|p1a: Salamence|Moxie|boost\n|-boost|p1a: Salamence|atk|1\n|\n|-heal|p1a: Salamence|21\/100|[from] Grassy Terrain\n|-fieldend|move: Grassy Terrain\n|upkeep\n|-message|misplaymaker forfeited.\n|\n|win|trizegard\n|raw|trizegard's rating: 1407 &rarr; <strong>1433<\/strong><br \/>(+26 for winning)\n|raw|misplaymaker's rating: 1521 &rarr; <strong>1495<\/strong><br \/>(-26 for losing)\n|l|\u2606misplaymaker\n","uploadtime":1699844424,"views":22,"p1id":"trizegard","p2id":"misplaymaker","formatid":"gen9ou","rating":1433,"private":0,"password":""}