{"id":"gen9ou-1991096465","p1":"fregene97","p2":"keinbockmehralda","format":"[Gen 9] OU","log":"|j|\u2606fregene97\n|j|\u2606keinbockmehralda\n|t:|1700042290\n|gametype|singles\n|player|p1|fregene97|1|1111\n|player|p2|keinbockmehralda|gentleman|1000\n|teamsize|p1|6\n|teamsize|p2|6\n|gen|9\n|tier|[Gen 9] OU\n|rated|\n|rule|Sleep Clause Mod: Limit one foe put to sleep\n|rule|Species Clause: Limit one of each Pok\u00e9mon\n|rule|OHKO Clause: OHKO moves are banned\n|rule|Evasion Items Clause: Evasion items are banned\n|rule|Evasion Moves Clause: Evasion moves are banned\n|rule|Endless Battle Clause: Forcing endless battles is banned\n|rule|HP Percentage Mod: HP is shown in percentages\n|clearpoke\n|poke|p1|Manaphy|\n|poke|p1|Kingambit, M|\n|poke|p1|Ribombee, F|\n|poke|p1|Scizor, F|\n|poke|p1|Iron Moth|\n|poke|p1|Ogerpon-Wellspring, F|\n|poke|p2|Rillaboom, M|\n|poke|p2|Iron Valiant|\n|poke|p2|Maushold|\n|poke|p2|Heatran, F|\n|poke|p2|Great Tusk|\n|poke|p2|Sneasler, M|\n|teampreview\n|\n|t:|1700042313\n|start\n|switch|p1a: Scizor|Scizor, F|100\/100\n|switch|p2a: HOWKINGS|Maushold|100\/100\n|turn|1\n|\n|t:|1700042347\n|switch|p2a: GREAT FREEZAI|Great Tusk|100\/100\n|-enditem|p2a: GREAT FREEZAI|Booster Energy\n|-activate|p2a: GREAT FREEZAI|ability: Protosynthesis|[fromitem]\n|-start|p2a: GREAT FREEZAI|protosynthesisspe\n|move|p1a: Scizor|Swords Dance|p1a: Scizor\n|-boost|p1a: Scizor|atk|2\n|\n|upkeep\n|turn|2\n|\n|t:|1700042369\n|move|p2a: GREAT FREEZAI|Bulk Up|p2a: GREAT FREEZAI\n|-boost|p2a: GREAT FREEZAI|atk|1\n|-boost|p2a: GREAT FREEZAI|def|1\n|move|p1a: Scizor|Aerial Ace|p2a: GREAT FREEZAI\n|-supereffective|p2a: GREAT FREEZAI\n|-damage|p2a: GREAT FREEZAI|46\/100\n|\n|upkeep\n|turn|3\n|\n|t:|1700042400\n|move|p1a: Scizor|Quick Attack|p2a: GREAT FREEZAI\n|-damage|p2a: GREAT FREEZAI|27\/100\n|move|p2a: GREAT FREEZAI|Headlong Rush|p1a: Scizor\n|-damage|p1a: Scizor|19\/100\n|-unboost|p2a: GREAT FREEZAI|def|1\n|-unboost|p2a: GREAT FREEZAI|spd|1\n|-enditem|p1a: Scizor|Salac Berry|[eat]\n|-boost|p1a: Scizor|spe|1|[from] item: Salac Berry\n|\n|upkeep\n|turn|4\n|\n|t:|1700042425\n|-end|p2a: GREAT FREEZAI|Protosynthesis|[silent]\n|switch|p2a: SAVOURAS|Heatran, F|100\/100\n|-item|p2a: SAVOURAS|Air Balloon\n|-terastallize|p1a: Scizor|Bug\n|move|p1a: Scizor|Close Combat|p2a: SAVOURAS\n|-supereffective|p2a: SAVOURAS\n|-damage|p2a: SAVOURAS|0 fnt\n|-unboost|p1a: Scizor|def|1\n|-unboost|p1a: Scizor|spd|1\n|-enditem|p2a: SAVOURAS|Air Balloon\n|faint|p2a: SAVOURAS\n|\n|upkeep\n|\n|t:|1700042450\n|switch|p2a: VIVALOSPRIDE|Rillaboom, M|100\/100\n|-fieldstart|move: Grassy Terrain|[from] ability: Grassy Surge|[of] p2a: VIVALOSPRIDE\n|turn|5\n|\n|t:|1700042457\n|move|p2a: VIVALOSPRIDE|Grassy Glide|p1a: Scizor\n|-resisted|p1a: Scizor\n|-damage|p1a: Scizor|0 fnt\n|faint|p1a: Scizor\n|\n|upkeep\n|\n|t:|1700042462\n|switch|p1a: scarlet|Iron Moth|100\/100\n|-enditem|p1a: scarlet|Booster Energy\n|-activate|p1a: scarlet|ability: Quark Drive|[fromitem]\n|-start|p1a: scarlet|quarkdrivespe\n|turn|6\n|\n|t:|1700042485\n|switch|p2a: GREAT FREEZAI|Great Tusk|27\/100\n|move|p1a: scarlet|Substitute|p1a: scarlet\n|-start|p1a: scarlet|Substitute\n|-damage|p1a: scarlet|76\/100\n|\n|-heal|p1a: scarlet|82\/100|[from] Grassy Terrain\n|-heal|p2a: GREAT FREEZAI|34\/100|[from] Grassy Terrain\n|upkeep\n|turn|7\n|\n|t:|1700042495\n|move|p1a: scarlet|Fiery Dance|p2a: GREAT FREEZAI\n|-damage|p2a: GREAT FREEZAI|0 fnt\n|-boost|p1a: scarlet|spa|1\n|faint|p2a: GREAT FREEZAI\n|-end|p2a: GREAT FREEZAI|Protosynthesis|[silent]\n|\n|-heal|p1a: scarlet|88\/100|[from] Grassy Terrain\n|upkeep\n|inactive|Battle timer is ON: inactive players will automatically lose when time's up. (requested by fregene97)\n|\n|t:|1700042507\n|switch|p2a: ISZA (2X SPEED)|Sneasler, M|100\/100\n|-enditem|p2a: ISZA (2X SPEED)|Grassy Seed\n|-boost|p2a: ISZA (2X SPEED)|def|1|[from] item: Grassy Seed\n|turn|8\n|\n|t:|1700042516\n|-terastallize|p2a: ISZA (2X SPEED)|Ghost\n|move|p2a: ISZA (2X SPEED)|Shadow Claw|p1a: scarlet\n|-crit|p1a: scarlet\n|-end|p1a: scarlet|Substitute\n|move|p1a: scarlet|Fiery Dance|p2a: ISZA (2X SPEED)\n|-damage|p2a: ISZA (2X SPEED)|21\/100\n|-boost|p1a: scarlet|spa|1\n|\n|-heal|p2a: ISZA (2X SPEED)|27\/100|[from] Grassy Terrain\n|-heal|p1a: scarlet|94\/100|[from] Grassy Terrain\n|upkeep\n|turn|9\n|\n|t:|1700042525\n|move|p2a: ISZA (2X SPEED)|Shadow Claw|p1a: scarlet\n|-damage|p1a: scarlet|40\/100\n|move|p1a: scarlet|Fiery Dance|p2a: ISZA (2X SPEED)\n|-damage|p2a: ISZA (2X SPEED)|0 fnt\n|-boost|p1a: scarlet|spa|1\n|faint|p2a: ISZA (2X SPEED)\n|\n|-heal|p1a: scarlet|46\/100|[from] Grassy Terrain\n|-fieldend|move: Grassy Terrain\n|upkeep\n|\n|t:|1700042532\n|switch|p2a: IRON PUNNY|Iron Valiant|100\/100\n|-enditem|p2a: IRON PUNNY|Booster Energy\n|-activate|p2a: IRON PUNNY|ability: Quark Drive|[fromitem]\n|-start|p2a: IRON PUNNY|quarkdrivespe\n|turn|10\n|\n|t:|1700042535\n|move|p2a: IRON PUNNY|Psyshock|p1a: scarlet\n|-supereffective|p1a: scarlet\n|-crit|p1a: scarlet\n|-damage|p1a: scarlet|0 fnt\n|faint|p1a: scarlet\n|-end|p1a: scarlet|Quark Drive|[silent]\n|\n|upkeep\n|\n|t:|1700042539\n|switch|p1a: wildfiree|Ribombee, F, shiny|100\/100\n|turn|11\n|\n|t:|1700042547\n|move|p2a: IRON PUNNY|Taunt|p1a: wildfiree\n|-start|p1a: wildfiree|move: Taunt\n|cant|p1a: wildfiree|move: Taunt|Stun Spore\n|\n|upkeep\n|turn|12\n|\n|t:|1700042559\n|move|p2a: IRON PUNNY|Moonblast|p1a: wildfiree\n|-damage|p1a: wildfiree|21\/100\n|move|p1a: wildfiree|Psychic|p2a: IRON PUNNY\n|-supereffective|p2a: IRON PUNNY\n|-damage|p2a: IRON PUNNY|4\/100\n|\n|upkeep\n|turn|13\n|\n|t:|1700042563\n|move|p2a: IRON PUNNY|Moonblast|p1a: wildfiree\n|-damage|p1a: wildfiree|0 fnt\n|faint|p1a: wildfiree\n|\n|upkeep\n|\n|t:|1700042566\n|switch|p1a: awyp|Kingambit, M|100\/100\n|-activate|p1a: awyp|ability: Supreme Overlord\n|-start|p1a: awyp|fallen3|[silent]\n|turn|14\n|\n|t:|1700042571\n|-end|p2a: IRON PUNNY|Quark Drive|[silent]\n|switch|p2a: HOWKINGS|Maushold|100\/100\n|move|p1a: awyp|Kowtow Cleave|p2a: HOWKINGS\n|-damage|p2a: HOWKINGS|0 fnt\n|faint|p2a: HOWKINGS\n|\n|upkeep\n|\n|t:|1700042577\n|switch|p2a: VIVALOSPRIDE|Rillaboom, M|100\/100\n|-fieldstart|move: Grassy Terrain|[from] ability: Grassy Surge|[of] p2a: VIVALOSPRIDE\n|turn|15\n|\n|t:|1700042583\n|move|p2a: VIVALOSPRIDE|Low Kick|p1a: awyp\n|-supereffective|p1a: awyp\n|-damage|p1a: awyp|0 fnt\n|faint|p1a: awyp\n|-end|p1a: awyp|fallen3|[silent]\n|\n|upkeep\n|\n|t:|1700042588\n|switch|p1a: HPDARKEAGLE|Manaphy|100\/100\n|turn|16\n|\n|t:|1700042596\n|move|p2a: VIVALOSPRIDE|Grassy Glide|p1a: HPDARKEAGLE\n|-supereffective|p1a: HPDARKEAGLE\n|-damage|p1a: HPDARKEAGLE|29\/100\n|move|p1a: HPDARKEAGLE|Stored Power|p2a: VIVALOSPRIDE\n|-crit|p2a: VIVALOSPRIDE\n|-damage|p2a: VIVALOSPRIDE|89\/100\n|\n|-heal|p1a: HPDARKEAGLE|35\/100|[from] Grassy Terrain\n|-heal|p1a: HPDARKEAGLE|41\/100|[from] item: Leftovers\n|-heal|p2a: VIVALOSPRIDE|95\/100|[from] Grassy Terrain\n|upkeep\n|turn|17\n|\n|t:|1700042602\n|move|p2a: VIVALOSPRIDE|Grassy Glide|p1a: HPDARKEAGLE\n|-supereffective|p1a: HPDARKEAGLE\n|-damage|p1a: HPDARKEAGLE|0 fnt\n|faint|p1a: HPDARKEAGLE\n|\n|-heal|p2a: VIVALOSPRIDE|100\/100|[from] Grassy Terrain\n|upkeep\n|\n|t:|1700042605\n|switch|p1a: faya|Ogerpon-Wellspring, F|100\/100\n|turn|18\n|\n|t:|1700042613\n|move|p2a: VIVALOSPRIDE|Grassy Glide|p1a: faya\n|-damage|p1a: faya|43\/100\n|move|p1a: faya|Swords Dance|p1a: faya\n|-boost|p1a: faya|atk|2\n|\n|-heal|p1a: faya|49\/100|[from] Grassy Terrain\n|upkeep\n|turn|19\n|\n|t:|1700042625\n|move|p2a: VIVALOSPRIDE|Grassy Glide|p1a: faya\n|-damage|p1a: faya|0 fnt\n|faint|p1a: faya\n|\n|win|keinbockmehralda\n|raw|fregene97's rating: 1111 &rarr; <strong>1078<\/strong><br \/>(-33 for losing)\n|raw|keinbockmehralda's rating: 1000 &rarr; <strong>1052<\/strong><br \/>(+52 for winning)\n","uploadtime":1700042628,"views":7,"p1id":"fregene97","p2id":"keinbockmehralda","formatid":"gen9ou","rating":1052,"private":0,"password":""}