{"id":"gen9ou-1992799153","p1":"Volpix zZz","p2":"kamikaze banzai","format":"[Gen 9] OU","log":"|j|\u2606Volpix zZz\n|j|\u2606kamikaze banzai\n|t:|1700236449\n|gametype|singles\n|player|p1|Volpix zZz|1|1391\n|player|p2|kamikaze banzai|170|1416\n|teamsize|p1|6\n|teamsize|p2|6\n|gen|9\n|tier|[Gen 9] OU\n|rated|\n|rule|Sleep Clause Mod: Limit one foe put to sleep\n|rule|Species Clause: Limit one of each Pok\u00e9mon\n|rule|OHKO Clause: OHKO moves are banned\n|rule|Evasion Items Clause: Evasion items are banned\n|rule|Evasion Moves Clause: Evasion moves are banned\n|rule|Endless Battle Clause: Forcing endless battles is banned\n|rule|HP Percentage Mod: HP is shown in percentages\n|clearpoke\n|poke|p1|Kingambit, F|\n|poke|p1|Great Tusk|\n|poke|p1|Dragapult, F|\n|poke|p1|Ogerpon-Wellspring, F|\n|poke|p1|Blissey, F|\n|poke|p1|Zapdos|\n|poke|p2|Kingambit, M|\n|poke|p2|Polteageist-Antique|\n|poke|p2|Indeedee, M|\n|poke|p2|Zamazenta-*|\n|poke|p2|Sneasler, F|\n|poke|p2|Iron Treads|\n|teampreview\n|inactive|Battle timer is ON: inactive players will automatically lose when time's up. (requested by kamikaze banzai)\n|c|\u2606kamikaze banzai|glhf\n|\n|t:|1700236466\n|start\n|switch|p1a: Ogerpon|Ogerpon-Wellspring, F|100\/100\n|switch|p2a: Horn-E|Indeedee, M|100\/100\n|-fieldstart|move: Psychic Terrain|[from] ability: Psychic Surge|[of] p2a: Horn-E\n|turn|1\n|\n|t:|1700236474\n|switch|p2a: fast furr-E|Sneasler, F|100\/100\n|-enditem|p2a: fast furr-E|Psychic Seed\n|-boost|p2a: fast furr-E|spd|1|[from] item: Psychic Seed\n|move|p1a: Ogerpon|Ivy Cudgel|p2a: fast furr-E|[anim] Ivy Cudgel Water\n|-crit|p2a: fast furr-E\n|-damage|p2a: fast furr-E|0 fnt\n|faint|p2a: fast furr-E\n|\n|upkeep\n|\n|t:|1700236484\n|switch|p2a: Poltchage1st|Polteageist-Antique, shiny|100\/100\n|turn|2\n|\n|t:|1700236492\n|move|p1a: Ogerpon|Encore||[still]\n|-fail|p1a: Ogerpon\n|move|p2a: Poltchage1st|Shell Smash|p2a: Poltchage1st\n|-unboost|p2a: Poltchage1st|def|1\n|-unboost|p2a: Poltchage1st|spd|1\n|-boost|p2a: Poltchage1st|atk|2\n|-boost|p2a: Poltchage1st|spa|2\n|-boost|p2a: Poltchage1st|spe|2\n|\n|upkeep\n|turn|3\n|\n|t:|1700236497\n|move|p2a: Poltchage1st|Stored Power|p1a: Ogerpon\n|-crit|p1a: Ogerpon\n|-damage|p1a: Ogerpon|0 fnt\n|faint|p1a: Ogerpon\n|\n|upkeep\n|\n|t:|1700236502\n|switch|p1a: Blissey|Blissey, F|100\/100\n|turn|4\n|\n|t:|1700236506\n|move|p2a: Poltchage1st|Shell Smash|p2a: Poltchage1st\n|-unboost|p2a: Poltchage1st|def|1\n|-unboost|p2a: Poltchage1st|spd|1\n|-boost|p2a: Poltchage1st|atk|2\n|-boost|p2a: Poltchage1st|spa|2\n|-boost|p2a: Poltchage1st|spe|2\n|move|p1a: Blissey|Shadow Ball|p2a: Poltchage1st\n|-supereffective|p2a: Poltchage1st\n|-damage|p2a: Poltchage1st|30\/100\n|\n|upkeep\n|turn|5\n|\n|t:|1700236519\n|move|p2a: Poltchage1st|Stored Power|p1a: Blissey\n|-damage|p1a: Blissey|0 fnt\n|faint|p1a: Blissey\n|\n|upkeep\n|c|\u2606kamikaze banzai|ggwp\n|\n|t:|1700236543\n|switch|p1a: Kingambit|Kingambit, F|100\/100\n|-activate|p1a: Kingambit|ability: Supreme Overlord\n|-start|p1a: Kingambit|fallen2|[silent]\n|turn|6\n|\n|t:|1700236550\n|-terastallize|p2a: Poltchage1st|Steel\n|move|p2a: Poltchage1st|Giga Drain|p1a: Kingambit\n|-resisted|p1a: Kingambit\n|-damage|p1a: Kingambit|54\/100\n|-heal|p2a: Poltchage1st|63\/100|[from] drain|[of] p1a: Kingambit\n|move|p1a: Kingambit|Kowtow Cleave|p2a: Poltchage1st\n|-damage|p2a: Poltchage1st|0 fnt\n|faint|p2a: Poltchage1st\n|\n|upkeep\n|\n|t:|1700236566\n|switch|p2a: Douggo|Zamazenta|100\/100\n|-ability|p2a: Douggo|Dauntless Shield|boost\n|-boost|p2a: Douggo|def|1\n|-enditem|p2a: Douggo|Psychic Seed\n|-boost|p2a: Douggo|spd|1|[from] item: Psychic Seed\n|turn|7\n|\n|t:|1700236572\n|-end|p1a: Kingambit|fallen2|[silent]\n|switch|p1a: Zapdos|Zapdos|100\/100\n|move|p2a: Douggo|Iron Defense|p2a: Douggo\n|-boost|p2a: Douggo|def|2\n|\n|upkeep\n|turn|8\n|\n|t:|1700236578\n|move|p2a: Douggo|Crunch|p1a: Zapdos\n|-damage|p1a: Zapdos|78\/100\n|move|p1a: Zapdos|Hurricane|p2a: Douggo\n|-supereffective|p2a: Douggo\n|-damage|p2a: Douggo|50\/100\n|-start|p2a: Douggo|confusion\n|\n|-fieldend|move: Psychic Terrain\n|upkeep\n|turn|9\n|\n|t:|1700236587\n|-activate|p2a: Douggo|confusion\n|move|p2a: Douggo|Crunch|p1a: Zapdos\n|-crit|p1a: Zapdos\n|-damage|p1a: Zapdos|41\/100\n|-status|p2a: Douggo|par|[from] ability: Static|[of] p1a: Zapdos\n|move|p1a: Zapdos|Roost|p1a: Zapdos\n|-heal|p1a: Zapdos|91\/100\n|-singleturn|p1a: Zapdos|move: Roost\n|\n|upkeep\n|turn|10\n|\n|t:|1700236595\n|move|p1a: Zapdos|Hurricane|p2a: Douggo\n|-supereffective|p2a: Douggo\n|-damage|p2a: Douggo|4\/100 par\n|-end|p2a: Douggo|confusion\n|cant|p2a: Douggo|par\n|\n|upkeep\n|turn|11\n|\n|t:|1700236601\n|move|p1a: Zapdos|Volt Switch|p2a: Douggo\n|-damage|p2a: Douggo|0 fnt\n|faint|p2a: Douggo\n|\n|t:|1700236605\n|switch|p1a: Kingambit|Kingambit, F|54\/100|[from] Volt Switch\n|-activate|p1a: Kingambit|ability: Supreme Overlord\n|-start|p1a: Kingambit|fallen2|[silent]\n|\n|upkeep\n|\n|t:|1700236609\n|switch|p2a: great wheels|Iron Treads|100\/100\n|turn|12\n|\n|t:|1700236618\n|-end|p1a: Kingambit|fallen2|[silent]\n|switch|p1a: Great Tusk|Great Tusk|100\/100\n|move|p2a: great wheels|Earthquake|p1a: Great Tusk\n|-damage|p1a: Great Tusk|69\/100\n|\n|-heal|p1a: Great Tusk|75\/100|[from] item: Leftovers\n|upkeep\n|turn|13\n|\n|t:|1700236625\n|move|p2a: great wheels|Ice Spinner|p1a: Great Tusk\n|-supereffective|p1a: Great Tusk\n|-damage|p1a: Great Tusk|43\/100\n|move|p1a: Great Tusk|Knock Off|p2a: great wheels\n|-damage|p2a: great wheels|76\/100\n|-enditem|p2a: great wheels|Heavy-Duty Boots|[from] move: Knock Off|[of] p1a: Great Tusk\n|\n|-heal|p1a: Great Tusk|49\/100|[from] item: Leftovers\n|upkeep\n|turn|14\n|\n|t:|1700236631\n|move|p2a: great wheels|Ice Spinner|p1a: Great Tusk\n|-supereffective|p1a: Great Tusk\n|-damage|p1a: Great Tusk|17\/100\n|move|p1a: Great Tusk|Earthquake|p2a: great wheels\n|-supereffective|p2a: great wheels\n|-damage|p2a: great wheels|0 fnt\n|faint|p2a: great wheels\n|-end|p2a: great wheels|Quark Drive|[silent]\n|\n|-heal|p1a: Great Tusk|23\/100|[from] item: Leftovers\n|upkeep\n|\n|t:|1700236638\n|switch|p2a: Horn-E|Indeedee, M|100\/100\n|-fieldstart|move: Psychic Terrain|[from] ability: Psychic Surge|[of] p2a: Horn-E\n|turn|15\n|\n|t:|1700236646\n|move|p2a: Horn-E|Psychic|p1a: Great Tusk\n|-supereffective|p1a: Great Tusk\n|-damage|p1a: Great Tusk|0 fnt\n|faint|p1a: Great Tusk\n|-end|p1a: Great Tusk|Protosynthesis|[silent]\n|\n|upkeep\n|\n|t:|1700236651\n|switch|p1a: Kingambit|Kingambit, F|54\/100\n|-activate|p1a: Kingambit|ability: Supreme Overlord\n|-start|p1a: Kingambit|fallen3|[silent]\n|turn|16\n|\n|t:|1700236654\n|move|p2a: Horn-E|Hyper Voice|p1a: Kingambit\n|-resisted|p1a: Kingambit\n|-damage|p1a: Kingambit|32\/100\n|move|p1a: Kingambit|Kowtow Cleave|p2a: Horn-E\n|-supereffective|p2a: Horn-E\n|-damage|p2a: Horn-E|0 fnt\n|faint|p2a: Horn-E\n|\n|upkeep\n|\n|t:|1700236659\n|switch|p2a: knoife|Kingambit, M|100\/100\n|-activate|p2a: knoife|ability: Supreme Overlord\n|-start|p2a: knoife|fallen5|[silent]\n|turn|17\n|\n|t:|1700236663\n|move|p1a: Kingambit|Kowtow Cleave|p2a: knoife\n|-resisted|p2a: knoife\n|-damage|p2a: knoife|79\/100\n|move|p2a: knoife|Low Kick|p1a: Kingambit\n|-supereffective|p1a: Kingambit\n|-damage|p1a: Kingambit|0 fnt\n|faint|p1a: Kingambit\n|-end|p1a: Kingambit|fallen3|[silent]\n|\n|upkeep\n|\n|t:|1700236669\n|switch|p1a: Zapdos|Zapdos|91\/100\n|turn|18\n|\n|t:|1700236675\n|move|p1a: Zapdos|Heat Wave|p2a: knoife\n|-supereffective|p2a: knoife\n|-damage|p2a: knoife|26\/100\n|move|p2a: knoife|Kowtow Cleave|p1a: Zapdos\n|-damage|p1a: Zapdos|18\/100\n|\n|upkeep\n|turn|19\n|\n|t:|1700236681\n|move|p2a: knoife|Sucker Punch|p1a: Zapdos\n|-hint|Psychic Terrain doesn't affect Pok\u00e9mon immune to Ground.\n|-damage|p1a: Zapdos|0 fnt\n|faint|p1a: Zapdos\n|\n|upkeep\n|c|\u2606Volpix zZz|wait\n|c|\u2606Volpix zZz|since how suckun punch works\n|c|\u2606Volpix zZz|with a ballon\n|c|\u2606Volpix zZz|on a psychic terrain\n|inactive|Volpix zZz has 120 seconds left.\n|c|\u2606Volpix zZz|ahahahhaha\n|\n|t:|1700236714\n|switch|p1a: Dragapult|Dragapult, F|100\/100\n|turn|20\n|c|\u2606kamikaze banzai|wait what\n|c|\u2606kamikaze banzai|nahnahnah\n|c|\u2606Volpix zZz|XD\n|inactive|Volpix zZz has 120 seconds left.\n|c|\u2606kamikaze banzai|report\n|c|\u2606Volpix zZz|i didn't know that\n|\n|t:|1700236729\n|move|p2a: knoife|Sucker Punch|p1a: Dragapult\n|-activate|p1a: Dragapult|move: Psychic Terrain\n|move|p1a: Dragapult|Flamethrower|p2a: knoife\n|-supereffective|p2a: knoife\n|-damage|p2a: knoife|0 fnt\n|faint|p2a: knoife\n|-end|p2a: knoife|fallen5|[silent]\n|\n|win|Volpix zZz\n|raw|Volpix zZz's rating: 1391 &rarr; <strong>1412<\/strong><br \/>(+21 for winning)\n|raw|kamikaze banzai's rating: 1416 &rarr; <strong>1395<\/strong><br \/>(-21 for losing)\n|c|\u2606Volpix zZz|???????\/\n|c|\u2606Volpix zZz|XD\n|c|\u2606Volpix zZz|wtf is this\n|c|\u2606kamikaze banzai|report it\n|c|\u2606kamikaze banzai|So odd\n","uploadtime":1700236763,"views":32,"p1id":"volpixzzz","p2id":"kamikazebanzai","formatid":"gen9ou","rating":1395,"private":0,"password":""}