{"id":"gen9ou-1994084095","p1":"rainheimer","p2":"LogicaVietii2","format":"[Gen 9] OU","log":"|j|\u2606rainheimer\n|j|\u2606LogicaVietii2\n|t:|1700404797\n|gametype|singles\n|player|p1|rainheimer|170|1583\n|player|p2|LogicaVietii2|alder|1636\n|teamsize|p1|6\n|teamsize|p2|6\n|gen|9\n|tier|[Gen 9] OU\n|rated|\n|rule|Sleep Clause Mod: Limit one foe put to sleep\n|rule|Species Clause: Limit one of each Pok\u00e9mon\n|rule|OHKO Clause: OHKO moves are banned\n|rule|Evasion Items Clause: Evasion items are banned\n|rule|Evasion Moves Clause: Evasion moves are banned\n|rule|Endless Battle Clause: Forcing endless battles is banned\n|rule|HP Percentage Mod: HP is shown in percentages\n|clearpoke\n|poke|p1|Samurott-Hisui, M|\n|poke|p1|Pelipper, M|\n|poke|p1|Zapdos|\n|poke|p1|Scizor, M|\n|poke|p1|Barraskewda, M|\n|poke|p1|Amoonguss, M|\n|poke|p2|Maushold|\n|poke|p2|Samurott-Hisui, M|\n|poke|p2|Kingambit, F|\n|poke|p2|Garganacl, M|\n|poke|p2|Amoonguss, M|\n|poke|p2|Weavile, F|\n|teampreview\n|inactive|Battle timer is ON: inactive players will automatically lose when time's up. (requested by LogicaVietii2)\n|j| Adede\n|\n|t:|1700404821\n|start\n|switch|p1a: Zapdos|Zapdos|100\/100\n|switch|p2a: Samurott|Samurott-Hisui, M|100\/100\n|-ability|p1a: Zapdos|Pressure\n|turn|1\n|\n|t:|1700404825\n|switch|p2a: Garganacl|Garganacl, M|100\/100\n|move|p1a: Zapdos|Volt Switch|p2a: Garganacl\n|-damage|p2a: Garganacl|77\/100\n|\n|t:|1700404831\n|switch|p1a: Scizor|Scizor, M|100\/100|[from] Volt Switch\n|\n|-heal|p2a: Garganacl|84\/100|[from] item: Leftovers\n|upkeep\n|turn|2\n|\n|t:|1700404839\n|move|p1a: Scizor|Bullet Punch|p2a: Garganacl\n|-supereffective|p2a: Garganacl\n|-damage|p2a: Garganacl|19\/100\n|move|p2a: Garganacl|Iron Defense|p2a: Garganacl\n|-boost|p2a: Garganacl|def|2\n|\n|-heal|p2a: Garganacl|25\/100|[from] item: Leftovers\n|upkeep\n|turn|3\n|\n|t:|1700404847\n|switch|p2a: Samurott|Samurott-Hisui, M|100\/100\n|-terastallize|p1a: Scizor|Steel\n|move|p1a: Scizor|Bullet Punch|p2a: Samurott\n|-resisted|p2a: Samurott\n|-damage|p2a: Samurott|59\/100\n|\n|upkeep\n|turn|4\n|\n|t:|1700404862\n|move|p1a: Scizor|Bullet Punch|p2a: Samurott\n|-resisted|p2a: Samurott\n|-damage|p2a: Samurott|17\/100\n|move|p2a: Samurott|Ceaseless Edge|p1a: Scizor\n|-damage|p1a: Scizor|50\/100\n|-sidestart|p1: rainheimer|Spikes\n|\n|upkeep\n|turn|5\n|\n|t:|1700404870\n|switch|p2a: Kingambit|Kingambit, F|100\/100\n|move|p1a: Scizor|Bullet Punch|p2a: Kingambit\n|-resisted|p2a: Kingambit\n|-damage|p2a: Kingambit|72\/100\n|\n|-heal|p2a: Kingambit|78\/100|[from] item: Leftovers\n|upkeep\n|turn|6\n|\n|t:|1700404881\n|switch|p1a: Samurott|Samurott-Hisui, M|100\/100\n|-damage|p1a: Samurott|88\/100|[from] Spikes\n|move|p2a: Kingambit|Kowtow Cleave|p1a: Samurott\n|-resisted|p1a: Samurott\n|-damage|p1a: Samurott|54\/100\n|\n|-heal|p2a: Kingambit|84\/100|[from] item: Leftovers\n|upkeep\n|turn|7\n|\n|t:|1700404887\n|move|p1a: Samurott|Sacred Sword|p2a: Kingambit\n|-supereffective|p2a: Kingambit\n|-damage|p2a: Kingambit|0 fnt\n|faint|p2a: Kingambit\n|-end|p2a: Kingambit|fallenundefined|[silent]\n|\n|upkeep\n|l| Adede\n|\n|t:|1700404892\n|switch|p2a: Maushold|Maushold|100\/100\n|turn|8\n|\n|t:|1700404902\n|switch|p1a: Amoonguss|Amoonguss, M|100\/100\n|-damage|p1a: Amoonguss|88\/100|[from] Spikes\n|move|p2a: Maushold|Population Bomb|p1a: Amoonguss\n|-damage|p1a: Amoonguss|77\/100\n|-damage|p2a: Maushold|84\/100|[from] item: Rocky Helmet|[of] p1a: Amoonguss\n|-damage|p1a: Amoonguss|65\/100\n|-damage|p2a: Maushold|67\/100|[from] item: Rocky Helmet|[of] p1a: Amoonguss\n|-damage|p1a: Amoonguss|53\/100\n|-damage|p2a: Maushold|51\/100|[from] item: Rocky Helmet|[of] p1a: Amoonguss\n|-damage|p1a: Amoonguss|41\/100\n|-damage|p2a: Maushold|34\/100|[from] item: Rocky Helmet|[of] p1a: Amoonguss\n|-damage|p1a: Amoonguss|29\/100\n|-damage|p2a: Maushold|17\/100|[from] item: Rocky Helmet|[of] p1a: Amoonguss\n|-damage|p1a: Amoonguss|17\/100\n|-damage|p2a: Maushold|1\/100|[from] item: Rocky Helmet|[of] p1a: Amoonguss\n|-damage|p1a: Amoonguss|7\/100\n|-damage|p2a: Maushold|0 fnt|[from] item: Rocky Helmet|[of] p1a: Amoonguss\n|faint|p2a: Maushold\n|-hitcount|p1a: Amoonguss|7\n|\n|upkeep\n|\n|t:|1700404905\n|switch|p2a: Samurott|Samurott-Hisui, M|17\/100\n|turn|9\n|\n|t:|1700404910\n|move|p2a: Samurott|Ceaseless Edge|p1a: Amoonguss\n|-damage|p1a: Amoonguss|0 fnt\n|-damage|p2a: Samurott|0 fnt|[from] item: Rocky Helmet|[of] p1a: Amoonguss\n|faint|p1a: Amoonguss\n|faint|p2a: Samurott\n|\n|upkeep\n|\n|t:|1700404930\n|switch|p2a: Amoonguss|Amoonguss, M|100\/100\n|switch|p1a: Pelipper|Pelipper, M|100\/100\n|-weather|RainDance|[from] ability: Drizzle|[of] p1a: Pelipper\n|turn|10\n|\n|t:|1700404933\n|move|p1a: Pelipper|Hurricane|p2a: Amoonguss\n|-supereffective|p2a: Amoonguss\n|-damage|p2a: Amoonguss|0 fnt\n|faint|p2a: Amoonguss\n|\n|-weather|RainDance|[upkeep]\n|upkeep\n|\n|t:|1700404937\n|switch|p2a: Weavile|Weavile, F|100\/100\n|-ability|p2a: Weavile|Pressure\n|turn|11\n|\n|t:|1700404945\n|move|p2a: Weavile|Knock Off|p1a: Pelipper\n|-damage|p1a: Pelipper|50\/100\n|-enditem|p1a: Pelipper|Damp Rock|[from] move: Knock Off|[of] p2a: Weavile\n|move|p1a: Pelipper|Hurricane|p2a: Weavile\n|-damage|p2a: Weavile|28\/100\n|\n|-weather|RainDance|[upkeep]\n|upkeep\n|turn|12\n|\n|t:|1700404953\n|-terastallize|p2a: Weavile|Ice\n|move|p2a: Weavile|Ice Spinner|p1a: Pelipper\n|-damage|p1a: Pelipper|0 fnt\n|faint|p1a: Pelipper\n|\n|-weather|RainDance|[upkeep]\n|upkeep\n|\n|t:|1700404960\n|switch|p1a: Barraskewda|Barraskewda, M|100\/100\n|-damage|p1a: Barraskewda|88\/100|[from] Spikes\n|turn|13\n|\n|t:|1700404963\n|move|p1a: Barraskewda|Aqua Jet|p2a: Weavile\n|-damage|p2a: Weavile|0 fnt\n|faint|p2a: Weavile\n|\n|-weather|RainDance|[upkeep]\n|upkeep\n|\n|t:|1700404965\n|switch|p2a: Garganacl|Garganacl, M|25\/100\n|turn|14\n|\n|t:|1700404967\n|move|p1a: Barraskewda|Aqua Jet|p2a: Garganacl\n|-supereffective|p2a: Garganacl\n|-damage|p2a: Garganacl|0 fnt\n|faint|p2a: Garganacl\n|\n|win|rainheimer\n|raw|rainheimer's rating: 1583 &rarr; <strong>1606<\/strong><br \/>(+23 for winning)\n|raw|LogicaVietii2's rating: 1636 &rarr; <strong>1613<\/strong><br \/>(-23 for losing)\n|l|\u2606LogicaVietii2\n","uploadtime":1700404984,"views":6,"p1id":"rainheimer","p2id":"logicavietii2","formatid":"gen9ou","rating":1606,"private":0,"password":""}