{"id":"gen9ou-1997279005","p1":"Ssniped","p2":"VanhominTesting","format":"[Gen 9] OU","log":"|j|\u2606Ssniped\n|j|\u2606VanhominTesting\n|t:|1700783869\n|gametype|singles\n|player|p1|Ssniped|plasmagrunt|1281\n|player|p2|VanhominTesting|scientist-gen4|1212\n|teamsize|p1|6\n|teamsize|p2|6\n|gen|9\n|tier|[Gen 9] OU\n|rated|\n|rule|Sleep Clause Mod: Limit one foe put to sleep\n|rule|Species Clause: Limit one of each Pok\u00e9mon\n|rule|OHKO Clause: OHKO moves are banned\n|rule|Evasion Items Clause: Evasion items are banned\n|rule|Evasion Moves Clause: Evasion moves are banned\n|rule|Endless Battle Clause: Forcing endless battles is banned\n|rule|HP Percentage Mod: HP is shown in percentages\n|clearpoke\n|poke|p1|Iron Valiant|\n|poke|p1|Rillaboom, F|\n|poke|p1|Iron Moth|\n|poke|p1|Samurott-Hisui, F|\n|poke|p1|Iron Treads|\n|poke|p1|Dragonite, M|\n|poke|p2|Enamorus, F|\n|poke|p2|Ninetales-Alola, F|\n|poke|p2|Garganacl, M|\n|poke|p2|Ursaluna, M|\n|poke|p2|Corviknight, M|\n|poke|p2|Ditto|\n|teampreview\n|inactive|Battle timer is ON: inactive players will automatically lose when time's up. (requested by VanhominTesting)\n|\n|t:|1700783883\n|start\n|switch|p1a: Rillaboom|Rillaboom, F|100\/100\n|switch|p2a: Ninetales|Ninetales-Alola, F|100\/100\n|-weather|Snow|[from] ability: Snow Warning|[of] p2a: Ninetales\n|-fieldstart|move: Grassy Terrain|[from] ability: Grassy Surge|[of] p1a: Rillaboom\n|turn|1\n|\n|t:|1700783907\n|move|p2a: Ninetales|Aurora Veil|p2a: Ninetales\n|-sidestart|p2: VanhominTesting|move: Aurora Veil\n|move|p1a: Rillaboom|U-turn|p2a: Ninetales\n|-resisted|p2a: Ninetales\n|-damage|p2a: Ninetales|93\/100\n|\n|t:|1700783913\n|switch|p1a: Iron Treads|Iron Treads|100\/100|[from] U-turn\n|\n|-weather|Snow|[upkeep]\n|-heal|p2a: Ninetales|99\/100|[from] Grassy Terrain\n|upkeep\n|turn|2\n|inactive|VanhominTesting has 120 seconds left.\n|\n|t:|1700783954\n|switch|p2a: Catalyst|Garganacl, M, shiny|100\/100\n|move|p1a: Iron Treads|Stealth Rock|p2a: Catalyst\n|-sidestart|p2: VanhominTesting|move: Stealth Rock\n|\n|-weather|Snow|[upkeep]\n|upkeep\n|turn|3\n|\n|t:|1700783964\n|move|p1a: Iron Treads|Earthquake|p2a: Catalyst\n|-supereffective|p2a: Catalyst\n|-damage|p2a: Catalyst|88\/100\n|move|p2a: Catalyst|Curse|p2a: Catalyst\n|-unboost|p2a: Catalyst|spe|1\n|-boost|p2a: Catalyst|atk|1\n|-boost|p2a: Catalyst|def|1\n|\n|-weather|Snow|[upkeep]\n|-heal|p2a: Catalyst|94\/100|[from] Grassy Terrain\n|-heal|p2a: Catalyst|99\/100|[from] item: Leftovers\n|upkeep\n|turn|4\n|inactive|VanhominTesting has 120 seconds left.\n|\n|t:|1700783982\n|move|p1a: Iron Treads|Volt Switch|p2a: Catalyst\n|-damage|p2a: Catalyst|96\/100\n|\n|t:|1700783986\n|-end|p1a: Iron Treads|Quark Drive|[silent]\n|switch|p1a: Samurott|Samurott-Hisui, F|100\/100|[from] Volt Switch\n|move|p2a: Catalyst|Salt Cure|p1a: Samurott\n|-damage|p1a: Samurott|79\/100\n|-start|p1a: Samurott|Salt Cure\n|\n|-weather|Snow|[upkeep]\n|-heal|p1a: Samurott|85\/100|[from] Grassy Terrain\n|-heal|p2a: Catalyst|100\/100|[from] Grassy Terrain\n|-damage|p1a: Samurott|60\/100|[from] Salt Cure\n|upkeep\n|turn|5\n|inactive|VanhominTesting has 120 seconds left.\n|\n|t:|1700783997\n|move|p1a: Samurott|Razor Shell|p2a: Catalyst\n|-supereffective|p2a: Catalyst\n|-damage|p2a: Catalyst|73\/100\n|move|p2a: Catalyst|Curse|p2a: Catalyst\n|-unboost|p2a: Catalyst|spe|1\n|-boost|p2a: Catalyst|atk|1\n|-boost|p2a: Catalyst|def|1\n|\n|-weather|none\n|-heal|p1a: Samurott|67\/100|[from] Grassy Terrain\n|-heal|p2a: Catalyst|80\/100|[from] Grassy Terrain\n|-heal|p2a: Catalyst|86\/100|[from] item: Leftovers\n|-damage|p1a: Samurott|42\/100|[from] Salt Cure\n|-fieldend|move: Grassy Terrain\n|upkeep\n|turn|6\n|\n|t:|1700784005\n|move|p1a: Samurott|Encore|p2a: Catalyst\n|-start|p2a: Catalyst|Encore\n|move|p2a: Catalyst|Curse|p2a: Catalyst\n|-unboost|p2a: Catalyst|spe|1\n|-boost|p2a: Catalyst|atk|1\n|-boost|p2a: Catalyst|def|1\n|\n|-heal|p2a: Catalyst|92\/100|[from] item: Leftovers\n|-damage|p1a: Samurott|17\/100|[from] Salt Cure\n|upkeep\n|turn|7\n|\n|t:|1700784018\n|switch|p1a: Rillaboom|Rillaboom, F|100\/100\n|-fieldstart|move: Grassy Terrain|[from] ability: Grassy Surge|[of] p1a: Rillaboom\n|move|p2a: Catalyst|Curse|p2a: Catalyst\n|-unboost|p2a: Catalyst|spe|1\n|-boost|p2a: Catalyst|atk|1\n|-boost|p2a: Catalyst|def|1\n|\n|-heal|p2a: Catalyst|98\/100|[from] Grassy Terrain\n|-heal|p2a: Catalyst|100\/100|[from] item: Leftovers\n|upkeep\n|turn|8\n|\n|t:|1700784024\n|move|p1a: Rillaboom|Wood Hammer|p2a: Catalyst\n|-supereffective|p2a: Catalyst\n|-damage|p2a: Catalyst|72\/100\n|-damage|p1a: Rillaboom|91\/100|[from] Recoil\n|move|p2a: Catalyst|Curse|p2a: Catalyst\n|-unboost|p2a: Catalyst|spe|1\n|-boost|p2a: Catalyst|atk|1\n|-boost|p2a: Catalyst|def|1\n|\n|-heal|p1a: Rillaboom|97\/100|[from] Grassy Terrain\n|-heal|p2a: Catalyst|78\/100|[from] Grassy Terrain\n|-heal|p2a: Catalyst|84\/100|[from] item: Leftovers\n|-end|p2a: Catalyst|Encore\n|-sideend|p2: VanhominTesting|move: Aurora Veil\n|upkeep\n|turn|9\n|\n|t:|1700784039\n|switch|p1a: Samurott|Samurott-Hisui, F|17\/100\n|move|p2a: Catalyst|Salt Cure|p1a: Samurott\n|-damage|p1a: Samurott|0 fnt\n|faint|p1a: Samurott\n|\n|-heal|p2a: Catalyst|91\/100|[from] Grassy Terrain\n|-heal|p2a: Catalyst|97\/100|[from] item: Leftovers\n|upkeep\n|\n|t:|1700784046\n|switch|p1a: Iron Moth|Iron Moth|100\/100\n|-item|p1a: Iron Moth|Air Balloon\n|turn|10\n|\n|t:|1700784051\n|-terastallize|p1a: Iron Moth|Grass\n|move|p1a: Iron Moth|Energy Ball|p2a: Catalyst\n|-supereffective|p2a: Catalyst\n|-damage|p2a: Catalyst|36\/100\n|move|p2a: Catalyst|Salt Cure|p1a: Iron Moth\n|-damage|p1a: Iron Moth|23\/100\n|-start|p1a: Iron Moth|Salt Cure\n|-enditem|p1a: Iron Moth|Air Balloon\n|\n|-heal|p1a: Iron Moth|29\/100|[from] Grassy Terrain\n|-heal|p2a: Catalyst|42\/100|[from] Grassy Terrain\n|-heal|p2a: Catalyst|48\/100|[from] item: Leftovers\n|-damage|p1a: Iron Moth|17\/100|[from] Salt Cure\n|upkeep\n|turn|11\n|\n|t:|1700784061\n|-terastallize|p2a: Catalyst|Ghost\n|move|p1a: Iron Moth|Energy Ball|p2a: Catalyst\n|-damage|p2a: Catalyst|5\/100\n|move|p2a: Catalyst|Recover|p2a: Catalyst\n|-heal|p2a: Catalyst|55\/100\n|\n|-heal|p1a: Iron Moth|23\/100|[from] Grassy Terrain\n|-heal|p2a: Catalyst|61\/100|[from] Grassy Terrain\n|-heal|p2a: Catalyst|67\/100|[from] item: Leftovers\n|-damage|p1a: Iron Moth|11\/100|[from] Salt Cure\n|-fieldend|move: Grassy Terrain\n|upkeep\n|turn|12\n|inactive|VanhominTesting has 120 seconds left.\n|\n|t:|1700784095\n|move|p1a: Iron Moth|Fiery Dance|p2a: Catalyst\n|-damage|p2a: Catalyst|39\/100\n|move|p2a: Catalyst|Recover|p2a: Catalyst\n|-heal|p2a: Catalyst|89\/100\n|\n|-heal|p2a: Catalyst|95\/100|[from] item: Leftovers\n|-damage|p1a: Iron Moth|0 fnt|[from] Salt Cure\n|faint|p1a: Iron Moth\n|-end|p1a: Iron Moth|Quark Drive|[silent]\n|upkeep\n|-message|Ssniped forfeited.\n|\n|win|VanhominTesting\n|raw|Ssniped's rating: 1281 &rarr; <strong>1251<\/strong><br \/>(-30 for losing)\n|raw|VanhominTesting's rating: 1212 &rarr; <strong>1242<\/strong><br \/>(+30 for winning)\n|l|\u2606Ssniped\n","uploadtime":1700784126,"views":3,"p1id":"ssniped","p2id":"vanhomintesting","formatid":"gen9ou","rating":1242,"private":0,"password":""}