{"id":"gen9ou-1990851929","p1":"snotnosezill","p2":"kaoruizumi","format":"[Gen 9] OU","log":"|j|\u2606snotnosezill\n|j|\u2606kaoruizumi\n|t:|1700007621\n|gametype|singles\n|player|p1|snotnosezill|1|1121\n|player|p2|kaoruizumi|richboy-gen4|1148\n|teamsize|p1|6\n|teamsize|p2|6\n|gen|9\n|tier|[Gen 9] OU\n|rated|\n|rule|Sleep Clause Mod: Limit one foe put to sleep\n|rule|Species Clause: Limit one of each Pok\u00e9mon\n|rule|OHKO Clause: OHKO moves are banned\n|rule|Evasion Items Clause: Evasion items are banned\n|rule|Evasion Moves Clause: Evasion moves are banned\n|rule|Endless Battle Clause: Forcing endless battles is banned\n|rule|HP Percentage Mod: HP is shown in percentages\n|clearpoke\n|poke|p1|Torkoal, F|\n|poke|p1|Skeledirge, M|\n|poke|p1|Heatran, M|\n|poke|p1|Moltres-Galar|\n|poke|p1|Walking Wake|\n|poke|p1|Hatterene, F|\n|poke|p2|Diancie|\n|poke|p2|Zoroark-Hisui, F|\n|poke|p2|Dragapult, F|\n|poke|p2|Toxapex, F|\n|poke|p2|Iron Moth|\n|poke|p2|Tinkaton, F|\n|teampreview\n|\n|t:|1700007628\n|start\n|switch|p1a: Torkoal|Torkoal, F|100\/100\n|switch|p2a: Diancie|Diancie|100\/100\n|-weather|SunnyDay|[from] ability: Drought|[of] p1a: Torkoal\n|turn|1\n|inactive|Battle timer is ON: inactive players will automatically lose when time's up. (requested by kaoruizumi)\n|inactive|snotnosezill has 120 seconds left.\n|\n|t:|1700007720\n|switch|p1a: Hatterene|Hatterene, F|100\/100\n|move|p2a: Diancie|Calm Mind|p2a: Diancie\n|-boost|p2a: Diancie|spa|1\n|-boost|p2a: Diancie|spd|1\n|\n|-weather|SunnyDay|[upkeep]\n|upkeep\n|turn|2\n|\n|t:|1700007746\n|move|p2a: Diancie|Calm Mind|p2a: Diancie\n|-boost|p2a: Diancie|spa|1\n|-boost|p2a: Diancie|spd|1\n|move|p1a: Hatterene|Nuzzle|p2a: Diancie\n|-damage|p2a: Diancie|97\/100\n|-status|p2a: Diancie|par\n|\n|-weather|SunnyDay|[upkeep]\n|-heal|p2a: Diancie|100\/100 par|[from] item: Leftovers\n|upkeep\n|turn|3\n|inactive|snotnosezill has 120 seconds left.\n|\n|t:|1700007781\n|move|p1a: Hatterene|Psychic|p2a: Diancie\n|-damage|p2a: Diancie|85\/100 par\n|cant|p2a: Diancie|par\n|\n|-weather|SunnyDay|[upkeep]\n|-heal|p2a: Diancie|91\/100 par|[from] item: Leftovers\n|upkeep\n|turn|4\n|\n|t:|1700007792\n|switch|p1a: Walking Wake|Walking Wake|100\/100\n|-activate|p1a: Walking Wake|ability: Protosynthesis\n|-start|p1a: Walking Wake|protosynthesisspa\n|move|p2a: Diancie|Calm Mind|p2a: Diancie\n|-boost|p2a: Diancie|spa|1\n|-boost|p2a: Diancie|spd|1\n|\n|-weather|SunnyDay|[upkeep]\n|-heal|p2a: Diancie|97\/100 par|[from] item: Leftovers\n|upkeep\n|turn|5\n|inactive|snotnosezill has 90 seconds left.\n|\n|t:|1700007819\n|-terastallize|p2a: Diancie|Flying\n|cant|p2a: Diancie|par\n|move|p1a: Walking Wake|Roar|p2a: Diancie\n|drag|p2a: Tinkaton|Tinkaton, F|100\/100\n|-item|p2a: Tinkaton|Air Balloon\n|\n|-weather|SunnyDay|[upkeep]\n|upkeep\n|turn|6\n|inactive|snotnosezill has 90 seconds left.\n|inactive|snotnosezill has 60 seconds left.\n|\n|t:|1700007864\n|move|p1a: Walking Wake|Hydro Steam|p2a: Tinkaton\n|-damage|p2a: Tinkaton|22\/100\n|-enditem|p2a: Tinkaton|Air Balloon\n|move|p2a: Tinkaton|Draining Kiss|p1a: Walking Wake\n|-supereffective|p1a: Walking Wake\n|-damage|p1a: Walking Wake|57\/100\n|-heal|p2a: Tinkaton|57\/100|[from] drain|[of] p1a: Walking Wake\n|\n|-weather|SunnyDay|[upkeep]\n|-heal|p1a: Walking Wake|64\/100|[from] item: Leftovers\n|upkeep\n|turn|7\n|\n|t:|1700007881\n|move|p1a: Walking Wake|Hydro Steam|p2a: Tinkaton\n|-damage|p2a: Tinkaton|0 fnt\n|faint|p2a: Tinkaton\n|\n|-weather|SunnyDay|[upkeep]\n|-heal|p1a: Walking Wake|70\/100|[from] item: Leftovers\n|upkeep\n|\n|t:|1700007892\n|switch|p2a: Dragapult|Dragapult, F, shiny|100\/100\n|turn|8\n|\n|t:|1700007919\n|-terastallize|p1a: Walking Wake|Fairy\n|move|p2a: Dragapult|Dragon Darts|p1a: Walking Wake\n|-immune|p1a: Walking Wake\n|move|p1a: Walking Wake|Dragon Pulse|p2a: Dragapult\n|-supereffective|p2a: Dragapult\n|-damage|p2a: Dragapult|0 fnt\n|faint|p2a: Dragapult\n|\n|-weather|none\n|-end|p1a: Walking Wake|Protosynthesis\n|-heal|p1a: Walking Wake|76\/100|[from] item: Leftovers\n|upkeep\n|\n|t:|1700007939\n|switch|p2a: Toxapex|Toxapex, F, shiny|100\/100\n|turn|9\n|\n|t:|1700007957\n|-end|p1a: Walking Wake|Protosynthesis|[silent]\n|switch|p1a: Heatran|Heatran, M|100\/100\n|-item|p1a: Heatran|Air Balloon\n|move|p2a: Toxapex|Facade|p1a: Heatran\n|-resisted|p1a: Heatran\n|-damage|p1a: Heatran|86\/100\n|-enditem|p1a: Heatran|Air Balloon\n|\n|upkeep\n|turn|10\n|inactive|snotnosezill has 30 seconds left.\n|\n|t:|1700007973\n|move|p2a: Toxapex|Brick Break|p1a: Heatran\n|-supereffective|p1a: Heatran\n|-damage|p1a: Heatran|48\/100\n|move|p1a: Heatran|Magma Storm|p2a: Toxapex|[miss]\n|-miss|p1a: Heatran|p2a: Toxapex\n|\n|upkeep\n|turn|11\n|\n|t:|1700007981\n|move|p2a: Toxapex|Brick Break|p1a: Heatran\n|-supereffective|p1a: Heatran\n|-damage|p1a: Heatran|3\/100\n|move|p1a: Heatran|Magma Storm|p2a: Toxapex\n|-damage|p2a: Toxapex|0 fnt\n|replace|p2a: Zoroark|Zoroark-Hisui, F, shiny\n|-end|p2a: Zoroark|Illusion\n|faint|p2a: Zoroark\n|\n|upkeep\n|\n|t:|1700007985\n|switch|p2a: Iron Moth|Iron Moth|100\/100\n|-enditem|p2a: Iron Moth|Booster Energy\n|-activate|p2a: Iron Moth|ability: Quark Drive|[fromitem]\n|-start|p2a: Iron Moth|quarkdrivespe\n|turn|12\n|inactive|snotnosezill has 30 seconds left.\n|inactive|snotnosezill has 20 seconds left.\n|inactive|snotnosezill has 15 seconds left.\n|inactive|snotnosezill has 10 seconds left.\n|inactive|snotnosezill has 5 seconds left.\n|\n|t:|1700008030\n|switch|p1a: Skeledirge|Skeledirge, M|100\/100\n|move|p2a: Iron Moth|Energy Ball|p1a: Skeledirge\n|-resisted|p1a: Skeledirge\n|-damage|p1a: Skeledirge|83\/100\n|\n|upkeep\n|turn|13\n|inactive|snotnosezill has 15 seconds left this turn.\n|inactive|snotnosezill has 10 seconds left.\n|inactive|snotnosezill has 5 seconds left.\n|\n|t:|1700008044\n|move|p2a: Iron Moth|Sludge Wave|p1a: Skeledirge\n|-resisted|p1a: Skeledirge\n|-damage|p1a: Skeledirge|57\/100\n|move|p1a: Skeledirge|Sing|p2a: Iron Moth\n|-status|p2a: Iron Moth|slp|[from] move: Sing\n|\n|upkeep\n|turn|14\n|inactive|snotnosezill has 15 seconds left this turn.\n|inactive|snotnosezill has 10 seconds left.\n|\n|t:|1700008052\n|cant|p2a: Iron Moth|slp\n|move|p1a: Skeledirge|Slack Off|p1a: Skeledirge\n|-heal|p1a: Skeledirge|100\/100\n|\n|upkeep\n|turn|15\n|inactive|snotnosezill has 20 seconds left this turn.\n|inactive|snotnosezill has 15 seconds left.\n|\n|t:|1700008058\n|cant|p2a: Iron Moth|slp\n|move|p1a: Skeledirge|Earth Power|p2a: Iron Moth\n|-supereffective|p2a: Iron Moth\n|-damage|p2a: Iron Moth|0 fnt\n|faint|p2a: Iron Moth\n|-end|p2a: Iron Moth|Quark Drive|[silent]\n|\n|upkeep\n|inactive|snotnosezill has 20 seconds left this turn.\n|\n|t:|1700008063\n|switch|p2a: Toxapex|Toxapex, F, shiny|100\/100\n|turn|16\n|inactive|snotnosezill has 30 seconds left this turn.\n|inactive|snotnosezill has 20 seconds left.\n|inactive|snotnosezill has 15 seconds left.\n|\n|t:|1700008079\n|move|p1a: Skeledirge|Sing|p2a: Toxapex|[miss]\n|-miss|p1a: Skeledirge|p2a: Toxapex\n|-enditem|p1a: Skeledirge|Blunder Policy\n|-boost|p1a: Skeledirge|spe|2\n|move|p2a: Toxapex|Toxic Spikes|p1a: Skeledirge\n|-sidestart|p1: snotnosezill|move: Toxic Spikes\n|\n|upkeep\n|turn|17\n|inactive|snotnosezill has 25 seconds left this turn.\n|inactive|snotnosezill has 20 seconds left.\n|inactive|snotnosezill has 15 seconds left.\n|\n|t:|1700008095\n|move|p1a: Skeledirge|Sing|p2a: Toxapex|[miss]\n|-miss|p1a: Skeledirge|p2a: Toxapex\n|move|p2a: Toxapex|Toxic Spikes|p1a: Skeledirge\n|-sidestart|p1: snotnosezill|move: Toxic Spikes\n|\n|upkeep\n|turn|18\n|inactive|snotnosezill has 25 seconds left this turn.\n|inactive|snotnosezill has 20 seconds left.\n|\n|t:|1700008103\n|move|p2a: Toxapex|Baneful Bunker|p2a: Toxapex\n|-singleturn|p2a: Toxapex|move: Protect\n|move|p1a: Skeledirge|Sing|p2a: Toxapex\n|-activate|p2a: Toxapex|move: Protect\n|\n|upkeep\n|turn|19\n|inactive|snotnosezill has 30 seconds left this turn.\n|\n|t:|1700008109\n|move|p1a: Skeledirge|Sing|p2a: Toxapex\n|-status|p2a: Toxapex|slp|[from] move: Sing\n|cant|p2a: Toxapex|slp\n|\n|upkeep\n|turn|20\n|inactive|snotnosezill has 30 seconds left.\n|\n|t:|1700008114\n|move|p1a: Skeledirge|Torch Song|p2a: Toxapex\n|-resisted|p2a: Toxapex\n|-damage|p2a: Toxapex|84\/100 slp\n|-boost|p1a: Skeledirge|spa|1\n|cant|p2a: Toxapex|slp\n|\n|-heal|p2a: Toxapex|90\/100 slp|[from] item: Leftovers\n|upkeep\n|turn|21\n|inactive|snotnosezill has 30 seconds left.\n|\n|t:|1700008128\n|move|p1a: Skeledirge|Torch Song|p2a: Toxapex\n|-resisted|p2a: Toxapex\n|-damage|p2a: Toxapex|68\/100 slp\n|-boost|p1a: Skeledirge|spa|1\n|-curestatus|p2a: Toxapex|slp|[msg]\n|move|p2a: Toxapex|Liquidation|p1a: Skeledirge\n|-supereffective|p1a: Skeledirge\n|-damage|p1a: Skeledirge|66\/100\n|\n|-heal|p2a: Toxapex|74\/100|[from] item: Leftovers\n|upkeep\n|turn|22\n|inactive|snotnosezill has 30 seconds left.\n|\n|t:|1700008140\n|move|p1a: Skeledirge|Earth Power|p2a: Toxapex\n|-supereffective|p2a: Toxapex\n|-damage|p2a: Toxapex|0 fnt\n|faint|p2a: Toxapex\n|\n|upkeep\n|\n|t:|1700008143\n|switch|p2a: Diancie|Diancie, tera:Flying|97\/100 par\n|turn|23\n|inactive|snotnosezill has 30 seconds left.\n|\n|t:|1700008159\n|move|p1a: Skeledirge|Earth Power|p2a: Diancie\n|-immune|p2a: Diancie\n|move|p2a: Diancie|Calm Mind|p2a: Diancie\n|-boost|p2a: Diancie|spa|1\n|-boost|p2a: Diancie|spd|1\n|\n|-heal|p2a: Diancie|100\/100 par|[from] item: Leftovers\n|upkeep\n|turn|24\n|inactive|snotnosezill has 30 seconds left.\n|\n|t:|1700008172\n|move|p1a: Skeledirge|Torch Song|p2a: Diancie\n|-damage|p2a: Diancie|41\/100 par\n|-boost|p1a: Skeledirge|spa|1\n|move|p2a: Diancie|Calm Mind|p2a: Diancie\n|-boost|p2a: Diancie|spa|1\n|-boost|p2a: Diancie|spd|1\n|\n|-heal|p2a: Diancie|48\/100 par|[from] item: Leftovers\n|upkeep\n|turn|25\n|\n|t:|1700008182\n|move|p1a: Skeledirge|Torch Song|p2a: Diancie\n|-damage|p2a: Diancie|0 fnt\n|-boost|p1a: Skeledirge|spa|1\n|faint|p2a: Diancie\n|\n|win|snotnosezill\n|raw|snotnosezill's rating: 1121 &rarr; <strong>1148<\/strong><br \/>(+27 for winning)\n|raw|kaoruizumi's rating: 1148 &rarr; <strong>1121<\/strong><br \/>(-27 for losing)\n|l|\u2606kaoruizumi\n","uploadtime":1700008190,"views":14,"p1id":"snotnosezill","p2id":"kaoruizumi","formatid":"gen9ou","rating":1121,"private":0,"password":""}