{"id":"gen9ou-1989259719","p1":"Dr. Yoshimistu","p2":"grass knot zygarde","format":"[Gen 9] OU","log":"|j|\u2606Dr. Yoshimistu\n|j|\u2606grass knot zygarde\n|t:|1699829032\n|gametype|singles\n|player|p1|Dr. Yoshimistu|liza|1403\n|player|p2|grass knot zygarde|dawn|1461\n|teamsize|p1|6\n|teamsize|p2|6\n|gen|9\n|tier|[Gen 9] OU\n|rated|\n|rule|Sleep Clause Mod: Limit one foe put to sleep\n|rule|Species Clause: Limit one of each Pok\u00e9mon\n|rule|OHKO Clause: OHKO moves are banned\n|rule|Evasion Items Clause: Evasion items are banned\n|rule|Evasion Moves Clause: Evasion moves are banned\n|rule|Endless Battle Clause: Forcing endless battles is banned\n|rule|HP Percentage Mod: HP is shown in percentages\n|clearpoke\n|poke|p1|Tyranitar, M|\n|poke|p1|Dondozo, M|\n|poke|p1|Zamazenta-*|\n|poke|p1|Hydreigon, M|\n|poke|p1|Cinderace, M|\n|poke|p1|Thundurus-Therian, M|\n|poke|p2|Rillaboom, F|\n|poke|p2|Great Tusk|\n|poke|p2|Kingambit, F|\n|poke|p2|Zapdos|\n|poke|p2|Slowking-Galar, M|\n|poke|p2|Cinderace, M|\n|teampreview\n|inactive|Battle timer is ON: inactive players will automatically lose when time's up. (requested by grass knot zygarde)\n|inactive|grass knot zygarde has 120 seconds left.\n|inactive|grass knot zygarde has 90 seconds left.\n|\n|t:|1699829101\n|start\n|switch|p1a: Thundurus|Thundurus-Therian, M|100\/100\n|switch|p2a: BLIND|Slowking-Galar, M|100\/100\n|turn|1\n|\n|t:|1699829120\n|move|p1a: Thundurus|Volt Switch|p2a: BLIND\n|-damage|p2a: BLIND|81\/100\n|\n|t:|1699829125\n|switch|p1a: Tyranitar|Tyranitar, M|100\/100|[from] Volt Switch\n|-weather|Sandstorm|[from] ability: Sand Stream|[of] p1a: Tyranitar\n|move|p2a: BLIND|Sludge Bomb|p1a: Tyranitar\n|-resisted|p1a: Tyranitar\n|-damage|p1a: Tyranitar|92\/100\n|\n|-weather|Sandstorm|[upkeep]\n|-damage|p2a: BLIND|75\/100|[from] Sandstorm\n|-heal|p1a: Tyranitar|99\/100|[from] item: Leftovers\n|upkeep\n|turn|2\n|inactive|grass knot zygarde has 120 seconds left.\n|\n|t:|1699829177\n|switch|p2a: TLC|Kingambit, F|100\/100\n|move|p1a: Tyranitar|Stealth Rock|p2a: TLC\n|-sidestart|p2: grass knot zygarde|move: Stealth Rock\n|\n|-weather|Sandstorm|[upkeep]\n|-heal|p1a: Tyranitar|100\/100|[from] item: Leftovers\n|upkeep\n|turn|3\n|\n|t:|1699829188\n|-end|p2a: TLC|fallenundefined|[silent]\n|switch|p2a: ROCKSTAR|Great Tusk|100\/100\n|-damage|p2a: ROCKSTAR|97\/100|[from] Stealth Rock\n|switch|p1a: Dondozo|Dondozo, M|100\/100\n|\n|-weather|Sandstorm|[upkeep]\n|-damage|p1a: Dondozo|94\/100|[from] Sandstorm\n|-heal|p2a: ROCKSTAR|100\/100|[from] item: Leftovers\n|upkeep\n|turn|4\n|\n|t:|1699829195\n|move|p2a: ROCKSTAR|Rapid Spin|p1a: Dondozo\n|-damage|p1a: Dondozo|87\/100\n|-boost|p2a: ROCKSTAR|spe|1\n|-sideend|p2: grass knot zygarde|Stealth Rock|[from] move: Rapid Spin|[of] p2a: ROCKSTAR\n|move|p1a: Dondozo|Liquidation|p2a: ROCKSTAR\n|-supereffective|p2a: ROCKSTAR\n|-damage|p2a: ROCKSTAR|67\/100\n|\n|-weather|Sandstorm|[upkeep]\n|-damage|p1a: Dondozo|81\/100|[from] Sandstorm\n|-heal|p2a: ROCKSTAR|73\/100|[from] item: Leftovers\n|upkeep\n|turn|5\n|\n|t:|1699829207\n|-end|p2a: ROCKSTAR|Protosynthesis|[silent]\n|switch|p2a: BLAME IT ON BABY|Zapdos|100\/100\n|move|p1a: Dondozo|Liquidation|p2a: BLAME IT ON BABY\n|-damage|p2a: BLAME IT ON BABY|78\/100\n|\n|-weather|none\n|upkeep\n|turn|6\n|\n|t:|1699829216\n|switch|p1a: Thundurus|Thundurus-Therian, M|100\/100\n|move|p2a: BLAME IT ON BABY|Thunder Wave|p1a: Thundurus\n|-immune|p1a: Thundurus|[from] ability: Volt Absorb\n|\n|upkeep\n|turn|7\n|\n|t:|1699829222\n|move|p1a: Thundurus|Thunderbolt|p2a: BLAME IT ON BABY\n|-damage|p2a: BLAME IT ON BABY|28\/100\n|move|p2a: BLAME IT ON BABY|Roost|p2a: BLAME IT ON BABY\n|-heal|p2a: BLAME IT ON BABY|78\/100\n|-singleturn|p2a: BLAME IT ON BABY|move: Roost\n|\n|upkeep\n|turn|8\n|\n|t:|1699829242\n|switch|p2a: BLIND|Slowking-Galar, M|100\/100\n|move|p1a: Thundurus|Thunderbolt|p2a: BLIND\n|-damage|p2a: BLIND|78\/100\n|\n|upkeep\n|turn|9\n|\n|t:|1699829250\n|move|p1a: Thundurus|Volt Switch|p2a: BLIND\n|-damage|p2a: BLIND|61\/100\n|\n|t:|1699829252\n|switch|p1a: Tyranitar|Tyranitar, M|100\/100|[from] Volt Switch\n|-weather|Sandstorm|[from] ability: Sand Stream|[of] p1a: Tyranitar\n|move|p2a: BLIND|Sludge Bomb|p1a: Tyranitar\n|-resisted|p1a: Tyranitar\n|-damage|p1a: Tyranitar|92\/100\n|\n|-weather|Sandstorm|[upkeep]\n|-damage|p2a: BLIND|55\/100|[from] Sandstorm\n|-heal|p1a: Tyranitar|99\/100|[from] item: Leftovers\n|upkeep\n|turn|10\n|\n|t:|1699829264\n|switch|p2a: ROCKSTAR|Great Tusk|73\/100\n|move|p1a: Tyranitar|Stealth Rock|p2a: ROCKSTAR\n|-sidestart|p2: grass knot zygarde|move: Stealth Rock\n|\n|-weather|Sandstorm|[upkeep]\n|-heal|p2a: ROCKSTAR|79\/100|[from] item: Leftovers\n|-heal|p1a: Tyranitar|100\/100|[from] item: Leftovers\n|upkeep\n|turn|11\n|\n|t:|1699829270\n|switch|p1a: Dondozo|Dondozo, M|81\/100\n|move|p2a: ROCKSTAR|Rapid Spin|p1a: Dondozo\n|-damage|p1a: Dondozo|75\/100\n|-boost|p2a: ROCKSTAR|spe|1\n|-sideend|p2: grass knot zygarde|Stealth Rock|[from] move: Rapid Spin|[of] p2a: ROCKSTAR\n|\n|-weather|Sandstorm|[upkeep]\n|-damage|p1a: Dondozo|69\/100|[from] Sandstorm\n|-heal|p2a: ROCKSTAR|85\/100|[from] item: Leftovers\n|upkeep\n|turn|12\n|\n|t:|1699829282\n|-end|p2a: ROCKSTAR|Protosynthesis|[silent]\n|switch|p2a: BLAME IT ON BABY|Zapdos|78\/100\n|move|p1a: Dondozo|Liquidation|p2a: BLAME IT ON BABY\n|-damage|p2a: BLAME IT ON BABY|56\/100\n|-unboost|p2a: BLAME IT ON BABY|def|1\n|-status|p1a: Dondozo|par|[from] ability: Static|[of] p2a: BLAME IT ON BABY\n|\n|-weather|Sandstorm|[upkeep]\n|-damage|p2a: BLAME IT ON BABY|49\/100|[from] Sandstorm\n|-damage|p1a: Dondozo|63\/100 par|[from] Sandstorm\n|upkeep\n|turn|13\n|\n|t:|1699829292\n|switch|p1a: Tyranitar|Tyranitar, M|100\/100\n|move|p2a: BLAME IT ON BABY|Roost|p2a: BLAME IT ON BABY\n|-heal|p2a: BLAME IT ON BABY|99\/100\n|-singleturn|p2a: BLAME IT ON BABY|move: Roost\n|\n|-weather|none\n|upkeep\n|turn|14\n|\n|t:|1699829301\n|switch|p1a: Thundurus|Thundurus-Therian, M|100\/100\n|move|p2a: BLAME IT ON BABY|Volt Switch|p1a: Thundurus\n|-immune|p1a: Thundurus|[from] ability: Volt Absorb\n|\n|upkeep\n|turn|15\n|\n|t:|1699829307\n|switch|p2a: BLIND|Slowking-Galar, M|88\/100\n|move|p1a: Thundurus|Thunderbolt|p2a: BLIND\n|-damage|p2a: BLIND|64\/100\n|\n|upkeep\n|turn|16\n|\n|t:|1699829313\n|move|p1a: Thundurus|Volt Switch|p2a: BLIND\n|-damage|p2a: BLIND|45\/100\n|\n|t:|1699829320\n|switch|p1a: Cinderace|Cinderace, M|100\/100|[from] Volt Switch\n|move|p2a: BLIND|Sludge Bomb|p1a: Cinderace\n|-damage|p1a: Cinderace|43\/100\n|\n|upkeep\n|turn|17\n|\n|t:|1699829334\n|switch|p2a: BLAME IT ON BABY|Zapdos|99\/100\n|move|p1a: Cinderace|Pyro Ball|p2a: BLAME IT ON BABY\n|-damage|p2a: BLAME IT ON BABY|53\/100\n|\n|upkeep\n|turn|18\n|\n|t:|1699829340\n|switch|p1a: Tyranitar|Tyranitar, M|100\/100\n|-weather|Sandstorm|[from] ability: Sand Stream|[of] p1a: Tyranitar\n|move|p2a: BLAME IT ON BABY|Roost|p2a: BLAME IT ON BABY\n|-heal|p2a: BLAME IT ON BABY|100\/100\n|-singleturn|p2a: BLAME IT ON BABY|move: Roost\n|\n|-weather|Sandstorm|[upkeep]\n|-damage|p2a: BLAME IT ON BABY|94\/100|[from] Sandstorm\n|upkeep\n|turn|19\n|\n|t:|1699829359\n|move|p2a: BLAME IT ON BABY|Volt Switch|p1a: Tyranitar\n|-damage|p1a: Tyranitar|88\/100\n|\n|t:|1699829363\n|switch|p2a: ROCKSTAR|Great Tusk|85\/100|[from] Volt Switch\n|move|p1a: Tyranitar|Rock Blast|p2a: ROCKSTAR\n|-resisted|p2a: ROCKSTAR\n|-damage|p2a: ROCKSTAR|84\/100\n|-resisted|p2a: ROCKSTAR\n|-damage|p2a: ROCKSTAR|82\/100\n|-resisted|p2a: ROCKSTAR\n|-damage|p2a: ROCKSTAR|80\/100\n|-hitcount|p2a: ROCKSTAR|3\n|\n|-weather|Sandstorm|[upkeep]\n|-heal|p2a: ROCKSTAR|86\/100|[from] item: Leftovers\n|-heal|p1a: Tyranitar|94\/100|[from] item: Leftovers\n|upkeep\n|turn|20\n|\n|t:|1699829391\n|switch|p1a: Dondozo|Dondozo, M|63\/100 par\n|move|p2a: ROCKSTAR|Ice Spinner|p1a: Dondozo\n|-resisted|p1a: Dondozo\n|-damage|p1a: Dondozo|58\/100 par\n|\n|-weather|Sandstorm|[upkeep]\n|-damage|p1a: Dondozo|52\/100 par|[from] Sandstorm\n|-heal|p2a: ROCKSTAR|93\/100|[from] item: Leftovers\n|upkeep\n|turn|21\n|\n|t:|1699829401\n|move|p2a: ROCKSTAR|Headlong Rush|p1a: Dondozo\n|-damage|p1a: Dondozo|27\/100 par\n|-unboost|p2a: ROCKSTAR|def|1\n|-unboost|p2a: ROCKSTAR|spd|1\n|move|p1a: Dondozo|Rest|p1a: Dondozo\n|-status|p1a: Dondozo|slp|[from] move: Rest\n|-heal|p1a: Dondozo|100\/100 slp|[silent]\n|\n|-weather|Sandstorm|[upkeep]\n|-damage|p1a: Dondozo|94\/100 slp|[from] Sandstorm\n|-heal|p2a: ROCKSTAR|99\/100|[from] item: Leftovers\n|upkeep\n|turn|22\n|\n|t:|1699829410\n|-end|p2a: ROCKSTAR|Protosynthesis|[silent]\n|switch|p2a: PEEP HOLE|Rillaboom, F|100\/100\n|-fieldstart|move: Grassy Terrain|[from] ability: Grassy Surge|[of] p2a: PEEP HOLE\n|cant|p1a: Dondozo|slp\n|move|p1a: Dondozo|Sleep Talk|p1a: Dondozo\n|move|p1a: Dondozo|Rest||[from]move: Sleep Talk|[still]\n|-fail|p1a: Dondozo\n|\n|-weather|none\n|-heal|p1a: Dondozo|100\/100 slp|[from] Grassy Terrain\n|upkeep\n|turn|23\n|\n|t:|1699829422\n|switch|p1a: Zamazenta|Zamazenta|100\/100\n|-ability|p1a: Zamazenta|Dauntless Shield|boost\n|-boost|p1a: Zamazenta|def|1\n|-terastallize|p2a: PEEP HOLE|Grass\n|move|p2a: PEEP HOLE|Wood Hammer|p1a: Zamazenta\n|-damage|p1a: Zamazenta|0 fnt\n|faint|p1a: Zamazenta\n|-damage|p2a: PEEP HOLE|69\/100|[from] Recoil\n|\n|-heal|p2a: PEEP HOLE|75\/100|[from] Grassy Terrain\n|upkeep\n|\n|t:|1699829430\n|switch|p1a: Thundurus|Thundurus-Therian, M|100\/100\n|turn|24\n|\n|t:|1699829439\n|switch|p2a: BLIND|Slowking-Galar, M|78\/100\n|-terastallize|p1a: Thundurus|Flying\n|move|p1a: Thundurus|Tera Blast|p2a: BLIND|[anim] Tera Blast Flying\n|-damage|p2a: BLIND|49\/100\n|\n|-heal|p2a: BLIND|55\/100|[from] Grassy Terrain\n|upkeep\n|turn|25\n|\n|t:|1699829459\n|move|p1a: Thundurus|Thunderbolt|p2a: BLIND\n|-damage|p2a: BLIND|32\/100\n|move|p2a: BLIND|Sludge Bomb|p1a: Thundurus\n|-damage|p1a: Thundurus|47\/100\n|\n|-heal|p2a: BLIND|39\/100|[from] Grassy Terrain\n|upkeep\n|turn|26\n|\n|t:|1699829474\n|move|p1a: Thundurus|Volt Switch|p2a: BLIND\n|-damage|p2a: BLIND|20\/100\n|\n|t:|1699829476\n|switch|p1a: Hydreigon|Hydreigon, M|100\/100|[from] Volt Switch\n|move|p2a: BLIND|Sludge Bomb|p1a: Hydreigon\n|-damage|p1a: Hydreigon|57\/100\n|-status|p1a: Hydreigon|psn\n|\n|-heal|p2a: BLIND|26\/100|[from] Grassy Terrain\n|-damage|p1a: Hydreigon|44\/100 psn|[from] psn\n|-fieldend|move: Grassy Terrain\n|upkeep\n|turn|27\n|inactive|grass knot zygarde has 120 seconds left.\n|\n|t:|1699829516\n|switch|p2a: GO|Cinderace, M|100\/100\n|move|p1a: Hydreigon|Draco Meteor|p2a: GO\n|-damage|p2a: GO|10\/100\n|-unboost|p1a: Hydreigon|spa|2\n|\n|-damage|p1a: Hydreigon|32\/100 psn|[from] psn\n|upkeep\n|turn|28\n|\n|t:|1699829523\n|move|p1a: Hydreigon|Draco Meteor|p2a: GO\n|-damage|p2a: GO|0 fnt\n|-unboost|p1a: Hydreigon|spa|2\n|faint|p2a: GO\n|\n|-damage|p1a: Hydreigon|20\/100 psn|[from] psn\n|upkeep\n|\n|t:|1699829530\n|switch|p2a: PEEP HOLE|Rillaboom, F, tera:Grass|75\/100\n|-fieldstart|move: Grassy Terrain|[from] ability: Grassy Surge|[of] p2a: PEEP HOLE\n|turn|29\n|\n|t:|1699829542\n|move|p2a: PEEP HOLE|Grassy Glide|p1a: Hydreigon\n|-resisted|p1a: Hydreigon\n|-damage|p1a: Hydreigon|0 fnt\n|faint|p1a: Hydreigon\n|\n|-heal|p2a: PEEP HOLE|81\/100|[from] Grassy Terrain\n|upkeep\n|\n|t:|1699829545\n|switch|p1a: Thundurus|Thundurus-Therian, M, tera:Flying|47\/100\n|turn|30\n|\n|t:|1699829555\n|move|p2a: PEEP HOLE|Grassy Glide|p1a: Thundurus\n|-resisted|p1a: Thundurus\n|-damage|p1a: Thundurus|0 fnt\n|faint|p1a: Thundurus\n|\n|-heal|p2a: PEEP HOLE|88\/100|[from] Grassy Terrain\n|upkeep\n|-message|Dr. Yoshimistu forfeited.\n|\n|win|grass knot zygarde\n|raw|Dr. Yoshimistu's rating: 1403 &rarr; <strong>1386<\/strong><br \/>(-17 for losing)\n|raw|grass knot zygarde's rating: 1461 &rarr; <strong>1478<\/strong><br \/>(+17 for winning)\n|l|\u2606Dr. Yoshimistu\n","uploadtime":1699829568,"views":10,"p1id":"dryoshimistu","p2id":"grassknotzygarde","formatid":"gen9ou","rating":1386,"private":0,"password":""}