{"id":"gen9ou-1990920150","p1":"LOOPJ21","p2":"Hutallan","format":"[Gen 9] OU","log":"|j|\u2606LOOPJ21\n|j|\u2606Hutallan\n|t:|1700015232\n|gametype|singles\n|player|p1|LOOPJ21|riley|1098\n|player|p2|Hutallan|2|1091\n|teamsize|p1|6\n|teamsize|p2|6\n|gen|9\n|tier|[Gen 9] OU\n|rated|\n|rule|Sleep Clause Mod: Limit one foe put to sleep\n|rule|Species Clause: Limit one of each Pok\u00e9mon\n|rule|OHKO Clause: OHKO moves are banned\n|rule|Evasion Items Clause: Evasion items are banned\n|rule|Evasion Moves Clause: Evasion moves are banned\n|rule|Endless Battle Clause: Forcing endless battles is banned\n|rule|HP Percentage Mod: HP is shown in percentages\n|clearpoke\n|poke|p1|Iron Moth|\n|poke|p1|Landorus-Therian, M|\n|poke|p1|Ceruledge, M|\n|poke|p1|Hatterene, F|\n|poke|p1|Moltres-Galar|\n|poke|p1|Glimmora, F|\n|poke|p2|Hatterene, F|\n|poke|p2|Great Tusk|\n|poke|p2|Glimmora, M|\n|poke|p2|Garganacl, F|\n|poke|p2|Zapdos|\n|poke|p2|Dragapult, M|\n|teampreview\n|\n|t:|1700015247\n|start\n|switch|p1a: Glimmora|Glimmora, F|100\/100\n|switch|p2a: Garganacl|Garganacl, F|100\/100\n|turn|1\n|\n|t:|1700015261\n|switch|p1a: Hatterene|Hatterene, F|100\/100\n|move|p2a: Garganacl|Body Press|p1a: Hatterene\n|-resisted|p1a: Hatterene\n|-damage|p1a: Hatterene|96\/100\n|\n|upkeep\n|turn|2\n|\n|t:|1700015271\n|move|p2a: Garganacl|Iron Head|p1a: Hatterene\n|-supereffective|p1a: Hatterene\n|-damage|p1a: Hatterene|67\/100\n|move|p1a: Hatterene|Calm Mind|p1a: Hatterene\n|-boost|p1a: Hatterene|spa|1\n|-boost|p1a: Hatterene|spd|1\n|\n|upkeep\n|turn|3\n|\n|t:|1700015280\n|move|p2a: Garganacl|Salt Cure|p1a: Hatterene\n|-damage|p1a: Hatterene|56\/100\n|-start|p1a: Hatterene|Salt Cure\n|move|p1a: Hatterene|Draining Kiss|p2a: Garganacl\n|-damage|p2a: Garganacl|75\/100\n|-heal|p1a: Hatterene|80\/100|[from] drain|[of] p2a: Garganacl\n|\n|-heal|p2a: Garganacl|81\/100|[from] item: Leftovers\n|-damage|p1a: Hatterene|68\/100|[from] Salt Cure\n|upkeep\n|turn|4\n|\n|t:|1700015291\n|move|p2a: Garganacl|Iron Head|p1a: Hatterene\n|-supereffective|p1a: Hatterene\n|-crit|p1a: Hatterene\n|-damage|p1a: Hatterene|23\/100\n|move|p1a: Hatterene|Calm Mind|p1a: Hatterene\n|-boost|p1a: Hatterene|spa|1\n|-boost|p1a: Hatterene|spd|1\n|\n|-heal|p2a: Garganacl|88\/100|[from] item: Leftovers\n|-damage|p1a: Hatterene|11\/100|[from] Salt Cure\n|upkeep\n|turn|5\n|\n|t:|1700015303\n|move|p2a: Garganacl|Protect|p2a: Garganacl\n|-singleturn|p2a: Garganacl|Protect\n|move|p1a: Hatterene|Draining Kiss|p2a: Garganacl\n|-activate|p2a: Garganacl|move: Protect\n|\n|-heal|p2a: Garganacl|94\/100|[from] item: Leftovers\n|-damage|p1a: Hatterene|0 fnt|[from] Salt Cure\n|faint|p1a: Hatterene\n|upkeep\n|\n|t:|1700015318\n|switch|p1a: Iron Moth|Iron Moth|100\/100\n|-enditem|p1a: Iron Moth|Booster Energy\n|-activate|p1a: Iron Moth|ability: Quark Drive|[fromitem]\n|-start|p1a: Iron Moth|quarkdrivespe\n|turn|6\n|\n|t:|1700015329\n|move|p1a: Iron Moth|Fiery Dance|p2a: Garganacl\n|-resisted|p2a: Garganacl\n|-damage|p2a: Garganacl|78\/100\n|move|p2a: Garganacl|Salt Cure|p1a: Iron Moth\n|-supereffective|p1a: Iron Moth\n|-damage|p1a: Iron Moth|54\/100\n|-start|p1a: Iron Moth|Salt Cure\n|\n|-heal|p2a: Garganacl|85\/100|[from] item: Leftovers\n|-damage|p1a: Iron Moth|42\/100|[from] Salt Cure\n|upkeep\n|turn|7\n|\n|t:|1700015342\n|move|p1a: Iron Moth|Sludge Wave|p2a: Garganacl\n|-resisted|p2a: Garganacl\n|-damage|p2a: Garganacl|67\/100\n|move|p2a: Garganacl|Salt Cure|p1a: Iron Moth\n|-supereffective|p1a: Iron Moth\n|-damage|p1a: Iron Moth|0 fnt\n|faint|p1a: Iron Moth\n|-end|p1a: Iron Moth|Quark Drive|[silent]\n|\n|-heal|p2a: Garganacl|73\/100|[from] item: Leftovers\n|upkeep\n|\n|t:|1700015357\n|switch|p1a: Ceruledge|Ceruledge, M|100\/100\n|turn|8\n|\n|t:|1700015362\n|move|p1a: Ceruledge|Swords Dance|p1a: Ceruledge\n|-boost|p1a: Ceruledge|atk|2\n|move|p2a: Garganacl|Salt Cure|p1a: Ceruledge\n|-supereffective|p1a: Ceruledge\n|-damage|p1a: Ceruledge|57\/100\n|-start|p1a: Ceruledge|Salt Cure\n|-ability|p1a: Ceruledge|Weak Armor|boost\n|-unboost|p1a: Ceruledge|def|1\n|-boost|p1a: Ceruledge|spe|2\n|\n|-heal|p2a: Garganacl|79\/100|[from] item: Leftovers\n|-damage|p1a: Ceruledge|45\/100|[from] Salt Cure\n|upkeep\n|turn|9\n|\n|t:|1700015376\n|move|p2a: Garganacl|Protect|p2a: Garganacl\n|-singleturn|p2a: Garganacl|Protect\n|move|p1a: Ceruledge|Bitter Blade|p2a: Garganacl\n|-activate|p2a: Garganacl|move: Protect\n|\n|-heal|p2a: Garganacl|85\/100|[from] item: Leftovers\n|-damage|p1a: Ceruledge|32\/100|[from] Salt Cure\n|upkeep\n|turn|10\n|\n|t:|1700015389\n|move|p1a: Ceruledge|Close Combat|p2a: Garganacl\n|-supereffective|p2a: Garganacl\n|-damage|p2a: Garganacl|0 fnt\n|-unboost|p1a: Ceruledge|def|1\n|-unboost|p1a: Ceruledge|spd|1\n|faint|p2a: Garganacl\n|\n|-damage|p1a: Ceruledge|20\/100|[from] Salt Cure\n|upkeep\n|\n|t:|1700015403\n|switch|p2a: Dragapult|Dragapult, M, shiny|100\/100\n|turn|11\n|\n|t:|1700015417\n|-terastallize|p1a: Ceruledge|Ghost\n|move|p1a: Ceruledge|Shadow Sneak|p2a: Dragapult\n|-supereffective|p2a: Dragapult\n|-damage|p2a: Dragapult|0 fnt\n|faint|p2a: Dragapult\n|\n|-damage|p1a: Ceruledge|8\/100|[from] Salt Cure\n|upkeep\n|\n|t:|1700015436\n|switch|p2a: Glimmora|Glimmora, M|100\/100\n|turn|12\n|\n|t:|1700015450\n|move|p1a: Ceruledge|Close Combat|p2a: Glimmora\n|-damage|p2a: Glimmora|6\/100\n|-unboost|p1a: Ceruledge|def|1\n|-unboost|p1a: Ceruledge|spd|1\n|-activate|p2a: Glimmora|ability: Toxic Debris\n|-sidestart|p1: LOOPJ21|move: Toxic Spikes\n|move|p2a: Glimmora|Spikes|p1a: Ceruledge\n|-sidestart|p1: LOOPJ21|Spikes\n|\n|-damage|p1a: Ceruledge|0 fnt|[from] Salt Cure\n|faint|p1a: Ceruledge\n|upkeep\n|\n|t:|1700015462\n|switch|p1a: Glimmora|Glimmora, F|100\/100\n|-sideend|p1: LOOPJ21|move: Toxic Spikes|[of] p1a: Glimmora\n|-damage|p1a: Glimmora|88\/100|[from] Spikes\n|turn|13\n|\n|t:|1700015469\n|move|p1a: Glimmora|Mortal Spin|p2a: Glimmora\n|-resisted|p2a: Glimmora\n|-crit|p2a: Glimmora\n|-damage|p2a: Glimmora|3\/100\n|-activate|p2a: Glimmora|ability: Toxic Debris\n|-sidestart|p1: LOOPJ21|move: Toxic Spikes\n|-sideend|p1: LOOPJ21|Spikes|[from] move: Mortal Spin|[of] p1a: Glimmora\n|-sideend|p1: LOOPJ21|Toxic Spikes|[from] move: Mortal Spin|[of] p1a: Glimmora\n|move|p2a: Glimmora|Energy Ball|p1a: Glimmora\n|-damage|p1a: Glimmora|59\/100\n|\n|-heal|p1a: Glimmora|66\/100|[from] item: Black Sludge\n|upkeep\n|turn|14\n|\n|t:|1700015488\n|move|p2a: Glimmora|Explosion|p1a: Glimmora\n|-resisted|p1a: Glimmora\n|-damage|p1a: Glimmora|48\/100\n|-activate|p1a: Glimmora|ability: Toxic Debris\n|-sidestart|p2: Hutallan|move: Toxic Spikes\n|faint|p2a: Glimmora\n|move|p1a: Glimmora|Stealth Rock|p2: Glimmora\n|-sidestart|p2: Hutallan|move: Stealth Rock\n|\n|-heal|p1a: Glimmora|55\/100|[from] item: Black Sludge\n|upkeep\n|\n|t:|1700015506\n|switch|p2a: Great Tusk|Great Tusk|100\/100\n|-status|p2a: Great Tusk|psn\n|-damage|p2a: Great Tusk|98\/100 psn|[from] Stealth Rock\n|-enditem|p2a: Great Tusk|Booster Energy\n|-activate|p2a: Great Tusk|ability: Protosynthesis|[fromitem]\n|-start|p2a: Great Tusk|protosynthesisdef\n|turn|15\n|\n|t:|1700015530\n|switch|p1a: Landorus|Landorus-Therian, M|100\/100\n|-ability|p1a: Landorus|Intimidate|boost\n|-unboost|p2a: Great Tusk|atk|1\n|move|p2a: Great Tusk|Body Press|p1a: Landorus\n|-resisted|p1a: Landorus\n|-damage|p1a: Landorus|78\/100\n|\n|-damage|p2a: Great Tusk|85\/100 psn|[from] psn\n|upkeep\n|turn|16\n|\n|t:|1700015564\n|move|p1a: Landorus|Earthquake|p2a: Great Tusk\n|-damage|p2a: Great Tusk|44\/100 psn\n|move|p2a: Great Tusk|Body Press|p1a: Landorus\n|-resisted|p1a: Landorus\n|-damage|p1a: Landorus|52\/100\n|\n|-damage|p2a: Great Tusk|32\/100 psn|[from] psn\n|upkeep\n|turn|17\n|\n|t:|1700015573\n|switch|p1a: KfcTuneado|Moltres-Galar, shiny|100\/100\n|move|p2a: Great Tusk|Rapid Spin|p1a: KfcTuneado\n|-damage|p1a: KfcTuneado|89\/100\n|-boost|p2a: Great Tusk|spe|1\n|-sideend|p2: Hutallan|Toxic Spikes|[from] move: Rapid Spin|[of] p2a: Great Tusk\n|-sideend|p2: Hutallan|Stealth Rock|[from] move: Rapid Spin|[of] p2a: Great Tusk\n|\n|-heal|p1a: KfcTuneado|95\/100|[from] item: Leftovers\n|-damage|p2a: Great Tusk|19\/100 psn|[from] psn\n|upkeep\n|turn|18\n|\n|t:|1700015587\n|move|p2a: Great Tusk|Body Press|p1a: KfcTuneado\n|-damage|p1a: KfcTuneado|43\/100\n|-ability|p1a: KfcTuneado|Berserk|boost\n|-boost|p1a: KfcTuneado|spa|1\n|move|p1a: KfcTuneado|Agility|p1a: KfcTuneado\n|-boost|p1a: KfcTuneado|spe|2\n|\n|-heal|p1a: KfcTuneado|50\/100|[from] item: Leftovers\n|-damage|p2a: Great Tusk|7\/100 psn|[from] psn\n|upkeep\n|turn|19\n|\n|t:|1700015600\n|move|p1a: KfcTuneado|Air Slash|p2a: Great Tusk\n|-supereffective|p2a: Great Tusk\n|-damage|p2a: Great Tusk|0 fnt\n|faint|p2a: Great Tusk\n|-end|p2a: Great Tusk|Protosynthesis|[silent]\n|\n|-heal|p1a: KfcTuneado|56\/100|[from] item: Leftovers\n|upkeep\n|\n|t:|1700015614\n|switch|p2a: Zapdos|Zapdos|100\/100\n|turn|20\n|\n|t:|1700015627\n|-terastallize|p2a: Zapdos|Electric\n|move|p1a: KfcTuneado|Fiery Wrath|p2a: Zapdos\n|-damage|p2a: Zapdos|30\/100\n|cant|p2a: Zapdos|flinch\n|\n|-heal|p1a: KfcTuneado|62\/100|[from] item: Leftovers\n|upkeep\n|turn|21\n|\n|t:|1700015638\n|move|p1a: KfcTuneado|Fiery Wrath|p2a: Zapdos\n|-damage|p2a: Zapdos|0 fnt\n|faint|p2a: Zapdos\n|\n|-heal|p1a: KfcTuneado|68\/100|[from] item: Leftovers\n|upkeep\n|\n|t:|1700015645\n|switch|p2a: Hatterene|Hatterene, F, shiny|100\/100\n|turn|22\n|-activate|p2a: Hatterene|item: Quick Claw\n|\n|t:|1700015653\n|move|p2a: Hatterene|Draining Kiss|p1a: KfcTuneado\n|-supereffective|p1a: KfcTuneado\n|-damage|p1a: KfcTuneado|27\/100\n|-ability|p1a: KfcTuneado|Berserk|boost\n|-boost|p1a: KfcTuneado|spa|1\n|move|p1a: KfcTuneado|Air Slash|p2a: Hatterene\n|-damage|p2a: Hatterene|38\/100\n|\n|-heal|p1a: KfcTuneado|33\/100|[from] item: Leftovers\n|upkeep\n|turn|23\n|\n|t:|1700015666\n|move|p1a: KfcTuneado|Tera Blast|p2a: Hatterene\n|-damage|p2a: Hatterene|0 fnt\n|faint|p2a: Hatterene\n|\n|win|LOOPJ21\n|raw|LOOPJ21's rating: 1098 &rarr; <strong>1123<\/strong><br \/>(+25 for winning)\n|raw|Hutallan's rating: 1091 &rarr; <strong>1068<\/strong><br \/>(-23 for losing)\n|l|\u2606LOOPJ21\n|l|\u2606Hutallan\n|j|\u2606LOOPJ21\n|player|p1|LOOPJ21|riley\n","uploadtime":1700015673,"views":10,"p1id":"loopj21","p2id":"hutallan","formatid":"gen9ou","rating":1068,"private":0,"password":""}