{"id":"gen9ou-1996754880","p1":"Dugtrio Is Broken","p2":"juninxisl","format":"[Gen 9] OU","log":"|j|\u2606Dugtrio Is Broken\n|j|\u2606juninxisl\n|t:|1700719658\n|gametype|singles\n|player|p1|Dugtrio Is Broken|nanu|\n|player|p2|juninxisl|alec-anime|\n|teamsize|p1|6\n|teamsize|p2|6\n|gen|9\n|tier|[Gen 9] OU\n|rule|Sleep Clause Mod: Limit one foe put to sleep\n|rule|Species Clause: Limit one of each Pok\u00e9mon\n|rule|OHKO Clause: OHKO moves are banned\n|rule|Evasion Items Clause: Evasion items are banned\n|rule|Evasion Moves Clause: Evasion moves are banned\n|rule|Endless Battle Clause: Forcing endless battles is banned\n|rule|HP Percentage Mod: HP is shown in percentages\n|clearpoke\n|poke|p1|Poliwrath, M|\n|poke|p1|Pelipper, M|\n|poke|p1|Overqwil, F|\n|poke|p1|Rillaboom, M|\n|poke|p1|Iron Treads|\n|poke|p1|Zapdos|\n|poke|p2|Morpeko, F|\n|poke|p2|Pikachu-Hoenn, M|\n|poke|p2|Pachirisu, F|\n|poke|p2|Dedenne, F|\n|poke|p2|Mimikyu, M|\n|poke|p2|Raichu, F|\n|teampreview\n|c|\u2606Dugtrio Is Broken|Wtf\n|c|\u2606juninxisl|kkkkkkkkkk\n|\n|t:|1700719677\n|start\n|switch|p1a: Iron Treads|Iron Treads|100\/100\n|switch|p2a: Pachirisu|Pachirisu, F|100\/100\n|turn|1\n|\n|t:|1700719690\n|move|p1a: Iron Treads|Earth Power|p2a: Pachirisu\n|-supereffective|p2a: Pachirisu\n|-damage|p2a: Pachirisu|56\/100\n|move|p2a: Pachirisu|Nuzzle|p1a: Iron Treads\n|-immune|p1a: Iron Treads\n|\n|upkeep\n|turn|2\n|\n|t:|1700719707\n|move|p1a: Iron Treads|Earth Power|p2a: Pachirisu\n|-supereffective|p2a: Pachirisu\n|-damage|p2a: Pachirisu|12\/100\n|move|p2a: Pachirisu|Super Fang|p1a: Iron Treads\n|-damage|p1a: Iron Treads|51\/100\n|\n|upkeep\n|turn|3\n|c|\u2606juninxisl|tava no zap e cliquei por clicar\n|\n|t:|1700719719\n|move|p1a: Iron Treads|Rapid Spin|p2a: Pachirisu\n|-damage|p2a: Pachirisu|0 fnt\n|-boost|p1a: Iron Treads|spe|1\n|faint|p2a: Pachirisu\n|\n|upkeep\n|\n|t:|1700719723\n|switch|p2a: Raichu|Raichu, F|100\/100\n|turn|4\n|\n|t:|1700719731\n|-terastallize|p1a: Iron Treads|Ghost\n|-terastallize|p2a: Raichu|Flying\n|move|p1a: Iron Treads|Earth Power|p2a: Raichu\n|-immune|p2a: Raichu\n|move|p2a: Raichu|Surf|p1a: Iron Treads\n|-damage|p1a: Iron Treads|17\/100\n|-damage|p2a: Raichu|91\/100|[from] item: Life Orb\n|\n|upkeep\n|turn|5\n|\n|t:|1700719743\n|move|p1a: Iron Treads|Ice Spinner|p2a: Raichu\n|-supereffective|p2a: Raichu\n|-damage|p2a: Raichu|0 fnt\n|faint|p2a: Raichu\n|\n|upkeep\n|\n|t:|1700719747\n|switch|p2a: Mimikyu|Mimikyu, M|100\/100\n|turn|6\n|\n|t:|1700719750\n|move|p2a: Mimikyu|Shadow Sneak|p1a: Iron Treads\n|-supereffective|p1a: Iron Treads\n|-damage|p1a: Iron Treads|0 fnt\n|faint|p1a: Iron Treads\n|-end|p1a: Iron Treads|Quark Drive|[silent]\n|-damage|p2a: Mimikyu|91\/100|[from] item: Life Orb\n|\n|upkeep\n|\n|t:|1700719756\n|switch|p1a: Pelipper|Pelipper, M|100\/100\n|-weather|RainDance|[from] ability: Drizzle|[of] p1a: Pelipper\n|turn|7\n|\n|t:|1700719768\n|move|p2a: Mimikyu|Swords Dance|p2a: Mimikyu\n|-boost|p2a: Mimikyu|atk|2\n|move|p1a: Pelipper|U-turn|p2a: Mimikyu\n|-activate|p2a: Mimikyu|ability: Disguise\n|-damage|p2a: Mimikyu|91\/100\n|detailschange|p2a: Mimikyu|Mimikyu-Busted, M\n|-damage|p2a: Mimikyu|78\/100|[from] pokemon: Mimikyu-Busted\n|\n|t:|1700719775\n|switch|p1a: Overqwil|Overqwil, F|100\/100|[from] U-turn\n|\n|-weather|RainDance|[upkeep]\n|upkeep\n|turn|8\n|\n|t:|1700719802\n|move|p2a: Mimikyu|Shadow Sneak|p1a: Overqwil\n|-resisted|p1a: Overqwil\n|-damage|p1a: Overqwil|77\/100\n|-damage|p2a: Mimikyu|68\/100|[from] item: Life Orb\n|move|p1a: Overqwil|Liquidation|p2a: Mimikyu\n|-damage|p2a: Mimikyu|0 fnt\n|faint|p2a: Mimikyu\n|-damage|p1a: Overqwil|68\/100|[from] item: Life Orb\n|\n|-weather|RainDance|[upkeep]\n|upkeep\n|\n|t:|1700719807\n|switch|p2a: Dedenne|Dedenne, F|100\/100\n|turn|9\n|\n|t:|1700719818\n|switch|p2a: Pikachu|Pikachu-Hoenn, M|100\/100\n|move|p1a: Overqwil|Gunk Shot|p2a: Pikachu\n|-damage|p2a: Pikachu|0 fnt\n|faint|p2a: Pikachu\n|-damage|p1a: Overqwil|58\/100|[from] item: Life Orb\n|\n|-weather|RainDance|[upkeep]\n|upkeep\n|\n|t:|1700719820\n|switch|p2a: Morpeko|Morpeko, F|100\/100\n|turn|10\n|\n|t:|1700719829\n|move|p1a: Overqwil|Liquidation|p2a: Morpeko\n|-enditem|p2a: Morpeko|Focus Sash\n|-damage|p2a: Morpeko|1\/100\n|-unboost|p2a: Morpeko|def|1\n|-damage|p1a: Overqwil|48\/100|[from] item: Life Orb\n|move|p2a: Morpeko|Aura Wheel|p1a: Overqwil\n|-crit|p1a: Overqwil\n|-damage|p1a: Overqwil|0 fnt\n|-boost|p2a: Morpeko|spe|1\n|faint|p1a: Overqwil\n|\n|-weather|RainDance|[upkeep]\n|-formechange|p2a: Morpeko|Morpeko-Hangry||[from] ability: Hunger Switch\n|upkeep\n|\n|t:|1700719833\n|switch|p1a: Rillaboom|Rillaboom, M|100\/100\n|-fieldstart|move: Grassy Terrain|[from] ability: Grassy Surge|[of] p1a: Rillaboom\n|turn|11\n|c|\u2606Dugtrio Is Broken|q time \u00e9 esse\n|\n|t:|1700719839\n|move|p2a: Morpeko|Protect|p2a: Morpeko\n|-singleturn|p2a: Morpeko|Protect\n|move|p1a: Rillaboom|Grassy Glide|p2a: Morpeko\n|-activate|p2a: Morpeko|move: Protect\n|\n|-weather|RainDance|[upkeep]\n|-heal|p2a: Morpeko|7\/100|[from] Grassy Terrain\n|-formechange|p2a: Morpeko|Morpeko||[from] ability: Hunger Switch\n|upkeep\n|turn|12\n|c|\u2606Dugtrio Is Broken|O meu eh estranho\n|c|\u2606Dugtrio Is Broken|o seu \u00e9 ainda mais\n|c|\u2606juninxisl|piclones kkkkkkkk\n|\n|t:|1700719861\n|move|p1a: Rillaboom|Grassy Glide|p2a: Morpeko\n|-damage|p2a: Morpeko|0 fnt\n|faint|p2a: Morpeko\n|\n|-weather|RainDance|[upkeep]\n|upkeep\n|\n|t:|1700719864\n|switch|p2a: Dedenne|Dedenne, F|100\/100\n|turn|13\n|\n|t:|1700719874\n|move|p1a: Rillaboom|Grassy Glide|p2a: Dedenne\n|-damage|p2a: Dedenne|0 fnt\n|faint|p2a: Dedenne\n|\n|win|Dugtrio Is Broken\n","uploadtime":1700719878,"views":2,"p1id":"dugtrioisbroken","p2id":"juninxisl","formatid":"gen9ou","rating":0,"private":0,"password":""}