{"id":"gen9ou-1993965358","p1":"jzhuc1841","p2":"abc2183","format":"[Gen 9] OU","log":"|j|\u2606jzhuc1841\n|j|\u2606abc2183\n|t:|1700384268\n|gametype|singles\n|player|p1|jzhuc1841|hilbert-wonderlauncher|1664\n|player|p2|abc2183|skierf-gen4dp|1689\n|teamsize|p1|6\n|teamsize|p2|6\n|gen|9\n|tier|[Gen 9] OU\n|rated|\n|rule|Sleep Clause Mod: Limit one foe put to sleep\n|rule|Species Clause: Limit one of each Pok\u00e9mon\n|rule|OHKO Clause: OHKO moves are banned\n|rule|Evasion Items Clause: Evasion items are banned\n|rule|Evasion Moves Clause: Evasion moves are banned\n|rule|Endless Battle Clause: Forcing endless battles is banned\n|rule|HP Percentage Mod: HP is shown in percentages\n|clearpoke\n|poke|p1|Ogerpon-Wellspring, F|\n|poke|p1|Kingambit, M|\n|poke|p1|Iron Moth|\n|poke|p1|Iron Valiant|\n|poke|p1|Zamazenta-*|\n|poke|p1|Glimmora, M|\n|poke|p2|Kingambit, F|\n|poke|p2|Cinderace, F|\n|poke|p2|Dragonite, F|\n|poke|p2|Zapdos|\n|poke|p2|Iron Valiant|\n|poke|p2|Ogerpon-Wellspring, F|\n|teampreview\n|inactive|Battle timer is ON: inactive players will automatically lose when time's up. (requested by abc2183)\n|\n|t:|1700384280\n|start\n|switch|p1a: Glimmora|Glimmora, M|100\/100\n|switch|p2a: BIG BIRD|Zapdos|100\/100\n|-item|p1a: Glimmora|Air Balloon\n|turn|1\n|\n|t:|1700384285\n|move|p2a: BIG BIRD|Volt Switch|p1a: Glimmora\n|-damage|p1a: Glimmora|57\/100\n|-enditem|p1a: Glimmora|Air Balloon\n|\n|t:|1700384292\n|switch|p2a: DAENERYS|Kingambit, F|100\/100|[from] Volt Switch\n|move|p1a: Glimmora|Mortal Spin|p2a: DAENERYS\n|-immune|p2a: DAENERYS\n|\n|upkeep\n|turn|2\n|\n|t:|1700384301\n|move|p1a: Glimmora|Earth Power|p2a: DAENERYS\n|-supereffective|p2a: DAENERYS\n|-damage|p2a: DAENERYS|41\/100\n|move|p2a: DAENERYS|Iron Head|p1a: Glimmora\n|-supereffective|p1a: Glimmora\n|-damage|p1a: Glimmora|0 fnt\n|-activate|p1a: Glimmora|ability: Toxic Debris\n|-sidestart|p2: abc2183|move: Toxic Spikes\n|faint|p1a: Glimmora\n|\n|-heal|p2a: DAENERYS|47\/100|[from] item: Leftovers\n|upkeep\n|\n|t:|1700384307\n|switch|p1a: Iron Moth|Iron Moth|100\/100\n|-enditem|p1a: Iron Moth|Booster Energy\n|-activate|p1a: Iron Moth|ability: Quark Drive|[fromitem]\n|-start|p1a: Iron Moth|quarkdrivespe\n|turn|3\n|\n|t:|1700384313\n|move|p2a: DAENERYS|Sucker Punch||[still]\n|-fail|p2a: DAENERYS\n|move|p1a: Iron Moth|Substitute|p1a: Iron Moth\n|-start|p1a: Iron Moth|Substitute\n|-damage|p1a: Iron Moth|76\/100\n|\n|-heal|p2a: DAENERYS|53\/100|[from] item: Leftovers\n|upkeep\n|turn|4\n|\n|t:|1700384317\n|move|p2a: DAENERYS|Sucker Punch|p1a: Iron Moth\n|-end|p1a: Iron Moth|Substitute\n|move|p1a: Iron Moth|Fiery Dance|p2a: DAENERYS\n|-supereffective|p2a: DAENERYS\n|-damage|p2a: DAENERYS|0 fnt\n|-boost|p1a: Iron Moth|spa|1\n|faint|p2a: DAENERYS\n|-end|p2a: DAENERYS|fallenundefined|[silent]\n|\n|upkeep\n|\n|t:|1700384321\n|switch|p2a: CARAMEL|Dragonite, F|100\/100\n|turn|5\n|j| ShedTailHater\n|\n|t:|1700384327\n|move|p1a: Iron Moth|Sludge Wave|p2a: CARAMEL\n|-damage|p2a: CARAMEL|64\/100\n|move|p2a: CARAMEL|Earthquake|p1a: Iron Moth\n|-supereffective|p1a: Iron Moth\n|-damage|p1a: Iron Moth|0 fnt\n|faint|p1a: Iron Moth\n|-end|p1a: Iron Moth|Quark Drive|[silent]\n|\n|upkeep\n|\n|t:|1700384334\n|switch|p1a: Iron Valiant|Iron Valiant|100\/100\n|-enditem|p1a: Iron Valiant|Booster Energy\n|-activate|p1a: Iron Valiant|ability: Quark Drive|[fromitem]\n|-start|p1a: Iron Valiant|quarkdrivespe\n|turn|6\n|\n|t:|1700384341\n|move|p2a: CARAMEL|Extreme Speed|p1a: Iron Valiant\n|-damage|p1a: Iron Valiant|65\/100\n|move|p1a: Iron Valiant|Moonblast|p2a: CARAMEL\n|-supereffective|p2a: CARAMEL\n|-damage|p2a: CARAMEL|0 fnt\n|faint|p2a: CARAMEL\n|\n|upkeep\n|\n|t:|1700384351\n|switch|p2a: KRISTINE|Cinderace, F|100\/100\n|turn|7\n|\n|t:|1700384359\n|move|p1a: Iron Valiant|Calm Mind|p1a: Iron Valiant\n|-boost|p1a: Iron Valiant|spa|1\n|-boost|p1a: Iron Valiant|spd|1\n|move|p2a: KRISTINE|Court Change|p2a: KRISTINE\n|-swapsideconditions\n|-activate|p2a: KRISTINE|move: Court Change\n|\n|upkeep\n|turn|8\n|j| Katagiri Nanase\n|\n|t:|1700384382\n|switch|p2a: JACKSON|Ogerpon-Wellspring, F|100\/100\n|move|p1a: Iron Valiant|Moonblast|p2a: JACKSON\n|-crit|p2a: JACKSON\n|-damage|p2a: JACKSON|0 fnt\n|faint|p2a: JACKSON\n|\n|upkeep\n|\n|t:|1700384387\n|switch|p2a: KRISTINE|Cinderace, F|100\/100\n|turn|9\n|\n|t:|1700384391\n|move|p1a: Iron Valiant|Moonblast|p2a: KRISTINE\n|-resisted|p2a: KRISTINE\n|-damage|p2a: KRISTINE|52\/100\n|move|p2a: KRISTINE|Pyro Ball|p1a: Iron Valiant\n|-damage|p1a: Iron Valiant|0 fnt\n|faint|p1a: Iron Valiant\n|-end|p1a: Iron Valiant|Quark Drive|[silent]\n|\n|upkeep\n|\n|t:|1700384399\n|switch|p1a: Kingambit|Kingambit, M|100\/100\n|-activate|p1a: Kingambit|ability: Supreme Overlord\n|-start|p1a: Kingambit|fallen3|[silent]\n|turn|10\n|\n|t:|1700384403\n|move|p2a: KRISTINE|Pyro Ball|p1a: Kingambit\n|-supereffective|p1a: Kingambit\n|-damage|p1a: Kingambit|24\/100\n|move|p1a: Kingambit|Kowtow Cleave|p2a: KRISTINE\n|-damage|p2a: KRISTINE|0 fnt\n|faint|p2a: KRISTINE\n|\n|upkeep\n|\n|t:|1700384409\n|switch|p2a: WALL-Y|Iron Valiant|100\/100\n|-enditem|p2a: WALL-Y|Booster Energy\n|-activate|p2a: WALL-Y|ability: Quark Drive|[fromitem]\n|-start|p2a: WALL-Y|quarkdrivespe\n|turn|11\n|\n|t:|1700384413\n|move|p2a: WALL-Y|Moonblast|p1a: Kingambit\n|-damage|p1a: Kingambit|0 fnt\n|faint|p1a: Kingambit\n|-end|p1a: Kingambit|fallen3|[silent]\n|\n|upkeep\n|\n|t:|1700384416\n|switch|p1a: Ogerpon|Ogerpon-Wellspring, F|100\/100\n|-status|p1a: Ogerpon|psn\n|turn|12\n|j| dfghhhg\n|j| HaxxIsPain\n|\n|t:|1700384426\n|-terastallize|p1a: Ogerpon|Water\n|detailschange|p1a: Ogerpon|Ogerpon-Wellspring-Tera, F, tera:Water\n|-ability|p1a: Ogerpon|Embody Aspect (Wellspring)|boost\n|-boost|p1a: Ogerpon|spd|1\n|move|p2a: WALL-Y|Swords Dance|p2a: WALL-Y\n|-boost|p2a: WALL-Y|atk|2\n|move|p1a: Ogerpon|Ivy Cudgel|p2a: WALL-Y|[anim] Ivy Cudgel Water\n|-damage|p2a: WALL-Y|0 fnt\n|faint|p2a: WALL-Y\n|-end|p2a: WALL-Y|Quark Drive|[silent]\n|\n|-damage|p1a: Ogerpon|88\/100 psn|[from] psn\n|upkeep\n|\n|t:|1700384430\n|switch|p2a: BIG BIRD|Zapdos|100\/100\n|turn|13\n|\n|t:|1700384438\n|move|p1a: Ogerpon|Ivy Cudgel|p2a: BIG BIRD|[anim] Ivy Cudgel Water\n|-damage|p2a: BIG BIRD|13\/100\n|move|p2a: BIG BIRD|Volt Switch|p1a: Ogerpon\n|-supereffective|p1a: Ogerpon\n|-damage|p1a: Ogerpon|42\/100 psn\n|\n|-damage|p1a: Ogerpon|30\/100 psn|[from] psn\n|upkeep\n|turn|14\n|-message|abc2183 forfeited.\n|\n|win|jzhuc1841\n|raw|jzhuc1841's rating: 1664 &rarr; <strong>1685<\/strong><br \/>(+21 for winning)\n|raw|abc2183's rating: 1689 &rarr; <strong>1668<\/strong><br \/>(-21 for losing)\n|l|\u2606abc2183\n|l| Katagiri Nanase\n|c|\u2606jzhuc1841|gg\n","uploadtime":1700384452,"views":16,"p1id":"jzhuc1841","p2id":"abc2183","formatid":"gen9ou","rating":1668,"private":0,"password":""}