{"id":"gen9ou-1998005021","p1":"Mytton","p2":"Thomahawks","format":"[Gen 9] OU","log":"|j|\u2606Mytton\n|j|\u2606Thomahawks\n|t:|1700877932\n|gametype|singles\n|player|p1|Mytton|iris|1302\n|player|p2|Thomahawks|alder|1286\n|teamsize|p1|6\n|teamsize|p2|6\n|gen|9\n|tier|[Gen 9] OU\n|rated|\n|rule|Sleep Clause Mod: Limit one foe put to sleep\n|rule|Species Clause: Limit one of each Pok\u00e9mon\n|rule|OHKO Clause: OHKO moves are banned\n|rule|Evasion Items Clause: Evasion items are banned\n|rule|Evasion Moves Clause: Evasion moves are banned\n|rule|Endless Battle Clause: Forcing endless battles is banned\n|rule|HP Percentage Mod: HP is shown in percentages\n|clearpoke\n|poke|p1|Slowking-Galar, F|\n|poke|p1|Alomomola, M|\n|poke|p1|Moltres|\n|poke|p1|Sandslash-Alola, F|\n|poke|p1|Breloom, F|\n|poke|p1|Heatran, F|\n|poke|p2|Iron Moth|\n|poke|p2|Ninetales-Alola, F|\n|poke|p2|Hatterene, F|\n|poke|p2|Ting-Lu|\n|poke|p2|Garchomp, F|\n|poke|p2|Rillaboom, F|\n|teampreview\n|\n|t:|1700877934\n|start\n|switch|p1a: Sandslash|Sandslash-Alola, F|100\/100\n|switch|p2a: Kurama|Ninetales-Alola, F, shiny|100\/100\n|-weather|Snow|[from] ability: Snow Warning|[of] p2a: Kurama\n|turn|1\n|\n|t:|1700877963\n|move|p1a: Sandslash|Iron Head|p2a: Kurama\n|-supereffective|p2a: Kurama\n|-damage|p2a: Kurama|0 fnt\n|faint|p2a: Kurama\n|\n|-weather|Snow|[upkeep]\n|upkeep\n|\n|t:|1700877970\n|switch|p2a: Iron Moth|Iron Moth|100\/100\n|-enditem|p2a: Iron Moth|Booster Energy\n|-activate|p2a: Iron Moth|ability: Quark Drive|[fromitem]\n|-start|p2a: Iron Moth|quarkdrivespe\n|turn|2\n|\n|t:|1700877977\n|switch|p1a: Alomomola|Alomomola, M|100\/100\n|move|p2a: Iron Moth|Psychic|p1a: Alomomola\n|-damage|p1a: Alomomola|63\/100\n|-enditem|p1a: Alomomola|Red Card|[of] p2a: Iron Moth\n|-end|p2a: Iron Moth|Quark Drive|[silent]\n|drag|p2a: Rillaboom|Rillaboom, F|100\/100\n|-fieldstart|move: Grassy Terrain|[from] ability: Grassy Surge|[of] p2a: Rillaboom\n|\n|-weather|Snow|[upkeep]\n|-heal|p1a: Alomomola|70\/100|[from] Grassy Terrain\n|upkeep\n|turn|3\n|\n|t:|1700877982\n|move|p2a: Rillaboom|Grassy Glide|p1a: Alomomola\n|-supereffective|p1a: Alomomola\n|-damage|p1a: Alomomola|3\/100\n|move|p1a: Alomomola|Flip Turn|p2a: Rillaboom\n|-resisted|p2a: Rillaboom\n|-damage|p2a: Rillaboom|92\/100\n|\n|t:|1700877994\n|switch|p1a: Heatran|Heatran, F|100\/100|[from] Flip Turn\n|\n|-weather|Snow|[upkeep]\n|-heal|p2a: Rillaboom|98\/100|[from] Grassy Terrain\n|upkeep\n|turn|4\n|\n|t:|1700878002\n|switch|p2a: Garchomp|Garchomp, F|100\/100\n|move|p1a: Heatran|Fire Blast|p2a: Garchomp\n|-resisted|p2a: Garchomp\n|-damage|p2a: Garchomp|71\/100\n|\n|-weather|Snow|[upkeep]\n|-heal|p2a: Garchomp|78\/100|[from] Grassy Terrain\n|-heal|p2a: Garchomp|84\/100|[from] item: Leftovers\n|upkeep\n|turn|5\n|\n|t:|1700878009\n|switch|p1a: Moltres|Moltres|100\/100\n|move|p2a: Garchomp|Swords Dance|p2a: Garchomp\n|-boost|p2a: Garchomp|atk|2\n|\n|-weather|none\n|-heal|p2a: Garchomp|90\/100|[from] Grassy Terrain\n|-heal|p2a: Garchomp|96\/100|[from] item: Leftovers\n|upkeep\n|turn|6\n|\n|t:|1700878013\n|move|p2a: Garchomp|Swords Dance|p2a: Garchomp\n|-boost|p2a: Garchomp|atk|2\n|move|p1a: Moltres|Will-O-Wisp|p2a: Garchomp\n|-status|p2a: Garchomp|brn\n|\n|-heal|p2a: Garchomp|100\/100 brn|[from] Grassy Terrain\n|-damage|p2a: Garchomp|94\/100 brn|[from] brn\n|-fieldend|move: Grassy Terrain\n|upkeep\n|turn|7\n|\n|t:|1700878027\n|move|p2a: Garchomp|Swords Dance|p2a: Garchomp\n|-boost|p2a: Garchomp|atk|2\n|move|p1a: Moltres|Flamethrower|p2a: Garchomp\n|-resisted|p2a: Garchomp\n|-damage|p2a: Garchomp|74\/100 brn\n|\n|-heal|p2a: Garchomp|81\/100 brn|[from] item: Leftovers\n|-damage|p2a: Garchomp|74\/100 brn|[from] brn\n|upkeep\n|turn|8\n|\n|t:|1700878040\n|move|p2a: Garchomp|Scale Shot|p1a: Moltres|[miss]\n|-miss|p2a: Garchomp|p1a: Moltres\n|move|p1a: Moltres|Flamethrower|p2a: Garchomp\n|-resisted|p2a: Garchomp\n|-damage|p2a: Garchomp|54\/100 brn\n|\n|-heal|p2a: Garchomp|60\/100 brn|[from] item: Leftovers\n|-damage|p2a: Garchomp|54\/100 brn|[from] brn\n|upkeep\n|turn|9\n|\n|t:|1700878043\n|move|p2a: Garchomp|Scale Shot|p1a: Moltres\n|-damage|p1a: Moltres|82\/100\n|-damage|p1a: Moltres|66\/100\n|-hitcount|p1a: Moltres|2\n|-unboost|p2a: Garchomp|def|1\n|-boost|p2a: Garchomp|spe|1\n|move|p1a: Moltres|Flamethrower|p2a: Garchomp\n|-resisted|p2a: Garchomp\n|-damage|p2a: Garchomp|33\/100 brn\n|\n|-heal|p2a: Garchomp|39\/100 brn|[from] item: Leftovers\n|-damage|p2a: Garchomp|33\/100 brn|[from] brn\n|upkeep\n|turn|10\n|\n|t:|1700878048\n|move|p2a: Garchomp|Scale Shot|p1a: Moltres\n|-damage|p1a: Moltres|49\/100\n|-damage|p1a: Moltres|32\/100\n|-hitcount|p1a: Moltres|2\n|-unboost|p2a: Garchomp|def|1\n|-boost|p2a: Garchomp|spe|1\n|move|p1a: Moltres|Roost|p1a: Moltres\n|-heal|p1a: Moltres|82\/100\n|-singleturn|p1a: Moltres|move: Roost\n|\n|-heal|p2a: Garchomp|39\/100 brn|[from] item: Leftovers\n|-damage|p2a: Garchomp|33\/100 brn|[from] brn\n|upkeep\n|turn|11\n|\n|t:|1700878056\n|move|p2a: Garchomp|Scale Shot|p1a: Moltres|[miss]\n|-miss|p2a: Garchomp|p1a: Moltres\n|move|p1a: Moltres|Roost|p1a: Moltres\n|-heal|p1a: Moltres|100\/100\n|-singleturn|p1a: Moltres|move: Roost\n|\n|-heal|p2a: Garchomp|39\/100 brn|[from] item: Leftovers\n|-damage|p2a: Garchomp|33\/100 brn|[from] brn\n|upkeep\n|turn|12\n|\n|t:|1700878059\n|move|p2a: Garchomp|Scale Shot|p1a: Moltres\n|-damage|p1a: Moltres|82\/100\n|-damage|p1a: Moltres|63\/100\n|-damage|p1a: Moltres|46\/100\n|-hitcount|p1a: Moltres|3\n|-unboost|p2a: Garchomp|def|1\n|-boost|p2a: Garchomp|spe|1\n|move|p1a: Moltres|Flamethrower|p2a: Garchomp\n|-resisted|p2a: Garchomp\n|-damage|p2a: Garchomp|11\/100 brn\n|\n|-heal|p2a: Garchomp|17\/100 brn|[from] item: Leftovers\n|-damage|p2a: Garchomp|11\/100 brn|[from] brn\n|upkeep\n|turn|13\n|\n|t:|1700878062\n|move|p2a: Garchomp|Scale Shot|p1a: Moltres\n|-damage|p1a: Moltres|29\/100\n|-damage|p1a: Moltres|11\/100\n|-damage|p1a: Moltres|0 fnt\n|faint|p1a: Moltres\n|-hitcount|p1: Moltres|3\n|-unboost|p2a: Garchomp|def|1\n|-boost|p2a: Garchomp|spe|1\n|\n|-heal|p2a: Garchomp|17\/100 brn|[from] item: Leftovers\n|-damage|p2a: Garchomp|11\/100 brn|[from] brn\n|upkeep\n|\n|t:|1700878070\n|switch|p1a: Breloom|Breloom, F|100\/100\n|turn|14\n|\n|t:|1700878073\n|move|p1a: Breloom|Mach Punch|p2a: Garchomp\n|-damage|p2a: Garchomp|0 fnt\n|-damage|p1a: Breloom|88\/100|[from] ability: Rough Skin|[of] p2a: Garchomp\n|faint|p2a: Garchomp\n|\n|upkeep\n|\n|t:|1700878078\n|switch|p2a: Iron Moth|Iron Moth|100\/100\n|turn|15\n|\n|t:|1700878085\n|switch|p1a: Heatran|Heatran, F|100\/100\n|move|p2a: Iron Moth|Psychic|p1a: Heatran\n|-resisted|p1a: Heatran\n|-damage|p1a: Heatran|85\/100\n|\n|upkeep\n|turn|16\n|\n|t:|1700878092\n|-end|p2a: Iron Moth|Quark Drive|[silent]\n|switch|p2a: Ting-Lu|Ting-Lu|100\/100\n|-ability|p2a: Ting-Lu|Vessel of Ruin\n|move|p1a: Heatran|Fire Blast|p2a: Ting-Lu\n|-damage|p2a: Ting-Lu|78\/100\n|-enditem|p2a: Ting-Lu|Red Card|[of] p1a: Heatran\n|drag|p1a: Sandslash|Sandslash-Alola, F|100\/100\n|\n|upkeep\n|turn|17\n|\n|t:|1700878098\n|move|p1a: Sandslash|Ice Spinner|p2a: Ting-Lu\n|-supereffective|p2a: Ting-Lu\n|-damage|p2a: Ting-Lu|32\/100\n|move|p2a: Ting-Lu|Stealth Rock|p1a: Sandslash\n|-sidestart|p1: Mytton|move: Stealth Rock\n|\n|upkeep\n|turn|18\n|\n|t:|1700878102\n|move|p1a: Sandslash|Rapid Spin|p2a: Ting-Lu\n|-damage|p2a: Ting-Lu|24\/100\n|-boost|p1a: Sandslash|spe|1\n|-sideend|p1: Mytton|Stealth Rock|[from] move: Rapid Spin|[of] p1a: Sandslash\n|move|p2a: Ting-Lu|Whirlwind|p1a: Sandslash\n|drag|p1a: Slowking|Slowking-Galar, F|100\/100\n|\n|upkeep\n|turn|19\n|\n|t:|1700878107\n|move|p2a: Ting-Lu|Stealth Rock|p1a: Slowking\n|-sidestart|p1: Mytton|move: Stealth Rock\n|move|p1a: Slowking|Ice Beam|p2a: Ting-Lu\n|-supereffective|p2a: Ting-Lu\n|-damage|p2a: Ting-Lu|0 fnt\n|faint|p2a: Ting-Lu\n|\n|upkeep\n|\n|t:|1700878113\n|switch|p2a: Iron Moth|Iron Moth|100\/100\n|turn|20\n|\n|t:|1700878120\n|switch|p1a: Heatran|Heatran, F|85\/100\n|-damage|p1a: Heatran|73\/100|[from] Stealth Rock\n|-terastallize|p2a: Iron Moth|Fairy\n|move|p2a: Iron Moth|Psychic|p1a: Heatran\n|-resisted|p1a: Heatran\n|-damage|p1a: Heatran|59\/100\n|\n|upkeep\n|turn|21\n|\n|t:|1700878131\n|-end|p2a: Iron Moth|Quark Drive|[silent]\n|switch|p2a: Bubblizz|Hatterene, F|100\/100\n|move|p1a: Heatran|Flash Cannon|p2a: Bubblizz\n|-supereffective|p2a: Bubblizz\n|-damage|p2a: Bubblizz|11\/100\n|\n|upkeep\n|turn|22\n|\n|t:|1700878135\n|move|p1a: Heatran|Flash Cannon|p2a: Bubblizz\n|-supereffective|p2a: Bubblizz\n|-damage|p2a: Bubblizz|0 fnt\n|faint|p2a: Bubblizz\n|\n|upkeep\n|\n|t:|1700878137\n|switch|p2a: Rillaboom|Rillaboom, F|98\/100\n|-fieldstart|move: Grassy Terrain|[from] ability: Grassy Surge|[of] p2a: Rillaboom\n|turn|23\n|\n|t:|1700878152\n|switch|p1a: Alomomola|Alomomola, M|36\/100\n|-damage|p1a: Alomomola|24\/100|[from] Stealth Rock\n|move|p2a: Rillaboom|Wood Hammer|p1a: Alomomola\n|-supereffective|p1a: Alomomola\n|-damage|p1a: Alomomola|0 fnt\n|faint|p1a: Alomomola\n|-damage|p2a: Rillaboom|86\/100|[from] Recoil\n|\n|-heal|p2a: Rillaboom|92\/100|[from] Grassy Terrain\n|upkeep\n|l|\u2606Thomahawks\n|player|p2|\n|\n|t:|1700878168\n|switch|p1a: Slowking|Slowking-Galar, F|100\/100\n|-damage|p1a: Slowking|88\/100|[from] Stealth Rock\n|turn|24\n|c|\u2606Mytton|at least forfeit\n|inactive|Battle timer is ON: inactive players will automatically lose when time's up. (requested by Mytton)\n|inactive|Thomahawks has 30 seconds to reconnect!\n|inactive|Thomahawks has 20 seconds to reconnect!\n|inactive|Thomahawks has 15 seconds to reconnect!\n|inactive|Thomahawks has 10 seconds to reconnect!\n|inactive|Thomahawks has 5 seconds to reconnect!\n|-message|Thomahawks lost due to inactivity.\n|\n|win|Mytton\n|raw|Mytton's rating: 1302 &rarr; <strong>1321<\/strong><br \/>(+19 for winning)\n|raw|Thomahawks's rating: 1286 &rarr; <strong>1262<\/strong><br \/>(-24 for losing)\n","uploadtime":1700878244,"views":2,"p1id":"mytton","p2id":"thomahawks","formatid":"gen9ou","rating":1262,"private":0,"password":""}