{"id":"gen9ou-1994391486","p1":"RedemptionDeath","p2":"raton-voleur","format":"[Gen 9] OU","log":"|j|\u2606RedemptionDeath\n|j|\u2606raton-voleur\n|t:|1700438583\n|gametype|singles\n|player|p1|RedemptionDeath|102|1108\n|player|p2|raton-voleur|shauntal|1213\n|teamsize|p1|6\n|teamsize|p2|6\n|gen|9\n|tier|[Gen 9] OU\n|rated|\n|rule|Sleep Clause Mod: Limit one foe put to sleep\n|rule|Species Clause: Limit one of each Pok\u00e9mon\n|rule|OHKO Clause: OHKO moves are banned\n|rule|Evasion Items Clause: Evasion items are banned\n|rule|Evasion Moves Clause: Evasion moves are banned\n|rule|Endless Battle Clause: Forcing endless battles is banned\n|rule|HP Percentage Mod: HP is shown in percentages\n|clearpoke\n|poke|p1|Clodsire, F|\n|poke|p1|Dondozo, F|\n|poke|p1|Alomomola, M|\n|poke|p1|Zapdos|\n|poke|p1|Toxapex, M|\n|poke|p1|Blissey, F|\n|poke|p2|Pelipper, M|\n|poke|p2|Amoonguss, M|\n|poke|p2|Kingambit, F|\n|poke|p2|Basculegion, M|\n|poke|p2|Iron Treads|\n|poke|p2|Manaphy|\n|teampreview\n|\n|t:|1700438605\n|start\n|switch|p1a: Blissey|Blissey, F|100\/100\n|switch|p2a: Iron Treads|Iron Treads|100\/100\n|turn|1\n|\n|t:|1700438612\n|move|p2a: Iron Treads|Stealth Rock|p1a: Blissey\n|-sidestart|p1: RedemptionDeath|move: Stealth Rock\n|move|p1a: Blissey|Stealth Rock|p2a: Iron Treads\n|-sidestart|p2: raton-voleur|move: Stealth Rock\n|\n|upkeep\n|turn|2\n|\n|t:|1700438629\n|move|p2a: Iron Treads|Knock Off|p1a: Blissey\n|-damage|p1a: Blissey|49\/100\n|-enditem|p1a: Blissey|Heavy-Duty Boots|[from] move: Knock Off|[of] p2a: Iron Treads\n|move|p1a: Blissey|Seismic Toss|p2a: Iron Treads\n|-damage|p2a: Iron Treads|74\/100\n|\n|-heal|p2a: Iron Treads|80\/100|[from] item: Leftovers\n|upkeep\n|turn|3\n|\n|t:|1700438640\n|switch|p1a: Alomomola|Alomomola, M|100\/100\n|move|p2a: Iron Treads|Earthquake|p1a: Alomomola\n|-damage|p1a: Alomomola|80\/100\n|\n|-heal|p2a: Iron Treads|86\/100|[from] item: Leftovers\n|upkeep\n|turn|4\n|\n|t:|1700438642\n|move|p2a: Iron Treads|Stealth Rock||[still]\n|-fail|p2a: Iron Treads\n|move|p1a: Alomomola|Whirlpool|p2a: Iron Treads\n|-supereffective|p2a: Iron Treads\n|-damage|p2a: Iron Treads|72\/100\n|-activate|p2a: Iron Treads|move: Whirlpool|[of] p1a: Alomomola\n|\n|-heal|p2a: Iron Treads|78\/100|[from] item: Leftovers\n|-damage|p2a: Iron Treads|66\/100|[from] move: Whirlpool|[partiallytrapped]\n|upkeep\n|turn|5\n|\n|t:|1700438650\n|move|p2a: Iron Treads|Rapid Spin|p1a: Alomomola\n|-damage|p1a: Alomomola|73\/100\n|-boost|p2a: Iron Treads|spe|1\n|-sideend|p2: raton-voleur|Stealth Rock|[from] move: Rapid Spin|[of] p2a: Iron Treads\n|-end|p2a: Iron Treads|Whirlpool|[partiallytrapped]\n|move|p1a: Alomomola|Chilling Water|p2a: Iron Treads\n|-supereffective|p2a: Iron Treads\n|-damage|p2a: Iron Treads|47\/100\n|-unboost|p2a: Iron Treads|atk|1\n|\n|-heal|p2a: Iron Treads|53\/100|[from] item: Leftovers\n|upkeep\n|turn|6\n|\n|t:|1700438660\n|move|p2a: Iron Treads|Knock Off|p1a: Alomomola\n|-damage|p1a: Alomomola|65\/100\n|-enditem|p1a: Alomomola|Heavy-Duty Boots|[from] move: Knock Off|[of] p2a: Iron Treads\n|move|p1a: Alomomola|Whirlpool|p2a: Iron Treads\n|-supereffective|p2a: Iron Treads\n|-damage|p2a: Iron Treads|38\/100\n|-activate|p2a: Iron Treads|move: Whirlpool|[of] p1a: Alomomola\n|\n|-heal|p2a: Iron Treads|44\/100|[from] item: Leftovers\n|-damage|p2a: Iron Treads|32\/100|[from] move: Whirlpool|[partiallytrapped]\n|upkeep\n|turn|7\n|\n|t:|1700438673\n|move|p2a: Iron Treads|Earthquake|p1a: Alomomola\n|-damage|p1a: Alomomola|50\/100\n|move|p1a: Alomomola|Chilling Water|p2a: Iron Treads\n|-supereffective|p2a: Iron Treads\n|-damage|p2a: Iron Treads|13\/100\n|-unboost|p2a: Iron Treads|atk|1\n|\n|-heal|p2a: Iron Treads|19\/100|[from] item: Leftovers\n|-damage|p2a: Iron Treads|6\/100|[from] move: Whirlpool|[partiallytrapped]\n|upkeep\n|turn|8\n|\n|t:|1700438677\n|move|p2a: Iron Treads|Earthquake|p1a: Alomomola\n|-damage|p1a: Alomomola|41\/100\n|move|p1a: Alomomola|Wish|p1a: Alomomola\n|\n|-heal|p2a: Iron Treads|12\/100|[from] item: Leftovers\n|-damage|p2a: Iron Treads|0 fnt|[from] move: Whirlpool|[partiallytrapped]\n|faint|p2a: Iron Treads\n|-end|p2a: Iron Treads|Quark Drive|[silent]\n|upkeep\n|\n|t:|1700438694\n|switch|p2a: Imposteur|Amoonguss, M|100\/100\n|turn|9\n|\n|t:|1700438702\n|switch|p1a: Toxapex|Toxapex, M|100\/100\n|move|p2a: Imposteur|Giga Drain|p1a: Toxapex\n|-damage|p1a: Toxapex|81\/100\n|\n|-heal|p1a: Toxapex|100\/100|[from] move: Wish|[wisher] Alomomola\n|upkeep\n|turn|10\n|\n|t:|1700438709\n|move|p1a: Toxapex|Infestation|p2a: Imposteur\n|-damage|p2a: Imposteur|98\/100\n|-activate|p2a: Imposteur|move: Infestation|[of] p1a: Toxapex\n|-enditem|p2a: Imposteur|Eject Button\n|\n|t:|1700438714\n|switch|p2a: ManaGOAT|Manaphy|100\/100\n|\n|upkeep\n|turn|11\n|c|\u2606RedemptionDeath|???\n|\n|t:|1700438719\n|move|p2a: ManaGOAT|Tail Glow|p2a: ManaGOAT\n|-boost|p2a: ManaGOAT|spa|3\n|move|p1a: Toxapex|Haze|p1a: Toxapex\n|-clearallboost\n|\n|upkeep\n|turn|12\n|\n|t:|1700438725\n|switch|p2a: Ballon|Pelipper, M|100\/100\n|-weather|RainDance|[from] ability: Drizzle|[of] p2a: Ballon\n|move|p1a: Toxapex|Haze|p1a: Toxapex\n|-clearallboost\n|\n|-weather|RainDance|[upkeep]\n|upkeep\n|turn|13\n|\n|t:|1700438731\n|move|p2a: Ballon|Hurricane|p1a: Toxapex\n|-damage|p1a: Toxapex|72\/100\n|move|p1a: Toxapex|Infestation|p2a: Ballon\n|-resisted|p2a: Ballon\n|-damage|p2a: Ballon|98\/100\n|-activate|p2a: Ballon|move: Infestation|[of] p1a: Toxapex\n|\n|-weather|RainDance|[upkeep]\n|-damage|p2a: Ballon|86\/100|[from] move: Infestation|[partiallytrapped]\n|upkeep\n|turn|14\n|\n|t:|1700438737\n|move|p2a: Ballon|Hurricane|p1a: Toxapex\n|-damage|p1a: Toxapex|41\/100\n|move|p1a: Toxapex|Recover|p1a: Toxapex\n|-heal|p1a: Toxapex|91\/100\n|\n|-weather|RainDance|[upkeep]\n|-damage|p2a: Ballon|74\/100|[from] move: Infestation|[partiallytrapped]\n|upkeep\n|turn|15\n|\n|t:|1700438744\n|move|p2a: Ballon|Hurricane|p1a: Toxapex\n|-damage|p1a: Toxapex|60\/100\n|move|p1a: Toxapex|Toxic|p2a: Ballon\n|-status|p2a: Ballon|tox\n|\n|-weather|RainDance|[upkeep]\n|-damage|p2a: Ballon|67\/100 tox|[from] psn\n|-damage|p2a: Ballon|55\/100 tox|[from] move: Infestation|[partiallytrapped]\n|upkeep\n|turn|16\n|c|\u2606RedemptionDeath|They didn't believe in us\n|c|\u2606RedemptionDeath|but God did\n|c|\u2606raton-voleur|...\n|c|\u2606RedemptionDeath|it's true though\n|\n|t:|1700438767\n|move|p2a: Ballon|Hurricane|p1a: Toxapex\n|-damage|p1a: Toxapex|31\/100\n|move|p1a: Toxapex|Recover|p1a: Toxapex\n|-heal|p1a: Toxapex|81\/100\n|\n|-weather|RainDance|[upkeep]\n|-damage|p2a: Ballon|43\/100 tox|[from] psn\n|-damage|p2a: Ballon|30\/100 tox|[from] move: Infestation|[partiallytrapped]\n|upkeep\n|turn|17\n|\n|t:|1700438781\n|move|p2a: Ballon|Hurricane|p1a: Toxapex\n|-damage|p1a: Toxapex|52\/100\n|-start|p1a: Toxapex|confusion\n|-activate|p1a: Toxapex|confusion\n|move|p1a: Toxapex|Infestation|p2a: Ballon\n|-resisted|p2a: Ballon\n|-crit|p2a: Ballon\n|-damage|p2a: Ballon|27\/100 tox\n|\n|-weather|RainDance|[upkeep]\n|-damage|p2a: Ballon|9\/100 tox|[from] psn\n|-damage|p2a: Ballon|0 fnt|[from] move: Infestation|[partiallytrapped]\n|faint|p2a: Ballon\n|upkeep\n|c|\u2606raton-voleur|The only thing I'm seeing is a full stall team\n|c|\u2606RedemptionDeath|I don't use stall lmao\n|\n|t:|1700438794\n|switch|p2a: F+No B*tches|Basculegion, M|100\/100\n|turn|18\n|c|\u2606RedemptionDeath|it doesn't matter\n|c|\u2606RedemptionDeath|you didn't believe in me, but God did\n|c|\u2606raton-voleur|\"I don't use stall\" -plays every single stall mon in the tier\n|\n|t:|1700438836\n|move|p2a: F+No B*tches|Wave Crash|p1a: Toxapex\n|-resisted|p1a: Toxapex\n|-damage|p1a: Toxapex|11\/100\n|-damage|p2a: F+No B*tches|90\/100|[from] Recoil\n|-activate|p1a: Toxapex|confusion\n|-damage|p1a: Toxapex|8\/100|[from] confusion\n|\n|-weather|RainDance|[upkeep]\n|upkeep\n|turn|19\n|c|\u2606RedemptionDeath|I don't use stal...\n|inactive|Battle timer is ON: inactive players will automatically lose when time's up. (requested by raton-voleur)\n|\n|t:|1700438889\n|switch|p1a: Alomomola|Alomomola, M|74\/100\n|-damage|p1a: Alomomola|62\/100|[from] Stealth Rock\n|move|p2a: F+No B*tches|Wave Crash|p1a: Alomomola\n|-resisted|p1a: Alomomola\n|-damage|p1a: Alomomola|28\/100\n|-damage|p2a: F+No B*tches|74\/100|[from] Recoil\n|\n|-weather|none\n|upkeep\n|turn|20\n|\n|t:|1700438906\n|switch|p2a: Imposteur|Amoonguss, M|100\/100\n|switch|p1a: Dondozo|Dondozo, F|100\/100\n|\n|upkeep\n|turn|21\n|\n|t:|1700438914\n|switch|p1a: Toxapex|Toxapex, M|42\/100\n|move|p2a: Imposteur|Spore|p1a: Toxapex\n|-status|p1a: Toxapex|slp|[from] move: Spore\n|\n|upkeep\n|turn|22\n|\n|t:|1700438919\n|switch|p1a: Blissey|Blissey, F|49\/100\n|-damage|p1a: Blissey|36\/100|[from] Stealth Rock\n|move|p2a: Imposteur|Giga Drain|p1a: Blissey\n|-damage|p1a: Blissey|29\/100\n|\n|upkeep\n|turn|23\n|\n|t:|1700438922\n|move|p1a: Blissey|Soft-Boiled|p1a: Blissey\n|-heal|p1a: Blissey|79\/100\n|move|p2a: Imposteur|Foul Play|p1a: Blissey\n|-damage|p1a: Blissey|75\/100\n|\n|upkeep\n|turn|24\n|\n|t:|1700438926\n|move|p1a: Blissey|Stealth Rock|p2a: Imposteur\n|-sidestart|p2: raton-voleur|move: Stealth Rock\n|move|p2a: Imposteur|Sludge Bomb|p1a: Blissey\n|-damage|p1a: Blissey|68\/100\n|\n|upkeep\n|turn|25\n|\n|t:|1700438937\n|switch|p2a: ManaGOAT|Manaphy|100\/100\n|-damage|p2a: ManaGOAT|88\/100|[from] Stealth Rock\n|move|p1a: Blissey|Soft-Boiled|p1a: Blissey\n|-heal|p1a: Blissey|100\/100\n|\n|-heal|p2a: ManaGOAT|94\/100|[from] item: Leftovers\n|upkeep\n|turn|26\n|\n|t:|1700438955\n|switch|p1a: Clodsire|Clodsire, F|100\/100\n|move|p2a: ManaGOAT|Tail Glow|p2a: ManaGOAT\n|-boost|p2a: ManaGOAT|spa|3\n|\n|-heal|p2a: ManaGOAT|100\/100|[from] item: Leftovers\n|upkeep\n|turn|27\n|\n|t:|1700438971\n|move|p2a: ManaGOAT|Surf|p1a: Clodsire\n|-supereffective|p1a: Clodsire\n|-damage|p1a: Clodsire|57\/100\n|move|p1a: Clodsire|Toxic|p2a: ManaGOAT\n|-status|p2a: ManaGOAT|tox\n|\n|-damage|p2a: ManaGOAT|94\/100 tox|[from] psn\n|upkeep\n|turn|28\n|c|\u2606RedemptionDeath|scary!\n|\n|t:|1700438984\n|move|p2a: ManaGOAT|Surf|p1a: Clodsire\n|-supereffective|p1a: Clodsire\n|-damage|p1a: Clodsire|18\/100\n|move|p1a: Clodsire|Recover|p1a: Clodsire\n|-heal|p1a: Clodsire|68\/100\n|\n|-heal|p2a: ManaGOAT|100\/100 tox|[from] item: Leftovers\n|-damage|p2a: ManaGOAT|88\/100 tox|[from] psn\n|upkeep\n|turn|29\n|\n|t:|1700438990\n|move|p2a: ManaGOAT|Energy Ball|p1a: Clodsire\n|-damage|p1a: Clodsire|54\/100\n|move|p1a: Clodsire|Recover|p1a: Clodsire\n|-heal|p1a: Clodsire|100\/100\n|\n|-heal|p2a: ManaGOAT|94\/100 tox|[from] item: Leftovers\n|-damage|p2a: ManaGOAT|76\/100 tox|[from] psn\n|upkeep\n|turn|30\n|\n|t:|1700438996\n|move|p2a: ManaGOAT|Surf|p1a: Clodsire\n|-supereffective|p1a: Clodsire\n|-crit|p1a: Clodsire\n|-damage|p1a: Clodsire|41\/100\n|move|p1a: Clodsire|Earthquake|p2a: ManaGOAT\n|-damage|p2a: ManaGOAT|50\/100 tox\n|\n|-heal|p2a: ManaGOAT|56\/100 tox|[from] item: Leftovers\n|-damage|p2a: ManaGOAT|32\/100 tox|[from] psn\n|upkeep\n|turn|31\n|\n|t:|1700439001\n|move|p2a: ManaGOAT|Surf|p1a: Clodsire\n|-supereffective|p1a: Clodsire\n|-damage|p1a: Clodsire|1\/100\n|move|p1a: Clodsire|Recover|p1a: Clodsire\n|-heal|p1a: Clodsire|51\/100\n|\n|-heal|p2a: ManaGOAT|38\/100 tox|[from] item: Leftovers\n|-damage|p2a: ManaGOAT|7\/100 tox|[from] psn\n|upkeep\n|turn|32\n|\n|t:|1700439007\n|move|p2a: ManaGOAT|Surf|p1a: Clodsire\n|-supereffective|p1a: Clodsire\n|-damage|p1a: Clodsire|8\/100\n|move|p1a: Clodsire|Recover|p1a: Clodsire\n|-heal|p1a: Clodsire|58\/100\n|\n|-heal|p2a: ManaGOAT|13\/100 tox|[from] item: Leftovers\n|-damage|p2a: ManaGOAT|0 fnt|[from] psn\n|faint|p2a: ManaGOAT\n|upkeep\n|\n|t:|1700439013\n|switch|p2a: F+Ratio|Kingambit, F|100\/100\n|-damage|p2a: F+Ratio|94\/100|[from] Stealth Rock\n|-activate|p2a: F+Ratio|ability: Supreme Overlord\n|-start|p2a: F+Ratio|fallen3|[silent]\n|turn|33\n|\n|t:|1700439030\n|switch|p1a: Alomomola|Alomomola, M|62\/100\n|-damage|p1a: Alomomola|49\/100|[from] Stealth Rock\n|move|p2a: F+Ratio|Low Kick|p1a: Alomomola\n|-damage|p1a: Alomomola|35\/100\n|\n|-heal|p2a: F+Ratio|100\/100|[from] item: Leftovers\n|upkeep\n|turn|34\n|\n|t:|1700439036\n|move|p2a: F+Ratio|Swords Dance|p2a: F+Ratio\n|-boost|p2a: F+Ratio|atk|2\n|move|p1a: Alomomola|Wish|p1a: Alomomola\n|\n|upkeep\n|turn|35\n|\n|t:|1700439043\n|move|p1a: Alomomola|Protect|p1a: Alomomola\n|-singleturn|p1a: Alomomola|Protect\n|move|p2a: F+Ratio|Swords Dance|p2a: F+Ratio\n|-boost|p2a: F+Ratio|atk|2\n|\n|-heal|p1a: Alomomola|85\/100|[from] move: Wish|[wisher] Alomomola\n|upkeep\n|turn|36\n|\n|t:|1700439048\n|switch|p1a: Dondozo|Dondozo, F|100\/100\n|move|p2a: F+Ratio|Kowtow Cleave|p1a: Dondozo\n|-damage|p1a: Dondozo|75\/100\n|\n|upkeep\n|turn|37\n|\n|t:|1700439060\n|move|p2a: F+Ratio|Kowtow Cleave|p1a: Dondozo\n|-damage|p1a: Dondozo|50\/100\n|move|p1a: Dondozo|Body Press|p2a: F+Ratio\n|-supereffective|p2a: F+Ratio\n|-damage|p2a: F+Ratio|2\/100\n|\n|-heal|p2a: F+Ratio|8\/100|[from] item: Leftovers\n|upkeep\n|turn|38\n|\n|t:|1700439068\n|move|p2a: F+Ratio|Low Kick|p1a: Dondozo\n|-damage|p1a: Dondozo|24\/100\n|move|p1a: Dondozo|Rest|p1a: Dondozo\n|-status|p1a: Dondozo|slp|[from] move: Rest\n|-heal|p1a: Dondozo|100\/100 slp|[silent]\n|\n|-heal|p2a: F+Ratio|15\/100|[from] item: Leftovers\n|upkeep\n|turn|39\n|c|\u2606RedemptionDeath|Stop it!\n|c|\u2606raton-voleur|....\n|\n|t:|1700439080\n|move|p2a: F+Ratio|Low Kick|p1a: Dondozo\n|-damage|p1a: Dondozo|77\/100 slp\n|cant|p1a: Dondozo|slp\n|move|p1a: Dondozo|Sleep Talk|p1a: Dondozo\n|move|p1a: Dondozo|Rest||[from]move: Sleep Talk|[still]\n|-fail|p1a: Dondozo\n|\n|-heal|p2a: F+Ratio|21\/100|[from] item: Leftovers\n|upkeep\n|turn|40\n|c|\u2606RedemptionDeath|Mr.Stall\n|\n|t:|1700439088\n|move|p2a: F+Ratio|Low Kick|p1a: Dondozo\n|-damage|p1a: Dondozo|53\/100 slp\n|cant|p1a: Dondozo|slp\n|move|p1a: Dondozo|Sleep Talk|p1a: Dondozo\n|move|p1a: Dondozo|Rest||[from]move: Sleep Talk|[still]\n|-fail|p1a: Dondozo\n|\n|-heal|p2a: F+Ratio|27\/100|[from] item: Leftovers\n|upkeep\n|turn|41\n|c|\u2606RedemptionDeath|Stall team gets karma\n|\n|t:|1700439095\n|move|p2a: F+Ratio|Low Kick|p1a: Dondozo\n|-damage|p1a: Dondozo|27\/100 slp\n|-curestatus|p1a: Dondozo|slp|[msg]\n|move|p1a: Dondozo|Rest|p1a: Dondozo\n|-status|p1a: Dondozo|slp|[from] move: Rest\n|-heal|p1a: Dondozo|100\/100 slp|[silent]\n|\n|-heal|p2a: F+Ratio|33\/100|[from] item: Leftovers\n|upkeep\n|turn|42\n|\n|t:|1700439104\n|move|p2a: F+Ratio|Low Kick|p1a: Dondozo\n|-damage|p1a: Dondozo|75\/100 slp\n|cant|p1a: Dondozo|slp\n|move|p1a: Dondozo|Sleep Talk|p1a: Dondozo\n|move|p1a: Dondozo|Rest||[from]move: Sleep Talk|[still]\n|-fail|p1a: Dondozo\n|\n|-heal|p2a: F+Ratio|39\/100|[from] item: Leftovers\n|upkeep\n|turn|43\n|c|\u2606raton-voleur|You literally play stall\n|c|\u2606RedemptionDeath|how?\n|\n|t:|1700439119\n|move|p2a: F+Ratio|Kowtow Cleave|p1a: Dondozo\n|-damage|p1a: Dondozo|49\/100 slp\n|cant|p1a: Dondozo|slp\n|move|p1a: Dondozo|Sleep Talk|p1a: Dondozo\n|move|p1a: Dondozo|Body Press|p2a: F+Ratio|[from]move: Sleep Talk\n|-supereffective|p2a: F+Ratio\n|-damage|p2a: F+Ratio|0 fnt\n|faint|p2a: F+Ratio\n|-end|p2a: F+Ratio|fallen3|[silent]\n|\n|upkeep\n|c|\u2606RedemptionDeath|Name more than 2 stall mons, which I use\n|\n|t:|1700439125\n|switch|p2a: Imposteur|Amoonguss, M|100\/100\n|-damage|p2a: Imposteur|88\/100|[from] Stealth Rock\n|turn|44\n|\n|t:|1700439134\n|switch|p1a: Toxapex|Toxapex, M|75\/100 slp\n|move|p2a: Imposteur|Giga Drain|p1a: Toxapex\n|-damage|p1a: Toxapex|57\/100 slp\n|-heal|p2a: Imposteur|94\/100|[from] drain|[of] p1a: Toxapex\n|\n|upkeep\n|turn|45\n|c|\u2606raton-voleur|Dondozo, Blissey, Toxapex, Clodsire\n|c|\u2606raton-voleur|Alomomola\n|c|\u2606RedemptionDeath|I play them as offensive\n|\n|t:|1700439162\n|cant|p1a: Toxapex|slp\n|move|p2a: Imposteur|Giga Drain|p1a: Toxapex\n|-damage|p1a: Toxapex|37\/100 slp\n|-heal|p2a: Imposteur|100\/100|[from] drain|[of] p1a: Toxapex\n|\n|upkeep\n|turn|46\n|c|\u2606RedemptionDeath|not defensive\n|c|\u2606RedemptionDeath|all damage moves\n|c|\u2606RedemptionDeath|no heal\n|\n|t:|1700439177\n|switch|p1a: Blissey|Blissey, F|100\/100\n|-damage|p1a: Blissey|88\/100|[from] Stealth Rock\n|move|p2a: Imposteur|Giga Drain|p1a: Blissey\n|-damage|p1a: Blissey|82\/100\n|\n|upkeep\n|turn|47\n|c|\u2606raton-voleur|\"No heal\" -Plays recover and wish on all of them\n|\n|t:|1700439187\n|switch|p1a: Toxapex|Toxapex, M|70\/100 slp\n|move|p2a: Imposteur|Sludge Bomb|p1a: Toxapex\n|-resisted|p1a: Toxapex\n|-damage|p1a: Toxapex|58\/100 slp\n|\n|upkeep\n|turn|48\n|\n|t:|1700439190\n|switch|p1a: Blissey|Blissey, F|82\/100\n|-damage|p1a: Blissey|69\/100|[from] Stealth Rock\n|move|p2a: Imposteur|Sludge Bomb|p1a: Blissey\n|-damage|p1a: Blissey|62\/100\n|\n|upkeep\n|turn|49\n|\n|t:|1700439193\n|switch|p1a: Toxapex|Toxapex, M|91\/100 slp\n|move|p2a: Imposteur|Sludge Bomb|p1a: Toxapex\n|-resisted|p1a: Toxapex\n|-damage|p1a: Toxapex|81\/100 slp\n|\n|upkeep\n|turn|50\n|\n|t:|1700439197\n|switch|p1a: Blissey|Blissey, F|62\/100\n|-damage|p1a: Blissey|49\/100|[from] Stealth Rock\n|move|p2a: Imposteur|Sludge Bomb|p1a: Blissey\n|-damage|p1a: Blissey|42\/100\n|-status|p1a: Blissey|psn\n|\n|-damage|p1a: Blissey|30\/100 psn|[from] psn\n|upkeep\n|turn|51\n|\n|t:|1700439199\n|move|p1a: Blissey|Soft-Boiled|p1a: Blissey\n|-heal|p1a: Blissey|80\/100 psn\n|move|p2a: Imposteur|Giga Drain|p1a: Blissey\n|-damage|p1a: Blissey|73\/100 psn\n|\n|-damage|p1a: Blissey|61\/100 psn|[from] psn\n|upkeep\n|turn|52\n|\n|t:|1700439202\n|move|p1a: Blissey|Soft-Boiled|p1a: Blissey\n|-heal|p1a: Blissey|100\/100 psn\n|move|p2a: Imposteur|Sludge Bomb|p1a: Blissey\n|-crit|p1a: Blissey\n|-damage|p1a: Blissey|89\/100 psn\n|\n|-damage|p1a: Blissey|77\/100 psn|[from] psn\n|upkeep\n|turn|53\n|\n|t:|1700439205\n|-curestatus|p1a: Blissey|psn|[from] ability: Natural Cure\n|switch|p1a: Toxapex|Toxapex, M|100\/100 slp\n|move|p2a: Imposteur|Sludge Bomb|p1a: Toxapex\n|-resisted|p1a: Toxapex\n|-damage|p1a: Toxapex|90\/100 slp\n|\n|upkeep\n|turn|54\n|c|\u2606RedemptionDeath|100% TOXA!!!\n|c|\u2606RedemptionDeath|HEHEHHAHAHA\n|c|\u2606RedemptionDeath|HEHEHAHAHHA\n|c|\u2606RedemptionDeath|:KING_LAUGH:\n|c|\u2606RedemptionDeath|They didn't believe in us... BUT GOD DID!!!\n|inactive|raton-voleur has 120 seconds left.\n|\n|t:|1700439240\n|cant|p1a: Toxapex|slp\n|move|p2a: Imposteur|Giga Drain|p1a: Toxapex\n|-damage|p1a: Toxapex|71\/100 slp\n|\n|upkeep\n|turn|55\n|\n|t:|1700439249\n|cant|p1a: Toxapex|slp\n|move|p2a: Imposteur|Giga Drain|p1a: Toxapex\n|-damage|p1a: Toxapex|52\/100 slp\n|\n|upkeep\n|turn|56\n|\n|t:|1700439256\n|-curestatus|p1a: Toxapex|slp|[msg]\n|move|p1a: Toxapex|Recover|p1a: Toxapex\n|-heal|p1a: Toxapex|100\/100\n|move|p2a: Imposteur|Giga Drain|p1a: Toxapex\n|-crit|p1a: Toxapex\n|-damage|p1a: Toxapex|73\/100\n|\n|upkeep\n|turn|57\n|\n|t:|1700439266\n|move|p1a: Toxapex|Infestation|p2a: Imposteur\n|-damage|p2a: Imposteur|98\/100\n|-activate|p2a: Imposteur|move: Infestation|[of] p1a: Toxapex\n|move|p2a: Imposteur|Giga Drain|p1a: Toxapex\n|-damage|p1a: Toxapex|53\/100\n|-heal|p2a: Imposteur|100\/100|[from] drain|[of] p1a: Toxapex\n|\n|-damage|p2a: Imposteur|88\/100|[from] move: Infestation|[partiallytrapped]\n|upkeep\n|turn|58\n|\n|t:|1700439281\n|move|p1a: Toxapex|Recover|p1a: Toxapex\n|-heal|p1a: Toxapex|100\/100\n|move|p2a: Imposteur|Sludge Bomb|p1a: Toxapex\n|-resisted|p1a: Toxapex\n|-damage|p1a: Toxapex|89\/100\n|\n|-damage|p2a: Imposteur|75\/100|[from] move: Infestation|[partiallytrapped]\n|upkeep\n|turn|59\n|c|\u2606RedemptionDeath|You didn't believe in me with my non-stall team...\n|inactive|raton-voleur has 120 seconds left.\n|c|\u2606RedemptionDeath|but God did\n|\n|t:|1700439322\n|move|p1a: Toxapex|Infestation|p2a: Imposteur\n|-damage|p2a: Imposteur|73\/100\n|move|p2a: Imposteur|Giga Drain|p1a: Toxapex\n|-damage|p1a: Toxapex|70\/100\n|-heal|p2a: Imposteur|80\/100|[from] drain|[of] p1a: Toxapex\n|\n|-damage|p2a: Imposteur|67\/100|[from] move: Infestation|[partiallytrapped]\n|upkeep\n|turn|60\n|\n|t:|1700439334\n|move|p1a: Toxapex|Infestation|p2a: Imposteur\n|-damage|p2a: Imposteur|64\/100\n|move|p2a: Imposteur|Giga Drain|p1a: Toxapex\n|-damage|p1a: Toxapex|50\/100\n|-heal|p2a: Imposteur|71\/100|[from] drain|[of] p1a: Toxapex\n|\n|-damage|p2a: Imposteur|59\/100|[from] move: Infestation|[partiallytrapped]\n|upkeep\n|turn|61\n|\n|t:|1700439342\n|move|p1a: Toxapex|Recover|p1a: Toxapex\n|-heal|p1a: Toxapex|100\/100\n|move|p2a: Imposteur|Giga Drain|p1a: Toxapex\n|-damage|p1a: Toxapex|80\/100\n|-heal|p2a: Imposteur|66\/100|[from] drain|[of] p1a: Toxapex\n|\n|-end|p2a: Imposteur|Infestation|[partiallytrapped]\n|upkeep\n|turn|62\n|\n|t:|1700439348\n|switch|p2a: F+No B*tches|Basculegion, M|74\/100\n|-damage|p2a: F+No B*tches|62\/100|[from] Stealth Rock\n|move|p1a: Toxapex|Infestation|p2a: F+No B*tches\n|-resisted|p2a: F+No B*tches\n|-damage|p2a: F+No B*tches|61\/100\n|-activate|p2a: F+No B*tches|move: Infestation|[of] p1a: Toxapex\n|\n|-damage|p2a: F+No B*tches|48\/100|[from] move: Infestation|[partiallytrapped]\n|upkeep\n|turn|63\n|c|\u2606RedemptionDeath|HEHEHEHHAHAHAHA\n|c|\u2606RedemptionDeath|YOU FELL FOR MY TRAP\n|\n|t:|1700439366\n|-terastallize|p2a: F+No B*tches|Water\n|move|p2a: F+No B*tches|Wave Crash|p1a: Toxapex\n|-resisted|p1a: Toxapex\n|-damage|p1a: Toxapex|46\/100\n|-damage|p2a: F+No B*tches|39\/100|[from] Recoil\n|move|p1a: Toxapex|Toxic|p2a: F+No B*tches\n|-status|p2a: F+No B*tches|tox\n|\n|-damage|p2a: F+No B*tches|33\/100 tox|[from] psn\n|-damage|p2a: F+No B*tches|21\/100 tox|[from] move: Infestation|[partiallytrapped]\n|upkeep\n|turn|64\n|c|\u2606RedemptionDeath|HEHEHEH\n|c|\u2606RedemptionDeath|AHHAHA\n|c|\u2606raton-voleur|At this point I'd prefer if you didn't speak\n|inactive|RedemptionDeath has 120 seconds left.\n|c|\u2606RedemptionDeath|What can I say, they didn't believe in us, but GOD DID\n|\n|t:|1700439394\n|move|p2a: F+No B*tches|Wave Crash|p1a: Toxapex\n|-resisted|p1a: Toxapex\n|-damage|p1a: Toxapex|13\/100\n|-damage|p2a: F+No B*tches|12\/100 tox|[from] Recoil\n|move|p1a: Toxapex|Recover|p1a: Toxapex\n|-heal|p1a: Toxapex|63\/100\n|\n|-damage|p2a: F+No B*tches|0 fnt|[from] psn\n|faint|p2a: F+No B*tches\n|upkeep\n|c|\u2606RedemptionDeath|TOO EASY WITH\n|c|\u2606RedemptionDeath|STALL TEAMER GETS KARMA\n|c|\u2606raton-voleur|It's annoying enough to play against a Stall team\n|inactive|raton-voleur has 120 seconds left.\n|\n|t:|1700439416\n|switch|p2a: Imposteur|Amoonguss, M|99\/100\n|-damage|p2a: Imposteur|87\/100|[from] Stealth Rock\n|turn|65\n|c|\u2606RedemptionDeath|bro called himself annoying\n|inactive|RedemptionDeath has 120 seconds left.\n|\n|t:|1700439432\n|move|p1a: Toxapex|Infestation|p2a: Imposteur\n|-damage|p2a: Imposteur|84\/100\n|-activate|p2a: Imposteur|move: Infestation|[of] p1a: Toxapex\n|move|p2a: Imposteur|Giga Drain|p1a: Toxapex\n|-damage|p1a: Toxapex|44\/100\n|-heal|p2a: Imposteur|91\/100|[from] drain|[of] p1a: Toxapex\n|\n|-damage|p2a: Imposteur|78\/100|[from] move: Infestation|[partiallytrapped]\n|upkeep\n|turn|66\n|inactive|RedemptionDeath has 120 seconds left.\n|inactive|raton-voleur has 120 seconds left.\n|\n|t:|1700439459\n|move|p1a: Toxapex|Recover|p1a: Toxapex\n|-heal|p1a: Toxapex|94\/100\n|move|p2a: Imposteur|Giga Drain|p1a: Toxapex\n|-damage|p1a: Toxapex|75\/100\n|-heal|p2a: Imposteur|85\/100|[from] drain|[of] p1a: Toxapex\n|\n|-damage|p2a: Imposteur|72\/100|[from] move: Infestation|[partiallytrapped]\n|upkeep\n|turn|67\n|inactive|raton-voleur has 120 seconds left.\n|c|\u2606RedemptionDeath|I'm too good at this game, how did I beat a stall team\n|\n|t:|1700439482\n|move|p1a: Toxapex|Infestation|p2a: Imposteur\n|-damage|p2a: Imposteur|70\/100\n|move|p2a: Imposteur|Giga Drain|p1a: Toxapex\n|-damage|p1a: Toxapex|57\/100\n|-heal|p2a: Imposteur|76\/100|[from] drain|[of] p1a: Toxapex\n|\n|-damage|p2a: Imposteur|64\/100|[from] move: Infestation|[partiallytrapped]\n|upkeep\n|turn|68\n|\n|t:|1700439488\n|switch|p1a: Blissey|Blissey, F|77\/100\n|-damage|p1a: Blissey|64\/100|[from] Stealth Rock\n|move|p2a: Imposteur|Spore|p1a: Blissey\n|-status|p1a: Blissey|slp|[from] move: Spore\n|\n|-end|p2a: Imposteur|Infestation|[partiallytrapped]|[silent]\n|upkeep\n|turn|69\n|c|\u2606RedemptionDeath|EASY\n|c|\u2606RedemptionDeath|HE FELL FOR THE BAIT\n|c|\u2606RedemptionDeath|LOL\n|inactive|raton-voleur has 120 seconds left.\n|c|\u2606RedemptionDeath|I KNEW YOU'D DO THAT\n|\n|t:|1700439505\n|-curestatus|p1a: Blissey|slp|[from] ability: Natural Cure\n|switch|p1a: Toxapex|Toxapex, M|91\/100\n|move|p2a: Imposteur|Sludge Bomb|p1a: Toxapex\n|-resisted|p1a: Toxapex\n|-damage|p1a: Toxapex|79\/100\n|\n|upkeep\n|turn|70\n|inactive|raton-voleur has 120 seconds left.\n|\n|t:|1700439511\n|switch|p1a: Blissey|Blissey, F|64\/100\n|-damage|p1a: Blissey|52\/100|[from] Stealth Rock\n|move|p2a: Imposteur|Sludge Bomb|p1a: Blissey\n|-damage|p1a: Blissey|44\/100\n|\n|upkeep\n|turn|71\n|\n|t:|1700439515\n|move|p1a: Blissey|Soft-Boiled|p1a: Blissey\n|-heal|p1a: Blissey|94\/100\n|move|p2a: Imposteur|Spore|p1a: Blissey\n|-status|p1a: Blissey|slp|[from] move: Spore\n|\n|upkeep\n|turn|72\n|\n|t:|1700439520\n|-curestatus|p1a: Blissey|slp|[from] ability: Natural Cure\n|switch|p1a: Toxapex|Toxapex, M|100\/100\n|move|p2a: Imposteur|Foul Play|p1a: Toxapex\n|-damage|p1a: Toxapex|94\/100\n|\n|upkeep\n|turn|73\n|\n|t:|1700439533\n|move|p1a: Toxapex|Infestation|p2a: Imposteur\n|-damage|p2a: Imposteur|61\/100\n|-activate|p2a: Imposteur|move: Infestation|[of] p1a: Toxapex\n|move|p2a: Imposteur|Sludge Bomb|p1a: Toxapex\n|-resisted|p1a: Toxapex\n|-damage|p1a: Toxapex|84\/100\n|\n|-damage|p2a: Imposteur|49\/100|[from] move: Infestation|[partiallytrapped]\n|upkeep\n|turn|74\n|\n|t:|1700439542\n|move|p1a: Toxapex|Infestation|p2a: Imposteur\n|-damage|p2a: Imposteur|46\/100\n|move|p2a: Imposteur|Sludge Bomb|p1a: Toxapex\n|-resisted|p1a: Toxapex\n|-damage|p1a: Toxapex|74\/100\n|\n|-damage|p2a: Imposteur|33\/100|[from] move: Infestation|[partiallytrapped]\n|upkeep\n|turn|75\n|\n|t:|1700439550\n|move|p1a: Toxapex|Infestation|p2a: Imposteur\n|-damage|p2a: Imposteur|31\/100\n|move|p2a: Imposteur|Sludge Bomb|p1a: Toxapex\n|-resisted|p1a: Toxapex\n|-damage|p1a: Toxapex|63\/100\n|\n|-damage|p2a: Imposteur|18\/100|[from] move: Infestation|[partiallytrapped]\n|upkeep\n|turn|76\n|\n|t:|1700439564\n|move|p1a: Toxapex|Infestation|p2a: Imposteur\n|-damage|p2a: Imposteur|16\/100\n|move|p2a: Imposteur|Sludge Bomb|p1a: Toxapex\n|-resisted|p1a: Toxapex\n|-damage|p1a: Toxapex|53\/100\n|\n|-damage|p2a: Imposteur|3\/100|[from] move: Infestation|[partiallytrapped]\n|upkeep\n|turn|77\n|c|\u2606RedemptionDeath|You didn't believe in me, but GOD DID!\n|\n|t:|1700439577\n|move|p1a: Toxapex|Infestation|p2a: Imposteur\n|-damage|p2a: Imposteur|0 fnt\n|faint|p2a: Imposteur\n|\n|win|RedemptionDeath\n|raw|RedemptionDeath's rating: 1108 &rarr; <strong>1140<\/strong><br \/>(+32 for winning)\n|raw|raton-voleur's rating: 1213 &rarr; <strong>1181<\/strong><br \/>(-32 for losing)\n","uploadtime":1700439318,"views":13,"p1id":"redemptiondeath","p2id":"ratonvoleur","formatid":"gen9ou","rating":1140,"private":0,"password":""}