{"id":"gen9ou-1996088093","p1":"Skaraptor2.1","p2":"dragon de hilos","format":"[Gen 9] OU","log":"|j|\u2606Skaraptor2.1\n|j|\u2606dragon de hilos\n|t:|1700642119\n|gametype|singles\n|player|p1|Skaraptor2.1|bodybuilderf-gen9|1324\n|player|p2|dragon de hilos|riley|1375\n|teamsize|p1|6\n|teamsize|p2|6\n|gen|9\n|tier|[Gen 9] OU\n|rated|\n|rule|Sleep Clause Mod: Limit one foe put to sleep\n|rule|Species Clause: Limit one of each Pok\u00e9mon\n|rule|OHKO Clause: OHKO moves are banned\n|rule|Evasion Items Clause: Evasion items are banned\n|rule|Evasion Moves Clause: Evasion moves are banned\n|rule|Endless Battle Clause: Forcing endless battles is banned\n|rule|HP Percentage Mod: HP is shown in percentages\n|clearpoke\n|poke|p1|Ribombee, M|\n|poke|p1|Ogerpon-Wellspring, F|\n|poke|p1|Corviknight, M|\n|poke|p1|Zamazenta-*|\n|poke|p1|Iron Valiant|\n|poke|p1|Kingambit, F|\n|poke|p2|Great Tusk|\n|poke|p2|Gholdengo|\n|poke|p2|Cinderace, F|\n|poke|p2|Garganacl, F|\n|poke|p2|Ribombee, F|\n|poke|p2|Clodsire, F|\n|teampreview\n|inactive|Battle timer is ON: inactive players will automatically lose when time's up. (requested by Skaraptor2.1)\n|\n|t:|1700642130\n|start\n|switch|p1a: Selling my soul|Corviknight, M|100\/100\n|switch|p2a: Gholdengo|Gholdengo|100\/100\n|-ability|p1a: Selling my soul|Pressure\n|turn|1\n|inactive|Skaraptor2.1 has 120 seconds left.\n|\n|t:|1700642171\n|move|p2a: Gholdengo|Trick|p1a: Selling my soul\n|-activate|p2a: Gholdengo|move: Trick|[of] p1a: Selling my soul\n|-item|p1a: Selling my soul|Choice Scarf|[from] move: Trick\n|-item|p2a: Gholdengo|Leftovers|[from] move: Trick\n|move|p1a: Selling my soul|U-turn|p2a: Gholdengo\n|-resisted|p2a: Gholdengo\n|-damage|p2a: Gholdengo|97\/100\n|\n|t:|1700642176\n|switch|p1a: Transfem|Ogerpon-Wellspring, F|100\/100|[from] U-turn\n|\n|-heal|p2a: Gholdengo|100\/100|[from] item: Leftovers\n|upkeep\n|turn|2\n|\n|t:|1700642181\n|switch|p2a: Garganacl|Garganacl, F|100\/100\n|move|p1a: Transfem|Knock Off|p2a: Garganacl\n|-damage|p2a: Garganacl|81\/100\n|-damage|p1a: Transfem|84\/100|[from] item: Rocky Helmet|[of] p2a: Garganacl\n|-enditem|p2a: Garganacl|Rocky Helmet|[from] move: Knock Off|[of] p1a: Transfem\n|\n|upkeep\n|turn|3\n|inactive|Skaraptor2.1 has 120 seconds left.\n|\n|t:|1700642200\n|move|p1a: Transfem|Ivy Cudgel|p2a: Garganacl|[anim] Ivy Cudgel Water\n|-supereffective|p2a: Garganacl\n|-damage|p2a: Garganacl|23\/100\n|move|p2a: Garganacl|Salt Cure|p1a: Transfem\n|-damage|p1a: Transfem|65\/100\n|-start|p1a: Transfem|Salt Cure\n|\n|-damage|p1a: Transfem|40\/100|[from] Salt Cure\n|upkeep\n|turn|4\n|\n|t:|1700642203\n|move|p2a: Garganacl|Protect|p2a: Garganacl\n|-singleturn|p2a: Garganacl|Protect\n|move|p1a: Transfem|Horn Leech|p2a: Garganacl\n|-activate|p2a: Garganacl|move: Protect\n|\n|-damage|p1a: Transfem|15\/100|[from] Salt Cure\n|upkeep\n|turn|5\n|\n|t:|1700642207\n|move|p1a: Transfem|Ivy Cudgel|p2a: Garganacl|[anim] Ivy Cudgel Water\n|-supereffective|p2a: Garganacl\n|-damage|p2a: Garganacl|0 fnt\n|faint|p2a: Garganacl\n|\n|-damage|p1a: Transfem|0 fnt|[from] Salt Cure\n|faint|p1a: Transfem\n|upkeep\n|\n|t:|1700642212\n|switch|p1a: Selling my soul|Corviknight, M|100\/100\n|switch|p2a: Cinderace|Cinderace, F|100\/100\n|-ability|p1a: Selling my soul|Pressure\n|turn|6\n|\n|t:|1700642215\n|move|p2a: Cinderace|Pyro Ball|p1a: Selling my soul\n|-supereffective|p1a: Selling my soul\n|-damage|p1a: Selling my soul|34\/100\n|move|p1a: Selling my soul|Brave Bird|p2a: Cinderace\n|-damage|p2a: Cinderace|46\/100\n|-damage|p1a: Selling my soul|20\/100|[from] Recoil\n|\n|upkeep\n|turn|7\n|\n|t:|1700642222\n|move|p2a: Cinderace|Pyro Ball|p1a: Selling my soul\n|-supereffective|p1a: Selling my soul\n|-damage|p1a: Selling my soul|0 fnt\n|faint|p1a: Selling my soul\n|\n|upkeep\n|\n|t:|1700642224\n|switch|p1a: Bigender|Iron Valiant|100\/100\n|-enditem|p1a: Bigender|Booster Energy\n|-activate|p1a: Bigender|ability: Quark Drive|[fromitem]\n|-start|p1a: Bigender|quarkdrivespe\n|turn|8\n|\n|t:|1700642230\n|switch|p2a: Gholdengo|Gholdengo|100\/100\n|move|p1a: Bigender|Moonblast|p2a: Gholdengo\n|-resisted|p2a: Gholdengo\n|-damage|p2a: Gholdengo|75\/100\n|\n|-heal|p2a: Gholdengo|81\/100|[from] item: Leftovers\n|upkeep\n|turn|9\n|\n|t:|1700642233\n|move|p1a: Bigender|Destiny Bond|p1a: Bigender\n|-singlemove|p1a: Bigender|Destiny Bond\n|move|p2a: Gholdengo|Shadow Ball|p1a: Bigender\n|-damage|p1a: Bigender|22\/100\n|\n|-heal|p2a: Gholdengo|87\/100|[from] item: Leftovers\n|upkeep\n|turn|10\n|\n|t:|1700642238\n|move|p1a: Bigender|Destiny Bond||[still]\n|-fail|p1a: Bigender\n|move|p2a: Gholdengo|Shadow Ball|p1a: Bigender\n|-damage|p1a: Bigender|0 fnt\n|faint|p1a: Bigender\n|-end|p1a: Bigender|Quark Drive|[silent]\n|\n|-heal|p2a: Gholdengo|93\/100|[from] item: Leftovers\n|upkeep\n|\n|t:|1700642241\n|switch|p1a: Queengambit|Kingambit, F|100\/100\n|-activate|p1a: Queengambit|ability: Supreme Overlord\n|-start|p1a: Queengambit|fallen3|[silent]\n|turn|11\n|\n|t:|1700642245\n|switch|p2a: Great Tusk|Great Tusk|100\/100\n|move|p1a: Queengambit|Swords Dance|p1a: Queengambit\n|-boost|p1a: Queengambit|atk|2\n|\n|upkeep\n|turn|12\n|\n|t:|1700642249\n|-terastallize|p1a: Queengambit|Fairy\n|move|p2a: Great Tusk|Ice Spinner|p1a: Queengambit\n|-damage|p1a: Queengambit|81\/100\n|move|p1a: Queengambit|Low Kick|p2a: Great Tusk\n|-damage|p2a: Great Tusk|18\/100\n|\n|-heal|p2a: Great Tusk|24\/100|[from] item: Leftovers\n|-heal|p1a: Queengambit|88\/100|[from] item: Leftovers\n|upkeep\n|turn|13\n|\n|t:|1700642258\n|-end|p2a: Great Tusk|Protosynthesis|[silent]\n|switch|p2a: Ribombee|Ribombee, F|100\/100\n|move|p1a: Queengambit|Iron Head|p2a: Ribombee\n|-supereffective|p2a: Ribombee\n|-enditem|p2a: Ribombee|Focus Sash\n|-damage|p2a: Ribombee|1\/100\n|\n|-heal|p1a: Queengambit|94\/100|[from] item: Leftovers\n|upkeep\n|turn|14\n|\n|t:|1700642261\n|move|p2a: Ribombee|Sticky Web|p1a: Queengambit\n|-sidestart|p1: Skaraptor2.1|move: Sticky Web\n|move|p1a: Queengambit|Iron Head|p2a: Ribombee\n|-supereffective|p2a: Ribombee\n|-damage|p2a: Ribombee|0 fnt\n|faint|p2a: Ribombee\n|\n|-heal|p1a: Queengambit|99\/100|[from] item: Leftovers\n|upkeep\n|\n|t:|1700642266\n|switch|p2a: Cinderace|Cinderace, F|46\/100\n|turn|15\n|\n|t:|1700642268\n|move|p1a: Queengambit|Sucker Punch|p2a: Cinderace\n|-damage|p2a: Cinderace|0 fnt\n|faint|p2a: Cinderace\n|\n|-heal|p1a: Queengambit|100\/100|[from] item: Leftovers\n|upkeep\n|\n|t:|1700642273\n|switch|p2a: Gholdengo|Gholdengo|93\/100\n|turn|16\n|\n|t:|1700642276\n|move|p1a: Queengambit|Sucker Punch||[still]\n|-fail|p1a: Queengambit\n|move|p2a: Gholdengo|Trick|p1a: Queengambit\n|-activate|p2a: Gholdengo|move: Trick|[of] p1a: Queengambit\n|-item|p1a: Queengambit|Leftovers|[from] move: Trick\n|-item|p2a: Gholdengo|Leftovers|[from] move: Trick\n|\n|-heal|p2a: Gholdengo|99\/100|[from] item: Leftovers\n|upkeep\n|turn|17\n|\n|t:|1700642284\n|move|p2a: Gholdengo|Trick|p1a: Queengambit\n|-activate|p2a: Gholdengo|move: Trick|[of] p1a: Queengambit\n|-item|p1a: Queengambit|Leftovers|[from] move: Trick\n|-item|p2a: Gholdengo|Leftovers|[from] move: Trick\n|move|p1a: Queengambit|Iron Head|p2a: Gholdengo\n|-resisted|p2a: Gholdengo\n|-damage|p2a: Gholdengo|31\/100\n|\n|-heal|p2a: Gholdengo|37\/100|[from] item: Leftovers\n|upkeep\n|turn|18\n|\n|t:|1700642289\n|move|p2a: Gholdengo|Make It Rain|p1a: Queengambit\n|-supereffective|p1a: Queengambit\n|-damage|p1a: Queengambit|0 fnt\n|-unboost|p2a: Gholdengo|spa|1\n|faint|p1a: Queengambit\n|-end|p1a: Queengambit|fallen3|[silent]\n|\n|-heal|p2a: Gholdengo|43\/100|[from] item: Leftovers\n|upkeep\n|\n|t:|1700642295\n|switch|p1a: Defender of Trans|Zamazenta, shiny|100\/100\n|-activate|p1a: Defender of Trans|move: Sticky Web\n|-unboost|p1a: Defender of Trans|spe|1\n|-ability|p1a: Defender of Trans|Dauntless Shield|boost\n|-boost|p1a: Defender of Trans|def|1\n|turn|19\n|\n|t:|1700642299\n|move|p2a: Gholdengo|Dazzling Gleam|p1a: Defender of Trans\n|-supereffective|p1a: Defender of Trans\n|-damage|p1a: Defender of Trans|73\/100\n|move|p1a: Defender of Trans|Crunch|p2a: Gholdengo\n|-supereffective|p2a: Gholdengo\n|-damage|p2a: Gholdengo|0 fnt\n|faint|p2a: Gholdengo\n|\n|-heal|p1a: Defender of Trans|79\/100|[from] item: Leftovers\n|upkeep\n|\n|t:|1700642302\n|switch|p2a: Clodsire|Clodsire, F|100\/100\n|turn|20\n|\n|t:|1700642304\n|switch|p1a: Twink|Ribombee, M|100\/100\n|-activate|p1a: Twink|move: Sticky Web\n|-unboost|p1a: Twink|spe|1\n|move|p2a: Clodsire|Toxic|p1a: Twink\n|-status|p1a: Twink|tox\n|\n|-damage|p1a: Twink|94\/100 tox|[from] psn\n|upkeep\n|turn|21\n|\n|t:|1700642307\n|move|p1a: Twink|Stun Spore|p2a: Clodsire\n|-status|p2a: Clodsire|par\n|move|p2a: Clodsire|Spikes|p1a: Twink\n|-sidestart|p1: Skaraptor2.1|Spikes\n|\n|-damage|p1a: Twink|82\/100 tox|[from] psn\n|upkeep\n|turn|22\n|\n|t:|1700642312\n|move|p1a: Twink|Skill Swap|p2a: Clodsire\n|-activate|p1a: Twink|move: Skill Swap|Water Absorb|Shield Dust|[of] p2a: Clodsire\n|cant|p2a: Clodsire|par\n|\n|-damage|p1a: Twink|63\/100 tox|[from] psn\n|upkeep\n|turn|23\n|\n|t:|1700642316\n|switch|p1a: Defender of Trans|Zamazenta, shiny|79\/100\n|-activate|p1a: Defender of Trans|move: Sticky Web\n|-unboost|p1a: Defender of Trans|spe|1\n|-damage|p1a: Defender of Trans|66\/100|[from] Spikes\n|move|p2a: Clodsire|Spikes|p1a: Defender of Trans\n|-sidestart|p1: Skaraptor2.1|Spikes\n|\n|-heal|p1a: Defender of Trans|73\/100|[from] item: Leftovers\n|upkeep\n|turn|24\n|\n|t:|1700642322\n|move|p1a: Defender of Trans|Iron Defense|p1a: Defender of Trans\n|-boost|p1a: Defender of Trans|def|2\n|move|p2a: Clodsire|Toxic|p1a: Defender of Trans\n|-status|p1a: Defender of Trans|tox\n|\n|-heal|p1a: Defender of Trans|79\/100 tox|[from] item: Leftovers\n|-damage|p1a: Defender of Trans|73\/100 tox|[from] psn\n|upkeep\n|turn|25\n|\n|t:|1700642326\n|move|p1a: Defender of Trans|Iron Defense|p1a: Defender of Trans\n|-boost|p1a: Defender of Trans|def|2\n|move|p2a: Clodsire|Spikes|p1a: Defender of Trans\n|-sidestart|p1: Skaraptor2.1|Spikes\n|\n|-heal|p1a: Defender of Trans|79\/100 tox|[from] item: Leftovers\n|-damage|p1a: Defender of Trans|66\/100 tox|[from] psn\n|upkeep\n|turn|26\n|\n|t:|1700642329\n|move|p1a: Defender of Trans|Body Press|p2a: Clodsire\n|-resisted|p2a: Clodsire\n|-damage|p2a: Clodsire|41\/100 par\n|move|p2a: Clodsire|Earthquake|p1a: Defender of Trans\n|-damage|p1a: Defender of Trans|60\/100 tox\n|\n|-heal|p1a: Defender of Trans|66\/100 tox|[from] item: Leftovers\n|-heal|p2a: Clodsire|47\/100 par|[from] item: Leftovers\n|-damage|p1a: Defender of Trans|48\/100 tox|[from] psn\n|upkeep\n|turn|27\n|\n|t:|1700642332\n|move|p1a: Defender of Trans|Body Press|p2a: Clodsire\n|-resisted|p2a: Clodsire\n|-damage|p2a: Clodsire|0 fnt\n|faint|p2a: Clodsire\n|\n|-heal|p1a: Defender of Trans|54\/100 tox|[from] item: Leftovers\n|-damage|p1a: Defender of Trans|29\/100 tox|[from] psn\n|upkeep\n|\n|t:|1700642335\n|switch|p2a: Great Tusk|Great Tusk|24\/100\n|turn|28\n|\n|t:|1700642337\n|move|p2a: Great Tusk|Headlong Rush|p1a: Defender of Trans\n|-damage|p1a: Defender of Trans|16\/100 tox\n|-unboost|p2a: Great Tusk|def|1\n|-unboost|p2a: Great Tusk|spd|1\n|move|p1a: Defender of Trans|Body Press|p2a: Great Tusk\n|-damage|p2a: Great Tusk|0 fnt\n|faint|p2a: Great Tusk\n|-end|p2a: Great Tusk|Protosynthesis|[silent]\n|\n|win|Skaraptor2.1\n|raw|Skaraptor2.1's rating: 1324 &rarr; <strong>1347<\/strong><br \/>(+23 for winning)\n|raw|dragon de hilos's rating: 1375 &rarr; <strong>1352<\/strong><br \/>(-23 for losing)\n|l|\u2606dragon de hilos\n","uploadtime":1700642343,"views":10,"p1id":"skaraptor21","p2id":"dragondehilos","formatid":"gen9ou","rating":1347,"private":0,"password":""}