{"id":"gen9ou-1990531437","p1":"uGjlktDYvEGItbPg","p2":"OnlyFlex","format":"[Gen 9] OU","log":"|j|\u2606uGjlktDYvEGItbPg\n|j|\u2606OnlyFlex\n|t:|1699979135\n|gametype|singles\n|player|p1|uGjlktDYvEGItbPg|101|1000\n|player|p2|OnlyFlex|169|1046\n|teamsize|p1|6\n|teamsize|p2|6\n|gen|9\n|tier|[Gen 9] OU\n|rated|\n|rule|Sleep Clause Mod: Limit one foe put to sleep\n|rule|Species Clause: Limit one of each Pok\u00e9mon\n|rule|OHKO Clause: OHKO moves are banned\n|rule|Evasion Items Clause: Evasion items are banned\n|rule|Evasion Moves Clause: Evasion moves are banned\n|rule|Endless Battle Clause: Forcing endless battles is banned\n|rule|HP Percentage Mod: HP is shown in percentages\n|clearpoke\n|poke|p1|Rillaboom, F|\n|poke|p1|Sneasler, F|\n|poke|p1|Zamazenta-*|\n|poke|p1|Heatran, M|\n|poke|p1|Hatterene, F|\n|poke|p1|Manaphy|\n|poke|p2|Infernape, F|\n|poke|p2|Ribombee, M|\n|poke|p2|Hatterene, F|\n|poke|p2|Maushold-Four|\n|poke|p2|Klefki, F|\n|poke|p2|Greninja-*, M|\n|teampreview\n|inactive|Battle timer is ON: inactive players will automatically lose when time's up. (requested by uGjlktDYvEGItbPg)\n|\n|t:|1699979145\n|start\n|switch|p1a: Rillaboom|Rillaboom, F|100\/100\n|switch|p2a: Ribombee|Ribombee, M|100\/100\n|-fieldstart|move: Grassy Terrain|[from] ability: Grassy Surge|[of] p1a: Rillaboom\n|turn|1\n|\n|t:|1699979150\n|switch|p1a: Hatterene|Hatterene, F|100\/100\n|-enditem|p1a: Hatterene|Grassy Seed\n|-boost|p1a: Hatterene|def|1|[from] item: Grassy Seed\n|move|p2a: Ribombee|Trick|p1a: Hatterene\n|-activate|p2a: Ribombee|move: Trick|[of] p1a: Hatterene\n|-item|p1a: Hatterene|Choice Specs|[from] move: Trick\n|-enditem|p2a: Ribombee|Choice Specs|[silent]|[from] move: Trick\n|\n|upkeep\n|turn|2\n|\n|t:|1699979163\n|switch|p2a: Hatterene|Hatterene, F|100\/100\n|move|p1a: Hatterene|Draining Kiss|p2a: Hatterene\n|-damage|p2a: Hatterene|67\/100\n|\n|-heal|p2a: Hatterene|73\/100|[from] Grassy Terrain\n|upkeep\n|turn|3\n|\n|t:|1699979170\n|switch|p2a: Klefki|Klefki, F|100\/100\n|move|p1a: Hatterene|Draining Kiss|p2a: Klefki\n|-resisted|p2a: Klefki\n|-damage|p2a: Klefki|79\/100\n|\n|-heal|p2a: Klefki|85\/100|[from] Grassy Terrain\n|upkeep\n|turn|4\n|\n|t:|1699979176\n|move|p2a: Klefki|Switcheroo|p1a: Hatterene\n|-activate|p2a: Klefki|move: Trick|[of] p1a: Hatterene\n|-item|p1a: Hatterene|Choice Band|[from] move: Switcheroo\n|-item|p2a: Klefki|Choice Specs|[from] move: Switcheroo\n|move|p1a: Hatterene|Draining Kiss|p2a: Klefki\n|-resisted|p2a: Klefki\n|-damage|p2a: Klefki|71\/100\n|\n|-heal|p2a: Klefki|77\/100|[from] Grassy Terrain\n|upkeep\n|turn|5\n|\n|t:|1699979193\n|switch|p2a: Hatterene|Hatterene, F|73\/100\n|move|p1a: Hatterene|Draining Kiss|p2a: Hatterene\n|-damage|p2a: Hatterene|51\/100\n|\n|-heal|p2a: Hatterene|57\/100|[from] Grassy Terrain\n|-fieldend|move: Grassy Terrain\n|upkeep\n|turn|6\n|\n|t:|1699979202\n|switch|p1a: Rillaboom|Rillaboom, F|100\/100\n|-fieldstart|move: Grassy Terrain|[from] ability: Grassy Surge|[of] p1a: Rillaboom\n|move|p2a: Hatterene|Nuzzle|p1a: Rillaboom\n|-resisted|p1a: Rillaboom\n|-damage|p1a: Rillaboom|98\/100\n|-status|p1a: Rillaboom|par\n|\n|-heal|p1a: Rillaboom|100\/100 par|[from] Grassy Terrain\n|-heal|p2a: Hatterene|63\/100|[from] Grassy Terrain\n|upkeep\n|turn|7\n|\n|t:|1699979216\n|switch|p2a: Klefki|Klefki, F|77\/100\n|cant|p1a: Rillaboom|par\n|\n|-heal|p2a: Klefki|83\/100|[from] Grassy Terrain\n|upkeep\n|turn|8\n|\n|t:|1699979227\n|switch|p2a: Hatterene|Hatterene, F|63\/100\n|switch|p1a: Hatterene|Hatterene, F|100\/100\n|\n|-heal|p2a: Hatterene|69\/100|[from] Grassy Terrain\n|upkeep\n|turn|9\n|\n|t:|1699979239\n|switch|p1a: Rillaboom|Rillaboom, F|100\/100 par\n|move|p2a: Hatterene|Nuzzle|p1a: Rillaboom\n|-resisted|p1a: Rillaboom\n|-damage|p1a: Rillaboom|98\/100 par\n|\n|-heal|p1a: Rillaboom|100\/100 par|[from] Grassy Terrain\n|-heal|p2a: Hatterene|75\/100|[from] Grassy Terrain\n|upkeep\n|turn|10\n|\n|t:|1699979245\n|switch|p2a: Klefki|Klefki, F|83\/100\n|move|p1a: Rillaboom|U-turn|p2a: Klefki\n|-resisted|p2a: Klefki\n|-damage|p2a: Klefki|75\/100\n|\n|t:|1699979250\n|switch|p1a: Heatran|Heatran, M|100\/100|[from] U-turn\n|-item|p1a: Heatran|Air Balloon\n|\n|-heal|p2a: Klefki|81\/100|[from] Grassy Terrain\n|-fieldend|move: Grassy Terrain\n|upkeep\n|turn|11\n|\n|t:|1699979261\n|-terastallize|p2a: Klefki|Water\n|move|p2a: Klefki|Switcheroo|p1a: Heatran\n|-activate|p2a: Klefki|move: Trick|[of] p1a: Heatran\n|-item|p1a: Heatran|Choice Specs|[from] move: Switcheroo\n|-item|p2a: Klefki|Air Balloon\n|-item|p2a: Klefki|Air Balloon|[from] move: Switcheroo\n|move|p1a: Heatran|Magma Storm|p2a: Klefki\n|-resisted|p2a: Klefki\n|-damage|p2a: Klefki|41\/100\n|-activate|p2a: Klefki|move: Magma Storm|[of] p1a: Heatran\n|-enditem|p2a: Klefki|Air Balloon\n|\n|-damage|p2a: Klefki|28\/100|[from] move: Magma Storm|[partiallytrapped]\n|upkeep\n|turn|12\n|\n|t:|1699979273\n|switch|p1a: Hatterene|Hatterene, F|100\/100\n|move|p2a: Klefki|Thunder Wave|p1a: Hatterene\n|move|p1a: Hatterene|Thunder Wave|p2a: Klefki|[from]ability: Magic Bounce\n|-status|p2a: Klefki|par\n|\n|-end|p2a: Klefki|Magma Storm|[partiallytrapped]|[silent]\n|upkeep\n|turn|13\n|\n|t:|1699979284\n|switch|p2a: Hatterene|Hatterene, F|75\/100\n|move|p1a: Hatterene|Psyshock|p2a: Hatterene\n|-resisted|p2a: Hatterene\n|-damage|p2a: Hatterene|61\/100\n|\n|upkeep\n|turn|14\n|\n|t:|1699979292\n|switch|p1a: Rillaboom|Rillaboom, F|100\/100 par\n|-fieldstart|move: Grassy Terrain|[from] ability: Grassy Surge|[of] p1a: Rillaboom\n|move|p2a: Hatterene|Trick|p1a: Rillaboom\n|-activate|p2a: Hatterene|move: Trick|[of] p1a: Rillaboom\n|-item|p1a: Rillaboom|Choice Specs|[from] move: Trick\n|-item|p2a: Hatterene|Choice Band|[from] move: Trick\n|\n|-heal|p2a: Hatterene|67\/100|[from] Grassy Terrain\n|upkeep\n|turn|15\n|\n|t:|1699979307\n|move|p1a: Rillaboom|Wood Hammer|p2a: Hatterene\n|-damage|p2a: Hatterene|0 fnt\n|faint|p2a: Hatterene\n|-damage|p1a: Rillaboom|82\/100 par|[from] Recoil\n|\n|-heal|p1a: Rillaboom|88\/100 par|[from] Grassy Terrain\n|upkeep\n|\n|t:|1699979321\n|switch|p2a: Ribombee|Ribombee, M|100\/100\n|turn|16\n|\n|t:|1699979329\n|switch|p1a: Hatterene|Hatterene, F|100\/100\n|move|p2a: Ribombee|Quiver Dance|p2a: Ribombee\n|-boost|p2a: Ribombee|spa|1\n|-boost|p2a: Ribombee|spd|1\n|-boost|p2a: Ribombee|spe|1\n|\n|upkeep\n|turn|17\n|\n|t:|1699979337\n|move|p2a: Ribombee|Quiver Dance|p2a: Ribombee\n|-boost|p2a: Ribombee|spa|1\n|-boost|p2a: Ribombee|spd|1\n|-boost|p2a: Ribombee|spe|1\n|move|p1a: Hatterene|Psyshock|p2a: Ribombee\n|-damage|p2a: Ribombee|29\/100\n|\n|-heal|p2a: Ribombee|35\/100|[from] Grassy Terrain\n|upkeep\n|turn|18\n|\n|t:|1699979347\n|move|p2a: Ribombee|Bug Buzz|p1a: Hatterene\n|-damage|p1a: Hatterene|11\/100\n|move|p1a: Hatterene|Psyshock|p2a: Ribombee\n|-damage|p2a: Ribombee|0 fnt\n|faint|p2a: Ribombee\n|\n|-heal|p1a: Hatterene|17\/100|[from] Grassy Terrain\n|-fieldend|move: Grassy Terrain\n|upkeep\n|\n|t:|1699979359\n|switch|p2a: Greninja|Greninja, M|100\/100\n|turn|19\n|\n|t:|1699979365\n|move|p2a: Greninja|Toxic Spikes|p1a: Hatterene\n|-start|p2a: Greninja|typechange|Poison|[from] ability: Protean\n|move|p1a: Hatterene|Toxic Spikes|p2a: Greninja|[from]ability: Magic Bounce\n|-sidestart|p2: OnlyFlex|move: Toxic Spikes\n|move|p1a: Hatterene|Psyshock|p2a: Greninja\n|-supereffective|p2a: Greninja\n|-damage|p2a: Greninja|0 fnt\n|faint|p2a: Greninja\n|\n|upkeep\n|-message|OnlyFlex forfeited.\n|\n|win|uGjlktDYvEGItbPg\n|raw|uGjlktDYvEGItbPg's rating: 1000 &rarr; <strong>1045<\/strong><br \/>(+45 for winning)\n|raw|OnlyFlex's rating: 1046 &rarr; <strong>1027<\/strong><br \/>(-19 for losing)\n|l|\u2606OnlyFlex\n","uploadtime":1699979376,"views":7,"p1id":"ugjlktdyvegitbpg","p2id":"onlyflex","formatid":"gen9ou","rating":1027,"private":0,"password":""}