{"id":"gen9ou-1994939096","p1":"Daisyghoul","p2":"fropop","format":"[Gen 9] OU","log":"|j|\u2606Daisyghoul\n|j|\u2606fropop\n|t:|1700506422\n|gametype|singles\n|player|p1|Daisyghoul|169|1523\n|player|p2|fropop|n|1492\n|teamsize|p1|6\n|teamsize|p2|6\n|gen|9\n|tier|[Gen 9] OU\n|rated|\n|rule|Sleep Clause Mod: Limit one foe put to sleep\n|rule|Species Clause: Limit one of each Pok\u00e9mon\n|rule|OHKO Clause: OHKO moves are banned\n|rule|Evasion Items Clause: Evasion items are banned\n|rule|Evasion Moves Clause: Evasion moves are banned\n|rule|Endless Battle Clause: Forcing endless battles is banned\n|rule|HP Percentage Mod: HP is shown in percentages\n|clearpoke\n|poke|p1|Ogerpon-Wellspring, F|\n|poke|p1|Kingambit, M|\n|poke|p1|Great Tusk|\n|poke|p1|Gholdengo|\n|poke|p1|Iron Valiant|\n|poke|p1|Cinderace, F|\n|poke|p2|Goodra-Hisui, M|\n|poke|p2|Alomomola, F|\n|poke|p2|Rillaboom, F|\n|poke|p2|Zapdos|\n|poke|p2|Cinderace, F|\n|poke|p2|Volcanion|\n|teampreview\n|\n|t:|1700506458\n|start\n|switch|p1a: Cinderace|Cinderace, F|100\/100\n|switch|p2a: Goodra|Goodra-Hisui, M|100\/100\n|turn|1\n|\n|t:|1700506467\n|switch|p2a: Volcanion|Volcanion|100\/100\n|move|p1a: Cinderace|High Jump Kick|p2a: Volcanion\n|-start|p1a: Cinderace|typechange|Fighting|[from] ability: Libero\n|-damage|p2a: Volcanion|54\/100\n|\n|upkeep\n|turn|2\n|\n|t:|1700506483\n|move|p1a: Cinderace|High Jump Kick|p2a: Volcanion\n|-damage|p2a: Volcanion|6\/100\n|move|p2a: Volcanion|Flamethrower|p1a: Cinderace\n|-damage|p1a: Cinderace|36\/100\n|\n|upkeep\n|turn|3\n|\n|t:|1700506495\n|switch|p2a: Zapdos|Zapdos|100\/100\n|move|p1a: Cinderace|U-turn|p2a: Zapdos\n|-resisted|p2a: Zapdos\n|-damage|p2a: Zapdos|93\/100\n|\n|t:|1700506502\n|switch|p1a: Ogerpon|Ogerpon-Wellspring, F|100\/100|[from] U-turn\n|\n|upkeep\n|turn|4\n|\n|t:|1700506511\n|-terastallize|p1a: Ogerpon|Water\n|detailschange|p1a: Ogerpon|Ogerpon-Wellspring-Tera, F, tera:Water\n|-ability|p1a: Ogerpon|Embody Aspect (Wellspring)|boost\n|-boost|p1a: Ogerpon|spd|1\n|move|p1a: Ogerpon|Ivy Cudgel|p2a: Zapdos|[anim] Ivy Cudgel Water\n|-damage|p2a: Zapdos|37\/100\n|move|p2a: Zapdos|Hurricane|p1a: Ogerpon\n|-damage|p1a: Ogerpon|66\/100\n|\n|upkeep\n|turn|5\n|\n|t:|1700506525\n|switch|p2a: Rillaboom|Rillaboom, F|100\/100\n|-fieldstart|move: Grassy Terrain|[from] ability: Grassy Surge|[of] p2a: Rillaboom\n|move|p1a: Ogerpon|Ivy Cudgel|p2a: Rillaboom|[anim] Ivy Cudgel Water\n|-resisted|p2a: Rillaboom\n|-damage|p2a: Rillaboom|55\/100\n|\n|-heal|p1a: Ogerpon|72\/100|[from] Grassy Terrain\n|-heal|p2a: Rillaboom|61\/100|[from] Grassy Terrain\n|upkeep\n|turn|6\n|\n|t:|1700506546\n|switch|p1a: Gholdengo|Gholdengo|100\/100\n|-item|p1a: Gholdengo|Air Balloon\n|move|p2a: Rillaboom|Knock Off|p1a: Gholdengo\n|-supereffective|p1a: Gholdengo\n|-damage|p1a: Gholdengo|34\/100\n|-enditem|p1a: Gholdengo|Air Balloon\n|\n|-heal|p2a: Rillaboom|67\/100|[from] Grassy Terrain\n|-heal|p1a: Gholdengo|40\/100|[from] Grassy Terrain\n|upkeep\n|turn|7\n|\n|t:|1700506575\n|switch|p1a: Kingambit|Kingambit, M|100\/100\n|move|p2a: Rillaboom|Knock Off|p1a: Kingambit\n|-resisted|p1a: Kingambit\n|-damage|p1a: Kingambit|83\/100\n|-enditem|p1a: Kingambit|Life Orb|[from] move: Knock Off|[of] p2a: Rillaboom\n|\n|-heal|p2a: Rillaboom|74\/100|[from] Grassy Terrain\n|-heal|p1a: Kingambit|90\/100|[from] Grassy Terrain\n|upkeep\n|turn|8\n|\n|t:|1700506588\n|switch|p2a: Cinderace|Cinderace, F|100\/100\n|move|p1a: Kingambit|Kowtow Cleave|p2a: Cinderace\n|-damage|p2a: Cinderace|35\/100\n|\n|-heal|p2a: Cinderace|41\/100|[from] Grassy Terrain\n|-heal|p1a: Kingambit|96\/100|[from] Grassy Terrain\n|upkeep\n|turn|9\n|\n|t:|1700506598\n|move|p1a: Kingambit|Sucker Punch||[still]\n|-fail|p1a: Kingambit\n|move|p2a: Cinderace|Will-O-Wisp|p1a: Kingambit|[miss]\n|-miss|p2a: Cinderace|p1a: Kingambit\n|\n|-heal|p2a: Cinderace|47\/100|[from] Grassy Terrain\n|-heal|p1a: Kingambit|100\/100|[from] Grassy Terrain\n|-fieldend|move: Grassy Terrain\n|upkeep\n|turn|10\n|\n|t:|1700506616\n|-end|p1a: Kingambit|fallenundefined|[silent]\n|switch|p1a: Cinderace|Cinderace, F|36\/100\n|move|p2a: Cinderace|Pyro Ball|p1a: Cinderace\n|-resisted|p1a: Cinderace\n|-damage|p1a: Cinderace|0 fnt\n|faint|p1a: Cinderace\n|\n|upkeep\n|\n|t:|1700506625\n|switch|p1a: Iron Valiant|Iron Valiant|100\/100\n|-enditem|p1a: Iron Valiant|Booster Energy\n|-activate|p1a: Iron Valiant|ability: Quark Drive|[fromitem]\n|-start|p1a: Iron Valiant|quarkdrivespe\n|turn|11\n|\n|t:|1700506662\n|switch|p2a: Alomomola|Alomomola, F|100\/100\n|move|p1a: Iron Valiant|Close Combat|p2a: Alomomola\n|-damage|p2a: Alomomola|72\/100\n|-unboost|p1a: Iron Valiant|def|1\n|-unboost|p1a: Iron Valiant|spd|1\n|\n|upkeep\n|turn|12\n|\n|t:|1700506680\n|move|p1a: Iron Valiant|Moonblast|p2a: Alomomola\n|-damage|p2a: Alomomola|19\/100\n|-unboost|p2a: Alomomola|spa|1\n|move|p2a: Alomomola|Mirror Coat|p1a: Iron Valiant\n|-damage|p1a: Iron Valiant|0 fnt\n|faint|p1a: Iron Valiant\n|-end|p1a: Iron Valiant|Quark Drive|[silent]\n|\n|upkeep\n|\n|t:|1700506695\n|switch|p1a: Ogerpon|Ogerpon-Wellspring-Tera, F, tera:Water|72\/100\n|-ability|p1a: Ogerpon|Embody Aspect (Wellspring)|boost\n|-boost|p1a: Ogerpon|spd|1\n|turn|13\n|\n|t:|1700506704\n|switch|p2a: Volcanion|Volcanion|6\/100\n|move|p1a: Ogerpon|Ivy Cudgel|p2a: Volcanion|[anim] Ivy Cudgel Water\n|-heal|p2a: Volcanion|31\/100|[from] ability: Water Absorb|[of] p1a: Ogerpon\n|\n|upkeep\n|turn|14\n|\n|t:|1700506716\n|switch|p2a: Goodra|Goodra-Hisui, M|100\/100\n|move|p1a: Ogerpon|Power Whip|p2a: Goodra\n|-ability|p2a: Goodra|Sap Sipper|boost\n|-boost|p2a: Goodra|atk|1\n|\n|upkeep\n|turn|15\n|\n|t:|1700506735\n|move|p1a: Ogerpon|Play Rough|p2a: Goodra\n|-damage|p2a: Goodra|69\/100\n|move|p2a: Goodra|Earthquake|p1a: Ogerpon\n|-damage|p1a: Ogerpon|23\/100\n|\n|upkeep\n|turn|16\n|\n|t:|1700506755\n|switch|p1a: Great Tusk|Great Tusk|100\/100\n|move|p2a: Goodra|Draco Meteor|p1a: Great Tusk\n|-damage|p1a: Great Tusk|7\/100\n|-unboost|p2a: Goodra|spa|2\n|\n|upkeep\n|turn|17\n|\n|t:|1700506776\n|switch|p2a: Zapdos|Zapdos|37\/100\n|move|p1a: Great Tusk|Headlong Rush|p2a: Zapdos\n|-immune|p2a: Zapdos\n|\n|upkeep\n|turn|18\n|\n|t:|1700506784\n|-end|p1a: Great Tusk|Protosynthesis|[silent]\n|switch|p1a: Kingambit|Kingambit, M|100\/100\n|-activate|p1a: Kingambit|ability: Supreme Overlord\n|-start|p1a: Kingambit|fallen2|[silent]\n|move|p2a: Zapdos|Heat Wave|p1a: Kingambit\n|-supereffective|p1a: Kingambit\n|-damage|p1a: Kingambit|50\/100\n|\n|upkeep\n|turn|19\n|\n|t:|1700506799\n|move|p2a: Zapdos|Heat Wave|p1a: Kingambit\n|-supereffective|p1a: Kingambit\n|-damage|p1a: Kingambit|0 fnt\n|faint|p1a: Kingambit\n|-end|p1a: Kingambit|fallen2|[silent]\n|\n|upkeep\n|\n|t:|1700506803\n|switch|p1a: Ogerpon|Ogerpon-Wellspring-Tera, F, tera:Water|23\/100\n|-ability|p1a: Ogerpon|Embody Aspect (Wellspring)|boost\n|-boost|p1a: Ogerpon|spd|1\n|turn|20\n|\n|t:|1700506815\n|switch|p2a: Volcanion|Volcanion|31\/100\n|move|p1a: Ogerpon|Play Rough|p2a: Volcanion\n|-resisted|p2a: Volcanion\n|-damage|p2a: Volcanion|16\/100\n|\n|upkeep\n|turn|21\n|\n|t:|1700506825\n|move|p1a: Ogerpon|Power Whip|p2a: Volcanion\n|-damage|p2a: Volcanion|0 fnt\n|faint|p2a: Volcanion\n|\n|upkeep\n|\n|t:|1700506834\n|switch|p2a: Rillaboom|Rillaboom, F|74\/100\n|-fieldstart|move: Grassy Terrain|[from] ability: Grassy Surge|[of] p2a: Rillaboom\n|turn|22\n|\n|t:|1700506839\n|switch|p1a: Great Tusk|Great Tusk|7\/100\n|move|p2a: Rillaboom|Grassy Glide|p1a: Great Tusk\n|-supereffective|p1a: Great Tusk\n|-damage|p1a: Great Tusk|0 fnt\n|faint|p1a: Great Tusk\n|-end|p1a: Great Tusk|Protosynthesis|[silent]\n|\n|-heal|p2a: Rillaboom|80\/100|[from] Grassy Terrain\n|upkeep\n|\n|t:|1700506841\n|switch|p1a: Ogerpon|Ogerpon-Wellspring-Tera, F, tera:Water|23\/100\n|-ability|p1a: Ogerpon|Embody Aspect (Wellspring)|boost\n|-boost|p1a: Ogerpon|spd|1\n|turn|23\n|\n|t:|1700506853\n|switch|p1a: Gholdengo|Gholdengo|40\/100\n|move|p2a: Rillaboom|Grassy Glide|p1a: Gholdengo\n|-resisted|p1a: Gholdengo\n|-crit|p1a: Gholdengo\n|-damage|p1a: Gholdengo|11\/100\n|\n|-heal|p2a: Rillaboom|86\/100|[from] Grassy Terrain\n|-heal|p1a: Gholdengo|17\/100|[from] Grassy Terrain\n|upkeep\n|turn|24\n|\n|t:|1700506864\n|move|p2a: Rillaboom|Grassy Glide|p1a: Gholdengo\n|-resisted|p1a: Gholdengo\n|-damage|p1a: Gholdengo|0 fnt\n|faint|p1a: Gholdengo\n|\n|-heal|p2a: Rillaboom|92\/100|[from] Grassy Terrain\n|upkeep\n|-message|Daisyghoul forfeited.\n|\n|win|fropop\n|raw|Daisyghoul's rating: 1523 &rarr; <strong>1501<\/strong><br \/>(-22 for losing)\n|raw|fropop's rating: 1492 &rarr; <strong>1514<\/strong><br \/>(+22 for winning)\n|l|\u2606Daisyghoul\n","uploadtime":1700506875,"views":48,"p1id":"daisyghoul","p2id":"fropop","formatid":"gen9ou","rating":1501,"private":0,"password":""}