{"id":"gen9ou-1995258454","p1":"bigbraingamer27","p2":"Judgie","format":"[Gen 9] OU","log":"|j|\u2606bigbraingamer27\n|j|\u2606Judgie\n|t:|1700542454\n|gametype|singles\n|player|p1|bigbraingamer27|marnie-masters|1094\n|player|p2|Judgie|policeman-gen4|1122\n|teamsize|p1|6\n|teamsize|p2|6\n|gen|9\n|tier|[Gen 9] OU\n|rated|\n|rule|Sleep Clause Mod: Limit one foe put to sleep\n|rule|Species Clause: Limit one of each Pok\u00e9mon\n|rule|OHKO Clause: OHKO moves are banned\n|rule|Evasion Items Clause: Evasion items are banned\n|rule|Evasion Moves Clause: Evasion moves are banned\n|rule|Endless Battle Clause: Forcing endless battles is banned\n|rule|HP Percentage Mod: HP is shown in percentages\n|clearpoke\n|poke|p1|Dugtrio, F|\n|poke|p1|Wugtrio, M|\n|poke|p1|Zoroark-Hisui, F|\n|poke|p1|Jumpluff, F|\n|poke|p1|Mismagius, M|\n|poke|p1|Kingambit, F|\n|poke|p2|Alomomola, M|\n|poke|p2|Typhlosion-Hisui, F|\n|poke|p2|Iron Valiant|\n|poke|p2|Ribombee, F|\n|poke|p2|Great Tusk|\n|poke|p2|Ogerpon-Cornerstone, F|\n|teampreview\n|inactive|Battle timer is ON: inactive players will automatically lose when time's up. (requested by bigbraingamer27)\n|inactive|Judgie has 120 seconds left.\n|\n|t:|1700542489\n|start\n|switch|p1a: Dugtrio|Dugtrio, F|100\/100\n|switch|p2a: Ribombee|Ribombee, F|100\/100\n|turn|1\n|\n|t:|1700542494\n|move|p1a: Dugtrio|Memento|p2a: Ribombee\n|-unboost|p2a: Ribombee|atk|2\n|-unboost|p2a: Ribombee|spa|2\n|faint|p1a: Dugtrio\n|move|p2a: Ribombee|Sticky Web|p1: Dugtrio\n|-sidestart|p1: bigbraingamer27|move: Sticky Web\n|\n|upkeep\n|\n|t:|1700542496\n|switch|p1a: Wugtrio|Wugtrio, M|100\/100\n|-activate|p1a: Wugtrio|move: Sticky Web\n|-unboost|p1a: Wugtrio|spe|1\n|turn|2\n|\n|t:|1700542505\n|move|p2a: Ribombee|Stun Spore|p1a: Wugtrio\n|-status|p1a: Wugtrio|par\n|move|p1a: Wugtrio|Memento|p2a: Ribombee\n|-unboost|p2a: Ribombee|atk|2\n|-unboost|p2a: Ribombee|spa|2\n|faint|p1a: Wugtrio\n|\n|upkeep\n|\n|t:|1700542508\n|switch|p1a: Kingambit|Kingambit, F|100\/100\n|-activate|p1a: Kingambit|move: Sticky Web\n|-unboost|p1a: Kingambit|spe|1\n|turn|3\n|\n|t:|1700542515\n|move|p2a: Ribombee|Stun Spore|p1a: Kingambit\n|-status|p1a: Kingambit|par\n|move|p1a: Kingambit|Memento|p2a: Ribombee\n|-unboost|p2a: Ribombee|atk|2\n|-unboost|p2a: Ribombee|spa|2\n|faint|p1a: Kingambit\n|\n|upkeep\n|\n|t:|1700542518\n|switch|p1a: Jumpluff|Jumpluff, F|100\/100\n|turn|4\n|\n|t:|1700542526\n|move|p1a: Jumpluff|Memento|p2a: Ribombee\n|-unboost|p2a: Ribombee|atk|0\n|-unboost|p2a: Ribombee|spa|0\n|faint|p1a: Jumpluff\n|move|p2a: Ribombee|Quiver Dance|p2a: Ribombee\n|-boost|p2a: Ribombee|spa|1\n|-boost|p2a: Ribombee|spd|1\n|-boost|p2a: Ribombee|spe|1\n|\n|upkeep\n|\n|t:|1700542528\n|switch|p1a: Mismagius|Mismagius, M|100\/100\n|turn|5\n|\n|t:|1700542535\n|move|p2a: Ribombee|Stun Spore|p1a: Mismagius\n|-status|p1a: Mismagius|par\n|move|p1a: Mismagius|Memento|p2a: Ribombee\n|-unboost|p2a: Ribombee|atk|0\n|-unboost|p2a: Ribombee|spa|1\n|faint|p1a: Mismagius\n|\n|upkeep\n|\n|t:|1700542538\n|switch|p1a: Kingambit|Kingambit, F|100\/100\n|-activate|p1a: Kingambit|move: Sticky Web\n|-unboost|p1a: Kingambit|spe|1\n|-activate|p1a: Kingambit|ability: Supreme Overlord\n|-start|p1a: Kingambit|fallen5|[silent]\n|turn|6\n|\n|t:|1700542547\n|-terastallize|p1a: Kingambit|Fire\n|move|p2a: Ribombee|Stun Spore|p1a: Kingambit\n|-status|p1a: Kingambit|par\n|move|p1a: Kingambit|Tera Blast|p2a: Ribombee|[anim] Tera Blast Fire\n|-supereffective|p2a: Ribombee\n|-enditem|p2a: Ribombee|Focus Sash\n|-damage|p2a: Ribombee|1\/100\n|\n|upkeep\n|turn|7\n|\n|t:|1700542561\n|move|p1a: Kingambit|Sucker Punch|p2a: Ribombee\n|-resisted|p2a: Ribombee\n|-damage|p2a: Ribombee|0 fnt\n|faint|p2a: Ribombee\n|\n|upkeep\n|\n|t:|1700542565\n|switch|p2a: Ogerpon|Ogerpon-Cornerstone, F|100\/100\n|turn|8\n|\n|t:|1700542569\n|-terastallize|p2a: Ogerpon|Rock\n|detailschange|p2a: Ogerpon|Ogerpon-Cornerstone-Tera, F, tera:Rock\n|-ability|p2a: Ogerpon|Embody Aspect (Cornerstone)|boost\n|-boost|p2a: Ogerpon|def|1\n|move|p2a: Ogerpon|Ivy Cudgel|p1a: Kingambit|[anim] Ivy Cudgel Rock\n|-supereffective|p1a: Kingambit\n|-damage|p1a: Kingambit|0 fnt\n|faint|p1a: Kingambit\n|-end|p1a: Kingambit|fallen5|[silent]\n|\n|win|Judgie\n|raw|bigbraingamer27's rating: 1094 &rarr; <strong>1072<\/strong><br \/>(-22 for losing)\n|raw|Judgie's rating: 1122 &rarr; <strong>1145<\/strong><br \/>(+23 for winning)\n|l|\u2606bigbraingamer27\n","uploadtime":1700542579,"views":12,"p1id":"bigbraingamer27","p2id":"judgie","formatid":"gen9ou","rating":1072,"private":0,"password":""}