{"id":"gen9ou-1996384344","p1":"Coleca","p2":"lucascarneiro","format":"[Gen 9] OU","log":"|j|\u2606Coleca\n|j|\u2606lucascarneiro\n|t:|1700676915\n|gametype|singles\n|player|p1|Coleca|hilbert-masters2|1365\n|player|p2|lucascarneiro|266|1422\n|teamsize|p1|6\n|teamsize|p2|6\n|gen|9\n|tier|[Gen 9] OU\n|rated|\n|rule|Sleep Clause Mod: Limit one foe put to sleep\n|rule|Species Clause: Limit one of each Pok\u00e9mon\n|rule|OHKO Clause: OHKO moves are banned\n|rule|Evasion Items Clause: Evasion items are banned\n|rule|Evasion Moves Clause: Evasion moves are banned\n|rule|Endless Battle Clause: Forcing endless battles is banned\n|rule|HP Percentage Mod: HP is shown in percentages\n|clearpoke\n|poke|p1|Sandy Shocks|\n|poke|p1|Heatran, F|\n|poke|p1|Great Tusk|\n|poke|p1|Kingambit, M|\n|poke|p1|Toxapex, F|\n|poke|p1|Iron Valiant|\n|poke|p2|Zarude|\n|poke|p2|Ribombee, F|\n|poke|p2|Gholdengo|\n|poke|p2|Great Tusk|\n|poke|p2|Indeedee, M|\n|poke|p2|Glimmora, M|\n|teampreview\n|inactive|Battle timer is ON: inactive players will automatically lose when time's up. (requested by Coleca)\n|\n|t:|1700676924\n|start\n|switch|p1a: Heatran|Heatran, F|100\/100\n|switch|p2a: Ribombee|Ribombee, F|100\/100\n|turn|1\n|\n|t:|1700676930\n|move|p2a: Ribombee|Sticky Web|p1a: Heatran\n|-sidestart|p1: Coleca|move: Sticky Web\n|move|p1a: Heatran|Stealth Rock|p2a: Ribombee\n|-sidestart|p2: lucascarneiro|move: Stealth Rock\n|\n|upkeep\n|turn|2\n|\n|t:|1700676938\n|move|p2a: Ribombee|Stun Spore|p1a: Heatran\n|-status|p1a: Heatran|par\n|move|p1a: Heatran|Earth Power|p2a: Ribombee\n|-resisted|p2a: Ribombee\n|-damage|p2a: Ribombee|83\/100\n|\n|upkeep\n|turn|3\n|\n|t:|1700676953\n|move|p2a: Ribombee|U-turn|p1a: Heatran\n|-resisted|p1a: Heatran\n|-damage|p1a: Heatran|98\/100 par\n|\n|t:|1700676956\n|switch|p2a: Glimmora|Glimmora, M|100\/100|[from] U-turn\n|-damage|p2a: Glimmora|88\/100|[from] Stealth Rock\n|move|p1a: Heatran|Magma Storm|p2a: Glimmora\n|-resisted|p2a: Glimmora\n|-damage|p2a: Glimmora|59\/100\n|-activate|p2a: Glimmora|move: Magma Storm|[of] p1a: Heatran\n|\n|-heal|p1a: Heatran|100\/100 par|[from] item: Leftovers\n|-damage|p2a: Glimmora|47\/100|[from] move: Magma Storm|[partiallytrapped]\n|upkeep\n|turn|4\n|\n|t:|1700676966\n|move|p2a: Glimmora|Earth Power|p1a: Heatran\n|-supereffective|p1a: Heatran\n|-damage|p1a: Heatran|0 fnt\n|faint|p1a: Heatran\n|\n|-end|p2a: Glimmora|Magma Storm|[partiallytrapped]|[silent]\n|upkeep\n|\n|t:|1700676988\n|switch|p1a: Great Tusk|Great Tusk|100\/100\n|turn|5\n|\n|t:|1700676995\n|switch|p2a: Gholdengo|Gholdengo|100\/100\n|-damage|p2a: Gholdengo|94\/100|[from] Stealth Rock\n|-item|p2a: Gholdengo|Air Balloon\n|move|p1a: Great Tusk|Rapid Spin|p2a: Gholdengo\n|-immune|p2a: Gholdengo\n|\n|upkeep\n|turn|6\n|\n|t:|1700677010\n|-terastallize|p1a: Great Tusk|Dark\n|move|p1a: Great Tusk|Knock Off|p2a: Gholdengo\n|-supereffective|p2a: Gholdengo\n|-damage|p2a: Gholdengo|0 fnt\n|-enditem|p2a: Gholdengo|Air Balloon\n|faint|p2a: Gholdengo\n|\n|upkeep\n|\n|t:|1700677029\n|switch|p2a: Great Tusk|Great Tusk|100\/100\n|-damage|p2a: Great Tusk|98\/100|[from] Stealth Rock\n|-enditem|p2a: Great Tusk|Booster Energy\n|-activate|p2a: Great Tusk|ability: Protosynthesis|[fromitem]\n|-start|p2a: Great Tusk|protosynthesisatk\n|turn|7\n|\n|t:|1700677036\n|move|p1a: Great Tusk|Rapid Spin|p2a: Great Tusk\n|-damage|p2a: Great Tusk|85\/100\n|-boost|p1a: Great Tusk|spe|1\n|-sideend|p1: Coleca|Sticky Web|[from] move: Rapid Spin|[of] p1a: Great Tusk\n|move|p2a: Great Tusk|Close Combat|p1a: Great Tusk\n|-supereffective|p1a: Great Tusk\n|-damage|p1a: Great Tusk|0 fnt\n|-unboost|p2a: Great Tusk|def|1\n|-unboost|p2a: Great Tusk|spd|1\n|faint|p1a: Great Tusk\n|-end|p1a: Great Tusk|Protosynthesis|[silent]\n|\n|upkeep\n|\n|t:|1700677048\n|switch|p1a: Iron Valiant|Iron Valiant|100\/100\n|-enditem|p1a: Iron Valiant|Booster Energy\n|-activate|p1a: Iron Valiant|ability: Quark Drive|[fromitem]\n|-start|p1a: Iron Valiant|quarkdrivespe\n|turn|8\n|\n|t:|1700677065\n|-end|p2a: Great Tusk|Protosynthesis|[silent]\n|switch|p2a: Indeedee|Indeedee, M|100\/100\n|-damage|p2a: Indeedee|88\/100|[from] Stealth Rock\n|-fieldstart|move: Psychic Terrain|[from] ability: Psychic Surge|[of] p2a: Indeedee\n|move|p1a: Iron Valiant|Moonblast|p2a: Indeedee\n|-damage|p2a: Indeedee|27\/100\n|-unboost|p2a: Indeedee|spa|1\n|\n|upkeep\n|turn|9\n|\n|t:|1700677078\n|move|p1a: Iron Valiant|Moonblast|p2a: Indeedee\n|-damage|p2a: Indeedee|0 fnt\n|faint|p2a: Indeedee\n|\n|upkeep\n|\n|t:|1700677082\n|switch|p2a: Zarude|Zarude|100\/100\n|-damage|p2a: Zarude|88\/100|[from] Stealth Rock\n|-enditem|p2a: Zarude|Psychic Seed\n|-boost|p2a: Zarude|spd|1|[from] item: Psychic Seed\n|turn|10\n|inactive|Coleca has 120 seconds left.\n|l|\u2606Coleca\n|inactive|Coleca disconnected and has a minute to reconnect!\n|player|p1|\n|j|\u2606Coleca\n|inactive|Coleca reconnected and has 105 seconds left.\n|player|p1|Coleca|hilbert-masters2\n|\n|t:|1700677134\n|-terastallize|p2a: Zarude|Flying\n|move|p1a: Iron Valiant|Moonblast|p2a: Zarude\n|-damage|p2a: Zarude|56\/100\n|-unboost|p2a: Zarude|spa|1\n|move|p2a: Zarude|Acrobatics|p1a: Iron Valiant\n|-supereffective|p1a: Iron Valiant\n|-damage|p1a: Iron Valiant|0 fnt\n|faint|p1a: Iron Valiant\n|-end|p1a: Iron Valiant|Quark Drive|[silent]\n|\n|upkeep\n|inactive|Coleca has 90 seconds left.\n|\n|t:|1700677151\n|switch|p1a: Sandy Shocks|Sandy Shocks|100\/100\n|turn|11\n|\n|t:|1700677156\n|switch|p2a: Great Tusk|Great Tusk|85\/100\n|-damage|p2a: Great Tusk|82\/100|[from] Stealth Rock\n|move|p1a: Sandy Shocks|Thunderbolt|p2a: Great Tusk\n|-immune|p2a: Great Tusk\n|\n|upkeep\n|turn|12\n|\n|t:|1700677163\n|-end|p1a: Sandy Shocks|Protosynthesis|[silent]\n|switch|p1a: Toxapex|Toxapex, F, shiny|100\/100\n|move|p2a: Great Tusk|Rapid Spin|p1a: Toxapex\n|-damage|p1a: Toxapex|89\/100\n|-boost|p2a: Great Tusk|spe|1\n|-sideend|p2: lucascarneiro|Stealth Rock|[from] move: Rapid Spin|[of] p2a: Great Tusk\n|\n|-heal|p1a: Toxapex|96\/100|[from] item: Leftovers\n|-fieldend|move: Psychic Terrain\n|upkeep\n|turn|13\n|\n|t:|1700677175\n|move|p2a: Great Tusk|Headlong Rush|p1a: Toxapex\n|-supereffective|p1a: Toxapex\n|-damage|p1a: Toxapex|11\/100\n|-unboost|p2a: Great Tusk|def|1\n|-unboost|p2a: Great Tusk|spd|1\n|move|p1a: Toxapex|Surf|p2a: Great Tusk\n|-supereffective|p2a: Great Tusk\n|-damage|p2a: Great Tusk|3\/100\n|\n|-heal|p1a: Toxapex|17\/100|[from] item: Leftovers\n|upkeep\n|turn|14\n|\n|t:|1700677186\n|move|p2a: Great Tusk|Headlong Rush|p1a: Toxapex\n|-supereffective|p1a: Toxapex\n|-damage|p1a: Toxapex|0 fnt\n|-unboost|p2a: Great Tusk|def|1\n|-unboost|p2a: Great Tusk|spd|1\n|faint|p1a: Toxapex\n|\n|upkeep\n|\n|t:|1700677189\n|switch|p1a: Sandy Shocks|Sandy Shocks|100\/100\n|turn|15\n|inactive|Coleca has 120 seconds left.\n|\n|t:|1700677209\n|move|p2a: Great Tusk|Headlong Rush|p1a: Sandy Shocks\n|-supereffective|p1a: Sandy Shocks\n|-damage|p1a: Sandy Shocks|0 fnt\n|-unboost|p2a: Great Tusk|def|1\n|-unboost|p2a: Great Tusk|spd|1\n|faint|p1a: Sandy Shocks\n|-end|p1a: Sandy Shocks|Protosynthesis|[silent]\n|\n|upkeep\n|\n|t:|1700677211\n|switch|p1a: Kingambit|Kingambit, M|100\/100\n|-activate|p1a: Kingambit|ability: Supreme Overlord\n|-start|p1a: Kingambit|fallen5|[silent]\n|turn|16\n|\n|t:|1700677220\n|-end|p2a: Great Tusk|Protosynthesis|[silent]\n|switch|p2a: Glimmora|Glimmora, M|47\/100\n|move|p1a: Kingambit|Sucker Punch||[still]\n|-fail|p1a: Kingambit\n|\n|upkeep\n|turn|17\n|\n|t:|1700677226\n|move|p2a: Glimmora|Earth Power|p1a: Kingambit\n|-supereffective|p1a: Kingambit\n|-damage|p1a: Kingambit|14\/100\n|move|p1a: Kingambit|Swords Dance|p1a: Kingambit\n|-boost|p1a: Kingambit|atk|2\n|\n|-heal|p1a: Kingambit|20\/100|[from] item: Leftovers\n|upkeep\n|turn|18\n|\n|t:|1700677234\n|move|p1a: Kingambit|Sucker Punch|p2a: Glimmora\n|-damage|p2a: Glimmora|0 fnt\n|-activate|p2a: Glimmora|ability: Toxic Debris\n|-sidestart|p1: Coleca|move: Toxic Spikes\n|faint|p2a: Glimmora\n|\n|-heal|p1a: Kingambit|26\/100|[from] item: Leftovers\n|upkeep\n|\n|t:|1700677241\n|switch|p2a: Ribombee|Ribombee, F|83\/100\n|turn|19\n|\n|t:|1700677245\n|move|p1a: Kingambit|Sucker Punch||[still]\n|-fail|p1a: Kingambit\n|move|p2a: Ribombee|Stun Spore|p1a: Kingambit\n|-status|p1a: Kingambit|par\n|\n|-heal|p1a: Kingambit|33\/100 par|[from] item: Leftovers\n|upkeep\n|turn|20\n|\n|t:|1700677251\n|move|p2a: Ribombee|Moonblast|p1a: Kingambit\n|-damage|p1a: Kingambit|0 fnt\n|faint|p1a: Kingambit\n|-end|p1a: Kingambit|fallen5|[silent]\n|\n|win|lucascarneiro\n|raw|Coleca's rating: 1365 &rarr; <strong>1348<\/strong><br \/>(-17 for losing)\n|raw|lucascarneiro's rating: 1422 &rarr; <strong>1439<\/strong><br \/>(+17 for winning)\n|l|\u2606Coleca\n","uploadtime":1700677259,"views":1,"p1id":"coleca","p2id":"lucascarneiro","formatid":"gen9ou","rating":1348,"private":0,"password":""}