{"id":"gen9ou-1991489377","p1":"dusteet","p2":"Jocheeee","format":"[Gen 9] OU","log":"|j|\u2606dusteet\n|j|\u2606Jocheeee\n|t:|1700081623\n|gametype|singles\n|player|p1|dusteet|karen|1232\n|player|p2|Jocheeee|169|1201\n|teamsize|p1|6\n|teamsize|p2|6\n|gen|9\n|tier|[Gen 9] OU\n|rated|\n|rule|Sleep Clause Mod: Limit one foe put to sleep\n|rule|Species Clause: Limit one of each Pok\u00e9mon\n|rule|OHKO Clause: OHKO moves are banned\n|rule|Evasion Items Clause: Evasion items are banned\n|rule|Evasion Moves Clause: Evasion moves are banned\n|rule|Endless Battle Clause: Forcing endless battles is banned\n|rule|HP Percentage Mod: HP is shown in percentages\n|clearpoke\n|poke|p1|Rillaboom, F|\n|poke|p1|Garganacl, F|\n|poke|p1|Great Tusk|\n|poke|p1|Heatran, M|\n|poke|p1|Zapdos|\n|poke|p1|Walking Wake|\n|poke|p2|Arcanine, M|\n|poke|p2|Dragapult, F|\n|poke|p2|Iron Valiant|\n|poke|p2|Corviknight, M|\n|poke|p2|Clodsire, F|\n|poke|p2|Great Tusk|\n|teampreview\n|\n|t:|1700081644\n|start\n|switch|p1a: Great Tusk|Great Tusk|100\/100\n|switch|p2a: Iron Valiant|Iron Valiant|100\/100\n|turn|1\n|\n|t:|1700081659\n|move|p2a: Iron Valiant|Moonblast|p1a: Great Tusk\n|-supereffective|p1a: Great Tusk\n|-damage|p1a: Great Tusk|0 fnt\n|faint|p1a: Great Tusk\n|-end|p1a: Great Tusk|Protosynthesis|[silent]\n|-damage|p2a: Iron Valiant|91\/100|[from] item: Life Orb\n|\n|upkeep\n|\n|t:|1700081665\n|switch|p1a: Heatran|Heatran, M|100\/100\n|turn|2\n|\n|t:|1700081671\n|move|p2a: Iron Valiant|Close Combat|p1a: Heatran\n|-supereffective|p1a: Heatran\n|-damage|p1a: Heatran|0 fnt\n|-unboost|p2a: Iron Valiant|def|1\n|-unboost|p2a: Iron Valiant|spd|1\n|faint|p1a: Heatran\n|-damage|p2a: Iron Valiant|81\/100|[from] item: Life Orb\n|\n|upkeep\n|\n|t:|1700081675\n|switch|p1a: Garganacl|Garganacl, F|100\/100\n|turn|3\n|\n|t:|1700081686\n|-terastallize|p1a: Garganacl|Fairy\n|move|p2a: Iron Valiant|Knock Off|p1a: Garganacl\n|-resisted|p1a: Garganacl\n|-damage|p1a: Garganacl|86\/100\n|-enditem|p1a: Garganacl|Leftovers|[from] move: Knock Off|[of] p2a: Iron Valiant\n|-damage|p2a: Iron Valiant|71\/100|[from] item: Life Orb\n|move|p1a: Garganacl|Iron Defense|p1a: Garganacl\n|-boost|p1a: Garganacl|def|2\n|\n|upkeep\n|turn|4\n|\n|t:|1700081702\n|move|p2a: Iron Valiant|Moonblast|p1a: Garganacl\n|-damage|p1a: Garganacl|52\/100\n|-unboost|p1a: Garganacl|spa|1\n|-damage|p2a: Iron Valiant|62\/100|[from] item: Life Orb\n|move|p1a: Garganacl|Iron Defense|p1a: Garganacl\n|-boost|p1a: Garganacl|def|2\n|\n|upkeep\n|turn|5\n|\n|t:|1700081710\n|move|p2a: Iron Valiant|Moonblast|p1a: Garganacl\n|-damage|p1a: Garganacl|17\/100\n|-damage|p2a: Iron Valiant|52\/100|[from] item: Life Orb\n|move|p1a: Garganacl|Recover|p1a: Garganacl\n|-heal|p1a: Garganacl|67\/100\n|\n|upkeep\n|turn|6\n|\n|t:|1700081719\n|move|p2a: Iron Valiant|Moonblast|p1a: Garganacl\n|-damage|p1a: Garganacl|33\/100\n|-unboost|p1a: Garganacl|spa|1\n|-damage|p2a: Iron Valiant|42\/100|[from] item: Life Orb\n|move|p1a: Garganacl|Recover|p1a: Garganacl\n|-heal|p1a: Garganacl|83\/100\n|\n|upkeep\n|turn|7\n|\n|t:|1700081728\n|move|p2a: Iron Valiant|Moonblast|p1a: Garganacl\n|-damage|p1a: Garganacl|51\/100\n|-damage|p2a: Iron Valiant|33\/100|[from] item: Life Orb\n|move|p1a: Garganacl|Iron Defense|p1a: Garganacl\n|-boost|p1a: Garganacl|def|2\n|\n|upkeep\n|turn|8\n|\n|t:|1700081735\n|move|p2a: Iron Valiant|Moonblast|p1a: Garganacl\n|-damage|p1a: Garganacl|16\/100\n|-damage|p2a: Iron Valiant|23\/100|[from] item: Life Orb\n|move|p1a: Garganacl|Recover|p1a: Garganacl\n|-heal|p1a: Garganacl|66\/100\n|\n|upkeep\n|turn|9\n|\n|t:|1700081743\n|move|p2a: Iron Valiant|Moonblast|p1a: Garganacl\n|-damage|p1a: Garganacl|31\/100\n|-damage|p2a: Iron Valiant|13\/100|[from] item: Life Orb\n|move|p1a: Garganacl|Recover|p1a: Garganacl\n|-heal|p1a: Garganacl|81\/100\n|\n|upkeep\n|turn|10\n|\n|t:|1700081751\n|move|p2a: Iron Valiant|Moonblast|p1a: Garganacl\n|-damage|p1a: Garganacl|48\/100\n|-damage|p2a: Iron Valiant|4\/100|[from] item: Life Orb\n|move|p1a: Garganacl|Recover|p1a: Garganacl\n|-heal|p1a: Garganacl|98\/100\n|\n|upkeep\n|turn|11\n|\n|t:|1700081763\n|move|p2a: Iron Valiant|Moonblast|p1a: Garganacl\n|-damage|p1a: Garganacl|62\/100\n|-damage|p2a: Iron Valiant|0 fnt|[from] item: Life Orb\n|faint|p2a: Iron Valiant\n|-end|p2a: Iron Valiant|Quark Drive|[silent]\n|move|p1a: Garganacl|Recover|p1a: Garganacl\n|-heal|p1a: Garganacl|100\/100\n|\n|upkeep\n|inactive|Battle timer is ON: inactive players will automatically lose when time's up. (requested by dusteet)\n|\n|t:|1700081800\n|switch|p2a: Great Tusk|Great Tusk|100\/100\n|turn|12\n|\n|t:|1700081806\n|move|p2a: Great Tusk|Taunt|p1a: Garganacl\n|-start|p1a: Garganacl|move: Taunt\n|move|p1a: Garganacl|Body Press|p2a: Great Tusk\n|-crit|p2a: Great Tusk\n|-damage|p2a: Great Tusk|30\/100\n|\n|-heal|p2a: Great Tusk|36\/100|[from] item: Leftovers\n|upkeep\n|turn|13\n|\n|t:|1700081815\n|move|p2a: Great Tusk|Stealth Rock|p1a: Garganacl\n|-sidestart|p1: dusteet|move: Stealth Rock\n|move|p1a: Garganacl|Body Press|p2a: Great Tusk\n|-damage|p2a: Great Tusk|0 fnt\n|faint|p2a: Great Tusk\n|-end|p2a: Great Tusk|Protosynthesis|[silent]\n|\n|upkeep\n|\n|t:|1700081822\n|switch|p2a: Dragapult|Dragapult, F|100\/100\n|turn|14\n|\n|t:|1700081827\n|move|p2a: Dragapult|Thunderbolt|p1a: Garganacl\n|-damage|p1a: Garganacl|75\/100\n|move|p1a: Garganacl|Salt Cure|p2a: Dragapult\n|-damage|p2a: Dragapult|82\/100\n|-start|p2a: Dragapult|Salt Cure\n|\n|-damage|p2a: Dragapult|70\/100|[from] Salt Cure\n|-end|p1a: Garganacl|move: Taunt\n|upkeep\n|turn|15\n|\n|t:|1700081836\n|move|p2a: Dragapult|Thunderbolt|p1a: Garganacl\n|-damage|p1a: Garganacl|51\/100\n|move|p1a: Garganacl|Salt Cure|p2a: Dragapult\n|-damage|p2a: Dragapult|49\/100\n|\n|-damage|p2a: Dragapult|37\/100|[from] Salt Cure\n|upkeep\n|turn|16\n|\n|t:|1700081845\n|move|p2a: Dragapult|Thunderbolt|p1a: Garganacl\n|-damage|p1a: Garganacl|25\/100\n|move|p1a: Garganacl|Recover|p1a: Garganacl\n|-heal|p1a: Garganacl|75\/100\n|\n|-damage|p2a: Dragapult|24\/100|[from] Salt Cure\n|upkeep\n|turn|17\n|\n|t:|1700081853\n|move|p2a: Dragapult|Thunderbolt|p1a: Garganacl\n|-damage|p1a: Garganacl|51\/100\n|move|p1a: Garganacl|Recover|p1a: Garganacl\n|-heal|p1a: Garganacl|100\/100\n|\n|-damage|p2a: Dragapult|12\/100|[from] Salt Cure\n|upkeep\n|turn|18\n|\n|t:|1700081863\n|move|p2a: Dragapult|Thunderbolt|p1a: Garganacl\n|-damage|p1a: Garganacl|75\/100\n|move|p1a: Garganacl|Salt Cure|p2a: Dragapult\n|-damage|p2a: Dragapult|0 fnt\n|faint|p2a: Dragapult\n|\n|upkeep\n|\n|t:|1700081874\n|switch|p2a: Arcanine|Arcanine, M|100\/100\n|turn|19\n|\n|t:|1700081879\n|move|p2a: Arcanine|Raging Fury|p1a: Garganacl\n|-damage|p1a: Garganacl|61\/100\n|move|p1a: Garganacl|Body Press|p2a: Arcanine\n|-damage|p2a: Arcanine|0 fnt\n|faint|p2a: Arcanine\n|\n|upkeep\n|-message|Jocheeee forfeited.\n|\n|win|dusteet\n|raw|dusteet's rating: 1232 &rarr; <strong>1255<\/strong><br \/>(+23 for winning)\n|raw|Jocheeee's rating: 1201 &rarr; <strong>1178<\/strong><br \/>(-23 for losing)\n|l|\u2606Jocheeee\n","uploadtime":1700081893,"views":15,"p1id":"dusteet","p2id":"jocheeee","formatid":"gen9ou","rating":1178,"private":0,"password":""}