{"id":"gen9ou-1993437285","p1":"Niknak841","p2":"OUVT TOSHI","format":"[Gen 9] OU","log":"|j|\u2606Niknak841\n|j|\u2606OUVT TOSHI\n|t:|1700317804\n|gametype|singles\n|player|p1|Niknak841|elesa|1732\n|player|p2|OUVT TOSHI|palmer|1808\n|teamsize|p1|6\n|teamsize|p2|6\n|gen|9\n|tier|[Gen 9] OU\n|rated|\n|rule|Sleep Clause Mod: Limit one foe put to sleep\n|rule|Species Clause: Limit one of each Pok\u00e9mon\n|rule|OHKO Clause: OHKO moves are banned\n|rule|Evasion Items Clause: Evasion items are banned\n|rule|Evasion Moves Clause: Evasion moves are banned\n|rule|Endless Battle Clause: Forcing endless battles is banned\n|rule|HP Percentage Mod: HP is shown in percentages\n|clearpoke\n|poke|p1|Ribombee, M|\n|poke|p1|Gholdengo|\n|poke|p1|Manaphy|\n|poke|p1|Dragapult, M|\n|poke|p1|Iron Moth|\n|poke|p1|Great Tusk|\n|poke|p2|Ogerpon-Wellspring, F|\n|poke|p2|Zamazenta-*|\n|poke|p2|Ting-Lu|\n|poke|p2|Iron Moth|\n|poke|p2|Zapdos|\n|poke|p2|Ursaluna, F|\n|teampreview\n|inactive|Battle timer is ON: inactive players will automatically lose when time's up. (requested by Niknak841)\n|\n|t:|1700317808\n|start\n|switch|p1a: Ribombee|Ribombee, M|100\/100\n|switch|p2a: Iron Moth|Iron Moth|100\/100\n|-enditem|p2a: Iron Moth|Booster Energy\n|-activate|p2a: Iron Moth|ability: Quark Drive|[fromitem]\n|-start|p2a: Iron Moth|quarkdrivespe\n|turn|1\n|\n|t:|1700317815\n|switch|p1a: Iron Moth|Iron Moth|100\/100\n|-enditem|p1a: Iron Moth|Booster Energy\n|-activate|p1a: Iron Moth|ability: Quark Drive|[fromitem]\n|-start|p1a: Iron Moth|quarkdrivespa\n|move|p2a: Iron Moth|Fiery Dance|p1a: Iron Moth\n|-resisted|p1a: Iron Moth\n|-damage|p1a: Iron Moth|80\/100\n|\n|upkeep\n|turn|2\n|\n|t:|1700317819\n|move|p2a: Iron Moth|Psychic|p1a: Iron Moth\n|-supereffective|p1a: Iron Moth\n|-damage|p1a: Iron Moth|12\/100\n|move|p1a: Iron Moth|Psychic|p2a: Iron Moth\n|-supereffective|p2a: Iron Moth\n|-damage|p2a: Iron Moth|14\/100\n|\n|upkeep\n|turn|3\n|\n|t:|1700317823\n|move|p2a: Iron Moth|Fiery Dance|p1a: Iron Moth\n|-resisted|p1a: Iron Moth\n|-damage|p1a: Iron Moth|0 fnt\n|faint|p1a: Iron Moth\n|-end|p1a: Iron Moth|Quark Drive|[silent]\n|\n|upkeep\n|j| Dngndkfkskg\n|\n|t:|1700317838\n|switch|p1a: Manaphy|Manaphy|100\/100\n|turn|4\n|\n|t:|1700317847\n|move|p2a: Iron Moth|Sludge Wave|p1a: Manaphy\n|-damage|p1a: Manaphy|60\/100\n|move|p1a: Manaphy|Scald|p2a: Iron Moth\n|-supereffective|p2a: Iron Moth\n|-damage|p2a: Iron Moth|0 fnt\n|faint|p2a: Iron Moth\n|-end|p2a: Iron Moth|Quark Drive|[silent]\n|\n|-heal|p1a: Manaphy|67\/100|[from] item: Leftovers\n|upkeep\n|\n|t:|1700317856\n|switch|p2a: Ogerpon|Ogerpon-Wellspring, F|100\/100\n|turn|5\n|\n|t:|1700317861\n|switch|p1a: Ribombee|Ribombee, M|100\/100\n|move|p2a: Ogerpon|Swords Dance|p2a: Ogerpon\n|-boost|p2a: Ogerpon|atk|2\n|\n|upkeep\n|turn|6\n|\n|t:|1700317875\n|switch|p2a: Ting-Lu|Ting-Lu|100\/100\n|-ability|p2a: Ting-Lu|Vessel of Ruin\n|move|p1a: Ribombee|Sticky Web|p2a: Ting-Lu\n|-sidestart|p2: OUVT TOSHI|move: Sticky Web\n|\n|upkeep\n|turn|7\n|\n|t:|1700317877\n|move|p1a: Ribombee|U-turn|p2a: Ting-Lu\n|-supereffective|p2a: Ting-Lu\n|-damage|p2a: Ting-Lu|87\/100\n|\n|t:|1700317879\n|switch|p1a: Gholdengo|Gholdengo|100\/100|[from] U-turn\n|-item|p1a: Gholdengo|Air Balloon\n|move|p2a: Ting-Lu|Stealth Rock|p1a: Gholdengo\n|-sidestart|p1: Niknak841|move: Stealth Rock\n|\n|-heal|p2a: Ting-Lu|93\/100|[from] item: Leftovers\n|upkeep\n|turn|8\n|\n|t:|1700317887\n|move|p1a: Gholdengo|Nasty Plot|p1a: Gholdengo\n|-boost|p1a: Gholdengo|spa|2\n|move|p2a: Ting-Lu|Ruination|p1a: Gholdengo\n|-damage|p1a: Gholdengo|51\/100\n|-enditem|p1a: Gholdengo|Air Balloon\n|\n|-heal|p2a: Ting-Lu|99\/100|[from] item: Leftovers\n|upkeep\n|turn|9\n|\n|t:|1700317890\n|-terastallize|p1a: Gholdengo|Fairy\n|move|p1a: Gholdengo|Dazzling Gleam|p2a: Ting-Lu\n|-supereffective|p2a: Ting-Lu\n|-damage|p2a: Ting-Lu|25\/100\n|move|p2a: Ting-Lu|Earthquake|p1a: Gholdengo\n|-damage|p1a: Gholdengo|9\/100\n|\n|-heal|p2a: Ting-Lu|31\/100|[from] item: Leftovers\n|upkeep\n|turn|10\n|\n|t:|1700317899\n|move|p1a: Gholdengo|Dazzling Gleam|p2a: Ting-Lu\n|-supereffective|p2a: Ting-Lu\n|-damage|p2a: Ting-Lu|0 fnt\n|faint|p2a: Ting-Lu\n|\n|upkeep\n|\n|t:|1700317909\n|switch|p2a: Zapdos|Zapdos|100\/100\n|turn|11\n|\n|t:|1700317912\n|move|p2a: Zapdos|Discharge|p1a: Gholdengo\n|-damage|p1a: Gholdengo|0 fnt\n|faint|p1a: Gholdengo\n|\n|upkeep\n|\n|t:|1700317914\n|switch|p1a: Dragapult|Dragapult, M|100\/100\n|-damage|p1a: Dragapult|88\/100|[from] Stealth Rock\n|turn|12\n|\n|t:|1700317919\n|move|p1a: Dragapult|Draco Meteor|p2a: Zapdos\n|-damage|p2a: Zapdos|16\/100\n|-unboost|p1a: Dragapult|spa|2\n|move|p2a: Zapdos|Discharge|p1a: Dragapult\n|-resisted|p1a: Dragapult\n|-damage|p1a: Dragapult|67\/100\n|-status|p1a: Dragapult|par\n|\n|upkeep\n|turn|13\n|\n|t:|1700317929\n|switch|p1a: Ribombee|Ribombee, M|100\/100\n|-damage|p1a: Ribombee|76\/100|[from] Stealth Rock\n|move|p2a: Zapdos|Roost|p2a: Zapdos\n|-heal|p2a: Zapdos|66\/100\n|-singleturn|p2a: Zapdos|move: Roost\n|\n|upkeep\n|turn|14\n|\n|t:|1700317934\n|move|p1a: Ribombee|Moonblast|p2a: Zapdos\n|-damage|p2a: Zapdos|37\/100\n|move|p2a: Zapdos|Discharge|p1a: Ribombee\n|-damage|p1a: Ribombee|26\/100\n|\n|upkeep\n|turn|15\n|\n|t:|1700317939\n|move|p1a: Ribombee|Moonblast|p2a: Zapdos\n|-damage|p2a: Zapdos|4\/100\n|-unboost|p2a: Zapdos|spa|1\n|move|p2a: Zapdos|Roost|p2a: Zapdos\n|-heal|p2a: Zapdos|54\/100\n|-singleturn|p2a: Zapdos|move: Roost\n|\n|upkeep\n|turn|16\n|\n|t:|1700317942\n|move|p1a: Ribombee|Moonblast|p2a: Zapdos\n|-damage|p2a: Zapdos|25\/100\n|move|p2a: Zapdos|Roost|p2a: Zapdos\n|-heal|p2a: Zapdos|75\/100\n|-singleturn|p2a: Zapdos|move: Roost\n|\n|upkeep\n|turn|17\n|\n|t:|1700317950\n|move|p1a: Ribombee|Moonblast|p2a: Zapdos\n|-damage|p2a: Zapdos|44\/100\n|move|p2a: Zapdos|Discharge|p1a: Ribombee\n|-damage|p1a: Ribombee|0 fnt\n|faint|p1a: Ribombee\n|\n|upkeep\n|\n|t:|1700317952\n|switch|p1a: Great Tusk|Great Tusk|100\/100\n|-damage|p1a: Great Tusk|98\/100|[from] Stealth Rock\n|-enditem|p1a: Great Tusk|Booster Energy\n|-activate|p1a: Great Tusk|ability: Protosynthesis|[fromitem]\n|-start|p1a: Great Tusk|protosynthesisatk\n|turn|18\n|\n|t:|1700317962\n|move|p2a: Zapdos|Hurricane|p1a: Great Tusk\n|-supereffective|p1a: Great Tusk\n|-damage|p1a: Great Tusk|7\/100\n|move|p1a: Great Tusk|Rapid Spin|p2a: Zapdos\n|-damage|p2a: Zapdos|20\/100\n|-boost|p1a: Great Tusk|spe|1\n|-sideend|p1: Niknak841|Stealth Rock|[from] move: Rapid Spin|[of] p1a: Great Tusk\n|\n|upkeep\n|turn|19\n|\n|t:|1700317970\n|move|p1a: Great Tusk|Ice Spinner|p2a: Zapdos\n|-supereffective|p2a: Zapdos\n|-damage|p2a: Zapdos|0 fnt\n|faint|p2a: Zapdos\n|\n|upkeep\n|\n|t:|1700317974\n|switch|p2a: Zamazenta|Zamazenta|100\/100\n|-ability|p2a: Zamazenta|Dauntless Shield|boost\n|-boost|p2a: Zamazenta|def|1\n|turn|20\n|\n|t:|1700317980\n|move|p1a: Great Tusk|Headlong Rush|p2a: Zamazenta\n|-damage|p2a: Zamazenta|50\/100\n|-unboost|p1a: Great Tusk|def|1\n|-unboost|p1a: Great Tusk|spd|1\n|move|p2a: Zamazenta|Crunch|p1a: Great Tusk\n|-resisted|p1a: Great Tusk\n|-damage|p1a: Great Tusk|0 fnt\n|faint|p1a: Great Tusk\n|-end|p1a: Great Tusk|Protosynthesis|[silent]\n|\n|upkeep\n|\n|t:|1700317984\n|switch|p1a: Manaphy|Manaphy|67\/100\n|turn|21\n|\n|t:|1700317992\n|move|p2a: Zamazenta|Close Combat|p1a: Manaphy\n|-damage|p1a: Manaphy|16\/100\n|-unboost|p2a: Zamazenta|def|1\n|-unboost|p2a: Zamazenta|spd|1\n|move|p1a: Manaphy|Acid Armor|p1a: Manaphy\n|-boost|p1a: Manaphy|def|2\n|\n|-heal|p1a: Manaphy|22\/100|[from] item: Leftovers\n|upkeep\n|turn|22\n|\n|t:|1700317998\n|move|p2a: Zamazenta|Close Combat|p1a: Manaphy\n|-damage|p1a: Manaphy|0 fnt\n|-unboost|p2a: Zamazenta|def|1\n|-unboost|p2a: Zamazenta|spd|1\n|faint|p1a: Manaphy\n|\n|upkeep\n|-message|Niknak841 forfeited.\n|\n|win|OUVT TOSHI\n|raw|Niknak841's rating: 1732 &rarr; <strong>1716<\/strong><br \/>(-16 for losing)\n|raw|OUVT TOSHI's rating: 1808 &rarr; <strong>1824<\/strong><br \/>(+16 for winning)\n|l|\u2606Niknak841\n","uploadtime":1700318006,"views":8,"p1id":"niknak841","p2id":"ouvttoshi","formatid":"gen9ou","rating":1716,"private":0,"password":""}