{"id":"gen9ou-1999649048","p1":"Jack0lantern89","p2":"Vrhoska","format":"[Gen 9] OU","log":"|j|\u2606Jack0lantern89\n|j|\u2606Vrhoska\n|t:|1701104471\n|gametype|singles\n|player|p1|Jack0lantern89|steven|1418\n|player|p2|Vrhoska|265|1439\n|teamsize|p1|6\n|teamsize|p2|6\n|gen|9\n|tier|[Gen 9] OU\n|rated|\n|rule|Sleep Clause Mod: Limit one foe put to sleep\n|rule|Species Clause: Limit one of each Pok\u00e9mon\n|rule|OHKO Clause: OHKO moves are banned\n|rule|Evasion Items Clause: Evasion items are banned\n|rule|Evasion Moves Clause: Evasion moves are banned\n|rule|Endless Battle Clause: Forcing endless battles is banned\n|rule|HP Percentage Mod: HP is shown in percentages\n|clearpoke\n|poke|p1|Torkoal, F|\n|poke|p1|Walking Wake|\n|poke|p1|Ceruledge, M|\n|poke|p1|Great Tusk|\n|poke|p1|Glimmora, M|\n|poke|p1|Hatterene, F|\n|poke|p2|Ninetales-Alola, F|\n|poke|p2|Kingambit, M|\n|poke|p2|Ting-Lu|\n|poke|p2|Clefable, M|\n|poke|p2|Moltres|\n|poke|p2|Toxapex, F|\n|teampreview\n|inactive|Battle timer is ON: inactive players will automatically lose when time's up. (requested by Jack0lantern89)\n|\n|t:|1701104493\n|start\n|switch|p1a: Glimmora|Glimmora, M|100\/100\n|switch|p2a: Kingambit|Kingambit, M|100\/100\n|turn|1\n|\n|t:|1701104509\n|switch|p1a: Great Tusk|Great Tusk|100\/100\n|-enditem|p1a: Great Tusk|Booster Energy\n|-activate|p1a: Great Tusk|ability: Protosynthesis|[fromitem]\n|-start|p1a: Great Tusk|protosynthesisspe\n|move|p2a: Kingambit|Iron Head|p1a: Great Tusk\n|-crit|p1a: Great Tusk\n|-damage|p1a: Great Tusk|62\/100\n|\n|upkeep\n|turn|2\n|inactive|Jack0lantern89 has 120 seconds left.\n|l|\u2606Jack0lantern89\n|inactive|Jack0lantern89 disconnected and has a minute to reconnect!\n|player|p1|\n|inactive|Jack0lantern89 has 30 seconds to reconnect!\n|inactive|Jack0lantern89 has 20 seconds to reconnect!\n|inactive|Jack0lantern89 has 15 seconds to reconnect!\n|inactive|Jack0lantern89 has 10 seconds to reconnect!\n|inactive|Jack0lantern89 has 5 seconds to reconnect!\n|j|\u2606Jack0lantern89\n|inactive|Jack0lantern89 reconnected and has 65 seconds left.\n|player|p1|Jack0lantern89|steven\n|\n|t:|1701104597\n|-end|p1a: Great Tusk|Protosynthesis|[silent]\n|switch|p1a: Torkoal|Torkoal, F|100\/100\n|-weather|SunnyDay|[from] ability: Drought|[of] p1a: Torkoal\n|-end|p2a: Kingambit|fallenundefined|[silent]\n|switch|p2a: Moltres|Moltres|100\/100\n|\n|-weather|SunnyDay|[upkeep]\n|upkeep\n|turn|3\n|\n|t:|1701104613\n|move|p2a: Moltres|Flamethrower|p1a: Torkoal\n|-resisted|p1a: Torkoal\n|-damage|p1a: Torkoal|63\/100\n|move|p1a: Torkoal|Stealth Rock|p2a: Moltres\n|-sidestart|p2: Vrhoska|move: Stealth Rock\n|\n|-weather|SunnyDay|[upkeep]\n|upkeep\n|turn|4\n|\n|t:|1701104620\n|switch|p1a: Glimmora|Glimmora, M|100\/100\n|move|p2a: Moltres|Flamethrower|p1a: Glimmora\n|-resisted|p1a: Glimmora\n|-damage|p1a: Glimmora|68\/100\n|\n|-weather|SunnyDay|[upkeep]\n|upkeep\n|turn|5\n|\n|t:|1701104642\n|switch|p2a: Ting-Lu|Ting-Lu|100\/100\n|-damage|p2a: Ting-Lu|94\/100|[from] Stealth Rock\n|-ability|p2a: Ting-Lu|Vessel of Ruin\n|move|p1a: Glimmora|Spikes|p2a: Ting-Lu\n|-sidestart|p2: Vrhoska|Spikes\n|\n|-weather|SunnyDay|[upkeep]\n|upkeep\n|turn|6\n|\n|t:|1701104652\n|move|p1a: Glimmora|Spikes|p2a: Ting-Lu\n|-sidestart|p2: Vrhoska|Spikes\n|move|p2a: Ting-Lu|Earthquake|p1a: Glimmora\n|-supereffective|p1a: Glimmora\n|-damage|p1a: Glimmora|0 fnt\n|-activate|p1a: Glimmora|ability: Toxic Debris\n|-sidestart|p2: Vrhoska|move: Toxic Spikes\n|faint|p1a: Glimmora\n|\n|-weather|SunnyDay|[upkeep]\n|upkeep\n|\n|t:|1701104662\n|switch|p1a: Walking Wake|Walking Wake|100\/100\n|-activate|p1a: Walking Wake|ability: Protosynthesis\n|-start|p1a: Walking Wake|protosynthesisspe\n|turn|7\n|\n|t:|1701104669\n|move|p1a: Walking Wake|Hydro Steam|p2a: Ting-Lu\n|-supereffective|p2a: Ting-Lu\n|-damage|p2a: Ting-Lu|32\/100\n|move|p2a: Ting-Lu|Ruination|p1a: Walking Wake\n|-damage|p1a: Walking Wake|50\/100\n|\n|-weather|SunnyDay|[upkeep]\n|upkeep\n|turn|8\n|\n|t:|1701104679\n|switch|p2a: Toxapex|Toxapex, F|100\/100\n|-sideend|p2: Vrhoska|move: Toxic Spikes|[of] p2a: Toxapex\n|move|p1a: Walking Wake|Hydro Steam|p2a: Toxapex\n|-resisted|p2a: Toxapex\n|-damage|p2a: Toxapex|73\/100\n|\n|-weather|SunnyDay|[upkeep]\n|upkeep\n|turn|9\n|\n|t:|1701104692\n|-end|p1a: Walking Wake|Protosynthesis|[silent]\n|switch|p1a: Hatterene|Hatterene, F|100\/100\n|move|p2a: Toxapex|Infestation|p1a: Hatterene\n|-damage|p1a: Hatterene|98\/100\n|-activate|p1a: Hatterene|move: Infestation|[of] p2a: Toxapex\n|-enditem|p1a: Hatterene|Eject Button\n|\n|t:|1701104696\n|switch|p1a: Walking Wake|Walking Wake|50\/100\n|-activate|p1a: Walking Wake|ability: Protosynthesis\n|-start|p1a: Walking Wake|protosynthesisspe\n|\n|-weather|none\n|-end|p1a: Walking Wake|Protosynthesis\n|upkeep\n|turn|10\n|\n|t:|1701104705\n|move|p1a: Walking Wake|Draco Meteor|p2a: Toxapex\n|-crit|p2a: Toxapex\n|-damage|p2a: Toxapex|0 fnt\n|-unboost|p1a: Walking Wake|spa|2\n|faint|p2a: Toxapex\n|\n|upkeep\n|\n|t:|1701104716\n|switch|p2a: Ninetales|Ninetales-Alola, F|100\/100\n|-weather|Snow|[from] ability: Snow Warning|[of] p2a: Ninetales\n|turn|11\n|\n|t:|1701104722\n|-end|p1a: Walking Wake|Protosynthesis|[silent]\n|switch|p1a: Torkoal|Torkoal, F|63\/100\n|-weather|SunnyDay|[from] ability: Drought|[of] p1a: Torkoal\n|move|p2a: Ninetales|Moonblast|p1a: Torkoal\n|-resisted|p1a: Torkoal\n|-damage|p1a: Torkoal|37\/100\n|-unboost|p1a: Torkoal|spa|1\n|\n|-weather|SunnyDay|[upkeep]\n|upkeep\n|turn|12\n|\n|t:|1701104737\n|switch|p2a: Moltres|Moltres|100\/100\n|switch|p1a: Ceruledge|Ceruledge, M|100\/100\n|\n|-weather|SunnyDay|[upkeep]\n|upkeep\n|turn|13\n|\n|t:|1701104750\n|move|p2a: Moltres|Flamethrower|p1a: Ceruledge\n|-start|p1a: Ceruledge|ability: Flash Fire\n|move|p1a: Ceruledge|Bulk Up|p1a: Ceruledge\n|-boost|p1a: Ceruledge|atk|1\n|-boost|p1a: Ceruledge|def|1\n|\n|-weather|SunnyDay|[upkeep]\n|upkeep\n|turn|14\n|\n|t:|1701104770\n|switch|p2a: Clefable|Clefable, M|100\/100\n|-damage|p2a: Clefable|88\/100|[from] Stealth Rock\n|-damage|p2a: Clefable|72\/100|[from] Spikes\n|move|p1a: Ceruledge|Bulk Up|p1a: Ceruledge\n|-boost|p1a: Ceruledge|atk|1\n|-boost|p1a: Ceruledge|def|1\n|\n|-weather|SunnyDay|[upkeep]\n|upkeep\n|turn|15\n|\n|t:|1701104780\n|move|p1a: Ceruledge|Taunt|p2a: Clefable\n|-start|p2a: Clefable|move: Taunt\n|cant|p2a: Clefable|move: Taunt|Stealth Rock\n|\n|-weather|SunnyDay|[upkeep]\n|upkeep\n|turn|16\n|inactive|Vrhoska has 120 seconds left.\n|\n|t:|1701104823\n|switch|p2a: Ting-Lu|Ting-Lu|32\/100\n|-damage|p2a: Ting-Lu|26\/100|[from] Stealth Rock\n|-damage|p2a: Ting-Lu|9\/100|[from] Spikes\n|-ability|p2a: Ting-Lu|Vessel of Ruin\n|move|p1a: Ceruledge|Bitter Blade|p2a: Ting-Lu\n|-damage|p2a: Ting-Lu|0 fnt\n|faint|p2a: Ting-Lu\n|\n|-weather|SunnyDay|[upkeep]\n|upkeep\n|inactive|Vrhoska has 90 seconds left.\n|\n|t:|1701104854\n|switch|p2a: Ninetales|Ninetales-Alola, F|100\/100\n|-weather|Snow|[from] ability: Snow Warning|[of] p2a: Ninetales\n|turn|17\n|\n|t:|1701104863\n|-terastallize|p2a: Ninetales|Fire\n|move|p2a: Ninetales|Aurora Veil|p2a: Ninetales\n|-sidestart|p2: Vrhoska|move: Aurora Veil\n|move|p1a: Ceruledge|Bitter Blade|p2a: Ninetales\n|-resisted|p2a: Ninetales\n|-damage|p2a: Ninetales|62\/100\n|\n|-weather|Snow|[upkeep]\n|upkeep\n|turn|18\n|\n|t:|1701104873\n|move|p2a: Ninetales|Blizzard|p1a: Ceruledge\n|-resisted|p1a: Ceruledge\n|-damage|p1a: Ceruledge|86\/100\n|move|p1a: Ceruledge|Bulk Up|p1a: Ceruledge\n|-boost|p1a: Ceruledge|atk|1\n|-boost|p1a: Ceruledge|def|1\n|\n|-weather|Snow|[upkeep]\n|upkeep\n|turn|19\n|\n|t:|1701104887\n|switch|p2a: Clefable|Clefable, M|72\/100\n|-damage|p2a: Clefable|59\/100|[from] Stealth Rock\n|-damage|p2a: Clefable|43\/100|[from] Spikes\n|move|p1a: Ceruledge|Bulk Up|p1a: Ceruledge\n|-boost|p1a: Ceruledge|atk|1\n|-boost|p1a: Ceruledge|def|1\n|\n|-weather|Snow|[upkeep]\n|upkeep\n|turn|20\n|-message|Vrhoska forfeited.\n|\n|win|Jack0lantern89\n|raw|Jack0lantern89's rating: 1418 &rarr; <strong>1439<\/strong><br \/>(+21 for winning)\n|raw|Vrhoska's rating: 1439 &rarr; <strong>1418<\/strong><br \/>(-21 for losing)\n|l|\u2606Vrhoska\n","uploadtime":1701104902,"views":2,"p1id":"jack0lantern89","p2id":"vrhoska","formatid":"gen9ou","rating":1418,"private":0,"password":""}