{"id":"gen9ou-1992408055","p1":"Ttv girlfriend","p2":"Gutoso","format":"[Gen 9] OU","log":"|j|\u2606Ttv girlfriend\n|j|\u2606Gutoso\n|t:|1700184074\n|gametype|singles\n|player|p1|Ttv girlfriend|swimmerf|1391\n|player|p2|Gutoso|blue-gen3two|1331\n|teamsize|p1|6\n|teamsize|p2|6\n|gen|9\n|tier|[Gen 9] OU\n|rated|\n|rule|Sleep Clause Mod: Limit one foe put to sleep\n|rule|Species Clause: Limit one of each Pok\u00e9mon\n|rule|OHKO Clause: OHKO moves are banned\n|rule|Evasion Items Clause: Evasion items are banned\n|rule|Evasion Moves Clause: Evasion moves are banned\n|rule|Endless Battle Clause: Forcing endless battles is banned\n|rule|HP Percentage Mod: HP is shown in percentages\n|clearpoke\n|poke|p1|Alomomola, F|\n|poke|p1|Kingambit, F|\n|poke|p1|Great Tusk|\n|poke|p1|Cinderace, F|\n|poke|p1|Thundurus-Therian, M|\n|poke|p1|Ogerpon-Wellspring, F|\n|poke|p2|Jirachi|\n|poke|p2|Thundurus-Therian, M|\n|poke|p2|Weavile, M|\n|poke|p2|Salazzle, F|\n|poke|p2|Dragonite, M|\n|poke|p2|Hatterene, F|\n|teampreview\n|inactive|Battle timer is ON: inactive players will automatically lose when time's up. (requested by Ttv girlfriend)\n|\n|t:|1700184083\n|start\n|switch|p1a: Cinderace|Cinderace, F|100\/100\n|switch|p2a: Thundurus|Thundurus-Therian, M|100\/100\n|turn|1\n|\n|t:|1700184086\n|switch|p2a: Salazzle|Salazzle, F|100\/100\n|move|p1a: Cinderace|U-turn|p2a: Salazzle\n|-start|p1a: Cinderace|typechange|Bug|[from] ability: Libero\n|-resisted|p2a: Salazzle\n|-damage|p2a: Salazzle|89\/100\n|\n|t:|1700184095\n|switch|p1a: Great Tusk|Great Tusk|100\/100|[from] U-turn\n|\n|-heal|p2a: Salazzle|95\/100|[from] item: Black Sludge\n|upkeep\n|turn|2\n|\n|t:|1700184100\n|switch|p2a: Hatterene|Hatterene, F|100\/100\n|move|p1a: Great Tusk|Headlong Rush|p2a: Hatterene\n|-damage|p2a: Hatterene|36\/100\n|-unboost|p1a: Great Tusk|def|1\n|-unboost|p1a: Great Tusk|spd|1\n|\n|upkeep\n|turn|3\n|\n|t:|1700184106\n|move|p1a: Great Tusk|Ice Spinner|p2a: Hatterene\n|-damage|p2a: Hatterene|5\/100\n|move|p2a: Hatterene|Dazzling Gleam|p1a: Great Tusk\n|-supereffective|p1a: Great Tusk\n|-damage|p1a: Great Tusk|0 fnt\n|faint|p1a: Great Tusk\n|-end|p1a: Great Tusk|Protosynthesis|[silent]\n|\n|upkeep\n|\n|t:|1700184116\n|switch|p1a: Cinderace|Cinderace, F|100\/100\n|turn|4\n|\n|t:|1700184119\n|move|p1a: Cinderace|U-turn|p2a: Hatterene\n|-start|p1a: Cinderace|typechange|Bug|[from] ability: Libero\n|-damage|p2a: Hatterene|0 fnt\n|faint|p2a: Hatterene\n|\n|t:|1700184122\n|switch|p1a: Thundurus|Thundurus-Therian, M|100\/100|[from] U-turn\n|\n|upkeep\n|\n|t:|1700184128\n|switch|p2a: Weavile|Weavile, M|100\/100\n|turn|5\n|\n|t:|1700184135\n|switch|p1a: Alomomola|Alomomola, F|100\/100\n|move|p2a: Weavile|Knock Off|p1a: Alomomola\n|-damage|p1a: Alomomola|75\/100\n|-enditem|p1a: Alomomola|Red Card|[from] move: Knock Off|[of] p2a: Weavile\n|\n|upkeep\n|turn|6\n|\n|t:|1700184141\n|switch|p2a: Thundurus|Thundurus-Therian, M|100\/100\n|move|p1a: Alomomola|Flip Turn|p2a: Thundurus\n|-damage|p2a: Thundurus|76\/100\n|\n|t:|1700184155\n|switch|p1a: Thundurus|Thundurus-Therian, M|100\/100|[from] Flip Turn\n|\n|upkeep\n|turn|7\n|\n|t:|1700184166\n|-terastallize|p2a: Thundurus|Ice\n|move|p1a: Thundurus|Knock Off|p2a: Thundurus\n|-damage|p2a: Thundurus|46\/100\n|-enditem|p2a: Thundurus|Assault Vest|[from] move: Knock Off|[of] p1a: Thundurus\n|move|p2a: Thundurus|Tera Blast|p1a: Thundurus|[anim] Tera Blast Ice\n|-supereffective|p1a: Thundurus\n|-crit|p1a: Thundurus\n|-damage|p1a: Thundurus|0 fnt\n|faint|p1a: Thundurus\n|\n|upkeep\n|\n|t:|1700184172\n|switch|p1a: Kingambit|Kingambit, F|100\/100\n|-activate|p1a: Kingambit|ability: Supreme Overlord\n|-start|p1a: Kingambit|fallen2|[silent]\n|turn|8\n|\n|t:|1700184178\n|move|p1a: Kingambit|Sucker Punch|p2a: Thundurus\n|-damage|p2a: Thundurus|0 fnt\n|faint|p2a: Thundurus\n|\n|upkeep\n|\n|t:|1700184181\n|switch|p2a: Salazzle|Salazzle, F|95\/100\n|turn|9\n|\n|t:|1700184190\n|move|p2a: Salazzle|Toxic|p1a: Kingambit\n|-status|p1a: Kingambit|tox\n|move|p1a: Kingambit|Swords Dance|p1a: Kingambit\n|-boost|p1a: Kingambit|atk|2\n|\n|-heal|p2a: Salazzle|100\/100|[from] item: Black Sludge\n|-damage|p1a: Kingambit|94\/100 tox|[from] psn\n|upkeep\n|turn|10\n|\n|t:|1700184194\n|move|p2a: Salazzle|Substitute|p2a: Salazzle\n|-start|p2a: Salazzle|Substitute\n|-damage|p2a: Salazzle|76\/100\n|move|p1a: Kingambit|Iron Head|p2a: Salazzle\n|-resisted|p2a: Salazzle\n|-end|p2a: Salazzle|Substitute\n|\n|-heal|p2a: Salazzle|82\/100|[from] item: Black Sludge\n|-damage|p1a: Kingambit|82\/100 tox|[from] psn\n|upkeep\n|turn|11\n|\n|t:|1700184197\n|-end|p1a: Kingambit|fallen2|[silent]\n|switch|p1a: Ogerpon|Ogerpon-Wellspring, F|100\/100\n|move|p2a: Salazzle|Protect||[still]\n|-fail|p2a: Salazzle\n|\n|-heal|p2a: Salazzle|88\/100|[from] item: Black Sludge\n|upkeep\n|turn|12\n|\n|t:|1700184218\n|switch|p2a: Jirachi|Jirachi|100\/100\n|move|p1a: Ogerpon|Substitute|p1a: Ogerpon\n|-start|p1a: Ogerpon|Substitute\n|-damage|p1a: Ogerpon|76\/100\n|\n|upkeep\n|turn|13\n|\n|t:|1700184221\n|move|p2a: Jirachi|Iron Head|p1a: Ogerpon\n|-resisted|p1a: Ogerpon\n|-activate|p1a: Ogerpon|move: Substitute|[damage]\n|move|p1a: Ogerpon|Swords Dance|p1a: Ogerpon\n|-boost|p1a: Ogerpon|atk|2\n|\n|upkeep\n|turn|14\n|\n|t:|1700184225\n|move|p2a: Jirachi|Iron Head|p1a: Ogerpon\n|-resisted|p1a: Ogerpon\n|-end|p1a: Ogerpon|Substitute\n|move|p1a: Ogerpon|Knock Off|p2a: Jirachi\n|-supereffective|p2a: Jirachi\n|-damage|p2a: Jirachi|0 fnt\n|-enditem|p2a: Jirachi|Choice Scarf|[from] move: Knock Off|[of] p1a: Ogerpon\n|faint|p2a: Jirachi\n|\n|upkeep\n|\n|t:|1700184233\n|switch|p2a: Dragonite|Dragonite, M|100\/100\n|turn|15\n|\n|t:|1700184236\n|switch|p1a: Cinderace|Cinderace, F|100\/100\n|move|p2a: Dragonite|Dragon Dance|p2a: Dragonite\n|-boost|p2a: Dragonite|atk|1\n|-boost|p2a: Dragonite|spe|1\n|\n|upkeep\n|turn|16\n|\n|t:|1700184239\n|move|p2a: Dragonite|Earthquake|p1a: Cinderace\n|-supereffective|p1a: Cinderace\n|-damage|p1a: Cinderace|0 fnt\n|faint|p1a: Cinderace\n|\n|upkeep\n|\n|t:|1700184243\n|switch|p1a: Alomomola|Alomomola, F|100\/100\n|turn|17\n|\n|t:|1700184254\n|move|p2a: Dragonite|Dragon Claw|p1a: Alomomola\n|-damage|p1a: Alomomola|59\/100\n|move|p1a: Alomomola|Scald|p2a: Dragonite\n|-resisted|p2a: Dragonite\n|-damage|p2a: Dragonite|97\/100\n|-status|p2a: Dragonite|brn\n|\n|-damage|p2a: Dragonite|91\/100 brn|[from] brn\n|upkeep\n|turn|18\n|\n|t:|1700184259\n|move|p2a: Dragonite|Dragon Dance|p2a: Dragonite\n|-boost|p2a: Dragonite|atk|1\n|-boost|p2a: Dragonite|spe|1\n|move|p1a: Alomomola|Wish|p1a: Alomomola\n|\n|-damage|p2a: Dragonite|85\/100 brn|[from] brn\n|upkeep\n|turn|19\n|\n|t:|1700184266\n|move|p2a: Dragonite|Dragon Dance|p2a: Dragonite\n|-boost|p2a: Dragonite|atk|1\n|-boost|p2a: Dragonite|spe|1\n|move|p1a: Alomomola|Scald|p2a: Dragonite\n|-resisted|p2a: Dragonite\n|-damage|p2a: Dragonite|79\/100 brn\n|\n|-heal|p1a: Alomomola|100\/100|[from] move: Wish|[wisher] Alomomola\n|-damage|p2a: Dragonite|73\/100 brn|[from] brn\n|upkeep\n|turn|20\n|\n|t:|1700184272\n|move|p2a: Dragonite|Dragon Dance|p2a: Dragonite\n|-boost|p2a: Dragonite|atk|1\n|-boost|p2a: Dragonite|spe|1\n|move|p1a: Alomomola|Flip Turn|p2a: Dragonite\n|-resisted|p2a: Dragonite\n|-damage|p2a: Dragonite|64\/100 brn\n|\n|t:|1700184274\n|switch|p1a: Kingambit|Kingambit, F|82\/100 tox|[from] Flip Turn\n|-activate|p1a: Kingambit|ability: Supreme Overlord\n|-start|p1a: Kingambit|fallen3|[silent]\n|\n|-damage|p1a: Kingambit|76\/100 tox|[from] psn\n|-damage|p2a: Dragonite|58\/100 brn|[from] brn\n|upkeep\n|turn|21\n|\n|t:|1700184287\n|-end|p1a: Kingambit|fallen3|[silent]\n|switch|p1a: Alomomola|Alomomola, F|100\/100\n|move|p2a: Dragonite|Earthquake|p1a: Alomomola\n|-damage|p1a: Alomomola|69\/100\n|\n|-damage|p2a: Dragonite|52\/100 brn|[from] brn\n|upkeep\n|turn|22\n|\n|t:|1700184292\n|move|p2a: Dragonite|Dragon Claw|p1a: Alomomola\n|-damage|p1a: Alomomola|26\/100\n|move|p1a: Alomomola|Wish|p1a: Alomomola\n|\n|-damage|p2a: Dragonite|46\/100 brn|[from] brn\n|upkeep\n|turn|23\n|\n|t:|1700184297\n|switch|p1a: Ogerpon|Ogerpon-Wellspring, F|76\/100\n|move|p2a: Dragonite|Dragon Dance|p2a: Dragonite\n|-boost|p2a: Dragonite|atk|1\n|-boost|p2a: Dragonite|spe|1\n|\n|-heal|p1a: Ogerpon|100\/100|[from] move: Wish|[wisher] Alomomola\n|-damage|p2a: Dragonite|40\/100 brn|[from] brn\n|upkeep\n|turn|24\n|\n|t:|1700184303\n|move|p2a: Dragonite|Dragon Claw|p1a: Ogerpon\n|-damage|p1a: Ogerpon|2\/100\n|move|p1a: Ogerpon|Knock Off|p2a: Dragonite\n|-damage|p2a: Dragonite|0 fnt\n|-enditem|p2a: Dragonite|Heavy-Duty Boots|[from] move: Knock Off|[of] p1a: Ogerpon\n|faint|p2a: Dragonite\n|\n|upkeep\n|\n|t:|1700184317\n|switch|p2a: Salazzle|Salazzle, F|88\/100\n|turn|25\n|\n|t:|1700184319\n|move|p2a: Salazzle|Flamethrower|p1a: Ogerpon\n|-damage|p1a: Ogerpon|0 fnt\n|faint|p1a: Ogerpon\n|\n|-heal|p2a: Salazzle|94\/100|[from] item: Black Sludge\n|upkeep\n|\n|t:|1700184322\n|switch|p1a: Alomomola|Alomomola, F|59\/100\n|turn|26\n|\n|t:|1700184324\n|move|p2a: Salazzle|Toxic|p1a: Alomomola\n|-status|p1a: Alomomola|tox\n|move|p1a: Alomomola|Wish|p1a: Alomomola\n|\n|-heal|p2a: Salazzle|100\/100|[from] item: Black Sludge\n|-damage|p1a: Alomomola|53\/100 tox|[from] psn\n|upkeep\n|turn|27\n|\n|t:|1700184327\n|move|p2a: Salazzle|Substitute|p2a: Salazzle\n|-start|p2a: Salazzle|Substitute\n|-damage|p2a: Salazzle|76\/100\n|move|p1a: Alomomola|Scald|p2a: Salazzle\n|-supereffective|p2a: Salazzle\n|-end|p2a: Salazzle|Substitute\n|\n|-heal|p1a: Alomomola|100\/100 tox|[from] move: Wish|[wisher] Alomomola\n|-heal|p2a: Salazzle|82\/100|[from] item: Black Sludge\n|-damage|p1a: Alomomola|88\/100 tox|[from] psn\n|upkeep\n|turn|28\n|\n|t:|1700184330\n|move|p2a: Salazzle|Protect|p2a: Salazzle\n|-singleturn|p2a: Salazzle|Protect\n|move|p1a: Alomomola|Scald|p2a: Salazzle\n|-activate|p2a: Salazzle|move: Protect\n|\n|-heal|p2a: Salazzle|88\/100|[from] item: Black Sludge\n|-damage|p1a: Alomomola|69\/100 tox|[from] psn\n|upkeep\n|turn|29\n|\n|t:|1700184333\n|move|p2a: Salazzle|Substitute|p2a: Salazzle\n|-start|p2a: Salazzle|Substitute\n|-damage|p2a: Salazzle|63\/100\n|move|p1a: Alomomola|Scald|p2a: Salazzle\n|-supereffective|p2a: Salazzle\n|-end|p2a: Salazzle|Substitute\n|\n|-heal|p2a: Salazzle|70\/100|[from] item: Black Sludge\n|-damage|p1a: Alomomola|44\/100 tox|[from] psn\n|upkeep\n|turn|30\n|\n|t:|1700184335\n|move|p2a: Salazzle|Protect|p2a: Salazzle\n|-singleturn|p2a: Salazzle|Protect\n|move|p1a: Alomomola|Wish|p1a: Alomomola\n|\n|-heal|p2a: Salazzle|76\/100|[from] item: Black Sludge\n|-damage|p1a: Alomomola|13\/100 tox|[from] psn\n|upkeep\n|turn|31\n|\n|t:|1700184339\n|move|p2a: Salazzle|Flamethrower|p1a: Alomomola\n|-resisted|p1a: Alomomola\n|-damage|p1a: Alomomola|0 fnt\n|faint|p1a: Alomomola\n|\n|-heal|p2a: Salazzle|82\/100|[from] item: Black Sludge\n|upkeep\n|\n|t:|1700184341\n|switch|p1a: Kingambit|Kingambit, F|76\/100 tox\n|-activate|p1a: Kingambit|ability: Supreme Overlord\n|-start|p1a: Kingambit|fallen5|[silent]\n|turn|32\n|\n|t:|1700184344\n|-terastallize|p1a: Kingambit|Flying\n|move|p2a: Salazzle|Substitute|p2a: Salazzle\n|-start|p2a: Salazzle|Substitute\n|-damage|p2a: Salazzle|57\/100\n|move|p1a: Kingambit|Swords Dance|p1a: Kingambit\n|-boost|p1a: Kingambit|atk|2\n|\n|-heal|p2a: Salazzle|63\/100|[from] item: Black Sludge\n|-damage|p1a: Kingambit|70\/100 tox|[from] psn\n|upkeep\n|turn|33\n|\n|t:|1700184348\n|move|p2a: Salazzle|Flamethrower|p1a: Kingambit\n|-damage|p1a: Kingambit|37\/100 tox\n|move|p1a: Kingambit|Iron Head|p2a: Salazzle\n|-resisted|p2a: Salazzle\n|-end|p2a: Salazzle|Substitute\n|\n|-heal|p2a: Salazzle|70\/100|[from] item: Black Sludge\n|-damage|p1a: Kingambit|25\/100 tox|[from] psn\n|upkeep\n|turn|34\n|\n|t:|1700184351\n|move|p2a: Salazzle|Protect|p2a: Salazzle\n|-singleturn|p2a: Salazzle|Protect\n|move|p1a: Kingambit|Iron Head|p2a: Salazzle\n|-activate|p2a: Salazzle|move: Protect\n|\n|-heal|p2a: Salazzle|76\/100|[from] item: Black Sludge\n|-damage|p1a: Kingambit|7\/100 tox|[from] psn\n|upkeep\n|turn|35\n|\n|t:|1700184355\n|move|p1a: Kingambit|Sucker Punch||[still]\n|-fail|p1a: Kingambit\n|move|p2a: Salazzle|Substitute|p2a: Salazzle\n|-start|p2a: Salazzle|Substitute\n|-damage|p2a: Salazzle|51\/100\n|\n|-heal|p2a: Salazzle|57\/100|[from] item: Black Sludge\n|-damage|p1a: Kingambit|0 fnt|[from] psn\n|faint|p1a: Kingambit\n|-end|p1a: Kingambit|fallen5|[silent]\n|\n|win|Gutoso\n|upkeep\n|raw|Ttv girlfriend's rating: 1391 &rarr; <strong>1368<\/strong><br \/>(-23 for losing)\n|raw|Gutoso's rating: 1331 &rarr; <strong>1354<\/strong><br \/>(+23 for winning)\n|l|\u2606Ttv girlfriend\n|c|\u2606Gutoso|gg\n","uploadtime":1700184364,"views":7,"p1id":"ttvgirlfriend","p2id":"gutoso","formatid":"gen9ou","rating":1354,"private":0,"password":""}