{"id":"gen9ou-1992049757","p1":"N-Zoroark stan","p2":"TMcNic7","format":"[Gen 9] OU","log":"|j|\u2606N-Zoroark stan\n|j|\u2606TMcNic7\n|t:|1700150861\n|gametype|singles\n|player|p1|N-Zoroark stan|riley|1675\n|player|p2|TMcNic7|clair|1716\n|teamsize|p1|6\n|teamsize|p2|6\n|gen|9\n|tier|[Gen 9] OU\n|rated|\n|rule|Sleep Clause Mod: Limit one foe put to sleep\n|rule|Species Clause: Limit one of each Pok\u00e9mon\n|rule|OHKO Clause: OHKO moves are banned\n|rule|Evasion Items Clause: Evasion items are banned\n|rule|Evasion Moves Clause: Evasion moves are banned\n|rule|Endless Battle Clause: Forcing endless battles is banned\n|rule|HP Percentage Mod: HP is shown in percentages\n|clearpoke\n|poke|p1|Zoroark-Hisui, F|\n|poke|p1|Lokix, F|\n|poke|p1|Volcanion|\n|poke|p1|Slowking-Galar, F|\n|poke|p1|Corviknight, M|\n|poke|p1|Garganacl, F|\n|poke|p2|Samurott-Hisui, F|\n|poke|p2|Ceruledge, F|\n|poke|p2|Thundurus-Therian, M|\n|poke|p2|Amoonguss, M|\n|poke|p2|Great Tusk|\n|poke|p2|Gholdengo|\n|teampreview\n|inactive|Battle timer is ON: inactive players will automatically lose when time's up. (requested by N-Zoroark stan)\n|c|\u2606N-Zoroark stan|glhf\n|c|\u2606TMcNic7|u2\n|j| guihg\n|\n|t:|1700150883\n|start\n|switch|p1a: Lokix|Lokix, F|100\/100\n|switch|p2a: Sekiro|Samurott-Hisui, F, shiny|100\/100\n|turn|1\n|\n|t:|1700150891\n|switch|p2a: Kuzko|Gholdengo, shiny|100\/100\n|move|p1a: Lokix|U-turn|p2a: Kuzko\n|-resisted|p2a: Kuzko\n|-damage|p2a: Kuzko|89\/100\n|\n|t:|1700150901\n|switch|p1a: Corviknight|Corviknight, M|100\/100|[from] U-turn\n|\n|-heal|p2a: Kuzko|95\/100|[from] item: Leftovers\n|upkeep\n|turn|2\n|\n|t:|1700150909\n|switch|p2a: Amanita Phalloides|Amoonguss, M, shiny|100\/100\n|move|p1a: Corviknight|Shadow Ball|p2a: Amanita Phalloides\n|-damage|p2a: Amanita Phalloides|69\/100\n|-enditem|p2a: Amanita Phalloides|Red Card|[of] p1a: Corviknight\n|drag|p1a: Garganacl|Garganacl, F|100\/100\n|\n|upkeep\n|turn|3\n|\n|t:|1700150918\n|switch|p2a: Dumbo|Great Tusk, shiny|100\/100\n|move|p1a: Garganacl|Stealth Rock|p2a: Dumbo\n|-sidestart|p2: TMcNic7|move: Stealth Rock\n|\n|upkeep\n|turn|4\n|\n|t:|1700150922\n|move|p2a: Dumbo|Stealth Rock|p1a: Garganacl\n|-sidestart|p1: N-Zoroark stan|move: Stealth Rock\n|move|p1a: Garganacl|Salt Cure|p2a: Dumbo\n|-resisted|p2a: Dumbo\n|-damage|p2a: Dumbo|99\/100\n|-start|p2a: Dumbo|Salt Cure\n|\n|-heal|p2a: Dumbo|100\/100|[from] item: Leftovers\n|-damage|p2a: Dumbo|88\/100|[from] Salt Cure\n|upkeep\n|turn|5\n|\n|t:|1700150927\n|move|p1a: Garganacl|Protect|p1a: Garganacl\n|-singleturn|p1a: Garganacl|Protect\n|move|p2a: Dumbo|Earthquake|p1a: Garganacl\n|-activate|p1a: Garganacl|move: Protect\n|\n|-heal|p2a: Dumbo|94\/100|[from] item: Leftovers\n|-damage|p2a: Dumbo|82\/100|[from] Salt Cure\n|upkeep\n|turn|6\n|\n|t:|1700150933\n|switch|p1a: Corviknight|Corviknight, M|100\/100\n|-damage|p1a: Corviknight|88\/100|[from] Stealth Rock\n|move|p2a: Dumbo|Rapid Spin|p1a: Corviknight\n|-resisted|p1a: Corviknight\n|-damage|p1a: Corviknight|84\/100\n|-boost|p2a: Dumbo|spe|1\n|-damage|p2a: Dumbo|65\/100|[from] item: Rocky Helmet|[of] p1a: Corviknight\n|-sideend|p2: TMcNic7|Stealth Rock|[from] move: Rapid Spin|[of] p2a: Dumbo\n|\n|-heal|p2a: Dumbo|71\/100|[from] item: Leftovers\n|-damage|p2a: Dumbo|59\/100|[from] Salt Cure\n|upkeep\n|turn|7\n|\n|t:|1700150941\n|-end|p2a: Dumbo|Protosynthesis|[silent]\n|switch|p2a: Kuzko|Gholdengo, shiny|95\/100\n|move|p1a: Corviknight|U-turn|p2a: Kuzko\n|-resisted|p2a: Kuzko\n|-damage|p2a: Kuzko|93\/100\n|\n|t:|1700150947\n|switch|p1a: Garganacl|Garganacl, F|100\/100|[from] U-turn\n|\n|-heal|p2a: Kuzko|99\/100|[from] item: Leftovers\n|upkeep\n|turn|8\n|\n|t:|1700150952\n|move|p1a: Garganacl|U-turn|p2a: Kuzko\n|-resisted|p2a: Kuzko\n|-damage|p2a: Kuzko|97\/100\n|\n|t:|1700150957\n|switch|p1a: Slowking|Slowking-Galar, F|100\/100|[from] U-turn\n|move|p2a: Kuzko|Make It Rain|p1a: Slowking\n|-damage|p1a: Slowking|70\/100\n|-unboost|p2a: Kuzko|spa|1\n|\n|-heal|p2a: Kuzko|100\/100|[from] item: Leftovers\n|upkeep\n|turn|9\n|\n|t:|1700150967\n|move|p2a: Kuzko|Shadow Ball|p1a: Slowking\n|-supereffective|p1a: Slowking\n|-damage|p1a: Slowking|42\/100\n|move|p1a: Slowking|Chilly Reception|p1a: Slowking\n|-weather|Snow\n|\n|t:|1700150970\n|switch|p1a: Lokix|Lokix, F|100\/100|[from] Chilly Reception\n|\n|-weather|Snow|[upkeep]\n|upkeep\n|turn|10\n|\n|t:|1700150977\n|switch|p2a: Dumbo|Great Tusk, shiny|59\/100\n|move|p1a: Lokix|Knock Off|p2a: Dumbo\n|-resisted|p2a: Dumbo\n|-damage|p2a: Dumbo|38\/100\n|-enditem|p2a: Dumbo|Leftovers|[from] move: Knock Off|[of] p1a: Lokix\n|\n|-weather|Snow|[upkeep]\n|upkeep\n|turn|11\n|\n|t:|1700150988\n|move|p1a: Lokix|U-turn|p2a: Dumbo\n|-resisted|p2a: Dumbo\n|-damage|p2a: Dumbo|21\/100\n|\n|t:|1700150990\n|switch|p1a: Corviknight|Corviknight, M|84\/100|[from] U-turn\n|-damage|p1a: Corviknight|71\/100|[from] Stealth Rock\n|move|p2a: Dumbo|Earthquake|p1a: Corviknight\n|-immune|p1a: Corviknight\n|\n|-weather|Snow|[upkeep]\n|upkeep\n|turn|12\n|\n|t:|1700150993\n|-end|p2a: Dumbo|Protosynthesis|[silent]\n|switch|p2a: Kuzko|Gholdengo, shiny|100\/100\n|move|p1a: Corviknight|U-turn|p2a: Kuzko\n|-resisted|p2a: Kuzko\n|-damage|p2a: Kuzko|98\/100\n|j| xxdimixx\n|\n|t:|1700150995\n|switch|p1a: Lokix|Lokix, F|100\/100|[from] U-turn\n|\n|-weather|Snow|[upkeep]\n|-heal|p2a: Kuzko|100\/100|[from] item: Leftovers\n|upkeep\n|turn|13\n|\n|t:|1700151009\n|switch|p2a: Dumbo|Great Tusk, shiny|21\/100\n|move|p1a: Lokix|U-turn|p2a: Dumbo\n|-resisted|p2a: Dumbo\n|-damage|p2a: Dumbo|7\/100\n|\n|t:|1700151011\n|switch|p1a: Garganacl|Garganacl, F|100\/100|[from] U-turn\n|\n|-weather|none\n|upkeep\n|turn|14\n|\n|t:|1700151017\n|-end|p2a: Dumbo|Protosynthesis|[silent]\n|switch|p2a: Amanita Phalloides|Amoonguss, M, shiny|100\/100\n|move|p1a: Garganacl|Shadow Ball|p2a: Amanita Phalloides\n|-damage|p2a: Amanita Phalloides|69\/100\n|\n|upkeep\n|turn|15\n|\n|t:|1700151026\n|move|p1a: Garganacl|U-turn|p2a: Amanita Phalloides\n|-damage|p2a: Amanita Phalloides|56\/100\n|\n|t:|1700151029\n|switch|p1a: Garganacl|Garganacl, F|100\/100|[from] U-turn\n|-damage|p1a: Garganacl|88\/100|[from] Stealth Rock\n|move|p2a: Amanita Phalloides|Spore|p1a: Garganacl\n|-immune|p1a: Garganacl|[from] ability: Purifying Salt\n|\n|-heal|p1a: Garganacl|94\/100|[from] item: Leftovers\n|upkeep\n|turn|16\n|\n|t:|1700151041\n|move|p1a: Garganacl|Stealth Rock|p2a: Amanita Phalloides\n|-sidestart|p2: TMcNic7|move: Stealth Rock\n|move|p2a: Amanita Phalloides|Giga Drain|p1a: Garganacl\n|-supereffective|p1a: Garganacl\n|-damage|p1a: Garganacl|63\/100\n|-heal|p2a: Amanita Phalloides|71\/100|[from] drain|[of] p1a: Garganacl\n|\n|-heal|p1a: Garganacl|69\/100|[from] item: Leftovers\n|upkeep\n|turn|17\n|\n|t:|1700151045\n|move|p1a: Garganacl|Protect|p1a: Garganacl\n|-singleturn|p1a: Garganacl|Protect\n|move|p2a: Amanita Phalloides|Giga Drain|p1a: Garganacl\n|-activate|p1a: Garganacl|move: Protect\n|\n|-heal|p1a: Garganacl|75\/100|[from] item: Leftovers\n|upkeep\n|turn|18\n|c| xxdimixx|This is the absolutely highest rated battle at gen9 ou format atm\n|\n|t:|1700151057\n|switch|p1a: Volcanion|Volcanion|100\/100\n|move|p2a: Amanita Phalloides|Giga Drain|p1a: Volcanion\n|-damage|p1a: Volcanion|76\/100\n|-heal|p2a: Amanita Phalloides|81\/100|[from] drain|[of] p1a: Volcanion\n|\n|upkeep\n|turn|19\n|c| xxdimixx|Congratulations guys on this superb achievement\n|inactive|TMcNic7 has 120 seconds left.\n|\n|t:|1700151095\n|-terastallize|p2a: Amanita Phalloides|Dark\n|move|p1a: Volcanion|Steam Eruption|p2a: Amanita Phalloides\n|-damage|p2a: Amanita Phalloides|35\/100\n|move|p2a: Amanita Phalloides|Spore|p1a: Volcanion\n|-status|p1a: Volcanion|slp|[from] move: Spore\n|\n|upkeep\n|turn|20\n|inactive|TMcNic7 has 120 seconds left.\n|\n|t:|1700151101\n|switch|p1a: Corviknight|Corviknight, M|71\/100\n|-damage|p1a: Corviknight|59\/100|[from] Stealth Rock\n|switch|p2a: Thor|Thundurus-Therian, M, shiny|100\/100\n|\n|upkeep\n|turn|21\n|\n|t:|1700151106\n|switch|p1a: Slowking|Slowking-Galar, F|75\/100\n|move|p2a: Thor|Knock Off|p1a: Slowking\n|-supereffective|p1a: Slowking\n|-damage|p1a: Slowking|30\/100\n|-enditem|p1a: Slowking|Heavy-Duty Boots|[from] move: Knock Off|[of] p2a: Thor\n|\n|upkeep\n|turn|22\n|\n|t:|1700151126\n|move|p2a: Thor|Knock Off|p1a: Slowking\n|-supereffective|p1a: Slowking\n|-damage|p1a: Slowking|2\/100\n|move|p1a: Slowking|Chilly Reception|p1a: Slowking\n|-weather|Snow\n|\n|t:|1700151132\n|switch|p1a: Lokix|Lokix, F|100\/100|[from] Chilly Reception\n|\n|-weather|Snow|[upkeep]\n|upkeep\n|turn|23\n|\n|t:|1700151146\n|move|p1a: Lokix|First Impression|p2a: Thor\n|-resisted|p2a: Thor\n|-damage|p2a: Thor|44\/100\n|move|p2a: Thor|Volt Switch|p1a: Lokix\n|-damage|p1a: Lokix|21\/100\n|\n|t:|1700151162\n|switch|p2a: Sekiro|Samurott-Hisui, F, shiny|100\/100|[from] Volt Switch\n|-damage|p2a: Sekiro|88\/100|[from] Stealth Rock\n|\n|-weather|Snow|[upkeep]\n|upkeep\n|turn|24\n|\n|t:|1700151171\n|switch|p1a: Corviknight|Corviknight, M|59\/100\n|-damage|p1a: Corviknight|47\/100|[from] Stealth Rock\n|move|p2a: Sekiro|Ceaseless Edge|p1a: Corviknight\n|-damage|p1a: Corviknight|20\/100\n|-damage|p2a: Sekiro|72\/100|[from] item: Rocky Helmet|[of] p1a: Corviknight\n|-sidestart|p1: N-Zoroark stan|Spikes\n|\n|-weather|Snow|[upkeep]\n|upkeep\n|turn|25\n|\n|t:|1700151176\n|move|p2a: Sekiro|Ceaseless Edge|p1a: Corviknight\n|-damage|p1a: Corviknight|0 fnt\n|-damage|p2a: Sekiro|55\/100|[from] item: Rocky Helmet|[of] p1a: Corviknight\n|-sidestart|p1: N-Zoroark stan|Spikes\n|faint|p1a: Corviknight\n|\n|-weather|Snow|[upkeep]\n|upkeep\n|\n|t:|1700151181\n|switch|p1a: Volcanion|Volcanion|100\/100\n|turn|26\n|\n|t:|1700151185\n|switch|p2a: Dumbo|Great Tusk, shiny|7\/100\n|-damage|p2a: Dumbo|4\/100|[from] Stealth Rock\n|move|p1a: Volcanion|Grass Knot|p2a: Dumbo\n|-supereffective|p2a: Dumbo\n|-damage|p2a: Dumbo|0 fnt\n|faint|p2a: Dumbo\n|-end|p2a: Dumbo|Protosynthesis|[silent]\n|\n|-weather|none\n|upkeep\n|\n|t:|1700151197\n|switch|p2a: Amanita Phalloides|Amoonguss, M, shiny, tera:Dark|69\/100\n|-damage|p2a: Amanita Phalloides|56\/100|[from] Stealth Rock\n|turn|27\n|\n|t:|1700151200\n|move|p1a: Volcanion|Focus Blast|p2a: Amanita Phalloides\n|-supereffective|p2a: Amanita Phalloides\n|-damage|p2a: Amanita Phalloides|0 fnt\n|faint|p2a: Amanita Phalloides\n|\n|upkeep\n|\n|t:|1700151204\n|switch|p2a: Sekiro|Samurott-Hisui, F, shiny|55\/100\n|-damage|p2a: Sekiro|43\/100|[from] Stealth Rock\n|turn|28\n|\n|t:|1700151209\n|move|p2a: Sekiro|Ceaseless Edge|p1a: Volcanion\n|-supereffective|p1a: Volcanion\n|-damage|p1a: Volcanion|0 fnt\n|replace|p1a: Zoroark|Zoroark-Hisui, F, shiny\n|-end|p1a: Zoroark|Illusion\n|-sidestart|p1: N-Zoroark stan|Spikes\n|faint|p1a: Zoroark\n|\n|upkeep\n|\n|t:|1700151214\n|switch|p1a: Lokix|Lokix, F|21\/100\n|turn|29\n|\n|t:|1700151218\n|switch|p2a: Palpatin|Ceruledge, F, shiny|100\/100\n|move|p1a: Lokix|First Impression|p2a: Palpatin\n|-resisted|p2a: Palpatin\n|-damage|p2a: Palpatin|73\/100\n|-ability|p2a: Palpatin|Weak Armor|boost\n|-unboost|p2a: Palpatin|def|1\n|-boost|p2a: Palpatin|spe|2\n|\n|upkeep\n|turn|30\n|\n|t:|1700151224\n|move|p2a: Palpatin|Poltergeist|p1a: Lokix\n|-activate|p1a: Lokix|move: Poltergeist|Heavy-Duty Boots\n|-resisted|p1a: Lokix\n|-damage|p1a: Lokix|0 fnt\n|faint|p1a: Lokix\n|\n|upkeep\n|-message|N-Zoroark stan forfeited.\n|\n|win|TMcNic7\n|raw|N-Zoroark stan's rating: 1675 &rarr; <strong>1657<\/strong><br \/>(-18 for losing)\n|raw|TMcNic7's rating: 1716 &rarr; <strong>1734<\/strong><br \/>(+18 for winning)\n|l|\u2606N-Zoroark stan\n","uploadtime":1700151249,"views":17,"p1id":"nzoroarkstan","p2id":"tmcnic7","formatid":"gen9ou","rating":1657,"private":0,"password":""}