{"id":"gen9ou-1994064697","p1":"Oscarx90","p2":"SeattleShinyShinx","format":"[Gen 9] OU","log":"|j|\u2606Oscarx90\n|j|\u2606SeattleShinyShinx\n|inactive|Battle timer is ON: inactive players will automatically lose when time's up.\n|t:|1700402139\n|gametype|singles\n|player|p1|Oscarx90|plasmagrunt|\n|player|p2|SeattleShinyShinx|wallace|\n|teamsize|p1|3\n|teamsize|p2|3\n|gen|9\n|tier|[Gen 9] OU\n|rated|Tournament battle\n|rule|Sleep Clause Mod: Limit one foe put to sleep\n|rule|Species Clause: Limit one of each Pok\u00e9mon\n|rule|OHKO Clause: OHKO moves are banned\n|rule|Evasion Items Clause: Evasion items are banned\n|rule|Evasion Moves Clause: Evasion moves are banned\n|rule|Endless Battle Clause: Forcing endless battles is banned\n|rule|HP Percentage Mod: HP is shown in percentages\n|rule|VoltTurn Mayhem Mod: Every move that targets a foe causes the user to switch out after use\n|clearpoke\n|poke|p1|Copperajah, M|\n|poke|p1|Polteageist|\n|poke|p1|Wyrdeer, F|\n|poke|p2|Sandygast, M|\n|poke|p2|Hariyama, F|\n|poke|p2|Staraptor, M|\n|teampreview\n|j|*Lady Monita \u2746\n|\n|t:|1700402157\n|start\n|switch|p1a: Wyrdeer|Wyrdeer, F|100\/100\n|switch|p2a: Staraptor|Staraptor, M|100\/100\n|-ability|p1a: Wyrdeer|Intimidate|boost\n|-unboost|p2a: Staraptor|atk|1\n|turn|1\n|\n|t:|1700402166\n|move|p2a: Staraptor|Brave Bird|p1a: Wyrdeer\n|-damage|p1a: Wyrdeer|27\/100\n|-damage|p2a: Staraptor|69\/100|[from] Recoil\n|\n|t:|1700402171\n|switch|p2a: Sandygast|Sandygast, M|100\/100|[from] Brave Bird\n|move|p1a: Wyrdeer|Zen Headbutt|p2a: Sandygast\n|-damage|p2a: Sandygast|65\/100\n|\n|t:|1700402179\n|switch|p1a: Copperajah|Copperajah, M|100\/100|[from] Zen Headbutt\n|\n|upkeep\n|turn|2\n|\n|t:|1700402191\n|move|p1a: Copperajah|Iron Head|p2a: Sandygast\n|-damage|p2a: Sandygast|14\/100\n|\n|t:|1700402193\n|switch|p1a: Wyrdeer|Wyrdeer, F|27\/100|[from] Iron Head\n|-ability|p1a: Wyrdeer|Intimidate|boost\n|-unboost|p2a: Sandygast|atk|1\n|move|p2a: Sandygast|Earth Power|p1a: Wyrdeer\n|-damage|p1a: Wyrdeer|3\/100\n|\n|t:|1700402200\n|switch|p2a: Staraptor|Staraptor, M|69\/100|[from] Earth Power\n|\n|upkeep\n|turn|3\n|\n|t:|1700402214\n|switch|p1a: Copperajah|Copperajah, M|100\/100\n|move|p2a: Staraptor|Brave Bird|p1a: Copperajah\n|-resisted|p1a: Copperajah\n|-damage|p1a: Copperajah|46\/100\n|-damage|p2a: Staraptor|43\/100|[from] Recoil\n|\n|t:|1700402218\n|switch|p2a: Hariyama|Hariyama, F|100\/100|[from] Brave Bird\n|\n|upkeep\n|turn|4\n|\n|t:|1700402228\n|-terastallize|p1a: Copperajah|Fairy\n|move|p2a: Hariyama|Headlong Rush|p1a: Copperajah\n|-damage|p1a: Copperajah|0 fnt\n|-unboost|p2a: Hariyama|def|1\n|-unboost|p2a: Hariyama|spd|1\n|faint|p1a: Copperajah\n|\n|t:|1700402242\n|switch|p2a: Staraptor|Staraptor, M|43\/100|[from] Headlong Rush\n|\n|upkeep\n|\n|t:|1700402249\n|switch|p1a: Wyrdeer|Wyrdeer, F|3\/100\n|-ability|p1a: Wyrdeer|Intimidate|boost\n|-unboost|p2a: Staraptor|atk|1\n|turn|5\n|\n|t:|1700402254\n|move|p2a: Staraptor|Brave Bird|p1a: Wyrdeer\n|-damage|p1a: Wyrdeer|0 fnt\n|faint|p1a: Wyrdeer\n|-damage|p2a: Staraptor|41\/100|[from] Recoil\n|\n|t:|1700402259\n|switch|p2a: Sandygast|Sandygast, M|14\/100|[from] Brave Bird\n|\n|upkeep\n|\n|t:|1700402261\n|switch|p1a: Polteageist|Polteageist|100\/100\n|turn|6\n|\n|t:|1700402266\n|move|p1a: Polteageist|Dark Pulse|p2a: Sandygast\n|-supereffective|p2a: Sandygast\n|-damage|p2a: Sandygast|0 fnt\n|faint|p2a: Sandygast\n|\n|upkeep\n|\n|t:|1700402273\n|switch|p2a: Staraptor|Staraptor, M|41\/100\n|turn|7\n|\n|t:|1700402276\n|move|p2a: Staraptor|Brave Bird|p1a: Polteageist\n|-damage|p1a: Polteageist|0 fnt\n|faint|p1a: Polteageist\n|-damage|p2a: Staraptor|7\/100|[from] Recoil\n|\n|win|SeattleShinyShinx\n|n|\u2606Oscarx90|oscarx90\n|n|\u2606SeattleShinyShinx|seattleshinyshinx\n|n|*Lady Monita \u2746|ladymonita\n","uploadtime":1700402277,"views":5,"p1id":"oscarx90","p2id":"seattleshinyshinx","formatid":"gen9ou","rating":0,"private":0,"password":""}