{"id":"gen9ou-1990625651","p1":"Peter Griffin epic","p2":"Big Test These","format":"[Gen 9] OU","log":"|j|\u2606Peter Griffin epic\n|j|\u2606Big Test These\n|t:|1699986755\n|gametype|singles\n|player|p1|Peter Griffin epic|whitney|1390\n|player|p2|Big Test These|unknown|1403\n|teamsize|p1|6\n|teamsize|p2|6\n|gen|9\n|tier|[Gen 9] OU\n|rated|\n|rule|Sleep Clause Mod: Limit one foe put to sleep\n|rule|Species Clause: Limit one of each Pok\u00e9mon\n|rule|OHKO Clause: OHKO moves are banned\n|rule|Evasion Items Clause: Evasion items are banned\n|rule|Evasion Moves Clause: Evasion moves are banned\n|rule|Endless Battle Clause: Forcing endless battles is banned\n|rule|HP Percentage Mod: HP is shown in percentages\n|clearpoke\n|poke|p1|Hydreigon, M|\n|poke|p1|Gholdengo|\n|poke|p1|Mandibuzz, F|\n|poke|p1|Heatran, M|\n|poke|p1|Milotic, F|\n|poke|p1|Landorus-Therian, M|\n|poke|p2|Greninja-*, M|\n|poke|p2|Thundurus-Therian, M|\n|poke|p2|Sableye, F|\n|poke|p2|Slowking-Galar, F|\n|poke|p2|Cyclizar, F|\n|poke|p2|Landorus-Therian, M|\n|teampreview\n|\n|t:|1699986771\n|start\n|switch|p1a: Gliscor-Therian|Landorus-Therian, M|100\/100\n|switch|p2a: Thundurus|Thundurus-Therian, M|100\/100\n|-ability|p1a: Gliscor-Therian|Intimidate|boost\n|-unboost|p2a: Thundurus|atk|1\n|turn|1\n|\n|t:|1699986784\n|switch|p1a: Snek|Milotic, F|100\/100\n|-terastallize|p2a: Thundurus|Flying\n|move|p2a: Thundurus|Tera Blast|p1a: Snek|[anim] Tera Blast Flying\n|-damage|p1a: Snek|64\/100\n|\n|upkeep\n|turn|2\n|\n|t:|1699986797\n|switch|p2a: Slowking|Slowking-Galar, F|100\/100\n|move|p1a: Snek|Mirror Coat||[still]\n|-fail|p1a: Snek\n|\n|upkeep\n|turn|3\n|\n|t:|1699986808\n|move|p1a: Snek|Scald|p2a: Slowking\n|-damage|p2a: Slowking|85\/100\n|move|p2a: Slowking|Future Sight|p1a: Snek\n|-start|p2a: Slowking|move: Future Sight\n|\n|upkeep\n|turn|4\n|\n|t:|1699986817\n|move|p1a: Snek|Scald|p2a: Slowking\n|-damage|p2a: Slowking|68\/100\n|move|p2a: Slowking|Chilly Reception|p2a: Slowking\n|-weather|Snow\n|\n|t:|1699986835\n|switch|p2a: Thundurus|Thundurus-Therian, M, tera:Flying|100\/100|[from] Chilly Reception\n|\n|-weather|Snow|[upkeep]\n|upkeep\n|turn|5\n|\n|t:|1699986849\n|move|p2a: Thundurus|U-turn|p1a: Snek\n|-damage|p1a: Snek|50\/100\n|\n|t:|1699986862\n|switch|p2a: Greninja|Greninja, M|100\/100|[from] U-turn\n|move|p1a: Snek|Mirror Coat||[still]\n|-fail|p1a: Snek\n|\n|-weather|Snow|[upkeep]\n|-end|p1a: Snek|move: Future Sight\n|-damage|p1a: Snek|25\/100\n|upkeep\n|turn|6\n|\n|t:|1699986867\n|move|p2a: Greninja|Dark Pulse|p1a: Snek\n|-start|p2a: Greninja|typechange|Dark|[from] ability: Protean\n|-damage|p1a: Snek|0 fnt\n|faint|p1a: Snek\n|\n|-weather|Snow|[upkeep]\n|upkeep\n|\n|t:|1699986881\n|switch|p1a: Clueless|Mandibuzz, F|100\/100\n|turn|7\n|\n|t:|1699986903\n|switch|p2a: Cyclizar|Cyclizar, F|100\/100\n|move|p1a: Clueless|U-turn|p2a: Cyclizar\n|-damage|p2a: Cyclizar|80\/100\n|\n|t:|1699986907\n|switch|p1a: Gliscor-Therian|Landorus-Therian, M|100\/100|[from] U-turn\n|-ability|p1a: Gliscor-Therian|Intimidate|boost\n|-unboost|p2a: Cyclizar|atk|1\n|\n|-weather|Snow|[upkeep]\n|upkeep\n|turn|8\n|\n|t:|1699986913\n|move|p2a: Cyclizar|Taunt|p1a: Gliscor-Therian\n|-start|p1a: Gliscor-Therian|move: Taunt\n|cant|p1a: Gliscor-Therian|move: Taunt|Stealth Rock\n|\n|-weather|none\n|upkeep\n|turn|9\n|\n|t:|1699986919\n|move|p2a: Cyclizar|U-turn|p1a: Gliscor-Therian\n|-resisted|p1a: Gliscor-Therian\n|-damage|p1a: Gliscor-Therian|98\/100\n|-damage|p2a: Cyclizar|64\/100|[from] item: Rocky Helmet|[of] p1a: Gliscor-Therian\n|\n|t:|1699986923\n|switch|p2a: Landorus|Landorus-Therian, M|100\/100|[from] U-turn\n|-ability|p2a: Landorus|Intimidate|boost\n|-unboost|p1a: Gliscor-Therian|atk|1\n|move|p1a: Gliscor-Therian|U-turn|p2a: Landorus\n|-resisted|p2a: Landorus\n|-damage|p2a: Landorus|92\/100\n|-enditem|p2a: Landorus|Red Card|[of] p1a: Gliscor-Therian\n|drag|p1a: Fire Mixtape|Heatran, M|100\/100\n|-item|p1a: Fire Mixtape|Air Balloon\n|\n|upkeep\n|turn|10\n|\n|t:|1699986936\n|move|p2a: Landorus|Smack Down|p1a: Fire Mixtape\n|-damage|p1a: Fire Mixtape|80\/100\n|-enditem|p1a: Fire Mixtape|Air Balloon\n|move|p1a: Fire Mixtape|Lava Plume|p2a: Landorus\n|-damage|p2a: Landorus|37\/100\n|\n|upkeep\n|turn|11\n|\n|t:|1699986944\n|switch|p1a: Gliscor-Therian|Landorus-Therian, M|98\/100\n|-ability|p1a: Gliscor-Therian|Intimidate|boost\n|-unboost|p2a: Landorus|atk|1\n|move|p2a: Landorus|Stealth Rock|p1a: Gliscor-Therian\n|-sidestart|p1: Peter Griffin epic|move: Stealth Rock\n|\n|upkeep\n|turn|12\n|\n|t:|1699986951\n|move|p2a: Landorus|U-turn|p1a: Gliscor-Therian\n|-resisted|p1a: Gliscor-Therian\n|-damage|p1a: Gliscor-Therian|92\/100\n|-damage|p2a: Landorus|21\/100|[from] item: Rocky Helmet|[of] p1a: Gliscor-Therian\n|\n|t:|1699986966\n|switch|p2a: Thundurus|Thundurus-Therian, M, tera:Flying|100\/100|[from] U-turn\n|move|p1a: Gliscor-Therian|Stealth Rock|p2a: Thundurus\n|-sidestart|p2: Big Test These|move: Stealth Rock\n|\n|upkeep\n|turn|13\n|\n|t:|1699986973\n|move|p2a: Thundurus|Tera Blast|p1a: Gliscor-Therian|[anim] Tera Blast Flying\n|-damage|p1a: Gliscor-Therian|19\/100\n|move|p1a: Gliscor-Therian|U-turn|p2a: Thundurus\n|-resisted|p2a: Thundurus\n|-damage|p2a: Thundurus|82\/100\n|\n|t:|1699986992\n|switch|p1a: The Lawyer|Gholdengo|100\/100|[from] U-turn\n|-damage|p1a: The Lawyer|94\/100|[from] Stealth Rock\n|-item|p1a: The Lawyer|Air Balloon\n|\n|upkeep\n|turn|14\n|\n|t:|1699986997\n|switch|p2a: Slowking|Slowking-Galar, F|100\/100\n|move|p1a: The Lawyer|Dazzling Gleam|p2a: Slowking\n|-resisted|p2a: Slowking\n|-damage|p2a: Slowking|91\/100\n|\n|upkeep\n|turn|15\n|\n|t:|1699987015\n|switch|p1a: Fire Mixtape|Heatran, M|80\/100\n|-damage|p1a: Fire Mixtape|68\/100|[from] Stealth Rock\n|move|p2a: Slowking|Chilly Reception|p2a: Slowking\n|-weather|Snow\n|\n|t:|1699987036\n|switch|p2a: Landorus|Landorus-Therian, M|21\/100|[from] Chilly Reception\n|-damage|p2a: Landorus|9\/100|[from] Stealth Rock\n|-ability|p2a: Landorus|Intimidate|boost\n|-unboost|p1a: Fire Mixtape|atk|1\n|\n|-weather|Snow|[upkeep]\n|upkeep\n|turn|16\n|\n|t:|1699987041\n|switch|p1a: Gliscor-Therian|Landorus-Therian, M|19\/100\n|-damage|p1a: Gliscor-Therian|7\/100|[from] Stealth Rock\n|-ability|p1a: Gliscor-Therian|Intimidate|boost\n|-unboost|p2a: Landorus|atk|1\n|move|p2a: Landorus|Earthquake|p1a: Gliscor-Therian\n|-immune|p1a: Gliscor-Therian\n|\n|-weather|Snow|[upkeep]\n|upkeep\n|turn|17\n|\n|t:|1699987048\n|move|p2a: Landorus|Smack Down|p1a: Gliscor-Therian\n|-damage|p1a: Gliscor-Therian|0 fnt\n|faint|p1a: Gliscor-Therian\n|\n|-weather|Snow|[upkeep]\n|upkeep\n|\n|t:|1699987053\n|switch|p1a: Goofy Fella|Hydreigon, M|100\/100\n|-damage|p1a: Goofy Fella|88\/100|[from] Stealth Rock\n|turn|18\n|c|\u2606Big Test These|looks like gen 6 lmao\n|\n|t:|1699987059\n|move|p1a: Goofy Fella|Dragon Pulse|p2a: Landorus\n|-damage|p2a: Landorus|0 fnt\n|faint|p2a: Landorus\n|\n|-weather|Snow|[upkeep]\n|upkeep\n|\n|t:|1699987065\n|switch|p2a: Cyclizar|Cyclizar, F|97\/100\n|turn|19\n|\n|t:|1699987074\n|switch|p1a: Fire Mixtape|Heatran, M|68\/100\n|-damage|p1a: Fire Mixtape|55\/100|[from] Stealth Rock\n|move|p2a: Cyclizar|Rapid Spin|p1a: Fire Mixtape\n|-resisted|p1a: Fire Mixtape\n|-damage|p1a: Fire Mixtape|48\/100\n|-boost|p2a: Cyclizar|spe|1\n|-sideend|p2: Big Test These|Stealth Rock|[from] move: Rapid Spin|[of] p2a: Cyclizar\n|\n|-weather|none\n|upkeep\n|turn|20\n|\n|t:|1699987080\n|move|p2a: Cyclizar|U-turn|p1a: Fire Mixtape\n|-resisted|p1a: Fire Mixtape\n|-damage|p1a: Fire Mixtape|44\/100\n|\n|t:|1699987082\n|switch|p2a: Slowking|Slowking-Galar, F|100\/100|[from] U-turn\n|move|p1a: Fire Mixtape|Lava Plume|p2a: Slowking\n|-damage|p2a: Slowking|74\/100\n|\n|upkeep\n|turn|21\n|\n|t:|1699987088\n|move|p1a: Fire Mixtape|Earth Power|p2a: Slowking\n|-supereffective|p2a: Slowking\n|-damage|p2a: Slowking|37\/100\n|move|p2a: Slowking|Chilly Reception|p2a: Slowking\n|-weather|Snow\n|\n|t:|1699987098\n|switch|p2a: Greninja|Greninja, M|100\/100|[from] Chilly Reception\n|\n|-weather|Snow|[upkeep]\n|upkeep\n|turn|22\n|\n|t:|1699987127\n|switch|p1a: Goofy Fella|Hydreigon, M|88\/100\n|-damage|p1a: Goofy Fella|76\/100|[from] Stealth Rock\n|move|p2a: Greninja|Hydro Pump|p1a: Goofy Fella\n|-start|p2a: Greninja|typechange|Water|[from] ability: Protean\n|-resisted|p1a: Goofy Fella\n|-damage|p1a: Goofy Fella|37\/100\n|\n|-weather|Snow|[upkeep]\n|upkeep\n|turn|23\n|\n|t:|1699987136\n|switch|p2a: Slowking|Slowking-Galar, F|70\/100\n|move|p1a: Goofy Fella|U-turn|p2a: Slowking\n|-damage|p2a: Slowking|56\/100\n|c|\u2606Big Test These|wp\n|\n|t:|1699987152\n|switch|p1a: The Lawyer|Gholdengo|94\/100|[from] U-turn\n|-damage|p1a: The Lawyer|88\/100|[from] Stealth Rock\n|-item|p1a: The Lawyer|Air Balloon\n|\n|-weather|Snow|[upkeep]\n|upkeep\n|turn|24\n|\n|t:|1699987160\n|move|p1a: The Lawyer|Thunderbolt|p2a: Slowking\n|-damage|p2a: Slowking|33\/100\n|move|p2a: Slowking|Chilly Reception|p2a: Slowking\n|\n|t:|1699987165\n|switch|p2a: Greninja|Greninja, M|100\/100|[from] Chilly Reception\n|\n|-weather|Snow|[upkeep]\n|upkeep\n|turn|25\n|\n|t:|1699987170\n|-terastallize|p1a: The Lawyer|Fairy\n|move|p2a: Greninja|Dark Pulse|p1a: The Lawyer\n|-start|p2a: Greninja|typechange|Dark|[from] ability: Protean\n|-resisted|p1a: The Lawyer\n|-damage|p1a: The Lawyer|63\/100\n|-enditem|p1a: The Lawyer|Air Balloon\n|move|p1a: The Lawyer|Dazzling Gleam|p2a: Greninja\n|-supereffective|p2a: Greninja\n|-damage|p2a: Greninja|0 fnt\n|faint|p2a: Greninja\n|\n|-weather|none\n|upkeep\n|\n|t:|1699987179\n|switch|p2a: Thundurus|Thundurus-Therian, M, tera:Flying|82\/100\n|turn|26\n|\n|t:|1699987186\n|move|p2a: Thundurus|Tera Blast|p1a: The Lawyer|[anim] Tera Blast Flying\n|-damage|p1a: The Lawyer|0 fnt\n|faint|p1a: The Lawyer\n|\n|upkeep\n|\n|t:|1699987190\n|switch|p1a: Fire Mixtape|Heatran, M|44\/100\n|-damage|p1a: Fire Mixtape|32\/100|[from] Stealth Rock\n|turn|27\n|\n|t:|1699987199\n|switch|p2a: Slowking|Slowking-Galar, F|67\/100\n|move|p1a: Fire Mixtape|Lava Plume|p2a: Slowking\n|-damage|p2a: Slowking|39\/100\n|\n|upkeep\n|turn|28\n|\n|t:|1699987209\n|move|p1a: Fire Mixtape|Earth Power|p2a: Slowking\n|-supereffective|p2a: Slowking\n|-damage|p2a: Slowking|0 fnt\n|faint|p2a: Slowking\n|\n|upkeep\n|\n|t:|1699987213\n|switch|p2a: Thundurus|Thundurus-Therian, M, tera:Flying|82\/100\n|turn|29\n|\n|t:|1699987215\n|move|p1a: Fire Mixtape|Protect|p1a: Fire Mixtape\n|-singleturn|p1a: Fire Mixtape|Protect\n|move|p2a: Thundurus|Thunderbolt|p1a: Fire Mixtape\n|-activate|p1a: Fire Mixtape|move: Protect\n|\n|upkeep\n|turn|30\n|\n|t:|1699987224\n|switch|p1a: Goofy Fella|Hydreigon, M|37\/100\n|-damage|p1a: Goofy Fella|24\/100|[from] Stealth Rock\n|move|p2a: Thundurus|Thunderbolt|p1a: Goofy Fella\n|-resisted|p1a: Goofy Fella\n|-damage|p1a: Goofy Fella|0 fnt\n|faint|p1a: Goofy Fella\n|\n|upkeep\n|c|\u2606Peter Griffin epic|gg\n|c|\u2606Big Test These|gg\n|\n|t:|1699987232\n|switch|p1a: Fire Mixtape|Heatran, M|32\/100\n|-damage|p1a: Fire Mixtape|20\/100|[from] Stealth Rock\n|turn|31\n|c|\u2606Big Test These|fun match\n|\n|t:|1699987235\n|move|p2a: Thundurus|Thunderbolt|p1a: Fire Mixtape\n|-damage|p1a: Fire Mixtape|0 fnt\n|faint|p1a: Fire Mixtape\n|\n|upkeep\n|\n|t:|1699987238\n|switch|p1a: Clueless|Mandibuzz, F|100\/100\n|turn|32\n|c|\u2606Big Test These|balance v balance is my fave\n|\n|t:|1699987245\n|move|p2a: Thundurus|Thunderbolt|p1a: Clueless\n|-supereffective|p1a: Clueless\n|-damage|p1a: Clueless|9\/100\n|move|p1a: Clueless|Foul Play|p2a: Thundurus\n|-damage|p2a: Thundurus|38\/100\n|\n|upkeep\n|turn|33\n|\n|t:|1699987255\n|move|p2a: Thundurus|Thunderbolt|p1a: Clueless\n|-supereffective|p1a: Clueless\n|-damage|p1a: Clueless|0 fnt\n|faint|p1a: Clueless\n|\n|win|Big Test These\n|raw|Peter Griffin epic's rating: 1390 &rarr; <strong>1371<\/strong><br \/>(-19 for losing)\n|raw|Big Test These's rating: 1403 &rarr; <strong>1422<\/strong><br \/>(+19 for winning)\n","uploadtime":1699987261,"views":20,"p1id":"petergriffinepic","p2id":"bigtestthese","formatid":"gen9ou","rating":1371,"private":0,"password":""}