{"id":"gen9ou-1994592232","p1":"Over-kevin","p2":"TheAtomicBonk","format":"[Gen 9] OU","log":"|j|\u2606Over-kevin\n|j|\u2606TheAtomicBonk\n|t:|1700465761\n|gametype|singles\n|player|p1|Over-kevin|hugh|1083\n|player|p2|TheAtomicBonk|roxie|1080\n|teamsize|p1|6\n|teamsize|p2|6\n|gen|9\n|tier|[Gen 9] OU\n|rated|\n|rule|Sleep Clause Mod: Limit one foe put to sleep\n|rule|Species Clause: Limit one of each Pok\u00e9mon\n|rule|OHKO Clause: OHKO moves are banned\n|rule|Evasion Items Clause: Evasion items are banned\n|rule|Evasion Moves Clause: Evasion moves are banned\n|rule|Endless Battle Clause: Forcing endless battles is banned\n|rule|HP Percentage Mod: HP is shown in percentages\n|clearpoke\n|poke|p1|Scizor, F|\n|poke|p1|Haxorus, F|\n|poke|p1|Cloyster, M|\n|poke|p1|Kommo-o, M|\n|poke|p1|Ninetales-Alola, F|\n|poke|p1|Jirachi|\n|poke|p2|Torkoal, F|\n|poke|p2|Walking Wake|\n|poke|p2|Great Tusk|\n|poke|p2|Sandy Shocks|\n|poke|p2|Ogerpon-Wellspring, F|\n|poke|p2|Gholdengo|\n|teampreview\n|\n|t:|1700465773\n|start\n|switch|p1a: Jirachi|Jirachi|100\/100\n|switch|p2a: Dime|Gholdengo|100\/100\n|turn|1\n|l|\u2606Over-kevin\n|player|p1|\n|inactive|Battle timer is ON: inactive players will automatically lose when time's up. (requested by TheAtomicBonk)\n|j|\u2606Over-kevin\n|inactive|Over-kevin reconnected and has 145 seconds left.\n|player|p1|Over-kevin|hugh\n|\n|t:|1700465813\n|move|p2a: Dime|Shadow Ball|p1a: Jirachi\n|-supereffective|p1a: Jirachi\n|-crit|p1a: Jirachi\n|-damage|p1a: Jirachi|0 fnt\n|faint|p1a: Jirachi\n|\n|upkeep\n|\n|t:|1700465827\n|switch|p1a: Haxorus|Haxorus, F, shiny|100\/100\n|-ability|p1a: Haxorus|Mold Breaker\n|turn|2\n|\n|t:|1700465837\n|switch|p2a: Here comes the sun|Torkoal, F|100\/100\n|-weather|SunnyDay|[from] ability: Drought|[of] p2a: Here comes the sun\n|move|p1a: Haxorus|Earthquake|p2a: Here comes the sun\n|-supereffective|p2a: Here comes the sun\n|-damage|p2a: Here comes the sun|39\/100\n|\n|-weather|SunnyDay|[upkeep]\n|upkeep\n|turn|3\n|\n|t:|1700465852\n|switch|p2a: Swamp Monster|Ogerpon-Wellspring, F|100\/100\n|move|p1a: Haxorus|Earthquake|p2a: Swamp Monster\n|-resisted|p2a: Swamp Monster\n|-damage|p2a: Swamp Monster|74\/100\n|\n|-weather|SunnyDay|[upkeep]\n|upkeep\n|turn|4\n|\n|t:|1700465863\n|move|p2a: Swamp Monster|Solar Blade||[still]\n|-prepare|p2a: Swamp Monster|Solar Blade\n|-anim|p2a: Swamp Monster|Solar Blade|p1a: Haxorus\n|-resisted|p1a: Haxorus\n|-damage|p1a: Haxorus|46\/100\n|move|p1a: Haxorus|Dragon Claw|p2a: Swamp Monster\n|-damage|p2a: Swamp Monster|6\/100\n|\n|-weather|SunnyDay|[upkeep]\n|upkeep\n|turn|5\n|\n|t:|1700465881\n|switch|p2a: Dime|Gholdengo|100\/100\n|switch|p1a: Scizor|Scizor, F|100\/100\n|\n|-weather|SunnyDay|[upkeep]\n|upkeep\n|turn|6\n|\n|t:|1700465905\n|switch|p2a: the wizard|Walking Wake|100\/100\n|-activate|p2a: the wizard|ability: Protosynthesis\n|-start|p2a: the wizard|protosynthesisspe\n|move|p1a: Scizor|Swords Dance|p1a: Scizor\n|-boost|p1a: Scizor|atk|2\n|\n|-weather|SunnyDay|[upkeep]\n|upkeep\n|turn|7\n|\n|t:|1700465924\n|move|p2a: the wizard|Flamethrower|p1a: Scizor\n|-supereffective|p1a: Scizor\n|-enditem|p1a: Scizor|Focus Sash\n|-damage|p1a: Scizor|1\/100\n|move|p1a: Scizor|Swords Dance|p1a: Scizor\n|-boost|p1a: Scizor|atk|2\n|\n|-weather|SunnyDay|[upkeep]\n|upkeep\n|turn|8\n|\n|t:|1700465934\n|move|p1a: Scizor|Bullet Punch|p2a: the wizard\n|-resisted|p2a: the wizard\n|-damage|p2a: the wizard|49\/100\n|move|p2a: the wizard|Flamethrower|p1a: Scizor\n|-supereffective|p1a: Scizor\n|-damage|p1a: Scizor|0 fnt\n|faint|p1a: Scizor\n|\n|-weather|SunnyDay|[upkeep]\n|upkeep\n|\n|t:|1700465952\n|switch|p1a: Ninetales|Ninetales-Alola, F|100\/100\n|-weather|Snow|[from] ability: Snow Warning|[of] p1a: Ninetales\n|-end|p2a: the wizard|Protosynthesis\n|turn|9\n|\n|t:|1700465960\n|move|p2a: the wizard|Flamethrower|p1a: Ninetales\n|-supereffective|p1a: Ninetales\n|-damage|p1a: Ninetales|10\/100\n|move|p1a: Ninetales|Dazzling Gleam|p2a: the wizard\n|-supereffective|p2a: the wizard\n|-damage|p2a: the wizard|0 fnt\n|faint|p2a: the wizard\n|-end|p2a: the wizard|Protosynthesis|[silent]\n|\n|-weather|Snow|[upkeep]\n|upkeep\n|\n|t:|1700465975\n|switch|p2a: Dime|Gholdengo|100\/100\n|turn|10\n|\n|t:|1700465983\n|move|p2a: Dime|Shadow Ball|p1a: Ninetales\n|-damage|p1a: Ninetales|0 fnt\n|faint|p1a: Ninetales\n|\n|-weather|Snow|[upkeep]\n|upkeep\n|\n|t:|1700465990\n|switch|p1a: Cloyster|Cloyster, M|100\/100\n|turn|11\n|\n|t:|1700465996\n|switch|p2a: Here comes the sun|Torkoal, F|39\/100\n|-weather|SunnyDay|[from] ability: Drought|[of] p2a: Here comes the sun\n|move|p1a: Cloyster|Shell Smash|p1a: Cloyster\n|-unboost|p1a: Cloyster|def|1\n|-unboost|p1a: Cloyster|spd|1\n|-boost|p1a: Cloyster|atk|2\n|-boost|p1a: Cloyster|spa|2\n|-boost|p1a: Cloyster|spe|2\n|-enditem|p1a: Cloyster|White Herb\n|-clearnegativeboost|p1a: Cloyster|[silent]\n|\n|-weather|SunnyDay|[upkeep]\n|upkeep\n|turn|12\n|\n|t:|1700466014\n|-terastallize|p1a: Cloyster|Rock\n|move|p1a: Cloyster|Rock Blast|p2a: Here comes the sun\n|-supereffective|p2a: Here comes the sun\n|-damage|p2a: Here comes the sun|9\/100\n|-supereffective|p2a: Here comes the sun\n|-damage|p2a: Here comes the sun|0 fnt\n|faint|p2a: Here comes the sun\n|-hitcount|p2: Here comes the sun|2\n|\n|-weather|SunnyDay|[upkeep]\n|upkeep\n|\n|t:|1700466024\n|switch|p2a: Deep Toot|Great Tusk|100\/100\n|-activate|p2a: Deep Toot|ability: Protosynthesis\n|-start|p2a: Deep Toot|protosynthesisatk\n|turn|13\n|\n|t:|1700466031\n|move|p1a: Cloyster|Razor Shell|p2a: Deep Toot|[miss]\n|-miss|p1a: Cloyster|p2a: Deep Toot\n|move|p2a: Deep Toot|Knock Off|p1a: Cloyster\n|-damage|p1a: Cloyster|76\/100\n|\n|-weather|SunnyDay|[upkeep]\n|upkeep\n|turn|14\n|\n|t:|1700466044\n|-end|p2a: Deep Toot|Protosynthesis|[silent]\n|switch|p2a: Swamp Monster|Ogerpon-Wellspring, F|6\/100\n|move|p1a: Cloyster|Icicle Spear|p2a: Swamp Monster\n|-damage|p2a: Swamp Monster|0 fnt\n|faint|p2a: Swamp Monster\n|-hitcount|p2: Swamp Monster|1\n|\n|-weather|SunnyDay|[upkeep]\n|upkeep\n|\n|t:|1700466053\n|switch|p2a: cheex|Sandy Shocks|100\/100\n|-activate|p2a: cheex|ability: Protosynthesis\n|-start|p2a: cheex|protosynthesisspa\n|turn|15\n|\n|t:|1700466060\n|-terastallize|p2a: cheex|Ice\n|move|p1a: Cloyster|Icicle Spear|p2a: cheex\n|-resisted|p2a: cheex\n|-damage|p2a: cheex|88\/100\n|-resisted|p2a: cheex\n|-damage|p2a: cheex|76\/100\n|-resisted|p2a: cheex\n|-damage|p2a: cheex|64\/100\n|-resisted|p2a: cheex\n|-damage|p2a: cheex|53\/100\n|-resisted|p2a: cheex\n|-damage|p2a: cheex|40\/100\n|-hitcount|p2a: cheex|5\n|move|p2a: cheex|Earth Power|p1a: Cloyster\n|-supereffective|p1a: Cloyster\n|-damage|p1a: Cloyster|0 fnt\n|faint|p1a: Cloyster\n|\n|-weather|SunnyDay|[upkeep]\n|upkeep\n|\n|t:|1700466079\n|switch|p1a: Haxorus|Haxorus, F, shiny|46\/100\n|-ability|p1a: Haxorus|Mold Breaker\n|turn|16\n|\n|t:|1700466091\n|move|p2a: cheex|Tera Blast|p1a: Haxorus|[anim] Tera Blast Ice\n|-supereffective|p1a: Haxorus\n|-damage|p1a: Haxorus|0 fnt\n|faint|p1a: Haxorus\n|\n|-weather|SunnyDay|[upkeep]\n|upkeep\n|\n|t:|1700466101\n|switch|p1a: Kommo-o|Kommo-o, M|100\/100\n|turn|17\n|\n|t:|1700466105\n|move|p2a: cheex|Tera Blast|p1a: Kommo-o|[anim] Tera Blast Ice\n|-supereffective|p1a: Kommo-o\n|-damage|p1a: Kommo-o|10\/100\n|-enditem|p1a: Kommo-o|Sitrus Berry|[eat]\n|-heal|p1a: Kommo-o|35\/100|[from] item: Sitrus Berry\n|move|p1a: Kommo-o|Drain Punch|p2a: cheex\n|-supereffective|p2a: cheex\n|-damage|p2a: cheex|0 fnt\n|-heal|p1a: Kommo-o|55\/100|[from] drain|[of] p2a: cheex\n|faint|p2a: cheex\n|-end|p2a: cheex|Protosynthesis|[silent]\n|\n|-weather|SunnyDay|[upkeep]\n|upkeep\n|\n|t:|1700466119\n|switch|p2a: Deep Toot|Great Tusk|100\/100\n|-activate|p2a: Deep Toot|ability: Protosynthesis\n|-start|p2a: Deep Toot|protosynthesisatk\n|turn|18\n|\n|t:|1700466128\n|move|p2a: Deep Toot|Ice Spinner|p1a: Kommo-o\n|-supereffective|p1a: Kommo-o\n|-damage|p1a: Kommo-o|0 fnt\n|faint|p1a: Kommo-o\n|\n|win|TheAtomicBonk\n|raw|Over-kevin's rating: 1083 &rarr; <strong>1060<\/strong><br \/>(-23 for losing)\n|raw|TheAtomicBonk's rating: 1080 &rarr; <strong>1108<\/strong><br \/>(+28 for winning)\n","uploadtime":1700466134,"views":11,"p1id":"overkevin","p2id":"theatomicbonk","formatid":"gen9ou","rating":1060,"private":0,"password":""}