{"id":"gen9ou-1990693410","p1":"JJAlegend","p2":"061mjs","format":"[Gen 9] OU","log":"|j|\u2606JJAlegend\n|j|\u203d061mjs\n|t:|1699992321\n|gametype|singles\n|player|p1|JJAlegend|lyra|1030\n|player|p2|061mjs|169|1000\n|teamsize|p1|6\n|teamsize|p2|6\n|gen|9\n|tier|[Gen 9] OU\n|rated|\n|rule|Sleep Clause Mod: Limit one foe put to sleep\n|rule|Species Clause: Limit one of each Pok\u00e9mon\n|rule|OHKO Clause: OHKO moves are banned\n|rule|Evasion Items Clause: Evasion items are banned\n|rule|Evasion Moves Clause: Evasion moves are banned\n|rule|Endless Battle Clause: Forcing endless battles is banned\n|rule|HP Percentage Mod: HP is shown in percentages\n|clearpoke\n|poke|p1|Gogoat, M|\n|poke|p1|Venomoth, F|\n|poke|p1|Lurantis, F|\n|poke|p1|Azumarill, M|\n|poke|p1|Mimikyu, M|\n|poke|p1|Magcargo, M|\n|poke|p2|Zapdos|\n|poke|p2|Ogerpon-Wellspring, F|\n|poke|p2|Pelipper, F|\n|poke|p2|Gengar, F|\n|poke|p2|Floatzel, F|\n|poke|p2|Tauros-Paldea-Blaze, M|\n|teampreview\n|inactive|Battle timer is ON: inactive players will automatically lose when time's up. (requested by JJAlegend)\n|\n|t:|1699992325\n|start\n|switch|p1a: Pikachu\u2026|Mimikyu, M|100\/100\n|switch|p2a: Zapdos|Zapdos, shiny|100\/100\n|turn|1\n|\n|t:|1699992336\n|move|p1a: Pikachu\u2026|Swords Dance|p1a: Pikachu\u2026\n|-boost|p1a: Pikachu\u2026|atk|2\n|move|p2a: Zapdos|Rain Dance|p2a: Zapdos\n|-weather|RainDance\n|\n|-weather|RainDance|[upkeep]\n|upkeep\n|turn|2\n|\n|t:|1699992351\n|switch|p2a: Pelipper|Pelipper, F|100\/100\n|move|p1a: Pikachu\u2026|Swords Dance|p1a: Pikachu\u2026\n|-boost|p1a: Pikachu\u2026|atk|2\n|\n|-weather|RainDance|[upkeep]\n|upkeep\n|turn|3\n|\n|t:|1699992359\n|move|p1a: Pikachu\u2026|Swords Dance|p1a: Pikachu\u2026\n|-boost|p1a: Pikachu\u2026|atk|2\n|move|p2a: Pelipper|Weather Ball|p1a: Pikachu\u2026\n|-activate|p1a: Pikachu\u2026|ability: Disguise\n|-damage|p1a: Pikachu\u2026|100\/100\n|detailschange|p1a: Pikachu\u2026|Mimikyu-Busted, M\n|-damage|p1a: Pikachu\u2026|88\/100|[from] pokemon: Mimikyu-Busted\n|\n|-weather|RainDance|[upkeep]\n|upkeep\n|turn|4\n|\n|t:|1699992377\n|move|p1a: Pikachu\u2026|Play Rough|p2a: Pelipper\n|-damage|p2a: Pelipper|0 fnt\n|faint|p2a: Pelipper\n|-damage|p1a: Pikachu\u2026|78\/100|[from] item: Life Orb\n|\n|-weather|RainDance|[upkeep]\n|upkeep\n|\n|t:|1699992391\n|switch|p2a: Zapdos|Zapdos, shiny|100\/100\n|turn|5\n|\n|t:|1699992400\n|move|p1a: Pikachu\u2026|Play Rough|p2a: Zapdos\n|-damage|p2a: Zapdos|0 fnt\n|faint|p2a: Zapdos\n|-damage|p1a: Pikachu\u2026|68\/100|[from] item: Life Orb\n|\n|-weather|none\n|upkeep\n|\n|t:|1699992419\n|switch|p2a: Floatzel|Floatzel, F|100\/100\n|turn|6\n|\n|t:|1699992428\n|move|p1a: Pikachu\u2026|Play Rough|p2a: Floatzel\n|-damage|p2a: Floatzel|0 fnt\n|faint|p2a: Floatzel\n|-damage|p1a: Pikachu\u2026|58\/100|[from] item: Life Orb\n|\n|upkeep\n|\n|t:|1699992440\n|switch|p2a: Gengar|Gengar, F|100\/100\n|turn|7\n|\n|t:|1699992445\n|move|p1a: Pikachu\u2026|Shadow Sneak|p2a: Gengar\n|-supereffective|p2a: Gengar\n|-damage|p2a: Gengar|0 fnt\n|-start|p1a: Pikachu\u2026|Disable|Shadow Sneak|[from] ability: Cursed Body|[of] p2a: Gengar\n|faint|p2a: Gengar\n|-damage|p1a: Pikachu\u2026|48\/100|[from] item: Life Orb\n|\n|upkeep\n|\n|t:|1699992452\n|switch|p2a: Ogerpon|Ogerpon-Wellspring, F|100\/100\n|turn|8\n|\n|t:|1699992460\n|move|p1a: Pikachu\u2026|Drain Punch|p2a: Ogerpon\n|-damage|p2a: Ogerpon|0 fnt\n|-heal|p1a: Pikachu\u2026|100\/100|[from] drain|[of] p2a: Ogerpon\n|faint|p2a: Ogerpon\n|-damage|p1a: Pikachu\u2026|91\/100|[from] item: Life Orb\n|\n|upkeep\n|-message|061mjs forfeited.\n|\n|win|JJAlegend\n|raw|JJAlegend's rating: 1030 &rarr; <strong>1062<\/strong><br \/>(+32 for winning)\n|raw|061mjs's rating: 1000 &rarr; <strong>1000<\/strong><br \/>(+0 for losing)\n|l|\u203d061mjs\n","uploadtime":1699992473,"views":8,"p1id":"jjalegend","p2id":"061mjs","formatid":"gen9ou","rating":1000,"private":0,"password":""}