{"id":"gen9ou-1994904591","p1":"mgunga","p2":"fazbeared","format":"[Gen 9] OU","log":"|j|\u203dmgunga\n|j|\u2606fazbeared\n|t:|1700503362\n|gametype|singles\n|player|p1|mgunga|170|1366\n|player|p2|fazbeared|lass-gen4dp|1446\n|teamsize|p1|6\n|teamsize|p2|6\n|gen|9\n|tier|[Gen 9] OU\n|rated|\n|rule|Sleep Clause Mod: Limit one foe put to sleep\n|rule|Species Clause: Limit one of each Pok\u00e9mon\n|rule|OHKO Clause: OHKO moves are banned\n|rule|Evasion Items Clause: Evasion items are banned\n|rule|Evasion Moves Clause: Evasion moves are banned\n|rule|Endless Battle Clause: Forcing endless battles is banned\n|rule|HP Percentage Mod: HP is shown in percentages\n|clearpoke\n|poke|p1|Ting-Lu|\n|poke|p1|Ninetales-Alola, M|\n|poke|p1|Dragonite, M|\n|poke|p1|Walking Wake|\n|poke|p1|Iron Valiant|\n|poke|p1|Great Tusk|\n|poke|p2|Weezing-Galar, M|\n|poke|p2|Rotom-Wash|\n|poke|p2|Dragapult, M|\n|poke|p2|Heatran, M|\n|poke|p2|Meowscarada, F|\n|poke|p2|Garchomp, M|\n|teampreview\n|inactive|Battle timer is ON: inactive players will automatically lose when time's up. (requested by mgunga)\n|inactive|fazbeared has 120 seconds left.\n|\n|t:|1700503403\n|start\n|switch|p1a: Ninetales|Ninetales-Alola, M|100\/100\n|switch|p2a: Heatran|Heatran, M, shiny|100\/100\n|-weather|Snow|[from] ability: Snow Warning|[of] p1a: Ninetales\n|turn|1\n|\n|t:|1700503425\n|move|p1a: Ninetales|Hypnosis|p2a: Heatran|[miss]\n|-miss|p1a: Ninetales|p2a: Heatran\n|move|p2a: Heatran|Magma Storm|p1a: Ninetales\n|-supereffective|p1a: Ninetales\n|-damage|p1a: Ninetales|0 fnt\n|faint|p1a: Ninetales\n|\n|-weather|Snow|[upkeep]\n|upkeep\n|\n|t:|1700503432\n|switch|p1a: Ting-Lu|Ting-Lu|100\/100\n|-ability|p1a: Ting-Lu|Vessel of Ruin\n|turn|2\n|\n|t:|1700503436\n|move|p2a: Heatran|Taunt|p1a: Ting-Lu\n|-start|p1a: Ting-Lu|move: Taunt\n|cant|p1a: Ting-Lu|move: Taunt|Spikes\n|\n|-weather|Snow|[upkeep]\n|upkeep\n|turn|3\n|\n|t:|1700503440\n|switch|p2a: Meowscarada|Meowscarada, F|100\/100\n|move|p1a: Ting-Lu|Earthquake|p2a: Meowscarada\n|-resisted|p2a: Meowscarada\n|-damage|p2a: Meowscarada|72\/100\n|\n|-weather|Snow|[upkeep]\n|upkeep\n|turn|4\n|\n|t:|1700503446\n|move|p2a: Meowscarada|Knock Off|p1a: Ting-Lu\n|-resisted|p1a: Ting-Lu\n|-damage|p1a: Ting-Lu|90\/100\n|-enditem|p1a: Ting-Lu|Leftovers|[from] move: Knock Off|[of] p2a: Meowscarada\n|move|p1a: Ting-Lu|Ruination|p2a: Meowscarada|[miss]\n|-miss|p1a: Ting-Lu|p2a: Meowscarada\n|\n|-weather|Snow|[upkeep]\n|-end|p1a: Ting-Lu|move: Taunt\n|upkeep\n|turn|5\n|\n|t:|1700503453\n|move|p2a: Meowscarada|Flower Trick|p1a: Ting-Lu\n|-supereffective|p1a: Ting-Lu\n|-crit|p1a: Ting-Lu\n|-damage|p1a: Ting-Lu|43\/100\n|move|p1a: Ting-Lu|Spikes|p2a: Meowscarada\n|-sidestart|p2: fazbeared|Spikes\n|\n|-weather|none\n|upkeep\n|turn|6\n|\n|t:|1700503466\n|switch|p1a: Dragonite|Dragonite, M|100\/100\n|move|p2a: Meowscarada|Flower Trick|p1a: Dragonite\n|-resisted|p1a: Dragonite\n|-crit|p1a: Dragonite\n|-damage|p1a: Dragonite|94\/100\n|\n|upkeep\n|turn|7\n|\n|t:|1700503472\n|move|p2a: Meowscarada|U-turn|p1a: Dragonite\n|-resisted|p1a: Dragonite\n|-damage|p1a: Dragonite|82\/100\n|\n|t:|1700503474\n|switch|p2a: Rotom|Rotom-Wash|100\/100|[from] U-turn\n|move|p1a: Dragonite|Dragon Dance|p1a: Dragonite\n|-boost|p1a: Dragonite|atk|1\n|-boost|p1a: Dragonite|spe|1\n|\n|upkeep\n|turn|8\n|\n|t:|1700503485\n|-terastallize|p1a: Dragonite|Normal\n|move|p1a: Dragonite|Dragon Dance|p1a: Dragonite\n|-boost|p1a: Dragonite|atk|1\n|-boost|p1a: Dragonite|spe|1\n|move|p2a: Rotom|Thunder Wave|p1a: Dragonite\n|-status|p1a: Dragonite|par\n|\n|upkeep\n|turn|9\n|\n|t:|1700503491\n|-terastallize|p2a: Rotom|Ghost\n|move|p1a: Dragonite|Dragon Dance|p1a: Dragonite\n|-boost|p1a: Dragonite|atk|1\n|-boost|p1a: Dragonite|spe|1\n|move|p2a: Rotom|Hydro Pump|p1a: Dragonite\n|-damage|p1a: Dragonite|38\/100 par\n|\n|upkeep\n|turn|10\n|\n|t:|1700503499\n|move|p1a: Dragonite|Ice Spinner|p2a: Rotom\n|-damage|p2a: Rotom|12\/100\n|move|p2a: Rotom|Hydro Pump|p1a: Dragonite\n|-damage|p1a: Dragonite|0 fnt\n|faint|p1a: Dragonite\n|\n|-heal|p2a: Rotom|19\/100|[from] item: Leftovers\n|upkeep\n|\n|t:|1700503505\n|switch|p1a: Iron Valiant|Iron Valiant|100\/100\n|turn|11\n|\n|t:|1700503508\n|move|p2a: Rotom|Protect|p2a: Rotom\n|-singleturn|p2a: Rotom|Protect\n|move|p1a: Iron Valiant|Knock Off|p2a: Rotom\n|-activate|p2a: Rotom|move: Protect\n|\n|-heal|p2a: Rotom|25\/100|[from] item: Leftovers\n|upkeep\n|turn|12\n|\n|t:|1700503518\n|switch|p2a: Weezing|Weezing-Galar, M|100\/100\n|-ability|p2a: Weezing|Neutralizing Gas\n|-damage|p2a: Weezing|88\/100|[from] Spikes\n|move|p1a: Iron Valiant|Knock Off|p2a: Weezing\n|-resisted|p2a: Weezing\n|-damage|p2a: Weezing|76\/100\n|-damage|p1a: Iron Valiant|84\/100|[from] item: Rocky Helmet|[of] p2a: Weezing\n|-enditem|p2a: Weezing|Rocky Helmet|[from] move: Knock Off|[of] p1a: Iron Valiant\n|\n|upkeep\n|turn|13\n|\n|t:|1700503528\n|-end|p1a: Iron Valiant|Quark Drive|[silent]\n|switch|p1a: Ting-Lu|Ting-Lu|43\/100\n|move|p2a: Weezing|Strange Steam|p1a: Ting-Lu\n|-supereffective|p1a: Ting-Lu\n|-damage|p1a: Ting-Lu|4\/100\n|\n|upkeep\n|turn|14\n|\n|t:|1700503535\n|move|p2a: Weezing|Strange Steam|p1a: Ting-Lu\n|-supereffective|p1a: Ting-Lu\n|-damage|p1a: Ting-Lu|0 fnt\n|faint|p1a: Ting-Lu\n|\n|upkeep\n|\n|t:|1700503541\n|switch|p1a: Great Tusk|Great Tusk|100\/100\n|turn|15\n|\n|t:|1700503546\n|-end|p2a: Weezing|ability: Neutralizing Gas\n|switch|p2a: Rotom|Rotom-Wash, tera:Ghost|25\/100\n|move|p1a: Great Tusk|Rapid Spin|p2a: Rotom\n|-immune|p2a: Rotom\n|\n|-heal|p2a: Rotom|31\/100|[from] item: Leftovers\n|upkeep\n|turn|16\n|\n|t:|1700503551\n|move|p1a: Great Tusk|Knock Off|p2a: Rotom\n|-supereffective|p2a: Rotom\n|-damage|p2a: Rotom|0 fnt\n|-enditem|p2a: Rotom|Leftovers|[from] move: Knock Off|[of] p1a: Great Tusk\n|faint|p2a: Rotom\n|\n|upkeep\n|\n|t:|1700503555\n|switch|p2a: Dragapult|Dragapult, M|100\/100\n|-damage|p2a: Dragapult|88\/100|[from] Spikes\n|turn|17\n|\n|t:|1700503561\n|move|p2a: Dragapult|Draco Meteor|p1a: Great Tusk\n|-damage|p1a: Great Tusk|0 fnt\n|-unboost|p2a: Dragapult|spa|2\n|faint|p1a: Great Tusk\n|-end|p1a: Great Tusk|Protosynthesis|[silent]\n|\n|upkeep\n|\n|t:|1700503565\n|switch|p1a: Walking Wake|Walking Wake|100\/100\n|-enditem|p1a: Walking Wake|Booster Energy\n|-activate|p1a: Walking Wake|ability: Protosynthesis|[fromitem]\n|-start|p1a: Walking Wake|protosynthesisspa\n|turn|18\n|\n|t:|1700503568\n|move|p2a: Dragapult|Draco Meteor|p1a: Walking Wake\n|-supereffective|p1a: Walking Wake\n|-crit|p1a: Walking Wake\n|-damage|p1a: Walking Wake|0 fnt\n|-unboost|p2a: Dragapult|spa|2\n|faint|p1a: Walking Wake\n|-end|p1a: Walking Wake|Protosynthesis|[silent]\n|\n|upkeep\n|-message|mgunga forfeited.\n|\n|win|fazbeared\n|raw|mgunga's rating: 1366 &rarr; <strong>1351<\/strong><br \/>(-15 for losing)\n|raw|fazbeared's rating: 1446 &rarr; <strong>1461<\/strong><br \/>(+15 for winning)\n|l|\u203dmgunga\n","uploadtime":1700503712,"views":13,"p1id":"mgunga","p2id":"fazbeared","formatid":"gen9ou","rating":1351,"private":0,"password":""}