{"id":"gen9ou-1992752308","p1":"little man skwovet","p2":"Vlarcheops","format":"[Gen 9] OU","log":"|j|\u2606little man skwovet\n|j|\u2606Vlarcheops\n|t:|1700232230\n|gametype|singles\n|player|p1|little man skwovet|2|1713\n|player|p2|Vlarcheops|hilbert-wonderlauncher|1779\n|teamsize|p1|6\n|teamsize|p2|6\n|gen|9\n|tier|[Gen 9] OU\n|rated|\n|rule|Sleep Clause Mod: Limit one foe put to sleep\n|rule|Species Clause: Limit one of each Pok\u00e9mon\n|rule|OHKO Clause: OHKO moves are banned\n|rule|Evasion Items Clause: Evasion items are banned\n|rule|Evasion Moves Clause: Evasion moves are banned\n|rule|Endless Battle Clause: Forcing endless battles is banned\n|rule|HP Percentage Mod: HP is shown in percentages\n|clearpoke\n|poke|p1|Heatran, F|\n|poke|p1|Blissey, F|\n|poke|p1|Alomomola, F|\n|poke|p1|Weezing-Galar, M|\n|poke|p1|Dondozo, F|\n|poke|p1|Ting-Lu|\n|poke|p2|Kingambit, M|\n|poke|p2|Cinderace, F|\n|poke|p2|Zamazenta-*|\n|poke|p2|Ursaluna, M|\n|poke|p2|Zapdos|\n|poke|p2|Manaphy|\n|teampreview\n|j| J.Yugan\n|inactive|Battle timer is ON: inactive players will automatically lose when time's up. (requested by Vlarcheops)\n|\n|t:|1700232256\n|start\n|switch|p1a: Alomomola|Alomomola, F|100\/100\n|switch|p2a: \u30a8\u30fc\u30b9\u30d0\u30fc\u30f3|Cinderace, F, shiny|100\/100\n|turn|1\n|\n|t:|1700232260\n|switch|p2a: \u30b5\u30f3\u30c0\u30fc|Zapdos, shiny|100\/100\n|move|p1a: Alomomola|Flip Turn|p2a: \u30b5\u30f3\u30c0\u30fc\n|-damage|p2a: \u30b5\u30f3\u30c0\u30fc|81\/100\n|\n|t:|1700232265\n|switch|p1a: Ting-Lu|Ting-Lu|100\/100|[from] Flip Turn\n|-ability|p1a: Ting-Lu|Vessel of Ruin\n|\n|upkeep\n|turn|2\n|\n|t:|1700232268\n|move|p2a: \u30b5\u30f3\u30c0\u30fc|U-turn|p1a: Ting-Lu\n|-supereffective|p1a: Ting-Lu\n|-damage|p1a: Ting-Lu|87\/100\n|\n|t:|1700232271\n|switch|p2a: \u30ac\u30c1\u30b0\u30de|Ursaluna, M, shiny|100\/100|[from] U-turn\n|move|p1a: Ting-Lu|Spikes|p2a: \u30ac\u30c1\u30b0\u30de\n|-sidestart|p2: Vlarcheops|Spikes\n|\n|-heal|p1a: Ting-Lu|93\/100|[from] item: Leftovers\n|-status|p2a: \u30ac\u30c1\u30b0\u30de|brn|[from] item: Flame Orb\n|upkeep\n|turn|3\n|\n|t:|1700232275\n|switch|p1a: Weezing|Weezing-Galar, M|100\/100\n|-ability|p1a: Weezing|Neutralizing Gas\n|move|p2a: \u30ac\u30c1\u30b0\u30de|Facade|p1a: Weezing\n|-damage|p1a: Weezing|44\/100\n|\n|-damage|p2a: \u30ac\u30c1\u30b0\u30de|94\/100 brn|[from] brn\n|upkeep\n|turn|4\n|\n|t:|1700232291\n|switch|p2a: \u30b5\u30f3\u30c0\u30fc|Zapdos, shiny|81\/100\n|move|p1a: Weezing|Pain Split|p2a: \u30b5\u30f3\u30c0\u30fc\n|-sethp|p2a: \u30b5\u30f3\u30c0\u30fc|63\/100|[from] move: Pain Split|[silent]\n|-sethp|p1a: Weezing|60\/100|[from] move: Pain Split\n|\n|upkeep\n|turn|5\n|\n|t:|1700232296\n|-end|p1a: Weezing|ability: Neutralizing Gas\n|switch|p1a: Alomomola|Alomomola, F|100\/100\n|move|p2a: \u30b5\u30f3\u30c0\u30fc|U-turn|p1a: Alomomola\n|-crit|p1a: Alomomola\n|-damage|p1a: Alomomola|88\/100\n|j| Antonyo4\n|\n|t:|1700232301\n|switch|p2a: \u30de\u30ca\u30d5\u30a3|Manaphy, shiny|100\/100|[from] U-turn\n|-damage|p2a: \u30de\u30ca\u30d5\u30a3|88\/100|[from] Spikes\n|\n|-heal|p2a: \u30de\u30ca\u30d5\u30a3|94\/100|[from] item: Leftovers\n|-heal|p1a: Alomomola|94\/100|[from] item: Leftovers\n|upkeep\n|turn|6\n|\n|t:|1700232305\n|move|p2a: \u30de\u30ca\u30d5\u30a3|Tail Glow|p2a: \u30de\u30ca\u30d5\u30a3\n|-boost|p2a: \u30de\u30ca\u30d5\u30a3|spa|3\n|move|p1a: Alomomola|Wish|p1a: Alomomola\n|\n|-heal|p2a: \u30de\u30ca\u30d5\u30a3|100\/100|[from] item: Leftovers\n|-heal|p1a: Alomomola|99\/100|[from] item: Leftovers\n|upkeep\n|turn|7\n|\n|t:|1700232310\n|switch|p1a: Dondozo|Dondozo, F|100\/100\n|move|p2a: \u30de\u30ca\u30d5\u30a3|Hydro Pump|p1a: Dondozo\n|-resisted|p1a: Dondozo\n|-damage|p1a: Dondozo|84\/100\n|\n|-heal|p1a: Dondozo|100\/100|[from] move: Wish|[wisher] Alomomola\n|upkeep\n|turn|8\n|\n|t:|1700232316\n|-terastallize|p2a: \u30de\u30ca\u30d5\u30a3|Grass\n|move|p2a: \u30de\u30ca\u30d5\u30a3|Energy Ball|p1a: Dondozo\n|-supereffective|p1a: Dondozo\n|-damage|p1a: Dondozo|49\/100\n|move|p1a: Dondozo|Curse|p1a: Dondozo\n|-unboost|p1a: Dondozo|spe|1\n|-boost|p1a: Dondozo|atk|1\n|-boost|p1a: Dondozo|def|1\n|\n|-heal|p1a: Dondozo|55\/100|[from] item: Leftovers\n|upkeep\n|turn|9\n|\n|t:|1700232326\n|-terastallize|p1a: Dondozo|Dark\n|move|p2a: \u30de\u30ca\u30d5\u30a3|Energy Ball|p1a: Dondozo\n|-damage|p1a: Dondozo|31\/100\n|move|p1a: Dondozo|Rest|p1a: Dondozo\n|-status|p1a: Dondozo|slp|[from] move: Rest\n|-heal|p1a: Dondozo|100\/100 slp|[silent]\n|\n|upkeep\n|turn|10\n|\n|t:|1700232338\n|switch|p2a: \u30b6\u30de\u30bc\u30f3\u30bf|Zamazenta, shiny|100\/100\n|-damage|p2a: \u30b6\u30de\u30bc\u30f3\u30bf|88\/100|[from] Spikes\n|-ability|p2a: \u30b6\u30de\u30bc\u30f3\u30bf|Dauntless Shield|boost\n|-boost|p2a: \u30b6\u30de\u30bc\u30f3\u30bf|def|1\n|cant|p1a: Dondozo|slp\n|move|p1a: Dondozo|Sleep Talk|p1a: Dondozo\n|move|p1a: Dondozo|Wave Crash|p2a: \u30b6\u30de\u30bc\u30f3\u30bf|[from]move: Sleep Talk\n|-crit|p2a: \u30b6\u30de\u30bc\u30f3\u30bf\n|-damage|p2a: \u30b6\u30de\u30bc\u30f3\u30bf|0 fnt\n|faint|p2a: \u30b6\u30de\u30bc\u30f3\u30bf\n|-damage|p1a: Dondozo|82\/100 slp|[from] Recoil\n|\n|-heal|p1a: Dondozo|88\/100 slp|[from] item: Leftovers\n|upkeep\n|\n|t:|1700232350\n|switch|p2a: \u30ac\u30c1\u30b0\u30de|Ursaluna, M, shiny|94\/100 brn\n|-damage|p2a: \u30ac\u30c1\u30b0\u30de|82\/100 brn|[from] Spikes\n|turn|11\n|\n|t:|1700232362\n|switch|p1a: Heatran|Heatran, F|100\/100\n|move|p2a: \u30ac\u30c1\u30b0\u30de|Facade|p1a: Heatran\n|-resisted|p1a: Heatran\n|-damage|p1a: Heatran|63\/100\n|\n|-heal|p1a: Heatran|69\/100|[from] item: Leftovers\n|-damage|p2a: \u30ac\u30c1\u30b0\u30de|76\/100 brn|[from] brn\n|upkeep\n|turn|12\n|\n|t:|1700232374\n|move|p1a: Heatran|Will-O-Wisp|p2a: \u30ac\u30c1\u30b0\u30de\n|-fail|p2a: \u30ac\u30c1\u30b0\u30de|brn\n|move|p2a: \u30ac\u30c1\u30b0\u30de|Headlong Rush|p1a: Heatran\n|-supereffective|p1a: Heatran\n|-damage|p1a: Heatran|0 fnt\n|-unboost|p2a: \u30ac\u30c1\u30b0\u30de|def|1\n|-unboost|p2a: \u30ac\u30c1\u30b0\u30de|spd|1\n|faint|p1a: Heatran\n|\n|-damage|p2a: \u30ac\u30c1\u30b0\u30de|70\/100 brn|[from] brn\n|upkeep\n|\n|t:|1700232382\n|switch|p1a: Ting-Lu|Ting-Lu|93\/100\n|-ability|p1a: Ting-Lu|Vessel of Ruin\n|turn|13\n|\n|t:|1700232404\n|switch|p2a: \u30b5\u30f3\u30c0\u30fc|Zapdos, shiny|63\/100\n|move|p1a: Ting-Lu|Earthquake|p2a: \u30b5\u30f3\u30c0\u30fc\n|-immune|p2a: \u30b5\u30f3\u30c0\u30fc\n|\n|-heal|p1a: Ting-Lu|99\/100|[from] item: Leftovers\n|upkeep\n|turn|14\n|\n|t:|1700232406\n|move|p2a: \u30b5\u30f3\u30c0\u30fc|Hurricane|p1a: Ting-Lu\n|-damage|p1a: Ting-Lu|77\/100\n|-start|p1a: Ting-Lu|confusion\n|-activate|p1a: Ting-Lu|confusion\n|-damage|p1a: Ting-Lu|72\/100|[from] confusion\n|\n|-heal|p1a: Ting-Lu|78\/100|[from] item: Leftovers\n|upkeep\n|turn|15\n|\n|t:|1700232411\n|move|p2a: \u30b5\u30f3\u30c0\u30fc|U-turn|p1a: Ting-Lu\n|-supereffective|p1a: Ting-Lu\n|-damage|p1a: Ting-Lu|64\/100\n|\n|t:|1700232416\n|switch|p2a: \u30de\u30ca\u30d5\u30a3|Manaphy, shiny, tera:Grass|100\/100|[from] U-turn\n|-damage|p2a: \u30de\u30ca\u30d5\u30a3|88\/100|[from] Spikes\n|-end|p1a: Ting-Lu|confusion\n|move|p1a: Ting-Lu|Spikes|p2a: \u30de\u30ca\u30d5\u30a3\n|-sidestart|p2: Vlarcheops|Spikes\n|\n|-heal|p2a: \u30de\u30ca\u30d5\u30a3|94\/100|[from] item: Leftovers\n|-heal|p1a: Ting-Lu|70\/100|[from] item: Leftovers\n|upkeep\n|turn|16\n|\n|t:|1700232423\n|switch|p2a: \u30a8\u30fc\u30b9\u30d0\u30fc\u30f3|Cinderace, F, shiny|100\/100\n|-damage|p2a: \u30a8\u30fc\u30b9\u30d0\u30fc\u30f3|84\/100|[from] Spikes\n|switch|p1a: Blissey|Blissey, F|100\/100\n|\n|upkeep\n|turn|17\n|\n|t:|1700232429\n|switch|p1a: Alomomola|Alomomola, F|100\/100\n|move|p2a: \u30a8\u30fc\u30b9\u30d0\u30fc\u30f3|U-turn|p1a: Alomomola\n|-start|p2a: \u30a8\u30fc\u30b9\u30d0\u30fc\u30f3|typechange|Bug|[from] ability: Libero\n|-damage|p1a: Alomomola|81\/100\n|j| kdsakdksa\n|l| kdsakdksa\n|\n|t:|1700232452\n|switch|p2a: \u30de\u30ca\u30d5\u30a3|Manaphy, shiny, tera:Grass|94\/100|[from] U-turn\n|-damage|p2a: \u30de\u30ca\u30d5\u30a3|78\/100|[from] Spikes\n|\n|-heal|p2a: \u30de\u30ca\u30d5\u30a3|84\/100|[from] item: Leftovers\n|-heal|p1a: Alomomola|87\/100|[from] item: Leftovers\n|upkeep\n|turn|18\n|j| kdsakdksa\n|\n|t:|1700232455\n|switch|p1a: Blissey|Blissey, F|100\/100\n|move|p2a: \u30de\u30ca\u30d5\u30a3|Tail Glow|p2a: \u30de\u30ca\u30d5\u30a3\n|-boost|p2a: \u30de\u30ca\u30d5\u30a3|spa|3\n|\n|-heal|p2a: \u30de\u30ca\u30d5\u30a3|90\/100|[from] item: Leftovers\n|upkeep\n|turn|19\n|\n|t:|1700232458\n|move|p2a: \u30de\u30ca\u30d5\u30a3|Hydro Pump|p1a: Blissey\n|-damage|p1a: Blissey|62\/100\n|move|p1a: Blissey|Seismic Toss|p2a: \u30de\u30ca\u30d5\u30a3\n|-damage|p2a: \u30de\u30ca\u30d5\u30a3|61\/100\n|\n|-heal|p2a: \u30de\u30ca\u30d5\u30a3|67\/100|[from] item: Leftovers\n|upkeep\n|turn|20\n|\n|t:|1700232465\n|switch|p2a: \u30ac\u30c1\u30b0\u30de|Ursaluna, M, shiny|70\/100 brn\n|-damage|p2a: \u30ac\u30c1\u30b0\u30de|53\/100 brn|[from] Spikes\n|move|p1a: Blissey|Soft-Boiled|p1a: Blissey\n|-heal|p1a: Blissey|100\/100\n|\n|-damage|p2a: \u30ac\u30c1\u30b0\u30de|47\/100 brn|[from] brn\n|upkeep\n|turn|21\n|\n|t:|1700232471\n|switch|p1a: Weezing|Weezing-Galar, M|60\/100\n|-ability|p1a: Weezing|Neutralizing Gas\n|move|p2a: \u30ac\u30c1\u30b0\u30de|Facade|p1a: Weezing\n|-damage|p1a: Weezing|7\/100\n|\n|-damage|p2a: \u30ac\u30c1\u30b0\u30de|41\/100 brn|[from] brn\n|upkeep\n|turn|22\n|\n|t:|1700232479\n|move|p1a: Weezing|Pain Split|p2a: \u30ac\u30c1\u30b0\u30de\n|-sethp|p2a: \u30ac\u30c1\u30b0\u30de|23\/100 brn|[from] move: Pain Split|[silent]\n|-sethp|p1a: Weezing|32\/100|[from] move: Pain Split\n|move|p2a: \u30ac\u30c1\u30b0\u30de|Facade|p1a: Weezing\n|-damage|p1a: Weezing|0 fnt\n|faint|p1a: Weezing\n|-end|p1a: Weezing|ability: Neutralizing Gas\n|\n|-damage|p2a: \u30ac\u30c1\u30b0\u30de|17\/100 brn|[from] brn\n|upkeep\n|\n|t:|1700232494\n|switch|p1a: Alomomola|Alomomola, F|100\/100\n|turn|23\n|\n|t:|1700232507\n|move|p2a: \u30ac\u30c1\u30b0\u30de|Facade|p1a: Alomomola\n|-damage|p1a: Alomomola|23\/100\n|move|p1a: Alomomola|Flip Turn|p2a: \u30ac\u30c1\u30b0\u30de\n|-supereffective|p2a: \u30ac\u30c1\u30b0\u30de\n|-crit|p2a: \u30ac\u30c1\u30b0\u30de\n|-damage|p2a: \u30ac\u30c1\u30b0\u30de|0 fnt\n|faint|p2a: \u30ac\u30c1\u30b0\u30de\n|\n|t:|1700232510\n|switch|p1a: Dondozo|Dondozo, F, tera:Dark|88\/100 slp|[from] Flip Turn\n|\n|-heal|p1a: Dondozo|94\/100 slp|[from] item: Leftovers\n|upkeep\n|\n|t:|1700232514\n|switch|p2a: \u30a8\u30fc\u30b9\u30d0\u30fc\u30f3|Cinderace, F, shiny|84\/100\n|-damage|p2a: \u30a8\u30fc\u30b9\u30d0\u30fc\u30f3|67\/100|[from] Spikes\n|turn|24\n|\n|t:|1700232517\n|switch|p1a: Alomomola|Alomomola, F|57\/100\n|move|p2a: \u30a8\u30fc\u30b9\u30d0\u30fc\u30f3|High Jump Kick|p1a: Alomomola\n|-start|p2a: \u30a8\u30fc\u30b9\u30d0\u30fc\u30f3|typechange|Fighting|[from] ability: Libero\n|-damage|p1a: Alomomola|19\/100\n|\n|-heal|p1a: Alomomola|25\/100|[from] item: Leftovers\n|upkeep\n|turn|25\n|l| J.Yugan\n|\n|t:|1700232523\n|move|p1a: Alomomola|Protect|p1a: Alomomola\n|-singleturn|p1a: Alomomola|Protect\n|move|p2a: \u30a8\u30fc\u30b9\u30d0\u30fc\u30f3|High Jump Kick|p1a: Alomomola\n|-activate|p1a: Alomomola|move: Protect\n|-damage|p2a: \u30a8\u30fc\u30b9\u30d0\u30fc\u30f3|17\/100|[from] highjumpkick\n|\n|-heal|p1a: Alomomola|31\/100|[from] item: Leftovers\n|upkeep\n|turn|26\n|\n|t:|1700232541\n|switch|p1a: Ting-Lu|Ting-Lu|70\/100\n|-ability|p1a: Ting-Lu|Vessel of Ruin\n|move|p2a: \u30a8\u30fc\u30b9\u30d0\u30fc\u30f3|High Jump Kick|p1a: Ting-Lu\n|-supereffective|p1a: Ting-Lu\n|-damage|p1a: Ting-Lu|6\/100\n|\n|-heal|p1a: Ting-Lu|12\/100|[from] item: Leftovers\n|upkeep\n|turn|27\n|\n|t:|1700232550\n|switch|p1a: Alomomola|Alomomola, F|64\/100\n|move|p2a: \u30a8\u30fc\u30b9\u30d0\u30fc\u30f3|High Jump Kick|p1a: Alomomola\n|-damage|p1a: Alomomola|25\/100\n|\n|-heal|p1a: Alomomola|31\/100|[from] item: Leftovers\n|upkeep\n|turn|28\n|\n|t:|1700232573\n|switch|p2a: \u30c9\u30c9\u30b2\u30b6\u30f3|Kingambit, M, shiny|100\/100\n|-damage|p2a: \u30c9\u30c9\u30b2\u30b6\u30f3|84\/100|[from] Spikes\n|-activate|p2a: \u30c9\u30c9\u30b2\u30b6\u30f3|ability: Supreme Overlord\n|-start|p2a: \u30c9\u30c9\u30b2\u30b6\u30f3|fallen2|[silent]\n|move|p1a: Alomomola|Protect||[still]\n|-fail|p1a: Alomomola\n|\n|-heal|p1a: Alomomola|37\/100|[from] item: Leftovers\n|upkeep\n|turn|29\n|\n|t:|1700232586\n|switch|p1a: Dondozo|Dondozo, F, tera:Dark|94\/100 slp\n|move|p2a: \u30c9\u30c9\u30b2\u30b6\u30f3|Iron Head|p1a: Dondozo\n|-damage|p1a: Dondozo|61\/100 slp\n|\n|-heal|p1a: Dondozo|68\/100 slp|[from] item: Leftovers\n|upkeep\n|turn|30\n|\n|t:|1700232591\n|move|p2a: \u30c9\u30c9\u30b2\u30b6\u30f3|Iron Head|p1a: Dondozo\n|-damage|p1a: Dondozo|33\/100 slp\n|cant|p1a: Dondozo|slp\n|move|p1a: Dondozo|Sleep Talk|p1a: Dondozo\n|move|p1a: Dondozo|Curse|p1a: Dondozo|[from]move: Sleep Talk\n|-unboost|p1a: Dondozo|spe|1\n|-boost|p1a: Dondozo|atk|1\n|-boost|p1a: Dondozo|def|1\n|\n|-heal|p1a: Dondozo|39\/100 slp|[from] item: Leftovers\n|upkeep\n|turn|31\n|\n|t:|1700232597\n|move|p2a: \u30c9\u30c9\u30b2\u30b6\u30f3|Iron Head|p1a: Dondozo\n|-damage|p1a: Dondozo|17\/100 slp\n|-curestatus|p1a: Dondozo|slp|[msg]\n|move|p1a: Dondozo|Rest|p1a: Dondozo\n|-status|p1a: Dondozo|slp|[from] move: Rest\n|-heal|p1a: Dondozo|100\/100 slp|[silent]\n|\n|upkeep\n|turn|32\n|\n|t:|1700232605\n|-end|p2a: \u30c9\u30c9\u30b2\u30b6\u30f3|fallen2|[silent]\n|switch|p2a: \u30a8\u30fc\u30b9\u30d0\u30fc\u30f3|Cinderace, F, shiny|17\/100\n|-damage|p2a: \u30a8\u30fc\u30b9\u30d0\u30fc\u30f3|1\/100|[from] Spikes\n|cant|p1a: Dondozo|slp\n|move|p1a: Dondozo|Sleep Talk|p1a: Dondozo\n|move|p1a: Dondozo|Rest||[from]move: Sleep Talk|[still]\n|-fail|p1a: Dondozo\n|\n|upkeep\n|turn|33\n|\n|t:|1700232611\n|move|p2a: \u30a8\u30fc\u30b9\u30d0\u30fc\u30f3|High Jump Kick|p1a: Dondozo\n|-start|p2a: \u30a8\u30fc\u30b9\u30d0\u30fc\u30f3|typechange|Fighting|[from] ability: Libero\n|-supereffective|p1a: Dondozo\n|-damage|p1a: Dondozo|48\/100 slp\n|cant|p1a: Dondozo|slp\n|move|p1a: Dondozo|Sleep Talk|p1a: Dondozo\n|move|p1a: Dondozo|Rest||[from]move: Sleep Talk|[still]\n|-fail|p1a: Dondozo\n|\n|-heal|p1a: Dondozo|54\/100 slp|[from] item: Leftovers\n|upkeep\n|turn|34\n|\n|t:|1700232620\n|move|p2a: \u30a8\u30fc\u30b9\u30d0\u30fc\u30f3|High Jump Kick|p1a: Dondozo\n|-supereffective|p1a: Dondozo\n|-damage|p1a: Dondozo|1\/100 slp\n|-curestatus|p1a: Dondozo|slp|[msg]\n|move|p1a: Dondozo|Rest|p1a: Dondozo\n|-status|p1a: Dondozo|slp|[from] move: Rest\n|-heal|p1a: Dondozo|100\/100 slp|[silent]\n|\n|upkeep\n|turn|35\n|\n|t:|1700232628\n|move|p2a: \u30a8\u30fc\u30b9\u30d0\u30fc\u30f3|High Jump Kick|p1a: Dondozo\n|-supereffective|p1a: Dondozo\n|-damage|p1a: Dondozo|52\/100 slp\n|cant|p1a: Dondozo|slp\n|move|p1a: Dondozo|Sleep Talk|p1a: Dondozo\n|move|p1a: Dondozo|Curse|p1a: Dondozo|[from]move: Sleep Talk\n|-unboost|p1a: Dondozo|spe|1\n|-boost|p1a: Dondozo|atk|1\n|-boost|p1a: Dondozo|def|1\n|\n|-heal|p1a: Dondozo|58\/100 slp|[from] item: Leftovers\n|upkeep\n|turn|36\n|\n|t:|1700232635\n|move|p2a: \u30a8\u30fc\u30b9\u30d0\u30fc\u30f3|High Jump Kick|p1a: Dondozo\n|-supereffective|p1a: Dondozo\n|-damage|p1a: Dondozo|23\/100 slp\n|cant|p1a: Dondozo|slp\n|move|p1a: Dondozo|Sleep Talk|p1a: Dondozo\n|move|p1a: Dondozo|Curse|p1a: Dondozo|[from]move: Sleep Talk\n|-unboost|p1a: Dondozo|spe|1\n|-boost|p1a: Dondozo|atk|1\n|-boost|p1a: Dondozo|def|1\n|\n|-heal|p1a: Dondozo|29\/100 slp|[from] item: Leftovers\n|upkeep\n|turn|37\n|\n|t:|1700232644\n|switch|p1a: Ting-Lu|Ting-Lu|12\/100\n|-ability|p1a: Ting-Lu|Vessel of Ruin\n|move|p2a: \u30a8\u30fc\u30b9\u30d0\u30fc\u30f3|High Jump Kick|p1a: Ting-Lu\n|-supereffective|p1a: Ting-Lu\n|-damage|p1a: Ting-Lu|0 fnt\n|faint|p1a: Ting-Lu\n|\n|upkeep\n|\n|t:|1700232645\n|switch|p1a: Alomomola|Alomomola, F|71\/100\n|turn|38\n|\n|t:|1700232655\n|move|p2a: \u30a8\u30fc\u30b9\u30d0\u30fc\u30f3|High Jump Kick|p1a: Alomomola\n|-damage|p1a: Alomomola|31\/100\n|move|p1a: Alomomola|Wish|p1a: Alomomola\n|\n|-heal|p1a: Alomomola|38\/100|[from] item: Leftovers\n|upkeep\n|turn|39\n|\n|t:|1700232658\n|move|p1a: Alomomola|Protect|p1a: Alomomola\n|-singleturn|p1a: Alomomola|Protect\n|move|p2a: \u30a8\u30fc\u30b9\u30d0\u30fc\u30f3|High Jump Kick|p1a: Alomomola\n|-activate|p1a: Alomomola|move: Protect\n|-damage|p2a: \u30a8\u30fc\u30b9\u30d0\u30fc\u30f3|0 fnt|[from] highjumpkick\n|faint|p2a: \u30a8\u30fc\u30b9\u30d0\u30fc\u30f3\n|\n|-heal|p1a: Alomomola|88\/100|[from] move: Wish|[wisher] Alomomola\n|-heal|p1a: Alomomola|94\/100|[from] item: Leftovers\n|upkeep\n|\n|t:|1700232661\n|switch|p2a: \u30c9\u30c9\u30b2\u30b6\u30f3|Kingambit, M, shiny|84\/100\n|-damage|p2a: \u30c9\u30c9\u30b2\u30b6\u30f3|68\/100|[from] Spikes\n|-activate|p2a: \u30c9\u30c9\u30b2\u30b6\u30f3|ability: Supreme Overlord\n|-start|p2a: \u30c9\u30c9\u30b2\u30b6\u30f3|fallen3|[silent]\n|turn|40\n|\n|t:|1700232665\n|move|p2a: \u30c9\u30c9\u30b2\u30b6\u30f3|Kowtow Cleave|p1a: Alomomola\n|-damage|p1a: Alomomola|51\/100\n|move|p1a: Alomomola|Wish|p1a: Alomomola\n|\n|-heal|p1a: Alomomola|58\/100|[from] item: Leftovers\n|upkeep\n|turn|41\n|\n|t:|1700232669\n|move|p2a: \u30c9\u30c9\u30b2\u30b6\u30f3|Swords Dance|p2a: \u30c9\u30c9\u30b2\u30b6\u30f3\n|-boost|p2a: \u30c9\u30c9\u30b2\u30b6\u30f3|atk|2\n|move|p1a: Alomomola|Flip Turn|p2a: \u30c9\u30c9\u30b2\u30b6\u30f3\n|-damage|p2a: \u30c9\u30c9\u30b2\u30b6\u30f3|54\/100\n|\n|t:|1700232671\n|switch|p1a: Dondozo|Dondozo, F, tera:Dark|29\/100 slp|[from] Flip Turn\n|\n|-heal|p1a: Dondozo|77\/100 slp|[from] move: Wish|[wisher] Alomomola\n|-heal|p1a: Dondozo|83\/100 slp|[from] item: Leftovers\n|upkeep\n|turn|42\n|\n|t:|1700232673\n|move|p2a: \u30c9\u30c9\u30b2\u30b6\u30f3|Iron Head|p1a: Dondozo\n|-damage|p1a: Dondozo|46\/100 slp\n|-curestatus|p1a: Dondozo|slp|[msg]\n|move|p1a: Dondozo|Curse|p1a: Dondozo\n|-unboost|p1a: Dondozo|spe|1\n|-boost|p1a: Dondozo|atk|1\n|-boost|p1a: Dondozo|def|1\n|\n|-heal|p1a: Dondozo|52\/100|[from] item: Leftovers\n|upkeep\n|turn|43\n|\n|t:|1700232679\n|move|p2a: \u30c9\u30c9\u30b2\u30b6\u30f3|Iron Head|p1a: Dondozo\n|-damage|p1a: Dondozo|26\/100\n|move|p1a: Dondozo|Rest|p1a: Dondozo\n|-status|p1a: Dondozo|slp|[from] move: Rest\n|-heal|p1a: Dondozo|100\/100 slp|[silent]\n|\n|upkeep\n|turn|44\n|\n|t:|1700232684\n|-end|p2a: \u30c9\u30c9\u30b2\u30b6\u30f3|fallen3|[silent]\n|switch|p2a: \u30b5\u30f3\u30c0\u30fc|Zapdos, shiny|63\/100\n|cant|p1a: Dondozo|slp\n|move|p1a: Dondozo|Sleep Talk|p1a: Dondozo\n|move|p1a: Dondozo|Wave Crash|p2a: \u30b5\u30f3\u30c0\u30fc|[from]move: Sleep Talk\n|-damage|p2a: \u30b5\u30f3\u30c0\u30fc|0 fnt\n|faint|p2a: \u30b5\u30f3\u30c0\u30fc\n|-damage|p1a: Dondozo|87\/100 slp|[from] Recoil\n|\n|-heal|p1a: Dondozo|94\/100 slp|[from] item: Leftovers\n|upkeep\n|\n|t:|1700232690\n|switch|p2a: \u30c9\u30c9\u30b2\u30b6\u30f3|Kingambit, M, shiny|54\/100\n|-damage|p2a: \u30c9\u30c9\u30b2\u30b6\u30f3|37\/100|[from] Spikes\n|-activate|p2a: \u30c9\u30c9\u30b2\u30b6\u30f3|ability: Supreme Overlord\n|-start|p2a: \u30c9\u30c9\u30b2\u30b6\u30f3|fallen4|[silent]\n|turn|45\n|\n|t:|1700232693\n|move|p2a: \u30c9\u30c9\u30b2\u30b6\u30f3|Iron Head|p1a: Dondozo\n|-damage|p1a: Dondozo|69\/100 slp\n|cant|p1a: Dondozo|slp\n|cant|p1a: Dondozo|flinch\n|\n|-heal|p1a: Dondozo|75\/100 slp|[from] item: Leftovers\n|upkeep\n|turn|46\n|\n|t:|1700232700\n|move|p2a: \u30c9\u30c9\u30b2\u30b6\u30f3|Iron Head|p1a: Dondozo\n|-damage|p1a: Dondozo|46\/100 slp\n|-curestatus|p1a: Dondozo|slp|[msg]\n|move|p1a: Dondozo|Curse|p1a: Dondozo\n|-unboost|p1a: Dondozo|spe|1\n|-boost|p1a: Dondozo|atk|1\n|-boost|p1a: Dondozo|def|1\n|\n|-heal|p1a: Dondozo|52\/100|[from] item: Leftovers\n|upkeep\n|turn|47\n|\n|t:|1700232705\n|move|p2a: \u30c9\u30c9\u30b2\u30b6\u30f3|Iron Head|p1a: Dondozo\n|-damage|p1a: Dondozo|31\/100\n|move|p1a: Dondozo|Rest|p1a: Dondozo\n|-status|p1a: Dondozo|slp|[from] move: Rest\n|-heal|p1a: Dondozo|100\/100 slp|[silent]\n|\n|upkeep\n|turn|48\n|\n|t:|1700232711\n|move|p2a: \u30c9\u30c9\u30b2\u30b6\u30f3|Iron Head|p1a: Dondozo\n|-damage|p1a: Dondozo|82\/100 slp\n|cant|p1a: Dondozo|slp\n|move|p1a: Dondozo|Sleep Talk|p1a: Dondozo\n|move|p1a: Dondozo|Rest||[from]move: Sleep Talk|[still]\n|-fail|p1a: Dondozo\n|\n|-heal|p1a: Dondozo|88\/100 slp|[from] item: Leftovers\n|upkeep\n|turn|49\n|\n|t:|1700232720\n|move|p2a: \u30c9\u30c9\u30b2\u30b6\u30f3|Iron Head|p1a: Dondozo\n|-damage|p1a: Dondozo|70\/100 slp\n|cant|p1a: Dondozo|slp\n|move|p1a: Dondozo|Sleep Talk|p1a: Dondozo\n|move|p1a: Dondozo|Wave Crash|p2a: \u30c9\u30c9\u30b2\u30b6\u30f3|[from]move: Sleep Talk\n|-damage|p2a: \u30c9\u30c9\u30b2\u30b6\u30f3|0 fnt\n|faint|p2a: \u30c9\u30c9\u30b2\u30b6\u30f3\n|-end|p2a: \u30c9\u30c9\u30b2\u30b6\u30f3|fallen4|[silent]\n|-damage|p1a: Dondozo|62\/100 slp|[from] Recoil\n|\n|-heal|p1a: Dondozo|68\/100 slp|[from] item: Leftovers\n|upkeep\n|\n|t:|1700232727\n|switch|p2a: \u30de\u30ca\u30d5\u30a3|Manaphy, shiny, tera:Grass|67\/100\n|-damage|p2a: \u30de\u30ca\u30d5\u30a3|51\/100|[from] Spikes\n|turn|50\n|\n|t:|1700232729\n|move|p2a: \u30de\u30ca\u30d5\u30a3|Tail Glow|p2a: \u30de\u30ca\u30d5\u30a3\n|-boost|p2a: \u30de\u30ca\u30d5\u30a3|spa|3\n|-curestatus|p1a: Dondozo|slp|[msg]\n|move|p1a: Dondozo|Wave Crash|p2a: \u30de\u30ca\u30d5\u30a3\n|-resisted|p2a: \u30de\u30ca\u30d5\u30a3\n|-damage|p2a: \u30de\u30ca\u30d5\u30a3|10\/100\n|-damage|p1a: Dondozo|59\/100|[from] Recoil\n|\n|-heal|p2a: \u30de\u30ca\u30d5\u30a3|16\/100|[from] item: Leftovers\n|-heal|p1a: Dondozo|65\/100|[from] item: Leftovers\n|upkeep\n|turn|51\n|\n|t:|1700232731\n|move|p2a: \u30de\u30ca\u30d5\u30a3|Hydro Pump|p1a: Dondozo|[miss]\n|-miss|p2a: \u30de\u30ca\u30d5\u30a3|p1a: Dondozo\n|move|p1a: Dondozo|Wave Crash|p2a: \u30de\u30ca\u30d5\u30a3\n|-resisted|p2a: \u30de\u30ca\u30d5\u30a3\n|-damage|p2a: \u30de\u30ca\u30d5\u30a3|0 fnt\n|faint|p2a: \u30de\u30ca\u30d5\u30a3\n|-damage|p1a: Dondozo|61\/100|[from] Recoil\n|\n|win|little man skwovet\n|raw|little man skwovet's rating: 1713 &rarr; <strong>1737<\/strong><br \/>(+24 for winning)\n|raw|Vlarcheops's rating: 1779 &rarr; <strong>1755<\/strong><br \/>(-24 for losing)\n|l|\u2606Vlarcheops\n","uploadtime":1700232737,"views":34,"p1id":"littlemanskwovet","p2id":"vlarcheops","formatid":"gen9ou","rating":1737,"private":0,"password":""}