{"id":"gen9ou-2000207536","p1":"JJJsepht","p2":"Cryptic_Brawler","format":"[Gen 9] OU","log":"|j|\u2606JJJsepht\n|j|\u203dCryptic_Brawler\n|t:|1701172171\n|gametype|singles\n|player|p1|JJJsepht|marshal|\n|player|p2|Cryptic_Brawler|ghetsis-gen5bw|\n|teamsize|p1|6\n|teamsize|p2|6\n|gen|9\n|tier|[Gen 9] OU\n|rule|Sleep Clause Mod: Limit one foe put to sleep\n|rule|Species Clause: Limit one of each Pok\u00e9mon\n|rule|OHKO Clause: OHKO moves are banned\n|rule|Evasion Items Clause: Evasion items are banned\n|rule|Evasion Moves Clause: Evasion moves are banned\n|rule|Endless Battle Clause: Forcing endless battles is banned\n|rule|HP Percentage Mod: HP is shown in percentages\n|clearpoke\n|poke|p1|Pelipper, M|\n|poke|p1|Barraskewda, F|\n|poke|p1|Great Tusk|\n|poke|p1|Amoonguss, M|\n|poke|p1|Kingambit, F|\n|poke|p1|Rotom-Frost|\n|poke|p2|Decidueye-Hisui, F|\n|poke|p2|Milotic, M|\n|poke|p2|Ceruledge, M|\n|poke|p2|Thundurus-Therian, M|\n|poke|p2|Garchomp, F|\n|poke|p2|Overqwil, M|\n|teampreview\n|\n|t:|1701172180\n|start\n|switch|p1a: birdie|Pelipper, M, shiny|100\/100\n|switch|p2a: Thundurus|Thundurus-Therian, M|100\/100\n|-weather|RainDance|[from] ability: Drizzle|[of] p1a: birdie\n|turn|1\n|\n|t:|1701172194\n|switch|p1a: food|Rotom-Frost, shiny|100\/100\n|move|p2a: Thundurus|Grass Knot|p1a: food\n|-damage|p1a: food|93\/100\n|-damage|p2a: Thundurus|91\/100|[from] item: Life Orb\n|\n|-weather|RainDance|[upkeep]\n|upkeep\n|turn|2\n|\n|t:|1701172207\n|move|p2a: Thundurus|Volt Switch|p1a: food\n|-resisted|p1a: food\n|-damage|p1a: food|75\/100\n|-damage|p2a: Thundurus|81\/100|[from] item: Life Orb\n|c|\u2606JJJsepht|shi\n|\n|t:|1701172213\n|switch|p2a: Garchomp|Garchomp, F|100\/100|[from] Volt Switch\n|move|p1a: food|Blizzard|p2a: Garchomp|[miss]\n|-miss|p1a: food|p2a: Garchomp\n|\n|-weather|RainDance|[upkeep]\n|upkeep\n|turn|3\n|c|\u2606JJJsepht|NOOOO\n|c|\u2606JJJsepht|RNGGGG\n|\n|t:|1701172228\n|switch|p2a: Milotic|Milotic, M|100\/100\n|move|p1a: food|Blizzard|p2a: Milotic|[miss]\n|-miss|p1a: food|p2a: Milotic\n|\n|-weather|RainDance|[upkeep]\n|-status|p2a: Milotic|brn|[from] item: Flame Orb\n|upkeep\n|turn|4\n|\n|t:|1701172245\n|move|p1a: food|Thunder|p2a: Milotic\n|-supereffective|p2a: Milotic\n|-damage|p2a: Milotic|38\/100 brn\n|move|p2a: Milotic|Light Screen|p2a: Milotic\n|-sidestart|p2: Cryptic_Brawler|move: Light Screen\n|\n|-weather|RainDance|[upkeep]\n|-damage|p2a: Milotic|31\/100 brn|[from] brn\n|upkeep\n|turn|5\n|\n|t:|1701172258\n|move|p1a: food|Thunder|p2a: Milotic\n|-supereffective|p2a: Milotic\n|-damage|p2a: Milotic|0 fnt\n|faint|p2a: Milotic\n|\n|-weather|RainDance|[upkeep]\n|upkeep\n|\n|t:|1701172263\n|switch|p2a: Thundurus|Thundurus-Therian, M|81\/100\n|turn|6\n|\n|t:|1701172280\n|move|p2a: Thundurus|Volt Switch|p1a: food\n|-resisted|p1a: food\n|-damage|p1a: food|56\/100\n|-damage|p2a: Thundurus|71\/100|[from] item: Life Orb\n|\n|t:|1701172287\n|switch|p2a: Decidueye|Decidueye-Hisui, F|100\/100|[from] Volt Switch\n|move|p1a: food|Blizzard|p2a: Decidueye\n|-supereffective|p2a: Decidueye\n|-damage|p2a: Decidueye|57\/100\n|\n|-weather|RainDance|[upkeep]\n|upkeep\n|turn|7\n|\n|t:|1701172308\n|switch|p1a: arlong|Barraskewda, F, shiny|100\/100\n|move|p2a: Decidueye|Tailwind|p2a: Decidueye\n|-sidestart|p2: Cryptic_Brawler|move: Tailwind\n|\n|-weather|RainDance|[upkeep]\n|upkeep\n|turn|8\n|\n|t:|1701172326\n|move|p1a: arlong|Psychic Fangs|p2a: Decidueye\n|-sideend|p2: Cryptic_Brawler|move: Light Screen\n|-supereffective|p2a: Decidueye\n|-damage|p2a: Decidueye|0 fnt\n|faint|p2a: Decidueye\n|\n|-weather|none\n|upkeep\n|\n|t:|1701172338\n|switch|p2a: Thundurus|Thundurus-Therian, M|71\/100\n|turn|9\n|\n|t:|1701172359\n|move|p2a: Thundurus|Grass Knot|p1a: arlong\n|-supereffective|p1a: arlong\n|-damage|p1a: arlong|0 fnt\n|faint|p1a: arlong\n|-damage|p2a: Thundurus|62\/100|[from] item: Life Orb\n|\n|upkeep\n|\n|t:|1701172374\n|switch|p1a: imposter|Amoonguss, M, shiny|100\/100\n|turn|10\n|\n|t:|1701172386\n|move|p2a: Thundurus|Volt Switch|p1a: imposter\n|-resisted|p1a: imposter\n|-damage|p1a: imposter|77\/100\n|-damage|p2a: Thundurus|52\/100|[from] item: Life Orb\n|\n|t:|1701172394\n|switch|p2a: Overqwil|Overqwil, M|100\/100|[from] Volt Switch\n|move|p1a: imposter|Body Slam|p2a: Overqwil\n|-damage|p2a: Overqwil|81\/100\n|-status|p2a: Overqwil|par\n|\n|-heal|p2a: Overqwil|87\/100 par|[from] item: Black Sludge\n|-heal|p1a: imposter|83\/100|[from] item: Black Sludge\n|-sideend|p2: Cryptic_Brawler|move: Tailwind\n|upkeep\n|turn|11\n|\n|t:|1701172408\n|cant|p2a: Overqwil|par\n|move|p1a: imposter|Spore||[still]\n|-fail|p1a: imposter\n|\n|-heal|p2a: Overqwil|93\/100 par|[from] item: Black Sludge\n|-heal|p1a: imposter|90\/100|[from] item: Black Sludge\n|upkeep\n|turn|12\n|\n|t:|1701172430\n|switch|p1a: manny|Great Tusk, shiny|100\/100\n|cant|p2a: Overqwil|par\n|\n|-heal|p2a: Overqwil|99\/100 par|[from] item: Black Sludge\n|upkeep\n|turn|13\n|\n|t:|1701172437\n|move|p1a: manny|Earthquake|p2a: Overqwil\n|-supereffective|p2a: Overqwil\n|-damage|p2a: Overqwil|0 fnt\n|faint|p2a: Overqwil\n|\n|upkeep\n|\n|t:|1701172446\n|switch|p2a: Thundurus|Thundurus-Therian, M|52\/100\n|turn|14\n|\n|t:|1701172462\n|-end|p1a: manny|Protosynthesis|[silent]\n|switch|p1a: food|Rotom-Frost, shiny|56\/100\n|move|p2a: Thundurus|Volt Switch|p1a: food\n|-resisted|p1a: food\n|-damage|p1a: food|38\/100\n|-damage|p2a: Thundurus|42\/100|[from] item: Life Orb\n|\n|t:|1701172483\n|switch|p2a: Garchomp|Garchomp, F|100\/100|[from] Volt Switch\n|\n|upkeep\n|turn|15\n|\n|t:|1701172511\n|switch|p1a: birdie|Pelipper, M, shiny|100\/100\n|-weather|RainDance|[from] ability: Drizzle|[of] p1a: birdie\n|move|p2a: Garchomp|Stone Edge|p1a: birdie\n|-supereffective|p1a: birdie\n|-damage|p1a: birdie|52\/100\n|\n|-weather|RainDance|[upkeep]\n|upkeep\n|turn|16\n|\n|t:|1701172550\n|move|p2a: Garchomp|Dragon Claw|p1a: birdie\n|-damage|p1a: birdie|22\/100\n|move|p1a: birdie|Hurricane|p2a: Garchomp\n|-damage|p2a: Garchomp|64\/100\n|\n|-weather|RainDance|[upkeep]\n|upkeep\n|turn|17\n|\n|t:|1701172558\n|move|p2a: Garchomp|Crunch|p1a: birdie\n|-damage|p1a: birdie|0 fnt\n|faint|p1a: birdie\n|\n|-weather|RainDance|[upkeep]\n|upkeep\n|\n|t:|1701172567\n|switch|p1a: food|Rotom-Frost, shiny|38\/100\n|turn|18\n|\n|t:|1701172580\n|-terastallize|p1a: food|Normal\n|move|p2a: Garchomp|Earthquake|p1a: food\n|-immune|p1a: food|[from] ability: Levitate\n|move|p1a: food|Blizzard|p2a: Garchomp\n|-supereffective|p2a: Garchomp\n|-damage|p2a: Garchomp|0 fnt\n|faint|p2a: Garchomp\n|\n|-weather|RainDance|[upkeep]\n|upkeep\n|\n|t:|1701172594\n|switch|p2a: Thundurus|Thundurus-Therian, M|42\/100\n|turn|19\n|\n|t:|1701172623\n|move|p2a: Thundurus|Discharge|p1a: food\n|-damage|p1a: food|0 fnt\n|faint|p1a: food\n|-damage|p2a: Thundurus|33\/100|[from] item: Life Orb\n|\n|-weather|RainDance|[upkeep]\n|upkeep\n|\n|t:|1701172631\n|switch|p1a: imposter|Amoonguss, M, shiny|90\/100\n|turn|20\n|\n|t:|1701172640\n|move|p2a: Thundurus|Volt Switch|p1a: imposter\n|-resisted|p1a: imposter\n|-damage|p1a: imposter|65\/100\n|-damage|p2a: Thundurus|23\/100|[from] item: Life Orb\n|\n|t:|1701172643\n|switch|p2a: Ceruledge|Ceruledge, M|100\/100|[from] Volt Switch\n|move|p1a: imposter|Body Slam|p2a: Ceruledge\n|-immune|p2a: Ceruledge\n|\n|-weather|RainDance|[upkeep]\n|-heal|p1a: imposter|72\/100|[from] item: Black Sludge\n|upkeep\n|turn|21\n|\n|t:|1701172659\n|move|p2a: Ceruledge|Bitter Blade|p1a: imposter\n|-supereffective|p1a: imposter\n|-damage|p1a: imposter|24\/100\n|move|p1a: imposter|Giga Drain|p2a: Ceruledge\n|-resisted|p2a: Ceruledge\n|-damage|p2a: Ceruledge|81\/100\n|-heal|p1a: imposter|30\/100|[from] drain|[of] p2a: Ceruledge\n|\n|-weather|RainDance|[upkeep]\n|-heal|p1a: imposter|37\/100|[from] item: Black Sludge\n|upkeep\n|turn|22\n|c|\u2606JJJsepht|bitter blade\n|c|\u2606JJJsepht|what type\n|\n|t:|1701172680\n|switch|p1a: king\ud83d\ude2b|Kingambit, F, shiny|100\/100\n|-activate|p1a: king\ud83d\ude2b|ability: Supreme Overlord\n|-start|p1a: king\ud83d\ude2b|fallen3|[silent]\n|move|p2a: Ceruledge|Bitter Blade|p1a: king\ud83d\ude2b\n|-supereffective|p1a: king\ud83d\ude2b\n|-damage|p1a: king\ud83d\ude2b|66\/100\n|-heal|p2a: Ceruledge|100\/100|[from] drain|[of] p1a: king\ud83d\ude2b\n|\n|-weather|none\n|-heal|p1a: king\ud83d\ude2b|72\/100|[from] item: Leftovers\n|upkeep\n|turn|23\n|\n|t:|1701172699\n|move|p1a: king\ud83d\ude2b|Sucker Punch|p2a: Ceruledge\n|-supereffective|p2a: Ceruledge\n|-damage|p2a: Ceruledge|0 fnt\n|faint|p2a: Ceruledge\n|\n|-heal|p1a: king\ud83d\ude2b|78\/100|[from] item: Leftovers\n|upkeep\n|\n|t:|1701172701\n|switch|p2a: Thundurus|Thundurus-Therian, M|23\/100\n|turn|24\n|\n|t:|1701172718\n|move|p1a: king\ud83d\ude2b|Sucker Punch|p2a: Thundurus\n|-damage|p2a: Thundurus|0 fnt\n|faint|p2a: Thundurus\n|\n|win|JJJsepht\n|l|\u203dCryptic_Brawler\n","uploadtime":1701172727,"views":7,"p1id":"jjjsepht","p2id":"crypticbrawler","formatid":"gen9ou","rating":0,"private":0,"password":""}