{"id":"gen9ou-1988577802","p1":"LaoLaoGelado","p2":"FlyStarz","format":"[Gen 9] OU","log":"|j|\u2606LaoLaoGelado\n|j|\u2606FlyStarz\n|t:|1699738087\n|gametype|singles\n|player|p1|LaoLaoGelado|acetrainerf-gen4|1194\n|player|p2|FlyStarz|102|1145\n|teamsize|p1|6\n|teamsize|p2|6\n|gen|9\n|tier|[Gen 9] OU\n|rated|\n|rule|Sleep Clause Mod: Limit one foe put to sleep\n|rule|Species Clause: Limit one of each Pok\u00e9mon\n|rule|OHKO Clause: OHKO moves are banned\n|rule|Evasion Items Clause: Evasion items are banned\n|rule|Evasion Moves Clause: Evasion moves are banned\n|rule|Endless Battle Clause: Forcing endless battles is banned\n|rule|HP Percentage Mod: HP is shown in percentages\n|clearpoke\n|poke|p1|Iron Hands|\n|poke|p1|Hydreigon, F|\n|poke|p1|Espeon, F|\n|poke|p1|Clodsire, F|\n|poke|p1|Milotic, M|\n|poke|p1|Rotom-Wash|\n|poke|p2|Gliscor, M|\n|poke|p2|Ribombee, F|\n|poke|p2|Cinderace, M|\n|poke|p2|Corviknight, M|\n|poke|p2|Goodra-Hisui, M|\n|poke|p2|Samurott-Hisui, M|\n|teampreview\n|inactive|Battle timer is ON: inactive players will automatically lose when time's up. (requested by LaoLaoGelado)\n|\n|t:|1699738095\n|start\n|switch|p1a: Rotom|Rotom-Wash, shiny|100\/100\n|switch|p2a: Vampire Bat|Gliscor, M|100\/100\n|turn|1\n|\n|t:|1699738101\n|move|p2a: Vampire Bat|Protect|p2a: Vampire Bat\n|-singleturn|p2a: Vampire Bat|Protect\n|move|p1a: Rotom|Will-O-Wisp|p2a: Vampire Bat\n|-activate|p2a: Vampire Bat|move: Protect\n|\n|-status|p2a: Vampire Bat|tox|[from] item: Toxic Orb\n|upkeep\n|turn|2\n|\n|t:|1699738111\n|switch|p2a: French :(|Goodra-Hisui, M|100\/100\n|move|p1a: Rotom|Hydro Pump|p2a: French :(\n|-resisted|p2a: French :(\n|-damage|p2a: French :(|90\/100\n|\n|upkeep\n|turn|3\n|\n|t:|1699738128\n|move|p1a: Rotom|Will-O-Wisp|p2a: French :(\n|-status|p2a: French :(|brn\n|move|p2a: French :(|Thunderbolt|p1a: Rotom\n|-damage|p1a: Rotom|69\/100\n|\n|-heal|p1a: Rotom|75\/100|[from] item: Leftovers\n|-damage|p2a: French :(|84\/100 brn|[from] brn\n|upkeep\n|turn|4\n|\n|t:|1699738139\n|move|p1a: Rotom|Protect|p1a: Rotom\n|-singleturn|p1a: Rotom|Protect\n|move|p2a: French :(|Draco Meteor|p1a: Rotom\n|-activate|p1a: Rotom|move: Protect\n|\n|-heal|p1a: Rotom|82\/100|[from] item: Leftovers\n|-damage|p2a: French :(|78\/100 brn|[from] brn\n|upkeep\n|turn|5\n|\n|t:|1699738149\n|switch|p1a: Clodsire|Clodsire, F|100\/100\n|move|p2a: French :(|Draco Meteor|p1a: Clodsire\n|-damage|p1a: Clodsire|64\/100\n|-unboost|p2a: French :(|spa|2\n|\n|-heal|p1a: Clodsire|70\/100|[from] item: Leftovers\n|-damage|p2a: French :(|72\/100 brn|[from] brn\n|upkeep\n|turn|6\n|\n|t:|1699738161\n|switch|p2a: Sky Knight|Corviknight, M|100\/100\n|move|p1a: Clodsire|Recover|p1a: Clodsire\n|-heal|p1a: Clodsire|100\/100\n|\n|upkeep\n|turn|7\n|\n|t:|1699738169\n|switch|p2a: Firestorm|Cinderace, M|100\/100\n|move|p1a: Clodsire|Stealth Rock|p2a: Firestorm\n|-sidestart|p2: FlyStarz|move: Stealth Rock\n|\n|upkeep\n|turn|8\n|\n|t:|1699738175\n|move|p2a: Firestorm|Will-O-Wisp|p1a: Clodsire\n|-status|p1a: Clodsire|brn\n|move|p1a: Clodsire|Earthquake|p2a: Firestorm\n|-supereffective|p2a: Firestorm\n|-damage|p2a: Firestorm|68\/100\n|\n|-damage|p1a: Clodsire|94\/100 brn|[from] brn\n|upkeep\n|turn|9\n|\n|t:|1699738190\n|move|p2a: Firestorm|Pyro Ball|p1a: Clodsire|[miss]\n|-miss|p2a: Firestorm|p1a: Clodsire\n|move|p1a: Clodsire|Earthquake|p2a: Firestorm\n|-supereffective|p2a: Firestorm\n|-damage|p2a: Firestorm|32\/100\n|\n|-heal|p1a: Clodsire|100\/100 brn|[from] item: Leftovers\n|-damage|p1a: Clodsire|94\/100 brn|[from] brn\n|upkeep\n|turn|10\n|\n|t:|1699738200\n|switch|p2a: Sky Knight|Corviknight, M|100\/100\n|-damage|p2a: Sky Knight|88\/100|[from] Stealth Rock\n|switch|p1a: Milotic|Milotic, M|100\/100\n|\n|upkeep\n|turn|11\n|\n|t:|1699738211\n|move|p1a: Milotic|Scald|p2a: Sky Knight\n|-damage|p2a: Sky Knight|68\/100\n|move|p2a: Sky Knight|Defog|p1a: Milotic\n|-unboost|p1a: Milotic|evasion|1\n|-sideend|p2: FlyStarz|Stealth Rock|[from] move: Defog|[of] p2a: Sky Knight\n|\n|upkeep\n|turn|12\n|\n|t:|1699738219\n|switch|p2a: Bom-Ba-Ya|Ribombee, F|100\/100\n|move|p1a: Milotic|Scald|p2a: Bom-Ba-Ya\n|-damage|p2a: Bom-Ba-Ya|61\/100\n|\n|upkeep\n|turn|13\n|\n|t:|1699738226\n|switch|p1a: Espeon|Espeon, F|100\/100\n|move|p2a: Bom-Ba-Ya|Stun Spore|p1a: Espeon\n|move|p1a: Espeon|Stun Spore|p2a: Bom-Ba-Ya|[from]ability: Magic Bounce\n|-status|p2a: Bom-Ba-Ya|par\n|\n|upkeep\n|turn|14\n|c|\u2606FlyStarz|damn\n|\n|t:|1699738239\n|switch|p2a: Sea Knight|Samurott-Hisui, M|100\/100\n|move|p1a: Espeon|Psychic|p2a: Sea Knight\n|-immune|p2a: Sea Knight\n|\n|upkeep\n|turn|15\n|\n|t:|1699738249\n|switch|p1a: Iron Hands|Iron Hands|100\/100\n|move|p2a: Sea Knight|Ceaseless Edge|p1a: Iron Hands\n|-resisted|p1a: Iron Hands\n|-damage|p1a: Iron Hands|90\/100\n|-sidestart|p1: LaoLaoGelado|Spikes\n|\n|-heal|p1a: Iron Hands|96\/100|[from] item: Leftovers\n|upkeep\n|turn|16\n|\n|t:|1699738262\n|switch|p2a: Vampire Bat|Gliscor, M|100\/100 tox\n|move|p1a: Iron Hands|Thunder Punch|p2a: Vampire Bat\n|-immune|p2a: Vampire Bat\n|\n|-heal|p1a: Iron Hands|100\/100|[from] item: Leftovers\n|upkeep\n|turn|17\n|\n|t:|1699738271\n|move|p2a: Vampire Bat|Knock Off|p1a: Iron Hands\n|-resisted|p1a: Iron Hands\n|-damage|p1a: Iron Hands|96\/100\n|-enditem|p1a: Iron Hands|Leftovers|[from] move: Knock Off|[of] p2a: Vampire Bat\n|move|p1a: Iron Hands|Ice Punch|p2a: Vampire Bat\n|-supereffective|p2a: Vampire Bat\n|-damage|p2a: Vampire Bat|39\/100 tox\n|\n|-heal|p2a: Vampire Bat|52\/100 tox|[from] ability: Poison Heal\n|upkeep\n|turn|18\n|\n|t:|1699738287\n|-end|p1a: Iron Hands|Quark Drive|[silent]\n|switch|p1a: Milotic|Milotic, M|100\/100\n|-damage|p1a: Milotic|88\/100|[from] Spikes\n|move|p2a: Vampire Bat|Protect||[still]\n|-fail|p2a: Vampire Bat\n|\n|-heal|p2a: Vampire Bat|64\/100 tox|[from] ability: Poison Heal\n|upkeep\n|turn|19\n|\n|t:|1699738297\n|switch|p2a: French :(|Goodra-Hisui, M|72\/100 brn\n|move|p1a: Milotic|Scald|p2a: French :(\n|-resisted|p2a: French :(\n|-damage|p2a: French :(|66\/100 brn\n|\n|-damage|p2a: French :(|60\/100 brn|[from] brn\n|upkeep\n|turn|20\n|\n|t:|1699738307\n|move|p1a: Milotic|Protect|p1a: Milotic\n|-singleturn|p1a: Milotic|Protect\n|move|p2a: French :(|Ice Beam|p1a: Milotic\n|-activate|p1a: Milotic|move: Protect\n|\n|-damage|p2a: French :(|54\/100 brn|[from] brn\n|upkeep\n|turn|21\n|\n|t:|1699738316\n|move|p2a: French :(|Thunderbolt|p1a: Milotic\n|-supereffective|p1a: Milotic\n|-damage|p1a: Milotic|57\/100\n|-status|p1a: Milotic|par\n|move|p1a: Milotic|Mirror Coat|p2a: French :(\n|-damage|p2a: French :(|0 fnt\n|faint|p2a: French :(\n|\n|upkeep\n|\n|t:|1699738327\n|switch|p2a: Sea Knight|Samurott-Hisui, M|100\/100\n|turn|22\n|\n|t:|1699738333\n|move|p2a: Sea Knight|Ceaseless Edge|p1a: Milotic\n|-damage|p1a: Milotic|6\/100 par\n|-damage|p2a: Sea Knight|84\/100|[from] item: Rocky Helmet|[of] p1a: Milotic\n|-sidestart|p1: LaoLaoGelado|Spikes\n|move|p1a: Milotic|Recover|p1a: Milotic\n|-heal|p1a: Milotic|56\/100 par\n|\n|upkeep\n|turn|23\n|\n|t:|1699738344\n|switch|p1a: Hydreigon|Hydreigon, F|100\/100\n|move|p2a: Sea Knight|Ceaseless Edge|p1a: Hydreigon\n|-resisted|p1a: Hydreigon\n|-damage|p1a: Hydreigon|73\/100\n|-sidestart|p1: LaoLaoGelado|Spikes\n|\n|upkeep\n|turn|24\n|\n|t:|1699738360\n|move|p1a: Hydreigon|Draco Meteor|p2a: Sea Knight|[miss]\n|-miss|p1a: Hydreigon|p2a: Sea Knight\n|move|p2a: Sea Knight|Sacred Sword|p1a: Hydreigon\n|-supereffective|p1a: Hydreigon\n|-damage|p1a: Hydreigon|0 fnt\n|faint|p1a: Hydreigon\n|\n|upkeep\n|\n|t:|1699738371\n|switch|p1a: Rotom|Rotom-Wash, shiny|82\/100\n|turn|25\n|\n|t:|1699738378\n|switch|p2a: Vampire Bat|Gliscor, M|64\/100 tox\n|move|p1a: Rotom|Volt Switch|p2a: Vampire Bat\n|-immune|p2a: Vampire Bat\n|\n|-heal|p1a: Rotom|88\/100|[from] item: Leftovers\n|-heal|p2a: Vampire Bat|77\/100 tox|[from] ability: Poison Heal\n|upkeep\n|turn|26\n|\n|t:|1699738389\n|move|p2a: Vampire Bat|Protect|p2a: Vampire Bat\n|-singleturn|p2a: Vampire Bat|Protect\n|move|p1a: Rotom|Hydro Pump|p2a: Vampire Bat\n|-activate|p2a: Vampire Bat|move: Protect\n|\n|-heal|p1a: Rotom|94\/100|[from] item: Leftovers\n|-heal|p2a: Vampire Bat|89\/100 tox|[from] ability: Poison Heal\n|upkeep\n|turn|27\n|\n|t:|1699738409\n|move|p2a: Vampire Bat|Toxic|p1a: Rotom\n|-status|p1a: Rotom|tox\n|move|p1a: Rotom|Volt Switch|p2a: Vampire Bat\n|-immune|p2a: Vampire Bat\n|\n|-heal|p1a: Rotom|100\/100 tox|[from] item: Leftovers\n|-heal|p2a: Vampire Bat|100\/100 tox|[from] ability: Poison Heal\n|-damage|p1a: Rotom|94\/100 tox|[from] psn\n|upkeep\n|turn|28\n|\n|t:|1699738421\n|switch|p1a: Clodsire|Clodsire, F|94\/100 brn\n|-damage|p1a: Clodsire|70\/100 brn|[from] Spikes\n|move|p2a: Vampire Bat|Protect||[still]\n|-fail|p2a: Vampire Bat\n|\n|-heal|p1a: Clodsire|76\/100 brn|[from] item: Leftovers\n|-damage|p1a: Clodsire|70\/100 brn|[from] brn\n|upkeep\n|turn|29\n|\n|t:|1699738433\n|move|p2a: Vampire Bat|Knock Off|p1a: Clodsire\n|-damage|p1a: Clodsire|47\/100 brn\n|-enditem|p1a: Clodsire|Leftovers|[from] move: Knock Off|[of] p2a: Vampire Bat\n|move|p1a: Clodsire|Recover|p1a: Clodsire\n|-heal|p1a: Clodsire|97\/100 brn\n|\n|-damage|p1a: Clodsire|91\/100 brn|[from] brn\n|upkeep\n|turn|30\n|\n|t:|1699738444\n|switch|p1a: Iron Hands|Iron Hands|96\/100\n|-damage|p1a: Iron Hands|71\/100|[from] Spikes\n|move|p2a: Vampire Bat|Earthquake|p1a: Iron Hands\n|-supereffective|p1a: Iron Hands\n|-damage|p1a: Iron Hands|44\/100\n|\n|upkeep\n|turn|31\n|\n|t:|1699738455\n|move|p2a: Vampire Bat|Protect|p2a: Vampire Bat\n|-singleturn|p2a: Vampire Bat|Protect\n|move|p1a: Iron Hands|Ice Punch|p2a: Vampire Bat\n|-activate|p2a: Vampire Bat|move: Protect\n|\n|upkeep\n|turn|32\n|\n|t:|1699738463\n|switch|p2a: Sea Knight|Samurott-Hisui, M|84\/100\n|move|p1a: Iron Hands|Ice Punch|p2a: Sea Knight\n|-resisted|p2a: Sea Knight\n|-damage|p2a: Sea Knight|70\/100\n|\n|upkeep\n|turn|33\n|\n|t:|1699738477\n|switch|p2a: Vampire Bat|Gliscor, M|100\/100 tox\n|move|p1a: Iron Hands|Drain Punch|p2a: Vampire Bat\n|-resisted|p2a: Vampire Bat\n|-damage|p2a: Vampire Bat|90\/100 tox\n|-heal|p1a: Iron Hands|47\/100|[from] drain|[of] p2a: Vampire Bat\n|\n|-heal|p2a: Vampire Bat|100\/100 tox|[from] ability: Poison Heal\n|upkeep\n|turn|34\n|\n|t:|1699738491\n|-terastallize|p2a: Vampire Bat|Fairy\n|move|p2a: Vampire Bat|Earthquake|p1a: Iron Hands\n|-supereffective|p1a: Iron Hands\n|-damage|p1a: Iron Hands|19\/100\n|move|p1a: Iron Hands|Ice Punch|p2a: Vampire Bat\n|-damage|p2a: Vampire Bat|87\/100 tox\n|\n|-heal|p2a: Vampire Bat|99\/100 tox|[from] ability: Poison Heal\n|upkeep\n|turn|35\n|\n|t:|1699738511\n|-end|p1a: Iron Hands|Quark Drive|[silent]\n|switch|p1a: Espeon|Espeon, F|100\/100\n|-damage|p1a: Espeon|76\/100|[from] Spikes\n|move|p2a: Vampire Bat|Earthquake|p1a: Espeon\n|-damage|p1a: Espeon|13\/100\n|\n|-heal|p2a: Vampire Bat|100\/100 tox|[from] ability: Poison Heal\n|upkeep\n|turn|36\n|\n|t:|1699738523\n|move|p1a: Espeon|Psychic|p2a: Vampire Bat\n|-damage|p2a: Vampire Bat|14\/100 tox\n|move|p2a: Vampire Bat|Knock Off|p1a: Espeon\n|-supereffective|p1a: Espeon\n|-damage|p1a: Espeon|0 fnt\n|-enditem|p1a: Espeon|Choice Specs|[from] move: Knock Off|[of] p2a: Vampire Bat\n|faint|p1a: Espeon\n|\n|-heal|p2a: Vampire Bat|26\/100 tox|[from] ability: Poison Heal\n|upkeep\n|inactive|LaoLaoGelado has 120 seconds left.\n|\n|t:|1699738541\n|switch|p1a: Rotom|Rotom-Wash, shiny|94\/100 tox\n|turn|37\n|\n|t:|1699738546\n|move|p2a: Vampire Bat|Protect|p2a: Vampire Bat\n|-singleturn|p2a: Vampire Bat|Protect\n|move|p1a: Rotom|Volt Switch|p2a: Vampire Bat\n|-activate|p2a: Vampire Bat|move: Protect\n|\n|-heal|p1a: Rotom|100\/100 tox|[from] item: Leftovers\n|-heal|p2a: Vampire Bat|39\/100 tox|[from] ability: Poison Heal\n|-damage|p1a: Rotom|94\/100 tox|[from] psn\n|upkeep\n|turn|38\n|\n|t:|1699738557\n|move|p2a: Vampire Bat|Knock Off|p1a: Rotom\n|-damage|p1a: Rotom|73\/100 tox\n|-enditem|p1a: Rotom|Leftovers|[from] move: Knock Off|[of] p2a: Vampire Bat\n|move|p1a: Rotom|Hydro Pump|p2a: Vampire Bat|[miss]\n|-miss|p1a: Rotom|p2a: Vampire Bat\n|\n|-heal|p2a: Vampire Bat|51\/100 tox|[from] ability: Poison Heal\n|-damage|p1a: Rotom|60\/100 tox|[from] psn\n|upkeep\n|turn|39\n|\n|t:|1699738571\n|switch|p1a: Milotic|Milotic, M|56\/100 par\n|-damage|p1a: Milotic|32\/100 par|[from] Spikes\n|move|p2a: Vampire Bat|Protect||[still]\n|-fail|p2a: Vampire Bat\n|\n|-heal|p2a: Vampire Bat|64\/100 tox|[from] ability: Poison Heal\n|upkeep\n|turn|40\n|\n|t:|1699738581\n|move|p2a: Vampire Bat|Knock Off|p1a: Milotic\n|-damage|p1a: Milotic|8\/100 par\n|-damage|p2a: Vampire Bat|47\/100 tox|[from] item: Rocky Helmet|[of] p1a: Milotic\n|-enditem|p1a: Milotic|Rocky Helmet|[from] move: Knock Off|[of] p2a: Vampire Bat\n|move|p1a: Milotic|Recover|p1a: Milotic\n|-heal|p1a: Milotic|58\/100 par\n|\n|-heal|p2a: Vampire Bat|60\/100 tox|[from] ability: Poison Heal\n|upkeep\n|turn|41\n|\n|t:|1699738595\n|move|p2a: Vampire Bat|Earthquake|p1a: Milotic\n|-damage|p1a: Milotic|22\/100 par\n|move|p1a: Milotic|Scald|p2a: Vampire Bat\n|-damage|p2a: Vampire Bat|28\/100 tox\n|\n|-heal|p2a: Vampire Bat|41\/100 tox|[from] ability: Poison Heal\n|upkeep\n|turn|42\n|\n|t:|1699738604\n|move|p2a: Vampire Bat|Earthquake|p1a: Milotic\n|-damage|p1a: Milotic|0 fnt\n|faint|p1a: Milotic\n|\n|-heal|p2a: Vampire Bat|53\/100 tox|[from] ability: Poison Heal\n|upkeep\n|\n|t:|1699738612\n|switch|p1a: Rotom|Rotom-Wash, shiny|60\/100 tox\n|turn|43\n|\n|t:|1699738617\n|move|p2a: Vampire Bat|Protect|p2a: Vampire Bat\n|-singleturn|p2a: Vampire Bat|Protect\n|move|p1a: Rotom|Hydro Pump|p2a: Vampire Bat\n|-activate|p2a: Vampire Bat|move: Protect\n|\n|-heal|p2a: Vampire Bat|65\/100 tox|[from] ability: Poison Heal\n|-damage|p1a: Rotom|54\/100 tox|[from] psn\n|upkeep\n|turn|44\n|\n|t:|1699738627\n|switch|p2a: Sea Knight|Samurott-Hisui, M|70\/100\n|move|p1a: Rotom|Hydro Pump|p2a: Sea Knight\n|-resisted|p2a: Sea Knight\n|-damage|p2a: Sea Knight|30\/100\n|\n|-damage|p1a: Rotom|41\/100 tox|[from] psn\n|upkeep\n|turn|45\n|\n|t:|1699738636\n|switch|p2a: Vampire Bat|Gliscor, M, tera:Fairy|65\/100 tox\n|move|p1a: Rotom|Volt Switch|p2a: Vampire Bat\n|-damage|p2a: Vampire Bat|24\/100 tox\n|\n|t:|1699738643\n|switch|p1a: Iron Hands|Iron Hands|19\/100|[from] Volt Switch\n|-damage|p1a: Iron Hands|0 fnt|[from] Spikes\n|faint|p1a: Iron Hands\n|-end|p1a: Iron Hands|Quark Drive|[silent]\n|\n|-heal|p2a: Vampire Bat|36\/100 tox|[from] ability: Poison Heal\n|upkeep\n|\n|t:|1699738652\n|switch|p1a: Rotom|Rotom-Wash, shiny|41\/100 tox\n|turn|46\n|\n|t:|1699738659\n|move|p2a: Vampire Bat|Protect|p2a: Vampire Bat\n|-singleturn|p2a: Vampire Bat|Protect\n|move|p1a: Rotom|Volt Switch|p2a: Vampire Bat\n|-activate|p2a: Vampire Bat|move: Protect\n|\n|-heal|p2a: Vampire Bat|49\/100 tox|[from] ability: Poison Heal\n|-damage|p1a: Rotom|35\/100 tox|[from] psn\n|upkeep\n|turn|47\n|\n|t:|1699738669\n|move|p2a: Vampire Bat|Knock Off|p1a: Rotom\n|-damage|p1a: Rotom|20\/100 tox\n|move|p1a: Rotom|Volt Switch|p2a: Vampire Bat\n|-damage|p2a: Vampire Bat|13\/100 tox\n|\n|t:|1699738674\n|switch|p1a: Clodsire|Clodsire, F|91\/100 brn|[from] Volt Switch\n|-damage|p1a: Clodsire|66\/100 brn|[from] Spikes\n|\n|-heal|p2a: Vampire Bat|25\/100 tox|[from] ability: Poison Heal\n|-damage|p1a: Clodsire|60\/100 brn|[from] brn\n|upkeep\n|turn|48\n|\n|t:|1699738684\n|move|p2a: Vampire Bat|Protect|p2a: Vampire Bat\n|-singleturn|p2a: Vampire Bat|Protect\n|move|p1a: Clodsire|Earthquake|p2a: Vampire Bat\n|-activate|p2a: Vampire Bat|move: Protect\n|\n|-heal|p2a: Vampire Bat|38\/100 tox|[from] ability: Poison Heal\n|-damage|p1a: Clodsire|54\/100 brn|[from] brn\n|upkeep\n|turn|49\n|\n|t:|1699738694\n|move|p2a: Vampire Bat|Earthquake|p1a: Clodsire\n|-supereffective|p1a: Clodsire\n|-damage|p1a: Clodsire|0 fnt\n|faint|p1a: Clodsire\n|\n|-heal|p2a: Vampire Bat|50\/100 tox|[from] ability: Poison Heal\n|upkeep\n|\n|t:|1699738702\n|switch|p1a: Rotom|Rotom-Wash, shiny|20\/100 tox\n|turn|50\n|\n|t:|1699738706\n|move|p2a: Vampire Bat|Protect|p2a: Vampire Bat\n|-singleturn|p2a: Vampire Bat|Protect\n|move|p1a: Rotom|Hydro Pump|p2a: Vampire Bat\n|-activate|p2a: Vampire Bat|move: Protect\n|\n|-heal|p2a: Vampire Bat|63\/100 tox|[from] ability: Poison Heal\n|-damage|p1a: Rotom|14\/100 tox|[from] psn\n|upkeep\n|turn|51\n|-message|LaoLaoGelado forfeited.\n|\n|win|FlyStarz\n|raw|LaoLaoGelado's rating: 1194 &rarr; <strong>1165<\/strong><br \/>(-29 for losing)\n|raw|FlyStarz's rating: 1145 &rarr; <strong>1174<\/strong><br \/>(+29 for winning)\n|l|\u2606LaoLaoGelado\n","uploadtime":1699738721,"views":10,"p1id":"laolaogelado","p2id":"flystarz","formatid":"gen9ou","rating":1165,"private":0,"password":""}