{"id":"gen9ou-1989182356","p1":"El Stefano Test","p2":"bandy bocks","format":"[Gen 9] OU","log":"|j|\u2606El Stefano Test\n|j|\u2606bandy bocks\n|t:|1699820885\n|gametype|singles\n|player|p1|El Stefano Test|266|1578\n|player|p2|bandy bocks|infielder|1555\n|teamsize|p1|6\n|teamsize|p2|6\n|gen|9\n|tier|[Gen 9] OU\n|rated|\n|rule|Sleep Clause Mod: Limit one foe put to sleep\n|rule|Species Clause: Limit one of each Pok\u00e9mon\n|rule|OHKO Clause: OHKO moves are banned\n|rule|Evasion Items Clause: Evasion items are banned\n|rule|Evasion Moves Clause: Evasion moves are banned\n|rule|Endless Battle Clause: Forcing endless battles is banned\n|rule|HP Percentage Mod: HP is shown in percentages\n|clearpoke\n|poke|p1|Slowking, M|\n|poke|p1|Dondozo, M|\n|poke|p1|Garganacl, M|\n|poke|p1|Clodsire, F|\n|poke|p1|Clefable, M|\n|poke|p1|Corviknight, M|\n|poke|p2|Dragapult, M|\n|poke|p2|Munkidori, M|\n|poke|p2|Great Tusk|\n|poke|p2|Gholdengo|\n|poke|p2|Samurott-Hisui, F|\n|poke|p2|Iron Moth|\n|teampreview\n|\n|t:|1699820896\n|start\n|switch|p1a: Clefable|Clefable, M|100\/100\n|switch|p2a: memere|Samurott-Hisui, F, shiny|100\/100\n|turn|1\n|\n|t:|1699820898\n|move|p2a: memere|Ceaseless Edge|p1a: Clefable\n|-resisted|p1a: Clefable\n|-damage|p1a: Clefable|82\/100\n|-sidestart|p1: El Stefano Test|Spikes\n|move|p1a: Clefable|Moonblast|p2a: memere\n|-supereffective|p2a: memere\n|-damage|p2a: memere|5\/100\n|\n|-heal|p1a: Clefable|88\/100|[from] item: Leftovers\n|upkeep\n|turn|2\n|\n|t:|1699820904\n|move|p2a: memere|Ceaseless Edge|p1a: Clefable\n|-resisted|p1a: Clefable\n|-damage|p1a: Clefable|70\/100\n|-sidestart|p1: El Stefano Test|Spikes\n|move|p1a: Clefable|Knock Off|p2a: memere\n|-resisted|p2a: memere\n|-damage|p2a: memere|0 fnt\n|-enditem|p2a: memere|Focus Sash|[from] move: Knock Off|[of] p1a: Clefable\n|faint|p2a: memere\n|\n|-heal|p1a: Clefable|76\/100|[from] item: Leftovers\n|upkeep\n|\n|t:|1699820909\n|switch|p2a: Iron Moth|Iron Moth|100\/100\n|-enditem|p2a: Iron Moth|Booster Energy\n|-activate|p2a: Iron Moth|ability: Quark Drive|[fromitem]\n|-start|p2a: Iron Moth|quarkdrivespe\n|turn|3\n|\n|t:|1699820918\n|switch|p1a: Slowking|Slowking, M|100\/100\n|move|p2a: Iron Moth|Fiery Dance|p1a: Slowking\n|-resisted|p1a: Slowking\n|-damage|p1a: Slowking|84\/100\n|-boost|p2a: Iron Moth|spa|1\n|\n|upkeep\n|turn|4\n|\n|t:|1699820926\n|move|p1a: Slowking|Protect|p1a: Slowking\n|-singleturn|p1a: Slowking|Protect\n|move|p2a: Iron Moth|Energy Ball|p1a: Slowking\n|-activate|p1a: Slowking|move: Protect\n|\n|upkeep\n|turn|5\n|\n|t:|1699820932\n|move|p2a: Iron Moth|Fiery Dance|p1a: Slowking\n|-resisted|p1a: Slowking\n|-damage|p1a: Slowking|58\/100\n|move|p1a: Slowking|Earthquake|p2a: Iron Moth\n|-supereffective|p2a: Iron Moth\n|-damage|p2a: Iron Moth|0 fnt\n|faint|p2a: Iron Moth\n|-end|p2a: Iron Moth|Quark Drive|[silent]\n|\n|upkeep\n|\n|t:|1699820941\n|switch|p2a: pepere|Dragapult, M, shiny|100\/100\n|turn|6\n|c|\u2606bandy bocks|huh til\n|\n|t:|1699820953\n|-terastallize|p2a: pepere|Ghost\n|move|p1a: Slowking|Protect|p1a: Slowking\n|-singleturn|p1a: Slowking|Protect\n|move|p2a: pepere|Shadow Ball|p1a: Slowking\n|-activate|p1a: Slowking|move: Protect\n|\n|upkeep\n|turn|7\n|\n|t:|1699820962\n|switch|p1a: Garganacl|Garganacl, M|100\/100\n|move|p2a: pepere|Shadow Ball|p1a: Garganacl\n|-damage|p1a: Garganacl|77\/100\n|-unboost|p1a: Garganacl|spd|1\n|\n|upkeep\n|turn|8\n|\n|t:|1699820970\n|move|p2a: pepere|Shadow Ball|p1a: Garganacl\n|-damage|p1a: Garganacl|41\/100\n|move|p1a: Garganacl|Recover|p1a: Garganacl\n|-heal|p1a: Garganacl|91\/100\n|\n|upkeep\n|turn|9\n|\n|t:|1699820974\n|move|p2a: pepere|Shadow Ball|p1a: Garganacl\n|-damage|p1a: Garganacl|55\/100\n|move|p1a: Garganacl|Salt Cure|p2a: pepere\n|-damage|p2a: pepere|81\/100\n|-start|p2a: pepere|Salt Cure\n|\n|-damage|p2a: pepere|68\/100|[from] Salt Cure\n|upkeep\n|turn|10\n|\n|t:|1699820978\n|move|p2a: pepere|Shadow Ball|p1a: Garganacl\n|-damage|p1a: Garganacl|21\/100\n|move|p1a: Garganacl|Recover|p1a: Garganacl\n|-heal|p1a: Garganacl|71\/100\n|\n|-damage|p2a: pepere|56\/100|[from] Salt Cure\n|upkeep\n|turn|11\n|\n|t:|1699820989\n|switch|p2a: tully|Great Tusk, shiny|100\/100\n|move|p1a: Garganacl|Recover|p1a: Garganacl\n|-heal|p1a: Garganacl|100\/100\n|\n|upkeep\n|turn|12\n|\n|t:|1699820998\n|switch|p1a: Clefable|Clefable, M|76\/100\n|move|p2a: tully|Stealth Rock|p1a: Clefable\n|-sidestart|p1: El Stefano Test|move: Stealth Rock\n|\n|-heal|p1a: Clefable|82\/100|[from] item: Leftovers\n|upkeep\n|turn|13\n|\n|t:|1699821009\n|-end|p2a: tully|Protosynthesis|[silent]\n|switch|p2a: will|Munkidori, M|100\/100\n|move|p1a: Clefable|Knock Off|p2a: will\n|-supereffective|p2a: will\n|-damage|p2a: will|53\/100\n|-enditem|p2a: will|Heavy-Duty Boots|[from] move: Knock Off|[of] p1a: Clefable\n|\n|-heal|p1a: Clefable|89\/100|[from] item: Leftovers\n|upkeep\n|turn|14\n|\n|t:|1699821023\n|switch|p1a: Slowking|Slowking, M|91\/100\n|move|p2a: will|Future Sight|p1a: Slowking\n|-start|p2a: will|move: Future Sight\n|\n|upkeep\n|turn|15\n|\n|t:|1699821033\n|move|p2a: will|U-turn|p1a: Slowking\n|-supereffective|p1a: Slowking\n|-damage|p1a: Slowking|66\/100\n|-status|p1a: Slowking|tox|[from] ability: Toxic Chain|[of] p2a: will\n|\n|t:|1699821041\n|switch|p2a: andy|Gholdengo, shiny|100\/100|[from] U-turn\n|-item|p2a: andy|Air Balloon\n|move|p1a: Slowking|Earthquake|p2a: andy\n|-immune|p2a: andy\n|\n|-damage|p1a: Slowking|60\/100 tox|[from] psn\n|upkeep\n|turn|16\n|\n|t:|1699821068\n|move|p1a: Slowking|Protect|p1a: Slowking\n|-singleturn|p1a: Slowking|Protect\n|move|p2a: andy|Shadow Ball|p1a: Slowking\n|-activate|p1a: Slowking|move: Protect\n|\n|-end|p1a: Slowking|move: Future Sight\n|-resisted|p1a: Slowking\n|-damage|p1a: Slowking|33\/100 tox\n|-damage|p1a: Slowking|21\/100 tox|[from] psn\n|upkeep\n|turn|17\n|\n|t:|1699821081\n|switch|p1a: Clodsire|Clodsire, F|100\/100\n|move|p2a: andy|Nasty Plot|p2a: andy\n|-boost|p2a: andy|spa|2\n|\n|upkeep\n|turn|18\n|\n|t:|1699821092\n|move|p2a: andy|Make It Rain|p1a: Clodsire\n|-damage|p1a: Clodsire|69\/100\n|-unboost|p2a: andy|spa|1\n|move|p1a: Clodsire|Amnesia|p1a: Clodsire\n|-boost|p1a: Clodsire|spd|2\n|\n|upkeep\n|turn|19\n|\n|t:|1699821102\n|move|p2a: andy|Shadow Ball|p1a: Clodsire\n|-damage|p1a: Clodsire|57\/100\n|move|p1a: Clodsire|Recover|p1a: Clodsire\n|-heal|p1a: Clodsire|100\/100\n|\n|upkeep\n|turn|20\n|\n|t:|1699821112\n|move|p2a: andy|Nasty Plot|p2a: andy\n|-boost|p2a: andy|spa|2\n|move|p1a: Clodsire|Spikes|p2a: andy\n|-sidestart|p2: bandy bocks|Spikes\n|\n|upkeep\n|turn|21\n|\n|t:|1699821114\n|move|p2a: andy|Nasty Plot|p2a: andy\n|-boost|p2a: andy|spa|2\n|move|p1a: Clodsire|Amnesia|p1a: Clodsire\n|-boost|p1a: Clodsire|spd|2\n|\n|upkeep\n|turn|22\n|\n|t:|1699821119\n|move|p2a: andy|Nasty Plot|p2a: andy\n|-boost|p2a: andy|spa|1\n|move|p1a: Clodsire|Amnesia|p1a: Clodsire\n|-boost|p1a: Clodsire|spd|2\n|\n|upkeep\n|turn|23\n|\n|t:|1699821124\n|move|p2a: andy|Nasty Plot|p2a: andy\n|-boost|p2a: andy|spa|0\n|move|p1a: Clodsire|Spikes|p2a: andy\n|-sidestart|p2: bandy bocks|Spikes\n|\n|upkeep\n|turn|24\n|\n|t:|1699821127\n|move|p2a: andy|Nasty Plot|p2a: andy\n|-boost|p2a: andy|spa|0\n|move|p1a: Clodsire|Spikes|p2a: andy\n|-sidestart|p2: bandy bocks|Spikes\n|\n|upkeep\n|turn|25\n|\n|t:|1699821129\n|move|p2a: andy|Nasty Plot|p2a: andy\n|-boost|p2a: andy|spa|0\n|move|p1a: Clodsire|Spikes||[still]\n|-fail|p1a: Clodsire\n|\n|upkeep\n|turn|26\n|\n|t:|1699821131\n|move|p2a: andy|Shadow Ball|p1a: Clodsire\n|-damage|p1a: Clodsire|95\/100\n|move|p1a: Clodsire|Amnesia|p1a: Clodsire\n|-boost|p1a: Clodsire|spd|0\n|\n|upkeep\n|turn|27\n|\n|t:|1699821134\n|move|p2a: andy|Shadow Ball|p1a: Clodsire\n|-damage|p1a: Clodsire|90\/100\n|move|p1a: Clodsire|Spikes||[still]\n|-fail|p1a: Clodsire\n|\n|upkeep\n|turn|28\n|\n|t:|1699821136\n|move|p2a: andy|Shadow Ball|p1a: Clodsire\n|-damage|p1a: Clodsire|84\/100\n|-unboost|p1a: Clodsire|spd|1\n|move|p1a: Clodsire|Spikes||[still]\n|-fail|p1a: Clodsire\n|\n|upkeep\n|turn|29\n|\n|t:|1699821138\n|move|p2a: andy|Shadow Ball|p1a: Clodsire\n|-damage|p1a: Clodsire|78\/100\n|move|p1a: Clodsire|Amnesia|p1a: Clodsire\n|-boost|p1a: Clodsire|spd|1\n|\n|upkeep\n|turn|30\n|\n|t:|1699821140\n|move|p2a: andy|Shadow Ball|p1a: Clodsire\n|-damage|p1a: Clodsire|73\/100\n|move|p1a: Clodsire|Amnesia|p1a: Clodsire\n|-boost|p1a: Clodsire|spd|0\n|\n|upkeep\n|turn|31\n|\n|t:|1699821144\n|move|p2a: andy|Nasty Plot|p2a: andy\n|-boost|p2a: andy|spa|0\n|move|p1a: Clodsire|Amnesia|p1a: Clodsire\n|-boost|p1a: Clodsire|spd|0\n|\n|upkeep\n|turn|32\n|\n|t:|1699821162\n|switch|p2a: tully|Great Tusk, shiny|100\/100\n|-damage|p2a: tully|76\/100|[from] Spikes\n|move|p1a: Clodsire|Spikes||[still]\n|-fail|p1a: Clodsire\n|\n|-heal|p2a: tully|82\/100|[from] item: Leftovers\n|upkeep\n|turn|33\n|\n|t:|1699821171\n|switch|p1a: Slowking|Slowking, M|54\/100 tox\n|move|p2a: tully|Rapid Spin|p1a: Slowking\n|-damage|p1a: Slowking|35\/100 tox\n|-boost|p2a: tully|spe|1\n|-sideend|p2: bandy bocks|Spikes|[from] move: Rapid Spin|[of] p2a: tully\n|\n|-heal|p2a: tully|88\/100|[from] item: Leftovers\n|-damage|p1a: Slowking|28\/100 tox|[from] psn\n|upkeep\n|turn|34\n|\n|t:|1699821181\n|switch|p1a: Corviknight|Corviknight, M|100\/100\n|-damage|p1a: Corviknight|88\/100|[from] Stealth Rock\n|-ability|p1a: Corviknight|Pressure\n|move|p2a: tully|Earthquake|p1a: Corviknight\n|-immune|p1a: Corviknight\n|\n|-heal|p2a: tully|94\/100|[from] item: Leftovers\n|upkeep\n|turn|35\n|\n|t:|1699821188\n|-end|p2a: tully|Protosynthesis|[silent]\n|switch|p2a: andy|Gholdengo, shiny|100\/100\n|-item|p2a: andy|Air Balloon\n|move|p1a: Corviknight|Brave Bird|p2a: andy\n|-resisted|p2a: andy\n|-damage|p2a: andy|84\/100\n|-enditem|p2a: andy|Air Balloon\n|-damage|p1a: Corviknight|83\/100|[from] Recoil\n|\n|upkeep\n|turn|36\n|\n|t:|1699821208\n|switch|p1a: Clefable|Clefable, M|89\/100\n|move|p2a: andy|Shadow Ball|p1a: Clefable\n|-damage|p1a: Clefable|50\/100\n|\n|-heal|p1a: Clefable|56\/100|[from] item: Leftovers\n|upkeep\n|turn|37\n|inactive|Battle timer is ON: inactive players will automatically lose when time's up. (requested by El Stefano Test)\n|\n|t:|1699821248\n|move|p2a: andy|Make It Rain|p1a: Clefable\n|-supereffective|p1a: Clefable\n|-damage|p1a: Clefable|0 fnt\n|-unboost|p2a: andy|spa|1\n|faint|p1a: Clefable\n|\n|upkeep\n|\n|t:|1699821275\n|switch|p1a: Clodsire|Clodsire, F|73\/100\n|turn|38\n|inactive|bandy bocks has 120 seconds left.\n|\n|t:|1699821329\n|switch|p2a: will|Munkidori, M|53\/100\n|move|p1a: Clodsire|Recover|p1a: Clodsire\n|-heal|p1a: Clodsire|100\/100\n|\n|upkeep\n|turn|39\n|\n|t:|1699821337\n|move|p2a: will|Future Sight|p1a: Clodsire\n|-start|p2a: will|move: Future Sight\n|move|p1a: Clodsire|Earthquake|p2a: will\n|-supereffective|p2a: will\n|-crit|p2a: will\n|-damage|p2a: will|0 fnt\n|faint|p2a: will\n|\n|upkeep\n|inactive|bandy bocks has 90 seconds left.\n|\n|t:|1699821364\n|switch|p2a: pepere|Dragapult, M, shiny, tera:Ghost|56\/100\n|turn|40\n|\n|t:|1699821372\n|move|p2a: pepere|Draco Meteor|p1a: Clodsire\n|-damage|p1a: Clodsire|57\/100\n|-unboost|p2a: pepere|spa|2\n|move|p1a: Clodsire|Recover|p1a: Clodsire\n|-heal|p1a: Clodsire|100\/100\n|\n|upkeep\n|turn|41\n|\n|t:|1699821384\n|switch|p2a: andy|Gholdengo, shiny|84\/100\n|switch|p1a: Slowking|Slowking, M|62\/100 tox\n|\n|-end|p1a: Slowking|move: Future Sight\n|-resisted|p1a: Slowking\n|-damage|p1a: Slowking|38\/100 tox\n|-damage|p1a: Slowking|31\/100 tox|[from] psn\n|upkeep\n|turn|42\n|\n|t:|1699821391\n|switch|p1a: Clodsire|Clodsire, F|100\/100\n|move|p2a: andy|Shadow Ball|p1a: Clodsire\n|-damage|p1a: Clodsire|80\/100\n|\n|upkeep\n|turn|43\n|\n|t:|1699821396\n|switch|p2a: tully|Great Tusk, shiny|94\/100\n|move|p1a: Clodsire|Amnesia|p1a: Clodsire\n|-boost|p1a: Clodsire|spd|2\n|\n|-heal|p2a: tully|100\/100|[from] item: Leftovers\n|upkeep\n|turn|44\n|\n|t:|1699821401\n|switch|p1a: Corviknight|Corviknight, M|83\/100\n|-damage|p1a: Corviknight|70\/100|[from] Stealth Rock\n|-ability|p1a: Corviknight|Pressure\n|move|p2a: tully|Earthquake|p1a: Corviknight\n|-immune|p1a: Corviknight\n|\n|upkeep\n|turn|45\n|\n|t:|1699821411\n|-end|p2a: tully|Protosynthesis|[silent]\n|switch|p2a: andy|Gholdengo, shiny|84\/100\n|move|p1a: Corviknight|Roost|p1a: Corviknight\n|-heal|p1a: Corviknight|100\/100\n|-singleturn|p1a: Corviknight|move: Roost\n|\n|upkeep\n|turn|46\n|\n|t:|1699821427\n|switch|p1a: Slowking|Slowking, M|65\/100 tox\n|move|p2a: andy|Nasty Plot|p2a: andy\n|-boost|p2a: andy|spa|2\n|\n|-damage|p1a: Slowking|59\/100 tox|[from] psn\n|upkeep\n|turn|47\n|\n|t:|1699821434\n|move|p1a: Slowking|Protect|p1a: Slowking\n|-singleturn|p1a: Slowking|Protect\n|move|p2a: andy|Shadow Ball|p1a: Slowking\n|-activate|p1a: Slowking|move: Protect\n|\n|-damage|p1a: Slowking|46\/100 tox|[from] psn\n|upkeep\n|turn|48\n|\n|t:|1699821444\n|switch|p1a: Clodsire|Clodsire, F|80\/100\n|move|p2a: andy|Shadow Ball|p1a: Clodsire\n|-damage|p1a: Clodsire|59\/100\n|\n|upkeep\n|turn|49\n|\n|t:|1699821464\n|switch|p2a: pepere|Dragapult, M, shiny, tera:Ghost|56\/100\n|move|p1a: Clodsire|Amnesia|p1a: Clodsire\n|-boost|p1a: Clodsire|spd|2\n|\n|upkeep\n|turn|50\n|\n|t:|1699821472\n|move|p2a: pepere|U-turn|p1a: Clodsire\n|-resisted|p1a: Clodsire\n|-damage|p1a: Clodsire|50\/100\n|\n|t:|1699821476\n|switch|p2a: tully|Great Tusk, shiny|100\/100|[from] U-turn\n|move|p1a: Clodsire|Recover|p1a: Clodsire\n|-heal|p1a: Clodsire|99\/100\n|\n|upkeep\n|turn|51\n|\n|t:|1699821484\n|-end|p2a: tully|Protosynthesis|[silent]\n|switch|p2a: pepere|Dragapult, M, shiny, tera:Ghost|56\/100\n|switch|p1a: Dondozo|Dondozo, M|100\/100\n|\n|upkeep\n|turn|52\n|\n|t:|1699821488\n|switch|p1a: Garganacl|Garganacl, M|100\/100\n|move|p2a: pepere|Draco Meteor|p1a: Garganacl\n|-damage|p1a: Garganacl|45\/100\n|-unboost|p2a: pepere|spa|2\n|\n|upkeep\n|turn|53\n|\n|t:|1699821506\n|switch|p2a: andy|Gholdengo, shiny|84\/100\n|move|p1a: Garganacl|Recover|p1a: Garganacl\n|-heal|p1a: Garganacl|95\/100\n|\n|upkeep\n|turn|54\n|\n|t:|1699821515\n|switch|p1a: Slowking|Slowking, M|80\/100 tox\n|move|p2a: andy|Make It Rain|p1a: Slowking\n|-resisted|p1a: Slowking\n|-damage|p1a: Slowking|55\/100 tox\n|-unboost|p2a: andy|spa|1\n|\n|-damage|p1a: Slowking|48\/100 tox|[from] psn\n|upkeep\n|turn|55\n|\n|t:|1699821527\n|switch|p2a: pepere|Dragapult, M, shiny, tera:Ghost|56\/100\n|switch|p1a: Garganacl|Garganacl, M|95\/100\n|\n|upkeep\n|turn|56\n|\n|t:|1699821531\n|move|p2a: pepere|U-turn|p1a: Garganacl\n|-damage|p1a: Garganacl|84\/100\n|\n|t:|1699821534\n|switch|p2a: tully|Great Tusk, shiny|100\/100|[from] U-turn\n|move|p1a: Garganacl|Salt Cure|p2a: tully\n|-resisted|p2a: tully\n|-damage|p2a: tully|98\/100\n|-start|p2a: tully|Salt Cure\n|\n|-heal|p2a: tully|100\/100|[from] item: Leftovers\n|-damage|p2a: tully|88\/100|[from] Salt Cure\n|upkeep\n|turn|57\n|\n|t:|1699821542\n|-end|p2a: tully|Protosynthesis|[silent]\n|switch|p2a: andy|Gholdengo, shiny|84\/100\n|switch|p1a: Dondozo|Dondozo, M|100\/100\n|\n|upkeep\n|turn|58\n|\n|t:|1699821552\n|move|p2a: andy|Nasty Plot|p2a: andy\n|-boost|p2a: andy|spa|2\n|move|p1a: Dondozo|Waterfall|p2a: andy\n|-damage|p2a: andy|63\/100\n|\n|upkeep\n|turn|59\n|\n|t:|1699821558\n|switch|p1a: Clodsire|Clodsire, F|99\/100\n|move|p2a: andy|Shadow Ball|p1a: Clodsire\n|-damage|p1a: Clodsire|78\/100\n|-unboost|p1a: Clodsire|spd|1\n|\n|upkeep\n|turn|60\n|\n|t:|1699821564\n|switch|p1a: Slowking|Slowking, M|82\/100 tox\n|move|p2a: andy|Recover|p2a: andy\n|-heal|p2a: andy|100\/100\n|\n|-damage|p1a: Slowking|76\/100 tox|[from] psn\n|upkeep\n|turn|61\n|\n|t:|1699821571\n|move|p1a: Slowking|Protect|p1a: Slowking\n|-singleturn|p1a: Slowking|Protect\n|move|p2a: andy|Nasty Plot|p2a: andy\n|-boost|p2a: andy|spa|2\n|\n|-damage|p1a: Slowking|63\/100 tox|[from] psn\n|upkeep\n|turn|62\n|\n|t:|1699821576\n|switch|p1a: Clodsire|Clodsire, F|78\/100\n|move|p2a: andy|Shadow Ball|p1a: Clodsire\n|-damage|p1a: Clodsire|58\/100\n|-unboost|p1a: Clodsire|spd|1\n|\n|upkeep\n|turn|63\n|\n|t:|1699821589\n|switch|p1a: Slowking|Slowking, M|97\/100 tox\n|move|p2a: andy|Make It Rain|p1a: Slowking\n|-resisted|p1a: Slowking\n|-damage|p1a: Slowking|27\/100 tox\n|-unboost|p2a: andy|spa|1\n|\n|-damage|p1a: Slowking|21\/100 tox|[from] psn\n|upkeep\n|turn|64\n|\n|t:|1699821599\n|move|p2a: andy|Nasty Plot|p2a: andy\n|-boost|p2a: andy|spa|2\n|move|p1a: Slowking|Chilly Reception|p1a: Slowking\n|-weather|Snow\n|\n|t:|1699821602\n|switch|p1a: Clodsire|Clodsire, F|58\/100|[from] Chilly Reception\n|\n|-weather|Snow|[upkeep]\n|upkeep\n|turn|65\n|\n|t:|1699821613\n|move|p2a: andy|Shadow Ball|p1a: Clodsire\n|-damage|p1a: Clodsire|37\/100\n|move|p1a: Clodsire|Recover|p1a: Clodsire\n|-heal|p1a: Clodsire|87\/100\n|\n|-weather|Snow|[upkeep]\n|upkeep\n|turn|66\n|\n|t:|1699821620\n|switch|p2a: tully|Great Tusk, shiny|88\/100\n|move|p1a: Clodsire|Amnesia|p1a: Clodsire\n|-boost|p1a: Clodsire|spd|2\n|\n|-weather|Snow|[upkeep]\n|-heal|p2a: tully|94\/100|[from] item: Leftovers\n|upkeep\n|turn|67\n|\n|t:|1699821627\n|switch|p1a: Corviknight|Corviknight, M|100\/100\n|-damage|p1a: Corviknight|88\/100|[from] Stealth Rock\n|-ability|p1a: Corviknight|Pressure\n|move|p2a: tully|Earthquake|p1a: Corviknight\n|-immune|p1a: Corviknight\n|\n|-weather|Snow|[upkeep]\n|-heal|p2a: tully|100\/100|[from] item: Leftovers\n|upkeep\n|turn|68\n|\n|t:|1699821638\n|-end|p2a: tully|Protosynthesis|[silent]\n|switch|p2a: andy|Gholdengo, shiny|100\/100\n|switch|p1a: Slowking|Slowking, M|55\/100 tox\n|\n|-weather|none\n|-damage|p1a: Slowking|48\/100 tox|[from] psn\n|upkeep\n|turn|69\n|\n|t:|1699821649\n|move|p2a: andy|Nasty Plot|p2a: andy\n|-boost|p2a: andy|spa|2\n|move|p1a: Slowking|Earthquake|p2a: andy\n|-supereffective|p2a: andy\n|-damage|p2a: andy|71\/100\n|\n|-damage|p1a: Slowking|36\/100 tox|[from] psn\n|upkeep\n|turn|70\n|\n|t:|1699821658\n|move|p1a: Slowking|Protect|p1a: Slowking\n|-singleturn|p1a: Slowking|Protect\n|move|p2a: andy|Shadow Ball|p1a: Slowking\n|-activate|p1a: Slowking|move: Protect\n|\n|-damage|p1a: Slowking|18\/100 tox|[from] psn\n|upkeep\n|turn|71\n|\n|t:|1699821665\n|switch|p1a: Clodsire|Clodsire, F|87\/100\n|move|p2a: andy|Shadow Ball|p1a: Clodsire\n|-damage|p1a: Clodsire|64\/100\n|\n|upkeep\n|turn|72\n|\n|t:|1699821673\n|move|p2a: andy|Make It Rain|p1a: Clodsire\n|-damage|p1a: Clodsire|31\/100\n|-unboost|p2a: andy|spa|1\n|move|p1a: Clodsire|Amnesia|p1a: Clodsire\n|-boost|p1a: Clodsire|spd|2\n|\n|upkeep\n|turn|73\n|\n|t:|1699821680\n|move|p2a: andy|Make It Rain|p1a: Clodsire\n|-damage|p1a: Clodsire|15\/100\n|-unboost|p2a: andy|spa|1\n|move|p1a: Clodsire|Recover|p1a: Clodsire\n|-heal|p1a: Clodsire|65\/100\n|\n|upkeep\n|turn|74\n|\n|t:|1699821687\n|switch|p2a: tully|Great Tusk, shiny|100\/100\n|move|p1a: Clodsire|Earthquake|p2a: tully\n|-damage|p2a: tully|84\/100\n|\n|-heal|p2a: tully|90\/100|[from] item: Leftovers\n|upkeep\n|turn|75\n|\n|t:|1699821704\n|-end|p2a: tully|Protosynthesis|[silent]\n|switch|p2a: pepere|Dragapult, M, shiny, tera:Ghost|56\/100\n|switch|p1a: Dondozo|Dondozo, M|100\/100\n|\n|upkeep\n|turn|76\n|\n|t:|1699821710\n|switch|p1a: Garganacl|Garganacl, M|84\/100\n|move|p2a: pepere|Shadow Ball|p1a: Garganacl\n|-damage|p1a: Garganacl|59\/100\n|\n|upkeep\n|turn|77\n|\n|t:|1699821717\n|switch|p2a: tully|Great Tusk, shiny|90\/100\n|move|p1a: Garganacl|Salt Cure|p2a: tully\n|-resisted|p2a: tully\n|-damage|p2a: tully|87\/100\n|-start|p2a: tully|Salt Cure\n|\n|-heal|p2a: tully|93\/100|[from] item: Leftovers\n|-damage|p2a: tully|81\/100|[from] Salt Cure\n|upkeep\n|turn|78\n|\n|t:|1699821731\n|-end|p2a: tully|Protosynthesis|[silent]\n|switch|p2a: pepere|Dragapult, M, shiny, tera:Ghost|56\/100\n|move|p1a: Garganacl|Recover|p1a: Garganacl\n|-heal|p1a: Garganacl|100\/100\n|\n|upkeep\n|turn|79\n|\n|t:|1699821735\n|move|p2a: pepere|U-turn|p1a: Garganacl\n|-damage|p1a: Garganacl|90\/100\n|\n|t:|1699821737\n|switch|p2a: tully|Great Tusk, shiny|81\/100|[from] U-turn\n|move|p1a: Garganacl|Salt Cure|p2a: tully\n|-resisted|p2a: tully\n|-damage|p2a: tully|78\/100\n|-start|p2a: tully|Salt Cure\n|\n|-heal|p2a: tully|85\/100|[from] item: Leftovers\n|-damage|p2a: tully|72\/100|[from] Salt Cure\n|upkeep\n|turn|80\n|\n|t:|1699821749\n|-end|p2a: tully|Protosynthesis|[silent]\n|switch|p2a: pepere|Dragapult, M, shiny, tera:Ghost|56\/100\n|switch|p1a: Corviknight|Corviknight, M|88\/100\n|-damage|p1a: Corviknight|75\/100|[from] Stealth Rock\n|-ability|p1a: Corviknight|Pressure\n|\n|upkeep\n|turn|81\n|\n|t:|1699821762\n|switch|p1a: Garganacl|Garganacl, M|90\/100\n|move|p2a: pepere|Flamethrower|p1a: Garganacl\n|-resisted|p1a: Garganacl\n|-damage|p1a: Garganacl|76\/100\n|\n|upkeep\n|turn|82\n|\n|t:|1699821769\n|switch|p2a: tully|Great Tusk, shiny|72\/100\n|move|p1a: Garganacl|Curse|p1a: Garganacl\n|-unboost|p1a: Garganacl|spe|1\n|-boost|p1a: Garganacl|atk|1\n|-boost|p1a: Garganacl|def|1\n|\n|-heal|p2a: tully|78\/100|[from] item: Leftovers\n|upkeep\n|turn|83\n|inactive|El Stefano Test has 120 seconds left.\n|\n|t:|1699821804\n|switch|p1a: Corviknight|Corviknight, M|75\/100\n|-damage|p1a: Corviknight|63\/100|[from] Stealth Rock\n|-ability|p1a: Corviknight|Pressure\n|move|p2a: tully|Earthquake|p1a: Corviknight\n|-immune|p1a: Corviknight\n|\n|-heal|p2a: tully|85\/100|[from] item: Leftovers\n|upkeep\n|turn|84\n|inactive|El Stefano Test has 120 seconds left.\n|\n|t:|1699821813\n|-end|p2a: tully|Protosynthesis|[silent]\n|switch|p2a: andy|Gholdengo, shiny|71\/100\n|move|p1a: Corviknight|Roost|p1a: Corviknight\n|-heal|p1a: Corviknight|100\/100\n|-singleturn|p1a: Corviknight|move: Roost\n|\n|upkeep\n|turn|85\n|inactive|El Stefano Test has 120 seconds left.\n|\n|t:|1699821826\n|switch|p1a: Garganacl|Garganacl, M|76\/100\n|move|p2a: andy|Recover|p2a: andy\n|-heal|p2a: andy|100\/100\n|\n|upkeep\n|turn|86\n|\n|t:|1699821833\n|switch|p1a: Slowking|Slowking, M|51\/100 tox\n|move|p2a: andy|Make It Rain|p1a: Slowking\n|-resisted|p1a: Slowking\n|-damage|p1a: Slowking|30\/100 tox\n|-unboost|p2a: andy|spa|1\n|\n|-damage|p1a: Slowking|24\/100 tox|[from] psn\n|upkeep\n|turn|87\n|\n|t:|1699821840\n|switch|p1a: Garganacl|Garganacl, M|76\/100\n|move|p2a: andy|Shadow Ball|p1a: Garganacl\n|-damage|p1a: Garganacl|67\/100\n|\n|upkeep\n|turn|88\n|\n|t:|1699821849\n|switch|p1a: Slowking|Slowking, M|57\/100 tox\n|move|p2a: andy|Nasty Plot|p2a: andy\n|-boost|p2a: andy|spa|2\n|\n|-damage|p1a: Slowking|51\/100 tox|[from] psn\n|upkeep\n|turn|89\n|\n|t:|1699821859\n|move|p2a: andy|Shadow Ball|p1a: Slowking\n|-supereffective|p1a: Slowking\n|-damage|p1a: Slowking|0 fnt\n|faint|p1a: Slowking\n|\n|upkeep\n|\n|t:|1699821862\n|switch|p1a: Clodsire|Clodsire, F|65\/100\n|turn|90\n|\n|t:|1699821869\n|switch|p2a: tully|Great Tusk, shiny|85\/100\n|move|p1a: Clodsire|Amnesia|p1a: Clodsire\n|-boost|p1a: Clodsire|spd|2\n|\n|-heal|p2a: tully|91\/100|[from] item: Leftovers\n|upkeep\n|turn|91\n|\n|t:|1699821893\n|switch|p1a: Corviknight|Corviknight, M|100\/100\n|-damage|p1a: Corviknight|88\/100|[from] Stealth Rock\n|-ability|p1a: Corviknight|Pressure\n|move|p2a: tully|Earthquake|p1a: Corviknight\n|-immune|p1a: Corviknight\n|\n|-heal|p2a: tully|97\/100|[from] item: Leftovers\n|upkeep\n|turn|92\n|\n|t:|1699821900\n|move|p2a: tully|Ice Spinner|p1a: Corviknight\n|-damage|p1a: Corviknight|72\/100\n|-damage|p2a: tully|81\/100|[from] item: Rocky Helmet|[of] p1a: Corviknight\n|move|p1a: Corviknight|Brave Bird|p2a: tully\n|-supereffective|p2a: tully\n|-damage|p2a: tully|30\/100\n|-damage|p1a: Corviknight|57\/100|[from] Recoil\n|\n|-heal|p2a: tully|37\/100|[from] item: Leftovers\n|upkeep\n|turn|93\n|\n|t:|1699821908\n|-end|p2a: tully|Protosynthesis|[silent]\n|switch|p2a: andy|Gholdengo, shiny|100\/100\n|switch|p1a: Clodsire|Clodsire, F|65\/100\n|\n|upkeep\n|turn|94\n|inactive|bandy bocks has 120 seconds left.\n|\n|t:|1699821930\n|switch|p2a: tully|Great Tusk, shiny|37\/100\n|move|p1a: Clodsire|Spikes|p2a: tully\n|-sidestart|p2: bandy bocks|Spikes\n|\n|-heal|p2a: tully|43\/100|[from] item: Leftovers\n|upkeep\n|turn|95\n|\n|t:|1699821938\n|switch|p1a: Corviknight|Corviknight, M|57\/100\n|-damage|p1a: Corviknight|44\/100|[from] Stealth Rock\n|-ability|p1a: Corviknight|Pressure\n|move|p2a: tully|Rapid Spin|p1a: Corviknight\n|-resisted|p1a: Corviknight\n|-damage|p1a: Corviknight|39\/100\n|-boost|p2a: tully|spe|1\n|-damage|p2a: tully|26\/100|[from] item: Rocky Helmet|[of] p1a: Corviknight\n|-sideend|p2: bandy bocks|Spikes|[from] move: Rapid Spin|[of] p2a: tully\n|\n|-heal|p2a: tully|33\/100|[from] item: Leftovers\n|upkeep\n|turn|96\n|\n|t:|1699821948\n|-end|p2a: tully|Protosynthesis|[silent]\n|switch|p2a: pepere|Dragapult, M, shiny, tera:Ghost|56\/100\n|move|p1a: Corviknight|Roost|p1a: Corviknight\n|-heal|p1a: Corviknight|89\/100\n|-singleturn|p1a: Corviknight|move: Roost\n|\n|upkeep\n|turn|97\n|\n|t:|1699821959\n|move|p2a: pepere|Shadow Ball|p1a: Corviknight\n|-damage|p1a: Corviknight|25\/100\n|move|p1a: Corviknight|Roost|p1a: Corviknight\n|-heal|p1a: Corviknight|75\/100\n|-singleturn|p1a: Corviknight|move: Roost\n|\n|upkeep\n|turn|98\n|\n|t:|1699821969\n|switch|p1a: Garganacl|Garganacl, M|67\/100\n|move|p2a: pepere|Shadow Ball|p1a: Garganacl\n|-damage|p1a: Garganacl|44\/100\n|\n|upkeep\n|turn|99\n|\n|t:|1699821978\n|switch|p2a: tully|Great Tusk, shiny|33\/100\n|move|p1a: Garganacl|Recover|p1a: Garganacl\n|-heal|p1a: Garganacl|94\/100\n|\n|-heal|p2a: tully|39\/100|[from] item: Leftovers\n|upkeep\n|turn|100\n|\n|t:|1699821983\n|switch|p1a: Dondozo|Dondozo, M|100\/100\n|move|p2a: tully|Earthquake|p1a: Dondozo\n|-damage|p1a: Dondozo|77\/100\n|\n|-heal|p2a: tully|45\/100|[from] item: Leftovers\n|upkeep\n|turn|101\n|\n|t:|1699821990\n|-end|p2a: tully|Protosynthesis|[silent]\n|switch|p2a: andy|Gholdengo, shiny|100\/100\n|move|p1a: Dondozo|Waterfall|p2a: andy\n|-damage|p2a: andy|78\/100\n|\n|upkeep\n|turn|102\n|\n|t:|1699822004\n|switch|p2a: tully|Great Tusk, shiny|45\/100\n|switch|p1a: Clodsire|Clodsire, F|65\/100\n|\n|-heal|p2a: tully|51\/100|[from] item: Leftovers\n|upkeep\n|turn|103\n|\n|t:|1699822013\n|switch|p1a: Dondozo|Dondozo, M|77\/100\n|move|p2a: tully|Earthquake|p1a: Dondozo\n|-damage|p1a: Dondozo|52\/100\n|\n|-heal|p2a: tully|57\/100|[from] item: Leftovers\n|upkeep\n|turn|104\n|\n|t:|1699822022\n|-end|p2a: tully|Protosynthesis|[silent]\n|switch|p2a: pepere|Dragapult, M, shiny, tera:Ghost|56\/100\n|move|p1a: Dondozo|Waterfall|p2a: pepere\n|-damage|p2a: pepere|22\/100\n|\n|upkeep\n|turn|105\n|\n|t:|1699822029\n|switch|p1a: Garganacl|Garganacl, M|94\/100\n|move|p2a: pepere|Shadow Ball|p1a: Garganacl\n|-damage|p1a: Garganacl|73\/100\n|\n|upkeep\n|turn|106\n|\n|t:|1699822036\n|switch|p2a: tully|Great Tusk, shiny|57\/100\n|move|p1a: Garganacl|Salt Cure|p2a: tully\n|-resisted|p2a: tully\n|-damage|p2a: tully|55\/100\n|-start|p2a: tully|Salt Cure\n|\n|-heal|p2a: tully|61\/100|[from] item: Leftovers\n|-damage|p2a: tully|48\/100|[from] Salt Cure\n|upkeep\n|turn|107\n|inactive|bandy bocks has 120 seconds left.\n|\n|t:|1699822068\n|-end|p2a: tully|Protosynthesis|[silent]\n|switch|p2a: pepere|Dragapult, M, shiny, tera:Ghost|22\/100\n|switch|p1a: Corviknight|Corviknight, M|75\/100\n|-damage|p1a: Corviknight|63\/100|[from] Stealth Rock\n|-ability|p1a: Corviknight|Pressure\n|\n|upkeep\n|turn|108\n|\n|t:|1699822073\n|switch|p1a: Garganacl|Garganacl, M|73\/100\n|move|p2a: pepere|Draco Meteor|p1a: Garganacl\n|-damage|p1a: Garganacl|17\/100\n|-unboost|p2a: pepere|spa|2\n|\n|upkeep\n|turn|109\n|\n|t:|1699822097\n|move|p2a: pepere|Draco Meteor|p1a: Garganacl\n|-damage|p1a: Garganacl|0 fnt\n|-unboost|p2a: pepere|spa|2\n|faint|p1a: Garganacl\n|\n|upkeep\n|\n|t:|1699822102\n|switch|p1a: Clodsire|Clodsire, F|65\/100\n|turn|110\n|\n|t:|1699822107\n|switch|p2a: andy|Gholdengo, shiny|78\/100\n|move|p1a: Clodsire|Earthquake|p2a: andy\n|-supereffective|p2a: andy\n|-damage|p2a: andy|37\/100\n|\n|upkeep\n|turn|111\n|\n|t:|1699822116\n|move|p2a: andy|Recover|p2a: andy\n|-heal|p2a: andy|87\/100\n|move|p1a: Clodsire|Earthquake|p2a: andy\n|-supereffective|p2a: andy\n|-damage|p2a: andy|50\/100\n|\n|upkeep\n|turn|112\n|\n|t:|1699822119\n|switch|p2a: tully|Great Tusk, shiny|48\/100\n|move|p1a: Clodsire|Amnesia|p1a: Clodsire\n|-boost|p1a: Clodsire|spd|2\n|\n|-heal|p2a: tully|55\/100|[from] item: Leftovers\n|upkeep\n|turn|113\n|inactive|bandy bocks has 120 seconds left.\n|\n|t:|1699822126\n|move|p2a: tully|Earthquake|p1a: Clodsire\n|-supereffective|p1a: Clodsire\n|-damage|p1a: Clodsire|0 fnt\n|faint|p1a: Clodsire\n|\n|-heal|p2a: tully|61\/100|[from] item: Leftovers\n|upkeep\n|\n|t:|1699822129\n|switch|p1a: Corviknight|Corviknight, M|63\/100\n|-damage|p1a: Corviknight|50\/100|[from] Stealth Rock\n|-ability|p1a: Corviknight|Pressure\n|turn|114\n|\n|t:|1699822132\n|-end|p2a: tully|Protosynthesis|[silent]\n|switch|p2a: andy|Gholdengo, shiny|50\/100\n|move|p1a: Corviknight|Iron Defense|p1a: Corviknight\n|-boost|p1a: Corviknight|def|2\n|\n|upkeep\n|turn|115\n|\n|t:|1699822136\n|move|p2a: andy|Recover|p2a: andy\n|-heal|p2a: andy|99\/100\n|move|p1a: Corviknight|Brave Bird|p2a: andy\n|-resisted|p2a: andy\n|-damage|p2a: andy|85\/100\n|-damage|p1a: Corviknight|46\/100|[from] Recoil\n|\n|upkeep\n|turn|116\n|\n|t:|1699822144\n|move|p2a: andy|Nasty Plot|p2a: andy\n|-boost|p2a: andy|spa|2\n|move|p1a: Corviknight|Brave Bird|p2a: andy\n|-resisted|p2a: andy\n|-damage|p2a: andy|70\/100\n|-damage|p1a: Corviknight|41\/100|[from] Recoil\n|\n|upkeep\n|turn|117\n|\n|t:|1699822146\n|move|p2a: andy|Shadow Ball|p1a: Corviknight\n|-damage|p1a: Corviknight|0 fnt\n|faint|p1a: Corviknight\n|\n|upkeep\n|\n|t:|1699822148\n|switch|p1a: Dondozo|Dondozo, M|52\/100\n|turn|118\n|\n|t:|1699822152\n|move|p2a: andy|Shadow Ball|p1a: Dondozo\n|-damage|p1a: Dondozo|14\/100\n|move|p1a: Dondozo|Rest|p1a: Dondozo\n|-status|p1a: Dondozo|slp|[from] move: Rest\n|-heal|p1a: Dondozo|100\/100 slp|[silent]\n|\n|upkeep\n|turn|119\n|\n|t:|1699822156\n|switch|p2a: pepere|Dragapult, M, shiny, tera:Ghost|22\/100\n|cant|p1a: Dondozo|slp\n|move|p1a: Dondozo|Sleep Talk|p1a: Dondozo\n|move|p1a: Dondozo|Curse|p1a: Dondozo|[from]move: Sleep Talk\n|-unboost|p1a: Dondozo|spe|1\n|-boost|p1a: Dondozo|atk|1\n|-boost|p1a: Dondozo|def|1\n|\n|upkeep\n|turn|120\n|\n|t:|1699822167\n|move|p2a: pepere|Shadow Ball|p1a: Dondozo\n|-damage|p1a: Dondozo|31\/100 slp\n|cant|p1a: Dondozo|slp\n|move|p1a: Dondozo|Sleep Talk|p1a: Dondozo\n|move|p1a: Dondozo|Rest||[from]move: Sleep Talk|[still]\n|-fail|p1a: Dondozo\n|\n|upkeep\n|turn|121\n|\n|t:|1699822171\n|move|p2a: pepere|Shadow Ball|p1a: Dondozo\n|-damage|p1a: Dondozo|0 fnt\n|faint|p1a: Dondozo\n|\n|win|bandy bocks\n|raw|El Stefano Test's rating: 1578 &rarr; <strong>1556<\/strong><br \/>(-22 for losing)\n|raw|bandy bocks's rating: 1540 &rarr; <strong>1562<\/strong><br \/>(+22 for winning)\n|c|\u2606bandy bocks|gg\n|l|\u2606El Stefano Test\n","uploadtime":1699822401,"views":10,"p1id":"elstefanotest","p2id":"bandybocks","formatid":"gen9ou","rating":1556,"private":0,"password":""}