{"id":"gen9ou-1995041935","p1":"kanto1969","p2":"KahveKral","format":"[Gen 9] OU","log":"|j|\u2606kanto1969\n|j|\u2606KahveKral\n|t:|1700516310\n|gametype|singles\n|player|p1|kanto1969|palmer|1121\n|player|p2|KahveKral|169|1197\n|teamsize|p1|6\n|teamsize|p2|6\n|gen|9\n|tier|[Gen 9] OU\n|rated|\n|rule|Sleep Clause Mod: Limit one foe put to sleep\n|rule|Species Clause: Limit one of each Pok\u00e9mon\n|rule|OHKO Clause: OHKO moves are banned\n|rule|Evasion Items Clause: Evasion items are banned\n|rule|Evasion Moves Clause: Evasion moves are banned\n|rule|Endless Battle Clause: Forcing endless battles is banned\n|rule|HP Percentage Mod: HP is shown in percentages\n|clearpoke\n|poke|p1|Heatran, F|\n|poke|p1|Glimmora, F|\n|poke|p1|Arcanine-Hisui, F|\n|poke|p1|Infernape, F|\n|poke|p1|Snorlax, F|\n|poke|p1|Iron Hands|\n|poke|p2|Thundurus-Therian, M|\n|poke|p2|Goodra-Hisui, F|\n|poke|p2|Cinderace, F|\n|poke|p2|Landorus-Therian, M|\n|poke|p2|Iron Valiant|\n|poke|p2|Kingambit, F|\n|teampreview\n|inactive|Battle timer is ON: inactive players will automatically lose when time's up. (requested by kanto1969)\n|\n|t:|1700516317\n|start\n|switch|p1a: Glimmora|Glimmora, F|100\/100\n|switch|p2a: Landorus|Landorus-Therian, M|100\/100\n|-ability|p2a: Landorus|Intimidate|boost\n|-unboost|p1a: Glimmora|atk|1\n|turn|1\n|\n|t:|1700516337\n|move|p1a: Glimmora|Stealth Rock|p2a: Landorus\n|-sidestart|p2: KahveKral|move: Stealth Rock\n|move|p2a: Landorus|Stealth Rock|p1a: Glimmora\n|-sidestart|p1: kanto1969|move: Stealth Rock\n|\n|upkeep\n|turn|2\n|\n|t:|1700516342\n|move|p1a: Glimmora|Mortal Spin|p2a: Landorus\n|-resisted|p2a: Landorus\n|-damage|p2a: Landorus|99\/100\n|-status|p2a: Landorus|psn\n|-damage|p1a: Glimmora|84\/100|[from] item: Rocky Helmet|[of] p2a: Landorus\n|-sideend|p1: kanto1969|Stealth Rock|[from] move: Mortal Spin|[of] p1a: Glimmora\n|move|p2a: Landorus|Grass Knot|p1a: Glimmora\n|-damage|p1a: Glimmora|67\/100\n|\n|-damage|p2a: Landorus|87\/100 psn|[from] psn\n|upkeep\n|turn|3\n|\n|t:|1700516362\n|move|p1a: Glimmora|Spiky Shield|p1a: Glimmora\n|-singleturn|p1a: Glimmora|move: Protect\n|move|p2a: Landorus|Earthquake|p1a: Glimmora\n|-activate|p1a: Glimmora|move: Protect\n|\n|-damage|p2a: Landorus|74\/100 psn|[from] psn\n|upkeep\n|turn|4\n|\n|t:|1700516372\n|move|p1a: Glimmora|Mortal Spin|p2a: Landorus\n|-resisted|p2a: Landorus\n|-damage|p2a: Landorus|73\/100 psn\n|-damage|p1a: Glimmora|50\/100|[from] item: Rocky Helmet|[of] p2a: Landorus\n|move|p2a: Landorus|Earthquake|p1a: Glimmora\n|-supereffective|p1a: Glimmora\n|-damage|p1a: Glimmora|0 fnt\n|-activate|p1a: Glimmora|ability: Toxic Debris\n|-sidestart|p2: KahveKral|move: Toxic Spikes\n|faint|p1a: Glimmora\n|\n|-damage|p2a: Landorus|61\/100 psn|[from] psn\n|upkeep\n|inactive|kanto1969 has 120 seconds left.\n|\n|t:|1700516408\n|switch|p1a: Snorlax|Snorlax, F|100\/100\n|turn|5\n|\n|t:|1700516413\n|move|p2a: Landorus|Earthquake|p1a: Snorlax\n|-damage|p1a: Snorlax|70\/100\n|move|p1a: Snorlax|Belly Drum|p1a: Snorlax\n|-damage|p1a: Snorlax|20\/100\n|-setboost|p1a: Snorlax|atk|6|[from] move: Belly Drum\n|-enditem|p1a: Snorlax|Sitrus Berry|[eat]\n|-heal|p1a: Snorlax|45\/100|[from] item: Sitrus Berry\n|\n|-damage|p2a: Landorus|48\/100 psn|[from] psn\n|upkeep\n|turn|6\n|inactive|kanto1969 has 120 seconds left.\n|\n|t:|1700516432\n|move|p2a: Landorus|Earthquake|p1a: Snorlax\n|-damage|p1a: Snorlax|14\/100\n|move|p1a: Snorlax|Facade|p2a: Landorus\n|-damage|p2a: Landorus|0 fnt\n|-damage|p1a: Snorlax|0 fnt|[from] item: Rocky Helmet|[of] p2a: Landorus\n|faint|p2a: Landorus\n|faint|p1a: Snorlax\n|\n|upkeep\n|inactive|kanto1969 has 120 seconds left.\n|\n|t:|1700516450\n|switch|p2a: Cinderace|Cinderace, F|100\/100\n|switch|p1a: Heatran|Heatran, F|100\/100\n|turn|7\n|inactive|kanto1969 has 120 seconds left.\n|\n|t:|1700516456\n|move|p2a: Cinderace|Court Change|p2a: Cinderace\n|-swapsideconditions\n|-activate|p2a: Cinderace|move: Court Change\n|move|p1a: Heatran|Earth Power|p2a: Cinderace\n|-supereffective|p2a: Cinderace\n|-damage|p2a: Cinderace|21\/100\n|\n|upkeep\n|turn|8\n|inactive|kanto1969 has 120 seconds left.\n|\n|t:|1700516478\n|move|p2a: Cinderace|U-turn|p1a: Heatran\n|-resisted|p1a: Heatran\n|-damage|p1a: Heatran|97\/100\n|\n|t:|1700516490\n|switch|p2a: Iron Valiant|Iron Valiant|100\/100|[from] U-turn\n|-enditem|p2a: Iron Valiant|Booster Energy\n|-activate|p2a: Iron Valiant|ability: Quark Drive|[fromitem]\n|-start|p2a: Iron Valiant|quarkdrivespe\n|move|p1a: Heatran|Earth Power|p2a: Iron Valiant\n|-damage|p2a: Iron Valiant|47\/100\n|-unboost|p2a: Iron Valiant|spd|1\n|\n|upkeep\n|turn|9\n|inactive|kanto1969 has 120 seconds left.\n|\n|t:|1700516524\n|-terastallize|p1a: Heatran|Water\n|move|p2a: Iron Valiant|Close Combat|p1a: Heatran\n|-damage|p1a: Heatran|41\/100\n|-unboost|p2a: Iron Valiant|def|1\n|-unboost|p2a: Iron Valiant|spd|1\n|move|p1a: Heatran|Earth Power|p2a: Iron Valiant\n|-damage|p2a: Iron Valiant|0 fnt\n|faint|p2a: Iron Valiant\n|-end|p2a: Iron Valiant|Quark Drive|[silent]\n|\n|upkeep\n|inactive|KahveKral has 120 seconds left.\n|\n|t:|1700516537\n|switch|p2a: Thundurus|Thundurus-Therian, M|100\/100\n|turn|10\n|\n|t:|1700516548\n|move|p2a: Thundurus|Volt Switch|p1a: Heatran\n|-supereffective|p1a: Heatran\n|-damage|p1a: Heatran|0 fnt\n|faint|p1a: Heatran\n|\n|t:|1700516562\n|switch|p2a: Goodra|Goodra-Hisui, F|100\/100|[from] Volt Switch\n|\n|upkeep\n|\n|t:|1700516580\n|switch|p1a: Infernape|Infernape, F, shiny|100\/100\n|-damage|p1a: Infernape|88\/100|[from] Stealth Rock\n|-status|p1a: Infernape|psn\n|turn|11\n|\n|t:|1700516587\n|move|p1a: Infernape|Close Combat|p2a: Goodra\n|-supereffective|p2a: Goodra\n|-damage|p2a: Goodra|0 fnt\n|-unboost|p1a: Infernape|def|1\n|-unboost|p1a: Infernape|spd|1\n|faint|p2a: Goodra\n|\n|-damage|p1a: Infernape|76\/100 psn|[from] psn\n|upkeep\n|\n|t:|1700516592\n|switch|p2a: Cinderace|Cinderace, F|21\/100\n|turn|12\n|\n|t:|1700516600\n|move|p1a: Infernape|Mach Punch|p2a: Cinderace\n|-damage|p2a: Cinderace|0 fnt\n|faint|p2a: Cinderace\n|\n|-damage|p1a: Infernape|64\/100 psn|[from] psn\n|upkeep\n|\n|t:|1700516604\n|switch|p2a: Thundurus|Thundurus-Therian, M|100\/100\n|turn|13\n|\n|t:|1700516611\n|-terastallize|p2a: Thundurus|Flying\n|move|p1a: Infernape|Thunder Punch|p2a: Thundurus\n|-immune|p2a: Thundurus|[from] ability: Volt Absorb\n|move|p2a: Thundurus|Tera Blast|p1a: Infernape|[anim] Tera Blast Flying\n|-supereffective|p1a: Infernape\n|-crit|p1a: Infernape\n|-damage|p1a: Infernape|0 fnt\n|faint|p1a: Infernape\n|\n|upkeep\n|\n|t:|1700516622\n|switch|p1a: Arcanine|Arcanine-Hisui, F|100\/100\n|-damage|p1a: Arcanine|76\/100|[from] Stealth Rock\n|-status|p1a: Arcanine|psn\n|turn|14\n|\n|t:|1700516642\n|switch|p2a: Kingambit|Kingambit, F|100\/100\n|-activate|p2a: Kingambit|ability: Supreme Overlord\n|-start|p2a: Kingambit|fallen4|[silent]\n|-item|p2a: Kingambit|Air Balloon\n|move|p1a: Arcanine|Head Smash|p2a: Kingambit\n|-resisted|p2a: Kingambit\n|-damage|p2a: Kingambit|71\/100\n|-enditem|p2a: Kingambit|Air Balloon\n|\n|-damage|p1a: Arcanine|63\/100 psn|[from] psn\n|upkeep\n|turn|15\n|\n|t:|1700516660\n|switch|p1a: Iron Hands|Iron Hands, shiny|100\/100\n|-damage|p1a: Iron Hands|94\/100|[from] Stealth Rock\n|-status|p1a: Iron Hands|psn\n|move|p2a: Kingambit|Sucker Punch||[still]\n|-fail|p2a: Kingambit\n|\n|-damage|p1a: Iron Hands|82\/100 psn|[from] psn\n|upkeep\n|turn|16\n|inactive|kanto1969 has 120 seconds left.\n|\n|t:|1700516677\n|move|p1a: Iron Hands|Fake Out|p2a: Kingambit\n|-resisted|p2a: Kingambit\n|-damage|p2a: Kingambit|63\/100\n|cant|p2a: Kingambit|flinch\n|\n|-damage|p1a: Iron Hands|70\/100 psn|[from] psn\n|upkeep\n|turn|17\n|\n|t:|1700516685\n|move|p2a: Kingambit|Low Kick|p1a: Iron Hands\n|-damage|p1a: Iron Hands|29\/100 psn\n|move|p1a: Iron Hands|Drain Punch|p2a: Kingambit\n|-supereffective|p2a: Kingambit\n|-damage|p2a: Kingambit|0 fnt\n|-heal|p1a: Iron Hands|52\/100 psn|[from] drain|[of] p2a: Kingambit\n|faint|p2a: Kingambit\n|-end|p2a: Kingambit|fallen4|[silent]\n|\n|-damage|p1a: Iron Hands|39\/100 psn|[from] psn\n|upkeep\n|\n|t:|1700516695\n|switch|p2a: Thundurus|Thundurus-Therian, M, tera:Flying|100\/100\n|turn|18\n|\n|t:|1700516710\n|move|p2a: Thundurus|Hammer Arm|p1a: Iron Hands\n|-damage|p1a: Iron Hands|25\/100 psn\n|-unboost|p2a: Thundurus|spe|1\n|move|p1a: Iron Hands|Drain Punch|p2a: Thundurus\n|-resisted|p2a: Thundurus\n|-damage|p2a: Thundurus|64\/100\n|-heal|p1a: Iron Hands|37\/100 psn|[from] drain|[of] p2a: Thundurus\n|\n|-damage|p1a: Iron Hands|25\/100 psn|[from] psn\n|upkeep\n|turn|19\n|\n|t:|1700516722\n|move|p2a: Thundurus|Hammer Arm|p1a: Iron Hands\n|-damage|p1a: Iron Hands|9\/100 psn\n|-unboost|p2a: Thundurus|spe|1\n|move|p1a: Iron Hands|Drain Punch|p2a: Thundurus\n|-resisted|p2a: Thundurus\n|-damage|p2a: Thundurus|28\/100\n|-heal|p1a: Iron Hands|21\/100 psn|[from] drain|[of] p2a: Thundurus\n|\n|-damage|p1a: Iron Hands|8\/100 psn|[from] psn\n|upkeep\n|turn|20\n|\n|t:|1700516734\n|move|p2a: Thundurus|Hammer Arm|p1a: Iron Hands\n|-damage|p1a: Iron Hands|0 fnt\n|-unboost|p2a: Thundurus|spe|1\n|faint|p1a: Iron Hands\n|-end|p1a: Iron Hands|Quark Drive|[silent]\n|\n|upkeep\n|\n|t:|1700516742\n|switch|p1a: Arcanine|Arcanine-Hisui, F|63\/100 psn\n|-damage|p1a: Arcanine|38\/100 psn|[from] Stealth Rock\n|turn|21\n|\n|t:|1700516748\n|move|p1a: Arcanine|Raging Fury|p2a: Thundurus\n|-damage|p2a: Thundurus|0 fnt\n|faint|p2a: Thundurus\n|\n|win|kanto1969\n|raw|kanto1969's rating: 1121 &rarr; <strong>1151<\/strong><br \/>(+30 for winning)\n|raw|KahveKral's rating: 1197 &rarr; <strong>1167<\/strong><br \/>(-30 for losing)\n","uploadtime":1700516754,"views":7,"p1id":"kanto1969","p2id":"kahvekral","formatid":"gen9ou","rating":1151,"private":0,"password":""}