{"id":"gen9ou-1988290105","p1":"murabitooo","p2":"gosuBX","format":"[Gen 9] OU","log":"|j|\u2606murabitooo\n|j|\u2606gosuBX\n|t:|1699702618\n|gametype|singles\n|player|p1|murabitooo|pokekid|1169\n|player|p2|gosuBX|102|1107\n|teamsize|p1|6\n|teamsize|p2|6\n|gen|9\n|tier|[Gen 9] OU\n|rated|\n|rule|Sleep Clause Mod: Limit one foe put to sleep\n|rule|Species Clause: Limit one of each Pok\u00e9mon\n|rule|OHKO Clause: OHKO moves are banned\n|rule|Evasion Items Clause: Evasion items are banned\n|rule|Evasion Moves Clause: Evasion moves are banned\n|rule|Endless Battle Clause: Forcing endless battles is banned\n|rule|HP Percentage Mod: HP is shown in percentages\n|clearpoke\n|poke|p1|Maushold-Four|\n|poke|p1|Walking Wake|\n|poke|p1|Dragonite, M|\n|poke|p1|Great Tusk|\n|poke|p1|Weezing-Galar, F|\n|poke|p1|Muk-Alola, M|\n|poke|p2|Pelipper, F|\n|poke|p2|Barraskewda, M|\n|poke|p2|Basculegion-F, F|\n|poke|p2|Overqwil, M|\n|poke|p2|Zapdos|\n|poke|p2|Empoleon, M|\n|teampreview\n|inactive|Battle timer is ON: inactive players will automatically lose when time's up. (requested by gosuBX)\n|\n|t:|1699702637\n|start\n|switch|p1a: Walking Wake|Walking Wake|100\/100\n|switch|p2a: Pelipper|Pelipper, F|100\/100\n|-weather|RainDance|[from] ability: Drizzle|[of] p2a: Pelipper\n|turn|1\n|\n|t:|1699702648\n|move|p1a: Walking Wake|Flip Turn|p2a: Pelipper\n|-resisted|p2a: Pelipper\n|-damage|p2a: Pelipper|92\/100\n|\n|t:|1699702672\n|-end|p1a: Walking Wake|Protosynthesis|[silent]\n|switch|p1a: Weezing|Weezing-Galar, F|100\/100|[from] Flip Turn\n|move|p2a: Pelipper|Hurricane|p1a: Weezing\n|-damage|p1a: Weezing|39\/100\n|\n|-weather|RainDance|[upkeep]\n|upkeep\n|turn|2\n|\n|t:|1699702683\n|switch|p1a: Muk|Muk-Alola, M|100\/100\n|move|p2a: Pelipper|Hurricane|p1a: Muk\n|-damage|p1a: Muk|79\/100\n|\n|-weather|RainDance|[upkeep]\n|-heal|p1a: Muk|85\/100|[from] item: Black Sludge\n|upkeep\n|turn|3\n|\n|t:|1699702697\n|move|p2a: Pelipper|U-turn|p1a: Muk\n|-damage|p1a: Muk|76\/100\n|\n|t:|1699702707\n|switch|p2a: Empoleon|Empoleon, M|100\/100|[from] U-turn\n|move|p1a: Muk|Knock Off|p2a: Empoleon\n|-damage|p2a: Empoleon|66\/100\n|-enditem|p2a: Empoleon|Leftovers|[from] move: Knock Off|[of] p1a: Muk\n|\n|-weather|RainDance|[upkeep]\n|-heal|p1a: Muk|82\/100|[from] item: Black Sludge\n|upkeep\n|turn|4\n|\n|t:|1699702715\n|move|p1a: Muk|Drain Punch|p2a: Empoleon\n|-supereffective|p2a: Empoleon\n|-damage|p2a: Empoleon|28\/100\n|-heal|p1a: Muk|99\/100|[from] drain|[of] p2a: Empoleon\n|move|p2a: Empoleon|Stealth Rock|p1a: Muk\n|-sidestart|p1: murabitooo|move: Stealth Rock\n|\n|-weather|RainDance|[upkeep]\n|-heal|p1a: Muk|100\/100|[from] item: Black Sludge\n|upkeep\n|turn|5\n|\n|t:|1699702725\n|move|p1a: Muk|Knock Off|p2a: Empoleon\n|-damage|p2a: Empoleon|4\/100\n|move|p2a: Empoleon|Roost|p2a: Empoleon\n|-heal|p2a: Empoleon|54\/100\n|-singleturn|p2a: Empoleon|move: Roost\n|\n|-weather|RainDance|[upkeep]\n|upkeep\n|turn|6\n|\n|t:|1699702732\n|move|p1a: Muk|Drain Punch|p2a: Empoleon\n|-supereffective|p2a: Empoleon\n|-damage|p2a: Empoleon|17\/100\n|move|p2a: Empoleon|Roost|p2a: Empoleon\n|-heal|p2a: Empoleon|67\/100\n|-singleturn|p2a: Empoleon|move: Roost\n|\n|-weather|RainDance|[upkeep]\n|upkeep\n|turn|7\n|\n|t:|1699702750\n|switch|p2a: Pelipper|Pelipper, F|92\/100\n|move|p1a: Muk|Drain Punch|p2a: Pelipper\n|-resisted|p2a: Pelipper\n|-damage|p2a: Pelipper|84\/100\n|\n|-weather|RainDance|[upkeep]\n|upkeep\n|turn|8\n|\n|t:|1699702760\n|move|p2a: Pelipper|Hurricane|p1a: Muk\n|-damage|p1a: Muk|78\/100\n|move|p1a: Muk|Knock Off|p2a: Pelipper\n|-damage|p2a: Pelipper|58\/100\n|-status|p2a: Pelipper|psn|[from] ability: Poison Touch|[of] p1a: Muk\n|-enditem|p2a: Pelipper|Damp Rock|[from] move: Knock Off|[of] p1a: Muk\n|\n|-weather|none\n|-heal|p1a: Muk|84\/100|[from] item: Black Sludge\n|-damage|p2a: Pelipper|46\/100 psn|[from] psn\n|upkeep\n|turn|9\n|\n|t:|1699702770\n|move|p2a: Pelipper|U-turn|p1a: Muk\n|-damage|p1a: Muk|74\/100\n|\n|t:|1699702777\n|switch|p2a: Zapdos|Zapdos|100\/100|[from] U-turn\n|move|p1a: Muk|Poison Jab|p2a: Zapdos\n|-damage|p2a: Zapdos|67\/100\n|\n|-heal|p1a: Muk|80\/100|[from] item: Black Sludge\n|upkeep\n|turn|10\n|\n|t:|1699702788\n|move|p2a: Zapdos|Volt Switch|p1a: Muk\n|-damage|p1a: Muk|59\/100\n|\n|t:|1699702791\n|switch|p2a: Pelipper|Pelipper, F|46\/100 psn|[from] Volt Switch\n|-weather|RainDance|[from] ability: Drizzle|[of] p2a: Pelipper\n|move|p1a: Muk|Knock Off|p2a: Pelipper\n|-damage|p2a: Pelipper|28\/100 psn\n|\n|-weather|RainDance|[upkeep]\n|-heal|p1a: Muk|65\/100|[from] item: Black Sludge\n|-damage|p2a: Pelipper|16\/100 psn|[from] psn\n|upkeep\n|turn|11\n|\n|t:|1699702804\n|move|p2a: Pelipper|Roost|p2a: Pelipper\n|-heal|p2a: Pelipper|66\/100 psn\n|-singleturn|p2a: Pelipper|move: Roost\n|move|p1a: Muk|Knock Off|p2a: Pelipper\n|-damage|p2a: Pelipper|48\/100 psn\n|\n|-weather|RainDance|[upkeep]\n|-heal|p1a: Muk|71\/100|[from] item: Black Sludge\n|-damage|p2a: Pelipper|36\/100 psn|[from] psn\n|upkeep\n|turn|12\n|\n|t:|1699702813\n|move|p2a: Pelipper|U-turn|p1a: Muk\n|-damage|p1a: Muk|62\/100\n|\n|t:|1699702816\n|switch|p2a: Zapdos|Zapdos|67\/100|[from] U-turn\n|move|p1a: Muk|Knock Off|p2a: Zapdos\n|-damage|p2a: Zapdos|23\/100\n|-enditem|p2a: Zapdos|Heavy-Duty Boots|[from] move: Knock Off|[of] p1a: Muk\n|\n|-weather|RainDance|[upkeep]\n|-heal|p1a: Muk|68\/100|[from] item: Black Sludge\n|upkeep\n|turn|13\n|\n|t:|1699702827\n|move|p2a: Zapdos|Roost|p2a: Zapdos\n|-heal|p2a: Zapdos|73\/100\n|-singleturn|p2a: Zapdos|move: Roost\n|move|p1a: Muk|Knock Off|p2a: Zapdos\n|-damage|p2a: Zapdos|46\/100\n|-status|p1a: Muk|par|[from] ability: Static|[of] p2a: Zapdos\n|\n|-weather|RainDance|[upkeep]\n|-heal|p1a: Muk|74\/100 par|[from] item: Black Sludge\n|upkeep\n|turn|14\n|\n|t:|1699702836\n|move|p2a: Zapdos|Roost|p2a: Zapdos\n|-heal|p2a: Zapdos|96\/100\n|-singleturn|p2a: Zapdos|move: Roost\n|move|p1a: Muk|Poison Jab|p2a: Zapdos\n|-damage|p2a: Zapdos|61\/100\n|-status|p2a: Zapdos|psn\n|\n|-weather|none\n|-heal|p1a: Muk|80\/100 par|[from] item: Black Sludge\n|-damage|p2a: Zapdos|48\/100 psn|[from] psn\n|upkeep\n|turn|15\n|\n|t:|1699702848\n|move|p2a: Zapdos|Roost|p2a: Zapdos\n|-heal|p2a: Zapdos|98\/100 psn\n|-singleturn|p2a: Zapdos|move: Roost\n|cant|p1a: Muk|par\n|\n|-heal|p1a: Muk|86\/100 par|[from] item: Black Sludge\n|-damage|p2a: Zapdos|86\/100 psn|[from] psn\n|upkeep\n|turn|16\n|\n|t:|1699702856\n|move|p2a: Zapdos|Volt Switch|p1a: Muk\n|-damage|p1a: Muk|67\/100 par\n|\n|t:|1699702859\n|switch|p2a: Pelipper|Pelipper, F|36\/100 psn|[from] Volt Switch\n|-weather|RainDance|[from] ability: Drizzle|[of] p2a: Pelipper\n|move|p1a: Muk|Poison Jab|p2a: Pelipper\n|-damage|p2a: Pelipper|15\/100 psn\n|\n|-weather|RainDance|[upkeep]\n|-heal|p1a: Muk|73\/100 par|[from] item: Black Sludge\n|-damage|p2a: Pelipper|3\/100 psn|[from] psn\n|upkeep\n|turn|17\n|\n|t:|1699702871\n|move|p2a: Pelipper|Roost|p2a: Pelipper\n|-heal|p2a: Pelipper|53\/100 psn\n|-singleturn|p2a: Pelipper|move: Roost\n|move|p1a: Muk|Knock Off|p2a: Pelipper\n|-damage|p2a: Pelipper|35\/100 psn\n|\n|-weather|RainDance|[upkeep]\n|-heal|p1a: Muk|79\/100 par|[from] item: Black Sludge\n|-damage|p2a: Pelipper|23\/100 psn|[from] psn\n|upkeep\n|turn|18\n|\n|t:|1699702880\n|move|p1a: Muk|Protect|p1a: Muk\n|-singleturn|p1a: Muk|Protect\n|move|p2a: Pelipper|Roost|p2a: Pelipper\n|-heal|p2a: Pelipper|73\/100 psn\n|-singleturn|p2a: Pelipper|move: Roost\n|\n|-weather|RainDance|[upkeep]\n|-heal|p1a: Muk|85\/100 par|[from] item: Black Sludge\n|-damage|p2a: Pelipper|61\/100 psn|[from] psn\n|upkeep\n|turn|19\n|\n|t:|1699702895\n|move|p2a: Pelipper|Roost|p2a: Pelipper\n|-heal|p2a: Pelipper|100\/100 psn\n|-singleturn|p2a: Pelipper|move: Roost\n|cant|p1a: Muk|par\n|\n|-weather|RainDance|[upkeep]\n|-heal|p1a: Muk|91\/100 par|[from] item: Black Sludge\n|-damage|p2a: Pelipper|88\/100 psn|[from] psn\n|upkeep\n|turn|20\n|\n|t:|1699702905\n|move|p2a: Pelipper|U-turn|p1a: Muk\n|-damage|p1a: Muk|82\/100 par\n|\n|t:|1699702913\n|switch|p2a: Empoleon|Empoleon, M|67\/100|[from] U-turn\n|move|p1a: Muk|Knock Off|p2a: Empoleon\n|-damage|p2a: Empoleon|44\/100\n|\n|-weather|none\n|-heal|p1a: Muk|88\/100 par|[from] item: Black Sludge\n|upkeep\n|turn|21\n|\n|t:|1699702925\n|move|p2a: Empoleon|Roost|p2a: Empoleon\n|-heal|p2a: Empoleon|94\/100\n|-singleturn|p2a: Empoleon|move: Roost\n|move|p1a: Muk|Drain Punch|p2a: Empoleon\n|-supereffective|p2a: Empoleon\n|-damage|p2a: Empoleon|55\/100\n|-heal|p1a: Muk|100\/100 par|[from] drain|[of] p2a: Empoleon\n|\n|upkeep\n|turn|22\n|\n|t:|1699702932\n|move|p2a: Empoleon|Roost|p2a: Empoleon\n|-heal|p2a: Empoleon|100\/100\n|-singleturn|p2a: Empoleon|move: Roost\n|move|p1a: Muk|Drain Punch|p2a: Empoleon\n|-supereffective|p2a: Empoleon\n|-damage|p2a: Empoleon|62\/100\n|\n|upkeep\n|turn|23\n|\n|t:|1699702939\n|move|p2a: Empoleon|Roost|p2a: Empoleon\n|-heal|p2a: Empoleon|100\/100\n|-singleturn|p2a: Empoleon|move: Roost\n|cant|p1a: Muk|par\n|\n|upkeep\n|turn|24\n|\n|t:|1699702945\n|move|p2a: Empoleon|Flip Turn|p1a: Muk\n|-damage|p1a: Muk|82\/100 par\n|\n|t:|1699702951\n|switch|p2a: Pelipper|Pelipper, F|88\/100 psn|[from] Flip Turn\n|-weather|RainDance|[from] ability: Drizzle|[of] p2a: Pelipper\n|cant|p1a: Muk|par\n|\n|-weather|RainDance|[upkeep]\n|-heal|p1a: Muk|88\/100 par|[from] item: Black Sludge\n|-damage|p2a: Pelipper|76\/100 psn|[from] psn\n|upkeep\n|turn|25\n|\n|t:|1699702959\n|move|p2a: Pelipper|U-turn|p1a: Muk\n|-damage|p1a: Muk|78\/100 par\n|\n|t:|1699702964\n|switch|p2a: Overqwil|Overqwil, M|100\/100|[from] U-turn\n|move|p1a: Muk|Knock Off|p2a: Overqwil\n|-resisted|p2a: Overqwil\n|-crit|p2a: Overqwil\n|-damage|p2a: Overqwil|68\/100\n|-enditem|p2a: Overqwil|Leftovers|[from] move: Knock Off|[of] p1a: Muk\n|\n|-weather|RainDance|[upkeep]\n|-heal|p1a: Muk|84\/100 par|[from] item: Black Sludge\n|upkeep\n|turn|26\n|\n|t:|1699702987\n|move|p2a: Overqwil|Waterfall|p1a: Muk\n|-damage|p1a: Muk|44\/100 par\n|move|p1a: Muk|Drain Punch|p2a: Overqwil\n|-damage|p2a: Overqwil|48\/100\n|-heal|p1a: Muk|51\/100 par|[from] drain|[of] p2a: Overqwil\n|\n|-weather|RainDance|[upkeep]\n|-heal|p1a: Muk|57\/100 par|[from] item: Black Sludge\n|upkeep\n|turn|27\n|\n|t:|1699702995\n|move|p1a: Muk|Protect|p1a: Muk\n|-singleturn|p1a: Muk|Protect\n|move|p2a: Overqwil|Waterfall|p1a: Muk\n|-activate|p1a: Muk|move: Protect\n|\n|-weather|RainDance|[upkeep]\n|-heal|p1a: Muk|63\/100 par|[from] item: Black Sludge\n|upkeep\n|turn|28\n|\n|t:|1699703002\n|move|p2a: Overqwil|Waterfall|p1a: Muk\n|-damage|p1a: Muk|26\/100 par\n|move|p1a: Muk|Drain Punch|p2a: Overqwil\n|-damage|p2a: Overqwil|28\/100\n|-heal|p1a: Muk|34\/100 par|[from] drain|[of] p2a: Overqwil\n|\n|-weather|none\n|-heal|p1a: Muk|40\/100 par|[from] item: Black Sludge\n|upkeep\n|turn|29\n|\n|t:|1699703012\n|switch|p2a: Pelipper|Pelipper, F|76\/100 psn\n|-weather|RainDance|[from] ability: Drizzle|[of] p2a: Pelipper\n|move|p1a: Muk|Drain Punch|p2a: Pelipper\n|-resisted|p2a: Pelipper\n|-damage|p2a: Pelipper|69\/100 psn\n|-heal|p1a: Muk|43\/100 par|[from] drain|[of] p2a: Pelipper\n|\n|-weather|RainDance|[upkeep]\n|-heal|p1a: Muk|49\/100 par|[from] item: Black Sludge\n|-damage|p2a: Pelipper|57\/100 psn|[from] psn\n|upkeep\n|turn|30\n|\n|t:|1699703024\n|move|p1a: Muk|Protect|p1a: Muk\n|-singleturn|p1a: Muk|Protect\n|move|p2a: Pelipper|U-turn|p1a: Muk\n|-activate|p1a: Muk|move: Protect\n|\n|-weather|RainDance|[upkeep]\n|-heal|p1a: Muk|55\/100 par|[from] item: Black Sludge\n|-damage|p2a: Pelipper|44\/100 psn|[from] psn\n|upkeep\n|turn|31\n|\n|t:|1699703043\n|move|p2a: Pelipper|Roost|p2a: Pelipper\n|-heal|p2a: Pelipper|95\/100 psn\n|-singleturn|p2a: Pelipper|move: Roost\n|cant|p1a: Muk|par\n|\n|-weather|RainDance|[upkeep]\n|-heal|p1a: Muk|61\/100 par|[from] item: Black Sludge\n|-damage|p2a: Pelipper|82\/100 psn|[from] psn\n|upkeep\n|turn|32\n|\n|t:|1699703051\n|move|p2a: Pelipper|U-turn|p1a: Muk\n|-damage|p1a: Muk|52\/100 par\n|\n|t:|1699703054\n|switch|p2a: Zapdos|Zapdos|86\/100 psn|[from] U-turn\n|move|p1a: Muk|Knock Off|p2a: Zapdos\n|-damage|p2a: Zapdos|57\/100 psn\n|\n|-weather|RainDance|[upkeep]\n|-heal|p1a: Muk|58\/100 par|[from] item: Black Sludge\n|-damage|p2a: Zapdos|44\/100 psn|[from] psn\n|upkeep\n|turn|33\n|\n|t:|1699703066\n|move|p2a: Zapdos|Roost|p2a: Zapdos\n|-heal|p2a: Zapdos|95\/100 psn\n|-singleturn|p2a: Zapdos|move: Roost\n|move|p1a: Muk|Poison Jab|p2a: Zapdos\n|-damage|p2a: Zapdos|60\/100 psn\n|\n|-weather|none\n|-heal|p1a: Muk|64\/100 par|[from] item: Black Sludge\n|-damage|p2a: Zapdos|48\/100 psn|[from] psn\n|upkeep\n|turn|34\n|\n|t:|1699703075\n|move|p2a: Zapdos|Roost|p2a: Zapdos\n|-heal|p2a: Zapdos|98\/100 psn\n|-singleturn|p2a: Zapdos|move: Roost\n|move|p1a: Muk|Poison Jab|p2a: Zapdos\n|-damage|p2a: Zapdos|63\/100 psn\n|\n|-heal|p1a: Muk|70\/100 par|[from] item: Black Sludge\n|-damage|p2a: Zapdos|50\/100 psn|[from] psn\n|upkeep\n|turn|35\n|\n|t:|1699703086\n|move|p2a: Zapdos|Roost|p2a: Zapdos\n|-heal|p2a: Zapdos|100\/100 psn\n|-singleturn|p2a: Zapdos|move: Roost\n|move|p1a: Muk|Drain Punch|p2a: Zapdos\n|-damage|p2a: Zapdos|78\/100 psn\n|-heal|p1a: Muk|79\/100 par|[from] drain|[of] p2a: Zapdos\n|\n|-heal|p1a: Muk|85\/100 par|[from] item: Black Sludge\n|-damage|p2a: Zapdos|65\/100 psn|[from] psn\n|upkeep\n|turn|36\n|\n|t:|1699703097\n|move|p2a: Zapdos|Volt Switch|p1a: Muk\n|-damage|p1a: Muk|64\/100 par\n|\n|t:|1699703102\n|switch|p2a: Pelipper|Pelipper, F|82\/100 psn|[from] Volt Switch\n|-weather|RainDance|[from] ability: Drizzle|[of] p2a: Pelipper\n|move|p1a: Muk|Poison Jab|p2a: Pelipper\n|-damage|p2a: Pelipper|60\/100 psn\n|\n|-weather|RainDance|[upkeep]\n|-heal|p1a: Muk|70\/100 par|[from] item: Black Sludge\n|-damage|p2a: Pelipper|47\/100 psn|[from] psn\n|upkeep\n|turn|37\n|\n|t:|1699703114\n|move|p1a: Muk|Protect|p1a: Muk\n|-singleturn|p1a: Muk|Protect\n|move|p2a: Pelipper|Roost|p2a: Pelipper\n|-heal|p2a: Pelipper|97\/100 psn\n|-singleturn|p2a: Pelipper|move: Roost\n|\n|-weather|RainDance|[upkeep]\n|-heal|p1a: Muk|76\/100 par|[from] item: Black Sludge\n|-damage|p2a: Pelipper|85\/100 psn|[from] psn\n|upkeep\n|turn|38\n|\n|t:|1699703123\n|move|p2a: Pelipper|U-turn|p1a: Muk\n|-damage|p1a: Muk|65\/100 par\n|\n|t:|1699703129\n|switch|p2a: Overqwil|Overqwil, M|28\/100|[from] U-turn\n|move|p1a: Muk|Knock Off|p2a: Overqwil\n|-resisted|p2a: Overqwil\n|-damage|p2a: Overqwil|14\/100\n|\n|-weather|RainDance|[upkeep]\n|-heal|p1a: Muk|71\/100 par|[from] item: Black Sludge\n|upkeep\n|turn|39\n|\n|t:|1699703138\n|move|p2a: Overqwil|Waterfall|p1a: Muk\n|-damage|p1a: Muk|28\/100 par\n|cant|p1a: Muk|par\n|\n|-weather|RainDance|[upkeep]\n|-heal|p1a: Muk|34\/100 par|[from] item: Black Sludge\n|upkeep\n|turn|40\n|\n|t:|1699703144\n|move|p1a: Muk|Protect|p1a: Muk\n|-singleturn|p1a: Muk|Protect\n|move|p2a: Overqwil|Waterfall|p1a: Muk\n|-activate|p1a: Muk|move: Protect\n|\n|-weather|none\n|-heal|p1a: Muk|40\/100 par|[from] item: Black Sludge\n|upkeep\n|turn|41\n|\n|t:|1699703152\n|move|p2a: Overqwil|Waterfall|p1a: Muk\n|-damage|p1a: Muk|15\/100 par\n|move|p1a: Muk|Drain Punch|p2a: Overqwil\n|-damage|p2a: Overqwil|0 fnt\n|-heal|p1a: Muk|20\/100 par|[from] drain|[of] p2a: Overqwil\n|faint|p2a: Overqwil\n|\n|-heal|p1a: Muk|26\/100 par|[from] item: Black Sludge\n|upkeep\n|\n|t:|1699703162\n|switch|p2a: Pelipper|Pelipper, F|85\/100 psn\n|-weather|RainDance|[from] ability: Drizzle|[of] p2a: Pelipper\n|turn|42\n|\n|t:|1699703166\n|move|p1a: Muk|Protect|p1a: Muk\n|-singleturn|p1a: Muk|Protect\n|move|p2a: Pelipper|Hurricane|p1a: Muk\n|-activate|p1a: Muk|move: Protect\n|\n|-weather|RainDance|[upkeep]\n|-heal|p1a: Muk|32\/100 par|[from] item: Black Sludge\n|-damage|p2a: Pelipper|73\/100 psn|[from] psn\n|upkeep\n|turn|43\n|\n|t:|1699703185\n|move|p2a: Pelipper|Hurricane|p1a: Muk\n|-damage|p1a: Muk|8\/100 par\n|-start|p1a: Muk|confusion\n|-activate|p1a: Muk|confusion\n|move|p1a: Muk|Drain Punch|p2a: Pelipper\n|-resisted|p2a: Pelipper\n|-damage|p2a: Pelipper|66\/100 psn\n|-heal|p1a: Muk|11\/100 par|[from] drain|[of] p2a: Pelipper\n|\n|-weather|RainDance|[upkeep]\n|-heal|p1a: Muk|17\/100 par|[from] item: Black Sludge\n|-damage|p2a: Pelipper|54\/100 psn|[from] psn\n|upkeep\n|turn|44\n|\n|t:|1699703197\n|-activate|p1a: Muk|confusion\n|move|p1a: Muk|Protect|p1a: Muk\n|-singleturn|p1a: Muk|Protect\n|move|p2a: Pelipper|Roost|p2a: Pelipper\n|-heal|p2a: Pelipper|100\/100 psn\n|-singleturn|p2a: Pelipper|move: Roost\n|\n|-weather|RainDance|[upkeep]\n|-heal|p1a: Muk|23\/100 par|[from] item: Black Sludge\n|-damage|p2a: Pelipper|88\/100 psn|[from] psn\n|upkeep\n|turn|45\n|\n|t:|1699703229\n|-activate|p1a: Muk|confusion\n|-damage|p1a: Muk|13\/100 par|[from] confusion\n|move|p2a: Pelipper|Hurricane|p1a: Muk\n|-damage|p1a: Muk|0 fnt\n|faint|p1a: Muk\n|\n|-weather|RainDance|[upkeep]\n|-damage|p2a: Pelipper|76\/100 psn|[from] psn\n|upkeep\n|inactive|murabitooo has 120 seconds left.\n|\n|t:|1699703247\n|switch|p1a: Walking Wake|Walking Wake|100\/100\n|-damage|p1a: Walking Wake|88\/100|[from] Stealth Rock\n|turn|46\n|\n|t:|1699703254\n|switch|p2a: Empoleon|Empoleon, M|100\/100\n|move|p1a: Walking Wake|Draco Meteor|p2a: Empoleon\n|-resisted|p2a: Empoleon\n|-damage|p2a: Empoleon|78\/100\n|-unboost|p1a: Walking Wake|spa|2\n|\n|-weather|none\n|upkeep\n|turn|47\n|\n|t:|1699703264\n|-end|p1a: Walking Wake|Protosynthesis|[silent]\n|switch|p1a: Maushold|Maushold-Four|100\/100\n|-damage|p1a: Maushold|88\/100|[from] Stealth Rock\n|move|p2a: Empoleon|Flip Turn|p1a: Maushold\n|-damage|p1a: Maushold|58\/100\n|\n|t:|1699703272\n|switch|p2a: Pelipper|Pelipper, F|76\/100 psn|[from] Flip Turn\n|-weather|RainDance|[from] ability: Drizzle|[of] p2a: Pelipper\n|\n|-weather|RainDance|[upkeep]\n|-damage|p2a: Pelipper|63\/100 psn|[from] psn\n|upkeep\n|turn|48\n|\n|t:|1699703301\n|-terastallize|p1a: Maushold|Steel\n|move|p1a: Maushold|Tidy Up|p1a: Maushold\n|-sideend|p1: murabitooo|Stealth Rock\n|-activate|p1a: Maushold|move: Tidy Up\n|-boost|p1a: Maushold|atk|1\n|-boost|p1a: Maushold|spe|1\n|move|p2a: Pelipper|U-turn|p1a: Maushold\n|-resisted|p1a: Maushold\n|-damage|p1a: Maushold|50\/100\n|\n|t:|1699703311\n|switch|p2a: Barraskewda|Barraskewda, M, shiny|100\/100|[from] U-turn\n|\n|-weather|RainDance|[upkeep]\n|upkeep\n|turn|49\n|inactive|murabitooo has 120 seconds left.\n|\n|t:|1699703341\n|switch|p1a: Weezing|Weezing-Galar, F|39\/100\n|move|p2a: Barraskewda|Close Combat|p1a: Weezing\n|-resisted|p1a: Weezing\n|-damage|p1a: Weezing|26\/100\n|-unboost|p2a: Barraskewda|def|1\n|-unboost|p2a: Barraskewda|spd|1\n|\n|-weather|RainDance|[upkeep]\n|upkeep\n|turn|50\n|inactive|murabitooo has 120 seconds left.\n|\n|t:|1699703356\n|move|p2a: Barraskewda|Liquidation|p1a: Weezing\n|-damage|p1a: Weezing|0 fnt\n|faint|p1a: Weezing\n|\n|-weather|RainDance|[upkeep]\n|upkeep\n|\n|t:|1699703361\n|switch|p1a: Dragonite|Dragonite, M|100\/100\n|turn|51\n|\n|t:|1699703369\n|switch|p2a: Empoleon|Empoleon, M|78\/100\n|move|p1a: Dragonite|Outrage|p2a: Empoleon\n|-resisted|p2a: Empoleon\n|-damage|p2a: Empoleon|25\/100\n|\n|-weather|none\n|upkeep\n|turn|52\n|\n|t:|1699703387\n|-terastallize|p2a: Empoleon|Fairy\n|move|p1a: Dragonite|Outrage|p2a: Empoleon|[from]lockedmove\n|-immune|p2a: Empoleon\n|move|p2a: Empoleon|Roost|p2a: Empoleon\n|-heal|p2a: Empoleon|75\/100\n|\n|upkeep\n|turn|53\n|inactive|murabitooo has 120 seconds left.\n|inactive|murabitooo has 90 seconds left.\n|\n|t:|1699703464\n|switch|p1a: Maushold|Maushold-Four, tera:Steel|50\/100\n|move|p2a: Empoleon|Stealth Rock|p1a: Maushold\n|-sidestart|p1: murabitooo|move: Stealth Rock\n|\n|upkeep\n|turn|54\n|\n|t:|1699703469\n|move|p1a: Maushold|Encore|p2a: Empoleon\n|-start|p2a: Empoleon|Encore\n|move|p2a: Empoleon|Stealth Rock||[still]\n|-fail|p2a: Empoleon\n|\n|upkeep\n|turn|55\n|\n|t:|1699703479\n|switch|p2a: Pelipper|Pelipper, F|63\/100 psn\n|-weather|RainDance|[from] ability: Drizzle|[of] p2a: Pelipper\n|move|p1a: Maushold|Tidy Up|p1a: Maushold\n|-sideend|p1: murabitooo|Stealth Rock\n|-activate|p1a: Maushold|move: Tidy Up\n|-boost|p1a: Maushold|atk|1\n|-boost|p1a: Maushold|spe|1\n|\n|-weather|RainDance|[upkeep]\n|-damage|p2a: Pelipper|51\/100 psn|[from] psn\n|upkeep\n|turn|56\n|\n|t:|1699703499\n|move|p1a: Maushold|Tidy Up|p1a: Maushold\n|-boost|p1a: Maushold|atk|1\n|-boost|p1a: Maushold|spe|1\n|move|p2a: Pelipper|Surf|p1a: Maushold\n|-damage|p1a: Maushold|0 fnt\n|faint|p1a: Maushold\n|\n|-weather|RainDance|[upkeep]\n|-damage|p2a: Pelipper|39\/100 psn|[from] psn\n|upkeep\n|inactive|murabitooo has 90 seconds left.\n|inactive|murabitooo has 60 seconds left.\n|\n|t:|1699703540\n|switch|p1a: Dragonite|Dragonite, M|100\/100\n|turn|57\n|\n|t:|1699703555\n|switch|p2a: Empoleon|Empoleon, M, tera:Fairy|75\/100\n|move|p1a: Dragonite|Extreme Speed|p2a: Empoleon\n|-damage|p2a: Empoleon|25\/100\n|\n|-weather|RainDance|[upkeep]\n|upkeep\n|turn|58\n|\n|t:|1699703563\n|move|p1a: Dragonite|Extreme Speed|p2a: Empoleon\n|-damage|p2a: Empoleon|0 fnt\n|faint|p2a: Empoleon\n|\n|-weather|RainDance|[upkeep]\n|upkeep\n|\n|t:|1699703568\n|switch|p2a: Zapdos|Zapdos|65\/100 psn\n|turn|59\n|\n|t:|1699703579\n|switch|p1a: Walking Wake|Walking Wake|88\/100\n|move|p2a: Zapdos|Roost|p2a: Zapdos\n|-heal|p2a: Zapdos|100\/100 psn\n|-singleturn|p2a: Zapdos|move: Roost\n|\n|-weather|none\n|-damage|p2a: Zapdos|88\/100 psn|[from] psn\n|upkeep\n|turn|60\n|\n|t:|1699703590\n|move|p1a: Walking Wake|Draco Meteor|p2a: Zapdos\n|-damage|p2a: Zapdos|13\/100 psn\n|-unboost|p1a: Walking Wake|spa|2\n|move|p2a: Zapdos|Volt Switch|p1a: Walking Wake\n|-damage|p1a: Walking Wake|47\/100\n|\n|t:|1699703597\n|switch|p2a: Pelipper|Pelipper, F|39\/100 psn|[from] Volt Switch\n|-weather|RainDance|[from] ability: Drizzle|[of] p2a: Pelipper\n|\n|-weather|RainDance|[upkeep]\n|-damage|p2a: Pelipper|26\/100 psn|[from] psn\n|upkeep\n|turn|61\n|inactive|murabitooo has 90 seconds left.\n|\n|t:|1699703605\n|-end|p1a: Walking Wake|Protosynthesis|[silent]\n|switch|p1a: Great Tusk|Great Tusk|100\/100\n|move|p2a: Pelipper|Roost|p2a: Pelipper\n|-heal|p2a: Pelipper|76\/100 psn\n|-singleturn|p2a: Pelipper|move: Roost\n|\n|-weather|RainDance|[upkeep]\n|-damage|p2a: Pelipper|64\/100 psn|[from] psn\n|upkeep\n|turn|62\n|inactive|murabitooo has 90 seconds left.\n|\n|t:|1699703631\n|move|p1a: Great Tusk|Ice Spinner|p2a: Pelipper\n|-damage|p2a: Pelipper|46\/100 psn\n|move|p2a: Pelipper|Surf|p1a: Great Tusk\n|-supereffective|p1a: Great Tusk\n|-damage|p1a: Great Tusk|0 fnt\n|faint|p1a: Great Tusk\n|-end|p1a: Great Tusk|Protosynthesis|[silent]\n|\n|-weather|RainDance|[upkeep]\n|-damage|p2a: Pelipper|34\/100 psn|[from] psn\n|upkeep\n|\n|t:|1699703636\n|switch|p1a: Walking Wake|Walking Wake|47\/100\n|turn|63\n|\n|t:|1699703651\n|switch|p2a: Zapdos|Zapdos|13\/100 psn\n|move|p1a: Walking Wake|Hydro Steam|p2a: Zapdos\n|-damage|p2a: Zapdos|0 fnt\n|faint|p2a: Zapdos\n|\n|-weather|RainDance|[upkeep]\n|upkeep\n|\n|t:|1699703660\n|switch|p2a: Barraskewda|Barraskewda, M, shiny|100\/100\n|turn|64\n|inactive|murabitooo has 90 seconds left.\n|\n|t:|1699703681\n|move|p2a: Barraskewda|Close Combat|p1a: Walking Wake\n|-damage|p1a: Walking Wake|0 fnt\n|-unboost|p2a: Barraskewda|def|1\n|-unboost|p2a: Barraskewda|spd|1\n|faint|p1a: Walking Wake\n|-end|p1a: Walking Wake|Protosynthesis|[silent]\n|\n|-weather|none\n|upkeep\n|inactive|murabitooo has 90 seconds left.\n|\n|t:|1699703687\n|switch|p1a: Dragonite|Dragonite, M|100\/100\n|turn|65\n|inactive|murabitooo has 90 seconds left.\n|\n|t:|1699703698\n|switch|p2a: Pelipper|Pelipper, F|34\/100 psn\n|-weather|RainDance|[from] ability: Drizzle|[of] p2a: Pelipper\n|move|p1a: Dragonite|Outrage|p2a: Pelipper\n|-damage|p2a: Pelipper|0 fnt\n|faint|p2a: Pelipper\n|\n|-weather|RainDance|[upkeep]\n|upkeep\n|\n|t:|1699703710\n|switch|p2a: Barraskewda|Barraskewda, M, shiny|100\/100\n|turn|66\n|\n|t:|1699703716\n|move|p2a: Barraskewda|Liquidation|p1a: Dragonite\n|-resisted|p1a: Dragonite\n|-crit|p1a: Dragonite\n|-damage|p1a: Dragonite|45\/100\n|move|p1a: Dragonite|Outrage|p2a: Barraskewda|[from]lockedmove\n|-damage|p2a: Barraskewda|0 fnt\n|faint|p2a: Barraskewda\n|-start|p1a: Dragonite|confusion|[fatigue]\n|\n|-weather|RainDance|[upkeep]\n|upkeep\n|\n|t:|1699703726\n|switch|p2a: Basculegion|Basculegion-F, F|100\/100\n|turn|67\n|\n|t:|1699703732\n|move|p2a: Basculegion|Ice Beam|p1a: Dragonite\n|-supereffective|p1a: Dragonite\n|-damage|p1a: Dragonite|0 fnt\n|faint|p1a: Dragonite\n|\n|win|gosuBX\n|raw|murabitooo's rating: 1169 &rarr; <strong>1140<\/strong><br \/>(-29 for losing)\n|raw|gosuBX's rating: 1107 &rarr; <strong>1136<\/strong><br \/>(+29 for winning)\n|l|\u2606murabitooo\n","uploadtime":1699703835,"views":23,"p1id":"murabitooo","p2id":"gosubx","formatid":"gen9ou","rating":1136,"private":0,"password":""}