{"id":"gen9ou-1996750638","p1":"crotes69","p2":"spicy piquant","format":"[Gen 9] OU","log":"|j|\u2606crotes69\n|j|\u2606spicy piquant\n|t:|1700718933\n|gametype|singles\n|player|p1|crotes69|2|1606\n|player|p2|spicy piquant|170|1677\n|teamsize|p1|6\n|teamsize|p2|6\n|gen|9\n|tier|[Gen 9] OU\n|rated|\n|rule|Sleep Clause Mod: Limit one foe put to sleep\n|rule|Species Clause: Limit one of each Pok\u00e9mon\n|rule|OHKO Clause: OHKO moves are banned\n|rule|Evasion Items Clause: Evasion items are banned\n|rule|Evasion Moves Clause: Evasion moves are banned\n|rule|Endless Battle Clause: Forcing endless battles is banned\n|rule|HP Percentage Mod: HP is shown in percentages\n|clearpoke\n|poke|p1|Enamorus, F|\n|poke|p1|Cinderace, F|\n|poke|p1|Rillaboom, M|\n|poke|p1|Clodsire, M|\n|poke|p1|Zapdos|\n|poke|p1|Kingambit, M|\n|poke|p2|Iron Valiant|\n|poke|p2|Gholdengo|\n|poke|p2|Cinderace, M|\n|poke|p2|Toxapex, M|\n|poke|p2|Corviknight, M|\n|poke|p2|Ursaluna, M|\n|teampreview\n|inactive|Battle timer is ON: inactive players will automatically lose when time's up. (requested by spicy piquant)\n|\n|t:|1700718961\n|start\n|switch|p1a: Rillaboom|Rillaboom, M|100\/100\n|switch|p2a: Cinderace|Cinderace, M|100\/100\n|-fieldstart|move: Grassy Terrain|[from] ability: Grassy Surge|[of] p1a: Rillaboom\n|turn|1\n|\n|t:|1700718966\n|switch|p1a: Zapdos|Zapdos|100\/100\n|move|p2a: Cinderace|Pyro Ball|p1a: Zapdos\n|-damage|p1a: Zapdos|62\/100\n|\n|upkeep\n|turn|2\n|\n|t:|1700718972\n|switch|p2a: Ursaluna|Ursaluna, M|100\/100\n|move|p1a: Zapdos|Roost|p1a: Zapdos\n|-heal|p1a: Zapdos|100\/100\n|-singleturn|p1a: Zapdos|move: Roost\n|\n|-status|p2a: Ursaluna|brn|[from] item: Flame Orb\n|upkeep\n|turn|3\n|\n|t:|1700718993\n|switch|p1a: Kingambit|Kingambit, M|100\/100\n|move|p2a: Ursaluna|Facade|p1a: Kingambit\n|-resisted|p1a: Kingambit\n|-damage|p1a: Kingambit|53\/100\n|\n|-heal|p1a: Kingambit|60\/100|[from] Grassy Terrain\n|-heal|p1a: Kingambit|66\/100|[from] item: Leftovers\n|-damage|p2a: Ursaluna|94\/100 brn|[from] brn\n|upkeep\n|turn|4\n|inactive|crotes69 has 120 seconds left.\n|\n|t:|1700719032\n|move|p1a: Kingambit|Iron Head|p2a: Ursaluna\n|-damage|p2a: Ursaluna|57\/100 brn\n|move|p2a: Ursaluna|Earthquake|p1a: Kingambit\n|-supereffective|p1a: Kingambit\n|-damage|p1a: Kingambit|0 fnt\n|faint|p1a: Kingambit\n|-end|p1a: Kingambit|fallenundefined|[silent]\n|\n|-heal|p2a: Ursaluna|63\/100 brn|[from] Grassy Terrain\n|-damage|p2a: Ursaluna|57\/100 brn|[from] brn\n|upkeep\n|\n|t:|1700719036\n|switch|p1a: Rillaboom|Rillaboom, M|100\/100\n|turn|5\n|\n|t:|1700719044\n|switch|p2a: Corviknight|Corviknight, M|100\/100\n|-ability|p2a: Corviknight|Pressure\n|move|p1a: Rillaboom|Wood Hammer|p2a: Corviknight\n|-resisted|p2a: Corviknight\n|-damage|p2a: Corviknight|81\/100\n|-damage|p1a: Rillaboom|84\/100|[from] item: Rocky Helmet|[of] p2a: Corviknight\n|-damage|p1a: Rillaboom|77\/100|[from] Recoil\n|\n|-heal|p1a: Rillaboom|83\/100|[from] Grassy Terrain\n|-fieldend|move: Grassy Terrain\n|upkeep\n|turn|6\n|inactive|crotes69 has 120 seconds left.\n|\n|t:|1700719058\n|switch|p1a: Zapdos|Zapdos|100\/100\n|switch|p2a: Ursaluna|Ursaluna, M|57\/100 brn\n|\n|-damage|p2a: Ursaluna|51\/100 brn|[from] brn\n|upkeep\n|turn|7\n|\n|t:|1700719066\n|move|p1a: Zapdos|Hurricane|p2a: Ursaluna|[miss]\n|-miss|p1a: Zapdos|p2a: Ursaluna\n|move|p2a: Ursaluna|Facade|p1a: Zapdos\n|-damage|p1a: Zapdos|11\/100\n|\n|-damage|p2a: Ursaluna|45\/100 brn|[from] brn\n|upkeep\n|turn|8\n|\n|t:|1700719070\n|move|p1a: Zapdos|Hurricane|p2a: Ursaluna\n|-damage|p2a: Ursaluna|0 fnt\n|faint|p2a: Ursaluna\n|\n|upkeep\n|\n|t:|1700719079\n|switch|p2a: Gholdengo|Gholdengo|100\/100\n|turn|9\n|\n|t:|1700719087\n|switch|p1a: Clodsire|Clodsire, M|100\/100\n|move|p2a: Gholdengo|Shadow Ball|p1a: Clodsire\n|-damage|p1a: Clodsire|78\/100\n|-unboost|p1a: Clodsire|spd|1\n|\n|-heal|p1a: Clodsire|84\/100|[from] item: Leftovers\n|upkeep\n|turn|10\n|\n|t:|1700719108\n|switch|p2a: Corviknight|Corviknight, M|81\/100\n|-ability|p2a: Corviknight|Pressure\n|move|p1a: Clodsire|High Horsepower|p2a: Corviknight\n|-immune|p2a: Corviknight\n|\n|-heal|p1a: Clodsire|90\/100|[from] item: Leftovers\n|upkeep\n|turn|11\n|\n|t:|1700719124\n|switch|p2a: Iron Valiant|Iron Valiant|100\/100\n|-enditem|p2a: Iron Valiant|Booster Energy\n|-activate|p2a: Iron Valiant|ability: Quark Drive|[fromitem]\n|-start|p2a: Iron Valiant|quarkdrivespe\n|move|p1a: Clodsire|Stealth Rock|p2a: Iron Valiant\n|-sidestart|p2: spicy piquant|move: Stealth Rock\n|\n|-heal|p1a: Clodsire|96\/100|[from] item: Leftovers\n|upkeep\n|turn|12\n|\n|t:|1700719133\n|move|p2a: Iron Valiant|Psyshock|p1a: Clodsire\n|-supereffective|p1a: Clodsire\n|-damage|p1a: Clodsire|39\/100\n|move|p1a: Clodsire|Toxic|p2a: Iron Valiant\n|-status|p2a: Iron Valiant|tox\n|\n|-heal|p1a: Clodsire|45\/100|[from] item: Leftovers\n|-damage|p2a: Iron Valiant|94\/100 tox|[from] psn\n|upkeep\n|turn|13\n|\n|t:|1700719141\n|move|p2a: Iron Valiant|Psyshock|p1a: Clodsire\n|-supereffective|p1a: Clodsire\n|-damage|p1a: Clodsire|0 fnt\n|faint|p1a: Clodsire\n|\n|-damage|p2a: Iron Valiant|82\/100 tox|[from] psn\n|upkeep\n|\n|t:|1700719156\n|switch|p1a: Rillaboom|Rillaboom, M|83\/100\n|-fieldstart|move: Grassy Terrain|[from] ability: Grassy Surge|[of] p1a: Rillaboom\n|turn|14\n|\n|t:|1700719164\n|-end|p2a: Iron Valiant|Quark Drive|[silent]\n|switch|p2a: Corviknight|Corviknight, M|81\/100\n|-damage|p2a: Corviknight|69\/100|[from] Stealth Rock\n|-ability|p2a: Corviknight|Pressure\n|move|p1a: Rillaboom|Grassy Glide|p2a: Corviknight\n|-resisted|p2a: Corviknight\n|-crit|p2a: Corviknight\n|-damage|p2a: Corviknight|56\/100\n|-damage|p1a: Rillaboom|66\/100|[from] item: Rocky Helmet|[of] p2a: Corviknight\n|\n|-heal|p1a: Rillaboom|73\/100|[from] Grassy Terrain\n|upkeep\n|turn|15\n|\n|t:|1700719171\n|switch|p1a: Cinderace|Cinderace, F|100\/100\n|move|p2a: Corviknight|Roost|p2a: Corviknight\n|-heal|p2a: Corviknight|100\/100\n|-singleturn|p2a: Corviknight|move: Roost\n|\n|upkeep\n|turn|16\n|\n|t:|1700719178\n|switch|p2a: Toxapex|Toxapex, M|100\/100\n|-damage|p2a: Toxapex|88\/100|[from] Stealth Rock\n|move|p1a: Cinderace|Pyro Ball|p2a: Toxapex\n|-resisted|p2a: Toxapex\n|-damage|p2a: Toxapex|66\/100\n|\n|-heal|p2a: Toxapex|71\/100|[from] Grassy Terrain\n|upkeep\n|turn|17\n|\n|t:|1700719200\n|move|p1a: Cinderace|Will-O-Wisp|p2a: Toxapex\n|-status|p2a: Toxapex|brn\n|move|p2a: Toxapex|Sludge Bomb|p1a: Cinderace\n|-damage|p1a: Cinderace|58\/100\n|-status|p1a: Cinderace|psn\n|\n|-heal|p1a: Cinderace|64\/100 psn|[from] Grassy Terrain\n|-heal|p2a: Toxapex|77\/100 brn|[from] Grassy Terrain\n|-damage|p1a: Cinderace|52\/100 psn|[from] psn\n|-damage|p2a: Toxapex|71\/100 brn|[from] brn\n|upkeep\n|turn|18\n|\n|t:|1700719206\n|move|p1a: Cinderace|U-turn|p2a: Toxapex\n|-start|p1a: Cinderace|typechange|Bug|[from] ability: Libero\n|-resisted|p2a: Toxapex\n|-crit|p2a: Toxapex\n|-damage|p2a: Toxapex|53\/100 brn\n|\n|t:|1700719220\n|switch|p1a: Zapdos|Zapdos|11\/100|[from] U-turn\n|move|p2a: Toxapex|Sludge Bomb|p1a: Zapdos\n|-damage|p1a: Zapdos|0 fnt\n|faint|p1a: Zapdos\n|\n|-heal|p2a: Toxapex|59\/100 brn|[from] Grassy Terrain\n|-damage|p2a: Toxapex|53\/100 brn|[from] brn\n|-fieldend|move: Grassy Terrain\n|upkeep\n|inactive|crotes69 has 120 seconds left.\n|\n|t:|1700719244\n|switch|p1a: Rillaboom|Rillaboom, M|73\/100\n|-fieldstart|move: Grassy Terrain|[from] ability: Grassy Surge|[of] p1a: Rillaboom\n|turn|19\n|\n|t:|1700719265\n|switch|p2a: Corviknight|Corviknight, M|100\/100\n|-damage|p2a: Corviknight|88\/100|[from] Stealth Rock\n|-ability|p2a: Corviknight|Pressure\n|move|p1a: Rillaboom|U-turn|p2a: Corviknight\n|-resisted|p2a: Corviknight\n|-damage|p2a: Corviknight|82\/100\n|-damage|p1a: Rillaboom|56\/100|[from] item: Rocky Helmet|[of] p2a: Corviknight\n|\n|t:|1700719275\n|switch|p1a: Enamorus|Enamorus, F|100\/100|[from] U-turn\n|\n|upkeep\n|turn|20\n|\n|t:|1700719282\n|switch|p2a: Cinderace|Cinderace, M|100\/100\n|-terastallize|p1a: Enamorus|Fairy\n|move|p1a: Enamorus|Moonblast|p2a: Cinderace\n|-resisted|p2a: Cinderace\n|-damage|p2a: Cinderace|31\/100\n|-unboost|p2a: Cinderace|spa|1\n|\n|-heal|p2a: Cinderace|37\/100|[from] Grassy Terrain\n|upkeep\n|turn|21\n|\n|t:|1700719292\n|move|p2a: Cinderace|Pyro Ball|p1a: Enamorus|[miss]\n|-miss|p2a: Cinderace|p1a: Enamorus\n|move|p1a: Enamorus|Moonblast|p2a: Cinderace\n|-resisted|p2a: Cinderace\n|-damage|p2a: Cinderace|0 fnt\n|faint|p2a: Cinderace\n|\n|upkeep\n|\n|t:|1700719295\n|switch|p2a: Toxapex|Toxapex, M|86\/100 brn\n|-damage|p2a: Toxapex|74\/100 brn|[from] Stealth Rock\n|turn|22\n|\n|t:|1700719300\n|move|p1a: Enamorus|Moonblast|p2a: Toxapex\n|-resisted|p2a: Toxapex\n|-damage|p2a: Toxapex|47\/100 brn\n|move|p2a: Toxapex|Sludge Bomb|p1a: Enamorus\n|-supereffective|p1a: Enamorus\n|-damage|p1a: Enamorus|23\/100\n|-status|p1a: Enamorus|psn\n|\n|-heal|p1a: Enamorus|29\/100 psn|[from] Grassy Terrain\n|-heal|p2a: Toxapex|53\/100 brn|[from] Grassy Terrain\n|-damage|p1a: Enamorus|17\/100 psn|[from] psn\n|-damage|p2a: Toxapex|47\/100 brn|[from] brn\n|upkeep\n|turn|23\n|\n|t:|1700719314\n|move|p1a: Enamorus|Moonblast|p2a: Toxapex\n|-resisted|p2a: Toxapex\n|-damage|p2a: Toxapex|17\/100 brn\n|move|p2a: Toxapex|Sludge Bomb|p1a: Enamorus\n|-supereffective|p1a: Enamorus\n|-damage|p1a: Enamorus|0 fnt\n|faint|p1a: Enamorus\n|\n|-heal|p2a: Toxapex|23\/100 brn|[from] Grassy Terrain\n|-damage|p2a: Toxapex|17\/100 brn|[from] brn\n|-fieldend|move: Grassy Terrain\n|upkeep\n|\n|t:|1700719318\n|switch|p1a: Cinderace|Cinderace, F|52\/100 psn\n|turn|24\n|j| Ansoni777\n|\n|t:|1700719338\n|switch|p2a: Iron Valiant|Iron Valiant|82\/100 tox\n|-damage|p2a: Iron Valiant|76\/100 tox|[from] Stealth Rock\n|move|p1a: Cinderace|Pyro Ball|p2a: Iron Valiant\n|-damage|p2a: Iron Valiant|0 fnt\n|faint|p2a: Iron Valiant\n|-end|p2a: Iron Valiant|Quark Drive|[silent]\n|\n|-damage|p1a: Cinderace|40\/100 psn|[from] psn\n|upkeep\n|\n|t:|1700719344\n|switch|p2a: Gholdengo|Gholdengo|100\/100\n|-damage|p2a: Gholdengo|94\/100|[from] Stealth Rock\n|turn|25\n|\n|t:|1700719358\n|move|p2a: Gholdengo|Shadow Ball|p1a: Cinderace\n|-damage|p1a: Cinderace|0 fnt\n|faint|p1a: Cinderace\n|\n|upkeep\n|\n|t:|1700719361\n|switch|p1a: Rillaboom|Rillaboom, M|56\/100\n|-fieldstart|move: Grassy Terrain|[from] ability: Grassy Surge|[of] p1a: Rillaboom\n|turn|26\n|\n|t:|1700719372\n|move|p2a: Gholdengo|Shadow Ball|p1a: Rillaboom\n|-crit|p1a: Rillaboom\n|-damage|p1a: Rillaboom|0 fnt\n|faint|p1a: Rillaboom\n|\n|win|spicy piquant\n|raw|crotes69's rating: 1606 &rarr; <strong>1590<\/strong><br \/>(-16 for losing)\n|raw|spicy piquant's rating: 1677 &rarr; <strong>1693<\/strong><br \/>(+16 for winning)\n|l|\u2606crotes69\n|l|\u2606spicy piquant\n|c| Ansoni777|gg\n|l| Ansoni777\n","uploadtime":1700719612,"views":3,"p1id":"crotes69","p2id":"spicypiquant","formatid":"gen9ou","rating":1590,"private":0,"password":""}