{"id":"gen9ou-1992985207","p1":"BigDaddyGoat","p2":"Juanp0093","format":"[Gen 9] OU","log":"|j|\u2606BigDaddyGoat\n|j|\u2606Juanp0093\n|t:|1700252802\n|gametype|singles\n|player|p1|BigDaddyGoat|benga|1226\n|player|p2|Juanp0093|blue|1219\n|teamsize|p1|6\n|teamsize|p2|6\n|gen|9\n|tier|[Gen 9] OU\n|rated|\n|rule|Sleep Clause Mod: Limit one foe put to sleep\n|rule|Species Clause: Limit one of each Pok\u00e9mon\n|rule|OHKO Clause: OHKO moves are banned\n|rule|Evasion Items Clause: Evasion items are banned\n|rule|Evasion Moves Clause: Evasion moves are banned\n|rule|Endless Battle Clause: Forcing endless battles is banned\n|rule|HP Percentage Mod: HP is shown in percentages\n|clearpoke\n|poke|p1|Ninetales-Alola, F|\n|poke|p1|Cetitan, M|\n|poke|p1|Iron Valiant|\n|poke|p1|Zamazenta-*|\n|poke|p1|Weezing-Galar, F|\n|poke|p1|Rotom-Wash|\n|poke|p2|Samurott-Hisui, F|\n|poke|p2|Ceruledge, F|\n|poke|p2|Thundurus-Therian, M|\n|poke|p2|Amoonguss, M|\n|poke|p2|Great Tusk|\n|poke|p2|Gholdengo|\n|teampreview\n|inactive|Battle timer is ON: inactive players will automatically lose when time's up. (requested by Juanp0093)\n|\n|t:|1700252820\n|start\n|switch|p1a: Ninetales|Ninetales-Alola, F|100\/100\n|switch|p2a: Gholdengo|Gholdengo, shiny|100\/100\n|-weather|Snow|[from] ability: Snow Warning|[of] p1a: Ninetales\n|turn|1\n|\n|t:|1700252828\n|move|p1a: Ninetales|Aurora Veil|p1a: Ninetales\n|-sidestart|p1: BigDaddyGoat|move: Aurora Veil\n|move|p2a: Gholdengo|Make It Rain|p1a: Ninetales\n|-supereffective|p1a: Ninetales\n|-damage|p1a: Ninetales|0 fnt\n|-unboost|p2a: Gholdengo|spa|1\n|faint|p1a: Ninetales\n|\n|-weather|Snow|[upkeep]\n|upkeep\n|\n|t:|1700252837\n|switch|p1a: Cetitan|Cetitan, M|100\/100\n|turn|2\n|\n|t:|1700252848\n|switch|p2a: Amoonguss|Amoonguss, M, shiny|100\/100\n|move|p1a: Cetitan|Belly Drum|p1a: Cetitan\n|-damage|p1a: Cetitan|50\/100\n|-setboost|p1a: Cetitan|atk|6|[from] move: Belly Drum\n|-enditem|p1a: Cetitan|Sitrus Berry|[eat]\n|-heal|p1a: Cetitan|75\/100|[from] item: Sitrus Berry\n|\n|-weather|Snow|[upkeep]\n|upkeep\n|turn|3\n|\n|t:|1700252858\n|-terastallize|p2a: Amoonguss|Dark\n|move|p1a: Cetitan|Ice Shard|p2a: Amoonguss\n|-damage|p2a: Amoonguss|24\/100\n|-enditem|p2a: Amoonguss|Red Card|[of] p1a: Cetitan\n|drag|p1a: Weezing|Weezing-Galar, F|100\/100\n|-ability|p1a: Weezing|Neutralizing Gas\n|move|p2a: Amoonguss|Spore|p1a: Weezing\n|-status|p1a: Weezing|slp|[from] move: Spore\n|\n|-weather|Snow|[upkeep]\n|upkeep\n|turn|4\n|\n|t:|1700252876\n|switch|p2a: Great Tusk|Great Tusk, shiny|100\/100\n|cant|p1a: Weezing|slp\n|\n|-weather|Snow|[upkeep]\n|upkeep\n|turn|5\n|\n|t:|1700252891\n|-end|p1a: Weezing|ability: Neutralizing Gas\n|switch|p1a: Rotom|Rotom-Wash|100\/100\n|move|p2a: Great Tusk|Stealth Rock|p1a: Rotom\n|-sidestart|p1: BigDaddyGoat|move: Stealth Rock\n|\n|-weather|none\n|upkeep\n|turn|6\n|\n|t:|1700252902\n|-end|p2a: Great Tusk|Protosynthesis|[silent]\n|switch|p2a: Thundurus|Thundurus-Therian, M|100\/100\n|move|p1a: Rotom|Thunder Wave|p2a: Thundurus\n|-immune|p2a: Thundurus|[from] ability: Volt Absorb\n|\n|upkeep\n|turn|7\n|\n|t:|1700252912\n|switch|p1a: Weezing|Weezing-Galar, F|100\/100 slp\n|-ability|p1a: Weezing|Neutralizing Gas\n|-damage|p1a: Weezing|88\/100 slp|[from] Stealth Rock\n|move|p2a: Thundurus|Knock Off|p1a: Weezing\n|-resisted|p1a: Weezing\n|-damage|p1a: Weezing|85\/100 slp\n|-damage|p2a: Thundurus|84\/100|[from] item: Rocky Helmet|[of] p1a: Weezing\n|-enditem|p1a: Weezing|Rocky Helmet|[from] move: Knock Off|[of] p2a: Thundurus\n|\n|upkeep\n|turn|8\n|\n|t:|1700252924\n|move|p2a: Thundurus|Volt Switch|p1a: Weezing\n|-damage|p1a: Weezing|56\/100 slp\n|\n|t:|1700252929\n|switch|p2a: Samurott|Samurott-Hisui, F, shiny|100\/100|[from] Volt Switch\n|cant|p1a: Weezing|slp\n|\n|-sideend|p1: BigDaddyGoat|move: Aurora Veil\n|upkeep\n|turn|9\n|\n|t:|1700252944\n|-terastallize|p1a: Weezing|Steel\n|move|p2a: Samurott|Ceaseless Edge|p1a: Weezing\n|-damage|p1a: Weezing|36\/100 slp\n|-sidestart|p1: BigDaddyGoat|Spikes\n|-curestatus|p1a: Weezing|slp|[msg]\n|move|p1a: Weezing|Defog|p2a: Samurott\n|-unboost|p2a: Samurott|evasion|1\n|-sideend|p1: BigDaddyGoat|Spikes|[from] move: Defog|[of] p1a: Weezing\n|-sideend|p1: BigDaddyGoat|Stealth Rock|[from] move: Defog|[of] p1a: Weezing\n|\n|upkeep\n|turn|10\n|\n|t:|1700252966\n|switch|p2a: Thundurus|Thundurus-Therian, M|84\/100\n|move|p1a: Weezing|Strange Steam|p2a: Thundurus\n|-damage|p2a: Thundurus|46\/100\n|\n|upkeep\n|turn|11\n|inactive|BigDaddyGoat has 120 seconds left.\n|\n|t:|1700252993\n|move|p2a: Thundurus|Volt Switch|p1a: Weezing\n|-damage|p1a: Weezing|0 fnt\n|faint|p1a: Weezing\n|-end|p1a: Weezing|ability: Neutralizing Gas\n|\n|t:|1700252999\n|switch|p2a: Samurott|Samurott-Hisui, F, shiny|100\/100|[from] Volt Switch\n|\n|upkeep\n|inactive|BigDaddyGoat has 120 seconds left.\n|\n|t:|1700253011\n|switch|p1a: Zamazenta|Zamazenta|100\/100\n|-ability|p1a: Zamazenta|Dauntless Shield|boost\n|-boost|p1a: Zamazenta|def|1\n|turn|12\n|inactive|BigDaddyGoat has 120 seconds left.\n|\n|t:|1700253021\n|move|p2a: Samurott|Flip Turn|p1a: Zamazenta\n|-damage|p1a: Zamazenta|84\/100\n|\n|t:|1700253024\n|switch|p2a: Thundurus|Thundurus-Therian, M|46\/100|[from] Flip Turn\n|move|p1a: Zamazenta|Crunch|p2a: Thundurus\n|-damage|p2a: Thundurus|5\/100\n|\n|upkeep\n|turn|13\n|\n|t:|1700253037\n|move|p1a: Zamazenta|Stone Edge|p2a: Thundurus\n|-supereffective|p2a: Thundurus\n|-damage|p2a: Thundurus|0 fnt\n|faint|p2a: Thundurus\n|\n|upkeep\n|\n|t:|1700253045\n|switch|p2a: Gholdengo|Gholdengo, shiny|100\/100\n|turn|14\n|inactive|BigDaddyGoat has 120 seconds left.\n|\n|t:|1700253065\n|move|p1a: Zamazenta|Crunch|p2a: Gholdengo\n|-supereffective|p2a: Gholdengo\n|-damage|p2a: Gholdengo|61\/100\n|-unboost|p2a: Gholdengo|def|1\n|move|p2a: Gholdengo|Make It Rain|p1a: Zamazenta\n|-damage|p1a: Zamazenta|53\/100\n|-unboost|p2a: Gholdengo|spa|1\n|\n|-heal|p2a: Gholdengo|67\/100|[from] item: Leftovers\n|upkeep\n|turn|15\n|inactive|BigDaddyGoat has 120 seconds left.\n|\n|t:|1700253078\n|switch|p2a: Great Tusk|Great Tusk, shiny|100\/100\n|move|p1a: Zamazenta|Crunch|p2a: Great Tusk\n|-resisted|p2a: Great Tusk\n|-crit|p2a: Great Tusk\n|-damage|p2a: Great Tusk|91\/100\n|\n|-heal|p2a: Great Tusk|97\/100|[from] item: Leftovers\n|upkeep\n|turn|16\n|inactive|BigDaddyGoat has 120 seconds left.\n|\n|t:|1700253100\n|switch|p1a: Rotom|Rotom-Wash|100\/100\n|-end|p2a: Great Tusk|Protosynthesis|[silent]\n|switch|p2a: Amoonguss|Amoonguss, M, shiny, tera:Dark|24\/100\n|\n|upkeep\n|turn|17\n|\n|t:|1700253114\n|switch|p2a: Gholdengo|Gholdengo, shiny|67\/100\n|move|p1a: Rotom|Volt Switch|p2a: Gholdengo\n|-damage|p2a: Gholdengo|42\/100\n|\n|t:|1700253125\n|switch|p1a: Iron Valiant|Iron Valiant|100\/100|[from] Volt Switch\n|-enditem|p1a: Iron Valiant|Booster Energy\n|-activate|p1a: Iron Valiant|ability: Quark Drive|[fromitem]\n|-start|p1a: Iron Valiant|quarkdrivespe\n|\n|-heal|p2a: Gholdengo|49\/100|[from] item: Leftovers\n|upkeep\n|turn|18\n|\n|t:|1700253140\n|switch|p2a: Ceruledge|Ceruledge, F|100\/100\n|move|p1a: Iron Valiant|Spirit Break|p2a: Ceruledge\n|-resisted|p2a: Ceruledge\n|-damage|p2a: Ceruledge|74\/100\n|-unboost|p2a: Ceruledge|spa|1\n|\n|upkeep\n|turn|19\n|\n|t:|1700253151\n|move|p1a: Iron Valiant|Knock Off|p2a: Ceruledge\n|-supereffective|p2a: Ceruledge\n|-damage|p2a: Ceruledge|0 fnt\n|-enditem|p2a: Ceruledge|Heavy-Duty Boots|[from] move: Knock Off|[of] p1a: Iron Valiant\n|faint|p2a: Ceruledge\n|\n|upkeep\n|\n|t:|1700253156\n|switch|p2a: Gholdengo|Gholdengo, shiny|49\/100\n|turn|20\n|inactive|BigDaddyGoat has 120 seconds left.\n|\n|t:|1700253167\n|move|p1a: Iron Valiant|Knock Off|p2a: Gholdengo\n|-supereffective|p2a: Gholdengo\n|-damage|p2a: Gholdengo|3\/100\n|-enditem|p2a: Gholdengo|Leftovers|[from] move: Knock Off|[of] p1a: Iron Valiant\n|move|p2a: Gholdengo|Make It Rain|p1a: Iron Valiant\n|-supereffective|p1a: Iron Valiant\n|-damage|p1a: Iron Valiant|0 fnt\n|-unboost|p2a: Gholdengo|spa|1\n|faint|p1a: Iron Valiant\n|-end|p1a: Iron Valiant|Quark Drive|[silent]\n|\n|upkeep\n|\n|t:|1700253177\n|switch|p1a: Cetitan|Cetitan, M|75\/100\n|turn|21\n|\n|t:|1700253181\n|switch|p2a: Samurott|Samurott-Hisui, F, shiny|100\/100\n|move|p1a: Cetitan|Ice Shard|p2a: Samurott\n|-resisted|p2a: Samurott\n|-damage|p2a: Samurott|88\/100\n|\n|upkeep\n|turn|22\n|inactive|BigDaddyGoat has 120 seconds left.\n|\n|t:|1700253192\n|switch|p1a: Rotom|Rotom-Wash|100\/100\n|move|p2a: Samurott|Sacred Sword|p1a: Rotom\n|-damage|p1a: Rotom|69\/100\n|\n|-heal|p1a: Rotom|75\/100|[from] item: Leftovers\n|upkeep\n|turn|23\n|\n|t:|1700253202\n|switch|p2a: Amoonguss|Amoonguss, M, shiny, tera:Dark|57\/100\n|move|p1a: Rotom|Thunder Wave|p2a: Amoonguss\n|-status|p2a: Amoonguss|par\n|\n|-heal|p1a: Rotom|81\/100|[from] item: Leftovers\n|upkeep\n|turn|24\n|\n|t:|1700253214\n|move|p1a: Rotom|Hydro Pump|p2a: Amoonguss\n|-damage|p2a: Amoonguss|30\/100 par\n|move|p2a: Amoonguss|Spore|p1a: Rotom\n|-status|p1a: Rotom|slp|[from] move: Spore\n|\n|-heal|p1a: Rotom|87\/100 slp|[from] item: Leftovers\n|upkeep\n|turn|25\n|\n|t:|1700253229\n|switch|p2a: Samurott|Samurott-Hisui, F, shiny|88\/100\n|cant|p1a: Rotom|slp\n|\n|-heal|p1a: Rotom|94\/100 slp|[from] item: Leftovers\n|upkeep\n|turn|26\n|\n|t:|1700253237\n|move|p2a: Samurott|Ceaseless Edge|p1a: Rotom\n|-damage|p1a: Rotom|62\/100 slp\n|-sidestart|p1: BigDaddyGoat|Spikes\n|cant|p1a: Rotom|slp\n|\n|-heal|p1a: Rotom|68\/100 slp|[from] item: Leftovers\n|upkeep\n|turn|27\n|\n|t:|1700253246\n|move|p2a: Samurott|Ceaseless Edge|p1a: Rotom\n|-damage|p1a: Rotom|30\/100 slp\n|-sidestart|p1: BigDaddyGoat|Spikes\n|cant|p1a: Rotom|slp\n|\n|-heal|p1a: Rotom|36\/100 slp|[from] item: Leftovers\n|upkeep\n|turn|28\n|\n|t:|1700253257\n|move|p2a: Samurott|Ceaseless Edge|p1a: Rotom\n|-damage|p1a: Rotom|4\/100 slp\n|-sidestart|p1: BigDaddyGoat|Spikes\n|-curestatus|p1a: Rotom|slp|[msg]\n|move|p1a: Rotom|Volt Switch|p2a: Samurott\n|-supereffective|p2a: Samurott\n|-damage|p2a: Samurott|16\/100\n|\n|t:|1700253264\n|switch|p1a: Cetitan|Cetitan, M|75\/100|[from] Volt Switch\n|-damage|p1a: Cetitan|50\/100|[from] Spikes\n|\n|upkeep\n|turn|29\n|\n|t:|1700253269\n|move|p1a: Cetitan|Ice Shard|p2a: Samurott\n|-resisted|p2a: Samurott\n|-damage|p2a: Samurott|3\/100\n|move|p2a: Samurott|Ceaseless Edge|p1a: Cetitan\n|-damage|p1a: Cetitan|13\/100\n|\n|upkeep\n|turn|30\n|\n|t:|1700253278\n|switch|p2a: Amoonguss|Amoonguss, M, shiny, tera:Dark|63\/100 par\n|move|p1a: Cetitan|Ice Shard|p2a: Amoonguss\n|-damage|p2a: Amoonguss|43\/100 par\n|\n|upkeep\n|turn|31\n|\n|t:|1700253288\n|move|p1a: Cetitan|Earthquake|p2a: Amoonguss\n|-damage|p2a: Amoonguss|9\/100 par\n|move|p2a: Amoonguss|Giga Drain|p1a: Cetitan\n|-damage|p1a: Cetitan|0 fnt\n|-heal|p2a: Amoonguss|16\/100 par|[from] drain|[of] p1a: Cetitan\n|faint|p1a: Cetitan\n|\n|upkeep\n|\n|t:|1700253296\n|switch|p1a: Zamazenta|Zamazenta|53\/100\n|-damage|p1a: Zamazenta|28\/100|[from] Spikes\n|turn|32\n|\n|t:|1700253303\n|move|p1a: Zamazenta|Crunch|p2a: Amoonguss\n|-resisted|p2a: Amoonguss\n|-damage|p2a: Amoonguss|4\/100 par\n|move|p2a: Amoonguss|Giga Drain|p1a: Zamazenta\n|-damage|p1a: Zamazenta|14\/100\n|-heal|p2a: Amoonguss|9\/100 par|[from] drain|[of] p1a: Zamazenta\n|\n|upkeep\n|turn|33\n|\n|t:|1700253310\n|move|p1a: Zamazenta|Stone Edge|p2a: Amoonguss\n|-crit|p2a: Amoonguss\n|-damage|p2a: Amoonguss|0 fnt\n|faint|p2a: Amoonguss\n|\n|upkeep\n|\n|t:|1700253314\n|switch|p2a: Samurott|Samurott-Hisui, F, shiny|3\/100\n|turn|34\n|\n|t:|1700253322\n|move|p2a: Samurott|Sacred Sword|p1a: Zamazenta\n|-damage|p1a: Zamazenta|0 fnt\n|faint|p1a: Zamazenta\n|\n|upkeep\n|-message|BigDaddyGoat forfeited.\n|\n|win|Juanp0093\n|raw|BigDaddyGoat's rating: 1226 &rarr; <strong>1200<\/strong><br \/>(-26 for losing)\n|raw|Juanp0093's rating: 1219 &rarr; <strong>1245<\/strong><br \/>(+26 for winning)\n|l|\u2606BigDaddyGoat\n","uploadtime":1700253461,"views":13,"p1id":"bigdaddygoat","p2id":"juanp0093","formatid":"gen9ou","rating":1200,"private":0,"password":""}