{"id":"gen9ou-1988817648","p1":"get ewrecked","p2":"spiderest3","format":"[Gen 9] OU","log":"|j|\u2606get ewrecked\n|j|\u2606spiderest3\n|t:|1699767613\n|gametype|singles\n|player|p1|get ewrecked|101|1527\n|player|p2|spiderest3|1|1446\n|teamsize|p1|6\n|teamsize|p2|6\n|gen|9\n|tier|[Gen 9] OU\n|rated|\n|rule|Sleep Clause Mod: Limit one foe put to sleep\n|rule|Species Clause: Limit one of each Pok\u00e9mon\n|rule|OHKO Clause: OHKO moves are banned\n|rule|Evasion Items Clause: Evasion items are banned\n|rule|Evasion Moves Clause: Evasion moves are banned\n|rule|Endless Battle Clause: Forcing endless battles is banned\n|rule|HP Percentage Mod: HP is shown in percentages\n|clearpoke\n|poke|p1|Gliscor, F|\n|poke|p1|Weezing-Galar, M|\n|poke|p1|Skeledirge, F|\n|poke|p1|Milotic, F|\n|poke|p1|Mandibuzz, F|\n|poke|p1|Dragapult, M|\n|poke|p2|Ribombee, F|\n|poke|p2|Ogerpon-Wellspring, F|\n|poke|p2|Kingambit, M|\n|poke|p2|Gholdengo|\n|poke|p2|Iron Valiant|\n|poke|p2|Greninja-*, M|\n|teampreview\n|inactive|Battle timer is ON: inactive players will automatically lose when time's up. (requested by get ewrecked)\n|\n|t:|1699767623\n|start\n|switch|p1a: Skeledirge|Skeledirge, F, shiny|100\/100\n|switch|p2a: Greninja|Greninja, M|100\/100\n|turn|1\n|\n|t:|1699767627\n|switch|p1a: Milotic|Milotic, F, shiny|100\/100\n|move|p2a: Greninja|Dark Pulse|p1a: Milotic\n|-damage|p1a: Milotic|73\/100\n|-damage|p2a: Greninja|91\/100|[from] item: Life Orb\n|\n|upkeep\n|turn|2\n|\n|t:|1699767635\n|switch|p2a: Ogerpon|Ogerpon-Wellspring, F|100\/100\n|move|p1a: Milotic|Recover|p1a: Milotic\n|-heal|p1a: Milotic|100\/100\n|\n|upkeep\n|turn|3\n|\n|t:|1699767643\n|switch|p1a: Weezing|Weezing-Galar, M, shiny|100\/100\n|-ability|p1a: Weezing|Neutralizing Gas\n|move|p2a: Ogerpon|Swords Dance|p2a: Ogerpon\n|-boost|p2a: Ogerpon|atk|2\n|\n|upkeep\n|turn|4\n|inactive|spiderest3 has 120 seconds left.\n|inactive|spiderest3 has 90 seconds left.\n|\n|t:|1699767705\n|-terastallize|p2a: Ogerpon|Water\n|detailschange|p2a: Ogerpon|Ogerpon-Wellspring-Tera, F, tera:Water\n|move|p2a: Ogerpon|Ivy Cudgel|p1a: Weezing\n|-damage|p1a: Weezing|1\/100\n|move|p1a: Weezing|Will-O-Wisp|p2a: Ogerpon\n|-status|p2a: Ogerpon|brn\n|\n|-heal|p1a: Weezing|7\/100|[from] item: Leftovers\n|-damage|p2a: Ogerpon|95\/100 brn|[from] brn\n|upkeep\n|turn|5\n|\n|t:|1699767718\n|-end|p1a: Weezing|ability: Neutralizing Gas\n|-ability|p2a: Ogerpon|Embody Aspect (Wellspring)|boost\n|-boost|p2a: Ogerpon|spd|1\n|switch|p1a: Mandibuzz|Mandibuzz, F, shiny|100\/100\n|move|p2a: Ogerpon|Knock Off|p1a: Mandibuzz\n|-resisted|p1a: Mandibuzz\n|-damage|p1a: Mandibuzz|90\/100\n|-enditem|p1a: Mandibuzz|Heavy-Duty Boots|[from] move: Knock Off|[of] p2a: Ogerpon\n|\n|-damage|p2a: Ogerpon|89\/100 brn|[from] brn\n|upkeep\n|turn|6\n|\n|t:|1699767730\n|switch|p2a: Iron Valiant|Iron Valiant|100\/100\n|-enditem|p2a: Iron Valiant|Booster Energy\n|-activate|p2a: Iron Valiant|ability: Quark Drive|[fromitem]\n|-start|p2a: Iron Valiant|quarkdrivespe\n|move|p1a: Mandibuzz|Foul Play|p2a: Iron Valiant\n|-resisted|p2a: Iron Valiant\n|-damage|p2a: Iron Valiant|86\/100\n|\n|upkeep\n|turn|7\n|\n|t:|1699767739\n|switch|p1a: Skeledirge|Skeledirge, F, shiny|100\/100\n|move|p2a: Iron Valiant|Moonblast|p1a: Skeledirge\n|-resisted|p1a: Skeledirge\n|-damage|p1a: Skeledirge|83\/100\n|\n|upkeep\n|turn|8\n|\n|t:|1699767745\n|-end|p2a: Iron Valiant|Quark Drive|[silent]\n|switch|p2a: Ogerpon|Ogerpon-Wellspring-Tera, F, tera:Water|89\/100 brn\n|-ability|p2a: Ogerpon|Embody Aspect (Wellspring)|boost\n|-boost|p2a: Ogerpon|spd|1\n|move|p1a: Skeledirge|Will-O-Wisp|p2a: Ogerpon\n|-fail|p2a: Ogerpon|brn\n|\n|-damage|p2a: Ogerpon|83\/100 brn|[from] brn\n|upkeep\n|turn|9\n|\n|t:|1699767754\n|switch|p1a: Mandibuzz|Mandibuzz, F, shiny|90\/100\n|move|p2a: Ogerpon|Ivy Cudgel|p1a: Mandibuzz\n|-damage|p1a: Mandibuzz|69\/100\n|\n|-damage|p2a: Ogerpon|77\/100 brn|[from] brn\n|upkeep\n|turn|10\n|\n|t:|1699767762\n|switch|p2a: Ribombee|Ribombee, F|100\/100\n|switch|p1a: Weezing|Weezing-Galar, M, shiny|7\/100\n|-ability|p1a: Weezing|Neutralizing Gas\n|\n|-heal|p1a: Weezing|13\/100|[from] item: Leftovers\n|upkeep\n|turn|11\n|inactive|spiderest3 has 120 seconds left.\n|\n|t:|1699767769\n|-end|p1a: Weezing|ability: Neutralizing Gas\n|switch|p1a: Gliscor|Gliscor, F, shiny|100\/100\n|move|p2a: Ribombee|Tera Blast|p1a: Gliscor\n|-damage|p1a: Gliscor|81\/100\n|\n|-status|p1a: Gliscor|tox|[from] item: Toxic Orb\n|upkeep\n|turn|12\n|\n|t:|1699767776\n|move|p2a: Ribombee|Sticky Web|p1a: Gliscor\n|-sidestart|p1: get ewrecked|move: Sticky Web\n|move|p1a: Gliscor|Stealth Rock|p2a: Ribombee\n|-sidestart|p2: spiderest3|move: Stealth Rock\n|\n|-heal|p1a: Gliscor|93\/100 tox|[from] ability: Poison Heal\n|upkeep\n|turn|13\n|\n|t:|1699767783\n|move|p2a: Ribombee|Quiver Dance|p2a: Ribombee\n|-boost|p2a: Ribombee|spa|1\n|-boost|p2a: Ribombee|spd|1\n|-boost|p2a: Ribombee|spe|1\n|move|p1a: Gliscor|U-turn|p2a: Ribombee\n|-resisted|p2a: Ribombee\n|-damage|p2a: Ribombee|84\/100\n|\n|t:|1699767790\n|switch|p1a: Skeledirge|Skeledirge, F, shiny|83\/100|[from] U-turn\n|\n|upkeep\n|turn|14\n|\n|t:|1699767794\n|move|p2a: Ribombee|Moonblast|p1a: Skeledirge\n|-resisted|p1a: Skeledirge\n|-damage|p1a: Skeledirge|67\/100\n|-unboost|p1a: Skeledirge|spa|1\n|move|p1a: Skeledirge|Torch Song|p2a: Ribombee\n|-supereffective|p2a: Ribombee\n|-damage|p2a: Ribombee|19\/100\n|-boost|p1a: Skeledirge|spa|1\n|\n|upkeep\n|turn|15\n|\n|t:|1699767802\n|move|p2a: Ribombee|Moonblast|p1a: Skeledirge\n|-resisted|p1a: Skeledirge\n|-damage|p1a: Skeledirge|50\/100\n|move|p1a: Skeledirge|Slack Off|p1a: Skeledirge\n|-heal|p1a: Skeledirge|100\/100\n|\n|upkeep\n|turn|16\n|\n|t:|1699767806\n|move|p2a: Ribombee|Moonblast|p1a: Skeledirge\n|-resisted|p1a: Skeledirge\n|-damage|p1a: Skeledirge|84\/100\n|-unboost|p1a: Skeledirge|spa|1\n|move|p1a: Skeledirge|Torch Song|p2a: Ribombee\n|-supereffective|p2a: Ribombee\n|-damage|p2a: Ribombee|0 fnt\n|-boost|p1a: Skeledirge|spa|1\n|faint|p2a: Ribombee\n|\n|upkeep\n|\n|t:|1699767813\n|switch|p2a: Greninja|Greninja, M|91\/100\n|-damage|p2a: Greninja|78\/100|[from] Stealth Rock\n|turn|17\n|\n|t:|1699767821\n|switch|p1a: Milotic|Milotic, F, shiny|100\/100\n|move|p2a: Greninja|Hydro Pump|p1a: Milotic\n|-resisted|p1a: Milotic\n|-damage|p1a: Milotic|84\/100\n|-damage|p2a: Greninja|69\/100|[from] item: Life Orb\n|\n|upkeep\n|turn|18\n|\n|t:|1699767835\n|switch|p2a: Ogerpon|Ogerpon-Wellspring-Tera, F, tera:Water|77\/100 brn\n|-damage|p2a: Ogerpon|64\/100 brn|[from] Stealth Rock\n|-ability|p2a: Ogerpon|Embody Aspect (Wellspring)|boost\n|-boost|p2a: Ogerpon|spd|1\n|switch|p1a: Weezing|Weezing-Galar, M, shiny|13\/100\n|-ability|p1a: Weezing|Neutralizing Gas\n|-activate|p1a: Weezing|move: Sticky Web\n|-unboost|p1a: Weezing|spe|1\n|\n|-heal|p1a: Weezing|19\/100|[from] item: Leftovers\n|-damage|p2a: Ogerpon|58\/100 brn|[from] brn\n|upkeep\n|turn|19\n|\n|t:|1699767846\n|-end|p1a: Weezing|ability: Neutralizing Gas\n|-ability|p2a: Ogerpon|Embody Aspect (Wellspring)|boost\n|-boost|p2a: Ogerpon|spd|1\n|switch|p1a: Milotic|Milotic, F, shiny|84\/100\n|move|p2a: Ogerpon|Ivy Cudgel|p1a: Milotic\n|-resisted|p1a: Milotic\n|-damage|p1a: Milotic|64\/100\n|\n|-damage|p2a: Ogerpon|52\/100 brn|[from] brn\n|upkeep\n|turn|20\n|\n|t:|1699767853\n|move|p2a: Ogerpon|Power Whip|p1a: Milotic\n|-supereffective|p1a: Milotic\n|-damage|p1a: Milotic|0 fnt\n|faint|p1a: Milotic\n|\n|-damage|p2a: Ogerpon|46\/100 brn|[from] brn\n|upkeep\n|\n|t:|1699767859\n|switch|p1a: Mandibuzz|Mandibuzz, F, shiny|69\/100\n|turn|21\n|\n|t:|1699767865\n|move|p2a: Ogerpon|Ivy Cudgel|p1a: Mandibuzz\n|-damage|p1a: Mandibuzz|47\/100\n|move|p1a: Mandibuzz|Roost|p1a: Mandibuzz\n|-heal|p1a: Mandibuzz|97\/100\n|-singleturn|p1a: Mandibuzz|move: Roost\n|\n|-damage|p2a: Ogerpon|40\/100 brn|[from] brn\n|upkeep\n|turn|22\n|\n|t:|1699767871\n|move|p2a: Ogerpon|Ivy Cudgel|p1a: Mandibuzz\n|-crit|p1a: Mandibuzz\n|-damage|p1a: Mandibuzz|64\/100\n|move|p1a: Mandibuzz|Iron Defense|p1a: Mandibuzz\n|-boost|p1a: Mandibuzz|def|2\n|\n|-damage|p2a: Ogerpon|34\/100 brn|[from] brn\n|upkeep\n|turn|23\n|\n|t:|1699767876\n|move|p2a: Ogerpon|Swords Dance|p2a: Ogerpon\n|-boost|p2a: Ogerpon|atk|2\n|move|p1a: Mandibuzz|Roost|p1a: Mandibuzz\n|-heal|p1a: Mandibuzz|100\/100\n|-singleturn|p1a: Mandibuzz|move: Roost\n|\n|-damage|p2a: Ogerpon|28\/100 brn|[from] brn\n|upkeep\n|turn|24\n|\n|t:|1699767882\n|move|p2a: Ogerpon|Ivy Cudgel|p1a: Mandibuzz\n|-damage|p1a: Mandibuzz|78\/100\n|move|p1a: Mandibuzz|Iron Defense|p1a: Mandibuzz\n|-boost|p1a: Mandibuzz|def|2\n|\n|-damage|p2a: Ogerpon|22\/100 brn|[from] brn\n|upkeep\n|turn|25\n|\n|t:|1699767886\n|move|p2a: Ogerpon|Swords Dance|p2a: Ogerpon\n|-boost|p2a: Ogerpon|atk|2\n|move|p1a: Mandibuzz|Iron Defense|p1a: Mandibuzz\n|-boost|p1a: Mandibuzz|def|2\n|\n|-damage|p2a: Ogerpon|16\/100 brn|[from] brn\n|upkeep\n|turn|26\n|\n|t:|1699767891\n|move|p2a: Ogerpon|Ivy Cudgel|p1a: Mandibuzz\n|-damage|p1a: Mandibuzz|60\/100\n|move|p1a: Mandibuzz|Roost|p1a: Mandibuzz\n|-heal|p1a: Mandibuzz|100\/100\n|-singleturn|p1a: Mandibuzz|move: Roost\n|\n|-damage|p2a: Ogerpon|10\/100 brn|[from] brn\n|upkeep\n|turn|27\n|\n|t:|1699767898\n|move|p2a: Ogerpon|Ivy Cudgel|p1a: Mandibuzz\n|-damage|p1a: Mandibuzz|83\/100\n|move|p1a: Mandibuzz|Roost|p1a: Mandibuzz\n|-heal|p1a: Mandibuzz|100\/100\n|-singleturn|p1a: Mandibuzz|move: Roost\n|\n|-damage|p2a: Ogerpon|4\/100 brn|[from] brn\n|upkeep\n|turn|28\n|\n|t:|1699767903\n|move|p2a: Ogerpon|Ivy Cudgel|p1a: Mandibuzz\n|-crit|p1a: Mandibuzz\n|-damage|p1a: Mandibuzz|6\/100\n|move|p1a: Mandibuzz|Roost|p1a: Mandibuzz\n|-heal|p1a: Mandibuzz|56\/100\n|-singleturn|p1a: Mandibuzz|move: Roost\n|\n|-damage|p2a: Ogerpon|0 fnt|[from] brn\n|faint|p2a: Ogerpon\n|upkeep\n|\n|t:|1699767908\n|switch|p2a: Iron Valiant|Iron Valiant|86\/100\n|-damage|p2a: Iron Valiant|80\/100|[from] Stealth Rock\n|turn|29\n|\n|t:|1699767919\n|switch|p1a: Skeledirge|Skeledirge, F, shiny|84\/100\n|move|p2a: Iron Valiant|Moonblast|p1a: Skeledirge\n|-resisted|p1a: Skeledirge\n|-crit|p1a: Skeledirge\n|-damage|p1a: Skeledirge|56\/100\n|\n|upkeep\n|turn|30\n|\n|t:|1699767924\n|-end|p2a: Iron Valiant|Quark Drive|[silent]\n|switch|p2a: Greninja|Greninja, M|69\/100\n|-damage|p2a: Greninja|56\/100|[from] Stealth Rock\n|move|p1a: Skeledirge|Slack Off|p1a: Skeledirge\n|-heal|p1a: Skeledirge|100\/100\n|\n|upkeep\n|turn|31\n|\n|t:|1699767932\n|switch|p1a: Mandibuzz|Mandibuzz, F, shiny|56\/100\n|move|p2a: Greninja|Hydro Pump|p1a: Mandibuzz\n|-damage|p1a: Mandibuzz|0 fnt\n|faint|p1a: Mandibuzz\n|-ability|p2a: Greninja|Battle Bond|boost\n|-boost|p2a: Greninja|atk|1\n|-boost|p2a: Greninja|spa|1\n|-boost|p2a: Greninja|spe|1\n|-activate|p2a: Greninja|ability: Battle Bond\n|-damage|p2a: Greninja|46\/100|[from] item: Life Orb\n|\n|upkeep\n|inactive|get ewrecked has 120 seconds left.\n|\n|t:|1699767963\n|switch|p1a: Gliscor|Gliscor, F, shiny|93\/100 tox\n|turn|32\n|\n|t:|1699767967\n|move|p1a: Gliscor|Protect|p1a: Gliscor\n|-singleturn|p1a: Gliscor|Protect\n|move|p2a: Greninja|Grass Knot|p1a: Gliscor\n|-activate|p1a: Gliscor|move: Protect\n|\n|-heal|p1a: Gliscor|100\/100 tox|[from] ability: Poison Heal\n|upkeep\n|turn|33\n|\n|t:|1699767973\n|-terastallize|p1a: Gliscor|Fairy\n|move|p2a: Greninja|Ice Beam|p1a: Gliscor\n|-damage|p1a: Gliscor|61\/100 tox\n|-damage|p2a: Greninja|37\/100|[from] item: Life Orb\n|move|p1a: Gliscor|U-turn|p2a: Greninja\n|-supereffective|p2a: Greninja\n|-damage|p2a: Greninja|0 fnt\n|faint|p2a: Greninja\n|\n|t:|1699767983\n|switch|p1a: Skeledirge|Skeledirge, F, shiny|100\/100|[from] U-turn\n|\n|upkeep\n|\n|t:|1699767990\n|switch|p2a: Gholdengo|Gholdengo|100\/100\n|-damage|p2a: Gholdengo|94\/100|[from] Stealth Rock\n|-item|p2a: Gholdengo|Air Balloon\n|turn|34\n|\n|t:|1699767994\n|move|p2a: Gholdengo|Shadow Ball|p1a: Skeledirge\n|-supereffective|p1a: Skeledirge\n|-damage|p1a: Skeledirge|36\/100\n|move|p1a: Skeledirge|Torch Song|p2a: Gholdengo\n|-supereffective|p2a: Gholdengo\n|-damage|p2a: Gholdengo|32\/100\n|-boost|p1a: Skeledirge|spa|1\n|-enditem|p2a: Gholdengo|Air Balloon\n|\n|upkeep\n|turn|35\n|\n|t:|1699768011\n|switch|p1a: Weezing|Weezing-Galar, M, shiny|19\/100\n|-ability|p1a: Weezing|Neutralizing Gas\n|-activate|p1a: Weezing|move: Sticky Web\n|-unboost|p1a: Weezing|spe|1\n|move|p2a: Gholdengo|Shadow Ball|p1a: Weezing\n|-damage|p1a: Weezing|0 fnt\n|faint|p1a: Weezing\n|-end|p1a: Weezing|ability: Neutralizing Gas\n|\n|upkeep\n|\n|t:|1699768029\n|switch|p1a: Gliscor|Gliscor, F, shiny, tera:Fairy|61\/100 tox\n|-activate|p1a: Gliscor|move: Sticky Web\n|-unboost|p1a: Gliscor|spe|1\n|turn|36\n|\n|t:|1699768038\n|move|p1a: Gliscor|Protect|p1a: Gliscor\n|-singleturn|p1a: Gliscor|Protect\n|move|p2a: Gholdengo|Recover|p2a: Gholdengo\n|-heal|p2a: Gholdengo|82\/100\n|\n|-heal|p1a: Gliscor|73\/100 tox|[from] ability: Poison Heal\n|upkeep\n|turn|37\n|\n|t:|1699768044\n|move|p2a: Gholdengo|Make It Rain|p1a: Gliscor\n|-supereffective|p1a: Gliscor\n|-damage|p1a: Gliscor|0 fnt\n|-unboost|p2a: Gholdengo|spa|1\n|faint|p1a: Gliscor\n|\n|upkeep\n|\n|t:|1699768051\n|switch|p1a: Dragapult|Dragapult, M, shiny|100\/100\n|-activate|p1a: Dragapult|move: Sticky Web\n|-unboost|p1a: Dragapult|spe|1\n|turn|38\n|\n|t:|1699768059\n|switch|p2a: Kingambit|Kingambit, M|100\/100\n|-damage|p2a: Kingambit|94\/100|[from] Stealth Rock\n|-activate|p2a: Kingambit|ability: Supreme Overlord\n|-start|p2a: Kingambit|fallen3|[silent]\n|move|p1a: Dragapult|Will-O-Wisp|p2a: Kingambit|[miss]\n|-miss|p1a: Dragapult|p2a: Kingambit\n|\n|upkeep\n|turn|39\n|\n|t:|1699768068\n|move|p1a: Dragapult|Will-O-Wisp|p2a: Kingambit\n|-status|p2a: Kingambit|brn\n|move|p2a: Kingambit|Kowtow Cleave|p1a: Dragapult\n|-supereffective|p1a: Dragapult\n|-damage|p1a: Dragapult|2\/100\n|\n|-damage|p2a: Kingambit|88\/100 brn|[from] brn\n|upkeep\n|turn|40\n|\n|t:|1699768075\n|move|p1a: Dragapult|Will-O-Wisp|p2a: Kingambit|[miss]\n|-miss|p1a: Dragapult|p2a: Kingambit\n|move|p2a: Kingambit|Kowtow Cleave|p1a: Dragapult\n|-supereffective|p1a: Dragapult\n|-damage|p1a: Dragapult|0 fnt\n|faint|p1a: Dragapult\n|\n|-damage|p2a: Kingambit|82\/100 brn|[from] brn\n|upkeep\n|\n|t:|1699768077\n|switch|p1a: Skeledirge|Skeledirge, F, shiny|36\/100\n|turn|41\n|\n|t:|1699768080\n|move|p1a: Skeledirge|Slack Off|p1a: Skeledirge\n|-heal|p1a: Skeledirge|86\/100\n|move|p2a: Kingambit|Kowtow Cleave|p1a: Skeledirge\n|-supereffective|p1a: Skeledirge\n|-damage|p1a: Skeledirge|23\/100\n|\n|-damage|p2a: Kingambit|76\/100 brn|[from] brn\n|upkeep\n|turn|42\n|\n|t:|1699768089\n|move|p1a: Skeledirge|Slack Off|p1a: Skeledirge\n|-heal|p1a: Skeledirge|74\/100\n|move|p2a: Kingambit|Kowtow Cleave|p1a: Skeledirge\n|-supereffective|p1a: Skeledirge\n|-damage|p1a: Skeledirge|10\/100\n|\n|-damage|p2a: Kingambit|70\/100 brn|[from] brn\n|upkeep\n|turn|43\n|\n|t:|1699768092\n|move|p1a: Skeledirge|Slack Off|p1a: Skeledirge\n|-heal|p1a: Skeledirge|60\/100\n|move|p2a: Kingambit|Kowtow Cleave|p1a: Skeledirge\n|-supereffective|p1a: Skeledirge\n|-damage|p1a: Skeledirge|0 fnt\n|faint|p1a: Skeledirge\n|\n|win|spiderest3\n|raw|get ewrecked's rating: 1527 &rarr; <strong>1502<\/strong><br \/>(-25 for losing)\n|raw|spiderest3's rating: 1446 &rarr; <strong>1471<\/strong><br \/>(+25 for winning)\n|l|\u2606get ewrecked\n|l|\u2606spiderest3\n|j|\u2606spiderest3\n|player|p2|spiderest3|1\n","uploadtime":1699768132,"views":12,"p1id":"getewrecked","p2id":"spiderest3","formatid":"gen9ou","rating":1471,"private":0,"password":""}