{"id":"gen9ou-1999871542","p1":"Traivy","p2":"Rhosine","format":"[Gen 9] OU","log":"|j|\u203dTraivy\n|j|\u2606Rhosine\n|t:|1701124830\n|gametype|singles\n|player|p1|Traivy|emmet|1296\n|player|p2|Rhosine|caitlin|1319\n|teamsize|p1|6\n|teamsize|p2|6\n|gen|9\n|tier|[Gen 9] OU\n|rated|\n|rule|Sleep Clause Mod: Limit one foe put to sleep\n|rule|Species Clause: Limit one of each Pok\u00e9mon\n|rule|OHKO Clause: OHKO moves are banned\n|rule|Evasion Items Clause: Evasion items are banned\n|rule|Evasion Moves Clause: Evasion moves are banned\n|rule|Endless Battle Clause: Forcing endless battles is banned\n|rule|HP Percentage Mod: HP is shown in percentages\n|clearpoke\n|poke|p1|Ogerpon-Wellspring, F|\n|poke|p1|Great Tusk|\n|poke|p1|Dragapult, M|\n|poke|p1|Enamorus, F|\n|poke|p1|Kingambit, F|\n|poke|p1|Iron Moth|\n|poke|p2|Bruxish, M|\n|poke|p2|Spidops, M|\n|poke|p2|Hatterene, F|\n|poke|p2|Clawitzer, M|\n|poke|p2|Regidrago|\n|poke|p2|Bisharp, F|\n|teampreview\n|\n|t:|1701124846\n|start\n|switch|p1a: Dragapult|Dragapult, M|100\/100\n|switch|p2a: Hatterene|Hatterene, F|100\/100\n|turn|1\n|\n|t:|1701124853\n|move|p1a: Dragapult|U-turn|p2a: Hatterene\n|-damage|p2a: Hatterene|82\/100\n|\n|t:|1701124858\n|switch|p1a: Great Tusk|Great Tusk|100\/100|[from] U-turn\n|move|p2a: Hatterene|Dazzling Gleam|p1a: Great Tusk\n|-supereffective|p1a: Great Tusk\n|-damage|p1a: Great Tusk|0 fnt\n|faint|p1a: Great Tusk\n|-end|p1a: Great Tusk|Protosynthesis|[silent]\n|\n|-heal|p2a: Hatterene|88\/100|[from] item: Leftovers\n|upkeep\n|\n|t:|1701124865\n|switch|p1a: Iron Moth|Iron Moth|100\/100\n|-enditem|p1a: Iron Moth|Booster Energy\n|-activate|p1a: Iron Moth|ability: Quark Drive|[fromitem]\n|-start|p1a: Iron Moth|quarkdrivespe\n|turn|2\n|\n|t:|1701124870\n|-terastallize|p2a: Hatterene|Psychic\n|move|p1a: Iron Moth|Fiery Dance|p2a: Hatterene\n|-damage|p2a: Hatterene|48\/100\n|-boost|p1a: Iron Moth|spa|1\n|move|p2a: Hatterene|Psychic|p1a: Iron Moth\n|-supereffective|p1a: Iron Moth\n|-damage|p1a: Iron Moth|0 fnt\n|faint|p1a: Iron Moth\n|-end|p1a: Iron Moth|Quark Drive|[silent]\n|\n|-heal|p2a: Hatterene|54\/100|[from] item: Leftovers\n|upkeep\n|\n|t:|1701124876\n|switch|p1a: Dragapult|Dragapult, M|100\/100\n|turn|3\n|\n|t:|1701124883\n|move|p1a: Dragapult|Shadow Ball|p2a: Hatterene\n|-supereffective|p2a: Hatterene\n|-damage|p2a: Hatterene|0 fnt\n|faint|p2a: Hatterene\n|\n|upkeep\n|\n|t:|1701124887\n|switch|p2a: Bisharp|Bisharp, F|100\/100\n|turn|4\n|\n|t:|1701124916\n|switch|p1a: Kingambit|Kingambit, F|100\/100\n|-activate|p1a: Kingambit|ability: Supreme Overlord\n|-start|p1a: Kingambit|fallen2|[silent]\n|move|p2a: Bisharp|Swords Dance|p2a: Bisharp\n|-boost|p2a: Bisharp|atk|2\n|\n|upkeep\n|turn|5\n|\n|t:|1701124922\n|move|p2a: Bisharp|Brick Break|p1a: Kingambit\n|-supereffective|p1a: Kingambit\n|-damage|p1a: Kingambit|0 fnt\n|faint|p1a: Kingambit\n|-end|p1a: Kingambit|fallen2|[silent]\n|\n|upkeep\n|\n|t:|1701124925\n|switch|p1a: Enamorus|Enamorus, F|100\/100\n|turn|6\n|\n|t:|1701124939\n|-terastallize|p1a: Enamorus|Steel\n|move|p1a: Enamorus|Earth Power|p2a: Bisharp\n|-supereffective|p2a: Bisharp\n|-damage|p2a: Bisharp|37\/100\n|move|p2a: Bisharp|Iron Head|p1a: Enamorus\n|-resisted|p1a: Enamorus\n|-damage|p1a: Enamorus|35\/100\n|\n|upkeep\n|turn|7\n|\n|t:|1701124946\n|move|p1a: Enamorus|Earth Power|p2a: Bisharp\n|-supereffective|p2a: Bisharp\n|-damage|p2a: Bisharp|0 fnt\n|faint|p2a: Bisharp\n|\n|upkeep\n|\n|t:|1701124949\n|switch|p2a: Clawitzer|Clawitzer, M|100\/100\n|turn|8\n|\n|t:|1701124988\n|switch|p1a: Ogerpon|Ogerpon-Wellspring, F|100\/100\n|move|p2a: Clawitzer|Aura Sphere|p1a: Ogerpon\n|-damage|p1a: Ogerpon|51\/100\n|\n|upkeep\n|turn|9\n|\n|t:|1701124991\n|move|p1a: Ogerpon|Horn Leech|p2a: Clawitzer\n|-supereffective|p2a: Clawitzer\n|-damage|p2a: Clawitzer|1\/100\n|-heal|p1a: Ogerpon|100\/100|[from] drain|[of] p2a: Clawitzer\n|move|p2a: Clawitzer|Dragon Pulse|p1a: Ogerpon\n|-damage|p1a: Ogerpon|44\/100\n|\n|upkeep\n|turn|10\n|\n|t:|1701125003\n|move|p1a: Ogerpon|Knock Off|p2a: Clawitzer\n|-damage|p2a: Clawitzer|0 fnt\n|-enditem|p2a: Clawitzer|Assault Vest|[from] move: Knock Off|[of] p1a: Ogerpon\n|faint|p2a: Clawitzer\n|\n|upkeep\n|\n|t:|1701125006\n|switch|p2a: Spidops|Spidops, M|100\/100\n|turn|11\n|\n|t:|1701125020\n|move|p1a: Ogerpon|U-turn|p2a: Spidops\n|-damage|p2a: Spidops|71\/100\n|\n|t:|1701125023\n|switch|p1a: Enamorus|Enamorus, F, tera:Steel|35\/100|[from] U-turn\n|move|p2a: Spidops|Leech Life|p1a: Enamorus\n|-resisted|p1a: Enamorus\n|-damage|p1a: Enamorus|0 fnt\n|-heal|p2a: Spidops|87\/100|[from] drain|[of] p1a: Enamorus\n|faint|p1a: Enamorus\n|\n|upkeep\n|\n|t:|1701125031\n|switch|p1a: Dragapult|Dragapult, M|100\/100\n|turn|12\n|\n|t:|1701125035\n|move|p1a: Dragapult|Flamethrower|p2a: Spidops\n|-supereffective|p2a: Spidops\n|-damage|p2a: Spidops|13\/100\n|-enditem|p2a: Spidops|Sitrus Berry|[eat]\n|-heal|p2a: Spidops|37\/100|[from] item: Sitrus Berry\n|move|p2a: Spidops|Knock Off|p1a: Dragapult\n|-supereffective|p1a: Dragapult\n|-damage|p1a: Dragapult|30\/100\n|-enditem|p1a: Dragapult|Expert Belt|[from] move: Knock Off|[of] p2a: Spidops\n|\n|upkeep\n|turn|13\n|-message|Traivy forfeited.\n|\n|win|Rhosine\n|raw|Traivy's rating: 1296 &rarr; <strong>1273<\/strong><br \/>(-23 for losing)\n|raw|Rhosine's rating: 1319 &rarr; <strong>1338<\/strong><br \/>(+19 for winning)\n|l|\u203dTraivy\n","uploadtime":1701125049,"views":4,"p1id":"traivy","p2id":"rhosine","formatid":"gen9ou","rating":1273,"private":0,"password":""}