{"id":"gen9ou-1994994074","p1":"Tulio&Miguel","p2":"testset_2023","format":"[Gen 9] OU","log":"|j|\u2606Tulio&Miguel\n|j|\u2606testset_2023\n|t:|1700511477\n|gametype|singles\n|player|p1|Tulio&Miguel|mars|1352\n|player|p2|testset_2023|265|1323\n|teamsize|p1|6\n|teamsize|p2|6\n|gen|9\n|tier|[Gen 9] OU\n|rated|\n|rule|Sleep Clause Mod: Limit one foe put to sleep\n|rule|Species Clause: Limit one of each Pok\u00e9mon\n|rule|OHKO Clause: OHKO moves are banned\n|rule|Evasion Items Clause: Evasion items are banned\n|rule|Evasion Moves Clause: Evasion moves are banned\n|rule|Endless Battle Clause: Forcing endless battles is banned\n|rule|HP Percentage Mod: HP is shown in percentages\n|clearpoke\n|poke|p1|Glimmora, F|\n|poke|p1|Gholdengo|\n|poke|p1|Kingambit, M|\n|poke|p1|Iron Valiant|\n|poke|p1|Ogerpon-Wellspring, F|\n|poke|p1|Great Tusk|\n|poke|p2|Maushold-Four|\n|poke|p2|Ninetales-Alola, F|\n|poke|p2|Ceruledge, M|\n|poke|p2|Ogerpon-Wellspring, F|\n|poke|p2|Walking Wake|\n|poke|p2|Rillaboom, M|\n|teampreview\n|inactive|Battle timer is ON: inactive players will automatically lose when time's up. (requested by Tulio&Miguel)\n|\n|t:|1700511487\n|start\n|switch|p1a: Glimmora|Glimmora, F|100\/100\n|switch|p2a: Ninetales|Ninetales-Alola, F|100\/100\n|-weather|Snow|[from] ability: Snow Warning|[of] p2a: Ninetales\n|turn|1\n|\n|t:|1700511497\n|move|p2a: Ninetales|Aurora Veil|p2a: Ninetales\n|-sidestart|p2: testset_2023|move: Aurora Veil\n|move|p1a: Glimmora|Stealth Rock|p2a: Ninetales\n|-sidestart|p2: testset_2023|move: Stealth Rock\n|\n|-weather|Snow|[upkeep]\n|upkeep\n|turn|2\n|\n|t:|1700511503\n|move|p2a: Ninetales|Encore|p1a: Glimmora\n|-start|p1a: Glimmora|Encore\n|move|p1a: Glimmora|Stealth Rock||[still]\n|-fail|p1a: Glimmora\n|\n|-weather|Snow|[upkeep]\n|upkeep\n|turn|3\n|\n|t:|1700511510\n|switch|p2a: Maushold|Maushold-Four|100\/100\n|-damage|p2a: Maushold|88\/100|[from] Stealth Rock\n|switch|p1a: Gholdengo|Gholdengo|100\/100\n|\n|-weather|Snow|[upkeep]\n|upkeep\n|turn|4\n|\n|t:|1700511523\n|move|p1a: Gholdengo|Focus Blast|p2a: Maushold|[miss]\n|-miss|p1a: Gholdengo|p2a: Maushold\n|move|p2a: Maushold|Tidy Up|p2a: Maushold\n|-sideend|p2: testset_2023|Stealth Rock\n|-activate|p2a: Maushold|move: Tidy Up\n|-boost|p2a: Maushold|atk|1\n|-boost|p2a: Maushold|spe|1\n|\n|-weather|Snow|[upkeep]\n|upkeep\n|turn|5\n|\n|t:|1700511535\n|switch|p1a: Glimmora|Glimmora, F|100\/100\n|move|p2a: Maushold|Bite|p1a: Glimmora\n|-damage|p1a: Glimmora|70\/100\n|-activate|p1a: Glimmora|ability: Toxic Debris\n|-sidestart|p2: testset_2023|move: Toxic Spikes\n|\n|-weather|none\n|upkeep\n|turn|6\n|inactive|testset_2023 has 120 seconds left.\n|\n|t:|1700511570\n|move|p2a: Maushold|Population Bomb|p1a: Glimmora\n|-resisted|p1a: Glimmora\n|-damage|p1a: Glimmora|63\/100\n|-activate|p1a: Glimmora|ability: Toxic Debris\n|-sidestart|p2: testset_2023|move: Toxic Spikes\n|-resisted|p1a: Glimmora\n|-damage|p1a: Glimmora|54\/100\n|-resisted|p1a: Glimmora\n|-damage|p1a: Glimmora|46\/100\n|-resisted|p1a: Glimmora\n|-damage|p1a: Glimmora|38\/100\n|-resisted|p1a: Glimmora\n|-damage|p1a: Glimmora|29\/100\n|-resisted|p1a: Glimmora\n|-damage|p1a: Glimmora|20\/100\n|-resisted|p1a: Glimmora\n|-damage|p1a: Glimmora|12\/100\n|-resisted|p1a: Glimmora\n|-damage|p1a: Glimmora|3\/100\n|-resisted|p1a: Glimmora\n|-damage|p1a: Glimmora|0 fnt\n|faint|p1a: Glimmora\n|-hitcount|p1: Glimmora|9\n|\n|upkeep\n|\n|t:|1700511591\n|switch|p1a: Gholdengo|Gholdengo|100\/100\n|turn|7\n|\n|t:|1700511598\n|move|p2a: Maushold|Tidy Up|p2a: Maushold\n|-sideend|p2: testset_2023|Toxic Spikes\n|-activate|p2a: Maushold|move: Tidy Up\n|-boost|p2a: Maushold|atk|1\n|-boost|p2a: Maushold|spe|1\n|move|p1a: Gholdengo|Make It Rain|p2a: Maushold\n|-damage|p2a: Maushold|38\/100\n|-unboost|p1a: Gholdengo|spa|1\n|\n|upkeep\n|turn|8\n|\n|t:|1700511608\n|move|p2a: Maushold|Bite|p1a: Gholdengo\n|-supereffective|p1a: Gholdengo\n|-damage|p1a: Gholdengo|0 fnt\n|faint|p1a: Gholdengo\n|\n|-sideend|p2: testset_2023|move: Aurora Veil\n|upkeep\n|\n|t:|1700511613\n|switch|p1a: Ogerpon|Ogerpon-Wellspring, F|100\/100\n|turn|9\n|\n|t:|1700511619\n|move|p2a: Maushold|Population Bomb|p1a: Ogerpon\n|-damage|p1a: Ogerpon|73\/100\n|-damage|p1a: Ogerpon|42\/100\n|-damage|p1a: Ogerpon|14\/100\n|-damage|p1a: Ogerpon|0 fnt\n|faint|p1a: Ogerpon\n|-hitcount|p1: Ogerpon|4\n|\n|upkeep\n|\n|t:|1700511630\n|switch|p1a: Kingambit|Kingambit, M|100\/100\n|-activate|p1a: Kingambit|ability: Supreme Overlord\n|-start|p1a: Kingambit|fallen3|[silent]\n|turn|10\n|\n|t:|1700511635\n|move|p1a: Kingambit|Sucker Punch||[still]\n|-fail|p1a: Kingambit\n|move|p2a: Maushold|Tidy Up|p2a: Maushold\n|-boost|p2a: Maushold|atk|1\n|-boost|p2a: Maushold|spe|1\n|\n|upkeep\n|turn|11\n|\n|t:|1700511642\n|move|p2a: Maushold|Low Kick|p1a: Kingambit\n|-supereffective|p1a: Kingambit\n|-damage|p1a: Kingambit|0 fnt\n|faint|p1a: Kingambit\n|-end|p1a: Kingambit|fallen3|[silent]\n|\n|upkeep\n|-message|Tulio&Miguel forfeited.\n|\n|win|testset_2023\n|raw|Tulio&amp;Miguel's rating: 1352 &rarr; <strong>1330<\/strong><br \/>(-22 for losing)\n|raw|testset_2023's rating: 1323 &rarr; <strong>1345<\/strong><br \/>(+22 for winning)\n|l|\u2606Tulio&Miguel\n|c|\u2606testset_2023|LOL\n","uploadtime":1700511652,"views":8,"p1id":"tuliomiguel","p2id":"testset2023","formatid":"gen9ou","rating":1330,"private":0,"password":""}