{"id":"gen9ou-1997278938","p1":"RainWaiv","p2":"Oldman3232","format":"[Gen 9] OU","log":"|j|\u2606RainWaiv\n|j|\u2606Oldman3232\n|t:|1700783862\n|gametype|singles\n|player|p1|RainWaiv|lillie-masters|1079\n|player|p2|Oldman3232|gentleman|1192\n|teamsize|p1|6\n|teamsize|p2|6\n|gen|9\n|tier|[Gen 9] OU\n|rated|\n|rule|Sleep Clause Mod: Limit one foe put to sleep\n|rule|Species Clause: Limit one of each Pok\u00e9mon\n|rule|OHKO Clause: OHKO moves are banned\n|rule|Evasion Items Clause: Evasion items are banned\n|rule|Evasion Moves Clause: Evasion moves are banned\n|rule|Endless Battle Clause: Forcing endless battles is banned\n|rule|HP Percentage Mod: HP is shown in percentages\n|clearpoke\n|poke|p1|Cinderace, M|\n|poke|p1|Great Tusk|\n|poke|p1|Iron Valiant|\n|poke|p1|Kingambit, M|\n|poke|p1|Iron Moth|\n|poke|p1|Gholdengo|\n|poke|p2|Dragonite, M|\n|poke|p2|Snorlax, M|\n|poke|p2|Gengar, M|\n|poke|p2|Slowbro, M|\n|poke|p2|Zapdos-Galar|\n|poke|p2|Dusknoir, F|\n|teampreview\n|inactive|Battle timer is ON: inactive players will automatically lose when time's up. (requested by Oldman3232)\n|\n|t:|1700783883\n|start\n|switch|p1a: Great Tusk|Great Tusk|100\/100\n|switch|p2a: Dragonite|Dragonite, M|100\/100\n|turn|1\n|\n|t:|1700783897\n|move|p1a: Great Tusk|Knock Off|p2a: Dragonite\n|-damage|p2a: Dragonite|81\/100\n|-enditem|p2a: Dragonite|Lum Berry|[from] move: Knock Off|[of] p1a: Great Tusk\n|move|p2a: Dragonite|Dragon Dance|p2a: Dragonite\n|-boost|p2a: Dragonite|atk|1\n|-boost|p2a: Dragonite|spe|1\n|\n|upkeep\n|turn|2\n|\n|t:|1700783916\n|-end|p1a: Great Tusk|Protosynthesis|[silent]\n|switch|p1a: Gholdengo|Gholdengo|100\/100\n|move|p2a: Dragonite|Dragon Dance|p2a: Dragonite\n|-boost|p2a: Dragonite|atk|1\n|-boost|p2a: Dragonite|spe|1\n|\n|upkeep\n|turn|3\n|\n|t:|1700783929\n|move|p2a: Dragonite|Earthquake|p1a: Gholdengo\n|-supereffective|p1a: Gholdengo\n|-damage|p1a: Gholdengo|0 fnt\n|faint|p1a: Gholdengo\n|\n|upkeep\n|\n|t:|1700783942\n|switch|p1a: Kingambit|Kingambit, M|100\/100\n|-activate|p1a: Kingambit|ability: Supreme Overlord\n|-start|p1a: Kingambit|fallen1|[silent]\n|turn|4\n|\n|t:|1700783949\n|-terastallize|p1a: Kingambit|Flying\n|move|p2a: Dragonite|Earthquake|p1a: Kingambit\n|-immune|p1a: Kingambit\n|move|p1a: Kingambit|Swords Dance|p1a: Kingambit\n|-boost|p1a: Kingambit|atk|2\n|\n|upkeep\n|turn|5\n|\n|t:|1700783958\n|-terastallize|p2a: Dragonite|Dragon\n|move|p1a: Kingambit|Sucker Punch|p2a: Dragonite\n|-damage|p2a: Dragonite|0 fnt\n|faint|p2a: Dragonite\n|\n|upkeep\n|\n|t:|1700783963\n|switch|p2a: Slowbro|Slowbro, M|100\/100\n|turn|6\n|\n|t:|1700783974\n|move|p1a: Kingambit|Kowtow Cleave|p2a: Slowbro\n|-supereffective|p2a: Slowbro\n|-crit|p2a: Slowbro\n|-damage|p2a: Slowbro|0 fnt\n|faint|p2a: Slowbro\n|\n|upkeep\n|\n|t:|1700783978\n|switch|p2a: Zapdos|Zapdos-Galar, shiny|100\/100\n|turn|7\n|\n|t:|1700783988\n|move|p2a: Zapdos|Thunderous Kick|p1a: Kingambit\n|-resisted|p1a: Kingambit\n|-damage|p1a: Kingambit|76\/100\n|-unboost|p1a: Kingambit|def|1\n|-damage|p2a: Zapdos|91\/100|[from] item: Life Orb\n|move|p1a: Kingambit|Iron Head|p2a: Zapdos\n|-damage|p2a: Zapdos|0 fnt\n|faint|p2a: Zapdos\n|\n|upkeep\n|\n|t:|1700784005\n|switch|p2a: Dusknoir|Dusknoir, F|100\/100\n|-ability|p2a: Dusknoir|Pressure\n|turn|8\n|\n|t:|1700784010\n|move|p1a: Kingambit|Kowtow Cleave|p2a: Dusknoir\n|-supereffective|p2a: Dusknoir\n|-damage|p2a: Dusknoir|0 fnt\n|faint|p2a: Dusknoir\n|\n|upkeep\n|\n|t:|1700784014\n|switch|p2a: Snorlax|Snorlax, M, shiny|100\/100\n|turn|9\n|c|\u2606RainWaiv|the kingambit experience\n|-message|Oldman3232 forfeited.\n|\n|win|RainWaiv\n|raw|RainWaiv's rating: 1079 &rarr; <strong>1116<\/strong><br \/>(+37 for winning)\n|raw|Oldman3232's rating: 1192 &rarr; <strong>1159<\/strong><br \/>(-33 for losing)\n|l|\u2606Oldman3232\n","uploadtime":1700784025,"views":4,"p1id":"rainwaiv","p2id":"oldman3232","formatid":"gen9ou","rating":1116,"private":0,"password":""}