{"id":"gen9ou-1988830114","p1":"g9r","p2":"Arkbuildr","format":"[Gen 9] OU","log":"|j|\u2606g9r\n|j|\u2606Arkbuildr\n|inactive|Battle timer is ON: inactive players will automatically lose when time's up.\n|t:|1699769679\n|gametype|singles\n|player|p1|g9r|lucas|\n|player|p2|Arkbuildr|argenta|\n|teamsize|p1|4\n|teamsize|p2|4\n|gen|9\n|tier|[Gen 9] OU\n|rated|Tournament battle\n|rule|Sleep Clause Mod: Limit one foe put to sleep\n|rule|Species Clause: Limit one of each Pok\u00e9mon\n|rule|OHKO Clause: OHKO moves are banned\n|rule|Evasion Items Clause: Evasion items are banned\n|rule|Evasion Moves Clause: Evasion moves are banned\n|rule|Endless Battle Clause: Forcing endless battles is banned\n|rule|HP Percentage Mod: HP is shown in percentages\n|clearpoke\n|poke|p1|Salamence, F|\n|poke|p1|Weezing-Galar, M|\n|poke|p1|Mienshao, F|\n|poke|p1|Pawmot, M|\n|poke|p2|Conkeldurr, F|\n|poke|p2|Kilowattrel, M|\n|poke|p2|Nosepass, M|\n|poke|p2|Milotic, F|\n|teampreview\n|j|*Lady Monita \u2746\n|c|\u2606Arkbuildr|glhf\n|j| Romsfun 2\n|c| Romsfun 2|he took my pawmot\n|\n|t:|1699769691\n|start\n|switch|p1a: Mienshao|Mienshao, F, shiny|100\/100\n|switch|p2a: Conkeldurr|Conkeldurr, F|100\/100\n|turn|1\n|\n|t:|1699769699\n|move|p2a: Conkeldurr|Protect|p2a: Conkeldurr\n|-singleturn|p2a: Conkeldurr|Protect\n|move|p1a: Mienshao|Knock Off|p2a: Conkeldurr\n|-activate|p2a: Conkeldurr|move: Protect\n|\n|-status|p2a: Conkeldurr|brn|[from] item: Flame Orb\n|upkeep\n|turn|2\n|c| Romsfun 2|wow\n|\n|t:|1699769709\n|move|p1a: Mienshao|U-turn|p2a: Conkeldurr\n|-resisted|p2a: Conkeldurr\n|-damage|p2a: Conkeldurr|87\/100 brn\n|-damage|p1a: Mienshao|91\/100|[from] item: Life Orb\n|c| Romsfun 2|nice play by arkbuildr\n|j| Im dumb srly\n|j| Esdeath725\n|\n|t:|1699769715\n|switch|p1a: Weezing|Weezing-Galar, M, shiny|100\/100|[from] U-turn\n|-fieldstart|move: Misty Terrain|[from] ability: Misty Surge|[of] p1a: Weezing\n|move|p2a: Conkeldurr|Close Combat|p1a: Weezing\n|-resisted|p1a: Weezing\n|-damage|p1a: Weezing|83\/100\n|-unboost|p2a: Conkeldurr|def|1\n|-unboost|p2a: Conkeldurr|spd|1\n|\n|-heal|p1a: Weezing|89\/100|[from] item: Leftovers\n|-damage|p2a: Conkeldurr|81\/100 brn|[from] brn\n|upkeep\n|turn|3\n|c| Romsfun 2|now he gonna try sweep?\n|c| Romsfun 2|i guess not\n|c|\u2606Arkbuildr|bro fr I was thinking about not attacking\n|c|\u2606Arkbuildr|I mena\n|c|\u2606Arkbuildr|attacking\n|c|\u2606Arkbuildr|not protecting\n|c|\u2606Arkbuildr|knock off was big brain\n|j| pogchimp970314\n|c| Romsfun 2|wow im surprised you did close combat\n|j| NaterPotaterrr1223\n|c| Romsfun 2|you dont use facade strat?\n|inactive|Arkbuildr has 120 seconds left.\n|c|\u2606Arkbuildr|prob should\n|j| xxgodzilla1.0\n|\n|t:|1699769759\n|switch|p2a: Milotic|Milotic, F|100\/100\n|move|p1a: Weezing|Strange Steam|p2a: Milotic\n|-damage|p2a: Milotic|83\/100\n|\n|-heal|p2a: Milotic|89\/100|[from] item: Leftovers\n|-heal|p1a: Weezing|95\/100|[from] item: Leftovers\n|upkeep\n|turn|4\n|c| Romsfun 2|yeah\n|c| Romsfun 2|agreed\n|c| Im dumb srly|Ain\u2019t that just my strategy\n|\n|t:|1699769769\n|move|p1a: Weezing|Protect|p1a: Weezing\n|-singleturn|p1a: Weezing|Protect\n|move|p2a: Milotic|Coil|p2a: Milotic\n|-boost|p2a: Milotic|atk|1\n|-boost|p2a: Milotic|def|1\n|-boost|p2a: Milotic|accuracy|1\n|\n|-heal|p2a: Milotic|95\/100|[from] item: Leftovers\n|-heal|p1a: Weezing|100\/100|[from] item: Leftovers\n|upkeep\n|turn|5\n|c| Romsfun 2|no\n|inactive|Arkbuildr has 120 seconds left.\n|\n|t:|1699769776\n|move|p2a: Milotic|Scald|p1a: Weezing\n|-damage|p1a: Weezing|68\/100\n|move|p1a: Weezing|Clear Smog|p2a: Milotic\n|-damage|p2a: Milotic|85\/100\n|-clearboost|p2a: Milotic\n|\n|-heal|p2a: Milotic|91\/100|[from] item: Leftovers\n|-heal|p1a: Weezing|74\/100|[from] item: Leftovers\n|upkeep\n|turn|6\n|c| Romsfun 2|its on randoms\n|inactive|Arkbuildr has 120 seconds left.\n|\n|t:|1699769786\n|move|p1a: Weezing|Protect|p1a: Weezing\n|-singleturn|p1a: Weezing|Protect\n|move|p2a: Milotic|Coil|p2a: Milotic\n|-boost|p2a: Milotic|atk|1\n|-boost|p2a: Milotic|def|1\n|-boost|p2a: Milotic|accuracy|1\n|\n|-heal|p2a: Milotic|97\/100|[from] item: Leftovers\n|-heal|p1a: Weezing|80\/100|[from] item: Leftovers\n|-fieldend|Misty Terrain\n|upkeep\n|turn|7\n|c| Romsfun 2|ohh clear smog\n|c| pogchimp970314|this games gonna take a while\n|\n|t:|1699769790\n|move|p2a: Milotic|Scald|p1a: Weezing\n|-damage|p1a: Weezing|43\/100\n|move|p1a: Weezing|Toxic|p2a: Milotic\n|-status|p2a: Milotic|tox\n|\n|-heal|p2a: Milotic|100\/100 tox|[from] item: Leftovers\n|-heal|p1a: Weezing|49\/100|[from] item: Leftovers\n|-damage|p2a: Milotic|94\/100 tox|[from] psn\n|upkeep\n|turn|8\n|c| Romsfun 2|yeah seems like it\n|c| pogchimp970314|revival blessing\n|c| Romsfun 2|what\n|c| pogchimp970314|and regenerator\n|c| Romsfun 2|coil scald?\n|\n|t:|1699769806\n|move|p1a: Weezing|Protect|p1a: Weezing\n|-singleturn|p1a: Weezing|Protect\n|move|p2a: Milotic|Coil|p2a: Milotic\n|-boost|p2a: Milotic|atk|1\n|-boost|p2a: Milotic|def|1\n|-boost|p2a: Milotic|accuracy|1\n|\n|-heal|p2a: Milotic|100\/100 tox|[from] item: Leftovers\n|-heal|p1a: Weezing|55\/100|[from] item: Leftovers\n|-damage|p2a: Milotic|88\/100 tox|[from] psn\n|upkeep\n|turn|9\n|c| Romsfun 2|not coil aqua tail?\n|c| pogchimp970314|stop protecting ur just hurting urself\n|\n|t:|1699769818\n|move|p2a: Milotic|Scald|p1a: Weezing\n|-damage|p1a: Weezing|24\/100\n|move|p1a: Weezing|Clear Smog|p2a: Milotic\n|-damage|p2a: Milotic|78\/100 tox\n|-clearboost|p2a: Milotic\n|\n|-heal|p2a: Milotic|84\/100 tox|[from] item: Leftovers\n|-heal|p1a: Weezing|30\/100|[from] item: Leftovers\n|-damage|p2a: Milotic|66\/100 tox|[from] psn\n|upkeep\n|turn|10\n|c| Romsfun 2|arkbuildr\n|c| Romsfun 2|whattt\n|\n|t:|1699769831\n|switch|p1a: Mienshao|Mienshao, F, shiny|100\/100\n|move|p2a: Milotic|Recover|p2a: Milotic\n|-heal|p2a: Milotic|100\/100 tox\n|\n|-damage|p2a: Milotic|76\/100 tox|[from] psn\n|upkeep\n|turn|11\n|c| xxgodzilla1.0|pogchimp u cant help\n|c| pogchimp970314|ru aware that coil boosts attack\n|c| Romsfun 2|are you doing with movesets\n|c|\u2606Arkbuildr|so\n|c|\u2606Arkbuildr|random battles right\n|c| pogchimp970314|and that scald is special\n|c| Romsfun 2|YEAHh\n|c|\u2606Arkbuildr|you have to account for all mons\n|c|\u2606Arkbuildr|all strats\n|c|\u2606Arkbuildr|I choose the middle path\n|c| Romsfun 2|with randoms magearna has shift gear\n|c| Romsfun 2|which is stupid\n|inactive|Arkbuildr has 120 seconds left.\n|c| Romsfun 2|because it has no physical move\n|c| Im dumb srly|But the speed\n|c| Romsfun 2|I GET ANGRYYYYYYYYYY\n|\n|t:|1699769870\n|switch|p2a: Kilowattrel|Kilowattrel, M|100\/100\n|move|p1a: Mienshao|Fake Out|p2a: Kilowattrel\n|-damage|p2a: Kilowattrel|68\/100\n|-damage|p1a: Mienshao|91\/100|[from] item: Life Orb\n|\n|upkeep\n|turn|12\n|c| pogchimp970314|its for speed\n|c| Romsfun 2|i dont care\n|inactive|Arkbuildr has 120 seconds left.\n|c| pogchimp970314|it doesnt have agility\n|c| Romsfun 2|there should be a speed boosting move\n|\n|t:|1699769888\n|move|p2a: Kilowattrel|Charge Beam|p1a: Mienshao\n|-damage|p1a: Mienshao|46\/100\n|-boost|p2a: Kilowattrel|spa|1\n|move|p1a: Mienshao|Knock Off|p2a: Kilowattrel\n|-damage|p2a: Kilowattrel|0 fnt\n|-enditem|p2a: Kilowattrel|Focus Sash|[from] move: Knock Off|[of] p1a: Mienshao\n|faint|p2a: Kilowattrel\n|-damage|p1a: Mienshao|36\/100|[from] item: Life Orb\n|\n|upkeep\n|c| Romsfun 2|that also adds to SP ATTACK\n|\n|t:|1699769896\n|switch|p2a: Conkeldurr|Conkeldurr, F|81\/100 brn\n|turn|13\n|\n|t:|1699769909\n|move|p1a: Mienshao|U-turn|p2a: Conkeldurr\n|-resisted|p2a: Conkeldurr\n|-damage|p2a: Conkeldurr|67\/100 brn\n|-damage|p1a: Mienshao|26\/100|[from] item: Life Orb\n|c| Romsfun 2|WHO CARES ABOUT STUPID SPEED\n|c| pogchimp970314|quiver\n|c| Romsfun 2|true\n|\n|t:|1699769915\n|switch|p1a: Pawmot|Pawmot, M, shiny|100\/100|[from] U-turn\n|move|p2a: Conkeldurr|Earthquake|p1a: Pawmot\n|-supereffective|p1a: Pawmot\n|-enditem|p1a: Pawmot|Focus Sash\n|-damage|p1a: Pawmot|1\/100\n|\n|-damage|p2a: Conkeldurr|61\/100 brn|[from] brn\n|upkeep\n|turn|14\n|c| Romsfun 2|i forgot about quiver dance\n|\n|t:|1699769924\n|move|p2a: Conkeldurr|Mach Punch|p1a: Pawmot\n|-damage|p1a: Pawmot|0 fnt\n|faint|p1a: Pawmot\n|\n|-damage|p2a: Conkeldurr|55\/100 brn|[from] brn\n|upkeep\n|c| Romsfun 2|BUT THAT FOR BUG\n|\n|t:|1699769932\n|switch|p1a: Salamence|Salamence, F, shiny|100\/100\n|-ability|p1a: Salamence|Intimidate|boost\n|-unboost|p2a: Conkeldurr|atk|1\n|turn|15\n|c| Romsfun 2|SORRY I HAVE CAPs lock on\n|c| Romsfun 2|i keep on putting it on\n|c| Im dumb srly|Most of g9r\u2019s team is atk so I makes sense for coil to be used\n|c| Romsfun 2|yeah\n|c| Romsfun 2|imma leave\n|\n|t:|1699769956\n|switch|p2a: Nosepass|Nosepass, M|100\/100\n|move|p1a: Salamence|Dragon Claw|p2a: Nosepass\n|-damage|p2a: Nosepass|66\/100\n|-damage|p1a: Salamence|91\/100|[from] item: Life Orb\n|\n|upkeep\n|turn|16\n|\n|t:|1699769976\n|move|p1a: Salamence|Iron Head|p2a: Nosepass\n|-supereffective|p2a: Nosepass\n|-damage|p2a: Nosepass|23\/100\n|-damage|p1a: Salamence|81\/100|[from] item: Life Orb\n|cant|p2a: Nosepass|flinch\n|\n|upkeep\n|turn|17\n|c|\u2606Arkbuildr|oof\n|c|\u2606Arkbuildr|gg\n|\n|t:|1699769990\n|move|p1a: Salamence|Iron Head|p2a: Nosepass\n|-supereffective|p2a: Nosepass\n|-damage|p2a: Nosepass|0 fnt\n|faint|p2a: Nosepass\n|-damage|p1a: Salamence|71\/100|[from] item: Life Orb\n|\n|upkeep\n|\n|t:|1699769993\n|switch|p2a: Milotic|Milotic, F|76\/100 tox\n|turn|18\n|\n|t:|1699770003\n|switch|p1a: Mienshao|Mienshao, F, shiny|59\/100\n|move|p2a: Milotic|Ice Beam|p1a: Mienshao\n|-damage|p1a: Mienshao|22\/100\n|-status|p1a: Mienshao|frz\n|\n|-heal|p2a: Milotic|82\/100 tox|[from] item: Leftovers\n|-damage|p2a: Milotic|76\/100 tox|[from] psn\n|upkeep\n|turn|19\n|c| Im dumb srly|Wowwww\n|\n|t:|1699770013\n|cant|p1a: Mienshao|frz\n|move|p2a: Milotic|Scald|p1a: Mienshao\n|-damage|p1a: Mienshao|0 fnt\n|faint|p1a: Mienshao\n|\n|-heal|p2a: Milotic|82\/100 tox|[from] item: Leftovers\n|-damage|p2a: Milotic|70\/100 tox|[from] psn\n|upkeep\n|c|\u2606Arkbuildr|lmao\n|c|\u2606Arkbuildr|skill check\n|\n|t:|1699770027\n|switch|p1a: Weezing|Weezing-Galar, M, shiny|30\/100\n|-fieldstart|move: Misty Terrain|[from] ability: Misty Surge|[of] p1a: Weezing\n|turn|20\n|c|\u2606Arkbuildr|\"\/s\"\n|c| Esdeath725|Lol\n|c| Romsfun 2|back\n|\n|t:|1699770048\n|move|p2a: Milotic|Recover|p2a: Milotic\n|-heal|p2a: Milotic|100\/100 tox\n|move|p1a: Weezing|Clear Smog|p2a: Milotic\n|-damage|p2a: Milotic|91\/100 tox\n|-clearboost|p2a: Milotic\n|\n|-heal|p2a: Milotic|97\/100 tox|[from] item: Leftovers\n|-heal|p1a: Weezing|36\/100|[from] item: Leftovers\n|-damage|p2a: Milotic|79\/100 tox|[from] psn\n|upkeep\n|turn|21\n|\n|t:|1699770055\n|switch|p2a: Conkeldurr|Conkeldurr, F|55\/100 brn\n|move|p1a: Weezing|Protect||[still]\n|-fail|p1a: Weezing\n|\n|-heal|p1a: Weezing|42\/100|[from] item: Leftovers\n|-damage|p2a: Conkeldurr|49\/100 brn|[from] brn\n|upkeep\n|turn|22\n|c|\u2606Arkbuildr|b r u h\n|c| pogchimp970314|u could stall that with regen\n|\n|t:|1699770069\n|-terastallize|p2a: Conkeldurr|Fighting\n|move|p1a: Weezing|Strange Steam|p2a: Conkeldurr\n|-supereffective|p2a: Conkeldurr\n|-damage|p2a: Conkeldurr|0 fnt\n|faint|p2a: Conkeldurr\n|\n|-heal|p1a: Weezing|48\/100|[from] item: Leftovers\n|upkeep\n|c| Romsfun 2|yeah true\n|c| Romsfun 2|hmmm\n|c|\u2606Arkbuildr|b  r  u  h\n|c| NaterPotaterrr1223|chimp u cant help shhh\n|\n|t:|1699770079\n|switch|p2a: Milotic|Milotic, F|79\/100 tox\n|turn|23\n|\n|t:|1699770082\n|move|p1a: Weezing|Protect|p1a: Weezing\n|-singleturn|p1a: Weezing|Protect\n|move|p2a: Milotic|Scald|p1a: Weezing\n|-activate|p1a: Weezing|move: Protect\n|\n|-heal|p2a: Milotic|85\/100 tox|[from] item: Leftovers\n|-heal|p1a: Weezing|54\/100|[from] item: Leftovers\n|-damage|p2a: Milotic|79\/100 tox|[from] psn\n|upkeep\n|turn|24\n|c| Romsfun 2|i think g9r wins\n|c| Romsfun 2|easy\n|\n|t:|1699770087\n|move|p2a: Milotic|Scald|p1a: Weezing\n|-damage|p1a: Weezing|19\/100\n|move|p1a: Weezing|Strange Steam|p2a: Milotic\n|-damage|p2a: Milotic|59\/100 tox\n|\n|-heal|p2a: Milotic|65\/100 tox|[from] item: Leftovers\n|-heal|p1a: Weezing|25\/100|[from] item: Leftovers\n|-damage|p2a: Milotic|53\/100 tox|[from] psn\n|-fieldend|Misty Terrain\n|upkeep\n|turn|25\n|c| Romsfun 2|sorry arkbuildr\n|\n|t:|1699770091\n|move|p1a: Weezing|Protect|p1a: Weezing\n|-singleturn|p1a: Weezing|Protect\n|move|p2a: Milotic|Scald|p1a: Weezing\n|-activate|p1a: Weezing|move: Protect\n|\n|-heal|p2a: Milotic|59\/100 tox|[from] item: Leftovers\n|-heal|p1a: Weezing|31\/100|[from] item: Leftovers\n|-damage|p2a: Milotic|41\/100 tox|[from] psn\n|upkeep\n|turn|26\n|c|\u2606Arkbuildr|its k\n|\n|t:|1699770096\n|move|p1a: Weezing|Protect||[still]\n|-fail|p1a: Weezing\n|move|p2a: Milotic|Scald|p1a: Weezing\n|-damage|p1a: Weezing|0 fnt\n|faint|p1a: Weezing\n|\n|-heal|p2a: Milotic|47\/100 tox|[from] item: Leftovers\n|-damage|p2a: Milotic|22\/100 tox|[from] psn\n|upkeep\n|c|\u2606Arkbuildr|gg\n|\n|t:|1699770098\n|switch|p1a: Salamence|Salamence, F, shiny|71\/100\n|-ability|p1a: Salamence|Intimidate|boost\n|-unboost|p2a: Milotic|atk|1\n|-ability|p2a: Milotic|Competitive|boost\n|-boost|p2a: Milotic|spa|2\n|turn|27\n|\n|t:|1699770102\n|-terastallize|p1a: Salamence|Steel\n|move|p1a: Salamence|Crunch|p2a: Milotic\n|-damage|p2a: Milotic|0 fnt\n|faint|p2a: Milotic\n|-damage|p1a: Salamence|61\/100|[from] item: Life Orb\n|\n|win|g9r\n|n|\u2606g9r|g9r\n|n|\u2606Arkbuildr|arkbuildr\n|n|*Lady Monita \u2746|ladymonita\n|n| Romsfun 2|romsfun2\n|n| Im dumb srly|imdumbsrly\n|n| Esdeath725|esdeath725\n|n| pogchimp970314|pogchimp970314\n|n| NaterPotaterrr1223|naterpotaterrr1223\n|n| xxgodzilla1.0|xxgodzilla10\n","uploadtime":1699770103,"views":12,"p1id":"g9r","p2id":"arkbuildr","formatid":"gen9ou","rating":0,"private":0,"password":""}