{"id":"gen9ou-2000159030","p1":"4Albion","p2":"15fpsguy","format":"[Gen 9] OU","log":"|j|\u26064Albion\n|j|\u260615fpsguy\n|t:|1701164950\n|gametype|singles\n|player|p1|4Albion|266|1190\n|player|p2|15fpsguy|101|1290\n|teamsize|p1|6\n|teamsize|p2|6\n|gen|9\n|tier|[Gen 9] OU\n|rated|\n|rule|Sleep Clause Mod: Limit one foe put to sleep\n|rule|Species Clause: Limit one of each Pok\u00e9mon\n|rule|OHKO Clause: OHKO moves are banned\n|rule|Evasion Items Clause: Evasion items are banned\n|rule|Evasion Moves Clause: Evasion moves are banned\n|rule|Endless Battle Clause: Forcing endless battles is banned\n|rule|HP Percentage Mod: HP is shown in percentages\n|clearpoke\n|poke|p1|Dragonite, F|\n|poke|p1|Great Tusk|\n|poke|p1|Slowking, M|\n|poke|p1|Pawmot, F|\n|poke|p1|Thundurus-Therian, M|\n|poke|p1|Garganacl, F|\n|poke|p2|Moltres|\n|poke|p2|Clodsire, F|\n|poke|p2|Hawlucha, M|\n|poke|p2|Rillaboom, F|\n|poke|p2|Cyclizar, F|\n|poke|p2|Iron Moth|\n|teampreview\n|\n|t:|1701164972\n|start\n|switch|p1a: Pawmot|Pawmot, F|100\/100\n|switch|p2a: Rillaboom|Rillaboom, F|100\/100\n|-fieldstart|move: Grassy Terrain|[from] ability: Grassy Surge|[of] p2a: Rillaboom\n|turn|1\n|\n|t:|1701164980\n|move|p2a: Rillaboom|Grassy Glide|p1a: Pawmot\n|-damage|p1a: Pawmot|8\/100\n|move|p1a: Pawmot|Ice Punch|p2a: Rillaboom\n|-supereffective|p2a: Rillaboom\n|-damage|p2a: Rillaboom|30\/100\n|-damage|p1a: Pawmot|0 fnt|[from] item: Life Orb\n|faint|p1a: Pawmot\n|\n|-heal|p2a: Rillaboom|37\/100|[from] Grassy Terrain\n|upkeep\n|\n|t:|1701165011\n|switch|p1a: Dragonite|Dragonite, F|100\/100\n|turn|2\n|\n|t:|1701165014\n|switch|p2a: fried|Moltres|100\/100\n|move|p1a: Dragonite|Dragon Dance|p1a: Dragonite\n|-boost|p1a: Dragonite|atk|1\n|-boost|p1a: Dragonite|spe|1\n|\n|upkeep\n|turn|3\n|\n|t:|1701165021\n|move|p1a: Dragonite|Dragon Dance|p1a: Dragonite\n|-boost|p1a: Dragonite|atk|1\n|-boost|p1a: Dragonite|spe|1\n|move|p2a: fried|Will-O-Wisp|p1a: Dragonite\n|-status|p1a: Dragonite|brn\n|\n|-damage|p1a: Dragonite|94\/100 brn|[from] brn\n|upkeep\n|turn|4\n|\n|t:|1701165028\n|move|p1a: Dragonite|Dragon Dance|p1a: Dragonite\n|-boost|p1a: Dragonite|atk|1\n|-boost|p1a: Dragonite|spe|1\n|move|p2a: fried|U-turn|p1a: Dragonite\n|-resisted|p1a: Dragonite\n|-crit|p1a: Dragonite\n|-damage|p1a: Dragonite|83\/100 brn\n|\n|t:|1701165051\n|switch|p2a: Hawlucha|Hawlucha, M|100\/100|[from] U-turn\n|-enditem|p2a: Hawlucha|Grassy Seed\n|-boost|p2a: Hawlucha|def|1|[from] item: Grassy Seed\n|\n|-damage|p1a: Dragonite|77\/100 brn|[from] brn\n|upkeep\n|turn|5\n|\n|t:|1701165060\n|move|p1a: Dragonite|Extreme Speed|p2a: Hawlucha\n|-damage|p2a: Hawlucha|70\/100\n|move|p2a: Hawlucha|Swords Dance|p2a: Hawlucha\n|-boost|p2a: Hawlucha|atk|2\n|\n|-damage|p1a: Dragonite|71\/100 brn|[from] brn\n|-fieldend|move: Grassy Terrain\n|upkeep\n|turn|6\n|\n|t:|1701165068\n|move|p1a: Dragonite|Extreme Speed|p2a: Hawlucha\n|-damage|p2a: Hawlucha|38\/100\n|move|p2a: Hawlucha|Acrobatics|p1a: Dragonite\n|-damage|p1a: Dragonite|0 fnt\n|faint|p1a: Dragonite\n|\n|upkeep\n|\n|t:|1701165076\n|switch|p1a: Thundurus|Thundurus-Therian, M|100\/100\n|turn|7\n|\n|t:|1701165083\n|-terastallize|p2a: Hawlucha|Fire\n|move|p2a: Hawlucha|Tera Blast|p1a: Thundurus|[anim] Tera Blast Fire\n|-damage|p1a: Thundurus|0 fnt\n|faint|p1a: Thundurus\n|\n|upkeep\n|\n|t:|1701165092\n|switch|p1a: Garganacl|Garganacl, F|100\/100\n|turn|8\n|\n|t:|1701165096\n|move|p2a: Hawlucha|Close Combat|p1a: Garganacl\n|-supereffective|p1a: Garganacl\n|-damage|p1a: Garganacl|0 fnt\n|-unboost|p2a: Hawlucha|def|1\n|-unboost|p2a: Hawlucha|spd|1\n|faint|p1a: Garganacl\n|\n|upkeep\n|\n|t:|1701165108\n|switch|p1a: Slowking|Slowking, M|100\/100\n|turn|9\n|\n|t:|1701165111\n|move|p2a: Hawlucha|Acrobatics|p1a: Slowking\n|-damage|p1a: Slowking|0 fnt\n|faint|p1a: Slowking\n|\n|upkeep\n|-message|4Albion forfeited.\n|\n|win|15fpsguy\n|raw|4Albion's rating: 1190 &rarr; <strong>1172<\/strong><br \/>(-18 for losing)\n|raw|15fpsguy's rating: 1290 &rarr; <strong>1308<\/strong><br \/>(+18 for winning)\n|l|\u26064Albion\n","uploadtime":1701165131,"views":6,"p1id":"4albion","p2id":"15fpsguy","formatid":"gen9ou","rating":1172,"private":0,"password":""}