{"id":"gen9ou-1997398333","p1":"Rando_guy123","p2":"sucker for oli","format":"[Gen 9] OU","log":"|j|\u2606Rando_guy123\n|j|\u2606sucker for oli\n|t:|1700799050\n|gametype|singles\n|player|p1|Rando_guy123|2|1391\n|player|p2|sucker for oli|jupiter|1455\n|teamsize|p1|6\n|teamsize|p2|6\n|gen|9\n|tier|[Gen 9] OU\n|rated|\n|rule|Sleep Clause Mod: Limit one foe put to sleep\n|rule|Species Clause: Limit one of each Pok\u00e9mon\n|rule|OHKO Clause: OHKO moves are banned\n|rule|Evasion Items Clause: Evasion items are banned\n|rule|Evasion Moves Clause: Evasion moves are banned\n|rule|Endless Battle Clause: Forcing endless battles is banned\n|rule|HP Percentage Mod: HP is shown in percentages\n|clearpoke\n|poke|p1|Samurott-Hisui, F|\n|poke|p1|Iron Valiant|\n|poke|p1|Thundurus-Therian, M|\n|poke|p1|Dragapult, F|\n|poke|p1|Great Tusk|\n|poke|p1|Gholdengo|\n|poke|p2|Torkoal, F|\n|poke|p2|Leafeon, F|\n|poke|p2|Walking Wake|\n|poke|p2|Hatterene, F|\n|poke|p2|Zapdos|\n|poke|p2|Iron Valiant|\n|teampreview\n|\n|t:|1700799083\n|start\n|switch|p1a: Thundurus|Thundurus-Therian, M, shiny|100\/100\n|switch|p2a: Zapdos|Zapdos|100\/100\n|turn|1\n|j| SS007\n|\n|t:|1700799095\n|move|p1a: Thundurus|Volt Switch|p2a: Zapdos\n|-damage|p2a: Zapdos|59\/100\n|\n|t:|1700799105\n|switch|p1a: Dragapult|Dragapult, F|100\/100|[from] Volt Switch\n|move|p2a: Zapdos|Heat Wave|p1a: Dragapult\n|-resisted|p1a: Dragapult\n|-damage|p1a: Dragapult|82\/100\n|\n|upkeep\n|turn|2\n|\n|t:|1700799116\n|move|p1a: Dragapult|U-turn|p2a: Zapdos\n|-resisted|p2a: Zapdos\n|-damage|p2a: Zapdos|44\/100\n|inactive|Battle timer is ON: inactive players will automatically lose when time's up. (requested by sucker for oli)\n|\n|t:|1700799121\n|switch|p1a: Gholdengo|Gholdengo, shiny|100\/100|[from] U-turn\n|move|p2a: Zapdos|Volt Switch|p1a: Gholdengo\n|-damage|p1a: Gholdengo|67\/100\n|\n|t:|1700799129\n|switch|p2a: Walking Wake|Walking Wake|100\/100|[from] Volt Switch\n|\n|upkeep\n|turn|3\n|\n|t:|1700799136\n|switch|p1a: Samurott|Samurott-Hisui, F, shiny|100\/100\n|move|p2a: Walking Wake|Draco Meteor|p1a: Samurott\n|-damage|p1a: Samurott|0 fnt\n|-unboost|p2a: Walking Wake|spa|2\n|faint|p1a: Samurott\n|\n|upkeep\n|\n|t:|1700799148\n|switch|p1a: Dragapult|Dragapult, F|82\/100\n|turn|4\n|\n|t:|1700799163\n|-end|p2a: Walking Wake|Protosynthesis|[silent]\n|switch|p2a: Zapdos|Zapdos|44\/100\n|move|p1a: Dragapult|U-turn|p2a: Zapdos\n|-resisted|p2a: Zapdos\n|-damage|p2a: Zapdos|28\/100\n|\n|t:|1700799170\n|switch|p1a: Thundurus|Thundurus-Therian, M, shiny|100\/100|[from] U-turn\n|\n|upkeep\n|turn|5\n|\n|t:|1700799175\n|move|p1a: Thundurus|Volt Switch|p2a: Zapdos\n|-damage|p2a: Zapdos|0 fnt\n|faint|p2a: Zapdos\n|\n|t:|1700799180\n|switch|p1a: Great Tusk|Great Tusk, shiny|100\/100|[from] Volt Switch\n|\n|upkeep\n|\n|t:|1700799184\n|switch|p2a: Walking Wake|Walking Wake|100\/100\n|turn|6\n|\n|t:|1700799190\n|-end|p1a: Great Tusk|Protosynthesis|[silent]\n|switch|p1a: Dragapult|Dragapult, F|82\/100\n|move|p2a: Walking Wake|Hydro Steam|p1a: Dragapult\n|-resisted|p1a: Dragapult\n|-damage|p1a: Dragapult|41\/100\n|\n|upkeep\n|turn|7\n|\n|t:|1700799204\n|-end|p2a: Walking Wake|Protosynthesis|[silent]\n|switch|p2a: Torkoal|Torkoal, F|100\/100\n|-weather|SunnyDay|[from] ability: Drought|[of] p2a: Torkoal\n|move|p1a: Dragapult|U-turn|p2a: Torkoal\n|-resisted|p2a: Torkoal\n|-damage|p2a: Torkoal|91\/100\n|\n|t:|1700799217\n|switch|p1a: Great Tusk|Great Tusk, shiny|100\/100|[from] U-turn\n|-activate|p1a: Great Tusk|ability: Protosynthesis\n|-start|p1a: Great Tusk|protosynthesisdef\n|\n|-weather|SunnyDay|[upkeep]\n|upkeep\n|turn|8\n|\n|t:|1700799230\n|switch|p2a: Leafeon|Leafeon, F|100\/100\n|move|p1a: Great Tusk|Stealth Rock|p2a: Leafeon\n|-sidestart|p2: sucker for oli|move: Stealth Rock\n|\n|-weather|SunnyDay|[upkeep]\n|upkeep\n|turn|9\n|\n|t:|1700799241\n|move|p2a: Leafeon|Solar Blade||[still]\n|-prepare|p2a: Leafeon|Solar Blade\n|-anim|p2a: Leafeon|Solar Blade|p1a: Great Tusk\n|-supereffective|p1a: Great Tusk\n|-damage|p1a: Great Tusk|39\/100\n|-damage|p2a: Leafeon|91\/100|[from] item: Life Orb\n|move|p1a: Great Tusk|Ice Spinner|p2a: Leafeon\n|-supereffective|p2a: Leafeon\n|-damage|p2a: Leafeon|45\/100\n|\n|-weather|SunnyDay|[upkeep]\n|-heal|p1a: Great Tusk|45\/100|[from] item: Leftovers\n|upkeep\n|turn|10\n|\n|t:|1700799255\n|-end|p1a: Great Tusk|Protosynthesis|[silent]\n|switch|p1a: Thundurus|Thundurus-Therian, M, shiny|100\/100\n|move|p2a: Leafeon|Solar Blade||[still]\n|-prepare|p2a: Leafeon|Solar Blade\n|-anim|p2a: Leafeon|Solar Blade|p1a: Thundurus\n|-resisted|p1a: Thundurus\n|-damage|p1a: Thundurus|38\/100\n|-damage|p2a: Leafeon|35\/100|[from] item: Life Orb\n|\n|-weather|SunnyDay|[upkeep]\n|upkeep\n|turn|11\n|\n|t:|1700799278\n|-terastallize|p1a: Thundurus|Flying\n|move|p2a: Leafeon|Knock Off|p1a: Thundurus\n|-damage|p1a: Thundurus|0 fnt\n|-enditem|p1a: Thundurus|Heavy-Duty Boots|[from] move: Knock Off|[of] p2a: Leafeon\n|faint|p1a: Thundurus\n|-damage|p2a: Leafeon|25\/100|[from] item: Life Orb\n|\n|-weather|SunnyDay|[upkeep]\n|upkeep\n|inactive|Rando_guy123 has 120 seconds left.\n|\n|t:|1700799295\n|switch|p1a: Iron Valiant|Iron Valiant|100\/100\n|-enditem|p1a: Iron Valiant|Booster Energy\n|-activate|p1a: Iron Valiant|ability: Quark Drive|[fromitem]\n|-start|p1a: Iron Valiant|quarkdrivespe\n|turn|12\n|inactive|Rando_guy123 has 120 seconds left.\n|\n|t:|1700799311\n|move|p2a: Leafeon|Solar Blade||[still]\n|-prepare|p2a: Leafeon|Solar Blade\n|-anim|p2a: Leafeon|Solar Blade|p1a: Iron Valiant\n|-damage|p1a: Iron Valiant|0 fnt\n|faint|p1a: Iron Valiant\n|-end|p1a: Iron Valiant|Quark Drive|[silent]\n|-damage|p2a: Leafeon|15\/100|[from] item: Life Orb\n|\n|-weather|SunnyDay|[upkeep]\n|upkeep\n|\n|t:|1700799323\n|switch|p1a: Gholdengo|Gholdengo, shiny|67\/100\n|turn|13\n|\n|t:|1700799327\n|move|p2a: Leafeon|Knock Off|p1a: Gholdengo\n|-supereffective|p1a: Gholdengo\n|-damage|p1a: Gholdengo|0 fnt\n|-enditem|p1a: Gholdengo|Salac Berry|[from] move: Knock Off|[of] p2a: Leafeon\n|faint|p1a: Gholdengo\n|-damage|p2a: Leafeon|5\/100|[from] item: Life Orb\n|\n|-weather|SunnyDay|[upkeep]\n|upkeep\n|-message|Rando_guy123 forfeited.\n|\n|win|sucker for oli\n|raw|Rando_guy123's rating: 1391 &rarr; <strong>1375<\/strong><br \/>(-16 for losing)\n|raw|sucker for oli's rating: 1455 &rarr; <strong>1471<\/strong><br \/>(+16 for winning)\n|l|\u2606Rando_guy123\n|l| SS007\n","uploadtime":1700799337,"views":9,"p1id":"randoguy123","p2id":"suckerforoli","formatid":"gen9ou","rating":1375,"private":0,"password":""}