{"id":"gen9ou-1990479077","p1":"ASNUFSANGU","p2":"jawshp","format":"[Gen 9] OU","log":"|j|\u2606ASNUFSANGU\n|j|\u2606jawshp\n|inactive|Battle timer is ON: inactive players will automatically lose when time's up.\n|t:|1699974736\n|gametype|singles\n|player|p1|ASNUFSANGU|backpacker|\n|player|p2|jawshp|1|\n|teamsize|p1|6\n|teamsize|p2|6\n|gen|9\n|tier|[Gen 9] OU\n|rated|Tournament battle\n|rule|Sleep Clause Mod: Limit one foe put to sleep\n|rule|Species Clause: Limit one of each Pok\u00e9mon\n|rule|OHKO Clause: OHKO moves are banned\n|rule|Evasion Items Clause: Evasion items are banned\n|rule|Evasion Moves Clause: Evasion moves are banned\n|rule|Endless Battle Clause: Forcing endless battles is banned\n|rule|HP Percentage Mod: HP is shown in percentages\n|clearpoke\n|poke|p1|Landorus-Therian, M|\n|poke|p1|Hoopa-Unbound|\n|poke|p1|Ambipom, M|\n|poke|p1|Kingambit, M|\n|poke|p1|Dragonite, M|\n|poke|p1|Iron Hands|\n|poke|p2|Rotom-Heat|\n|poke|p2|Kingambit, M|\n|poke|p2|Cloyster, F|\n|poke|p2|Great Tusk|\n|poke|p2|Hatterene, F|\n|poke|p2|Iron Moth|\n|teampreview\n|j| thereturnofballin\n|inactive|jawshp also wants the timer to be on.\n|c| thereturnofballin|halo\n|\n|t:|1699974742\n|start\n|switch|p1a: Discount Machamp|Ambipom, M|100\/100\n|switch|p2a: Rotom|Rotom-Heat|100\/100\n|turn|1\n|c|\u2606ASNUFSANGU|hello\n|\n|t:|1699974752\n|-terastallize|p1a: Discount Machamp|Dark\n|move|p2a: Rotom|Trick|p1a: Discount Machamp\n|-activate|p2a: Rotom|move: Trick|[of] p1a: Discount Machamp\n|-item|p1a: Discount Machamp|Choice Scarf|[from] move: Trick\n|-item|p2a: Rotom|Choice Band|[from] move: Trick\n|move|p1a: Discount Machamp|Beat Up|p2a: Rotom\n|-damage|p2a: Rotom|86\/100\n|-damage|p2a: Rotom|67\/100\n|-damage|p2a: Rotom|50\/100\n|-crit|p2a: Rotom\n|-damage|p2a: Rotom|26\/100\n|-crit|p2a: Rotom\n|-damage|p2a: Rotom|3\/100\n|-damage|p2a: Rotom|0 fnt\n|faint|p2a: Rotom\n|-hitcount|p2: Rotom|6\n|\n|upkeep\n|\n|t:|1699974775\n|switch|p2a: Hatterene|Hatterene, F|100\/100\n|turn|2\n|\n|t:|1699974778\n|move|p1a: Discount Machamp|Beat Up|p2a: Hatterene\n|-damage|p2a: Hatterene|88\/100\n|-damage|p2a: Hatterene|72\/100\n|-damage|p2a: Hatterene|58\/100\n|-damage|p2a: Hatterene|45\/100\n|-damage|p2a: Hatterene|32\/100\n|-damage|p2a: Hatterene|18\/100\n|-hitcount|p2a: Hatterene|6\n|move|p2a: Hatterene|Trick Room|p2a: Hatterene\n|-fieldstart|move: Trick Room|[of] p2a: Hatterene\n|\n|upkeep\n|turn|3\n|\n|t:|1699974799\n|switch|p1a: Lion King|Landorus-Therian, M|100\/100\n|-ability|p1a: Lion King|Intimidate|boost\n|-unboost|p2a: Hatterene|atk|1\n|move|p2a: Hatterene|Dazzling Gleam|p1a: Lion King\n|-damage|p1a: Lion King|33\/100\n|-damage|p2a: Hatterene|9\/100|[from] item: Life Orb\n|\n|-heal|p1a: Lion King|39\/100|[from] item: Leftovers\n|upkeep\n|turn|4\n|c|\u2606ASNUFSANGU|ow\n|c| thereturnofballin|troom in ou is funny\n|inactive|ASNUFSANGU has 120 seconds left.\n|\n|t:|1699974823\n|switch|p1a: Ulysess|Kingambit, M|100\/100\n|move|p2a: Hatterene|Dazzling Gleam|p1a: Ulysess\n|-damage|p1a: Ulysess|43\/100\n|-damage|p2a: Hatterene|0 fnt|[from] item: Life Orb\n|faint|p2a: Hatterene\n|\n|-heal|p1a: Ulysess|49\/100|[from] item: Leftovers\n|upkeep\n|\n|t:|1699974831\n|switch|p2a: Great Tusk|Great Tusk|100\/100\n|turn|5\n|\n|t:|1699974835\n|-end|p1a: Ulysess|fallenundefined|[silent]\n|switch|p1a: Lion King|Landorus-Therian, M|39\/100\n|-ability|p1a: Lion King|Intimidate|boost\n|-unboost|p2a: Great Tusk|atk|1\n|move|p2a: Great Tusk|Earthquake|p1a: Lion King\n|-immune|p1a: Lion King\n|\n|-heal|p1a: Lion King|45\/100|[from] item: Leftovers\n|upkeep\n|turn|6\n|\n|t:|1699974842\n|move|p2a: Great Tusk|Ice Spinner|p1a: Lion King\n|-supereffective|p1a: Lion King\n|-damage|p1a: Lion King|0 fnt\n|faint|p1a: Lion King\n|\n|-fieldend|move: Trick Room\n|upkeep\n|\n|t:|1699974856\n|switch|p1a: Discount Machamp|Ambipom, M, tera:Dark|100\/100\n|turn|7\n|\n|t:|1699974864\n|move|p1a: Discount Machamp|Double Hit|p2a: Great Tusk\n|-damage|p2a: Great Tusk|87\/100\n|-damage|p2a: Great Tusk|73\/100\n|-hitcount|p2a: Great Tusk|2\n|move|p2a: Great Tusk|Earthquake|p1a: Discount Machamp\n|-damage|p1a: Discount Machamp|35\/100\n|\n|upkeep\n|turn|8\n|\n|t:|1699974874\n|move|p1a: Discount Machamp|Double Hit|p2a: Great Tusk\n|-damage|p2a: Great Tusk|59\/100\n|-damage|p2a: Great Tusk|45\/100\n|-hitcount|p2a: Great Tusk|2\n|move|p2a: Great Tusk|Ice Spinner|p1a: Discount Machamp\n|-damage|p1a: Discount Machamp|0 fnt\n|faint|p1a: Discount Machamp\n|\n|upkeep\n|\n|t:|1699974884\n|switch|p1a: Joy Buzzer|Iron Hands|100\/100\n|turn|9\n|\n|t:|1699974890\n|move|p2a: Great Tusk|Rapid Spin|p1a: Joy Buzzer\n|-damage|p1a: Joy Buzzer|93\/100\n|-boost|p2a: Great Tusk|spe|1\n|move|p1a: Joy Buzzer|Drain Punch|p2a: Great Tusk\n|-damage|p2a: Great Tusk|17\/100\n|-heal|p1a: Joy Buzzer|100\/100|[from] drain|[of] p2a: Great Tusk\n|\n|upkeep\n|turn|10\n|\n|t:|1699974897\n|move|p2a: Great Tusk|Earthquake|p1a: Joy Buzzer\n|-supereffective|p1a: Joy Buzzer\n|-damage|p1a: Joy Buzzer|54\/100\n|move|p1a: Joy Buzzer|Drain Punch|p2a: Great Tusk\n|-damage|p2a: Great Tusk|0 fnt\n|-heal|p1a: Joy Buzzer|61\/100|[from] drain|[of] p2a: Great Tusk\n|faint|p2a: Great Tusk\n|-end|p2a: Great Tusk|Protosynthesis|[silent]\n|\n|upkeep\n|\n|t:|1699974908\n|switch|p2a: Cloyster|Cloyster, F|100\/100\n|turn|11\n|inactive|ASNUFSANGU has 120 seconds left.\n|\n|t:|1699974958\n|-terastallize|p2a: Cloyster|Ground\n|move|p2a: Cloyster|Shell Smash|p2a: Cloyster\n|-unboost|p2a: Cloyster|def|1\n|-unboost|p2a: Cloyster|spd|1\n|-boost|p2a: Cloyster|atk|2\n|-boost|p2a: Cloyster|spa|2\n|-boost|p2a: Cloyster|spe|2\n|-enditem|p2a: Cloyster|White Herb\n|-clearnegativeboost|p2a: Cloyster|[silent]\n|move|p1a: Joy Buzzer|Earthquake|p2a: Cloyster\n|-damage|p2a: Cloyster|65\/100\n|\n|upkeep\n|turn|12\n|\n|t:|1699974971\n|move|p2a: Cloyster|Rock Blast|p1a: Joy Buzzer\n|-resisted|p1a: Joy Buzzer\n|-damage|p1a: Joy Buzzer|56\/100\n|-resisted|p1a: Joy Buzzer\n|-damage|p1a: Joy Buzzer|51\/100\n|-resisted|p1a: Joy Buzzer\n|-damage|p1a: Joy Buzzer|46\/100\n|-resisted|p1a: Joy Buzzer\n|-crit|p1a: Joy Buzzer\n|-damage|p1a: Joy Buzzer|40\/100\n|-resisted|p1a: Joy Buzzer\n|-damage|p1a: Joy Buzzer|36\/100\n|-hitcount|p1a: Joy Buzzer|5\n|move|p1a: Joy Buzzer|Ice Punch|p2a: Cloyster\n|-supereffective|p2a: Cloyster\n|-damage|p2a: Cloyster|16\/100\n|\n|upkeep\n|turn|13\n|c| thereturnofballin|rock blast?\n|c| thereturnofballin|why tho\n|\n|t:|1699974985\n|move|p2a: Cloyster|Icicle Spear|p1a: Joy Buzzer\n|-damage|p1a: Joy Buzzer|21\/100\n|-damage|p1a: Joy Buzzer|7\/100\n|-damage|p1a: Joy Buzzer|0 fnt\n|faint|p1a: Joy Buzzer\n|-end|p1a: Joy Buzzer|Quark Drive|[silent]\n|-hitcount|p1: Joy Buzzer|3\n|\n|upkeep\n|c|\u2606ASNUFSANGU|odd choice but go off\n|\n|t:|1699974990\n|switch|p1a: Puff|Dragonite, M|100\/100\n|turn|14\n|c|\u2606jawshp|misclick\n|c|\u2606ASNUFSANGU|rip\n|\n|t:|1699974995\n|move|p1a: Puff|Extreme Speed|p2a: Cloyster\n|-damage|p2a: Cloyster|0 fnt\n|faint|p2a: Cloyster\n|\n|upkeep\n|\n|t:|1699975001\n|switch|p2a: Iron Moth|Iron Moth|100\/100\n|-enditem|p2a: Iron Moth|Booster Energy\n|-activate|p2a: Iron Moth|ability: Quark Drive|[fromitem]\n|-start|p2a: Iron Moth|quarkdrivespa\n|turn|15\n|\n|t:|1699975006\n|move|p2a: Iron Moth|Sludge Wave|p1a: Puff\n|-damage|p1a: Puff|66\/100\n|move|p1a: Puff|Dragon Dance|p1a: Puff\n|-boost|p1a: Puff|atk|1\n|-boost|p1a: Puff|spe|1\n|\n|upkeep\n|turn|16\n|\n|t:|1699975014\n|move|p2a: Iron Moth|Sludge Wave|p1a: Puff\n|-damage|p1a: Puff|3\/100\n|move|p1a: Puff|Earthquake|p2a: Iron Moth\n|-supereffective|p2a: Iron Moth\n|-damage|p2a: Iron Moth|0 fnt\n|faint|p2a: Iron Moth\n|-end|p2a: Iron Moth|Quark Drive|[silent]\n|\n|upkeep\n|\n|t:|1699975020\n|switch|p2a: Kingambit|Kingambit, M|100\/100\n|-activate|p2a: Kingambit|ability: Supreme Overlord\n|-start|p2a: Kingambit|fallen5|[silent]\n|turn|17\n|\n|t:|1699975024\n|move|p1a: Puff|Roost|p1a: Puff\n|-heal|p1a: Puff|53\/100\n|-singleturn|p1a: Puff|move: Roost\n|move|p2a: Kingambit|Kowtow Cleave|p1a: Puff\n|-damage|p1a: Puff|0 fnt\n|faint|p1a: Puff\n|\n|upkeep\n|\n|t:|1699975031\n|switch|p1a: Event Horizon|Hoopa-Unbound|100\/100\n|turn|18\n|\n|t:|1699975036\n|move|p1a: Event Horizon|Drain Punch|p2a: Kingambit\n|-supereffective|p2a: Kingambit\n|-damage|p2a: Kingambit|14\/100\n|move|p2a: Kingambit|Kowtow Cleave|p1a: Event Horizon\n|-damage|p1a: Event Horizon|0 fnt\n|faint|p1a: Event Horizon\n|\n|-heal|p2a: Kingambit|21\/100|[from] item: Leftovers\n|upkeep\n|\n|t:|1699975039\n|switch|p1a: Ulysess|Kingambit, M|49\/100\n|-activate|p1a: Ulysess|ability: Supreme Overlord\n|-start|p1a: Ulysess|fallen5|[silent]\n|turn|19\n|c|\u2606ASNUFSANGU|coinflip time\n|\n|t:|1699975065\n|move|p2a: Kingambit|Sucker Punch|p1a: Ulysess\n|-resisted|p1a: Ulysess\n|-damage|p1a: Ulysess|29\/100\n|move|p1a: Ulysess|Kowtow Cleave|p2a: Kingambit\n|-resisted|p2a: Kingambit\n|-damage|p2a: Kingambit|0 fnt\n|faint|p2a: Kingambit\n|-end|p2a: Kingambit|fallen5|[silent]\n|\n|win|ASNUFSANGU\n|n|\u2606ASNUFSANGU|asnufsangu\n|n|\u2606jawshp|jawshp\n|n| thereturnofballin|thereturnofballin\n|c|\u2606ASNUFSANGU|gg\n|c|\u2606jawshp|gg\n|l|\u2606jawshp\n","uploadtime":1699975077,"views":8,"p1id":"asnufsangu","p2id":"jawshp","formatid":"gen9ou","rating":0,"private":0,"password":""}