{"id":"gen9ou-1992559213","p1":"BigDEVONN","p2":"Turnanator","format":"[Gen 9] OU","log":"|j|\u2606BigDEVONN\n|j|\u2606Turnanator\n|t:|1700205675\n|gametype|singles\n|player|p1|BigDEVONN|102|1070\n|player|p2|Turnanator|alder|1040\n|teamsize|p1|6\n|teamsize|p2|6\n|gen|9\n|tier|[Gen 9] OU\n|rated|\n|rule|Sleep Clause Mod: Limit one foe put to sleep\n|rule|Species Clause: Limit one of each Pok\u00e9mon\n|rule|OHKO Clause: OHKO moves are banned\n|rule|Evasion Items Clause: Evasion items are banned\n|rule|Evasion Moves Clause: Evasion moves are banned\n|rule|Endless Battle Clause: Forcing endless battles is banned\n|rule|HP Percentage Mod: HP is shown in percentages\n|clearpoke\n|poke|p1|Magcargo, F|\n|poke|p1|Forretress, F|\n|poke|p1|Arbok, F|\n|poke|p1|Pyroar, M|\n|poke|p1|Cacturne, M|\n|poke|p1|Swalot, M|\n|poke|p2|Grimmsnarl, M|\n|poke|p2|Maushold|\n|poke|p2|Breloom, M|\n|poke|p2|Salamence, F|\n|poke|p2|Ursaluna, M|\n|poke|p2|Zoroark-Hisui, F|\n|teampreview\n|\n|t:|1700205685\n|start\n|switch|p1a: Forretress|Forretress, F|100\/100\n|switch|p2a: Grayson|Grimmsnarl, M, shiny|100\/100\n|turn|1\n|\n|t:|1700205695\n|move|p2a: Grayson|Reflect|p2a: Grayson\n|-sidestart|p2: Turnanator|Reflect\n|move|p1a: Forretress|Stealth Rock|p2a: Grayson\n|-sidestart|p2: Turnanator|move: Stealth Rock\n|\n|upkeep\n|turn|2\n|\n|t:|1700205698\n|move|p2a: Grayson|Light Screen|p2a: Grayson\n|-sidestart|p2: Turnanator|move: Light Screen\n|move|p1a: Forretress|Toxic Spikes|p2a: Grayson\n|-sidestart|p2: Turnanator|move: Toxic Spikes\n|\n|upkeep\n|turn|3\n|\n|t:|1700205703\n|move|p2a: Grayson|Parting Shot|p1a: Forretress\n|-unboost|p1a: Forretress|atk|1\n|-unboost|p1a: Forretress|spa|1\n|\n|t:|1700205707\n|switch|p2a: MausTrap|Maushold|100\/100|[from] Parting Shot\n|-damage|p2a: MausTrap|88\/100|[from] Stealth Rock\n|-status|p2a: MausTrap|psn\n|move|p1a: Forretress|Toxic Spikes|p2a: MausTrap\n|-sidestart|p2: Turnanator|move: Toxic Spikes\n|\n|-damage|p2a: MausTrap|76\/100 psn|[from] psn\n|upkeep\n|turn|4\n|\n|t:|1700205715\n|move|p2a: MausTrap|Tidy Up|p2a: MausTrap\n|-sideend|p2: Turnanator|Toxic Spikes\n|-sideend|p2: Turnanator|Stealth Rock\n|-activate|p2a: MausTrap|move: Tidy Up\n|-boost|p2a: MausTrap|atk|1\n|-boost|p2a: MausTrap|spe|1\n|move|p1a: Forretress|Explosion|p2a: MausTrap\n|-damage|p2a: MausTrap|52\/100 psn\n|faint|p1a: Forretress\n|\n|-damage|p2a: MausTrap|39\/100 psn|[from] psn\n|upkeep\n|\n|t:|1700205736\n|switch|p1a: Cacturne|Cacturne, M|100\/100\n|turn|5\n|\n|t:|1700205740\n|move|p2a: MausTrap|Population Bomb|p1a: Cacturne\n|-damage|p1a: Cacturne|76\/100\n|-damage|p1a: Cacturne|51\/100\n|-damage|p1a: Cacturne|29\/100\n|-damage|p1a: Cacturne|6\/100\n|-damage|p1a: Cacturne|0 fnt\n|faint|p1a: Cacturne\n|-hitcount|p1: Cacturne|5\n|\n|-damage|p2a: MausTrap|27\/100 psn|[from] psn\n|upkeep\n|\n|t:|1700205744\n|switch|p1a: Magcargo|Magcargo, F|100\/100\n|turn|6\n|\n|t:|1700205751\n|move|p2a: MausTrap|Population Bomb|p1a: Magcargo\n|-resisted|p1a: Magcargo\n|-damage|p1a: Magcargo|91\/100\n|-ability|p1a: Magcargo|Weak Armor|boost\n|-unboost|p1a: Magcargo|def|1\n|-boost|p1a: Magcargo|spe|2\n|-enditem|p1a: Magcargo|White Herb\n|-clearnegativeboost|p1a: Magcargo|[silent]\n|-resisted|p1a: Magcargo\n|-damage|p1a: Magcargo|83\/100\n|-ability|p1a: Magcargo|Weak Armor|boost\n|-unboost|p1a: Magcargo|def|1\n|-boost|p1a: Magcargo|spe|2\n|-resisted|p1a: Magcargo\n|-damage|p1a: Magcargo|69\/100\n|-ability|p1a: Magcargo|Weak Armor|boost\n|-unboost|p1a: Magcargo|def|1\n|-boost|p1a: Magcargo|spe|2\n|-resisted|p1a: Magcargo\n|-damage|p1a: Magcargo|52\/100\n|-ability|p1a: Magcargo|Weak Armor|boost\n|-unboost|p1a: Magcargo|def|1\n|-resisted|p1a: Magcargo\n|-damage|p1a: Magcargo|30\/100\n|-ability|p1a: Magcargo|Weak Armor|boost\n|-unboost|p1a: Magcargo|def|1\n|-resisted|p1a: Magcargo\n|-damage|p1a: Magcargo|3\/100\n|-ability|p1a: Magcargo|Weak Armor|boost\n|-unboost|p1a: Magcargo|def|1\n|-resisted|p1a: Magcargo\n|-damage|p1a: Magcargo|0 fnt\n|faint|p1a: Magcargo\n|-hitcount|p1: Magcargo|7\n|\n|-damage|p2a: MausTrap|14\/100 psn|[from] psn\n|upkeep\n|\n|t:|1700205756\n|switch|p1a: Pyroar|Pyroar, M|100\/100\n|-ability|p1a: Pyroar|Unnerve\n|turn|7\n|\n|t:|1700205781\n|move|p2a: MausTrap|Population Bomb|p1a: Pyroar\n|-damage|p1a: Pyroar|78\/100\n|-damage|p1a: Pyroar|57\/100\n|-damage|p1a: Pyroar|35\/100\n|-damage|p1a: Pyroar|14\/100\n|-damage|p1a: Pyroar|0 fnt\n|faint|p1a: Pyroar\n|-hitcount|p1: Pyroar|5\n|\n|-damage|p2a: MausTrap|2\/100 psn|[from] psn\n|upkeep\n|\n|t:|1700205790\n|switch|p1a: Swalot|Swalot, M|100\/100\n|turn|8\n|\n|t:|1700205796\n|move|p2a: MausTrap|Population Bomb|p1a: Swalot\n|-damage|p1a: Swalot|85\/100\n|-damage|p1a: Swalot|68\/100\n|-damage|p1a: Swalot|53\/100\n|-damage|p1a: Swalot|37\/100\n|-damage|p1a: Swalot|23\/100\n|-damage|p1a: Swalot|7\/100\n|-damage|p1a: Swalot|0 fnt\n|faint|p1a: Swalot\n|-hitcount|p1: Swalot|7\n|\n|-damage|p2a: MausTrap|0 fnt|[from] psn\n|faint|p2a: MausTrap\n|-sideend|p2: Turnanator|Reflect\n|upkeep\n|\n|t:|1700205814\n|switch|p2a: Blaze|Ursaluna, M, shiny|100\/100\n|switch|p1a: Arbok|Arbok, F|100\/100\n|-ability|p1a: Arbok|Intimidate|boost\n|-unboost|p2a: Blaze|atk|1\n|turn|9\n|\n|t:|1700205821\n|-terastallize|p1a: Arbok|Dragon\n|move|p1a: Arbok|Coil|p1a: Arbok\n|-boost|p1a: Arbok|atk|1\n|-boost|p1a: Arbok|def|1\n|-boost|p1a: Arbok|accuracy|1\n|move|p2a: Blaze|Headlong Rush|p1a: Arbok\n|-damage|p1a: Arbok|45\/100\n|-unboost|p2a: Blaze|def|1\n|-unboost|p2a: Blaze|spd|1\n|\n|-sideend|p2: Turnanator|move: Light Screen\n|-status|p2a: Blaze|brn|[from] item: Flame Orb\n|upkeep\n|turn|10\n|\n|t:|1700205832\n|move|p1a: Arbok|Scale Shot|p2a: Blaze\n|-crit|p2a: Blaze\n|-damage|p2a: Blaze|75\/100 brn\n|-damage|p2a: Blaze|57\/100 brn\n|-crit|p2a: Blaze\n|-damage|p2a: Blaze|30\/100 brn\n|-damage|p2a: Blaze|12\/100 brn\n|-hitcount|p2a: Blaze|4\n|-unboost|p1a: Arbok|def|1\n|-boost|p1a: Arbok|spe|1\n|move|p2a: Blaze|Facade|p1a: Arbok\n|-damage|p1a: Arbok|0 fnt\n|faint|p1a: Arbok\n|\n|win|Turnanator\n|raw|BigDEVONN's rating: 1070 &rarr; <strong>1048<\/strong><br \/>(-22 for losing)\n|raw|Turnanator's rating: 1040 &rarr; <strong>1077<\/strong><br \/>(+37 for winning)\n|l|\u2606BigDEVONN\n|c|\u2606Turnanator|gg\n","uploadtime":1700205852,"views":26,"p1id":"bigdevonn","p2id":"turnanator","formatid":"gen9ou","rating":1048,"private":0,"password":""}