{"id":"gen9ou-1997932749","p1":"skulljester29","p2":"tenouttaten123","format":"[Gen 9] OU","log":"|j|\u2606skulljester29\n|j|\u2606tenouttaten123\n|t:|1700869045\n|gametype|singles\n|player|p1|skulljester29|firebreather|1616\n|player|p2|tenouttaten123|101|1649\n|teamsize|p1|6\n|teamsize|p2|6\n|gen|9\n|tier|[Gen 9] OU\n|rated|\n|rule|Sleep Clause Mod: Limit one foe put to sleep\n|rule|Species Clause: Limit one of each Pok\u00e9mon\n|rule|OHKO Clause: OHKO moves are banned\n|rule|Evasion Items Clause: Evasion items are banned\n|rule|Evasion Moves Clause: Evasion moves are banned\n|rule|Endless Battle Clause: Forcing endless battles is banned\n|rule|HP Percentage Mod: HP is shown in percentages\n|clearpoke\n|poke|p1|Amoonguss, F|\n|poke|p1|Iron Valiant|\n|poke|p1|Sandy Shocks|\n|poke|p1|Rotom-Wash|\n|poke|p1|Hydreigon, F|\n|poke|p1|Cinderace, M|\n|poke|p2|Dragonite, F|\n|poke|p2|Landorus-Therian, M|\n|poke|p2|Garchomp, F|\n|poke|p2|Manaphy|\n|poke|p2|Tinkaton, F|\n|poke|p2|Tyranitar, F|\n|teampreview\n|\n|t:|1700869059\n|start\n|switch|p1a: Sandy Shocks|Sandy Shocks|100\/100\n|switch|p2a: Garchomp|Garchomp, F|100\/100\n|turn|1\n|\n|t:|1700869064\n|-terastallize|p1a: Sandy Shocks|Ice\n|move|p2a: Garchomp|Earthquake|p1a: Sandy Shocks\n|-damage|p1a: Sandy Shocks|42\/100\n|-damage|p2a: Garchomp|91\/100|[from] item: Life Orb\n|move|p1a: Sandy Shocks|Tera Blast|p2a: Garchomp|[anim] Tera Blast Ice\n|-supereffective|p2a: Garchomp\n|-damage|p2a: Garchomp|0 fnt\n|faint|p2a: Garchomp\n|\n|upkeep\n|\n|t:|1700869104\n|switch|p2a: Dragonite|Dragonite, F|100\/100\n|turn|2\n|\n|t:|1700869113\n|-end|p1a: Sandy Shocks|Protosynthesis|[silent]\n|switch|p1a: Amoonguss|Amoonguss, F|100\/100\n|-terastallize|p2a: Dragonite|Normal\n|move|p2a: Dragonite|Extreme Speed|p1a: Amoonguss\n|-damage|p1a: Amoonguss|62\/100\n|\n|upkeep\n|turn|3\n|\n|t:|1700869121\n|switch|p2a: Tinkaton|Tinkaton, F|100\/100\n|-ability|p2a: Tinkaton|Mold Breaker\n|move|p1a: Amoonguss|Spore|p2a: Tinkaton\n|-status|p2a: Tinkaton|slp|[from] move: Spore\n|\n|upkeep\n|turn|4\n|\n|t:|1700869130\n|switch|p2a: Tyranitar|Tyranitar, F|100\/100\n|-weather|Sandstorm|[from] ability: Sand Stream|[of] p2a: Tyranitar\n|switch|p1a: Rotom|Rotom-Wash|100\/100\n|\n|-weather|Sandstorm|[upkeep]\n|-damage|p1a: Rotom|94\/100|[from] Sandstorm\n|-heal|p1a: Rotom|100\/100|[from] item: Leftovers\n|upkeep\n|turn|5\n|\n|t:|1700869139\n|move|p2a: Tyranitar|Stone Edge|p1a: Rotom\n|-crit|p1a: Rotom\n|-damage|p1a: Rotom|0 fnt\n|faint|p1a: Rotom\n|\n|-weather|Sandstorm|[upkeep]\n|upkeep\n|\n|t:|1700869148\n|switch|p1a: Iron Valiant|Iron Valiant|100\/100\n|-enditem|p1a: Iron Valiant|Booster Energy\n|-activate|p1a: Iron Valiant|ability: Quark Drive|[fromitem]\n|-start|p1a: Iron Valiant|quarkdrivespe\n|turn|6\n|\n|t:|1700869154\n|switch|p2a: Manaphy|Manaphy|100\/100\n|move|p1a: Iron Valiant|Close Combat|p2a: Manaphy\n|-damage|p2a: Manaphy|61\/100\n|-unboost|p1a: Iron Valiant|def|1\n|-unboost|p1a: Iron Valiant|spd|1\n|\n|-weather|Sandstorm|[upkeep]\n|-damage|p1a: Iron Valiant|94\/100|[from] Sandstorm\n|-damage|p2a: Manaphy|55\/100|[from] Sandstorm\n|-heal|p2a: Manaphy|61\/100|[from] item: Leftovers\n|upkeep\n|turn|7\n|\n|t:|1700869175\n|-end|p1a: Iron Valiant|Quark Drive|[silent]\n|switch|p1a: Amoonguss|Amoonguss, F|95\/100\n|move|p2a: Manaphy|Scald|p1a: Amoonguss\n|-resisted|p1a: Amoonguss\n|-crit|p1a: Amoonguss\n|-damage|p1a: Amoonguss|76\/100\n|\n|-weather|Sandstorm|[upkeep]\n|-damage|p2a: Manaphy|55\/100|[from] Sandstorm\n|-damage|p1a: Amoonguss|70\/100|[from] Sandstorm\n|-heal|p2a: Manaphy|61\/100|[from] item: Leftovers\n|upkeep\n|turn|8\n|\n|t:|1700869185\n|switch|p2a: Tinkaton|Tinkaton, F|100\/100 slp\n|-ability|p2a: Tinkaton|Mold Breaker\n|move|p1a: Amoonguss|Giga Drain|p2a: Tinkaton\n|-resisted|p2a: Tinkaton\n|-damage|p2a: Tinkaton|90\/100 slp\n|-heal|p1a: Amoonguss|75\/100|[from] drain|[of] p2a: Tinkaton\n|\n|-weather|none\n|upkeep\n|turn|9\n|\n|t:|1700869194\n|switch|p2a: Tyranitar|Tyranitar, F|100\/100\n|-weather|Sandstorm|[from] ability: Sand Stream|[of] p2a: Tyranitar\n|switch|p1a: Sandy Shocks|Sandy Shocks, tera:Ice|42\/100\n|\n|-weather|Sandstorm|[upkeep]\n|-damage|p1a: Sandy Shocks|36\/100|[from] Sandstorm\n|upkeep\n|turn|10\n|\n|t:|1700869204\n|move|p1a: Sandy Shocks|Volt Switch|p2a: Tyranitar\n|-damage|p2a: Tyranitar|77\/100\n|\n|t:|1700869213\n|-end|p1a: Sandy Shocks|Protosynthesis|[silent]\n|switch|p1a: Amoonguss|Amoonguss, F|100\/100|[from] Volt Switch\n|move|p2a: Tyranitar|Earthquake|p1a: Amoonguss\n|-damage|p1a: Amoonguss|55\/100\n|\n|-weather|Sandstorm|[upkeep]\n|-damage|p1a: Amoonguss|49\/100|[from] Sandstorm\n|upkeep\n|turn|11\n|\n|t:|1700869234\n|switch|p2a: Landorus|Landorus-Therian, M|100\/100\n|-ability|p2a: Landorus|Intimidate|boost\n|-unboost|p1a: Amoonguss|atk|1\n|switch|p1a: Hydreigon|Hydreigon, F|100\/100\n|\n|-weather|Sandstorm|[upkeep]\n|-damage|p1a: Hydreigon|94\/100|[from] Sandstorm\n|upkeep\n|turn|12\n|\n|t:|1700869244\n|move|p2a: Landorus|U-turn|p1a: Hydreigon\n|-supereffective|p1a: Hydreigon\n|-damage|p1a: Hydreigon|30\/100\n|\n|t:|1700869247\n|switch|p2a: Tinkaton|Tinkaton, F|90\/100 slp|[from] U-turn\n|-ability|p2a: Tinkaton|Mold Breaker\n|move|p1a: Hydreigon|Draco Meteor|p2a: Tinkaton\n|-immune|p2a: Tinkaton\n|\n|-weather|Sandstorm|[upkeep]\n|-damage|p1a: Hydreigon|24\/100|[from] Sandstorm\n|upkeep\n|turn|13\n|\n|t:|1700869255\n|move|p1a: Hydreigon|Earth Power|p2a: Tinkaton\n|-supereffective|p2a: Tinkaton\n|-damage|p2a: Tinkaton|26\/100 slp\n|-damage|p1a: Hydreigon|14\/100|[from] item: Life Orb\n|cant|p2a: Tinkaton|slp\n|\n|-weather|none\n|upkeep\n|turn|14\n|\n|t:|1700869264\n|switch|p2a: Landorus|Landorus-Therian, M|100\/100\n|-ability|p2a: Landorus|Intimidate|boost\n|-unboost|p1a: Hydreigon|atk|1\n|move|p1a: Hydreigon|Dark Pulse|p2a: Landorus\n|-damage|p2a: Landorus|27\/100\n|-damage|p1a: Hydreigon|4\/100|[from] item: Life Orb\n|\n|upkeep\n|turn|15\n|j| SandGetsEverywhere\n|\n|t:|1700869286\n|switch|p1a: Amoonguss|Amoonguss, F|82\/100\n|move|p2a: Landorus|U-turn|p1a: Amoonguss\n|-damage|p1a: Amoonguss|63\/100\n|\n|t:|1700869290\n|switch|p2a: Tyranitar|Tyranitar, F|77\/100|[from] U-turn\n|-weather|Sandstorm|[from] ability: Sand Stream|[of] p2a: Tyranitar\n|\n|-weather|Sandstorm|[upkeep]\n|-damage|p1a: Amoonguss|57\/100|[from] Sandstorm\n|upkeep\n|turn|16\n|\n|t:|1700869303\n|move|p2a: Tyranitar|Ice Punch|p1a: Amoonguss\n|-supereffective|p1a: Amoonguss\n|-damage|p1a: Amoonguss|0 fnt\n|faint|p1a: Amoonguss\n|\n|-weather|Sandstorm|[upkeep]\n|upkeep\n|\n|t:|1700869310\n|switch|p1a: Iron Valiant|Iron Valiant|94\/100\n|turn|17\n|\n|t:|1700869312\n|move|p1a: Iron Valiant|Close Combat|p2a: Tyranitar\n|-supereffective|p2a: Tyranitar\n|-damage|p2a: Tyranitar|0 fnt\n|-unboost|p1a: Iron Valiant|def|1\n|-unboost|p1a: Iron Valiant|spd|1\n|faint|p2a: Tyranitar\n|\n|-weather|Sandstorm|[upkeep]\n|-damage|p1a: Iron Valiant|88\/100|[from] Sandstorm\n|upkeep\n|\n|t:|1700869322\n|switch|p2a: Manaphy|Manaphy|61\/100\n|turn|18\n|\n|t:|1700869336\n|move|p1a: Iron Valiant|Spirit Break|p2a: Manaphy\n|-damage|p2a: Manaphy|36\/100\n|-unboost|p2a: Manaphy|spa|1\n|move|p2a: Manaphy|Scald|p1a: Iron Valiant\n|-damage|p1a: Iron Valiant|40\/100\n|\n|-weather|Sandstorm|[upkeep]\n|-damage|p1a: Iron Valiant|34\/100|[from] Sandstorm\n|-damage|p2a: Manaphy|30\/100|[from] Sandstorm\n|-heal|p2a: Manaphy|36\/100|[from] item: Leftovers\n|upkeep\n|turn|19\n|\n|t:|1700869347\n|move|p1a: Iron Valiant|Close Combat|p2a: Manaphy\n|-damage|p2a: Manaphy|0 fnt\n|-unboost|p1a: Iron Valiant|def|1\n|-unboost|p1a: Iron Valiant|spd|1\n|faint|p2a: Manaphy\n|\n|-weather|none\n|upkeep\n|\n|t:|1700869352\n|switch|p2a: Dragonite|Dragonite, F, tera:Normal|100\/100\n|turn|20\n|\n|t:|1700869359\n|move|p2a: Dragonite|Extreme Speed|p1a: Iron Valiant\n|-damage|p1a: Iron Valiant|0 fnt\n|faint|p1a: Iron Valiant\n|-end|p1a: Iron Valiant|Quark Drive|[silent]\n|\n|upkeep\n|\n|t:|1700869365\n|switch|p1a: Cinderace|Cinderace, M|100\/100\n|turn|21\n|\n|t:|1700869371\n|switch|p2a: Tinkaton|Tinkaton, F|26\/100 slp\n|-ability|p2a: Tinkaton|Mold Breaker\n|move|p1a: Cinderace|U-turn|p2a: Tinkaton\n|-start|p1a: Cinderace|typechange|Bug|[from] ability: Libero\n|-resisted|p2a: Tinkaton\n|-damage|p2a: Tinkaton|16\/100 slp\n|\n|t:|1700869381\n|switch|p1a: Hydreigon|Hydreigon, F|4\/100|[from] U-turn\n|\n|upkeep\n|turn|22\n|\n|t:|1700869385\n|move|p1a: Hydreigon|Dark Pulse|p2a: Tinkaton\n|-resisted|p2a: Tinkaton\n|-damage|p2a: Tinkaton|0 fnt\n|faint|p2a: Tinkaton\n|-damage|p1a: Hydreigon|0 fnt|[from] item: Life Orb\n|faint|p1a: Hydreigon\n|\n|upkeep\n|\n|t:|1700869392\n|switch|p1a: Sandy Shocks|Sandy Shocks, tera:Ice|36\/100\n|switch|p2a: Landorus|Landorus-Therian, M|27\/100\n|-ability|p2a: Landorus|Intimidate|boost\n|-unboost|p1a: Sandy Shocks|atk|1\n|turn|23\n|\n|t:|1700869397\n|move|p2a: Landorus|Earthquake|p1a: Sandy Shocks\n|-damage|p1a: Sandy Shocks|0 fnt\n|faint|p1a: Sandy Shocks\n|-end|p1a: Sandy Shocks|Protosynthesis|[silent]\n|\n|upkeep\n|\n|t:|1700869401\n|switch|p1a: Cinderace|Cinderace, M|100\/100\n|turn|24\n|\n|t:|1700869405\n|move|p1a: Cinderace|Sucker Punch|p2a: Landorus\n|-start|p1a: Cinderace|typechange|Dark|[from] ability: Libero\n|-damage|p2a: Landorus|0 fnt\n|faint|p2a: Landorus\n|\n|upkeep\n|\n|t:|1700869406\n|switch|p2a: Dragonite|Dragonite, F, tera:Normal|100\/100\n|turn|25\n|\n|t:|1700869411\n|move|p2a: Dragonite|Extreme Speed|p1a: Cinderace\n|-damage|p1a: Cinderace|29\/100\n|move|p1a: Cinderace|U-turn|p2a: Dragonite\n|-crit|p2a: Dragonite\n|-damage|p2a: Dragonite|81\/100\n|\n|upkeep\n|turn|26\n|\n|t:|1700869417\n|move|p2a: Dragonite|Extreme Speed|p1a: Cinderace\n|-damage|p1a: Cinderace|0 fnt\n|faint|p1a: Cinderace\n|\n|win|tenouttaten123\n|raw|skulljester29's rating: 1616 &rarr; <strong>1598<\/strong><br \/>(-18 for losing)\n|raw|tenouttaten123's rating: 1649 &rarr; <strong>1667<\/strong><br \/>(+18 for winning)\n|l|\u2606skulljester29\n","uploadtime":1700869422,"views":2,"p1id":"skulljester29","p2id":"tenouttaten123","formatid":"gen9ou","rating":1598,"private":0,"password":""}