{"id":"gen9ou-1992667650","p1":"bigshoota","p2":"oblockoclock","format":"[Gen 9] OU","log":"|j|\u2606bigshoota\n|j|\u2606oblockoclock\n|t:|1700222803\n|gametype|singles\n|player|p1|bigshoota|skyla|1615\n|player|p2|oblockoclock|buck|1629\n|teamsize|p1|6\n|teamsize|p2|6\n|gen|9\n|tier|[Gen 9] OU\n|rated|\n|rule|Sleep Clause Mod: Limit one foe put to sleep\n|rule|Species Clause: Limit one of each Pok\u00e9mon\n|rule|OHKO Clause: OHKO moves are banned\n|rule|Evasion Items Clause: Evasion items are banned\n|rule|Evasion Moves Clause: Evasion moves are banned\n|rule|Endless Battle Clause: Forcing endless battles is banned\n|rule|HP Percentage Mod: HP is shown in percentages\n|clearpoke\n|poke|p1|Rillaboom, F|\n|poke|p1|Sneasler, M|\n|poke|p1|Zamazenta-*|\n|poke|p1|Manaphy|\n|poke|p1|Heatran, M|\n|poke|p1|Hatterene, F|\n|poke|p2|Landorus-Therian, M|\n|poke|p2|Quaquaval, M|\n|poke|p2|Amoonguss, M|\n|poke|p2|Thundurus-Therian, M|\n|poke|p2|Kingambit, F|\n|poke|p2|Iron Valiant|\n|teampreview\n|inactive|Battle timer is ON: inactive players will automatically lose when time's up. (requested by oblockoclock)\n|\n|t:|1700222812\n|start\n|switch|p1a: Caitran Jenner|Heatran, M|100\/100\n|switch|p2a: Thundurus|Thundurus-Therian, M, shiny|100\/100\n|-item|p1a: Caitran Jenner|Air Balloon\n|turn|1\n|\n|t:|1700222816\n|move|p2a: Thundurus|Volt Switch|p1a: Caitran Jenner\n|-damage|p1a: Caitran Jenner|64\/100\n|-enditem|p1a: Caitran Jenner|Air Balloon\n|\n|t:|1700222820\n|switch|p2a: Quaquaval|Quaquaval, M|100\/100|[from] Volt Switch\n|move|p1a: Caitran Jenner|Will-O-Wisp|p2a: Quaquaval\n|-status|p2a: Quaquaval|brn\n|\n|-damage|p2a: Quaquaval|94\/100 brn|[from] brn\n|upkeep\n|turn|2\n|\n|t:|1700222839\n|switch|p2a: Landorus|Landorus-Therian, M|100\/100\n|-ability|p2a: Landorus|Intimidate|boost\n|-unboost|p1a: Caitran Jenner|atk|1\n|switch|p1a: GG Hadid|Rillaboom, F|100\/100\n|-fieldstart|move: Grassy Terrain|[from] ability: Grassy Surge|[of] p1a: GG Hadid\n|\n|upkeep\n|turn|3\n|\n|t:|1700222845\n|move|p2a: Landorus|U-turn|p1a: GG Hadid\n|-supereffective|p1a: GG Hadid\n|-damage|p1a: GG Hadid|47\/100\n|\n|t:|1700222849\n|switch|p2a: Amoonguss|Amoonguss, M, shiny|100\/100|[from] U-turn\n|move|p1a: GG Hadid|Wood Hammer|p2a: Amoonguss\n|-resisted|p2a: Amoonguss\n|-damage|p2a: Amoonguss|77\/100\n|-damage|p1a: GG Hadid|30\/100|[from] item: Rocky Helmet|[of] p2a: Amoonguss\n|-damage|p1a: GG Hadid|21\/100|[from] Recoil\n|\n|-heal|p1a: GG Hadid|28\/100|[from] Grassy Terrain\n|-heal|p2a: Amoonguss|83\/100|[from] Grassy Terrain\n|upkeep\n|turn|4\n|\n|t:|1700222856\n|switch|p1a: Caitran Jenner|Heatran, M|64\/100\n|move|p2a: Amoonguss|Spore|p1a: Caitran Jenner\n|-status|p1a: Caitran Jenner|slp|[from] move: Spore\n|\n|-heal|p1a: Caitran Jenner|70\/100 slp|[from] Grassy Terrain\n|-heal|p2a: Amoonguss|89\/100|[from] Grassy Terrain\n|upkeep\n|turn|5\n|\n|t:|1700222867\n|switch|p1a: Lizzy McDire|Sneasler, M|100\/100\n|-enditem|p1a: Lizzy McDire|Grassy Seed\n|-boost|p1a: Lizzy McDire|def|1|[from] item: Grassy Seed\n|switch|p2a: Thundurus|Thundurus-Therian, M, shiny|100\/100\n|\n|upkeep\n|turn|6\n|\n|t:|1700222882\n|switch|p1a: Caitran Jenner|Heatran, M|70\/100 slp\n|switch|p2a: Landorus|Landorus-Therian, M|100\/100\n|-ability|p2a: Landorus|Intimidate|boost\n|-unboost|p1a: Caitran Jenner|atk|1\n|\n|-heal|p1a: Caitran Jenner|76\/100 slp|[from] Grassy Terrain\n|-fieldend|move: Grassy Terrain\n|upkeep\n|turn|7\n|\n|t:|1700222887\n|switch|p1a: GG Hadid|Rillaboom, F|28\/100\n|-fieldstart|move: Grassy Terrain|[from] ability: Grassy Surge|[of] p1a: GG Hadid\n|move|p2a: Landorus|Earthquake|p1a: GG Hadid\n|-resisted|p1a: GG Hadid\n|-damage|p1a: GG Hadid|13\/100\n|\n|-heal|p1a: GG Hadid|19\/100|[from] Grassy Terrain\n|upkeep\n|turn|8\n|j| yb is better\n|\n|t:|1700222892\n|switch|p2a: Amoonguss|Amoonguss, M, shiny|100\/100\n|move|p1a: GG Hadid|U-turn|p2a: Amoonguss\n|-damage|p2a: Amoonguss|70\/100\n|-damage|p1a: GG Hadid|2\/100|[from] item: Rocky Helmet|[of] p2a: Amoonguss\n|\n|t:|1700222901\n|switch|p1a: Lizzy McDire|Sneasler, M|100\/100|[from] U-turn\n|\n|-heal|p2a: Amoonguss|76\/100|[from] Grassy Terrain\n|upkeep\n|turn|9\n|\n|t:|1700222920\n|switch|p2a: Landorus|Landorus-Therian, M|100\/100\n|-ability|p2a: Landorus|Intimidate|boost\n|-unboost|p1a: Lizzy McDire|atk|1\n|move|p1a: Lizzy McDire|Swords Dance|p1a: Lizzy McDire\n|-boost|p1a: Lizzy McDire|atk|2\n|\n|upkeep\n|turn|10\n|\n|t:|1700222929\n|-terastallize|p1a: Lizzy McDire|Dark\n|move|p2a: Landorus|Earthquake|p1a: Lizzy McDire\n|-damage|p1a: Lizzy McDire|50\/100\n|move|p1a: Lizzy McDire|Lash Out|p2a: Landorus\n|-damage|p2a: Landorus|27\/100\n|\n|-heal|p1a: Lizzy McDire|56\/100|[from] Grassy Terrain\n|upkeep\n|turn|11\n|\n|t:|1700222943\n|switch|p2a: Amoonguss|Amoonguss, M, shiny|100\/100\n|move|p1a: Lizzy McDire|Gunk Shot|p2a: Amoonguss\n|-damage|p2a: Amoonguss|21\/100\n|\n|-heal|p1a: Lizzy McDire|62\/100|[from] Grassy Terrain\n|-heal|p2a: Amoonguss|27\/100|[from] Grassy Terrain\n|-fieldend|move: Grassy Terrain\n|upkeep\n|turn|12\n|\n|t:|1700222953\n|move|p1a: Lizzy McDire|Lash Out|p2a: Amoonguss\n|-damage|p2a: Amoonguss|0 fnt\n|-damage|p1a: Lizzy McDire|46\/100|[from] item: Rocky Helmet|[of] p2a: Amoonguss\n|faint|p2a: Amoonguss\n|\n|upkeep\n|\n|t:|1700222957\n|switch|p2a: Landorus|Landorus-Therian, M|27\/100\n|-ability|p2a: Landorus|Intimidate|boost\n|-unboost|p1a: Lizzy McDire|atk|1\n|turn|13\n|\n|t:|1700222966\n|switch|p1a: ZamaZentaya|Zamazenta|100\/100\n|-ability|p1a: ZamaZentaya|Dauntless Shield|boost\n|-boost|p1a: ZamaZentaya|def|1\n|move|p2a: Landorus|Earthquake|p1a: ZamaZentaya\n|-damage|p1a: ZamaZentaya|73\/100\n|\n|-heal|p1a: ZamaZentaya|80\/100|[from] item: Leftovers\n|upkeep\n|turn|14\n|\n|t:|1700222971\n|switch|p2a: Thundurus|Thundurus-Therian, M, shiny|100\/100\n|move|p1a: ZamaZentaya|Heavy Slam|p2a: Thundurus\n|-resisted|p2a: Thundurus\n|-damage|p2a: Thundurus|85\/100\n|\n|-heal|p1a: ZamaZentaya|86\/100|[from] item: Leftovers\n|upkeep\n|turn|15\n|\n|t:|1700222979\n|switch|p1a: Caitran Jenner|Heatran, M|76\/100 slp\n|move|p2a: Thundurus|Volt Switch|p1a: Caitran Jenner\n|-damage|p1a: Caitran Jenner|36\/100 slp\n|\n|t:|1700222984\n|switch|p2a: Landorus|Landorus-Therian, M|27\/100|[from] Volt Switch\n|-ability|p2a: Landorus|Intimidate|boost\n|-unboost|p1a: Caitran Jenner|atk|1\n|\n|upkeep\n|turn|16\n|\n|t:|1700222987\n|move|p2a: Landorus|Earthquake|p1a: Caitran Jenner\n|-supereffective|p1a: Caitran Jenner\n|-damage|p1a: Caitran Jenner|0 fnt\n|faint|p1a: Caitran Jenner\n|\n|upkeep\n|\n|t:|1700222990\n|switch|p1a: GG Hadid|Rillaboom, F|2\/100\n|-fieldstart|move: Grassy Terrain|[from] ability: Grassy Surge|[of] p1a: GG Hadid\n|turn|17\n|\n|t:|1700223017\n|switch|p2a: Quaquaval|Quaquaval, M|94\/100 brn\n|move|p1a: GG Hadid|Grassy Glide|p2a: Quaquaval\n|-supereffective|p2a: Quaquaval\n|-damage|p2a: Quaquaval|0 fnt\n|faint|p2a: Quaquaval\n|\n|-heal|p1a: GG Hadid|9\/100|[from] Grassy Terrain\n|upkeep\n|inactive|oblockoclock has 120 seconds left.\n|\n|t:|1700223030\n|switch|p2a: Thundurus|Thundurus-Therian, M, shiny|85\/100\n|turn|18\n|inactive|oblockoclock has 120 seconds left.\n|\n|t:|1700223053\n|move|p1a: GG Hadid|Grassy Glide|p2a: Thundurus\n|-resisted|p2a: Thundurus\n|-damage|p2a: Thundurus|37\/100\n|move|p2a: Thundurus|Volt Switch|p1a: GG Hadid\n|-resisted|p1a: GG Hadid\n|-damage|p1a: GG Hadid|0 fnt\n|faint|p1a: GG Hadid\n|\n|t:|1700223060\n|switch|p2a: Landorus|Landorus-Therian, M|27\/100|[from] Volt Switch\n|\n|upkeep\n|\n|t:|1700223063\n|switch|p1a: ZamaZentaya|Zamazenta|86\/100\n|turn|19\n|\n|t:|1700223070\n|move|p2a: Landorus|U-turn|p1a: ZamaZentaya\n|-resisted|p1a: ZamaZentaya\n|-damage|p1a: ZamaZentaya|76\/100\n|inactive|oblockoclock has 120 seconds left.\n|\n|t:|1700223081\n|switch|p2a: Iron Valiant|Iron Valiant|100\/100|[from] U-turn\n|-enditem|p2a: Iron Valiant|Booster Energy\n|-activate|p2a: Iron Valiant|ability: Quark Drive|[fromitem]\n|-start|p2a: Iron Valiant|quarkdrivespe\n|move|p1a: ZamaZentaya|Iron Defense|p1a: ZamaZentaya\n|-boost|p1a: ZamaZentaya|def|2\n|\n|-heal|p1a: ZamaZentaya|82\/100|[from] Grassy Terrain\n|-heal|p1a: ZamaZentaya|88\/100|[from] item: Leftovers\n|upkeep\n|turn|20\n|\n|t:|1700223088\n|move|p2a: Iron Valiant|Moonblast|p1a: ZamaZentaya\n|-supereffective|p1a: ZamaZentaya\n|-damage|p1a: ZamaZentaya|0 fnt\n|faint|p1a: ZamaZentaya\n|\n|upkeep\n|\n|t:|1700223099\n|switch|p1a: Phybe Bridgers|Manaphy|100\/100\n|turn|21\n|\n|t:|1700223104\n|move|p2a: Iron Valiant|Calm Mind|p2a: Iron Valiant\n|-boost|p2a: Iron Valiant|spa|1\n|-boost|p2a: Iron Valiant|spd|1\n|move|p1a: Phybe Bridgers|Take Heart|p1a: Phybe Bridgers\n|-boost|p1a: Phybe Bridgers|spa|1\n|-boost|p1a: Phybe Bridgers|spd|1\n|\n|-fieldend|move: Grassy Terrain\n|upkeep\n|turn|22\n|\n|t:|1700223109\n|move|p2a: Iron Valiant|Encore|p1a: Phybe Bridgers\n|-start|p1a: Phybe Bridgers|Encore\n|move|p1a: Phybe Bridgers|Take Heart|p1a: Phybe Bridgers\n|-boost|p1a: Phybe Bridgers|spa|1\n|-boost|p1a: Phybe Bridgers|spd|1\n|\n|upkeep\n|turn|23\n|\n|t:|1700223112\n|-end|p2a: Iron Valiant|Quark Drive|[silent]\n|switch|p2a: Thundurus|Thundurus-Therian, M, shiny|37\/100\n|switch|p1a: HaTeanna Trump|Hatterene, F|100\/100\n|\n|upkeep\n|turn|24\n|\n|t:|1700223123\n|move|p2a: Thundurus|Volt Switch|p1a: HaTeanna Trump\n|-damage|p1a: HaTeanna Trump|36\/100\n|\n|t:|1700223127\n|switch|p2a: Kingambit|Kingambit, F|100\/100|[from] Volt Switch\n|-activate|p2a: Kingambit|ability: Supreme Overlord\n|-start|p2a: Kingambit|fallen2|[silent]\n|move|p1a: HaTeanna Trump|Calm Mind|p1a: HaTeanna Trump\n|-boost|p1a: HaTeanna Trump|spa|1\n|-boost|p1a: HaTeanna Trump|spd|1\n|\n|upkeep\n|turn|25\n|\n|t:|1700223134\n|move|p2a: Kingambit|Kowtow Cleave|p1a: HaTeanna Trump\n|-damage|p1a: HaTeanna Trump|0 fnt\n|faint|p1a: HaTeanna Trump\n|\n|upkeep\n|\n|t:|1700223137\n|switch|p1a: Lizzy McDire|Sneasler, M, tera:Dark|46\/100\n|turn|26\n|\n|t:|1700223144\n|move|p1a: Lizzy McDire|Gunk Shot|p2a: Kingambit\n|-immune|p2a: Kingambit\n|move|p2a: Kingambit|Iron Head|p1a: Lizzy McDire\n|-damage|p1a: Lizzy McDire|0 fnt\n|faint|p1a: Lizzy McDire\n|\n|upkeep\n|\n|t:|1700223149\n|switch|p1a: Phybe Bridgers|Manaphy|100\/100\n|turn|27\n|\n|t:|1700223152\n|move|p1a: Phybe Bridgers|Scald|p2a: Kingambit\n|-damage|p2a: Kingambit|75\/100\n|move|p2a: Kingambit|Iron Head|p1a: Phybe Bridgers\n|-resisted|p1a: Phybe Bridgers\n|-damage|p1a: Phybe Bridgers|77\/100\n|\n|-heal|p1a: Phybe Bridgers|84\/100|[from] item: Leftovers\n|-heal|p2a: Kingambit|81\/100|[from] item: Leftovers\n|upkeep\n|turn|28\n|\n|t:|1700223158\n|move|p1a: Phybe Bridgers|Take Heart|p1a: Phybe Bridgers\n|-boost|p1a: Phybe Bridgers|spa|1\n|-boost|p1a: Phybe Bridgers|spd|1\n|move|p2a: Kingambit|Kowtow Cleave|p1a: Phybe Bridgers\n|-damage|p1a: Phybe Bridgers|33\/100\n|\n|-heal|p1a: Phybe Bridgers|40\/100|[from] item: Leftovers\n|-heal|p2a: Kingambit|87\/100|[from] item: Leftovers\n|upkeep\n|turn|29\n|\n|t:|1700223184\n|move|p1a: Phybe Bridgers|Acid Armor|p1a: Phybe Bridgers\n|-boost|p1a: Phybe Bridgers|def|2\n|move|p2a: Kingambit|Kowtow Cleave|p1a: Phybe Bridgers\n|-damage|p1a: Phybe Bridgers|15\/100\n|\n|-heal|p1a: Phybe Bridgers|21\/100|[from] item: Leftovers\n|-heal|p2a: Kingambit|93\/100|[from] item: Leftovers\n|upkeep\n|turn|30\n|\n|t:|1700223187\n|move|p1a: Phybe Bridgers|Scald|p2a: Kingambit\n|-damage|p2a: Kingambit|52\/100\n|move|p2a: Kingambit|Kowtow Cleave|p1a: Phybe Bridgers\n|-damage|p1a: Phybe Bridgers|0 fnt\n|faint|p1a: Phybe Bridgers\n|\n|win|oblockoclock\n|raw|bigshoota's rating: 1615 &rarr; <strong>1596<\/strong><br \/>(-19 for losing)\n|raw|oblockoclock's rating: 1629 &rarr; <strong>1648<\/strong><br \/>(+19 for winning)\n|l|\u2606oblockoclock\n|l|\u2606bigshoota\n","uploadtime":1700223237,"views":8,"p1id":"bigshoota","p2id":"oblockoclock","formatid":"gen9ou","rating":1596,"private":0,"password":""}