{"id":"gen9ou-1995891906","p1":"Kidzukaworld","p2":"CapnTophat","format":"[Gen 9] OU","log":"|j|\u2606Kidzukaworld\n|j|\u2606CapnTophat\n|t:|1700614271\n|gametype|singles\n|player|p1|Kidzukaworld|101|1590\n|player|p2|CapnTophat|wallace|1786\n|teamsize|p1|6\n|teamsize|p2|6\n|gen|9\n|tier|[Gen 9] OU\n|rated|\n|rule|Sleep Clause Mod: Limit one foe put to sleep\n|rule|Species Clause: Limit one of each Pok\u00e9mon\n|rule|OHKO Clause: OHKO moves are banned\n|rule|Evasion Items Clause: Evasion items are banned\n|rule|Evasion Moves Clause: Evasion moves are banned\n|rule|Endless Battle Clause: Forcing endless battles is banned\n|rule|HP Percentage Mod: HP is shown in percentages\n|clearpoke\n|poke|p1|Great Tusk|\n|poke|p1|Ribombee, M|\n|poke|p1|Armarouge, M|\n|poke|p1|Gengar, M|\n|poke|p1|Ceruledge, M|\n|poke|p1|Haxorus, M|\n|poke|p2|Arcanine, M|\n|poke|p2|Ogerpon-Wellspring, F|\n|poke|p2|Great Tusk|\n|poke|p2|Dragapult, M|\n|poke|p2|Slowking-Galar, F|\n|poke|p2|Iron Valiant|\n|teampreview\n|inactive|Battle timer is ON: inactive players will automatically lose when time's up. (requested by CapnTophat)\n|inactive|CapnTophat has 120 seconds left.\n|\n|t:|1700614310\n|start\n|switch|p1a: Ribombee|Ribombee, M|100\/100\n|switch|p2a: Ogerpon|Ogerpon-Wellspring, F|100\/100\n|turn|1\n|\n|t:|1700614318\n|move|p1a: Ribombee|Sticky Web|p2a: Ogerpon\n|-sidestart|p2: CapnTophat|move: Sticky Web\n|move|p2a: Ogerpon|Ivy Cudgel|p1a: Ribombee|[anim] Ivy Cudgel Water\n|-crit|p1a: Ribombee\n|-enditem|p1a: Ribombee|Focus Sash\n|-damage|p1a: Ribombee|1\/100\n|\n|upkeep\n|turn|2\n|\n|t:|1700614325\n|move|p1a: Ribombee|Moonblast|p2a: Ogerpon\n|-damage|p2a: Ogerpon|53\/100\n|-unboost|p2a: Ogerpon|spa|1\n|move|p2a: Ogerpon|Spikes|p1a: Ribombee\n|-sidestart|p1: Kidzukaworld|Spikes\n|\n|upkeep\n|turn|3\n|\n|t:|1700614330\n|move|p1a: Ribombee|Moonblast|p2a: Ogerpon\n|-damage|p2a: Ogerpon|9\/100\n|move|p2a: Ogerpon|U-turn|p1a: Ribombee\n|-resisted|p1a: Ribombee\n|-damage|p1a: Ribombee|0 fnt\n|faint|p1a: Ribombee\n|\n|t:|1700614335\n|switch|p2a: Great Tusk|Great Tusk|100\/100|[from] U-turn\n|-activate|p2a: Great Tusk|move: Sticky Web\n|-unboost|p2a: Great Tusk|spe|1\n|\n|upkeep\n|\n|t:|1700614340\n|switch|p1a: Ceruledge|Ceruledge, M|100\/100\n|-damage|p1a: Ceruledge|88\/100|[from] Spikes\n|turn|4\n|\n|t:|1700614343\n|move|p1a: Ceruledge|Bitter Blade|p2a: Great Tusk\n|-damage|p2a: Great Tusk|77\/100\n|-heal|p1a: Ceruledge|100\/100|[from] drain|[of] p2a: Great Tusk\n|move|p2a: Great Tusk|Stealth Rock|p1a: Ceruledge\n|-sidestart|p1: Kidzukaworld|move: Stealth Rock\n|\n|-heal|p2a: Great Tusk|84\/100|[from] item: Leftovers\n|upkeep\n|turn|5\n|\n|t:|1700614351\n|move|p1a: Ceruledge|Swords Dance|p1a: Ceruledge\n|-boost|p1a: Ceruledge|atk|2\n|move|p2a: Great Tusk|Earthquake|p1a: Ceruledge\n|-supereffective|p1a: Ceruledge\n|-enditem|p1a: Ceruledge|Focus Sash\n|-damage|p1a: Ceruledge|1\/100\n|-ability|p1a: Ceruledge|Weak Armor|boost\n|-unboost|p1a: Ceruledge|def|1\n|-boost|p1a: Ceruledge|spe|2\n|\n|-heal|p2a: Great Tusk|90\/100|[from] item: Leftovers\n|upkeep\n|turn|6\n|\n|t:|1700614357\n|move|p1a: Ceruledge|Poltergeist|p2a: Great Tusk\n|-activate|p2a: Great Tusk|move: Poltergeist|Leftovers\n|-damage|p2a: Great Tusk|36\/100\n|move|p2a: Great Tusk|Earthquake|p1a: Ceruledge\n|-supereffective|p1a: Ceruledge\n|-damage|p1a: Ceruledge|0 fnt\n|faint|p1a: Ceruledge\n|\n|-heal|p2a: Great Tusk|42\/100|[from] item: Leftovers\n|upkeep\n|\n|t:|1700614368\n|switch|p1a: Great Tusk|Great Tusk|100\/100\n|-damage|p1a: Great Tusk|88\/100|[from] Spikes\n|-damage|p1a: Great Tusk|85\/100|[from] Stealth Rock\n|-enditem|p1a: Great Tusk|Booster Energy\n|-activate|p1a: Great Tusk|ability: Protosynthesis|[fromitem]\n|-start|p1a: Great Tusk|protosynthesisatk\n|turn|7\n|\n|t:|1700614372\n|move|p1a: Great Tusk|Bulk Up|p1a: Great Tusk\n|-boost|p1a: Great Tusk|atk|1\n|-boost|p1a: Great Tusk|def|1\n|move|p2a: Great Tusk|Rapid Spin|p1a: Great Tusk\n|-damage|p1a: Great Tusk|78\/100\n|-boost|p2a: Great Tusk|spe|1\n|-sideend|p2: CapnTophat|Sticky Web|[from] move: Rapid Spin|[of] p2a: Great Tusk\n|\n|-heal|p2a: Great Tusk|48\/100|[from] item: Leftovers\n|upkeep\n|turn|8\n|\n|t:|1700614380\n|-end|p2a: Great Tusk|Protosynthesis|[silent]\n|switch|p2a: Arcanine|Arcanine, M|100\/100\n|-ability|p2a: Arcanine|Intimidate|boost\n|-unboost|p1a: Great Tusk|atk|1\n|move|p1a: Great Tusk|Ice Spinner|p2a: Arcanine\n|-resisted|p2a: Arcanine\n|-damage|p2a: Arcanine|86\/100\n|\n|upkeep\n|turn|9\n|\n|t:|1700614392\n|-terastallize|p2a: Arcanine|Grass\n|move|p1a: Great Tusk|Rapid Spin|p2a: Arcanine\n|-damage|p2a: Arcanine|69\/100\n|-boost|p1a: Great Tusk|spe|1\n|-sideend|p1: Kidzukaworld|Spikes|[from] move: Rapid Spin|[of] p1a: Great Tusk\n|-sideend|p1: Kidzukaworld|Stealth Rock|[from] move: Rapid Spin|[of] p1a: Great Tusk\n|move|p2a: Arcanine|Will-O-Wisp|p1a: Great Tusk\n|-status|p1a: Great Tusk|brn\n|\n|-damage|p1a: Great Tusk|72\/100 brn|[from] brn\n|upkeep\n|turn|10\n|\n|t:|1700614399\n|move|p1a: Great Tusk|Bulk Up|p1a: Great Tusk\n|-boost|p1a: Great Tusk|atk|1\n|-boost|p1a: Great Tusk|def|1\n|move|p2a: Arcanine|Flamethrower|p1a: Great Tusk\n|-damage|p1a: Great Tusk|28\/100 brn\n|\n|-damage|p1a: Great Tusk|22\/100 brn|[from] brn\n|upkeep\n|turn|11\n|\n|t:|1700614403\n|switch|p2a: Great Tusk|Great Tusk|48\/100\n|move|p1a: Great Tusk|Ice Spinner|p2a: Great Tusk\n|-supereffective|p2a: Great Tusk\n|-damage|p2a: Great Tusk|22\/100\n|\n|-heal|p2a: Great Tusk|28\/100|[from] item: Leftovers\n|-damage|p1a: Great Tusk|16\/100 brn|[from] brn\n|upkeep\n|turn|12\n|\n|t:|1700614406\n|move|p1a: Great Tusk|Ice Spinner|p2a: Great Tusk\n|-supereffective|p2a: Great Tusk\n|-damage|p2a: Great Tusk|4\/100\n|move|p2a: Great Tusk|Stealth Rock|p1a: Great Tusk\n|-sidestart|p1: Kidzukaworld|move: Stealth Rock\n|\n|-heal|p2a: Great Tusk|11\/100|[from] item: Leftovers\n|-damage|p1a: Great Tusk|9\/100 brn|[from] brn\n|upkeep\n|turn|13\n|\n|t:|1700614415\n|-end|p2a: Great Tusk|Protosynthesis|[silent]\n|switch|p2a: Dragapult|Dragapult, M|100\/100\n|move|p1a: Great Tusk|Ice Spinner|p2a: Dragapult\n|-supereffective|p2a: Dragapult\n|-damage|p2a: Dragapult|29\/100\n|\n|-damage|p1a: Great Tusk|3\/100 brn|[from] brn\n|upkeep\n|turn|14\n|\n|t:|1700614430\n|move|p1a: Great Tusk|Rapid Spin|p2a: Dragapult\n|-immune|p2a: Dragapult\n|move|p2a: Dragapult|U-turn|p1a: Great Tusk\n|-resisted|p1a: Great Tusk\n|-damage|p1a: Great Tusk|0 fnt\n|faint|p1a: Great Tusk\n|-end|p1a: Great Tusk|Protosynthesis|[silent]\n|\n|t:|1700614435\n|switch|p2a: Ogerpon|Ogerpon-Wellspring, F|9\/100|[from] U-turn\n|\n|upkeep\n|\n|t:|1700614441\n|switch|p1a: Gengar|Gengar, M|100\/100\n|-damage|p1a: Gengar|88\/100|[from] Stealth Rock\n|turn|15\n|\n|t:|1700614443\n|move|p1a: Gengar|Sludge Bomb|p2a: Ogerpon\n|-supereffective|p2a: Ogerpon\n|-damage|p2a: Ogerpon|0 fnt\n|faint|p2a: Ogerpon\n|\n|upkeep\n|\n|t:|1700614449\n|switch|p2a: Dragapult|Dragapult, M|29\/100\n|turn|16\n|\n|t:|1700614451\n|move|p2a: Dragapult|Shadow Ball|p1a: Gengar\n|-supereffective|p1a: Gengar\n|-damage|p1a: Gengar|0 fnt\n|faint|p1a: Gengar\n|\n|upkeep\n|\n|t:|1700614453\n|switch|p1a: Haxorus|Haxorus, M|100\/100\n|-damage|p1a: Haxorus|88\/100|[from] Stealth Rock\n|-ability|p1a: Haxorus|Mold Breaker\n|turn|17\n|\n|t:|1700614457\n|move|p2a: Dragapult|Shadow Ball|p1a: Haxorus\n|-damage|p1a: Haxorus|2\/100\n|-unboost|p1a: Haxorus|spd|1\n|move|p1a: Haxorus|Dragon Dance|p1a: Haxorus\n|-boost|p1a: Haxorus|atk|1\n|-boost|p1a: Haxorus|spe|1\n|\n|upkeep\n|turn|18\n|\n|t:|1700614463\n|switch|p2a: Arcanine|Arcanine, M, tera:Grass|69\/100\n|-ability|p2a: Arcanine|Intimidate|boost\n|-unboost|p1a: Haxorus|atk|1\n|move|p1a: Haxorus|Earthquake|p2a: Arcanine\n|-resisted|p2a: Arcanine\n|-damage|p2a: Arcanine|54\/100\n|\n|upkeep\n|turn|19\n|\n|t:|1700614473\n|-terastallize|p1a: Haxorus|Fire\n|move|p1a: Haxorus|Tera Blast|p2a: Arcanine|[anim] Tera Blast Fire\n|-supereffective|p2a: Arcanine\n|-damage|p2a: Arcanine|0 fnt\n|faint|p2a: Arcanine\n|\n|upkeep\n|\n|t:|1700614476\n|switch|p2a: Iron Valiant|Iron Valiant|100\/100\n|-enditem|p2a: Iron Valiant|Booster Energy\n|-activate|p2a: Iron Valiant|ability: Quark Drive|[fromitem]\n|-start|p2a: Iron Valiant|quarkdrivespe\n|turn|20\n|\n|t:|1700614480\n|move|p2a: Iron Valiant|Knock Off|p1a: Haxorus\n|-damage|p1a: Haxorus|0 fnt\n|-enditem|p1a: Haxorus|Lum Berry|[from] move: Knock Off|[of] p2a: Iron Valiant\n|faint|p1a: Haxorus\n|\n|upkeep\n|\n|t:|1700614481\n|switch|p1a: Armarouge|Armarouge, M|100\/100\n|-damage|p1a: Armarouge|76\/100|[from] Stealth Rock\n|turn|21\n|\n|t:|1700614488\n|move|p2a: Iron Valiant|Swords Dance|p2a: Iron Valiant\n|-boost|p2a: Iron Valiant|atk|2\n|move|p1a: Armarouge|Armor Cannon|p2a: Iron Valiant\n|-damage|p2a: Iron Valiant|0 fnt\n|-unboost|p1a: Armarouge|def|1\n|-unboost|p1a: Armarouge|spd|1\n|faint|p2a: Iron Valiant\n|-end|p2a: Iron Valiant|Quark Drive|[silent]\n|\n|upkeep\n|\n|t:|1700614491\n|switch|p2a: Dragapult|Dragapult, M|29\/100\n|turn|22\n|-message|Kidzukaworld forfeited.\n|\n|win|CapnTophat\n|raw|Kidzukaworld's rating: 1590 &rarr; <strong>1580<\/strong><br \/>(-10 for losing)\n|raw|CapnTophat's rating: 1786 &rarr; <strong>1796<\/strong><br \/>(+10 for winning)\n|l|\u2606Kidzukaworld\n","uploadtime":1700614542,"views":5,"p1id":"kidzukaworld","p2id":"capntophat","formatid":"gen9ou","rating":1580,"private":0,"password":""}