{"id":"gen9ou-1996616660","p1":"AltosPKM","p2":"Blissarrap","format":"[Gen 9] OU","log":"|j|\u2606AltosPKM\n|j|\u2606Blissarrap\n|t:|1700701056\n|gametype|singles\n|player|p1|AltosPKM|101|1096\n|player|p2|Blissarrap|burglar|1202\n|teamsize|p1|6\n|teamsize|p2|6\n|gen|9\n|tier|[Gen 9] OU\n|rated|\n|rule|Sleep Clause Mod: Limit one foe put to sleep\n|rule|Species Clause: Limit one of each Pok\u00e9mon\n|rule|OHKO Clause: OHKO moves are banned\n|rule|Evasion Items Clause: Evasion items are banned\n|rule|Evasion Moves Clause: Evasion moves are banned\n|rule|Endless Battle Clause: Forcing endless battles is banned\n|rule|HP Percentage Mod: HP is shown in percentages\n|clearpoke\n|poke|p1|Appletun, M|\n|poke|p1|Rabsca, F|\n|poke|p1|Florges-White, F|\n|poke|p1|Abomasnow, M|\n|poke|p1|Cresselia, F|\n|poke|p1|Chimecho, M|\n|poke|p2|Toxapex, F|\n|poke|p2|Zapdos|\n|poke|p2|Iron Valiant|\n|poke|p2|Great Tusk|\n|poke|p2|Ting-Lu|\n|poke|p2|Gholdengo|\n|teampreview\n|inactive|Battle timer is ON: inactive players will automatically lose when time's up. (requested by Blissarrap)\n|\n|t:|1700701071\n|start\n|switch|p1a: Florges|Florges-White, F, shiny|100\/100\n|switch|p2a: Toxapex|Toxapex, F|100\/100\n|turn|1\n|\n|t:|1700701082\n|-terastallize|p1a: Florges|Grass\n|move|p1a: Florges|Calm Mind|p1a: Florges\n|-boost|p1a: Florges|spa|1\n|-boost|p1a: Florges|spd|1\n|move|p2a: Toxapex|Toxic|p1a: Florges\n|-block|p1a: Florges|ability: Flower Veil|[of] p1a: Florges\n|\n|upkeep\n|turn|2\n|\n|t:|1700701089\n|move|p1a: Florges|Calm Mind|p1a: Florges\n|-boost|p1a: Florges|spa|1\n|-boost|p1a: Florges|spd|1\n|move|p2a: Toxapex|Haze|p2a: Toxapex\n|-clearallboost\n|\n|upkeep\n|turn|3\n|\n|t:|1700701098\n|switch|p2a: Zapdos|Zapdos|100\/100\n|move|p1a: Florges|Calm Mind|p1a: Florges\n|-boost|p1a: Florges|spa|1\n|-boost|p1a: Florges|spd|1\n|\n|upkeep\n|turn|4\n|\n|t:|1700701100\n|move|p2a: Zapdos|Hurricane|p1a: Florges\n|-supereffective|p1a: Florges\n|-damage|p1a: Florges|59\/100\n|move|p1a: Florges|Moonblast|p2a: Zapdos\n|-damage|p2a: Zapdos|44\/100\n|\n|-heal|p1a: Florges|65\/100|[from] item: Leftovers\n|upkeep\n|turn|5\n|\n|t:|1700701105\n|move|p2a: Zapdos|Volt Switch|p1a: Florges\n|-resisted|p1a: Florges\n|-damage|p1a: Florges|58\/100\n|\n|t:|1700701121\n|switch|p2a: Gholdengo|Gholdengo|100\/100|[from] Volt Switch\n|-item|p2a: Gholdengo|Air Balloon\n|move|p1a: Florges|Moonblast|p2a: Gholdengo\n|-resisted|p2a: Gholdengo\n|-damage|p2a: Gholdengo|67\/100\n|-unboost|p2a: Gholdengo|spa|1\n|-enditem|p2a: Gholdengo|Air Balloon\n|\n|-heal|p1a: Florges|64\/100|[from] item: Leftovers\n|upkeep\n|turn|6\n|\n|t:|1700701126\n|move|p2a: Gholdengo|Nasty Plot|p2a: Gholdengo\n|-boost|p2a: Gholdengo|spa|2\n|move|p1a: Florges|Giga Drain|p2a: Gholdengo\n|-resisted|p2a: Gholdengo\n|-damage|p2a: Gholdengo|41\/100\n|-heal|p1a: Florges|76\/100|[from] drain|[of] p2a: Gholdengo\n|\n|-heal|p1a: Florges|82\/100|[from] item: Leftovers\n|upkeep\n|turn|7\n|\n|t:|1700701134\n|move|p2a: Gholdengo|Recover|p2a: Gholdengo\n|-heal|p2a: Gholdengo|91\/100\n|move|p1a: Florges|Calm Mind|p1a: Florges\n|-boost|p1a: Florges|spa|1\n|-boost|p1a: Florges|spd|1\n|\n|-heal|p1a: Florges|88\/100|[from] item: Leftovers\n|upkeep\n|turn|8\n|\n|t:|1700701141\n|move|p2a: Gholdengo|Nasty Plot|p2a: Gholdengo\n|-boost|p2a: Gholdengo|spa|2\n|move|p1a: Florges|Stored Power|p2a: Gholdengo\n|-resisted|p2a: Gholdengo\n|-damage|p2a: Gholdengo|64\/100\n|\n|-heal|p1a: Florges|94\/100|[from] item: Leftovers\n|upkeep\n|turn|9\n|\n|t:|1700701155\n|move|p2a: Gholdengo|Nasty Plot|p2a: Gholdengo\n|-boost|p2a: Gholdengo|spa|2\n|move|p1a: Florges|Moonblast|p2a: Gholdengo\n|-resisted|p2a: Gholdengo\n|-damage|p2a: Gholdengo|20\/100\n|\n|-heal|p1a: Florges|99\/100|[from] item: Leftovers\n|upkeep\n|turn|10\n|\n|t:|1700701158\n|move|p2a: Gholdengo|Recover|p2a: Gholdengo\n|-heal|p2a: Gholdengo|70\/100\n|move|p1a: Florges|Moonblast|p2a: Gholdengo\n|-resisted|p2a: Gholdengo\n|-damage|p2a: Gholdengo|26\/100\n|\n|-heal|p1a: Florges|100\/100|[from] item: Leftovers\n|upkeep\n|turn|11\n|\n|t:|1700701186\n|move|p2a: Gholdengo|Recover|p2a: Gholdengo\n|-heal|p2a: Gholdengo|76\/100\n|move|p1a: Florges|Moonblast|p2a: Gholdengo\n|-resisted|p2a: Gholdengo\n|-damage|p2a: Gholdengo|34\/100\n|-unboost|p2a: Gholdengo|spa|1\n|\n|upkeep\n|turn|12\n|\n|t:|1700701189\n|move|p2a: Gholdengo|Make It Rain|p1a: Florges\n|-damage|p1a: Florges|44\/100\n|-unboost|p2a: Gholdengo|spa|1\n|move|p1a: Florges|Moonblast|p2a: Gholdengo\n|-resisted|p2a: Gholdengo\n|-damage|p2a: Gholdengo|0 fnt\n|faint|p2a: Gholdengo\n|\n|-heal|p1a: Florges|50\/100|[from] item: Leftovers\n|upkeep\n|inactive|Blissarrap has 120 seconds left.\n|\n|t:|1700701234\n|switch|p2a: Ting-Lu|Ting-Lu|100\/100\n|-ability|p2a: Ting-Lu|Vessel of Ruin\n|turn|13\n|inactive|Blissarrap has 90 seconds left.\n|\n|t:|1700701254\n|move|p1a: Florges|Giga Drain|p2a: Ting-Lu\n|-supereffective|p2a: Ting-Lu\n|-damage|p2a: Ting-Lu|55\/100\n|-heal|p1a: Florges|83\/100|[from] drain|[of] p2a: Ting-Lu\n|move|p2a: Ting-Lu|Whirlwind|p1a: Florges\n|drag|p1a: Chimecho|Chimecho, M|100\/100\n|\n|-heal|p2a: Ting-Lu|61\/100|[from] item: Leftovers\n|upkeep\n|turn|14\n|\n|t:|1700701264\n|switch|p1a: Abomasnow|Abomasnow, M, shiny|100\/100\n|-weather|Snow|[from] ability: Snow Warning|[of] p1a: Abomasnow\n|move|p2a: Ting-Lu|Spikes|p1a: Abomasnow\n|-sidestart|p1: AltosPKM|Spikes\n|\n|-weather|Snow|[upkeep]\n|-heal|p2a: Ting-Lu|67\/100|[from] item: Leftovers\n|upkeep\n|turn|15\n|\n|t:|1700701281\n|move|p2a: Ting-Lu|Ruination|p1a: Abomasnow\n|-damage|p1a: Abomasnow|51\/100\n|move|p1a: Abomasnow|Aurora Veil|p1a: Abomasnow\n|-sidestart|p1: AltosPKM|move: Aurora Veil\n|\n|-weather|Snow|[upkeep]\n|-heal|p2a: Ting-Lu|73\/100|[from] item: Leftovers\n|upkeep\n|turn|16\n|\n|t:|1700701293\n|switch|p2a: Toxapex|Toxapex, F|100\/100\n|move|p1a: Abomasnow|Wood Hammer|p2a: Toxapex\n|-damage|p2a: Toxapex|76\/100\n|-damage|p1a: Abomasnow|44\/100|[from] Recoil\n|\n|-weather|Snow|[upkeep]\n|-heal|p2a: Toxapex|82\/100|[from] item: Leftovers\n|upkeep\n|turn|17\n|inactive|Blissarrap has 90 seconds left.\n|\n|t:|1700701314\n|switch|p1a: Florges|Florges-White, F, shiny, tera:Grass|83\/100\n|-damage|p1a: Florges|70\/100|[from] Spikes\n|switch|p2a: Zapdos|Zapdos|44\/100\n|\n|-weather|Snow|[upkeep]\n|-heal|p1a: Florges|76\/100|[from] item: Leftovers\n|upkeep\n|turn|18\n|inactive|Blissarrap has 90 seconds left.\n|\n|t:|1700701325\n|move|p2a: Zapdos|Hurricane|p1a: Florges\n|-supereffective|p1a: Florges\n|-damage|p1a: Florges|45\/100\n|move|p1a: Florges|Calm Mind|p1a: Florges\n|-boost|p1a: Florges|spa|1\n|-boost|p1a: Florges|spd|1\n|\n|-weather|none\n|-heal|p1a: Florges|52\/100|[from] item: Leftovers\n|upkeep\n|turn|19\n|\n|t:|1700701333\n|move|p2a: Zapdos|Volt Switch|p1a: Florges\n|-resisted|p1a: Florges\n|-damage|p1a: Florges|49\/100\n|\n|t:|1700701335\n|switch|p2a: Toxapex|Toxapex, F|100\/100|[from] Volt Switch\n|move|p1a: Florges|Moonblast|p2a: Toxapex\n|-resisted|p2a: Toxapex\n|-crit|p2a: Toxapex\n|-damage|p2a: Toxapex|68\/100\n|\n|-heal|p1a: Florges|55\/100|[from] item: Leftovers\n|-heal|p2a: Toxapex|74\/100|[from] item: Leftovers\n|upkeep\n|turn|20\n|\n|t:|1700701339\n|move|p1a: Florges|Stored Power|p2a: Toxapex\n|-supereffective|p2a: Toxapex\n|-damage|p2a: Toxapex|36\/100\n|move|p2a: Toxapex|Haze|p2a: Toxapex\n|-clearallboost\n|\n|-heal|p1a: Florges|61\/100|[from] item: Leftovers\n|-heal|p2a: Toxapex|42\/100|[from] item: Leftovers\n|upkeep\n|turn|21\n|inactive|Blissarrap has 120 seconds left.\n|\n|t:|1700701346\n|switch|p2a: Ting-Lu|Ting-Lu|73\/100\n|-ability|p2a: Ting-Lu|Vessel of Ruin\n|move|p1a: Florges|Calm Mind|p1a: Florges\n|-boost|p1a: Florges|spa|1\n|-boost|p1a: Florges|spd|1\n|\n|-heal|p1a: Florges|67\/100|[from] item: Leftovers\n|-heal|p2a: Ting-Lu|79\/100|[from] item: Leftovers\n|upkeep\n|turn|22\n|\n|t:|1700701349\n|move|p1a: Florges|Moonblast|p2a: Ting-Lu\n|-supereffective|p2a: Ting-Lu\n|-damage|p2a: Ting-Lu|36\/100\n|move|p2a: Ting-Lu|Whirlwind|p1a: Florges\n|drag|p1a: Abomasnow|Abomasnow, M, shiny|44\/100\n|-damage|p1a: Abomasnow|32\/100|[from] Spikes\n|-weather|Snow|[from] ability: Snow Warning|[of] p1a: Abomasnow\n|\n|-weather|Snow|[upkeep]\n|-heal|p2a: Ting-Lu|42\/100|[from] item: Leftovers\n|-sideend|p1: AltosPKM|move: Aurora Veil\n|upkeep\n|turn|23\n|inactive|Blissarrap has 120 seconds left.\n|\n|t:|1700701378\n|-terastallize|p2a: Ting-Lu|Poison\n|move|p2a: Ting-Lu|Spikes|p1a: Abomasnow\n|-sidestart|p1: AltosPKM|Spikes\n|move|p1a: Abomasnow|Aurora Veil|p1a: Abomasnow\n|-sidestart|p1: AltosPKM|move: Aurora Veil\n|\n|-weather|Snow|[upkeep]\n|-heal|p2a: Ting-Lu|48\/100|[from] item: Leftovers\n|upkeep\n|turn|24\n|inactive|Blissarrap has 120 seconds left.\n|\n|t:|1700701396\n|move|p1a: Abomasnow|Earthquake|p2a: Ting-Lu\n|-supereffective|p2a: Ting-Lu\n|-damage|p2a: Ting-Lu|27\/100\n|move|p2a: Ting-Lu|Whirlwind|p1a: Abomasnow\n|drag|p1a: Cresselia|Cresselia, F|100\/100\n|\n|-weather|Snow|[upkeep]\n|-heal|p2a: Ting-Lu|33\/100|[from] item: Leftovers\n|upkeep\n|turn|25\n|\n|t:|1700701402\n|move|p2a: Ting-Lu|Ruination|p1a: Cresselia\n|-damage|p1a: Cresselia|50\/100\n|move|p1a: Cresselia|Trick Room|p1a: Cresselia\n|-fieldstart|move: Trick Room|[of] p1a: Cresselia\n|\n|-weather|Snow|[upkeep]\n|-heal|p2a: Ting-Lu|39\/100|[from] item: Leftovers\n|-heal|p1a: Cresselia|57\/100|[from] item: Leftovers\n|upkeep\n|turn|26\n|inactive|Blissarrap has 120 seconds left.\n|\n|t:|1700701426\n|switch|p1a: Appletun|Appletun, M, shiny|100\/100\n|-damage|p1a: Appletun|84\/100|[from] Spikes\n|move|p2a: Ting-Lu|Whirlwind|p1a: Appletun\n|drag|p1a: Abomasnow|Abomasnow, M, shiny|32\/100\n|-damage|p1a: Abomasnow|15\/100|[from] Spikes\n|\n|-weather|none\n|-heal|p2a: Ting-Lu|45\/100|[from] item: Leftovers\n|upkeep\n|turn|27\n|inactive|Blissarrap has 120 seconds left.\n|\n|t:|1700701453\n|switch|p2a: Zapdos|Zapdos|44\/100\n|move|p1a: Abomasnow|Ice Punch|p2a: Zapdos\n|-supereffective|p2a: Zapdos\n|-damage|p2a: Zapdos|0 fnt\n|-status|p1a: Abomasnow|par|[from] ability: Static|[of] p2a: Zapdos\n|faint|p2a: Zapdos\n|\n|upkeep\n|\n|t:|1700701464\n|switch|p2a: Ting-Lu|Ting-Lu, tera:Poison|45\/100\n|-ability|p2a: Ting-Lu|Vessel of Ruin\n|turn|28\n|\n|t:|1700701470\n|move|p1a: Abomasnow|Ice Punch|p2a: Ting-Lu\n|-damage|p2a: Ting-Lu|32\/100\n|move|p2a: Ting-Lu|Whirlwind|p1a: Abomasnow\n|drag|p1a: Cresselia|Cresselia, F|57\/100\n|\n|-heal|p2a: Ting-Lu|39\/100|[from] item: Leftovers\n|-heal|p1a: Cresselia|63\/100|[from] item: Leftovers\n|upkeep\n|turn|29\n|\n|t:|1700701477\n|move|p2a: Ting-Lu|Ruination|p1a: Cresselia\n|-damage|p1a: Cresselia|32\/100\n|move|p1a: Cresselia|Psychic|p2a: Ting-Lu\n|-supereffective|p2a: Ting-Lu\n|-crit|p2a: Ting-Lu\n|-damage|p2a: Ting-Lu|9\/100\n|\n|-heal|p2a: Ting-Lu|15\/100|[from] item: Leftovers\n|-heal|p1a: Cresselia|38\/100|[from] item: Leftovers\n|-fieldend|move: Trick Room\n|upkeep\n|turn|30\n|inactive|Blissarrap has 90 seconds left.\n|\n|t:|1700701520\n|switch|p2a: Toxapex|Toxapex, F|75\/100\n|move|p1a: Cresselia|Moonlight|p1a: Cresselia\n|-heal|p1a: Cresselia|88\/100\n|\n|-heal|p1a: Cresselia|94\/100|[from] item: Leftovers\n|-heal|p2a: Toxapex|82\/100|[from] item: Leftovers\n|-sideend|p1: AltosPKM|move: Aurora Veil\n|upkeep\n|turn|31\n|\n|t:|1700701537\n|switch|p1a: Florges|Florges-White, F, shiny, tera:Grass|67\/100\n|-damage|p1a: Florges|50\/100|[from] Spikes\n|switch|p2a: Iron Valiant|Iron Valiant|100\/100\n|-enditem|p2a: Iron Valiant|Booster Energy\n|-activate|p2a: Iron Valiant|ability: Quark Drive|[fromitem]\n|-start|p2a: Iron Valiant|quarkdrivespe\n|\n|-heal|p1a: Florges|56\/100|[from] item: Leftovers\n|upkeep\n|turn|32\n|\n|t:|1700701545\n|move|p2a: Iron Valiant|Moonblast|p1a: Florges\n|-damage|p1a: Florges|26\/100\n|move|p1a: Florges|Calm Mind|p1a: Florges\n|-boost|p1a: Florges|spa|1\n|-boost|p1a: Florges|spd|1\n|\n|-heal|p1a: Florges|32\/100|[from] item: Leftovers\n|upkeep\n|turn|33\n|\n|t:|1700701550\n|move|p2a: Iron Valiant|Encore|p1a: Florges\n|-start|p1a: Florges|Encore\n|move|p1a: Florges|Calm Mind|p1a: Florges\n|-boost|p1a: Florges|spa|1\n|-boost|p1a: Florges|spd|1\n|\n|-heal|p1a: Florges|39\/100|[from] item: Leftovers\n|upkeep\n|turn|34\n|\n|t:|1700701554\n|move|p2a: Iron Valiant|Close Combat|p1a: Florges\n|-damage|p1a: Florges|0 fnt\n|-unboost|p2a: Iron Valiant|def|1\n|-unboost|p2a: Iron Valiant|spd|1\n|faint|p1a: Florges\n|\n|upkeep\n|\n|t:|1700701560\n|switch|p1a: Rabsca|Rabsca, F|100\/100\n|-damage|p1a: Rabsca|84\/100|[from] Spikes\n|turn|35\n|\n|t:|1700701580\n|move|p2a: Iron Valiant|Moonblast|p1a: Rabsca\n|-damage|p1a: Rabsca|44\/100\n|-unboost|p1a: Rabsca|spa|1\n|move|p1a: Rabsca|Bug Buzz|p2a: Iron Valiant\n|-resisted|p2a: Iron Valiant\n|-damage|p2a: Iron Valiant|83\/100\n|-enditem|p1a: Rabsca|Throat Spray\n|-boost|p1a: Rabsca|spa|1|[from] item: Throat Spray\n|\n|upkeep\n|turn|36\n|inactive|Blissarrap has 90 seconds left.\n|inactive|Blissarrap has 60 seconds left.\n|\n|t:|1700701642\n|switch|p1a: Cresselia|Cresselia, F|94\/100\n|move|p2a: Iron Valiant|Moonblast|p1a: Cresselia\n|-damage|p1a: Cresselia|67\/100\n|\n|-heal|p1a: Cresselia|73\/100|[from] item: Leftovers\n|upkeep\n|turn|37\n|inactive|Blissarrap has 60 seconds left.\n|c|\u2606AltosPKM|Stall team with no stall mons\n|inactive|AltosPKM has 120 seconds left.\n|\n|t:|1700701659\n|-end|p2a: Iron Valiant|Quark Drive|[silent]\n|switch|p2a: Toxapex|Toxapex, F|100\/100\n|move|p1a: Cresselia|Moonlight|p1a: Cresselia\n|-heal|p1a: Cresselia|100\/100\n|\n|upkeep\n|turn|38\n|c|\u2606Blissarrap|bro wtf is a florges\n|\n|t:|1700701663\n|move|p1a: Cresselia|Psychic|p2a: Toxapex\n|-supereffective|p2a: Toxapex\n|-damage|p2a: Toxapex|62\/100\n|move|p2a: Toxapex|Toxic|p1a: Cresselia\n|-status|p1a: Cresselia|tox\n|\n|-heal|p2a: Toxapex|69\/100|[from] item: Leftovers\n|-damage|p1a: Cresselia|94\/100 tox|[from] psn\n|upkeep\n|turn|39\n|\n|t:|1700701668\n|move|p2a: Toxapex|Surf|p1a: Cresselia\n|-damage|p1a: Cresselia|84\/100 tox\n|move|p1a: Cresselia|Trick Room|p1a: Cresselia\n|-fieldstart|move: Trick Room|[of] p1a: Cresselia\n|\n|-heal|p2a: Toxapex|75\/100|[from] item: Leftovers\n|-heal|p1a: Cresselia|90\/100 tox|[from] item: Leftovers\n|-damage|p1a: Cresselia|78\/100 tox|[from] psn\n|upkeep\n|turn|40\n|\n|t:|1700701682\n|move|p2a: Toxapex|Surf|p1a: Cresselia\n|-damage|p1a: Cresselia|67\/100 tox\n|move|p1a: Cresselia|Psychic|p2a: Toxapex\n|-supereffective|p2a: Toxapex\n|-damage|p2a: Toxapex|37\/100\n|\n|-heal|p2a: Toxapex|44\/100|[from] item: Leftovers\n|-heal|p1a: Cresselia|73\/100 tox|[from] item: Leftovers\n|-damage|p1a: Cresselia|55\/100 tox|[from] psn\n|upkeep\n|turn|41\n|\n|t:|1700701688\n|switch|p1a: Appletun|Appletun, M, shiny|84\/100\n|-damage|p1a: Appletun|67\/100|[from] Spikes\n|move|p2a: Toxapex|Recover|p2a: Toxapex\n|-heal|p2a: Toxapex|94\/100\n|\n|-heal|p2a: Toxapex|99\/100|[from] item: Leftovers\n|upkeep\n|turn|42\n|\n|t:|1700701708\n|switch|p1a: Cresselia|Cresselia, F|55\/100 tox\n|move|p2a: Toxapex|Toxic|p1a: Cresselia\n|-fail|p1a: Cresselia|tox\n|\n|-heal|p2a: Toxapex|100\/100|[from] item: Leftovers\n|-heal|p1a: Cresselia|61\/100 tox|[from] item: Leftovers\n|-damage|p1a: Cresselia|55\/100 tox|[from] psn\n|upkeep\n|turn|43\n|\n|t:|1700701714\n|move|p2a: Toxapex|Surf|p1a: Cresselia\n|-damage|p1a: Cresselia|44\/100 tox\n|move|p1a: Cresselia|Psychic|p2a: Toxapex\n|-supereffective|p2a: Toxapex\n|-damage|p2a: Toxapex|64\/100\n|\n|-heal|p2a: Toxapex|71\/100|[from] item: Leftovers\n|-heal|p1a: Cresselia|50\/100 tox|[from] item: Leftovers\n|-damage|p1a: Cresselia|38\/100 tox|[from] psn\n|-fieldend|move: Trick Room\n|upkeep\n|turn|44\n|\n|t:|1700701721\n|move|p1a: Cresselia|Psychic|p2a: Toxapex\n|-supereffective|p2a: Toxapex\n|-damage|p2a: Toxapex|32\/100\n|move|p2a: Toxapex|Surf|p1a: Cresselia\n|-damage|p1a: Cresselia|28\/100 tox\n|\n|-heal|p1a: Cresselia|34\/100 tox|[from] item: Leftovers\n|-heal|p2a: Toxapex|39\/100|[from] item: Leftovers\n|-damage|p1a: Cresselia|16\/100 tox|[from] psn\n|upkeep\n|turn|45\n|\n|t:|1700701728\n|switch|p2a: Ting-Lu|Ting-Lu, tera:Poison|15\/100\n|-ability|p2a: Ting-Lu|Vessel of Ruin\n|move|p1a: Cresselia|Moonlight|p1a: Cresselia\n|-heal|p1a: Cresselia|66\/100 tox\n|\n|-heal|p1a: Cresselia|72\/100 tox|[from] item: Leftovers\n|-heal|p2a: Ting-Lu|22\/100|[from] item: Leftovers\n|-damage|p1a: Cresselia|47\/100 tox|[from] psn\n|upkeep\n|turn|46\n|\n|t:|1700701737\n|move|p1a: Cresselia|Psychic|p2a: Ting-Lu\n|-supereffective|p2a: Ting-Lu\n|-damage|p2a: Ting-Lu|0 fnt\n|faint|p2a: Ting-Lu\n|\n|-heal|p1a: Cresselia|53\/100 tox|[from] item: Leftovers\n|-damage|p1a: Cresselia|23\/100 tox|[from] psn\n|upkeep\n|\n|t:|1700701739\n|switch|p2a: Toxapex|Toxapex, F|72\/100\n|turn|47\n|\n|t:|1700701744\n|move|p1a: Cresselia|Moonlight|p1a: Cresselia\n|-heal|p1a: Cresselia|73\/100 tox\n|move|p2a: Toxapex|Recover|p2a: Toxapex\n|-heal|p2a: Toxapex|100\/100\n|\n|-heal|p1a: Cresselia|79\/100 tox|[from] item: Leftovers\n|-damage|p1a: Cresselia|43\/100 tox|[from] psn\n|upkeep\n|turn|48\n|\n|t:|1700701752\n|move|p1a: Cresselia|Psychic|p2a: Toxapex\n|-supereffective|p2a: Toxapex\n|-damage|p2a: Toxapex|63\/100\n|move|p2a: Toxapex|Surf|p1a: Cresselia\n|-damage|p1a: Cresselia|32\/100 tox\n|\n|-heal|p1a: Cresselia|38\/100 tox|[from] item: Leftovers\n|-heal|p2a: Toxapex|69\/100|[from] item: Leftovers\n|-damage|p1a: Cresselia|0 fnt|[from] psn\n|faint|p1a: Cresselia\n|upkeep\n|\n|t:|1700701764\n|switch|p1a: Abomasnow|Abomasnow, M, shiny|15\/100 par\n|-damage|p1a: Abomasnow|0 fnt|[from] Spikes\n|faint|p1a: Abomasnow\n|\n|t:|1700701771\n|switch|p1a: Rabsca|Rabsca, F|44\/100\n|-damage|p1a: Rabsca|27\/100|[from] Spikes\n|turn|49\n|\n|t:|1700701776\n|move|p1a: Rabsca|Recover|p1a: Rabsca\n|-heal|p1a: Rabsca|77\/100\n|move|p2a: Toxapex|Toxic|p1a: Rabsca\n|-status|p1a: Rabsca|tox\n|-activate|p1a: Rabsca|ability: Synchronize\n|-immune|p2a: Toxapex\n|\n|-heal|p2a: Toxapex|75\/100|[from] item: Leftovers\n|-damage|p1a: Rabsca|71\/100 tox|[from] psn\n|upkeep\n|turn|50\n|inactive|Blissarrap has 120 seconds left.\n|\n|t:|1700701808\n|move|p1a: Rabsca|Cosmic Power|p1a: Rabsca\n|-boost|p1a: Rabsca|def|1\n|-boost|p1a: Rabsca|spd|1\n|move|p2a: Toxapex|Recover|p2a: Toxapex\n|-heal|p2a: Toxapex|100\/100\n|\n|-damage|p1a: Rabsca|59\/100 tox|[from] psn\n|upkeep\n|turn|51\n|\n|t:|1700701814\n|move|p1a: Rabsca|Cosmic Power|p1a: Rabsca\n|-boost|p1a: Rabsca|def|1\n|-boost|p1a: Rabsca|spd|1\n|move|p2a: Toxapex|Haze|p2a: Toxapex\n|-clearallboost\n|\n|-damage|p1a: Rabsca|40\/100 tox|[from] psn\n|upkeep\n|turn|52\n|\n|t:|1700701818\n|move|p1a: Rabsca|Recover|p1a: Rabsca\n|-heal|p1a: Rabsca|90\/100 tox\n|move|p2a: Toxapex|Surf|p1a: Rabsca\n|-damage|p1a: Rabsca|75\/100 tox\n|\n|-damage|p1a: Rabsca|50\/100 tox|[from] psn\n|upkeep\n|turn|53\n|\n|t:|1700701822\n|switch|p1a: Chimecho|Chimecho, M|100\/100\n|move|p2a: Toxapex|Surf|p1a: Chimecho\n|-damage|p1a: Chimecho|82\/100\n|\n|-heal|p1a: Chimecho|89\/100|[from] item: Leftovers\n|upkeep\n|turn|54\n|\n|t:|1700701829\n|move|p1a: Chimecho|Charge Beam|p2a: Toxapex\n|-supereffective|p2a: Toxapex\n|-damage|p2a: Toxapex|83\/100\n|-boost|p1a: Chimecho|spa|1\n|move|p2a: Toxapex|Toxic|p1a: Chimecho\n|-status|p1a: Chimecho|tox\n|\n|-heal|p1a: Chimecho|95\/100 tox|[from] item: Leftovers\n|-heal|p2a: Toxapex|90\/100|[from] item: Leftovers\n|-damage|p1a: Chimecho|89\/100 tox|[from] psn\n|upkeep\n|turn|55\n|\n|t:|1700701833\n|move|p1a: Chimecho|Charge Beam|p2a: Toxapex\n|-supereffective|p2a: Toxapex\n|-damage|p2a: Toxapex|65\/100\n|-boost|p1a: Chimecho|spa|1\n|move|p2a: Toxapex|Haze|p2a: Toxapex\n|-clearallboost\n|\n|-heal|p1a: Chimecho|95\/100 tox|[from] item: Leftovers\n|-heal|p2a: Toxapex|71\/100|[from] item: Leftovers\n|-damage|p1a: Chimecho|82\/100 tox|[from] psn\n|upkeep\n|turn|56\n|inactive|AltosPKM has 120 seconds left.\n|c|\u2606AltosPKM|Toxapex and garganacl are both brainless to use . Thanks tho for helping me figure out my team has no answer\n|\n|t:|1700701877\n|move|p1a: Chimecho|Stored Power|p2a: Toxapex\n|-supereffective|p2a: Toxapex\n|-damage|p2a: Toxapex|60\/100\n|move|p2a: Toxapex|Surf|p1a: Chimecho\n|-damage|p1a: Chimecho|65\/100 tox\n|\n|-heal|p1a: Chimecho|72\/100 tox|[from] item: Leftovers\n|-heal|p2a: Toxapex|67\/100|[from] item: Leftovers\n|-damage|p1a: Chimecho|53\/100 tox|[from] psn\n|upkeep\n|turn|57\n|-message|AltosPKM forfeited.\n|\n|win|Blissarrap\n|raw|AltosPKM's rating: 1096 &rarr; <strong>1079<\/strong><br \/>(-17 for losing)\n|raw|Blissarrap's rating: 1202 &rarr; <strong>1220<\/strong><br \/>(+18 for winning)\n|l|\u2606AltosPKM\n|player|p2|Blissarrap|burglar\n","uploadtime":1700702365,"views":3,"p1id":"altospkm","p2id":"blissarrap","formatid":"gen9ou","rating":1079,"private":0,"password":""}