{"id":"gen9ou-1996455477","p1":"Raico","p2":"Asta_RPPLF","format":"[Gen 9] OU","log":"|j|\u2606Raico\n|j|\u2606Asta_RPPLF\n|t:|1700683685\n|gametype|singles\n|player|p1|Raico|red|\n|player|p2|Asta_RPPLF|#wcop2023belgium|\n|teamsize|p1|6\n|teamsize|p2|6\n|gen|9\n|tier|[Gen 9] OU\n|rule|Sleep Clause Mod: Limit one foe put to sleep\n|rule|Species Clause: Limit one of each Pok\u00e9mon\n|rule|OHKO Clause: OHKO moves are banned\n|rule|Evasion Items Clause: Evasion items are banned\n|rule|Evasion Moves Clause: Evasion moves are banned\n|rule|Endless Battle Clause: Forcing endless battles is banned\n|rule|HP Percentage Mod: HP is shown in percentages\n|clearpoke\n|poke|p1|Ogerpon-Wellspring, F|\n|poke|p1|Iron Moth|\n|poke|p1|Hatterene, F|\n|poke|p1|Mandibuzz, F|\n|poke|p1|Kingambit, F|\n|poke|p1|Dragapult, M|\n|poke|p2|Dragapult, M|\n|poke|p2|Hatterene, F|\n|poke|p2|Mandibuzz, F|\n|poke|p2|Meowscarada, F|\n|poke|p2|Heatran, M|\n|poke|p2|Great Tusk|\n|teampreview\n|\n|t:|1700683707\n|start\n|switch|p1a: feu froid|Dragapult, M|100\/100\n|switch|p2a: Il y a un BUG|Heatran, M|100\/100\n|turn|1\n|\n|t:|1700683717\n|move|p1a: feu froid|Shadow Ball|p2a: Il y a un BUG\n|-damage|p2a: Il y a un BUG|69\/100\n|-unboost|p2a: Il y a un BUG|spd|1\n|move|p2a: Il y a un BUG|Magma Storm|p1a: feu froid\n|-resisted|p1a: feu froid\n|-damage|p1a: feu froid|72\/100\n|-activate|p1a: feu froid|move: Magma Storm|[of] p2a: Il y a un BUG\n|\n|-heal|p2a: Il y a un BUG|75\/100|[from] item: Leftovers\n|-damage|p1a: feu froid|60\/100|[from] move: Magma Storm|[partiallytrapped]\n|upkeep\n|turn|2\n|\n|t:|1700683731\n|switch|p2a: Imagine DRAGONs|Mandibuzz, F|100\/100\n|move|p1a: feu froid|Shadow Ball|p2a: Imagine DRAGONs\n|-resisted|p2a: Imagine DRAGONs\n|-damage|p2a: Imagine DRAGONs|80\/100\n|\n|-end|p1a: feu froid|Magma Storm|[partiallytrapped]|[silent]\n|upkeep\n|turn|3\n|\n|t:|1700683741\n|switch|p1a: acier tremp\u00e9|Mandibuzz, F|100\/100\n|move|p2a: Imagine DRAGONs|U-turn|p1a: acier tremp\u00e9\n|-damage|p1a: acier tremp\u00e9|94\/100\n|\n|t:|1700683754\n|switch|p2a: EAU my god|Hatterene, F|100\/100|[from] U-turn\n|\n|upkeep\n|turn|4\n|j| bogi2b\n|\n|t:|1700683762\n|move|p1a: acier tremp\u00e9|U-turn|p2a: EAU my god\n|-damage|p2a: EAU my god|92\/100\n|\n|t:|1700683769\n|switch|p1a: eau sucr\u00e9|Ogerpon-Wellspring, F|100\/100|[from] U-turn\n|move|p2a: EAU my god|Calm Mind|p2a: EAU my god\n|-boost|p2a: EAU my god|spa|1\n|-boost|p2a: EAU my god|spd|1\n|\n|-heal|p2a: EAU my god|98\/100|[from] item: Leftovers\n|upkeep\n|turn|5\n|\n|t:|1700683783\n|move|p1a: eau sucr\u00e9|Ivy Cudgel|p2a: EAU my god|[anim] Ivy Cudgel Water\n|-damage|p2a: EAU my god|46\/100\n|move|p2a: EAU my god|Draining Kiss|p1a: eau sucr\u00e9\n|-damage|p1a: eau sucr\u00e9|63\/100\n|-heal|p2a: EAU my god|73\/100|[from] drain|[of] p1a: eau sucr\u00e9\n|\n|-heal|p2a: EAU my god|80\/100|[from] item: Leftovers\n|upkeep\n|turn|6\n|\n|t:|1700683794\n|switch|p1a: f\u00e9e volantes|Iron Moth|100\/100\n|move|p2a: EAU my god|Draining Kiss|p1a: f\u00e9e volantes\n|-resisted|p1a: f\u00e9e volantes\n|-damage|p1a: f\u00e9e volantes|92\/100\n|-heal|p2a: EAU my god|86\/100|[from] drain|[of] p1a: f\u00e9e volantes\n|\n|-heal|p2a: EAU my god|92\/100|[from] item: Leftovers\n|upkeep\n|turn|7\n|\n|t:|1700683804\n|switch|p2a: Il y a un BUG|Heatran, M|75\/100\n|move|p1a: f\u00e9e volantes|Sludge Wave|p2a: Il y a un BUG\n|-immune|p2a: Il y a un BUG\n|\n|-heal|p2a: Il y a un BUG|82\/100|[from] item: Leftovers\n|upkeep\n|turn|8\n|\n|t:|1700683814\n|-end|p1a: f\u00e9e volantes|Quark Drive|[silent]\n|switch|p1a: acier tremp\u00e9|Mandibuzz, F|94\/100\n|move|p2a: Il y a un BUG|Magma Storm|p1a: acier tremp\u00e9\n|-damage|p1a: acier tremp\u00e9|59\/100\n|-activate|p1a: acier tremp\u00e9|move: Magma Storm|[of] p2a: Il y a un BUG\n|\n|-heal|p2a: Il y a un BUG|88\/100|[from] item: Leftovers\n|-damage|p1a: acier tremp\u00e9|47\/100|[from] move: Magma Storm|[partiallytrapped]\n|upkeep\n|turn|9\n|\n|t:|1700683827\n|move|p1a: acier tremp\u00e9|Foul Play|p2a: Il y a un BUG\n|-damage|p2a: Il y a un BUG|69\/100\n|move|p2a: Il y a un BUG|Magma Storm|p1a: acier tremp\u00e9\n|-damage|p1a: acier tremp\u00e9|7\/100\n|\n|-heal|p2a: Il y a un BUG|75\/100|[from] item: Leftovers\n|-damage|p1a: acier tremp\u00e9|0 fnt|[from] move: Magma Storm|[partiallytrapped]\n|faint|p1a: acier tremp\u00e9\n|upkeep\n|\n|t:|1700683832\n|switch|p1a: eau sucr\u00e9|Ogerpon-Wellspring, F|63\/100\n|turn|10\n|\n|t:|1700683842\n|switch|p2a: Imagine DRAGONs|Mandibuzz, F|80\/100\n|move|p1a: eau sucr\u00e9|Swords Dance|p1a: eau sucr\u00e9\n|-boost|p1a: eau sucr\u00e9|atk|2\n|\n|upkeep\n|turn|11\n|\n|t:|1700683856\n|move|p1a: eau sucr\u00e9|Play Rough|p2a: Imagine DRAGONs\n|-supereffective|p2a: Imagine DRAGONs\n|-damage|p2a: Imagine DRAGONs|0 fnt\n|faint|p2a: Imagine DRAGONs\n|\n|upkeep\n|\n|t:|1700683871\n|switch|p2a: Te PLANTE pas|Meowscarada, F|100\/100\n|turn|12\n|\n|t:|1700683880\n|move|p2a: Te PLANTE pas|U-turn|p1a: eau sucr\u00e9\n|-start|p2a: Te PLANTE pas|typechange|Bug|[from] ability: Protean\n|-supereffective|p1a: eau sucr\u00e9\n|-damage|p1a: eau sucr\u00e9|0 fnt\n|faint|p1a: eau sucr\u00e9\n|\n|t:|1700683886\n|switch|p2a: Il y a un BUG|Heatran, M|75\/100|[from] U-turn\n|\n|-heal|p2a: Il y a un BUG|82\/100|[from] item: Leftovers\n|upkeep\n|\n|t:|1700683891\n|switch|p1a: feu froid|Dragapult, M|60\/100\n|turn|13\n|\n|t:|1700683904\n|move|p1a: feu froid|Shadow Ball|p2a: Il y a un BUG\n|-damage|p2a: Il y a un BUG|47\/100\n|-unboost|p2a: Il y a un BUG|spd|1\n|move|p2a: Il y a un BUG|Magma Storm|p1a: feu froid\n|-resisted|p1a: feu froid\n|-damage|p1a: feu froid|29\/100\n|-activate|p1a: feu froid|move: Magma Storm|[of] p2a: Il y a un BUG\n|\n|-heal|p2a: Il y a un BUG|53\/100|[from] item: Leftovers\n|-damage|p1a: feu froid|17\/100|[from] move: Magma Storm|[partiallytrapped]\n|upkeep\n|turn|14\n|\n|t:|1700683920\n|switch|p2a: Te PLANTE pas|Meowscarada, F|100\/100\n|move|p1a: feu froid|Shadow Ball|p2a: Te PLANTE pas\n|-resisted|p2a: Te PLANTE pas\n|-damage|p2a: Te PLANTE pas|57\/100\n|\n|-end|p1a: feu froid|Magma Storm|[partiallytrapped]|[silent]\n|upkeep\n|turn|15\n|\n|t:|1700683929\n|switch|p1a: f\u00e9e volantes|Iron Moth|92\/100\n|move|p2a: Te PLANTE pas|U-turn|p1a: f\u00e9e volantes\n|-start|p2a: Te PLANTE pas|typechange|Bug|[from] ability: Protean\n|-resisted|p1a: f\u00e9e volantes\n|-damage|p1a: f\u00e9e volantes|79\/100\n|\n|t:|1700683941\n|switch|p2a: Il y a un BUG|Heatran, M|53\/100|[from] U-turn\n|\n|-heal|p2a: Il y a un BUG|60\/100|[from] item: Leftovers\n|upkeep\n|turn|16\n|\n|t:|1700683952\n|move|p1a: f\u00e9e volantes|Energy Ball|p2a: Il y a un BUG\n|-resisted|p2a: Il y a un BUG\n|-damage|p2a: Il y a un BUG|54\/100\n|move|p2a: Il y a un BUG|Earth Power|p1a: f\u00e9e volantes\n|-supereffective|p1a: f\u00e9e volantes\n|-damage|p1a: f\u00e9e volantes|0 fnt\n|faint|p1a: f\u00e9e volantes\n|-end|p1a: f\u00e9e volantes|Quark Drive|[silent]\n|\n|-heal|p2a: Il y a un BUG|60\/100|[from] item: Leftovers\n|upkeep\n|\n|t:|1700683958\n|switch|p1a: f\u00e9e mal\u00e9fique|Kingambit, F|100\/100\n|-activate|p1a: f\u00e9e mal\u00e9fique|ability: Supreme Overlord\n|-start|p1a: f\u00e9e mal\u00e9fique|fallen3|[silent]\n|turn|17\n|\n|t:|1700683972\n|-terastallize|p1a: f\u00e9e mal\u00e9fique|Fairy\n|move|p2a: Il y a un BUG|Magma Storm|p1a: f\u00e9e mal\u00e9fique\n|-damage|p1a: f\u00e9e mal\u00e9fique|61\/100\n|-activate|p1a: f\u00e9e mal\u00e9fique|move: Magma Storm|[of] p2a: Il y a un BUG\n|move|p1a: f\u00e9e mal\u00e9fique|Swords Dance|p1a: f\u00e9e mal\u00e9fique\n|-boost|p1a: f\u00e9e mal\u00e9fique|atk|2\n|\n|-heal|p2a: Il y a un BUG|67\/100|[from] item: Leftovers\n|-heal|p1a: f\u00e9e mal\u00e9fique|67\/100|[from] item: Leftovers\n|-damage|p1a: f\u00e9e mal\u00e9fique|55\/100|[from] move: Magma Storm|[partiallytrapped]\n|upkeep\n|turn|18\n|\n|t:|1700683995\n|move|p1a: f\u00e9e mal\u00e9fique|Sucker Punch|p2a: Il y a un BUG\n|-damage|p2a: Il y a un BUG|0 fnt\n|faint|p2a: Il y a un BUG\n|\n|-heal|p1a: f\u00e9e mal\u00e9fique|61\/100|[from] item: Leftovers\n|-end|p1a: f\u00e9e mal\u00e9fique|Magma Storm|[partiallytrapped]|[silent]\n|upkeep\n|\n|t:|1700684014\n|switch|p2a: Le FEU il est cho|Great Tusk|100\/100\n|turn|19\n|\n|t:|1700684023\n|move|p2a: Le FEU il est cho|Headlong Rush|p1a: f\u00e9e mal\u00e9fique\n|-damage|p1a: f\u00e9e mal\u00e9fique|13\/100\n|-unboost|p2a: Le FEU il est cho|def|1\n|-unboost|p2a: Le FEU il est cho|spd|1\n|move|p1a: f\u00e9e mal\u00e9fique|Iron Head|p2a: Le FEU il est cho\n|-damage|p2a: Le FEU il est cho|0 fnt\n|faint|p2a: Le FEU il est cho\n|-end|p2a: Le FEU il est cho|Protosynthesis|[silent]\n|\n|-heal|p1a: f\u00e9e mal\u00e9fique|20\/100|[from] item: Leftovers\n|upkeep\n|\n|t:|1700684044\n|switch|p2a: EAU my god|Hatterene, F|92\/100\n|turn|20\n|\n|t:|1700684057\n|-terastallize|p2a: EAU my god|Water\n|move|p1a: f\u00e9e mal\u00e9fique|Iron Head|p2a: EAU my god\n|-resisted|p2a: EAU my god\n|-damage|p2a: EAU my god|38\/100\n|move|p2a: EAU my god|Psyshock|p1a: f\u00e9e mal\u00e9fique\n|-damage|p1a: f\u00e9e mal\u00e9fique|0 fnt\n|faint|p1a: f\u00e9e mal\u00e9fique\n|-end|p1a: f\u00e9e mal\u00e9fique|fallen3|[silent]\n|\n|-heal|p2a: EAU my god|45\/100|[from] item: Leftovers\n|upkeep\n|\n|t:|1700684067\n|switch|p1a: feu froid|Dragapult, M|17\/100\n|turn|21\n|\n|t:|1700684080\n|move|p1a: feu froid|Shadow Ball|p2a: EAU my god\n|-damage|p2a: EAU my god|0 fnt\n|faint|p2a: EAU my god\n|\n|upkeep\n|\n|t:|1700684086\n|switch|p2a: Te PLANTE pas|Meowscarada, F|57\/100\n|turn|22\n|\n|t:|1700684102\n|move|p2a: Te PLANTE pas|Knock Off|p1a: feu froid\n|-start|p2a: Te PLANTE pas|typechange|Dark|[from] ability: Protean\n|-supereffective|p1a: feu froid\n|-crit|p1a: feu froid\n|-damage|p1a: feu froid|0 fnt\n|-enditem|p1a: feu froid|Choice Specs|[from] move: Knock Off|[of] p2a: Te PLANTE pas\n|faint|p1a: feu froid\n|\n|upkeep\n|\n|t:|1700684104\n|switch|p1a: psy o patte|Hatterene, F|100\/100\n|turn|23\n|\n|t:|1700684120\n|switch|p2a: GHOST Whisperer|Dragapult, M|100\/100\n|move|p1a: psy o patte|Draining Kiss|p2a: GHOST Whisperer\n|-supereffective|p2a: GHOST Whisperer\n|-crit|p2a: GHOST Whisperer\n|-damage|p2a: GHOST Whisperer|3\/100\n|\n|upkeep\n|turn|24\n|\n|t:|1700684129\n|move|p2a: GHOST Whisperer|Shadow Ball|p1a: psy o patte\n|-supereffective|p1a: psy o patte\n|-damage|p1a: psy o patte|19\/100\n|move|p1a: psy o patte|Draining Kiss|p2a: GHOST Whisperer\n|-supereffective|p2a: GHOST Whisperer\n|-damage|p2a: GHOST Whisperer|0 fnt\n|-heal|p1a: psy o patte|21\/100|[from] drain|[of] p2a: GHOST Whisperer\n|faint|p2a: GHOST Whisperer\n|\n|-heal|p1a: psy o patte|27\/100|[from] item: Leftovers\n|upkeep\n|\n|t:|1700684140\n|switch|p2a: Te PLANTE pas|Meowscarada, F|57\/100\n|turn|25\n|\n|t:|1700684145\n|move|p2a: Te PLANTE pas|Flower Trick|p1a: psy o patte\n|-start|p2a: Te PLANTE pas|typechange|Grass|[from] ability: Protean\n|-crit|p1a: psy o patte\n|-damage|p1a: psy o patte|0 fnt\n|faint|p1a: psy o patte\n|\n|win|Asta_RPPLF\n","uploadtime":1700684157,"views":19,"p1id":"raico","p2id":"astarpplf","formatid":"gen9ou","rating":0,"private":0,"password":""}