{"id":"gen9ou-1994192282","p1":"BigCrappers","p2":"sreinich","format":"[Gen 9] OU","log":"|j|\u2606BigCrappers\n|j|\u203dsreinich\n|t:|1700417315\n|gametype|singles\n|player|p1|BigCrappers|170|1277\n|player|p2|sreinich|steven|1334\n|teamsize|p1|6\n|teamsize|p2|6\n|gen|9\n|tier|[Gen 9] OU\n|rated|\n|rule|Sleep Clause Mod: Limit one foe put to sleep\n|rule|Species Clause: Limit one of each Pok\u00e9mon\n|rule|OHKO Clause: OHKO moves are banned\n|rule|Evasion Items Clause: Evasion items are banned\n|rule|Evasion Moves Clause: Evasion moves are banned\n|rule|Endless Battle Clause: Forcing endless battles is banned\n|rule|HP Percentage Mod: HP is shown in percentages\n|clearpoke\n|poke|p1|Dragapult, M|\n|poke|p1|Kingambit, M|\n|poke|p1|Gholdengo|\n|poke|p1|Iron Valiant|\n|poke|p1|Rotom-Wash|\n|poke|p1|Garchomp, M|\n|poke|p2|Cinderace, M|\n|poke|p2|Hatterene, F|\n|poke|p2|Dragonite, F|\n|poke|p2|Landorus-Therian, M|\n|poke|p2|Dragapult, F|\n|poke|p2|Greninja-*, M|\n|teampreview\n|\n|t:|1700417341\n|start\n|switch|p1a: Leviathan|Dragapult, M, shiny|100\/100\n|switch|p2a: Cinderace|Cinderace, M|100\/100\n|turn|1\n|\n|t:|1700417352\n|switch|p1a: Phantom|Rotom-Wash, shiny|100\/100\n|move|p2a: Cinderace|Sucker Punch||[still]\n|-fail|p2a: Cinderace\n|\n|upkeep\n|turn|2\n|\n|t:|1700417360\n|move|p1a: Phantom|Hydro Pump|p2a: Cinderace\n|-supereffective|p2a: Cinderace\n|-damage|p2a: Cinderace|0 fnt\n|faint|p2a: Cinderace\n|\n|upkeep\n|\n|t:|1700417369\n|switch|p2a: Dragapult|Dragapult, F|100\/100\n|turn|3\n|\n|t:|1700417381\n|switch|p1a: Overgod|Kingambit, M, shiny|100\/100\n|move|p2a: Dragapult|Dragon Darts|p1a: Overgod\n|-resisted|p1a: Overgod\n|-damage|p1a: Overgod|85\/100\n|-anim|p2a: Dragapult|Dragon Darts|p1a: Overgod\n|-resisted|p1a: Overgod\n|-crit|p1a: Overgod\n|-damage|p1a: Overgod|62\/100\n|\n|upkeep\n|turn|4\n|\n|t:|1700417394\n|switch|p2a: Hatterene|Hatterene, F|100\/100\n|move|p1a: Overgod|Kowtow Cleave|p2a: Hatterene\n|-damage|p2a: Hatterene|61\/100\n|\n|-heal|p2a: Hatterene|67\/100|[from] item: Leftovers\n|upkeep\n|turn|5\n|\n|t:|1700417402\n|move|p1a: Overgod|Swords Dance|p1a: Overgod\n|-boost|p1a: Overgod|atk|2\n|move|p2a: Hatterene|Mystical Fire|p1a: Overgod\n|-supereffective|p1a: Overgod\n|-damage|p1a: Overgod|14\/100\n|-unboost|p1a: Overgod|spa|1\n|\n|-heal|p2a: Hatterene|73\/100|[from] item: Leftovers\n|upkeep\n|turn|6\n|\n|t:|1700417412\n|move|p1a: Overgod|Kowtow Cleave|p2a: Hatterene\n|-damage|p2a: Hatterene|0 fnt\n|faint|p2a: Hatterene\n|\n|upkeep\n|\n|t:|1700417420\n|switch|p2a: Landorus|Landorus-Therian, M|100\/100\n|-ability|p2a: Landorus|Intimidate|boost\n|-unboost|p1a: Overgod|atk|1\n|turn|7\n|\n|t:|1700417436\n|-end|p1a: Overgod|fallenundefined|[silent]\n|switch|p1a: Phantom|Rotom-Wash, shiny|100\/100\n|move|p2a: Landorus|Earthquake|p1a: Phantom\n|-immune|p1a: Phantom|[from] ability: Levitate\n|\n|upkeep\n|turn|8\n|\n|t:|1700417447\n|switch|p2a: Dragapult|Dragapult, F|100\/100\n|move|p1a: Phantom|Volt Switch|p2a: Dragapult\n|-resisted|p2a: Dragapult\n|-damage|p2a: Dragapult|81\/100\n|\n|t:|1700417452\n|switch|p1a: Calamity|Iron Valiant, shiny|100\/100|[from] Volt Switch\n|-enditem|p1a: Calamity|Booster Energy\n|-activate|p1a: Calamity|ability: Quark Drive|[fromitem]\n|-start|p1a: Calamity|quarkdrivespe\n|\n|upkeep\n|turn|9\n|\n|t:|1700417464\n|move|p1a: Calamity|Spirit Break|p2a: Dragapult\n|-supereffective|p2a: Dragapult\n|-damage|p2a: Dragapult|0 fnt\n|faint|p2a: Dragapult\n|\n|upkeep\n|\n|t:|1700417471\n|switch|p2a: Dragonite|Dragonite, F|100\/100\n|turn|10\n|\n|t:|1700417476\n|-end|p1a: Calamity|Quark Drive|[silent]\n|switch|p1a: Zangetsu|Garchomp, M, shiny|100\/100\n|-terastallize|p2a: Dragonite|Normal\n|move|p2a: Dragonite|Extreme Speed|p1a: Zangetsu\n|-crit|p1a: Zangetsu\n|-damage|p1a: Zangetsu|25\/100\n|-damage|p2a: Dragonite|88\/100|[from] ability: Rough Skin|[of] p1a: Zangetsu\n|\n|upkeep\n|turn|11\n|\n|t:|1700417486\n|move|p2a: Dragonite|Extreme Speed|p1a: Zangetsu\n|-damage|p1a: Zangetsu|0 fnt\n|-damage|p2a: Dragonite|76\/100|[from] ability: Rough Skin|[of] p1a: Zangetsu\n|faint|p1a: Zangetsu\n|\n|upkeep\n|\n|t:|1700417490\n|switch|p1a: Leviathan|Dragapult, M, shiny|100\/100\n|turn|12\n|\n|t:|1700417497\n|move|p1a: Leviathan|Dragon Darts|p2a: Dragonite\n|-damage|p2a: Dragonite|27\/100\n|-anim|p1a: Leviathan|Dragon Darts|p2a: Dragonite\n|-damage|p2a: Dragonite|0 fnt\n|faint|p2a: Dragonite\n|\n|upkeep\n|\n|t:|1700417502\n|switch|p2a: Landorus|Landorus-Therian, M|100\/100\n|-ability|p2a: Landorus|Intimidate|boost\n|-unboost|p1a: Leviathan|atk|1\n|turn|13\n|\n|t:|1700417509\n|switch|p1a: Phantom|Rotom-Wash, shiny|100\/100\n|move|p2a: Landorus|U-turn|p1a: Phantom\n|-damage|p1a: Phantom|70\/100\n|\n|t:|1700417514\n|switch|p2a: Greninja|Greninja, M|100\/100|[from] U-turn\n|\n|upkeep\n|turn|14\n|\n|t:|1700417520\n|-terastallize|p1a: Phantom|Fairy\n|move|p1a: Phantom|Tera Blast|p2a: Greninja|[anim] Tera Blast Fairy\n|-supereffective|p2a: Greninja\n|-damage|p2a: Greninja|0 fnt\n|faint|p2a: Greninja\n|\n|upkeep\n|\n|t:|1700417526\n|switch|p2a: Landorus|Landorus-Therian, M|100\/100\n|-ability|p2a: Landorus|Intimidate|boost\n|-unboost|p1a: Phantom|atk|1\n|turn|15\n|\n|t:|1700417537\n|move|p1a: Phantom|Tera Blast|p2a: Landorus|[anim] Tera Blast Fairy\n|-damage|p2a: Landorus|60\/100\n|move|p2a: Landorus|Grass Knot|p1a: Phantom\n|-damage|p1a: Phantom|64\/100\n|\n|upkeep\n|turn|16\n|\n|t:|1700417546\n|move|p1a: Phantom|Tera Blast|p2a: Landorus|[anim] Tera Blast Fairy\n|-damage|p2a: Landorus|19\/100\n|move|p2a: Landorus|U-turn|p1a: Phantom\n|-resisted|p1a: Phantom\n|-damage|p1a: Phantom|49\/100\n|\n|upkeep\n|turn|17\n|-message|sreinich forfeited.\n|\n|win|BigCrappers\n|raw|BigCrappers's rating: 1277 &rarr; <strong>1306<\/strong><br \/>(+29 for winning)\n|raw|sreinich's rating: 1334 &rarr; <strong>1311<\/strong><br \/>(-23 for losing)\n|l|\u203dsreinich\n","uploadtime":1700417788,"views":17,"p1id":"bigcrappers","p2id":"sreinich","formatid":"gen9ou","rating":1306,"private":0,"password":""}