{"id":"gen9ou-1995662656","p1":"Shucklepilled","p2":"Ramart","format":"[Gen 9] OU","log":"|j|\u2606Shucklepilled\n|j|\u2606Ramart\n|t:|1700591849\n|gametype|singles\n|player|p1|Shucklepilled|theroyal|1396\n|player|p2|Ramart|266|1371\n|teamsize|p1|6\n|teamsize|p2|6\n|gen|9\n|tier|[Gen 9] OU\n|rated|\n|rule|Sleep Clause Mod: Limit one foe put to sleep\n|rule|Species Clause: Limit one of each Pok\u00e9mon\n|rule|OHKO Clause: OHKO moves are banned\n|rule|Evasion Items Clause: Evasion items are banned\n|rule|Evasion Moves Clause: Evasion moves are banned\n|rule|Endless Battle Clause: Forcing endless battles is banned\n|rule|HP Percentage Mod: HP is shown in percentages\n|clearpoke\n|poke|p1|Venomoth, F|\n|poke|p1|Glimmora, M|\n|poke|p1|Ninetales-Alola, M|\n|poke|p1|Dragonite, F|\n|poke|p1|Cresselia, F|\n|poke|p1|Kingambit, M|\n|poke|p2|Glimmora, F|\n|poke|p2|Gholdengo|\n|poke|p2|Ogerpon-Wellspring, F|\n|poke|p2|Kingambit, M|\n|poke|p2|Iron Moth|\n|poke|p2|Enamorus, F|\n|teampreview\n|inactive|Battle timer is ON: inactive players will automatically lose when time's up. (requested by Shucklepilled)\n|\n|t:|1700591859\n|start\n|switch|p1a: Glimmora|Glimmora, M|100\/100\n|switch|p2a: Glimmora|Glimmora, F|100\/100\n|turn|1\n|c|\u2606Shucklepilled|glhf\n|\n|t:|1700591866\n|move|p1a: Glimmora|Earth Power|p2a: Glimmora\n|-supereffective|p2a: Glimmora\n|-crit|p2a: Glimmora\n|-enditem|p2a: Glimmora|Focus Sash\n|-damage|p2a: Glimmora|1\/100\n|move|p2a: Glimmora|Earth Power|p1a: Glimmora\n|-supereffective|p1a: Glimmora\n|-enditem|p1a: Glimmora|Focus Sash\n|-damage|p1a: Glimmora|1\/100\n|\n|upkeep\n|turn|2\n|\n|t:|1700591886\n|move|p2a: Glimmora|Mortal Spin|p1a: Glimmora\n|-resisted|p1a: Glimmora\n|-damage|p1a: Glimmora|0 fnt\n|-activate|p1a: Glimmora|ability: Toxic Debris\n|-sidestart|p2: Ramart|move: Toxic Spikes\n|-sideend|p2: Ramart|Toxic Spikes|[from] move: Mortal Spin|[of] p2a: Glimmora\n|faint|p1a: Glimmora\n|\n|upkeep\n|\n|t:|1700591890\n|switch|p1a: Ninetales|Ninetales-Alola, M|100\/100\n|-weather|Snow|[from] ability: Snow Warning|[of] p1a: Ninetales\n|turn|3\n|inactive|Ramart has 120 seconds left.\n|\n|t:|1700591918\n|move|p1a: Ninetales|Freeze-Dry|p2a: Glimmora\n|-damage|p2a: Glimmora|0 fnt\n|faint|p2a: Glimmora\n|\n|-weather|Snow|[upkeep]\n|upkeep\n|inactive|Ramart has 120 seconds left.\n|\n|t:|1700591935\n|switch|p2a: Iron Moth|Iron Moth|100\/100\n|-enditem|p2a: Iron Moth|Booster Energy\n|-activate|p2a: Iron Moth|ability: Quark Drive|[fromitem]\n|-start|p2a: Iron Moth|quarkdrivespe\n|turn|4\n|\n|t:|1700591943\n|switch|p1a: Cresselia|Cresselia, F|100\/100\n|move|p2a: Iron Moth|Fiery Dance|p1a: Cresselia\n|-damage|p1a: Cresselia|74\/100\n|-boost|p2a: Iron Moth|spa|1\n|\n|-weather|Snow|[upkeep]\n|-heal|p1a: Cresselia|80\/100|[from] item: Leftovers\n|upkeep\n|turn|5\n|inactive|Ramart has 120 seconds left.\n|\n|t:|1700591955\n|move|p2a: Iron Moth|Sludge Wave|p1a: Cresselia\n|-damage|p1a: Cresselia|36\/100\n|move|p1a: Cresselia|Calm Mind|p1a: Cresselia\n|-boost|p1a: Cresselia|spa|1\n|-boost|p1a: Cresselia|spd|1\n|\n|-weather|Snow|[upkeep]\n|-heal|p1a: Cresselia|42\/100|[from] item: Leftovers\n|upkeep\n|turn|6\n|inactive|Ramart has 120 seconds left.\n|\n|t:|1700591964\n|move|p2a: Iron Moth|Sludge Wave|p1a: Cresselia\n|-damage|p1a: Cresselia|10\/100\n|move|p1a: Cresselia|Moonlight|p1a: Cresselia\n|-heal|p1a: Cresselia|35\/100\n|\n|-weather|Snow|[upkeep]\n|-heal|p1a: Cresselia|41\/100|[from] item: Leftovers\n|upkeep\n|turn|7\n|\n|t:|1700591972\n|-terastallize|p1a: Cresselia|Poison\n|move|p2a: Iron Moth|Sludge Wave|p1a: Cresselia\n|-resisted|p1a: Cresselia\n|-damage|p1a: Cresselia|25\/100\n|move|p1a: Cresselia|Moonlight|p1a: Cresselia\n|-heal|p1a: Cresselia|50\/100\n|\n|-weather|none\n|-heal|p1a: Cresselia|56\/100|[from] item: Leftovers\n|upkeep\n|turn|8\n|\n|t:|1700591984\n|-terastallize|p2a: Iron Moth|Ground\n|move|p2a: Iron Moth|Tera Blast|p1a: Cresselia|[anim] Tera Blast Ground\n|-immune|p1a: Cresselia|[from] ability: Levitate\n|move|p1a: Cresselia|Moonlight|p1a: Cresselia\n|-heal|p1a: Cresselia|100\/100\n|\n|upkeep\n|turn|9\n|\n|t:|1700591997\n|-end|p2a: Iron Moth|Quark Drive|[silent]\n|switch|p2a: Gholdengo|Gholdengo|100\/100\n|-item|p2a: Gholdengo|Air Balloon\n|move|p1a: Cresselia|Calm Mind|p1a: Cresselia\n|-boost|p1a: Cresselia|spa|1\n|-boost|p1a: Cresselia|spd|1\n|\n|upkeep\n|turn|10\n|\n|t:|1700592005\n|move|p2a: Gholdengo|Shadow Ball|p1a: Cresselia\n|-damage|p1a: Cresselia|85\/100\n|-unboost|p1a: Cresselia|spd|1\n|move|p1a: Cresselia|Calm Mind|p1a: Cresselia\n|-boost|p1a: Cresselia|spa|1\n|-boost|p1a: Cresselia|spd|1\n|\n|-heal|p1a: Cresselia|91\/100|[from] item: Leftovers\n|upkeep\n|turn|11\n|\n|t:|1700592016\n|switch|p2a: Kingambit|Kingambit, M|100\/100\n|-activate|p2a: Kingambit|ability: Supreme Overlord\n|-start|p2a: Kingambit|fallen1|[silent]\n|move|p1a: Cresselia|Calm Mind|p1a: Cresselia\n|-boost|p1a: Cresselia|spa|1\n|-boost|p1a: Cresselia|spd|1\n|\n|-heal|p1a: Cresselia|98\/100|[from] item: Leftovers\n|upkeep\n|turn|12\n|\n|t:|1700592027\n|move|p1a: Cresselia|Moonblast|p2a: Kingambit\n|-damage|p2a: Kingambit|51\/100\n|move|p2a: Kingambit|Swords Dance|p2a: Kingambit\n|-boost|p2a: Kingambit|atk|2\n|\n|-heal|p1a: Cresselia|100\/100|[from] item: Leftovers\n|upkeep\n|turn|13\n|\n|t:|1700592038\n|move|p1a: Cresselia|Moonblast|p2a: Kingambit\n|-damage|p2a: Kingambit|2\/100\n|-unboost|p2a: Kingambit|spa|1\n|move|p2a: Kingambit|Kowtow Cleave|p1a: Cresselia\n|-damage|p1a: Cresselia|25\/100\n|\n|-heal|p1a: Cresselia|31\/100|[from] item: Leftovers\n|upkeep\n|turn|14\n|\n|t:|1700592059\n|switch|p1a: Venomoth|Venomoth, F|100\/100\n|move|p2a: Kingambit|Kowtow Cleave|p1a: Venomoth\n|-damage|p1a: Venomoth|0 fnt\n|faint|p1a: Venomoth\n|\n|upkeep\n|\n|t:|1700592063\n|switch|p1a: Ninetales|Ninetales-Alola, M|100\/100\n|-weather|Snow|[from] ability: Snow Warning|[of] p1a: Ninetales\n|turn|15\n|\n|t:|1700592075\n|move|p2a: Kingambit|Sucker Punch|p1a: Ninetales\n|-resisted|p1a: Ninetales\n|-damage|p1a: Ninetales|59\/100\n|move|p1a: Ninetales|Freeze-Dry|p2a: Kingambit\n|-resisted|p2a: Kingambit\n|-damage|p2a: Kingambit|0 fnt\n|faint|p2a: Kingambit\n|-end|p2a: Kingambit|fallen1|[silent]\n|\n|-weather|Snow|[upkeep]\n|upkeep\n|\n|t:|1700592093\n|switch|p2a: Gholdengo|Gholdengo|100\/100\n|-item|p2a: Gholdengo|Air Balloon\n|turn|16\n|\n|t:|1700592097\n|move|p1a: Ninetales|Aurora Veil|p1a: Ninetales\n|-sidestart|p1: Shucklepilled|move: Aurora Veil\n|move|p2a: Gholdengo|Make It Rain|p1a: Ninetales\n|-supereffective|p1a: Ninetales\n|-damage|p1a: Ninetales|0 fnt\n|-unboost|p2a: Gholdengo|spa|1\n|faint|p1a: Ninetales\n|\n|-weather|Snow|[upkeep]\n|upkeep\n|\n|t:|1700592100\n|switch|p1a: Cresselia|Cresselia, F, tera:Poison|31\/100\n|turn|17\n|\n|t:|1700592118\n|switch|p2a: Ogerpon|Ogerpon-Wellspring, F|100\/100\n|move|p1a: Cresselia|Moonlight|p1a: Cresselia\n|-heal|p1a: Cresselia|56\/100\n|\n|-weather|Snow|[upkeep]\n|-heal|p1a: Cresselia|62\/100|[from] item: Leftovers\n|upkeep\n|turn|18\n|\n|t:|1700592127\n|switch|p1a: Dragonite|Dragonite, F|100\/100\n|move|p2a: Ogerpon|Encore||[still]\n|-fail|p2a: Ogerpon\n|\n|-weather|Snow|[upkeep]\n|upkeep\n|turn|19\n|\n|t:|1700592139\n|move|p2a: Ogerpon|Ivy Cudgel|p1a: Dragonite|[anim] Ivy Cudgel Water\n|-resisted|p1a: Dragonite\n|-damage|p1a: Dragonite|93\/100\n|move|p1a: Dragonite|Dragon Dance|p1a: Dragonite\n|-boost|p1a: Dragonite|atk|1\n|-boost|p1a: Dragonite|spe|1\n|\n|-weather|none\n|upkeep\n|turn|20\n|\n|t:|1700592148\n|move|p1a: Dragonite|Extreme Speed|p2a: Ogerpon\n|-crit|p2a: Ogerpon\n|-damage|p2a: Ogerpon|16\/100\n|move|p2a: Ogerpon|Encore|p1a: Dragonite\n|-start|p1a: Dragonite|Encore\n|\n|upkeep\n|turn|21\n|\n|t:|1700592155\n|switch|p1a: Cresselia|Cresselia, F, tera:Poison|62\/100\n|switch|p2a: Gholdengo|Gholdengo|100\/100\n|-item|p2a: Gholdengo|Air Balloon\n|\n|-heal|p1a: Cresselia|68\/100|[from] item: Leftovers\n|upkeep\n|turn|22\n|\n|t:|1700592166\n|switch|p2a: Ogerpon|Ogerpon-Wellspring, F|16\/100\n|move|p1a: Cresselia|Moonblast|p2a: Ogerpon\n|-damage|p2a: Ogerpon|0 fnt\n|faint|p2a: Ogerpon\n|\n|-heal|p1a: Cresselia|74\/100|[from] item: Leftovers\n|upkeep\n|\n|t:|1700592179\n|switch|p2a: Gholdengo|Gholdengo|100\/100\n|-item|p2a: Gholdengo|Air Balloon\n|turn|23\n|\n|t:|1700592183\n|switch|p2a: Enamorus|Enamorus, F|100\/100\n|switch|p1a: Kingambit|Kingambit, M|100\/100\n|-activate|p1a: Kingambit|ability: Supreme Overlord\n|-start|p1a: Kingambit|fallen3|[silent]\n|\n|-sideend|p1: Shucklepilled|move: Aurora Veil\n|upkeep\n|turn|24\n|\n|t:|1700592192\n|move|p2a: Enamorus|Moonblast|p1a: Kingambit\n|-damage|p1a: Kingambit|42\/100\n|-unboost|p1a: Kingambit|spa|1\n|move|p1a: Kingambit|Iron Head|p2a: Enamorus\n|-supereffective|p2a: Enamorus\n|-damage|p2a: Enamorus|0 fnt\n|faint|p2a: Enamorus\n|\n|upkeep\n|\n|t:|1700592201\n|switch|p2a: Iron Moth|Iron Moth, tera:Ground|100\/100\n|turn|25\n|l|\u2606Ramart\n|inactive|Ramart disconnected and has a minute to reconnect!\n|player|p2|\n|j|\u2606Ramart\n|inactive|Ramart reconnected and has 110 seconds left.\n|player|p2|Ramart|266\n|\n|t:|1700592246\n|move|p1a: Kingambit|Sucker Punch||[still]\n|-fail|p1a: Kingambit\n|move|p2a: Iron Moth|Substitute|p2a: Iron Moth\n|-start|p2a: Iron Moth|Substitute\n|-damage|p2a: Iron Moth|76\/100\n|\n|upkeep\n|turn|26\n|\n|t:|1700592252\n|move|p1a: Kingambit|Sucker Punch|p2a: Iron Moth\n|-end|p2a: Iron Moth|Substitute\n|move|p2a: Iron Moth|Fiery Dance|p1a: Kingambit\n|-supereffective|p1a: Kingambit\n|-damage|p1a: Kingambit|0 fnt\n|faint|p1a: Kingambit\n|-end|p1a: Kingambit|fallen3|[silent]\n|\n|upkeep\n|\n|t:|1700592255\n|switch|p1a: Cresselia|Cresselia, F, tera:Poison|74\/100\n|turn|27\n|\n|t:|1700592262\n|move|p2a: Iron Moth|Fiery Dance|p1a: Cresselia\n|-damage|p1a: Cresselia|47\/100\n|move|p1a: Cresselia|Calm Mind|p1a: Cresselia\n|-boost|p1a: Cresselia|spa|1\n|-boost|p1a: Cresselia|spd|1\n|\n|-heal|p1a: Cresselia|53\/100|[from] item: Leftovers\n|upkeep\n|turn|28\n|\n|t:|1700592271\n|move|p2a: Iron Moth|Fiery Dance|p1a: Cresselia\n|-damage|p1a: Cresselia|36\/100\n|-boost|p2a: Iron Moth|spa|1\n|move|p1a: Cresselia|Calm Mind|p1a: Cresselia\n|-boost|p1a: Cresselia|spa|1\n|-boost|p1a: Cresselia|spd|1\n|\n|-heal|p1a: Cresselia|42\/100|[from] item: Leftovers\n|upkeep\n|turn|29\n|\n|t:|1700592280\n|move|p2a: Iron Moth|Fiery Dance|p1a: Cresselia\n|-damage|p1a: Cresselia|21\/100\n|-boost|p2a: Iron Moth|spa|1\n|move|p1a: Cresselia|Moonlight|p1a: Cresselia\n|-heal|p1a: Cresselia|71\/100\n|\n|-heal|p1a: Cresselia|77\/100|[from] item: Leftovers\n|upkeep\n|turn|30\n|\n|t:|1700592290\n|move|p2a: Iron Moth|Fiery Dance|p1a: Cresselia\n|-damage|p1a: Cresselia|48\/100\n|-boost|p2a: Iron Moth|spa|1\n|move|p1a: Cresselia|Calm Mind|p1a: Cresselia\n|-boost|p1a: Cresselia|spa|1\n|-boost|p1a: Cresselia|spd|1\n|\n|-heal|p1a: Cresselia|54\/100|[from] item: Leftovers\n|upkeep\n|turn|31\n|\n|t:|1700592299\n|move|p2a: Iron Moth|Fiery Dance|p1a: Cresselia\n|-damage|p1a: Cresselia|25\/100\n|-boost|p2a: Iron Moth|spa|1\n|move|p1a: Cresselia|Moonlight|p1a: Cresselia\n|-heal|p1a: Cresselia|75\/100\n|\n|-heal|p1a: Cresselia|81\/100|[from] item: Leftovers\n|upkeep\n|turn|32\n|\n|t:|1700592309\n|move|p2a: Iron Moth|Fiery Dance|p1a: Cresselia\n|-damage|p1a: Cresselia|52\/100\n|move|p1a: Cresselia|Stored Power|p2a: Iron Moth\n|-damage|p2a: Iron Moth|0 fnt\n|faint|p2a: Iron Moth\n|-end|p2a: Iron Moth|Quark Drive|[silent]\n|\n|-heal|p1a: Cresselia|58\/100|[from] item: Leftovers\n|upkeep\n|\n|t:|1700592318\n|switch|p2a: Gholdengo|Gholdengo|100\/100\n|-item|p2a: Gholdengo|Air Balloon\n|turn|33\n|\n|t:|1700592323\n|move|p2a: Gholdengo|Nasty Plot|p2a: Gholdengo\n|-boost|p2a: Gholdengo|spa|2\n|move|p1a: Cresselia|Stored Power|p2a: Gholdengo\n|-resisted|p2a: Gholdengo\n|-damage|p2a: Gholdengo|47\/100\n|-enditem|p2a: Gholdengo|Air Balloon\n|\n|-heal|p1a: Cresselia|64\/100|[from] item: Leftovers\n|upkeep\n|turn|34\n|\n|t:|1700592333\n|move|p2a: Gholdengo|Make It Rain|p1a: Cresselia\n|-damage|p1a: Cresselia|30\/100\n|-unboost|p2a: Gholdengo|spa|1\n|move|p1a: Cresselia|Stored Power|p2a: Gholdengo\n|-resisted|p2a: Gholdengo\n|-damage|p2a: Gholdengo|0 fnt\n|faint|p2a: Gholdengo\n|\n|win|Shucklepilled\n|raw|Shucklepilled's rating: 1396 &rarr; <strong>1415<\/strong><br \/>(+19 for winning)\n|raw|Ramart's rating: 1371 &rarr; <strong>1352<\/strong><br \/>(-19 for losing)\n|c|\u2606Shucklepilled|gg\n","uploadtime":1700592338,"views":0,"p1id":"shucklepilled","p2id":"ramart","formatid":"gen9ou","rating":1352,"private":0,"password":""}