{"id":"gen9ou-1994516342","p1":"judgementcore","p2":"mmk6ix","format":"[Gen 9] OU","log":"|j|\u2606judgementcore\n|j|\u2606mmk6ix\n|t:|1700453338\n|gametype|singles\n|player|p1|judgementcore|hiker-gen4|1736\n|player|p2|mmk6ix|wulfric|1674\n|teamsize|p1|6\n|teamsize|p2|6\n|gen|9\n|tier|[Gen 9] OU\n|rated|\n|rule|Sleep Clause Mod: Limit one foe put to sleep\n|rule|Species Clause: Limit one of each Pok\u00e9mon\n|rule|OHKO Clause: OHKO moves are banned\n|rule|Evasion Items Clause: Evasion items are banned\n|rule|Evasion Moves Clause: Evasion moves are banned\n|rule|Endless Battle Clause: Forcing endless battles is banned\n|rule|HP Percentage Mod: HP is shown in percentages\n|clearpoke\n|poke|p1|Rillaboom, M|\n|poke|p1|Sneasler, F|\n|poke|p1|Zamazenta-*|\n|poke|p1|Kingambit, F|\n|poke|p1|Walking Wake|\n|poke|p1|Heatran, F|\n|poke|p2|Ceruledge, M|\n|poke|p2|Zamazenta-*|\n|poke|p2|Sneasler, F|\n|poke|p2|Dragonite, M|\n|poke|p2|Rillaboom, M|\n|poke|p2|Enamorus, F|\n|teampreview\n|j| xXCryptoXx\n|\n|t:|1700453373\n|start\n|switch|p1a: flying fish|Walking Wake|100\/100\n|switch|p2a: Zamazenta|Zamazenta|100\/100\n|-ability|p2a: Zamazenta|Dauntless Shield|boost\n|-boost|p2a: Zamazenta|def|1\n|turn|1\n|\n|t:|1700453380\n|move|p2a: Zamazenta|Body Press|p1a: flying fish\n|-damage|p1a: flying fish|39\/100\n|move|p1a: flying fish|Scald|p2a: Zamazenta\n|-damage|p2a: Zamazenta|52\/100\n|\n|-heal|p2a: Zamazenta|58\/100|[from] item: Leftovers\n|upkeep\n|turn|2\n|\n|t:|1700453395\n|-end|p1a: flying fish|Protosynthesis|[silent]\n|switch|p1a: Zapdos Hater|Sneasler, F|100\/100\n|move|p2a: Zamazenta|Substitute|p2a: Zamazenta\n|-start|p2a: Zamazenta|Substitute\n|-damage|p2a: Zamazenta|34\/100\n|\n|-heal|p2a: Zamazenta|40\/100|[from] item: Leftovers\n|upkeep\n|turn|3\n|\n|t:|1700453401\n|switch|p1a: OU Box Legend|Zamazenta|100\/100\n|-ability|p1a: OU Box Legend|Dauntless Shield|boost\n|-boost|p1a: OU Box Legend|def|1\n|move|p2a: Zamazenta|Iron Defense|p2a: Zamazenta\n|-boost|p2a: Zamazenta|def|2\n|\n|-heal|p2a: Zamazenta|46\/100|[from] item: Leftovers\n|upkeep\n|turn|4\n|\n|t:|1700453407\n|move|p1a: OU Box Legend|Iron Defense|p1a: OU Box Legend\n|-boost|p1a: OU Box Legend|def|2\n|move|p2a: Zamazenta|Iron Defense|p2a: Zamazenta\n|-boost|p2a: Zamazenta|def|2\n|\n|-heal|p2a: Zamazenta|52\/100|[from] item: Leftovers\n|upkeep\n|turn|5\n|\n|t:|1700453409\n|move|p1a: OU Box Legend|Body Press|p2a: Zamazenta\n|-activate|p2a: Zamazenta|move: Substitute|[damage]\n|move|p2a: Zamazenta|Iron Defense|p2a: Zamazenta\n|-boost|p2a: Zamazenta|def|1\n|\n|-heal|p2a: Zamazenta|58\/100|[from] item: Leftovers\n|upkeep\n|turn|6\n|\n|t:|1700453413\n|move|p1a: OU Box Legend|Iron Defense|p1a: OU Box Legend\n|-boost|p1a: OU Box Legend|def|2\n|move|p2a: Zamazenta|Body Press|p1a: OU Box Legend\n|-crit|p1a: OU Box Legend\n|-damage|p1a: OU Box Legend|0 fnt\n|faint|p1a: OU Box Legend\n|\n|-heal|p2a: Zamazenta|65\/100|[from] item: Leftovers\n|upkeep\n|\n|t:|1700453425\n|switch|p1a: \"legendary\"|Heatran, F|100\/100\n|turn|7\n|c|\u2606mmk6ix|sorry\n|\n|t:|1700453435\n|-terastallize|p1a: \"legendary\"|Fairy\n|move|p2a: Zamazenta|Body Press|p1a: \"legendary\"\n|-resisted|p1a: \"legendary\"\n|-damage|p1a: \"legendary\"|40\/100\n|move|p1a: \"legendary\"|Magma Storm|p2a: Zamazenta\n|-end|p2a: Zamazenta|Substitute\n|\n|-heal|p2a: Zamazenta|71\/100|[from] item: Leftovers\n|-heal|p1a: \"legendary\"|46\/100|[from] item: Leftovers\n|upkeep\n|turn|8\n|\n|t:|1700453442\n|move|p2a: Zamazenta|Body Press|p1a: \"legendary\"\n|-resisted|p1a: \"legendary\"\n|-damage|p1a: \"legendary\"|0 fnt\n|faint|p1a: \"legendary\"\n|\n|-heal|p2a: Zamazenta|77\/100|[from] item: Leftovers\n|upkeep\n|\n|t:|1700453448\n|switch|p1a: Revert Monke|Rillaboom, M|100\/100\n|-fieldstart|move: Grassy Terrain|[from] ability: Grassy Surge|[of] p1a: Revert Monke\n|turn|9\n|\n|t:|1700453454\n|move|p1a: Revert Monke|Grassy Glide|p2a: Zamazenta\n|-damage|p2a: Zamazenta|67\/100\n|move|p2a: Zamazenta|Body Press|p1a: Revert Monke\n|-damage|p1a: Revert Monke|0 fnt\n|faint|p1a: Revert Monke\n|\n|-heal|p2a: Zamazenta|73\/100|[from] Grassy Terrain\n|-heal|p2a: Zamazenta|79\/100|[from] item: Leftovers\n|upkeep\n|\n|t:|1700453459\n|switch|p1a: Zapdos Hater|Sneasler, F|100\/100\n|-enditem|p1a: Zapdos Hater|Grassy Seed\n|-boost|p1a: Zapdos Hater|def|1|[from] item: Grassy Seed\n|turn|10\n|\n|t:|1700453465\n|move|p1a: Zapdos Hater|Close Combat|p2a: Zamazenta\n|-damage|p2a: Zamazenta|69\/100\n|-unboost|p1a: Zapdos Hater|def|1\n|-unboost|p1a: Zapdos Hater|spd|1\n|move|p2a: Zamazenta|Body Press|p1a: Zapdos Hater\n|-resisted|p1a: Zapdos Hater\n|-damage|p1a: Zapdos Hater|0 fnt\n|faint|p1a: Zapdos Hater\n|\n|-heal|p2a: Zamazenta|75\/100|[from] Grassy Terrain\n|-heal|p2a: Zamazenta|81\/100|[from] item: Leftovers\n|upkeep\n|\n|t:|1700453469\n|switch|p1a: support mon|Kingambit, F|100\/100\n|-activate|p1a: support mon|ability: Supreme Overlord\n|-start|p1a: support mon|fallen4|[silent]\n|turn|11\n|\n|t:|1700453471\n|move|p2a: Zamazenta|Body Press|p1a: support mon\n|-supereffective|p1a: support mon\n|-damage|p1a: support mon|0 fnt\n|faint|p1a: support mon\n|-end|p1a: support mon|fallen4|[silent]\n|\n|-heal|p2a: Zamazenta|87\/100|[from] Grassy Terrain\n|-heal|p2a: Zamazenta|94\/100|[from] item: Leftovers\n|upkeep\n|\n|t:|1700453474\n|switch|p1a: flying fish|Walking Wake|39\/100\n|turn|12\n|\n|t:|1700453476\n|move|p2a: Zamazenta|Body Press|p1a: flying fish\n|-damage|p1a: flying fish|0 fnt\n|faint|p1a: flying fish\n|-end|p1a: flying fish|Protosynthesis|[silent]\n|\n|win|mmk6ix\n|raw|judgementcore's rating: 1736 &rarr; <strong>1712<\/strong><br \/>(-24 for losing)\n|raw|mmk6ix's rating: 1674 &rarr; <strong>1698<\/strong><br \/>(+24 for winning)\n|l| xXCryptoXx\n|c|\u2606judgementcore|cool\n|c|\u2606mmk6ix|gg\n|l|\u2606judgementcore\n|c|\u2606mmk6ix|expected heatran lead\n","uploadtime":1700453498,"views":18,"p1id":"judgementcore","p2id":"mmk6ix","formatid":"gen9ou","rating":1698,"private":0,"password":""}