{"id":"gen9ou-1989379106","p1":"GymLeader Avery","p2":"CTE World","format":"[Gen 9] OU","log":"|j|\u2606GymLeader Avery\n|j|\u2606CTE World\n|t:|1699842832\n|gametype|singles\n|player|p1|GymLeader Avery|nobunaga-conquest|\n|player|p2|CTE World|ghetsis|\n|teamsize|p1|6\n|teamsize|p2|6\n|gen|9\n|tier|[Gen 9] OU\n|rule|Sleep Clause Mod: Limit one foe put to sleep\n|rule|Species Clause: Limit one of each Pok\u00e9mon\n|rule|OHKO Clause: OHKO moves are banned\n|rule|Evasion Items Clause: Evasion items are banned\n|rule|Evasion Moves Clause: Evasion moves are banned\n|rule|Endless Battle Clause: Forcing endless battles is banned\n|rule|HP Percentage Mod: HP is shown in percentages\n|clearpoke\n|poke|p1|Electrode-Hisui|\n|poke|p1|Kleavor, M|\n|poke|p1|Klefki, F|\n|poke|p1|Persian-Alola, M|\n|poke|p1|Scream Tail|\n|poke|p1|Tauros-Paldea-Blaze, M|\n|poke|p2|Heatran, F|\n|poke|p2|Iron Hands|\n|poke|p2|Hydreigon, M|\n|poke|p2|Quagsire, M|\n|poke|p2|Muk, F|\n|poke|p2|Houndstone, F|\n|teampreview\n|inactive|Battle timer is ON: inactive players will automatically lose when time's up. (requested by CTE World)\n|j| mindyourmoney\n|j| muffinATEthat\n|j| DomNeedsHelp\n|c| DomNeedsHelp|Go!\n|inactive|GymLeader Avery has 270 seconds left.\n|inactive|CTE World has 270 seconds left.\n|j| TheRatedRSuperTars\n|j| KevinF_VGC\n|inactive|GymLeader Avery has 240 seconds left.\n|\n|t:|1699842905\n|start\n|switch|p1a: Me or the PS5|Tauros-Paldea-Blaze, M|100\/100\n|switch|p2a: Dreigon Diggs|Hydreigon, M|100\/100\n|-ability|p1a: Me or the PS5|Intimidate|boost\n|-unboost|p2a: Dreigon Diggs|atk|1\n|turn|1\n|j| burberry bax\n|j| TBK Renegades\n|\n|t:|1699842922\n|move|p2a: Dreigon Diggs|U-turn|p1a: Me or the PS5\n|-resisted|p1a: Me or the PS5\n|-crit|p1a: Me or the PS5\n|-damage|p1a: Me or the PS5|96\/100\n|\n|t:|1699842924\n|switch|p2a: Tran Tarkenton|Heatran, F, shiny|100\/100|[from] U-turn\n|move|p1a: Me or the PS5|Will-O-Wisp|p2a: Tran Tarkenton|[miss]\n|-miss|p1a: Me or the PS5|p2a: Tran Tarkenton\n|\n|-heal|p1a: Me or the PS5|100\/100|[from] item: Leftovers\n|upkeep\n|turn|2\n|\n|t:|1699842943\n|switch|p1a: Giovanni|Persian-Alola, M, shiny|100\/100\n|move|p2a: Tran Tarkenton|Flamethrower|p1a: Giovanni\n|-damage|p1a: Giovanni|0 fnt\n|faint|p1a: Giovanni\n|\n|upkeep\n|\n|t:|1699842950\n|switch|p1a: Me or the PS5|Tauros-Paldea-Blaze, M|100\/100\n|-ability|p1a: Me or the PS5|Intimidate|boost\n|-unboost|p2a: Tran Tarkenton|atk|1\n|turn|3\n|c|\u2606GymLeader Avery|oh boy\n|c|\u2606GymLeader Avery|misclick\n|c|\u2606GymLeader Avery|well\n|\n|t:|1699842970\n|move|p1a: Me or the PS5|Fire Spin|p2a: Tran Tarkenton\n|-damage|p2a: Tran Tarkenton|96\/100\n|-activate|p2a: Tran Tarkenton|move: Fire Spin|[of] p1a: Me or the PS5\n|move|p2a: Tran Tarkenton|Flamethrower|p1a: Me or the PS5\n|-resisted|p1a: Me or the PS5\n|-damage|p1a: Me or the PS5|48\/100\n|\n|-heal|p1a: Me or the PS5|54\/100|[from] item: Leftovers\n|-damage|p2a: Tran Tarkenton|84\/100|[from] move: Fire Spin|[partiallytrapped]\n|upkeep\n|turn|4\n|\n|t:|1699842979\n|move|p1a: Me or the PS5|Substitute|p1a: Me or the PS5\n|-start|p1a: Me or the PS5|Substitute\n|-damage|p1a: Me or the PS5|30\/100\n|move|p2a: Tran Tarkenton|Flamethrower|p1a: Me or the PS5\n|-resisted|p1a: Me or the PS5\n|-end|p1a: Me or the PS5|Substitute\n|\n|-heal|p1a: Me or the PS5|36\/100|[from] item: Leftovers\n|-damage|p2a: Tran Tarkenton|71\/100|[from] move: Fire Spin|[partiallytrapped]\n|upkeep\n|turn|5\n|\n|t:|1699842989\n|move|p1a: Me or the PS5|Substitute|p1a: Me or the PS5\n|-start|p1a: Me or the PS5|Substitute\n|-damage|p1a: Me or the PS5|11\/100\n|move|p2a: Tran Tarkenton|Flamethrower|p1a: Me or the PS5\n|-resisted|p1a: Me or the PS5\n|-end|p1a: Me or the PS5|Substitute\n|\n|-heal|p1a: Me or the PS5|17\/100|[from] item: Leftovers\n|-damage|p2a: Tran Tarkenton|59\/100|[from] move: Fire Spin|[partiallytrapped]\n|upkeep\n|turn|6\n|\n|t:|1699843009\n|move|p1a: Me or the PS5|Trailblaze|p2a: Tran Tarkenton\n|-resisted|p2a: Tran Tarkenton\n|-damage|p2a: Tran Tarkenton|56\/100\n|-boost|p1a: Me or the PS5|spe|1\n|move|p2a: Tran Tarkenton|Flamethrower|p1a: Me or the PS5\n|-resisted|p1a: Me or the PS5\n|-damage|p1a: Me or the PS5|0 fnt\n|faint|p1a: Me or the PS5\n|\n|-end|p2a: Tran Tarkenton|Fire Spin|[partiallytrapped]|[silent]\n|upkeep\n|\n|t:|1699843015\n|switch|p1a: Darkened|Electrode-Hisui, shiny|100\/100\n|turn|7\n|\n|t:|1699843028\n|move|p1a: Darkened|Thunderbolt|p2a: Tran Tarkenton\n|-damage|p2a: Tran Tarkenton|11\/100\n|move|p2a: Tran Tarkenton|Flamethrower|p1a: Darkened\n|-supereffective|p1a: Darkened\n|-damage|p1a: Darkened|0 fnt\n|faint|p1a: Darkened\n|\n|upkeep\n|\n|t:|1699843034\n|switch|p1a: Cricket|Kleavor, M, shiny|100\/100\n|turn|8\n|\n|t:|1699843037\n|-terastallize|p1a: Cricket|Ground\n|move|p1a: Cricket|Tera Blast|p2a: Tran Tarkenton|[anim] Tera Blast Ground\n|-supereffective|p2a: Tran Tarkenton\n|-damage|p2a: Tran Tarkenton|0 fnt\n|faint|p2a: Tran Tarkenton\n|\n|upkeep\n|\n|t:|1699843055\n|switch|p2a: Mud Grant|Quagsire, M|100\/100\n|turn|9\n|\n|t:|1699843058\n|switch|p1a: Final Message|Klefki, F, shiny|100\/100\n|move|p2a: Mud Grant|Toxic Spikes|p1a: Final Message\n|-sidestart|p1: GymLeader Avery|move: Toxic Spikes\n|\n|upkeep\n|turn|10\n|\n|t:|1699843063\n|switch|p2a: Muk Foreman|Muk, F|100\/100\n|move|p1a: Final Message|Reflect|p1a: Final Message\n|-sidestart|p1: GymLeader Avery|Reflect\n|\n|upkeep\n|turn|11\n|\n|t:|1699843069\n|move|p1a: Final Message|Spikes|p2a: Muk Foreman\n|-sidestart|p2: CTE World|Spikes\n|move|p2a: Muk Foreman|Curse|p2a: Muk Foreman\n|-unboost|p2a: Muk Foreman|spe|1\n|-boost|p2a: Muk Foreman|atk|1\n|-boost|p2a: Muk Foreman|def|1\n|\n|upkeep\n|turn|12\n|\n|t:|1699843077\n|move|p1a: Final Message|Thunder Wave|p2a: Muk Foreman\n|-status|p2a: Muk Foreman|par\n|cant|p2a: Muk Foreman|par\n|\n|upkeep\n|turn|13\n|\n|t:|1699843086\n|switch|p1a: Cricket|Kleavor, M, shiny, tera:Ground|100\/100\n|cant|p2a: Muk Foreman|par\n|\n|upkeep\n|turn|14\n|\n|t:|1699843091\n|move|p1a: Cricket|Tera Blast|p2a: Muk Foreman|[anim] Tera Blast Ground\n|-supereffective|p2a: Muk Foreman\n|-damage|p2a: Muk Foreman|53\/100 par\n|move|p2a: Muk Foreman|Knock Off|p1a: Cricket\n|-damage|p1a: Cricket|78\/100\n|-enditem|p1a: Cricket|Heavy-Duty Boots|[from] move: Knock Off|[of] p2a: Muk Foreman\n|\n|-heal|p2a: Muk Foreman|59\/100 par|[from] item: Black Sludge\n|upkeep\n|turn|15\n|\n|t:|1699843115\n|switch|p2a: Mud Grant|Quagsire, M|100\/100\n|-damage|p2a: Mud Grant|88\/100|[from] Spikes\n|move|p1a: Cricket|Tera Blast|p2a: Mud Grant|[anim] Tera Blast Ground\n|-damage|p2a: Mud Grant|60\/100\n|\n|-heal|p2a: Mud Grant|66\/100|[from] item: Leftovers\n|upkeep\n|turn|16\n|\n|t:|1699843124\n|move|p1a: Cricket|X-Scissor|p2a: Mud Grant\n|-damage|p2a: Mud Grant|39\/100\n|move|p2a: Mud Grant|Recover|p2a: Mud Grant\n|-heal|p2a: Mud Grant|89\/100\n|\n|-heal|p2a: Mud Grant|95\/100|[from] item: Leftovers\n|upkeep\n|turn|17\n|\n|t:|1699843129\n|move|p1a: Cricket|Defog|p2a: Mud Grant\n|-unboost|p2a: Mud Grant|evasion|1\n|-sideend|p2: CTE World|Spikes|[from] move: Defog|[of] p1a: Cricket\n|-sideend|p1: GymLeader Avery|Toxic Spikes|[from] move: Defog|[of] p1a: Cricket\n|move|p2a: Mud Grant|Chilling Water|p1a: Cricket\n|-supereffective|p1a: Cricket\n|-damage|p1a: Cricket|43\/100\n|-unboost|p1a: Cricket|atk|1\n|\n|-heal|p2a: Mud Grant|100\/100|[from] item: Leftovers\n|-sideend|p1: GymLeader Avery|Reflect\n|upkeep\n|turn|18\n|l| burberry bax\n|\n|t:|1699843134\n|switch|p1a: Final Message|Klefki, F, shiny|100\/100\n|move|p2a: Mud Grant|Toxic Spikes|p1a: Final Message\n|-sidestart|p1: GymLeader Avery|move: Toxic Spikes\n|\n|upkeep\n|turn|19\n|\n|t:|1699843140\n|move|p1a: Final Message|Spikes|p2a: Mud Grant\n|-sidestart|p2: CTE World|Spikes\n|move|p2a: Mud Grant|Stealth Rock|p1a: Final Message\n|-sidestart|p1: GymLeader Avery|move: Stealth Rock\n|\n|upkeep\n|turn|20\n|\n|t:|1699843154\n|switch|p1a: Cricket|Kleavor, M, shiny, tera:Ground|43\/100\n|-status|p1a: Cricket|psn\n|-damage|p1a: Cricket|37\/100 psn|[from] Stealth Rock\n|switch|p2a: John Handle|Iron Hands|100\/100\n|-damage|p2a: John Handle|88\/100|[from] Spikes\n|\n|-damage|p1a: Cricket|25\/100 psn|[from] psn\n|upkeep\n|turn|21\n|\n|t:|1699843164\n|move|p1a: Cricket|Facade|p2a: John Handle\n|-damage|p2a: John Handle|59\/100\n|move|p2a: John Handle|Earthquake|p1a: Cricket\n|-damage|p1a: Cricket|0 fnt\n|faint|p1a: Cricket\n|\n|upkeep\n|\n|t:|1699843167\n|switch|p1a: Heartbreaker|Scream Tail|100\/100\n|-status|p1a: Heartbreaker|psn\n|-damage|p1a: Heartbreaker|88\/100 psn|[from] Stealth Rock\n|turn|22\n|\n|t:|1699843171\n|move|p1a: Heartbreaker|Substitute|p1a: Heartbreaker\n|-start|p1a: Heartbreaker|Substitute\n|-damage|p1a: Heartbreaker|63\/100 psn\n|move|p2a: John Handle|Heavy Slam|p1a: Heartbreaker\n|-supereffective|p1a: Heartbreaker\n|-end|p1a: Heartbreaker|Substitute\n|\n|-heal|p1a: Heartbreaker|69\/100 psn|[from] item: Leftovers\n|-damage|p1a: Heartbreaker|57\/100 psn|[from] psn\n|upkeep\n|turn|23\n|\n|t:|1699843173\n|move|p1a: Heartbreaker|Dazzling Gleam|p2a: John Handle\n|-supereffective|p2a: John Handle\n|-damage|p2a: John Handle|37\/100\n|move|p2a: John Handle|Heavy Slam|p1a: Heartbreaker\n|-supereffective|p1a: Heartbreaker\n|-damage|p1a: Heartbreaker|3\/100 psn\n|\n|-heal|p1a: Heartbreaker|9\/100 psn|[from] item: Leftovers\n|-damage|p1a: Heartbreaker|0 fnt|[from] psn\n|faint|p1a: Heartbreaker\n|-end|p1a: Heartbreaker|Protosynthesis|[silent]\n|upkeep\n|\n|t:|1699843176\n|switch|p1a: Final Message|Klefki, F, shiny|100\/100\n|-damage|p1a: Final Message|95\/100|[from] Stealth Rock\n|turn|24\n|\n|t:|1699843183\n|move|p1a: Final Message|Light Screen|p1a: Final Message\n|-sidestart|p1: GymLeader Avery|move: Light Screen\n|move|p2a: John Handle|Earthquake|p1a: Final Message\n|-supereffective|p1a: Final Message\n|-damage|p1a: Final Message|17\/100\n|\n|upkeep\n|turn|25\n|\n|t:|1699843185\n|move|p1a: Final Message|Reflect|p1a: Final Message\n|-sidestart|p1: GymLeader Avery|Reflect\n|move|p2a: John Handle|Earthquake|p1a: Final Message\n|-supereffective|p1a: Final Message\n|-damage|p1a: Final Message|0 fnt\n|faint|p1a: Final Message\n|\n|win|CTE World\n|c|\u2606GymLeader Avery|ggs\n|c|\u2606CTE World|ggs\n|l|\u2606GymLeader Avery\n|l| muffinATEthat\n|l| KevinF_VGC\n|l| DomNeedsHelp\n|player|p2|CTE World|ghetsis\n","uploadtime":1699843885,"views":26,"p1id":"gymleaderavery","p2id":"cteworld","formatid":"gen9ou","rating":0,"private":0,"password":""}