{"id":"gen9ou-1989419898","p1":"Schmichael1257","p2":"3WishAndLandoT","format":"[Gen 9] OU","log":"|j|\u2606Schmichael1257\n|j|\u26063WishAndLandoT\n|t:|1699847921\n|gametype|singles\n|player|p1|Schmichael1257|ghetsis-gen5bw|1106\n|player|p2|3WishAndLandoT|policeman|1196\n|teamsize|p1|6\n|teamsize|p2|6\n|gen|9\n|tier|[Gen 9] OU\n|rated|\n|rule|Sleep Clause Mod: Limit one foe put to sleep\n|rule|Species Clause: Limit one of each Pok\u00e9mon\n|rule|OHKO Clause: OHKO moves are banned\n|rule|Evasion Items Clause: Evasion items are banned\n|rule|Evasion Moves Clause: Evasion moves are banned\n|rule|Endless Battle Clause: Forcing endless battles is banned\n|rule|HP Percentage Mod: HP is shown in percentages\n|clearpoke\n|poke|p1|Ceruledge, M|\n|poke|p1|Regidrago|\n|poke|p1|Cresselia, F|\n|poke|p1|Garganacl, F|\n|poke|p1|Dondozo, M|\n|poke|p1|Toxapex, M|\n|poke|p2|Hawlucha, M|\n|poke|p2|Great Tusk|\n|poke|p2|Iron Moth|\n|poke|p2|Slowking-Galar, M|\n|poke|p2|Ogerpon-Wellspring, F|\n|poke|p2|Alomomola, M|\n|teampreview\n|inactive|Battle timer is ON: inactive players will automatically lose when time's up. (requested by Schmichael1257)\n|\n|t:|1699847937\n|start\n|switch|p1a: Regidrago|Regidrago|100\/100\n|switch|p2a: Great Tusk|Great Tusk|100\/100\n|turn|1\n|\n|t:|1699847946\n|move|p2a: Great Tusk|Ice Spinner|p1a: Regidrago\n|-supereffective|p1a: Regidrago\n|-damage|p1a: Regidrago|45\/100\n|move|p1a: Regidrago|Dragon Dance|p1a: Regidrago\n|-boost|p1a: Regidrago|atk|1\n|-boost|p1a: Regidrago|spe|1\n|\n|upkeep\n|turn|2\n|\n|t:|1699847963\n|move|p2a: Great Tusk|Ice Spinner|p1a: Regidrago\n|-supereffective|p1a: Regidrago\n|-damage|p1a: Regidrago|0 fnt\n|faint|p1a: Regidrago\n|\n|upkeep\n|\n|t:|1699847973\n|switch|p1a: Cresselia|Cresselia, F, shiny|100\/100\n|turn|3\n|\n|t:|1699847977\n|-end|p2a: Great Tusk|Protosynthesis|[silent]\n|switch|p2a: Hawlucha|Hawlucha, M|100\/100\n|-ability|p2a: Hawlucha|Mold Breaker\n|move|p1a: Cresselia|Calm Mind|p1a: Cresselia\n|-boost|p1a: Cresselia|spa|1\n|-boost|p1a: Cresselia|spd|1\n|\n|upkeep\n|turn|4\n|\n|t:|1699847986\n|move|p2a: Hawlucha|Encore|p1a: Cresselia\n|-start|p1a: Cresselia|Encore\n|move|p1a: Cresselia|Calm Mind|p1a: Cresselia\n|-boost|p1a: Cresselia|spa|1\n|-boost|p1a: Cresselia|spd|1\n|\n|upkeep\n|turn|5\n|\n|t:|1699847994\n|move|p2a: Hawlucha|U-turn|p1a: Cresselia\n|-supereffective|p1a: Cresselia\n|-damage|p1a: Cresselia|78\/100\n|\n|t:|1699848002\n|switch|p2a: Ogerpon|Ogerpon-Wellspring, F|100\/100|[from] U-turn\n|move|p1a: Cresselia|Calm Mind|p1a: Cresselia\n|-boost|p1a: Cresselia|spa|1\n|-boost|p1a: Cresselia|spd|1\n|\n|-heal|p1a: Cresselia|84\/100|[from] item: Leftovers\n|upkeep\n|turn|6\n|\n|t:|1699848012\n|move|p2a: Ogerpon|U-turn|p1a: Cresselia\n|-supereffective|p1a: Cresselia\n|-damage|p1a: Cresselia|39\/100\n|\n|t:|1699848015\n|switch|p2a: Hawlucha|Hawlucha, M|100\/100|[from] U-turn\n|-ability|p2a: Hawlucha|Mold Breaker\n|move|p1a: Cresselia|Calm Mind|p1a: Cresselia\n|-boost|p1a: Cresselia|spa|1\n|-boost|p1a: Cresselia|spd|1\n|\n|-heal|p1a: Cresselia|45\/100|[from] item: Leftovers\n|-end|p1a: Cresselia|Encore\n|upkeep\n|turn|7\n|\n|t:|1699848029\n|move|p2a: Hawlucha|Encore|p1a: Cresselia\n|-start|p1a: Cresselia|Encore\n|move|p1a: Cresselia|Calm Mind|p1a: Cresselia\n|-boost|p1a: Cresselia|spa|1\n|-boost|p1a: Cresselia|spd|1\n|\n|-heal|p1a: Cresselia|51\/100|[from] item: Leftovers\n|upkeep\n|turn|8\n|\n|t:|1699848057\n|switch|p1a: Dondozo|Dondozo, M|100\/100\n|move|p2a: Hawlucha|U-turn|p1a: Dondozo\n|-damage|p1a: Dondozo|94\/100\n|-damage|p2a: Hawlucha|84\/100|[from] item: Rocky Helmet|[of] p1a: Dondozo\n|\n|t:|1699848070\n|switch|p2a: Slowking|Slowking-Galar, M|100\/100|[from] U-turn\n|\n|upkeep\n|turn|9\n|\n|t:|1699848076\n|move|p1a: Dondozo|Curse|p1a: Dondozo\n|-unboost|p1a: Dondozo|spe|1\n|-boost|p1a: Dondozo|atk|1\n|-boost|p1a: Dondozo|def|1\n|move|p2a: Slowking|Future Sight|p1a: Dondozo\n|-start|p2a: Slowking|move: Future Sight\n|\n|upkeep\n|turn|10\n|\n|t:|1699848086\n|move|p2a: Slowking|Sludge Bomb|p1a: Dondozo\n|-damage|p1a: Dondozo|62\/100\n|-status|p1a: Dondozo|psn\n|move|p1a: Dondozo|Curse|p1a: Dondozo\n|-unboost|p1a: Dondozo|spe|1\n|-boost|p1a: Dondozo|atk|1\n|-boost|p1a: Dondozo|def|1\n|\n|-damage|p1a: Dondozo|49\/100 psn|[from] psn\n|upkeep\n|turn|11\n|\n|t:|1699848109\n|-terastallize|p1a: Dondozo|Steel\n|move|p2a: Slowking|Sludge Bomb|p1a: Dondozo\n|-immune|p1a: Dondozo\n|move|p1a: Dondozo|Wave Crash|p2a: Slowking\n|-damage|p2a: Slowking|14\/100\n|-damage|p1a: Dondozo|27\/100 psn|[from] Recoil\n|\n|-end|p1a: Dondozo|move: Future Sight\n|-resisted|p1a: Dondozo\n|-damage|p1a: Dondozo|4\/100 psn\n|-damage|p1a: Dondozo|0 fnt|[from] psn\n|faint|p1a: Dondozo\n|upkeep\n|inactive|Schmichael1257 has 120 seconds left.\n|\n|t:|1699848125\n|switch|p1a: Cresselia|Cresselia, F, shiny|51\/100\n|turn|12\n|\n|t:|1699848128\n|switch|p2a: Ogerpon|Ogerpon-Wellspring, F|100\/100\n|move|p1a: Cresselia|Trick Room|p1a: Cresselia\n|-fieldstart|move: Trick Room|[of] p1a: Cresselia\n|\n|-heal|p1a: Cresselia|57\/100|[from] item: Leftovers\n|upkeep\n|turn|13\n|\n|t:|1699848136\n|move|p1a: Cresselia|Calm Mind|p1a: Cresselia\n|-boost|p1a: Cresselia|spa|1\n|-boost|p1a: Cresselia|spd|1\n|move|p2a: Ogerpon|U-turn|p1a: Cresselia\n|-supereffective|p1a: Cresselia\n|-damage|p1a: Cresselia|15\/100\n|\n|t:|1699848147\n|switch|p2a: Slowking|Slowking-Galar, M|48\/100|[from] U-turn\n|\n|-heal|p1a: Cresselia|21\/100|[from] item: Leftovers\n|upkeep\n|turn|14\n|\n|t:|1699848171\n|switch|p1a: Toxapex|Toxapex, M, shiny|100\/100\n|move|p2a: Slowking|Sludge Bomb|p1a: Toxapex\n|-resisted|p1a: Toxapex\n|-damage|p1a: Toxapex|87\/100\n|\n|-heal|p1a: Toxapex|93\/100|[from] item: Black Sludge\n|upkeep\n|turn|15\n|\n|t:|1699848182\n|move|p2a: Slowking|Future Sight|p1a: Toxapex\n|-start|p2a: Slowking|move: Future Sight\n|move|p1a: Toxapex|Toxic Spikes|p2a: Slowking\n|-sidestart|p2: 3WishAndLandoT|move: Toxic Spikes\n|\n|-heal|p1a: Toxapex|99\/100|[from] item: Black Sludge\n|upkeep\n|turn|16\n|\n|t:|1699848190\n|move|p2a: Slowking|Chilly Reception|p2a: Slowking\n|-weather|Snow\n|\n|t:|1699848194\n|switch|p2a: Hawlucha|Hawlucha, M|84\/100|[from] Chilly Reception\n|-ability|p2a: Hawlucha|Mold Breaker\n|move|p1a: Toxapex|Toxic Spikes|p2a: Hawlucha\n|-sidestart|p2: 3WishAndLandoT|move: Toxic Spikes\n|\n|-weather|Snow|[upkeep]\n|-heal|p1a: Toxapex|100\/100|[from] item: Black Sludge\n|-fieldend|move: Trick Room\n|upkeep\n|turn|17\n|\n|t:|1699848208\n|move|p2a: Hawlucha|Encore|p1a: Toxapex\n|-start|p1a: Toxapex|Encore\n|move|p1a: Toxapex|Toxic Spikes||[still]\n|-fail|p1a: Toxapex\n|\n|-weather|Snow|[upkeep]\n|-end|p1a: Toxapex|move: Future Sight\n|-supereffective|p1a: Toxapex\n|-damage|p1a: Toxapex|21\/100\n|-heal|p1a: Toxapex|27\/100|[from] item: Black Sludge\n|upkeep\n|turn|18\n|\n|t:|1699848221\n|switch|p1a: Ceruledge|Ceruledge, M, shiny|100\/100\n|move|p2a: Hawlucha|U-turn|p1a: Ceruledge\n|-resisted|p1a: Ceruledge\n|-damage|p1a: Ceruledge|95\/100\n|-ability|p1a: Ceruledge|Weak Armor|boost\n|-unboost|p1a: Ceruledge|def|1\n|-boost|p1a: Ceruledge|spe|2\n|\n|t:|1699848242\n|switch|p2a: Iron Moth|Iron Moth|100\/100|[from] U-turn\n|-sideend|p2: 3WishAndLandoT|move: Toxic Spikes|[of] p2a: Iron Moth\n|\n|-weather|Snow|[upkeep]\n|upkeep\n|turn|19\n|\n|t:|1699848264\n|move|p1a: Ceruledge|Protect|p1a: Ceruledge\n|-singleturn|p1a: Ceruledge|Protect\n|move|p2a: Iron Moth|U-turn|p1a: Ceruledge\n|-activate|p1a: Ceruledge|move: Protect\n|\n|-weather|Snow|[upkeep]\n|upkeep\n|turn|20\n|\n|t:|1699848272\n|move|p2a: Iron Moth|U-turn|p1a: Ceruledge\n|-resisted|p1a: Ceruledge\n|-damage|p1a: Ceruledge|90\/100\n|-ability|p1a: Ceruledge|Weak Armor|boost\n|-unboost|p1a: Ceruledge|def|1\n|-boost|p1a: Ceruledge|spe|2\n|\n|t:|1699848279\n|-end|p2a: Iron Moth|Quark Drive|[silent]\n|switch|p2a: Alomomola|Alomomola, M|100\/100|[from] U-turn\n|move|p1a: Ceruledge|Iron Head|p2a: Alomomola\n|-resisted|p2a: Alomomola\n|-damage|p2a: Alomomola|92\/100\n|-damage|p1a: Ceruledge|73\/100|[from] item: Rocky Helmet|[of] p2a: Alomomola\n|\n|-weather|none\n|upkeep\n|turn|21\n|\n|t:|1699848290\n|move|p1a: Ceruledge|Protect|p1a: Ceruledge\n|-singleturn|p1a: Ceruledge|Protect\n|move|p2a: Alomomola|Scald|p1a: Ceruledge\n|-activate|p1a: Ceruledge|move: Protect\n|\n|upkeep\n|turn|22\n|inactive|Schmichael1257 has 120 seconds left.\n|\n|t:|1699848336\n|move|p1a: Ceruledge|Poltergeist|p2a: Alomomola\n|-activate|p2a: Alomomola|move: Poltergeist|Rocky Helmet\n|-damage|p2a: Alomomola|60\/100\n|move|p2a: Alomomola|Scald|p1a: Ceruledge\n|-supereffective|p1a: Ceruledge\n|-damage|p1a: Ceruledge|49\/100\n|\n|upkeep\n|turn|23\n|\n|t:|1699848345\n|move|p1a: Ceruledge|Poltergeist|p2a: Alomomola|[miss]\n|-miss|p1a: Ceruledge|p2a: Alomomola\n|move|p2a: Alomomola|Flip Turn|p1a: Ceruledge\n|-supereffective|p1a: Ceruledge\n|-damage|p1a: Ceruledge|0 fnt\n|faint|p1a: Ceruledge\n|\n|t:|1699848361\n|switch|p2a: Iron Moth|Iron Moth|100\/100|[from] Flip Turn\n|\n|upkeep\n|\n|t:|1699848365\n|switch|p1a: Garganacl|Garganacl, F|100\/100\n|turn|24\n|\n|t:|1699848370\n|move|p2a: Iron Moth|U-turn|p1a: Garganacl\n|-damage|p1a: Garganacl|93\/100\n|\n|t:|1699848375\n|-end|p2a: Iron Moth|Quark Drive|[silent]\n|switch|p2a: Great Tusk|Great Tusk|100\/100|[from] U-turn\n|move|p1a: Garganacl|Iron Defense|p1a: Garganacl\n|-boost|p1a: Garganacl|def|2\n|\n|-heal|p1a: Garganacl|99\/100|[from] item: Leftovers\n|upkeep\n|turn|25\n|\n|t:|1699848380\n|-end|p2a: Great Tusk|Protosynthesis|[silent]\n|switch|p2a: Hawlucha|Hawlucha, M|84\/100\n|-ability|p2a: Hawlucha|Mold Breaker\n|move|p1a: Garganacl|Salt Cure|p2a: Hawlucha\n|-damage|p2a: Hawlucha|63\/100\n|-start|p2a: Hawlucha|Salt Cure\n|\n|-heal|p1a: Garganacl|100\/100|[from] item: Leftovers\n|-damage|p2a: Hawlucha|51\/100|[from] Salt Cure\n|upkeep\n|turn|26\n|\n|t:|1699848390\n|move|p2a: Hawlucha|U-turn|p1a: Garganacl\n|-damage|p1a: Garganacl|96\/100\n|\n|t:|1699848406\n|switch|p2a: Great Tusk|Great Tusk|100\/100|[from] U-turn\n|move|p1a: Garganacl|Salt Cure|p2a: Great Tusk\n|-resisted|p2a: Great Tusk\n|-damage|p2a: Great Tusk|98\/100\n|-start|p2a: Great Tusk|Salt Cure\n|\n|-heal|p1a: Garganacl|100\/100|[from] item: Leftovers\n|-damage|p2a: Great Tusk|86\/100|[from] Salt Cure\n|upkeep\n|turn|27\n|\n|t:|1699848417\n|-end|p2a: Great Tusk|Protosynthesis|[silent]\n|switch|p2a: Hawlucha|Hawlucha, M|51\/100\n|-ability|p2a: Hawlucha|Mold Breaker\n|move|p1a: Garganacl|Body Press|p2a: Hawlucha\n|-resisted|p2a: Hawlucha\n|-damage|p2a: Hawlucha|15\/100\n|\n|upkeep\n|turn|28\n|\n|t:|1699848425\n|move|p2a: Hawlucha|U-turn|p1a: Garganacl\n|-damage|p1a: Garganacl|95\/100\n|\n|t:|1699848429\n|switch|p2a: Alomomola|Alomomola, M|94\/100|[from] U-turn\n|move|p1a: Garganacl|Salt Cure|p2a: Alomomola\n|-damage|p2a: Alomomola|86\/100\n|-start|p2a: Alomomola|Salt Cure\n|\n|-heal|p1a: Garganacl|100\/100|[from] item: Leftovers\n|-damage|p2a: Alomomola|61\/100|[from] Salt Cure\n|upkeep\n|turn|29\n|\n|t:|1699848439\n|-terastallize|p2a: Alomomola|Fairy\n|move|p2a: Alomomola|Wish|p2a: Alomomola\n|move|p1a: Garganacl|Recover||[still]\n|-fail|p1a: Garganacl|heal\n|\n|-damage|p2a: Alomomola|48\/100|[from] Salt Cure\n|upkeep\n|turn|30\n|\n|t:|1699848454\n|move|p2a: Alomomola|Flip Turn|p1a: Garganacl\n|-supereffective|p1a: Garganacl\n|-damage|p1a: Garganacl|92\/100\n|\n|t:|1699848464\n|switch|p2a: Hawlucha|Hawlucha, M|15\/100|[from] Flip Turn\n|-ability|p2a: Hawlucha|Mold Breaker\n|move|p1a: Garganacl|Salt Cure|p2a: Hawlucha\n|-damage|p2a: Hawlucha|0 fnt\n|faint|p2a: Hawlucha\n|\n|-heal|p1a: Garganacl|98\/100|[from] item: Leftovers\n|upkeep\n|\n|t:|1699848484\n|switch|p2a: Alomomola|Alomomola, M, tera:Fairy|82\/100\n|turn|31\n|\n|t:|1699848490\n|move|p2a: Alomomola|Scald|p1a: Garganacl\n|-supereffective|p1a: Garganacl\n|-damage|p1a: Garganacl|79\/100\n|move|p1a: Garganacl|Salt Cure|p2a: Alomomola\n|-damage|p2a: Alomomola|74\/100\n|-start|p2a: Alomomola|Salt Cure\n|\n|-heal|p1a: Garganacl|86\/100|[from] item: Leftovers\n|-damage|p2a: Alomomola|62\/100|[from] Salt Cure\n|upkeep\n|turn|32\n|\n|t:|1699848500\n|move|p2a: Alomomola|Scald|p1a: Garganacl\n|-supereffective|p1a: Garganacl\n|-crit|p1a: Garganacl\n|-damage|p1a: Garganacl|54\/100\n|move|p1a: Garganacl|Iron Defense|p1a: Garganacl\n|-boost|p1a: Garganacl|def|2\n|\n|-heal|p1a: Garganacl|60\/100|[from] item: Leftovers\n|-damage|p2a: Alomomola|50\/100|[from] Salt Cure\n|upkeep\n|turn|33\n|\n|t:|1699848509\n|move|p2a: Alomomola|Wish|p2a: Alomomola\n|move|p1a: Garganacl|Recover|p1a: Garganacl\n|-heal|p1a: Garganacl|100\/100\n|\n|-damage|p2a: Alomomola|37\/100|[from] Salt Cure\n|upkeep\n|turn|34\n|\n|t:|1699848516\n|move|p2a: Alomomola|Scald|p1a: Garganacl\n|-supereffective|p1a: Garganacl\n|-damage|p1a: Garganacl|81\/100\n|move|p1a: Garganacl|Body Press|p2a: Alomomola\n|-resisted|p2a: Alomomola\n|-damage|p2a: Alomomola|17\/100\n|-damage|p1a: Garganacl|64\/100|[from] item: Rocky Helmet|[of] p2a: Alomomola\n|\n|-heal|p2a: Alomomola|67\/100|[from] move: Wish|[wisher] Alomomola\n|-heal|p1a: Garganacl|70\/100|[from] item: Leftovers\n|-damage|p2a: Alomomola|55\/100|[from] Salt Cure\n|upkeep\n|turn|35\n|\n|t:|1699848529\n|move|p2a: Alomomola|Wish|p2a: Alomomola\n|move|p1a: Garganacl|Salt Cure|p2a: Alomomola\n|-damage|p2a: Alomomola|47\/100\n|\n|-heal|p1a: Garganacl|76\/100|[from] item: Leftovers\n|-damage|p2a: Alomomola|35\/100|[from] Salt Cure\n|upkeep\n|turn|36\n|\n|t:|1699848537\n|move|p2a: Alomomola|Scald|p1a: Garganacl\n|-supereffective|p1a: Garganacl\n|-damage|p1a: Garganacl|56\/100\n|move|p1a: Garganacl|Iron Defense|p1a: Garganacl\n|-boost|p1a: Garganacl|def|2\n|\n|-heal|p2a: Alomomola|85\/100|[from] move: Wish|[wisher] Alomomola\n|-heal|p1a: Garganacl|62\/100|[from] item: Leftovers\n|-damage|p2a: Alomomola|72\/100|[from] Salt Cure\n|upkeep\n|turn|37\n|\n|t:|1699848548\n|move|p2a: Alomomola|Wish|p2a: Alomomola\n|move|p1a: Garganacl|Recover|p1a: Garganacl\n|-heal|p1a: Garganacl|100\/100\n|\n|-damage|p2a: Alomomola|60\/100|[from] Salt Cure\n|upkeep\n|turn|38\n|\n|t:|1699848557\n|move|p2a: Alomomola|Scald|p1a: Garganacl\n|-supereffective|p1a: Garganacl\n|-damage|p1a: Garganacl|81\/100\n|move|p1a: Garganacl|Body Press|p2a: Alomomola\n|-resisted|p2a: Alomomola\n|-damage|p2a: Alomomola|32\/100\n|-damage|p1a: Garganacl|64\/100|[from] item: Rocky Helmet|[of] p2a: Alomomola\n|\n|-heal|p2a: Alomomola|82\/100|[from] move: Wish|[wisher] Alomomola\n|-heal|p1a: Garganacl|70\/100|[from] item: Leftovers\n|-damage|p2a: Alomomola|70\/100|[from] Salt Cure\n|upkeep\n|turn|39\n|\n|t:|1699848569\n|move|p2a: Alomomola|Wish|p2a: Alomomola\n|move|p1a: Garganacl|Body Press|p2a: Alomomola\n|-resisted|p2a: Alomomola\n|-damage|p2a: Alomomola|43\/100\n|-damage|p1a: Garganacl|54\/100|[from] item: Rocky Helmet|[of] p2a: Alomomola\n|\n|-heal|p1a: Garganacl|60\/100|[from] item: Leftovers\n|-damage|p2a: Alomomola|31\/100|[from] Salt Cure\n|upkeep\n|turn|40\n|\n|t:|1699848577\n|move|p2a: Alomomola|Protect|p2a: Alomomola\n|-singleturn|p2a: Alomomola|Protect\n|move|p1a: Garganacl|Body Press|p2a: Alomomola\n|-activate|p2a: Alomomola|move: Protect\n|\n|-heal|p2a: Alomomola|81\/100|[from] move: Wish|[wisher] Alomomola\n|-heal|p1a: Garganacl|66\/100|[from] item: Leftovers\n|-damage|p2a: Alomomola|68\/100|[from] Salt Cure\n|upkeep\n|turn|41\n|\n|t:|1699848588\n|move|p2a: Alomomola|Wish|p2a: Alomomola\n|move|p1a: Garganacl|Recover|p1a: Garganacl\n|-heal|p1a: Garganacl|100\/100\n|\n|-damage|p2a: Alomomola|56\/100|[from] Salt Cure\n|upkeep\n|turn|42\n|\n|t:|1699848601\n|move|p2a: Alomomola|Scald|p1a: Garganacl\n|-supereffective|p1a: Garganacl\n|-damage|p1a: Garganacl|81\/100\n|move|p1a: Garganacl|Body Press|p2a: Alomomola\n|-resisted|p2a: Alomomola\n|-damage|p2a: Alomomola|28\/100\n|-damage|p1a: Garganacl|64\/100|[from] item: Rocky Helmet|[of] p2a: Alomomola\n|\n|-heal|p2a: Alomomola|78\/100|[from] move: Wish|[wisher] Alomomola\n|-heal|p1a: Garganacl|70\/100|[from] item: Leftovers\n|-damage|p2a: Alomomola|66\/100|[from] Salt Cure\n|upkeep\n|turn|43\n|\n|t:|1699848615\n|move|p2a: Alomomola|Wish|p2a: Alomomola\n|move|p1a: Garganacl|Body Press|p2a: Alomomola\n|-resisted|p2a: Alomomola\n|-damage|p2a: Alomomola|42\/100\n|-damage|p1a: Garganacl|54\/100|[from] item: Rocky Helmet|[of] p2a: Alomomola\n|\n|-heal|p1a: Garganacl|60\/100|[from] item: Leftovers\n|-damage|p2a: Alomomola|30\/100|[from] Salt Cure\n|upkeep\n|turn|44\n|\n|t:|1699848624\n|move|p2a: Alomomola|Protect|p2a: Alomomola\n|-singleturn|p2a: Alomomola|Protect\n|move|p1a: Garganacl|Recover|p1a: Garganacl\n|-heal|p1a: Garganacl|100\/100\n|\n|-heal|p2a: Alomomola|80\/100|[from] move: Wish|[wisher] Alomomola\n|-damage|p2a: Alomomola|67\/100|[from] Salt Cure\n|upkeep\n|turn|45\n|\n|t:|1699848634\n|move|p2a: Alomomola|Wish|p2a: Alomomola\n|move|p1a: Garganacl|Body Press|p2a: Alomomola\n|-resisted|p2a: Alomomola\n|-damage|p2a: Alomomola|40\/100\n|-damage|p1a: Garganacl|84\/100|[from] item: Rocky Helmet|[of] p2a: Alomomola\n|\n|-heal|p1a: Garganacl|90\/100|[from] item: Leftovers\n|-damage|p2a: Alomomola|27\/100|[from] Salt Cure\n|upkeep\n|turn|46\n|\n|t:|1699848644\n|move|p2a: Alomomola|Protect|p2a: Alomomola\n|-singleturn|p2a: Alomomola|Protect\n|move|p1a: Garganacl|Body Press|p2a: Alomomola\n|-activate|p2a: Alomomola|move: Protect\n|\n|-heal|p2a: Alomomola|77\/100|[from] move: Wish|[wisher] Alomomola\n|-heal|p1a: Garganacl|96\/100|[from] item: Leftovers\n|-damage|p2a: Alomomola|65\/100|[from] Salt Cure\n|upkeep\n|turn|47\n|\n|t:|1699848653\n|move|p2a: Alomomola|Flip Turn|p1a: Garganacl\n|-supereffective|p1a: Garganacl\n|-damage|p1a: Garganacl|91\/100\n|\n|t:|1699848656\n|switch|p2a: Slowking|Slowking-Galar, M|81\/100|[from] Flip Turn\n|move|p1a: Garganacl|Body Press|p2a: Slowking\n|-resisted|p2a: Slowking\n|-crit|p2a: Slowking\n|-damage|p2a: Slowking|43\/100\n|\n|-heal|p1a: Garganacl|98\/100|[from] item: Leftovers\n|upkeep\n|turn|48\n|\n|t:|1699848664\n|move|p1a: Garganacl|Salt Cure|p2a: Slowking\n|-damage|p2a: Slowking|29\/100\n|-start|p2a: Slowking|Salt Cure\n|move|p2a: Slowking|Surf|p1a: Garganacl\n|-supereffective|p1a: Garganacl\n|-damage|p1a: Garganacl|68\/100\n|\n|-heal|p1a: Garganacl|75\/100|[from] item: Leftovers\n|-damage|p2a: Slowking|17\/100|[from] Salt Cure\n|upkeep\n|turn|49\n|\n|t:|1699848677\n|switch|p2a: Alomomola|Alomomola, M, tera:Fairy|98\/100\n|move|p1a: Garganacl|Salt Cure|p2a: Alomomola\n|-damage|p2a: Alomomola|91\/100\n|-start|p2a: Alomomola|Salt Cure\n|\n|-heal|p1a: Garganacl|81\/100|[from] item: Leftovers\n|-damage|p2a: Alomomola|78\/100|[from] Salt Cure\n|upkeep\n|turn|50\n|\n|t:|1699848688\n|switch|p2a: Slowking|Slowking-Galar, M|50\/100\n|move|p1a: Garganacl|Body Press|p2a: Slowking\n|-resisted|p2a: Slowking\n|-damage|p2a: Slowking|26\/100\n|\n|-heal|p1a: Garganacl|87\/100|[from] item: Leftovers\n|upkeep\n|turn|51\n|\n|t:|1699848695\n|switch|p2a: Alomomola|Alomomola, M, tera:Fairy|100\/100\n|move|p1a: Garganacl|Body Press|p2a: Alomomola\n|-resisted|p2a: Alomomola\n|-damage|p2a: Alomomola|73\/100\n|-damage|p1a: Garganacl|70\/100|[from] item: Rocky Helmet|[of] p2a: Alomomola\n|\n|-heal|p1a: Garganacl|76\/100|[from] item: Leftovers\n|upkeep\n|turn|52\n|c|\u26063WishAndLandoT|sorry\n|c|\u26063WishAndLandoT|youre using garg\n|c|\u26063WishAndLandoT|not me\n|c|\u2606Schmichael1257|Bruh\n|c|\u26063WishAndLandoT|you can forfeit right now\n|c|\u2606Schmichael1257|2 regenerator mons?\n|c|\u26063WishAndLandoT|save us the trouble\n|inactive|Schmichael1257 has 120 seconds left.\n|c|\u2606Schmichael1257|Nah\n|c|\u26063WishAndLandoT|ok\n|\n|t:|1699848731\n|switch|p2a: Slowking|Slowking-Galar, M|60\/100\n|move|p1a: Garganacl|Salt Cure|p2a: Slowking\n|-damage|p2a: Slowking|46\/100\n|-start|p2a: Slowking|Salt Cure\n|\n|-heal|p1a: Garganacl|83\/100|[from] item: Leftovers\n|-damage|p2a: Slowking|33\/100|[from] Salt Cure\n|upkeep\n|turn|53\n|inactive|Schmichael1257 has 120 seconds left.\n|c|\u26063WishAndLandoT|I look forward to like 40 more turns of this\n|\n|t:|1699848748\n|switch|p2a: Alomomola|Alomomola, M, tera:Fairy|100\/100\n|move|p1a: Garganacl|Salt Cure|p2a: Alomomola\n|-damage|p2a: Alomomola|93\/100\n|-start|p2a: Alomomola|Salt Cure\n|\n|-heal|p1a: Garganacl|89\/100|[from] item: Leftovers\n|-damage|p2a: Alomomola|81\/100|[from] Salt Cure\n|upkeep\n|turn|54\n|inactive|Schmichael1257 has 120 seconds left.\n|\n|t:|1699848765\n|switch|p2a: Slowking|Slowking-Galar, M|67\/100\n|move|p1a: Garganacl|Salt Cure|p2a: Slowking\n|-damage|p2a: Slowking|52\/100\n|-start|p2a: Slowking|Salt Cure\n|\n|-heal|p1a: Garganacl|95\/100|[from] item: Leftovers\n|-damage|p2a: Slowking|40\/100|[from] Salt Cure\n|upkeep\n|turn|55\n|inactive|Schmichael1257 has 120 seconds left.\n|\n|t:|1699848775\n|switch|p2a: Alomomola|Alomomola, M, tera:Fairy|100\/100\n|move|p1a: Garganacl|Salt Cure|p2a: Alomomola\n|-damage|p2a: Alomomola|93\/100\n|-start|p2a: Alomomola|Salt Cure\n|\n|-heal|p1a: Garganacl|100\/100|[from] item: Leftovers\n|-damage|p2a: Alomomola|80\/100|[from] Salt Cure\n|upkeep\n|turn|56\n|inactive|Schmichael1257 has 120 seconds left.\n|\n|t:|1699848783\n|switch|p2a: Slowking|Slowking-Galar, M|73\/100\n|move|p1a: Garganacl|Salt Cure|p2a: Slowking\n|-damage|p2a: Slowking|59\/100\n|-start|p2a: Slowking|Salt Cure\n|\n|-damage|p2a: Slowking|47\/100|[from] Salt Cure\n|upkeep\n|turn|57\n|\n|t:|1699848792\n|switch|p2a: Alomomola|Alomomola, M, tera:Fairy|100\/100\n|move|p1a: Garganacl|Body Press|p2a: Alomomola\n|-resisted|p2a: Alomomola\n|-damage|p2a: Alomomola|74\/100\n|-damage|p1a: Garganacl|84\/100|[from] item: Rocky Helmet|[of] p2a: Alomomola\n|\n|-heal|p1a: Garganacl|90\/100|[from] item: Leftovers\n|upkeep\n|turn|58\n|\n|t:|1699848804\n|switch|p2a: Slowking|Slowking-Galar, M|80\/100\n|switch|p1a: Cresselia|Cresselia, F, shiny|21\/100\n|\n|-heal|p1a: Cresselia|28\/100|[from] item: Leftovers\n|upkeep\n|turn|59\n|\n|t:|1699848815\n|move|p1a: Cresselia|Calm Mind|p1a: Cresselia\n|-boost|p1a: Cresselia|spa|1\n|-boost|p1a: Cresselia|spd|1\n|move|p2a: Slowking|Sludge Bomb|p1a: Cresselia\n|-damage|p1a: Cresselia|13\/100\n|\n|-heal|p1a: Cresselia|19\/100|[from] item: Leftovers\n|upkeep\n|turn|60\n|\n|t:|1699848824\n|move|p1a: Cresselia|Psychic|p2a: Slowking\n|-damage|p2a: Slowking|50\/100\n|move|p2a: Slowking|Chilly Reception|p2a: Slowking\n|-weather|Snow\n|\n|t:|1699848826\n|switch|p2a: Ogerpon|Ogerpon-Wellspring, F|100\/100|[from] Chilly Reception\n|\n|-weather|Snow|[upkeep]\n|-heal|p1a: Cresselia|25\/100|[from] item: Leftovers\n|upkeep\n|turn|61\n|\n|t:|1699848846\n|switch|p1a: Toxapex|Toxapex, M, shiny|27\/100\n|move|p2a: Ogerpon|U-turn|p1a: Toxapex\n|-resisted|p1a: Toxapex\n|-damage|p1a: Toxapex|18\/100\n|\n|t:|1699848858\n|switch|p2a: Great Tusk|Great Tusk|86\/100|[from] U-turn\n|\n|-weather|Snow|[upkeep]\n|-heal|p1a: Toxapex|24\/100|[from] item: Black Sludge\n|upkeep\n|turn|62\n|\n|t:|1699848870\n|-end|p2a: Great Tusk|Protosynthesis|[silent]\n|switch|p2a: Ogerpon|Ogerpon-Wellspring, F|100\/100\n|move|p1a: Toxapex|Recover|p1a: Toxapex\n|-heal|p1a: Toxapex|74\/100\n|\n|-weather|Snow|[upkeep]\n|-heal|p1a: Toxapex|80\/100|[from] item: Black Sludge\n|upkeep\n|turn|63\n|\n|t:|1699848878\n|move|p2a: Ogerpon|Horn Leech|p1a: Toxapex\n|-damage|p1a: Toxapex|49\/100\n|move|p1a: Toxapex|Ice Spinner|p2a: Ogerpon\n|-damage|p2a: Ogerpon|86\/100\n|\n|-weather|Snow|[upkeep]\n|-heal|p1a: Toxapex|55\/100|[from] item: Black Sludge\n|upkeep\n|turn|64\n|\n|t:|1699848885\n|move|p2a: Ogerpon|Horn Leech|p1a: Toxapex\n|-damage|p1a: Toxapex|28\/100\n|-heal|p2a: Ogerpon|97\/100|[from] drain|[of] p1a: Toxapex\n|move|p1a: Toxapex|Toxic Spikes|p2a: Ogerpon\n|-sidestart|p2: 3WishAndLandoT|move: Toxic Spikes\n|\n|-weather|none\n|-heal|p1a: Toxapex|34\/100|[from] item: Black Sludge\n|upkeep\n|turn|65\n|\n|t:|1699848895\n|move|p2a: Ogerpon|Horn Leech|p1a: Toxapex\n|-damage|p1a: Toxapex|6\/100\n|-heal|p2a: Ogerpon|100\/100|[from] drain|[of] p1a: Toxapex\n|move|p1a: Toxapex|Recover|p1a: Toxapex\n|-heal|p1a: Toxapex|57\/100\n|\n|-heal|p1a: Toxapex|63\/100|[from] item: Black Sludge\n|upkeep\n|turn|66\n|\n|t:|1699848911\n|switch|p1a: Garganacl|Garganacl, F|90\/100\n|move|p2a: Ogerpon|Horn Leech|p1a: Garganacl\n|-supereffective|p1a: Garganacl\n|-damage|p1a: Garganacl|32\/100\n|\n|-heal|p1a: Garganacl|38\/100|[from] item: Leftovers\n|upkeep\n|turn|67\n|\n|t:|1699848915\n|move|p2a: Ogerpon|Horn Leech|p1a: Garganacl\n|-supereffective|p1a: Garganacl\n|-damage|p1a: Garganacl|0 fnt\n|faint|p1a: Garganacl\n|\n|upkeep\n|\n|t:|1699848918\n|switch|p1a: Cresselia|Cresselia, F, shiny|25\/100\n|turn|68\n|\n|t:|1699848921\n|move|p2a: Ogerpon|Ivy Cudgel|p1a: Cresselia\n|-damage|p1a: Cresselia|0 fnt\n|faint|p1a: Cresselia\n|\n|upkeep\n|\n|t:|1699848924\n|switch|p1a: Toxapex|Toxapex, M, shiny|63\/100\n|turn|69\n|\n|t:|1699848926\n|move|p2a: Ogerpon|Horn Leech|p1a: Toxapex\n|-damage|p1a: Toxapex|34\/100\n|move|p1a: Toxapex|Toxic Spikes|p2a: Ogerpon\n|-sidestart|p2: 3WishAndLandoT|move: Toxic Spikes\n|\n|-heal|p1a: Toxapex|39\/100|[from] item: Black Sludge\n|upkeep\n|turn|70\n|c|\u26063WishAndLandoT|gg\n|\n|t:|1699848933\n|move|p2a: Ogerpon|Horn Leech|p1a: Toxapex\n|-damage|p1a: Toxapex|8\/100\n|move|p1a: Toxapex|Recover|p1a: Toxapex\n|-heal|p1a: Toxapex|59\/100\n|\n|-heal|p1a: Toxapex|65\/100|[from] item: Black Sludge\n|upkeep\n|turn|71\n|c|\u26063WishAndLandoT|glad we spent this time together\n|\n|t:|1699848942\n|move|p2a: Ogerpon|Horn Leech|p1a: Toxapex\n|-damage|p1a: Toxapex|36\/100\n|move|p1a: Toxapex|Ice Spinner|p2a: Ogerpon\n|-damage|p2a: Ogerpon|87\/100\n|\n|-heal|p1a: Toxapex|42\/100|[from] item: Black Sludge\n|upkeep\n|turn|72\n|\n|t:|1699848946\n|move|p2a: Ogerpon|Horn Leech|p1a: Toxapex\n|-damage|p1a: Toxapex|13\/100\n|-heal|p2a: Ogerpon|99\/100|[from] drain|[of] p1a: Toxapex\n|move|p1a: Toxapex|Ice Spinner|p2a: Ogerpon\n|-damage|p2a: Ogerpon|84\/100\n|\n|-heal|p1a: Toxapex|19\/100|[from] item: Black Sludge\n|upkeep\n|turn|73\n|\n|t:|1699848948\n|move|p2a: Ogerpon|Horn Leech|p1a: Toxapex\n|-damage|p1a: Toxapex|0 fnt\n|-heal|p2a: Ogerpon|92\/100|[from] drain|[of] p1a: Toxapex\n|faint|p1a: Toxapex\n|\n|win|3WishAndLandoT\n|raw|Schmichael1257's rating: 1106 &rarr; <strong>1087<\/strong><br \/>(-19 for losing)\n|raw|3WishAndLandoT's rating: 1196 &rarr; <strong>1215<\/strong><br \/>(+19 for winning)\n|c|\u2606Schmichael1257|Yippie\n|l|\u2606Schmichael1257\n","uploadtime":1699848953,"views":48,"p1id":"schmichael1257","p2id":"3wishandlandot","formatid":"gen9ou","rating":1087,"private":0,"password":""}