{"id":"gen9ou-1992953370","p1":"NightmarixKritone","p2":"gumboz","format":"[Gen 9] OU","log":"|j|\u2606NightmarixKritone\n|j|\u2606gumboz\n|t:|1700249855\n|gametype|singles\n|player|p1|NightmarixKritone|volo|1231\n|player|p2|gumboz|scientist-gen4dp|1317\n|teamsize|p1|6\n|teamsize|p2|6\n|gen|9\n|tier|[Gen 9] OU\n|rated|\n|rule|Sleep Clause Mod: Limit one foe put to sleep\n|rule|Species Clause: Limit one of each Pok\u00e9mon\n|rule|OHKO Clause: OHKO moves are banned\n|rule|Evasion Items Clause: Evasion items are banned\n|rule|Evasion Moves Clause: Evasion moves are banned\n|rule|Endless Battle Clause: Forcing endless battles is banned\n|rule|HP Percentage Mod: HP is shown in percentages\n|clearpoke\n|poke|p1|Hoopa-Unbound|\n|poke|p1|Meowscarada, M|\n|poke|p1|Lycanroc-Dusk, M|\n|poke|p1|Zapdos|\n|poke|p1|Ninetales-Alola, F|\n|poke|p1|Ribombee, M|\n|poke|p2|Pelipper, M|\n|poke|p2|Barraskewda, F|\n|poke|p2|Goodra, M|\n|poke|p2|Basculegion, M|\n|poke|p2|Greninja-*, M|\n|poke|p2|Thundurus-Therian, M|\n|teampreview\n|inactive|Battle timer is ON: inactive players will automatically lose when time's up. (requested by gumboz)\n|inactive|NightmarixKritone also wants the timer to be on.\n|\n|t:|1700249862\n|start\n|switch|p1a: Lycanroc|Lycanroc-Dusk, M|100\/100\n|switch|p2a: Pelipper|Pelipper, M|100\/100\n|-weather|RainDance|[from] ability: Drizzle|[of] p2a: Pelipper\n|turn|1\n|\n|t:|1700249874\n|move|p1a: Lycanroc|Stealth Rock|p2a: Pelipper\n|-sidestart|p2: gumboz|move: Stealth Rock\n|move|p2a: Pelipper|Surf|p1a: Lycanroc\n|-supereffective|p1a: Lycanroc\n|-enditem|p1a: Lycanroc|Focus Sash\n|-damage|p1a: Lycanroc|1\/100\n|\n|-weather|RainDance|[upkeep]\n|upkeep\n|turn|2\n|\n|t:|1700249878\n|move|p1a: Lycanroc|Endeavor|p2a: Pelipper\n|-damage|p2a: Pelipper|1\/100\n|move|p2a: Pelipper|U-turn|p1a: Lycanroc\n|-damage|p1a: Lycanroc|0 fnt\n|faint|p1a: Lycanroc\n|\n|t:|1700249887\n|switch|p2a: Barraskewda|Barraskewda, F|100\/100|[from] U-turn\n|-damage|p2a: Barraskewda|88\/100|[from] Stealth Rock\n|\n|-weather|RainDance|[upkeep]\n|upkeep\n|\n|t:|1700249893\n|switch|p1a: Ribombee|Ribombee, M|100\/100\n|turn|3\n|\n|t:|1700249896\n|move|p2a: Barraskewda|Liquidation|p1a: Ribombee\n|-enditem|p1a: Ribombee|Focus Sash\n|-damage|p1a: Ribombee|1\/100\n|move|p1a: Ribombee|Sticky Web|p2a: Barraskewda\n|-sidestart|p2: gumboz|move: Sticky Web\n|\n|-weather|RainDance|[upkeep]\n|upkeep\n|turn|4\n|\n|t:|1700249899\n|move|p2a: Barraskewda|Liquidation|p1a: Ribombee\n|-damage|p1a: Ribombee|0 fnt\n|faint|p1a: Ribombee\n|\n|-weather|RainDance|[upkeep]\n|upkeep\n|\n|t:|1700249902\n|switch|p1a: Ninetales|Ninetales-Alola, F|100\/100\n|-weather|Snow|[from] ability: Snow Warning|[of] p1a: Ninetales\n|turn|5\n|\n|t:|1700249904\n|move|p2a: Barraskewda|Liquidation|p1a: Ninetales\n|-damage|p1a: Ninetales|35\/100\n|move|p1a: Ninetales|Nasty Plot|p1a: Ninetales\n|-boost|p1a: Ninetales|spa|2\n|\n|-weather|Snow|[upkeep]\n|upkeep\n|turn|6\n|\n|t:|1700249908\n|move|p2a: Barraskewda|Liquidation|p1a: Ninetales\n|-damage|p1a: Ninetales|0 fnt\n|faint|p1a: Ninetales\n|\n|-weather|Snow|[upkeep]\n|upkeep\n|\n|t:|1700249910\n|switch|p1a: Meowscarada|Meowscarada, M|100\/100\n|turn|7\n|\n|t:|1700249913\n|move|p1a: Meowscarada|Flower Trick|p2a: Barraskewda\n|-start|p1a: Meowscarada|typechange|Grass|[from] ability: Protean\n|-supereffective|p2a: Barraskewda\n|-crit|p2a: Barraskewda\n|-damage|p2a: Barraskewda|0 fnt\n|faint|p2a: Barraskewda\n|\n|-weather|Snow|[upkeep]\n|upkeep\n|\n|t:|1700249916\n|switch|p2a: Pelipper|Pelipper, M|1\/100\n|-damage|p2a: Pelipper|0 fnt|[from] Stealth Rock\n|faint|p2a: Pelipper\n|\n|t:|1700249925\n|switch|p2a: Thundurus|Thundurus-Therian, M|100\/100\n|-damage|p2a: Thundurus|76\/100|[from] Stealth Rock\n|turn|8\n|\n|t:|1700249929\n|switch|p1a: Zapdos|Zapdos|100\/100\n|-terastallize|p2a: Thundurus|Flying\n|move|p2a: Thundurus|Tera Blast|p1a: Zapdos|[anim] Tera Blast Flying\n|-resisted|p1a: Zapdos\n|-damage|p1a: Zapdos|58\/100\n|\n|-weather|Snow|[upkeep]\n|-heal|p1a: Zapdos|64\/100|[from] item: Leftovers\n|upkeep\n|turn|9\n|\n|t:|1700249935\n|switch|p2a: Goodra|Goodra, M|100\/100\n|-damage|p2a: Goodra|88\/100|[from] Stealth Rock\n|-activate|p2a: Goodra|move: Sticky Web\n|-unboost|p2a: Goodra|spe|1\n|move|p1a: Zapdos|Weather Ball|p2a: Goodra\n|-supereffective|p2a: Goodra\n|-damage|p2a: Goodra|34\/100\n|\n|-weather|Snow|[upkeep]\n|-heal|p1a: Zapdos|70\/100|[from] item: Leftovers\n|upkeep\n|turn|10\n|\n|t:|1700249939\n|move|p1a: Zapdos|Weather Ball|p2a: Goodra\n|-supereffective|p2a: Goodra\n|-damage|p2a: Goodra|0 fnt\n|faint|p2a: Goodra\n|\n|-weather|Snow|[upkeep]\n|-heal|p1a: Zapdos|76\/100|[from] item: Leftovers\n|upkeep\n|\n|t:|1700249944\n|switch|p2a: Basculegion|Basculegion, M|100\/100\n|-damage|p2a: Basculegion|88\/100|[from] Stealth Rock\n|-activate|p2a: Basculegion|move: Sticky Web\n|-unboost|p2a: Basculegion|spe|1\n|turn|11\n|\n|t:|1700249949\n|move|p2a: Basculegion|Aqua Jet|p1a: Zapdos\n|-damage|p1a: Zapdos|42\/100\n|move|p1a: Zapdos|Thunderbolt|p2a: Basculegion\n|-supereffective|p2a: Basculegion\n|-damage|p2a: Basculegion|0 fnt\n|faint|p2a: Basculegion\n|\n|-weather|Snow|[upkeep]\n|-heal|p1a: Zapdos|48\/100|[from] item: Leftovers\n|upkeep\n|\n|t:|1700249951\n|switch|p2a: Greninja|Greninja, M|100\/100\n|-damage|p2a: Greninja|88\/100|[from] Stealth Rock\n|-activate|p2a: Greninja|move: Sticky Web\n|-unboost|p2a: Greninja|spe|1\n|turn|12\n|\n|t:|1700249954\n|move|p2a: Greninja|Water Shuriken|p1a: Zapdos\n|-damage|p1a: Zapdos|39\/100\n|-damage|p1a: Zapdos|31\/100\n|-damage|p1a: Zapdos|22\/100\n|-hitcount|p1a: Zapdos|3\n|-damage|p2a: Greninja|78\/100|[from] item: Life Orb\n|move|p1a: Zapdos|Thunderbolt|p2a: Greninja\n|-supereffective|p2a: Greninja\n|-damage|p2a: Greninja|0 fnt\n|faint|p2a: Greninja\n|\n|-weather|none\n|-heal|p1a: Zapdos|28\/100|[from] item: Leftovers\n|upkeep\n|\n|t:|1700249957\n|switch|p2a: Thundurus|Thundurus-Therian, M, tera:Flying|76\/100\n|-damage|p2a: Thundurus|51\/100|[from] Stealth Rock\n|turn|13\n|\n|t:|1700249960\n|move|p2a: Thundurus|Tera Blast|p1a: Zapdos|[anim] Tera Blast Flying\n|-resisted|p1a: Zapdos\n|-damage|p1a: Zapdos|0 fnt\n|faint|p1a: Zapdos\n|\n|upkeep\n|\n|t:|1700249962\n|switch|p1a: Meowscarada|Meowscarada, M|100\/100\n|turn|14\n|\n|t:|1700249964\n|move|p1a: Meowscarada|Knock Off|p2a: Thundurus\n|-start|p1a: Meowscarada|typechange|Dark|[from] ability: Protean\n|-damage|p2a: Thundurus|0 fnt\n|-enditem|p2a: Thundurus|Choice Specs|[from] move: Knock Off|[of] p1a: Meowscarada\n|faint|p2a: Thundurus\n|\n|win|NightmarixKritone\n|raw|NightmarixKritone's rating: 1231 &rarr; <strong>1262<\/strong><br \/>(+31 for winning)\n|raw|gumboz's rating: 1317 &rarr; <strong>1292<\/strong><br \/>(-25 for losing)\n|l|\u2606gumboz\n|c|\u2606NightmarixKritone|gg\n","uploadtime":1700249971,"views":17,"p1id":"nightmarixkritone","p2id":"gumboz","formatid":"gen9ou","rating":1262,"private":0,"password":""}