{"id":"gen9ou-1988670157","p1":"Muninn333","p2":"zennassor101","format":"[Gen 9] OU","log":"|j|\u2606Muninn333\n|j|\u2606zennassor101\n|t:|1699748597\n|gametype|singles\n|player|p1|Muninn333|266|1112\n|player|p2|zennassor101|102|1045\n|teamsize|p1|6\n|teamsize|p2|6\n|gen|9\n|tier|[Gen 9] OU\n|rated|\n|rule|Sleep Clause Mod: Limit one foe put to sleep\n|rule|Species Clause: Limit one of each Pok\u00e9mon\n|rule|OHKO Clause: OHKO moves are banned\n|rule|Evasion Items Clause: Evasion items are banned\n|rule|Evasion Moves Clause: Evasion moves are banned\n|rule|Endless Battle Clause: Forcing endless battles is banned\n|rule|HP Percentage Mod: HP is shown in percentages\n|clearpoke\n|poke|p1|Glimmora, M|\n|poke|p1|Corviknight, M|\n|poke|p1|Spidops, M|\n|poke|p1|Iron Moth|\n|poke|p1|Samurott-Hisui, M|\n|poke|p1|Breloom, F|\n|poke|p2|Okidogi, M|\n|poke|p2|Ninetales-Alola, F|\n|poke|p2|Manaphy|\n|poke|p2|Kingambit, M|\n|poke|p2|Ditto|\n|poke|p2|Sneasler, M|\n|teampreview\n|\n|t:|1699748607\n|start\n|switch|p1a: Glimmora|Glimmora, M|100\/100\n|switch|p2a: Okidogi|Okidogi, M|100\/100\n|turn|1\n|\n|t:|1699748630\n|move|p1a: Glimmora|Stealth Rock|p2a: Okidogi\n|-sidestart|p2: zennassor101|move: Stealth Rock\n|move|p2a: Okidogi|Bulk Up|p2a: Okidogi\n|-boost|p2a: Okidogi|atk|1\n|-boost|p2a: Okidogi|def|1\n|\n|upkeep\n|turn|2\n|\n|t:|1699748640\n|move|p1a: Glimmora|Spiky Shield|p1a: Glimmora\n|-singleturn|p1a: Glimmora|move: Protect\n|move|p2a: Okidogi|Bulk Up|p2a: Okidogi\n|-boost|p2a: Okidogi|atk|1\n|-boost|p2a: Okidogi|def|1\n|\n|upkeep\n|turn|3\n|\n|t:|1699748655\n|move|p1a: Glimmora|Mortal Spin|p2a: Okidogi\n|-resisted|p2a: Okidogi\n|-damage|p2a: Okidogi|99\/100\n|move|p2a: Okidogi|Drain Punch|p1a: Glimmora\n|-damage|p1a: Glimmora|2\/100\n|-heal|p2a: Okidogi|100\/100|[from] drain|[of] p1a: Glimmora\n|-activate|p1a: Glimmora|ability: Toxic Debris\n|-sidestart|p2: zennassor101|move: Toxic Spikes\n|\n|upkeep\n|turn|4\n|\n|t:|1699748666\n|move|p1a: Glimmora|Spiky Shield|p1a: Glimmora\n|-singleturn|p1a: Glimmora|move: Protect\n|move|p2a: Okidogi|Bulk Up|p2a: Okidogi\n|-boost|p2a: Okidogi|atk|1\n|-boost|p2a: Okidogi|def|1\n|\n|upkeep\n|turn|5\n|\n|t:|1699748672\n|move|p1a: Glimmora|Spiky Shield|p1a: Glimmora\n|-singleturn|p1a: Glimmora|move: Protect\n|move|p2a: Okidogi|Drain Punch|p1a: Glimmora\n|-activate|p1a: Glimmora|move: Protect\n|-damage|p2a: Okidogi|88\/100|[from] Spiky Shield|[of] p1a: Glimmora\n|\n|-heal|p2a: Okidogi|94\/100|[from] item: Leftovers\n|upkeep\n|turn|6\n|\n|t:|1699748682\n|move|p1a: Glimmora|Sludge Bomb|p2a: Okidogi\n|-resisted|p2a: Okidogi\n|-damage|p2a: Okidogi|70\/100\n|move|p2a: Okidogi|Drain Punch|p1a: Glimmora\n|-damage|p1a: Glimmora|0 fnt\n|-heal|p2a: Okidogi|70\/100|[from] drain|[of] p1a: Glimmora\n|-activate|p1a: Glimmora|ability: Toxic Debris\n|-sidestart|p2: zennassor101|move: Toxic Spikes\n|faint|p1a: Glimmora\n|\n|-heal|p2a: Okidogi|77\/100|[from] item: Leftovers\n|upkeep\n|\n|t:|1699748696\n|switch|p1a: Spidops|Spidops, M|100\/100\n|turn|7\n|\n|t:|1699748703\n|move|p2a: Okidogi|Poison Jab|p1a: Spidops\n|-enditem|p1a: Spidops|Focus Sash\n|-damage|p1a: Spidops|1\/100\n|-status|p1a: Spidops|psn\n|move|p1a: Spidops|Sticky Web|p2a: Okidogi\n|-sidestart|p2: zennassor101|move: Sticky Web\n|\n|-heal|p2a: Okidogi|83\/100|[from] item: Leftovers\n|-damage|p1a: Spidops|0 fnt|[from] psn\n|faint|p1a: Spidops\n|upkeep\n|\n|t:|1699748715\n|switch|p1a: Iron Moth|Iron Moth|100\/100\n|-enditem|p1a: Iron Moth|Booster Energy\n|-activate|p1a: Iron Moth|ability: Quark Drive|[fromitem]\n|-start|p1a: Iron Moth|quarkdrivespa\n|turn|8\n|\n|t:|1699748727\n|move|p1a: Iron Moth|Fiery Dance|p2a: Okidogi\n|-damage|p2a: Okidogi|9\/100\n|-boost|p1a: Iron Moth|spa|1\n|move|p2a: Okidogi|Drain Punch|p1a: Iron Moth\n|-resisted|p1a: Iron Moth\n|-damage|p1a: Iron Moth|5\/100\n|-heal|p2a: Okidogi|50\/100|[from] drain|[of] p1a: Iron Moth\n|\n|-heal|p2a: Okidogi|56\/100|[from] item: Leftovers\n|upkeep\n|turn|9\n|\n|t:|1699748740\n|-terastallize|p2a: Okidogi|Water\n|move|p1a: Iron Moth|Fiery Dance|p2a: Okidogi\n|-resisted|p2a: Okidogi\n|-damage|p2a: Okidogi|7\/100\n|move|p2a: Okidogi|Knock Off|p1a: Iron Moth\n|-damage|p1a: Iron Moth|0 fnt\n|faint|p1a: Iron Moth\n|-end|p1a: Iron Moth|Quark Drive|[silent]\n|\n|-heal|p2a: Okidogi|13\/100|[from] item: Leftovers\n|upkeep\n|\n|t:|1699748754\n|switch|p1a: Breloom|Breloom, F|100\/100\n|turn|10\n|\n|t:|1699748761\n|move|p1a: Breloom|Mach Punch|p2a: Okidogi\n|-damage|p2a: Okidogi|2\/100\n|move|p2a: Okidogi|Poison Jab|p1a: Breloom\n|-supereffective|p1a: Breloom\n|-damage|p1a: Breloom|0 fnt\n|faint|p1a: Breloom\n|\n|-heal|p2a: Okidogi|9\/100|[from] item: Leftovers\n|upkeep\n|\n|t:|1699748772\n|switch|p1a: Corviknight|Corviknight, M, shiny|100\/100\n|-ability|p1a: Corviknight|Pressure\n|turn|11\n|\n|t:|1699748779\n|move|p2a: Okidogi|Drain Punch|p1a: Corviknight\n|-damage|p1a: Corviknight|29\/100\n|-heal|p2a: Okidogi|49\/100|[from] drain|[of] p1a: Corviknight\n|-damage|p2a: Okidogi|33\/100|[from] item: Rocky Helmet|[of] p1a: Corviknight\n|move|p1a: Corviknight|U-turn|p2a: Okidogi\n|-damage|p2a: Okidogi|28\/100\n|\n|t:|1699748801\n|switch|p1a: Samurott|Samurott-Hisui, M|100\/100|[from] U-turn\n|\n|-heal|p2a: Okidogi|34\/100|[from] item: Leftovers\n|upkeep\n|turn|12\n|\n|t:|1699748808\n|move|p1a: Samurott|Ceaseless Edge|p2a: Okidogi\n|-damage|p2a: Okidogi|18\/100\n|-sidestart|p2: zennassor101|Spikes\n|-damage|p1a: Samurott|91\/100|[from] item: Life Orb\n|move|p2a: Okidogi|Drain Punch|p1a: Samurott\n|-supereffective|p1a: Samurott\n|-damage|p1a: Samurott|0 fnt\n|-heal|p2a: Okidogi|59\/100|[from] drain|[of] p1a: Samurott\n|faint|p1a: Samurott\n|\n|-heal|p2a: Okidogi|65\/100|[from] item: Leftovers\n|upkeep\n|\n|t:|1699748866\n|switch|p1a: Corviknight|Corviknight, M, shiny|29\/100\n|-ability|p1a: Corviknight|Pressure\n|turn|13\n|\n|t:|1699748871\n|move|p2a: Okidogi|Drain Punch|p1a: Corviknight\n|-damage|p1a: Corviknight|0 fnt\n|-heal|p2a: Okidogi|81\/100|[from] drain|[of] p1a: Corviknight\n|-damage|p2a: Okidogi|65\/100|[from] item: Rocky Helmet|[of] p1a: Corviknight\n|faint|p1a: Corviknight\n|\n|win|zennassor101\n|raw|Muninn333's rating: 1112 &rarr; <strong>1082<\/strong><br \/>(-30 for losing)\n|raw|zennassor101's rating: 1045 &rarr; <strong>1085<\/strong><br \/>(+40 for winning)\n|l|\u2606Muninn333\n","uploadtime":1699748907,"views":19,"p1id":"muninn333","p2id":"zennassor101","formatid":"gen9ou","rating":1082,"private":0,"password":""}