{"id":"gen9ou-1993682036","p1":"Superash23","p2":"Kloken","format":"[Gen 9] OU","log":"|j|\u2606Superash23\n|j|\u2606Kloken\n|t:|1700345028\n|gametype|singles\n|player|p1|Superash23|cyrus|1058\n|player|p2|Kloken|169|1000\n|teamsize|p1|6\n|teamsize|p2|6\n|gen|9\n|tier|[Gen 9] OU\n|rated|\n|rule|Sleep Clause Mod: Limit one foe put to sleep\n|rule|Species Clause: Limit one of each Pok\u00e9mon\n|rule|OHKO Clause: OHKO moves are banned\n|rule|Evasion Items Clause: Evasion items are banned\n|rule|Evasion Moves Clause: Evasion moves are banned\n|rule|Endless Battle Clause: Forcing endless battles is banned\n|rule|HP Percentage Mod: HP is shown in percentages\n|clearpoke\n|poke|p1|Dragapult, F|\n|poke|p1|Rillaboom, M|\n|poke|p1|Mismagius, M|\n|poke|p1|Goodra, F|\n|poke|p1|Greninja-*, M|\n|poke|p1|Clefable, F|\n|poke|p2|Alomomola, F|\n|poke|p2|Ceruledge, M|\n|poke|p2|Gholdengo|\n|poke|p2|Ninetales-Alola, M|\n|poke|p2|Landorus-Therian, M|\n|poke|p2|Samurott-Hisui, M|\n|teampreview\n|l|\u2606Kloken\n|player|p2|\n|j|\u2606Kloken\n|player|p2|Kloken|169\n|\n|t:|1700345129\n|start\n|switch|p1a: Goodra|Goodra, F|100\/100\n|switch|p2a: Samurott|Samurott-Hisui, M|100\/100\n|turn|1\n|inactive|Battle timer is ON: inactive players will automatically lose when time's up. (requested by Kloken)\n|\n|t:|1700345139\n|move|p1a: Goodra|Thunderbolt|p2a: Samurott\n|-supereffective|p2a: Samurott\n|-damage|p2a: Samurott|39\/100\n|move|p2a: Samurott|X-Scissor|p1a: Goodra\n|-damage|p1a: Goodra|47\/100\n|\n|upkeep\n|turn|2\n|\n|t:|1700345147\n|move|p1a: Goodra|Thunderbolt|p2a: Samurott\n|-supereffective|p2a: Samurott\n|-damage|p2a: Samurott|0 fnt\n|faint|p2a: Samurott\n|\n|upkeep\n|\n|t:|1700345154\n|switch|p2a: Ninetales|Ninetales-Alola, M|100\/100\n|-weather|Snow|[from] ability: Snow Warning|[of] p2a: Ninetales\n|turn|3\n|\n|t:|1700345166\n|switch|p1a: Clefable|Clefable, F|100\/100\n|move|p2a: Ninetales|Aurora Veil|p2a: Ninetales\n|-sidestart|p2: Kloken|move: Aurora Veil\n|\n|-weather|Snow|[upkeep]\n|upkeep\n|turn|4\n|\n|t:|1700345172\n|move|p2a: Ninetales|Nasty Plot|p2a: Ninetales\n|-boost|p2a: Ninetales|spa|2\n|move|p1a: Clefable|Stealth Rock|p2a: Ninetales\n|-sidestart|p2: Kloken|move: Stealth Rock\n|\n|-weather|Snow|[upkeep]\n|upkeep\n|turn|5\n|\n|t:|1700345179\n|move|p2a: Ninetales|Nasty Plot|p2a: Ninetales\n|-boost|p2a: Ninetales|spa|2\n|move|p1a: Clefable|Knock Off|p2a: Ninetales\n|-resisted|p2a: Ninetales\n|-damage|p2a: Ninetales|97\/100\n|-enditem|p2a: Ninetales|Light Clay|[from] move: Knock Off|[of] p1a: Clefable\n|\n|-weather|Snow|[upkeep]\n|upkeep\n|turn|6\n|\n|t:|1700345188\n|move|p2a: Ninetales|Nasty Plot|p2a: Ninetales\n|-boost|p2a: Ninetales|spa|2\n|move|p1a: Clefable|Moonblast|p2a: Ninetales\n|-damage|p2a: Ninetales|78\/100\n|\n|-weather|Snow|[upkeep]\n|upkeep\n|turn|7\n|\n|t:|1700345201\n|move|p2a: Ninetales|Freeze-Dry|p1a: Clefable\n|-damage|p1a: Clefable|0 fnt\n|faint|p1a: Clefable\n|\n|-weather|none\n|upkeep\n|\n|t:|1700345209\n|switch|p1a: Greninja|Greninja, M|100\/100\n|turn|8\n|\n|t:|1700345213\n|move|p1a: Greninja|Dark Pulse|p2a: Ninetales\n|-resisted|p2a: Ninetales\n|-damage|p2a: Ninetales|64\/100\n|move|p2a: Ninetales|Draining Kiss|p1a: Greninja\n|-supereffective|p1a: Greninja\n|-damage|p1a: Greninja|0 fnt\n|-heal|p2a: Ninetales|100\/100|[from] drain|[of] p1a: Greninja\n|faint|p1a: Greninja\n|\n|upkeep\n|\n|t:|1700345223\n|switch|p1a: Rillaboom|Rillaboom, M|100\/100\n|turn|9\n|\n|t:|1700345229\n|move|p2a: Ninetales|Freeze-Dry|p1a: Rillaboom\n|-supereffective|p1a: Rillaboom\n|-damage|p1a: Rillaboom|0 fnt\n|faint|p1a: Rillaboom\n|\n|upkeep\n|\n|t:|1700345235\n|switch|p1a: Goodra|Goodra, F|47\/100\n|turn|10\n|\n|t:|1700345239\n|move|p1a: Goodra|Fire Blast|p2a: Ninetales|[miss]\n|-miss|p1a: Goodra|p2a: Ninetales\n|move|p2a: Ninetales|Draining Kiss|p1a: Goodra\n|-supereffective|p1a: Goodra\n|-damage|p1a: Goodra|0 fnt\n|faint|p1a: Goodra\n|\n|-sideend|p2: Kloken|move: Aurora Veil\n|upkeep\n|\n|t:|1700345248\n|switch|p1a: Dragapult|Dragapult, F|100\/100\n|turn|11\n|\n|t:|1700345253\n|move|p1a: Dragapult|Dragon Darts|p2a: Ninetales\n|-immune|p2a: Ninetales\n|move|p2a: Ninetales|Draining Kiss|p1a: Dragapult\n|-supereffective|p1a: Dragapult\n|-crit|p1a: Dragapult\n|-damage|p1a: Dragapult|0 fnt\n|faint|p1a: Dragapult\n|\n|upkeep\n|\n|t:|1700345262\n|switch|p1a: Mismagius|Mismagius, M|100\/100\n|turn|12\n|\n|t:|1700345267\n|move|p2a: Ninetales|Draining Kiss|p1a: Mismagius\n|-damage|p1a: Mismagius|2\/100\n|move|p1a: Mismagius|Shadow Ball|p2a: Ninetales\n|-damage|p2a: Ninetales|49\/100\n|-damage|p1a: Mismagius|0 fnt|[from] item: Life Orb\n|faint|p1a: Mismagius\n|\n|win|Kloken\n|raw|Superash23's rating: 1058 &rarr; <strong>1036<\/strong><br \/>(-22 for losing)\n|raw|Kloken's rating: 1000 &rarr; <strong>1047<\/strong><br \/>(+47 for winning)\n","uploadtime":1700345281,"views":14,"p1id":"superash23","p2id":"kloken","formatid":"gen9ou","rating":1036,"private":0,"password":""}