{"id":"gen9ou-1999661225","p1":"Xl18515","p2":"Neo-Justice","format":"[Gen 9] OU","log":"|j|\u2606Xl18515\n|j|\u2606Neo-Justice\n|t:|1701105556\n|gametype|singles\n|player|p1|Xl18515|hilbert|1107\n|player|p2|Neo-Justice|riley|1164\n|teamsize|p1|6\n|teamsize|p2|6\n|gen|9\n|tier|[Gen 9] OU\n|rated|\n|rule|Sleep Clause Mod: Limit one foe put to sleep\n|rule|Species Clause: Limit one of each Pok\u00e9mon\n|rule|OHKO Clause: OHKO moves are banned\n|rule|Evasion Items Clause: Evasion items are banned\n|rule|Evasion Moves Clause: Evasion moves are banned\n|rule|Endless Battle Clause: Forcing endless battles is banned\n|rule|HP Percentage Mod: HP is shown in percentages\n|clearpoke\n|poke|p1|Tauros-Paldea-Combat, M|\n|poke|p1|Ceruledge, F|\n|poke|p1|Glimmora, F|\n|poke|p1|Tinkaton, F|\n|poke|p1|Lokix, F|\n|poke|p1|Walking Wake|\n|poke|p2|Alomomola, F|\n|poke|p2|Great Tusk|\n|poke|p2|Iron Moth|\n|poke|p2|Rillaboom, M|\n|poke|p2|Kingambit, M|\n|poke|p2|Torkoal, M|\n|teampreview\n|inactive|Battle timer is ON: inactive players will automatically lose when time's up. (requested by Xl18515)\n|\n|t:|1701105564\n|start\n|switch|p1a: Glimmora|Glimmora, F|100\/100\n|switch|p2a: Torkoal|Torkoal, M|100\/100\n|-weather|SunnyDay|[from] ability: Drought|[of] p2a: Torkoal\n|turn|1\n|\n|t:|1701105572\n|move|p1a: Glimmora|Stealth Rock|p2a: Torkoal\n|-sidestart|p2: Neo-Justice|move: Stealth Rock\n|move|p2a: Torkoal|Yawn|p1a: Glimmora\n|-start|p1a: Glimmora|move: Yawn|[of] p2a: Torkoal\n|\n|-weather|SunnyDay|[upkeep]\n|upkeep\n|turn|2\n|\n|t:|1701105581\n|switch|p1a: Ceruledge|Ceruledge, F|100\/100\n|move|p2a: Torkoal|Rapid Spin|p1a: Ceruledge\n|-immune|p1a: Ceruledge\n|\n|-weather|SunnyDay|[upkeep]\n|upkeep\n|turn|3\n|\n|t:|1701105591\n|move|p1a: Ceruledge|Shadow Claw|p2a: Torkoal\n|-damage|p2a: Torkoal|73\/100\n|move|p2a: Torkoal|Yawn|p1a: Ceruledge\n|-start|p1a: Ceruledge|move: Yawn|[of] p2a: Torkoal\n|\n|-weather|SunnyDay|[upkeep]\n|-heal|p2a: Torkoal|80\/100|[from] item: Leftovers\n|upkeep\n|turn|4\n|\n|t:|1701105604\n|switch|p1a: Walking Wake|Walking Wake|100\/100\n|-activate|p1a: Walking Wake|ability: Protosynthesis\n|-start|p1a: Walking Wake|protosynthesisspa\n|move|p2a: Torkoal|Rapid Spin|p1a: Walking Wake\n|-damage|p1a: Walking Wake|89\/100\n|-boost|p2a: Torkoal|spe|1\n|-sideend|p2: Neo-Justice|Stealth Rock|[from] move: Rapid Spin|[of] p2a: Torkoal\n|\n|-weather|SunnyDay|[upkeep]\n|-heal|p2a: Torkoal|86\/100|[from] item: Leftovers\n|upkeep\n|turn|5\n|\n|t:|1701105615\n|switch|p2a: Rillaboom|Rillaboom, M|100\/100\n|-fieldstart|move: Grassy Terrain|[from] ability: Grassy Surge|[of] p2a: Rillaboom\n|move|p1a: Walking Wake|Hydro Steam|p2a: Rillaboom\n|-resisted|p2a: Rillaboom\n|-damage|p2a: Rillaboom|49\/100\n|\n|-weather|none\n|-end|p1a: Walking Wake|Protosynthesis\n|-heal|p1a: Walking Wake|95\/100|[from] Grassy Terrain\n|-heal|p2a: Rillaboom|56\/100|[from] Grassy Terrain\n|upkeep\n|turn|6\n|\n|t:|1701105627\n|move|p1a: Walking Wake|Flamethrower|p2a: Rillaboom\n|-supereffective|p2a: Rillaboom\n|-damage|p2a: Rillaboom|0 fnt\n|faint|p2a: Rillaboom\n|\n|-heal|p1a: Walking Wake|100\/100|[from] Grassy Terrain\n|upkeep\n|\n|t:|1701105638\n|switch|p2a: Iron Moth|Iron Moth|100\/100\n|-enditem|p2a: Iron Moth|Booster Energy\n|-activate|p2a: Iron Moth|ability: Quark Drive|[fromitem]\n|-start|p2a: Iron Moth|quarkdrivespa\n|turn|7\n|\n|t:|1701105644\n|move|p2a: Iron Moth|Energy Ball|p1a: Walking Wake\n|-damage|p1a: Walking Wake|40\/100\n|move|p1a: Walking Wake|Hydro Steam|p2a: Iron Moth\n|-supereffective|p2a: Iron Moth\n|-damage|p2a: Iron Moth|0 fnt\n|faint|p2a: Iron Moth\n|-end|p2a: Iron Moth|Quark Drive|[silent]\n|\n|-heal|p1a: Walking Wake|47\/100|[from] Grassy Terrain\n|upkeep\n|\n|t:|1701105654\n|switch|p2a: Torkoal|Torkoal, M|86\/100\n|-weather|SunnyDay|[from] ability: Drought|[of] p2a: Torkoal\n|-activate|p1a: Walking Wake|ability: Protosynthesis\n|-start|p1a: Walking Wake|protosynthesisspa\n|turn|8\n|\n|t:|1701105661\n|move|p1a: Walking Wake|Hydro Steam|p2a: Torkoal\n|-supereffective|p2a: Torkoal\n|-damage|p2a: Torkoal|0 fnt\n|faint|p2a: Torkoal\n|\n|-weather|SunnyDay|[upkeep]\n|-heal|p1a: Walking Wake|53\/100|[from] Grassy Terrain\n|upkeep\n|\n|t:|1701105664\n|switch|p2a: Great Tusk|Great Tusk|100\/100\n|-activate|p2a: Great Tusk|ability: Protosynthesis\n|-start|p2a: Great Tusk|protosynthesisatk\n|turn|9\n|\n|t:|1701105675\n|move|p2a: Great Tusk|Knock Off|p1a: Walking Wake\n|-damage|p1a: Walking Wake|1\/100\n|-enditem|p1a: Walking Wake|Expert Belt|[from] move: Knock Off|[of] p2a: Great Tusk\n|move|p1a: Walking Wake|Hydro Steam|p2a: Great Tusk\n|-supereffective|p2a: Great Tusk\n|-damage|p2a: Great Tusk|0 fnt\n|faint|p2a: Great Tusk\n|-end|p2a: Great Tusk|Protosynthesis|[silent]\n|\n|-weather|SunnyDay|[upkeep]\n|-heal|p1a: Walking Wake|8\/100|[from] Grassy Terrain\n|-fieldend|move: Grassy Terrain\n|upkeep\n|-message|Neo-Justice forfeited.\n|\n|win|Xl18515\n|raw|Xl18515's rating: 1107 &rarr; <strong>1136<\/strong><br \/>(+29 for winning)\n|raw|Neo-Justice's rating: 1164 &rarr; <strong>1135<\/strong><br \/>(-29 for losing)\n|l|\u2606Neo-Justice\n|l|\u2606Xl18515\n|j|\u2606Xl18515\n|player|p1|Xl18515|hilbert\n","uploadtime":1701105944,"views":5,"p1id":"xl18515","p2id":"neojustice","formatid":"gen9ou","rating":1135,"private":0,"password":""}