{"id":"gen9ou-1988829596","p1":"TacoTuSempai","p2":"SonderOfAll","format":"[Gen 9] OU","log":"|j|\u2606TacoTuSempai\n|j|\u2606SonderOfAll\n|t:|1699769591\n|gametype|singles\n|player|p1|TacoTuSempai|dragontamer|1219\n|player|p2|SonderOfAll|blackbelt-gen4dp|1278\n|teamsize|p1|6\n|teamsize|p2|6\n|gen|9\n|tier|[Gen 9] OU\n|rated|\n|rule|Sleep Clause Mod: Limit one foe put to sleep\n|rule|Species Clause: Limit one of each Pok\u00e9mon\n|rule|OHKO Clause: OHKO moves are banned\n|rule|Evasion Items Clause: Evasion items are banned\n|rule|Evasion Moves Clause: Evasion moves are banned\n|rule|Endless Battle Clause: Forcing endless battles is banned\n|rule|HP Percentage Mod: HP is shown in percentages\n|clearpoke\n|poke|p1|Zapdos|\n|poke|p1|Clefable, F|\n|poke|p1|Gholdengo|\n|poke|p1|Cinderace, M|\n|poke|p1|Gliscor, F|\n|poke|p1|Alomomola, M|\n|poke|p2|Great Tusk|\n|poke|p2|Sinistcha-Masterpiece|\n|poke|p2|Moltres|\n|poke|p2|Weezing-Galar, F|\n|poke|p2|Corviknight, M|\n|poke|p2|Walking Wake|\n|teampreview\n|\n|t:|1699769624\n|start\n|switch|p1a: Cinderace|Cinderace, M|100\/100\n|switch|p2a: Doug Dimidome|Weezing-Galar, F|100\/100\n|-ability|p2a: Doug Dimidome|Neutralizing Gas\n|turn|1\n|\n|t:|1699769634\n|move|p1a: Cinderace|Zen Headbutt|p2a: Doug Dimidome|[miss]\n|-miss|p1a: Cinderace|p2a: Doug Dimidome\n|move|p2a: Doug Dimidome|Sludge Bomb|p1a: Cinderace\n|-damage|p1a: Cinderace|61\/100\n|\n|upkeep\n|turn|2\n|\n|t:|1699769642\n|move|p1a: Cinderace|Zen Headbutt|p2a: Doug Dimidome\n|-supereffective|p2a: Doug Dimidome\n|-damage|p2a: Doug Dimidome|48\/100\n|move|p2a: Doug Dimidome|Sludge Bomb|p1a: Cinderace\n|-damage|p1a: Cinderace|25\/100\n|\n|-heal|p2a: Doug Dimidome|54\/100|[from] item: Black Sludge\n|upkeep\n|turn|3\n|\n|t:|1699769649\n|move|p2a: Doug Dimidome|Protect|p2a: Doug Dimidome\n|-singleturn|p2a: Doug Dimidome|Protect\n|move|p1a: Cinderace|Zen Headbutt|p2a: Doug Dimidome\n|-activate|p2a: Doug Dimidome|move: Protect\n|\n|-heal|p2a: Doug Dimidome|60\/100|[from] item: Black Sludge\n|upkeep\n|turn|4\n|\n|t:|1699769658\n|-end|p2a: Doug Dimidome|ability: Neutralizing Gas\n|switch|p2a: Corviknight|Corviknight, M|100\/100\n|-ability|p2a: Corviknight|Pressure\n|move|p1a: Cinderace|Zen Headbutt|p2a: Corviknight\n|-start|p1a: Cinderace|typechange|Psychic|[from] ability: Libero\n|-resisted|p2a: Corviknight\n|-damage|p2a: Corviknight|82\/100\n|-damage|p1a: Cinderace|8\/100|[from] item: Rocky Helmet|[of] p2a: Corviknight\n|\n|upkeep\n|turn|5\n|\n|t:|1699769673\n|switch|p1a: Alomomola|Alomomola, M|100\/100\n|switch|p2a: Burn|Moltres|100\/100\n|\n|upkeep\n|turn|6\n|\n|t:|1699769678\n|move|p2a: Burn|U-turn|p1a: Alomomola\n|-damage|p1a: Alomomola|93\/100\n|-damage|p2a: Burn|84\/100|[from] item: Rocky Helmet|[of] p1a: Alomomola\n|\n|t:|1699769681\n|switch|p2a: *KilledPex*|Sinistcha-Masterpiece|100\/100|[from] U-turn\n|move|p1a: Alomomola|Wish|p1a: Alomomola\n|\n|upkeep\n|turn|7\n|\n|t:|1699769687\n|move|p2a: *KilledPex*|Calm Mind|p2a: *KilledPex*\n|-boost|p2a: *KilledPex*|spa|1\n|-boost|p2a: *KilledPex*|spd|1\n|move|p1a: Alomomola|Flip Turn|p2a: *KilledPex*\n|-resisted|p2a: *KilledPex*\n|-damage|p2a: *KilledPex*|95\/100\n|\n|t:|1699769706\n|switch|p1a: Cinderace|Cinderace, M|8\/100|[from] Flip Turn\n|\n|-heal|p1a: Cinderace|97\/100|[from] move: Wish|[wisher] Alomomola\n|-heal|p2a: *KilledPex*|100\/100|[from] item: Leftovers\n|upkeep\n|turn|8\n|\n|t:|1699769714\n|move|p1a: Cinderace|U-turn|p2a: *KilledPex*\n|-start|p1a: Cinderace|typechange|Bug|[from] ability: Libero\n|-damage|p2a: *KilledPex*|66\/100\n|\n|t:|1699769719\n|switch|p1a: Clefable|Clefable, F|100\/100|[from] U-turn\n|move|p2a: *KilledPex*|Shadow Ball|p1a: Clefable\n|-damage|p1a: Clefable|74\/100\n|\n|-heal|p2a: *KilledPex*|72\/100|[from] item: Leftovers\n|-heal|p1a: Clefable|80\/100|[from] item: Leftovers\n|upkeep\n|turn|9\n|\n|t:|1699769728\n|move|p2a: *KilledPex*|Matcha Gotcha|p1a: Clefable\n|-damage|p1a: Clefable|54\/100\n|-heal|p2a: *KilledPex*|85\/100|[from] drain|[of] p1a: Clefable\n|move|p1a: Clefable|Wish|p1a: Clefable\n|\n|-heal|p2a: *KilledPex*|91\/100|[from] item: Leftovers\n|-heal|p1a: Clefable|60\/100|[from] item: Leftovers\n|upkeep\n|turn|10\n|\n|t:|1699769736\n|move|p2a: *KilledPex*|Matcha Gotcha|p1a: Clefable\n|-damage|p1a: Clefable|36\/100\n|-heal|p2a: *KilledPex*|100\/100|[from] drain|[of] p1a: Clefable\n|move|p1a: Clefable|Flamethrower|p2a: *KilledPex*\n|-supereffective|p2a: *KilledPex*\n|-damage|p2a: *KilledPex*|69\/100\n|\n|-heal|p1a: Clefable|85\/100|[from] move: Wish|[wisher] Clefable\n|-heal|p2a: *KilledPex*|75\/100|[from] item: Leftovers\n|-heal|p1a: Clefable|91\/100|[from] item: Leftovers\n|upkeep\n|turn|11\n|\n|t:|1699769746\n|move|p2a: *KilledPex*|Calm Mind|p2a: *KilledPex*\n|-boost|p2a: *KilledPex*|spa|1\n|-boost|p2a: *KilledPex*|spd|1\n|move|p1a: Clefable|Flamethrower|p2a: *KilledPex*\n|-supereffective|p2a: *KilledPex*\n|-damage|p2a: *KilledPex*|45\/100\n|\n|-heal|p2a: *KilledPex*|51\/100|[from] item: Leftovers\n|-heal|p1a: Clefable|97\/100|[from] item: Leftovers\n|upkeep\n|turn|12\n|\n|t:|1699769754\n|move|p2a: *KilledPex*|Strength Sap|p1a: Clefable\n|-unboost|p1a: Clefable|atk|1\n|-heal|p2a: *KilledPex*|89\/100\n|move|p1a: Clefable|Wish|p1a: Clefable\n|\n|-heal|p2a: *KilledPex*|95\/100|[from] item: Leftovers\n|-heal|p1a: Clefable|100\/100|[from] item: Leftovers\n|upkeep\n|turn|13\n|\n|t:|1699769764\n|move|p2a: *KilledPex*|Calm Mind|p2a: *KilledPex*\n|-boost|p2a: *KilledPex*|spa|1\n|-boost|p2a: *KilledPex*|spd|1\n|move|p1a: Clefable|Flamethrower|p2a: *KilledPex*\n|-supereffective|p2a: *KilledPex*\n|-damage|p2a: *KilledPex*|63\/100\n|\n|-heal|p2a: *KilledPex*|69\/100|[from] item: Leftovers\n|upkeep\n|turn|14\n|\n|t:|1699769772\n|move|p2a: *KilledPex*|Matcha Gotcha|p1a: Clefable\n|-damage|p1a: Clefable|72\/100\n|-heal|p2a: *KilledPex*|82\/100|[from] drain|[of] p1a: Clefable\n|move|p1a: Clefable|Flamethrower|p2a: *KilledPex*\n|-supereffective|p2a: *KilledPex*\n|-damage|p2a: *KilledPex*|50\/100\n|\n|-heal|p2a: *KilledPex*|57\/100|[from] item: Leftovers\n|-heal|p1a: Clefable|78\/100|[from] item: Leftovers\n|upkeep\n|turn|15\n|\n|t:|1699769783\n|move|p2a: *KilledPex*|Matcha Gotcha|p1a: Clefable\n|-damage|p1a: Clefable|53\/100\n|-heal|p2a: *KilledPex*|69\/100|[from] drain|[of] p1a: Clefable\n|move|p1a: Clefable|Flamethrower|p2a: *KilledPex*\n|-supereffective|p2a: *KilledPex*\n|-damage|p2a: *KilledPex*|38\/100\n|-status|p2a: *KilledPex*|brn\n|\n|-heal|p2a: *KilledPex*|44\/100 brn|[from] item: Leftovers\n|-heal|p1a: Clefable|59\/100|[from] item: Leftovers\n|-damage|p2a: *KilledPex*|42\/100 brn|[from] brn\n|upkeep\n|turn|16\n|\n|t:|1699769796\n|-terastallize|p2a: *KilledPex*|Grass\n|move|p2a: *KilledPex*|Matcha Gotcha|p1a: Clefable\n|-damage|p1a: Clefable|26\/100\n|-heal|p2a: *KilledPex*|57\/100 brn|[from] drain|[of] p1a: Clefable\n|move|p1a: Clefable|Wish|p1a: Clefable\n|\n|-heal|p2a: *KilledPex*|63\/100 brn|[from] item: Leftovers\n|-heal|p1a: Clefable|32\/100|[from] item: Leftovers\n|-damage|p2a: *KilledPex*|60\/100 brn|[from] brn\n|upkeep\n|turn|17\n|\n|t:|1699769807\n|move|p1a: Clefable|Protect|p1a: Clefable\n|-singleturn|p1a: Clefable|Protect\n|move|p2a: *KilledPex*|Matcha Gotcha|p1a: Clefable\n|-activate|p1a: Clefable|move: Protect\n|\n|-heal|p1a: Clefable|82\/100|[from] move: Wish|[wisher] Clefable\n|-heal|p2a: *KilledPex*|66\/100 brn|[from] item: Leftovers\n|-heal|p1a: Clefable|88\/100|[from] item: Leftovers\n|-damage|p2a: *KilledPex*|64\/100 brn|[from] brn\n|upkeep\n|turn|18\n|\n|t:|1699769817\n|move|p2a: *KilledPex*|Matcha Gotcha|p1a: Clefable\n|-damage|p1a: Clefable|55\/100\n|-heal|p2a: *KilledPex*|79\/100 brn|[from] drain|[of] p1a: Clefable\n|move|p1a: Clefable|Wish|p1a: Clefable\n|\n|-heal|p2a: *KilledPex*|85\/100 brn|[from] item: Leftovers\n|-heal|p1a: Clefable|62\/100|[from] item: Leftovers\n|-damage|p2a: *KilledPex*|82\/100 brn|[from] brn\n|upkeep\n|turn|19\n|\n|t:|1699769827\n|move|p2a: *KilledPex*|Calm Mind|p2a: *KilledPex*\n|-boost|p2a: *KilledPex*|spa|1\n|-boost|p2a: *KilledPex*|spd|1\n|move|p1a: Clefable|Flamethrower|p2a: *KilledPex*\n|-supereffective|p2a: *KilledPex*\n|-damage|p2a: *KilledPex*|55\/100 brn\n|\n|-heal|p1a: Clefable|100\/100|[from] move: Wish|[wisher] Clefable\n|-heal|p2a: *KilledPex*|61\/100 brn|[from] item: Leftovers\n|-damage|p2a: *KilledPex*|58\/100 brn|[from] brn\n|upkeep\n|turn|20\n|\n|t:|1699769837\n|move|p2a: *KilledPex*|Matcha Gotcha|p1a: Clefable\n|-damage|p1a: Clefable|67\/100\n|-heal|p2a: *KilledPex*|74\/100 brn|[from] drain|[of] p1a: Clefable\n|-status|p1a: Clefable|brn\n|move|p1a: Clefable|Flamethrower|p2a: *KilledPex*\n|-supereffective|p2a: *KilledPex*\n|-damage|p2a: *KilledPex*|42\/100 brn\n|\n|-heal|p2a: *KilledPex*|48\/100 brn|[from] item: Leftovers\n|-heal|p1a: Clefable|73\/100 brn|[from] item: Leftovers\n|-damage|p2a: *KilledPex*|45\/100 brn|[from] brn\n|-damage|p1a: Clefable|67\/100 brn|[from] brn\n|upkeep\n|turn|21\n|\n|t:|1699769849\n|move|p2a: *KilledPex*|Matcha Gotcha|p1a: Clefable\n|-damage|p1a: Clefable|34\/100 brn\n|-heal|p2a: *KilledPex*|61\/100 brn|[from] drain|[of] p1a: Clefable\n|move|p1a: Clefable|Flamethrower|p2a: *KilledPex*\n|-supereffective|p2a: *KilledPex*\n|-damage|p2a: *KilledPex*|33\/100 brn\n|\n|-heal|p2a: *KilledPex*|39\/100 brn|[from] item: Leftovers\n|-heal|p1a: Clefable|40\/100 brn|[from] item: Leftovers\n|-damage|p2a: *KilledPex*|36\/100 brn|[from] brn\n|-damage|p1a: Clefable|34\/100 brn|[from] brn\n|upkeep\n|turn|22\n|\n|t:|1699769871\n|switch|p1a: Zapdos|Zapdos|100\/100\n|-ability|p1a: Zapdos|Pressure\n|move|p2a: *KilledPex*|Matcha Gotcha|p1a: Zapdos\n|-resisted|p1a: Zapdos\n|-damage|p1a: Zapdos|23\/100\n|-heal|p2a: *KilledPex*|72\/100 brn|[from] drain|[of] p1a: Zapdos\n|\n|-heal|p1a: Zapdos|29\/100|[from] item: Leftovers\n|-heal|p2a: *KilledPex*|78\/100 brn|[from] item: Leftovers\n|-damage|p2a: *KilledPex*|75\/100 brn|[from] brn\n|upkeep\n|turn|23\n|\n|t:|1699769884\n|move|p1a: Zapdos|Substitute|p1a: Zapdos\n|-start|p1a: Zapdos|Substitute\n|-damage|p1a: Zapdos|4\/100\n|move|p2a: *KilledPex*|Shadow Ball|p1a: Zapdos\n|-end|p1a: Zapdos|Substitute\n|\n|-heal|p1a: Zapdos|10\/100|[from] item: Leftovers\n|-heal|p2a: *KilledPex*|81\/100 brn|[from] item: Leftovers\n|-damage|p2a: *KilledPex*|78\/100 brn|[from] brn\n|upkeep\n|turn|24\n|\n|t:|1699769909\n|move|p1a: Zapdos|Roost|p1a: Zapdos\n|-heal|p1a: Zapdos|60\/100\n|-singleturn|p1a: Zapdos|move: Roost\n|move|p2a: *KilledPex*|Shadow Ball|p1a: Zapdos\n|-damage|p1a: Zapdos|0 fnt\n|faint|p1a: Zapdos\n|\n|-heal|p2a: *KilledPex*|84\/100 brn|[from] item: Leftovers\n|-damage|p2a: *KilledPex*|81\/100 brn|[from] brn\n|upkeep\n|\n|t:|1699769924\n|switch|p1a: Cinderace|Cinderace, M|97\/100\n|turn|25\n|\n|t:|1699769932\n|move|p1a: Cinderace|Gunk Shot|p2a: *KilledPex*\n|-start|p1a: Cinderace|typechange|Poison|[from] ability: Libero\n|-supereffective|p2a: *KilledPex*\n|-damage|p2a: *KilledPex*|0 fnt\n|faint|p2a: *KilledPex*\n|\n|upkeep\n|\n|t:|1699769938\n|switch|p2a: Tusk Act 4|Great Tusk|100\/100\n|turn|26\n|\n|t:|1699769942\n|switch|p1a: Gliscor|Gliscor, F|100\/100\n|move|p2a: Tusk Act 4|Knock Off|p1a: Gliscor\n|-damage|p1a: Gliscor|77\/100\n|-enditem|p1a: Gliscor|Toxic Orb|[from] move: Knock Off|[of] p2a: Tusk Act 4\n|\n|upkeep\n|turn|27\n|\n|t:|1699769950\n|-end|p2a: Tusk Act 4|Protosynthesis|[silent]\n|switch|p2a: Burn|Moltres|84\/100\n|move|p1a: Gliscor|Stealth Rock|p2a: Burn\n|-sidestart|p2: SonderOfAll|move: Stealth Rock\n|\n|upkeep\n|turn|28\n|\n|t:|1699769956\n|move|p1a: Gliscor|Knock Off|p2a: Burn\n|-damage|p2a: Burn|66\/100\n|-enditem|p2a: Burn|Heavy-Duty Boots|[from] move: Knock Off|[of] p1a: Gliscor\n|move|p2a: Burn|Will-O-Wisp|p1a: Gliscor\n|-status|p1a: Gliscor|brn\n|\n|-damage|p1a: Gliscor|71\/100 brn|[from] brn\n|upkeep\n|turn|29\n|\n|t:|1699769964\n|move|p1a: Gliscor|U-turn|p2a: Burn\n|-resisted|p2a: Burn\n|-damage|p2a: Burn|64\/100\n|\n|t:|1699769967\n|switch|p1a: Alomomola|Alomomola, M|100\/100|[from] U-turn\n|move|p2a: Burn|Flamethrower|p1a: Alomomola\n|-resisted|p1a: Alomomola\n|-damage|p1a: Alomomola|78\/100\n|\n|upkeep\n|turn|30\n|\n|t:|1699769974\n|move|p2a: Burn|U-turn|p1a: Alomomola\n|-damage|p1a: Alomomola|70\/100\n|-damage|p2a: Burn|48\/100|[from] item: Rocky Helmet|[of] p1a: Alomomola\n|\n|t:|1699769978\n|switch|p2a: Doug Dimidome|Weezing-Galar, F|60\/100|[from] U-turn\n|-ability|p2a: Doug Dimidome|Neutralizing Gas\n|-damage|p2a: Doug Dimidome|48\/100|[from] Stealth Rock\n|move|p1a: Alomomola|Wish|p1a: Alomomola\n|\n|-heal|p2a: Doug Dimidome|54\/100|[from] item: Black Sludge\n|upkeep\n|turn|31\n|\n|t:|1699769986\n|move|p2a: Doug Dimidome|Protect|p2a: Doug Dimidome\n|-singleturn|p2a: Doug Dimidome|Protect\n|move|p1a: Alomomola|Flip Turn|p2a: Doug Dimidome\n|-activate|p2a: Doug Dimidome|move: Protect\n|\n|-heal|p1a: Alomomola|100\/100|[from] move: Wish|[wisher] Alomomola\n|-heal|p2a: Doug Dimidome|60\/100|[from] item: Black Sludge\n|upkeep\n|turn|32\n|\n|t:|1699769995\n|move|p1a: Alomomola|Wish|p1a: Alomomola\n|move|p2a: Doug Dimidome|Defog|p1a: Alomomola\n|-unboost|p1a: Alomomola|evasion|1\n|-sideend|p2: SonderOfAll|Stealth Rock|[from] move: Defog|[of] p2a: Doug Dimidome\n|\n|-heal|p2a: Doug Dimidome|66\/100|[from] item: Black Sludge\n|upkeep\n|turn|33\n|\n|t:|1699770003\n|move|p1a: Alomomola|Flip Turn|p2a: Doug Dimidome\n|-damage|p2a: Doug Dimidome|55\/100\n|\n|t:|1699770012\n|switch|p1a: Cinderace|Cinderace, M|97\/100|[from] Flip Turn\n|move|p2a: Doug Dimidome|Strange Steam|p1a: Cinderace\n|-resisted|p1a: Cinderace\n|-damage|p1a: Cinderace|78\/100\n|\n|-heal|p1a: Cinderace|100\/100|[from] move: Wish|[wisher] Alomomola\n|-heal|p2a: Doug Dimidome|61\/100|[from] item: Black Sludge\n|upkeep\n|turn|34\n|\n|t:|1699770023\n|move|p2a: Doug Dimidome|Protect|p2a: Doug Dimidome\n|-singleturn|p2a: Doug Dimidome|Protect\n|move|p1a: Cinderace|Zen Headbutt|p2a: Doug Dimidome\n|-activate|p2a: Doug Dimidome|move: Protect\n|\n|-heal|p2a: Doug Dimidome|67\/100|[from] item: Black Sludge\n|upkeep\n|turn|35\n|\n|t:|1699770033\n|-end|p2a: Doug Dimidome|ability: Neutralizing Gas\n|switch|p2a: Corviknight|Corviknight, M|82\/100\n|-ability|p2a: Corviknight|Pressure\n|move|p1a: Cinderace|Zen Headbutt|p2a: Corviknight\n|-resisted|p2a: Corviknight\n|-damage|p2a: Corviknight|70\/100\n|-damage|p1a: Cinderace|84\/100|[from] item: Rocky Helmet|[of] p2a: Corviknight\n|\n|upkeep\n|turn|36\n|\n|t:|1699770042\n|switch|p1a: Gliscor|Gliscor, F|71\/100 brn\n|move|p2a: Corviknight|U-turn|p1a: Gliscor\n|-resisted|p1a: Gliscor\n|-damage|p1a: Gliscor|66\/100 brn\n|\n|t:|1699770047\n|switch|p2a: Tusk Act 4|Great Tusk|100\/100|[from] U-turn\n|\n|-damage|p1a: Gliscor|60\/100 brn|[from] brn\n|upkeep\n|turn|37\n|\n|t:|1699770054\n|move|p2a: Tusk Act 4|Ice Spinner|p1a: Gliscor\n|-supereffective|p1a: Gliscor\n|-damage|p1a: Gliscor|0 fnt\n|faint|p1a: Gliscor\n|\n|upkeep\n|\n|t:|1699770068\n|switch|p1a: Alomomola|Alomomola, M|100\/100\n|turn|38\n|\n|t:|1699770073\n|-end|p2a: Tusk Act 4|Protosynthesis|[silent]\n|switch|p2a: Corviknight|Corviknight, M|70\/100\n|-ability|p2a: Corviknight|Pressure\n|move|p1a: Alomomola|Scald|p2a: Corviknight\n|-damage|p2a: Corviknight|59\/100\n|-status|p2a: Corviknight|brn\n|\n|-damage|p2a: Corviknight|53\/100 brn|[from] brn\n|upkeep\n|turn|39\n|\n|t:|1699770084\n|move|p2a: Corviknight|U-turn|p1a: Alomomola\n|-damage|p1a: Alomomola|97\/100\n|-damage|p2a: Corviknight|37\/100 brn|[from] item: Rocky Helmet|[of] p1a: Alomomola\n|\n|t:|1699770093\n|switch|p2a: Burn|Moltres|48\/100|[from] U-turn\n|move|p1a: Alomomola|Wish|p1a: Alomomola\n|\n|upkeep\n|turn|40\n|\n|t:|1699770098\n|move|p2a: Burn|Will-O-Wisp|p1a: Alomomola\n|-status|p1a: Alomomola|brn\n|move|p1a: Alomomola|Flip Turn|p2a: Burn\n|-supereffective|p2a: Burn\n|-damage|p2a: Burn|36\/100\n|\n|t:|1699770108\n|switch|p1a: Clefable|Clefable, F|34\/100 brn|[from] Flip Turn\n|\n|-heal|p1a: Clefable|100\/100 brn|[from] move: Wish|[wisher] Alomomola\n|-damage|p1a: Clefable|94\/100 brn|[from] brn\n|upkeep\n|turn|41\n|\n|t:|1699770116\n|move|p2a: Burn|Roost|p2a: Burn\n|-heal|p2a: Burn|86\/100\n|-singleturn|p2a: Burn|move: Roost\n|move|p1a: Clefable|Wish|p1a: Clefable\n|\n|-heal|p1a: Clefable|100\/100 brn|[from] item: Leftovers\n|-damage|p1a: Clefable|94\/100 brn|[from] brn\n|upkeep\n|turn|42\n|\n|t:|1699770124\n|switch|p1a: Cinderace|Cinderace, M|84\/100\n|move|p2a: Burn|Flamethrower|p1a: Cinderace\n|-resisted|p1a: Cinderace\n|-damage|p1a: Cinderace|56\/100\n|\n|-heal|p1a: Cinderace|100\/100|[from] move: Wish|[wisher] Clefable\n|upkeep\n|turn|43\n|\n|t:|1699770140\n|move|p1a: Cinderace|Zen Headbutt|p2a: Burn\n|-start|p1a: Cinderace|typechange|Psychic|[from] ability: Libero\n|-damage|p2a: Burn|48\/100\n|move|p2a: Burn|Will-O-Wisp|p1a: Cinderace\n|-status|p1a: Cinderace|brn\n|\n|-damage|p1a: Cinderace|95\/100 brn|[from] brn\n|upkeep\n|turn|44\n|\n|t:|1699770151\n|switch|p1a: Alomomola|Alomomola, M|100\/100 brn\n|move|p2a: Burn|Roost|p2a: Burn\n|-heal|p2a: Burn|98\/100\n|-singleturn|p2a: Burn|move: Roost\n|\n|-damage|p1a: Alomomola|94\/100 brn|[from] brn\n|upkeep\n|turn|45\n|c|\u2606SonderOfAll|Damn.\n|c|\u2606SonderOfAll|Burning a fire type.\n|c|\u2606TacoTuSempai|xDDDDD\n|c|\u2606SonderOfAll|Lucky me.\n|\n|t:|1699770170\n|move|p2a: Burn|U-turn|p1a: Alomomola\n|-damage|p1a: Alomomola|87\/100 brn\n|-damage|p2a: Burn|82\/100|[from] item: Rocky Helmet|[of] p1a: Alomomola\n|\n|t:|1699770176\n|switch|p2a: Walking Wake|Walking Wake|100\/100|[from] U-turn\n|-enditem|p2a: Walking Wake|Booster Energy\n|-activate|p2a: Walking Wake|ability: Protosynthesis|[fromitem]\n|-start|p2a: Walking Wake|protosynthesisspe\n|move|p1a: Alomomola|Scald|p2a: Walking Wake\n|-resisted|p2a: Walking Wake\n|-damage|p2a: Walking Wake|97\/100\n|-status|p2a: Walking Wake|brn\n|\n|-damage|p2a: Walking Wake|91\/100 brn|[from] brn\n|-damage|p1a: Alomomola|80\/100 brn|[from] brn\n|upkeep\n|turn|46\n|\n|t:|1699770187\n|move|p2a: Walking Wake|Draco Meteor|p1a: Alomomola\n|-damage|p1a: Alomomola|4\/100 brn\n|-unboost|p2a: Walking Wake|spa|2\n|move|p1a: Alomomola|Flip Turn|p2a: Walking Wake\n|-resisted|p2a: Walking Wake\n|-damage|p2a: Walking Wake|89\/100 brn\n|\n|t:|1699770205\n|switch|p1a: Clefable|Clefable, F|94\/100 brn|[from] Flip Turn\n|\n|-heal|p1a: Clefable|100\/100 brn|[from] item: Leftovers\n|-damage|p2a: Walking Wake|83\/100 brn|[from] brn\n|-damage|p1a: Clefable|94\/100 brn|[from] brn\n|upkeep\n|turn|47\n|\n|t:|1699770221\n|-end|p2a: Walking Wake|Protosynthesis|[silent]\n|switch|p2a: Doug Dimidome|Weezing-Galar, F|67\/100\n|-ability|p2a: Doug Dimidome|Neutralizing Gas\n|move|p1a: Clefable|Moonblast|p2a: Doug Dimidome\n|-resisted|p2a: Doug Dimidome\n|-damage|p2a: Doug Dimidome|40\/100\n|\n|-heal|p1a: Clefable|100\/100 brn|[from] item: Leftovers\n|-heal|p2a: Doug Dimidome|46\/100|[from] item: Black Sludge\n|-damage|p1a: Clefable|94\/100 brn|[from] brn\n|upkeep\n|turn|48\n|\n|t:|1699770233\n|move|p2a: Doug Dimidome|Protect|p2a: Doug Dimidome\n|-singleturn|p2a: Doug Dimidome|Protect\n|move|p1a: Clefable|Wish|p1a: Clefable\n|\n|-heal|p1a: Clefable|100\/100 brn|[from] item: Leftovers\n|-heal|p2a: Doug Dimidome|52\/100|[from] item: Black Sludge\n|-damage|p1a: Clefable|94\/100 brn|[from] brn\n|upkeep\n|turn|49\n|\n|t:|1699770241\n|-end|p2a: Doug Dimidome|ability: Neutralizing Gas\n|switch|p2a: Burn|Moltres|82\/100\n|move|p1a: Clefable|Flamethrower|p2a: Burn\n|-resisted|p2a: Burn\n|-damage|p2a: Burn|70\/100\n|\n|-heal|p1a: Clefable|100\/100 brn|[from] move: Wish|[wisher] Clefable\n|-damage|p1a: Clefable|94\/100 brn|[from] brn\n|upkeep\n|turn|50\n|\n|t:|1699770259\n|switch|p1a: Alomomola|Alomomola, M|37\/100 brn\n|move|p2a: Burn|U-turn|p1a: Alomomola\n|-damage|p1a: Alomomola|30\/100 brn\n|-damage|p2a: Burn|53\/100|[from] item: Rocky Helmet|[of] p1a: Alomomola\n|\n|t:|1699770278\n|switch|p2a: Tusk Act 4|Great Tusk|100\/100|[from] U-turn\n|\n|-damage|p1a: Alomomola|24\/100 brn|[from] brn\n|upkeep\n|turn|51\n|\n|t:|1699770316\n|move|p1a: Alomomola|Protect|p1a: Alomomola\n|-singleturn|p1a: Alomomola|Protect\n|move|p2a: Tusk Act 4|Headlong Rush|p1a: Alomomola\n|-activate|p1a: Alomomola|move: Protect\n|\n|-damage|p1a: Alomomola|17\/100 brn|[from] brn\n|upkeep\n|turn|52\n|\n|t:|1699770331\n|-end|p2a: Tusk Act 4|Protosynthesis|[silent]\n|switch|p2a: Walking Wake|Walking Wake|83\/100 brn\n|switch|p1a: Gholdengo|Gholdengo|100\/100\n|-item|p1a: Gholdengo|Air Balloon\n|\n|-damage|p2a: Walking Wake|77\/100 brn|[from] brn\n|upkeep\n|turn|53\n|\n|t:|1699770338\n|switch|p1a: Clefable|Clefable, F|94\/100 brn\n|move|p2a: Walking Wake|Flamethrower|p1a: Clefable\n|-damage|p1a: Clefable|72\/100 brn\n|\n|-heal|p1a: Clefable|78\/100 brn|[from] item: Leftovers\n|-damage|p2a: Walking Wake|71\/100 brn|[from] brn\n|-damage|p1a: Clefable|72\/100 brn|[from] brn\n|upkeep\n|turn|54\n|\n|t:|1699770352\n|-end|p2a: Walking Wake|Protosynthesis|[silent]\n|switch|p2a: Burn|Moltres|53\/100\n|move|p1a: Clefable|Moonblast|p2a: Burn\n|-resisted|p2a: Burn\n|-damage|p2a: Burn|33\/100\n|-unboost|p2a: Burn|spa|1\n|\n|-heal|p1a: Clefable|78\/100 brn|[from] item: Leftovers\n|-damage|p1a: Clefable|72\/100 brn|[from] brn\n|upkeep\n|turn|55\n|\n|t:|1699770361\n|switch|p1a: Alomomola|Alomomola, M|51\/100 brn\n|move|p2a: Burn|Roost|p2a: Burn\n|-heal|p2a: Burn|83\/100\n|-singleturn|p2a: Burn|move: Roost\n|\n|-damage|p1a: Alomomola|45\/100 brn|[from] brn\n|upkeep\n|turn|56\n|\n|t:|1699770369\n|move|p2a: Burn|U-turn|p1a: Alomomola\n|-damage|p1a: Alomomola|36\/100 brn\n|-damage|p2a: Burn|67\/100|[from] item: Rocky Helmet|[of] p1a: Alomomola\n|\n|t:|1699770374\n|switch|p2a: Tusk Act 4|Great Tusk|100\/100|[from] U-turn\n|move|p1a: Alomomola|Wish|p1a: Alomomola\n|\n|-damage|p1a: Alomomola|30\/100 brn|[from] brn\n|upkeep\n|turn|57\n|\n|t:|1699770383\n|move|p1a: Alomomola|Protect|p1a: Alomomola\n|-singleturn|p1a: Alomomola|Protect\n|move|p2a: Tusk Act 4|Headlong Rush|p1a: Alomomola\n|-activate|p1a: Alomomola|move: Protect\n|\n|-heal|p1a: Alomomola|80\/100 brn|[from] move: Wish|[wisher] Alomomola\n|-damage|p1a: Alomomola|74\/100 brn|[from] brn\n|upkeep\n|turn|58\n|\n|t:|1699770393\n|-end|p2a: Tusk Act 4|Protosynthesis|[silent]\n|switch|p2a: Burn|Moltres|67\/100\n|move|p1a: Alomomola|Flip Turn|p2a: Burn\n|-supereffective|p2a: Burn\n|-damage|p2a: Burn|54\/100\n|\n|t:|1699770405\n|switch|p1a: Cinderace|Cinderace, M|95\/100 brn|[from] Flip Turn\n|\n|-damage|p1a: Cinderace|89\/100 brn|[from] brn\n|upkeep\n|turn|59\n|\n|t:|1699770412\n|move|p1a: Cinderace|Gunk Shot|p2a: Burn\n|-start|p1a: Cinderace|typechange|Poison|[from] ability: Libero\n|-damage|p2a: Burn|22\/100\n|move|p2a: Burn|U-turn|p1a: Cinderace\n|-resisted|p1a: Cinderace\n|-damage|p1a: Cinderace|79\/100 brn\n|\n|t:|1699770419\n|switch|p2a: Tusk Act 4|Great Tusk|100\/100|[from] U-turn\n|\n|-damage|p1a: Cinderace|73\/100 brn|[from] brn\n|upkeep\n|turn|60\n|\n|t:|1699770424\n|switch|p1a: Alomomola|Alomomola, M|100\/100 brn\n|move|p2a: Tusk Act 4|Knock Off|p1a: Alomomola\n|-damage|p1a: Alomomola|82\/100 brn\n|-damage|p2a: Tusk Act 4|84\/100|[from] item: Rocky Helmet|[of] p1a: Alomomola\n|-enditem|p1a: Alomomola|Rocky Helmet|[from] move: Knock Off|[of] p2a: Tusk Act 4\n|\n|-damage|p1a: Alomomola|76\/100 brn|[from] brn\n|upkeep\n|turn|61\n|\n|t:|1699770436\n|-end|p2a: Tusk Act 4|Protosynthesis|[silent]\n|switch|p2a: Walking Wake|Walking Wake|71\/100 brn\n|move|p1a: Alomomola|Scald|p2a: Walking Wake\n|-resisted|p2a: Walking Wake\n|-damage|p2a: Walking Wake|67\/100 brn\n|\n|-damage|p2a: Walking Wake|61\/100 brn|[from] brn\n|-damage|p1a: Alomomola|70\/100 brn|[from] brn\n|upkeep\n|turn|62\n|\n|t:|1699770445\n|move|p1a: Alomomola|Protect|p1a: Alomomola\n|-singleturn|p1a: Alomomola|Protect\n|move|p2a: Walking Wake|Hydro Steam|p1a: Alomomola\n|-activate|p1a: Alomomola|move: Protect\n|\n|-damage|p2a: Walking Wake|55\/100 brn|[from] brn\n|-damage|p1a: Alomomola|64\/100 brn|[from] brn\n|upkeep\n|turn|63\n|\n|t:|1699770464\n|switch|p1a: Clefable|Clefable, F|72\/100 brn\n|move|p2a: Walking Wake|Draco Meteor|p1a: Clefable\n|-immune|p1a: Clefable\n|\n|-heal|p1a: Clefable|78\/100 brn|[from] item: Leftovers\n|-damage|p2a: Walking Wake|49\/100 brn|[from] brn\n|-damage|p1a: Clefable|72\/100 brn|[from] brn\n|upkeep\n|turn|64\n|\n|t:|1699770476\n|-end|p2a: Walking Wake|Protosynthesis|[silent]\n|switch|p2a: Corviknight|Corviknight, M|37\/100 brn\n|-ability|p2a: Corviknight|Pressure\n|move|p1a: Clefable|Moonblast|p2a: Corviknight\n|-resisted|p2a: Corviknight\n|-damage|p2a: Corviknight|17\/100 brn\n|-unboost|p2a: Corviknight|spa|1\n|\n|-heal|p1a: Clefable|78\/100 brn|[from] item: Leftovers\n|-damage|p2a: Corviknight|11\/100 brn|[from] brn\n|-damage|p1a: Clefable|72\/100 brn|[from] brn\n|upkeep\n|turn|65\n|\n|t:|1699770487\n|move|p2a: Corviknight|Roost|p2a: Corviknight\n|-heal|p2a: Corviknight|61\/100 brn\n|-singleturn|p2a: Corviknight|move: Roost\n|move|p1a: Clefable|Flamethrower|p2a: Corviknight\n|-supereffective|p2a: Corviknight\n|-damage|p2a: Corviknight|9\/100 brn\n|\n|-heal|p1a: Clefable|78\/100 brn|[from] item: Leftovers\n|-damage|p2a: Corviknight|3\/100 brn|[from] brn\n|-damage|p1a: Clefable|72\/100 brn|[from] brn\n|upkeep\n|turn|66\n|\n|t:|1699770507\n|move|p2a: Corviknight|Roost|p2a: Corviknight\n|-heal|p2a: Corviknight|53\/100 brn\n|-singleturn|p2a: Corviknight|move: Roost\n|move|p1a: Clefable|Wish|p1a: Clefable\n|\n|-heal|p1a: Clefable|78\/100 brn|[from] item: Leftovers\n|-damage|p2a: Corviknight|47\/100 brn|[from] brn\n|-damage|p1a: Clefable|72\/100 brn|[from] brn\n|upkeep\n|turn|67\n|\n|t:|1699770516\n|move|p2a: Corviknight|U-turn|p1a: Clefable\n|-resisted|p1a: Clefable\n|-damage|p1a: Clefable|68\/100 brn\n|\n|t:|1699770521\n|switch|p2a: Burn|Moltres|22\/100|[from] U-turn\n|move|p1a: Clefable|Flamethrower|p2a: Burn\n|-resisted|p2a: Burn\n|-damage|p2a: Burn|10\/100\n|\n|-heal|p1a: Clefable|100\/100 brn|[from] move: Wish|[wisher] Clefable\n|-damage|p1a: Clefable|94\/100 brn|[from] brn\n|upkeep\n|turn|68\n|\n|t:|1699770530\n|move|p2a: Burn|Roost|p2a: Burn\n|-heal|p2a: Burn|60\/100\n|-singleturn|p2a: Burn|move: Roost\n|move|p1a: Clefable|Moonblast|p2a: Burn\n|-resisted|p2a: Burn\n|-damage|p2a: Burn|39\/100\n|\n|-heal|p1a: Clefable|100\/100 brn|[from] item: Leftovers\n|-damage|p1a: Clefable|94\/100 brn|[from] brn\n|upkeep\n|turn|69\n|\n|t:|1699770543\n|switch|p2a: Corviknight|Corviknight, M|47\/100 brn\n|-ability|p2a: Corviknight|Pressure\n|switch|p1a: Alomomola|Alomomola, M|97\/100 brn\n|\n|-damage|p2a: Corviknight|41\/100 brn|[from] brn\n|-damage|p1a: Alomomola|91\/100 brn|[from] brn\n|upkeep\n|turn|70\n|\n|t:|1699770551\n|move|p2a: Corviknight|Roost|p2a: Corviknight\n|-heal|p2a: Corviknight|91\/100 brn\n|-singleturn|p2a: Corviknight|move: Roost\n|move|p1a: Alomomola|Scald|p2a: Corviknight\n|-damage|p2a: Corviknight|78\/100 brn\n|\n|-damage|p2a: Corviknight|72\/100 brn|[from] brn\n|-damage|p1a: Alomomola|85\/100 brn|[from] brn\n|upkeep\n|turn|71\n|\n|t:|1699770563\n|move|p2a: Corviknight|U-turn|p1a: Alomomola\n|-damage|p1a: Alomomola|81\/100 brn\n|\n|t:|1699770565\n|switch|p2a: Walking Wake|Walking Wake|49\/100 brn|[from] U-turn\n|move|p1a: Alomomola|Flip Turn|p2a: Walking Wake\n|-resisted|p2a: Walking Wake\n|-damage|p2a: Walking Wake|46\/100 brn\n|\n|t:|1699770572\n|switch|p1a: Clefable|Clefable, F|94\/100 brn|[from] Flip Turn\n|\n|-heal|p1a: Clefable|100\/100 brn|[from] item: Leftovers\n|-damage|p2a: Walking Wake|40\/100 brn|[from] brn\n|-damage|p1a: Clefable|94\/100 brn|[from] brn\n|upkeep\n|turn|72\n|\n|t:|1699770578\n|move|p2a: Walking Wake|Hydro Steam|p1a: Clefable\n|-damage|p1a: Clefable|64\/100 brn\n|move|p1a: Clefable|Moonblast|p2a: Walking Wake\n|-supereffective|p2a: Walking Wake\n|-damage|p2a: Walking Wake|0 fnt\n|faint|p2a: Walking Wake\n|-end|p2a: Walking Wake|Protosynthesis|[silent]\n|\n|-heal|p1a: Clefable|70\/100 brn|[from] item: Leftovers\n|-damage|p1a: Clefable|64\/100 brn|[from] brn\n|upkeep\n|\n|t:|1699770588\n|switch|p2a: Doug Dimidome|Weezing-Galar, F|52\/100\n|-ability|p2a: Doug Dimidome|Neutralizing Gas\n|turn|73\n|\n|t:|1699770593\n|move|p2a: Doug Dimidome|Sludge Bomb|p1a: Clefable\n|-supereffective|p1a: Clefable\n|-damage|p1a: Clefable|22\/100 brn\n|move|p1a: Clefable|Wish|p1a: Clefable\n|\n|-heal|p2a: Doug Dimidome|58\/100|[from] item: Black Sludge\n|-heal|p1a: Clefable|28\/100 brn|[from] item: Leftovers\n|-damage|p1a: Clefable|22\/100 brn|[from] brn\n|upkeep\n|turn|74\n|\n|t:|1699770603\n|-end|p2a: Doug Dimidome|ability: Neutralizing Gas\n|switch|p2a: Tusk Act 4|Great Tusk|84\/100\n|move|p1a: Clefable|Protect||[still]\n|-fail|p1a: Clefable\n|\n|-heal|p1a: Clefable|72\/100 brn|[from] move: Wish|[wisher] Clefable\n|-heal|p1a: Clefable|78\/100 brn|[from] item: Leftovers\n|-damage|p1a: Clefable|72\/100 brn|[from] brn\n|upkeep\n|turn|75\n|\n|t:|1699770614\n|-end|p2a: Tusk Act 4|Protosynthesis|[silent]\n|switch|p2a: Burn|Moltres|39\/100\n|switch|p1a: Alomomola|Alomomola, M|100\/100 brn\n|\n|-damage|p1a: Alomomola|94\/100 brn|[from] brn\n|upkeep\n|turn|76\n|\n|t:|1699770625\n|move|p2a: Burn|Roost|p2a: Burn\n|-heal|p2a: Burn|89\/100\n|-singleturn|p2a: Burn|move: Roost\n|move|p1a: Alomomola|Scald|p2a: Burn\n|-supereffective|p2a: Burn\n|-damage|p2a: Burn|67\/100\n|\n|-damage|p1a: Alomomola|88\/100 brn|[from] brn\n|upkeep\n|turn|77\n|\n|t:|1699770635\n|move|p2a: Burn|U-turn|p1a: Alomomola\n|-damage|p1a: Alomomola|81\/100 brn\n|\n|t:|1699770637\n|switch|p2a: Corviknight|Corviknight, M|72\/100 brn|[from] U-turn\n|-ability|p2a: Corviknight|Pressure\n|move|p1a: Alomomola|Scald|p2a: Corviknight\n|-damage|p2a: Corviknight|61\/100 brn\n|\n|-damage|p2a: Corviknight|55\/100 brn|[from] brn\n|-damage|p1a: Alomomola|75\/100 brn|[from] brn\n|upkeep\n|turn|78\n|\n|t:|1699770646\n|move|p2a: Corviknight|Body Press|p1a: Alomomola\n|-damage|p1a: Alomomola|68\/100 brn\n|move|p1a: Alomomola|Flip Turn|p2a: Corviknight\n|-damage|p2a: Corviknight|50\/100 brn\n|-damage|p1a: Alomomola|51\/100 brn|[from] item: Rocky Helmet|[of] p2a: Corviknight\n|\n|t:|1699770654\n|switch|p1a: Gholdengo|Gholdengo|100\/100|[from] Flip Turn\n|-item|p1a: Gholdengo|Air Balloon\n|\n|-damage|p2a: Corviknight|44\/100 brn|[from] brn\n|upkeep\n|turn|79\n|\n|t:|1699770667\n|move|p1a: Gholdengo|Thunderbolt|p2a: Corviknight\n|-supereffective|p2a: Corviknight\n|-damage|p2a: Corviknight|0 fnt\n|faint|p2a: Corviknight\n|\n|upkeep\n|\n|t:|1699770672\n|switch|p2a: Tusk Act 4|Great Tusk|84\/100\n|turn|80\n|\n|t:|1699770678\n|switch|p1a: Alomomola|Alomomola, M|85\/100 brn\n|move|p2a: Tusk Act 4|Knock Off|p1a: Alomomola\n|-damage|p1a: Alomomola|72\/100 brn\n|\n|-damage|p1a: Alomomola|65\/100 brn|[from] brn\n|upkeep\n|turn|81\n|\n|t:|1699770686\n|-end|p2a: Tusk Act 4|Protosynthesis|[silent]\n|switch|p2a: Doug Dimidome|Weezing-Galar, F|58\/100\n|-ability|p2a: Doug Dimidome|Neutralizing Gas\n|move|p1a: Alomomola|Wish|p1a: Alomomola\n|\n|-heal|p2a: Doug Dimidome|64\/100|[from] item: Black Sludge\n|-damage|p1a: Alomomola|59\/100 brn|[from] brn\n|upkeep\n|turn|82\n|\n|t:|1699770695\n|switch|p1a: Cinderace|Cinderace, M|73\/100 brn\n|move|p2a: Doug Dimidome|Strange Steam|p1a: Cinderace\n|-resisted|p1a: Cinderace\n|-damage|p1a: Cinderace|53\/100 brn\n|\n|-heal|p1a: Cinderace|100\/100 brn|[from] move: Wish|[wisher] Alomomola\n|-heal|p2a: Doug Dimidome|70\/100|[from] item: Black Sludge\n|-damage|p1a: Cinderace|95\/100 brn|[from] brn\n|upkeep\n|turn|83\n|\n|t:|1699770706\n|move|p1a: Cinderace|Zen Headbutt|p2a: Doug Dimidome\n|-supereffective|p2a: Doug Dimidome\n|-damage|p2a: Doug Dimidome|47\/100\n|move|p2a: Doug Dimidome|Sludge Bomb|p1a: Cinderace\n|-damage|p1a: Cinderace|57\/100 brn\n|\n|-heal|p2a: Doug Dimidome|53\/100|[from] item: Black Sludge\n|-damage|p1a: Cinderace|51\/100 brn|[from] brn\n|upkeep\n|turn|84\n|\n|t:|1699770715\n|move|p1a: Cinderace|Zen Headbutt|p2a: Doug Dimidome|[miss]\n|-miss|p1a: Cinderace|p2a: Doug Dimidome\n|move|p2a: Doug Dimidome|Strange Steam|p1a: Cinderace\n|-resisted|p1a: Cinderace\n|-damage|p1a: Cinderace|32\/100 brn\n|\n|-heal|p2a: Doug Dimidome|59\/100|[from] item: Black Sludge\n|-damage|p1a: Cinderace|26\/100 brn|[from] brn\n|upkeep\n|turn|85\n|\n|t:|1699770726\n|switch|p1a: Clefable|Clefable, F|72\/100 brn\n|move|p2a: Doug Dimidome|Protect||[still]\n|-fail|p2a: Doug Dimidome\n|\n|-heal|p2a: Doug Dimidome|65\/100|[from] item: Black Sludge\n|-heal|p1a: Clefable|78\/100 brn|[from] item: Leftovers\n|-damage|p1a: Clefable|72\/100 brn|[from] brn\n|upkeep\n|turn|86\n|\n|t:|1699770734\n|move|p1a: Clefable|Wish|p1a: Clefable\n|move|p2a: Doug Dimidome|Sludge Bomb|p1a: Clefable\n|-supereffective|p1a: Clefable\n|-damage|p1a: Clefable|30\/100 brn\n|\n|-heal|p1a: Clefable|36\/100 brn|[from] item: Leftovers\n|-heal|p2a: Doug Dimidome|71\/100|[from] item: Black Sludge\n|-damage|p1a: Clefable|30\/100 brn|[from] brn\n|upkeep\n|turn|87\n|\n|t:|1699770743\n|move|p1a: Clefable|Protect|p1a: Clefable\n|-singleturn|p1a: Clefable|Protect\n|move|p2a: Doug Dimidome|Sludge Bomb|p1a: Clefable\n|-activate|p1a: Clefable|move: Protect\n|\n|-heal|p1a: Clefable|80\/100 brn|[from] move: Wish|[wisher] Clefable\n|-heal|p2a: Doug Dimidome|77\/100|[from] item: Black Sludge\n|-heal|p1a: Clefable|86\/100 brn|[from] item: Leftovers\n|-damage|p1a: Clefable|80\/100 brn|[from] brn\n|upkeep\n|turn|88\n|\n|t:|1699770753\n|switch|p1a: Alomomola|Alomomola, M|59\/100 brn\n|move|p2a: Doug Dimidome|Protect||[still]\n|-fail|p2a: Doug Dimidome\n|\n|-heal|p2a: Doug Dimidome|83\/100|[from] item: Black Sludge\n|-damage|p1a: Alomomola|53\/100 brn|[from] brn\n|upkeep\n|turn|89\n|\n|t:|1699770761\n|move|p1a: Alomomola|Wish|p1a: Alomomola\n|move|p2a: Doug Dimidome|Strange Steam|p1a: Alomomola\n|-damage|p1a: Alomomola|19\/100 brn\n|\n|-heal|p2a: Doug Dimidome|89\/100|[from] item: Black Sludge\n|-damage|p1a: Alomomola|13\/100 brn|[from] brn\n|upkeep\n|turn|90\n|\n|t:|1699770770\n|move|p1a: Alomomola|Protect|p1a: Alomomola\n|-singleturn|p1a: Alomomola|Protect\n|move|p2a: Doug Dimidome|Strange Steam|p1a: Alomomola\n|-activate|p1a: Alomomola|move: Protect\n|\n|-heal|p1a: Alomomola|63\/100 brn|[from] move: Wish|[wisher] Alomomola\n|-heal|p2a: Doug Dimidome|95\/100|[from] item: Black Sludge\n|-damage|p1a: Alomomola|57\/100 brn|[from] brn\n|upkeep\n|turn|91\n|\n|t:|1699770780\n|move|p1a: Alomomola|Wish|p1a: Alomomola\n|move|p2a: Doug Dimidome|Strange Steam|p1a: Alomomola|[miss]\n|-miss|p2a: Doug Dimidome|p1a: Alomomola\n|\n|-heal|p2a: Doug Dimidome|100\/100|[from] item: Black Sludge\n|-damage|p1a: Alomomola|51\/100 brn|[from] brn\n|upkeep\n|turn|92\n|\n|t:|1699770790\n|switch|p1a: Cinderace|Cinderace, M|26\/100 brn\n|move|p2a: Doug Dimidome|Defog|p1a: Cinderace\n|-unboost|p1a: Cinderace|evasion|1\n|\n|-heal|p1a: Cinderace|100\/100 brn|[from] move: Wish|[wisher] Alomomola\n|-damage|p1a: Cinderace|95\/100 brn|[from] brn\n|upkeep\n|turn|93\n|\n|t:|1699770799\n|move|p1a: Cinderace|U-turn|p2a: Doug Dimidome\n|-resisted|p2a: Doug Dimidome\n|-damage|p2a: Doug Dimidome|98\/100\n|\n|t:|1699770805\n|switch|p1a: Gholdengo|Gholdengo|100\/100|[from] U-turn\n|-item|p1a: Gholdengo|Air Balloon\n|move|p2a: Doug Dimidome|Sludge Bomb|p1a: Gholdengo\n|-immune|p1a: Gholdengo\n|\n|-heal|p2a: Doug Dimidome|100\/100|[from] item: Black Sludge\n|upkeep\n|turn|94\n|\n|t:|1699770816\n|move|p2a: Doug Dimidome|Protect|p2a: Doug Dimidome\n|-singleturn|p2a: Doug Dimidome|Protect\n|move|p1a: Gholdengo|Psyshock|p2a: Doug Dimidome\n|-activate|p2a: Doug Dimidome|move: Protect\n|\n|upkeep\n|turn|95\n|\n|t:|1699770821\n|move|p1a: Gholdengo|Psyshock|p2a: Doug Dimidome\n|-supereffective|p2a: Doug Dimidome\n|-crit|p2a: Doug Dimidome\n|-damage|p2a: Doug Dimidome|49\/100\n|move|p2a: Doug Dimidome|Strange Steam|p1a: Gholdengo\n|-resisted|p1a: Gholdengo\n|-crit|p1a: Gholdengo\n|-damage|p1a: Gholdengo|77\/100\n|-enditem|p1a: Gholdengo|Air Balloon\n|\n|-heal|p2a: Doug Dimidome|55\/100|[from] item: Black Sludge\n|upkeep\n|turn|96\n|\n|t:|1699770831\n|move|p2a: Doug Dimidome|Protect|p2a: Doug Dimidome\n|-singleturn|p2a: Doug Dimidome|Protect\n|move|p1a: Gholdengo|Psyshock|p2a: Doug Dimidome\n|-activate|p2a: Doug Dimidome|move: Protect\n|\n|-heal|p2a: Doug Dimidome|61\/100|[from] item: Black Sludge\n|upkeep\n|turn|97\n|\n|t:|1699770842\n|move|p1a: Gholdengo|Psyshock|p2a: Doug Dimidome\n|-supereffective|p2a: Doug Dimidome\n|-damage|p2a: Doug Dimidome|23\/100\n|move|p2a: Doug Dimidome|Strange Steam|p1a: Gholdengo\n|-resisted|p1a: Gholdengo\n|-damage|p1a: Gholdengo|60\/100\n|\n|-heal|p2a: Doug Dimidome|29\/100|[from] item: Black Sludge\n|upkeep\n|turn|98\n|\n|t:|1699770850\n|move|p2a: Doug Dimidome|Protect|p2a: Doug Dimidome\n|-singleturn|p2a: Doug Dimidome|Protect\n|move|p1a: Gholdengo|Psyshock|p2a: Doug Dimidome\n|-activate|p2a: Doug Dimidome|move: Protect\n|\n|-heal|p2a: Doug Dimidome|35\/100|[from] item: Black Sludge\n|upkeep\n|turn|99\n|\n|t:|1699770857\n|-end|p2a: Doug Dimidome|ability: Neutralizing Gas\n|switch|p2a: Burn|Moltres|67\/100\n|move|p1a: Gholdengo|Psyshock|p2a: Burn\n|-damage|p2a: Burn|46\/100\n|\n|upkeep\n|turn|100\n|\n|t:|1699770867\n|switch|p1a: Clefable|Clefable, F|80\/100 brn\n|move|p2a: Burn|Roost|p2a: Burn\n|-heal|p2a: Burn|96\/100\n|-singleturn|p2a: Burn|move: Roost\n|\n|-heal|p1a: Clefable|86\/100 brn|[from] item: Leftovers\n|-damage|p1a: Clefable|80\/100 brn|[from] brn\n|upkeep\n|turn|101\n|\n|t:|1699770876\n|switch|p2a: Tusk Act 4|Great Tusk|84\/100\n|move|p1a: Clefable|Wish|p1a: Clefable\n|\n|-heal|p1a: Clefable|86\/100 brn|[from] item: Leftovers\n|-damage|p1a: Clefable|80\/100 brn|[from] brn\n|upkeep\n|turn|102\n|\n|t:|1699770884\n|switch|p1a: Alomomola|Alomomola, M|51\/100 brn\n|move|p2a: Tusk Act 4|Headlong Rush|p1a: Alomomola\n|-damage|p1a: Alomomola|19\/100 brn\n|-unboost|p2a: Tusk Act 4|def|1\n|-unboost|p2a: Tusk Act 4|spd|1\n|\n|-heal|p1a: Alomomola|50\/100 brn|[from] move: Wish|[wisher] Clefable\n|-damage|p1a: Alomomola|44\/100 brn|[from] brn\n|upkeep\n|turn|103\n|\n|t:|1699770905\n|-end|p2a: Tusk Act 4|Protosynthesis|[silent]\n|switch|p2a: Doug Dimidome|Weezing-Galar, F|35\/100\n|-ability|p2a: Doug Dimidome|Neutralizing Gas\n|move|p1a: Alomomola|Wish|p1a: Alomomola\n|\n|-heal|p2a: Doug Dimidome|41\/100|[from] item: Black Sludge\n|-damage|p1a: Alomomola|38\/100 brn|[from] brn\n|upkeep\n|turn|104\n|\n|t:|1699770914\n|move|p1a: Alomomola|Flip Turn|p2a: Doug Dimidome\n|-damage|p2a: Doug Dimidome|35\/100\n|\n|t:|1699770919\n|switch|p1a: Gholdengo|Gholdengo|60\/100|[from] Flip Turn\n|move|p2a: Doug Dimidome|Strange Steam|p1a: Gholdengo\n|-resisted|p1a: Gholdengo\n|-damage|p1a: Gholdengo|45\/100\n|\n|-heal|p1a: Gholdengo|100\/100|[from] move: Wish|[wisher] Alomomola\n|-heal|p2a: Doug Dimidome|41\/100|[from] item: Black Sludge\n|upkeep\n|turn|105\n|\n|t:|1699770932\n|move|p2a: Doug Dimidome|Protect|p2a: Doug Dimidome\n|-singleturn|p2a: Doug Dimidome|Protect\n|move|p1a: Gholdengo|Thunderbolt|p2a: Doug Dimidome\n|-activate|p2a: Doug Dimidome|move: Protect\n|\n|-heal|p2a: Doug Dimidome|47\/100|[from] item: Black Sludge\n|upkeep\n|turn|106\n|\n|t:|1699770943\n|move|p1a: Gholdengo|Psyshock|p2a: Doug Dimidome\n|-supereffective|p2a: Doug Dimidome\n|-damage|p2a: Doug Dimidome|10\/100\n|move|p2a: Doug Dimidome|Strange Steam|p1a: Gholdengo\n|-resisted|p1a: Gholdengo\n|-damage|p1a: Gholdengo|84\/100\n|\n|-heal|p2a: Doug Dimidome|16\/100|[from] item: Black Sludge\n|upkeep\n|turn|107\n|\n|t:|1699770952\n|move|p2a: Doug Dimidome|Protect|p2a: Doug Dimidome\n|-singleturn|p2a: Doug Dimidome|Protect\n|move|p1a: Gholdengo|Shadow Ball|p2a: Doug Dimidome\n|-activate|p2a: Doug Dimidome|move: Protect\n|\n|-heal|p2a: Doug Dimidome|22\/100|[from] item: Black Sludge\n|upkeep\n|turn|108\n|\n|t:|1699770961\n|-end|p2a: Doug Dimidome|ability: Neutralizing Gas\n|switch|p2a: Burn|Moltres|96\/100\n|move|p1a: Gholdengo|Shadow Ball|p2a: Burn\n|-damage|p2a: Burn|54\/100\n|\n|upkeep\n|turn|109\n|\n|t:|1699770969\n|switch|p1a: Clefable|Clefable, F|80\/100 brn\n|move|p2a: Burn|Flamethrower|p1a: Clefable\n|-damage|p1a: Clefable|52\/100 brn\n|\n|-heal|p1a: Clefable|59\/100 brn|[from] item: Leftovers\n|-damage|p1a: Clefable|52\/100 brn|[from] brn\n|upkeep\n|turn|110\n|\n|t:|1699770977\n|switch|p2a: Tusk Act 4|Great Tusk|84\/100\n|move|p1a: Clefable|Wish|p1a: Clefable\n|\n|-heal|p1a: Clefable|59\/100 brn|[from] item: Leftovers\n|-damage|p1a: Clefable|52\/100 brn|[from] brn\n|upkeep\n|turn|111\n|\n|t:|1699770985\n|move|p2a: Tusk Act 4|Headlong Rush|p1a: Clefable\n|-damage|p1a: Clefable|0 fnt\n|-unboost|p2a: Tusk Act 4|def|1\n|-unboost|p2a: Tusk Act 4|spd|1\n|faint|p1a: Clefable\n|\n|upkeep\n|\n|t:|1699770995\n|switch|p1a: Alomomola|Alomomola, M|38\/100 brn\n|turn|112\n|\n|t:|1699771000\n|-end|p2a: Tusk Act 4|Protosynthesis|[silent]\n|switch|p2a: Doug Dimidome|Weezing-Galar, F|22\/100\n|-ability|p2a: Doug Dimidome|Neutralizing Gas\n|move|p1a: Alomomola|Scald|p2a: Doug Dimidome\n|-damage|p2a: Doug Dimidome|4\/100\n|\n|-heal|p2a: Doug Dimidome|10\/100|[from] item: Black Sludge\n|-damage|p1a: Alomomola|31\/100 brn|[from] brn\n|upkeep\n|turn|113\n|\n|t:|1699771010\n|move|p2a: Doug Dimidome|Protect|p2a: Doug Dimidome\n|-singleturn|p2a: Doug Dimidome|Protect\n|move|p1a: Alomomola|Scald|p2a: Doug Dimidome\n|-activate|p2a: Doug Dimidome|move: Protect\n|\n|-heal|p2a: Doug Dimidome|16\/100|[from] item: Black Sludge\n|-damage|p1a: Alomomola|25\/100 brn|[from] brn\n|upkeep\n|turn|114\n|\n|t:|1699771017\n|move|p2a: Doug Dimidome|Protect||[still]\n|-fail|p2a: Doug Dimidome\n|move|p1a: Alomomola|Flip Turn|p2a: Doug Dimidome\n|-damage|p2a: Doug Dimidome|11\/100\n|\n|t:|1699771024\n|switch|p1a: Gholdengo|Gholdengo|84\/100|[from] Flip Turn\n|\n|-heal|p2a: Doug Dimidome|17\/100|[from] item: Black Sludge\n|upkeep\n|turn|115\n|\n|t:|1699771030\n|move|p1a: Gholdengo|Shadow Ball|p2a: Doug Dimidome\n|-damage|p2a: Doug Dimidome|0 fnt\n|faint|p2a: Doug Dimidome\n|-end|p2a: Doug Dimidome|ability: Neutralizing Gas\n|\n|upkeep\n|\n|t:|1699771035\n|switch|p2a: Tusk Act 4|Great Tusk|84\/100\n|turn|116\n|\n|t:|1699771054\n|move|p2a: Tusk Act 4|Headlong Rush|p1a: Gholdengo\n|-supereffective|p1a: Gholdengo\n|-damage|p1a: Gholdengo|0 fnt\n|-unboost|p2a: Tusk Act 4|def|1\n|-unboost|p2a: Tusk Act 4|spd|1\n|faint|p1a: Gholdengo\n|\n|upkeep\n|\n|t:|1699771067\n|switch|p1a: Alomomola|Alomomola, M|25\/100 brn\n|turn|117\n|\n|t:|1699771071\n|move|p1a: Alomomola|Protect|p1a: Alomomola\n|-singleturn|p1a: Alomomola|Protect\n|move|p2a: Tusk Act 4|Headlong Rush|p1a: Alomomola\n|-activate|p1a: Alomomola|move: Protect\n|\n|-damage|p1a: Alomomola|19\/100 brn|[from] brn\n|upkeep\n|turn|118\n|\n|t:|1699771079\n|switch|p1a: Cinderace|Cinderace, M|95\/100 brn\n|move|p2a: Tusk Act 4|Headlong Rush|p1a: Cinderace\n|-supereffective|p1a: Cinderace\n|-damage|p1a: Cinderace|0 fnt\n|-unboost|p2a: Tusk Act 4|def|1\n|-unboost|p2a: Tusk Act 4|spd|1\n|faint|p1a: Cinderace\n|\n|upkeep\n|\n|t:|1699771085\n|switch|p1a: Alomomola|Alomomola, M|52\/100 brn\n|turn|119\n|\n|t:|1699771090\n|-end|p2a: Tusk Act 4|Protosynthesis|[silent]\n|switch|p2a: Burn|Moltres|54\/100\n|move|p1a: Alomomola|Wish|p1a: Alomomola\n|\n|-damage|p1a: Alomomola|46\/100 brn|[from] brn\n|upkeep\n|turn|120\n|\n|t:|1699771098\n|move|p2a: Burn|Flamethrower|p1a: Alomomola\n|-resisted|p1a: Alomomola\n|-damage|p1a: Alomomola|24\/100 brn\n|move|p1a: Alomomola|Scald|p2a: Burn\n|-supereffective|p2a: Burn\n|-damage|p2a: Burn|27\/100\n|\n|-heal|p1a: Alomomola|74\/100 brn|[from] move: Wish|[wisher] Alomomola\n|-damage|p1a: Alomomola|68\/100 brn|[from] brn\n|upkeep\n|turn|121\n|\n|t:|1699771107\n|move|p2a: Burn|Roost|p2a: Burn\n|-heal|p2a: Burn|77\/100\n|-singleturn|p2a: Burn|move: Roost\n|move|p1a: Alomomola|Scald|p2a: Burn\n|-supereffective|p2a: Burn\n|-damage|p2a: Burn|54\/100\n|\n|-damage|p1a: Alomomola|62\/100 brn|[from] brn\n|upkeep\n|turn|122\n|\n|t:|1699771116\n|move|p2a: Burn|Flamethrower|p1a: Alomomola\n|-resisted|p1a: Alomomola\n|-crit|p1a: Alomomola\n|-damage|p1a: Alomomola|31\/100 brn\n|move|p1a: Alomomola|Scald|p2a: Burn\n|-supereffective|p2a: Burn\n|-damage|p2a: Burn|28\/100\n|\n|-damage|p1a: Alomomola|25\/100 brn|[from] brn\n|upkeep\n|turn|123\n|\n|t:|1699771125\n|move|p2a: Burn|Flamethrower|p1a: Alomomola\n|-resisted|p1a: Alomomola\n|-damage|p1a: Alomomola|1\/100 brn\n|move|p1a: Alomomola|Wish|p1a: Alomomola\n|\n|-damage|p1a: Alomomola|0 fnt|[from] brn\n|faint|p1a: Alomomola\n|\n|win|SonderOfAll\n|upkeep\n|raw|TacoTuSempai's rating: 1219 &rarr; <strong>1198<\/strong><br \/>(-21 for losing)\n|raw|SonderOfAll's rating: 1278 &rarr; <strong>1299<\/strong><br \/>(+21 for winning)\n|c|\u2606SonderOfAll|g fecking g\n|l|\u2606TacoTuSempai\n|c|\u2606SonderOfAll|God I hate stall.\n","uploadtime":1699771147,"views":10,"p1id":"tacotusempai","p2id":"sonderofall","formatid":"gen9ou","rating":1198,"private":0,"password":""}