{"id":"gen9ou-1992571161","p1":"dgch","p2":"QuackBarz","format":"[Gen 9] OU","log":"|j|\u2606dgch\n|j|\u2606QuackBarz\n|t:|1700207833\n|gametype|singles\n|player|p1|dgch|wallace|1145\n|player|p2|QuackBarz|265|1236\n|teamsize|p1|6\n|teamsize|p2|6\n|gen|9\n|tier|[Gen 9] OU\n|rated|\n|rule|Sleep Clause Mod: Limit one foe put to sleep\n|rule|Species Clause: Limit one of each Pok\u00e9mon\n|rule|OHKO Clause: OHKO moves are banned\n|rule|Evasion Items Clause: Evasion items are banned\n|rule|Evasion Moves Clause: Evasion moves are banned\n|rule|Endless Battle Clause: Forcing endless battles is banned\n|rule|HP Percentage Mod: HP is shown in percentages\n|clearpoke\n|poke|p1|Blissey, F|\n|poke|p1|Salamence, M|\n|poke|p1|Dragapult, F|\n|poke|p1|Empoleon, F|\n|poke|p1|Goodra-Hisui, F|\n|poke|p1|Landorus-Therian, M|\n|poke|p2|Scizor, F|\n|poke|p2|Gastrodon, F|\n|poke|p2|Zapdos|\n|poke|p2|Landorus-Therian, M|\n|poke|p2|Ambipom, M|\n|poke|p2|Cinderace, M|\n|teampreview\n|inactive|Battle timer is ON: inactive players will automatically lose when time's up. (requested by dgch)\n|inactive|QuackBarz has 120 seconds left.\n|c|\u2606QuackBarz|What the blissey doin\n|\n|t:|1700207871\n|start\n|switch|p1a: Dragapult|Dragapult, F|100\/100\n|switch|p2a: Zapdos|Zapdos|100\/100\n|turn|1\n|\n|t:|1700207883\n|move|p1a: Dragapult|Draco Meteor|p2a: Zapdos\n|-damage|p2a: Zapdos|14\/100\n|-unboost|p1a: Dragapult|spa|2\n|-damage|p1a: Dragapult|91\/100|[from] item: Life Orb\n|move|p2a: Zapdos|Hurricane|p1a: Dragapult\n|-damage|p1a: Dragapult|0 fnt\n|faint|p1a: Dragapult\n|-damage|p2a: Zapdos|4\/100|[from] item: Life Orb\n|\n|upkeep\n|\n|t:|1700207901\n|switch|p1a: Landorus|Landorus-Therian, M|100\/100\n|-ability|p1a: Landorus|Intimidate|boost\n|-unboost|p2a: Zapdos|atk|1\n|turn|2\n|c|\u2606QuackBarz|Static\n|\n|t:|1700207929\n|switch|p2a: Landorus|Landorus-Therian, M|100\/100\n|-ability|p2a: Landorus|Intimidate|boost\n|-unboost|p1a: Landorus|atk|1\n|move|p1a: Landorus|U-turn|p2a: Landorus\n|-resisted|p2a: Landorus\n|-damage|p2a: Landorus|90\/100\n|\n|t:|1700207943\n|switch|p1a: Goodra|Goodra-Hisui, F|100\/100|[from] U-turn\n|\n|-heal|p2a: Landorus|95\/100|[from] item: Leftovers\n|upkeep\n|turn|3\n|inactive|QuackBarz has 120 seconds left.\n|\n|t:|1700207980\n|-terastallize|p1a: Goodra|Water\n|move|p2a: Landorus|Substitute|p2a: Landorus\n|-start|p2a: Landorus|Substitute\n|-damage|p2a: Landorus|71\/100\n|move|p1a: Goodra|Surf|p2a: Landorus\n|-supereffective|p2a: Landorus\n|-crit|p2a: Landorus\n|-end|p2a: Landorus|Substitute\n|\n|-heal|p2a: Landorus|77\/100|[from] item: Leftovers\n|upkeep\n|turn|4\n|\n|t:|1700207991\n|switch|p2a: Gastrodon|Gastrodon, F|100\/100\n|move|p1a: Goodra|Dragon Tail|p2a: Gastrodon|[miss]\n|-miss|p1a: Goodra|p2a: Gastrodon\n|\n|upkeep\n|turn|5\n|inactive|QuackBarz has 120 seconds left.\n|\n|t:|1700208019\n|switch|p1a: Blissey|Blissey, F|100\/100\n|switch|p2a: Scizor|Scizor, F|100\/100\n|\n|upkeep\n|turn|6\n|\n|t:|1700208028\n|switch|p1a: Landorus|Landorus-Therian, M|100\/100\n|-ability|p1a: Landorus|Intimidate|boost\n|-unboost|p2a: Scizor|atk|1\n|move|p2a: Scizor|U-turn|p1a: Landorus\n|-resisted|p1a: Landorus\n|-damage|p1a: Landorus|78\/100\n|\n|t:|1700208042\n|switch|p2a: Landorus|Landorus-Therian, M|77\/100|[from] U-turn\n|-ability|p2a: Landorus|Intimidate|boost\n|-unboost|p1a: Landorus|atk|1\n|\n|-heal|p2a: Landorus|83\/100|[from] item: Leftovers\n|-heal|p1a: Landorus|84\/100|[from] item: Leftovers\n|upkeep\n|turn|7\n|\n|t:|1700208052\n|move|p2a: Landorus|Substitute|p2a: Landorus\n|-start|p2a: Landorus|Substitute\n|-damage|p2a: Landorus|58\/100\n|move|p1a: Landorus|Rock Tomb|p2a: Landorus\n|-activate|p2a: Landorus|move: Substitute|[damage]\n|\n|-heal|p2a: Landorus|64\/100|[from] item: Leftovers\n|-heal|p1a: Landorus|90\/100|[from] item: Leftovers\n|upkeep\n|turn|8\n|\n|t:|1700208062\n|move|p2a: Landorus|Bulk Up|p2a: Landorus\n|-boost|p2a: Landorus|atk|1\n|-boost|p2a: Landorus|def|1\n|move|p1a: Landorus|U-turn|p2a: Landorus\n|-resisted|p2a: Landorus\n|-end|p2a: Landorus|Substitute\n|\n|t:|1700208070\n|switch|p1a: Goodra|Goodra-Hisui, F, tera:Water|100\/100|[from] U-turn\n|\n|-heal|p2a: Landorus|70\/100|[from] item: Leftovers\n|upkeep\n|turn|9\n|inactive|QuackBarz has 120 seconds left.\n|\n|t:|1700208096\n|move|p2a: Landorus|Earthquake|p1a: Goodra\n|-damage|p1a: Goodra|38\/100\n|move|p1a: Goodra|Surf|p2a: Landorus\n|-supereffective|p2a: Landorus\n|-damage|p2a: Landorus|0 fnt\n|faint|p2a: Landorus\n|\n|-heal|p1a: Goodra|44\/100|[from] item: Leftovers\n|upkeep\n|\n|t:|1700208120\n|switch|p2a: Ambipom|Ambipom, M|100\/100\n|turn|10\n|\n|t:|1700208125\n|switch|p1a: Landorus|Landorus-Therian, M|90\/100\n|-ability|p1a: Landorus|Intimidate|boost\n|-unboost|p2a: Ambipom|atk|1\n|move|p2a: Ambipom|Fake Out|p1a: Landorus\n|-damage|p1a: Landorus|65\/100\n|\n|-heal|p1a: Landorus|71\/100|[from] item: Leftovers\n|upkeep\n|turn|11\n|\n|t:|1700208135\n|move|p2a: Ambipom|Knock Off|p1a: Landorus\n|-damage|p1a: Landorus|50\/100\n|-enditem|p1a: Landorus|Leftovers|[from] move: Knock Off|[of] p2a: Ambipom\n|move|p1a: Landorus|Rock Tomb|p2a: Ambipom\n|-damage|p2a: Ambipom|57\/100\n|-unboost|p2a: Ambipom|spe|1\n|\n|upkeep\n|turn|12\n|\n|t:|1700208147\n|switch|p2a: Gastrodon|Gastrodon, F|100\/100\n|move|p1a: Landorus|U-turn|p2a: Gastrodon\n|-damage|p2a: Gastrodon|71\/100\n|\n|t:|1700208154\n|switch|p1a: Blissey|Blissey, F|100\/100|[from] U-turn\n|\n|-heal|p2a: Gastrodon|77\/100|[from] item: Leftovers\n|upkeep\n|turn|13\n|inactive|QuackBarz has 120 seconds left.\n|\n|t:|1700208192\n|switch|p2a: Scizor|Scizor, F|100\/100\n|move|p1a: Blissey|Thunder Wave|p2a: Scizor\n|-status|p2a: Scizor|par\n|\n|upkeep\n|turn|14\n|\n|t:|1700208202\n|switch|p1a: Landorus|Landorus-Therian, M|50\/100\n|-ability|p1a: Landorus|Intimidate|boost\n|-unboost|p2a: Scizor|atk|1\n|move|p2a: Scizor|U-turn|p1a: Landorus\n|-resisted|p1a: Landorus\n|-damage|p1a: Landorus|26\/100\n|inactive|QuackBarz has 90 seconds left.\n|inactive|QuackBarz has 60 seconds left.\n|\n|t:|1700208282\n|switch|p2a: Ambipom|Ambipom, M|57\/100|[from] U-turn\n|\n|upkeep\n|turn|15\n|\n|t:|1700208293\n|switch|p1a: Empoleon|Empoleon, F|100\/100\n|move|p2a: Ambipom|Double Hit|p1a: Empoleon\n|-resisted|p1a: Empoleon\n|-damage|p1a: Empoleon|90\/100\n|-resisted|p1a: Empoleon\n|-damage|p1a: Empoleon|78\/100\n|-hitcount|p1a: Empoleon|2\n|\n|-heal|p1a: Empoleon|84\/100|[from] item: Leftovers\n|upkeep\n|turn|16\n|\n|t:|1700208305\n|switch|p2a: Gastrodon|Gastrodon, F|77\/100\n|move|p1a: Empoleon|Surf|p2a: Gastrodon\n|-ability|p2a: Gastrodon|Storm Drain|boost\n|-boost|p2a: Gastrodon|spa|1\n|\n|-heal|p1a: Empoleon|90\/100|[from] item: Leftovers\n|-heal|p2a: Gastrodon|83\/100|[from] item: Leftovers\n|upkeep\n|turn|17\n|\n|t:|1700208316\n|switch|p1a: Blissey|Blissey, F|100\/100\n|move|p2a: Gastrodon|Ice Beam|p1a: Blissey\n|-damage|p1a: Blissey|86\/100\n|-status|p1a: Blissey|frz\n|\n|-heal|p1a: Blissey|92\/100 frz|[from] item: Leftovers\n|-heal|p2a: Gastrodon|89\/100|[from] item: Leftovers\n|upkeep\n|turn|18\n|\n|t:|1700208331\n|switch|p2a: Scizor|Scizor, F|100\/100 par\n|-curestatus|p1a: Blissey|frz|[msg]\n|move|p1a: Blissey|Seismic Toss|p2a: Scizor\n|-damage|p2a: Scizor|71\/100 par\n|\n|-heal|p1a: Blissey|99\/100|[from] item: Leftovers\n|upkeep\n|turn|19\n|\n|t:|1700208345\n|switch|p1a: Empoleon|Empoleon, F|90\/100\n|cant|p2a: Scizor|par\n|\n|-heal|p1a: Empoleon|96\/100|[from] item: Leftovers\n|upkeep\n|turn|20\n|\n|t:|1700208353\n|move|p1a: Empoleon|Surf|p2a: Scizor\n|-damage|p2a: Scizor|30\/100 par\n|move|p2a: Scizor|Close Combat|p1a: Empoleon\n|-supereffective|p1a: Empoleon\n|-damage|p1a: Empoleon|0 fnt\n|-unboost|p2a: Scizor|def|1\n|-unboost|p2a: Scizor|spd|1\n|faint|p1a: Empoleon\n|\n|upkeep\n|\n|t:|1700208363\n|switch|p1a: Salamence|Salamence, M|100\/100\n|turn|21\n|\n|t:|1700208369\n|switch|p2a: Gastrodon|Gastrodon, F|89\/100\n|move|p1a: Salamence|Dragon Dance|p1a: Salamence\n|-boost|p1a: Salamence|atk|1\n|-boost|p1a: Salamence|spe|1\n|\n|-heal|p2a: Gastrodon|96\/100|[from] item: Leftovers\n|upkeep\n|turn|22\n|\n|t:|1700208378\n|switch|p1a: Blissey|Blissey, F|99\/100\n|move|p2a: Gastrodon|Ice Beam|p1a: Blissey\n|-damage|p1a: Blissey|89\/100\n|\n|-heal|p1a: Blissey|95\/100|[from] item: Leftovers\n|-heal|p2a: Gastrodon|100\/100|[from] item: Leftovers\n|upkeep\n|turn|23\n|\n|t:|1700208388\n|move|p1a: Blissey|Seismic Toss|p2a: Gastrodon\n|-damage|p2a: Gastrodon|76\/100\n|move|p2a: Gastrodon|Ice Beam|p1a: Blissey\n|-damage|p1a: Blissey|85\/100\n|\n|-heal|p1a: Blissey|91\/100|[from] item: Leftovers\n|-heal|p2a: Gastrodon|82\/100|[from] item: Leftovers\n|upkeep\n|turn|24\n|inactive|QuackBarz has 90 seconds left.\n|\n|t:|1700208399\n|move|p1a: Blissey|Stealth Rock|p2a: Gastrodon\n|-sidestart|p2: QuackBarz|move: Stealth Rock\n|move|p2a: Gastrodon|Earth Power|p1a: Blissey\n|-damage|p1a: Blissey|77\/100\n|\n|-heal|p1a: Blissey|84\/100|[from] item: Leftovers\n|-heal|p2a: Gastrodon|88\/100|[from] item: Leftovers\n|upkeep\n|turn|25\n|inactive|QuackBarz has 90 seconds left.\n|\n|t:|1700208419\n|move|p1a: Blissey|Seismic Toss|p2a: Gastrodon\n|-damage|p2a: Gastrodon|63\/100\n|move|p2a: Gastrodon|Earth Power|p1a: Blissey\n|-damage|p1a: Blissey|70\/100\n|\n|-heal|p1a: Blissey|76\/100|[from] item: Leftovers\n|-heal|p2a: Gastrodon|70\/100|[from] item: Leftovers\n|upkeep\n|turn|26\n|\n|t:|1700208437\n|move|p1a: Blissey|Seismic Toss|p2a: Gastrodon\n|-damage|p2a: Gastrodon|45\/100\n|move|p2a: Gastrodon|Earth Power|p1a: Blissey\n|-damage|p1a: Blissey|62\/100\n|\n|-heal|p1a: Blissey|68\/100|[from] item: Leftovers\n|-heal|p2a: Gastrodon|51\/100|[from] item: Leftovers\n|upkeep\n|turn|27\n|\n|t:|1700208447\n|move|p1a: Blissey|Seismic Toss|p2a: Gastrodon\n|-damage|p2a: Gastrodon|26\/100\n|move|p2a: Gastrodon|Earth Power|p1a: Blissey\n|-damage|p1a: Blissey|55\/100\n|\n|-heal|p1a: Blissey|61\/100|[from] item: Leftovers\n|-heal|p2a: Gastrodon|32\/100|[from] item: Leftovers\n|upkeep\n|turn|28\n|inactive|QuackBarz has 90 seconds left.\n|\n|t:|1700208457\n|move|p1a: Blissey|Soft-Boiled|p1a: Blissey\n|-heal|p1a: Blissey|100\/100\n|move|p2a: Gastrodon|Recover|p2a: Gastrodon\n|-heal|p2a: Gastrodon|82\/100\n|\n|-heal|p2a: Gastrodon|89\/100|[from] item: Leftovers\n|upkeep\n|turn|29\n|inactive|QuackBarz has 90 seconds left.\n|\n|t:|1700208466\n|move|p1a: Blissey|Seismic Toss|p2a: Gastrodon\n|-damage|p2a: Gastrodon|64\/100\n|move|p2a: Gastrodon|Ice Beam|p1a: Blissey\n|-crit|p1a: Blissey\n|-damage|p1a: Blissey|86\/100\n|\n|-heal|p1a: Blissey|92\/100|[from] item: Leftovers\n|-heal|p2a: Gastrodon|70\/100|[from] item: Leftovers\n|upkeep\n|turn|30\n|\n|t:|1700208479\n|switch|p1a: Goodra|Goodra-Hisui, F, tera:Water|44\/100\n|move|p2a: Gastrodon|Ice Beam|p1a: Goodra\n|-resisted|p1a: Goodra\n|-damage|p1a: Goodra|36\/100\n|\n|-heal|p1a: Goodra|42\/100|[from] item: Leftovers\n|-heal|p2a: Gastrodon|76\/100|[from] item: Leftovers\n|upkeep\n|turn|31\n|\n|t:|1700208489\n|move|p2a: Gastrodon|Earth Power|p1a: Goodra\n|-crit|p1a: Goodra\n|-damage|p1a: Goodra|2\/100\n|move|p1a: Goodra|Dragon Tail|p2a: Gastrodon|[miss]\n|-miss|p1a: Goodra|p2a: Gastrodon\n|\n|-heal|p1a: Goodra|8\/100|[from] item: Leftovers\n|-heal|p2a: Gastrodon|82\/100|[from] item: Leftovers\n|upkeep\n|turn|32\n|-message|dgch forfeited.\n|\n|win|QuackBarz\n|raw|dgch's rating: 1145 &rarr; <strong>1126<\/strong><br \/>(-19 for losing)\n|raw|QuackBarz's rating: 1236 &rarr; <strong>1255<\/strong><br \/>(+19 for winning)\n|l|\u2606dgch\n","uploadtime":1700208507,"views":8,"p1id":"dgch","p2id":"quackbarz","formatid":"gen9ou","rating":1126,"private":0,"password":""}