{"id":"gen9ou-1991729782","p1":"gamb_over","p2":"Wako.qwerty","format":"[Gen 9] OU","log":"|j|\u2606gamb_over\n|j|\u2606Wako.qwerty\n|t:|1700107963\n|gametype|singles\n|player|p1|gamb_over|biker-gen4|1306\n|player|p2|Wako.qwerty|2|1378\n|teamsize|p1|6\n|teamsize|p2|6\n|gen|9\n|tier|[Gen 9] OU\n|rated|\n|rule|Sleep Clause Mod: Limit one foe put to sleep\n|rule|Species Clause: Limit one of each Pok\u00e9mon\n|rule|OHKO Clause: OHKO moves are banned\n|rule|Evasion Items Clause: Evasion items are banned\n|rule|Evasion Moves Clause: Evasion moves are banned\n|rule|Endless Battle Clause: Forcing endless battles is banned\n|rule|HP Percentage Mod: HP is shown in percentages\n|clearpoke\n|poke|p1|Grimmsnarl, M|\n|poke|p1|Slowbro-Galar, F|\n|poke|p1|Crawdaunt, F|\n|poke|p1|Manaphy|\n|poke|p1|Iron Hands|\n|poke|p1|Enamorus-Therian, F|\n|poke|p2|Dragapult, M|\n|poke|p2|Rillaboom, M|\n|poke|p2|Corviknight, M|\n|poke|p2|Heatran, F|\n|poke|p2|Landorus-Therian, M|\n|poke|p2|Ogerpon-Wellspring, F|\n|teampreview\n|inactive|Battle timer is ON: inactive players will automatically lose when time's up. (requested by Wako.qwerty)\n|\n|t:|1700107971\n|start\n|switch|p1a: hell is back|Grimmsnarl, M|100\/100\n|switch|p2a: Heatran|Heatran, F|100\/100\n|turn|1\n|\n|t:|1700107976\n|move|p1a: hell is back|Light Screen|p1a: hell is back\n|-sidestart|p1: gamb_over|move: Light Screen\n|move|p2a: Heatran|Taunt|p1a: hell is back\n|-start|p1a: hell is back|move: Taunt\n|\n|upkeep\n|turn|2\n|\n|t:|1700107984\n|switch|p1a: fair|Manaphy|100\/100\n|move|p2a: Heatran|Stealth Rock|p1a: fair\n|-sidestart|p1: gamb_over|move: Stealth Rock\n|\n|upkeep\n|turn|3\n|\n|t:|1700107994\n|switch|p2a: Ogerpon|Ogerpon-Wellspring, F|100\/100\n|move|p1a: fair|Tail Glow|p1a: fair\n|-boost|p1a: fair|spa|3\n|\n|upkeep\n|turn|4\n|\n|t:|1700108006\n|switch|p1a: fastest in da west|Slowbro-Galar, F|100\/100\n|-damage|p1a: fastest in da west|88\/100|[from] Stealth Rock\n|move|p2a: Ogerpon|Encore||[still]\n|-fail|p2a: Ogerpon\n|\n|upkeep\n|turn|5\n|-activate|p1a: fastest in da west|item: Quick Claw\n|\n|t:|1700108014\n|switch|p2a: Heatran|Heatran, F|100\/100\n|move|p1a: fastest in da west|Nasty Plot|p1a: fastest in da west\n|-boost|p1a: fastest in da west|spa|2\n|\n|upkeep\n|turn|6\n|\n|t:|1700108024\n|move|p2a: Heatran|Earth Power|p1a: fastest in da west\n|-supereffective|p1a: fastest in da west\n|-damage|p1a: fastest in da west|56\/100\n|move|p1a: fastest in da west|Hydro Pump|p2a: Heatran\n|-supereffective|p2a: Heatran\n|-damage|p2a: Heatran|17\/100\n|\n|-heal|p2a: Heatran|23\/100|[from] item: Leftovers\n|upkeep\n|turn|7\n|\n|t:|1700108034\n|switch|p2a: Ogerpon|Ogerpon-Wellspring, F|100\/100\n|move|p1a: fastest in da west|Hydro Pump|p2a: Ogerpon\n|-immune|p2a: Ogerpon|[from] ability: Water Absorb\n|\n|upkeep\n|turn|8\n|c|\u2606gamb_over|risky risky\n|-activate|p1a: fastest in da west|item: Quick Claw\n|\n|t:|1700108045\n|move|p1a: fastest in da west|Sludge Bomb|p2a: Ogerpon\n|-supereffective|p2a: Ogerpon\n|-damage|p2a: Ogerpon|0 fnt\n|faint|p2a: Ogerpon\n|\n|-sideend|p1: gamb_over|move: Light Screen\n|upkeep\n|c|\u2606gamb_over|HAHAHAHAHAHAHAHHAA\n|\n|t:|1700108050\n|switch|p2a: Landorus|Landorus-Therian, M|100\/100\n|-ability|p2a: Landorus|Intimidate|boost\n|-unboost|p1a: fastest in da west|atk|1\n|turn|9\n|c|\u2606gamb_over|YOU THOUGHT YOU COULD ENCORE MY HYDRO PUMP\n|c|\u2606gamb_over|BUT\n|c|\u2606gamb_over|YOU FAILED\n|\n|t:|1700108058\n|move|p2a: Landorus|U-turn|p1a: fastest in da west\n|-damage|p1a: fastest in da west|32\/100\n|\n|t:|1700108073\n|switch|p2a: Corviknight|Corviknight, M|100\/100|[from] U-turn\n|-ability|p2a: Corviknight|Pressure\n|move|p1a: fastest in da west|Hydro Pump|p2a: Corviknight|[miss]\n|-miss|p1a: fastest in da west|p2a: Corviknight\n|\n|upkeep\n|turn|10\n|c|\u2606gamb_over|NICE LUCK\n|c|\u2606gamb_over|NICE LUCK\n|\n|t:|1700108084\n|move|p2a: Corviknight|U-turn|p1a: fastest in da west\n|-damage|p1a: fastest in da west|19\/100\n|\n|t:|1700108097\n|switch|p2a: Heatran|Heatran, F|23\/100|[from] U-turn\n|move|p1a: fastest in da west|Hydro Pump|p2a: Heatran|[miss]\n|-miss|p1a: fastest in da west|p2a: Heatran\n|\n|-heal|p2a: Heatran|29\/100|[from] item: Leftovers\n|upkeep\n|turn|11\n|c|\u2606gamb_over|FICKING SHSIT\n|-activate|p1a: fastest in da west|item: Quick Claw\n|\n|t:|1700108111\n|move|p1a: fastest in da west|Hydro Pump|p2a: Heatran|[miss]\n|-miss|p1a: fastest in da west|p2a: Heatran\n|move|p2a: Heatran|Earth Power|p1a: fastest in da west\n|-supereffective|p1a: fastest in da west\n|-damage|p1a: fastest in da west|0 fnt\n|faint|p1a: fastest in da west\n|\n|-heal|p2a: Heatran|35\/100|[from] item: Leftovers\n|upkeep\n|c|\u2606gamb_over|MOTHE SHIT\n|\n|t:|1700108119\n|switch|p1a: hell is back|Grimmsnarl, M|100\/100\n|-damage|p1a: hell is back|88\/100|[from] Stealth Rock\n|turn|12\n|\n|t:|1700108126\n|move|p1a: hell is back|Light Screen|p1a: hell is back\n|-sidestart|p1: gamb_over|move: Light Screen\n|move|p2a: Heatran|Taunt|p1a: hell is back\n|-start|p1a: hell is back|move: Taunt\n|\n|-heal|p2a: Heatran|41\/100|[from] item: Leftovers\n|upkeep\n|turn|13\n|\n|t:|1700108132\n|switch|p1a: fair|Manaphy|100\/100\n|-damage|p1a: fair|88\/100|[from] Stealth Rock\n|move|p2a: Heatran|Lava Plume|p1a: fair\n|-resisted|p1a: fair\n|-damage|p1a: fair|81\/100\n|\n|-heal|p2a: Heatran|48\/100|[from] item: Leftovers\n|upkeep\n|turn|14\n|\n|t:|1700108149\n|switch|p1a: hell is back|Grimmsnarl, M|88\/100\n|-damage|p1a: hell is back|76\/100|[from] Stealth Rock\n|switch|p2a: Landorus|Landorus-Therian, M|100\/100\n|-ability|p2a: Landorus|Intimidate|boost\n|-unboost|p1a: hell is back|atk|1\n|\n|upkeep\n|turn|15\n|\n|t:|1700108158\n|move|p1a: hell is back|Reflect|p1a: hell is back\n|-sidestart|p1: gamb_over|Reflect\n|move|p2a: Landorus|Earthquake|p1a: hell is back\n|-damage|p1a: hell is back|44\/100\n|\n|upkeep\n|turn|16\n|\n|t:|1700108175\n|switch|p1a: fair|Manaphy|81\/100\n|-damage|p1a: fair|69\/100|[from] Stealth Rock\n|move|p2a: Landorus|Earthquake|p1a: fair\n|-damage|p1a: fair|44\/100\n|\n|upkeep\n|turn|17\n|\n|t:|1700108189\n|switch|p2a: Corviknight|Corviknight, M|100\/100\n|-ability|p2a: Corviknight|Pressure\n|move|p1a: fair|Surf|p2a: Corviknight\n|-damage|p2a: Corviknight|60\/100\n|\n|-heal|p2a: Corviknight|66\/100|[from] item: Leftovers\n|upkeep\n|turn|18\n|\n|t:|1700108206\n|move|p1a: fair|Tail Glow|p1a: fair\n|-boost|p1a: fair|spa|3\n|move|p2a: Corviknight|Roost|p2a: Corviknight\n|-heal|p2a: Corviknight|100\/100\n|-singleturn|p2a: Corviknight|move: Roost\n|\n|upkeep\n|turn|19\n|\n|t:|1700108212\n|move|p1a: fair|Surf|p2a: Corviknight\n|-damage|p2a: Corviknight|0 fnt\n|faint|p2a: Corviknight\n|\n|-sideend|p1: gamb_over|move: Light Screen\n|upkeep\n|c|\u2606gamb_over|MOTHEAAQ\n|\n|t:|1700108217\n|switch|p2a: Dragapult|Dragapult, M|100\/100\n|turn|20\n|c|\u2606gamb_over|mszhybxzassvdsdsfae\n|\n|t:|1700108225\n|move|p2a: Dragapult|Shadow Ball|p1a: fair\n|-damage|p1a: fair|1\/100\n|move|p1a: fair|Dazzling Gleam|p2a: Dragapult\n|-supereffective|p2a: Dragapult\n|-damage|p2a: Dragapult|0 fnt\n|faint|p2a: Dragapult\n|\n|upkeep\n|c|\u2606gamb_over|MAHAHAHAA\n|\n|t:|1700108231\n|switch|p2a: Landorus|Landorus-Therian, M|100\/100\n|-ability|p2a: Landorus|Intimidate|boost\n|-unboost|p1a: fair|atk|1\n|turn|21\n|\n|t:|1700108235\n|move|p2a: Landorus|U-turn|p1a: fair\n|-damage|p1a: fair|0 fnt\n|faint|p1a: fair\n|j| NeveringStar\n|\n|t:|1700108239\n|switch|p2a: Rillaboom|Rillaboom, M|100\/100|[from] U-turn\n|-fieldstart|move: Grassy Terrain|[from] ability: Grassy Surge|[of] p2a: Rillaboom\n|\n|upkeep\n|\n|t:|1700108253\n|switch|p1a: catch these|Iron Hands|100\/100\n|-damage|p1a: catch these|94\/100|[from] Stealth Rock\n|turn|22\n|\n|t:|1700108271\n|move|p2a: Rillaboom|U-turn|p1a: catch these\n|-resisted|p1a: catch these\n|-damage|p1a: catch these|88\/100\n|\n|t:|1700108274\n|switch|p2a: Heatran|Heatran, F|48\/100|[from] U-turn\n|move|p1a: catch these|Ice Punch|p2a: Heatran\n|-resisted|p2a: Heatran\n|-damage|p2a: Heatran|41\/100\n|\n|-heal|p2a: Heatran|47\/100|[from] Grassy Terrain\n|-heal|p2a: Heatran|54\/100|[from] item: Leftovers\n|-heal|p1a: catch these|94\/100|[from] Grassy Terrain\n|-sideend|p1: gamb_over|Reflect\n|upkeep\n|turn|23\n|\n|t:|1700108285\n|-end|p1a: catch these|Quark Drive|[silent]\n|switch|p1a: hell is back|Grimmsnarl, M|44\/100\n|-damage|p1a: hell is back|31\/100|[from] Stealth Rock\n|move|p2a: Heatran|Lava Plume|p1a: hell is back\n|-damage|p1a: hell is back|7\/100\n|\n|-heal|p2a: Heatran|60\/100|[from] Grassy Terrain\n|-heal|p2a: Heatran|66\/100|[from] item: Leftovers\n|-heal|p1a: hell is back|13\/100|[from] Grassy Terrain\n|upkeep\n|turn|24\n|\n|t:|1700108307\n|move|p1a: hell is back|Reflect|p1a: hell is back\n|-sidestart|p1: gamb_over|Reflect\n|move|p2a: Heatran|Taunt|p1a: hell is back\n|-start|p1a: hell is back|move: Taunt\n|\n|-heal|p2a: Heatran|72\/100|[from] Grassy Terrain\n|-heal|p2a: Heatran|78\/100|[from] item: Leftovers\n|-heal|p1a: hell is back|19\/100|[from] Grassy Terrain\n|upkeep\n|turn|25\n|l| NeveringStar\n|\n|t:|1700108316\n|move|p2a: Heatran|Lava Plume|p1a: hell is back\n|-crit|p1a: hell is back\n|-damage|p1a: hell is back|0 fnt\n|faint|p1a: hell is back\n|\n|-heal|p2a: Heatran|85\/100|[from] Grassy Terrain\n|-heal|p2a: Heatran|91\/100|[from] item: Leftovers\n|-fieldend|move: Grassy Terrain\n|upkeep\n|\n|t:|1700108319\n|switch|p1a: knock knock|Crawdaunt, F|100\/100\n|-damage|p1a: knock knock|88\/100|[from] Stealth Rock\n|turn|26\n|c|\u2606gamb_over|MOTHAHOL\n|\n|t:|1700108334\n|move|p2a: Heatran|Taunt|p1a: knock knock\n|-start|p1a: knock knock|move: Taunt\n|move|p1a: knock knock|Crabhammer|p2a: Heatran\n|-supereffective|p2a: Heatran\n|-damage|p2a: Heatran|0 fnt\n|faint|p2a: Heatran\n|\n|upkeep\n|\n|t:|1700108340\n|switch|p2a: Rillaboom|Rillaboom, M|100\/100\n|-fieldstart|move: Grassy Terrain|[from] ability: Grassy Surge|[of] p2a: Rillaboom\n|turn|27\n|inactive|gamb_over has 120 seconds left.\n|\n|t:|1700108370\n|-terastallize|p2a: Rillaboom|Grass\n|move|p2a: Rillaboom|Grassy Glide|p1a: knock knock\n|-supereffective|p1a: knock knock\n|-damage|p1a: knock knock|0 fnt\n|faint|p1a: knock knock\n|\n|upkeep\n|\n|t:|1700108375\n|switch|p1a: catch these|Iron Hands|94\/100\n|-damage|p1a: catch these|88\/100|[from] Stealth Rock\n|turn|28\n|\n|t:|1700108381\n|move|p2a: Rillaboom|Grassy Glide|p1a: catch these\n|-damage|p1a: catch these|61\/100\n|move|p1a: catch these|Ice Punch|p2a: Rillaboom\n|-supereffective|p2a: Rillaboom\n|-damage|p2a: Rillaboom|34\/100\n|\n|-heal|p2a: Rillaboom|40\/100|[from] Grassy Terrain\n|-heal|p1a: catch these|67\/100|[from] Grassy Terrain\n|upkeep\n|turn|29\n|\n|t:|1700108394\n|move|p2a: Rillaboom|Grassy Glide|p1a: catch these\n|-damage|p1a: catch these|41\/100\n|move|p1a: catch these|Ice Punch|p2a: Rillaboom\n|-supereffective|p2a: Rillaboom\n|-damage|p2a: Rillaboom|0 fnt\n|faint|p2a: Rillaboom\n|\n|-heal|p1a: catch these|47\/100|[from] Grassy Terrain\n|upkeep\n|\n|t:|1700108400\n|switch|p2a: Landorus|Landorus-Therian, M|100\/100\n|-ability|p2a: Landorus|Intimidate|boost\n|-unboost|p1a: catch these|atk|1\n|turn|30\n|-activate|p1a: catch these|item: Quick Claw\n|\n|t:|1700108405\n|move|p1a: catch these|Ice Punch|p2a: Landorus\n|-supereffective|p2a: Landorus\n|-damage|p2a: Landorus|9\/100\n|move|p2a: Landorus|Stone Edge|p1a: catch these\n|-resisted|p1a: catch these\n|-damage|p1a: catch these|41\/100\n|\n|-heal|p1a: catch these|47\/100|[from] Grassy Terrain\n|upkeep\n|turn|31\n|c|\u2606gamb_over|STONE EDGE\n|c|\u2606gamb_over|HHAAAAAAAA\n|-message|Wako.qwerty forfeited.\n|\n|win|gamb_over\n|raw|gamb_over's rating: 1306 &rarr; <strong>1330<\/strong><br \/>(+24 for winning)\n|raw|Wako.qwerty's rating: 1378 &rarr; <strong>1354<\/strong><br \/>(-24 for losing)\n|l|\u2606Wako.qwerty\n","uploadtime":1700108104,"views":7,"p1id":"gambover","p2id":"wakoqwerty","formatid":"gen9ou","rating":1330,"private":0,"password":""}