{"id":"gen9ou-1996012223","p1":"part10jojo","p2":"Bruhitsjhian","format":"[Gen 9] OU","log":"|j|\u2606part10jojo\n|j|\u2606Bruhitsjhian\n|t:|1700629191\n|gametype|singles\n|player|p1|part10jojo|1|1175\n|player|p2|Bruhitsjhian|az|1097\n|teamsize|p1|6\n|teamsize|p2|6\n|gen|9\n|tier|[Gen 9] OU\n|rated|\n|rule|Sleep Clause Mod: Limit one foe put to sleep\n|rule|Species Clause: Limit one of each Pok\u00e9mon\n|rule|OHKO Clause: OHKO moves are banned\n|rule|Evasion Items Clause: Evasion items are banned\n|rule|Evasion Moves Clause: Evasion moves are banned\n|rule|Endless Battle Clause: Forcing endless battles is banned\n|rule|HP Percentage Mod: HP is shown in percentages\n|clearpoke\n|poke|p1|Gholdengo|\n|poke|p1|Samurott-Hisui, M|\n|poke|p1|Great Tusk|\n|poke|p1|Heatran, F|\n|poke|p1|Zapdos|\n|poke|p1|Clefable, F|\n|poke|p2|Salamence, M|\n|poke|p2|Samurott-Hisui, M|\n|poke|p2|Iron Moth|\n|poke|p2|Heatran, M|\n|poke|p2|Skeledirge, F|\n|poke|p2|Enamorus, F|\n|teampreview\n|\n|t:|1700629203\n|start\n|switch|p1a: Samurott|Samurott-Hisui, M|100\/100\n|switch|p2a: Samurott|Samurott-Hisui, M, shiny|100\/100\n|turn|1\n|\n|t:|1700629224\n|move|p2a: Samurott|Sacred Sword|p1a: Samurott\n|-supereffective|p1a: Samurott\n|-damage|p1a: Samurott|16\/100\n|move|p1a: Samurott|Ceaseless Edge|p2a: Samurott\n|-resisted|p2a: Samurott\n|-damage|p2a: Samurott|67\/100\n|-sidestart|p2: Bruhitsjhian|Spikes\n|\n|upkeep\n|turn|2\n|\n|t:|1700629236\n|switch|p1a: Gholdengo|Gholdengo|100\/100\n|move|p2a: Samurott|Ceaseless Edge|p1a: Gholdengo\n|-supereffective|p1a: Gholdengo\n|-damage|p1a: Gholdengo|1\/100\n|-sidestart|p1: part10jojo|Spikes\n|\n|upkeep\n|turn|3\n|\n|t:|1700629255\n|move|p1a: Gholdengo|Focus Blast|p2a: Samurott|[miss]\n|-miss|p1a: Gholdengo|p2a: Samurott\n|move|p2a: Samurott|Ceaseless Edge|p1a: Gholdengo\n|-supereffective|p1a: Gholdengo\n|-damage|p1a: Gholdengo|0 fnt\n|-sidestart|p1: part10jojo|Spikes\n|faint|p1a: Gholdengo\n|\n|upkeep\n|\n|t:|1700629260\n|switch|p1a: Zapdos|Zapdos|100\/100\n|turn|4\n|\n|t:|1700629270\n|switch|p2a: Salamence|Salamence, M|100\/100\n|move|p1a: Zapdos|Thunderbolt|p2a: Salamence\n|-damage|p2a: Salamence|42\/100\n|\n|upkeep\n|turn|5\n|\n|t:|1700629304\n|move|p2a: Salamence|Dual Wingbeat|p1a: Zapdos\n|-resisted|p1a: Zapdos\n|-damage|p1a: Zapdos|89\/100\n|-status|p2a: Salamence|par|[from] ability: Static|[of] p1a: Zapdos\n|-resisted|p1a: Zapdos\n|-damage|p1a: Zapdos|78\/100\n|-hitcount|p1a: Zapdos|2\n|move|p1a: Zapdos|Thunderbolt|p2a: Salamence\n|-damage|p2a: Salamence|0 fnt\n|faint|p2a: Salamence\n|\n|upkeep\n|\n|t:|1700629323\n|switch|p2a: Enamorus|Enamorus, F|100\/100\n|turn|6\n|\n|t:|1700629329\n|move|p2a: Enamorus|Moonblast|p1a: Zapdos\n|-damage|p1a: Zapdos|27\/100\n|move|p1a: Zapdos|Thunderbolt|p2a: Enamorus\n|-supereffective|p2a: Enamorus\n|-damage|p2a: Enamorus|0 fnt\n|faint|p2a: Enamorus\n|\n|upkeep\n|\n|t:|1700629338\n|switch|p2a: Skeledirge|Skeledirge, F|100\/100\n|turn|7\n|\n|t:|1700629352\n|move|p1a: Zapdos|U-turn|p2a: Skeledirge\n|-resisted|p2a: Skeledirge\n|-damage|p2a: Skeledirge|98\/100\n|\n|t:|1700629355\n|switch|p1a: Samurott|Samurott-Hisui, M|16\/100|[from] U-turn\n|-damage|p1a: Samurott|0 fnt|[from] Spikes\n|faint|p1a: Samurott\n|move|p2a: Skeledirge|Will-O-Wisp|p1: Samurott|[notarget]\n|-fail|p2a: Skeledirge\n|\n|upkeep\n|\n|t:|1700629364\n|switch|p1a: Zapdos|Zapdos|27\/100\n|turn|8\n|\n|t:|1700629370\n|move|p1a: Zapdos|Hurricane|p2a: Skeledirge\n|-damage|p2a: Skeledirge|55\/100\n|move|p2a: Skeledirge|Will-O-Wisp|p1a: Zapdos\n|-status|p1a: Zapdos|brn\n|\n|-damage|p1a: Zapdos|21\/100 brn|[from] brn\n|upkeep\n|turn|9\n|\n|t:|1700629377\n|move|p1a: Zapdos|Thunderbolt|p2a: Skeledirge\n|-damage|p2a: Skeledirge|20\/100\n|move|p2a: Skeledirge|Hex|p1a: Zapdos\n|-damage|p1a: Zapdos|0 fnt\n|faint|p1a: Zapdos\n|\n|upkeep\n|\n|t:|1700629382\n|switch|p1a: Great Tusk|Great Tusk|100\/100\n|turn|10\n|\n|t:|1700629392\n|move|p1a: Great Tusk|Knock Off|p2a: Skeledirge\n|-supereffective|p2a: Skeledirge\n|-damage|p2a: Skeledirge|0 fnt\n|-enditem|p2a: Skeledirge|Heavy-Duty Boots|[from] move: Knock Off|[of] p1a: Great Tusk\n|faint|p2a: Skeledirge\n|\n|upkeep\n|\n|t:|1700629404\n|switch|p2a: Samurott|Samurott-Hisui, M, shiny|67\/100\n|-damage|p2a: Samurott|55\/100|[from] Spikes\n|turn|11\n|\n|t:|1700629412\n|-terastallize|p2a: Samurott|Water\n|move|p1a: Great Tusk|Rapid Spin|p2a: Samurott\n|-damage|p2a: Samurott|31\/100\n|-boost|p1a: Great Tusk|spe|1\n|-sideend|p1: part10jojo|Spikes|[from] move: Rapid Spin|[of] p1a: Great Tusk\n|move|p2a: Samurott|Razor Shell|p1a: Great Tusk\n|-supereffective|p1a: Great Tusk\n|-damage|p1a: Great Tusk|5\/100\n|-unboost|p1a: Great Tusk|def|1\n|\n|upkeep\n|turn|12\n|\n|t:|1700629422\n|move|p2a: Samurott|Sucker Punch|p1a: Great Tusk\n|-resisted|p1a: Great Tusk\n|-damage|p1a: Great Tusk|0 fnt\n|faint|p1a: Great Tusk\n|-end|p1a: Great Tusk|Protosynthesis|[silent]\n|\n|upkeep\n|\n|t:|1700629426\n|switch|p1a: Clefable|Clefable, F|100\/100\n|turn|13\n|\n|t:|1700629433\n|move|p2a: Samurott|Razor Shell|p1a: Clefable\n|-damage|p1a: Clefable|45\/100\n|move|p1a: Clefable|Calm Mind|p1a: Clefable\n|-boost|p1a: Clefable|spa|1\n|-boost|p1a: Clefable|spd|1\n|\n|-heal|p1a: Clefable|51\/100|[from] item: Leftovers\n|upkeep\n|turn|14\n|\n|t:|1700629442\n|move|p2a: Samurott|Razor Shell|p1a: Clefable\n|-damage|p1a: Clefable|0 fnt\n|faint|p1a: Clefable\n|\n|upkeep\n|\n|t:|1700629444\n|switch|p1a: Heatran|Heatran, F|100\/100\n|turn|15\n|\n|t:|1700629448\n|-terastallize|p1a: Heatran|Flying\n|move|p2a: Samurott|Razor Shell|p1a: Heatran\n|-damage|p1a: Heatran|37\/100\n|move|p1a: Heatran|Magma Storm|p2a: Samurott|[miss]\n|-miss|p1a: Heatran|p2a: Samurott\n|\n|-heal|p1a: Heatran|43\/100|[from] item: Leftovers\n|upkeep\n|turn|16\n|-message|part10jojo forfeited.\n|\n|win|Bruhitsjhian\n|raw|part10jojo's rating: 1175 &rarr; <strong>1144<\/strong><br \/>(-31 for losing)\n|raw|Bruhitsjhian's rating: 1097 &rarr; <strong>1128<\/strong><br \/>(+31 for winning)\n|l|\u2606part10jojo\n","uploadtime":1700629478,"views":3,"p1id":"part10jojo","p2id":"bruhitsjhian","formatid":"gen9ou","rating":1128,"private":0,"password":""}