{"id":"gen9ou-1989369768","p1":"alfonsogutie","p2":"10shiW","format":"[Gen 9] OU","log":"|j|\u2606alfonsogutie\n|j|\u260610shiW\n|t:|1699841739\n|gametype|singles\n|player|p1|alfonsogutie|1|1091\n|player|p2|10shiW|169|1164\n|teamsize|p1|6\n|teamsize|p2|6\n|gen|9\n|tier|[Gen 9] OU\n|rated|\n|rule|Sleep Clause Mod: Limit one foe put to sleep\n|rule|Species Clause: Limit one of each Pok\u00e9mon\n|rule|OHKO Clause: OHKO moves are banned\n|rule|Evasion Items Clause: Evasion items are banned\n|rule|Evasion Moves Clause: Evasion moves are banned\n|rule|Endless Battle Clause: Forcing endless battles is banned\n|rule|HP Percentage Mod: HP is shown in percentages\n|clearpoke\n|poke|p1|Ogerpon-Wellspring, F|\n|poke|p1|Slowking-Galar, F|\n|poke|p1|Zamazenta-*|\n|poke|p1|Great Tusk|\n|poke|p1|Gholdengo|\n|poke|p1|Clefable, M|\n|poke|p2|Landorus-Therian, M|\n|poke|p2|Quagsire, M|\n|poke|p2|Heatran, F|\n|poke|p2|Ninetales-Alola, F|\n|poke|p2|Cinderace, F|\n|poke|p2|Toxicroak, F|\n|teampreview\n|\n|t:|1699841749\n|start\n|switch|p1a: Clefable|Clefable, M|100\/100\n|switch|p2a: Landorus|Landorus-Therian, M|100\/100\n|-ability|p2a: Landorus|Intimidate|boost\n|-unboost|p1a: Clefable|atk|1\n|turn|1\n|\n|t:|1699841759\n|move|p2a: Landorus|U-turn|p1a: Clefable\n|-resisted|p1a: Clefable\n|-damage|p1a: Clefable|88\/100\n|-damage|p2a: Landorus|91\/100|[from] item: Life Orb\n|\n|t:|1699841764\n|switch|p2a: Heatran|Heatran, F|100\/100|[from] U-turn\n|move|p1a: Clefable|Stealth Rock|p2a: Heatran\n|-sidestart|p2: 10shiW|move: Stealth Rock\n|\n|upkeep\n|turn|2\n|\n|t:|1699841772\n|move|p2a: Heatran|Magma Storm|p1a: Clefable\n|-damage|p1a: Clefable|30\/100\n|-activate|p1a: Clefable|move: Magma Storm|[of] p2a: Heatran\n|move|p1a: Clefable|Knock Off|p2a: Heatran\n|-damage|p2a: Heatran|90\/100\n|-enditem|p2a: Heatran|Leftovers|[from] move: Knock Off|[of] p1a: Clefable\n|\n|-damage|p1a: Clefable|18\/100|[from] move: Magma Storm|[partiallytrapped]\n|upkeep\n|turn|3\n|\n|t:|1699841784\n|move|p2a: Heatran|Magma Storm|p1a: Clefable\n|-damage|p1a: Clefable|0 fnt\n|faint|p1a: Clefable\n|\n|upkeep\n|\n|t:|1699841788\n|switch|p1a: Great Tusk|Great Tusk|100\/100\n|turn|4\n|\n|t:|1699841807\n|-terastallize|p2a: Heatran|Grass\n|move|p1a: Great Tusk|Ice Spinner|p2a: Heatran\n|-supereffective|p2a: Heatran\n|-damage|p2a: Heatran|36\/100\n|move|p2a: Heatran|Will-O-Wisp|p1a: Great Tusk\n|-status|p1a: Great Tusk|brn\n|\n|-damage|p1a: Great Tusk|94\/100 brn|[from] brn\n|upkeep\n|turn|5\n|\n|t:|1699841818\n|move|p1a: Great Tusk|Close Combat|p2a: Heatran\n|-damage|p2a: Heatran|5\/100\n|-unboost|p1a: Great Tusk|def|1\n|-unboost|p1a: Great Tusk|spd|1\n|move|p2a: Heatran|Tera Blast|p1a: Great Tusk|[anim] Tera Blast Grass\n|-supereffective|p1a: Great Tusk\n|-damage|p1a: Great Tusk|0 fnt\n|faint|p1a: Great Tusk\n|-end|p1a: Great Tusk|Protosynthesis|[silent]\n|\n|upkeep\n|\n|t:|1699841833\n|switch|p1a: Ogerpon|Ogerpon-Wellspring, F|100\/100\n|turn|6\n|\n|t:|1699841840\n|switch|p2a: Landorus|Landorus-Therian, M|91\/100\n|-damage|p2a: Landorus|79\/100|[from] Stealth Rock\n|-ability|p2a: Landorus|Intimidate|boost\n|-unboost|p1a: Ogerpon|atk|1\n|move|p1a: Ogerpon|Knock Off|p2a: Landorus\n|-damage|p2a: Landorus|47\/100\n|-enditem|p2a: Landorus|Life Orb|[from] move: Knock Off|[of] p1a: Ogerpon\n|\n|upkeep\n|turn|7\n|\n|t:|1699841849\n|move|p1a: Ogerpon|Knock Off|p2a: Landorus\n|-damage|p2a: Landorus|26\/100\n|move|p2a: Landorus|U-turn|p1a: Ogerpon\n|-supereffective|p1a: Ogerpon\n|-damage|p1a: Ogerpon|27\/100\n|\n|t:|1699841855\n|switch|p2a: Cinderace|Cinderace, F|100\/100|[from] U-turn\n|-damage|p2a: Cinderace|76\/100|[from] Stealth Rock\n|\n|upkeep\n|turn|8\n|\n|t:|1699841863\n|-terastallize|p1a: Ogerpon|Water\n|detailschange|p1a: Ogerpon|Ogerpon-Wellspring-Tera, F, tera:Water\n|-ability|p1a: Ogerpon|Embody Aspect (Wellspring)|boost\n|-boost|p1a: Ogerpon|spd|1\n|move|p2a: Cinderace|U-turn|p1a: Ogerpon\n|-start|p2a: Cinderace|typechange|Bug|[from] ability: Libero\n|-damage|p1a: Ogerpon|0 fnt\n|faint|p1a: Ogerpon\n|\n|t:|1699841881\n|switch|p2a: Quagsire|Quagsire, M|100\/100|[from] U-turn\n|-damage|p2a: Quagsire|94\/100|[from] Stealth Rock\n|\n|-heal|p2a: Quagsire|100\/100|[from] item: Leftovers\n|upkeep\n|\n|t:|1699841887\n|switch|p1a: Zamazenta|Zamazenta|100\/100\n|-ability|p1a: Zamazenta|Dauntless Shield|boost\n|-boost|p1a: Zamazenta|def|1\n|turn|9\n|\n|t:|1699841899\n|move|p1a: Zamazenta|Iron Defense|p1a: Zamazenta\n|-boost|p1a: Zamazenta|def|2\n|move|p2a: Quagsire|Toxic|p1a: Zamazenta\n|-status|p1a: Zamazenta|tox\n|\n|-damage|p1a: Zamazenta|94\/100 tox|[from] psn\n|upkeep\n|turn|10\n|\n|t:|1699841910\n|move|p1a: Zamazenta|Body Press|p2a: Quagsire\n|-damage|p2a: Quagsire|80\/100\n|move|p2a: Quagsire|Body Press|p1a: Zamazenta\n|-damage|p1a: Zamazenta|72\/100 tox\n|\n|-heal|p1a: Zamazenta|79\/100 tox|[from] item: Leftovers\n|-heal|p2a: Quagsire|86\/100|[from] item: Leftovers\n|-damage|p1a: Zamazenta|66\/100 tox|[from] psn\n|upkeep\n|turn|11\n|\n|t:|1699841921\n|move|p1a: Zamazenta|Iron Defense|p1a: Zamazenta\n|-boost|p1a: Zamazenta|def|2\n|move|p2a: Quagsire|Body Press|p1a: Zamazenta\n|-damage|p1a: Zamazenta|44\/100 tox\n|\n|-heal|p1a: Zamazenta|50\/100 tox|[from] item: Leftovers\n|-heal|p2a: Quagsire|92\/100|[from] item: Leftovers\n|-damage|p1a: Zamazenta|32\/100 tox|[from] psn\n|upkeep\n|turn|12\n|c|\u260610shiW|anaware!\n|c|\u260610shiW|unaware\n|\n|t:|1699841938\n|move|p1a: Zamazenta|Body Press|p2a: Quagsire\n|-damage|p2a: Quagsire|69\/100\n|move|p2a: Quagsire|Body Press|p1a: Zamazenta\n|-damage|p1a: Zamazenta|8\/100 tox\n|\n|-heal|p1a: Zamazenta|15\/100 tox|[from] item: Leftovers\n|-heal|p2a: Quagsire|75\/100|[from] item: Leftovers\n|-damage|p1a: Zamazenta|0 fnt|[from] psn\n|faint|p1a: Zamazenta\n|upkeep\n|\n|t:|1699841948\n|switch|p1a: Slowking|Slowking-Galar, F|100\/100\n|turn|13\n|\n|t:|1699841955\n|move|p2a: Quagsire|Yawn|p1a: Slowking\n|-start|p1a: Slowking|move: Yawn|[of] p2a: Quagsire\n|move|p1a: Slowking|Future Sight|p2a: Quagsire\n|-start|p1a: Slowking|move: Future Sight\n|\n|-heal|p2a: Quagsire|81\/100|[from] item: Leftovers\n|upkeep\n|turn|14\n|\n|t:|1699841974\n|move|p2a: Quagsire|Body Press|p1a: Slowking\n|-resisted|p1a: Slowking\n|-damage|p1a: Slowking|94\/100\n|move|p1a: Slowking|Sludge Bomb|p2a: Quagsire\n|-resisted|p2a: Quagsire\n|-damage|p2a: Quagsire|61\/100\n|-status|p2a: Quagsire|psn\n|\n|-heal|p2a: Quagsire|67\/100 psn|[from] item: Leftovers\n|-damage|p2a: Quagsire|55\/100 psn|[from] psn\n|-end|p1a: Slowking|move: Yawn|[silent]\n|-status|p1a: Slowking|slp\n|upkeep\n|turn|15\n|\n|t:|1699841988\n|switch|p2a: Cinderace|Cinderace, F|76\/100\n|-damage|p2a: Cinderace|51\/100|[from] Stealth Rock\n|cant|p1a: Slowking|slp\n|\n|-end|p2a: Cinderace|move: Future Sight\n|-crit|p2a: Cinderace\n|-damage|p2a: Cinderace|0 fnt\n|faint|p2a: Cinderace\n|upkeep\n|\n|t:|1699842001\n|switch|p2a: Landorus|Landorus-Therian, M|26\/100\n|-damage|p2a: Landorus|14\/100|[from] Stealth Rock\n|-ability|p2a: Landorus|Intimidate|boost\n|-unboost|p1a: Slowking|atk|1\n|turn|16\n|\n|t:|1699842007\n|move|p2a: Landorus|Swords Dance|p2a: Landorus\n|-boost|p2a: Landorus|atk|2\n|-curestatus|p1a: Slowking|slp|[msg]\n|move|p1a: Slowking|Ice Beam|p2a: Landorus\n|-supereffective|p2a: Landorus\n|-damage|p2a: Landorus|0 fnt\n|faint|p2a: Landorus\n|\n|upkeep\n|c|\u260610shiW|oh no\n|\n|t:|1699842024\n|switch|p2a: Heatran|Heatran, F, tera:Grass|5\/100\n|-damage|p2a: Heatran|0 fnt|[from] Stealth Rock\n|faint|p2a: Heatran\n|\n|t:|1699842031\n|switch|p2a: Ninetales|Ninetales-Alola, F|100\/100\n|-damage|p2a: Ninetales|76\/100|[from] Stealth Rock\n|-weather|Snow|[from] ability: Snow Warning|[of] p2a: Ninetales\n|turn|17\n|\n|t:|1699842038\n|move|p2a: Ninetales|Aurora Veil|p2a: Ninetales\n|-sidestart|p2: 10shiW|move: Aurora Veil\n|move|p1a: Slowking|Future Sight|p2a: Ninetales\n|-start|p1a: Slowking|move: Future Sight\n|\n|-weather|Snow|[upkeep]\n|upkeep\n|turn|18\n|\n|t:|1699842044\n|move|p2a: Ninetales|Freeze-Dry|p1a: Slowking\n|-damage|p1a: Slowking|82\/100\n|move|p1a: Slowking|Sludge Bomb|p2a: Ninetales\n|-supereffective|p2a: Ninetales\n|-damage|p2a: Ninetales|42\/100\n|\n|-weather|Snow|[upkeep]\n|upkeep\n|turn|19\n|\n|t:|1699842052\n|move|p2a: Ninetales|Freeze-Dry|p1a: Slowking\n|-damage|p1a: Slowking|70\/100\n|move|p1a: Slowking|Sludge Bomb|p2a: Ninetales\n|-supereffective|p2a: Ninetales\n|-damage|p2a: Ninetales|11\/100\n|\n|-weather|Snow|[upkeep]\n|-end|p2a: Ninetales|move: Future Sight\n|-damage|p2a: Ninetales|0 fnt\n|faint|p2a: Ninetales\n|upkeep\n|\n|t:|1699842061\n|switch|p2a: Toxicroak|Toxicroak, F|100\/100\n|-damage|p2a: Toxicroak|94\/100|[from] Stealth Rock\n|turn|20\n|\n|t:|1699842073\n|move|p2a: Toxicroak|Swords Dance|p2a: Toxicroak\n|-boost|p2a: Toxicroak|atk|2\n|move|p1a: Slowking|Future Sight|p2a: Toxicroak\n|-start|p1a: Slowking|move: Future Sight\n|\n|-weather|Snow|[upkeep]\n|upkeep\n|turn|21\n|\n|t:|1699842089\n|move|p2a: Toxicroak|Bullet Punch|p1a: Slowking\n|-damage|p1a: Slowking|44\/100\n|move|p1a: Slowking|Sludge Bomb|p2a: Toxicroak\n|-resisted|p2a: Toxicroak\n|-damage|p2a: Toxicroak|81\/100\n|\n|-weather|none\n|upkeep\n|turn|22\n|\n|t:|1699842099\n|move|p2a: Toxicroak|Bullet Punch|p1a: Slowking\n|-damage|p1a: Slowking|19\/100\n|move|p1a: Slowking|Ice Beam|p2a: Toxicroak\n|-damage|p2a: Toxicroak|62\/100\n|\n|-end|p2a: Toxicroak|move: Future Sight\n|-supereffective|p2a: Toxicroak\n|-damage|p2a: Toxicroak|0 fnt\n|faint|p2a: Toxicroak\n|upkeep\n|-message|10shiW forfeited.\n|\n|win|alfonsogutie\n|raw|alfonsogutie's rating: 1091 &rarr; <strong>1123<\/strong><br \/>(+32 for winning)\n|raw|10shiW's rating: 1164 &rarr; <strong>1134<\/strong><br \/>(-30 for losing)\n|l|\u260610shiW\n","uploadtime":1699842111,"views":16,"p1id":"alfonsogutie","p2id":"10shiw","formatid":"gen9ou","rating":1123,"private":0,"password":""}