{"id":"gen9ou-1997078164","p1":"VanhominTest","p2":"mavolis","format":"[Gen 9] OU","log":"|j|\u2606VanhominTest\n|j|\u2606mavolis\n|t:|1700762275\n|gametype|singles\n|player|p1|VanhominTest|scientist-gen4|1238\n|player|p2|mavolis|265|1194\n|teamsize|p1|6\n|teamsize|p2|6\n|gen|9\n|tier|[Gen 9] OU\n|rated|\n|rule|Sleep Clause Mod: Limit one foe put to sleep\n|rule|Species Clause: Limit one of each Pok\u00e9mon\n|rule|OHKO Clause: OHKO moves are banned\n|rule|Evasion Items Clause: Evasion items are banned\n|rule|Evasion Moves Clause: Evasion moves are banned\n|rule|Endless Battle Clause: Forcing endless battles is banned\n|rule|HP Percentage Mod: HP is shown in percentages\n|clearpoke\n|poke|p1|Ditto|\n|poke|p1|Ninetales-Alola, M|\n|poke|p1|Garganacl, M|\n|poke|p1|Ursaluna, M|\n|poke|p1|Enamorus, F|\n|poke|p1|Corviknight, F|\n|poke|p2|Krookodile, F|\n|poke|p2|Kleavor, F|\n|poke|p2|Corviknight, F|\n|poke|p2|Grafaiai, M|\n|poke|p2|Kommo-o, M|\n|poke|p2|Hoopa-Unbound|\n|teampreview\n|\n|t:|1700762289\n|start\n|switch|p1a: Giiwedin|Ninetales-Alola, M|100\/100\n|switch|p2a: Kleavor|Kleavor, F|100\/100\n|-weather|Snow|[from] ability: Snow Warning|[of] p1a: Giiwedin\n|turn|1\n|\n|t:|1700762292\n|move|p1a: Giiwedin|Aurora Veil|p1a: Giiwedin\n|-sidestart|p1: VanhominTest|move: Aurora Veil\n|move|p2a: Kleavor|Stone Axe|p1a: Giiwedin\n|-supereffective|p1a: Giiwedin\n|-damage|p1a: Giiwedin|39\/100\n|-sidestart|p1: VanhominTest|move: Stealth Rock\n|-damage|p2a: Kleavor|91\/100|[from] item: Life Orb\n|\n|-weather|Snow|[upkeep]\n|upkeep\n|turn|2\n|\n|t:|1700762305\n|switch|p1a: Mordred|Corviknight, F|100\/100\n|-damage|p1a: Mordred|88\/100|[from] Stealth Rock\n|-ability|p1a: Mordred|Pressure\n|move|p2a: Kleavor|Tailwind|p2a: Kleavor\n|-sidestart|p2: mavolis|move: Tailwind\n|\n|-weather|Snow|[upkeep]\n|upkeep\n|turn|3\n|\n|t:|1700762339\n|move|p2a: Kleavor|U-turn|p1a: Mordred\n|-resisted|p1a: Mordred\n|-damage|p1a: Mordred|84\/100\n|-damage|p2a: Kleavor|74\/100|[from] item: Rocky Helmet|[of] p1a: Mordred\n|-damage|p2a: Kleavor|64\/100|[from] item: Life Orb\n|\n|t:|1700762350\n|switch|p2a: Hoopa|Hoopa-Unbound|100\/100|[from] U-turn\n|move|p1a: Mordred|Defog|p2a: Hoopa\n|-unboost|p2a: Hoopa|evasion|1\n|-sideend|p1: VanhominTest|Stealth Rock|[from] move: Defog|[of] p1a: Mordred\n|\n|-weather|Snow|[upkeep]\n|upkeep\n|turn|4\n|\n|t:|1700762353\n|move|p2a: Hoopa|Thunderbolt|p1a: Mordred\n|-supereffective|p1a: Mordred\n|-damage|p1a: Mordred|32\/100\n|-status|p1a: Mordred|par\n|-damage|p2a: Hoopa|91\/100|[from] item: Life Orb\n|move|p1a: Mordred|U-turn|p2a: Hoopa\n|-supereffective|p2a: Hoopa\n|-damage|p2a: Hoopa|0 fnt\n|faint|p2a: Hoopa\n|\n|t:|1700762360\n|switch|p1a: Makwa|Ursaluna, M, shiny|100\/100|[from] U-turn\n|\n|-weather|Snow|[upkeep]\n|-status|p1a: Makwa|brn|[from] item: Flame Orb\n|upkeep\n|\n|t:|1700762394\n|switch|p2a: Grafaiai|Grafaiai, M|100\/100\n|turn|5\n|\n|t:|1700762412\n|move|p2a: Grafaiai|Swagger|p1a: Makwa\n|-boost|p1a: Makwa|atk|2\n|-enditem|p2a: Grafaiai|Mirror Herb\n|-boost|p2a: Grafaiai|atk|2|[from] item: Mirror Herb\n|-start|p1a: Makwa|confusion\n|-activate|p1a: Makwa|confusion\n|move|p1a: Makwa|Facade|p2a: Grafaiai\n|-damage|p2a: Grafaiai|0 fnt\n|faint|p2a: Grafaiai\n|\n|-weather|none\n|-damage|p1a: Makwa|94\/100 brn|[from] brn\n|-sideend|p2: mavolis|move: Tailwind\n|upkeep\n|\n|t:|1700762429\n|switch|p2a: Kleavor|Kleavor, F|64\/100\n|turn|6\n|\n|t:|1700762469\n|move|p2a: Kleavor|Stone Axe|p1a: Makwa\n|-resisted|p1a: Makwa\n|-damage|p1a: Makwa|81\/100 brn\n|-sidestart|p1: VanhominTest|move: Stealth Rock\n|-damage|p2a: Kleavor|54\/100|[from] item: Life Orb\n|-activate|p1a: Makwa|confusion\n|move|p1a: Makwa|Drain Punch|p2a: Kleavor\n|-crit|p2a: Kleavor\n|-damage|p2a: Kleavor|0 fnt\n|-heal|p1a: Makwa|100\/100 brn|[from] drain|[of] p2a: Kleavor\n|faint|p2a: Kleavor\n|\n|-damage|p1a: Makwa|94\/100 brn|[from] brn\n|upkeep\n|-message|mavolis forfeited.\n|\n|win|VanhominTest\n|raw|VanhominTest's rating: 1238 &rarr; <strong>1260<\/strong><br \/>(+22 for winning)\n|raw|mavolis's rating: 1194 &rarr; <strong>1172<\/strong><br \/>(-22 for losing)\n|l|\u2606mavolis\n","uploadtime":1700762487,"views":4,"p1id":"vanhomintest","p2id":"mavolis","formatid":"gen9ou","rating":1172,"private":0,"password":""}