{"id":"gen9ou-1991979766","p1":"Tykcd","p2":"MetaSeeker","format":"[Gen 9] OU","log":"|j|\u2606Tykcd\n|j|\u2606MetaSeeker\n|t:|1700144661\n|gametype|singles\n|player|p1|Tykcd|lucas-gen4pt|1395\n|player|p2|MetaSeeker|101|1490\n|teamsize|p1|6\n|teamsize|p2|6\n|gen|9\n|tier|[Gen 9] OU\n|rated|\n|rule|Sleep Clause Mod: Limit one foe put to sleep\n|rule|Species Clause: Limit one of each Pok\u00e9mon\n|rule|OHKO Clause: OHKO moves are banned\n|rule|Evasion Items Clause: Evasion items are banned\n|rule|Evasion Moves Clause: Evasion moves are banned\n|rule|Endless Battle Clause: Forcing endless battles is banned\n|rule|HP Percentage Mod: HP is shown in percentages\n|clearpoke\n|poke|p1|Pelipper, M|\n|poke|p1|Poliwrath, F|\n|poke|p1|Rillaboom, F|\n|poke|p1|Zapdos|\n|poke|p1|Maushold|\n|poke|p1|Manaphy|\n|poke|p2|Corviknight, F|\n|poke|p2|Garchomp, M|\n|poke|p2|Slowking-Galar, F|\n|poke|p2|Zamazenta-*|\n|poke|p2|Skeledirge, M|\n|poke|p2|Iron Valiant|\n|teampreview\n|inactive|Battle timer is ON: inactive players will automatically lose when time's up. (requested by MetaSeeker)\n|\n|t:|1700144677\n|start\n|switch|p1a: Pelipper|Pelipper, M|100\/100\n|switch|p2a: Queen|Slowking-Galar, F, shiny|100\/100\n|-weather|RainDance|[from] ability: Drizzle|[of] p1a: Pelipper\n|turn|1\n|\n|t:|1700144683\n|move|p1a: Pelipper|U-turn|p2a: Queen\n|-damage|p2a: Queen|92\/100\n|\n|t:|1700144710\n|switch|p1a: Maushold|Maushold|100\/100|[from] U-turn\n|move|p2a: Queen|Sludge Bomb|p1a: Maushold\n|-damage|p1a: Maushold|47\/100\n|\n|-weather|RainDance|[upkeep]\n|upkeep\n|turn|2\n|\n|t:|1700144719\n|switch|p2a: Munchie|Skeledirge, M|100\/100\n|move|p1a: Maushold|Bite|p2a: Munchie\n|-supereffective|p2a: Munchie\n|-crit|p2a: Munchie\n|-damage|p2a: Munchie|62\/100\n|\n|-weather|RainDance|[upkeep]\n|upkeep\n|turn|3\n|\n|t:|1700144725\n|switch|p1a: Manaphy|Manaphy|100\/100\n|move|p2a: Munchie|Torch Song|p1a: Manaphy\n|-resisted|p1a: Manaphy\n|-damage|p1a: Manaphy|93\/100\n|-boost|p2a: Munchie|spa|1\n|\n|-weather|RainDance|[upkeep]\n|upkeep\n|turn|4\n|\n|t:|1700144729\n|switch|p2a: Queen|Slowking-Galar, F, shiny|100\/100\n|move|p1a: Manaphy|Tail Glow|p1a: Manaphy\n|-boost|p1a: Manaphy|spa|3\n|\n|-weather|RainDance|[upkeep]\n|upkeep\n|turn|5\n|\n|t:|1700144736\n|move|p1a: Manaphy|Scald|p2a: Queen\n|-damage|p2a: Queen|55\/100\n|move|p2a: Queen|Sludge Bomb|p1a: Manaphy\n|-damage|p1a: Manaphy|61\/100\n|-status|p1a: Manaphy|psn\n|\n|-weather|RainDance|[upkeep]\n|-activate|p1a: Manaphy|ability: Hydration\n|-curestatus|p1a: Manaphy|psn|[msg]\n|upkeep\n|turn|6\n|\n|t:|1700144743\n|move|p1a: Manaphy|Scald|p2a: Queen\n|-damage|p2a: Queen|4\/100\n|move|p2a: Queen|Sludge Bomb|p1a: Manaphy\n|-damage|p1a: Manaphy|30\/100\n|\n|-weather|RainDance|[upkeep]\n|upkeep\n|turn|7\n|\n|t:|1700144758\n|switch|p2a: Wayward|Garchomp, M, shiny|100\/100\n|move|p1a: Manaphy|Rest|p1a: Manaphy\n|-status|p1a: Manaphy|slp|[from] move: Rest\n|-heal|p1a: Manaphy|100\/100 slp|[silent]\n|\n|-weather|RainDance|[upkeep]\n|-activate|p1a: Manaphy|ability: Hydration\n|-curestatus|p1a: Manaphy|slp|[msg]\n|upkeep\n|turn|8\n|\n|t:|1700144764\n|move|p2a: Wayward|Earthquake|p1a: Manaphy\n|-damage|p1a: Manaphy|54\/100\n|move|p1a: Manaphy|Scald|p2a: Wayward\n|-damage|p2a: Wayward|0 fnt\n|faint|p2a: Wayward\n|\n|-weather|none\n|upkeep\n|\n|t:|1700144773\n|switch|p2a: Zama|Zamazenta, shiny|100\/100\n|-ability|p2a: Zama|Dauntless Shield|boost\n|-boost|p2a: Zama|def|1\n|turn|9\n|\n|t:|1700144779\n|move|p2a: Zama|Body Press|p1a: Manaphy\n|-damage|p1a: Manaphy|4\/100\n|-enditem|p1a: Manaphy|Salac Berry|[eat]\n|-boost|p1a: Manaphy|spe|1|[from] item: Salac Berry\n|move|p1a: Manaphy|Scald|p2a: Zama\n|-damage|p2a: Zama|30\/100\n|\n|-heal|p2a: Zama|36\/100|[from] item: Leftovers\n|upkeep\n|turn|10\n|\n|t:|1700144784\n|move|p1a: Manaphy|Scald|p2a: Zama\n|-damage|p2a: Zama|0 fnt\n|faint|p2a: Zama\n|\n|upkeep\n|c|\u2606MetaSeeker|gg\n|\n|t:|1700144791\n|switch|p2a: Valykrie|Iron Valiant, shiny|100\/100\n|-enditem|p2a: Valykrie|Booster Energy\n|-activate|p2a: Valykrie|ability: Quark Drive|[fromitem]\n|-start|p2a: Valykrie|quarkdrivespe\n|turn|11\n|c|\u2606Tykcd|why gg\n|c|\u2606MetaSeeker|manaphy broke too much of my team\n|c|\u2606Tykcd|oh\n|c|\u2606Tykcd|touche\n|\n|t:|1700144819\n|switch|p1a: Maushold|Maushold|47\/100\n|move|p2a: Valykrie|Spirit Break|p1a: Maushold\n|-damage|p1a: Maushold|0 fnt\n|faint|p1a: Maushold\n|\n|upkeep\n|c|\u2606MetaSeeker|also, nice tech\n|c|\u2606Tykcd|ty ty\n|c|\u2606MetaSeeker|you're welcome\n|c|\u2606Tykcd|bulky salac\n|\n|t:|1700144834\n|switch|p1a: Pelipper|Pelipper, M|100\/100\n|-weather|RainDance|[from] ability: Drizzle|[of] p1a: Pelipper\n|turn|12\n|\n|t:|1700144839\n|-terastallize|p2a: Valykrie|Dark\n|move|p2a: Valykrie|Swords Dance|p2a: Valykrie\n|-boost|p2a: Valykrie|atk|2\n|move|p1a: Pelipper|Hurricane|p2a: Valykrie\n|-damage|p2a: Valykrie|38\/100\n|-start|p2a: Valykrie|confusion\n|\n|-weather|RainDance|[upkeep]\n|upkeep\n|turn|13\n|\n|t:|1700144848\n|-activate|p2a: Valykrie|confusion\n|move|p2a: Valykrie|Knock Off|p1a: Pelipper\n|-damage|p1a: Pelipper|0 fnt\n|-enditem|p1a: Pelipper|Damp Rock|[from] move: Knock Off|[of] p2a: Valykrie\n|faint|p1a: Pelipper\n|\n|-weather|RainDance|[upkeep]\n|upkeep\n|\n|t:|1700144850\n|switch|p1a: Rillaboom|Rillaboom, F|100\/100\n|-fieldstart|move: Grassy Terrain|[from] ability: Grassy Surge|[of] p1a: Rillaboom\n|turn|14\n|\n|t:|1700144858\n|-end|p2a: Valykrie|Quark Drive|[silent]\n|switch|p2a: Ari|Corviknight, F|100\/100\n|-ability|p2a: Ari|Pressure\n|move|p1a: Rillaboom|Grassy Glide|p2a: Ari\n|-resisted|p2a: Ari\n|-damage|p2a: Ari|92\/100\n|\n|-weather|RainDance|[upkeep]\n|-heal|p2a: Ari|98\/100|[from] item: Leftovers\n|upkeep\n|turn|15\n|\n|t:|1700144862\n|switch|p1a: Zapdos|Zapdos|100\/100\n|move|p2a: Ari|U-turn|p1a: Zapdos\n|-resisted|p1a: Zapdos\n|-damage|p1a: Zapdos|92\/100\n|\n|t:|1700144866\n|switch|p2a: Queen|Slowking-Galar, F, shiny|38\/100|[from] U-turn\n|\n|-weather|RainDance|[upkeep]\n|-heal|p2a: Queen|44\/100|[from] Grassy Terrain\n|upkeep\n|turn|16\n|\n|t:|1700144868\n|move|p1a: Zapdos|Thunder|p2a: Queen\n|-damage|p2a: Queen|21\/100\n|-status|p2a: Queen|par\n|cant|p2a: Queen|par\n|\n|-weather|RainDance|[upkeep]\n|-heal|p2a: Queen|27\/100 par|[from] Grassy Terrain\n|upkeep\n|turn|17\n|\n|t:|1700144873\n|move|p1a: Zapdos|Thunder|p2a: Queen\n|-damage|p2a: Queen|6\/100 par\n|cant|p2a: Queen|par\n|\n|-weather|RainDance|[upkeep]\n|-heal|p2a: Queen|12\/100 par|[from] Grassy Terrain\n|upkeep\n|turn|18\n|\n|t:|1700144877\n|move|p1a: Zapdos|Hurricane|p2a: Queen\n|-damage|p2a: Queen|0 fnt\n|faint|p2a: Queen\n|\n|-weather|RainDance|[upkeep]\n|-fieldend|move: Grassy Terrain\n|upkeep\n|c|\u2606Tykcd|sorry\n|c|\u2606MetaSeeker|you're fine\n|c|\u2606MetaSeeker|Pokemon is like that sometimes\n|\n|t:|1700144894\n|switch|p2a: Valykrie|Iron Valiant, shiny, tera:Dark|38\/100\n|turn|19\n|c|\u2606Tykcd|yea\n|\n|t:|1700144897\n|move|p2a: Valykrie|Knock Off|p1a: Zapdos\n|-damage|p1a: Zapdos|33\/100\n|-status|p2a: Valykrie|par|[from] ability: Static|[of] p1a: Zapdos\n|-enditem|p1a: Zapdos|Heavy-Duty Boots|[from] move: Knock Off|[of] p2a: Valykrie\n|move|p1a: Zapdos|Hurricane|p2a: Valykrie\n|-damage|p2a: Valykrie|0 fnt\n|faint|p2a: Valykrie\n|-end|p2a: Valykrie|Quark Drive|[silent]\n|\n|-weather|none\n|upkeep\n|c|\u2606Tykcd|its rough\n|\n|t:|1700144904\n|switch|p2a: Munchie|Skeledirge, M|62\/100\n|turn|20\n|c|\u2606MetaSeeker|agreed\n|c|\u2606MetaSeeker|well, gg\n|\n|t:|1700144914\n|move|p1a: Zapdos|Hurricane|p2a: Munchie\n|-crit|p2a: Munchie\n|-damage|p2a: Munchie|0 fnt\n|faint|p2a: Munchie\n|\n|upkeep\n|c|\u2606Tykcd|gg\n|\n|t:|1700144917\n|switch|p2a: Ari|Corviknight, F|98\/100\n|-ability|p2a: Ari|Pressure\n|turn|21\n|\n|t:|1700144921\n|-terastallize|p1a: Zapdos|Electric\n|move|p1a: Zapdos|Thunder|p2a: Ari\n|-supereffective|p2a: Ari\n|-damage|p2a: Ari|0 fnt\n|faint|p2a: Ari\n|\n|win|Tykcd\n|raw|Tykcd's rating: 1395 &rarr; <strong>1420<\/strong><br \/>(+25 for winning)\n|raw|MetaSeeker's rating: 1490 &rarr; <strong>1465<\/strong><br \/>(-25 for losing)\n","uploadtime":1700144926,"views":9,"p1id":"tykcd","p2id":"metaseeker","formatid":"gen9ou","rating":1420,"private":0,"password":""}