{"id":"gen9ou-1992782278","p1":"Calligiate","p2":"PLAYB0I R0BBIE B","format":"[Gen 9] OU","log":"|j|\u203dCalligiate\n|j|\u2606PLAYB0I R0BBIE B\n|t:|1700234987\n|gametype|singles\n|player|p1|Calligiate|clay|1140\n|player|p2|PLAYB0I R0BBIE B|eusine|1237\n|teamsize|p1|6\n|teamsize|p2|6\n|gen|9\n|tier|[Gen 9] OU\n|rated|\n|rule|Sleep Clause Mod: Limit one foe put to sleep\n|rule|Species Clause: Limit one of each Pok\u00e9mon\n|rule|OHKO Clause: OHKO moves are banned\n|rule|Evasion Items Clause: Evasion items are banned\n|rule|Evasion Moves Clause: Evasion moves are banned\n|rule|Endless Battle Clause: Forcing endless battles is banned\n|rule|HP Percentage Mod: HP is shown in percentages\n|clearpoke\n|poke|p1|Zamazenta-*|\n|poke|p1|Greninja-*, F|\n|poke|p1|Ting-Lu|\n|poke|p1|Iron Moth|\n|poke|p1|Slowking-Galar, M|\n|poke|p1|Ninetales-Alola, M|\n|poke|p2|Meowscarada, F|\n|poke|p2|Greninja-*, M|\n|poke|p2|Heatran, F|\n|poke|p2|Thundurus-Therian, M|\n|poke|p2|Dragapult, F|\n|poke|p2|Great Tusk|\n|teampreview\n|inactive|Battle timer is ON: inactive players will automatically lose when time's up. (requested by PLAYB0I R0BBIE B)\n|\n|t:|1700235008\n|start\n|switch|p1a: Zamazenta|Zamazenta|100\/100\n|switch|p2a: 5% TINT|Heatran, F|100\/100\n|-ability|p1a: Zamazenta|Dauntless Shield|boost\n|-boost|p1a: Zamazenta|def|1\n|-item|p2a: 5% TINT|Air Balloon\n|turn|1\n|\n|t:|1700235030\n|switch|p2a: ASTROTHUNDER|Thundurus-Therian, M|100\/100\n|move|p1a: Zamazenta|Close Combat|p2a: ASTROTHUNDER\n|-resisted|p2a: ASTROTHUNDER\n|-damage|p2a: ASTROTHUNDER|57\/100\n|-unboost|p1a: Zamazenta|def|1\n|-unboost|p1a: Zamazenta|spd|1\n|\n|upkeep\n|turn|2\n|\n|t:|1700235038\n|move|p1a: Zamazenta|Stone Edge|p2a: ASTROTHUNDER\n|-supereffective|p2a: ASTROTHUNDER\n|-damage|p2a: ASTROTHUNDER|0 fnt\n|faint|p2a: ASTROTHUNDER\n|\n|upkeep\n|\n|t:|1700235040\n|switch|p2a: NO BYSTANDERS|Dragapult, F|100\/100\n|turn|3\n|\n|t:|1700235043\n|move|p2a: NO BYSTANDERS|Thunder Wave|p1a: Zamazenta\n|-status|p1a: Zamazenta|par\n|cant|p1a: Zamazenta|par\n|\n|upkeep\n|turn|4\n|\n|t:|1700235048\n|move|p2a: NO BYSTANDERS|Hex|p1a: Zamazenta\n|-damage|p1a: Zamazenta|27\/100 par\n|move|p1a: Zamazenta|Crunch|p2a: NO BYSTANDERS\n|-supereffective|p2a: NO BYSTANDERS\n|-damage|p2a: NO BYSTANDERS|17\/100\n|\n|-heal|p1a: Zamazenta|33\/100 par|[from] item: Leftovers\n|upkeep\n|turn|5\n|\n|t:|1700235052\n|move|p2a: NO BYSTANDERS|Hex|p1a: Zamazenta\n|-damage|p1a: Zamazenta|0 fnt\n|faint|p1a: Zamazenta\n|\n|upkeep\n|\n|t:|1700235058\n|switch|p1a: Ninetales|Ninetales-Alola, M, shiny|100\/100\n|-weather|Snow|[from] ability: Snow Warning|[of] p1a: Ninetales\n|turn|6\n|\n|t:|1700235062\n|move|p2a: NO BYSTANDERS|Thunder Wave|p1a: Ninetales\n|-status|p1a: Ninetales|par\n|move|p1a: Ninetales|Freeze-Dry|p2a: NO BYSTANDERS\n|-supereffective|p2a: NO BYSTANDERS\n|-damage|p2a: NO BYSTANDERS|0 fnt\n|faint|p2a: NO BYSTANDERS\n|\n|-weather|Snow|[upkeep]\n|upkeep\n|\n|t:|1700235066\n|switch|p2a: 5% TINT|Heatran, F|100\/100\n|-item|p2a: 5% TINT|Air Balloon\n|turn|7\n|\n|t:|1700235071\n|switch|p1a: Ting-Lu|Ting-Lu|100\/100\n|-ability|p1a: Ting-Lu|Vessel of Ruin\n|move|p2a: 5% TINT|Taunt|p1a: Ting-Lu\n|-start|p1a: Ting-Lu|move: Taunt\n|\n|-weather|Snow|[upkeep]\n|upkeep\n|turn|8\n|\n|t:|1700235076\n|move|p2a: 5% TINT|Stealth Rock|p1a: Ting-Lu\n|-sidestart|p1: Calligiate|move: Stealth Rock\n|move|p1a: Ting-Lu|Ruination|p2a: 5% TINT|[miss]\n|-miss|p1a: Ting-Lu|p2a: 5% TINT\n|\n|-weather|Snow|[upkeep]\n|upkeep\n|turn|9\n|\n|t:|1700235080\n|switch|p2a: SICKO MODE|Meowscarada, F|100\/100\n|move|p1a: Ting-Lu|Ruination|p2a: SICKO MODE\n|-damage|p2a: SICKO MODE|51\/100\n|\n|-weather|Snow|[upkeep]\n|-end|p1a: Ting-Lu|move: Taunt\n|upkeep\n|turn|10\n|\n|t:|1700235090\n|switch|p1a: Ninetales|Ninetales-Alola, M, shiny|100\/100 par\n|-damage|p1a: Ninetales|76\/100 par|[from] Stealth Rock\n|move|p2a: SICKO MODE|Flower Trick|p1a: Ninetales\n|-start|p2a: SICKO MODE|typechange|Grass|[from] ability: Protean\n|-crit|p1a: Ninetales\n|-damage|p1a: Ninetales|15\/100 par\n|\n|-weather|none\n|upkeep\n|turn|11\n|\n|t:|1700235097\n|move|p2a: SICKO MODE|Flower Trick|p1a: Ninetales\n|-crit|p1a: Ninetales\n|-damage|p1a: Ninetales|0 fnt\n|faint|p1a: Ninetales\n|\n|upkeep\n|\n|t:|1700235102\n|switch|p1a: Greninja|Greninja, F|100\/100\n|-damage|p1a: Greninja|88\/100|[from] Stealth Rock\n|turn|12\n|\n|t:|1700235111\n|move|p2a: SICKO MODE|Flower Trick|p1a: Greninja\n|-supereffective|p1a: Greninja\n|-crit|p1a: Greninja\n|-damage|p1a: Greninja|0 fnt\n|faint|p1a: Greninja\n|\n|upkeep\n|\n|t:|1700235114\n|switch|p1a: Slowking|Slowking-Galar, M, shiny|100\/100\n|-damage|p1a: Slowking|88\/100|[from] Stealth Rock\n|turn|13\n|\n|t:|1700235120\n|switch|p2a: WHO? WHAT!|Greninja, M|100\/100\n|move|p1a: Slowking|Sludge Bomb|p2a: WHO? WHAT!\n|-damage|p2a: WHO? WHAT!|25\/100\n|\n|-heal|p1a: Slowking|94\/100|[from] item: Black Sludge\n|upkeep\n|turn|14\n|\n|t:|1700235132\n|move|p2a: WHO? WHAT!|Dark Pulse|p1a: Slowking\n|-supereffective|p1a: Slowking\n|-damage|p1a: Slowking|12\/100\n|-damage|p2a: WHO? WHAT!|16\/100|[from] item: Life Orb\n|move|p1a: Slowking|Sludge Bomb|p2a: WHO? WHAT!\n|-damage|p2a: WHO? WHAT!|0 fnt\n|faint|p2a: WHO? WHAT!\n|\n|-heal|p1a: Slowking|18\/100|[from] item: Black Sludge\n|upkeep\n|\n|t:|1700235136\n|switch|p2a: SICKO MODE|Meowscarada, F|51\/100\n|turn|15\n|\n|t:|1700235142\n|-terastallize|p1a: Slowking|Poison\n|move|p2a: SICKO MODE|Flower Trick|p1a: Slowking\n|-start|p2a: SICKO MODE|typechange|Grass|[from] ability: Protean\n|-resisted|p1a: Slowking\n|-crit|p1a: Slowking\n|-damage|p1a: Slowking|0 fnt\n|faint|p1a: Slowking\n|\n|upkeep\n|\n|t:|1700235150\n|switch|p1a: Iron Moth|Iron Moth|100\/100\n|turn|16\n|\n|t:|1700235157\n|switch|p2a: 5% TINT|Heatran, F|100\/100\n|-item|p2a: 5% TINT|Air Balloon\n|move|p1a: Iron Moth|Sludge Wave|p2a: 5% TINT\n|-immune|p2a: 5% TINT\n|\n|upkeep\n|turn|17\n|\n|t:|1700235165\n|move|p1a: Iron Moth|Fiery Dance|p2a: 5% TINT\n|-start|p2a: 5% TINT|ability: Flash Fire\n|move|p2a: 5% TINT|Taunt|p1a: Iron Moth\n|-start|p1a: Iron Moth|move: Taunt\n|\n|upkeep\n|turn|18\n|\n|t:|1700235169\n|-end|p1a: Iron Moth|Quark Drive|[silent]\n|switch|p1a: Ting-Lu|Ting-Lu|100\/100\n|-damage|p1a: Ting-Lu|94\/100|[from] Stealth Rock\n|-ability|p1a: Ting-Lu|Vessel of Ruin\n|move|p2a: 5% TINT|Earth Power|p1a: Ting-Lu\n|-damage|p1a: Ting-Lu|79\/100\n|\n|-heal|p1a: Ting-Lu|86\/100|[from] item: Leftovers\n|upkeep\n|turn|19\n|\n|t:|1700235173\n|-end|p2a: 5% TINT|ability: Flash Fire|[silent]\n|switch|p2a: YOSEMITE|Great Tusk|100\/100\n|move|p1a: Ting-Lu|Earthquake|p2a: YOSEMITE\n|-damage|p2a: YOSEMITE|73\/100\n|\n|-heal|p1a: Ting-Lu|92\/100|[from] item: Leftovers\n|upkeep\n|turn|20\n|\n|t:|1700235181\n|move|p2a: YOSEMITE|Rapid Spin|p1a: Ting-Lu\n|-damage|p1a: Ting-Lu|82\/100\n|-boost|p2a: YOSEMITE|spe|1\n|move|p1a: Ting-Lu|Whirlwind|p2a: YOSEMITE\n|-end|p2a: YOSEMITE|Protosynthesis|[silent]\n|drag|p2a: 5% TINT|Heatran, F|100\/100\n|-item|p2a: 5% TINT|Air Balloon\n|\n|-heal|p1a: Ting-Lu|88\/100|[from] item: Leftovers\n|upkeep\n|turn|21\n|\n|t:|1700235187\n|move|p2a: 5% TINT|Taunt|p1a: Ting-Lu\n|-start|p1a: Ting-Lu|move: Taunt\n|move|p1a: Ting-Lu|Ruination|p2a: 5% TINT|[miss]\n|-miss|p1a: Ting-Lu|p2a: 5% TINT\n|\n|-heal|p1a: Ting-Lu|94\/100|[from] item: Leftovers\n|upkeep\n|turn|22\n|\n|t:|1700235193\n|switch|p2a: SICKO MODE|Meowscarada, F|51\/100\n|move|p1a: Ting-Lu|Ruination|p2a: SICKO MODE|[miss]\n|-miss|p1a: Ting-Lu|p2a: SICKO MODE\n|\n|-heal|p1a: Ting-Lu|100\/100|[from] item: Leftovers\n|upkeep\n|turn|23\n|\n|t:|1700235201\n|move|p2a: SICKO MODE|Knock Off|p1a: Ting-Lu\n|-start|p2a: SICKO MODE|typechange|Dark|[from] ability: Protean\n|-resisted|p1a: Ting-Lu\n|-damage|p1a: Ting-Lu|81\/100\n|-enditem|p1a: Ting-Lu|Leftovers|[from] move: Knock Off|[of] p2a: SICKO MODE\n|move|p1a: Ting-Lu|Ruination|p2a: SICKO MODE\n|-damage|p2a: SICKO MODE|26\/100\n|\n|-end|p1a: Ting-Lu|move: Taunt\n|upkeep\n|turn|24\n|\n|t:|1700235209\n|switch|p2a: YOSEMITE|Great Tusk|73\/100\n|move|p1a: Ting-Lu|Earthquake|p2a: YOSEMITE\n|-damage|p2a: YOSEMITE|47\/100\n|\n|upkeep\n|turn|25\n|\n|t:|1700235215\n|move|p2a: YOSEMITE|Close Combat|p1a: Ting-Lu\n|-supereffective|p1a: Ting-Lu\n|-damage|p1a: Ting-Lu|17\/100\n|-unboost|p2a: YOSEMITE|def|1\n|-unboost|p2a: YOSEMITE|spd|1\n|move|p1a: Ting-Lu|Ruination|p2a: YOSEMITE\n|-damage|p2a: YOSEMITE|24\/100\n|\n|upkeep\n|turn|26\n|-message|Calligiate forfeited.\n|\n|win|PLAYB0I R0BBIE B\n|raw|Calligiate's rating: 1140 &rarr; <strong>1122<\/strong><br \/>(-18 for losing)\n|raw|PLAYB0I R0BBIE B's rating: 1237 &rarr; <strong>1255<\/strong><br \/>(+18 for winning)\n|l|\u203dCalligiate\n","uploadtime":1700235224,"views":9,"p1id":"calligiate","p2id":"playb0ir0bbieb","formatid":"gen9ou","rating":1122,"private":0,"password":""}