{"id":"gen9ou-1993905243","p1":"Ruinous Tusk","p2":"GoTE Heartless","format":"[Gen 9] OU","log":"|j|\u2606Ruinous Tusk\n|j|\u2606GoTE Heartless\n|t:|1700373087\n|gametype|singles\n|player|p1|Ruinous Tusk|hilbert|1428\n|player|p2|GoTE Heartless|guzma|1380\n|teamsize|p1|6\n|teamsize|p2|6\n|gen|9\n|tier|[Gen 9] OU\n|rated|\n|rule|Sleep Clause Mod: Limit one foe put to sleep\n|rule|Species Clause: Limit one of each Pok\u00e9mon\n|rule|OHKO Clause: OHKO moves are banned\n|rule|Evasion Items Clause: Evasion items are banned\n|rule|Evasion Moves Clause: Evasion moves are banned\n|rule|Endless Battle Clause: Forcing endless battles is banned\n|rule|HP Percentage Mod: HP is shown in percentages\n|clearpoke\n|poke|p1|Pelipper, M|\n|poke|p1|Landorus-Therian, M|\n|poke|p1|Basculegion, M|\n|poke|p1|Samurott-Hisui, M|\n|poke|p1|Zapdos|\n|poke|p1|Kingambit, M|\n|poke|p2|Ceruledge, M|\n|poke|p2|Gholdengo|\n|poke|p2|Rillaboom, M|\n|poke|p2|Cinderace, F|\n|poke|p2|Ribombee, M|\n|poke|p2|Greninja-*, M|\n|teampreview\n|inactive|Battle timer is ON: inactive players will automatically lose when time's up. (requested by GoTE Heartless)\n|inactive|Ruinous Tusk also wants the timer to be on.\n|\n|t:|1700373101\n|start\n|switch|p1a: Pelipper|Pelipper, M|100\/100\n|switch|p2a: Ribombee|Ribombee, M|100\/100\n|-weather|RainDance|[from] ability: Drizzle|[of] p1a: Pelipper\n|turn|1\n|\n|t:|1700373106\n|move|p2a: Ribombee|Moonblast|p1a: Pelipper\n|-damage|p1a: Pelipper|46\/100\n|move|p1a: Pelipper|Hurricane|p2a: Ribombee\n|-supereffective|p2a: Ribombee\n|-enditem|p2a: Ribombee|Focus Sash\n|-damage|p2a: Ribombee|1\/100\n|\n|-weather|RainDance|[upkeep]\n|upkeep\n|turn|2\n|\n|t:|1700373117\n|move|p2a: Ribombee|Moonblast|p1a: Pelipper\n|-damage|p1a: Pelipper|0 fnt\n|faint|p1a: Pelipper\n|\n|-weather|RainDance|[upkeep]\n|upkeep\n|\n|t:|1700373120\n|switch|p1a: Basculegion|Basculegion, M|100\/100\n|turn|3\n|\n|t:|1700373123\n|switch|p2a: Rillaboom|Rillaboom, M|100\/100\n|-fieldstart|move: Grassy Terrain|[from] ability: Grassy Surge|[of] p2a: Rillaboom\n|move|p1a: Basculegion|Flip Turn|p2a: Rillaboom\n|-resisted|p2a: Rillaboom\n|-damage|p2a: Rillaboom|69\/100\n|\n|t:|1700373135\n|switch|p1a: Zapdos|Zapdos|100\/100|[from] Flip Turn\n|\n|-weather|RainDance|[upkeep]\n|-heal|p2a: Rillaboom|75\/100|[from] Grassy Terrain\n|upkeep\n|turn|4\n|\n|t:|1700373145\n|switch|p2a: Gholdengo|Gholdengo|100\/100\n|-item|p2a: Gholdengo|Air Balloon\n|move|p1a: Zapdos|Hurricane|p2a: Gholdengo\n|-resisted|p2a: Gholdengo\n|-damage|p2a: Gholdengo|70\/100\n|-enditem|p2a: Gholdengo|Air Balloon\n|\n|-weather|RainDance|[upkeep]\n|-heal|p2a: Gholdengo|76\/100|[from] Grassy Terrain\n|upkeep\n|turn|5\n|\n|t:|1700373149\n|move|p1a: Zapdos|Thunder|p2a: Gholdengo\n|-damage|p2a: Gholdengo|9\/100\n|move|p2a: Gholdengo|Shadow Ball|p1a: Zapdos\n|-damage|p1a: Zapdos|55\/100\n|\n|-weather|RainDance|[upkeep]\n|-heal|p2a: Gholdengo|15\/100|[from] Grassy Terrain\n|upkeep\n|turn|6\n|\n|t:|1700373157\n|move|p1a: Zapdos|Hurricane|p2a: Gholdengo\n|-resisted|p2a: Gholdengo\n|-damage|p2a: Gholdengo|0 fnt\n|faint|p2a: Gholdengo\n|\n|-weather|RainDance|[upkeep]\n|upkeep\n|\n|t:|1700373161\n|switch|p2a: Greninja|Greninja, M|100\/100\n|turn|7\n|\n|t:|1700373171\n|switch|p1a: Basculegion|Basculegion, M|100\/100\n|move|p2a: Greninja|Surf|p1a: Basculegion\n|-resisted|p1a: Basculegion\n|-damage|p1a: Basculegion|55\/100\n|-damage|p2a: Greninja|91\/100|[from] item: Life Orb\n|\n|-weather|RainDance|[upkeep]\n|-heal|p1a: Basculegion|61\/100|[from] Grassy Terrain\n|-heal|p2a: Greninja|97\/100|[from] Grassy Terrain\n|-fieldend|move: Grassy Terrain\n|upkeep\n|turn|8\n|\n|t:|1700373177\n|switch|p2a: Rillaboom|Rillaboom, M|75\/100\n|-fieldstart|move: Grassy Terrain|[from] ability: Grassy Surge|[of] p2a: Rillaboom\n|move|p1a: Basculegion|Wave Crash|p2a: Rillaboom\n|-resisted|p2a: Rillaboom\n|-damage|p2a: Rillaboom|9\/100\n|-damage|p1a: Basculegion|41\/100|[from] Recoil\n|\n|-weather|none\n|-heal|p1a: Basculegion|47\/100|[from] Grassy Terrain\n|-heal|p2a: Rillaboom|16\/100|[from] Grassy Terrain\n|upkeep\n|turn|9\n|\n|t:|1700373183\n|move|p1a: Basculegion|Wave Crash|p2a: Rillaboom\n|-resisted|p2a: Rillaboom\n|-damage|p2a: Rillaboom|0 fnt\n|faint|p2a: Rillaboom\n|-damage|p1a: Basculegion|42\/100|[from] Recoil\n|\n|-heal|p1a: Basculegion|48\/100|[from] Grassy Terrain\n|upkeep\n|\n|t:|1700373192\n|switch|p2a: Ceruledge|Ceruledge, M|100\/100\n|turn|10\n|\n|t:|1700373198\n|switch|p1a: Zapdos|Zapdos|55\/100\n|move|p2a: Ceruledge|Swords Dance|p2a: Ceruledge\n|-boost|p2a: Ceruledge|atk|2\n|\n|upkeep\n|turn|11\n|\n|t:|1700373205\n|move|p1a: Zapdos|Hurricane|p2a: Ceruledge|[miss]\n|-miss|p1a: Zapdos|p2a: Ceruledge\n|move|p2a: Ceruledge|Bitter Blade|p1a: Zapdos\n|-damage|p1a: Zapdos|0 fnt\n|faint|p1a: Zapdos\n|\n|upkeep\n|\n|t:|1700373208\n|switch|p1a: Landorus|Landorus-Therian, M|100\/100\n|-ability|p1a: Landorus|Intimidate|boost\n|-unboost|p2a: Ceruledge|atk|1\n|turn|12\n|\n|t:|1700373223\n|move|p1a: Landorus|Sandsear Storm|p2a: Ceruledge\n|-supereffective|p2a: Ceruledge\n|-enditem|p2a: Ceruledge|Focus Sash\n|-damage|p2a: Ceruledge|1\/100\n|move|p2a: Ceruledge|Swords Dance|p2a: Ceruledge\n|-boost|p2a: Ceruledge|atk|2\n|\n|-heal|p2a: Ceruledge|7\/100|[from] Grassy Terrain\n|-fieldend|move: Grassy Terrain\n|upkeep\n|turn|13\n|\n|t:|1700373234\n|switch|p1a: Samurott|Samurott-Hisui, M|100\/100\n|move|p2a: Ceruledge|Shadow Sneak|p1a: Samurott\n|-resisted|p1a: Samurott\n|-damage|p1a: Samurott|67\/100\n|\n|upkeep\n|turn|14\n|\n|t:|1700373237\n|move|p1a: Samurott|Ceaseless Edge|p2a: Ceruledge\n|-supereffective|p2a: Ceruledge\n|-damage|p2a: Ceruledge|0 fnt\n|-sidestart|p2: GoTE Heartless|Spikes\n|faint|p2a: Ceruledge\n|\n|upkeep\n|\n|t:|1700373239\n|switch|p2a: Cinderace|Cinderace, F|100\/100\n|turn|15\n|\n|t:|1700373243\n|move|p2a: Cinderace|Will-O-Wisp|p1a: Samurott\n|-status|p1a: Samurott|brn\n|move|p1a: Samurott|Razor Shell|p2a: Cinderace\n|-supereffective|p2a: Cinderace\n|-damage|p2a: Cinderace|35\/100\n|-unboost|p2a: Cinderace|def|1\n|\n|-damage|p1a: Samurott|61\/100 brn|[from] brn\n|upkeep\n|turn|16\n|\n|t:|1700373250\n|move|p2a: Cinderace|Court Change|p2a: Cinderace\n|-swapsideconditions\n|-activate|p2a: Cinderace|move: Court Change\n|move|p1a: Samurott|Ceaseless Edge|p2a: Cinderace|[miss]\n|-miss|p1a: Samurott|p2a: Cinderace\n|\n|-damage|p1a: Samurott|55\/100 brn|[from] brn\n|upkeep\n|turn|17\n|\n|t:|1700373255\n|move|p2a: Cinderace|U-turn|p1a: Samurott\n|-supereffective|p1a: Samurott\n|-damage|p1a: Samurott|9\/100 brn\n|\n|t:|1700373258\n|switch|p2a: Ribombee|Ribombee, M|1\/100|[from] U-turn\n|move|p1a: Samurott|Ceaseless Edge|p2a: Ribombee\n|-resisted|p2a: Ribombee\n|-damage|p2a: Ribombee|0 fnt\n|-sidestart|p2: GoTE Heartless|Spikes\n|faint|p2a: Ribombee\n|\n|-damage|p1a: Samurott|3\/100 brn|[from] brn\n|upkeep\n|\n|t:|1700373260\n|switch|p2a: Greninja|Greninja, M|97\/100\n|-damage|p2a: Greninja|84\/100|[from] Spikes\n|turn|18\n|\n|t:|1700373266\n|-terastallize|p2a: Greninja|Water\n|move|p2a: Greninja|Water Shuriken|p1a: Samurott\n|-resisted|p1a: Samurott\n|-damage|p1a: Samurott|0 fnt\n|faint|p1a: Samurott\n|-ability|p2a: Greninja|Battle Bond|boost\n|-boost|p2a: Greninja|atk|1\n|-boost|p2a: Greninja|spa|1\n|-boost|p2a: Greninja|spe|1\n|-activate|p2a: Greninja|ability: Battle Bond\n|-hitcount|p1: Samurott|1\n|-damage|p2a: Greninja|75\/100|[from] item: Life Orb\n|\n|upkeep\n|\n|t:|1700373272\n|switch|p1a: Basculegion|Basculegion, M|48\/100\n|-damage|p1a: Basculegion|36\/100|[from] Spikes\n|turn|19\n|\n|t:|1700373277\n|move|p1a: Basculegion|Aqua Jet|p2a: Greninja\n|-resisted|p2a: Greninja\n|-damage|p2a: Greninja|48\/100\n|move|p2a: Greninja|Surf|p1a: Basculegion\n|-resisted|p1a: Basculegion\n|-damage|p1a: Basculegion|0 fnt\n|faint|p1a: Basculegion\n|-damage|p2a: Greninja|38\/100|[from] item: Life Orb\n|\n|upkeep\n|\n|t:|1700373294\n|switch|p1a: Landorus|Landorus-Therian, M|100\/100\n|-ability|p1a: Landorus|Intimidate|boost\n|-unboost|p2a: Greninja|atk|1\n|turn|20\n|\n|t:|1700373297\n|-terastallize|p1a: Landorus|Water\n|move|p2a: Greninja|Ice Beam|p1a: Landorus\n|-resisted|p1a: Landorus\n|-damage|p1a: Landorus|67\/100\n|-status|p1a: Landorus|frz\n|-damage|p2a: Greninja|29\/100|[from] item: Life Orb\n|cant|p1a: Landorus|frz\n|\n|upkeep\n|turn|21\n|\n|t:|1700373302\n|move|p2a: Greninja|Grass Knot|p1a: Landorus\n|-supereffective|p1a: Landorus\n|-damage|p1a: Landorus|0 fnt\n|faint|p1a: Landorus\n|-damage|p2a: Greninja|19\/100|[from] item: Life Orb\n|\n|upkeep\n|\n|t:|1700373305\n|switch|p1a: Kingambit|Kingambit, M|100\/100\n|-damage|p1a: Kingambit|88\/100|[from] Spikes\n|-activate|p1a: Kingambit|ability: Supreme Overlord\n|-start|p1a: Kingambit|fallen5|[silent]\n|turn|22\n|\n|t:|1700373311\n|move|p2a: Greninja|Water Shuriken|p1a: Kingambit\n|-damage|p1a: Kingambit|64\/100\n|-damage|p1a: Kingambit|41\/100\n|-hitcount|p1a: Kingambit|2\n|-damage|p2a: Greninja|9\/100|[from] item: Life Orb\n|move|p1a: Kingambit|Low Kick|p2a: Greninja\n|-damage|p2a: Greninja|0 fnt\n|faint|p2a: Greninja\n|\n|upkeep\n|\n|t:|1700373318\n|switch|p2a: Cinderace|Cinderace, F|35\/100\n|turn|23\n|\n|t:|1700373321\n|move|p1a: Kingambit|Sucker Punch||[still]\n|-fail|p1a: Kingambit\n|move|p2a: Cinderace|Will-O-Wisp|p1a: Kingambit\n|-status|p1a: Kingambit|brn\n|\n|-damage|p1a: Kingambit|35\/100 brn|[from] brn\n|upkeep\n|turn|24\n|\n|t:|1700373329\n|move|p1a: Kingambit|Sucker Punch|p2a: Cinderace\n|-damage|p2a: Cinderace|0 fnt\n|faint|p2a: Cinderace\n|\n|win|Ruinous Tusk\n|raw|Ruinous Tusk's rating: 1428 &rarr; <strong>1445<\/strong><br \/>(+17 for winning)\n|raw|GoTE Heartless's rating: 1380 &rarr; <strong>1363<\/strong><br \/>(-17 for losing)\n|l|\u2606GoTE Heartless\n","uploadtime":1700373333,"views":15,"p1id":"ruinoustusk","p2id":"goteheartless","formatid":"gen9ou","rating":1363,"private":0,"password":""}