{"id":"gen9ou-1989455831","p1":"bunnelby to NU","p2":"daazai","format":"[Gen 9] OU","log":"|j|\u2606bunnelby to NU\n|j|\u2606daazai\n|t:|1699853191\n|gametype|singles\n|player|p1|bunnelby to NU|169|1235\n|player|p2|daazai|petrel|1130\n|teamsize|p1|6\n|teamsize|p2|6\n|gen|9\n|tier|[Gen 9] OU\n|rated|\n|rule|Sleep Clause Mod: Limit one foe put to sleep\n|rule|Species Clause: Limit one of each Pok\u00e9mon\n|rule|OHKO Clause: OHKO moves are banned\n|rule|Evasion Items Clause: Evasion items are banned\n|rule|Evasion Moves Clause: Evasion moves are banned\n|rule|Endless Battle Clause: Forcing endless battles is banned\n|rule|HP Percentage Mod: HP is shown in percentages\n|clearpoke\n|poke|p1|Breloom, M|\n|poke|p1|Blissey, F|\n|poke|p1|Iron Valiant|\n|poke|p1|Ogerpon-Cornerstone, F|\n|poke|p1|Great Tusk|\n|poke|p1|Alomomola, F|\n|poke|p2|Rillaboom, F|\n|poke|p2|Thundurus-Therian, M|\n|poke|p2|Sneasler, F|\n|poke|p2|Dragapult, F|\n|poke|p2|Clodsire, F|\n|poke|p2|Iron Treads|\n|teampreview\n|inactive|Battle timer is ON: inactive players will automatically lose when time's up. (requested by daazai)\n|\n|t:|1699853216\n|start\n|switch|p1a: Alomomola|Alomomola, F|100\/100\n|switch|p2a: Thundurus|Thundurus-Therian, M|100\/100\n|turn|1\n|\n|t:|1699853228\n|move|p2a: Thundurus|Volt Switch|p1a: Alomomola\n|-supereffective|p1a: Alomomola\n|-damage|p1a: Alomomola|14\/100\n|\n|t:|1699853232\n|switch|p2a: Rillaboom|Rillaboom, F|100\/100|[from] Volt Switch\n|-fieldstart|move: Grassy Terrain|[from] ability: Grassy Surge|[of] p2a: Rillaboom\n|move|p1a: Alomomola|Wish|p1a: Alomomola\n|\n|-heal|p1a: Alomomola|20\/100|[from] Grassy Terrain\n|upkeep\n|turn|2\n|\n|t:|1699853242\n|switch|p1a: Breloom|Breloom, M|100\/100\n|move|p2a: Rillaboom|Grassy Glide|p1a: Breloom\n|-resisted|p1a: Breloom\n|-damage|p1a: Breloom|72\/100\n|\n|-heal|p1a: Breloom|100\/100|[from] move: Wish|[wisher] Alomomola\n|upkeep\n|turn|3\n|\n|t:|1699853257\n|move|p2a: Rillaboom|Knock Off|p1a: Breloom\n|-resisted|p1a: Breloom\n|-damage|p1a: Breloom|73\/100\n|-enditem|p1a: Breloom|Choice Band|[from] move: Knock Off|[of] p2a: Rillaboom\n|move|p1a: Breloom|Bullet Seed|p2a: Rillaboom\n|-resisted|p2a: Rillaboom\n|-damage|p2a: Rillaboom|84\/100\n|-resisted|p2a: Rillaboom\n|-damage|p2a: Rillaboom|69\/100\n|-resisted|p2a: Rillaboom\n|-damage|p2a: Rillaboom|54\/100\n|-resisted|p2a: Rillaboom\n|-damage|p2a: Rillaboom|39\/100\n|-hitcount|p2a: Rillaboom|4\n|\n|-heal|p2a: Rillaboom|45\/100|[from] Grassy Terrain\n|-heal|p1a: Breloom|79\/100|[from] Grassy Terrain\n|upkeep\n|turn|4\n|\n|t:|1699853270\n|move|p2a: Rillaboom|U-turn|p1a: Breloom\n|-damage|p1a: Breloom|39\/100\n|\n|t:|1699853290\n|switch|p2a: Iron Treads|Iron Treads|100\/100|[from] U-turn\n|move|p1a: Breloom|Close Combat|p2a: Iron Treads\n|-supereffective|p2a: Iron Treads\n|-damage|p2a: Iron Treads|0 fnt\n|-unboost|p1a: Breloom|def|1\n|-unboost|p1a: Breloom|spd|1\n|faint|p2a: Iron Treads\n|-end|p2a: Iron Treads|Quark Drive|[silent]\n|\n|-heal|p1a: Breloom|45\/100|[from] Grassy Terrain\n|upkeep\n|\n|t:|1699853293\n|switch|p2a: Thundurus|Thundurus-Therian, M|100\/100\n|turn|5\n|\n|t:|1699853301\n|move|p2a: Thundurus|Psychic|p1a: Breloom\n|-supereffective|p1a: Breloom\n|-damage|p1a: Breloom|0 fnt\n|faint|p1a: Breloom\n|\n|-fieldend|move: Grassy Terrain\n|upkeep\n|\n|t:|1699853306\n|switch|p1a: Blissey|Blissey, F|100\/100\n|turn|6\n|\n|t:|1699853310\n|move|p2a: Thundurus|Volt Switch|p1a: Blissey\n|-damage|p1a: Blissey|85\/100\n|\n|t:|1699853313\n|switch|p2a: Rillaboom|Rillaboom, F|45\/100|[from] Volt Switch\n|-fieldstart|move: Grassy Terrain|[from] ability: Grassy Surge|[of] p2a: Rillaboom\n|move|p1a: Blissey|Gravity|p1a: Blissey\n|-fieldstart|move: Gravity\n|\n|-heal|p2a: Rillaboom|51\/100|[from] Grassy Terrain\n|-heal|p1a: Blissey|91\/100|[from] Grassy Terrain\n|upkeep\n|turn|7\n|\n|t:|1699853320\n|switch|p1a: Iron Valiant|Iron Valiant|100\/100\n|move|p2a: Rillaboom|Brick Break|p1a: Iron Valiant\n|-resisted|p1a: Iron Valiant\n|-damage|p1a: Iron Valiant|84\/100\n|\n|-heal|p1a: Iron Valiant|90\/100|[from] Grassy Terrain\n|-heal|p2a: Rillaboom|57\/100|[from] Grassy Terrain\n|upkeep\n|turn|8\n|\n|t:|1699853326\n|move|p2a: Rillaboom|Grassy Glide|p1a: Iron Valiant\n|-damage|p1a: Iron Valiant|36\/100\n|move|p1a: Iron Valiant|Hypnosis|p2a: Rillaboom\n|-status|p2a: Rillaboom|slp|[from] move: Hypnosis\n|\n|-heal|p1a: Iron Valiant|42\/100|[from] Grassy Terrain\n|-heal|p2a: Rillaboom|64\/100 slp|[from] Grassy Terrain\n|upkeep\n|turn|9\n|\n|t:|1699853339\n|cant|p2a: Rillaboom|slp\n|move|p1a: Iron Valiant|Calm Mind|p1a: Iron Valiant\n|-boost|p1a: Iron Valiant|spa|1\n|-boost|p1a: Iron Valiant|spd|1\n|\n|-heal|p1a: Iron Valiant|48\/100|[from] Grassy Terrain\n|-heal|p2a: Rillaboom|70\/100 slp|[from] Grassy Terrain\n|upkeep\n|turn|10\n|\n|t:|1699853348\n|switch|p2a: Carl|Clodsire, F|100\/100\n|move|p1a: Iron Valiant|Moonblast|p2a: Carl\n|-resisted|p2a: Carl\n|-damage|p2a: Carl|84\/100\n|\n|-heal|p1a: Iron Valiant|54\/100|[from] Grassy Terrain\n|-heal|p2a: Carl|90\/100|[from] Grassy Terrain\n|-heal|p2a: Carl|97\/100|[from] item: Leftovers\n|-fieldend|move: Gravity\n|-fieldend|move: Grassy Terrain\n|upkeep\n|turn|11\n|\n|t:|1699853354\n|move|p1a: Iron Valiant|Psyshock|p2a: Carl\n|-supereffective|p2a: Carl\n|-damage|p2a: Carl|53\/100\n|move|p2a: Carl|Haze|p2a: Carl\n|-clearallboost\n|\n|-heal|p2a: Carl|59\/100|[from] item: Leftovers\n|upkeep\n|turn|12\n|\n|t:|1699853359\n|move|p1a: Iron Valiant|Psyshock|p2a: Carl\n|-supereffective|p2a: Carl\n|-damage|p2a: Carl|17\/100\n|move|p2a: Carl|Toxic|p1a: Iron Valiant\n|-status|p1a: Iron Valiant|tox\n|\n|-heal|p2a: Carl|24\/100|[from] item: Leftovers\n|-damage|p1a: Iron Valiant|48\/100 tox|[from] psn\n|upkeep\n|turn|13\n|\n|t:|1699853365\n|switch|p2a: Rillaboom|Rillaboom, F|70\/100 slp\n|-fieldstart|move: Grassy Terrain|[from] ability: Grassy Surge|[of] p2a: Rillaboom\n|move|p1a: Iron Valiant|Psyshock|p2a: Rillaboom\n|-damage|p2a: Rillaboom|42\/100 slp\n|\n|-heal|p1a: Iron Valiant|54\/100 tox|[from] Grassy Terrain\n|-heal|p2a: Rillaboom|48\/100 slp|[from] Grassy Terrain\n|-damage|p1a: Iron Valiant|42\/100 tox|[from] psn\n|upkeep\n|turn|14\n|\n|t:|1699853370\n|move|p1a: Iron Valiant|Moonblast|p2a: Rillaboom\n|-damage|p2a: Rillaboom|5\/100 slp\n|-curestatus|p2a: Rillaboom|slp|[msg]\n|move|p2a: Rillaboom|U-turn|p1a: Iron Valiant\n|-resisted|p1a: Iron Valiant\n|-damage|p1a: Iron Valiant|34\/100 tox\n|\n|t:|1699853373\n|switch|p2a: Sneasler|Sneasler, F|100\/100|[from] U-turn\n|-enditem|p2a: Sneasler|Grassy Seed\n|-boost|p2a: Sneasler|def|1|[from] item: Grassy Seed\n|\n|-heal|p1a: Iron Valiant|40\/100 tox|[from] Grassy Terrain\n|-damage|p1a: Iron Valiant|22\/100 tox|[from] psn\n|upkeep\n|turn|15\n|\n|t:|1699853381\n|-end|p1a: Iron Valiant|Quark Drive|[silent]\n|switch|p1a: Ogerpon|Ogerpon-Cornerstone, F|100\/100\n|move|p2a: Sneasler|Dire Claw|p1a: Ogerpon\n|-damage|p1a: Ogerpon|45\/100\n|-status|p1a: Ogerpon|slp\n|\n|-heal|p1a: Ogerpon|51\/100 slp|[from] Grassy Terrain\n|upkeep\n|turn|16\n|\n|t:|1699853387\n|switch|p1a: Great Tusk|Great Tusk|100\/100\n|move|p2a: Sneasler|Swords Dance|p2a: Sneasler\n|-boost|p2a: Sneasler|atk|2\n|\n|upkeep\n|turn|17\n|\n|t:|1699853397\n|-terastallize|p2a: Sneasler|Flying\n|move|p2a: Sneasler|Acrobatics|p1a: Great Tusk\n|-supereffective|p1a: Great Tusk\n|-damage|p1a: Great Tusk|0 fnt\n|faint|p1a: Great Tusk\n|-end|p1a: Great Tusk|Protosynthesis|[silent]\n|\n|-fieldend|move: Grassy Terrain\n|upkeep\n|\n|t:|1699853401\n|switch|p1a: Alomomola|Alomomola, F|53\/100\n|turn|18\n|\n|t:|1699853414\n|move|p2a: Sneasler|Acrobatics|p1a: Alomomola\n|-damage|p1a: Alomomola|0 fnt\n|faint|p1a: Alomomola\n|\n|upkeep\n|-message|bunnelby to NU forfeited.\n|\n|win|daazai\n|raw|bunnelby to NU's rating: 1235 &rarr; <strong>1203<\/strong><br \/>(-32 for losing)\n|raw|daazai's rating: 1130 &rarr; <strong>1162<\/strong><br \/>(+32 for winning)\n|l|\u2606bunnelby to NU\n","uploadtime":1699853423,"views":10,"p1id":"bunnelbytonu","p2id":"daazai","formatid":"gen9ou","rating":1162,"private":0,"password":""}