{"id":"gen9ou-1989441381","p1":"game18","p2":"kuhihuihihhuhi","format":"[Gen 9] OU","log":"|j|\u2606game18\n|j|\u2606kuhihuihihhuhi\n|inactive|Battle timer is ON: inactive players will automatically lose when time's up.\n|t:|1699850947\n|gametype|singles\n|player|p1|game18|ghetsis|\n|player|p2|kuhihuihihhuhi|266|\n|teamsize|p1|6\n|teamsize|p2|6\n|gen|9\n|tier|[Gen 9] OU\n|rated|Tournament battle\n|rule|Sleep Clause Mod: Limit one foe put to sleep\n|rule|Species Clause: Limit one of each Pok\u00e9mon\n|rule|OHKO Clause: OHKO moves are banned\n|rule|Evasion Items Clause: Evasion items are banned\n|rule|Evasion Moves Clause: Evasion moves are banned\n|rule|Endless Battle Clause: Forcing endless battles is banned\n|rule|HP Percentage Mod: HP is shown in percentages\n|clearpoke\n|poke|p1|Kingambit, M|\n|poke|p1|Glimmora, F|\n|poke|p1|Zamazenta-*|\n|poke|p1|Iron Valiant|\n|poke|p1|Iron Moth|\n|poke|p1|Ogerpon-Wellspring, F|\n|poke|p2|Shaymin|\n|poke|p2|Zapdos|\n|poke|p2|Heatran, M|\n|poke|p2|Great Tusk|\n|poke|p2|Dragapult, M|\n|poke|p2|Samurott-Hisui, M|\n|teampreview\n|j|*Lady Monita \u2746\n|\n|t:|1699850963\n|start\n|switch|p1a: Glimmora|Glimmora, F|100\/100\n|switch|p2a: Dragapult|Dragapult, M|100\/100\n|turn|1\n|\n|t:|1699850971\n|move|p2a: Dragapult|Shadow Ball|p1a: Glimmora\n|-damage|p1a: Glimmora|17\/100\n|move|p1a: Glimmora|Stealth Rock|p2a: Dragapult\n|-sidestart|p2: kuhihuihihhuhi|move: Stealth Rock\n|\n|upkeep\n|turn|2\n|\n|t:|1699850982\n|move|p2a: Dragapult|Shadow Ball|p1a: Glimmora\n|-damage|p1a: Glimmora|0 fnt\n|faint|p1a: Glimmora\n|\n|upkeep\n|\n|t:|1699851000\n|switch|p1a: Kingambit|Kingambit, M|100\/100\n|-activate|p1a: Kingambit|ability: Supreme Overlord\n|-start|p1a: Kingambit|fallen1|[silent]\n|turn|3\n|\n|t:|1699851007\n|switch|p2a: Great Tusk|Great Tusk|100\/100\n|-damage|p2a: Great Tusk|98\/100|[from] Stealth Rock\n|move|p1a: Kingambit|Kowtow Cleave|p2a: Great Tusk\n|-resisted|p2a: Great Tusk\n|-damage|p2a: Great Tusk|76\/100\n|\n|-heal|p2a: Great Tusk|82\/100|[from] item: Leftovers\n|upkeep\n|turn|4\n|\n|t:|1699851023\n|-end|p1a: Kingambit|fallen1|[silent]\n|switch|p1a: Ogerpon|Ogerpon-Wellspring, F|100\/100\n|move|p2a: Great Tusk|Rapid Spin|p1a: Ogerpon\n|-damage|p1a: Ogerpon|78\/100\n|-boost|p2a: Great Tusk|spe|1\n|-sideend|p2: kuhihuihihhuhi|Stealth Rock|[from] move: Rapid Spin|[of] p2a: Great Tusk\n|\n|-heal|p2a: Great Tusk|88\/100|[from] item: Leftovers\n|upkeep\n|turn|5\n|\n|t:|1699851037\n|-end|p2a: Great Tusk|Protosynthesis|[silent]\n|switch|p2a: Shaymin|Shaymin|100\/100\n|move|p1a: Ogerpon|Ivy Cudgel|p2a: Shaymin\n|-resisted|p2a: Shaymin\n|-damage|p2a: Shaymin|83\/100\n|\n|-heal|p2a: Shaymin|89\/100|[from] item: Leftovers\n|upkeep\n|turn|6\n|\n|t:|1699851050\n|switch|p1a: Iron Moth|Iron Moth|100\/100\n|-enditem|p1a: Iron Moth|Booster Energy\n|-activate|p1a: Iron Moth|ability: Quark Drive|[fromitem]\n|-start|p1a: Iron Moth|quarkdrivespe\n|move|p2a: Shaymin|Leech Seed|p1a: Iron Moth\n|-start|p1a: Iron Moth|move: Leech Seed\n|\n|-heal|p2a: Shaymin|95\/100|[from] item: Leftovers\n|-damage|p1a: Iron Moth|88\/100|[from] Leech Seed|[of] p2a: Shaymin\n|-heal|p2a: Shaymin|100\/100|[silent]\n|upkeep\n|turn|7\n|\n|t:|1699851063\n|-end|p1a: Iron Moth|Quark Drive|[silent]\n|switch|p1a: Zamazenta|Zamazenta, shiny|100\/100\n|-ability|p1a: Zamazenta|Dauntless Shield|boost\n|-boost|p1a: Zamazenta|def|1\n|switch|p2a: Heatran|Heatran, M|100\/100\n|\n|upkeep\n|turn|8\n|\n|t:|1699851078\n|move|p1a: Zamazenta|Crunch|p2a: Heatran\n|-damage|p2a: Heatran|79\/100\n|move|p2a: Heatran|Will-O-Wisp|p1a: Zamazenta|[miss]\n|-miss|p2a: Heatran|p1a: Zamazenta\n|\n|-heal|p2a: Heatran|85\/100|[from] item: Leftovers\n|upkeep\n|turn|9\n|\n|t:|1699851099\n|-terastallize|p2a: Heatran|Bug\n|move|p1a: Zamazenta|Body Press|p2a: Heatran\n|-resisted|p2a: Heatran\n|-damage|p2a: Heatran|65\/100\n|move|p2a: Heatran|Will-O-Wisp|p1a: Zamazenta\n|-status|p1a: Zamazenta|brn\n|\n|-heal|p2a: Heatran|71\/100|[from] item: Leftovers\n|-damage|p1a: Zamazenta|94\/100 brn|[from] brn\n|upkeep\n|turn|10\n|\n|t:|1699851112\n|move|p1a: Zamazenta|Iron Defense|p1a: Zamazenta\n|-boost|p1a: Zamazenta|def|2\n|move|p2a: Heatran|Stealth Rock|p1a: Zamazenta\n|-sidestart|p1: game18|move: Stealth Rock\n|\n|-heal|p1a: Zamazenta|100\/100 brn|[from] item: Leftovers\n|-heal|p2a: Heatran|77\/100|[from] item: Leftovers\n|-damage|p1a: Zamazenta|94\/100 brn|[from] brn\n|upkeep\n|turn|11\n|\n|t:|1699851137\n|switch|p2a: Shaymin|Shaymin|100\/100\n|move|p1a: Zamazenta|Stone Edge|p2a: Shaymin\n|-damage|p2a: Shaymin|90\/100\n|\n|-heal|p1a: Zamazenta|100\/100 brn|[from] item: Leftovers\n|-heal|p2a: Shaymin|96\/100|[from] item: Leftovers\n|-damage|p1a: Zamazenta|94\/100 brn|[from] brn\n|upkeep\n|turn|12\n|-message|game18 forfeited.\n|\n|win|kuhihuihihhuhi\n|n|\u2606game18|game18\n|n|\u2606kuhihuihihhuhi|kuhihuihihhuhi\n|n|*Lady Monita \u2746|ladymonita\n|l|*Lady Monita \u2746\n|l|\u2606game18\n","uploadtime":1699851148,"views":9,"p1id":"game18","p2id":"kuhihuihihhuhi","formatid":"gen9ou","rating":0,"private":0,"password":""}