{"id":"gen9ou-1992789097","p1":"dopol","p2":"tomalerola","format":"[Gen 9] OU","log":"|j|\u2606dopol\n|j|\u2606tomalerola\n|t:|1700235576\n|gametype|singles\n|player|p1|dopol|lady-gen4|1000\n|player|p2|tomalerola|2|1041\n|teamsize|p1|6\n|teamsize|p2|6\n|gen|9\n|tier|[Gen 9] OU\n|rated|\n|rule|Sleep Clause Mod: Limit one foe put to sleep\n|rule|Species Clause: Limit one of each Pok\u00e9mon\n|rule|OHKO Clause: OHKO moves are banned\n|rule|Evasion Items Clause: Evasion items are banned\n|rule|Evasion Moves Clause: Evasion moves are banned\n|rule|Endless Battle Clause: Forcing endless battles is banned\n|rule|HP Percentage Mod: HP is shown in percentages\n|clearpoke\n|poke|p1|Manaphy|\n|poke|p1|Zamazenta-*|\n|poke|p1|Rillaboom, F|\n|poke|p1|Ogerpon-Wellspring, F|\n|poke|p1|Heatran, F|\n|poke|p1|Sneasler, M|\n|poke|p2|Garganacl, F|\n|poke|p2|Meowscarada, F|\n|poke|p2|Great Tusk|\n|poke|p2|Gholdengo|\n|poke|p2|Trevenant, M|\n|poke|p2|Heatran, F|\n|teampreview\n|\n|t:|1700235588\n|start\n|switch|p1a: Rillaboom|Rillaboom, F|100\/100\n|switch|p2a: Meowscarada|Meowscarada, F|100\/100\n|-fieldstart|move: Grassy Terrain|[from] ability: Grassy Surge|[of] p1a: Rillaboom\n|turn|1\n|\n|t:|1700235597\n|move|p2a: Meowscarada|Trick|p1a: Rillaboom\n|-start|p2a: Meowscarada|typechange|Psychic|[from] ability: Protean\n|-activate|p2a: Meowscarada|move: Trick|[of] p1a: Rillaboom\n|-item|p1a: Rillaboom|Choice Scarf|[from] move: Trick\n|-item|p2a: Meowscarada|Choice Band|[from] move: Trick\n|move|p1a: Rillaboom|U-turn|p2a: Meowscarada\n|-supereffective|p2a: Meowscarada\n|-damage|p2a: Meowscarada|17\/100\n|\n|t:|1700235623\n|switch|p1a: Ogerpon|Ogerpon-Wellspring, F|100\/100|[from] U-turn\n|\n|-heal|p2a: Meowscarada|23\/100|[from] Grassy Terrain\n|upkeep\n|turn|2\n|\n|t:|1700235632\n|move|p2a: Meowscarada|U-turn|p1a: Ogerpon\n|-supereffective|p1a: Ogerpon\n|-damage|p1a: Ogerpon|15\/100\n|\n|t:|1700235637\n|switch|p2a: Gholdengo|Gholdengo|100\/100|[from] U-turn\n|-item|p2a: Gholdengo|Air Balloon\n|move|p1a: Ogerpon|Ivy Cudgel|p2a: Gholdengo|[anim] Ivy Cudgel Water\n|-damage|p2a: Gholdengo|30\/100\n|-enditem|p2a: Gholdengo|Air Balloon\n|\n|-heal|p1a: Ogerpon|21\/100|[from] Grassy Terrain\n|-heal|p2a: Gholdengo|36\/100|[from] Grassy Terrain\n|upkeep\n|turn|3\n|\n|t:|1700235655\n|move|p1a: Ogerpon|Ivy Cudgel|p2a: Gholdengo|[anim] Ivy Cudgel Water\n|-damage|p2a: Gholdengo|0 fnt\n|faint|p2a: Gholdengo\n|\n|-heal|p1a: Ogerpon|27\/100|[from] Grassy Terrain\n|upkeep\n|\n|t:|1700235663\n|switch|p2a: Meowscarada|Meowscarada, F|23\/100\n|turn|4\n|\n|t:|1700235670\n|switch|p1a: Heatran|Heatran, F|100\/100\n|move|p2a: Meowscarada|Flower Trick|p1a: Heatran\n|-start|p2a: Meowscarada|typechange|Grass|[from] ability: Protean\n|-resisted|p1a: Heatran\n|-crit|p1a: Heatran\n|-damage|p1a: Heatran|76\/100\n|\n|-heal|p2a: Meowscarada|29\/100|[from] Grassy Terrain\n|-heal|p1a: Heatran|82\/100|[from] Grassy Terrain\n|-heal|p1a: Heatran|88\/100|[from] item: Leftovers\n|upkeep\n|turn|5\n|\n|t:|1700235688\n|switch|p2a: Heatran|Heatran, F|100\/100\n|move|p1a: Heatran|Stealth Rock|p2a: Heatran\n|-sidestart|p2: tomalerola|move: Stealth Rock\n|\n|-heal|p1a: Heatran|94\/100|[from] Grassy Terrain\n|-heal|p1a: Heatran|100\/100|[from] item: Leftovers\n|-fieldend|move: Grassy Terrain\n|upkeep\n|turn|6\n|\n|t:|1700235704\n|switch|p1a: Ogerpon|Ogerpon-Wellspring, F|27\/100\n|move|p2a: Heatran|Earth Power|p1a: Ogerpon\n|-resisted|p1a: Ogerpon\n|-damage|p1a: Ogerpon|12\/100\n|\n|upkeep\n|turn|7\n|\n|t:|1700235714\n|move|p1a: Ogerpon|Ivy Cudgel|p2a: Heatran|[anim] Ivy Cudgel Water\n|-supereffective|p2a: Heatran\n|-damage|p2a: Heatran|0 fnt\n|faint|p2a: Heatran\n|\n|upkeep\n|\n|t:|1700235721\n|switch|p2a: Great Tusk|Great Tusk|100\/100\n|-damage|p2a: Great Tusk|98\/100|[from] Stealth Rock\n|-enditem|p2a: Great Tusk|Booster Energy\n|-activate|p2a: Great Tusk|ability: Protosynthesis|[fromitem]\n|-start|p2a: Great Tusk|protosynthesisatk\n|turn|8\n|\n|t:|1700235729\n|move|p1a: Ogerpon|Ivy Cudgel|p2a: Great Tusk|[anim] Ivy Cudgel Water\n|-supereffective|p2a: Great Tusk\n|-damage|p2a: Great Tusk|12\/100\n|move|p2a: Great Tusk|Rapid Spin|p1a: Ogerpon\n|-damage|p1a: Ogerpon|0 fnt\n|-boost|p2a: Great Tusk|spe|1\n|-sideend|p2: tomalerola|Stealth Rock|[from] move: Rapid Spin|[of] p2a: Great Tusk\n|faint|p1a: Ogerpon\n|\n|upkeep\n|\n|t:|1700235735\n|switch|p1a: Rillaboom|Rillaboom, F|100\/100\n|-fieldstart|move: Grassy Terrain|[from] ability: Grassy Surge|[of] p1a: Rillaboom\n|turn|9\n|\n|t:|1700235762\n|move|p1a: Rillaboom|Grassy Glide|p2a: Great Tusk\n|-supereffective|p2a: Great Tusk\n|-damage|p2a: Great Tusk|0 fnt\n|faint|p2a: Great Tusk\n|-end|p2a: Great Tusk|Protosynthesis|[silent]\n|\n|upkeep\n|\n|t:|1700235770\n|switch|p2a: Meowscarada|Meowscarada, F|29\/100\n|turn|10\n|\n|t:|1700235774\n|move|p1a: Rillaboom|Grassy Glide|p2a: Meowscarada\n|-resisted|p2a: Meowscarada\n|-damage|p2a: Meowscarada|0 fnt\n|faint|p2a: Meowscarada\n|\n|upkeep\n|\n|t:|1700235781\n|switch|p2a: Garganacl|Garganacl, F|100\/100\n|turn|11\n|\n|t:|1700235794\n|switch|p1a: Zamazenta|Zamazenta|100\/100\n|-ability|p1a: Zamazenta|Dauntless Shield|boost\n|-boost|p1a: Zamazenta|def|1\n|move|p2a: Garganacl|Curse|p2a: Garganacl\n|-unboost|p2a: Garganacl|spe|1\n|-boost|p2a: Garganacl|atk|1\n|-boost|p2a: Garganacl|def|1\n|\n|upkeep\n|turn|12\n|\n|t:|1700235810\n|move|p1a: Zamazenta|Substitute|p1a: Zamazenta\n|-start|p1a: Zamazenta|Substitute\n|-damage|p1a: Zamazenta|75\/100\n|move|p2a: Garganacl|Curse|p2a: Garganacl\n|-unboost|p2a: Garganacl|spe|1\n|-boost|p2a: Garganacl|atk|1\n|-boost|p2a: Garganacl|def|1\n|\n|-heal|p1a: Zamazenta|82\/100|[from] Grassy Terrain\n|-heal|p1a: Zamazenta|88\/100|[from] item: Leftovers\n|upkeep\n|turn|13\n|\n|t:|1700235821\n|move|p1a: Zamazenta|Iron Defense|p1a: Zamazenta\n|-boost|p1a: Zamazenta|def|2\n|move|p2a: Garganacl|Body Press|p1a: Zamazenta\n|-activate|p1a: Zamazenta|move: Substitute|[damage]\n|\n|-heal|p1a: Zamazenta|94\/100|[from] Grassy Terrain\n|-heal|p1a: Zamazenta|99\/100|[from] item: Leftovers\n|-fieldend|move: Grassy Terrain\n|upkeep\n|turn|14\n|\n|t:|1700235833\n|move|p1a: Zamazenta|Iron Defense|p1a: Zamazenta\n|-boost|p1a: Zamazenta|def|2\n|move|p2a: Garganacl|Body Press|p1a: Zamazenta\n|-end|p1a: Zamazenta|Substitute\n|\n|-heal|p1a: Zamazenta|100\/100|[from] item: Leftovers\n|upkeep\n|turn|15\n|\n|t:|1700235844\n|-terastallize|p2a: Garganacl|Ghost\n|move|p1a: Zamazenta|Substitute|p1a: Zamazenta\n|-start|p1a: Zamazenta|Substitute\n|-damage|p1a: Zamazenta|75\/100\n|move|p2a: Garganacl|Curse|p1a: Zamazenta\n|-start|p1a: Zamazenta|Curse|[of] p2a: Garganacl\n|-damage|p2a: Garganacl|50\/100\n|\n|-heal|p1a: Zamazenta|82\/100|[from] item: Leftovers\n|-damage|p1a: Zamazenta|57\/100|[from] Curse\n|upkeep\n|turn|16\n|inactive|Battle timer is ON: inactive players will automatically lose when time's up. (requested by dopol)\n|\n|t:|1700235858\n|move|p1a: Zamazenta|Crunch|p2a: Garganacl\n|-supereffective|p2a: Garganacl\n|-crit|p2a: Garganacl\n|-damage|p2a: Garganacl|19\/100\n|-damage|p1a: Zamazenta|40\/100|[from] item: Rocky Helmet|[of] p2a: Garganacl\n|move|p2a: Garganacl|Recover|p2a: Garganacl\n|-heal|p2a: Garganacl|69\/100\n|\n|-heal|p1a: Zamazenta|46\/100|[from] item: Leftovers\n|-damage|p1a: Zamazenta|21\/100|[from] Curse\n|upkeep\n|turn|17\n|\n|t:|1700235871\n|move|p1a: Zamazenta|Crunch|p2a: Garganacl\n|-supereffective|p2a: Garganacl\n|-damage|p2a: Garganacl|58\/100\n|-damage|p1a: Zamazenta|5\/100|[from] item: Rocky Helmet|[of] p2a: Garganacl\n|move|p2a: Garganacl|Recover|p2a: Garganacl\n|-heal|p2a: Garganacl|100\/100\n|\n|-heal|p1a: Zamazenta|11\/100|[from] item: Leftovers\n|-damage|p1a: Zamazenta|0 fnt|[from] Curse\n|faint|p1a: Zamazenta\n|upkeep\n|\n|t:|1700235890\n|switch|p1a: Manaphy|Manaphy|100\/100\n|turn|18\n|\n|t:|1700235902\n|-terastallize|p1a: Manaphy|Poison\n|move|p1a: Manaphy|Acid Armor|p1a: Manaphy\n|-boost|p1a: Manaphy|def|2\n|move|p2a: Garganacl|Body Press|p1a: Manaphy\n|-resisted|p1a: Manaphy\n|-damage|p1a: Manaphy|90\/100\n|\n|-heal|p1a: Manaphy|97\/100|[from] item: Leftovers\n|upkeep\n|turn|19\n|\n|t:|1700235913\n|move|p1a: Manaphy|Take Heart|p1a: Manaphy\n|-boost|p1a: Manaphy|spa|1\n|-boost|p1a: Manaphy|spd|1\n|move|p2a: Garganacl|Salt Cure|p1a: Manaphy\n|-damage|p1a: Manaphy|87\/100\n|-start|p1a: Manaphy|Salt Cure\n|\n|-heal|p1a: Manaphy|93\/100|[from] item: Leftovers\n|-damage|p1a: Manaphy|80\/100|[from] Salt Cure\n|upkeep\n|turn|20\n|\n|t:|1700235924\n|move|p1a: Manaphy|Take Heart|p1a: Manaphy\n|-boost|p1a: Manaphy|spa|1\n|-boost|p1a: Manaphy|spd|1\n|move|p2a: Garganacl|Curse|p1a: Manaphy\n|-start|p1a: Manaphy|Curse|[of] p2a: Garganacl\n|-damage|p2a: Garganacl|50\/100\n|\n|-heal|p1a: Manaphy|87\/100|[from] item: Leftovers\n|-damage|p1a: Manaphy|62\/100|[from] Curse\n|-damage|p1a: Manaphy|49\/100|[from] Salt Cure\n|upkeep\n|turn|21\n|\n|t:|1700235936\n|move|p1a: Manaphy|Stored Power|p2a: Garganacl\n|-damage|p2a: Garganacl|0 fnt\n|faint|p2a: Garganacl\n|\n|-heal|p1a: Manaphy|55\/100|[from] item: Leftovers\n|-damage|p1a: Manaphy|30\/100|[from] Curse\n|-damage|p1a: Manaphy|18\/100|[from] Salt Cure\n|upkeep\n|-message|tomalerola forfeited.\n|\n|win|dopol\n|raw|dopol's rating: 1000 &rarr; <strong>1045<\/strong><br \/>(+45 for winning)\n|raw|tomalerola's rating: 1041 &rarr; <strong>1023<\/strong><br \/>(-18 for losing)\n|l|\u2606tomalerola\n","uploadtime":1700235942,"views":10,"p1id":"dopol","p2id":"tomalerola","formatid":"gen9ou","rating":1023,"private":0,"password":""}