{"id":"gen9ou-1993690166","p1":"Kaiserdestroyer","p2":"crazy ff","format":"[Gen 9] OU","log":"|j|\u2606Kaiserdestroyer\n|j|\u2606crazy ff\n|t:|1700345932\n|gametype|singles\n|player|p1|Kaiserdestroyer|steven|\n|player|p2|crazy ff|ghetsis|\n|teamsize|p1|6\n|teamsize|p2|6\n|gen|9\n|tier|[Gen 9] OU\n|rule|Sleep Clause Mod: Limit one foe put to sleep\n|rule|Species Clause: Limit one of each Pok\u00e9mon\n|rule|OHKO Clause: OHKO moves are banned\n|rule|Evasion Items Clause: Evasion items are banned\n|rule|Evasion Moves Clause: Evasion moves are banned\n|rule|Endless Battle Clause: Forcing endless battles is banned\n|rule|HP Percentage Mod: HP is shown in percentages\n|clearpoke\n|poke|p1|Glimmora, M|\n|poke|p1|Iron Moth|\n|poke|p1|Garganacl, F|\n|poke|p1|Vaporeon, F|\n|poke|p1|Heracross, M|\n|poke|p1|Iron Thorns|\n|poke|p2|Greninja-*, M|\n|poke|p2|Ting-Lu|\n|poke|p2|Clefable, F|\n|poke|p2|Bronzong|\n|poke|p2|Haxorus, F|\n|poke|p2|Gengar, M|\n|teampreview\n|c|\u2606crazy ff|Suerte bro\n|\n|t:|1700345943\n|start\n|switch|p1a: Glimmora|Glimmora, M|100\/100\n|switch|p2a: Greninja|Greninja, M|100\/100\n|turn|1\n|\n|t:|1700345952\n|move|p2a: Greninja|Hydro Pump|p1a: Glimmora\n|-start|p2a: Greninja|typechange|Water|[from] ability: Protean\n|-supereffective|p1a: Glimmora\n|-enditem|p1a: Glimmora|Focus Sash\n|-damage|p1a: Glimmora|1\/100\n|-damage|p2a: Greninja|91\/100|[from] item: Life Orb\n|move|p1a: Glimmora|Energy Ball|p2a: Greninja\n|-supereffective|p2a: Greninja\n|-damage|p2a: Greninja|0 fnt\n|faint|p2a: Greninja\n|\n|upkeep\n|\n|t:|1700345968\n|switch|p2a: Gengar|Gengar, M|100\/100\n|turn|2\n|\n|t:|1700345973\n|move|p2a: Gengar|Shadow Ball|p1a: Glimmora\n|-damage|p1a: Glimmora|0 fnt\n|faint|p1a: Glimmora\n|\n|upkeep\n|\n|t:|1700345981\n|switch|p1a: Heracross|Heracross, M|100\/100\n|turn|3\n|\n|t:|1700345986\n|-terastallize|p1a: Heracross|Normal\n|move|p2a: Gengar|Will-O-Wisp|p1a: Heracross\n|-status|p1a: Heracross|brn\n|move|p1a: Heracross|Trailblaze|p2a: Gengar\n|-resisted|p2a: Gengar\n|-damage|p2a: Gengar|77\/100\n|-boost|p1a: Heracross|spe|1\n|-start|p1a: Heracross|Disable|Trailblaze|[from] ability: Cursed Body|[of] p2a: Gengar\n|\n|-heal|p2a: Gengar|83\/100|[from] item: Black Sludge\n|-damage|p1a: Heracross|95\/100 brn|[from] brn\n|upkeep\n|turn|4\n|\n|t:|1700346001\n|move|p1a: Heracross|Knock Off|p2a: Gengar\n|-supereffective|p2a: Gengar\n|-damage|p2a: Gengar|0 fnt\n|-enditem|p2a: Gengar|Black Sludge|[from] move: Knock Off|[of] p1a: Heracross\n|faint|p2a: Gengar\n|\n|-damage|p1a: Heracross|89\/100 brn|[from] brn\n|upkeep\n|\n|t:|1700346017\n|switch|p2a: Haxorus|Haxorus, F|100\/100\n|-ability|p2a: Haxorus|Mold Breaker\n|turn|5\n|\n|t:|1700346022\n|move|p1a: Heracross|Facade|p2a: Haxorus\n|-enditem|p2a: Haxorus|Focus Sash\n|-damage|p2a: Haxorus|1\/100\n|move|p2a: Haxorus|Dragon Dance|p2a: Haxorus\n|-boost|p2a: Haxorus|atk|1\n|-boost|p2a: Haxorus|spe|1\n|\n|-damage|p1a: Heracross|83\/100 brn|[from] brn\n|upkeep\n|turn|6\n|\n|t:|1700346036\n|move|p1a: Heracross|Facade|p2a: Haxorus\n|-damage|p2a: Haxorus|0 fnt\n|faint|p2a: Haxorus\n|\n|-damage|p1a: Heracross|77\/100 brn|[from] brn\n|-end|p1a: Heracross|Disable\n|upkeep\n|\n|t:|1700346044\n|switch|p2a: Ting-Lu|Ting-Lu|100\/100\n|-ability|p2a: Ting-Lu|Vessel of Ruin\n|turn|7\n|\n|t:|1700346053\n|move|p1a: Heracross|Close Combat|p2a: Ting-Lu\n|-supereffective|p2a: Ting-Lu\n|-damage|p2a: Ting-Lu|22\/100\n|-unboost|p1a: Heracross|def|1\n|-unboost|p1a: Heracross|spd|1\n|-damage|p1a: Heracross|60\/100 brn|[from] item: Rocky Helmet|[of] p2a: Ting-Lu\n|move|p2a: Ting-Lu|Body Press|p1a: Heracross\n|-supereffective|p1a: Heracross\n|-damage|p1a: Heracross|0 fnt\n|faint|p1a: Heracross\n|\n|upkeep\n|\n|t:|1700346062\n|switch|p1a: Iron Moth|Iron Moth|100\/100\n|-enditem|p1a: Iron Moth|Booster Energy\n|-activate|p1a: Iron Moth|ability: Quark Drive|[fromitem]\n|-start|p1a: Iron Moth|quarkdrivespe\n|turn|8\n|\n|t:|1700346071\n|move|p1a: Iron Moth|Energy Ball|p2a: Ting-Lu\n|-supereffective|p2a: Ting-Lu\n|-damage|p2a: Ting-Lu|0 fnt\n|faint|p2a: Ting-Lu\n|\n|upkeep\n|\n|t:|1700346085\n|switch|p2a: Bronzong|Bronzong|100\/100\n|turn|9\n|\n|t:|1700346090\n|move|p1a: Iron Moth|Fiery Dance|p2a: Bronzong\n|-supereffective|p2a: Bronzong\n|-damage|p2a: Bronzong|42\/100\n|-boost|p1a: Iron Moth|spa|1\n|move|p2a: Bronzong|Psyshock|p1a: Iron Moth\n|-supereffective|p1a: Iron Moth\n|-damage|p1a: Iron Moth|40\/100\n|\n|-heal|p2a: Bronzong|48\/100|[from] item: Leftovers\n|upkeep\n|turn|10\n|\n|t:|1700346100\n|move|p1a: Iron Moth|Fiery Dance|p2a: Bronzong\n|-supereffective|p2a: Bronzong\n|-damage|p2a: Bronzong|0 fnt\n|-boost|p1a: Iron Moth|spa|1\n|faint|p2a: Bronzong\n|\n|upkeep\n|\n|t:|1700346107\n|switch|p2a: Clefable|Clefable, F|100\/100\n|turn|11\n|\n|t:|1700346120\n|-terastallize|p2a: Clefable|Fire\n|move|p1a: Iron Moth|Sludge Wave|p2a: Clefable\n|-damage|p2a: Clefable|65\/100\n|move|p2a: Clefable|Flamethrower|p1a: Iron Moth\n|-resisted|p1a: Iron Moth\n|-damage|p1a: Iron Moth|24\/100\n|\n|-heal|p2a: Clefable|71\/100|[from] item: Leftovers\n|upkeep\n|turn|12\n|\n|t:|1700346131\n|-end|p1a: Iron Moth|Quark Drive|[silent]\n|switch|p1a: Vaporeon|Vaporeon, F|100\/100\n|move|p2a: Clefable|Moonblast|p1a: Vaporeon\n|-damage|p1a: Vaporeon|78\/100\n|\n|-heal|p1a: Vaporeon|84\/100|[from] item: Leftovers\n|-heal|p2a: Clefable|77\/100|[from] item: Leftovers\n|upkeep\n|turn|13\n|\n|t:|1700346140\n|move|p1a: Vaporeon|Scald|p2a: Clefable\n|-supereffective|p2a: Clefable\n|-damage|p2a: Clefable|36\/100\n|move|p2a: Clefable|Moonblast|p1a: Vaporeon\n|-damage|p1a: Vaporeon|59\/100\n|\n|-heal|p1a: Vaporeon|65\/100|[from] item: Leftovers\n|-heal|p2a: Clefable|42\/100|[from] item: Leftovers\n|upkeep\n|turn|14\n|\n|t:|1700346150\n|move|p2a: Clefable|Protect|p2a: Clefable\n|-singleturn|p2a: Clefable|Protect\n|move|p1a: Vaporeon|Scald|p2a: Clefable\n|-activate|p2a: Clefable|move: Protect\n|\n|-heal|p1a: Vaporeon|71\/100|[from] item: Leftovers\n|-heal|p2a: Clefable|48\/100|[from] item: Leftovers\n|upkeep\n|turn|15\n|\n|t:|1700346160\n|move|p1a: Vaporeon|Scald|p2a: Clefable\n|-supereffective|p2a: Clefable\n|-damage|p2a: Clefable|5\/100\n|move|p2a: Clefable|Wish|p2a: Clefable\n|\n|-heal|p1a: Vaporeon|77\/100|[from] item: Leftovers\n|-heal|p2a: Clefable|11\/100|[from] item: Leftovers\n|upkeep\n|turn|16\n|\n|t:|1700346169\n|move|p2a: Clefable|Protect|p2a: Clefable\n|-singleturn|p2a: Clefable|Protect\n|move|p1a: Vaporeon|Wish|p1a: Vaporeon\n|\n|-heal|p2a: Clefable|61\/100|[from] move: Wish|[wisher] Clefable\n|-heal|p1a: Vaporeon|84\/100|[from] item: Leftovers\n|-heal|p2a: Clefable|68\/100|[from] item: Leftovers\n|upkeep\n|turn|17\n|\n|t:|1700346181\n|switch|p1a: Iron Thorns|Iron Thorns|100\/100\n|-enditem|p1a: Iron Thorns|Booster Energy\n|-activate|p1a: Iron Thorns|ability: Quark Drive|[fromitem]\n|-start|p1a: Iron Thorns|quarkdriveatk\n|move|p2a: Clefable|Moonblast|p1a: Iron Thorns\n|-damage|p1a: Iron Thorns|63\/100\n|\n|-heal|p1a: Iron Thorns|100\/100|[from] move: Wish|[wisher] Vaporeon\n|-heal|p2a: Clefable|74\/100|[from] item: Leftovers\n|upkeep\n|turn|18\n|\n|t:|1700346192\n|move|p1a: Iron Thorns|Rock Blast|p2a: Clefable\n|-supereffective|p2a: Clefable\n|-damage|p2a: Clefable|32\/100\n|-supereffective|p2a: Clefable\n|-damage|p2a: Clefable|0 fnt\n|faint|p2a: Clefable\n|-hitcount|p2: Clefable|2\n|\n|win|Kaiserdestroyer\n|c|\u2606crazy ff|GG\n","uploadtime":1700346201,"views":40,"p1id":"kaiserdestroyer","p2id":"crazyff","formatid":"gen9ou","rating":0,"private":0,"password":""}