{"id":"gen9ou-1990796464","p1":"PursuitPlaya","p2":"Deezmcnuggetz","format":"[Gen 9] OU","log":"|j|\u2606PursuitPlaya\n|j|\u2606Deezmcnuggetz\n|t:|1700001723\n|gametype|singles\n|player|p1|PursuitPlaya|byron|1344\n|player|p2|Deezmcnuggetz|169|1313\n|teamsize|p1|6\n|teamsize|p2|6\n|gen|9\n|tier|[Gen 9] OU\n|rated|\n|rule|Sleep Clause Mod: Limit one foe put to sleep\n|rule|Species Clause: Limit one of each Pok\u00e9mon\n|rule|OHKO Clause: OHKO moves are banned\n|rule|Evasion Items Clause: Evasion items are banned\n|rule|Evasion Moves Clause: Evasion moves are banned\n|rule|Endless Battle Clause: Forcing endless battles is banned\n|rule|HP Percentage Mod: HP is shown in percentages\n|clearpoke\n|poke|p1|Cinderace, M|\n|poke|p1|Slowking-Galar, M|\n|poke|p1|Zamazenta-*|\n|poke|p1|Corviknight, M|\n|poke|p1|Samurott-Hisui, M|\n|poke|p1|Sandy Shocks|\n|poke|p2|Okidogi, M|\n|poke|p2|Mandibuzz, F|\n|poke|p2|Great Tusk|\n|poke|p2|Slowking-Galar, F|\n|poke|p2|Greninja-*, M|\n|poke|p2|Glimmora, F|\n|teampreview\n|\n|t:|1700001736\n|start\n|switch|p1a: Sandy Shocks|Sandy Shocks|100\/100\n|switch|p2a: Glimmora|Glimmora, F|100\/100\n|turn|1\n|\n|t:|1700001753\n|move|p1a: Sandy Shocks|Earth Power|p2a: Glimmora\n|-supereffective|p2a: Glimmora\n|-enditem|p2a: Glimmora|Focus Sash\n|-damage|p2a: Glimmora|1\/100\n|-unboost|p2a: Glimmora|spd|1\n|move|p2a: Glimmora|Stealth Rock|p1a: Sandy Shocks\n|-sidestart|p1: PursuitPlaya|move: Stealth Rock\n|\n|upkeep\n|turn|2\n|\n|t:|1700001759\n|switch|p2a: Mandibuzz|Mandibuzz, F|100\/100\n|move|p1a: Sandy Shocks|Earth Power|p2a: Mandibuzz\n|-immune|p2a: Mandibuzz\n|\n|upkeep\n|turn|3\n|\n|t:|1700001767\n|-end|p1a: Sandy Shocks|Protosynthesis|[silent]\n|switch|p1a: Corviknight|Corviknight, M|100\/100\n|-damage|p1a: Corviknight|88\/100|[from] Stealth Rock\n|-ability|p1a: Corviknight|Pressure\n|move|p2a: Mandibuzz|Knock Off|p1a: Corviknight\n|-damage|p1a: Corviknight|75\/100\n|-damage|p2a: Mandibuzz|84\/100|[from] item: Rocky Helmet|[of] p1a: Corviknight\n|-enditem|p1a: Corviknight|Rocky Helmet|[from] move: Knock Off|[of] p2a: Mandibuzz\n|\n|upkeep\n|turn|4\n|\n|t:|1700001774\n|switch|p2a: Glimmora|Glimmora, F|1\/100\n|move|p1a: Corviknight|Defog|p2a: Glimmora\n|-unboost|p2a: Glimmora|evasion|1\n|-sideend|p1: PursuitPlaya|Stealth Rock|[from] move: Defog|[of] p1a: Corviknight\n|\n|upkeep\n|turn|5\n|\n|t:|1700001782\n|move|p2a: Glimmora|Stealth Rock|p1a: Corviknight\n|-sidestart|p1: PursuitPlaya|move: Stealth Rock\n|move|p1a: Corviknight|U-turn|p2a: Glimmora\n|-resisted|p2a: Glimmora\n|-damage|p2a: Glimmora|0 fnt\n|-activate|p2a: Glimmora|ability: Toxic Debris\n|-sidestart|p1: PursuitPlaya|move: Toxic Spikes\n|faint|p2a: Glimmora\n|inactive|Battle timer is ON: inactive players will automatically lose when time's up. (requested by Deezmcnuggetz)\n|\n|t:|1700001792\n|switch|p1a: Sandy Shocks|Sandy Shocks|100\/100|[from] U-turn\n|-damage|p1a: Sandy Shocks|94\/100|[from] Stealth Rock\n|-status|p1a: Sandy Shocks|psn\n|\n|-damage|p1a: Sandy Shocks|82\/100 psn|[from] psn\n|upkeep\n|\n|t:|1700001814\n|switch|p2a: Greninja|Greninja, M|100\/100\n|turn|6\n|\n|t:|1700001832\n|switch|p2a: Slowking|Slowking-Galar, F|100\/100\n|move|p1a: Sandy Shocks|Volt Switch|p2a: Slowking\n|-damage|p2a: Slowking|86\/100\n|\n|t:|1700001837\n|-end|p1a: Sandy Shocks|Protosynthesis|[silent]\n|switch|p1a: Cinderace|Cinderace, M|100\/100|[from] Volt Switch\n|\n|upkeep\n|turn|7\n|\n|t:|1700001840\n|switch|p2a: Great Tusk|Great Tusk|100\/100\n|move|p1a: Cinderace|Court Change|p1a: Cinderace\n|-start|p1a: Cinderace|typechange|Normal|[from] ability: Libero\n|-swapsideconditions\n|-activate|p1a: Cinderace|move: Court Change\n|\n|upkeep\n|turn|8\n|\n|t:|1700001860\n|move|p1a: Cinderace|U-turn|p2a: Great Tusk\n|-resisted|p2a: Great Tusk\n|-damage|p2a: Great Tusk|92\/100\n|inactive|PursuitPlaya has 120 seconds left.\n|\n|t:|1700001884\n|switch|p1a: Sandy Shocks|Sandy Shocks|82\/100 psn|[from] U-turn\n|move|p2a: Great Tusk|Rapid Spin|p1a: Sandy Shocks\n|-damage|p1a: Sandy Shocks|61\/100 psn\n|-boost|p2a: Great Tusk|spe|1\n|-sideend|p2: Deezmcnuggetz|Toxic Spikes|[from] move: Rapid Spin|[of] p2a: Great Tusk\n|-sideend|p2: Deezmcnuggetz|Stealth Rock|[from] move: Rapid Spin|[of] p2a: Great Tusk\n|\n|-damage|p1a: Sandy Shocks|48\/100 psn|[from] psn\n|upkeep\n|turn|9\n|inactive|PursuitPlaya has 120 seconds left.\n|\n|t:|1700001904\n|-terastallize|p1a: Sandy Shocks|Ice\n|move|p1a: Sandy Shocks|Tera Blast|p2a: Great Tusk|[anim] Tera Blast Ice\n|-supereffective|p2a: Great Tusk\n|-damage|p2a: Great Tusk|0 fnt\n|faint|p2a: Great Tusk\n|-end|p2a: Great Tusk|Protosynthesis|[silent]\n|\n|-damage|p1a: Sandy Shocks|36\/100 psn|[from] psn\n|upkeep\n|inactive|Deezmcnuggetz has 120 seconds left.\n|\n|t:|1700001922\n|switch|p2a: Greninja|Greninja, M|100\/100\n|turn|10\n|inactive|PursuitPlaya has 120 seconds left.\n|\n|t:|1700001943\n|-end|p1a: Sandy Shocks|Protosynthesis|[silent]\n|switch|p1a: Slowking|Slowking-Galar, M|100\/100\n|move|p2a: Greninja|Hydro Pump|p1a: Slowking|[miss]\n|-miss|p2a: Greninja|p1a: Slowking\n|\n|upkeep\n|turn|11\n|inactive|PursuitPlaya has 120 seconds left.\n|inactive|Deezmcnuggetz has 120 seconds left.\n|\n|t:|1700001968\n|switch|p2a: Slowking|Slowking-Galar, F|100\/100\n|move|p1a: Slowking|Thunder Wave|p2a: Slowking\n|-status|p2a: Slowking|par\n|\n|upkeep\n|turn|12\n|inactive|PursuitPlaya has 120 seconds left.\n|inactive|Deezmcnuggetz has 120 seconds left.\n|\n|t:|1700001974\n|move|p1a: Slowking|Chilly Reception|p1a: Slowking\n|-weather|Snow\n|inactive|PursuitPlaya has 120 seconds left.\n|\n|t:|1700001985\n|switch|p1a: Samurott|Samurott-Hisui, M|100\/100|[from] Chilly Reception\n|move|p2a: Slowking|Sludge Bomb|p1a: Samurott\n|-damage|p1a: Samurott|43\/100\n|-status|p1a: Samurott|psn\n|\n|-weather|Snow|[upkeep]\n|-damage|p1a: Samurott|30\/100 psn|[from] psn\n|upkeep\n|turn|13\n|inactive|PursuitPlaya has 120 seconds left.\n|inactive|Deezmcnuggetz has 120 seconds left.\n|\n|t:|1700002000\n|switch|p2a: Mandibuzz|Mandibuzz, F|84\/100\n|move|p1a: Samurott|Ceaseless Edge|p2a: Mandibuzz\n|-resisted|p2a: Mandibuzz\n|-damage|p2a: Mandibuzz|72\/100\n|-sidestart|p2: Deezmcnuggetz|Spikes\n|\n|-weather|Snow|[upkeep]\n|-damage|p1a: Samurott|18\/100 psn|[from] psn\n|upkeep\n|turn|14\n|inactive|Deezmcnuggetz has 120 seconds left.\n|\n|t:|1700002012\n|move|p1a: Samurott|Taunt|p2a: Mandibuzz\n|-start|p2a: Mandibuzz|move: Taunt\n|cant|p2a: Mandibuzz|move: Taunt|Iron Defense\n|\n|-weather|Snow|[upkeep]\n|-damage|p1a: Samurott|5\/100 psn|[from] psn\n|upkeep\n|turn|15\n|\n|t:|1700002020\n|move|p1a: Samurott|Ceaseless Edge|p2a: Mandibuzz\n|-resisted|p2a: Mandibuzz\n|-damage|p2a: Mandibuzz|59\/100\n|-sidestart|p2: Deezmcnuggetz|Spikes\n|move|p2a: Mandibuzz|Knock Off|p1a: Samurott\n|-resisted|p1a: Samurott\n|-crit|p1a: Samurott\n|-damage|p1a: Samurott|0 fnt\n|-enditem|p1a: Samurott|Focus Sash|[from] move: Knock Off|[of] p2a: Mandibuzz\n|faint|p1a: Samurott\n|\n|-weather|Snow|[upkeep]\n|upkeep\n|\n|t:|1700002025\n|switch|p1a: Sandy Shocks|Sandy Shocks, tera:Ice|36\/100 psn\n|turn|16\n|\n|t:|1700002029\n|-terastallize|p2a: Mandibuzz|Fire\n|move|p1a: Sandy Shocks|Volt Switch|p2a: Mandibuzz\n|-damage|p2a: Mandibuzz|30\/100\n|\n|t:|1700002045\n|-end|p1a: Sandy Shocks|Protosynthesis|[silent]\n|switch|p1a: Corviknight|Corviknight, M|75\/100|[from] Volt Switch\n|-ability|p1a: Corviknight|Pressure\n|move|p2a: Mandibuzz|Foul Play|p1a: Corviknight\n|-damage|p1a: Corviknight|56\/100\n|\n|-weather|none\n|-end|p2a: Mandibuzz|move: Taunt\n|upkeep\n|turn|17\n|\n|t:|1700002050\n|move|p2a: Mandibuzz|Roost|p2a: Mandibuzz\n|-heal|p2a: Mandibuzz|80\/100\n|move|p1a: Corviknight|Brave Bird|p2a: Mandibuzz\n|-crit|p2a: Mandibuzz\n|-damage|p2a: Mandibuzz|48\/100\n|-damage|p1a: Corviknight|44\/100|[from] Recoil\n|\n|upkeep\n|turn|18\n|\n|t:|1700002055\n|move|p2a: Mandibuzz|Roost|p2a: Mandibuzz\n|-heal|p2a: Mandibuzz|98\/100\n|move|p1a: Corviknight|Roost|p1a: Corviknight\n|-heal|p1a: Corviknight|94\/100\n|-singleturn|p1a: Corviknight|move: Roost\n|\n|upkeep\n|turn|19\n|\n|t:|1700002070\n|move|p2a: Mandibuzz|Iron Defense|p2a: Mandibuzz\n|-boost|p2a: Mandibuzz|def|2\n|move|p1a: Corviknight|Brave Bird|p2a: Mandibuzz\n|-damage|p2a: Mandibuzz|88\/100\n|-damage|p1a: Corviknight|91\/100|[from] Recoil\n|\n|upkeep\n|turn|20\n|\n|t:|1700002081\n|move|p2a: Mandibuzz|Foul Play|p1a: Corviknight\n|-damage|p1a: Corviknight|73\/100\n|move|p1a: Corviknight|Brave Bird|p2a: Mandibuzz\n|-damage|p2a: Mandibuzz|78\/100\n|-damage|p1a: Corviknight|69\/100|[from] Recoil\n|\n|upkeep\n|turn|21\n|\n|t:|1700002104\n|switch|p2a: Slowking|Slowking-Galar, F|100\/100 par\n|-damage|p2a: Slowking|84\/100 par|[from] Spikes\n|move|p1a: Corviknight|U-turn|p2a: Slowking\n|-damage|p2a: Slowking|68\/100 par\n|\n|t:|1700002118\n|switch|p1a: Zamazenta|Zamazenta|100\/100|[from] U-turn\n|-ability|p1a: Zamazenta|Dauntless Shield|boost\n|-boost|p1a: Zamazenta|def|1\n|\n|upkeep\n|turn|22\n|\n|t:|1700002124\n|move|p1a: Zamazenta|Crunch|p2a: Slowking\n|-supereffective|p2a: Slowking\n|-damage|p2a: Slowking|28\/100 par\n|move|p2a: Slowking|Future Sight|p1a: Zamazenta\n|-start|p2a: Slowking|move: Future Sight\n|\n|upkeep\n|turn|23\n|\n|t:|1700002139\n|switch|p2a: Mandibuzz|Mandibuzz, F, tera:Fire|78\/100\n|move|p1a: Zamazenta|Crunch|p2a: Mandibuzz\n|-damage|p2a: Mandibuzz|65\/100\n|-unboost|p2a: Mandibuzz|def|1\n|\n|upkeep\n|turn|24\n|\n|t:|1700002149\n|move|p1a: Zamazenta|Iron Defense|p1a: Zamazenta\n|-boost|p1a: Zamazenta|def|2\n|move|p2a: Mandibuzz|Knock Off|p1a: Zamazenta\n|-resisted|p1a: Zamazenta\n|-damage|p1a: Zamazenta|96\/100\n|-enditem|p1a: Zamazenta|Leftovers|[from] move: Knock Off|[of] p2a: Mandibuzz\n|\n|-end|p1a: Zamazenta|move: Future Sight\n|-supereffective|p1a: Zamazenta\n|-crit|p1a: Zamazenta\n|-damage|p1a: Zamazenta|0 fnt\n|faint|p1a: Zamazenta\n|upkeep\n|\n|t:|1700002157\n|switch|p1a: Sandy Shocks|Sandy Shocks, tera:Ice|36\/100 psn\n|turn|25\n|\n|t:|1700002169\n|switch|p2a: Slowking|Slowking-Galar, F|61\/100 par\n|-damage|p2a: Slowking|45\/100 par|[from] Spikes\n|move|p1a: Sandy Shocks|Earth Power|p2a: Slowking\n|-supereffective|p2a: Slowking\n|-damage|p2a: Slowking|5\/100 par\n|\n|-damage|p1a: Sandy Shocks|24\/100 psn|[from] psn\n|upkeep\n|turn|26\n|\n|t:|1700002175\n|switch|p2a: Mandibuzz|Mandibuzz, F, tera:Fire|65\/100\n|move|p1a: Sandy Shocks|Earth Power|p2a: Mandibuzz\n|-supereffective|p2a: Mandibuzz\n|-damage|p2a: Mandibuzz|0 fnt\n|faint|p2a: Mandibuzz\n|\n|-damage|p1a: Sandy Shocks|12\/100 psn|[from] psn\n|upkeep\n|\n|t:|1700002178\n|switch|p2a: Slowking|Slowking-Galar, F|39\/100 par\n|-damage|p2a: Slowking|22\/100 par|[from] Spikes\n|turn|27\n|\n|t:|1700002191\n|-end|p1a: Sandy Shocks|Protosynthesis|[silent]\n|switch|p1a: Cinderace|Cinderace, M|100\/100\n|move|p2a: Slowking|Surf|p1a: Cinderace\n|-supereffective|p1a: Cinderace\n|-damage|p1a: Cinderace|25\/100\n|\n|upkeep\n|turn|28\n|\n|t:|1700002196\n|move|p1a: Cinderace|Pyro Ball|p2a: Slowking\n|-damage|p2a: Slowking|0 fnt\n|faint|p2a: Slowking\n|\n|upkeep\n|\n|t:|1700002198\n|switch|p2a: Greninja|Greninja, M|100\/100\n|-damage|p2a: Greninja|84\/100|[from] Spikes\n|turn|29\n|\n|t:|1700002210\n|move|p2a: Greninja|Dark Pulse|p1a: Cinderace\n|-damage|p1a: Cinderace|0 fnt\n|faint|p1a: Cinderace\n|-ability|p2a: Greninja|Battle Bond|boost\n|-boost|p2a: Greninja|atk|1\n|-boost|p2a: Greninja|spa|1\n|-boost|p2a: Greninja|spe|1\n|-activate|p2a: Greninja|ability: Battle Bond\n|-damage|p2a: Greninja|74\/100|[from] item: Life Orb\n|\n|upkeep\n|\n|t:|1700002217\n|switch|p1a: Slowking|Slowking-Galar, M|100\/100\n|turn|30\n|\n|t:|1700002229\n|move|p2a: Greninja|Dark Pulse|p1a: Slowking\n|-supereffective|p1a: Slowking\n|-damage|p1a: Slowking|21\/100\n|-damage|p2a: Greninja|64\/100|[from] item: Life Orb\n|move|p1a: Slowking|Thunder Wave|p2a: Greninja\n|-status|p2a: Greninja|par\n|\n|upkeep\n|turn|31\n|\n|t:|1700002235\n|move|p2a: Greninja|Dark Pulse|p1a: Slowking\n|-supereffective|p1a: Slowking\n|-damage|p1a: Slowking|0 fnt\n|faint|p1a: Slowking\n|-damage|p2a: Greninja|55\/100 par|[from] item: Life Orb\n|\n|upkeep\n|\n|t:|1700002237\n|switch|p1a: Sandy Shocks|Sandy Shocks, tera:Ice|12\/100 psn\n|turn|32\n|\n|t:|1700002241\n|move|p2a: Greninja|Water Shuriken|p1a: Sandy Shocks\n|-damage|p1a: Sandy Shocks|0 fnt\n|faint|p1a: Sandy Shocks\n|-end|p1a: Sandy Shocks|Protosynthesis|[silent]\n|-hitcount|p1: Sandy Shocks|1\n|-damage|p2a: Greninja|45\/100 par|[from] item: Life Orb\n|\n|upkeep\n|\n|t:|1700002244\n|switch|p1a: Corviknight|Corviknight, M|69\/100\n|-ability|p1a: Corviknight|Pressure\n|turn|33\n|\n|t:|1700002249\n|move|p2a: Greninja|Hydro Pump|p1a: Corviknight\n|-damage|p1a: Corviknight|0 fnt\n|faint|p1a: Corviknight\n|-damage|p2a: Greninja|35\/100 par|[from] item: Life Orb\n|\n|win|Deezmcnuggetz\n|raw|PursuitPlaya's rating: 1344 &rarr; <strong>1322<\/strong><br \/>(-22 for losing)\n|raw|Deezmcnuggetz's rating: 1313 &rarr; <strong>1335<\/strong><br \/>(+22 for winning)\n|c|\u2606Deezmcnuggetz|gg\n|c|\u2606Deezmcnuggetz|wp\n|l|\u2606PursuitPlaya\n","uploadtime":1700002271,"views":26,"p1id":"pursuitplaya","p2id":"deezmcnuggetz","formatid":"gen9ou","rating":1322,"private":0,"password":""}