{"id":"gen9ou-1990779519","p1":"seakingmissile","p2":"Pumpkinsausage1","format":"[Gen 9] OU","log":"|j|\u2606seakingmissile\n|j|\u2606Pumpkinsausage1\n|t:|1700000053\n|gametype|singles\n|player|p1|seakingmissile|larry|1401\n|player|p2|Pumpkinsausage1|2|1457\n|teamsize|p1|6\n|teamsize|p2|6\n|gen|9\n|tier|[Gen 9] OU\n|rated|\n|rule|Sleep Clause Mod: Limit one foe put to sleep\n|rule|Species Clause: Limit one of each Pok\u00e9mon\n|rule|OHKO Clause: OHKO moves are banned\n|rule|Evasion Items Clause: Evasion items are banned\n|rule|Evasion Moves Clause: Evasion moves are banned\n|rule|Endless Battle Clause: Forcing endless battles is banned\n|rule|HP Percentage Mod: HP is shown in percentages\n|clearpoke\n|poke|p1|Landorus-Therian, M|\n|poke|p1|Meloetta|\n|poke|p1|Zapdos|\n|poke|p1|Cinderace, F|\n|poke|p1|Slowking-Galar, M|\n|poke|p1|Iron Valiant|\n|poke|p2|Salamence, F|\n|poke|p2|Gholdengo|\n|poke|p2|Toxapex, M|\n|poke|p2|Garganacl, F|\n|poke|p2|Great Tusk|\n|poke|p2|Iron Valiant|\n|teampreview\n|c|\u2606seakingmissile|glhf\n|inactive|Battle timer is ON: inactive players will automatically lose when time's up. (requested by seakingmissile)\n|\n|t:|1700000071\n|start\n|switch|p1a: Meloetta|Meloetta|100\/100\n|switch|p2a: Great Tusks|Garganacl, F|100\/100\n|turn|1\n|\n|t:|1700000076\n|-terastallize|p2a: Great Tusks|Fairy\n|move|p1a: Meloetta|Relic Song|p2a: Great Tusks\n|-damage|p2a: Great Tusks|74\/100\n|-formechange|p1a: Meloetta|Meloetta-Pirouette|[msg]\n|move|p2a: Great Tusks|Salt Cure|p1a: Meloetta\n|-resisted|p1a: Meloetta\n|-damage|p1a: Meloetta|93\/100\n|-start|p1a: Meloetta|Salt Cure\n|\n|-heal|p1a: Meloetta|99\/100|[from] item: Leftovers\n|-heal|p2a: Great Tusks|80\/100|[from] item: Leftovers\n|-damage|p1a: Meloetta|87\/100|[from] Salt Cure\n|upkeep\n|turn|2\n|\n|t:|1700000085\n|move|p1a: Meloetta|Swords Dance|p1a: Meloetta\n|-boost|p1a: Meloetta|atk|2\n|move|p2a: Great Tusks|Salt Cure|p1a: Meloetta\n|-resisted|p1a: Meloetta\n|-damage|p1a: Meloetta|80\/100\n|\n|-heal|p1a: Meloetta|86\/100|[from] item: Leftovers\n|-heal|p2a: Great Tusks|87\/100|[from] item: Leftovers\n|-damage|p1a: Meloetta|74\/100|[from] Salt Cure\n|upkeep\n|turn|3\n|\n|t:|1700000092\n|switch|p2a: Salamence|Salamence, F|100\/100\n|-ability|p2a: Salamence|Intimidate|boost\n|-unboost|p1a: Meloetta|atk|1\n|move|p1a: Meloetta|Play Rough|p2a: Salamence\n|-supereffective|p2a: Salamence\n|-damage|p2a: Salamence|31\/100\n|\n|-heal|p1a: Meloetta|80\/100|[from] item: Leftovers\n|-damage|p1a: Meloetta|68\/100|[from] Salt Cure\n|upkeep\n|turn|4\n|\n|t:|1700000104\n|switch|p2a: Glisscor|Gholdengo|100\/100\n|move|p1a: Meloetta|Knock Off|p2a: Glisscor\n|-supereffective|p2a: Glisscor\n|-damage|p2a: Glisscor|0 fnt\n|-enditem|p2a: Glisscor|Choice Scarf|[from] move: Knock Off|[of] p1a: Meloetta\n|faint|p2a: Glisscor\n|\n|-heal|p1a: Meloetta|74\/100|[from] item: Leftovers\n|-damage|p1a: Meloetta|62\/100|[from] Salt Cure\n|upkeep\n|\n|t:|1700000106\n|switch|p2a: Great Tusks|Garganacl, F, tera:Fairy|87\/100\n|turn|5\n|\n|t:|1700000111\n|move|p1a: Meloetta|Swords Dance|p1a: Meloetta\n|-boost|p1a: Meloetta|atk|2\n|move|p2a: Great Tusks|Stealth Rock|p1a: Meloetta\n|-sidestart|p1: seakingmissile|move: Stealth Rock\n|\n|-heal|p1a: Meloetta|68\/100|[from] item: Leftovers\n|-heal|p2a: Great Tusks|93\/100|[from] item: Leftovers\n|-damage|p1a: Meloetta|55\/100|[from] Salt Cure\n|upkeep\n|turn|6\n|\n|t:|1700000114\n|move|p2a: Great Tusks|Protect|p2a: Great Tusks\n|-singleturn|p2a: Great Tusks|Protect\n|move|p1a: Meloetta|Play Rough|p2a: Great Tusks\n|-activate|p2a: Great Tusks|move: Protect\n|\n|-heal|p1a: Meloetta|62\/100|[from] item: Leftovers\n|-heal|p2a: Great Tusks|99\/100|[from] item: Leftovers\n|-damage|p1a: Meloetta|49\/100|[from] Salt Cure\n|upkeep\n|turn|7\n|\n|t:|1700000117\n|move|p1a: Meloetta|Play Rough|p2a: Great Tusks\n|-damage|p2a: Great Tusks|58\/100\n|move|p2a: Great Tusks|Recover|p2a: Great Tusks\n|-heal|p2a: Great Tusks|100\/100\n|\n|-heal|p1a: Meloetta|55\/100|[from] item: Leftovers\n|-damage|p1a: Meloetta|43\/100|[from] Salt Cure\n|upkeep\n|turn|8\n|\n|t:|1700000121\n|move|p1a: Meloetta|Swords Dance|p1a: Meloetta\n|-boost|p1a: Meloetta|atk|2\n|move|p2a: Great Tusks|Salt Cure|p1a: Meloetta\n|-resisted|p1a: Meloetta\n|-damage|p1a: Meloetta|36\/100\n|\n|-heal|p1a: Meloetta|42\/100|[from] item: Leftovers\n|-damage|p1a: Meloetta|30\/100|[from] Salt Cure\n|upkeep\n|turn|9\n|\n|t:|1700000124\n|move|p2a: Great Tusks|Protect|p2a: Great Tusks\n|-singleturn|p2a: Great Tusks|Protect\n|move|p1a: Meloetta|Play Rough|p2a: Great Tusks\n|-activate|p2a: Great Tusks|move: Protect\n|\n|-heal|p1a: Meloetta|36\/100|[from] item: Leftovers\n|-damage|p1a: Meloetta|24\/100|[from] Salt Cure\n|upkeep\n|turn|10\n|\n|t:|1700000126\n|move|p1a: Meloetta|Play Rough|p2a: Great Tusks\n|-damage|p2a: Great Tusks|43\/100\n|-unboost|p2a: Great Tusks|atk|1\n|move|p2a: Great Tusks|Recover|p2a: Great Tusks\n|-heal|p2a: Great Tusks|93\/100\n|\n|-heal|p1a: Meloetta|30\/100|[from] item: Leftovers\n|-heal|p2a: Great Tusks|99\/100|[from] item: Leftovers\n|-damage|p1a: Meloetta|18\/100|[from] Salt Cure\n|upkeep\n|turn|11\n|\n|t:|1700000133\n|move|p1a: Meloetta|Play Rough|p2a: Great Tusks\n|-damage|p2a: Great Tusks|41\/100\n|move|p2a: Great Tusks|Salt Cure|p1a: Meloetta\n|-resisted|p1a: Meloetta\n|-damage|p1a: Meloetta|13\/100\n|\n|-heal|p1a: Meloetta|19\/100|[from] item: Leftovers\n|-heal|p2a: Great Tusks|47\/100|[from] item: Leftovers\n|-damage|p1a: Meloetta|7\/100|[from] Salt Cure\n|upkeep\n|turn|12\n|\n|t:|1700000137\n|move|p2a: Great Tusks|Protect|p2a: Great Tusks\n|-singleturn|p2a: Great Tusks|Protect\n|move|p1a: Meloetta|Play Rough|p2a: Great Tusks\n|-activate|p2a: Great Tusks|move: Protect\n|\n|-heal|p1a: Meloetta|13\/100|[from] item: Leftovers\n|-heal|p2a: Great Tusks|53\/100|[from] item: Leftovers\n|-damage|p1a: Meloetta|1\/100|[from] Salt Cure\n|upkeep\n|turn|13\n|\n|t:|1700000145\n|switch|p2a: Salamence|Salamence, F|31\/100\n|-ability|p2a: Salamence|Intimidate|boost\n|-unboost|p1a: Meloetta|atk|1\n|move|p1a: Meloetta|Play Rough|p2a: Salamence\n|-supereffective|p2a: Salamence\n|-damage|p2a: Salamence|0 fnt\n|faint|p2a: Salamence\n|\n|-heal|p1a: Meloetta|7\/100|[from] item: Leftovers\n|-damage|p1a: Meloetta|0 fnt|[from] Salt Cure\n|faint|p1a: Meloetta\n|upkeep\n|\n|t:|1700000152\n|switch|p1a: Landorus|Landorus-Therian, M|100\/100\n|switch|p2a: Great Tusks|Garganacl, F, tera:Fairy|53\/100\n|-damage|p1a: Landorus|88\/100|[from] Stealth Rock\n|-ability|p1a: Landorus|Intimidate|boost\n|-unboost|p2a: Great Tusks|atk|1\n|turn|14\n|\n|t:|1700000166\n|move|p1a: Landorus|Earthquake|p2a: Great Tusks\n|-damage|p2a: Great Tusks|27\/100\n|move|p2a: Great Tusks|Recover|p2a: Great Tusks\n|-heal|p2a: Great Tusks|77\/100\n|\n|-heal|p2a: Great Tusks|83\/100|[from] item: Leftovers\n|upkeep\n|turn|15\n|\n|t:|1700000168\n|switch|p1a: Slowking|Slowking-Galar, M|100\/100\n|move|p2a: Great Tusks|Salt Cure|p1a: Slowking\n|-damage|p1a: Slowking|91\/100\n|-start|p1a: Slowking|Salt Cure\n|\n|-heal|p2a: Great Tusks|89\/100|[from] item: Leftovers\n|-damage|p1a: Slowking|78\/100|[from] Salt Cure\n|upkeep\n|turn|16\n|\n|t:|1700000181\n|move|p2a: Great Tusks|Salt Cure|p1a: Slowking\n|-damage|p1a: Slowking|69\/100\n|move|p1a: Slowking|Future Sight|p2a: Great Tusks\n|-start|p1a: Slowking|move: Future Sight\n|\n|-heal|p2a: Great Tusks|95\/100|[from] item: Leftovers\n|-damage|p1a: Slowking|57\/100|[from] Salt Cure\n|upkeep\n|turn|17\n|\n|t:|1700000190\n|switch|p2a: Garganacal|Toxapex, M|100\/100\n|move|p1a: Slowking|Sludge Bomb|p2a: Garganacal\n|-resisted|p2a: Garganacal\n|-damage|p2a: Garganacal|91\/100\n|\n|-heal|p2a: Garganacal|97\/100|[from] item: Black Sludge\n|-damage|p1a: Slowking|44\/100|[from] Salt Cure\n|upkeep\n|turn|18\n|\n|t:|1700000194\n|move|p2a: Garganacal|Surf|p1a: Slowking\n|-damage|p1a: Slowking|33\/100\n|move|p1a: Slowking|Chilly Reception|p1a: Slowking\n|-weather|Snow\n|\n|t:|1700000200\n|switch|p1a: Zapdos|Zapdos|100\/100|[from] Chilly Reception\n|\n|-weather|Snow|[upkeep]\n|-end|p2a: Garganacal|move: Future Sight\n|-supereffective|p2a: Garganacal\n|-damage|p2a: Garganacal|41\/100\n|-heal|p2a: Garganacal|47\/100|[from] item: Black Sludge\n|upkeep\n|turn|19\n|inactive|Pumpkinsausage1 has 120 seconds left.\n|inactive|Pumpkinsausage1 has 90 seconds left.\n|inactive|Pumpkinsausage1 has 60 seconds left.\n|inactive|Pumpkinsausage1 has 30 seconds left.\n|inactive|Pumpkinsausage1 has 20 seconds left.\n|inactive|Pumpkinsausage1 has 15 seconds left.\n|inactive|Pumpkinsausage1 has 10 seconds left.\n|inactive|Pumpkinsausage1 has 5 seconds left.\n|-message|Pumpkinsausage1 lost due to inactivity.\n|\n|win|seakingmissile\n|raw|seakingmissile's rating: 1401 &rarr; <strong>1423<\/strong><br \/>(+22 for winning)\n|raw|Pumpkinsausage1's rating: 1441 &rarr; <strong>1419<\/strong><br \/>(-22 for losing)\n|c|\u2606seakingmissile|gg\n","uploadtime":1700000358,"views":12,"p1id":"seakingmissile","p2id":"pumpkinsausage1","formatid":"gen9ou","rating":1419,"private":0,"password":""}