{"id":"gen9ou-1996466312","p1":"hmsa2012","p2":"Adrian9823","format":"[Gen 9] OU","log":"|j|\u2606hmsa2012\n|j|\u2606Adrian9823\n|t:|1700684745\n|gametype|singles\n|player|p1|hmsa2012|steven|1558\n|player|p2|Adrian9823|266|1471\n|teamsize|p1|6\n|teamsize|p2|6\n|gen|9\n|tier|[Gen 9] OU\n|rated|\n|rule|Sleep Clause Mod: Limit one foe put to sleep\n|rule|Species Clause: Limit one of each Pok\u00e9mon\n|rule|OHKO Clause: OHKO moves are banned\n|rule|Evasion Items Clause: Evasion items are banned\n|rule|Evasion Moves Clause: Evasion moves are banned\n|rule|Endless Battle Clause: Forcing endless battles is banned\n|rule|HP Percentage Mod: HP is shown in percentages\n|clearpoke\n|poke|p1|Walking Wake|\n|poke|p1|Maushold-Four|\n|poke|p1|Dragonite, F|\n|poke|p1|Weezing-Galar, M|\n|poke|p1|Great Tusk|\n|poke|p1|Muk-Alola, F|\n|poke|p2|Meowscarada, M|\n|poke|p2|Gholdengo|\n|poke|p2|Iron Valiant|\n|poke|p2|Clodsire, F|\n|poke|p2|Rotom-Wash|\n|poke|p2|Great Tusk|\n|teampreview\n|inactive|Battle timer is ON: inactive players will automatically lose when time's up. (requested by Adrian9823)\n|inactive|hmsa2012 has 120 seconds left.\n|\n|t:|1700684779\n|start\n|switch|p1a: Weezing|Weezing-Galar, M|100\/100\n|switch|p2a: Meowscarada|Meowscarada, M|100\/100\n|turn|1\n|\n|t:|1700684786\n|move|p2a: Meowscarada|U-turn|p1a: Weezing\n|-start|p2a: Meowscarada|typechange|Bug|[from] ability: Protean\n|-resisted|p1a: Weezing\n|-damage|p1a: Weezing|87\/100\n|\n|t:|1700684790\n|switch|p2a: Clodsire|Clodsire, F|100\/100|[from] U-turn\n|move|p1a: Weezing|Strange Steam|p2a: Clodsire\n|-resisted|p2a: Clodsire\n|-crit|p2a: Clodsire\n|-damage|p2a: Clodsire|80\/100\n|-start|p2a: Clodsire|confusion\n|\n|-heal|p2a: Clodsire|86\/100|[from] item: Leftovers\n|upkeep\n|turn|2\n|\n|t:|1700684801\n|switch|p1a: Great Tusk|Great Tusk|100\/100\n|-activate|p2a: Clodsire|confusion\n|move|p2a: Clodsire|Stealth Rock|p1a: Great Tusk\n|-sidestart|p1: hmsa2012|move: Stealth Rock\n|\n|-heal|p2a: Clodsire|92\/100|[from] item: Leftovers\n|upkeep\n|turn|3\n|\n|t:|1700684806\n|switch|p2a: Rotom|Rotom-Wash|100\/100\n|move|p1a: Great Tusk|Stealth Rock|p2a: Rotom\n|-sidestart|p2: Adrian9823|move: Stealth Rock\n|\n|upkeep\n|turn|4\n|\n|t:|1700684821\n|move|p1a: Great Tusk|Rapid Spin|p2a: Rotom\n|-damage|p2a: Rotom|89\/100\n|-boost|p1a: Great Tusk|spe|1\n|-sideend|p1: hmsa2012|Stealth Rock|[from] move: Rapid Spin|[of] p1a: Great Tusk\n|move|p2a: Rotom|Hydro Pump|p1a: Great Tusk\n|-supereffective|p1a: Great Tusk\n|-damage|p1a: Great Tusk|4\/100\n|\n|-heal|p2a: Rotom|95\/100|[from] item: Leftovers\n|upkeep\n|turn|5\n|\n|t:|1700684830\n|-end|p1a: Great Tusk|Protosynthesis|[silent]\n|switch|p1a: Muk|Muk-Alola, F|100\/100\n|move|p2a: Rotom|Volt Switch|p1a: Muk\n|-crit|p1a: Muk\n|-damage|p1a: Muk|78\/100\n|\n|t:|1700684833\n|switch|p2a: Great Tusk|Great Tusk|100\/100|[from] Volt Switch\n|\n|-heal|p1a: Muk|84\/100|[from] item: Black Sludge\n|upkeep\n|turn|6\n|\n|t:|1700684835\n|move|p2a: Great Tusk|Rapid Spin|p1a: Muk\n|-damage|p1a: Muk|64\/100\n|-boost|p2a: Great Tusk|spe|1\n|-sideend|p2: Adrian9823|Stealth Rock|[from] move: Rapid Spin|[of] p2a: Great Tusk\n|move|p1a: Muk|Poison Jab|p2a: Great Tusk\n|-resisted|p2a: Great Tusk\n|-damage|p2a: Great Tusk|90\/100\n|-status|p2a: Great Tusk|psn\n|\n|-heal|p1a: Muk|70\/100|[from] item: Black Sludge\n|-damage|p2a: Great Tusk|78\/100 psn|[from] psn\n|upkeep\n|turn|7\n|\n|t:|1700684846\n|move|p1a: Muk|Protect|p1a: Muk\n|-singleturn|p1a: Muk|Protect\n|move|p2a: Great Tusk|Headlong Rush|p1a: Muk\n|-activate|p1a: Muk|move: Protect\n|\n|-heal|p1a: Muk|76\/100|[from] item: Black Sludge\n|-damage|p2a: Great Tusk|65\/100 psn|[from] psn\n|upkeep\n|turn|8\n|\n|t:|1700684855\n|switch|p1a: Great Tusk|Great Tusk|4\/100\n|move|p2a: Great Tusk|Ice Spinner|p1a: Great Tusk\n|-supereffective|p1a: Great Tusk\n|-damage|p1a: Great Tusk|0 fnt\n|-damage|p2a: Great Tusk|49\/100 psn|[from] item: Rocky Helmet|[of] p1a: Great Tusk\n|faint|p1a: Great Tusk\n|-end|p1a: Great Tusk|Protosynthesis|[silent]\n|\n|-damage|p2a: Great Tusk|36\/100 psn|[from] psn\n|upkeep\n|\n|t:|1700684868\n|switch|p1a: Walking Wake|Walking Wake|100\/100\n|turn|9\n|\n|t:|1700684872\n|-end|p2a: Great Tusk|Protosynthesis|[silent]\n|switch|p2a: Clodsire|Clodsire, F|92\/100\n|move|p1a: Walking Wake|Flip Turn|p2a: Clodsire\n|-heal|p2a: Clodsire|100\/100|[from] ability: Water Absorb|[of] p1a: Walking Wake\n|\n|upkeep\n|turn|10\n|\n|t:|1700684879\n|-end|p1a: Walking Wake|Protosynthesis|[silent]\n|switch|p1a: Maushold|Maushold-Four|100\/100\n|move|p2a: Clodsire|Stealth Rock|p1a: Maushold\n|-sidestart|p1: hmsa2012|move: Stealth Rock\n|\n|upkeep\n|turn|11\n|\n|t:|1700684887\n|move|p1a: Maushold|Encore|p2a: Clodsire\n|-start|p2a: Clodsire|Encore\n|move|p2a: Clodsire|Stealth Rock||[still]\n|-fail|p2a: Clodsire\n|\n|upkeep\n|turn|12\n|\n|t:|1700684899\n|switch|p2a: Iron Valiant|Iron Valiant|100\/100\n|-enditem|p2a: Iron Valiant|Booster Energy\n|-activate|p2a: Iron Valiant|ability: Quark Drive|[fromitem]\n|-start|p2a: Iron Valiant|quarkdrivespe\n|move|p1a: Maushold|Tidy Up|p1a: Maushold\n|-sideend|p1: hmsa2012|Stealth Rock\n|-activate|p1a: Maushold|move: Tidy Up\n|-boost|p1a: Maushold|atk|1\n|-boost|p1a: Maushold|spe|1\n|\n|upkeep\n|turn|13\n|\n|t:|1700684914\n|switch|p1a: Muk|Muk-Alola, F|76\/100\n|move|p2a: Iron Valiant|Close Combat|p1a: Muk\n|-damage|p1a: Muk|11\/100\n|-unboost|p2a: Iron Valiant|def|1\n|-unboost|p2a: Iron Valiant|spd|1\n|\n|-heal|p1a: Muk|17\/100|[from] item: Black Sludge\n|upkeep\n|turn|14\n|\n|t:|1700684921\n|switch|p1a: Weezing|Weezing-Galar, M|87\/100\n|move|p2a: Iron Valiant|Close Combat|p1a: Weezing\n|-resisted|p1a: Weezing\n|-damage|p1a: Weezing|71\/100\n|-unboost|p2a: Iron Valiant|def|1\n|-unboost|p2a: Iron Valiant|spd|1\n|\n|upkeep\n|turn|15\n|\n|t:|1700684928\n|-end|p2a: Iron Valiant|Quark Drive|[silent]\n|switch|p2a: Clodsire|Clodsire, F|100\/100\n|move|p1a: Weezing|Strange Steam|p2a: Clodsire\n|-resisted|p2a: Clodsire\n|-damage|p2a: Clodsire|85\/100\n|\n|-heal|p2a: Clodsire|92\/100|[from] item: Leftovers\n|upkeep\n|turn|16\n|\n|t:|1700684936\n|switch|p1a: Maushold|Maushold-Four|100\/100\n|move|p2a: Clodsire|Stealth Rock|p1a: Maushold\n|-sidestart|p1: hmsa2012|move: Stealth Rock\n|\n|-heal|p2a: Clodsire|98\/100|[from] item: Leftovers\n|upkeep\n|turn|17\n|\n|t:|1700684941\n|move|p1a: Maushold|Tidy Up|p1a: Maushold\n|-sideend|p1: hmsa2012|Stealth Rock\n|-activate|p1a: Maushold|move: Tidy Up\n|-boost|p1a: Maushold|atk|1\n|-boost|p1a: Maushold|spe|1\n|move|p2a: Clodsire|Earthquake|p1a: Maushold\n|-damage|p1a: Maushold|55\/100\n|\n|-heal|p2a: Clodsire|100\/100|[from] item: Leftovers\n|upkeep\n|turn|18\n|\n|t:|1700684945\n|move|p1a: Maushold|Population Bomb|p2a: Clodsire\n|-damage|p2a: Clodsire|82\/100\n|-crit|p2a: Clodsire\n|-damage|p2a: Clodsire|53\/100\n|-damage|p2a: Clodsire|35\/100\n|-damage|p2a: Clodsire|18\/100\n|-damage|p2a: Clodsire|1\/100\n|-damage|p2a: Clodsire|0 fnt\n|faint|p2a: Clodsire\n|-hitcount|p2: Clodsire|6\n|\n|upkeep\n|\n|t:|1700684947\n|switch|p2a: Gholdengo|Gholdengo|100\/100\n|turn|19\n|\n|t:|1700684967\n|-terastallize|p1a: Maushold|Steel\n|move|p1a: Maushold|Bite|p2a: Gholdengo\n|-supereffective|p2a: Gholdengo\n|-damage|p2a: Gholdengo|20\/100\n|move|p2a: Gholdengo|Make It Rain|p1a: Maushold\n|-resisted|p1a: Maushold\n|-damage|p1a: Maushold|7\/100\n|-unboost|p2a: Gholdengo|spa|1\n|\n|upkeep\n|turn|20\n|\n|t:|1700684977\n|move|p1a: Maushold|Bite|p2a: Gholdengo\n|-supereffective|p2a: Gholdengo\n|-damage|p2a: Gholdengo|0 fnt\n|faint|p2a: Gholdengo\n|\n|upkeep\n|\n|t:|1700684979\n|switch|p2a: Meowscarada|Meowscarada, M|100\/100\n|turn|21\n|\n|t:|1700684982\n|move|p2a: Meowscarada|Sucker Punch||[still]\n|-fail|p2a: Meowscarada\n|move|p1a: Maushold|Tidy Up|p1a: Maushold\n|-boost|p1a: Maushold|atk|1\n|-boost|p1a: Maushold|spe|1\n|\n|upkeep\n|turn|22\n|\n|t:|1700684984\n|move|p2a: Meowscarada|Sucker Punch||[still]\n|-fail|p2a: Meowscarada\n|move|p1a: Maushold|Encore|p2a: Meowscarada\n|-start|p2a: Meowscarada|Encore\n|\n|upkeep\n|turn|23\n|\n|t:|1700684989\n|switch|p2a: Rotom|Rotom-Wash|95\/100\n|move|p1a: Maushold|Tidy Up|p1a: Maushold\n|-boost|p1a: Maushold|atk|1\n|-boost|p1a: Maushold|spe|1\n|\n|-heal|p2a: Rotom|100\/100|[from] item: Leftovers\n|upkeep\n|turn|24\n|\n|t:|1700684991\n|move|p2a: Rotom|Protect|p2a: Rotom\n|-singleturn|p2a: Rotom|Protect\n|move|p1a: Maushold|Population Bomb|p2a: Rotom\n|-activate|p2a: Rotom|move: Protect\n|\n|upkeep\n|turn|25\n|\n|t:|1700684994\n|move|p1a: Maushold|Population Bomb|p2a: Rotom\n|-crit|p2a: Rotom\n|-damage|p2a: Rotom|70\/100\n|-damage|p2a: Rotom|50\/100\n|-damage|p2a: Rotom|29\/100\n|-damage|p2a: Rotom|6\/100\n|-damage|p2a: Rotom|0 fnt\n|faint|p2a: Rotom\n|-hitcount|p2: Rotom|5\n|\n|upkeep\n|\n|t:|1700684996\n|switch|p2a: Meowscarada|Meowscarada, M|100\/100\n|turn|26\n|\n|t:|1700685006\n|move|p1a: Maushold|Encore||[still]\n|-fail|p1a: Maushold\n|move|p2a: Meowscarada|Knock Off|p1a: Maushold\n|-start|p2a: Meowscarada|typechange|Dark|[from] ability: Protean\n|-damage|p1a: Maushold|0 fnt\n|-enditem|p1a: Maushold|Wide Lens|[from] move: Knock Off|[of] p2a: Meowscarada\n|faint|p1a: Maushold\n|\n|upkeep\n|\n|t:|1700685017\n|switch|p1a: Weezing|Weezing-Galar, M|71\/100\n|turn|27\n|\n|t:|1700685029\n|switch|p2a: Great Tusk|Great Tusk|36\/100 psn\n|move|p1a: Weezing|Sludge Bomb|p2a: Great Tusk\n|-resisted|p2a: Great Tusk\n|-damage|p2a: Great Tusk|0 fnt\n|faint|p2a: Great Tusk\n|-end|p2a: Great Tusk|Protosynthesis|[silent]\n|\n|upkeep\n|\n|t:|1700685032\n|switch|p2a: Iron Valiant|Iron Valiant|100\/100\n|turn|28\n|\n|t:|1700685039\n|switch|p1a: Muk|Muk-Alola, F|17\/100\n|move|p2a: Iron Valiant|Swords Dance|p2a: Iron Valiant\n|-boost|p2a: Iron Valiant|atk|2\n|\n|-heal|p1a: Muk|24\/100|[from] item: Black Sludge\n|upkeep\n|turn|29\n|\n|t:|1700685044\n|move|p2a: Iron Valiant|Knock Off|p1a: Muk\n|-resisted|p1a: Muk\n|-damage|p1a: Muk|0 fnt\n|-enditem|p1a: Muk|Black Sludge|[from] move: Knock Off|[of] p2a: Iron Valiant\n|faint|p1a: Muk\n|\n|upkeep\n|\n|t:|1700685046\n|switch|p1a: Walking Wake|Walking Wake|100\/100\n|turn|30\n|\n|t:|1700685065\n|move|p1a: Walking Wake|Hydro Steam|p2a: Iron Valiant\n|-damage|p2a: Iron Valiant|24\/100\n|move|p2a: Iron Valiant|Knock Off|p1a: Walking Wake\n|-damage|p1a: Walking Wake|30\/100\n|-enditem|p1a: Walking Wake|Choice Scarf|[from] move: Knock Off|[of] p2a: Iron Valiant\n|\n|upkeep\n|turn|31\n|\n|t:|1700685072\n|move|p2a: Iron Valiant|Knock Off|p1a: Walking Wake\n|-damage|p1a: Walking Wake|0 fnt\n|faint|p1a: Walking Wake\n|-end|p1a: Walking Wake|Protosynthesis|[silent]\n|\n|upkeep\n|\n|t:|1700685073\n|switch|p1a: Dragonite|Dragonite, F|100\/100\n|turn|32\n|\n|t:|1700685077\n|move|p1a: Dragonite|Extreme Speed|p2a: Iron Valiant\n|-damage|p2a: Iron Valiant|0 fnt\n|faint|p2a: Iron Valiant\n|-end|p2a: Iron Valiant|Quark Drive|[silent]\n|\n|upkeep\n|\n|t:|1700685078\n|switch|p2a: Meowscarada|Meowscarada, M|100\/100\n|turn|33\n|\n|t:|1700685080\n|move|p1a: Dragonite|Extreme Speed|p2a: Meowscarada\n|-damage|p2a: Meowscarada|25\/100\n|move|p2a: Meowscarada|Knock Off|p1a: Dragonite\n|-start|p2a: Meowscarada|typechange|Dark|[from] ability: Protean\n|-damage|p1a: Dragonite|65\/100\n|-enditem|p1a: Dragonite|Choice Band|[from] move: Knock Off|[of] p2a: Meowscarada\n|\n|upkeep\n|turn|34\n|-message|Adrian9823 forfeited.\n|\n|win|hmsa2012\n|raw|hmsa2012's rating: 1558 &rarr; <strong>1573<\/strong><br \/>(+15 for winning)\n|raw|Adrian9823's rating: 1471 &rarr; <strong>1456<\/strong><br \/>(-15 for losing)\n|l|\u2606Adrian9823\n","uploadtime":1700685094,"views":0,"p1id":"hmsa2012","p2id":"adrian9823","formatid":"gen9ou","rating":1456,"private":0,"password":""}