{"id":"gen9ou-1988630160","p1":"PureVessel00","p2":"Winterbub","format":"[Gen 9] OU","log":"|j|\u2606PureVessel00\n|j|\u2606Winterbub\n|t:|1699743932\n|gametype|singles\n|player|p1|PureVessel00|pokemaniac|1369\n|player|p2|Winterbub|cynthia|1393\n|teamsize|p1|6\n|teamsize|p2|6\n|gen|9\n|tier|[Gen 9] OU\n|rated|\n|rule|Sleep Clause Mod: Limit one foe put to sleep\n|rule|Species Clause: Limit one of each Pok\u00e9mon\n|rule|OHKO Clause: OHKO moves are banned\n|rule|Evasion Items Clause: Evasion items are banned\n|rule|Evasion Moves Clause: Evasion moves are banned\n|rule|Endless Battle Clause: Forcing endless battles is banned\n|rule|HP Percentage Mod: HP is shown in percentages\n|clearpoke\n|poke|p1|Dragapult, M|\n|poke|p1|Skeledirge, F|\n|poke|p1|Mandibuzz, F|\n|poke|p1|Weezing-Galar, M|\n|poke|p1|Milotic, F|\n|poke|p1|Gliscor, M|\n|poke|p2|Glimmora, F|\n|poke|p2|Greninja-*, M|\n|poke|p2|Iron Valiant|\n|poke|p2|Dragonite, F|\n|poke|p2|Kingambit, F|\n|poke|p2|Iron Moth|\n|teampreview\n|inactive|Battle timer is ON: inactive players will automatically lose when time's up. (requested by Winterbub)\n|\n|t:|1699743951\n|start\n|switch|p1a: Milotic|Milotic, F|100\/100\n|switch|p2a: Glimmora|Glimmora, F|100\/100\n|turn|1\n|\n|t:|1699743958\n|move|p2a: Glimmora|Mortal Spin|p1a: Milotic\n|-damage|p1a: Milotic|93\/100\n|-status|p1a: Milotic|psn\n|move|p1a: Milotic|Scald|p2a: Glimmora\n|-supereffective|p2a: Glimmora\n|-damage|p2a: Glimmora|18\/100\n|\n|-damage|p1a: Milotic|81\/100 psn|[from] psn\n|upkeep\n|turn|2\n|\n|t:|1699743971\n|move|p2a: Glimmora|Stealth Rock|p1a: Milotic\n|-sidestart|p1: PureVessel00|move: Stealth Rock\n|move|p1a: Milotic|Scald|p2a: Glimmora\n|-supereffective|p2a: Glimmora\n|-damage|p2a: Glimmora|0 fnt\n|faint|p2a: Glimmora\n|\n|-damage|p1a: Milotic|68\/100 psn|[from] psn\n|upkeep\n|\n|t:|1699743979\n|switch|p2a: Iron Moth|Iron Moth|100\/100\n|-enditem|p2a: Iron Moth|Booster Energy\n|-activate|p2a: Iron Moth|ability: Quark Drive|[fromitem]\n|-start|p2a: Iron Moth|quarkdrivespa\n|turn|3\n|\n|t:|1699743989\n|move|p2a: Iron Moth|Energy Ball|p1a: Milotic\n|-supereffective|p1a: Milotic\n|-damage|p1a: Milotic|19\/100 psn\n|-unboost|p1a: Milotic|spd|1\n|move|p1a: Milotic|Recover|p1a: Milotic\n|-heal|p1a: Milotic|69\/100 psn\n|\n|-damage|p1a: Milotic|57\/100 psn|[from] psn\n|upkeep\n|turn|4\n|inactive|PureVessel00 has 120 seconds left.\n|\n|t:|1699744025\n|switch|p1a: Dragapult|Dragapult, M|100\/100\n|-damage|p1a: Dragapult|88\/100|[from] Stealth Rock\n|move|p2a: Iron Moth|Sludge Wave|p1a: Dragapult\n|-resisted|p1a: Dragapult\n|-damage|p1a: Dragapult|43\/100\n|\n|upkeep\n|turn|5\n|inactive|PureVessel00 has 120 seconds left.\n|\n|t:|1699744039\n|-end|p2a: Iron Moth|Quark Drive|[silent]\n|switch|p2a: Kingambit|Kingambit, F|100\/100\n|-activate|p2a: Kingambit|ability: Supreme Overlord\n|-start|p2a: Kingambit|fallen1|[silent]\n|-item|p2a: Kingambit|Air Balloon\n|move|p1a: Dragapult|Draco Meteor|p2a: Kingambit\n|-resisted|p2a: Kingambit\n|-damage|p2a: Kingambit|57\/100\n|-unboost|p1a: Dragapult|spa|2\n|-enditem|p2a: Kingambit|Air Balloon\n|\n|upkeep\n|turn|6\n|inactive|PureVessel00 has 120 seconds left.\n|\n|t:|1699744050\n|switch|p1a: Weezing|Weezing-Galar, M|100\/100\n|-ability|p1a: Weezing|Neutralizing Gas\n|-damage|p1a: Weezing|88\/100|[from] Stealth Rock\n|-end|p2a: Kingambit|fallen1|[silent]\n|switch|p2a: Greninja|Greninja, M|100\/100\n|\n|-heal|p1a: Weezing|94\/100|[from] item: Leftovers\n|upkeep\n|turn|7\n|inactive|PureVessel00 has 120 seconds left.\n|\n|t:|1699744060\n|move|p2a: Greninja|Surf|p1a: Weezing\n|-damage|p1a: Weezing|25\/100\n|-damage|p2a: Greninja|91\/100|[from] item: Life Orb\n|move|p1a: Weezing|Defog|p2a: Greninja\n|-unboost|p2a: Greninja|evasion|1\n|-sideend|p1: PureVessel00|Stealth Rock|[from] move: Defog|[of] p1a: Weezing\n|\n|-heal|p1a: Weezing|31\/100|[from] item: Leftovers\n|upkeep\n|turn|8\n|inactive|PureVessel00 has 120 seconds left.\n|\n|t:|1699744073\n|-end|p1a: Weezing|ability: Neutralizing Gas\n|switch|p1a: Milotic|Milotic, F|57\/100 psn\n|move|p2a: Greninja|Surf|p1a: Milotic\n|-resisted|p1a: Milotic\n|-damage|p1a: Milotic|41\/100 psn\n|-damage|p2a: Greninja|81\/100|[from] item: Life Orb\n|\n|-damage|p1a: Milotic|29\/100 psn|[from] psn\n|upkeep\n|turn|9\n|inactive|PureVessel00 has 120 seconds left.\n|\n|t:|1699744081\n|move|p2a: Greninja|Dark Pulse|p1a: Milotic\n|-damage|p1a: Milotic|1\/100 psn\n|-damage|p2a: Greninja|71\/100|[from] item: Life Orb\n|move|p1a: Milotic|Recover|p1a: Milotic\n|-heal|p1a: Milotic|51\/100 psn\n|\n|-damage|p1a: Milotic|39\/100 psn|[from] psn\n|upkeep\n|turn|10\n|inactive|PureVessel00 has 120 seconds left.\n|\n|t:|1699744095\n|move|p2a: Greninja|Dark Pulse|p1a: Milotic\n|-damage|p1a: Milotic|11\/100 psn\n|-damage|p2a: Greninja|61\/100|[from] item: Life Orb\n|move|p1a: Milotic|Mirror Coat|p2a: Greninja\n|-immune|p2a: Greninja\n|\n|-damage|p1a: Milotic|0 fnt|[from] psn\n|faint|p1a: Milotic\n|upkeep\n|inactive|PureVessel00 has 120 seconds left.\n|\n|t:|1699744108\n|switch|p1a: Dragapult|Dragapult, M|43\/100\n|turn|11\n|inactive|PureVessel00 has 120 seconds left.\n|\n|t:|1699744119\n|switch|p2a: Kingambit|Kingambit, F|57\/100\n|-activate|p2a: Kingambit|ability: Supreme Overlord\n|-start|p2a: Kingambit|fallen1|[silent]\n|-terastallize|p1a: Dragapult|Ghost\n|move|p1a: Dragapult|Shadow Ball|p2a: Kingambit\n|-resisted|p2a: Kingambit\n|-damage|p2a: Kingambit|21\/100\n|\n|upkeep\n|turn|12\n|inactive|PureVessel00 has 120 seconds left.\n|\n|t:|1699744135\n|switch|p1a: Gliscor|Gliscor, M|100\/100\n|move|p2a: Kingambit|Iron Head|p1a: Gliscor\n|-damage|p1a: Gliscor|61\/100\n|\n|-status|p1a: Gliscor|tox|[from] item: Toxic Orb\n|upkeep\n|turn|13\n|\n|t:|1699744154\n|move|p1a: Gliscor|Protect|p1a: Gliscor\n|-singleturn|p1a: Gliscor|Protect\n|move|p2a: Kingambit|Swords Dance|p2a: Kingambit\n|-boost|p2a: Kingambit|atk|2\n|\n|-heal|p1a: Gliscor|74\/100 tox|[from] ability: Poison Heal\n|upkeep\n|turn|14\n|\n|t:|1699744167\n|switch|p1a: Weezing|Weezing-Galar, M|31\/100\n|-ability|p1a: Weezing|Neutralizing Gas\n|move|p2a: Kingambit|Sucker Punch||[still]\n|-fail|p2a: Kingambit\n|\n|-heal|p1a: Weezing|37\/100|[from] item: Leftovers\n|upkeep\n|turn|15\n|\n|t:|1699744178\n|move|p1a: Weezing|Will-O-Wisp|p2a: Kingambit|[miss]\n|-miss|p1a: Weezing|p2a: Kingambit\n|move|p2a: Kingambit|Iron Head|p1a: Weezing\n|-supereffective|p1a: Weezing\n|-damage|p1a: Weezing|0 fnt\n|faint|p1a: Weezing\n|-end|p1a: Weezing|ability: Neutralizing Gas\n|-activate|p2a: Kingambit|ability: Supreme Overlord\n|-start|p2a: Kingambit|fallen1|[silent]\n|\n|upkeep\n|\n|t:|1699744187\n|switch|p1a: Mandibuzz|Mandibuzz, F|100\/100\n|turn|16\n|\n|t:|1699744191\n|move|p1a: Mandibuzz|Foul Play|p2a: Kingambit\n|-resisted|p2a: Kingambit\n|-damage|p2a: Kingambit|0 fnt\n|faint|p2a: Kingambit\n|-end|p2a: Kingambit|fallen1|[silent]\n|\n|upkeep\n|\n|t:|1699744195\n|switch|p2a: Iron Valiant|Iron Valiant|100\/100\n|-enditem|p2a: Iron Valiant|Booster Energy\n|-activate|p2a: Iron Valiant|ability: Quark Drive|[fromitem]\n|-start|p2a: Iron Valiant|quarkdrivespe\n|turn|17\n|\n|t:|1699744204\n|switch|p1a: Skeledirge|Skeledirge, F|100\/100\n|move|p2a: Iron Valiant|Encore||[still]\n|-fail|p2a: Iron Valiant\n|\n|upkeep\n|turn|18\n|\n|t:|1699744213\n|-end|p2a: Iron Valiant|Quark Drive|[silent]\n|switch|p2a: Greninja|Greninja, M|61\/100\n|move|p1a: Skeledirge|Torch Song|p2a: Greninja\n|-resisted|p2a: Greninja\n|-damage|p2a: Greninja|39\/100\n|-boost|p1a: Skeledirge|spa|1\n|\n|upkeep\n|turn|19\n|inactive|PureVessel00 has 120 seconds left.\n|\n|t:|1699744246\n|switch|p1a: Mandibuzz|Mandibuzz, F|100\/100\n|move|p2a: Greninja|Surf|p1a: Mandibuzz\n|-damage|p1a: Mandibuzz|59\/100\n|-damage|p2a: Greninja|30\/100|[from] item: Life Orb\n|\n|upkeep\n|turn|20\n|\n|t:|1699744256\n|move|p2a: Greninja|Surf|p1a: Mandibuzz\n|-damage|p1a: Mandibuzz|16\/100\n|-damage|p2a: Greninja|20\/100|[from] item: Life Orb\n|move|p1a: Mandibuzz|Roost|p1a: Mandibuzz\n|-heal|p1a: Mandibuzz|66\/100\n|-singleturn|p1a: Mandibuzz|move: Roost\n|\n|upkeep\n|turn|21\n|\n|t:|1699744266\n|switch|p2a: Iron Valiant|Iron Valiant|100\/100\n|move|p1a: Mandibuzz|Roost|p1a: Mandibuzz\n|-heal|p1a: Mandibuzz|100\/100\n|-singleturn|p1a: Mandibuzz|move: Roost\n|\n|upkeep\n|turn|22\n|inactive|PureVessel00 has 120 seconds left.\n|\n|t:|1699744278\n|move|p2a: Iron Valiant|Shadow Ball|p1a: Mandibuzz\n|-resisted|p1a: Mandibuzz\n|-damage|p1a: Mandibuzz|89\/100\n|move|p1a: Mandibuzz|Toxic|p2a: Iron Valiant\n|-status|p2a: Iron Valiant|tox\n|\n|-damage|p2a: Iron Valiant|94\/100 tox|[from] psn\n|upkeep\n|turn|23\n|inactive|PureVessel00 has 120 seconds left.\n|\n|t:|1699744296\n|switch|p1a: Skeledirge|Skeledirge, F|100\/100\n|move|p2a: Iron Valiant|Moonblast|p1a: Skeledirge\n|-resisted|p1a: Skeledirge\n|-damage|p1a: Skeledirge|82\/100\n|-unboost|p1a: Skeledirge|spa|1\n|\n|-damage|p2a: Iron Valiant|82\/100 tox|[from] psn\n|upkeep\n|turn|24\n|\n|t:|1699744306\n|move|p2a: Iron Valiant|Shadow Ball|p1a: Skeledirge\n|-supereffective|p1a: Skeledirge\n|-damage|p1a: Skeledirge|42\/100\n|-unboost|p1a: Skeledirge|spd|1\n|move|p1a: Skeledirge|Hex|p2a: Iron Valiant\n|-damage|p2a: Iron Valiant|19\/100 tox\n|\n|-damage|p2a: Iron Valiant|0 fnt|[from] psn\n|faint|p2a: Iron Valiant\n|-end|p2a: Iron Valiant|Quark Drive|[silent]\n|upkeep\n|\n|t:|1699744315\n|switch|p2a: Greninja|Greninja, M|20\/100\n|turn|25\n|\n|t:|1699744321\n|switch|p1a: Mandibuzz|Mandibuzz, F|89\/100\n|move|p2a: Greninja|Surf|p1a: Mandibuzz\n|-damage|p1a: Mandibuzz|44\/100\n|-damage|p2a: Greninja|10\/100|[from] item: Life Orb\n|\n|upkeep\n|turn|26\n|\n|t:|1699744331\n|move|p2a: Greninja|Surf|p1a: Mandibuzz\n|-damage|p1a: Mandibuzz|0 fnt\n|faint|p1a: Mandibuzz\n|-ability|p2a: Greninja|Battle Bond|boost\n|-boost|p2a: Greninja|atk|1\n|-boost|p2a: Greninja|spa|1\n|-boost|p2a: Greninja|spe|1\n|-activate|p2a: Greninja|ability: Battle Bond\n|-damage|p2a: Greninja|0 fnt|[from] item: Life Orb\n|faint|p2a: Greninja\n|\n|upkeep\n|\n|t:|1699744344\n|switch|p2a: Iron Moth|Iron Moth|100\/100\n|switch|p1a: Dragapult|Dragapult, M, tera:Ghost|43\/100\n|turn|27\n|\n|t:|1699744353\n|move|p1a: Dragapult|Draco Meteor|p2a: Iron Moth\n|-damage|p2a: Iron Moth|12\/100\n|-unboost|p1a: Dragapult|spa|2\n|move|p2a: Iron Moth|Sludge Wave|p1a: Dragapult\n|-resisted|p1a: Dragapult\n|-damage|p1a: Dragapult|5\/100\n|\n|upkeep\n|turn|28\n|\n|t:|1699744361\n|move|p1a: Dragapult|Draco Meteor|p2a: Iron Moth\n|-damage|p2a: Iron Moth|0 fnt\n|-unboost|p1a: Dragapult|spa|2\n|faint|p2a: Iron Moth\n|-end|p2a: Iron Moth|Quark Drive|[silent]\n|\n|upkeep\n|\n|t:|1699744362\n|switch|p2a: Dragonite|Dragonite, F|100\/100\n|turn|29\n|\n|t:|1699744374\n|switch|p1a: Skeledirge|Skeledirge, F|42\/100\n|-terastallize|p2a: Dragonite|Normal\n|move|p2a: Dragonite|Dragon Dance|p2a: Dragonite\n|-boost|p2a: Dragonite|atk|1\n|-boost|p2a: Dragonite|spe|1\n|\n|upkeep\n|turn|30\n|\n|t:|1699744383\n|move|p2a: Dragonite|Earthquake|p1a: Skeledirge\n|-supereffective|p1a: Skeledirge\n|-damage|p1a: Skeledirge|0 fnt\n|faint|p1a: Skeledirge\n|\n|upkeep\n|\n|t:|1699744392\n|switch|p1a: Gliscor|Gliscor, M|74\/100 tox\n|turn|31\n|\n|t:|1699744397\n|move|p2a: Dragonite|Dragon Dance|p2a: Dragonite\n|-boost|p2a: Dragonite|atk|1\n|-boost|p2a: Dragonite|spe|1\n|move|p1a: Gliscor|Knock Off|p2a: Dragonite\n|-damage|p2a: Dragonite|88\/100\n|-enditem|p2a: Dragonite|Heavy-Duty Boots|[from] move: Knock Off|[of] p1a: Gliscor\n|\n|-heal|p1a: Gliscor|86\/100 tox|[from] ability: Poison Heal\n|upkeep\n|turn|32\n|\n|t:|1699744408\n|move|p2a: Dragonite|Dragon Dance|p2a: Dragonite\n|-boost|p2a: Dragonite|atk|1\n|-boost|p2a: Dragonite|spe|1\n|move|p1a: Gliscor|U-turn|p2a: Dragonite\n|-damage|p2a: Dragonite|70\/100\n|\n|t:|1699744413\n|switch|p1a: Dragapult|Dragapult, M, tera:Ghost|5\/100|[from] U-turn\n|\n|upkeep\n|turn|33\n|\n|t:|1699744417\n|move|p2a: Dragonite|Earthquake|p1a: Dragapult\n|-damage|p1a: Dragapult|0 fnt\n|faint|p1a: Dragapult\n|\n|upkeep\n|-message|PureVessel00 forfeited.\n|\n|win|Winterbub\n|raw|PureVessel00's rating: 1369 &rarr; <strong>1350<\/strong><br \/>(-19 for losing)\n|raw|Winterbub's rating: 1393 &rarr; <strong>1412<\/strong><br \/>(+19 for winning)\n|l|\u2606PureVessel00\n","uploadtime":1699744434,"views":13,"p1id":"purevessel00","p2id":"winterbub","formatid":"gen9ou","rating":1350,"private":0,"password":""}