{"id":"gen9ou-1993510891","p1":"ArtNo04","p2":"moth squad1728183","format":"[Gen 9] OU","log":"|j|\u2606ArtNo04\n|j|\u2606moth squad1728183\n|t:|1700326430\n|gametype|singles\n|player|p1|ArtNo04|workerice|1217\n|player|p2|moth squad1728183|265|1146\n|teamsize|p1|6\n|teamsize|p2|6\n|gen|9\n|tier|[Gen 9] OU\n|rated|\n|rule|Sleep Clause Mod: Limit one foe put to sleep\n|rule|Species Clause: Limit one of each Pok\u00e9mon\n|rule|OHKO Clause: OHKO moves are banned\n|rule|Evasion Items Clause: Evasion items are banned\n|rule|Evasion Moves Clause: Evasion moves are banned\n|rule|Endless Battle Clause: Forcing endless battles is banned\n|rule|HP Percentage Mod: HP is shown in percentages\n|clearpoke\n|poke|p1|Gholdengo|\n|poke|p1|Ninetales-Alola, F|\n|poke|p1|Glimmora, F|\n|poke|p1|Scizor, M|\n|poke|p1|Ogerpon-Wellspring, F|\n|poke|p1|Kingambit, M|\n|poke|p2|Torkoal, F|\n|poke|p2|Hatterene, F|\n|poke|p2|Slither Wing|\n|poke|p2|Slowking-Galar, M|\n|poke|p2|Ursaluna, F|\n|poke|p2|Great Tusk|\n|teampreview\n|inactive|Battle timer is ON: inactive players will automatically lose when time's up. (requested by moth squad1728183)\n|\n|t:|1700326446\n|start\n|switch|p1a: Glimmora|Glimmora, F|100\/100\n|switch|p2a: \ud83d\ude10\ud83d\ude11|Slowking-Galar, M|100\/100\n|turn|1\n|\n|t:|1700326452\n|move|p1a: Glimmora|Earth Power|p2a: \ud83d\ude10\ud83d\ude11\n|-supereffective|p2a: \ud83d\ude10\ud83d\ude11\n|-damage|p2a: \ud83d\ude10\ud83d\ude11|62\/100\n|move|p2a: \ud83d\ude10\ud83d\ude11|Sludge Bomb|p1a: Glimmora\n|-resisted|p1a: Glimmora\n|-damage|p1a: Glimmora|90\/100\n|\n|upkeep\n|turn|2\n|\n|t:|1700326460\n|move|p1a: Glimmora|Stealth Rock|p2a: \ud83d\ude10\ud83d\ude11\n|-sidestart|p2: moth squad1728183|move: Stealth Rock\n|move|p2a: \ud83d\ude10\ud83d\ude11|Future Sight|p1a: Glimmora\n|-start|p2a: \ud83d\ude10\ud83d\ude11|move: Future Sight\n|\n|upkeep\n|turn|3\n|\n|t:|1700326465\n|switch|p2a: Tuskuthy|Great Tusk|100\/100\n|-damage|p2a: Tuskuthy|98\/100|[from] Stealth Rock\n|-enditem|p2a: Tuskuthy|Booster Energy\n|-activate|p2a: Tuskuthy|ability: Protosynthesis|[fromitem]\n|-start|p2a: Tuskuthy|protosynthesisspe\n|move|p1a: Glimmora|Spikes|p2a: Tuskuthy\n|-sidestart|p2: moth squad1728183|Spikes\n|\n|upkeep\n|turn|4\n|\n|t:|1700326470\n|switch|p1a: Ninetales|Ninetales-Alola, F|100\/100\n|-weather|Snow|[from] ability: Snow Warning|[of] p1a: Ninetales\n|move|p2a: Tuskuthy|Knock Off|p1a: Ninetales\n|-resisted|p1a: Ninetales\n|-damage|p1a: Ninetales|87\/100\n|-enditem|p1a: Ninetales|Icy Rock|[from] move: Knock Off|[of] p2a: Tuskuthy\n|\n|-weather|Snow|[upkeep]\n|-end|p1a: Ninetales|move: Future Sight\n|-damage|p1a: Ninetales|17\/100\n|upkeep\n|turn|5\n|\n|t:|1700326484\n|move|p2a: Tuskuthy|Rapid Spin|p1a: Ninetales\n|-damage|p1a: Ninetales|1\/100\n|-boost|p2a: Tuskuthy|spe|1\n|-sideend|p2: moth squad1728183|Spikes|[from] move: Rapid Spin|[of] p2a: Tuskuthy\n|-sideend|p2: moth squad1728183|Stealth Rock|[from] move: Rapid Spin|[of] p2a: Tuskuthy\n|move|p1a: Ninetales|Hypnosis|p2a: Tuskuthy\n|-status|p2a: Tuskuthy|slp|[from] move: Hypnosis\n|\n|-weather|Snow|[upkeep]\n|upkeep\n|turn|6\n|\n|t:|1700326502\n|-end|p2a: Tuskuthy|Protosynthesis|[silent]\n|switch|p2a: \ud83d\ude10\ud83d\ude11|Slowking-Galar, M|95\/100\n|switch|p1a: Scizor|Scizor, M|100\/100\n|\n|-weather|Snow|[upkeep]\n|upkeep\n|turn|7\n|\n|t:|1700326509\n|switch|p1a: Glimmora|Glimmora, F|90\/100\n|move|p2a: \ud83d\ude10\ud83d\ude11|Trick Room|p2a: \ud83d\ude10\ud83d\ude11\n|-fieldstart|move: Trick Room|[of] p2a: \ud83d\ude10\ud83d\ude11\n|\n|-weather|Snow|[upkeep]\n|upkeep\n|turn|8\n|\n|t:|1700326517\n|move|p2a: \ud83d\ude10\ud83d\ude11|Future Sight|p1a: Glimmora\n|-start|p2a: \ud83d\ude10\ud83d\ude11|move: Future Sight\n|move|p1a: Glimmora|Earth Power|p2a: \ud83d\ude10\ud83d\ude11\n|-supereffective|p2a: \ud83d\ude10\ud83d\ude11\n|-damage|p2a: \ud83d\ude10\ud83d\ude11|60\/100\n|\n|-weather|Snow|[upkeep]\n|upkeep\n|turn|9\n|\n|t:|1700326524\n|switch|p1a: Ninetales|Ninetales-Alola, F|1\/100\n|move|p2a: \ud83d\ude10\ud83d\ude11|Chilly Reception|p2a: \ud83d\ude10\ud83d\ude11\n|\n|t:|1700326528\n|switch|p2a: The man|Torkoal, F|100\/100|[from] Chilly Reception\n|-weather|SunnyDay|[from] ability: Drought|[of] p2a: The man\n|\n|-weather|SunnyDay|[upkeep]\n|upkeep\n|turn|10\n|\n|t:|1700326533\n|move|p2a: The man|Eruption|p1a: Ninetales\n|-supereffective|p1a: Ninetales\n|-damage|p1a: Ninetales|0 fnt\n|faint|p1a: Ninetales\n|\n|-weather|SunnyDay|[upkeep]\n|-hint|Future Sight did not hit because the target is fainted.\n|upkeep\n|\n|t:|1700326544\n|switch|p1a: Ogerpon|Ogerpon-Wellspring, F|100\/100\n|turn|11\n|\n|t:|1700326552\n|switch|p2a: Moth|Slither Wing|100\/100\n|-activate|p2a: Moth|ability: Protosynthesis\n|-start|p2a: Moth|protosynthesisatk\n|-terastallize|p1a: Ogerpon|Water\n|detailschange|p1a: Ogerpon|Ogerpon-Wellspring-Tera, F, tera:Water\n|-ability|p1a: Ogerpon|Embody Aspect (Wellspring)|boost\n|-boost|p1a: Ogerpon|spd|1\n|move|p1a: Ogerpon|Swords Dance|p1a: Ogerpon\n|-boost|p1a: Ogerpon|atk|2\n|\n|-weather|SunnyDay|[upkeep]\n|-fieldend|move: Trick Room\n|upkeep\n|turn|12\n|\n|t:|1700326564\n|move|p2a: Moth|First Impression|p1a: Ogerpon\n|-damage|p1a: Ogerpon|0 fnt\n|faint|p1a: Ogerpon\n|-damage|p2a: Moth|91\/100|[from] item: Life Orb\n|\n|-weather|SunnyDay|[upkeep]\n|upkeep\n|\n|t:|1700326573\n|switch|p1a: Kingambit|Kingambit, M|100\/100\n|-activate|p1a: Kingambit|ability: Supreme Overlord\n|-start|p1a: Kingambit|fallen2|[silent]\n|turn|13\n|\n|t:|1700326576\n|move|p2a: Moth|Close Combat|p1a: Kingambit\n|-supereffective|p1a: Kingambit\n|-damage|p1a: Kingambit|0 fnt\n|-unboost|p2a: Moth|def|1\n|-unboost|p2a: Moth|spd|1\n|faint|p1a: Kingambit\n|-end|p1a: Kingambit|fallen2|[silent]\n|-damage|p2a: Moth|81\/100|[from] item: Life Orb\n|\n|-weather|none\n|-end|p2a: Moth|Protosynthesis\n|upkeep\n|\n|t:|1700326579\n|switch|p1a: Scizor|Scizor, M|100\/100\n|turn|14\n|\n|t:|1700326581\n|move|p2a: Moth|Flare Blitz|p1a: Scizor\n|-supereffective|p1a: Scizor\n|-damage|p1a: Scizor|0 fnt\n|faint|p1a: Scizor\n|-damage|p2a: Moth|50\/100|[from] Recoil\n|-damage|p2a: Moth|40\/100|[from] item: Life Orb\n|\n|upkeep\n|\n|t:|1700326584\n|switch|p1a: Gholdengo|Gholdengo|100\/100\n|turn|15\n|\n|t:|1700326586\n|move|p1a: Gholdengo|Make It Rain|p2a: Moth\n|-damage|p2a: Moth|0 fnt\n|-unboost|p1a: Gholdengo|spa|1\n|faint|p2a: Moth\n|-end|p2a: Moth|Protosynthesis|[silent]\n|\n|upkeep\n|\n|t:|1700326589\n|switch|p2a: \ud83d\ude10\ud83d\ude11|Slowking-Galar, M|93\/100\n|turn|16\n|\n|t:|1700326594\n|move|p1a: Gholdengo|Nasty Plot|p1a: Gholdengo\n|-boost|p1a: Gholdengo|spa|2\n|move|p2a: \ud83d\ude10\ud83d\ude11|Trick Room|p2a: \ud83d\ude10\ud83d\ude11\n|-fieldstart|move: Trick Room|[of] p2a: \ud83d\ude10\ud83d\ude11\n|\n|upkeep\n|turn|17\n|\n|t:|1700326597\n|move|p2a: \ud83d\ude10\ud83d\ude11|Future Sight|p1a: Gholdengo\n|-start|p2a: \ud83d\ude10\ud83d\ude11|move: Future Sight\n|move|p1a: Gholdengo|Make It Rain|p2a: \ud83d\ude10\ud83d\ude11\n|-damage|p2a: \ud83d\ude10\ud83d\ude11|16\/100\n|-unboost|p1a: Gholdengo|spa|1\n|\n|upkeep\n|turn|18\n|\n|t:|1700326604\n|move|p2a: \ud83d\ude10\ud83d\ude11|Sludge Bomb|p1a: Gholdengo\n|-immune|p1a: Gholdengo\n|move|p1a: Gholdengo|Nasty Plot|p1a: Gholdengo\n|-boost|p1a: Gholdengo|spa|2\n|\n|upkeep\n|turn|19\n|\n|t:|1700326612\n|switch|p2a: Hatt|Hatterene, F|100\/100\n|move|p1a: Gholdengo|Nasty Plot|p1a: Gholdengo\n|-boost|p1a: Gholdengo|spa|2\n|\n|-end|p1a: Gholdengo|move: Future Sight\n|-resisted|p1a: Gholdengo\n|-damage|p1a: Gholdengo|69\/100\n|-heal|p1a: Gholdengo|75\/100|[from] item: Leftovers\n|upkeep\n|turn|20\n|\n|t:|1700326617\n|move|p2a: Hatt|Nuzzle|p1a: Gholdengo\n|-damage|p1a: Gholdengo|70\/100\n|-status|p1a: Gholdengo|par\n|move|p1a: Gholdengo|Make It Rain|p2a: Hatt\n|-supereffective|p2a: Hatt\n|-damage|p2a: Hatt|0 fnt\n|-unboost|p1a: Gholdengo|spa|1\n|faint|p2a: Hatt\n|\n|-heal|p1a: Gholdengo|76\/100 par|[from] item: Leftovers\n|-fieldend|move: Trick Room\n|upkeep\n|\n|t:|1700326629\n|switch|p2a: Mama bear|Ursaluna, F|100\/100\n|turn|21\n|\n|t:|1700326634\n|move|p2a: Mama bear|Earthquake|p1a: Gholdengo\n|-supereffective|p1a: Gholdengo\n|-crit|p1a: Gholdengo\n|-damage|p1a: Gholdengo|0 fnt\n|faint|p1a: Gholdengo\n|\n|-status|p2a: Mama bear|brn|[from] item: Flame Orb\n|upkeep\n|\n|t:|1700326637\n|switch|p1a: Glimmora|Glimmora, F|90\/100\n|turn|22\n|\n|t:|1700326639\n|move|p1a: Glimmora|Earth Power|p2a: Mama bear\n|-damage|p2a: Mama bear|80\/100 brn\n|move|p2a: Mama bear|Earthquake|p1a: Glimmora\n|-supereffective|p1a: Glimmora\n|-damage|p1a: Glimmora|0 fnt\n|-activate|p1a: Glimmora|ability: Toxic Debris\n|-sidestart|p2: moth squad1728183|move: Toxic Spikes\n|faint|p1a: Glimmora\n|\n|win|moth squad1728183\n|raw|ArtNo04's rating: 1217 &rarr; <strong>1187<\/strong><br \/>(-30 for losing)\n|raw|moth squad1728183's rating: 1146 &rarr; <strong>1176<\/strong><br \/>(+30 for winning)\n|l|\u2606ArtNo04\n|l|\u2606moth squad1728183\n|j|\u2606moth squad1728183\n|player|p2|moth squad1728183|265\n","uploadtime":1700326763,"views":22,"p1id":"artno04","p2id":"mothsquad1728183","formatid":"gen9ou","rating":1176,"private":0,"password":""}