{"id":"gen9ou-1991871119","p1":"Leahxpkmn","p2":"Diatere","format":"[Gen 9] OU","log":"|j|\u2606Leahxpkmn\n|j|\u2606Diatere\n|t:|1700131465\n|gametype|singles\n|player|p1|Leahxpkmn|hilda|1248\n|player|p2|Diatere|mina|1336\n|teamsize|p1|6\n|teamsize|p2|6\n|gen|9\n|tier|[Gen 9] OU\n|rated|\n|rule|Sleep Clause Mod: Limit one foe put to sleep\n|rule|Species Clause: Limit one of each Pok\u00e9mon\n|rule|OHKO Clause: OHKO moves are banned\n|rule|Evasion Items Clause: Evasion items are banned\n|rule|Evasion Moves Clause: Evasion moves are banned\n|rule|Endless Battle Clause: Forcing endless battles is banned\n|rule|HP Percentage Mod: HP is shown in percentages\n|clearpoke\n|poke|p1|Iron Moth|\n|poke|p1|Ceruledge, F|\n|poke|p1|Ribombee, M|\n|poke|p1|Zoroark-Hisui, M|\n|poke|p1|Iron Valiant|\n|poke|p1|Zamazenta-*|\n|poke|p2|Ninetales-Alola, M|\n|poke|p2|Sneasler, M|\n|poke|p2|Hatterene, F|\n|poke|p2|Manaphy|\n|poke|p2|Ogerpon-Cornerstone, F|\n|poke|p2|Rillaboom, M|\n|teampreview\n|\n|t:|1700131474\n|start\n|switch|p1a: Ribombee|Ribombee, M|100\/100\n|switch|p2a: Tavros|Ninetales-Alola, M|100\/100\n|-weather|Snow|[from] ability: Snow Warning|[of] p2a: Tavros\n|turn|1\n|inactive|Battle timer is ON: inactive players will automatically lose when time's up. (requested by Leahxpkmn)\n|\n|t:|1700131478\n|move|p1a: Ribombee|Sticky Web|p2a: Tavros\n|-sidestart|p2: Diatere|move: Sticky Web\n|move|p2a: Tavros|Aurora Veil|p2a: Tavros\n|-sidestart|p2: Diatere|move: Aurora Veil\n|\n|-weather|Snow|[upkeep]\n|upkeep\n|turn|2\n|\n|t:|1700131487\n|switch|p2a: Gamzee|Rillaboom, M|100\/100\n|-activate|p2a: Gamzee|move: Sticky Web\n|-unboost|p2a: Gamzee|spe|1\n|-fieldstart|move: Grassy Terrain|[from] ability: Grassy Surge|[of] p2a: Gamzee\n|move|p1a: Ribombee|Stun Spore|p2a: Gamzee\n|-immune|p2a: Gamzee\n|\n|-weather|Snow|[upkeep]\n|upkeep\n|turn|3\n|\n|t:|1700131492\n|move|p1a: Ribombee|Stun Spore|p2a: Gamzee\n|-immune|p2a: Gamzee\n|move|p2a: Gamzee|U-turn|p1a: Ribombee\n|-resisted|p1a: Ribombee\n|-damage|p1a: Ribombee|63\/100\n|\n|t:|1700131500\n|switch|p2a: Karkat|Sneasler, M|100\/100|[from] U-turn\n|-activate|p2a: Karkat|move: Sticky Web\n|-unboost|p2a: Karkat|spe|1\n|-enditem|p2a: Karkat|Grassy Seed\n|-boost|p2a: Karkat|def|1|[from] item: Grassy Seed\n|\n|-weather|Snow|[upkeep]\n|-heal|p1a: Ribombee|69\/100|[from] Grassy Terrain\n|upkeep\n|turn|4\n|\n|t:|1700131517\n|move|p2a: Karkat|Acrobatics|p1a: Ribombee\n|-supereffective|p1a: Ribombee\n|-damage|p1a: Ribombee|0 fnt\n|faint|p1a: Ribombee\n|\n|-weather|Snow|[upkeep]\n|upkeep\n|\n|t:|1700131526\n|switch|p1a: Zamazenta|Zamazenta|100\/100\n|turn|5\n|c|\u2606Diatere|that's odd, why no dauntless shield activation?\n|\n|t:|1700131551\n|move|p2a: Karkat|Acrobatics|p1a: Zamazenta\n|-damage|p1a: Zamazenta|7\/100\n|replace|p1a: Zoroark|Zoroark-Hisui, M\n|-end|p1a: Zoroark|Illusion\n|move|p1a: Zoroark|Shadow Ball|p2a: Karkat\n|-damage|p2a: Karkat|71\/100\n|\n|-weather|none\n|-heal|p2a: Karkat|77\/100|[from] Grassy Terrain\n|-heal|p1a: Zoroark|13\/100|[from] Grassy Terrain\n|upkeep\n|turn|6\n|c|\u2606Diatere|ah\n|inactive|Diatere has 120 seconds left.\n|\n|t:|1700131584\n|move|p2a: Karkat|Swords Dance|p2a: Karkat\n|-boost|p2a: Karkat|atk|2\n|move|p1a: Zoroark|Shadow Ball|p2a: Karkat\n|-damage|p2a: Karkat|48\/100\n|\n|-heal|p2a: Karkat|54\/100|[from] Grassy Terrain\n|-heal|p1a: Zoroark|19\/100|[from] Grassy Terrain\n|-fieldend|move: Grassy Terrain\n|upkeep\n|turn|7\n|\n|t:|1700131590\n|move|p2a: Karkat|Acrobatics|p1a: Zoroark\n|-damage|p1a: Zoroark|0 fnt\n|faint|p1a: Zoroark\n|\n|upkeep\n|\n|t:|1700131601\n|switch|p1a: Iron Moth|Iron Moth|100\/100\n|-enditem|p1a: Iron Moth|Booster Energy\n|-activate|p1a: Iron Moth|ability: Quark Drive|[fromitem]\n|-start|p1a: Iron Moth|quarkdrivespe\n|turn|8\n|inactive|Diatere has 120 seconds left.\n|\n|t:|1700131612\n|move|p1a: Iron Moth|Fiery Dance|p2a: Karkat\n|-damage|p2a: Karkat|27\/100\n|move|p2a: Karkat|Acrobatics|p1a: Iron Moth\n|-damage|p1a: Iron Moth|0 fnt\n|faint|p1a: Iron Moth\n|-end|p1a: Iron Moth|Quark Drive|[silent]\n|\n|-sideend|p2: Diatere|move: Aurora Veil\n|upkeep\n|\n|t:|1700131621\n|switch|p1a: Iron Valiant|Iron Valiant|100\/100\n|-enditem|p1a: Iron Valiant|Booster Energy\n|-activate|p1a: Iron Valiant|ability: Quark Drive|[fromitem]\n|-start|p1a: Iron Valiant|quarkdrivespe\n|turn|9\n|inactive|Diatere has 120 seconds left.\n|\n|t:|1700131639\n|move|p1a: Iron Valiant|Close Combat|p2a: Karkat\n|-resisted|p2a: Karkat\n|-damage|p2a: Karkat|0 fnt\n|-unboost|p1a: Iron Valiant|def|1\n|-unboost|p1a: Iron Valiant|spd|1\n|faint|p2a: Karkat\n|\n|upkeep\n|\n|t:|1700131644\n|switch|p2a: Kanaya|Hatterene, F|100\/100\n|-activate|p2a: Kanaya|move: Sticky Web\n|-unboost|p2a: Kanaya|spe|1\n|turn|10\n|inactive|Diatere has 120 seconds left.\n|\n|t:|1700131658\n|move|p1a: Iron Valiant|Knock Off|p2a: Kanaya\n|-damage|p2a: Kanaya|71\/100\n|-enditem|p2a: Kanaya|Grassy Seed|[from] move: Knock Off|[of] p1a: Iron Valiant\n|move|p2a: Kanaya|Calm Mind|p2a: Kanaya\n|-boost|p2a: Kanaya|spa|1\n|-boost|p2a: Kanaya|spd|1\n|\n|upkeep\n|turn|11\n|inactive|Diatere has 120 seconds left.\n|\n|t:|1700131668\n|move|p1a: Iron Valiant|Close Combat|p2a: Kanaya\n|-resisted|p2a: Kanaya\n|-damage|p2a: Kanaya|57\/100\n|-unboost|p1a: Iron Valiant|def|1\n|-unboost|p1a: Iron Valiant|spd|1\n|move|p2a: Kanaya|Draining Kiss|p1a: Iron Valiant\n|-supereffective|p1a: Iron Valiant\n|-damage|p1a: Iron Valiant|0 fnt\n|-heal|p2a: Kanaya|100\/100|[from] drain|[of] p1a: Iron Valiant\n|faint|p1a: Iron Valiant\n|-end|p1a: Iron Valiant|Quark Drive|[silent]\n|\n|upkeep\n|\n|t:|1700131671\n|switch|p1a: Ceruledge|Ceruledge, F|100\/100\n|turn|12\n|inactive|Diatere has 120 seconds left.\n|\n|t:|1700131695\n|move|p1a: Ceruledge|Swords Dance|p1a: Ceruledge\n|-boost|p1a: Ceruledge|atk|2\n|move|p2a: Kanaya|Psyshock|p1a: Ceruledge\n|-damage|p1a: Ceruledge|18\/100\n|\n|upkeep\n|turn|13\n|inactive|Diatere has 120 seconds left.\n|\n|t:|1700131702\n|-terastallize|p2a: Kanaya|Water\n|move|p1a: Ceruledge|Bitter Blade|p2a: Kanaya\n|-resisted|p2a: Kanaya\n|-damage|p2a: Kanaya|62\/100\n|-heal|p1a: Ceruledge|39\/100|[from] drain|[of] p2a: Kanaya\n|move|p2a: Kanaya|Psyshock|p1a: Ceruledge\n|-damage|p1a: Ceruledge|0 fnt\n|faint|p1a: Ceruledge\n|\n|upkeep\n|\n|t:|1700131706\n|switch|p1a: Zamazenta|Zamazenta|100\/100\n|-ability|p1a: Zamazenta|Dauntless Shield|boost\n|-boost|p1a: Zamazenta|def|1\n|turn|14\n|\n|t:|1700131712\n|-terastallize|p1a: Zamazenta|Steel\n|move|p1a: Zamazenta|Substitute|p1a: Zamazenta\n|-start|p1a: Zamazenta|Substitute\n|-damage|p1a: Zamazenta|75\/100\n|move|p2a: Kanaya|Draining Kiss|p1a: Zamazenta\n|-resisted|p1a: Zamazenta\n|-activate|p1a: Zamazenta|move: Substitute|[damage]\n|-heal|p2a: Kanaya|73\/100|[from] drain|[of] p1a: Zamazenta\n|\n|-heal|p1a: Zamazenta|82\/100|[from] item: Leftovers\n|upkeep\n|turn|15\n|\n|t:|1700131722\n|move|p1a: Zamazenta|Iron Defense|p1a: Zamazenta\n|-boost|p1a: Zamazenta|def|2\n|move|p2a: Kanaya|Mystical Fire|p1a: Zamazenta\n|-supereffective|p1a: Zamazenta\n|-end|p1a: Zamazenta|Substitute\n|\n|-heal|p1a: Zamazenta|88\/100|[from] item: Leftovers\n|upkeep\n|turn|16\n|\n|t:|1700131725\n|move|p1a: Zamazenta|Body Press|p2a: Kanaya\n|-damage|p2a: Kanaya|6\/100\n|move|p2a: Kanaya|Mystical Fire|p1a: Zamazenta\n|-supereffective|p1a: Zamazenta\n|-damage|p1a: Zamazenta|38\/100\n|-unboost|p1a: Zamazenta|spa|1\n|\n|-heal|p1a: Zamazenta|44\/100|[from] item: Leftovers\n|upkeep\n|turn|17\n|\n|t:|1700131733\n|move|p1a: Zamazenta|Body Press|p2a: Kanaya\n|-damage|p2a: Kanaya|0 fnt\n|faint|p2a: Kanaya\n|\n|-heal|p1a: Zamazenta|50\/100|[from] item: Leftovers\n|upkeep\n|\n|t:|1700131751\n|switch|p2a: Vriska|Ogerpon-Cornerstone, F|100\/100\n|-activate|p2a: Vriska|move: Sticky Web\n|-unboost|p2a: Vriska|spe|1\n|turn|18\n|\n|t:|1700131754\n|move|p1a: Zamazenta|Iron Defense|p1a: Zamazenta\n|-boost|p1a: Zamazenta|def|2\n|move|p2a: Vriska|Low Kick|p1a: Zamazenta\n|-supereffective|p1a: Zamazenta\n|-damage|p1a: Zamazenta|29\/100\n|\n|-heal|p1a: Zamazenta|35\/100|[from] item: Leftovers\n|upkeep\n|turn|19\n|\n|t:|1700131761\n|move|p1a: Zamazenta|Body Press|p2a: Vriska\n|-supereffective|p2a: Vriska\n|-ability|p2a: Vriska|Sturdy\n|-damage|p2a: Vriska|1\/100\n|move|p2a: Vriska|Low Kick|p1a: Zamazenta\n|-supereffective|p1a: Zamazenta\n|-damage|p1a: Zamazenta|16\/100\n|\n|-heal|p1a: Zamazenta|22\/100|[from] item: Leftovers\n|upkeep\n|turn|20\n|\n|t:|1700131779\n|move|p1a: Zamazenta|Body Press|p2a: Vriska\n|-supereffective|p2a: Vriska\n|-damage|p2a: Vriska|0 fnt\n|faint|p2a: Vriska\n|\n|-heal|p1a: Zamazenta|29\/100|[from] item: Leftovers\n|upkeep\n|\n|t:|1700131804\n|switch|p2a: Terezi|Manaphy|100\/100\n|-activate|p2a: Terezi|move: Sticky Web\n|-unboost|p2a: Terezi|spe|1\n|turn|21\n|\n|t:|1700131813\n|move|p1a: Zamazenta|Body Press|p2a: Terezi\n|-damage|p2a: Terezi|0 fnt\n|faint|p2a: Terezi\n|\n|-heal|p1a: Zamazenta|35\/100|[from] item: Leftovers\n|upkeep\n|\n|t:|1700131819\n|switch|p2a: Gamzee|Rillaboom, M|100\/100\n|-activate|p2a: Gamzee|move: Sticky Web\n|-unboost|p2a: Gamzee|spe|1\n|-fieldstart|move: Grassy Terrain|[from] ability: Grassy Surge|[of] p2a: Gamzee\n|turn|22\n|\n|t:|1700131822\n|move|p2a: Gamzee|Grassy Glide|p1a: Zamazenta\n|-resisted|p1a: Zamazenta\n|-crit|p1a: Zamazenta\n|-damage|p1a: Zamazenta|6\/100\n|move|p1a: Zamazenta|Substitute|p1a: Zamazenta\n|-fail|p1a: Zamazenta|move: Substitute|[weak]\n|\n|-heal|p1a: Zamazenta|12\/100|[from] Grassy Terrain\n|-heal|p1a: Zamazenta|19\/100|[from] item: Leftovers\n|upkeep\n|turn|23\n|\n|t:|1700131826\n|move|p2a: Gamzee|Grassy Glide|p1a: Zamazenta\n|-resisted|p1a: Zamazenta\n|-damage|p1a: Zamazenta|13\/100\n|move|p1a: Zamazenta|Body Press|p2a: Gamzee\n|-damage|p2a: Gamzee|0 fnt\n|faint|p2a: Gamzee\n|\n|-heal|p1a: Zamazenta|19\/100|[from] Grassy Terrain\n|-heal|p1a: Zamazenta|25\/100|[from] item: Leftovers\n|upkeep\n|\n|t:|1700131831\n|switch|p2a: Tavros|Ninetales-Alola, M|100\/100\n|-activate|p2a: Tavros|move: Sticky Web\n|-unboost|p2a: Tavros|spe|1\n|-weather|Snow|[from] ability: Snow Warning|[of] p2a: Tavros\n|turn|24\n|c|\u2606Leahxpkmn|gg\n|\n|t:|1700131835\n|move|p1a: Zamazenta|Body Press|p2a: Tavros\n|-damage|p2a: Tavros|1\/100\n|move|p2a: Tavros|Moonblast|p1a: Zamazenta\n|-resisted|p1a: Zamazenta\n|-damage|p1a: Zamazenta|15\/100\n|\n|-weather|Snow|[upkeep]\n|-heal|p1a: Zamazenta|21\/100|[from] Grassy Terrain\n|-heal|p1a: Zamazenta|27\/100|[from] item: Leftovers\n|-heal|p2a: Tavros|7\/100|[from] Grassy Terrain\n|upkeep\n|turn|25\n|\n|t:|1700131842\n|move|p1a: Zamazenta|Body Press|p2a: Tavros\n|-damage|p2a: Tavros|0 fnt\n|faint|p2a: Tavros\n|\n|win|Leahxpkmn\n|raw|Leahxpkmn's rating: 1229 &rarr; <strong>1261<\/strong><br \/>(+32 for winning)\n|raw|Diatere's rating: 1336 &rarr; <strong>1310<\/strong><br \/>(-26 for losing)\n|c|\u2606Leahxpkmn|nvm gg now\n|c|\u2606Diatere|gg\n|l|\u2606Leahxpkmn\n","uploadtime":1700131848,"views":12,"p1id":"leahxpkmn","p2id":"diatere","formatid":"gen9ou","rating":1261,"private":0,"password":""}