{"id":"gen9ou-1991716977","p1":"alt no. 597","p2":"a12qsd","format":"[Gen 9] OU","log":"|j|\u2606alt no. 597\n|j|\u2606a12qsd\n|t:|1700106316\n|gametype|singles\n|player|p1|alt no. 597|acetrainersnowf|1725\n|player|p2|a12qsd|101|1575\n|teamsize|p1|6\n|teamsize|p2|6\n|gen|9\n|tier|[Gen 9] OU\n|rated|\n|rule|Sleep Clause Mod: Limit one foe put to sleep\n|rule|Species Clause: Limit one of each Pok\u00e9mon\n|rule|OHKO Clause: OHKO moves are banned\n|rule|Evasion Items Clause: Evasion items are banned\n|rule|Evasion Moves Clause: Evasion moves are banned\n|rule|Endless Battle Clause: Forcing endless battles is banned\n|rule|HP Percentage Mod: HP is shown in percentages\n|clearpoke\n|poke|p1|Ogerpon-Wellspring, F|\n|poke|p1|Cinderace, M|\n|poke|p1|Dragapult, F|\n|poke|p1|Slowking-Galar, F|\n|poke|p1|Great Tusk|\n|poke|p1|Zapdos|\n|poke|p2|Ogerpon-Cornerstone, F|\n|poke|p2|Greninja-*, M|\n|poke|p2|Slither Wing|\n|poke|p2|Cinderace, M|\n|poke|p2|Slowking-Galar, M|\n|poke|p2|Zapdos|\n|teampreview\n|\n|t:|1700106344\n|start\n|switch|p1a: Slowking|Slowking-Galar, F|100\/100\n|switch|p2a: Zapdos|Zapdos|100\/100\n|turn|1\n|\n|t:|1700106349\n|move|p2a: Zapdos|Volt Switch|p1a: Slowking\n|-damage|p1a: Slowking|74\/100\n|\n|t:|1700106351\n|switch|p2a: Slowking|Slowking-Galar, M|100\/100|[from] Volt Switch\n|move|p1a: Slowking|Sludge Bomb|p2a: Slowking\n|-resisted|p2a: Slowking\n|-damage|p2a: Slowking|90\/100\n|\n|upkeep\n|turn|2\n|\n|t:|1700106354\n|move|p1a: Slowking|Future Sight|p2a: Slowking\n|-start|p1a: Slowking|move: Future Sight\n|move|p2a: Slowking|Psyshock|p1a: Slowking\n|-damage|p1a: Slowking|53\/100\n|\n|upkeep\n|turn|3\n|\n|t:|1700106357\n|move|p1a: Slowking|Chilly Reception|p1a: Slowking\n|-weather|Snow\n|\n|t:|1700106365\n|switch|p1a: Zapdos|Zapdos|100\/100|[from] Chilly Reception\n|move|p2a: Slowking|Future Sight|p1a: Zapdos\n|-start|p2a: Slowking|move: Future Sight\n|\n|-weather|Snow|[upkeep]\n|upkeep\n|turn|4\n|\n|t:|1700106373\n|move|p1a: Zapdos|Hurricane|p2a: Slowking\n|-damage|p2a: Slowking|63\/100\n|move|p2a: Slowking|Chilly Reception|p2a: Slowking\n|\n|t:|1700106380\n|switch|p2a: Ogerpon|Ogerpon-Cornerstone, F|100\/100|[from] Chilly Reception\n|\n|-weather|Snow|[upkeep]\n|-end|p2a: Ogerpon|move: Future Sight\n|-damage|p2a: Ogerpon|49\/100\n|upkeep\n|turn|5\n|\n|t:|1700106388\n|switch|p1a: Slowking|Slowking-Galar, F|86\/100\n|move|p2a: Ogerpon|Ivy Cudgel|p1a: Slowking|[anim] Ivy Cudgel Rock\n|-damage|p1a: Slowking|39\/100\n|\n|-weather|Snow|[upkeep]\n|-end|p1a: Slowking|move: Future Sight\n|-crit|p1a: Slowking\n|-damage|p1a: Slowking|0 fnt\n|faint|p1a: Slowking\n|upkeep\n|\n|t:|1700106396\n|switch|p1a: Dragapult|Dragapult, F|100\/100\n|turn|6\n|\n|t:|1700106410\n|move|p1a: Dragapult|Shadow Ball|p2a: Ogerpon\n|-damage|p2a: Ogerpon|0 fnt\n|faint|p2a: Ogerpon\n|\n|-weather|Snow|[upkeep]\n|upkeep\n|\n|t:|1700106412\n|switch|p2a: Greninja|Greninja, M|100\/100\n|turn|7\n|\n|t:|1700106426\n|switch|p1a: Ogerpon|Ogerpon-Wellspring, F|100\/100\n|move|p2a: Greninja|U-turn|p1a: Ogerpon\n|-supereffective|p1a: Ogerpon\n|-damage|p1a: Ogerpon|61\/100\n|\n|t:|1700106434\n|switch|p2a: Cinderace|Cinderace, M|100\/100|[from] U-turn\n|\n|-weather|none\n|upkeep\n|turn|8\n|\n|t:|1700106440\n|switch|p1a: Zapdos|Zapdos|100\/100\n|move|p2a: Cinderace|U-turn|p1a: Zapdos\n|-start|p2a: Cinderace|typechange|Bug|[from] ability: Libero\n|-resisted|p1a: Zapdos\n|-damage|p1a: Zapdos|86\/100\n|\n|t:|1700106449\n|switch|p2a: Slowking|Slowking-Galar, M|96\/100|[from] U-turn\n|\n|upkeep\n|turn|9\n|\n|t:|1700106453\n|move|p1a: Zapdos|Thunder Wave|p2a: Slowking\n|-status|p2a: Slowking|par\n|move|p2a: Slowking|Future Sight|p1a: Zapdos\n|-start|p2a: Slowking|move: Future Sight\n|\n|upkeep\n|turn|10\n|\n|t:|1700106458\n|move|p1a: Zapdos|Hurricane|p2a: Slowking\n|-damage|p2a: Slowking|68\/100 par\n|move|p2a: Slowking|Chilly Reception|p2a: Slowking\n|-weather|Snow\n|\n|t:|1700106463\n|switch|p2a: Zapdos|Zapdos|100\/100|[from] Chilly Reception\n|\n|-weather|Snow|[upkeep]\n|upkeep\n|turn|11\n|\n|t:|1700106466\n|move|p2a: Zapdos|Volt Switch|p1a: Zapdos\n|-damage|p1a: Zapdos|51\/100\n|\n|t:|1700106469\n|switch|p2a: Slowking|Slowking-Galar, M|100\/100 par|[from] Volt Switch\n|move|p1a: Zapdos|Roost|p1a: Zapdos\n|-heal|p1a: Zapdos|100\/100\n|-singleturn|p1a: Zapdos|move: Roost\n|\n|-weather|Snow|[upkeep]\n|-end|p1a: Zapdos|move: Future Sight\n|-damage|p1a: Zapdos|54\/100\n|upkeep\n|turn|12\n|\n|t:|1700106479\n|move|p1a: Zapdos|Roost|p1a: Zapdos\n|-heal|p1a: Zapdos|100\/100\n|-singleturn|p1a: Zapdos|move: Roost\n|cant|p2a: Slowking|par\n|\n|-weather|Snow|[upkeep]\n|upkeep\n|turn|13\n|\n|t:|1700106483\n|move|p1a: Zapdos|Hurricane|p2a: Slowking\n|-damage|p2a: Slowking|72\/100 par\n|move|p2a: Slowking|Future Sight|p1a: Zapdos\n|-start|p2a: Slowking|move: Future Sight\n|\n|-weather|Snow|[upkeep]\n|upkeep\n|turn|14\n|\n|t:|1700106486\n|move|p1a: Zapdos|Hurricane|p2a: Slowking|[miss]\n|-miss|p1a: Zapdos|p2a: Slowking\n|move|p2a: Slowking|Chilly Reception|p2a: Slowking\n|\n|t:|1700106488\n|switch|p2a: Zapdos|Zapdos|100\/100|[from] Chilly Reception\n|\n|-weather|none\n|upkeep\n|turn|15\n|\n|t:|1700106490\n|move|p2a: Zapdos|Volt Switch|p1a: Zapdos\n|-damage|p1a: Zapdos|63\/100\n|\n|t:|1700106493\n|switch|p2a: Slowking|Slowking-Galar, M|100\/100 par|[from] Volt Switch\n|move|p1a: Zapdos|Roost|p1a: Zapdos\n|-heal|p1a: Zapdos|100\/100\n|-singleturn|p1a: Zapdos|move: Roost\n|\n|-end|p1a: Zapdos|move: Future Sight\n|-damage|p1a: Zapdos|60\/100\n|upkeep\n|turn|16\n|\n|t:|1700106496\n|move|p1a: Zapdos|Hurricane|p2a: Slowking\n|-damage|p2a: Slowking|72\/100 par\n|cant|p2a: Slowking|par\n|\n|upkeep\n|turn|17\n|\n|t:|1700106500\n|move|p1a: Zapdos|Volt Switch|p2a: Slowking\n|-damage|p2a: Slowking|56\/100 par\n|\n|t:|1700106503\n|switch|p1a: Dragapult|Dragapult, F|100\/100|[from] Volt Switch\n|move|p2a: Slowking|Future Sight|p1a: Dragapult\n|-start|p2a: Slowking|move: Future Sight\n|\n|upkeep\n|turn|18\n|\n|t:|1700106511\n|switch|p2a: Greninja|Greninja, M|100\/100\n|move|p1a: Dragapult|Draco Meteor|p2a: Greninja\n|-damage|p2a: Greninja|0 fnt\n|-unboost|p1a: Dragapult|spa|2\n|faint|p2a: Greninja\n|\n|upkeep\n|\n|t:|1700106513\n|switch|p2a: Zapdos|Zapdos|100\/100\n|turn|19\n|\n|t:|1700106523\n|switch|p1a: Zapdos|Zapdos|60\/100\n|move|p2a: Zapdos|Hurricane|p1a: Zapdos|[miss]\n|-miss|p2a: Zapdos|p1a: Zapdos\n|\n|-end|p1a: Zapdos|move: Future Sight\n|-damage|p1a: Zapdos|20\/100\n|upkeep\n|turn|20\n|\n|t:|1700106529\n|move|p2a: Zapdos|Heat Wave|p1a: Zapdos\n|-damage|p1a: Zapdos|0 fnt\n|faint|p1a: Zapdos\n|\n|upkeep\n|\n|t:|1700106536\n|switch|p1a: Ogerpon|Ogerpon-Wellspring, F|61\/100\n|turn|21\n|\n|t:|1700106546\n|switch|p2a: Slither Wing|Slither Wing|100\/100\n|move|p1a: Ogerpon|Encore||[still]\n|-fail|p1a: Ogerpon\n|\n|upkeep\n|turn|22\n|\n|t:|1700106550\n|move|p1a: Ogerpon|Ivy Cudgel|p2a: Slither Wing|[anim] Ivy Cudgel Water\n|-damage|p2a: Slither Wing|25\/100\n|move|p2a: Slither Wing|U-turn|p1a: Ogerpon\n|-supereffective|p1a: Ogerpon\n|-crit|p1a: Ogerpon\n|-damage|p1a: Ogerpon|0 fnt\n|faint|p1a: Ogerpon\n|\n|t:|1700106557\n|-end|p2a: Slither Wing|Protosynthesis|[silent]\n|switch|p2a: Zapdos|Zapdos|100\/100|[from] U-turn\n|\n|upkeep\n|\n|t:|1700106560\n|switch|p1a: Great Tusk|Great Tusk|100\/100\n|-enditem|p1a: Great Tusk|Booster Energy\n|-activate|p1a: Great Tusk|ability: Protosynthesis|[fromitem]\n|-start|p1a: Great Tusk|protosynthesisspe\n|turn|23\n|\n|t:|1700106566\n|-terastallize|p1a: Great Tusk|Electric\n|move|p1a: Great Tusk|Bulk Up|p1a: Great Tusk\n|-boost|p1a: Great Tusk|atk|1\n|-boost|p1a: Great Tusk|def|1\n|move|p2a: Zapdos|Hurricane|p1a: Great Tusk\n|-resisted|p1a: Great Tusk\n|-damage|p1a: Great Tusk|65\/100\n|\n|upkeep\n|turn|24\n|\n|t:|1700106573\n|-terastallize|p2a: Zapdos|Fairy\n|move|p1a: Great Tusk|Bulk Up|p1a: Great Tusk\n|-boost|p1a: Great Tusk|atk|1\n|-boost|p1a: Great Tusk|def|1\n|move|p2a: Zapdos|Heat Wave|p1a: Great Tusk\n|-damage|p1a: Great Tusk|25\/100\n|\n|upkeep\n|turn|25\n|\n|t:|1700106582\n|switch|p2a: Slowking|Slowking-Galar, M|90\/100 par\n|move|p1a: Great Tusk|Headlong Rush|p2a: Slowking\n|-supereffective|p2a: Slowking\n|-damage|p2a: Slowking|0 fnt\n|-unboost|p1a: Great Tusk|def|1\n|-unboost|p1a: Great Tusk|spd|1\n|faint|p2a: Slowking\n|\n|upkeep\n|\n|t:|1700106586\n|switch|p2a: Slither Wing|Slither Wing|25\/100\n|turn|26\n|\n|t:|1700106592\n|move|p2a: Slither Wing|First Impression|p1a: Great Tusk\n|-damage|p1a: Great Tusk|0 fnt\n|faint|p1a: Great Tusk\n|-end|p1a: Great Tusk|Protosynthesis|[silent]\n|\n|upkeep\n|\n|t:|1700106598\n|switch|p1a: Dragapult|Dragapult, F|100\/100\n|turn|27\n|\n|t:|1700106601\n|move|p2a: Slither Wing|First Impression||[still]\n|-hint|First Impression only works on your first turn out.\n|-fail|p2a: Slither Wing\n|move|p1a: Dragapult|Shadow Ball|p2a: Slither Wing\n|-crit|p2a: Slither Wing\n|-damage|p2a: Slither Wing|0 fnt\n|faint|p2a: Slither Wing\n|-end|p2a: Slither Wing|Protosynthesis|[silent]\n|\n|upkeep\n|\n|t:|1700106609\n|switch|p2a: Zapdos|Zapdos, tera:Fairy|100\/100\n|turn|28\n|\n|t:|1700106614\n|move|p1a: Dragapult|Shadow Ball|p2a: Zapdos\n|-damage|p2a: Zapdos|36\/100\n|move|p2a: Zapdos|Hurricane|p1a: Dragapult|[miss]\n|-miss|p2a: Zapdos|p1a: Dragapult\n|\n|upkeep\n|turn|29\n|-message|a12qsd forfeited.\n|\n|win|alt no. 597\n|raw|alt no. 597's rating: 1725 &rarr; <strong>1736<\/strong><br \/>(+11 for winning)\n|raw|a12qsd's rating: 1560 &rarr; <strong>1549<\/strong><br \/>(-11 for losing)\n|l|\u2606a12qsd\n","uploadtime":1700106624,"views":11,"p1id":"altno597","p2id":"a12qsd","formatid":"gen9ou","rating":1549,"private":0,"password":""}