{"id":"gen9ou-1993698837","p1":"OUHF Zam Zam","p2":"Wavydavie","format":"[Gen 9] OU","log":"|j|\u2606OUHF Zam Zam\n|j|\u2606Wavydavie\n|t:|1700346880\n|gametype|singles\n|player|p1|OUHF Zam Zam|palmer|1767\n|player|p2|Wavydavie|2|1707\n|teamsize|p1|6\n|teamsize|p2|6\n|gen|9\n|tier|[Gen 9] OU\n|rated|\n|rule|Sleep Clause Mod: Limit one foe put to sleep\n|rule|Species Clause: Limit one of each Pok\u00e9mon\n|rule|OHKO Clause: OHKO moves are banned\n|rule|Evasion Items Clause: Evasion items are banned\n|rule|Evasion Moves Clause: Evasion moves are banned\n|rule|Endless Battle Clause: Forcing endless battles is banned\n|rule|HP Percentage Mod: HP is shown in percentages\n|clearpoke\n|poke|p1|Bellibolt, F|\n|poke|p1|Muk-Alola, F|\n|poke|p1|Dragapult, M|\n|poke|p1|Rillaboom, F|\n|poke|p1|Great Tusk|\n|poke|p1|Gholdengo|\n|poke|p2|Zapdos|\n|poke|p2|Amoonguss, F|\n|poke|p2|Slowking, F|\n|poke|p2|Ting-Lu|\n|poke|p2|Lokix, M|\n|poke|p2|Dragapult, F|\n|teampreview\n|inactive|Battle timer is ON: inactive players will automatically lose when time's up. (requested by OUHF Zam Zam)\n|\n|t:|1700346893\n|start\n|switch|p1a: Muk|Muk-Alola, F|100\/100\n|switch|p2a: Lokix|Lokix, M|100\/100\n|turn|1\n|\n|t:|1700346920\n|switch|p1a: Bellibolt|Bellibolt, F|100\/100\n|-terastallize|p2a: Lokix|Bug\n|move|p2a: Lokix|U-turn|p1a: Bellibolt\n|-damage|p1a: Bellibolt|70\/100\n|\n|t:|1700346928\n|switch|p2a: Amoonguss|Amoonguss, F|100\/100|[from] U-turn\n|\n|upkeep\n|turn|2\n|\n|t:|1700346937\n|move|p1a: Bellibolt|Volt Switch|p2a: Amoonguss\n|-resisted|p2a: Amoonguss\n|-damage|p2a: Amoonguss|89\/100\n|\n|t:|1700346941\n|switch|p1a: Gholdengo|Gholdengo|100\/100|[from] Volt Switch\n|move|p2a: Amoonguss|Giga Drain|p1a: Gholdengo\n|-resisted|p1a: Gholdengo\n|-damage|p1a: Gholdengo|93\/100\n|-heal|p2a: Amoonguss|92\/100|[from] drain|[of] p1a: Gholdengo\n|\n|-heal|p1a: Gholdengo|99\/100|[from] item: Leftovers\n|upkeep\n|turn|3\n|\n|t:|1700346955\n|switch|p1a: Rillaboom|Rillaboom, F|100\/100\n|-fieldstart|move: Grassy Terrain|[from] ability: Grassy Surge|[of] p1a: Rillaboom\n|switch|p2a: Ting-Lu|Ting-Lu|100\/100\n|-ability|p2a: Ting-Lu|Vessel of Ruin\n|\n|upkeep\n|turn|4\n|\n|t:|1700346960\n|switch|p2a: Amoonguss|Amoonguss, F|100\/100\n|move|p1a: Rillaboom|Knock Off|p2a: Amoonguss\n|-damage|p2a: Amoonguss|59\/100\n|-enditem|p2a: Amoonguss|Heavy-Duty Boots|[from] move: Knock Off|[of] p1a: Rillaboom\n|\n|-heal|p2a: Amoonguss|65\/100|[from] Grassy Terrain\n|upkeep\n|turn|5\n|\n|t:|1700346967\n|switch|p1a: Gholdengo|Gholdengo|99\/100\n|switch|p2a: Zapdos|Zapdos|100\/100\n|\n|-heal|p1a: Gholdengo|100\/100|[from] Grassy Terrain\n|upkeep\n|turn|6\n|\n|t:|1700346973\n|switch|p1a: Bellibolt|Bellibolt, F|70\/100\n|move|p2a: Zapdos|Heat Wave|p1a: Bellibolt\n|-damage|p1a: Bellibolt|46\/100\n|\n|-heal|p1a: Bellibolt|52\/100|[from] Grassy Terrain\n|upkeep\n|turn|7\n|\n|t:|1700346982\n|switch|p2a: Ting-Lu|Ting-Lu|100\/100\n|-ability|p2a: Ting-Lu|Vessel of Ruin\n|move|p1a: Bellibolt|Slack Off|p1a: Bellibolt\n|-heal|p1a: Bellibolt|100\/100\n|\n|-fieldend|move: Grassy Terrain\n|upkeep\n|turn|8\n|\n|t:|1700346986\n|move|p2a: Ting-Lu|Spikes|p1a: Bellibolt\n|-sidestart|p1: OUHF Zam Zam|Spikes\n|move|p1a: Bellibolt|Toxic|p2a: Ting-Lu|[miss]\n|-miss|p1a: Bellibolt|p2a: Ting-Lu\n|\n|upkeep\n|turn|9\n|\n|t:|1700346991\n|switch|p2a: Amoonguss|Amoonguss, F|98\/100\n|move|p1a: Bellibolt|Toxic|p2a: Amoonguss\n|-immune|p2a: Amoonguss\n|\n|upkeep\n|turn|10\n|\n|t:|1700346999\n|move|p1a: Bellibolt|Volt Switch|p2a: Amoonguss\n|-resisted|p2a: Amoonguss\n|-crit|p2a: Amoonguss\n|-damage|p2a: Amoonguss|81\/100\n|\n|t:|1700347006\n|switch|p1a: Muk|Muk-Alola, F|100\/100|[from] Volt Switch\n|-damage|p1a: Muk|88\/100|[from] Spikes\n|move|p2a: Amoonguss|Giga Drain|p1a: Muk\n|-resisted|p1a: Muk\n|-damage|p1a: Muk|81\/100\n|-heal|p2a: Amoonguss|85\/100|[from] drain|[of] p1a: Muk\n|\n|-heal|p1a: Muk|87\/100|[from] item: Leftovers\n|upkeep\n|turn|11\n|\n|t:|1700347016\n|move|p1a: Muk|Poison Jab|p2a: Amoonguss\n|-damage|p2a: Amoonguss|66\/100\n|move|p2a: Amoonguss|Spore|p1a: Muk\n|-status|p1a: Muk|slp|[from] move: Spore\n|\n|-heal|p1a: Muk|93\/100 slp|[from] item: Leftovers\n|upkeep\n|turn|12\n|\n|t:|1700347020\n|switch|p2a: Lokix|Lokix, M, tera:Bug|100\/100\n|cant|p1a: Muk|slp\n|\n|-heal|p1a: Muk|99\/100 slp|[from] item: Leftovers\n|upkeep\n|turn|13\n|\n|t:|1700347026\n|switch|p1a: Bellibolt|Bellibolt, F|100\/100\n|move|p2a: Lokix|First Impression|p1a: Bellibolt\n|-damage|p1a: Bellibolt|62\/100\n|\n|upkeep\n|turn|14\n|\n|t:|1700347033\n|move|p2a: Lokix|U-turn|p1a: Bellibolt\n|-damage|p1a: Bellibolt|32\/100\n|\n|t:|1700347054\n|switch|p2a: Slowking|Slowking, F|100\/100|[from] U-turn\n|move|p1a: Bellibolt|Slack Off|p1a: Bellibolt\n|-heal|p1a: Bellibolt|82\/100\n|\n|upkeep\n|turn|15\n|\n|t:|1700347066\n|move|p1a: Bellibolt|Toxic|p2a: Slowking\n|-status|p2a: Slowking|tox\n|move|p2a: Slowking|Future Sight|p1a: Bellibolt\n|-start|p2a: Slowking|move: Future Sight\n|\n|-damage|p2a: Slowking|94\/100 tox|[from] psn\n|upkeep\n|turn|16\n|\n|t:|1700347069\n|move|p1a: Bellibolt|Volt Switch|p2a: Slowking\n|-supereffective|p2a: Slowking\n|-damage|p2a: Slowking|64\/100 tox\n|\n|t:|1700347072\n|switch|p1a: Muk|Muk-Alola, F|99\/100 slp|[from] Volt Switch\n|-damage|p1a: Muk|87\/100 slp|[from] Spikes\n|move|p2a: Slowking|Chilly Reception|p2a: Slowking\n|-weather|Snow\n|\n|t:|1700347075\n|switch|p2a: Lokix|Lokix, M, tera:Bug|100\/100|[from] Chilly Reception\n|\n|-weather|Snow|[upkeep]\n|-heal|p1a: Muk|93\/100 slp|[from] item: Leftovers\n|upkeep\n|turn|17\n|\n|t:|1700347081\n|-curestatus|p1a: Muk|slp|[msg]\n|move|p1a: Muk|Protect|p1a: Muk\n|-singleturn|p1a: Muk|Protect\n|move|p2a: Lokix|First Impression|p1a: Muk\n|-activate|p1a: Muk|move: Protect\n|\n|-weather|Snow|[upkeep]\n|-end|p1a: Muk|move: Future Sight\n|-immune|p1a: Muk\n|-heal|p1a: Muk|99\/100|[from] item: Leftovers\n|upkeep\n|turn|18\n|\n|t:|1700347088\n|switch|p1a: Bellibolt|Bellibolt, F|82\/100\n|move|p2a: Lokix|U-turn|p1a: Bellibolt\n|-damage|p1a: Bellibolt|52\/100\n|\n|t:|1700347090\n|switch|p2a: Amoonguss|Amoonguss, F|99\/100|[from] U-turn\n|\n|-weather|Snow|[upkeep]\n|upkeep\n|turn|19\n|\n|t:|1700347099\n|move|p1a: Bellibolt|Volt Switch|p2a: Amoonguss\n|-resisted|p2a: Amoonguss\n|-damage|p2a: Amoonguss|88\/100\n|\n|t:|1700347101\n|switch|p1a: Gholdengo|Gholdengo|100\/100|[from] Volt Switch\n|-damage|p1a: Gholdengo|88\/100|[from] Spikes\n|move|p2a: Amoonguss|Giga Drain|p1a: Gholdengo\n|-resisted|p1a: Gholdengo\n|-damage|p1a: Gholdengo|81\/100\n|-heal|p2a: Amoonguss|91\/100|[from] drain|[of] p1a: Gholdengo\n|\n|-weather|Snow|[upkeep]\n|-heal|p1a: Gholdengo|87\/100|[from] item: Leftovers\n|upkeep\n|turn|20\n|\n|t:|1700347109\n|switch|p2a: Ting-Lu|Ting-Lu|100\/100\n|-ability|p2a: Ting-Lu|Vessel of Ruin\n|move|p1a: Gholdengo|Make It Rain|p2a: Ting-Lu\n|-damage|p2a: Ting-Lu|78\/100\n|-unboost|p1a: Gholdengo|spa|1\n|\n|-weather|none\n|-heal|p1a: Gholdengo|93\/100|[from] item: Leftovers\n|upkeep\n|turn|21\n|\n|t:|1700347118\n|switch|p1a: Great Tusk|Great Tusk|100\/100\n|-damage|p1a: Great Tusk|88\/100|[from] Spikes\n|switch|p2a: Lokix|Lokix, M, tera:Bug|100\/100\n|\n|-heal|p1a: Great Tusk|94\/100|[from] item: Leftovers\n|upkeep\n|turn|22\n|\n|t:|1700347129\n|move|p2a: Lokix|Leech Life|p1a: Great Tusk\n|-resisted|p1a: Great Tusk\n|-damage|p1a: Great Tusk|69\/100\n|move|p1a: Great Tusk|Stealth Rock|p2a: Lokix\n|-sidestart|p2: Wavydavie|move: Stealth Rock\n|\n|-heal|p1a: Great Tusk|75\/100|[from] item: Leftovers\n|upkeep\n|turn|23\n|\n|t:|1700347136\n|move|p2a: Lokix|Leech Life|p1a: Great Tusk\n|-resisted|p1a: Great Tusk\n|-damage|p1a: Great Tusk|49\/100\n|move|p1a: Great Tusk|Rapid Spin|p2a: Lokix\n|-damage|p2a: Lokix|77\/100\n|-boost|p1a: Great Tusk|spe|1\n|-sideend|p1: OUHF Zam Zam|Spikes|[from] move: Rapid Spin|[of] p1a: Great Tusk\n|\n|-heal|p1a: Great Tusk|56\/100|[from] item: Leftovers\n|upkeep\n|turn|24\n|\n|t:|1700347144\n|move|p1a: Great Tusk|Knock Off|p2a: Lokix\n|-damage|p2a: Lokix|33\/100\n|-enditem|p2a: Lokix|Heavy-Duty Boots|[from] move: Knock Off|[of] p1a: Great Tusk\n|move|p2a: Lokix|Leech Life|p1a: Great Tusk\n|-resisted|p1a: Great Tusk\n|-damage|p1a: Great Tusk|32\/100\n|-heal|p2a: Lokix|51\/100|[from] drain|[of] p1a: Great Tusk\n|\n|-heal|p1a: Great Tusk|38\/100|[from] item: Leftovers\n|upkeep\n|turn|25\n|\n|t:|1700347162\n|move|p1a: Great Tusk|Body Press|p2a: Lokix\n|-resisted|p2a: Lokix\n|-damage|p2a: Lokix|19\/100\n|move|p2a: Lokix|Leech Life|p1a: Great Tusk\n|-resisted|p1a: Great Tusk\n|-damage|p1a: Great Tusk|15\/100\n|-heal|p2a: Lokix|37\/100|[from] drain|[of] p1a: Great Tusk\n|\n|-heal|p1a: Great Tusk|21\/100|[from] item: Leftovers\n|upkeep\n|turn|26\n|\n|t:|1700347173\n|move|p1a: Great Tusk|Body Press|p2a: Lokix\n|-resisted|p2a: Lokix\n|-damage|p2a: Lokix|0 fnt\n|faint|p2a: Lokix\n|\n|-heal|p1a: Great Tusk|27\/100|[from] item: Leftovers\n|upkeep\n|\n|t:|1700347177\n|switch|p2a: Dragapult|Dragapult, F|100\/100\n|turn|27\n|\n|t:|1700347185\n|switch|p2a: Amoonguss|Amoonguss, F|100\/100\n|-damage|p2a: Amoonguss|88\/100|[from] Stealth Rock\n|-end|p1a: Great Tusk|Protosynthesis|[silent]\n|switch|p1a: Muk|Muk-Alola, F|99\/100\n|\n|-heal|p1a: Muk|100\/100|[from] item: Leftovers\n|upkeep\n|turn|28\n|\n|t:|1700347189\n|move|p1a: Muk|Protect|p1a: Muk\n|-singleturn|p1a: Muk|Protect\n|move|p2a: Amoonguss|Spore|p1a: Muk\n|-activate|p1a: Muk|move: Protect\n|\n|upkeep\n|turn|29\n|\n|t:|1700347194\n|switch|p1a: Gholdengo|Gholdengo|93\/100\n|switch|p2a: Ting-Lu|Ting-Lu|78\/100\n|-ability|p2a: Ting-Lu|Vessel of Ruin\n|\n|-heal|p1a: Gholdengo|99\/100|[from] item: Leftovers\n|upkeep\n|turn|30\n|\n|t:|1700347197\n|switch|p1a: Rillaboom|Rillaboom, F|100\/100\n|-fieldstart|move: Grassy Terrain|[from] ability: Grassy Surge|[of] p1a: Rillaboom\n|move|p2a: Ting-Lu|Spikes|p1a: Rillaboom\n|-sidestart|p1: OUHF Zam Zam|Spikes\n|\n|-heal|p2a: Ting-Lu|85\/100|[from] Grassy Terrain\n|upkeep\n|turn|31\n|\n|t:|1700347205\n|switch|p2a: Amoonguss|Amoonguss, F|100\/100\n|-damage|p2a: Amoonguss|88\/100|[from] Stealth Rock\n|move|p1a: Rillaboom|U-turn|p2a: Amoonguss\n|-damage|p2a: Amoonguss|59\/100\n|\n|t:|1700347225\n|switch|p1a: Dragapult|Dragapult, M|100\/100|[from] U-turn\n|\n|-heal|p2a: Amoonguss|66\/100|[from] Grassy Terrain\n|upkeep\n|turn|32\n|\n|t:|1700347234\n|switch|p2a: Slowking|Slowking, F|97\/100 tox\n|move|p1a: Dragapult|Substitute|p1a: Dragapult\n|-start|p1a: Dragapult|Substitute\n|-damage|p1a: Dragapult|76\/100\n|\n|-heal|p1a: Dragapult|82\/100|[from] Grassy Terrain\n|-heal|p2a: Slowking|100\/100 tox|[from] Grassy Terrain\n|-damage|p2a: Slowking|94\/100 tox|[from] psn\n|upkeep\n|turn|33\n|\n|t:|1700347238\n|move|p1a: Dragapult|Hex|p2a: Slowking\n|-supereffective|p2a: Slowking\n|-damage|p2a: Slowking|38\/100 tox\n|move|p2a: Slowking|Future Sight|p1a: Dragapult\n|-start|p2a: Slowking|move: Future Sight\n|\n|-heal|p1a: Dragapult|88\/100|[from] Grassy Terrain\n|-heal|p2a: Slowking|44\/100 tox|[from] Grassy Terrain\n|-damage|p2a: Slowking|31\/100 tox|[from] psn\n|upkeep\n|turn|34\n|\n|t:|1700347246\n|switch|p2a: Ting-Lu|Ting-Lu|85\/100\n|-ability|p2a: Ting-Lu|Vessel of Ruin\n|move|p1a: Dragapult|Dragon Darts|p2a: Ting-Lu\n|-damage|p2a: Ting-Lu|73\/100\n|-anim|p1a: Dragapult|Dragon Darts|p2a: Ting-Lu\n|-damage|p2a: Ting-Lu|61\/100\n|\n|-heal|p1a: Dragapult|94\/100|[from] Grassy Terrain\n|-heal|p2a: Ting-Lu|67\/100|[from] Grassy Terrain\n|-fieldend|move: Grassy Terrain\n|upkeep\n|turn|35\n|\n|t:|1700347249\n|move|p1a: Dragapult|Will-O-Wisp|p2a: Ting-Lu|[miss]\n|-miss|p1a: Dragapult|p2a: Ting-Lu\n|move|p2a: Ting-Lu|Whirlwind|p1a: Dragapult\n|drag|p1a: Muk|Muk-Alola, F|100\/100\n|-damage|p1a: Muk|88\/100|[from] Spikes\n|\n|-end|p1a: Muk|move: Future Sight\n|-immune|p1a: Muk\n|-heal|p1a: Muk|94\/100|[from] item: Leftovers\n|upkeep\n|turn|36\n|\n|t:|1700347256\n|switch|p1a: Rillaboom|Rillaboom, F|100\/100\n|-damage|p1a: Rillaboom|88\/100|[from] Spikes\n|-fieldstart|move: Grassy Terrain|[from] ability: Grassy Surge|[of] p1a: Rillaboom\n|move|p2a: Ting-Lu|Spikes|p1a: Rillaboom\n|-sidestart|p1: OUHF Zam Zam|Spikes\n|\n|-heal|p1a: Rillaboom|94\/100|[from] Grassy Terrain\n|-heal|p2a: Ting-Lu|74\/100|[from] Grassy Terrain\n|upkeep\n|turn|37\n|\n|t:|1700347262\n|move|p1a: Rillaboom|U-turn|p2a: Ting-Lu\n|-supereffective|p2a: Ting-Lu\n|-damage|p2a: Ting-Lu|29\/100\n|\n|t:|1700347265\n|switch|p1a: Great Tusk|Great Tusk|27\/100|[from] U-turn\n|-damage|p1a: Great Tusk|11\/100|[from] Spikes\n|move|p2a: Ting-Lu|Spikes|p1a: Great Tusk\n|-sidestart|p1: OUHF Zam Zam|Spikes\n|\n|-heal|p1a: Great Tusk|17\/100|[from] Grassy Terrain\n|-heal|p1a: Great Tusk|23\/100|[from] item: Leftovers\n|-heal|p2a: Ting-Lu|35\/100|[from] Grassy Terrain\n|upkeep\n|turn|38\n|\n|t:|1700347270\n|switch|p2a: Dragapult|Dragapult, F|100\/100\n|move|p1a: Great Tusk|Knock Off|p2a: Dragapult\n|-supereffective|p2a: Dragapult\n|-damage|p2a: Dragapult|26\/100\n|-enditem|p2a: Dragapult|Heavy-Duty Boots|[from] move: Knock Off|[of] p1a: Great Tusk\n|\n|-heal|p2a: Dragapult|32\/100|[from] Grassy Terrain\n|-heal|p1a: Great Tusk|29\/100|[from] Grassy Terrain\n|-heal|p1a: Great Tusk|36\/100|[from] item: Leftovers\n|upkeep\n|turn|39\n|\n|t:|1700347282\n|-end|p1a: Great Tusk|Protosynthesis|[silent]\n|switch|p1a: Muk|Muk-Alola, F|94\/100\n|-damage|p1a: Muk|69\/100|[from] Spikes\n|move|p2a: Dragapult|U-turn|p1a: Muk\n|-crit|p1a: Muk\n|-damage|p1a: Muk|45\/100\n|j| Ghosty187\n|l| Ghosty187\n|\n|t:|1700347292\n|switch|p2a: Ting-Lu|Ting-Lu|35\/100|[from] U-turn\n|-ability|p2a: Ting-Lu|Vessel of Ruin\n|\n|-heal|p1a: Muk|51\/100|[from] Grassy Terrain\n|-heal|p1a: Muk|57\/100|[from] item: Leftovers\n|-heal|p2a: Ting-Lu|41\/100|[from] Grassy Terrain\n|upkeep\n|turn|40\n|\n|t:|1700347298\n|move|p1a: Muk|Protect|p1a: Muk\n|-singleturn|p1a: Muk|Protect\n|move|p2a: Ting-Lu|Stealth Rock|p1a: Muk\n|-sidestart|p1: OUHF Zam Zam|move: Stealth Rock\n|\n|-heal|p1a: Muk|63\/100|[from] Grassy Terrain\n|-heal|p1a: Muk|69\/100|[from] item: Leftovers\n|-heal|p2a: Ting-Lu|48\/100|[from] Grassy Terrain\n|-fieldend|move: Grassy Terrain\n|upkeep\n|turn|41\n|\n|t:|1700347306\n|move|p1a: Muk|Drain Punch|p2a: Ting-Lu\n|-supereffective|p2a: Ting-Lu\n|-damage|p2a: Ting-Lu|27\/100\n|-heal|p1a: Muk|82\/100|[from] drain|[of] p2a: Ting-Lu\n|move|p2a: Ting-Lu|Whirlwind|p1a: Muk\n|drag|p1a: Rillaboom|Rillaboom, F|94\/100\n|-damage|p1a: Rillaboom|69\/100|[from] Spikes\n|-damage|p1a: Rillaboom|57\/100|[from] Stealth Rock\n|-fieldstart|move: Grassy Terrain|[from] ability: Grassy Surge|[of] p1a: Rillaboom\n|\n|-heal|p1a: Rillaboom|63\/100|[from] Grassy Terrain\n|-heal|p2a: Ting-Lu|33\/100|[from] Grassy Terrain\n|upkeep\n|turn|42\n|\n|t:|1700347315\n|switch|p2a: Zapdos|Zapdos|100\/100\n|move|p1a: Rillaboom|U-turn|p2a: Zapdos\n|-resisted|p2a: Zapdos\n|-damage|p2a: Zapdos|88\/100\n|\n|t:|1700347321\n|switch|p1a: Bellibolt|Bellibolt, F|52\/100|[from] U-turn\n|\n|-heal|p1a: Bellibolt|59\/100|[from] Grassy Terrain\n|upkeep\n|turn|43\n|\n|t:|1700347328\n|switch|p2a: Amoonguss|Amoonguss, F|99\/100\n|-damage|p2a: Amoonguss|86\/100|[from] Stealth Rock\n|move|p1a: Bellibolt|Slack Off|p1a: Bellibolt\n|-heal|p1a: Bellibolt|100\/100\n|\n|-heal|p2a: Amoonguss|93\/100|[from] Grassy Terrain\n|upkeep\n|turn|44\n|\n|t:|1700347333\n|move|p1a: Bellibolt|Volt Switch|p2a: Amoonguss\n|-resisted|p2a: Amoonguss\n|-damage|p2a: Amoonguss|80\/100\n|\n|t:|1700347340\n|switch|p1a: Gholdengo|Gholdengo|99\/100|[from] Volt Switch\n|-damage|p1a: Gholdengo|74\/100|[from] Spikes\n|-damage|p1a: Gholdengo|68\/100|[from] Stealth Rock\n|move|p2a: Amoonguss|Giga Drain|p1a: Gholdengo\n|-resisted|p1a: Gholdengo\n|-damage|p1a: Gholdengo|58\/100\n|-heal|p2a: Amoonguss|85\/100|[from] drain|[of] p1a: Gholdengo\n|\n|-heal|p1a: Gholdengo|64\/100|[from] Grassy Terrain\n|-heal|p1a: Gholdengo|70\/100|[from] item: Leftovers\n|-heal|p2a: Amoonguss|91\/100|[from] Grassy Terrain\n|upkeep\n|turn|45\n|\n|t:|1700347361\n|switch|p2a: Slowking|Slowking, F|65\/100 tox\n|move|p1a: Gholdengo|Hex|p2a: Slowking\n|-supereffective|p2a: Slowking\n|-damage|p2a: Slowking|0 fnt\n|faint|p2a: Slowking\n|\n|-heal|p1a: Gholdengo|76\/100|[from] Grassy Terrain\n|-heal|p1a: Gholdengo|82\/100|[from] item: Leftovers\n|-fieldend|move: Grassy Terrain\n|upkeep\n|\n|t:|1700347368\n|switch|p2a: Ting-Lu|Ting-Lu|33\/100\n|-ability|p2a: Ting-Lu|Vessel of Ruin\n|turn|46\n|\n|t:|1700347382\n|switch|p1a: Rillaboom|Rillaboom, F|63\/100\n|-damage|p1a: Rillaboom|38\/100|[from] Spikes\n|-damage|p1a: Rillaboom|26\/100|[from] Stealth Rock\n|-fieldstart|move: Grassy Terrain|[from] ability: Grassy Surge|[of] p1a: Rillaboom\n|move|p2a: Ting-Lu|Earthquake|p1a: Rillaboom\n|-resisted|p1a: Rillaboom\n|-damage|p1a: Rillaboom|15\/100\n|\n|-heal|p1a: Rillaboom|22\/100|[from] Grassy Terrain\n|-heal|p2a: Ting-Lu|39\/100|[from] Grassy Terrain\n|upkeep\n|turn|47\n|\n|t:|1700347387\n|switch|p2a: Zapdos|Zapdos|88\/100\n|move|p1a: Rillaboom|U-turn|p2a: Zapdos\n|-resisted|p2a: Zapdos\n|-damage|p2a: Zapdos|73\/100\n|\n|t:|1700347392\n|switch|p1a: Bellibolt|Bellibolt, F|100\/100|[from] U-turn\n|\n|upkeep\n|turn|48\n|\n|t:|1700347397\n|switch|p2a: Amoonguss|Amoonguss, F|100\/100\n|-damage|p2a: Amoonguss|88\/100|[from] Stealth Rock\n|move|p1a: Bellibolt|Toxic|p2a: Amoonguss\n|-immune|p2a: Amoonguss\n|\n|-heal|p2a: Amoonguss|94\/100|[from] Grassy Terrain\n|upkeep\n|turn|49\n|\n|t:|1700347403\n|switch|p2a: Ting-Lu|Ting-Lu|39\/100\n|-ability|p2a: Ting-Lu|Vessel of Ruin\n|move|p1a: Bellibolt|Volt Switch|p2a: Ting-Lu\n|-immune|p2a: Ting-Lu\n|\n|-heal|p2a: Ting-Lu|46\/100|[from] Grassy Terrain\n|upkeep\n|turn|50\n|\n|t:|1700347416\n|move|p2a: Ting-Lu|Earthquake|p1a: Bellibolt\n|-supereffective|p1a: Bellibolt\n|-damage|p1a: Bellibolt|79\/100\n|move|p1a: Bellibolt|Toxic|p2a: Ting-Lu\n|-status|p2a: Ting-Lu|tox\n|\n|-heal|p2a: Ting-Lu|52\/100 tox|[from] Grassy Terrain\n|-heal|p1a: Bellibolt|85\/100|[from] Grassy Terrain\n|-damage|p2a: Ting-Lu|46\/100 tox|[from] psn\n|-fieldend|move: Grassy Terrain\n|upkeep\n|turn|51\n|\n|t:|1700347425\n|move|p1a: Bellibolt|Slack Off|p1a: Bellibolt\n|-heal|p1a: Bellibolt|100\/100\n|move|p2a: Ting-Lu|Whirlwind|p1a: Bellibolt\n|drag|p1a: Muk|Muk-Alola, F|82\/100\n|-damage|p1a: Muk|57\/100|[from] Spikes\n|-damage|p1a: Muk|44\/100|[from] Stealth Rock\n|\n|-heal|p1a: Muk|50\/100|[from] item: Leftovers\n|-damage|p2a: Ting-Lu|33\/100 tox|[from] psn\n|upkeep\n|turn|52\n|\n|t:|1700347433\n|switch|p2a: Amoonguss|Amoonguss, F|100\/100\n|-damage|p2a: Amoonguss|88\/100|[from] Stealth Rock\n|move|p1a: Muk|Protect||[still]\n|-fail|p1a: Muk\n|\n|-heal|p1a: Muk|57\/100|[from] item: Leftovers\n|upkeep\n|turn|53\n|\n|t:|1700347439\n|switch|p2a: Ting-Lu|Ting-Lu|33\/100 tox\n|-ability|p2a: Ting-Lu|Vessel of Ruin\n|move|p1a: Muk|Protect||[still]\n|-fail|p1a: Muk\n|\n|-heal|p1a: Muk|63\/100|[from] item: Leftovers\n|-damage|p2a: Ting-Lu|27\/100 tox|[from] psn\n|upkeep\n|turn|54\n|j| Ghosty187\n|\n|t:|1700347445\n|switch|p2a: Amoonguss|Amoonguss, F|100\/100\n|-damage|p2a: Amoonguss|88\/100|[from] Stealth Rock\n|move|p1a: Muk|Drain Punch|p2a: Amoonguss\n|-resisted|p2a: Amoonguss\n|-damage|p2a: Amoonguss|81\/100\n|-heal|p1a: Muk|66\/100|[from] drain|[of] p2a: Amoonguss\n|\n|-heal|p1a: Muk|72\/100|[from] item: Leftovers\n|upkeep\n|turn|55\n|\n|t:|1700347448\n|move|p1a: Muk|Protect|p1a: Muk\n|-singleturn|p1a: Muk|Protect\n|move|p2a: Amoonguss|Spore|p1a: Muk\n|-activate|p1a: Muk|move: Protect\n|\n|-heal|p1a: Muk|78\/100|[from] item: Leftovers\n|upkeep\n|turn|56\n|\n|t:|1700347454\n|switch|p1a: Gholdengo|Gholdengo|82\/100\n|-damage|p1a: Gholdengo|57\/100|[from] Spikes\n|-damage|p1a: Gholdengo|51\/100|[from] Stealth Rock\n|switch|p2a: Dragapult|Dragapult, F|32\/100\n|-damage|p2a: Dragapult|20\/100|[from] Stealth Rock\n|\n|-heal|p1a: Gholdengo|57\/100|[from] item: Leftovers\n|upkeep\n|turn|57\n|\n|t:|1700347474\n|move|p2a: Dragapult|Hex|p1a: Gholdengo\n|-supereffective|p1a: Gholdengo\n|-damage|p1a: Gholdengo|19\/100\n|move|p1a: Gholdengo|Make It Rain|p2a: Dragapult\n|-damage|p2a: Dragapult|0 fnt\n|-unboost|p1a: Gholdengo|spa|1\n|faint|p2a: Dragapult\n|\n|-heal|p1a: Gholdengo|25\/100|[from] item: Leftovers\n|upkeep\n|\n|t:|1700347480\n|switch|p2a: Zapdos|Zapdos|73\/100\n|turn|58\n|\n|t:|1700347487\n|switch|p1a: Bellibolt|Bellibolt, F|100\/100\n|move|p2a: Zapdos|Heat Wave|p1a: Bellibolt\n|-damage|p1a: Bellibolt|75\/100\n|\n|upkeep\n|turn|59\n|\n|t:|1700347501\n|switch|p2a: Amoonguss|Amoonguss, F|100\/100\n|-damage|p2a: Amoonguss|88\/100|[from] Stealth Rock\n|move|p1a: Bellibolt|Muddy Water|p2a: Amoonguss\n|-resisted|p2a: Amoonguss\n|-damage|p2a: Amoonguss|77\/100\n|\n|upkeep\n|turn|60\n|\n|t:|1700347504\n|move|p1a: Bellibolt|Volt Switch|p2a: Amoonguss\n|-resisted|p2a: Amoonguss\n|-damage|p2a: Amoonguss|65\/100\n|\n|t:|1700347510\n|switch|p1a: Rillaboom|Rillaboom, F|22\/100|[from] Volt Switch\n|-damage|p1a: Rillaboom|0 fnt|[from] Spikes\n|faint|p1a: Rillaboom\n|move|p2a: Amoonguss|Toxic|p1: Rillaboom|[notarget]\n|-fail|p2a: Amoonguss\n|\n|upkeep\n|\n|t:|1700347515\n|switch|p1a: Great Tusk|Great Tusk|36\/100\n|-damage|p1a: Great Tusk|11\/100|[from] Spikes\n|-damage|p1a: Great Tusk|8\/100|[from] Stealth Rock\n|turn|61\n|l|\u2606Wavydavie\n|inactive|Wavydavie disconnected and has a minute to reconnect!\n|player|p2|\n|l| Ghosty187\n|inactive|Wavydavie has 30 seconds to reconnect!\n|inactive|Wavydavie has 20 seconds to reconnect!\n|inactive|Wavydavie has 15 seconds to reconnect!\n|inactive|Wavydavie has 10 seconds to reconnect!\n|inactive|Wavydavie has 5 seconds to reconnect!\n|-message|Wavydavie lost due to inactivity.\n|\n|win|OUHF Zam Zam\n|raw|OUHF Zam Zam's rating: 1767 &rarr; <strong>1784<\/strong><br \/>(+17 for winning)\n|raw|Wavydavie's rating: 1707 &rarr; <strong>1690<\/strong><br \/>(-17 for losing)\n","uploadtime":1700347601,"views":9,"p1id":"ouhfzamzam","p2id":"wavydavie","formatid":"gen9ou","rating":1690,"private":0,"password":""}