{"id":"gen9ou-1993495579","p1":"lehuynhan","p2":"Nick Martini","format":"[Gen 9] OU","log":"|j|\u2606lehuynhan\n|j|\u2606Nick Martini\n|t:|1700324724\n|gametype|singles\n|player|p1|lehuynhan|101|1119\n|player|p2|Nick Martini|cynthia-gen4|1220\n|teamsize|p1|6\n|teamsize|p2|6\n|gen|9\n|tier|[Gen 9] OU\n|rated|\n|rule|Sleep Clause Mod: Limit one foe put to sleep\n|rule|Species Clause: Limit one of each Pok\u00e9mon\n|rule|OHKO Clause: OHKO moves are banned\n|rule|Evasion Items Clause: Evasion items are banned\n|rule|Evasion Moves Clause: Evasion moves are banned\n|rule|Endless Battle Clause: Forcing endless battles is banned\n|rule|HP Percentage Mod: HP is shown in percentages\n|clearpoke\n|poke|p1|Alomomola, F|\n|poke|p1|Slowking-Galar, F|\n|poke|p1|Kingambit, F|\n|poke|p1|Great Tusk|\n|poke|p1|Cinderace, F|\n|poke|p1|Thundurus-Therian, M|\n|poke|p2|Vaporeon, M|\n|poke|p2|Pelipper, M|\n|poke|p2|Thundurus-Therian, M|\n|poke|p2|Tropius, F|\n|poke|p2|Dragapult, M|\n|poke|p2|Alomomola, F|\n|teampreview\n|\n|t:|1700324729\n|start\n|switch|p1a: Thundurus|Thundurus-Therian, M|100\/100\n|switch|p2a: Dragapult|Dragapult, M|100\/100\n|turn|1\n|inactive|Battle timer is ON: inactive players will automatically lose when time's up. (requested by lehuynhan)\n|\n|t:|1700324737\n|move|p2a: Dragapult|Light Screen|p2a: Dragapult\n|-sidestart|p2: Nick Martini|move: Light Screen\n|move|p1a: Thundurus|Volt Switch|p2a: Dragapult\n|-resisted|p2a: Dragapult\n|-damage|p2a: Dragapult|85\/100\n|-damage|p1a: Thundurus|91\/100|[from] item: Life Orb\n|\n|t:|1700324751\n|switch|p1a: Cinderace|Cinderace, F|100\/100|[from] Volt Switch\n|\n|upkeep\n|turn|2\n|\n|t:|1700324758\n|move|p2a: Dragapult|Reflect|p2a: Dragapult\n|-sidestart|p2: Nick Martini|Reflect\n|move|p1a: Cinderace|Will-O-Wisp|p2a: Dragapult\n|-status|p2a: Dragapult|brn\n|\n|-damage|p2a: Dragapult|79\/100 brn|[from] brn\n|upkeep\n|turn|3\n|\n|t:|1700324765\n|move|p2a: Dragapult|Curse|p1a: Cinderace\n|-start|p1a: Cinderace|Curse|[of] p2a: Dragapult\n|-damage|p2a: Dragapult|29\/100 brn\n|move|p1a: Cinderace|Court Change|p1a: Cinderace\n|-start|p1a: Cinderace|typechange|Normal|[from] ability: Libero\n|-swapsideconditions\n|-activate|p1a: Cinderace|move: Court Change\n|\n|-damage|p2a: Dragapult|23\/100 brn|[from] brn\n|-damage|p1a: Cinderace|76\/100|[from] Curse\n|upkeep\n|turn|4\n|\n|t:|1700324775\n|switch|p1a: Slowking|Slowking-Galar, F|100\/100\n|move|p2a: Dragapult|Reflect|p2a: Dragapult\n|-sidestart|p2: Nick Martini|Reflect\n|\n|-damage|p2a: Dragapult|17\/100 brn|[from] brn\n|upkeep\n|turn|5\n|\n|t:|1700324780\n|move|p2a: Dragapult|Light Screen|p2a: Dragapult\n|-sidestart|p2: Nick Martini|move: Light Screen\n|move|p1a: Slowking|Future Sight|p2a: Dragapult\n|-start|p1a: Slowking|move: Future Sight\n|\n|-damage|p2a: Dragapult|11\/100 brn|[from] brn\n|upkeep\n|turn|6\n|\n|t:|1700324808\n|move|p2a: Dragapult|Curse|p1a: Slowking\n|-start|p1a: Slowking|Curse|[of] p2a: Dragapult\n|-damage|p2a: Dragapult|0 fnt\n|faint|p2a: Dragapult\n|move|p1a: Slowking|Chilly Reception|p1a: Slowking\n|-weather|Snow\n|\n|t:|1700324817\n|switch|p1a: Great Tusk|Great Tusk|100\/100|[from] Chilly Reception\n|\n|-weather|Snow|[upkeep]\n|upkeep\n|inactive|Nick Martini has 120 seconds left.\n|\n|t:|1700324845\n|switch|p2a: Tropius|Tropius, F|100\/100\n|turn|7\n|\n|t:|1700324860\n|-terastallize|p1a: Great Tusk|Ice\n|move|p1a: Great Tusk|Stealth Rock|p2a: Tropius\n|-sidestart|p2: Nick Martini|move: Stealth Rock\n|move|p2a: Tropius|Leech Seed|p1a: Great Tusk\n|-start|p1a: Great Tusk|move: Leech Seed\n|\n|-weather|Snow|[upkeep]\n|-end|p2a: Tropius|move: Future Sight\n|-damage|p2a: Tropius|84\/100\n|-damage|p1a: Great Tusk|88\/100|[from] Leech Seed|[of] p2a: Tropius\n|-heal|p2a: Tropius|96\/100|[silent]\n|upkeep\n|turn|8\n|inactive|Nick Martini has 120 seconds left.\n|\n|t:|1700324873\n|move|p1a: Great Tusk|Rapid Spin|p2a: Tropius\n|-damage|p2a: Tropius|87\/100\n|-boost|p1a: Great Tusk|spe|1\n|-end|p1a: Great Tusk|Leech Seed|[from] move: Rapid Spin|[of] p1a: Great Tusk\n|move|p2a: Tropius|Substitute|p2a: Tropius\n|-start|p2a: Tropius|Substitute\n|-damage|p2a: Tropius|62\/100\n|\n|-weather|Snow|[upkeep]\n|-sideend|p1: lehuynhan|move: Light Screen\n|upkeep\n|turn|9\n|\n|t:|1700324882\n|move|p1a: Great Tusk|Ice Spinner|p2a: Tropius\n|-supereffective|p2a: Tropius\n|-end|p2a: Tropius|Substitute\n|move|p2a: Tropius|Leech Seed|p1a: Great Tusk\n|-start|p1a: Great Tusk|move: Leech Seed\n|\n|-weather|Snow|[upkeep]\n|-damage|p1a: Great Tusk|76\/100|[from] Leech Seed|[of] p2a: Tropius\n|-heal|p2a: Tropius|73\/100|[silent]\n|-sideend|p1: lehuynhan|Reflect\n|upkeep\n|turn|10\n|\n|t:|1700324891\n|move|p1a: Great Tusk|Ice Spinner|p2a: Tropius\n|-supereffective|p2a: Tropius\n|-damage|p2a: Tropius|0 fnt\n|faint|p2a: Tropius\n|\n|-weather|none\n|upkeep\n|\n|t:|1700324897\n|switch|p2a: Thundurus|Thundurus-Therian, M|100\/100\n|-damage|p2a: Thundurus|76\/100|[from] Stealth Rock\n|turn|11\n|\n|t:|1700324910\n|-terastallize|p2a: Thundurus|Electric\n|move|p1a: Great Tusk|Ice Spinner|p2a: Thundurus\n|-damage|p2a: Thundurus|44\/100\n|move|p2a: Thundurus|Volt Switch|p1a: Great Tusk\n|-damage|p1a: Great Tusk|0 fnt\n|faint|p1a: Great Tusk\n|-end|p1a: Great Tusk|Protosynthesis|[silent]\n|-message|Nick Martini forfeited.\n|\n|win|lehuynhan\n|raw|lehuynhan's rating: 1119 &rarr; <strong>1151<\/strong><br \/>(+32 for winning)\n|raw|Nick Martini's rating: 1220 &rarr; <strong>1188<\/strong><br \/>(-32 for losing)\n|l|\u2606Nick Martini\n","uploadtime":1700324922,"views":9,"p1id":"lehuynhan","p2id":"nickmartini","formatid":"gen9ou","rating":1151,"private":0,"password":""}