{"id":"gen9ou-1996477622","p1":"meal task deal see","p2":"spicy piquant","format":"[Gen 9] OU","log":"|j|\u2606meal task deal see\n|j|\u2606spicy piquant\n|t:|1700685847\n|gametype|singles\n|player|p1|meal task deal see|kieran-festival|1571\n|player|p2|spicy piquant|170|1602\n|teamsize|p1|6\n|teamsize|p2|6\n|gen|9\n|tier|[Gen 9] OU\n|rated|\n|rule|Sleep Clause Mod: Limit one foe put to sleep\n|rule|Species Clause: Limit one of each Pok\u00e9mon\n|rule|OHKO Clause: OHKO moves are banned\n|rule|Evasion Items Clause: Evasion items are banned\n|rule|Evasion Moves Clause: Evasion moves are banned\n|rule|Endless Battle Clause: Forcing endless battles is banned\n|rule|HP Percentage Mod: HP is shown in percentages\n|clearpoke\n|poke|p1|Hatterene, F|\n|poke|p1|Moltres|\n|poke|p1|Walking Wake|\n|poke|p1|Torkoal, M|\n|poke|p1|Lilligant-Hisui, F|\n|poke|p1|Sandy Shocks|\n|poke|p2|Ogerpon-Wellspring, F|\n|poke|p2|Gholdengo|\n|poke|p2|Cinderace, F|\n|poke|p2|Toxapex, F|\n|poke|p2|Corviknight, F|\n|poke|p2|Ursaluna, M|\n|teampreview\n|inactive|Battle timer is ON: inactive players will automatically lose when time's up. (requested by meal task deal see)\n|\n|t:|1700685861\n|start\n|switch|p1a: Sandy Shocks|Sandy Shocks|100\/100\n|switch|p2a: Ursaluna|Ursaluna, M|100\/100\n|turn|1\n|\n|t:|1700685870\n|-terastallize|p1a: Sandy Shocks|Ice\n|move|p1a: Sandy Shocks|Tera Blast|p2a: Ursaluna|[anim] Tera Blast Ice\n|-supereffective|p2a: Ursaluna\n|-damage|p2a: Ursaluna|25\/100\n|move|p2a: Ursaluna|Earthquake|p1a: Sandy Shocks\n|-damage|p1a: Sandy Shocks|32\/100\n|\n|-status|p2a: Ursaluna|brn|[from] item: Flame Orb\n|upkeep\n|turn|2\n|\n|t:|1700685878\n|switch|p2a: Gholdengo|Gholdengo|100\/100\n|move|p1a: Sandy Shocks|Tera Blast|p2a: Gholdengo|[anim] Tera Blast Ice\n|-resisted|p2a: Gholdengo\n|-damage|p2a: Gholdengo|77\/100\n|\n|upkeep\n|turn|3\n|\n|t:|1700685883\n|move|p2a: Gholdengo|Shadow Ball|p1a: Sandy Shocks\n|-damage|p1a: Sandy Shocks|0 fnt\n|faint|p1a: Sandy Shocks\n|-end|p1a: Sandy Shocks|Protosynthesis|[silent]\n|\n|upkeep\n|\n|t:|1700685886\n|switch|p1a: Torkoal|Torkoal, M|100\/100\n|-weather|SunnyDay|[from] ability: Drought|[of] p1a: Torkoal\n|turn|4\n|\n|t:|1700685891\n|switch|p2a: Ursaluna|Ursaluna, M|25\/100 brn\n|switch|p1a: Hatterene|Hatterene, F|100\/100\n|\n|-weather|SunnyDay|[upkeep]\n|-damage|p2a: Ursaluna|19\/100 brn|[from] brn\n|upkeep\n|turn|5\n|j| FatherSuperior7\n|l| FatherSuperior7\n|\n|t:|1700685896\n|move|p2a: Ursaluna|Facade|p1a: Hatterene\n|-damage|p1a: Hatterene|0 fnt\n|faint|p1a: Hatterene\n|\n|-weather|SunnyDay|[upkeep]\n|-damage|p2a: Ursaluna|13\/100 brn|[from] brn\n|upkeep\n|\n|t:|1700685908\n|switch|p1a: Walking Wake|Walking Wake|100\/100\n|-activate|p1a: Walking Wake|ability: Protosynthesis\n|-start|p1a: Walking Wake|protosynthesisspe\n|turn|6\n|\n|t:|1700685915\n|move|p1a: Walking Wake|Weather Ball|p2a: Ursaluna\n|-damage|p2a: Ursaluna|0 fnt\n|faint|p2a: Ursaluna\n|\n|-weather|SunnyDay|[upkeep]\n|upkeep\n|\n|t:|1700685920\n|switch|p2a: Toxapex|Toxapex, F|100\/100\n|turn|7\n|\n|t:|1700685927\n|-end|p1a: Walking Wake|Protosynthesis|[silent]\n|switch|p1a: Moltres|Moltres|100\/100\n|move|p2a: Toxapex|Sludge Bomb|p1a: Moltres\n|-crit|p1a: Moltres\n|-damage|p1a: Moltres|48\/100\n|-status|p1a: Moltres|psn\n|\n|-weather|SunnyDay|[upkeep]\n|-damage|p1a: Moltres|36\/100 psn|[from] psn\n|upkeep\n|turn|8\n|\n|t:|1700685933\n|move|p1a: Moltres|Air Slash|p2a: Toxapex\n|-damage|p2a: Toxapex|80\/100\n|move|p2a: Toxapex|Infestation|p1a: Moltres\n|-resisted|p1a: Moltres\n|-damage|p1a: Moltres|35\/100 psn\n|-activate|p1a: Moltres|move: Infestation|[of] p2a: Toxapex\n|\n|-weather|SunnyDay|[upkeep]\n|-damage|p1a: Moltres|22\/100 psn|[from] psn\n|-damage|p1a: Moltres|10\/100 psn|[from] move: Infestation|[partiallytrapped]\n|upkeep\n|turn|9\n|\n|t:|1700685938\n|move|p1a: Moltres|Roost|p1a: Moltres\n|-heal|p1a: Moltres|60\/100 psn\n|-singleturn|p1a: Moltres|move: Roost\n|move|p2a: Toxapex|Sludge Bomb|p1a: Moltres\n|-damage|p1a: Moltres|27\/100 psn\n|\n|-weather|SunnyDay|[upkeep]\n|-damage|p1a: Moltres|15\/100 psn|[from] psn\n|-damage|p1a: Moltres|3\/100 psn|[from] move: Infestation|[partiallytrapped]\n|upkeep\n|turn|10\n|\n|t:|1700685942\n|move|p1a: Moltres|Overheat|p2a: Toxapex\n|-resisted|p2a: Toxapex\n|-damage|p2a: Toxapex|53\/100\n|-unboost|p1a: Moltres|spa|2\n|-enditem|p1a: Moltres|Eject Pack\n|\n|t:|1700685947\n|switch|p1a: Lilligant|Lilligant-Hisui, F, shiny|100\/100\n|move|p2a: Toxapex|Sludge Bomb|p1a: Lilligant\n|-supereffective|p1a: Lilligant\n|-damage|p1a: Lilligant|8\/100\n|\n|-weather|SunnyDay|[upkeep]\n|upkeep\n|turn|11\n|-message|meal task deal see forfeited.\n|\n|win|spicy piquant\n|raw|meal task deal see's rating: 1571 &rarr; <strong>1553<\/strong><br \/>(-18 for losing)\n|raw|spicy piquant's rating: 1602 &rarr; <strong>1620<\/strong><br \/>(+18 for winning)\n|l|\u2606meal task deal see\n","uploadtime":1700685956,"views":18,"p1id":"mealtaskdealsee","p2id":"spicypiquant","formatid":"gen9ou","rating":1553,"private":0,"password":""}