{"id":"gen9ou-1997336218","p1":"Jambees","p2":"napg0d","format":"[Gen 9] OU","log":"|j|\u2606Jambees\n|j|\u2606napg0d\n|t:|1700790999\n|gametype|singles\n|player|p1|Jambees|marnie-masters|\n|player|p2|napg0d|swimmerm-gen2|\n|teamsize|p1|6\n|teamsize|p2|6\n|gen|9\n|tier|[Gen 9] OU\n|rule|Sleep Clause Mod: Limit one foe put to sleep\n|rule|Species Clause: Limit one of each Pok\u00e9mon\n|rule|OHKO Clause: OHKO moves are banned\n|rule|Evasion Items Clause: Evasion items are banned\n|rule|Evasion Moves Clause: Evasion moves are banned\n|rule|Endless Battle Clause: Forcing endless battles is banned\n|rule|HP Percentage Mod: HP is shown in percentages\n|clearpoke\n|poke|p1|Sinistcha-Masterpiece|\n|poke|p1|Vaporeon, M|\n|poke|p1|Typhlosion-Hisui, M|\n|poke|p1|Cyclizar, F|\n|poke|p1|Hawlucha, M|\n|poke|p1|Pincurchin, F|\n|poke|p2|Haxorus, F|\n|poke|p2|Jolteon, F|\n|poke|p2|Heatran, M|\n|poke|p2|Quaquaval, F|\n|poke|p2|Clefable, M|\n|poke|p2|Forretress, M|\n|teampreview\n|j| edicts\n|j| LuichoX\n|\n|t:|1700791016\n|start\n|switch|p1a: Ride me ;p|Cyclizar, F|100\/100\n|switch|p2a: Urawa Red Diamonds|Haxorus, F, shiny|100\/100\n|-ability|p2a: Urawa Red Diamonds|Mold Breaker\n|turn|1\n|\n|t:|1700791031\n|move|p1a: Ride me ;p|Draco Meteor|p2a: Urawa Red Diamonds\n|-supereffective|p2a: Urawa Red Diamonds\n|-damage|p2a: Urawa Red Diamonds|0 fnt\n|-unboost|p1a: Ride me ;p|spa|2\n|faint|p2a: Urawa Red Diamonds\n|-damage|p1a: Ride me ;p|91\/100|[from] item: Life Orb\n|\n|upkeep\n|\n|t:|1700791038\n|switch|p2a: ACF Fiorentina|Quaquaval, F|100\/100\n|turn|2\n|\n|t:|1700791044\n|move|p1a: Ride me ;p|U-turn|p2a: ACF Fiorentina\n|-resisted|p2a: ACF Fiorentina\n|-damage|p2a: ACF Fiorentina|88\/100\n|-damage|p1a: Ride me ;p|81\/100|[from] item: Life Orb\n|\n|t:|1700791049\n|switch|p1a: Gween Tee! Cowfee!|Sinistcha-Masterpiece|100\/100|[from] U-turn\n|move|p2a: ACF Fiorentina|Aqua Step|p1a: Gween Tee! Cowfee!\n|-resisted|p1a: Gween Tee! Cowfee!\n|-damage|p1a: Gween Tee! Cowfee!|75\/100\n|-boost|p2a: ACF Fiorentina|spe|1\n|\n|-heal|p1a: Gween Tee! Cowfee!|81\/100|[from] item: Leftovers\n|upkeep\n|turn|3\n|\n|t:|1700791064\n|switch|p2a: FC Barcelona|Heatran, M|100\/100\n|-item|p2a: FC Barcelona|Air Balloon\n|move|p1a: Gween Tee! Cowfee!|Matcha Gotcha|p2a: FC Barcelona\n|-resisted|p2a: FC Barcelona\n|-damage|p2a: FC Barcelona|89\/100\n|-heal|p1a: Gween Tee! Cowfee!|88\/100|[from] drain|[of] p2a: FC Barcelona\n|-enditem|p2a: FC Barcelona|Air Balloon\n|\n|-heal|p1a: Gween Tee! Cowfee!|94\/100|[from] item: Leftovers\n|upkeep\n|turn|4\n|\n|t:|1700791080\n|switch|p1a: Compatibility|Vaporeon, M, shiny|100\/100\n|move|p2a: FC Barcelona|Stealth Rock|p1a: Compatibility\n|-sidestart|p1: Jambees|move: Stealth Rock\n|\n|upkeep\n|turn|5\n|\n|t:|1700791090\n|switch|p2a: FC Union Berlin|Forretress, M|100\/100\n|move|p1a: Compatibility|Scald|p2a: FC Union Berlin\n|-damage|p2a: FC Union Berlin|60\/100\n|\n|-heal|p2a: FC Union Berlin|67\/100|[from] item: Leftovers\n|upkeep\n|turn|6\n|\n|t:|1700791098\n|move|p1a: Compatibility|Scald|p2a: FC Union Berlin\n|-damage|p2a: FC Union Berlin|26\/100\n|move|p2a: FC Union Berlin|Spikes|p1a: Compatibility\n|-sidestart|p1: Jambees|Spikes\n|\n|-heal|p2a: FC Union Berlin|32\/100|[from] item: Leftovers\n|upkeep\n|turn|7\n|\n|t:|1700791112\n|switch|p2a: ACF Fiorentina|Quaquaval, F|88\/100\n|move|p1a: Compatibility|Scald|p2a: ACF Fiorentina\n|-resisted|p2a: ACF Fiorentina\n|-damage|p2a: ACF Fiorentina|66\/100\n|\n|upkeep\n|turn|8\n|\n|t:|1700791124\n|move|p2a: ACF Fiorentina|Aqua Step|p1a: Compatibility\n|-immune|p1a: Compatibility|[from] ability: Water Absorb\n|move|p1a: Compatibility|Flip Turn|p2a: ACF Fiorentina\n|-resisted|p2a: ACF Fiorentina\n|-damage|p2a: ACF Fiorentina|57\/100\n|\n|t:|1700791133\n|switch|p1a: Gween Tee! Cowfee!|Sinistcha-Masterpiece|94\/100|[from] Flip Turn\n|-damage|p1a: Gween Tee! Cowfee!|82\/100|[from] Stealth Rock\n|-damage|p1a: Gween Tee! Cowfee!|70\/100|[from] Spikes\n|\n|-heal|p1a: Gween Tee! Cowfee!|75\/100|[from] item: Leftovers\n|upkeep\n|turn|9\n|\n|t:|1700791143\n|switch|p2a: FC Union Berlin|Forretress, M|32\/100\n|move|p1a: Gween Tee! Cowfee!|Shadow Ball|p2a: FC Union Berlin\n|-damage|p2a: FC Union Berlin|0 fnt\n|faint|p2a: FC Union Berlin\n|\n|-heal|p1a: Gween Tee! Cowfee!|81\/100|[from] item: Leftovers\n|upkeep\n|\n|t:|1700791155\n|switch|p2a: FC Barcelona|Heatran, M|89\/100\n|turn|10\n|\n|t:|1700791160\n|switch|p1a: Compatibility|Vaporeon, M, shiny|100\/100\n|-damage|p1a: Compatibility|88\/100|[from] Stealth Rock\n|-damage|p1a: Compatibility|75\/100|[from] Spikes\n|move|p2a: FC Barcelona|Magma Storm|p1a: Compatibility|[miss]\n|-miss|p2a: FC Barcelona|p1a: Compatibility\n|\n|-heal|p1a: Compatibility|82\/100|[from] item: Leftovers\n|upkeep\n|turn|11\n|\n|t:|1700791173\n|switch|p2a: Everton FC|Clefable, M|100\/100\n|move|p1a: Compatibility|Scald|p2a: Everton FC\n|-damage|p2a: Everton FC|74\/100\n|\n|-heal|p2a: Everton FC|80\/100|[from] item: Leftovers\n|-heal|p1a: Compatibility|88\/100|[from] item: Leftovers\n|upkeep\n|turn|12\n|\n|t:|1700791181\n|move|p2a: Everton FC|Calm Mind|p2a: Everton FC\n|-boost|p2a: Everton FC|spa|1\n|-boost|p2a: Everton FC|spd|1\n|move|p1a: Compatibility|Flip Turn|p2a: Everton FC\n|-damage|p2a: Everton FC|69\/100\n|\n|t:|1700791189\n|switch|p1a: Ride me ;p|Cyclizar, F|100\/100|[from] Flip Turn\n|-damage|p1a: Ride me ;p|88\/100|[from] Stealth Rock\n|-damage|p1a: Ride me ;p|76\/100|[from] Spikes\n|\n|-heal|p2a: Everton FC|75\/100|[from] item: Leftovers\n|upkeep\n|turn|13\n|\n|t:|1700791203\n|move|p1a: Ride me ;p|Rapid Spin|p2a: Everton FC\n|-crit|p2a: Everton FC\n|-damage|p2a: Everton FC|54\/100\n|-boost|p1a: Ride me ;p|spe|1\n|-sideend|p1: Jambees|Spikes|[from] move: Rapid Spin|[of] p1a: Ride me ;p\n|-sideend|p1: Jambees|Stealth Rock|[from] move: Rapid Spin|[of] p1a: Ride me ;p\n|-damage|p1a: Ride me ;p|66\/100|[from] item: Life Orb\n|move|p2a: Everton FC|Moonblast|p1a: Ride me ;p\n|-supereffective|p1a: Ride me ;p\n|-damage|p1a: Ride me ;p|0 fnt\n|faint|p1a: Ride me ;p\n|\n|-heal|p2a: Everton FC|60\/100|[from] item: Leftovers\n|upkeep\n|\n|t:|1700791222\n|switch|p1a: Mouth Balls|Pincurchin, F, shiny|100\/100\n|-fieldstart|move: Electric Terrain|[from] ability: Electric Surge|[of] p1a: Mouth Balls\n|turn|14\n|\n|t:|1700791245\n|move|p2a: Everton FC|Moonblast|p1a: Mouth Balls\n|-damage|p1a: Mouth Balls|45\/100\n|-unboost|p1a: Mouth Balls|spa|1\n|move|p1a: Mouth Balls|Thunder Wave|p2a: Everton FC\n|-status|p2a: Everton FC|par\n|\n|-heal|p2a: Everton FC|66\/100 par|[from] item: Leftovers\n|upkeep\n|turn|15\n|\n|t:|1700791259\n|switch|p1a: Highphlosion|Typhlosion-Hisui, M, shiny|100\/100\n|move|p2a: Everton FC|Moonblast|p1a: Highphlosion\n|-resisted|p1a: Highphlosion\n|-damage|p1a: Highphlosion|68\/100\n|\n|-heal|p2a: Everton FC|73\/100 par|[from] item: Leftovers\n|upkeep\n|turn|16\n|\n|t:|1700791269\n|move|p1a: Highphlosion|Infernal Parade|p2a: Everton FC\n|-damage|p2a: Everton FC|11\/100 par\n|move|p2a: Everton FC|Moonblast|p1a: Highphlosion\n|-resisted|p1a: Highphlosion\n|-damage|p1a: Highphlosion|39\/100\n|-unboost|p1a: Highphlosion|spa|1\n|\n|-heal|p2a: Everton FC|18\/100 par|[from] item: Leftovers\n|upkeep\n|turn|17\n|\n|t:|1700791281\n|move|p1a: Highphlosion|Infernal Parade|p2a: Everton FC\n|-damage|p2a: Everton FC|0 fnt\n|faint|p2a: Everton FC\n|\n|upkeep\n|\n|t:|1700791296\n|switch|p2a: Borussia Dortmund|Jolteon, F|100\/100\n|turn|18\n|\n|t:|1700791305\n|switch|p1a: Gween Tee! Cowfee!|Sinistcha-Masterpiece|81\/100\n|move|p2a: Borussia Dortmund|Thunderbolt|p1a: Gween Tee! Cowfee!\n|-resisted|p1a: Gween Tee! Cowfee!\n|-damage|p1a: Gween Tee! Cowfee!|52\/100\n|\n|-heal|p1a: Gween Tee! Cowfee!|58\/100|[from] item: Leftovers\n|upkeep\n|turn|19\n|\n|t:|1700791315\n|move|p2a: Borussia Dortmund|Calm Mind|p2a: Borussia Dortmund\n|-boost|p2a: Borussia Dortmund|spa|1\n|-boost|p2a: Borussia Dortmund|spd|1\n|move|p1a: Gween Tee! Cowfee!|Strength Sap|p2a: Borussia Dortmund\n|-unboost|p2a: Borussia Dortmund|atk|1\n|-heal|p1a: Gween Tee! Cowfee!|100\/100\n|\n|upkeep\n|turn|20\n|\n|t:|1700791326\n|move|p2a: Borussia Dortmund|Calm Mind|p2a: Borussia Dortmund\n|-boost|p2a: Borussia Dortmund|spa|1\n|-boost|p2a: Borussia Dortmund|spd|1\n|move|p1a: Gween Tee! Cowfee!|Calm Mind|p1a: Gween Tee! Cowfee!\n|-boost|p1a: Gween Tee! Cowfee!|spa|1\n|-boost|p1a: Gween Tee! Cowfee!|spd|1\n|\n|upkeep\n|turn|21\n|\n|t:|1700791339\n|-terastallize|p2a: Borussia Dortmund|Fairy\n|move|p2a: Borussia Dortmund|Tera Blast|p1a: Gween Tee! Cowfee!|[anim] Tera Blast Fairy\n|-damage|p1a: Gween Tee! Cowfee!|48\/100\n|move|p1a: Gween Tee! Cowfee!|Matcha Gotcha|p2a: Borussia Dortmund\n|-damage|p2a: Borussia Dortmund|57\/100\n|-heal|p1a: Gween Tee! Cowfee!|68\/100|[from] drain|[of] p2a: Borussia Dortmund\n|\n|-heal|p2a: Borussia Dortmund|63\/100|[from] item: Leftovers\n|-heal|p1a: Gween Tee! Cowfee!|74\/100|[from] item: Leftovers\n|-fieldend|move: Electric Terrain\n|upkeep\n|turn|22\n|\n|t:|1700791352\n|move|p2a: Borussia Dortmund|Tera Blast|p1a: Gween Tee! Cowfee!|[anim] Tera Blast Fairy\n|-damage|p1a: Gween Tee! Cowfee!|19\/100\n|move|p1a: Gween Tee! Cowfee!|Matcha Gotcha|p2a: Borussia Dortmund\n|-damage|p2a: Borussia Dortmund|21\/100\n|-heal|p1a: Gween Tee! Cowfee!|39\/100|[from] drain|[of] p2a: Borussia Dortmund\n|-status|p2a: Borussia Dortmund|brn\n|\n|-heal|p2a: Borussia Dortmund|27\/100 brn|[from] item: Leftovers\n|-heal|p1a: Gween Tee! Cowfee!|45\/100|[from] item: Leftovers\n|-damage|p2a: Borussia Dortmund|21\/100 brn|[from] brn\n|upkeep\n|turn|23\n|\n|t:|1700791364\n|-terastallize|p1a: Gween Tee! Cowfee!|Fire\n|move|p2a: Borussia Dortmund|Tera Blast|p1a: Gween Tee! Cowfee!|[anim] Tera Blast Fairy\n|-resisted|p1a: Gween Tee! Cowfee!\n|-damage|p1a: Gween Tee! Cowfee!|17\/100\n|move|p1a: Gween Tee! Cowfee!|Matcha Gotcha|p2a: Borussia Dortmund|[miss]\n|-miss|p1a: Gween Tee! Cowfee!|p2a: Borussia Dortmund\n|\n|-heal|p2a: Borussia Dortmund|27\/100 brn|[from] item: Leftovers\n|-heal|p1a: Gween Tee! Cowfee!|23\/100|[from] item: Leftovers\n|-damage|p2a: Borussia Dortmund|21\/100 brn|[from] brn\n|upkeep\n|turn|24\n|\n|t:|1700791382\n|move|p2a: Borussia Dortmund|Tera Blast|p1a: Gween Tee! Cowfee!|[anim] Tera Blast Fairy\n|-resisted|p1a: Gween Tee! Cowfee!\n|-damage|p1a: Gween Tee! Cowfee!|0 fnt\n|faint|p1a: Gween Tee! Cowfee!\n|\n|-heal|p2a: Borussia Dortmund|27\/100 brn|[from] item: Leftovers\n|-damage|p2a: Borussia Dortmund|21\/100 brn|[from] brn\n|upkeep\n|\n|t:|1700791401\n|switch|p1a: Mouth Balls|Pincurchin, F, shiny|45\/100\n|-fieldstart|move: Electric Terrain|[from] ability: Electric Surge|[of] p1a: Mouth Balls\n|turn|25\n|\n|t:|1700791406\n|move|p2a: Borussia Dortmund|Thunderbolt|p1a: Mouth Balls\n|-resisted|p1a: Mouth Balls\n|-damage|p1a: Mouth Balls|0 fnt\n|faint|p1a: Mouth Balls\n|\n|-heal|p2a: Borussia Dortmund|27\/100 brn|[from] item: Leftovers\n|-damage|p2a: Borussia Dortmund|21\/100 brn|[from] brn\n|upkeep\n|\n|t:|1700791412\n|switch|p1a: Bird Person|Hawlucha, M|100\/100\n|-enditem|p1a: Bird Person|Electric Seed\n|-boost|p1a: Bird Person|def|1|[from] item: Electric Seed\n|turn|26\n|\n|t:|1700791422\n|move|p1a: Bird Person|Acrobatics|p2a: Borussia Dortmund\n|-damage|p2a: Borussia Dortmund|0 fnt\n|faint|p2a: Borussia Dortmund\n|\n|upkeep\n|\n|t:|1700791425\n|switch|p2a: FC Barcelona|Heatran, M|89\/100\n|turn|27\n|\n|t:|1700791436\n|move|p1a: Bird Person|Close Combat|p2a: FC Barcelona\n|-supereffective|p2a: FC Barcelona\n|-damage|p2a: FC Barcelona|0 fnt\n|-unboost|p1a: Bird Person|def|1\n|-unboost|p1a: Bird Person|spd|1\n|faint|p2a: FC Barcelona\n|\n|upkeep\n|\n|t:|1700791440\n|switch|p2a: ACF Fiorentina|Quaquaval, F|57\/100\n|turn|28\n|\n|t:|1700791444\n|move|p1a: Bird Person|Acrobatics|p2a: ACF Fiorentina\n|-supereffective|p2a: ACF Fiorentina\n|-damage|p2a: ACF Fiorentina|0 fnt\n|faint|p2a: ACF Fiorentina\n|\n|win|Jambees\n","uploadtime":1700791450,"views":10,"p1id":"jambees","p2id":"napg0d","formatid":"gen9ou","rating":0,"private":0,"password":""}