{"id":"gen9ou-1992108502","p1":"blue destruction","p2":"Bxkskdk","format":"[Gen 9] OU","log":"|j|\u2606blue destruction\n|j|\u2606Bxkskdk\n|t:|1700155788\n|gametype|singles\n|player|p1|blue destruction|ltsurge|1111\n|player|p2|Bxkskdk|palmer|1040\n|teamsize|p1|6\n|teamsize|p2|6\n|gen|9\n|tier|[Gen 9] OU\n|rated|\n|rule|Sleep Clause Mod: Limit one foe put to sleep\n|rule|Species Clause: Limit one of each Pok\u00e9mon\n|rule|OHKO Clause: OHKO moves are banned\n|rule|Evasion Items Clause: Evasion items are banned\n|rule|Evasion Moves Clause: Evasion moves are banned\n|rule|Endless Battle Clause: Forcing endless battles is banned\n|rule|HP Percentage Mod: HP is shown in percentages\n|clearpoke\n|poke|p1|Dragonite, M|\n|poke|p1|Tinkaton, F|\n|poke|p1|Rillaboom, M|\n|poke|p1|Glimmora, F|\n|poke|p1|Ribombee, M|\n|poke|p1|Ninetales-Alola, F|\n|poke|p2|Indeedee, M|\n|poke|p2|Hatterene, F|\n|poke|p2|Maushold|\n|poke|p2|Armarouge, M|\n|poke|p2|Polteageist|\n|poke|p2|Sneasler, F|\n|teampreview\n|inactive|Battle timer is ON: inactive players will automatically lose when time's up. (requested by blue destruction)\n|inactive|blue destruction has 120 seconds left.\n|\n|t:|1700155819\n|start\n|switch|p1a: Glimmora|Glimmora, F|100\/100\n|switch|p2a: Indeedee|Indeedee, M|100\/100\n|-fieldstart|move: Psychic Terrain|[from] ability: Psychic Surge|[of] p2a: Indeedee\n|turn|1\n|\n|t:|1700155828\n|move|p2a: Indeedee|Psychic|p1a: Glimmora\n|-supereffective|p1a: Glimmora\n|-enditem|p1a: Glimmora|Focus Sash\n|-damage|p1a: Glimmora|1\/100\n|move|p1a: Glimmora|Mortal Spin|p2a: Indeedee\n|-damage|p2a: Indeedee|85\/100\n|-status|p2a: Indeedee|psn\n|\n|-damage|p2a: Indeedee|73\/100 psn|[from] psn\n|upkeep\n|turn|2\n|\n|t:|1700155839\n|move|p1a: Glimmora|Spiky Shield|p1a: Glimmora\n|-singleturn|p1a: Glimmora|move: Protect\n|move|p2a: Indeedee|Psychic|p1a: Glimmora\n|-activate|p1a: Glimmora|move: Protect\n|\n|-damage|p2a: Indeedee|61\/100 psn|[from] psn\n|upkeep\n|turn|3\n|\n|t:|1700155847\n|switch|p1a: Tinkaton|Tinkaton, F|100\/100\n|-ability|p1a: Tinkaton|Mold Breaker\n|move|p2a: Indeedee|Psychic|p1a: Tinkaton\n|-resisted|p1a: Tinkaton\n|-damage|p1a: Tinkaton|72\/100\n|-unboost|p1a: Tinkaton|spd|1\n|\n|-heal|p1a: Tinkaton|78\/100|[from] item: Leftovers\n|-damage|p2a: Indeedee|48\/100 psn|[from] psn\n|upkeep\n|turn|4\n|\n|t:|1700155862\n|switch|p2a: Armarouge|Armarouge, M|100\/100\n|move|p1a: Tinkaton|Protect||[still]\n|-fail|p1a: Tinkaton\n|\n|-heal|p1a: Tinkaton|84\/100|[from] item: Leftovers\n|upkeep\n|turn|5\n|\n|t:|1700155868\n|switch|p1a: Dragonite|Dragonite, M|100\/100\n|move|p2a: Armarouge|Armor Cannon|p1a: Dragonite\n|-resisted|p1a: Dragonite\n|-damage|p1a: Dragonite|83\/100\n|-unboost|p2a: Armarouge|def|1\n|-unboost|p2a: Armarouge|spd|1\n|\n|upkeep\n|turn|6\n|\n|t:|1700155874\n|move|p1a: Dragonite|Dragon Dance|p1a: Dragonite\n|-boost|p1a: Dragonite|atk|1\n|-boost|p1a: Dragonite|spe|1\n|move|p2a: Armarouge|Expanding Force|p1a: Dragonite\n|-damage|p1a: Dragonite|0 fnt\n|faint|p1a: Dragonite\n|\n|upkeep\n|\n|t:|1700155887\n|switch|p1a: Tinkaton|Tinkaton, F|84\/100\n|-ability|p1a: Tinkaton|Mold Breaker\n|turn|7\n|\n|t:|1700155891\n|move|p1a: Tinkaton|Protect|p1a: Tinkaton\n|-singleturn|p1a: Tinkaton|Protect\n|move|p2a: Armarouge|Armor Cannon|p1a: Tinkaton\n|-activate|p1a: Tinkaton|move: Protect\n|\n|-heal|p1a: Tinkaton|90\/100|[from] item: Leftovers\n|upkeep\n|turn|8\n|\n|t:|1700155901\n|move|p1a: Tinkaton|Substitute|p1a: Tinkaton\n|-start|p1a: Tinkaton|Substitute\n|-damage|p1a: Tinkaton|65\/100\n|move|p2a: Armarouge|Armor Cannon|p1a: Tinkaton\n|-supereffective|p1a: Tinkaton\n|-end|p1a: Tinkaton|Substitute\n|-unboost|p2a: Armarouge|def|1\n|-unboost|p2a: Armarouge|spd|1\n|\n|-heal|p1a: Tinkaton|71\/100|[from] item: Leftovers\n|-fieldend|move: Psychic Terrain\n|upkeep\n|turn|9\n|\n|t:|1700155915\n|switch|p2a: Indeedee|Indeedee, M|48\/100 psn\n|-fieldstart|move: Psychic Terrain|[from] ability: Psychic Surge|[of] p2a: Indeedee\n|move|p1a: Tinkaton|Gigaton Hammer|p2a: Indeedee\n|-damage|p2a: Indeedee|0 fnt\n|faint|p2a: Indeedee\n|\n|-heal|p1a: Tinkaton|77\/100|[from] item: Leftovers\n|upkeep\n|\n|t:|1700155930\n|switch|p2a: Maushold|Maushold|100\/100\n|turn|10\n|\n|t:|1700155940\n|move|p1a: Tinkaton|Protect|p1a: Tinkaton\n|-singleturn|p1a: Tinkaton|Protect\n|move|p2a: Maushold|Population Bomb|p1a: Tinkaton\n|-activate|p1a: Tinkaton|move: Protect\n|\n|-heal|p1a: Tinkaton|83\/100|[from] item: Leftovers\n|upkeep\n|turn|11\n|\n|t:|1700155948\n|switch|p1a: Glimmora|Glimmora, F|1\/100\n|move|p2a: Maushold|Encore||[still]\n|-fail|p2a: Maushold\n|\n|upkeep\n|turn|12\n|\n|t:|1700155962\n|switch|p2a: Hatterene|Hatterene, F|100\/100\n|move|p1a: Glimmora|Spiky Shield||[still]\n|-fail|p1a: Glimmora\n|\n|upkeep\n|turn|13\n|\n|t:|1700155974\n|move|p1a: Glimmora|Mortal Spin|p2a: Hatterene\n|-supereffective|p2a: Hatterene\n|-damage|p2a: Hatterene|90\/100\n|-status|p2a: Hatterene|psn\n|-enditem|p2a: Hatterene|Eject Button\n|\n|t:|1700155988\n|switch|p2a: Armarouge|Armarouge, M|100\/100\n|\n|upkeep\n|turn|14\n|\n|t:|1700155995\n|move|p1a: Glimmora|Spiky Shield|p1a: Glimmora\n|-singleturn|p1a: Glimmora|move: Protect\n|move|p2a: Armarouge|Expanding Force|p1a: Glimmora\n|-activate|p1a: Glimmora|move: Protect\n|\n|upkeep\n|turn|15\n|\n|t:|1700156001\n|switch|p1a: Tinkaton|Tinkaton, F|83\/100\n|-ability|p1a: Tinkaton|Mold Breaker\n|move|p2a: Armarouge|Armor Cannon|p1a: Tinkaton\n|-supereffective|p1a: Tinkaton\n|-damage|p1a: Tinkaton|0 fnt\n|-unboost|p2a: Armarouge|def|1\n|-unboost|p2a: Armarouge|spd|1\n|faint|p1a: Tinkaton\n|\n|upkeep\n|\n|t:|1700156019\n|switch|p1a: Glimmora|Glimmora, F|1\/100\n|turn|16\n|\n|t:|1700156026\n|switch|p2a: Sneasler|Sneasler, F|100\/100\n|-enditem|p2a: Sneasler|Psychic Seed\n|-boost|p2a: Sneasler|spd|1|[from] item: Psychic Seed\n|move|p1a: Glimmora|Spiky Shield||[still]\n|-fail|p1a: Glimmora\n|\n|-fieldend|move: Psychic Terrain\n|upkeep\n|turn|17\n|\n|t:|1700156039\n|move|p1a: Glimmora|Spiky Shield|p1a: Glimmora\n|-singleturn|p1a: Glimmora|move: Protect\n|move|p2a: Sneasler|Dire Claw|p1a: Glimmora\n|-activate|p1a: Glimmora|move: Protect\n|-damage|p2a: Sneasler|88\/100|[from] Spiky Shield|[of] p1a: Glimmora\n|\n|upkeep\n|turn|18\n|\n|t:|1700156047\n|move|p2a: Sneasler|Dire Claw|p1a: Glimmora\n|-resisted|p1a: Glimmora\n|-damage|p1a: Glimmora|0 fnt\n|-activate|p1a: Glimmora|ability: Toxic Debris\n|-sidestart|p2: Bxkskdk|move: Toxic Spikes\n|faint|p1a: Glimmora\n|\n|upkeep\n|\n|t:|1700156063\n|switch|p1a: Rillaboom|Rillaboom, M|100\/100\n|-fieldstart|move: Grassy Terrain|[from] ability: Grassy Surge|[of] p1a: Rillaboom\n|-enditem|p1a: Rillaboom|Grassy Seed\n|-boost|p1a: Rillaboom|def|1|[from] item: Grassy Seed\n|turn|19\n|\n|t:|1700156067\n|move|p1a: Rillaboom|Fake Out|p2a: Sneasler\n|-damage|p2a: Sneasler|63\/100\n|cant|p2a: Sneasler|flinch\n|\n|-heal|p2a: Sneasler|70\/100|[from] Grassy Terrain\n|upkeep\n|turn|20\n|\n|t:|1700156073\n|move|p2a: Sneasler|Dire Claw|p1a: Rillaboom\n|-supereffective|p1a: Rillaboom\n|-damage|p1a: Rillaboom|44\/100\n|-status|p1a: Rillaboom|psn\n|move|p1a: Rillaboom|Acrobatics|p2a: Sneasler\n|-supereffective|p2a: Sneasler\n|-damage|p2a: Sneasler|0 fnt\n|faint|p2a: Sneasler\n|\n|-heal|p1a: Rillaboom|50\/100 psn|[from] Grassy Terrain\n|-damage|p1a: Rillaboom|38\/100 psn|[from] psn\n|upkeep\n|\n|t:|1700156089\n|switch|p2a: Maushold|Maushold|100\/100\n|-status|p2a: Maushold|psn\n|turn|21\n|\n|t:|1700156096\n|-terastallize|p1a: Rillaboom|Grass\n|move|p1a: Rillaboom|Grassy Glide|p2a: Maushold\n|-damage|p2a: Maushold|17\/100 psn\n|move|p2a: Maushold|Tidy Up|p2a: Maushold\n|-sideend|p2: Bxkskdk|Toxic Spikes\n|-activate|p2a: Maushold|move: Tidy Up\n|-boost|p2a: Maushold|atk|1\n|-boost|p2a: Maushold|spe|1\n|\n|-heal|p2a: Maushold|23\/100 psn|[from] Grassy Terrain\n|-heal|p1a: Rillaboom|44\/100 psn|[from] Grassy Terrain\n|-damage|p2a: Maushold|11\/100 psn|[from] psn\n|-damage|p1a: Rillaboom|32\/100 psn|[from] psn\n|upkeep\n|turn|22\n|\n|t:|1700156113\n|switch|p2a: Armarouge|Armarouge, M|100\/100\n|move|p1a: Rillaboom|Grassy Glide|p2a: Armarouge\n|-resisted|p2a: Armarouge\n|-damage|p2a: Armarouge|69\/100\n|-ability|p2a: Armarouge|Weak Armor|boost\n|-unboost|p2a: Armarouge|def|1\n|-boost|p2a: Armarouge|spe|2\n|\n|-heal|p2a: Armarouge|75\/100|[from] Grassy Terrain\n|-heal|p1a: Rillaboom|38\/100 psn|[from] Grassy Terrain\n|-damage|p1a: Rillaboom|26\/100 psn|[from] psn\n|upkeep\n|turn|23\n|\n|t:|1700156127\n|move|p1a: Rillaboom|Grassy Glide|p2a: Armarouge\n|-resisted|p2a: Armarouge\n|-damage|p2a: Armarouge|31\/100\n|-ability|p2a: Armarouge|Weak Armor|boost\n|-unboost|p2a: Armarouge|def|1\n|-boost|p2a: Armarouge|spe|2\n|move|p2a: Armarouge|Armor Cannon|p1a: Rillaboom\n|-supereffective|p1a: Rillaboom\n|-damage|p1a: Rillaboom|0 fnt\n|-unboost|p2a: Armarouge|def|1\n|-unboost|p2a: Armarouge|spd|1\n|faint|p1a: Rillaboom\n|\n|-heal|p2a: Armarouge|37\/100|[from] Grassy Terrain\n|-fieldend|move: Grassy Terrain\n|upkeep\n|\n|t:|1700156142\n|switch|p1a: Ninetales|Ninetales-Alola, F|100\/100\n|-weather|Snow|[from] ability: Snow Warning|[of] p1a: Ninetales\n|turn|24\n|\n|t:|1700156151\n|move|p2a: Armarouge|Armor Cannon|p1a: Ninetales\n|-supereffective|p1a: Ninetales\n|-enditem|p1a: Ninetales|Focus Sash\n|-damage|p1a: Ninetales|1\/100\n|-unboost|p2a: Armarouge|def|1\n|-unboost|p2a: Armarouge|spd|1\n|move|p1a: Ninetales|Tera Blast|p2a: Armarouge\n|-damage|p2a: Armarouge|0 fnt\n|faint|p2a: Armarouge\n|\n|-weather|Snow|[upkeep]\n|upkeep\n|\n|t:|1700156162\n|switch|p2a: Maushold|Maushold|11\/100 psn\n|turn|25\n|\n|t:|1700156169\n|move|p2a: Maushold|Population Bomb|p1a: Ninetales\n|-damage|p1a: Ninetales|0 fnt\n|faint|p1a: Ninetales\n|-hitcount|p1: Ninetales|1\n|\n|-weather|Snow|[upkeep]\n|-damage|p2a: Maushold|0 fnt|[from] psn\n|faint|p2a: Maushold\n|upkeep\n|\n|t:|1700156178\n|switch|p2a: Hatterene|Hatterene, F|90\/100 psn\n|switch|p1a: Ribombee|Ribombee, M|100\/100\n|turn|26\n|\n|t:|1700156189\n|move|p1a: Ribombee|Moonblast|p2a: Hatterene\n|-damage|p2a: Hatterene|51\/100 psn\n|-unboost|p2a: Hatterene|spa|1\n|move|p2a: Hatterene|Nuzzle|p1a: Ribombee\n|-damage|p1a: Ribombee|93\/100\n|-status|p1a: Ribombee|par\n|\n|-weather|Snow|[upkeep]\n|-damage|p2a: Hatterene|39\/100 psn|[from] psn\n|upkeep\n|turn|27\n|\n|t:|1700156199\n|move|p1a: Ribombee|Moonblast|p2a: Hatterene\n|-damage|p2a: Hatterene|0 fnt\n|faint|p2a: Hatterene\n|\n|-weather|Snow|[upkeep]\n|upkeep\n|\n|t:|1700156202\n|switch|p2a: Polteageist|Polteageist|100\/100\n|turn|28\n|\n|t:|1700156208\n|move|p2a: Polteageist|Shell Smash|p2a: Polteageist\n|-unboost|p2a: Polteageist|def|1\n|-unboost|p2a: Polteageist|spd|1\n|-boost|p2a: Polteageist|atk|2\n|-boost|p2a: Polteageist|spa|2\n|-boost|p2a: Polteageist|spe|2\n|move|p1a: Ribombee|Moonblast|p2a: Polteageist\n|-crit|p2a: Polteageist\n|-damage|p2a: Polteageist|1\/100\n|-unboost|p2a: Polteageist|spa|1\n|\n|-weather|none\n|upkeep\n|turn|29\n|\n|t:|1700156218\n|move|p2a: Polteageist|Stored Power|p1a: Ribombee\n|-damage|p1a: Ribombee|0 fnt\n|faint|p1a: Ribombee\n|\n|win|Bxkskdk\n|raw|blue destruction's rating: 1111 &rarr; <strong>1081<\/strong><br \/>(-30 for losing)\n|raw|Bxkskdk's rating: 1040 &rarr; <strong>1081<\/strong><br \/>(+41 for winning)\n|l|\u2606Bxkskdk\n","uploadtime":1700156225,"views":20,"p1id":"bluedestruction","p2id":"bxkskdk","formatid":"gen9ou","rating":1081,"private":0,"password":""}