{"id":"gen9ou-1995226369","p1":"Mono_Hermano","p2":"tigasang","format":"[Gen 9] OU","log":"|j|\u2606Mono_Hermano\n|j|\u2606tigasang\n|t:|1700536958\n|gametype|singles\n|player|p1|Mono_Hermano|wallace|1033\n|player|p2|tigasang|101|1092\n|teamsize|p1|6\n|teamsize|p2|6\n|gen|9\n|tier|[Gen 9] OU\n|rated|\n|rule|Sleep Clause Mod: Limit one foe put to sleep\n|rule|Species Clause: Limit one of each Pok\u00e9mon\n|rule|OHKO Clause: OHKO moves are banned\n|rule|Evasion Items Clause: Evasion items are banned\n|rule|Evasion Moves Clause: Evasion moves are banned\n|rule|Endless Battle Clause: Forcing endless battles is banned\n|rule|HP Percentage Mod: HP is shown in percentages\n|clearpoke\n|poke|p1|Kingambit, F|\n|poke|p1|Mandibuzz, F|\n|poke|p1|Lokix, F|\n|poke|p1|Meowscarada, F|\n|poke|p1|Mimikyu, F|\n|poke|p1|Morpeko, F|\n|poke|p2|Chansey, F|\n|poke|p2|Mienshao, M|\n|poke|p2|Glimmora, F|\n|poke|p2|Ursaluna, M|\n|poke|p2|Drifblim, F|\n|poke|p2|Dusclops, F|\n|teampreview\n|inactive|Battle timer is ON: inactive players will automatically lose when time's up. (requested by Mono_Hermano)\n|\n|t:|1700536966\n|start\n|switch|p1a: Morpeko|Morpeko, F|100\/100\n|switch|p2a: Drifblim|Drifblim, F|100\/100\n|turn|1\n|\n|t:|1700536973\n|move|p1a: Morpeko|Aura Wheel|p2a: Drifblim\n|-supereffective|p2a: Drifblim\n|-damage|p2a: Drifblim|21\/100\n|-boost|p1a: Morpeko|spe|1\n|move|p2a: Drifblim|Trick|p1a: Morpeko\n|-activate|p2a: Drifblim|move: Trick|[of] p1a: Morpeko\n|-item|p1a: Morpeko|Black Sludge|[from] move: Trick\n|-item|p2a: Drifblim|Heavy-Duty Boots|[from] move: Trick\n|\n|-damage|p1a: Morpeko|88\/100|[from] item: Black Sludge\n|-formechange|p1a: Morpeko|Morpeko-Hangry||[from] ability: Hunger Switch\n|upkeep\n|turn|2\n|\n|t:|1700536989\n|switch|p2a: Glimmora|Glimmora, F|100\/100\n|move|p1a: Morpeko|Aura Wheel|p2a: Glimmora\n|-damage|p2a: Glimmora|58\/100\n|-boost|p1a: Morpeko|spe|1\n|-activate|p2a: Glimmora|ability: Toxic Debris\n|-sidestart|p1: Mono_Hermano|move: Toxic Spikes\n|\n|-damage|p1a: Morpeko|76\/100|[from] item: Black Sludge\n|-formechange|p1a: Morpeko|Morpeko||[from] ability: Hunger Switch\n|upkeep\n|turn|3\n|\n|t:|1700537007\n|move|p2a: Glimmora|Spiky Shield|p2a: Glimmora\n|-singleturn|p2a: Glimmora|move: Protect\n|move|p1a: Morpeko|Rapid Spin|p2a: Glimmora\n|-activate|p2a: Glimmora|move: Protect\n|-damage|p1a: Morpeko|63\/100|[from] Spiky Shield|[of] p2a: Glimmora\n|\n|-damage|p1a: Morpeko|51\/100|[from] item: Black Sludge\n|-formechange|p1a: Morpeko|Morpeko-Hangry||[from] ability: Hunger Switch\n|upkeep\n|turn|4\n|\n|t:|1700537023\n|move|p1a: Morpeko|Aura Wheel|p2a: Glimmora\n|-damage|p2a: Glimmora|21\/100\n|-boost|p1a: Morpeko|spe|1\n|-activate|p2a: Glimmora|ability: Toxic Debris\n|-sidestart|p1: Mono_Hermano|move: Toxic Spikes\n|move|p2a: Glimmora|Stealth Rock|p1a: Morpeko\n|-sidestart|p1: Mono_Hermano|move: Stealth Rock\n|\n|-damage|p1a: Morpeko|38\/100|[from] item: Black Sludge\n|-formechange|p1a: Morpeko|Morpeko||[from] ability: Hunger Switch\n|upkeep\n|turn|5\n|\n|t:|1700537036\n|move|p2a: Glimmora|Spiky Shield|p2a: Glimmora\n|-singleturn|p2a: Glimmora|move: Protect\n|move|p1a: Morpeko|Rapid Spin|p2a: Glimmora\n|-activate|p2a: Glimmora|move: Protect\n|-damage|p1a: Morpeko|26\/100|[from] Spiky Shield|[of] p2a: Glimmora\n|\n|-damage|p1a: Morpeko|13\/100|[from] item: Black Sludge\n|-formechange|p1a: Morpeko|Morpeko-Hangry||[from] ability: Hunger Switch\n|upkeep\n|turn|6\n|\n|t:|1700537052\n|move|p1a: Morpeko|Rapid Spin|p2a: Glimmora\n|-resisted|p2a: Glimmora\n|-damage|p2a: Glimmora|15\/100\n|-boost|p1a: Morpeko|spe|1\n|-damage|p1a: Morpeko|0 fnt|[from] item: Rocky Helmet|[of] p2a: Glimmora\n|faint|p1a: Morpeko\n|move|p2a: Glimmora|Mortal Spin|p1: Morpeko|[notarget]\n|-fail|p2a: Glimmora\n|\n|upkeep\n|c|\u2606Mono_Hermano|why are my hazards still there\n|c|\u2606Mono_Hermano|this is bs\n|\n|t:|1700537072\n|switch|p1a: Mandibuzz|Mandibuzz, F|100\/100\n|turn|7\n|\n|t:|1700537080\n|move|p2a: Glimmora|Spiky Shield|p2a: Glimmora\n|-singleturn|p2a: Glimmora|move: Protect\n|move|p1a: Mandibuzz|Defog|p2a: Glimmora\n|-activate|p2a: Glimmora|move: Protect\n|\n|upkeep\n|turn|8\n|\n|t:|1700537105\n|move|p2a: Glimmora|Stealth Rock||[still]\n|-fail|p2a: Glimmora\n|move|p1a: Mandibuzz|Defog|p2a: Glimmora\n|-unboost|p2a: Glimmora|evasion|1\n|-sideend|p1: Mono_Hermano|Toxic Spikes|[from] move: Defog|[of] p1a: Mandibuzz\n|-sideend|p1: Mono_Hermano|Stealth Rock|[from] move: Defog|[of] p1a: Mandibuzz\n|\n|upkeep\n|turn|9\n|\n|t:|1700537114\n|move|p2a: Glimmora|Stealth Rock|p1a: Mandibuzz\n|-sidestart|p1: Mono_Hermano|move: Stealth Rock\n|move|p1a: Mandibuzz|Foul Play|p2a: Glimmora\n|-damage|p2a: Glimmora|0 fnt\n|-damage|p1a: Mandibuzz|84\/100|[from] item: Rocky Helmet|[of] p2a: Glimmora\n|-activate|p2a: Glimmora|ability: Toxic Debris\n|-sidestart|p1: Mono_Hermano|move: Toxic Spikes\n|faint|p2a: Glimmora\n|\n|upkeep\n|\n|t:|1700537128\n|switch|p2a: Drifblim|Drifblim, F|21\/100\n|turn|10\n|\n|t:|1700537137\n|move|p1a: Mandibuzz|Foul Play|p2a: Drifblim\n|-supereffective|p2a: Drifblim\n|-damage|p2a: Drifblim|0 fnt\n|-damage|p1a: Mandibuzz|59\/100|[from] ability: Aftermath|[of] p2a: Drifblim\n|faint|p2a: Drifblim\n|\n|upkeep\n|\n|t:|1700537146\n|switch|p2a: Ursaluna|Ursaluna, M|100\/100\n|turn|11\n|\n|t:|1700537153\n|move|p1a: Mandibuzz|Defog|p2a: Ursaluna\n|-unboost|p2a: Ursaluna|evasion|1\n|-sideend|p1: Mono_Hermano|Toxic Spikes|[from] move: Defog|[of] p1a: Mandibuzz\n|-sideend|p1: Mono_Hermano|Stealth Rock|[from] move: Defog|[of] p1a: Mandibuzz\n|move|p2a: Ursaluna|Fury Cutter|p1a: Mandibuzz\n|-damage|p1a: Mandibuzz|49\/100\n|\n|-status|p2a: Ursaluna|brn|[from] item: Flame Orb\n|upkeep\n|turn|12\n|\n|t:|1700537165\n|move|p1a: Mandibuzz|Foul Play|p2a: Ursaluna\n|-damage|p2a: Ursaluna|66\/100 brn\n|move|p2a: Ursaluna|Fury Cutter|p1a: Mandibuzz\n|-damage|p1a: Mandibuzz|20\/100\n|\n|-damage|p2a: Ursaluna|60\/100 brn|[from] brn\n|upkeep\n|turn|13\n|\n|t:|1700537174\n|move|p1a: Mandibuzz|Roost|p1a: Mandibuzz\n|-heal|p1a: Mandibuzz|70\/100\n|-singleturn|p1a: Mandibuzz|move: Roost\n|move|p2a: Ursaluna|Fury Cutter|p1a: Mandibuzz\n|-supereffective|p1a: Mandibuzz\n|-damage|p1a: Mandibuzz|0 fnt\n|faint|p1a: Mandibuzz\n|\n|-damage|p2a: Ursaluna|53\/100 brn|[from] brn\n|upkeep\n|\n|t:|1700537183\n|switch|p1a: Mimikyu|Mimikyu, F|100\/100\n|turn|14\n|\n|t:|1700537193\n|move|p1a: Mimikyu|Swords Dance|p1a: Mimikyu\n|-boost|p1a: Mimikyu|atk|2\n|move|p2a: Ursaluna|Fury Cutter|p1a: Mimikyu\n|-activate|p1a: Mimikyu|ability: Disguise\n|-damage|p1a: Mimikyu|100\/100\n|detailschange|p1a: Mimikyu|Mimikyu-Busted, F\n|-damage|p1a: Mimikyu|88\/100|[from] pokemon: Mimikyu-Busted\n|\n|-heal|p1a: Mimikyu|94\/100|[from] item: Leftovers\n|-damage|p2a: Ursaluna|47\/100 brn|[from] brn\n|upkeep\n|turn|15\n|\n|t:|1700537215\n|switch|p2a: Dusclops|Dusclops, F|100\/100\n|-ability|p2a: Dusclops|Pressure\n|move|p1a: Mimikyu|Drain Punch|p2a: Dusclops\n|-immune|p2a: Dusclops\n|\n|-heal|p1a: Mimikyu|99\/100|[from] item: Leftovers\n|upkeep\n|turn|16\n|\n|t:|1700537236\n|move|p1a: Mimikyu|Shadow Sneak|p2a: Dusclops\n|-supereffective|p2a: Dusclops\n|-damage|p2a: Dusclops|62\/100\n|move|p2a: Dusclops|Will-O-Wisp|p1a: Mimikyu\n|-status|p1a: Mimikyu|brn\n|\n|-heal|p1a: Mimikyu|100\/100 brn|[from] item: Leftovers\n|-damage|p1a: Mimikyu|95\/100 brn|[from] brn\n|upkeep\n|turn|17\n|inactive|tigasang has 120 seconds left.\n|\n|t:|1700537251\n|move|p1a: Mimikyu|Swords Dance|p1a: Mimikyu\n|-boost|p1a: Mimikyu|atk|2\n|move|p2a: Dusclops|Mean Look||[still]\n|-fail|p2a: Dusclops\n|\n|-heal|p1a: Mimikyu|100\/100 brn|[from] item: Leftovers\n|-damage|p1a: Mimikyu|95\/100 brn|[from] brn\n|upkeep\n|turn|18\n|\n|t:|1700537275\n|move|p1a: Mimikyu|Swords Dance|p1a: Mimikyu\n|-boost|p1a: Mimikyu|atk|2\n|move|p2a: Dusclops|Night Shade|p1a: Mimikyu\n|-damage|p1a: Mimikyu|55\/100 brn\n|\n|-heal|p1a: Mimikyu|61\/100 brn|[from] item: Leftovers\n|-damage|p1a: Mimikyu|55\/100 brn|[from] brn\n|upkeep\n|turn|19\n|inactive|tigasang has 120 seconds left.\n|\n|t:|1700537294\n|switch|p2a: Chansey|Chansey, F|100\/100\n|move|p1a: Mimikyu|Play Rough|p2a: Chansey\n|-damage|p2a: Chansey|47\/100\n|\n|-heal|p1a: Mimikyu|61\/100 brn|[from] item: Leftovers\n|-damage|p1a: Mimikyu|55\/100 brn|[from] brn\n|upkeep\n|turn|20\n|inactive|tigasang has 120 seconds left.\n|\n|t:|1700537324\n|switch|p2a: Ursaluna|Ursaluna, M|47\/100 brn\n|move|p1a: Mimikyu|Drain Punch|p2a: Ursaluna\n|-supereffective|p2a: Ursaluna\n|-damage|p2a: Ursaluna|0 fnt\n|-heal|p1a: Mimikyu|92\/100 brn|[from] drain|[of] p2a: Ursaluna\n|faint|p2a: Ursaluna\n|\n|-heal|p1a: Mimikyu|98\/100 brn|[from] item: Leftovers\n|-damage|p1a: Mimikyu|92\/100 brn|[from] brn\n|upkeep\n|\n|t:|1700537337\n|switch|p2a: Mienshao|Mienshao, M|100\/100\n|turn|21\n|\n|t:|1700537360\n|move|p2a: Mienshao|Fake Out|p1a: Mimikyu\n|-immune|p1a: Mimikyu\n|move|p1a: Mimikyu|Play Rough|p2a: Mienshao\n|-supereffective|p2a: Mienshao\n|-damage|p2a: Mienshao|0 fnt\n|faint|p2a: Mienshao\n|\n|-heal|p1a: Mimikyu|98\/100 brn|[from] item: Leftovers\n|-damage|p1a: Mimikyu|92\/100 brn|[from] brn\n|upkeep\n|c|\u2606Mono_Hermano|fck your burn\n|inactive|tigasang has 90 seconds left.\n|\n|t:|1700537381\n|switch|p2a: Dusclops|Dusclops, F|62\/100\n|-ability|p2a: Dusclops|Pressure\n|turn|22\n|inactive|tigasang has 90 seconds left.\n|inactive|tigasang has 60 seconds left.\n|c|\u2606Mono_Hermano|RAHHH\n|c|\u2606Mono_Hermano|MIMIKYU\n|c|\u2606Mono_Hermano|FTW\n|inactive|tigasang has 30 seconds left.\n|inactive|tigasang has 20 seconds left.\n|inactive|tigasang has 15 seconds left.\n|inactive|tigasang has 10 seconds left.\n|inactive|tigasang has 5 seconds left.\n|-message|tigasang lost due to inactivity.\n|\n|win|Mono_Hermano\n|raw|Mono_Hermano's rating: 1033 &rarr; <strong>1077<\/strong><br \/>(+44 for winning)\n|raw|tigasang's rating: 1125 &rarr; <strong>1094<\/strong><br \/>(-31 for losing)\n","uploadtime":1700537369,"views":13,"p1id":"monohermano","p2id":"tigasang","formatid":"gen9ou","rating":1077,"private":0,"password":""}