{"id":"gen9ou-1997036069","p1":"Boyca","p2":"darthdecidui","format":"[Gen 9] OU","log":"|j|\u2606Boyca\n|j|\u2606darthdecidui\n|inactive|Battle timer is ON: inactive players will automatically lose when time's up.\n|t:|1700758041\n|gametype|singles\n|player|p1|Boyca|clown|\n|player|p2|darthdecidui|giovanni|\n|teamsize|p1|6\n|teamsize|p2|6\n|gen|9\n|tier|[Gen 9] OU\n|rated|Tournament battle\n|rule|Sleep Clause Mod: Limit one foe put to sleep\n|rule|Species Clause: Limit one of each Pok\u00e9mon\n|rule|OHKO Clause: OHKO moves are banned\n|rule|Evasion Items Clause: Evasion items are banned\n|rule|Evasion Moves Clause: Evasion moves are banned\n|rule|Endless Battle Clause: Forcing endless battles is banned\n|rule|HP Percentage Mod: HP is shown in percentages\n|clearpoke\n|poke|p1|Morpeko, M|\n|poke|p1|Mightyena, F|\n|poke|p1|Sudowoodo, M|\n|poke|p1|Farigiraf, M|\n|poke|p1|Kommo-o, F|\n|poke|p1|Politoed, F|\n|poke|p2|Politoed, M|\n|poke|p2|Kommo-o, M|\n|poke|p2|Morpeko, M|\n|poke|p2|Farigiraf, F|\n|poke|p2|Sudowoodo, F|\n|poke|p2|Mightyena, M|\n|teampreview\n|j|*Lady Monita \u2746\n|c|\u2606Boyca|gl\n|c|\u2606darthdecidui|Good luck to you too\n|\n|t:|1700758049\n|start\n|switch|p1a: i can be helpful!|Politoed, F|100\/100\n|switch|p2a: Sudowoodo|Sudowoodo, F|100\/100\n|turn|1\n|\n|t:|1700758057\n|-terastallize|p2a: Sudowoodo|Grass\n|move|p1a: i can be helpful!|Surf|p2a: Sudowoodo\n|-resisted|p2a: Sudowoodo\n|-crit|p2a: Sudowoodo\n|-damage|p2a: Sudowoodo|62\/100\n|move|p2a: Sudowoodo|Stealth Rock|p1a: i can be helpful!\n|-sidestart|p1: Boyca|move: Stealth Rock\n|\n|upkeep\n|turn|2\n|\n|t:|1700758082\n|move|p1a: i can be helpful!|Encore|p2a: Sudowoodo\n|-start|p2a: Sudowoodo|Encore\n|move|p2a: Sudowoodo|Stealth Rock||[still]\n|-fail|p2a: Sudowoodo\n|\n|upkeep\n|turn|3\n|\n|t:|1700758088\n|switch|p2a: Politoed|Politoed, M|100\/100\n|move|p1a: i can be helpful!|Ice Beam|p2a: Politoed\n|-resisted|p2a: Politoed\n|-damage|p2a: Politoed|89\/100\n|\n|-heal|p2a: Politoed|95\/100|[from] item: Leftovers\n|upkeep\n|turn|4\n|j| fucuk\n|l| fucuk\n|\n|t:|1700758099\n|move|p1a: i can be helpful!|Ice Beam|p2a: Politoed\n|-resisted|p2a: Politoed\n|-damage|p2a: Politoed|85\/100\n|move|p2a: Politoed|Hypnosis|p1a: i can be helpful!\n|-status|p1a: i can be helpful!|slp|[from] move: Hypnosis\n|\n|-heal|p2a: Politoed|91\/100|[from] item: Leftovers\n|upkeep\n|turn|5\n|\n|t:|1700758109\n|switch|p2a: Sudowoodo|Sudowoodo, F, tera:Grass|62\/100\n|cant|p1a: i can be helpful!|slp\n|\n|upkeep\n|turn|6\n|j| poketough\n|\n|t:|1700758121\n|cant|p1a: i can be helpful!|slp\n|move|p2a: Sudowoodo|Spikes|p1a: i can be helpful!\n|-sidestart|p1: Boyca|Spikes\n|\n|upkeep\n|turn|7\n|\n|t:|1700758125\n|-curestatus|p1a: i can be helpful!|slp|[msg]\n|move|p1a: i can be helpful!|Ice Beam|p2a: Sudowoodo\n|-supereffective|p2a: Sudowoodo\n|-damage|p2a: Sudowoodo|0 fnt\n|faint|p2a: Sudowoodo\n|\n|upkeep\n|\n|t:|1700758131\n|switch|p2a: Morpeko|Morpeko, M|100\/100\n|turn|8\n|\n|t:|1700758135\n|move|p1a: i can be helpful!|Protect|p1a: i can be helpful!\n|-singleturn|p1a: i can be helpful!|Protect\n|move|p2a: Morpeko|Fake Out|p1a: i can be helpful!\n|-activate|p1a: i can be helpful!|move: Protect\n|\n|-formechange|p2a: Morpeko|Morpeko-Hangry||[from] ability: Hunger Switch\n|upkeep\n|turn|9\n|\n|t:|1700758143\n|switch|p1a: best mon by far|Kommo-o, F|100\/100\n|-damage|p1a: best mon by far|94\/100|[from] Stealth Rock\n|-damage|p1a: best mon by far|82\/100|[from] Spikes\n|move|p2a: Morpeko|Thunder Wave|p1a: best mon by far\n|-status|p1a: best mon by far|par\n|\n|-heal|p1a: best mon by far|88\/100 par|[from] item: Leftovers\n|-formechange|p2a: Morpeko|Morpeko||[from] ability: Hunger Switch\n|upkeep\n|turn|10\n|\n|t:|1700758155\n|move|p2a: Morpeko|Parting Shot|p1a: best mon by far\n|-immune|p1a: best mon by far|[from] ability: Soundproof\n|cant|p1a: best mon by far|par\n|\n|-heal|p1a: best mon by far|94\/100 par|[from] item: Leftovers\n|-formechange|p2a: Morpeko|Morpeko-Hangry||[from] ability: Hunger Switch\n|upkeep\n|turn|11\n|c|\u2606Boyca|come on man\n|\n|t:|1700758168\n|switch|p2a: Mightyena|Mightyena, M|100\/100\n|move|p1a: best mon by far|Aura Sphere|p2a: Mightyena\n|-supereffective|p2a: Mightyena\n|-damage|p2a: Mightyena|0 fnt\n|faint|p2a: Mightyena\n|\n|-heal|p1a: best mon by far|100\/100 par|[from] item: Leftovers\n|upkeep\n|j| TJ799\n|\n|t:|1700758176\n|switch|p2a: Farigiraf|Farigiraf, F|100\/100\n|turn|12\n|j| SweetNSourSpinda\n|c|\u2606darthdecidui|Well that was unfortunate timing\n|l| SweetNSourSpinda\n|\n|t:|1700758188\n|switch|p1a: i can be helpful!|Politoed, F|100\/100\n|-damage|p1a: i can be helpful!|88\/100|[from] Stealth Rock\n|-damage|p1a: i can be helpful!|76\/100|[from] Spikes\n|move|p2a: Farigiraf|Psyshock|p1a: i can be helpful!\n|-damage|p1a: i can be helpful!|33\/100\n|\n|-heal|p1a: i can be helpful!|39\/100|[from] item: Leftovers\n|upkeep\n|turn|13\n|j| brodiewhat\n|\n|t:|1700758200\n|move|p1a: i can be helpful!|Protect|p1a: i can be helpful!\n|-singleturn|p1a: i can be helpful!|Protect\n|move|p2a: Farigiraf|Psyshock|p1a: i can be helpful!\n|-activate|p1a: i can be helpful!|move: Protect\n|\n|-heal|p1a: i can be helpful!|46\/100|[from] item: Leftovers\n|upkeep\n|turn|14\n|\n|t:|1700758210\n|move|p1a: i can be helpful!|Encore|p2a: Farigiraf\n|-start|p2a: Farigiraf|Encore\n|move|p2a: Farigiraf|Psyshock|p1a: i can be helpful!\n|-damage|p1a: i can be helpful!|0 fnt\n|faint|p1a: i can be helpful!\n|\n|upkeep\n|\n|t:|1700758215\n|switch|p1a: bark is worse tbh|Mightyena, F|100\/100\n|-damage|p1a: bark is worse tbh|88\/100|[from] Stealth Rock\n|-damage|p1a: bark is worse tbh|76\/100|[from] Spikes\n|-ability|p1a: bark is worse tbh|Intimidate|boost\n|-unboost|p2a: Farigiraf|atk|1\n|turn|15\n|c|\u2606darthdecidui|TJ, you know we were discussing Armor Tail earlier?\n|c| TJ799|yh\n|\n|t:|1700758233\n|switch|p2a: Kommo-o|Kommo-o, M|100\/100\n|move|p1a: bark is worse tbh|Play Rough|p2a: Kommo-o\n|-supereffective|p2a: Kommo-o\n|-damage|p2a: Kommo-o|2\/100\n|\n|upkeep\n|turn|16\n|c|\u2606darthdecidui|Farigiraf doesn't even have a tail\n|\n|t:|1700758251\n|move|p1a: bark is worse tbh|Play Rough|p2a: Kommo-o\n|-supereffective|p2a: Kommo-o\n|-damage|p2a: Kommo-o|0 fnt\n|faint|p2a: Kommo-o\n|\n|upkeep\n|c| TJ799|lol\n|\n|t:|1700758260\n|switch|p2a: Politoed|Politoed, M|91\/100\n|turn|17\n|c| TJ799|silly game\n|\n|t:|1700758266\n|switch|p1a: nom nom nom ahh|Farigiraf, M|100\/100\n|-damage|p1a: nom nom nom ahh|88\/100|[from] Stealth Rock\n|-damage|p1a: nom nom nom ahh|76\/100|[from] Spikes\n|move|p2a: Politoed|Hypnosis|p1a: nom nom nom ahh\n|-status|p1a: nom nom nom ahh|slp|[from] move: Hypnosis\n|\n|-heal|p2a: Politoed|97\/100|[from] item: Leftovers\n|-heal|p1a: nom nom nom ahh|82\/100 slp|[from] item: Leftovers\n|upkeep\n|turn|18\n|c|\u2606darthdecidui|I don't think I win thi\n|c|\u2606darthdecidui|this*\n|\n|t:|1700758280\n|move|p2a: Politoed|Surf|p1a: nom nom nom ahh\n|-damage|p1a: nom nom nom ahh|50\/100 slp\n|cant|p1a: nom nom nom ahh|slp\n|\n|-heal|p2a: Politoed|100\/100|[from] item: Leftovers\n|-heal|p1a: nom nom nom ahh|57\/100 slp|[from] item: Leftovers\n|upkeep\n|turn|19\n|\n|t:|1700758287\n|cant|p1a: nom nom nom ahh|slp\n|move|p2a: Politoed|Surf|p1a: nom nom nom ahh\n|-damage|p1a: nom nom nom ahh|24\/100 slp\n|\n|-heal|p1a: nom nom nom ahh|30\/100 slp|[from] item: Leftovers\n|upkeep\n|turn|20\n|\n|t:|1700758295\n|cant|p1a: nom nom nom ahh|slp\n|move|p2a: Politoed|Surf|p1a: nom nom nom ahh\n|-damage|p1a: nom nom nom ahh|1\/100 slp\n|\n|-heal|p1a: nom nom nom ahh|7\/100 slp|[from] item: Leftovers\n|upkeep\n|turn|21\n|c| TJ799|not looking good my guy\n|\n|t:|1700758303\n|move|p2a: Politoed|Surf|p1a: nom nom nom ahh\n|-damage|p1a: nom nom nom ahh|0 fnt\n|faint|p1a: nom nom nom ahh\n|\n|upkeep\n|\n|t:|1700758306\n|switch|p1a: literally me XD|Morpeko, M|100\/100\n|-damage|p1a: literally me XD|88\/100|[from] Stealth Rock\n|-damage|p1a: literally me XD|76\/100|[from] Spikes\n|turn|22\n|c|\u2606darthdecidui|Yeah, my switches have been very predictable\n|\n|t:|1700758318\n|move|p1a: literally me XD|Aura Wheel|p2a: Politoed\n|-supereffective|p2a: Politoed\n|-damage|p2a: Politoed|0 fnt\n|-boost|p1a: literally me XD|spe|1\n|faint|p2a: Politoed\n|-damage|p1a: literally me XD|66\/100|[from] item: Life Orb\n|\n|-formechange|p1a: literally me XD|Morpeko-Hangry||[from] ability: Hunger Switch\n|upkeep\n|\n|t:|1700758326\n|switch|p2a: Morpeko|Morpeko, M|100\/100\n|turn|23\n|\n|t:|1700758338\n|move|p2a: Morpeko|Fake Out|p1a: literally me XD\n|-crit|p1a: literally me XD\n|-damage|p1a: literally me XD|29\/100\n|cant|p1a: literally me XD|flinch\n|\n|-formechange|p1a: literally me XD|Morpeko||[from] ability: Hunger Switch\n|-formechange|p2a: Morpeko|Morpeko-Hangry||[from] ability: Hunger Switch\n|upkeep\n|turn|24\n|l| TJ799\n|\n|t:|1700758353\n|move|p1a: literally me XD|Parting Shot|p2a: Morpeko\n|-unboost|p2a: Morpeko|atk|1\n|-unboost|p2a: Morpeko|spa|1\n|\n|t:|1700758357\n|switch|p1a: best mon by far|Kommo-o, F|100\/100 par|[from] Parting Shot\n|-damage|p1a: best mon by far|94\/100 par|[from] Stealth Rock\n|-damage|p1a: best mon by far|82\/100 par|[from] Spikes\n|move|p2a: Morpeko|Aura Wheel|p1a: best mon by far\n|-resisted|p1a: best mon by far\n|-damage|p1a: best mon by far|71\/100 par\n|-boost|p2a: Morpeko|spe|1\n|\n|-heal|p1a: best mon by far|78\/100 par|[from] item: Leftovers\n|-formechange|p2a: Morpeko|Morpeko||[from] ability: Hunger Switch\n|upkeep\n|turn|25\n|\n|t:|1700758371\n|switch|p2a: Farigiraf|Farigiraf, F|100\/100\n|move|p1a: best mon by far|Aura Sphere|p2a: Farigiraf\n|-damage|p2a: Farigiraf|76\/100\n|\n|-heal|p2a: Farigiraf|82\/100|[from] item: Leftovers\n|-heal|p1a: best mon by far|84\/100 par|[from] item: Leftovers\n|upkeep\n|turn|26\n|c| brodiewhat|i mean, also why you would use tera turn one to set up hazards is crazy\n|inactive|Boyca has 120 seconds left.\n|c|\u2606Boyca|I'm still a bit scared of your giraffe\n|c|\u2606darthdecidui|To survive a surf. Plus STAB wood hammer\n|\n|t:|1700758426\n|switch|p1a: come at me bro|Sudowoodo, M|100\/100\n|-damage|p1a: come at me bro|88\/100|[from] Stealth Rock\n|-damage|p1a: come at me bro|76\/100|[from] Spikes\n|move|p2a: Farigiraf|Hyper Voice|p1a: come at me bro\n|-resisted|p1a: come at me bro\n|-damage|p1a: come at me bro|51\/100\n|\n|-heal|p2a: Farigiraf|88\/100|[from] item: Leftovers\n|upkeep\n|turn|27\n|\n|t:|1700758437\n|move|p2a: Farigiraf|Agility|p2a: Farigiraf\n|-boost|p2a: Farigiraf|spe|2\n|move|p1a: come at me bro|Head Smash|p2a: Farigiraf\n|-damage|p2a: Farigiraf|16\/100\n|-damage|p1a: come at me bro|4\/100|[from] Recoil\n|\n|-heal|p2a: Farigiraf|22\/100|[from] item: Leftovers\n|upkeep\n|turn|28\n|j| Kisuke_on_crack\n|c| brodiewhat|bruh\n|-enditem|p1a: come at me bro|Custap Berry|[eat]\n|-activate|p1a: come at me bro|item: Custap Berry|[consumed]\n|\n|t:|1700758450\n|move|p1a: come at me bro|Body Press|p2a: Farigiraf\n|-damage|p2a: Farigiraf|0 fnt\n|faint|p2a: Farigiraf\n|\n|upkeep\n|\n|t:|1700758463\n|switch|p2a: Morpeko|Morpeko, M|100\/100\n|turn|29\n|c| brodiewhat|yeah its over bruh\n|\n|t:|1700758466\n|move|p2a: Morpeko|Fake Out|p1a: come at me bro\n|-resisted|p1a: come at me bro\n|-damage|p1a: come at me bro|0 fnt\n|faint|p1a: come at me bro\n|\n|-formechange|p2a: Morpeko|Morpeko-Hangry||[from] ability: Hunger Switch\n|upkeep\n|\n|t:|1700758470\n|switch|p1a: bark is worse tbh|Mightyena, F|76\/100\n|-damage|p1a: bark is worse tbh|63\/100|[from] Stealth Rock\n|-damage|p1a: bark is worse tbh|51\/100|[from] Spikes\n|-ability|p1a: bark is worse tbh|Intimidate|boost\n|-unboost|p2a: Morpeko|atk|1\n|turn|30\n|c|\u2606darthdecidui|Morpeko sweep pls lol\n|\n|t:|1700758480\n|move|p1a: bark is worse tbh|Play Rough|p2a: Morpeko\n|-supereffective|p2a: Morpeko\n|-damage|p2a: Morpeko|0 fnt\n|faint|p2a: Morpeko\n|\n|win|Boyca\n|n|\u2606Boyca|boyca\n|n|\u2606darthdecidui|darthdecidui\n|n|*Lady Monita \u2746|ladymonita\n|n| poketough|poketough\n|n| brodiewhat|brodiewhat\n|n| Kisuke_on_crack|kisukeoncrack\n","uploadtime":1700758481,"views":1,"p1id":"boyca","p2id":"darthdecidui","formatid":"gen9ou","rating":0,"private":0,"password":""}