{"id":"gen9ou-1993835385","p1":"jallen25","p2":"Kingowlexander","format":"[Gen 9] OU","log":"|j|\u2606jallen25\n|j|\u2606Kingowlexander\n|t:|1700363199\n|gametype|singles\n|player|p1|jallen25|emmet|\n|player|p2|Kingowlexander|169|\n|teamsize|p1|6\n|teamsize|p2|6\n|gen|9\n|tier|[Gen 9] OU\n|rule|Sleep Clause Mod: Limit one foe put to sleep\n|rule|Species Clause: Limit one of each Pok\u00e9mon\n|rule|OHKO Clause: OHKO moves are banned\n|rule|Evasion Items Clause: Evasion items are banned\n|rule|Evasion Moves Clause: Evasion moves are banned\n|rule|Endless Battle Clause: Forcing endless battles is banned\n|rule|HP Percentage Mod: HP is shown in percentages\n|clearpoke\n|poke|p1|Typhlosion-Hisui, M|\n|poke|p1|Mimikyu, F|\n|poke|p1|Muk-Alola, M|\n|poke|p1|Empoleon, M|\n|poke|p1|Zapdos|\n|poke|p1|Lucario, M|\n|poke|p2|Landorus-Therian, M|\n|poke|p2|Garganacl, M|\n|poke|p2|Iron Moth|\n|poke|p2|Iron Valiant|\n|poke|p2|Volcanion|\n|poke|p2|Slowking-Galar, M|\n|teampreview\n|\n|t:|1700363230\n|start\n|switch|p1a: Lucario|Lucario, M, shiny|100\/100\n|switch|p2a: Iron Valiant|Iron Valiant|100\/100\n|-enditem|p2a: Iron Valiant|Booster Energy\n|-activate|p2a: Iron Valiant|ability: Quark Drive|[fromitem]\n|-start|p2a: Iron Valiant|quarkdrivespe\n|turn|1\n|\n|t:|1700363241\n|move|p2a: Iron Valiant|Drain Punch|p1a: Lucario\n|-supereffective|p1a: Lucario\n|-enditem|p1a: Lucario|Focus Sash\n|-damage|p1a: Lucario|1\/100\n|move|p1a: Lucario|Meteor Mash|p2a: Iron Valiant\n|-supereffective|p2a: Iron Valiant\n|-damage|p2a: Iron Valiant|1\/100\n|\n|upkeep\n|turn|2\n|\n|t:|1700363259\n|switch|p1a: Muk|Muk-Alola, M, shiny|100\/100\n|move|p2a: Iron Valiant|Shadow Sneak|p1a: Muk\n|-resisted|p1a: Muk\n|-damage|p1a: Muk|95\/100\n|\n|-heal|p1a: Muk|100\/100|[from] item: Leftovers\n|upkeep\n|turn|3\n|\n|t:|1700363271\n|move|p2a: Iron Valiant|Drain Punch|p1a: Muk\n|-damage|p1a: Muk|72\/100\n|-heal|p2a: Iron Valiant|22\/100|[from] drain|[of] p1a: Muk\n|move|p1a: Muk|Knock Off|p2a: Iron Valiant\n|-resisted|p2a: Iron Valiant\n|-damage|p2a: Iron Valiant|15\/100\n|\n|-heal|p1a: Muk|78\/100|[from] item: Leftovers\n|upkeep\n|turn|4\n|\n|t:|1700363283\n|-end|p2a: Iron Valiant|Quark Drive|[silent]\n|switch|p2a: Slowking|Slowking-Galar, M|100\/100\n|move|p1a: Muk|Protect||[still]\n|-fail|p1a: Muk\n|\n|-heal|p1a: Muk|84\/100|[from] item: Leftovers\n|upkeep\n|turn|5\n|\n|t:|1700363294\n|move|p1a: Muk|Knock Off|p2a: Slowking\n|-supereffective|p2a: Slowking\n|-damage|p2a: Slowking|24\/100\n|-enditem|p2a: Slowking|Leftovers|[from] move: Knock Off|[of] p1a: Muk\n|move|p2a: Slowking|Flamethrower|p1a: Muk\n|-damage|p1a: Muk|64\/100\n|\n|-heal|p1a: Muk|70\/100|[from] item: Leftovers\n|upkeep\n|turn|6\n|\n|t:|1700363304\n|move|p1a: Muk|Knock Off|p2a: Slowking\n|-supereffective|p2a: Slowking\n|-crit|p2a: Slowking\n|-damage|p2a: Slowking|0 fnt\n|faint|p2a: Slowking\n|\n|-heal|p1a: Muk|76\/100|[from] item: Leftovers\n|upkeep\n|\n|t:|1700363312\n|switch|p2a: Landorus|Landorus-Therian, M|100\/100\n|-ability|p2a: Landorus|Intimidate|boost\n|-unboost|p1a: Muk|atk|1\n|turn|7\n|\n|t:|1700363316\n|move|p2a: Landorus|Earthquake|p1a: Muk\n|-supereffective|p1a: Muk\n|-damage|p1a: Muk|0 fnt\n|faint|p1a: Muk\n|\n|upkeep\n|\n|t:|1700363345\n|switch|p1a: Empoleon|Empoleon, M, shiny|100\/100\n|turn|8\n|\n|t:|1700363350\n|switch|p2a: Volcanion|Volcanion|100\/100\n|move|p1a: Empoleon|Surf|p2a: Volcanion\n|-immune|p2a: Volcanion|[from] ability: Water Absorb\n|\n|upkeep\n|turn|9\n|\n|t:|1700363360\n|switch|p1a: Mimikyu|Mimikyu, F, shiny|100\/100\n|move|p2a: Volcanion|Earth Power|p1a: Mimikyu\n|-activate|p1a: Mimikyu|ability: Disguise\n|-damage|p1a: Mimikyu|100\/100\n|detailschange|p1a: Mimikyu|Mimikyu-Busted, F, shiny\n|-damage|p1a: Mimikyu|88\/100|[from] pokemon: Mimikyu-Busted\n|\n|upkeep\n|turn|10\n|\n|t:|1700363372\n|move|p1a: Mimikyu|Swords Dance|p1a: Mimikyu\n|-boost|p1a: Mimikyu|atk|2\n|move|p2a: Volcanion|Steam Eruption|p1a: Mimikyu\n|-damage|p1a: Mimikyu|6\/100\n|-status|p1a: Mimikyu|brn\n|\n|-damage|p1a: Mimikyu|0 fnt|[from] brn\n|faint|p1a: Mimikyu\n|upkeep\n|\n|t:|1700363381\n|switch|p1a: Typhlosion|Typhlosion-Hisui, M, shiny|100\/100\n|turn|11\n|\n|t:|1700363392\n|move|p1a: Typhlosion|Infernal Parade|p2a: Volcanion\n|-damage|p2a: Volcanion|69\/100\n|move|p2a: Volcanion|Steam Eruption|p1a: Typhlosion\n|-supereffective|p1a: Typhlosion\n|-enditem|p1a: Typhlosion|Focus Sash\n|-damage|p1a: Typhlosion|1\/100\n|\n|-heal|p2a: Volcanion|75\/100|[from] item: Leftovers\n|upkeep\n|turn|12\n|\n|t:|1700363404\n|-terastallize|p1a: Typhlosion|Fairy\n|move|p1a: Typhlosion|Tera Blast|p2a: Volcanion|[anim] Tera Blast Fairy\n|-resisted|p2a: Volcanion\n|-damage|p2a: Volcanion|54\/100\n|move|p2a: Volcanion|Earth Power|p1a: Typhlosion\n|-damage|p1a: Typhlosion|0 fnt\n|faint|p1a: Typhlosion\n|\n|-heal|p2a: Volcanion|60\/100|[from] item: Leftovers\n|upkeep\n|j| Azzels\n|\n|t:|1700363415\n|switch|p1a: Lucario|Lucario, M, shiny|1\/100\n|turn|13\n|\n|t:|1700363420\n|switch|p2a: Landorus|Landorus-Therian, M|100\/100\n|-ability|p2a: Landorus|Intimidate|boost\n|-unboost|p1a: Lucario|atk|1\n|move|p1a: Lucario|Earthquake|p2a: Landorus\n|-immune|p2a: Landorus\n|\n|upkeep\n|turn|14\n|\n|t:|1700363430\n|move|p2a: Landorus|Rock Slide|p1a: Lucario\n|-resisted|p1a: Lucario\n|-damage|p1a: Lucario|0 fnt\n|faint|p1a: Lucario\n|\n|upkeep\n|\n|t:|1700363435\n|switch|p1a: Zapdos|Zapdos, shiny|100\/100\n|turn|15\n|\n|t:|1700363440\n|move|p2a: Landorus|Rock Slide|p1a: Zapdos\n|-supereffective|p1a: Zapdos\n|-damage|p1a: Zapdos|62\/100\n|move|p1a: Zapdos|Tailwind|p1a: Zapdos\n|-sidestart|p1: jallen25|move: Tailwind\n|\n|upkeep\n|turn|16\n|\n|t:|1700363447\n|move|p1a: Zapdos|Hurricane|p2a: Landorus\n|-damage|p2a: Landorus|37\/100\n|-start|p2a: Landorus|confusion\n|-activate|p2a: Landorus|confusion\n|-damage|p2a: Landorus|19\/100|[from] confusion\n|\n|-heal|p2a: Landorus|25\/100|[from] item: Leftovers\n|upkeep\n|turn|17\n|\n|t:|1700363461\n|move|p1a: Zapdos|Hurricane|p2a: Landorus\n|-damage|p2a: Landorus|0 fnt\n|faint|p2a: Landorus\n|\n|upkeep\n|\n|t:|1700363467\n|switch|p2a: Garganacl|Garganacl, M|100\/100\n|turn|18\n|\n|t:|1700363471\n|move|p1a: Zapdos|Hurricane|p2a: Garganacl\n|-resisted|p2a: Garganacl\n|-damage|p2a: Garganacl|83\/100\n|move|p2a: Garganacl|Salt Cure|p1a: Zapdos\n|-supereffective|p1a: Zapdos\n|-damage|p1a: Zapdos|42\/100\n|-start|p1a: Zapdos|Salt Cure\n|-enditem|p1a: Zapdos|Sitrus Berry|[eat]\n|-heal|p1a: Zapdos|67\/100|[from] item: Sitrus Berry\n|\n|-heal|p2a: Garganacl|89\/100|[from] item: Leftovers\n|-damage|p1a: Zapdos|54\/100|[from] Salt Cure\n|-sideend|p1: jallen25|move: Tailwind\n|upkeep\n|turn|19\n|\n|t:|1700363484\n|move|p1a: Zapdos|Discharge|p2a: Garganacl\n|-damage|p2a: Garganacl|66\/100\n|move|p2a: Garganacl|Salt Cure|p1a: Zapdos\n|-supereffective|p1a: Zapdos\n|-damage|p1a: Zapdos|35\/100\n|\n|-heal|p2a: Garganacl|73\/100|[from] item: Leftovers\n|-damage|p1a: Zapdos|23\/100|[from] Salt Cure\n|upkeep\n|turn|20\n|\n|t:|1700363494\n|move|p1a: Zapdos|Tailwind|p1a: Zapdos\n|-sidestart|p1: jallen25|move: Tailwind\n|move|p2a: Garganacl|Salt Cure|p1a: Zapdos\n|-supereffective|p1a: Zapdos\n|-damage|p1a: Zapdos|2\/100\n|\n|-heal|p2a: Garganacl|79\/100|[from] item: Leftovers\n|-damage|p1a: Zapdos|0 fnt|[from] Salt Cure\n|faint|p1a: Zapdos\n|upkeep\n|\n|t:|1700363502\n|switch|p1a: Empoleon|Empoleon, M, shiny|100\/100\n|turn|21\n|\n|t:|1700363508\n|move|p2a: Garganacl|Protect|p2a: Garganacl\n|-singleturn|p2a: Garganacl|Protect\n|move|p1a: Empoleon|Flash Cannon|p2a: Garganacl\n|-activate|p2a: Garganacl|move: Protect\n|\n|-heal|p2a: Garganacl|85\/100|[from] item: Leftovers\n|upkeep\n|turn|22\n|\n|t:|1700363515\n|switch|p2a: Volcanion|Volcanion|60\/100\n|move|p1a: Empoleon|Flash Cannon|p2a: Volcanion\n|-resisted|p2a: Volcanion\n|-damage|p2a: Volcanion|51\/100\n|\n|-heal|p2a: Volcanion|57\/100|[from] item: Leftovers\n|upkeep\n|turn|23\n|\n|t:|1700363523\n|move|p1a: Empoleon|Flash Cannon|p2a: Volcanion\n|-resisted|p2a: Volcanion\n|-damage|p2a: Volcanion|47\/100\n|move|p2a: Volcanion|Earth Power|p1a: Empoleon\n|-supereffective|p1a: Empoleon\n|-damage|p1a: Empoleon|27\/100\n|\n|-heal|p2a: Volcanion|53\/100|[from] item: Leftovers\n|-sideend|p1: jallen25|move: Tailwind\n|upkeep\n|turn|24\n|\n|t:|1700363531\n|move|p1a: Empoleon|Flash Cannon|p2a: Volcanion\n|-resisted|p2a: Volcanion\n|-damage|p2a: Volcanion|43\/100\n|move|p2a: Volcanion|Earth Power|p1a: Empoleon\n|-supereffective|p1a: Empoleon\n|-crit|p1a: Empoleon\n|-damage|p1a: Empoleon|0 fnt\n|faint|p1a: Empoleon\n|\n|win|Kingowlexander\n|l|\u2606jallen25\n","uploadtime":1700363640,"views":22,"p1id":"jallen25","p2id":"kingowlexander","formatid":"gen9ou","rating":0,"private":0,"password":""}