{"id":"gen9ou-1990397377","p1":"Oblivious134","p2":"XDrkx","format":"[Gen 9] OU","log":"|j|\u2606Oblivious134\n|j|\u2606XDrkx\n|t:|1699966688\n|gametype|singles\n|player|p1|Oblivious134|169|1134\n|player|p2|XDrkx|pokemaniac|1079\n|teamsize|p1|6\n|teamsize|p2|6\n|gen|9\n|tier|[Gen 9] OU\n|rated|\n|rule|Sleep Clause Mod: Limit one foe put to sleep\n|rule|Species Clause: Limit one of each Pok\u00e9mon\n|rule|OHKO Clause: OHKO moves are banned\n|rule|Evasion Items Clause: Evasion items are banned\n|rule|Evasion Moves Clause: Evasion moves are banned\n|rule|Endless Battle Clause: Forcing endless battles is banned\n|rule|HP Percentage Mod: HP is shown in percentages\n|clearpoke\n|poke|p1|Ribombee, F|\n|poke|p1|Great Tusk|\n|poke|p1|Gholdengo|\n|poke|p1|Manaphy|\n|poke|p1|Kingambit, F|\n|poke|p1|Iron Moth|\n|poke|p2|Iron Treads|\n|poke|p2|Thundurus-Therian, M|\n|poke|p2|Iron Valiant|\n|poke|p2|Iron Moth|\n|poke|p2|Ogerpon-Wellspring, F|\n|poke|p2|Gholdengo|\n|teampreview\n|inactive|Battle timer is ON: inactive players will automatically lose when time's up. (requested by XDrkx)\n|\n|t:|1699966693\n|start\n|switch|p1a: Ribombee|Ribombee, F|100\/100\n|switch|p2a: Iron Treads|Iron Treads|100\/100\n|turn|1\n|\n|t:|1699966704\n|move|p1a: Ribombee|Sticky Web|p2a: Iron Treads\n|-sidestart|p2: XDrkx|move: Sticky Web\n|move|p2a: Iron Treads|Rapid Spin|p1a: Ribombee\n|-damage|p1a: Ribombee|71\/100\n|-boost|p2a: Iron Treads|spe|1\n|-sideend|p2: XDrkx|Sticky Web|[from] move: Rapid Spin|[of] p2a: Iron Treads\n|\n|upkeep\n|turn|2\n|\n|t:|1699966708\n|move|p2a: Iron Treads|Iron Head|p1a: Ribombee\n|-supereffective|p1a: Ribombee\n|-damage|p1a: Ribombee|0 fnt\n|faint|p1a: Ribombee\n|\n|upkeep\n|\n|t:|1699966718\n|switch|p1a: Great Tusk|Great Tusk|100\/100\n|turn|3\n|\n|t:|1699966724\n|-end|p2a: Iron Treads|Quark Drive|[silent]\n|switch|p2a: Thundur dog|Thundurus-Therian, M|100\/100\n|move|p1a: Great Tusk|Ice Spinner|p2a: Thundur dog\n|-supereffective|p2a: Thundur dog\n|-damage|p2a: Thundur dog|12\/100\n|\n|upkeep\n|turn|4\n|\n|t:|1699966732\n|-end|p1a: Great Tusk|Protosynthesis|[silent]\n|switch|p1a: Gholdengo|Gholdengo|100\/100\n|-item|p1a: Gholdengo|Air Balloon\n|move|p2a: Thundur dog|Psychic|p1a: Gholdengo\n|-resisted|p1a: Gholdengo\n|-damage|p1a: Gholdengo|78\/100\n|-enditem|p1a: Gholdengo|Air Balloon\n|\n|upkeep\n|turn|5\n|\n|t:|1699966739\n|move|p2a: Thundur dog|Volt Switch|p1a: Gholdengo\n|-damage|p1a: Gholdengo|32\/100\n|\n|t:|1699966742\n|switch|p2a: Iron Treads|Iron Treads|100\/100|[from] Volt Switch\n|move|p1a: Gholdengo|Shadow Ball|p2a: Iron Treads\n|-damage|p2a: Iron Treads|60\/100\n|\n|upkeep\n|turn|6\n|\n|t:|1699966754\n|switch|p1a: Manaphy|Manaphy|100\/100\n|move|p2a: Iron Treads|Earthquake|p1a: Manaphy\n|-damage|p1a: Manaphy|60\/100\n|\n|-heal|p1a: Manaphy|66\/100|[from] item: Leftovers\n|upkeep\n|turn|7\n|\n|t:|1699966772\n|move|p2a: Iron Treads|Earthquake|p1a: Manaphy\n|-damage|p1a: Manaphy|25\/100\n|move|p1a: Manaphy|Acid Armor|p1a: Manaphy\n|-boost|p1a: Manaphy|def|2\n|\n|-heal|p1a: Manaphy|31\/100|[from] item: Leftovers\n|upkeep\n|turn|8\n|\n|t:|1699966784\n|move|p2a: Iron Treads|Earthquake|p1a: Manaphy\n|-damage|p1a: Manaphy|11\/100\n|move|p1a: Manaphy|Scald|p2a: Iron Treads\n|-supereffective|p2a: Iron Treads\n|-damage|p2a: Iron Treads|4\/100\n|\n|-heal|p1a: Manaphy|18\/100|[from] item: Leftovers\n|upkeep\n|turn|9\n|\n|t:|1699966792\n|move|p2a: Iron Treads|Earthquake|p1a: Manaphy\n|-damage|p1a: Manaphy|0 fnt\n|faint|p1a: Manaphy\n|\n|upkeep\n|-message|Oblivious134 forfeited.\n|\n|win|XDrkx\n|raw|Oblivious134's rating: 1134 &rarr; <strong>1105<\/strong><br \/>(-29 for losing)\n|raw|XDrkx's rating: 1079 &rarr; <strong>1112<\/strong><br \/>(+33 for winning)\n|l|\u2606Oblivious134\n","uploadtime":1699966814,"views":4,"p1id":"oblivious134","p2id":"xdrkx","formatid":"gen9ou","rating":1105,"private":0,"password":""}