{"id":"gen9ou-1988955722","p1":"superiax","p2":"Ttk6922","format":"[Gen 9] OU","log":"|j|\u2606superiax\n|j|\u2606Ttk6922\n|t:|1699794140\n|gametype|singles\n|player|p1|superiax|whitney|1348\n|player|p2|Ttk6922|169|1396\n|teamsize|p1|6\n|teamsize|p2|6\n|gen|9\n|tier|[Gen 9] OU\n|rated|\n|rule|Sleep Clause Mod: Limit one foe put to sleep\n|rule|Species Clause: Limit one of each Pok\u00e9mon\n|rule|OHKO Clause: OHKO moves are banned\n|rule|Evasion Items Clause: Evasion items are banned\n|rule|Evasion Moves Clause: Evasion moves are banned\n|rule|Endless Battle Clause: Forcing endless battles is banned\n|rule|HP Percentage Mod: HP is shown in percentages\n|clearpoke\n|poke|p1|Ribombee, F|\n|poke|p1|Ninetales-Alola, F|\n|poke|p1|Kingambit, M|\n|poke|p1|Iron Moth|\n|poke|p1|Gholdengo|\n|poke|p1|Ogerpon-Wellspring, F|\n|poke|p2|Dragapult, F|\n|poke|p2|Great Tusk|\n|poke|p2|Greninja-*, M|\n|poke|p2|Moltres|\n|poke|p2|Clodsire, F|\n|poke|p2|Cresselia, F|\n|teampreview\n|inactive|Battle timer is ON: inactive players will automatically lose when time's up. (requested by superiax)\n|\n|t:|1699794155\n|start\n|switch|p1a: Mirror Master|Ribombee, F, shiny|100\/100\n|switch|p2a: Genoide|Dragapult, F|100\/100\n|turn|1\n|\n|t:|1699794161\n|move|p2a: Genoide|U-turn|p1a: Mirror Master\n|-resisted|p1a: Mirror Master\n|-damage|p1a: Mirror Master|63\/100\n|\n|t:|1699794163\n|switch|p2a: A thing.|Clodsire, F|100\/100|[from] U-turn\n|move|p1a: Mirror Master|Stun Spore|p2a: A thing.\n|-status|p2a: A thing.|par\n|\n|upkeep\n|turn|2\n|\n|t:|1699794170\n|move|p1a: Mirror Master|Sticky Web|p2a: A thing.\n|-sidestart|p2: Ttk6922|move: Sticky Web\n|move|p2a: A thing.|Spikes|p1a: Mirror Master\n|-sidestart|p1: superiax|Spikes\n|\n|upkeep\n|turn|3\n|\n|t:|1699794174\n|move|p1a: Mirror Master|Psychic|p2a: A thing.\n|-supereffective|p2a: A thing.\n|-damage|p2a: A thing.|72\/100 par\n|move|p2a: A thing.|Spikes|p1a: Mirror Master\n|-sidestart|p1: superiax|Spikes\n|\n|upkeep\n|turn|4\n|\n|t:|1699794178\n|move|p1a: Mirror Master|Psychic|p2a: A thing.\n|-supereffective|p2a: A thing.\n|-damage|p2a: A thing.|47\/100 par\n|-unboost|p2a: A thing.|spd|1\n|cant|p2a: A thing.|par\n|\n|upkeep\n|turn|5\n|\n|t:|1699794185\n|switch|p2a: Gamakishi|Greninja, M|100\/100\n|-activate|p2a: Gamakishi|move: Sticky Web\n|-unboost|p2a: Gamakishi|spe|1\n|move|p1a: Mirror Master|Psychic|p2a: Gamakishi\n|-immune|p2a: Gamakishi\n|\n|upkeep\n|turn|6\n|\n|t:|1699794197\n|move|p2a: Gamakishi|Water Shuriken|p1a: Mirror Master\n|-damage|p1a: Mirror Master|51\/100\n|-damage|p1a: Mirror Master|39\/100\n|-hitcount|p1a: Mirror Master|2\n|move|p1a: Mirror Master|Moonblast|p2a: Gamakishi\n|-supereffective|p2a: Gamakishi\n|-damage|p2a: Gamakishi|0 fnt\n|faint|p2a: Gamakishi\n|\n|upkeep\n|\n|t:|1699794200\n|switch|p2a: A thing.|Clodsire, F|47\/100 par\n|turn|7\n|\n|t:|1699794207\n|move|p1a: Mirror Master|Psychic|p2a: A thing.\n|-supereffective|p2a: A thing.\n|-damage|p2a: A thing.|22\/100 par\n|cant|p2a: A thing.|par\n|\n|upkeep\n|turn|8\n|\n|t:|1699794212\n|move|p1a: Mirror Master|Psychic|p2a: A thing.\n|-supereffective|p2a: A thing.\n|-damage|p2a: A thing.|0 fnt\n|faint|p2a: A thing.\n|\n|upkeep\n|\n|t:|1699794217\n|switch|p2a: Genoide|Dragapult, F|100\/100\n|-activate|p2a: Genoide|move: Sticky Web\n|-unboost|p2a: Genoide|spe|1\n|turn|9\n|\n|t:|1699794221\n|move|p1a: Mirror Master|Moonblast|p2a: Genoide\n|-supereffective|p2a: Genoide\n|-damage|p2a: Genoide|0 fnt\n|faint|p2a: Genoide\n|\n|upkeep\n|\n|t:|1699794224\n|switch|p2a: Bonogoat|Cresselia, F|100\/100\n|turn|10\n|c|\u2606superiax|hehe\n|\n|t:|1699794235\n|move|p1a: Mirror Master|Moonblast|p2a: Bonogoat\n|-damage|p2a: Bonogoat|74\/100\n|move|p2a: Bonogoat|Calm Mind|p2a: Bonogoat\n|-boost|p2a: Bonogoat|spa|1\n|-boost|p2a: Bonogoat|spd|1\n|\n|-heal|p2a: Bonogoat|80\/100|[from] item: Leftovers\n|upkeep\n|turn|11\n|\n|t:|1699794242\n|move|p1a: Mirror Master|Stun Spore|p2a: Bonogoat\n|-status|p2a: Bonogoat|par\n|cant|p2a: Bonogoat|par\n|\n|-heal|p2a: Bonogoat|86\/100 par|[from] item: Leftovers\n|upkeep\n|turn|12\n|\n|t:|1699794248\n|move|p1a: Mirror Master|Moonblast|p2a: Bonogoat\n|-damage|p2a: Bonogoat|69\/100 par\n|move|p2a: Bonogoat|Calm Mind|p2a: Bonogoat\n|-boost|p2a: Bonogoat|spa|1\n|-boost|p2a: Bonogoat|spd|1\n|\n|-heal|p2a: Bonogoat|75\/100 par|[from] item: Leftovers\n|upkeep\n|turn|13\n|\n|t:|1699794255\n|move|p1a: Mirror Master|Moonblast|p2a: Bonogoat\n|-damage|p2a: Bonogoat|62\/100 par\n|move|p2a: Bonogoat|Moonlight|p2a: Bonogoat\n|-heal|p2a: Bonogoat|100\/100 par\n|\n|upkeep\n|turn|14\n|\n|t:|1699794262\n|move|p1a: Mirror Master|Psychic|p2a: Bonogoat\n|-resisted|p2a: Bonogoat\n|-damage|p2a: Bonogoat|96\/100 par\n|move|p2a: Bonogoat|Calm Mind|p2a: Bonogoat\n|-boost|p2a: Bonogoat|spa|1\n|-boost|p2a: Bonogoat|spd|1\n|\n|-heal|p2a: Bonogoat|100\/100 par|[from] item: Leftovers\n|upkeep\n|turn|15\n|\n|t:|1699794268\n|move|p1a: Mirror Master|Moonblast|p2a: Bonogoat\n|-damage|p2a: Bonogoat|90\/100 par\n|move|p2a: Bonogoat|Calm Mind|p2a: Bonogoat\n|-boost|p2a: Bonogoat|spa|1\n|-boost|p2a: Bonogoat|spd|1\n|\n|-heal|p2a: Bonogoat|96\/100 par|[from] item: Leftovers\n|upkeep\n|turn|16\n|\n|t:|1699794277\n|move|p1a: Mirror Master|Moonblast|p2a: Bonogoat\n|-damage|p2a: Bonogoat|87\/100 par\n|move|p2a: Bonogoat|Calm Mind|p2a: Bonogoat\n|-boost|p2a: Bonogoat|spa|1\n|-boost|p2a: Bonogoat|spd|1\n|\n|-heal|p2a: Bonogoat|93\/100 par|[from] item: Leftovers\n|upkeep\n|turn|17\n|\n|t:|1699794284\n|move|p1a: Mirror Master|Moonblast|p2a: Bonogoat\n|-damage|p2a: Bonogoat|86\/100 par\n|move|p2a: Bonogoat|Calm Mind|p2a: Bonogoat\n|-boost|p2a: Bonogoat|spa|1\n|-boost|p2a: Bonogoat|spd|1\n|\n|-heal|p2a: Bonogoat|92\/100 par|[from] item: Leftovers\n|upkeep\n|turn|18\n|\n|t:|1699794291\n|move|p1a: Mirror Master|Moonblast|p2a: Bonogoat\n|-damage|p2a: Bonogoat|85\/100 par\n|move|p2a: Bonogoat|Stored Power|p1a: Mirror Master\n|-damage|p1a: Mirror Master|0 fnt\n|faint|p1a: Mirror Master\n|\n|-heal|p2a: Bonogoat|91\/100 par|[from] item: Leftovers\n|upkeep\n|\n|t:|1699794298\n|switch|p1a: Captain Boomerang|Kingambit, M, shiny|100\/100\n|-damage|p1a: Captain Boomerang|84\/100|[from] Spikes\n|-activate|p1a: Captain Boomerang|ability: Supreme Overlord\n|-start|p1a: Captain Boomerang|fallen1|[silent]\n|turn|19\n|\n|t:|1699794304\n|-terastallize|p2a: Bonogoat|Poison\n|move|p1a: Captain Boomerang|Swords Dance|p1a: Captain Boomerang\n|-boost|p1a: Captain Boomerang|atk|2\n|move|p2a: Bonogoat|Moonblast|p1a: Captain Boomerang\n|-damage|p1a: Captain Boomerang|5\/100\n|\n|-heal|p2a: Bonogoat|97\/100 par|[from] item: Leftovers\n|upkeep\n|turn|20\n|\n|t:|1699794317\n|move|p1a: Captain Boomerang|Kowtow Cleave|p2a: Bonogoat\n|-damage|p2a: Bonogoat|17\/100 par\n|cant|p2a: Bonogoat|par\n|\n|-heal|p2a: Bonogoat|23\/100 par|[from] item: Leftovers\n|upkeep\n|turn|21\n|\n|t:|1699794323\n|move|p1a: Captain Boomerang|Kowtow Cleave|p2a: Bonogoat\n|-damage|p2a: Bonogoat|0 fnt\n|faint|p2a: Bonogoat\n|\n|upkeep\n|\n|t:|1699794330\n|switch|p2a: Agency|Great Tusk|100\/100\n|-activate|p2a: Agency|move: Sticky Web\n|-unboost|p2a: Agency|spe|1\n|turn|22\n|\n|t:|1699794334\n|move|p1a: Captain Boomerang|Iron Head|p2a: Agency\n|-damage|p2a: Agency|45\/100\n|move|p2a: Agency|Rapid Spin|p1a: Captain Boomerang\n|-resisted|p1a: Captain Boomerang\n|-damage|p1a: Captain Boomerang|0 fnt\n|-boost|p2a: Agency|spe|1\n|-sideend|p2: Ttk6922|Sticky Web|[from] move: Rapid Spin|[of] p2a: Agency\n|faint|p1a: Captain Boomerang\n|-end|p1a: Captain Boomerang|fallen1|[silent]\n|\n|-heal|p2a: Agency|51\/100|[from] item: Leftovers\n|upkeep\n|\n|t:|1699794343\n|switch|p1a: Weather Wizard|Ogerpon-Wellspring, F|100\/100\n|-damage|p1a: Weather Wizard|84\/100|[from] Spikes\n|turn|23\n|\n|t:|1699794353\n|move|p1a: Weather Wizard|Ivy Cudgel|p2a: Agency\n|-supereffective|p2a: Agency\n|-damage|p2a: Agency|0 fnt\n|faint|p2a: Agency\n|-end|p2a: Agency|Protosynthesis|[silent]\n|\n|upkeep\n|-message|Ttk6922 forfeited.\n|\n|win|superiax\n|raw|superiax's rating: 1348 &rarr; <strong>1371<\/strong><br \/>(+23 for winning)\n|raw|Ttk6922's rating: 1396 &rarr; <strong>1373<\/strong><br \/>(-23 for losing)\n|l|\u2606Ttk6922\n","uploadtime":1699794362,"views":8,"p1id":"superiax","p2id":"ttk6922","formatid":"gen9ou","rating":1371,"private":0,"password":""}