{"id":"gen9ou-1996403489","p1":"Big$mokii","p2":"wilou2791","format":"[Gen 9] OU","log":"|j|\u2606Big$mokii\n|j|\u2606wilou2791\n|t:|1700678718\n|gametype|singles\n|player|p1|Big$mokii|veteran|1092\n|player|p2|wilou2791|barry|1059\n|teamsize|p1|6\n|teamsize|p2|6\n|gen|9\n|tier|[Gen 9] OU\n|rated|\n|rule|Sleep Clause Mod: Limit one foe put to sleep\n|rule|Species Clause: Limit one of each Pok\u00e9mon\n|rule|OHKO Clause: OHKO moves are banned\n|rule|Evasion Items Clause: Evasion items are banned\n|rule|Evasion Moves Clause: Evasion moves are banned\n|rule|Endless Battle Clause: Forcing endless battles is banned\n|rule|HP Percentage Mod: HP is shown in percentages\n|clearpoke\n|poke|p1|Gholdengo|\n|poke|p1|Hatterene, F|\n|poke|p1|Iron Hands|\n|poke|p1|Cinderace, F|\n|poke|p1|Salamence, M|\n|poke|p1|Amoonguss, F|\n|poke|p2|Kingambit, M|\n|poke|p2|Great Tusk|\n|poke|p2|Dragapult, F|\n|poke|p2|Ogerpon-Wellspring, F|\n|poke|p2|Blissey, F|\n|poke|p2|Zapdos|\n|teampreview\n|\n|t:|1700678756\n|start\n|switch|p1a: Cap|Hatterene, F|100\/100\n|switch|p2a: Dragapult|Dragapult, F|100\/100\n|turn|1\n|inactive|Battle timer is ON: inactive players will automatically lose when time's up. (requested by Big$mokii)\n|\n|t:|1700678800\n|-terastallize|p2a: Dragapult|Ghost\n|move|p2a: Dragapult|Shadow Ball|p1a: Cap\n|-supereffective|p1a: Cap\n|-damage|p1a: Cap|0 fnt\n|faint|p1a: Cap\n|\n|upkeep\n|\n|t:|1700678809\n|switch|p1a: Cinderace|Cinderace, F|100\/100\n|turn|2\n|\n|t:|1700678817\n|move|p1a: Cinderace|Sucker Punch|p2a: Dragapult\n|-supereffective|p2a: Dragapult\n|-damage|p2a: Dragapult|42\/100\n|move|p2a: Dragapult|Shadow Ball|p1a: Cinderace\n|-damage|p1a: Cinderace|8\/100\n|\n|upkeep\n|turn|3\n|\n|t:|1700678844\n|switch|p2a: Zapdos|Zapdos|100\/100\n|move|p1a: Cinderace|Sucker Punch||[still]\n|-fail|p1a: Cinderace\n|\n|upkeep\n|turn|4\n|\n|t:|1700678852\n|move|p1a: Cinderace|Pyro Ball|p2a: Zapdos\n|-crit|p2a: Zapdos\n|-damage|p2a: Zapdos|0 fnt\n|faint|p2a: Zapdos\n|\n|upkeep\n|\n|t:|1700678858\n|switch|p2a: Blissey|Blissey, F|100\/100\n|turn|5\n|\n|t:|1700678864\n|move|p1a: Cinderace|Pyro Ball|p2a: Blissey\n|-damage|p2a: Blissey|26\/100\n|-status|p2a: Blissey|brn\n|move|p2a: Blissey|Shadow Ball|p1a: Cinderace\n|-damage|p1a: Cinderace|0 fnt\n|faint|p1a: Cinderace\n|\n|-damage|p2a: Blissey|20\/100 brn|[from] brn\n|upkeep\n|\n|t:|1700678881\n|switch|p1a: TheBigShow|Iron Hands|100\/100\n|-enditem|p1a: TheBigShow|Booster Energy\n|-activate|p1a: TheBigShow|ability: Quark Drive|[fromitem]\n|-start|p1a: TheBigShow|quarkdriveatk\n|turn|6\n|\n|t:|1700678889\n|move|p1a: TheBigShow|Fake Out|p2a: Blissey\n|-damage|p2a: Blissey|4\/100 brn\n|cant|p2a: Blissey|flinch\n|\n|-damage|p2a: Blissey|0 fnt|[from] brn\n|faint|p2a: Blissey\n|upkeep\n|\n|t:|1700678902\n|switch|p2a: Great Tusk|Great Tusk|100\/100\n|turn|7\n|\n|t:|1700678914\n|-terastallize|p1a: TheBigShow|Flying\n|move|p2a: Great Tusk|Earthquake|p1a: TheBigShow\n|-immune|p1a: TheBigShow\n|move|p1a: TheBigShow|Iron Head|p2a: Great Tusk\n|-damage|p2a: Great Tusk|81\/100\n|\n|-heal|p2a: Great Tusk|87\/100|[from] item: Leftovers\n|upkeep\n|turn|8\n|\n|t:|1700678937\n|move|p2a: Great Tusk|Bulk Up|p2a: Great Tusk\n|-boost|p2a: Great Tusk|atk|1\n|-boost|p2a: Great Tusk|def|1\n|move|p1a: TheBigShow|Drain Punch|p2a: Great Tusk\n|-damage|p2a: Great Tusk|67\/100\n|\n|-heal|p2a: Great Tusk|74\/100|[from] item: Leftovers\n|upkeep\n|turn|9\n|\n|t:|1700678945\n|-end|p1a: TheBigShow|Quark Drive|[silent]\n|switch|p1a: Amoonguss|Amoonguss, F|100\/100\n|move|p2a: Great Tusk|Bulk Up|p2a: Great Tusk\n|-boost|p2a: Great Tusk|atk|1\n|-boost|p2a: Great Tusk|def|1\n|\n|-heal|p2a: Great Tusk|80\/100|[from] item: Leftovers\n|upkeep\n|turn|10\n|\n|t:|1700678958\n|-end|p2a: Great Tusk|Protosynthesis|[silent]\n|switch|p2a: Kingambit|Kingambit, M|100\/100\n|-activate|p2a: Kingambit|ability: Supreme Overlord\n|-start|p2a: Kingambit|fallen2|[silent]\n|move|p1a: Amoonguss|Clear Smog|p2a: Kingambit\n|-immune|p2a: Kingambit\n|\n|upkeep\n|turn|11\n|\n|t:|1700678977\n|switch|p1a: Salamence|Salamence, M|100\/100\n|-ability|p1a: Salamence|Intimidate|boost\n|-unboost|p2a: Kingambit|atk|1\n|move|p2a: Kingambit|Swords Dance|p2a: Kingambit\n|-boost|p2a: Kingambit|atk|2\n|\n|upkeep\n|turn|12\n|inactive|wilou2791 has 120 seconds left.\n|\n|t:|1700678999\n|-end|p2a: Kingambit|fallen2|[silent]\n|switch|p2a: Great Tusk|Great Tusk|80\/100\n|move|p1a: Salamence|Fire Blast|p2a: Great Tusk\n|-damage|p2a: Great Tusk|42\/100\n|\n|-heal|p2a: Great Tusk|48\/100|[from] item: Leftovers\n|upkeep\n|turn|13\n|\n|t:|1700679010\n|move|p2a: Great Tusk|Knock Off|p1a: Salamence\n|-damage|p1a: Salamence|73\/100\n|-enditem|p1a: Salamence|Leftovers|[from] move: Knock Off|[of] p2a: Great Tusk\n|move|p1a: Salamence|Dragon Claw|p2a: Great Tusk\n|-damage|p2a: Great Tusk|24\/100\n|\n|-heal|p2a: Great Tusk|30\/100|[from] item: Leftovers\n|upkeep\n|turn|14\n|\n|t:|1700679019\n|move|p2a: Great Tusk|Bulk Up|p2a: Great Tusk\n|-boost|p2a: Great Tusk|atk|1\n|-boost|p2a: Great Tusk|def|1\n|move|p1a: Salamence|Dragon Claw|p2a: Great Tusk\n|-damage|p2a: Great Tusk|15\/100\n|\n|-heal|p2a: Great Tusk|22\/100|[from] item: Leftovers\n|upkeep\n|turn|15\n|\n|t:|1700679028\n|move|p2a: Great Tusk|Bulk Up|p2a: Great Tusk\n|-boost|p2a: Great Tusk|atk|1\n|-boost|p2a: Great Tusk|def|1\n|move|p1a: Salamence|Fire Blast|p2a: Great Tusk\n|-damage|p2a: Great Tusk|0 fnt\n|faint|p2a: Great Tusk\n|-end|p2a: Great Tusk|Protosynthesis|[silent]\n|\n|upkeep\n|\n|t:|1700679036\n|switch|p2a: Dragapult|Dragapult, F, tera:Ghost|42\/100\n|turn|16\n|\n|t:|1700679048\n|switch|p1a: cheesestick|Gholdengo|100\/100\n|move|p2a: Dragapult|Draco Meteor|p1a: cheesestick\n|-resisted|p1a: cheesestick\n|-damage|p1a: cheesestick|53\/100\n|-unboost|p2a: Dragapult|spa|2\n|\n|upkeep\n|turn|17\n|\n|t:|1700679061\n|switch|p2a: Ogerpon|Ogerpon-Wellspring, F|100\/100\n|switch|p1a: Salamence|Salamence, M|73\/100\n|-ability|p1a: Salamence|Intimidate|boost\n|-unboost|p2a: Ogerpon|atk|1\n|\n|upkeep\n|turn|18\n|\n|t:|1700679074\n|switch|p1a: Amoonguss|Amoonguss, F|100\/100\n|move|p2a: Ogerpon|U-turn|p1a: Amoonguss\n|-damage|p1a: Amoonguss|86\/100\n|-damage|p2a: Ogerpon|84\/100|[from] item: Rocky Helmet|[of] p1a: Amoonguss\n|\n|t:|1700679082\n|switch|p2a: Kingambit|Kingambit, M|100\/100|[from] U-turn\n|-activate|p2a: Kingambit|ability: Supreme Overlord\n|-start|p2a: Kingambit|fallen3|[silent]\n|\n|upkeep\n|turn|19\n|\n|t:|1700679096\n|switch|p1a: TheBigShow|Iron Hands, tera:Flying|100\/100\n|move|p2a: Kingambit|Kowtow Cleave|p1a: TheBigShow\n|-damage|p1a: TheBigShow|70\/100\n|\n|upkeep\n|turn|20\n|\n|t:|1700679114\n|-end|p2a: Kingambit|fallen3|[silent]\n|switch|p2a: Ogerpon|Ogerpon-Wellspring, F|84\/100\n|move|p1a: TheBigShow|Drain Punch|p2a: Ogerpon\n|-damage|p2a: Ogerpon|38\/100\n|-heal|p1a: TheBigShow|84\/100|[from] drain|[of] p2a: Ogerpon\n|\n|upkeep\n|turn|21\n|\n|t:|1700679123\n|move|p2a: Ogerpon|Ivy Cudgel|p1a: TheBigShow|[anim] Ivy Cudgel Water\n|-damage|p1a: TheBigShow|55\/100\n|move|p1a: TheBigShow|Thunder Punch|p2a: Ogerpon\n|-damage|p2a: Ogerpon|0 fnt\n|faint|p2a: Ogerpon\n|\n|upkeep\n|\n|t:|1700679132\n|switch|p2a: Dragapult|Dragapult, F, tera:Ghost|42\/100\n|turn|22\n|n|!Big$mokii|bigmokii\n|\n|t:|1700679144\n|move|p2a: Dragapult|Shadow Ball|p1a: TheBigShow\n|-damage|p1a: TheBigShow|0 fnt\n|faint|p1a: TheBigShow\n|-end|p1a: TheBigShow|Quark Drive|[silent]\n|\n|upkeep\n|\n|t:|1700679150\n|switch|p1a: Salamence|Salamence, M|73\/100\n|-ability|p1a: Salamence|Intimidate|boost\n|-unboost|p2a: Dragapult|atk|1\n|turn|23\n|\n|t:|1700679162\n|move|p2a: Dragapult|Shadow Ball|p1a: Salamence\n|-crit|p1a: Salamence\n|-damage|p1a: Salamence|0 fnt\n|faint|p1a: Salamence\n|\n|upkeep\n|\n|t:|1700679170\n|switch|p1a: Amoonguss|Amoonguss, F|100\/100\n|turn|24\n|\n|t:|1700679176\n|switch|p2a: Kingambit|Kingambit, M|100\/100\n|-activate|p2a: Kingambit|ability: Supreme Overlord\n|-start|p2a: Kingambit|fallen4|[silent]\n|move|p1a: Amoonguss|Spore|p2a: Kingambit\n|-status|p2a: Kingambit|slp|[from] move: Spore\n|\n|upkeep\n|turn|25\n|\n|t:|1700679187\n|switch|p1a: cheesestick|Gholdengo|53\/100\n|cant|p2a: Kingambit|slp\n|\n|upkeep\n|turn|26\n|\n|t:|1700679203\n|move|p1a: cheesestick|Nasty Plot|p1a: cheesestick\n|-boost|p1a: cheesestick|spa|2\n|-curestatus|p2a: Kingambit|slp|[msg]\n|move|p2a: Kingambit|Kowtow Cleave|p1a: cheesestick\n|-supereffective|p1a: cheesestick\n|-damage|p1a: cheesestick|0 fnt\n|faint|p1a: cheesestick\n|\n|upkeep\n|c|\u2606wilou2791|gg\n|\n|t:|1700679217\n|switch|p1a: Amoonguss|Amoonguss, F|100\/100\n|turn|27\n|\n|t:|1700679224\n|move|p2a: Kingambit|Swords Dance|p2a: Kingambit\n|-boost|p2a: Kingambit|atk|2\n|move|p1a: Amoonguss|Spore|p2a: Kingambit\n|-status|p2a: Kingambit|slp|[from] move: Spore\n|\n|upkeep\n|turn|28\n|\n|t:|1700679230\n|cant|p2a: Kingambit|slp\n|move|p1a: Amoonguss|Giga Drain|p2a: Kingambit\n|-resisted|p2a: Kingambit\n|-damage|p2a: Kingambit|89\/100 slp\n|\n|upkeep\n|turn|29\n|\n|t:|1700679236\n|cant|p2a: Kingambit|slp\n|move|p1a: Amoonguss|Giga Drain|p2a: Kingambit\n|-resisted|p2a: Kingambit\n|-damage|p2a: Kingambit|76\/100 slp\n|\n|upkeep\n|turn|30\n|\n|t:|1700679243\n|cant|p2a: Kingambit|slp\n|move|p1a: Amoonguss|Giga Drain|p2a: Kingambit\n|-resisted|p2a: Kingambit\n|-damage|p2a: Kingambit|65\/100 slp\n|\n|upkeep\n|turn|31\n|\n|t:|1700679249\n|-curestatus|p2a: Kingambit|slp|[msg]\n|move|p2a: Kingambit|Kowtow Cleave|p1a: Amoonguss\n|-damage|p1a: Amoonguss|0 fnt\n|-damage|p2a: Kingambit|48\/100|[from] item: Rocky Helmet|[of] p1a: Amoonguss\n|faint|p1a: Amoonguss\n|\n|win|wilou2791\n|raw|Big$mokii's rating: 1092 &rarr; <strong>1066<\/strong><br \/>(-26 for losing)\n|raw|wilou2791's rating: 1059 &rarr; <strong>1093<\/strong><br \/>(+34 for winning)\n","uploadtime":1700679154,"views":1,"p1id":"bigmokii","p2id":"wilou2791","formatid":"gen9ou","rating":1066,"private":0,"password":""}