{"id":"gen9ou-1992586143","p1":"Abe_Hanabi","p2":"Foxhunter66","format":"[Gen 9] OU","log":"|j|\u2606Abe_Hanabi\n|j|\u2606Foxhunter66\n|t:|1700210361\n|gametype|singles\n|player|p1|Abe_Hanabi|pokemonbreeder-gen4|1266\n|player|p2|Foxhunter66|ghetsis|1161\n|teamsize|p1|6\n|teamsize|p2|6\n|gen|9\n|tier|[Gen 9] OU\n|rated|\n|rule|Sleep Clause Mod: Limit one foe put to sleep\n|rule|Species Clause: Limit one of each Pok\u00e9mon\n|rule|OHKO Clause: OHKO moves are banned\n|rule|Evasion Items Clause: Evasion items are banned\n|rule|Evasion Moves Clause: Evasion moves are banned\n|rule|Endless Battle Clause: Forcing endless battles is banned\n|rule|HP Percentage Mod: HP is shown in percentages\n|clearpoke\n|poke|p1|Clefable, M|\n|poke|p1|Zapdos|\n|poke|p1|Skeledirge, F|\n|poke|p1|Great Tusk|\n|poke|p1|Scizor, M|\n|poke|p1|Ogerpon-Wellspring, F|\n|poke|p2|Ceruledge, M|\n|poke|p2|Ninetales-Alola, M|\n|poke|p2|Rillaboom, F|\n|poke|p2|Weavile, M|\n|poke|p2|Kingambit, F|\n|poke|p2|Landorus-Therian, M|\n|teampreview\n|inactive|Battle timer is ON: inactive players will automatically lose when time's up. (requested by Abe_Hanabi)\n|\n|t:|1700210409\n|start\n|switch|p1a: Ogerpon|Ogerpon-Wellspring, F|100\/100\n|switch|p2a: Ninetales|Ninetales-Alola, M|100\/100\n|-weather|Snow|[from] ability: Snow Warning|[of] p2a: Ninetales\n|turn|1\n|\n|t:|1700210418\n|move|p1a: Ogerpon|Ivy Cudgel|p2a: Ninetales|[anim] Ivy Cudgel Water\n|-damage|p2a: Ninetales|53\/100\n|move|p2a: Ninetales|Aurora Veil|p2a: Ninetales\n|-sidestart|p2: Foxhunter66|move: Aurora Veil\n|\n|-weather|Snow|[upkeep]\n|upkeep\n|turn|2\n|\n|t:|1700210429\n|switch|p2a: Rillaboom|Rillaboom, F|100\/100\n|-fieldstart|move: Grassy Terrain|[from] ability: Grassy Surge|[of] p2a: Rillaboom\n|move|p1a: Ogerpon|Horn Leech|p2a: Rillaboom\n|-resisted|p2a: Rillaboom\n|-damage|p2a: Rillaboom|88\/100\n|\n|-weather|Snow|[upkeep]\n|-heal|p2a: Rillaboom|94\/100|[from] Grassy Terrain\n|upkeep\n|turn|3\n|\n|t:|1700210442\n|switch|p1a: Skeledirge|Skeledirge, F|100\/100\n|move|p2a: Rillaboom|Knock Off|p1a: Skeledirge\n|-supereffective|p1a: Skeledirge\n|-damage|p1a: Skeledirge|44\/100\n|-enditem|p1a: Skeledirge|Heavy-Duty Boots|[from] move: Knock Off|[of] p2a: Rillaboom\n|\n|-weather|Snow|[upkeep]\n|-heal|p1a: Skeledirge|50\/100|[from] Grassy Terrain\n|-heal|p2a: Rillaboom|99\/100|[from] Grassy Terrain\n|upkeep\n|turn|4\n|\n|t:|1700210456\n|move|p1a: Skeledirge|Will-O-Wisp|p2a: Rillaboom\n|-status|p2a: Rillaboom|brn\n|move|p2a: Rillaboom|Knock Off|p1a: Skeledirge\n|-supereffective|p1a: Skeledirge\n|-damage|p1a: Skeledirge|32\/100\n|\n|-weather|Snow|[upkeep]\n|-heal|p1a: Skeledirge|38\/100|[from] Grassy Terrain\n|-heal|p2a: Rillaboom|100\/100 brn|[from] Grassy Terrain\n|-damage|p2a: Rillaboom|94\/100 brn|[from] brn\n|upkeep\n|turn|5\n|\n|t:|1700210471\n|switch|p2a: Ceruledge|Ceruledge, M|100\/100\n|move|p1a: Skeledirge|Slack Off|p1a: Skeledirge\n|-heal|p1a: Skeledirge|88\/100\n|\n|-weather|none\n|-heal|p1a: Skeledirge|94\/100|[from] Grassy Terrain\n|upkeep\n|turn|6\n|\n|t:|1700210496\n|switch|p1a: Great Tusk|Great Tusk|100\/100\n|-enditem|p1a: Great Tusk|Booster Energy\n|-activate|p1a: Great Tusk|ability: Protosynthesis|[fromitem]\n|-start|p1a: Great Tusk|protosynthesisspe\n|move|p2a: Ceruledge|Shadow Sneak|p1a: Great Tusk\n|-damage|p1a: Great Tusk|86\/100\n|\n|-heal|p1a: Great Tusk|92\/100|[from] Grassy Terrain\n|upkeep\n|turn|7\n|\n|t:|1700210509\n|switch|p2a: Rillaboom|Rillaboom, F|94\/100 brn\n|move|p1a: Great Tusk|Earthquake|p2a: Rillaboom\n|-resisted|p2a: Rillaboom\n|-damage|p2a: Rillaboom|90\/100 brn\n|\n|-heal|p1a: Great Tusk|98\/100|[from] Grassy Terrain\n|-heal|p2a: Rillaboom|96\/100 brn|[from] Grassy Terrain\n|-damage|p2a: Rillaboom|90\/100 brn|[from] brn\n|upkeep\n|turn|8\n|\n|t:|1700210525\n|move|p1a: Great Tusk|Ice Spinner|p2a: Rillaboom\n|-supereffective|p2a: Rillaboom\n|-damage|p2a: Rillaboom|69\/100 brn\n|-fieldend|move: Grassy Terrain\n|move|p2a: Rillaboom|U-turn|p1a: Great Tusk\n|-resisted|p1a: Great Tusk\n|-damage|p1a: Great Tusk|93\/100\n|\n|t:|1700210533\n|switch|p2a: Landorus|Landorus-Therian, M|100\/100|[from] U-turn\n|-ability|p2a: Landorus|Intimidate|boost\n|-unboost|p1a: Great Tusk|atk|1\n|\n|-sideend|p2: Foxhunter66|move: Aurora Veil\n|upkeep\n|turn|9\n|\n|t:|1700210546\n|move|p1a: Great Tusk|Ice Spinner|p2a: Landorus\n|-supereffective|p2a: Landorus\n|-damage|p2a: Landorus|58\/100\n|-damage|p1a: Great Tusk|77\/100|[from] item: Rocky Helmet|[of] p2a: Landorus\n|move|p2a: Landorus|Stealth Rock|p1a: Great Tusk\n|-sidestart|p1: Abe_Hanabi|move: Stealth Rock\n|\n|upkeep\n|turn|10\n|\n|t:|1700210555\n|switch|p2a: Ninetales|Ninetales-Alola, M|53\/100\n|-weather|Snow|[from] ability: Snow Warning|[of] p2a: Ninetales\n|move|p1a: Great Tusk|Stealth Rock|p2a: Ninetales\n|-sidestart|p2: Foxhunter66|move: Stealth Rock\n|\n|-weather|Snow|[upkeep]\n|upkeep\n|turn|11\n|\n|t:|1700210567\n|move|p1a: Great Tusk|Rapid Spin|p2a: Ninetales\n|-damage|p2a: Ninetales|45\/100\n|-boost|p1a: Great Tusk|spe|1\n|-sideend|p1: Abe_Hanabi|Stealth Rock|[from] move: Rapid Spin|[of] p1a: Great Tusk\n|move|p2a: Ninetales|Aurora Veil|p2a: Ninetales\n|-sidestart|p2: Foxhunter66|move: Aurora Veil\n|\n|-weather|Snow|[upkeep]\n|upkeep\n|turn|12\n|\n|t:|1700210584\n|-end|p1a: Great Tusk|Protosynthesis|[silent]\n|switch|p1a: Skeledirge|Skeledirge, F|94\/100\n|move|p2a: Ninetales|Encore||[still]\n|-fail|p2a: Ninetales\n|\n|-weather|Snow|[upkeep]\n|upkeep\n|turn|13\n|\n|t:|1700210598\n|switch|p2a: Landorus|Landorus-Therian, M|58\/100\n|-damage|p2a: Landorus|45\/100|[from] Stealth Rock\n|-ability|p2a: Landorus|Intimidate|boost\n|-unboost|p1a: Skeledirge|atk|1\n|move|p1a: Skeledirge|Hex|p2a: Landorus\n|-damage|p2a: Landorus|33\/100\n|\n|-weather|Snow|[upkeep]\n|upkeep\n|turn|14\n|inactive|Foxhunter66 has 120 seconds left.\n|\n|t:|1700210627\n|switch|p1a: Zapdos|Zapdos|100\/100\n|move|p2a: Landorus|U-turn|p1a: Zapdos\n|-resisted|p1a: Zapdos\n|-damage|p1a: Zapdos|91\/100\n|\n|t:|1700210641\n|switch|p2a: Weavile|Weavile, M|100\/100|[from] U-turn\n|-damage|p2a: Weavile|76\/100|[from] Stealth Rock\n|-ability|p2a: Weavile|Pressure\n|\n|-weather|none\n|-heal|p1a: Zapdos|97\/100|[from] item: Leftovers\n|upkeep\n|turn|15\n|\n|t:|1700210652\n|move|p2a: Weavile|Knock Off|p1a: Zapdos\n|-damage|p1a: Zapdos|29\/100\n|-enditem|p1a: Zapdos|Leftovers|[from] move: Knock Off|[of] p2a: Weavile\n|move|p1a: Zapdos|Discharge|p2a: Weavile\n|-damage|p2a: Weavile|51\/100\n|\n|upkeep\n|turn|16\n|\n|t:|1700210661\n|move|p2a: Weavile|Knock Off|p1a: Zapdos\n|-damage|p1a: Zapdos|0 fnt\n|-status|p2a: Weavile|par|[from] ability: Static|[of] p1a: Zapdos\n|faint|p1a: Zapdos\n|\n|upkeep\n|\n|t:|1700210674\n|switch|p1a: Clefable|Clefable, M|100\/100\n|turn|17\n|\n|t:|1700210683\n|move|p2a: Weavile|Knock Off|p1a: Clefable\n|-resisted|p1a: Clefable\n|-damage|p1a: Clefable|73\/100\n|-enditem|p1a: Clefable|Leftovers|[from] move: Knock Off|[of] p2a: Weavile\n|move|p1a: Clefable|Moonblast|p2a: Weavile\n|-supereffective|p2a: Weavile\n|-damage|p2a: Weavile|11\/100 par\n|\n|upkeep\n|turn|18\n|inactive|Foxhunter66 has 120 seconds left.\n|\n|t:|1700210700\n|switch|p2a: Ceruledge|Ceruledge, M|100\/100\n|move|p1a: Clefable|Moonblast|p2a: Ceruledge\n|-resisted|p2a: Ceruledge\n|-crit|p2a: Ceruledge\n|-damage|p2a: Ceruledge|72\/100\n|\n|-sideend|p2: Foxhunter66|move: Aurora Veil\n|upkeep\n|turn|19\n|inactive|Foxhunter66 has 120 seconds left.\n|\n|t:|1700210712\n|switch|p1a: Skeledirge|Skeledirge, F|94\/100\n|move|p2a: Ceruledge|Swords Dance|p2a: Ceruledge\n|-boost|p2a: Ceruledge|atk|2\n|\n|upkeep\n|turn|20\n|\n|t:|1700210720\n|move|p2a: Ceruledge|Shadow Sneak|p1a: Skeledirge\n|-supereffective|p1a: Skeledirge\n|-damage|p1a: Skeledirge|63\/100\n|move|p1a: Skeledirge|Hex|p2a: Ceruledge\n|-supereffective|p2a: Ceruledge\n|-damage|p2a: Ceruledge|9\/100\n|\n|upkeep\n|turn|21\n|\n|t:|1700210729\n|switch|p2a: Weavile|Weavile, M|11\/100 par\n|-damage|p2a: Weavile|0 fnt|[from] Stealth Rock\n|faint|p2a: Weavile\n|move|p1a: Skeledirge|Slack Off|p1a: Skeledirge\n|-heal|p1a: Skeledirge|100\/100\n|\n|upkeep\n|\n|t:|1700210738\n|switch|p2a: Landorus|Landorus-Therian, M|33\/100\n|-damage|p2a: Landorus|21\/100|[from] Stealth Rock\n|-ability|p2a: Landorus|Intimidate|boost\n|-unboost|p1a: Skeledirge|atk|1\n|turn|22\n|\n|t:|1700210753\n|switch|p1a: Clefable|Clefable, M|73\/100\n|move|p2a: Landorus|Earthquake|p1a: Clefable\n|-crit|p1a: Clefable\n|-damage|p1a: Clefable|14\/100\n|\n|upkeep\n|turn|23\n|\n|t:|1700210763\n|move|p1a: Clefable|Protect|p1a: Clefable\n|-singleturn|p1a: Clefable|Protect\n|move|p2a: Landorus|Earthquake|p1a: Clefable\n|-activate|p1a: Clefable|move: Protect\n|\n|upkeep\n|turn|24\n|\n|t:|1700210774\n|move|p2a: Landorus|Earthquake|p1a: Clefable\n|-damage|p1a: Clefable|0 fnt\n|faint|p1a: Clefable\n|\n|upkeep\n|\n|t:|1700210780\n|switch|p1a: Ogerpon|Ogerpon-Wellspring, F|100\/100\n|turn|25\n|\n|t:|1700210806\n|move|p1a: Ogerpon|Swords Dance|p1a: Ogerpon\n|-boost|p1a: Ogerpon|atk|2\n|move|p2a: Landorus|U-turn|p1a: Ogerpon\n|-supereffective|p1a: Ogerpon\n|-damage|p1a: Ogerpon|43\/100\n|inactive|Foxhunter66 has 120 seconds left.\n|\n|t:|1700210837\n|switch|p2a: Ceruledge|Ceruledge, M|9\/100|[from] U-turn\n|\n|upkeep\n|turn|26\n|\n|t:|1700210846\n|move|p2a: Ceruledge|Shadow Sneak|p1a: Ogerpon\n|-damage|p1a: Ogerpon|18\/100\n|move|p1a: Ogerpon|Ivy Cudgel|p2a: Ceruledge|[anim] Ivy Cudgel Water\n|-supereffective|p2a: Ceruledge\n|-damage|p2a: Ceruledge|0 fnt\n|faint|p2a: Ceruledge\n|\n|upkeep\n|\n|t:|1700210864\n|switch|p2a: Rillaboom|Rillaboom, F|69\/100 brn\n|-damage|p2a: Rillaboom|57\/100 brn|[from] Stealth Rock\n|-fieldstart|move: Grassy Terrain|[from] ability: Grassy Surge|[of] p2a: Rillaboom\n|turn|27\n|\n|t:|1700210872\n|switch|p1a: Skeledirge|Skeledirge, F|100\/100\n|move|p2a: Rillaboom|Drum Beating|p1a: Skeledirge\n|-resisted|p1a: Skeledirge\n|-damage|p1a: Skeledirge|88\/100\n|-unboost|p1a: Skeledirge|spe|1\n|\n|-heal|p2a: Rillaboom|63\/100 brn|[from] Grassy Terrain\n|-heal|p1a: Skeledirge|94\/100|[from] Grassy Terrain\n|-damage|p2a: Rillaboom|57\/100 brn|[from] brn\n|upkeep\n|turn|28\n|inactive|Foxhunter66 has 90 seconds left.\n|\n|t:|1700210896\n|move|p2a: Rillaboom|U-turn|p1a: Skeledirge\n|-resisted|p1a: Skeledirge\n|-damage|p1a: Skeledirge|92\/100\n|\n|t:|1700210900\n|switch|p2a: Ninetales|Ninetales-Alola, M|45\/100|[from] U-turn\n|-damage|p2a: Ninetales|20\/100|[from] Stealth Rock\n|-weather|Snow|[from] ability: Snow Warning|[of] p2a: Ninetales\n|move|p1a: Skeledirge|Torch Song|p2a: Ninetales\n|-supereffective|p2a: Ninetales\n|-damage|p2a: Ninetales|0 fnt\n|-boost|p1a: Skeledirge|spa|1\n|faint|p2a: Ninetales\n|\n|-weather|Snow|[upkeep]\n|-heal|p1a: Skeledirge|98\/100|[from] Grassy Terrain\n|upkeep\n|inactive|Foxhunter66 has 90 seconds left.\n|\n|t:|1700210930\n|switch|p2a: Kingambit|Kingambit, F|100\/100\n|-damage|p2a: Kingambit|94\/100|[from] Stealth Rock\n|-activate|p2a: Kingambit|ability: Supreme Overlord\n|-start|p2a: Kingambit|fallen3|[silent]\n|turn|29\n|\n|t:|1700210938\n|-terastallize|p2a: Kingambit|Fire\n|move|p2a: Kingambit|Kowtow Cleave|p1a: Skeledirge\n|-supereffective|p1a: Skeledirge\n|-damage|p1a: Skeledirge|0 fnt\n|faint|p1a: Skeledirge\n|\n|-weather|Snow|[upkeep]\n|-heal|p2a: Kingambit|100\/100|[from] Grassy Terrain\n|upkeep\n|\n|t:|1700210949\n|switch|p1a: Ogerpon|Ogerpon-Wellspring, F|18\/100\n|turn|30\n|inactive|Foxhunter66 has 90 seconds left.\n|\n|t:|1700210961\n|move|p2a: Kingambit|Sucker Punch|p1a: Ogerpon\n|-damage|p1a: Ogerpon|0 fnt\n|faint|p1a: Ogerpon\n|\n|-weather|Snow|[upkeep]\n|upkeep\n|\n|t:|1700210965\n|switch|p1a: Great Tusk|Great Tusk|77\/100\n|turn|31\n|\n|t:|1700210973\n|-end|p2a: Kingambit|fallen3|[silent]\n|switch|p2a: Landorus|Landorus-Therian, M|21\/100\n|-damage|p2a: Landorus|9\/100|[from] Stealth Rock\n|-ability|p2a: Landorus|Intimidate|boost\n|-unboost|p1a: Great Tusk|atk|1\n|move|p1a: Great Tusk|Earthquake|p2a: Landorus\n|-immune|p2a: Landorus\n|\n|-weather|Snow|[upkeep]\n|-heal|p1a: Great Tusk|83\/100|[from] Grassy Terrain\n|upkeep\n|turn|32\n|\n|t:|1700210987\n|move|p1a: Great Tusk|Ice Spinner|p2a: Landorus\n|-supereffective|p2a: Landorus\n|-damage|p2a: Landorus|0 fnt\n|-damage|p1a: Great Tusk|67\/100|[from] item: Rocky Helmet|[of] p2a: Landorus\n|-fieldend|move: Grassy Terrain\n|faint|p2a: Landorus\n|\n|-weather|none\n|upkeep\n|\n|t:|1700210995\n|switch|p2a: Rillaboom|Rillaboom, F|57\/100 brn\n|-damage|p2a: Rillaboom|44\/100 brn|[from] Stealth Rock\n|-fieldstart|move: Grassy Terrain|[from] ability: Grassy Surge|[of] p2a: Rillaboom\n|turn|33\n|\n|t:|1700211004\n|-end|p1a: Great Tusk|Protosynthesis|[silent]\n|switch|p1a: Scizor|Scizor, M|100\/100\n|move|p2a: Rillaboom|Drum Beating|p1a: Scizor\n|-resisted|p1a: Scizor\n|-damage|p1a: Scizor|92\/100\n|-unboost|p1a: Scizor|spe|1\n|\n|-heal|p2a: Rillaboom|50\/100 brn|[from] Grassy Terrain\n|-heal|p1a: Scizor|98\/100|[from] Grassy Terrain\n|-damage|p2a: Rillaboom|44\/100 brn|[from] brn\n|upkeep\n|turn|34\n|\n|t:|1700211017\n|move|p2a: Rillaboom|Drain Punch|p1a: Scizor\n|-damage|p1a: Scizor|81\/100\n|-heal|p2a: Rillaboom|50\/100 brn|[from] drain|[of] p1a: Scizor\n|move|p1a: Scizor|Swords Dance|p1a: Scizor\n|-boost|p1a: Scizor|atk|2\n|\n|-heal|p2a: Rillaboom|57\/100 brn|[from] Grassy Terrain\n|-heal|p1a: Scizor|87\/100|[from] Grassy Terrain\n|-damage|p2a: Rillaboom|50\/100 brn|[from] brn\n|upkeep\n|turn|35\n|\n|t:|1700211030\n|move|p2a: Rillaboom|Drum Beating|p1a: Scizor\n|-resisted|p1a: Scizor\n|-damage|p1a: Scizor|79\/100\n|-unboost|p1a: Scizor|spe|1\n|move|p1a: Scizor|Swords Dance|p1a: Scizor\n|-boost|p1a: Scizor|atk|2\n|\n|-heal|p2a: Rillaboom|57\/100 brn|[from] Grassy Terrain\n|-heal|p1a: Scizor|85\/100|[from] Grassy Terrain\n|-damage|p2a: Rillaboom|50\/100 brn|[from] brn\n|upkeep\n|turn|36\n|\n|t:|1700211044\n|move|p1a: Scizor|Bullet Punch|p2a: Rillaboom\n|-damage|p2a: Rillaboom|0 fnt\n|faint|p2a: Rillaboom\n|-damage|p1a: Scizor|75\/100|[from] item: Life Orb\n|\n|-heal|p1a: Scizor|81\/100|[from] Grassy Terrain\n|upkeep\n|\n|t:|1700211052\n|switch|p2a: Kingambit|Kingambit, F, tera:Fire|100\/100\n|-damage|p2a: Kingambit|76\/100|[from] Stealth Rock\n|-activate|p2a: Kingambit|ability: Supreme Overlord\n|-start|p2a: Kingambit|fallen5|[silent]\n|turn|37\n|\n|t:|1700211068\n|move|p2a: Kingambit|Kowtow Cleave|p1a: Scizor\n|-damage|p1a: Scizor|0 fnt\n|faint|p1a: Scizor\n|\n|-heal|p2a: Kingambit|82\/100|[from] Grassy Terrain\n|upkeep\n|\n|t:|1700211073\n|switch|p1a: Great Tusk|Great Tusk|67\/100\n|turn|38\n|\n|t:|1700211084\n|move|p1a: Great Tusk|Earthquake|p2a: Kingambit\n|-supereffective|p2a: Kingambit\n|-damage|p2a: Kingambit|47\/100\n|move|p2a: Kingambit|Kowtow Cleave|p1a: Great Tusk\n|-resisted|p1a: Great Tusk\n|-damage|p1a: Great Tusk|33\/100\n|\n|-heal|p1a: Great Tusk|39\/100|[from] Grassy Terrain\n|-heal|p2a: Kingambit|53\/100|[from] Grassy Terrain\n|upkeep\n|turn|39\n|inactive|Foxhunter66 has 90 seconds left.\n|\n|t:|1700211108\n|move|p1a: Great Tusk|Earthquake|p2a: Kingambit\n|-supereffective|p2a: Kingambit\n|-damage|p2a: Kingambit|20\/100\n|move|p2a: Kingambit|Kowtow Cleave|p1a: Great Tusk\n|-resisted|p1a: Great Tusk\n|-damage|p1a: Great Tusk|7\/100\n|\n|-heal|p1a: Great Tusk|13\/100|[from] Grassy Terrain\n|-heal|p2a: Kingambit|26\/100|[from] Grassy Terrain\n|upkeep\n|turn|40\n|c|\u2606Abe_Hanabi|gg\n|inactive|Foxhunter66 has 90 seconds left.\n|\n|t:|1700211121\n|move|p2a: Kingambit|Sucker Punch|p1a: Great Tusk\n|-resisted|p1a: Great Tusk\n|-damage|p1a: Great Tusk|0 fnt\n|faint|p1a: Great Tusk\n|-end|p1a: Great Tusk|Protosynthesis|[silent]\n|\n|win|Foxhunter66\n|raw|Abe_Hanabi's rating: 1266 &rarr; <strong>1234<\/strong><br \/>(-32 for losing)\n|raw|Foxhunter66's rating: 1161 &rarr; <strong>1193<\/strong><br \/>(+32 for winning)\n|c|\u2606Foxhunter66|Gg\n","uploadtime":1700211151,"views":9,"p1id":"abehanabi","p2id":"foxhunter66","formatid":"gen9ou","rating":1193,"private":0,"password":""}