{"id":"gen9ou-1995844046","p1":"PlayForDreams","p2":"Yobeto","format":"[Gen 9] OU","log":"|j|\u2606PlayForDreams\n|j|\u2606Yobeto\n|t:|1700608841\n|gametype|singles\n|player|p1|PlayForDreams|roxie|1797\n|player|p2|Yobeto|265|1938\n|teamsize|p1|6\n|teamsize|p2|6\n|gen|9\n|tier|[Gen 9] OU\n|rated|\n|rule|Sleep Clause Mod: Limit one foe put to sleep\n|rule|Species Clause: Limit one of each Pok\u00e9mon\n|rule|OHKO Clause: OHKO moves are banned\n|rule|Evasion Items Clause: Evasion items are banned\n|rule|Evasion Moves Clause: Evasion moves are banned\n|rule|Endless Battle Clause: Forcing endless battles is banned\n|rule|HP Percentage Mod: HP is shown in percentages\n|clearpoke\n|poke|p1|Slowking-Galar, M|\n|poke|p1|Ursaluna, M|\n|poke|p1|Hawlucha, F|\n|poke|p1|Kingambit, F|\n|poke|p1|Iron Valiant|\n|poke|p1|Rotom-Wash|\n|poke|p2|Ogerpon-Cornerstone, F|\n|poke|p2|Garchomp, F|\n|poke|p2|Kingambit, F|\n|poke|p2|Dragapult, F|\n|poke|p2|Gholdengo|\n|poke|p2|Dragonite, F|\n|teampreview\n|\n|t:|1700608864\n|start\n|switch|p1a: Rotom|Rotom-Wash|100\/100\n|switch|p2a: Garchomp|Garchomp, F, shiny|100\/100\n|turn|1\n|\n|t:|1700608871\n|move|p1a: Rotom|Will-O-Wisp|p2a: Garchomp\n|-status|p2a: Garchomp|brn\n|move|p2a: Garchomp|Stealth Rock|p1a: Rotom\n|-sidestart|p1: PlayForDreams|move: Stealth Rock\n|\n|-damage|p2a: Garchomp|94\/100 brn|[from] brn\n|upkeep\n|turn|2\n|j| CutePokesOnly\n|\n|t:|1700608879\n|switch|p1a: Slowking|Slowking-Galar, M, shiny|100\/100\n|switch|p2a: Gholdengo|Gholdengo, shiny|100\/100\n|\n|upkeep\n|turn|3\n|\n|t:|1700608888\n|move|p2a: Gholdengo|Shadow Ball|p1a: Slowking\n|-supereffective|p1a: Slowking\n|-damage|p1a: Slowking|41\/100\n|move|p1a: Slowking|Chilly Reception|p1a: Slowking\n|-weather|Snow\n|\n|t:|1700608922\n|switch|p1a: Ursaluna|Ursaluna, M, shiny|100\/100|[from] Chilly Reception\n|-damage|p1a: Ursaluna|94\/100|[from] Stealth Rock\n|\n|-weather|Snow|[upkeep]\n|-status|p1a: Ursaluna|brn|[from] item: Flame Orb\n|upkeep\n|turn|4\n|\n|t:|1700608937\n|switch|p2a: Garchomp|Garchomp, F, shiny|94\/100 brn\n|move|p1a: Ursaluna|Fire Punch|p2a: Garchomp\n|-resisted|p2a: Garchomp\n|-damage|p2a: Garchomp|73\/100 brn\n|-damage|p1a: Ursaluna|82\/100 brn|[from] ability: Rough Skin|[of] p2a: Garchomp\n|-damage|p1a: Ursaluna|66\/100 brn|[from] item: Rocky Helmet|[of] p2a: Garchomp\n|\n|-weather|Snow|[upkeep]\n|-damage|p2a: Garchomp|67\/100 brn|[from] brn\n|-damage|p1a: Ursaluna|59\/100 brn|[from] brn\n|upkeep\n|turn|5\n|\n|t:|1700608949\n|move|p2a: Garchomp|Spikes|p1a: Ursaluna\n|-sidestart|p1: PlayForDreams|Spikes\n|move|p1a: Ursaluna|Headlong Rush|p2a: Garchomp\n|-damage|p2a: Garchomp|0 fnt\n|-unboost|p1a: Ursaluna|def|1\n|-unboost|p1a: Ursaluna|spd|1\n|-damage|p1a: Ursaluna|47\/100 brn|[from] ability: Rough Skin|[of] p2a: Garchomp\n|-damage|p1a: Ursaluna|31\/100 brn|[from] item: Rocky Helmet|[of] p2a: Garchomp\n|faint|p2a: Garchomp\n|\n|-weather|Snow|[upkeep]\n|-damage|p1a: Ursaluna|25\/100 brn|[from] brn\n|upkeep\n|j| ScrubMan686\n|\n|t:|1700608964\n|switch|p2a: Ogerpon|Ogerpon-Cornerstone, F|100\/100\n|turn|6\n|l| ScrubMan686\n|j| jahizle\n|\n|t:|1700608991\n|switch|p1a: Hawlucha|Hawlucha, F, shiny|100\/100\n|-damage|p1a: Hawlucha|88\/100|[from] Stealth Rock\n|-ability|p1a: Hawlucha|Mold Breaker\n|move|p2a: Ogerpon|Knock Off|p1a: Hawlucha\n|-resisted|p1a: Hawlucha\n|-damage|p1a: Hawlucha|71\/100\n|-damage|p2a: Ogerpon|84\/100|[from] item: Rocky Helmet|[of] p1a: Hawlucha\n|-enditem|p1a: Hawlucha|Rocky Helmet|[from] move: Knock Off|[of] p2a: Ogerpon\n|\n|-weather|Snow|[upkeep]\n|upkeep\n|turn|7\n|l|\u2606Yobeto\n|player|p2|\n|j|\u2606Yobeto\n|player|p2|Yobeto|265\n|\n|t:|1700609040\n|-terastallize|p2a: Ogerpon|Rock\n|detailschange|p2a: Ogerpon|Ogerpon-Cornerstone-Tera, F, tera:Rock\n|-ability|p2a: Ogerpon|Embody Aspect (Cornerstone)|boost\n|-boost|p2a: Ogerpon|def|1\n|move|p2a: Ogerpon|Ivy Cudgel|p1a: Hawlucha|[anim] Ivy Cudgel Rock\n|-damage|p1a: Hawlucha|0 fnt\n|faint|p1a: Hawlucha\n|\n|-weather|none\n|upkeep\n|\n|t:|1700609051\n|switch|p1a: Iron Valiant|Iron Valiant, shiny|100\/100\n|-damage|p1a: Iron Valiant|94\/100|[from] Stealth Rock\n|-damage|p1a: Iron Valiant|82\/100|[from] Spikes\n|turn|8\n|\n|t:|1700609062\n|switch|p2a: Gholdengo|Gholdengo, shiny|100\/100\n|-terastallize|p1a: Iron Valiant|Fairy\n|move|p1a: Iron Valiant|Moonblast|p2a: Gholdengo\n|-resisted|p2a: Gholdengo\n|-damage|p2a: Gholdengo|44\/100\n|\n|upkeep\n|turn|9\n|\n|t:|1700609084\n|-end|p1a: Iron Valiant|Quark Drive|[silent]\n|switch|p1a: Ursaluna|Ursaluna, M, shiny|25\/100 brn\n|-damage|p1a: Ursaluna|18\/100 brn|[from] Stealth Rock\n|-damage|p1a: Ursaluna|6\/100 brn|[from] Spikes\n|move|p2a: Gholdengo|Make It Rain|p1a: Ursaluna\n|-damage|p1a: Ursaluna|0 fnt\n|-unboost|p2a: Gholdengo|spa|1\n|faint|p1a: Ursaluna\n|\n|upkeep\n|\n|t:|1700609108\n|switch|p1a: Slowking|Slowking-Galar, M, shiny|74\/100\n|turn|10\n|j| TheZilla07\n|j| JoeyIreland11\n|\n|t:|1700609113\n|move|p2a: Gholdengo|Recover|p2a: Gholdengo\n|-heal|p2a: Gholdengo|94\/100\n|move|p1a: Slowking|Chilly Reception|p1a: Slowking\n|-weather|Snow\n|\n|t:|1700609116\n|switch|p1a: Kingambit|Kingambit, F|100\/100|[from] Chilly Reception\n|-damage|p1a: Kingambit|94\/100|[from] Stealth Rock\n|-damage|p1a: Kingambit|82\/100|[from] Spikes\n|-activate|p1a: Kingambit|ability: Supreme Overlord\n|-start|p1a: Kingambit|fallen2|[silent]\n|\n|-weather|Snow|[upkeep]\n|-heal|p1a: Kingambit|88\/100|[from] item: Leftovers\n|upkeep\n|turn|11\n|\n|t:|1700609130\n|switch|p2a: Kingambit|Kingambit, F, shiny|100\/100\n|-activate|p2a: Kingambit|ability: Supreme Overlord\n|-start|p2a: Kingambit|fallen1|[silent]\n|-item|p2a: Kingambit|Air Balloon\n|move|p1a: Kingambit|Low Kick|p2a: Kingambit\n|-supereffective|p2a: Kingambit\n|-damage|p2a: Kingambit|0 fnt\n|-enditem|p2a: Kingambit|Air Balloon\n|faint|p2a: Kingambit\n|-end|p2a: Kingambit|fallen1|[silent]\n|\n|-weather|Snow|[upkeep]\n|-heal|p1a: Kingambit|94\/100|[from] item: Leftovers\n|upkeep\n|inactive|Battle timer is ON: inactive players will automatically lose when time's up. (requested by Yobeto)\n|\n|t:|1700609144\n|switch|p2a: Dragonite|Dragonite, F|100\/100\n|turn|12\n|\n|t:|1700609152\n|-end|p1a: Kingambit|fallen2|[silent]\n|switch|p1a: Rotom|Rotom-Wash|100\/100\n|-damage|p1a: Rotom|88\/100|[from] Stealth Rock\n|move|p2a: Dragonite|Dragon Dance|p2a: Dragonite\n|-boost|p2a: Dragonite|atk|1\n|-boost|p2a: Dragonite|spe|1\n|\n|-weather|Snow|[upkeep]\n|upkeep\n|turn|13\n|\n|t:|1700609159\n|switch|p2a: Dragapult|Dragapult, F|100\/100\n|move|p1a: Rotom|Trick|p2a: Dragapult\n|-activate|p1a: Rotom|move: Trick|[of] p2a: Dragapult\n|-item|p2a: Dragapult|Choice Scarf|[from] move: Trick\n|-item|p1a: Rotom|Choice Specs|[from] move: Trick\n|\n|-weather|Snow|[upkeep]\n|upkeep\n|turn|14\n|\n|t:|1700609189\n|switch|p1a: Slowking|Slowking-Galar, M, shiny|100\/100\n|move|p2a: Dragapult|Shadow Ball|p1a: Slowking\n|-supereffective|p1a: Slowking\n|-damage|p1a: Slowking|54\/100\n|\n|-weather|none\n|upkeep\n|turn|15\n|\n|t:|1700609198\n|move|p2a: Dragapult|Shadow Ball|p1a: Slowking\n|-supereffective|p1a: Slowking\n|-damage|p1a: Slowking|9\/100\n|move|p1a: Slowking|Chilly Reception|p1a: Slowking\n|-weather|Snow\n|\n|t:|1700609203\n|switch|p1a: Kingambit|Kingambit, F|94\/100|[from] Chilly Reception\n|-damage|p1a: Kingambit|88\/100|[from] Stealth Rock\n|-damage|p1a: Kingambit|76\/100|[from] Spikes\n|-activate|p1a: Kingambit|ability: Supreme Overlord\n|-start|p1a: Kingambit|fallen2|[silent]\n|\n|-weather|Snow|[upkeep]\n|-heal|p1a: Kingambit|82\/100|[from] item: Leftovers\n|upkeep\n|turn|16\n|\n|t:|1700609222\n|move|p2a: Dragapult|Shadow Ball|p1a: Kingambit\n|-resisted|p1a: Kingambit\n|-damage|p1a: Kingambit|69\/100\n|-unboost|p1a: Kingambit|spd|1\n|move|p1a: Kingambit|Iron Head|p2a: Dragapult\n|-damage|p2a: Dragapult|38\/100\n|\n|-weather|Snow|[upkeep]\n|-heal|p1a: Kingambit|76\/100|[from] item: Leftovers\n|upkeep\n|turn|17\n|\n|t:|1700609238\n|switch|p2a: Dragonite|Dragonite, F|100\/100\n|move|p1a: Kingambit|Iron Head|p2a: Dragonite\n|-damage|p2a: Dragonite|79\/100\n|\n|-weather|Snow|[upkeep]\n|-heal|p1a: Kingambit|82\/100|[from] item: Leftovers\n|upkeep\n|turn|18\n|\n|t:|1700609244\n|-end|p1a: Kingambit|fallen2|[silent]\n|switch|p1a: Rotom|Rotom-Wash|88\/100\n|-damage|p1a: Rotom|76\/100|[from] Stealth Rock\n|move|p2a: Dragonite|Earthquake|p1a: Rotom\n|-immune|p1a: Rotom|[from] ability: Levitate\n|\n|-weather|Snow|[upkeep]\n|upkeep\n|turn|19\n|\n|t:|1700609252\n|switch|p2a: Dragapult|Dragapult, F|38\/100\n|move|p1a: Rotom|Volt Switch|p2a: Dragapult\n|-resisted|p2a: Dragapult\n|-damage|p2a: Dragapult|11\/100\n|inactive|PlayForDreams has 120 seconds left.\n|\n|t:|1700609279\n|switch|p1a: Slowking|Slowking-Galar, M, shiny|43\/100|[from] Volt Switch\n|\n|-weather|none\n|upkeep\n|turn|20\n|inactive|PlayForDreams has 120 seconds left.\n|\n|t:|1700609286\n|move|p2a: Dragapult|Shadow Ball|p1a: Slowking\n|-supereffective|p1a: Slowking\n|-damage|p1a: Slowking|1\/100\n|move|p1a: Slowking|Chilly Reception|p1a: Slowking\n|-weather|Snow\n|inactive|PlayForDreams has 120 seconds left.\n|\n|t:|1700609293\n|switch|p1a: Kingambit|Kingambit, F|82\/100|[from] Chilly Reception\n|-damage|p1a: Kingambit|76\/100|[from] Stealth Rock\n|-damage|p1a: Kingambit|63\/100|[from] Spikes\n|-activate|p1a: Kingambit|ability: Supreme Overlord\n|-start|p1a: Kingambit|fallen2|[silent]\n|\n|-weather|Snow|[upkeep]\n|-heal|p1a: Kingambit|69\/100|[from] item: Leftovers\n|upkeep\n|turn|21\n|inactive|PlayForDreams has 120 seconds left.\n|\n|t:|1700609304\n|move|p2a: Dragapult|Shadow Ball|p1a: Kingambit\n|-resisted|p1a: Kingambit\n|-damage|p1a: Kingambit|56\/100\n|-unboost|p1a: Kingambit|spd|1\n|move|p1a: Kingambit|Swords Dance|p1a: Kingambit\n|-boost|p1a: Kingambit|atk|2\n|\n|-weather|Snow|[upkeep]\n|-heal|p1a: Kingambit|62\/100|[from] item: Leftovers\n|upkeep\n|turn|22\n|inactive|PlayForDreams has 120 seconds left.\n|\n|t:|1700609314\n|move|p1a: Kingambit|Sucker Punch|p2a: Dragapult\n|-supereffective|p2a: Dragapult\n|-damage|p2a: Dragapult|0 fnt\n|faint|p2a: Dragapult\n|\n|-weather|Snow|[upkeep]\n|-heal|p1a: Kingambit|68\/100|[from] item: Leftovers\n|upkeep\n|\n|t:|1700609316\n|switch|p2a: Dragonite|Dragonite, F|79\/100\n|turn|23\n|\n|t:|1700609320\n|move|p2a: Dragonite|Earthquake|p1a: Kingambit\n|-supereffective|p1a: Kingambit\n|-damage|p1a: Kingambit|14\/100\n|move|p1a: Kingambit|Iron Head|p2a: Dragonite\n|-damage|p2a: Dragonite|0 fnt\n|faint|p2a: Dragonite\n|\n|-weather|Snow|[upkeep]\n|-heal|p1a: Kingambit|20\/100|[from] item: Leftovers\n|upkeep\n|\n|t:|1700609326\n|switch|p2a: Ogerpon|Ogerpon-Cornerstone-Tera, F, tera:Rock|84\/100\n|-ability|p2a: Ogerpon|Embody Aspect (Cornerstone)|boost\n|-boost|p2a: Ogerpon|def|1\n|turn|24\n|\n|t:|1700609342\n|move|p1a: Kingambit|Sucker Punch|p2a: Ogerpon\n|-damage|p2a: Ogerpon|7\/100\n|move|p2a: Ogerpon|Ivy Cudgel|p1a: Kingambit|[anim] Ivy Cudgel Rock\n|-resisted|p1a: Kingambit\n|-damage|p1a: Kingambit|0 fnt\n|faint|p1a: Kingambit\n|-end|p1a: Kingambit|fallen2|[silent]\n|\n|-weather|none\n|upkeep\n|\n|t:|1700609354\n|switch|p1a: Iron Valiant|Iron Valiant, shiny, tera:Fairy|82\/100\n|-damage|p1a: Iron Valiant|69\/100|[from] Stealth Rock\n|-damage|p1a: Iron Valiant|57\/100|[from] Spikes\n|turn|25\n|\n|t:|1700609359\n|move|p1a: Iron Valiant|Shadow Ball|p2a: Ogerpon\n|-damage|p2a: Ogerpon|0 fnt\n|faint|p2a: Ogerpon\n|\n|upkeep\n|\n|t:|1700609362\n|switch|p2a: Gholdengo|Gholdengo, shiny|94\/100\n|turn|26\n|inactive|Yobeto has 120 seconds left.\n|inactive|Yobeto has 90 seconds left.\n|l|\u2606Yobeto\n|inactive|Yobeto disconnected and has a minute to reconnect!\n|player|p2|\n|l| CutePokesOnly\n|j|\u2606Yobeto\n|inactive|Yobeto reconnected and has 65 seconds left.\n|player|p2|Yobeto|265\n|inactive|Yobeto has 60 seconds left.\n|\n|t:|1700609452\n|move|p1a: Iron Valiant|Shadow Ball|p2a: Gholdengo\n|-supereffective|p2a: Gholdengo\n|-damage|p2a: Gholdengo|4\/100\n|move|p2a: Gholdengo|Make It Rain|p1a: Iron Valiant\n|-supereffective|p1a: Iron Valiant\n|-crit|p1a: Iron Valiant\n|-damage|p1a: Iron Valiant|0 fnt\n|-unboost|p2a: Gholdengo|spa|1\n|faint|p1a: Iron Valiant\n|-end|p1a: Iron Valiant|Quark Drive|[silent]\n|\n|upkeep\n|j| Surgo\n|-message|Yobeto forfeited.\n|\n|win|PlayForDreams\n|raw|PlayForDreams's rating: 1797 &rarr; <strong>1825<\/strong><br \/>(+28 for winning)\n|raw|Yobeto's rating: 1938 &rarr; <strong>1910<\/strong><br \/>(-28 for losing)\n|l|\u2606Yobeto\n|c|\u2606PlayForDreams|GG\n|l| jahizle\n","uploadtime":1700609496,"views":54,"p1id":"playfordreams","p2id":"yobeto","formatid":"gen9ou","rating":1825,"private":0,"password":""}