{"id":"gen9ou-1995486292","p1":"Tiger373slow","p2":"tigasang","format":"[Gen 9] OU","log":"|j|\u2606Tiger373slow\n|j|\u2606tigasang\n|t:|1700576094\n|gametype|singles\n|player|p1|Tiger373slow|volkner|1017\n|player|p2|tigasang|169|1091\n|teamsize|p1|6\n|teamsize|p2|6\n|gen|9\n|tier|[Gen 9] OU\n|rated|\n|rule|Sleep Clause Mod: Limit one foe put to sleep\n|rule|Species Clause: Limit one of each Pok\u00e9mon\n|rule|OHKO Clause: OHKO moves are banned\n|rule|Evasion Items Clause: Evasion items are banned\n|rule|Evasion Moves Clause: Evasion moves are banned\n|rule|Endless Battle Clause: Forcing endless battles is banned\n|rule|HP Percentage Mod: HP is shown in percentages\n|clearpoke\n|poke|p1|Scizor, M|\n|poke|p1|Dudunsparce-*, M|\n|poke|p1|Glimmora, M|\n|poke|p1|Iron Valiant|\n|poke|p1|Skeledirge, M|\n|poke|p1|Dipplin, F|\n|poke|p2|Chansey, F|\n|poke|p2|Garchomp, F|\n|poke|p2|Glimmora, M|\n|poke|p2|Goodra-Hisui, F|\n|poke|p2|Amoonguss, F|\n|poke|p2|Dragonite, F|\n|teampreview\n|\n|t:|1700576103\n|start\n|switch|p1a: Glimmer like rocks|Glimmora, M, shiny|100\/100\n|switch|p2a: Glimmora|Glimmora, M|100\/100\n|turn|1\n|\n|t:|1700576110\n|move|p1a: Glimmer like rocks|Stealth Rock|p2a: Glimmora\n|-sidestart|p2: tigasang|move: Stealth Rock\n|move|p2a: Glimmora|Stealth Rock|p1a: Glimmer like rocks\n|-sidestart|p1: Tiger373slow|move: Stealth Rock\n|\n|upkeep\n|turn|2\n|\n|t:|1700576115\n|move|p1a: Glimmer like rocks|Spikes|p2a: Glimmora\n|-sidestart|p2: tigasang|Spikes\n|move|p2a: Glimmora|Acid Spray|p1a: Glimmer like rocks\n|-resisted|p1a: Glimmer like rocks\n|-damage|p1a: Glimmer like rocks|96\/100\n|-unboost|p1a: Glimmer like rocks|spd|2\n|\n|upkeep\n|turn|3\n|\n|t:|1700576123\n|move|p1a: Glimmer like rocks|Mortal Spin|p2a: Glimmora\n|-resisted|p2a: Glimmora\n|-damage|p2a: Glimmora|99\/100\n|-damage|p1a: Glimmer like rocks|80\/100|[from] item: Rocky Helmet|[of] p2a: Glimmora\n|-activate|p2a: Glimmora|ability: Toxic Debris\n|-sidestart|p1: Tiger373slow|move: Toxic Spikes\n|-sideend|p1: Tiger373slow|Toxic Spikes|[from] move: Mortal Spin|[of] p1a: Glimmer like rocks\n|-sideend|p1: Tiger373slow|Stealth Rock|[from] move: Mortal Spin|[of] p1a: Glimmer like rocks\n|move|p2a: Glimmora|Acid Spray|p1a: Glimmer like rocks\n|-resisted|p1a: Glimmer like rocks\n|-damage|p1a: Glimmer like rocks|71\/100\n|-unboost|p1a: Glimmer like rocks|spd|2\n|\n|upkeep\n|turn|4\n|\n|t:|1700576135\n|move|p1a: Glimmer like rocks|Spikes|p2a: Glimmora\n|-sidestart|p2: tigasang|Spikes\n|move|p2a: Glimmora|Stealth Rock|p1a: Glimmer like rocks\n|-sidestart|p1: Tiger373slow|move: Stealth Rock\n|\n|upkeep\n|turn|5\n|\n|t:|1700576140\n|move|p1a: Glimmer like rocks|Spikes|p2a: Glimmora\n|-sidestart|p2: tigasang|Spikes\n|move|p2a: Glimmora|Acid Spray|p1a: Glimmer like rocks\n|-resisted|p1a: Glimmer like rocks\n|-damage|p1a: Glimmer like rocks|56\/100\n|-unboost|p1a: Glimmer like rocks|spd|2\n|\n|upkeep\n|turn|6\n|\n|t:|1700576148\n|move|p1a: Glimmer like rocks|Mortal Spin|p2a: Glimmora\n|-resisted|p2a: Glimmora\n|-damage|p2a: Glimmora|98\/100\n|-damage|p1a: Glimmer like rocks|40\/100|[from] item: Rocky Helmet|[of] p2a: Glimmora\n|-activate|p2a: Glimmora|ability: Toxic Debris\n|-sidestart|p1: Tiger373slow|move: Toxic Spikes\n|-sideend|p1: Tiger373slow|Toxic Spikes|[from] move: Mortal Spin|[of] p1a: Glimmer like rocks\n|-sideend|p1: Tiger373slow|Stealth Rock|[from] move: Mortal Spin|[of] p1a: Glimmer like rocks\n|move|p2a: Glimmora|Mortal Spin|p1a: Glimmer like rocks\n|-resisted|p1a: Glimmer like rocks\n|-damage|p1a: Glimmer like rocks|38\/100\n|-activate|p1a: Glimmer like rocks|ability: Toxic Debris\n|-sidestart|p2: tigasang|move: Toxic Spikes\n|-sideend|p2: tigasang|Spikes|[from] move: Mortal Spin|[of] p2a: Glimmora\n|-sideend|p2: tigasang|Toxic Spikes|[from] move: Mortal Spin|[of] p2a: Glimmora\n|-sideend|p2: tigasang|Stealth Rock|[from] move: Mortal Spin|[of] p2a: Glimmora\n|\n|upkeep\n|turn|7\n|\n|t:|1700576161\n|move|p1a: Glimmer like rocks|Stealth Rock|p2a: Glimmora\n|-sidestart|p2: tigasang|move: Stealth Rock\n|move|p2a: Glimmora|Acid Spray|p1a: Glimmer like rocks\n|-resisted|p1a: Glimmer like rocks\n|-damage|p1a: Glimmer like rocks|18\/100\n|\n|upkeep\n|turn|8\n|\n|t:|1700576169\n|move|p1a: Glimmer like rocks|Spikes|p2a: Glimmora\n|-sidestart|p2: tigasang|Spikes\n|move|p2a: Glimmora|Mortal Spin|p1a: Glimmer like rocks\n|-resisted|p1a: Glimmer like rocks\n|-damage|p1a: Glimmer like rocks|17\/100\n|-activate|p1a: Glimmer like rocks|ability: Toxic Debris\n|-sidestart|p2: tigasang|move: Toxic Spikes\n|-sideend|p2: tigasang|Spikes|[from] move: Mortal Spin|[of] p2a: Glimmora\n|-sideend|p2: tigasang|Toxic Spikes|[from] move: Mortal Spin|[of] p2a: Glimmora\n|-sideend|p2: tigasang|Stealth Rock|[from] move: Mortal Spin|[of] p2a: Glimmora\n|\n|upkeep\n|turn|9\n|\n|t:|1700576178\n|move|p1a: Glimmer like rocks|Stealth Rock|p2a: Glimmora\n|-sidestart|p2: tigasang|move: Stealth Rock\n|move|p2a: Glimmora|Acid Spray|p1a: Glimmer like rocks\n|-resisted|p1a: Glimmer like rocks\n|-damage|p1a: Glimmer like rocks|0 fnt\n|faint|p1a: Glimmer like rocks\n|\n|upkeep\n|\n|t:|1700576182\n|switch|p1a: Scissors|Scizor, M|100\/100\n|turn|10\n|\n|t:|1700576189\n|move|p2a: Glimmora|Spiky Shield|p2a: Glimmora\n|-singleturn|p2a: Glimmora|move: Protect\n|move|p1a: Scissors|Bullet Punch|p2a: Glimmora\n|-activate|p2a: Glimmora|move: Protect\n|-damage|p1a: Scissors|88\/100|[from] Spiky Shield|[of] p2a: Glimmora\n|\n|upkeep\n|turn|11\n|\n|t:|1700576197\n|move|p1a: Scissors|Bullet Punch|p2a: Glimmora\n|-supereffective|p2a: Glimmora\n|-damage|p2a: Glimmora|24\/100\n|-damage|p1a: Scissors|72\/100|[from] item: Rocky Helmet|[of] p2a: Glimmora\n|-activate|p2a: Glimmora|ability: Toxic Debris\n|-sidestart|p1: Tiger373slow|move: Toxic Spikes\n|move|p2a: Glimmora|Mortal Spin|p1a: Scissors\n|-immune|p1a: Scissors\n|\n|upkeep\n|turn|12\n|\n|t:|1700576208\n|move|p2a: Glimmora|Spiky Shield|p2a: Glimmora\n|-singleturn|p2a: Glimmora|move: Protect\n|move|p1a: Scissors|Bullet Punch|p2a: Glimmora\n|-activate|p2a: Glimmora|move: Protect\n|-damage|p1a: Scissors|59\/100|[from] Spiky Shield|[of] p2a: Glimmora\n|\n|upkeep\n|turn|13\n|\n|t:|1700576216\n|switch|p2a: Goodra|Goodra-Hisui, F|100\/100\n|-damage|p2a: Goodra|95\/100|[from] Stealth Rock\n|move|p1a: Scissors|Swords Dance|p1a: Scissors\n|-boost|p1a: Scissors|atk|2\n|\n|-heal|p2a: Goodra|100\/100|[from] item: Leftovers\n|upkeep\n|turn|14\n|\n|t:|1700576226\n|move|p1a: Scissors|Bullet Punch|p2a: Goodra\n|-resisted|p2a: Goodra\n|-damage|p2a: Goodra|69\/100\n|move|p2a: Goodra|Acid Armor|p2a: Goodra\n|-boost|p2a: Goodra|def|2\n|\n|-heal|p2a: Goodra|75\/100|[from] item: Leftovers\n|upkeep\n|turn|15\n|\n|t:|1700576235\n|move|p1a: Scissors|Bullet Punch|p2a: Goodra\n|-resisted|p2a: Goodra\n|-damage|p2a: Goodra|58\/100\n|move|p2a: Goodra|Acid Armor|p2a: Goodra\n|-boost|p2a: Goodra|def|2\n|\n|-heal|p2a: Goodra|64\/100|[from] item: Leftovers\n|upkeep\n|turn|16\n|\n|t:|1700576244\n|switch|p1a: Dun Dun Dun|Dudunsparce-Three-Segment, M, shiny|100\/100\n|-status|p1a: Dun Dun Dun|psn\n|move|p2a: Goodra|Dragon Tail|p1a: Dun Dun Dun\n|-damage|p1a: Dun Dun Dun|77\/100 psn\n|drag|p1a: Scissors|Scizor, M|59\/100\n|\n|-heal|p2a: Goodra|70\/100|[from] item: Leftovers\n|upkeep\n|turn|17\n|\n|t:|1700576258\n|move|p1a: Scissors|Defog|p2a: Goodra\n|-unboost|p2a: Goodra|evasion|1\n|-sideend|p2: tigasang|Stealth Rock|[from] move: Defog|[of] p1a: Scissors\n|-sideend|p1: Tiger373slow|Toxic Spikes|[from] move: Defog|[of] p1a: Scissors\n|move|p2a: Goodra|Acid Armor|p2a: Goodra\n|-boost|p2a: Goodra|def|2\n|\n|-heal|p2a: Goodra|76\/100|[from] item: Leftovers\n|upkeep\n|turn|18\n|\n|t:|1700576268\n|move|p1a: Scissors|Bullet Punch|p2a: Goodra\n|-resisted|p2a: Goodra\n|-damage|p2a: Goodra|72\/100\n|move|p2a: Goodra|Dragon Tail|p1a: Scissors\n|-resisted|p1a: Scissors\n|-crit|p1a: Scissors\n|-damage|p1a: Scissors|40\/100\n|drag|p1a: Cocodrilo del Nilo|Skeledirge, M|100\/100\n|\n|-heal|p2a: Goodra|78\/100|[from] item: Leftovers\n|upkeep\n|turn|19\n|\n|t:|1700576279\n|-terastallize|p1a: Cocodrilo del Nilo|Fairy\n|move|p1a: Cocodrilo del Nilo|Torch Song|p2a: Goodra\n|-damage|p2a: Goodra|55\/100\n|-boost|p1a: Cocodrilo del Nilo|spa|1\n|move|p2a: Goodra|Body Press|p1a: Cocodrilo del Nilo\n|-resisted|p1a: Cocodrilo del Nilo\n|-damage|p1a: Cocodrilo del Nilo|90\/100\n|\n|-heal|p1a: Cocodrilo del Nilo|96\/100|[from] item: Leftovers\n|-heal|p2a: Goodra|61\/100|[from] item: Leftovers\n|upkeep\n|turn|20\n|\n|t:|1700576292\n|move|p1a: Cocodrilo del Nilo|Will-O-Wisp|p2a: Goodra\n|-status|p2a: Goodra|brn\n|move|p2a: Goodra|Dragon Tail|p1a: Cocodrilo del Nilo\n|-immune|p1a: Cocodrilo del Nilo\n|\n|-heal|p1a: Cocodrilo del Nilo|100\/100|[from] item: Leftovers\n|-heal|p2a: Goodra|67\/100 brn|[from] item: Leftovers\n|-damage|p2a: Goodra|61\/100 brn|[from] brn\n|upkeep\n|turn|21\n|\n|t:|1700576304\n|move|p1a: Cocodrilo del Nilo|Torch Song|p2a: Goodra\n|-damage|p2a: Goodra|27\/100 brn\n|-boost|p1a: Cocodrilo del Nilo|spa|1\n|move|p2a: Goodra|Heavy Slam|p1a: Cocodrilo del Nilo\n|-supereffective|p1a: Cocodrilo del Nilo\n|-damage|p1a: Cocodrilo del Nilo|86\/100\n|\n|-heal|p1a: Cocodrilo del Nilo|92\/100|[from] item: Leftovers\n|-heal|p2a: Goodra|33\/100 brn|[from] item: Leftovers\n|-damage|p2a: Goodra|27\/100 brn|[from] brn\n|upkeep\n|turn|22\n|\n|t:|1700576320\n|switch|p2a: Chansey|Chansey, F|100\/100\n|move|p1a: Cocodrilo del Nilo|Torch Song|p2a: Chansey\n|-damage|p2a: Chansey|84\/100\n|-boost|p1a: Cocodrilo del Nilo|spa|1\n|\n|-heal|p1a: Cocodrilo del Nilo|98\/100|[from] item: Leftovers\n|upkeep\n|turn|23\n|\n|t:|1700576330\n|move|p1a: Cocodrilo del Nilo|Will-O-Wisp|p2a: Chansey\n|-status|p2a: Chansey|brn\n|move|p2a: Chansey|Heal Bell|p2a: Chansey\n|-activate|p2a: Chansey|move: Heal Bell\n|-curestatus|p2a: Chansey|brn|[msg]\n|-curestatus|p2: Goodra|brn|[msg]\n|\n|-heal|p1a: Cocodrilo del Nilo|100\/100|[from] item: Leftovers\n|upkeep\n|turn|24\n|\n|t:|1700576344\n|move|p1a: Cocodrilo del Nilo|Torch Song|p2a: Chansey\n|-damage|p2a: Chansey|62\/100\n|-boost|p1a: Cocodrilo del Nilo|spa|1\n|move|p2a: Chansey|Seismic Toss|p1a: Cocodrilo del Nilo\n|-damage|p1a: Cocodrilo del Nilo|76\/100\n|\n|-heal|p1a: Cocodrilo del Nilo|82\/100|[from] item: Leftovers\n|upkeep\n|turn|25\n|\n|t:|1700576354\n|move|p1a: Cocodrilo del Nilo|Torch Song|p2a: Chansey\n|-damage|p2a: Chansey|39\/100\n|-boost|p1a: Cocodrilo del Nilo|spa|1\n|move|p2a: Chansey|Seismic Toss|p1a: Cocodrilo del Nilo\n|-damage|p1a: Cocodrilo del Nilo|58\/100\n|\n|-heal|p1a: Cocodrilo del Nilo|64\/100|[from] item: Leftovers\n|upkeep\n|turn|26\n|\n|t:|1700576364\n|move|p1a: Cocodrilo del Nilo|Torch Song|p2a: Chansey\n|-damage|p2a: Chansey|10\/100\n|-boost|p1a: Cocodrilo del Nilo|spa|1\n|move|p2a: Chansey|Soft-Boiled|p2a: Chansey\n|-heal|p2a: Chansey|60\/100\n|\n|-heal|p1a: Cocodrilo del Nilo|70\/100|[from] item: Leftovers\n|upkeep\n|turn|27\n|\n|t:|1700576374\n|move|p1a: Cocodrilo del Nilo|Torch Song|p2a: Chansey\n|-damage|p2a: Chansey|29\/100\n|move|p2a: Chansey|Soft-Boiled|p2a: Chansey\n|-heal|p2a: Chansey|79\/100\n|\n|-heal|p1a: Cocodrilo del Nilo|76\/100|[from] item: Leftovers\n|upkeep\n|turn|28\n|\n|t:|1700576385\n|switch|p2a: Glimmora|Glimmora, M|24\/100\n|move|p1a: Cocodrilo del Nilo|Will-O-Wisp|p2a: Glimmora\n|-status|p2a: Glimmora|brn\n|\n|-heal|p1a: Cocodrilo del Nilo|82\/100|[from] item: Leftovers\n|-damage|p2a: Glimmora|17\/100 brn|[from] brn\n|upkeep\n|turn|29\n|\n|t:|1700576398\n|move|p2a: Glimmora|Stealth Rock|p1a: Cocodrilo del Nilo\n|-sidestart|p1: Tiger373slow|move: Stealth Rock\n|move|p1a: Cocodrilo del Nilo|Torch Song|p2a: Glimmora\n|-resisted|p2a: Glimmora\n|-damage|p2a: Glimmora|0 fnt\n|faint|p2a: Glimmora\n|\n|-heal|p1a: Cocodrilo del Nilo|88\/100|[from] item: Leftovers\n|upkeep\n|\n|t:|1700576408\n|switch|p2a: Amoonguss|Amoonguss, F|100\/100\n|turn|30\n|\n|t:|1700576414\n|move|p1a: Cocodrilo del Nilo|Torch Song|p2a: Amoonguss\n|-supereffective|p2a: Amoonguss\n|-damage|p2a: Amoonguss|0 fnt\n|faint|p2a: Amoonguss\n|\n|-heal|p1a: Cocodrilo del Nilo|94\/100|[from] item: Leftovers\n|upkeep\n|\n|t:|1700576429\n|switch|p2a: Dragonite|Dragonite, F|100\/100\n|turn|31\n|\n|t:|1700576437\n|move|p2a: Dragonite|Dragon Rush|p1a: Cocodrilo del Nilo\n|-immune|p1a: Cocodrilo del Nilo\n|move|p1a: Cocodrilo del Nilo|Torch Song|p2a: Dragonite\n|-resisted|p2a: Dragonite\n|-damage|p2a: Dragonite|70\/100\n|\n|-heal|p2a: Dragonite|76\/100|[from] item: Leftovers\n|-heal|p1a: Cocodrilo del Nilo|100\/100|[from] item: Leftovers\n|upkeep\n|turn|32\n|\n|t:|1700576450\n|move|p2a: Dragonite|Roost|p2a: Dragonite\n|-heal|p2a: Dragonite|100\/100\n|-singleturn|p2a: Dragonite|move: Roost\n|move|p1a: Cocodrilo del Nilo|Will-O-Wisp|p2a: Dragonite\n|-status|p2a: Dragonite|brn\n|\n|-damage|p2a: Dragonite|94\/100 brn|[from] brn\n|upkeep\n|turn|33\n|\n|t:|1700576463\n|move|p2a: Dragonite|Extreme Speed|p1a: Cocodrilo del Nilo\n|-damage|p1a: Cocodrilo del Nilo|88\/100\n|move|p1a: Cocodrilo del Nilo|Hex|p2a: Dragonite\n|-damage|p2a: Dragonite|0 fnt\n|faint|p2a: Dragonite\n|\n|-heal|p1a: Cocodrilo del Nilo|94\/100|[from] item: Leftovers\n|upkeep\n|\n|t:|1700576474\n|switch|p2a: Garchomp|Garchomp, F|100\/100\n|turn|34\n|\n|t:|1700576482\n|move|p2a: Garchomp|Earthquake|p1a: Cocodrilo del Nilo\n|-damage|p1a: Cocodrilo del Nilo|50\/100\n|move|p1a: Cocodrilo del Nilo|Will-O-Wisp|p2a: Garchomp\n|-status|p2a: Garchomp|brn\n|\n|-heal|p1a: Cocodrilo del Nilo|56\/100|[from] item: Leftovers\n|-damage|p2a: Garchomp|94\/100 brn|[from] brn\n|upkeep\n|turn|35\n|\n|t:|1700576493\n|move|p2a: Garchomp|Earthquake|p1a: Cocodrilo del Nilo\n|-damage|p1a: Cocodrilo del Nilo|35\/100\n|move|p1a: Cocodrilo del Nilo|Slack Off|p1a: Cocodrilo del Nilo\n|-heal|p1a: Cocodrilo del Nilo|85\/100\n|\n|-heal|p1a: Cocodrilo del Nilo|91\/100|[from] item: Leftovers\n|-damage|p2a: Garchomp|88\/100 brn|[from] brn\n|upkeep\n|turn|36\n|\n|t:|1700576502\n|move|p2a: Garchomp|Earthquake|p1a: Cocodrilo del Nilo\n|-damage|p1a: Cocodrilo del Nilo|69\/100\n|move|p1a: Cocodrilo del Nilo|Hex|p2a: Garchomp\n|-damage|p2a: Garchomp|0 fnt\n|faint|p2a: Garchomp\n|\n|-heal|p1a: Cocodrilo del Nilo|75\/100|[from] item: Leftovers\n|upkeep\n|-message|tigasang forfeited.\n|\n|win|Tiger373slow\n|raw|Tiger373slow's rating: 1017 &rarr; <strong>1062<\/strong><br \/>(+45 for winning)\n|raw|tigasang's rating: 1091 &rarr; <strong>1062<\/strong><br \/>(-29 for losing)\n|l|\u2606tigasang\n","uploadtime":1700576516,"views":8,"p1id":"tiger373slow","p2id":"tigasang","formatid":"gen9ou","rating":1062,"private":0,"password":""}