{"id":"gen9ou-1988275472","p1":"neid+83+","p2":"Plasmic Cosmos","format":"[Gen 9] OU","log":"|j|\u2606neid+83+\n|j|\u2606Plasmic Cosmos\n|t:|1699699753\n|gametype|singles\n|player|p1|neid+83+|silver|1000\n|player|p2|Plasmic Cosmos|ghetsis|1074\n|teamsize|p1|6\n|teamsize|p2|6\n|gen|9\n|tier|[Gen 9] OU\n|rated|\n|rule|Sleep Clause Mod: Limit one foe put to sleep\n|rule|Species Clause: Limit one of each Pok\u00e9mon\n|rule|OHKO Clause: OHKO moves are banned\n|rule|Evasion Items Clause: Evasion items are banned\n|rule|Evasion Moves Clause: Evasion moves are banned\n|rule|Endless Battle Clause: Forcing endless battles is banned\n|rule|HP Percentage Mod: HP is shown in percentages\n|clearpoke\n|poke|p1|Gliscor, M|\n|poke|p1|Empoleon, M|\n|poke|p1|Dragapult, M|\n|poke|p1|Ninetales-Alola, M|\n|poke|p1|Rillaboom, F|\n|poke|p1|Sneasler, F|\n|poke|p2|Gliscor, F|\n|poke|p2|Hoopa-Unbound|\n|poke|p2|Enamorus, F|\n|poke|p2|Gholdengo|\n|poke|p2|Iron Valiant|\n|poke|p2|Ribombee, F|\n|teampreview\n|inactive|Battle timer is ON: inactive players will automatically lose when time's up. (requested by Plasmic Cosmos)\n|\n|t:|1699699763\n|start\n|switch|p1a: Man-Bat|Gliscor, M, shiny|100\/100\n|switch|p2a: Enamorus|Enamorus, F|100\/100\n|turn|1\n|\n|t:|1699699776\n|move|p2a: Enamorus|Taunt|p1a: Man-Bat\n|-start|p1a: Man-Bat|move: Taunt\n|cant|p1a: Man-Bat|move: Taunt|Toxic\n|\n|-status|p1a: Man-Bat|tox|[from] item: Toxic Orb\n|upkeep\n|turn|2\n|\n|t:|1699699802\n|switch|p1a: Mr. Freeze|Ninetales-Alola, M, shiny|100\/100\n|-weather|Snow|[from] ability: Snow Warning|[of] p1a: Mr. Freeze\n|move|p2a: Enamorus|Superpower|p1a: Mr. Freeze\n|-damage|p1a: Mr. Freeze|71\/100\n|-boost|p2a: Enamorus|atk|1\n|-boost|p2a: Enamorus|def|1\n|\n|-weather|Snow|[upkeep]\n|upkeep\n|turn|3\n|inactive|neid+83+ has 120 seconds left.\n|\n|t:|1699699824\n|move|p1a: Mr. Freeze|Freeze-Dry|p2a: Enamorus\n|-supereffective|p2a: Enamorus\n|-damage|p2a: Enamorus|42\/100\n|move|p2a: Enamorus|Superpower|p1a: Mr. Freeze\n|-damage|p1a: Mr. Freeze|23\/100\n|-boost|p2a: Enamorus|atk|1\n|-boost|p2a: Enamorus|def|1\n|\n|-weather|Snow|[upkeep]\n|upkeep\n|turn|4\n|inactive|neid+83+ has 120 seconds left.\n|\n|t:|1699699838\n|move|p1a: Mr. Freeze|Freeze-Dry|p2a: Enamorus\n|-supereffective|p2a: Enamorus\n|-damage|p2a: Enamorus|0 fnt\n|faint|p2a: Enamorus\n|\n|-weather|Snow|[upkeep]\n|upkeep\n|\n|t:|1699699852\n|switch|p2a: Ribombee|Ribombee, F|100\/100\n|turn|5\n|\n|t:|1699699864\n|move|p2a: Ribombee|Stun Spore|p1a: Mr. Freeze|[miss]\n|-miss|p2a: Ribombee|p1a: Mr. Freeze\n|move|p1a: Mr. Freeze|Freeze-Dry|p2a: Ribombee\n|-damage|p2a: Ribombee|66\/100\n|\n|-weather|Snow|[upkeep]\n|upkeep\n|turn|6\n|inactive|Plasmic Cosmos has 120 seconds left.\n|\n|t:|1699699891\n|move|p2a: Ribombee|Stun Spore|p1a: Mr. Freeze\n|-status|p1a: Mr. Freeze|par\n|move|p1a: Mr. Freeze|Freeze-Dry|p2a: Ribombee\n|-damage|p2a: Ribombee|30\/100\n|\n|-weather|none\n|upkeep\n|turn|7\n|\n|t:|1699699900\n|move|p2a: Ribombee|Quiver Dance|p2a: Ribombee\n|-boost|p2a: Ribombee|spa|1\n|-boost|p2a: Ribombee|spd|1\n|-boost|p2a: Ribombee|spe|1\n|cant|p1a: Mr. Freeze|par\n|\n|upkeep\n|turn|8\n|\n|t:|1699699907\n|move|p2a: Ribombee|Quiver Dance|p2a: Ribombee\n|-boost|p2a: Ribombee|spa|1\n|-boost|p2a: Ribombee|spd|1\n|-boost|p2a: Ribombee|spe|1\n|cant|p1a: Mr. Freeze|par\n|\n|upkeep\n|turn|9\n|\n|t:|1699699914\n|move|p2a: Ribombee|Sticky Web|p1a: Mr. Freeze\n|-sidestart|p1: neid+83+|move: Sticky Web\n|move|p1a: Mr. Freeze|Freeze-Dry|p2a: Ribombee\n|-damage|p2a: Ribombee|13\/100\n|\n|upkeep\n|turn|10\n|\n|t:|1699699920\n|move|p2a: Ribombee|Moonblast|p1a: Mr. Freeze\n|-damage|p1a: Mr. Freeze|0 fnt\n|faint|p1a: Mr. Freeze\n|\n|upkeep\n|\n|t:|1699699929\n|switch|p1a: Ra's Al Ghul|Dragapult, M, shiny|100\/100\n|-activate|p1a: Ra's Al Ghul|move: Sticky Web\n|-unboost|p1a: Ra's Al Ghul|spe|1\n|turn|11\n|\n|t:|1699699941\n|-terastallize|p1a: Ra's Al Ghul|Ghost\n|move|p2a: Ribombee|Moonblast|p1a: Ra's Al Ghul\n|-damage|p1a: Ra's Al Ghul|0 fnt\n|faint|p1a: Ra's Al Ghul\n|\n|upkeep\n|\n|t:|1699699965\n|switch|p1a: Catwoman|Sneasler, F, shiny|100\/100\n|-activate|p1a: Catwoman|move: Sticky Web\n|-unboost|p1a: Catwoman|spe|1\n|turn|12\n|\n|t:|1699699977\n|move|p2a: Ribombee|Stun Spore|p1a: Catwoman|[miss]\n|-miss|p2a: Ribombee|p1a: Catwoman\n|move|p1a: Catwoman|Dire Claw|p2a: Ribombee\n|-supereffective|p2a: Ribombee\n|-damage|p2a: Ribombee|0 fnt\n|faint|p2a: Ribombee\n|\n|upkeep\n|\n|t:|1699699984\n|switch|p2a: Gliscor|Gliscor, F|100\/100\n|turn|13\n|\n|t:|1699699991\n|move|p1a: Catwoman|Swords Dance|p1a: Catwoman\n|-boost|p1a: Catwoman|atk|2\n|move|p2a: Gliscor|Substitute|p2a: Gliscor\n|-start|p2a: Gliscor|Substitute\n|-damage|p2a: Gliscor|75\/100\n|\n|-status|p2a: Gliscor|tox|[from] item: Toxic Orb\n|upkeep\n|turn|14\n|\n|t:|1699700003\n|move|p2a: Gliscor|Earthquake|p1a: Catwoman\n|-supereffective|p1a: Catwoman\n|-damage|p1a: Catwoman|0 fnt\n|faint|p1a: Catwoman\n|\n|-heal|p2a: Gliscor|88\/100 tox|[from] ability: Poison Heal\n|upkeep\n|\n|t:|1699700013\n|switch|p1a: The Penguin|Empoleon, M, shiny|100\/100\n|-activate|p1a: The Penguin|move: Sticky Web\n|-unboost|p1a: The Penguin|spe|1\n|-ability|p1a: The Penguin|Competitive|boost\n|-boost|p1a: The Penguin|spa|2\n|turn|15\n|\n|t:|1699700022\n|move|p2a: Gliscor|Earthquake|p1a: The Penguin\n|-supereffective|p1a: The Penguin\n|-damage|p1a: The Penguin|39\/100\n|move|p1a: The Penguin|Stealth Rock|p2a: Gliscor\n|-sidestart|p2: Plasmic Cosmos|move: Stealth Rock\n|\n|-heal|p1a: The Penguin|45\/100|[from] item: Leftovers\n|-heal|p2a: Gliscor|100\/100 tox|[from] ability: Poison Heal\n|upkeep\n|turn|16\n|\n|t:|1699700036\n|move|p2a: Gliscor|Earthquake|p1a: The Penguin\n|-supereffective|p1a: The Penguin\n|-damage|p1a: The Penguin|0 fnt\n|faint|p1a: The Penguin\n|\n|upkeep\n|\n|t:|1699700046\n|switch|p1a: Man-Bat|Gliscor, M, shiny|100\/100 tox\n|turn|17\n|\n|t:|1699700072\n|move|p1a: Man-Bat|Protect|p1a: Man-Bat\n|-singleturn|p1a: Man-Bat|Protect\n|move|p2a: Gliscor|Substitute|p2a: Gliscor\n|-fail|p2a: Gliscor|move: Substitute\n|\n|upkeep\n|turn|18\n|\n|t:|1699700084\n|move|p2a: Gliscor|Protect|p2a: Gliscor\n|-singleturn|p2a: Gliscor|Protect\n|move|p1a: Man-Bat|Spikes|p2a: Gliscor\n|-sidestart|p2: Plasmic Cosmos|Spikes\n|\n|upkeep\n|turn|19\n|\n|t:|1699700095\n|move|p2a: Gliscor|Protect||[still]\n|-fail|p2a: Gliscor\n|move|p1a: Man-Bat|Spikes|p2a: Gliscor\n|-sidestart|p2: Plasmic Cosmos|Spikes\n|\n|upkeep\n|turn|20\n|\n|t:|1699700107\n|move|p1a: Man-Bat|Spikes|p2a: Gliscor\n|-sidestart|p2: Plasmic Cosmos|Spikes\n|move|p2a: Gliscor|Earthquake|p1a: Man-Bat\n|-immune|p1a: Man-Bat\n|\n|upkeep\n|turn|21\n|\n|t:|1699700118\n|switch|p2a: Hoopa|Hoopa-Unbound|100\/100\n|-damage|p2a: Hoopa|88\/100|[from] Stealth Rock\n|-damage|p2a: Hoopa|63\/100|[from] Spikes\n|move|p1a: Man-Bat|Protect||[still]\n|-fail|p1a: Man-Bat\n|\n|upkeep\n|turn|22\n|\n|t:|1699700128\n|move|p2a: Hoopa|Trick|p1a: Man-Bat\n|-activate|p2a: Hoopa|move: Trick|[of] p1a: Man-Bat\n|-item|p1a: Man-Bat|Choice Scarf|[from] move: Trick\n|-item|p2a: Hoopa|Toxic Orb|[from] move: Trick\n|move|p1a: Man-Bat|Toxic|p2a: Hoopa\n|-status|p2a: Hoopa|tox\n|\n|-damage|p2a: Hoopa|57\/100 tox|[from] psn\n|upkeep\n|turn|23\n|\n|t:|1699700151\n|switch|p1a: Poison Ivy|Rillaboom, F, shiny|100\/100\n|-activate|p1a: Poison Ivy|move: Sticky Web\n|-unboost|p1a: Poison Ivy|spe|1\n|-fieldstart|move: Grassy Terrain|[from] ability: Grassy Surge|[of] p1a: Poison Ivy\n|move|p2a: Hoopa|Zen Headbutt|p1a: Poison Ivy\n|-damage|p1a: Poison Ivy|46\/100\n|\n|-heal|p2a: Hoopa|63\/100 tox|[from] Grassy Terrain\n|-heal|p1a: Poison Ivy|52\/100|[from] Grassy Terrain\n|-damage|p2a: Hoopa|51\/100 tox|[from] psn\n|upkeep\n|turn|24\n|\n|t:|1699700171\n|move|p2a: Hoopa|Hyperspace Fury|p1a: Poison Ivy\n|-damage|p1a: Poison Ivy|0 fnt\n|-unboost|p2a: Hoopa|def|1\n|faint|p1a: Poison Ivy\n|\n|-heal|p2a: Hoopa|57\/100 tox|[from] Grassy Terrain\n|-damage|p2a: Hoopa|39\/100 tox|[from] psn\n|upkeep\n|\n|t:|1699700180\n|switch|p1a: Man-Bat|Gliscor, M, shiny|100\/100 tox\n|turn|25\n|inactive|Plasmic Cosmos has 120 seconds left.\n|\n|t:|1699700215\n|move|p1a: Man-Bat|Protect|p1a: Man-Bat\n|-singleturn|p1a: Man-Bat|Protect\n|move|p2a: Hoopa|Hyperspace Fury|p1a: Man-Bat\n|-activate|p1a: Man-Bat|move: Hyperspace Fury|[broken]\n|-damage|p1a: Man-Bat|65\/100 tox\n|-unboost|p2a: Hoopa|def|1\n|\n|-heal|p2a: Hoopa|45\/100 tox|[from] Grassy Terrain\n|-heal|p1a: Man-Bat|77\/100 tox|[from] ability: Poison Heal\n|-damage|p2a: Hoopa|21\/100 tox|[from] psn\n|upkeep\n|turn|26\n|\n|t:|1699700229\n|move|p1a: Man-Bat|Protect|p1a: Man-Bat\n|-singleturn|p1a: Man-Bat|Protect\n|move|p2a: Hoopa|Drain Punch|p1a: Man-Bat\n|-activate|p1a: Man-Bat|move: Protect\n|\n|-heal|p2a: Hoopa|27\/100 tox|[from] Grassy Terrain\n|-heal|p1a: Man-Bat|90\/100 tox|[from] ability: Poison Heal\n|-damage|p2a: Hoopa|0 fnt|[from] psn\n|faint|p2a: Hoopa\n|upkeep\n|\n|t:|1699700238\n|switch|p2a: Gholdengo|Gholdengo|100\/100\n|-damage|p2a: Gholdengo|94\/100|[from] Stealth Rock\n|-damage|p2a: Gholdengo|69\/100|[from] Spikes\n|turn|27\n|\n|t:|1699700245\n|move|p1a: Man-Bat|Protect|p1a: Man-Bat\n|-singleturn|p1a: Man-Bat|Protect\n|move|p2a: Gholdengo|Nasty Plot|p2a: Gholdengo\n|-boost|p2a: Gholdengo|spa|2\n|\n|-heal|p2a: Gholdengo|76\/100|[from] Grassy Terrain\n|-heal|p1a: Man-Bat|100\/100 tox|[from] ability: Poison Heal\n|-fieldend|move: Grassy Terrain\n|upkeep\n|turn|28\n|\n|t:|1699700255\n|move|p1a: Man-Bat|Protect||[still]\n|-fail|p1a: Man-Bat\n|move|p2a: Gholdengo|Nasty Plot|p2a: Gholdengo\n|-boost|p2a: Gholdengo|spa|2\n|\n|upkeep\n|turn|29\n|\n|t:|1699700264\n|move|p1a: Man-Bat|Protect|p1a: Man-Bat\n|-singleturn|p1a: Man-Bat|Protect\n|move|p2a: Gholdengo|Nasty Plot|p2a: Gholdengo\n|-boost|p2a: Gholdengo|spa|2\n|\n|upkeep\n|turn|30\n|\n|t:|1699700274\n|move|p1a: Man-Bat|Protect||[still]\n|-fail|p1a: Man-Bat\n|move|p2a: Gholdengo|Nasty Plot|p2a: Gholdengo\n|-boost|p2a: Gholdengo|spa|0\n|\n|upkeep\n|turn|31\n|\n|t:|1699700303\n|move|p1a: Man-Bat|Protect|p1a: Man-Bat\n|-singleturn|p1a: Man-Bat|Protect\n|move|p2a: Gholdengo|Shadow Ball|p1a: Man-Bat\n|-activate|p1a: Man-Bat|move: Protect\n|\n|upkeep\n|turn|32\n|\n|t:|1699700310\n|move|p1a: Man-Bat|Protect||[still]\n|-fail|p1a: Man-Bat\n|move|p2a: Gholdengo|Nasty Plot|p2a: Gholdengo\n|-boost|p2a: Gholdengo|spa|0\n|\n|upkeep\n|turn|33\n|\n|t:|1699700317\n|move|p1a: Man-Bat|Protect|p1a: Man-Bat\n|-singleturn|p1a: Man-Bat|Protect\n|move|p2a: Gholdengo|Shadow Ball|p1a: Man-Bat\n|-activate|p1a: Man-Bat|move: Protect\n|\n|upkeep\n|turn|34\n|inactive|Plasmic Cosmos has 120 seconds left.\n|\n|t:|1699700347\n|move|p1a: Man-Bat|Protect|p1a: Man-Bat\n|-singleturn|p1a: Man-Bat|Protect\n|move|p2a: Gholdengo|Make It Rain|p1a: Man-Bat\n|-activate|p1a: Man-Bat|move: Protect\n|\n|upkeep\n|turn|35\n|\n|t:|1699700365\n|move|p1a: Man-Bat|Protect||[still]\n|-fail|p1a: Man-Bat\n|move|p2a: Gholdengo|Make It Rain|p1a: Man-Bat\n|-damage|p1a: Man-Bat|0 fnt\n|-unboost|p2a: Gholdengo|spa|1\n|faint|p1a: Man-Bat\n|\n|win|Plasmic Cosmos\n|raw|neid+83+'s rating: 1000 &rarr; <strong>1000<\/strong><br \/>(+0 for losing)\n|raw|Plasmic Cosmos's rating: 1074 &rarr; <strong>1097<\/strong><br \/>(+23 for winning)\n","uploadtime":1699700376,"views":15,"p1id":"neid83","p2id":"plasmiccosmos","formatid":"gen9ou","rating":1000,"private":0,"password":""}