{"id":"gen9ou-1999619552","p1":"Yuuuuj","p2":"Cranberru22","format":"[Gen 9] OU","log":"|j|\u2606Yuuuuj\n|j|\u2606Cranberru22\n|t:|1701101807\n|gametype|singles\n|player|p1|Yuuuuj|101|1110\n|player|p2|Cranberru22|101|1095\n|teamsize|p1|6\n|teamsize|p2|6\n|gen|9\n|tier|[Gen 9] OU\n|rated|\n|rule|Sleep Clause Mod: Limit one foe put to sleep\n|rule|Species Clause: Limit one of each Pok\u00e9mon\n|rule|OHKO Clause: OHKO moves are banned\n|rule|Evasion Items Clause: Evasion items are banned\n|rule|Evasion Moves Clause: Evasion moves are banned\n|rule|Endless Battle Clause: Forcing endless battles is banned\n|rule|HP Percentage Mod: HP is shown in percentages\n|clearpoke\n|poke|p1|Ambipom, M|\n|poke|p1|Jolteon, F|\n|poke|p1|Sylveon, F|\n|poke|p1|Barraskewda, M|\n|poke|p1|Heatran, F|\n|poke|p1|Sinistcha|\n|poke|p2|Torkoal, F|\n|poke|p2|Charizard, F|\n|poke|p2|Volcanion|\n|poke|p2|Pelipper, M|\n|poke|p2|Beartic, M|\n|poke|p2|Walking Wake|\n|teampreview\n|inactive|Battle timer is ON: inactive players will automatically lose when time's up. (requested by Yuuuuj)\n|inactive|Cranberru22 has 120 seconds left.\n|\n|t:|1701101850\n|start\n|switch|p1a: Jolteon|Jolteon, F|100\/100\n|switch|p2a: Torkoal|Torkoal, F|100\/100\n|-weather|SunnyDay|[from] ability: Drought|[of] p2a: Torkoal\n|turn|1\n|inactive|Cranberru22 has 120 seconds left.\n|\n|t:|1701101901\n|move|p1a: Jolteon|Volt Switch|p2a: Torkoal\n|-damage|p2a: Torkoal|59\/100\n|\n|t:|1701101911\n|switch|p1a: Sylveon|Sylveon, F|100\/100|[from] Volt Switch\n|move|p2a: Torkoal|Yawn|p1a: Sylveon\n|-start|p1a: Sylveon|move: Yawn|[of] p2a: Torkoal\n|\n|-weather|SunnyDay|[upkeep]\n|upkeep\n|turn|2\n|\n|t:|1701101920\n|switch|p2a: Charizard|Charizard, F|100\/100\n|move|p1a: Sylveon|Yawn|p2a: Charizard\n|-start|p2a: Charizard|move: Yawn|[of] p1a: Sylveon\n|\n|-weather|SunnyDay|[upkeep]\n|-damage|p2a: Charizard|88\/100|[from] ability: Solar Power|[of] p2a: Charizard\n|-end|p1a: Sylveon|move: Yawn|[silent]\n|-status|p1a: Sylveon|slp\n|upkeep\n|turn|3\n|\n|t:|1701101936\n|switch|p1a: Barraskewda|Barraskewda, M|100\/100\n|move|p2a: Charizard|Overheat|p1a: Barraskewda\n|-resisted|p1a: Barraskewda\n|-damage|p1a: Barraskewda|0 fnt\n|-unboost|p2a: Charizard|spa|2\n|faint|p1a: Barraskewda\n|\n|-weather|SunnyDay|[upkeep]\n|-damage|p2a: Charizard|76\/100|[from] ability: Solar Power|[of] p2a: Charizard\n|-end|p2a: Charizard|move: Yawn|[silent]\n|-status|p2a: Charizard|slp\n|upkeep\n|\n|t:|1701101945\n|switch|p1a: Jolteon|Jolteon, F|100\/100\n|turn|4\n|\n|t:|1701101949\n|switch|p2a: Torkoal|Torkoal, F|59\/100\n|move|p1a: Jolteon|Thunderbolt|p2a: Torkoal\n|-damage|p2a: Torkoal|0 fnt\n|faint|p2a: Torkoal\n|\n|-weather|SunnyDay|[upkeep]\n|upkeep\n|\n|t:|1701101955\n|switch|p2a: Walking Wake|Walking Wake|100\/100\n|-activate|p2a: Walking Wake|ability: Protosynthesis\n|-start|p2a: Walking Wake|protosynthesisspe\n|turn|5\n|\n|t:|1701101961\n|move|p2a: Walking Wake|Hydro Steam|p1a: Jolteon\n|-damage|p1a: Jolteon|17\/100\n|move|p1a: Jolteon|Thunderbolt|p2a: Walking Wake\n|-damage|p2a: Walking Wake|28\/100\n|\n|-weather|SunnyDay|[upkeep]\n|upkeep\n|turn|6\n|\n|t:|1701101974\n|switch|p1a: Sylveon|Sylveon, F|100\/100 slp\n|move|p2a: Walking Wake|Hydro Steam|p1a: Sylveon\n|-damage|p1a: Sylveon|54\/100 slp\n|\n|-weather|SunnyDay|[upkeep]\n|-heal|p1a: Sylveon|60\/100 slp|[from] item: Leftovers\n|upkeep\n|turn|7\n|\n|t:|1701101983\n|move|p2a: Walking Wake|Hydro Steam|p1a: Sylveon\n|-damage|p1a: Sylveon|10\/100 slp\n|cant|p1a: Sylveon|slp\n|\n|-weather|SunnyDay|[upkeep]\n|-heal|p1a: Sylveon|16\/100 slp|[from] item: Leftovers\n|upkeep\n|turn|8\n|\n|t:|1701101987\n|move|p2a: Walking Wake|Hydro Steam|p1a: Sylveon\n|-damage|p1a: Sylveon|0 fnt\n|faint|p1a: Sylveon\n|\n|-weather|none\n|-end|p2a: Walking Wake|Protosynthesis\n|upkeep\n|-enditem|p2a: Walking Wake|Booster Energy\n|-activate|p2a: Walking Wake|ability: Protosynthesis|[fromitem]\n|-start|p2a: Walking Wake|protosynthesisspe\n|\n|t:|1701101990\n|switch|p1a: Ambipom|Ambipom, M|100\/100\n|turn|9\n|\n|t:|1701102008\n|move|p1a: Ambipom|Fake Out|p2a: Walking Wake\n|-damage|p2a: Walking Wake|0 fnt\n|faint|p2a: Walking Wake\n|-end|p2a: Walking Wake|Protosynthesis|[silent]\n|-damage|p1a: Ambipom|91\/100|[from] item: Life Orb\n|\n|upkeep\n|\n|t:|1701102012\n|switch|p2a: Pelipper|Pelipper, M|100\/100\n|-weather|RainDance|[from] ability: Drizzle|[of] p2a: Pelipper\n|turn|10\n|\n|t:|1701102019\n|move|p1a: Ambipom|Double Hit|p2a: Pelipper\n|-damage|p2a: Pelipper|79\/100\n|-damage|p2a: Pelipper|56\/100\n|-hitcount|p2a: Pelipper|2\n|-damage|p1a: Ambipom|81\/100|[from] item: Life Orb\n|move|p2a: Pelipper|U-turn|p1a: Ambipom\n|-damage|p1a: Ambipom|66\/100\n|\n|t:|1701102023\n|switch|p2a: Beartic|Beartic, M|100\/100|[from] U-turn\n|\n|-weather|RainDance|[upkeep]\n|upkeep\n|turn|11\n|\n|t:|1701102042\n|switch|p1a: Sinistcha|Sinistcha|100\/100\n|move|p2a: Beartic|Close Combat|p1a: Sinistcha\n|-immune|p1a: Sinistcha\n|\n|-weather|RainDance|[upkeep]\n|upkeep\n|turn|12\n|\n|t:|1701102060\n|move|p2a: Beartic|Icicle Crash|p1a: Sinistcha\n|-supereffective|p1a: Sinistcha\n|-damage|p1a: Sinistcha|0 fnt\n|faint|p1a: Sinistcha\n|-damage|p2a: Beartic|91\/100|[from] item: Life Orb\n|\n|-weather|RainDance|[upkeep]\n|upkeep\n|\n|t:|1701102066\n|switch|p1a: Ambipom|Ambipom, M|66\/100\n|turn|13\n|\n|t:|1701102078\n|move|p1a: Ambipom|Fake Out|p2a: Beartic\n|-damage|p2a: Beartic|47\/100\n|-damage|p1a: Ambipom|56\/100|[from] item: Life Orb\n|cant|p2a: Beartic|flinch\n|\n|-weather|RainDance|[upkeep]\n|upkeep\n|turn|14\n|\n|t:|1701102084\n|switch|p1a: Heatran|Heatran, F|100\/100\n|move|p2a: Beartic|Close Combat|p1a: Heatran\n|-supereffective|p1a: Heatran\n|-damage|p1a: Heatran|24\/100\n|-unboost|p2a: Beartic|def|1\n|-unboost|p2a: Beartic|spd|1\n|-damage|p2a: Beartic|37\/100|[from] item: Life Orb\n|\n|-weather|RainDance|[upkeep]\n|upkeep\n|turn|15\n|\n|t:|1701102097\n|move|p2a: Beartic|Close Combat|p1a: Heatran\n|-supereffective|p1a: Heatran\n|-damage|p1a: Heatran|0 fnt\n|-unboost|p2a: Beartic|def|1\n|-unboost|p2a: Beartic|spd|1\n|faint|p1a: Heatran\n|-damage|p2a: Beartic|27\/100|[from] item: Life Orb\n|\n|-weather|RainDance|[upkeep]\n|upkeep\n|\n|t:|1701102101\n|switch|p1a: Ambipom|Ambipom, M|56\/100\n|turn|16\n|\n|t:|1701102107\n|switch|p2a: Charizard|Charizard, F|76\/100 slp\n|move|p1a: Ambipom|Fake Out|p2a: Charizard\n|-crit|p2a: Charizard\n|-damage|p2a: Charizard|0 fnt\n|faint|p2a: Charizard\n|-damage|p1a: Ambipom|46\/100|[from] item: Life Orb\n|\n|-weather|RainDance|[upkeep]\n|upkeep\n|\n|t:|1701102111\n|switch|p2a: Beartic|Beartic, M|27\/100\n|turn|17\n|\n|t:|1701102118\n|switch|p1a: Jolteon|Jolteon, F|17\/100\n|move|p2a: Beartic|Liquidation|p1a: Jolteon\n|-damage|p1a: Jolteon|0 fnt\n|faint|p1a: Jolteon\n|-damage|p2a: Beartic|18\/100|[from] item: Life Orb\n|\n|-weather|none\n|upkeep\n|\n|t:|1701102123\n|switch|p1a: Ambipom|Ambipom, M|46\/100\n|turn|18\n|\n|t:|1701102132\n|switch|p2a: Pelipper|Pelipper, M|56\/100\n|-weather|RainDance|[from] ability: Drizzle|[of] p2a: Pelipper\n|-terastallize|p1a: Ambipom|Normal\n|move|p1a: Ambipom|Double Hit|p2a: Pelipper\n|-damage|p2a: Pelipper|27\/100\n|-damage|p2a: Pelipper|0 fnt\n|faint|p2a: Pelipper\n|-hitcount|p2: Pelipper|2\n|-damage|p1a: Ambipom|36\/100|[from] item: Life Orb\n|\n|-weather|RainDance|[upkeep]\n|upkeep\n|\n|t:|1701102139\n|switch|p2a: Beartic|Beartic, M|18\/100\n|turn|19\n|\n|t:|1701102142\n|move|p2a: Beartic|Close Combat|p1a: Ambipom\n|-supereffective|p1a: Ambipom\n|-damage|p1a: Ambipom|0 fnt\n|-unboost|p2a: Beartic|def|1\n|-unboost|p2a: Beartic|spd|1\n|faint|p1a: Ambipom\n|-damage|p2a: Beartic|8\/100|[from] item: Life Orb\n|\n|win|Cranberru22\n|raw|Yuuuuj's rating: 1110 &rarr; <strong>1084<\/strong><br \/>(-26 for losing)\n|raw|Cranberru22's rating: 1095 &rarr; <strong>1122<\/strong><br \/>(+27 for winning)\n|l|\u2606Yuuuuj\n","uploadtime":1701102147,"views":2,"p1id":"yuuuuj","p2id":"cranberru22","formatid":"gen9ou","rating":1084,"private":0,"password":""}