{"id":"gen9ou-1992269564","p1":"Le poke fever","p2":"dracul gras","format":"[Gen 9] OU","log":"|j|\u2606Le poke fever\n|j|\u2606dracul gras\n|t:|1700169453\n|gametype|singles\n|player|p1|Le poke fever|ballguy|1259\n|player|p2|dracul gras|2|1292\n|teamsize|p1|6\n|teamsize|p2|6\n|gen|9\n|tier|[Gen 9] OU\n|rated|\n|rule|Sleep Clause Mod: Limit one foe put to sleep\n|rule|Species Clause: Limit one of each Pok\u00e9mon\n|rule|OHKO Clause: OHKO moves are banned\n|rule|Evasion Items Clause: Evasion items are banned\n|rule|Evasion Moves Clause: Evasion moves are banned\n|rule|Endless Battle Clause: Forcing endless battles is banned\n|rule|HP Percentage Mod: HP is shown in percentages\n|clearpoke\n|poke|p1|Ceruledge, M|\n|poke|p1|Ogerpon-Wellspring, F|\n|poke|p1|Ribombee, F|\n|poke|p1|Great Tusk|\n|poke|p1|Dragonite, M|\n|poke|p1|Enamorus, F|\n|poke|p2|Slowbro-Galar, F|\n|poke|p2|Azelf|\n|poke|p2|Donphan, M|\n|poke|p2|Meowscarada, M|\n|poke|p2|Skeledirge, F|\n|poke|p2|Froslass, F|\n|teampreview\n|inactive|Battle timer is ON: inactive players will automatically lose when time's up. (requested by dracul gras)\n|\n|t:|1700169460\n|start\n|switch|p1a: Ribombee|Ribombee, F|100\/100\n|switch|p2a: Average Tusk|Donphan, M|100\/100\n|turn|1\n|\n|t:|1700169465\n|move|p1a: Ribombee|Moonblast|p2a: Average Tusk\n|-damage|p2a: Average Tusk|47\/100\n|move|p2a: Average Tusk|Smack Down|p1a: Ribombee\n|-supereffective|p1a: Ribombee\n|-damage|p1a: Ribombee|33\/100\n|\n|upkeep\n|turn|2\n|\n|t:|1700169472\n|switch|p2a: Dirge Nowitzki|Skeledirge, F|100\/100\n|move|p1a: Ribombee|Sticky Web|p2a: Dirge Nowitzki\n|-sidestart|p2: dracul gras|move: Sticky Web\n|\n|upkeep\n|turn|3\n|\n|t:|1700169476\n|move|p1a: Ribombee|Stun Spore|p2a: Dirge Nowitzki\n|-status|p2a: Dirge Nowitzki|par\n|move|p2a: Dirge Nowitzki|Torch Song|p1a: Ribombee\n|-supereffective|p1a: Ribombee\n|-damage|p1a: Ribombee|0 fnt\n|-boost|p2a: Dirge Nowitzki|spa|1\n|faint|p1a: Ribombee\n|\n|upkeep\n|\n|t:|1700169484\n|switch|p1a: Great Tusk|Great Tusk|100\/100\n|turn|4\n|\n|t:|1700169490\n|-terastallize|p2a: Dirge Nowitzki|Water\n|move|p1a: Great Tusk|Stealth Rock|p2a: Dirge Nowitzki\n|-sidestart|p2: dracul gras|move: Stealth Rock\n|move|p2a: Dirge Nowitzki|Will-O-Wisp|p1a: Great Tusk|[miss]\n|-miss|p2a: Dirge Nowitzki|p1a: Great Tusk\n|\n|upkeep\n|turn|5\n|\n|t:|1700169495\n|-end|p1a: Great Tusk|Protosynthesis|[silent]\n|switch|p1a: Ceruledge|Ceruledge, M|100\/100\n|move|p2a: Dirge Nowitzki|Will-O-Wisp|p1a: Ceruledge|[miss]\n|-miss|p2a: Dirge Nowitzki|p1a: Ceruledge\n|\n|upkeep\n|turn|6\n|\n|t:|1700169498\n|switch|p1a: Enamorus|Enamorus, F|100\/100\n|move|p2a: Dirge Nowitzki|Hex|p1a: Enamorus\n|-damage|p1a: Enamorus|44\/100\n|\n|upkeep\n|turn|7\n|\n|t:|1700169504\n|move|p1a: Enamorus|Moonblast|p2a: Dirge Nowitzki\n|-damage|p2a: Dirge Nowitzki|49\/100 par\n|move|p2a: Dirge Nowitzki|Hex|p1a: Enamorus\n|-damage|p1a: Enamorus|0 fnt\n|faint|p1a: Enamorus\n|\n|-heal|p2a: Dirge Nowitzki|55\/100 par|[from] item: Leftovers\n|upkeep\n|\n|t:|1700169506\n|switch|p1a: Ogerpon|Ogerpon-Wellspring, F|100\/100\n|turn|8\n|\n|t:|1700169510\n|move|p1a: Ogerpon|Power Whip|p2a: Dirge Nowitzki\n|-supereffective|p2a: Dirge Nowitzki\n|-damage|p2a: Dirge Nowitzki|0 fnt\n|faint|p2a: Dirge Nowitzki\n|\n|upkeep\n|\n|t:|1700169526\n|switch|p2a: Meowy|Meowscarada, M|100\/100\n|-activate|p2a: Meowy|move: Sticky Web\n|-unboost|p2a: Meowy|spe|1\n|-damage|p2a: Meowy|88\/100|[from] Stealth Rock\n|turn|9\n|\n|t:|1700169535\n|move|p1a: Ogerpon|Swords Dance|p1a: Ogerpon\n|-boost|p1a: Ogerpon|atk|2\n|move|p2a: Meowy|Flower Trick|p1a: Ogerpon\n|-start|p2a: Meowy|typechange|Grass|[from] ability: Protean\n|-crit|p1a: Ogerpon\n|-damage|p1a: Ogerpon|0 fnt\n|faint|p1a: Ogerpon\n|\n|upkeep\n|\n|t:|1700169542\n|switch|p1a: Ceruledge|Ceruledge, M|100\/100\n|turn|10\n|\n|t:|1700169544\n|move|p1a: Ceruledge|Swords Dance|p1a: Ceruledge\n|-boost|p1a: Ceruledge|atk|2\n|move|p2a: Meowy|Flower Trick|p1a: Ceruledge\n|-resisted|p1a: Ceruledge\n|-crit|p1a: Ceruledge\n|-damage|p1a: Ceruledge|42\/100\n|-ability|p1a: Ceruledge|Weak Armor|boost\n|-unboost|p1a: Ceruledge|def|1\n|-boost|p1a: Ceruledge|spe|2\n|\n|upkeep\n|turn|11\n|\n|t:|1700169551\n|move|p1a: Ceruledge|Bitter Blade|p2a: Meowy\n|-supereffective|p2a: Meowy\n|-damage|p2a: Meowy|0 fnt\n|-heal|p1a: Ceruledge|95\/100|[from] drain|[of] p2a: Meowy\n|faint|p2a: Meowy\n|\n|upkeep\n|\n|t:|1700169561\n|switch|p2a: Average Tusk|Donphan, M|47\/100\n|turn|12\n|\n|t:|1700169567\n|move|p1a: Ceruledge|Bitter Blade|p2a: Average Tusk\n|-damage|p2a: Average Tusk|0 fnt\n|-heal|p1a: Ceruledge|100\/100|[from] drain|[of] p2a: Average Tusk\n|faint|p2a: Average Tusk\n|\n|upkeep\n|\n|t:|1700169571\n|switch|p2a: Froslass|Froslass, F|100\/100\n|-activate|p2a: Froslass|move: Sticky Web\n|-unboost|p2a: Froslass|spe|1\n|-damage|p2a: Froslass|76\/100|[from] Stealth Rock\n|turn|13\n|\n|t:|1700169577\n|move|p1a: Ceruledge|Shadow Sneak|p2a: Froslass\n|-supereffective|p2a: Froslass\n|-damage|p2a: Froslass|0 fnt\n|faint|p2a: Froslass\n|\n|upkeep\n|\n|t:|1700169599\n|switch|p2a: GOAT|Azelf|100\/100\n|-damage|p2a: GOAT|88\/100|[from] Stealth Rock\n|turn|14\n|\n|t:|1700169606\n|move|p1a: Ceruledge|Shadow Sneak|p2a: GOAT\n|-supereffective|p2a: GOAT\n|-damage|p2a: GOAT|0 fnt\n|faint|p2a: GOAT\n|\n|upkeep\n|\n|t:|1700169608\n|switch|p2a: Glowking Lite|Slowbro-Galar, F|100\/100\n|-activate|p2a: Glowking Lite|move: Sticky Web\n|-unboost|p2a: Glowking Lite|spe|1\n|-damage|p2a: Glowking Lite|88\/100|[from] Stealth Rock\n|turn|15\n|\n|t:|1700169613\n|move|p1a: Ceruledge|Bitter Blade|p2a: Glowking Lite\n|-damage|p2a: Glowking Lite|30\/100\n|move|p2a: Glowking Lite|Iron Defense|p2a: Glowking Lite\n|-boost|p2a: Glowking Lite|def|2\n|\n|-heal|p2a: Glowking Lite|36\/100|[from] item: Leftovers\n|upkeep\n|turn|16\n|\n|t:|1700169616\n|move|p1a: Ceruledge|Shadow Sneak|p2a: Glowking Lite\n|-supereffective|p2a: Glowking Lite\n|-damage|p2a: Glowking Lite|10\/100\n|move|p2a: Glowking Lite|Slack Off|p2a: Glowking Lite\n|-heal|p2a: Glowking Lite|60\/100\n|\n|-heal|p2a: Glowking Lite|66\/100|[from] item: Leftovers\n|upkeep\n|turn|17\n|\n|t:|1700169619\n|move|p1a: Ceruledge|Swords Dance|p1a: Ceruledge\n|-boost|p1a: Ceruledge|atk|2\n|move|p2a: Glowking Lite|Slack Off|p2a: Glowking Lite\n|-heal|p2a: Glowking Lite|100\/100\n|\n|upkeep\n|turn|18\n|\n|t:|1700169622\n|move|p1a: Ceruledge|Swords Dance|p1a: Ceruledge\n|-boost|p1a: Ceruledge|atk|2\n|move|p2a: Glowking Lite|Iron Defense|p2a: Glowking Lite\n|-boost|p2a: Glowking Lite|def|2\n|\n|upkeep\n|turn|19\n|\n|t:|1700169627\n|move|p1a: Ceruledge|Shadow Sneak|p2a: Glowking Lite\n|-supereffective|p2a: Glowking Lite\n|-damage|p2a: Glowking Lite|63\/100\n|move|p2a: Glowking Lite|Iron Defense|p2a: Glowking Lite\n|-boost|p2a: Glowking Lite|def|2\n|\n|-heal|p2a: Glowking Lite|70\/100|[from] item: Leftovers\n|upkeep\n|turn|20\n|\n|t:|1700169632\n|move|p1a: Ceruledge|Shadow Sneak|p2a: Glowking Lite\n|-supereffective|p2a: Glowking Lite\n|-damage|p2a: Glowking Lite|45\/100\n|move|p2a: Glowking Lite|Calm Mind|p2a: Glowking Lite\n|-boost|p2a: Glowking Lite|spa|1\n|-boost|p2a: Glowking Lite|spd|1\n|\n|-heal|p2a: Glowking Lite|51\/100|[from] item: Leftovers\n|upkeep\n|turn|21\n|\n|t:|1700169635\n|move|p1a: Ceruledge|Shadow Sneak|p2a: Glowking Lite\n|-supereffective|p2a: Glowking Lite\n|-damage|p2a: Glowking Lite|26\/100\n|move|p2a: Glowking Lite|Slack Off|p2a: Glowking Lite\n|-heal|p2a: Glowking Lite|76\/100\n|\n|-heal|p2a: Glowking Lite|82\/100|[from] item: Leftovers\n|upkeep\n|turn|22\n|\n|t:|1700169636\n|move|p1a: Ceruledge|Shadow Sneak|p2a: Glowking Lite\n|-supereffective|p2a: Glowking Lite\n|-damage|p2a: Glowking Lite|55\/100\n|move|p2a: Glowking Lite|Stored Power|p1a: Ceruledge\n|-enditem|p1a: Ceruledge|Focus Sash\n|-damage|p1a: Ceruledge|1\/100\n|\n|-heal|p2a: Glowking Lite|61\/100|[from] item: Leftovers\n|upkeep\n|turn|23\n|\n|t:|1700169642\n|move|p1a: Ceruledge|Shadow Sneak|p2a: Glowking Lite\n|-supereffective|p2a: Glowking Lite\n|-damage|p2a: Glowking Lite|36\/100\n|move|p2a: Glowking Lite|Stored Power|p1a: Ceruledge\n|-damage|p1a: Ceruledge|0 fnt\n|faint|p1a: Ceruledge\n|\n|-heal|p2a: Glowking Lite|42\/100|[from] item: Leftovers\n|upkeep\n|\n|t:|1700169646\n|switch|p1a: Great Tusk|Great Tusk|100\/100\n|turn|24\n|\n|t:|1700169651\n|move|p1a: Great Tusk|Earthquake|p2a: Glowking Lite\n|-supereffective|p2a: Glowking Lite\n|-damage|p2a: Glowking Lite|27\/100\n|move|p2a: Glowking Lite|Slack Off|p2a: Glowking Lite\n|-heal|p2a: Glowking Lite|77\/100\n|\n|-heal|p2a: Glowking Lite|83\/100|[from] item: Leftovers\n|upkeep\n|turn|25\n|\n|t:|1700169658\n|move|p1a: Great Tusk|Earthquake|p2a: Glowking Lite\n|-supereffective|p2a: Glowking Lite\n|-damage|p2a: Glowking Lite|69\/100\n|move|p2a: Glowking Lite|Stored Power|p1a: Great Tusk\n|-supereffective|p1a: Great Tusk\n|-damage|p1a: Great Tusk|0 fnt\n|faint|p1a: Great Tusk\n|-end|p1a: Great Tusk|Protosynthesis|[silent]\n|\n|-heal|p2a: Glowking Lite|75\/100|[from] item: Leftovers\n|upkeep\n|\n|t:|1700169659\n|switch|p1a: Dragonite|Dragonite, M|100\/100\n|turn|26\n|\n|t:|1700169661\n|move|p1a: Dragonite|Earthquake|p2a: Glowking Lite\n|-supereffective|p2a: Glowking Lite\n|-damage|p2a: Glowking Lite|62\/100\n|move|p2a: Glowking Lite|Stored Power|p1a: Dragonite\n|-damage|p1a: Dragonite|57\/100\n|\n|-heal|p2a: Glowking Lite|68\/100|[from] item: Leftovers\n|upkeep\n|turn|27\n|\n|t:|1700169664\n|move|p1a: Dragonite|Earthquake|p2a: Glowking Lite\n|-supereffective|p2a: Glowking Lite\n|-damage|p2a: Glowking Lite|55\/100\n|move|p2a: Glowking Lite|Stored Power|p1a: Dragonite\n|-damage|p1a: Dragonite|0 fnt\n|faint|p1a: Dragonite\n|\n|win|dracul gras\n|raw|Le poke fever's rating: 1259 &rarr; <strong>1236<\/strong><br \/>(-23 for losing)\n|raw|dracul gras's rating: 1292 &rarr; <strong>1315<\/strong><br \/>(+23 for winning)\n|l|\u2606Le poke fever\n","uploadtime":1700169673,"views":8,"p1id":"lepokefever","p2id":"draculgras","formatid":"gen9ou","rating":1236,"private":0,"password":""}