{"id":"gen9ou-1993439282","p1":"819u50y18b5","p2":"OUVT TOSHI","format":"[Gen 9] OU","log":"|j|\u2606819u50y18b5\n|j|\u2606OUVT TOSHI\n|t:|1700318059\n|gametype|singles\n|player|p1|819u50y18b5|265|1686\n|player|p2|OUVT TOSHI|palmer|1824\n|teamsize|p1|6\n|teamsize|p2|6\n|gen|9\n|tier|[Gen 9] OU\n|rated|\n|rule|Sleep Clause Mod: Limit one foe put to sleep\n|rule|Species Clause: Limit one of each Pok\u00e9mon\n|rule|OHKO Clause: OHKO moves are banned\n|rule|Evasion Items Clause: Evasion items are banned\n|rule|Evasion Moves Clause: Evasion moves are banned\n|rule|Endless Battle Clause: Forcing endless battles is banned\n|rule|HP Percentage Mod: HP is shown in percentages\n|clearpoke\n|poke|p1|Torkoal, M|\n|poke|p1|Ceruledge, F|\n|poke|p1|Walking Wake|\n|poke|p1|Great Tusk|\n|poke|p1|Iron Moth|\n|poke|p1|Kingambit, F|\n|poke|p2|Ogerpon-Wellspring, F|\n|poke|p2|Zamazenta-*|\n|poke|p2|Ting-Lu|\n|poke|p2|Iron Moth|\n|poke|p2|Zapdos|\n|poke|p2|Ursaluna, F|\n|teampreview\n|inactive|Battle timer is ON: inactive players will automatically lose when time's up. (requested by 819u50y18b5)\n|\n|t:|1700318072\n|start\n|switch|p1a: Walking Wake|Walking Wake|100\/100\n|switch|p2a: Ogerpon|Ogerpon-Wellspring, F|100\/100\n|turn|1\n|\n|t:|1700318088\n|-terastallize|p2a: Ogerpon|Water\n|detailschange|p2a: Ogerpon|Ogerpon-Wellspring-Tera, F, tera:Water\n|-ability|p2a: Ogerpon|Embody Aspect (Wellspring)|boost\n|-boost|p2a: Ogerpon|spd|1\n|move|p2a: Ogerpon|Swords Dance|p2a: Ogerpon\n|-boost|p2a: Ogerpon|atk|2\n|move|p1a: Walking Wake|Draco Meteor|p2a: Ogerpon\n|-damage|p2a: Ogerpon|18\/100\n|-unboost|p1a: Walking Wake|spa|2\n|\n|upkeep\n|turn|2\n|\n|t:|1700318118\n|-end|p1a: Walking Wake|Protosynthesis|[silent]\n|switch|p1a: Polilla de Hierro|Iron Moth|100\/100\n|-enditem|p1a: Polilla de Hierro|Booster Energy\n|-activate|p1a: Polilla de Hierro|ability: Quark Drive|[fromitem]\n|-start|p1a: Polilla de Hierro|quarkdrivespe\n|move|p2a: Ogerpon|Horn Leech|p1a: Polilla de Hierro\n|-resisted|p1a: Polilla de Hierro\n|-damage|p1a: Polilla de Hierro|69\/100\n|-heal|p2a: Ogerpon|34\/100|[from] drain|[of] p1a: Polilla de Hierro\n|\n|upkeep\n|turn|3\n|\n|t:|1700318129\n|switch|p2a: Ting-Lu|Ting-Lu|100\/100\n|-ability|p2a: Ting-Lu|Vessel of Ruin\n|move|p1a: Polilla de Hierro|Sludge Wave|p2a: Ting-Lu\n|-resisted|p2a: Ting-Lu\n|-damage|p2a: Ting-Lu|90\/100\n|\n|-heal|p2a: Ting-Lu|96\/100|[from] item: Leftovers\n|upkeep\n|turn|4\n|\n|t:|1700318139\n|-end|p1a: Polilla de Hierro|Quark Drive|[silent]\n|switch|p1a: Dumbo|Great Tusk|100\/100\n|move|p2a: Ting-Lu|Stealth Rock|p1a: Dumbo\n|-sidestart|p1: 819u50y18b5|move: Stealth Rock\n|\n|-heal|p2a: Ting-Lu|100\/100|[from] item: Leftovers\n|upkeep\n|turn|5\n|\n|t:|1700318146\n|switch|p2a: Zapdos|Zapdos|100\/100\n|move|p1a: Dumbo|Ice Spinner|p2a: Zapdos\n|-supereffective|p2a: Zapdos\n|-damage|p2a: Zapdos|41\/100\n|\n|upkeep\n|turn|6\n|\n|t:|1700318154\n|move|p2a: Zapdos|Hurricane|p1a: Dumbo\n|-supereffective|p1a: Dumbo\n|-damage|p1a: Dumbo|0 fnt\n|faint|p1a: Dumbo\n|-end|p1a: Dumbo|Protosynthesis|[silent]\n|\n|upkeep\n|\n|t:|1700318163\n|switch|p1a: Walking Wake|Walking Wake|100\/100\n|-damage|p1a: Walking Wake|88\/100|[from] Stealth Rock\n|turn|7\n|\n|t:|1700318177\n|move|p1a: Walking Wake|Draco Meteor|p2a: Zapdos\n|-damage|p2a: Zapdos|0 fnt\n|-unboost|p1a: Walking Wake|spa|2\n|faint|p2a: Zapdos\n|\n|upkeep\n|\n|t:|1700318187\n|switch|p2a: Ogerpon|Ogerpon-Wellspring-Tera, F, tera:Water|34\/100\n|-ability|p2a: Ogerpon|Embody Aspect (Wellspring)|boost\n|-boost|p2a: Ogerpon|spd|1\n|turn|8\n|\n|t:|1700318196\n|-end|p1a: Walking Wake|Protosynthesis|[silent]\n|switch|p1a: Torkoal|Torkoal, M|100\/100\n|-damage|p1a: Torkoal|76\/100|[from] Stealth Rock\n|-weather|SunnyDay|[from] ability: Drought|[of] p1a: Torkoal\n|move|p2a: Ogerpon|Horn Leech|p1a: Torkoal\n|-resisted|p1a: Torkoal\n|-damage|p1a: Torkoal|61\/100\n|-heal|p2a: Ogerpon|42\/100|[from] drain|[of] p1a: Torkoal\n|\n|-weather|SunnyDay|[upkeep]\n|upkeep\n|turn|9\n|\n|t:|1700318207\n|switch|p2a: Ting-Lu|Ting-Lu|100\/100\n|-ability|p2a: Ting-Lu|Vessel of Ruin\n|move|p1a: Torkoal|Yawn|p2a: Ting-Lu\n|-start|p2a: Ting-Lu|move: Yawn|[of] p1a: Torkoal\n|\n|-weather|SunnyDay|[upkeep]\n|upkeep\n|turn|10\n|\n|t:|1700318212\n|switch|p2a: Ursaluna|Ursaluna, F|100\/100\n|move|p1a: Torkoal|Rapid Spin|p2a: Ursaluna\n|-damage|p2a: Ursaluna|94\/100\n|-boost|p1a: Torkoal|spe|1\n|-sideend|p1: 819u50y18b5|Stealth Rock|[from] move: Rapid Spin|[of] p1a: Torkoal\n|\n|-weather|SunnyDay|[upkeep]\n|-status|p2a: Ursaluna|brn|[from] item: Flame Orb\n|upkeep\n|turn|11\n|\n|t:|1700318225\n|move|p2a: Ursaluna|Headlong Rush|p1a: Torkoal\n|-supereffective|p1a: Torkoal\n|-damage|p1a: Torkoal|0 fnt\n|-unboost|p2a: Ursaluna|def|1\n|-unboost|p2a: Ursaluna|spd|1\n|faint|p1a: Torkoal\n|\n|-weather|SunnyDay|[upkeep]\n|-damage|p2a: Ursaluna|88\/100 brn|[from] brn\n|upkeep\n|\n|t:|1700318238\n|switch|p1a: Ceruledge|Ceruledge, F|100\/100\n|turn|12\n|\n|t:|1700318256\n|switch|p2a: Ting-Lu|Ting-Lu|100\/100\n|-ability|p2a: Ting-Lu|Vessel of Ruin\n|move|p1a: Ceruledge|Swords Dance|p1a: Ceruledge\n|-boost|p1a: Ceruledge|atk|2\n|\n|-weather|SunnyDay|[upkeep]\n|upkeep\n|turn|13\n|\n|t:|1700318272\n|move|p1a: Ceruledge|Swords Dance|p1a: Ceruledge\n|-boost|p1a: Ceruledge|atk|2\n|move|p2a: Ting-Lu|Whirlwind|p1a: Ceruledge\n|drag|p1a: Polilla de Hierro|Iron Moth|69\/100\n|\n|-weather|SunnyDay|[upkeep]\n|upkeep\n|turn|14\n|\n|t:|1700318280\n|move|p1a: Polilla de Hierro|Fiery Dance|p2a: Ting-Lu\n|-damage|p2a: Ting-Lu|76\/100\n|-boost|p1a: Polilla de Hierro|spa|1\n|move|p2a: Ting-Lu|Earthquake|p1a: Polilla de Hierro\n|-supereffective|p1a: Polilla de Hierro\n|-damage|p1a: Polilla de Hierro|0 fnt\n|faint|p1a: Polilla de Hierro\n|-end|p1a: Polilla de Hierro|Quark Drive|[silent]\n|\n|-weather|SunnyDay|[upkeep]\n|-heal|p2a: Ting-Lu|83\/100|[from] item: Leftovers\n|upkeep\n|\n|t:|1700318287\n|switch|p1a: Walking Wake|Walking Wake|88\/100\n|-activate|p1a: Walking Wake|ability: Protosynthesis\n|-start|p1a: Walking Wake|protosynthesisspe\n|turn|15\n|\n|t:|1700318296\n|switch|p2a: Ogerpon|Ogerpon-Wellspring-Tera, F, tera:Water|42\/100\n|-ability|p2a: Ogerpon|Embody Aspect (Wellspring)|boost\n|-boost|p2a: Ogerpon|spd|1\n|move|p1a: Walking Wake|Hydro Steam|p2a: Ogerpon\n|-resisted|p2a: Ogerpon\n|-damage|p2a: Ogerpon|9\/100\n|\n|-weather|none\n|-end|p1a: Walking Wake|Protosynthesis\n|upkeep\n|turn|16\n|\n|t:|1700318307\n|-end|p1a: Walking Wake|Protosynthesis|[silent]\n|switch|p1a: Ceruledge|Ceruledge, F|100\/100\n|move|p2a: Ogerpon|Horn Leech|p1a: Ceruledge\n|-resisted|p1a: Ceruledge\n|-damage|p1a: Ceruledge|75\/100\n|-heal|p2a: Ogerpon|24\/100|[from] drain|[of] p1a: Ceruledge\n|-ability|p1a: Ceruledge|Weak Armor|boost\n|-unboost|p1a: Ceruledge|def|1\n|-boost|p1a: Ceruledge|spe|2\n|\n|upkeep\n|turn|17\n|\n|t:|1700318314\n|move|p1a: Ceruledge|Poltergeist|p2a: Ogerpon|[miss]\n|-miss|p1a: Ceruledge|p2a: Ogerpon\n|move|p2a: Ogerpon|Ivy Cudgel|p1a: Ceruledge|[anim] Ivy Cudgel Water\n|-supereffective|p1a: Ceruledge\n|-damage|p1a: Ceruledge|0 fnt\n|faint|p1a: Ceruledge\n|\n|upkeep\n|-message|819u50y18b5 forfeited.\n|\n|win|OUVT TOSHI\n|raw|819u50y18b5's rating: 1686 &rarr; <strong>1674<\/strong><br \/>(-12 for losing)\n|raw|OUVT TOSHI's rating: 1824 &rarr; <strong>1836<\/strong><br \/>(+12 for winning)\n|l|\u2606819u50y18b5\n","uploadtime":1700318327,"views":9,"p1id":"819u50y18b5","p2id":"ouvttoshi","formatid":"gen9ou","rating":1674,"private":0,"password":""}