{"id":"gen9ou-1993645134","p1":"Rhinokidder101","p2":"bookwormboi","format":"[Gen 9] OU","log":"|j|\u2606Rhinokidder101\n|j|\u2606bookwormboi\n|inactive|Battle timer is ON: inactive players will automatically lose when time's up.\n|t:|1700340996\n|gametype|singles\n|player|p1|Rhinokidder101|ghetsis|\n|player|p2|bookwormboi|red|\n|teamsize|p1|4\n|teamsize|p2|4\n|gen|9\n|tier|[Gen 9] OU\n|rated|Tournament battle\n|rule|Sleep Clause Mod: Limit one foe put to sleep\n|rule|Species Clause: Limit one of each Pok\u00e9mon\n|rule|OHKO Clause: OHKO moves are banned\n|rule|Evasion Items Clause: Evasion items are banned\n|rule|Evasion Moves Clause: Evasion moves are banned\n|rule|Endless Battle Clause: Forcing endless battles is banned\n|rule|HP Percentage Mod: HP is shown in percentages\n|clearpoke\n|poke|p1|Drednaw, F|\n|poke|p1|Drifblim, M|\n|poke|p1|Thwackey, F|\n|poke|p1|Tinkatuff, F|\n|poke|p2|Tarountula, M|\n|poke|p2|Wyrdeer, M|\n|poke|p2|Fletchinder, M|\n|poke|p2|Barraskewda, F|\n|teampreview\n|j|*Lady Monita \u2746\n|c|\u2606bookwormboi|glhf\n|j| Dddddsf\n|j| Yuri134\n|l| Dddddsf\n|\n|t:|1700341025\n|start\n|switch|p1a: Tinkatuff|Tinkatuff, F|100\/100\n|switch|p2a: Tarountula|Tarountula, M|100\/100\n|-ability|p1a: Tinkatuff|Mold Breaker\n|turn|1\n|c|\u2606Rhinokidder101|glhf\n|\n|t:|1700341034\n|move|p1a: Tinkatuff|Stealth Rock|p2a: Tarountula\n|-sidestart|p2: bookwormboi|move: Stealth Rock\n|move|p2a: Tarountula|Sticky Web|p1a: Tinkatuff\n|-sidestart|p1: Rhinokidder101|move: Sticky Web\n|\n|upkeep\n|turn|2\n|\n|t:|1700341039\n|move|p1a: Tinkatuff|Encore|p2a: Tarountula\n|-start|p2a: Tarountula|Encore\n|move|p2a: Tarountula|Sticky Web||[still]\n|-fail|p2a: Tarountula\n|\n|upkeep\n|turn|3\n|\n|t:|1700341047\n|switch|p2a: Fletchinder|Fletchinder, M|100\/100\n|-damage|p2a: Fletchinder|51\/100|[from] Stealth Rock\n|move|p1a: Tinkatuff|Knock Off|p2a: Fletchinder\n|-damage|p2a: Fletchinder|21\/100\n|-enditem|p2a: Fletchinder|Sharp Beak|[from] move: Knock Off|[of] p1a: Tinkatuff\n|\n|upkeep\n|turn|4\n|\n|t:|1700341062\n|move|p2a: Fletchinder|Flare Blitz|p1a: Tinkatuff\n|-supereffective|p1a: Tinkatuff\n|-damage|p1a: Tinkatuff|42\/100\n|-damage|p2a: Fletchinder|0 fnt|[from] Recoil\n|faint|p2a: Fletchinder\n|move|p1a: Tinkatuff|Play Rough|p2: Fletchinder|[notarget]\n|-fail|p1a: Tinkatuff\n|\n|upkeep\n|\n|t:|1700341092\n|switch|p2a: Barraskewda|Barraskewda, F|100\/100\n|-damage|p2a: Barraskewda|88\/100|[from] Stealth Rock\n|turn|5\n|\n|t:|1700341099\n|move|p2a: Barraskewda|Drill Run|p1a: Tinkatuff\n|-supereffective|p1a: Tinkatuff\n|-damage|p1a: Tinkatuff|0 fnt\n|faint|p1a: Tinkatuff\n|-damage|p2a: Barraskewda|78\/100|[from] item: Life Orb\n|\n|upkeep\n|\n|t:|1700341102\n|switch|p1a: Thwackey|Thwackey, F|100\/100\n|-activate|p1a: Thwackey|move: Sticky Web\n|-unboost|p1a: Thwackey|spe|1\n|-fieldstart|move: Grassy Terrain|[from] ability: Grassy Surge|[of] p1a: Thwackey\n|turn|6\n|\n|t:|1700341108\n|switch|p2a: Tarountula|Tarountula, M|100\/100\n|-damage|p2a: Tarountula|76\/100|[from] Stealth Rock\n|move|p1a: Thwackey|Knock Off|p2a: Tarountula\n|-damage|p2a: Tarountula|22\/100\n|-enditem|p2a: Tarountula|Focus Sash|[from] move: Knock Off|[of] p1a: Thwackey\n|\n|-heal|p2a: Tarountula|28\/100|[from] Grassy Terrain\n|upkeep\n|turn|7\n|\n|t:|1700341120\n|move|p1a: Thwackey|Knock Off|p2a: Tarountula\n|-damage|p2a: Tarountula|0 fnt\n|faint|p2a: Tarountula\n|\n|upkeep\n|\n|t:|1700341123\n|switch|p2a: Wyrdeer|Wyrdeer, M|100\/100\n|-damage|p2a: Wyrdeer|88\/100|[from] Stealth Rock\n|turn|8\n|j| Oscarx90\n|\n|t:|1700341138\n|move|p2a: Wyrdeer|Psychic|p1a: Thwackey\n|-damage|p1a: Thwackey|20\/100\n|move|p1a: Thwackey|Knock Off|p2a: Wyrdeer\n|-supereffective|p2a: Wyrdeer\n|-damage|p2a: Wyrdeer|0 fnt\n|-enditem|p2a: Wyrdeer|Choice Scarf|[from] move: Knock Off|[of] p1a: Thwackey\n|faint|p2a: Wyrdeer\n|\n|-heal|p1a: Thwackey|26\/100|[from] Grassy Terrain\n|upkeep\n|\n|t:|1700341145\n|switch|p2a: Barraskewda|Barraskewda, F|78\/100\n|-damage|p2a: Barraskewda|66\/100|[from] Stealth Rock\n|turn|9\n|\n|t:|1700341151\n|move|p2a: Barraskewda|Close Combat|p1a: Thwackey\n|-damage|p1a: Thwackey|0 fnt\n|-unboost|p2a: Barraskewda|def|1\n|-unboost|p2a: Barraskewda|spd|1\n|faint|p1a: Thwackey\n|-damage|p2a: Barraskewda|56\/100|[from] item: Life Orb\n|\n|-heal|p2a: Barraskewda|62\/100|[from] Grassy Terrain\n|upkeep\n|\n|t:|1700341157\n|switch|p1a: Drifblim|Drifblim, M|100\/100\n|-enditem|p1a: Drifblim|Grassy Seed\n|-boost|p1a: Drifblim|def|1|[from] item: Grassy Seed\n|turn|10\n|c|\u2606bookwormboi|gg\n|c|\u2606Rhinokidder101|gg\n|\n|t:|1700341166\n|move|p1a: Drifblim|Acrobatics|p2a: Barraskewda\n|-damage|p2a: Barraskewda|0 fnt\n|faint|p2a: Barraskewda\n|\n|win|Rhinokidder101\n|n|\u2606Rhinokidder101|rhinokidder101\n|n|\u2606bookwormboi|bookwormboi\n|n|*Lady Monita \u2746|ladymonita\n|n| Yuri134|yuri134\n|n| Oscarx90|oscarx90\n","uploadtime":1700341167,"views":8,"p1id":"rhinokidder101","p2id":"bookwormboi","formatid":"gen9ou","rating":0,"private":0,"password":""}