{"id":"gen9ou-1991064221","p1":"fresh yes","p2":"Firegamer112a","format":"[Gen 9] OU","log":"|j|\u2606fresh yes\n|j|\u2606Firegamer112a\n|t:|1700037086\n|gametype|singles\n|player|p1|fresh yes|shauntal|1247\n|player|p2|Firegamer112a|grimsley|1353\n|teamsize|p1|6\n|teamsize|p2|6\n|gen|9\n|tier|[Gen 9] OU\n|rated|\n|rule|Sleep Clause Mod: Limit one foe put to sleep\n|rule|Species Clause: Limit one of each Pok\u00e9mon\n|rule|OHKO Clause: OHKO moves are banned\n|rule|Evasion Items Clause: Evasion items are banned\n|rule|Evasion Moves Clause: Evasion moves are banned\n|rule|Endless Battle Clause: Forcing endless battles is banned\n|rule|HP Percentage Mod: HP is shown in percentages\n|clearpoke\n|poke|p1|Indeedee-F, F|\n|poke|p1|Sneasler, F|\n|poke|p1|Goodra, F|\n|poke|p1|Iron Hands|\n|poke|p1|Armarouge, M|\n|poke|p1|Garchomp, M|\n|poke|p2|Cinderace, M|\n|poke|p2|Zapdos|\n|poke|p2|Ogerpon-Wellspring, F|\n|poke|p2|Slowking-Galar, F|\n|poke|p2|Ting-Lu|\n|poke|p2|Hydreigon, M|\n|teampreview\n|inactive|Battle timer is ON: inactive players will automatically lose when time's up. (requested by fresh yes)\n|\n|t:|1700037097\n|start\n|switch|p1a: za hando|Iron Hands|100\/100\n|switch|p2a: Ting-Lu|Ting-Lu|100\/100\n|-ability|p2a: Ting-Lu|Vessel of Ruin\n|turn|1\n|\n|t:|1700037109\n|switch|p2a: Slowking|Slowking-Galar, F|100\/100\n|move|p1a: za hando|Swords Dance|p1a: za hando\n|-boost|p1a: za hando|atk|2\n|\n|upkeep\n|turn|2\n|\n|t:|1700037118\n|move|p2a: Slowking|Future Sight|p1a: za hando\n|-start|p2a: Slowking|move: Future Sight\n|move|p1a: za hando|Wild Charge|p2a: Slowking\n|-damage|p2a: Slowking|16\/100\n|-damage|p1a: za hando|82\/100|[from] Recoil\n|-heal|p1a: za hando|91\/100|[from] item: Shell Bell|[of] p2a: Slowking\n|\n|upkeep\n|turn|3\n|\n|t:|1700037127\n|switch|p2a: Ting-Lu|Ting-Lu|100\/100\n|-ability|p2a: Ting-Lu|Vessel of Ruin\n|move|p1a: za hando|Drain Punch|p2a: Ting-Lu\n|-supereffective|p2a: Ting-Lu\n|-damage|p2a: Ting-Lu|0 fnt\n|-heal|p1a: za hando|100\/100|[from] drain|[of] p2a: Ting-Lu\n|faint|p2a: Ting-Lu\n|\n|upkeep\n|\n|t:|1700037138\n|switch|p2a: Zapdos|Zapdos|100\/100\n|turn|4\n|\n|t:|1700037153\n|move|p2a: Zapdos|Hurricane|p1a: za hando\n|-damage|p1a: za hando|66\/100\n|move|p1a: za hando|Ice Punch|p2a: Zapdos\n|-supereffective|p2a: Zapdos\n|-damage|p2a: Zapdos|0 fnt\n|faint|p2a: Zapdos\n|-heal|p1a: za hando|77\/100|[from] item: Shell Bell|[of] p2: Zapdos\n|\n|-end|p1a: za hando|move: Future Sight\n|-supereffective|p1a: za hando\n|-damage|p1a: za hando|5\/100\n|upkeep\n|\n|t:|1700037163\n|switch|p2a: Ogerpon|Ogerpon-Wellspring, F|100\/100\n|turn|5\n|\n|t:|1700037167\n|move|p2a: Ogerpon|Knock Off|p1a: za hando\n|-resisted|p1a: za hando\n|-damage|p1a: za hando|0 fnt\n|-enditem|p1a: za hando|Shell Bell|[from] move: Knock Off|[of] p2a: Ogerpon\n|faint|p1a: za hando\n|-end|p1a: za hando|Quark Drive|[silent]\n|\n|upkeep\n|\n|t:|1700037176\n|switch|p1a: slime|Goodra, F|100\/100\n|turn|6\n|\n|t:|1700037185\n|move|p2a: Ogerpon|Knock Off|p1a: slime\n|-damage|p1a: slime|52\/100\n|-ability|p1a: slime|Gooey\n|-unboost|p2a: Ogerpon|spe|1\n|-enditem|p1a: slime|Leftovers|[from] move: Knock Off|[of] p2a: Ogerpon\n|move|p1a: slime|Acid Armor|p1a: slime\n|-boost|p1a: slime|def|2\n|\n|upkeep\n|turn|7\n|\n|t:|1700037193\n|move|p2a: Ogerpon|Encore|p1a: slime\n|-start|p1a: slime|Encore\n|move|p1a: slime|Acid Armor|p1a: slime\n|-boost|p1a: slime|def|2\n|\n|upkeep\n|turn|8\n|\n|t:|1700037201\n|switch|p2a: Slowking|Slowking-Galar, F|50\/100\n|switch|p1a: Chomps|Garchomp, M, shiny|100\/100\n|\n|upkeep\n|turn|9\n|\n|t:|1700037212\n|move|p1a: Chomps|Outrage|p2a: Slowking\n|-damage|p2a: Slowking|0 fnt\n|faint|p2a: Slowking\n|\n|upkeep\n|\n|t:|1700037224\n|switch|p2a: Cinderace|Cinderace, M|100\/100\n|turn|10\n|\n|t:|1700037227\n|move|p2a: Cinderace|Will-O-Wisp|p1a: Chomps\n|-status|p1a: Chomps|brn\n|move|p1a: Chomps|Outrage|p2a: Cinderace|[from]lockedmove\n|-damage|p2a: Cinderace|49\/100\n|\n|-damage|p1a: Chomps|94\/100 brn|[from] brn\n|upkeep\n|turn|11\n|\n|t:|1700037231\n|move|p2a: Cinderace|U-turn|p1a: Chomps\n|-damage|p1a: Chomps|75\/100 brn\n|-damage|p2a: Cinderace|36\/100|[from] ability: Rough Skin|[of] p1a: Chomps\n|\n|t:|1700037233\n|switch|p2a: Ogerpon|Ogerpon-Wellspring, F|100\/100|[from] U-turn\n|move|p1a: Chomps|Outrage|p2a: Ogerpon|[from]lockedmove\n|-damage|p2a: Ogerpon|36\/100\n|-start|p1a: Chomps|confusion|[fatigue]\n|\n|-damage|p1a: Chomps|68\/100 brn|[from] brn\n|upkeep\n|turn|12\n|\n|t:|1700037238\n|move|p2a: Ogerpon|Ivy Cudgel|p1a: Chomps|[anim] Ivy Cudgel Water\n|-damage|p1a: Chomps|9\/100 brn\n|-activate|p1a: Chomps|confusion\n|move|p1a: Chomps|Outrage|p2a: Ogerpon\n|-damage|p2a: Ogerpon|0 fnt\n|faint|p2a: Ogerpon\n|\n|-damage|p1a: Chomps|3\/100 brn|[from] brn\n|upkeep\n|\n|t:|1700037245\n|switch|p2a: Hydreigon|Hydreigon, M|100\/100\n|turn|13\n|\n|t:|1700037249\n|-terastallize|p2a: Hydreigon|Fire\n|-activate|p1a: Chomps|confusion\n|-damage|p1a: Chomps|0 fnt|[from] confusion\n|faint|p1a: Chomps\n|move|p2a: Hydreigon|Dragon Dance|p2a: Hydreigon\n|-boost|p2a: Hydreigon|atk|1\n|-boost|p2a: Hydreigon|spe|1\n|\n|upkeep\n|\n|t:|1700037256\n|switch|p1a: priorities|Indeedee-F, F|100\/100\n|-fieldstart|move: Psychic Terrain|[from] ability: Psychic Surge|[of] p1a: priorities\n|turn|14\n|\n|t:|1700037267\n|move|p2a: Hydreigon|Dragon Dance|p2a: Hydreigon\n|-boost|p2a: Hydreigon|atk|1\n|-boost|p2a: Hydreigon|spe|1\n|move|p1a: priorities|Trick Room|p1a: priorities\n|-fieldstart|move: Trick Room|[of] p1a: priorities\n|\n|upkeep\n|turn|15\n|\n|t:|1700037277\n|move|p1a: priorities|Psychic|p2a: Hydreigon\n|-damage|p2a: Hydreigon|41\/100\n|move|p2a: Hydreigon|Outrage|p1a: priorities\n|-damage|p1a: priorities|0 fnt\n|faint|p1a: priorities\n|\n|-heal|p2a: Hydreigon|47\/100|[from] item: Leftovers\n|upkeep\n|\n|t:|1700037286\n|switch|p1a: cannon|Armarouge, M|100\/100\n|turn|16\n|\n|t:|1700037290\n|move|p1a: cannon|Expanding Force|p2a: Hydreigon\n|-damage|p2a: Hydreigon|0 fnt\n|faint|p2a: Hydreigon\n|\n|upkeep\n|\n|t:|1700037292\n|switch|p2a: Cinderace|Cinderace, M|36\/100\n|turn|17\n|-message|Firegamer112a forfeited.\n|\n|win|fresh yes\n|raw|fresh yes's rating: 1247 &rarr; <strong>1279<\/strong><br \/>(+32 for winning)\n|raw|Firegamer112a's rating: 1353 &rarr; <strong>1327<\/strong><br \/>(-26 for losing)\n|l|\u2606Firegamer112a\n","uploadtime":1700037299,"views":9,"p1id":"freshyes","p2id":"firegamer112a","formatid":"gen9ou","rating":1279,"private":0,"password":""}