{"id":"gen9ou-1994029515","p1":"Bj007","p2":"armando estasilla","format":"[Gen 9] OU","log":"|j|\u2606Bj007\n|j|\u2606armando estasilla\n|t:|1700396477\n|gametype|singles\n|player|p1|Bj007|nate|1211\n|player|p2|armando estasilla|backpacker|1239\n|teamsize|p1|6\n|teamsize|p2|6\n|gen|9\n|tier|[Gen 9] OU\n|rated|\n|rule|Sleep Clause Mod: Limit one foe put to sleep\n|rule|Species Clause: Limit one of each Pok\u00e9mon\n|rule|OHKO Clause: OHKO moves are banned\n|rule|Evasion Items Clause: Evasion items are banned\n|rule|Evasion Moves Clause: Evasion moves are banned\n|rule|Endless Battle Clause: Forcing endless battles is banned\n|rule|HP Percentage Mod: HP is shown in percentages\n|clearpoke\n|poke|p1|Kingambit, M|\n|poke|p1|Iron Valiant|\n|poke|p1|Rillaboom, M|\n|poke|p1|Cinderace, M|\n|poke|p1|Great Tusk|\n|poke|p1|Zapdos|\n|poke|p2|Great Tusk|\n|poke|p2|Hatterene, F|\n|poke|p2|Heatran, M|\n|poke|p2|Dragapult, M|\n|poke|p2|Ogerpon-Wellspring, F|\n|poke|p2|Kommo-o, M|\n|teampreview\n|inactive|Battle timer is ON: inactive players will automatically lose when time's up. (requested by armando estasilla)\n|\n|t:|1700396501\n|start\n|switch|p1a: Zapdos|Zapdos|100\/100\n|switch|p2a: Great Tusk|Great Tusk|100\/100\n|turn|1\n|\n|t:|1700396507\n|move|p1a: Zapdos|Hurricane|p2a: Great Tusk\n|-supereffective|p2a: Great Tusk\n|-damage|p2a: Great Tusk|0 fnt\n|faint|p2a: Great Tusk\n|-end|p2a: Great Tusk|Protosynthesis|[silent]\n|\n|upkeep\n|\n|t:|1700396518\n|switch|p2a: Dragapult|Dragapult, M, shiny|100\/100\n|turn|2\n|c|\u2606Bj007|My luck\n|\n|t:|1700396524\n|move|p2a: Dragapult|Draco Meteor|p1a: Zapdos\n|-damage|p1a: Zapdos|0 fnt\n|-unboost|p2a: Dragapult|spa|2\n|faint|p1a: Zapdos\n|\n|upkeep\n|\n|t:|1700396535\n|switch|p1a: Iron Valiant|Iron Valiant|100\/100\n|-enditem|p1a: Iron Valiant|Booster Energy\n|-activate|p1a: Iron Valiant|ability: Quark Drive|[fromitem]\n|-start|p1a: Iron Valiant|quarkdrivespe\n|turn|3\n|\n|t:|1700396545\n|switch|p2a: Hatterene|Hatterene, F|100\/100\n|move|p1a: Iron Valiant|Calm Mind|p1a: Iron Valiant\n|-boost|p1a: Iron Valiant|spa|1\n|-boost|p1a: Iron Valiant|spd|1\n|\n|upkeep\n|turn|4\n|\n|t:|1700396552\n|-terastallize|p1a: Iron Valiant|Ghost\n|move|p1a: Iron Valiant|Calm Mind|p1a: Iron Valiant\n|-boost|p1a: Iron Valiant|spa|1\n|-boost|p1a: Iron Valiant|spd|1\n|move|p2a: Hatterene|Psyshock|p1a: Iron Valiant\n|-damage|p1a: Iron Valiant|44\/100\n|\n|upkeep\n|turn|5\n|\n|t:|1700396560\n|move|p1a: Iron Valiant|Shadow Ball|p2a: Hatterene\n|-supereffective|p2a: Hatterene\n|-damage|p2a: Hatterene|0 fnt\n|faint|p2a: Hatterene\n|\n|upkeep\n|\n|t:|1700396566\n|switch|p2a: Kommo-o|Kommo-o, M|100\/100\n|turn|6\n|\n|t:|1700396571\n|-terastallize|p2a: Kommo-o|Steel\n|move|p1a: Iron Valiant|Moonblast|p2a: Kommo-o\n|-resisted|p2a: Kommo-o\n|-damage|p2a: Kommo-o|44\/100\n|-enditem|p2a: Kommo-o|Sitrus Berry|[eat]\n|-heal|p2a: Kommo-o|69\/100|[from] item: Sitrus Berry\n|move|p2a: Kommo-o|Dragon Claw|p1a: Iron Valiant\n|-damage|p1a: Iron Valiant|0 fnt\n|faint|p1a: Iron Valiant\n|-end|p1a: Iron Valiant|Quark Drive|[silent]\n|\n|upkeep\n|\n|t:|1700396581\n|switch|p1a: Cinderace|Cinderace, M|100\/100\n|turn|7\n|\n|t:|1700396588\n|switch|p2a: Heatran|Heatran, M|100\/100\n|-item|p2a: Heatran|Air Balloon\n|move|p1a: Cinderace|U-turn|p2a: Heatran\n|-resisted|p2a: Heatran\n|-damage|p2a: Heatran|96\/100\n|-enditem|p2a: Heatran|Air Balloon\n|\n|t:|1700396597\n|switch|p1a: Great Tusk|Great Tusk|100\/100|[from] U-turn\n|\n|upkeep\n|turn|8\n|\n|t:|1700396612\n|move|p1a: Great Tusk|Close Combat|p2a: Heatran\n|-supereffective|p2a: Heatran\n|-damage|p2a: Heatran|7\/100\n|-unboost|p1a: Great Tusk|def|1\n|-unboost|p1a: Great Tusk|spd|1\n|move|p2a: Heatran|Earth Power|p1a: Great Tusk\n|-damage|p1a: Great Tusk|60\/100\n|\n|upkeep\n|turn|9\n|\n|t:|1700396623\n|move|p1a: Great Tusk|Headlong Rush|p2a: Heatran\n|-supereffective|p2a: Heatran\n|-damage|p2a: Heatran|0 fnt\n|-unboost|p1a: Great Tusk|def|1\n|-unboost|p1a: Great Tusk|spd|1\n|faint|p2a: Heatran\n|\n|upkeep\n|\n|t:|1700396627\n|switch|p2a: Ogerpon|Ogerpon-Wellspring, F|100\/100\n|turn|10\n|\n|t:|1700396637\n|move|p2a: Ogerpon|Swords Dance|p2a: Ogerpon\n|-boost|p2a: Ogerpon|atk|2\n|move|p1a: Great Tusk|Close Combat|p2a: Ogerpon\n|-damage|p2a: Ogerpon|24\/100\n|-unboost|p1a: Great Tusk|def|1\n|-unboost|p1a: Great Tusk|spd|1\n|\n|upkeep\n|turn|11\n|\n|t:|1700396654\n|move|p2a: Ogerpon|Horn Leech|p1a: Great Tusk\n|-supereffective|p1a: Great Tusk\n|-crit|p1a: Great Tusk\n|-damage|p1a: Great Tusk|0 fnt\n|-heal|p2a: Ogerpon|67\/100|[from] drain|[of] p1a: Great Tusk\n|faint|p1a: Great Tusk\n|-end|p1a: Great Tusk|Protosynthesis|[silent]\n|\n|upkeep\n|\n|t:|1700396657\n|switch|p1a: Rillaboom|Rillaboom, M|100\/100\n|-fieldstart|move: Grassy Terrain|[from] ability: Grassy Surge|[of] p1a: Rillaboom\n|turn|12\n|\n|t:|1700396662\n|switch|p2a: Dragapult|Dragapult, M, shiny|100\/100\n|move|p1a: Rillaboom|Grassy Glide|p2a: Dragapult\n|-resisted|p2a: Dragapult\n|-damage|p2a: Dragapult|57\/100\n|\n|-heal|p2a: Dragapult|63\/100|[from] Grassy Terrain\n|upkeep\n|turn|13\n|\n|t:|1700396672\n|move|p1a: Rillaboom|Grassy Glide|p2a: Dragapult\n|-resisted|p2a: Dragapult\n|-damage|p2a: Dragapult|21\/100\n|move|p2a: Dragapult|U-turn|p1a: Rillaboom\n|-supereffective|p1a: Rillaboom\n|-damage|p1a: Rillaboom|70\/100\n|\n|t:|1700396675\n|switch|p2a: Kommo-o|Kommo-o, M, tera:Steel|69\/100|[from] U-turn\n|\n|-heal|p2a: Kommo-o|75\/100|[from] Grassy Terrain\n|-heal|p1a: Rillaboom|76\/100|[from] Grassy Terrain\n|upkeep\n|turn|14\n|\n|t:|1700396687\n|switch|p1a: Cinderace|Cinderace, M|100\/100\n|move|p2a: Kommo-o|Drain Punch|p1a: Cinderace\n|-damage|p1a: Cinderace|54\/100\n|-heal|p2a: Kommo-o|99\/100|[from] drain|[of] p1a: Cinderace\n|\n|-heal|p1a: Cinderace|60\/100|[from] Grassy Terrain\n|-heal|p2a: Kommo-o|100\/100|[from] Grassy Terrain\n|upkeep\n|turn|15\n|\n|t:|1700396699\n|move|p1a: Cinderace|Pyro Ball|p2a: Kommo-o\n|-immune|p2a: Kommo-o|[from] ability: Bulletproof\n|move|p2a: Kommo-o|Drain Punch|p1a: Cinderace\n|-damage|p1a: Cinderace|6\/100\n|\n|-heal|p1a: Cinderace|12\/100|[from] Grassy Terrain\n|upkeep\n|turn|16\n|\n|t:|1700396705\n|move|p1a: Cinderace|Will-O-Wisp|p2a: Kommo-o\n|-status|p2a: Kommo-o|brn\n|move|p2a: Kommo-o|Clangorous Soul|p2a: Kommo-o\n|-boost|p2a: Kommo-o|atk|1\n|-boost|p2a: Kommo-o|def|1\n|-boost|p2a: Kommo-o|spa|1\n|-boost|p2a: Kommo-o|spd|1\n|-boost|p2a: Kommo-o|spe|1\n|-damage|p2a: Kommo-o|68\/100 brn\n|\n|-heal|p2a: Kommo-o|74\/100 brn|[from] Grassy Terrain\n|-heal|p1a: Cinderace|18\/100|[from] Grassy Terrain\n|-damage|p2a: Kommo-o|68\/100 brn|[from] brn\n|-fieldend|move: Grassy Terrain\n|upkeep\n|turn|17\n|\n|t:|1700396716\n|move|p2a: Kommo-o|Drain Punch|p1a: Cinderace\n|-damage|p1a: Cinderace|0 fnt\n|-heal|p2a: Kommo-o|76\/100 brn|[from] drain|[of] p1a: Cinderace\n|faint|p1a: Cinderace\n|\n|-damage|p2a: Kommo-o|70\/100 brn|[from] brn\n|upkeep\n|\n|t:|1700396721\n|switch|p1a: Rillaboom|Rillaboom, M|76\/100\n|-fieldstart|move: Grassy Terrain|[from] ability: Grassy Surge|[of] p1a: Rillaboom\n|turn|18\n|\n|t:|1700396726\n|move|p2a: Kommo-o|Dragon Claw|p1a: Rillaboom\n|-damage|p1a: Rillaboom|49\/100\n|move|p1a: Rillaboom|High Horsepower|p2a: Kommo-o\n|-supereffective|p2a: Kommo-o\n|-damage|p2a: Kommo-o|8\/100 brn\n|\n|-heal|p2a: Kommo-o|14\/100 brn|[from] Grassy Terrain\n|-heal|p1a: Rillaboom|55\/100|[from] Grassy Terrain\n|-damage|p2a: Kommo-o|8\/100 brn|[from] brn\n|upkeep\n|turn|19\n|\n|t:|1700396739\n|switch|p1a: Kingambit|Kingambit, M|100\/100\n|-activate|p1a: Kingambit|ability: Supreme Overlord\n|-start|p1a: Kingambit|fallen4|[silent]\n|move|p2a: Kommo-o|Dragon Claw|p1a: Kingambit\n|-resisted|p1a: Kingambit\n|-damage|p1a: Kingambit|91\/100\n|\n|-heal|p2a: Kommo-o|14\/100 brn|[from] Grassy Terrain\n|-heal|p1a: Kingambit|98\/100|[from] Grassy Terrain\n|-damage|p2a: Kommo-o|8\/100 brn|[from] brn\n|upkeep\n|turn|20\n|\n|t:|1700396745\n|move|p1a: Kingambit|Sucker Punch|p2a: Kommo-o\n|-damage|p2a: Kommo-o|0 fnt\n|faint|p2a: Kommo-o\n|\n|-heal|p1a: Kingambit|100\/100|[from] Grassy Terrain\n|upkeep\n|\n|t:|1700396748\n|switch|p2a: Ogerpon|Ogerpon-Wellspring, F|67\/100\n|turn|21\n|\n|t:|1700396753\n|move|p2a: Ogerpon|Swords Dance|p2a: Ogerpon\n|-boost|p2a: Ogerpon|atk|2\n|move|p1a: Kingambit|Kowtow Cleave|p2a: Ogerpon\n|-crit|p2a: Ogerpon\n|-damage|p2a: Ogerpon|0 fnt\n|faint|p2a: Ogerpon\n|\n|upkeep\n|\n|t:|1700396755\n|switch|p2a: Dragapult|Dragapult, M, shiny|21\/100\n|turn|22\n|-message|armando estasilla forfeited.\n|\n|win|Bj007\n|raw|Bj007's rating: 1211 &rarr; <strong>1238<\/strong><br \/>(+27 for winning)\n|raw|armando estasilla's rating: 1239 &rarr; <strong>1212<\/strong><br \/>(-27 for losing)\n|l|\u2606armando estasilla\n","uploadtime":1700396765,"views":7,"p1id":"bj007","p2id":"armandoestasilla","formatid":"gen9ou","rating":1212,"private":0,"password":""}