{"id":"gen9ou-1993597511","p1":"randomfire50","p2":"TwistedWinds","format":"[Gen 9] OU","log":"|j|\u2606randomfire50\n|j|\u2606TwistedWinds\n|t:|1700335840\n|gametype|singles\n|player|p1|randomfire50|169|1331\n|player|p2|TwistedWinds|pilot|1311\n|teamsize|p1|6\n|teamsize|p2|6\n|gen|9\n|tier|[Gen 9] OU\n|rated|\n|rule|Sleep Clause Mod: Limit one foe put to sleep\n|rule|Species Clause: Limit one of each Pok\u00e9mon\n|rule|OHKO Clause: OHKO moves are banned\n|rule|Evasion Items Clause: Evasion items are banned\n|rule|Evasion Moves Clause: Evasion moves are banned\n|rule|Endless Battle Clause: Forcing endless battles is banned\n|rule|HP Percentage Mod: HP is shown in percentages\n|clearpoke\n|poke|p1|Slowking-Galar, M|\n|poke|p1|Cinderace, F|\n|poke|p1|Corviknight, M|\n|poke|p1|Manaphy|\n|poke|p1|Zapdos|\n|poke|p1|Landorus-Therian, M|\n|poke|p2|Garganacl, F|\n|poke|p2|Tyranitar, F|\n|poke|p2|Glimmora, F|\n|poke|p2|Gholdengo|\n|poke|p2|Great Tusk|\n|poke|p2|Thundurus-Therian, M|\n|teampreview\n|\n|t:|1700335848\n|start\n|switch|p1a: Landorus|Landorus-Therian, M|100\/100\n|switch|p2a: Glimmora|Glimmora, F|100\/100\n|-ability|p1a: Landorus|Intimidate|boost\n|-unboost|p2a: Glimmora|atk|1\n|turn|1\n|\n|t:|1700335856\n|switch|p1a: Slowking|Slowking-Galar, M|100\/100\n|move|p2a: Glimmora|Mortal Spin|p1a: Slowking\n|-resisted|p1a: Slowking\n|-damage|p1a: Slowking|98\/100\n|\n|upkeep\n|turn|2\n|\n|t:|1700335862\n|move|p2a: Glimmora|Stealth Rock|p1a: Slowking\n|-sidestart|p1: randomfire50|move: Stealth Rock\n|move|p1a: Slowking|Future Sight|p2a: Glimmora\n|-start|p1a: Slowking|move: Future Sight\n|\n|upkeep\n|turn|3\n|\n|t:|1700335868\n|move|p2a: Glimmora|Spikes|p1a: Slowking\n|-sidestart|p1: randomfire50|Spikes\n|move|p1a: Slowking|Chilly Reception|p1a: Slowking\n|-weather|Snow\n|\n|t:|1700335870\n|switch|p1a: Zapdos|Zapdos|100\/100|[from] Chilly Reception\n|-ability|p1a: Zapdos|Pressure\n|\n|-weather|Snow|[upkeep]\n|upkeep\n|turn|4\n|\n|t:|1700335874\n|move|p1a: Zapdos|Volt Switch|p2a: Glimmora\n|-damage|p2a: Glimmora|51\/100\n|\n|t:|1700335885\n|switch|p1a: Corviknight|Corviknight, M|100\/100|[from] Volt Switch\n|-damage|p1a: Corviknight|88\/100|[from] Stealth Rock\n|-ability|p1a: Corviknight|Pressure\n|move|p2a: Glimmora|Mortal Spin|p1a: Corviknight\n|-immune|p1a: Corviknight\n|\n|-weather|Snow|[upkeep]\n|-end|p2a: Glimmora|move: Future Sight\n|-supereffective|p2a: Glimmora\n|-damage|p2a: Glimmora|0 fnt\n|faint|p2a: Glimmora\n|upkeep\n|\n|t:|1700335890\n|switch|p2a: Gholdengo|Gholdengo|100\/100\n|-item|p2a: Gholdengo|Air Balloon\n|turn|5\n|\n|t:|1700335897\n|move|p2a: Gholdengo|Nasty Plot|p2a: Gholdengo\n|-boost|p2a: Gholdengo|spa|2\n|move|p1a: Corviknight|U-turn|p2a: Gholdengo\n|-resisted|p2a: Gholdengo\n|-damage|p2a: Gholdengo|97\/100\n|-enditem|p2a: Gholdengo|Air Balloon\n|\n|t:|1700335899\n|switch|p1a: Cinderace|Cinderace, F|100\/100|[from] U-turn\n|\n|-weather|Snow|[upkeep]\n|upkeep\n|turn|6\n|\n|t:|1700335903\n|-terastallize|p2a: Gholdengo|Rock\n|move|p1a: Cinderace|Court Change|p1a: Cinderace\n|-start|p1a: Cinderace|typechange|Normal|[from] ability: Libero\n|-swapsideconditions\n|-activate|p1a: Cinderace|move: Court Change\n|move|p2a: Gholdengo|Shadow Ball|p1a: Cinderace\n|-immune|p1a: Cinderace\n|\n|-weather|Snow|[upkeep]\n|upkeep\n|turn|7\n|\n|t:|1700335921\n|move|p1a: Cinderace|U-turn|p2a: Gholdengo\n|-damage|p2a: Gholdengo|76\/100\n|\n|t:|1700335930\n|switch|p1a: Manaphy|Manaphy|100\/100|[from] U-turn\n|move|p2a: Gholdengo|Make It Rain|p1a: Manaphy\n|-resisted|p1a: Manaphy\n|-damage|p1a: Manaphy|45\/100\n|-unboost|p2a: Gholdengo|spa|1\n|\n|-weather|none\n|-heal|p1a: Manaphy|51\/100|[from] item: Leftovers\n|upkeep\n|turn|8\n|\n|t:|1700335943\n|move|p1a: Manaphy|Scald|p2a: Gholdengo\n|-supereffective|p2a: Gholdengo\n|-damage|p2a: Gholdengo|19\/100\n|move|p2a: Gholdengo|Shadow Ball|p1a: Manaphy\n|-damage|p1a: Manaphy|0 fnt\n|faint|p1a: Manaphy\n|\n|upkeep\n|\n|t:|1700335953\n|switch|p1a: Zapdos|Zapdos|100\/100\n|-ability|p1a: Zapdos|Pressure\n|turn|9\n|\n|t:|1700335961\n|switch|p2a: Thundurus|Thundurus-Therian, M|100\/100\n|-damage|p2a: Thundurus|76\/100|[from] Stealth Rock\n|move|p1a: Zapdos|Volt Switch|p2a: Thundurus\n|-heal|p2a: Thundurus|100\/100|[from] ability: Volt Absorb|[of] p1a: Zapdos\n|\n|upkeep\n|turn|10\n|\n|t:|1700335968\n|move|p2a: Thundurus|Volt Switch|p1a: Zapdos\n|-damage|p1a: Zapdos|37\/100\n|\n|t:|1700335972\n|switch|p2a: Great Tusk|Great Tusk|100\/100|[from] Volt Switch\n|-damage|p2a: Great Tusk|97\/100|[from] Stealth Rock\n|-damage|p2a: Great Tusk|85\/100|[from] Spikes\n|-enditem|p2a: Great Tusk|Booster Energy\n|-activate|p2a: Great Tusk|ability: Protosynthesis|[fromitem]\n|-start|p2a: Great Tusk|protosynthesisdef\n|move|p1a: Zapdos|Heat Wave|p2a: Great Tusk\n|-damage|p2a: Great Tusk|44\/100\n|-status|p2a: Great Tusk|brn\n|\n|-damage|p2a: Great Tusk|38\/100 brn|[from] brn\n|upkeep\n|turn|11\n|\n|t:|1700335987\n|move|p1a: Zapdos|Heat Wave|p2a: Great Tusk\n|-damage|p2a: Great Tusk|0 fnt\n|faint|p2a: Great Tusk\n|-end|p2a: Great Tusk|Protosynthesis|[silent]\n|\n|upkeep\n|\n|t:|1700335991\n|switch|p2a: Thundurus|Thundurus-Therian, M|100\/100\n|-damage|p2a: Thundurus|76\/100|[from] Stealth Rock\n|turn|12\n|\n|t:|1700335999\n|switch|p1a: Slowking|Slowking-Galar, M|100\/100\n|move|p2a: Thundurus|Sludge Bomb|p1a: Slowking\n|-resisted|p1a: Slowking\n|-damage|p1a: Slowking|87\/100\n|\n|upkeep\n|turn|13\n|\n|t:|1700336004\n|switch|p2a: Tyranitar|Tyranitar, F|100\/100\n|-damage|p2a: Tyranitar|88\/100|[from] Stealth Rock\n|-damage|p2a: Tyranitar|76\/100|[from] Spikes\n|-weather|Sandstorm|[from] ability: Sand Stream|[of] p2a: Tyranitar\n|move|p1a: Slowking|Future Sight|p2a: Tyranitar\n|-start|p1a: Slowking|move: Future Sight\n|\n|-weather|Sandstorm|[upkeep]\n|-damage|p1a: Slowking|80\/100|[from] Sandstorm\n|upkeep\n|turn|14\n|\n|t:|1700336016\n|switch|p1a: Landorus|Landorus-Therian, M|100\/100\n|-ability|p1a: Landorus|Intimidate|boost\n|-unboost|p2a: Tyranitar|atk|1\n|move|p2a: Tyranitar|Stealth Rock|p1a: Landorus\n|-sidestart|p1: randomfire50|move: Stealth Rock\n|\n|-weather|Sandstorm|[upkeep]\n|upkeep\n|turn|15\n|\n|t:|1700336025\n|switch|p2a: Garganacl|Garganacl, F|100\/100\n|-damage|p2a: Garganacl|88\/100|[from] Stealth Rock\n|-damage|p2a: Garganacl|76\/100|[from] Spikes\n|move|p1a: Landorus|U-turn|p2a: Garganacl\n|-damage|p2a: Garganacl|59\/100\n|\n|t:|1700336033\n|switch|p1a: Slowking|Slowking-Galar, M|100\/100|[from] U-turn\n|\n|-weather|Sandstorm|[upkeep]\n|-damage|p1a: Slowking|94\/100|[from] Sandstorm\n|-end|p2a: Garganacl|move: Future Sight\n|-damage|p2a: Garganacl|40\/100\n|-heal|p2a: Garganacl|46\/100|[from] item: Leftovers\n|upkeep\n|turn|16\n|\n|t:|1700336037\n|move|p2a: Garganacl|Recover|p2a: Garganacl\n|-heal|p2a: Garganacl|96\/100\n|move|p1a: Slowking|Future Sight|p2a: Garganacl\n|-start|p1a: Slowking|move: Future Sight\n|\n|-weather|Sandstorm|[upkeep]\n|-damage|p1a: Slowking|88\/100|[from] Sandstorm\n|-heal|p2a: Garganacl|100\/100|[from] item: Leftovers\n|upkeep\n|turn|17\n|\n|t:|1700336047\n|move|p2a: Garganacl|Iron Defense|p2a: Garganacl\n|-boost|p2a: Garganacl|def|2\n|move|p1a: Slowking|Sludge Bomb|p2a: Garganacl\n|-resisted|p2a: Garganacl\n|-damage|p2a: Garganacl|94\/100\n|\n|-weather|Sandstorm|[upkeep]\n|-damage|p1a: Slowking|82\/100|[from] Sandstorm\n|-heal|p2a: Garganacl|99\/100|[from] item: Leftovers\n|upkeep\n|turn|18\n|\n|t:|1700336054\n|move|p2a: Garganacl|Iron Defense|p2a: Garganacl\n|-boost|p2a: Garganacl|def|2\n|move|p1a: Slowking|Chilly Reception|p1a: Slowking\n|-weather|Snow\n|\n|t:|1700336061\n|switch|p1a: Landorus|Landorus-Therian, M|100\/100|[from] Chilly Reception\n|-damage|p1a: Landorus|88\/100|[from] Stealth Rock\n|-ability|p1a: Landorus|Intimidate|boost\n|-unboost|p2a: Garganacl|atk|1\n|\n|-weather|Snow|[upkeep]\n|-end|p2a: Garganacl|move: Future Sight\n|-damage|p2a: Garganacl|72\/100\n|-heal|p1a: Landorus|94\/100|[from] item: Leftovers\n|-heal|p2a: Garganacl|78\/100|[from] item: Leftovers\n|upkeep\n|turn|19\n|\n|t:|1700336064\n|move|p1a: Landorus|Taunt|p2a: Garganacl\n|-start|p2a: Garganacl|move: Taunt\n|move|p2a: Garganacl|Salt Cure|p1a: Landorus\n|-damage|p1a: Landorus|87\/100\n|-start|p1a: Landorus|Salt Cure\n|\n|-weather|Snow|[upkeep]\n|-heal|p1a: Landorus|93\/100|[from] item: Leftovers\n|-heal|p2a: Garganacl|85\/100|[from] item: Leftovers\n|-damage|p1a: Landorus|81\/100|[from] Salt Cure\n|upkeep\n|turn|20\n|\n|t:|1700336072\n|move|p1a: Landorus|U-turn|p2a: Garganacl\n|-damage|p2a: Garganacl|80\/100\n|\n|t:|1700336074\n|switch|p1a: Corviknight|Corviknight, M|88\/100|[from] U-turn\n|-damage|p1a: Corviknight|75\/100|[from] Stealth Rock\n|-ability|p1a: Corviknight|Pressure\n|move|p2a: Garganacl|Salt Cure|p1a: Corviknight\n|-crit|p1a: Corviknight\n|-damage|p1a: Corviknight|63\/100\n|-start|p1a: Corviknight|Salt Cure\n|\n|-weather|Snow|[upkeep]\n|-heal|p2a: Garganacl|86\/100|[from] item: Leftovers\n|-damage|p1a: Corviknight|38\/100|[from] Salt Cure\n|upkeep\n|turn|21\n|\n|t:|1700336082\n|switch|p1a: Landorus|Landorus-Therian, M|81\/100\n|-damage|p1a: Landorus|69\/100|[from] Stealth Rock\n|-ability|p1a: Landorus|Intimidate|boost\n|-unboost|p2a: Garganacl|atk|1\n|move|p2a: Garganacl|Salt Cure|p1a: Landorus\n|-damage|p1a: Landorus|64\/100\n|-start|p1a: Landorus|Salt Cure\n|\n|-weather|Snow|[upkeep]\n|-heal|p1a: Landorus|70\/100|[from] item: Leftovers\n|-heal|p2a: Garganacl|92\/100|[from] item: Leftovers\n|-damage|p1a: Landorus|58\/100|[from] Salt Cure\n|-end|p2a: Garganacl|move: Taunt\n|upkeep\n|turn|22\n|l|\u2606TwistedWinds\n|player|p2|\n|j|\u2606TwistedWinds\n|player|p2|TwistedWinds|pilot\n|\n|t:|1700336097\n|switch|p1a: Slowking|Slowking-Galar, M|100\/100\n|move|p2a: Garganacl|Salt Cure|p1a: Slowking\n|-damage|p1a: Slowking|93\/100\n|-start|p1a: Slowking|Salt Cure\n|\n|-weather|none\n|-heal|p2a: Garganacl|99\/100|[from] item: Leftovers\n|-damage|p1a: Slowking|80\/100|[from] Salt Cure\n|upkeep\n|turn|23\n|\n|t:|1700336104\n|move|p2a: Garganacl|Body Press|p1a: Slowking\n|-resisted|p1a: Slowking\n|-damage|p1a: Slowking|62\/100\n|move|p1a: Slowking|Future Sight|p2a: Garganacl\n|-start|p1a: Slowking|move: Future Sight\n|\n|-heal|p2a: Garganacl|100\/100|[from] item: Leftovers\n|-damage|p1a: Slowking|50\/100|[from] Salt Cure\n|upkeep\n|turn|24\n|\n|t:|1700336110\n|move|p2a: Garganacl|Iron Defense|p2a: Garganacl\n|-boost|p2a: Garganacl|def|2\n|move|p1a: Slowking|Chilly Reception|p1a: Slowking\n|-weather|Snow\n|\n|t:|1700336115\n|switch|p1a: Landorus|Landorus-Therian, M|58\/100|[from] Chilly Reception\n|-damage|p1a: Landorus|46\/100|[from] Stealth Rock\n|-ability|p1a: Landorus|Intimidate|boost\n|-unboost|p2a: Garganacl|atk|1\n|\n|-weather|Snow|[upkeep]\n|-heal|p1a: Landorus|52\/100|[from] item: Leftovers\n|upkeep\n|turn|25\n|\n|t:|1700336124\n|move|p1a: Landorus|U-turn|p2a: Garganacl\n|-damage|p2a: Garganacl|97\/100\n|\n|t:|1700336127\n|switch|p1a: Slowking|Slowking-Galar, M|83\/100|[from] U-turn\n|move|p2a: Garganacl|Salt Cure|p1a: Slowking\n|-damage|p1a: Slowking|77\/100\n|-start|p1a: Slowking|Salt Cure\n|\n|-weather|Snow|[upkeep]\n|-end|p2a: Garganacl|move: Future Sight\n|-damage|p2a: Garganacl|65\/100\n|-heal|p2a: Garganacl|71\/100|[from] item: Leftovers\n|-damage|p1a: Slowking|64\/100|[from] Salt Cure\n|upkeep\n|turn|26\n|\n|t:|1700336136\n|move|p2a: Garganacl|Recover|p2a: Garganacl\n|-heal|p2a: Garganacl|100\/100\n|move|p1a: Slowking|Future Sight|p2a: Garganacl\n|-start|p1a: Slowking|move: Future Sight\n|\n|-weather|Snow|[upkeep]\n|-damage|p1a: Slowking|52\/100|[from] Salt Cure\n|upkeep\n|turn|27\n|\n|t:|1700336140\n|move|p2a: Garganacl|Body Press|p1a: Slowking\n|-resisted|p1a: Slowking\n|-damage|p1a: Slowking|28\/100\n|move|p1a: Slowking|Chilly Reception|p1a: Slowking\n|\n|t:|1700336146\n|switch|p1a: Landorus|Landorus-Therian, M|52\/100|[from] Chilly Reception\n|-damage|p1a: Landorus|40\/100|[from] Stealth Rock\n|-ability|p1a: Landorus|Intimidate|boost\n|-unboost|p2a: Garganacl|atk|1\n|\n|-weather|Snow|[upkeep]\n|-heal|p1a: Landorus|46\/100|[from] item: Leftovers\n|upkeep\n|turn|28\n|inactive|Battle timer is ON: inactive players will automatically lose when time's up. (requested by TwistedWinds)\n|\n|t:|1700336160\n|move|p1a: Landorus|Taunt|p2a: Garganacl\n|-start|p2a: Garganacl|move: Taunt\n|move|p2a: Garganacl|Body Press|p1a: Landorus\n|-resisted|p1a: Landorus\n|-damage|p1a: Landorus|16\/100\n|\n|-weather|none\n|-end|p2a: Garganacl|move: Future Sight\n|-damage|p2a: Garganacl|74\/100\n|-heal|p1a: Landorus|22\/100|[from] item: Leftovers\n|-heal|p2a: Garganacl|80\/100|[from] item: Leftovers\n|upkeep\n|turn|29\n|\n|t:|1700336181\n|move|p1a: Landorus|Earthquake|p2a: Garganacl\n|-supereffective|p2a: Garganacl\n|-damage|p2a: Garganacl|63\/100\n|move|p2a: Garganacl|Salt Cure|p1a: Landorus\n|-damage|p1a: Landorus|19\/100\n|-start|p1a: Landorus|Salt Cure\n|\n|-heal|p1a: Landorus|25\/100|[from] item: Leftovers\n|-heal|p2a: Garganacl|69\/100|[from] item: Leftovers\n|-damage|p1a: Landorus|13\/100|[from] Salt Cure\n|upkeep\n|turn|30\n|\n|t:|1700336190\n|move|p1a: Landorus|Earthquake|p2a: Garganacl\n|-supereffective|p2a: Garganacl\n|-damage|p2a: Garganacl|52\/100\n|move|p2a: Garganacl|Salt Cure|p1a: Landorus\n|-damage|p1a: Landorus|9\/100\n|\n|-heal|p1a: Landorus|15\/100|[from] item: Leftovers\n|-heal|p2a: Garganacl|58\/100|[from] item: Leftovers\n|-damage|p1a: Landorus|3\/100|[from] Salt Cure\n|-end|p2a: Garganacl|move: Taunt\n|upkeep\n|turn|31\n|\n|t:|1700336199\n|move|p1a: Landorus|Earthquake|p2a: Garganacl\n|-supereffective|p2a: Garganacl\n|-damage|p2a: Garganacl|42\/100\n|move|p2a: Garganacl|Recover|p2a: Garganacl\n|-heal|p2a: Garganacl|92\/100\n|\n|-heal|p1a: Landorus|9\/100|[from] item: Leftovers\n|-heal|p2a: Garganacl|98\/100|[from] item: Leftovers\n|-damage|p1a: Landorus|0 fnt|[from] Salt Cure\n|faint|p1a: Landorus\n|upkeep\n|inactive|randomfire50 has 120 seconds left.\n|\n|t:|1700336234\n|switch|p1a: Slowking|Slowking-Galar, M|61\/100\n|turn|32\n|\n|t:|1700336239\n|move|p2a: Garganacl|Salt Cure|p1a: Slowking\n|-damage|p1a: Slowking|56\/100\n|-start|p1a: Slowking|Salt Cure\n|move|p1a: Slowking|Slack Off|p1a: Slowking\n|-heal|p1a: Slowking|100\/100\n|\n|-heal|p2a: Garganacl|100\/100|[from] item: Leftovers\n|-damage|p1a: Slowking|88\/100|[from] Salt Cure\n|upkeep\n|turn|33\n|\n|t:|1700336244\n|move|p2a: Garganacl|Iron Defense|p2a: Garganacl\n|-boost|p2a: Garganacl|def|0\n|move|p1a: Slowking|Future Sight|p2a: Garganacl\n|-start|p1a: Slowking|move: Future Sight\n|\n|-damage|p1a: Slowking|76\/100|[from] Salt Cure\n|upkeep\n|turn|34\n|\n|t:|1700336246\n|move|p2a: Garganacl|Iron Defense|p2a: Garganacl\n|-boost|p2a: Garganacl|def|0\n|move|p1a: Slowking|Chilly Reception|p1a: Slowking\n|-weather|Snow\n|\n|t:|1700336248\n|switch|p1a: Cinderace|Cinderace, F|100\/100|[from] Chilly Reception\n|\n|-weather|Snow|[upkeep]\n|upkeep\n|turn|35\n|\n|t:|1700336251\n|move|p1a: Cinderace|U-turn|p2a: Garganacl\n|-start|p1a: Cinderace|typechange|Bug|[from] ability: Libero\n|-damage|p2a: Garganacl|94\/100\n|\n|t:|1700336253\n|switch|p1a: Slowking|Slowking-Galar, M|100\/100|[from] U-turn\n|move|p2a: Garganacl|Body Press|p1a: Slowking\n|-resisted|p1a: Slowking\n|-damage|p1a: Slowking|77\/100\n|\n|-weather|Snow|[upkeep]\n|-end|p2a: Garganacl|move: Future Sight\n|-crit|p2a: Garganacl\n|-damage|p2a: Garganacl|53\/100\n|-heal|p2a: Garganacl|60\/100|[from] item: Leftovers\n|upkeep\n|turn|36\n|\n|t:|1700336262\n|move|p2a: Garganacl|Recover|p2a: Garganacl\n|-heal|p2a: Garganacl|100\/100\n|move|p1a: Slowking|Chilly Reception|p1a: Slowking\n|\n|t:|1700336268\n|switch|p1a: Zapdos|Zapdos|37\/100|[from] Chilly Reception\n|-ability|p1a: Zapdos|Pressure\n|\n|-weather|Snow|[upkeep]\n|upkeep\n|turn|37\n|\n|t:|1700336271\n|move|p1a: Zapdos|Roost|p1a: Zapdos\n|-heal|p1a: Zapdos|87\/100\n|-singleturn|p1a: Zapdos|move: Roost\n|move|p2a: Garganacl|Salt Cure|p1a: Zapdos\n|-damage|p1a: Zapdos|81\/100\n|-start|p1a: Zapdos|Salt Cure\n|\n|-weather|Snow|[upkeep]\n|-damage|p1a: Zapdos|69\/100|[from] Salt Cure\n|upkeep\n|turn|38\n|\n|t:|1700336280\n|switch|p1a: Slowking|Slowking-Galar, M|100\/100\n|move|p2a: Garganacl|Body Press|p1a: Slowking\n|-resisted|p1a: Slowking\n|-damage|p1a: Slowking|75\/100\n|\n|-weather|none\n|upkeep\n|turn|39\n|\n|t:|1700336285\n|move|p2a: Garganacl|Salt Cure|p1a: Slowking\n|-damage|p1a: Slowking|70\/100\n|-start|p1a: Slowking|Salt Cure\n|move|p1a: Slowking|Future Sight|p2a: Garganacl\n|-start|p1a: Slowking|move: Future Sight\n|\n|-damage|p1a: Slowking|57\/100|[from] Salt Cure\n|upkeep\n|turn|40\n|\n|t:|1700336294\n|move|p2a: Garganacl|Iron Defense|p2a: Garganacl\n|-boost|p2a: Garganacl|def|0\n|move|p1a: Slowking|Chilly Reception|p1a: Slowking\n|-weather|Snow\n|\n|t:|1700336304\n|switch|p1a: Cinderace|Cinderace, F|100\/100|[from] Chilly Reception\n|\n|-weather|Snow|[upkeep]\n|upkeep\n|turn|41\n|\n|t:|1700336314\n|move|p1a: Cinderace|U-turn|p2a: Garganacl\n|-start|p1a: Cinderace|typechange|Bug|[from] ability: Libero\n|-damage|p2a: Garganacl|95\/100\n|\n|t:|1700336316\n|switch|p1a: Slowking|Slowking-Galar, M|90\/100|[from] U-turn\n|move|p2a: Garganacl|Body Press|p1a: Slowking\n|-resisted|p1a: Slowking\n|-damage|p1a: Slowking|66\/100\n|\n|-weather|Snow|[upkeep]\n|-end|p2a: Garganacl|move: Future Sight\n|-damage|p2a: Garganacl|66\/100\n|-heal|p2a: Garganacl|73\/100|[from] item: Leftovers\n|upkeep\n|turn|42\n|\n|t:|1700336325\n|move|p2a: Garganacl|Body Press|p1a: Slowking\n|-resisted|p1a: Slowking\n|-damage|p1a: Slowking|41\/100\n|move|p1a: Slowking|Chilly Reception|p1a: Slowking\n|\n|t:|1700336327\n|switch|p1a: Zapdos|Zapdos|69\/100|[from] Chilly Reception\n|-ability|p1a: Zapdos|Pressure\n|\n|-weather|Snow|[upkeep]\n|-heal|p2a: Garganacl|79\/100|[from] item: Leftovers\n|upkeep\n|turn|43\n|\n|t:|1700336334\n|move|p1a: Zapdos|Volt Switch|p2a: Garganacl\n|-damage|p2a: Garganacl|57\/100\n|\n|t:|1700336338\n|switch|p1a: Slowking|Slowking-Galar, M|75\/100|[from] Volt Switch\n|move|p2a: Garganacl|Salt Cure|p1a: Slowking\n|-damage|p1a: Slowking|70\/100\n|-start|p1a: Slowking|Salt Cure\n|\n|-weather|Snow|[upkeep]\n|-heal|p2a: Garganacl|63\/100|[from] item: Leftovers\n|-damage|p1a: Slowking|58\/100|[from] Salt Cure\n|upkeep\n|turn|44\n|\n|t:|1700336346\n|move|p2a: Garganacl|Recover|p2a: Garganacl\n|-heal|p2a: Garganacl|100\/100\n|move|p1a: Slowking|Slack Off|p1a: Slowking\n|-heal|p1a: Slowking|100\/100\n|\n|-weather|none\n|-damage|p1a: Slowking|88\/100|[from] Salt Cure\n|upkeep\n|turn|45\n|\n|t:|1700336351\n|move|p2a: Garganacl|Iron Defense|p2a: Garganacl\n|-boost|p2a: Garganacl|def|0\n|move|p1a: Slowking|Chilly Reception|p1a: Slowking\n|-weather|Snow\n|\n|t:|1700336357\n|switch|p1a: Cinderace|Cinderace, F|100\/100|[from] Chilly Reception\n|\n|-weather|Snow|[upkeep]\n|upkeep\n|turn|46\n|\n|t:|1700336375\n|move|p1a: Cinderace|U-turn|p2a: Garganacl\n|-start|p1a: Cinderace|typechange|Bug|[from] ability: Libero\n|-damage|p2a: Garganacl|95\/100\n|\n|t:|1700336377\n|switch|p1a: Slowking|Slowking-Galar, M|100\/100|[from] U-turn\n|move|p2a: Garganacl|Iron Defense|p2a: Garganacl\n|-boost|p2a: Garganacl|def|0\n|\n|-weather|Snow|[upkeep]\n|-heal|p2a: Garganacl|100\/100|[from] item: Leftovers\n|upkeep\n|turn|47\n|\n|t:|1700336386\n|switch|p2a: Gholdengo|Gholdengo, tera:Rock|19\/100\n|-damage|p2a: Gholdengo|6\/100|[from] Stealth Rock\n|-damage|p2a: Gholdengo|0 fnt|[from] Spikes\n|faint|p2a: Gholdengo\n|move|p1a: Slowking|Future Sight|p2: Gholdengo\n|-start|p1a: Slowking|move: Future Sight\n|\n|-weather|Snow|[upkeep]\n|upkeep\n|\n|t:|1700336392\n|switch|p2a: Tyranitar|Tyranitar, F|76\/100\n|-damage|p2a: Tyranitar|63\/100|[from] Stealth Rock\n|-damage|p2a: Tyranitar|51\/100|[from] Spikes\n|-weather|Sandstorm|[from] ability: Sand Stream|[of] p2a: Tyranitar\n|turn|48\n|\n|t:|1700336404\n|move|p2a: Tyranitar|Crunch|p1a: Slowking\n|-supereffective|p1a: Slowking\n|-damage|p1a: Slowking|10\/100\n|move|p1a: Slowking|Future Sight||[still]\n|-fail|p1a: Slowking\n|\n|-weather|Sandstorm|[upkeep]\n|-damage|p1a: Slowking|4\/100|[from] Sandstorm\n|upkeep\n|turn|49\n|\n|t:|1700336409\n|switch|p1a: Corviknight|Corviknight, M|38\/100\n|-damage|p1a: Corviknight|26\/100|[from] Stealth Rock\n|-ability|p1a: Corviknight|Pressure\n|move|p2a: Tyranitar|Rock Slide|p1a: Corviknight|[miss]\n|-miss|p2a: Tyranitar|p1a: Corviknight\n|\n|-weather|Sandstorm|[upkeep]\n|-end|p2a: Tyranitar|move: Future Sight\n|-immune|p2a: Tyranitar\n|upkeep\n|turn|50\n|\n|t:|1700336420\n|move|p1a: Corviknight|Roost|p1a: Corviknight\n|-heal|p1a: Corviknight|76\/100\n|-singleturn|p1a: Corviknight|move: Roost\n|move|p2a: Tyranitar|Thunder Wave|p1a: Corviknight\n|-status|p1a: Corviknight|par\n|\n|-weather|Sandstorm|[upkeep]\n|upkeep\n|turn|51\n|\n|t:|1700336427\n|move|p2a: Tyranitar|Rock Slide|p1a: Corviknight|[miss]\n|-miss|p2a: Tyranitar|p1a: Corviknight\n|cant|p1a: Corviknight|par\n|\n|-weather|Sandstorm|[upkeep]\n|upkeep\n|turn|52\n|\n|t:|1700336433\n|move|p2a: Tyranitar|Rock Slide|p1a: Corviknight\n|-damage|p1a: Corviknight|51\/100 par\n|cant|p1a: Corviknight|flinch\n|\n|-weather|Sandstorm|[upkeep]\n|upkeep\n|turn|53\n|\n|t:|1700336442\n|move|p2a: Tyranitar|Rock Slide|p1a: Corviknight\n|-damage|p1a: Corviknight|25\/100 par\n|cant|p1a: Corviknight|flinch\n|\n|-weather|Sandstorm|[upkeep]\n|upkeep\n|turn|54\n|\n|t:|1700336449\n|move|p2a: Tyranitar|Rock Slide|p1a: Corviknight\n|-damage|p1a: Corviknight|0 fnt\n|faint|p1a: Corviknight\n|\n|-weather|Sandstorm|[upkeep]\n|upkeep\n|\n|t:|1700336452\n|switch|p1a: Cinderace|Cinderace, F|100\/100\n|turn|55\n|\n|t:|1700336454\n|move|p1a: Cinderace|U-turn|p2a: Tyranitar\n|-start|p1a: Cinderace|typechange|Bug|[from] ability: Libero\n|-supereffective|p2a: Tyranitar\n|-damage|p2a: Tyranitar|0 fnt\n|faint|p2a: Tyranitar\n|\n|t:|1700336462\n|switch|p1a: Zapdos|Zapdos|69\/100|[from] U-turn\n|-ability|p1a: Zapdos|Pressure\n|\n|-weather|none\n|upkeep\n|\n|t:|1700336466\n|switch|p2a: Garganacl|Garganacl, F|100\/100\n|-damage|p2a: Garganacl|88\/100|[from] Stealth Rock\n|-damage|p2a: Garganacl|76\/100|[from] Spikes\n|turn|56\n|\n|t:|1700336474\n|switch|p2a: Thundurus|Thundurus-Therian, M|76\/100\n|-damage|p2a: Thundurus|51\/100|[from] Stealth Rock\n|move|p1a: Zapdos|Volt Switch|p2a: Thundurus\n|-heal|p2a: Thundurus|76\/100|[from] ability: Volt Absorb|[of] p1a: Zapdos\n|\n|upkeep\n|turn|57\n|\n|t:|1700336482\n|switch|p1a: Slowking|Slowking-Galar, M|37\/100\n|move|p2a: Thundurus|Volt Switch|p1a: Slowking\n|-damage|p1a: Slowking|1\/100\n|\n|t:|1700336488\n|switch|p2a: Garganacl|Garganacl, F|76\/100|[from] Volt Switch\n|-damage|p2a: Garganacl|63\/100|[from] Stealth Rock\n|-damage|p2a: Garganacl|51\/100|[from] Spikes\n|\n|-heal|p2a: Garganacl|57\/100|[from] item: Leftovers\n|upkeep\n|turn|58\n|\n|t:|1700336493\n|switch|p1a: Cinderace|Cinderace, F|100\/100\n|move|p2a: Garganacl|Salt Cure|p1a: Cinderace\n|-supereffective|p1a: Cinderace\n|-damage|p1a: Cinderace|60\/100\n|-start|p1a: Cinderace|Salt Cure\n|\n|-heal|p2a: Garganacl|63\/100|[from] item: Leftovers\n|-damage|p1a: Cinderace|48\/100|[from] Salt Cure\n|upkeep\n|turn|59\n|\n|t:|1700336505\n|move|p1a: Cinderace|Pyro Ball|p2a: Garganacl\n|-resisted|p2a: Garganacl\n|-damage|p2a: Garganacl|45\/100\n|move|p2a: Garganacl|Salt Cure|p1a: Cinderace\n|-supereffective|p1a: Cinderace\n|-damage|p1a: Cinderace|7\/100\n|\n|-heal|p2a: Garganacl|51\/100|[from] item: Leftovers\n|-damage|p1a: Cinderace|0 fnt|[from] Salt Cure\n|faint|p1a: Cinderace\n|upkeep\n|\n|t:|1700336512\n|switch|p1a: Zapdos|Zapdos|69\/100\n|-ability|p1a: Zapdos|Pressure\n|turn|60\n|\n|t:|1700336523\n|-terastallize|p1a: Zapdos|Electric\n|move|p1a: Zapdos|Volt Switch|p2a: Garganacl\n|-damage|p2a: Garganacl|20\/100\n|\n|t:|1700336528\n|switch|p1a: Slowking|Slowking-Galar, M|35\/100|[from] Volt Switch\n|move|p2a: Garganacl|Recover|p2a: Garganacl\n|-heal|p2a: Garganacl|70\/100\n|\n|-heal|p2a: Garganacl|76\/100|[from] item: Leftovers\n|upkeep\n|turn|61\n|\n|t:|1700336533\n|move|p2a: Garganacl|Salt Cure|p1a: Slowking\n|-damage|p1a: Slowking|19\/100\n|-start|p1a: Slowking|Salt Cure\n|move|p1a: Slowking|Slack Off|p1a: Slowking\n|-heal|p1a: Slowking|69\/100\n|\n|-heal|p2a: Garganacl|82\/100|[from] item: Leftovers\n|-damage|p1a: Slowking|57\/100|[from] Salt Cure\n|upkeep\n|turn|62\n|\n|t:|1700336536\n|move|p2a: Garganacl|Body Press|p1a: Slowking\n|-resisted|p1a: Slowking\n|-damage|p1a: Slowking|51\/100\n|move|p1a: Slowking|Chilly Reception|p1a: Slowking\n|-weather|Snow\n|\n|t:|1700336542\n|switch|p1a: Zapdos|Zapdos, tera:Electric|69\/100|[from] Chilly Reception\n|-ability|p1a: Zapdos|Pressure\n|\n|-weather|Snow|[upkeep]\n|-heal|p2a: Garganacl|88\/100|[from] item: Leftovers\n|upkeep\n|turn|63\n|\n|t:|1700336553\n|move|p1a: Zapdos|Volt Switch|p2a: Garganacl\n|-damage|p2a: Garganacl|56\/100\n|\n|t:|1700336556\n|switch|p1a: Slowking|Slowking-Galar, M|84\/100|[from] Volt Switch\n|move|p2a: Garganacl|Salt Cure|p1a: Slowking\n|-damage|p1a: Slowking|69\/100\n|-start|p1a: Slowking|Salt Cure\n|\n|-weather|Snow|[upkeep]\n|-heal|p2a: Garganacl|62\/100|[from] item: Leftovers\n|-damage|p1a: Slowking|57\/100|[from] Salt Cure\n|upkeep\n|turn|64\n|\n|t:|1700336566\n|move|p2a: Garganacl|Iron Defense|p2a: Garganacl\n|-boost|p2a: Garganacl|def|2\n|move|p1a: Slowking|Future Sight|p2a: Garganacl\n|-start|p1a: Slowking|move: Future Sight\n|\n|-weather|Snow|[upkeep]\n|-heal|p2a: Garganacl|68\/100|[from] item: Leftovers\n|-damage|p1a: Slowking|44\/100|[from] Salt Cure\n|upkeep\n|turn|65\n|\n|t:|1700336570\n|move|p2a: Garganacl|Iron Defense|p2a: Garganacl\n|-boost|p2a: Garganacl|def|2\n|move|p1a: Slowking|Chilly Reception|p1a: Slowking\n|\n|t:|1700336577\n|switch|p1a: Zapdos|Zapdos, tera:Electric|69\/100|[from] Chilly Reception\n|-ability|p1a: Zapdos|Pressure\n|\n|-weather|Snow|[upkeep]\n|-heal|p2a: Garganacl|74\/100|[from] item: Leftovers\n|upkeep\n|turn|66\n|\n|t:|1700336582\n|move|p1a: Zapdos|Volt Switch|p2a: Garganacl\n|-damage|p2a: Garganacl|41\/100\n|\n|t:|1700336584\n|switch|p1a: Slowking|Slowking-Galar, M|77\/100|[from] Volt Switch\n|move|p2a: Garganacl|Iron Defense|p2a: Garganacl\n|-boost|p2a: Garganacl|def|2\n|\n|-weather|none\n|-end|p2a: Garganacl|move: Future Sight\n|-damage|p2a: Garganacl|11\/100\n|-heal|p2a: Garganacl|17\/100|[from] item: Leftovers\n|upkeep\n|turn|67\n|\n|t:|1700336592\n|move|p2a: Garganacl|Recover|p2a: Garganacl\n|-heal|p2a: Garganacl|67\/100\n|move|p1a: Slowking|Sludge Bomb|p2a: Garganacl\n|-resisted|p2a: Garganacl\n|-damage|p2a: Garganacl|56\/100\n|\n|-heal|p2a: Garganacl|62\/100|[from] item: Leftovers\n|upkeep\n|turn|68\n|\n|t:|1700336601\n|move|p2a: Garganacl|Salt Cure|p1a: Slowking\n|-damage|p1a: Slowking|64\/100\n|-start|p1a: Slowking|Salt Cure\n|move|p1a: Slowking|Chilly Reception|p1a: Slowking\n|-weather|Snow\n|\n|t:|1700336603\n|switch|p1a: Zapdos|Zapdos, tera:Electric|69\/100|[from] Chilly Reception\n|-ability|p1a: Zapdos|Pressure\n|\n|-weather|Snow|[upkeep]\n|-heal|p2a: Garganacl|68\/100|[from] item: Leftovers\n|upkeep\n|turn|69\n|\n|t:|1700336606\n|move|p1a: Zapdos|Volt Switch|p2a: Garganacl\n|-damage|p2a: Garganacl|39\/100\n|\n|t:|1700336608\n|switch|p1a: Slowking|Slowking-Galar, M|97\/100|[from] Volt Switch\n|move|p2a: Garganacl|Body Press|p1a: Slowking\n|-resisted|p1a: Slowking\n|-damage|p1a: Slowking|71\/100\n|\n|-weather|Snow|[upkeep]\n|-heal|p2a: Garganacl|45\/100|[from] item: Leftovers\n|upkeep\n|turn|70\n|\n|t:|1700336612\n|move|p2a: Garganacl|Body Press|p1a: Slowking\n|-resisted|p1a: Slowking\n|-damage|p1a: Slowking|49\/100\n|move|p1a: Slowking|Future Sight|p2a: Garganacl\n|-start|p1a: Slowking|move: Future Sight\n|\n|-weather|Snow|[upkeep]\n|-heal|p2a: Garganacl|51\/100|[from] item: Leftovers\n|upkeep\n|turn|71\n|\n|t:|1700336618\n|move|p2a: Garganacl|Body Press|p1a: Slowking\n|-resisted|p1a: Slowking\n|-damage|p1a: Slowking|24\/100\n|move|p1a: Slowking|Chilly Reception|p1a: Slowking\n|\n|t:|1700336621\n|switch|p1a: Zapdos|Zapdos, tera:Electric|69\/100|[from] Chilly Reception\n|-ability|p1a: Zapdos|Pressure\n|\n|-weather|Snow|[upkeep]\n|-heal|p2a: Garganacl|57\/100|[from] item: Leftovers\n|upkeep\n|turn|72\n|\n|t:|1700336623\n|switch|p2a: Thundurus|Thundurus-Therian, M|76\/100\n|-damage|p2a: Thundurus|51\/100|[from] Stealth Rock\n|move|p1a: Zapdos|Volt Switch|p2a: Thundurus\n|-heal|p2a: Thundurus|76\/100|[from] ability: Volt Absorb|[of] p1a: Zapdos\n|\n|-weather|none\n|-end|p2a: Thundurus|move: Future Sight\n|-damage|p2a: Thundurus|16\/100\n|upkeep\n|turn|73\n|\n|t:|1700336641\n|move|p2a: Thundurus|Sludge Bomb|p1a: Zapdos\n|-damage|p1a: Zapdos|10\/100\n|-status|p1a: Zapdos|psn\n|move|p1a: Zapdos|Heat Wave|p2a: Thundurus\n|-damage|p2a: Thundurus|0 fnt\n|faint|p2a: Thundurus\n|\n|-damage|p1a: Zapdos|0 fnt|[from] psn\n|faint|p1a: Zapdos\n|upkeep\n|\n|t:|1700336647\n|switch|p2a: Garganacl|Garganacl, F|57\/100\n|switch|p1a: Slowking|Slowking-Galar, M|57\/100\n|-damage|p2a: Garganacl|45\/100|[from] Stealth Rock\n|-damage|p2a: Garganacl|33\/100|[from] Spikes\n|turn|74\n|\n|t:|1700336656\n|move|p2a: Garganacl|Salt Cure|p1a: Slowking\n|-damage|p1a: Slowking|42\/100\n|-start|p1a: Slowking|Salt Cure\n|move|p1a: Slowking|Future Sight|p2a: Garganacl\n|-start|p1a: Slowking|move: Future Sight\n|\n|-heal|p2a: Garganacl|39\/100|[from] item: Leftovers\n|-damage|p1a: Slowking|29\/100|[from] Salt Cure\n|upkeep\n|turn|75\n|\n|t:|1700336659\n|move|p2a: Garganacl|Recover|p2a: Garganacl\n|-heal|p2a: Garganacl|89\/100\n|move|p1a: Slowking|Slack Off|p1a: Slowking\n|-heal|p1a: Slowking|79\/100\n|\n|-heal|p2a: Garganacl|95\/100|[from] item: Leftovers\n|-damage|p1a: Slowking|67\/100|[from] Salt Cure\n|upkeep\n|turn|76\n|\n|t:|1700336663\n|move|p2a: Garganacl|Iron Defense|p2a: Garganacl\n|-boost|p2a: Garganacl|def|2\n|move|p1a: Slowking|Sludge Bomb|p2a: Garganacl\n|-resisted|p2a: Garganacl\n|-damage|p2a: Garganacl|83\/100\n|\n|-end|p2a: Garganacl|move: Future Sight\n|-damage|p2a: Garganacl|54\/100\n|-heal|p2a: Garganacl|60\/100|[from] item: Leftovers\n|-damage|p1a: Slowking|55\/100|[from] Salt Cure\n|upkeep\n|turn|77\n|\n|t:|1700336665\n|move|p2a: Garganacl|Iron Defense|p2a: Garganacl\n|-boost|p2a: Garganacl|def|2\n|move|p1a: Slowking|Slack Off|p1a: Slowking\n|-heal|p1a: Slowking|100\/100\n|\n|-heal|p2a: Garganacl|67\/100|[from] item: Leftovers\n|-damage|p1a: Slowking|88\/100|[from] Salt Cure\n|upkeep\n|turn|78\n|\n|t:|1700336669\n|move|p2a: Garganacl|Body Press|p1a: Slowking\n|-resisted|p1a: Slowking\n|-damage|p1a: Slowking|71\/100\n|move|p1a: Slowking|Future Sight|p2a: Garganacl\n|-start|p1a: Slowking|move: Future Sight\n|\n|-heal|p2a: Garganacl|73\/100|[from] item: Leftovers\n|-damage|p1a: Slowking|59\/100|[from] Salt Cure\n|upkeep\n|turn|79\n|\n|t:|1700336678\n|move|p2a: Garganacl|Body Press|p1a: Slowking\n|-resisted|p1a: Slowking\n|-damage|p1a: Slowking|42\/100\n|move|p1a: Slowking|Sludge Bomb|p2a: Garganacl\n|-resisted|p2a: Garganacl\n|-damage|p2a: Garganacl|62\/100\n|\n|-heal|p2a: Garganacl|68\/100|[from] item: Leftovers\n|-damage|p1a: Slowking|29\/100|[from] Salt Cure\n|upkeep\n|turn|80\n|\n|t:|1700336684\n|move|p2a: Garganacl|Iron Defense|p2a: Garganacl\n|-boost|p2a: Garganacl|def|2\n|move|p1a: Slowking|Slack Off|p1a: Slowking\n|-heal|p1a: Slowking|79\/100\n|\n|-end|p2a: Garganacl|move: Future Sight\n|-damage|p2a: Garganacl|38\/100\n|-heal|p2a: Garganacl|44\/100|[from] item: Leftovers\n|-damage|p1a: Slowking|67\/100|[from] Salt Cure\n|upkeep\n|turn|81\n|\n|t:|1700336689\n|move|p2a: Garganacl|Body Press|p1a: Slowking\n|-resisted|p1a: Slowking\n|-damage|p1a: Slowking|43\/100\n|move|p1a: Slowking|Slack Off|p1a: Slowking\n|-heal|p1a: Slowking|93\/100\n|\n|-heal|p2a: Garganacl|50\/100|[from] item: Leftovers\n|-damage|p1a: Slowking|81\/100|[from] Salt Cure\n|upkeep\n|turn|82\n|\n|t:|1700336698\n|move|p2a: Garganacl|Body Press|p1a: Slowking\n|-resisted|p1a: Slowking\n|-damage|p1a: Slowking|58\/100\n|move|p1a: Slowking|Future Sight|p2a: Garganacl\n|-start|p1a: Slowking|move: Future Sight\n|\n|-heal|p2a: Garganacl|57\/100|[from] item: Leftovers\n|-damage|p1a: Slowking|46\/100|[from] Salt Cure\n|upkeep\n|turn|83\n|\n|t:|1700336701\n|move|p2a: Garganacl|Body Press|p1a: Slowking\n|-resisted|p1a: Slowking\n|-damage|p1a: Slowking|23\/100\n|move|p1a: Slowking|Slack Off|p1a: Slowking\n|-heal|p1a: Slowking|73\/100\n|\n|-heal|p2a: Garganacl|63\/100|[from] item: Leftovers\n|-damage|p1a: Slowking|60\/100|[from] Salt Cure\n|upkeep\n|turn|84\n|\n|t:|1700336705\n|move|p2a: Garganacl|Salt Cure|p1a: Slowking\n|-damage|p1a: Slowking|46\/100\n|move|p1a: Slowking|Sludge Bomb|p2a: Garganacl\n|-resisted|p2a: Garganacl\n|-damage|p2a: Garganacl|51\/100\n|\n|-end|p2a: Garganacl|move: Future Sight\n|-damage|p2a: Garganacl|20\/100\n|-heal|p2a: Garganacl|26\/100|[from] item: Leftovers\n|-damage|p1a: Slowking|34\/100|[from] Salt Cure\n|upkeep\n|turn|85\n|\n|t:|1700336715\n|move|p2a: Garganacl|Salt Cure|p1a: Slowking\n|-damage|p1a: Slowking|19\/100\n|move|p1a: Slowking|Sludge Bomb|p2a: Garganacl\n|-resisted|p2a: Garganacl\n|-damage|p2a: Garganacl|15\/100\n|\n|-heal|p2a: Garganacl|21\/100|[from] item: Leftovers\n|-damage|p1a: Slowking|7\/100|[from] Salt Cure\n|upkeep\n|turn|86\n|-message|randomfire50 forfeited.\n|\n|win|TwistedWinds\n|raw|randomfire50's rating: 1331 &rarr; <strong>1310<\/strong><br \/>(-21 for losing)\n|raw|TwistedWinds's rating: 1311 &rarr; <strong>1332<\/strong><br \/>(+21 for winning)\n|l|\u2606randomfire50\n|c|\u2606TwistedWinds|Noob\n","uploadtime":1700336737,"views":25,"p1id":"randomfire50","p2id":"twistedwinds","formatid":"gen9ou","rating":1310,"private":0,"password":""}