{"id":"gen9ou-1997563965","p1":"gonning","p2":"Queen Furina","format":"[Gen 9] OU","log":"|j|\u2606gonning\n|j|\u2606Queen Furina\n|t:|1700826108\n|gametype|singles\n|player|p1|gonning|265|1604\n|player|p2|Queen Furina|winona|1533\n|teamsize|p1|6\n|teamsize|p2|6\n|gen|9\n|tier|[Gen 9] OU\n|rated|\n|rule|Sleep Clause Mod: Limit one foe put to sleep\n|rule|Species Clause: Limit one of each Pok\u00e9mon\n|rule|OHKO Clause: OHKO moves are banned\n|rule|Evasion Items Clause: Evasion items are banned\n|rule|Evasion Moves Clause: Evasion moves are banned\n|rule|Endless Battle Clause: Forcing endless battles is banned\n|rule|HP Percentage Mod: HP is shown in percentages\n|clearpoke\n|poke|p1|Iron Valiant|\n|poke|p1|Glimmora, F|\n|poke|p1|Iron Moth|\n|poke|p1|Gholdengo|\n|poke|p1|Kingambit, F|\n|poke|p1|Samurott-Hisui, F|\n|poke|p2|Arcanine-Hisui, M|\n|poke|p2|Greninja-*, M|\n|poke|p2|Corviknight, F|\n|poke|p2|Iron Hands|\n|poke|p2|Slowking-Galar, M|\n|poke|p2|Landorus-Therian, M|\n|teampreview\n|inactive|Battle timer is ON: inactive players will automatically lose when time's up. (requested by gonning)\n|inactive|Queen Furina has 120 seconds left.\n|\n|t:|1700826154\n|start\n|switch|p1a: Samurott|Samurott-Hisui, F|100\/100\n|switch|p2a: Greninja|Greninja, M|100\/100\n|turn|1\n|\n|t:|1700826158\n|switch|p2a: Corviknight|Corviknight, F|100\/100\n|-ability|p2a: Corviknight|Pressure\n|move|p1a: Samurott|Ceaseless Edge|p2a: Corviknight\n|-damage|p2a: Corviknight|74\/100\n|-damage|p1a: Samurott|84\/100|[from] item: Rocky Helmet|[of] p2a: Corviknight\n|-sidestart|p2: Queen Furina|Spikes\n|\n|upkeep\n|turn|2\n|\n|t:|1700826161\n|move|p1a: Samurott|Ceaseless Edge|p2a: Corviknight\n|-damage|p2a: Corviknight|48\/100\n|-damage|p1a: Samurott|67\/100|[from] item: Rocky Helmet|[of] p2a: Corviknight\n|-sidestart|p2: Queen Furina|Spikes\n|move|p2a: Corviknight|Body Press|p1a: Samurott\n|-supereffective|p1a: Samurott\n|-damage|p1a: Samurott|0 fnt\n|faint|p1a: Samurott\n|\n|upkeep\n|\n|t:|1700826170\n|switch|p1a: Gholdengo|Gholdengo|100\/100\n|-item|p1a: Gholdengo|Air Balloon\n|turn|3\n|\n|t:|1700826175\n|move|p1a: Gholdengo|Shadow Ball|p2a: Corviknight\n|-damage|p2a: Corviknight|6\/100\n|move|p2a: Corviknight|Roost|p2a: Corviknight\n|-heal|p2a: Corviknight|56\/100\n|-singleturn|p2a: Corviknight|move: Roost\n|\n|upkeep\n|turn|4\n|\n|t:|1700826178\n|move|p1a: Gholdengo|Nasty Plot|p1a: Gholdengo\n|-boost|p1a: Gholdengo|spa|2\n|move|p2a: Corviknight|Roost|p2a: Corviknight\n|-heal|p2a: Corviknight|100\/100\n|-singleturn|p2a: Corviknight|move: Roost\n|\n|upkeep\n|turn|5\n|\n|t:|1700826182\n|move|p1a: Gholdengo|Shadow Ball|p2a: Corviknight\n|-damage|p2a: Corviknight|15\/100\n|move|p2a: Corviknight|U-turn|p1a: Gholdengo\n|-resisted|p1a: Gholdengo\n|-damage|p1a: Gholdengo|97\/100\n|-enditem|p1a: Gholdengo|Air Balloon\n|\n|t:|1700826186\n|switch|p2a: Greninja|Greninja, M|100\/100|[from] U-turn\n|-damage|p2a: Greninja|84\/100|[from] Spikes\n|\n|upkeep\n|turn|6\n|\n|t:|1700826189\n|switch|p2a: Corviknight|Corviknight, F|15\/100\n|-ability|p2a: Corviknight|Pressure\n|-terastallize|p1a: Gholdengo|Fairy\n|move|p1a: Gholdengo|Dazzling Gleam|p2a: Corviknight\n|-resisted|p2a: Corviknight\n|-damage|p2a: Corviknight|0 fnt\n|faint|p2a: Corviknight\n|\n|upkeep\n|\n|t:|1700826200\n|switch|p2a: Arcanine|Arcanine-Hisui, M|100\/100\n|-damage|p2a: Arcanine|84\/100|[from] Spikes\n|turn|7\n|\n|t:|1700826204\n|switch|p1a: Glimmora|Glimmora, F|100\/100\n|move|p2a: Arcanine|Head Smash|p1a: Glimmora\n|-damage|p1a: Glimmora|0 fnt\n|-activate|p1a: Glimmora|ability: Toxic Debris\n|-sidestart|p2: Queen Furina|move: Toxic Spikes\n|faint|p1a: Glimmora\n|\n|upkeep\n|\n|t:|1700826217\n|switch|p1a: Iron Valiant|Iron Valiant|100\/100\n|-enditem|p1a: Iron Valiant|Booster Energy\n|-activate|p1a: Iron Valiant|ability: Quark Drive|[fromitem]\n|-start|p1a: Iron Valiant|quarkdrivespe\n|turn|8\n|\n|t:|1700826222\n|switch|p2a: Slowking|Slowking-Galar, M|100\/100\n|-sideend|p2: Queen Furina|move: Toxic Spikes|[of] p2a: Slowking\n|move|p1a: Iron Valiant|Close Combat|p2a: Slowking\n|-resisted|p2a: Slowking\n|-damage|p2a: Slowking|85\/100\n|-unboost|p1a: Iron Valiant|def|1\n|-unboost|p1a: Iron Valiant|spd|1\n|\n|upkeep\n|turn|9\n|\n|t:|1700826229\n|-end|p1a: Iron Valiant|Quark Drive|[silent]\n|switch|p1a: Kingambit|Kingambit, F|100\/100\n|-activate|p1a: Kingambit|ability: Supreme Overlord\n|-start|p1a: Kingambit|fallen2|[silent]\n|move|p2a: Slowking|Chilly Reception|p2a: Slowking\n|-weather|Snow\n|\n|t:|1700826233\n|switch|p2a: Iron Hands|Iron Hands|100\/100|[from] Chilly Reception\n|-damage|p2a: Iron Hands|84\/100|[from] Spikes\n|\n|-weather|Snow|[upkeep]\n|upkeep\n|turn|10\n|\n|t:|1700826240\n|-end|p1a: Kingambit|fallen2|[silent]\n|switch|p1a: Gholdengo|Gholdengo, tera:Fairy|97\/100\n|move|p2a: Iron Hands|Close Combat|p1a: Gholdengo\n|-resisted|p1a: Gholdengo\n|-damage|p1a: Gholdengo|58\/100\n|-unboost|p2a: Iron Hands|def|1\n|-unboost|p2a: Iron Hands|spd|1\n|\n|-weather|Snow|[upkeep]\n|upkeep\n|turn|11\n|\n|t:|1700826245\n|-end|p2a: Iron Hands|Quark Drive|[silent]\n|switch|p2a: Landorus|Landorus-Therian, M|100\/100\n|-ability|p2a: Landorus|Intimidate|boost\n|-unboost|p1a: Gholdengo|atk|1\n|move|p1a: Gholdengo|Dazzling Gleam|p2a: Landorus\n|-damage|p2a: Landorus|52\/100\n|\n|-weather|Snow|[upkeep]\n|-heal|p2a: Landorus|58\/100|[from] item: Leftovers\n|upkeep\n|turn|12\n|\n|t:|1700826248\n|move|p1a: Gholdengo|Dazzling Gleam|p2a: Landorus\n|-damage|p2a: Landorus|13\/100\n|move|p2a: Landorus|Stealth Rock|p1a: Gholdengo\n|-sidestart|p1: gonning|move: Stealth Rock\n|\n|-weather|Snow|[upkeep]\n|-heal|p2a: Landorus|19\/100|[from] item: Leftovers\n|upkeep\n|turn|13\n|\n|t:|1700826251\n|move|p1a: Gholdengo|Dazzling Gleam|p2a: Landorus\n|-damage|p2a: Landorus|0 fnt\n|faint|p2a: Landorus\n|\n|-weather|none\n|upkeep\n|\n|t:|1700826253\n|switch|p2a: Greninja|Greninja, M|84\/100\n|-damage|p2a: Greninja|68\/100|[from] Spikes\n|turn|14\n|\n|t:|1700826257\n|move|p2a: Greninja|Hydro Pump|p1a: Gholdengo\n|-damage|p1a: Gholdengo|0 fnt\n|faint|p1a: Gholdengo\n|-ability|p2a: Greninja|Battle Bond|boost\n|-boost|p2a: Greninja|atk|1\n|-boost|p2a: Greninja|spa|1\n|-boost|p2a: Greninja|spe|1\n|-activate|p2a: Greninja|ability: Battle Bond\n|\n|upkeep\n|\n|t:|1700826271\n|switch|p1a: Kingambit|Kingambit, F|100\/100\n|-damage|p1a: Kingambit|94\/100|[from] Stealth Rock\n|-activate|p1a: Kingambit|ability: Supreme Overlord\n|-start|p1a: Kingambit|fallen3|[silent]\n|turn|15\n|\n|t:|1700826275\n|move|p2a: Greninja|Hydro Pump|p1a: Kingambit\n|-damage|p1a: Kingambit|0 fnt\n|faint|p1a: Kingambit\n|-end|p1a: Kingambit|fallen3|[silent]\n|\n|upkeep\n|\n|t:|1700826278\n|switch|p1a: Iron Moth|Iron Moth|100\/100\n|-damage|p1a: Iron Moth|76\/100|[from] Stealth Rock\n|-enditem|p1a: Iron Moth|Booster Energy\n|-activate|p1a: Iron Moth|ability: Quark Drive|[fromitem]\n|-start|p1a: Iron Moth|quarkdrivespe\n|turn|16\n|\n|t:|1700826281\n|move|p2a: Greninja|Hydro Pump|p1a: Iron Moth\n|-supereffective|p1a: Iron Moth\n|-damage|p1a: Iron Moth|0 fnt\n|faint|p1a: Iron Moth\n|-end|p1a: Iron Moth|Quark Drive|[silent]\n|\n|upkeep\n|c|\u2606gonning|Yeah too lucky\n|c|\u2606gonning|GG\n|-message|gonning forfeited.\n|\n|win|Queen Furina\n|raw|gonning's rating: 1604 &rarr; <strong>1580<\/strong><br \/>(-24 for losing)\n|raw|Queen Furina's rating: 1533 &rarr; <strong>1557<\/strong><br \/>(+24 for winning)\n|l|\u2606gonning\n|c|\u2606Queen Furina|What\n|l|\u2606Queen Furina\n|j|\u2606Queen Furina\n|player|p2|Queen Furina|winona\n","uploadtime":1700826669,"views":4,"p1id":"gonning","p2id":"queenfurina","formatid":"gen9ou","rating":1557,"private":0,"password":""}