{"id":"gen9ou-1991684132","p1":"SirBoogerBrain","p2":"kadomatsu","format":"[Gen 9] OU","log":"|j|\u2606SirBoogerBrain\n|j|\u2606kadomatsu\n|t:|1700102345\n|gametype|singles\n|player|p1|SirBoogerBrain|burglar-gen2|\n|player|p2|kadomatsu|leaf-masters|\n|teamsize|p1|6\n|teamsize|p2|6\n|gen|9\n|tier|[Gen 9] OU\n|rule|Sleep Clause Mod: Limit one foe put to sleep\n|rule|Species Clause: Limit one of each Pok\u00e9mon\n|rule|OHKO Clause: OHKO moves are banned\n|rule|Evasion Items Clause: Evasion items are banned\n|rule|Evasion Moves Clause: Evasion moves are banned\n|rule|Endless Battle Clause: Forcing endless battles is banned\n|rule|HP Percentage Mod: HP is shown in percentages\n|clearpoke\n|poke|p1|Garganacl, F|\n|poke|p1|Mandibuzz, F|\n|poke|p1|Slowking-Galar, M|\n|poke|p1|Dragapult, F|\n|poke|p1|Salazzle, F|\n|poke|p1|Manaphy|\n|poke|p2|Walking Wake|\n|poke|p2|Torkoal, M|\n|poke|p2|Victreebel, M|\n|poke|p2|Espeon, F|\n|poke|p2|Samurott-Hisui, F|\n|poke|p2|Zapdos|\n|teampreview\n|inactive|Battle timer is ON: inactive players will automatically lose when time's up. (requested by SirBoogerBrain)\n|j| TheKingoftheCucks\n|j| Dr. Wu Tomoki\n|j| Seath511\n|inactive|kadomatsu has 270 seconds left.\n|inactive|SirBoogerBrain has 270 seconds left.\n|\n|t:|1700102396\n|start\n|switch|p1a: Granular|Manaphy|100\/100\n|switch|p2a: Walking Wake|Walking Wake|100\/100\n|turn|1\n|j| Apezilla\n|\n|t:|1700102415\n|switch|p1a: Smart Dog|Slowking-Galar, M|100\/100\n|move|p2a: Walking Wake|Flip Turn|p1a: Smart Dog\n|-damage|p1a: Smart Dog|83\/100\n|\n|t:|1700102426\n|-end|p2a: Walking Wake|Protosynthesis|[silent]\n|switch|p2a: Samurott|Samurott-Hisui, F|100\/100|[from] Flip Turn\n|\n|upkeep\n|turn|2\n|\n|t:|1700102446\n|switch|p1a: Krackadolt|Dragapult, F|100\/100\n|move|p2a: Samurott|Ceaseless Edge|p1a: Krackadolt|[miss]\n|-miss|p2a: Samurott|p1a: Krackadolt\n|\n|upkeep\n|turn|3\n|\n|t:|1700102461\n|move|p1a: Krackadolt|Disable|p2a: Samurott\n|-start|p2a: Samurott|Disable|Ceaseless Edge\n|cant|p2a: Samurott|Disable|Ceaseless Edge\n|\n|upkeep\n|turn|4\n|\n|t:|1700102465\n|move|p2a: Samurott|Sucker Punch||[still]\n|-fail|p2a: Samurott\n|move|p1a: Krackadolt|Substitute|p1a: Krackadolt\n|-start|p1a: Krackadolt|Substitute\n|-damage|p1a: Krackadolt|76\/100\n|\n|-heal|p1a: Krackadolt|82\/100|[from] item: Leftovers\n|upkeep\n|turn|5\n|\n|t:|1700102481\n|move|p1a: Krackadolt|Will-O-Wisp|p2a: Samurott\n|-status|p2a: Samurott|brn\n|move|p2a: Samurott|Aqua Cutter|p1a: Krackadolt\n|-resisted|p1a: Krackadolt\n|-activate|p1a: Krackadolt|move: Substitute|[damage]\n|\n|-heal|p1a: Krackadolt|88\/100|[from] item: Leftovers\n|-damage|p2a: Samurott|94\/100 brn|[from] brn\n|upkeep\n|turn|6\n|c| Seath511|dude taht set is so sex\n|c| Dr. Wu Tomoki|gooby priest\n|inactive|kadomatsu has 270 seconds left.\n|c| Seath511|what if gooby smoked cigs\n|inactive|kadomatsu has 240 seconds left.\n|c| Seath511|what if gooby blasted cigs\n|inactive|kadomatsu has 210 seconds left.\n|\n|t:|1700102576\n|switch|p2a: Torkoal|Torkoal, M|100\/100\n|-weather|SunnyDay|[from] ability: Drought|[of] p2a: Torkoal\n|move|p1a: Krackadolt|Hex|p2a: Torkoal\n|-damage|p2a: Torkoal|75\/100\n|\n|-weather|SunnyDay|[upkeep]\n|-heal|p1a: Krackadolt|94\/100|[from] item: Leftovers\n|upkeep\n|turn|7\n|c| Dr. Wu Tomoki|mmmmmmaybe a goomy puppet\n|\n|t:|1700102591\n|move|p1a: Krackadolt|Hex|p2a: Torkoal\n|-damage|p2a: Torkoal|52\/100\n|move|p2a: Torkoal|Lava Plume|p1a: Krackadolt\n|-resisted|p1a: Krackadolt\n|-end|p1a: Krackadolt|Substitute\n|\n|-weather|SunnyDay|[upkeep]\n|-heal|p1a: Krackadolt|99\/100|[from] item: Leftovers\n|upkeep\n|turn|8\n|c| Apezilla|cost a late night fee\n|c| Apezilla|yo dik\n|c| Dr. Wu Tomoki|maybe a goomy puppet sucking my DUCK\n|\n|t:|1700102618\n|switch|p2a: Victreebel|Victreebel, M|100\/100\n|move|p1a: Krackadolt|Substitute|p1a: Krackadolt\n|-start|p1a: Krackadolt|Substitute\n|-damage|p1a: Krackadolt|75\/100\n|\n|-weather|SunnyDay|[upkeep]\n|-heal|p1a: Krackadolt|81\/100|[from] item: Leftovers\n|upkeep\n|turn|9\n|c| TheKingoftheCucks|mai dic\n|c| Apezilla|when STRAIGHT to DVD\n|c| Apezilla|went*\n|c| TheKingoftheCucks|more like DVDeez nuts\n|\n|t:|1700102645\n|move|p2a: Victreebel|Knock Off|p1a: Krackadolt\n|-supereffective|p1a: Krackadolt\n|-end|p1a: Krackadolt|Substitute\n|-damage|p2a: Victreebel|91\/100|[from] item: Life Orb\n|move|p1a: Krackadolt|Will-O-Wisp|p2a: Victreebel\n|-status|p2a: Victreebel|brn\n|\n|-weather|SunnyDay|[upkeep]\n|-heal|p1a: Krackadolt|87\/100|[from] item: Leftovers\n|-damage|p2a: Victreebel|85\/100 brn|[from] brn\n|upkeep\n|turn|10\n|inactive|SirBoogerBrain has 270 seconds left.\n|inactive|kadomatsu has 180 seconds left.\n|c| Dr. Wu Tomoki|x.com\n|c| Dr. Wu Tomoki|xxnx.com\n|inactive|kadomatsu has 150 seconds left.\n|\n|t:|1700102701\n|move|p2a: Victreebel|Swords Dance|p2a: Victreebel\n|-boost|p2a: Victreebel|atk|2\n|move|p1a: Krackadolt|Substitute|p1a: Krackadolt\n|-start|p1a: Krackadolt|Substitute\n|-damage|p1a: Krackadolt|62\/100\n|\n|-weather|SunnyDay|[upkeep]\n|-heal|p1a: Krackadolt|68\/100|[from] item: Leftovers\n|-damage|p2a: Victreebel|79\/100 brn|[from] brn\n|upkeep\n|turn|11\n|c| Apezilla|boobies.gov\n|inactive|kadomatsu has 150 seconds left.\n|inactive|SirBoogerBrain has 270 seconds left.\n|\n|t:|1700102722\n|move|p2a: Victreebel|Knock Off|p1a: Krackadolt\n|-supereffective|p1a: Krackadolt\n|-end|p1a: Krackadolt|Substitute\n|-damage|p2a: Victreebel|69\/100 brn|[from] item: Life Orb\n|move|p1a: Krackadolt|Hex|p2a: Victreebel\n|-damage|p2a: Victreebel|13\/100 brn\n|\n|-weather|SunnyDay|[upkeep]\n|-heal|p1a: Krackadolt|74\/100|[from] item: Leftovers\n|-damage|p2a: Victreebel|7\/100 brn|[from] brn\n|upkeep\n|turn|12\n|inactive|kadomatsu has 150 seconds left.\n|\n|t:|1700102738\n|switch|p1a: The Mandalorian|Mandibuzz, F|100\/100\n|move|p2a: Victreebel|Knock Off|p1a: The Mandalorian\n|-resisted|p1a: The Mandalorian\n|-damage|p1a: The Mandalorian|83\/100\n|-enditem|p1a: The Mandalorian|Heavy-Duty Boots|[from] move: Knock Off|[of] p2a: Victreebel\n|-damage|p2a: Victreebel|0 fnt|[from] item: Life Orb\n|faint|p2a: Victreebel\n|\n|-weather|SunnyDay|[upkeep]\n|upkeep\n|inactive|kadomatsu has 150 seconds left.\n|\n|t:|1700102753\n|switch|p2a: Zapdos|Zapdos|100\/100\n|turn|13\n|inactive|kadomatsu has 150 seconds left.\n|c| Apezilla|bord v bord\n|c|\u2606SirBoogerBrain|shes pretty\n|\n|t:|1700102785\n|move|p2a: Zapdos|Discharge|p1a: The Mandalorian\n|-supereffective|p1a: The Mandalorian\n|-damage|p1a: The Mandalorian|23\/100\n|-status|p1a: The Mandalorian|par\n|move|p1a: The Mandalorian|U-turn|p2a: Zapdos\n|-resisted|p2a: Zapdos\n|-damage|p2a: Zapdos|93\/100\n|\n|t:|1700102803\n|switch|p1a: Krackadolt|Dragapult, F|74\/100|[from] U-turn\n|\n|-weather|none\n|-heal|p1a: Krackadolt|80\/100|[from] item: Leftovers\n|upkeep\n|turn|14\n|\n|t:|1700102816\n|switch|p1a: Smart Dog|Slowking-Galar, M|100\/100\n|move|p2a: Zapdos|Volt Switch|p1a: Smart Dog\n|-damage|p1a: Smart Dog|82\/100\n|\n|t:|1700102836\n|switch|p2a: Espeon|Espeon, F|100\/100|[from] Volt Switch\n|\n|upkeep\n|turn|15\n|\n|t:|1700102848\n|move|p2a: Espeon|Calm Mind|p2a: Espeon\n|-boost|p2a: Espeon|spa|1\n|-boost|p2a: Espeon|spd|1\n|move|p1a: Smart Dog|Sludge Bomb|p2a: Espeon\n|-damage|p2a: Espeon|67\/100\n|-status|p2a: Espeon|psn\n|\n|-heal|p2a: Espeon|74\/100 psn|[from] item: Leftovers\n|-damage|p2a: Espeon|61\/100 psn|[from] psn\n|upkeep\n|turn|16\n|\n|t:|1700102861\n|move|p2a: Espeon|Wish|p2a: Espeon\n|move|p1a: Smart Dog|Sludge Bomb|p2a: Espeon\n|-damage|p2a: Espeon|32\/100 psn\n|\n|-heal|p2a: Espeon|38\/100 psn|[from] item: Leftovers\n|-damage|p2a: Espeon|25\/100 psn|[from] psn\n|upkeep\n|turn|17\n|inactive|kadomatsu has 120 seconds left.\n|c| Seath511|prawnhub.com\n|\n|t:|1700102917\n|move|p2a: Espeon|Calm Mind|p2a: Espeon\n|-boost|p2a: Espeon|spa|1\n|-boost|p2a: Espeon|spd|1\n|move|p1a: Smart Dog|Sludge Bomb|p2a: Espeon\n|-damage|p2a: Espeon|2\/100 psn\n|\n|-heal|p2a: Espeon|52\/100 psn|[from] move: Wish|[wisher] Espeon\n|-heal|p2a: Espeon|58\/100 psn|[from] item: Leftovers\n|-damage|p2a: Espeon|46\/100 psn|[from] psn\n|upkeep\n|turn|18\n|inactive|kadomatsu has 90 seconds left.\n|inactive|SirBoogerBrain has 270 seconds left.\n|\n|t:|1700102943\n|move|p2a: Espeon|Stored Power|p1a: Smart Dog\n|-damage|p1a: Smart Dog|39\/100\n|move|p1a: Smart Dog|Sludge Bomb|p2a: Espeon\n|-damage|p2a: Espeon|21\/100 psn\n|\n|-heal|p2a: Espeon|27\/100 psn|[from] item: Leftovers\n|-damage|p2a: Espeon|14\/100 psn|[from] psn\n|upkeep\n|turn|19\n|inactive|kadomatsu has 90 seconds left.\n|inactive|SirBoogerBrain has 270 seconds left.\n|\n|t:|1700102966\n|switch|p1a: The Mandalorian|Mandibuzz, F|23\/100 par\n|move|p2a: Espeon|Wish|p2a: Espeon\n|\n|-heal|p2a: Espeon|21\/100 psn|[from] item: Leftovers\n|-damage|p2a: Espeon|8\/100 psn|[from] psn\n|upkeep\n|turn|20\n|\n|t:|1700102977\n|move|p2a: Espeon|Draining Kiss|p1a: The Mandalorian\n|-supereffective|p1a: The Mandalorian\n|-crit|p1a: The Mandalorian\n|-damage|p1a: The Mandalorian|0 fnt\n|-heal|p2a: Espeon|31\/100 psn|[from] drain|[of] p1a: The Mandalorian\n|faint|p1a: The Mandalorian\n|\n|-heal|p2a: Espeon|80\/100 psn|[from] move: Wish|[wisher] Espeon\n|-heal|p2a: Espeon|87\/100 psn|[from] item: Leftovers\n|-damage|p2a: Espeon|74\/100 psn|[from] psn\n|upkeep\n|inactive|SirBoogerBrain has 270 seconds left.\n|\n|t:|1700102995\n|switch|p1a: Smart Dog|Slowking-Galar, M|73\/100\n|turn|21\n|inactive|SirBoogerBrain has 270 seconds left.\n|\n|t:|1700103004\n|move|p2a: Espeon|Wish|p2a: Espeon\n|move|p1a: Smart Dog|Sludge Bomb|p2a: Espeon\n|-damage|p2a: Espeon|49\/100 psn\n|\n|-heal|p2a: Espeon|56\/100 psn|[from] item: Leftovers\n|-damage|p2a: Espeon|43\/100 psn|[from] psn\n|upkeep\n|turn|22\n|inactive|kadomatsu has 90 seconds left.\n|\n|t:|1700103014\n|move|p2a: Espeon|Calm Mind|p2a: Espeon\n|-boost|p2a: Espeon|spa|1\n|-boost|p2a: Espeon|spd|1\n|move|p1a: Smart Dog|Sludge Bomb|p2a: Espeon\n|-damage|p2a: Espeon|25\/100 psn\n|\n|-heal|p2a: Espeon|75\/100 psn|[from] move: Wish|[wisher] Espeon\n|-heal|p2a: Espeon|81\/100 psn|[from] item: Leftovers\n|-damage|p2a: Espeon|69\/100 psn|[from] psn\n|upkeep\n|turn|23\n|inactive|kadomatsu has 90 seconds left.\n|\n|t:|1700103030\n|move|p2a: Espeon|Wish|p2a: Espeon\n|move|p1a: Smart Dog|Sludge Bomb|p2a: Espeon\n|-damage|p2a: Espeon|50\/100 psn\n|\n|-heal|p2a: Espeon|56\/100 psn|[from] item: Leftovers\n|-damage|p2a: Espeon|44\/100 psn|[from] psn\n|upkeep\n|turn|24\n|inactive|kadomatsu has 90 seconds left.\n|\n|t:|1700103038\n|move|p2a: Espeon|Calm Mind|p2a: Espeon\n|-boost|p2a: Espeon|spa|1\n|-boost|p2a: Espeon|spd|1\n|move|p1a: Smart Dog|Sludge Bomb|p2a: Espeon\n|-damage|p2a: Espeon|28\/100 psn\n|\n|-heal|p2a: Espeon|78\/100 psn|[from] move: Wish|[wisher] Espeon\n|-heal|p2a: Espeon|84\/100 psn|[from] item: Leftovers\n|-damage|p2a: Espeon|72\/100 psn|[from] psn\n|upkeep\n|turn|25\n|inactive|kadomatsu has 90 seconds left.\n|\n|t:|1700103049\n|move|p2a: Espeon|Stored Power|p1a: Smart Dog\n|-damage|p1a: Smart Dog|0 fnt\n|faint|p1a: Smart Dog\n|\n|-heal|p2a: Espeon|78\/100 psn|[from] item: Leftovers\n|-damage|p2a: Espeon|66\/100 psn|[from] psn\n|upkeep\n|\n|t:|1700103066\n|switch|p1a: Krackadolt|Dragapult, F|80\/100\n|turn|26\n|inactive|kadomatsu has 90 seconds left.\n|\n|t:|1700103086\n|move|p1a: Krackadolt|Hex|p2a: Espeon\n|-supereffective|p2a: Espeon\n|-damage|p2a: Espeon|34\/100 psn\n|move|p2a: Espeon|Draining Kiss|p1a: Krackadolt\n|-supereffective|p1a: Krackadolt\n|-damage|p1a: Krackadolt|0 fnt\n|-heal|p2a: Espeon|99\/100 psn|[from] drain|[of] p1a: Krackadolt\n|faint|p1a: Krackadolt\n|\n|-heal|p2a: Espeon|100\/100 psn|[from] item: Leftovers\n|-damage|p2a: Espeon|88\/100 psn|[from] psn\n|upkeep\n|\n|t:|1700103094\n|switch|p1a: Krakatoa|Garganacl, F|100\/100\n|turn|27\n|\n|t:|1700103098\n|move|p2a: Espeon|Stored Power|p1a: Krakatoa\n|-damage|p1a: Krakatoa|0 fnt\n|faint|p1a: Krakatoa\n|\n|-heal|p2a: Espeon|94\/100 psn|[from] item: Leftovers\n|-damage|p2a: Espeon|82\/100 psn|[from] psn\n|upkeep\n|\n|t:|1700103100\n|switch|p1a: Granular|Manaphy|100\/100\n|turn|28\n|\n|t:|1700103108\n|move|p2a: Espeon|Stored Power|p1a: Granular\n|-damage|p1a: Granular|0 fnt\n|faint|p1a: Granular\n|\n|-heal|p2a: Espeon|88\/100 psn|[from] item: Leftovers\n|-damage|p2a: Espeon|76\/100 psn|[from] psn\n|upkeep\n|\n|t:|1700103109\n|switch|p1a: Salazzle|Salazzle, F|100\/100\n|turn|29\n|\n|t:|1700103113\n|move|p1a: Salazzle|Substitute|p1a: Salazzle\n|-start|p1a: Salazzle|Substitute\n|-damage|p1a: Salazzle|76\/100\n|move|p2a: Espeon|Stored Power|p1a: Salazzle\n|-supereffective|p1a: Salazzle\n|-end|p1a: Salazzle|Substitute\n|\n|-heal|p1a: Salazzle|82\/100|[from] item: Black Sludge\n|-heal|p2a: Espeon|82\/100 psn|[from] item: Leftovers\n|-damage|p2a: Espeon|69\/100 psn|[from] psn\n|upkeep\n|turn|30\n|\n|t:|1700103117\n|move|p1a: Salazzle|Disable|p2a: Espeon\n|move|p2a: Espeon|Disable|p1a: Salazzle|[from]ability: Magic Bounce\n|-start|p1a: Salazzle|Disable|Disable\n|move|p2a: Espeon|Stored Power|p1a: Salazzle\n|-supereffective|p1a: Salazzle\n|-damage|p1a: Salazzle|0 fnt\n|faint|p1a: Salazzle\n|\n|win|kadomatsu\n","uploadtime":1700102681,"views":9,"p1id":"sirboogerbrain","p2id":"kadomatsu","formatid":"gen9ou","rating":0,"private":0,"password":""}