{"id":"gen9ou-2000570577","p1":"Baerriek","p2":"Juanp0093","format":"[Gen 9] OU","log":"|j|\u2606Baerriek\n|j|\u2606Juanp0093\n|t:|1701206341\n|gametype|singles\n|player|p1|Baerriek|rancher|1401\n|player|p2|Juanp0093|blue|1407\n|teamsize|p1|6\n|teamsize|p2|6\n|gen|9\n|tier|[Gen 9] OU\n|rated|\n|rule|Sleep Clause Mod: Limit one foe put to sleep\n|rule|Species Clause: Limit one of each Pok\u00e9mon\n|rule|OHKO Clause: OHKO moves are banned\n|rule|Evasion Items Clause: Evasion items are banned\n|rule|Evasion Moves Clause: Evasion moves are banned\n|rule|Endless Battle Clause: Forcing endless battles is banned\n|rule|HP Percentage Mod: HP is shown in percentages\n|clearpoke\n|poke|p1|Iron Moth|\n|poke|p1|Gholdengo|\n|poke|p1|Enamorus, F|\n|poke|p1|Ninetales-Alola, M|\n|poke|p1|Conkeldurr, M|\n|poke|p1|Great Tusk|\n|poke|p2|Slowking-Galar, F|\n|poke|p2|Cinderace, M|\n|poke|p2|Great Tusk|\n|poke|p2|Kingambit, M|\n|poke|p2|Corviknight, M|\n|poke|p2|Ogerpon-Wellspring, F|\n|teampreview\n|inactive|Battle timer is ON: inactive players will automatically lose when time's up. (requested by Juanp0093)\n|\n|t:|1701206354\n|start\n|switch|p1a: Ninetales|Ninetales-Alola, M|100\/100\n|switch|p2a: Cinderace|Cinderace, M|100\/100\n|-weather|Snow|[from] ability: Snow Warning|[of] p1a: Ninetales\n|turn|1\n|\n|t:|1701206364\n|-terastallize|p1a: Ninetales|Water\n|move|p2a: Cinderace|Pyro Ball|p1a: Ninetales\n|-resisted|p1a: Ninetales\n|-damage|p1a: Ninetales|72\/100\n|move|p1a: Ninetales|Aurora Veil|p1a: Ninetales\n|-sidestart|p1: Baerriek|move: Aurora Veil\n|\n|-weather|Snow|[upkeep]\n|upkeep\n|turn|2\n|\n|t:|1701206376\n|switch|p1a: Iron Moth|Iron Moth|100\/100\n|-enditem|p1a: Iron Moth|Booster Energy\n|-activate|p1a: Iron Moth|ability: Quark Drive|[fromitem]\n|-start|p1a: Iron Moth|quarkdrivespe\n|move|p2a: Cinderace|Court Change|p2a: Cinderace\n|-swapsideconditions\n|-activate|p2a: Cinderace|move: Court Change\n|\n|-weather|Snow|[upkeep]\n|upkeep\n|turn|3\n|\n|t:|1701206386\n|switch|p2a: Slowking|Slowking-Galar, F|100\/100\n|move|p1a: Iron Moth|Fiery Dance|p2a: Slowking\n|-damage|p2a: Slowking|89\/100\n|-boost|p1a: Iron Moth|spa|1\n|\n|-weather|Snow|[upkeep]\n|upkeep\n|turn|4\n|l|\u2606Juanp0093\n|inactive|Juanp0093 disconnected and has a minute to reconnect!\n|player|p2|\n|j|\u2606Juanp0093\n|inactive|Juanp0093 reconnected and has 125 seconds left.\n|player|p2|Juanp0093|blue\n|inactive|Juanp0093 has 120 seconds left.\n|\n|t:|1701206422\n|move|p1a: Iron Moth|Fiery Dance|p2a: Slowking\n|-damage|p2a: Slowking|72\/100\n|move|p2a: Slowking|Future Sight|p1a: Iron Moth\n|-start|p2a: Slowking|move: Future Sight\n|\n|-weather|Snow|[upkeep]\n|upkeep\n|turn|5\n|inactive|Juanp0093 has 120 seconds left.\n|\n|t:|1701206431\n|move|p1a: Iron Moth|Fiery Dance|p2a: Slowking\n|-damage|p2a: Slowking|53\/100\n|move|p2a: Slowking|Sludge Bomb|p1a: Iron Moth\n|-resisted|p1a: Iron Moth\n|-damage|p1a: Iron Moth|83\/100\n|\n|-weather|none\n|upkeep\n|turn|6\n|\n|t:|1701206436\n|move|p1a: Iron Moth|Fiery Dance|p2a: Slowking\n|-damage|p2a: Slowking|34\/100\n|move|p2a: Slowking|Slack Off|p2a: Slowking\n|-heal|p2a: Slowking|84\/100\n|\n|-end|p1a: Iron Moth|move: Future Sight\n|-supereffective|p1a: Iron Moth\n|-damage|p1a: Iron Moth|0 fnt\n|faint|p1a: Iron Moth\n|-end|p1a: Iron Moth|Quark Drive|[silent]\n|upkeep\n|\n|t:|1701206443\n|switch|p1a: Great Tusk|Great Tusk|100\/100\n|turn|7\n|\n|t:|1701206448\n|switch|p2a: Corviknight|Corviknight, M, shiny|100\/100\n|-ability|p2a: Corviknight|Pressure\n|move|p1a: Great Tusk|Headlong Rush|p2a: Corviknight\n|-immune|p2a: Corviknight\n|\n|upkeep\n|turn|8\n|\n|t:|1701206459\n|-end|p1a: Great Tusk|Protosynthesis|[silent]\n|switch|p1a: Ninetales|Ninetales-Alola, M, tera:Water|72\/100\n|-weather|Snow|[from] ability: Snow Warning|[of] p1a: Ninetales\n|move|p2a: Corviknight|U-turn|p1a: Ninetales\n|-damage|p1a: Ninetales|55\/100\n|\n|t:|1701206472\n|switch|p2a: Ogerpon|Ogerpon-Wellspring, F|100\/100|[from] U-turn\n|\n|-weather|Snow|[upkeep]\n|-sideend|p2: Juanp0093|move: Aurora Veil\n|upkeep\n|turn|9\n|\n|t:|1701206481\n|move|p2a: Ogerpon|Horn Leech|p1a: Ninetales\n|-supereffective|p1a: Ninetales\n|-damage|p1a: Ninetales|0 fnt\n|faint|p1a: Ninetales\n|\n|-weather|Snow|[upkeep]\n|upkeep\n|\n|t:|1701206490\n|switch|p1a: Gholdengo|Gholdengo|100\/100\n|turn|10\n|\n|t:|1701206502\n|move|p2a: Ogerpon|Knock Off|p1a: Gholdengo\n|-supereffective|p1a: Gholdengo\n|-damage|p1a: Gholdengo|17\/100\n|-enditem|p1a: Gholdengo|Covert Cloak|[from] move: Knock Off|[of] p2a: Ogerpon\n|move|p1a: Gholdengo|Shadow Ball|p2a: Ogerpon\n|-damage|p2a: Ogerpon|46\/100\n|\n|-weather|Snow|[upkeep]\n|upkeep\n|turn|11\n|\n|t:|1701206521\n|move|p2a: Ogerpon|Ivy Cudgel|p1a: Gholdengo|[anim] Ivy Cudgel Water\n|-damage|p1a: Gholdengo|0 fnt\n|faint|p1a: Gholdengo\n|\n|-weather|Snow|[upkeep]\n|upkeep\n|\n|t:|1701206527\n|switch|p1a: Conkeldurr|Conkeldurr, M|100\/100\n|turn|12\n|\n|t:|1701206535\n|move|p1a: Conkeldurr|Mach Punch|p2a: Ogerpon\n|-damage|p2a: Ogerpon|13\/100\n|move|p2a: Ogerpon|Knock Off|p1a: Conkeldurr\n|-resisted|p1a: Conkeldurr\n|-damage|p1a: Conkeldurr|82\/100\n|-enditem|p1a: Conkeldurr|Flame Orb|[from] move: Knock Off|[of] p2a: Ogerpon\n|\n|-weather|none\n|upkeep\n|turn|13\n|\n|t:|1701206551\n|switch|p2a: Corviknight|Corviknight, M, shiny|100\/100\n|-ability|p2a: Corviknight|Pressure\n|move|p1a: Conkeldurr|Mach Punch|p2a: Corviknight\n|-damage|p2a: Corviknight|83\/100\n|\n|-heal|p2a: Corviknight|89\/100|[from] item: Leftovers\n|upkeep\n|turn|14\n|\n|t:|1701206562\n|move|p2a: Corviknight|Iron Defense|p2a: Corviknight\n|-boost|p2a: Corviknight|def|2\n|move|p1a: Conkeldurr|Close Combat|p2a: Corviknight\n|-crit|p2a: Corviknight\n|-damage|p2a: Corviknight|11\/100\n|-unboost|p1a: Conkeldurr|def|1\n|-unboost|p1a: Conkeldurr|spd|1\n|\n|-heal|p2a: Corviknight|17\/100|[from] item: Leftovers\n|upkeep\n|turn|15\n|\n|t:|1701206571\n|move|p2a: Corviknight|Roost|p2a: Corviknight\n|-heal|p2a: Corviknight|67\/100\n|-singleturn|p2a: Corviknight|move: Roost\n|move|p1a: Conkeldurr|Close Combat|p2a: Corviknight\n|-supereffective|p2a: Corviknight\n|-damage|p2a: Corviknight|16\/100\n|-unboost|p1a: Conkeldurr|def|1\n|-unboost|p1a: Conkeldurr|spd|1\n|\n|-heal|p2a: Corviknight|22\/100|[from] item: Leftovers\n|upkeep\n|turn|16\n|\n|t:|1701206584\n|move|p2a: Corviknight|Body Press|p1a: Conkeldurr\n|-damage|p1a: Conkeldurr|0 fnt\n|faint|p1a: Conkeldurr\n|\n|-heal|p2a: Corviknight|28\/100|[from] item: Leftovers\n|upkeep\n|\n|t:|1701206587\n|switch|p1a: Great Tusk|Great Tusk|100\/100\n|turn|17\n|\n|t:|1701206591\n|move|p1a: Great Tusk|Close Combat|p2a: Corviknight\n|-damage|p2a: Corviknight|6\/100\n|-unboost|p1a: Great Tusk|def|1\n|-unboost|p1a: Great Tusk|spd|1\n|move|p2a: Corviknight|Body Press|p1a: Great Tusk\n|-damage|p1a: Great Tusk|50\/100\n|\n|-heal|p1a: Great Tusk|56\/100|[from] item: Leftovers\n|-heal|p2a: Corviknight|12\/100|[from] item: Leftovers\n|upkeep\n|turn|18\n|\n|t:|1701206601\n|move|p1a: Great Tusk|Close Combat|p2a: Corviknight\n|-crit|p2a: Corviknight\n|-damage|p2a: Corviknight|0 fnt\n|-unboost|p1a: Great Tusk|def|1\n|-unboost|p1a: Great Tusk|spd|1\n|faint|p2a: Corviknight\n|\n|-heal|p1a: Great Tusk|62\/100|[from] item: Leftovers\n|upkeep\n|\n|t:|1701206606\n|switch|p2a: Ogerpon|Ogerpon-Wellspring, F|13\/100\n|turn|19\n|\n|t:|1701206609\n|move|p2a: Ogerpon|Horn Leech|p1a: Great Tusk\n|-supereffective|p1a: Great Tusk\n|-damage|p1a: Great Tusk|0 fnt\n|-heal|p2a: Ogerpon|51\/100|[from] drain|[of] p1a: Great Tusk\n|faint|p1a: Great Tusk\n|-end|p1a: Great Tusk|Protosynthesis|[silent]\n|\n|upkeep\n|\n|t:|1701206611\n|switch|p1a: Enamorus|Enamorus, F|100\/100\n|turn|20\n|\n|t:|1701206620\n|switch|p2a: Slowking|Slowking-Galar, F|100\/100\n|move|p1a: Enamorus|Moonblast|p2a: Slowking\n|-resisted|p2a: Slowking\n|-damage|p2a: Slowking|85\/100\n|\n|upkeep\n|turn|21\n|\n|t:|1701206627\n|move|p1a: Enamorus|Calm Mind|p1a: Enamorus\n|-boost|p1a: Enamorus|spa|1\n|-boost|p1a: Enamorus|spd|1\n|move|p2a: Slowking|Sludge Bomb|p1a: Enamorus\n|-supereffective|p1a: Enamorus\n|-damage|p1a: Enamorus|35\/100\n|\n|-heal|p1a: Enamorus|42\/100|[from] item: Leftovers\n|upkeep\n|turn|22\n|\n|t:|1701206633\n|move|p1a: Enamorus|Earth Power|p2a: Slowking\n|-supereffective|p2a: Slowking\n|-damage|p2a: Slowking|25\/100\n|move|p2a: Slowking|Sludge Bomb|p1a: Enamorus\n|-supereffective|p1a: Enamorus\n|-damage|p1a: Enamorus|0 fnt\n|faint|p1a: Enamorus\n|\n|win|Juanp0093\n|raw|Baerriek's rating: 1401 &rarr; <strong>1381<\/strong><br \/>(-20 for losing)\n|raw|Juanp0093's rating: 1407 &rarr; <strong>1427<\/strong><br \/>(+20 for winning)\n|l|\u2606Baerriek\n","uploadtime":1701207047,"views":0,"p1id":"baerriek","p2id":"juanp0093","formatid":"gen9ou","rating":1381,"private":0,"password":""}