{"id":"gen9ou-1994935328","p1":"Lacksatives","p2":"phython4","format":"[Gen 9] OU","log":"|j|\u2606Lacksatives\n|j|\u2606phython4\n|t:|1700506091\n|gametype|singles\n|player|p1|Lacksatives|swimmer-masters|1360\n|player|p2|phython4|169|1362\n|teamsize|p1|6\n|teamsize|p2|6\n|gen|9\n|tier|[Gen 9] OU\n|rated|\n|rule|Sleep Clause Mod: Limit one foe put to sleep\n|rule|Species Clause: Limit one of each Pok\u00e9mon\n|rule|OHKO Clause: OHKO moves are banned\n|rule|Evasion Items Clause: Evasion items are banned\n|rule|Evasion Moves Clause: Evasion moves are banned\n|rule|Endless Battle Clause: Forcing endless battles is banned\n|rule|HP Percentage Mod: HP is shown in percentages\n|clearpoke\n|poke|p1|Okidogi, M|\n|poke|p1|Rillaboom, M|\n|poke|p1|Ursaluna, M|\n|poke|p1|Heatran, F|\n|poke|p1|Zapdos|\n|poke|p1|Kingambit, F|\n|poke|p2|Weavile, F|\n|poke|p2|Dragapult, F|\n|poke|p2|Rillaboom, F|\n|poke|p2|Great Tusk|\n|poke|p2|Cinderace, M|\n|poke|p2|Gholdengo|\n|teampreview\n|inactive|Battle timer is ON: inactive players will automatically lose when time's up. (requested by phython4)\n|\n|t:|1700506103\n|start\n|switch|p1a: Okidogi|Okidogi, M|100\/100\n|switch|p2a: Weavile|Weavile, F|100\/100\n|-ability|p2a: Weavile|Pressure\n|turn|1\n|\n|t:|1700506117\n|switch|p2a: Gholdengo|Gholdengo|100\/100\n|move|p1a: Okidogi|Knock Off|p2a: Gholdengo\n|-supereffective|p2a: Gholdengo\n|-damage|p2a: Gholdengo|55\/100\n|-enditem|p2a: Gholdengo|Leftovers|[from] move: Knock Off|[of] p1a: Okidogi\n|\n|upkeep\n|turn|2\n|\n|t:|1700506123\n|switch|p1a: Heatran|Heatran, F|100\/100\n|move|p2a: Gholdengo|Recover|p2a: Gholdengo\n|-heal|p2a: Gholdengo|100\/100\n|\n|upkeep\n|turn|3\n|\n|t:|1700506131\n|move|p2a: Gholdengo|Shadow Ball|p1a: Heatran\n|-damage|p1a: Heatran|78\/100\n|move|p1a: Heatran|Magma Storm|p2a: Gholdengo\n|-supereffective|p2a: Gholdengo\n|-damage|p2a: Gholdengo|9\/100\n|-activate|p2a: Gholdengo|move: Magma Storm|[of] p1a: Heatran\n|\n|-heal|p1a: Heatran|84\/100|[from] item: Leftovers\n|-damage|p2a: Gholdengo|0 fnt|[from] move: Magma Storm|[partiallytrapped]\n|faint|p2a: Gholdengo\n|upkeep\n|\n|t:|1700506135\n|switch|p2a: Weavile|Weavile, F|100\/100\n|-ability|p2a: Weavile|Pressure\n|turn|4\n|\n|t:|1700506138\n|move|p2a: Weavile|Swords Dance|p2a: Weavile\n|-boost|p2a: Weavile|atk|2\n|move|p1a: Heatran|Stealth Rock|p2a: Weavile\n|-sidestart|p2: phython4|move: Stealth Rock\n|\n|-heal|p1a: Heatran|90\/100|[from] item: Leftovers\n|upkeep\n|turn|5\n|\n|t:|1700506140\n|move|p2a: Weavile|Low Kick|p1a: Heatran\n|-supereffective|p1a: Heatran\n|-damage|p1a: Heatran|0 fnt\n|faint|p1a: Heatran\n|\n|upkeep\n|\n|t:|1700506143\n|switch|p1a: Zapdos|Zapdos|100\/100\n|turn|6\n|\n|t:|1700506149\n|move|p2a: Weavile|Icicle Spear|p1a: Zapdos\n|-supereffective|p1a: Zapdos\n|-damage|p1a: Zapdos|66\/100\n|-supereffective|p1a: Zapdos\n|-damage|p1a: Zapdos|30\/100\n|-supereffective|p1a: Zapdos\n|-damage|p1a: Zapdos|0 fnt\n|faint|p1a: Zapdos\n|-hitcount|p1: Zapdos|3\n|\n|upkeep\n|\n|t:|1700506159\n|switch|p1a: Kingambit|Kingambit, F|100\/100\n|-activate|p1a: Kingambit|ability: Supreme Overlord\n|-start|p1a: Kingambit|fallen2|[silent]\n|turn|7\n|\n|t:|1700506167\n|-terastallize|p1a: Kingambit|Fairy\n|move|p2a: Weavile|Low Kick|p1a: Kingambit\n|-resisted|p1a: Kingambit\n|-damage|p1a: Kingambit|76\/100\n|move|p1a: Kingambit|Tera Blast|p2a: Weavile|[anim] Tera Blast Fairy\n|-supereffective|p2a: Weavile\n|-damage|p2a: Weavile|0 fnt\n|faint|p2a: Weavile\n|\n|upkeep\n|\n|t:|1700506173\n|switch|p2a: Cinderace|Cinderace, M|100\/100\n|turn|8\n|\n|t:|1700506177\n|move|p2a: Cinderace|Will-O-Wisp|p1a: Kingambit\n|-status|p1a: Kingambit|brn\n|-enditem|p1a: Kingambit|Lum Berry|[eat]\n|-curestatus|p1a: Kingambit|brn|[msg]\n|move|p1a: Kingambit|Kowtow Cleave|p2a: Cinderace\n|-damage|p2a: Cinderace|35\/100\n|\n|upkeep\n|turn|9\n|\n|t:|1700506181\n|-end|p1a: Kingambit|fallen2|[silent]\n|switch|p1a: Ursaluna|Ursaluna, M|100\/100\n|move|p2a: Cinderace|Pyro Ball|p1a: Ursaluna\n|-damage|p1a: Ursaluna|67\/100\n|\n|-status|p1a: Ursaluna|brn|[from] item: Flame Orb\n|upkeep\n|turn|10\n|\n|t:|1700506188\n|move|p2a: Cinderace|U-turn|p1a: Ursaluna\n|-damage|p1a: Ursaluna|54\/100 brn\n|\n|t:|1700506192\n|switch|p2a: Great Tusk|Great Tusk|100\/100|[from] U-turn\n|-damage|p2a: Great Tusk|98\/100|[from] Stealth Rock\n|move|p1a: Ursaluna|Headlong Rush|p2a: Great Tusk\n|-damage|p2a: Great Tusk|27\/100\n|-unboost|p1a: Ursaluna|def|1\n|-unboost|p1a: Ursaluna|spd|1\n|\n|-heal|p2a: Great Tusk|33\/100|[from] item: Leftovers\n|-damage|p1a: Ursaluna|48\/100 brn|[from] brn\n|upkeep\n|turn|11\n|\n|t:|1700506200\n|switch|p1a: Rillaboom|Rillaboom, M|100\/100\n|-fieldstart|move: Grassy Terrain|[from] ability: Grassy Surge|[of] p1a: Rillaboom\n|move|p2a: Great Tusk|Rapid Spin|p1a: Rillaboom\n|-damage|p1a: Rillaboom|83\/100\n|-boost|p2a: Great Tusk|spe|1\n|-sideend|p2: phython4|Stealth Rock|[from] move: Rapid Spin|[of] p2a: Great Tusk\n|\n|-heal|p2a: Great Tusk|39\/100|[from] Grassy Terrain\n|-heal|p2a: Great Tusk|46\/100|[from] item: Leftovers\n|-heal|p1a: Rillaboom|89\/100|[from] Grassy Terrain\n|upkeep\n|turn|12\n|\n|t:|1700506207\n|move|p1a: Rillaboom|Grassy Glide|p2a: Great Tusk\n|-supereffective|p2a: Great Tusk\n|-damage|p2a: Great Tusk|0 fnt\n|faint|p2a: Great Tusk\n|-end|p2a: Great Tusk|Protosynthesis|[silent]\n|\n|-heal|p1a: Rillaboom|96\/100|[from] Grassy Terrain\n|upkeep\n|\n|t:|1700506211\n|switch|p2a: Rillaboom|Rillaboom, F|100\/100\n|turn|13\n|\n|t:|1700506217\n|switch|p1a: Ursaluna|Ursaluna, M|48\/100 brn\n|move|p2a: Rillaboom|U-turn|p1a: Ursaluna\n|-damage|p1a: Ursaluna|17\/100 brn\n|\n|t:|1700506224\n|switch|p2a: Dragapult|Dragapult, F|100\/100|[from] U-turn\n|\n|-heal|p1a: Ursaluna|23\/100 brn|[from] Grassy Terrain\n|-damage|p1a: Ursaluna|17\/100 brn|[from] brn\n|upkeep\n|turn|14\n|\n|t:|1700506227\n|move|p2a: Dragapult|Draco Meteor|p1a: Ursaluna\n|-damage|p1a: Ursaluna|0 fnt\n|-unboost|p2a: Dragapult|spa|2\n|faint|p1a: Ursaluna\n|\n|upkeep\n|\n|t:|1700506233\n|switch|p1a: Kingambit|Kingambit, F, tera:Fairy|76\/100\n|-activate|p1a: Kingambit|ability: Supreme Overlord\n|-start|p1a: Kingambit|fallen3|[silent]\n|turn|15\n|\n|t:|1700506238\n|switch|p2a: Rillaboom|Rillaboom, F|100\/100\n|move|p1a: Kingambit|Kowtow Cleave|p2a: Rillaboom\n|-damage|p2a: Rillaboom|41\/100\n|\n|-heal|p2a: Rillaboom|47\/100|[from] Grassy Terrain\n|-heal|p1a: Kingambit|82\/100|[from] Grassy Terrain\n|-fieldend|move: Grassy Terrain\n|upkeep\n|turn|16\n|\n|t:|1700506248\n|switch|p2a: Cinderace|Cinderace, M|35\/100\n|move|p1a: Kingambit|Kowtow Cleave|p2a: Cinderace\n|-damage|p2a: Cinderace|0 fnt\n|faint|p2a: Cinderace\n|\n|upkeep\n|\n|t:|1700506250\n|switch|p2a: Rillaboom|Rillaboom, F|47\/100\n|-fieldstart|move: Grassy Terrain|[from] ability: Grassy Surge|[of] p2a: Rillaboom\n|turn|17\n|\n|t:|1700506254\n|-end|p1a: Kingambit|fallen3|[silent]\n|switch|p1a: Okidogi|Okidogi, M|100\/100\n|-terastallize|p2a: Rillaboom|Grass\n|move|p2a: Rillaboom|Grassy Glide|p1a: Okidogi\n|-resisted|p1a: Okidogi\n|-damage|p1a: Okidogi|64\/100\n|\n|-heal|p1a: Okidogi|70\/100|[from] Grassy Terrain\n|-heal|p1a: Okidogi|76\/100|[from] item: Leftovers\n|-heal|p2a: Rillaboom|53\/100|[from] Grassy Terrain\n|upkeep\n|turn|18\n|\n|t:|1700506260\n|switch|p2a: Dragapult|Dragapult, F|100\/100\n|move|p1a: Okidogi|Gunk Shot|p2a: Dragapult\n|-resisted|p2a: Dragapult\n|-damage|p2a: Dragapult|55\/100\n|-status|p2a: Dragapult|tox|[from] ability: Toxic Chain|[of] p1a: Okidogi\n|\n|-heal|p2a: Dragapult|61\/100 tox|[from] Grassy Terrain\n|-heal|p1a: Okidogi|82\/100|[from] Grassy Terrain\n|-heal|p1a: Okidogi|88\/100|[from] item: Leftovers\n|-damage|p2a: Dragapult|55\/100 tox|[from] psn\n|upkeep\n|turn|19\n|\n|t:|1700506266\n|move|p2a: Dragapult|Shadow Ball|p1a: Okidogi\n|-damage|p1a: Okidogi|21\/100\n|move|p1a: Okidogi|Knock Off|p2a: Dragapult\n|-supereffective|p2a: Dragapult\n|-damage|p2a: Dragapult|0 fnt\n|-enditem|p2a: Dragapult|Choice Specs|[from] move: Knock Off|[of] p1a: Okidogi\n|faint|p2a: Dragapult\n|\n|-heal|p1a: Okidogi|27\/100|[from] Grassy Terrain\n|-heal|p1a: Okidogi|33\/100|[from] item: Leftovers\n|upkeep\n|\n|t:|1700506275\n|switch|p2a: Rillaboom|Rillaboom, F, tera:Grass|53\/100\n|turn|20\n|\n|t:|1700506277\n|move|p2a: Rillaboom|Grassy Glide|p1a: Okidogi\n|-resisted|p1a: Okidogi\n|-damage|p1a: Okidogi|0 fnt\n|faint|p1a: Okidogi\n|\n|-heal|p2a: Rillaboom|59\/100|[from] Grassy Terrain\n|upkeep\n|\n|t:|1700506280\n|switch|p1a: Rillaboom|Rillaboom, M|96\/100\n|turn|21\n|\n|t:|1700506283\n|move|p2a: Rillaboom|Grassy Glide|p1a: Rillaboom\n|-resisted|p1a: Rillaboom\n|-damage|p1a: Rillaboom|54\/100\n|move|p1a: Rillaboom|U-turn|p2a: Rillaboom\n|-supereffective|p2a: Rillaboom\n|-damage|p2a: Rillaboom|0 fnt\n|faint|p2a: Rillaboom\n|\n|win|Lacksatives\n|raw|Lacksatives's rating: 1360 &rarr; <strong>1380<\/strong><br \/>(+20 for winning)\n|raw|phython4's rating: 1362 &rarr; <strong>1342<\/strong><br \/>(-20 for losing)\n","uploadtime":1700506286,"views":9,"p1id":"lacksatives","p2id":"phython4","formatid":"gen9ou","rating":1342,"private":0,"password":""}