{"id":"gen9ou-1993295012","p1":"Boot Scootin Baby","p2":"QuackBarz","format":"[Gen 9] OU","log":"|j|\u2606Boot Scootin Baby\n|j|\u2606QuackBarz\n|t:|1700292340\n|gametype|singles\n|player|p1|Boot Scootin Baby|clay|1169\n|player|p2|QuackBarz|266|1172\n|teamsize|p1|6\n|teamsize|p2|6\n|gen|9\n|tier|[Gen 9] OU\n|rated|\n|rule|Sleep Clause Mod: Limit one foe put to sleep\n|rule|Species Clause: Limit one of each Pok\u00e9mon\n|rule|OHKO Clause: OHKO moves are banned\n|rule|Evasion Items Clause: Evasion items are banned\n|rule|Evasion Moves Clause: Evasion moves are banned\n|rule|Endless Battle Clause: Forcing endless battles is banned\n|rule|HP Percentage Mod: HP is shown in percentages\n|clearpoke\n|poke|p1|Dragonite, M|\n|poke|p1|Alomomola, F|\n|poke|p1|Ting-Lu|\n|poke|p1|Gholdengo|\n|poke|p1|Great Tusk|\n|poke|p1|Iron Valiant|\n|poke|p2|Scizor, M|\n|poke|p2|Gastrodon, F|\n|poke|p2|Zapdos|\n|poke|p2|Landorus-Therian, M|\n|poke|p2|Ambipom, F|\n|poke|p2|Cinderace, F|\n|teampreview\n|inactive|Battle timer is ON: inactive players will automatically lose when time's up. (requested by Boot Scootin Baby)\n|\n|t:|1700292368\n|start\n|switch|p1a: Gholdengo|Gholdengo|100\/100\n|switch|p2a: Zapdos|Zapdos|100\/100\n|turn|1\n|\n|t:|1700292385\n|switch|p1a: Ting-Lu|Ting-Lu|100\/100\n|-ability|p1a: Ting-Lu|Vessel of Ruin\n|move|p2a: Zapdos|Thunder|p1a: Ting-Lu\n|-immune|p1a: Ting-Lu\n|\n|upkeep\n|turn|2\n|\n|t:|1700292396\n|switch|p2a: Scizor|Scizor, M|100\/100\n|move|p1a: Ting-Lu|Ruination|p2a: Scizor|[miss]\n|-miss|p1a: Ting-Lu|p2a: Scizor\n|\n|upkeep\n|turn|3\n|inactive|Boot Scootin Baby has 120 seconds left.\n|\n|t:|1700292422\n|switch|p1a: Great Tusk|Great Tusk|100\/100\n|move|p2a: Scizor|U-turn|p1a: Great Tusk\n|-resisted|p1a: Great Tusk\n|-damage|p1a: Great Tusk|79\/100\n|-damage|p2a: Scizor|84\/100|[from] item: Rocky Helmet|[of] p1a: Great Tusk\n|\n|t:|1700292437\n|switch|p2a: Gastrodon|Gastrodon, F|100\/100|[from] U-turn\n|\n|upkeep\n|turn|4\n|inactive|Boot Scootin Baby has 120 seconds left.\n|\n|t:|1700292468\n|move|p1a: Great Tusk|Stealth Rock|p2a: Gastrodon\n|-sidestart|p2: QuackBarz|move: Stealth Rock\n|move|p2a: Gastrodon|Chilling Water|p1a: Great Tusk\n|-supereffective|p1a: Great Tusk\n|-damage|p1a: Great Tusk|13\/100\n|-unboost|p1a: Great Tusk|atk|1\n|\n|upkeep\n|turn|5\n|\n|t:|1700292474\n|-end|p1a: Great Tusk|Protosynthesis|[silent]\n|switch|p1a: Alomomola|Alomomola, F|100\/100\n|move|p2a: Gastrodon|Ice Beam|p1a: Alomomola\n|-resisted|p1a: Alomomola\n|-crit|p1a: Alomomola\n|-damage|p1a: Alomomola|77\/100\n|\n|upkeep\n|turn|6\n|\n|t:|1700292482\n|move|p1a: Alomomola|Protect|p1a: Alomomola\n|-singleturn|p1a: Alomomola|Protect\n|move|p2a: Gastrodon|Chilling Water|p1a: Alomomola\n|-activate|p1a: Alomomola|move: Protect\n|\n|upkeep\n|turn|7\n|\n|t:|1700292486\n|move|p1a: Alomomola|Wish|p1a: Alomomola\n|move|p2a: Gastrodon|Earth Power|p1a: Alomomola\n|-damage|p1a: Alomomola|30\/100\n|\n|upkeep\n|turn|8\n|\n|t:|1700292495\n|move|p1a: Alomomola|Protect|p1a: Alomomola\n|-singleturn|p1a: Alomomola|Protect\n|move|p2a: Gastrodon|Chilling Water|p1a: Alomomola\n|-activate|p1a: Alomomola|move: Protect\n|\n|-heal|p1a: Alomomola|80\/100|[from] move: Wish|[wisher] Alomomola\n|upkeep\n|turn|9\n|\n|t:|1700292512\n|switch|p1a: Dragonite|Dragonite, M|100\/100\n|move|p2a: Gastrodon|Ice Beam|p1a: Dragonite\n|-supereffective|p1a: Dragonite\n|-damage|p1a: Dragonite|48\/100\n|\n|upkeep\n|turn|10\n|\n|t:|1700292517\n|move|p1a: Dragonite|Dragon Claw|p2a: Gastrodon\n|-damage|p2a: Gastrodon|50\/100\n|move|p2a: Gastrodon|Ice Beam|p1a: Dragonite\n|-supereffective|p1a: Dragonite\n|-damage|p1a: Dragonite|0 fnt\n|faint|p1a: Dragonite\n|\n|-heal|p2a: Gastrodon|56\/100|[from] item: Leftovers\n|upkeep\n|\n|t:|1700292521\n|switch|p1a: Gholdengo|Gholdengo|100\/100\n|turn|11\n|\n|t:|1700292527\n|switch|p2a: Ambipom|Ambipom, F|100\/100\n|-damage|p2a: Ambipom|88\/100|[from] Stealth Rock\n|move|p1a: Gholdengo|Nasty Plot|p1a: Gholdengo\n|-boost|p1a: Gholdengo|spa|2\n|\n|upkeep\n|turn|12\n|\n|t:|1700292534\n|move|p2a: Ambipom|Knock Off|p1a: Gholdengo\n|-supereffective|p1a: Gholdengo\n|-damage|p1a: Gholdengo|61\/100\n|-enditem|p1a: Gholdengo|Leftovers|[from] move: Knock Off|[of] p2a: Ambipom\n|move|p1a: Gholdengo|Make It Rain|p2a: Ambipom\n|-damage|p2a: Ambipom|0 fnt\n|-unboost|p1a: Gholdengo|spa|1\n|faint|p2a: Ambipom\n|\n|upkeep\n|\n|t:|1700292539\n|switch|p2a: Cinderace|Cinderace, F|100\/100\n|turn|13\n|\n|t:|1700292544\n|switch|p1a: Alomomola|Alomomola, F|100\/100\n|move|p2a: Cinderace|Pyro Ball|p1a: Alomomola\n|-resisted|p1a: Alomomola\n|-damage|p1a: Alomomola|86\/100\n|\n|upkeep\n|turn|14\n|\n|t:|1700292551\n|move|p2a: Cinderace|Gunk Shot|p1a: Alomomola\n|-start|p2a: Cinderace|typechange|Poison|[from] ability: Libero\n|-damage|p1a: Alomomola|53\/100\n|-status|p1a: Alomomola|psn\n|move|p1a: Alomomola|Wish|p1a: Alomomola\n|\n|-damage|p1a: Alomomola|41\/100 psn|[from] psn\n|upkeep\n|turn|15\n|\n|t:|1700292554\n|move|p2a: Cinderace|Court Change|p2a: Cinderace\n|-swapsideconditions\n|-activate|p2a: Cinderace|move: Court Change\n|move|p1a: Alomomola|Flip Turn|p2a: Cinderace\n|-damage|p2a: Cinderace|77\/100\n|\n|t:|1700292559\n|switch|p1a: Great Tusk|Great Tusk|13\/100|[from] Flip Turn\n|-damage|p1a: Great Tusk|10\/100|[from] Stealth Rock\n|\n|-heal|p1a: Great Tusk|82\/100|[from] move: Wish|[wisher] Alomomola\n|upkeep\n|turn|16\n|\n|t:|1700292565\n|switch|p2a: Zapdos|Zapdos|100\/100\n|move|p1a: Great Tusk|Rapid Spin|p2a: Zapdos\n|-damage|p2a: Zapdos|78\/100\n|-boost|p1a: Great Tusk|spe|1\n|-status|p1a: Great Tusk|par|[from] ability: Static|[of] p2a: Zapdos\n|-sideend|p1: Boot Scootin Baby|Stealth Rock|[from] move: Rapid Spin|[of] p1a: Great Tusk\n|\n|upkeep\n|turn|17\n|\n|t:|1700292569\n|-end|p1a: Great Tusk|Protosynthesis|[silent]\n|switch|p1a: Ting-Lu|Ting-Lu|100\/100\n|-ability|p1a: Ting-Lu|Vessel of Ruin\n|move|p2a: Zapdos|Hurricane|p1a: Ting-Lu|[miss]\n|-miss|p2a: Zapdos|p1a: Ting-Lu\n|\n|upkeep\n|turn|18\n|\n|t:|1700292579\n|switch|p2a: Scizor|Scizor, M|84\/100\n|move|p1a: Ting-Lu|Spikes|p2a: Scizor\n|-sidestart|p2: QuackBarz|Spikes\n|\n|upkeep\n|turn|19\n|\n|t:|1700292583\n|switch|p1a: Great Tusk|Great Tusk|82\/100 par\n|move|p2a: Scizor|U-turn|p1a: Great Tusk\n|-resisted|p1a: Great Tusk\n|-damage|p1a: Great Tusk|60\/100 par\n|-damage|p2a: Scizor|67\/100|[from] item: Rocky Helmet|[of] p1a: Great Tusk\n|\n|t:|1700292588\n|switch|p2a: Zapdos|Zapdos|78\/100|[from] U-turn\n|\n|upkeep\n|turn|20\n|\n|t:|1700292597\n|-end|p1a: Great Tusk|Protosynthesis|[silent]\n|switch|p1a: Ting-Lu|Ting-Lu|100\/100\n|-ability|p1a: Ting-Lu|Vessel of Ruin\n|move|p2a: Zapdos|Hurricane|p1a: Ting-Lu\n|-damage|p1a: Ting-Lu|68\/100\n|-damage|p2a: Zapdos|68\/100|[from] item: Life Orb\n|\n|-heal|p1a: Ting-Lu|74\/100|[from] item: Leftovers\n|upkeep\n|turn|21\n|\n|t:|1700292609\n|move|p2a: Zapdos|Hurricane|p1a: Ting-Lu|[miss]\n|-miss|p2a: Zapdos|p1a: Ting-Lu\n|move|p1a: Ting-Lu|Earthquake|p2a: Zapdos\n|-immune|p2a: Zapdos\n|\n|-heal|p1a: Ting-Lu|80\/100|[from] item: Leftovers\n|upkeep\n|turn|22\n|\n|t:|1700292612\n|move|p2a: Zapdos|Hurricane|p1a: Ting-Lu\n|-damage|p1a: Ting-Lu|44\/100\n|-start|p1a: Ting-Lu|confusion\n|-damage|p2a: Zapdos|58\/100|[from] item: Life Orb\n|-activate|p1a: Ting-Lu|confusion\n|move|p1a: Ting-Lu|Ruination|p2a: Zapdos\n|-damage|p2a: Zapdos|29\/100\n|\n|-heal|p1a: Ting-Lu|50\/100|[from] item: Leftovers\n|upkeep\n|turn|23\n|\n|t:|1700292617\n|move|p2a: Zapdos|Roost|p2a: Zapdos\n|-heal|p2a: Zapdos|79\/100\n|-singleturn|p2a: Zapdos|move: Roost\n|-activate|p1a: Ting-Lu|confusion\n|move|p1a: Ting-Lu|Whirlwind|p2a: Zapdos\n|drag|p2a: Cinderace|Cinderace, F|77\/100\n|\n|-heal|p1a: Ting-Lu|57\/100|[from] item: Leftovers\n|upkeep\n|turn|24\n|\n|t:|1700292624\n|move|p2a: Cinderace|Court Change|p2a: Cinderace\n|-start|p2a: Cinderace|typechange|Normal|[from] ability: Libero\n|-swapsideconditions\n|-activate|p2a: Cinderace|move: Court Change\n|-end|p1a: Ting-Lu|confusion\n|move|p1a: Ting-Lu|Earthquake|p2a: Cinderace\n|-damage|p2a: Cinderace|24\/100\n|\n|-heal|p1a: Ting-Lu|63\/100|[from] item: Leftovers\n|upkeep\n|turn|25\n|\n|t:|1700292630\n|switch|p1a: Great Tusk|Great Tusk|60\/100 par\n|-damage|p1a: Great Tusk|47\/100 par|[from] Spikes\n|move|p2a: Cinderace|High Jump Kick|p1a: Great Tusk\n|-damage|p1a: Great Tusk|19\/100 par\n|-damage|p2a: Cinderace|7\/100|[from] item: Rocky Helmet|[of] p1a: Great Tusk\n|\n|upkeep\n|turn|26\n|\n|t:|1700292636\n|move|p2a: Cinderace|Pyro Ball|p1a: Great Tusk\n|-crit|p1a: Great Tusk\n|-damage|p1a: Great Tusk|0 fnt\n|faint|p1a: Great Tusk\n|-end|p1a: Great Tusk|Protosynthesis|[silent]\n|\n|upkeep\n|\n|t:|1700292646\n|switch|p1a: Alomomola|Alomomola, F|74\/100 psn\n|turn|27\n|\n|t:|1700292650\n|switch|p2a: Gastrodon|Gastrodon, F|56\/100\n|move|p1a: Alomomola|Flip Turn|p2a: Gastrodon\n|-ability|p2a: Gastrodon|Storm Drain|boost\n|-boost|p2a: Gastrodon|spa|1\n|\n|-heal|p2a: Gastrodon|62\/100|[from] item: Leftovers\n|-damage|p1a: Alomomola|62\/100 psn|[from] psn\n|upkeep\n|turn|28\n|-message|Boot Scootin Baby forfeited.\n|\n|win|QuackBarz\n|raw|Boot Scootin Baby's rating: 1169 &rarr; <strong>1144<\/strong><br \/>(-25 for losing)\n|raw|QuackBarz's rating: 1172 &rarr; <strong>1197<\/strong><br \/>(+25 for winning)\n|l|\u2606Boot Scootin Baby\n","uploadtime":1700292668,"views":10,"p1id":"bootscootinbaby","p2id":"quackbarz","formatid":"gen9ou","rating":1144,"private":0,"password":""}