{"id":"gen9ou-1994216962","p1":"Fentiwapp","p2":"gregoisback_","format":"[Gen 9] OU","log":"|j|\u2606Fentiwapp\n|j|\u2606gregoisback_\n|t:|1700419977\n|gametype|singles\n|player|p1|Fentiwapp|pokemonbreeder-gen4|1270\n|player|p2|gregoisback_|nate|1254\n|teamsize|p1|6\n|teamsize|p2|6\n|gen|9\n|tier|[Gen 9] OU\n|rated|\n|rule|Sleep Clause Mod: Limit one foe put to sleep\n|rule|Species Clause: Limit one of each Pok\u00e9mon\n|rule|OHKO Clause: OHKO moves are banned\n|rule|Evasion Items Clause: Evasion items are banned\n|rule|Evasion Moves Clause: Evasion moves are banned\n|rule|Endless Battle Clause: Forcing endless battles is banned\n|rule|HP Percentage Mod: HP is shown in percentages\n|clearpoke\n|poke|p1|Amoonguss, M|\n|poke|p1|Dragonite, F|\n|poke|p1|Armarouge, M|\n|poke|p1|Grimmsnarl, M|\n|poke|p1|Ogerpon-Wellspring, F|\n|poke|p1|Glimmora, M|\n|poke|p2|Ribombee, F|\n|poke|p2|Great Tusk|\n|poke|p2|Gholdengo|\n|poke|p2|Manaphy|\n|poke|p2|Kingambit, F|\n|poke|p2|Iron Moth|\n|teampreview\n|\n|t:|1700419999\n|start\n|switch|p1a: Butt Plug|Glimmora, M|100\/100\n|switch|p2a: Ribombee|Ribombee, F|100\/100\n|turn|1\n|\n|t:|1700420009\n|move|p2a: Ribombee|Psychic|p1a: Butt Plug\n|-supereffective|p1a: Butt Plug\n|-damage|p1a: Butt Plug|29\/100\n|move|p1a: Butt Plug|Mortal Spin|p2a: Ribombee\n|-supereffective|p2a: Ribombee\n|-damage|p2a: Ribombee|77\/100\n|\n|upkeep\n|turn|2\n|\n|t:|1700420019\n|move|p2a: Ribombee|Sticky Web|p1a: Butt Plug\n|-sidestart|p1: Fentiwapp|move: Sticky Web\n|move|p1a: Butt Plug|Stealth Rock|p2a: Ribombee\n|-sidestart|p2: gregoisback_|move: Stealth Rock\n|\n|upkeep\n|turn|3\n|\n|t:|1700420027\n|move|p2a: Ribombee|Psychic|p1a: Butt Plug\n|-supereffective|p1a: Butt Plug\n|-damage|p1a: Butt Plug|0 fnt\n|faint|p1a: Butt Plug\n|\n|upkeep\n|\n|t:|1700420042\n|switch|p1a: Megaman|Armarouge, M|100\/100\n|-activate|p1a: Megaman|move: Sticky Web\n|-unboost|p1a: Megaman|spe|1\n|turn|4\n|\n|t:|1700420048\n|switch|p2a: Manaphy|Manaphy|100\/100\n|-damage|p2a: Manaphy|88\/100|[from] Stealth Rock\n|move|p1a: Megaman|Armor Cannon|p2a: Manaphy\n|-resisted|p2a: Manaphy\n|-damage|p2a: Manaphy|46\/100\n|-unboost|p1a: Megaman|def|1\n|-unboost|p1a: Megaman|spd|1\n|\n|-heal|p2a: Manaphy|53\/100|[from] item: Leftovers\n|upkeep\n|turn|5\n|\n|t:|1700420060\n|switch|p1a: Sir Isaac III|Grimmsnarl, M|100\/100\n|-activate|p1a: Sir Isaac III|move: Sticky Web\n|-unboost|p1a: Sir Isaac III|spe|1\n|move|p2a: Manaphy|Take Heart|p2a: Manaphy\n|-boost|p2a: Manaphy|spa|1\n|-boost|p2a: Manaphy|spd|1\n|\n|-heal|p2a: Manaphy|59\/100|[from] item: Leftovers\n|upkeep\n|turn|6\n|\n|t:|1700420064\n|move|p1a: Sir Isaac III|Reflect|p1a: Sir Isaac III\n|-sidestart|p1: Fentiwapp|Reflect\n|move|p2a: Manaphy|Take Heart|p2a: Manaphy\n|-boost|p2a: Manaphy|spa|1\n|-boost|p2a: Manaphy|spd|1\n|\n|-heal|p2a: Manaphy|65\/100|[from] item: Leftovers\n|upkeep\n|turn|7\n|\n|t:|1700420067\n|move|p1a: Sir Isaac III|Light Screen|p1a: Sir Isaac III\n|-sidestart|p1: Fentiwapp|move: Light Screen\n|move|p2a: Manaphy|Take Heart|p2a: Manaphy\n|-boost|p2a: Manaphy|spa|1\n|-boost|p2a: Manaphy|spd|1\n|\n|-heal|p2a: Manaphy|71\/100|[from] item: Leftovers\n|upkeep\n|turn|8\n|\n|t:|1700420074\n|switch|p1a: Blue Balls|Amoonguss, M, shiny|100\/100\n|-activate|p1a: Blue Balls|move: Sticky Web\n|-unboost|p1a: Blue Balls|spe|1\n|move|p2a: Manaphy|Take Heart|p2a: Manaphy\n|-boost|p2a: Manaphy|spa|1\n|-boost|p2a: Manaphy|spd|1\n|\n|-heal|p2a: Manaphy|77\/100|[from] item: Leftovers\n|upkeep\n|turn|9\n|\n|t:|1700420078\n|move|p2a: Manaphy|Stored Power|p1a: Blue Balls\n|-supereffective|p1a: Blue Balls\n|-damage|p1a: Blue Balls|0 fnt\n|faint|p1a: Blue Balls\n|\n|-heal|p2a: Manaphy|84\/100|[from] item: Leftovers\n|upkeep\n|\n|t:|1700420091\n|switch|p1a: Megaman|Armarouge, M|100\/100\n|-activate|p1a: Megaman|move: Sticky Web\n|-unboost|p1a: Megaman|spe|1\n|turn|10\n|\n|t:|1700420094\n|move|p2a: Manaphy|Scald|p1a: Megaman\n|-supereffective|p1a: Megaman\n|-damage|p1a: Megaman|0 fnt\n|faint|p1a: Megaman\n|\n|-heal|p2a: Manaphy|90\/100|[from] item: Leftovers\n|upkeep\n|-message|Fentiwapp forfeited.\n|\n|win|gregoisback_\n|raw|Fentiwapp's rating: 1270 &rarr; <strong>1244<\/strong><br \/>(-26 for losing)\n|raw|gregoisback_'s rating: 1254 &rarr; <strong>1280<\/strong><br \/>(+26 for winning)\n|l|\u2606Fentiwapp\n","uploadtime":1700420106,"views":18,"p1id":"fentiwapp","p2id":"gregoisback","formatid":"gen9ou","rating":1244,"private":0,"password":""}