{"id":"gen9ou-1989135460","p1":"Magiquaza","p2":"StickB_","format":"[Gen 9] OU","log":"|j|\u2606Magiquaza\n|j|\u2606StickB_\n|inactive|Battle timer is ON: inactive players will automatically lose when time's up.\n|t:|1699816028\n|gametype|singles\n|player|p1|Magiquaza|morty-masters|\n|player|p2|StickB_|rood|\n|teamsize|p1|3\n|teamsize|p2|3\n|gen|9\n|tier|[Gen 9] OU\n|rated|Tournament battle\n|rule|Sleep Clause Mod: Limit one foe put to sleep\n|rule|Species Clause: Limit one of each Pok\u00e9mon\n|rule|OHKO Clause: OHKO moves are banned\n|rule|Evasion Items Clause: Evasion items are banned\n|rule|Evasion Moves Clause: Evasion moves are banned\n|rule|Endless Battle Clause: Forcing endless battles is banned\n|rule|HP Percentage Mod: HP is shown in percentages\n|clearpoke\n|poke|p1|Ninetales-Alola, M|\n|poke|p1|Tinkatuff, F|\n|poke|p1|Hatterene, F|\n|poke|p2|Polteageist-Antique|\n|poke|p2|Piloswine, F|\n|poke|p2|Hydreigon, M|\n|teampreview\n|j|*Lady Monita \u2746\n|inactive|Magiquaza also wants the timer to be on.\n|j| DreamyFleur\n|j| Romsfun 2\n|j|^HEAVY-DUTY B0OTY\n|c| Romsfun 2|Ohhhhh\n|c|\u2606Magiquaza|triple fairy\n|c|\u2606Magiquaza|ive been waiting for this\n|c| Romsfun 2|yeahhh\n|\n|t:|1699816058\n|start\n|switch|p1a: Tinkatuff|Tinkatuff, F|100\/100\n|switch|p2a: Piloswine|Piloswine, F|100\/100\n|-ability|p1a: Tinkatuff|Mold Breaker\n|turn|1\n|\n|t:|1699816064\n|move|p1a: Tinkatuff|Stealth Rock|p2a: Piloswine\n|-sidestart|p2: StickB_|move: Stealth Rock\n|move|p2a: Piloswine|Body Slam|p1a: Tinkatuff\n|-resisted|p1a: Tinkatuff\n|-damage|p1a: Tinkatuff|87\/100\n|\n|upkeep\n|turn|2\n|\n|t:|1699816067\n|move|p1a: Tinkatuff|Knock Off|p2a: Piloswine\n|-damage|p2a: Piloswine|91\/100\n|-enditem|p2a: Piloswine|Eviolite|[from] move: Knock Off|[of] p1a: Tinkatuff\n|move|p2a: Piloswine|Earthquake|p1a: Tinkatuff\n|-supereffective|p1a: Tinkatuff\n|-crit|p1a: Tinkatuff\n|-damage|p1a: Tinkatuff|0 fnt\n|faint|p1a: Tinkatuff\n|\n|upkeep\n|c| Romsfun 2|oohhh\n|\n|t:|1699816080\n|switch|p1a: Ninetales|Ninetales-Alola, M|100\/100\n|-weather|Snow|[from] ability: Snow Warning|[of] p1a: Ninetales\n|turn|3\n|\n|t:|1699816086\n|move|p1a: Ninetales|Aurora Veil|p1a: Ninetales\n|-sidestart|p1: Magiquaza|move: Aurora Veil\n|move|p2a: Piloswine|Rock Slide|p1a: Ninetales\n|-supereffective|p1a: Ninetales\n|-damage|p1a: Ninetales|74\/100\n|\n|-weather|Snow|[upkeep]\n|upkeep\n|turn|4\n|j| Demon Fangs\n|l| Demon Fangs\n|j| Im dumb srly\n|\n|t:|1699816092\n|switch|p1a: Hatterene|Hatterene, F|100\/100\n|move|p2a: Piloswine|Rock Slide|p1a: Hatterene\n|-crit|p1a: Hatterene\n|-damage|p1a: Hatterene|71\/100\n|\n|-weather|Snow|[upkeep]\n|-heal|p1a: Hatterene|77\/100|[from] item: Leftovers\n|upkeep\n|turn|5\n|c|\u2606Magiquaza|k I need a bit of luck\n|c|\u2606StickB_|lol\n|c|\u2606Magiquaza|just a tad bit\n|\n|t:|1699816110\n|move|p2a: Piloswine|Body Slam|p1a: Hatterene\n|-damage|p1a: Hatterene|65\/100\n|move|p1a: Hatterene|Calm Mind|p1a: Hatterene\n|-boost|p1a: Hatterene|spa|1\n|-boost|p1a: Hatterene|spd|1\n|\n|-weather|Snow|[upkeep]\n|-heal|p1a: Hatterene|71\/100|[from] item: Leftovers\n|upkeep\n|turn|6\n|\n|t:|1699816120\n|move|p2a: Piloswine|Earthquake|p1a: Hatterene\n|-damage|p1a: Hatterene|51\/100\n|move|p1a: Hatterene|Calm Mind|p1a: Hatterene\n|-boost|p1a: Hatterene|spa|1\n|-boost|p1a: Hatterene|spd|1\n|\n|-weather|Snow|[upkeep]\n|-heal|p1a: Hatterene|57\/100|[from] item: Leftovers\n|upkeep\n|turn|7\n|c|^HEAVY-DUTY B0OTY|here we go\n|\n|t:|1699816129\n|move|p2a: Piloswine|Earthquake|p1a: Hatterene\n|-damage|p1a: Hatterene|38\/100\n|move|p1a: Hatterene|Calm Mind|p1a: Hatterene\n|-boost|p1a: Hatterene|spa|1\n|-boost|p1a: Hatterene|spd|1\n|\n|-weather|none\n|-heal|p1a: Hatterene|44\/100|[from] item: Leftovers\n|upkeep\n|turn|8\n|\n|t:|1699816134\n|move|p2a: Piloswine|Earthquake|p1a: Hatterene\n|-damage|p1a: Hatterene|25\/100\n|move|p1a: Hatterene|Draining Kiss|p2a: Piloswine\n|-damage|p2a: Piloswine|22\/100\n|-heal|p1a: Hatterene|90\/100|[from] drain|[of] p2a: Piloswine\n|\n|-heal|p1a: Hatterene|96\/100|[from] item: Leftovers\n|upkeep\n|turn|9\n|c|\u2606Magiquaza|wheee\n|c| Romsfun 2|need to go though\n|c| Romsfun 2|damn\n|l| Romsfun 2\n|\n|t:|1699816141\n|move|p2a: Piloswine|Earthquake|p1a: Hatterene\n|-damage|p1a: Hatterene|75\/100\n|move|p1a: Hatterene|Calm Mind|p1a: Hatterene\n|-boost|p1a: Hatterene|spa|1\n|-boost|p1a: Hatterene|spd|1\n|\n|-heal|p1a: Hatterene|81\/100|[from] item: Leftovers\n|upkeep\n|turn|10\n|c|^HEAVY-DUTY B0OTY|yummy\n|\n|t:|1699816149\n|move|p2a: Piloswine|Body Slam|p1a: Hatterene\n|-crit|p1a: Hatterene\n|-damage|p1a: Hatterene|51\/100\n|move|p1a: Hatterene|Draining Kiss|p2a: Piloswine\n|-damage|p2a: Piloswine|0 fnt\n|-heal|p1a: Hatterene|72\/100|[from] drain|[of] p2a: Piloswine\n|faint|p2a: Piloswine\n|\n|-heal|p1a: Hatterene|78\/100|[from] item: Leftovers\n|-sideend|p1: Magiquaza|move: Aurora Veil\n|upkeep\n|\n|t:|1699816155\n|switch|p2a: Hydreigon|Hydreigon, M|100\/100\n|-damage|p2a: Hydreigon|88\/100|[from] Stealth Rock\n|turn|11\n|c|\u2606Magiquaza|painful crit\n|\n|t:|1699816170\n|-terastallize|p2a: Hydreigon|Water\n|move|p2a: Hydreigon|Crunch|p1a: Hatterene\n|-damage|p1a: Hatterene|50\/100\n|-unboost|p1a: Hatterene|def|1\n|-damage|p2a: Hydreigon|78\/100|[from] item: Life Orb\n|move|p1a: Hatterene|Draining Kiss|p2a: Hydreigon\n|-crit|p2a: Hydreigon\n|-damage|p2a: Hydreigon|0 fnt\n|-heal|p1a: Hatterene|100\/100|[from] drain|[of] p2a: Hydreigon\n|faint|p2a: Hydreigon\n|\n|upkeep\n|c|\u2606Magiquaza|k\n|c|\u2606StickB_|well gg bro\n|\n|t:|1699816178\n|switch|p2a: Polteageist|Polteageist-Antique|100\/100\n|-damage|p2a: Polteageist|88\/100|[from] Stealth Rock\n|turn|12\n|c| DreamyFleur|tera water?\n|c|\u2606Magiquaza|physical hydrei is goofy\n|\n|t:|1699816183\n|-terastallize|p1a: Hatterene|Water\n|move|p2a: Polteageist|Shell Smash|p2a: Polteageist\n|-unboost|p2a: Polteageist|def|1\n|-unboost|p2a: Polteageist|spd|1\n|-boost|p2a: Polteageist|atk|2\n|-boost|p2a: Polteageist|spa|2\n|-boost|p2a: Polteageist|spe|2\n|-enditem|p2a: Polteageist|White Herb\n|-clearnegativeboost|p2a: Polteageist|[silent]\n|move|p1a: Hatterene|Psyshock|p2a: Polteageist\n|-damage|p2a: Polteageist|0 fnt\n|faint|p2a: Polteageist\n|\n|win|Magiquaza\n|n|\u2606Magiquaza|magiquaza\n|n|\u2606StickB_|stickb\n|n|*Lady Monita \u2746|ladymonita\n|n| DreamyFleur|dreamyfleur\n|n| HEAVY-DUTY B0OTY|heavydutyb0oty\n|n| Im dumb srly|imdumbsrly\n","uploadtime":1699816185,"views":10,"p1id":"magiquaza","p2id":"stickb","formatid":"gen9ou","rating":0,"private":0,"password":""}