{"id":"gen9ou-1988568865","p1":"FittedCrib04","p2":"zshmoneyy","format":"[Gen 9] OU","log":"|j|\u2606FittedCrib04\n|j|\u2606zshmoneyy\n|t:|1699737105\n|gametype|singles\n|player|p1|FittedCrib04|265|1136\n|player|p2|zshmoneyy|blue-gen1|1168\n|teamsize|p1|6\n|teamsize|p2|6\n|gen|9\n|tier|[Gen 9] OU\n|rated|\n|rule|Sleep Clause Mod: Limit one foe put to sleep\n|rule|Species Clause: Limit one of each Pok\u00e9mon\n|rule|OHKO Clause: OHKO moves are banned\n|rule|Evasion Items Clause: Evasion items are banned\n|rule|Evasion Moves Clause: Evasion moves are banned\n|rule|Endless Battle Clause: Forcing endless battles is banned\n|rule|HP Percentage Mod: HP is shown in percentages\n|clearpoke\n|poke|p1|Salazzle, F|\n|poke|p1|Drifblim, F|\n|poke|p1|Tropius, F|\n|poke|p1|Chimecho, F|\n|poke|p1|Kilowattrel, F|\n|poke|p1|Haxorus, M|\n|poke|p2|Great Tusk|\n|poke|p2|Ribombee, F|\n|poke|p2|Mew|\n|poke|p2|Cinderace, M|\n|poke|p2|Gholdengo|\n|poke|p2|Honchkrow, F|\n|teampreview\n|\n|t:|1699737111\n|start\n|switch|p1a: Salazzle|Salazzle, F|100\/100\n|switch|p2a: Pokelee|Ribombee, F|100\/100\n|turn|1\n|\n|t:|1699737125\n|move|p2a: Pokelee|Sticky Web|p1a: Salazzle\n|-sidestart|p1: FittedCrib04|move: Sticky Web\n|move|p1a: Salazzle|Substitute|p1a: Salazzle\n|-start|p1a: Salazzle|Substitute\n|-damage|p1a: Salazzle|75\/100\n|\n|-heal|p1a: Salazzle|82\/100|[from] item: Leftovers\n|upkeep\n|turn|2\n|\n|t:|1699737132\n|move|p2a: Pokelee|Psychic|p1a: Salazzle\n|-supereffective|p1a: Salazzle\n|-end|p1a: Salazzle|Substitute\n|move|p1a: Salazzle|Toxic|p2a: Pokelee\n|-status|p2a: Pokelee|tox\n|\n|-heal|p1a: Salazzle|88\/100|[from] item: Leftovers\n|-damage|p2a: Pokelee|94\/100 tox|[from] psn\n|upkeep\n|turn|3\n|\n|t:|1699737141\n|move|p1a: Salazzle|Protect|p1a: Salazzle\n|-singleturn|p1a: Salazzle|Protect\n|move|p2a: Pokelee|Psychic|p1a: Salazzle\n|-activate|p1a: Salazzle|move: Protect\n|\n|-heal|p1a: Salazzle|94\/100|[from] item: Leftovers\n|-damage|p2a: Pokelee|82\/100 tox|[from] psn\n|upkeep\n|turn|4\n|\n|t:|1699737168\n|switch|p1a: Chimecho|Chimecho, F|100\/100\n|move|p2a: Pokelee|Psychic|p1a: Chimecho\n|-resisted|p1a: Chimecho\n|-damage|p1a: Chimecho|90\/100\n|\n|-damage|p2a: Pokelee|64\/100 tox|[from] psn\n|upkeep\n|turn|5\n|\n|t:|1699737183\n|switch|p2a: Mr President|Gholdengo|100\/100\n|-item|p2a: Mr President|Air Balloon\n|move|p1a: Chimecho|Reflect|p1a: Chimecho\n|-sidestart|p1: FittedCrib04|Reflect\n|\n|upkeep\n|turn|6\n|\n|t:|1699737210\n|move|p2a: Mr President|Shadow Ball|p1a: Chimecho\n|-supereffective|p1a: Chimecho\n|-damage|p1a: Chimecho|25\/100\n|move|p1a: Chimecho|Light Screen|p1a: Chimecho\n|-sidestart|p1: FittedCrib04|move: Light Screen\n|\n|upkeep\n|turn|7\n|\n|t:|1699737228\n|switch|p2a: Frilleon|Cinderace, M|100\/100\n|switch|p1a: Kilowattrel|Kilowattrel, F|100\/100\n|\n|upkeep\n|turn|8\n|\n|t:|1699737235\n|move|p1a: Kilowattrel|Discharge|p2a: Frilleon\n|-damage|p2a: Frilleon|50\/100\n|move|p2a: Frilleon|Court Change|p2a: Frilleon\n|-start|p2a: Frilleon|typechange|Normal|[from] ability: Libero\n|-swapsideconditions\n|-activate|p2a: Frilleon|move: Court Change\n|\n|upkeep\n|turn|9\n|\n|t:|1699737247\n|move|p1a: Kilowattrel|Air Slash|p2a: Frilleon\n|-damage|p2a: Frilleon|25\/100\n|move|p2a: Frilleon|Pyro Ball|p1a: Kilowattrel\n|-damage|p1a: Kilowattrel|33\/100\n|\n|upkeep\n|turn|10\n|\n|t:|1699737257\n|move|p1a: Kilowattrel|Discharge|p2a: Frilleon\n|-damage|p2a: Frilleon|0 fnt\n|faint|p2a: Frilleon\n|\n|upkeep\n|\n|t:|1699737267\n|switch|p2a: Mr President|Gholdengo|100\/100\n|-item|p2a: Mr President|Air Balloon\n|turn|11\n|\n|t:|1699737283\n|move|p1a: Kilowattrel|Volt Switch|p2a: Mr President\n|-damage|p2a: Mr President|82\/100\n|-enditem|p2a: Mr President|Air Balloon\n|\n|t:|1699737291\n|switch|p1a: Chimecho|Chimecho, F|25\/100|[from] Volt Switch\n|move|p2a: Mr President|Nasty Plot|p2a: Mr President\n|-boost|p2a: Mr President|spa|2\n|\n|upkeep\n|turn|12\n|\n|t:|1699737300\n|move|p2a: Mr President|Shadow Ball|p1a: Chimecho\n|-supereffective|p1a: Chimecho\n|-damage|p1a: Chimecho|0 fnt\n|faint|p1a: Chimecho\n|\n|-sideend|p2: zshmoneyy|Reflect\n|upkeep\n|\n|t:|1699737304\n|switch|p1a: Salazzle|Salazzle, F|94\/100\n|turn|13\n|\n|t:|1699737315\n|move|p1a: Salazzle|Substitute|p1a: Salazzle\n|-start|p1a: Salazzle|Substitute\n|-damage|p1a: Salazzle|69\/100\n|move|p2a: Mr President|Psyshock|p1a: Salazzle\n|-supereffective|p1a: Salazzle\n|-end|p1a: Salazzle|Substitute\n|\n|-heal|p1a: Salazzle|75\/100|[from] item: Leftovers\n|-sideend|p2: zshmoneyy|move: Light Screen\n|upkeep\n|turn|14\n|\n|t:|1699737329\n|move|p1a: Salazzle|Flamethrower|p2a: Mr President\n|-supereffective|p2a: Mr President\n|-damage|p2a: Mr President|4\/100\n|move|p2a: Mr President|Psyshock|p1a: Salazzle\n|-supereffective|p1a: Salazzle\n|-damage|p1a: Salazzle|0 fnt\n|faint|p1a: Salazzle\n|\n|upkeep\n|\n|t:|1699737335\n|switch|p1a: Kilowattrel|Kilowattrel, F|33\/100\n|turn|15\n|\n|t:|1699737347\n|move|p1a: Kilowattrel|Volt Switch|p2a: Mr President\n|-damage|p2a: Mr President|0 fnt\n|faint|p2a: Mr President\n|\n|t:|1699737357\n|switch|p1a: Drifblim|Drifblim, F|100\/100|[from] Volt Switch\n|\n|upkeep\n|\n|t:|1699737374\n|switch|p2a: Junya|Honchkrow, F|100\/100\n|turn|16\n|\n|t:|1699737386\n|move|p2a: Junya|Substitute|p2a: Junya\n|-start|p2a: Junya|Substitute\n|-damage|p2a: Junya|76\/100\n|move|p1a: Drifblim|Night Shade|p2a: Junya\n|-end|p2a: Junya|Substitute\n|\n|upkeep\n|turn|17\n|\n|t:|1699737397\n|move|p2a: Junya|Swagger|p1a: Drifblim\n|-boost|p1a: Drifblim|atk|2\n|-enditem|p2a: Junya|Mirror Herb\n|-boost|p2a: Junya|atk|2|[from] item: Mirror Herb\n|-start|p1a: Drifblim|confusion\n|-activate|p1a: Drifblim|confusion\n|move|p1a: Drifblim|Night Shade|p2a: Junya\n|-damage|p2a: Junya|46\/100\n|\n|upkeep\n|turn|18\n|\n|t:|1699737408\n|move|p2a: Junya|Sucker Punch||[still]\n|-fail|p2a: Junya\n|-activate|p1a: Drifblim|confusion\n|move|p1a: Drifblim|Haze|p1a: Drifblim\n|-clearallboost\n|\n|upkeep\n|turn|19\n|\n|t:|1699737418\n|move|p2a: Junya|Acrobatics|p1a: Drifblim\n|-damage|p1a: Drifblim|58\/100\n|-end|p1a: Drifblim|confusion\n|move|p1a: Drifblim|Night Shade|p2a: Junya\n|-damage|p2a: Junya|17\/100\n|\n|upkeep\n|turn|20\n|\n|t:|1699737429\n|move|p2a: Junya|Sucker Punch||[still]\n|-fail|p2a: Junya\n|move|p1a: Drifblim|Strength Sap|p2a: Junya\n|-unboost|p2a: Junya|atk|1\n|-heal|p1a: Drifblim|100\/100\n|\n|upkeep\n|turn|21\n|\n|t:|1699737440\n|switch|p2a: Nako|Mew, shiny|100\/100\n|-activate|p2a: Nako|move: Sticky Web\n|-unboost|p2a: Nako|spe|1\n|move|p1a: Drifblim|Night Shade|p2a: Nako\n|-damage|p2a: Nako|71\/100\n|\n|-heal|p2a: Nako|77\/100|[from] item: Leftovers\n|upkeep\n|turn|22\n|\n|t:|1699737452\n|move|p2a: Nako|Nasty Plot|p2a: Nako\n|-boost|p2a: Nako|spa|2\n|move|p1a: Drifblim|Night Shade|p2a: Nako\n|-damage|p2a: Nako|48\/100\n|\n|-heal|p2a: Nako|54\/100|[from] item: Leftovers\n|upkeep\n|turn|23\n|\n|t:|1699737461\n|move|p2a: Nako|Stored Power|p1a: Drifblim\n|-damage|p1a: Drifblim|43\/100\n|move|p1a: Drifblim|Haze|p1a: Drifblim\n|-clearallboost\n|\n|-heal|p2a: Nako|60\/100|[from] item: Leftovers\n|upkeep\n|turn|24\n|\n|t:|1699737473\n|move|p2a: Nako|Nasty Plot|p2a: Nako\n|-boost|p2a: Nako|spa|2\n|move|p1a: Drifblim|Night Shade|p2a: Nako\n|-damage|p2a: Nako|31\/100\n|\n|-heal|p2a: Nako|37\/100|[from] item: Leftovers\n|upkeep\n|turn|25\n|\n|t:|1699737490\n|move|p2a: Nako|Draining Kiss|p1a: Drifblim\n|-damage|p1a: Drifblim|12\/100\n|-heal|p2a: Nako|72\/100|[from] drain|[of] p1a: Drifblim\n|move|p1a: Drifblim|Haze|p1a: Drifblim\n|-clearallboost\n|\n|-heal|p2a: Nako|78\/100|[from] item: Leftovers\n|upkeep\n|turn|26\n|\n|t:|1699737501\n|move|p2a: Nako|Taunt|p1a: Drifblim\n|-start|p1a: Drifblim|move: Taunt\n|cant|p1a: Drifblim|move: Taunt|Strength Sap\n|\n|-heal|p2a: Nako|84\/100|[from] item: Leftovers\n|upkeep\n|turn|27\n|\n|t:|1699737514\n|move|p2a: Nako|Nasty Plot|p2a: Nako\n|-boost|p2a: Nako|spa|2\n|move|p1a: Drifblim|Night Shade|p2a: Nako\n|-damage|p2a: Nako|55\/100\n|\n|-heal|p2a: Nako|61\/100|[from] item: Leftovers\n|upkeep\n|turn|28\n|\n|t:|1699737526\n|move|p2a: Nako|Draining Kiss|p1a: Drifblim\n|-damage|p1a: Drifblim|0 fnt\n|-heal|p2a: Nako|74\/100|[from] drain|[of] p1a: Drifblim\n|faint|p1a: Drifblim\n|\n|-heal|p2a: Nako|80\/100|[from] item: Leftovers\n|upkeep\n|\n|t:|1699737529\n|switch|p1a: Kilowattrel|Kilowattrel, F|33\/100\n|turn|29\n|\n|t:|1699737545\n|move|p1a: Kilowattrel|Volt Switch|p2a: Nako\n|-damage|p2a: Nako|46\/100\n|\n|t:|1699737550\n|switch|p1a: Tropius|Tropius, F|100\/100|[from] Volt Switch\n|move|p2a: Nako|Draining Kiss|p1a: Tropius\n|-damage|p1a: Tropius|82\/100\n|-heal|p2a: Nako|62\/100|[from] drain|[of] p1a: Tropius\n|\n|-heal|p2a: Nako|69\/100|[from] item: Leftovers\n|upkeep\n|turn|30\n|\n|t:|1699737573\n|move|p2a: Nako|Stored Power|p1a: Tropius\n|-damage|p1a: Tropius|47\/100\n|-enditem|p1a: Tropius|Sitrus Berry|[eat]\n|-heal|p1a: Tropius|72\/100|[from] item: Sitrus Berry\n|move|p1a: Tropius|Leech Seed|p2a: Nako\n|-start|p2a: Nako|move: Leech Seed\n|\n|-heal|p2a: Nako|75\/100|[from] item: Leftovers\n|-damage|p2a: Nako|62\/100|[from] Leech Seed|[of] p1a: Tropius\n|-heal|p1a: Tropius|82\/100|[silent]\n|-item|p1a: Tropius|Sitrus Berry|[from] ability: Harvest\n|upkeep\n|turn|31\n|\n|t:|1699737592\n|switch|p2a: Junya|Honchkrow, F|17\/100\n|move|p1a: Tropius|Substitute|p1a: Tropius\n|-start|p1a: Tropius|Substitute\n|-damage|p1a: Tropius|57\/100\n|\n|upkeep\n|turn|32\n|\n|t:|1699737600\n|move|p2a: Junya|Acrobatics|p1a: Tropius\n|-supereffective|p1a: Tropius\n|-end|p1a: Tropius|Substitute\n|move|p1a: Tropius|Leech Seed|p2a: Junya\n|-start|p2a: Junya|move: Leech Seed\n|\n|-damage|p2a: Junya|5\/100|[from] Leech Seed|[of] p1a: Tropius\n|-heal|p1a: Tropius|68\/100|[silent]\n|upkeep\n|turn|33\n|\n|t:|1699737615\n|switch|p2a: Pokelee|Ribombee, F|64\/100 tox\n|-activate|p2a: Pokelee|move: Sticky Web\n|-unboost|p2a: Pokelee|spe|1\n|move|p1a: Tropius|Substitute|p1a: Tropius\n|-start|p1a: Tropius|Substitute\n|-damage|p1a: Tropius|43\/100\n|-enditem|p1a: Tropius|Sitrus Berry|[eat]\n|-heal|p1a: Tropius|68\/100|[from] item: Sitrus Berry\n|\n|-damage|p2a: Pokelee|58\/100 tox|[from] psn\n|-item|p1a: Tropius|Sitrus Berry|[from] ability: Harvest\n|upkeep\n|turn|34\n|\n|t:|1699737645\n|move|p2a: Pokelee|Sticky Web|p1a: Tropius\n|-sidestart|p1: FittedCrib04|move: Sticky Web\n|move|p1a: Tropius|Leech Seed|p2a: Pokelee\n|-start|p2a: Pokelee|move: Leech Seed\n|\n|-damage|p2a: Pokelee|45\/100 tox|[from] Leech Seed|[of] p1a: Tropius\n|-heal|p1a: Tropius|76\/100|[silent]\n|-damage|p2a: Pokelee|33\/100 tox|[from] psn\n|upkeep\n|turn|35\n|\n|t:|1699737661\n|move|p2a: Pokelee|Moonblast|p1a: Tropius\n|-end|p1a: Tropius|Substitute\n|move|p1a: Tropius|Curse|p1a: Tropius\n|-unboost|p1a: Tropius|spe|1\n|-boost|p1a: Tropius|atk|1\n|-boost|p1a: Tropius|def|1\n|\n|-damage|p2a: Pokelee|21\/100 tox|[from] Leech Seed|[of] p1a: Tropius\n|-heal|p1a: Tropius|84\/100|[silent]\n|-damage|p2a: Pokelee|2\/100 tox|[from] psn\n|upkeep\n|turn|36\n|\n|t:|1699737675\n|move|p2a: Pokelee|Stun Spore|p1a: Tropius\n|-immune|p1a: Tropius\n|move|p1a: Tropius|Substitute|p1a: Tropius\n|-start|p1a: Tropius|Substitute\n|-damage|p1a: Tropius|59\/100\n|\n|-damage|p2a: Pokelee|0 fnt|[from] Leech Seed|[of] p1a: Tropius\n|-heal|p1a: Tropius|60\/100|[silent]\n|faint|p2a: Pokelee\n|upkeep\n|\n|t:|1699737685\n|switch|p2a: Junya|Honchkrow, F|5\/100\n|turn|37\n|\n|t:|1699737699\n|-terastallize|p1a: Tropius|Ghost\n|move|p2a: Junya|Acrobatics|p1a: Tropius\n|-end|p1a: Tropius|Substitute\n|move|p1a: Tropius|Curse|p2a: Junya\n|-start|p2a: Junya|Curse|[of] p1a: Tropius\n|-damage|p1a: Tropius|10\/100\n|-enditem|p1a: Tropius|Sitrus Berry|[eat]\n|-heal|p1a: Tropius|35\/100|[from] item: Sitrus Berry\n|\n|-damage|p2a: Junya|0 fnt|[from] Curse\n|faint|p2a: Junya\n|upkeep\n|\n|t:|1699737724\n|switch|p2a: Nako|Mew, shiny|62\/100\n|-activate|p2a: Nako|move: Sticky Web\n|-unboost|p2a: Nako|spe|1\n|turn|38\n|\n|t:|1699737728\n|move|p2a: Nako|Taunt|p1a: Tropius\n|-start|p1a: Tropius|move: Taunt\n|cant|p1a: Tropius|move: Taunt|Curse\n|\n|-heal|p2a: Nako|69\/100|[from] item: Leftovers\n|-item|p1a: Tropius|Sitrus Berry|[from] ability: Harvest\n|upkeep\n|-enditem|p1a: Tropius|Sitrus Berry|[eat]\n|-heal|p1a: Tropius|60\/100|[from] item: Sitrus Berry\n|turn|39\n|\n|t:|1699737738\n|switch|p1a: Kilowattrel|Kilowattrel, F|33\/100\n|move|p2a: Nako|Nasty Plot|p2a: Nako\n|-boost|p2a: Nako|spa|2\n|\n|-heal|p2a: Nako|75\/100|[from] item: Leftovers\n|upkeep\n|turn|40\n|\n|t:|1699737758\n|move|p1a: Kilowattrel|Volt Switch|p2a: Nako\n|-damage|p2a: Nako|42\/100\n|\n|t:|1699737762\n|switch|p1a: Tropius|Tropius, F, tera:Ghost|60\/100|[from] Volt Switch\n|-activate|p1a: Tropius|move: Sticky Web\n|-unboost|p1a: Tropius|spe|1\n|move|p2a: Nako|Nasty Plot|p2a: Nako\n|-boost|p2a: Nako|spa|2\n|\n|-heal|p2a: Nako|48\/100|[from] item: Leftovers\n|-item|p1a: Tropius|Sitrus Berry|[from] ability: Harvest\n|upkeep\n|turn|41\n|\n|t:|1699737782\n|move|p2a: Nako|Taunt|p1a: Tropius\n|-start|p1a: Tropius|move: Taunt\n|cant|p1a: Tropius|move: Taunt|Curse\n|\n|-heal|p2a: Nako|54\/100|[from] item: Leftovers\n|upkeep\n|turn|42\n|\n|t:|1699737796\n|move|p2a: Nako|Draining Kiss|p1a: Tropius\n|-crit|p1a: Tropius\n|-damage|p1a: Tropius|19\/100\n|-heal|p2a: Nako|91\/100|[from] drain|[of] p1a: Tropius\n|-enditem|p1a: Tropius|Sitrus Berry|[eat]\n|-heal|p1a: Tropius|44\/100|[from] item: Sitrus Berry\n|-activate|p1a: Tropius|move: Struggle\n|move|p1a: Tropius|Struggle|p2a: Nako\n|-damage|p2a: Nako|85\/100\n|-damage|p1a: Tropius|19\/100|[from] recoil\n|\n|-heal|p2a: Nako|91\/100|[from] item: Leftovers\n|-item|p1a: Tropius|Sitrus Berry|[from] ability: Harvest\n|upkeep\n|-enditem|p1a: Tropius|Sitrus Berry|[eat]\n|-heal|p1a: Tropius|44\/100|[from] item: Sitrus Berry\n|turn|43\n|\n|t:|1699737813\n|move|p2a: Nako|Stored Power|p1a: Tropius\n|-damage|p1a: Tropius|0 fnt\n|faint|p1a: Tropius\n|\n|-heal|p2a: Nako|97\/100|[from] item: Leftovers\n|upkeep\n|\n|t:|1699737815\n|switch|p1a: Kilowattrel|Kilowattrel, F|33\/100\n|turn|44\n|\n|t:|1699737823\n|move|p1a: Kilowattrel|Air Slash|p2a: Nako\n|-damage|p2a: Nako|60\/100\n|move|p2a: Nako|Draining Kiss|p1a: Kilowattrel\n|-damage|p1a: Kilowattrel|0 fnt\n|-heal|p2a: Nako|80\/100|[from] drain|[of] p1a: Kilowattrel\n|faint|p1a: Kilowattrel\n|\n|-heal|p2a: Nako|86\/100|[from] item: Leftovers\n|upkeep\n|\n|t:|1699737827\n|switch|p1a: Haxorus|Haxorus, M|100\/100\n|-activate|p1a: Haxorus|move: Sticky Web\n|-unboost|p1a: Haxorus|spe|1\n|-ability|p1a: Haxorus|Mold Breaker\n|turn|45\n|\n|t:|1699737845\n|-terastallize|p2a: Nako|Fairy\n|move|p2a: Nako|Draining Kiss|p1a: Haxorus\n|-supereffective|p1a: Haxorus\n|-damage|p1a: Haxorus|0 fnt\n|-heal|p2a: Nako|100\/100|[from] drain|[of] p1a: Haxorus\n|faint|p1a: Haxorus\n|\n|win|zshmoneyy\n|raw|FittedCrib04's rating: 1136 &rarr; <strong>1113<\/strong><br \/>(-23 for losing)\n|raw|zshmoneyy's rating: 1168 &rarr; <strong>1191<\/strong><br \/>(+23 for winning)\n","uploadtime":1699737853,"views":10,"p1id":"fittedcrib04","p2id":"zshmoneyy","formatid":"gen9ou","rating":1113,"private":0,"password":""}