{"id":"gen9ou-1993027886","p1":"Sir_Excalibur205","p2":"bfred","format":"[Gen 9] OU","log":"|j|\u2606Sir_Excalibur205\n|j|\u2606bfred\n|t:|1700256921\n|gametype|singles\n|player|p1|Sir_Excalibur205|veteran|1431\n|player|p2|bfred|volkner|1473\n|teamsize|p1|6\n|teamsize|p2|6\n|gen|9\n|tier|[Gen 9] OU\n|rated|\n|rule|Sleep Clause Mod: Limit one foe put to sleep\n|rule|Species Clause: Limit one of each Pok\u00e9mon\n|rule|OHKO Clause: OHKO moves are banned\n|rule|Evasion Items Clause: Evasion items are banned\n|rule|Evasion Moves Clause: Evasion moves are banned\n|rule|Endless Battle Clause: Forcing endless battles is banned\n|rule|HP Percentage Mod: HP is shown in percentages\n|clearpoke\n|poke|p1|Iron Hands|\n|poke|p1|Brambleghast, M|\n|poke|p1|Ninetales-Alola, F|\n|poke|p1|Ceruledge, M|\n|poke|p1|Ribombee, F|\n|poke|p1|Walking Wake|\n|poke|p2|Zamazenta-*|\n|poke|p2|Rillaboom, F|\n|poke|p2|Muk-Alola, F|\n|poke|p2|Clefable, M|\n|poke|p2|Cinderace, F|\n|poke|p2|Ogerpon-Wellspring, F|\n|teampreview\n|inactive|Battle timer is ON: inactive players will automatically lose when time's up. (requested by bfred)\n|c|\u2606Sir_Excalibur205|Stop playing like a bot\n|\n|t:|1700256948\n|start\n|switch|p1a: Ribombee|Ribombee, F, shiny|100\/100\n|switch|p2a: Ogerpon|Ogerpon-Wellspring, F|100\/100\n|turn|1\n|c|\u2606Sir_Excalibur205|Play like u know what ur doing\n|c|\u2606Sir_Excalibur205|good luck\n|c|\u2606bfred|u2\n|\n|t:|1700256976\n|move|p1a: Ribombee|Sticky Web|p2a: Ogerpon\n|-sidestart|p2: bfred|move: Sticky Web\n|move|p2a: Ogerpon|Ivy Cudgel|p1a: Ribombee|[anim] Ivy Cudgel Water\n|-enditem|p1a: Ribombee|Focus Sash\n|-damage|p1a: Ribombee|1\/100\n|\n|upkeep\n|turn|2\n|inactive|Sir_Excalibur205 has 120 seconds left.\n|\n|t:|1700256997\n|switch|p1a: Ninetales|Ninetales-Alola, F, shiny|100\/100\n|-weather|Snow|[from] ability: Snow Warning|[of] p1a: Ninetales\n|move|p2a: Ogerpon|Ivy Cudgel|p1a: Ninetales|[anim] Ivy Cudgel Water\n|-damage|p1a: Ninetales|37\/100\n|\n|-weather|Snow|[upkeep]\n|upkeep\n|turn|3\n|inactive|Sir_Excalibur205 has 120 seconds left.\n|\n|t:|1700257008\n|switch|p1a: Walking Wake|Walking Wake|100\/100\n|move|p2a: Ogerpon|Ivy Cudgel|p1a: Walking Wake|[anim] Ivy Cudgel Water\n|-resisted|p1a: Walking Wake\n|-damage|p1a: Walking Wake|85\/100\n|\n|-weather|Snow|[upkeep]\n|upkeep\n|turn|4\n|\n|t:|1700257014\n|switch|p2a: Clefable|Clefable, M|100\/100\n|-activate|p2a: Clefable|move: Sticky Web\n|-unboost|p2a: Clefable|spe|1\n|move|p1a: Walking Wake|Sunny Day|p1a: Walking Wake\n|-weather|SunnyDay\n|-activate|p1a: Walking Wake|ability: Protosynthesis\n|-start|p1a: Walking Wake|protosynthesisspe\n|\n|-weather|SunnyDay|[upkeep]\n|upkeep\n|turn|5\n|\n|t:|1700257025\n|-end|p1a: Walking Wake|Protosynthesis|[silent]\n|switch|p1a: Ribombee|Ribombee, F, shiny|1\/100\n|move|p2a: Clefable|Trick|p1a: Ribombee\n|-activate|p2a: Clefable|move: Trick|[of] p1a: Ribombee\n|-item|p1a: Ribombee|Sticky Barb|[from] move: Trick\n|-enditem|p2a: Clefable|Sticky Barb|[silent]|[from] move: Trick\n|\n|-weather|SunnyDay|[upkeep]\n|-damage|p1a: Ribombee|0 fnt|[from] item: Sticky Barb\n|faint|p1a: Ribombee\n|upkeep\n|\n|t:|1700257028\n|switch|p1a: Ceruledge|Ceruledge, M|100\/100\n|turn|6\n|\n|t:|1700257034\n|move|p1a: Ceruledge|Swords Dance|p1a: Ceruledge\n|-boost|p1a: Ceruledge|atk|2\n|move|p2a: Clefable|Trick|p1a: Ceruledge\n|-activate|p2a: Clefable|move: Trick|[of] p1a: Ceruledge\n|-enditem|p1a: Ceruledge|Focus Sash|[silent]|[from] move: Trick\n|-item|p2a: Clefable|Focus Sash|[from] move: Trick\n|\n|-weather|SunnyDay|[upkeep]\n|upkeep\n|turn|7\n|\n|t:|1700257044\n|move|p1a: Ceruledge|Bitter Blade|p2a: Clefable\n|-enditem|p2a: Clefable|Focus Sash\n|-damage|p2a: Clefable|1\/100\n|move|p2a: Clefable|Knock Off|p1a: Ceruledge\n|-supereffective|p1a: Ceruledge\n|-damage|p1a: Ceruledge|70\/100\n|-ability|p1a: Ceruledge|Weak Armor|boost\n|-unboost|p1a: Ceruledge|def|1\n|-boost|p1a: Ceruledge|spe|2\n|\n|-weather|SunnyDay|[upkeep]\n|upkeep\n|turn|8\n|\n|t:|1700257057\n|move|p1a: Ceruledge|Bitter Blade|p2a: Clefable\n|-damage|p2a: Clefable|0 fnt\n|-heal|p1a: Ceruledge|70\/100|[from] drain|[of] p2a: Clefable\n|faint|p2a: Clefable\n|\n|-weather|none\n|upkeep\n|\n|t:|1700257060\n|switch|p2a: Muk|Muk-Alola, F|100\/100\n|turn|9\n|\n|t:|1700257067\n|-terastallize|p2a: Muk|Water\n|move|p1a: Ceruledge|Bitter Blade|p2a: Muk\n|-resisted|p2a: Muk\n|-damage|p2a: Muk|53\/100\n|-heal|p1a: Ceruledge|100\/100|[from] drain|[of] p2a: Muk\n|move|p2a: Muk|Knock Off|p1a: Ceruledge\n|-supereffective|p1a: Ceruledge\n|-damage|p1a: Ceruledge|5\/100\n|-ability|p1a: Ceruledge|Weak Armor|boost\n|-unboost|p1a: Ceruledge|def|1\n|-boost|p1a: Ceruledge|spe|2\n|\n|upkeep\n|turn|10\n|\n|t:|1700257083\n|move|p1a: Ceruledge|Destiny Bond|p1a: Ceruledge\n|-singlemove|p1a: Ceruledge|Destiny Bond\n|move|p2a: Muk|Knock Off|p1a: Ceruledge\n|-supereffective|p1a: Ceruledge\n|-damage|p1a: Ceruledge|0 fnt\n|faint|p1a: Ceruledge\n|-activate|p1a: Ceruledge|move: Destiny Bond\n|faint|p2a: Muk\n|\n|upkeep\n|\n|t:|1700257090\n|switch|p1a: Ninetales|Ninetales-Alola, F, shiny|37\/100\n|switch|p2a: Cinderace|Cinderace, F|100\/100\n|-weather|Snow|[from] ability: Snow Warning|[of] p1a: Ninetales\n|turn|11\n|\n|t:|1700257105\n|switch|p1a: Walking Wake|Walking Wake|85\/100\n|move|p2a: Cinderace|Pyro Ball|p1a: Walking Wake\n|-resisted|p1a: Walking Wake\n|-damage|p1a: Walking Wake|70\/100\n|\n|-weather|Snow|[upkeep]\n|upkeep\n|turn|12\n|\n|t:|1700257116\n|move|p2a: Cinderace|Court Change|p2a: Cinderace\n|-start|p2a: Cinderace|typechange|Normal|[from] ability: Libero\n|-swapsideconditions\n|-activate|p2a: Cinderace|move: Court Change\n|move|p1a: Walking Wake|Sunny Day|p1a: Walking Wake\n|-weather|SunnyDay\n|-activate|p1a: Walking Wake|ability: Protosynthesis\n|-start|p1a: Walking Wake|protosynthesisspe\n|\n|-weather|SunnyDay|[upkeep]\n|upkeep\n|turn|13\n|\n|t:|1700257128\n|move|p2a: Cinderace|Sucker Punch|p1a: Walking Wake\n|-damage|p1a: Walking Wake|44\/100\n|move|p1a: Walking Wake|Flamethrower|p2a: Cinderace\n|-damage|p2a: Cinderace|34\/100\n|\n|-weather|SunnyDay|[upkeep]\n|upkeep\n|turn|14\n|\n|t:|1700257141\n|move|p2a: Cinderace|Sucker Punch|p1a: Walking Wake\n|-damage|p1a: Walking Wake|20\/100\n|move|p1a: Walking Wake|Flamethrower|p2a: Cinderace\n|-damage|p2a: Cinderace|0 fnt\n|faint|p2a: Cinderace\n|\n|-weather|SunnyDay|[upkeep]\n|upkeep\n|\n|t:|1700257145\n|switch|p2a: Rillaboom|Rillaboom, F|100\/100\n|-fieldstart|move: Grassy Terrain|[from] ability: Grassy Surge|[of] p2a: Rillaboom\n|turn|15\n|\n|t:|1700257149\n|move|p2a: Rillaboom|Grassy Glide|p1a: Walking Wake\n|-damage|p1a: Walking Wake|0 fnt\n|faint|p1a: Walking Wake\n|-end|p1a: Walking Wake|Protosynthesis|[silent]\n|\n|-weather|SunnyDay|[upkeep]\n|upkeep\n|\n|t:|1700257153\n|switch|p1a: Brambleghast|Brambleghast, M|100\/100\n|-activate|p1a: Brambleghast|move: Sticky Web\n|-unboost|p1a: Brambleghast|spe|1\n|turn|16\n|inactive|Sir_Excalibur205 has 120 seconds left.\n|\n|t:|1700257186\n|-terastallize|p1a: Brambleghast|Fighting\n|move|p2a: Rillaboom|Knock Off|p1a: Brambleghast\n|-resisted|p1a: Brambleghast\n|-damage|p1a: Brambleghast|68\/100\n|-enditem|p1a: Brambleghast|Spell Tag|[from] move: Knock Off|[of] p2a: Rillaboom\n|move|p1a: Brambleghast|Rapid Spin|p2a: Rillaboom\n|-damage|p2a: Rillaboom|82\/100\n|-boost|p1a: Brambleghast|spe|1\n|-sideend|p1: Sir_Excalibur205|Sticky Web|[from] move: Rapid Spin|[of] p1a: Brambleghast\n|\n|-weather|none\n|-heal|p1a: Brambleghast|74\/100|[from] Grassy Terrain\n|-heal|p2a: Rillaboom|88\/100|[from] Grassy Terrain\n|upkeep\n|turn|17\n|\n|t:|1700257192\n|move|p2a: Rillaboom|Grassy Glide|p1a: Brambleghast\n|-damage|p1a: Brambleghast|6\/100\n|move|p1a: Brambleghast|Poltergeist|p2a: Rillaboom\n|-activate|p2a: Rillaboom|move: Poltergeist|Terrain Extender\n|-damage|p2a: Rillaboom|38\/100\n|\n|-heal|p1a: Brambleghast|12\/100|[from] Grassy Terrain\n|-heal|p2a: Rillaboom|44\/100|[from] Grassy Terrain\n|upkeep\n|turn|18\n|\n|t:|1700257195\n|move|p1a: Brambleghast|Shadow Sneak|p2a: Rillaboom\n|-damage|p2a: Rillaboom|24\/100\n|move|p2a: Rillaboom|Grassy Glide|p1a: Brambleghast\n|-damage|p1a: Brambleghast|0 fnt\n|faint|p1a: Brambleghast\n|\n|-heal|p2a: Rillaboom|30\/100|[from] Grassy Terrain\n|upkeep\n|\n|t:|1700257201\n|switch|p1a: Non-Stop|Iron Hands|100\/100\n|turn|19\n|\n|t:|1700257208\n|move|p2a: Rillaboom|U-turn|p1a: Non-Stop\n|-resisted|p1a: Non-Stop\n|-damage|p1a: Non-Stop|92\/100\n|\n|t:|1700257211\n|switch|p2a: Zamazenta|Zamazenta|100\/100|[from] U-turn\n|-ability|p2a: Zamazenta|Dauntless Shield|boost\n|-boost|p2a: Zamazenta|def|1\n|move|p1a: Non-Stop|Drain Punch|p2a: Zamazenta\n|-damage|p2a: Zamazenta|79\/100\n|-heal|p1a: Non-Stop|99\/100|[from] drain|[of] p2a: Zamazenta\n|\n|-heal|p2a: Zamazenta|85\/100|[from] Grassy Terrain\n|-heal|p2a: Zamazenta|91\/100|[from] item: Leftovers\n|-heal|p1a: Non-Stop|100\/100|[from] Grassy Terrain\n|upkeep\n|turn|20\n|\n|t:|1700257215\n|move|p2a: Zamazenta|Iron Defense|p2a: Zamazenta\n|-boost|p2a: Zamazenta|def|2\n|move|p1a: Non-Stop|Swords Dance|p1a: Non-Stop\n|-boost|p1a: Non-Stop|atk|2\n|\n|-heal|p2a: Zamazenta|97\/100|[from] Grassy Terrain\n|-heal|p2a: Zamazenta|100\/100|[from] item: Leftovers\n|upkeep\n|turn|21\n|\n|t:|1700257222\n|move|p2a: Zamazenta|Iron Defense|p2a: Zamazenta\n|-boost|p2a: Zamazenta|def|2\n|move|p1a: Non-Stop|Swords Dance|p1a: Non-Stop\n|-boost|p1a: Non-Stop|atk|2\n|\n|upkeep\n|turn|22\n|\n|t:|1700257227\n|move|p2a: Zamazenta|Iron Defense|p2a: Zamazenta\n|-boost|p2a: Zamazenta|def|1\n|move|p1a: Non-Stop|Thunder Punch|p2a: Zamazenta\n|-damage|p2a: Zamazenta|77\/100\n|-status|p2a: Zamazenta|par\n|\n|-heal|p2a: Zamazenta|83\/100 par|[from] Grassy Terrain\n|-heal|p2a: Zamazenta|89\/100 par|[from] item: Leftovers\n|-fieldend|move: Grassy Terrain\n|upkeep\n|turn|23\n|\n|t:|1700257234\n|cant|p2a: Zamazenta|par\n|move|p1a: Non-Stop|Swords Dance|p1a: Non-Stop\n|-boost|p1a: Non-Stop|atk|2\n|\n|-heal|p2a: Zamazenta|96\/100 par|[from] item: Leftovers\n|upkeep\n|turn|24\n|\n|t:|1700257236\n|cant|p2a: Zamazenta|par\n|move|p1a: Non-Stop|Drain Punch|p2a: Zamazenta\n|-damage|p2a: Zamazenta|66\/100 par\n|\n|-heal|p2a: Zamazenta|72\/100 par|[from] item: Leftovers\n|upkeep\n|turn|25\n|\n|t:|1700257241\n|move|p2a: Zamazenta|Body Press|p1a: Non-Stop\n|-damage|p1a: Non-Stop|18\/100\n|move|p1a: Non-Stop|Drain Punch|p2a: Zamazenta\n|-damage|p2a: Zamazenta|41\/100 par\n|-heal|p1a: Non-Stop|28\/100|[from] drain|[of] p2a: Zamazenta\n|\n|-heal|p2a: Zamazenta|47\/100 par|[from] item: Leftovers\n|upkeep\n|turn|26\n|\n|t:|1700257247\n|cant|p2a: Zamazenta|par\n|move|p1a: Non-Stop|Drain Punch|p2a: Zamazenta\n|-damage|p2a: Zamazenta|15\/100 par\n|-heal|p1a: Non-Stop|39\/100|[from] drain|[of] p2a: Zamazenta\n|\n|-heal|p2a: Zamazenta|21\/100 par|[from] item: Leftovers\n|upkeep\n|turn|27\n|\n|t:|1700257249\n|cant|p2a: Zamazenta|par\n|move|p1a: Non-Stop|Drain Punch|p2a: Zamazenta\n|-damage|p2a: Zamazenta|0 fnt\n|-heal|p1a: Non-Stop|45\/100|[from] drain|[of] p2a: Zamazenta\n|faint|p2a: Zamazenta\n|\n|upkeep\n|\n|t:|1700257252\n|switch|p2a: Ogerpon|Ogerpon-Wellspring, F|100\/100\n|turn|28\n|\n|t:|1700257255\n|move|p2a: Ogerpon|Ivy Cudgel|p1a: Non-Stop|[anim] Ivy Cudgel Water\n|-damage|p1a: Non-Stop|8\/100\n|move|p1a: Non-Stop|Thunder Punch|p2a: Ogerpon\n|-crit|p2a: Ogerpon\n|-damage|p2a: Ogerpon|0 fnt\n|faint|p2a: Ogerpon\n|\n|upkeep\n|\n|t:|1700257258\n|switch|p2a: Rillaboom|Rillaboom, F|30\/100\n|-fieldstart|move: Grassy Terrain|[from] ability: Grassy Surge|[of] p2a: Rillaboom\n|turn|29\n|\n|t:|1700257260\n|move|p2a: Rillaboom|Grassy Glide|p1a: Non-Stop\n|-damage|p1a: Non-Stop|0 fnt\n|faint|p1a: Non-Stop\n|-end|p1a: Non-Stop|Quark Drive|[silent]\n|\n|-heal|p2a: Rillaboom|36\/100|[from] Grassy Terrain\n|upkeep\n|\n|t:|1700257261\n|switch|p1a: Ninetales|Ninetales-Alola, F, shiny|37\/100\n|-weather|Snow|[from] ability: Snow Warning|[of] p1a: Ninetales\n|turn|30\n|\n|t:|1700257266\n|move|p2a: Rillaboom|Grassy Glide|p1a: Ninetales\n|-damage|p1a: Ninetales|0 fnt\n|faint|p1a: Ninetales\n|\n|win|bfred\n|raw|Sir_Excalibur205's rating: 1451 &rarr; <strong>1432<\/strong><br \/>(-19 for losing)\n|raw|bfred's rating: 1473 &rarr; <strong>1492<\/strong><br \/>(+19 for winning)\n|c|\u2606Sir_Excalibur205|GGs\n|c|\u2606bfred|gg\n|l|\u2606Sir_Excalibur205\n","uploadtime":1700257280,"views":11,"p1id":"sirexcalibur205","p2id":"bfred","formatid":"gen9ou","rating":1432,"private":0,"password":""}