{"id":"gen9ou-1993263534","p1":"KirbyKillua","p2":"did it done","format":"[Gen 9] OU","log":"|j|\u2606KirbyKillua\n|j|\u2606did it done\n|t:|1700286401\n|gametype|singles\n|player|p1|KirbyKillua|alec-anime|1434\n|player|p2|did it done|will-gen2|1408\n|teamsize|p1|6\n|teamsize|p2|6\n|gen|9\n|tier|[Gen 9] OU\n|rated|\n|rule|Sleep Clause Mod: Limit one foe put to sleep\n|rule|Species Clause: Limit one of each Pok\u00e9mon\n|rule|OHKO Clause: OHKO moves are banned\n|rule|Evasion Items Clause: Evasion items are banned\n|rule|Evasion Moves Clause: Evasion moves are banned\n|rule|Endless Battle Clause: Forcing endless battles is banned\n|rule|HP Percentage Mod: HP is shown in percentages\n|clearpoke\n|poke|p1|Ogerpon-Cornerstone, F|\n|poke|p1|Dragonite, F|\n|poke|p1|Manaphy|\n|poke|p1|Ribombee, F|\n|poke|p1|Great Tusk|\n|poke|p1|Heatran, M|\n|poke|p2|Garchomp, M|\n|poke|p2|Corviknight, M|\n|poke|p2|Ninetales-Alola, F|\n|poke|p2|Tyranitar, M|\n|poke|p2|Ceruledge, M|\n|poke|p2|Iron Valiant|\n|teampreview\n|inactive|Battle timer is ON: inactive players will automatically lose when time's up. (requested by KirbyKillua)\n|\n|t:|1700286427\n|start\n|switch|p1a: Manaphy|Manaphy|100\/100\n|switch|p2a: Ninetales|Ninetales-Alola, F, shiny|100\/100\n|-weather|Snow|[from] ability: Snow Warning|[of] p2a: Ninetales\n|turn|1\n|\n|t:|1700286450\n|switch|p1a: Heatran|Heatran, M|100\/100\n|move|p2a: Ninetales|Freeze-Dry|p1a: Heatran\n|-resisted|p1a: Heatran\n|-damage|p1a: Heatran|95\/100\n|\n|-weather|Snow|[upkeep]\n|-heal|p1a: Heatran|100\/100|[from] item: Leftovers\n|upkeep\n|turn|2\n|j| Phaoryx\n|\n|t:|1700286466\n|switch|p2a: Tyranitar|Tyranitar, M, shiny|100\/100\n|-weather|Sandstorm|[from] ability: Sand Stream|[of] p2a: Tyranitar\n|move|p1a: Heatran|Magma Storm|p2a: Tyranitar|[miss]\n|-miss|p1a: Heatran|p2a: Tyranitar\n|\n|-weather|Sandstorm|[upkeep]\n|upkeep\n|turn|3\n|\n|t:|1700286479\n|switch|p1a: Ogerpon|Ogerpon-Cornerstone, F|100\/100\n|move|p2a: Tyranitar|Earthquake|p1a: Ogerpon\n|-damage|p1a: Ogerpon|47\/100\n|\n|-weather|Sandstorm|[upkeep]\n|upkeep\n|turn|4\n|c| Phaoryx|YOOOOOOOOOO\n|c| Phaoryx|I JUST PLAYED THIS GUY DIDIT\n|c|\u2606did it done|o3o\n|c|\u2606did it done|wtf LOL\n|\n|t:|1700286492\n|switch|p2a: Corviknight|Corviknight, M, shiny|100\/100\n|-ability|p2a: Corviknight|Pressure\n|move|p1a: Ogerpon|U-turn|p2a: Corviknight\n|-resisted|p2a: Corviknight\n|-damage|p2a: Corviknight|97\/100\n|-damage|p1a: Ogerpon|31\/100|[from] item: Rocky Helmet|[of] p2a: Corviknight\n|\n|t:|1700286501\n|switch|p1a: Heatran|Heatran, M|100\/100|[from] U-turn\n|\n|-weather|Sandstorm|[upkeep]\n|upkeep\n|turn|5\n|c|\u2606did it done|is this true Kirby :^)\n|c| Phaoryx|i was talking about my team being unique\n|c|\u2606KirbyKillua|ye\n|c| Phaoryx|and kirby is like\n|\n|t:|1700286514\n|switch|p2a: Garchomp|Garchomp, M, shiny|100\/100\n|move|p1a: Heatran|Magma Storm|p2a: Garchomp\n|-resisted|p2a: Garchomp\n|-damage|p2a: Garchomp|72\/100\n|-activate|p2a: Garchomp|move: Magma Storm|[of] p1a: Heatran\n|\n|-weather|Sandstorm|[upkeep]\n|-damage|p2a: Garchomp|59\/100|[from] move: Magma Storm|[partiallytrapped]\n|upkeep\n|turn|6\n|c| Phaoryx|\"BRO THIS GUY HAS THE SAME TEAM\"\n|c|\u2606did it done|LOLOL\n|c| Phaoryx|and im like \"is his name diditdone\" HAHAHAHAHA\n|c|\u2606did it done|shout Phaoryx the gawddd\n|c| Phaoryx|bro what the fuckkk\n|\n|t:|1700286537\n|switch|p1a: Ogerpon|Ogerpon-Cornerstone, F|31\/100\n|move|p2a: Garchomp|Scale Shot|p1a: Ogerpon\n|-damage|p1a: Ogerpon|13\/100\n|-damage|p1a: Ogerpon|0 fnt\n|faint|p1a: Ogerpon\n|-hitcount|p1: Ogerpon|2\n|-unboost|p2a: Garchomp|def|1\n|-boost|p2a: Garchomp|spe|1\n|\n|-weather|none\n|-end|p2a: Garchomp|Magma Storm|[partiallytrapped]|[silent]\n|upkeep\n|c| Phaoryx|yeah i let diditdone use my team\n|c| Phaoryx|though it was cool LMAO\n|c|\u2606did it done|its cooking rn bro\n|c|\u2606did it done|3-1 so far tn\n|\n|t:|1700286557\n|switch|p1a: Ribombee|Ribombee, F|100\/100\n|turn|7\n|c| Phaoryx|damn kirby youre usin a different team tho\n|c| Phaoryx|did I make you swap x)\n|c|\u2606KirbyKillua|idk i like using different teams at random\n|\n|t:|1700286577\n|switch|p2a: Corviknight|Corviknight, M, shiny|97\/100\n|-ability|p2a: Corviknight|Pressure\n|move|p1a: Ribombee|Moonblast|p2a: Corviknight\n|-resisted|p2a: Corviknight\n|-damage|p2a: Corviknight|78\/100\n|\n|upkeep\n|turn|8\n|c|\u2606KirbyKillua|i have like 4 i use\n|c| Phaoryx|thats fair\n|\n|t:|1700286585\n|switch|p1a: Heatran|Heatran, M|100\/100\n|move|p2a: Corviknight|Brave Bird|p1a: Heatran\n|-resisted|p1a: Heatran\n|-damage|p1a: Heatran|84\/100\n|-damage|p2a: Corviknight|73\/100|[from] Recoil\n|\n|-heal|p1a: Heatran|90\/100|[from] item: Leftovers\n|upkeep\n|turn|9\n|c| Phaoryx|i like, hyperfocus on one thing\n|\n|t:|1700286589\n|switch|p2a: Tyranitar|Tyranitar, M, shiny|100\/100\n|-weather|Sandstorm|[from] ability: Sand Stream|[of] p2a: Tyranitar\n|move|p1a: Heatran|Stealth Rock|p2a: Tyranitar\n|-sidestart|p2: did it done|move: Stealth Rock\n|\n|-weather|Sandstorm|[upkeep]\n|-heal|p1a: Heatran|97\/100|[from] item: Leftovers\n|upkeep\n|turn|10\n|c| Phaoryx|and try to get really good at only that\n|\n|t:|1700286597\n|move|p1a: Heatran|Earth Power|p2a: Tyranitar\n|-supereffective|p2a: Tyranitar\n|-damage|p2a: Tyranitar|65\/100\n|-unboost|p2a: Tyranitar|spd|1\n|move|p2a: Tyranitar|Earthquake|p1a: Heatran\n|-supereffective|p1a: Heatran\n|-damage|p1a: Heatran|0 fnt\n|faint|p1a: Heatran\n|\n|-weather|Sandstorm|[upkeep]\n|-heal|p2a: Tyranitar|71\/100|[from] item: Leftovers\n|upkeep\n|c| Phaoryx|ive only peaked like 1700 tho\n|c| Phaoryx|so not that good yet\n|\n|t:|1700286611\n|switch|p1a: Great Tusk|Great Tusk|100\/100\n|-enditem|p1a: Great Tusk|Booster Energy\n|-activate|p1a: Great Tusk|ability: Protosynthesis|[fromitem]\n|-start|p1a: Great Tusk|protosynthesisatk\n|turn|11\n|c| Phaoryx|wait\n|c| Phaoryx|ttars a beast\n|c|\u2606did it done|\"only\" phew thats the dream\n|c|\u2606did it done|ofc he is\n|\n|t:|1700286640\n|switch|p2a: Corviknight|Corviknight, M, shiny|73\/100\n|-damage|p2a: Corviknight|61\/100|[from] Stealth Rock\n|-ability|p2a: Corviknight|Pressure\n|move|p1a: Great Tusk|Rapid Spin|p2a: Corviknight\n|-resisted|p2a: Corviknight\n|-damage|p2a: Corviknight|54\/100\n|-boost|p1a: Great Tusk|spe|1\n|-damage|p1a: Great Tusk|84\/100|[from] item: Rocky Helmet|[of] p2a: Corviknight\n|\n|-weather|Sandstorm|[upkeep]\n|upkeep\n|turn|12\n|\n|t:|1700286652\n|move|p1a: Great Tusk|Close Combat|p2a: Corviknight\n|-damage|p2a: Corviknight|2\/100\n|-unboost|p1a: Great Tusk|def|1\n|-unboost|p1a: Great Tusk|spd|1\n|-damage|p1a: Great Tusk|68\/100|[from] item: Rocky Helmet|[of] p2a: Corviknight\n|move|p2a: Corviknight|Brave Bird|p1a: Great Tusk\n|-supereffective|p1a: Great Tusk\n|-damage|p1a: Great Tusk|0 fnt\n|faint|p1a: Great Tusk\n|-end|p1a: Great Tusk|Protosynthesis|[silent]\n|-damage|p2a: Corviknight|0 fnt|[from] Recoil\n|faint|p2a: Corviknight\n|\n|-weather|Sandstorm|[upkeep]\n|upkeep\n|c|\u2606KirbyKillua|web time\n|inactive|did it done has 120 seconds left.\n|c|\u2606did it done|:^)\n|\n|t:|1700286674\n|switch|p1a: Ribombee|Ribombee, F|100\/100\n|switch|p2a: Ninetales|Ninetales-Alola, F, shiny|100\/100\n|-damage|p2a: Ninetales|76\/100|[from] Stealth Rock\n|-weather|Snow|[from] ability: Snow Warning|[of] p2a: Ninetales\n|turn|13\n|c| Phaoryx|:^)\n|inactive|did it done has 120 seconds left.\n|c|\u2606KirbyKillua|next you're gonna use encore to lock me into sticky webs\n|c| Phaoryx|its aveil time\n|\n|t:|1700286699\n|move|p1a: Ribombee|Sticky Web|p2a: Ninetales\n|-sidestart|p2: did it done|move: Sticky Web\n|move|p2a: Ninetales|Encore|p1a: Ribombee\n|-start|p1a: Ribombee|Encore\n|\n|-weather|Snow|[upkeep]\n|upkeep\n|turn|14\n|c|\u2606did it done|yes\n|c|\u2606did it done|o3o\n|c| Phaoryx|a9 my goat\n|c| Phaoryx|a9 is literally\n|c| Phaoryx|one of my favourite mons\n|\n|t:|1700286717\n|switch|p1a: Manaphy|Manaphy|100\/100\n|move|p2a: Ninetales|Aurora Veil|p2a: Ninetales\n|-sidestart|p2: did it done|move: Aurora Veil\n|\n|-weather|Snow|[upkeep]\n|upkeep\n|turn|15\n|\n|t:|1700286720\n|move|p2a: Ninetales|Freeze-Dry|p1a: Manaphy\n|-supereffective|p1a: Manaphy\n|-damage|p1a: Manaphy|51\/100\n|move|p1a: Manaphy|Surf|p2a: Ninetales\n|-damage|p2a: Ninetales|48\/100\n|\n|-weather|Snow|[upkeep]\n|upkeep\n|turn|16\n|c| Phaoryx|didit you dont know how happy I am seeing someone pilot my team LOL\n|\n|t:|1700286726\n|switch|p1a: Ribombee|Ribombee, F|100\/100\n|move|p2a: Ninetales|Freeze-Dry|p1a: Ribombee\n|-damage|p1a: Ribombee|58\/100\n|\n|-weather|Snow|[upkeep]\n|upkeep\n|turn|17\n|c|\u2606did it done|hehe\n|c|\u2606did it done|im learning it more and more\n|c| Phaoryx|that was good\n|c| Phaoryx|gj\n|inactive|did it done has 120 seconds left.\n|\n|t:|1700286765\n|switch|p2a: Ceruledge|Ceruledge, M, shiny|100\/100\n|-damage|p2a: Ceruledge|76\/100|[from] Stealth Rock\n|-activate|p2a: Ceruledge|move: Sticky Web\n|-unboost|p2a: Ceruledge|spe|1\n|move|p1a: Ribombee|Moonblast|p2a: Ceruledge\n|-resisted|p2a: Ceruledge\n|-damage|p2a: Ceruledge|69\/100\n|\n|-weather|none\n|-heal|p2a: Ceruledge|76\/100|[from] item: Leftovers\n|upkeep\n|turn|18\n|\n|t:|1700286774\n|switch|p1a: Manaphy|Manaphy|51\/100\n|move|p2a: Ceruledge|Bulk Up|p2a: Ceruledge\n|-boost|p2a: Ceruledge|atk|1\n|-boost|p2a: Ceruledge|def|1\n|\n|-heal|p2a: Ceruledge|82\/100|[from] item: Leftovers\n|upkeep\n|turn|19\n|\n|t:|1700286778\n|-terastallize|p2a: Ceruledge|Grass\n|move|p1a: Manaphy|Tail Glow|p1a: Manaphy\n|-boost|p1a: Manaphy|spa|3\n|move|p2a: Ceruledge|Tera Blast|p1a: Manaphy|[anim] Tera Blast Grass\n|-supereffective|p1a: Manaphy\n|-damage|p1a: Manaphy|0 fnt\n|faint|p1a: Manaphy\n|\n|-heal|p2a: Ceruledge|88\/100|[from] item: Leftovers\n|upkeep\n|c| Phaoryx|who needs speed ;)\n|c|\u2606did it done|slow and steady\n|\n|t:|1700286789\n|switch|p1a: Ribombee|Ribombee, F|58\/100\n|turn|20\n|inactive|did it done has 120 seconds left.\n|\n|t:|1700286813\n|move|p1a: Ribombee|Moonblast|p2a: Ceruledge\n|-damage|p2a: Ceruledge|74\/100\n|move|p2a: Ceruledge|Bitter Blade|p1a: Ribombee\n|-supereffective|p1a: Ribombee\n|-damage|p1a: Ribombee|0 fnt\n|-heal|p2a: Ceruledge|95\/100|[from] drain|[of] p1a: Ribombee\n|faint|p1a: Ribombee\n|\n|-heal|p2a: Ceruledge|100\/100|[from] item: Leftovers\n|upkeep\n|\n|t:|1700286816\n|switch|p1a: Dragonite|Dragonite, F|100\/100\n|turn|21\n|c| Phaoryx|yeah i didnt get to use ceru on you kirby lol\n|inactive|did it done has 120 seconds left.\n|c| Phaoryx|hes the real wincon\n|c|\u2606KirbyKillua|hmm\n|c| Phaoryx|this team is literally\n|c| Phaoryx|my goats\n|c| Phaoryx|wait didit\n|c| Phaoryx|YOU BENCHED IVAL\n|inactive|did it done has 90 seconds left.\n|c|\u2606did it done|lmao\n|c|\u2606KirbyKillua|but it doesn't have gogoat\n|c|\u2606did it done|bro he dont even come out\n|c|\u2606did it done|LOL\n|c|\u2606did it done|hmm\n|\n|t:|1700286876\n|move|p1a: Dragonite|Dragon Dance|p1a: Dragonite\n|-boost|p1a: Dragonite|atk|1\n|-boost|p1a: Dragonite|spe|1\n|move|p2a: Ceruledge|Bitter Blade|p1a: Dragonite\n|-resisted|p1a: Dragonite\n|-crit|p1a: Dragonite\n|-damage|p1a: Dragonite|75\/100\n|\n|-heal|p1a: Dragonite|82\/100|[from] item: Leftovers\n|-sideend|p2: did it done|move: Aurora Veil\n|upkeep\n|turn|22\n|\n|t:|1700286893\n|move|p1a: Dragonite|Dragon Dance|p1a: Dragonite\n|-boost|p1a: Dragonite|atk|1\n|-boost|p1a: Dragonite|spe|1\n|move|p2a: Ceruledge|Bulk Up|p2a: Ceruledge\n|-boost|p2a: Ceruledge|atk|1\n|-boost|p2a: Ceruledge|def|1\n|\n|-heal|p1a: Dragonite|88\/100|[from] item: Leftovers\n|upkeep\n|turn|23\n|inactive|did it done has 60 seconds left.\n|\n|t:|1700286913\n|move|p1a: Dragonite|Dragon Claw|p2a: Ceruledge\n|-damage|p2a: Ceruledge|49\/100\n|move|p2a: Ceruledge|Bulk Up|p2a: Ceruledge\n|-boost|p2a: Ceruledge|atk|1\n|-boost|p2a: Ceruledge|def|1\n|\n|-heal|p1a: Dragonite|94\/100|[from] item: Leftovers\n|-heal|p2a: Ceruledge|56\/100|[from] item: Leftovers\n|upkeep\n|turn|24\n|\n|t:|1700286917\n|move|p1a: Dragonite|Dragon Claw|p2a: Ceruledge\n|-damage|p2a: Ceruledge|13\/100\n|move|p2a: Ceruledge|Bitter Blade|p1a: Dragonite\n|-resisted|p1a: Dragonite\n|-crit|p1a: Dragonite\n|-damage|p1a: Dragonite|3\/100\n|-heal|p2a: Ceruledge|55\/100|[from] drain|[of] p1a: Dragonite\n|\n|-heal|p1a: Dragonite|9\/100|[from] item: Leftovers\n|-heal|p2a: Ceruledge|61\/100|[from] item: Leftovers\n|upkeep\n|turn|25\n|c|\u2606KirbyKillua|damn 2 crits\n|\n|t:|1700286927\n|move|p2a: Ceruledge|Shadow Sneak|p1a: Dragonite\n|-damage|p1a: Dragonite|0 fnt\n|faint|p1a: Dragonite\n|\n|win|did it done\n|raw|KirbyKillua's rating: 1434 &rarr; <strong>1413<\/strong><br \/>(-21 for losing)\n|raw|did it done's rating: 1408 &rarr; <strong>1429<\/strong><br \/>(+21 for winning)\n|c|\u2606did it done|crit oof\n|l|\u2606KirbyKillua\n|c|\u2606did it done|gg\n|c|\u2606did it done|honestly\n|c|\u2606did it done|this team is good LOL\n","uploadtime":1700286953,"views":11,"p1id":"kirbykillua","p2id":"diditdone","formatid":"gen9ou","rating":1413,"private":0,"password":""}