{"id":"gen9ou-1996427629","p1":"Wetcroutons","p2":"Baerriek","format":"[Gen 9] OU","log":"|j|\u2606Wetcroutons\n|j|\u2606Baerriek\n|t:|1700681015\n|gametype|singles\n|player|p1|Wetcroutons|170|1292\n|player|p2|Baerriek|rancher|1259\n|teamsize|p1|6\n|teamsize|p2|6\n|gen|9\n|tier|[Gen 9] OU\n|rated|\n|rule|Sleep Clause Mod: Limit one foe put to sleep\n|rule|Species Clause: Limit one of each Pok\u00e9mon\n|rule|OHKO Clause: OHKO moves are banned\n|rule|Evasion Items Clause: Evasion items are banned\n|rule|Evasion Moves Clause: Evasion moves are banned\n|rule|Endless Battle Clause: Forcing endless battles is banned\n|rule|HP Percentage Mod: HP is shown in percentages\n|clearpoke\n|poke|p1|Corviknight, F|\n|poke|p1|Garganacl, M|\n|poke|p1|Gholdengo|\n|poke|p1|Garchomp, F|\n|poke|p1|Toxapex, F|\n|poke|p1|Clodsire, M|\n|poke|p2|Great Tusk|\n|poke|p2|Volcanion|\n|poke|p2|Slowking-Galar, M|\n|poke|p2|Corviknight, M|\n|poke|p2|Weavile, M|\n|poke|p2|Iron Moth|\n|teampreview\n|inactive|Battle timer is ON: inactive players will automatically lose when time's up. (requested by Wetcroutons)\n|inactive|Baerriek has 120 seconds left.\n|\n|t:|1700681053\n|start\n|switch|p1a: Garchomp|Garchomp, F|100\/100\n|switch|p2a: Iron Moth|Iron Moth|100\/100\n|-enditem|p2a: Iron Moth|Booster Energy\n|-activate|p2a: Iron Moth|ability: Quark Drive|[fromitem]\n|-start|p2a: Iron Moth|quarkdrivespe\n|turn|1\n|\n|t:|1700681062\n|-terastallize|p2a: Iron Moth|Grass\n|move|p2a: Iron Moth|Energy Ball|p1a: Garchomp\n|-damage|p1a: Garchomp|53\/100\n|move|p1a: Garchomp|Earthquake|p2a: Iron Moth\n|-resisted|p2a: Iron Moth\n|-damage|p2a: Iron Moth|66\/100\n|\n|-heal|p1a: Garchomp|59\/100|[from] item: Leftovers\n|upkeep\n|turn|2\n|\n|t:|1700681073\n|-terastallize|p1a: Garchomp|Dragon\n|move|p2a: Iron Moth|Energy Ball|p1a: Garchomp\n|-resisted|p1a: Garchomp\n|-damage|p1a: Garchomp|35\/100\n|move|p1a: Garchomp|Dragon Claw|p2a: Iron Moth\n|-damage|p2a: Iron Moth|0 fnt\n|faint|p2a: Iron Moth\n|-end|p2a: Iron Moth|Quark Drive|[silent]\n|\n|-heal|p1a: Garchomp|41\/100|[from] item: Leftovers\n|upkeep\n|\n|t:|1700681080\n|switch|p2a: Weavile|Weavile, M|100\/100\n|-ability|p2a: Weavile|Pressure\n|turn|3\n|\n|t:|1700681089\n|switch|p1a: Garganacl|Garganacl, M|100\/100\n|move|p2a: Weavile|Icicle Crash|p1a: Garganacl\n|-damage|p1a: Garganacl|79\/100\n|\n|-heal|p1a: Garganacl|85\/100|[from] item: Leftovers\n|upkeep\n|turn|4\n|\n|t:|1700681102\n|switch|p2a: Corviknight|Corviknight, M|100\/100\n|-ability|p2a: Corviknight|Pressure\n|move|p1a: Garganacl|Stealth Rock|p2a: Corviknight\n|-sidestart|p2: Baerriek|move: Stealth Rock\n|\n|-heal|p1a: Garganacl|91\/100|[from] item: Leftovers\n|upkeep\n|turn|5\n|\n|t:|1700681110\n|move|p2a: Corviknight|Defog|p1a: Garganacl\n|-unboost|p1a: Garganacl|evasion|1\n|-sideend|p2: Baerriek|Stealth Rock|[from] move: Defog|[of] p2a: Corviknight\n|move|p1a: Garganacl|Salt Cure|p2a: Corviknight\n|-damage|p2a: Corviknight|93\/100\n|-start|p2a: Corviknight|Salt Cure\n|\n|-heal|p2a: Corviknight|99\/100|[from] item: Leftovers\n|-heal|p1a: Garganacl|97\/100|[from] item: Leftovers\n|-damage|p2a: Corviknight|74\/100|[from] Salt Cure\n|upkeep\n|turn|6\n|\n|t:|1700681121\n|move|p2a: Corviknight|U-turn|p1a: Garganacl\n|-damage|p1a: Garganacl|90\/100\n|\n|t:|1700681133\n|switch|p2a: Great Tusk|Great Tusk|100\/100|[from] U-turn\n|move|p1a: Garganacl|Stealth Rock|p2a: Great Tusk\n|-sidestart|p2: Baerriek|move: Stealth Rock\n|\n|-heal|p1a: Garganacl|96\/100|[from] item: Leftovers\n|upkeep\n|turn|7\n|\n|t:|1700681142\n|switch|p1a: Gholdengo|Gholdengo|100\/100\n|-item|p1a: Gholdengo|Air Balloon\n|move|p2a: Great Tusk|Headlong Rush|p1a: Gholdengo\n|-immune|p1a: Gholdengo\n|\n|upkeep\n|turn|8\n|\n|t:|1700681150\n|-end|p2a: Great Tusk|Protosynthesis|[silent]\n|switch|p2a: Corviknight|Corviknight, M|74\/100\n|-damage|p2a: Corviknight|62\/100|[from] Stealth Rock\n|-ability|p2a: Corviknight|Pressure\n|move|p1a: Gholdengo|Make It Rain|p2a: Corviknight\n|-resisted|p2a: Corviknight\n|-damage|p2a: Corviknight|26\/100\n|-unboost|p1a: Gholdengo|spa|1\n|\n|-heal|p2a: Corviknight|32\/100|[from] item: Leftovers\n|upkeep\n|turn|9\n|\n|t:|1700681163\n|move|p1a: Gholdengo|Shadow Ball|p2a: Corviknight\n|-damage|p2a: Corviknight|2\/100\n|move|p2a: Corviknight|Roost|p2a: Corviknight\n|-heal|p2a: Corviknight|52\/100\n|-singleturn|p2a: Corviknight|move: Roost\n|\n|-heal|p2a: Corviknight|58\/100|[from] item: Leftovers\n|upkeep\n|turn|10\n|\n|t:|1700681176\n|switch|p1a: Garganacl|Garganacl, M|96\/100\n|move|p2a: Corviknight|Roost|p2a: Corviknight\n|-heal|p2a: Corviknight|100\/100\n|-singleturn|p2a: Corviknight|move: Roost\n|\n|-heal|p1a: Garganacl|100\/100|[from] item: Leftovers\n|upkeep\n|turn|11\n|\n|t:|1700681185\n|move|p2a: Corviknight|Defog|p1a: Garganacl\n|-unboost|p1a: Garganacl|evasion|1\n|-sideend|p2: Baerriek|Stealth Rock|[from] move: Defog|[of] p2a: Corviknight\n|move|p1a: Garganacl|Salt Cure|p2a: Corviknight\n|-damage|p2a: Corviknight|93\/100\n|-start|p2a: Corviknight|Salt Cure\n|\n|-heal|p2a: Corviknight|99\/100|[from] item: Leftovers\n|-damage|p2a: Corviknight|74\/100|[from] Salt Cure\n|upkeep\n|turn|12\n|\n|t:|1700681195\n|move|p2a: Corviknight|U-turn|p1a: Garganacl\n|-damage|p1a: Garganacl|93\/100\n|\n|t:|1700681201\n|switch|p2a: Great Tusk|Great Tusk|100\/100|[from] U-turn\n|move|p1a: Garganacl|Salt Cure|p2a: Great Tusk\n|-resisted|p2a: Great Tusk\n|-damage|p2a: Great Tusk|98\/100\n|-start|p2a: Great Tusk|Salt Cure\n|\n|-heal|p1a: Garganacl|99\/100|[from] item: Leftovers\n|-damage|p2a: Great Tusk|86\/100|[from] Salt Cure\n|upkeep\n|turn|13\n|\n|t:|1700681211\n|move|p2a: Great Tusk|Knock Off|p1a: Garganacl\n|-damage|p1a: Garganacl|72\/100\n|-enditem|p1a: Garganacl|Leftovers|[from] move: Knock Off|[of] p2a: Great Tusk\n|move|p1a: Garganacl|Stealth Rock|p2a: Great Tusk\n|-sidestart|p2: Baerriek|move: Stealth Rock\n|\n|-damage|p2a: Great Tusk|73\/100|[from] Salt Cure\n|upkeep\n|turn|14\n|\n|t:|1700681220\n|-end|p2a: Great Tusk|Protosynthesis|[silent]\n|switch|p2a: Corviknight|Corviknight, M|74\/100\n|-damage|p2a: Corviknight|62\/100|[from] Stealth Rock\n|-ability|p2a: Corviknight|Pressure\n|switch|p1a: Corviknight|Corviknight, F|100\/100\n|-ability|p1a: Corviknight|Pressure\n|\n|-heal|p2a: Corviknight|68\/100|[from] item: Leftovers\n|upkeep\n|turn|15\n|\n|t:|1700681234\n|switch|p1a: Gholdengo|Gholdengo|100\/100\n|-item|p1a: Gholdengo|Air Balloon\n|move|p2a: Corviknight|Defog|p1a: Gholdengo\n|-immune|p1a: Gholdengo|[from] ability: Good as Gold\n|\n|-heal|p2a: Corviknight|74\/100|[from] item: Leftovers\n|upkeep\n|turn|16\n|\n|t:|1700681243\n|move|p1a: Gholdengo|Shadow Ball|p2a: Corviknight\n|-damage|p2a: Corviknight|29\/100\n|move|p2a: Corviknight|U-turn|p1a: Gholdengo\n|-resisted|p1a: Gholdengo\n|-damage|p1a: Gholdengo|97\/100\n|-enditem|p1a: Gholdengo|Air Balloon\n|\n|t:|1700681252\n|switch|p2a: Great Tusk|Great Tusk|73\/100|[from] U-turn\n|-damage|p2a: Great Tusk|70\/100|[from] Stealth Rock\n|\n|upkeep\n|turn|17\n|\n|t:|1700681258\n|move|p2a: Great Tusk|Knock Off|p1a: Gholdengo\n|-supereffective|p1a: Gholdengo\n|-damage|p1a: Gholdengo|38\/100\n|move|p1a: Gholdengo|Make It Rain|p2a: Great Tusk\n|-damage|p2a: Great Tusk|0 fnt\n|-unboost|p1a: Gholdengo|spa|1\n|faint|p2a: Great Tusk\n|-end|p2a: Great Tusk|Protosynthesis|[silent]\n|\n|upkeep\n|\n|t:|1700681268\n|switch|p2a: Slowking|Slowking-Galar, M|100\/100\n|turn|18\n|\n|t:|1700681274\n|switch|p1a: Toxapex|Toxapex, F|100\/100\n|move|p2a: Slowking|Future Sight|p1a: Toxapex\n|-start|p2a: Slowking|move: Future Sight\n|\n|upkeep\n|turn|19\n|\n|t:|1700681280\n|move|p1a: Toxapex|Infestation|p2a: Slowking\n|-damage|p2a: Slowking|98\/100\n|-activate|p2a: Slowking|move: Infestation|[of] p1a: Toxapex\n|move|p2a: Slowking|Chilly Reception|p2a: Slowking\n|-weather|Snow\n|\n|t:|1700681283\n|switch|p2a: Corviknight|Corviknight, M|29\/100|[from] Chilly Reception\n|-damage|p2a: Corviknight|16\/100|[from] Stealth Rock\n|-ability|p2a: Corviknight|Pressure\n|\n|-weather|Snow|[upkeep]\n|-heal|p2a: Corviknight|22\/100|[from] item: Leftovers\n|upkeep\n|turn|20\n|\n|t:|1700681288\n|move|p2a: Corviknight|Defog|p1a: Toxapex\n|-unboost|p1a: Toxapex|evasion|1\n|-sideend|p2: Baerriek|Stealth Rock|[from] move: Defog|[of] p2a: Corviknight\n|move|p1a: Toxapex|Toxic Spikes|p2a: Corviknight\n|-sidestart|p2: Baerriek|move: Toxic Spikes\n|\n|-weather|Snow|[upkeep]\n|-end|p1a: Toxapex|move: Future Sight\n|-supereffective|p1a: Toxapex\n|-damage|p1a: Toxapex|43\/100\n|-heal|p2a: Corviknight|28\/100|[from] item: Leftovers\n|-heal|p1a: Toxapex|50\/100|[from] item: Leftovers\n|upkeep\n|turn|21\n|\n|t:|1700681293\n|switch|p1a: Garganacl|Garganacl, M|72\/100\n|move|p2a: Corviknight|Roost|p2a: Corviknight\n|-heal|p2a: Corviknight|78\/100\n|-singleturn|p2a: Corviknight|move: Roost\n|\n|-weather|Snow|[upkeep]\n|-heal|p2a: Corviknight|84\/100|[from] item: Leftovers\n|upkeep\n|turn|22\n|\n|t:|1700681298\n|move|p2a: Corviknight|U-turn|p1a: Garganacl\n|-damage|p1a: Garganacl|65\/100\n|\n|t:|1700681300\n|switch|p2a: Slowking|Slowking-Galar, M|100\/100|[from] U-turn\n|-sideend|p2: Baerriek|move: Toxic Spikes|[of] p2a: Slowking\n|move|p1a: Garganacl|Salt Cure|p2a: Slowking\n|-damage|p2a: Slowking|91\/100\n|-start|p2a: Slowking|Salt Cure\n|\n|-weather|Snow|[upkeep]\n|-damage|p2a: Slowking|78\/100|[from] Salt Cure\n|upkeep\n|turn|23\n|\n|t:|1700681311\n|move|p1a: Garganacl|Recover|p1a: Garganacl\n|-heal|p1a: Garganacl|100\/100\n|move|p2a: Slowking|Chilly Reception|p2a: Slowking\n|\n|t:|1700681314\n|switch|p2a: Volcanion|Volcanion|100\/100|[from] Chilly Reception\n|\n|-weather|none\n|upkeep\n|turn|24\n|\n|t:|1700681335\n|switch|p1a: Toxapex|Toxapex, F|83\/100\n|move|p2a: Volcanion|Steam Eruption|p1a: Toxapex\n|-resisted|p1a: Toxapex\n|-damage|p1a: Toxapex|65\/100\n|\n|-heal|p1a: Toxapex|71\/100|[from] item: Leftovers\n|upkeep\n|turn|25\n|\n|t:|1700681341\n|switch|p1a: Corviknight|Corviknight, F|100\/100\n|-ability|p1a: Corviknight|Pressure\n|move|p2a: Volcanion|Taunt|p1a: Corviknight\n|-start|p1a: Corviknight|move: Taunt\n|\n|upkeep\n|turn|26\n|\n|t:|1700681350\n|move|p2a: Volcanion|Flamethrower|p1a: Corviknight\n|-supereffective|p1a: Corviknight\n|-damage|p1a: Corviknight|0 fnt\n|faint|p1a: Corviknight\n|\n|upkeep\n|\n|t:|1700681355\n|switch|p1a: Clodsire|Clodsire, M|100\/100\n|turn|27\n|\n|t:|1700681358\n|move|p2a: Volcanion|Earth Power|p1a: Clodsire\n|-supereffective|p1a: Clodsire\n|-damage|p1a: Clodsire|62\/100\n|move|p1a: Clodsire|Toxic|p2a: Volcanion\n|-status|p2a: Volcanion|tox\n|\n|-heal|p1a: Clodsire|69\/100|[from] item: Leftovers\n|-damage|p2a: Volcanion|94\/100 tox|[from] psn\n|upkeep\n|turn|28\n|\n|t:|1700681369\n|move|p1a: Clodsire|Protect|p1a: Clodsire\n|-singleturn|p1a: Clodsire|Protect\n|move|p2a: Volcanion|Taunt|p1a: Clodsire\n|-activate|p1a: Clodsire|move: Protect\n|\n|-heal|p1a: Clodsire|75\/100|[from] item: Leftovers\n|-damage|p2a: Volcanion|82\/100 tox|[from] psn\n|upkeep\n|turn|29\n|\n|t:|1700681378\n|move|p2a: Volcanion|Taunt|p1a: Clodsire\n|-start|p1a: Clodsire|move: Taunt\n|move|p1a: Clodsire|Earthquake|p2a: Volcanion\n|-supereffective|p2a: Volcanion\n|-damage|p2a: Volcanion|31\/100 tox\n|\n|-heal|p1a: Clodsire|81\/100|[from] item: Leftovers\n|-damage|p2a: Volcanion|13\/100 tox|[from] psn\n|upkeep\n|turn|30\n|\n|t:|1700681389\n|switch|p1a: Toxapex|Toxapex, F|100\/100\n|move|p2a: Volcanion|Earth Power|p1a: Toxapex\n|-supereffective|p1a: Toxapex\n|-damage|p1a: Toxapex|53\/100\n|\n|-heal|p1a: Toxapex|59\/100|[from] item: Leftovers\n|-damage|p2a: Volcanion|0 fnt|[from] psn\n|faint|p2a: Volcanion\n|upkeep\n|\n|t:|1700681393\n|switch|p2a: Slowking|Slowking-Galar, M|100\/100\n|turn|31\n|\n|t:|1700681404\n|move|p1a: Toxapex|Toxic Spikes|p2a: Slowking\n|-sidestart|p2: Baerriek|move: Toxic Spikes\n|move|p2a: Slowking|Future Sight|p1a: Toxapex\n|-start|p2a: Slowking|move: Future Sight\n|\n|-heal|p1a: Toxapex|66\/100|[from] item: Leftovers\n|upkeep\n|turn|32\n|\n|t:|1700681414\n|switch|p1a: Garganacl|Garganacl, M|100\/100\n|move|p2a: Slowking|Chilly Reception|p2a: Slowking\n|-weather|Snow\n|\n|t:|1700681425\n|switch|p2a: Corviknight|Corviknight, M|84\/100|[from] Chilly Reception\n|-ability|p2a: Corviknight|Pressure\n|\n|-weather|Snow|[upkeep]\n|-heal|p2a: Corviknight|90\/100|[from] item: Leftovers\n|upkeep\n|turn|33\n|\n|t:|1700681434\n|move|p2a: Corviknight|U-turn|p1a: Garganacl\n|-damage|p1a: Garganacl|94\/100\n|\n|t:|1700681436\n|switch|p2a: Slowking|Slowking-Galar, M|100\/100|[from] U-turn\n|-sideend|p2: Baerriek|move: Toxic Spikes|[of] p2a: Slowking\n|move|p1a: Garganacl|Salt Cure|p2a: Slowking\n|-damage|p2a: Slowking|91\/100\n|-start|p2a: Slowking|Salt Cure\n|\n|-weather|Snow|[upkeep]\n|-end|p1a: Garganacl|move: Future Sight\n|-damage|p1a: Garganacl|52\/100\n|-damage|p2a: Slowking|78\/100|[from] Salt Cure\n|upkeep\n|turn|34\n|\n|t:|1700681448\n|move|p1a: Garganacl|Stealth Rock|p2a: Slowking\n|-sidestart|p2: Baerriek|move: Stealth Rock\n|move|p2a: Slowking|Chilly Reception|p2a: Slowking\n|\n|t:|1700681455\n|switch|p2a: Corviknight|Corviknight, M|90\/100|[from] Chilly Reception\n|-damage|p2a: Corviknight|78\/100|[from] Stealth Rock\n|-ability|p2a: Corviknight|Pressure\n|\n|-weather|Snow|[upkeep]\n|-heal|p2a: Corviknight|84\/100|[from] item: Leftovers\n|upkeep\n|turn|35\n|\n|t:|1700681464\n|move|p2a: Corviknight|Defog|p1a: Garganacl\n|-unboost|p1a: Garganacl|evasion|1\n|-sideend|p2: Baerriek|Stealth Rock|[from] move: Defog|[of] p2a: Corviknight\n|move|p1a: Garganacl|Salt Cure|p2a: Corviknight\n|-damage|p2a: Corviknight|76\/100\n|-start|p2a: Corviknight|Salt Cure\n|\n|-weather|Snow|[upkeep]\n|-heal|p2a: Corviknight|82\/100|[from] item: Leftovers\n|-damage|p2a: Corviknight|58\/100|[from] Salt Cure\n|upkeep\n|turn|36\n|\n|t:|1700681480\n|move|p2a: Corviknight|U-turn|p1a: Garganacl\n|-damage|p1a: Garganacl|44\/100\n|\n|t:|1700681484\n|switch|p2a: Slowking|Slowking-Galar, M|100\/100|[from] U-turn\n|move|p1a: Garganacl|Stealth Rock|p2a: Slowking\n|-sidestart|p2: Baerriek|move: Stealth Rock\n|\n|-weather|none\n|upkeep\n|turn|37\n|\n|t:|1700681489\n|move|p1a: Garganacl|Salt Cure|p2a: Slowking\n|-damage|p2a: Slowking|91\/100\n|-start|p2a: Slowking|Salt Cure\n|move|p2a: Slowking|Future Sight|p1a: Garganacl\n|-start|p2a: Slowking|move: Future Sight\n|\n|-damage|p2a: Slowking|78\/100|[from] Salt Cure\n|upkeep\n|turn|38\n|\n|t:|1700681496\n|switch|p1a: Clodsire|Clodsire, M|81\/100\n|move|p2a: Slowking|Chilly Reception|p2a: Slowking\n|-weather|Snow\n|\n|t:|1700681503\n|switch|p2a: Corviknight|Corviknight, M|58\/100|[from] Chilly Reception\n|-damage|p2a: Corviknight|45\/100|[from] Stealth Rock\n|-ability|p2a: Corviknight|Pressure\n|\n|-weather|Snow|[upkeep]\n|-heal|p2a: Corviknight|51\/100|[from] item: Leftovers\n|-heal|p1a: Clodsire|87\/100|[from] item: Leftovers\n|upkeep\n|turn|39\n|\n|t:|1700681513\n|switch|p1a: Gholdengo|Gholdengo|38\/100\n|move|p2a: Corviknight|Roost|p2a: Corviknight\n|-heal|p2a: Corviknight|100\/100\n|-singleturn|p2a: Corviknight|move: Roost\n|\n|-weather|Snow|[upkeep]\n|-end|p1a: Gholdengo|move: Future Sight\n|-resisted|p1a: Gholdengo\n|-damage|p1a: Gholdengo|15\/100\n|upkeep\n|turn|40\n|\n|t:|1700681522\n|move|p1a: Gholdengo|Nasty Plot|p1a: Gholdengo\n|-boost|p1a: Gholdengo|spa|2\n|move|p2a: Corviknight|Brave Bird|p1a: Gholdengo\n|-resisted|p1a: Gholdengo\n|-damage|p1a: Gholdengo|0 fnt\n|faint|p1a: Gholdengo\n|-damage|p2a: Corviknight|96\/100|[from] Recoil\n|\n|-weather|Snow|[upkeep]\n|-heal|p2a: Corviknight|100\/100|[from] item: Leftovers\n|upkeep\n|\n|t:|1700681532\n|switch|p1a: Clodsire|Clodsire, M|87\/100\n|turn|41\n|\n|t:|1700681540\n|switch|p1a: Toxapex|Toxapex, F|99\/100\n|move|p2a: Corviknight|U-turn|p1a: Toxapex\n|-resisted|p1a: Toxapex\n|-damage|p1a: Toxapex|94\/100\n|\n|t:|1700681546\n|switch|p2a: Slowking|Slowking-Galar, M|100\/100|[from] U-turn\n|\n|-weather|Snow|[upkeep]\n|-heal|p1a: Toxapex|99\/100|[from] item: Leftovers\n|upkeep\n|turn|42\n|\n|t:|1700681550\n|move|p1a: Toxapex|Infestation|p2a: Slowking\n|-damage|p2a: Slowking|98\/100\n|-activate|p2a: Slowking|move: Infestation|[of] p1a: Toxapex\n|move|p2a: Slowking|Future Sight|p1a: Toxapex\n|-start|p2a: Slowking|move: Future Sight\n|\n|-weather|none\n|-heal|p1a: Toxapex|100\/100|[from] item: Leftovers\n|-damage|p2a: Slowking|86\/100|[from] move: Infestation|[partiallytrapped]\n|upkeep\n|turn|43\n|\n|t:|1700681558\n|switch|p1a: Garganacl|Garganacl, M|44\/100\n|move|p2a: Slowking|Chilly Reception|p2a: Slowking\n|-weather|Snow\n|\n|t:|1700681564\n|switch|p2a: Corviknight|Corviknight, M|100\/100|[from] Chilly Reception\n|-damage|p2a: Corviknight|88\/100|[from] Stealth Rock\n|-ability|p2a: Corviknight|Pressure\n|\n|-weather|Snow|[upkeep]\n|-heal|p2a: Corviknight|94\/100|[from] item: Leftovers\n|upkeep\n|turn|44\n|\n|t:|1700681580\n|move|p2a: Corviknight|Defog|p1a: Garganacl\n|-unboost|p1a: Garganacl|evasion|1\n|-sideend|p2: Baerriek|Stealth Rock|[from] move: Defog|[of] p2a: Corviknight\n|move|p1a: Garganacl|Recover|p1a: Garganacl\n|-heal|p1a: Garganacl|94\/100\n|\n|-weather|Snow|[upkeep]\n|-end|p1a: Garganacl|move: Future Sight\n|-damage|p1a: Garganacl|53\/100\n|-heal|p2a: Corviknight|99\/100|[from] item: Leftovers\n|upkeep\n|turn|45\n|\n|t:|1700681597\n|move|p2a: Corviknight|U-turn|p1a: Garganacl\n|-damage|p1a: Garganacl|46\/100\n|\n|t:|1700681608\n|switch|p2a: Slowking|Slowking-Galar, M|100\/100|[from] U-turn\n|move|p1a: Garganacl|Salt Cure|p2a: Slowking\n|-damage|p2a: Slowking|91\/100\n|-start|p2a: Slowking|Salt Cure\n|\n|-weather|Snow|[upkeep]\n|-damage|p2a: Slowking|78\/100|[from] Salt Cure\n|upkeep\n|turn|46\n|\n|t:|1700681613\n|move|p1a: Garganacl|Recover|p1a: Garganacl\n|-heal|p1a: Garganacl|96\/100\n|move|p2a: Slowking|Future Sight|p1a: Garganacl\n|-start|p2a: Slowking|move: Future Sight\n|\n|-weather|Snow|[upkeep]\n|-damage|p2a: Slowking|66\/100|[from] Salt Cure\n|upkeep\n|turn|47\n|\n|t:|1700681637\n|switch|p1a: Toxapex|Toxapex, F|100\/100\n|move|p2a: Slowking|Chilly Reception|p2a: Slowking\n|\n|t:|1700681644\n|switch|p2a: Corviknight|Corviknight, M|99\/100|[from] Chilly Reception\n|-ability|p2a: Corviknight|Pressure\n|\n|-weather|none\n|-heal|p2a: Corviknight|100\/100|[from] item: Leftovers\n|upkeep\n|turn|48\n|\n|t:|1700681653\n|move|p2a: Corviknight|Brave Bird|p1a: Toxapex\n|-damage|p1a: Toxapex|73\/100\n|-damage|p2a: Corviknight|93\/100|[from] Recoil\n|move|p1a: Toxapex|Toxic Spikes|p2a: Corviknight\n|-sidestart|p2: Baerriek|move: Toxic Spikes\n|\n|-end|p1a: Toxapex|move: Future Sight\n|-supereffective|p1a: Toxapex\n|-damage|p1a: Toxapex|20\/100\n|-heal|p2a: Corviknight|99\/100|[from] item: Leftovers\n|-heal|p1a: Toxapex|26\/100|[from] item: Leftovers\n|upkeep\n|turn|49\n|\n|t:|1700681659\n|switch|p1a: Garganacl|Garganacl, M|96\/100\n|move|p2a: Corviknight|Defog|p1a: Garganacl\n|-unboost|p1a: Garganacl|evasion|1\n|-sideend|p2: Baerriek|Toxic Spikes|[from] move: Defog|[of] p2a: Corviknight\n|\n|-heal|p2a: Corviknight|100\/100|[from] item: Leftovers\n|upkeep\n|turn|50\n|\n|t:|1700681664\n|move|p2a: Corviknight|U-turn|p1a: Garganacl\n|-damage|p1a: Garganacl|88\/100\n|\n|t:|1700681667\n|switch|p2a: Slowking|Slowking-Galar, M|99\/100|[from] U-turn\n|move|p1a: Garganacl|Stealth Rock|p2a: Slowking\n|-sidestart|p2: Baerriek|move: Stealth Rock\n|\n|upkeep\n|turn|51\n|\n|t:|1700681672\n|switch|p1a: Clodsire|Clodsire, M|87\/100\n|move|p2a: Slowking|Future Sight|p1a: Clodsire\n|-start|p2a: Slowking|move: Future Sight\n|\n|-heal|p1a: Clodsire|93\/100|[from] item: Leftovers\n|upkeep\n|turn|52\n|\n|t:|1700681678\n|move|p1a: Clodsire|Earthquake|p2a: Slowking\n|-supereffective|p2a: Slowking\n|-damage|p2a: Slowking|62\/100\n|move|p2a: Slowking|Chilly Reception|p2a: Slowking\n|-weather|Snow\n|\n|t:|1700681681\n|switch|p2a: Corviknight|Corviknight, M|100\/100|[from] Chilly Reception\n|-damage|p2a: Corviknight|88\/100|[from] Stealth Rock\n|-ability|p2a: Corviknight|Pressure\n|\n|-weather|Snow|[upkeep]\n|-heal|p2a: Corviknight|94\/100|[from] item: Leftovers\n|-heal|p1a: Clodsire|99\/100|[from] item: Leftovers\n|upkeep\n|turn|53\n|\n|t:|1700681685\n|switch|p1a: Garganacl|Garganacl, M|88\/100\n|move|p2a: Corviknight|Defog|p1a: Garganacl\n|-unboost|p1a: Garganacl|evasion|1\n|-sideend|p2: Baerriek|Stealth Rock|[from] move: Defog|[of] p2a: Corviknight\n|\n|-weather|Snow|[upkeep]\n|-end|p1a: Garganacl|move: Future Sight\n|-damage|p1a: Garganacl|50\/100\n|-heal|p2a: Corviknight|99\/100|[from] item: Leftovers\n|upkeep\n|turn|54\n|\n|t:|1700681694\n|move|p2a: Corviknight|Brave Bird|p1a: Garganacl\n|-resisted|p1a: Garganacl\n|-damage|p1a: Garganacl|41\/100\n|-damage|p2a: Corviknight|97\/100|[from] Recoil\n|move|p1a: Garganacl|Recover|p1a: Garganacl\n|-heal|p1a: Garganacl|91\/100\n|\n|-weather|Snow|[upkeep]\n|-heal|p2a: Corviknight|100\/100|[from] item: Leftovers\n|upkeep\n|turn|55\n|\n|t:|1700681708\n|move|p2a: Corviknight|U-turn|p1a: Garganacl\n|-damage|p1a: Garganacl|83\/100\n|\n|t:|1700681716\n|switch|p2a: Slowking|Slowking-Galar, M|96\/100|[from] U-turn\n|move|p1a: Garganacl|Salt Cure|p2a: Slowking\n|-damage|p2a: Slowking|86\/100\n|-start|p2a: Slowking|Salt Cure\n|\n|-weather|Snow|[upkeep]\n|-damage|p2a: Slowking|73\/100|[from] Salt Cure\n|upkeep\n|turn|56\n|\n|t:|1700681722\n|switch|p1a: Garchomp|Garchomp, F, tera:Dragon|41\/100\n|move|p2a: Slowking|Future Sight|p1a: Garchomp\n|-start|p2a: Slowking|move: Future Sight\n|\n|-weather|none\n|-heal|p1a: Garchomp|48\/100|[from] item: Leftovers\n|-damage|p2a: Slowking|61\/100|[from] Salt Cure\n|upkeep\n|turn|57\n|\n|t:|1700681727\n|switch|p2a: Corviknight|Corviknight, M|100\/100\n|-ability|p2a: Corviknight|Pressure\n|move|p1a: Garchomp|Earthquake|p2a: Corviknight\n|-immune|p2a: Corviknight\n|\n|-heal|p1a: Garchomp|54\/100|[from] item: Leftovers\n|upkeep\n|turn|58\n|\n|t:|1700681749\n|switch|p1a: Garganacl|Garganacl, M|83\/100\n|move|p2a: Corviknight|Brave Bird|p1a: Garganacl\n|-resisted|p1a: Garganacl\n|-damage|p1a: Garganacl|74\/100\n|-damage|p2a: Corviknight|97\/100|[from] Recoil\n|\n|-end|p1a: Garganacl|move: Future Sight\n|-damage|p1a: Garganacl|32\/100\n|-heal|p2a: Corviknight|100\/100|[from] item: Leftovers\n|upkeep\n|turn|59\n|\n|t:|1700681763\n|move|p2a: Corviknight|Brave Bird|p1a: Garganacl\n|-resisted|p1a: Garganacl\n|-damage|p1a: Garganacl|23\/100\n|-damage|p2a: Corviknight|97\/100|[from] Recoil\n|move|p1a: Garganacl|Recover|p1a: Garganacl\n|-heal|p1a: Garganacl|73\/100\n|\n|-heal|p2a: Corviknight|100\/100|[from] item: Leftovers\n|upkeep\n|turn|60\n|\n|t:|1700681770\n|move|p2a: Corviknight|Brave Bird|p1a: Garganacl\n|-resisted|p1a: Garganacl\n|-crit|p1a: Garganacl\n|-damage|p1a: Garganacl|60\/100\n|-damage|p2a: Corviknight|96\/100|[from] Recoil\n|move|p1a: Garganacl|Curse|p1a: Garganacl\n|-unboost|p1a: Garganacl|spe|1\n|-boost|p1a: Garganacl|atk|1\n|-boost|p1a: Garganacl|def|1\n|\n|-heal|p2a: Corviknight|100\/100|[from] item: Leftovers\n|upkeep\n|turn|61\n|\n|t:|1700681776\n|move|p2a: Corviknight|U-turn|p1a: Garganacl\n|-damage|p1a: Garganacl|55\/100\n|\n|t:|1700681778\n|switch|p2a: Slowking|Slowking-Galar, M|94\/100|[from] U-turn\n|move|p1a: Garganacl|Salt Cure|p2a: Slowking\n|-damage|p2a: Slowking|79\/100\n|-start|p2a: Slowking|Salt Cure\n|\n|-damage|p2a: Slowking|67\/100|[from] Salt Cure\n|upkeep\n|turn|62\n|\n|t:|1700681785\n|move|p1a: Garganacl|Curse|p1a: Garganacl\n|-unboost|p1a: Garganacl|spe|1\n|-boost|p1a: Garganacl|atk|1\n|-boost|p1a: Garganacl|def|1\n|move|p2a: Slowking|Future Sight|p1a: Garganacl\n|-start|p2a: Slowking|move: Future Sight\n|\n|-damage|p2a: Slowking|55\/100|[from] Salt Cure\n|upkeep\n|turn|63\n|\n|t:|1700681789\n|switch|p2a: Corviknight|Corviknight, M|100\/100\n|-ability|p2a: Corviknight|Pressure\n|move|p1a: Garganacl|Salt Cure|p2a: Corviknight\n|-damage|p2a: Corviknight|83\/100\n|-start|p2a: Corviknight|Salt Cure\n|\n|-heal|p2a: Corviknight|89\/100|[from] item: Leftovers\n|-damage|p2a: Corviknight|64\/100|[from] Salt Cure\n|upkeep\n|turn|64\n|\n|t:|1700681797\n|move|p2a: Corviknight|U-turn|p1a: Garganacl\n|-damage|p1a: Garganacl|51\/100\n|\n|t:|1700681799\n|switch|p2a: Slowking|Slowking-Galar, M|88\/100|[from] U-turn\n|move|p1a: Garganacl|Recover|p1a: Garganacl\n|-heal|p1a: Garganacl|100\/100\n|\n|-end|p1a: Garganacl|move: Future Sight\n|-damage|p1a: Garganacl|62\/100\n|upkeep\n|turn|65\n|\n|t:|1700681802\n|move|p2a: Slowking|Sludge Bomb|p1a: Garganacl\n|-resisted|p1a: Garganacl\n|-damage|p1a: Garganacl|47\/100\n|move|p1a: Garganacl|Curse|p1a: Garganacl\n|-unboost|p1a: Garganacl|spe|1\n|-boost|p1a: Garganacl|atk|1\n|-boost|p1a: Garganacl|def|1\n|\n|upkeep\n|turn|66\n|\n|t:|1700681808\n|move|p2a: Slowking|Sludge Bomb|p1a: Garganacl\n|-resisted|p1a: Garganacl\n|-damage|p1a: Garganacl|31\/100\n|move|p1a: Garganacl|Salt Cure|p2a: Slowking\n|-damage|p2a: Slowking|65\/100\n|-start|p2a: Slowking|Salt Cure\n|\n|-damage|p2a: Slowking|52\/100|[from] Salt Cure\n|upkeep\n|turn|67\n|\n|t:|1700681815\n|move|p2a: Slowking|Sludge Bomb|p1a: Garganacl\n|-resisted|p1a: Garganacl\n|-damage|p1a: Garganacl|16\/100\n|move|p1a: Garganacl|Stealth Rock|p2a: Slowking\n|-sidestart|p2: Baerriek|move: Stealth Rock\n|\n|-damage|p2a: Slowking|40\/100|[from] Salt Cure\n|upkeep\n|turn|68\n|\n|t:|1700681820\n|move|p2a: Slowking|Sludge Bomb|p1a: Garganacl\n|-resisted|p1a: Garganacl\n|-damage|p1a: Garganacl|0 fnt\n|faint|p1a: Garganacl\n|\n|-damage|p2a: Slowking|27\/100|[from] Salt Cure\n|upkeep\n|\n|t:|1700681822\n|switch|p1a: Garchomp|Garchomp, F, tera:Dragon|54\/100\n|turn|69\n|\n|t:|1700681825\n|switch|p2a: Corviknight|Corviknight, M|64\/100\n|-damage|p2a: Corviknight|52\/100|[from] Stealth Rock\n|-ability|p2a: Corviknight|Pressure\n|move|p1a: Garchomp|Dragon Claw|p2a: Corviknight\n|-resisted|p2a: Corviknight\n|-damage|p2a: Corviknight|36\/100\n|\n|-heal|p1a: Garchomp|60\/100|[from] item: Leftovers\n|-heal|p2a: Corviknight|42\/100|[from] item: Leftovers\n|upkeep\n|turn|70\n|\n|t:|1700681838\n|move|p1a: Garchomp|Swords Dance|p1a: Garchomp\n|-boost|p1a: Garchomp|atk|2\n|move|p2a: Corviknight|Roost|p2a: Corviknight\n|-heal|p2a: Corviknight|92\/100\n|-singleturn|p2a: Corviknight|move: Roost\n|\n|-heal|p1a: Garchomp|66\/100|[from] item: Leftovers\n|-heal|p2a: Corviknight|98\/100|[from] item: Leftovers\n|upkeep\n|turn|71\n|\n|t:|1700681843\n|move|p1a: Garchomp|Swords Dance|p1a: Garchomp\n|-boost|p1a: Garchomp|atk|2\n|move|p2a: Corviknight|Defog|p1a: Garchomp\n|-unboost|p1a: Garchomp|evasion|1\n|-sideend|p2: Baerriek|Stealth Rock|[from] move: Defog|[of] p2a: Corviknight\n|\n|-heal|p1a: Garchomp|72\/100|[from] item: Leftovers\n|-heal|p2a: Corviknight|100\/100|[from] item: Leftovers\n|upkeep\n|turn|72\n|\n|t:|1700681848\n|move|p1a: Garchomp|Dragon Claw|p2a: Corviknight\n|-resisted|p2a: Corviknight\n|-damage|p2a: Corviknight|55\/100\n|move|p2a: Corviknight|Brave Bird|p1a: Garchomp\n|-damage|p1a: Garchomp|39\/100\n|-damage|p2a: Corviknight|43\/100|[from] ability: Rough Skin|[of] p1a: Garchomp\n|-damage|p2a: Corviknight|33\/100|[from] Recoil\n|\n|-heal|p1a: Garchomp|45\/100|[from] item: Leftovers\n|-heal|p2a: Corviknight|39\/100|[from] item: Leftovers\n|upkeep\n|turn|73\n|\n|t:|1700681853\n|move|p1a: Garchomp|Dragon Claw|p2a: Corviknight\n|-resisted|p2a: Corviknight\n|-crit|p2a: Corviknight\n|-damage|p2a: Corviknight|0 fnt\n|faint|p2a: Corviknight\n|\n|-heal|p1a: Garchomp|51\/100|[from] item: Leftovers\n|upkeep\n|\n|t:|1700681857\n|switch|p2a: Weavile|Weavile, M|100\/100\n|-ability|p2a: Weavile|Pressure\n|turn|74\n|\n|t:|1700681861\n|switch|p1a: Toxapex|Toxapex, F|59\/100\n|move|p2a: Weavile|Icicle Crash|p1a: Toxapex|[miss]\n|-miss|p2a: Weavile|p1a: Toxapex\n|\n|-heal|p1a: Toxapex|65\/100|[from] item: Leftovers\n|upkeep\n|turn|75\n|\n|t:|1700681866\n|switch|p2a: Slowking|Slowking-Galar, M|61\/100\n|move|p1a: Toxapex|Infestation|p2a: Slowking\n|-damage|p2a: Slowking|58\/100\n|-activate|p2a: Slowking|move: Infestation|[of] p1a: Toxapex\n|\n|-heal|p1a: Toxapex|72\/100|[from] item: Leftovers\n|-damage|p2a: Slowking|46\/100|[from] move: Infestation|[partiallytrapped]\n|upkeep\n|turn|76\n|\n|t:|1700681870\n|move|p1a: Toxapex|Toxic Spikes|p2a: Slowking\n|-sidestart|p2: Baerriek|move: Toxic Spikes\n|move|p2a: Slowking|Future Sight|p1a: Toxapex\n|-start|p2a: Slowking|move: Future Sight\n|\n|-heal|p1a: Toxapex|78\/100|[from] item: Leftovers\n|-damage|p2a: Slowking|33\/100|[from] move: Infestation|[partiallytrapped]\n|upkeep\n|turn|77\n|\n|t:|1700681877\n|switch|p1a: Clodsire|Clodsire, M|99\/100\n|move|p2a: Slowking|Chilly Reception|p2a: Slowking\n|-weather|Snow\n|\n|t:|1700681883\n|switch|p2a: Weavile|Weavile, M|100\/100|[from] Chilly Reception\n|-ability|p2a: Weavile|Pressure\n|\n|-weather|Snow|[upkeep]\n|-heal|p1a: Clodsire|100\/100|[from] item: Leftovers\n|upkeep\n|turn|78\n|\n|t:|1700681886\n|move|p2a: Weavile|Icicle Crash|p1a: Clodsire\n|-supereffective|p1a: Clodsire\n|-damage|p1a: Clodsire|6\/100\n|move|p1a: Clodsire|Toxic|p2a: Weavile\n|-status|p2a: Weavile|tox\n|\n|-weather|Snow|[upkeep]\n|-end|p1a: Clodsire|move: Future Sight\n|-supereffective|p1a: Clodsire\n|-damage|p1a: Clodsire|0 fnt\n|faint|p1a: Clodsire\n|-damage|p2a: Weavile|94\/100 tox|[from] psn\n|upkeep\n|\n|t:|1700681892\n|switch|p1a: Toxapex|Toxapex, F|100\/100\n|turn|79\n|\n|t:|1700681894\n|switch|p2a: Slowking|Slowking-Galar, M|66\/100\n|-sideend|p2: Baerriek|move: Toxic Spikes|[of] p2a: Slowking\n|move|p1a: Toxapex|Infestation|p2a: Slowking\n|-damage|p2a: Slowking|64\/100\n|-activate|p2a: Slowking|move: Infestation|[of] p1a: Toxapex\n|\n|-weather|Snow|[upkeep]\n|-damage|p2a: Slowking|52\/100|[from] move: Infestation|[partiallytrapped]\n|upkeep\n|turn|80\n|\n|t:|1700681900\n|move|p1a: Toxapex|Baneful Bunker|p1a: Toxapex\n|-singleturn|p1a: Toxapex|move: Protect\n|move|p2a: Slowking|Future Sight|p1a: Toxapex\n|-start|p2a: Slowking|move: Future Sight\n|\n|-weather|Snow|[upkeep]\n|-damage|p2a: Slowking|39\/100|[from] move: Infestation|[partiallytrapped]\n|upkeep\n|turn|81\n|\n|t:|1700681904\n|switch|p1a: Garchomp|Garchomp, F, tera:Dragon|51\/100\n|move|p2a: Slowking|Chilly Reception|p2a: Slowking\n|\n|t:|1700681907\n|switch|p2a: Weavile|Weavile, M|94\/100 tox|[from] Chilly Reception\n|-ability|p2a: Weavile|Pressure\n|\n|-weather|none\n|-heal|p1a: Garchomp|57\/100|[from] item: Leftovers\n|-damage|p2a: Weavile|88\/100 tox|[from] psn\n|upkeep\n|turn|82\n|\n|t:|1700681909\n|switch|p1a: Toxapex|Toxapex, F|100\/100\n|move|p2a: Weavile|Icicle Crash|p1a: Toxapex|[miss]\n|-miss|p2a: Weavile|p1a: Toxapex\n|\n|-end|p1a: Toxapex|move: Future Sight\n|-supereffective|p1a: Toxapex\n|-damage|p1a: Toxapex|45\/100\n|-heal|p1a: Toxapex|51\/100|[from] item: Leftovers\n|-damage|p2a: Weavile|76\/100 tox|[from] psn\n|upkeep\n|turn|83\n|\n|t:|1700681923\n|switch|p2a: Slowking|Slowking-Galar, M|72\/100\n|move|p1a: Toxapex|Baneful Bunker||[still]\n|-fail|p1a: Toxapex\n|\n|-heal|p1a: Toxapex|57\/100|[from] item: Leftovers\n|upkeep\n|turn|84\n|\n|t:|1700681933\n|move|p1a: Toxapex|Infestation|p2a: Slowking\n|-damage|p2a: Slowking|70\/100\n|-activate|p2a: Slowking|move: Infestation|[of] p1a: Toxapex\n|move|p2a: Slowking|Thunder Wave|p1a: Toxapex\n|-status|p1a: Toxapex|par\n|\n|-heal|p1a: Toxapex|63\/100 par|[from] item: Leftovers\n|-damage|p2a: Slowking|58\/100|[from] move: Infestation|[partiallytrapped]\n|upkeep\n|turn|85\n|\n|t:|1700681940\n|move|p2a: Slowking|Future Sight|p1a: Toxapex\n|-start|p2a: Slowking|move: Future Sight\n|move|p1a: Toxapex|Recover|p1a: Toxapex\n|-heal|p1a: Toxapex|100\/100 par\n|\n|-damage|p2a: Slowking|45\/100|[from] move: Infestation|[partiallytrapped]\n|upkeep\n|turn|86\n|\n|t:|1700681944\n|switch|p1a: Garchomp|Garchomp, F, tera:Dragon|57\/100\n|move|p2a: Slowking|Chilly Reception|p2a: Slowking\n|-weather|Snow\n|\n|t:|1700681950\n|switch|p2a: Weavile|Weavile, M|76\/100 tox|[from] Chilly Reception\n|-ability|p2a: Weavile|Pressure\n|\n|-weather|Snow|[upkeep]\n|-heal|p1a: Garchomp|63\/100|[from] item: Leftovers\n|-damage|p2a: Weavile|70\/100 tox|[from] psn\n|upkeep\n|turn|87\n|\n|t:|1700681954\n|switch|p1a: Toxapex|Toxapex, F|100\/100 par\n|move|p2a: Weavile|Icicle Crash|p1a: Toxapex\n|-resisted|p1a: Toxapex\n|-damage|p1a: Toxapex|84\/100 par\n|\n|-weather|Snow|[upkeep]\n|-end|p1a: Toxapex|move: Future Sight\n|-supereffective|p1a: Toxapex\n|-damage|p1a: Toxapex|31\/100 par\n|-heal|p1a: Toxapex|37\/100 par|[from] item: Leftovers\n|-damage|p2a: Weavile|58\/100 tox|[from] psn\n|upkeep\n|turn|88\n|\n|t:|1700681959\n|move|p2a: Weavile|Knock Off|p1a: Toxapex\n|-damage|p1a: Toxapex|2\/100 par\n|-enditem|p1a: Toxapex|Leftovers|[from] move: Knock Off|[of] p2a: Weavile\n|move|p1a: Toxapex|Infestation|p2a: Weavile\n|-supereffective|p2a: Weavile\n|-damage|p2a: Weavile|50\/100 tox\n|-activate|p2a: Weavile|move: Infestation|[of] p1a: Toxapex\n|\n|-weather|Snow|[upkeep]\n|-damage|p2a: Weavile|31\/100 tox|[from] psn\n|-damage|p2a: Weavile|19\/100 tox|[from] move: Infestation|[partiallytrapped]\n|upkeep\n|turn|89\n|\n|t:|1700681973\n|move|p1a: Toxapex|Baneful Bunker|p1a: Toxapex\n|-singleturn|p1a: Toxapex|move: Protect\n|move|p2a: Weavile|Knock Off|p1a: Toxapex\n|-activate|p1a: Toxapex|move: Protect\n|\n|-weather|Snow|[upkeep]\n|-damage|p2a: Weavile|0 fnt|[from] psn\n|faint|p2a: Weavile\n|upkeep\n|\n|t:|1700681976\n|switch|p2a: Slowking|Slowking-Galar, M|78\/100\n|turn|90\n|\n|t:|1700681981\n|move|p2a: Slowking|Sludge Bomb|p1a: Toxapex\n|-resisted|p1a: Toxapex\n|-damage|p1a: Toxapex|0 fnt\n|faint|p1a: Toxapex\n|\n|-weather|none\n|upkeep\n|\n|t:|1700681983\n|switch|p1a: Garchomp|Garchomp, F, tera:Dragon|63\/100\n|turn|91\n|\n|t:|1700681989\n|move|p1a: Garchomp|Earthquake|p2a: Slowking\n|-supereffective|p2a: Slowking\n|-damage|p2a: Slowking|0 fnt\n|faint|p2a: Slowking\n|\n|win|Wetcroutons\n|raw|Wetcroutons's rating: 1292 &rarr; <strong>1315<\/strong><br \/>(+23 for winning)\n|raw|Baerriek's rating: 1259 &rarr; <strong>1236<\/strong><br \/>(-23 for losing)\n|l|\u2606Baerriek\n|l|\u2606Wetcroutons\n|j|\u2606Wetcroutons\n|player|p1|Wetcroutons|170\n","uploadtime":1700682023,"views":7,"p1id":"wetcroutons","p2id":"baerriek","formatid":"gen9ou","rating":1236,"private":0,"password":""}