{"id":"gen9ou-1992426990","p1":"wyverbal","p2":"NaEnGga","format":"[Gen 9] OU","log":"|j|\u2606wyverbal\n|j|\u2606NaEnGga\n|t:|1700186258\n|gametype|singles\n|player|p1|wyverbal|2|1062\n|player|p2|NaEnGga|colress|1000\n|teamsize|p1|6\n|teamsize|p2|6\n|gen|9\n|tier|[Gen 9] OU\n|rated|\n|rule|Sleep Clause Mod: Limit one foe put to sleep\n|rule|Species Clause: Limit one of each Pok\u00e9mon\n|rule|OHKO Clause: OHKO moves are banned\n|rule|Evasion Items Clause: Evasion items are banned\n|rule|Evasion Moves Clause: Evasion moves are banned\n|rule|Endless Battle Clause: Forcing endless battles is banned\n|rule|HP Percentage Mod: HP is shown in percentages\n|clearpoke\n|poke|p1|Dipplin, F|\n|poke|p1|Enamorus-Therian, F|\n|poke|p1|Glimmora, M|\n|poke|p1|Alomomola, M|\n|poke|p1|Hoopa-Unbound|\n|poke|p1|Kommo-o, M|\n|poke|p2|Scizor, F|\n|poke|p2|Toxicroak, M|\n|poke|p2|Ninetales-Alola, M|\n|poke|p2|Dragapult, F|\n|poke|p2|Houndstone, M|\n|poke|p2|Cloyster, M|\n|teampreview\n|inactive|Battle timer is ON: inactive players will automatically lose when time's up. (requested by NaEnGga)\n|inactive|wyverbal also wants the timer to be on.\n|\n|t:|1700186266\n|start\n|switch|p1a: Glimmora|Glimmora, M, shiny|100\/100\n|switch|p2a: Cloyster|Cloyster, M|100\/100\n|-item|p1a: Glimmora|Air Balloon\n|turn|1\n|\n|t:|1700186285\n|move|p1a: Glimmora|Power Gem|p2a: Cloyster\n|-supereffective|p2a: Cloyster\n|-enditem|p2a: Cloyster|Focus Sash\n|-damage|p2a: Cloyster|1\/100\n|move|p2a: Cloyster|Toxic Spikes|p1a: Glimmora\n|-sidestart|p1: wyverbal|move: Toxic Spikes\n|\n|upkeep\n|turn|2\n|\n|t:|1700186297\n|switch|p2a: Scizor|Scizor, F, shiny|100\/100\n|move|p1a: Glimmora|Power Gem|p2a: Scizor\n|-damage|p2a: Scizor|63\/100\n|\n|upkeep\n|turn|3\n|\n|t:|1700186304\n|move|p2a: Scizor|Bullet Punch|p1a: Glimmora\n|-supereffective|p1a: Glimmora\n|-damage|p1a: Glimmora|3\/100\n|-enditem|p1a: Glimmora|Air Balloon\n|move|p1a: Glimmora|Toxic|p2a: Scizor\n|-status|p2a: Scizor|tox\n|\n|-damage|p2a: Scizor|57\/100 tox|[from] psn\n|upkeep\n|turn|4\n|\n|t:|1700186312\n|move|p1a: Glimmora|Spiky Shield|p1a: Glimmora\n|-singleturn|p1a: Glimmora|move: Protect\n|move|p2a: Scizor|Bullet Punch|p1a: Glimmora\n|-activate|p1a: Glimmora|move: Protect\n|-damage|p2a: Scizor|45\/100 tox|[from] Spiky Shield|[of] p1a: Glimmora\n|\n|-damage|p2a: Scizor|32\/100 tox|[from] psn\n|upkeep\n|turn|5\n|\n|t:|1700186320\n|move|p2a: Scizor|Bullet Punch|p1a: Glimmora\n|-supereffective|p1a: Glimmora\n|-damage|p1a: Glimmora|0 fnt\n|faint|p1a: Glimmora\n|\n|-damage|p2a: Scizor|14\/100 tox|[from] psn\n|upkeep\n|inactive|wyverbal has 120 seconds left.\n|\n|t:|1700186354\n|switch|p1a: Dipplin|Dipplin, F, shiny|100\/100\n|-status|p1a: Dipplin|psn\n|turn|6\n|\n|t:|1700186358\n|move|p2a: Scizor|Bullet Punch|p1a: Dipplin\n|-damage|p1a: Dipplin|79\/100 psn\n|move|p1a: Dipplin|Recover|p1a: Dipplin\n|-heal|p1a: Dipplin|100\/100 psn\n|\n|-damage|p2a: Scizor|0 fnt|[from] psn\n|faint|p2a: Scizor\n|-damage|p1a: Dipplin|88\/100 psn|[from] psn\n|upkeep\n|\n|t:|1700186366\n|switch|p2a: Toxicroak|Toxicroak, M|100\/100\n|turn|7\n|\n|t:|1700186373\n|move|p2a: Toxicroak|Swords Dance|p2a: Toxicroak\n|-boost|p2a: Toxicroak|atk|2\n|move|p1a: Dipplin|Dragon Breath|p2a: Toxicroak\n|-damage|p2a: Toxicroak|69\/100\n|-status|p2a: Toxicroak|par\n|\n|-damage|p1a: Dipplin|76\/100 psn|[from] psn\n|upkeep\n|turn|8\n|\n|t:|1700186382\n|switch|p1a: Alomomola|Alomomola, M|100\/100\n|-status|p1a: Alomomola|psn\n|move|p2a: Toxicroak|Poison Jab|p1a: Alomomola\n|-damage|p1a: Alomomola|47\/100 psn\n|-damage|p2a: Toxicroak|59\/100 par|[from] item: Life Orb\n|\n|-damage|p1a: Alomomola|35\/100 psn|[from] psn\n|upkeep\n|turn|9\n|\n|t:|1700186393\n|move|p1a: Alomomola|Protect|p1a: Alomomola\n|-singleturn|p1a: Alomomola|Protect\n|cant|p2a: Toxicroak|par\n|\n|-damage|p1a: Alomomola|22\/100 psn|[from] psn\n|upkeep\n|turn|10\n|\n|t:|1700186398\n|move|p1a: Alomomola|Wish|p1a: Alomomola\n|cant|p2a: Toxicroak|par\n|\n|-damage|p1a: Alomomola|10\/100 psn|[from] psn\n|upkeep\n|turn|11\n|\n|t:|1700186409\n|switch|p1a: Kommo-o|Kommo-o, M, shiny|100\/100\n|-status|p1a: Kommo-o|psn\n|cant|p2a: Toxicroak|par\n|\n|-damage|p1a: Kommo-o|88\/100 psn|[from] psn\n|upkeep\n|turn|12\n|\n|t:|1700186417\n|move|p1a: Kommo-o|Clanging Scales|p2a: Toxicroak\n|-crit|p2a: Toxicroak\n|-damage|p2a: Toxicroak|0 fnt\n|faint|p2a: Toxicroak\n|-unboost|p1a: Kommo-o|def|1\n|\n|-damage|p1a: Kommo-o|76\/100 psn|[from] psn\n|upkeep\n|\n|t:|1700186422\n|switch|p2a: Ninetales|Ninetales-Alola, M|100\/100\n|-weather|Snow|[from] ability: Snow Warning|[of] p2a: Ninetales\n|turn|13\n|\n|t:|1700186431\n|-terastallize|p1a: Kommo-o|Fire\n|move|p2a: Ninetales|Blizzard|p1a: Kommo-o\n|-resisted|p1a: Kommo-o\n|-damage|p1a: Kommo-o|62\/100 psn\n|move|p1a: Kommo-o|Flamethrower|p2a: Ninetales\n|-supereffective|p2a: Ninetales\n|-damage|p2a: Ninetales|0 fnt\n|faint|p2a: Ninetales\n|\n|-weather|Snow|[upkeep]\n|-damage|p1a: Kommo-o|50\/100 psn|[from] psn\n|upkeep\n|\n|t:|1700186440\n|switch|p2a: Cloyster|Cloyster, M|1\/100\n|turn|14\n|\n|t:|1700186447\n|move|p1a: Kommo-o|Vacuum Wave|p2a: Cloyster\n|-supereffective|p2a: Cloyster\n|-damage|p2a: Cloyster|0 fnt\n|faint|p2a: Cloyster\n|\n|-weather|Snow|[upkeep]\n|-damage|p1a: Kommo-o|37\/100 psn|[from] psn\n|upkeep\n|-message|NaEnGga forfeited.\n|\n|win|wyverbal\n|raw|wyverbal's rating: 1062 &rarr; <strong>1087<\/strong><br \/>(+25 for winning)\n|raw|NaEnGga's rating: 1000 &rarr; <strong>1000<\/strong><br \/>(+0 for losing)\n|l|\u2606NaEnGga\n","uploadtime":1700186453,"views":8,"p1id":"wyverbal","p2id":"naengga","formatid":"gen9ou","rating":1000,"private":0,"password":""}