{"id":"gen9ou-1993532230","p1":"DmitrySazdyushchi","p2":"Chriz09","format":"[Gen 9] OU","log":"|j|\u2606DmitrySazdyushchi\n|j|\u2606Chriz09\n|t:|1700328765\n|gametype|singles\n|player|p1|DmitrySazdyushchi|harlequin|1132\n|player|p2|Chriz09|blue|1021\n|teamsize|p1|6\n|teamsize|p2|6\n|gen|9\n|tier|[Gen 9] OU\n|rated|\n|rule|Sleep Clause Mod: Limit one foe put to sleep\n|rule|Species Clause: Limit one of each Pok\u00e9mon\n|rule|OHKO Clause: OHKO moves are banned\n|rule|Evasion Items Clause: Evasion items are banned\n|rule|Evasion Moves Clause: Evasion moves are banned\n|rule|Endless Battle Clause: Forcing endless battles is banned\n|rule|HP Percentage Mod: HP is shown in percentages\n|clearpoke\n|poke|p1|Gallade, M|\n|poke|p1|Iron Valiant|\n|poke|p1|Slowking-Galar, M|\n|poke|p1|Great Tusk|\n|poke|p1|Dondozo, F|\n|poke|p1|Corviknight, F|\n|poke|p2|Slowking-Galar, F|\n|poke|p2|Greninja-*, M|\n|poke|p2|Great Tusk|\n|poke|p2|Rotom-Heat|\n|poke|p2|Goodra, M|\n|poke|p2|Grimmsnarl, M|\n|teampreview\n|\n|t:|1700328775\n|start\n|switch|p1a: Corviknight|Corviknight, F|100\/100\n|switch|p2a: Slowking|Slowking-Galar, F|100\/100\n|-ability|p1a: Corviknight|Pressure\n|turn|1\n|\n|t:|1700328783\n|move|p1a: Corviknight|Taunt|p2a: Slowking\n|-start|p2a: Slowking|move: Taunt\n|cant|p2a: Slowking|move: Taunt|Toxic Spikes\n|\n|upkeep\n|turn|2\n|\n|t:|1700328788\n|move|p1a: Corviknight|U-turn|p2a: Slowking\n|-damage|p2a: Slowking|81\/100\n|\n|t:|1700328804\n|switch|p1a: Lil bro|Gallade, M|100\/100|[from] U-turn\n|move|p2a: Slowking|Future Sight|p1a: Lil bro\n|-start|p2a: Slowking|move: Future Sight\n|\n|-heal|p2a: Slowking|87\/100|[from] item: Black Sludge\n|upkeep\n|turn|3\n|\n|t:|1700328815\n|switch|p2a: Goodra|Goodra, M|100\/100\n|move|p1a: Lil bro|Psycho Cut|p2a: Goodra\n|-damage|p2a: Goodra|52\/100\n|\n|upkeep\n|turn|4\n|inactive|Battle timer is ON: inactive players will automatically lose when time's up. (requested by DmitrySazdyushchi)\n|\n|t:|1700328830\n|switch|p1a: Slowking|Slowking-Galar, M|100\/100\n|move|p2a: Goodra|Dragon Tail|p1a: Slowking\n|-crit|p1a: Slowking\n|-damage|p1a: Slowking|60\/100\n|drag|p1a: Lil bro|Gallade, M|100\/100\n|\n|-end|p1a: Lil bro|move: Future Sight\n|-damage|p1a: Lil bro|33\/100\n|upkeep\n|turn|5\n|\n|t:|1700328848\n|move|p1a: Lil bro|Sacred Sword|p2a: Goodra\n|-damage|p2a: Goodra|0 fnt\n|-damage|p1a: Lil bro|17\/100|[from] item: Rocky Helmet|[of] p2a: Goodra\n|-ability|p2a: Goodra|Gooey\n|-unboost|p1a: Lil bro|spe|1\n|faint|p2a: Goodra\n|\n|upkeep\n|\n|t:|1700328866\n|switch|p2a: Grimmsnarl|Grimmsnarl, M|100\/100\n|turn|6\n|\n|t:|1700328874\n|switch|p1a: Slowking|Slowking-Galar, M|93\/100\n|move|p2a: Grimmsnarl|Play Rough|p1a: Slowking\n|-resisted|p1a: Slowking\n|-damage|p1a: Slowking|68\/100\n|\n|upkeep\n|turn|7\n|\n|t:|1700328881\n|switch|p1a: Corviknight|Corviknight, F|100\/100\n|-ability|p1a: Corviknight|Pressure\n|move|p2a: Grimmsnarl|Taunt|p1a: Corviknight\n|-start|p1a: Corviknight|move: Taunt\n|\n|upkeep\n|turn|8\n|inactive|Chriz09 has 120 seconds left.\n|\n|t:|1700328922\n|move|p2a: Grimmsnarl|Sucker Punch|p1a: Corviknight\n|-damage|p1a: Corviknight|74\/100\n|-damage|p2a: Grimmsnarl|84\/100|[from] item: Rocky Helmet|[of] p1a: Corviknight\n|move|p1a: Corviknight|U-turn|p2a: Grimmsnarl\n|-damage|p2a: Grimmsnarl|64\/100\n|\n|t:|1700328935\n|switch|p1a: Great Tusk|Great Tusk|100\/100|[from] U-turn\n|\n|upkeep\n|turn|9\n|inactive|Chriz09 has 120 seconds left.\n|\n|t:|1700328940\n|move|p1a: Great Tusk|Knock Off|p2a: Grimmsnarl\n|-resisted|p2a: Grimmsnarl\n|-damage|p2a: Grimmsnarl|54\/100\n|-enditem|p2a: Grimmsnarl|Expert Belt|[from] move: Knock Off|[of] p1a: Great Tusk\n|move|p2a: Grimmsnarl|Play Rough|p1a: Great Tusk|[miss]\n|-miss|p2a: Grimmsnarl|p1a: Great Tusk\n|\n|upkeep\n|turn|10\n|\n|t:|1700328949\n|move|p1a: Great Tusk|Stealth Rock|p2a: Grimmsnarl\n|-sidestart|p2: Chriz09|move: Stealth Rock\n|move|p2a: Grimmsnarl|Play Rough|p1a: Great Tusk\n|-supereffective|p1a: Great Tusk\n|-damage|p1a: Great Tusk|53\/100\n|\n|-heal|p1a: Great Tusk|59\/100|[from] item: Leftovers\n|upkeep\n|turn|11\n|\n|t:|1700328961\n|-end|p1a: Great Tusk|Protosynthesis|[silent]\n|switch|p1a: Corviknight|Corviknight, F|74\/100\n|-ability|p1a: Corviknight|Pressure\n|move|p2a: Grimmsnarl|Play Rough|p1a: Corviknight\n|-resisted|p1a: Corviknight\n|-damage|p1a: Corviknight|57\/100\n|-damage|p2a: Grimmsnarl|38\/100|[from] item: Rocky Helmet|[of] p1a: Corviknight\n|\n|upkeep\n|turn|12\n|\n|t:|1700328980\n|switch|p2a: Great Tusk|Great Tusk|100\/100\n|-damage|p2a: Great Tusk|98\/100|[from] Stealth Rock\n|-enditem|p2a: Great Tusk|Booster Energy\n|-activate|p2a: Great Tusk|ability: Protosynthesis|[fromitem]\n|-start|p2a: Great Tusk|protosynthesisdef\n|move|p1a: Corviknight|Roost|p1a: Corviknight\n|-heal|p1a: Corviknight|100\/100\n|-singleturn|p1a: Corviknight|move: Roost\n|\n|upkeep\n|turn|13\n|\n|t:|1700328993\n|move|p2a: Great Tusk|Rapid Spin|p1a: Corviknight\n|-resisted|p1a: Corviknight\n|-damage|p1a: Corviknight|94\/100\n|-boost|p2a: Great Tusk|spe|1\n|-damage|p2a: Great Tusk|81\/100|[from] item: Rocky Helmet|[of] p1a: Corviknight\n|-sideend|p2: Chriz09|Stealth Rock|[from] move: Rapid Spin|[of] p2a: Great Tusk\n|move|p1a: Corviknight|Taunt|p2a: Great Tusk\n|-start|p2a: Great Tusk|move: Taunt\n|\n|upkeep\n|turn|14\n|\n|t:|1700329004\n|move|p2a: Great Tusk|Body Press|p1a: Corviknight\n|-damage|p1a: Corviknight|60\/100\n|-damage|p2a: Great Tusk|64\/100|[from] item: Rocky Helmet|[of] p1a: Corviknight\n|move|p1a: Corviknight|U-turn|p2a: Great Tusk\n|-resisted|p2a: Great Tusk\n|-damage|p2a: Great Tusk|61\/100\n|\n|t:|1700329013\n|switch|p1a: Dondozo|Dondozo, F|100\/100|[from] U-turn\n|\n|upkeep\n|turn|15\n|\n|t:|1700329022\n|-end|p2a: Great Tusk|Protosynthesis|[silent]\n|switch|p2a: Rotom|Rotom-Heat|100\/100\n|move|p1a: Dondozo|Curse|p1a: Dondozo\n|-unboost|p1a: Dondozo|spe|1\n|-boost|p1a: Dondozo|atk|1\n|-boost|p1a: Dondozo|def|1\n|\n|upkeep\n|turn|16\n|\n|t:|1700329032\n|switch|p1a: Slowking|Slowking-Galar, M|100\/100\n|move|p2a: Rotom|Will-O-Wisp|p1a: Slowking\n|-status|p1a: Slowking|brn\n|\n|-damage|p1a: Slowking|94\/100 brn|[from] brn\n|upkeep\n|turn|17\n|\n|t:|1700329041\n|move|p2a: Rotom|Shadow Ball|p1a: Slowking\n|-supereffective|p1a: Slowking\n|-damage|p1a: Slowking|65\/100 brn\n|move|p1a: Slowking|Future Sight|p2a: Rotom\n|-start|p1a: Slowking|move: Future Sight\n|\n|-damage|p1a: Slowking|59\/100 brn|[from] brn\n|upkeep\n|turn|18\n|\n|t:|1700329054\n|move|p2a: Rotom|Shadow Ball|p1a: Slowking\n|-supereffective|p1a: Slowking\n|-damage|p1a: Slowking|30\/100 brn\n|move|p1a: Slowking|Slack Off|p1a: Slowking\n|-heal|p1a: Slowking|80\/100 brn\n|\n|-damage|p1a: Slowking|74\/100 brn|[from] brn\n|upkeep\n|turn|19\n|\n|t:|1700329066\n|move|p2a: Rotom|Volt Switch|p1a: Slowking\n|-damage|p1a: Slowking|55\/100 brn\n|\n|t:|1700329070\n|switch|p2a: Grimmsnarl|Grimmsnarl, M|38\/100|[from] Volt Switch\n|move|p1a: Slowking|Slack Off|p1a: Slowking\n|-heal|p1a: Slowking|100\/100 brn\n|\n|-end|p2a: Grimmsnarl|move: Future Sight\n|-immune|p2a: Grimmsnarl\n|-damage|p1a: Slowking|94\/100 brn|[from] brn\n|upkeep\n|turn|20\n|\n|t:|1700329085\n|switch|p1a: Corviknight|Corviknight, F|60\/100\n|-ability|p1a: Corviknight|Pressure\n|move|p2a: Grimmsnarl|Taunt|p1a: Corviknight\n|-start|p1a: Corviknight|move: Taunt\n|\n|upkeep\n|turn|21\n|\n|t:|1700329094\n|switch|p2a: Slowking|Slowking-Galar, F|100\/100\n|move|p1a: Corviknight|U-turn|p2a: Slowking\n|-damage|p2a: Slowking|84\/100\n|\n|t:|1700329108\n|switch|p1a: Dondozo|Dondozo, F|100\/100|[from] U-turn\n|\n|-heal|p2a: Slowking|90\/100|[from] item: Black Sludge\n|upkeep\n|turn|22\n|\n|t:|1700329116\n|move|p1a: Dondozo|Liquidation|p2a: Slowking\n|-damage|p2a: Slowking|54\/100\n|move|p2a: Slowking|Future Sight|p1a: Dondozo\n|-start|p2a: Slowking|move: Future Sight\n|\n|-heal|p2a: Slowking|60\/100|[from] item: Black Sludge\n|upkeep\n|turn|23\n|\n|t:|1700329128\n|move|p1a: Dondozo|Liquidation|p2a: Slowking\n|-damage|p2a: Slowking|25\/100\n|move|p2a: Slowking|Chilly Reception|p2a: Slowking\n|-weather|Snow\n|\n|t:|1700329134\n|switch|p2a: Rotom|Rotom-Heat|100\/100|[from] Chilly Reception\n|\n|-weather|Snow|[upkeep]\n|upkeep\n|turn|24\n|\n|t:|1700329158\n|switch|p1a: Lil bro|Gallade, M|17\/100\n|move|p2a: Rotom|Volt Switch|p1a: Lil bro\n|-damage|p1a: Lil bro|0 fnt\n|faint|p1a: Lil bro\n|\n|t:|1700329165\n|switch|p2a: Slowking|Slowking-Galar, F|58\/100|[from] Volt Switch\n|\n|-weather|Snow|[upkeep]\n|-hint|Future Sight did not hit because the target is fainted.\n|-heal|p2a: Slowking|64\/100|[from] item: Black Sludge\n|upkeep\n|\n|t:|1700329170\n|switch|p1a: Great Tusk|Great Tusk|59\/100\n|turn|25\n|\n|t:|1700329181\n|switch|p2a: Rotom|Rotom-Heat|100\/100\n|move|p1a: Great Tusk|Stealth Rock|p2a: Rotom\n|-sidestart|p2: Chriz09|move: Stealth Rock\n|\n|-weather|Snow|[upkeep]\n|-heal|p1a: Great Tusk|65\/100|[from] item: Leftovers\n|upkeep\n|turn|26\n|\n|t:|1700329192\n|move|p1a: Great Tusk|Knock Off|p2a: Rotom\n|-damage|p2a: Rotom|67\/100\n|-enditem|p2a: Rotom|Leftovers|[from] move: Knock Off|[of] p1a: Great Tusk\n|move|p2a: Rotom|Will-O-Wisp|p1a: Great Tusk\n|-status|p1a: Great Tusk|brn\n|\n|-weather|Snow|[upkeep]\n|-heal|p1a: Great Tusk|72\/100 brn|[from] item: Leftovers\n|-damage|p1a: Great Tusk|65\/100 brn|[from] brn\n|upkeep\n|turn|27\n|\n|t:|1700329203\n|-end|p1a: Great Tusk|Protosynthesis|[silent]\n|switch|p1a: Slowking|Slowking-Galar, M|100\/100 brn\n|move|p2a: Rotom|Shadow Ball|p1a: Slowking\n|-supereffective|p1a: Slowking\n|-damage|p1a: Slowking|73\/100 brn\n|-unboost|p1a: Slowking|spd|1\n|\n|-weather|none\n|-damage|p1a: Slowking|67\/100 brn|[from] brn\n|upkeep\n|turn|28\n|\n|t:|1700329213\n|switch|p1a: Great Tusk|Great Tusk|65\/100 brn\n|move|p2a: Rotom|Shadow Ball|p1a: Great Tusk\n|-damage|p1a: Great Tusk|34\/100 brn\n|\n|-heal|p1a: Great Tusk|40\/100 brn|[from] item: Leftovers\n|-damage|p1a: Great Tusk|34\/100 brn|[from] brn\n|upkeep\n|turn|29\n|\n|t:|1700329225\n|-end|p1a: Great Tusk|Protosynthesis|[silent]\n|switch|p1a: Corviknight|Corviknight, F|60\/100\n|-ability|p1a: Corviknight|Pressure\n|move|p2a: Rotom|Shadow Ball|p1a: Corviknight\n|-damage|p1a: Corviknight|42\/100\n|\n|upkeep\n|turn|30\n|\n|t:|1700329236\n|switch|p1a: Dondozo|Dondozo, F|100\/100\n|move|p2a: Rotom|Volt Switch|p1a: Dondozo\n|-supereffective|p1a: Dondozo\n|-damage|p1a: Dondozo|45\/100\n|\n|t:|1700329249\n|switch|p2a: Slowking|Slowking-Galar, F|97\/100|[from] Volt Switch\n|-damage|p2a: Slowking|85\/100|[from] Stealth Rock\n|\n|-heal|p1a: Dondozo|51\/100|[from] item: Leftovers\n|-heal|p2a: Slowking|91\/100|[from] item: Black Sludge\n|upkeep\n|turn|31\n|\n|t:|1700329261\n|move|p1a: Dondozo|Curse|p1a: Dondozo\n|-unboost|p1a: Dondozo|spe|1\n|-boost|p1a: Dondozo|atk|1\n|-boost|p1a: Dondozo|def|1\n|move|p2a: Slowking|Shadow Ball|p1a: Dondozo\n|-damage|p1a: Dondozo|23\/100\n|\n|-heal|p2a: Slowking|97\/100|[from] item: Black Sludge\n|-heal|p1a: Dondozo|29\/100|[from] item: Leftovers\n|upkeep\n|turn|32\n|\n|t:|1700329272\n|move|p2a: Slowking|Shadow Ball|p1a: Dondozo\n|-damage|p1a: Dondozo|1\/100\n|move|p1a: Dondozo|Rest|p1a: Dondozo\n|-status|p1a: Dondozo|slp|[from] move: Rest\n|-heal|p1a: Dondozo|100\/100 slp|[silent]\n|\n|-heal|p2a: Slowking|100\/100|[from] item: Black Sludge\n|upkeep\n|turn|33\n|\n|t:|1700329282\n|move|p2a: Slowking|Future Sight|p1a: Dondozo\n|-start|p2a: Slowking|move: Future Sight\n|cant|p1a: Dondozo|slp\n|move|p1a: Dondozo|Sleep Talk|p1a: Dondozo\n|move|p1a: Dondozo|Liquidation|p2a: Slowking|[from]move: Sleep Talk\n|-damage|p2a: Slowking|48\/100\n|\n|-heal|p2a: Slowking|54\/100|[from] item: Black Sludge\n|upkeep\n|turn|34\n|\n|t:|1700329294\n|move|p2a: Slowking|Chilly Reception|p2a: Slowking\n|-weather|Snow\n|\n|t:|1700329298\n|switch|p2a: Great Tusk|Great Tusk|61\/100|[from] Chilly Reception\n|-damage|p2a: Great Tusk|58\/100|[from] Stealth Rock\n|cant|p1a: Dondozo|slp\n|move|p1a: Dondozo|Sleep Talk|p1a: Dondozo\n|move|p1a: Dondozo|Rest||[from]move: Sleep Talk|[still]\n|-fail|p1a: Dondozo\n|\n|-weather|Snow|[upkeep]\n|upkeep\n|turn|35\n|\n|t:|1700329317\n|switch|p1a: Corviknight|Corviknight, F|42\/100\n|-ability|p1a: Corviknight|Pressure\n|move|p2a: Great Tusk|Rapid Spin|p1a: Corviknight\n|-resisted|p1a: Corviknight\n|-damage|p1a: Corviknight|37\/100\n|-boost|p2a: Great Tusk|spe|1\n|-damage|p2a: Great Tusk|41\/100|[from] item: Rocky Helmet|[of] p1a: Corviknight\n|-sideend|p2: Chriz09|Stealth Rock|[from] move: Rapid Spin|[of] p2a: Great Tusk\n|\n|-weather|Snow|[upkeep]\n|-end|p1a: Corviknight|move: Future Sight\n|-resisted|p1a: Corviknight\n|-crit|p1a: Corviknight\n|-damage|p1a: Corviknight|1\/100\n|upkeep\n|turn|36\n|\n|t:|1700329334\n|move|p2a: Great Tusk|Body Press|p1a: Corviknight\n|-damage|p1a: Corviknight|0 fnt\n|-damage|p2a: Great Tusk|25\/100|[from] item: Rocky Helmet|[of] p1a: Corviknight\n|faint|p1a: Corviknight\n|\n|-weather|Snow|[upkeep]\n|upkeep\n|\n|t:|1700329340\n|switch|p1a: Big bro|Iron Valiant|100\/100\n|-enditem|p1a: Big bro|Booster Energy\n|-activate|p1a: Big bro|ability: Quark Drive|[fromitem]\n|-start|p1a: Big bro|quarkdrivespe\n|turn|37\n|\n|t:|1700329358\n|move|p1a: Big bro|Moonblast|p2a: Great Tusk\n|-supereffective|p2a: Great Tusk\n|-damage|p2a: Great Tusk|0 fnt\n|faint|p2a: Great Tusk\n|-end|p2a: Great Tusk|Protosynthesis|[silent]\n|\n|-weather|Snow|[upkeep]\n|upkeep\n|\n|t:|1700329374\n|switch|p2a: Slowking|Slowking-Galar, F|87\/100\n|turn|38\n|\n|t:|1700329388\n|move|p1a: Big bro|Calm Mind|p1a: Big bro\n|-boost|p1a: Big bro|spa|1\n|-boost|p1a: Big bro|spd|1\n|move|p2a: Slowking|Future Sight|p1a: Big bro\n|-start|p2a: Slowking|move: Future Sight\n|\n|-weather|none\n|-heal|p2a: Slowking|93\/100|[from] item: Black Sludge\n|upkeep\n|turn|39\n|\n|t:|1700329396\n|move|p1a: Big bro|Encore|p2a: Slowking\n|-start|p2a: Slowking|Encore\n|move|p2a: Slowking|Future Sight||[still]\n|-fail|p2a: Slowking\n|\n|-heal|p2a: Slowking|99\/100|[from] item: Black Sludge\n|upkeep\n|turn|40\n|\n|t:|1700329406\n|switch|p2a: Rotom|Rotom-Heat|67\/100\n|-terastallize|p1a: Big bro|Ground\n|move|p1a: Big bro|Calm Mind|p1a: Big bro\n|-boost|p1a: Big bro|spa|1\n|-boost|p1a: Big bro|spd|1\n|\n|-end|p1a: Big bro|move: Future Sight\n|-damage|p1a: Big bro|43\/100\n|upkeep\n|turn|41\n|\n|t:|1700329419\n|move|p1a: Big bro|Moonblast|p2a: Rotom\n|-resisted|p2a: Rotom\n|-damage|p2a: Rotom|15\/100\n|move|p2a: Rotom|Will-O-Wisp|p1a: Big bro\n|-status|p1a: Big bro|brn\n|\n|-damage|p1a: Big bro|37\/100 brn|[from] brn\n|upkeep\n|turn|42\n|\n|t:|1700329429\n|move|p1a: Big bro|Moonblast|p2a: Rotom\n|-resisted|p2a: Rotom\n|-damage|p2a: Rotom|0 fnt\n|faint|p2a: Rotom\n|\n|-damage|p1a: Big bro|31\/100 brn|[from] brn\n|upkeep\n|\n|t:|1700329437\n|switch|p2a: Grimmsnarl|Grimmsnarl, M|38\/100\n|turn|43\n|\n|t:|1700329441\n|move|p2a: Grimmsnarl|Sucker Punch|p1a: Big bro\n|-damage|p1a: Big bro|0 fnt\n|faint|p1a: Big bro\n|-end|p1a: Big bro|Quark Drive|[silent]\n|\n|upkeep\n|\n|t:|1700329446\n|switch|p1a: Dondozo|Dondozo, F|100\/100 slp\n|turn|44\n|\n|t:|1700329459\n|move|p2a: Grimmsnarl|Low Kick|p1a: Dondozo\n|-damage|p1a: Dondozo|81\/100 slp\n|-curestatus|p1a: Dondozo|slp|[msg]\n|move|p1a: Dondozo|Sleep Talk||[still]\n|-fail|p1a: Dondozo\n|\n|-heal|p1a: Dondozo|87\/100|[from] item: Leftovers\n|upkeep\n|turn|45\n|\n|t:|1700329470\n|move|p2a: Grimmsnarl|Taunt|p1a: Dondozo\n|-start|p1a: Dondozo|move: Taunt\n|cant|p1a: Dondozo|move: Taunt|Curse\n|\n|-heal|p1a: Dondozo|93\/100|[from] item: Leftovers\n|upkeep\n|turn|46\n|\n|t:|1700329478\n|move|p2a: Grimmsnarl|Play Rough|p1a: Dondozo\n|-damage|p1a: Dondozo|73\/100\n|move|p1a: Dondozo|Liquidation|p2a: Grimmsnarl\n|-damage|p2a: Grimmsnarl|0 fnt\n|faint|p2a: Grimmsnarl\n|\n|-heal|p1a: Dondozo|79\/100|[from] item: Leftovers\n|upkeep\n|\n|t:|1700329489\n|switch|p2a: Greninja|Greninja, M|100\/100\n|turn|47\n|\n|t:|1700329496\n|move|p2a: Greninja|Dark Pulse|p1a: Dondozo\n|-damage|p1a: Dondozo|31\/100\n|cant|p1a: Dondozo|flinch\n|\n|-heal|p1a: Dondozo|37\/100|[from] item: Leftovers\n|-end|p1a: Dondozo|move: Taunt\n|upkeep\n|turn|48\n|\n|t:|1700329510\n|switch|p1a: Great Tusk|Great Tusk|34\/100 brn\n|move|p2a: Greninja|Dark Pulse|p1a: Great Tusk\n|-resisted|p1a: Great Tusk\n|-damage|p1a: Great Tusk|3\/100 brn\n|\n|-heal|p1a: Great Tusk|9\/100 brn|[from] item: Leftovers\n|-damage|p1a: Great Tusk|3\/100 brn|[from] brn\n|upkeep\n|turn|49\n|\n|t:|1700329520\n|-end|p1a: Great Tusk|Protosynthesis|[silent]\n|switch|p1a: Slowking|Slowking-Galar, M|99\/100 brn\n|move|p2a: Greninja|Dark Pulse|p1a: Slowking\n|-supereffective|p1a: Slowking\n|-damage|p1a: Slowking|36\/100 brn\n|\n|-damage|p1a: Slowking|30\/100 brn|[from] brn\n|upkeep\n|turn|50\n|-message|DmitrySazdyushchi forfeited.\n|\n|win|Chriz09\n|raw|DmitrySazdyushchi's rating: 1132 &rarr; <strong>1099<\/strong><br \/>(-33 for losing)\n|raw|Chriz09's rating: 1021 &rarr; <strong>1069<\/strong><br \/>(+48 for winning)\n|l|\u2606DmitrySazdyushchi\n","uploadtime":1700329548,"views":9,"p1id":"dmitrysazdyushchi","p2id":"chriz09","formatid":"gen9ou","rating":1069,"private":0,"password":""}