{"id":"gen9ou-1999535475","p1":"Rekka's Tails","p2":"Istroke_","format":"[Gen 9] OU","log":"|j|\u2606Rekka's Tails\n|j|\u2606Istroke_\n|t:|1701093615\n|gametype|singles\n|player|p1|Rekka's Tails|lady-gen4|1317\n|player|p2|Istroke_|swimmer|1416\n|teamsize|p1|6\n|teamsize|p2|6\n|gen|9\n|tier|[Gen 9] OU\n|rated|\n|rule|Sleep Clause Mod: Limit one foe put to sleep\n|rule|Species Clause: Limit one of each Pok\u00e9mon\n|rule|OHKO Clause: OHKO moves are banned\n|rule|Evasion Items Clause: Evasion items are banned\n|rule|Evasion Moves Clause: Evasion moves are banned\n|rule|Endless Battle Clause: Forcing endless battles is banned\n|rule|HP Percentage Mod: HP is shown in percentages\n|clearpoke\n|poke|p1|Maushold-Four|\n|poke|p1|Amoonguss, F|\n|poke|p1|Okidogi, M|\n|poke|p1|Hatterene, F|\n|poke|p1|Meowscarada, F|\n|poke|p1|Kleavor, F|\n|poke|p2|Kingambit, M|\n|poke|p2|Great Tusk|\n|poke|p2|Dragapult, F|\n|poke|p2|Ogerpon-Wellspring, F|\n|poke|p2|Blissey, F|\n|poke|p2|Zapdos|\n|teampreview\n|\n|t:|1701093663\n|start\n|switch|p1a: Kleavor|Kleavor, F, shiny|100\/100\n|switch|p2a: Great Tusk|Great Tusk|100\/100\n|turn|1\n|\n|t:|1701093689\n|move|p1a: Kleavor|Dual Wingbeat|p2a: Great Tusk|[miss]\n|-miss|p1a: Kleavor|p2a: Great Tusk\n|move|p2a: Great Tusk|Rapid Spin|p1a: Kleavor\n|-resisted|p1a: Kleavor\n|-damage|p1a: Kleavor|92\/100\n|-boost|p2a: Great Tusk|spe|1\n|\n|upkeep\n|turn|2\n|c|\u2606Rekka's Tails|everyday hurts\n|\n|t:|1701093731\n|-end|p2a: Great Tusk|Protosynthesis|[silent]\n|switch|p2a: Zapdos|Zapdos|100\/100\n|switch|p1a: Amoonguss|Amoonguss, F, shiny|100\/100\n|\n|upkeep\n|turn|3\n|\n|t:|1701093741\n|switch|p1a: Kleavor|Kleavor, F, shiny|92\/100\n|move|p2a: Zapdos|Hurricane|p1a: Kleavor\n|-damage|p1a: Kleavor|21\/100\n|-start|p1a: Kleavor|confusion\n|\n|upkeep\n|turn|4\n|\n|t:|1701093750\n|switch|p2a: Great Tusk|Great Tusk|100\/100\n|-activate|p1a: Kleavor|confusion\n|move|p1a: Kleavor|Stone Axe|p2a: Great Tusk\n|-resisted|p2a: Great Tusk\n|-damage|p2a: Great Tusk|92\/100\n|-sidestart|p2: Istroke_|move: Stealth Rock\n|\n|-heal|p2a: Great Tusk|98\/100|[from] item: Leftovers\n|upkeep\n|turn|5\n|\n|t:|1701093756\n|switch|p1a: Amoonguss|Amoonguss, F, shiny|100\/100\n|move|p2a: Great Tusk|Rapid Spin|p1a: Amoonguss\n|-damage|p1a: Amoonguss|90\/100\n|-boost|p2a: Great Tusk|spe|1\n|-sideend|p2: Istroke_|Stealth Rock|[from] move: Rapid Spin|[of] p2a: Great Tusk\n|-enditem|p1a: Amoonguss|Red Card|[of] p2a: Great Tusk\n|-end|p2a: Great Tusk|Protosynthesis|[silent]\n|drag|p2a: Kingambit|Kingambit, M|100\/100\n|\n|upkeep\n|turn|6\n|\n|t:|1701093765\n|-end|p2a: Kingambit|fallenundefined|[silent]\n|switch|p2a: Ogerpon|Ogerpon-Wellspring, F|100\/100\n|move|p1a: Amoonguss|Sludge Bomb|p2a: Ogerpon\n|-supereffective|p2a: Ogerpon\n|-damage|p2a: Ogerpon|32\/100\n|-status|p2a: Ogerpon|psn\n|\n|-damage|p2a: Ogerpon|20\/100 psn|[from] psn\n|upkeep\n|turn|7\n|\n|t:|1701093775\n|move|p2a: Ogerpon|U-turn|p1a: Amoonguss\n|-damage|p1a: Amoonguss|71\/100\n|\n|t:|1701093778\n|switch|p2a: Blissey|Blissey, F|100\/100|[from] U-turn\n|move|p1a: Amoonguss|Foul Play|p2a: Blissey\n|-damage|p2a: Blissey|96\/100\n|\n|upkeep\n|turn|8\n|\n|t:|1701093787\n|move|p2a: Blissey|Shadow Ball|p1a: Amoonguss\n|-damage|p1a: Amoonguss|56\/100\n|move|p1a: Amoonguss|Spore|p2a: Blissey\n|-status|p2a: Blissey|slp|[from] move: Spore\n|\n|upkeep\n|turn|9\n|\n|t:|1701093797\n|-curestatus|p2a: Blissey|slp|[from] ability: Natural Cure\n|switch|p2a: Zapdos|Zapdos|100\/100\n|switch|p1a: Meowscarada|Meowscarada, F, shiny|100\/100\n|\n|upkeep\n|turn|10\n|\n|t:|1701093804\n|move|p1a: Meowscarada|Knock Off|p2a: Zapdos\n|-start|p1a: Meowscarada|typechange|Dark|[from] ability: Protean\n|-damage|p2a: Zapdos|52\/100\n|-enditem|p2a: Zapdos|Heavy-Duty Boots|[from] move: Knock Off|[of] p1a: Meowscarada\n|-damage|p1a: Meowscarada|91\/100|[from] item: Life Orb\n|move|p2a: Zapdos|Hurricane|p1a: Meowscarada\n|-damage|p1a: Meowscarada|24\/100\n|\n|upkeep\n|turn|11\n|\n|t:|1701093833\n|switch|p2a: Kingambit|Kingambit, M|100\/100\n|move|p1a: Meowscarada|Knock Off|p2a: Kingambit\n|-resisted|p2a: Kingambit\n|-damage|p2a: Kingambit|75\/100\n|-enditem|p2a: Kingambit|Mental Herb|[from] move: Knock Off|[of] p1a: Meowscarada\n|-damage|p1a: Meowscarada|14\/100|[from] item: Life Orb\n|\n|upkeep\n|turn|12\n|\n|t:|1701093847\n|move|p1a: Meowscarada|Low Kick|p2a: Kingambit\n|-supereffective|p2a: Kingambit\n|-damage|p2a: Kingambit|0 fnt\n|faint|p2a: Kingambit\n|-end|p2a: Kingambit|fallenundefined|[silent]\n|-damage|p1a: Meowscarada|4\/100|[from] item: Life Orb\n|\n|upkeep\n|\n|t:|1701093853\n|switch|p2a: Dragapult|Dragapult, F|100\/100\n|turn|13\n|\n|t:|1701093860\n|switch|p1a: Amoonguss|Amoonguss, F, shiny|90\/100\n|move|p2a: Dragapult|U-turn|p1a: Amoonguss\n|-damage|p1a: Amoonguss|78\/100\n|\n|t:|1701093879\n|switch|p2a: Zapdos|Zapdos|52\/100|[from] U-turn\n|\n|upkeep\n|turn|14\n|\n|t:|1701093884\n|move|p2a: Zapdos|Roost|p2a: Zapdos\n|-heal|p2a: Zapdos|100\/100\n|-singleturn|p2a: Zapdos|move: Roost\n|move|p1a: Amoonguss|Sludge Bomb|p2a: Zapdos\n|-damage|p2a: Zapdos|73\/100\n|-status|p2a: Zapdos|psn\n|\n|-damage|p2a: Zapdos|60\/100 psn|[from] psn\n|upkeep\n|turn|15\n|\n|t:|1701093893\n|switch|p1a: Meowscarada|Meowscarada, F, shiny|4\/100\n|move|p2a: Zapdos|Hurricane|p1a: Meowscarada\n|-supereffective|p1a: Meowscarada\n|-damage|p1a: Meowscarada|0 fnt\n|faint|p1a: Meowscarada\n|\n|-damage|p2a: Zapdos|48\/100 psn|[from] psn\n|upkeep\n|\n|t:|1701093896\n|switch|p1a: Kleavor|Kleavor, F, shiny|21\/100\n|turn|16\n|\n|t:|1701093904\n|switch|p2a: Ogerpon|Ogerpon-Wellspring, F|20\/100 psn\n|move|p1a: Kleavor|Stone Axe|p2a: Ogerpon\n|-damage|p2a: Ogerpon|0 fnt\n|-sidestart|p2: Istroke_|move: Stealth Rock\n|faint|p2a: Ogerpon\n|\n|upkeep\n|\n|t:|1701093909\n|switch|p2a: Great Tusk|Great Tusk|98\/100\n|-damage|p2a: Great Tusk|95\/100|[from] Stealth Rock\n|turn|17\n|\n|t:|1701093915\n|switch|p1a: Maushold|Maushold-Four|100\/100\n|move|p2a: Great Tusk|Earthquake|p1a: Maushold\n|-damage|p1a: Maushold|27\/100\n|\n|-heal|p2a: Great Tusk|100\/100|[from] item: Leftovers\n|upkeep\n|turn|18\n|\n|t:|1701093926\n|move|p1a: Maushold|Population Bomb|p2a: Great Tusk\n|-damage|p2a: Great Tusk|94\/100\n|-damage|p2a: Great Tusk|86\/100\n|-damage|p2a: Great Tusk|79\/100\n|-damage|p2a: Great Tusk|72\/100\n|-damage|p2a: Great Tusk|65\/100\n|-crit|p2a: Great Tusk\n|-damage|p2a: Great Tusk|54\/100\n|-damage|p2a: Great Tusk|47\/100\n|-damage|p2a: Great Tusk|40\/100\n|-damage|p2a: Great Tusk|33\/100\n|-damage|p2a: Great Tusk|25\/100\n|-hitcount|p2a: Great Tusk|10\n|move|p2a: Great Tusk|Earthquake|p1a: Maushold\n|-damage|p1a: Maushold|0 fnt\n|faint|p1a: Maushold\n|\n|-heal|p2a: Great Tusk|31\/100|[from] item: Leftovers\n|upkeep\n|\n|t:|1701093930\n|switch|p1a: Kleavor|Kleavor, F, shiny|21\/100\n|turn|19\n|\n|t:|1701093945\n|-terastallize|p2a: Great Tusk|Steel\n|move|p1a: Kleavor|Dual Wingbeat|p2a: Great Tusk|[miss]\n|-miss|p1a: Kleavor|p2a: Great Tusk\n|move|p2a: Great Tusk|Rapid Spin|p1a: Kleavor\n|-resisted|p1a: Kleavor\n|-damage|p1a: Kleavor|12\/100\n|-boost|p2a: Great Tusk|spe|1\n|-sideend|p2: Istroke_|Stealth Rock|[from] move: Rapid Spin|[of] p2a: Great Tusk\n|\n|-heal|p2a: Great Tusk|37\/100|[from] item: Leftovers\n|upkeep\n|turn|20\n|c|\u2606Rekka's Tails|man\n|\n|t:|1701093959\n|move|p2a: Great Tusk|Earthquake|p1a: Kleavor\n|-damage|p1a: Kleavor|0 fnt\n|faint|p1a: Kleavor\n|\n|-heal|p2a: Great Tusk|44\/100|[from] item: Leftovers\n|upkeep\n|\n|t:|1701093964\n|switch|p1a: Amoonguss|Amoonguss, F, shiny|100\/100\n|turn|21\n|\n|t:|1701093970\n|-end|p2a: Great Tusk|Protosynthesis|[silent]\n|switch|p2a: Blissey|Blissey, F|96\/100\n|move|p1a: Amoonguss|Foul Play|p2a: Blissey\n|-damage|p2a: Blissey|92\/100\n|\n|upkeep\n|turn|22\n|\n|t:|1701093982\n|switch|p1a: Hatterene|Hatterene, F|100\/100\n|move|p2a: Blissey|Seismic Toss|p1a: Hatterene\n|-damage|p1a: Hatterene|69\/100\n|\n|-heal|p1a: Hatterene|75\/100|[from] item: Leftovers\n|upkeep\n|turn|23\n|\n|t:|1701093987\n|move|p2a: Blissey|Seismic Toss|p1a: Hatterene\n|-damage|p1a: Hatterene|44\/100\n|move|p1a: Hatterene|Calm Mind|p1a: Hatterene\n|-boost|p1a: Hatterene|spa|1\n|-boost|p1a: Hatterene|spd|1\n|\n|-heal|p1a: Hatterene|50\/100|[from] item: Leftovers\n|upkeep\n|turn|24\n|\n|t:|1701093991\n|-terastallize|p1a: Hatterene|Ghost\n|move|p2a: Blissey|Seismic Toss|p1a: Hatterene\n|-immune|p1a: Hatterene\n|move|p1a: Hatterene|Calm Mind|p1a: Hatterene\n|-boost|p1a: Hatterene|spa|1\n|-boost|p1a: Hatterene|spd|1\n|\n|-heal|p1a: Hatterene|56\/100|[from] item: Leftovers\n|upkeep\n|turn|25\n|\n|t:|1701094000\n|move|p2a: Blissey|Shadow Ball|p1a: Hatterene\n|-supereffective|p1a: Hatterene\n|-damage|p1a: Hatterene|40\/100\n|move|p1a: Hatterene|Calm Mind|p1a: Hatterene\n|-boost|p1a: Hatterene|spa|1\n|-boost|p1a: Hatterene|spd|1\n|\n|-heal|p1a: Hatterene|46\/100|[from] item: Leftovers\n|upkeep\n|turn|26\n|\n|t:|1701094004\n|move|p2a: Blissey|Shadow Ball|p1a: Hatterene\n|-supereffective|p1a: Hatterene\n|-damage|p1a: Hatterene|34\/100\n|move|p1a: Hatterene|Psyshock|p2a: Blissey\n|-damage|p2a: Blissey|12\/100\n|\n|-heal|p1a: Hatterene|40\/100|[from] item: Leftovers\n|upkeep\n|turn|27\n|\n|t:|1701094009\n|move|p2a: Blissey|Shadow Ball|p1a: Hatterene\n|-supereffective|p1a: Hatterene\n|-damage|p1a: Hatterene|27\/100\n|move|p1a: Hatterene|Draining Kiss|p2a: Blissey\n|-damage|p2a: Blissey|0 fnt\n|-heal|p1a: Hatterene|47\/100|[from] drain|[of] p2a: Blissey\n|faint|p2a: Blissey\n|\n|-heal|p1a: Hatterene|53\/100|[from] item: Leftovers\n|upkeep\n|\n|t:|1701094019\n|switch|p2a: Great Tusk|Great Tusk, tera:Steel|44\/100\n|turn|28\n|\n|t:|1701094034\n|move|p2a: Great Tusk|Knock Off|p1a: Hatterene\n|-supereffective|p1a: Hatterene\n|-damage|p1a: Hatterene|9\/100\n|-enditem|p1a: Hatterene|Leftovers|[from] move: Knock Off|[of] p2a: Great Tusk\n|move|p1a: Hatterene|Shadow Ball|p2a: Great Tusk\n|-damage|p2a: Great Tusk|0 fnt\n|faint|p2a: Great Tusk\n|-end|p2a: Great Tusk|Protosynthesis|[silent]\n|\n|upkeep\n|\n|t:|1701094042\n|switch|p2a: Dragapult|Dragapult, F|100\/100\n|turn|29\n|\n|t:|1701094044\n|move|p2a: Dragapult|Shadow Ball|p1a: Hatterene\n|-supereffective|p1a: Hatterene\n|-damage|p1a: Hatterene|0 fnt\n|faint|p1a: Hatterene\n|\n|upkeep\n|\n|t:|1701094049\n|switch|p1a: Amoonguss|Amoonguss, F, shiny|100\/100\n|turn|30\n|\n|t:|1701094054\n|switch|p2a: Zapdos|Zapdos|48\/100 psn\n|move|p1a: Amoonguss|Spore||[still]\n|-fail|p1a: Amoonguss\n|\n|-damage|p2a: Zapdos|35\/100 psn|[from] psn\n|upkeep\n|turn|31\n|\n|t:|1701094059\n|move|p2a: Zapdos|Roost|p2a: Zapdos\n|-heal|p2a: Zapdos|85\/100 psn\n|-singleturn|p2a: Zapdos|move: Roost\n|move|p1a: Amoonguss|Sludge Bomb|p2a: Zapdos\n|-damage|p2a: Zapdos|59\/100 psn\n|\n|-damage|p2a: Zapdos|46\/100 psn|[from] psn\n|upkeep\n|turn|32\n|\n|t:|1701094063\n|move|p2a: Zapdos|Hurricane|p1a: Amoonguss\n|-supereffective|p1a: Amoonguss\n|-damage|p1a: Amoonguss|13\/100\n|move|p1a: Amoonguss|Sludge Bomb|p2a: Zapdos\n|-damage|p2a: Zapdos|22\/100 psn\n|\n|-damage|p2a: Zapdos|10\/100 psn|[from] psn\n|upkeep\n|turn|33\n|\n|t:|1701094071\n|move|p2a: Zapdos|Hurricane|p1a: Amoonguss\n|-supereffective|p1a: Amoonguss\n|-damage|p1a: Amoonguss|0 fnt\n|faint|p1a: Amoonguss\n|\n|-damage|p2a: Zapdos|0 fnt|[from] psn\n|faint|p2a: Zapdos\n|upkeep\n|\n|t:|1701094073\n|switch|p2a: Dragapult|Dragapult, F|100\/100\n|switch|p1a: Okidogi|Okidogi, M|100\/100\n|turn|34\n|\n|t:|1701094081\n|move|p2a: Dragapult|Draco Meteor|p1a: Okidogi\n|-crit|p1a: Okidogi\n|-damage|p1a: Okidogi|16\/100\n|-unboost|p2a: Dragapult|spa|2\n|move|p1a: Okidogi|Knock Off|p2a: Dragapult\n|-supereffective|p2a: Dragapult\n|-damage|p2a: Dragapult|29\/100\n|-enditem|p2a: Dragapult|Choice Specs|[from] move: Knock Off|[of] p1a: Okidogi\n|\n|-heal|p1a: Okidogi|22\/100|[from] item: Leftovers\n|upkeep\n|turn|35\n|\n|t:|1701094088\n|move|p2a: Dragapult|Draco Meteor|p1a: Okidogi\n|-damage|p1a: Okidogi|3\/100\n|-unboost|p2a: Dragapult|spa|2\n|move|p1a: Okidogi|Knock Off|p2a: Dragapult\n|-supereffective|p2a: Dragapult\n|-damage|p2a: Dragapult|0 fnt\n|faint|p2a: Dragapult\n|\n|win|Rekka's Tails\n|raw|Rekka&apos;s Tails's rating: 1317 &rarr; <strong>1343<\/strong><br \/>(+26 for winning)\n|raw|Istroke_'s rating: 1416 &rarr; <strong>1390<\/strong><br \/>(-26 for losing)\n|c|\u2606Istroke_|gg\n|c|\u2606Rekka's Tails|gg\n|l|\u2606Istroke_\n","uploadtime":1701094102,"views":6,"p1id":"rekkastails","p2id":"istroke","formatid":"gen9ou","rating":1343,"private":0,"password":""}