{"id":"gen9ou-1991035519","p1":"TrixIsalt","p2":"QuackBarz","format":"[Gen 9] OU","log":"|j|\u2606TrixIsalt\n|j|\u2606QuackBarz\n|t:|1700032009\n|gametype|singles\n|player|p1|TrixIsalt|cynthia-gen4|1256\n|player|p2|QuackBarz|265|1230\n|teamsize|p1|6\n|teamsize|p2|6\n|gen|9\n|tier|[Gen 9] OU\n|rated|\n|rule|Sleep Clause Mod: Limit one foe put to sleep\n|rule|Species Clause: Limit one of each Pok\u00e9mon\n|rule|OHKO Clause: OHKO moves are banned\n|rule|Evasion Items Clause: Evasion items are banned\n|rule|Evasion Moves Clause: Evasion moves are banned\n|rule|Endless Battle Clause: Forcing endless battles is banned\n|rule|HP Percentage Mod: HP is shown in percentages\n|clearpoke\n|poke|p1|Rillaboom, M|\n|poke|p1|Sneasler, F|\n|poke|p1|Heatran, F|\n|poke|p1|Gholdengo|\n|poke|p1|Kingambit, M|\n|poke|p1|Great Tusk|\n|poke|p2|Scizor, F|\n|poke|p2|Gastrodon, F|\n|poke|p2|Zapdos|\n|poke|p2|Landorus-Therian, M|\n|poke|p2|Ambipom, M|\n|poke|p2|Cinderace, M|\n|teampreview\n|inactive|Battle timer is ON: inactive players will automatically lose when time's up. (requested by TrixIsalt)\n|\n|t:|1700032024\n|start\n|switch|p1a: Heatran|Heatran, F|100\/100\n|switch|p2a: Zapdos|Zapdos|100\/100\n|turn|1\n|\n|t:|1700032040\n|move|p2a: Zapdos|Rain Dance|p2a: Zapdos\n|-weather|RainDance\n|move|p1a: Heatran|Stealth Rock|p2a: Zapdos\n|-sidestart|p2: QuackBarz|move: Stealth Rock\n|\n|-weather|RainDance|[upkeep]\n|upkeep\n|turn|2\n|\n|t:|1700032050\n|switch|p1a: Gholdengo|Gholdengo|100\/100\n|move|p2a: Zapdos|Tailwind|p2a: Zapdos\n|-sidestart|p2: QuackBarz|move: Tailwind\n|\n|-weather|RainDance|[upkeep]\n|upkeep\n|turn|3\n|\n|t:|1700032066\n|move|p2a: Zapdos|Thunder|p1a: Gholdengo\n|-damage|p1a: Gholdengo|5\/100\n|-status|p1a: Gholdengo|par\n|-damage|p2a: Zapdos|91\/100|[from] item: Life Orb\n|move|p1a: Gholdengo|Trick|p2a: Zapdos\n|-activate|p1a: Gholdengo|move: Trick|[of] p2a: Zapdos\n|-item|p2a: Zapdos|Choice Specs|[from] move: Trick\n|-item|p1a: Gholdengo|Life Orb|[from] move: Trick\n|\n|-weather|RainDance|[upkeep]\n|upkeep\n|turn|4\n|\n|t:|1700032073\n|move|p2a: Zapdos|Hurricane|p1a: Gholdengo\n|-resisted|p1a: Gholdengo\n|-damage|p1a: Gholdengo|0 fnt\n|faint|p1a: Gholdengo\n|\n|-weather|RainDance|[upkeep]\n|upkeep\n|\n|t:|1700032080\n|switch|p1a: Heatran|Heatran, F|100\/100\n|turn|5\n|\n|t:|1700032095\n|move|p2a: Zapdos|Hurricane|p1a: Heatran\n|-resisted|p1a: Heatran\n|-damage|p1a: Heatran|55\/100\n|move|p1a: Heatran|Magma Storm|p2a: Zapdos\n|-damage|p2a: Zapdos|61\/100\n|-activate|p2a: Zapdos|move: Magma Storm|[of] p1a: Heatran\n|\n|-weather|none\n|-heal|p1a: Heatran|61\/100|[from] item: Leftovers\n|-damage|p2a: Zapdos|49\/100|[from] move: Magma Storm|[partiallytrapped]\n|-sideend|p2: QuackBarz|move: Tailwind\n|upkeep\n|turn|6\n|\n|t:|1700032111\n|move|p2a: Zapdos|Hurricane|p1a: Heatran\n|-resisted|p1a: Heatran\n|-crit|p1a: Heatran\n|-damage|p1a: Heatran|0 fnt\n|faint|p1a: Heatran\n|\n|-end|p2a: Zapdos|Magma Storm|[partiallytrapped]|[silent]\n|upkeep\n|-message|TrixIsalt forfeited.\n|\n|win|QuackBarz\n|raw|TrixIsalt's rating: 1256 &rarr; <strong>1229<\/strong><br \/>(-27 for losing)\n|raw|QuackBarz's rating: 1230 &rarr; <strong>1257<\/strong><br \/>(+27 for winning)\n|l|\u2606TrixIsalt\n","uploadtime":1700032162,"views":9,"p1id":"trixisalt","p2id":"quackbarz","formatid":"gen9ou","rating":1229,"private":0,"password":""}