{"id":"gen9ou-1995058572","p1":"outdated ahh team","p2":"ja hoi","format":"[Gen 9] OU","log":"|j|\u2606outdated ahh team\n|j|\u2606ja hoi\n|t:|1700518065\n|gametype|singles\n|player|p1|outdated ahh team|bruno-gen2|1590\n|player|p2|ja hoi|170|1521\n|teamsize|p1|6\n|teamsize|p2|6\n|gen|9\n|tier|[Gen 9] OU\n|rated|\n|rule|Sleep Clause Mod: Limit one foe put to sleep\n|rule|Species Clause: Limit one of each Pok\u00e9mon\n|rule|OHKO Clause: OHKO moves are banned\n|rule|Evasion Items Clause: Evasion items are banned\n|rule|Evasion Moves Clause: Evasion moves are banned\n|rule|Endless Battle Clause: Forcing endless battles is banned\n|rule|HP Percentage Mod: HP is shown in percentages\n|clearpoke\n|poke|p1|Kingambit, M|\n|poke|p1|Ogerpon-Wellspring, F|\n|poke|p1|Hoopa-Unbound|\n|poke|p1|Iron Valiant|\n|poke|p1|Arcanine-Hisui, F|\n|poke|p1|Great Tusk|\n|poke|p2|Corviknight, F|\n|poke|p2|Dragapult, M|\n|poke|p2|Quaquaval, M|\n|poke|p2|Iron Moth|\n|poke|p2|Garganacl, M|\n|poke|p2|Grimmsnarl, M|\n|teampreview\n|inactive|Battle timer is ON: inactive players will automatically lose when time's up. (requested by outdated ahh team)\n|inactive|outdated ahh team has 120 seconds left.\n|inactive|outdated ahh team has 90 seconds left.\n|\n|t:|1700518155\n|start\n|switch|p1a: Alisa Bosconovitch|Iron Valiant|100\/100\n|switch|p2a: Grimmsnarl|Grimmsnarl, M|100\/100\n|turn|1\n|\n|t:|1700518172\n|move|p2a: Grimmsnarl|Taunt|p1a: Alisa Bosconovitch\n|-start|p1a: Alisa Bosconovitch|move: Taunt\n|move|p1a: Alisa Bosconovitch|Moonblast|p2a: Grimmsnarl\n|-supereffective|p2a: Grimmsnarl\n|-damage|p2a: Grimmsnarl|32\/100\n|\n|upkeep\n|turn|2\n|\n|t:|1700518178\n|move|p2a: Grimmsnarl|Light Screen|p2a: Grimmsnarl\n|-sidestart|p2: ja hoi|move: Light Screen\n|move|p1a: Alisa Bosconovitch|Moonblast|p2a: Grimmsnarl\n|-supereffective|p2a: Grimmsnarl\n|-damage|p2a: Grimmsnarl|0 fnt\n|faint|p2a: Grimmsnarl\n|\n|upkeep\n|\n|t:|1700518192\n|switch|p2a: Iron Moth|Iron Moth|100\/100\n|-enditem|p2a: Iron Moth|Booster Energy\n|-activate|p2a: Iron Moth|ability: Quark Drive|[fromitem]\n|-start|p2a: Iron Moth|quarkdrivespa\n|turn|3\n|\n|t:|1700518217\n|-end|p1a: Alisa Bosconovitch|Quark Drive|[silent]\n|switch|p1a: Ryomen Sukuna \u26e9\ufe0f|Hoopa-Unbound|100\/100\n|move|p2a: Iron Moth|Energy Ball|p1a: Ryomen Sukuna \u26e9\ufe0f\n|-damage|p1a: Ryomen Sukuna \u26e9\ufe0f|79\/100\n|\n|upkeep\n|turn|4\n|\n|t:|1700518238\n|-end|p2a: Iron Moth|Quark Drive|[silent]\n|switch|p2a: Corviknight|Corviknight, F|100\/100\n|-ability|p2a: Corviknight|Pressure\n|move|p1a: Ryomen Sukuna \u26e9\ufe0f|Psychic|p2a: Corviknight\n|-resisted|p2a: Corviknight\n|-damage|p2a: Corviknight|87\/100\n|\n|upkeep\n|turn|5\n|inactive|outdated ahh team has 120 seconds left.\n|inactive|outdated ahh team has 90 seconds left.\n|\n|t:|1700518293\n|switch|p1a: Alisa Bosconovitch|Iron Valiant|100\/100\n|move|p2a: Corviknight|U-turn|p1a: Alisa Bosconovitch\n|-resisted|p1a: Alisa Bosconovitch\n|-damage|p1a: Alisa Bosconovitch|94\/100\n|\n|t:|1700518307\n|switch|p2a: Iron Moth|Iron Moth|100\/100|[from] U-turn\n|\n|upkeep\n|turn|6\n|inactive|outdated ahh team has 90 seconds left.\n|\n|t:|1700518322\n|move|p1a: Alisa Bosconovitch|Destiny Bond|p1a: Alisa Bosconovitch\n|-singlemove|p1a: Alisa Bosconovitch|Destiny Bond\n|move|p2a: Iron Moth|Agility|p2a: Iron Moth\n|-boost|p2a: Iron Moth|spe|2\n|\n|upkeep\n|turn|7\n|\n|t:|1700518338\n|-end|p1a: Alisa Bosconovitch|Quark Drive|[silent]\n|switch|p1a: Ryomen Sukuna \u26e9\ufe0f|Hoopa-Unbound|79\/100\n|move|p2a: Iron Moth|Agility|p2a: Iron Moth\n|-boost|p2a: Iron Moth|spe|2\n|\n|upkeep\n|turn|8\n|\n|t:|1700518349\n|move|p2a: Iron Moth|Fiery Dance|p1a: Ryomen Sukuna \u26e9\ufe0f\n|-damage|p1a: Ryomen Sukuna \u26e9\ufe0f|54\/100\n|move|p1a: Ryomen Sukuna \u26e9\ufe0f|Thunderbolt|p2a: Iron Moth\n|-damage|p2a: Iron Moth|83\/100\n|\n|upkeep\n|turn|9\n|\n|t:|1700518355\n|move|p2a: Iron Moth|Fiery Dance|p1a: Ryomen Sukuna \u26e9\ufe0f\n|-damage|p1a: Ryomen Sukuna \u26e9\ufe0f|28\/100\n|move|p1a: Ryomen Sukuna \u26e9\ufe0f|Psychic|p2a: Iron Moth\n|-supereffective|p2a: Iron Moth\n|-damage|p2a: Iron Moth|29\/100\n|\n|-sideend|p2: ja hoi|move: Light Screen\n|upkeep\n|turn|10\n|\n|t:|1700518364\n|move|p2a: Iron Moth|Sludge Wave|p1a: Ryomen Sukuna \u26e9\ufe0f\n|-damage|p1a: Ryomen Sukuna \u26e9\ufe0f|0 fnt\n|faint|p1a: Ryomen Sukuna \u26e9\ufe0f\n|\n|upkeep\n|\n|t:|1700518378\n|switch|p1a: Alpha \ud83d\udc15|Arcanine-Hisui, F|100\/100\n|turn|11\n|\n|t:|1700518388\n|move|p1a: Alpha \ud83d\udc15|Extreme Speed|p2a: Iron Moth\n|-damage|p2a: Iron Moth|0 fnt\n|faint|p2a: Iron Moth\n|-end|p2a: Iron Moth|Quark Drive|[silent]\n|\n|upkeep\n|\n|t:|1700518397\n|switch|p2a: Quaquaval|Quaquaval, M|100\/100\n|turn|12\n|inactive|outdated ahh team has 120 seconds left.\n|\n|t:|1700518427\n|switch|p1a: Alisa Bosconovitch|Iron Valiant|94\/100\n|switch|p2a: Corviknight|Corviknight, F|87\/100\n|-ability|p2a: Corviknight|Pressure\n|\n|upkeep\n|turn|13\n|inactive|outdated ahh team has 90 seconds left.\n|\n|t:|1700518479\n|-end|p1a: Alisa Bosconovitch|Quark Drive|[silent]\n|switch|p1a: Tuskuthy the Great|Great Tusk|100\/100\n|move|p2a: Corviknight|U-turn|p1a: Tuskuthy the Great\n|-resisted|p1a: Tuskuthy the Great\n|-damage|p1a: Tuskuthy the Great|93\/100\n|\n|t:|1700518510\n|switch|p2a: Garganacl|Garganacl, M|100\/100|[from] U-turn\n|\n|upkeep\n|turn|14\n|\n|t:|1700518518\n|-terastallize|p2a: Garganacl|Fairy\n|move|p1a: Tuskuthy the Great|Knock Off|p2a: Garganacl\n|-resisted|p2a: Garganacl\n|-damage|p2a: Garganacl|89\/100\n|-enditem|p2a: Garganacl|Leftovers|[from] move: Knock Off|[of] p1a: Tuskuthy the Great\n|move|p2a: Garganacl|Iron Defense|p2a: Garganacl\n|-boost|p2a: Garganacl|def|2\n|\n|upkeep\n|turn|15\n|\n|t:|1700518526\n|-end|p1a: Tuskuthy the Great|Protosynthesis|[silent]\n|switch|p1a: Alisa Bosconovitch|Iron Valiant|94\/100\n|move|p2a: Garganacl|Salt Cure|p1a: Alisa Bosconovitch\n|-resisted|p1a: Alisa Bosconovitch\n|-damage|p1a: Alisa Bosconovitch|85\/100\n|-start|p1a: Alisa Bosconovitch|Salt Cure\n|\n|-damage|p1a: Alisa Bosconovitch|72\/100|[from] Salt Cure\n|upkeep\n|turn|16\n|\n|t:|1700518535\n|move|p1a: Alisa Bosconovitch|Moonblast|p2a: Garganacl\n|-damage|p2a: Garganacl|58\/100\n|-unboost|p2a: Garganacl|spa|1\n|move|p2a: Garganacl|Salt Cure|p1a: Alisa Bosconovitch\n|-resisted|p1a: Alisa Bosconovitch\n|-damage|p1a: Alisa Bosconovitch|64\/100\n|\n|-damage|p1a: Alisa Bosconovitch|51\/100|[from] Salt Cure\n|upkeep\n|turn|17\n|\n|t:|1700518545\n|move|p1a: Alisa Bosconovitch|Taunt|p2a: Garganacl\n|-start|p2a: Garganacl|move: Taunt\n|cant|p2a: Garganacl|move: Taunt|Recover\n|\n|-damage|p1a: Alisa Bosconovitch|39\/100|[from] Salt Cure\n|upkeep\n|turn|18\n|\n|t:|1700518558\n|-end|p1a: Alisa Bosconovitch|Quark Drive|[silent]\n|switch|p1a: Alpha \ud83d\udc15|Arcanine-Hisui, F|100\/100\n|switch|p2a: Corviknight|Corviknight, F|87\/100\n|-ability|p2a: Corviknight|Pressure\n|\n|upkeep\n|turn|19\n|c|\u2606ja hoi|gj\n|\n|t:|1700518569\n|move|p1a: Alpha \ud83d\udc15|Flare Blitz|p2a: Corviknight\n|-supereffective|p2a: Corviknight\n|-damage|p2a: Corviknight|0 fnt\n|-damage|p1a: Alpha \ud83d\udc15|84\/100|[from] item: Rocky Helmet|[of] p2a: Corviknight\n|faint|p2a: Corviknight\n|\n|upkeep\n|\n|t:|1700518578\n|switch|p2a: Garganacl|Garganacl, M, tera:Fairy|58\/100\n|turn|20\n|inactive|outdated ahh team has 120 seconds left.\n|\n|t:|1700518593\n|move|p1a: Alpha \ud83d\udc15|Head Smash|p2a: Garganacl\n|-damage|p2a: Garganacl|5\/100\n|move|p2a: Garganacl|Recover|p2a: Garganacl\n|-heal|p2a: Garganacl|55\/100\n|\n|upkeep\n|turn|21\n|inactive|outdated ahh team has 120 seconds left.\n|\n|t:|1700518606\n|move|p1a: Alpha \ud83d\udc15|Head Smash|p2a: Garganacl\n|-damage|p2a: Garganacl|2\/100\n|move|p2a: Garganacl|Salt Cure|p1a: Alpha \ud83d\udc15\n|-supereffective|p1a: Alpha \ud83d\udc15\n|-damage|p1a: Alpha \ud83d\udc15|51\/100\n|-start|p1a: Alpha \ud83d\udc15|Salt Cure\n|\n|-damage|p1a: Alpha \ud83d\udc15|38\/100|[from] Salt Cure\n|upkeep\n|turn|22\n|inactive|outdated ahh team has 120 seconds left.\n|inactive|ja hoi has 120 seconds left.\n|\n|t:|1700518642\n|move|p1a: Alpha \ud83d\udc15|Flare Blitz|p2a: Garganacl\n|-damage|p2a: Garganacl|0 fnt\n|faint|p2a: Garganacl\n|\n|-damage|p1a: Alpha \ud83d\udc15|26\/100|[from] Salt Cure\n|upkeep\n|inactive|ja hoi has 120 seconds left.\n|\n|t:|1700518650\n|switch|p2a: Dragapult|Dragapult, M|100\/100\n|turn|23\n|inactive|outdated ahh team has 120 seconds left.\n|inactive|ja hoi has 120 seconds left.\n|\n|t:|1700518670\n|switch|p1a: Guts \u2694\ufe0f|Kingambit, M|100\/100\n|-activate|p1a: Guts \u2694\ufe0f|ability: Supreme Overlord\n|-start|p1a: Guts \u2694\ufe0f|fallen1|[silent]\n|move|p2a: Dragapult|Tera Blast|p1a: Guts \u2694\ufe0f\n|-resisted|p1a: Guts \u2694\ufe0f\n|-damage|p1a: Guts \u2694\ufe0f|90\/100\n|\n|-heal|p1a: Guts \u2694\ufe0f|96\/100|[from] item: Leftovers\n|upkeep\n|turn|24\n|inactive|ja hoi has 120 seconds left.\n|\n|t:|1700518681\n|switch|p2a: Quaquaval|Quaquaval, M|100\/100\n|-end|p1a: Guts \u2694\ufe0f|fallen1|[silent]\n|switch|p1a: Alisa Bosconovitch|Iron Valiant|39\/100\n|\n|upkeep\n|turn|25\n|inactive|ja hoi has 120 seconds left.\n|inactive|outdated ahh team has 120 seconds left.\n|\n|t:|1700518692\n|move|p2a: Quaquaval|Aqua Jet|p1a: Alisa Bosconovitch\n|-damage|p1a: Alisa Bosconovitch|12\/100\n|move|p1a: Alisa Bosconovitch|Moonblast|p2a: Quaquaval\n|-supereffective|p2a: Quaquaval\n|-damage|p2a: Quaquaval|0 fnt\n|faint|p2a: Quaquaval\n|\n|upkeep\n|c|\u2606outdated ahh team|gg\n|inactive|ja hoi has 120 seconds left.\n|\n|t:|1700518700\n|switch|p2a: Dragapult|Dragapult, M|100\/100\n|turn|26\n|\n|t:|1700518707\n|move|p2a: Dragapult|Tera Blast|p1a: Alisa Bosconovitch\n|-damage|p1a: Alisa Bosconovitch|0 fnt\n|faint|p1a: Alisa Bosconovitch\n|-end|p1a: Alisa Bosconovitch|Quark Drive|[silent]\n|\n|upkeep\n|c|\u2606ja hoi|gg\n|\n|t:|1700518715\n|switch|p1a: Tuskuthy the Great|Great Tusk|93\/100\n|turn|27\n|\n|t:|1700518721\n|move|p2a: Dragapult|Dragon Dance|p2a: Dragapult\n|-boost|p2a: Dragapult|atk|1\n|-boost|p2a: Dragapult|spe|1\n|move|p1a: Tuskuthy the Great|Headlong Rush|p2a: Dragapult\n|-damage|p2a: Dragapult|4\/100\n|-unboost|p1a: Tuskuthy the Great|def|1\n|-unboost|p1a: Tuskuthy the Great|spd|1\n|\n|-heal|p2a: Dragapult|10\/100|[from] item: Leftovers\n|upkeep\n|turn|28\n|\n|t:|1700518731\n|move|p2a: Dragapult|Dragon Darts|p1a: Tuskuthy the Great\n|-damage|p1a: Tuskuthy the Great|51\/100\n|-anim|p2a: Dragapult|Dragon Darts|p1a: Tuskuthy the Great\n|-damage|p1a: Tuskuthy the Great|9\/100\n|move|p1a: Tuskuthy the Great|Headlong Rush|p2a: Dragapult\n|-damage|p2a: Dragapult|0 fnt\n|-unboost|p1a: Tuskuthy the Great|def|1\n|-unboost|p1a: Tuskuthy the Great|spd|1\n|faint|p2a: Dragapult\n|\n|win|outdated ahh team\n|raw|outdated ahh team's rating: 1605 &rarr; <strong>1620<\/strong><br \/>(+15 for winning)\n|raw|ja hoi's rating: 1521 &rarr; <strong>1506<\/strong><br \/>(-15 for losing)\n|l|\u2606ja hoi\n","uploadtime":1700518762,"views":16,"p1id":"outdatedahhteam","p2id":"jahoi","formatid":"gen9ou","rating":1506,"private":0,"password":""}