{"id":"gen9ou-1996255566","p1":"ChefBigDogg69","p2":"Kaz2109","format":"[Gen 9] OU","log":"|j|\u2606ChefBigDogg69\n|j|\u2606Kaz2109\n|t:|1700664516\n|gametype|singles\n|player|p1|ChefBigDogg69|baker|1401\n|player|p2|Kaz2109|policeman-gen4|1321\n|teamsize|p1|6\n|teamsize|p2|6\n|gen|9\n|tier|[Gen 9] OU\n|rated|\n|rule|Sleep Clause Mod: Limit one foe put to sleep\n|rule|Species Clause: Limit one of each Pok\u00e9mon\n|rule|OHKO Clause: OHKO moves are banned\n|rule|Evasion Items Clause: Evasion items are banned\n|rule|Evasion Moves Clause: Evasion moves are banned\n|rule|Endless Battle Clause: Forcing endless battles is banned\n|rule|HP Percentage Mod: HP is shown in percentages\n|clearpoke\n|poke|p1|Great Tusk|\n|poke|p1|Zapdos|\n|poke|p1|Heatran, M|\n|poke|p1|Iron Valiant|\n|poke|p1|Kingambit, F|\n|poke|p1|Dragapult, F|\n|poke|p2|Rillaboom, F|\n|poke|p2|Azumarill, F|\n|poke|p2|Kingambit, F|\n|poke|p2|Dragapult, F|\n|poke|p2|Great Tusk|\n|poke|p2|Blissey, F|\n|teampreview\n|inactive|Battle timer is ON: inactive players will automatically lose when time's up. (requested by ChefBigDogg69)\n|\n|t:|1700664543\n|start\n|switch|p1a: Zapdos|Zapdos|100\/100\n|switch|p2a: Rillaboom|Rillaboom, F|100\/100\n|-fieldstart|move: Grassy Terrain|[from] ability: Grassy Surge|[of] p2a: Rillaboom\n|turn|1\n|\n|t:|1700664552\n|switch|p2a: Dragapult|Dragapult, F|100\/100\n|move|p1a: Zapdos|Hurricane|p2a: Dragapult\n|-damage|p2a: Dragapult|37\/100\n|-start|p2a: Dragapult|confusion\n|\n|-heal|p2a: Dragapult|43\/100|[from] Grassy Terrain\n|upkeep\n|turn|2\n|l|\u2606ChefBigDogg69\n|inactive|ChefBigDogg69 disconnected and has a minute to reconnect!\n|player|p1|\n|inactive|ChefBigDogg69 has 30 seconds to reconnect!\n|j|\u2606ChefBigDogg69\n|inactive|ChefBigDogg69 reconnected and has 115 seconds left.\n|player|p1|ChefBigDogg69|baker\n|\n|t:|1700664597\n|-activate|p2a: Dragapult|confusion\n|move|p2a: Dragapult|Draco Meteor|p1a: Zapdos\n|-damage|p1a: Zapdos|25\/100\n|-unboost|p2a: Dragapult|spa|2\n|move|p1a: Zapdos|Volt Switch|p2a: Dragapult\n|-resisted|p2a: Dragapult\n|-damage|p2a: Dragapult|24\/100\n|\n|t:|1700664607\n|switch|p1a: Heatran|Heatran, M|100\/100|[from] Volt Switch\n|\n|-heal|p2a: Dragapult|30\/100|[from] Grassy Terrain\n|upkeep\n|turn|3\n|\n|t:|1700664613\n|switch|p2a: Azumarill|Azumarill, F|100\/100\n|move|p1a: Heatran|Stealth Rock|p2a: Azumarill\n|-sidestart|p2: Kaz2109|move: Stealth Rock\n|\n|upkeep\n|turn|4\n|\n|t:|1700664623\n|switch|p1a: Zapdos|Zapdos|25\/100\n|move|p2a: Azumarill|Liquidation|p1a: Zapdos\n|-damage|p1a: Zapdos|0 fnt\n|faint|p1a: Zapdos\n|\n|upkeep\n|inactive|ChefBigDogg69 has 90 seconds left.\n|\n|t:|1700664649\n|switch|p1a: Iron Valiant|Iron Valiant|100\/100\n|-enditem|p1a: Iron Valiant|Booster Energy\n|-activate|p1a: Iron Valiant|ability: Quark Drive|[fromitem]\n|-start|p1a: Iron Valiant|quarkdrivespe\n|turn|5\n|\n|t:|1700664655\n|move|p1a: Iron Valiant|Thunderbolt|p2a: Azumarill\n|-supereffective|p2a: Azumarill\n|-damage|p2a: Azumarill|62\/100\n|move|p2a: Azumarill|Liquidation|p1a: Iron Valiant\n|-damage|p1a: Iron Valiant|36\/100\n|\n|-heal|p1a: Iron Valiant|42\/100|[from] Grassy Terrain\n|-heal|p2a: Azumarill|68\/100|[from] Grassy Terrain\n|-fieldend|move: Grassy Terrain\n|upkeep\n|turn|6\n|inactive|ChefBigDogg69 has 90 seconds left.\n|\n|t:|1700664670\n|-terastallize|p2a: Azumarill|Water\n|move|p2a: Azumarill|Aqua Jet|p1a: Iron Valiant\n|-damage|p1a: Iron Valiant|0 fnt\n|faint|p1a: Iron Valiant\n|-end|p1a: Iron Valiant|Quark Drive|[silent]\n|\n|upkeep\n|inactive|ChefBigDogg69 has 90 seconds left.\n|\n|t:|1700664681\n|switch|p1a: Dragapult|Dragapult, F|100\/100\n|turn|7\n|\n|t:|1700664685\n|move|p1a: Dragapult|Draco Meteor|p2a: Azumarill\n|-damage|p2a: Azumarill|7\/100\n|-unboost|p1a: Dragapult|spa|2\n|move|p2a: Azumarill|Knock Off|p1a: Dragapult\n|-supereffective|p1a: Dragapult\n|-damage|p1a: Dragapult|0 fnt\n|-enditem|p1a: Dragapult|Choice Specs|[from] move: Knock Off|[of] p2a: Azumarill\n|faint|p1a: Dragapult\n|\n|upkeep\n|-message|ChefBigDogg69 forfeited.\n|\n|win|Kaz2109\n|raw|ChefBigDogg69's rating: 1401 &rarr; <strong>1376<\/strong><br \/>(-25 for losing)\n|raw|Kaz2109's rating: 1321 &rarr; <strong>1346<\/strong><br \/>(+25 for winning)\n|l|\u2606ChefBigDogg69\n","uploadtime":1700664698,"views":0,"p1id":"chefbigdogg69","p2id":"kaz2109","formatid":"gen9ou","rating":1346,"private":0,"password":""}