{"id":"gen9ou-1995615961","p1":"Classic Vitor","p2":"Mayooper","format":"[Gen 9] OU","log":"|j|\u2606Classic Vitor\n|j|\u2606Mayooper\n|t:|1700587770\n|gametype|singles\n|player|p1|Classic Vitor|artist-gen4|1195\n|player|p2|Mayooper|pokefan|1256\n|teamsize|p1|6\n|teamsize|p2|6\n|gen|9\n|tier|[Gen 9] OU\n|rated|\n|rule|Sleep Clause Mod: Limit one foe put to sleep\n|rule|Species Clause: Limit one of each Pok\u00e9mon\n|rule|OHKO Clause: OHKO moves are banned\n|rule|Evasion Items Clause: Evasion items are banned\n|rule|Evasion Moves Clause: Evasion moves are banned\n|rule|Endless Battle Clause: Forcing endless battles is banned\n|rule|HP Percentage Mod: HP is shown in percentages\n|clearpoke\n|poke|p1|Moltres|\n|poke|p1|Dragapult, M|\n|poke|p1|Samurott-Hisui, F|\n|poke|p1|Gholdengo|\n|poke|p1|Maushold|\n|poke|p1|Kingambit, F|\n|poke|p2|Slowking-Galar, M|\n|poke|p2|Persian-Alola, M|\n|poke|p2|Samurott-Hisui, M|\n|poke|p2|Iron Treads|\n|poke|p2|Frosmoth, M|\n|poke|p2|Ninetales-Alola, M|\n|teampreview\n|\n|t:|1700587781\n|start\n|switch|p1a: Gholdengo|Gholdengo|100\/100\n|switch|p2a: Iron Treads|Iron Treads|100\/100\n|turn|1\n|\n|t:|1700587789\n|switch|p1a: Samurott|Samurott-Hisui, F|100\/100\n|-end|p2a: Iron Treads|Quark Drive|[silent]\n|switch|p2a: Samurott|Samurott-Hisui, M|100\/100\n|\n|upkeep\n|turn|2\n|\n|t:|1700587806\n|move|p1a: Samurott|Ceaseless Edge|p2a: Samurott\n|-resisted|p2a: Samurott\n|-damage|p2a: Samurott|59\/100\n|-sidestart|p2: Mayooper|Spikes\n|move|p2a: Samurott|Ceaseless Edge|p1a: Samurott\n|-resisted|p1a: Samurott\n|-damage|p1a: Samurott|72\/100\n|-sidestart|p1: Classic Vitor|Spikes\n|\n|upkeep\n|turn|3\n|\n|t:|1700587816\n|switch|p2a: Persian|Persian-Alola, M|100\/100\n|-damage|p2a: Persian|88\/100|[from] Spikes\n|move|p1a: Samurott|Ceaseless Edge|p2a: Persian|[miss]\n|-miss|p1a: Samurott|p2a: Persian\n|\n|upkeep\n|turn|4\n|\n|t:|1700587824\n|move|p2a: Persian|Parting Shot|p1a: Samurott\n|-unboost|p1a: Samurott|atk|1\n|-unboost|p1a: Samurott|spa|1\n|\n|t:|1700587828\n|switch|p2a: Iron Treads|Iron Treads|100\/100|[from] Parting Shot\n|-damage|p2a: Iron Treads|88\/100|[from] Spikes\n|move|p1a: Samurott|Ceaseless Edge|p2a: Iron Treads|[miss]\n|-miss|p1a: Samurott|p2a: Iron Treads\n|\n|-heal|p2a: Iron Treads|94\/100|[from] item: Leftovers\n|upkeep\n|turn|5\n|\n|t:|1700587839\n|move|p1a: Samurott|Ceaseless Edge|p2a: Iron Treads\n|-damage|p2a: Iron Treads|70\/100\n|-sidestart|p2: Mayooper|Spikes\n|move|p2a: Iron Treads|Rapid Spin|p1a: Samurott\n|-damage|p1a: Samurott|58\/100\n|-boost|p2a: Iron Treads|spe|1\n|-sideend|p2: Mayooper|Spikes|[from] move: Rapid Spin|[of] p2a: Iron Treads\n|\n|-heal|p2a: Iron Treads|76\/100|[from] item: Leftovers\n|upkeep\n|turn|6\n|\n|t:|1700587849\n|switch|p1a: Moltres|Moltres|100\/100\n|move|p2a: Iron Treads|Body Press|p1a: Moltres\n|-resisted|p1a: Moltres\n|-damage|p1a: Moltres|88\/100\n|\n|-heal|p2a: Iron Treads|82\/100|[from] item: Leftovers\n|upkeep\n|turn|7\n|\n|t:|1700587858\n|move|p2a: Iron Treads|Volt Switch|p1a: Moltres\n|-supereffective|p1a: Moltres\n|-damage|p1a: Moltres|69\/100\n|\n|t:|1700587866\n|-end|p2a: Iron Treads|Quark Drive|[silent]\n|switch|p2a: Slowking|Slowking-Galar, M, shiny|100\/100|[from] Volt Switch\n|move|p1a: Moltres|Flamethrower|p2a: Slowking\n|-damage|p2a: Slowking|77\/100\n|\n|upkeep\n|turn|8\n|\n|t:|1700587875\n|switch|p1a: Gholdengo|Gholdengo|100\/100\n|-damage|p1a: Gholdengo|88\/100|[from] Spikes\n|move|p2a: Slowking|Future Sight|p1a: Gholdengo\n|-start|p2a: Slowking|move: Future Sight\n|\n|upkeep\n|turn|9\n|\n|t:|1700587882\n|switch|p2a: Samurott|Samurott-Hisui, M|59\/100\n|move|p1a: Gholdengo|Shadow Ball|p2a: Samurott\n|-resisted|p2a: Samurott\n|-damage|p2a: Samurott|44\/100\n|\n|upkeep\n|turn|10\n|\n|t:|1700587892\n|switch|p1a: Samurott|Samurott-Hisui, F|58\/100\n|-damage|p1a: Samurott|45\/100|[from] Spikes\n|move|p2a: Samurott|Ceaseless Edge|p1a: Samurott\n|-resisted|p1a: Samurott\n|-damage|p1a: Samurott|13\/100\n|-sidestart|p1: Classic Vitor|Spikes\n|\n|-end|p1a: Samurott|move: Future Sight\n|-immune|p1a: Samurott\n|upkeep\n|turn|11\n|\n|t:|1700587903\n|move|p2a: Samurott|Aqua Jet|p1a: Samurott\n|-resisted|p1a: Samurott\n|-damage|p1a: Samurott|0 fnt\n|faint|p1a: Samurott\n|\n|upkeep\n|\n|t:|1700587905\n|switch|p1a: Maushold|Maushold|100\/100\n|turn|12\n|\n|t:|1700587911\n|switch|p2a: Iron Treads|Iron Treads|82\/100\n|move|p1a: Maushold|Tidy Up|p1a: Maushold\n|-sideend|p1: Classic Vitor|Spikes\n|-activate|p1a: Maushold|move: Tidy Up\n|-boost|p1a: Maushold|atk|1\n|-boost|p1a: Maushold|spe|1\n|\n|-heal|p2a: Iron Treads|89\/100|[from] item: Leftovers\n|upkeep\n|turn|13\n|\n|t:|1700587920\n|switch|p1a: Moltres|Moltres|69\/100\n|move|p2a: Iron Treads|Body Press|p1a: Moltres\n|-resisted|p1a: Moltres\n|-damage|p1a: Moltres|56\/100\n|-status|p2a: Iron Treads|brn|[from] ability: Flame Body|[of] p1a: Moltres\n|\n|-heal|p2a: Iron Treads|95\/100 brn|[from] item: Leftovers\n|-damage|p2a: Iron Treads|89\/100 brn|[from] brn\n|upkeep\n|turn|14\n|\n|t:|1700587932\n|-end|p2a: Iron Treads|Quark Drive|[silent]\n|switch|p2a: Slowking|Slowking-Galar, M, shiny|100\/100\n|move|p1a: Moltres|Roost|p1a: Moltres\n|-heal|p1a: Moltres|100\/100\n|-singleturn|p1a: Moltres|move: Roost\n|\n|upkeep\n|turn|15\n|\n|t:|1700587940\n|switch|p1a: Gholdengo|Gholdengo|88\/100\n|move|p2a: Slowking|Chilly Reception|p2a: Slowking\n|-weather|Snow\n|\n|t:|1700587948\n|switch|p2a: Samurott|Samurott-Hisui, M|44\/100|[from] Chilly Reception\n|\n|-weather|Snow|[upkeep]\n|upkeep\n|turn|16\n|\n|t:|1700587958\n|switch|p1a: Moltres|Moltres|100\/100\n|move|p2a: Samurott|Flip Turn|p1a: Moltres\n|-supereffective|p1a: Moltres\n|-damage|p1a: Moltres|53\/100\n|\n|t:|1700587967\n|switch|p2a: Slowking|Slowking-Galar, M, shiny|100\/100|[from] Flip Turn\n|\n|-weather|Snow|[upkeep]\n|upkeep\n|turn|17\n|\n|t:|1700587973\n|move|p1a: Moltres|Roost|p1a: Moltres\n|-heal|p1a: Moltres|100\/100\n|-singleturn|p1a: Moltres|move: Roost\n|move|p2a: Slowking|Surf|p1a: Moltres\n|-supereffective|p1a: Moltres\n|-damage|p1a: Moltres|65\/100\n|\n|-weather|Snow|[upkeep]\n|upkeep\n|turn|18\n|\n|t:|1700587982\n|switch|p1a: Gholdengo|Gholdengo|88\/100\n|move|p2a: Slowking|Yawn|p1a: Gholdengo\n|-immune|p1a: Gholdengo|[from] ability: Good as Gold\n|\n|-weather|Snow|[upkeep]\n|upkeep\n|turn|19\n|\n|t:|1700587991\n|move|p1a: Gholdengo|Shadow Ball|p2a: Slowking\n|-supereffective|p2a: Slowking\n|-damage|p2a: Slowking|40\/100\n|move|p2a: Slowking|Chilly Reception|p2a: Slowking\n|\n|t:|1700587998\n|switch|p2a: Samurott|Samurott-Hisui, M|44\/100|[from] Chilly Reception\n|\n|-weather|Snow|[upkeep]\n|upkeep\n|turn|20\n|\n|t:|1700588005\n|switch|p1a: Moltres|Moltres|65\/100\n|move|p2a: Samurott|Ceaseless Edge|p1a: Moltres\n|-damage|p1a: Moltres|22\/100\n|-status|p2a: Samurott|brn|[from] ability: Flame Body|[of] p1a: Moltres\n|-sidestart|p1: Classic Vitor|Spikes\n|\n|-weather|Snow|[upkeep]\n|-damage|p2a: Samurott|38\/100 brn|[from] brn\n|upkeep\n|turn|21\n|\n|t:|1700588017\n|move|p2a: Samurott|Aqua Jet|p1a: Moltres\n|-supereffective|p1a: Moltres\n|-damage|p1a: Moltres|5\/100\n|move|p1a: Moltres|Roost|p1a: Moltres\n|-heal|p1a: Moltres|55\/100\n|-singleturn|p1a: Moltres|move: Roost\n|\n|-weather|Snow|[upkeep]\n|-damage|p2a: Samurott|32\/100 brn|[from] brn\n|upkeep\n|turn|22\n|\n|t:|1700588027\n|move|p1a: Moltres|Roost|p1a: Moltres\n|-heal|p1a: Moltres|100\/100\n|-singleturn|p1a: Moltres|move: Roost\n|move|p2a: Samurott|Flip Turn|p1a: Moltres\n|-supereffective|p1a: Moltres\n|-damage|p1a: Moltres|77\/100\n|\n|t:|1700588041\n|switch|p2a: Persian|Persian-Alola, M|88\/100|[from] Flip Turn\n|\n|-weather|none\n|upkeep\n|turn|23\n|l|\u2606Classic Vitor\n|player|p1|\n|inactive|Battle timer is ON: inactive players will automatically lose when time's up. (requested by Mayooper)\n|j|\u2606Classic Vitor\n|inactive|Classic Vitor reconnected and has 150 seconds left.\n|player|p1|Classic Vitor|artist-gen4\n|\n|t:|1700588078\n|move|p2a: Persian|Parting Shot|p1a: Moltres\n|-unboost|p1a: Moltres|atk|1\n|-unboost|p1a: Moltres|spa|1\n|\n|t:|1700588086\n|switch|p2a: Slowking|Slowking-Galar, M, shiny|73\/100|[from] Parting Shot\n|move|p1a: Moltres|Roost|p1a: Moltres\n|-heal|p1a: Moltres|100\/100\n|-singleturn|p1a: Moltres|move: Roost\n|\n|upkeep\n|turn|24\n|\n|t:|1700588094\n|move|p1a: Moltres|Will-O-Wisp|p2a: Slowking\n|-status|p2a: Slowking|brn\n|move|p2a: Slowking|Future Sight|p1a: Moltres\n|-start|p2a: Slowking|move: Future Sight\n|\n|-damage|p2a: Slowking|67\/100 brn|[from] brn\n|upkeep\n|turn|25\n|\n|t:|1700588103\n|switch|p1a: Gholdengo|Gholdengo|88\/100\n|-damage|p1a: Gholdengo|76\/100|[from] Spikes\n|move|p2a: Slowking|Chilly Reception|p2a: Slowking\n|-weather|Snow\n|\n|t:|1700588110\n|switch|p2a: Samurott|Samurott-Hisui, M|32\/100 brn|[from] Chilly Reception\n|\n|-weather|Snow|[upkeep]\n|-damage|p2a: Samurott|26\/100 brn|[from] brn\n|upkeep\n|turn|26\n|\n|t:|1700588126\n|move|p1a: Gholdengo|Dazzling Gleam|p2a: Samurott\n|-supereffective|p2a: Samurott\n|-damage|p2a: Samurott|0 fnt\n|faint|p2a: Samurott\n|\n|-weather|Snow|[upkeep]\n|-end|p1a: Gholdengo|move: Future Sight\n|-resisted|p1a: Gholdengo\n|-damage|p1a: Gholdengo|51\/100\n|upkeep\n|\n|t:|1700588135\n|switch|p2a: Ninetales|Ninetales-Alola, M|100\/100\n|turn|27\n|\n|t:|1700588145\n|switch|p1a: Maushold|Maushold|100\/100\n|move|p2a: Ninetales|Aurora Veil|p2a: Ninetales\n|-sidestart|p2: Mayooper|move: Aurora Veil\n|\n|-weather|Snow|[upkeep]\n|upkeep\n|turn|28\n|\n|t:|1700588152\n|move|p1a: Maushold|Tidy Up|p1a: Maushold\n|-sideend|p1: Classic Vitor|Spikes\n|-activate|p1a: Maushold|move: Tidy Up\n|-boost|p1a: Maushold|atk|1\n|-boost|p1a: Maushold|spe|1\n|move|p2a: Ninetales|Blizzard|p1a: Maushold\n|-damage|p1a: Maushold|55\/100\n|-status|p1a: Maushold|frz\n|\n|-weather|Snow|[upkeep]\n|upkeep\n|turn|29\n|\n|t:|1700588165\n|cant|p1a: Maushold|frz\n|move|p2a: Ninetales|Blizzard|p1a: Maushold\n|-damage|p1a: Maushold|9\/100 frz\n|\n|-weather|Snow|[upkeep]\n|upkeep\n|turn|30\n|\n|t:|1700588169\n|-curestatus|p1a: Maushold|frz|[msg]\n|move|p1a: Maushold|Population Bomb|p2a: Ninetales\n|-damage|p2a: Ninetales|94\/100\n|-damage|p2a: Ninetales|87\/100\n|-hitcount|p2a: Ninetales|2\n|move|p2a: Ninetales|Blizzard|p1a: Maushold\n|-damage|p1a: Maushold|0 fnt\n|faint|p1a: Maushold\n|\n|-weather|Snow|[upkeep]\n|upkeep\n|\n|t:|1700588185\n|switch|p1a: Gholdengo|Gholdengo|51\/100\n|turn|31\n|\n|t:|1700588203\n|switch|p2a: Slowking|Slowking-Galar, M, shiny|99\/100 brn\n|move|p1a: Gholdengo|Make It Rain|p2a: Slowking\n|-damage|p2a: Slowking|79\/100 brn\n|-unboost|p1a: Gholdengo|spa|1\n|\n|-weather|Snow|[upkeep]\n|-damage|p2a: Slowking|73\/100 brn|[from] brn\n|upkeep\n|turn|32\n|\n|t:|1700588214\n|switch|p1a: Moltres|Moltres|100\/100\n|move|p2a: Slowking|Chilly Reception|p2a: Slowking\n|\n|t:|1700588224\n|switch|p2a: Frosmoth|Frosmoth, M|100\/100|[from] Chilly Reception\n|\n|-weather|none\n|upkeep\n|turn|33\n|\n|t:|1700588247\n|-terastallize|p2a: Frosmoth|Electric\n|move|p2a: Frosmoth|Substitute|p2a: Frosmoth\n|-start|p2a: Frosmoth|Substitute\n|-damage|p2a: Frosmoth|76\/100\n|move|p1a: Moltres|Flamethrower|p2a: Frosmoth\n|-activate|p2a: Frosmoth|move: Substitute|[damage]\n|\n|upkeep\n|turn|34\n|\n|t:|1700588256\n|move|p2a: Frosmoth|Quiver Dance|p2a: Frosmoth\n|-boost|p2a: Frosmoth|spa|1\n|-boost|p2a: Frosmoth|spd|1\n|-boost|p2a: Frosmoth|spe|1\n|move|p1a: Moltres|Flamethrower|p2a: Frosmoth\n|-activate|p2a: Frosmoth|move: Substitute|[damage]\n|\n|-sideend|p2: Mayooper|move: Aurora Veil\n|upkeep\n|turn|35\n|\n|t:|1700588264\n|move|p2a: Frosmoth|Tera Blast|p1a: Moltres|[anim] Tera Blast Electric\n|-supereffective|p1a: Moltres\n|-crit|p1a: Moltres\n|-damage|p1a: Moltres|0 fnt\n|faint|p1a: Moltres\n|\n|upkeep\n|\n|t:|1700588269\n|switch|p1a: Gholdengo|Gholdengo|51\/100\n|turn|36\n|\n|t:|1700588273\n|move|p1a: Gholdengo|Shadow Ball|p2a: Frosmoth\n|-end|p2a: Frosmoth|Substitute\n|move|p2a: Frosmoth|Quiver Dance|p2a: Frosmoth\n|-boost|p2a: Frosmoth|spa|1\n|-boost|p2a: Frosmoth|spd|1\n|-boost|p2a: Frosmoth|spe|1\n|\n|upkeep\n|turn|37\n|\n|t:|1700588283\n|move|p2a: Frosmoth|Tera Blast|p1a: Gholdengo|[anim] Tera Blast Electric\n|-damage|p1a: Gholdengo|0 fnt\n|faint|p1a: Gholdengo\n|\n|upkeep\n|\n|t:|1700588285\n|switch|p1a: Kingambit|Kingambit, F|100\/100\n|-activate|p1a: Kingambit|ability: Supreme Overlord\n|-start|p1a: Kingambit|fallen4|[silent]\n|turn|38\n|\n|t:|1700588300\n|switch|p2a: Persian|Persian-Alola, M|88\/100\n|move|p1a: Kingambit|Swords Dance|p1a: Kingambit\n|-boost|p1a: Kingambit|atk|2\n|\n|upkeep\n|turn|39\n|\n|t:|1700588307\n|move|p2a: Persian|Switcheroo|p1a: Kingambit\n|-activate|p2a: Persian|move: Trick|[of] p1a: Kingambit\n|-item|p1a: Kingambit|Choice Scarf|[from] move: Switcheroo\n|-item|p2a: Persian|Black Glasses|[from] move: Switcheroo\n|move|p1a: Kingambit|Iron Head|p2a: Persian\n|-damage|p2a: Persian|13\/100\n|\n|upkeep\n|turn|40\n|\n|t:|1700588317\n|move|p2a: Persian|Parting Shot|p1a: Kingambit\n|-unboost|p1a: Kingambit|atk|1\n|-unboost|p1a: Kingambit|spa|1\n|\n|t:|1700588320\n|switch|p2a: Iron Treads|Iron Treads|89\/100 brn|[from] Parting Shot\n|move|p1a: Kingambit|Iron Head|p2a: Iron Treads\n|-resisted|p2a: Iron Treads\n|-damage|p2a: Iron Treads|63\/100 brn\n|\n|-heal|p2a: Iron Treads|69\/100 brn|[from] item: Leftovers\n|-damage|p2a: Iron Treads|63\/100 brn|[from] brn\n|upkeep\n|turn|41\n|\n|t:|1700588338\n|-end|p1a: Kingambit|fallen4|[silent]\n|switch|p1a: Dragapult|Dragapult, M|100\/100\n|move|p2a: Iron Treads|Iron Defense|p2a: Iron Treads\n|-boost|p2a: Iron Treads|def|2\n|\n|-heal|p2a: Iron Treads|69\/100 brn|[from] item: Leftovers\n|-damage|p2a: Iron Treads|63\/100 brn|[from] brn\n|upkeep\n|turn|42\n|\n|t:|1700588347\n|-end|p2a: Iron Treads|Quark Drive|[silent]\n|switch|p2a: Persian|Persian-Alola, M|13\/100\n|move|p1a: Dragapult|Flamethrower|p2a: Persian\n|-damage|p2a: Persian|0 fnt\n|faint|p2a: Persian\n|\n|upkeep\n|\n|t:|1700588366\n|switch|p2a: Slowking|Slowking-Galar, M, shiny|100\/100 brn\n|turn|43\n|\n|t:|1700588372\n|switch|p1a: Kingambit|Kingambit, F|100\/100\n|-activate|p1a: Kingambit|ability: Supreme Overlord\n|-start|p1a: Kingambit|fallen4|[silent]\n|move|p2a: Slowking|Yawn|p1a: Kingambit\n|-start|p1a: Kingambit|move: Yawn|[of] p2a: Slowking\n|\n|-damage|p2a: Slowking|94\/100 brn|[from] brn\n|upkeep\n|turn|44\n|\n|t:|1700588383\n|-end|p1a: Kingambit|fallen4|[silent]\n|switch|p1a: Dragapult|Dragapult, M|100\/100\n|move|p2a: Slowking|Chilly Reception|p2a: Slowking\n|-weather|Snow\n|\n|t:|1700588391\n|switch|p2a: Frosmoth|Frosmoth, M, tera:Electric|76\/100|[from] Chilly Reception\n|\n|-weather|Snow|[upkeep]\n|upkeep\n|turn|45\n|\n|t:|1700588397\n|move|p1a: Dragapult|Draco Meteor|p2a: Frosmoth\n|-damage|p2a: Frosmoth|19\/100\n|-unboost|p1a: Dragapult|spa|2\n|move|p2a: Frosmoth|Substitute|p2a: Frosmoth\n|-fail|p2a: Frosmoth|move: Substitute|[weak]\n|\n|-weather|Snow|[upkeep]\n|upkeep\n|turn|46\n|\n|t:|1700588406\n|switch|p2a: Ninetales|Ninetales-Alola, M|87\/100\n|move|p1a: Dragapult|Draco Meteor|p2a: Ninetales\n|-immune|p2a: Ninetales\n|\n|-weather|Snow|[upkeep]\n|upkeep\n|turn|47\n|\n|t:|1700588415\n|switch|p1a: Kingambit|Kingambit, F|100\/100\n|-activate|p1a: Kingambit|ability: Supreme Overlord\n|-start|p1a: Kingambit|fallen4|[silent]\n|move|p2a: Ninetales|Aurora Veil|p2a: Ninetales\n|-sidestart|p2: Mayooper|move: Aurora Veil\n|\n|-weather|Snow|[upkeep]\n|upkeep\n|turn|48\n|\n|t:|1700588427\n|switch|p2a: Iron Treads|Iron Treads|63\/100 brn\n|move|p1a: Kingambit|Stone Edge|p2a: Iron Treads\n|-resisted|p2a: Iron Treads\n|-damage|p2a: Iron Treads|59\/100 brn\n|\n|-weather|Snow|[upkeep]\n|-heal|p2a: Iron Treads|65\/100 brn|[from] item: Leftovers\n|-damage|p2a: Iron Treads|59\/100 brn|[from] brn\n|upkeep\n|turn|49\n|\n|t:|1700588437\n|-end|p1a: Kingambit|fallen4|[silent]\n|switch|p1a: Dragapult|Dragapult, M|100\/100\n|move|p2a: Iron Treads|Volt Switch|p1a: Dragapult\n|-resisted|p1a: Dragapult\n|-damage|p1a: Dragapult|93\/100\n|\n|t:|1700588443\n|-end|p2a: Iron Treads|Quark Drive|[silent]\n|switch|p2a: Frosmoth|Frosmoth, M, tera:Electric|19\/100|[from] Volt Switch\n|\n|-weather|Snow|[upkeep]\n|upkeep\n|turn|50\n|\n|t:|1700588461\n|move|p1a: Dragapult|Flamethrower|p2a: Frosmoth\n|-damage|p2a: Frosmoth|0 fnt\n|faint|p2a: Frosmoth\n|\n|-weather|Snow|[upkeep]\n|upkeep\n|\n|t:|1700588469\n|switch|p2a: Ninetales|Ninetales-Alola, M|87\/100\n|turn|51\n|\n|t:|1700588472\n|switch|p1a: Kingambit|Kingambit, F|100\/100\n|-activate|p1a: Kingambit|ability: Supreme Overlord\n|-start|p1a: Kingambit|fallen4|[silent]\n|move|p2a: Ninetales|Blizzard|p1a: Kingambit\n|-resisted|p1a: Kingambit\n|-crit|p1a: Kingambit\n|-damage|p1a: Kingambit|76\/100\n|-status|p1a: Kingambit|frz\n|\n|-weather|none\n|upkeep\n|turn|52\n|\n|t:|1700588500\n|switch|p2a: Slowking|Slowking-Galar, M, shiny|100\/100 brn\n|-curestatus|p1a: Kingambit|frz|[msg]\n|move|p1a: Kingambit|Iron Head|p2a: Slowking\n|-damage|p2a: Slowking|72\/100 brn\n|\n|-damage|p2a: Slowking|65\/100 brn|[from] brn\n|upkeep\n|turn|53\n|\n|t:|1700588509\n|move|p1a: Kingambit|Iron Head|p2a: Slowking\n|-damage|p2a: Slowking|35\/100 brn\n|move|p2a: Slowking|Future Sight|p1a: Kingambit\n|-start|p2a: Slowking|move: Future Sight\n|\n|-damage|p2a: Slowking|28\/100 brn|[from] brn\n|upkeep\n|turn|54\n|\n|t:|1700588516\n|switch|p2a: Iron Treads|Iron Treads|59\/100 brn\n|move|p1a: Kingambit|Iron Head|p2a: Iron Treads\n|-resisted|p2a: Iron Treads\n|-damage|p2a: Iron Treads|49\/100 brn\n|\n|-heal|p2a: Iron Treads|56\/100 brn|[from] item: Leftovers\n|-damage|p2a: Iron Treads|49\/100 brn|[from] brn\n|-sideend|p2: Mayooper|move: Aurora Veil\n|upkeep\n|turn|55\n|\n|t:|1700588529\n|-terastallize|p1a: Kingambit|Flying\n|move|p2a: Iron Treads|Body Press|p1a: Kingambit\n|-resisted|p1a: Kingambit\n|-damage|p1a: Kingambit|71\/100\n|move|p1a: Kingambit|Iron Head|p2a: Iron Treads\n|-resisted|p2a: Iron Treads\n|-damage|p2a: Iron Treads|30\/100 brn\n|\n|-end|p1a: Kingambit|move: Future Sight\n|-damage|p1a: Kingambit|24\/100\n|-heal|p2a: Iron Treads|37\/100 brn|[from] item: Leftovers\n|-damage|p2a: Iron Treads|30\/100 brn|[from] brn\n|upkeep\n|turn|56\n|\n|t:|1700588543\n|move|p2a: Iron Treads|Volt Switch|p1a: Kingambit\n|-supereffective|p1a: Kingambit\n|-damage|p1a: Kingambit|0 fnt\n|faint|p1a: Kingambit\n|-end|p1a: Kingambit|fallen4|[silent]\n|\n|t:|1700588550\n|-end|p2a: Iron Treads|Quark Drive|[silent]\n|switch|p2a: Slowking|Slowking-Galar, M, shiny|62\/100 brn|[from] Volt Switch\n|\n|-damage|p2a: Slowking|56\/100 brn|[from] brn\n|upkeep\n|\n|t:|1700588554\n|switch|p1a: Dragapult|Dragapult, M|93\/100\n|turn|57\n|\n|t:|1700588567\n|switch|p2a: Iron Treads|Iron Treads|30\/100 brn\n|move|p1a: Dragapult|Shadow Ball|p2a: Iron Treads\n|-damage|p2a: Iron Treads|0 fnt\n|faint|p2a: Iron Treads\n|-end|p2a: Iron Treads|Quark Drive|[silent]\n|\n|upkeep\n|\n|t:|1700588576\n|switch|p2a: Ninetales|Ninetales-Alola, M|87\/100\n|-weather|Snow|[from] ability: Snow Warning|[of] p2a: Ninetales\n|turn|58\n|\n|t:|1700588582\n|move|p1a: Dragapult|Shadow Ball|p2a: Ninetales\n|-damage|p2a: Ninetales|38\/100\n|move|p2a: Ninetales|Aurora Veil|p2a: Ninetales\n|-sidestart|p2: Mayooper|move: Aurora Veil\n|\n|-weather|Snow|[upkeep]\n|upkeep\n|turn|59\n|\n|t:|1700588592\n|move|p1a: Dragapult|Shadow Ball|p2a: Ninetales\n|-damage|p2a: Ninetales|0 fnt\n|faint|p2a: Ninetales\n|\n|-weather|Snow|[upkeep]\n|upkeep\n|\n|t:|1700588598\n|switch|p2a: Slowking|Slowking-Galar, M, shiny|89\/100 brn\n|turn|60\n|\n|t:|1700588605\n|move|p1a: Dragapult|Shadow Ball|p2a: Slowking\n|-supereffective|p2a: Slowking\n|-damage|p2a: Slowking|20\/100 brn\n|move|p2a: Slowking|Yawn|p1a: Dragapult\n|-start|p1a: Dragapult|move: Yawn|[of] p2a: Slowking\n|\n|-weather|Snow|[upkeep]\n|-damage|p2a: Slowking|14\/100 brn|[from] brn\n|upkeep\n|turn|61\n|-message|Mayooper forfeited.\n|\n|win|Classic Vitor\n|raw|Classic Vitor's rating: 1195 &rarr; <strong>1224<\/strong><br \/>(+29 for winning)\n|raw|Mayooper's rating: 1256 &rarr; <strong>1227<\/strong><br \/>(-29 for losing)\n|l|\u2606Mayooper\n","uploadtime":1700588622,"views":1,"p1id":"classicvitor","p2id":"mayooper","formatid":"gen9ou","rating":1224,"private":0,"password":""}