{"id":"gen9ou-1988308964","p1":"ACExDiscostu93","p2":"Jaskoubs","format":"[Gen 9] OU","log":"|j|\u2606ACExDiscostu93\n|j|\u2606Jaskoubs\n|t:|1699706057\n|gametype|singles\n|player|p1|ACExDiscostu93|volkner|1315\n|player|p2|Jaskoubs|unknown|1423\n|teamsize|p1|6\n|teamsize|p2|6\n|gen|9\n|tier|[Gen 9] OU\n|rated|\n|rule|Sleep Clause Mod: Limit one foe put to sleep\n|rule|Species Clause: Limit one of each Pok\u00e9mon\n|rule|OHKO Clause: OHKO moves are banned\n|rule|Evasion Items Clause: Evasion items are banned\n|rule|Evasion Moves Clause: Evasion moves are banned\n|rule|Endless Battle Clause: Forcing endless battles is banned\n|rule|HP Percentage Mod: HP is shown in percentages\n|clearpoke\n|poke|p1|Gliscor, F|\n|poke|p1|Gholdengo|\n|poke|p1|Ogerpon-Wellspring, F|\n|poke|p1|Dragapult, F|\n|poke|p1|Iron Moth|\n|poke|p1|Corviknight, M|\n|poke|p2|Ribombee, M|\n|poke|p2|Iron Moth|\n|poke|p2|Ogerpon-Wellspring, F|\n|poke|p2|Iron Valiant|\n|poke|p2|Gholdengo|\n|poke|p2|Great Tusk|\n|teampreview\n|\n|t:|1699706068\n|start\n|switch|p1a: Gliscor|Gliscor, F|100\/100\n|switch|p2a: Gholdengo|Gholdengo|100\/100\n|turn|1\n|\n|t:|1699706076\n|move|p1a: Gliscor|Protect|p1a: Gliscor\n|-singleturn|p1a: Gliscor|Protect\n|move|p2a: Gholdengo|Trick|p1a: Gliscor\n|-activate|p1a: Gliscor|move: Protect\n|\n|-status|p1a: Gliscor|tox|[from] item: Toxic Orb\n|upkeep\n|turn|2\n|inactive|Battle timer is ON: inactive players will automatically lose when time's up. (requested by Jaskoubs)\n|\n|t:|1699706096\n|switch|p2a: Ogerpon|Ogerpon-Wellspring, F|100\/100\n|switch|p1a: Gholdengo|Gholdengo|100\/100\n|-item|p1a: Gholdengo|Air Balloon\n|\n|upkeep\n|turn|3\n|\n|t:|1699706107\n|move|p2a: Ogerpon|Ivy Cudgel|p1a: Gholdengo\n|-damage|p1a: Gholdengo|48\/100\n|-enditem|p1a: Gholdengo|Air Balloon\n|move|p1a: Gholdengo|Shadow Ball|p2a: Ogerpon\n|-damage|p2a: Ogerpon|44\/100\n|-unboost|p2a: Ogerpon|spd|1\n|\n|upkeep\n|turn|4\n|\n|t:|1699706125\n|switch|p1a: Ogerpon|Ogerpon-Wellspring, F|100\/100\n|move|p2a: Ogerpon|Ivy Cudgel|p1a: Ogerpon\n|-immune|p1a: Ogerpon|[from] ability: Water Absorb\n|\n|upkeep\n|turn|5\n|\n|t:|1699706139\n|move|p2a: Ogerpon|Horn Leech|p1a: Ogerpon\n|-damage|p1a: Ogerpon|46\/100\n|-heal|p2a: Ogerpon|72\/100|[from] drain|[of] p1a: Ogerpon\n|move|p1a: Ogerpon|Trailblaze|p2a: Ogerpon\n|-damage|p2a: Ogerpon|26\/100\n|-boost|p1a: Ogerpon|spe|1\n|\n|upkeep\n|turn|6\n|\n|t:|1699706155\n|move|p1a: Ogerpon|Horn Leech|p2a: Ogerpon\n|-damage|p2a: Ogerpon|0 fnt\n|-heal|p1a: Ogerpon|59\/100|[from] drain|[of] p2a: Ogerpon\n|faint|p2a: Ogerpon\n|\n|upkeep\n|\n|t:|1699706167\n|switch|p2a: Ribombee|Ribombee, M|100\/100\n|turn|7\n|\n|t:|1699706174\n|move|p1a: Ogerpon|Ivy Cudgel|p2a: Ribombee\n|-enditem|p2a: Ribombee|Focus Sash\n|-damage|p2a: Ribombee|1\/100\n|move|p2a: Ribombee|Sticky Web|p1a: Ogerpon\n|-sidestart|p1: ACExDiscostu93|move: Sticky Web\n|\n|upkeep\n|turn|8\n|\n|t:|1699706187\n|move|p1a: Ogerpon|Horn Leech|p2a: Ribombee\n|-resisted|p2a: Ribombee\n|-damage|p2a: Ribombee|0 fnt\n|-heal|p1a: Ogerpon|59\/100|[from] drain|[of] p2a: Ribombee\n|faint|p2a: Ribombee\n|\n|upkeep\n|inactive|Jaskoubs has 120 seconds left.\n|\n|t:|1699706223\n|switch|p2a: Gholdengo|Gholdengo|100\/100\n|turn|9\n|inactive|Jaskoubs has 120 seconds left.\n|\n|t:|1699706235\n|-terastallize|p1a: Ogerpon|Water\n|detailschange|p1a: Ogerpon|Ogerpon-Wellspring-Tera, F, tera:Water\n|-ability|p1a: Ogerpon|Embody Aspect (Wellspring)|boost\n|-boost|p1a: Ogerpon|spd|1\n|move|p1a: Ogerpon|Ivy Cudgel|p2a: Gholdengo\n|-damage|p2a: Gholdengo|3\/100\n|move|p2a: Gholdengo|Shadow Ball|p1a: Ogerpon\n|-damage|p1a: Ogerpon|6\/100\n|\n|upkeep\n|turn|10\n|inactive|ACExDiscostu93 has 120 seconds left.\n|\n|t:|1699706277\n|move|p1a: Ogerpon|Ivy Cudgel|p2a: Gholdengo\n|-damage|p2a: Gholdengo|0 fnt\n|faint|p2a: Gholdengo\n|\n|upkeep\n|inactive|Jaskoubs has 120 seconds left.\n|inactive|Jaskoubs has 90 seconds left.\n|\n|t:|1699706319\n|switch|p2a: Iron Valiant|Iron Valiant|100\/100\n|turn|11\n|inactive|Jaskoubs has 90 seconds left.\n|\n|t:|1699706334\n|move|p1a: Ogerpon|Ivy Cudgel|p2a: Iron Valiant\n|-damage|p2a: Iron Valiant|0 fnt\n|faint|p2a: Iron Valiant\n|-end|p2a: Iron Valiant|Quark Drive|[silent]\n|\n|upkeep\n|-message|Jaskoubs forfeited.\n|\n|win|ACExDiscostu93\n|raw|ACExDiscostu93's rating: 1315 &rarr; <strong>1341<\/strong><br \/>(+26 for winning)\n|raw|Jaskoubs's rating: 1423 &rarr; <strong>1397<\/strong><br \/>(-26 for losing)\n|l|\u2606Jaskoubs\n","uploadtime":1699706395,"views":47,"p1id":"acexdiscostu93","p2id":"jaskoubs","formatid":"gen9ou","rating":1341,"private":0,"password":""}