{"id":"gen9ou-1998073352","p1":"deniz2323","p2":"mikejohns","format":"[Gen 9] OU","log":"|j|\u2606deniz2323\n|j|\u2606mikejohns\n|t:|1700887077\n|gametype|singles\n|player|p1|deniz2323|2|1680\n|player|p2|mikejohns|volkner|1532\n|teamsize|p1|6\n|teamsize|p2|6\n|gen|9\n|tier|[Gen 9] OU\n|rated|\n|rule|Sleep Clause Mod: Limit one foe put to sleep\n|rule|Species Clause: Limit one of each Pok\u00e9mon\n|rule|OHKO Clause: OHKO moves are banned\n|rule|Evasion Items Clause: Evasion items are banned\n|rule|Evasion Moves Clause: Evasion moves are banned\n|rule|Endless Battle Clause: Forcing endless battles is banned\n|rule|HP Percentage Mod: HP is shown in percentages\n|clearpoke\n|poke|p1|Great Tusk|\n|poke|p1|Samurott-Hisui, F|\n|poke|p1|Gholdengo|\n|poke|p1|Iron Valiant|\n|poke|p1|Zapdos|\n|poke|p1|Dragonite, M|\n|poke|p2|Amoonguss, F|\n|poke|p2|Garganacl, F|\n|poke|p2|Great Tusk|\n|poke|p2|Rillaboom, M|\n|poke|p2|Skeledirge, F|\n|poke|p2|Iron Valiant|\n|teampreview\n|inactive|Battle timer is ON: inactive players will automatically lose when time's up. (requested by mikejohns)\n|\n|t:|1700887097\n|start\n|switch|p1a: Zapdos|Zapdos|100\/100\n|switch|p2a: Amoonguss|Amoonguss, F|100\/100\n|turn|1\n|\n|t:|1700887103\n|switch|p2a: Skeledirge|Skeledirge, F|100\/100\n|move|p1a: Zapdos|Volt Switch|p2a: Skeledirge\n|-damage|p2a: Skeledirge|78\/100\n|\n|t:|1700887105\n|switch|p1a: Samurott|Samurott-Hisui, F|100\/100|[from] Volt Switch\n|\n|upkeep\n|turn|2\n|\n|t:|1700887110\n|switch|p2a: Amoonguss|Amoonguss, F|100\/100\n|move|p1a: Samurott|Ceaseless Edge|p2a: Amoonguss|[miss]\n|-miss|p1a: Samurott|p2a: Amoonguss\n|\n|upkeep\n|turn|3\n|\n|t:|1700887115\n|switch|p1a: Gholdengo|Gholdengo|100\/100\n|-item|p1a: Gholdengo|Air Balloon\n|move|p2a: Amoonguss|Giga Drain|p1a: Gholdengo\n|-resisted|p1a: Gholdengo\n|-damage|p1a: Gholdengo|87\/100\n|-enditem|p1a: Gholdengo|Air Balloon\n|\n|upkeep\n|turn|4\n|\n|t:|1700887123\n|switch|p2a: Skeledirge|Skeledirge, F|78\/100\n|move|p1a: Gholdengo|Shadow Ball|p2a: Skeledirge\n|-supereffective|p2a: Skeledirge\n|-damage|p2a: Skeledirge|7\/100\n|\n|upkeep\n|turn|5\n|\n|t:|1700887130\n|switch|p2a: Garganacl|Garganacl, F|100\/100\n|move|p1a: Gholdengo|Make It Rain|p2a: Garganacl\n|-supereffective|p2a: Garganacl\n|-damage|p2a: Garganacl|0 fnt\n|-unboost|p1a: Gholdengo|spa|1\n|faint|p2a: Garganacl\n|\n|upkeep\n|\n|t:|1700887137\n|switch|p2a: Great Tusk|Great Tusk|100\/100\n|turn|6\n|\n|t:|1700887141\n|switch|p1a: Zapdos|Zapdos|100\/100\n|move|p2a: Great Tusk|Stealth Rock|p1a: Zapdos\n|-sidestart|p1: deniz2323|move: Stealth Rock\n|\n|upkeep\n|turn|7\n|\n|t:|1700887146\n|-end|p2a: Great Tusk|Protosynthesis|[silent]\n|switch|p2a: Skeledirge|Skeledirge, F|7\/100\n|move|p1a: Zapdos|Hurricane|p2a: Skeledirge|[miss]\n|-miss|p1a: Zapdos|p2a: Skeledirge\n|\n|upkeep\n|turn|8\n|\n|t:|1700887149\n|move|p1a: Zapdos|Volt Switch|p2a: Skeledirge\n|-damage|p2a: Skeledirge|0 fnt\n|faint|p2a: Skeledirge\n|\n|t:|1700887157\n|switch|p1a: Dragonite|Dragonite, M|100\/100|[from] Volt Switch\n|\n|upkeep\n|\n|t:|1700887161\n|switch|p2a: Amoonguss|Amoonguss, F|100\/100\n|turn|9\n|\n|t:|1700887165\n|switch|p1a: Gholdengo|Gholdengo|87\/100\n|-damage|p1a: Gholdengo|81\/100|[from] Stealth Rock\n|move|p2a: Amoonguss|Foul Play|p1a: Gholdengo\n|-supereffective|p1a: Gholdengo\n|-damage|p1a: Gholdengo|60\/100\n|\n|upkeep\n|turn|10\n|\n|t:|1700887171\n|move|p1a: Gholdengo|Shadow Ball|p2a: Amoonguss\n|-damage|p2a: Amoonguss|59\/100\n|-unboost|p2a: Amoonguss|spd|1\n|move|p2a: Amoonguss|Foul Play|p1a: Gholdengo\n|-supereffective|p1a: Gholdengo\n|-damage|p1a: Gholdengo|38\/100\n|\n|upkeep\n|turn|11\n|\n|t:|1700887176\n|switch|p2a: Rillaboom|Rillaboom, M|100\/100\n|-fieldstart|move: Grassy Terrain|[from] ability: Grassy Surge|[of] p2a: Rillaboom\n|move|p1a: Gholdengo|Recover|p1a: Gholdengo\n|-heal|p1a: Gholdengo|88\/100\n|\n|-heal|p1a: Gholdengo|95\/100|[from] Grassy Terrain\n|upkeep\n|turn|12\n|\n|t:|1700887184\n|switch|p1a: Zapdos|Zapdos|100\/100\n|move|p2a: Rillaboom|Knock Off|p1a: Zapdos\n|-damage|p1a: Zapdos|49\/100\n|-enditem|p1a: Zapdos|Heavy-Duty Boots|[from] move: Knock Off|[of] p2a: Rillaboom\n|\n|upkeep\n|turn|13\n|\n|t:|1700887190\n|switch|p2a: Amoonguss|Amoonguss, F|93\/100\n|move|p1a: Zapdos|Roost|p1a: Zapdos\n|-heal|p1a: Zapdos|99\/100\n|-singleturn|p1a: Zapdos|move: Roost\n|\n|-heal|p1a: Zapdos|100\/100|[from] Grassy Terrain\n|-heal|p2a: Amoonguss|99\/100|[from] Grassy Terrain\n|upkeep\n|turn|14\n|\n|t:|1700887193\n|move|p1a: Zapdos|Hurricane|p2a: Amoonguss\n|-supereffective|p2a: Amoonguss\n|-damage|p2a: Amoonguss|12\/100\n|move|p2a: Amoonguss|Spore|p1a: Zapdos\n|-status|p1a: Zapdos|slp|[from] move: Spore\n|\n|-heal|p2a: Amoonguss|18\/100|[from] Grassy Terrain\n|upkeep\n|turn|15\n|\n|t:|1700887205\n|switch|p1a: Gholdengo|Gholdengo|95\/100\n|-damage|p1a: Gholdengo|88\/100|[from] Stealth Rock\n|switch|p2a: Great Tusk|Great Tusk|100\/100\n|\n|-heal|p1a: Gholdengo|95\/100|[from] Grassy Terrain\n|-fieldend|move: Grassy Terrain\n|upkeep\n|turn|16\n|\n|t:|1700887211\n|switch|p1a: Zapdos|Zapdos|100\/100 slp\n|-damage|p1a: Zapdos|76\/100 slp|[from] Stealth Rock\n|move|p2a: Great Tusk|Headlong Rush|p1a: Zapdos\n|-immune|p1a: Zapdos\n|\n|upkeep\n|turn|17\n|\n|t:|1700887215\n|cant|p1a: Zapdos|slp\n|move|p2a: Great Tusk|Rapid Spin|p1a: Zapdos\n|-damage|p1a: Zapdos|58\/100 slp\n|-boost|p2a: Great Tusk|spe|1\n|\n|upkeep\n|turn|18\n|\n|t:|1700887217\n|move|p2a: Great Tusk|Ice Spinner|p1a: Zapdos\n|-supereffective|p1a: Zapdos\n|-damage|p1a: Zapdos|3\/100 slp\n|cant|p1a: Zapdos|slp\n|\n|upkeep\n|turn|19\n|\n|t:|1700887222\n|move|p2a: Great Tusk|Rapid Spin|p1a: Zapdos\n|-damage|p1a: Zapdos|0 fnt\n|-boost|p2a: Great Tusk|spe|1\n|-status|p2a: Great Tusk|par|[from] ability: Static|[of] p1a: Zapdos\n|faint|p1a: Zapdos\n|\n|upkeep\n|\n|t:|1700887226\n|switch|p1a: Iron Valiant|Iron Valiant|100\/100\n|-damage|p1a: Iron Valiant|94\/100|[from] Stealth Rock\n|-enditem|p1a: Iron Valiant|Booster Energy\n|-activate|p1a: Iron Valiant|ability: Quark Drive|[fromitem]\n|-start|p1a: Iron Valiant|quarkdrivespe\n|turn|20\n|\n|t:|1700887230\n|-end|p2a: Great Tusk|Protosynthesis|[silent]\n|switch|p2a: Amoonguss|Amoonguss, F|51\/100\n|move|p1a: Iron Valiant|Moonblast|p2a: Amoonguss\n|-resisted|p2a: Amoonguss\n|-damage|p2a: Amoonguss|31\/100\n|\n|upkeep\n|turn|21\n|\n|t:|1700887236\n|move|p1a: Iron Valiant|Shadow Ball|p2a: Amoonguss\n|-damage|p2a: Amoonguss|6\/100\n|move|p2a: Amoonguss|Giga Drain|p1a: Iron Valiant\n|-damage|p1a: Iron Valiant|45\/100\n|-heal|p2a: Amoonguss|22\/100|[from] drain|[of] p1a: Iron Valiant\n|\n|upkeep\n|turn|22\n|\n|t:|1700887244\n|move|p1a: Iron Valiant|Shadow Ball|p2a: Amoonguss\n|-damage|p2a: Amoonguss|0 fnt\n|faint|p2a: Amoonguss\n|\n|upkeep\n|\n|t:|1700887247\n|switch|p2a: Rillaboom|Rillaboom, M|100\/100\n|-fieldstart|move: Grassy Terrain|[from] ability: Grassy Surge|[of] p2a: Rillaboom\n|turn|23\n|\n|t:|1700887254\n|-end|p1a: Iron Valiant|Quark Drive|[silent]\n|switch|p1a: Dragonite|Dragonite, M|100\/100\n|move|p2a: Rillaboom|Grassy Glide|p1a: Dragonite\n|-resisted|p1a: Dragonite\n|-damage|p1a: Dragonite|93\/100\n|\n|upkeep\n|turn|24\n|\n|t:|1700887257\n|switch|p2a: Great Tusk|Great Tusk|100\/100 par\n|move|p1a: Dragonite|Hurricane|p2a: Great Tusk\n|-supereffective|p2a: Great Tusk\n|-damage|p2a: Great Tusk|0 fnt\n|faint|p2a: Great Tusk\n|-end|p2a: Great Tusk|Protosynthesis|[silent]\n|\n|upkeep\n|\n|t:|1700887259\n|switch|p2a: Iron Valiant|Iron Valiant|100\/100\n|-enditem|p2a: Iron Valiant|Booster Energy\n|-activate|p2a: Iron Valiant|ability: Quark Drive|[fromitem]\n|-start|p2a: Iron Valiant|quarkdrivespe\n|turn|25\n|\n|t:|1700887277\n|switch|p1a: Iron Valiant|Iron Valiant|45\/100\n|-damage|p1a: Iron Valiant|39\/100|[from] Stealth Rock\n|move|p2a: Iron Valiant|Moonblast|p1a: Iron Valiant\n|-supereffective|p1a: Iron Valiant\n|-damage|p1a: Iron Valiant|0 fnt\n|faint|p1a: Iron Valiant\n|-end|p1a: Iron Valiant|Quark Drive|[silent]\n|\n|upkeep\n|\n|t:|1700887283\n|switch|p1a: Dragonite|Dragonite, M|93\/100\n|turn|26\n|\n|t:|1700887287\n|-terastallize|p2a: Iron Valiant|Steel\n|-terastallize|p1a: Dragonite|Normal\n|move|p1a: Dragonite|Extreme Speed|p2a: Iron Valiant\n|-resisted|p2a: Iron Valiant\n|-damage|p2a: Iron Valiant|68\/100\n|move|p2a: Iron Valiant|Moonblast|p1a: Dragonite\n|-damage|p1a: Dragonite|37\/100\n|-unboost|p1a: Dragonite|spa|1\n|\n|-heal|p2a: Iron Valiant|75\/100|[from] Grassy Terrain\n|-heal|p1a: Dragonite|43\/100|[from] Grassy Terrain\n|upkeep\n|turn|27\n|\n|t:|1700887295\n|move|p2a: Iron Valiant|Moonblast|p1a: Dragonite\n|-damage|p1a: Dragonite|0 fnt\n|faint|p1a: Dragonite\n|\n|-heal|p2a: Iron Valiant|81\/100|[from] Grassy Terrain\n|-fieldend|move: Grassy Terrain\n|upkeep\n|\n|t:|1700887300\n|switch|p1a: Gholdengo|Gholdengo|95\/100\n|-damage|p1a: Gholdengo|88\/100|[from] Stealth Rock\n|turn|28\n|\n|t:|1700887304\n|move|p2a: Iron Valiant|Thunderbolt|p1a: Gholdengo\n|-damage|p1a: Gholdengo|55\/100\n|move|p1a: Gholdengo|Shadow Ball|p2a: Iron Valiant\n|-damage|p2a: Iron Valiant|0 fnt\n|faint|p2a: Iron Valiant\n|-end|p2a: Iron Valiant|Quark Drive|[silent]\n|\n|upkeep\n|\n|t:|1700887306\n|switch|p2a: Rillaboom|Rillaboom, M|100\/100\n|-fieldstart|move: Grassy Terrain|[from] ability: Grassy Surge|[of] p2a: Rillaboom\n|turn|29\n|\n|t:|1700887313\n|move|p2a: Rillaboom|Wood Hammer|p1a: Gholdengo\n|-resisted|p1a: Gholdengo\n|-damage|p1a: Gholdengo|0 fnt\n|faint|p1a: Gholdengo\n|-damage|p2a: Rillaboom|83\/100|[from] Recoil\n|\n|-heal|p2a: Rillaboom|89\/100|[from] Grassy Terrain\n|upkeep\n|\n|t:|1700887317\n|switch|p1a: Great Tusk|Great Tusk|100\/100\n|turn|30\n|\n|t:|1700887321\n|move|p2a: Rillaboom|Wood Hammer|p1a: Great Tusk\n|-supereffective|p1a: Great Tusk\n|-damage|p1a: Great Tusk|0 fnt\n|faint|p1a: Great Tusk\n|-end|p1a: Great Tusk|Protosynthesis|[silent]\n|-damage|p2a: Rillaboom|50\/100|[from] Recoil\n|\n|-heal|p2a: Rillaboom|56\/100|[from] Grassy Terrain\n|upkeep\n|\n|t:|1700887324\n|switch|p1a: Samurott|Samurott-Hisui, F|100\/100\n|-damage|p1a: Samurott|88\/100|[from] Stealth Rock\n|turn|31\n|\n|t:|1700887328\n|move|p1a: Samurott|Sucker Punch|p2a: Rillaboom\n|-damage|p2a: Rillaboom|16\/100\n|move|p2a: Rillaboom|Wood Hammer|p1a: Samurott\n|-supereffective|p1a: Samurott\n|-damage|p1a: Samurott|0 fnt\n|faint|p1a: Samurott\n|-damage|p2a: Rillaboom|0 fnt|[from] Recoil\n|faint|p2a: Rillaboom\n|\n|win|mikejohns\n|raw|deniz2323's rating: 1680 &rarr; <strong>1652<\/strong><br \/>(-28 for losing)\n|raw|mikejohns's rating: 1532 &rarr; <strong>1560<\/strong><br \/>(+28 for winning)\n|l|\u2606deniz2323\n","uploadtime":1700887342,"views":1,"p1id":"deniz2323","p2id":"mikejohns","formatid":"gen9ou","rating":1560,"private":0,"password":""}