{"id":"gen9ou-1994750991","p1":"Zergut","p2":"Lightx4","format":"[Gen 9] OU","log":"|j|\u2606Zergut\n|j|\u2606Lightx4\n|t:|1700489042\n|gametype|singles\n|player|p1|Zergut|falkner|1331\n|player|p2|Lightx4|elesa|1271\n|teamsize|p1|6\n|teamsize|p2|6\n|gen|9\n|tier|[Gen 9] OU\n|rated|\n|rule|Sleep Clause Mod: Limit one foe put to sleep\n|rule|Species Clause: Limit one of each Pok\u00e9mon\n|rule|OHKO Clause: OHKO moves are banned\n|rule|Evasion Items Clause: Evasion items are banned\n|rule|Evasion Moves Clause: Evasion moves are banned\n|rule|Endless Battle Clause: Forcing endless battles is banned\n|rule|HP Percentage Mod: HP is shown in percentages\n|clearpoke\n|poke|p1|Staraptor, M|\n|poke|p1|Landorus-Therian, M|\n|poke|p1|Gholdengo|\n|poke|p1|Cinderace, F|\n|poke|p1|Iron Valiant|\n|poke|p1|Clefable, F|\n|poke|p2|Maushold|\n|poke|p2|Kingambit, M|\n|poke|p2|Garganacl, F|\n|poke|p2|Amoonguss, M|\n|poke|p2|Weavile, F|\n|poke|p2|Hydreigon, M|\n|teampreview\n|inactive|Battle timer is ON: inactive players will automatically lose when time's up. (requested by Lightx4)\n|\n|t:|1700489048\n|start\n|switch|p1a: Landorus|Landorus-Therian, M|100\/100\n|switch|p2a: Hydreigon|Hydreigon, M|100\/100\n|-ability|p1a: Landorus|Intimidate|boost\n|-unboost|p2a: Hydreigon|atk|1\n|turn|1\n|\n|t:|1700489054\n|-terastallize|p2a: Hydreigon|Fairy\n|move|p1a: Landorus|U-turn|p2a: Hydreigon\n|-resisted|p2a: Hydreigon\n|-damage|p2a: Hydreigon|85\/100\n|\n|t:|1700489060\n|switch|p1a: Gholdengo|Gholdengo|100\/100|[from] U-turn\n|move|p2a: Hydreigon|Focus Energy|p2a: Hydreigon\n|-start|p2a: Hydreigon|move: Focus Energy\n|\n|upkeep\n|turn|2\n|\n|t:|1700489068\n|-terastallize|p1a: Gholdengo|Flying\n|move|p2a: Hydreigon|Dark Pulse|p1a: Gholdengo\n|-crit|p1a: Gholdengo\n|-damage|p1a: Gholdengo|43\/100\n|move|p1a: Gholdengo|Make It Rain|p2a: Hydreigon\n|-supereffective|p2a: Hydreigon\n|-damage|p2a: Hydreigon|0 fnt\n|-unboost|p1a: Gholdengo|spa|1\n|faint|p2a: Hydreigon\n|\n|-heal|p1a: Gholdengo|49\/100|[from] item: Leftovers\n|upkeep\n|\n|t:|1700489084\n|switch|p2a: Weavile|Weavile, F|100\/100\n|-ability|p2a: Weavile|Pressure\n|turn|3\n|\n|t:|1700489090\n|switch|p1a: Clefable|Clefable, F|100\/100\n|move|p2a: Weavile|Ice Spinner|p1a: Clefable\n|-damage|p1a: Clefable|63\/100\n|\n|upkeep\n|turn|4\n|\n|t:|1700489100\n|switch|p2a: Garganacl|Garganacl, F|100\/100\n|move|p1a: Clefable|Moonblast|p2a: Garganacl\n|-damage|p2a: Garganacl|68\/100\n|\n|-heal|p2a: Garganacl|75\/100|[from] item: Leftovers\n|upkeep\n|turn|5\n|\n|t:|1700489108\n|move|p1a: Clefable|Calm Mind|p1a: Clefable\n|-boost|p1a: Clefable|spa|1\n|-boost|p1a: Clefable|spd|1\n|move|p2a: Garganacl|Iron Defense|p2a: Garganacl\n|-boost|p2a: Garganacl|def|2\n|\n|-heal|p2a: Garganacl|81\/100|[from] item: Leftovers\n|upkeep\n|turn|6\n|\n|t:|1700489115\n|move|p1a: Clefable|Calm Mind|p1a: Clefable\n|-boost|p1a: Clefable|spa|1\n|-boost|p1a: Clefable|spd|1\n|move|p2a: Garganacl|Salt Cure|p1a: Clefable\n|-damage|p1a: Clefable|51\/100\n|-start|p1a: Clefable|Salt Cure\n|\n|-heal|p2a: Garganacl|87\/100|[from] item: Leftovers\n|upkeep\n|turn|7\n|\n|t:|1700489122\n|move|p1a: Clefable|Wish|p1a: Clefable\n|move|p2a: Garganacl|Recover|p2a: Garganacl\n|-heal|p2a: Garganacl|100\/100\n|\n|upkeep\n|turn|8\n|\n|t:|1700489127\n|move|p1a: Clefable|Calm Mind|p1a: Clefable\n|-boost|p1a: Clefable|spa|1\n|-boost|p1a: Clefable|spd|1\n|move|p2a: Garganacl|Iron Defense|p2a: Garganacl\n|-boost|p2a: Garganacl|def|2\n|\n|-heal|p1a: Clefable|100\/100|[from] move: Wish|[wisher] Clefable\n|upkeep\n|turn|9\n|\n|t:|1700489136\n|move|p1a: Clefable|Moonblast|p2a: Garganacl\n|-damage|p2a: Garganacl|26\/100\n|move|p2a: Garganacl|Recover|p2a: Garganacl\n|-heal|p2a: Garganacl|76\/100\n|\n|-heal|p2a: Garganacl|82\/100|[from] item: Leftovers\n|upkeep\n|turn|10\n|\n|t:|1700489147\n|switch|p2a: Amoonguss|Amoonguss, M, shiny|100\/100\n|move|p1a: Clefable|Moonblast|p2a: Amoonguss\n|-resisted|p2a: Amoonguss\n|-damage|p2a: Amoonguss|44\/100\n|-enditem|p2a: Amoonguss|Red Card|[of] p1a: Clefable\n|drag|p1a: Staraptor|Staraptor, M|100\/100\n|\n|upkeep\n|turn|11\n|\n|t:|1700489156\n|switch|p2a: Garganacl|Garganacl, F|82\/100\n|move|p1a: Staraptor|Brave Bird|p2a: Garganacl\n|-resisted|p2a: Garganacl\n|-damage|p2a: Garganacl|59\/100\n|-damage|p1a: Staraptor|90\/100|[from] Recoil\n|\n|-heal|p2a: Garganacl|65\/100|[from] item: Leftovers\n|upkeep\n|turn|12\n|\n|t:|1700489166\n|switch|p1a: Clefable|Clefable, F|100\/100\n|move|p2a: Garganacl|Recover|p2a: Garganacl\n|-heal|p2a: Garganacl|100\/100\n|\n|upkeep\n|turn|13\n|\n|t:|1700489171\n|switch|p2a: Maushold|Maushold|100\/100\n|move|p1a: Clefable|Calm Mind|p1a: Clefable\n|-boost|p1a: Clefable|spa|1\n|-boost|p1a: Clefable|spd|1\n|\n|upkeep\n|turn|14\n|\n|t:|1700489179\n|move|p2a: Maushold|Encore|p1a: Clefable\n|-start|p1a: Clefable|Encore\n|move|p1a: Clefable|Calm Mind|p1a: Clefable\n|-boost|p1a: Clefable|spa|1\n|-boost|p1a: Clefable|spd|1\n|\n|upkeep\n|turn|15\n|\n|t:|1700489194\n|switch|p1a: Staraptor|Staraptor, M|90\/100\n|move|p2a: Maushold|Tidy Up|p2a: Maushold\n|-boost|p2a: Maushold|atk|1\n|-boost|p2a: Maushold|spe|1\n|\n|upkeep\n|turn|16\n|\n|t:|1700489201\n|move|p2a: Maushold|Population Bomb|p1a: Staraptor\n|-crit|p1a: Staraptor\n|-damage|p1a: Staraptor|53\/100\n|-damage|p1a: Staraptor|29\/100\n|-damage|p1a: Staraptor|4\/100\n|-damage|p1a: Staraptor|0 fnt\n|faint|p1a: Staraptor\n|-hitcount|p1: Staraptor|4\n|\n|upkeep\n|\n|t:|1700489211\n|switch|p1a: Iron Valiant|Iron Valiant|100\/100\n|-enditem|p1a: Iron Valiant|Booster Energy\n|-activate|p1a: Iron Valiant|ability: Quark Drive|[fromitem]\n|-start|p1a: Iron Valiant|quarkdrivespe\n|turn|17\n|\n|t:|1700489217\n|move|p1a: Iron Valiant|Aura Sphere|p2a: Maushold\n|-supereffective|p2a: Maushold\n|-damage|p2a: Maushold|0 fnt\n|faint|p2a: Maushold\n|\n|upkeep\n|\n|t:|1700489227\n|switch|p2a: Garganacl|Garganacl, F|100\/100\n|turn|18\n|\n|t:|1700489232\n|move|p1a: Iron Valiant|Aura Sphere|p2a: Garganacl\n|-supereffective|p2a: Garganacl\n|-damage|p2a: Garganacl|49\/100\n|move|p2a: Garganacl|Salt Cure|p1a: Iron Valiant\n|-resisted|p1a: Iron Valiant\n|-damage|p1a: Iron Valiant|92\/100\n|-start|p1a: Iron Valiant|Salt Cure\n|\n|-heal|p2a: Garganacl|55\/100|[from] item: Leftovers\n|-damage|p1a: Iron Valiant|80\/100|[from] Salt Cure\n|upkeep\n|turn|19\n|\n|t:|1700489241\n|move|p1a: Iron Valiant|Aura Sphere|p2a: Garganacl\n|-supereffective|p2a: Garganacl\n|-damage|p2a: Garganacl|0 fnt\n|faint|p2a: Garganacl\n|\n|-damage|p1a: Iron Valiant|67\/100|[from] Salt Cure\n|upkeep\n|\n|t:|1700489249\n|switch|p2a: Amoonguss|Amoonguss, M, shiny|77\/100\n|turn|20\n|\n|t:|1700489253\n|move|p1a: Iron Valiant|Moonblast|p2a: Amoonguss\n|-resisted|p2a: Amoonguss\n|-damage|p2a: Amoonguss|55\/100\n|move|p2a: Amoonguss|Spore|p1a: Iron Valiant\n|-status|p1a: Iron Valiant|slp|[from] move: Spore\n|\n|-damage|p1a: Iron Valiant|55\/100 slp|[from] Salt Cure\n|upkeep\n|turn|21\n|\n|t:|1700489261\n|-end|p1a: Iron Valiant|Quark Drive|[silent]\n|switch|p1a: Cinderace|Cinderace, F|100\/100\n|switch|p2a: Weavile|Weavile, F|100\/100\n|-ability|p2a: Weavile|Pressure\n|\n|upkeep\n|turn|22\n|\n|t:|1700489272\n|move|p2a: Weavile|Knock Off|p1a: Cinderace\n|-damage|p1a: Cinderace|45\/100\n|-enditem|p1a: Cinderace|Heavy-Duty Boots|[from] move: Knock Off|[of] p2a: Weavile\n|move|p1a: Cinderace|Pyro Ball|p2a: Weavile\n|-supereffective|p2a: Weavile\n|-damage|p2a: Weavile|0 fnt\n|faint|p2a: Weavile\n|\n|upkeep\n|\n|t:|1700489278\n|switch|p2a: Kingambit|Kingambit, M|100\/100\n|-activate|p2a: Kingambit|ability: Supreme Overlord\n|-start|p2a: Kingambit|fallen4|[silent]\n|turn|23\n|\n|t:|1700489285\n|move|p2a: Kingambit|Sucker Punch||[still]\n|-fail|p2a: Kingambit\n|move|p1a: Cinderace|Will-O-Wisp|p2a: Kingambit\n|-status|p2a: Kingambit|brn\n|\n|-damage|p2a: Kingambit|94\/100 brn|[from] brn\n|upkeep\n|turn|24\n|\n|t:|1700489294\n|move|p2a: Kingambit|Sucker Punch|p1a: Cinderace\n|-damage|p1a: Cinderace|12\/100\n|move|p1a: Cinderace|Pyro Ball|p2a: Kingambit|[miss]\n|-miss|p1a: Cinderace|p2a: Kingambit\n|\n|-heal|p2a: Kingambit|100\/100 brn|[from] item: Leftovers\n|-damage|p2a: Kingambit|94\/100 brn|[from] brn\n|upkeep\n|turn|25\n|\n|t:|1700489302\n|move|p1a: Cinderace|Sucker Punch|p2a: Kingambit\n|-resisted|p2a: Kingambit\n|-damage|p2a: Kingambit|86\/100 brn\n|move|p2a: Kingambit|Sucker Punch||[still]\n|-fail|p2a: Kingambit\n|\n|-heal|p2a: Kingambit|92\/100 brn|[from] item: Leftovers\n|-damage|p2a: Kingambit|86\/100 brn|[from] brn\n|upkeep\n|turn|26\n|\n|t:|1700489310\n|move|p2a: Kingambit|Sucker Punch|p1a: Cinderace\n|-damage|p1a: Cinderace|0 fnt\n|faint|p1a: Cinderace\n|\n|-heal|p2a: Kingambit|92\/100 brn|[from] item: Leftovers\n|-damage|p2a: Kingambit|86\/100 brn|[from] brn\n|upkeep\n|\n|t:|1700489316\n|switch|p1a: Landorus|Landorus-Therian, M|100\/100\n|-ability|p1a: Landorus|Intimidate|boost\n|-unboost|p2a: Kingambit|atk|1\n|turn|27\n|\n|t:|1700489320\n|-end|p2a: Kingambit|fallen4|[silent]\n|switch|p2a: Amoonguss|Amoonguss, M, shiny|88\/100\n|move|p1a: Landorus|Earthquake|p2a: Amoonguss\n|-damage|p2a: Amoonguss|44\/100\n|\n|upkeep\n|turn|28\n|\n|t:|1700489329\n|move|p1a: Landorus|Earthquake|p2a: Amoonguss\n|-damage|p2a: Amoonguss|7\/100\n|move|p2a: Amoonguss|Foul Play|p1a: Landorus\n|-damage|p1a: Landorus|58\/100\n|\n|upkeep\n|turn|29\n|\n|t:|1700489335\n|move|p1a: Landorus|Earthquake|p2a: Amoonguss\n|-damage|p2a: Amoonguss|0 fnt\n|faint|p2a: Amoonguss\n|\n|upkeep\n|\n|t:|1700489336\n|switch|p2a: Kingambit|Kingambit, M|86\/100 brn\n|-activate|p2a: Kingambit|ability: Supreme Overlord\n|-start|p2a: Kingambit|fallen5|[silent]\n|turn|30\n|\n|t:|1700489342\n|move|p2a: Kingambit|Sucker Punch|p1a: Landorus\n|-damage|p1a: Landorus|25\/100\n|move|p1a: Landorus|Earthquake|p2a: Kingambit\n|-supereffective|p2a: Kingambit\n|-damage|p2a: Kingambit|0 fnt\n|faint|p2a: Kingambit\n|-end|p2a: Kingambit|fallen5|[silent]\n|\n|win|Zergut\n|raw|Zergut's rating: 1331 &rarr; <strong>1348<\/strong><br \/>(+17 for winning)\n|raw|Lightx4's rating: 1271 &rarr; <strong>1250<\/strong><br \/>(-21 for losing)\n|l|\u2606Lightx4\n","uploadtime":1700489355,"views":4,"p1id":"zergut","p2id":"lightx4","formatid":"gen9ou","rating":1250,"private":0,"password":""}