{"id":"gen9ou-1998345266","p1":"Alayashiki","p2":"GettingSlurped","format":"[Gen 9] OU","log":"|j|\u2606Alayashiki\n|j|\u2606GettingSlurped\n|t:|1700931929\n|gametype|singles\n|player|p1|Alayashiki|malva|1249\n|player|p2|GettingSlurped|265|1221\n|teamsize|p1|6\n|teamsize|p2|6\n|gen|9\n|tier|[Gen 9] OU\n|rated|\n|rule|Sleep Clause Mod: Limit one foe put to sleep\n|rule|Species Clause: Limit one of each Pok\u00e9mon\n|rule|OHKO Clause: OHKO moves are banned\n|rule|Evasion Items Clause: Evasion items are banned\n|rule|Evasion Moves Clause: Evasion moves are banned\n|rule|Endless Battle Clause: Forcing endless battles is banned\n|rule|HP Percentage Mod: HP is shown in percentages\n|clearpoke\n|poke|p1|Samurott-Hisui, F|\n|poke|p1|Zapdos|\n|poke|p1|Kleavor, F|\n|poke|p1|Gholdengo|\n|poke|p1|Kingambit, F|\n|poke|p1|Hatterene, F|\n|poke|p2|Sandy Shocks|\n|poke|p2|Rillaboom, F|\n|poke|p2|Ninetales-Alola, M|\n|poke|p2|Heatran, M|\n|poke|p2|Kingambit, F|\n|poke|p2|Drifblim, F|\n|teampreview\n|\n|t:|1700931943\n|start\n|switch|p1a: John|Kleavor, F|100\/100\n|switch|p2a: Sandy Shocks|Sandy Shocks|100\/100\n|turn|1\n|\n|t:|1700931953\n|move|p1a: John|U-turn|p2a: Sandy Shocks\n|-damage|p2a: Sandy Shocks|56\/100\n|\n|t:|1700931956\n|switch|p1a: Hatred|Hatterene, F|100\/100|[from] U-turn\n|move|p2a: Sandy Shocks|Volt Switch|p1a: Hatred\n|-damage|p1a: Hatred|62\/100\n|\n|t:|1700931962\n|-end|p2a: Sandy Shocks|Protosynthesis|[silent]\n|switch|p2a: Heatran|Heatran, M|100\/100|[from] Volt Switch\n|\n|-heal|p1a: Hatred|68\/100|[from] item: Leftovers\n|upkeep\n|turn|2\n|\n|t:|1700931996\n|-terastallize|p1a: Hatred|Water\n|move|p2a: Heatran|Magma Storm|p1a: Hatred\n|-resisted|p1a: Hatred\n|-damage|p1a: Hatred|39\/100\n|-activate|p1a: Hatred|move: Magma Storm|[of] p2a: Heatran\n|move|p1a: Hatred|Calm Mind|p1a: Hatred\n|-boost|p1a: Hatred|spa|1\n|-boost|p1a: Hatred|spd|1\n|\n|-heal|p1a: Hatred|45\/100|[from] item: Leftovers\n|-damage|p1a: Hatred|33\/100|[from] move: Magma Storm|[partiallytrapped]\n|upkeep\n|turn|3\n|\n|t:|1700932013\n|switch|p2a: Rillaboom|Rillaboom, F|100\/100\n|-fieldstart|move: Grassy Terrain|[from] ability: Grassy Surge|[of] p2a: Rillaboom\n|move|p1a: Hatred|Psyshock|p2a: Rillaboom\n|-crit|p2a: Rillaboom\n|-damage|p2a: Rillaboom|23\/100\n|\n|-heal|p2a: Rillaboom|29\/100|[from] Grassy Terrain\n|-heal|p1a: Hatred|39\/100|[from] Grassy Terrain\n|-heal|p1a: Hatred|45\/100|[from] item: Leftovers\n|-end|p1a: Hatred|Magma Storm|[partiallytrapped]|[silent]\n|upkeep\n|turn|4\n|\n|t:|1700932018\n|switch|p1a: Bitch 1|Zapdos|100\/100\n|move|p2a: Rillaboom|Wood Hammer|p1a: Bitch 1\n|-resisted|p1a: Bitch 1\n|-damage|p1a: Bitch 1|52\/100\n|-damage|p2a: Rillaboom|16\/100|[from] Recoil\n|\n|-heal|p2a: Rillaboom|22\/100|[from] Grassy Terrain\n|upkeep\n|turn|5\n|\n|t:|1700932040\n|switch|p2a: Ninetales|Ninetales-Alola, M|100\/100\n|-weather|Snow|[from] ability: Snow Warning|[of] p2a: Ninetales\n|move|p1a: Bitch 1|Hurricane|p2a: Ninetales|[miss]\n|-miss|p1a: Bitch 1|p2a: Ninetales\n|\n|-weather|Snow|[upkeep]\n|upkeep\n|turn|6\n|\n|t:|1700932054\n|move|p2a: Ninetales|Aurora Veil|p2a: Ninetales\n|-sidestart|p2: GettingSlurped|move: Aurora Veil\n|move|p1a: Bitch 1|Roost|p1a: Bitch 1\n|-heal|p1a: Bitch 1|100\/100\n|-singleturn|p1a: Bitch 1|move: Roost\n|\n|-weather|Snow|[upkeep]\n|upkeep\n|turn|7\n|\n|t:|1700932065\n|switch|p1a: Bitch 2|Gholdengo|100\/100\n|move|p2a: Ninetales|Encore|p1a: Bitch 2\n|-immune|p1a: Bitch 2|[from] ability: Good as Gold\n|\n|-weather|Snow|[upkeep]\n|upkeep\n|turn|8\n|inactive|Battle timer is ON: inactive players will automatically lose when time's up. (requested by GettingSlurped)\n|\n|t:|1700932088\n|switch|p2a: Heatran|Heatran, M|100\/100\n|switch|p1a: Muramasa|Samurott-Hisui, F, shiny|100\/100\n|\n|-weather|Snow|[upkeep]\n|upkeep\n|turn|9\n|\n|t:|1700932107\n|switch|p2a: Ninetales|Ninetales-Alola, M|100\/100\n|move|p1a: Muramasa|Ceaseless Edge|p2a: Ninetales\n|-resisted|p2a: Ninetales\n|-damage|p2a: Ninetales|87\/100\n|-sidestart|p2: GettingSlurped|Spikes\n|\n|-weather|none\n|-heal|p2a: Ninetales|93\/100|[from] Grassy Terrain\n|upkeep\n|turn|10\n|\n|t:|1700932119\n|switch|p1a: Bitch 2|Gholdengo|100\/100\n|move|p2a: Ninetales|Moonblast|p1a: Bitch 2\n|-resisted|p1a: Bitch 2\n|-damage|p1a: Bitch 2|84\/100\n|\n|-heal|p2a: Ninetales|99\/100|[from] Grassy Terrain\n|-heal|p1a: Bitch 2|90\/100|[from] Grassy Terrain\n|-fieldend|move: Grassy Terrain\n|upkeep\n|turn|11\n|\n|t:|1700932129\n|switch|p2a: Kingambit|Kingambit, F|100\/100\n|-damage|p2a: Kingambit|88\/100|[from] Spikes\n|switch|p1a: Muramasa|Samurott-Hisui, F, shiny|100\/100\n|\n|-heal|p2a: Kingambit|94\/100|[from] item: Leftovers\n|upkeep\n|turn|12\n|\n|t:|1700932139\n|-end|p2a: Kingambit|fallenundefined|[silent]\n|switch|p2a: Ninetales|Ninetales-Alola, M|99\/100\n|-damage|p2a: Ninetales|87\/100|[from] Spikes\n|-weather|Snow|[from] ability: Snow Warning|[of] p2a: Ninetales\n|move|p1a: Muramasa|Flip Turn|p2a: Ninetales\n|-damage|p2a: Ninetales|70\/100\n|\n|t:|1700932149\n|switch|p1a: John|Kleavor, F|100\/100|[from] Flip Turn\n|\n|-weather|Snow|[upkeep]\n|upkeep\n|turn|13\n|\n|t:|1700932165\n|switch|p2a: Kingambit|Kingambit, F|94\/100\n|-damage|p2a: Kingambit|82\/100|[from] Spikes\n|move|p1a: John|Stone Axe|p2a: Kingambit\n|-resisted|p2a: Kingambit\n|-damage|p2a: Kingambit|72\/100\n|-sidestart|p2: GettingSlurped|move: Stealth Rock\n|\n|-weather|Snow|[upkeep]\n|-heal|p2a: Kingambit|78\/100|[from] item: Leftovers\n|-sideend|p2: GettingSlurped|move: Aurora Veil\n|upkeep\n|turn|14\n|\n|t:|1700932184\n|switch|p1a: Muramasa|Samurott-Hisui, F, shiny|100\/100\n|move|p2a: Kingambit|Iron Head|p1a: Muramasa\n|-resisted|p1a: Muramasa\n|-damage|p1a: Muramasa|68\/100\n|\n|-weather|Snow|[upkeep]\n|-heal|p2a: Kingambit|84\/100|[from] item: Leftovers\n|upkeep\n|turn|15\n|\n|t:|1700932195\n|-end|p2a: Kingambit|fallenundefined|[silent]\n|switch|p2a: Rillaboom|Rillaboom, F|22\/100\n|-damage|p2a: Rillaboom|10\/100|[from] Spikes\n|-damage|p2a: Rillaboom|0 fnt|[from] Stealth Rock\n|faint|p2a: Rillaboom\n|move|p1a: Muramasa|Ceaseless Edge|p2: Rillaboom|[notarget]\n|-fail|p1a: Muramasa\n|\n|-weather|Snow|[upkeep]\n|upkeep\n|\n|t:|1700932205\n|switch|p2a: Sandy Shocks|Sandy Shocks|56\/100\n|turn|16\n|\n|t:|1700932215\n|switch|p1a: Hatred|Hatterene, F, tera:Water|45\/100\n|move|p2a: Sandy Shocks|Volt Switch|p1a: Hatred\n|-supereffective|p1a: Hatred\n|-crit|p1a: Hatred\n|-damage|p1a: Hatred|0 fnt\n|faint|p1a: Hatred\n|\n|t:|1700932219\n|-end|p2a: Sandy Shocks|Protosynthesis|[silent]\n|switch|p2a: Ninetales|Ninetales-Alola, M|70\/100|[from] Volt Switch\n|-damage|p2a: Ninetales|58\/100|[from] Spikes\n|-damage|p2a: Ninetales|33\/100|[from] Stealth Rock\n|\n|-weather|none\n|upkeep\n|inactive|Alayashiki has 120 seconds left.\n|\n|t:|1700932253\n|switch|p1a: John|Kleavor, F|100\/100\n|turn|17\n|inactive|Alayashiki has 120 seconds left.\n|\n|t:|1700932268\n|switch|p2a: Kingambit|Kingambit, F|84\/100\n|-damage|p2a: Kingambit|72\/100|[from] Spikes\n|-damage|p2a: Kingambit|65\/100|[from] Stealth Rock\n|-activate|p2a: Kingambit|ability: Supreme Overlord\n|-start|p2a: Kingambit|fallen1|[silent]\n|move|p1a: John|U-turn|p2a: Kingambit\n|-damage|p2a: Kingambit|37\/100\n|inactive|Alayashiki has 120 seconds left.\n|\n|t:|1700932276\n|switch|p1a: Muramasa|Samurott-Hisui, F, shiny|68\/100|[from] U-turn\n|\n|-heal|p2a: Kingambit|43\/100|[from] item: Leftovers\n|upkeep\n|turn|18\n|\n|t:|1700932287\n|move|p1a: Muramasa|Ceaseless Edge|p2a: Kingambit\n|-resisted|p2a: Kingambit\n|-damage|p2a: Kingambit|17\/100\n|-sidestart|p2: GettingSlurped|Spikes\n|move|p2a: Kingambit|Kowtow Cleave|p1a: Muramasa\n|-resisted|p1a: Muramasa\n|-damage|p1a: Muramasa|31\/100\n|\n|-heal|p2a: Kingambit|23\/100|[from] item: Leftovers\n|upkeep\n|turn|19\n|\n|t:|1700932298\n|-terastallize|p2a: Kingambit|Fairy\n|move|p1a: Muramasa|Ceaseless Edge|p2a: Kingambit\n|-resisted|p2a: Kingambit\n|-damage|p2a: Kingambit|0 fnt\n|-sidestart|p2: GettingSlurped|Spikes\n|faint|p2a: Kingambit\n|-end|p2a: Kingambit|fallen1|[silent]\n|\n|upkeep\n|\n|t:|1700932303\n|switch|p2a: Sandy Shocks|Sandy Shocks|56\/100\n|turn|20\n|\n|t:|1700932313\n|move|p2a: Sandy Shocks|Volt Switch|p1a: Muramasa\n|-supereffective|p1a: Muramasa\n|-damage|p1a: Muramasa|0 fnt\n|faint|p1a: Muramasa\n|\n|t:|1700932317\n|-end|p2a: Sandy Shocks|Protosynthesis|[silent]\n|switch|p2a: Ninetales|Ninetales-Alola, M|33\/100|[from] Volt Switch\n|-damage|p2a: Ninetales|8\/100|[from] Spikes\n|-damage|p2a: Ninetales|0 fnt|[from] Stealth Rock\n|faint|p2a: Ninetales\n|\n|upkeep\n|\n|t:|1700932332\n|switch|p2a: Heatran|Heatran, M|100\/100\n|switch|p1a: John|Kleavor, F|100\/100\n|-damage|p2a: Heatran|76\/100|[from] Spikes\n|-damage|p2a: Heatran|63\/100|[from] Stealth Rock\n|turn|21\n|\n|t:|1700932341\n|move|p1a: John|Close Combat|p2a: Heatran\n|-supereffective|p2a: Heatran\n|-damage|p2a: Heatran|0 fnt\n|-unboost|p1a: John|def|1\n|-unboost|p1a: John|spd|1\n|faint|p2a: Heatran\n|\n|upkeep\n|\n|t:|1700932347\n|switch|p2a: Drifblim|Drifblim, F|100\/100\n|-damage|p2a: Drifblim|76\/100|[from] Stealth Rock\n|turn|22\n|\n|t:|1700932356\n|switch|p1a: En Passant|Kingambit, F|100\/100\n|-activate|p1a: En Passant|ability: Supreme Overlord\n|-start|p1a: En Passant|fallen2|[silent]\n|move|p2a: Drifblim|Strength Sap|p1a: En Passant\n|-unboost|p1a: En Passant|atk|1\n|-heal|p2a: Drifblim|100\/100\n|\n|upkeep\n|turn|23\n|\n|t:|1700932364\n|move|p2a: Drifblim|Strength Sap|p1a: En Passant\n|-unboost|p1a: En Passant|atk|1\n|move|p1a: En Passant|Swords Dance|p1a: En Passant\n|-boost|p1a: En Passant|atk|2\n|\n|upkeep\n|turn|24\n|\n|t:|1700932368\n|move|p2a: Drifblim|Strength Sap|p1a: En Passant\n|-unboost|p1a: En Passant|atk|1\n|move|p1a: En Passant|Swords Dance|p1a: En Passant\n|-boost|p1a: En Passant|atk|2\n|\n|upkeep\n|turn|25\n|\n|t:|1700932370\n|move|p2a: Drifblim|Strength Sap|p1a: En Passant\n|-unboost|p1a: En Passant|atk|1\n|move|p1a: En Passant|Swords Dance|p1a: En Passant\n|-boost|p1a: En Passant|atk|2\n|\n|upkeep\n|turn|26\n|\n|t:|1700932372\n|move|p2a: Drifblim|Strength Sap|p1a: En Passant\n|-unboost|p1a: En Passant|atk|1\n|move|p1a: En Passant|Swords Dance|p1a: En Passant\n|-boost|p1a: En Passant|atk|2\n|\n|upkeep\n|turn|27\n|\n|t:|1700932375\n|move|p2a: Drifblim|Calm Mind|p2a: Drifblim\n|-boost|p2a: Drifblim|spa|1\n|-boost|p2a: Drifblim|spd|1\n|move|p1a: En Passant|Swords Dance|p1a: En Passant\n|-boost|p1a: En Passant|atk|2\n|\n|upkeep\n|turn|28\n|\n|t:|1700932378\n|move|p2a: Drifblim|Calm Mind|p2a: Drifblim\n|-boost|p2a: Drifblim|spa|1\n|-boost|p2a: Drifblim|spd|1\n|move|p1a: En Passant|Iron Head|p2a: Drifblim\n|-damage|p2a: Drifblim|0 fnt\n|faint|p2a: Drifblim\n|\n|upkeep\n|\n|t:|1700932380\n|switch|p2a: Sandy Shocks|Sandy Shocks|56\/100\n|turn|29\n|\n|t:|1700932386\n|move|p2a: Sandy Shocks|Earth Power|p1a: En Passant\n|-supereffective|p1a: En Passant\n|-damage|p1a: En Passant|12\/100\n|move|p1a: En Passant|Low Kick|p2a: Sandy Shocks\n|-damage|p2a: Sandy Shocks|0 fnt\n|faint|p2a: Sandy Shocks\n|-end|p2a: Sandy Shocks|Protosynthesis|[silent]\n|\n|win|Alayashiki\n|raw|Alayashiki's rating: 1249 &rarr; <strong>1272<\/strong><br \/>(+23 for winning)\n|raw|GettingSlurped's rating: 1221 &rarr; <strong>1198<\/strong><br \/>(-23 for losing)\n|l|\u2606GettingSlurped\n","uploadtime":1700932396,"views":17,"p1id":"alayashiki","p2id":"gettingslurped","formatid":"gen9ou","rating":1198,"private":0,"password":""}