{"id":"gen9ou-1992165886","p1":"matheussoutoabc","p2":"Repu","format":"[Gen 9] OU","log":"|j|\u2606matheussoutoabc\n|j|\u2606Repu\n|inactive|Battle timer is ON: inactive players will automatically lose when time's up.\n|t:|1700160471\n|gametype|singles\n|player|p1|matheussoutoabc|ash-hoenn|\n|player|p2|Repu|#repu|\n|teamsize|p1|6\n|teamsize|p2|6\n|gen|9\n|tier|[Gen 9] OU\n|rated|Tournament battle\n|rule|Sleep Clause Mod: Limit one foe put to sleep\n|rule|Species Clause: Limit one of each Pok\u00e9mon\n|rule|OHKO Clause: OHKO moves are banned\n|rule|Evasion Items Clause: Evasion items are banned\n|rule|Evasion Moves Clause: Evasion moves are banned\n|rule|Endless Battle Clause: Forcing endless battles is banned\n|rule|HP Percentage Mod: HP is shown in percentages\n|clearpoke\n|poke|p1|Ceruledge, F|\n|poke|p1|Dragapult, F|\n|poke|p1|Dragonite, M|\n|poke|p1|Gholdengo|\n|poke|p1|Greninja-*, M|\n|poke|p1|Iron Valiant|\n|poke|p2|Zamazenta-*|\n|poke|p2|Moltres|\n|poke|p2|Ogerpon-Wellspring, F|\n|poke|p2|Great Tusk|\n|poke|p2|Clefable, F|\n|poke|p2|Ting-Lu|\n|teampreview\n|c|\u2606Repu|oh, avatar lgl\n|c|\u2606matheussoutoabc|n\u00e9\n|\n|t:|1700160496\n|start\n|switch|p1a: Gholdengo|Gholdengo|100\/100\n|switch|p2a: Clefable|Clefable, F|100\/100\n|turn|1\n|c|\u2606Repu|\u00e9 ca ou t\u00e1 dispon\u00edvel no ps?\n|\n|t:|1700160502\n|move|p2a: Clefable|Protect|p2a: Clefable\n|-singleturn|p2a: Clefable|Protect\n|move|p1a: Gholdengo|Make It Rain|p2a: Clefable\n|-activate|p2a: Clefable|move: Protect\n|\n|upkeep\n|turn|2\n|j| Sunkurna\n|\n|t:|1700160511\n|switch|p2a: Moltres|Moltres|100\/100\n|move|p1a: Gholdengo|Make It Rain|p2a: Moltres\n|-resisted|p2a: Moltres\n|-damage|p2a: Moltres|78\/100\n|-unboost|p1a: Gholdengo|spa|1\n|\n|upkeep\n|turn|3\n|\n|t:|1700160520\n|switch|p1a: Ceruledge|Ceruledge, F|100\/100\n|move|p2a: Moltres|U-turn|p1a: Ceruledge\n|-resisted|p1a: Ceruledge\n|-damage|p1a: Ceruledge|95\/100\n|-ability|p1a: Ceruledge|Weak Armor|boost\n|-unboost|p1a: Ceruledge|def|1\n|-boost|p1a: Ceruledge|spe|2\n|\n|t:|1700160525\n|switch|p2a: Great Tusk|Great Tusk|100\/100|[from] U-turn\n|\n|upkeep\n|turn|4\n|\n|t:|1700160532\n|move|p1a: Ceruledge|Swords Dance|p1a: Ceruledge\n|-boost|p1a: Ceruledge|atk|2\n|move|p2a: Great Tusk|Knock Off|p1a: Ceruledge\n|-supereffective|p1a: Ceruledge\n|-damage|p1a: Ceruledge|0 fnt\n|-enditem|p1a: Ceruledge|Focus Sash|[from] move: Knock Off|[of] p2a: Great Tusk\n|faint|p1a: Ceruledge\n|\n|upkeep\n|\n|t:|1700160545\n|switch|p1a: Iron Valiant|Iron Valiant|100\/100\n|-enditem|p1a: Iron Valiant|Booster Energy\n|-activate|p1a: Iron Valiant|ability: Quark Drive|[fromitem]\n|-start|p1a: Iron Valiant|quarkdrivespe\n|turn|5\n|c| Sunkurna|matheussoutoabc, to tercendo para voce exclusivamente por usar o ceruledge\n|j| 1oao\n|c| Sunkurna|boa sorte ae\n|inactive|Repu has 120 seconds left.\n|c|\u2606matheussoutoabc|obrigado\n|\n|t:|1700160587\n|-terastallize|p2a: Great Tusk|Fire\n|move|p1a: Iron Valiant|Shadow Ball|p2a: Great Tusk\n|-damage|p2a: Great Tusk|65\/100\n|move|p2a: Great Tusk|Earthquake|p1a: Iron Valiant\n|-damage|p1a: Iron Valiant|41\/100\n|\n|upkeep\n|turn|6\n|\n|t:|1700160598\n|move|p1a: Iron Valiant|Moonblast|p2a: Great Tusk\n|-resisted|p2a: Great Tusk\n|-damage|p2a: Great Tusk|35\/100\n|move|p2a: Great Tusk|Earthquake|p1a: Iron Valiant\n|-damage|p1a: Iron Valiant|0 fnt\n|faint|p1a: Iron Valiant\n|-end|p1a: Iron Valiant|Quark Drive|[silent]\n|\n|upkeep\n|\n|t:|1700160603\n|switch|p1a: Greninja|Greninja, M|100\/100\n|turn|7\n|\n|t:|1700160606\n|-end|p2a: Great Tusk|Protosynthesis|[silent]\n|switch|p2a: Ogerpon|Ogerpon-Wellspring, F|100\/100\n|move|p1a: Greninja|Water Shuriken|p2a: Ogerpon\n|-immune|p2a: Ogerpon|[from] ability: Water Absorb\n|\n|upkeep\n|turn|8\n|\n|t:|1700160613\n|switch|p1a: Dragonite|Dragonite, M|100\/100\n|switch|p2a: Great Tusk|Great Tusk, tera:Fire|35\/100\n|\n|upkeep\n|turn|9\n|\n|t:|1700160618\n|-end|p2a: Great Tusk|Protosynthesis|[silent]\n|switch|p2a: Ting-Lu|Ting-Lu|100\/100\n|-ability|p2a: Ting-Lu|Vessel of Ruin\n|move|p1a: Dragonite|Dragon Dance|p1a: Dragonite\n|-boost|p1a: Dragonite|atk|1\n|-boost|p1a: Dragonite|spe|1\n|\n|upkeep\n|turn|10\n|\n|t:|1700160622\n|move|p1a: Dragonite|Extreme Speed|p2a: Ting-Lu\n|-damage|p2a: Ting-Lu|76\/100\n|move|p2a: Ting-Lu|Whirlwind|p1a: Dragonite\n|drag|p1a: Greninja|Greninja, M|100\/100\n|\n|-heal|p2a: Ting-Lu|82\/100|[from] item: Leftovers\n|upkeep\n|turn|11\n|\n|t:|1700160628\n|switch|p2a: Clefable|Clefable, F|100\/100\n|move|p1a: Greninja|Grass Knot|p2a: Clefable\n|-damage|p2a: Clefable|77\/100\n|-damage|p1a: Greninja|91\/100|[from] item: Life Orb\n|\n|-heal|p2a: Clefable|83\/100|[from] item: Leftovers\n|upkeep\n|turn|12\n|\n|t:|1700160633\n|move|p1a: Greninja|Hydro Pump|p2a: Clefable\n|-damage|p2a: Clefable|22\/100\n|-damage|p1a: Greninja|81\/100|[from] item: Life Orb\n|move|p2a: Clefable|Wish|p2a: Clefable\n|\n|-heal|p2a: Clefable|28\/100|[from] item: Leftovers\n|upkeep\n|turn|13\n|\n|t:|1700160637\n|move|p2a: Clefable|Protect|p2a: Clefable\n|-singleturn|p2a: Clefable|Protect\n|move|p1a: Greninja|Water Shuriken|p2a: Clefable\n|-activate|p2a: Clefable|move: Protect\n|\n|-heal|p2a: Clefable|78\/100|[from] move: Wish|[wisher] Clefable\n|-heal|p2a: Clefable|84\/100|[from] item: Leftovers\n|upkeep\n|turn|14\n|\n|t:|1700160647\n|move|p1a: Greninja|Hydro Pump|p2a: Clefable|[miss]\n|-miss|p1a: Greninja|p2a: Clefable\n|move|p2a: Clefable|Wish|p2a: Clefable\n|\n|-heal|p2a: Clefable|90\/100|[from] item: Leftovers\n|upkeep\n|turn|15\n|j| David Becan\n|\n|t:|1700160675\n|switch|p1a: Gholdengo|Gholdengo|100\/100\n|move|p2a: Clefable|Moonblast|p1a: Gholdengo\n|-resisted|p1a: Gholdengo\n|-damage|p1a: Gholdengo|81\/100\n|\n|-heal|p2a: Clefable|100\/100|[from] move: Wish|[wisher] Clefable\n|upkeep\n|turn|16\n|\n|t:|1700160680\n|move|p2a: Clefable|Protect|p2a: Clefable\n|-singleturn|p2a: Clefable|Protect\n|move|p1a: Gholdengo|Make It Rain|p2a: Clefable\n|-activate|p2a: Clefable|move: Protect\n|\n|upkeep\n|turn|17\n|\n|t:|1700160684\n|switch|p2a: Great Tusk|Great Tusk, tera:Fire|35\/100\n|move|p1a: Gholdengo|Make It Rain|p2a: Great Tusk\n|-resisted|p2a: Great Tusk\n|-damage|p2a: Great Tusk|0 fnt\n|-unboost|p1a: Gholdengo|spa|1\n|faint|p2a: Great Tusk\n|-end|p2a: Great Tusk|Protosynthesis|[silent]\n|\n|upkeep\n|\n|t:|1700160693\n|switch|p2a: Ting-Lu|Ting-Lu|82\/100\n|-ability|p2a: Ting-Lu|Vessel of Ruin\n|turn|18\n|\n|t:|1700160698\n|switch|p1a: Greninja|Greninja, M|81\/100\n|move|p2a: Ting-Lu|Spikes|p1a: Greninja\n|-sidestart|p1: matheussoutoabc|Spikes\n|\n|-heal|p2a: Ting-Lu|89\/100|[from] item: Leftovers\n|upkeep\n|turn|19\n|\n|t:|1700160702\n|switch|p2a: Ogerpon|Ogerpon-Wellspring, F|100\/100\n|move|p1a: Greninja|Dark Pulse|p2a: Ogerpon\n|-damage|p2a: Ogerpon|46\/100\n|-damage|p1a: Greninja|71\/100|[from] item: Life Orb\n|\n|upkeep\n|turn|20\n|\n|t:|1700160708\n|move|p1a: Greninja|Dark Pulse|p2a: Ogerpon\n|-damage|p2a: Ogerpon|0 fnt\n|faint|p2a: Ogerpon\n|-ability|p1a: Greninja|Battle Bond|boost\n|-boost|p1a: Greninja|atk|1\n|-boost|p1a: Greninja|spa|1\n|-boost|p1a: Greninja|spe|1\n|-activate|p1a: Greninja|ability: Battle Bond\n|-damage|p1a: Greninja|61\/100|[from] item: Life Orb\n|\n|upkeep\n|\n|t:|1700160712\n|switch|p2a: Clefable|Clefable, F|100\/100\n|turn|21\n|\n|t:|1700160719\n|move|p1a: Greninja|Hydro Pump|p2a: Clefable|[miss]\n|-miss|p1a: Greninja|p2a: Clefable\n|move|p2a: Clefable|Moonblast|p1a: Greninja\n|-supereffective|p1a: Greninja\n|-damage|p1a: Greninja|0 fnt\n|faint|p1a: Greninja\n|\n|upkeep\n|\n|t:|1700160722\n|switch|p1a: Gholdengo|Gholdengo|81\/100\n|-damage|p1a: Gholdengo|69\/100|[from] Spikes\n|turn|22\n|\n|t:|1700160728\n|move|p2a: Clefable|Protect|p2a: Clefable\n|-singleturn|p2a: Clefable|Protect\n|move|p1a: Gholdengo|Shadow Ball|p2a: Clefable\n|-activate|p2a: Clefable|move: Protect\n|\n|upkeep\n|turn|23\n|\n|t:|1700160732\n|switch|p2a: Ting-Lu|Ting-Lu|89\/100\n|-ability|p2a: Ting-Lu|Vessel of Ruin\n|move|p1a: Gholdengo|Shadow Ball|p2a: Ting-Lu\n|-resisted|p2a: Ting-Lu\n|-crit|p2a: Ting-Lu\n|-damage|p2a: Ting-Lu|76\/100\n|\n|-heal|p2a: Ting-Lu|82\/100|[from] item: Leftovers\n|upkeep\n|turn|24\n|\n|t:|1700160742\n|switch|p1a: Dragonite|Dragonite, M|100\/100\n|move|p2a: Ting-Lu|Whirlwind|p1a: Dragonite\n|drag|p1a: Gholdengo|Gholdengo|69\/100\n|-damage|p1a: Gholdengo|56\/100|[from] Spikes\n|\n|-heal|p2a: Ting-Lu|88\/100|[from] item: Leftovers\n|upkeep\n|turn|25\n|\n|t:|1700160747\n|switch|p2a: Moltres|Moltres|78\/100\n|move|p1a: Gholdengo|Focus Blast|p2a: Moltres\n|-resisted|p2a: Moltres\n|-damage|p2a: Moltres|61\/100\n|\n|upkeep\n|turn|26\n|\n|t:|1700160754\n|switch|p1a: Dragapult|Dragapult, F|100\/100\n|-damage|p1a: Dragapult|88\/100|[from] Spikes\n|move|p2a: Moltres|U-turn|p1a: Dragapult\n|-resisted|p1a: Dragapult\n|-damage|p1a: Dragapult|78\/100\n|\n|t:|1700160757\n|switch|p2a: Clefable|Clefable, F|100\/100|[from] U-turn\n|\n|upkeep\n|turn|27\n|\n|t:|1700160761\n|move|p1a: Dragapult|Shadow Ball|p2a: Clefable\n|-damage|p2a: Clefable|49\/100\n|move|p2a: Clefable|Moonblast|p1a: Dragapult\n|-supereffective|p1a: Dragapult\n|-damage|p1a: Dragapult|0 fnt\n|faint|p1a: Dragapult\n|\n|-heal|p2a: Clefable|55\/100|[from] item: Leftovers\n|upkeep\n|\n|t:|1700160766\n|switch|p1a: Dragonite|Dragonite, M|100\/100\n|turn|28\n|j|%moretto\n|j|+Mareoo\n|\n|t:|1700160781\n|-terastallize|p1a: Dragonite|Normal\n|move|p1a: Dragonite|Extreme Speed|p2a: Clefable\n|-damage|p2a: Clefable|21\/100\n|move|p2a: Clefable|Encore|p1a: Dragonite\n|-start|p1a: Dragonite|Encore\n|\n|-heal|p2a: Clefable|27\/100|[from] item: Leftovers\n|upkeep\n|turn|29\n|\n|t:|1700160786\n|switch|p2a: Moltres|Moltres|61\/100\n|move|p1a: Dragonite|Extreme Speed|p2a: Moltres\n|-damage|p2a: Moltres|19\/100\n|\n|upkeep\n|turn|30\n|\n|t:|1700160789\n|move|p1a: Dragonite|Extreme Speed|p2a: Moltres\n|-damage|p2a: Moltres|0 fnt\n|-status|p1a: Dragonite|brn|[from] ability: Flame Body|[of] p2a: Moltres\n|faint|p2a: Moltres\n|\n|-damage|p1a: Dragonite|94\/100 brn|[from] brn\n|upkeep\n|\n|t:|1700160794\n|switch|p2a: Zamazenta|Zamazenta|100\/100\n|-ability|p2a: Zamazenta|Dauntless Shield|boost\n|-boost|p2a: Zamazenta|def|1\n|turn|31\n|\n|t:|1700160799\n|switch|p1a: Gholdengo|Gholdengo|56\/100\n|-damage|p1a: Gholdengo|44\/100|[from] Spikes\n|move|p2a: Zamazenta|Close Combat|p1a: Gholdengo\n|-immune|p1a: Gholdengo\n|\n|upkeep\n|turn|32\n|\n|t:|1700160806\n|move|p1a: Gholdengo|Focus Blast|p2a: Zamazenta\n|-damage|p2a: Zamazenta|63\/100\n|move|p2a: Zamazenta|Crunch|p1a: Gholdengo\n|-supereffective|p1a: Gholdengo\n|-damage|p1a: Gholdengo|0 fnt\n|faint|p1a: Gholdengo\n|\n|upkeep\n|\n|t:|1700160809\n|switch|p1a: Dragonite|Dragonite, M, tera:Normal|94\/100 brn\n|turn|33\n|\n|t:|1700160811\n|move|p2a: Zamazenta|Close Combat|p1a: Dragonite\n|-supereffective|p1a: Dragonite\n|-damage|p1a: Dragonite|0 fnt\n|-unboost|p2a: Zamazenta|def|1\n|-unboost|p2a: Zamazenta|spd|1\n|faint|p1a: Dragonite\n|\n|win|Repu\n|n|\u2606matheussoutoabc|matheussoutoabc\n|n|\u2606Repu|repu\n|n| Sunkurna|sunkurna\n|n| 1oao|1oao\n|n| David Becan|davidbecan\n|n| moretto|moretto\n|n| Mareoo|mareoo\n","uploadtime":1700160812,"views":7,"p1id":"matheussoutoabc","p2id":"repu","formatid":"gen9ou","rating":0,"private":0,"password":""}