{"id":"gen9ou-1991520146","p1":"seakingmissile","p2":"FireWizard312","format":"[Gen 9] OU","log":"|j|\u2606seakingmissile\n|j|\u2606FireWizard312\n|t:|1700084479\n|gametype|singles\n|player|p1|seakingmissile|larry|1510\n|player|p2|FireWizard312|1|1643\n|teamsize|p1|6\n|teamsize|p2|6\n|gen|9\n|tier|[Gen 9] OU\n|rated|\n|rule|Sleep Clause Mod: Limit one foe put to sleep\n|rule|Species Clause: Limit one of each Pok\u00e9mon\n|rule|OHKO Clause: OHKO moves are banned\n|rule|Evasion Items Clause: Evasion items are banned\n|rule|Evasion Moves Clause: Evasion moves are banned\n|rule|Endless Battle Clause: Forcing endless battles is banned\n|rule|HP Percentage Mod: HP is shown in percentages\n|clearpoke\n|poke|p1|Landorus-Therian, M|\n|poke|p1|Meloetta|\n|poke|p1|Zapdos|\n|poke|p1|Cinderace, F|\n|poke|p1|Slowking-Galar, M|\n|poke|p1|Iron Valiant|\n|poke|p2|Manaphy|\n|poke|p2|Kingambit, F|\n|poke|p2|Ribombee, F|\n|poke|p2|Gholdengo|\n|poke|p2|Iron Moth|\n|poke|p2|Ogerpon-Wellspring, F|\n|teampreview\n|c|\u2606seakingmissile|glhf\n|inactive|Battle timer is ON: inactive players will automatically lose when time's up. (requested by seakingmissile)\n|\n|t:|1700084485\n|start\n|switch|p1a: Landorus|Landorus-Therian, M|100\/100\n|switch|p2a: wildfiree|Ribombee, F, shiny|100\/100\n|-ability|p1a: Landorus|Intimidate|boost\n|-unboost|p2a: wildfiree|atk|1\n|turn|1\n|\n|t:|1700084489\n|move|p1a: Landorus|U-turn|p2a: wildfiree\n|-resisted|p2a: wildfiree\n|-damage|p2a: wildfiree|74\/100\n|\n|t:|1700084491\n|switch|p1a: Cinderace|Cinderace, F|100\/100|[from] U-turn\n|move|p2a: wildfiree|Sticky Web|p1a: Cinderace\n|-sidestart|p1: seakingmissile|move: Sticky Web\n|\n|upkeep\n|turn|2\n|\n|t:|1700084496\n|switch|p2a: scarlet|Iron Moth|100\/100\n|-enditem|p2a: scarlet|Booster Energy\n|-activate|p2a: scarlet|ability: Quark Drive|[fromitem]\n|-start|p2a: scarlet|quarkdrivespe\n|move|p1a: Cinderace|Pyro Ball|p2a: scarlet\n|-resisted|p2a: scarlet\n|-damage|p2a: scarlet|61\/100\n|\n|upkeep\n|turn|3\n|\n|t:|1700084504\n|switch|p1a: Slowking|Slowking-Galar, M|100\/100\n|move|p2a: scarlet|Fiery Dance|p1a: Slowking\n|-damage|p1a: Slowking|76\/100\n|\n|upkeep\n|turn|4\n|\n|t:|1700084507\n|move|p2a: scarlet|Fiery Dance|p1a: Slowking\n|-damage|p1a: Slowking|51\/100\n|move|p1a: Slowking|Future Sight|p2a: scarlet\n|-start|p1a: Slowking|move: Future Sight\n|\n|upkeep\n|turn|5\n|\n|t:|1700084510\n|move|p2a: scarlet|Substitute|p2a: scarlet\n|-start|p2a: scarlet|Substitute\n|-damage|p2a: scarlet|36\/100\n|move|p1a: Slowking|Chilly Reception|p1a: Slowking\n|-weather|Snow\n|\n|t:|1700084517\n|switch|p1a: Cinderace|Cinderace, F|100\/100|[from] Chilly Reception\n|\n|-weather|Snow|[upkeep]\n|upkeep\n|turn|6\n|\n|t:|1700084523\n|move|p2a: scarlet|Fiery Dance|p1a: Cinderace\n|-resisted|p1a: Cinderace\n|-damage|p1a: Cinderace|70\/100\n|move|p1a: Cinderace|Pyro Ball|p2a: scarlet\n|-resisted|p2a: scarlet\n|-end|p2a: scarlet|Substitute\n|\n|-weather|Snow|[upkeep]\n|-end|p2a: scarlet|move: Future Sight\n|-supereffective|p2a: scarlet\n|-crit|p2a: scarlet\n|-damage|p2a: scarlet|0 fnt\n|faint|p2a: scarlet\n|-end|p2a: scarlet|Quark Drive|[silent]\n|upkeep\n|\n|t:|1700084532\n|switch|p2a: wildfiree|Ribombee, F, shiny|74\/100\n|turn|7\n|\n|t:|1700084534\n|move|p2a: wildfiree|Stun Spore|p1a: Cinderace|[miss]\n|-miss|p2a: wildfiree|p1a: Cinderace\n|move|p1a: Cinderace|Pyro Ball|p2a: wildfiree\n|-supereffective|p2a: wildfiree\n|-damage|p2a: wildfiree|0 fnt\n|faint|p2a: wildfiree\n|\n|-weather|Snow|[upkeep]\n|upkeep\n|c|\u2606FireWizard312|JUST ONCE LAND THE STUN SPORE\n|\n|t:|1700084542\n|switch|p2a: faya|Ogerpon-Wellspring, F|100\/100\n|turn|8\n|\n|t:|1700084546\n|move|p1a: Cinderace|Court Change|p1a: Cinderace\n|-start|p1a: Cinderace|typechange|Normal|[from] ability: Libero\n|-swapsideconditions\n|-activate|p1a: Cinderace|move: Court Change\n|move|p2a: faya|Ivy Cudgel|p1a: Cinderace|[anim] Ivy Cudgel Water\n|-crit|p1a: Cinderace\n|-damage|p1a: Cinderace|0 fnt\n|faint|p1a: Cinderace\n|\n|-weather|Snow|[upkeep]\n|upkeep\n|\n|t:|1700084551\n|switch|p1a: Landorus|Landorus-Therian, M|100\/100\n|-ability|p1a: Landorus|Intimidate|boost\n|-unboost|p2a: faya|atk|1\n|turn|9\n|\n|t:|1700084553\n|move|p1a: Landorus|U-turn|p2a: faya\n|-supereffective|p2a: faya\n|-damage|p2a: faya|29\/100\n|\n|t:|1700084556\n|switch|p1a: Zapdos|Zapdos|100\/100|[from] U-turn\n|move|p2a: faya|Ivy Cudgel|p1a: Zapdos|[anim] Ivy Cudgel Water\n|-damage|p1a: Zapdos|59\/100\n|\n|-weather|none\n|upkeep\n|turn|10\n|\n|t:|1700084560\n|move|p2a: faya|Ivy Cudgel|p1a: Zapdos|[anim] Ivy Cudgel Water\n|-damage|p1a: Zapdos|15\/100\n|move|p1a: Zapdos|U-turn|p2a: faya\n|-supereffective|p2a: faya\n|-damage|p2a: faya|0 fnt\n|faint|p2a: faya\n|\n|t:|1700084563\n|switch|p1a: Landorus|Landorus-Therian, M|100\/100|[from] U-turn\n|\n|upkeep\n|\n|t:|1700084566\n|switch|p2a: HPDARKEAGLE|Manaphy|100\/100\n|-activate|p2a: HPDARKEAGLE|move: Sticky Web\n|-unboost|p2a: HPDARKEAGLE|spe|1\n|turn|11\n|\n|t:|1700084582\n|move|p1a: Landorus|Earthquake|p2a: HPDARKEAGLE\n|-damage|p2a: HPDARKEAGLE|51\/100\n|move|p2a: HPDARKEAGLE|Take Heart|p2a: HPDARKEAGLE\n|-boost|p2a: HPDARKEAGLE|spa|1\n|-boost|p2a: HPDARKEAGLE|spd|1\n|\n|-heal|p2a: HPDARKEAGLE|57\/100|[from] item: Leftovers\n|upkeep\n|turn|12\n|\n|t:|1700084586\n|move|p1a: Landorus|Earthquake|p2a: HPDARKEAGLE\n|-damage|p2a: HPDARKEAGLE|5\/100\n|move|p2a: HPDARKEAGLE|Acid Armor|p2a: HPDARKEAGLE\n|-boost|p2a: HPDARKEAGLE|def|2\n|\n|-heal|p2a: HPDARKEAGLE|12\/100|[from] item: Leftovers\n|upkeep\n|turn|13\n|\n|t:|1700084588\n|move|p1a: Landorus|Earthquake|p2a: HPDARKEAGLE\n|-damage|p2a: HPDARKEAGLE|0 fnt\n|faint|p2a: HPDARKEAGLE\n|\n|upkeep\n|\n|t:|1700084590\n|switch|p2a: wessin|Gholdengo|100\/100\n|-item|p2a: wessin|Air Balloon\n|turn|14\n|\n|t:|1700084593\n|switch|p1a: Zapdos|Zapdos|15\/100\n|move|p2a: wessin|Nasty Plot|p2a: wessin\n|-boost|p2a: wessin|spa|2\n|\n|upkeep\n|turn|15\n|\n|t:|1700084601\n|move|p2a: wessin|Shadow Ball|p1a: Zapdos\n|-damage|p1a: Zapdos|0 fnt\n|faint|p1a: Zapdos\n|\n|upkeep\n|\n|t:|1700084602\n|switch|p1a: Meloetta|Meloetta|100\/100\n|turn|16\n|\n|t:|1700084610\n|move|p1a: Meloetta|Knock Off|p2a: wessin\n|-supereffective|p2a: wessin\n|-damage|p2a: wessin|50\/100\n|-enditem|p2a: wessin|Air Balloon\n|move|p2a: wessin|Make It Rain|p1a: Meloetta\n|-damage|p1a: Meloetta|0 fnt\n|-unboost|p2a: wessin|spa|1\n|faint|p1a: Meloetta\n|\n|upkeep\n|\n|t:|1700084617\n|switch|p1a: Landorus|Landorus-Therian, M|100\/100\n|-ability|p1a: Landorus|Intimidate|boost\n|-unboost|p2a: wessin|atk|1\n|turn|17\n|\n|t:|1700084619\n|move|p1a: Landorus|Earthquake|p2a: wessin\n|-supereffective|p2a: wessin\n|-damage|p2a: wessin|0 fnt\n|faint|p2a: wessin\n|\n|upkeep\n|\n|t:|1700084621\n|switch|p2a: awyp|Kingambit, F|100\/100\n|-activate|p2a: awyp|move: Sticky Web\n|-unboost|p2a: awyp|spe|1\n|-activate|p2a: awyp|ability: Supreme Overlord\n|-start|p2a: awyp|fallen5|[silent]\n|turn|18\n|\n|t:|1700084624\n|switch|p1a: Iron Valiant|Iron Valiant|100\/100\n|-enditem|p1a: Iron Valiant|Booster Energy\n|-activate|p1a: Iron Valiant|ability: Quark Drive|[fromitem]\n|-start|p1a: Iron Valiant|quarkdrivespe\n|-terastallize|p2a: awyp|Flying\n|move|p2a: awyp|Swords Dance|p2a: awyp\n|-boost|p2a: awyp|atk|2\n|\n|upkeep\n|turn|19\n|\n|t:|1700084631\n|move|p1a: Iron Valiant|Moonblast|p2a: awyp\n|-damage|p2a: awyp|47\/100\n|move|p2a: awyp|Kowtow Cleave|p1a: Iron Valiant\n|-resisted|p1a: Iron Valiant\n|-damage|p1a: Iron Valiant|42\/100\n|\n|upkeep\n|turn|20\n|c|\u2606seakingmissile|gg\n|\n|t:|1700084636\n|move|p2a: awyp|Sucker Punch|p1a: Iron Valiant\n|-resisted|p1a: Iron Valiant\n|-damage|p1a: Iron Valiant|0 fnt\n|faint|p1a: Iron Valiant\n|-end|p1a: Iron Valiant|Quark Drive|[silent]\n|\n|upkeep\n|\n|t:|1700084638\n|switch|p1a: Landorus|Landorus-Therian, M|100\/100\n|-ability|p1a: Landorus|Intimidate|boost\n|-unboost|p2a: awyp|atk|1\n|turn|21\n|c|\u2606FireWizard312|gg\n|\n|t:|1700084642\n|move|p2a: awyp|Sucker Punch|p1a: Landorus\n|-damage|p1a: Landorus|0 fnt\n|faint|p1a: Landorus\n|\n|upkeep\n|c|\u2606seakingmissile|tf that kills\n|c|\u2606FireWizard312|gg\n|\n|t:|1700084650\n|switch|p1a: Slowking|Slowking-Galar, M|84\/100\n|turn|22\n|\n|t:|1700084655\n|-terastallize|p1a: Slowking|Poison\n|move|p2a: awyp|Sucker Punch|p1a: Slowking\n|-damage|p1a: Slowking|0 fnt\n|faint|p1a: Slowking\n|\n|win|FireWizard312\n|raw|seakingmissile's rating: 1510 &rarr; <strong>1497<\/strong><br \/>(-13 for losing)\n|raw|FireWizard312's rating: 1643 &rarr; <strong>1656<\/strong><br \/>(+13 for winning)\n|c|\u2606seakingmissile|wacky ass mon\n|l|\u2606seakingmissile\n","uploadtime":1700084693,"views":10,"p1id":"seakingmissile","p2id":"firewizard312","formatid":"gen9ou","rating":1497,"private":0,"password":""}