{"id":"gen9ou-1999493476","p1":"PressurizedByWall","p2":"Diatere","format":"[Gen 9] OU","log":"|j|\u2606PressurizedByWall\n|j|\u2606Diatere\n|t:|1701088694\n|gametype|singles\n|player|p1|PressurizedByWall|birdkeeper-gen4dp|1478\n|player|p2|Diatere|mina|1424\n|teamsize|p1|6\n|teamsize|p2|6\n|gen|9\n|tier|[Gen 9] OU\n|rated|\n|rule|Sleep Clause Mod: Limit one foe put to sleep\n|rule|Species Clause: Limit one of each Pok\u00e9mon\n|rule|OHKO Clause: OHKO moves are banned\n|rule|Evasion Items Clause: Evasion items are banned\n|rule|Evasion Moves Clause: Evasion moves are banned\n|rule|Endless Battle Clause: Forcing endless battles is banned\n|rule|HP Percentage Mod: HP is shown in percentages\n|clearpoke\n|poke|p1|Kingambit, M|\n|poke|p1|Zapdos|\n|poke|p1|Corviknight, F|\n|poke|p1|Clodsire, M|\n|poke|p1|Dondozo, F|\n|poke|p1|Garganacl, M|\n|poke|p2|Ninetales-Alola, M|\n|poke|p2|Hatterene, F|\n|poke|p2|Manaphy|\n|poke|p2|Ogerpon-Cornerstone, F|\n|poke|p2|Rillaboom, M|\n|poke|p2|Iron Valiant|\n|teampreview\n|inactive|Battle timer is ON: inactive players will automatically lose when time's up. (requested by Diatere)\n|\n|t:|1701088739\n|start\n|switch|p1a: WallLord|Garganacl, M|100\/100\n|switch|p2a: Tavros|Ninetales-Alola, M|100\/100\n|-weather|Snow|[from] ability: Snow Warning|[of] p2a: Tavros\n|turn|1\n|\n|t:|1701088760\n|move|p2a: Tavros|Aurora Veil|p2a: Tavros\n|-sidestart|p2: Diatere|move: Aurora Veil\n|move|p1a: WallLord|Salt Cure|p2a: Tavros\n|-supereffective|p2a: Tavros\n|-damage|p2a: Tavros|89\/100\n|-start|p2a: Tavros|Salt Cure\n|\n|-weather|Snow|[upkeep]\n|-damage|p2a: Tavros|77\/100|[from] Salt Cure\n|upkeep\n|turn|2\n|\n|t:|1701088765\n|switch|p2a: Gamzee|Rillaboom, M|100\/100\n|-fieldstart|move: Grassy Terrain|[from] ability: Grassy Surge|[of] p2a: Gamzee\n|move|p1a: WallLord|Stealth Rock|p2a: Gamzee\n|-sidestart|p2: Diatere|move: Stealth Rock\n|\n|-weather|Snow|[upkeep]\n|upkeep\n|turn|3\n|\n|t:|1701088769\n|move|p1a: WallLord|Protect|p1a: WallLord\n|-singleturn|p1a: WallLord|Protect\n|move|p2a: Gamzee|Wood Hammer|p1a: WallLord\n|-activate|p1a: WallLord|move: Protect\n|\n|-weather|Snow|[upkeep]\n|upkeep\n|turn|4\n|\n|t:|1701088773\n|switch|p1a: Knight Pressure|Corviknight, F, shiny|100\/100\n|-ability|p1a: Knight Pressure|Pressure\n|move|p2a: Gamzee|Wood Hammer|p1a: Knight Pressure\n|-resisted|p1a: Knight Pressure\n|-damage|p1a: Knight Pressure|83\/100\n|-damage|p2a: Gamzee|94\/100|[from] Recoil\n|\n|-weather|Snow|[upkeep]\n|-heal|p2a: Gamzee|99\/100|[from] Grassy Terrain\n|-heal|p1a: Knight Pressure|89\/100|[from] item: Leftovers\n|upkeep\n|turn|5\n|\n|t:|1701088781\n|switch|p2a: Kanaya|Hatterene, F|100\/100\n|-damage|p2a: Kanaya|88\/100|[from] Stealth Rock\n|-enditem|p2a: Kanaya|Grassy Seed\n|-boost|p2a: Kanaya|def|1|[from] item: Grassy Seed\n|move|p1a: Knight Pressure|Substitute|p1a: Knight Pressure\n|-start|p1a: Knight Pressure|Substitute\n|-damage|p1a: Knight Pressure|64\/100\n|\n|-weather|none\n|-heal|p1a: Knight Pressure|70\/100|[from] item: Leftovers\n|-heal|p2a: Kanaya|94\/100|[from] Grassy Terrain\n|upkeep\n|turn|6\n|\n|t:|1701088793\n|switch|p1a: WallLord|Garganacl, M|100\/100\n|move|p2a: Kanaya|Calm Mind|p2a: Kanaya\n|-boost|p2a: Kanaya|spa|1\n|-boost|p2a: Kanaya|spd|1\n|\n|-heal|p2a: Kanaya|99\/100|[from] Grassy Terrain\n|-fieldend|move: Grassy Terrain\n|upkeep\n|turn|7\n|\n|t:|1701088810\n|move|p2a: Kanaya|Psyshock|p1a: WallLord\n|-damage|p1a: WallLord|63\/100\n|move|p1a: WallLord|Salt Cure|p2a: Kanaya\n|-damage|p2a: Kanaya|96\/100\n|-start|p2a: Kanaya|Salt Cure\n|\n|-heal|p1a: WallLord|70\/100|[from] item: Leftovers\n|-damage|p2a: Kanaya|84\/100|[from] Salt Cure\n|upkeep\n|turn|8\n|\n|t:|1701088832\n|switch|p1a: Knight Pressure|Corviknight, F, shiny|70\/100\n|-ability|p1a: Knight Pressure|Pressure\n|move|p2a: Kanaya|Calm Mind|p2a: Kanaya\n|-boost|p2a: Kanaya|spa|1\n|-boost|p2a: Kanaya|spd|1\n|\n|-heal|p1a: Knight Pressure|76\/100|[from] item: Leftovers\n|-damage|p2a: Kanaya|71\/100|[from] Salt Cure\n|-sideend|p2: Diatere|move: Aurora Veil\n|upkeep\n|turn|9\n|\n|t:|1701088838\n|move|p1a: Knight Pressure|Substitute|p1a: Knight Pressure\n|-start|p1a: Knight Pressure|Substitute\n|-damage|p1a: Knight Pressure|51\/100\n|move|p2a: Kanaya|Mystical Fire|p1a: Knight Pressure\n|-supereffective|p1a: Knight Pressure\n|-end|p1a: Knight Pressure|Substitute\n|\n|-heal|p1a: Knight Pressure|57\/100|[from] item: Leftovers\n|-damage|p2a: Kanaya|59\/100|[from] Salt Cure\n|upkeep\n|turn|10\n|\n|t:|1701088851\n|move|p1a: Knight Pressure|Substitute|p1a: Knight Pressure\n|-start|p1a: Knight Pressure|Substitute\n|-damage|p1a: Knight Pressure|33\/100\n|move|p2a: Kanaya|Mystical Fire|p1a: Knight Pressure\n|-supereffective|p1a: Knight Pressure\n|-end|p1a: Knight Pressure|Substitute\n|\n|-heal|p1a: Knight Pressure|39\/100|[from] item: Leftovers\n|-damage|p2a: Kanaya|47\/100|[from] Salt Cure\n|upkeep\n|turn|11\n|\n|t:|1701088858\n|switch|p1a: DefenderOfTheWall|Clodsire, M, shiny|100\/100\n|move|p2a: Kanaya|Mystical Fire|p1a: DefenderOfTheWall\n|-damage|p1a: DefenderOfTheWall|87\/100\n|-unboost|p1a: DefenderOfTheWall|spa|1\n|\n|-damage|p2a: Kanaya|35\/100|[from] Salt Cure\n|upkeep\n|turn|12\n|\n|t:|1701088869\n|switch|p1a: King Pressure|Kingambit, M, shiny|100\/100\n|-ability|p1a: King Pressure|Pressure\n|move|p2a: Kanaya|Psyshock|p1a: King Pressure\n|-immune|p1a: King Pressure\n|\n|-damage|p2a: Kanaya|22\/100|[from] Salt Cure\n|upkeep\n|turn|13\n|\n|t:|1701088876\n|move|p1a: King Pressure|Protect|p1a: King Pressure\n|-singleturn|p1a: King Pressure|Protect\n|move|p2a: Kanaya|Draining Kiss|p1a: King Pressure\n|-activate|p1a: King Pressure|move: Protect\n|\n|-damage|p2a: Kanaya|10\/100|[from] Salt Cure\n|upkeep\n|turn|14\n|\n|t:|1701088886\n|switch|p1a: DefenderOfTheWall|Clodsire, M, shiny|87\/100\n|move|p2a: Kanaya|Draining Kiss|p1a: DefenderOfTheWall\n|-resisted|p1a: DefenderOfTheWall\n|-damage|p1a: DefenderOfTheWall|82\/100\n|-heal|p2a: Kanaya|16\/100|[from] drain|[of] p1a: DefenderOfTheWall\n|\n|-damage|p2a: Kanaya|4\/100|[from] Salt Cure\n|upkeep\n|turn|15\n|\n|t:|1701088893\n|move|p2a: Kanaya|Psyshock|p1a: DefenderOfTheWall\n|-supereffective|p1a: DefenderOfTheWall\n|-damage|p1a: DefenderOfTheWall|1\/100\n|move|p1a: DefenderOfTheWall|Recover|p1a: DefenderOfTheWall\n|-heal|p1a: DefenderOfTheWall|51\/100\n|\n|-damage|p2a: Kanaya|0 fnt|[from] Salt Cure\n|faint|p2a: Kanaya\n|upkeep\n|\n|t:|1701088901\n|switch|p2a: Tavros|Ninetales-Alola, M|77\/100\n|-damage|p2a: Tavros|52\/100|[from] Stealth Rock\n|-weather|Snow|[from] ability: Snow Warning|[of] p2a: Tavros\n|turn|16\n|\n|t:|1701088907\n|move|p2a: Tavros|Aurora Veil|p2a: Tavros\n|-sidestart|p2: Diatere|move: Aurora Veil\n|move|p1a: DefenderOfTheWall|Spikes|p2a: Tavros\n|-sidestart|p2: Diatere|Spikes\n|\n|-weather|Snow|[upkeep]\n|upkeep\n|turn|17\n|\n|t:|1701088921\n|switch|p2a: Gamzee|Rillaboom, M|99\/100\n|-damage|p2a: Gamzee|88\/100|[from] Stealth Rock\n|-damage|p2a: Gamzee|75\/100|[from] Spikes\n|-fieldstart|move: Grassy Terrain|[from] ability: Grassy Surge|[of] p2a: Gamzee\n|switch|p1a: WallLord|Garganacl, M|70\/100\n|\n|-weather|Snow|[upkeep]\n|-heal|p2a: Gamzee|81\/100|[from] Grassy Terrain\n|-heal|p1a: WallLord|76\/100|[from] Grassy Terrain\n|-heal|p1a: WallLord|82\/100|[from] item: Leftovers\n|upkeep\n|turn|18\n|\n|t:|1701088932\n|move|p1a: WallLord|Protect|p1a: WallLord\n|-singleturn|p1a: WallLord|Protect\n|move|p2a: Gamzee|Wood Hammer|p1a: WallLord\n|-activate|p1a: WallLord|move: Protect\n|\n|-weather|Snow|[upkeep]\n|-heal|p2a: Gamzee|88\/100|[from] Grassy Terrain\n|-heal|p1a: WallLord|88\/100|[from] Grassy Terrain\n|-heal|p1a: WallLord|94\/100|[from] item: Leftovers\n|upkeep\n|turn|19\n|\n|t:|1701088942\n|switch|p2a: Karkat|Manaphy|100\/100\n|-damage|p2a: Karkat|88\/100|[from] Stealth Rock\n|-damage|p2a: Karkat|75\/100|[from] Spikes\n|switch|p1a: King Pressure|Kingambit, M, shiny|100\/100\n|-ability|p1a: King Pressure|Pressure\n|\n|-weather|Snow|[upkeep]\n|-heal|p2a: Karkat|82\/100|[from] Grassy Terrain\n|-heal|p2a: Karkat|88\/100|[from] item: Leftovers\n|upkeep\n|turn|20\n|\n|t:|1701088951\n|switch|p1a: WallLord|Garganacl, M|94\/100\n|move|p2a: Karkat|Acid Armor|p2a: Karkat\n|-boost|p2a: Karkat|def|2\n|\n|-weather|none\n|-heal|p2a: Karkat|94\/100|[from] Grassy Terrain\n|-heal|p2a: Karkat|99\/100|[from] item: Leftovers\n|-heal|p1a: WallLord|100\/100|[from] Grassy Terrain\n|upkeep\n|turn|21\n|\n|t:|1701088964\n|-terastallize|p2a: Karkat|Poison\n|move|p2a: Karkat|Take Heart|p2a: Karkat\n|-boost|p2a: Karkat|spa|1\n|-boost|p2a: Karkat|spd|1\n|move|p1a: WallLord|Salt Cure|p2a: Karkat\n|-damage|p2a: Karkat|97\/100\n|-start|p2a: Karkat|Salt Cure\n|\n|-heal|p2a: Karkat|100\/100|[from] Grassy Terrain\n|-damage|p2a: Karkat|88\/100|[from] Salt Cure\n|-fieldend|move: Grassy Terrain\n|upkeep\n|turn|22\n|\n|t:|1701088978\n|switch|p1a: King Pressure|Kingambit, M, shiny|100\/100\n|-ability|p1a: King Pressure|Pressure\n|move|p2a: Karkat|Take Heart|p2a: Karkat\n|-boost|p2a: Karkat|spa|1\n|-boost|p2a: Karkat|spd|1\n|\n|-heal|p2a: Karkat|94\/100|[from] item: Leftovers\n|-damage|p2a: Karkat|82\/100|[from] Salt Cure\n|upkeep\n|turn|23\n|\n|t:|1701088985\n|move|p2a: Karkat|Scald|p1a: King Pressure\n|-damage|p1a: King Pressure|44\/100\n|-status|p1a: King Pressure|brn\n|move|p1a: King Pressure|Substitute|p1a: King Pressure\n|-start|p1a: King Pressure|Substitute\n|-damage|p1a: King Pressure|20\/100 brn\n|\n|-heal|p2a: Karkat|88\/100|[from] item: Leftovers\n|-heal|p1a: King Pressure|26\/100 brn|[from] item: Leftovers\n|-damage|p1a: King Pressure|20\/100 brn|[from] brn\n|-damage|p2a: Karkat|75\/100|[from] Salt Cure\n|-sideend|p2: Diatere|move: Aurora Veil\n|upkeep\n|turn|24\n|\n|t:|1701088991\n|move|p1a: King Pressure|Protect|p1a: King Pressure\n|-singleturn|p1a: King Pressure|Protect\n|move|p2a: Karkat|Scald|p1a: King Pressure\n|-activate|p1a: King Pressure|move: Protect\n|\n|-heal|p2a: Karkat|81\/100|[from] item: Leftovers\n|-heal|p1a: King Pressure|26\/100 brn|[from] item: Leftovers\n|-damage|p1a: King Pressure|20\/100 brn|[from] brn\n|-damage|p2a: Karkat|69\/100|[from] Salt Cure\n|upkeep\n|turn|25\n|\n|t:|1701088996\n|move|p2a: Karkat|Scald|p1a: King Pressure\n|-end|p1a: King Pressure|Substitute\n|move|p1a: King Pressure|Kowtow Cleave|p2a: Karkat\n|-damage|p2a: Karkat|61\/100\n|\n|-heal|p2a: Karkat|67\/100|[from] item: Leftovers\n|-heal|p1a: King Pressure|26\/100 brn|[from] item: Leftovers\n|-damage|p1a: King Pressure|20\/100 brn|[from] brn\n|-damage|p2a: Karkat|55\/100|[from] Salt Cure\n|upkeep\n|turn|26\n|\n|t:|1701089003\n|move|p1a: King Pressure|Protect|p1a: King Pressure\n|-singleturn|p1a: King Pressure|Protect\n|move|p2a: Karkat|Take Heart|p2a: Karkat\n|-boost|p2a: Karkat|spa|1\n|-boost|p2a: Karkat|spd|1\n|\n|-heal|p2a: Karkat|61\/100|[from] item: Leftovers\n|-heal|p1a: King Pressure|26\/100 brn|[from] item: Leftovers\n|-damage|p1a: King Pressure|20\/100 brn|[from] brn\n|-damage|p2a: Karkat|48\/100|[from] Salt Cure\n|upkeep\n|turn|27\n|\n|t:|1701089006\n|move|p1a: King Pressure|Protect||[still]\n|-fail|p1a: King Pressure\n|move|p2a: Karkat|Scald|p1a: King Pressure\n|-damage|p1a: King Pressure|0 fnt\n|faint|p1a: King Pressure\n|\n|-heal|p2a: Karkat|54\/100|[from] item: Leftovers\n|-damage|p2a: Karkat|42\/100|[from] Salt Cure\n|upkeep\n|inactive|PressurizedByWall has 120 seconds left.\n|\n|t:|1701089043\n|switch|p1a: TheGreatWall|Dondozo, F, shiny|100\/100\n|turn|28\n|\n|t:|1701089047\n|move|p2a: Karkat|Stored Power|p1a: TheGreatWall\n|-damage|p1a: TheGreatWall|45\/100\n|move|p1a: TheGreatWall|Liquidation|p2a: Karkat\n|-damage|p2a: Karkat|16\/100\n|\n|-heal|p2a: Karkat|22\/100|[from] item: Leftovers\n|-damage|p2a: Karkat|10\/100|[from] Salt Cure\n|upkeep\n|turn|29\n|\n|t:|1701089062\n|switch|p1a: WallLord|Garganacl, M|100\/100\n|move|p2a: Karkat|Stored Power|p1a: WallLord\n|-damage|p1a: WallLord|4\/100\n|\n|-heal|p2a: Karkat|16\/100|[from] item: Leftovers\n|-heal|p1a: WallLord|10\/100|[from] item: Leftovers\n|-damage|p2a: Karkat|4\/100|[from] Salt Cure\n|upkeep\n|turn|30\n|\n|t:|1701089068\n|move|p1a: WallLord|Protect|p1a: WallLord\n|-singleturn|p1a: WallLord|Protect\n|move|p2a: Karkat|Stored Power|p1a: WallLord\n|-activate|p1a: WallLord|move: Protect\n|\n|-heal|p2a: Karkat|10\/100|[from] item: Leftovers\n|-heal|p1a: WallLord|16\/100|[from] item: Leftovers\n|-damage|p2a: Karkat|0 fnt|[from] Salt Cure\n|faint|p2a: Karkat\n|upkeep\n|\n|t:|1701089073\n|switch|p2a: Tavros|Ninetales-Alola, M|52\/100\n|-damage|p2a: Tavros|27\/100|[from] Stealth Rock\n|-damage|p2a: Tavros|15\/100|[from] Spikes\n|-weather|Snow|[from] ability: Snow Warning|[of] p2a: Tavros\n|turn|31\n|\n|t:|1701089081\n|switch|p1a: DefenderOfTheWall|Clodsire, M, shiny|51\/100\n|move|p2a: Tavros|Aurora Veil|p2a: Tavros\n|-sidestart|p2: Diatere|move: Aurora Veil\n|\n|-weather|Snow|[upkeep]\n|upkeep\n|turn|32\n|\n|t:|1701089091\n|switch|p2a: Gamzee|Rillaboom, M|88\/100\n|-damage|p2a: Gamzee|75\/100|[from] Stealth Rock\n|-damage|p2a: Gamzee|63\/100|[from] Spikes\n|-fieldstart|move: Grassy Terrain|[from] ability: Grassy Surge|[of] p2a: Gamzee\n|move|p1a: DefenderOfTheWall|Toxic|p2a: Gamzee\n|-status|p2a: Gamzee|tox\n|\n|-weather|Snow|[upkeep]\n|-heal|p2a: Gamzee|69\/100 tox|[from] Grassy Terrain\n|-heal|p1a: DefenderOfTheWall|57\/100|[from] Grassy Terrain\n|-damage|p2a: Gamzee|63\/100 tox|[from] psn\n|upkeep\n|turn|33\n|\n|t:|1701089097\n|switch|p1a: TheGreatWall|Dondozo, F, shiny|45\/100\n|move|p2a: Gamzee|Grassy Glide|p1a: TheGreatWall\n|-supereffective|p1a: TheGreatWall\n|-damage|p1a: TheGreatWall|0 fnt\n|faint|p1a: TheGreatWall\n|\n|-weather|Snow|[upkeep]\n|-heal|p2a: Gamzee|69\/100 tox|[from] Grassy Terrain\n|-damage|p2a: Gamzee|57\/100 tox|[from] psn\n|upkeep\n|\n|t:|1701089104\n|switch|p1a: WallLord|Garganacl, M|16\/100\n|turn|34\n|\n|t:|1701089106\n|move|p1a: WallLord|Protect|p1a: WallLord\n|-singleturn|p1a: WallLord|Protect\n|move|p2a: Gamzee|Grassy Glide|p1a: WallLord\n|-activate|p1a: WallLord|move: Protect\n|\n|-weather|Snow|[upkeep]\n|-heal|p2a: Gamzee|63\/100 tox|[from] Grassy Terrain\n|-heal|p1a: WallLord|23\/100|[from] Grassy Terrain\n|-heal|p1a: WallLord|29\/100|[from] item: Leftovers\n|-damage|p2a: Gamzee|44\/100 tox|[from] psn\n|upkeep\n|turn|35\n|\n|t:|1701089111\n|switch|p1a: Knight Pressure|Corviknight, F, shiny|39\/100\n|-ability|p1a: Knight Pressure|Pressure\n|move|p2a: Gamzee|Grassy Glide|p1a: Knight Pressure\n|-resisted|p1a: Knight Pressure\n|-damage|p1a: Knight Pressure|31\/100\n|\n|-weather|none\n|-heal|p2a: Gamzee|51\/100 tox|[from] Grassy Terrain\n|-heal|p1a: Knight Pressure|37\/100|[from] item: Leftovers\n|-damage|p2a: Gamzee|26\/100 tox|[from] psn\n|upkeep\n|turn|36\n|\n|t:|1701089119\n|switch|p2a: Terezi|Ogerpon-Cornerstone, F|100\/100\n|-damage|p2a: Terezi|88\/100|[from] Stealth Rock\n|-damage|p2a: Terezi|76\/100|[from] Spikes\n|move|p1a: Knight Pressure|Roost|p1a: Knight Pressure\n|-heal|p1a: Knight Pressure|87\/100\n|-singleturn|p1a: Knight Pressure|move: Roost\n|\n|-heal|p2a: Terezi|82\/100|[from] Grassy Terrain\n|-heal|p1a: Knight Pressure|93\/100|[from] Grassy Terrain\n|-heal|p1a: Knight Pressure|99\/100|[from] item: Leftovers\n|-fieldend|move: Grassy Terrain\n|upkeep\n|turn|37\n|\n|t:|1701089125\n|move|p2a: Terezi|Swords Dance|p2a: Terezi\n|-boost|p2a: Terezi|atk|2\n|move|p1a: Knight Pressure|Brave Bird|p2a: Terezi\n|-damage|p2a: Terezi|56\/100\n|-damage|p1a: Knight Pressure|92\/100|[from] Recoil\n|\n|-heal|p1a: Knight Pressure|98\/100|[from] item: Leftovers\n|upkeep\n|turn|38\n|inactive|Diatere has 120 seconds left.\n|\n|t:|1701089158\n|switch|p1a: DefenderOfTheWall|Clodsire, M, shiny|57\/100\n|move|p2a: Terezi|Ivy Cudgel|p1a: DefenderOfTheWall|[anim] Ivy Cudgel Rock\n|-resisted|p1a: DefenderOfTheWall\n|-damage|p1a: DefenderOfTheWall|23\/100\n|\n|-sideend|p2: Diatere|move: Aurora Veil\n|upkeep\n|turn|39\n|\n|t:|1701089164\n|move|p2a: Terezi|Ivy Cudgel|p1a: DefenderOfTheWall|[anim] Ivy Cudgel Rock\n|-resisted|p1a: DefenderOfTheWall\n|-crit|p1a: DefenderOfTheWall\n|-damage|p1a: DefenderOfTheWall|0 fnt\n|faint|p1a: DefenderOfTheWall\n|\n|upkeep\n|\n|t:|1701089167\n|switch|p1a: Knight Pressure|Corviknight, F, shiny|98\/100\n|-ability|p1a: Knight Pressure|Pressure\n|turn|40\n|\n|t:|1701089175\n|move|p2a: Terezi|Ivy Cudgel|p1a: Knight Pressure|[anim] Ivy Cudgel Rock\n|-damage|p1a: Knight Pressure|33\/100\n|move|p1a: Knight Pressure|Brave Bird|p2a: Terezi\n|-damage|p2a: Terezi|11\/100\n|-damage|p1a: Knight Pressure|22\/100|[from] Recoil\n|\n|-heal|p1a: Knight Pressure|28\/100|[from] item: Leftovers\n|upkeep\n|turn|41\n|\n|t:|1701089183\n|move|p2a: Terezi|Ivy Cudgel|p1a: Knight Pressure|[anim] Ivy Cudgel Rock\n|-damage|p1a: Knight Pressure|0 fnt\n|faint|p1a: Knight Pressure\n|\n|upkeep\n|\n|t:|1701089185\n|switch|p1a: Lord Pressure|Zapdos, shiny|100\/100\n|-ability|p1a: Lord Pressure|Pressure\n|turn|42\n|\n|t:|1701089189\n|-terastallize|p1a: Lord Pressure|Electric\n|move|p2a: Terezi|Ivy Cudgel|p1a: Lord Pressure|[anim] Ivy Cudgel Rock\n|-crit|p1a: Lord Pressure\n|-damage|p1a: Lord Pressure|0 fnt\n|faint|p1a: Lord Pressure\n|\n|upkeep\n|-message|PressurizedByWall forfeited.\n|\n|win|Diatere\n|raw|PressurizedByWall's rating: 1478 &rarr; <strong>1455<\/strong><br \/>(-23 for losing)\n|raw|Diatere's rating: 1424 &rarr; <strong>1447<\/strong><br \/>(+23 for winning)\n|l|\u2606PressurizedByWall\n|c|\u2606Diatere|L\n","uploadtime":1701089199,"views":3,"p1id":"pressurizedbywall","p2id":"diatere","formatid":"gen9ou","rating":1447,"private":0,"password":""}