{"id":"gen9ou-1990959811","p1":"Lppc2","p2":"liaoya","format":"[Gen 9] OU","log":"|j|\u2606Lppc2\n|j|\u2606liaoya\n|t:|1700019990\n|gametype|singles\n|player|p1|Lppc2|psychicf|1367\n|player|p2|liaoya|petrel|1414\n|teamsize|p1|6\n|teamsize|p2|6\n|gen|9\n|tier|[Gen 9] OU\n|rated|\n|rule|Sleep Clause Mod: Limit one foe put to sleep\n|rule|Species Clause: Limit one of each Pok\u00e9mon\n|rule|OHKO Clause: OHKO moves are banned\n|rule|Evasion Items Clause: Evasion items are banned\n|rule|Evasion Moves Clause: Evasion moves are banned\n|rule|Endless Battle Clause: Forcing endless battles is banned\n|rule|HP Percentage Mod: HP is shown in percentages\n|clearpoke\n|poke|p1|Sneasler, F|\n|poke|p1|Articuno-Galar|\n|poke|p1|Sandy Shocks|\n|poke|p1|Dragonite, M|\n|poke|p1|Quaquaval, F|\n|poke|p1|Gholdengo|\n|poke|p2|Drifblim, M|\n|poke|p2|Garganacl, M|\n|poke|p2|Umbreon, F|\n|poke|p2|Rotom-Wash|\n|poke|p2|Glimmora, M|\n|poke|p2|Espeon, F|\n|teampreview\n|j| Lumity4ever\n|inactive|Battle timer is ON: inactive players will automatically lose when time's up. (requested by liaoya)\n|\n|t:|1700020000\n|start\n|switch|p1a: Sandy Shocks|Sandy Shocks|100\/100\n|switch|p2a: Rotom|Rotom-Wash|100\/100\n|turn|1\n|\n|t:|1700020003\n|move|p2a: Rotom|Hydro Pump|p1a: Sandy Shocks\n|-supereffective|p1a: Sandy Shocks\n|-damage|p1a: Sandy Shocks|0 fnt\n|faint|p1a: Sandy Shocks\n|-end|p1a: Sandy Shocks|Protosynthesis|[silent]\n|\n|upkeep\n|\n|t:|1700020012\n|switch|p1a: Gholdengo|Gholdengo|100\/100\n|-item|p1a: Gholdengo|Air Balloon\n|turn|2\n|\n|t:|1700020015\n|move|p2a: Rotom|Hydro Pump|p1a: Gholdengo|[miss]\n|-miss|p2a: Rotom|p1a: Gholdengo\n|move|p1a: Gholdengo|Shadow Ball|p2a: Rotom\n|-damage|p2a: Rotom|61\/100\n|\n|upkeep\n|turn|3\n|\n|t:|1700020022\n|switch|p1a: Dragonite|Dragonite, M|100\/100\n|move|p2a: Rotom|Hydro Pump|p1a: Dragonite\n|-resisted|p1a: Dragonite\n|-damage|p1a: Dragonite|88\/100\n|\n|upkeep\n|turn|4\n|\n|t:|1700020035\n|switch|p2a: Umbreon|Umbreon, F, shiny|100\/100\n|move|p1a: Dragonite|Dragon Dance|p1a: Dragonite\n|-boost|p1a: Dragonite|atk|1\n|-boost|p1a: Dragonite|spe|1\n|\n|upkeep\n|turn|5\n|\n|t:|1700020041\n|move|p1a: Dragonite|Dragon Dance|p1a: Dragonite\n|-boost|p1a: Dragonite|atk|1\n|-boost|p1a: Dragonite|spe|1\n|move|p2a: Umbreon|Foul Play|p1a: Dragonite\n|-damage|p1a: Dragonite|0 fnt\n|faint|p1a: Dragonite\n|\n|upkeep\n|\n|t:|1700020047\n|switch|p1a: Quaquaval|Quaquaval, F|100\/100\n|turn|6\n|\n|t:|1700020056\n|switch|p2a: Rotom|Rotom-Wash|61\/100\n|move|p1a: Quaquaval|Aqua Step|p2a: Rotom\n|-resisted|p2a: Rotom\n|-damage|p2a: Rotom|39\/100\n|-boost|p1a: Quaquaval|spe|1\n|\n|upkeep\n|turn|7\n|\n|t:|1700020066\n|move|p1a: Quaquaval|Close Combat|p2a: Rotom\n|-damage|p2a: Rotom|0 fnt\n|-unboost|p1a: Quaquaval|def|1\n|-unboost|p1a: Quaquaval|spd|1\n|faint|p2a: Rotom\n|-ability|p1a: Quaquaval|Moxie|boost\n|-boost|p1a: Quaquaval|atk|1\n|\n|upkeep\n|\n|t:|1700020075\n|switch|p2a: Espeon|Espeon, F|100\/100\n|turn|8\n|\n|t:|1700020081\n|move|p1a: Quaquaval|Aqua Step|p2a: Espeon\n|-damage|p2a: Espeon|27\/100\n|-boost|p1a: Quaquaval|spe|1\n|move|p2a: Espeon|Psyshock|p1a: Quaquaval\n|-supereffective|p1a: Quaquaval\n|-damage|p1a: Quaquaval|0 fnt\n|faint|p1a: Quaquaval\n|\n|upkeep\n|\n|t:|1700020096\n|switch|p1a: Articuno|Articuno-Galar|100\/100\n|turn|9\n|\n|t:|1700020101\n|switch|p2a: Drifblim|Drifblim, M|100\/100\n|move|p1a: Articuno|Calm Mind|p1a: Articuno\n|-boost|p1a: Articuno|spa|1\n|-boost|p1a: Articuno|spd|1\n|\n|upkeep\n|turn|10\n|\n|t:|1700020108\n|-terastallize|p1a: Articuno|Fighting\n|move|p2a: Drifblim|Trick|p1a: Articuno\n|-activate|p2a: Drifblim|move: Trick|[of] p1a: Articuno\n|-item|p1a: Articuno|Choice Scarf|[from] move: Trick\n|-item|p2a: Drifblim|Leftovers|[from] move: Trick\n|move|p1a: Articuno|Calm Mind|p1a: Articuno\n|-boost|p1a: Articuno|spa|1\n|-boost|p1a: Articuno|spd|1\n|\n|upkeep\n|turn|11\n|\n|t:|1700020127\n|switch|p1a: Sneasler|Sneasler, F|100\/100\n|-item|p1a: Sneasler|Air Balloon\n|switch|p2a: Espeon|Espeon, F|27\/100\n|\n|upkeep\n|turn|12\n|\n|t:|1700020132\n|switch|p1a: Articuno|Articuno-Galar, tera:Fighting|100\/100\n|move|p2a: Espeon|Trick|p1a: Articuno\n|-activate|p2a: Espeon|move: Trick|[of] p1a: Articuno\n|-item|p1a: Articuno|Choice Scarf|[from] move: Trick\n|-item|p2a: Espeon|Choice Scarf|[from] move: Trick\n|\n|upkeep\n|turn|13\n|\n|t:|1700020145\n|move|p1a: Articuno|Tera Blast|p2a: Espeon|[anim] Tera Blast Fighting\n|-resisted|p2a: Espeon\n|-damage|p2a: Espeon|10\/100\n|move|p2a: Espeon|Psyshock|p1a: Articuno\n|-supereffective|p1a: Articuno\n|-crit|p1a: Articuno\n|-damage|p1a: Articuno|0 fnt\n|faint|p1a: Articuno\n|\n|upkeep\n|\n|t:|1700020150\n|switch|p1a: Gholdengo|Gholdengo|100\/100\n|-item|p1a: Gholdengo|Air Balloon\n|turn|14\n|\n|t:|1700020153\n|move|p2a: Espeon|Psyshock|p1a: Gholdengo\n|-resisted|p1a: Gholdengo\n|-damage|p1a: Gholdengo|89\/100\n|-enditem|p1a: Gholdengo|Air Balloon\n|move|p1a: Gholdengo|Nasty Plot|p1a: Gholdengo\n|-boost|p1a: Gholdengo|spa|2\n|\n|upkeep\n|turn|15\n|\n|t:|1700020159\n|move|p2a: Espeon|Psyshock|p1a: Gholdengo\n|-resisted|p1a: Gholdengo\n|-damage|p1a: Gholdengo|77\/100\n|move|p1a: Gholdengo|Nasty Plot|p1a: Gholdengo\n|-boost|p1a: Gholdengo|spa|2\n|\n|upkeep\n|turn|16\n|\n|t:|1700020163\n|move|p2a: Espeon|Psyshock|p1a: Gholdengo\n|-resisted|p1a: Gholdengo\n|-damage|p1a: Gholdengo|65\/100\n|move|p1a: Gholdengo|Nasty Plot|p1a: Gholdengo\n|-boost|p1a: Gholdengo|spa|2\n|\n|upkeep\n|turn|17\n|\n|t:|1700020165\n|move|p2a: Espeon|Psyshock|p1a: Gholdengo\n|-resisted|p1a: Gholdengo\n|-damage|p1a: Gholdengo|54\/100\n|move|p1a: Gholdengo|Recover|p1a: Gholdengo\n|-heal|p1a: Gholdengo|100\/100\n|\n|upkeep\n|turn|18\n|\n|t:|1700020168\n|move|p2a: Espeon|Psyshock|p1a: Gholdengo\n|-resisted|p1a: Gholdengo\n|-damage|p1a: Gholdengo|89\/100\n|move|p1a: Gholdengo|Shadow Ball|p2a: Espeon\n|-supereffective|p2a: Espeon\n|-damage|p2a: Espeon|0 fnt\n|faint|p2a: Espeon\n|\n|upkeep\n|\n|t:|1700020173\n|switch|p2a: Drifblim|Drifblim, M|100\/100\n|turn|19\n|\n|t:|1700020177\n|move|p2a: Drifblim|Destiny Bond|p2a: Drifblim\n|-singlemove|p2a: Drifblim|Destiny Bond\n|move|p1a: Gholdengo|Shadow Ball|p2a: Drifblim\n|-supereffective|p2a: Drifblim\n|-crit|p2a: Drifblim\n|-damage|p2a: Drifblim|0 fnt\n|faint|p2a: Drifblim\n|-activate|p2a: Drifblim|move: Destiny Bond\n|faint|p1a: Gholdengo\n|\n|upkeep\n|\n|t:|1700020183\n|switch|p2a: Garganacl|Garganacl, M, shiny|100\/100\n|switch|p1a: Sneasler|Sneasler, F|100\/100\n|-item|p1a: Sneasler|Air Balloon\n|turn|20\n|\n|t:|1700020189\n|-terastallize|p2a: Garganacl|Ghost\n|move|p1a: Sneasler|Swords Dance|p1a: Sneasler\n|-boost|p1a: Sneasler|atk|2\n|move|p2a: Garganacl|Iron Defense|p2a: Garganacl\n|-boost|p2a: Garganacl|def|2\n|\n|upkeep\n|turn|21\n|\n|t:|1700020197\n|move|p1a: Sneasler|Swords Dance|p1a: Sneasler\n|-boost|p1a: Sneasler|atk|2\n|move|p2a: Garganacl|Iron Defense|p2a: Garganacl\n|-boost|p2a: Garganacl|def|2\n|\n|upkeep\n|turn|22\n|\n|t:|1700020201\n|move|p1a: Sneasler|Swords Dance|p1a: Sneasler\n|-boost|p1a: Sneasler|atk|2\n|move|p2a: Garganacl|Salt Cure|p1a: Sneasler\n|-resisted|p1a: Sneasler\n|-damage|p1a: Sneasler|89\/100\n|-start|p1a: Sneasler|Salt Cure\n|-enditem|p1a: Sneasler|Air Balloon\n|\n|-damage|p1a: Sneasler|76\/100|[from] Salt Cure\n|upkeep\n|turn|23\n|\n|t:|1700020204\n|move|p1a: Sneasler|Shadow Claw|p2a: Garganacl\n|-supereffective|p2a: Garganacl\n|-damage|p2a: Garganacl|75\/100\n|move|p2a: Garganacl|Iron Defense|p2a: Garganacl\n|-boost|p2a: Garganacl|def|2\n|\n|-heal|p2a: Garganacl|81\/100|[from] item: Leftovers\n|-damage|p1a: Sneasler|64\/100|[from] Salt Cure\n|upkeep\n|turn|24\n|\n|t:|1700020206\n|move|p1a: Sneasler|Shadow Claw|p2a: Garganacl\n|-supereffective|p2a: Garganacl\n|-damage|p2a: Garganacl|63\/100\n|move|p2a: Garganacl|Body Press|p1a: Sneasler\n|-resisted|p1a: Sneasler\n|-damage|p1a: Sneasler|0 fnt\n|faint|p1a: Sneasler\n|\n|win|liaoya\n|raw|Lppc2's rating: 1367 &rarr; <strong>1350<\/strong><br \/>(-17 for losing)\n|raw|liaoya's rating: 1414 &rarr; <strong>1431<\/strong><br \/>(+17 for winning)\n|l|\u2606Lppc2\n|c|\u2606liaoya|gg\n","uploadtime":1700020215,"views":10,"p1id":"lppc2","p2id":"liaoya","formatid":"gen9ou","rating":1350,"private":0,"password":""}