{"id":"gen9ou-1991694689","p1":"zshmoneyy","p2":"Pikka888","format":"[Gen 9] OU","log":"|j|\u2606zshmoneyy\n|j|\u2606Pikka888\n|t:|1700103568\n|gametype|singles\n|player|p1|zshmoneyy|ethan|1352\n|player|p2|Pikka888|102|1257\n|teamsize|p1|6\n|teamsize|p2|6\n|gen|9\n|tier|[Gen 9] OU\n|rated|\n|rule|Sleep Clause Mod: Limit one foe put to sleep\n|rule|Species Clause: Limit one of each Pok\u00e9mon\n|rule|OHKO Clause: OHKO moves are banned\n|rule|Evasion Items Clause: Evasion items are banned\n|rule|Evasion Moves Clause: Evasion moves are banned\n|rule|Endless Battle Clause: Forcing endless battles is banned\n|rule|HP Percentage Mod: HP is shown in percentages\n|clearpoke\n|poke|p1|Great Tusk|\n|poke|p1|Gholdengo|\n|poke|p1|Kingambit, F|\n|poke|p1|Sylveon, F|\n|poke|p1|Dondozo, M|\n|poke|p1|Cinderace, F|\n|poke|p2|Manaphy|\n|poke|p2|Ninetales-Alola, F|\n|poke|p2|Azelf|\n|poke|p2|Regidrago|\n|poke|p2|Tyranitar, F|\n|poke|p2|Iron Treads|\n|teampreview\n|inactive|Battle timer is ON: inactive players will automatically lose when time's up. (requested by Pikka888)\n|\n|t:|1700103575\n|start\n|switch|p1a: Mr President|Gholdengo|100\/100\n|switch|p2a: Azelf|Azelf, shiny|100\/100\n|turn|1\n|\n|t:|1700103584\n|move|p1a: Mr President|Shadow Ball|p2a: Azelf\n|-supereffective|p2a: Azelf\n|-enditem|p2a: Azelf|Focus Sash\n|-damage|p2a: Azelf|1\/100\n|move|p2a: Azelf|Knock Off|p1a: Mr President\n|-supereffective|p1a: Mr President\n|-damage|p1a: Mr President|22\/100\n|-enditem|p1a: Mr President|Choice Scarf|[from] move: Knock Off|[of] p2a: Azelf\n|\n|upkeep\n|turn|2\n|\n|t:|1700103598\n|switch|p1a: Cinderace|Cinderace, F|100\/100\n|move|p2a: Azelf|Knock Off|p1a: Cinderace\n|-damage|p1a: Cinderace|56\/100\n|-enditem|p1a: Cinderace|Heavy-Duty Boots|[from] move: Knock Off|[of] p2a: Azelf\n|\n|upkeep\n|turn|3\n|\n|t:|1700103619\n|switch|p2a: Ninetales|Ninetales-Alola, F, shiny|100\/100\n|-weather|Snow|[from] ability: Snow Warning|[of] p2a: Ninetales\n|move|p1a: Cinderace|U-turn|p2a: Ninetales\n|-start|p1a: Cinderace|typechange|Bug|[from] ability: Libero\n|-resisted|p2a: Ninetales\n|-damage|p2a: Ninetales|85\/100\n|\n|t:|1700103629\n|switch|p1a: Mr President|Gholdengo|22\/100|[from] U-turn\n|\n|-weather|Snow|[upkeep]\n|upkeep\n|turn|4\n|\n|t:|1700103634\n|move|p2a: Ninetales|Aurora Veil|p2a: Ninetales\n|-sidestart|p2: Pikka888|move: Aurora Veil\n|move|p1a: Mr President|Make It Rain|p2a: Ninetales\n|-supereffective|p2a: Ninetales\n|-damage|p2a: Ninetales|0 fnt\n|-unboost|p1a: Mr President|spa|1\n|faint|p2a: Ninetales\n|\n|-weather|Snow|[upkeep]\n|upkeep\n|\n|t:|1700103638\n|switch|p2a: Regidrago|Regidrago|100\/100\n|turn|5\n|inactive|zshmoneyy has 120 seconds left.\n|\n|t:|1700103668\n|switch|p1a: Sylveon|Sylveon, F, shiny|100\/100\n|move|p2a: Regidrago|Dragon Dance|p2a: Regidrago\n|-boost|p2a: Regidrago|atk|1\n|-boost|p2a: Regidrago|spe|1\n|\n|-weather|Snow|[upkeep]\n|upkeep\n|turn|6\n|\n|t:|1700103675\n|-terastallize|p2a: Regidrago|Steel\n|move|p2a: Regidrago|Tera Blast|p1a: Sylveon|[anim] Tera Blast Steel\n|-supereffective|p1a: Sylveon\n|-damage|p1a: Sylveon|0 fnt\n|faint|p1a: Sylveon\n|\n|-weather|Snow|[upkeep]\n|upkeep\n|inactive|zshmoneyy has 120 seconds left.\n|\n|t:|1700103686\n|switch|p1a: Dondozo|Dondozo, M|100\/100\n|turn|7\n|inactive|zshmoneyy has 120 seconds left.\n|\n|t:|1700103698\n|move|p2a: Regidrago|Scale Shot|p1a: Dondozo\n|-damage|p1a: Dondozo|90\/100\n|-damage|p1a: Dondozo|81\/100\n|-damage|p1a: Dondozo|72\/100\n|-damage|p1a: Dondozo|64\/100\n|-damage|p1a: Dondozo|56\/100\n|-hitcount|p1a: Dondozo|5\n|-unboost|p2a: Regidrago|def|1\n|-boost|p2a: Regidrago|spe|1\n|move|p1a: Dondozo|Liquidation|p2a: Regidrago\n|-damage|p2a: Regidrago|82\/100\n|\n|-weather|none\n|-heal|p1a: Dondozo|62\/100|[from] item: Leftovers\n|upkeep\n|turn|8\n|inactive|zshmoneyy has 120 seconds left.\n|\n|t:|1700103714\n|switch|p2a: Azelf|Azelf, shiny|1\/100\n|move|p1a: Dondozo|Rest|p1a: Dondozo\n|-status|p1a: Dondozo|slp|[from] move: Rest\n|-heal|p1a: Dondozo|100\/100 slp|[silent]\n|\n|upkeep\n|turn|9\n|inactive|zshmoneyy has 120 seconds left.\n|\n|t:|1700103727\n|move|p2a: Azelf|Stealth Rock|p1a: Dondozo\n|-sidestart|p1: zshmoneyy|move: Stealth Rock\n|cant|p1a: Dondozo|slp\n|move|p1a: Dondozo|Sleep Talk|p1a: Dondozo\n|move|p1a: Dondozo|Curse|p1a: Dondozo|[from]move: Sleep Talk\n|-unboost|p1a: Dondozo|spe|1\n|-boost|p1a: Dondozo|atk|1\n|-boost|p1a: Dondozo|def|1\n|\n|upkeep\n|turn|10\n|inactive|zshmoneyy has 120 seconds left.\n|\n|t:|1700103736\n|move|p2a: Azelf|Taunt|p1a: Dondozo\n|-start|p1a: Dondozo|move: Taunt\n|cant|p1a: Dondozo|slp\n|cant|p1a: Dondozo|move: Taunt|Sleep Talk\n|\n|upkeep\n|turn|11\n|\n|t:|1700103743\n|move|p2a: Azelf|Explosion|p1a: Dondozo\n|-damage|p1a: Dondozo|70\/100 slp\n|faint|p2a: Azelf\n|-curestatus|p1a: Dondozo|slp|[msg]\n|move|p1a: Dondozo|Liquidation|p2: Azelf|[notarget]\n|-fail|p1a: Dondozo\n|\n|-heal|p1a: Dondozo|76\/100|[from] item: Leftovers\n|-sideend|p2: Pikka888|move: Aurora Veil\n|upkeep\n|\n|t:|1700103749\n|switch|p2a: Manaphy|Manaphy|100\/100\n|turn|12\n|inactive|zshmoneyy has 120 seconds left.\n|\n|t:|1700103774\n|switch|p1a: Cinderace|Cinderace, F|56\/100\n|-damage|p1a: Cinderace|31\/100|[from] Stealth Rock\n|move|p2a: Manaphy|Acid Armor|p2a: Manaphy\n|-boost|p2a: Manaphy|def|2\n|\n|upkeep\n|turn|13\n|c|\u2606Pikka888|Liquidation huh\n|inactive|zshmoneyy has 120 seconds left.\n|\n|t:|1700103793\n|move|p1a: Cinderace|Court Change|p1a: Cinderace\n|-start|p1a: Cinderace|typechange|Normal|[from] ability: Libero\n|-swapsideconditions\n|-activate|p1a: Cinderace|move: Court Change\n|move|p2a: Manaphy|Acid Armor|p2a: Manaphy\n|-boost|p2a: Manaphy|def|2\n|\n|upkeep\n|turn|14\n|c|\u2606Pikka888|Oof\n|c|\u2606Pikka888|i am gonna switch anyways\n|\n|t:|1700103814\n|switch|p1a: Mr President|Gholdengo|22\/100\n|move|p2a: Manaphy|Take Heart|p2a: Manaphy\n|-boost|p2a: Manaphy|spa|1\n|-boost|p2a: Manaphy|spd|1\n|\n|upkeep\n|turn|15\n|\n|t:|1700103826\n|move|p2a: Manaphy|Scald|p1a: Mr President\n|-damage|p1a: Mr President|0 fnt\n|faint|p1a: Mr President\n|\n|upkeep\n|\n|t:|1700103834\n|switch|p1a: Dondozo|Dondozo, M|76\/100\n|turn|16\n|\n|t:|1700103839\n|move|p2a: Manaphy|Take Heart|p2a: Manaphy\n|-boost|p2a: Manaphy|spa|1\n|-boost|p2a: Manaphy|spd|1\n|move|p1a: Dondozo|Curse|p1a: Dondozo\n|-unboost|p1a: Dondozo|spe|1\n|-boost|p1a: Dondozo|atk|1\n|-boost|p1a: Dondozo|def|1\n|\n|-heal|p1a: Dondozo|82\/100|[from] item: Leftovers\n|upkeep\n|turn|17\n|\n|t:|1700103848\n|move|p2a: Manaphy|Take Heart|p2a: Manaphy\n|-boost|p2a: Manaphy|spa|1\n|-boost|p2a: Manaphy|spd|1\n|move|p1a: Dondozo|Curse|p1a: Dondozo\n|-unboost|p1a: Dondozo|spe|1\n|-boost|p1a: Dondozo|atk|1\n|-boost|p1a: Dondozo|def|1\n|\n|-heal|p1a: Dondozo|89\/100|[from] item: Leftovers\n|upkeep\n|turn|18\n|inactive|zshmoneyy has 120 seconds left.\n|\n|t:|1700103856\n|move|p2a: Manaphy|Stored Power|p1a: Dondozo\n|-damage|p1a: Dondozo|48\/100\n|move|p1a: Dondozo|Curse|p1a: Dondozo\n|-unboost|p1a: Dondozo|spe|1\n|-boost|p1a: Dondozo|atk|1\n|-boost|p1a: Dondozo|def|1\n|\n|-heal|p1a: Dondozo|54\/100|[from] item: Leftovers\n|upkeep\n|turn|19\n|inactive|zshmoneyy has 120 seconds left.\n|\n|t:|1700103873\n|move|p2a: Manaphy|Stored Power|p1a: Dondozo\n|-damage|p1a: Dondozo|12\/100\n|move|p1a: Dondozo|Rest|p1a: Dondozo\n|-status|p1a: Dondozo|slp|[from] move: Rest\n|-heal|p1a: Dondozo|100\/100 slp|[silent]\n|\n|upkeep\n|turn|20\n|inactive|zshmoneyy has 120 seconds left.\n|\n|t:|1700103880\n|move|p2a: Manaphy|Take Heart|p2a: Manaphy\n|-boost|p2a: Manaphy|spa|1\n|-boost|p2a: Manaphy|spd|1\n|cant|p1a: Dondozo|slp\n|move|p1a: Dondozo|Sleep Talk|p1a: Dondozo\n|move|p1a: Dondozo|Curse|p1a: Dondozo|[from]move: Sleep Talk\n|-unboost|p1a: Dondozo|spe|1\n|-boost|p1a: Dondozo|atk|1\n|-boost|p1a: Dondozo|def|1\n|\n|upkeep\n|turn|21\n|inactive|zshmoneyy has 120 seconds left.\n|\n|t:|1700103891\n|move|p2a: Manaphy|Acid Armor|p2a: Manaphy\n|-boost|p2a: Manaphy|def|2\n|cant|p1a: Dondozo|slp\n|move|p1a: Dondozo|Sleep Talk|p1a: Dondozo\n|move|p1a: Dondozo|Rest||[from]move: Sleep Talk|[still]\n|-fail|p1a: Dondozo\n|\n|upkeep\n|turn|22\n|c|\u2606Pikka888|Lets increase power\n|\n|t:|1700103900\n|move|p2a: Manaphy|Stored Power|p1a: Dondozo\n|-damage|p1a: Dondozo|42\/100 slp\n|-curestatus|p1a: Dondozo|slp|[msg]\n|move|p1a: Dondozo|Liquidation|p2a: Manaphy\n|-resisted|p2a: Manaphy\n|-damage|p2a: Manaphy|62\/100\n|\n|-heal|p2a: Manaphy|69\/100|[from] item: Leftovers\n|-heal|p1a: Dondozo|48\/100|[from] item: Leftovers\n|upkeep\n|turn|23\n|\n|t:|1700103912\n|move|p2a: Manaphy|Stored Power|p1a: Dondozo\n|-damage|p1a: Dondozo|0 fnt\n|faint|p1a: Dondozo\n|\n|-heal|p2a: Manaphy|75\/100|[from] item: Leftovers\n|upkeep\n|\n|t:|1700103921\n|switch|p1a: Cinderace|Cinderace, F|31\/100\n|turn|24\n|\n|t:|1700103924\n|move|p1a: Cinderace|Sucker Punch|p2a: Manaphy\n|-start|p1a: Cinderace|typechange|Dark|[from] ability: Libero\n|-damage|p2a: Manaphy|67\/100\n|move|p2a: Manaphy|Scald|p1a: Cinderace\n|-damage|p1a: Cinderace|0 fnt\n|faint|p1a: Cinderace\n|\n|-heal|p2a: Manaphy|73\/100|[from] item: Leftovers\n|upkeep\n|\n|t:|1700103933\n|switch|p1a: Kingambit|Kingambit, F|100\/100\n|-activate|p1a: Kingambit|ability: Supreme Overlord\n|-start|p1a: Kingambit|fallen4|[silent]\n|turn|25\n|\n|t:|1700103937\n|move|p1a: Kingambit|Sucker Punch|p2a: Manaphy\n|-crit|p2a: Manaphy\n|-damage|p2a: Manaphy|0 fnt\n|faint|p2a: Manaphy\n|\n|upkeep\n|c|\u2606Pikka888|Aww\n|c|\u2606Pikka888|Lucky crit\n|\n|t:|1700103961\n|switch|p2a: Iron Treads|Iron Treads|100\/100\n|-damage|p2a: Iron Treads|97\/100|[from] Stealth Rock\n|turn|26\n|\n|t:|1700103973\n|-end|p1a: Kingambit|fallen4|[silent]\n|switch|p1a: Mr Cycle|Great Tusk, shiny|100\/100\n|move|p2a: Iron Treads|Earthquake|p1a: Mr Cycle\n|-crit|p1a: Mr Cycle\n|-damage|p1a: Mr Cycle|47\/100\n|\n|upkeep\n|turn|27\n|\n|t:|1700103991\n|move|p2a: Iron Treads|Rapid Spin|p1a: Mr Cycle\n|-damage|p1a: Mr Cycle|36\/100\n|-boost|p2a: Iron Treads|spe|1\n|-sideend|p2: Pikka888|Stealth Rock|[from] move: Rapid Spin|[of] p2a: Iron Treads\n|move|p1a: Mr Cycle|Headlong Rush|p2a: Iron Treads\n|-supereffective|p2a: Iron Treads\n|-damage|p2a: Iron Treads|0 fnt\n|-unboost|p1a: Mr Cycle|def|1\n|-unboost|p1a: Mr Cycle|spd|1\n|faint|p2a: Iron Treads\n|-end|p2a: Iron Treads|Quark Drive|[silent]\n|\n|upkeep\n|\n|t:|1700103995\n|switch|p2a: Regidrago|Regidrago, tera:Steel|82\/100\n|turn|28\n|\n|t:|1700104003\n|move|p1a: Mr Cycle|Headlong Rush|p2a: Regidrago\n|-supereffective|p2a: Regidrago\n|-damage|p2a: Regidrago|0 fnt\n|-unboost|p1a: Mr Cycle|def|1\n|-unboost|p1a: Mr Cycle|spd|1\n|faint|p2a: Regidrago\n|\n|upkeep\n|\n|t:|1700104005\n|switch|p2a: Tyranitar|Tyranitar, F, shiny|100\/100\n|-weather|Sandstorm|[from] ability: Sand Stream|[of] p2a: Tyranitar\n|turn|29\n|\n|t:|1700104013\n|move|p1a: Mr Cycle|Headlong Rush|p2a: Tyranitar\n|-supereffective|p2a: Tyranitar\n|-damage|p2a: Tyranitar|0 fnt\n|-unboost|p1a: Mr Cycle|def|1\n|-unboost|p1a: Mr Cycle|spd|1\n|faint|p2a: Tyranitar\n|\n|win|zshmoneyy\n|raw|zshmoneyy's rating: 1352 &rarr; <strong>1367<\/strong><br \/>(+15 for winning)\n|raw|Pikka888's rating: 1257 &rarr; <strong>1239<\/strong><br \/>(-18 for losing)\n|c|\u2606zshmoneyy|AHHHHHHHHHHHHHHHH\n|c|\u2606Pikka888|Yes?\n|c|\u2606zshmoneyy|YESSSSSSSSSSSSSSSSSSSSSSS\n|j| kazuki27\n|c|\u2606zshmoneyy|YESSSSSSSSSSS\n|c|\u2606Pikka888|U really happy with yourself huh\n|c|\u2606Pikka888|gg\n|l|\u2606Pikka888\n|c|\u2606zshmoneyy|considering i lost to a lucky crit 3 times yesterday in the same fashion\n|c|\u2606zshmoneyy|yes\n|c|\u2606zshmoneyy|LOL\n","uploadtime":1700104022,"views":6,"p1id":"zshmoneyy","p2id":"pikka888","formatid":"gen9ou","rating":1239,"private":0,"password":""}