{"id":"gen9ou-1990703574","p1":"ena aplo testaki","p2":"schneggal","format":"[Gen 9] OU","log":"|j|\u2606ena aplo testaki\n|j|\u2606schneggal\n|t:|1699993211\n|gametype|singles\n|player|p1|ena aplo testaki|blaine|1203\n|player|p2|schneggal|101|1133\n|teamsize|p1|6\n|teamsize|p2|6\n|gen|9\n|tier|[Gen 9] OU\n|rated|\n|rule|Sleep Clause Mod: Limit one foe put to sleep\n|rule|Species Clause: Limit one of each Pok\u00e9mon\n|rule|OHKO Clause: OHKO moves are banned\n|rule|Evasion Items Clause: Evasion items are banned\n|rule|Evasion Moves Clause: Evasion moves are banned\n|rule|Endless Battle Clause: Forcing endless battles is banned\n|rule|HP Percentage Mod: HP is shown in percentages\n|clearpoke\n|poke|p1|Ribombee, M|\n|poke|p1|Iron Moth|\n|poke|p1|Garchomp, F|\n|poke|p1|Gholdengo|\n|poke|p1|Sneasler, F|\n|poke|p1|Kingambit, M|\n|poke|p2|Lilligant-Hisui, F|\n|poke|p2|Thundurus-Therian, M|\n|poke|p2|Iron Valiant|\n|poke|p2|Golem-Alola, M|\n|poke|p2|Zapdos-Galar|\n|poke|p2|Hatterene, F|\n|teampreview\n|inactive|Battle timer is ON: inactive players will automatically lose when time's up. (requested by ena aplo testaki)\n|c|\u2606schneggal|hello\n|\n|t:|1699993234\n|start\n|switch|p1a: Iron Moth|Iron Moth|100\/100\n|switch|p2a: Thundurus|Thundurus-Therian, M|100\/100\n|-enditem|p1a: Iron Moth|Booster Energy\n|-activate|p1a: Iron Moth|ability: Quark Drive|[fromitem]\n|-start|p1a: Iron Moth|quarkdrivespa\n|turn|1\n|\n|t:|1699993243\n|move|p2a: Thundurus|Grass Knot|p1a: Iron Moth\n|-resisted|p1a: Iron Moth\n|-damage|p1a: Iron Moth|91\/100\n|move|p1a: Iron Moth|Fiery Dance|p2a: Thundurus\n|-damage|p2a: Thundurus|11\/100\n|\n|upkeep\n|turn|2\n|\n|t:|1699993261\n|switch|p2a: Iron Valiant|Iron Valiant|100\/100\n|-terastallize|p1a: Iron Moth|Ground\n|move|p1a: Iron Moth|Fiery Dance|p2a: Iron Valiant\n|-damage|p2a: Iron Valiant|8\/100\n|-boost|p1a: Iron Moth|spa|1\n|\n|upkeep\n|turn|3\n|\n|t:|1699993271\n|move|p2a: Iron Valiant|Destiny Bond|p2a: Iron Valiant\n|-singlemove|p2a: Iron Valiant|Destiny Bond\n|move|p1a: Iron Moth|Fiery Dance|p2a: Iron Valiant\n|-damage|p2a: Iron Valiant|0 fnt\n|faint|p2a: Iron Valiant\n|-activate|p2a: Iron Valiant|move: Destiny Bond\n|-end|p2a: Iron Valiant|Quark Drive|[silent]\n|faint|p1a: Iron Moth\n|-end|p1a: Iron Moth|Quark Drive|[silent]\n|\n|upkeep\n|\n|t:|1699993295\n|switch|p2a: Zapdos|Zapdos-Galar, shiny|100\/100\n|switch|p1a: Ribombee|Ribombee, M|100\/100\n|turn|4\n|\n|t:|1699993303\n|move|p1a: Ribombee|Psychic|p2a: Zapdos\n|-supereffective|p2a: Zapdos\n|-damage|p2a: Zapdos|48\/100\n|-unboost|p2a: Zapdos|spd|1\n|-ability|p2a: Zapdos|Defiant|boost\n|-boost|p2a: Zapdos|atk|2\n|-enditem|p2a: Zapdos|Weakness Policy\n|-boost|p2a: Zapdos|atk|2|[from] item: Weakness Policy\n|-boost|p2a: Zapdos|spa|2|[from] item: Weakness Policy\n|move|p2a: Zapdos|Agility|p2a: Zapdos\n|-boost|p2a: Zapdos|spe|2\n|\n|upkeep\n|turn|5\n|\n|t:|1699993317\n|-terastallize|p2a: Zapdos|Dark\n|move|p2a: Zapdos|Knock Off|p1a: Ribombee\n|-resisted|p1a: Ribombee\n|-enditem|p1a: Ribombee|Focus Sash\n|-damage|p1a: Ribombee|1\/100\n|move|p1a: Ribombee|Psychic|p2a: Zapdos\n|-immune|p2a: Zapdos\n|\n|upkeep\n|turn|6\n|\n|t:|1699993326\n|move|p2a: Zapdos|Knock Off|p1a: Ribombee\n|-resisted|p1a: Ribombee\n|-damage|p1a: Ribombee|0 fnt\n|faint|p1a: Ribombee\n|\n|upkeep\n|\n|t:|1699993334\n|switch|p1a: Garchomp|Garchomp, F|100\/100\n|turn|7\n|\n|t:|1699993343\n|move|p2a: Zapdos|Knock Off|p1a: Garchomp\n|-crit|p1a: Garchomp\n|-damage|p1a: Garchomp|0 fnt\n|-damage|p2a: Zapdos|35\/100|[from] ability: Rough Skin|[of] p1a: Garchomp\n|-enditem|p1a: Garchomp|Loaded Dice|[from] move: Knock Off|[of] p2a: Zapdos\n|faint|p1a: Garchomp\n|\n|upkeep\n|\n|t:|1699993354\n|switch|p1a: Kingambit|Kingambit, M|100\/100\n|-activate|p1a: Kingambit|ability: Supreme Overlord\n|-start|p1a: Kingambit|fallen3|[silent]\n|turn|8\n|\n|t:|1699993359\n|move|p2a: Zapdos|Bulk Up|p2a: Zapdos\n|-boost|p2a: Zapdos|atk|1\n|-boost|p2a: Zapdos|def|1\n|move|p1a: Kingambit|Swords Dance|p1a: Kingambit\n|-boost|p1a: Kingambit|atk|2\n|\n|upkeep\n|turn|9\n|\n|t:|1699993366\n|move|p1a: Kingambit|Sucker Punch||[still]\n|-fail|p1a: Kingambit\n|move|p2a: Zapdos|Bulk Up|p2a: Zapdos\n|-boost|p2a: Zapdos|atk|1\n|-boost|p2a: Zapdos|def|1\n|\n|upkeep\n|turn|10\n|\n|t:|1699993372\n|move|p2a: Zapdos|Bulk Up|p2a: Zapdos\n|-boost|p2a: Zapdos|atk|0\n|-boost|p2a: Zapdos|def|1\n|move|p1a: Kingambit|Kowtow Cleave|p2a: Zapdos\n|-resisted|p2a: Zapdos\n|-damage|p2a: Zapdos|9\/100\n|\n|upkeep\n|turn|11\n|\n|t:|1699993380\n|move|p2a: Zapdos|Bulk Up|p2a: Zapdos\n|-boost|p2a: Zapdos|atk|0\n|-boost|p2a: Zapdos|def|1\n|move|p1a: Kingambit|Swords Dance|p1a: Kingambit\n|-boost|p1a: Kingambit|atk|2\n|\n|upkeep\n|turn|12\n|\n|t:|1699993391\n|move|p1a: Kingambit|Sucker Punch|p2a: Zapdos\n|-resisted|p2a: Zapdos\n|-damage|p2a: Zapdos|0 fnt\n|faint|p2a: Zapdos\n|\n|upkeep\n|\n|t:|1699993402\n|switch|p2a: Golem|Golem-Alola, M, shiny|100\/100\n|turn|13\n|\n|t:|1699993406\n|move|p1a: Kingambit|Kowtow Cleave|p2a: Golem\n|-damage|p2a: Golem|0 fnt\n|faint|p2a: Golem\n|\n|upkeep\n|\n|t:|1699993414\n|switch|p2a: Lilligant|Lilligant-Hisui, F|100\/100\n|turn|14\n|\n|t:|1699993420\n|move|p2a: Lilligant|Victory Dance|p2a: Lilligant\n|-boost|p2a: Lilligant|atk|1\n|-boost|p2a: Lilligant|def|1\n|-boost|p2a: Lilligant|spe|1\n|move|p1a: Kingambit|Kowtow Cleave|p2a: Lilligant\n|-resisted|p2a: Lilligant\n|-damage|p2a: Lilligant|19\/100\n|\n|upkeep\n|turn|15\n|c|\u2606schneggal|ban kingambit now\n|\n|t:|1699993438\n|move|p2a: Lilligant|Victory Dance|p2a: Lilligant\n|-boost|p2a: Lilligant|atk|1\n|-boost|p2a: Lilligant|def|1\n|-boost|p2a: Lilligant|spe|1\n|move|p1a: Kingambit|Kowtow Cleave|p2a: Lilligant\n|-resisted|p2a: Lilligant\n|-damage|p2a: Lilligant|0 fnt\n|faint|p2a: Lilligant\n|\n|upkeep\n|\n|t:|1699993447\n|switch|p2a: Thundurus|Thundurus-Therian, M|11\/100\n|turn|16\n|\n|t:|1699993461\n|move|p2a: Thundurus|Volt Switch|p1a: Kingambit\n|-damage|p1a: Kingambit|44\/100\n|\n|t:|1699993469\n|switch|p2a: Hatterene|Hatterene, F|100\/100|[from] Volt Switch\n|move|p1a: Kingambit|Kowtow Cleave|p2a: Hatterene\n|-damage|p2a: Hatterene|0 fnt\n|faint|p2a: Hatterene\n|\n|upkeep\n|\n|t:|1699993476\n|switch|p2a: Thundurus|Thundurus-Therian, M|11\/100\n|turn|17\n|\n|t:|1699993491\n|move|p1a: Kingambit|Sucker Punch|p2a: Thundurus\n|-damage|p2a: Thundurus|0 fnt\n|faint|p2a: Thundurus\n|\n|win|ena aplo testaki\n|raw|ena aplo testaki's rating: 1203 &rarr; <strong>1223<\/strong><br \/>(+20 for winning)\n|raw|schneggal's rating: 1133 &rarr; <strong>1113<\/strong><br \/>(-20 for losing)\n|l|\u2606schneggal\n","uploadtime":1699993512,"views":12,"p1id":"enaaplotestaki","p2id":"schneggal","formatid":"gen9ou","rating":1113,"private":0,"password":""}