{"id":"gen9ou-1994707140","p1":"Vigilante V8","p2":"camo13","format":"[Gen 9] OU","log":"|j|\u2606Vigilante V8\n|j|\u2606camo13\n|t:|1700483838\n|gametype|singles\n|player|p1|Vigilante V8|169|1730\n|player|p2|camo13|265|1667\n|teamsize|p1|6\n|teamsize|p2|6\n|gen|9\n|tier|[Gen 9] OU\n|rated|\n|rule|Sleep Clause Mod: Limit one foe put to sleep\n|rule|Species Clause: Limit one of each Pok\u00e9mon\n|rule|OHKO Clause: OHKO moves are banned\n|rule|Evasion Items Clause: Evasion items are banned\n|rule|Evasion Moves Clause: Evasion moves are banned\n|rule|Endless Battle Clause: Forcing endless battles is banned\n|rule|HP Percentage Mod: HP is shown in percentages\n|clearpoke\n|poke|p1|Clodsire, F|\n|poke|p1|Corviknight, M|\n|poke|p1|Dondozo, M|\n|poke|p1|Kingambit, F|\n|poke|p1|Weavile, M|\n|poke|p1|Garganacl, F|\n|poke|p2|Clodsire, F|\n|poke|p2|Dragonite, M|\n|poke|p2|Corviknight, F|\n|poke|p2|Arcanine-Hisui, M|\n|poke|p2|Dondozo, F|\n|poke|p2|Iron Valiant|\n|teampreview\n|inactive|Battle timer is ON: inactive players will automatically lose when time's up. (requested by camo13)\n|j| nefario labs\n|\n|t:|1700483844\n|start\n|switch|p1a: Weavile|Weavile, M|100\/100\n|switch|p2a: Iron Valiant|Iron Valiant|100\/100\n|-ability|p1a: Weavile|Pressure\n|turn|1\n|\n|t:|1700483851\n|switch|p1a: Clodsire|Clodsire, F|100\/100\n|move|p2a: Iron Valiant|Drain Punch|p1a: Clodsire\n|-resisted|p1a: Clodsire\n|-damage|p1a: Clodsire|77\/100\n|\n|-heal|p1a: Clodsire|83\/100|[from] item: Black Sludge\n|upkeep\n|turn|2\n|\n|t:|1700483856\n|move|p2a: Iron Valiant|Swords Dance|p2a: Iron Valiant\n|-boost|p2a: Iron Valiant|atk|2\n|move|p1a: Clodsire|Toxic|p2a: Iron Valiant\n|-status|p2a: Iron Valiant|tox\n|\n|-heal|p1a: Clodsire|90\/100|[from] item: Black Sludge\n|-damage|p2a: Iron Valiant|94\/100 tox|[from] psn\n|upkeep\n|turn|3\n|\n|t:|1700483864\n|switch|p1a: Dondozo|Dondozo, M|100\/100\n|move|p2a: Iron Valiant|Ice Punch|p1a: Dondozo\n|-resisted|p1a: Dondozo\n|-damage|p1a: Dondozo|95\/100\n|\n|-heal|p1a: Dondozo|100\/100|[from] item: Leftovers\n|-damage|p2a: Iron Valiant|82\/100 tox|[from] psn\n|upkeep\n|turn|4\n|\n|t:|1700483868\n|move|p2a: Iron Valiant|Knock Off|p1a: Dondozo\n|-damage|p1a: Dondozo|85\/100\n|-enditem|p1a: Dondozo|Leftovers|[from] move: Knock Off|[of] p2a: Iron Valiant\n|move|p1a: Dondozo|Wave Crash|p2a: Iron Valiant\n|-damage|p2a: Iron Valiant|30\/100 tox\n|-damage|p1a: Dondozo|75\/100|[from] Recoil\n|\n|-damage|p2a: Iron Valiant|11\/100 tox|[from] psn\n|upkeep\n|turn|5\n|\n|t:|1700483875\n|move|p2a: Iron Valiant|Drain Punch|p1a: Dondozo\n|-damage|p1a: Dondozo|59\/100\n|-heal|p2a: Iron Valiant|25\/100 tox|[from] drain|[of] p1a: Dondozo\n|move|p1a: Dondozo|Curse|p1a: Dondozo\n|-unboost|p1a: Dondozo|spe|1\n|-boost|p1a: Dondozo|atk|1\n|-boost|p1a: Dondozo|def|1\n|\n|-damage|p2a: Iron Valiant|0 fnt|[from] psn\n|faint|p2a: Iron Valiant\n|-end|p2a: Iron Valiant|Quark Drive|[silent]\n|upkeep\n|\n|t:|1700483883\n|switch|p2a: Arcanine|Arcanine-Hisui, M|100\/100\n|turn|6\n|\n|t:|1700483887\n|move|p2a: Arcanine|Head Smash|p1a: Dondozo\n|-damage|p1a: Dondozo|28\/100\n|move|p1a: Dondozo|Wave Crash|p2a: Arcanine\n|-supereffective|p2a: Arcanine\n|-damage|p2a: Arcanine|0 fnt\n|faint|p2a: Arcanine\n|-damage|p1a: Dondozo|7\/100|[from] Recoil\n|\n|upkeep\n|\n|t:|1700483895\n|switch|p2a: Dragonite|Dragonite, M|100\/100\n|turn|7\n|\n|t:|1700483899\n|move|p2a: Dragonite|Earthquake|p1a: Dondozo\n|-damage|p1a: Dondozo|0 fnt\n|faint|p1a: Dondozo\n|\n|upkeep\n|\n|t:|1700483904\n|switch|p1a: Garganacl|Garganacl, F|100\/100\n|turn|8\n|\n|t:|1700483908\n|switch|p2a: Clodsire|Clodsire, F|100\/100\n|-terastallize|p1a: Garganacl|Water\n|move|p1a: Garganacl|Salt Cure|p2a: Clodsire\n|-resisted|p2a: Clodsire\n|-damage|p2a: Clodsire|93\/100\n|-start|p2a: Clodsire|Salt Cure\n|\n|-heal|p2a: Clodsire|99\/100|[from] item: Leftovers\n|-damage|p2a: Clodsire|86\/100|[from] Salt Cure\n|upkeep\n|turn|9\n|\n|t:|1700483916\n|switch|p2a: Corviknight|Corviknight, F|100\/100\n|move|p1a: Garganacl|Stealth Rock|p2a: Corviknight\n|-sidestart|p2: camo13|move: Stealth Rock\n|\n|upkeep\n|turn|10\n|\n|t:|1700483922\n|move|p2a: Corviknight|Defog|p1a: Garganacl\n|-unboost|p1a: Garganacl|evasion|1\n|-sideend|p2: camo13|Stealth Rock|[from] move: Defog|[of] p2a: Corviknight\n|move|p1a: Garganacl|Salt Cure|p2a: Corviknight\n|-damage|p2a: Corviknight|91\/100\n|-start|p2a: Corviknight|Salt Cure\n|\n|-damage|p2a: Corviknight|66\/100|[from] Salt Cure\n|upkeep\n|turn|11\n|\n|t:|1700483930\n|move|p2a: Corviknight|Body Press|p1a: Garganacl\n|-damage|p1a: Garganacl|82\/100\n|move|p1a: Garganacl|Salt Cure|p2a: Corviknight\n|-damage|p2a: Corviknight|57\/100\n|\n|-heal|p1a: Garganacl|88\/100|[from] item: Leftovers\n|-damage|p2a: Corviknight|32\/100|[from] Salt Cure\n|upkeep\n|turn|12\n|\n|t:|1700483937\n|move|p2a: Corviknight|U-turn|p1a: Garganacl\n|-damage|p1a: Garganacl|79\/100\n|\n|t:|1700483940\n|switch|p2a: Clodsire|Clodsire, F|86\/100|[from] U-turn\n|move|p1a: Garganacl|Stealth Rock|p2a: Clodsire\n|-sidestart|p2: camo13|move: Stealth Rock\n|\n|-heal|p1a: Garganacl|85\/100|[from] item: Leftovers\n|-heal|p2a: Clodsire|93\/100|[from] item: Leftovers\n|upkeep\n|turn|13\n|j| mew852\n|\n|t:|1700483944\n|move|p1a: Garganacl|Salt Cure|p2a: Clodsire\n|-resisted|p2a: Clodsire\n|-damage|p2a: Clodsire|85\/100\n|-start|p2a: Clodsire|Salt Cure\n|move|p2a: Clodsire|Earthquake|p1a: Garganacl\n|-damage|p1a: Garganacl|66\/100\n|\n|-heal|p1a: Garganacl|73\/100|[from] item: Leftovers\n|-heal|p2a: Clodsire|91\/100|[from] item: Leftovers\n|-damage|p2a: Clodsire|79\/100|[from] Salt Cure\n|upkeep\n|turn|14\n|\n|t:|1700483950\n|switch|p1a: Kingambit|Kingambit, F|100\/100\n|-activate|p1a: Kingambit|ability: Supreme Overlord\n|-start|p1a: Kingambit|fallen1|[silent]\n|move|p2a: Clodsire|Earthquake|p1a: Kingambit\n|-supereffective|p1a: Kingambit\n|-damage|p1a: Kingambit|54\/100\n|\n|-heal|p2a: Clodsire|85\/100|[from] item: Leftovers\n|-damage|p2a: Clodsire|72\/100|[from] Salt Cure\n|upkeep\n|turn|15\n|\n|t:|1700483959\n|switch|p2a: Dondozo|Dondozo, F|100\/100\n|-damage|p2a: Dondozo|88\/100|[from] Stealth Rock\n|move|p1a: Kingambit|Kowtow Cleave|p2a: Dondozo\n|-damage|p2a: Dondozo|61\/100\n|-damage|p1a: Kingambit|38\/100|[from] item: Rocky Helmet|[of] p2a: Dondozo\n|\n|upkeep\n|turn|16\n|\n|t:|1700483969\n|-end|p1a: Kingambit|fallen1|[silent]\n|switch|p1a: Corviknight|Corviknight, M|100\/100\n|-ability|p1a: Corviknight|Pressure\n|move|p2a: Dondozo|Waterfall|p1a: Corviknight\n|-damage|p1a: Corviknight|83\/100\n|-damage|p2a: Dondozo|44\/100|[from] item: Rocky Helmet|[of] p1a: Corviknight\n|\n|upkeep\n|turn|17\n|\n|t:|1700483973\n|switch|p2a: Corviknight|Corviknight, F|32\/100\n|-damage|p2a: Corviknight|20\/100|[from] Stealth Rock\n|move|p1a: Corviknight|U-turn|p2a: Corviknight\n|-resisted|p2a: Corviknight\n|-damage|p2a: Corviknight|17\/100\n|-damage|p1a: Corviknight|67\/100|[from] item: Rocky Helmet|[of] p2a: Corviknight\n|\n|t:|1700483980\n|switch|p1a: Weavile|Weavile, M|100\/100|[from] U-turn\n|-ability|p1a: Weavile|Pressure\n|\n|upkeep\n|turn|18\n|\n|t:|1700483992\n|move|p1a: Weavile|Knock Off|p2a: Corviknight\n|-damage|p2a: Corviknight|0 fnt\n|-damage|p1a: Weavile|84\/100|[from] item: Rocky Helmet|[of] p2a: Corviknight\n|-enditem|p2a: Corviknight|Rocky Helmet|[from] move: Knock Off|[of] p1a: Weavile\n|faint|p2a: Corviknight\n|\n|upkeep\n|\n|t:|1700483995\n|switch|p2a: Dondozo|Dondozo, F|44\/100\n|-damage|p2a: Dondozo|32\/100|[from] Stealth Rock\n|turn|19\n|\n|t:|1700484003\n|move|p1a: Weavile|Knock Off|p2a: Dondozo\n|-damage|p2a: Dondozo|0 fnt\n|-damage|p1a: Weavile|68\/100|[from] item: Rocky Helmet|[of] p2a: Dondozo\n|-enditem|p2a: Dondozo|Rocky Helmet|[from] move: Knock Off|[of] p1a: Weavile\n|faint|p2a: Dondozo\n|\n|upkeep\n|\n|t:|1700484011\n|switch|p2a: Clodsire|Clodsire, F|72\/100\n|-damage|p2a: Clodsire|66\/100|[from] Stealth Rock\n|turn|20\n|\n|t:|1700484015\n|move|p1a: Weavile|Knock Off|p2a: Clodsire\n|-damage|p2a: Clodsire|0 fnt\n|-enditem|p2a: Clodsire|Leftovers|[from] move: Knock Off|[of] p1a: Weavile\n|faint|p2a: Clodsire\n|\n|upkeep\n|\n|t:|1700484018\n|switch|p2a: Dragonite|Dragonite, M|100\/100\n|-damage|p2a: Dragonite|76\/100|[from] Stealth Rock\n|turn|21\n|\n|t:|1700484024\n|move|p1a: Weavile|Knock Off|p2a: Dragonite\n|-damage|p2a: Dragonite|5\/100\n|-enditem|p2a: Dragonite|Weakness Policy|[from] move: Knock Off|[of] p1a: Weavile\n|move|p2a: Dragonite|Dragon Dance|p2a: Dragonite\n|-boost|p2a: Dragonite|atk|1\n|-boost|p2a: Dragonite|spe|1\n|\n|upkeep\n|turn|22\n|\n|t:|1700484030\n|-terastallize|p2a: Dragonite|Normal\n|move|p2a: Dragonite|Extreme Speed|p1a: Weavile\n|-damage|p1a: Weavile|0 fnt\n|faint|p1a: Weavile\n|\n|upkeep\n|\n|t:|1700484035\n|switch|p1a: Corviknight|Corviknight, M|67\/100\n|-ability|p1a: Corviknight|Pressure\n|turn|23\n|\n|t:|1700484040\n|move|p2a: Dragonite|Roost|p2a: Dragonite\n|-heal|p2a: Dragonite|55\/100\n|move|p1a: Corviknight|Body Press|p2a: Dragonite\n|-supereffective|p2a: Dragonite\n|-damage|p2a: Dragonite|3\/100\n|\n|upkeep\n|turn|24\n|\n|t:|1700484048\n|move|p2a: Dragonite|Roost|p2a: Dragonite\n|-heal|p2a: Dragonite|53\/100\n|move|p1a: Corviknight|Body Press|p2a: Dragonite\n|-supereffective|p2a: Dragonite\n|-damage|p2a: Dragonite|2\/100\n|\n|upkeep\n|turn|25\n|\n|t:|1700484058\n|move|p2a: Dragonite|Roost|p2a: Dragonite\n|-heal|p2a: Dragonite|52\/100\n|move|p1a: Corviknight|Body Press|p2a: Dragonite\n|-supereffective|p2a: Dragonite\n|-damage|p2a: Dragonite|5\/100\n|\n|upkeep\n|turn|26\n|\n|t:|1700484061\n|move|p2a: Dragonite|Roost|p2a: Dragonite\n|-heal|p2a: Dragonite|55\/100\n|move|p1a: Corviknight|Body Press|p2a: Dragonite\n|-supereffective|p2a: Dragonite\n|-damage|p2a: Dragonite|8\/100\n|\n|upkeep\n|turn|27\n|\n|t:|1700484063\n|move|p2a: Dragonite|Roost|p2a: Dragonite\n|-heal|p2a: Dragonite|58\/100\n|move|p1a: Corviknight|Body Press|p2a: Dragonite\n|-supereffective|p2a: Dragonite\n|-damage|p2a: Dragonite|7\/100\n|\n|upkeep\n|turn|28\n|\n|t:|1700484066\n|move|p2a: Dragonite|Roost|p2a: Dragonite\n|-heal|p2a: Dragonite|57\/100\n|move|p1a: Corviknight|Body Press|p2a: Dragonite\n|-supereffective|p2a: Dragonite\n|-damage|p2a: Dragonite|11\/100\n|\n|upkeep\n|turn|29\n|\n|t:|1700484068\n|move|p2a: Dragonite|Roost|p2a: Dragonite\n|-heal|p2a: Dragonite|61\/100\n|move|p1a: Corviknight|Body Press|p2a: Dragonite\n|-supereffective|p2a: Dragonite\n|-damage|p2a: Dragonite|11\/100\n|\n|upkeep\n|turn|30\n|l| nefario labs\n|\n|t:|1700484074\n|move|p2a: Dragonite|Dragon Dance|p2a: Dragonite\n|-boost|p2a: Dragonite|atk|1\n|-boost|p2a: Dragonite|spe|1\n|move|p1a: Corviknight|Body Press|p2a: Dragonite\n|-supereffective|p2a: Dragonite\n|-damage|p2a: Dragonite|0 fnt\n|faint|p2a: Dragonite\n|\n|win|Vigilante V8\n|raw|Vigilante V8's rating: 1730 &rarr; <strong>1746<\/strong><br \/>(+16 for winning)\n|raw|camo13's rating: 1667 &rarr; <strong>1651<\/strong><br \/>(-16 for losing)\n|l|\u2606camo13\n|l|\u2606Vigilante V8\n","uploadtime":1700484195,"views":4,"p1id":"vigilantev8","p2id":"camo13","formatid":"gen9ou","rating":1651,"private":0,"password":""}