{"id":"gen9ou-1995733060","p1":"halfdivine","p2":"LegendaryNinjaDude","format":"[Gen 9] OU","log":"|j|\u2606halfdivine\n|j|\u2606LegendaryNinjaDude\n|t:|1700598069\n|gametype|singles\n|player|p1|halfdivine|265|\n|player|p2|LegendaryNinjaDude|265|\n|teamsize|p1|6\n|teamsize|p2|6\n|gen|9\n|tier|[Gen 9] OU\n|rule|Sleep Clause Mod: Limit one foe put to sleep\n|rule|Species Clause: Limit one of each Pok\u00e9mon\n|rule|OHKO Clause: OHKO moves are banned\n|rule|Evasion Items Clause: Evasion items are banned\n|rule|Evasion Moves Clause: Evasion moves are banned\n|rule|Endless Battle Clause: Forcing endless battles is banned\n|rule|HP Percentage Mod: HP is shown in percentages\n|clearpoke\n|poke|p1|Hatterene, F|\n|poke|p1|Torkoal, M|\n|poke|p1|Brute Bonnet|\n|poke|p1|Orthworm, M|\n|poke|p1|Walking Wake|\n|poke|p1|Infernape, M|\n|poke|p2|Toxapex, F|\n|poke|p2|Heatran, F|\n|poke|p2|Torterra, F|\n|poke|p2|Iron Treads|\n|poke|p2|Chandelure, F|\n|poke|p2|Ditto|\n|teampreview\n|j| x_Zavi\n|c|\u2606halfdivine|glhf\n|c|\u2606LegendaryNinjaDude|You too.\n|\n|t:|1700598085\n|start\n|switch|p1a: Hatterene|Hatterene, F|100\/100\n|switch|p2a: Ditto|Ditto, shiny|100\/100\n|-transform|p2a: Ditto|p1a: Hatterene|[from] ability: Imposter\n|turn|1\n|\n|t:|1700598103\n|switch|p2a: Heatran|Heatran, F|100\/100\n|move|p1a: Hatterene|Trick Room|p1a: Hatterene\n|-fieldstart|move: Trick Room|[of] p1a: Hatterene\n|\n|upkeep\n|turn|2\n|\n|t:|1700598120\n|move|p1a: Hatterene|Psychic|p2a: Heatran\n|-resisted|p2a: Heatran\n|-crit|p2a: Heatran\n|-damage|p2a: Heatran|65\/100\n|move|p2a: Heatran|Magma Storm|p1a: Hatterene\n|-damage|p1a: Hatterene|43\/100\n|-activate|p1a: Hatterene|move: Magma Storm|[of] p2a: Heatran\n|-enditem|p1a: Hatterene|Eject Button\n|\n|t:|1700598136\n|switch|p1a: Orthworm|Orthworm, M|100\/100\n|\n|-heal|p2a: Heatran|71\/100|[from] item: Leftovers\n|upkeep\n|turn|3\n|\n|t:|1700598142\n|move|p2a: Heatran|Protect|p2a: Heatran\n|-singleturn|p2a: Heatran|Protect\n|move|p1a: Orthworm|Earthquake|p2a: Heatran\n|-activate|p2a: Heatran|move: Protect\n|\n|-heal|p2a: Heatran|77\/100|[from] item: Leftovers\n|upkeep\n|turn|4\n|\n|t:|1700598149\n|switch|p2a: Ditto|Ditto, shiny|100\/100\n|-transform|p2a: Ditto|p1a: Orthworm|[from] ability: Imposter\n|move|p1a: Orthworm|Earthquake|p2a: Ditto\n|-immune|p2a: Ditto|[from] ability: Earth Eater\n|\n|upkeep\n|turn|5\n|c|\u2606halfdivine|feck\n|\n|t:|1700598165\n|switch|p2a: Chandelure|Chandelure, F|100\/100\n|move|p1a: Orthworm|Body Press|p2a: Chandelure\n|-immune|p2a: Chandelure\n|\n|-fieldend|move: Trick Room\n|upkeep\n|turn|6\n|c|\u2606halfdivine|DAMN\n|c|\u2606LegendaryNinjaDude|Defensive Ditto is one of my favorites.\n|c|\u2606halfdivine|good play\n|\n|t:|1700598186\n|move|p2a: Chandelure|Overheat|p1a: Orthworm|[miss]\n|-miss|p2a: Chandelure|p1a: Orthworm\n|move|p1a: Orthworm|Earthquake|p2a: Chandelure\n|-supereffective|p2a: Chandelure\n|-damage|p2a: Chandelure|30\/100\n|\n|upkeep\n|turn|7\n|c|\u2606halfdivine|real\n|c|\u2606LegendaryNinjaDude|Well frick.\n|c|\u2606halfdivine|hehe\n|\n|t:|1700598195\n|move|p2a: Chandelure|Overheat|p1a: Orthworm\n|-supereffective|p1a: Orthworm\n|-damage|p1a: Orthworm|0 fnt\n|-unboost|p2a: Chandelure|spa|2\n|faint|p1a: Orthworm\n|\n|upkeep\n|\n|t:|1700598203\n|switch|p1a: Infernape|Infernape, M|100\/100\n|turn|8\n|\n|t:|1700598220\n|switch|p2a: Torterra|Torterra, F|100\/100\n|move|p1a: Infernape|Earthquake|p2a: Torterra\n|-resisted|p2a: Torterra\n|-damage|p2a: Torterra|88\/100\n|\n|upkeep\n|turn|9\n|c|\u2606halfdivine|surprised you didnt sack tbh\n|l| x_Zavi\n|c|\u2606LegendaryNinjaDude|I want that thing alive.\n|\n|t:|1700598249\n|switch|p1a: Torkoal|Torkoal, M|100\/100\n|-weather|SunnyDay|[from] ability: Drought|[of] p1a: Torkoal\n|move|p2a: Torterra|Iron Defense|p2a: Torterra\n|-boost|p2a: Torterra|def|2\n|\n|-weather|SunnyDay|[upkeep]\n|upkeep\n|turn|10\n|c|\u2606halfdivine|Fair nuff, it's pretty good\n|\n|t:|1700598261\n|switch|p2a: Heatran|Heatran, F|77\/100\n|move|p1a: Torkoal|Lava Plume|p2a: Heatran\n|-start|p2a: Heatran|ability: Flash Fire\n|\n|-weather|SunnyDay|[upkeep]\n|-heal|p2a: Heatran|83\/100|[from] item: Leftovers\n|upkeep\n|turn|11\n|c|\u2606LegendaryNinjaDude|Oh boy, this'll be funb.\n|c|\u2606LegendaryNinjaDude|Fun.*\n|c|\u2606halfdivine|lol\n|\n|t:|1700598274\n|move|p2a: Heatran|Magma Storm|p1a: Torkoal\n|-resisted|p1a: Torkoal\n|-damage|p1a: Torkoal|11\/100\n|-activate|p1a: Torkoal|move: Magma Storm|[of] p2a: Heatran\n|move|p1a: Torkoal|Yawn|p2a: Heatran\n|-start|p2a: Heatran|move: Yawn|[of] p1a: Torkoal\n|\n|-weather|SunnyDay|[upkeep]\n|-heal|p2a: Heatran|89\/100|[from] item: Leftovers\n|-damage|p1a: Torkoal|0 fnt|[from] move: Magma Storm|[partiallytrapped]\n|faint|p1a: Torkoal\n|upkeep\n|\n|t:|1700598296\n|switch|p1a: Walking Wake|Walking Wake|100\/100\n|-activate|p1a: Walking Wake|ability: Protosynthesis\n|-start|p1a: Walking Wake|protosynthesisspa\n|turn|12\n|\n|t:|1700598311\n|-end|p2a: Heatran|ability: Flash Fire|[silent]\n|switch|p2a: Toxapex|Toxapex, F|100\/100\n|move|p1a: Walking Wake|Hydro Steam|p2a: Toxapex\n|-resisted|p2a: Toxapex\n|-damage|p2a: Toxapex|83\/100\n|\n|-weather|SunnyDay|[upkeep]\n|upkeep\n|turn|13\n|\n|t:|1700598330\n|move|p2a: Toxapex|Infestation|p1a: Walking Wake\n|-damage|p1a: Walking Wake|96\/100\n|-activate|p1a: Walking Wake|move: Infestation|[of] p2a: Toxapex\n|move|p1a: Walking Wake|Roar|p2a: Toxapex\n|drag|p2a: Chandelure|Chandelure, F|30\/100\n|\n|-weather|SunnyDay|[upkeep]\n|-end|p1a: Walking Wake|Infestation|[partiallytrapped]|[silent]\n|upkeep\n|turn|14\n|\n|t:|1700598340\n|switch|p2a: Toxapex|Toxapex, F|100\/100\n|move|p1a: Walking Wake|Hydro Steam|p2a: Toxapex\n|-resisted|p2a: Toxapex\n|-damage|p2a: Toxapex|80\/100\n|\n|-weather|SunnyDay|[upkeep]\n|upkeep\n|turn|15\n|\n|t:|1700598349\n|move|p2a: Toxapex|Acid Spray|p1a: Walking Wake\n|-damage|p1a: Walking Wake|84\/100\n|-unboost|p1a: Walking Wake|spd|2\n|move|p1a: Walking Wake|Roar|p2a: Toxapex\n|drag|p2a: Heatran|Heatran, F|89\/100\n|\n|-weather|SunnyDay|[upkeep]\n|-heal|p2a: Heatran|95\/100|[from] item: Leftovers\n|upkeep\n|turn|16\n|\n|t:|1700598357\n|move|p2a: Heatran|Protect|p2a: Heatran\n|-singleturn|p2a: Heatran|Protect\n|move|p1a: Walking Wake|Hydro Steam|p2a: Heatran\n|-activate|p2a: Heatran|move: Protect\n|\n|-weather|none\n|-end|p1a: Walking Wake|Protosynthesis\n|-heal|p2a: Heatran|100\/100|[from] item: Leftovers\n|upkeep\n|-enditem|p1a: Walking Wake|Booster Energy\n|-activate|p1a: Walking Wake|ability: Protosynthesis|[fromitem]\n|-start|p1a: Walking Wake|protosynthesisspa\n|turn|17\n|c|\u2606halfdivine|rood\n|\n|t:|1700598368\n|switch|p2a: Toxapex|Toxapex, F|100\/100\n|move|p1a: Walking Wake|Hydro Steam|p2a: Toxapex\n|-resisted|p2a: Toxapex\n|-damage|p2a: Toxapex|89\/100\n|\n|upkeep\n|turn|18\n|\n|t:|1700598375\n|move|p2a: Toxapex|Sludge Bomb|p1a: Walking Wake\n|-damage|p1a: Walking Wake|28\/100\n|move|p1a: Walking Wake|Roar|p2a: Toxapex\n|drag|p2a: Torterra|Torterra, F|88\/100\n|\n|upkeep\n|turn|19\n|\n|t:|1700598385\n|switch|p2a: Toxapex|Toxapex, F|100\/100\n|-terastallize|p1a: Walking Wake|Fire\n|move|p1a: Walking Wake|Flamethrower|p2a: Toxapex\n|-resisted|p2a: Toxapex\n|-damage|p2a: Toxapex|87\/100\n|\n|upkeep\n|turn|20\n|\n|t:|1700598395\n|move|p1a: Walking Wake|Dragon Pulse|p2a: Toxapex\n|-damage|p2a: Toxapex|61\/100\n|move|p2a: Toxapex|Sludge Bomb|p1a: Walking Wake\n|-damage|p1a: Walking Wake|0 fnt\n|faint|p1a: Walking Wake\n|-end|p1a: Walking Wake|Protosynthesis|[silent]\n|\n|upkeep\n|\n|t:|1700598403\n|switch|p1a: Infernape|Infernape, M|100\/100\n|turn|21\n|\n|t:|1700598407\n|switch|p2a: Torterra|Torterra, F|88\/100\n|move|p1a: Infernape|Earthquake|p2a: Torterra\n|-resisted|p2a: Torterra\n|-damage|p2a: Torterra|75\/100\n|\n|upkeep\n|turn|22\n|\n|t:|1700598423\n|switch|p1a: Brute Bonnet|Brute Bonnet|100\/100\n|-enditem|p1a: Brute Bonnet|Booster Energy\n|-activate|p1a: Brute Bonnet|ability: Protosynthesis|[fromitem]\n|-start|p1a: Brute Bonnet|protosynthesisatk\n|-terastallize|p2a: Torterra|Water\n|move|p2a: Torterra|Iron Defense|p2a: Torterra\n|-boost|p2a: Torterra|def|2\n|\n|upkeep\n|turn|23\n|\n|t:|1700598435\n|move|p2a: Torterra|Body Press|p1a: Brute Bonnet\n|-supereffective|p1a: Brute Bonnet\n|-damage|p1a: Brute Bonnet|4\/100\n|move|p1a: Brute Bonnet|Spore|p2a: Torterra\n|-status|p2a: Torterra|slp|[from] move: Spore\n|\n|upkeep\n|turn|24\n|\n|t:|1700598449\n|switch|p2a: Ditto|Ditto, shiny|100\/100\n|-transform|p2a: Ditto|p1a: Brute Bonnet|[from] ability: Imposter\n|move|p1a: Brute Bonnet|Stomping Tantrum|p2a: Ditto\n|-resisted|p2a: Ditto\n|-damage|p2a: Ditto|79\/100\n|\n|upkeep\n|turn|25\n|c|\u2606halfdivine|I was actually so close to clicking close combat\n|c|\u2606halfdivine|Like\n|c|\u2606halfdivine|ugh\n|\n|t:|1700598468\n|move|p2a: Ditto|Stomping Tantrum|p1a: Brute Bonnet\n|-resisted|p1a: Brute Bonnet\n|-damage|p1a: Brute Bonnet|0 fnt\n|faint|p1a: Brute Bonnet\n|-end|p1a: Brute Bonnet|Protosynthesis|[silent]\n|\n|upkeep\n|\n|t:|1700598472\n|switch|p1a: Infernape|Infernape, M|100\/100\n|turn|26\n|\n|t:|1700598479\n|-end|p2a: Ditto|Protosynthesis|[silent]\n|switch|p2a: Chandelure|Chandelure, F|30\/100\n|move|p1a: Infernape|U-turn|p2a: Chandelure\n|-resisted|p2a: Chandelure\n|-damage|p2a: Chandelure|20\/100\n|\n|t:|1700598485\n|switch|p1a: Hatterene|Hatterene, F|43\/100|[from] U-turn\n|\n|upkeep\n|turn|27\n|\n|t:|1700598490\n|move|p2a: Chandelure|Shadow Ball|p1a: Hatterene\n|-supereffective|p1a: Hatterene\n|-damage|p1a: Hatterene|0 fnt\n|faint|p1a: Hatterene\n|\n|upkeep\n|\n|t:|1700598495\n|switch|p1a: Infernape|Infernape, M|100\/100\n|turn|28\n|\n|t:|1700598503\n|switch|p2a: Torterra|Torterra, F, tera:Water|75\/100 slp\n|move|p1a: Infernape|Earthquake|p2a: Torterra\n|-damage|p2a: Torterra|48\/100 slp\n|\n|upkeep\n|turn|29\n|c|\u2606halfdivine|gg\n|c|\u2606LegendaryNinjaDude|Frick, I can't get a 6-0.\n|c|\u2606halfdivine|I wanted to get 1 so bad\n|c|\u2606halfdivine|But\n|c|\u2606halfdivine|Im not that good\n|c|\u2606halfdivine|xd\n|\n|t:|1700598530\n|move|p1a: Infernape|Earthquake|p2a: Torterra\n|-damage|p2a: Torterra|22\/100 slp\n|cant|p2a: Torterra|slp\n|\n|upkeep\n|turn|30\n|c|\u2606halfdivine|I needa practice more\n|c|\u2606LegendaryNinjaDude|You didn't do too bad, though you were too persistant with Wake.\n|c|\u2606halfdivine|Yeahhh\n|\n|t:|1700598555\n|switch|p2a: Iron Treads|Iron Treads|100\/100\n|-enditem|p2a: Iron Treads|Booster Energy\n|-activate|p2a: Iron Treads|ability: Quark Drive|[fromitem]\n|-start|p2a: Iron Treads|quarkdrivespe\n|move|p1a: Infernape|Earthquake|p2a: Iron Treads\n|-supereffective|p2a: Iron Treads\n|-damage|p2a: Iron Treads|15\/100\n|\n|upkeep\n|turn|31\n|\n|t:|1700598564\n|move|p2a: Iron Treads|Earthquake|p1a: Infernape\n|-supereffective|p1a: Infernape\n|-damage|p1a: Infernape|0 fnt\n|faint|p1a: Infernape\n|\n|win|LegendaryNinjaDude\n|c|\u2606halfdivine|gg\n|c|\u2606LegendaryNinjaDude|Gg.\n","uploadtime":1700598571,"views":7,"p1id":"halfdivine","p2id":"legendaryninjadude","formatid":"gen9ou","rating":0,"private":0,"password":""}