{"id":"gen9ou-1996932230","p1":"TJ799","p2":"HEAVY-DUTY B0OTY","format":"[Gen 9] OU","log":"|j|\u2606TJ799\n|j|\u2606HEAVY-DUTY B0OTY\n|inactive|Battle timer is ON: inactive players will automatically lose when time's up.\n|t:|1700746461\n|gametype|singles\n|player|p1|TJ799|1|\n|player|p2|HEAVY-DUTY B0OTY|swimmerf-gen6|\n|teamsize|p1|5\n|teamsize|p2|5\n|gen|9\n|tier|[Gen 9] OU\n|rated|Tournament battle\n|rule|Sleep Clause Mod: Limit one foe put to sleep\n|rule|Species Clause: Limit one of each Pok\u00e9mon\n|rule|OHKO Clause: OHKO moves are banned\n|rule|Evasion Items Clause: Evasion items are banned\n|rule|Evasion Moves Clause: Evasion moves are banned\n|rule|Endless Battle Clause: Forcing endless battles is banned\n|rule|HP Percentage Mod: HP is shown in percentages\n|clearpoke\n|poke|p1|Staraptor, F|\n|poke|p1|Toedscruel, M|\n|poke|p1|Umbreon, M|\n|poke|p1|Skeledirge, F|\n|poke|p1|Kingambit, F|\n|poke|p2|Lycanroc-Dusk, F|\n|poke|p2|Ceruledge, F|\n|poke|p2|Amoonguss, M|\n|poke|p2|Greninja-*, F|\n|poke|p2|Quaquaval, M|\n|teampreview\n|j|*Lady Monita \u2746\n|c|\u2606TJ799|gl\n|c|\u2606HEAVY-DUTY B0OTY|hf\n|j| Hozukimaru_Momo\n|j| Birdhouse8989\n|inactive|HEAVY-DUTY B0OTY has 120 seconds left.\n|c|\u2606TJ799|not looking forward to this lol\n|\n|t:|1700746511\n|start\n|switch|p1a: Staraptor|Staraptor, F|100\/100\n|switch|p2a: Greninja|Greninja, F, shiny|100\/100\n|-ability|p1a: Staraptor|Intimidate|boost\n|-unboost|p2a: Greninja|atk|1\n|turn|1\n|j| poketough\n|\n|t:|1700746523\n|move|p2a: Greninja|Ice Beam|p1a: Staraptor\n|-start|p2a: Greninja|typechange|Ice|[from] ability: Protean\n|-supereffective|p1a: Staraptor\n|-damage|p1a: Staraptor|0 fnt\n|faint|p1a: Staraptor\n|\n|upkeep\n|\n|t:|1700746534\n|switch|p1a: Umbreon|Umbreon, M|100\/100\n|turn|2\n|\n|t:|1700746541\n|switch|p2a: Amoonguss|Amoonguss, M, shiny|100\/100\n|switch|p1a: Skeledirge|Skeledirge, F|100\/100\n|\n|upkeep\n|turn|3\n|j| mexicanpasta\n|\n|t:|1700746557\n|move|p1a: Skeledirge|Shadow Ball|p2a: Amoonguss\n|-damage|p2a: Amoonguss|68\/100\n|move|p2a: Amoonguss|Spore|p1a: Skeledirge\n|-status|p1a: Skeledirge|slp|[from] move: Spore\n|\n|upkeep\n|turn|4\n|j| HunterBear4\n|inactive|TJ799 has 120 seconds left.\n|l| poketough\n|c|\u2606TJ799|gonna get 5-0'd lol\n|l| mexicanpasta\n|\n|t:|1700746598\n|switch|p1a: Kingambit|Kingambit, F|100\/100\n|-activate|p1a: Kingambit|ability: Supreme Overlord\n|-start|p1a: Kingambit|fallen1|[silent]\n|switch|p2a: Quaquaval|Quaquaval, M|100\/100\n|\n|upkeep\n|turn|5\n|j| LucarioGsme\n|\n|t:|1700746610\n|-end|p1a: Kingambit|fallen1|[silent]\n|switch|p1a: Skeledirge|Skeledirge, F|100\/100 slp\n|move|p2a: Quaquaval|Bulk Up|p2a: Quaquaval\n|-boost|p2a: Quaquaval|atk|1\n|-boost|p2a: Quaquaval|def|1\n|\n|upkeep\n|turn|6\n|c|\u2606TJ799|fucked it at the start\n|c|\u2606HEAVY-DUTY B0OTY|hmm\n|inactive|TJ799 has 90 seconds left.\n|j| poketough\n|\n|t:|1700746640\n|switch|p1a: Toedscruel|Toedscruel, M|100\/100\n|move|p2a: Quaquaval|Aqua Step|p1a: Toedscruel\n|-damage|p1a: Toedscruel|15\/100\n|-boost|p2a: Quaquaval|spe|1\n|\n|-heal|p1a: Toedscruel|21\/100|[from] item: Leftovers\n|upkeep\n|turn|7\n|inactive|TJ799 has 90 seconds left.\n|l| HunterBear4\n|c|\u2606TJ799|absolutely shat on lol\n|inactive|TJ799 has 60 seconds left.\n|\n|t:|1700746677\n|move|p2a: Quaquaval|Aqua Step|p1a: Toedscruel\n|-damage|p1a: Toedscruel|0 fnt\n|-boost|p2a: Quaquaval|spe|1\n|faint|p1a: Toedscruel\n|-ability|p2a: Quaquaval|Moxie|boost\n|-boost|p2a: Quaquaval|atk|1\n|\n|upkeep\n|inactive|TJ799 has 60 seconds left.\n|\n|t:|1700746684\n|switch|p1a: Umbreon|Umbreon, M|100\/100\n|turn|8\n|\n|t:|1700746691\n|move|p2a: Quaquaval|Aqua Step|p1a: Umbreon\n|-damage|p1a: Umbreon|36\/100\n|-boost|p2a: Quaquaval|spe|1\n|move|p1a: Umbreon|Toxic|p2a: Quaquaval|[miss]\n|-miss|p1a: Umbreon|p2a: Quaquaval\n|\n|-heal|p1a: Umbreon|42\/100|[from] item: Leftovers\n|upkeep\n|turn|9\n|c|\u2606HEAVY-DUTY B0OTY|oof\n|c| poketough|Lol\n|c|\u2606TJ799|at least id already lost\n|c| Hozukimaru_Momo|conkas\n|c|\u2606TJ799|would have been heart breaking if it mattered\n|inactive|TJ799 has 60 seconds left.\n|\n|t:|1700746712\n|move|p2a: Quaquaval|Aqua Step|p1a: Umbreon\n|-damage|p1a: Umbreon|0 fnt\n|-boost|p2a: Quaquaval|spe|1\n|faint|p1a: Umbreon\n|-ability|p2a: Quaquaval|Moxie|boost\n|-boost|p2a: Quaquaval|atk|1\n|\n|upkeep\n|inactive|TJ799 has 60 seconds left.\n|\n|t:|1700746723\n|switch|p1a: Skeledirge|Skeledirge, F|100\/100 slp\n|turn|10\n|\n|t:|1700746726\n|-terastallize|p1a: Skeledirge|Grass\n|move|p2a: Quaquaval|Aqua Step|p1a: Skeledirge\n|-resisted|p1a: Skeledirge\n|-damage|p1a: Skeledirge|78\/100 slp\n|-boost|p2a: Quaquaval|spe|1\n|cant|p1a: Skeledirge|slp\n|\n|upkeep\n|turn|11\n|\n|t:|1700746729\n|move|p2a: Quaquaval|Ice Spinner|p1a: Skeledirge\n|-supereffective|p1a: Skeledirge\n|-damage|p1a: Skeledirge|23\/100 slp\n|-curestatus|p1a: Skeledirge|slp|[msg]\n|move|p1a: Skeledirge|Tera Blast|p2a: Quaquaval|[anim] Tera Blast Grass\n|-supereffective|p2a: Quaquaval\n|-damage|p2a: Quaquaval|12\/100\n|\n|-heal|p2a: Quaquaval|18\/100|[from] item: Leftovers\n|upkeep\n|turn|12\n|\n|t:|1700746733\n|move|p2a: Quaquaval|Ice Spinner|p1a: Skeledirge\n|-supereffective|p1a: Skeledirge\n|-damage|p1a: Skeledirge|0 fnt\n|faint|p1a: Skeledirge\n|-ability|p2a: Quaquaval|Moxie|boost\n|-boost|p2a: Quaquaval|atk|1\n|\n|-heal|p2a: Quaquaval|24\/100|[from] item: Leftovers\n|upkeep\n|\n|t:|1700746735\n|switch|p1a: Kingambit|Kingambit, F|100\/100\n|-activate|p1a: Kingambit|ability: Supreme Overlord\n|-start|p1a: Kingambit|fallen4|[silent]\n|turn|13\n|\n|t:|1700746739\n|move|p1a: Kingambit|Sucker Punch||[still]\n|-fail|p1a: Kingambit\n|move|p2a: Quaquaval|Bulk Up|p2a: Quaquaval\n|-boost|p2a: Quaquaval|atk|1\n|-boost|p2a: Quaquaval|def|1\n|\n|-heal|p2a: Quaquaval|30\/100|[from] item: Leftovers\n|upkeep\n|turn|14\n|\n|t:|1700746744\n|move|p1a: Kingambit|Sucker Punch|p2a: Quaquaval\n|-resisted|p2a: Quaquaval\n|-damage|p2a: Quaquaval|13\/100\n|move|p2a: Quaquaval|Close Combat|p1a: Kingambit\n|-supereffective|p1a: Kingambit\n|-damage|p1a: Kingambit|0 fnt\n|-unboost|p2a: Quaquaval|def|1\n|-unboost|p2a: Quaquaval|spd|1\n|faint|p1a: Kingambit\n|-end|p1a: Kingambit|fallen4|[silent]\n|\n|win|HEAVY-DUTY B0OTY\n|n|\u2606TJ799|tj799\n|n|\u2606HEAVY-DUTY B0OTY|heavydutyb0oty\n|n|*Lady Monita \u2746|ladymonita\n|n| Hozukimaru_Momo|hozukimarumomo\n|n| Birdhouse8989|birdhouse8989\n|n| LucarioGsme|lucariogsme\n|n| poketough|poketough\n","uploadtime":1700746745,"views":2,"p1id":"tj799","p2id":"heavydutyb0oty","formatid":"gen9ou","rating":0,"private":0,"password":""}