{"id":"gen9ou-1994909379","p1":"FatalOblivion","p2":"ChosenLotion","format":"[Gen 9] OU","log":"|j|\u2606FatalOblivion\n|j|\u2606ChosenLotion\n|t:|1700503789\n|gametype|singles\n|player|p1|FatalOblivion|marley|1303\n|player|p2|ChosenLotion|morty|1259\n|teamsize|p1|6\n|teamsize|p2|6\n|gen|9\n|tier|[Gen 9] OU\n|rated|\n|rule|Sleep Clause Mod: Limit one foe put to sleep\n|rule|Species Clause: Limit one of each Pok\u00e9mon\n|rule|OHKO Clause: OHKO moves are banned\n|rule|Evasion Items Clause: Evasion items are banned\n|rule|Evasion Moves Clause: Evasion moves are banned\n|rule|Endless Battle Clause: Forcing endless battles is banned\n|rule|HP Percentage Mod: HP is shown in percentages\n|clearpoke\n|poke|p1|Empoleon, M|\n|poke|p1|Ribombee, M|\n|poke|p1|Politoed, M|\n|poke|p1|Basculegion, M|\n|poke|p1|Indeedee, M|\n|poke|p1|Dragapult, M|\n|poke|p2|Ceruledge, F|\n|poke|p2|Torkoal, F|\n|poke|p2|Walking Wake|\n|poke|p2|Great Tusk|\n|poke|p2|Clodsire, F|\n|poke|p2|Dragonite, M|\n|teampreview\n|inactive|Battle timer is ON: inactive players will automatically lose when time's up. (requested by FatalOblivion)\n|\n|t:|1700503800\n|start\n|switch|p1a: The Jester|Ribombee, M|100\/100\n|switch|p2a: Dragonite|Dragonite, M, shiny|100\/100\n|turn|1\n|c|\u2606FatalOblivion|Weather war\n|\n|t:|1700503806\n|move|p1a: The Jester|Stun Spore|p2a: Dragonite\n|-status|p2a: Dragonite|par\n|move|p2a: Dragonite|Dragon Dance|p2a: Dragonite\n|-boost|p2a: Dragonite|atk|1\n|-boost|p2a: Dragonite|spe|1\n|\n|upkeep\n|turn|2\n|\n|t:|1700503813\n|move|p1a: The Jester|Moonblast|p2a: Dragonite\n|-supereffective|p2a: Dragonite\n|-damage|p2a: Dragonite|64\/100 par\n|cant|p2a: Dragonite|par\n|\n|upkeep\n|turn|3\n|\n|t:|1700503820\n|move|p2a: Dragonite|Extreme Speed|p1a: The Jester\n|-enditem|p1a: The Jester|Focus Sash\n|-damage|p1a: The Jester|1\/100\n|move|p1a: The Jester|Sticky Web|p2a: Dragonite\n|-sidestart|p2: ChosenLotion|move: Sticky Web\n|\n|upkeep\n|turn|4\n|\n|t:|1700503828\n|move|p1a: The Jester|Moonblast|p2a: Dragonite\n|-supereffective|p2a: Dragonite\n|-damage|p2a: Dragonite|0 fnt\n|faint|p2a: Dragonite\n|\n|upkeep\n|\n|t:|1700503835\n|switch|p2a: Great Tusk|Great Tusk|100\/100\n|-activate|p2a: Great Tusk|move: Sticky Web\n|-unboost|p2a: Great Tusk|spe|1\n|turn|5\n|\n|t:|1700503840\n|move|p1a: The Jester|Moonblast|p2a: Great Tusk\n|-supereffective|p2a: Great Tusk\n|-damage|p2a: Great Tusk|0 fnt\n|faint|p2a: Great Tusk\n|-end|p2a: Great Tusk|Protosynthesis|[silent]\n|\n|upkeep\n|c|\u2606FatalOblivion|???\n|\n|t:|1700503852\n|switch|p2a: Torkoal|Torkoal, F, shiny|100\/100\n|-activate|p2a: Torkoal|move: Sticky Web\n|-unboost|p2a: Torkoal|spe|1\n|-weather|SunnyDay|[from] ability: Drought|[of] p2a: Torkoal\n|turn|6\n|\n|t:|1700503858\n|switch|p1a: The Knight|Dragapult, M|100\/100\n|move|p2a: Torkoal|Lava Plume|p1a: The Knight\n|-resisted|p1a: The Knight\n|-damage|p1a: The Knight|76\/100\n|\n|-weather|SunnyDay|[upkeep]\n|upkeep\n|turn|7\n|\n|t:|1700503867\n|move|p1a: The Knight|Draco Meteor|p2a: Torkoal\n|-damage|p2a: Torkoal|0 fnt\n|-unboost|p1a: The Knight|spa|2\n|faint|p2a: Torkoal\n|\n|-weather|SunnyDay|[upkeep]\n|upkeep\n|\n|t:|1700503874\n|switch|p2a: Walking Wake|Walking Wake|100\/100\n|-activate|p2a: Walking Wake|move: Sticky Web\n|-unboost|p2a: Walking Wake|spe|1\n|-activate|p2a: Walking Wake|ability: Protosynthesis\n|-start|p2a: Walking Wake|protosynthesisspa\n|turn|8\n|\n|t:|1700503888\n|switch|p1a: The Cook|Politoed, M|100\/100\n|-weather|RainDance|[from] ability: Drizzle|[of] p1a: The Cook\n|-end|p2a: Walking Wake|Protosynthesis\n|move|p2a: Walking Wake|Hydro Steam|p1a: The Cook\n|-resisted|p1a: The Cook\n|-damage|p1a: The Cook|61\/100\n|\n|-weather|RainDance|[upkeep]\n|upkeep\n|turn|9\n|\n|t:|1700503897\n|move|p2a: Walking Wake|Hydro Steam|p1a: The Cook\n|-resisted|p1a: The Cook\n|-damage|p1a: The Cook|18\/100\n|move|p1a: The Cook|Psychic|p2a: Walking Wake\n|-damage|p2a: Walking Wake|72\/100\n|\n|-weather|RainDance|[upkeep]\n|upkeep\n|turn|10\n|\n|t:|1700503905\n|switch|p1a: The Knight|Dragapult, M|76\/100\n|move|p2a: Walking Wake|Hydro Steam|p1a: The Knight\n|-resisted|p1a: The Knight\n|-damage|p1a: The Knight|9\/100\n|\n|-weather|RainDance|[upkeep]\n|upkeep\n|turn|11\n|\n|t:|1700503914\n|-end|p2a: Walking Wake|Protosynthesis|[silent]\n|switch|p2a: Clodsire|Clodsire, F|100\/100\n|-activate|p2a: Clodsire|move: Sticky Web\n|-unboost|p2a: Clodsire|spe|1\n|move|p1a: The Knight|Draco Meteor|p2a: Clodsire|[miss]\n|-miss|p1a: The Knight|p2a: Clodsire\n|\n|-weather|RainDance|[upkeep]\n|upkeep\n|turn|12\n|\n|t:|1700503923\n|move|p1a: The Knight|Draco Meteor|p2a: Clodsire\n|-damage|p2a: Clodsire|58\/100\n|-unboost|p1a: The Knight|spa|2\n|move|p2a: Clodsire|Earthquake|p1a: The Knight\n|-damage|p1a: The Knight|0 fnt\n|faint|p1a: The Knight\n|\n|-weather|RainDance|[upkeep]\n|-heal|p2a: Clodsire|64\/100|[from] item: Leftovers\n|upkeep\n|\n|t:|1700503934\n|switch|p1a: The Executioner|Basculegion, M|100\/100\n|turn|13\n|\n|t:|1700503939\n|move|p1a: The Executioner|Flip Turn|p2a: Clodsire\n|-heal|p2a: Clodsire|89\/100|[from] ability: Water Absorb|[of] p1a: The Executioner\n|move|p2a: Clodsire|Toxic|p1a: The Executioner\n|-status|p1a: The Executioner|tox\n|\n|-weather|RainDance|[upkeep]\n|-heal|p2a: Clodsire|95\/100|[from] item: Leftovers\n|-damage|p1a: The Executioner|94\/100 tox|[from] psn\n|upkeep\n|turn|14\n|\n|t:|1700503949\n|switch|p1a: The Jester|Ribombee, M|1\/100\n|move|p2a: Clodsire|Spikes|p1a: The Jester\n|-sidestart|p1: FatalOblivion|Spikes\n|\n|-weather|RainDance|[upkeep]\n|-heal|p2a: Clodsire|100\/100|[from] item: Leftovers\n|upkeep\n|turn|15\n|\n|t:|1700503957\n|move|p1a: The Jester|Stun Spore|p2a: Clodsire|[miss]\n|-miss|p1a: The Jester|p2a: Clodsire\n|move|p2a: Clodsire|Earthquake|p1a: The Jester\n|-resisted|p1a: The Jester\n|-damage|p1a: The Jester|0 fnt\n|faint|p1a: The Jester\n|\n|-weather|none\n|upkeep\n|\n|t:|1700503961\n|switch|p1a: The Cook|Politoed, M|18\/100\n|-damage|p1a: The Cook|6\/100|[from] Spikes\n|-weather|RainDance|[from] ability: Drizzle|[of] p1a: The Cook\n|turn|16\n|\n|t:|1700503976\n|switch|p2a: Ceruledge|Ceruledge, F, shiny|100\/100\n|-activate|p2a: Ceruledge|move: Sticky Web\n|-unboost|p2a: Ceruledge|spe|1\n|move|p1a: The Cook|Psychic|p2a: Ceruledge\n|-damage|p2a: Ceruledge|68\/100\n|\n|-weather|RainDance|[upkeep]\n|upkeep\n|turn|17\n|\n|t:|1700503984\n|move|p2a: Ceruledge|Shadow Sneak|p1a: The Cook\n|-damage|p1a: The Cook|0 fnt\n|faint|p1a: The Cook\n|\n|-weather|RainDance|[upkeep]\n|upkeep\n|\n|t:|1700503991\n|switch|p1a: The Executioner|Basculegion, M|94\/100 tox\n|-damage|p1a: The Executioner|82\/100 tox|[from] Spikes\n|turn|18\n|\n|t:|1700503998\n|-terastallize|p1a: The Executioner|Water\n|move|p2a: Ceruledge|Shadow Sneak|p1a: The Executioner\n|-damage|p1a: The Executioner|57\/100 tox\n|move|p1a: The Executioner|Phantom Force||[still]\n|-prepare|p1a: The Executioner|Phantom Force\n|\n|-weather|RainDance|[upkeep]\n|-damage|p1a: The Executioner|51\/100 tox|[from] psn\n|upkeep\n|turn|19\n|\n|t:|1700504014\n|move|p2a: Ceruledge|Shadow Sneak|p1a: The Executioner|[miss]\n|-miss|p2a: Ceruledge|p1a: The Executioner\n|move|p1a: The Executioner|Phantom Force|p2a: Ceruledge|[from]lockedmove\n|-supereffective|p2a: Ceruledge\n|-damage|p2a: Ceruledge|0 fnt\n|faint|p2a: Ceruledge\n|\n|-weather|RainDance|[upkeep]\n|-damage|p1a: The Executioner|39\/100 tox|[from] psn\n|upkeep\n|\n|t:|1700504024\n|switch|p2a: Clodsire|Clodsire, F|100\/100\n|-activate|p2a: Clodsire|move: Sticky Web\n|-unboost|p2a: Clodsire|spe|1\n|turn|20\n|\n|t:|1700504030\n|move|p1a: The Executioner|Phantom Force||[still]\n|-prepare|p1a: The Executioner|Phantom Force\n|move|p2a: Clodsire|Spikes|p1a: The Executioner\n|-sidestart|p1: FatalOblivion|Spikes\n|\n|-weather|RainDance|[upkeep]\n|-damage|p1a: The Executioner|21\/100 tox|[from] psn\n|upkeep\n|turn|21\n|\n|t:|1700504038\n|move|p1a: The Executioner|Phantom Force|p2a: Clodsire|[from]lockedmove\n|-damage|p2a: Clodsire|34\/100\n|move|p2a: Clodsire|Spikes|p1a: The Executioner\n|-sidestart|p1: FatalOblivion|Spikes\n|\n|-weather|RainDance|[upkeep]\n|-heal|p2a: Clodsire|40\/100|[from] item: Leftovers\n|-damage|p1a: The Executioner|0 fnt|[from] psn\n|faint|p1a: The Executioner\n|upkeep\n|\n|t:|1700504042\n|switch|p1a: The Queen|Indeedee, M|100\/100\n|-damage|p1a: The Queen|76\/100|[from] Spikes\n|-fieldstart|move: Psychic Terrain|[from] ability: Psychic Surge|[of] p1a: The Queen\n|turn|22\n|\n|t:|1700504053\n|move|p1a: The Queen|Psychic|p2a: Clodsire\n|-supereffective|p2a: Clodsire\n|-damage|p2a: Clodsire|0 fnt\n|faint|p2a: Clodsire\n|\n|-weather|RainDance|[upkeep]\n|upkeep\n|\n|t:|1700504059\n|switch|p2a: Walking Wake|Walking Wake|72\/100\n|-activate|p2a: Walking Wake|move: Sticky Web\n|-unboost|p2a: Walking Wake|spe|1\n|turn|23\n|\n|t:|1700504069\n|move|p1a: The Queen|Psychic|p2a: Walking Wake\n|-damage|p2a: Walking Wake|10\/100\n|move|p2a: Walking Wake|Hydro Steam|p1a: The Queen\n|-damage|p1a: The Queen|0 fnt\n|faint|p1a: The Queen\n|\n|-weather|none\n|upkeep\n|\n|t:|1700504075\n|switch|p1a: The EMPEROR|Empoleon, M, shiny|100\/100\n|-damage|p1a: The EMPEROR|76\/100|[from] Spikes\n|turn|24\n|c|\u2606FatalOblivion|GG\n|\n|t:|1700504082\n|move|p1a: The EMPEROR|Flash Cannon|p2a: Walking Wake\n|-resisted|p2a: Walking Wake\n|-damage|p2a: Walking Wake|0 fnt\n|faint|p2a: Walking Wake\n|-end|p2a: Walking Wake|Protosynthesis|[silent]\n|\n|win|FatalOblivion\n|raw|FatalOblivion's rating: 1303 &rarr; <strong>1320<\/strong><br \/>(+17 for winning)\n|raw|ChosenLotion's rating: 1259 &rarr; <strong>1237<\/strong><br \/>(-22 for losing)\n|l|\u2606ChosenLotion\n","uploadtime":1700504106,"views":26,"p1id":"fataloblivion","p2id":"chosenlotion","formatid":"gen9ou","rating":1237,"private":0,"password":""}