{"id":"gen9ou-1991770504","p1":"SDK04","p2":"phteven14","format":"[Gen 9] OU","log":"|j|\u2606SDK04\n|j|\u2606phteven14\n|inactive|Battle timer is ON: inactive players will automatically lose when time's up.\n|t:|1700114210\n|gametype|singles\n|player|p1|SDK04|unknown|\n|player|p2|phteven14|ethan|\n|teamsize|p1|6\n|teamsize|p2|6\n|gen|9\n|tier|[Gen 9] OU\n|rated|Tournament battle\n|rule|Sleep Clause Mod: Limit one foe put to sleep\n|rule|Species Clause: Limit one of each Pok\u00e9mon\n|rule|OHKO Clause: OHKO moves are banned\n|rule|Evasion Items Clause: Evasion items are banned\n|rule|Evasion Moves Clause: Evasion moves are banned\n|rule|Endless Battle Clause: Forcing endless battles is banned\n|rule|HP Percentage Mod: HP is shown in percentages\n|clearpoke\n|poke|p1|Ninetales-Alola, M|\n|poke|p1|Ogerpon-Wellspring, F|\n|poke|p1|Mew|\n|poke|p1|Kingambit, F|\n|poke|p1|Gholdengo|\n|poke|p1|Haxorus, F|\n|poke|p2|Great Tusk|\n|poke|p2|Tyranitar, F|\n|poke|p2|Manaphy|\n|poke|p2|Thundurus-Therian, M|\n|poke|p2|Infernape, F|\n|poke|p2|Staraptor, M|\n|teampreview\n|\n|t:|1700114223\n|start\n|switch|p1a: cool window|Ninetales-Alola, M|100\/100\n|switch|p2a: Thundurus|Thundurus-Therian, M|100\/100\n|-weather|Snow|[from] ability: Snow Warning|[of] p1a: cool window\n|turn|1\n|\n|t:|1700114231\n|move|p1a: cool window|Aurora Veil|p1a: cool window\n|-sidestart|p1: SDK04|move: Aurora Veil\n|move|p2a: Thundurus|Flash Cannon|p1a: cool window\n|-supereffective|p1a: cool window\n|-damage|p1a: cool window|20\/100\n|-damage|p2a: Thundurus|91\/100|[from] item: Life Orb\n|\n|-weather|Snow|[upkeep]\n|upkeep\n|turn|2\n|j| goob or be goobed\n|\n|t:|1700114241\n|switch|p2a: Tyranitar|Tyranitar, F|100\/100\n|-weather|Sandstorm|[from] ability: Sand Stream|[of] p2a: Tyranitar\n|move|p1a: cool window|Freeze-Dry|p2a: Tyranitar\n|-damage|p2a: Tyranitar|87\/100\n|\n|-weather|Sandstorm|[upkeep]\n|-damage|p1a: cool window|14\/100|[from] Sandstorm\n|upkeep\n|turn|3\n|c| goob or be goobed|I beat sdk\n|\n|t:|1700114251\n|switch|p1a: FUCK IT WE BALL|Haxorus, F, shiny|100\/100\n|-ability|p1a: FUCK IT WE BALL|Mold Breaker\n|move|p2a: Tyranitar|Dragon Dance|p2a: Tyranitar\n|-boost|p2a: Tyranitar|atk|1\n|-boost|p2a: Tyranitar|spe|1\n|\n|-weather|Sandstorm|[upkeep]\n|-damage|p1a: FUCK IT WE BALL|94\/100|[from] Sandstorm\n|upkeep\n|turn|4\n|\n|t:|1700114262\n|move|p2a: Tyranitar|Ice Punch|p1a: FUCK IT WE BALL\n|-supereffective|p1a: FUCK IT WE BALL\n|-damage|p1a: FUCK IT WE BALL|38\/100\n|move|p1a: FUCK IT WE BALL|Dragon Dance|p1a: FUCK IT WE BALL\n|-boost|p1a: FUCK IT WE BALL|atk|1\n|-boost|p1a: FUCK IT WE BALL|spe|1\n|\n|-weather|Sandstorm|[upkeep]\n|-damage|p1a: FUCK IT WE BALL|31\/100|[from] Sandstorm\n|upkeep\n|turn|5\n|\n|t:|1700114269\n|move|p1a: FUCK IT WE BALL|Iron Head|p2a: Tyranitar\n|-supereffective|p2a: Tyranitar\n|-damage|p2a: Tyranitar|0 fnt\n|faint|p2a: Tyranitar\n|\n|-weather|Sandstorm|[upkeep]\n|-damage|p1a: FUCK IT WE BALL|25\/100|[from] Sandstorm\n|upkeep\n|\n|t:|1700114281\n|switch|p2a: Staraptor|Staraptor, M|100\/100\n|-ability|p2a: Staraptor|Intimidate|boost\n|-unboost|p1a: FUCK IT WE BALL|atk|1\n|turn|6\n|\n|t:|1700114288\n|move|p1a: FUCK IT WE BALL|Close Combat|p2a: Staraptor\n|-damage|p2a: Staraptor|25\/100\n|-unboost|p1a: FUCK IT WE BALL|def|1\n|-unboost|p1a: FUCK IT WE BALL|spd|1\n|move|p2a: Staraptor|Brave Bird|p1a: FUCK IT WE BALL\n|-damage|p1a: FUCK IT WE BALL|0 fnt\n|faint|p1a: FUCK IT WE BALL\n|-damage|p2a: Staraptor|17\/100|[from] Recoil\n|\n|-weather|none\n|upkeep\n|\n|t:|1700114298\n|switch|p1a: \u201cI win\u201d button|Ogerpon-Wellspring, F|100\/100\n|turn|7\n|\n|t:|1700114304\n|move|p1a: \u201cI win\u201d button|Ivy Cudgel|p2a: Staraptor|[anim] Ivy Cudgel Water\n|-damage|p2a: Staraptor|0 fnt\n|faint|p2a: Staraptor\n|\n|upkeep\n|\n|t:|1700114309\n|switch|p2a: Thundurus|Thundurus-Therian, M|91\/100\n|turn|8\n|\n|t:|1700114316\n|move|p1a: \u201cI win\u201d button|Ivy Cudgel|p2a: Thundurus|[anim] Ivy Cudgel Water\n|-damage|p2a: Thundurus|6\/100\n|move|p2a: Thundurus|Wildbolt Storm|p1a: \u201cI win\u201d button\n|-damage|p1a: \u201cI win\u201d button|58\/100\n|-damage|p2a: Thundurus|0 fnt|[from] item: Life Orb\n|faint|p2a: Thundurus\n|\n|-sideend|p1: SDK04|move: Aurora Veil\n|upkeep\n|\n|t:|1700114342\n|switch|p2a: Infernape|Infernape, F|100\/100\n|turn|9\n|\n|t:|1700114356\n|move|p2a: Infernape|Mach Punch|p1a: \u201cI win\u201d button\n|-damage|p1a: \u201cI win\u201d button|29\/100\n|move|p1a: \u201cI win\u201d button|Ivy Cudgel|p2a: Infernape|[anim] Ivy Cudgel Water\n|-supereffective|p2a: Infernape\n|-damage|p2a: Infernape|0 fnt\n|faint|p2a: Infernape\n|\n|upkeep\n|\n|t:|1700114369\n|switch|p2a: Manaphy|Manaphy|100\/100\n|turn|10\n|\n|t:|1700114379\n|move|p1a: \u201cI win\u201d button|Power Whip|p2a: Manaphy\n|-supereffective|p2a: Manaphy\n|-damage|p2a: Manaphy|0 fnt\n|faint|p2a: Manaphy\n|\n|upkeep\n|\n|t:|1700114384\n|switch|p2a: Great Tusk|Great Tusk|100\/100\n|-enditem|p2a: Great Tusk|Booster Energy\n|-activate|p2a: Great Tusk|ability: Protosynthesis|[fromitem]\n|-start|p2a: Great Tusk|protosynthesisatk\n|turn|11\n|\n|t:|1700114390\n|-terastallize|p1a: \u201cI win\u201d button|Water\n|detailschange|p1a: \u201cI win\u201d button|Ogerpon-Wellspring-Tera, F, tera:Water\n|-ability|p1a: \u201cI win\u201d button|Embody Aspect (Wellspring)|boost\n|-boost|p1a: \u201cI win\u201d button|spd|1\n|move|p1a: \u201cI win\u201d button|Ivy Cudgel|p2a: Great Tusk|[anim] Ivy Cudgel Water\n|-supereffective|p2a: Great Tusk\n|-crit|p2a: Great Tusk\n|-damage|p2a: Great Tusk|0 fnt\n|faint|p2a: Great Tusk\n|-end|p2a: Great Tusk|Protosynthesis|[silent]\n|\n|win|SDK04\n|n|\u2606SDK04|sdk04\n|n|\u2606phteven14|phteven14\n|n| goob or be goobed|gooborbegoobed\n|l|\u2606phteven14\n|c|\u2606SDK04|gg\n","uploadtime":1700114404,"views":7,"p1id":"sdk04","p2id":"phteven14","formatid":"gen9ou","rating":0,"private":0,"password":""}