{"id":"gen9ou-1995010596","p1":"requiem887","p2":"NYC Red","format":"[Gen 9] OU","log":"|j|\u2606requiem887\n|j|\u2606NYC Red\n|t:|1700513106\n|gametype|singles\n|player|p1|requiem887|101|1123\n|player|p2|NYC Red|1|1155\n|teamsize|p1|6\n|teamsize|p2|6\n|gen|9\n|tier|[Gen 9] OU\n|rated|\n|rule|Sleep Clause Mod: Limit one foe put to sleep\n|rule|Species Clause: Limit one of each Pok\u00e9mon\n|rule|OHKO Clause: OHKO moves are banned\n|rule|Evasion Items Clause: Evasion items are banned\n|rule|Evasion Moves Clause: Evasion moves are banned\n|rule|Endless Battle Clause: Forcing endless battles is banned\n|rule|HP Percentage Mod: HP is shown in percentages\n|clearpoke\n|poke|p1|Ceruledge, M|\n|poke|p1|Kingambit, F|\n|poke|p1|Iron Valiant|\n|poke|p1|Samurott-Hisui, M|\n|poke|p1|Zamazenta-*|\n|poke|p1|Greninja-*, M|\n|poke|p2|Alomomola, F|\n|poke|p2|Slowking-Galar, F|\n|poke|p2|Kingambit, F|\n|poke|p2|Great Tusk|\n|poke|p2|Cinderace, F|\n|poke|p2|Thundurus-Therian, M|\n|teampreview\n|inactive|Battle timer is ON: inactive players will automatically lose when time's up. (requested by NYC Red)\n|\n|t:|1700513134\n|start\n|switch|p1a: Water Samurai|Samurott-Hisui, M|100\/100\n|switch|p2a: Thundurus|Thundurus-Therian, M|100\/100\n|turn|1\n|inactive|requiem887 has 120 seconds left.\n|\n|t:|1700513174\n|move|p2a: Thundurus|Volt Switch|p1a: Water Samurai\n|-supereffective|p1a: Water Samurai\n|-enditem|p1a: Water Samurai|Focus Sash\n|-damage|p1a: Water Samurai|1\/100\n|\n|t:|1700513178\n|switch|p2a: Great Tusk|Great Tusk|100\/100|[from] Volt Switch\n|move|p1a: Water Samurai|Knock Off|p2a: Great Tusk\n|-resisted|p2a: Great Tusk\n|-damage|p2a: Great Tusk|85\/100\n|-damage|p1a: Water Samurai|0 fnt|[from] item: Rocky Helmet|[of] p2a: Great Tusk\n|faint|p1a: Water Samurai\n|\n|upkeep\n|inactive|requiem887 has 120 seconds left.\n|c|\u2606requiem887|hold on what\n|inactive|requiem887 has 90 seconds left.\n|\n|t:|1700513215\n|switch|p1a: Coward Samurai|Zamazenta|100\/100\n|-ability|p1a: Coward Samurai|Dauntless Shield|boost\n|-boost|p1a: Coward Samurai|def|1\n|turn|2\n|c|\u2606requiem887|if i die\n|\n|t:|1700513224\n|move|p1a: Coward Samurai|Iron Defense|p1a: Coward Samurai\n|-boost|p1a: Coward Samurai|def|2\n|move|p2a: Great Tusk|Stealth Rock|p1a: Coward Samurai\n|-sidestart|p1: requiem887|move: Stealth Rock\n|\n|upkeep\n|turn|3\n|c|\u2606requiem887|knock off don't knock off?\n|c|\u2606NYC Red|Nah\n|c|\u2606requiem887|how tf does that work\n|inactive|requiem887 has 90 seconds left.\n|c|\u2606NYC Red|It has to be alive to resolve for the item being knocked off\n|inactive|NYC Red has 120 seconds left.\n|\n|t:|1700513256\n|move|p1a: Coward Samurai|Iron Defense|p1a: Coward Samurai\n|-boost|p1a: Coward Samurai|def|2\n|move|p2a: Great Tusk|Rapid Spin|p1a: Coward Samurai\n|-damage|p1a: Coward Samurai|97\/100\n|-boost|p2a: Great Tusk|spe|1\n|\n|-heal|p1a: Coward Samurai|100\/100|[from] item: Leftovers\n|upkeep\n|turn|4\n|\n|t:|1700513266\n|move|p2a: Great Tusk|Rapid Spin|p1a: Coward Samurai\n|-damage|p1a: Coward Samurai|96\/100\n|-boost|p2a: Great Tusk|spe|1\n|move|p1a: Coward Samurai|Body Press|p2a: Great Tusk\n|-damage|p2a: Great Tusk|0 fnt\n|-damage|p1a: Coward Samurai|80\/100|[from] item: Rocky Helmet|[of] p2a: Great Tusk\n|faint|p2a: Great Tusk\n|-end|p2a: Great Tusk|Protosynthesis|[silent]\n|\n|-heal|p1a: Coward Samurai|86\/100|[from] item: Leftovers\n|upkeep\n|c|\u2606requiem887|well yea but think of the action\n|inactive|NYC Red has 120 seconds left.\n|c|\u2606requiem887|i hit u rlly fucking hard\n|\n|t:|1700513282\n|switch|p2a: Slowking|Slowking-Galar, F|100\/100\n|turn|5\n|c|\u2606requiem887|and knock off what ur holding\n|c|\u2606requiem887|IF I DIE WHILE I DO SO\n|c|\u2606requiem887|U STILL AIN'T HOLDING THAT THANG\n|inactive|requiem887 has 90 seconds left.\n|c|\u2606NYC Red|Idk man. Pokemon logic\n|\n|t:|1700513306\n|move|p1a: Coward Samurai|Crunch|p2a: Slowking\n|-supereffective|p2a: Slowking\n|-damage|p2a: Slowking|54\/100\n|move|p2a: Slowking|Future Sight|p1a: Coward Samurai\n|-start|p2a: Slowking|move: Future Sight\n|\n|-heal|p1a: Coward Samurai|92\/100|[from] item: Leftovers\n|upkeep\n|turn|6\n|c|\u2606requiem887|nah but like u get what im sayin right\n|inactive|requiem887 has 90 seconds left.\n|\n|t:|1700513318\n|move|p1a: Coward Samurai|Crunch|p2a: Slowking\n|-supereffective|p2a: Slowking\n|-damage|p2a: Slowking|9\/100\n|move|p2a: Slowking|Sludge Bomb|p1a: Coward Samurai\n|-damage|p1a: Coward Samurai|66\/100\n|\n|-heal|p1a: Coward Samurai|72\/100|[from] item: Leftovers\n|upkeep\n|turn|7\n|c|\u2606requiem887|i aint goin mad\n|c|\u2606NYC Red|Yeah lol\n|\n|t:|1700513330\n|switch|p1a: Ninja|Greninja, M|100\/100\n|-damage|p1a: Ninja|88\/100|[from] Stealth Rock\n|switch|p2a: Alomomola|Alomomola, F|100\/100\n|\n|-end|p1a: Ninja|move: Future Sight\n|-immune|p1a: Ninja\n|upkeep\n|turn|8\n|c|\u2606NYC Red|Pokemon will do that too you\n|inactive|requiem887 has 90 seconds left.\n|\n|t:|1700513370\n|switch|p2a: Slowking|Slowking-Galar, F|43\/100\n|move|p1a: Ninja|Grass Knot|p2a: Slowking\n|-resisted|p2a: Slowking\n|-damage|p2a: Slowking|34\/100\n|-damage|p1a: Ninja|78\/100|[from] item: Life Orb\n|\n|upkeep\n|turn|9\n|\n|t:|1700513378\n|move|p1a: Ninja|Dark Pulse|p2a: Slowking\n|-supereffective|p2a: Slowking\n|-damage|p2a: Slowking|0 fnt\n|faint|p2a: Slowking\n|-ability|p1a: Ninja|Battle Bond|boost\n|-boost|p1a: Ninja|atk|1\n|-boost|p1a: Ninja|spa|1\n|-boost|p1a: Ninja|spe|1\n|-activate|p1a: Ninja|ability: Battle Bond\n|-damage|p1a: Ninja|69\/100|[from] item: Life Orb\n|\n|upkeep\n|\n|t:|1700513389\n|switch|p2a: Alomomola|Alomomola, F|100\/100\n|turn|10\n|\n|t:|1700513397\n|move|p1a: Ninja|Dark Pulse|p2a: Alomomola\n|-damage|p2a: Alomomola|35\/100\n|-enditem|p2a: Alomomola|Red Card|[of] p1a: Ninja\n|drag|p1a: Fire Samurai|Ceruledge, M|100\/100\n|-damage|p1a: Fire Samurai|76\/100|[from] Stealth Rock\n|move|p2a: Alomomola|Wish|p2a: Alomomola\n|\n|upkeep\n|turn|11\n|inactive|requiem887 has 90 seconds left.\n|\n|t:|1700513410\n|switch|p2a: Thundurus|Thundurus-Therian, M|100\/100\n|move|p1a: Fire Samurai|Swords Dance|p1a: Fire Samurai\n|-boost|p1a: Fire Samurai|atk|2\n|\n|upkeep\n|turn|12\n|inactive|requiem887 has 90 seconds left.\n|\n|t:|1700513424\n|-terastallize|p2a: Thundurus|Flying\n|move|p2a: Thundurus|Tera Blast|p1a: Fire Samurai|[anim] Tera Blast Flying\n|-damage|p1a: Fire Samurai|0 fnt\n|faint|p1a: Fire Samurai\n|\n|upkeep\n|inactive|requiem887 has 90 seconds left.\n|\n|t:|1700513431\n|switch|p1a: Future Samurai|Iron Valiant|100\/100\n|-damage|p1a: Future Samurai|94\/100|[from] Stealth Rock\n|-enditem|p1a: Future Samurai|Booster Energy\n|-activate|p1a: Future Samurai|ability: Quark Drive|[fromitem]\n|-start|p1a: Future Samurai|quarkdrivespe\n|turn|13\n|\n|t:|1700513438\n|move|p1a: Future Samurai|Moonblast|p2a: Thundurus\n|-damage|p2a: Thundurus|35\/100\n|-unboost|p2a: Thundurus|spa|1\n|move|p2a: Thundurus|Tera Blast|p1a: Future Samurai|[anim] Tera Blast Flying\n|-supereffective|p1a: Future Samurai\n|-damage|p1a: Future Samurai|0 fnt\n|faint|p1a: Future Samurai\n|-end|p1a: Future Samurai|Quark Drive|[silent]\n|\n|upkeep\n|c|\u2606requiem887|ah no right\n|c|\u2606requiem887|volt absorb\n|c|\u2606requiem887|fuck\n|inactive|requiem887 has 90 seconds left.\n|c|\u2606NYC Red|lol\n|\n|t:|1700513462\n|switch|p1a: Coward Samurai|Zamazenta|72\/100\n|-damage|p1a: Coward Samurai|66\/100|[from] Stealth Rock\n|turn|14\n|\n|t:|1700513467\n|switch|p2a: Alomomola|Alomomola, F|68\/100\n|move|p1a: Coward Samurai|Crunch|p2a: Alomomola\n|-damage|p2a: Alomomola|56\/100\n|\n|-heal|p1a: Coward Samurai|72\/100|[from] item: Leftovers\n|upkeep\n|turn|15\n|inactive|requiem887 has 90 seconds left.\n|\n|t:|1700513489\n|move|p1a: Coward Samurai|Crunch|p2a: Alomomola\n|-damage|p2a: Alomomola|44\/100\n|move|p2a: Alomomola|Scald|p1a: Coward Samurai\n|-damage|p1a: Coward Samurai|61\/100\n|\n|-heal|p1a: Coward Samurai|67\/100|[from] item: Leftovers\n|upkeep\n|turn|16\n|\n|t:|1700513506\n|move|p1a: Coward Samurai|Iron Defense|p1a: Coward Samurai\n|-boost|p1a: Coward Samurai|def|2\n|move|p2a: Alomomola|Wish|p2a: Alomomola\n|\n|-heal|p1a: Coward Samurai|73\/100|[from] item: Leftovers\n|upkeep\n|turn|17\n|\n|t:|1700513516\n|move|p1a: Coward Samurai|Body Press|p2a: Alomomola\n|-damage|p2a: Alomomola|0 fnt\n|faint|p2a: Alomomola\n|\n|-heal|p1a: Coward Samurai|80\/100|[from] item: Leftovers\n|upkeep\n|\n|t:|1700513521\n|switch|p2a: Thundurus|Thundurus-Therian, M, tera:Flying|35\/100\n|turn|18\n|inactive|requiem887 has 90 seconds left.\n|\n|t:|1700513539\n|move|p1a: Coward Samurai|Body Press|p2a: Thundurus\n|-resisted|p2a: Thundurus\n|-damage|p2a: Thundurus|0 fnt\n|faint|p2a: Thundurus\n|\n|-heal|p1a: Coward Samurai|86\/100|[from] item: Leftovers\n|upkeep\n|\n|t:|1700513546\n|switch|p2a: Cinderace|Cinderace, F|100\/100\n|turn|19\n|c|\u2606requiem887|fast as fuck boi\n|inactive|requiem887 has 90 seconds left.\n|\n|t:|1700513553\n|move|p1a: Coward Samurai|Body Press|p2a: Cinderace\n|-damage|p2a: Cinderace|0 fnt\n|faint|p2a: Cinderace\n|\n|-heal|p1a: Coward Samurai|92\/100|[from] item: Leftovers\n|upkeep\n|c|\u2606NYC Red|for what?\n|c|\u2606requiem887|niummmm\n|\n|t:|1700513560\n|switch|p2a: Kingambit|Kingambit, F|100\/100\n|-activate|p2a: Kingambit|ability: Supreme Overlord\n|-start|p2a: Kingambit|fallen5|[silent]\n|turn|20\n|c|\u2606NYC Red|gg\n|c|\u2606requiem887|zoomin in 383 sped\n|\n|t:|1700513572\n|move|p1a: Coward Samurai|Iron Defense|p1a: Coward Samurai\n|-boost|p1a: Coward Samurai|def|2\n|move|p2a: Kingambit|Swords Dance|p2a: Kingambit\n|-boost|p2a: Kingambit|atk|2\n|\n|-heal|p1a: Coward Samurai|98\/100|[from] item: Leftovers\n|upkeep\n|turn|21\n|\n|t:|1700513576\n|move|p1a: Coward Samurai|Body Press|p2a: Kingambit\n|-supereffective|p2a: Kingambit\n|-damage|p2a: Kingambit|0 fnt\n|faint|p2a: Kingambit\n|-end|p2a: Kingambit|fallen5|[silent]\n|\n|win|requiem887\n|raw|requiem887's rating: 1123 &rarr; <strong>1150<\/strong><br \/>(+27 for winning)\n|raw|NYC Red's rating: 1155 &rarr; <strong>1128<\/strong><br \/>(-27 for losing)\n","uploadtime":1700513281,"views":6,"p1id":"requiem887","p2id":"nycred","formatid":"gen9ou","rating":1128,"private":0,"password":""}