{"id":"gen9ou-1991772895","p1":"Bonappletea","p2":"ScarletIronFist","format":"[Gen 9] OU","log":"|j|\u2606Bonappletea\n|j|\u2606ScarletIronFist\n|t:|1700114637\n|gametype|singles\n|player|p1|Bonappletea|skier|1049\n|player|p2|ScarletIronFist|buck|1153\n|teamsize|p1|6\n|teamsize|p2|6\n|gen|9\n|tier|[Gen 9] OU\n|rated|\n|rule|Sleep Clause Mod: Limit one foe put to sleep\n|rule|Species Clause: Limit one of each Pok\u00e9mon\n|rule|OHKO Clause: OHKO moves are banned\n|rule|Evasion Items Clause: Evasion items are banned\n|rule|Evasion Moves Clause: Evasion moves are banned\n|rule|Endless Battle Clause: Forcing endless battles is banned\n|rule|HP Percentage Mod: HP is shown in percentages\n|clearpoke\n|poke|p1|Sandy Shocks|\n|poke|p1|Zapdos|\n|poke|p1|Thundurus-Therian, M|\n|poke|p1|Zamazenta-*|\n|poke|p1|Corviknight, M|\n|poke|p1|Gardevoir, F|\n|poke|p2|Alomomola, F|\n|poke|p2|Slowking-Galar, F|\n|poke|p2|Kingambit, F|\n|poke|p2|Great Tusk|\n|poke|p2|Cinderace, F|\n|poke|p2|Thundurus-Therian, M|\n|teampreview\n|\n|t:|1700114642\n|start\n|switch|p1a: Sandy Shocks|Sandy Shocks, shiny|100\/100\n|switch|p2a: Thundurus|Thundurus-Therian, M|100\/100\n|turn|1\n|\n|t:|1700114648\n|move|p2a: Thundurus|Grass Knot|p1a: Sandy Shocks\n|-supereffective|p1a: Sandy Shocks\n|-damage|p1a: Sandy Shocks|4\/100\n|-enditem|p1a: Sandy Shocks|Wiki Berry|[eat]\n|-heal|p1a: Sandy Shocks|37\/100|[from] item: Wiki Berry\n|move|p1a: Sandy Shocks|Stealth Rock|p2a: Thundurus\n|-sidestart|p2: ScarletIronFist|move: Stealth Rock\n|\n|upkeep\n|turn|2\n|\n|t:|1700114658\n|move|p2a: Thundurus|Grass Knot|p1a: Sandy Shocks\n|-supereffective|p1a: Sandy Shocks\n|-damage|p1a: Sandy Shocks|0 fnt\n|faint|p1a: Sandy Shocks\n|-end|p1a: Sandy Shocks|Protosynthesis|[silent]\n|\n|upkeep\n|\n|t:|1700114663\n|switch|p1a: Zapdos|Zapdos|100\/100\n|turn|3\n|\n|t:|1700114667\n|switch|p2a: Great Tusk|Great Tusk|100\/100\n|-damage|p2a: Great Tusk|98\/100|[from] Stealth Rock\n|move|p1a: Zapdos|Zap Cannon|p2a: Great Tusk\n|-immune|p2a: Great Tusk\n|\n|upkeep\n|turn|4\n|\n|t:|1700114675\n|switch|p1a: Corviknight|Corviknight, M|100\/100\n|move|p2a: Great Tusk|Rapid Spin|p1a: Corviknight\n|-resisted|p1a: Corviknight\n|-damage|p1a: Corviknight|93\/100\n|-boost|p2a: Great Tusk|spe|1\n|-sideend|p2: ScarletIronFist|Stealth Rock|[from] move: Rapid Spin|[of] p2a: Great Tusk\n|\n|upkeep\n|turn|5\n|\n|t:|1700114688\n|-end|p2a: Great Tusk|Protosynthesis|[silent]\n|switch|p2a: Cinderace|Cinderace, F|100\/100\n|move|p1a: Corviknight|Hyper Beam|p2a: Cinderace\n|-damage|p2a: Cinderace|68\/100\n|-mustrecharge|p1a: Corviknight\n|\n|upkeep\n|turn|6\n|c|\u2606ScarletIronFist|?????\n|c|\u2606ScarletIronFist|This is gen 9\n|\n|t:|1700114710\n|move|p2a: Cinderace|Will-O-Wisp|p1a: Corviknight\n|-status|p1a: Corviknight|brn\n|cant|p1a: Corviknight|recharge\n|\n|-damage|p1a: Corviknight|87\/100 brn|[from] brn\n|upkeep\n|turn|7\n|\n|t:|1700114718\n|move|p2a: Cinderace|Pyro Ball|p1a: Corviknight\n|-supereffective|p1a: Corviknight\n|-damage|p1a: Corviknight|0 fnt\n|faint|p1a: Corviknight\n|\n|upkeep\n|\n|t:|1700114725\n|switch|p1a: Zamazenta|Zamazenta|100\/100\n|-ability|p1a: Zamazenta|Dauntless Shield|boost\n|-boost|p1a: Zamazenta|def|1\n|turn|8\n|\n|t:|1700114734\n|move|p2a: Cinderace|Will-O-Wisp|p1a: Zamazenta\n|-status|p1a: Zamazenta|brn\n|move|p1a: Zamazenta|Close Combat|p2a: Cinderace\n|-damage|p2a: Cinderace|21\/100\n|-unboost|p1a: Zamazenta|def|1\n|-unboost|p1a: Zamazenta|spd|1\n|\n|-damage|p1a: Zamazenta|94\/100 brn|[from] brn\n|upkeep\n|turn|9\n|\n|t:|1700114750\n|switch|p2a: Thundurus|Thundurus-Therian, M|100\/100\n|move|p1a: Zamazenta|Focus Blast|p2a: Thundurus\n|-resisted|p2a: Thundurus\n|-damage|p2a: Thundurus|66\/100\n|\n|-damage|p1a: Zamazenta|88\/100 brn|[from] brn\n|upkeep\n|turn|10\n|\n|t:|1700114762\n|-terastallize|p2a: Thundurus|Flying\n|move|p2a: Thundurus|Tera Blast|p1a: Zamazenta|[anim] Tera Blast Flying\n|-supereffective|p1a: Zamazenta\n|-damage|p1a: Zamazenta|0 fnt\n|faint|p1a: Zamazenta\n|\n|upkeep\n|c|\u2606ScarletIronFist|What is this\n|\n|t:|1700114770\n|switch|p1a: Thundurus|Thundurus-Therian, M|100\/100\n|turn|11\n|\n|t:|1700114781\n|move|p2a: Thundurus|Tera Blast|p1a: Thundurus|[anim] Tera Blast Flying\n|-resisted|p1a: Thundurus\n|-damage|p1a: Thundurus|48\/100\n|move|p1a: Thundurus|Focus Blast|p2a: Thundurus\n|-resisted|p2a: Thundurus\n|-damage|p2a: Thundurus|40\/100\n|\n|upkeep\n|turn|12\n|\n|t:|1700114789\n|switch|p1a: Zapdos|Zapdos|100\/100\n|move|p2a: Thundurus|Tera Blast|p1a: Zapdos|[anim] Tera Blast Flying\n|-resisted|p1a: Zapdos\n|-damage|p1a: Zapdos|66\/100\n|\n|upkeep\n|turn|13\n|\n|t:|1700114797\n|switch|p2a: Slowking|Slowking-Galar, F|100\/100\n|move|p1a: Zapdos|Thunder|p2a: Slowking|[miss]\n|-miss|p1a: Zapdos|p2a: Slowking\n|\n|upkeep\n|turn|14\n|\n|t:|1700114808\n|move|p1a: Zapdos|Heat Wave|p2a: Slowking\n|-damage|p2a: Slowking|83\/100\n|-status|p2a: Slowking|brn\n|move|p2a: Slowking|Future Sight|p1a: Zapdos\n|-start|p2a: Slowking|move: Future Sight\n|\n|-damage|p2a: Slowking|77\/100 brn|[from] brn\n|upkeep\n|turn|15\n|\n|t:|1700114817\n|move|p1a: Zapdos|Zap Cannon|p2a: Slowking|[miss]\n|-miss|p1a: Zapdos|p2a: Slowking\n|move|p2a: Slowking|Ice Beam|p1a: Zapdos\n|-supereffective|p1a: Zapdos\n|-damage|p1a: Zapdos|29\/100\n|\n|-damage|p2a: Slowking|71\/100 brn|[from] brn\n|upkeep\n|turn|16\n|\n|t:|1700114827\n|switch|p1a: Gardevoir|Gardevoir, F|100\/100\n|move|p2a: Slowking|Chilly Reception|p2a: Slowking\n|-weather|Snow\n|\n|t:|1700114837\n|switch|p2a: Cinderace|Cinderace, F|21\/100|[from] Chilly Reception\n|\n|-weather|Snow|[upkeep]\n|-end|p1a: Gardevoir|move: Future Sight\n|-resisted|p1a: Gardevoir\n|-damage|p1a: Gardevoir|80\/100\n|upkeep\n|turn|17\n|\n|t:|1700114845\n|move|p2a: Cinderace|Pyro Ball|p1a: Gardevoir\n|-damage|p1a: Gardevoir|0 fnt\n|faint|p1a: Gardevoir\n|\n|-weather|Snow|[upkeep]\n|upkeep\n|-message|Bonappletea forfeited.\n|\n|win|ScarletIronFist\n|raw|Bonappletea's rating: 1049 &rarr; <strong>1037<\/strong><br \/>(-12 for losing)\n|raw|ScarletIronFist's rating: 1153 &rarr; <strong>1171<\/strong><br \/>(+18 for winning)\n|l|\u2606Bonappletea\n","uploadtime":1700114861,"views":7,"p1id":"bonappletea","p2id":"scarletironfist","formatid":"gen9ou","rating":1037,"private":0,"password":""}