{"id":"gen9ou-1997636905","p1":"renji07","p2":"Skaraptor2.1","format":"[Gen 9] OU","log":"|j|\u2606renji07\n|j|\u2606Skaraptor2.1\n|t:|1700835949\n|gametype|singles\n|player|p1|renji07|blue|1363\n|player|p2|Skaraptor2.1|bodybuilderf-gen9|1420\n|teamsize|p1|6\n|teamsize|p2|6\n|gen|9\n|tier|[Gen 9] OU\n|rated|\n|rule|Sleep Clause Mod: Limit one foe put to sleep\n|rule|Species Clause: Limit one of each Pok\u00e9mon\n|rule|OHKO Clause: OHKO moves are banned\n|rule|Evasion Items Clause: Evasion items are banned\n|rule|Evasion Moves Clause: Evasion moves are banned\n|rule|Endless Battle Clause: Forcing endless battles is banned\n|rule|HP Percentage Mod: HP is shown in percentages\n|clearpoke\n|poke|p1|Kingambit, F|\n|poke|p1|Great Tusk|\n|poke|p1|Samurott-Hisui, F|\n|poke|p1|Typhlosion-Hisui, M|\n|poke|p1|Revavroom, M|\n|poke|p1|Ogerpon-Wellspring, F|\n|poke|p2|Ribombee, M|\n|poke|p2|Ogerpon-Wellspring, F|\n|poke|p2|Cinderace, M|\n|poke|p2|Zamazenta-*|\n|poke|p2|Iron Valiant|\n|poke|p2|Kingambit, F|\n|teampreview\n|inactive|Battle timer is ON: inactive players will automatically lose when time's up. (requested by Skaraptor2.1)\n|\n|t:|1700835979\n|start\n|switch|p1a: Ogerpon|Ogerpon-Wellspring, F|100\/100\n|switch|p2a: Transfem|Ogerpon-Wellspring, F|100\/100\n|turn|1\n|\n|t:|1700835987\n|move|p2a: Transfem|Horn Leech|p1a: Ogerpon\n|-damage|p1a: Ogerpon|37\/100\n|move|p1a: Ogerpon|Swords Dance|p1a: Ogerpon\n|-boost|p1a: Ogerpon|atk|2\n|\n|upkeep\n|turn|2\n|\n|t:|1700835995\n|move|p1a: Ogerpon|Horn Leech|p2a: Transfem\n|-damage|p2a: Transfem|0 fnt\n|-heal|p1a: Ogerpon|88\/100|[from] drain|[of] p2a: Transfem\n|faint|p2a: Transfem\n|\n|upkeep\n|\n|t:|1700835999\n|switch|p2a: Twink again|Cinderace, M|100\/100\n|turn|3\n|\n|t:|1700836003\n|-terastallize|p1a: Ogerpon|Water\n|detailschange|p1a: Ogerpon|Ogerpon-Wellspring-Tera, F, tera:Water\n|-ability|p1a: Ogerpon|Embody Aspect (Wellspring)|boost\n|-boost|p1a: Ogerpon|spd|1\n|move|p2a: Twink again|U-turn|p1a: Ogerpon\n|-start|p2a: Twink again|typechange|Bug|[from] ability: Libero\n|-damage|p1a: Ogerpon|46\/100\n|\n|t:|1700836013\n|switch|p2a: Bigender|Iron Valiant|100\/100|[from] U-turn\n|-enditem|p2a: Bigender|Booster Energy\n|-activate|p2a: Bigender|ability: Quark Drive|[fromitem]\n|-start|p2a: Bigender|quarkdrivespe\n|move|p1a: Ogerpon|Ivy Cudgel|p2a: Bigender|[anim] Ivy Cudgel Water\n|-damage|p2a: Bigender|0 fnt\n|faint|p2a: Bigender\n|-end|p2a: Bigender|Quark Drive|[silent]\n|\n|upkeep\n|\n|t:|1700836023\n|switch|p2a: Defender of Trans|Zamazenta, shiny|100\/100\n|-ability|p2a: Defender of Trans|Dauntless Shield|boost\n|-boost|p2a: Defender of Trans|def|1\n|turn|4\n|\n|t:|1700836030\n|move|p2a: Defender of Trans|Body Press|p1a: Ogerpon\n|-damage|p1a: Ogerpon|0 fnt\n|faint|p1a: Ogerpon\n|\n|upkeep\n|\n|t:|1700836043\n|switch|p1a: Revavroom|Revavroom, M|100\/100\n|turn|5\n|\n|t:|1700836053\n|switch|p2a: Queengambit|Kingambit, F|100\/100\n|-activate|p2a: Queengambit|ability: Supreme Overlord\n|-start|p2a: Queengambit|fallen2|[silent]\n|move|p1a: Revavroom|Toxic Spikes|p2a: Queengambit\n|-sidestart|p2: Skaraptor2.1|move: Toxic Spikes\n|\n|upkeep\n|turn|6\n|\n|t:|1700836062\n|move|p1a: Revavroom|Shift Gear|p1a: Revavroom\n|-boost|p1a: Revavroom|spe|2\n|-boost|p1a: Revavroom|atk|1\n|move|p2a: Queengambit|Swords Dance|p2a: Queengambit\n|-boost|p2a: Queengambit|atk|2\n|\n|upkeep\n|turn|7\n|\n|t:|1700836068\n|move|p1a: Revavroom|High Horsepower|p2a: Queengambit\n|-supereffective|p2a: Queengambit\n|-damage|p2a: Queengambit|30\/100\n|move|p2a: Queengambit|Low Kick|p1a: Revavroom\n|-damage|p1a: Revavroom|7\/100\n|\n|-heal|p1a: Revavroom|13\/100|[from] item: Leftovers\n|-heal|p2a: Queengambit|36\/100|[from] item: Leftovers\n|upkeep\n|turn|8\n|\n|t:|1700836074\n|move|p2a: Queengambit|Sucker Punch|p1a: Revavroom\n|-damage|p1a: Revavroom|0 fnt\n|faint|p1a: Revavroom\n|\n|-heal|p2a: Queengambit|42\/100|[from] item: Leftovers\n|upkeep\n|\n|t:|1700836102\n|switch|p1a: Samurott|Samurott-Hisui, F|100\/100\n|turn|9\n|\n|t:|1700836108\n|move|p1a: Samurott|Aqua Cutter|p2a: Queengambit\n|-damage|p2a: Queengambit|7\/100\n|move|p2a: Queengambit|Low Kick|p1a: Samurott\n|-supereffective|p1a: Samurott\n|-damage|p1a: Samurott|0 fnt\n|faint|p1a: Samurott\n|\n|-heal|p2a: Queengambit|13\/100|[from] item: Leftovers\n|upkeep\n|\n|t:|1700836124\n|switch|p1a: Kingambit|Kingambit, F|100\/100\n|-activate|p1a: Kingambit|ability: Supreme Overlord\n|-start|p1a: Kingambit|fallen3|[silent]\n|turn|10\n|\n|t:|1700836128\n|move|p1a: Kingambit|Sucker Punch|p2a: Queengambit\n|-resisted|p2a: Queengambit\n|-damage|p2a: Queengambit|0 fnt\n|faint|p2a: Queengambit\n|-end|p2a: Queengambit|fallen2|[silent]\n|\n|upkeep\n|\n|t:|1700836132\n|switch|p2a: Twink again|Cinderace, M|100\/100\n|turn|11\n|\n|t:|1700836142\n|-end|p1a: Kingambit|fallen3|[silent]\n|switch|p1a: Great Tusk|Great Tusk|100\/100\n|move|p2a: Twink again|High Jump Kick|p1a: Great Tusk\n|-start|p2a: Twink again|typechange|Fighting|[from] ability: Libero\n|-damage|p1a: Great Tusk|63\/100\n|\n|upkeep\n|turn|12\n|\n|t:|1700836157\n|move|p2a: Twink again|Court Change|p2a: Twink again\n|-swapsideconditions\n|-activate|p2a: Twink again|move: Court Change\n|move|p1a: Great Tusk|Rapid Spin|p2a: Twink again\n|-damage|p2a: Twink again|72\/100\n|-boost|p1a: Great Tusk|spe|1\n|-sideend|p1: renji07|Toxic Spikes|[from] move: Rapid Spin|[of] p1a: Great Tusk\n|\n|upkeep\n|turn|13\n|\n|t:|1700836173\n|move|p2a: Twink again|Pyro Ball|p1a: Great Tusk\n|-damage|p1a: Great Tusk|41\/100\n|move|p1a: Great Tusk|Rapid Spin|p2a: Twink again\n|-damage|p2a: Twink again|42\/100\n|-boost|p1a: Great Tusk|spe|1\n|\n|upkeep\n|turn|14\n|inactive|renji07 has 120 seconds left.\n|\n|t:|1700836207\n|move|p1a: Great Tusk|Close Combat|p2a: Twink again\n|-damage|p2a: Twink again|0 fnt\n|-unboost|p1a: Great Tusk|def|1\n|-unboost|p1a: Great Tusk|spd|1\n|faint|p2a: Twink again\n|\n|upkeep\n|\n|t:|1700836210\n|switch|p2a: Twink|Ribombee, M|100\/100\n|turn|15\n|l|\u2606Skaraptor2.1\n|inactive|Skaraptor2.1 disconnected and has a minute to reconnect!\n|player|p2|\n|j|\u2606Skaraptor2.1\n|inactive|Skaraptor2.1 reconnected and has 115 seconds left.\n|player|p2|Skaraptor2.1|bodybuilderf-gen9\n|\n|t:|1700836252\n|move|p1a: Great Tusk|Smart Strike|p2a: Twink\n|-supereffective|p2a: Twink\n|-damage|p2a: Twink|16\/100\n|move|p2a: Twink|Moonblast|p1a: Great Tusk\n|-supereffective|p1a: Great Tusk\n|-damage|p1a: Great Tusk|0 fnt\n|faint|p1a: Great Tusk\n|-end|p1a: Great Tusk|Protosynthesis|[silent]\n|\n|upkeep\n|\n|t:|1700836261\n|switch|p1a: Kingambit|Kingambit, F|100\/100\n|-activate|p1a: Kingambit|ability: Supreme Overlord\n|-start|p1a: Kingambit|fallen4|[silent]\n|turn|16\n|\n|t:|1700836266\n|move|p2a: Twink|Stun Spore|p1a: Kingambit\n|-status|p1a: Kingambit|par\n|move|p1a: Kingambit|Iron Head|p2a: Twink\n|-supereffective|p2a: Twink\n|-damage|p2a: Twink|0 fnt\n|faint|p2a: Twink\n|\n|upkeep\n|\n|t:|1700836272\n|switch|p2a: Defender of Trans|Zamazenta, shiny|100\/100\n|turn|17\n|\n|t:|1700836275\n|move|p2a: Defender of Trans|Iron Defense|p2a: Defender of Trans\n|-boost|p2a: Defender of Trans|def|2\n|move|p1a: Kingambit|Iron Head|p2a: Defender of Trans\n|-damage|p2a: Defender of Trans|69\/100\n|\n|-heal|p2a: Defender of Trans|75\/100|[from] item: Leftovers\n|upkeep\n|turn|18\n|\n|t:|1700836277\n|move|p2a: Defender of Trans|Iron Defense|p2a: Defender of Trans\n|-boost|p2a: Defender of Trans|def|2\n|move|p1a: Kingambit|Iron Head|p2a: Defender of Trans\n|-damage|p2a: Defender of Trans|52\/100\n|\n|-heal|p2a: Defender of Trans|58\/100|[from] item: Leftovers\n|upkeep\n|turn|19\n|\n|t:|1700836280\n|move|p2a: Defender of Trans|Iron Defense|p2a: Defender of Trans\n|-boost|p2a: Defender of Trans|def|2\n|cant|p1a: Kingambit|par\n|\n|-heal|p2a: Defender of Trans|64\/100|[from] item: Leftovers\n|upkeep\n|turn|20\n|\n|t:|1700836282\n|move|p2a: Defender of Trans|Body Press|p1a: Kingambit\n|-supereffective|p1a: Kingambit\n|-damage|p1a: Kingambit|0 fnt\n|faint|p1a: Kingambit\n|-end|p1a: Kingambit|fallen4|[silent]\n|\n|-heal|p2a: Defender of Trans|71\/100|[from] item: Leftovers\n|upkeep\n|\n|t:|1700836285\n|switch|p1a: Typhlosion|Typhlosion-Hisui, M|100\/100\n|-item|p2a: Defender of Trans|Leftovers|[from] ability: Frisk|[of] p1a: Typhlosion|[identify]\n|turn|21\n|\n|t:|1700836287\n|-terastallize|p2a: Defender of Trans|Fire\n|move|p1a: Typhlosion|Eruption|p2a: Defender of Trans\n|-resisted|p2a: Defender of Trans\n|-damage|p2a: Defender of Trans|43\/100\n|move|p2a: Defender of Trans|Crunch|p1a: Typhlosion\n|-supereffective|p1a: Typhlosion\n|-damage|p1a: Typhlosion|41\/100\n|\n|-heal|p2a: Defender of Trans|49\/100|[from] item: Leftovers\n|upkeep\n|turn|22\n|\n|t:|1700836296\n|move|p1a: Typhlosion|Eruption|p2a: Defender of Trans\n|-resisted|p2a: Defender of Trans\n|-damage|p2a: Defender of Trans|38\/100\n|move|p2a: Defender of Trans|Crunch|p1a: Typhlosion\n|-supereffective|p1a: Typhlosion\n|-damage|p1a: Typhlosion|0 fnt\n|faint|p1a: Typhlosion\n|\n|win|Skaraptor2.1\n|raw|renji07's rating: 1363 &rarr; <strong>1346<\/strong><br \/>(-17 for losing)\n|raw|Skaraptor2.1's rating: 1420 &rarr; <strong>1437<\/strong><br \/>(+17 for winning)\n|l|\u2606renji07\n","uploadtime":1700836300,"views":5,"p1id":"renji07","p2id":"skaraptor21","formatid":"gen9ou","rating":1346,"private":0,"password":""}