{"id":"gen9ou-1997832456","p1":"LegacyShowden","p2":"Uranicrey","format":"[Gen 9] OU","log":"|j|\u2606LegacyShowden\n|j|\u2606Uranicrey\n|t:|1700857564\n|gametype|singles\n|player|p1|LegacyShowden|rosa|1584\n|player|p2|Uranicrey|steven|1498\n|teamsize|p1|6\n|teamsize|p2|6\n|gen|9\n|tier|[Gen 9] OU\n|rated|\n|rule|Sleep Clause Mod: Limit one foe put to sleep\n|rule|Species Clause: Limit one of each Pok\u00e9mon\n|rule|OHKO Clause: OHKO moves are banned\n|rule|Evasion Items Clause: Evasion items are banned\n|rule|Evasion Moves Clause: Evasion moves are banned\n|rule|Endless Battle Clause: Forcing endless battles is banned\n|rule|HP Percentage Mod: HP is shown in percentages\n|clearpoke\n|poke|p1|Great Tusk|\n|poke|p1|Samurott-Hisui, M|\n|poke|p1|Dragapult, M|\n|poke|p1|Enamorus, F|\n|poke|p1|Heatran, M|\n|poke|p1|Gholdengo|\n|poke|p2|Iron Moth|\n|poke|p2|Ceruledge, F|\n|poke|p2|Iron Valiant|\n|poke|p2|Great Tusk|\n|poke|p2|Breloom, F|\n|poke|p2|Ninetales-Alola, M|\n|teampreview\n|inactive|Battle timer is ON: inactive players will automatically lose when time's up. (requested by Uranicrey)\n|inactive|LegacyShowden also wants the timer to be on.\n|\n|t:|1700857568\n|start\n|switch|p1a: Heatran|Heatran, M, shiny|100\/100\n|switch|p2a: Ceruledge|Ceruledge, F, shiny|100\/100\n|turn|1\n|\n|t:|1700857572\n|move|p2a: Ceruledge|Close Combat|p1a: Heatran\n|-supereffective|p1a: Heatran\n|-damage|p1a: Heatran|35\/100\n|-unboost|p2a: Ceruledge|def|1\n|-unboost|p2a: Ceruledge|spd|1\n|move|p1a: Heatran|Earth Power|p2a: Ceruledge\n|-supereffective|p2a: Ceruledge\n|-damage|p2a: Ceruledge|4\/100\n|\n|-heal|p1a: Heatran|41\/100|[from] item: Leftovers\n|upkeep\n|turn|2\n|\n|t:|1700857579\n|switch|p1a: Dragapult|Dragapult, M, shiny|100\/100\n|move|p2a: Ceruledge|Close Combat|p1a: Dragapult\n|-immune|p1a: Dragapult\n|\n|upkeep\n|turn|3\n|\n|t:|1700857581\n|move|p2a: Ceruledge|Shadow Sneak|p1a: Dragapult\n|-supereffective|p1a: Dragapult\n|-crit|p1a: Dragapult\n|-damage|p1a: Dragapult|15\/100\n|move|p1a: Dragapult|U-turn|p2a: Ceruledge\n|-resisted|p2a: Ceruledge\n|-damage|p2a: Ceruledge|0 fnt\n|faint|p2a: Ceruledge\n|\n|t:|1700857584\n|switch|p1a: Heatran|Heatran, M, shiny|41\/100|[from] U-turn\n|\n|-heal|p1a: Heatran|48\/100|[from] item: Leftovers\n|upkeep\n|\n|t:|1700857591\n|switch|p2a: Great Tusk|Great Tusk, shiny|100\/100\n|-enditem|p2a: Great Tusk|Booster Energy\n|-activate|p2a: Great Tusk|ability: Protosynthesis|[fromitem]\n|-start|p2a: Great Tusk|protosynthesisatk\n|turn|4\n|\n|t:|1700857596\n|switch|p1a: Dragapult|Dragapult, M, shiny|15\/100\n|move|p2a: Great Tusk|Rapid Spin|p1a: Dragapult\n|-immune|p1a: Dragapult\n|\n|upkeep\n|turn|5\n|\n|t:|1700857598\n|move|p1a: Dragapult|Draco Meteor|p2a: Great Tusk\n|-damage|p2a: Great Tusk|0 fnt\n|-unboost|p1a: Dragapult|spa|2\n|faint|p2a: Great Tusk\n|-end|p2a: Great Tusk|Protosynthesis|[silent]\n|\n|upkeep\n|\n|t:|1700857603\n|switch|p2a: Ninetales|Ninetales-Alola, M|100\/100\n|-weather|Snow|[from] ability: Snow Warning|[of] p2a: Ninetales\n|turn|6\n|\n|t:|1700857605\n|switch|p1a: Heatran|Heatran, M, shiny|48\/100\n|move|p2a: Ninetales|Aurora Veil|p2a: Ninetales\n|-sidestart|p2: Uranicrey|move: Aurora Veil\n|\n|-weather|Snow|[upkeep]\n|-heal|p1a: Heatran|54\/100|[from] item: Leftovers\n|upkeep\n|turn|7\n|\n|t:|1700857609\n|move|p2a: Ninetales|Moonblast|p1a: Heatran\n|-resisted|p1a: Heatran\n|-crit|p1a: Heatran\n|-damage|p1a: Heatran|47\/100\n|-unboost|p1a: Heatran|spa|1\n|move|p1a: Heatran|Magma Storm|p2a: Ninetales|[miss]\n|-miss|p1a: Heatran|p2a: Ninetales\n|\n|-weather|Snow|[upkeep]\n|-heal|p1a: Heatran|53\/100|[from] item: Leftovers\n|upkeep\n|turn|8\n|\n|t:|1700857614\n|move|p2a: Ninetales|Moonblast|p1a: Heatran\n|-resisted|p1a: Heatran\n|-damage|p1a: Heatran|49\/100\n|move|p1a: Heatran|Magma Storm|p2a: Ninetales\n|-supereffective|p2a: Ninetales\n|-damage|p2a: Ninetales|72\/100\n|-activate|p2a: Ninetales|move: Magma Storm|[of] p1a: Heatran\n|\n|-weather|Snow|[upkeep]\n|-heal|p1a: Heatran|56\/100|[from] item: Leftovers\n|-damage|p2a: Ninetales|60\/100|[from] move: Magma Storm|[partiallytrapped]\n|upkeep\n|turn|9\n|\n|t:|1700857618\n|move|p2a: Ninetales|Encore|p1a: Heatran\n|-start|p1a: Heatran|Encore\n|move|p1a: Heatran|Magma Storm|p2a: Ninetales|[miss]\n|-miss|p1a: Heatran|p2a: Ninetales\n|\n|-weather|Snow|[upkeep]\n|-heal|p1a: Heatran|62\/100|[from] item: Leftovers\n|-damage|p2a: Ninetales|47\/100|[from] move: Magma Storm|[partiallytrapped]\n|upkeep\n|turn|10\n|\n|t:|1700857620\n|move|p2a: Ninetales|Freeze-Dry|p1a: Heatran\n|-resisted|p1a: Heatran\n|-damage|p1a: Heatran|59\/100\n|-status|p1a: Heatran|frz\n|-curestatus|p1a: Heatran|frz|[msg]\n|move|p1a: Heatran|Magma Storm|p2a: Ninetales\n|-supereffective|p2a: Ninetales\n|-crit|p2a: Ninetales\n|-damage|p2a: Ninetales|0 fnt\n|faint|p2a: Ninetales\n|\n|-weather|none\n|-heal|p1a: Heatran|65\/100|[from] item: Leftovers\n|upkeep\n|\n|t:|1700857624\n|switch|p2a: Breloom|Breloom, F, shiny|100\/100\n|turn|11\n|\n|t:|1700857630\n|switch|p1a: Dragapult|Dragapult, M, shiny|15\/100\n|move|p2a: Breloom|Rock Tomb|p1a: Dragapult\n|-damage|p1a: Dragapult|0 fnt\n|faint|p1a: Dragapult\n|\n|upkeep\n|\n|t:|1700857645\n|switch|p1a: Gholdengo|Gholdengo|100\/100\n|-item|p1a: Gholdengo|Air Balloon\n|turn|12\n|\n|t:|1700857649\n|move|p2a: Breloom|Rock Tomb|p1a: Gholdengo\n|-resisted|p1a: Gholdengo\n|-damage|p1a: Gholdengo|90\/100\n|-unboost|p1a: Gholdengo|spe|1\n|-enditem|p1a: Gholdengo|Air Balloon\n|move|p1a: Gholdengo|Thunder Wave|p2a: Breloom\n|-status|p2a: Breloom|par\n|\n|upkeep\n|turn|13\n|\n|t:|1700857655\n|move|p1a: Gholdengo|Hex|p2a: Breloom\n|-damage|p2a: Breloom|44\/100 par\n|move|p2a: Breloom|Rock Tomb|p1a: Gholdengo\n|-resisted|p1a: Gholdengo\n|-damage|p1a: Gholdengo|80\/100\n|-unboost|p1a: Gholdengo|spe|1\n|\n|-sideend|p2: Uranicrey|move: Aurora Veil\n|upkeep\n|turn|14\n|\n|t:|1700857659\n|cant|p2a: Breloom|par\n|move|p1a: Gholdengo|Hex|p2a: Breloom\n|-damage|p2a: Breloom|0 fnt\n|faint|p2a: Breloom\n|\n|upkeep\n|\n|t:|1700857660\n|switch|p2a: Iron Moth|Iron Moth, shiny|100\/100\n|-enditem|p2a: Iron Moth|Booster Energy\n|-activate|p2a: Iron Moth|ability: Quark Drive|[fromitem]\n|-start|p2a: Iron Moth|quarkdrivespa\n|turn|15\n|\n|t:|1700857663\n|switch|p1a: Heatran|Heatran, M, shiny|65\/100\n|move|p2a: Iron Moth|Fiery Dance|p1a: Heatran\n|-start|p1a: Heatran|ability: Flash Fire\n|\n|-heal|p1a: Heatran|71\/100|[from] item: Leftovers\n|upkeep\n|turn|16\n|\n|t:|1700857666\n|move|p2a: Iron Moth|Psychic|p1a: Heatran\n|-resisted|p1a: Heatran\n|-damage|p1a: Heatran|58\/100\n|-unboost|p1a: Heatran|spd|1\n|move|p1a: Heatran|Earth Power|p2a: Iron Moth\n|-supereffective|p2a: Iron Moth\n|-damage|p2a: Iron Moth|0 fnt\n|faint|p2a: Iron Moth\n|-end|p2a: Iron Moth|Quark Drive|[silent]\n|\n|-heal|p1a: Heatran|64\/100|[from] item: Leftovers\n|upkeep\n|\n|t:|1700857669\n|switch|p2a: Iron Valiant|Iron Valiant, shiny|100\/100\n|-enditem|p2a: Iron Valiant|Booster Energy\n|-activate|p2a: Iron Valiant|ability: Quark Drive|[fromitem]\n|-start|p2a: Iron Valiant|quarkdrivespe\n|turn|17\n|\n|t:|1700857671\n|move|p2a: Iron Valiant|Close Combat|p1a: Heatran\n|-supereffective|p1a: Heatran\n|-crit|p1a: Heatran\n|-damage|p1a: Heatran|0 fnt\n|-unboost|p2a: Iron Valiant|def|1\n|-unboost|p2a: Iron Valiant|spd|1\n|faint|p1a: Heatran\n|\n|upkeep\n|\n|t:|1700857674\n|switch|p1a: Gholdengo|Gholdengo|80\/100\n|turn|18\n|\n|t:|1700857679\n|-terastallize|p2a: Iron Valiant|Steel\n|move|p2a: Iron Valiant|Shadow Ball|p1a: Gholdengo\n|-supereffective|p1a: Gholdengo\n|-damage|p1a: Gholdengo|31\/100\n|move|p1a: Gholdengo|Recover|p1a: Gholdengo\n|-heal|p1a: Gholdengo|81\/100\n|\n|upkeep\n|turn|19\n|\n|t:|1700857685\n|move|p2a: Iron Valiant|Shadow Ball|p1a: Gholdengo\n|-supereffective|p1a: Gholdengo\n|-crit|p1a: Gholdengo\n|-damage|p1a: Gholdengo|0 fnt\n|faint|p1a: Gholdengo\n|\n|upkeep\n|\n|t:|1700857703\n|switch|p1a: Samurott|Samurott-Hisui, M|100\/100\n|turn|20\n|\n|t:|1700857713\n|move|p1a: Samurott|Sucker Punch|p2a: Iron Valiant\n|-damage|p2a: Iron Valiant|0 fnt\n|faint|p2a: Iron Valiant\n|-end|p2a: Iron Valiant|Quark Drive|[silent]\n|\n|win|LegacyShowden\n|raw|LegacyShowden's rating: 1584 &rarr; <strong>1599<\/strong><br \/>(+15 for winning)\n|raw|Uranicrey's rating: 1498 &rarr; <strong>1483<\/strong><br \/>(-15 for losing)\n|l|\u2606Uranicrey\n","uploadtime":1700857718,"views":3,"p1id":"legacyshowden","p2id":"uranicrey","formatid":"gen9ou","rating":1483,"private":0,"password":""}