{"id":"gen9ou-1997320513","p1":"qazniak","p2":"Vee1998","format":"[Gen 9] OU","log":"|j|\u2606qazniak\n|j|\u2606Vee1998\n|t:|1700789040\n|gametype|singles\n|player|p1|qazniak|169|1044\n|player|p2|Vee1998|101|1000\n|teamsize|p1|6\n|teamsize|p2|6\n|gen|9\n|tier|[Gen 9] OU\n|rated|\n|rule|Sleep Clause Mod: Limit one foe put to sleep\n|rule|Species Clause: Limit one of each Pok\u00e9mon\n|rule|OHKO Clause: OHKO moves are banned\n|rule|Evasion Items Clause: Evasion items are banned\n|rule|Evasion Moves Clause: Evasion moves are banned\n|rule|Endless Battle Clause: Forcing endless battles is banned\n|rule|HP Percentage Mod: HP is shown in percentages\n|clearpoke\n|poke|p1|Arcanine-Hisui, F|\n|poke|p1|Chandelure, M|\n|poke|p1|Ceruledge, F|\n|poke|p1|Corviknight, F|\n|poke|p1|Clodsire, M|\n|poke|p1|Ninetales-Alola, M|\n|poke|p2|Sylveon, F|\n|poke|p2|Gastrodon, F|\n|poke|p2|Corviknight, F|\n|poke|p2|Dragapult, F|\n|poke|p2|Arcanine, M|\n|poke|p2|Grimmsnarl, M|\n|teampreview\n|\n|t:|1700789047\n|start\n|switch|p1a: Ninetales|Ninetales-Alola, M|100\/100\n|switch|p2a: Sylveon|Sylveon, F, shiny|100\/100\n|-weather|Snow|[from] ability: Snow Warning|[of] p1a: Ninetales\n|turn|1\n|\n|t:|1700789055\n|move|p1a: Ninetales|Aurora Veil|p1a: Ninetales\n|-sidestart|p1: qazniak|move: Aurora Veil\n|move|p2a: Sylveon|Hyper Voice|p1a: Ninetales\n|-damage|p1a: Ninetales|63\/100\n|\n|-weather|Snow|[upkeep]\n|upkeep\n|turn|2\n|\n|t:|1700789066\n|switch|p1a: Ceruledge|Ceruledge, F|100\/100\n|move|p2a: Sylveon|Hyper Voice|p1a: Ceruledge\n|-resisted|p1a: Ceruledge\n|-damage|p1a: Ceruledge|89\/100\n|\n|-weather|Snow|[upkeep]\n|upkeep\n|turn|3\n|\n|t:|1700789078\n|move|p1a: Ceruledge|Bulk Up|p1a: Ceruledge\n|-boost|p1a: Ceruledge|atk|1\n|-boost|p1a: Ceruledge|def|1\n|move|p2a: Sylveon|Psyshock|p1a: Ceruledge\n|-damage|p1a: Ceruledge|81\/100\n|\n|-weather|Snow|[upkeep]\n|upkeep\n|turn|4\n|inactive|Battle timer is ON: inactive players will automatically lose when time's up. (requested by qazniak)\n|\n|t:|1700789094\n|switch|p2a: Dragapult|Dragapult, F, shiny|100\/100\n|move|p1a: Ceruledge|Bulk Up|p1a: Ceruledge\n|-boost|p1a: Ceruledge|atk|1\n|-boost|p1a: Ceruledge|def|1\n|\n|-weather|Snow|[upkeep]\n|upkeep\n|turn|5\n|\n|t:|1700789106\n|move|p2a: Dragapult|Dragon Darts|p1a: Ceruledge\n|-damage|p1a: Ceruledge|60\/100\n|-anim|p2a: Dragapult|Dragon Darts|p1a: Ceruledge\n|-damage|p1a: Ceruledge|38\/100\n|move|p1a: Ceruledge|Bulk Up|p1a: Ceruledge\n|-boost|p1a: Ceruledge|atk|1\n|-boost|p1a: Ceruledge|def|1\n|\n|-weather|none\n|upkeep\n|turn|6\n|\n|t:|1700789119\n|-terastallize|p1a: Ceruledge|Ghost\n|move|p1a: Ceruledge|Shadow Sneak|p2a: Dragapult\n|-supereffective|p2a: Dragapult\n|-damage|p2a: Dragapult|0 fnt\n|faint|p2a: Dragapult\n|\n|upkeep\n|\n|t:|1700789132\n|switch|p2a: Arcanine|Arcanine, M|100\/100\n|-ability|p2a: Arcanine|Intimidate|boost\n|-unboost|p1a: Ceruledge|atk|1\n|turn|7\n|\n|t:|1700789144\n|move|p2a: Arcanine|Flare Blitz|p1a: Ceruledge\n|-start|p1a: Ceruledge|ability: Flash Fire\n|move|p1a: Ceruledge|Bulk Up|p1a: Ceruledge\n|-boost|p1a: Ceruledge|atk|1\n|-boost|p1a: Ceruledge|def|1\n|\n|upkeep\n|turn|8\n|\n|t:|1700789152\n|move|p2a: Arcanine|Extreme Speed|p1a: Ceruledge\n|-immune|p1a: Ceruledge\n|move|p1a: Ceruledge|Bitter Blade|p2a: Arcanine\n|-resisted|p2a: Arcanine\n|-damage|p2a: Arcanine|51\/100\n|-heal|p1a: Ceruledge|72\/100|[from] drain|[of] p2a: Arcanine\n|\n|-sideend|p1: qazniak|move: Aurora Veil\n|upkeep\n|turn|9\n|\n|t:|1700789162\n|move|p2a: Arcanine|Will-O-Wisp|p1a: Ceruledge\n|-immune|p1a: Ceruledge|[from] ability: Flash Fire\n|move|p1a: Ceruledge|Bulk Up|p1a: Ceruledge\n|-boost|p1a: Ceruledge|atk|1\n|-boost|p1a: Ceruledge|def|1\n|\n|upkeep\n|turn|10\n|\n|t:|1700789176\n|switch|p2a: Grimmsnarl|Grimmsnarl, M, shiny|100\/100\n|move|p1a: Ceruledge|Bulk Up|p1a: Ceruledge\n|-boost|p1a: Ceruledge|atk|1\n|-boost|p1a: Ceruledge|def|1\n|\n|upkeep\n|turn|11\n|\n|t:|1700789191\n|move|p2a: Grimmsnarl|Taunt|p1a: Ceruledge\n|-start|p1a: Ceruledge|move: Taunt\n|move|p1a: Ceruledge|Bitter Blade|p2a: Grimmsnarl\n|-damage|p2a: Grimmsnarl|0 fnt\n|-heal|p1a: Ceruledge|100\/100|[from] drain|[of] p2a: Grimmsnarl\n|faint|p2a: Grimmsnarl\n|\n|upkeep\n|\n|t:|1700789202\n|switch|p2a: Corviknight|Corviknight, F, shiny|100\/100\n|-ability|p2a: Corviknight|Pressure\n|turn|12\n|\n|t:|1700789208\n|move|p1a: Ceruledge|Bitter Blade|p2a: Corviknight\n|-supereffective|p2a: Corviknight\n|-damage|p2a: Corviknight|0 fnt\n|-damage|p1a: Ceruledge|84\/100|[from] item: Rocky Helmet|[of] p2a: Corviknight\n|faint|p2a: Corviknight\n|\n|upkeep\n|\n|t:|1700789214\n|switch|p2a: Sylveon|Sylveon, F, shiny|100\/100\n|turn|13\n|\n|t:|1700789218\n|move|p1a: Ceruledge|Bitter Blade|p2a: Sylveon\n|-damage|p2a: Sylveon|0 fnt\n|-heal|p1a: Ceruledge|100\/100|[from] drain|[of] p2a: Sylveon\n|faint|p2a: Sylveon\n|\n|-end|p1a: Ceruledge|move: Taunt\n|upkeep\n|\n|t:|1700789225\n|switch|p2a: Gastrodon|Gastrodon, F|100\/100\n|turn|14\n|\n|t:|1700789229\n|move|p1a: Ceruledge|Bulk Up|p1a: Ceruledge\n|-boost|p1a: Ceruledge|atk|1\n|-boost|p1a: Ceruledge|def|0\n|move|p2a: Gastrodon|Ice Beam|p1a: Ceruledge\n|-crit|p1a: Ceruledge\n|-damage|p1a: Ceruledge|81\/100\n|-status|p1a: Ceruledge|frz\n|\n|upkeep\n|turn|15\n|\n|t:|1700789239\n|cant|p1a: Ceruledge|frz\n|move|p2a: Gastrodon|Ice Beam|p1a: Ceruledge\n|-damage|p1a: Ceruledge|68\/100 frz\n|\n|upkeep\n|turn|16\n|\n|t:|1700789245\n|cant|p1a: Ceruledge|frz\n|move|p2a: Gastrodon|Ice Beam|p1a: Ceruledge\n|-damage|p1a: Ceruledge|53\/100 frz\n|\n|upkeep\n|turn|17\n|\n|t:|1700789250\n|cant|p1a: Ceruledge|frz\n|move|p2a: Gastrodon|Earth Power|p1a: Ceruledge\n|-damage|p1a: Ceruledge|33\/100 frz\n|\n|upkeep\n|turn|18\n|\n|t:|1700789256\n|cant|p1a: Ceruledge|frz\n|move|p2a: Gastrodon|Ice Beam|p1a: Ceruledge\n|-damage|p1a: Ceruledge|20\/100 frz\n|\n|upkeep\n|turn|19\n|\n|t:|1700789261\n|-curestatus|p1a: Ceruledge|frz|[msg]\n|move|p1a: Ceruledge|Bitter Blade|p2a: Gastrodon\n|-resisted|p2a: Gastrodon\n|-damage|p2a: Gastrodon|0 fnt\n|-heal|p1a: Ceruledge|98\/100|[from] drain|[of] p2a: Gastrodon\n|faint|p2a: Gastrodon\n|\n|upkeep\n|\n|t:|1700789268\n|switch|p2a: Arcanine|Arcanine, M|51\/100\n|-ability|p2a: Arcanine|Intimidate|boost\n|-unboost|p1a: Ceruledge|atk|1\n|turn|20\n|\n|t:|1700789275\n|move|p2a: Arcanine|Extreme Speed|p1a: Ceruledge\n|-immune|p1a: Ceruledge\n|move|p1a: Ceruledge|Shadow Sneak|p2a: Arcanine\n|-damage|p2a: Arcanine|0 fnt\n|faint|p2a: Arcanine\n|\n|win|qazniak\n|raw|qazniak's rating: 1044 &rarr; <strong>1073<\/strong><br \/>(+29 for winning)\n|raw|Vee1998's rating: 1000 &rarr; <strong>1000<\/strong><br \/>(+0 for losing)\n|l|\u2606Vee1998\n","uploadtime":1700789299,"views":3,"p1id":"qazniak","p2id":"vee1998","formatid":"gen9ou","rating":1000,"private":0,"password":""}