{"id":"gen9ou-1988856108","p1":"danp117","p2":"RSDPM","format":"[Gen 9] OU","log":"|j|\u2606danp117\n|j|\u2606RSDPM\n|t:|1699774792\n|gametype|singles\n|player|p1|danp117|170|1247\n|player|p2|RSDPM|riley|1313\n|teamsize|p1|6\n|teamsize|p2|6\n|gen|9\n|tier|[Gen 9] OU\n|rated|\n|rule|Sleep Clause Mod: Limit one foe put to sleep\n|rule|Species Clause: Limit one of each Pok\u00e9mon\n|rule|OHKO Clause: OHKO moves are banned\n|rule|Evasion Items Clause: Evasion items are banned\n|rule|Evasion Moves Clause: Evasion moves are banned\n|rule|Endless Battle Clause: Forcing endless battles is banned\n|rule|HP Percentage Mod: HP is shown in percentages\n|clearpoke\n|poke|p1|Dragapult, F|\n|poke|p1|Iron Valiant|\n|poke|p1|Rillaboom, F|\n|poke|p1|Sneasler, F|\n|poke|p1|Great Tusk|\n|poke|p1|Walking Wake|\n|poke|p2|Wyrdeer, M|\n|poke|p2|Kleavor, F|\n|poke|p2|Ursaluna, F|\n|poke|p2|Basculegion-F, F|\n|poke|p2|Sneasler, F|\n|poke|p2|Overqwil, M|\n|teampreview\n|inactive|Battle timer is ON: inactive players will automatically lose when time's up. (requested by danp117)\n|\n|t:|1699774813\n|start\n|switch|p1a: Dragapult|Dragapult, F|100\/100\n|switch|p2a: Kleavor|Kleavor, F|100\/100\n|turn|1\n|\n|t:|1699774819\n|move|p2a: Kleavor|Night Slash|p1a: Dragapult\n|-supereffective|p1a: Dragapult\n|-damage|p1a: Dragapult|0 fnt\n|faint|p1a: Dragapult\n|\n|upkeep\n|\n|t:|1699774827\n|switch|p1a: Walking Wake|Walking Wake|100\/100\n|-enditem|p1a: Walking Wake|Booster Energy\n|-activate|p1a: Walking Wake|ability: Protosynthesis|[fromitem]\n|-start|p1a: Walking Wake|protosynthesisspa\n|turn|2\n|\n|t:|1699774840\n|-terastallize|p2a: Kleavor|Grass\n|-terastallize|p1a: Walking Wake|Fairy\n|move|p2a: Kleavor|Night Slash|p1a: Walking Wake\n|-resisted|p1a: Walking Wake\n|-damage|p1a: Walking Wake|81\/100\n|move|p1a: Walking Wake|Agility|p1a: Walking Wake\n|-boost|p1a: Walking Wake|spe|2\n|\n|upkeep\n|turn|3\n|\n|t:|1699774856\n|move|p1a: Walking Wake|Substitute|p1a: Walking Wake\n|-start|p1a: Walking Wake|Substitute\n|-damage|p1a: Walking Wake|56\/100\n|move|p2a: Kleavor|Night Slash|p1a: Walking Wake\n|-resisted|p1a: Walking Wake\n|-activate|p1a: Walking Wake|move: Substitute|[damage]\n|\n|upkeep\n|turn|4\n|\n|t:|1699774863\n|move|p1a: Walking Wake|Dragon Pulse|p2a: Kleavor\n|-damage|p2a: Kleavor|8\/100\n|move|p2a: Kleavor|Night Slash|p1a: Walking Wake\n|-resisted|p1a: Walking Wake\n|-end|p1a: Walking Wake|Substitute\n|\n|upkeep\n|turn|5\n|\n|t:|1699774871\n|move|p1a: Walking Wake|Substitute|p1a: Walking Wake\n|-start|p1a: Walking Wake|Substitute\n|-damage|p1a: Walking Wake|31\/100\n|move|p2a: Kleavor|Night Slash|p1a: Walking Wake\n|-resisted|p1a: Walking Wake\n|-activate|p1a: Walking Wake|move: Substitute|[damage]\n|\n|upkeep\n|turn|6\n|\n|t:|1699774876\n|move|p1a: Walking Wake|Dragon Pulse|p2a: Kleavor\n|-damage|p2a: Kleavor|0 fnt\n|faint|p2a: Kleavor\n|\n|upkeep\n|\n|t:|1699774879\n|switch|p2a: Basculegion|Basculegion-F, F|100\/100\n|turn|7\n|\n|t:|1699774883\n|move|p2a: Basculegion|Aqua Jet|p1a: Walking Wake\n|-end|p1a: Walking Wake|Substitute\n|-damage|p2a: Basculegion|91\/100|[from] item: Life Orb\n|move|p1a: Walking Wake|Dragon Pulse|p2a: Basculegion\n|-damage|p2a: Basculegion|23\/100\n|\n|upkeep\n|turn|8\n|\n|t:|1699774896\n|move|p2a: Basculegion|Aqua Jet|p1a: Walking Wake\n|-damage|p1a: Walking Wake|7\/100\n|-damage|p2a: Basculegion|13\/100|[from] item: Life Orb\n|move|p1a: Walking Wake|Dragon Pulse|p2a: Basculegion\n|-damage|p2a: Basculegion|0 fnt\n|faint|p2a: Basculegion\n|\n|upkeep\n|\n|t:|1699774905\n|switch|p2a: Wyrdeer|Wyrdeer, M|100\/100\n|turn|9\n|\n|t:|1699774909\n|move|p1a: Walking Wake|Surf|p2a: Wyrdeer\n|-damage|p2a: Wyrdeer|15\/100\n|move|p2a: Wyrdeer|Tera Blast|p1a: Walking Wake\n|-damage|p1a: Walking Wake|0 fnt\n|faint|p1a: Walking Wake\n|-end|p1a: Walking Wake|Protosynthesis|[silent]\n|\n|upkeep\n|\n|t:|1699774913\n|switch|p1a: Great Tusk|Great Tusk|100\/100\n|turn|10\n|\n|t:|1699774920\n|move|p1a: Great Tusk|Rapid Spin|p2a: Wyrdeer\n|-damage|p2a: Wyrdeer|0 fnt\n|-boost|p1a: Great Tusk|spe|1\n|faint|p2a: Wyrdeer\n|\n|upkeep\n|\n|t:|1699774926\n|switch|p2a: Overqwil|Overqwil, M|100\/100\n|-ability|p2a: Overqwil|Intimidate|boost\n|-unboost|p1a: Great Tusk|atk|1\n|turn|11\n|\n|t:|1699774930\n|move|p1a: Great Tusk|Headlong Rush|p2a: Overqwil\n|-supereffective|p2a: Overqwil\n|-damage|p2a: Overqwil|47\/100\n|-unboost|p1a: Great Tusk|def|1\n|-unboost|p1a: Great Tusk|spd|1\n|move|p2a: Overqwil|Toxic|p1a: Great Tusk\n|-status|p1a: Great Tusk|tox\n|-enditem|p1a: Great Tusk|Lum Berry|[eat]\n|-curestatus|p1a: Great Tusk|tox|[msg]\n|\n|-heal|p2a: Overqwil|53\/100|[from] item: Black Sludge\n|upkeep\n|turn|12\n|\n|t:|1699774942\n|move|p2a: Overqwil|Protect|p2a: Overqwil\n|-singleturn|p2a: Overqwil|Protect\n|move|p1a: Great Tusk|Headlong Rush|p2a: Overqwil\n|-activate|p2a: Overqwil|move: Protect\n|\n|-heal|p2a: Overqwil|59\/100|[from] item: Black Sludge\n|upkeep\n|turn|13\n|\n|t:|1699774951\n|move|p1a: Great Tusk|Headlong Rush|p2a: Overqwil\n|-supereffective|p2a: Overqwil\n|-damage|p2a: Overqwil|5\/100\n|-unboost|p1a: Great Tusk|def|1\n|-unboost|p1a: Great Tusk|spd|1\n|move|p2a: Overqwil|Toxic|p1a: Great Tusk\n|-status|p1a: Great Tusk|tox\n|\n|-heal|p2a: Overqwil|11\/100|[from] item: Black Sludge\n|-damage|p1a: Great Tusk|94\/100 tox|[from] psn\n|upkeep\n|turn|14\n|\n|t:|1699774962\n|switch|p2a: Ursaluna|Ursaluna, F|100\/100\n|move|p1a: Great Tusk|Stealth Rock|p2a: Ursaluna\n|-sidestart|p2: RSDPM|move: Stealth Rock\n|\n|-damage|p1a: Great Tusk|82\/100 tox|[from] psn\n|-status|p2a: Ursaluna|brn|[from] item: Flame Orb\n|upkeep\n|turn|15\n|\n|t:|1699774972\n|move|p1a: Great Tusk|Headlong Rush|p2a: Ursaluna\n|-damage|p2a: Ursaluna|70\/100 brn\n|-unboost|p1a: Great Tusk|def|1\n|-unboost|p1a: Great Tusk|spd|1\n|move|p2a: Ursaluna|Drain Punch|p1a: Great Tusk\n|-damage|p1a: Great Tusk|3\/100 tox\n|-heal|p2a: Ursaluna|100\/100 brn|[from] drain|[of] p1a: Great Tusk\n|\n|-damage|p1a: Great Tusk|0 fnt|[from] psn\n|faint|p1a: Great Tusk\n|-end|p1a: Great Tusk|Protosynthesis|[silent]\n|-damage|p2a: Ursaluna|94\/100 brn|[from] brn\n|upkeep\n|\n|t:|1699774975\n|switch|p1a: Rillaboom|Rillaboom, F|100\/100\n|-fieldstart|move: Grassy Terrain|[from] ability: Grassy Surge|[of] p1a: Rillaboom\n|turn|16\n|\n|t:|1699775000\n|move|p1a: Rillaboom|Wood Hammer|p2a: Ursaluna\n|-supereffective|p2a: Ursaluna\n|-damage|p2a: Ursaluna|0 fnt\n|faint|p2a: Ursaluna\n|-damage|p1a: Rillaboom|58\/100|[from] Recoil\n|\n|-heal|p1a: Rillaboom|64\/100|[from] Grassy Terrain\n|upkeep\n|\n|t:|1699775009\n|switch|p2a: Sneasler|Sneasler, F|100\/100\n|-damage|p2a: Sneasler|95\/100|[from] Stealth Rock\n|turn|17\n|\n|t:|1699775013\n|move|p2a: Sneasler|Bulk Up|p2a: Sneasler\n|-boost|p2a: Sneasler|atk|1\n|-boost|p2a: Sneasler|def|1\n|move|p1a: Rillaboom|Wood Hammer|p2a: Sneasler\n|-resisted|p2a: Sneasler\n|-damage|p2a: Sneasler|26\/100\n|-damage|p1a: Rillaboom|44\/100|[from] Recoil\n|-enditem|p2a: Sneasler|Red Card|[of] p1a: Rillaboom\n|drag|p1a: Iron Valiant|Iron Valiant|100\/100\n|-enditem|p1a: Iron Valiant|Booster Energy\n|-activate|p1a: Iron Valiant|ability: Quark Drive|[fromitem]\n|-start|p1a: Iron Valiant|quarkdrivespe\n|\n|-heal|p2a: Sneasler|32\/100|[from] Grassy Terrain\n|upkeep\n|turn|18\n|\n|t:|1699775029\n|move|p2a: Sneasler|Acrobatics|p1a: Iron Valiant\n|-supereffective|p1a: Iron Valiant\n|-damage|p1a: Iron Valiant|0 fnt\n|faint|p1a: Iron Valiant\n|-end|p1a: Iron Valiant|Quark Drive|[silent]\n|\n|-heal|p2a: Sneasler|38\/100|[from] Grassy Terrain\n|upkeep\n|\n|t:|1699775033\n|switch|p1a: Rillaboom|Rillaboom, F|44\/100\n|turn|19\n|\n|t:|1699775039\n|move|p1a: Rillaboom|Grassy Glide|p2a: Sneasler\n|-resisted|p2a: Sneasler\n|-damage|p2a: Sneasler|6\/100\n|move|p2a: Sneasler|Acrobatics|p1a: Rillaboom\n|-supereffective|p1a: Rillaboom\n|-damage|p1a: Rillaboom|0 fnt\n|faint|p1a: Rillaboom\n|\n|-heal|p2a: Sneasler|12\/100|[from] Grassy Terrain\n|upkeep\n|\n|t:|1699775042\n|switch|p1a: Sneasler|Sneasler, F|100\/100\n|-enditem|p1a: Sneasler|Grassy Seed\n|-boost|p1a: Sneasler|def|1|[from] item: Grassy Seed\n|turn|20\n|\n|t:|1699775054\n|move|p2a: Sneasler|Acrobatics|p1a: Sneasler\n|-supereffective|p1a: Sneasler\n|-damage|p1a: Sneasler|0 fnt\n|faint|p1a: Sneasler\n|\n|win|RSDPM\n|raw|danp117's rating: 1247 &rarr; <strong>1227<\/strong><br \/>(-20 for losing)\n|raw|RSDPM's rating: 1313 &rarr; <strong>1329<\/strong><br \/>(+16 for winning)\n|l|\u2606danp117\n|c|\u2606RSDPM|gg\n","uploadtime":1699775065,"views":11,"p1id":"danp117","p2id":"rsdpm","formatid":"gen9ou","rating":1227,"private":0,"password":""}