{"id":"gen9ou-1990756694","p1":"blisteringbigfoot","p2":"IsaiahZX7","format":"[Gen 9] OU","log":"|j|\u2606blisteringbigfoot\n|j|\u2606IsaiahZX7\n|t:|1699997920\n|gametype|singles\n|player|p1|blisteringbigfoot|roxie|1336\n|player|p2|IsaiahZX7|cynthia|1253\n|teamsize|p1|6\n|teamsize|p2|6\n|gen|9\n|tier|[Gen 9] OU\n|rated|\n|rule|Sleep Clause Mod: Limit one foe put to sleep\n|rule|Species Clause: Limit one of each Pok\u00e9mon\n|rule|OHKO Clause: OHKO moves are banned\n|rule|Evasion Items Clause: Evasion items are banned\n|rule|Evasion Moves Clause: Evasion moves are banned\n|rule|Endless Battle Clause: Forcing endless battles is banned\n|rule|HP Percentage Mod: HP is shown in percentages\n|clearpoke\n|poke|p1|Iron Moth|\n|poke|p1|Iron Valiant|\n|poke|p1|Ninetales-Alola, M|\n|poke|p1|Greninja-*, M|\n|poke|p1|Great Tusk|\n|poke|p1|Kingambit, F|\n|poke|p2|Dragapult, M|\n|poke|p2|Heatran, M|\n|poke|p2|Great Tusk|\n|poke|p2|Amoonguss, M|\n|poke|p2|Weavile, M|\n|poke|p2|Enamorus, F|\n|teampreview\n|inactive|Battle timer is ON: inactive players will automatically lose when time's up. (requested by blisteringbigfoot)\n|\n|t:|1699997939\n|start\n|switch|p1a: Ninetales|Ninetales-Alola, M|100\/100\n|switch|p2a: Hot Chunk|Heatran, M, shiny|100\/100\n|-weather|Snow|[from] ability: Snow Warning|[of] p1a: Ninetales\n|-item|p2a: Hot Chunk|Air Balloon\n|turn|1\n|\n|t:|1699997943\n|move|p1a: Ninetales|Aurora Veil|p1a: Ninetales\n|-sidestart|p1: blisteringbigfoot|move: Aurora Veil\n|move|p2a: Hot Chunk|Magma Storm|p1a: Ninetales\n|-supereffective|p1a: Ninetales\n|-damage|p1a: Ninetales|48\/100\n|-activate|p1a: Ninetales|move: Magma Storm|[of] p2a: Hot Chunk\n|\n|-weather|Snow|[upkeep]\n|-damage|p1a: Ninetales|36\/100|[from] move: Magma Storm|[partiallytrapped]\n|upkeep\n|turn|2\n|\n|t:|1699997950\n|move|p1a: Ninetales|Moonblast|p2a: Hot Chunk\n|-resisted|p2a: Hot Chunk\n|-damage|p2a: Hot Chunk|94\/100\n|-enditem|p2a: Hot Chunk|Air Balloon\n|move|p2a: Hot Chunk|Stealth Rock|p1a: Ninetales\n|-sidestart|p1: blisteringbigfoot|move: Stealth Rock\n|\n|-weather|Snow|[upkeep]\n|-damage|p1a: Ninetales|23\/100|[from] move: Magma Storm|[partiallytrapped]\n|upkeep\n|turn|3\n|\n|t:|1699997959\n|move|p1a: Ninetales|Freeze-Dry|p2a: Hot Chunk\n|-resisted|p2a: Hot Chunk\n|-damage|p2a: Hot Chunk|89\/100\n|move|p2a: Hot Chunk|Earth Power|p1a: Ninetales\n|-damage|p1a: Ninetales|7\/100\n|\n|-weather|Snow|[upkeep]\n|-damage|p1a: Ninetales|0 fnt|[from] move: Magma Storm|[partiallytrapped]\n|faint|p1a: Ninetales\n|upkeep\n|\n|t:|1699997970\n|switch|p1a: Great Tusk|Great Tusk|100\/100\n|-damage|p1a: Great Tusk|98\/100|[from] Stealth Rock\n|-enditem|p1a: Great Tusk|Booster Energy\n|-activate|p1a: Great Tusk|ability: Protosynthesis|[fromitem]\n|-start|p1a: Great Tusk|protosynthesisspe\n|turn|4\n|\n|t:|1699997974\n|switch|p2a: Jonathan Crane|Dragapult, M|100\/100\n|move|p1a: Great Tusk|Bulk Up|p1a: Great Tusk\n|-boost|p1a: Great Tusk|atk|1\n|-boost|p1a: Great Tusk|def|1\n|\n|-weather|Snow|[upkeep]\n|upkeep\n|turn|5\n|\n|t:|1699997981\n|move|p1a: Great Tusk|Headlong Rush|p2a: Jonathan Crane\n|-damage|p2a: Jonathan Crane|0 fnt\n|-unboost|p1a: Great Tusk|def|1\n|-unboost|p1a: Great Tusk|spd|1\n|faint|p2a: Jonathan Crane\n|\n|-weather|none\n|upkeep\n|\n|t:|1699997984\n|switch|p2a: Amanita Phalloides|Amoonguss, M, shiny|100\/100\n|turn|6\n|\n|t:|1699997986\n|move|p1a: Great Tusk|Rapid Spin|p2a: Amanita Phalloides\n|-damage|p2a: Amanita Phalloides|77\/100\n|-boost|p1a: Great Tusk|spe|1\n|-sideend|p1: blisteringbigfoot|Stealth Rock|[from] move: Rapid Spin|[of] p1a: Great Tusk\n|-enditem|p2a: Amanita Phalloides|Red Card|[of] p1a: Great Tusk\n|-end|p1a: Great Tusk|Protosynthesis|[silent]\n|drag|p1a: Hemlock|Iron Moth|100\/100\n|-enditem|p1a: Hemlock|Booster Energy\n|-activate|p1a: Hemlock|ability: Quark Drive|[fromitem]\n|-start|p1a: Hemlock|quarkdrivespe\n|move|p2a: Amanita Phalloides|Spore|p1a: Hemlock\n|-status|p1a: Hemlock|slp|[from] move: Spore\n|\n|upkeep\n|turn|7\n|\n|t:|1699997999\n|switch|p2a: Lovetolos|Enamorus, F|100\/100\n|cant|p1a: Hemlock|slp\n|\n|upkeep\n|turn|8\n|\n|t:|1699998007\n|-terastallize|p2a: Lovetolos|Steel\n|cant|p1a: Hemlock|slp\n|move|p2a: Lovetolos|Earth Power|p1a: Hemlock\n|-supereffective|p1a: Hemlock\n|-damage|p1a: Hemlock|37\/100 slp\n|\n|-sideend|p1: blisteringbigfoot|move: Aurora Veil\n|upkeep\n|turn|9\n|\n|t:|1699998015\n|switch|p2a: Hot Chunk|Heatran, M, shiny|89\/100\n|-curestatus|p1a: Hemlock|slp|[msg]\n|move|p1a: Hemlock|Fiery Dance|p2a: Hot Chunk\n|-start|p2a: Hot Chunk|ability: Flash Fire\n|\n|upkeep\n|turn|10\n|\n|t:|1699998026\n|-terastallize|p1a: Hemlock|Water\n|move|p1a: Hemlock|Tera Blast|p2a: Hot Chunk|[anim] Tera Blast Water\n|-supereffective|p2a: Hot Chunk\n|-damage|p2a: Hot Chunk|17\/100\n|move|p2a: Hot Chunk|Magma Storm|p1a: Hemlock|[miss]\n|-miss|p2a: Hot Chunk|p1a: Hemlock\n|\n|upkeep\n|turn|11\n|\n|t:|1699998036\n|move|p1a: Hemlock|Tera Blast|p2a: Hot Chunk|[anim] Tera Blast Water\n|-supereffective|p2a: Hot Chunk\n|-damage|p2a: Hot Chunk|0 fnt\n|faint|p2a: Hot Chunk\n|\n|upkeep\n|\n|t:|1699998044\n|switch|p2a: Amanita Phalloides|Amoonguss, M, shiny|100\/100\n|turn|12\n|\n|t:|1699998048\n|move|p1a: Hemlock|Fiery Dance|p2a: Amanita Phalloides\n|-supereffective|p2a: Amanita Phalloides\n|-damage|p2a: Amanita Phalloides|43\/100\n|-boost|p1a: Hemlock|spa|1\n|move|p2a: Amanita Phalloides|Spore|p1a: Hemlock\n|-status|p1a: Hemlock|slp|[from] move: Spore\n|\n|upkeep\n|turn|13\n|\n|t:|1699998054\n|cant|p1a: Hemlock|slp\n|move|p2a: Amanita Phalloides|Giga Drain|p1a: Hemlock\n|-supereffective|p1a: Hemlock\n|-damage|p1a: Hemlock|0 fnt\n|-heal|p2a: Amanita Phalloides|56\/100|[from] drain|[of] p1a: Hemlock\n|faint|p1a: Hemlock\n|-end|p1a: Hemlock|Quark Drive|[silent]\n|\n|upkeep\n|\n|t:|1699998064\n|switch|p1a: Iron Valiant|Iron Valiant|100\/100\n|-enditem|p1a: Iron Valiant|Booster Energy\n|-activate|p1a: Iron Valiant|ability: Quark Drive|[fromitem]\n|-start|p1a: Iron Valiant|quarkdrivespe\n|turn|14\n|\n|t:|1699998076\n|move|p1a: Iron Valiant|Swords Dance|p1a: Iron Valiant\n|-boost|p1a: Iron Valiant|atk|2\n|move|p2a: Amanita Phalloides|Spore|p1a: Iron Valiant\n|-status|p1a: Iron Valiant|slp|[from] move: Spore\n|\n|upkeep\n|turn|15\n|\n|t:|1699998081\n|switch|p2a: Lovetolos|Enamorus, F, tera:Steel|100\/100\n|cant|p1a: Iron Valiant|slp\n|\n|upkeep\n|turn|16\n|\n|t:|1699998083\n|cant|p1a: Iron Valiant|slp\n|move|p2a: Lovetolos|Moonblast|p1a: Iron Valiant\n|-supereffective|p1a: Iron Valiant\n|-damage|p1a: Iron Valiant|0 fnt\n|faint|p1a: Iron Valiant\n|-end|p1a: Iron Valiant|Quark Drive|[silent]\n|\n|upkeep\n|\n|t:|1699998091\n|switch|p1a: Great Tusk|Great Tusk|98\/100\n|turn|17\n|\n|t:|1699998094\n|move|p2a: Lovetolos|Moonblast|p1a: Great Tusk\n|-supereffective|p1a: Great Tusk\n|-damage|p1a: Great Tusk|0 fnt\n|faint|p1a: Great Tusk\n|-end|p1a: Great Tusk|Protosynthesis|[silent]\n|\n|upkeep\n|\n|t:|1699998102\n|switch|p1a: Kingambit|Kingambit, F|100\/100\n|-activate|p1a: Kingambit|ability: Supreme Overlord\n|-start|p1a: Kingambit|fallen4|[silent]\n|turn|18\n|\n|t:|1699998120\n|move|p2a: Lovetolos|Earth Power|p1a: Kingambit\n|-supereffective|p1a: Kingambit\n|-damage|p1a: Kingambit|32\/100\n|move|p1a: Kingambit|Kowtow Cleave|p2a: Lovetolos\n|-damage|p2a: Lovetolos|0 fnt\n|faint|p2a: Lovetolos\n|\n|upkeep\n|\n|t:|1699998124\n|switch|p2a: Dumbo|Great Tusk, shiny|100\/100\n|turn|19\n|\n|t:|1699998129\n|move|p2a: Dumbo|Rapid Spin|p1a: Kingambit\n|-resisted|p1a: Kingambit\n|-damage|p1a: Kingambit|25\/100\n|-boost|p2a: Dumbo|spe|1\n|move|p1a: Kingambit|Iron Head|p2a: Dumbo\n|-damage|p2a: Dumbo|59\/100\n|\n|-heal|p2a: Dumbo|65\/100|[from] item: Leftovers\n|upkeep\n|turn|20\n|\n|t:|1699998145\n|move|p1a: Kingambit|Sucker Punch|p2a: Dumbo\n|-resisted|p2a: Dumbo\n|-damage|p2a: Dumbo|47\/100\n|move|p2a: Dumbo|Earthquake|p1a: Kingambit\n|-supereffective|p1a: Kingambit\n|-damage|p1a: Kingambit|0 fnt\n|faint|p1a: Kingambit\n|-end|p1a: Kingambit|fallen4|[silent]\n|\n|-heal|p2a: Dumbo|53\/100|[from] item: Leftovers\n|upkeep\n|\n|t:|1699998147\n|switch|p1a: Greninja|Greninja, M|100\/100\n|turn|21\n|\n|t:|1699998152\n|move|p1a: Greninja|Water Shuriken|p2a: Dumbo\n|-supereffective|p2a: Dumbo\n|-damage|p2a: Dumbo|30\/100\n|-supereffective|p2a: Dumbo\n|-damage|p2a: Dumbo|7\/100\n|-supereffective|p2a: Dumbo\n|-damage|p2a: Dumbo|0 fnt\n|faint|p2a: Dumbo\n|-end|p2a: Dumbo|Protosynthesis|[silent]\n|-ability|p1a: Greninja|Battle Bond|boost\n|-boost|p1a: Greninja|atk|1\n|-boost|p1a: Greninja|spa|1\n|-boost|p1a: Greninja|spe|1\n|-activate|p1a: Greninja|ability: Battle Bond\n|-hitcount|p2: Dumbo|3\n|-damage|p1a: Greninja|91\/100|[from] item: Life Orb\n|\n|upkeep\n|\n|t:|1699998154\n|switch|p2a: Amanita Phalloides|Amoonguss, M, shiny|89\/100\n|turn|22\n|\n|t:|1699998161\n|move|p1a: Greninja|Dark Pulse|p2a: Amanita Phalloides\n|-damage|p2a: Amanita Phalloides|42\/100\n|-damage|p1a: Greninja|81\/100|[from] item: Life Orb\n|move|p2a: Amanita Phalloides|Spore|p1a: Greninja\n|-status|p1a: Greninja|slp|[from] move: Spore\n|\n|upkeep\n|turn|23\n|\n|t:|1699998167\n|cant|p1a: Greninja|slp\n|move|p2a: Amanita Phalloides|Giga Drain|p1a: Greninja\n|-supereffective|p1a: Greninja\n|-damage|p1a: Greninja|15\/100 slp\n|-heal|p2a: Amanita Phalloides|63\/100|[from] drain|[of] p1a: Greninja\n|\n|upkeep\n|turn|24\n|\n|t:|1699998170\n|cant|p1a: Greninja|slp\n|move|p2a: Amanita Phalloides|Giga Drain|p1a: Greninja\n|-supereffective|p1a: Greninja\n|-damage|p1a: Greninja|0 fnt\n|-heal|p2a: Amanita Phalloides|68\/100|[from] drain|[of] p1a: Greninja\n|faint|p1a: Greninja\n|\n|win|IsaiahZX7\n|raw|blisteringbigfoot's rating: 1336 &rarr; <strong>1311<\/strong><br \/>(-25 for losing)\n|raw|IsaiahZX7's rating: 1253 &rarr; <strong>1284<\/strong><br \/>(+31 for winning)\n|l|\u2606blisteringbigfoot\n","uploadtime":1699998174,"views":6,"p1id":"blisteringbigfoot","p2id":"isaiahzx7","formatid":"gen9ou","rating":1284,"private":0,"password":""}