{"id":"gen9ou-1997805799","p1":"Winterchillz","p2":"KingCah","format":"[Gen 9] OU","log":"|j|\u2606Winterchillz\n|j|\u2606KingCah\n|t:|1700854656\n|gametype|singles\n|player|p1|Winterchillz|teacher|1517\n|player|p2|KingCah|dancer|1507\n|teamsize|p1|6\n|teamsize|p2|6\n|gen|9\n|tier|[Gen 9] OU\n|rated|\n|rule|Sleep Clause Mod: Limit one foe put to sleep\n|rule|Species Clause: Limit one of each Pok\u00e9mon\n|rule|OHKO Clause: OHKO moves are banned\n|rule|Evasion Items Clause: Evasion items are banned\n|rule|Evasion Moves Clause: Evasion moves are banned\n|rule|Endless Battle Clause: Forcing endless battles is banned\n|rule|HP Percentage Mod: HP is shown in percentages\n|clearpoke\n|poke|p1|Garganacl, F|\n|poke|p1|Great Tusk|\n|poke|p1|Gholdengo|\n|poke|p1|Iron Valiant|\n|poke|p1|Dragonite, F|\n|poke|p1|Zapdos|\n|poke|p2|Gholdengo|\n|poke|p2|Ninetales-Alola, F|\n|poke|p2|Chesnaught, M|\n|poke|p2|Hatterene, F|\n|poke|p2|Clodsire, M|\n|poke|p2|Cetitan, M|\n|teampreview\n|\n|t:|1700854664\n|start\n|switch|p1a: Gholdengo|Gholdengo|100\/100\n|switch|p2a: Clodsire|Clodsire, M|100\/100\n|-item|p1a: Gholdengo|Air Balloon\n|turn|1\n|inactive|Battle timer is ON: inactive players will automatically lose when time's up. (requested by Winterchillz)\n|\n|t:|1700854694\n|move|p1a: Gholdengo|Nasty Plot|p1a: Gholdengo\n|-boost|p1a: Gholdengo|spa|2\n|move|p2a: Clodsire|Stealth Rock|p1a: Gholdengo\n|-sidestart|p1: Winterchillz|move: Stealth Rock\n|\n|upkeep\n|turn|2\n|\n|t:|1700854701\n|switch|p2a: Keokeo|Ninetales-Alola, F|100\/100\n|-weather|Snow|[from] ability: Snow Warning|[of] p2a: Keokeo\n|move|p1a: Gholdengo|Shadow Ball|p2a: Keokeo\n|-damage|p2a: Keokeo|37\/100\n|\n|-weather|Snow|[upkeep]\n|upkeep\n|turn|3\n|\n|t:|1700854705\n|move|p2a: Keokeo|Freeze-Dry|p1a: Gholdengo\n|-resisted|p1a: Gholdengo\n|-damage|p1a: Gholdengo|90\/100\n|-status|p1a: Gholdengo|frz\n|-enditem|p1a: Gholdengo|Air Balloon\n|cant|p1a: Gholdengo|frz\n|\n|-weather|Snow|[upkeep]\n|upkeep\n|turn|4\n|\n|t:|1700854720\n|move|p2a: Keokeo|Aurora Veil|p2a: Keokeo\n|-sidestart|p2: KingCah|move: Aurora Veil\n|cant|p1a: Gholdengo|frz\n|\n|-weather|Snow|[upkeep]\n|upkeep\n|turn|5\n|\n|t:|1700854724\n|switch|p2a: Clodsire|Clodsire, M|100\/100\n|-curestatus|p1a: Gholdengo|frz|[msg]\n|move|p1a: Gholdengo|Shadow Ball|p2a: Clodsire\n|-damage|p2a: Clodsire|82\/100\n|\n|-weather|Snow|[upkeep]\n|-heal|p2a: Clodsire|88\/100|[from] item: Black Sludge\n|upkeep\n|turn|6\n|\n|t:|1700854737\n|switch|p1a: Garganacl|Garganacl, F|100\/100\n|-damage|p1a: Garganacl|88\/100|[from] Stealth Rock\n|move|p2a: Clodsire|Earthquake|p1a: Garganacl\n|-supereffective|p1a: Garganacl\n|-damage|p1a: Garganacl|60\/100\n|\n|-weather|none\n|-heal|p1a: Garganacl|66\/100|[from] item: Leftovers\n|-heal|p2a: Clodsire|94\/100|[from] item: Black Sludge\n|upkeep\n|turn|7\n|\n|t:|1700854755\n|switch|p2a: Hazelnaught|Chesnaught, M, shiny|100\/100\n|move|p1a: Garganacl|Curse|p1a: Garganacl\n|-unboost|p1a: Garganacl|spe|1\n|-boost|p1a: Garganacl|atk|1\n|-boost|p1a: Garganacl|def|1\n|\n|-heal|p1a: Garganacl|72\/100|[from] item: Leftovers\n|upkeep\n|turn|8\n|\n|t:|1700854765\n|switch|p1a: Zapdos|Zapdos|100\/100\n|move|p2a: Hazelnaught|Knock Off|p1a: Zapdos\n|-damage|p1a: Zapdos|75\/100\n|-enditem|p1a: Zapdos|Heavy-Duty Boots|[from] move: Knock Off|[of] p2a: Hazelnaught\n|\n|upkeep\n|turn|9\n|\n|t:|1700854772\n|switch|p2a: Clodsire|Clodsire, M|94\/100\n|move|p1a: Zapdos|Hurricane|p2a: Clodsire\n|-damage|p2a: Clodsire|81\/100\n|\n|-heal|p2a: Clodsire|88\/100|[from] item: Black Sludge\n|upkeep\n|turn|10\n|\n|t:|1700854784\n|switch|p1a: Great Tusk|Great Tusk|100\/100\n|move|p2a: Clodsire|Toxic|p1a: Great Tusk\n|-status|p1a: Great Tusk|tox\n|\n|-heal|p2a: Clodsire|94\/100|[from] item: Black Sludge\n|-damage|p1a: Great Tusk|94\/100 tox|[from] psn\n|upkeep\n|turn|11\n|\n|t:|1700854787\n|switch|p2a: Dinero|Gholdengo|100\/100\n|-item|p2a: Dinero|Air Balloon\n|move|p1a: Great Tusk|Stealth Rock|p2a: Dinero\n|-sidestart|p2: KingCah|move: Stealth Rock\n|\n|-damage|p1a: Great Tusk|82\/100 tox|[from] psn\n|-sideend|p2: KingCah|move: Aurora Veil\n|upkeep\n|turn|12\n|\n|t:|1700854792\n|move|p1a: Great Tusk|Knock Off|p2a: Dinero\n|-supereffective|p2a: Dinero\n|-damage|p2a: Dinero|54\/100\n|-enditem|p2a: Dinero|Air Balloon\n|move|p2a: Dinero|Make It Rain|p1a: Great Tusk\n|-damage|p1a: Great Tusk|0 fnt\n|-unboost|p2a: Dinero|spa|1\n|faint|p1a: Great Tusk\n|-end|p1a: Great Tusk|Protosynthesis|[silent]\n|\n|upkeep\n|\n|t:|1700854813\n|switch|p1a: Dragonite|Dragonite, F|100\/100\n|turn|13\n|\n|t:|1700854823\n|switch|p2a: Hazelnaught|Chesnaught, M, shiny|100\/100\n|-damage|p2a: Hazelnaught|94\/100|[from] Stealth Rock\n|move|p1a: Dragonite|Dragon Dance|p1a: Dragonite\n|-boost|p1a: Dragonite|atk|1\n|-boost|p1a: Dragonite|spe|1\n|\n|upkeep\n|turn|14\n|\n|t:|1700854829\n|move|p1a: Dragonite|Ice Spinner|p2a: Hazelnaught\n|-supereffective|p2a: Hazelnaught\n|-damage|p2a: Hazelnaught|45\/100\n|-damage|p1a: Dragonite|84\/100|[from] item: Rocky Helmet|[of] p2a: Hazelnaught\n|move|p2a: Hazelnaught|Leech Seed|p1a: Dragonite\n|-start|p1a: Dragonite|move: Leech Seed\n|\n|-damage|p1a: Dragonite|72\/100|[from] Leech Seed|[of] p2a: Hazelnaught\n|-heal|p2a: Hazelnaught|56\/100|[silent]\n|upkeep\n|turn|15\n|\n|t:|1700854841\n|switch|p1a: Zapdos|Zapdos|75\/100\n|-damage|p1a: Zapdos|50\/100|[from] Stealth Rock\n|move|p2a: Hazelnaught|Knock Off|p1a: Zapdos\n|-damage|p1a: Zapdos|34\/100\n|\n|upkeep\n|turn|16\n|\n|t:|1700854845\n|move|p1a: Zapdos|Roost|p1a: Zapdos\n|-heal|p1a: Zapdos|84\/100\n|-singleturn|p1a: Zapdos|move: Roost\n|move|p2a: Hazelnaught|Spikes|p1a: Zapdos\n|-sidestart|p1: Winterchillz|Spikes\n|\n|upkeep\n|turn|17\n|\n|t:|1700854848\n|switch|p2a: Clodsire|Clodsire, M|94\/100\n|-damage|p2a: Clodsire|88\/100|[from] Stealth Rock\n|move|p1a: Zapdos|Hurricane|p2a: Clodsire\n|-damage|p2a: Clodsire|61\/100\n|\n|-heal|p2a: Clodsire|67\/100|[from] item: Black Sludge\n|upkeep\n|turn|18\n|\n|t:|1700854856\n|switch|p1a: Garganacl|Garganacl, F|72\/100\n|-damage|p1a: Garganacl|60\/100|[from] Stealth Rock\n|-damage|p1a: Garganacl|48\/100|[from] Spikes\n|move|p2a: Clodsire|Earthquake|p1a: Garganacl\n|-supereffective|p1a: Garganacl\n|-damage|p1a: Garganacl|17\/100\n|\n|-heal|p1a: Garganacl|24\/100|[from] item: Leftovers\n|-heal|p2a: Clodsire|73\/100|[from] item: Black Sludge\n|upkeep\n|turn|19\n|\n|t:|1700854866\n|switch|p2a: Keokeo|Ninetales-Alola, F|37\/100\n|-damage|p2a: Keokeo|12\/100|[from] Stealth Rock\n|-weather|Snow|[from] ability: Snow Warning|[of] p2a: Keokeo\n|move|p1a: Garganacl|Recover|p1a: Garganacl\n|-heal|p1a: Garganacl|74\/100\n|\n|-weather|Snow|[upkeep]\n|-heal|p1a: Garganacl|80\/100|[from] item: Leftovers\n|upkeep\n|turn|20\n|\n|t:|1700854870\n|move|p2a: Keokeo|Encore|p1a: Garganacl\n|-start|p1a: Garganacl|Encore\n|move|p1a: Garganacl|Recover|p1a: Garganacl\n|-heal|p1a: Garganacl|100\/100\n|\n|-weather|Snow|[upkeep]\n|upkeep\n|turn|21\n|\n|t:|1700854874\n|switch|p1a: Gholdengo|Gholdengo|90\/100\n|-damage|p1a: Gholdengo|84\/100|[from] Stealth Rock\n|-damage|p1a: Gholdengo|71\/100|[from] Spikes\n|move|p2a: Keokeo|Aurora Veil|p2a: Keokeo\n|-sidestart|p2: KingCah|move: Aurora Veil\n|\n|-weather|Snow|[upkeep]\n|upkeep\n|turn|22\n|\n|t:|1700854878\n|switch|p2a: Clodsire|Clodsire, M|73\/100\n|-damage|p2a: Clodsire|67\/100|[from] Stealth Rock\n|move|p1a: Gholdengo|Shadow Ball|p2a: Clodsire\n|-damage|p2a: Clodsire|58\/100\n|\n|-weather|Snow|[upkeep]\n|-heal|p2a: Clodsire|64\/100|[from] item: Black Sludge\n|upkeep\n|turn|23\n|\n|t:|1700854891\n|switch|p2a: Cetitan|Cetitan, M, shiny|100\/100\n|-damage|p2a: Cetitan|76\/100|[from] Stealth Rock\n|-terastallize|p1a: Gholdengo|Fairy\n|move|p1a: Gholdengo|Nasty Plot|p1a: Gholdengo\n|-boost|p1a: Gholdengo|spa|2\n|\n|-weather|none\n|upkeep\n|turn|24\n|\n|t:|1700854898\n|-terastallize|p2a: Cetitan|Water\n|move|p2a: Cetitan|Belly Drum|p2a: Cetitan\n|-damage|p2a: Cetitan|26\/100\n|-setboost|p2a: Cetitan|atk|6|[from] move: Belly Drum\n|-enditem|p2a: Cetitan|Sitrus Berry|[eat]\n|-heal|p2a: Cetitan|50\/100|[from] item: Sitrus Berry\n|move|p1a: Gholdengo|Make It Rain|p2a: Cetitan\n|-resisted|p2a: Cetitan\n|-damage|p2a: Cetitan|21\/100\n|-unboost|p1a: Gholdengo|spa|1\n|\n|upkeep\n|turn|25\n|\n|t:|1700854912\n|move|p2a: Cetitan|Ice Shard|p1a: Gholdengo\n|-damage|p1a: Gholdengo|18\/100\n|move|p1a: Gholdengo|Shadow Ball|p2a: Cetitan\n|-damage|p2a: Cetitan|0 fnt\n|faint|p2a: Cetitan\n|\n|upkeep\n|\n|t:|1700854930\n|switch|p2a: Clodsire|Clodsire, M|64\/100\n|-damage|p2a: Clodsire|58\/100|[from] Stealth Rock\n|turn|26\n|\n|t:|1700854935\n|move|p1a: Gholdengo|Recover|p1a: Gholdengo\n|-heal|p1a: Gholdengo|68\/100\n|move|p2a: Clodsire|Earthquake|p1a: Gholdengo\n|-damage|p1a: Gholdengo|48\/100\n|\n|-heal|p2a: Clodsire|64\/100|[from] item: Black Sludge\n|upkeep\n|turn|27\n|\n|t:|1700854940\n|switch|p2a: Dinero|Gholdengo|54\/100\n|-damage|p2a: Dinero|48\/100|[from] Stealth Rock\n|move|p1a: Gholdengo|Recover|p1a: Gholdengo\n|-heal|p1a: Gholdengo|98\/100\n|\n|upkeep\n|turn|28\n|\n|t:|1700854945\n|switch|p1a: Zapdos|Zapdos|84\/100\n|-damage|p1a: Zapdos|59\/100|[from] Stealth Rock\n|move|p2a: Dinero|Make It Rain|p1a: Zapdos\n|-resisted|p1a: Zapdos\n|-damage|p1a: Zapdos|41\/100\n|-unboost|p2a: Dinero|spa|1\n|\n|-sideend|p2: KingCah|move: Aurora Veil\n|upkeep\n|turn|29\n|\n|t:|1700854953\n|move|p1a: Zapdos|Roost|p1a: Zapdos\n|-heal|p1a: Zapdos|91\/100\n|-singleturn|p1a: Zapdos|move: Roost\n|move|p2a: Dinero|Recover|p2a: Dinero\n|-heal|p2a: Dinero|98\/100\n|\n|upkeep\n|turn|30\n|\n|t:|1700854956\n|switch|p2a: Keokeo|Ninetales-Alola, F|12\/100\n|-damage|p2a: Keokeo|0 fnt|[from] Stealth Rock\n|faint|p2a: Keokeo\n|move|p1a: Zapdos|Heat Wave|p2: Keokeo|[notarget]\n|-fail|p1a: Zapdos\n|\n|upkeep\n|\n|t:|1700854958\n|switch|p2a: Sabrina|Hatterene, F, shiny|100\/100\n|-damage|p2a: Sabrina|88\/100|[from] Stealth Rock\n|turn|31\n|\n|t:|1700854961\n|move|p1a: Zapdos|Discharge|p2a: Sabrina\n|-damage|p2a: Sabrina|54\/100\n|move|p2a: Sabrina|Calm Mind|p2a: Sabrina\n|-boost|p2a: Sabrina|spa|1\n|-boost|p2a: Sabrina|spd|1\n|\n|-heal|p2a: Sabrina|60\/100|[from] item: Leftovers\n|upkeep\n|turn|32\n|\n|t:|1700854965\n|move|p1a: Zapdos|Discharge|p2a: Sabrina\n|-damage|p2a: Sabrina|39\/100\n|move|p2a: Sabrina|Calm Mind|p2a: Sabrina\n|-boost|p2a: Sabrina|spa|1\n|-boost|p2a: Sabrina|spd|1\n|\n|-heal|p2a: Sabrina|45\/100|[from] item: Leftovers\n|upkeep\n|turn|33\n|\n|t:|1700854972\n|switch|p1a: Gholdengo|Gholdengo, tera:Fairy|98\/100\n|-damage|p1a: Gholdengo|86\/100|[from] Stealth Rock\n|-damage|p1a: Gholdengo|74\/100|[from] Spikes\n|move|p2a: Sabrina|Draining Kiss|p1a: Gholdengo\n|-damage|p1a: Gholdengo|29\/100\n|-heal|p2a: Sabrina|84\/100|[from] drain|[of] p1a: Gholdengo\n|\n|-heal|p2a: Sabrina|90\/100|[from] item: Leftovers\n|upkeep\n|turn|34\n|\n|t:|1700854976\n|move|p1a: Gholdengo|Recover|p1a: Gholdengo\n|-heal|p1a: Gholdengo|79\/100\n|move|p2a: Sabrina|Draining Kiss|p1a: Gholdengo\n|-damage|p1a: Gholdengo|32\/100\n|-heal|p2a: Sabrina|100\/100|[from] drain|[of] p1a: Gholdengo\n|\n|upkeep\n|turn|35\n|\n|t:|1700854994\n|move|p1a: Gholdengo|Recover|p1a: Gholdengo\n|-heal|p1a: Gholdengo|82\/100\n|move|p2a: Sabrina|Stored Power|p1a: Gholdengo\n|-damage|p1a: Gholdengo|0 fnt\n|faint|p1a: Gholdengo\n|\n|upkeep\n|\n|t:|1700855003\n|switch|p1a: Garganacl|Garganacl, F|100\/100\n|-damage|p1a: Garganacl|88\/100|[from] Stealth Rock\n|-damage|p1a: Garganacl|76\/100|[from] Spikes\n|turn|36\n|\n|t:|1700855005\n|move|p2a: Sabrina|Stored Power|p1a: Garganacl\n|-damage|p1a: Garganacl|0 fnt\n|faint|p1a: Garganacl\n|\n|upkeep\n|\n|t:|1700855008\n|switch|p1a: Zapdos|Zapdos|91\/100\n|-damage|p1a: Zapdos|66\/100|[from] Stealth Rock\n|turn|37\n|\n|t:|1700855009\n|move|p1a: Zapdos|Discharge|p2a: Sabrina\n|-damage|p2a: Sabrina|84\/100\n|move|p2a: Sabrina|Stored Power|p1a: Zapdos\n|-damage|p1a: Zapdos|8\/100\n|\n|-heal|p2a: Sabrina|89\/100|[from] item: Leftovers\n|upkeep\n|turn|38\n|\n|t:|1700855014\n|move|p1a: Zapdos|Discharge|p2a: Sabrina\n|-crit|p2a: Sabrina\n|-damage|p2a: Sabrina|34\/100\n|-status|p2a: Sabrina|par\n|move|p2a: Sabrina|Stored Power|p1a: Zapdos\n|-damage|p1a: Zapdos|0 fnt\n|faint|p1a: Zapdos\n|\n|-heal|p2a: Sabrina|39\/100 par|[from] item: Leftovers\n|upkeep\n|\n|t:|1700855018\n|switch|p1a: Iron Valiant|Iron Valiant|100\/100\n|turn|39\n|\n|t:|1700855022\n|move|p1a: Iron Valiant|Knock Off|p2a: Sabrina\n|-damage|p2a: Sabrina|17\/100 par\n|-enditem|p2a: Sabrina|Leftovers|[from] move: Knock Off|[of] p1a: Iron Valiant\n|cant|p2a: Sabrina|par\n|\n|upkeep\n|turn|40\n|\n|t:|1700855026\n|move|p1a: Iron Valiant|Knock Off|p2a: Sabrina\n|-damage|p2a: Sabrina|2\/100 par\n|move|p2a: Sabrina|Draining Kiss|p1a: Iron Valiant\n|-supereffective|p1a: Iron Valiant\n|-damage|p1a: Iron Valiant|0 fnt\n|-heal|p2a: Sabrina|71\/100 par|[from] drain|[of] p1a: Iron Valiant\n|faint|p1a: Iron Valiant\n|-end|p1a: Iron Valiant|Quark Drive|[silent]\n|\n|upkeep\n|c|\u2606KingCah|gg\n|\n|t:|1700855031\n|switch|p1a: Dragonite|Dragonite, F|72\/100\n|turn|41\n|\n|t:|1700855034\n|move|p1a: Dragonite|Earthquake|p2a: Sabrina\n|-damage|p2a: Sabrina|40\/100 par\n|move|p2a: Sabrina|Draining Kiss|p1a: Dragonite\n|-supereffective|p1a: Dragonite\n|-damage|p1a: Dragonite|0 fnt\n|-heal|p2a: Sabrina|95\/100 par|[from] drain|[of] p1a: Dragonite\n|faint|p1a: Dragonite\n|\n|win|KingCah\n|raw|Winterchillz's rating: 1517 &rarr; <strong>1496<\/strong><br \/>(-21 for losing)\n|raw|KingCah's rating: 1507 &rarr; <strong>1528<\/strong><br \/>(+21 for winning)\n","uploadtime":1700855040,"views":2,"p1id":"winterchillz","p2id":"kingcah","formatid":"gen9ou","rating":1496,"private":0,"password":""}