{"id":"gen9ou-1997729875","p1":"RuSh1629","p2":"Kenetto108","format":"[Gen 9] OU","log":"|j|\u2606RuSh1629\n|j|\u2606Kenetto108\n|t:|1700846514\n|gametype|singles\n|player|p1|RuSh1629|1|1365\n|player|p2|Kenetto108|lusamine-nihilego|1434\n|teamsize|p1|6\n|teamsize|p2|6\n|gen|9\n|tier|[Gen 9] OU\n|rated|\n|rule|Sleep Clause Mod: Limit one foe put to sleep\n|rule|Species Clause: Limit one of each Pok\u00e9mon\n|rule|OHKO Clause: OHKO moves are banned\n|rule|Evasion Items Clause: Evasion items are banned\n|rule|Evasion Moves Clause: Evasion moves are banned\n|rule|Endless Battle Clause: Forcing endless battles is banned\n|rule|HP Percentage Mod: HP is shown in percentages\n|clearpoke\n|poke|p1|Rillaboom, M|\n|poke|p1|Okidogi, M|\n|poke|p1|Ceruledge, M|\n|poke|p1|Empoleon, M|\n|poke|p1|Great Tusk|\n|poke|p1|Enamorus, F|\n|poke|p2|Okidogi, M|\n|poke|p2|Iron Valiant|\n|poke|p2|Iron Treads|\n|poke|p2|Iron Moth|\n|poke|p2|Dragonite, F|\n|poke|p2|Alomomola, M|\n|teampreview\n|inactive|Battle timer is ON: inactive players will automatically lose when time's up. (requested by Kenetto108)\n|\n|t:|1700846525\n|start\n|switch|p1a: Genie of passion|Enamorus, F|100\/100\n|switch|p2a: Iron Treads|Iron Treads|100\/100\n|-enditem|p2a: Iron Treads|Booster Energy\n|-activate|p2a: Iron Treads|ability: Quark Drive|[fromitem]\n|-start|p2a: Iron Treads|quarkdrivespe\n|turn|1\n|\n|t:|1700846537\n|switch|p1a: Horny|Great Tusk|100\/100\n|move|p2a: Iron Treads|Knock Off|p1a: Horny\n|-resisted|p1a: Horny\n|-damage|p1a: Horny|93\/100\n|-enditem|p1a: Horny|Heavy-Duty Boots|[from] move: Knock Off|[of] p2a: Iron Treads\n|\n|upkeep\n|turn|2\n|\n|t:|1700846550\n|move|p2a: Iron Treads|Stealth Rock|p1a: Horny\n|-sidestart|p1: RuSh1629|move: Stealth Rock\n|move|p1a: Horny|Knock Off|p2a: Iron Treads\n|-damage|p2a: Iron Treads|81\/100\n|\n|upkeep\n|turn|3\n|\n|t:|1700846559\n|-end|p2a: Iron Treads|Quark Drive|[silent]\n|switch|p2a: Alomomola|Alomomola, M|100\/100\n|move|p1a: Horny|Knock Off|p2a: Alomomola\n|-damage|p2a: Alomomola|85\/100\n|-enditem|p2a: Alomomola|Red Card|[from] move: Knock Off|[of] p1a: Horny\n|\n|upkeep\n|turn|4\n|\n|t:|1700846565\n|-end|p1a: Horny|Protosynthesis|[silent]\n|switch|p1a: TCNick3|Empoleon, M|100\/100\n|-damage|p1a: TCNick3|94\/100|[from] Stealth Rock\n|move|p2a: Alomomola|Scald|p1a: TCNick3\n|-resisted|p1a: TCNick3\n|-damage|p1a: TCNick3|90\/100\n|\n|-heal|p1a: TCNick3|96\/100|[from] item: Leftovers\n|upkeep\n|turn|5\n|\n|t:|1700846568\n|move|p2a: Alomomola|Flip Turn|p1a: TCNick3\n|-resisted|p1a: TCNick3\n|-damage|p1a: TCNick3|87\/100\n|\n|t:|1700846596\n|switch|p2a: Iron Valiant|Iron Valiant|100\/100|[from] Flip Turn\n|-enditem|p2a: Iron Valiant|Booster Energy\n|-activate|p2a: Iron Valiant|ability: Quark Drive|[fromitem]\n|-start|p2a: Iron Valiant|quarkdrivespe\n|move|p1a: TCNick3|Flip Turn|p2a: Iron Valiant\n|-damage|p2a: Iron Valiant|78\/100\n|inactive|RuSh1629 has 120 seconds left.\n|\n|t:|1700846634\n|switch|p1a: Genie of passion|Enamorus, F|100\/100|[from] Flip Turn\n|-damage|p1a: Genie of passion|76\/100|[from] Stealth Rock\n|\n|upkeep\n|turn|6\n|\n|t:|1700846639\n|move|p2a: Iron Valiant|Moonblast|p1a: Genie of passion\n|-damage|p1a: Genie of passion|6\/100\n|move|p1a: Genie of passion|Moonblast|p2a: Iron Valiant\n|-supereffective|p2a: Iron Valiant\n|-damage|p2a: Iron Valiant|0 fnt\n|faint|p2a: Iron Valiant\n|-end|p2a: Iron Valiant|Quark Drive|[silent]\n|\n|upkeep\n|\n|t:|1700846647\n|switch|p2a: Iron Treads|Iron Treads|81\/100\n|turn|7\n|\n|t:|1700846653\n|move|p1a: Genie of passion|Earth Power|p2a: Iron Treads\n|-supereffective|p2a: Iron Treads\n|-damage|p2a: Iron Treads|0 fnt\n|faint|p2a: Iron Treads\n|-end|p2a: Iron Treads|Quark Drive|[silent]\n|\n|upkeep\n|\n|t:|1700846660\n|switch|p2a: Alomomola|Alomomola, M|100\/100\n|turn|8\n|\n|t:|1700846665\n|move|p1a: Genie of passion|Moonblast|p2a: Alomomola\n|-damage|p2a: Alomomola|38\/100\n|move|p2a: Alomomola|Flip Turn|p1a: Genie of passion\n|-damage|p1a: Genie of passion|0 fnt\n|faint|p1a: Genie of passion\n|\n|t:|1700846671\n|switch|p2a: Okidogi|Okidogi, M|100\/100|[from] Flip Turn\n|\n|upkeep\n|\n|t:|1700846678\n|switch|p1a: Horny|Great Tusk|93\/100\n|-damage|p1a: Horny|90\/100|[from] Stealth Rock\n|turn|9\n|\n|t:|1700846681\n|move|p2a: Okidogi|Bulk Up|p2a: Okidogi\n|-boost|p2a: Okidogi|atk|1\n|-boost|p2a: Okidogi|def|1\n|move|p1a: Horny|Knock Off|p2a: Okidogi\n|-resisted|p2a: Okidogi\n|-damage|p2a: Okidogi|93\/100\n|-enditem|p2a: Okidogi|Leftovers|[from] move: Knock Off|[of] p1a: Horny\n|\n|upkeep\n|turn|10\n|\n|t:|1700846686\n|move|p2a: Okidogi|Bulk Up|p2a: Okidogi\n|-boost|p2a: Okidogi|atk|1\n|-boost|p2a: Okidogi|def|1\n|move|p1a: Horny|Earthquake|p2a: Okidogi\n|-supereffective|p2a: Okidogi\n|-damage|p2a: Okidogi|58\/100\n|\n|upkeep\n|turn|11\n|\n|t:|1700846691\n|move|p2a: Okidogi|Bulk Up|p2a: Okidogi\n|-boost|p2a: Okidogi|atk|1\n|-boost|p2a: Okidogi|def|1\n|move|p1a: Horny|Earthquake|p2a: Okidogi\n|-supereffective|p2a: Okidogi\n|-damage|p2a: Okidogi|28\/100\n|\n|upkeep\n|turn|12\n|\n|t:|1700846697\n|-terastallize|p1a: Horny|Ground\n|move|p2a: Okidogi|Drain Punch|p1a: Horny\n|-damage|p1a: Horny|49\/100\n|-heal|p2a: Okidogi|52\/100|[from] drain|[of] p1a: Horny\n|-status|p1a: Horny|tox|[from] ability: Toxic Chain|[of] p2a: Okidogi\n|move|p1a: Horny|Earthquake|p2a: Okidogi\n|-supereffective|p2a: Okidogi\n|-damage|p2a: Okidogi|13\/100\n|\n|-damage|p1a: Horny|43\/100 tox|[from] psn\n|upkeep\n|turn|13\n|\n|t:|1700846704\n|move|p2a: Okidogi|Drain Punch|p1a: Horny\n|-damage|p1a: Horny|2\/100 tox\n|-heal|p2a: Okidogi|37\/100|[from] drain|[of] p1a: Horny\n|move|p1a: Horny|Earthquake|p2a: Okidogi\n|-supereffective|p2a: Okidogi\n|-damage|p2a: Okidogi|0 fnt\n|faint|p2a: Okidogi\n|\n|-damage|p1a: Horny|0 fnt|[from] psn\n|faint|p1a: Horny\n|-end|p1a: Horny|Protosynthesis|[silent]\n|upkeep\n|\n|t:|1700846711\n|switch|p2a: Dragonite|Dragonite, F|100\/100\n|switch|p1a: TCNick3|Empoleon, M|87\/100\n|-damage|p1a: TCNick3|81\/100|[from] Stealth Rock\n|turn|14\n|\n|t:|1700846714\n|move|p2a: Dragonite|Dragon Dance|p2a: Dragonite\n|-boost|p2a: Dragonite|atk|1\n|-boost|p2a: Dragonite|spe|1\n|move|p1a: TCNick3|Yawn|p2a: Dragonite\n|-start|p2a: Dragonite|move: Yawn|[of] p1a: TCNick3\n|\n|-heal|p1a: TCNick3|87\/100|[from] item: Leftovers\n|upkeep\n|turn|15\n|\n|t:|1700846720\n|move|p2a: Dragonite|Dragon Dance|p2a: Dragonite\n|-boost|p2a: Dragonite|atk|1\n|-boost|p2a: Dragonite|spe|1\n|move|p1a: TCNick3|Flip Turn|p2a: Dragonite\n|-resisted|p2a: Dragonite\n|-damage|p2a: Dragonite|97\/100\n|\n|t:|1700846737\n|switch|p1a: Toxic|Okidogi, M|100\/100|[from] Flip Turn\n|-damage|p1a: Toxic|94\/100|[from] Stealth Rock\n|\n|-heal|p1a: Toxic|100\/100|[from] item: Leftovers\n|-end|p2a: Dragonite|move: Yawn|[silent]\n|-status|p2a: Dragonite|slp\n|upkeep\n|-enditem|p2a: Dragonite|Chesto Berry|[eat]\n|-curestatus|p2a: Dragonite|slp|[msg]\n|turn|16\n|\n|t:|1700846744\n|move|p2a: Dragonite|Dragon Dance|p2a: Dragonite\n|-boost|p2a: Dragonite|atk|1\n|-boost|p2a: Dragonite|spe|1\n|move|p1a: Toxic|Poison Jab|p2a: Dragonite\n|-damage|p2a: Dragonite|66\/100\n|-status|p2a: Dragonite|psn\n|\n|-damage|p2a: Dragonite|53\/100 psn|[from] psn\n|upkeep\n|turn|17\n|\n|t:|1700846762\n|switch|p1a: Manic|Rillaboom, M|100\/100\n|-fieldstart|move: Grassy Terrain|[from] ability: Grassy Surge|[of] p1a: Manic\n|-terastallize|p2a: Dragonite|Flying\n|move|p2a: Dragonite|Tera Blast|p1a: Manic|[anim] Tera Blast Flying\n|-supereffective|p1a: Manic\n|-crit|p1a: Manic\n|-damage|p1a: Manic|0 fnt\n|faint|p1a: Manic\n|\n|-damage|p2a: Dragonite|41\/100 psn|[from] psn\n|upkeep\n|\n|t:|1700846776\n|switch|p1a: Del Sol|Ceruledge, M|100\/100\n|-damage|p1a: Del Sol|76\/100|[from] Stealth Rock\n|turn|18\n|\n|t:|1700846780\n|move|p1a: Del Sol|Shadow Sneak|p2a: Dragonite\n|-damage|p2a: Dragonite|15\/100 psn\n|-damage|p1a: Del Sol|66\/100|[from] item: Life Orb\n|move|p2a: Dragonite|Tera Blast|p1a: Del Sol|[anim] Tera Blast Flying\n|-damage|p1a: Del Sol|0 fnt\n|faint|p1a: Del Sol\n|\n|-damage|p2a: Dragonite|2\/100 psn|[from] psn\n|upkeep\n|\n|t:|1700846794\n|switch|p1a: TCNick3|Empoleon, M|87\/100\n|-damage|p1a: TCNick3|81\/100|[from] Stealth Rock\n|turn|19\n|\n|t:|1700846796\n|move|p2a: Dragonite|Rest|p2a: Dragonite\n|-status|p2a: Dragonite|slp|[from] move: Rest\n|-heal|p2a: Dragonite|100\/100 slp|[silent]\n|move|p1a: TCNick3|Surf|p2a: Dragonite\n|-damage|p2a: Dragonite|87\/100 slp\n|\n|-heal|p1a: TCNick3|87\/100|[from] Grassy Terrain\n|-heal|p1a: TCNick3|93\/100|[from] item: Leftovers\n|upkeep\n|turn|20\n|\n|t:|1700846805\n|cant|p2a: Dragonite|slp\n|move|p1a: TCNick3|Surf|p2a: Dragonite\n|-damage|p2a: Dragonite|61\/100 slp\n|\n|-heal|p1a: TCNick3|99\/100|[from] Grassy Terrain\n|-heal|p1a: TCNick3|100\/100|[from] item: Leftovers\n|upkeep\n|turn|21\n|-message|RuSh1629 forfeited.\n|\n|win|Kenetto108\n|raw|RuSh1629's rating: 1365 &rarr; <strong>1349<\/strong><br \/>(-16 for losing)\n|raw|Kenetto108's rating: 1434 &rarr; <strong>1450<\/strong><br \/>(+16 for winning)\n|l|\u2606RuSh1629\n","uploadtime":1700846817,"views":2,"p1id":"rush1629","p2id":"kenetto108","formatid":"gen9ou","rating":1349,"private":0,"password":""}