{"id":"gen9ou-1996594765","p1":"loafgene","p2":"SirBoogerBrain","format":"[Gen 9] OU","log":"|j|\u2606loafgene\n|j|\u2606SirBoogerBrain\n|t:|1700698421\n|gametype|singles\n|player|p1|loafgene|palmer|1146\n|player|p2|SirBoogerBrain|burglar-gen2|1239\n|teamsize|p1|6\n|teamsize|p2|6\n|gen|9\n|tier|[Gen 9] OU\n|rated|\n|rule|Sleep Clause Mod: Limit one foe put to sleep\n|rule|Species Clause: Limit one of each Pok\u00e9mon\n|rule|OHKO Clause: OHKO moves are banned\n|rule|Evasion Items Clause: Evasion items are banned\n|rule|Evasion Moves Clause: Evasion moves are banned\n|rule|Endless Battle Clause: Forcing endless battles is banned\n|rule|HP Percentage Mod: HP is shown in percentages\n|clearpoke\n|poke|p1|Ribombee, M|\n|poke|p1|Enamorus, F|\n|poke|p1|Ninetales-Alola, F|\n|poke|p1|Klefki, F|\n|poke|p1|Iron Valiant|\n|poke|p1|Mimikyu, F|\n|poke|p2|Iron Valiant|\n|poke|p2|Kingambit, F|\n|poke|p2|Great Tusk|\n|poke|p2|Garchomp, F|\n|poke|p2|Moltres|\n|poke|p2|Amoonguss, M|\n|teampreview\n|inactive|Battle timer is ON: inactive players will automatically lose when time's up. (requested by SirBoogerBrain)\n|inactive|loafgene also wants the timer to be on.\n|inactive|SirBoogerBrain has 120 seconds left.\n|\n|t:|1700698455\n|start\n|switch|p1a: Ribombee|Ribombee, M|100\/100\n|switch|p2a: Pyre Raptor|Moltres|100\/100\n|turn|1\n|\n|t:|1700698462\n|move|p1a: Ribombee|Stun Spore|p2a: Pyre Raptor\n|-status|p2a: Pyre Raptor|par\n|move|p2a: Pyre Raptor|Flamethrower|p1a: Ribombee\n|-supereffective|p1a: Ribombee\n|-enditem|p1a: Ribombee|Focus Sash\n|-damage|p1a: Ribombee|1\/100\n|\n|upkeep\n|turn|2\n|\n|t:|1700698469\n|move|p1a: Ribombee|Sticky Web|p2a: Pyre Raptor\n|-sidestart|p2: SirBoogerBrain|move: Sticky Web\n|move|p2a: Pyre Raptor|U-turn|p1a: Ribombee\n|-resisted|p1a: Ribombee\n|-damage|p1a: Ribombee|0 fnt\n|faint|p1a: Ribombee\n|\n|t:|1700698487\n|switch|p2a: Bloom Warden|Amoonguss, M|100\/100|[from] U-turn\n|-activate|p2a: Bloom Warden|move: Sticky Web\n|-unboost|p2a: Bloom Warden|spe|1\n|\n|upkeep\n|\n|t:|1700698498\n|switch|p1a: Iron Valiant|Iron Valiant|100\/100\n|-enditem|p1a: Iron Valiant|Booster Energy\n|-activate|p1a: Iron Valiant|ability: Quark Drive|[fromitem]\n|-start|p1a: Iron Valiant|quarkdrivespe\n|turn|3\n|\n|t:|1700698513\n|move|p1a: Iron Valiant|Fire Punch|p2a: Bloom Warden\n|-supereffective|p2a: Bloom Warden\n|-damage|p2a: Bloom Warden|59\/100\n|-damage|p1a: Iron Valiant|84\/100|[from] item: Rocky Helmet|[of] p2a: Bloom Warden\n|move|p2a: Bloom Warden|Sludge Bomb|p1a: Iron Valiant\n|-supereffective|p1a: Iron Valiant\n|-damage|p1a: Iron Valiant|0 fnt\n|faint|p1a: Iron Valiant\n|-end|p1a: Iron Valiant|Quark Drive|[silent]\n|\n|upkeep\n|\n|t:|1700698521\n|switch|p1a: Ninetales|Ninetales-Alola, F|100\/100\n|-weather|Snow|[from] ability: Snow Warning|[of] p1a: Ninetales\n|turn|4\n|\n|t:|1700698532\n|move|p1a: Ninetales|Aurora Veil|p1a: Ninetales\n|-sidestart|p1: loafgene|move: Aurora Veil\n|move|p2a: Bloom Warden|Sludge Bomb|p1a: Ninetales\n|-supereffective|p1a: Ninetales\n|-damage|p1a: Ninetales|70\/100\n|\n|-weather|Snow|[upkeep]\n|upkeep\n|turn|5\n|\n|t:|1700698538\n|move|p1a: Ninetales|Blizzard|p2a: Bloom Warden\n|-supereffective|p2a: Bloom Warden\n|-damage|p2a: Bloom Warden|0 fnt\n|faint|p2a: Bloom Warden\n|\n|-weather|Snow|[upkeep]\n|upkeep\n|inactive|SirBoogerBrain has 120 seconds left.\n|\n|t:|1700698587\n|switch|p2a: Pyre Raptor|Moltres|100\/100 par\n|turn|6\n|\n|t:|1700698597\n|move|p1a: Ninetales|Blizzard|p2a: Pyre Raptor\n|-damage|p2a: Pyre Raptor|57\/100 par\n|move|p2a: Pyre Raptor|Roost|p2a: Pyre Raptor\n|-heal|p2a: Pyre Raptor|100\/100 par\n|-singleturn|p2a: Pyre Raptor|move: Roost\n|\n|-weather|Snow|[upkeep]\n|upkeep\n|turn|7\n|\n|t:|1700698606\n|move|p1a: Ninetales|Blizzard|p2a: Pyre Raptor\n|-crit|p2a: Pyre Raptor\n|-damage|p2a: Pyre Raptor|33\/100 par\n|move|p2a: Pyre Raptor|Roost|p2a: Pyre Raptor\n|-heal|p2a: Pyre Raptor|83\/100 par\n|-singleturn|p2a: Pyre Raptor|move: Roost\n|\n|-weather|Snow|[upkeep]\n|upkeep\n|turn|8\n|\n|t:|1700698618\n|switch|p1a: Enamorus|Enamorus, F|100\/100\n|move|p2a: Pyre Raptor|Roost|p2a: Pyre Raptor\n|-heal|p2a: Pyre Raptor|100\/100 par\n|-singleturn|p2a: Pyre Raptor|move: Roost\n|\n|-weather|none\n|upkeep\n|turn|9\n|inactive|SirBoogerBrain has 120 seconds left.\n|\n|t:|1700698653\n|move|p1a: Enamorus|Earth Power|p2a: Pyre Raptor\n|-immune|p2a: Pyre Raptor\n|move|p2a: Pyre Raptor|U-turn|p1a: Enamorus\n|-resisted|p1a: Enamorus\n|-damage|p1a: Enamorus|98\/100\n|\n|t:|1700698664\n|switch|p2a: Onyx Razor|Kingambit, F|100\/100|[from] U-turn\n|-activate|p2a: Onyx Razor|move: Sticky Web\n|-unboost|p2a: Onyx Razor|spe|1\n|-activate|p2a: Onyx Razor|ability: Supreme Overlord\n|-start|p2a: Onyx Razor|fallen1|[silent]\n|\n|-heal|p1a: Enamorus|100\/100|[from] item: Leftovers\n|upkeep\n|turn|10\n|\n|t:|1700698673\n|-end|p2a: Onyx Razor|fallen1|[silent]\n|switch|p2a: Pyre Raptor|Moltres|100\/100 par\n|-terastallize|p1a: Enamorus|Steel\n|move|p1a: Enamorus|Substitute|p1a: Enamorus\n|-start|p1a: Enamorus|Substitute\n|-damage|p1a: Enamorus|76\/100\n|\n|-heal|p1a: Enamorus|82\/100|[from] item: Leftovers\n|upkeep\n|turn|11\n|\n|t:|1700698682\n|move|p1a: Enamorus|Mystical Fire|p2a: Pyre Raptor\n|-resisted|p2a: Pyre Raptor\n|-damage|p2a: Pyre Raptor|88\/100 par\n|-unboost|p2a: Pyre Raptor|spa|1\n|move|p2a: Pyre Raptor|Flamethrower|p1a: Enamorus\n|-supereffective|p1a: Enamorus\n|-end|p1a: Enamorus|Substitute\n|\n|-heal|p1a: Enamorus|88\/100|[from] item: Leftovers\n|-sideend|p1: loafgene|move: Aurora Veil\n|upkeep\n|turn|12\n|inactive|SirBoogerBrain has 120 seconds left.\n|\n|t:|1700698698\n|move|p1a: Enamorus|Moonblast|p2a: Pyre Raptor\n|-resisted|p2a: Pyre Raptor\n|-damage|p2a: Pyre Raptor|63\/100 par\n|move|p2a: Pyre Raptor|Flamethrower|p1a: Enamorus\n|-supereffective|p1a: Enamorus\n|-damage|p1a: Enamorus|11\/100\n|\n|-heal|p1a: Enamorus|17\/100|[from] item: Leftovers\n|upkeep\n|turn|13\n|\n|t:|1700698707\n|move|p1a: Enamorus|Moonblast|p2a: Pyre Raptor\n|-resisted|p2a: Pyre Raptor\n|-damage|p2a: Pyre Raptor|38\/100 par\n|-unboost|p2a: Pyre Raptor|spa|1\n|cant|p2a: Pyre Raptor|par\n|\n|-heal|p1a: Enamorus|24\/100|[from] item: Leftovers\n|upkeep\n|turn|14\n|\n|t:|1700698714\n|move|p1a: Enamorus|Moonblast|p2a: Pyre Raptor\n|-resisted|p2a: Pyre Raptor\n|-damage|p2a: Pyre Raptor|13\/100 par\n|move|p2a: Pyre Raptor|Roost|p2a: Pyre Raptor\n|-heal|p2a: Pyre Raptor|63\/100 par\n|-singleturn|p2a: Pyre Raptor|move: Roost\n|\n|-heal|p1a: Enamorus|30\/100|[from] item: Leftovers\n|upkeep\n|turn|15\n|\n|t:|1700698723\n|move|p1a: Enamorus|Moonblast|p2a: Pyre Raptor\n|-resisted|p2a: Pyre Raptor\n|-crit|p2a: Pyre Raptor\n|-damage|p2a: Pyre Raptor|24\/100 par\n|move|p2a: Pyre Raptor|Flamethrower|p1a: Enamorus\n|-supereffective|p1a: Enamorus\n|-damage|p1a: Enamorus|0 fnt\n|faint|p1a: Enamorus\n|\n|upkeep\n|\n|t:|1700698733\n|switch|p1a: Mimikyu|Mimikyu, F|100\/100\n|turn|16\n|\n|t:|1700698739\n|move|p1a: Mimikyu|Shadow Claw|p2a: Pyre Raptor\n|-damage|p2a: Pyre Raptor|5\/100 par\n|cant|p2a: Pyre Raptor|par\n|\n|upkeep\n|turn|17\n|\n|t:|1700698745\n|move|p1a: Mimikyu|Shadow Sneak|p2a: Pyre Raptor\n|-damage|p2a: Pyre Raptor|0 fnt\n|-status|p1a: Mimikyu|brn|[from] ability: Flame Body|[of] p2a: Pyre Raptor\n|faint|p2a: Pyre Raptor\n|\n|-damage|p1a: Mimikyu|95\/100 brn|[from] brn\n|upkeep\n|\n|t:|1700698770\n|switch|p2a: Abyssal Fin|Garchomp, F|100\/100\n|-activate|p2a: Abyssal Fin|move: Sticky Web\n|-unboost|p2a: Abyssal Fin|spe|1\n|turn|18\n|inactive|SirBoogerBrain has 120 seconds left.\n|\n|t:|1700698786\n|-terastallize|p2a: Abyssal Fin|Water\n|move|p1a: Mimikyu|Trailblaze|p2a: Abyssal Fin\n|-supereffective|p2a: Abyssal Fin\n|-damage|p2a: Abyssal Fin|90\/100\n|-boost|p1a: Mimikyu|spe|1\n|-damage|p1a: Mimikyu|82\/100 brn|[from] ability: Rough Skin|[of] p2a: Abyssal Fin\n|move|p2a: Abyssal Fin|Earthquake|p1a: Mimikyu\n|-activate|p1a: Mimikyu|ability: Disguise\n|-damage|p1a: Mimikyu|82\/100 brn\n|detailschange|p1a: Mimikyu|Mimikyu-Busted, F\n|-damage|p1a: Mimikyu|70\/100 brn|[from] pokemon: Mimikyu-Busted\n|\n|-heal|p1a: Mimikyu|76\/100 brn|[from] item: Leftovers\n|-heal|p2a: Abyssal Fin|96\/100|[from] item: Leftovers\n|-damage|p1a: Mimikyu|70\/100 brn|[from] brn\n|upkeep\n|turn|19\n|\n|t:|1700698810\n|move|p1a: Mimikyu|Shadow Claw|p2a: Abyssal Fin\n|-damage|p2a: Abyssal Fin|85\/100\n|-damage|p1a: Mimikyu|57\/100 brn|[from] ability: Rough Skin|[of] p2a: Abyssal Fin\n|move|p2a: Abyssal Fin|Earthquake|p1a: Mimikyu\n|-damage|p1a: Mimikyu|0 fnt\n|faint|p1a: Mimikyu\n|\n|-heal|p2a: Abyssal Fin|91\/100|[from] item: Leftovers\n|upkeep\n|\n|t:|1700698820\n|switch|p1a: Klefki|Klefki, F|100\/100\n|turn|20\n|\n|t:|1700698825\n|move|p1a: Klefki|Iron Defense|p1a: Klefki\n|-boost|p1a: Klefki|def|2\n|move|p2a: Abyssal Fin|Earthquake|p1a: Klefki\n|-supereffective|p1a: Klefki\n|-damage|p1a: Klefki|53\/100\n|\n|-heal|p2a: Abyssal Fin|97\/100|[from] item: Leftovers\n|-heal|p1a: Klefki|59\/100|[from] item: Leftovers\n|upkeep\n|turn|21\n|\n|t:|1700698833\n|move|p1a: Klefki|Iron Defense|p1a: Klefki\n|-boost|p1a: Klefki|def|2\n|move|p2a: Abyssal Fin|Earthquake|p1a: Klefki\n|-supereffective|p1a: Klefki\n|-damage|p1a: Klefki|26\/100\n|\n|-heal|p2a: Abyssal Fin|100\/100|[from] item: Leftovers\n|-heal|p1a: Klefki|32\/100|[from] item: Leftovers\n|upkeep\n|turn|22\n|\n|t:|1700698861\n|move|p2a: Abyssal Fin|Earthquake|p1a: Klefki\n|-supereffective|p1a: Klefki\n|-crit|p1a: Klefki\n|-damage|p1a: Klefki|0 fnt\n|faint|p1a: Klefki\n|\n|upkeep\n|\n|t:|1700698866\n|switch|p1a: Ninetales|Ninetales-Alola, F|70\/100\n|-weather|Snow|[from] ability: Snow Warning|[of] p1a: Ninetales\n|turn|23\n|\n|t:|1700698874\n|move|p1a: Ninetales|Aurora Veil|p1a: Ninetales\n|-sidestart|p1: loafgene|move: Aurora Veil\n|move|p2a: Abyssal Fin|Earthquake|p1a: Ninetales\n|-damage|p1a: Ninetales|49\/100\n|\n|-weather|Snow|[upkeep]\n|upkeep\n|turn|24\n|\n|t:|1700698882\n|move|p1a: Ninetales|Blizzard|p2a: Abyssal Fin\n|-resisted|p2a: Abyssal Fin\n|-damage|p2a: Abyssal Fin|83\/100\n|move|p2a: Abyssal Fin|Stone Edge|p1a: Ninetales\n|-supereffective|p1a: Ninetales\n|-crit|p1a: Ninetales\n|-damage|p1a: Ninetales|0 fnt\n|faint|p1a: Ninetales\n|\n|win|SirBoogerBrain\n|raw|loafgene's rating: 1146 &rarr; <strong>1128<\/strong><br \/>(-18 for losing)\n|raw|SirBoogerBrain's rating: 1239 &rarr; <strong>1257<\/strong><br \/>(+18 for winning)\n|c|\u2606SirBoogerBrain|gg\n|c|\u2606loafgene|gg\n|l|\u2606loafgene\n","uploadtime":1700698899,"views":3,"p1id":"loafgene","p2id":"sirboogerbrain","formatid":"gen9ou","rating":1128,"private":0,"password":""}