{"id":"gen9ou-1996884731","p1":"Supraxd","p2":"Melhar","format":"[Gen 9] OU","log":"|j|\u2606Supraxd\n|j|\u2606Melhar\n|t:|1700740154\n|gametype|singles\n|player|p1|Supraxd|steven|1406\n|player|p2|Melhar|acetrainer-gen4dp|1332\n|teamsize|p1|6\n|teamsize|p2|6\n|gen|9\n|tier|[Gen 9] OU\n|rated|\n|rule|Sleep Clause Mod: Limit one foe put to sleep\n|rule|Species Clause: Limit one of each Pok\u00e9mon\n|rule|OHKO Clause: OHKO moves are banned\n|rule|Evasion Items Clause: Evasion items are banned\n|rule|Evasion Moves Clause: Evasion moves are banned\n|rule|Endless Battle Clause: Forcing endless battles is banned\n|rule|HP Percentage Mod: HP is shown in percentages\n|clearpoke\n|poke|p1|Kingambit, F|\n|poke|p1|Azumarill, F|\n|poke|p1|Kommo-o, F|\n|poke|p1|Ogerpon-Cornerstone, F|\n|poke|p1|Iron Treads|\n|poke|p1|Iron Valiant|\n|poke|p2|Slowking-Galar, M|\n|poke|p2|Dondozo, F|\n|poke|p2|Chesnaught, M|\n|poke|p2|Blissey, F|\n|poke|p2|Toxapex, M|\n|poke|p2|Jirachi|\n|teampreview\n|inactive|Battle timer is ON: inactive players will automatically lose when time's up. (requested by Melhar)\n|\n|t:|1700740196\n|start\n|switch|p1a: Ogerpon|Ogerpon-Cornerstone, F|100\/100\n|switch|p2a: Chesnaught|Chesnaught, M|100\/100\n|turn|1\n|inactive|Supraxd has 120 seconds left.\n|\n|t:|1700740240\n|move|p1a: Ogerpon|Taunt|p2a: Chesnaught\n|-start|p2a: Chesnaught|move: Taunt\n|cant|p2a: Chesnaught|move: Taunt|Spikes\n|\n|upkeep\n|turn|2\n|\n|t:|1700740256\n|switch|p1a: Iron Valiant|Iron Valiant|100\/100\n|-enditem|p1a: Iron Valiant|Booster Energy\n|-activate|p1a: Iron Valiant|ability: Quark Drive|[fromitem]\n|-start|p1a: Iron Valiant|quarkdrivespe\n|move|p2a: Chesnaught|Body Press|p1a: Iron Valiant\n|-resisted|p1a: Iron Valiant\n|-damage|p1a: Iron Valiant|72\/100\n|\n|upkeep\n|turn|3\n|\n|t:|1700740281\n|switch|p2a: Slowking|Slowking-Galar, M|100\/100\n|move|p1a: Iron Valiant|Moonblast|p2a: Slowking\n|-resisted|p2a: Slowking\n|-damage|p2a: Slowking|89\/100\n|\n|upkeep\n|turn|4\n|inactive|Melhar has 120 seconds left.\n|\n|t:|1700740298\n|-end|p1a: Iron Valiant|Quark Drive|[silent]\n|switch|p1a: Kingambit|Kingambit, F|100\/100\n|switch|p2a: Toxapex|Toxapex, M|100\/100\n|\n|upkeep\n|turn|5\n|inactive|Melhar has 120 seconds left.\n|\n|t:|1700740312\n|move|p1a: Kingambit|Swords Dance|p1a: Kingambit\n|-boost|p1a: Kingambit|atk|2\n|move|p2a: Toxapex|Toxic Spikes|p1a: Kingambit\n|-sidestart|p1: Supraxd|move: Toxic Spikes\n|\n|upkeep\n|turn|6\n|\n|t:|1700740321\n|switch|p2a: Dondozo|Dondozo, F|100\/100\n|move|p1a: Kingambit|Kowtow Cleave|p2a: Dondozo\n|-damage|p2a: Dondozo|74\/100\n|\n|-heal|p2a: Dondozo|80\/100|[from] item: Leftovers\n|upkeep\n|turn|7\n|\n|t:|1700740337\n|-end|p1a: Kingambit|fallenundefined|[silent]\n|switch|p1a: Iron Treads|Iron Treads|100\/100\n|-enditem|p1a: Iron Treads|Booster Energy\n|-activate|p1a: Iron Treads|ability: Quark Drive|[fromitem]\n|-start|p1a: Iron Treads|quarkdrivespe\n|move|p2a: Dondozo|Liquidation|p1a: Iron Treads\n|-supereffective|p1a: Iron Treads\n|-damage|p1a: Iron Treads|42\/100\n|\n|-heal|p2a: Dondozo|86\/100|[from] item: Leftovers\n|upkeep\n|turn|8\n|\n|t:|1700740356\n|move|p1a: Iron Treads|Rapid Spin|p2a: Dondozo\n|-damage|p2a: Dondozo|79\/100\n|-boost|p1a: Iron Treads|spe|1\n|-sideend|p1: Supraxd|Toxic Spikes|[from] move: Rapid Spin|[of] p1a: Iron Treads\n|move|p2a: Dondozo|Liquidation|p1a: Iron Treads\n|-supereffective|p1a: Iron Treads\n|-damage|p1a: Iron Treads|0 fnt\n|faint|p1a: Iron Treads\n|-end|p1a: Iron Treads|Quark Drive|[silent]\n|\n|-heal|p2a: Dondozo|85\/100|[from] item: Leftovers\n|upkeep\n|\n|t:|1700740368\n|switch|p1a: Ogerpon|Ogerpon-Cornerstone, F|100\/100\n|turn|9\n|\n|t:|1700740375\n|switch|p2a: Chesnaught|Chesnaught, M|100\/100\n|move|p1a: Ogerpon|Trailblaze|p2a: Chesnaught\n|-resisted|p2a: Chesnaught\n|-damage|p2a: Chesnaught|92\/100\n|-boost|p1a: Ogerpon|spe|1\n|-damage|p1a: Ogerpon|84\/100|[from] item: Rocky Helmet|[of] p2a: Chesnaught\n|\n|upkeep\n|turn|10\n|\n|t:|1700740383\n|move|p1a: Ogerpon|Knock Off|p2a: Chesnaught\n|-resisted|p2a: Chesnaught\n|-damage|p2a: Chesnaught|82\/100\n|-damage|p1a: Ogerpon|67\/100|[from] item: Rocky Helmet|[of] p2a: Chesnaught\n|-enditem|p2a: Chesnaught|Rocky Helmet|[from] move: Knock Off|[of] p1a: Ogerpon\n|move|p2a: Chesnaught|Body Press|p1a: Ogerpon\n|-supereffective|p1a: Ogerpon\n|-damage|p1a: Ogerpon|0 fnt\n|faint|p1a: Ogerpon\n|\n|upkeep\n|inactive|Supraxd has 120 seconds left.\n|\n|t:|1700740414\n|switch|p1a: Kommo-o|Kommo-o, F|100\/100\n|turn|11\n|\n|t:|1700740423\n|switch|p2a: Toxapex|Toxapex, M|100\/100\n|move|p1a: Kommo-o|Substitute|p1a: Kommo-o\n|-start|p1a: Kommo-o|Substitute\n|-damage|p1a: Kommo-o|75\/100\n|\n|upkeep\n|turn|12\n|\n|t:|1700740429\n|move|p1a: Kommo-o|Belly Drum|p1a: Kommo-o\n|-damage|p1a: Kommo-o|25\/100\n|-setboost|p1a: Kommo-o|atk|6|[from] move: Belly Drum\n|-enditem|p1a: Kommo-o|Salac Berry|[eat]\n|-boost|p1a: Kommo-o|spe|1|[from] item: Salac Berry\n|move|p2a: Toxapex|Haze|p2a: Toxapex\n|-clearallboost\n|\n|upkeep\n|turn|13\n|inactive|Supraxd has 120 seconds left.\n|-message|Supraxd forfeited.\n|\n|win|Melhar\n|raw|Supraxd's rating: 1406 &rarr; <strong>1382<\/strong><br \/>(-24 for losing)\n|raw|Melhar's rating: 1332 &rarr; <strong>1356<\/strong><br \/>(+24 for winning)\n|l|\u2606Supraxd\n","uploadtime":1700740463,"views":8,"p1id":"supraxd","p2id":"melhar","formatid":"gen9ou","rating":1356,"private":0,"password":""}