{"id":"gen9ou-1988526339","p1":"FavMon=Garchomp","p2":"GodKmi","format":"[Gen 9] OU","log":"|j|\u2606FavMon=Garchomp\n|j|\u2606GodKmi\n|t:|1699732401\n|gametype|singles\n|player|p1|FavMon=Garchomp|hilbert|\n|player|p2|GodKmi|saguaro|\n|teamsize|p1|6\n|teamsize|p2|6\n|gen|9\n|tier|[Gen 9] OU\n|rule|Sleep Clause Mod: Limit one foe put to sleep\n|rule|Species Clause: Limit one of each Pok\u00e9mon\n|rule|OHKO Clause: OHKO moves are banned\n|rule|Evasion Items Clause: Evasion items are banned\n|rule|Evasion Moves Clause: Evasion moves are banned\n|rule|Endless Battle Clause: Forcing endless battles is banned\n|rule|HP Percentage Mod: HP is shown in percentages\n|clearpoke\n|poke|p1|Azumarill, F|\n|poke|p1|Dragapult, M|\n|poke|p1|Sandy Shocks|\n|poke|p1|Dragonite, F|\n|poke|p1|Iron Valiant|\n|poke|p1|Moltres-Galar|\n|poke|p2|Ursaluna, M|\n|poke|p2|Kleavor, M|\n|poke|p2|Enamorus-Therian, F|\n|poke|p2|Gumshoos, M|\n|poke|p2|Basculegion, M|\n|poke|p2|Dragapult, F|\n|teampreview\n|\n|t:|1699732412\n|start\n|switch|p1a: Sandy Shocks|Sandy Shocks|100\/100\n|switch|p2a: Dragapult|Dragapult, F|100\/100\n|-enditem|p1a: Sandy Shocks|Booster Energy\n|-activate|p1a: Sandy Shocks|ability: Protosynthesis|[fromitem]\n|-start|p1a: Sandy Shocks|protosynthesisspe\n|turn|1\n|\n|t:|1699732429\n|-terastallize|p1a: Sandy Shocks|Ice\n|move|p1a: Sandy Shocks|Tera Blast|p2a: Dragapult|[anim] Tera Blast Ice\n|-supereffective|p2a: Dragapult\n|-damage|p2a: Dragapult|2\/100\n|move|p2a: Dragapult|Light Screen|p2a: Dragapult\n|-sidestart|p2: GodKmi|move: Light Screen\n|\n|upkeep\n|turn|2\n|\n|t:|1699732454\n|move|p1a: Sandy Shocks|Stealth Rock|p2a: Dragapult\n|-sidestart|p2: GodKmi|move: Stealth Rock\n|move|p2a: Dragapult|Reflect|p2a: Dragapult\n|-sidestart|p2: GodKmi|Reflect\n|\n|upkeep\n|turn|3\n|\n|t:|1699732459\n|move|p1a: Sandy Shocks|Thunderbolt|p2a: Dragapult\n|-resisted|p2a: Dragapult\n|-damage|p2a: Dragapult|0 fnt\n|-start|p1a: Sandy Shocks|Disable|Thunderbolt|[from] ability: Cursed Body|[of] p2a: Dragapult\n|faint|p2a: Dragapult\n|\n|upkeep\n|\n|t:|1699732480\n|switch|p2a: Kleavor|Kleavor, M|100\/100\n|-damage|p2a: Kleavor|76\/100|[from] Stealth Rock\n|turn|4\n|\n|t:|1699732486\n|move|p1a: Sandy Shocks|Earth Power|p2a: Kleavor\n|-crit|p2a: Kleavor\n|-damage|p2a: Kleavor|0 fnt\n|faint|p2a: Kleavor\n|\n|upkeep\n|\n|t:|1699732493\n|switch|p2a: Basculegion|Basculegion, M|100\/100\n|-damage|p2a: Basculegion|88\/100|[from] Stealth Rock\n|turn|5\n|\n|t:|1699732504\n|-end|p1a: Sandy Shocks|Protosynthesis|[silent]\n|switch|p1a: Dragapult|Dragapult, M|100\/100\n|move|p2a: Basculegion|Agility|p2a: Basculegion\n|-boost|p2a: Basculegion|spe|2\n|\n|upkeep\n|turn|6\n|\n|t:|1699732510\n|move|p2a: Basculegion|Phantom Force||[still]\n|-prepare|p2a: Basculegion|Phantom Force\n|move|p1a: Dragapult|Thunder Wave|p2a: Basculegion|[miss]\n|-miss|p1a: Dragapult|p2a: Basculegion\n|\n|upkeep\n|turn|7\n|\n|t:|1699732513\n|move|p2a: Basculegion|Phantom Force|p1a: Dragapult|[from]lockedmove\n|-supereffective|p1a: Dragapult\n|-damage|p1a: Dragapult|0 fnt\n|-start|p2a: Basculegion|Disable|Phantom Force|[from] ability: Cursed Body|[of] p1a: Dragapult\n|faint|p1a: Dragapult\n|\n|upkeep\n|\n|t:|1699732530\n|switch|p1a: Azumarill|Azumarill, F|100\/100\n|turn|8\n|\n|t:|1699732534\n|move|p2a: Basculegion|Wave Crash|p1a: Azumarill\n|-resisted|p1a: Azumarill\n|-damage|p1a: Azumarill|55\/100\n|-damage|p2a: Basculegion|72\/100|[from] Recoil\n|move|p1a: Azumarill|Belly Drum|p1a: Azumarill\n|-damage|p1a: Azumarill|5\/100\n|-setboost|p1a: Azumarill|atk|6|[from] move: Belly Drum\n|-enditem|p1a: Azumarill|Sitrus Berry|[eat]\n|-heal|p1a: Azumarill|30\/100|[from] item: Sitrus Berry\n|\n|-sideend|p2: GodKmi|move: Light Screen\n|upkeep\n|turn|9\n|\n|t:|1699732540\n|move|p1a: Azumarill|Aqua Jet|p2a: Basculegion\n|-resisted|p2a: Basculegion\n|-damage|p2a: Basculegion|39\/100\n|move|p2a: Basculegion|Wave Crash|p1a: Azumarill\n|-resisted|p1a: Azumarill\n|-damage|p1a: Azumarill|0 fnt\n|faint|p1a: Azumarill\n|-damage|p2a: Basculegion|29\/100|[from] Recoil\n|\n|-sideend|p2: GodKmi|Reflect\n|upkeep\n|\n|t:|1699732555\n|switch|p1a: Dragonite|Dragonite, F|100\/100\n|turn|10\n|\n|t:|1699732558\n|move|p2a: Basculegion|Substitute|p2a: Basculegion\n|-start|p2a: Basculegion|Substitute\n|-damage|p2a: Basculegion|4\/100\n|move|p1a: Dragonite|Dragon Claw|p2a: Basculegion\n|-end|p2a: Basculegion|Substitute\n|\n|-end|p2a: Basculegion|Disable\n|upkeep\n|turn|11\n|\n|t:|1699732565\n|move|p2a: Basculegion|Wave Crash|p1a: Dragonite\n|-resisted|p1a: Dragonite\n|-damage|p1a: Dragonite|79\/100\n|-damage|p2a: Basculegion|0 fnt|[from] Recoil\n|faint|p2a: Basculegion\n|move|p1a: Dragonite|Dragon Claw|p2: Basculegion|[notarget]\n|-fail|p1a: Dragonite\n|\n|upkeep\n|\n|t:|1699732573\n|switch|p2a: Enamorus|Enamorus-Therian, F|100\/100\n|-damage|p2a: Enamorus|76\/100|[from] Stealth Rock\n|turn|12\n|\n|t:|1699732579\n|switch|p1a: Sandy Shocks|Sandy Shocks, tera:Ice|100\/100\n|move|p2a: Enamorus|Iron Defense|p2a: Enamorus\n|-boost|p2a: Enamorus|def|2\n|\n|upkeep\n|turn|13\n|\n|t:|1699732585\n|-terastallize|p2a: Enamorus|Fairy\n|move|p1a: Sandy Shocks|Tera Blast|p2a: Enamorus|[anim] Tera Blast Ice\n|-damage|p2a: Enamorus|34\/100\n|move|p2a: Enamorus|Draining Kiss|p1a: Sandy Shocks\n|-damage|p1a: Sandy Shocks|44\/100\n|-heal|p2a: Enamorus|81\/100|[from] drain|[of] p1a: Sandy Shocks\n|\n|upkeep\n|turn|14\n|\n|t:|1699732592\n|move|p1a: Sandy Shocks|Thunderbolt|p2a: Enamorus\n|-damage|p2a: Enamorus|39\/100\n|move|p2a: Enamorus|Draining Kiss|p1a: Sandy Shocks\n|-damage|p1a: Sandy Shocks|0 fnt\n|-heal|p2a: Enamorus|75\/100|[from] drain|[of] p1a: Sandy Shocks\n|faint|p1a: Sandy Shocks\n|-end|p1a: Sandy Shocks|Protosynthesis|[silent]\n|\n|upkeep\n|\n|t:|1699732610\n|switch|p1a: Iron Valiant|Iron Valiant|100\/100\n|-enditem|p1a: Iron Valiant|Booster Energy\n|-activate|p1a: Iron Valiant|ability: Quark Drive|[fromitem]\n|-start|p1a: Iron Valiant|quarkdrivespe\n|turn|15\n|\n|t:|1699732624\n|move|p1a: Iron Valiant|Calm Mind|p1a: Iron Valiant\n|-boost|p1a: Iron Valiant|spa|1\n|-boost|p1a: Iron Valiant|spd|1\n|move|p2a: Enamorus|Draining Kiss|p1a: Iron Valiant\n|-supereffective|p1a: Iron Valiant\n|-damage|p1a: Iron Valiant|0 fnt\n|-heal|p2a: Enamorus|100\/100|[from] drain|[of] p1a: Iron Valiant\n|faint|p1a: Iron Valiant\n|-end|p1a: Iron Valiant|Quark Drive|[silent]\n|\n|upkeep\n|\n|t:|1699732635\n|switch|p1a: Moltres|Moltres-Galar|100\/100\n|turn|16\n|\n|t:|1699732645\n|move|p1a: Moltres|Nasty Plot|p1a: Moltres\n|-boost|p1a: Moltres|spa|2\n|move|p2a: Enamorus|Draining Kiss|p1a: Moltres\n|-supereffective|p1a: Moltres\n|-damage|p1a: Moltres|0 fnt\n|faint|p1a: Moltres\n|\n|upkeep\n|-message|FavMon=Garchomp forfeited.\n|\n|win|GodKmi\n|l|\u2606FavMon=Garchomp\n","uploadtime":1699732654,"views":11,"p1id":"favmongarchomp","p2id":"godkmi","formatid":"gen9ou","rating":0,"private":0,"password":""}