{"id":"gen9ou-1999510817","p1":"Gregory Mirabella","p2":"gabrosmafra","format":"[Gen 9] OU","log":"|j|\u2606Gregory Mirabella\n|j|\u2606gabrosmafra\n|t:|1701090840\n|gametype|singles\n|player|p1|Gregory Mirabella|lusamine-nihilego|1107\n|player|p2|gabrosmafra|n|1060\n|teamsize|p1|6\n|teamsize|p2|6\n|gen|9\n|tier|[Gen 9] OU\n|rated|\n|rule|Sleep Clause Mod: Limit one foe put to sleep\n|rule|Species Clause: Limit one of each Pok\u00e9mon\n|rule|OHKO Clause: OHKO moves are banned\n|rule|Evasion Items Clause: Evasion items are banned\n|rule|Evasion Moves Clause: Evasion moves are banned\n|rule|Endless Battle Clause: Forcing endless battles is banned\n|rule|HP Percentage Mod: HP is shown in percentages\n|clearpoke\n|poke|p1|Pelipper, F|\n|poke|p1|Jirachi|\n|poke|p1|Manaphy|\n|poke|p1|Floatzel, F|\n|poke|p1|Thundurus-Therian, M|\n|poke|p1|Iron Treads|\n|poke|p2|Lucario, M|\n|poke|p2|Tyranitar, F|\n|poke|p2|Charizard, F|\n|poke|p2|Garchomp, M|\n|poke|p2|Slowking, F|\n|poke|p2|Zapdos|\n|teampreview\n|inactive|Battle timer is ON: inactive players will automatically lose when time's up. (requested by gabrosmafra)\n|c|\u2606Gregory Mirabella|Glhf\n|\n|t:|1701090848\n|start\n|switch|p1a: The Paver|Iron Treads|100\/100\n|switch|p2a: Tyranitar|Tyranitar, F|100\/100\n|-weather|Sandstorm|[from] ability: Sand Stream|[of] p2a: Tyranitar\n|turn|1\n|\n|t:|1701090862\n|switch|p2a: Garchomp|Garchomp, M|100\/100\n|move|p1a: The Paver|Stealth Rock|p2a: Garchomp\n|-sidestart|p2: gabrosmafra|move: Stealth Rock\n|\n|-weather|Sandstorm|[upkeep]\n|upkeep\n|turn|2\n|\n|t:|1701090873\n|-end|p1a: The Paver|Quark Drive|[silent]\n|switch|p1a: Kyogre's Disciple|Pelipper, F|100\/100\n|-weather|RainDance|[from] ability: Drizzle|[of] p1a: Kyogre's Disciple\n|move|p2a: Garchomp|Earthquake|p1a: Kyogre's Disciple\n|-immune|p1a: Kyogre's Disciple\n|\n|-weather|RainDance|[upkeep]\n|upkeep\n|turn|3\n|\n|t:|1701090882\n|switch|p1a: LMAO Box|Jirachi, shiny|100\/100\n|move|p2a: Garchomp|Dragon Claw|p1a: LMAO Box\n|-resisted|p1a: LMAO Box\n|-damage|p1a: LMAO Box|74\/100\n|-damage|p2a: Garchomp|91\/100|[from] item: Life Orb\n|\n|-weather|RainDance|[upkeep]\n|upkeep\n|turn|4\n|\n|t:|1701090891\n|move|p1a: LMAO Box|Ice Punch|p2a: Garchomp\n|-supereffective|p2a: Garchomp\n|-damage|p2a: Garchomp|9\/100\n|-damage|p1a: LMAO Box|62\/100|[from] ability: Rough Skin|[of] p2a: Garchomp\n|move|p2a: Garchomp|Dragon Claw|p1a: LMAO Box\n|-resisted|p1a: LMAO Box\n|-damage|p1a: LMAO Box|33\/100\n|-damage|p2a: Garchomp|0 fnt|[from] item: Life Orb\n|faint|p2a: Garchomp\n|\n|-weather|RainDance|[upkeep]\n|upkeep\n|\n|t:|1701090907\n|switch|p2a: Zapdos|Zapdos|100\/100\n|-damage|p2a: Zapdos|76\/100|[from] Stealth Rock\n|turn|5\n|\n|t:|1701090911\n|move|p1a: LMAO Box|Ice Punch|p2a: Zapdos\n|-supereffective|p2a: Zapdos\n|-damage|p2a: Zapdos|23\/100\n|-enditem|p2a: Zapdos|Aguav Berry|[eat]\n|-heal|p2a: Zapdos|56\/100|[from] item: Aguav Berry\n|move|p2a: Zapdos|Tailwind|p2a: Zapdos\n|-sidestart|p2: gabrosmafra|move: Tailwind\n|\n|-weather|RainDance|[upkeep]\n|upkeep\n|turn|6\n|\n|t:|1701090925\n|switch|p1a: The Paver|Iron Treads|100\/100\n|move|p2a: Zapdos|Roost|p2a: Zapdos\n|-heal|p2a: Zapdos|100\/100\n|-singleturn|p2a: Zapdos|move: Roost\n|\n|-weather|RainDance|[upkeep]\n|upkeep\n|turn|7\n|\n|t:|1701090934\n|switch|p2a: Charizard|Charizard, F, shiny|100\/100\n|move|p1a: The Paver|Volt Switch|p2a: Charizard\n|-supereffective|p2a: Charizard\n|-damage|p2a: Charizard|73\/100\n|\n|t:|1701090942\n|-end|p1a: The Paver|Quark Drive|[silent]\n|switch|p1a: Emergency Tool|Floatzel, F|100\/100|[from] Volt Switch\n|\n|-weather|RainDance|[upkeep]\n|upkeep\n|turn|8\n|\n|t:|1701090956\n|-terastallize|p2a: Charizard|Dragon\n|move|p1a: Emergency Tool|Flip Turn|p2a: Charizard\n|-resisted|p2a: Charizard\n|-damage|p2a: Charizard|28\/100\n|\n|t:|1701090961\n|switch|p1a: LMAO Box|Jirachi, shiny|33\/100|[from] Flip Turn\n|move|p2a: Charizard|Dragon Pulse|p1a: LMAO Box\n|-resisted|p1a: LMAO Box\n|-damage|p1a: LMAO Box|15\/100\n|\n|-weather|RainDance|[upkeep]\n|-sideend|p2: gabrosmafra|move: Tailwind\n|upkeep\n|turn|9\n|\n|t:|1701090976\n|switch|p2a: Lucario|Lucario, M|100\/100\n|-damage|p2a: Lucario|98\/100|[from] Stealth Rock\n|move|p1a: LMAO Box|Ice Punch|p2a: Lucario\n|-resisted|p2a: Lucario\n|-damage|p2a: Lucario|80\/100\n|-status|p2a: Lucario|frz\n|\n|-weather|none\n|upkeep\n|turn|10\n|\n|t:|1701090997\n|switch|p1a: Kyogre's Disciple|Pelipper, F|100\/100\n|-weather|RainDance|[from] ability: Drizzle|[of] p1a: Kyogre's Disciple\n|cant|p2a: Lucario|frz\n|\n|-weather|RainDance|[upkeep]\n|upkeep\n|turn|11\n|\n|t:|1701091005\n|cant|p2a: Lucario|frz\n|move|p1a: Kyogre's Disciple|U-turn|p2a: Lucario\n|-resisted|p2a: Lucario\n|-damage|p2a: Lucario|77\/100 frz\n|\n|t:|1701091010\n|switch|p1a: Majin Bluu|Manaphy, shiny|100\/100|[from] U-turn\n|\n|-weather|RainDance|[upkeep]\n|upkeep\n|turn|12\n|\n|t:|1701091016\n|move|p1a: Majin Bluu|Tail Glow|p1a: Majin Bluu\n|-boost|p1a: Majin Bluu|spa|3\n|-curestatus|p2a: Lucario|frz|[msg]\n|move|p2a: Lucario|Meteor Mash|p1a: Majin Bluu\n|-resisted|p1a: Majin Bluu\n|-damage|p1a: Majin Bluu|71\/100\n|-damage|p2a: Lucario|67\/100|[from] item: Life Orb\n|\n|-weather|RainDance|[upkeep]\n|upkeep\n|turn|13\n|\n|t:|1701091026\n|move|p2a: Lucario|Extreme Speed|p1a: Majin Bluu\n|-damage|p1a: Majin Bluu|40\/100\n|-damage|p2a: Lucario|57\/100|[from] item: Life Orb\n|move|p1a: Majin Bluu|Surf|p2a: Lucario\n|-damage|p2a: Lucario|0 fnt\n|faint|p2a: Lucario\n|\n|-weather|RainDance|[upkeep]\n|upkeep\n|\n|t:|1701091035\n|switch|p2a: Slowking|Slowking, F|100\/100\n|turn|14\n|\n|t:|1701091041\n|move|p1a: Majin Bluu|Rest|p1a: Majin Bluu\n|-status|p1a: Majin Bluu|slp|[from] move: Rest\n|-heal|p1a: Majin Bluu|100\/100 slp|[silent]\n|move|p2a: Slowking|Psychic|p1a: Majin Bluu\n|-damage|p1a: Majin Bluu|71\/100 slp\n|\n|-weather|RainDance|[upkeep]\n|-activate|p1a: Majin Bluu|ability: Hydration\n|-curestatus|p1a: Majin Bluu|slp|[msg]\n|upkeep\n|turn|15\n|\n|t:|1701091053\n|move|p1a: Majin Bluu|Tail Glow|p1a: Majin Bluu\n|-boost|p1a: Majin Bluu|spa|3\n|move|p2a: Slowking|Calm Mind|p2a: Slowking\n|-boost|p2a: Slowking|spa|1\n|-boost|p2a: Slowking|spd|1\n|\n|-weather|RainDance|[upkeep]\n|upkeep\n|turn|16\n|\n|t:|1701091061\n|move|p1a: Majin Bluu|Surf|p2a: Slowking\n|-resisted|p2a: Slowking\n|-damage|p2a: Slowking|53\/100\n|move|p2a: Slowking|Calm Mind|p2a: Slowking\n|-boost|p2a: Slowking|spa|1\n|-boost|p2a: Slowking|spd|1\n|\n|-weather|RainDance|[upkeep]\n|upkeep\n|turn|17\n|\n|t:|1701091069\n|move|p1a: Majin Bluu|Surf|p2a: Slowking\n|-resisted|p2a: Slowking\n|-damage|p2a: Slowking|18\/100\n|move|p2a: Slowking|Slack Off|p2a: Slowking\n|-heal|p2a: Slowking|68\/100\n|\n|-weather|none\n|upkeep\n|turn|18\n|\n|t:|1701091077\n|switch|p1a: Kyogre's Disciple|Pelipper, F|100\/100\n|-weather|RainDance|[from] ability: Drizzle|[of] p1a: Kyogre's Disciple\n|move|p2a: Slowking|Calm Mind|p2a: Slowking\n|-boost|p2a: Slowking|spa|1\n|-boost|p2a: Slowking|spd|1\n|\n|-weather|RainDance|[upkeep]\n|upkeep\n|turn|19\n|\n|t:|1701091086\n|move|p1a: Kyogre's Disciple|U-turn|p2a: Slowking\n|-supereffective|p2a: Slowking\n|-damage|p2a: Slowking|50\/100\n|\n|t:|1701091096\n|switch|p1a: The Paver|Iron Treads|100\/100|[from] U-turn\n|move|p2a: Slowking|Slack Off|p2a: Slowking\n|-heal|p2a: Slowking|100\/100\n|\n|-weather|RainDance|[upkeep]\n|upkeep\n|turn|20\n|\n|t:|1701091106\n|move|p1a: The Paver|Volt Switch|p2a: Slowking\n|-supereffective|p2a: Slowking\n|-damage|p2a: Slowking|95\/100\n|\n|t:|1701091110\n|-end|p1a: The Paver|Quark Drive|[silent]\n|switch|p1a: Emergency Tool|Floatzel, F|100\/100|[from] Volt Switch\n|move|p2a: Slowking|Hydro Pump|p1a: Emergency Tool|[miss]\n|-miss|p2a: Slowking|p1a: Emergency Tool\n|\n|-weather|RainDance|[upkeep]\n|upkeep\n|turn|21\n|\n|t:|1701091120\n|-terastallize|p1a: Emergency Tool|Water\n|move|p1a: Emergency Tool|Wave Crash|p2a: Slowking\n|-resisted|p2a: Slowking\n|-damage|p2a: Slowking|18\/100\n|-damage|p1a: Emergency Tool|68\/100|[from] Recoil\n|move|p2a: Slowking|Calm Mind|p2a: Slowking\n|-boost|p2a: Slowking|spa|1\n|-boost|p2a: Slowking|spd|1\n|\n|-weather|RainDance|[upkeep]\n|upkeep\n|turn|22\n|\n|t:|1701091130\n|move|p1a: Emergency Tool|Wave Crash|p2a: Slowking\n|-resisted|p2a: Slowking\n|-damage|p2a: Slowking|0 fnt\n|faint|p2a: Slowking\n|-damage|p1a: Emergency Tool|61\/100|[from] Recoil\n|\n|-weather|RainDance|[upkeep]\n|upkeep\n|\n|t:|1701091154\n|switch|p2a: Zapdos|Zapdos|100\/100\n|-damage|p2a: Zapdos|76\/100|[from] Stealth Rock\n|turn|23\n|\n|t:|1701091158\n|move|p1a: Emergency Tool|Wave Crash|p2a: Zapdos\n|-damage|p2a: Zapdos|0 fnt\n|faint|p2a: Zapdos\n|-damage|p1a: Emergency Tool|35\/100|[from] Recoil\n|\n|-weather|RainDance|[upkeep]\n|upkeep\n|-message|gabrosmafra forfeited.\n|\n|win|Gregory Mirabella\n|raw|Gregory Mirabella's rating: 1107 &rarr; <strong>1129<\/strong><br \/>(+22 for winning)\n|raw|gabrosmafra's rating: 1060 &rarr; <strong>1044<\/strong><br \/>(-16 for losing)\n|l|\u2606gabrosmafra\n|c|\u2606Gregory Mirabella|Gg\n","uploadtime":1701091176,"views":4,"p1id":"gregorymirabella","p2id":"gabrosmafra","formatid":"gen9ou","rating":1044,"private":0,"password":""}