{"id":"gen9ou-2000108589","p1":"clelioushka","p2":"El Stefano","format":"[Gen 9] OU","log":"|j|\u2606clelioushka\n|j|\u2606El Stefano\n|t:|1701156363\n|gametype|singles\n|player|p1|clelioushka|medium|1732\n|player|p2|El Stefano|102|1800\n|teamsize|p1|6\n|teamsize|p2|6\n|gen|9\n|tier|[Gen 9] OU\n|rated|\n|rule|Sleep Clause Mod: Limit one foe put to sleep\n|rule|Species Clause: Limit one of each Pok\u00e9mon\n|rule|OHKO Clause: OHKO moves are banned\n|rule|Evasion Items Clause: Evasion items are banned\n|rule|Evasion Moves Clause: Evasion moves are banned\n|rule|Endless Battle Clause: Forcing endless battles is banned\n|rule|HP Percentage Mod: HP is shown in percentages\n|clearpoke\n|poke|p1|Ceruledge, F|\n|poke|p1|Iron Moth|\n|poke|p1|Glimmora, F|\n|poke|p1|Great Tusk|\n|poke|p1|Ogerpon-Wellspring, F|\n|poke|p1|Iron Valiant|\n|poke|p2|Slowking, M|\n|poke|p2|Chesnaught, F|\n|poke|p2|Talonflame, F|\n|poke|p2|Clodsire, F|\n|poke|p2|Dondozo, M|\n|poke|p2|Clefable, M|\n|teampreview\n|inactive|Battle timer is ON: inactive players will automatically lose when time's up. (requested by clelioushka)\n|\n|t:|1701156370\n|start\n|switch|p1a: Glimmora|Glimmora, F|100\/100\n|switch|p2a: Clodsire|Clodsire, F|100\/100\n|turn|1\n|\n|t:|1701156377\n|switch|p1a: Great Tusk|Great Tusk|100\/100\n|move|p2a: Clodsire|Earthquake|p1a: Great Tusk\n|-damage|p1a: Great Tusk|81\/100\n|\n|-heal|p1a: Great Tusk|87\/100|[from] item: Leftovers\n|upkeep\n|turn|2\n|\n|t:|1701156381\n|-end|p1a: Great Tusk|Protosynthesis|[silent]\n|switch|p1a: Glimmora|Glimmora, F|100\/100\n|switch|p2a: Clefable|Clefable, M|100\/100\n|\n|upkeep\n|turn|3\n|j| ucica\n|\n|t:|1701156384\n|switch|p2a: Clodsire|Clodsire, F|100\/100\n|move|p1a: Glimmora|Stealth Rock|p2a: Clodsire\n|-sidestart|p2: El Stefano|move: Stealth Rock\n|\n|upkeep\n|turn|4\n|\n|t:|1701156387\n|switch|p1a: Great Tusk|Great Tusk|87\/100\n|move|p2a: Clodsire|Poison Jab|p1a: Great Tusk\n|-resisted|p1a: Great Tusk\n|-damage|p1a: Great Tusk|79\/100\n|\n|-heal|p1a: Great Tusk|86\/100|[from] item: Leftovers\n|upkeep\n|turn|5\n|\n|t:|1701156392\n|switch|p2a: Clefable|Clefable, M|100\/100\n|move|p1a: Great Tusk|Earthquake|p2a: Clefable\n|-damage|p2a: Clefable|61\/100\n|\n|-heal|p1a: Great Tusk|92\/100|[from] item: Leftovers\n|-heal|p2a: Clefable|67\/100|[from] item: Leftovers\n|upkeep\n|turn|6\n|\n|t:|1701156415\n|-end|p1a: Great Tusk|Protosynthesis|[silent]\n|switch|p1a: Ogerpon|Ogerpon-Wellspring, F|100\/100\n|move|p2a: Clefable|Knock Off|p1a: Ogerpon\n|-damage|p1a: Ogerpon|86\/100\n|\n|-heal|p2a: Clefable|73\/100|[from] item: Leftovers\n|upkeep\n|turn|7\n|\n|t:|1701156419\n|switch|p2a: Chesnaught|Chesnaught, F|100\/100\n|move|p1a: Ogerpon|Swords Dance|p1a: Ogerpon\n|-boost|p1a: Ogerpon|atk|2\n|\n|upkeep\n|turn|8\n|\n|t:|1701156422\n|switch|p1a: Mite-de-fer|Iron Moth|100\/100\n|-enditem|p1a: Mite-de-fer|Booster Energy\n|-activate|p1a: Mite-de-fer|ability: Quark Drive|[fromitem]\n|-start|p1a: Mite-de-fer|quarkdrivespe\n|move|p2a: Chesnaught|Body Press|p1a: Mite-de-fer\n|-resisted|p1a: Mite-de-fer\n|-damage|p1a: Mite-de-fer|68\/100\n|\n|upkeep\n|turn|9\n|\n|t:|1701156426\n|-end|p1a: Mite-de-fer|Quark Drive|[silent]\n|switch|p1a: Great Tusk|Great Tusk|92\/100\n|switch|p2a: Slowking|Slowking, M, shiny|100\/100\n|\n|-heal|p1a: Great Tusk|98\/100|[from] item: Leftovers\n|upkeep\n|turn|10\n|\n|t:|1701156435\n|-end|p1a: Great Tusk|Protosynthesis|[silent]\n|switch|p1a: Ogerpon|Ogerpon-Wellspring, F|86\/100\n|move|p2a: Slowking|Protect||[still]\n|-fail|p2a: Slowking\n|\n|upkeep\n|turn|11\n|\n|t:|1701156440\n|switch|p2a: Chesnaught|Chesnaught, F|100\/100\n|move|p1a: Ogerpon|Ivy Cudgel|p2a: Chesnaught|[anim] Ivy Cudgel Water\n|-resisted|p2a: Chesnaught\n|-damage|p2a: Chesnaught|83\/100\n|\n|upkeep\n|turn|12\n|\n|t:|1701156447\n|switch|p1a: Mite-de-fer|Iron Moth|68\/100\n|move|p2a: Chesnaught|Body Press|p1a: Mite-de-fer\n|-resisted|p1a: Mite-de-fer\n|-damage|p1a: Mite-de-fer|34\/100\n|\n|upkeep\n|turn|13\n|j| azurecoralsea\n|\n|t:|1701156453\n|-end|p1a: Mite-de-fer|Quark Drive|[silent]\n|switch|p1a: Great Tusk|Great Tusk|98\/100\n|switch|p2a: Slowking|Slowking, M, shiny|100\/100\n|\n|-heal|p1a: Great Tusk|100\/100|[from] item: Leftovers\n|upkeep\n|turn|14\n|\n|t:|1701156458\n|-end|p1a: Great Tusk|Protosynthesis|[silent]\n|switch|p1a: Ogerpon|Ogerpon-Wellspring, F|86\/100\n|switch|p2a: Clefable|Clefable, M|73\/100\n|\n|-heal|p2a: Clefable|79\/100|[from] item: Leftovers\n|upkeep\n|turn|15\n|\n|t:|1701156464\n|move|p1a: Ogerpon|Ivy Cudgel|p2a: Clefable|[anim] Ivy Cudgel Water\n|-damage|p2a: Clefable|36\/100\n|move|p2a: Clefable|Moonblast|p1a: Ogerpon\n|-damage|p1a: Ogerpon|47\/100\n|\n|-heal|p2a: Clefable|42\/100|[from] item: Leftovers\n|upkeep\n|turn|16\n|\n|t:|1701156472\n|switch|p2a: Chesnaught|Chesnaught, F|83\/100\n|move|p1a: Ogerpon|Ivy Cudgel|p2a: Chesnaught|[anim] Ivy Cudgel Water\n|-resisted|p2a: Chesnaught\n|-damage|p2a: Chesnaught|67\/100\n|\n|upkeep\n|turn|17\n|\n|t:|1701156480\n|switch|p1a: Great Tusk|Great Tusk|100\/100\n|move|p2a: Chesnaught|Synthesis|p2a: Chesnaught\n|-heal|p2a: Chesnaught|100\/100\n|\n|upkeep\n|turn|18\n|\n|t:|1701156485\n|move|p1a: Great Tusk|Bulk Up|p1a: Great Tusk\n|-boost|p1a: Great Tusk|atk|1\n|-boost|p1a: Great Tusk|def|1\n|move|p2a: Chesnaught|Knock Off|p1a: Great Tusk\n|-resisted|p1a: Great Tusk\n|-damage|p1a: Great Tusk|95\/100\n|-enditem|p1a: Great Tusk|Leftovers|[from] move: Knock Off|[of] p2a: Chesnaught\n|\n|upkeep\n|turn|19\n|\n|t:|1701156492\n|-end|p1a: Great Tusk|Protosynthesis|[silent]\n|switch|p1a: Iron Valiant|Iron Valiant|100\/100\n|-enditem|p1a: Iron Valiant|Booster Energy\n|-activate|p1a: Iron Valiant|ability: Quark Drive|[fromitem]\n|-start|p1a: Iron Valiant|quarkdrivespe\n|switch|p2a: Talonflame|Talonflame, F|100\/100\n|\n|upkeep\n|turn|20\n|\n|t:|1701156499\n|switch|p2a: Clodsire|Clodsire, F|100\/100\n|move|p1a: Iron Valiant|Knock Off|p2a: Clodsire\n|-damage|p2a: Clodsire|67\/100\n|-enditem|p2a: Clodsire|Heavy-Duty Boots|[from] move: Knock Off|[of] p1a: Iron Valiant\n|\n|upkeep\n|turn|21\n|\n|t:|1701156505\n|-end|p1a: Iron Valiant|Quark Drive|[silent]\n|switch|p1a: Great Tusk|Great Tusk|95\/100\n|move|p2a: Clodsire|Recover|p2a: Clodsire\n|-heal|p2a: Clodsire|100\/100\n|\n|upkeep\n|turn|22\n|\n|t:|1701156513\n|-end|p1a: Great Tusk|Protosynthesis|[silent]\n|switch|p1a: Iron Valiant|Iron Valiant|100\/100\n|switch|p2a: Chesnaught|Chesnaught, F|100\/100\n|\n|upkeep\n|turn|23\n|\n|t:|1701156519\n|switch|p2a: Clodsire|Clodsire, F|100\/100\n|-damage|p2a: Clodsire|94\/100|[from] Stealth Rock\n|move|p1a: Iron Valiant|Knock Off|p2a: Clodsire\n|-damage|p2a: Clodsire|71\/100\n|\n|upkeep\n|turn|24\n|\n|t:|1701156525\n|-end|p1a: Iron Valiant|Quark Drive|[silent]\n|switch|p1a: Great Tusk|Great Tusk|95\/100\n|move|p2a: Clodsire|Poison Jab|p1a: Great Tusk\n|-resisted|p1a: Great Tusk\n|-damage|p1a: Great Tusk|88\/100\n|\n|upkeep\n|turn|25\n|\n|t:|1701156532\n|switch|p2a: Chesnaught|Chesnaught, F|100\/100\n|move|p1a: Great Tusk|Earthquake|p2a: Chesnaught\n|-resisted|p2a: Chesnaught\n|-damage|p2a: Chesnaught|86\/100\n|\n|upkeep\n|turn|26\n|\n|t:|1701156538\n|move|p1a: Great Tusk|Bulk Up|p1a: Great Tusk\n|-boost|p1a: Great Tusk|atk|1\n|-boost|p1a: Great Tusk|def|1\n|move|p2a: Chesnaught|Spikes|p1a: Great Tusk\n|-sidestart|p1: clelioushka|Spikes\n|\n|upkeep\n|turn|27\n|\n|t:|1701156543\n|switch|p2a: Talonflame|Talonflame, F|100\/100\n|move|p1a: Great Tusk|Rapid Spin|p2a: Talonflame\n|-damage|p2a: Talonflame|76\/100\n|-boost|p1a: Great Tusk|spe|1\n|-sideend|p1: clelioushka|Spikes|[from] move: Rapid Spin|[of] p1a: Great Tusk\n|\n|upkeep\n|turn|28\n|\n|t:|1701156549\n|move|p1a: Great Tusk|Bulk Up|p1a: Great Tusk\n|-boost|p1a: Great Tusk|atk|1\n|-boost|p1a: Great Tusk|def|1\n|move|p2a: Talonflame|Will-O-Wisp|p1a: Great Tusk\n|-status|p1a: Great Tusk|brn\n|\n|-damage|p1a: Great Tusk|82\/100 brn|[from] brn\n|upkeep\n|turn|29\n|\n|t:|1701156558\n|-end|p1a: Great Tusk|Protosynthesis|[silent]\n|switch|p1a: Iron Valiant|Iron Valiant|100\/100\n|move|p2a: Talonflame|Defog|p1a: Iron Valiant\n|-unboost|p1a: Iron Valiant|evasion|1\n|-sideend|p2: El Stefano|Stealth Rock|[from] move: Defog|[of] p2a: Talonflame\n|\n|upkeep\n|turn|30\n|\n|t:|1701156563\n|switch|p2a: Clodsire|Clodsire, F|71\/100\n|move|p1a: Iron Valiant|Knock Off|p2a: Clodsire\n|-damage|p2a: Clodsire|47\/100\n|\n|upkeep\n|turn|31\n|\n|t:|1701156568\n|-end|p1a: Iron Valiant|Quark Drive|[silent]\n|switch|p1a: Glimmora|Glimmora, F|100\/100\n|move|p2a: Clodsire|Recover|p2a: Clodsire\n|-heal|p2a: Clodsire|97\/100\n|\n|upkeep\n|turn|32\n|\n|t:|1701156571\n|move|p1a: Glimmora|Stealth Rock|p2a: Clodsire\n|-sidestart|p2: El Stefano|move: Stealth Rock\n|move|p2a: Clodsire|Earthquake|p1a: Glimmora\n|-supereffective|p1a: Glimmora\n|-enditem|p1a: Glimmora|Focus Sash\n|-damage|p1a: Glimmora|1\/100\n|-activate|p1a: Glimmora|ability: Toxic Debris\n|-sidestart|p2: El Stefano|move: Toxic Spikes\n|\n|upkeep\n|turn|33\n|\n|t:|1701156576\n|switch|p1a: Great Tusk|Great Tusk|82\/100 brn\n|switch|p2a: Clefable|Clefable, M|42\/100\n|-status|p2a: Clefable|psn\n|\n|-heal|p2a: Clefable|48\/100 psn|[from] item: Leftovers\n|-damage|p1a: Great Tusk|76\/100 brn|[from] brn\n|upkeep\n|turn|34\n|\n|t:|1701156598\n|move|p1a: Great Tusk|Bulk Up|p1a: Great Tusk\n|-boost|p1a: Great Tusk|atk|1\n|-boost|p1a: Great Tusk|def|1\n|move|p2a: Clefable|Moonlight|p2a: Clefable\n|-heal|p2a: Clefable|98\/100 psn\n|\n|-heal|p2a: Clefable|100\/100 psn|[from] item: Leftovers\n|-damage|p1a: Great Tusk|70\/100 brn|[from] brn\n|upkeep\n|turn|35\n|\n|t:|1701156607\n|-end|p1a: Great Tusk|Protosynthesis|[silent]\n|switch|p1a: Malvalam|Ceruledge, F|100\/100\n|move|p2a: Clefable|Moonblast|p1a: Malvalam\n|-resisted|p1a: Malvalam\n|-damage|p1a: Malvalam|83\/100\n|-unboost|p1a: Malvalam|spa|1\n|\n|upkeep\n|turn|36\n|\n|t:|1701156615\n|move|p1a: Malvalam|Bitter Blade|p2a: Clefable\n|-damage|p2a: Clefable|66\/100 psn\n|-heal|p1a: Malvalam|100\/100|[from] drain|[of] p2a: Clefable\n|move|p2a: Clefable|Knock Off|p1a: Malvalam\n|-supereffective|p1a: Malvalam\n|-crit|p1a: Malvalam\n|-damage|p1a: Malvalam|35\/100\n|-ability|p1a: Malvalam|Weak Armor|boost\n|-unboost|p1a: Malvalam|def|1\n|-boost|p1a: Malvalam|spe|2\n|-enditem|p1a: Malvalam|Focus Sash|[from] move: Knock Off|[of] p2a: Clefable\n|\n|-heal|p2a: Clefable|72\/100 psn|[from] item: Leftovers\n|upkeep\n|turn|37\n|j| cal\n|j| Roadies\n|\n|t:|1701156632\n|switch|p2a: Dondozo|Dondozo, M|100\/100\n|move|p1a: Malvalam|Poltergeist|p2a: Dondozo\n|-activate|p2a: Dondozo|move: Poltergeist|Heavy-Duty Boots\n|-damage|p2a: Dondozo|74\/100\n|\n|upkeep\n|turn|38\n|\n|t:|1701156639\n|switch|p1a: Iron Valiant|Iron Valiant|100\/100\n|move|p2a: Dondozo|Waterfall|p1a: Iron Valiant\n|-damage|p1a: Iron Valiant|64\/100\n|\n|upkeep\n|turn|39\n|\n|t:|1701156642\n|switch|p2a: Clodsire|Clodsire, F|97\/100\n|-damage|p2a: Clodsire|91\/100|[from] Stealth Rock\n|-sideend|p2: El Stefano|move: Toxic Spikes|[of] p2a: Clodsire\n|move|p1a: Iron Valiant|Knock Off|p2a: Clodsire\n|-damage|p2a: Clodsire|68\/100\n|\n|upkeep\n|turn|40\n|\n|t:|1701156648\n|-end|p1a: Iron Valiant|Quark Drive|[silent]\n|switch|p1a: Great Tusk|Great Tusk|70\/100 brn\n|move|p2a: Clodsire|Poison Jab|p1a: Great Tusk\n|-resisted|p1a: Great Tusk\n|-damage|p1a: Great Tusk|62\/100 brn\n|\n|-damage|p1a: Great Tusk|55\/100 brn|[from] brn\n|upkeep\n|turn|41\n|\n|t:|1701156656\n|-end|p1a: Great Tusk|Protosynthesis|[silent]\n|switch|p1a: Malvalam|Ceruledge, F|35\/100\n|switch|p2a: Clefable|Clefable, M|72\/100 psn\n|\n|-heal|p2a: Clefable|78\/100 psn|[from] item: Leftovers\n|upkeep\n|turn|42\n|\n|t:|1701156661\n|move|p1a: Malvalam|Bitter Blade|p2a: Clefable\n|-damage|p2a: Clefable|40\/100 psn\n|-heal|p1a: Malvalam|60\/100|[from] drain|[of] p2a: Clefable\n|move|p2a: Clefable|Moonlight|p2a: Clefable\n|-heal|p2a: Clefable|90\/100 psn\n|\n|-heal|p2a: Clefable|96\/100 psn|[from] item: Leftovers\n|upkeep\n|turn|43\n|\n|t:|1701156668\n|switch|p2a: Dondozo|Dondozo, M|74\/100\n|move|p1a: Malvalam|Bitter Blade|p2a: Dondozo\n|-resisted|p2a: Dondozo\n|-damage|p2a: Dondozo|64\/100\n|-heal|p1a: Malvalam|69\/100|[from] drain|[of] p2a: Dondozo\n|\n|upkeep\n|turn|44\n|\n|t:|1701156673\n|switch|p1a: Iron Valiant|Iron Valiant|64\/100\n|move|p2a: Dondozo|Waterfall|p1a: Iron Valiant\n|-damage|p1a: Iron Valiant|28\/100\n|\n|upkeep\n|turn|45\n|\n|t:|1701156681\n|switch|p2a: Clodsire|Clodsire, F|68\/100\n|-damage|p2a: Clodsire|62\/100|[from] Stealth Rock\n|move|p1a: Iron Valiant|Close Combat|p2a: Clodsire\n|-resisted|p2a: Clodsire\n|-damage|p2a: Clodsire|30\/100\n|-unboost|p1a: Iron Valiant|def|1\n|-unboost|p1a: Iron Valiant|spd|1\n|\n|upkeep\n|turn|46\n|j| BB20\n|\n|t:|1701156693\n|switch|p2a: Talonflame|Talonflame, F|76\/100\n|move|p1a: Iron Valiant|Close Combat|p2a: Talonflame\n|-resisted|p2a: Talonflame\n|-damage|p2a: Talonflame|50\/100\n|-unboost|p1a: Iron Valiant|def|1\n|-unboost|p1a: Iron Valiant|spd|1\n|-status|p1a: Iron Valiant|brn|[from] ability: Flame Body|[of] p2a: Talonflame\n|\n|-damage|p1a: Iron Valiant|22\/100 brn|[from] brn\n|upkeep\n|turn|47\n|\n|t:|1701156708\n|move|p1a: Iron Valiant|Knock Off|p2a: Talonflame\n|-damage|p2a: Talonflame|37\/100\n|-enditem|p2a: Talonflame|Heavy-Duty Boots|[from] move: Knock Off|[of] p1a: Iron Valiant\n|move|p2a: Talonflame|Roost|p2a: Talonflame\n|-heal|p2a: Talonflame|87\/100\n|-singleturn|p2a: Talonflame|move: Roost\n|\n|-damage|p1a: Iron Valiant|16\/100 brn|[from] brn\n|upkeep\n|turn|48\n|\n|t:|1701156715\n|-end|p1a: Iron Valiant|Quark Drive|[silent]\n|switch|p1a: Malvalam|Ceruledge, F|69\/100\n|move|p2a: Talonflame|Defog|p1a: Malvalam\n|-unboost|p1a: Malvalam|evasion|1\n|-sideend|p2: El Stefano|Stealth Rock|[from] move: Defog|[of] p2a: Talonflame\n|\n|upkeep\n|turn|49\n|\n|t:|1701156735\n|move|p1a: Malvalam|Poltergeist||[still]\n|-fail|p1a: Malvalam\n|move|p2a: Talonflame|Roost|p2a: Talonflame\n|-heal|p2a: Talonflame|100\/100\n|-singleturn|p2a: Talonflame|move: Roost\n|\n|upkeep\n|turn|50\n|\n|t:|1701156740\n|move|p1a: Malvalam|Bitter Blade|p2a: Talonflame\n|-resisted|p2a: Talonflame\n|-damage|p2a: Talonflame|81\/100\n|-heal|p1a: Malvalam|81\/100|[from] drain|[of] p2a: Talonflame\n|move|p2a: Talonflame|Flamethrower|p1a: Malvalam\n|-resisted|p1a: Malvalam\n|-damage|p1a: Malvalam|68\/100\n|\n|upkeep\n|turn|51\n|\n|t:|1701156744\n|move|p1a: Malvalam|Bitter Blade|p2a: Talonflame\n|-resisted|p2a: Talonflame\n|-damage|p2a: Talonflame|60\/100\n|-heal|p1a: Malvalam|81\/100|[from] drain|[of] p2a: Talonflame\n|move|p2a: Talonflame|Flamethrower|p1a: Malvalam\n|-resisted|p1a: Malvalam\n|-damage|p1a: Malvalam|70\/100\n|\n|upkeep\n|turn|52\n|\n|t:|1701156747\n|move|p1a: Malvalam|Swords Dance|p1a: Malvalam\n|-boost|p1a: Malvalam|atk|2\n|move|p2a: Talonflame|Flamethrower|p1a: Malvalam\n|-resisted|p1a: Malvalam\n|-damage|p1a: Malvalam|57\/100\n|\n|upkeep\n|turn|53\n|\n|t:|1701156752\n|switch|p1a: Glimmora|Glimmora, F|1\/100\n|move|p2a: Talonflame|Roost|p2a: Talonflame\n|-heal|p2a: Talonflame|100\/100\n|-singleturn|p2a: Talonflame|move: Roost\n|\n|upkeep\n|turn|54\n|\n|t:|1701156756\n|switch|p1a: Malvalam|Ceruledge, F|57\/100\n|move|p2a: Talonflame|Flamethrower|p1a: Malvalam\n|-resisted|p1a: Malvalam\n|-damage|p1a: Malvalam|43\/100\n|\n|upkeep\n|turn|55\n|\n|t:|1701156759\n|switch|p2a: Dondozo|Dondozo, M|64\/100\n|move|p1a: Malvalam|Bitter Blade|p2a: Dondozo\n|-resisted|p2a: Dondozo\n|-damage|p2a: Dondozo|55\/100\n|-heal|p1a: Malvalam|52\/100|[from] drain|[of] p2a: Dondozo\n|\n|upkeep\n|turn|56\n|\n|t:|1701156765\n|switch|p1a: Ogerpon|Ogerpon-Wellspring, F|47\/100\n|move|p2a: Dondozo|Rest|p2a: Dondozo\n|-status|p2a: Dondozo|slp|[from] move: Rest\n|-heal|p2a: Dondozo|100\/100 slp|[silent]\n|\n|upkeep\n|turn|57\n|\n|t:|1701156769\n|switch|p1a: Glimmora|Glimmora, F|1\/100\n|switch|p2a: Chesnaught|Chesnaught, F|86\/100\n|\n|upkeep\n|turn|58\n|\n|t:|1701156777\n|move|p1a: Glimmora|Stealth Rock|p2a: Chesnaught\n|-sidestart|p2: El Stefano|move: Stealth Rock\n|move|p2a: Chesnaught|Knock Off|p1a: Glimmora\n|-damage|p1a: Glimmora|0 fnt\n|-activate|p1a: Glimmora|ability: Toxic Debris\n|-sidestart|p2: El Stefano|move: Toxic Spikes\n|faint|p1a: Glimmora\n|\n|upkeep\n|\n|t:|1701156795\n|switch|p1a: Mite-de-fer|Iron Moth|34\/100\n|turn|59\n|\n|t:|1701156799\n|switch|p2a: Slowking|Slowking, M, shiny|100\/100\n|move|p1a: Mite-de-fer|Fiery Dance|p2a: Slowking\n|-resisted|p2a: Slowking\n|-damage|p2a: Slowking|89\/100\n|\n|upkeep\n|turn|60\n|\n|t:|1701156805\n|-end|p1a: Mite-de-fer|Quark Drive|[silent]\n|switch|p1a: Ogerpon|Ogerpon-Wellspring, F|47\/100\n|move|p2a: Slowking|Earthquake|p1a: Ogerpon\n|-resisted|p1a: Ogerpon\n|-damage|p1a: Ogerpon|36\/100\n|\n|upkeep\n|turn|61\n|\n|t:|1701156809\n|switch|p2a: Chesnaught|Chesnaught, F|86\/100\n|move|p1a: Ogerpon|Trailblaze|p2a: Chesnaught\n|-resisted|p2a: Chesnaught\n|-damage|p2a: Chesnaught|78\/100\n|-boost|p1a: Ogerpon|spe|1\n|\n|upkeep\n|turn|62\n|\n|t:|1701156819\n|switch|p1a: Great Tusk|Great Tusk|55\/100 brn\n|move|p2a: Chesnaught|Spikes|p1a: Great Tusk\n|-sidestart|p1: clelioushka|Spikes\n|\n|-damage|p1a: Great Tusk|49\/100 brn|[from] brn\n|upkeep\n|turn|63\n|\n|t:|1701156826\n|switch|p2a: Talonflame|Talonflame, F|100\/100\n|-damage|p2a: Talonflame|50\/100|[from] Stealth Rock\n|move|p1a: Great Tusk|Rapid Spin|p2a: Talonflame\n|-damage|p2a: Talonflame|43\/100\n|-boost|p1a: Great Tusk|spe|1\n|-sideend|p1: clelioushka|Spikes|[from] move: Rapid Spin|[of] p1a: Great Tusk\n|\n|-damage|p1a: Great Tusk|43\/100 brn|[from] brn\n|upkeep\n|turn|64\n|\n|t:|1701156833\n|move|p1a: Great Tusk|Ice Spinner|p2a: Talonflame\n|-damage|p2a: Talonflame|32\/100\n|move|p2a: Talonflame|Defog|p1a: Great Tusk\n|-unboost|p1a: Great Tusk|evasion|1\n|-sideend|p2: El Stefano|Toxic Spikes|[from] move: Defog|[of] p2a: Talonflame\n|-sideend|p2: El Stefano|Stealth Rock|[from] move: Defog|[of] p2a: Talonflame\n|\n|-damage|p1a: Great Tusk|37\/100 brn|[from] brn\n|upkeep\n|turn|65\n|\n|t:|1701156838\n|move|p1a: Great Tusk|Ice Spinner|p2a: Talonflame\n|-damage|p2a: Talonflame|20\/100\n|move|p2a: Talonflame|Roost|p2a: Talonflame\n|-heal|p2a: Talonflame|70\/100\n|-singleturn|p2a: Talonflame|move: Roost\n|\n|-damage|p1a: Great Tusk|31\/100 brn|[from] brn\n|upkeep\n|turn|66\n|-message|clelioushka forfeited.\n|\n|win|El Stefano\n|raw|clelioushka's rating: 1732 &rarr; <strong>1716<\/strong><br \/>(-16 for losing)\n|raw|El Stefano's rating: 1800 &rarr; <strong>1816<\/strong><br \/>(+16 for winning)\n|l|\u2606clelioushka\n","uploadtime":1701156849,"views":8,"p1id":"clelioushka","p2id":"elstefano","formatid":"gen9ou","rating":1716,"private":0,"password":""}