{"id":"gen9ou-1999602295","p1":"qways","p2":"Home is wild","format":"[Gen 9] OU","log":"|j|\u2606qways\n|j|\u2606Home is wild\n|t:|1701100208\n|gametype|singles\n|player|p1|qways|265|1775\n|player|p2|Home is wild|266|1814\n|teamsize|p1|6\n|teamsize|p2|6\n|gen|9\n|tier|[Gen 9] OU\n|rated|\n|rule|Sleep Clause Mod: Limit one foe put to sleep\n|rule|Species Clause: Limit one of each Pok\u00e9mon\n|rule|OHKO Clause: OHKO moves are banned\n|rule|Evasion Items Clause: Evasion items are banned\n|rule|Evasion Moves Clause: Evasion moves are banned\n|rule|Endless Battle Clause: Forcing endless battles is banned\n|rule|HP Percentage Mod: HP is shown in percentages\n|clearpoke\n|poke|p1|Rillaboom, F|\n|poke|p1|Garganacl, F|\n|poke|p1|Great Tusk|\n|poke|p1|Heatran, F|\n|poke|p1|Zapdos|\n|poke|p1|Walking Wake|\n|poke|p2|Cinderace, M|\n|poke|p2|Muk-Alola, M|\n|poke|p2|Dondozo, F|\n|poke|p2|Landorus-Therian, M|\n|poke|p2|Zamazenta-*|\n|poke|p2|Clefable, F|\n|teampreview\n|j| nineelevenmax\n|j| 0SiegeWarfare\n|inactive|Battle timer is ON: inactive players will automatically lose when time's up. (requested by Home is wild)\n|\n|t:|1701100225\n|start\n|switch|p1a: Tupac|Great Tusk|100\/100\n|switch|p2a: Muk|Muk-Alola, M|100\/100\n|turn|1\n|\n|t:|1701100242\n|switch|p2a: Landorus|Landorus-Therian, M|100\/100\n|-ability|p2a: Landorus|Intimidate|boost\n|-unboost|p1a: Tupac|atk|1\n|move|p1a: Tupac|Headlong Rush|p2a: Landorus\n|-immune|p2a: Landorus\n|\n|upkeep\n|turn|2\n|\n|t:|1701100257\n|move|p1a: Tupac|Ice Spinner|p2a: Landorus\n|-supereffective|p2a: Landorus\n|-damage|p2a: Landorus|52\/100\n|-damage|p1a: Tupac|84\/100|[from] item: Rocky Helmet|[of] p2a: Landorus\n|move|p2a: Landorus|Stealth Rock|p1a: Tupac\n|-sidestart|p1: qways|move: Stealth Rock\n|\n|-heal|p1a: Tupac|90\/100|[from] item: Leftovers\n|upkeep\n|turn|3\n|\n|t:|1701100267\n|-end|p1a: Tupac|Protosynthesis|[silent]\n|switch|p1a: Deal wit It|Zapdos|100\/100\n|move|p2a: Landorus|Grass Knot|p1a: Deal wit It\n|-resisted|p1a: Deal wit It\n|-damage|p1a: Deal wit It|92\/100\n|\n|upkeep\n|turn|4\n|\n|t:|1701100273\n|switch|p2a: Muk|Muk-Alola, M|100\/100\n|move|p1a: Deal wit It|Hurricane|p2a: Muk\n|-damage|p2a: Muk|73\/100\n|\n|-heal|p2a: Muk|79\/100|[from] item: Leftovers\n|upkeep\n|turn|5\n|\n|t:|1701100280\n|move|p2a: Muk|Protect|p2a: Muk\n|-singleturn|p2a: Muk|Protect\n|move|p1a: Deal wit It|Volt Switch|p2a: Muk\n|-activate|p2a: Muk|move: Protect\n|\n|-heal|p2a: Muk|85\/100|[from] item: Leftovers\n|upkeep\n|turn|6\n|\n|t:|1701100285\n|move|p1a: Deal wit It|Volt Switch|p2a: Muk\n|-damage|p2a: Muk|66\/100\n|\n|t:|1701100289\n|switch|p1a: Carpet Burn|Heatran, F|100\/100|[from] Volt Switch\n|-damage|p1a: Carpet Burn|88\/100|[from] Stealth Rock\n|move|p2a: Muk|Knock Off|p1a: Carpet Burn\n|-damage|p1a: Carpet Burn|59\/100\n|-enditem|p1a: Carpet Burn|Leftovers|[from] move: Knock Off|[of] p2a: Muk\n|\n|-heal|p2a: Muk|72\/100|[from] item: Leftovers\n|upkeep\n|turn|7\n|j| iebejejeh\n|\n|t:|1701100298\n|switch|p2a: Dondozo|Dondozo, F|100\/100\n|move|p1a: Carpet Burn|Stealth Rock|p2a: Dondozo\n|-sidestart|p2: Home is wild|move: Stealth Rock\n|\n|upkeep\n|turn|8\n|j| xxCOALLAxx\n|\n|t:|1701100305\n|switch|p1a: Deal wit It|Zapdos|92\/100\n|move|p2a: Dondozo|Liquidation|p1a: Deal wit It\n|-damage|p1a: Deal wit It|66\/100\n|\n|upkeep\n|turn|9\n|\n|t:|1701100316\n|switch|p2a: Clefable|Clefable, F|100\/100\n|move|p1a: Deal wit It|Volt Switch|p2a: Clefable\n|-damage|p2a: Clefable|75\/100\n|\n|t:|1701100328\n|switch|p1a: Baby Sitter|Rillaboom, F|100\/100|[from] Volt Switch\n|-damage|p1a: Baby Sitter|88\/100|[from] Stealth Rock\n|-fieldstart|move: Grassy Terrain|[from] ability: Grassy Surge|[of] p1a: Baby Sitter\n|\n|-heal|p1a: Baby Sitter|94\/100|[from] Grassy Terrain\n|-heal|p2a: Clefable|81\/100|[from] Grassy Terrain\n|upkeep\n|turn|10\n|\n|t:|1701100335\n|-terastallize|p1a: Baby Sitter|Grass\n|move|p2a: Clefable|Protect|p2a: Clefable\n|-singleturn|p2a: Clefable|Protect\n|move|p1a: Baby Sitter|Wood Hammer|p2a: Clefable\n|-activate|p2a: Clefable|move: Protect\n|\n|-heal|p1a: Baby Sitter|100\/100|[from] Grassy Terrain\n|-heal|p2a: Clefable|87\/100|[from] Grassy Terrain\n|upkeep\n|turn|11\n|\n|t:|1701100338\n|switch|p2a: Landorus|Landorus-Therian, M|52\/100\n|-damage|p2a: Landorus|40\/100|[from] Stealth Rock\n|-ability|p2a: Landorus|Intimidate|boost\n|-unboost|p1a: Baby Sitter|atk|1\n|move|p1a: Baby Sitter|Wood Hammer|p2a: Landorus\n|-damage|p2a: Landorus|0 fnt\n|-damage|p1a: Baby Sitter|84\/100|[from] item: Rocky Helmet|[of] p2a: Landorus\n|faint|p2a: Landorus\n|-damage|p1a: Baby Sitter|69\/100|[from] Recoil\n|\n|-heal|p1a: Baby Sitter|75\/100|[from] Grassy Terrain\n|upkeep\n|\n|t:|1701100345\n|switch|p2a: Cinderace|Cinderace, M|100\/100\n|turn|12\n|\n|t:|1701100350\n|switch|p1a: Goin Baby|Garganacl, F|100\/100\n|-damage|p1a: Goin Baby|88\/100|[from] Stealth Rock\n|move|p2a: Cinderace|U-turn|p1a: Goin Baby\n|-damage|p1a: Goin Baby|76\/100\n|\n|t:|1701100352\n|switch|p2a: Clefable|Clefable, F|87\/100|[from] U-turn\n|\n|-heal|p2a: Clefable|93\/100|[from] Grassy Terrain\n|-heal|p1a: Goin Baby|82\/100|[from] Grassy Terrain\n|-heal|p1a: Goin Baby|88\/100|[from] item: Leftovers\n|upkeep\n|turn|13\n|\n|t:|1701100359\n|switch|p1a: Carpet Burn|Heatran, F|59\/100\n|-damage|p1a: Carpet Burn|47\/100|[from] Stealth Rock\n|move|p2a: Clefable|Knock Off|p1a: Carpet Burn\n|-damage|p1a: Carpet Burn|37\/100\n|-status|p2a: Clefable|brn|[from] ability: Flame Body|[of] p1a: Carpet Burn\n|\n|-heal|p1a: Carpet Burn|43\/100|[from] Grassy Terrain\n|-heal|p2a: Clefable|99\/100 brn|[from] Grassy Terrain\n|-fieldend|move: Grassy Terrain\n|upkeep\n|turn|14\n|\n|t:|1701100365\n|switch|p2a: Cinderace|Cinderace, M|100\/100\n|move|p1a: Carpet Burn|Magma Storm|p2a: Cinderace|[miss]\n|-miss|p1a: Carpet Burn|p2a: Cinderace\n|\n|upkeep\n|turn|15\n|\n|t:|1701100369\n|move|p2a: Cinderace|Pyro Ball|p1a: Carpet Burn\n|-damage|p1a: Carpet Burn|4\/100\n|move|p1a: Carpet Burn|Earth Power|p2a: Cinderace\n|-supereffective|p2a: Cinderace\n|-damage|p2a: Cinderace|41\/100\n|\n|upkeep\n|turn|16\n|\n|t:|1701100375\n|move|p2a: Cinderace|Pyro Ball|p1a: Carpet Burn\n|-damage|p1a: Carpet Burn|0 fnt\n|faint|p1a: Carpet Burn\n|\n|upkeep\n|\n|t:|1701100377\n|switch|p1a: Baby Sitter|Rillaboom, F, tera:Grass|75\/100\n|-damage|p1a: Baby Sitter|63\/100|[from] Stealth Rock\n|-fieldstart|move: Grassy Terrain|[from] ability: Grassy Surge|[of] p1a: Baby Sitter\n|turn|17\n|\n|t:|1701100384\n|move|p1a: Baby Sitter|Grassy Glide|p2a: Cinderace\n|-resisted|p2a: Cinderace\n|-damage|p2a: Cinderace|0 fnt\n|faint|p2a: Cinderace\n|\n|-heal|p1a: Baby Sitter|69\/100|[from] Grassy Terrain\n|upkeep\n|\n|t:|1701100387\n|switch|p2a: Zamazenta|Zamazenta|100\/100\n|-damage|p2a: Zamazenta|94\/100|[from] Stealth Rock\n|-ability|p2a: Zamazenta|Dauntless Shield|boost\n|-boost|p2a: Zamazenta|def|1\n|turn|18\n|\n|t:|1701100395\n|switch|p1a: Deal wit It|Zapdos|66\/100\n|move|p2a: Zamazenta|Iron Defense|p2a: Zamazenta\n|-boost|p2a: Zamazenta|def|2\n|\n|-heal|p2a: Zamazenta|100\/100|[from] Grassy Terrain\n|upkeep\n|turn|19\n|\n|t:|1701100399\n|-terastallize|p2a: Zamazenta|Electric\n|move|p2a: Zamazenta|Substitute|p2a: Zamazenta\n|-start|p2a: Zamazenta|Substitute\n|-damage|p2a: Zamazenta|75\/100\n|move|p1a: Deal wit It|Thunder Wave||[still]\n|-fail|p1a: Deal wit It\n|\n|-heal|p2a: Zamazenta|82\/100|[from] Grassy Terrain\n|-heal|p2a: Zamazenta|88\/100|[from] item: Leftovers\n|upkeep\n|turn|20\n|\n|t:|1701100404\n|move|p2a: Zamazenta|Iron Defense|p2a: Zamazenta\n|-boost|p2a: Zamazenta|def|2\n|move|p1a: Deal wit It|Hurricane|p2a: Zamazenta\n|-resisted|p2a: Zamazenta\n|-activate|p2a: Zamazenta|move: Substitute|[damage]\n|\n|-heal|p2a: Zamazenta|94\/100|[from] Grassy Terrain\n|-heal|p2a: Zamazenta|99\/100|[from] item: Leftovers\n|upkeep\n|turn|21\n|\n|t:|1701100408\n|move|p2a: Zamazenta|Iron Defense|p2a: Zamazenta\n|-boost|p2a: Zamazenta|def|1\n|move|p1a: Deal wit It|Volt Switch|p2a: Zamazenta\n|-resisted|p2a: Zamazenta\n|-end|p2a: Zamazenta|Substitute\n|j| Zachanas\n|\n|t:|1701100415\n|switch|p1a: Tupac|Great Tusk|90\/100|[from] Volt Switch\n|-damage|p1a: Tupac|87\/100|[from] Stealth Rock\n|\n|-heal|p2a: Zamazenta|100\/100|[from] Grassy Terrain\n|-heal|p1a: Tupac|93\/100|[from] Grassy Terrain\n|-heal|p1a: Tupac|99\/100|[from] item: Leftovers\n|-fieldend|move: Grassy Terrain\n|upkeep\n|turn|22\n|\n|t:|1701100420\n|move|p2a: Zamazenta|Substitute|p2a: Zamazenta\n|-start|p2a: Zamazenta|Substitute\n|-damage|p2a: Zamazenta|75\/100\n|move|p1a: Tupac|Headlong Rush|p2a: Zamazenta\n|-supereffective|p2a: Zamazenta\n|-activate|p2a: Zamazenta|move: Substitute|[damage]\n|-unboost|p1a: Tupac|def|1\n|-unboost|p1a: Tupac|spd|1\n|\n|-heal|p2a: Zamazenta|82\/100|[from] item: Leftovers\n|-heal|p1a: Tupac|100\/100|[from] item: Leftovers\n|upkeep\n|turn|23\n|-message|qways forfeited.\n|\n|win|Home is wild\n|raw|qways's rating: 1775 &rarr; <strong>1757<\/strong><br \/>(-18 for losing)\n|raw|Home is wild's rating: 1814 &rarr; <strong>1832<\/strong><br \/>(+18 for winning)\n|l|\u2606qways\n|c| xxCOALLAxx|Zama is a monster...my lord\n|l| Zachanas\n|c| xxCOALLAxx|electric is awesome\n|c|\u2606Home is wild|Absolute tera moment\n|c| xxCOALLAxx|no doubt lol\n|c| xxCOALLAxx|is that similar to Yuwan Dysnut's pre DLC team?\n|c| xxCOALLAxx|clef over scream tail?\n|l|\u2606Home is wild\n","uploadtime":1701100537,"views":4,"p1id":"qways","p2id":"homeiswild","formatid":"gen9ou","rating":1757,"private":0,"password":""}