{"id":"gen9ou-1991654569","p1":"Blurred Ace","p2":"spiderkitty410","format":"[Gen 9] OU","log":"|j|\u2606Blurred Ace\n|j|\u2606spiderkitty410\n|t:|1700098948\n|gametype|singles\n|player|p1|Blurred Ace|gambler|1413\n|player|p2|spiderkitty410|brendan|1396\n|teamsize|p1|6\n|teamsize|p2|6\n|gen|9\n|tier|[Gen 9] OU\n|rated|\n|rule|Sleep Clause Mod: Limit one foe put to sleep\n|rule|Species Clause: Limit one of each Pok\u00e9mon\n|rule|OHKO Clause: OHKO moves are banned\n|rule|Evasion Items Clause: Evasion items are banned\n|rule|Evasion Moves Clause: Evasion moves are banned\n|rule|Endless Battle Clause: Forcing endless battles is banned\n|rule|HP Percentage Mod: HP is shown in percentages\n|clearpoke\n|poke|p1|Dragapult, M|\n|poke|p1|Scizor, M|\n|poke|p1|Samurott-Hisui, M|\n|poke|p1|Garchomp, M|\n|poke|p1|Great Tusk|\n|poke|p1|Slowking, M|\n|poke|p2|Maushold-Four|\n|poke|p2|Ninetales-Alola, F|\n|poke|p2|Tornadus-Therian, M|\n|poke|p2|Dragonite, F|\n|poke|p2|Moltres-Galar|\n|poke|p2|Dragapult, M|\n|teampreview\n|\n|t:|1700098956\n|start\n|switch|p1a: Scizor|Scizor, M|100\/100\n|switch|p2a: Ninetales|Ninetales-Alola, F|100\/100\n|-weather|Snow|[from] ability: Snow Warning|[of] p2a: Ninetales\n|turn|1\n|\n|t:|1700098964\n|switch|p2a: Tornadus|Tornadus-Therian, M|100\/100\n|move|p1a: Scizor|Bullet Punch|p2a: Tornadus\n|-damage|p2a: Tornadus|24\/100\n|\n|-weather|Snow|[upkeep]\n|upkeep\n|turn|2\n|\n|t:|1700098967\n|move|p1a: Scizor|Bullet Punch|p2a: Tornadus\n|-damage|p2a: Tornadus|0 fnt\n|faint|p2a: Tornadus\n|\n|-weather|Snow|[upkeep]\n|upkeep\n|c|\u2606spiderkitty410|mb i didnt see sneasler\n|\n|t:|1700099002\n|switch|p2a: Dragapult|Dragapult, M|100\/100\n|turn|3\n|\n|t:|1700099012\n|switch|p1a: Slowking|Slowking, M|100\/100\n|move|p2a: Dragapult|Will-O-Wisp|p1a: Slowking\n|-status|p1a: Slowking|brn\n|\n|-weather|Snow|[upkeep]\n|-damage|p1a: Slowking|94\/100 brn|[from] brn\n|upkeep\n|turn|4\n|\n|t:|1700099066\n|switch|p1a: Samurott|Samurott-Hisui, M|100\/100\n|move|p2a: Dragapult|Hex|p1a: Samurott\n|-resisted|p1a: Samurott\n|-damage|p1a: Samurott|79\/100\n|\n|-weather|Snow|[upkeep]\n|upkeep\n|turn|5\n|\n|t:|1700099073\n|move|p2a: Dragapult|Will-O-Wisp|p1a: Samurott\n|-status|p1a: Samurott|brn\n|move|p1a: Samurott|Ceaseless Edge|p2a: Dragapult\n|-supereffective|p2a: Dragapult\n|-damage|p2a: Dragapult|30\/100\n|-sidestart|p2: spiderkitty410|Spikes\n|\n|-weather|none\n|-damage|p1a: Samurott|73\/100 brn|[from] brn\n|upkeep\n|turn|6\n|\n|t:|1700099081\n|move|p2a: Dragapult|Dragon Darts|p1a: Samurott\n|-damage|p1a: Samurott|45\/100 brn\n|-anim|p2a: Dragapult|Dragon Darts|p1a: Samurott\n|-damage|p1a: Samurott|19\/100 brn\n|move|p1a: Samurott|Ceaseless Edge|p2a: Dragapult\n|-supereffective|p2a: Dragapult\n|-damage|p2a: Dragapult|0 fnt\n|-sidestart|p2: spiderkitty410|Spikes\n|faint|p2a: Dragapult\n|\n|-damage|p1a: Samurott|13\/100 brn|[from] brn\n|upkeep\n|\n|t:|1700099088\n|switch|p2a: Maushold|Maushold-Four|100\/100\n|-damage|p2a: Maushold|84\/100|[from] Spikes\n|turn|7\n|\n|t:|1700099092\n|move|p2a: Maushold|Tidy Up|p2a: Maushold\n|-sideend|p2: spiderkitty410|Spikes\n|-activate|p2a: Maushold|move: Tidy Up\n|-boost|p2a: Maushold|atk|1\n|-boost|p2a: Maushold|spe|1\n|move|p1a: Samurott|Knock Off|p2a: Maushold\n|-damage|p2a: Maushold|51\/100\n|-enditem|p2a: Maushold|Wide Lens|[from] move: Knock Off|[of] p1a: Samurott\n|\n|-damage|p1a: Samurott|6\/100 brn|[from] brn\n|upkeep\n|turn|8\n|\n|t:|1700099101\n|move|p1a: Samurott|Aqua Jet|p2a: Maushold\n|-damage|p2a: Maushold|36\/100\n|move|p2a: Maushold|Tidy Up|p2a: Maushold\n|-boost|p2a: Maushold|atk|1\n|-boost|p2a: Maushold|spe|1\n|\n|-damage|p1a: Samurott|0 fnt|[from] brn\n|faint|p1a: Samurott\n|upkeep\n|\n|t:|1700099105\n|switch|p1a: Scizor|Scizor, M|100\/100\n|turn|9\n|\n|t:|1700099108\n|switch|p2a: Dragonite|Dragonite, F|100\/100\n|move|p1a: Scizor|Bullet Punch|p2a: Dragonite\n|-crit|p2a: Dragonite\n|-damage|p2a: Dragonite|59\/100\n|\n|-heal|p2a: Dragonite|65\/100|[from] item: Leftovers\n|upkeep\n|turn|10\n|\n|t:|1700099119\n|-terastallize|p1a: Scizor|Steel\n|move|p1a: Scizor|Bullet Punch|p2a: Dragonite\n|-damage|p2a: Dragonite|0 fnt\n|faint|p2a: Dragonite\n|\n|upkeep\n|\n|t:|1700099127\n|switch|p2a: Moltres|Moltres-Galar, shiny|100\/100\n|turn|11\n|\n|t:|1700099139\n|move|p1a: Scizor|Bullet Punch|p2a: Moltres\n|-damage|p2a: Moltres|18\/100\n|-ability|p2a: Moltres|Berserk|boost\n|-boost|p2a: Moltres|spa|1\n|-enditem|p2a: Moltres|Sitrus Berry|[eat]\n|-heal|p2a: Moltres|43\/100|[from] item: Sitrus Berry\n|move|p2a: Moltres|Fiery Wrath|p1a: Scizor\n|-damage|p1a: Scizor|24\/100\n|\n|upkeep\n|turn|12\n|\n|t:|1700099149\n|move|p1a: Scizor|Bullet Punch|p2a: Moltres\n|-damage|p2a: Moltres|0 fnt\n|faint|p2a: Moltres\n|\n|upkeep\n|\n|t:|1700099151\n|switch|p2a: Ninetales|Ninetales-Alola, F|100\/100\n|-weather|Snow|[from] ability: Snow Warning|[of] p2a: Ninetales\n|turn|13\n|\n|t:|1700099156\n|-terastallize|p2a: Ninetales|Steel\n|move|p1a: Scizor|Bullet Punch|p2a: Ninetales\n|-resisted|p2a: Ninetales\n|-damage|p2a: Ninetales|49\/100\n|move|p2a: Ninetales|Dark Pulse|p1a: Scizor\n|-damage|p1a: Scizor|1\/100\n|\n|-weather|Snow|[upkeep]\n|upkeep\n|turn|14\n|\n|t:|1700099167\n|move|p1a: Scizor|Bullet Punch|p2a: Ninetales\n|-resisted|p2a: Ninetales\n|-damage|p2a: Ninetales|0 fnt\n|faint|p2a: Ninetales\n|\n|-weather|Snow|[upkeep]\n|upkeep\n|\n|t:|1700099169\n|switch|p2a: Maushold|Maushold-Four|36\/100\n|turn|15\n|\n|t:|1700099171\n|move|p1a: Scizor|Bullet Punch|p2a: Maushold\n|-damage|p2a: Maushold|0 fnt\n|faint|p2a: Maushold\n|\n|win|Blurred Ace\n|raw|Blurred Ace's rating: 1413 &rarr; <strong>1432<\/strong><br \/>(+19 for winning)\n|raw|spiderkitty410's rating: 1396 &rarr; <strong>1377<\/strong><br \/>(-19 for losing)\n|c|\u2606spiderkitty410|gg wp\n","uploadtime":1700099174,"views":11,"p1id":"blurredace","p2id":"spiderkitty410","formatid":"gen9ou","rating":1377,"private":0,"password":""}