{"id":"gen9ou-1992897349","p1":"SeyrinNeto","p2":"OhiosBestTrainer","format":"[Gen 9] OU","log":"|j|\u2606SeyrinNeto\n|j|\u2606OhiosBestTrainer\n|t:|1700244901\n|gametype|singles\n|player|p1|SeyrinNeto|265|1063\n|player|p2|OhiosBestTrainer|clemont|1000\n|teamsize|p1|6\n|teamsize|p2|6\n|gen|9\n|tier|[Gen 9] OU\n|rated|\n|rule|Sleep Clause Mod: Limit one foe put to sleep\n|rule|Species Clause: Limit one of each Pok\u00e9mon\n|rule|OHKO Clause: OHKO moves are banned\n|rule|Evasion Items Clause: Evasion items are banned\n|rule|Evasion Moves Clause: Evasion moves are banned\n|rule|Endless Battle Clause: Forcing endless battles is banned\n|rule|HP Percentage Mod: HP is shown in percentages\n|clearpoke\n|poke|p1|Landorus-Therian, M|\n|poke|p1|Kleavor, M|\n|poke|p1|Ninetales-Alola, M|\n|poke|p1|Infernape, M|\n|poke|p1|Scizor, F|\n|poke|p1|Dragonite, M|\n|poke|p2|Glimmora, M|\n|poke|p2|Ogerpon-Cornerstone, F|\n|poke|p2|Ribombee, M|\n|poke|p2|Blissey, F|\n|poke|p2|Sneasler, F|\n|poke|p2|Kingambit, F|\n|teampreview\n|\n|t:|1700244915\n|start\n|switch|p1a: Kleavor|Kleavor, M|100\/100\n|switch|p2a: Ribombee|Ribombee, M|100\/100\n|turn|1\n|\n|t:|1700244924\n|move|p2a: Ribombee|Sticky Web|p1a: Kleavor\n|-sidestart|p1: SeyrinNeto|move: Sticky Web\n|move|p1a: Kleavor|Stone Axe|p2a: Ribombee\n|-supereffective|p2a: Ribombee\n|-enditem|p2a: Ribombee|Focus Sash\n|-damage|p2a: Ribombee|1\/100\n|-sidestart|p2: OhiosBestTrainer|move: Stealth Rock\n|\n|upkeep\n|turn|2\n|\n|t:|1700244943\n|move|p2a: Ribombee|Moonblast|p1a: Kleavor\n|-damage|p1a: Kleavor|31\/100\n|move|p1a: Kleavor|Stone Axe|p2a: Ribombee\n|-supereffective|p2a: Ribombee\n|-damage|p2a: Ribombee|0 fnt\n|faint|p2a: Ribombee\n|\n|upkeep\n|\n|t:|1700244951\n|switch|p2a: Glimmora|Glimmora, M|100\/100\n|-damage|p2a: Glimmora|88\/100|[from] Stealth Rock\n|turn|3\n|\n|t:|1700244968\n|move|p2a: Glimmora|Stealth Rock|p1a: Kleavor\n|-sidestart|p1: SeyrinNeto|move: Stealth Rock\n|move|p1a: Kleavor|Night Slash|p2a: Glimmora\n|-damage|p2a: Glimmora|51\/100\n|-activate|p2a: Glimmora|ability: Toxic Debris\n|-sidestart|p1: SeyrinNeto|move: Toxic Spikes\n|\n|upkeep\n|turn|4\n|\n|t:|1700244976\n|move|p2a: Glimmora|Spikes|p1a: Kleavor\n|-sidestart|p1: SeyrinNeto|Spikes\n|move|p1a: Kleavor|Night Slash|p2a: Glimmora\n|-damage|p2a: Glimmora|12\/100\n|-activate|p2a: Glimmora|ability: Toxic Debris\n|-sidestart|p1: SeyrinNeto|move: Toxic Spikes\n|-enditem|p2a: Glimmora|Sitrus Berry|[eat]\n|-heal|p2a: Glimmora|37\/100|[from] item: Sitrus Berry\n|\n|upkeep\n|turn|5\n|\n|t:|1700244985\n|move|p2a: Glimmora|Spikes|p1a: Kleavor\n|-sidestart|p1: SeyrinNeto|Spikes\n|move|p1a: Kleavor|Night Slash|p2a: Glimmora\n|-damage|p2a: Glimmora|2\/100\n|\n|upkeep\n|turn|6\n|\n|t:|1700244992\n|move|p2a: Glimmora|Spikes|p1a: Kleavor\n|-sidestart|p1: SeyrinNeto|Spikes\n|move|p1a: Kleavor|Night Slash|p2a: Glimmora\n|-damage|p2a: Glimmora|0 fnt\n|faint|p2a: Glimmora\n|\n|upkeep\n|\n|t:|1700245004\n|switch|p2a: Blissey|Blissey, F|100\/100\n|-damage|p2a: Blissey|88\/100|[from] Stealth Rock\n|turn|7\n|\n|t:|1700245012\n|move|p1a: Kleavor|Stone Axe|p2a: Blissey\n|-damage|p2a: Blissey|40\/100\n|move|p2a: Blissey|Seismic Toss|p1a: Kleavor\n|-damage|p1a: Kleavor|0 fnt\n|faint|p1a: Kleavor\n|\n|-heal|p2a: Blissey|46\/100|[from] item: Leftovers\n|upkeep\n|\n|t:|1700245029\n|switch|p1a: Infernape|Infernape, M|100\/100\n|-activate|p1a: Infernape|move: Sticky Web\n|-unboost|p1a: Infernape|spe|1\n|-damage|p1a: Infernape|88\/100|[from] Stealth Rock\n|-status|p1a: Infernape|tox\n|-damage|p1a: Infernape|63\/100 tox|[from] Spikes\n|turn|8\n|\n|t:|1700245044\n|move|p1a: Infernape|Fake Out|p2a: Blissey\n|-damage|p2a: Blissey|35\/100\n|cant|p2a: Blissey|flinch\n|\n|-heal|p2a: Blissey|41\/100|[from] item: Leftovers\n|-damage|p1a: Infernape|57\/100 tox|[from] psn\n|upkeep\n|turn|9\n|\n|t:|1700245058\n|move|p1a: Infernape|Close Combat|p2a: Blissey\n|-supereffective|p2a: Blissey\n|-damage|p2a: Blissey|0 fnt\n|-unboost|p1a: Infernape|def|1\n|-unboost|p1a: Infernape|spd|1\n|faint|p2a: Blissey\n|\n|-damage|p1a: Infernape|45\/100 tox|[from] psn\n|upkeep\n|\n|t:|1700245068\n|switch|p2a: Ogerpon|Ogerpon-Cornerstone, F|100\/100\n|-damage|p2a: Ogerpon|88\/100|[from] Stealth Rock\n|turn|10\n|\n|t:|1700245076\n|-terastallize|p2a: Ogerpon|Rock\n|detailschange|p2a: Ogerpon|Ogerpon-Cornerstone-Tera, F, tera:Rock\n|-ability|p2a: Ogerpon|Embody Aspect (Cornerstone)|boost\n|-boost|p2a: Ogerpon|def|1\n|move|p2a: Ogerpon|Ivy Cudgel|p1a: Infernape|[anim] Ivy Cudgel Rock\n|-damage|p1a: Infernape|0 fnt\n|faint|p1a: Infernape\n|\n|upkeep\n|\n|t:|1700245095\n|switch|p1a: Scizor|Scizor, F|100\/100\n|-activate|p1a: Scizor|move: Sticky Web\n|-unboost|p1a: Scizor|spe|1\n|-damage|p1a: Scizor|88\/100|[from] Stealth Rock\n|-damage|p1a: Scizor|63\/100|[from] Spikes\n|turn|11\n|c|\u2606OhiosBestTrainer|hello\n|\n|t:|1700245105\n|move|p2a: Ogerpon|Ivy Cudgel|p1a: Scizor|[anim] Ivy Cudgel Rock\n|-damage|p1a: Scizor|0 fnt\n|faint|p1a: Scizor\n|\n|upkeep\n|\n|t:|1700245114\n|switch|p1a: Ninetales|Ninetales-Alola, M|100\/100\n|-activate|p1a: Ninetales|move: Sticky Web\n|-unboost|p1a: Ninetales|spe|1\n|-damage|p1a: Ninetales|75\/100|[from] Stealth Rock\n|-status|p1a: Ninetales|tox\n|-damage|p1a: Ninetales|50\/100 tox|[from] Spikes\n|-weather|Snow|[from] ability: Snow Warning|[of] p1a: Ninetales\n|turn|12\n|\n|t:|1700245124\n|move|p2a: Ogerpon|Ivy Cudgel|p1a: Ninetales|[anim] Ivy Cudgel Rock\n|-supereffective|p1a: Ninetales\n|-damage|p1a: Ninetales|0 fnt\n|faint|p1a: Ninetales\n|\n|-weather|Snow|[upkeep]\n|upkeep\n|\n|t:|1700245136\n|switch|p1a: Landorus|Landorus-Therian, M|100\/100\n|-damage|p1a: Landorus|88\/100|[from] Stealth Rock\n|-ability|p1a: Landorus|Intimidate|boost\n|-unboost|p2a: Ogerpon|atk|1\n|turn|13\n|\n|t:|1700245147\n|move|p2a: Ogerpon|Ivy Cudgel|p1a: Landorus|[anim] Ivy Cudgel Rock\n|-damage|p1a: Landorus|25\/100\n|move|p1a: Landorus|Earthquake|p2a: Ogerpon\n|-supereffective|p2a: Ogerpon\n|-damage|p2a: Ogerpon|0 fnt\n|faint|p2a: Ogerpon\n|\n|-weather|Snow|[upkeep]\n|upkeep\n|\n|t:|1700245157\n|switch|p2a: Sneasler|Sneasler, F|100\/100\n|-damage|p2a: Sneasler|95\/100|[from] Stealth Rock\n|turn|14\n|\n|t:|1700245166\n|move|p2a: Sneasler|Dire Claw|p1a: Landorus\n|-resisted|p1a: Landorus\n|-damage|p1a: Landorus|1\/100\n|move|p1a: Landorus|Earthquake|p2a: Sneasler\n|-supereffective|p2a: Sneasler\n|-damage|p2a: Sneasler|0 fnt\n|faint|p2a: Sneasler\n|\n|-weather|Snow|[upkeep]\n|upkeep\n|\n|t:|1700245175\n|switch|p2a: Kingambit|Kingambit, F|100\/100\n|-damage|p2a: Kingambit|94\/100|[from] Stealth Rock\n|-activate|p2a: Kingambit|ability: Supreme Overlord\n|-start|p2a: Kingambit|fallen5|[silent]\n|turn|15\n|\n|t:|1700245183\n|move|p2a: Kingambit|Sucker Punch|p1a: Landorus\n|-damage|p1a: Landorus|0 fnt\n|faint|p1a: Landorus\n|-damage|p2a: Kingambit|84\/100|[from] item: Life Orb\n|\n|-weather|Snow|[upkeep]\n|upkeep\n|\n|t:|1700245191\n|switch|p1a: Dragonite|Dragonite, M|100\/100\n|-damage|p1a: Dragonite|76\/100|[from] Stealth Rock\n|turn|16\n|\n|t:|1700245198\n|-terastallize|p1a: Dragonite|Normal\n|move|p2a: Kingambit|Sucker Punch||[still]\n|-fail|p2a: Kingambit\n|move|p1a: Dragonite|Dragon Dance|p1a: Dragonite\n|-boost|p1a: Dragonite|atk|1\n|-boost|p1a: Dragonite|spe|1\n|\n|-weather|none\n|upkeep\n|turn|17\n|\n|t:|1700245207\n|move|p1a: Dragonite|Dragon Dance|p1a: Dragonite\n|-boost|p1a: Dragonite|atk|1\n|-boost|p1a: Dragonite|spe|1\n|move|p2a: Kingambit|Kowtow Cleave|p1a: Dragonite\n|-damage|p1a: Dragonite|0 fnt\n|faint|p1a: Dragonite\n|-damage|p2a: Kingambit|75\/100|[from] item: Life Orb\n|\n|win|OhiosBestTrainer\n|raw|SeyrinNeto's rating: 1063 &rarr; <strong>1040<\/strong><br \/>(-23 for losing)\n|raw|OhiosBestTrainer's rating: 1000 &rarr; <strong>1047<\/strong><br \/>(+47 for winning)\n|c|\u2606OhiosBestTrainer|gg\n|c|\u2606OhiosBestTrainer|kingambit always clutches\n|c|\u2606OhiosBestTrainer|half of my team is set up\n|c|\u2606OhiosBestTrainer|with a sweep\n|c|\u2606OhiosBestTrainer|one sweeper\n|c|\u2606OhiosBestTrainer|one support attacker\n|c|\u2606OhiosBestTrainer|and then kingambit\n|c|\u2606OhiosBestTrainer|who is the final stand\n|c|\u2606OhiosBestTrainer|ggs\n","uploadtime":1700245305,"views":10,"p1id":"seyrinneto","p2id":"ohiosbesttrainer","formatid":"gen9ou","rating":1040,"private":0,"password":""}