{"id":"gen9ou-1995544629","p1":"CapnTophat","p2":"TheZilla07","format":"[Gen 9] OU","log":"|j|\u2606CapnTophat\n|j|\u2606TheZilla07\n|t:|1700581542\n|gametype|singles\n|player|p1|CapnTophat|wallace|1718\n|player|p2|TheZilla07|petrel|1703\n|teamsize|p1|6\n|teamsize|p2|6\n|gen|9\n|tier|[Gen 9] OU\n|rated|\n|rule|Sleep Clause Mod: Limit one foe put to sleep\n|rule|Species Clause: Limit one of each Pok\u00e9mon\n|rule|OHKO Clause: OHKO moves are banned\n|rule|Evasion Items Clause: Evasion items are banned\n|rule|Evasion Moves Clause: Evasion moves are banned\n|rule|Endless Battle Clause: Forcing endless battles is banned\n|rule|HP Percentage Mod: HP is shown in percentages\n|clearpoke\n|poke|p1|Arcanine, F|\n|poke|p1|Ogerpon-Wellspring, F|\n|poke|p1|Iron Valiant|\n|poke|p1|Great Tusk|\n|poke|p1|Dragapult, M|\n|poke|p1|Slowking-Galar, M|\n|poke|p2|Fezandipiti, M|\n|poke|p2|Dondozo, M|\n|poke|p2|Zapdos|\n|poke|p2|Rillaboom, M|\n|poke|p2|Great Tusk|\n|poke|p2|Heatran, F|\n|teampreview\n|inactive|Battle timer is ON: inactive players will automatically lose when time's up. (requested by CapnTophat)\n|c|\u2606TheZilla07|glhf\n|j| Krow247\n|\n|t:|1700581571\n|start\n|switch|p1a: Ogerpon|Ogerpon-Wellspring, F|100\/100\n|switch|p2a: Republican|Great Tusk|100\/100\n|turn|1\n|\n|t:|1700581575\n|-end|p2a: Republican|Protosynthesis|[silent]\n|switch|p2a: NO TOUCHING|Zapdos|100\/100\n|move|p1a: Ogerpon|Spikes|p2a: NO TOUCHING\n|-sidestart|p2: TheZilla07|Spikes\n|\n|upkeep\n|turn|2\n|\n|t:|1700581583\n|switch|p1a: Slowking|Slowking-Galar, M|100\/100\n|move|p2a: NO TOUCHING|Hurricane|p1a: Slowking\n|-damage|p1a: Slowking|73\/100\n|\n|upkeep\n|turn|3\n|\n|t:|1700581589\n|move|p2a: NO TOUCHING|Volt Switch|p1a: Slowking\n|-damage|p1a: Slowking|57\/100\n|\n|t:|1700581591\n|switch|p2a: The Biggest Bird|Fezandipiti, M|100\/100|[from] Volt Switch\n|-damage|p2a: The Biggest Bird|88\/100|[from] Spikes\n|move|p1a: Slowking|Chilly Reception|p1a: Slowking\n|-weather|Snow\n|\n|t:|1700581597\n|switch|p1a: Arcanine|Arcanine, F|100\/100|[from] Chilly Reception\n|-ability|p1a: Arcanine|Intimidate|boost\n|-unboost|p2a: The Biggest Bird|atk|1\n|\n|-weather|Snow|[upkeep]\n|upkeep\n|turn|4\n|\n|t:|1700581602\n|switch|p2a: Trans Rights|Heatran, F|100\/100\n|-damage|p2a: Trans Rights|88\/100|[from] Spikes\n|move|p1a: Arcanine|Will-O-Wisp|p2a: Trans Rights\n|-start|p2a: Trans Rights|ability: Flash Fire\n|\n|-weather|Snow|[upkeep]\n|-heal|p2a: Trans Rights|94\/100|[from] item: Leftovers\n|upkeep\n|turn|5\n|\n|t:|1700581613\n|switch|p1a: Ogerpon|Ogerpon-Wellspring, F|100\/100\n|move|p2a: Trans Rights|Magma Storm|p1a: Ogerpon|[miss]\n|-miss|p2a: Trans Rights|p1a: Ogerpon\n|\n|-weather|Snow|[upkeep]\n|-heal|p2a: Trans Rights|100\/100|[from] item: Leftovers\n|upkeep\n|turn|6\n|\n|t:|1700581617\n|-end|p2a: Trans Rights|ability: Flash Fire|[silent]\n|switch|p2a: NO TOUCHING|Zapdos|100\/100\n|move|p1a: Ogerpon|Ivy Cudgel|p2a: NO TOUCHING|[anim] Ivy Cudgel Water\n|-damage|p2a: NO TOUCHING|57\/100\n|\n|-weather|Snow|[upkeep]\n|upkeep\n|turn|7\n|\n|t:|1700581622\n|move|p1a: Ogerpon|Ivy Cudgel|p2a: NO TOUCHING|[anim] Ivy Cudgel Water\n|-damage|p2a: NO TOUCHING|16\/100\n|move|p2a: NO TOUCHING|Roost|p2a: NO TOUCHING\n|-heal|p2a: NO TOUCHING|66\/100\n|-singleturn|p2a: NO TOUCHING|move: Roost\n|\n|-weather|none\n|upkeep\n|turn|8\n|\n|t:|1700581636\n|move|p1a: Ogerpon|Ivy Cudgel|p2a: NO TOUCHING|[anim] Ivy Cudgel Water\n|-damage|p2a: NO TOUCHING|27\/100\n|move|p2a: NO TOUCHING|Roost|p2a: NO TOUCHING\n|-heal|p2a: NO TOUCHING|77\/100\n|-singleturn|p2a: NO TOUCHING|move: Roost\n|\n|upkeep\n|turn|9\n|\n|t:|1700581642\n|switch|p1a: Slowking|Slowking-Galar, M|90\/100\n|move|p2a: NO TOUCHING|Hurricane|p1a: Slowking|[miss]\n|-miss|p2a: NO TOUCHING|p1a: Slowking\n|\n|upkeep\n|turn|10\n|\n|t:|1700581649\n|move|p2a: NO TOUCHING|Volt Switch|p1a: Slowking\n|-damage|p1a: Slowking|72\/100\n|\n|t:|1700581653\n|switch|p2a: The Biggest Bird|Fezandipiti, M|88\/100|[from] Volt Switch\n|-damage|p2a: The Biggest Bird|76\/100|[from] Spikes\n|move|p1a: Slowking|Future Sight|p2a: The Biggest Bird\n|-start|p1a: Slowking|move: Future Sight\n|\n|upkeep\n|turn|11\n|\n|t:|1700581656\n|move|p2a: The Biggest Bird|Taunt|p1a: Slowking\n|-start|p1a: Slowking|move: Taunt\n|cant|p1a: Slowking|move: Taunt|Chilly Reception\n|\n|upkeep\n|turn|12\n|\n|t:|1700581662\n|switch|p2a: Trans Rights|Heatran, F|100\/100\n|-damage|p2a: Trans Rights|88\/100|[from] Spikes\n|move|p1a: Slowking|Sludge Bomb|p2a: Trans Rights\n|-immune|p2a: Trans Rights\n|\n|-end|p2a: Trans Rights|move: Future Sight\n|-resisted|p2a: Trans Rights\n|-damage|p2a: Trans Rights|71\/100\n|-heal|p2a: Trans Rights|77\/100|[from] item: Leftovers\n|upkeep\n|turn|13\n|\n|t:|1700581668\n|move|p2a: Trans Rights|Stealth Rock|p1a: Slowking\n|-sidestart|p1: CapnTophat|move: Stealth Rock\n|move|p1a: Slowking|Future Sight|p2a: Trans Rights\n|-start|p1a: Slowking|move: Future Sight\n|\n|-heal|p2a: Trans Rights|84\/100|[from] item: Leftovers\n|-end|p1a: Slowking|move: Taunt\n|upkeep\n|turn|14\n|\n|t:|1700581672\n|move|p2a: Trans Rights|Taunt|p1a: Slowking\n|-start|p1a: Slowking|move: Taunt\n|cant|p1a: Slowking|move: Taunt|Chilly Reception\n|\n|-heal|p2a: Trans Rights|90\/100|[from] item: Leftovers\n|upkeep\n|turn|15\n|\n|t:|1700581677\n|switch|p1a: Ogerpon|Ogerpon-Wellspring, F|100\/100\n|-damage|p1a: Ogerpon|88\/100|[from] Stealth Rock\n|move|p2a: Trans Rights|Magma Storm|p1a: Ogerpon|[miss]\n|-miss|p2a: Trans Rights|p1a: Ogerpon\n|\n|-end|p2a: Trans Rights|move: Future Sight\n|-resisted|p2a: Trans Rights\n|-damage|p2a: Trans Rights|74\/100\n|-heal|p2a: Trans Rights|81\/100|[from] item: Leftovers\n|upkeep\n|turn|16\n|\n|t:|1700581683\n|switch|p2a: Harambe|Rillaboom, M|100\/100\n|-damage|p2a: Harambe|88\/100|[from] Spikes\n|-fieldstart|move: Grassy Terrain|[from] ability: Grassy Surge|[of] p2a: Harambe\n|move|p1a: Ogerpon|Ivy Cudgel|p2a: Harambe|[anim] Ivy Cudgel Water\n|-resisted|p2a: Harambe\n|-damage|p2a: Harambe|54\/100\n|\n|-heal|p1a: Ogerpon|94\/100|[from] Grassy Terrain\n|-heal|p2a: Harambe|60\/100|[from] Grassy Terrain\n|upkeep\n|turn|17\n|\n|t:|1700581696\n|switch|p1a: Arcanine|Arcanine, F|100\/100\n|-ability|p1a: Arcanine|Intimidate|boost\n|-unboost|p2a: Harambe|atk|1\n|move|p2a: Harambe|U-turn|p1a: Arcanine\n|-resisted|p1a: Arcanine\n|-damage|p1a: Arcanine|90\/100\n|\n|t:|1700581703\n|switch|p2a: Trans Rights|Heatran, F|81\/100|[from] U-turn\n|-damage|p2a: Trans Rights|68\/100|[from] Spikes\n|\n|-heal|p2a: Trans Rights|74\/100|[from] Grassy Terrain\n|-heal|p2a: Trans Rights|81\/100|[from] item: Leftovers\n|-heal|p1a: Arcanine|97\/100|[from] Grassy Terrain\n|upkeep\n|turn|18\n|\n|t:|1700581707\n|switch|p1a: Ogerpon|Ogerpon-Wellspring, F|94\/100\n|-damage|p1a: Ogerpon|82\/100|[from] Stealth Rock\n|move|p2a: Trans Rights|Magma Storm|p1a: Ogerpon\n|-damage|p1a: Ogerpon|32\/100\n|-activate|p1a: Ogerpon|move: Magma Storm|[of] p2a: Trans Rights\n|\n|-heal|p1a: Ogerpon|38\/100|[from] Grassy Terrain\n|-heal|p2a: Trans Rights|87\/100|[from] Grassy Terrain\n|-heal|p2a: Trans Rights|93\/100|[from] item: Leftovers\n|-damage|p1a: Ogerpon|25\/100|[from] move: Magma Storm|[partiallytrapped]\n|upkeep\n|turn|19\n|\n|t:|1700581713\n|switch|p2a: Donbozo|Dondozo, M|100\/100\n|-damage|p2a: Donbozo|88\/100|[from] Spikes\n|move|p1a: Ogerpon|Synthesis|p1a: Ogerpon\n|-heal|p1a: Ogerpon|75\/100\n|\n|-heal|p1a: Ogerpon|81\/100|[from] Grassy Terrain\n|-heal|p2a: Donbozo|94\/100|[from] Grassy Terrain\n|-heal|p2a: Donbozo|99\/100|[from] item: Leftovers\n|-end|p1a: Ogerpon|Magma Storm|[partiallytrapped]|[silent]\n|upkeep\n|turn|20\n|\n|t:|1700581720\n|switch|p2a: Harambe|Rillaboom, M|60\/100\n|-damage|p2a: Harambe|48\/100|[from] Spikes\n|move|p1a: Ogerpon|Spikes|p2a: Harambe\n|-sidestart|p2: TheZilla07|Spikes\n|\n|-heal|p1a: Ogerpon|87\/100|[from] Grassy Terrain\n|-heal|p2a: Harambe|54\/100|[from] Grassy Terrain\n|-fieldend|move: Grassy Terrain\n|upkeep\n|turn|21\n|\n|t:|1700581725\n|move|p1a: Ogerpon|U-turn|p2a: Harambe\n|-supereffective|p2a: Harambe\n|-damage|p2a: Harambe|0 fnt\n|faint|p2a: Harambe\n|\n|t:|1700581730\n|switch|p1a: Great Tusk|Great Tusk|100\/100|[from] U-turn\n|-damage|p1a: Great Tusk|98\/100|[from] Stealth Rock\n|\n|-heal|p1a: Great Tusk|100\/100|[from] item: Leftovers\n|upkeep\n|\n|t:|1700581733\n|switch|p2a: NO TOUCHING|Zapdos|77\/100\n|turn|22\n|\n|t:|1700581736\n|-end|p1a: Great Tusk|Protosynthesis|[silent]\n|switch|p1a: Slowking|Slowking-Galar, M|100\/100\n|move|p2a: NO TOUCHING|Hurricane|p1a: Slowking\n|-damage|p1a: Slowking|75\/100\n|-start|p1a: Slowking|confusion\n|\n|upkeep\n|turn|23\n|\n|t:|1700581741\n|move|p2a: NO TOUCHING|Hurricane|p1a: Slowking\n|-damage|p1a: Slowking|51\/100\n|-activate|p1a: Slowking|confusion\n|move|p1a: Slowking|Chilly Reception|p1a: Slowking\n|-weather|Snow\n|\n|t:|1700581744\n|switch|p1a: Dragapult|Dragapult, M|100\/100|[from] Chilly Reception\n|-damage|p1a: Dragapult|88\/100|[from] Stealth Rock\n|\n|-weather|Snow|[upkeep]\n|upkeep\n|turn|24\n|\n|t:|1700581757\n|switch|p2a: The Biggest Bird|Fezandipiti, M|76\/100\n|-damage|p2a: The Biggest Bird|59\/100|[from] Spikes\n|move|p1a: Dragapult|Shadow Ball|p2a: The Biggest Bird\n|-damage|p2a: The Biggest Bird|21\/100\n|\n|-weather|Snow|[upkeep]\n|upkeep\n|turn|25\n|\n|t:|1700581764\n|move|p1a: Dragapult|Shadow Ball|p2a: The Biggest Bird\n|-damage|p2a: The Biggest Bird|0 fnt\n|faint|p2a: The Biggest Bird\n|\n|-weather|Snow|[upkeep]\n|upkeep\n|\n|t:|1700581766\n|switch|p2a: Trans Rights|Heatran, F|93\/100\n|-damage|p2a: Trans Rights|76\/100|[from] Spikes\n|turn|26\n|\n|t:|1700581769\n|move|p1a: Dragapult|Shadow Ball|p2a: Trans Rights\n|-damage|p2a: Trans Rights|39\/100\n|move|p2a: Trans Rights|Magma Storm|p1a: Dragapult\n|-resisted|p1a: Dragapult\n|-damage|p1a: Dragapult|61\/100\n|-activate|p1a: Dragapult|move: Magma Storm|[of] p2a: Trans Rights\n|\n|-weather|Snow|[upkeep]\n|-heal|p2a: Trans Rights|45\/100|[from] item: Leftovers\n|-damage|p1a: Dragapult|48\/100|[from] move: Magma Storm|[partiallytrapped]\n|upkeep\n|turn|27\n|\n|t:|1700581778\n|switch|p1a: Ogerpon|Ogerpon-Wellspring, F|87\/100\n|-damage|p1a: Ogerpon|75\/100|[from] Stealth Rock\n|move|p2a: Trans Rights|Magma Storm|p1a: Ogerpon|[miss]\n|-miss|p2a: Trans Rights|p1a: Ogerpon\n|\n|-weather|none\n|-heal|p2a: Trans Rights|51\/100|[from] item: Leftovers\n|upkeep\n|turn|28\n|\n|t:|1700581792\n|switch|p2a: NO TOUCHING|Zapdos|77\/100\n|move|p1a: Ogerpon|Spikes|p2a: NO TOUCHING\n|-sidestart|p2: TheZilla07|Spikes\n|\n|upkeep\n|turn|29\n|\n|t:|1700581797\n|move|p1a: Ogerpon|U-turn|p2a: NO TOUCHING\n|-resisted|p2a: NO TOUCHING\n|-damage|p2a: NO TOUCHING|67\/100\n|\n|t:|1700581799\n|switch|p1a: Slowking|Slowking-Galar, M|84\/100|[from] U-turn\n|move|p2a: NO TOUCHING|Hurricane|p1a: Slowking\n|-damage|p1a: Slowking|57\/100\n|\n|upkeep\n|turn|30\n|\n|t:|1700581806\n|move|p2a: NO TOUCHING|Hurricane|p1a: Slowking|[miss]\n|-miss|p2a: NO TOUCHING|p1a: Slowking\n|move|p1a: Slowking|Slack Off|p1a: Slowking\n|-heal|p1a: Slowking|100\/100\n|\n|upkeep\n|turn|31\n|\n|t:|1700581811\n|move|p2a: NO TOUCHING|Hurricane|p1a: Slowking\n|-damage|p1a: Slowking|71\/100\n|move|p1a: Slowking|Chilly Reception|p1a: Slowking\n|-weather|Snow\n|\n|t:|1700581814\n|switch|p1a: Dragapult|Dragapult, M|48\/100|[from] Chilly Reception\n|-damage|p1a: Dragapult|36\/100|[from] Stealth Rock\n|\n|-weather|Snow|[upkeep]\n|upkeep\n|turn|32\n|\n|t:|1700581818\n|-terastallize|p2a: NO TOUCHING|Fairy\n|move|p1a: Dragapult|Draco Meteor|p2a: NO TOUCHING\n|-immune|p2a: NO TOUCHING\n|move|p2a: NO TOUCHING|Hurricane|p1a: Dragapult\n|-damage|p1a: Dragapult|0 fnt\n|faint|p1a: Dragapult\n|\n|-weather|Snow|[upkeep]\n|upkeep\n|\n|t:|1700581825\n|switch|p1a: Slowking|Slowking-Galar, M|100\/100\n|turn|33\n|\n|t:|1700581828\n|switch|p2a: Republican|Great Tusk|100\/100\n|-damage|p2a: Republican|76\/100|[from] Spikes\n|move|p1a: Slowking|Chilly Reception|p1a: Slowking\n|\n|t:|1700581830\n|switch|p1a: Great Tusk|Great Tusk|100\/100|[from] Chilly Reception\n|-damage|p1a: Great Tusk|98\/100|[from] Stealth Rock\n|\n|-weather|Snow|[upkeep]\n|-heal|p2a: Republican|82\/100|[from] item: Leftovers\n|-heal|p1a: Great Tusk|100\/100|[from] item: Leftovers\n|upkeep\n|turn|34\n|\n|t:|1700581833\n|move|p2a: Republican|Rapid Spin|p1a: Great Tusk\n|-damage|p1a: Great Tusk|92\/100\n|-boost|p2a: Republican|spe|1\n|-sideend|p2: TheZilla07|Spikes|[from] move: Rapid Spin|[of] p2a: Republican\n|move|p1a: Great Tusk|Rapid Spin|p2a: Republican\n|-damage|p2a: Republican|72\/100\n|-boost|p1a: Great Tusk|spe|1\n|-sideend|p1: CapnTophat|Stealth Rock|[from] move: Rapid Spin|[of] p1a: Great Tusk\n|\n|-weather|Snow|[upkeep]\n|-heal|p2a: Republican|78\/100|[from] item: Leftovers\n|-heal|p1a: Great Tusk|98\/100|[from] item: Leftovers\n|upkeep\n|turn|35\n|\n|t:|1700581841\n|-end|p2a: Republican|Protosynthesis|[silent]\n|switch|p2a: Donbozo|Dondozo, M|99\/100\n|move|p1a: Great Tusk|Knock Off|p2a: Donbozo\n|-damage|p2a: Donbozo|88\/100\n|-enditem|p2a: Donbozo|Leftovers|[from] move: Knock Off|[of] p1a: Great Tusk\n|\n|-weather|none\n|-heal|p1a: Great Tusk|100\/100|[from] item: Leftovers\n|upkeep\n|turn|36\n|j| IiiViking\n|\n|t:|1700581847\n|switch|p2a: NO TOUCHING|Zapdos, tera:Fairy|67\/100\n|move|p1a: Great Tusk|Stealth Rock|p2a: NO TOUCHING\n|-sidestart|p2: TheZilla07|move: Stealth Rock\n|\n|upkeep\n|turn|37\n|\n|t:|1700581853\n|-end|p1a: Great Tusk|Protosynthesis|[silent]\n|switch|p1a: Slowking|Slowking-Galar, M|100\/100\n|move|p2a: NO TOUCHING|Hurricane|p1a: Slowking|[miss]\n|-miss|p2a: NO TOUCHING|p1a: Slowking\n|\n|upkeep\n|turn|38\n|\n|t:|1700581858\n|move|p2a: NO TOUCHING|Volt Switch|p1a: Slowking\n|-damage|p1a: Slowking|85\/100\n|\n|t:|1700581861\n|switch|p2a: Donbozo|Dondozo, M|88\/100|[from] Volt Switch\n|-damage|p2a: Donbozo|75\/100|[from] Stealth Rock\n|move|p1a: Slowking|Chilly Reception|p1a: Slowking\n|-weather|Snow\n|\n|t:|1700581866\n|switch|p1a: Arcanine|Arcanine, F|97\/100|[from] Chilly Reception\n|-ability|p1a: Arcanine|Intimidate|boost\n|-unboost|p2a: Donbozo|atk|1\n|\n|-weather|Snow|[upkeep]\n|upkeep\n|turn|39\n|\n|t:|1700581871\n|switch|p2a: Trans Rights|Heatran, F|51\/100\n|-damage|p2a: Trans Rights|39\/100|[from] Stealth Rock\n|move|p1a: Arcanine|Roar|p2a: Trans Rights\n|drag|p2a: Republican|Great Tusk|78\/100\n|-damage|p2a: Republican|75\/100|[from] Stealth Rock\n|\n|-weather|Snow|[upkeep]\n|-heal|p2a: Republican|81\/100|[from] item: Leftovers\n|upkeep\n|turn|40\n|\n|t:|1700581877\n|move|p2a: Republican|Headlong Rush|p1a: Arcanine\n|-supereffective|p1a: Arcanine\n|-damage|p1a: Arcanine|0 fnt\n|-unboost|p2a: Republican|def|1\n|-unboost|p2a: Republican|spd|1\n|faint|p1a: Arcanine\n|\n|-weather|Snow|[upkeep]\n|-heal|p2a: Republican|87\/100|[from] item: Leftovers\n|upkeep\n|\n|t:|1700581881\n|switch|p1a: Iron Valiant|Iron Valiant|100\/100\n|-enditem|p1a: Iron Valiant|Booster Energy\n|-activate|p1a: Iron Valiant|ability: Quark Drive|[fromitem]\n|-start|p1a: Iron Valiant|quarkdrivespe\n|turn|41\n|\n|t:|1700581889\n|-end|p2a: Republican|Protosynthesis|[silent]\n|switch|p2a: Trans Rights|Heatran, F|39\/100\n|-damage|p2a: Trans Rights|26\/100|[from] Stealth Rock\n|move|p1a: Iron Valiant|Swords Dance|p1a: Iron Valiant\n|-boost|p1a: Iron Valiant|atk|2\n|\n|-weather|Snow|[upkeep]\n|-heal|p2a: Trans Rights|33\/100|[from] item: Leftovers\n|upkeep\n|turn|42\n|l| IiiViking\n|\n|t:|1700581900\n|move|p1a: Iron Valiant|Substitute|p1a: Iron Valiant\n|-start|p1a: Iron Valiant|Substitute\n|-damage|p1a: Iron Valiant|76\/100\n|move|p2a: Trans Rights|Magma Storm|p1a: Iron Valiant|[miss]\n|-miss|p2a: Trans Rights|p1a: Iron Valiant\n|\n|-weather|none\n|-heal|p2a: Trans Rights|39\/100|[from] item: Leftovers\n|upkeep\n|turn|43\n|\n|t:|1700581908\n|switch|p2a: Donbozo|Dondozo, M|75\/100\n|-damage|p2a: Donbozo|63\/100|[from] Stealth Rock\n|move|p1a: Iron Valiant|Drain Punch|p2a: Donbozo\n|-damage|p2a: Donbozo|45\/100\n|-heal|p1a: Iron Valiant|91\/100|[from] drain|[of] p2a: Donbozo\n|\n|upkeep\n|turn|44\n|\n|t:|1700581915\n|move|p1a: Iron Valiant|Drain Punch|p2a: Donbozo\n|-damage|p2a: Donbozo|28\/100\n|-heal|p1a: Iron Valiant|100\/100|[from] drain|[of] p2a: Donbozo\n|move|p2a: Donbozo|Curse|p2a: Donbozo\n|-unboost|p2a: Donbozo|spe|1\n|-boost|p2a: Donbozo|atk|1\n|-boost|p2a: Donbozo|def|1\n|\n|upkeep\n|turn|45\n|\n|t:|1700581920\n|-end|p1a: Iron Valiant|Quark Drive|[silent]\n|switch|p1a: Ogerpon|Ogerpon-Wellspring, F|75\/100\n|move|p2a: Donbozo|Rest|p2a: Donbozo\n|-status|p2a: Donbozo|slp|[from] move: Rest\n|-heal|p2a: Donbozo|100\/100 slp|[silent]\n|\n|upkeep\n|turn|46\n|\n|t:|1700581926\n|switch|p2a: NO TOUCHING|Zapdos, tera:Fairy|67\/100\n|move|p1a: Ogerpon|Spikes|p2a: NO TOUCHING\n|-sidestart|p2: TheZilla07|Spikes\n|\n|upkeep\n|turn|47\n|\n|t:|1700581932\n|-terastallize|p1a: Ogerpon|Water\n|detailschange|p1a: Ogerpon|Ogerpon-Wellspring-Tera, F, tera:Water\n|-ability|p1a: Ogerpon|Embody Aspect (Wellspring)|boost\n|-boost|p1a: Ogerpon|spd|1\n|move|p1a: Ogerpon|Ivy Cudgel|p2a: NO TOUCHING|[anim] Ivy Cudgel Water\n|-damage|p2a: NO TOUCHING|9\/100\n|move|p2a: NO TOUCHING|Volt Switch|p1a: Ogerpon\n|-supereffective|p1a: Ogerpon\n|-damage|p1a: Ogerpon|30\/100\n|\n|t:|1700581942\n|switch|p2a: Donbozo|Dondozo, M|100\/100 slp|[from] Volt Switch\n|-damage|p2a: Donbozo|88\/100 slp|[from] Stealth Rock\n|-damage|p2a: Donbozo|75\/100 slp|[from] Spikes\n|\n|upkeep\n|turn|48\n|\n|t:|1700581946\n|move|p1a: Ogerpon|Synthesis|p1a: Ogerpon\n|-heal|p1a: Ogerpon|80\/100\n|cant|p2a: Donbozo|slp\n|\n|upkeep\n|turn|49\n|\n|t:|1700581949\n|move|p1a: Ogerpon|U-turn|p2a: Donbozo\n|-damage|p2a: Donbozo|63\/100 slp\n|\n|t:|1700581951\n|switch|p1a: Slowking|Slowking-Galar, M|100\/100|[from] U-turn\n|cant|p2a: Donbozo|slp\n|move|p2a: Donbozo|Sleep Talk|p2a: Donbozo\n|move|p2a: Donbozo|Rest||[from]move: Sleep Talk|[still]\n|-fail|p2a: Donbozo\n|\n|upkeep\n|turn|50\n|\n|t:|1700581958\n|-curestatus|p2a: Donbozo|slp|[msg]\n|move|p2a: Donbozo|Curse|p2a: Donbozo\n|-unboost|p2a: Donbozo|spe|1\n|-boost|p2a: Donbozo|atk|1\n|-boost|p2a: Donbozo|def|1\n|move|p1a: Slowking|Future Sight|p2a: Donbozo\n|-start|p1a: Slowking|move: Future Sight\n|\n|upkeep\n|turn|51\n|\n|t:|1700581964\n|move|p2a: Donbozo|Wave Crash|p1a: Slowking\n|-damage|p1a: Slowking|38\/100\n|-damage|p2a: Donbozo|47\/100|[from] Recoil\n|move|p1a: Slowking|Sludge Bomb|p2a: Donbozo\n|-damage|p2a: Donbozo|13\/100\n|\n|upkeep\n|turn|52\n|\n|t:|1700581971\n|move|p2a: Donbozo|Rest|p2a: Donbozo\n|-status|p2a: Donbozo|slp|[from] move: Rest\n|-heal|p2a: Donbozo|100\/100 slp|[silent]\n|move|p1a: Slowking|Sludge Bomb|p2a: Donbozo\n|-damage|p2a: Donbozo|69\/100 slp\n|\n|-end|p2a: Donbozo|move: Future Sight\n|-damage|p2a: Donbozo|28\/100 slp\n|upkeep\n|turn|53\n|\n|t:|1700581982\n|switch|p2a: Republican|Great Tusk|87\/100\n|-damage|p2a: Republican|84\/100|[from] Stealth Rock\n|-damage|p2a: Republican|72\/100|[from] Spikes\n|move|p1a: Slowking|Future Sight|p2a: Republican\n|-start|p1a: Slowking|move: Future Sight\n|\n|-heal|p2a: Republican|78\/100|[from] item: Leftovers\n|upkeep\n|turn|54\n|\n|t:|1700581985\n|switch|p1a: Great Tusk|Great Tusk|100\/100\n|move|p2a: Republican|Rapid Spin|p1a: Great Tusk\n|-damage|p1a: Great Tusk|91\/100\n|-boost|p2a: Republican|spe|1\n|-sideend|p2: TheZilla07|Spikes|[from] move: Rapid Spin|[of] p2a: Republican\n|-sideend|p2: TheZilla07|Stealth Rock|[from] move: Rapid Spin|[of] p2a: Republican\n|\n|-heal|p2a: Republican|84\/100|[from] item: Leftovers\n|-heal|p1a: Great Tusk|98\/100|[from] item: Leftovers\n|upkeep\n|turn|55\n|\n|t:|1700581989\n|-end|p2a: Republican|Protosynthesis|[silent]\n|switch|p2a: Trans Rights|Heatran, F|39\/100\n|move|p1a: Great Tusk|Earthquake|p2a: Trans Rights\n|-supereffective|p2a: Trans Rights\n|-damage|p2a: Trans Rights|0 fnt\n|faint|p2a: Trans Rights\n|\n|-hint|Future Sight did not hit because the target is fainted.\n|-heal|p1a: Great Tusk|100\/100|[from] item: Leftovers\n|upkeep\n|\n|t:|1700581997\n|switch|p2a: NO TOUCHING|Zapdos, tera:Fairy|9\/100\n|turn|56\n|\n|t:|1700582001\n|move|p2a: NO TOUCHING|Hurricane|p1a: Great Tusk|[miss]\n|-miss|p2a: NO TOUCHING|p1a: Great Tusk\n|move|p1a: Great Tusk|Earthquake|p2a: NO TOUCHING\n|-damage|p2a: NO TOUCHING|0 fnt\n|faint|p2a: NO TOUCHING\n|\n|upkeep\n|\n|t:|1700582006\n|switch|p2a: Donbozo|Dondozo, M|28\/100 slp\n|turn|57\n|\n|t:|1700582010\n|move|p1a: Great Tusk|Earthquake|p2a: Donbozo\n|-damage|p2a: Donbozo|9\/100 slp\n|cant|p2a: Donbozo|slp\n|move|p2a: Donbozo|Sleep Talk|p2a: Donbozo\n|move|p2a: Donbozo|Rest||[from]move: Sleep Talk|[still]\n|-fail|p2a: Donbozo\n|\n|upkeep\n|turn|58\n|-message|TheZilla07 forfeited.\n|\n|win|CapnTophat\n|raw|CapnTophat's rating: 1718 &rarr; <strong>1737<\/strong><br \/>(+19 for winning)\n|raw|TheZilla07's rating: 1703 &rarr; <strong>1684<\/strong><br \/>(-19 for losing)\n|l| Krow247\n|j| dfghhhg\n","uploadtime":1700582144,"views":2,"p1id":"capntophat","p2id":"thezilla07","formatid":"gen9ou","rating":1684,"private":0,"password":""}