{"id":"gen9ou-1992513915","p1":"DecidueyeGuy","p2":"Angel_Oceanpart","format":"[Gen 9] OU","log":"|j|\u2606DecidueyeGuy\n|j|\u2606Angel_Oceanpart\n|t:|1700197696\n|gametype|singles\n|player|p1|DecidueyeGuy|2|1328\n|player|p2|Angel_Oceanpart|preschoolerf|1304\n|teamsize|p1|6\n|teamsize|p2|6\n|gen|9\n|tier|[Gen 9] OU\n|rated|\n|rule|Sleep Clause Mod: Limit one foe put to sleep\n|rule|Species Clause: Limit one of each Pok\u00e9mon\n|rule|OHKO Clause: OHKO moves are banned\n|rule|Evasion Items Clause: Evasion items are banned\n|rule|Evasion Moves Clause: Evasion moves are banned\n|rule|Endless Battle Clause: Forcing endless battles is banned\n|rule|HP Percentage Mod: HP is shown in percentages\n|clearpoke\n|poke|p1|Gholdengo|\n|poke|p1|Glimmora, M|\n|poke|p1|Ting-Lu|\n|poke|p1|Dondozo, F|\n|poke|p1|Cinderace, F|\n|poke|p1|Kommo-o, M|\n|poke|p2|Ditto|\n|poke|p2|Alomomola, F|\n|poke|p2|Corviknight, F|\n|poke|p2|Heatran, F|\n|poke|p2|Pawmot, F|\n|poke|p2|Zoroark, F|\n|teampreview\n|inactive|Battle timer is ON: inactive players will automatically lose when time's up. (requested by Angel_Oceanpart)\n|\n|t:|1700197710\n|start\n|switch|p1a: Glimmora|Glimmora, M|100\/100\n|switch|p2a: Forgive|Corviknight, F|100\/100\n|turn|1\n|\n|t:|1700197717\n|move|p2a: Forgive|U-turn|p1a: Glimmora\n|-resisted|p1a: Glimmora\n|-damage|p1a: Glimmora|87\/100\n|-activate|p1a: Glimmora|ability: Toxic Debris\n|-sidestart|p2: Angel_Oceanpart|move: Toxic Spikes\n|\n|t:|1700197723\n|switch|p2a: Forgive|Corviknight, F|100\/100|[from] U-turn\n|-ability|p2a: Forgive|Pressure\n|move|p1a: Glimmora|Stealth Rock|p2a: Forgive\n|-sidestart|p2: Angel_Oceanpart|move: Stealth Rock\n|\n|upkeep\n|turn|2\n|\n|t:|1700197733\n|switch|p1a: Gholdengo|Gholdengo|100\/100\n|move|p2a: Forgive|Defog|p1a: Gholdengo\n|-immune|p1a: Gholdengo|[from] ability: Good as Gold\n|\n|upkeep\n|turn|3\n|\n|t:|1700197739\n|move|p1a: Gholdengo|Nasty Plot|p1a: Gholdengo\n|-boost|p1a: Gholdengo|spa|2\n|move|p2a: Forgive|U-turn|p1a: Gholdengo\n|-resisted|p1a: Gholdengo\n|-damage|p1a: Gholdengo|96\/100\n|\n|t:|1700197747\n|switch|p2a: Forgive|Corviknight, F|100\/100|[from] U-turn\n|-status|p2a: Forgive|psn\n|-damage|p2a: Forgive|88\/100 psn|[from] Stealth Rock\n|\n|-damage|p2a: Forgive|76\/100 psn|[from] psn\n|upkeep\n|turn|4\n|inactive|DecidueyeGuy has 120 seconds left.\n|c|\u2606Angel_Oceanpart|oh mb forgot to say\n|c|\u2606Angel_Oceanpart|glhf ^^\n|\n|t:|1700197792\n|switch|p1a: Glimmora|Glimmora, M|87\/100\n|move|p2a: Forgive|Knock Off|p1a: Glimmora\n|-crit|p1a: Glimmora\n|-damage|p1a: Glimmora|0 fnt\n|-activate|p1a: Glimmora|ability: Toxic Debris\n|-sidestart|p2: Angel_Oceanpart|move: Toxic Spikes\n|-enditem|p1a: Glimmora|Focus Sash|[from] move: Knock Off|[of] p2a: Forgive\n|faint|p1a: Glimmora\n|\n|-damage|p2a: Forgive|64\/100 psn|[from] psn\n|upkeep\n|c|\u2606DecidueyeGuy|u2!\n|inactive|DecidueyeGuy has 90 seconds left.\n|\n|t:|1700197816\n|switch|p1a: Kommo-o|Kommo-o, M|100\/100\n|turn|5\n|inactive|DecidueyeGuy has 90 seconds left.\n|\n|t:|1700197838\n|switch|p2a: Forgive|Corviknight, F|100\/100\n|-damage|p2a: Forgive|88\/100|[from] Stealth Rock\n|-ability|p2a: Forgive|Pressure\n|move|p1a: Kommo-o|Clangorous Soul|p1a: Kommo-o\n|-boost|p1a: Kommo-o|atk|1\n|-boost|p1a: Kommo-o|def|1\n|-boost|p1a: Kommo-o|spa|1\n|-boost|p1a: Kommo-o|spd|1\n|-boost|p1a: Kommo-o|spe|1\n|-damage|p1a: Kommo-o|68\/100\n|-enditem|p1a: Kommo-o|Throat Spray\n|-boost|p1a: Kommo-o|spa|1|[from] item: Throat Spray\n|\n|upkeep\n|turn|6\n|c|\u2606Angel_Oceanpart|:O\n|\n|t:|1700197852\n|move|p1a: Kommo-o|Clangorous Soul|p1a: Kommo-o\n|-boost|p1a: Kommo-o|atk|1\n|-boost|p1a: Kommo-o|def|1\n|-boost|p1a: Kommo-o|spa|1\n|-boost|p1a: Kommo-o|spd|1\n|-boost|p1a: Kommo-o|spe|1\n|-damage|p1a: Kommo-o|35\/100\n|move|p2a: Forgive|Defog|p1a: Kommo-o\n|-unboost|p1a: Kommo-o|evasion|1\n|-sideend|p2: Angel_Oceanpart|Toxic Spikes|[from] move: Defog|[of] p2a: Forgive\n|-sideend|p2: Angel_Oceanpart|Stealth Rock|[from] move: Defog|[of] p2a: Forgive\n|\n|upkeep\n|turn|7\n|\n|t:|1700197856\n|move|p1a: Kommo-o|Drain Punch|p2a: Forgive\n|-damage|p2a: Forgive|60\/100\n|-heal|p1a: Kommo-o|54\/100|[from] drain|[of] p2a: Forgive\n|-damage|p1a: Kommo-o|37\/100|[from] item: Rocky Helmet|[of] p2a: Forgive\n|move|p2a: Forgive|U-turn|p1a: Kommo-o\n|-resisted|p1a: Kommo-o\n|-crit|p1a: Kommo-o\n|-damage|p1a: Kommo-o|26\/100\n|\n|t:|1700197860\n|switch|p2a: Tori|Ditto|100\/100|[from] U-turn\n|-transform|p2a: Tori|p1a: Kommo-o|[from] ability: Imposter\n|\n|upkeep\n|turn|8\n|\n|t:|1700197875\n|switch|p1a: Gholdengo|Gholdengo|96\/100\n|move|p2a: Tori|Dragon Tail|p1a: Gholdengo\n|-resisted|p1a: Gholdengo\n|-damage|p1a: Gholdengo|73\/100\n|drag|p1a: Cinderace|Cinderace, F|100\/100\n|\n|upkeep\n|turn|9\n|\n|t:|1700197883\n|move|p2a: Tori|Drain Punch|p1a: Cinderace\n|-damage|p1a: Cinderace|41\/100\n|move|p1a: Cinderace|Will-O-Wisp|p2a: Tori\n|-status|p2a: Tori|brn\n|\n|-damage|p2a: Tori|94\/100 brn|[from] brn\n|upkeep\n|turn|10\n|\n|t:|1700197888\n|move|p2a: Tori|Boomburst|p1a: Cinderace\n|-damage|p1a: Cinderace|0 fnt\n|faint|p1a: Cinderace\n|\n|-damage|p2a: Tori|88\/100 brn|[from] brn\n|upkeep\n|\n|t:|1700197902\n|switch|p1a: Ting-Lu|Ting-Lu|100\/100\n|-ability|p1a: Ting-Lu|Vessel of Ruin\n|turn|11\n|\n|t:|1700197908\n|move|p1a: Ting-Lu|Spikes|p2a: Tori\n|-sidestart|p2: Angel_Oceanpart|Spikes\n|move|p2a: Tori|Dragon Tail|p1a: Ting-Lu\n|-damage|p1a: Ting-Lu|89\/100\n|drag|p1a: Dondozo|Dondozo, F|100\/100\n|\n|-damage|p2a: Tori|82\/100 brn|[from] brn\n|upkeep\n|turn|12\n|\n|t:|1700197914\n|move|p2a: Tori|Drain Punch|p1a: Dondozo\n|-damage|p1a: Dondozo|93\/100\n|-heal|p2a: Tori|89\/100 brn|[from] drain|[of] p1a: Dondozo\n|move|p1a: Dondozo|Liquidation|p2a: Tori\n|-resisted|p2a: Tori\n|-damage|p2a: Tori|76\/100 brn\n|-unboost|p2a: Tori|def|1\n|-enditem|p2a: Tori|Red Card|[of] p1a: Dondozo\n|drag|p1a: Kommo-o|Kommo-o, M|26\/100\n|\n|-damage|p2a: Tori|70\/100 brn|[from] brn\n|upkeep\n|turn|13\n|inactive|DecidueyeGuy has 120 seconds left.\n|\n|t:|1700197922\n|move|p2a: Tori|Boomburst|p1a: Kommo-o\n|-damage|p1a: Kommo-o|0 fnt\n|faint|p1a: Kommo-o\n|\n|-damage|p2a: Tori|64\/100 brn|[from] brn\n|upkeep\n|\n|t:|1700197926\n|switch|p1a: Ting-Lu|Ting-Lu|89\/100\n|-ability|p1a: Ting-Lu|Vessel of Ruin\n|turn|14\n|c|\u2606Angel_Oceanpart|^^\n|\n|t:|1700197930\n|move|p2a: Tori|Boomburst|p1a: Ting-Lu\n|-damage|p1a: Ting-Lu|50\/100\n|move|p1a: Ting-Lu|Spikes|p2a: Tori\n|-sidestart|p2: Angel_Oceanpart|Spikes\n|\n|-heal|p1a: Ting-Lu|56\/100|[from] item: Leftovers\n|-damage|p2a: Tori|58\/100 brn|[from] brn\n|upkeep\n|turn|15\n|\n|t:|1700197948\n|move|p2a: Tori|Boomburst|p1a: Ting-Lu\n|-damage|p1a: Ting-Lu|14\/100\n|move|p1a: Ting-Lu|Spikes|p2a: Tori\n|-sidestart|p2: Angel_Oceanpart|Spikes\n|\n|-heal|p1a: Ting-Lu|21\/100|[from] item: Leftovers\n|-damage|p2a: Tori|52\/100 brn|[from] brn\n|upkeep\n|turn|16\n|\n|t:|1700197954\n|switch|p1a: Dondozo|Dondozo, F|93\/100\n|move|p2a: Tori|Dragon Tail|p1a: Dondozo|[miss]\n|-miss|p2a: Tori|p1a: Dondozo\n|\n|-heal|p1a: Dondozo|99\/100|[from] item: Leftovers\n|-damage|p2a: Tori|46\/100 brn|[from] brn\n|upkeep\n|turn|17\n|\n|t:|1700197962\n|switch|p2a: Forgive|Corviknight, F|60\/100\n|-ability|p2a: Forgive|Pressure\n|move|p1a: Dondozo|Body Press|p2a: Forgive\n|-damage|p2a: Forgive|48\/100\n|-damage|p1a: Dondozo|83\/100|[from] item: Rocky Helmet|[of] p2a: Forgive\n|\n|-heal|p1a: Dondozo|89\/100|[from] item: Leftovers\n|upkeep\n|turn|18\n|\n|t:|1700197971\n|move|p2a: Forgive|U-turn|p1a: Dondozo\n|-damage|p1a: Dondozo|81\/100\n|\n|t:|1700197973\n|switch|p2a: Tora|Alomomola, F|100\/100|[from] U-turn\n|-damage|p2a: Tora|76\/100|[from] Spikes\n|move|p1a: Dondozo|Curse|p1a: Dondozo\n|-unboost|p1a: Dondozo|spe|1\n|-boost|p1a: Dondozo|atk|1\n|-boost|p1a: Dondozo|def|1\n|\n|-heal|p1a: Dondozo|87\/100|[from] item: Leftovers\n|upkeep\n|turn|19\n|\n|t:|1700197977\n|move|p2a: Tora|Wish|p2a: Tora\n|move|p1a: Dondozo|Body Press|p2a: Tora\n|-damage|p2a: Tora|54\/100\n|-enditem|p2a: Tora|Red Card|[of] p1a: Dondozo\n|drag|p1a: Gholdengo|Gholdengo|73\/100\n|\n|upkeep\n|turn|20\n|\n|t:|1700197987\n|move|p1a: Gholdengo|Nasty Plot|p1a: Gholdengo\n|-boost|p1a: Gholdengo|spa|2\n|move|p2a: Tora|Flip Turn|p1a: Gholdengo\n|-damage|p1a: Gholdengo|55\/100\n|\n|t:|1700197989\n|switch|p2a: Tora|Alomomola, F|64\/100 psn|[from] Flip Turn\n|-damage|p2a: Tora|39\/100 psn|[from] Spikes\n|\n|-heal|p2a: Tora|100\/100 psn|[from] move: Wish|[wisher] Tora\n|-damage|p2a: Tora|88\/100 psn|[from] psn\n|upkeep\n|turn|21\n|\n|t:|1700197996\n|move|p2a: Tora|Knock Off|p1a: Gholdengo\n|-supereffective|p1a: Gholdengo\n|-crit|p1a: Gholdengo\n|-damage|p1a: Gholdengo|0 fnt\n|-enditem|p1a: Gholdengo|Covert Cloak|[from] move: Knock Off|[of] p2a: Tora\n|faint|p1a: Gholdengo\n|\n|-damage|p2a: Tora|76\/100 psn|[from] psn\n|upkeep\n|\n|t:|1700198002\n|switch|p1a: Ting-Lu|Ting-Lu|21\/100\n|-ability|p1a: Ting-Lu|Vessel of Ruin\n|turn|22\n|\n|t:|1700198009\n|move|p2a: Tora|Knock Off|p1a: Ting-Lu\n|-resisted|p1a: Ting-Lu\n|-damage|p1a: Ting-Lu|8\/100\n|-enditem|p1a: Ting-Lu|Leftovers|[from] move: Knock Off|[of] p2a: Tora\n|move|p1a: Ting-Lu|Whirlwind|p2a: Tora\n|drag|p2a: Betrayal|Heatran, F|100\/100\n|-damage|p2a: Betrayal|76\/100|[from] Spikes\n|\n|upkeep\n|turn|23\n|\n|t:|1700198021\n|move|p2a: Betrayal|Overheat|p1a: Ting-Lu\n|-damage|p1a: Ting-Lu|0 fnt\n|-unboost|p2a: Betrayal|spa|2\n|faint|p1a: Ting-Lu\n|\n|upkeep\n|\n|t:|1700198023\n|switch|p1a: Dondozo|Dondozo, F|87\/100\n|turn|24\n|\n|t:|1700198050\n|switch|p2a: Tora|Alomomola, F|87\/100\n|-damage|p2a: Tora|62\/100|[from] Spikes\n|move|p1a: Dondozo|Curse|p1a: Dondozo\n|-unboost|p1a: Dondozo|spe|1\n|-boost|p1a: Dondozo|atk|1\n|-boost|p1a: Dondozo|def|1\n|\n|-heal|p1a: Dondozo|93\/100|[from] item: Leftovers\n|upkeep\n|turn|25\n|\n|t:|1700198053\n|move|p2a: Tora|Wish|p2a: Tora\n|move|p1a: Dondozo|Curse|p1a: Dondozo\n|-unboost|p1a: Dondozo|spe|1\n|-boost|p1a: Dondozo|atk|1\n|-boost|p1a: Dondozo|def|1\n|\n|-heal|p1a: Dondozo|99\/100|[from] item: Leftovers\n|upkeep\n|turn|26\n|\n|t:|1700198060\n|move|p2a: Tora|Flip Turn|p1a: Dondozo\n|-resisted|p1a: Dondozo\n|-damage|p1a: Dondozo|97\/100\n|\n|t:|1700198063\n|switch|p2a: Forgive|Corviknight, F|48\/100|[from] Flip Turn\n|-ability|p2a: Forgive|Pressure\n|move|p1a: Dondozo|Curse|p1a: Dondozo\n|-unboost|p1a: Dondozo|spe|1\n|-boost|p1a: Dondozo|atk|1\n|-boost|p1a: Dondozo|def|1\n|\n|-heal|p2a: Forgive|100\/100|[from] move: Wish|[wisher] Tora\n|-heal|p1a: Dondozo|100\/100|[from] item: Leftovers\n|upkeep\n|turn|27\n|\n|t:|1700198068\n|move|p2a: Forgive|Defog|p1a: Dondozo\n|-unboost|p1a: Dondozo|evasion|1\n|-sideend|p2: Angel_Oceanpart|Spikes|[from] move: Defog|[of] p2a: Forgive\n|move|p1a: Dondozo|Curse|p1a: Dondozo\n|-unboost|p1a: Dondozo|spe|1\n|-boost|p1a: Dondozo|atk|1\n|-boost|p1a: Dondozo|def|1\n|\n|upkeep\n|turn|28\n|\n|t:|1700198073\n|move|p2a: Forgive|U-turn|p1a: Dondozo\n|-damage|p1a: Dondozo|98\/100\n|\n|t:|1700198076\n|switch|p2a: Tora|Alomomola, F|95\/100|[from] U-turn\n|move|p1a: Dondozo|Curse|p1a: Dondozo\n|-unboost|p1a: Dondozo|spe|1\n|-boost|p1a: Dondozo|atk|1\n|-boost|p1a: Dondozo|def|1\n|\n|-heal|p1a: Dondozo|100\/100|[from] item: Leftovers\n|upkeep\n|turn|29\n|\n|t:|1700198080\n|move|p2a: Tora|Scald|p1a: Dondozo\n|-resisted|p1a: Dondozo\n|-damage|p1a: Dondozo|97\/100\n|move|p1a: Dondozo|Curse|p1a: Dondozo\n|-unboost|p1a: Dondozo|spe|1\n|-boost|p1a: Dondozo|atk|1\n|-boost|p1a: Dondozo|def|1\n|\n|-heal|p1a: Dondozo|100\/100|[from] item: Leftovers\n|upkeep\n|turn|30\n|\n|t:|1700198086\n|move|p2a: Tora|Scald|p1a: Dondozo\n|-resisted|p1a: Dondozo\n|-damage|p1a: Dondozo|97\/100\n|move|p1a: Dondozo|Body Press|p2a: Tora\n|-damage|p2a: Tora|37\/100\n|\n|-heal|p1a: Dondozo|100\/100|[from] item: Leftovers\n|upkeep\n|turn|31\n|\n|t:|1700198092\n|move|p2a: Tora|Wish|p2a: Tora\n|move|p1a: Dondozo|Body Press|p2a: Tora\n|-damage|p2a: Tora|0 fnt\n|faint|p2a: Tora\n|\n|upkeep\n|c|\u2606Angel_Oceanpart|ow\n|\n|t:|1700198110\n|switch|p2a: Betrayal|Heatran, F|76\/100\n|turn|32\n|\n|t:|1700198114\n|-terastallize|p2a: Betrayal|Grass\n|move|p2a: Betrayal|Tera Blast|p1a: Dondozo|[anim] Tera Blast Grass\n|-supereffective|p1a: Dondozo\n|-damage|p1a: Dondozo|16\/100\n|move|p1a: Dondozo|Liquidation|p2a: Betrayal\n|-resisted|p2a: Betrayal\n|-damage|p2a: Betrayal|22\/100\n|\n|-heal|p2a: Betrayal|99\/100|[from] move: Wish|[wisher] Tora\n|-heal|p1a: Dondozo|22\/100|[from] item: Leftovers\n|upkeep\n|turn|33\n|\n|t:|1700198122\n|move|p2a: Betrayal|Tera Blast|p1a: Dondozo|[anim] Tera Blast Grass\n|-supereffective|p1a: Dondozo\n|-damage|p1a: Dondozo|0 fnt\n|faint|p1a: Dondozo\n|\n|win|Angel_Oceanpart\n|raw|DecidueyeGuy's rating: 1313 &rarr; <strong>1292<\/strong><br \/>(-21 for losing)\n|raw|Angel_Oceanpart's rating: 1304 &rarr; <strong>1325<\/strong><br \/>(+21 for winning)\n|c|\u2606Angel_Oceanpart|gg wp ^^\n|c|\u2606DecidueyeGuy|gg\n|l|\u2606DecidueyeGuy\n","uploadtime":1700198136,"views":7,"p1id":"decidueyeguy","p2id":"angeloceanpart","formatid":"gen9ou","rating":1292,"private":0,"password":""}