{"id":"gen9ou-1990700940","p1":"zurambla","p2":"Username momento","format":"[Gen 9] OU","log":"|j|\u2606zurambla\n|j|\u2606Username momento\n|t:|1699992975\n|gametype|singles\n|player|p1|zurambla|firebreather|1450\n|player|p2|Username momento|ninjaboy|1540\n|teamsize|p1|6\n|teamsize|p2|6\n|gen|9\n|tier|[Gen 9] OU\n|rated|\n|rule|Sleep Clause Mod: Limit one foe put to sleep\n|rule|Species Clause: Limit one of each Pok\u00e9mon\n|rule|OHKO Clause: OHKO moves are banned\n|rule|Evasion Items Clause: Evasion items are banned\n|rule|Evasion Moves Clause: Evasion moves are banned\n|rule|Endless Battle Clause: Forcing endless battles is banned\n|rule|HP Percentage Mod: HP is shown in percentages\n|clearpoke\n|poke|p1|Enamorus, F|\n|poke|p1|Iron Treads|\n|poke|p1|Dragapult, F|\n|poke|p1|Ogerpon-Wellspring, F|\n|poke|p1|Cinderace, F|\n|poke|p1|Weavile, F|\n|poke|p2|Meowscarada, M|\n|poke|p2|Kingambit, M|\n|poke|p2|Zapdos|\n|poke|p2|Zamazenta-*|\n|poke|p2|Great Tusk|\n|poke|p2|Iron Moth|\n|teampreview\n|\n|t:|1699992986\n|start\n|switch|p1a: Iron Treads|Iron Treads, shiny|100\/100\n|switch|p2a: Zamazenta|Zamazenta|100\/100\n|-ability|p2a: Zamazenta|Dauntless Shield|boost\n|-boost|p2a: Zamazenta|def|1\n|-enditem|p1a: Iron Treads|Booster Energy\n|-activate|p1a: Iron Treads|ability: Quark Drive|[fromitem]\n|-start|p1a: Iron Treads|quarkdrivespe\n|turn|1\n|\n|t:|1699992998\n|move|p1a: Iron Treads|Knock Off|p2a: Zamazenta\n|-resisted|p2a: Zamazenta\n|-damage|p2a: Zamazenta|93\/100\n|-enditem|p2a: Zamazenta|Leftovers|[from] move: Knock Off|[of] p1a: Iron Treads\n|move|p2a: Zamazenta|Body Press|p1a: Iron Treads\n|-supereffective|p1a: Iron Treads\n|-damage|p1a: Iron Treads|0 fnt\n|faint|p1a: Iron Treads\n|-end|p1a: Iron Treads|Quark Drive|[silent]\n|\n|upkeep\n|\n|t:|1699993004\n|switch|p1a: Enamorus|Enamorus, F, shiny|100\/100\n|turn|2\n|inactive|Battle timer is ON: inactive players will automatically lose when time's up. (requested by zurambla)\n|\n|t:|1699993016\n|move|p1a: Enamorus|Moonblast|p2a: Zamazenta\n|-supereffective|p2a: Zamazenta\n|-damage|p2a: Zamazenta|0 fnt\n|faint|p2a: Zamazenta\n|\n|upkeep\n|\n|t:|1699993021\n|switch|p2a: Iron Moth|Iron Moth|100\/100\n|-enditem|p2a: Iron Moth|Booster Energy\n|-activate|p2a: Iron Moth|ability: Quark Drive|[fromitem]\n|-start|p2a: Iron Moth|quarkdrivespe\n|turn|3\n|\n|t:|1699993027\n|switch|p1a: Dragapult|Dragapult, F, shiny|100\/100\n|move|p2a: Iron Moth|Fiery Dance|p1a: Dragapult\n|-resisted|p1a: Dragapult\n|-damage|p1a: Dragapult|73\/100\n|\n|-heal|p1a: Dragapult|79\/100|[from] item: Leftovers\n|upkeep\n|turn|4\n|\n|t:|1699993037\n|move|p2a: Iron Moth|Dazzling Gleam|p1a: Dragapult\n|-supereffective|p1a: Dragapult\n|-damage|p1a: Dragapult|0 fnt\n|faint|p1a: Dragapult\n|\n|upkeep\n|\n|t:|1699993040\n|switch|p1a: Enamorus|Enamorus, F, shiny|100\/100\n|turn|5\n|\n|t:|1699993045\n|move|p2a: Iron Moth|Sludge Wave|p1a: Enamorus\n|-supereffective|p1a: Enamorus\n|-crit|p1a: Enamorus\n|-damage|p1a: Enamorus|0 fnt\n|faint|p1a: Enamorus\n|\n|upkeep\n|\n|t:|1699993048\n|switch|p1a: Ogerpon|Ogerpon-Wellspring, F|100\/100\n|turn|6\n|\n|t:|1699993054\n|-terastallize|p1a: Ogerpon|Water\n|detailschange|p1a: Ogerpon|Ogerpon-Wellspring-Tera, F, tera:Water\n|-ability|p1a: Ogerpon|Embody Aspect (Wellspring)|boost\n|-boost|p1a: Ogerpon|spd|1\n|move|p2a: Iron Moth|Fiery Dance|p1a: Ogerpon\n|-resisted|p1a: Ogerpon\n|-damage|p1a: Ogerpon|84\/100\n|move|p1a: Ogerpon|Trailblaze|p2a: Iron Moth\n|-resisted|p2a: Iron Moth\n|-damage|p2a: Iron Moth|89\/100\n|-boost|p1a: Ogerpon|spe|1\n|\n|upkeep\n|turn|7\n|\n|t:|1699993062\n|move|p2a: Iron Moth|Sludge Wave|p1a: Ogerpon\n|-damage|p1a: Ogerpon|49\/100\n|move|p1a: Ogerpon|Ivy Cudgel|p2a: Iron Moth|[anim] Ivy Cudgel Water\n|-supereffective|p2a: Iron Moth\n|-damage|p2a: Iron Moth|0 fnt\n|faint|p2a: Iron Moth\n|-end|p2a: Iron Moth|Quark Drive|[silent]\n|\n|upkeep\n|\n|t:|1699993075\n|switch|p2a: Meowscarada|Meowscarada, M|100\/100\n|turn|8\n|\n|t:|1699993080\n|switch|p1a: Cinderace|Cinderace, F, shiny|100\/100\n|move|p2a: Meowscarada|U-turn|p1a: Cinderace\n|-start|p2a: Meowscarada|typechange|Bug|[from] ability: Protean\n|-resisted|p1a: Cinderace\n|-damage|p1a: Cinderace|65\/100\n|\n|t:|1699993084\n|switch|p2a: Zapdos|Zapdos|100\/100|[from] U-turn\n|\n|upkeep\n|turn|9\n|\n|t:|1699993088\n|move|p1a: Cinderace|Pyro Ball|p2a: Zapdos\n|-damage|p2a: Zapdos|33\/100\n|move|p2a: Zapdos|Volt Switch|p1a: Cinderace\n|-damage|p1a: Cinderace|11\/100\n|\n|t:|1699993092\n|switch|p2a: Meowscarada|Meowscarada, M|100\/100|[from] Volt Switch\n|\n|upkeep\n|turn|10\n|\n|t:|1699993096\n|move|p2a: Meowscarada|U-turn|p1a: Cinderace\n|-start|p2a: Meowscarada|typechange|Bug|[from] ability: Protean\n|-resisted|p1a: Cinderace\n|-damage|p1a: Cinderace|0 fnt\n|faint|p1a: Cinderace\n|\n|t:|1699993100\n|switch|p2a: Kingambit|Kingambit, M|100\/100|[from] U-turn\n|-activate|p2a: Kingambit|ability: Supreme Overlord\n|-start|p2a: Kingambit|fallen2|[silent]\n|\n|upkeep\n|\n|t:|1699993102\n|switch|p1a: Weavile|Weavile, F|100\/100\n|turn|11\n|\n|t:|1699993106\n|-terastallize|p2a: Kingambit|Flying\n|move|p1a: Weavile|Ice Spinner|p2a: Kingambit\n|-supereffective|p2a: Kingambit\n|-damage|p2a: Kingambit|39\/100\n|move|p2a: Kingambit|Iron Head|p1a: Weavile\n|-supereffective|p1a: Weavile\n|-damage|p1a: Weavile|0 fnt\n|faint|p1a: Weavile\n|\n|-heal|p2a: Kingambit|45\/100|[from] item: Leftovers\n|upkeep\n|-message|zurambla forfeited.\n|\n|win|Username momento\n|raw|zurambla's rating: 1450 &rarr; <strong>1435<\/strong><br \/>(-15 for losing)\n|raw|Username momento's rating: 1540 &rarr; <strong>1555<\/strong><br \/>(+15 for winning)\n|l|\u2606zurambla\n","uploadtime":1699993126,"views":21,"p1id":"zurambla","p2id":"usernamemomento","formatid":"gen9ou","rating":1435,"private":0,"password":""}