{"id":"gen9ou-1994595461","p1":"spaFreknaW","p2":"slugdragon","format":"[Gen 9] OU","log":"|j|\u2606spaFreknaW\n|j|\u2606slugdragon\n|t:|1700466359\n|gametype|singles\n|player|p1|spaFreknaW|265|1154\n|player|p2|slugdragon|tuberf|1225\n|teamsize|p1|6\n|teamsize|p2|6\n|gen|9\n|tier|[Gen 9] OU\n|rated|\n|rule|Sleep Clause Mod: Limit one foe put to sleep\n|rule|Species Clause: Limit one of each Pok\u00e9mon\n|rule|OHKO Clause: OHKO moves are banned\n|rule|Evasion Items Clause: Evasion items are banned\n|rule|Evasion Moves Clause: Evasion moves are banned\n|rule|Endless Battle Clause: Forcing endless battles is banned\n|rule|HP Percentage Mod: HP is shown in percentages\n|clearpoke\n|poke|p1|Dragapult, M|\n|poke|p1|Enamorus, F|\n|poke|p1|Greninja-*, M|\n|poke|p1|Zapdos|\n|poke|p1|Cinderace, M|\n|poke|p1|Heatran, F|\n|poke|p2|Kingambit, M|\n|poke|p2|Dragapult, F|\n|poke|p2|Zamazenta-*|\n|poke|p2|Corviknight, M|\n|poke|p2|Rotom-Wash|\n|poke|p2|Clodsire, M|\n|teampreview\n|\n|t:|1700466387\n|start\n|switch|p1a: Nudist|Dragapult, M|100\/100\n|switch|p2a: Rotom|Rotom-Wash|100\/100\n|turn|1\n|\n|t:|1700466393\n|move|p1a: Nudist|Dragon Dance|p1a: Nudist\n|-boost|p1a: Nudist|atk|1\n|-boost|p1a: Nudist|spe|1\n|move|p2a: Rotom|Thunder Wave|p1a: Nudist\n|-status|p1a: Nudist|par\n|\n|upkeep\n|turn|2\n|\n|t:|1700466404\n|move|p1a: Nudist|Dragon Dance|p1a: Nudist\n|-boost|p1a: Nudist|atk|1\n|-boost|p1a: Nudist|spe|1\n|move|p2a: Rotom|Volt Switch|p1a: Nudist\n|-resisted|p1a: Nudist\n|-damage|p1a: Nudist|83\/100 par\n|\n|t:|1700466408\n|switch|p2a: Corviknight|Corviknight, M|100\/100|[from] Volt Switch\n|-ability|p2a: Corviknight|Pressure\n|\n|upkeep\n|turn|3\n|\n|t:|1700466420\n|move|p1a: Nudist|Phantom Force||[still]\n|-prepare|p1a: Nudist|Phantom Force\n|move|p2a: Corviknight|Iron Head|p1a: Nudist|[miss]\n|-miss|p2a: Corviknight|p1a: Nudist\n|\n|upkeep\n|turn|4\n|\n|t:|1700466424\n|cant|p1a: Nudist|par\n|move|p2a: Corviknight|Iron Head|p1a: Nudist\n|-damage|p1a: Nudist|50\/100 par\n|\n|upkeep\n|turn|5\n|\n|t:|1700466432\n|move|p1a: Nudist|Phantom Force||[still]\n|-prepare|p1a: Nudist|Phantom Force\n|move|p2a: Corviknight|Iron Head|p1a: Nudist|[miss]\n|-miss|p2a: Corviknight|p1a: Nudist\n|\n|upkeep\n|turn|6\n|\n|t:|1700466437\n|move|p1a: Nudist|Phantom Force|p2a: Corviknight|[from]lockedmove\n|-damage|p2a: Corviknight|29\/100\n|-damage|p1a: Nudist|41\/100 par|[from] item: Life Orb\n|move|p2a: Corviknight|U-turn|p1a: Nudist\n|-resisted|p1a: Nudist\n|-damage|p1a: Nudist|31\/100 par\n|\n|t:|1700466441\n|switch|p2a: Rotom|Rotom-Wash|100\/100|[from] U-turn\n|\n|upkeep\n|turn|7\n|\n|t:|1700466448\n|move|p1a: Nudist|Dragon Darts|p2a: Rotom\n|-damage|p2a: Rotom|28\/100\n|-anim|p1a: Nudist|Dragon Darts|p2a: Rotom\n|-damage|p2a: Rotom|0 fnt\n|faint|p2a: Rotom\n|-damage|p1a: Nudist|21\/100 par|[from] item: Life Orb\n|\n|upkeep\n|\n|t:|1700466454\n|switch|p2a: Clodsire|Clodsire, M|100\/100\n|turn|8\n|\n|t:|1700466487\n|cant|p1a: Nudist|par\n|move|p2a: Clodsire|Earthquake|p1a: Nudist\n|-damage|p1a: Nudist|0 fnt\n|faint|p1a: Nudist\n|\n|upkeep\n|\n|t:|1700466509\n|switch|p1a: slurper|Greninja, M|100\/100\n|turn|9\n|\n|t:|1700466539\n|move|p1a: slurper|Surf|p2a: Clodsire\n|-supereffective|p2a: Clodsire\n|-damage|p2a: Clodsire|43\/100\n|-damage|p1a: slurper|91\/100|[from] item: Life Orb\n|move|p2a: Clodsire|Yawn|p1a: slurper\n|-start|p1a: slurper|move: Yawn|[of] p2a: Clodsire\n|\n|-heal|p2a: Clodsire|49\/100|[from] item: Leftovers\n|upkeep\n|turn|10\n|\n|t:|1700466560\n|switch|p1a: LGBTABCalphabetman|Enamorus, F|100\/100\n|switch|p2a: Dragapult|Dragapult, F|100\/100\n|\n|upkeep\n|turn|11\n|c|\u2606spaFreknaW|Holy flip\n|c|\u2606spaFreknaW|The read\n|c|\u2606spaFreknaW|Was crazy\n|\n|t:|1700466597\n|move|p1a: LGBTABCalphabetman|Moonblast|p2a: Dragapult\n|-supereffective|p2a: Dragapult\n|-damage|p2a: Dragapult|0 fnt\n|faint|p2a: Dragapult\n|\n|upkeep\n|c|\u2606spaFreknaW|Damn no forfeit?\n|\n|t:|1700466603\n|switch|p2a: Corviknight|Corviknight, M|29\/100\n|-ability|p2a: Corviknight|Pressure\n|turn|12\n|c|\u2606spaFreknaW|I respect it\n|\n|t:|1700466607\n|move|p1a: LGBTABCalphabetman|Moonblast|p2a: Corviknight\n|-resisted|p2a: Corviknight\n|-damage|p2a: Corviknight|4\/100\n|move|p2a: Corviknight|Roost|p2a: Corviknight\n|-heal|p2a: Corviknight|54\/100\n|-singleturn|p2a: Corviknight|move: Roost\n|\n|-heal|p2a: Corviknight|60\/100|[from] item: Leftovers\n|upkeep\n|turn|13\n|\n|t:|1700466628\n|switch|p1a: Pigeot|Zapdos|100\/100\n|move|p2a: Corviknight|Roost|p2a: Corviknight\n|-heal|p2a: Corviknight|100\/100\n|-singleturn|p2a: Corviknight|move: Roost\n|\n|upkeep\n|turn|14\n|\n|t:|1700466642\n|move|p1a: Pigeot|Thunderbolt|p2a: Corviknight\n|-supereffective|p2a: Corviknight\n|-damage|p2a: Corviknight|0 fnt\n|faint|p2a: Corviknight\n|\n|upkeep\n|\n|t:|1700466645\n|switch|p2a: Zamazenta|Zamazenta|100\/100\n|-ability|p2a: Zamazenta|Dauntless Shield|boost\n|-boost|p2a: Zamazenta|def|1\n|turn|15\n|\n|t:|1700466653\n|move|p2a: Zamazenta|Stone Edge|p1a: Pigeot\n|-supereffective|p1a: Pigeot\n|-damage|p1a: Pigeot|0 fnt\n|faint|p1a: Pigeot\n|\n|upkeep\n|c|\u2606slugdragon|Nah\n|\n|t:|1700466666\n|switch|p1a: LGBTABCalphabetman|Enamorus, F|100\/100\n|turn|16\n|c|\u2606slugdragon|Why tf scarf enam tho\n|\n|t:|1700466683\n|switch|p2a: Clodsire|Clodsire, M|49\/100\n|move|p1a: LGBTABCalphabetman|Moonblast|p2a: Clodsire\n|-resisted|p2a: Clodsire\n|-damage|p2a: Clodsire|35\/100\n|\n|-heal|p2a: Clodsire|41\/100|[from] item: Leftovers\n|upkeep\n|turn|17\n|\n|t:|1700466696\n|switch|p1a: slurper|Greninja, M|91\/100\n|move|p2a: Clodsire|Recover|p2a: Clodsire\n|-heal|p2a: Clodsire|91\/100\n|\n|-heal|p2a: Clodsire|97\/100|[from] item: Leftovers\n|upkeep\n|turn|18\n|c|\u2606spaFreknaW|Cuz 405 SpA does not need more spA you know what I mean?\n|\n|t:|1700466709\n|move|p1a: slurper|Surf|p2a: Clodsire\n|-supereffective|p2a: Clodsire\n|-damage|p2a: Clodsire|38\/100\n|-damage|p1a: slurper|81\/100|[from] item: Life Orb\n|move|p2a: Clodsire|Yawn|p1a: slurper\n|-start|p1a: slurper|move: Yawn|[of] p2a: Clodsire\n|\n|-heal|p2a: Clodsire|44\/100|[from] item: Leftovers\n|upkeep\n|turn|19\n|\n|t:|1700466737\n|switch|p1a: Cinderacchi|Cinderace, M|100\/100\n|-terastallize|p2a: Clodsire|Fairy\n|move|p2a: Clodsire|Recover|p2a: Clodsire\n|-heal|p2a: Clodsire|94\/100\n|\n|-heal|p2a: Clodsire|99\/100|[from] item: Leftovers\n|upkeep\n|turn|20\n|\n|t:|1700466746\n|move|p1a: Cinderacchi|Swords Dance|p1a: Cinderacchi\n|-boost|p1a: Cinderacchi|atk|2\n|move|p2a: Clodsire|Yawn|p1a: Cinderacchi\n|-start|p1a: Cinderacchi|move: Yawn|[of] p2a: Clodsire\n|\n|-heal|p2a: Clodsire|100\/100|[from] item: Leftovers\n|upkeep\n|turn|21\n|c|\u2606slugdragon|Sub is better imo for ur team\n|\n|t:|1700466760\n|move|p1a: Cinderacchi|Pyro Ball|p2a: Clodsire\n|-damage|p2a: Clodsire|39\/100\n|move|p2a: Clodsire|Earthquake|p1a: Cinderacchi\n|-supereffective|p1a: Cinderacchi\n|-damage|p1a: Cinderacchi|21\/100\n|\n|-heal|p2a: Clodsire|45\/100|[from] item: Leftovers\n|-end|p1a: Cinderacchi|move: Yawn|[silent]\n|-status|p1a: Cinderacchi|slp\n|upkeep\n|turn|22\n|\n|t:|1700466774\n|switch|p1a: Hot Spider|Heatran, F|100\/100\n|-item|p1a: Hot Spider|Air Balloon\n|move|p2a: Clodsire|Recover|p2a: Clodsire\n|-heal|p2a: Clodsire|96\/100\n|\n|-heal|p2a: Clodsire|100\/100|[from] item: Leftovers\n|upkeep\n|turn|23\n|c|\u2606slugdragon|But it\u2019s not my team\n|\n|t:|1700466785\n|move|p1a: Hot Spider|Flash Cannon|p2a: Clodsire\n|-supereffective|p2a: Clodsire\n|-crit|p2a: Clodsire\n|-damage|p2a: Clodsire|26\/100\n|move|p2a: Clodsire|Stealth Rock|p1a: Hot Spider\n|-sidestart|p1: spaFreknaW|move: Stealth Rock\n|\n|-heal|p2a: Clodsire|32\/100|[from] item: Leftovers\n|upkeep\n|turn|24\n|c|\u2606spaFreknaW|It's possible\n|\n|t:|1700466793\n|switch|p2a: Zamazenta|Zamazenta|100\/100\n|move|p1a: Hot Spider|Flash Cannon|p2a: Zamazenta\n|-damage|p2a: Zamazenta|55\/100\n|\n|upkeep\n|turn|25\n|\n|t:|1700466802\n|move|p2a: Zamazenta|Close Combat|p1a: Hot Spider\n|-supereffective|p1a: Hot Spider\n|-damage|p1a: Hot Spider|0 fnt\n|-unboost|p2a: Zamazenta|def|1\n|-unboost|p2a: Zamazenta|spd|1\n|-enditem|p1a: Hot Spider|Air Balloon\n|faint|p1a: Hot Spider\n|\n|upkeep\n|\n|t:|1700466810\n|switch|p1a: Cinderacchi|Cinderace, M|21\/100 slp\n|turn|26\n|\n|t:|1700466814\n|move|p2a: Zamazenta|Close Combat|p1a: Cinderacchi\n|-damage|p1a: Cinderacchi|0 fnt\n|-unboost|p2a: Zamazenta|def|1\n|-unboost|p2a: Zamazenta|spd|1\n|faint|p1a: Cinderacchi\n|\n|upkeep\n|\n|t:|1700466824\n|switch|p1a: LGBTABCalphabetman|Enamorus, F|100\/100\n|-damage|p1a: LGBTABCalphabetman|76\/100|[from] Stealth Rock\n|turn|27\n|c|\u2606spaFreknaW|wait\n|c|\u2606spaFreknaW|I forgot to keep track\n|c|\u2606spaFreknaW|Is it scarfed?\n|\n|t:|1700466846\n|switch|p2a: Clodsire|Clodsire, M, tera:Fairy|32\/100\n|move|p1a: LGBTABCalphabetman|Moonblast|p2a: Clodsire\n|-damage|p2a: Clodsire|3\/100\n|-unboost|p2a: Clodsire|spa|1\n|\n|-heal|p2a: Clodsire|9\/100|[from] item: Leftovers\n|upkeep\n|turn|28\n|c|\u2606slugdragon|No comment\n|\n|t:|1700466855\n|switch|p2a: Kingambit|Kingambit, M|100\/100\n|-activate|p2a: Kingambit|ability: Supreme Overlord\n|-start|p2a: Kingambit|fallen3|[silent]\n|move|p1a: LGBTABCalphabetman|Moonblast|p2a: Kingambit\n|-damage|p2a: Kingambit|49\/100\n|\n|-heal|p2a: Kingambit|55\/100|[from] item: Leftovers\n|upkeep\n|turn|29\n|c|\u2606spaFreknaW|Okay it's not\n|c|\u2606spaFreknaW|Cool\n|\n|t:|1700466865\n|move|p2a: Kingambit|Protect|p2a: Kingambit\n|-singleturn|p2a: Kingambit|Protect\n|move|p1a: LGBTABCalphabetman|Moonblast|p2a: Kingambit\n|-activate|p2a: Kingambit|move: Protect\n|\n|-heal|p2a: Kingambit|61\/100|[from] item: Leftovers\n|upkeep\n|turn|30\n|\n|t:|1700466873\n|move|p1a: LGBTABCalphabetman|Moonblast|p2a: Kingambit\n|-damage|p2a: Kingambit|8\/100\n|move|p2a: Kingambit|Iron Head|p1a: LGBTABCalphabetman\n|-supereffective|p1a: LGBTABCalphabetman\n|-damage|p1a: LGBTABCalphabetman|0 fnt\n|-start|p2a: Kingambit|Attract|[from] ability: Cute Charm|[of] p1a: LGBTABCalphabetman\n|faint|p1a: LGBTABCalphabetman\n|-end|p2a: Kingambit|Attract|[silent]\n|\n|-heal|p2a: Kingambit|15\/100|[from] item: Leftovers\n|upkeep\n|\n|t:|1700466882\n|switch|p1a: slurper|Greninja, M|81\/100\n|-damage|p1a: slurper|69\/100|[from] Stealth Rock\n|turn|31\n|\n|t:|1700466907\n|move|p2a: Kingambit|Protect|p2a: Kingambit\n|-singleturn|p2a: Kingambit|Protect\n|move|p1a: slurper|Surf|p2a: Kingambit\n|-activate|p2a: Kingambit|move: Protect\n|\n|-heal|p2a: Kingambit|21\/100|[from] item: Leftovers\n|upkeep\n|turn|32\n|c|\u2606spaFreknaW|Battle bond\n|c|\u2606spaFreknaW|GG this was actually a hype game\n|c|\u2606spaFreknaW|32 turns is crazy\n|\n|t:|1700466953\n|move|p2a: Kingambit|Sucker Punch|p1a: slurper\n|-resisted|p1a: slurper\n|-damage|p1a: slurper|24\/100\n|move|p1a: slurper|Surf|p2a: Kingambit\n|-damage|p2a: Kingambit|0 fnt\n|faint|p2a: Kingambit\n|-end|p2a: Kingambit|fallen3|[silent]\n|-ability|p1a: slurper|Battle Bond|boost\n|-boost|p1a: slurper|atk|1\n|-boost|p1a: slurper|spa|1\n|-boost|p1a: slurper|spe|1\n|-activate|p1a: slurper|ability: Battle Bond\n|-damage|p1a: slurper|14\/100|[from] item: Life Orb\n|\n|upkeep\n|\n|t:|1700466958\n|switch|p2a: Clodsire|Clodsire, M, tera:Fairy|9\/100\n|turn|33\n|c|\u2606spaFreknaW|I used to be ranked top 50 on the leaderboard\n|c|\u2606slugdragon|Shoulda kept clod healthy\n|\n|t:|1700466979\n|-terastallize|p1a: slurper|Psychic\n|move|p1a: slurper|Extrasensory|p2a: Clodsire\n|-damage|p2a: Clodsire|0 fnt\n|faint|p2a: Clodsire\n|-damage|p1a: slurper|4\/100|[from] item: Life Orb\n|\n|upkeep\n|\n|t:|1700466983\n|switch|p2a: Zamazenta|Zamazenta|55\/100\n|turn|34\n|\n|t:|1700466992\n|move|p1a: slurper|Extrasensory|p2a: Zamazenta\n|-supereffective|p2a: Zamazenta\n|-damage|p2a: Zamazenta|0 fnt\n|faint|p2a: Zamazenta\n|-damage|p1a: slurper|0 fnt|[from] item: Life Orb\n|faint|p1a: slurper\n|\n|win|spaFreknaW\n|raw|spaFreknaW's rating: 1154 &rarr; <strong>1184<\/strong><br \/>(+30 for winning)\n|raw|slugdragon's rating: 1225 &rarr; <strong>1195<\/strong><br \/>(-30 for losing)\n|c|\u2606spaFreknaW|GG\n|l|\u2606slugdragon\n","uploadtime":1700467544,"views":15,"p1id":"spafreknaw","p2id":"slugdragon","formatid":"gen9ou","rating":1184,"private":0,"password":""}