{"id":"gen9ou-1992718976","p1":"Paulopaiva1","p2":"SovietSlav","format":"[Gen 9] OU","log":"|j|\u2606Paulopaiva1\n|j|\u2606SovietSlav\n|t:|1700228814\n|gametype|singles\n|player|p1|Paulopaiva1|lucas|1193\n|player|p2|SovietSlav|teamrocket|1205\n|teamsize|p1|6\n|teamsize|p2|6\n|gen|9\n|tier|[Gen 9] OU\n|rated|\n|rule|Sleep Clause Mod: Limit one foe put to sleep\n|rule|Species Clause: Limit one of each Pok\u00e9mon\n|rule|OHKO Clause: OHKO moves are banned\n|rule|Evasion Items Clause: Evasion items are banned\n|rule|Evasion Moves Clause: Evasion moves are banned\n|rule|Endless Battle Clause: Forcing endless battles is banned\n|rule|HP Percentage Mod: HP is shown in percentages\n|clearpoke\n|poke|p1|Espeon, F|\n|poke|p1|Hatterene, F|\n|poke|p1|Gengar, M|\n|poke|p1|Dragapult, M|\n|poke|p1|Iron Treads|\n|poke|p1|Iron Moth|\n|poke|p2|Alomomola, F|\n|poke|p2|Slowking-Galar, F|\n|poke|p2|Kingambit, F|\n|poke|p2|Great Tusk|\n|poke|p2|Cinderace, F|\n|poke|p2|Thundurus-Therian, M|\n|teampreview\n|\n|t:|1700228841\n|start\n|switch|p1a: Sakura|Espeon, F|100\/100\n|switch|p2a: Great Tusk|Great Tusk|100\/100\n|turn|1\n|\n|t:|1700228869\n|-end|p2a: Great Tusk|Protosynthesis|[silent]\n|switch|p2a: Kingambit|Kingambit, F|100\/100\n|move|p1a: Sakura|Psychic|p2a: Kingambit\n|-immune|p2a: Kingambit\n|\n|upkeep\n|turn|2\n|\n|t:|1700228887\n|move|p1a: Sakura|Thunder Wave|p2a: Kingambit\n|-status|p2a: Kingambit|par\n|move|p2a: Kingambit|Swords Dance|p2a: Kingambit\n|-boost|p2a: Kingambit|atk|2\n|\n|upkeep\n|turn|3\n|\n|t:|1700228893\n|switch|p1a: Samsung|Iron Treads|100\/100\n|move|p2a: Kingambit|Kowtow Cleave|p1a: Samsung\n|-damage|p1a: Samsung|5\/100\n|-enditem|p1a: Samsung|Sitrus Berry|[eat]\n|-heal|p1a: Samsung|30\/100|[from] item: Sitrus Berry\n|\n|upkeep\n|turn|4\n|\n|t:|1700228901\n|cant|p2a: Kingambit|par\n|move|p1a: Samsung|Earthquake|p2a: Kingambit\n|-supereffective|p2a: Kingambit\n|-damage|p2a: Kingambit|36\/100 par\n|\n|-heal|p2a: Kingambit|42\/100 par|[from] item: Leftovers\n|upkeep\n|turn|5\n|\n|t:|1700228913\n|move|p2a: Kingambit|Sucker Punch|p1a: Samsung\n|-crit|p1a: Samsung\n|-damage|p1a: Samsung|0 fnt\n|faint|p1a: Samsung\n|-end|p1a: Samsung|Quark Drive|[silent]\n|\n|-heal|p2a: Kingambit|49\/100 par|[from] item: Leftovers\n|upkeep\n|\n|t:|1700228924\n|switch|p1a: Iron Moth|Iron Moth|100\/100\n|-enditem|p1a: Iron Moth|Booster Energy\n|-activate|p1a: Iron Moth|ability: Quark Drive|[fromitem]\n|-start|p1a: Iron Moth|quarkdrivespa\n|turn|6\n|\n|t:|1700228946\n|move|p2a: Kingambit|Sucker Punch|p1a: Iron Moth\n|-damage|p1a: Iron Moth|0 fnt\n|faint|p1a: Iron Moth\n|-end|p1a: Iron Moth|Quark Drive|[silent]\n|\n|-heal|p2a: Kingambit|55\/100 par|[from] item: Leftovers\n|upkeep\n|\n|t:|1700228954\n|switch|p1a: UFO|Dragapult, M|100\/100\n|turn|7\n|\n|t:|1700228959\n|move|p2a: Kingambit|Sucker Punch|p1a: UFO\n|-supereffective|p1a: UFO\n|-damage|p1a: UFO|0 fnt\n|faint|p1a: UFO\n|\n|-heal|p2a: Kingambit|61\/100 par|[from] item: Leftovers\n|upkeep\n|\n|t:|1700228965\n|switch|p1a: Hades|Gengar, M|100\/100\n|turn|8\n|\n|t:|1700228968\n|cant|p2a: Kingambit|par\n|move|p1a: Hades|Shadow Ball|p2a: Kingambit\n|-resisted|p2a: Kingambit\n|-crit|p2a: Kingambit\n|-damage|p2a: Kingambit|30\/100 par\n|\n|-heal|p2a: Kingambit|36\/100 par|[from] item: Leftovers\n|upkeep\n|turn|9\n|\n|t:|1700228975\n|move|p2a: Kingambit|Sucker Punch|p1a: Hades\n|-supereffective|p1a: Hades\n|-enditem|p1a: Hades|Focus Sash\n|-damage|p1a: Hades|1\/100\n|move|p1a: Hades|Shadow Ball|p2a: Kingambit\n|-resisted|p2a: Kingambit\n|-damage|p2a: Kingambit|16\/100 par\n|\n|-heal|p2a: Kingambit|23\/100 par|[from] item: Leftovers\n|upkeep\n|turn|10\n|\n|t:|1700228984\n|move|p2a: Kingambit|Sucker Punch|p1a: Hades\n|-supereffective|p1a: Hades\n|-damage|p1a: Hades|0 fnt\n|faint|p1a: Hades\n|\n|-heal|p2a: Kingambit|29\/100 par|[from] item: Leftovers\n|upkeep\n|\n|t:|1700228987\n|switch|p1a: Sakura|Espeon, F|100\/100\n|turn|11\n|\n|t:|1700228991\n|move|p2a: Kingambit|Sucker Punch|p1a: Sakura\n|-supereffective|p1a: Sakura\n|-enditem|p1a: Sakura|Focus Sash\n|-damage|p1a: Sakura|1\/100\n|move|p1a: Sakura|Dazzling Gleam|p2a: Kingambit\n|-damage|p2a: Kingambit|4\/100 par\n|\n|-heal|p2a: Kingambit|11\/100 par|[from] item: Leftovers\n|upkeep\n|turn|12\n|\n|t:|1700228999\n|move|p2a: Kingambit|Sucker Punch|p1a: Sakura\n|-supereffective|p1a: Sakura\n|-damage|p1a: Sakura|0 fnt\n|faint|p1a: Sakura\n|\n|-heal|p2a: Kingambit|17\/100 par|[from] item: Leftovers\n|upkeep\n|\n|t:|1700229001\n|switch|p1a: Minerva|Hatterene, F|100\/100\n|turn|13\n|\n|t:|1700229006\n|-terastallize|p1a: Minerva|Fairy\n|move|p2a: Kingambit|Sucker Punch|p1a: Minerva\n|-resisted|p1a: Minerva\n|-damage|p1a: Minerva|56\/100\n|move|p1a: Minerva|Draining Kiss|p2a: Kingambit\n|-damage|p2a: Kingambit|0 fnt\n|-heal|p1a: Minerva|72\/100|[from] drain|[of] p2a: Kingambit\n|faint|p2a: Kingambit\n|-end|p2a: Kingambit|fallenundefined|[silent]\n|\n|-heal|p1a: Minerva|78\/100|[from] item: Leftovers\n|upkeep\n|\n|t:|1700229036\n|switch|p2a: Thundurus|Thundurus-Therian, M|100\/100\n|turn|14\n|\n|t:|1700229040\n|-terastallize|p2a: Thundurus|Flying\n|move|p2a: Thundurus|Tera Blast|p1a: Minerva|[anim] Tera Blast Flying\n|-damage|p1a: Minerva|0 fnt\n|faint|p1a: Minerva\n|\n|win|SovietSlav\n|raw|Paulopaiva1's rating: 1193 &rarr; <strong>1169<\/strong><br \/>(-24 for losing)\n|raw|SovietSlav's rating: 1205 &rarr; <strong>1229<\/strong><br \/>(+24 for winning)\n|l|\u2606Paulopaiva1\n","uploadtime":1700229048,"views":10,"p1id":"paulopaiva1","p2id":"sovietslav","formatid":"gen9ou","rating":1169,"private":0,"password":""}