{"id":"gen9ou-1988572582","p1":"PokemonUser19283","p2":"Nick Martini","format":"[Gen 9] OU","log":"|j|\u2606PokemonUser19283\n|j|\u2606Nick Martini\n|t:|1699737523\n|gametype|singles\n|player|p1|PokemonUser19283|lance-gen2|1082\n|player|p2|Nick Martini|cynthia-gen4|1081\n|teamsize|p1|6\n|teamsize|p2|6\n|gen|9\n|tier|[Gen 9] OU\n|rated|\n|rule|Sleep Clause Mod: Limit one foe put to sleep\n|rule|Species Clause: Limit one of each Pok\u00e9mon\n|rule|OHKO Clause: OHKO moves are banned\n|rule|Evasion Items Clause: Evasion items are banned\n|rule|Evasion Moves Clause: Evasion moves are banned\n|rule|Endless Battle Clause: Forcing endless battles is banned\n|rule|HP Percentage Mod: HP is shown in percentages\n|clearpoke\n|poke|p1|Iron Hands|\n|poke|p1|Milotic, M|\n|poke|p1|Sandy Shocks|\n|poke|p1|Grimmsnarl, M|\n|poke|p1|Cinderace, M|\n|poke|p1|Sneasler, M|\n|poke|p2|Ribombee, M|\n|poke|p2|Clodsire, M|\n|poke|p2|Gholdengo|\n|poke|p2|Dragonite, F|\n|poke|p2|Kingambit, M|\n|poke|p2|Ceruledge, F|\n|teampreview\n|\n|t:|1699737561\n|start\n|switch|p1a: Sneasler|Sneasler, M|100\/100\n|switch|p2a: Ribombee|Ribombee, M|100\/100\n|turn|1\n|\n|t:|1699737576\n|move|p1a: Sneasler|Fake Out|p2a: Ribombee\n|-enditem|p1a: Sneasler|Normal Gem|[from] gem\n|-damage|p2a: Ribombee|63\/100\n|move|p2a: Ribombee|Sticky Web|p1a: Sneasler\n|-sidestart|p1: PokemonUser19283|move: Sticky Web\n|\n|upkeep\n|turn|2\n|\n|t:|1699737584\n|move|p1a: Sneasler|Dire Claw|p2a: Ribombee\n|-supereffective|p2a: Ribombee\n|-damage|p2a: Ribombee|0 fnt\n|faint|p2a: Ribombee\n|\n|upkeep\n|\n|t:|1699737592\n|switch|p2a: Clodsire|Clodsire, M|100\/100\n|turn|3\n|\n|t:|1699737602\n|-terastallize|p1a: Sneasler|Dark\n|move|p1a: Sneasler|Swords Dance|p1a: Sneasler\n|-boost|p1a: Sneasler|atk|2\n|move|p2a: Clodsire|Stealth Rock|p1a: Sneasler\n|-sidestart|p1: PokemonUser19283|move: Stealth Rock\n|\n|upkeep\n|turn|4\n|\n|t:|1699737616\n|move|p1a: Sneasler|Close Combat|p2a: Clodsire\n|-resisted|p2a: Clodsire\n|-damage|p2a: Clodsire|65\/100\n|-unboost|p1a: Sneasler|def|1\n|-unboost|p1a: Sneasler|spd|1\n|move|p2a: Clodsire|Spikes|p1a: Sneasler\n|-sidestart|p1: PokemonUser19283|Spikes\n|\n|-heal|p2a: Clodsire|72\/100|[from] item: Leftovers\n|upkeep\n|turn|5\n|\n|t:|1699737624\n|move|p1a: Sneasler|Close Combat|p2a: Clodsire\n|-resisted|p2a: Clodsire\n|-damage|p2a: Clodsire|35\/100\n|-unboost|p1a: Sneasler|def|1\n|-unboost|p1a: Sneasler|spd|1\n|move|p2a: Clodsire|Spikes|p1a: Sneasler\n|-sidestart|p1: PokemonUser19283|Spikes\n|\n|-heal|p2a: Clodsire|42\/100|[from] item: Leftovers\n|upkeep\n|turn|6\n|\n|t:|1699737632\n|move|p1a: Sneasler|Close Combat|p2a: Clodsire\n|-resisted|p2a: Clodsire\n|-damage|p2a: Clodsire|5\/100\n|-unboost|p1a: Sneasler|def|1\n|-unboost|p1a: Sneasler|spd|1\n|move|p2a: Clodsire|Haze|p2a: Clodsire\n|-clearallboost\n|\n|-heal|p2a: Clodsire|11\/100|[from] item: Leftovers\n|upkeep\n|turn|7\n|\n|t:|1699737642\n|move|p1a: Sneasler|Close Combat|p2a: Clodsire\n|-resisted|p2a: Clodsire\n|-crit|p2a: Clodsire\n|-damage|p2a: Clodsire|0 fnt\n|-unboost|p1a: Sneasler|def|1\n|-unboost|p1a: Sneasler|spd|1\n|faint|p2a: Clodsire\n|\n|upkeep\n|inactive|Battle timer is ON: inactive players will automatically lose when time's up. (requested by PokemonUser19283)\n|\n|t:|1699737663\n|switch|p2a: Ceruledge|Ceruledge, F|100\/100\n|turn|8\n|\n|t:|1699737676\n|move|p1a: Sneasler|Dire Claw|p2a: Ceruledge\n|-resisted|p2a: Ceruledge\n|-damage|p2a: Ceruledge|69\/100\n|-ability|p2a: Ceruledge|Weak Armor|boost\n|-unboost|p2a: Ceruledge|def|1\n|-boost|p2a: Ceruledge|spe|2\n|move|p2a: Ceruledge|Close Combat|p1a: Sneasler\n|-supereffective|p1a: Sneasler\n|-crit|p1a: Sneasler\n|-damage|p1a: Sneasler|0 fnt\n|-unboost|p2a: Ceruledge|def|1\n|-unboost|p2a: Ceruledge|spd|1\n|faint|p1a: Sneasler\n|\n|upkeep\n|\n|t:|1699737687\n|switch|p1a: Cinderace|Cinderace, M, shiny|100\/100\n|-activate|p1a: Cinderace|move: Sticky Web\n|-unboost|p1a: Cinderace|spe|1\n|-damage|p1a: Cinderace|76\/100|[from] Stealth Rock\n|-damage|p1a: Cinderace|59\/100|[from] Spikes\n|turn|9\n|\n|t:|1699737695\n|move|p2a: Ceruledge|Close Combat|p1a: Cinderace\n|-damage|p1a: Cinderace|0 fnt\n|-unboost|p2a: Ceruledge|def|1\n|-unboost|p2a: Ceruledge|spd|1\n|faint|p1a: Cinderace\n|\n|upkeep\n|\n|t:|1699737705\n|switch|p1a: Grimmsnarl|Grimmsnarl, M|100\/100\n|-activate|p1a: Grimmsnarl|move: Sticky Web\n|-unboost|p1a: Grimmsnarl|spe|1\n|-damage|p1a: Grimmsnarl|88\/100|[from] Stealth Rock\n|-damage|p1a: Grimmsnarl|72\/100|[from] Spikes\n|turn|10\n|\n|t:|1699737715\n|move|p1a: Grimmsnarl|Reflect|p1a: Grimmsnarl\n|-sidestart|p1: PokemonUser19283|Reflect\n|move|p2a: Ceruledge|Bitter Blade|p1a: Grimmsnarl\n|-damage|p1a: Grimmsnarl|40\/100\n|-heal|p2a: Ceruledge|90\/100|[from] drain|[of] p1a: Grimmsnarl\n|\n|upkeep\n|turn|11\n|\n|t:|1699737723\n|move|p2a: Ceruledge|Bitter Blade|p1a: Grimmsnarl\n|-damage|p1a: Grimmsnarl|12\/100\n|-heal|p2a: Ceruledge|100\/100|[from] drain|[of] p1a: Grimmsnarl\n|move|p1a: Grimmsnarl|Spirit Break|p2a: Ceruledge\n|-resisted|p2a: Ceruledge\n|-damage|p2a: Ceruledge|48\/100\n|-unboost|p2a: Ceruledge|spa|1\n|-ability|p2a: Ceruledge|Weak Armor|boost\n|-unboost|p2a: Ceruledge|def|1\n|-boost|p2a: Ceruledge|spe|2\n|\n|upkeep\n|turn|12\n|\n|t:|1699737736\n|move|p2a: Ceruledge|Bitter Blade|p1a: Grimmsnarl\n|-damage|p1a: Grimmsnarl|0 fnt\n|-heal|p2a: Ceruledge|55\/100|[from] drain|[of] p1a: Grimmsnarl\n|faint|p1a: Grimmsnarl\n|\n|upkeep\n|\n|t:|1699737740\n|switch|p1a: Milotic|Milotic, M|100\/100\n|-activate|p1a: Milotic|move: Sticky Web\n|-unboost|p1a: Milotic|spe|1\n|-damage|p1a: Milotic|88\/100|[from] Stealth Rock\n|-damage|p1a: Milotic|72\/100|[from] Spikes\n|turn|13\n|\n|t:|1699737749\n|move|p2a: Ceruledge|Destiny Bond|p2a: Ceruledge\n|-singlemove|p2a: Ceruledge|Destiny Bond\n|move|p1a: Milotic|Recover|p1a: Milotic\n|-heal|p1a: Milotic|100\/100\n|\n|-status|p1a: Milotic|brn|[from] item: Flame Orb\n|upkeep\n|turn|14\n|\n|t:|1699737769\n|move|p2a: Ceruledge|Bitter Blade|p1a: Milotic\n|-resisted|p1a: Milotic\n|-damage|p1a: Milotic|94\/100 brn\n|-heal|p2a: Ceruledge|60\/100|[from] drain|[of] p1a: Milotic\n|move|p1a: Milotic|Recover|p1a: Milotic\n|-heal|p1a: Milotic|100\/100 brn\n|\n|-damage|p1a: Milotic|94\/100 brn|[from] brn\n|upkeep\n|turn|15\n|\n|t:|1699737780\n|move|p2a: Ceruledge|Destiny Bond|p2a: Ceruledge\n|-singlemove|p2a: Ceruledge|Destiny Bond\n|move|p1a: Milotic|Recover|p1a: Milotic\n|-heal|p1a: Milotic|100\/100 brn\n|\n|-damage|p1a: Milotic|94\/100 brn|[from] brn\n|upkeep\n|turn|16\n|\n|t:|1699737791\n|move|p2a: Ceruledge|Bitter Blade|p1a: Milotic\n|-resisted|p1a: Milotic\n|-damage|p1a: Milotic|88\/100 brn\n|-heal|p2a: Ceruledge|64\/100|[from] drain|[of] p1a: Milotic\n|move|p1a: Milotic|Scald|p2a: Ceruledge\n|-supereffective|p2a: Ceruledge\n|-damage|p2a: Ceruledge|0 fnt\n|faint|p2a: Ceruledge\n|\n|-damage|p1a: Milotic|82\/100 brn|[from] brn\n|upkeep\n|\n|t:|1699737812\n|switch|p2a: Gholdengo|Gholdengo|100\/100\n|turn|17\n|\n|t:|1699737816\n|move|p2a: Gholdengo|Nasty Plot|p2a: Gholdengo\n|-boost|p2a: Gholdengo|spa|2\n|move|p1a: Milotic|Scald|p2a: Gholdengo\n|-damage|p2a: Gholdengo|72\/100\n|\n|-heal|p2a: Gholdengo|79\/100|[from] item: Leftovers\n|-damage|p1a: Milotic|76\/100 brn|[from] brn\n|-sideend|p1: PokemonUser19283|Reflect\n|upkeep\n|turn|18\n|\n|t:|1699737825\n|move|p2a: Gholdengo|Hex|p1a: Milotic\n|-damage|p1a: Milotic|0 fnt\n|faint|p1a: Milotic\n|\n|-heal|p2a: Gholdengo|85\/100|[from] item: Leftovers\n|upkeep\n|\n|t:|1699737831\n|switch|p1a: Sandy Shocks|Sandy Shocks|100\/100\n|-activate|p1a: Sandy Shocks|move: Sticky Web\n|-unboost|p1a: Sandy Shocks|spe|1\n|-damage|p1a: Sandy Shocks|94\/100|[from] Stealth Rock\n|-damage|p1a: Sandy Shocks|78\/100|[from] Spikes\n|-enditem|p1a: Sandy Shocks|Booster Energy\n|-activate|p1a: Sandy Shocks|ability: Protosynthesis|[fromitem]\n|-start|p1a: Sandy Shocks|protosynthesisspa\n|turn|19\n|\n|t:|1699737846\n|move|p1a: Sandy Shocks|Earth Power|p2a: Gholdengo\n|-supereffective|p2a: Gholdengo\n|-damage|p2a: Gholdengo|0 fnt\n|faint|p2a: Gholdengo\n|\n|upkeep\n|\n|t:|1699737853\n|switch|p2a: Dragonite|Dragonite, F|100\/100\n|turn|20\n|\n|t:|1699737858\n|-terastallize|p2a: Dragonite|Normal\n|move|p2a: Dragonite|Dragon Dance|p2a: Dragonite\n|-boost|p2a: Dragonite|atk|1\n|-boost|p2a: Dragonite|spe|1\n|move|p1a: Sandy Shocks|Thunderbolt|p2a: Dragonite\n|-damage|p2a: Dragonite|70\/100\n|\n|upkeep\n|turn|21\n|\n|t:|1699737871\n|move|p2a: Dragonite|Extreme Speed|p1a: Sandy Shocks\n|-damage|p1a: Sandy Shocks|0 fnt\n|faint|p1a: Sandy Shocks\n|-end|p1a: Sandy Shocks|Protosynthesis|[silent]\n|\n|upkeep\n|\n|t:|1699737875\n|switch|p1a: Iron Hands|Iron Hands|100\/100\n|-activate|p1a: Iron Hands|move: Sticky Web\n|-unboost|p1a: Iron Hands|spe|1\n|-damage|p1a: Iron Hands|94\/100|[from] Stealth Rock\n|-damage|p1a: Iron Hands|78\/100|[from] Spikes\n|-enditem|p1a: Iron Hands|Booster Energy\n|-activate|p1a: Iron Hands|ability: Quark Drive|[fromitem]\n|-start|p1a: Iron Hands|quarkdriveatk\n|turn|22\n|\n|t:|1699737891\n|move|p2a: Dragonite|Earthquake|p1a: Iron Hands\n|-supereffective|p1a: Iron Hands\n|-damage|p1a: Iron Hands|10\/100\n|move|p1a: Iron Hands|Drain Punch|p2a: Dragonite\n|-supereffective|p2a: Dragonite\n|-damage|p2a: Dragonite|0 fnt\n|-heal|p1a: Iron Hands|32\/100|[from] drain|[of] p2a: Dragonite\n|faint|p2a: Dragonite\n|\n|upkeep\n|inactive|Nick Martini has 120 seconds left.\n|inactive|Nick Martini has 90 seconds left.\n|c|\u2606PokemonUser19283|click\n|c|\u2606PokemonUser19283|the damn\n|c|\u2606PokemonUser19283|pokemon\n|c|\u2606PokemonUser19283|and lose\n|inactive|Nick Martini has 60 seconds left.\n|\n|t:|1699737993\n|switch|p2a: Kingambit|Kingambit, M|100\/100\n|-activate|p2a: Kingambit|ability: Supreme Overlord\n|-start|p2a: Kingambit|fallen5|[silent]\n|turn|23\n|inactive|Nick Martini has 30 seconds left.\n|inactive|Nick Martini has 20 seconds left.\n|inactive|Nick Martini has 15 seconds left.\n|c|\u2606PokemonUser19283|im not leaving\n|n|!PokemonUser19283|pokemonuser19283\n|inactive|Nick Martini has 10 seconds left.\n|\n|t:|1699738035\n|move|p2a: Kingambit|Low Kick|p1a: Iron Hands\n|-damage|p1a: Iron Hands|0 fnt\n|faint|p1a: Iron Hands\n|-end|p1a: Iron Hands|Quark Drive|[silent]\n|\n|win|Nick Martini\n|inactive|Nick Martini has 15 seconds left this turn.\n|raw|PokemonUser19283's rating: 1082 &rarr; <strong>1060<\/strong><br \/>(-22 for losing)\n|raw|Nick Martini's rating: 1081 &rarr; <strong>1109<\/strong><br \/>(+28 for winning)\n","uploadtime":1699738031,"views":11,"p1id":"pokemonuser19283","p2id":"nickmartini","formatid":"gen9ou","rating":1060,"private":0,"password":""}