{"id":"gen9ou-2000000761","p1":"Fly Enby","p2":"BlastTheBadGamer","format":"[Gen 9] OU","log":"|j|\u2606Fly Enby\n|j|\u2606BlastTheBadGamer\n|t:|1701139631\n|gametype|singles\n|player|p1|Fly Enby|buck|1209\n|player|p2|BlastTheBadGamer|cheren-gen5bw2|1182\n|teamsize|p1|6\n|teamsize|p2|6\n|gen|9\n|tier|[Gen 9] OU\n|rated|\n|rule|Sleep Clause Mod: Limit one foe put to sleep\n|rule|Species Clause: Limit one of each Pok\u00e9mon\n|rule|OHKO Clause: OHKO moves are banned\n|rule|Evasion Items Clause: Evasion items are banned\n|rule|Evasion Moves Clause: Evasion moves are banned\n|rule|Endless Battle Clause: Forcing endless battles is banned\n|rule|HP Percentage Mod: HP is shown in percentages\n|clearpoke\n|poke|p1|Kingambit, M|\n|poke|p1|Hatterene, F|\n|poke|p1|Lycanroc, M|\n|poke|p1|Forretress, M|\n|poke|p1|Tyranitar, F|\n|poke|p1|Houndstone, M|\n|poke|p2|Maushold|\n|poke|p2|Quaquaval, M|\n|poke|p2|Gholdengo|\n|poke|p2|Zapdos|\n|poke|p2|Great Tusk|\n|poke|p2|Ribombee, M|\n|teampreview\n|inactive|Battle timer is ON: inactive players will automatically lose when time's up. (requested by BlastTheBadGamer)\n|inactive|Fly Enby also wants the timer to be on.\n|c|\u2606BlastTheBadGamer|Gl\n|c|\u2606Fly Enby|gl\n|\n|t:|1701139648\n|start\n|switch|p1a: Forretress|Forretress, M|100\/100\n|switch|p2a: Great Tusk|Great Tusk|100\/100\n|turn|1\n|\n|t:|1701139654\n|move|p2a: Great Tusk|Stealth Rock|p1a: Forretress\n|-sidestart|p1: Fly Enby|move: Stealth Rock\n|move|p1a: Forretress|Spikes|p2a: Great Tusk\n|-sidestart|p2: BlastTheBadGamer|Spikes\n|\n|upkeep\n|turn|2\n|\n|t:|1701139661\n|move|p2a: Great Tusk|Knock Off|p1a: Forretress\n|-damage|p1a: Forretress|85\/100\n|-enditem|p1a: Forretress|Leftovers|[from] move: Knock Off|[of] p2a: Great Tusk\n|move|p1a: Forretress|Rapid Spin|p2a: Great Tusk\n|-damage|p2a: Great Tusk|95\/100\n|-boost|p1a: Forretress|spe|1\n|-sideend|p1: Fly Enby|Stealth Rock|[from] move: Rapid Spin|[of] p1a: Forretress\n|\n|-heal|p2a: Great Tusk|100\/100|[from] item: Leftovers\n|upkeep\n|turn|3\n|\n|t:|1701139668\n|move|p2a: Great Tusk|Rapid Spin|p1a: Forretress\n|-resisted|p1a: Forretress\n|-damage|p1a: Forretress|81\/100\n|-boost|p2a: Great Tusk|spe|1\n|-sideend|p2: BlastTheBadGamer|Spikes|[from] move: Rapid Spin|[of] p2a: Great Tusk\n|move|p1a: Forretress|Iron Head|p2a: Great Tusk\n|-damage|p2a: Great Tusk|89\/100\n|\n|-heal|p2a: Great Tusk|95\/100|[from] item: Leftovers\n|upkeep\n|turn|4\n|\n|t:|1701139675\n|-end|p2a: Great Tusk|Protosynthesis|[silent]\n|switch|p2a: Zapdos|Zapdos|100\/100\n|move|p1a: Forretress|Spikes|p2a: Zapdos\n|-sidestart|p2: BlastTheBadGamer|Spikes\n|\n|upkeep\n|turn|5\n|\n|t:|1701139678\n|switch|p1a: Tyranitar|Tyranitar, F|100\/100\n|-weather|Sandstorm|[from] ability: Sand Stream|[of] p1a: Tyranitar\n|move|p2a: Zapdos|Heat Wave|p1a: Tyranitar\n|-resisted|p1a: Tyranitar\n|-damage|p1a: Tyranitar|94\/100\n|\n|-weather|Sandstorm|[upkeep]\n|-damage|p2a: Zapdos|94\/100|[from] Sandstorm\n|upkeep\n|turn|6\n|\n|t:|1701139686\n|switch|p2a: Great Tusk|Great Tusk|95\/100\n|-damage|p2a: Great Tusk|83\/100|[from] Spikes\n|move|p1a: Tyranitar|Stealth Rock|p2a: Great Tusk\n|-sidestart|p2: BlastTheBadGamer|move: Stealth Rock\n|\n|-weather|Sandstorm|[upkeep]\n|-heal|p2a: Great Tusk|89\/100|[from] item: Leftovers\n|upkeep\n|turn|7\n|\n|t:|1701139690\n|move|p2a: Great Tusk|Rapid Spin|p1a: Tyranitar\n|-resisted|p1a: Tyranitar\n|-damage|p1a: Tyranitar|88\/100\n|-boost|p2a: Great Tusk|spe|1\n|-sideend|p2: BlastTheBadGamer|Spikes|[from] move: Rapid Spin|[of] p2a: Great Tusk\n|-sideend|p2: BlastTheBadGamer|Stealth Rock|[from] move: Rapid Spin|[of] p2a: Great Tusk\n|move|p1a: Tyranitar|Ice Beam|p2a: Great Tusk\n|-supereffective|p2a: Great Tusk\n|-damage|p2a: Great Tusk|28\/100\n|\n|-weather|Sandstorm|[upkeep]\n|-heal|p2a: Great Tusk|35\/100|[from] item: Leftovers\n|upkeep\n|turn|8\n|\n|t:|1701139702\n|switch|p1a: Forretress|Forretress, M|81\/100\n|move|p2a: Great Tusk|Earthquake|p1a: Forretress\n|-damage|p1a: Forretress|56\/100\n|\n|-weather|Sandstorm|[upkeep]\n|-heal|p2a: Great Tusk|41\/100|[from] item: Leftovers\n|upkeep\n|turn|9\n|\n|t:|1701139713\n|move|p2a: Great Tusk|Stealth Rock|p1a: Forretress\n|-sidestart|p1: Fly Enby|move: Stealth Rock\n|move|p1a: Forretress|Iron Head|p2a: Great Tusk\n|-damage|p2a: Great Tusk|28\/100\n|\n|-weather|Sandstorm|[upkeep]\n|-heal|p2a: Great Tusk|35\/100|[from] item: Leftovers\n|upkeep\n|turn|10\n|\n|t:|1701139725\n|-end|p2a: Great Tusk|Protosynthesis|[silent]\n|switch|p2a: Zapdos|Zapdos|94\/100\n|move|p1a: Forretress|Spikes|p2a: Zapdos\n|-sidestart|p2: BlastTheBadGamer|Spikes\n|\n|-weather|Sandstorm|[upkeep]\n|-damage|p2a: Zapdos|88\/100|[from] Sandstorm\n|upkeep\n|turn|11\n|\n|t:|1701139729\n|switch|p1a: Tyranitar|Tyranitar, F|88\/100\n|-damage|p1a: Tyranitar|76\/100|[from] Stealth Rock\n|move|p2a: Zapdos|Heat Wave|p1a: Tyranitar\n|-resisted|p1a: Tyranitar\n|-crit|p1a: Tyranitar\n|-damage|p1a: Tyranitar|67\/100\n|\n|-weather|Sandstorm|[upkeep]\n|-damage|p2a: Zapdos|82\/100|[from] Sandstorm\n|upkeep\n|turn|12\n|\n|t:|1701139732\n|move|p2a: Zapdos|Volt Switch|p1a: Tyranitar\n|-damage|p1a: Tyranitar|54\/100\n|\n|t:|1701139737\n|switch|p2a: Quaquaval|Quaquaval, M|100\/100|[from] Volt Switch\n|-damage|p2a: Quaquaval|88\/100|[from] Spikes\n|move|p1a: Tyranitar|Stealth Rock|p2a: Quaquaval\n|-sidestart|p2: BlastTheBadGamer|move: Stealth Rock\n|\n|-weather|none\n|-heal|p2a: Quaquaval|94\/100|[from] item: Leftovers\n|upkeep\n|turn|13\n|\n|t:|1701139750\n|switch|p1a: Houndstone|Houndstone, M|100\/100\n|-damage|p1a: Houndstone|88\/100|[from] Stealth Rock\n|move|p2a: Quaquaval|Close Combat|p1a: Houndstone\n|-immune|p1a: Houndstone\n|\n|-heal|p2a: Quaquaval|99\/100|[from] item: Leftovers\n|upkeep\n|turn|14\n|\n|t:|1701139761\n|move|p1a: Houndstone|Play Rough|p2a: Quaquaval\n|-supereffective|p2a: Quaquaval\n|-damage|p2a: Quaquaval|0 fnt\n|faint|p2a: Quaquaval\n|\n|upkeep\n|\n|t:|1701139765\n|switch|p2a: Gholdengo|Gholdengo|100\/100\n|-damage|p2a: Gholdengo|88\/100|[from] Spikes\n|-damage|p2a: Gholdengo|82\/100|[from] Stealth Rock\n|turn|15\n|\n|t:|1701139777\n|switch|p1a: Kingambit|Kingambit, M|100\/100\n|-damage|p1a: Kingambit|94\/100|[from] Stealth Rock\n|move|p2a: Gholdengo|Shadow Ball|p1a: Kingambit\n|-resisted|p1a: Kingambit\n|-damage|p1a: Kingambit|72\/100\n|\n|-heal|p1a: Kingambit|78\/100|[from] item: Leftovers\n|upkeep\n|turn|16\n|\n|t:|1701139787\n|switch|p2a: Great Tusk|Great Tusk|35\/100\n|-damage|p2a: Great Tusk|22\/100|[from] Spikes\n|-damage|p2a: Great Tusk|19\/100|[from] Stealth Rock\n|move|p1a: Kingambit|Kowtow Cleave|p2a: Great Tusk\n|-resisted|p2a: Great Tusk\n|-damage|p2a: Great Tusk|7\/100\n|\n|-heal|p2a: Great Tusk|13\/100|[from] item: Leftovers\n|-heal|p1a: Kingambit|84\/100|[from] item: Leftovers\n|upkeep\n|turn|17\n|\n|t:|1701139802\n|-end|p1a: Kingambit|fallenundefined|[silent]\n|switch|p1a: Forretress|Forretress, M|56\/100\n|-damage|p1a: Forretress|43\/100|[from] Stealth Rock\n|move|p2a: Great Tusk|Earthquake|p1a: Forretress\n|-damage|p1a: Forretress|20\/100\n|\n|-heal|p2a: Great Tusk|20\/100|[from] item: Leftovers\n|upkeep\n|turn|18\n|\n|t:|1701139807\n|move|p2a: Great Tusk|Rapid Spin|p1a: Forretress\n|-resisted|p1a: Forretress\n|-damage|p1a: Forretress|16\/100\n|-boost|p2a: Great Tusk|spe|1\n|-sideend|p2: BlastTheBadGamer|Spikes|[from] move: Rapid Spin|[of] p2a: Great Tusk\n|-sideend|p2: BlastTheBadGamer|Stealth Rock|[from] move: Rapid Spin|[of] p2a: Great Tusk\n|move|p1a: Forretress|Rapid Spin|p2a: Great Tusk\n|-damage|p2a: Great Tusk|14\/100\n|-boost|p1a: Forretress|spe|1\n|-sideend|p1: Fly Enby|Stealth Rock|[from] move: Rapid Spin|[of] p1a: Forretress\n|\n|-heal|p2a: Great Tusk|21\/100|[from] item: Leftovers\n|upkeep\n|turn|19\n|\n|t:|1701139811\n|move|p2a: Great Tusk|Earthquake|p1a: Forretress\n|-damage|p1a: Forretress|0 fnt\n|faint|p1a: Forretress\n|\n|-heal|p2a: Great Tusk|27\/100|[from] item: Leftovers\n|upkeep\n|\n|t:|1701139823\n|switch|p1a: Tyranitar|Tyranitar, F|54\/100\n|-weather|Sandstorm|[from] ability: Sand Stream|[of] p1a: Tyranitar\n|turn|20\n|\n|t:|1701139829\n|switch|p1a: Houndstone|Houndstone, M|88\/100\n|move|p2a: Great Tusk|Earthquake|p1a: Houndstone\n|-damage|p1a: Houndstone|33\/100\n|\n|-weather|Sandstorm|[upkeep]\n|-heal|p2a: Great Tusk|33\/100|[from] item: Leftovers\n|upkeep\n|turn|21\n|\n|t:|1701139834\n|move|p1a: Houndstone|Play Rough|p2a: Great Tusk\n|-supereffective|p2a: Great Tusk\n|-damage|p2a: Great Tusk|0 fnt\n|faint|p2a: Great Tusk\n|-end|p2a: Great Tusk|Protosynthesis|[silent]\n|\n|-weather|Sandstorm|[upkeep]\n|upkeep\n|\n|t:|1701139840\n|switch|p2a: Gholdengo|Gholdengo|82\/100\n|turn|22\n|\n|t:|1701139844\n|switch|p1a: Kingambit|Kingambit, M|84\/100\n|-activate|p1a: Kingambit|ability: Supreme Overlord\n|-start|p1a: Kingambit|fallen1|[silent]\n|move|p2a: Gholdengo|Shadow Ball|p1a: Kingambit\n|-resisted|p1a: Kingambit\n|-damage|p1a: Kingambit|62\/100\n|\n|-weather|Sandstorm|[upkeep]\n|-heal|p1a: Kingambit|69\/100|[from] item: Leftovers\n|upkeep\n|turn|23\n|\n|t:|1701139853\n|switch|p2a: Ribombee|Ribombee, M|100\/100\n|move|p1a: Kingambit|Kowtow Cleave|p2a: Ribombee\n|-resisted|p2a: Ribombee\n|-damage|p2a: Ribombee|43\/100\n|\n|-weather|Sandstorm|[upkeep]\n|-damage|p2a: Ribombee|37\/100|[from] Sandstorm\n|-heal|p1a: Kingambit|75\/100|[from] item: Leftovers\n|upkeep\n|turn|24\n|\n|t:|1701139860\n|move|p2a: Ribombee|Sticky Web|p1a: Kingambit\n|-sidestart|p1: Fly Enby|move: Sticky Web\n|move|p1a: Kingambit|Iron Head|p2a: Ribombee\n|-supereffective|p2a: Ribombee\n|-damage|p2a: Ribombee|0 fnt\n|faint|p2a: Ribombee\n|\n|-weather|Sandstorm|[upkeep]\n|-heal|p1a: Kingambit|81\/100|[from] item: Leftovers\n|upkeep\n|\n|t:|1701139868\n|switch|p2a: Gholdengo|Gholdengo|82\/100\n|turn|25\n|\n|t:|1701139871\n|move|p1a: Kingambit|Sucker Punch|p2a: Gholdengo\n|-supereffective|p2a: Gholdengo\n|-damage|p2a: Gholdengo|0 fnt\n|faint|p2a: Gholdengo\n|\n|-weather|Sandstorm|[upkeep]\n|-heal|p1a: Kingambit|87\/100|[from] item: Leftovers\n|upkeep\n|\n|t:|1701139875\n|switch|p2a: Maushold|Maushold|100\/100\n|turn|26\n|\n|t:|1701139879\n|move|p2a: Maushold|Encore|p1a: Kingambit\n|-start|p1a: Kingambit|Encore\n|move|p1a: Kingambit|Sucker Punch||[still]\n|-fail|p1a: Kingambit\n|\n|-weather|Sandstorm|[upkeep]\n|-damage|p2a: Maushold|94\/100|[from] Sandstorm\n|-heal|p1a: Kingambit|94\/100|[from] item: Leftovers\n|upkeep\n|turn|27\n|\n|t:|1701139899\n|switch|p2a: Zapdos|Zapdos|82\/100\n|-end|p1a: Kingambit|fallen1|[silent]\n|switch|p1a: Houndstone|Houndstone, M|33\/100\n|-activate|p1a: Houndstone|move: Sticky Web\n|-unboost|p1a: Houndstone|spe|1\n|\n|-weather|none\n|upkeep\n|turn|28\n|\n|t:|1701139907\n|move|p2a: Zapdos|Volt Switch|p1a: Houndstone\n|-damage|p1a: Houndstone|0 fnt\n|faint|p1a: Houndstone\n|\n|t:|1701139909\n|switch|p2a: Maushold|Maushold|94\/100|[from] Volt Switch\n|\n|upkeep\n|\n|t:|1701139927\n|switch|p1a: Hatterene|Hatterene, F|100\/100\n|-activate|p1a: Hatterene|move: Sticky Web\n|-unboost|p1a: Hatterene|spe|1\n|turn|29\n|\n|t:|1701139932\n|move|p2a: Maushold|Population Bomb|p1a: Hatterene\n|-crit|p1a: Hatterene\n|-damage|p1a: Hatterene|82\/100\n|-damage|p1a: Hatterene|69\/100\n|-damage|p1a: Hatterene|57\/100\n|-damage|p1a: Hatterene|45\/100\n|-damage|p1a: Hatterene|32\/100\n|-damage|p1a: Hatterene|19\/100\n|-damage|p1a: Hatterene|6\/100\n|-damage|p1a: Hatterene|0 fnt\n|faint|p1a: Hatterene\n|-hitcount|p1: Hatterene|8\n|\n|upkeep\n|\n|t:|1701139941\n|switch|p1a: Tyranitar|Tyranitar, F|54\/100\n|-activate|p1a: Tyranitar|move: Sticky Web\n|-unboost|p1a: Tyranitar|spe|1\n|-weather|Sandstorm|[from] ability: Sand Stream|[of] p1a: Tyranitar\n|turn|30\n|\n|t:|1701139955\n|move|p2a: Maushold|Population Bomb|p1a: Tyranitar\n|-resisted|p1a: Tyranitar\n|-damage|p1a: Tyranitar|49\/100\n|-resisted|p1a: Tyranitar\n|-damage|p1a: Tyranitar|45\/100\n|-resisted|p1a: Tyranitar\n|-damage|p1a: Tyranitar|40\/100\n|-resisted|p1a: Tyranitar\n|-damage|p1a: Tyranitar|35\/100\n|-resisted|p1a: Tyranitar\n|-damage|p1a: Tyranitar|31\/100\n|-resisted|p1a: Tyranitar\n|-damage|p1a: Tyranitar|26\/100\n|-resisted|p1a: Tyranitar\n|-damage|p1a: Tyranitar|22\/100\n|-resisted|p1a: Tyranitar\n|-damage|p1a: Tyranitar|18\/100\n|-resisted|p1a: Tyranitar\n|-damage|p1a: Tyranitar|13\/100\n|-resisted|p1a: Tyranitar\n|-damage|p1a: Tyranitar|8\/100\n|-hitcount|p1a: Tyranitar|10\n|move|p1a: Tyranitar|Ice Beam|p2a: Maushold\n|-damage|p2a: Maushold|59\/100\n|\n|-weather|Sandstorm|[upkeep]\n|-damage|p2a: Maushold|52\/100|[from] Sandstorm\n|upkeep\n|turn|31\n|\n|t:|1701139960\n|move|p2a: Maushold|Population Bomb|p1a: Tyranitar\n|-resisted|p1a: Tyranitar\n|-damage|p1a: Tyranitar|4\/100\n|-resisted|p1a: Tyranitar\n|-damage|p1a: Tyranitar|0 fnt\n|faint|p1a: Tyranitar\n|-hitcount|p1: Tyranitar|2\n|\n|-weather|Sandstorm|[upkeep]\n|-damage|p2a: Maushold|46\/100|[from] Sandstorm\n|upkeep\n|\n|t:|1701139965\n|switch|p1a: Lycanroc|Lycanroc, M|100\/100\n|-activate|p1a: Lycanroc|move: Sticky Web\n|-unboost|p1a: Lycanroc|spe|1\n|turn|32\n|\n|t:|1701139976\n|move|p1a: Lycanroc|Stone Edge|p2a: Maushold\n|-crit|p2a: Maushold\n|-damage|p2a: Maushold|0 fnt\n|faint|p2a: Maushold\n|\n|-weather|Sandstorm|[upkeep]\n|upkeep\n|\n|t:|1701139980\n|switch|p2a: Zapdos|Zapdos|82\/100\n|turn|33\n|\n|t:|1701139985\n|-terastallize|p1a: Lycanroc|Ice\n|-terastallize|p2a: Zapdos|Steel\n|move|p1a: Lycanroc|Tera Blast|p2a: Zapdos|[anim] Tera Blast Ice\n|-resisted|p2a: Zapdos\n|-damage|p2a: Zapdos|64\/100\n|move|p2a: Zapdos|Roost|p2a: Zapdos\n|-heal|p2a: Zapdos|100\/100\n|\n|-weather|Sandstorm|[upkeep]\n|upkeep\n|turn|34\n|\n|t:|1701139995\n|move|p1a: Lycanroc|Stone Edge|p2a: Zapdos\n|-resisted|p2a: Zapdos\n|-damage|p2a: Zapdos|75\/100\n|move|p2a: Zapdos|Hurricane|p1a: Lycanroc|[miss]\n|-miss|p2a: Zapdos|p1a: Lycanroc\n|\n|-weather|Sandstorm|[upkeep]\n|upkeep\n|turn|35\n|\n|t:|1701140004\n|move|p1a: Lycanroc|Stone Edge|p2a: Zapdos\n|-resisted|p2a: Zapdos\n|-crit|p2a: Zapdos\n|-damage|p2a: Zapdos|37\/100\n|move|p2a: Zapdos|Hurricane|p1a: Lycanroc\n|-damage|p1a: Lycanroc|24\/100\n|\n|-weather|Sandstorm|[upkeep]\n|upkeep\n|turn|36\n|\n|t:|1701140016\n|move|p1a: Lycanroc|Stone Edge|p2a: Zapdos\n|-resisted|p2a: Zapdos\n|-crit|p2a: Zapdos\n|-damage|p2a: Zapdos|0 fnt\n|faint|p2a: Zapdos\n|\n|win|Fly Enby\n|raw|Fly Enby's rating: 1209 &rarr; <strong>1232<\/strong><br \/>(+23 for winning)\n|raw|BlastTheBadGamer's rating: 1182 &rarr; <strong>1159<\/strong><br \/>(-23 for losing)\n|c|\u2606BlastTheBadGamer|Gg\n|c|\u2606Fly Enby|gg\n","uploadtime":1701140026,"views":2,"p1id":"flyenby","p2id":"blastthebadgamer","formatid":"gen9ou","rating":1159,"private":0,"password":""}