{"id":"gen9ou-1994215303","p1":"Andrews Finn2","p2":"Lost_in_sky_light","format":"[Gen 9] OU","log":"|j|\u2606Andrews Finn2\n|j|\u2606Lost_in_sky_light\n|t:|1700419800\n|gametype|singles\n|player|p1|Andrews Finn2|steven|1172\n|player|p2|Lost_in_sky_light|li|1230\n|teamsize|p1|6\n|teamsize|p2|6\n|gen|9\n|tier|[Gen 9] OU\n|rated|\n|rule|Sleep Clause Mod: Limit one foe put to sleep\n|rule|Species Clause: Limit one of each Pok\u00e9mon\n|rule|OHKO Clause: OHKO moves are banned\n|rule|Evasion Items Clause: Evasion items are banned\n|rule|Evasion Moves Clause: Evasion moves are banned\n|rule|Endless Battle Clause: Forcing endless battles is banned\n|rule|HP Percentage Mod: HP is shown in percentages\n|clearpoke\n|poke|p1|Alomomola, F|\n|poke|p1|Slowking-Galar, F|\n|poke|p1|Kingambit, F|\n|poke|p1|Great Tusk|\n|poke|p1|Cinderace, F|\n|poke|p1|Thundurus-Therian, M|\n|poke|p2|Rillaboom, F|\n|poke|p2|Kleavor, M|\n|poke|p2|Dragonite, M|\n|poke|p2|Goodra-Hisui, M|\n|poke|p2|Zarude-Dada|\n|poke|p2|Hatterene, F|\n|teampreview\n|\n|t:|1700419814\n|start\n|switch|p1a: Great Tusk|Great Tusk|100\/100\n|switch|p2a: Rillaboom|Rillaboom, F|100\/100\n|-fieldstart|move: Grassy Terrain|[from] ability: Grassy Surge|[of] p2a: Rillaboom\n|turn|1\n|\n|t:|1700419819\n|-end|p1a: Great Tusk|Protosynthesis|[silent]\n|switch|p1a: Cinderace|Cinderace, F|100\/100\n|move|p2a: Rillaboom|U-turn|p1a: Cinderace\n|-resisted|p1a: Cinderace\n|-damage|p1a: Cinderace|73\/100\n|\n|t:|1700419825\n|switch|p2a: Kleavor|Kleavor, M|100\/100|[from] U-turn\n|\n|-heal|p1a: Cinderace|79\/100|[from] Grassy Terrain\n|upkeep\n|turn|2\n|\n|t:|1700419831\n|move|p1a: Cinderace|U-turn|p2a: Kleavor\n|-start|p1a: Cinderace|typechange|Bug|[from] ability: Libero\n|-damage|p2a: Kleavor|57\/100\n|\n|t:|1700419835\n|switch|p1a: Great Tusk|Great Tusk|100\/100|[from] U-turn\n|move|p2a: Kleavor|Stone Axe|p1a: Great Tusk\n|-resisted|p1a: Great Tusk\n|-damage|p1a: Great Tusk|92\/100\n|-damage|p2a: Kleavor|41\/100|[from] item: Rocky Helmet|[of] p1a: Great Tusk\n|-sidestart|p1: Andrews Finn2|move: Stealth Rock\n|\n|-heal|p1a: Great Tusk|98\/100|[from] Grassy Terrain\n|-heal|p2a: Kleavor|47\/100|[from] Grassy Terrain\n|upkeep\n|turn|3\n|\n|t:|1700419850\n|move|p1a: Great Tusk|Stealth Rock|p2a: Kleavor\n|-sidestart|p2: Lost_in_sky_light|move: Stealth Rock\n|move|p2a: Kleavor|Close Combat|p1a: Great Tusk\n|-damage|p1a: Great Tusk|65\/100\n|-unboost|p2a: Kleavor|def|1\n|-unboost|p2a: Kleavor|spd|1\n|-damage|p2a: Kleavor|31\/100|[from] item: Rocky Helmet|[of] p1a: Great Tusk\n|\n|-heal|p1a: Great Tusk|71\/100|[from] Grassy Terrain\n|-heal|p2a: Kleavor|37\/100|[from] Grassy Terrain\n|upkeep\n|turn|4\n|\n|t:|1700419856\n|move|p1a: Great Tusk|Rapid Spin|p2a: Kleavor\n|-resisted|p2a: Kleavor\n|-damage|p2a: Kleavor|20\/100\n|-boost|p1a: Great Tusk|spe|1\n|-sideend|p1: Andrews Finn2|Stealth Rock|[from] move: Rapid Spin|[of] p1a: Great Tusk\n|move|p2a: Kleavor|X-Scissor|p1a: Great Tusk\n|-resisted|p1a: Great Tusk\n|-damage|p1a: Great Tusk|48\/100\n|-damage|p2a: Kleavor|4\/100|[from] item: Rocky Helmet|[of] p1a: Great Tusk\n|\n|-heal|p1a: Great Tusk|54\/100|[from] Grassy Terrain\n|-heal|p2a: Kleavor|10\/100|[from] Grassy Terrain\n|upkeep\n|turn|5\n|\n|t:|1700419879\n|move|p1a: Great Tusk|Rapid Spin|p2a: Kleavor\n|-resisted|p2a: Kleavor\n|-damage|p2a: Kleavor|0 fnt\n|-boost|p1a: Great Tusk|spe|1\n|faint|p2a: Kleavor\n|\n|-heal|p1a: Great Tusk|60\/100|[from] Grassy Terrain\n|-fieldend|move: Grassy Terrain\n|upkeep\n|\n|t:|1700419883\n|switch|p2a: Rillaboom|Rillaboom, F|100\/100\n|-damage|p2a: Rillaboom|88\/100|[from] Stealth Rock\n|-fieldstart|move: Grassy Terrain|[from] ability: Grassy Surge|[of] p2a: Rillaboom\n|turn|6\n|\n|t:|1700419889\n|-end|p1a: Great Tusk|Protosynthesis|[silent]\n|switch|p1a: Cinderace|Cinderace, F|79\/100\n|move|p2a: Rillaboom|Grassy Glide|p1a: Cinderace\n|-resisted|p1a: Cinderace\n|-damage|p1a: Cinderace|39\/100\n|\n|-heal|p1a: Cinderace|45\/100|[from] Grassy Terrain\n|-heal|p2a: Rillaboom|94\/100|[from] Grassy Terrain\n|upkeep\n|turn|7\n|\n|t:|1700419897\n|switch|p2a: Dragonite|Dragonite, M|100\/100\n|move|p1a: Cinderace|U-turn|p2a: Dragonite\n|-start|p1a: Cinderace|typechange|Bug|[from] ability: Libero\n|-resisted|p2a: Dragonite\n|-damage|p2a: Dragonite|90\/100\n|\n|t:|1700419904\n|switch|p1a: Slowking|Slowking-Galar, F|100\/100|[from] U-turn\n|\n|upkeep\n|turn|8\n|\n|t:|1700419925\n|switch|p2a: Goodra|Goodra-Hisui, M|100\/100\n|-damage|p2a: Goodra|94\/100|[from] Stealth Rock\n|move|p1a: Slowking|Ice Beam|p2a: Goodra\n|-damage|p2a: Goodra|84\/100\n|\n|-heal|p2a: Goodra|90\/100|[from] Grassy Terrain\n|upkeep\n|turn|9\n|\n|t:|1700419930\n|move|p2a: Goodra|Dragon Breath|p1a: Slowking\n|-damage|p1a: Slowking|87\/100\n|move|p1a: Slowking|Chilly Reception|p1a: Slowking\n|-weather|Snow\n|\n|t:|1700419936\n|switch|p1a: Alomomola|Alomomola, F|100\/100|[from] Chilly Reception\n|\n|-weather|Snow|[upkeep]\n|-heal|p2a: Goodra|96\/100|[from] Grassy Terrain\n|upkeep\n|turn|10\n|\n|t:|1700419943\n|move|p2a: Goodra|Dragon Breath|p1a: Alomomola\n|-damage|p1a: Alomomola|79\/100\n|-enditem|p1a: Alomomola|Red Card|[of] p2a: Goodra\n|drag|p2a: Zarude|Zarude-Dada|100\/100\n|-damage|p2a: Zarude|88\/100|[from] Stealth Rock\n|move|p1a: Alomomola|Wish|p1a: Alomomola\n|\n|-weather|Snow|[upkeep]\n|-heal|p2a: Zarude|94\/100|[from] Grassy Terrain\n|-heal|p1a: Alomomola|85\/100|[from] Grassy Terrain\n|-fieldend|move: Grassy Terrain\n|upkeep\n|turn|11\n|\n|t:|1700419954\n|switch|p1a: Cinderace|Cinderace, F|45\/100\n|move|p2a: Zarude|U-turn|p1a: Cinderace\n|-resisted|p1a: Cinderace\n|-damage|p1a: Cinderace|29\/100\n|\n|t:|1700419960\n|switch|p2a: Dragonite|Dragonite, M|90\/100|[from] U-turn\n|\n|-weather|Snow|[upkeep]\n|-heal|p1a: Cinderace|100\/100|[from] move: Wish|[wisher] Alomomola\n|upkeep\n|turn|12\n|\n|t:|1700419968\n|move|p1a: Cinderace|Will-O-Wisp|p2a: Dragonite\n|-status|p2a: Dragonite|brn\n|move|p2a: Dragonite|Dragon Dance|p2a: Dragonite\n|-boost|p2a: Dragonite|atk|1\n|-boost|p2a: Dragonite|spe|1\n|\n|-weather|Snow|[upkeep]\n|-damage|p2a: Dragonite|84\/100 brn|[from] brn\n|upkeep\n|turn|13\n|\n|t:|1700419977\n|switch|p1a: Slowking|Slowking-Galar, F|100\/100\n|move|p2a: Dragonite|Dragon Dance|p2a: Dragonite\n|-boost|p2a: Dragonite|atk|1\n|-boost|p2a: Dragonite|spe|1\n|\n|-weather|none\n|-damage|p2a: Dragonite|78\/100 brn|[from] brn\n|upkeep\n|turn|14\n|\n|t:|1700419981\n|move|p2a: Dragonite|Earthquake|p1a: Slowking\n|-supereffective|p1a: Slowking\n|-damage|p1a: Slowking|21\/100\n|move|p1a: Slowking|Ice Beam|p2a: Dragonite\n|-supereffective|p2a: Dragonite\n|-damage|p2a: Dragonite|0 fnt\n|faint|p2a: Dragonite\n|\n|upkeep\n|-message|Lost_in_sky_light forfeited.\n|\n|win|Andrews Finn2\n|raw|Andrews Finn2's rating: 1172 &rarr; <strong>1201<\/strong><br \/>(+29 for winning)\n|raw|Lost_in_sky_light's rating: 1230 &rarr; <strong>1201<\/strong><br \/>(-29 for losing)\n|l|\u2606Lost_in_sky_light\n","uploadtime":1700419993,"views":9,"p1id":"andrewsfinn2","p2id":"lostinskylight","formatid":"gen9ou","rating":1201,"private":0,"password":""}