{"id":"gen9ou-1992700273","p1":"Someperson856","p2":"Mr.X&Y97","format":"[Gen 9] OU","log":"|j|\u2606Someperson856\n|j|\u2606Mr.X&Y97\n|t:|1700226787\n|gametype|singles\n|player|p1|Someperson856|wallace|1363\n|player|p2|Mr.X&Y97|blue|1434\n|teamsize|p1|6\n|teamsize|p2|6\n|gen|9\n|tier|[Gen 9] OU\n|rated|\n|rule|Sleep Clause Mod: Limit one foe put to sleep\n|rule|Species Clause: Limit one of each Pok\u00e9mon\n|rule|OHKO Clause: OHKO moves are banned\n|rule|Evasion Items Clause: Evasion items are banned\n|rule|Evasion Moves Clause: Evasion moves are banned\n|rule|Endless Battle Clause: Forcing endless battles is banned\n|rule|HP Percentage Mod: HP is shown in percentages\n|clearpoke\n|poke|p1|Sneasler, F|\n|poke|p1|Amoonguss, M|\n|poke|p1|Garganacl, M|\n|poke|p1|Ting-Lu|\n|poke|p1|Skeledirge, M|\n|poke|p1|Corviknight, M|\n|poke|p2|Ting-Lu|\n|poke|p2|Conkeldurr, F|\n|poke|p2|Dragonite, F|\n|poke|p2|Corviknight, F|\n|poke|p2|Iron Moth|\n|poke|p2|Weavile, M|\n|teampreview\n|inactive|Battle timer is ON: inactive players will automatically lose when time's up. (requested by Mr.X&Y97)\n|\n|t:|1700226808\n|start\n|switch|p1a: Sneasler|Sneasler, F|100\/100\n|switch|p2a: Conkeldurr|Conkeldurr, F|100\/100\n|turn|1\n|\n|t:|1700226815\n|move|p1a: Sneasler|Fake Out|p2a: Conkeldurr\n|-damage|p2a: Conkeldurr|87\/100\n|-status|p2a: Conkeldurr|psn|[from] ability: Poison Touch|[of] p1a: Sneasler\n|cant|p2a: Conkeldurr|flinch\n|\n|-damage|p2a: Conkeldurr|74\/100 psn|[from] psn\n|upkeep\n|turn|2\n|\n|t:|1700226820\n|move|p1a: Sneasler|U-turn|p2a: Conkeldurr\n|-resisted|p2a: Conkeldurr\n|-damage|p2a: Conkeldurr|63\/100 psn\n|\n|t:|1700226823\n|switch|p1a: Amoonguss|Amoonguss, M|100\/100|[from] U-turn\n|move|p2a: Conkeldurr|Facade|p1a: Amoonguss\n|-damage|p1a: Amoonguss|40\/100\n|-damage|p2a: Conkeldurr|47\/100 psn|[from] item: Rocky Helmet|[of] p1a: Amoonguss\n|\n|-damage|p2a: Conkeldurr|35\/100 psn|[from] psn\n|upkeep\n|turn|3\n|\n|t:|1700226831\n|switch|p1a: Corviknight|Corviknight, M|100\/100\n|-ability|p1a: Corviknight|Pressure\n|move|p2a: Conkeldurr|Knock Off|p1a: Corviknight\n|-damage|p1a: Corviknight|67\/100\n|-enditem|p1a: Corviknight|Leftovers|[from] move: Knock Off|[of] p2a: Conkeldurr\n|\n|-damage|p2a: Conkeldurr|22\/100 psn|[from] psn\n|upkeep\n|turn|4\n|\n|t:|1700226844\n|switch|p1a: Amoonguss|Amoonguss, M|73\/100\n|switch|p2a: Ting-Lu|Ting-Lu|100\/100\n|-ability|p2a: Ting-Lu|Vessel of Ruin\n|\n|upkeep\n|turn|5\n|\n|t:|1700226862\n|switch|p2a: Conkeldurr|Conkeldurr, F|22\/100 psn\n|move|p1a: Amoonguss|Sludge Bomb|p2a: Conkeldurr\n|-damage|p2a: Conkeldurr|0 fnt\n|faint|p2a: Conkeldurr\n|\n|upkeep\n|\n|t:|1700226868\n|switch|p2a: Iron Moth|Iron Moth|100\/100\n|-enditem|p2a: Iron Moth|Booster Energy\n|-activate|p2a: Iron Moth|ability: Quark Drive|[fromitem]\n|-start|p2a: Iron Moth|quarkdrivespe\n|turn|6\n|\n|t:|1700226880\n|switch|p1a: Skeledirge|Skeledirge, M|100\/100\n|move|p2a: Iron Moth|Substitute|p2a: Iron Moth\n|-start|p2a: Iron Moth|Substitute\n|-damage|p2a: Iron Moth|76\/100\n|\n|upkeep\n|turn|7\n|\n|t:|1700226884\n|move|p2a: Iron Moth|Sludge Wave|p1a: Skeledirge\n|-resisted|p1a: Skeledirge\n|-damage|p1a: Skeledirge|74\/100\n|move|p1a: Skeledirge|Torch Song|p2a: Iron Moth\n|-resisted|p2a: Iron Moth\n|-damage|p2a: Iron Moth|60\/100\n|-boost|p1a: Skeledirge|spa|1\n|\n|upkeep\n|turn|8\n|\n|t:|1700226890\n|move|p2a: Iron Moth|Sludge Wave|p1a: Skeledirge\n|-resisted|p1a: Skeledirge\n|-damage|p1a: Skeledirge|50\/100\n|move|p1a: Skeledirge|Torch Song|p2a: Iron Moth\n|-resisted|p2a: Iron Moth\n|-damage|p2a: Iron Moth|38\/100\n|-boost|p1a: Skeledirge|spa|1\n|\n|upkeep\n|turn|9\n|\n|t:|1700226895\n|move|p2a: Iron Moth|Sludge Wave|p1a: Skeledirge\n|-resisted|p1a: Skeledirge\n|-damage|p1a: Skeledirge|24\/100\n|move|p1a: Skeledirge|Torch Song|p2a: Iron Moth\n|-resisted|p2a: Iron Moth\n|-damage|p2a: Iron Moth|6\/100\n|-boost|p1a: Skeledirge|spa|1\n|\n|upkeep\n|turn|10\n|\n|t:|1700226904\n|move|p2a: Iron Moth|Sludge Wave|p1a: Skeledirge\n|-resisted|p1a: Skeledirge\n|-damage|p1a: Skeledirge|0 fnt\n|faint|p1a: Skeledirge\n|\n|upkeep\n|\n|t:|1700226906\n|switch|p1a: Sneasler|Sneasler, F|100\/100\n|turn|11\n|\n|t:|1700226909\n|move|p1a: Sneasler|Fake Out|p2a: Iron Moth\n|-activate|p2a: Iron Moth|move: Substitute|[damage]\n|move|p2a: Iron Moth|Fiery Dance|p1a: Sneasler\n|-damage|p1a: Sneasler|46\/100\n|-boost|p2a: Iron Moth|spa|1\n|\n|upkeep\n|turn|12\n|\n|t:|1700226913\n|move|p2a: Iron Moth|Fiery Dance|p1a: Sneasler\n|-damage|p1a: Sneasler|0 fnt\n|faint|p1a: Sneasler\n|\n|upkeep\n|\n|t:|1700226917\n|switch|p1a: Garganacl|Garganacl, M|100\/100\n|turn|13\n|\n|t:|1700226920\n|-terastallize|p2a: Iron Moth|Grass\n|move|p2a: Iron Moth|Energy Ball|p1a: Garganacl\n|-supereffective|p1a: Garganacl\n|-damage|p1a: Garganacl|0 fnt\n|faint|p1a: Garganacl\n|\n|upkeep\n|-message|Someperson856 forfeited.\n|\n|win|Mr.X&Y97\n|raw|Someperson856's rating: 1363 &rarr; <strong>1347<\/strong><br \/>(-16 for losing)\n|raw|Mr.X&amp;Y97's rating: 1434 &rarr; <strong>1450<\/strong><br \/>(+16 for winning)\n|l|\u2606Someperson856\n","uploadtime":1700226939,"views":9,"p1id":"someperson856","p2id":"mrxy97","formatid":"gen9ou","rating":1347,"private":0,"password":""}