{"id":"gen9ou-1994758279","p1":"CapnTophat","p2":"AikonZ_Test","format":"[Gen 9] OU","log":"|j|\u2606CapnTophat\n|j|\u2606AikonZ_Test\n|t:|1700489816\n|gametype|singles\n|player|p1|CapnTophat|wallace|1629\n|player|p2|AikonZ_Test|veteran|1780\n|teamsize|p1|6\n|teamsize|p2|6\n|gen|9\n|tier|[Gen 9] OU\n|rated|\n|rule|Sleep Clause Mod: Limit one foe put to sleep\n|rule|Species Clause: Limit one of each Pok\u00e9mon\n|rule|OHKO Clause: OHKO moves are banned\n|rule|Evasion Items Clause: Evasion items are banned\n|rule|Evasion Moves Clause: Evasion moves are banned\n|rule|Endless Battle Clause: Forcing endless battles is banned\n|rule|HP Percentage Mod: HP is shown in percentages\n|clearpoke\n|poke|p1|Great Tusk|\n|poke|p1|Kingambit, M|\n|poke|p1|Iron Hands|\n|poke|p1|Iron Valiant|\n|poke|p1|Ting-Lu|\n|poke|p1|Toxapex, M|\n|poke|p2|Slowking-Galar, F|\n|poke|p2|Clefable, M|\n|poke|p2|Zamazenta-*|\n|poke|p2|Cinderace, M|\n|poke|p2|Greninja-*, M|\n|poke|p2|Great Tusk|\n|teampreview\n|inactive|Battle timer is ON: inactive players will automatically lose when time's up. (requested by CapnTophat)\n|j| Golden Oreos\n|\n|t:|1700489830\n|start\n|switch|p1a: Great Tusk|Great Tusk|100\/100\n|switch|p2a: Greninja|Greninja, M|100\/100\n|turn|1\n|j| Large_Rodent\n|\n|t:|1700489857\n|-end|p1a: Great Tusk|Protosynthesis|[silent]\n|switch|p1a: Toxapex|Toxapex, M|100\/100\n|move|p2a: Greninja|Switcheroo|p1a: Toxapex\n|-start|p2a: Greninja|typechange|Dark|[from] ability: Protean\n|-activate|p2a: Greninja|move: Trick|[of] p1a: Toxapex\n|-item|p1a: Toxapex|Choice Scarf|[from] move: Switcheroo\n|-item|p2a: Greninja|Heavy-Duty Boots|[from] move: Switcheroo\n|\n|upkeep\n|turn|2\n|inactive|AikonZ_Test has 120 seconds left.\n|j| Seleukos\n|\n|t:|1700489889\n|switch|p2a: Slowking|Slowking-Galar, F|100\/100\n|move|p1a: Toxapex|Toxic|p2a: Slowking\n|-immune|p2a: Slowking\n|\n|upkeep\n|turn|3\n|j| opjufgikk\n|\n|t:|1700489898\n|move|p1a: Toxapex|Toxic|p2a: Slowking\n|-immune|p2a: Slowking\n|move|p2a: Slowking|Flamethrower|p1a: Toxapex\n|-resisted|p1a: Toxapex\n|-damage|p1a: Toxapex|90\/100\n|\n|upkeep\n|turn|4\n|\n|t:|1700489901\n|move|p1a: Toxapex|Toxic|p2a: Slowking\n|-immune|p2a: Slowking\n|move|p2a: Slowking|Future Sight|p1a: Toxapex\n|-start|p2a: Slowking|move: Future Sight\n|\n|upkeep\n|turn|5\n|\n|t:|1700489904\n|move|p1a: Toxapex|Toxic|p2a: Slowking\n|-immune|p2a: Slowking\n|move|p2a: Slowking|Flamethrower|p1a: Toxapex\n|-resisted|p1a: Toxapex\n|-damage|p1a: Toxapex|79\/100\n|\n|upkeep\n|turn|6\n|\n|t:|1700489911\n|switch|p1a: Ting-Lu|Ting-Lu|100\/100\n|-ability|p1a: Ting-Lu|Vessel of Ruin\n|move|p2a: Slowking|Flamethrower|p1a: Ting-Lu\n|-damage|p1a: Ting-Lu|88\/100\n|\n|-end|p1a: Ting-Lu|move: Future Sight\n|-immune|p1a: Ting-Lu\n|-heal|p1a: Ting-Lu|95\/100|[from] item: Leftovers\n|upkeep\n|turn|7\n|\n|t:|1700489916\n|switch|p2a: Great Tusk|Great Tusk|100\/100\n|move|p1a: Ting-Lu|Earthquake|p2a: Great Tusk\n|-damage|p2a: Great Tusk|82\/100\n|\n|-heal|p2a: Great Tusk|88\/100|[from] item: Leftovers\n|-heal|p1a: Ting-Lu|100\/100|[from] item: Leftovers\n|upkeep\n|turn|8\n|\n|t:|1700489929\n|move|p2a: Great Tusk|Earthquake|p1a: Ting-Lu\n|-damage|p1a: Ting-Lu|78\/100\n|move|p1a: Ting-Lu|Ruination|p2a: Great Tusk\n|-damage|p2a: Great Tusk|44\/100\n|\n|-heal|p2a: Great Tusk|50\/100|[from] item: Leftovers\n|-heal|p1a: Ting-Lu|85\/100|[from] item: Leftovers\n|upkeep\n|turn|9\n|\n|t:|1700489933\n|move|p2a: Great Tusk|Rapid Spin|p1a: Ting-Lu\n|-damage|p1a: Ting-Lu|77\/100\n|-boost|p2a: Great Tusk|spe|1\n|move|p1a: Ting-Lu|Ruination|p2a: Great Tusk\n|-damage|p2a: Great Tusk|26\/100\n|\n|-heal|p2a: Great Tusk|32\/100|[from] item: Leftovers\n|-heal|p1a: Ting-Lu|83\/100|[from] item: Leftovers\n|upkeep\n|turn|10\n|l| Golden Oreos\n|\n|t:|1700489939\n|move|p2a: Great Tusk|Bulk Up|p2a: Great Tusk\n|-boost|p2a: Great Tusk|atk|1\n|-boost|p2a: Great Tusk|def|1\n|move|p1a: Ting-Lu|Earthquake|p2a: Great Tusk\n|-damage|p2a: Great Tusk|19\/100\n|\n|-heal|p2a: Great Tusk|25\/100|[from] item: Leftovers\n|-heal|p1a: Ting-Lu|89\/100|[from] item: Leftovers\n|upkeep\n|turn|11\n|\n|t:|1700489947\n|move|p2a: Great Tusk|Earthquake|p1a: Ting-Lu\n|-damage|p1a: Ting-Lu|51\/100\n|move|p1a: Ting-Lu|Ruination|p2a: Great Tusk\n|-damage|p2a: Great Tusk|13\/100\n|\n|-heal|p2a: Great Tusk|19\/100|[from] item: Leftovers\n|-heal|p1a: Ting-Lu|58\/100|[from] item: Leftovers\n|upkeep\n|turn|12\n|\n|t:|1700489954\n|switch|p1a: Great Tusk|Great Tusk|100\/100\n|move|p2a: Great Tusk|Bulk Up|p2a: Great Tusk\n|-boost|p2a: Great Tusk|atk|1\n|-boost|p2a: Great Tusk|def|1\n|\n|-heal|p2a: Great Tusk|25\/100|[from] item: Leftovers\n|upkeep\n|turn|13\n|\n|t:|1700489962\n|move|p2a: Great Tusk|Earthquake|p1a: Great Tusk\n|-damage|p1a: Great Tusk|60\/100\n|move|p1a: Great Tusk|Knock Off|p2a: Great Tusk\n|-resisted|p2a: Great Tusk\n|-damage|p2a: Great Tusk|21\/100\n|-enditem|p2a: Great Tusk|Leftovers|[from] move: Knock Off|[of] p1a: Great Tusk\n|\n|-heal|p1a: Great Tusk|67\/100|[from] item: Leftovers\n|upkeep\n|turn|14\n|\n|t:|1700489969\n|move|p2a: Great Tusk|Rapid Spin|p1a: Great Tusk\n|-damage|p1a: Great Tusk|53\/100\n|-boost|p2a: Great Tusk|spe|1\n|move|p1a: Great Tusk|Earthquake|p2a: Great Tusk\n|-damage|p2a: Great Tusk|11\/100\n|\n|-heal|p1a: Great Tusk|59\/100|[from] item: Leftovers\n|upkeep\n|turn|15\n|\n|t:|1700489976\n|move|p2a: Great Tusk|Earthquake|p1a: Great Tusk\n|-damage|p1a: Great Tusk|19\/100\n|move|p1a: Great Tusk|Earthquake|p2a: Great Tusk\n|-damage|p2a: Great Tusk|0 fnt\n|faint|p2a: Great Tusk\n|-end|p2a: Great Tusk|Protosynthesis|[silent]\n|\n|-heal|p1a: Great Tusk|25\/100|[from] item: Leftovers\n|upkeep\n|\n|t:|1700489985\n|switch|p2a: Cinderace|Cinderace, M|100\/100\n|turn|16\n|\n|t:|1700489991\n|-end|p1a: Great Tusk|Protosynthesis|[silent]\n|switch|p1a: Toxapex|Toxapex, M|100\/100\n|move|p2a: Cinderace|Pyro Ball|p1a: Toxapex\n|-resisted|p1a: Toxapex\n|-damage|p1a: Toxapex|83\/100\n|\n|upkeep\n|turn|17\n|\n|t:|1700489999\n|move|p2a: Cinderace|U-turn|p1a: Toxapex\n|-start|p2a: Cinderace|typechange|Bug|[from] ability: Libero\n|-resisted|p1a: Toxapex\n|-crit|p1a: Toxapex\n|-damage|p1a: Toxapex|68\/100\n|\n|t:|1700490002\n|switch|p2a: Slowking|Slowking-Galar, F|100\/100|[from] U-turn\n|move|p1a: Toxapex|Toxic|p2a: Slowking\n|-immune|p2a: Slowking\n|\n|upkeep\n|turn|18\n|\n|t:|1700490011\n|switch|p1a: Great Tusk|Great Tusk|25\/100\n|move|p2a: Slowking|Future Sight|p1a: Great Tusk\n|-start|p2a: Slowking|move: Future Sight\n|\n|-heal|p1a: Great Tusk|32\/100|[from] item: Leftovers\n|upkeep\n|turn|19\n|\n|t:|1700490015\n|switch|p2a: Clefable|Clefable, M|100\/100\n|move|p1a: Great Tusk|Knock Off|p2a: Clefable\n|-resisted|p2a: Clefable\n|-damage|p2a: Clefable|89\/100\n|-enditem|p2a: Clefable|Leftovers|[from] move: Knock Off|[of] p1a: Great Tusk\n|\n|-heal|p1a: Great Tusk|38\/100|[from] item: Leftovers\n|upkeep\n|turn|20\n|\n|t:|1700490022\n|-end|p1a: Great Tusk|Protosynthesis|[silent]\n|switch|p1a: Ting-Lu|Ting-Lu|58\/100\n|-ability|p1a: Ting-Lu|Vessel of Ruin\n|move|p2a: Clefable|Moonblast|p1a: Ting-Lu\n|-supereffective|p1a: Ting-Lu\n|-damage|p1a: Ting-Lu|31\/100\n|-unboost|p1a: Ting-Lu|spa|1\n|\n|-end|p1a: Ting-Lu|move: Future Sight\n|-immune|p1a: Ting-Lu\n|-heal|p1a: Ting-Lu|37\/100|[from] item: Leftovers\n|upkeep\n|turn|21\n|\n|t:|1700490032\n|move|p2a: Clefable|Moonblast|p1a: Ting-Lu\n|-supereffective|p1a: Ting-Lu\n|-damage|p1a: Ting-Lu|9\/100\n|-unboost|p1a: Ting-Lu|spa|1\n|move|p1a: Ting-Lu|Ruination|p2a: Clefable\n|-damage|p2a: Clefable|45\/100\n|\n|-heal|p1a: Ting-Lu|15\/100|[from] item: Leftovers\n|upkeep\n|turn|22\n|j| vivemouah\n|\n|t:|1700490042\n|move|p2a: Clefable|Wish|p2a: Clefable\n|move|p1a: Ting-Lu|Ruination|p2a: Clefable\n|-damage|p2a: Clefable|23\/100\n|\n|-heal|p1a: Ting-Lu|22\/100|[from] item: Leftovers\n|upkeep\n|turn|23\n|\n|t:|1700490049\n|move|p2a: Clefable|Moonblast|p1a: Ting-Lu\n|-supereffective|p1a: Ting-Lu\n|-damage|p1a: Ting-Lu|0 fnt\n|faint|p1a: Ting-Lu\n|\n|-heal|p2a: Clefable|73\/100|[from] move: Wish|[wisher] Clefable\n|upkeep\n|\n|t:|1700490050\n|switch|p1a: Kingambit|Kingambit, M|100\/100\n|-activate|p1a: Kingambit|ability: Supreme Overlord\n|-start|p1a: Kingambit|fallen1|[silent]\n|turn|24\n|\n|t:|1700490057\n|switch|p2a: Zamazenta|Zamazenta|100\/100\n|-ability|p2a: Zamazenta|Dauntless Shield|boost\n|-boost|p2a: Zamazenta|def|1\n|move|p1a: Kingambit|Iron Head|p2a: Zamazenta\n|-crit|p2a: Zamazenta\n|-damage|p2a: Zamazenta|46\/100\n|\n|-heal|p2a: Zamazenta|52\/100|[from] item: Leftovers\n|upkeep\n|turn|25\n|\n|t:|1700490071\n|-end|p1a: Kingambit|fallen1|[silent]\n|switch|p1a: Great Tusk|Great Tusk|38\/100\n|move|p2a: Zamazenta|Body Press|p1a: Great Tusk\n|-damage|p1a: Great Tusk|13\/100\n|\n|-heal|p2a: Zamazenta|58\/100|[from] item: Leftovers\n|-heal|p1a: Great Tusk|19\/100|[from] item: Leftovers\n|upkeep\n|turn|26\n|\n|t:|1700490080\n|move|p2a: Zamazenta|Substitute|p2a: Zamazenta\n|-start|p2a: Zamazenta|Substitute\n|-damage|p2a: Zamazenta|33\/100\n|move|p1a: Great Tusk|Knock Off|p2a: Zamazenta\n|-resisted|p2a: Zamazenta\n|-activate|p2a: Zamazenta|move: Substitute|[damage]\n|\n|-heal|p2a: Zamazenta|39\/100|[from] item: Leftovers\n|-heal|p1a: Great Tusk|25\/100|[from] item: Leftovers\n|upkeep\n|turn|27\n|\n|t:|1700490084\n|move|p2a: Zamazenta|Iron Defense|p2a: Zamazenta\n|-boost|p2a: Zamazenta|def|2\n|move|p1a: Great Tusk|Earthquake|p2a: Zamazenta\n|-activate|p2a: Zamazenta|move: Substitute|[damage]\n|\n|-heal|p2a: Zamazenta|45\/100|[from] item: Leftovers\n|-heal|p1a: Great Tusk|32\/100|[from] item: Leftovers\n|upkeep\n|turn|28\n|\n|t:|1700490091\n|-end|p1a: Great Tusk|Protosynthesis|[silent]\n|switch|p1a: Toxapex|Toxapex, M|100\/100\n|move|p2a: Zamazenta|Body Press|p1a: Toxapex\n|-resisted|p1a: Toxapex\n|-damage|p1a: Toxapex|76\/100\n|\n|-heal|p2a: Zamazenta|52\/100|[from] item: Leftovers\n|upkeep\n|turn|29\n|\n|t:|1700490098\n|move|p2a: Zamazenta|Iron Defense|p2a: Zamazenta\n|-boost|p2a: Zamazenta|def|2\n|move|p1a: Toxapex|Haze|p1a: Toxapex\n|-clearallboost\n|\n|-heal|p2a: Zamazenta|58\/100|[from] item: Leftovers\n|upkeep\n|turn|30\n|\n|t:|1700490108\n|move|p2a: Zamazenta|Iron Defense|p2a: Zamazenta\n|-boost|p2a: Zamazenta|def|2\n|move|p1a: Toxapex|Haze|p1a: Toxapex\n|-clearallboost\n|\n|-heal|p2a: Zamazenta|64\/100|[from] item: Leftovers\n|upkeep\n|turn|31\n|\n|t:|1700490114\n|move|p2a: Zamazenta|Iron Defense|p2a: Zamazenta\n|-boost|p2a: Zamazenta|def|2\n|move|p1a: Toxapex|Haze|p1a: Toxapex\n|-clearallboost\n|\n|-heal|p2a: Zamazenta|70\/100|[from] item: Leftovers\n|upkeep\n|turn|32\n|\n|t:|1700490123\n|move|p2a: Zamazenta|Crunch|p1a: Toxapex\n|-crit|p1a: Toxapex\n|-damage|p1a: Toxapex|57\/100\n|-unboost|p1a: Toxapex|def|1\n|move|p1a: Toxapex|Haze|p1a: Toxapex\n|-clearallboost\n|\n|-heal|p2a: Zamazenta|76\/100|[from] item: Leftovers\n|upkeep\n|turn|33\n|\n|t:|1700490129\n|switch|p1a: Iron Valiant|Iron Valiant|100\/100\n|-enditem|p1a: Iron Valiant|Booster Energy\n|-activate|p1a: Iron Valiant|ability: Quark Drive|[fromitem]\n|-start|p1a: Iron Valiant|quarkdrivespe\n|move|p2a: Zamazenta|Iron Defense|p2a: Zamazenta\n|-boost|p2a: Zamazenta|def|2\n|\n|-heal|p2a: Zamazenta|82\/100|[from] item: Leftovers\n|upkeep\n|turn|34\n|\n|t:|1700490134\n|move|p1a: Iron Valiant|Calm Mind|p1a: Iron Valiant\n|-boost|p1a: Iron Valiant|spa|1\n|-boost|p1a: Iron Valiant|spd|1\n|move|p2a: Zamazenta|Body Press|p1a: Iron Valiant\n|-resisted|p1a: Iron Valiant\n|-damage|p1a: Iron Valiant|55\/100\n|\n|-heal|p2a: Zamazenta|89\/100|[from] item: Leftovers\n|upkeep\n|turn|35\n|\n|t:|1700490143\n|move|p1a: Iron Valiant|Moonblast|p2a: Zamazenta\n|-supereffective|p2a: Zamazenta\n|-end|p2a: Zamazenta|Substitute\n|move|p2a: Zamazenta|Iron Defense|p2a: Zamazenta\n|-boost|p2a: Zamazenta|def|2\n|\n|-heal|p2a: Zamazenta|95\/100|[from] item: Leftovers\n|upkeep\n|turn|36\n|\n|t:|1700490151\n|-terastallize|p2a: Zamazenta|Steel\n|move|p1a: Iron Valiant|Moonblast|p2a: Zamazenta\n|-resisted|p2a: Zamazenta\n|-damage|p2a: Zamazenta|67\/100\n|-unboost|p2a: Zamazenta|spa|1\n|move|p2a: Zamazenta|Body Press|p1a: Iron Valiant\n|-resisted|p1a: Iron Valiant\n|-damage|p1a: Iron Valiant|0 fnt\n|faint|p1a: Iron Valiant\n|-end|p1a: Iron Valiant|Quark Drive|[silent]\n|\n|-heal|p2a: Zamazenta|73\/100|[from] item: Leftovers\n|upkeep\n|\n|t:|1700490155\n|switch|p1a: Iron Hands|Iron Hands|100\/100\n|turn|37\n|\n|t:|1700490165\n|-terastallize|p1a: Iron Hands|Flying\n|move|p2a: Zamazenta|Body Press|p1a: Iron Hands\n|-resisted|p1a: Iron Hands\n|-damage|p1a: Iron Hands|67\/100\n|move|p1a: Iron Hands|Swords Dance|p1a: Iron Hands\n|-boost|p1a: Iron Hands|atk|2\n|\n|-heal|p2a: Zamazenta|79\/100|[from] item: Leftovers\n|-heal|p1a: Iron Hands|73\/100|[from] item: Leftovers\n|upkeep\n|turn|38\n|\n|t:|1700490183\n|switch|p2a: Clefable|Clefable, M|73\/100\n|move|p1a: Iron Hands|Drain Punch|p2a: Clefable\n|-resisted|p2a: Clefable\n|-damage|p2a: Clefable|56\/100\n|-heal|p1a: Iron Hands|81\/100|[from] drain|[of] p2a: Clefable\n|\n|-heal|p1a: Iron Hands|87\/100|[from] item: Leftovers\n|upkeep\n|turn|39\n|\n|t:|1700490189\n|move|p1a: Iron Hands|Thunder Punch|p2a: Clefable\n|-damage|p2a: Clefable|25\/100\n|move|p2a: Clefable|Wish|p2a: Clefable\n|\n|-heal|p1a: Iron Hands|93\/100|[from] item: Leftovers\n|upkeep\n|turn|40\n|\n|t:|1700490193\n|move|p2a: Clefable|Protect|p2a: Clefable\n|-singleturn|p2a: Clefable|Protect\n|move|p1a: Iron Hands|Thunder Punch|p2a: Clefable\n|-activate|p2a: Clefable|move: Protect\n|\n|-heal|p2a: Clefable|75\/100|[from] move: Wish|[wisher] Clefable\n|-heal|p1a: Iron Hands|99\/100|[from] item: Leftovers\n|upkeep\n|turn|41\n|\n|t:|1700490199\n|-end|p1a: Iron Hands|Quark Drive|[silent]\n|switch|p1a: Kingambit|Kingambit, M|100\/100\n|-activate|p1a: Kingambit|ability: Supreme Overlord\n|-start|p1a: Kingambit|fallen2|[silent]\n|move|p2a: Clefable|Moonblast|p1a: Kingambit\n|-damage|p1a: Kingambit|72\/100\n|\n|-heal|p1a: Kingambit|78\/100|[from] item: Leftovers\n|upkeep\n|turn|42\n|j| lenelenn\n|\n|t:|1700490213\n|switch|p2a: Zamazenta|Zamazenta, tera:Steel|79\/100\n|move|p1a: Kingambit|Swords Dance|p1a: Kingambit\n|-boost|p1a: Kingambit|atk|2\n|\n|-heal|p2a: Zamazenta|86\/100|[from] item: Leftovers\n|-heal|p1a: Kingambit|84\/100|[from] item: Leftovers\n|upkeep\n|turn|43\n|\n|t:|1700490223\n|-end|p1a: Kingambit|fallen2|[silent]\n|switch|p1a: Iron Hands|Iron Hands, tera:Flying|99\/100\n|move|p2a: Zamazenta|Iron Defense|p2a: Zamazenta\n|-boost|p2a: Zamazenta|def|2\n|\n|-heal|p2a: Zamazenta|92\/100|[from] item: Leftovers\n|-heal|p1a: Iron Hands|100\/100|[from] item: Leftovers\n|upkeep\n|turn|44\n|\n|t:|1700490229\n|move|p2a: Zamazenta|Iron Defense|p2a: Zamazenta\n|-boost|p2a: Zamazenta|def|2\n|move|p1a: Iron Hands|Swords Dance|p1a: Iron Hands\n|-boost|p1a: Iron Hands|atk|2\n|\n|-heal|p2a: Zamazenta|98\/100|[from] item: Leftovers\n|upkeep\n|turn|45\n|\n|t:|1700490247\n|move|p2a: Zamazenta|Body Press|p1a: Iron Hands\n|-resisted|p1a: Iron Hands\n|-crit|p1a: Iron Hands\n|-damage|p1a: Iron Hands|43\/100\n|move|p1a: Iron Hands|Swords Dance|p1a: Iron Hands\n|-boost|p1a: Iron Hands|atk|2\n|\n|-heal|p2a: Zamazenta|100\/100|[from] item: Leftovers\n|-heal|p1a: Iron Hands|49\/100|[from] item: Leftovers\n|upkeep\n|turn|46\n|\n|t:|1700490253\n|switch|p2a: Clefable|Clefable, M|75\/100\n|move|p1a: Iron Hands|Drain Punch|p2a: Clefable\n|-resisted|p2a: Clefable\n|-damage|p2a: Clefable|59\/100\n|-heal|p1a: Iron Hands|56\/100|[from] drain|[of] p2a: Clefable\n|\n|-heal|p1a: Iron Hands|63\/100|[from] item: Leftovers\n|upkeep\n|turn|47\n|\n|t:|1700490261\n|move|p1a: Iron Hands|Drain Punch|p2a: Clefable\n|-resisted|p2a: Clefable\n|-damage|p2a: Clefable|43\/100\n|-heal|p1a: Iron Hands|70\/100|[from] drain|[of] p2a: Clefable\n|move|p2a: Clefable|Stealth Rock|p1a: Iron Hands\n|-sidestart|p1: CapnTophat|move: Stealth Rock\n|\n|-heal|p1a: Iron Hands|76\/100|[from] item: Leftovers\n|upkeep\n|turn|48\n|\n|t:|1700490277\n|move|p1a: Iron Hands|Thunder Punch|p2a: Clefable\n|-damage|p2a: Clefable|11\/100\n|move|p2a: Clefable|Moonblast|p1a: Iron Hands\n|-damage|p1a: Iron Hands|50\/100\n|-unboost|p1a: Iron Hands|spa|1\n|\n|-heal|p1a: Iron Hands|56\/100|[from] item: Leftovers\n|upkeep\n|turn|49\n|\n|t:|1700490284\n|move|p1a: Iron Hands|Drain Punch|p2a: Clefable\n|-resisted|p2a: Clefable\n|-damage|p2a: Clefable|0 fnt\n|-heal|p1a: Iron Hands|61\/100|[from] drain|[of] p2a: Clefable\n|faint|p2a: Clefable\n|\n|-heal|p1a: Iron Hands|67\/100|[from] item: Leftovers\n|upkeep\n|\n|t:|1700490286\n|switch|p2a: Greninja|Greninja, M|100\/100\n|turn|50\n|\n|t:|1700490290\n|move|p2a: Greninja|Ice Beam|p1a: Iron Hands\n|-start|p2a: Greninja|typechange|Ice|[from] ability: Protean\n|-supereffective|p1a: Iron Hands\n|-damage|p1a: Iron Hands|8\/100\n|move|p1a: Iron Hands|Drain Punch|p2a: Greninja\n|-supereffective|p2a: Greninja\n|-damage|p2a: Greninja|0 fnt\n|-heal|p1a: Iron Hands|39\/100|[from] drain|[of] p2a: Greninja\n|faint|p2a: Greninja\n|\n|-heal|p1a: Iron Hands|46\/100|[from] item: Leftovers\n|upkeep\n|inactive|AikonZ_Test has 120 seconds left.\n|\n|t:|1700490338\n|switch|p2a: Cinderace|Cinderace, M|100\/100\n|turn|51\n|\n|t:|1700490343\n|move|p2a: Cinderace|Pyro Ball|p1a: Iron Hands|[miss]\n|-miss|p2a: Cinderace|p1a: Iron Hands\n|move|p1a: Iron Hands|Drain Punch|p2a: Cinderace\n|-damage|p2a: Cinderace|0 fnt\n|-heal|p1a: Iron Hands|79\/100|[from] drain|[of] p2a: Cinderace\n|faint|p2a: Cinderace\n|\n|-heal|p1a: Iron Hands|86\/100|[from] item: Leftovers\n|upkeep\n|\n|t:|1700490350\n|switch|p2a: Zamazenta|Zamazenta, tera:Steel|100\/100\n|turn|52\n|c|\u2606AikonZ_Test|rip, gg\n|\n|t:|1700490359\n|move|p2a: Zamazenta|Iron Defense|p2a: Zamazenta\n|-boost|p2a: Zamazenta|def|2\n|move|p1a: Iron Hands|Drain Punch|p2a: Zamazenta\n|-supereffective|p2a: Zamazenta\n|-damage|p2a: Zamazenta|9\/100\n|-heal|p1a: Iron Hands|100\/100|[from] drain|[of] p2a: Zamazenta\n|\n|-heal|p2a: Zamazenta|15\/100|[from] item: Leftovers\n|upkeep\n|turn|53\n|inactive|AikonZ_Test has 120 seconds left.\n|-message|AikonZ_Test forfeited.\n|\n|win|CapnTophat\n|raw|CapnTophat's rating: 1629 &rarr; <strong>1657<\/strong><br \/>(+28 for winning)\n|raw|AikonZ_Test's rating: 1780 &rarr; <strong>1752<\/strong><br \/>(-28 for losing)\n","uploadtime":1700490371,"views":4,"p1id":"capntophat","p2id":"aikonztest","formatid":"gen9ou","rating":1657,"private":0,"password":""}