{"id":"gen9ou-1994307712","p1":"1VORY","p2":"Wiseblood2707","format":"[Gen 9] OU","log":"|j|\u26061VORY\n|j|\u2606Wiseblood2707\n|t:|1700429412\n|gametype|singles\n|player|p1|1VORY|lance|1366\n|player|p2|Wiseblood2707|giovanni|1472\n|teamsize|p1|6\n|teamsize|p2|6\n|gen|9\n|tier|[Gen 9] OU\n|rated|\n|rule|Sleep Clause Mod: Limit one foe put to sleep\n|rule|Species Clause: Limit one of each Pok\u00e9mon\n|rule|OHKO Clause: OHKO moves are banned\n|rule|Evasion Items Clause: Evasion items are banned\n|rule|Evasion Moves Clause: Evasion moves are banned\n|rule|Endless Battle Clause: Forcing endless battles is banned\n|rule|HP Percentage Mod: HP is shown in percentages\n|clearpoke\n|poke|p1|Enamorus, F|\n|poke|p1|Zamazenta-*|\n|poke|p1|Azumarill, M|\n|poke|p1|Glimmora, M|\n|poke|p1|Kingambit, M|\n|poke|p1|Iron Valiant|\n|poke|p2|Kommo-o, F|\n|poke|p2|Ninetales-Alola, F|\n|poke|p2|Great Tusk|\n|poke|p2|Samurott-Hisui, F|\n|poke|p2|Iron Moth|\n|poke|p2|Enamorus, F|\n|teampreview\n|\n|t:|1700429426\n|start\n|switch|p1a: Iron Valiant|Iron Valiant|100\/100\n|switch|p2a: Let it go|Ninetales-Alola, F|100\/100\n|-weather|Snow|[from] ability: Snow Warning|[of] p2a: Let it go\n|-enditem|p1a: Iron Valiant|Booster Energy\n|-activate|p1a: Iron Valiant|ability: Quark Drive|[fromitem]\n|-start|p1a: Iron Valiant|quarkdrivespe\n|turn|1\n|\n|t:|1700429436\n|move|p1a: Iron Valiant|Calm Mind|p1a: Iron Valiant\n|-boost|p1a: Iron Valiant|spa|1\n|-boost|p1a: Iron Valiant|spd|1\n|move|p2a: Let it go|Moonblast|p1a: Iron Valiant\n|-supereffective|p1a: Iron Valiant\n|-damage|p1a: Iron Valiant|33\/100\n|-unboost|p1a: Iron Valiant|spa|1\n|\n|-weather|Snow|[upkeep]\n|upkeep\n|turn|2\n|\n|t:|1700429450\n|move|p1a: Iron Valiant|Shadow Ball|p2a: Let it go\n|-damage|p2a: Let it go|75\/100\n|move|p2a: Let it go|Moonblast|p1a: Iron Valiant\n|-supereffective|p1a: Iron Valiant\n|-damage|p1a: Iron Valiant|0 fnt\n|faint|p1a: Iron Valiant\n|-end|p1a: Iron Valiant|Quark Drive|[silent]\n|\n|-weather|Snow|[upkeep]\n|upkeep\n|\n|t:|1700429467\n|switch|p1a: Zamazenta|Zamazenta|100\/100\n|-ability|p1a: Zamazenta|Dauntless Shield|boost\n|-boost|p1a: Zamazenta|def|1\n|turn|3\n|\n|t:|1700429479\n|move|p1a: Zamazenta|Close Combat|p2a: Let it go\n|-damage|p2a: Let it go|24\/100\n|-unboost|p1a: Zamazenta|def|1\n|-unboost|p1a: Zamazenta|spd|1\n|move|p2a: Let it go|Aurora Veil|p2a: Let it go\n|-sidestart|p2: Wiseblood2707|move: Aurora Veil\n|\n|-weather|Snow|[upkeep]\n|upkeep\n|turn|4\n|\n|t:|1700429489\n|switch|p2a: Isa TKM|Enamorus, F|100\/100\n|move|p1a: Zamazenta|Close Combat|p2a: Isa TKM\n|-resisted|p2a: Isa TKM\n|-damage|p2a: Isa TKM|89\/100\n|-unboost|p1a: Zamazenta|def|1\n|-unboost|p1a: Zamazenta|spd|1\n|\n|-weather|Snow|[upkeep]\n|upkeep\n|turn|5\n|\n|t:|1700429503\n|move|p1a: Zamazenta|Stone Edge|p2a: Isa TKM\n|-supereffective|p2a: Isa TKM\n|-damage|p2a: Isa TKM|22\/100\n|move|p2a: Isa TKM|Psychic|p1a: Zamazenta\n|-supereffective|p1a: Zamazenta\n|-damage|p1a: Zamazenta|0 fnt\n|faint|p1a: Zamazenta\n|\n|-weather|none\n|upkeep\n|\n|t:|1700429522\n|switch|p1a: Enamorus|Enamorus, F|100\/100\n|turn|6\n|\n|t:|1700429529\n|switch|p2a: KillerMoth|Iron Moth|100\/100\n|-enditem|p2a: KillerMoth|Booster Energy\n|-activate|p2a: KillerMoth|ability: Quark Drive|[fromitem]\n|-start|p2a: KillerMoth|quarkdrivespe\n|move|p1a: Enamorus|Superpower|p2a: KillerMoth\n|-resisted|p2a: KillerMoth\n|-damage|p2a: KillerMoth|87\/100\n|-boost|p1a: Enamorus|atk|1\n|-boost|p1a: Enamorus|def|1\n|\n|upkeep\n|turn|7\n|\n|t:|1700429543\n|-terastallize|p1a: Enamorus|Steel\n|move|p2a: KillerMoth|Sludge Wave|p1a: Enamorus\n|-immune|p1a: Enamorus\n|move|p1a: Enamorus|Zen Headbutt|p2a: KillerMoth\n|-supereffective|p2a: KillerMoth\n|-damage|p2a: KillerMoth|29\/100\n|\n|upkeep\n|turn|8\n|\n|t:|1700429552\n|move|p2a: KillerMoth|Fiery Dance|p1a: Enamorus\n|-supereffective|p1a: Enamorus\n|-damage|p1a: Enamorus|0 fnt\n|faint|p1a: Enamorus\n|\n|upkeep\n|\n|t:|1700429558\n|switch|p1a: Azumarill|Azumarill, M|100\/100\n|turn|9\n|\n|t:|1700429562\n|move|p2a: KillerMoth|Sludge Wave|p1a: Azumarill\n|-supereffective|p1a: Azumarill\n|-damage|p1a: Azumarill|0 fnt\n|faint|p1a: Azumarill\n|\n|upkeep\n|\n|t:|1700429568\n|switch|p1a: Glimmora|Glimmora, M|100\/100\n|turn|10\n|\n|t:|1700429579\n|-terastallize|p2a: KillerMoth|Ground\n|move|p2a: KillerMoth|Tera Blast|p1a: Glimmora|[anim] Tera Blast Ground\n|-supereffective|p1a: Glimmora\n|-enditem|p1a: Glimmora|Focus Sash\n|-damage|p1a: Glimmora|1\/100\n|move|p1a: Glimmora|Earth Power|p2a: KillerMoth\n|-damage|p2a: KillerMoth|12\/100\n|\n|-sideend|p2: Wiseblood2707|move: Aurora Veil\n|upkeep\n|turn|11\n|\n|t:|1700429591\n|move|p2a: KillerMoth|Fiery Dance|p1a: Glimmora\n|-resisted|p1a: Glimmora\n|-damage|p1a: Glimmora|0 fnt\n|-boost|p2a: KillerMoth|spa|1\n|faint|p1a: Glimmora\n|\n|upkeep\n|\n|t:|1700429597\n|switch|p1a: Kingambit|Kingambit, M|100\/100\n|-activate|p1a: Kingambit|ability: Supreme Overlord\n|-start|p1a: Kingambit|fallen5|[silent]\n|turn|12\n|\n|t:|1700429602\n|move|p1a: Kingambit|Sucker Punch|p2a: KillerMoth\n|-damage|p2a: KillerMoth|0 fnt\n|faint|p2a: KillerMoth\n|-end|p2a: KillerMoth|Quark Drive|[silent]\n|\n|upkeep\n|\n|t:|1700429607\n|switch|p2a: Let it go|Ninetales-Alola, F|24\/100\n|-weather|Snow|[from] ability: Snow Warning|[of] p2a: Let it go\n|turn|13\n|\n|t:|1700429612\n|move|p2a: Let it go|Aurora Veil|p2a: Let it go\n|-sidestart|p2: Wiseblood2707|move: Aurora Veil\n|move|p1a: Kingambit|Swords Dance|p1a: Kingambit\n|-boost|p1a: Kingambit|atk|2\n|\n|-weather|Snow|[upkeep]\n|upkeep\n|turn|14\n|\n|t:|1700429619\n|move|p2a: Let it go|Encore|p1a: Kingambit\n|-start|p1a: Kingambit|Encore\n|move|p1a: Kingambit|Swords Dance|p1a: Kingambit\n|-boost|p1a: Kingambit|atk|2\n|\n|-weather|Snow|[upkeep]\n|upkeep\n|turn|15\n|\n|t:|1700429628\n|switch|p2a: Gran Tosko|Great Tusk|100\/100\n|-enditem|p2a: Gran Tosko|Booster Energy\n|-activate|p2a: Gran Tosko|ability: Protosynthesis|[fromitem]\n|-start|p2a: Gran Tosko|protosynthesisatk\n|move|p1a: Kingambit|Swords Dance|p1a: Kingambit\n|-boost|p1a: Kingambit|atk|2\n|\n|-weather|Snow|[upkeep]\n|upkeep\n|turn|16\n|\n|t:|1700429638\n|move|p2a: Gran Tosko|Close Combat|p1a: Kingambit\n|-supereffective|p1a: Kingambit\n|-damage|p1a: Kingambit|0 fnt\n|-unboost|p2a: Gran Tosko|def|1\n|-unboost|p2a: Gran Tosko|spd|1\n|faint|p1a: Kingambit\n|-end|p1a: Kingambit|fallen5|[silent]\n|\n|win|Wiseblood2707\n|raw|1VORY's rating: 1366 &rarr; <strong>1352<\/strong><br \/>(-14 for losing)\n|raw|Wiseblood2707's rating: 1472 &rarr; <strong>1486<\/strong><br \/>(+14 for winning)\n|l|\u26061VORY\n","uploadtime":1700429671,"views":14,"p1id":"1vory","p2id":"wiseblood2707","formatid":"gen9ou","rating":1352,"private":0,"password":""}