{"id":"gen9ou-1993426470","p1":"LeG14","p2":"CraCraPrr","format":"[Gen 9] OU","log":"|j|\u2606LeG14\n|j|\u2606CraCraPrr\n|t:|1700316393\n|gametype|singles\n|player|p1|LeG14|shadowtriad|1443\n|player|p2|CraCraPrr|leon-tower|1353\n|teamsize|p1|6\n|teamsize|p2|6\n|gen|9\n|tier|[Gen 9] OU\n|rated|\n|rule|Sleep Clause Mod: Limit one foe put to sleep\n|rule|Species Clause: Limit one of each Pok\u00e9mon\n|rule|OHKO Clause: OHKO moves are banned\n|rule|Evasion Items Clause: Evasion items are banned\n|rule|Evasion Moves Clause: Evasion moves are banned\n|rule|Endless Battle Clause: Forcing endless battles is banned\n|rule|HP Percentage Mod: HP is shown in percentages\n|clearpoke\n|poke|p1|Samurott-Hisui, F|\n|poke|p1|Landorus-Therian, M|\n|poke|p1|Gholdengo|\n|poke|p1|Zamazenta-*|\n|poke|p1|Iron Valiant|\n|poke|p1|Slowking-Galar, M|\n|poke|p2|Cinderace, F|\n|poke|p2|Great Tusk|\n|poke|p2|Alomomola, M|\n|poke|p2|Slowking-Galar, M|\n|poke|p2|Yanmega, F|\n|poke|p2|Kingambit, F|\n|teampreview\n|\n|t:|1700316416\n|start\n|switch|p1a: Landorus|Landorus-Therian, M|100\/100\n|switch|p2a: Cinderace|Cinderace, F|100\/100\n|-ability|p1a: Landorus|Intimidate|boost\n|-unboost|p2a: Cinderace|atk|1\n|turn|1\n|\n|t:|1700316428\n|switch|p2a: Alomomola|Alomomola, M|100\/100\n|move|p1a: Landorus|Stealth Rock|p2a: Alomomola\n|-sidestart|p2: CraCraPrr|move: Stealth Rock\n|\n|upkeep\n|turn|2\n|\n|t:|1700316434\n|move|p1a: Landorus|U-turn|p2a: Alomomola\n|-damage|p2a: Alomomola|89\/100\n|\n|t:|1700316460\n|switch|p1a: Samurott|Samurott-Hisui, F|100\/100|[from] U-turn\n|move|p2a: Alomomola|Flip Turn|p1a: Samurott\n|-resisted|p1a: Samurott\n|-damage|p1a: Samurott|91\/100\n|\n|t:|1700316466\n|switch|p2a: Cinderace|Cinderace, F|100\/100|[from] Flip Turn\n|\n|upkeep\n|turn|3\n|\n|t:|1700316472\n|switch|p1a: Landorus|Landorus-Therian, M|100\/100\n|-ability|p1a: Landorus|Intimidate|boost\n|-unboost|p2a: Cinderace|atk|1\n|move|p2a: Cinderace|U-turn|p1a: Landorus\n|-resisted|p1a: Landorus\n|-damage|p1a: Landorus|95\/100\n|-damage|p2a: Cinderace|84\/100|[from] item: Rocky Helmet|[of] p1a: Landorus\n|\n|t:|1700316478\n|switch|p2a: Alomomola|Alomomola, M|100\/100|[from] U-turn\n|\n|upkeep\n|turn|4\n|\n|t:|1700316486\n|move|p1a: Landorus|Grass Knot|p2a: Alomomola\n|-supereffective|p2a: Alomomola\n|-damage|p2a: Alomomola|72\/100\n|move|p2a: Alomomola|Scald|p1a: Landorus\n|-supereffective|p1a: Landorus\n|-damage|p1a: Landorus|68\/100\n|-status|p1a: Landorus|brn\n|\n|-damage|p1a: Landorus|62\/100 brn|[from] brn\n|upkeep\n|turn|5\n|\n|t:|1700316495\n|move|p1a: Landorus|U-turn|p2a: Alomomola\n|-damage|p2a: Alomomola|66\/100\n|\n|t:|1700316500\n|switch|p1a: Samurott|Samurott-Hisui, F|91\/100|[from] U-turn\n|move|p2a: Alomomola|Wish|p2a: Alomomola\n|\n|upkeep\n|turn|6\n|\n|t:|1700316504\n|move|p1a: Samurott|Knock Off|p2a: Alomomola\n|-damage|p2a: Alomomola|44\/100\n|-enditem|p2a: Alomomola|Heavy-Duty Boots|[from] move: Knock Off|[of] p1a: Samurott\n|move|p2a: Alomomola|Scald|p1a: Samurott\n|-resisted|p1a: Samurott\n|-damage|p1a: Samurott|81\/100\n|\n|-heal|p2a: Alomomola|94\/100|[from] move: Wish|[wisher] Alomomola\n|upkeep\n|turn|7\n|\n|t:|1700316522\n|move|p1a: Samurott|Ceaseless Edge|p2a: Alomomola\n|-damage|p2a: Alomomola|73\/100\n|-sidestart|p2: CraCraPrr|Spikes\n|move|p2a: Alomomola|Scald|p1a: Samurott\n|-resisted|p1a: Samurott\n|-damage|p1a: Samurott|72\/100\n|-status|p1a: Samurott|brn\n|\n|-damage|p1a: Samurott|66\/100 brn|[from] brn\n|upkeep\n|turn|8\n|\n|t:|1700316530\n|move|p1a: Samurott|Ceaseless Edge|p2a: Alomomola\n|-damage|p2a: Alomomola|60\/100\n|-sidestart|p2: CraCraPrr|Spikes\n|move|p2a: Alomomola|Scald|p1a: Samurott\n|-resisted|p1a: Samurott\n|-damage|p1a: Samurott|55\/100 brn\n|\n|-damage|p1a: Samurott|49\/100 brn|[from] brn\n|upkeep\n|turn|9\n|\n|t:|1700316541\n|switch|p1a: Iron Valiant|Iron Valiant|100\/100\n|move|p2a: Alomomola|Wish|p2a: Alomomola\n|\n|upkeep\n|turn|10\n|\n|t:|1700316552\n|move|p2a: Alomomola|Protect|p2a: Alomomola\n|-singleturn|p2a: Alomomola|Protect\n|move|p1a: Iron Valiant|Thunderbolt|p2a: Alomomola\n|-activate|p2a: Alomomola|move: Protect\n|\n|-heal|p2a: Alomomola|100\/100|[from] move: Wish|[wisher] Alomomola\n|upkeep\n|turn|11\n|\n|t:|1700316560\n|switch|p2a: Slowking|Slowking-Galar, M|100\/100\n|move|p1a: Iron Valiant|Knock Off|p2a: Slowking\n|-supereffective|p2a: Slowking\n|-damage|p2a: Slowking|41\/100\n|-enditem|p2a: Slowking|Heavy-Duty Boots|[from] move: Knock Off|[of] p1a: Iron Valiant\n|\n|upkeep\n|turn|12\n|\n|t:|1700316572\n|-end|p1a: Iron Valiant|Quark Drive|[silent]\n|switch|p1a: Gholdengo|Gholdengo|100\/100\n|-item|p1a: Gholdengo|Air Balloon\n|move|p2a: Slowking|Sludge Bomb|p1a: Gholdengo\n|-immune|p1a: Gholdengo\n|\n|upkeep\n|turn|13\n|\n|t:|1700316581\n|switch|p2a: Kingambit|Kingambit, F|100\/100\n|-damage|p2a: Kingambit|94\/100|[from] Stealth Rock\n|-damage|p2a: Kingambit|78\/100|[from] Spikes\n|move|p1a: Gholdengo|Shadow Ball|p2a: Kingambit\n|-resisted|p2a: Kingambit\n|-damage|p2a: Kingambit|54\/100\n|\n|upkeep\n|turn|14\n|\n|t:|1700316592\n|switch|p1a: Zamazenta|Zamazenta|100\/100\n|-ability|p1a: Zamazenta|Dauntless Shield|boost\n|-boost|p1a: Zamazenta|def|1\n|move|p2a: Kingambit|Kowtow Cleave|p1a: Zamazenta\n|-resisted|p1a: Zamazenta\n|-damage|p1a: Zamazenta|82\/100\n|\n|upkeep\n|turn|15\n|\n|t:|1700316605\n|-terastallize|p2a: Kingambit|Flying\n|move|p1a: Zamazenta|Close Combat|p2a: Kingambit\n|-resisted|p2a: Kingambit\n|-damage|p2a: Kingambit|26\/100\n|-unboost|p1a: Zamazenta|def|1\n|-unboost|p1a: Zamazenta|spd|1\n|move|p2a: Kingambit|Iron Head|p1a: Zamazenta\n|-damage|p1a: Zamazenta|40\/100\n|\n|upkeep\n|turn|16\n|\n|t:|1700316615\n|-end|p2a: Kingambit|fallenundefined|[silent]\n|switch|p2a: Alomomola|Alomomola, M|100\/100\n|-damage|p2a: Alomomola|88\/100|[from] Stealth Rock\n|-damage|p2a: Alomomola|71\/100|[from] Spikes\n|move|p1a: Zamazenta|Stone Edge|p2a: Alomomola\n|-damage|p2a: Alomomola|54\/100\n|\n|upkeep\n|turn|17\n|\n|t:|1700316624\n|switch|p1a: Iron Valiant|Iron Valiant|100\/100\n|move|p2a: Alomomola|Wish|p2a: Alomomola\n|\n|upkeep\n|turn|18\n|\n|t:|1700316633\n|switch|p2a: Slowking|Slowking-Galar, M|74\/100\n|-damage|p2a: Slowking|62\/100|[from] Stealth Rock\n|-damage|p2a: Slowking|45\/100|[from] Spikes\n|move|p1a: Iron Valiant|Knock Off|p2a: Slowking\n|-supereffective|p2a: Slowking\n|-damage|p2a: Slowking|6\/100\n|\n|-heal|p2a: Slowking|74\/100|[from] move: Wish|[wisher] Alomomola\n|upkeep\n|turn|19\n|\n|t:|1700316646\n|-end|p1a: Iron Valiant|Quark Drive|[silent]\n|switch|p1a: Gholdengo|Gholdengo|100\/100\n|-item|p1a: Gholdengo|Air Balloon\n|move|p2a: Slowking|Chilly Reception|p2a: Slowking\n|-weather|Snow\n|\n|t:|1700316653\n|switch|p2a: Cinderace|Cinderace, F|84\/100|[from] Chilly Reception\n|\n|-weather|Snow|[upkeep]\n|upkeep\n|turn|20\n|\n|t:|1700316671\n|switch|p1a: Landorus|Landorus-Therian, M|62\/100 brn\n|-ability|p1a: Landorus|Intimidate|boost\n|-unboost|p2a: Cinderace|atk|1\n|move|p2a: Cinderace|Court Change|p2a: Cinderace\n|-swapsideconditions\n|-activate|p2a: Cinderace|move: Court Change\n|\n|-weather|Snow|[upkeep]\n|-damage|p1a: Landorus|56\/100 brn|[from] brn\n|upkeep\n|turn|21\n|\n|t:|1700316681\n|switch|p2a: Alomomola|Alomomola, M|87\/100\n|move|p1a: Landorus|Stealth Rock|p2a: Alomomola\n|-sidestart|p2: CraCraPrr|move: Stealth Rock\n|\n|-weather|Snow|[upkeep]\n|-damage|p1a: Landorus|50\/100 brn|[from] brn\n|upkeep\n|turn|22\n|\n|t:|1700316689\n|move|p1a: Landorus|U-turn|p2a: Alomomola\n|-damage|p2a: Alomomola|81\/100\n|\n|t:|1700316694\n|switch|p1a: Samurott|Samurott-Hisui, F|49\/100 brn|[from] U-turn\n|move|p2a: Alomomola|Scald|p1a: Samurott\n|-resisted|p1a: Samurott\n|-damage|p1a: Samurott|39\/100 brn\n|\n|-weather|Snow|[upkeep]\n|-damage|p1a: Samurott|33\/100 brn|[from] brn\n|upkeep\n|turn|23\n|\n|t:|1700316702\n|move|p1a: Samurott|Ceaseless Edge|p2a: Alomomola\n|-damage|p2a: Alomomola|70\/100\n|-sidestart|p2: CraCraPrr|Spikes\n|move|p2a: Alomomola|Flip Turn|p1a: Samurott\n|-resisted|p1a: Samurott\n|-damage|p1a: Samurott|24\/100 brn\n|\n|t:|1700316706\n|switch|p2a: Great Tusk|Great Tusk|100\/100|[from] Flip Turn\n|-damage|p2a: Great Tusk|98\/100|[from] Stealth Rock\n|-damage|p2a: Great Tusk|85\/100|[from] Spikes\n|\n|-weather|none\n|-heal|p2a: Great Tusk|91\/100|[from] item: Leftovers\n|-damage|p1a: Samurott|18\/100 brn|[from] brn\n|upkeep\n|turn|24\n|\n|t:|1700316713\n|switch|p1a: Gholdengo|Gholdengo|100\/100\n|-damage|p1a: Gholdengo|94\/100|[from] Stealth Rock\n|-item|p1a: Gholdengo|Air Balloon\n|move|p2a: Great Tusk|Knock Off|p1a: Gholdengo\n|-supereffective|p1a: Gholdengo\n|-crit|p1a: Gholdengo\n|-damage|p1a: Gholdengo|0 fnt\n|-enditem|p1a: Gholdengo|Air Balloon\n|faint|p1a: Gholdengo\n|\n|-heal|p2a: Great Tusk|98\/100|[from] item: Leftovers\n|upkeep\n|\n|t:|1700316729\n|switch|p1a: Iron Valiant|Iron Valiant|100\/100\n|turn|25\n|\n|t:|1700316739\n|-end|p2a: Great Tusk|Protosynthesis|[silent]\n|switch|p2a: Slowking|Slowking-Galar, M|100\/100\n|-damage|p2a: Slowking|88\/100|[from] Stealth Rock\n|-damage|p2a: Slowking|76\/100|[from] Spikes\n|move|p1a: Iron Valiant|Moonblast|p2a: Slowking\n|-resisted|p2a: Slowking\n|-damage|p2a: Slowking|61\/100\n|-unboost|p2a: Slowking|spa|1\n|\n|upkeep\n|turn|26\n|\n|t:|1700316755\n|-end|p1a: Iron Valiant|Quark Drive|[silent]\n|switch|p1a: Slowking|Slowking-Galar, M|100\/100\n|move|p2a: Slowking|Chilly Reception|p2a: Slowking\n|-weather|Snow\n|\n|t:|1700316760\n|switch|p2a: Great Tusk|Great Tusk|98\/100|[from] Chilly Reception\n|-damage|p2a: Great Tusk|95\/100|[from] Stealth Rock\n|-damage|p2a: Great Tusk|82\/100|[from] Spikes\n|\n|-weather|Snow|[upkeep]\n|-heal|p2a: Great Tusk|88\/100|[from] item: Leftovers\n|upkeep\n|turn|27\n|\n|t:|1700316791\n|switch|p1a: Landorus|Landorus-Therian, M|50\/100 brn\n|-damage|p1a: Landorus|38\/100 brn|[from] Stealth Rock\n|-ability|p1a: Landorus|Intimidate|boost\n|-unboost|p2a: Great Tusk|atk|1\n|move|p2a: Great Tusk|Rapid Spin|p1a: Landorus\n|-damage|p1a: Landorus|26\/100 brn\n|-boost|p2a: Great Tusk|spe|1\n|-damage|p2a: Great Tusk|72\/100|[from] item: Rocky Helmet|[of] p1a: Landorus\n|-sideend|p2: CraCraPrr|Spikes|[from] move: Rapid Spin|[of] p2a: Great Tusk\n|-sideend|p2: CraCraPrr|Stealth Rock|[from] move: Rapid Spin|[of] p2a: Great Tusk\n|\n|-weather|Snow|[upkeep]\n|-heal|p2a: Great Tusk|78\/100|[from] item: Leftovers\n|-damage|p1a: Landorus|20\/100 brn|[from] brn\n|upkeep\n|turn|28\n|\n|t:|1700316800\n|move|p2a: Great Tusk|Knock Off|p1a: Landorus\n|-damage|p1a: Landorus|0 fnt\n|-damage|p2a: Great Tusk|62\/100|[from] item: Rocky Helmet|[of] p1a: Landorus\n|-enditem|p1a: Landorus|Rocky Helmet|[from] move: Knock Off|[of] p2a: Great Tusk\n|faint|p1a: Landorus\n|\n|-weather|Snow|[upkeep]\n|-heal|p2a: Great Tusk|68\/100|[from] item: Leftovers\n|upkeep\n|-message|LeG14 forfeited.\n|\n|win|CraCraPrr\n|raw|LeG14's rating: 1443 &rarr; <strong>1418<\/strong><br \/>(-25 for losing)\n|raw|CraCraPrr's rating: 1353 &rarr; <strong>1378<\/strong><br \/>(+25 for winning)\n|l|\u2606LeG14\n","uploadtime":1700316831,"views":19,"p1id":"leg14","p2id":"cracraprr","formatid":"gen9ou","rating":1378,"private":0,"password":""}