{"id":"gen9ou-1997762041","p1":"BeepBoBeep","p2":"sheldonmaster111","format":"[Gen 9] OU","log":"|j|\u2606BeepBoBeep\n|j|\u2606sheldonmaster111\n|t:|1700849931\n|gametype|singles\n|player|p1|BeepBoBeep|266|1081\n|player|p2|sheldonmaster111|265|1083\n|teamsize|p1|6\n|teamsize|p2|6\n|gen|9\n|tier|[Gen 9] OU\n|rated|\n|rule|Sleep Clause Mod: Limit one foe put to sleep\n|rule|Species Clause: Limit one of each Pok\u00e9mon\n|rule|OHKO Clause: OHKO moves are banned\n|rule|Evasion Items Clause: Evasion items are banned\n|rule|Evasion Moves Clause: Evasion moves are banned\n|rule|Endless Battle Clause: Forcing endless battles is banned\n|rule|HP Percentage Mod: HP is shown in percentages\n|clearpoke\n|poke|p1|Dragonite, M|\n|poke|p1|Toxapex, F|\n|poke|p1|Dondozo, F|\n|poke|p1|Iron Moth|\n|poke|p1|Donphan, L1, F|\n|poke|p1|Hippowdon, F|\n|poke|p2|Landorus-Therian, M|\n|poke|p2|Thundurus-Therian, M|\n|poke|p2|Kingambit, F|\n|poke|p2|Zamazenta-*|\n|poke|p2|Arcanine-Hisui, M|\n|poke|p2|Ogerpon-Wellspring, F|\n|teampreview\n|inactive|Battle timer is ON: inactive players will automatically lose when time's up. (requested by sheldonmaster111)\n|\n|t:|1700849955\n|start\n|switch|p1a: Iron Moth|Iron Moth|100\/100\n|switch|p2a: Thundurus|Thundurus-Therian, M, shiny|100\/100\n|-enditem|p1a: Iron Moth|Booster Energy\n|-activate|p1a: Iron Moth|ability: Quark Drive|[fromitem]\n|-start|p1a: Iron Moth|quarkdrivespa\n|turn|1\n|\n|t:|1700849976\n|switch|p2a: Landorus|Landorus-Therian, M, shiny|100\/100\n|-ability|p2a: Landorus|Intimidate|boost\n|-unboost|p1a: Iron Moth|atk|1\n|move|p1a: Iron Moth|Fiery Dance|p2a: Landorus\n|-damage|p2a: Landorus|42\/100\n|-boost|p1a: Iron Moth|spa|1\n|\n|upkeep\n|turn|2\n|\n|t:|1700849992\n|move|p1a: Iron Moth|Energy Ball|p2a: Landorus\n|-damage|p2a: Landorus|0 fnt\n|faint|p2a: Landorus\n|\n|upkeep\n|\n|t:|1700850001\n|switch|p2a: Arcanine|Arcanine-Hisui, M, shiny|100\/100\n|turn|3\n|\n|t:|1700850016\n|move|p1a: Iron Moth|Sludge Wave|p2a: Arcanine\n|-resisted|p2a: Arcanine\n|-damage|p2a: Arcanine|34\/100\n|move|p2a: Arcanine|Head Smash|p1a: Iron Moth\n|-supereffective|p1a: Iron Moth\n|-damage|p1a: Iron Moth|0 fnt\n|faint|p1a: Iron Moth\n|-end|p1a: Iron Moth|Quark Drive|[silent]\n|-damage|p2a: Arcanine|24\/100|[from] item: Life Orb\n|\n|upkeep\n|\n|t:|1700850028\n|switch|p1a: Dragonite|Dragonite, M|100\/100\n|turn|4\n|\n|t:|1700850034\n|move|p2a: Arcanine|Extreme Speed|p1a: Dragonite\n|-damage|p1a: Dragonite|79\/100\n|-damage|p2a: Arcanine|14\/100|[from] item: Life Orb\n|move|p1a: Dragonite|Extreme Speed|p2a: Arcanine\n|-resisted|p2a: Arcanine\n|-damage|p2a: Arcanine|0 fnt\n|faint|p2a: Arcanine\n|-damage|p1a: Dragonite|69\/100|[from] item: Life Orb\n|\n|upkeep\n|\n|t:|1700850046\n|switch|p2a: Zamazenta|Zamazenta, shiny|100\/100\n|-ability|p2a: Zamazenta|Dauntless Shield|boost\n|-boost|p2a: Zamazenta|def|1\n|turn|5\n|\n|t:|1700850051\n|move|p2a: Zamazenta|Iron Defense|p2a: Zamazenta\n|-boost|p2a: Zamazenta|def|2\n|move|p1a: Dragonite|Dragon Dance|p1a: Dragonite\n|-boost|p1a: Dragonite|atk|1\n|-boost|p1a: Dragonite|spe|1\n|\n|upkeep\n|turn|6\n|\n|t:|1700850061\n|-terastallize|p1a: Dragonite|Normal\n|move|p1a: Dragonite|Extreme Speed|p2a: Zamazenta\n|-damage|p2a: Zamazenta|72\/100\n|-damage|p1a: Dragonite|59\/100|[from] item: Life Orb\n|move|p2a: Zamazenta|Play Rough|p1a: Dragonite\n|-damage|p1a: Dragonite|24\/100\n|\n|upkeep\n|turn|7\n|\n|t:|1700850071\n|move|p1a: Dragonite|Extreme Speed|p2a: Zamazenta\n|-damage|p2a: Zamazenta|42\/100\n|-damage|p1a: Dragonite|14\/100|[from] item: Life Orb\n|move|p2a: Zamazenta|Body Press|p1a: Dragonite\n|-supereffective|p1a: Dragonite\n|-damage|p1a: Dragonite|0 fnt\n|faint|p1a: Dragonite\n|\n|upkeep\n|\n|t:|1700850080\n|switch|p1a: Donphan|Donphan, L1, F|100\/100\n|turn|8\n|\n|t:|1700850085\n|move|p2a: Zamazenta|Body Press|p1a: Donphan\n|-ability|p1a: Donphan|Sturdy\n|-damage|p1a: Donphan|8\/100\n|move|p1a: Donphan|Endeavor|p2a: Zamazenta\n|-damage|p2a: Zamazenta|1\/100\n|-heal|p1a: Donphan|100\/100|[from] item: Shell Bell|[of] p2a: Zamazenta\n|\n|upkeep\n|turn|9\n|\n|t:|1700850098\n|move|p1a: Donphan|Ice Shard|p2a: Zamazenta\n|-damage|p2a: Zamazenta|0 fnt\n|faint|p2a: Zamazenta\n|\n|upkeep\n|\n|t:|1700850100\n|switch|p2a: Ogerpon|Ogerpon-Wellspring, F|100\/100\n|turn|10\n|\n|t:|1700850104\n|-terastallize|p2a: Ogerpon|Water\n|detailschange|p2a: Ogerpon|Ogerpon-Wellspring-Tera, F, tera:Water\n|-ability|p2a: Ogerpon|Embody Aspect (Wellspring)|boost\n|-boost|p2a: Ogerpon|spd|1\n|move|p2a: Ogerpon|Horn Leech|p1a: Donphan\n|-supereffective|p1a: Donphan\n|-ability|p1a: Donphan|Sturdy\n|-damage|p1a: Donphan|8\/100\n|move|p1a: Donphan|Endeavor|p2a: Ogerpon\n|-damage|p2a: Ogerpon|1\/100\n|-heal|p1a: Donphan|100\/100|[from] item: Shell Bell|[of] p2a: Ogerpon\n|\n|upkeep\n|turn|11\n|\n|t:|1700850116\n|move|p1a: Donphan|Ice Shard|p2a: Ogerpon\n|-resisted|p2a: Ogerpon\n|-damage|p2a: Ogerpon|0 fnt\n|faint|p2a: Ogerpon\n|\n|upkeep\n|\n|t:|1700850121\n|switch|p2a: Thundurus|Thundurus-Therian, M, shiny|100\/100\n|turn|12\n|\n|t:|1700850125\n|move|p2a: Thundurus|Sludge Bomb|p1a: Donphan\n|-resisted|p1a: Donphan\n|-ability|p1a: Donphan|Sturdy\n|-damage|p1a: Donphan|8\/100\n|move|p1a: Donphan|Endeavor|p2a: Thundurus\n|-damage|p2a: Thundurus|1\/100\n|-heal|p1a: Donphan|100\/100|[from] item: Shell Bell|[of] p2a: Thundurus\n|\n|upkeep\n|turn|13\n|\n|t:|1700850134\n|move|p1a: Donphan|Ice Shard|p2a: Thundurus\n|-supereffective|p2a: Thundurus\n|-damage|p2a: Thundurus|0 fnt\n|faint|p2a: Thundurus\n|\n|upkeep\n|\n|t:|1700850136\n|switch|p2a: Kingambit|Kingambit, F, shiny|100\/100\n|-activate|p2a: Kingambit|ability: Supreme Overlord\n|-start|p2a: Kingambit|fallen5|[silent]\n|turn|14\n|\n|t:|1700850142\n|move|p2a: Kingambit|Swords Dance|p2a: Kingambit\n|-boost|p2a: Kingambit|atk|2\n|move|p1a: Donphan|Endeavor|p2a: Kingambit\n|-damage|p2a: Kingambit|4\/100\n|\n|upkeep\n|turn|15\n|\n|t:|1700850152\n|move|p2a: Kingambit|Sucker Punch|p1a: Donphan\n|-ability|p1a: Donphan|Sturdy\n|-damage|p1a: Donphan|8\/100\n|move|p1a: Donphan|Ice Shard|p2a: Kingambit\n|-resisted|p2a: Kingambit\n|-damage|p2a: Kingambit|3\/100\n|-heal|p1a: Donphan|16\/100|[from] item: Shell Bell|[of] p2a: Kingambit\n|\n|upkeep\n|turn|16\n|\n|t:|1700850160\n|move|p2a: Kingambit|Sucker Punch|p1a: Donphan\n|-damage|p1a: Donphan|0 fnt\n|faint|p1a: Donphan\n|\n|upkeep\n|\n|t:|1700850167\n|switch|p1a: Dondozo|Dondozo, F|100\/100\n|turn|17\n|\n|t:|1700850171\n|move|p2a: Kingambit|Kowtow Cleave|p1a: Dondozo\n|-damage|p1a: Dondozo|47\/100\n|move|p1a: Dondozo|Body Press|p2a: Kingambit\n|-supereffective|p2a: Kingambit\n|-damage|p2a: Kingambit|0 fnt\n|faint|p2a: Kingambit\n|-end|p2a: Kingambit|fallen5|[silent]\n|\n|win|BeepBoBeep\n|raw|BeepBoBeep's rating: 1081 &rarr; <strong>1109<\/strong><br \/>(+28 for winning)\n|raw|sheldonmaster111's rating: 1083 &rarr; <strong>1060<\/strong><br \/>(-23 for losing)\n|l|\u2606sheldonmaster111\n","uploadtime":1700850180,"views":2,"p1id":"beepbobeep","p2id":"sheldonmaster111","formatid":"gen9ou","rating":1060,"private":0,"password":""}