{"id":"gen9ou-1995451943","p1":"DarkSeid012","p2":"pokmn Legend Blue","format":"[Gen 9] OU","log":"|j|\u2606DarkSeid012\n|j|\u2606pokmn Legend Blue\n|t:|1700572397\n|gametype|singles\n|player|p1|DarkSeid012|red|1086\n|player|p2|pokmn Legend Blue|blue|1000\n|teamsize|p1|6\n|teamsize|p2|6\n|gen|9\n|tier|[Gen 9] OU\n|rated|\n|rule|Sleep Clause Mod: Limit one foe put to sleep\n|rule|Species Clause: Limit one of each Pok\u00e9mon\n|rule|OHKO Clause: OHKO moves are banned\n|rule|Evasion Items Clause: Evasion items are banned\n|rule|Evasion Moves Clause: Evasion moves are banned\n|rule|Endless Battle Clause: Forcing endless battles is banned\n|rule|HP Percentage Mod: HP is shown in percentages\n|clearpoke\n|poke|p1|Landorus-Therian, M|\n|poke|p1|Samurott-Hisui, M|\n|poke|p1|Sylveon, M|\n|poke|p1|Cinderace, M|\n|poke|p1|Gholdengo|\n|poke|p1|Amoonguss, M|\n|poke|p2|Hoopa-Unbound|\n|poke|p2|Diancie|\n|poke|p2|Alomomola, F|\n|poke|p2|Greninja-*, M|\n|poke|p2|Hydreigon, M|\n|poke|p2|Azelf|\n|teampreview\n|j| fsausad95987\n|l| fsausad95987\n|inactive|Battle timer is ON: inactive players will automatically lose when time's up. (requested by DarkSeid012)\n|\n|t:|1700572409\n|start\n|switch|p1a: Samu Sosa|Samurott-Hisui, M|100\/100\n|switch|p2a: Diancie|Diancie, shiny|100\/100\n|turn|1\n|\n|t:|1700572419\n|move|p1a: Samu Sosa|Razor Shell|p2a: Diancie\n|-supereffective|p2a: Diancie\n|-damage|p2a: Diancie|37\/100\n|move|p2a: Diancie|Draining Kiss|p1a: Samu Sosa\n|-supereffective|p1a: Samu Sosa\n|-damage|p1a: Samu Sosa|54\/100\n|-heal|p2a: Diancie|77\/100|[from] drain|[of] p1a: Samu Sosa\n|\n|-heal|p2a: Diancie|83\/100|[from] item: Leftovers\n|upkeep\n|turn|2\n|\n|t:|1700572432\n|switch|p1a: Spoongeboob|Amoonguss, M|100\/100\n|move|p2a: Diancie|Draining Kiss|p1a: Spoongeboob\n|-resisted|p1a: Spoongeboob\n|-damage|p1a: Spoongeboob|93\/100\n|-heal|p2a: Diancie|91\/100|[from] drain|[of] p1a: Spoongeboob\n|-enditem|p1a: Spoongeboob|Red Card|[of] p2a: Diancie\n|drag|p2a: Alomomola|Alomomola, F, shiny|100\/100\n|\n|upkeep\n|turn|3\n|\n|t:|1700572440\n|move|p2a: Alomomola|Protect|p2a: Alomomola\n|-singleturn|p2a: Alomomola|Protect\n|move|p1a: Spoongeboob|Spore|p2a: Alomomola\n|-activate|p2a: Alomomola|move: Protect\n|\n|upkeep\n|turn|4\n|c|\u2606DarkSeid012|shit looks like your mom\n|\n|t:|1700572457\n|move|p2a: Alomomola|Whirlpool|p1a: Spoongeboob\n|-resisted|p1a: Spoongeboob\n|-damage|p1a: Spoongeboob|91\/100\n|-activate|p1a: Spoongeboob|move: Whirlpool|[of] p2a: Alomomola\n|move|p1a: Spoongeboob|Spore|p2a: Alomomola\n|-status|p2a: Alomomola|slp|[from] move: Spore\n|\n|-damage|p1a: Spoongeboob|78\/100|[from] move: Whirlpool|[partiallytrapped]\n|upkeep\n|turn|5\n|\n|t:|1700572464\n|cant|p2a: Alomomola|slp\n|move|p1a: Spoongeboob|Grass Knot|p2a: Alomomola\n|-supereffective|p2a: Alomomola\n|-damage|p2a: Alomomola|57\/100 slp\n|\n|-damage|p1a: Spoongeboob|66\/100|[from] move: Whirlpool|[partiallytrapped]\n|upkeep\n|turn|6\n|\n|t:|1700572477\n|cant|p2a: Alomomola|slp\n|move|p1a: Spoongeboob|Grass Knot|p2a: Alomomola\n|-supereffective|p2a: Alomomola\n|-damage|p2a: Alomomola|12\/100 slp\n|\n|-damage|p1a: Spoongeboob|54\/100|[from] move: Whirlpool|[partiallytrapped]\n|upkeep\n|turn|7\n|\n|t:|1700572490\n|switch|p2a: Nuke|Hydreigon, M|100\/100\n|move|p1a: Spoongeboob|Sludge Bomb|p2a: Nuke\n|-crit|p2a: Nuke\n|-damage|p2a: Nuke|56\/100\n|\n|-end|p1a: Spoongeboob|Whirlpool|[partiallytrapped]|[silent]\n|upkeep\n|turn|8\n|\n|t:|1700572500\n|switch|p1a: Dr. Snake(eon)|Sylveon, M|100\/100\n|move|p2a: Nuke|Substitute|p2a: Nuke\n|-start|p2a: Nuke|Substitute\n|-damage|p2a: Nuke|31\/100\n|\n|upkeep\n|turn|9\n|\n|t:|1700572511\n|-terastallize|p2a: Nuke|Steel\n|move|p2a: Nuke|Nasty Plot|p2a: Nuke\n|-boost|p2a: Nuke|spa|2\n|move|p1a: Dr. Snake(eon)|Hyper Voice|p2a: Nuke\n|-resisted|p2a: Nuke\n|-damage|p2a: Nuke|0 fnt\n|faint|p2a: Nuke\n|\n|upkeep\n|\n|t:|1700572520\n|switch|p2a: Azelf|Azelf|100\/100\n|turn|10\n|\n|t:|1700572537\n|switch|p1a: Samu Sosa|Samurott-Hisui, M|54\/100\n|move|p2a: Azelf|Mystical Power|p1a: Samu Sosa\n|-immune|p1a: Samu Sosa\n|\n|upkeep\n|turn|11\n|\n|t:|1700572548\n|switch|p2a: Alomomola|Alomomola, F, shiny|45\/100 slp\n|move|p1a: Samu Sosa|Ceaseless Edge|p2a: Alomomola\n|-damage|p2a: Alomomola|16\/100 slp\n|-sidestart|p2: pokmn Legend Blue|Spikes\n|\n|upkeep\n|turn|12\n|\n|t:|1700572557\n|-curestatus|p2a: Alomomola|slp|[msg]\n|move|p2a: Alomomola|Protect|p2a: Alomomola\n|-singleturn|p2a: Alomomola|Protect\n|move|p1a: Samu Sosa|Ceaseless Edge|p2a: Alomomola\n|-activate|p2a: Alomomola|move: Protect\n|\n|upkeep\n|turn|13\n|\n|t:|1700572565\n|move|p1a: Samu Sosa|Ceaseless Edge|p2a: Alomomola|[miss]\n|-miss|p1a: Samu Sosa|p2a: Alomomola\n|move|p2a: Alomomola|Wish|p2a: Alomomola\n|\n|upkeep\n|turn|14\n|\n|t:|1700572568\n|move|p2a: Alomomola|Protect|p2a: Alomomola\n|-singleturn|p2a: Alomomola|Protect\n|move|p1a: Samu Sosa|Swords Dance|p1a: Samu Sosa\n|-boost|p1a: Samu Sosa|atk|2\n|\n|-heal|p2a: Alomomola|66\/100|[from] move: Wish|[wisher] Alomomola\n|upkeep\n|turn|15\n|\n|t:|1700572574\n|move|p1a: Samu Sosa|Ceaseless Edge|p2a: Alomomola\n|-damage|p2a: Alomomola|1\/100\n|-sidestart|p2: pokmn Legend Blue|Spikes\n|move|p2a: Alomomola|Chilling Water|p1a: Samu Sosa\n|-resisted|p1a: Samu Sosa\n|-damage|p1a: Samu Sosa|48\/100\n|-unboost|p1a: Samu Sosa|atk|1\n|\n|upkeep\n|turn|16\n|\n|t:|1700572581\n|move|p1a: Samu Sosa|Swords Dance|p1a: Samu Sosa\n|-boost|p1a: Samu Sosa|atk|2\n|move|p2a: Alomomola|Chilling Water|p1a: Samu Sosa\n|-resisted|p1a: Samu Sosa\n|-damage|p1a: Samu Sosa|42\/100\n|-unboost|p1a: Samu Sosa|atk|1\n|\n|upkeep\n|turn|17\n|\n|t:|1700572586\n|move|p1a: Samu Sosa|Ceaseless Edge|p2a: Alomomola\n|-damage|p2a: Alomomola|0 fnt\n|-sidestart|p2: pokmn Legend Blue|Spikes\n|faint|p2a: Alomomola\n|\n|upkeep\n|\n|t:|1700572589\n|switch|p2a: Diancie|Diancie, shiny|91\/100\n|-damage|p2a: Diancie|66\/100|[from] Spikes\n|turn|18\n|\n|t:|1700572592\n|move|p1a: Samu Sosa|Razor Shell|p2a: Diancie\n|-supereffective|p2a: Diancie\n|-damage|p2a: Diancie|0 fnt\n|faint|p2a: Diancie\n|\n|upkeep\n|\n|t:|1700572602\n|switch|p2a: Azelf|Azelf|100\/100\n|turn|19\n|\n|t:|1700572605\n|move|p1a: Samu Sosa|Sucker Punch|p2a: Azelf\n|-supereffective|p2a: Azelf\n|-damage|p2a: Azelf|0 fnt\n|faint|p2a: Azelf\n|\n|upkeep\n|-message|pokmn Legend Blue forfeited.\n|\n|win|DarkSeid012\n|raw|DarkSeid012's rating: 1086 &rarr; <strong>1107<\/strong><br \/>(+21 for winning)\n|raw|pokmn Legend Blue's rating: 1000 &rarr; <strong>1000<\/strong><br \/>(+0 for losing)\n","uploadtime":1700572449,"views":2,"p1id":"darkseid012","p2id":"pokmnlegendblue","formatid":"gen9ou","rating":1000,"private":0,"password":""}