{"id":"gen9ou-2000232818","p1":"ddddddddqqqqww","p2":"lapizods","format":"[Gen 9] OU","log":"|j|\u2606ddddddddqqqqww\n|j|\u2606lapizods\n|t:|1701175467\n|gametype|singles\n|player|p1|ddddddddqqqqww|gentleman|1040\n|player|p2|lapizods|waiter|1121\n|teamsize|p1|6\n|teamsize|p2|6\n|gen|9\n|tier|[Gen 9] OU\n|rated|\n|rule|Sleep Clause Mod: Limit one foe put to sleep\n|rule|Species Clause: Limit one of each Pok\u00e9mon\n|rule|OHKO Clause: OHKO moves are banned\n|rule|Evasion Items Clause: Evasion items are banned\n|rule|Evasion Moves Clause: Evasion moves are banned\n|rule|Endless Battle Clause: Forcing endless battles is banned\n|rule|HP Percentage Mod: HP is shown in percentages\n|clearpoke\n|poke|p1|Sandy Shocks|\n|poke|p1|Dragapult, F|\n|poke|p1|Zamazenta-*|\n|poke|p1|Iron Moth|\n|poke|p1|Ogerpon-Wellspring, F|\n|poke|p1|Kingambit, F|\n|poke|p2|Heatran, F|\n|poke|p2|Iron Valiant|\n|poke|p2|Zapdos|\n|poke|p2|Ting-Lu|\n|poke|p2|Rotom-Wash|\n|poke|p2|Corviknight, M|\n|teampreview\n|inactive|Battle timer is ON: inactive players will automatically lose when time's up. (requested by lapizods)\n|\n|t:|1701175491\n|start\n|switch|p1a: Ogerpon|Ogerpon-Wellspring, F|100\/100\n|switch|p2a: Rotom|Rotom-Wash|100\/100\n|turn|1\n|\n|t:|1701175502\n|switch|p1a: Dragapult|Dragapult, F|100\/100\n|move|p2a: Rotom|Volt Switch|p1a: Dragapult\n|-resisted|p1a: Dragapult\n|-damage|p1a: Dragapult|79\/100\n|\n|t:|1701175511\n|switch|p2a: Iron Valiant|Iron Valiant|100\/100|[from] Volt Switch\n|\n|upkeep\n|turn|2\n|\n|t:|1701175519\n|move|p1a: Dragapult|Thunder Wave|p2a: Iron Valiant\n|-status|p2a: Iron Valiant|par\n|move|p2a: Iron Valiant|Knock Off|p1a: Dragapult\n|-supereffective|p1a: Dragapult\n|-damage|p1a: Dragapult|0 fnt\n|-enditem|p1a: Dragapult|Heavy-Duty Boots|[from] move: Knock Off|[of] p2a: Iron Valiant\n|faint|p1a: Dragapult\n|-damage|p2a: Iron Valiant|91\/100 par|[from] item: Life Orb\n|\n|upkeep\n|inactive|ddddddddqqqqww has 120 seconds left.\n|\n|t:|1701175564\n|switch|p1a: Sandy Shocks|Sandy Shocks|100\/100\n|-enditem|p1a: Sandy Shocks|Booster Energy\n|-activate|p1a: Sandy Shocks|ability: Protosynthesis|[fromitem]\n|-start|p1a: Sandy Shocks|protosynthesisspe\n|turn|3\n|\n|t:|1701175583\n|move|p1a: Sandy Shocks|Stealth Rock|p2a: Iron Valiant\n|-sidestart|p2: lapizods|move: Stealth Rock\n|move|p2a: Iron Valiant|Close Combat|p1a: Sandy Shocks\n|-damage|p1a: Sandy Shocks|24\/100\n|-unboost|p2a: Iron Valiant|def|1\n|-unboost|p2a: Iron Valiant|spd|1\n|-damage|p2a: Iron Valiant|81\/100 par|[from] item: Life Orb\n|\n|upkeep\n|turn|4\n|\n|t:|1701175591\n|move|p1a: Sandy Shocks|Thunderbolt|p2a: Iron Valiant\n|-damage|p2a: Iron Valiant|0 fnt\n|faint|p2a: Iron Valiant\n|-end|p2a: Iron Valiant|Quark Drive|[silent]\n|\n|upkeep\n|\n|t:|1701175612\n|switch|p2a: Ting-Lu|Ting-Lu|100\/100\n|-damage|p2a: Ting-Lu|94\/100|[from] Stealth Rock\n|-ability|p2a: Ting-Lu|Vessel of Ruin\n|turn|5\n|\n|t:|1701175619\n|-end|p1a: Sandy Shocks|Protosynthesis|[silent]\n|switch|p1a: Ogerpon|Ogerpon-Wellspring, F|100\/100\n|move|p2a: Ting-Lu|Stealth Rock|p1a: Ogerpon\n|-sidestart|p1: ddddddddqqqqww|move: Stealth Rock\n|\n|-heal|p2a: Ting-Lu|100\/100|[from] item: Leftovers\n|upkeep\n|turn|6\n|inactive|lapizods has 120 seconds left.\n|\n|t:|1701175648\n|switch|p2a: Corviknight|Corviknight, M|100\/100\n|-damage|p2a: Corviknight|88\/100|[from] Stealth Rock\n|move|p1a: Ogerpon|Ivy Cudgel|p2a: Corviknight|[anim] Ivy Cudgel Water\n|-damage|p2a: Corviknight|39\/100\n|\n|upkeep\n|turn|7\n|inactive|lapizods has 120 seconds left.\n|\n|t:|1701175657\n|move|p1a: Ogerpon|Ivy Cudgel|p2a: Corviknight|[anim] Ivy Cudgel Water\n|-damage|p2a: Corviknight|0 fnt\n|faint|p2a: Corviknight\n|\n|upkeep\n|\n|t:|1701175661\n|switch|p2a: Zapdos|Zapdos|100\/100\n|-damage|p2a: Zapdos|76\/100|[from] Stealth Rock\n|-ability|p2a: Zapdos|Pressure\n|turn|8\n|\n|t:|1701175671\n|switch|p1a: Sandy Shocks|Sandy Shocks|24\/100\n|-damage|p1a: Sandy Shocks|18\/100|[from] Stealth Rock\n|move|p2a: Zapdos|Volt Switch|p1a: Sandy Shocks\n|-immune|p1a: Sandy Shocks\n|\n|-heal|p2a: Zapdos|82\/100|[from] item: Leftovers\n|upkeep\n|turn|9\n|\n|t:|1701175681\n|move|p1a: Sandy Shocks|Thunderbolt|p2a: Zapdos\n|-crit|p2a: Zapdos\n|-damage|p2a: Zapdos|15\/100\n|move|p2a: Zapdos|U-turn|p1a: Sandy Shocks\n|-damage|p1a: Sandy Shocks|2\/100\n|\n|t:|1701175686\n|switch|p2a: Rotom|Rotom-Wash|100\/100|[from] U-turn\n|-damage|p2a: Rotom|88\/100|[from] Stealth Rock\n|\n|upkeep\n|turn|10\n|\n|t:|1701175697\n|move|p2a: Rotom|Hydro Pump|p1a: Sandy Shocks\n|-supereffective|p1a: Sandy Shocks\n|-damage|p1a: Sandy Shocks|0 fnt\n|faint|p1a: Sandy Shocks\n|-end|p1a: Sandy Shocks|Protosynthesis|[silent]\n|\n|upkeep\n|\n|t:|1701175699\n|switch|p1a: Ogerpon|Ogerpon-Wellspring, F|100\/100\n|-damage|p1a: Ogerpon|88\/100|[from] Stealth Rock\n|turn|11\n|\n|t:|1701175705\n|switch|p2a: Zapdos|Zapdos|15\/100\n|-damage|p2a: Zapdos|0 fnt|[from] Stealth Rock\n|faint|p2a: Zapdos\n|move|p1a: Ogerpon|Swords Dance|p1a: Ogerpon\n|-boost|p1a: Ogerpon|atk|2\n|\n|upkeep\n|\n|t:|1701175720\n|switch|p2a: Rotom|Rotom-Wash|88\/100\n|-damage|p2a: Rotom|76\/100|[from] Stealth Rock\n|turn|12\n|\n|t:|1701175727\n|-terastallize|p2a: Rotom|Electric\n|move|p2a: Rotom|Thunder|p1a: Ogerpon\n|-damage|p1a: Ogerpon|17\/100\n|move|p1a: Ogerpon|Ivy Cudgel|p2a: Rotom|[anim] Ivy Cudgel Water\n|-damage|p2a: Rotom|0 fnt\n|faint|p2a: Rotom\n|\n|upkeep\n|\n|t:|1701175735\n|switch|p2a: Heatran|Heatran, F|100\/100\n|-damage|p2a: Heatran|88\/100|[from] Stealth Rock\n|turn|13\n|\n|t:|1701175739\n|move|p1a: Ogerpon|Ivy Cudgel|p2a: Heatran|[anim] Ivy Cudgel Water\n|-supereffective|p2a: Heatran\n|-damage|p2a: Heatran|0 fnt\n|faint|p2a: Heatran\n|\n|upkeep\n|\n|t:|1701175743\n|switch|p2a: Ting-Lu|Ting-Lu|100\/100\n|-damage|p2a: Ting-Lu|94\/100|[from] Stealth Rock\n|-ability|p2a: Ting-Lu|Vessel of Ruin\n|turn|14\n|\n|t:|1701175748\n|-terastallize|p1a: Ogerpon|Water\n|detailschange|p1a: Ogerpon|Ogerpon-Wellspring-Tera, F, tera:Water\n|-ability|p1a: Ogerpon|Embody Aspect (Wellspring)|boost\n|-boost|p1a: Ogerpon|spd|1\n|move|p1a: Ogerpon|Ivy Cudgel|p2a: Ting-Lu|[anim] Ivy Cudgel Water\n|-supereffective|p2a: Ting-Lu\n|-damage|p2a: Ting-Lu|0 fnt\n|faint|p2a: Ting-Lu\n|\n|win|ddddddddqqqqww\n|raw|ddddddddqqqqww's rating: 1040 &rarr; <strong>1082<\/strong><br \/>(+42 for winning)\n|raw|lapizods's rating: 1121 &rarr; <strong>1090<\/strong><br \/>(-31 for losing)\n","uploadtime":1701175757,"views":3,"p1id":"ddddddddqqqqww","p2id":"lapizods","formatid":"gen9ou","rating":1082,"private":0,"password":""}