{"id":"gen9ou-1994318662","p1":"poXSD","p2":"xstarwarz","format":"[Gen 9] OU","log":"|j|\u2606poXSD\n|j|\u2606xstarwarz\n|t:|1700430578\n|gametype|singles\n|player|p1|poXSD|ethan|1295\n|player|p2|xstarwarz|hugh|1333\n|teamsize|p1|6\n|teamsize|p2|6\n|gen|9\n|tier|[Gen 9] OU\n|rated|\n|rule|Sleep Clause Mod: Limit one foe put to sleep\n|rule|Species Clause: Limit one of each Pok\u00e9mon\n|rule|OHKO Clause: OHKO moves are banned\n|rule|Evasion Items Clause: Evasion items are banned\n|rule|Evasion Moves Clause: Evasion moves are banned\n|rule|Endless Battle Clause: Forcing endless battles is banned\n|rule|HP Percentage Mod: HP is shown in percentages\n|clearpoke\n|poke|p1|Alomomola, F|\n|poke|p1|Slowking-Galar, F|\n|poke|p1|Kingambit, F|\n|poke|p1|Great Tusk|\n|poke|p1|Cinderace, F|\n|poke|p1|Thundurus-Therian, M|\n|poke|p2|Corviknight, M|\n|poke|p2|Ting-Lu|\n|poke|p2|Iron Valiant|\n|poke|p2|Gholdengo|\n|poke|p2|Dondozo, F|\n|poke|p2|Talonflame, F|\n|teampreview\n|inactive|Battle timer is ON: inactive players will automatically lose when time's up. (requested by xstarwarz)\n|\n|t:|1700430606\n|start\n|switch|p1a: Thundurus|Thundurus-Therian, M|100\/100\n|switch|p2a: Ting-Lu|Ting-Lu|100\/100\n|-ability|p2a: Ting-Lu|Vessel of Ruin\n|turn|1\n|\n|t:|1700430633\n|move|p1a: Thundurus|Grass Knot|p2a: Ting-Lu\n|-supereffective|p2a: Ting-Lu\n|-damage|p2a: Ting-Lu|47\/100\n|move|p2a: Ting-Lu|Stealth Rock|p1a: Thundurus\n|-sidestart|p1: poXSD|move: Stealth Rock\n|\n|-heal|p2a: Ting-Lu|54\/100|[from] item: Leftovers\n|upkeep\n|turn|2\n|\n|t:|1700430655\n|switch|p1a: Alomomola|Alomomola, F|100\/100\n|-damage|p1a: Alomomola|88\/100|[from] Stealth Rock\n|move|p2a: Ting-Lu|Whirlwind|p1a: Alomomola\n|drag|p1a: Kingambit|Kingambit, F|100\/100\n|-damage|p1a: Kingambit|94\/100|[from] Stealth Rock\n|\n|-heal|p1a: Kingambit|100\/100|[from] item: Leftovers\n|-heal|p2a: Ting-Lu|60\/100|[from] item: Leftovers\n|upkeep\n|turn|3\n|\n|t:|1700430673\n|-end|p1a: Kingambit|fallenundefined|[silent]\n|switch|p1a: Alomomola|Alomomola, F|100\/100\n|-damage|p1a: Alomomola|88\/100|[from] Stealth Rock\n|move|p2a: Ting-Lu|Earthquake|p1a: Alomomola\n|-damage|p1a: Alomomola|65\/100\n|-enditem|p1a: Alomomola|Red Card|[of] p2a: Ting-Lu\n|drag|p2a: Gholdengo|Gholdengo|100\/100\n|-item|p2a: Gholdengo|Air Balloon\n|\n|upkeep\n|turn|4\n|inactive|xstarwarz has 120 seconds left.\n|\n|t:|1700430700\n|move|p2a: Gholdengo|Make It Rain|p1a: Alomomola\n|-resisted|p1a: Alomomola\n|-damage|p1a: Alomomola|36\/100\n|-unboost|p2a: Gholdengo|spa|1\n|move|p1a: Alomomola|Flip Turn|p2a: Gholdengo\n|-crit|p2a: Gholdengo\n|-damage|p2a: Gholdengo|74\/100\n|-enditem|p2a: Gholdengo|Air Balloon\n|\n|t:|1700430710\n|switch|p1a: Thundurus|Thundurus-Therian, M|100\/100|[from] Flip Turn\n|-damage|p1a: Thundurus|76\/100|[from] Stealth Rock\n|\n|upkeep\n|turn|5\n|inactive|xstarwarz has 120 seconds left.\n|\n|t:|1700430741\n|move|p1a: Thundurus|Knock Off|p2a: Gholdengo\n|-supereffective|p2a: Gholdengo\n|-damage|p2a: Gholdengo|41\/100\n|move|p2a: Gholdengo|Nasty Plot|p2a: Gholdengo\n|-boost|p2a: Gholdengo|spa|2\n|\n|upkeep\n|turn|6\n|\n|t:|1700430750\n|switch|p1a: Slowking|Slowking-Galar, F|100\/100\n|move|p2a: Gholdengo|Recover|p2a: Gholdengo\n|-heal|p2a: Gholdengo|92\/100\n|\n|upkeep\n|turn|7\n|\n|t:|1700430760\n|move|p2a: Gholdengo|Shadow Ball|p1a: Slowking\n|-supereffective|p1a: Slowking\n|-damage|p1a: Slowking|21\/100\n|move|p1a: Slowking|Future Sight|p2a: Gholdengo\n|-start|p1a: Slowking|move: Future Sight\n|\n|upkeep\n|turn|8\n|\n|t:|1700430770\n|switch|p1a: Thundurus|Thundurus-Therian, M|76\/100\n|-damage|p1a: Thundurus|51\/100|[from] Stealth Rock\n|move|p2a: Gholdengo|Nasty Plot|p2a: Gholdengo\n|-boost|p2a: Gholdengo|spa|2\n|\n|upkeep\n|turn|9\n|inactive|xstarwarz has 120 seconds left.\n|\n|t:|1700430784\n|move|p1a: Thundurus|Volt Switch|p2a: Gholdengo\n|-damage|p2a: Gholdengo|28\/100\n|\n|t:|1700430789\n|switch|p1a: Slowking|Slowking-Galar, F|54\/100|[from] Volt Switch\n|move|p2a: Gholdengo|Shadow Ball|p1a: Slowking\n|-supereffective|p1a: Slowking\n|-damage|p1a: Slowking|0 fnt\n|faint|p1a: Slowking\n|\n|-end|p2a: Gholdengo|move: Future Sight\n|-resisted|p2a: Gholdengo\n|-damage|p2a: Gholdengo|0 fnt\n|faint|p2a: Gholdengo\n|upkeep\n|inactive|xstarwarz has 120 seconds left.\n|\n|t:|1700430807\n|switch|p2a: Iron Valiant|Iron Valiant|100\/100\n|switch|p1a: Cinderace|Cinderace, F|100\/100\n|-enditem|p2a: Iron Valiant|Booster Energy\n|-activate|p2a: Iron Valiant|ability: Quark Drive|[fromitem]\n|-start|p2a: Iron Valiant|quarkdrivespe\n|turn|10\n|inactive|xstarwarz has 120 seconds left.\n|\n|t:|1700430834\n|-end|p2a: Iron Valiant|Quark Drive|[silent]\n|switch|p2a: Ting-Lu|Ting-Lu|60\/100\n|-ability|p2a: Ting-Lu|Vessel of Ruin\n|move|p1a: Cinderace|Pyro Ball|p2a: Ting-Lu\n|-damage|p2a: Ting-Lu|28\/100\n|-status|p2a: Ting-Lu|brn\n|\n|-heal|p2a: Ting-Lu|35\/100 brn|[from] item: Leftovers\n|-damage|p2a: Ting-Lu|28\/100 brn|[from] brn\n|upkeep\n|turn|11\n|\n|t:|1700430853\n|switch|p2a: Talonflame|Talonflame, F|100\/100\n|move|p1a: Cinderace|Pyro Ball|p2a: Talonflame|[miss]\n|-miss|p1a: Cinderace|p2a: Talonflame\n|\n|upkeep\n|turn|12\n|\n|t:|1700430866\n|move|p1a: Cinderace|Court Change|p1a: Cinderace\n|-start|p1a: Cinderace|typechange|Normal|[from] ability: Libero\n|-swapsideconditions\n|-activate|p1a: Cinderace|move: Court Change\n|move|p2a: Talonflame|Hurricane|p1a: Cinderace|[miss]\n|-miss|p2a: Talonflame|p1a: Cinderace\n|\n|upkeep\n|turn|13\n|\n|t:|1700430877\n|move|p1a: Cinderace|U-turn|p2a: Talonflame\n|-resisted|p2a: Talonflame\n|-damage|p2a: Talonflame|95\/100\n|\n|t:|1700430881\n|switch|p1a: Kingambit|Kingambit, F|100\/100|[from] U-turn\n|-activate|p1a: Kingambit|ability: Supreme Overlord\n|-start|p1a: Kingambit|fallen1|[silent]\n|move|p2a: Talonflame|Flamethrower|p1a: Kingambit\n|-supereffective|p1a: Kingambit\n|-damage|p1a: Kingambit|54\/100\n|\n|-heal|p1a: Kingambit|60\/100|[from] item: Leftovers\n|upkeep\n|turn|14\n|\n|t:|1700430893\n|move|p2a: Talonflame|Defog|p1a: Kingambit\n|-unboost|p1a: Kingambit|evasion|1\n|-sideend|p2: xstarwarz|Stealth Rock|[from] move: Defog|[of] p2a: Talonflame\n|move|p1a: Kingambit|Kowtow Cleave|p2a: Talonflame\n|-damage|p2a: Talonflame|35\/100\n|-status|p1a: Kingambit|brn|[from] ability: Flame Body|[of] p2a: Talonflame\n|\n|-heal|p1a: Kingambit|67\/100 brn|[from] item: Leftovers\n|-damage|p1a: Kingambit|60\/100 brn|[from] brn\n|upkeep\n|turn|15\n|\n|t:|1700430904\n|-end|p1a: Kingambit|fallen1|[silent]\n|switch|p1a: Great Tusk|Great Tusk|100\/100\n|move|p2a: Talonflame|Roost|p2a: Talonflame\n|-heal|p2a: Talonflame|85\/100\n|-singleturn|p2a: Talonflame|move: Roost\n|\n|upkeep\n|turn|16\n|\n|t:|1700430914\n|move|p2a: Talonflame|Hurricane|p1a: Great Tusk\n|-supereffective|p1a: Great Tusk\n|-damage|p1a: Great Tusk|12\/100\n|-start|p1a: Great Tusk|confusion\n|-activate|p1a: Great Tusk|confusion\n|move|p1a: Great Tusk|Stealth Rock|p2a: Talonflame\n|-sidestart|p2: xstarwarz|move: Stealth Rock\n|\n|upkeep\n|turn|17\n|\n|t:|1700430923\n|-end|p1a: Great Tusk|Protosynthesis|[silent]\n|switch|p1a: Thundurus|Thundurus-Therian, M|51\/100\n|move|p2a: Talonflame|Defog|p1a: Thundurus\n|-unboost|p1a: Thundurus|evasion|1\n|-sideend|p2: xstarwarz|Stealth Rock|[from] move: Defog|[of] p2a: Talonflame\n|\n|upkeep\n|turn|18\n|inactive|xstarwarz has 120 seconds left.\n|\n|t:|1700430939\n|move|p2a: Talonflame|Flamethrower|p1a: Thundurus\n|-damage|p1a: Thundurus|17\/100\n|move|p1a: Thundurus|Volt Switch|p2a: Talonflame\n|-supereffective|p2a: Talonflame\n|-damage|p2a: Talonflame|0 fnt\n|faint|p2a: Talonflame\n|\n|t:|1700430948\n|switch|p1a: Cinderace|Cinderace, F|100\/100|[from] Volt Switch\n|\n|upkeep\n|\n|t:|1700430953\n|switch|p2a: Dondozo|Dondozo, F|100\/100\n|turn|19\n|inactive|xstarwarz has 120 seconds left.\n|\n|t:|1700430963\n|move|p1a: Cinderace|U-turn|p2a: Dondozo\n|-start|p1a: Cinderace|typechange|Bug|[from] ability: Libero\n|-damage|p2a: Dondozo|86\/100\n|\n|t:|1700430967\n|switch|p1a: Alomomola|Alomomola, F|69\/100|[from] U-turn\n|move|p2a: Dondozo|Body Press|p1a: Alomomola\n|-damage|p1a: Alomomola|53\/100\n|\n|upkeep\n|turn|20\n|\n|t:|1700430977\n|switch|p2a: Corviknight|Corviknight, M|100\/100\n|move|p1a: Alomomola|Wish|p1a: Alomomola\n|\n|upkeep\n|turn|21\n|\n|t:|1700430985\n|move|p2a: Corviknight|Substitute|p2a: Corviknight\n|-start|p2a: Corviknight|Substitute\n|-damage|p2a: Corviknight|75\/100\n|move|p1a: Alomomola|Scald|p2a: Corviknight\n|-activate|p2a: Corviknight|move: Substitute|[damage]\n|\n|-heal|p1a: Alomomola|100\/100|[from] move: Wish|[wisher] Alomomola\n|-heal|p2a: Corviknight|82\/100|[from] item: Leftovers\n|upkeep\n|turn|22\n|\n|t:|1700430996\n|move|p2a: Corviknight|Bulk Up|p2a: Corviknight\n|-boost|p2a: Corviknight|atk|1\n|-boost|p2a: Corviknight|def|1\n|move|p1a: Alomomola|Wish|p1a: Alomomola\n|\n|-heal|p2a: Corviknight|88\/100|[from] item: Leftovers\n|upkeep\n|turn|23\n|\n|t:|1700431004\n|move|p2a: Corviknight|Bulk Up|p2a: Corviknight\n|-boost|p2a: Corviknight|atk|1\n|-boost|p2a: Corviknight|def|1\n|move|p1a: Alomomola|Flip Turn|p2a: Corviknight\n|-activate|p2a: Corviknight|move: Substitute|[damage]\n|\n|t:|1700431011\n|switch|p1a: Thundurus|Thundurus-Therian, M|17\/100|[from] Flip Turn\n|\n|-heal|p1a: Thundurus|95\/100|[from] move: Wish|[wisher] Alomomola\n|-heal|p2a: Corviknight|94\/100|[from] item: Leftovers\n|upkeep\n|turn|24\n|\n|t:|1700431021\n|move|p1a: Thundurus|Volt Switch|p2a: Corviknight\n|-supereffective|p2a: Corviknight\n|-end|p2a: Corviknight|Substitute\n|\n|t:|1700431025\n|switch|p1a: Alomomola|Alomomola, F|100\/100|[from] Volt Switch\n|move|p2a: Corviknight|Bulk Up|p2a: Corviknight\n|-boost|p2a: Corviknight|atk|1\n|-boost|p2a: Corviknight|def|1\n|\n|-heal|p2a: Corviknight|100\/100|[from] item: Leftovers\n|upkeep\n|turn|25\n|\n|t:|1700431036\n|move|p2a: Corviknight|Substitute|p2a: Corviknight\n|-start|p2a: Corviknight|Substitute\n|-damage|p2a: Corviknight|75\/100\n|move|p1a: Alomomola|Flip Turn|p2a: Corviknight\n|-activate|p2a: Corviknight|move: Substitute|[damage]\n|\n|t:|1700431050\n|switch|p1a: Great Tusk|Great Tusk|12\/100|[from] Flip Turn\n|\n|-heal|p2a: Corviknight|82\/100|[from] item: Leftovers\n|upkeep\n|turn|26\n|\n|t:|1700431059\n|move|p1a: Great Tusk|Ice Spinner|p2a: Corviknight\n|-activate|p2a: Corviknight|move: Substitute|[damage]\n|move|p2a: Corviknight|Bulk Up|p2a: Corviknight\n|-boost|p2a: Corviknight|atk|1\n|-boost|p2a: Corviknight|def|1\n|\n|-heal|p2a: Corviknight|88\/100|[from] item: Leftovers\n|upkeep\n|turn|27\n|\n|t:|1700431069\n|move|p1a: Great Tusk|Stealth Rock|p2a: Corviknight\n|-sidestart|p2: xstarwarz|move: Stealth Rock\n|move|p2a: Corviknight|Bulk Up|p2a: Corviknight\n|-boost|p2a: Corviknight|atk|1\n|-boost|p2a: Corviknight|def|1\n|\n|-heal|p2a: Corviknight|94\/100|[from] item: Leftovers\n|upkeep\n|turn|28\n|\n|t:|1700431078\n|move|p1a: Great Tusk|Ice Spinner|p2a: Corviknight\n|-activate|p2a: Corviknight|move: Substitute|[damage]\n|move|p2a: Corviknight|Bulk Up|p2a: Corviknight\n|-boost|p2a: Corviknight|atk|1\n|-boost|p2a: Corviknight|def|1\n|\n|-heal|p2a: Corviknight|100\/100|[from] item: Leftovers\n|upkeep\n|turn|29\n|\n|t:|1700431091\n|move|p1a: Great Tusk|Ice Spinner|p2a: Corviknight\n|-end|p2a: Corviknight|Substitute\n|move|p2a: Corviknight|Substitute|p2a: Corviknight\n|-start|p2a: Corviknight|Substitute\n|-damage|p2a: Corviknight|75\/100\n|\n|-heal|p2a: Corviknight|82\/100|[from] item: Leftovers\n|upkeep\n|turn|30\n|\n|t:|1700431100\n|move|p1a: Great Tusk|Rapid Spin|p2a: Corviknight\n|-resisted|p2a: Corviknight\n|-activate|p2a: Corviknight|move: Substitute|[damage]\n|-boost|p1a: Great Tusk|spe|1\n|move|p2a: Corviknight|Power Trip|p1a: Great Tusk\n|-resisted|p1a: Great Tusk\n|-damage|p1a: Great Tusk|0 fnt\n|-damage|p2a: Corviknight|65\/100|[from] item: Rocky Helmet|[of] p1a: Great Tusk\n|faint|p1a: Great Tusk\n|-end|p1a: Great Tusk|Protosynthesis|[silent]\n|\n|-heal|p2a: Corviknight|71\/100|[from] item: Leftovers\n|upkeep\n|\n|t:|1700431113\n|switch|p1a: Kingambit|Kingambit, F|60\/100 brn\n|-activate|p1a: Kingambit|ability: Supreme Overlord\n|-start|p1a: Kingambit|fallen2|[silent]\n|turn|31\n|\n|t:|1700431119\n|move|p2a: Corviknight|Power Trip|p1a: Kingambit\n|-resisted|p1a: Kingambit\n|-damage|p1a: Kingambit|0 fnt\n|faint|p1a: Kingambit\n|-end|p1a: Kingambit|fallen2|[silent]\n|\n|-heal|p2a: Corviknight|78\/100|[from] item: Leftovers\n|upkeep\n|\n|t:|1700431127\n|switch|p1a: Thundurus|Thundurus-Therian, M|95\/100\n|turn|32\n|\n|t:|1700431130\n|move|p1a: Thundurus|Volt Switch|p2a: Corviknight\n|-supereffective|p2a: Corviknight\n|-end|p2a: Corviknight|Substitute\n|\n|t:|1700431134\n|switch|p1a: Cinderace|Cinderace, F|100\/100|[from] Volt Switch\n|move|p2a: Corviknight|Power Trip|p1a: Cinderace\n|-damage|p1a: Cinderace|0 fnt\n|faint|p1a: Cinderace\n|\n|-heal|p2a: Corviknight|84\/100|[from] item: Leftovers\n|upkeep\n|\n|t:|1700431143\n|switch|p1a: Thundurus|Thundurus-Therian, M|95\/100\n|turn|33\n|\n|t:|1700431149\n|-terastallize|p2a: Corviknight|Dragon\n|move|p1a: Thundurus|Volt Switch|p2a: Corviknight\n|-resisted|p2a: Corviknight\n|-damage|p2a: Corviknight|65\/100\n|\n|t:|1700431154\n|switch|p1a: Alomomola|Alomomola, F|100\/100|[from] Volt Switch\n|move|p2a: Corviknight|Power Trip|p1a: Alomomola\n|-damage|p1a: Alomomola|0 fnt\n|faint|p1a: Alomomola\n|\n|-heal|p2a: Corviknight|71\/100|[from] item: Leftovers\n|upkeep\n|\n|t:|1700431163\n|switch|p1a: Thundurus|Thundurus-Therian, M|95\/100\n|turn|34\n|\n|t:|1700431168\n|-terastallize|p1a: Thundurus|Flying\n|move|p1a: Thundurus|Tera Blast|p2a: Corviknight|[anim] Tera Blast Flying\n|-damage|p2a: Corviknight|12\/100\n|move|p2a: Corviknight|Power Trip|p1a: Thundurus\n|-damage|p1a: Thundurus|0 fnt\n|faint|p1a: Thundurus\n|\n|win|xstarwarz\n|raw|poXSD's rating: 1295 &rarr; <strong>1273<\/strong><br \/>(-22 for losing)\n|raw|xstarwarz's rating: 1333 &rarr; <strong>1351<\/strong><br \/>(+18 for winning)\n|l|\u2606poXSD\n","uploadtime":1700431205,"views":20,"p1id":"poxsd","p2id":"xstarwarz","formatid":"gen9ou","rating":1273,"private":0,"password":""}