{"id":"gen9ou-1994646169","p1":"dawggggg","p2":"ChillLanturnYT","format":"[Gen 9] OU","log":"|j|\u2606dawggggg\n|j|\u2606ChillLanturnYT\n|t:|1700474853\n|gametype|singles\n|player|p1|dawggggg|1|1146\n|player|p2|ChillLanturnYT|palmer|1216\n|teamsize|p1|6\n|teamsize|p2|6\n|gen|9\n|tier|[Gen 9] OU\n|rated|\n|rule|Sleep Clause Mod: Limit one foe put to sleep\n|rule|Species Clause: Limit one of each Pok\u00e9mon\n|rule|OHKO Clause: OHKO moves are banned\n|rule|Evasion Items Clause: Evasion items are banned\n|rule|Evasion Moves Clause: Evasion moves are banned\n|rule|Endless Battle Clause: Forcing endless battles is banned\n|rule|HP Percentage Mod: HP is shown in percentages\n|clearpoke\n|poke|p1|Kingambit, F|\n|poke|p1|Glimmora, M|\n|poke|p1|Zamazenta-*|\n|poke|p1|Iron Valiant|\n|poke|p1|Iron Moth|\n|poke|p1|Ogerpon-Wellspring, F|\n|poke|p2|Cloyster, M|\n|poke|p2|Masquerain, F|\n|poke|p2|Muk-Alola, M|\n|poke|p2|Moltres|\n|poke|p2|Scizor, M|\n|poke|p2|Polteageist-Antique|\n|teampreview\n|\n|t:|1700474867\n|start\n|switch|p1a: Glimmora|Glimmora, M|100\/100\n|switch|p2a: Masquerain|Masquerain, F|100\/100\n|-ability|p2a: Masquerain|Intimidate|boost\n|-unboost|p1a: Glimmora|atk|1\n|turn|1\n|\n|t:|1700474875\n|move|p1a: Glimmora|Stealth Rock|p2a: Masquerain\n|-sidestart|p2: ChillLanturnYT|move: Stealth Rock\n|move|p2a: Masquerain|Energy Ball|p1a: Glimmora\n|-damage|p1a: Glimmora|64\/100\n|\n|upkeep\n|turn|2\n|\n|t:|1700474885\n|move|p1a: Glimmora|Power Gem|p2a: Masquerain\n|-supereffective|p2a: Masquerain\n|-enditem|p2a: Masquerain|Focus Sash\n|-damage|p2a: Masquerain|1\/100\n|move|p2a: Masquerain|Air Slash|p1a: Glimmora\n|-resisted|p1a: Glimmora\n|-damage|p1a: Glimmora|42\/100\n|\n|upkeep\n|turn|3\n|\n|t:|1700474894\n|move|p2a: Masquerain|Aqua Jet|p1a: Glimmora\n|-supereffective|p1a: Glimmora\n|-damage|p1a: Glimmora|27\/100\n|-activate|p1a: Glimmora|ability: Toxic Debris\n|-sidestart|p2: ChillLanturnYT|move: Toxic Spikes\n|move|p1a: Glimmora|Power Gem|p2a: Masquerain\n|-supereffective|p2a: Masquerain\n|-damage|p2a: Masquerain|0 fnt\n|faint|p2a: Masquerain\n|\n|upkeep\n|\n|t:|1700474898\n|switch|p2a: Muk|Muk-Alola, M|100\/100\n|-damage|p2a: Muk|88\/100|[from] Stealth Rock\n|-sideend|p2: ChillLanturnYT|move: Toxic Spikes|[of] p2a: Muk\n|turn|4\n|\n|t:|1700474908\n|move|p1a: Glimmora|Earth Power|p2a: Muk\n|-supereffective|p2a: Muk\n|-damage|p2a: Muk|50\/100\n|move|p2a: Muk|Knock Off|p1a: Glimmora\n|-damage|p1a: Glimmora|0 fnt\n|-activate|p1a: Glimmora|ability: Toxic Debris\n|-sidestart|p2: ChillLanturnYT|move: Toxic Spikes\n|-enditem|p1a: Glimmora|Focus Sash|[from] move: Knock Off|[of] p2a: Muk\n|faint|p1a: Glimmora\n|\n|upkeep\n|\n|t:|1700474921\n|switch|p1a: Zamazenta|Zamazenta, shiny|100\/100\n|-ability|p1a: Zamazenta|Dauntless Shield|boost\n|-boost|p1a: Zamazenta|def|1\n|turn|5\n|\n|t:|1700474927\n|move|p1a: Zamazenta|Stone Edge|p2a: Muk|[miss]\n|-miss|p1a: Zamazenta|p2a: Muk\n|move|p2a: Muk|Poison Jab|p1a: Zamazenta\n|-damage|p1a: Zamazenta|78\/100\n|-status|p1a: Zamazenta|psn\n|\n|-heal|p1a: Zamazenta|84\/100 psn|[from] item: Leftovers\n|-damage|p1a: Zamazenta|72\/100 psn|[from] psn\n|upkeep\n|turn|6\n|\n|t:|1700474934\n|move|p1a: Zamazenta|Iron Defense|p1a: Zamazenta\n|-boost|p1a: Zamazenta|def|2\n|move|p2a: Muk|Knock Off|p1a: Zamazenta\n|-resisted|p1a: Zamazenta\n|-damage|p1a: Zamazenta|64\/100 psn\n|-enditem|p1a: Zamazenta|Leftovers|[from] move: Knock Off|[of] p2a: Muk\n|\n|-damage|p1a: Zamazenta|52\/100 psn|[from] psn\n|upkeep\n|turn|7\n|\n|t:|1700474937\n|move|p1a: Zamazenta|Iron Defense|p1a: Zamazenta\n|-boost|p1a: Zamazenta|def|2\n|move|p2a: Muk|Drain Punch|p1a: Zamazenta\n|-damage|p1a: Zamazenta|46\/100 psn\n|-heal|p2a: Muk|53\/100|[from] drain|[of] p1a: Zamazenta\n|\n|-damage|p1a: Zamazenta|34\/100 psn|[from] psn\n|upkeep\n|turn|8\n|\n|t:|1700474941\n|move|p1a: Zamazenta|Crunch|p2a: Muk\n|-resisted|p2a: Muk\n|-damage|p2a: Muk|40\/100\n|move|p2a: Muk|Drain Punch|p1a: Zamazenta\n|-crit|p1a: Zamazenta\n|-damage|p1a: Zamazenta|1\/100 psn\n|-heal|p2a: Muk|53\/100|[from] drain|[of] p1a: Zamazenta\n|\n|-damage|p1a: Zamazenta|0 fnt|[from] psn\n|faint|p1a: Zamazenta\n|upkeep\n|\n|t:|1700474955\n|switch|p1a: Ogerpon|Ogerpon-Wellspring, F|100\/100\n|turn|9\n|\n|t:|1700474967\n|move|p1a: Ogerpon|Ivy Cudgel|p2a: Muk|[anim] Ivy Cudgel Water\n|-damage|p2a: Muk|0 fnt\n|faint|p2a: Muk\n|\n|upkeep\n|\n|t:|1700474977\n|switch|p2a: Scizor|Scizor, M|100\/100\n|-damage|p2a: Scizor|88\/100|[from] Stealth Rock\n|turn|10\n|\n|t:|1700474991\n|move|p1a: Ogerpon|Knock Off|p2a: Scizor\n|-damage|p2a: Scizor|52\/100\n|-enditem|p2a: Scizor|Leftovers|[from] move: Knock Off|[of] p1a: Ogerpon\n|move|p2a: Scizor|Aerial Ace|p1a: Ogerpon\n|-supereffective|p1a: Ogerpon\n|-damage|p1a: Ogerpon|12\/100\n|\n|upkeep\n|turn|11\n|\n|t:|1700474998\n|move|p2a: Scizor|Bullet Punch|p1a: Ogerpon\n|-resisted|p1a: Ogerpon\n|-damage|p1a: Ogerpon|0 fnt\n|faint|p1a: Ogerpon\n|\n|upkeep\n|\n|t:|1700475004\n|switch|p1a: Iron Moth|Iron Moth|100\/100\n|-enditem|p1a: Iron Moth|Booster Energy\n|-activate|p1a: Iron Moth|ability: Quark Drive|[fromitem]\n|-start|p1a: Iron Moth|quarkdrivespe\n|turn|12\n|\n|t:|1700475010\n|move|p1a: Iron Moth|Fiery Dance|p2a: Scizor\n|-supereffective|p2a: Scizor\n|-damage|p2a: Scizor|0 fnt\n|faint|p2a: Scizor\n|\n|upkeep\n|\n|t:|1700475013\n|switch|p2a: Moltres|Moltres|100\/100\n|turn|13\n|\n|t:|1700475021\n|-terastallize|p1a: Iron Moth|Fairy\n|move|p1a: Iron Moth|Dazzling Gleam|p2a: Moltres\n|-resisted|p2a: Moltres\n|-crit|p2a: Moltres\n|-damage|p2a: Moltres|79\/100\n|move|p2a: Moltres|Air Slash|p1a: Iron Moth\n|-damage|p1a: Iron Moth|69\/100\n|\n|upkeep\n|turn|14\n|\n|t:|1700475031\n|move|p1a: Iron Moth|Sludge Wave|p2a: Moltres\n|-damage|p2a: Moltres|41\/100\n|-status|p2a: Moltres|psn\n|move|p2a: Moltres|Flamethrower|p1a: Iron Moth\n|-damage|p1a: Iron Moth|31\/100\n|\n|-damage|p2a: Moltres|29\/100 psn|[from] psn\n|upkeep\n|turn|15\n|\n|t:|1700475040\n|move|p1a: Iron Moth|Sludge Wave|p2a: Moltres\n|-damage|p2a: Moltres|0 fnt\n|faint|p2a: Moltres\n|\n|upkeep\n|\n|t:|1700475060\n|switch|p2a: Polteageist|Polteageist-Antique|100\/100\n|-damage|p2a: Polteageist|88\/100|[from] Stealth Rock\n|-status|p2a: Polteageist|psn\n|turn|16\n|\n|t:|1700475068\n|-end|p1a: Iron Moth|Quark Drive|[silent]\n|switch|p1a: Kingambit|Kingambit, F|100\/100\n|-activate|p1a: Kingambit|ability: Supreme Overlord\n|-start|p1a: Kingambit|fallen3|[silent]\n|move|p2a: Polteageist|Shadow Ball|p1a: Kingambit\n|-resisted|p1a: Kingambit\n|-damage|p1a: Kingambit|76\/100\n|\n|-damage|p2a: Polteageist|76\/100 psn|[from] psn\n|upkeep\n|turn|17\n|\n|t:|1700475079\n|-terastallize|p2a: Polteageist|Fighting\n|move|p1a: Kingambit|Sucker Punch|p2a: Polteageist\n|-resisted|p2a: Polteageist\n|-damage|p2a: Polteageist|15\/100 psn\n|-ability|p2a: Polteageist|Weak Armor|boost\n|-unboost|p2a: Polteageist|def|1\n|-boost|p2a: Polteageist|spe|2\n|move|p2a: Polteageist|Tera Blast|p1a: Kingambit|[anim] Tera Blast Fighting\n|-supereffective|p1a: Kingambit\n|-damage|p1a: Kingambit|0 fnt\n|faint|p1a: Kingambit\n|-end|p1a: Kingambit|fallen3|[silent]\n|\n|-damage|p2a: Polteageist|3\/100 psn|[from] psn\n|upkeep\n|\n|t:|1700475082\n|switch|p1a: Iron Moth|Iron Moth, tera:Fairy|31\/100\n|turn|18\n|\n|t:|1700475092\n|move|p2a: Polteageist|Shadow Ball|p1a: Iron Moth\n|-damage|p1a: Iron Moth|0 fnt\n|faint|p1a: Iron Moth\n|-end|p1a: Iron Moth|Quark Drive|[silent]\n|\n|-damage|p2a: Polteageist|0 fnt|[from] psn\n|faint|p2a: Polteageist\n|upkeep\n|\n|t:|1700475109\n|switch|p1a: Iron Valiant|Iron Valiant|100\/100\n|switch|p2a: Cloyster|Cloyster, M|100\/100\n|-damage|p2a: Cloyster|76\/100|[from] Stealth Rock\n|-status|p2a: Cloyster|psn\n|-enditem|p1a: Iron Valiant|Booster Energy\n|-activate|p1a: Iron Valiant|ability: Quark Drive|[fromitem]\n|-start|p1a: Iron Valiant|quarkdrivespe\n|turn|19\n|\n|t:|1700475121\n|move|p1a: Iron Valiant|Hypnosis|p2a: Cloyster|[miss]\n|-miss|p1a: Iron Valiant|p2a: Cloyster\n|move|p2a: Cloyster|Shell Smash|p2a: Cloyster\n|-unboost|p2a: Cloyster|def|1\n|-unboost|p2a: Cloyster|spd|1\n|-boost|p2a: Cloyster|atk|2\n|-boost|p2a: Cloyster|spa|2\n|-boost|p2a: Cloyster|spe|2\n|-enditem|p2a: Cloyster|White Herb\n|-clearnegativeboost|p2a: Cloyster|[silent]\n|\n|-damage|p2a: Cloyster|63\/100 psn|[from] psn\n|upkeep\n|turn|20\n|\n|t:|1700475127\n|move|p1a: Iron Valiant|Psyshock|p2a: Cloyster\n|-damage|p2a: Cloyster|42\/100 psn\n|move|p2a: Cloyster|Icicle Spear|p1a: Iron Valiant\n|-damage|p1a: Iron Valiant|69\/100\n|-damage|p1a: Iron Valiant|40\/100\n|-damage|p1a: Iron Valiant|9\/100\n|-damage|p1a: Iron Valiant|0 fnt\n|faint|p1a: Iron Valiant\n|-end|p1a: Iron Valiant|Quark Drive|[silent]\n|-hitcount|p1: Iron Valiant|4\n|\n|win|ChillLanturnYT\n|raw|dawggggg's rating: 1146 &rarr; <strong>1126<\/strong><br \/>(-20 for losing)\n|raw|ChillLanturnYT's rating: 1216 &rarr; <strong>1236<\/strong><br \/>(+20 for winning)\n|l|\u2606dawggggg\n","uploadtime":1700475155,"views":11,"p1id":"dawggggg","p2id":"chilllanturnyt","formatid":"gen9ou","rating":1126,"private":0,"password":""}