{"id":"gen9ou-1993872873","p1":"curtisthecacnea","p2":"ayyk_47","format":"[Gen 9] OU","log":"|j|\u2606curtisthecacnea\n|j|\u2606ayyk_47\n|t:|1700368216\n|gametype|singles\n|player|p1|curtisthecacnea|veteran|1533\n|player|p2|ayyk_47|medium|1584\n|teamsize|p1|6\n|teamsize|p2|6\n|gen|9\n|tier|[Gen 9] OU\n|rated|\n|rule|Sleep Clause Mod: Limit one foe put to sleep\n|rule|Species Clause: Limit one of each Pok\u00e9mon\n|rule|OHKO Clause: OHKO moves are banned\n|rule|Evasion Items Clause: Evasion items are banned\n|rule|Evasion Moves Clause: Evasion moves are banned\n|rule|Endless Battle Clause: Forcing endless battles is banned\n|rule|HP Percentage Mod: HP is shown in percentages\n|clearpoke\n|poke|p1|Samurott-Hisui, F|\n|poke|p1|Glimmora, M|\n|poke|p1|Dragonite, F|\n|poke|p1|Iron Moth|\n|poke|p1|Gholdengo|\n|poke|p1|Kingambit, M|\n|poke|p2|Dondozo, F|\n|poke|p2|Clefable, F|\n|poke|p2|Dragapult, F|\n|poke|p2|Skeledirge, M|\n|poke|p2|Meowscarada, F|\n|poke|p2|Zapdos|\n|teampreview\n|inactive|Battle timer is ON: inactive players will automatically lose when time's up. (requested by ayyk_47)\n|c|\u2606ayyk_47|hf\n|\n|t:|1700368226\n|start\n|switch|p1a: Samurott|Samurott-Hisui, F|100\/100\n|switch|p2a: Dragapult|Dragapult, F|100\/100\n|turn|1\n|\n|t:|1700368232\n|move|p2a: Dragapult|U-turn|p1a: Samurott\n|-supereffective|p1a: Samurott\n|-damage|p1a: Samurott|46\/100\n|\n|t:|1700368237\n|switch|p2a: Clefable|Clefable, F|100\/100|[from] U-turn\n|move|p1a: Samurott|Ceaseless Edge|p2a: Clefable\n|-resisted|p2a: Clefable\n|-damage|p2a: Clefable|84\/100\n|-sidestart|p2: ayyk_47|Spikes\n|\n|-heal|p2a: Clefable|90\/100|[from] item: Leftovers\n|upkeep\n|turn|2\n|\n|t:|1700368245\n|switch|p1a: Glimmora|Glimmora, M|100\/100\n|move|p2a: Clefable|Stealth Rock|p1a: Glimmora\n|-sidestart|p1: curtisthecacnea|move: Stealth Rock\n|\n|-heal|p2a: Clefable|96\/100|[from] item: Leftovers\n|upkeep\n|turn|3\n|\n|t:|1700368259\n|move|p1a: Glimmora|Mortal Spin|p2a: Clefable\n|-supereffective|p2a: Clefable\n|-damage|p2a: Clefable|87\/100\n|-status|p2a: Clefable|psn\n|-sideend|p1: curtisthecacnea|Stealth Rock|[from] move: Mortal Spin|[of] p1a: Glimmora\n|move|p2a: Clefable|Knock Off|p1a: Glimmora\n|-damage|p1a: Glimmora|81\/100\n|-activate|p1a: Glimmora|ability: Toxic Debris\n|-sidestart|p2: ayyk_47|move: Toxic Spikes\n|-enditem|p1a: Glimmora|Red Card|[from] move: Knock Off|[of] p2a: Clefable\n|\n|-heal|p2a: Clefable|93\/100 psn|[from] item: Leftovers\n|upkeep\n|turn|4\n|\n|t:|1700368283\n|move|p1a: Glimmora|Stealth Rock|p2a: Clefable\n|-sidestart|p2: ayyk_47|move: Stealth Rock\n|move|p2a: Clefable|Moonblast|p1a: Glimmora\n|-resisted|p1a: Glimmora\n|-damage|p1a: Glimmora|59\/100\n|-unboost|p1a: Glimmora|spa|1\n|\n|-heal|p2a: Clefable|99\/100 psn|[from] item: Leftovers\n|upkeep\n|turn|5\n|\n|t:|1700368289\n|switch|p1a: Gholdengo|Gholdengo|100\/100\n|-item|p1a: Gholdengo|Air Balloon\n|move|p2a: Clefable|Moonblast|p1a: Gholdengo\n|-resisted|p1a: Gholdengo\n|-damage|p1a: Gholdengo|83\/100\n|-enditem|p1a: Gholdengo|Air Balloon\n|\n|-heal|p2a: Clefable|100\/100 psn|[from] item: Leftovers\n|upkeep\n|turn|6\n|\n|t:|1700368305\n|switch|p2a: Dondozo|Dondozo, F|100\/100\n|move|p1a: Gholdengo|Nasty Plot|p1a: Gholdengo\n|-boost|p1a: Gholdengo|spa|2\n|\n|upkeep\n|turn|7\n|\n|t:|1700368313\n|move|p1a: Gholdengo|Shadow Ball|p2a: Dondozo\n|-damage|p2a: Dondozo|71\/100\n|move|p2a: Dondozo|Earthquake|p1a: Gholdengo\n|-supereffective|p1a: Gholdengo\n|-damage|p1a: Gholdengo|38\/100\n|\n|upkeep\n|turn|8\n|\n|t:|1700368328\n|move|p1a: Gholdengo|Psyshock|p2a: Dondozo\n|-damage|p2a: Dondozo|53\/100\n|move|p2a: Dondozo|Earthquake|p1a: Gholdengo\n|-supereffective|p1a: Gholdengo\n|-damage|p1a: Gholdengo|0 fnt\n|faint|p1a: Gholdengo\n|\n|upkeep\n|\n|t:|1700368351\n|switch|p1a: Glimmora|Glimmora, M|59\/100\n|turn|9\n|\n|t:|1700368368\n|switch|p2a: Clefable|Clefable, F|100\/100 psn\n|move|p1a: Glimmora|Earth Power|p2a: Clefable\n|-damage|p2a: Clefable|69\/100 psn\n|\n|-heal|p2a: Clefable|75\/100 psn|[from] item: Leftovers\n|upkeep\n|turn|10\n|\n|t:|1700368377\n|switch|p1a: Kingambit|Kingambit, M|100\/100\n|-activate|p1a: Kingambit|ability: Supreme Overlord\n|-start|p1a: Kingambit|fallen1|[silent]\n|move|p2a: Clefable|Moonblast|p1a: Kingambit\n|-damage|p1a: Kingambit|64\/100\n|-unboost|p1a: Kingambit|spa|1\n|\n|-heal|p1a: Kingambit|71\/100|[from] item: Leftovers\n|-heal|p2a: Clefable|81\/100 psn|[from] item: Leftovers\n|upkeep\n|turn|11\n|\n|t:|1700368386\n|switch|p2a: Zapdos|Zapdos|100\/100\n|move|p1a: Kingambit|Swords Dance|p1a: Kingambit\n|-boost|p1a: Kingambit|atk|2\n|\n|-heal|p1a: Kingambit|77\/100|[from] item: Leftovers\n|upkeep\n|turn|12\n|\n|t:|1700368390\n|move|p1a: Kingambit|Sucker Punch||[still]\n|-fail|p1a: Kingambit\n|move|p2a: Zapdos|Thunder Wave|p1a: Kingambit\n|-status|p1a: Kingambit|par\n|\n|-heal|p1a: Kingambit|83\/100 par|[from] item: Leftovers\n|upkeep\n|turn|13\n|\n|t:|1700368397\n|move|p2a: Zapdos|Volt Switch|p1a: Kingambit\n|-damage|p1a: Kingambit|51\/100 par\n|\n|t:|1700368405\n|switch|p2a: Dondozo|Dondozo, F|53\/100|[from] Volt Switch\n|move|p1a: Kingambit|Kowtow Cleave|p2a: Dondozo\n|-damage|p2a: Dondozo|17\/100\n|\n|-heal|p1a: Kingambit|57\/100 par|[from] item: Leftovers\n|upkeep\n|turn|14\n|\n|t:|1700368410\n|move|p2a: Dondozo|Rest|p2a: Dondozo\n|-status|p2a: Dondozo|slp|[from] move: Rest\n|-heal|p2a: Dondozo|100\/100 slp|[silent]\n|move|p1a: Kingambit|Kowtow Cleave|p2a: Dondozo\n|-damage|p2a: Dondozo|70\/100 slp\n|\n|-heal|p1a: Kingambit|63\/100 par|[from] item: Leftovers\n|upkeep\n|turn|15\n|\n|t:|1700368413\n|cant|p2a: Dondozo|slp\n|cant|p1a: Kingambit|par\n|\n|-heal|p1a: Kingambit|69\/100 par|[from] item: Leftovers\n|upkeep\n|turn|16\n|\n|t:|1700368419\n|cant|p2a: Dondozo|slp\n|move|p1a: Kingambit|Kowtow Cleave|p2a: Dondozo\n|-damage|p2a: Dondozo|40\/100 slp\n|\n|-heal|p1a: Kingambit|76\/100 par|[from] item: Leftovers\n|upkeep\n|turn|17\n|\n|t:|1700368426\n|-curestatus|p2a: Dondozo|slp|[msg]\n|move|p2a: Dondozo|Earthquake|p1a: Kingambit\n|-supereffective|p1a: Kingambit\n|-damage|p1a: Kingambit|39\/100 par\n|move|p1a: Kingambit|Kowtow Cleave|p2a: Dondozo\n|-damage|p2a: Dondozo|9\/100\n|\n|-heal|p1a: Kingambit|45\/100 par|[from] item: Leftovers\n|upkeep\n|turn|18\n|\n|t:|1700368444\n|-end|p1a: Kingambit|fallen1|[silent]\n|switch|p1a: Iron Moth|Iron Moth|100\/100\n|-enditem|p1a: Iron Moth|Booster Energy\n|-activate|p1a: Iron Moth|ability: Quark Drive|[fromitem]\n|-start|p1a: Iron Moth|quarkdrivespe\n|move|p2a: Dondozo|Rest|p2a: Dondozo\n|-status|p2a: Dondozo|slp|[from] move: Rest\n|-heal|p2a: Dondozo|100\/100 slp|[silent]\n|\n|upkeep\n|turn|19\n|\n|t:|1700368450\n|switch|p2a: Skeledirge|Skeledirge, M|100\/100\n|move|p1a: Iron Moth|Substitute|p1a: Iron Moth\n|-start|p1a: Iron Moth|Substitute\n|-damage|p1a: Iron Moth|76\/100\n|\n|upkeep\n|turn|20\n|\n|t:|1700368455\n|move|p1a: Iron Moth|Psychic|p2a: Skeledirge\n|-damage|p2a: Skeledirge|78\/100\n|move|p2a: Skeledirge|Torch Song|p1a: Iron Moth\n|-resisted|p1a: Iron Moth\n|-damage|p1a: Iron Moth|59\/100\n|-boost|p2a: Skeledirge|spa|1\n|\n|upkeep\n|turn|21\n|-message|curtisthecacnea forfeited.\n|\n|win|ayyk_47\n|raw|curtisthecacnea's rating: 1533 &rarr; <strong>1516<\/strong><br \/>(-17 for losing)\n|raw|ayyk_47's rating: 1584 &rarr; <strong>1601<\/strong><br \/>(+17 for winning)\n|l|\u2606curtisthecacnea\n","uploadtime":1700368469,"views":17,"p1id":"curtisthecacnea","p2id":"ayyk47","formatid":"gen9ou","rating":1516,"private":0,"password":""}