{"id":"gen9ou-1993191123","p1":"Kuzwa","p2":"DeeGrader","format":"[Gen 9] OU","log":"|j|\u2606Kuzwa\n|j|\u2606DeeGrader\n|t:|1700275993\n|gametype|singles\n|player|p1|Kuzwa|pokemonbreeder-gen4|1086\n|player|p2|DeeGrader|266|1188\n|teamsize|p1|6\n|teamsize|p2|6\n|gen|9\n|tier|[Gen 9] OU\n|rated|\n|rule|Sleep Clause Mod: Limit one foe put to sleep\n|rule|Species Clause: Limit one of each Pok\u00e9mon\n|rule|OHKO Clause: OHKO moves are banned\n|rule|Evasion Items Clause: Evasion items are banned\n|rule|Evasion Moves Clause: Evasion moves are banned\n|rule|Endless Battle Clause: Forcing endless battles is banned\n|rule|HP Percentage Mod: HP is shown in percentages\n|clearpoke\n|poke|p1|Greninja-*, M|\n|poke|p1|Sinistcha-Masterpiece|\n|poke|p1|Gallade, M|\n|poke|p1|Weavile, F|\n|poke|p1|Hydreigon, M|\n|poke|p1|Glimmora, M|\n|poke|p2|Haxorus, F|\n|poke|p2|Hatterene, F|\n|poke|p2|Torterra, M|\n|poke|p2|Iron Moth|\n|poke|p2|Great Tusk|\n|poke|p2|Rotom-Wash|\n|teampreview\n|inactive|Battle timer is ON: inactive players will automatically lose when time's up. (requested by DeeGrader)\n|\n|t:|1700275999\n|start\n|switch|p1a: thing|Glimmora, M, shiny|100\/100\n|switch|p2a: Torterra|Torterra, M|100\/100\n|-item|p1a: thing|Air Balloon\n|turn|1\n|\n|t:|1700276006\n|move|p1a: thing|Sludge Wave|p2a: Torterra\n|-damage|p2a: Torterra|40\/100\n|move|p2a: Torterra|Shell Smash|p2a: Torterra\n|-unboost|p2a: Torterra|def|1\n|-unboost|p2a: Torterra|spd|1\n|-boost|p2a: Torterra|atk|2\n|-boost|p2a: Torterra|spa|2\n|-boost|p2a: Torterra|spe|2\n|\n|upkeep\n|turn|2\n|\n|t:|1700276017\n|move|p2a: Torterra|Bullet Seed|p1a: thing\n|-damage|p1a: thing|67\/100\n|-activate|p1a: thing|ability: Toxic Debris\n|-sidestart|p2: DeeGrader|move: Toxic Spikes\n|-enditem|p1a: thing|Air Balloon\n|-damage|p1a: thing|35\/100\n|-activate|p1a: thing|ability: Toxic Debris\n|-sidestart|p2: DeeGrader|move: Toxic Spikes\n|-damage|p1a: thing|5\/100\n|-damage|p1a: thing|0 fnt\n|faint|p1a: thing\n|-hitcount|p1: thing|4\n|\n|upkeep\n|\n|t:|1700276019\n|switch|p1a: Hidetoshi Odagiri|Greninja, M|100\/100\n|turn|3\n|\n|t:|1700276037\n|switch|p2a: Rotom|Rotom-Wash|100\/100\n|move|p1a: Hidetoshi Odagiri|Water Shuriken|p2a: Rotom\n|-resisted|p2a: Rotom\n|-damage|p2a: Rotom|97\/100\n|-resisted|p2a: Rotom\n|-damage|p2a: Rotom|94\/100\n|-hitcount|p2a: Rotom|2\n|\n|-heal|p2a: Rotom|99\/100|[from] item: Leftovers\n|upkeep\n|turn|4\n|\n|t:|1700276059\n|move|p1a: Hidetoshi Odagiri|Protect|p1a: Hidetoshi Odagiri\n|-singleturn|p1a: Hidetoshi Odagiri|Protect\n|move|p2a: Rotom|Thunder Wave|p1a: Hidetoshi Odagiri\n|-activate|p1a: Hidetoshi Odagiri|move: Protect\n|\n|-heal|p2a: Rotom|100\/100|[from] item: Leftovers\n|upkeep\n|turn|5\n|\n|t:|1700276067\n|-terastallize|p1a: Hidetoshi Odagiri|Ground\n|move|p1a: Hidetoshi Odagiri|Dark Pulse|p2a: Rotom\n|-crit|p2a: Rotom\n|-damage|p2a: Rotom|43\/100\n|move|p2a: Rotom|Thunder Wave|p1a: Hidetoshi Odagiri\n|-immune|p1a: Hidetoshi Odagiri\n|\n|-heal|p2a: Rotom|49\/100|[from] item: Leftovers\n|upkeep\n|turn|6\n|\n|t:|1700276078\n|move|p1a: Hidetoshi Odagiri|Dark Pulse|p2a: Rotom\n|-damage|p2a: Rotom|10\/100\n|move|p2a: Rotom|Will-O-Wisp|p1a: Hidetoshi Odagiri\n|-status|p1a: Hidetoshi Odagiri|brn\n|\n|-heal|p2a: Rotom|16\/100|[from] item: Leftovers\n|-damage|p1a: Hidetoshi Odagiri|95\/100 brn|[from] brn\n|upkeep\n|turn|7\n|\n|t:|1700276089\n|move|p1a: Hidetoshi Odagiri|Dark Pulse|p2a: Rotom\n|-damage|p2a: Rotom|0 fnt\n|faint|p2a: Rotom\n|-ability|p1a: Hidetoshi Odagiri|Battle Bond|boost\n|-boost|p1a: Hidetoshi Odagiri|atk|1\n|-boost|p1a: Hidetoshi Odagiri|spa|1\n|-boost|p1a: Hidetoshi Odagiri|spe|1\n|-activate|p1a: Hidetoshi Odagiri|ability: Battle Bond\n|\n|-damage|p1a: Hidetoshi Odagiri|89\/100 brn|[from] brn\n|upkeep\n|\n|t:|1700276104\n|switch|p2a: Hatterene|Hatterene, F|100\/100\n|-status|p2a: Hatterene|tox\n|turn|8\n|\n|t:|1700276112\n|move|p1a: Hidetoshi Odagiri|Water Shuriken|p2a: Hatterene\n|-damage|p2a: Hatterene|90\/100 tox\n|-crit|p2a: Hatterene\n|-damage|p2a: Hatterene|73\/100 tox\n|-damage|p2a: Hatterene|62\/100 tox\n|-damage|p2a: Hatterene|52\/100 tox\n|-hitcount|p2a: Hatterene|4\n|move|p2a: Hatterene|Draining Kiss|p1a: Hidetoshi Odagiri\n|-damage|p1a: Hidetoshi Odagiri|45\/100 brn\n|-heal|p2a: Hatterene|81\/100 tox|[from] drain|[of] p1a: Hidetoshi Odagiri\n|\n|-heal|p2a: Hatterene|87\/100 tox|[from] item: Leftovers\n|-damage|p2a: Hatterene|81\/100 tox|[from] psn\n|-damage|p1a: Hidetoshi Odagiri|39\/100 brn|[from] brn\n|upkeep\n|turn|9\n|inactive|DeeGrader has 120 seconds left.\n|\n|t:|1700276137\n|move|p1a: Hidetoshi Odagiri|Protect|p1a: Hidetoshi Odagiri\n|-singleturn|p1a: Hidetoshi Odagiri|Protect\n|move|p2a: Hatterene|Draining Kiss|p1a: Hidetoshi Odagiri\n|-activate|p1a: Hidetoshi Odagiri|move: Protect\n|\n|-heal|p2a: Hatterene|87\/100 tox|[from] item: Leftovers\n|-damage|p2a: Hatterene|75\/100 tox|[from] psn\n|-damage|p1a: Hidetoshi Odagiri|33\/100 brn|[from] brn\n|upkeep\n|turn|10\n|inactive|DeeGrader has 120 seconds left.\n|\n|t:|1700276147\n|move|p1a: Hidetoshi Odagiri|Dark Pulse|p2a: Hatterene\n|-damage|p2a: Hatterene|16\/100 tox\n|move|p2a: Hatterene|Healing Wish|p2a: Hatterene\n|faint|p2a: Hatterene\n|\n|-damage|p1a: Hidetoshi Odagiri|28\/100 brn|[from] brn\n|upkeep\n|inactive|DeeGrader has 120 seconds left.\n|\n|t:|1700276155\n|switch|p2a: Iron Moth|Iron Moth|100\/100\n|-sideend|p2: DeeGrader|move: Toxic Spikes|[of] p2a: Iron Moth\n|-enditem|p2a: Iron Moth|Booster Energy\n|-activate|p2a: Iron Moth|ability: Quark Drive|[fromitem]\n|-start|p2a: Iron Moth|quarkdrivespe\n|turn|11\n|inactive|DeeGrader has 120 seconds left.\n|\n|t:|1700276173\n|-terastallize|p2a: Iron Moth|Grass\n|move|p1a: Hidetoshi Odagiri|Water Shuriken|p2a: Iron Moth\n|-resisted|p2a: Iron Moth\n|-damage|p2a: Iron Moth|95\/100\n|-resisted|p2a: Iron Moth\n|-crit|p2a: Iron Moth\n|-damage|p2a: Iron Moth|88\/100\n|-resisted|p2a: Iron Moth\n|-damage|p2a: Iron Moth|83\/100\n|-hitcount|p2a: Iron Moth|3\n|move|p2a: Iron Moth|Fiery Dance|p1a: Hidetoshi Odagiri\n|-damage|p1a: Hidetoshi Odagiri|0 fnt\n|-boost|p2a: Iron Moth|spa|1\n|faint|p1a: Hidetoshi Odagiri\n|\n|upkeep\n|\n|t:|1700276178\n|switch|p1a: Nyx|Weavile, F|100\/100\n|turn|12\n|inactive|DeeGrader has 120 seconds left.\n|\n|t:|1700276195\n|move|p1a: Nyx|Fake Out|p2a: Iron Moth\n|-damage|p2a: Iron Moth|63\/100\n|cant|p2a: Iron Moth|flinch\n|\n|upkeep\n|turn|13\n|inactive|DeeGrader has 120 seconds left.\n|\n|t:|1700276200\n|move|p2a: Iron Moth|Fiery Dance|p1a: Nyx\n|-supereffective|p1a: Nyx\n|-enditem|p1a: Nyx|Focus Sash\n|-damage|p1a: Nyx|1\/100\n|move|p1a: Nyx|Ice Spinner|p2a: Iron Moth\n|-supereffective|p2a: Iron Moth\n|-crit|p2a: Iron Moth\n|-damage|p2a: Iron Moth|0 fnt\n|faint|p2a: Iron Moth\n|-end|p2a: Iron Moth|Quark Drive|[silent]\n|\n|upkeep\n|inactive|DeeGrader has 120 seconds left.\n|\n|t:|1700276217\n|switch|p2a: Haxorus|Haxorus, F|100\/100\n|-ability|p2a: Haxorus|Mold Breaker\n|turn|14\n|\n|t:|1700276227\n|move|p1a: Nyx|Knock Off|p2a: Haxorus\n|-damage|p2a: Haxorus|43\/100\n|-enditem|p2a: Haxorus|Loaded Dice|[from] move: Knock Off|[of] p1a: Nyx\n|move|p2a: Haxorus|Scale Shot|p1a: Nyx\n|-damage|p1a: Nyx|0 fnt\n|faint|p1a: Nyx\n|-hitcount|p1: Nyx|1\n|-unboost|p2a: Haxorus|def|1\n|-boost|p2a: Haxorus|spe|1\n|\n|upkeep\n|\n|t:|1700276238\n|switch|p1a: Ryoji Mochizuki|Gallade, M, shiny|100\/100\n|turn|15\n|\n|t:|1700276245\n|move|p1a: Ryoji Mochizuki|Shadow Sneak|p2a: Haxorus\n|-damage|p2a: Haxorus|18\/100\n|move|p2a: Haxorus|Scale Shot|p1a: Ryoji Mochizuki\n|-damage|p1a: Ryoji Mochizuki|71\/100\n|-damage|p1a: Ryoji Mochizuki|43\/100\n|-hitcount|p1a: Ryoji Mochizuki|2\n|-unboost|p2a: Haxorus|def|1\n|-boost|p2a: Haxorus|spe|1\n|\n|upkeep\n|turn|16\n|\n|t:|1700276255\n|move|p1a: Ryoji Mochizuki|Shadow Sneak|p2a: Haxorus\n|-damage|p2a: Haxorus|0 fnt\n|faint|p2a: Haxorus\n|\n|upkeep\n|\n|t:|1700276263\n|switch|p2a: Torterra|Torterra, M|40\/100\n|-heal|p2a: Torterra|100\/100|[from] move: Healing Wish\n|turn|17\n|\n|t:|1700276269\n|move|p1a: Ryoji Mochizuki|Sacred Sword|p2a: Torterra\n|-damage|p2a: Torterra|34\/100\n|move|p2a: Torterra|Shell Smash|p2a: Torterra\n|-unboost|p2a: Torterra|def|1\n|-unboost|p2a: Torterra|spd|1\n|-boost|p2a: Torterra|atk|2\n|-boost|p2a: Torterra|spa|2\n|-boost|p2a: Torterra|spe|2\n|\n|upkeep\n|turn|18\n|\n|t:|1700276279\n|move|p1a: Ryoji Mochizuki|Shadow Sneak|p2a: Torterra\n|-damage|p2a: Torterra|13\/100\n|move|p2a: Torterra|Bullet Seed|p1a: Ryoji Mochizuki\n|-damage|p1a: Ryoji Mochizuki|0 fnt\n|faint|p1a: Ryoji Mochizuki\n|-hitcount|p1: Ryoji Mochizuki|1\n|\n|upkeep\n|\n|t:|1700276283\n|switch|p1a: Ken Amada|Sinistcha-Masterpiece|100\/100\n|turn|19\n|\n|t:|1700276291\n|move|p2a: Torterra|Rock Blast|p1a: Ken Amada\n|-damage|p1a: Ken Amada|84\/100\n|-crit|p1a: Ken Amada\n|-damage|p1a: Ken Amada|59\/100\n|-crit|p1a: Ken Amada\n|-damage|p1a: Ken Amada|37\/100\n|-damage|p1a: Ken Amada|20\/100\n|-damage|p1a: Ken Amada|3\/100\n|-hitcount|p1a: Ken Amada|5\n|move|p1a: Ken Amada|Shadow Ball|p2a: Torterra\n|-damage|p2a: Torterra|0 fnt\n|faint|p2a: Torterra\n|\n|upkeep\n|\n|t:|1700276304\n|switch|p2a: Great Tusk|Great Tusk|100\/100\n|turn|20\n|\n|t:|1700276308\n|move|p2a: Great Tusk|Knock Off|p1a: Ken Amada\n|-supereffective|p1a: Ken Amada\n|-damage|p1a: Ken Amada|0 fnt\n|-enditem|p1a: Ken Amada|Heavy-Duty Boots|[from] move: Knock Off|[of] p2a: Great Tusk\n|faint|p1a: Ken Amada\n|\n|upkeep\n|\n|t:|1700276309\n|switch|p1a: Thanatos|Hydreigon, M|100\/100\n|turn|21\n|\n|t:|1700276316\n|move|p1a: Thanatos|Nasty Plot|p1a: Thanatos\n|-boost|p1a: Thanatos|spa|2\n|move|p2a: Great Tusk|Close Combat|p1a: Thanatos\n|-supereffective|p1a: Thanatos\n|-enditem|p1a: Thanatos|Focus Sash\n|-damage|p1a: Thanatos|1\/100\n|-unboost|p2a: Great Tusk|def|1\n|-unboost|p2a: Great Tusk|spd|1\n|\n|upkeep\n|turn|22\n|\n|t:|1700276331\n|move|p1a: Thanatos|Dragon Pulse|p2a: Great Tusk\n|-damage|p2a: Great Tusk|0 fnt\n|faint|p2a: Great Tusk\n|-end|p2a: Great Tusk|Protosynthesis|[silent]\n|\n|win|Kuzwa\n|raw|Kuzwa's rating: 1086 &rarr; <strong>1121<\/strong><br \/>(+35 for winning)\n|raw|DeeGrader's rating: 1188 &rarr; <strong>1156<\/strong><br \/>(-32 for losing)\n","uploadtime":1700276336,"views":12,"p1id":"kuzwa","p2id":"deegrader","formatid":"gen9ou","rating":1121,"private":0,"password":""}