{"id":"gen9ou-1991482065","p1":"SuspiciousGoober76","p2":"Armawile","format":"[Gen 9] OU","log":"|j|\u2606SuspiciousGoober76\n|j|\u2606Armawile\n|t:|1700080966\n|gametype|singles\n|player|p1|SuspiciousGoober76|pokefan|1518\n|player|p2|Armawile|102|1578\n|teamsize|p1|6\n|teamsize|p2|6\n|gen|9\n|tier|[Gen 9] OU\n|rated|\n|rule|Sleep Clause Mod: Limit one foe put to sleep\n|rule|Species Clause: Limit one of each Pok\u00e9mon\n|rule|OHKO Clause: OHKO moves are banned\n|rule|Evasion Items Clause: Evasion items are banned\n|rule|Evasion Moves Clause: Evasion moves are banned\n|rule|Endless Battle Clause: Forcing endless battles is banned\n|rule|HP Percentage Mod: HP is shown in percentages\n|clearpoke\n|poke|p1|Ribombee, F|\n|poke|p1|Iron Moth|\n|poke|p1|Kingambit, F|\n|poke|p1|Ogerpon-Wellspring, F|\n|poke|p1|Gholdengo|\n|poke|p1|Thundurus-Therian, M|\n|poke|p2|Scream Tail|\n|poke|p2|Samurott-Hisui, F|\n|poke|p2|Ceruledge, F|\n|poke|p2|Dragonite, F|\n|poke|p2|Gholdengo|\n|poke|p2|Iron Valiant|\n|teampreview\n|\n|t:|1700080973\n|start\n|switch|p1a: Ribombee|Ribombee, F|100\/100\n|switch|p2a: Iron Valiant|Iron Valiant, shiny|100\/100\n|-enditem|p2a: Iron Valiant|Booster Energy\n|-activate|p2a: Iron Valiant|ability: Quark Drive|[fromitem]\n|-start|p2a: Iron Valiant|quarkdrivespe\n|turn|1\n|\n|t:|1700080978\n|move|p2a: Iron Valiant|Taunt|p1a: Ribombee\n|-start|p1a: Ribombee|move: Taunt\n|cant|p1a: Ribombee|move: Taunt|Stun Spore\n|\n|upkeep\n|turn|2\n|\n|t:|1700080981\n|move|p2a: Iron Valiant|Destiny Bond|p2a: Iron Valiant\n|-singlemove|p2a: Iron Valiant|Destiny Bond\n|move|p1a: Ribombee|Moonblast|p2a: Iron Valiant\n|-supereffective|p2a: Iron Valiant\n|-damage|p2a: Iron Valiant|0 fnt\n|faint|p2a: Iron Valiant\n|-activate|p2a: Iron Valiant|move: Destiny Bond\n|-end|p2a: Iron Valiant|Quark Drive|[silent]\n|faint|p1a: Ribombee\n|\n|upkeep\n|\n|t:|1700080990\n|switch|p1a: Thundurus|Thundurus-Therian, M|100\/100\n|switch|p2a: Scream Tail|Scream Tail, shiny|100\/100\n|-enditem|p2a: Scream Tail|Booster Energy\n|-activate|p2a: Scream Tail|ability: Protosynthesis|[fromitem]\n|-start|p2a: Scream Tail|protosynthesisspe\n|turn|3\n|\n|t:|1700080994\n|move|p2a: Scream Tail|Stealth Rock|p1a: Thundurus\n|-sidestart|p1: SuspiciousGoober76|move: Stealth Rock\n|move|p1a: Thundurus|Nasty Plot|p1a: Thundurus\n|-boost|p1a: Thundurus|spa|2\n|\n|upkeep\n|turn|4\n|\n|t:|1700080999\n|move|p2a: Scream Tail|Encore|p1a: Thundurus\n|-start|p1a: Thundurus|Encore\n|move|p1a: Thundurus|Nasty Plot|p1a: Thundurus\n|-boost|p1a: Thundurus|spa|2\n|\n|upkeep\n|turn|5\n|\n|t:|1700081006\n|-end|p2a: Scream Tail|Protosynthesis|[silent]\n|switch|p2a: Samurott|Samurott-Hisui, F, shiny|100\/100\n|move|p1a: Thundurus|Nasty Plot|p1a: Thundurus\n|-boost|p1a: Thundurus|spa|2\n|\n|upkeep\n|turn|6\n|\n|t:|1700081009\n|move|p1a: Thundurus|Nasty Plot|p1a: Thundurus\n|-boost|p1a: Thundurus|spa|0\n|move|p2a: Samurott|Ceaseless Edge|p1a: Thundurus\n|-damage|p1a: Thundurus|34\/100\n|-sidestart|p1: SuspiciousGoober76|Spikes\n|\n|-end|p1a: Thundurus|Encore\n|upkeep\n|turn|7\n|\n|t:|1700081016\n|move|p2a: Samurott|Aqua Jet|p1a: Thundurus\n|-damage|p1a: Thundurus|8\/100\n|move|p1a: Thundurus|Thunderbolt|p2a: Samurott\n|-supereffective|p2a: Samurott\n|-damage|p2a: Samurott|0 fnt\n|faint|p2a: Samurott\n|\n|upkeep\n|\n|t:|1700081021\n|switch|p2a: Ceruledge|Ceruledge, F, shiny|100\/100\n|turn|8\n|\n|t:|1700081024\n|switch|p1a: Kingambit|Kingambit, F|100\/100\n|-damage|p1a: Kingambit|94\/100|[from] Stealth Rock\n|-damage|p1a: Kingambit|82\/100|[from] Spikes\n|-activate|p1a: Kingambit|ability: Supreme Overlord\n|-start|p1a: Kingambit|fallen1|[silent]\n|move|p2a: Ceruledge|Shadow Sneak|p1a: Kingambit\n|-resisted|p1a: Kingambit\n|-damage|p1a: Kingambit|75\/100\n|\n|upkeep\n|turn|9\n|\n|t:|1700081029\n|move|p1a: Kingambit|Sucker Punch||[still]\n|-fail|p1a: Kingambit\n|move|p2a: Ceruledge|Swords Dance|p2a: Ceruledge\n|-boost|p2a: Ceruledge|atk|2\n|\n|upkeep\n|turn|10\n|\n|t:|1700081033\n|move|p2a: Ceruledge|Shadow Sneak|p1a: Kingambit\n|-resisted|p1a: Kingambit\n|-damage|p1a: Kingambit|60\/100\n|move|p1a: Kingambit|Sucker Punch||[still]\n|-fail|p1a: Kingambit\n|\n|upkeep\n|turn|11\n|\n|t:|1700081036\n|move|p1a: Kingambit|Sucker Punch|p2a: Ceruledge\n|-supereffective|p2a: Ceruledge\n|-enditem|p2a: Ceruledge|Focus Sash\n|-damage|p2a: Ceruledge|1\/100\n|-ability|p2a: Ceruledge|Weak Armor|boost\n|-unboost|p2a: Ceruledge|def|1\n|-boost|p2a: Ceruledge|spe|2\n|move|p2a: Ceruledge|Bitter Blade|p1a: Kingambit\n|-supereffective|p1a: Kingambit\n|-damage|p1a: Kingambit|0 fnt\n|-heal|p2a: Ceruledge|42\/100|[from] drain|[of] p1a: Kingambit\n|faint|p1a: Kingambit\n|-end|p1a: Kingambit|fallen1|[silent]\n|\n|upkeep\n|\n|t:|1700081042\n|switch|p1a: Ogerpon|Ogerpon-Wellspring, F|100\/100\n|-damage|p1a: Ogerpon|88\/100|[from] Stealth Rock\n|-damage|p1a: Ogerpon|76\/100|[from] Spikes\n|turn|12\n|\n|t:|1700081045\n|-terastallize|p2a: Ceruledge|Ghost\n|move|p2a: Ceruledge|Poltergeist|p1a: Ogerpon\n|-activate|p1a: Ogerpon|move: Poltergeist|Wellspring Mask\n|-damage|p1a: Ogerpon|0 fnt\n|faint|p1a: Ogerpon\n|\n|upkeep\n|\n|t:|1700081052\n|switch|p1a: Iron Moth|Iron Moth|100\/100\n|-damage|p1a: Iron Moth|76\/100|[from] Stealth Rock\n|-damage|p1a: Iron Moth|63\/100|[from] Spikes\n|turn|13\n|\n|t:|1700081055\n|move|p2a: Ceruledge|Bitter Blade|p1a: Iron Moth\n|-resisted|p1a: Iron Moth\n|-crit|p1a: Iron Moth\n|-damage|p1a: Iron Moth|0 fnt\n|-heal|p2a: Ceruledge|75\/100|[from] drain|[of] p1a: Iron Moth\n|faint|p1a: Iron Moth\n|-end|p1a: Iron Moth|Quark Drive|[silent]\n|\n|upkeep\n|l|\u2606SuspiciousGoober76\n|player|p1|\n|inactive|Battle timer is ON: inactive players will automatically lose when time's up. (requested by Armawile)\n|inactive|SuspiciousGoober76 has 30 seconds to reconnect!\n|inactive|SuspiciousGoober76 has 20 seconds to reconnect!\n|inactive|SuspiciousGoober76 has 15 seconds to reconnect!\n|inactive|SuspiciousGoober76 has 10 seconds to reconnect!\n|inactive|SuspiciousGoober76 has 5 seconds to reconnect!\n|-message|SuspiciousGoober76 lost due to inactivity.\n|\n|win|Armawile\n|raw|SuspiciousGoober76's rating: 1518 &rarr; <strong>1501<\/strong><br \/>(-17 for losing)\n|raw|Armawile's rating: 1578 &rarr; <strong>1595<\/strong><br \/>(+17 for winning)\n","uploadtime":1700081134,"views":7,"p1id":"suspiciousgoober76","p2id":"armawile","formatid":"gen9ou","rating":1501,"private":0,"password":""}