{"id":"gen9ou-1996771495","p1":"11char","p2":"AkiDes","format":"[Gen 9] OU","log":"|j|\u260611char\n|j|\u2606AkiDes\n|t:|1700722574\n|gametype|singles\n|player|p1|11char|2|1251\n|player|p2|AkiDes|cilan|1173\n|teamsize|p1|6\n|teamsize|p2|6\n|gen|9\n|tier|[Gen 9] OU\n|rated|\n|rule|Sleep Clause Mod: Limit one foe put to sleep\n|rule|Species Clause: Limit one of each Pok\u00e9mon\n|rule|OHKO Clause: OHKO moves are banned\n|rule|Evasion Items Clause: Evasion items are banned\n|rule|Evasion Moves Clause: Evasion moves are banned\n|rule|Endless Battle Clause: Forcing endless battles is banned\n|rule|HP Percentage Mod: HP is shown in percentages\n|clearpoke\n|poke|p1|Kingambit, F|\n|poke|p1|Glimmora, M|\n|poke|p1|Zamazenta-*|\n|poke|p1|Iron Valiant|\n|poke|p1|Iron Moth|\n|poke|p1|Ogerpon-Wellspring, F|\n|poke|p2|Greninja-*, M|\n|poke|p2|Dragonite, F|\n|poke|p2|Cinderace, F|\n|poke|p2|Mandibuzz, F|\n|poke|p2|Jolteon, F|\n|poke|p2|Gengar, M|\n|teampreview\n|inactive|Battle timer is ON: inactive players will automatically lose when time's up. (requested by AkiDes)\n|\n|t:|1700722608\n|start\n|switch|p1a: Ogerpon|Ogerpon-Wellspring, F|100\/100\n|switch|p2a: Cacahuate|Dragonite, F|100\/100\n|turn|1\n|\n|t:|1700722622\n|move|p1a: Ogerpon|Knock Off|p2a: Cacahuate\n|-damage|p2a: Cacahuate|79\/100\n|-enditem|p2a: Cacahuate|Heavy-Duty Boots|[from] move: Knock Off|[of] p1a: Ogerpon\n|move|p2a: Cacahuate|Dragon Dance|p2a: Cacahuate\n|-boost|p2a: Cacahuate|atk|1\n|-boost|p2a: Cacahuate|spe|1\n|\n|upkeep\n|turn|2\n|inactive|11char has 120 seconds left.\n|\n|t:|1700722662\n|switch|p1a: Zamazenta|Zamazenta, shiny|100\/100\n|-ability|p1a: Zamazenta|Dauntless Shield|boost\n|-boost|p1a: Zamazenta|def|1\n|move|p2a: Cacahuate|Dragon Dance|p2a: Cacahuate\n|-boost|p2a: Cacahuate|atk|1\n|-boost|p2a: Cacahuate|spe|1\n|\n|upkeep\n|turn|3\n|\n|t:|1700722678\n|move|p2a: Cacahuate|Earthquake|p1a: Zamazenta\n|-damage|p1a: Zamazenta|60\/100\n|move|p1a: Zamazenta|Stone Edge|p2a: Cacahuate|[miss]\n|-miss|p1a: Zamazenta|p2a: Cacahuate\n|\n|-heal|p1a: Zamazenta|67\/100|[from] item: Leftovers\n|upkeep\n|turn|4\n|\n|t:|1700722685\n|-terastallize|p2a: Cacahuate|Normal\n|move|p2a: Cacahuate|Extreme Speed|p1a: Zamazenta\n|-damage|p1a: Zamazenta|14\/100\n|move|p1a: Zamazenta|Stone Edge|p2a: Cacahuate\n|-damage|p2a: Cacahuate|45\/100\n|\n|-heal|p1a: Zamazenta|20\/100|[from] item: Leftovers\n|upkeep\n|turn|5\n|\n|t:|1700722694\n|move|p2a: Cacahuate|Extreme Speed|p1a: Zamazenta\n|-damage|p1a: Zamazenta|0 fnt\n|faint|p1a: Zamazenta\n|\n|upkeep\n|\n|t:|1700722698\n|switch|p1a: Kingambit|Kingambit, F|100\/100\n|-activate|p1a: Kingambit|ability: Supreme Overlord\n|-start|p1a: Kingambit|fallen1|[silent]\n|turn|6\n|\n|t:|1700722712\n|move|p1a: Kingambit|Sucker Punch|p2a: Cacahuate\n|-damage|p2a: Cacahuate|0 fnt\n|faint|p2a: Cacahuate\n|\n|upkeep\n|\n|t:|1700722716\n|switch|p2a: SIUUUU|Cinderace, F|100\/100\n|turn|7\n|\n|t:|1700722721\n|-end|p1a: Kingambit|fallen1|[silent]\n|switch|p1a: Glimmora|Glimmora, M|100\/100\n|move|p2a: SIUUUU|Pyro Ball|p1a: Glimmora\n|-resisted|p1a: Glimmora\n|-damage|p1a: Glimmora|68\/100\n|-activate|p1a: Glimmora|ability: Toxic Debris\n|-sidestart|p2: AkiDes|move: Toxic Spikes\n|\n|upkeep\n|turn|8\n|\n|t:|1700722729\n|move|p2a: SIUUUU|U-turn|p1a: Glimmora\n|-start|p2a: SIUUUU|typechange|Bug|[from] ability: Libero\n|-resisted|p1a: Glimmora\n|-damage|p1a: Glimmora|45\/100\n|-activate|p1a: Glimmora|ability: Toxic Debris\n|-sidestart|p2: AkiDes|move: Toxic Spikes\n|\n|t:|1700722736\n|switch|p2a: Clefable? ._.|Gengar, M|100\/100|[from] U-turn\n|-sideend|p2: AkiDes|move: Toxic Spikes|[of] p2a: Clefable? ._.\n|move|p1a: Glimmora|Mortal Spin|p2a: Clefable? ._.\n|-resisted|p2a: Clefable? ._.\n|-damage|p2a: Clefable? ._.|97\/100\n|\n|-heal|p2a: Clefable? ._.|100\/100|[from] item: Leftovers\n|upkeep\n|turn|9\n|\n|t:|1700722753\n|switch|p1a: Iron Valiant|Iron Valiant|100\/100\n|-enditem|p1a: Iron Valiant|Booster Energy\n|-activate|p1a: Iron Valiant|ability: Quark Drive|[fromitem]\n|-start|p1a: Iron Valiant|quarkdrivespe\n|move|p2a: Clefable? ._.|Substitute|p2a: Clefable? ._.\n|-start|p2a: Clefable? ._.|Substitute\n|-damage|p2a: Clefable? ._.|76\/100\n|\n|-heal|p2a: Clefable? ._.|82\/100|[from] item: Leftovers\n|upkeep\n|turn|10\n|\n|t:|1700722762\n|move|p1a: Iron Valiant|Psyshock|p2a: Clefable? ._.\n|-supereffective|p2a: Clefable? ._.\n|-end|p2a: Clefable? ._.|Substitute\n|move|p2a: Clefable? ._.|Sludge Bomb|p1a: Iron Valiant\n|-supereffective|p1a: Iron Valiant\n|-damage|p1a: Iron Valiant|0 fnt\n|faint|p1a: Iron Valiant\n|-end|p1a: Iron Valiant|Quark Drive|[silent]\n|\n|-heal|p2a: Clefable? ._.|88\/100|[from] item: Leftovers\n|upkeep\n|\n|t:|1700722768\n|switch|p1a: Kingambit|Kingambit, F|100\/100\n|-activate|p1a: Kingambit|ability: Supreme Overlord\n|-start|p1a: Kingambit|fallen2|[silent]\n|turn|11\n|\n|t:|1700722774\n|move|p2a: Clefable? ._.|Substitute|p2a: Clefable? ._.\n|-start|p2a: Clefable? ._.|Substitute\n|-damage|p2a: Clefable? ._.|63\/100\n|move|p1a: Kingambit|Kowtow Cleave|p2a: Clefable? ._.\n|-supereffective|p2a: Clefable? ._.\n|-crit|p2a: Clefable? ._.\n|-end|p2a: Clefable? ._.|Substitute\n|\n|-heal|p2a: Clefable? ._.|69\/100|[from] item: Leftovers\n|upkeep\n|turn|12\n|\n|t:|1700722781\n|move|p1a: Kingambit|Sucker Punch||[still]\n|-fail|p1a: Kingambit\n|move|p2a: Clefable? ._.|Destiny Bond|p2a: Clefable? ._.\n|-singlemove|p2a: Clefable? ._.|Destiny Bond\n|\n|-heal|p2a: Clefable? ._.|75\/100|[from] item: Leftovers\n|upkeep\n|turn|13\n|\n|t:|1700722786\n|move|p2a: Clefable? ._.|Substitute|p2a: Clefable? ._.\n|-start|p2a: Clefable? ._.|Substitute\n|-damage|p2a: Clefable? ._.|50\/100\n|move|p1a: Kingambit|Kowtow Cleave|p2a: Clefable? ._.\n|-supereffective|p2a: Clefable? ._.\n|-end|p2a: Clefable? ._.|Substitute\n|\n|-heal|p2a: Clefable? ._.|56\/100|[from] item: Leftovers\n|upkeep\n|turn|14\n|\n|t:|1700722794\n|move|p1a: Kingambit|Sucker Punch||[still]\n|-fail|p1a: Kingambit\n|move|p2a: Clefable? ._.|Substitute|p2a: Clefable? ._.\n|-start|p2a: Clefable? ._.|Substitute\n|-damage|p2a: Clefable? ._.|32\/100\n|\n|-heal|p2a: Clefable? ._.|38\/100|[from] item: Leftovers\n|upkeep\n|turn|15\n|\n|t:|1700722798\n|move|p2a: Clefable? ._.|Destiny Bond|p2a: Clefable? ._.\n|-singlemove|p2a: Clefable? ._.|Destiny Bond\n|move|p1a: Kingambit|Kowtow Cleave|p2a: Clefable? ._.\n|-supereffective|p2a: Clefable? ._.\n|-end|p2a: Clefable? ._.|Substitute\n|\n|-heal|p2a: Clefable? ._.|44\/100|[from] item: Leftovers\n|upkeep\n|turn|16\n|\n|t:|1700722807\n|move|p2a: Clefable? ._.|Shadow Ball|p1a: Kingambit\n|-resisted|p1a: Kingambit\n|-damage|p1a: Kingambit|78\/100\n|move|p1a: Kingambit|Kowtow Cleave|p2a: Clefable? ._.\n|-supereffective|p2a: Clefable? ._.\n|-damage|p2a: Clefable? ._.|0 fnt\n|-start|p1a: Kingambit|Disable|Kowtow Cleave|[from] ability: Cursed Body|[of] p2a: Clefable? ._.\n|faint|p2a: Clefable? ._.\n|\n|upkeep\n|\n|t:|1700722815\n|switch|p2a: SIUUUU|Cinderace, F|100\/100\n|turn|17\n|\n|t:|1700722819\n|-end|p1a: Kingambit|fallen2|[silent]\n|switch|p1a: Glimmora|Glimmora, M|45\/100\n|move|p2a: SIUUUU|Pyro Ball|p1a: Glimmora\n|-resisted|p1a: Glimmora\n|-damage|p1a: Glimmora|12\/100\n|-activate|p1a: Glimmora|ability: Toxic Debris\n|-sidestart|p2: AkiDes|move: Toxic Spikes\n|\n|upkeep\n|turn|18\n|\n|t:|1700722829\n|move|p2a: SIUUUU|Pyro Ball|p1a: Glimmora|[miss]\n|-miss|p2a: SIUUUU|p1a: Glimmora\n|move|p1a: Glimmora|Mortal Spin|p2a: SIUUUU\n|-damage|p2a: SIUUUU|91\/100\n|-status|p2a: SIUUUU|psn\n|\n|-damage|p2a: SIUUUU|78\/100 psn|[from] psn\n|upkeep\n|turn|19\n|\n|t:|1700722837\n|move|p2a: SIUUUU|Pyro Ball|p1a: Glimmora\n|-resisted|p1a: Glimmora\n|-damage|p1a: Glimmora|0 fnt\n|-activate|p1a: Glimmora|ability: Toxic Debris\n|-sidestart|p2: AkiDes|move: Toxic Spikes\n|faint|p1a: Glimmora\n|\n|-damage|p2a: SIUUUU|66\/100 psn|[from] psn\n|upkeep\n|\n|t:|1700722840\n|switch|p1a: Ogerpon|Ogerpon-Wellspring, F|100\/100\n|turn|20\n|\n|t:|1700722845\n|move|p2a: SIUUUU|U-turn|p1a: Ogerpon\n|-start|p2a: SIUUUU|typechange|Bug|[from] ability: Libero\n|-supereffective|p1a: Ogerpon\n|-damage|p1a: Ogerpon|13\/100\n|\n|t:|1700722851\n|switch|p2a: Festin celestial|Mandibuzz, F|100\/100|[from] U-turn\n|move|p1a: Ogerpon|Ivy Cudgel|p2a: Festin celestial|[anim] Ivy Cudgel Water\n|-damage|p2a: Festin celestial|67\/100\n|\n|upkeep\n|turn|21\n|\n|t:|1700722858\n|move|p1a: Ogerpon|Knock Off|p2a: Festin celestial\n|-resisted|p2a: Festin celestial\n|-damage|p2a: Festin celestial|56\/100\n|-enditem|p2a: Festin celestial|Heavy-Duty Boots|[from] move: Knock Off|[of] p1a: Ogerpon\n|move|p2a: Festin celestial|Defog|p1a: Ogerpon\n|-unboost|p1a: Ogerpon|evasion|1\n|-sideend|p2: AkiDes|Toxic Spikes|[from] move: Defog|[of] p2a: Festin celestial\n|\n|upkeep\n|turn|22\n|\n|t:|1700722864\n|switch|p1a: Iron Moth|Iron Moth|100\/100\n|-enditem|p1a: Iron Moth|Booster Energy\n|-activate|p1a: Iron Moth|ability: Quark Drive|[fromitem]\n|-start|p1a: Iron Moth|quarkdrivespe\n|move|p2a: Festin celestial|Foul Play|p1a: Iron Moth\n|-damage|p1a: Iron Moth|76\/100\n|\n|upkeep\n|turn|23\n|\n|t:|1700722870\n|move|p1a: Iron Moth|Dazzling Gleam|p2a: Festin celestial\n|-supereffective|p2a: Festin celestial\n|-damage|p2a: Festin celestial|8\/100\n|move|p2a: Festin celestial|Roost|p2a: Festin celestial\n|-heal|p2a: Festin celestial|58\/100\n|-singleturn|p2a: Festin celestial|move: Roost\n|\n|upkeep\n|turn|24\n|-message|11char forfeited.\n|\n|win|AkiDes\n|raw|11char's rating: 1251 &rarr; <strong>1220<\/strong><br \/>(-31 for losing)\n|raw|AkiDes's rating: 1173 &rarr; <strong>1204<\/strong><br \/>(+31 for winning)\n|l|\u260611char\n","uploadtime":1700722877,"views":2,"p1id":"11char","p2id":"akides","formatid":"gen9ou","rating":1204,"private":0,"password":""}