{"id":"gen9ou-1991027966","p1":"UltraXelias","p2":"Oboa","format":"[Gen 9] OU","log":"|j|\u2606UltraXelias\n|j|\u2606Oboa\n|t:|1700030596\n|gametype|singles\n|player|p1|UltraXelias|drayden|1321\n|player|p2|Oboa|170|1419\n|teamsize|p1|6\n|teamsize|p2|6\n|gen|9\n|tier|[Gen 9] OU\n|rated|\n|rule|Sleep Clause Mod: Limit one foe put to sleep\n|rule|Species Clause: Limit one of each Pok\u00e9mon\n|rule|OHKO Clause: OHKO moves are banned\n|rule|Evasion Items Clause: Evasion items are banned\n|rule|Evasion Moves Clause: Evasion moves are banned\n|rule|Endless Battle Clause: Forcing endless battles is banned\n|rule|HP Percentage Mod: HP is shown in percentages\n|clearpoke\n|poke|p1|Ogerpon-Wellspring, F|\n|poke|p1|Torkoal, F|\n|poke|p1|Cinderace, F|\n|poke|p1|Cyclizar, M|\n|poke|p1|Heatran, M|\n|poke|p1|Zapdos|\n|poke|p2|Kleavor, F|\n|poke|p2|Ting-Lu|\n|poke|p2|Glimmora, M|\n|poke|p2|Samurott-Hisui, M|\n|poke|p2|Ribombee, M|\n|poke|p2|Gholdengo|\n|teampreview\n|inactive|Battle timer is ON: inactive players will automatically lose when time's up. (requested by Oboa)\n|c|\u2606UltraXelias|glhf\n|inactive|UltraXelias has 120 seconds left.\n|inactive|UltraXelias has 90 seconds left.\n|\n|t:|1700030662\n|start\n|switch|p1a: Ugh|Heatran, M|100\/100\n|switch|p2a: Kleavor|Kleavor, F|100\/100\n|turn|1\n|\n|t:|1700030679\n|move|p2a: Kleavor|Close Combat|p1a: Ugh\n|-supereffective|p1a: Ugh\n|-damage|p1a: Ugh|0 fnt\n|-unboost|p2a: Kleavor|def|1\n|-unboost|p2a: Kleavor|spd|1\n|faint|p1a: Ugh\n|\n|upkeep\n|inactive|UltraXelias has 120 seconds left.\n|\n|t:|1700030703\n|switch|p1a: Lucky|Torkoal, F|100\/100\n|-weather|SunnyDay|[from] ability: Drought|[of] p1a: Lucky\n|turn|2\n|inactive|UltraXelias has 120 seconds left.\n|\n|t:|1700030727\n|switch|p2a: Ting-Lu|Ting-Lu|100\/100\n|-ability|p2a: Ting-Lu|Vessel of Ruin\n|move|p1a: Lucky|Lava Plume|p2a: Ting-Lu\n|-damage|p2a: Ting-Lu|84\/100\n|\n|-weather|SunnyDay|[upkeep]\n|-heal|p2a: Ting-Lu|90\/100|[from] item: Leftovers\n|upkeep\n|turn|3\n|inactive|UltraXelias has 120 seconds left.\n|\n|t:|1700030737\n|switch|p1a: Kokiri|Ogerpon-Wellspring, F|100\/100\n|move|p2a: Ting-Lu|Ruination|p1a: Kokiri\n|-damage|p1a: Kokiri|51\/100\n|\n|-weather|SunnyDay|[upkeep]\n|-heal|p2a: Ting-Lu|96\/100|[from] item: Leftovers\n|upkeep\n|turn|4\n|inactive|UltraXelias has 120 seconds left.\n|\n|t:|1700030759\n|switch|p2a: Kleavor|Kleavor, F|100\/100\n|move|p1a: Kokiri|Horn Leech|p2a: Kleavor\n|-damage|p2a: Kleavor|39\/100\n|-heal|p1a: Kokiri|79\/100|[from] drain|[of] p2a: Kleavor\n|\n|-weather|SunnyDay|[upkeep]\n|upkeep\n|turn|5\n|\n|t:|1700030781\n|switch|p1a: Ziodyne|Zapdos|100\/100\n|move|p2a: Kleavor|U-turn|p1a: Ziodyne\n|-resisted|p1a: Ziodyne\n|-damage|p1a: Ziodyne|86\/100\n|\n|t:|1700030786\n|switch|p2a: Glimmora|Glimmora, M|100\/100|[from] U-turn\n|\n|-weather|SunnyDay|[upkeep]\n|upkeep\n|turn|6\n|\n|t:|1700030792\n|move|p2a: Glimmora|Power Gem|p1a: Ziodyne\n|-supereffective|p1a: Ziodyne\n|-damage|p1a: Ziodyne|5\/100\n|move|p1a: Ziodyne|Discharge|p2a: Glimmora\n|-damage|p2a: Glimmora|43\/100\n|\n|-weather|SunnyDay|[upkeep]\n|upkeep\n|turn|7\n|inactive|UltraXelias has 90 seconds left.\n|\n|t:|1700030823\n|move|p2a: Glimmora|Power Gem|p1a: Ziodyne\n|-supereffective|p1a: Ziodyne\n|-damage|p1a: Ziodyne|0 fnt\n|faint|p1a: Ziodyne\n|\n|-weather|SunnyDay|[upkeep]\n|upkeep\n|inactive|UltraXelias has 60 seconds left.\n|\n|t:|1700030857\n|switch|p1a: Kokiri|Ogerpon-Wellspring, F|79\/100\n|turn|8\n|inactive|UltraXelias has 60 seconds left.\n|inactive|Oboa has 120 seconds left.\n|\n|t:|1700030893\n|switch|p2a: Ribombee|Ribombee, M|100\/100\n|move|p1a: Kokiri|Horn Leech|p2a: Ribombee\n|-resisted|p2a: Ribombee\n|-damage|p2a: Ribombee|64\/100\n|-heal|p1a: Kokiri|99\/100|[from] drain|[of] p2a: Ribombee\n|\n|-weather|SunnyDay|[upkeep]\n|upkeep\n|turn|9\n|inactive|UltraXelias has 60 seconds left.\n|\n|t:|1700030905\n|switch|p1a: CindyAce|Cinderace, F|100\/100\n|move|p2a: Ribombee|Moonblast|p1a: CindyAce\n|-resisted|p1a: CindyAce\n|-damage|p1a: CindyAce|77\/100\n|-unboost|p1a: CindyAce|spa|1\n|\n|-weather|none\n|upkeep\n|turn|10\n|\n|t:|1700030916\n|switch|p2a: Ting-Lu|Ting-Lu|96\/100\n|-ability|p2a: Ting-Lu|Vessel of Ruin\n|move|p1a: CindyAce|Pyro Ball|p2a: Ting-Lu\n|-crit|p2a: Ting-Lu\n|-damage|p2a: Ting-Lu|52\/100\n|\n|-heal|p2a: Ting-Lu|58\/100|[from] item: Leftovers\n|upkeep\n|turn|11\n|\n|t:|1700030923\n|move|p1a: CindyAce|U-turn|p2a: Ting-Lu\n|-start|p1a: CindyAce|typechange|Bug|[from] ability: Libero\n|-supereffective|p2a: Ting-Lu\n|-damage|p2a: Ting-Lu|27\/100\n|\n|t:|1700030927\n|switch|p1a: Kokiri|Ogerpon-Wellspring, F|99\/100|[from] U-turn\n|move|p2a: Ting-Lu|Ruination|p1a: Kokiri\n|-damage|p1a: Kokiri|50\/100\n|\n|-heal|p2a: Ting-Lu|33\/100|[from] item: Leftovers\n|upkeep\n|turn|12\n|inactive|Oboa has 120 seconds left.\n|\n|t:|1700030965\n|move|p1a: Kokiri|Horn Leech|p2a: Ting-Lu\n|-supereffective|p2a: Ting-Lu\n|-damage|p2a: Ting-Lu|0 fnt\n|-heal|p1a: Kokiri|77\/100|[from] drain|[of] p2a: Ting-Lu\n|faint|p2a: Ting-Lu\n|\n|upkeep\n|\n|t:|1700030969\n|switch|p2a: Kleavor|Kleavor, F|39\/100\n|turn|13\n|\n|t:|1700030976\n|switch|p1a: AkiraDrift|Cyclizar, M|100\/100\n|move|p2a: Kleavor|U-turn|p1a: AkiraDrift\n|-damage|p1a: AkiraDrift|44\/100\n|inactive|Oboa has 120 seconds left.\n|\n|t:|1700030997\n|switch|p2a: Ribombee|Ribombee, M|64\/100|[from] U-turn\n|\n|upkeep\n|turn|14\n|inactive|UltraXelias has 90 seconds left.\n|\n|t:|1700031005\n|move|p2a: Ribombee|Moonblast|p1a: AkiraDrift\n|-supereffective|p1a: AkiraDrift\n|-damage|p1a: AkiraDrift|7\/100\n|move|p1a: AkiraDrift|Rapid Spin|p2a: Ribombee\n|-damage|p2a: Ribombee|41\/100\n|-boost|p1a: AkiraDrift|spe|1\n|\n|upkeep\n|turn|15\n|inactive|UltraXelias has 90 seconds left.\n|\n|t:|1700031037\n|move|p1a: AkiraDrift|Rapid Spin|p2a: Ribombee\n|-damage|p2a: Ribombee|17\/100\n|-boost|p1a: AkiraDrift|spe|1\n|move|p2a: Ribombee|Moonblast|p1a: AkiraDrift\n|-supereffective|p1a: AkiraDrift\n|-damage|p1a: AkiraDrift|0 fnt\n|faint|p1a: AkiraDrift\n|\n|upkeep\n|inactive|UltraXelias has 60 seconds left.\n|\n|t:|1700031062\n|switch|p1a: Lucky|Torkoal, F|100\/100\n|-weather|SunnyDay|[from] ability: Drought|[of] p1a: Lucky\n|turn|16\n|inactive|UltraXelias has 60 seconds left.\n|inactive|Oboa has 120 seconds left.\n|\n|t:|1700031100\n|switch|p2a: Samurott|Samurott-Hisui, M|100\/100\n|move|p1a: Lucky|Stealth Rock|p2a: Samurott\n|-sidestart|p2: Oboa|move: Stealth Rock\n|\n|-weather|SunnyDay|[upkeep]\n|upkeep\n|turn|17\n|\n|t:|1700031114\n|-terastallize|p1a: Lucky|Water\n|move|p2a: Samurott|Sacred Sword|p1a: Lucky\n|-damage|p1a: Lucky|75\/100\n|move|p1a: Lucky|Yawn|p2a: Samurott\n|-start|p2a: Samurott|move: Yawn|[of] p1a: Lucky\n|\n|-weather|SunnyDay|[upkeep]\n|upkeep\n|turn|18\n|inactive|Oboa has 120 seconds left.\n|\n|t:|1700031134\n|move|p2a: Samurott|Sacred Sword|p1a: Lucky\n|-damage|p1a: Lucky|50\/100\n|move|p1a: Lucky|Lava Plume|p2a: Samurott\n|-resisted|p2a: Samurott\n|-damage|p2a: Samurott|81\/100\n|-status|p2a: Samurott|brn\n|\n|-weather|SunnyDay|[upkeep]\n|-damage|p2a: Samurott|75\/100 brn|[from] brn\n|-end|p2a: Samurott|move: Yawn|[silent]\n|upkeep\n|turn|19\n|\n|t:|1700031155\n|switch|p2a: Glimmora|Glimmora, M|43\/100\n|move|p1a: Lucky|Lava Plume|p2a: Glimmora\n|-resisted|p2a: Glimmora\n|-damage|p2a: Glimmora|17\/100\n|-status|p2a: Glimmora|brn\n|\n|-weather|SunnyDay|[upkeep]\n|-damage|p2a: Glimmora|11\/100 brn|[from] brn\n|upkeep\n|turn|20\n|\n|t:|1700031168\n|move|p2a: Glimmora|Mortal Spin|p1a: Lucky\n|-damage|p1a: Lucky|49\/100\n|-status|p1a: Lucky|psn\n|-sideend|p2: Oboa|Stealth Rock|[from] move: Mortal Spin|[of] p2a: Glimmora\n|move|p1a: Lucky|Lava Plume|p2a: Glimmora\n|-resisted|p2a: Glimmora\n|-damage|p2a: Glimmora|0 fnt\n|faint|p2a: Glimmora\n|\n|-weather|SunnyDay|[upkeep]\n|-damage|p1a: Lucky|36\/100 psn|[from] psn\n|upkeep\n|inactive|Oboa has 120 seconds left.\n|\n|t:|1700031179\n|switch|p2a: Gholdengo|Gholdengo|100\/100\n|-item|p2a: Gholdengo|Air Balloon\n|turn|21\n|\n|t:|1700031198\n|move|p2a: Gholdengo|Shadow Ball|p1a: Lucky\n|-damage|p1a: Lucky|0 fnt\n|faint|p1a: Lucky\n|\n|-weather|SunnyDay|[upkeep]\n|upkeep\n|\n|t:|1700031202\n|switch|p1a: CindyAce|Cinderace, F|77\/100\n|turn|22\n|\n|t:|1700031219\n|move|p1a: CindyAce|Pyro Ball|p2a: Gholdengo|[miss]\n|-miss|p1a: CindyAce|p2a: Gholdengo\n|move|p2a: Gholdengo|Make It Rain|p1a: CindyAce\n|-resisted|p1a: CindyAce\n|-damage|p1a: CindyAce|28\/100\n|-unboost|p2a: Gholdengo|spa|1\n|\n|-weather|SunnyDay|[upkeep]\n|upkeep\n|turn|23\n|\n|t:|1700031225\n|switch|p2a: Samurott|Samurott-Hisui, M|75\/100 brn\n|move|p1a: CindyAce|Pyro Ball|p2a: Samurott\n|-resisted|p2a: Samurott\n|-damage|p2a: Samurott|16\/100 brn\n|\n|-weather|none\n|-damage|p2a: Samurott|10\/100 brn|[from] brn\n|upkeep\n|turn|24\n|inactive|UltraXelias has 60 seconds left.\n|\n|t:|1700031242\n|switch|p1a: Kokiri|Ogerpon-Wellspring, F|77\/100\n|move|p2a: Samurott|Sacred Sword|p1a: Kokiri\n|-damage|p1a: Kokiri|50\/100\n|\n|-damage|p2a: Samurott|3\/100 brn|[from] brn\n|upkeep\n|turn|25\n|\n|t:|1700031253\n|move|p1a: Kokiri|U-turn|p2a: Samurott\n|-supereffective|p2a: Samurott\n|-damage|p2a: Samurott|0 fnt\n|faint|p2a: Samurott\n|\n|t:|1700031255\n|switch|p1a: CindyAce|Cinderace, F|28\/100|[from] U-turn\n|\n|upkeep\n|\n|t:|1700031267\n|switch|p2a: Ribombee|Ribombee, M|17\/100\n|turn|26\n|\n|t:|1700031274\n|move|p2a: Ribombee|Tera Blast|p1a: CindyAce\n|-damage|p1a: CindyAce|3\/100\n|move|p1a: CindyAce|Pyro Ball|p2a: Ribombee\n|-supereffective|p2a: Ribombee\n|-damage|p2a: Ribombee|0 fnt\n|faint|p2a: Ribombee\n|\n|upkeep\n|\n|t:|1700031282\n|switch|p2a: Kleavor|Kleavor, F|39\/100\n|turn|27\n|\n|t:|1700031287\n|move|p1a: CindyAce|Sucker Punch|p2a: Kleavor\n|-start|p1a: CindyAce|typechange|Dark|[from] ability: Libero\n|-damage|p2a: Kleavor|0 fnt\n|faint|p2a: Kleavor\n|\n|upkeep\n|\n|t:|1700031289\n|switch|p2a: Gholdengo|Gholdengo|100\/100\n|-item|p2a: Gholdengo|Air Balloon\n|turn|28\n|\n|t:|1700031303\n|-terastallize|p2a: Gholdengo|Steel\n|move|p1a: CindyAce|Pyro Ball|p2a: Gholdengo\n|-supereffective|p2a: Gholdengo\n|-damage|p2a: Gholdengo|31\/100\n|-enditem|p2a: Gholdengo|Air Balloon\n|move|p2a: Gholdengo|Shadow Ball|p1a: CindyAce\n|-resisted|p1a: CindyAce\n|-damage|p1a: CindyAce|0 fnt\n|faint|p1a: CindyAce\n|\n|upkeep\n|\n|t:|1700031306\n|switch|p1a: Kokiri|Ogerpon-Wellspring, F|50\/100\n|turn|29\n|-message|Oboa forfeited.\n|\n|win|UltraXelias\n|raw|UltraXelias's rating: 1321 &rarr; <strong>1346<\/strong><br \/>(+25 for winning)\n|raw|Oboa's rating: 1419 &rarr; <strong>1394<\/strong><br \/>(-25 for losing)\n|l|\u2606Oboa\n|c|\u2606UltraXelias|gg\n","uploadtime":1700031314,"views":11,"p1id":"ultraxelias","p2id":"oboa","formatid":"gen9ou","rating":1346,"private":0,"password":""}