{"id":"gen9ou-1993372086","p1":"8iii","p2":"Weiixia","format":"[Gen 9] OU","log":"|j|\u26068iii\n|j|\u2606Weiixia\n|t:|1700307898\n|gametype|singles\n|player|p1|8iii|102|1257\n|player|p2|Weiixia|1|1271\n|teamsize|p1|6\n|teamsize|p2|6\n|gen|9\n|tier|[Gen 9] OU\n|rated|\n|rule|Sleep Clause Mod: Limit one foe put to sleep\n|rule|Species Clause: Limit one of each Pok\u00e9mon\n|rule|OHKO Clause: OHKO moves are banned\n|rule|Evasion Items Clause: Evasion items are banned\n|rule|Evasion Moves Clause: Evasion moves are banned\n|rule|Endless Battle Clause: Forcing endless battles is banned\n|rule|HP Percentage Mod: HP is shown in percentages\n|clearpoke\n|poke|p1|Garganacl, M|\n|poke|p1|Hatterene, F|\n|poke|p1|Manaphy|\n|poke|p1|Dragapult, F|\n|poke|p1|Sneasler, M|\n|poke|p1|Great Tusk|\n|poke|p2|Heatran, F|\n|poke|p2|Slowking-Galar, F|\n|poke|p2|Great Tusk|\n|poke|p2|Rillaboom, M|\n|poke|p2|Glimmora, F|\n|poke|p2|Gholdengo|\n|teampreview\n|inactive|Battle timer is ON: inactive players will automatically lose when time's up. (requested by Weiixia)\n|\n|t:|1700307915\n|start\n|switch|p1a: Toji|Dragapult, F|100\/100\n|switch|p2a: Glimmora|Glimmora, F|100\/100\n|turn|1\n|\n|t:|1700307923\n|move|p1a: Toji|Will-O-Wisp|p2a: Glimmora\n|-status|p2a: Glimmora|brn\n|move|p2a: Glimmora|Stealth Rock|p1a: Toji\n|-sidestart|p1: 8iii|move: Stealth Rock\n|\n|-damage|p2a: Glimmora|94\/100 brn|[from] brn\n|upkeep\n|turn|2\n|\n|t:|1700307930\n|move|p1a: Toji|Hex|p2a: Glimmora\n|-damage|p2a: Glimmora|35\/100 brn\n|move|p2a: Glimmora|Mortal Spin|p1a: Toji\n|-resisted|p1a: Toji\n|-damage|p1a: Toji|99\/100\n|-status|p1a: Toji|psn\n|\n|-damage|p1a: Toji|87\/100 psn|[from] psn\n|-damage|p2a: Glimmora|29\/100 brn|[from] brn\n|upkeep\n|turn|3\n|inactive|Weiixia has 120 seconds left.\n|\n|t:|1700307961\n|move|p1a: Toji|Hex|p2a: Glimmora\n|-damage|p2a: Glimmora|0 fnt\n|faint|p2a: Glimmora\n|\n|-damage|p1a: Toji|74\/100 psn|[from] psn\n|upkeep\n|inactive|Weiixia has 120 seconds left.\n|\n|t:|1700307967\n|switch|p2a: Slowking|Slowking-Galar, F|100\/100\n|turn|4\n|\n|t:|1700307972\n|move|p1a: Toji|Thunder Wave|p2a: Slowking\n|-status|p2a: Slowking|par\n|move|p2a: Slowking|Future Sight|p1a: Toji\n|-start|p2a: Slowking|move: Future Sight\n|\n|-damage|p1a: Toji|62\/100 psn|[from] psn\n|upkeep\n|turn|5\n|\n|t:|1700307979\n|move|p1a: Toji|Hex|p2a: Slowking\n|-supereffective|p2a: Slowking\n|-damage|p2a: Slowking|45\/100 par\n|move|p2a: Slowking|Chilly Reception|p2a: Slowking\n|-weather|Snow\n|\n|t:|1700307984\n|switch|p2a: Heatran|Heatran, F|100\/100|[from] Chilly Reception\n|\n|-weather|Snow|[upkeep]\n|-damage|p1a: Toji|49\/100 psn|[from] psn\n|upkeep\n|turn|6\n|\n|t:|1700307987\n|switch|p2a: Great Tusk|Great Tusk|100\/100\n|move|p1a: Toji|Thunder Wave|p2a: Great Tusk\n|-immune|p2a: Great Tusk\n|\n|-weather|Snow|[upkeep]\n|-end|p1a: Toji|move: Future Sight\n|-damage|p1a: Toji|0 fnt\n|faint|p1a: Toji\n|upkeep\n|\n|t:|1700307993\n|switch|p1a: Sukuna|Hatterene, F|100\/100\n|-damage|p1a: Sukuna|88\/100|[from] Stealth Rock\n|turn|7\n|\n|t:|1700308003\n|-end|p2a: Great Tusk|Protosynthesis|[silent]\n|switch|p2a: Heatran|Heatran, F|100\/100\n|move|p1a: Sukuna|Mystical Fire|p2a: Heatran\n|-start|p2a: Heatran|ability: Flash Fire\n|\n|-weather|Snow|[upkeep]\n|upkeep\n|turn|8\n|\n|t:|1700308010\n|switch|p1a: Max Elephant|Great Tusk|100\/100\n|-damage|p1a: Max Elephant|98\/100|[from] Stealth Rock\n|move|p2a: Heatran|Magma Storm|p1a: Max Elephant\n|-crit|p1a: Max Elephant\n|-damage|p1a: Max Elephant|0 fnt\n|faint|p1a: Max Elephant\n|-end|p1a: Max Elephant|Protosynthesis|[silent]\n|\n|-weather|Snow|[upkeep]\n|upkeep\n|\n|t:|1700308016\n|switch|p1a: Agito|Sneasler, M|100\/100\n|-damage|p1a: Agito|95\/100|[from] Stealth Rock\n|turn|9\n|\n|t:|1700308039\n|move|p1a: Agito|Dig||[still]\n|-prepare|p1a: Agito|Dig\n|-enditem|p1a: Agito|Power Herb\n|-anim|p1a: Agito|Dig|p2a: Heatran\n|-supereffective|p2a: Heatran\n|-damage|p2a: Heatran|6\/100\n|move|p2a: Heatran|Flamethrower|p1a: Agito\n|-damage|p1a: Agito|0 fnt\n|faint|p1a: Agito\n|\n|-weather|none\n|-heal|p2a: Heatran|12\/100|[from] item: Leftovers\n|upkeep\n|\n|t:|1700308046\n|switch|p1a: Yuki|Manaphy|100\/100\n|-damage|p1a: Yuki|88\/100|[from] Stealth Rock\n|turn|10\n|\n|t:|1700308049\n|move|p1a: Yuki|Take Heart|p1a: Yuki\n|-boost|p1a: Yuki|spa|1\n|-boost|p1a: Yuki|spd|1\n|move|p2a: Heatran|Earth Power|p1a: Yuki\n|-damage|p1a: Yuki|70\/100\n|\n|-heal|p1a: Yuki|76\/100|[from] item: Leftovers\n|-heal|p2a: Heatran|19\/100|[from] item: Leftovers\n|upkeep\n|turn|11\n|\n|t:|1700308055\n|move|p1a: Yuki|Acid Armor|p1a: Yuki\n|-boost|p1a: Yuki|def|2\n|move|p2a: Heatran|Earth Power|p1a: Yuki\n|-damage|p1a: Yuki|58\/100\n|\n|-heal|p1a: Yuki|64\/100|[from] item: Leftovers\n|-heal|p2a: Heatran|25\/100|[from] item: Leftovers\n|upkeep\n|turn|12\n|\n|t:|1700308057\n|move|p1a: Yuki|Take Heart|p1a: Yuki\n|-boost|p1a: Yuki|spa|1\n|-boost|p1a: Yuki|spd|1\n|move|p2a: Heatran|Earth Power|p1a: Yuki\n|-damage|p1a: Yuki|50\/100\n|\n|-heal|p1a: Yuki|56\/100|[from] item: Leftovers\n|-heal|p2a: Heatran|31\/100|[from] item: Leftovers\n|upkeep\n|turn|13\n|\n|t:|1700308060\n|move|p1a: Yuki|Scald|p2a: Heatran\n|-supereffective|p2a: Heatran\n|-damage|p2a: Heatran|0 fnt\n|faint|p2a: Heatran\n|\n|-heal|p1a: Yuki|63\/100|[from] item: Leftovers\n|upkeep\n|\n|t:|1700308063\n|switch|p2a: Rillaboom|Rillaboom, M|100\/100\n|-fieldstart|move: Grassy Terrain|[from] ability: Grassy Surge|[of] p2a: Rillaboom\n|turn|14\n|\n|t:|1700308071\n|-terastallize|p2a: Rillaboom|Grass\n|-terastallize|p1a: Yuki|Poison\n|move|p2a: Rillaboom|Grassy Glide|p1a: Yuki\n|-resisted|p1a: Yuki\n|-damage|p1a: Yuki|51\/100\n|move|p1a: Yuki|Acid Armor|p1a: Yuki\n|-boost|p1a: Yuki|def|2\n|\n|-heal|p1a: Yuki|58\/100|[from] Grassy Terrain\n|-heal|p1a: Yuki|64\/100|[from] item: Leftovers\n|upkeep\n|turn|15\n|\n|t:|1700308084\n|switch|p2a: Gholdengo|Gholdengo|100\/100\n|-item|p2a: Gholdengo|Air Balloon\n|move|p1a: Yuki|Stored Power|p2a: Gholdengo\n|-resisted|p2a: Gholdengo\n|-damage|p2a: Gholdengo|59\/100\n|-enditem|p2a: Gholdengo|Air Balloon\n|\n|-heal|p1a: Yuki|70\/100|[from] Grassy Terrain\n|-heal|p1a: Yuki|76\/100|[from] item: Leftovers\n|-heal|p2a: Gholdengo|65\/100|[from] Grassy Terrain\n|upkeep\n|turn|16\n|\n|t:|1700308087\n|move|p1a: Yuki|Scald|p2a: Gholdengo\n|-damage|p2a: Gholdengo|15\/100\n|-status|p2a: Gholdengo|brn\n|move|p2a: Gholdengo|Shadow Ball|p1a: Yuki\n|-damage|p1a: Yuki|58\/100\n|\n|-heal|p1a: Yuki|64\/100|[from] Grassy Terrain\n|-heal|p1a: Yuki|70\/100|[from] item: Leftovers\n|-heal|p2a: Gholdengo|21\/100 brn|[from] Grassy Terrain\n|-damage|p2a: Gholdengo|15\/100 brn|[from] brn\n|upkeep\n|turn|17\n|\n|t:|1700308092\n|move|p1a: Yuki|Stored Power|p2a: Gholdengo\n|-resisted|p2a: Gholdengo\n|-damage|p2a: Gholdengo|0 fnt\n|faint|p2a: Gholdengo\n|\n|-heal|p1a: Yuki|76\/100|[from] Grassy Terrain\n|-heal|p1a: Yuki|82\/100|[from] item: Leftovers\n|upkeep\n|\n|t:|1700308094\n|switch|p2a: Slowking|Slowking-Galar, F|78\/100 par\n|turn|18\n|\n|t:|1700308096\n|move|p1a: Yuki|Stored Power|p2a: Slowking\n|-damage|p2a: Slowking|32\/100 par\n|move|p2a: Slowking|Future Sight|p1a: Yuki\n|-start|p2a: Slowking|move: Future Sight\n|\n|-heal|p1a: Yuki|89\/100|[from] Grassy Terrain\n|-heal|p1a: Yuki|95\/100|[from] item: Leftovers\n|-heal|p2a: Slowking|38\/100 par|[from] Grassy Terrain\n|-fieldend|move: Grassy Terrain\n|upkeep\n|turn|19\n|\n|t:|1700308104\n|move|p1a: Yuki|Stored Power|p2a: Slowking\n|-damage|p2a: Slowking|0 fnt\n|faint|p2a: Slowking\n|\n|-heal|p1a: Yuki|100\/100|[from] item: Leftovers\n|upkeep\n|\n|t:|1700308106\n|switch|p2a: Rillaboom|Rillaboom, M, tera:Grass|100\/100\n|-fieldstart|move: Grassy Terrain|[from] ability: Grassy Surge|[of] p2a: Rillaboom\n|turn|20\n|\n|t:|1700308108\n|move|p2a: Rillaboom|Knock Off|p1a: Yuki\n|-damage|p1a: Yuki|90\/100\n|-enditem|p1a: Yuki|Leftovers|[from] move: Knock Off|[of] p2a: Rillaboom\n|move|p1a: Yuki|Stored Power|p2a: Rillaboom\n|-damage|p2a: Rillaboom|0 fnt\n|faint|p2a: Rillaboom\n|\n|-end|p1a: Yuki|move: Future Sight\n|-supereffective|p1a: Yuki\n|-damage|p1a: Yuki|54\/100\n|-heal|p1a: Yuki|60\/100|[from] Grassy Terrain\n|upkeep\n|\n|t:|1700308111\n|switch|p2a: Great Tusk|Great Tusk|100\/100\n|turn|21\n|\n|t:|1700308113\n|move|p1a: Yuki|Scald|p2a: Great Tusk\n|-supereffective|p2a: Great Tusk\n|-damage|p2a: Great Tusk|0 fnt\n|faint|p2a: Great Tusk\n|-end|p2a: Great Tusk|Protosynthesis|[silent]\n|\n|win|8iii\n|raw|8iii's rating: 1257 &rarr; <strong>1283<\/strong><br \/>(+26 for winning)\n|raw|Weiixia's rating: 1271 &rarr; <strong>1245<\/strong><br \/>(-26 for losing)\n","uploadtime":1700308117,"views":9,"p1id":"8iii","p2id":"weiixia","formatid":"gen9ou","rating":1245,"private":0,"password":""}