{"id":"gen9ou-1992787370","p1":"o monstro01","p2":"lysmile","format":"[Gen 9] OU","log":"|j|\u2606o monstro01\n|j|\u203dlysmile\n|t:|1700235423\n|gametype|singles\n|player|p1|o monstro01|clay|1518\n|player|p2|lysmile|erika|1592\n|teamsize|p1|6\n|teamsize|p2|6\n|gen|9\n|tier|[Gen 9] OU\n|rated|\n|rule|Sleep Clause Mod: Limit one foe put to sleep\n|rule|Species Clause: Limit one of each Pok\u00e9mon\n|rule|OHKO Clause: OHKO moves are banned\n|rule|Evasion Items Clause: Evasion items are banned\n|rule|Evasion Moves Clause: Evasion moves are banned\n|rule|Endless Battle Clause: Forcing endless battles is banned\n|rule|HP Percentage Mod: HP is shown in percentages\n|clearpoke\n|poke|p1|Enamorus, F|\n|poke|p1|Great Tusk|\n|poke|p1|Greninja-*, M|\n|poke|p1|Garganacl, M|\n|poke|p1|Zamazenta-*|\n|poke|p1|Corviknight, M|\n|poke|p2|Hatterene, F|\n|poke|p2|Enamorus-Therian, F|\n|poke|p2|Ursaluna, F|\n|poke|p2|Rillaboom, F|\n|poke|p2|Kingambit, F|\n|poke|p2|Cresselia, F|\n|teampreview\n|\n|t:|1700235437\n|start\n|switch|p1a: Corviknight|Corviknight, M|100\/100\n|switch|p2a: Hatterene|Hatterene, F|100\/100\n|turn|1\n|\n|t:|1700235451\n|switch|p2a: Enamorus|Enamorus-Therian, F|100\/100\n|move|p1a: Corviknight|U-turn|p2a: Enamorus\n|-resisted|p2a: Enamorus\n|-damage|p2a: Enamorus|97\/100\n|\n|t:|1700235457\n|switch|p1a: Garganacl|Garganacl, M|100\/100|[from] U-turn\n|\n|upkeep\n|turn|2\n|\n|t:|1700235462\n|move|p1a: Garganacl|Salt Cure|p2a: Enamorus\n|-supereffective|p2a: Enamorus\n|-damage|p2a: Enamorus|74\/100\n|-start|p2a: Enamorus|Salt Cure\n|move|p2a: Enamorus|Moonblast|p1a: Garganacl\n|-damage|p1a: Garganacl|46\/100\n|-unboost|p1a: Garganacl|spa|1\n|\n|-heal|p1a: Garganacl|52\/100|[from] item: Leftovers\n|-damage|p2a: Enamorus|62\/100|[from] Salt Cure\n|upkeep\n|turn|3\n|\n|t:|1700235477\n|switch|p1a: Corviknight|Corviknight, M|100\/100\n|move|p2a: Enamorus|Moonblast|p1a: Corviknight\n|-resisted|p1a: Corviknight\n|-damage|p1a: Corviknight|71\/100\n|-ability|p1a: Corviknight|Mirror Armor\n|-unboost|p2a: Enamorus|spa|1\n|\n|-damage|p2a: Enamorus|50\/100|[from] Salt Cure\n|upkeep\n|turn|4\n|\n|t:|1700235489\n|move|p1a: Corviknight|U-turn|p2a: Enamorus\n|-resisted|p2a: Enamorus\n|-damage|p2a: Enamorus|47\/100\n|\n|t:|1700235494\n|switch|p1a: Garganacl|Garganacl, M|52\/100|[from] U-turn\n|move|p2a: Enamorus|Moonblast|p1a: Garganacl\n|-damage|p1a: Garganacl|17\/100\n|\n|-heal|p1a: Garganacl|23\/100|[from] item: Leftovers\n|-damage|p2a: Enamorus|34\/100|[from] Salt Cure\n|upkeep\n|turn|5\n|\n|t:|1700235518\n|switch|p2a: Ursaluna|Ursaluna, F|100\/100\n|move|p1a: Garganacl|Recover|p1a: Garganacl\n|-heal|p1a: Garganacl|73\/100\n|\n|-heal|p1a: Garganacl|79\/100|[from] item: Leftovers\n|-status|p2a: Ursaluna|brn|[from] item: Flame Orb\n|upkeep\n|turn|6\n|\n|t:|1700235544\n|switch|p1a: Corviknight|Corviknight, M|71\/100\n|move|p2a: Ursaluna|Swords Dance|p2a: Ursaluna\n|-boost|p2a: Ursaluna|atk|2\n|\n|-damage|p2a: Ursaluna|94\/100 brn|[from] brn\n|upkeep\n|turn|7\n|\n|t:|1700235553\n|move|p1a: Corviknight|Brave Bird|p2a: Ursaluna\n|-damage|p2a: Ursaluna|67\/100 brn\n|-damage|p1a: Corviknight|61\/100|[from] Recoil\n|move|p2a: Ursaluna|Fire Punch|p1a: Corviknight\n|-supereffective|p1a: Corviknight\n|-damage|p1a: Corviknight|0 fnt\n|-damage|p2a: Ursaluna|51\/100 brn|[from] item: Rocky Helmet|[of] p1a: Corviknight\n|faint|p1a: Corviknight\n|\n|-damage|p2a: Ursaluna|45\/100 brn|[from] brn\n|upkeep\n|\n|t:|1700235567\n|switch|p1a: Greninja|Greninja, M|100\/100\n|turn|8\n|\n|t:|1700235571\n|switch|p2a: Cresselia|Cresselia, F|100\/100\n|move|p1a: Greninja|Surf|p2a: Cresselia\n|-damage|p2a: Cresselia|81\/100\n|\n|upkeep\n|turn|9\n|\n|t:|1700235579\n|move|p1a: Greninja|Dark Pulse|p2a: Cresselia\n|-supereffective|p2a: Cresselia\n|-damage|p2a: Cresselia|39\/100\n|move|p2a: Cresselia|Trick Room|p2a: Cresselia\n|-fieldstart|move: Trick Room|[of] p2a: Cresselia\n|\n|upkeep\n|turn|10\n|\n|t:|1700235588\n|switch|p1a: Garganacl|Garganacl, M|79\/100\n|move|p2a: Cresselia|Lunar Dance|p2a: Cresselia\n|faint|p2a: Cresselia\n|\n|-heal|p1a: Garganacl|86\/100|[from] item: Leftovers\n|upkeep\n|\n|t:|1700235639\n|switch|p2a: Enamorus|Enamorus-Therian, F|34\/100\n|-heal|p2a: Enamorus|100\/100|[from] move: Lunar Dance\n|turn|11\n|\n|t:|1700235667\n|-terastallize|p2a: Enamorus|Fairy\n|move|p2a: Enamorus|Moonblast|p1a: Garganacl\n|-damage|p1a: Garganacl|10\/100\n|-unboost|p1a: Garganacl|spa|1\n|move|p1a: Garganacl|Salt Cure|p2a: Enamorus\n|-damage|p2a: Enamorus|89\/100\n|-start|p2a: Enamorus|Salt Cure\n|\n|-heal|p1a: Garganacl|16\/100|[from] item: Leftovers\n|-damage|p2a: Enamorus|76\/100|[from] Salt Cure\n|upkeep\n|turn|12\n|\n|t:|1700235681\n|move|p2a: Enamorus|Moonblast|p1a: Garganacl\n|-damage|p1a: Garganacl|0 fnt\n|faint|p1a: Garganacl\n|\n|-damage|p2a: Enamorus|64\/100|[from] Salt Cure\n|upkeep\n|\n|t:|1700235699\n|switch|p1a: Great Tusk|Great Tusk|100\/100\n|turn|13\n|\n|t:|1700235710\n|move|p2a: Enamorus|Moonblast|p1a: Great Tusk\n|-supereffective|p1a: Great Tusk\n|-damage|p1a: Great Tusk|0 fnt\n|faint|p1a: Great Tusk\n|-end|p1a: Great Tusk|Protosynthesis|[silent]\n|\n|-damage|p2a: Enamorus|52\/100|[from] Salt Cure\n|-fieldend|move: Trick Room\n|upkeep\n|\n|t:|1700235719\n|switch|p1a: Enamorus|Enamorus, F|100\/100\n|turn|14\n|\n|t:|1700235733\n|move|p1a: Enamorus|Substitute|p1a: Enamorus\n|-start|p1a: Enamorus|Substitute\n|-damage|p1a: Enamorus|76\/100\n|move|p2a: Enamorus|Moonblast|p1a: Enamorus\n|-end|p1a: Enamorus|Substitute\n|\n|-heal|p1a: Enamorus|82\/100|[from] item: Leftovers\n|-damage|p2a: Enamorus|40\/100|[from] Salt Cure\n|upkeep\n|turn|15\n|\n|t:|1700235744\n|-terastallize|p1a: Enamorus|Steel\n|move|p1a: Enamorus|Calm Mind|p1a: Enamorus\n|-boost|p1a: Enamorus|spa|1\n|-boost|p1a: Enamorus|spd|1\n|move|p2a: Enamorus|Moonblast|p1a: Enamorus\n|-resisted|p1a: Enamorus\n|-damage|p1a: Enamorus|31\/100\n|\n|-heal|p1a: Enamorus|38\/100|[from] item: Leftovers\n|-damage|p2a: Enamorus|27\/100|[from] Salt Cure\n|upkeep\n|turn|16\n|\n|t:|1700235761\n|move|p1a: Enamorus|Moonblast|p2a: Enamorus\n|-damage|p2a: Enamorus|0 fnt\n|faint|p2a: Enamorus\n|\n|-heal|p1a: Enamorus|44\/100|[from] item: Leftovers\n|upkeep\n|\n|t:|1700235775\n|switch|p2a: Hatterene|Hatterene, F|100\/100\n|turn|17\n|\n|t:|1700235780\n|move|p1a: Enamorus|Moonblast|p2a: Hatterene\n|-damage|p2a: Hatterene|26\/100\n|move|p2a: Hatterene|Psyshock|p1a: Enamorus\n|-resisted|p1a: Enamorus\n|-damage|p1a: Enamorus|4\/100\n|\n|-heal|p1a: Enamorus|10\/100|[from] item: Leftovers\n|upkeep\n|turn|18\n|\n|t:|1700235795\n|switch|p2a: Ursaluna|Ursaluna, F|45\/100 brn\n|move|p1a: Enamorus|Moonblast|p2a: Ursaluna\n|-damage|p2a: Ursaluna|0 fnt\n|faint|p2a: Ursaluna\n|\n|-heal|p1a: Enamorus|16\/100|[from] item: Leftovers\n|upkeep\n|\n|t:|1700235796\n|switch|p2a: Rillaboom|Rillaboom, F|100\/100\n|-fieldstart|move: Grassy Terrain|[from] ability: Grassy Surge|[of] p2a: Rillaboom\n|turn|19\n|\n|t:|1700235809\n|switch|p1a: Zamazenta|Zamazenta|100\/100\n|-ability|p1a: Zamazenta|Dauntless Shield|boost\n|-boost|p1a: Zamazenta|def|1\n|move|p2a: Rillaboom|Grassy Glide|p1a: Zamazenta\n|-damage|p1a: Zamazenta|66\/100\n|-damage|p2a: Rillaboom|90\/100|[from] item: Life Orb\n|\n|-heal|p1a: Zamazenta|72\/100|[from] Grassy Terrain\n|-heal|p1a: Zamazenta|78\/100|[from] item: Leftovers\n|-heal|p2a: Rillaboom|97\/100|[from] Grassy Terrain\n|upkeep\n|turn|20\n|\n|t:|1700235829\n|move|p1a: Zamazenta|Iron Defense|p1a: Zamazenta\n|-boost|p1a: Zamazenta|def|2\n|move|p2a: Rillaboom|U-turn|p1a: Zamazenta\n|-resisted|p1a: Zamazenta\n|-damage|p1a: Zamazenta|72\/100\n|-damage|p2a: Rillaboom|87\/100|[from] item: Life Orb\n|\n|t:|1700235831\n|switch|p2a: Hatterene|Hatterene, F|26\/100|[from] U-turn\n|\n|-heal|p1a: Zamazenta|78\/100|[from] Grassy Terrain\n|-heal|p1a: Zamazenta|84\/100|[from] item: Leftovers\n|-heal|p2a: Hatterene|32\/100|[from] Grassy Terrain\n|upkeep\n|turn|21\n|\n|t:|1700235845\n|move|p1a: Zamazenta|Body Press|p2a: Hatterene\n|-resisted|p2a: Hatterene\n|-damage|p2a: Hatterene|11\/100\n|move|p2a: Hatterene|Trick Room|p2a: Hatterene\n|-fieldstart|move: Trick Room|[of] p2a: Hatterene\n|\n|-heal|p2a: Hatterene|17\/100|[from] Grassy Terrain\n|-heal|p1a: Zamazenta|90\/100|[from] Grassy Terrain\n|-heal|p1a: Zamazenta|96\/100|[from] item: Leftovers\n|upkeep\n|turn|22\n|\n|t:|1700235863\n|switch|p1a: Enamorus|Enamorus, F, tera:Steel|16\/100\n|move|p2a: Hatterene|Psychic|p1a: Enamorus\n|-resisted|p1a: Enamorus\n|-damage|p1a: Enamorus|0 fnt\n|faint|p1a: Enamorus\n|\n|-heal|p2a: Hatterene|23\/100|[from] Grassy Terrain\n|upkeep\n|\n|t:|1700235874\n|switch|p1a: Greninja|Greninja, M|100\/100\n|turn|23\n|\n|t:|1700235880\n|switch|p2a: Rillaboom|Rillaboom, F|87\/100\n|move|p1a: Greninja|Water Shuriken|p2a: Rillaboom\n|-resisted|p2a: Rillaboom\n|-damage|p2a: Rillaboom|83\/100\n|-resisted|p2a: Rillaboom\n|-damage|p2a: Rillaboom|79\/100\n|-hitcount|p2a: Rillaboom|2\n|\n|-heal|p2a: Rillaboom|85\/100|[from] Grassy Terrain\n|-fieldend|move: Grassy Terrain\n|upkeep\n|turn|24\n|\n|t:|1700235898\n|switch|p1a: Zamazenta|Zamazenta|96\/100\n|move|p2a: Rillaboom|Wood Hammer|p1a: Zamazenta\n|-damage|p1a: Zamazenta|17\/100\n|-damage|p2a: Rillaboom|64\/100|[from] Recoil\n|-damage|p2a: Rillaboom|54\/100|[from] item: Life Orb\n|\n|-heal|p1a: Zamazenta|23\/100|[from] item: Leftovers\n|upkeep\n|turn|25\n|\n|t:|1700235911\n|move|p2a: Rillaboom|Wood Hammer|p1a: Zamazenta\n|-damage|p1a: Zamazenta|0 fnt\n|faint|p1a: Zamazenta\n|-damage|p2a: Rillaboom|48\/100|[from] Recoil\n|-damage|p2a: Rillaboom|38\/100|[from] item: Life Orb\n|\n|-fieldend|move: Trick Room\n|upkeep\n|\n|t:|1700235920\n|switch|p1a: Greninja|Greninja, M|100\/100\n|turn|26\n|\n|t:|1700235924\n|switch|p2a: Hatterene|Hatterene, F|23\/100\n|move|p1a: Greninja|Ice Beam|p2a: Hatterene\n|-damage|p2a: Hatterene|0 fnt\n|faint|p2a: Hatterene\n|-ability|p1a: Greninja|Battle Bond|boost\n|-boost|p1a: Greninja|atk|1\n|-boost|p1a: Greninja|spa|1\n|-boost|p1a: Greninja|spe|1\n|-activate|p1a: Greninja|ability: Battle Bond\n|\n|upkeep\n|\n|t:|1700235927\n|switch|p2a: Rillaboom|Rillaboom, F|38\/100\n|-fieldstart|move: Grassy Terrain|[from] ability: Grassy Surge|[of] p2a: Rillaboom\n|turn|27\n|\n|t:|1700235942\n|move|p1a: Greninja|Water Shuriken|p2a: Rillaboom\n|-resisted|p2a: Rillaboom\n|-damage|p2a: Rillaboom|32\/100\n|-resisted|p2a: Rillaboom\n|-damage|p2a: Rillaboom|26\/100\n|-resisted|p2a: Rillaboom\n|-damage|p2a: Rillaboom|20\/100\n|-resisted|p2a: Rillaboom\n|-damage|p2a: Rillaboom|15\/100\n|-resisted|p2a: Rillaboom\n|-damage|p2a: Rillaboom|9\/100\n|-hitcount|p2a: Rillaboom|5\n|move|p2a: Rillaboom|Grassy Glide|p1a: Greninja\n|-supereffective|p1a: Greninja\n|-damage|p1a: Greninja|0 fnt\n|faint|p1a: Greninja\n|-damage|p2a: Rillaboom|0 fnt|[from] item: Life Orb\n|faint|p2a: Rillaboom\n|\n|win|lysmile\n|raw|o monstro01's rating: 1518 &rarr; <strong>1502<\/strong><br \/>(-16 for losing)\n|raw|lysmile's rating: 1592 &rarr; <strong>1608<\/strong><br \/>(+16 for winning)\n|l|\u2606o monstro01\n","uploadtime":1700235963,"views":27,"p1id":"omonstro01","p2id":"lysmile","formatid":"gen9ou","rating":1502,"private":0,"password":""}