{"id":"gen9ou-1995827811","p1":"SDK04","p2":"Docter_Peng99","format":"[Gen 9] OU","log":"|j|\u2606SDK04\n|j|\u2606Docter_Peng99\n|inactive|Battle timer is ON: inactive players will automatically lose when time's up.\n|t:|1700607123\n|gametype|singles\n|player|p1|SDK04|unknown|\n|player|p2|Docter_Peng99|larry|\n|teamsize|p1|6\n|teamsize|p2|6\n|gen|9\n|tier|[Gen 9] OU\n|rated|Tournament battle\n|rule|Sleep Clause Mod: Limit one foe put to sleep\n|rule|Species Clause: Limit one of each Pok\u00e9mon\n|rule|OHKO Clause: OHKO moves are banned\n|rule|Evasion Items Clause: Evasion items are banned\n|rule|Evasion Moves Clause: Evasion moves are banned\n|rule|Endless Battle Clause: Forcing endless battles is banned\n|rule|HP Percentage Mod: HP is shown in percentages\n|clearpoke\n|poke|p1|Ribombee, F|\n|poke|p1|Torterra, M|\n|poke|p1|Rillaboom, M|\n|poke|p1|Iron Moth|\n|poke|p1|Manaphy|\n|poke|p1|Gholdengo|\n|poke|p2|Glimmora, F|\n|poke|p2|Great Tusk|\n|poke|p2|Iron Moth|\n|poke|p2|Iron Valiant|\n|poke|p2|Dragapult, M|\n|poke|p2|Kingambit, M|\n|teampreview\n|c|\u2606Docter_Peng99|Glhf\n|j| Weather_Agent67\n|\n|t:|1700607130\n|start\n|switch|p1a: Dyson|Iron Moth|100\/100\n|switch|p2a: Stealth|Glimmora, F|100\/100\n|-enditem|p1a: Dyson|Booster Energy\n|-activate|p1a: Dyson|ability: Quark Drive|[fromitem]\n|-start|p1a: Dyson|quarkdrivespa\n|turn|1\n|\n|t:|1700607133\n|move|p1a: Dyson|Psychic|p2a: Stealth\n|-supereffective|p2a: Stealth\n|-enditem|p2a: Stealth|Focus Sash\n|-damage|p2a: Stealth|1\/100\n|move|p2a: Stealth|Stealth Rock|p1a: Dyson\n|-sidestart|p1: SDK04|move: Stealth Rock\n|\n|upkeep\n|turn|2\n|\n|t:|1700607136\n|move|p1a: Dyson|Fiery Dance|p2a: Stealth\n|-resisted|p2a: Stealth\n|-damage|p2a: Stealth|0 fnt\n|faint|p2a: Stealth\n|\n|upkeep\n|\n|t:|1700607141\n|switch|p2a: Gotta Sweep|Dragapult, M, shiny|100\/100\n|turn|3\n|c|\u2606SDK04|u2\n|\n|t:|1700607145\n|move|p2a: Gotta Sweep|Dragon Darts|p1a: Dyson\n|-damage|p1a: Dyson|43\/100\n|-anim|p2a: Gotta Sweep|Dragon Darts|p1a: Dyson\n|-damage|p1a: Dyson|0 fnt\n|faint|p1a: Dyson\n|-end|p1a: Dyson|Quark Drive|[silent]\n|\n|upkeep\n|\n|t:|1700607148\n|switch|p1a: I set Sticky Web|Ribombee, F, shiny|100\/100\n|-damage|p1a: I set Sticky Web|76\/100|[from] Stealth Rock\n|turn|4\n|\n|t:|1700607157\n|switch|p2a: Ancient Elephant|Great Tusk|100\/100\n|move|p1a: I set Sticky Web|Stun Spore|p2a: Ancient Elephant\n|-status|p2a: Ancient Elephant|par\n|\n|upkeep\n|turn|5\n|\n|t:|1700607160\n|move|p1a: I set Sticky Web|Moonblast|p2a: Ancient Elephant\n|-supereffective|p2a: Ancient Elephant\n|-damage|p2a: Ancient Elephant|27\/100 par\n|cant|p2a: Ancient Elephant|par\n|\n|upkeep\n|turn|6\n|\n|t:|1700607164\n|-end|p2a: Ancient Elephant|Protosynthesis|[silent]\n|switch|p2a: Solarflare|Iron Moth|100\/100\n|-enditem|p2a: Solarflare|Booster Energy\n|-activate|p2a: Solarflare|ability: Quark Drive|[fromitem]\n|-start|p2a: Solarflare|quarkdrivespe\n|move|p1a: I set Sticky Web|Sticky Web|p2a: Solarflare\n|-sidestart|p2: Docter_Peng99|move: Sticky Web\n|\n|upkeep\n|turn|7\n|\n|t:|1700607166\n|move|p2a: Solarflare|Fiery Dance|p1a: I set Sticky Web\n|-supereffective|p1a: I set Sticky Web\n|-damage|p1a: I set Sticky Web|0 fnt\n|faint|p1a: I set Sticky Web\n|\n|upkeep\n|\n|t:|1700607169\n|switch|p1a: click button \u2192 win|Manaphy, shiny|100\/100\n|-damage|p1a: click button \u2192 win|88\/100|[from] Stealth Rock\n|turn|8\n|\n|t:|1700607176\n|move|p2a: Solarflare|Energy Ball|p1a: click button \u2192 win\n|-supereffective|p1a: click button \u2192 win\n|-damage|p1a: click button \u2192 win|37\/100\n|move|p1a: click button \u2192 win|Surf|p2a: Solarflare\n|-supereffective|p2a: Solarflare\n|-damage|p2a: Solarflare|16\/100\n|\n|-heal|p1a: click button \u2192 win|44\/100|[from] item: Leftovers\n|upkeep\n|turn|9\n|\n|t:|1700607186\n|-terastallize|p1a: click button \u2192 win|Fairy\n|move|p2a: Solarflare|Sludge Wave|p1a: click button \u2192 win\n|-supereffective|p1a: click button \u2192 win\n|-damage|p1a: click button \u2192 win|0 fnt\n|faint|p1a: click button \u2192 win\n|\n|upkeep\n|\n|t:|1700607190\n|switch|p1a: Nature\u2019s Nuke|Rillaboom, M|100\/100\n|-damage|p1a: Nature\u2019s Nuke|88\/100|[from] Stealth Rock\n|-fieldstart|move: Grassy Terrain|[from] ability: Grassy Surge|[of] p1a: Nature\u2019s Nuke\n|turn|10\n|c|\u2606Docter_Peng99|You should not have terad there\n|\n|t:|1700607197\n|move|p1a: Nature\u2019s Nuke|Grassy Glide|p2a: Solarflare\n|-resisted|p2a: Solarflare\n|-damage|p2a: Solarflare|0 fnt\n|faint|p2a: Solarflare\n|-end|p2a: Solarflare|Quark Drive|[silent]\n|\n|-heal|p1a: Nature\u2019s Nuke|94\/100|[from] Grassy Terrain\n|upkeep\n|\n|t:|1700607199\n|switch|p2a: Ancient Elephant|Great Tusk|27\/100 par\n|-activate|p2a: Ancient Elephant|move: Sticky Web\n|-unboost|p2a: Ancient Elephant|spe|1\n|turn|11\n|\n|t:|1700607201\n|move|p1a: Nature\u2019s Nuke|Grassy Glide|p2a: Ancient Elephant\n|-supereffective|p2a: Ancient Elephant\n|-damage|p2a: Ancient Elephant|0 fnt\n|faint|p2a: Ancient Elephant\n|-end|p2a: Ancient Elephant|Protosynthesis|[silent]\n|\n|-heal|p1a: Nature\u2019s Nuke|100\/100|[from] Grassy Terrain\n|upkeep\n|\n|t:|1700607205\n|switch|p2a: Metaslayer|Iron Valiant|100\/100\n|-activate|p2a: Metaslayer|move: Sticky Web\n|-unboost|p2a: Metaslayer|spe|1\n|-enditem|p2a: Metaslayer|Booster Energy\n|-activate|p2a: Metaslayer|ability: Quark Drive|[fromitem]\n|-start|p2a: Metaslayer|quarkdrivespa\n|turn|12\n|\n|t:|1700607209\n|move|p1a: Nature\u2019s Nuke|Grassy Glide|p2a: Metaslayer\n|-damage|p2a: Metaslayer|41\/100\n|move|p2a: Metaslayer|Destiny Bond|p2a: Metaslayer\n|-singlemove|p2a: Metaslayer|Destiny Bond\n|\n|-heal|p2a: Metaslayer|48\/100|[from] Grassy Terrain\n|upkeep\n|turn|13\n|\n|t:|1700607213\n|move|p1a: Nature\u2019s Nuke|Swords Dance|p1a: Nature\u2019s Nuke\n|-boost|p1a: Nature\u2019s Nuke|atk|2\n|move|p2a: Metaslayer|Moonblast|p1a: Nature\u2019s Nuke\n|-damage|p1a: Nature\u2019s Nuke|22\/100\n|\n|-heal|p1a: Nature\u2019s Nuke|28\/100|[from] Grassy Terrain\n|-heal|p2a: Metaslayer|54\/100|[from] Grassy Terrain\n|upkeep\n|turn|14\n|\n|t:|1700607216\n|move|p1a: Nature\u2019s Nuke|Grassy Glide|p2a: Metaslayer\n|-damage|p2a: Metaslayer|0 fnt\n|faint|p2a: Metaslayer\n|-end|p2a: Metaslayer|Quark Drive|[silent]\n|\n|-heal|p1a: Nature\u2019s Nuke|35\/100|[from] Grassy Terrain\n|-fieldend|move: Grassy Terrain\n|upkeep\n|\n|t:|1700607218\n|switch|p2a: Gotta Sweep|Dragapult, M, shiny|100\/100\n|-activate|p2a: Gotta Sweep|move: Sticky Web\n|-unboost|p2a: Gotta Sweep|spe|1\n|turn|15\n|\n|t:|1700607221\n|move|p1a: Nature\u2019s Nuke|Knock Off|p2a: Gotta Sweep\n|-supereffective|p2a: Gotta Sweep\n|-crit|p2a: Gotta Sweep\n|-damage|p2a: Gotta Sweep|0 fnt\n|-enditem|p2a: Gotta Sweep|Choice Band|[from] move: Knock Off|[of] p1a: Nature\u2019s Nuke\n|faint|p2a: Gotta Sweep\n|\n|upkeep\n|\n|t:|1700607222\n|switch|p2a: Checkmate|Kingambit, M, shiny|100\/100\n|-activate|p2a: Checkmate|move: Sticky Web\n|-unboost|p2a: Checkmate|spe|1\n|-activate|p2a: Checkmate|ability: Supreme Overlord\n|-start|p2a: Checkmate|fallen5|[silent]\n|turn|16\n|c|\u2606SDK04|Ok then\n|c|\u2606SDK04|gg\n|c|\u2606SDK04|wp\n|\n|t:|1700607231\n|move|p2a: Checkmate|Sucker Punch|p1a: Nature\u2019s Nuke\n|-damage|p1a: Nature\u2019s Nuke|0 fnt\n|faint|p1a: Nature\u2019s Nuke\n|\n|upkeep\n|\n|t:|1700607233\n|switch|p1a: Deku|Torterra, M|100\/100\n|-damage|p1a: Deku|94\/100|[from] Stealth Rock\n|turn|17\n|\n|t:|1700607236\n|-terastallize|p2a: Checkmate|Flying\n|move|p1a: Deku|Headlong Rush|p2a: Checkmate\n|-immune|p2a: Checkmate\n|move|p2a: Checkmate|Swords Dance|p2a: Checkmate\n|-boost|p2a: Checkmate|atk|2\n|\n|upkeep\n|turn|18\n|\n|t:|1700607239\n|move|p2a: Checkmate|Sucker Punch||[still]\n|-fail|p2a: Checkmate\n|move|p1a: Deku|Shell Smash|p1a: Deku\n|-unboost|p1a: Deku|def|1\n|-unboost|p1a: Deku|spd|1\n|-boost|p1a: Deku|atk|2\n|-boost|p1a: Deku|spa|2\n|-boost|p1a: Deku|spe|2\n|-enditem|p1a: Deku|White Herb\n|-clearnegativeboost|p1a: Deku|[silent]\n|\n|upkeep\n|turn|19\n|\n|t:|1700607243\n|move|p1a: Deku|Wood Hammer|p2a: Checkmate\n|-resisted|p2a: Checkmate\n|-damage|p2a: Checkmate|50\/100\n|-damage|p1a: Deku|76\/100|[from] Recoil\n|move|p2a: Checkmate|Kowtow Cleave|p1a: Deku\n|-damage|p1a: Deku|0 fnt\n|faint|p1a: Deku\n|\n|-heal|p2a: Checkmate|56\/100|[from] item: Leftovers\n|upkeep\n|\n|t:|1700607245\n|switch|p1a: Macaroni Man|Gholdengo|100\/100\n|-damage|p1a: Macaroni Man|94\/100|[from] Stealth Rock\n|-item|p1a: Macaroni Man|Air Balloon\n|turn|20\n|\n|t:|1700607247\n|move|p2a: Checkmate|Sucker Punch|p1a: Macaroni Man\n|-supereffective|p1a: Macaroni Man\n|-damage|p1a: Macaroni Man|0 fnt\n|-enditem|p1a: Macaroni Man|Air Balloon\n|faint|p1a: Macaroni Man\n|\n|win|Docter_Peng99\n|n|\u2606SDK04|sdk04\n|n|\u2606Docter_Peng99|docterpeng99\n|n| Weather_Agent67|weatheragent67\n|c|\u2606Docter_Peng99|gg\n","uploadtime":1700607259,"views":9,"p1id":"sdk04","p2id":"docterpeng99","formatid":"gen9ou","rating":0,"private":0,"password":""}