{"id":"gen9ou-1991586429","p1":"moope","p2":"illneverchooseyou","format":"[Gen 9] OU","log":"|j|\u2606moope\n|j|\u2606illneverchooseyou\n|t:|1700091246\n|gametype|singles\n|player|p1|moope|iono|1454\n|player|p2|illneverchooseyou|psychic-gen4|1549\n|teamsize|p1|6\n|teamsize|p2|6\n|gen|9\n|tier|[Gen 9] OU\n|rated|\n|rule|Sleep Clause Mod: Limit one foe put to sleep\n|rule|Species Clause: Limit one of each Pok\u00e9mon\n|rule|OHKO Clause: OHKO moves are banned\n|rule|Evasion Items Clause: Evasion items are banned\n|rule|Evasion Moves Clause: Evasion moves are banned\n|rule|Endless Battle Clause: Forcing endless battles is banned\n|rule|HP Percentage Mod: HP is shown in percentages\n|clearpoke\n|poke|p1|Polteageist|\n|poke|p1|Sneasler, F|\n|poke|p1|Maushold|\n|poke|p1|Indeedee-F, F|\n|poke|p1|Moltres-Galar|\n|poke|p1|Hatterene, F|\n|poke|p2|Dragapult, F|\n|poke|p2|Great Tusk|\n|poke|p2|Skeledirge, F|\n|poke|p2|Ursaluna, F|\n|poke|p2|Slowking-Galar, F|\n|poke|p2|Alomomola, F|\n|teampreview\n|inactive|Battle timer is ON: inactive players will automatically lose when time's up. (requested by illneverchooseyou)\n|\n|t:|1700091266\n|start\n|switch|p1a: Moltres|Moltres-Galar, shiny|100\/100\n|switch|p2a: Dragapult|Dragapult, F|100\/100\n|turn|1\n|\n|t:|1700091271\n|move|p2a: Dragapult|U-turn|p1a: Moltres\n|-damage|p1a: Moltres|75\/100\n|\n|t:|1700091280\n|switch|p2a: Ursaluna|Ursaluna, F|100\/100|[from] U-turn\n|move|p1a: Moltres|Agility|p1a: Moltres\n|-boost|p1a: Moltres|spe|2\n|\n|-status|p2a: Ursaluna|brn|[from] item: Flame Orb\n|upkeep\n|turn|2\n|\n|t:|1700091287\n|move|p1a: Moltres|Air Slash|p2a: Ursaluna\n|-damage|p2a: Ursaluna|66\/100 brn\n|move|p2a: Ursaluna|Facade|p1a: Moltres\n|-damage|p1a: Moltres|0 fnt\n|faint|p1a: Moltres\n|\n|-damage|p2a: Ursaluna|60\/100 brn|[from] brn\n|upkeep\n|\n|t:|1700091291\n|switch|p1a: Maushold|Maushold|100\/100\n|turn|3\n|\n|t:|1700091302\n|switch|p2a: Skeledirge|Skeledirge, F|100\/100\n|move|p1a: Maushold|Population Bomb|p2a: Skeledirge\n|-immune|p2a: Skeledirge\n|\n|upkeep\n|turn|4\n|\n|t:|1700091310\n|move|p1a: Maushold|Bite|p2a: Skeledirge\n|-supereffective|p2a: Skeledirge\n|-damage|p2a: Skeledirge|71\/100\n|move|p2a: Skeledirge|Torch Song|p1a: Maushold\n|-damage|p1a: Maushold|58\/100\n|-boost|p2a: Skeledirge|spa|1\n|\n|upkeep\n|turn|5\n|\n|t:|1700091315\n|move|p1a: Maushold|Bite|p2a: Skeledirge\n|-supereffective|p2a: Skeledirge\n|-damage|p2a: Skeledirge|40\/100\n|move|p2a: Skeledirge|Will-O-Wisp|p1a: Maushold\n|-status|p1a: Maushold|brn\n|\n|-damage|p1a: Maushold|52\/100 brn|[from] brn\n|upkeep\n|turn|6\n|\n|t:|1700091317\n|move|p1a: Maushold|Encore|p2a: Skeledirge\n|-start|p2a: Skeledirge|Encore\n|move|p2a: Skeledirge|Will-O-Wisp|p1a: Maushold\n|-fail|p1a: Maushold|brn\n|\n|-damage|p1a: Maushold|45\/100 brn|[from] brn\n|upkeep\n|turn|7\n|\n|t:|1700091322\n|switch|p2a: Alomomola|Alomomola, F|100\/100\n|move|p1a: Maushold|Bite|p2a: Alomomola\n|-damage|p2a: Alomomola|95\/100\n|-damage|p1a: Maushold|29\/100 brn|[from] item: Rocky Helmet|[of] p2a: Alomomola\n|\n|-damage|p1a: Maushold|23\/100 brn|[from] brn\n|upkeep\n|turn|8\n|\n|t:|1700091328\n|switch|p1a: Indeedee|Indeedee-F, F|100\/100\n|-fieldstart|move: Psychic Terrain|[from] ability: Psychic Surge|[of] p1a: Indeedee\n|move|p2a: Alomomola|Wish|p2a: Alomomola\n|\n|upkeep\n|turn|9\n|\n|t:|1700091333\n|switch|p1a: Polteageist|Polteageist|100\/100\n|move|p2a: Alomomola|Flip Turn|p1a: Polteageist\n|-damage|p1a: Polteageist|69\/100\n|-ability|p1a: Polteageist|Weak Armor|boost\n|-unboost|p1a: Polteageist|def|1\n|-boost|p1a: Polteageist|spe|2\n|\n|t:|1700091360\n|switch|p2a: Ursaluna|Ursaluna, F|60\/100 brn|[from] Flip Turn\n|\n|-heal|p2a: Ursaluna|100\/100 brn|[from] move: Wish|[wisher] Alomomola\n|-damage|p2a: Ursaluna|94\/100 brn|[from] brn\n|upkeep\n|turn|10\n|\n|t:|1700091381\n|switch|p1a: Maushold|Maushold|23\/100 brn\n|move|p2a: Ursaluna|Headlong Rush|p1a: Maushold\n|-damage|p1a: Maushold|0 fnt\n|-unboost|p2a: Ursaluna|def|1\n|-unboost|p2a: Ursaluna|spd|1\n|faint|p1a: Maushold\n|\n|-damage|p2a: Ursaluna|88\/100 brn|[from] brn\n|upkeep\n|\n|t:|1700091383\n|switch|p1a: Indeedee|Indeedee-F, F|100\/100\n|turn|11\n|\n|t:|1700091387\n|switch|p2a: Slowking|Slowking-Galar, F, shiny|100\/100\n|move|p1a: Indeedee|Healing Wish|p1a: Indeedee\n|faint|p1a: Indeedee\n|\n|upkeep\n|\n|t:|1700091389\n|switch|p1a: Polteageist|Polteageist|69\/100\n|-heal|p1a: Polteageist|100\/100|[from] move: Healing Wish\n|turn|12\n|\n|t:|1700091395\n|move|p1a: Polteageist|Shell Smash|p1a: Polteageist\n|-unboost|p1a: Polteageist|def|1\n|-unboost|p1a: Polteageist|spd|1\n|-boost|p1a: Polteageist|atk|2\n|-boost|p1a: Polteageist|spa|2\n|-boost|p1a: Polteageist|spe|2\n|move|p2a: Slowking|Trick Room|p2a: Slowking\n|-fieldstart|move: Trick Room|[of] p2a: Slowking\n|\n|upkeep\n|turn|13\n|\n|t:|1700091403\n|move|p1a: Polteageist|Stored Power|p2a: Slowking\n|-damage|p2a: Slowking|31\/100\n|move|p2a: Slowking|Future Sight|p1a: Polteageist\n|-start|p2a: Slowking|move: Future Sight\n|\n|upkeep\n|turn|14\n|\n|t:|1700091409\n|switch|p1a: Hatterene|Hatterene, F|100\/100\n|move|p2a: Slowking|Chilly Reception|p2a: Slowking\n|-weather|Snow\n|\n|t:|1700091415\n|switch|p2a: Ursaluna|Ursaluna, F|88\/100 brn|[from] Chilly Reception\n|\n|-weather|Snow|[upkeep]\n|-damage|p2a: Ursaluna|82\/100 brn|[from] brn\n|upkeep\n|turn|15\n|\n|t:|1700091417\n|move|p2a: Ursaluna|Facade|p1a: Hatterene\n|-damage|p1a: Hatterene|0 fnt\n|faint|p1a: Hatterene\n|\n|-weather|Snow|[upkeep]\n|-hint|Future Sight did not hit because the target is fainted.\n|-damage|p2a: Ursaluna|76\/100 brn|[from] brn\n|-fieldend|move: Psychic Terrain\n|upkeep\n|\n|t:|1700091419\n|switch|p1a: Sneasler|Sneasler, F|100\/100\n|turn|16\n|\n|t:|1700091424\n|move|p2a: Ursaluna|Facade|p1a: Sneasler\n|-crit|p1a: Sneasler\n|-damage|p1a: Sneasler|0 fnt\n|faint|p1a: Sneasler\n|\n|-weather|Snow|[upkeep]\n|-damage|p2a: Ursaluna|70\/100 brn|[from] brn\n|-fieldend|move: Trick Room\n|upkeep\n|\n|t:|1700091425\n|switch|p1a: Polteageist|Polteageist|100\/100\n|turn|17\n|\n|t:|1700091429\n|move|p1a: Polteageist|Shell Smash|p1a: Polteageist\n|-unboost|p1a: Polteageist|def|1\n|-unboost|p1a: Polteageist|spd|1\n|-boost|p1a: Polteageist|atk|2\n|-boost|p1a: Polteageist|spa|2\n|-boost|p1a: Polteageist|spe|2\n|move|p2a: Ursaluna|Headlong Rush|p1a: Polteageist\n|-enditem|p1a: Polteageist|Focus Sash\n|-damage|p1a: Polteageist|1\/100\n|-unboost|p2a: Ursaluna|def|1\n|-unboost|p2a: Ursaluna|spd|1\n|-ability|p1a: Polteageist|Weak Armor|boost\n|-unboost|p1a: Polteageist|def|1\n|-boost|p1a: Polteageist|spe|2\n|\n|-weather|Snow|[upkeep]\n|-damage|p2a: Ursaluna|64\/100 brn|[from] brn\n|upkeep\n|turn|18\n|\n|t:|1700091445\n|switch|p2a: Great Tusk|Great Tusk|100\/100\n|move|p1a: Polteageist|Stored Power|p2a: Great Tusk\n|-supereffective|p2a: Great Tusk\n|-damage|p2a: Great Tusk|0 fnt\n|faint|p2a: Great Tusk\n|-end|p2a: Great Tusk|Protosynthesis|[silent]\n|\n|-weather|none\n|upkeep\n|\n|t:|1700091462\n|switch|p2a: Skeledirge|Skeledirge, F|40\/100\n|turn|19\n|\n|t:|1700091475\n|-terastallize|p2a: Skeledirge|Water\n|move|p1a: Polteageist|Shadow Ball|p2a: Skeledirge\n|-crit|p2a: Skeledirge\n|-damage|p2a: Skeledirge|0 fnt\n|faint|p2a: Skeledirge\n|\n|upkeep\n|c|\u2606illneverchooseyou|Smh\n|inactive|illneverchooseyou has 120 seconds left.\n|c|\u2606illneverchooseyou|I played this game super well but I still lost\n|c|\u2606illneverchooseyou|All because I let the teacup get exactly one single turn of setup\n|c|\u2606illneverchooseyou|Pokemon man\n|c|\u2606illneverchooseyou|Gg\n|inactive|illneverchooseyou has 90 seconds left.\n|c|\u2606moope|lmaooo\n|\n|t:|1700091524\n|switch|p2a: Slowking|Slowking-Galar, F, shiny|64\/100\n|turn|20\n|inactive|illneverchooseyou has 90 seconds left.\n|\n|t:|1700091529\n|switch|p2a: Alomomola|Alomomola, F|100\/100\n|move|p1a: Polteageist|Shadow Ball|p2a: Alomomola\n|-damage|p2a: Alomomola|1\/100\n|\n|upkeep\n|turn|21\n|c|\u2606moope|eh still winnable for you\n|\n|t:|1700091541\n|move|p1a: Polteageist|Shadow Ball|p2a: Alomomola\n|-damage|p2a: Alomomola|0 fnt\n|faint|p2a: Alomomola\n|\n|upkeep\n|\n|t:|1700091548\n|switch|p2a: Slowking|Slowking-Galar, F, shiny|98\/100\n|turn|22\n|\n|t:|1700091551\n|move|p1a: Polteageist|Shadow Ball|p2a: Slowking\n|-supereffective|p2a: Slowking\n|-damage|p2a: Slowking|0 fnt\n|faint|p2a: Slowking\n|\n|upkeep\n|\n|t:|1700091556\n|switch|p2a: Dragapult|Dragapult, F|100\/100\n|turn|23\n|\n|t:|1700091561\n|move|p1a: Polteageist|Stored Power|p2a: Dragapult\n|-damage|p2a: Dragapult|0 fnt\n|faint|p2a: Dragapult\n|\n|upkeep\n|\n|t:|1700091564\n|switch|p2a: Ursaluna|Ursaluna, F|64\/100 brn\n|turn|24\n|c|\u2606moope|nvm\n|c|\u2606moope|gg\n|\n|t:|1700091570\n|move|p1a: Polteageist|Stored Power|p2a: Ursaluna\n|-crit|p2a: Ursaluna\n|-damage|p2a: Ursaluna|0 fnt\n|faint|p2a: Ursaluna\n|\n|win|moope\n|raw|moope's rating: 1454 &rarr; <strong>1479<\/strong><br \/>(+25 for winning)\n|raw|illneverchooseyou's rating: 1549 &rarr; <strong>1524<\/strong><br \/>(-25 for losing)\n|c|\u2606illneverchooseyou|Smh\n|l|\u2606illneverchooseyou\n","uploadtime":1700091596,"views":23,"p1id":"moope","p2id":"illneverchooseyou","formatid":"gen9ou","rating":1479,"private":0,"password":""}