{"id":"gen9ou-1991400295","p1":"simondie","p2":"Majner","format":"[Gen 9] OU","log":"|j|\u2606simondie\n|j|\u2606Majner\n|t:|1700073927\n|gametype|singles\n|player|p1|simondie|birch-gen3|1155\n|player|p2|Majner|2|1140\n|teamsize|p1|6\n|teamsize|p2|6\n|gen|9\n|tier|[Gen 9] OU\n|rated|\n|rule|Sleep Clause Mod: Limit one foe put to sleep\n|rule|Species Clause: Limit one of each Pok\u00e9mon\n|rule|OHKO Clause: OHKO moves are banned\n|rule|Evasion Items Clause: Evasion items are banned\n|rule|Evasion Moves Clause: Evasion moves are banned\n|rule|Endless Battle Clause: Forcing endless battles is banned\n|rule|HP Percentage Mod: HP is shown in percentages\n|clearpoke\n|poke|p1|Ribombee, M|\n|poke|p1|Manaphy|\n|poke|p1|Kingambit, F|\n|poke|p1|Great Tusk|\n|poke|p1|Iron Moth|\n|poke|p1|Gholdengo|\n|poke|p2|Trevenant, M|\n|poke|p2|Ninetales, M|\n|poke|p2|Jumpluff, M|\n|poke|p2|Rotom-Wash|\n|poke|p2|Lurantis, M|\n|poke|p2|Toxapex, F|\n|teampreview\n|inactive|Battle timer is ON: inactive players will automatically lose when time's up. (requested by simondie)\n|\n|t:|1700073935\n|start\n|switch|p1a: Ribombee|Ribombee, M, shiny|100\/100\n|switch|p2a: Trevenant|Trevenant, M, shiny|100\/100\n|turn|1\n|\n|t:|1700073942\n|move|p1a: Ribombee|Sticky Web|p2a: Trevenant\n|-sidestart|p2: Majner|move: Sticky Web\n|move|p2a: Trevenant|Growth|p2a: Trevenant\n|-boost|p2a: Trevenant|atk|1\n|-boost|p2a: Trevenant|spa|1\n|\n|upkeep\n|turn|2\n|\n|t:|1700073952\n|move|p1a: Ribombee|Moonblast|p2a: Trevenant\n|-damage|p2a: Trevenant|50\/100\n|move|p2a: Trevenant|Growth|p2a: Trevenant\n|-boost|p2a: Trevenant|atk|1\n|-boost|p2a: Trevenant|spa|1\n|\n|upkeep\n|turn|3\n|\n|t:|1700073965\n|move|p1a: Ribombee|Moonblast|p2a: Trevenant\n|-damage|p2a: Trevenant|4\/100\n|move|p2a: Trevenant|Substitute|p2a: Trevenant\n|-fail|p2a: Trevenant|move: Substitute|[weak]\n|\n|upkeep\n|turn|4\n|-enditem|p2a: Trevenant|Custap Berry|[eat]\n|-activate|p2a: Trevenant|item: Custap Berry|[consumed]\n|\n|t:|1700073976\n|move|p2a: Trevenant|Phantom Force||[still]\n|-prepare|p2a: Trevenant|Phantom Force\n|move|p1a: Ribombee|Moonblast|p2a: Trevenant|[miss]\n|-miss|p1a: Ribombee|p2a: Trevenant\n|\n|-item|p2a: Trevenant|Custap Berry|[from] ability: Harvest\n|upkeep\n|turn|5\n|-enditem|p2a: Trevenant|Custap Berry|[eat]\n|-activate|p2a: Trevenant|item: Custap Berry|[consumed]\n|\n|t:|1700073987\n|switch|p1a: Kingambit|Kingambit, F, shiny|100\/100\n|move|p2a: Trevenant|Phantom Force|p1a: Kingambit|[from]lockedmove\n|-resisted|p1a: Kingambit\n|-crit|p1a: Kingambit\n|-damage|p1a: Kingambit|44\/100\n|\n|upkeep\n|turn|6\n|c|\u2606Majner|wtf\n|c|\u2606Majner|what is happening\n|c|\u2606simondie|idk either\n|c|\u2606simondie|that was triipy\n|c|\u2606simondie|bug maybe\n|inactive|Majner has 120 seconds left.\n|\n|t:|1700074019\n|move|p1a: Kingambit|Sucker Punch|p2a: Trevenant\n|-supereffective|p2a: Trevenant\n|-damage|p2a: Trevenant|0 fnt\n|faint|p2a: Trevenant\n|\n|upkeep\n|inactive|Majner has 120 seconds left.\n|\n|t:|1700074025\n|switch|p2a: Rotom|Rotom-Wash, shiny|100\/100\n|turn|7\n|\n|t:|1700074029\n|-end|p1a: Kingambit|fallenundefined|[silent]\n|switch|p1a: Ribombee|Ribombee, M, shiny|100\/100\n|move|p2a: Rotom|Will-O-Wisp|p1a: Ribombee|[miss]\n|-miss|p2a: Rotom|p1a: Ribombee\n|\n|upkeep\n|turn|8\n|\n|t:|1700074040\n|move|p2a: Rotom|Protect|p2a: Rotom\n|-singleturn|p2a: Rotom|Protect\n|move|p1a: Ribombee|Moonblast|p2a: Rotom\n|-activate|p2a: Rotom|move: Protect\n|\n|upkeep\n|turn|9\n|\n|t:|1700074046\n|move|p1a: Ribombee|Moonblast|p2a: Rotom\n|-damage|p2a: Rotom|59\/100\n|move|p2a: Rotom|Volt Switch|p1a: Ribombee\n|-damage|p1a: Ribombee|57\/100\n|\n|t:|1700074052\n|switch|p2a: Lurantis|Lurantis, M, shiny|100\/100|[from] Volt Switch\n|-activate|p2a: Lurantis|move: Sticky Web\n|-boost|p2a: Lurantis|spe|1\n|\n|upkeep\n|turn|10\n|\n|t:|1700074062\n|switch|p1a: Iron Moth|Iron Moth|100\/100\n|-enditem|p1a: Iron Moth|Booster Energy\n|-activate|p1a: Iron Moth|ability: Quark Drive|[fromitem]\n|-start|p1a: Iron Moth|quarkdrivespe\n|move|p2a: Lurantis|Superpower|p1a: Iron Moth\n|-resisted|p1a: Iron Moth\n|-damage|p1a: Iron Moth|78\/100\n|-boost|p2a: Lurantis|atk|1\n|-boost|p2a: Lurantis|def|1\n|\n|upkeep\n|turn|11\n|\n|t:|1700074077\n|-terastallize|p2a: Lurantis|Water\n|move|p1a: Iron Moth|Fiery Dance|p2a: Lurantis\n|-resisted|p2a: Lurantis\n|-damage|p2a: Lurantis|87\/100\n|-boost|p1a: Iron Moth|spa|1\n|move|p2a: Lurantis|Tera Blast|p1a: Iron Moth|[anim] Tera Blast Water\n|-supereffective|p1a: Iron Moth\n|-damage|p1a: Iron Moth|0 fnt\n|faint|p1a: Iron Moth\n|-end|p1a: Iron Moth|Quark Drive|[silent]\n|\n|upkeep\n|\n|t:|1700074084\n|switch|p1a: Gholdengo|Gholdengo|100\/100\n|turn|12\n|\n|t:|1700074094\n|move|p1a: Gholdengo|Thunderbolt|p2a: Lurantis\n|-supereffective|p2a: Lurantis\n|-damage|p2a: Lurantis|23\/100\n|move|p2a: Lurantis|Tera Blast|p1a: Gholdengo|[anim] Tera Blast Water\n|-damage|p1a: Gholdengo|53\/100\n|\n|upkeep\n|turn|13\n|c|\u2606simondie|idk\n|c|\u2606simondie|idk\n|c|\u2606simondie|idk\n|c|\u2606simondie|idk'\n|c|\u2606simondie|ky6\n|c|\u2606simondie|ky\n|c|\u2606Majner|what\n|c|\u2606simondie|ky6\n|c|\u2606simondie|ky6\n|c|\u2606simondie|ky6\n|c|\u2606simondie|ky6'\n|c|\u2606simondie|ky6\n|c|\u2606simondie|k\n|c|\u2606simondie|y6k\n|c|\u2606simondie|ky6\n|c|\u2606simondie|ky6\n|c|\u2606simondie|ky6\n|c|\u2606simondie|ky6\n|c|\u2606simondie|ky6\n|c|\u2606simondie|ky6\n|c|\u2606simondie|ky6\n|inactive|Majner has 120 seconds left.\n|c|\u2606simondie|ky6\n|c|\u2606simondie|ky6\n|c|\u2606simondie|ky6\n|c|\u2606simondie|ky6\n|c|\u2606simondie|ky6\n|c|\u2606simondie|ky\n|\n|t:|1700074130\n|move|p1a: Gholdengo|Thunderbolt|p2a: Lurantis\n|-supereffective|p2a: Lurantis\n|-damage|p2a: Lurantis|0 fnt\n|faint|p2a: Lurantis\n|\n|upkeep\n|c|\u2606simondie|kiil ur slef\n|c|\u2606Majner|why u mad\n|\n|t:|1700074144\n|switch|p2a: Ninetales|Ninetales, M|100\/100\n|-activate|p2a: Ninetales|move: Sticky Web\n|-unboost|p2a: Ninetales|spe|1\n|-weather|SunnyDay|[from] ability: Drought|[of] p2a: Ninetales\n|turn|14\n|c|\u2606simondie|cuz you uggle af\n|\n|t:|1700074152\n|switch|p1a: Great Tusk|Great Tusk|100\/100\n|-activate|p1a: Great Tusk|ability: Protosynthesis\n|-start|p1a: Great Tusk|protosynthesisatk\n|move|p2a: Ninetales|Flamethrower|p1a: Great Tusk\n|-damage|p1a: Great Tusk|17\/100\n|\n|-weather|SunnyDay|[upkeep]\n|upkeep\n|turn|15\n|inactive|Majner has 120 seconds left.\n|\n|t:|1700074162\n|switch|p2a: Jumpluff|Jumpluff, M, shiny|100\/100\n|move|p1a: Great Tusk|Headlong Rush|p2a: Jumpluff\n|-immune|p2a: Jumpluff\n|\n|-weather|SunnyDay|[upkeep]\n|upkeep\n|turn|16\n|inactive|Majner has 120 seconds left.\n|\n|t:|1700074172\n|-terastallize|p1a: Great Tusk|Ice\n|move|p2a: Jumpluff|Substitute|p2a: Jumpluff\n|-start|p2a: Jumpluff|Substitute\n|-damage|p2a: Jumpluff|76\/100\n|move|p1a: Great Tusk|Ice Spinner|p2a: Jumpluff\n|-supereffective|p2a: Jumpluff\n|-end|p2a: Jumpluff|Substitute\n|\n|-weather|SunnyDay|[upkeep]\n|upkeep\n|turn|17\n|inactive|Majner has 120 seconds left.\n|\n|t:|1700074181\n|move|p2a: Jumpluff|Acrobatics|p1a: Great Tusk\n|-damage|p1a: Great Tusk|0 fnt\n|faint|p1a: Great Tusk\n|-end|p1a: Great Tusk|Protosynthesis|[silent]\n|\n|-weather|SunnyDay|[upkeep]\n|upkeep\n|\n|t:|1700074186\n|switch|p1a: Manaphy|Manaphy, shiny|100\/100\n|turn|18\n|\n|t:|1700074190\n|move|p2a: Jumpluff|Sleep Powder|p1a: Manaphy\n|-status|p1a: Manaphy|slp|[from] move: Sleep Powder\n|cant|p1a: Manaphy|slp\n|\n|-weather|SunnyDay|[upkeep]\n|upkeep\n|turn|19\n|\n|t:|1700074195\n|move|p2a: Jumpluff|Swords Dance|p2a: Jumpluff\n|-boost|p2a: Jumpluff|atk|2\n|cant|p1a: Manaphy|slp\n|\n|-weather|SunnyDay|[upkeep]\n|upkeep\n|turn|20\n|\n|t:|1700074201\n|move|p2a: Jumpluff|Substitute|p2a: Jumpluff\n|-start|p2a: Jumpluff|Substitute\n|-damage|p2a: Jumpluff|51\/100\n|-curestatus|p1a: Manaphy|slp|[msg]\n|move|p1a: Manaphy|Acid Armor|p1a: Manaphy\n|-boost|p1a: Manaphy|def|2\n|\n|-weather|SunnyDay|[upkeep]\n|upkeep\n|turn|21\n|\n|t:|1700074209\n|move|p2a: Jumpluff|Acrobatics|p1a: Manaphy\n|-damage|p1a: Manaphy|71\/100\n|move|p1a: Manaphy|Acid Armor|p1a: Manaphy\n|-boost|p1a: Manaphy|def|2\n|\n|-weather|none\n|-heal|p1a: Manaphy|77\/100|[from] item: Leftovers\n|upkeep\n|turn|22\n|\n|t:|1700074216\n|move|p2a: Jumpluff|Sleep Powder|p1a: Manaphy\n|-status|p1a: Manaphy|slp|[from] move: Sleep Powder\n|cant|p1a: Manaphy|slp\n|\n|-heal|p1a: Manaphy|83\/100 slp|[from] item: Leftovers\n|upkeep\n|turn|23\n|\n|t:|1700074223\n|move|p2a: Jumpluff|Swords Dance|p2a: Jumpluff\n|-boost|p2a: Jumpluff|atk|2\n|-curestatus|p1a: Manaphy|slp|[msg]\n|move|p1a: Manaphy|Acid Armor|p1a: Manaphy\n|-boost|p1a: Manaphy|def|2\n|\n|-heal|p1a: Manaphy|89\/100|[from] item: Leftovers\n|upkeep\n|turn|24\n|\n|t:|1700074232\n|move|p2a: Jumpluff|Acrobatics|p1a: Manaphy\n|-damage|p1a: Manaphy|67\/100\n|move|p1a: Manaphy|Stored Power|p2a: Jumpluff\n|-end|p2a: Jumpluff|Substitute\n|\n|-heal|p1a: Manaphy|73\/100|[from] item: Leftovers\n|upkeep\n|turn|25\n|\n|t:|1700074241\n|move|p2a: Jumpluff|Sleep Powder|p1a: Manaphy|[miss]\n|-miss|p2a: Jumpluff|p1a: Manaphy\n|move|p1a: Manaphy|Stored Power|p2a: Jumpluff\n|-damage|p2a: Jumpluff|0 fnt\n|faint|p2a: Jumpluff\n|\n|-heal|p1a: Manaphy|79\/100|[from] item: Leftovers\n|upkeep\n|\n|t:|1700074261\n|switch|p2a: Rotom|Rotom-Wash, shiny|59\/100\n|turn|26\n|\n|t:|1700074264\n|move|p2a: Rotom|Protect|p2a: Rotom\n|-singleturn|p2a: Rotom|Protect\n|move|p1a: Manaphy|Take Heart|p1a: Manaphy\n|-boost|p1a: Manaphy|spa|1\n|-boost|p1a: Manaphy|spd|1\n|\n|-heal|p1a: Manaphy|85\/100|[from] item: Leftovers\n|-heal|p2a: Rotom|65\/100|[from] item: Leftovers\n|upkeep\n|turn|27\n|\n|t:|1700074272\n|move|p1a: Manaphy|Take Heart|p1a: Manaphy\n|-boost|p1a: Manaphy|spa|1\n|-boost|p1a: Manaphy|spd|1\n|move|p2a: Rotom|Volt Switch|p1a: Manaphy\n|-supereffective|p1a: Manaphy\n|-damage|p1a: Manaphy|64\/100\n|\n|t:|1700074282\n|switch|p2a: Ninetales|Ninetales, M|100\/100|[from] Volt Switch\n|-activate|p2a: Ninetales|move: Sticky Web\n|-unboost|p2a: Ninetales|spe|1\n|-weather|SunnyDay|[from] ability: Drought|[of] p2a: Ninetales\n|\n|-weather|SunnyDay|[upkeep]\n|-heal|p1a: Manaphy|70\/100|[from] item: Leftovers\n|upkeep\n|turn|28\n|\n|t:|1700074290\n|move|p1a: Manaphy|Stored Power|p2a: Ninetales\n|-damage|p2a: Ninetales|0 fnt\n|faint|p2a: Ninetales\n|\n|-weather|SunnyDay|[upkeep]\n|-heal|p1a: Manaphy|76\/100|[from] item: Leftovers\n|upkeep\n|-message|Majner forfeited.\n|\n|win|simondie\n|raw|simondie's rating: 1155 &rarr; <strong>1179<\/strong><br \/>(+24 for winning)\n|raw|Majner's rating: 1140 &rarr; <strong>1116<\/strong><br \/>(-24 for losing)\n|c|\u2606simondie|bitch ass mofo\n|n|\u203dsimondie|simondie\n|c|&|\/log simondie was locked from talking by Artemis. (\u2606simondie: bitch ass mofo)\n|c|&|\/raw <small>This action was done automatically. Want to learn more about the AI? <a href=\"https:\/\/www.smogon.com\/forums\/threads\/3570628\/#post-9056769\">Visit the information thread<\/a>.<\/small>\n|l|\u2606Majner\n","uploadtime":1700074136,"views":7,"p1id":"simondie","p2id":"majner","formatid":"gen9ou","rating":1116,"private":0,"password":""}