{"id":"gen9ou-1999542828","p1":"SnoozSeal","p2":"Skaraptor2.1","format":"[Gen 9] OU","log":"|j|\u2606SnoozSeal\n|j|\u2606Skaraptor2.1\n|t:|1701094394\n|gametype|singles\n|player|p1|SnoozSeal|larry|1297\n|player|p2|Skaraptor2.1|bodybuilderf-gen9|1290\n|teamsize|p1|6\n|teamsize|p2|6\n|gen|9\n|tier|[Gen 9] OU\n|rated|\n|rule|Sleep Clause Mod: Limit one foe put to sleep\n|rule|Species Clause: Limit one of each Pok\u00e9mon\n|rule|OHKO Clause: OHKO moves are banned\n|rule|Evasion Items Clause: Evasion items are banned\n|rule|Evasion Moves Clause: Evasion moves are banned\n|rule|Endless Battle Clause: Forcing endless battles is banned\n|rule|HP Percentage Mod: HP is shown in percentages\n|clearpoke\n|poke|p1|Ting-Lu|\n|poke|p1|Great Tusk|\n|poke|p1|Ribombee, F|\n|poke|p1|Gholdengo|\n|poke|p1|Dragapult, M|\n|poke|p1|Dragonite, M|\n|poke|p2|Ribombee, M|\n|poke|p2|Ogerpon-Wellspring, F|\n|poke|p2|Ceruledge, F|\n|poke|p2|Zamazenta-*|\n|poke|p2|Iron Valiant|\n|poke|p2|Kingambit, F|\n|teampreview\n|inactive|Battle timer is ON: inactive players will automatically lose when time's up. (requested by Skaraptor2.1)\n|inactive|SnoozSeal also wants the timer to be on.\n|\n|t:|1701094424\n|start\n|switch|p1a: what even is this|Ribombee, F|100\/100\n|switch|p2a: Twink|Ribombee, M|100\/100\n|turn|1\n|\n|t:|1701094428\n|move|p2a: Twink|Stun Spore|p1a: what even is this\n|-status|p1a: what even is this|par\n|cant|p1a: what even is this|par\n|\n|upkeep\n|turn|2\n|\n|t:|1701094432\n|move|p2a: Twink|Moonblast|p1a: what even is this\n|-damage|p1a: what even is this|53\/100 par\n|move|p1a: what even is this|Sticky Web|p2a: Twink\n|-sidestart|p2: Skaraptor2.1|move: Sticky Web\n|\n|upkeep\n|turn|3\n|\n|t:|1701094437\n|move|p2a: Twink|Sticky Web|p1a: what even is this\n|-sidestart|p1: SnoozSeal|move: Sticky Web\n|move|p1a: what even is this|Stun Spore|p2a: Twink\n|-status|p2a: Twink|par\n|\n|upkeep\n|turn|4\n|\n|t:|1701094445\n|switch|p2a: Jean|Ceruledge, F|100\/100\n|-activate|p2a: Jean|move: Sticky Web\n|-unboost|p2a: Jean|spe|1\n|cant|p1a: what even is this|par\n|\n|upkeep\n|turn|5\n|\n|t:|1701094451\n|move|p2a: Jean|Bitter Blade|p1a: what even is this\n|-supereffective|p1a: what even is this\n|-damage|p1a: what even is this|0 fnt\n|faint|p1a: what even is this\n|\n|upkeep\n|\n|t:|1701094466\n|switch|p1a: ghoul goblin|Gholdengo|100\/100\n|-item|p1a: ghoul goblin|Air Balloon\n|turn|6\n|\n|t:|1701094469\n|move|p1a: ghoul goblin|Shadow Ball|p2a: Jean\n|-supereffective|p2a: Jean\n|-damage|p2a: Jean|1\/100\n|move|p2a: Jean|Swords Dance|p2a: Jean\n|-boost|p2a: Jean|atk|2\n|\n|upkeep\n|turn|7\n|\n|t:|1701094475\n|move|p2a: Jean|Shadow Sneak|p1a: ghoul goblin\n|-supereffective|p1a: ghoul goblin\n|-damage|p1a: ghoul goblin|5\/100\n|-enditem|p1a: ghoul goblin|Air Balloon\n|move|p1a: ghoul goblin|Shadow Ball|p2a: Jean\n|-supereffective|p2a: Jean\n|-damage|p2a: Jean|0 fnt\n|faint|p2a: Jean\n|\n|upkeep\n|\n|t:|1701094480\n|switch|p2a: Twink|Ribombee, M|100\/100 par\n|-activate|p2a: Twink|move: Sticky Web\n|-unboost|p2a: Twink|spe|1\n|turn|8\n|\n|t:|1701094483\n|move|p1a: ghoul goblin|Make It Rain|p2a: Twink\n|-supereffective|p2a: Twink\n|-enditem|p2a: Twink|Focus Sash\n|-damage|p2a: Twink|1\/100 par\n|-unboost|p1a: ghoul goblin|spa|1\n|move|p2a: Twink|Moonblast|p1a: ghoul goblin\n|-resisted|p1a: ghoul goblin\n|-damage|p1a: ghoul goblin|0 fnt\n|faint|p1a: ghoul goblin\n|\n|upkeep\n|\n|t:|1701094490\n|switch|p1a: Dragonite|Dragonite, M|100\/100\n|turn|9\n|\n|t:|1701094500\n|move|p1a: Dragonite|Extreme Speed|p2a: Twink\n|-damage|p2a: Twink|0 fnt\n|faint|p2a: Twink\n|\n|upkeep\n|\n|t:|1701094503\n|switch|p2a: Defender of Trans|Zamazenta, shiny|100\/100\n|-activate|p2a: Defender of Trans|move: Sticky Web\n|-unboost|p2a: Defender of Trans|spe|1\n|-ability|p2a: Defender of Trans|Dauntless Shield|boost\n|-boost|p2a: Defender of Trans|def|1\n|turn|10\n|\n|t:|1701094514\n|switch|p1a: yeetus ghoul|Dragapult, M|100\/100\n|-activate|p1a: yeetus ghoul|move: Sticky Web\n|-fail|p1a: yeetus ghoul|unboost|[from] ability: Clear Body|[of] p1a: yeetus ghoul\n|move|p2a: Defender of Trans|Iron Defense|p2a: Defender of Trans\n|-boost|p2a: Defender of Trans|def|2\n|\n|upkeep\n|turn|11\n|\n|t:|1701094528\n|-terastallize|p1a: yeetus ghoul|Fairy\n|move|p1a: yeetus ghoul|Draco Meteor|p2a: Defender of Trans\n|-damage|p2a: Defender of Trans|29\/100\n|-unboost|p1a: yeetus ghoul|spa|2\n|move|p2a: Defender of Trans|Crunch|p1a: yeetus ghoul\n|-resisted|p1a: yeetus ghoul\n|-damage|p1a: yeetus ghoul|86\/100\n|\n|-heal|p2a: Defender of Trans|35\/100|[from] item: Leftovers\n|upkeep\n|turn|12\n|\n|t:|1701094556\n|switch|p1a: not a ghoul|Great Tusk|100\/100\n|-activate|p1a: not a ghoul|move: Sticky Web\n|-unboost|p1a: not a ghoul|spe|1\n|move|p2a: Defender of Trans|Heavy Slam|p1a: not a ghoul\n|-damage|p1a: not a ghoul|96\/100\n|\n|-heal|p2a: Defender of Trans|41\/100|[from] item: Leftovers\n|-heal|p1a: not a ghoul|100\/100|[from] item: Leftovers\n|upkeep\n|turn|13\n|\n|t:|1701094564\n|move|p2a: Defender of Trans|Body Press|p1a: not a ghoul\n|-damage|p1a: not a ghoul|57\/100\n|move|p1a: not a ghoul|Rapid Spin|p2a: Defender of Trans\n|-crit|p2a: Defender of Trans\n|-damage|p2a: Defender of Trans|27\/100\n|-boost|p1a: not a ghoul|spe|1\n|-sideend|p1: SnoozSeal|Sticky Web|[from] move: Rapid Spin|[of] p1a: not a ghoul\n|\n|-heal|p2a: Defender of Trans|33\/100|[from] item: Leftovers\n|-heal|p1a: not a ghoul|63\/100|[from] item: Leftovers\n|upkeep\n|turn|14\n|\n|t:|1701094569\n|move|p2a: Defender of Trans|Body Press|p1a: not a ghoul\n|-damage|p1a: not a ghoul|19\/100\n|move|p1a: not a ghoul|Knock Off|p2a: Defender of Trans\n|-resisted|p2a: Defender of Trans\n|-damage|p2a: Defender of Trans|30\/100\n|-enditem|p2a: Defender of Trans|Leftovers|[from] move: Knock Off|[of] p1a: not a ghoul\n|\n|-heal|p1a: not a ghoul|25\/100|[from] item: Leftovers\n|upkeep\n|turn|15\n|\n|t:|1701094578\n|move|p2a: Defender of Trans|Body Press|p1a: not a ghoul\n|-damage|p1a: not a ghoul|0 fnt\n|faint|p1a: not a ghoul\n|-end|p1a: not a ghoul|Protosynthesis|[silent]\n|\n|upkeep\n|\n|t:|1701094581\n|switch|p1a: yeetus ghoul|Dragapult, M, tera:Fairy|86\/100\n|turn|16\n|\n|t:|1701094605\n|move|p1a: yeetus ghoul|Shadow Ball|p2a: Defender of Trans\n|-damage|p2a: Defender of Trans|0 fnt\n|faint|p2a: Defender of Trans\n|\n|upkeep\n|\n|t:|1701094610\n|switch|p2a: Transfem|Ogerpon-Wellspring, F|100\/100\n|-activate|p2a: Transfem|move: Sticky Web\n|-unboost|p2a: Transfem|spe|1\n|turn|17\n|\n|t:|1701094614\n|switch|p1a: ghoul vessel|Ting-Lu|100\/100\n|-ability|p1a: ghoul vessel|Vessel of Ruin\n|move|p2a: Transfem|Ivy Cudgel|p1a: ghoul vessel|[anim] Ivy Cudgel Water\n|-supereffective|p1a: ghoul vessel\n|-crit|p1a: ghoul vessel\n|-damage|p1a: ghoul vessel|8\/100\n|\n|-heal|p1a: ghoul vessel|14\/100|[from] item: Leftovers\n|upkeep\n|turn|18\n|\n|t:|1701094635\n|move|p2a: Transfem|Ivy Cudgel|p1a: ghoul vessel|[anim] Ivy Cudgel Water\n|-supereffective|p1a: ghoul vessel\n|-damage|p1a: ghoul vessel|0 fnt\n|faint|p1a: ghoul vessel\n|\n|upkeep\n|\n|t:|1701094638\n|switch|p1a: Dragonite|Dragonite, M|100\/100\n|turn|19\n|\n|t:|1701094640\n|move|p1a: Dragonite|Dragon Dance|p1a: Dragonite\n|-boost|p1a: Dragonite|atk|1\n|-boost|p1a: Dragonite|spe|1\n|move|p2a: Transfem|Knock Off|p1a: Dragonite\n|-damage|p1a: Dragonite|80\/100\n|-enditem|p1a: Dragonite|Heavy-Duty Boots|[from] move: Knock Off|[of] p2a: Transfem\n|\n|upkeep\n|turn|20\n|\n|t:|1701094646\n|switch|p2a: Queengambit|Kingambit, F|100\/100\n|-activate|p2a: Queengambit|move: Sticky Web\n|-unboost|p2a: Queengambit|spe|1\n|-activate|p2a: Queengambit|ability: Supreme Overlord\n|-start|p2a: Queengambit|fallen3|[silent]\n|move|p1a: Dragonite|Extreme Speed|p2a: Queengambit\n|-resisted|p2a: Queengambit\n|-damage|p2a: Queengambit|85\/100\n|\n|-heal|p2a: Queengambit|91\/100|[from] item: Leftovers\n|upkeep\n|turn|21\n|\n|t:|1701094654\n|move|p1a: Dragonite|Earthquake|p2a: Queengambit\n|-supereffective|p2a: Queengambit\n|-damage|p2a: Queengambit|0 fnt\n|faint|p2a: Queengambit\n|-end|p2a: Queengambit|fallen3|[silent]\n|\n|upkeep\n|\n|t:|1701094664\n|switch|p2a: Bigender|Iron Valiant|100\/100\n|-activate|p2a: Bigender|move: Sticky Web\n|-unboost|p2a: Bigender|spe|1\n|-enditem|p2a: Bigender|Booster Energy\n|-activate|p2a: Bigender|ability: Quark Drive|[fromitem]\n|-start|p2a: Bigender|quarkdrivespa\n|turn|22\n|\n|t:|1701094672\n|move|p1a: Dragonite|Earthquake|p2a: Bigender\n|-damage|p2a: Bigender|24\/100\n|move|p2a: Bigender|Destiny Bond|p2a: Bigender\n|-singlemove|p2a: Bigender|Destiny Bond\n|\n|upkeep\n|turn|23\n|\n|t:|1701094680\n|move|p1a: Dragonite|Dragon Dance|p1a: Dragonite\n|-boost|p1a: Dragonite|atk|1\n|-boost|p1a: Dragonite|spe|1\n|move|p2a: Bigender|Moonblast|p1a: Dragonite\n|-supereffective|p1a: Dragonite\n|-damage|p1a: Dragonite|0 fnt\n|faint|p1a: Dragonite\n|\n|upkeep\n|\n|t:|1701094685\n|switch|p1a: yeetus ghoul|Dragapult, M, tera:Fairy|86\/100\n|turn|24\n|\n|t:|1701094688\n|move|p1a: yeetus ghoul|Flamethrower|p2a: Bigender\n|-crit|p2a: Bigender\n|-damage|p2a: Bigender|0 fnt\n|faint|p2a: Bigender\n|-end|p2a: Bigender|Quark Drive|[silent]\n|\n|upkeep\n|\n|t:|1701094689\n|switch|p2a: Transfem|Ogerpon-Wellspring, F|100\/100\n|-activate|p2a: Transfem|move: Sticky Web\n|-unboost|p2a: Transfem|spe|1\n|turn|25\n|\n|t:|1701094693\n|-terastallize|p2a: Transfem|Water\n|detailschange|p2a: Transfem|Ogerpon-Wellspring-Tera, F, tera:Water\n|-ability|p2a: Transfem|Embody Aspect (Wellspring)|boost\n|-boost|p2a: Transfem|spd|1\n|move|p1a: yeetus ghoul|Flamethrower|p2a: Transfem\n|-resisted|p2a: Transfem\n|-damage|p2a: Transfem|84\/100\n|move|p2a: Transfem|Ivy Cudgel|p1a: yeetus ghoul|[anim] Ivy Cudgel Water\n|-crit|p1a: yeetus ghoul\n|-damage|p1a: yeetus ghoul|0 fnt\n|faint|p1a: yeetus ghoul\n|\n|win|Skaraptor2.1\n|raw|SnoozSeal's rating: 1297 &rarr; <strong>1271<\/strong><br \/>(-26 for losing)\n|raw|Skaraptor2.1's rating: 1290 &rarr; <strong>1316<\/strong><br \/>(+26 for winning)\n|c|\u2606SnoozSeal|Gg\n","uploadtime":1701094700,"views":2,"p1id":"snoozseal","p2id":"skaraptor21","formatid":"gen9ou","rating":1271,"private":0,"password":""}