{"id":"gen9ou-1991944004","p1":"top500all","p2":"Aztec Priest","format":"[Gen 9] OU","log":"|j|\u2606top500all\n|j|\u2606Aztec Priest\n|t:|1700141034\n|gametype|singles\n|player|p1|top500all|parasollady-gen4|1319\n|player|p2|Aztec Priest|elesa-masters2|1419\n|teamsize|p1|6\n|teamsize|p2|6\n|gen|9\n|tier|[Gen 9] OU\n|rated|\n|rule|Sleep Clause Mod: Limit one foe put to sleep\n|rule|Species Clause: Limit one of each Pok\u00e9mon\n|rule|OHKO Clause: OHKO moves are banned\n|rule|Evasion Items Clause: Evasion items are banned\n|rule|Evasion Moves Clause: Evasion moves are banned\n|rule|Endless Battle Clause: Forcing endless battles is banned\n|rule|HP Percentage Mod: HP is shown in percentages\n|clearpoke\n|poke|p1|Rillaboom, M|\n|poke|p1|Sneasler, M|\n|poke|p1|Gholdengo|\n|poke|p1|Great Tusk|\n|poke|p1|Moltres|\n|poke|p1|Kingambit, M|\n|poke|p2|Weavile, F|\n|poke|p2|Kingambit, F|\n|poke|p2|Iron Valiant|\n|poke|p2|Iron Moth|\n|poke|p2|Great Tusk|\n|poke|p2|Ogerpon-Wellspring, F|\n|teampreview\n|inactive|Battle timer is ON: inactive players will automatically lose when time's up. (requested by top500all)\n|\n|t:|1700141046\n|start\n|switch|p1a: Gholdengo|Gholdengo|100\/100\n|switch|p2a: Yase|Iron Moth|100\/100\n|-enditem|p2a: Yase|Booster Energy\n|-activate|p2a: Yase|ability: Quark Drive|[fromitem]\n|-start|p2a: Yase|quarkdrivespe\n|turn|1\n|\n|t:|1700141053\n|switch|p1a: Moltres|Moltres|100\/100\n|move|p2a: Yase|Substitute|p2a: Yase\n|-start|p2a: Yase|Substitute\n|-damage|p2a: Yase|76\/100\n|\n|upkeep\n|turn|2\n|\n|t:|1700141062\n|move|p2a: Yase|Fiery Dance|p1a: Moltres\n|-resisted|p1a: Moltres\n|-damage|p1a: Moltres|78\/100\n|move|p1a: Moltres|Hurricane|p2a: Yase\n|-end|p2a: Yase|Substitute\n|\n|upkeep\n|turn|3\n|\n|t:|1700141067\n|move|p2a: Yase|Substitute|p2a: Yase\n|-start|p2a: Yase|Substitute\n|-damage|p2a: Yase|51\/100\n|move|p1a: Moltres|Hurricane|p2a: Yase|[miss]\n|-miss|p1a: Moltres|p2a: Yase\n|\n|upkeep\n|turn|4\n|\n|t:|1700141069\n|move|p2a: Yase|Sludge Wave|p1a: Moltres\n|-damage|p1a: Moltres|26\/100\n|move|p1a: Moltres|Hurricane|p2a: Yase\n|-end|p2a: Yase|Substitute\n|\n|upkeep\n|turn|5\n|\n|t:|1700141083\n|switch|p1a: Great Tusk|Great Tusk|100\/100\n|move|p2a: Yase|Fiery Dance|p1a: Great Tusk\n|-damage|p1a: Great Tusk|38\/100\n|\n|upkeep\n|turn|6\n|\n|t:|1700141087\n|move|p2a: Yase|Fiery Dance|p1a: Great Tusk\n|-damage|p1a: Great Tusk|0 fnt\n|faint|p1a: Great Tusk\n|-end|p1a: Great Tusk|Protosynthesis|[silent]\n|\n|upkeep\n|\n|t:|1700141093\n|switch|p1a: Rillaboom|Rillaboom, M|100\/100\n|-fieldstart|move: Grassy Terrain|[from] ability: Grassy Surge|[of] p1a: Rillaboom\n|turn|7\n|\n|t:|1700141103\n|switch|p1a: Kingambit|Kingambit, M|100\/100\n|-activate|p1a: Kingambit|ability: Supreme Overlord\n|-start|p1a: Kingambit|fallen1|[silent]\n|move|p2a: Yase|Psychic|p1a: Kingambit\n|-immune|p1a: Kingambit\n|\n|-heal|p2a: Yase|57\/100|[from] Grassy Terrain\n|upkeep\n|turn|8\n|\n|t:|1700141107\n|move|p1a: Kingambit|Sucker Punch||[still]\n|-fail|p1a: Kingambit\n|move|p2a: Yase|Substitute|p2a: Yase\n|-start|p2a: Yase|Substitute\n|-damage|p2a: Yase|32\/100\n|\n|-heal|p2a: Yase|38\/100|[from] Grassy Terrain\n|upkeep\n|turn|9\n|\n|t:|1700141109\n|move|p2a: Yase|Fiery Dance|p1a: Kingambit\n|-supereffective|p1a: Kingambit\n|-damage|p1a: Kingambit|14\/100\n|move|p1a: Kingambit|Kowtow Cleave|p2a: Yase\n|-end|p2a: Yase|Substitute\n|\n|-heal|p2a: Yase|44\/100|[from] Grassy Terrain\n|-heal|p1a: Kingambit|21\/100|[from] Grassy Terrain\n|upkeep\n|turn|10\n|\n|t:|1700141113\n|move|p2a: Yase|Fiery Dance|p1a: Kingambit\n|-supereffective|p1a: Kingambit\n|-damage|p1a: Kingambit|0 fnt\n|faint|p1a: Kingambit\n|-end|p1a: Kingambit|fallen1|[silent]\n|\n|-heal|p2a: Yase|50\/100|[from] Grassy Terrain\n|upkeep\n|\n|t:|1700141115\n|switch|p1a: Sneasler|Sneasler, M|100\/100\n|-enditem|p1a: Sneasler|Grassy Seed\n|-boost|p1a: Sneasler|def|1|[from] item: Grassy Seed\n|turn|11\n|\n|t:|1700141124\n|move|p1a: Sneasler|Acrobatics|p2a: Yase\n|-crit|p2a: Yase\n|-damage|p2a: Yase|0 fnt\n|faint|p2a: Yase\n|-end|p2a: Yase|Quark Drive|[silent]\n|\n|-fieldend|move: Grassy Terrain\n|upkeep\n|\n|t:|1700141135\n|switch|p2a: Kaneguma|Great Tusk|100\/100\n|-enditem|p2a: Kaneguma|Booster Energy\n|-activate|p2a: Kaneguma|ability: Protosynthesis|[fromitem]\n|-start|p2a: Kaneguma|protosynthesisatk\n|turn|12\n|\n|t:|1700141144\n|-terastallize|p1a: Sneasler|Flying\n|-terastallize|p2a: Kaneguma|Ice\n|move|p1a: Sneasler|Swords Dance|p1a: Sneasler\n|-boost|p1a: Sneasler|atk|2\n|move|p2a: Kaneguma|Headlong Rush|p1a: Sneasler\n|-immune|p1a: Sneasler\n|\n|upkeep\n|turn|13\n|\n|t:|1700141151\n|move|p1a: Sneasler|Close Combat|p2a: Kaneguma\n|-supereffective|p2a: Kaneguma\n|-damage|p2a: Kaneguma|0 fnt\n|-unboost|p1a: Sneasler|def|1\n|-unboost|p1a: Sneasler|spd|1\n|faint|p2a: Kaneguma\n|-end|p2a: Kaneguma|Protosynthesis|[silent]\n|\n|upkeep\n|\n|t:|1700141159\n|switch|p2a: Ibuki|Weavile, F|100\/100\n|-ability|p2a: Ibuki|Pressure\n|turn|14\n|\n|t:|1700141165\n|move|p2a: Ibuki|Ice Shard|p1a: Sneasler\n|-supereffective|p1a: Sneasler\n|-damage|p1a: Sneasler|33\/100\n|move|p1a: Sneasler|Close Combat|p2a: Ibuki\n|-supereffective|p2a: Ibuki\n|-damage|p2a: Ibuki|0 fnt\n|-unboost|p1a: Sneasler|def|1\n|-unboost|p1a: Sneasler|spd|1\n|faint|p2a: Ibuki\n|\n|upkeep\n|\n|t:|1700141167\n|switch|p2a: Ibaraki|Kingambit, F|100\/100\n|-activate|p2a: Ibaraki|ability: Supreme Overlord\n|-start|p2a: Ibaraki|fallen3|[silent]\n|turn|15\n|\n|t:|1700141174\n|switch|p1a: Moltres|Moltres|26\/100\n|move|p2a: Ibaraki|Sucker Punch||[still]\n|-fail|p2a: Ibaraki\n|\n|upkeep\n|turn|16\n|\n|t:|1700141178\n|-end|p2a: Ibaraki|fallen3|[silent]\n|switch|p2a: Toraguma|Iron Valiant|100\/100\n|-enditem|p2a: Toraguma|Booster Energy\n|-activate|p2a: Toraguma|ability: Quark Drive|[fromitem]\n|-start|p2a: Toraguma|quarkdrivespe\n|move|p1a: Moltres|Roost|p1a: Moltres\n|-heal|p1a: Moltres|76\/100\n|-singleturn|p1a: Moltres|move: Roost\n|\n|upkeep\n|turn|17\n|\n|t:|1700141186\n|move|p2a: Toraguma|Thunderbolt|p1a: Moltres\n|-supereffective|p1a: Moltres\n|-damage|p1a: Moltres|14\/100\n|-status|p1a: Moltres|par\n|move|p1a: Moltres|Hurricane|p2a: Toraguma\n|-supereffective|p2a: Toraguma\n|-damage|p2a: Toraguma|0 fnt\n|faint|p2a: Toraguma\n|-end|p2a: Toraguma|Quark Drive|[silent]\n|\n|upkeep\n|\n|t:|1700141194\n|switch|p2a: Kuma|Ogerpon-Wellspring, F|100\/100\n|turn|18\n|\n|t:|1700141206\n|move|p2a: Kuma|Ivy Cudgel|p1a: Moltres|[anim] Ivy Cudgel Water\n|-supereffective|p1a: Moltres\n|-damage|p1a: Moltres|0 fnt\n|faint|p1a: Moltres\n|\n|upkeep\n|\n|t:|1700141210\n|switch|p1a: Rillaboom|Rillaboom, M|100\/100\n|-fieldstart|move: Grassy Terrain|[from] ability: Grassy Surge|[of] p1a: Rillaboom\n|turn|19\n|\n|t:|1700141213\n|move|p2a: Kuma|Power Whip|p1a: Rillaboom|[miss]\n|-miss|p2a: Kuma|p1a: Rillaboom\n|move|p1a: Rillaboom|Wood Hammer|p2a: Kuma\n|-damage|p2a: Kuma|0 fnt\n|faint|p2a: Kuma\n|-damage|p1a: Rillaboom|71\/100|[from] Recoil\n|\n|-heal|p1a: Rillaboom|78\/100|[from] Grassy Terrain\n|upkeep\n|\n|t:|1700141216\n|switch|p2a: Ibaraki|Kingambit, F|100\/100\n|-activate|p2a: Ibaraki|ability: Supreme Overlord\n|-start|p2a: Ibaraki|fallen5|[silent]\n|turn|20\n|\n|t:|1700141222\n|move|p2a: Ibaraki|Sucker Punch|p1a: Rillaboom\n|-damage|p1a: Rillaboom|0 fnt\n|faint|p1a: Rillaboom\n|\n|upkeep\n|\n|t:|1700141228\n|switch|p1a: Gholdengo|Gholdengo|100\/100\n|turn|21\n|\n|t:|1700141242\n|move|p2a: Ibaraki|Sucker Punch||[still]\n|-fail|p2a: Ibaraki\n|move|p1a: Gholdengo|Trick|p2a: Ibaraki\n|-activate|p1a: Gholdengo|move: Trick|[of] p2a: Ibaraki\n|-item|p2a: Ibaraki|Choice Scarf|[from] move: Trick\n|-item|p1a: Gholdengo|Black Glasses|[from] move: Trick\n|\n|upkeep\n|turn|22\n|\n|t:|1700141254\n|switch|p1a: Sneasler|Sneasler, M, tera:Flying|33\/100\n|move|p2a: Ibaraki|Sucker Punch||[still]\n|-fail|p2a: Ibaraki\n|\n|upkeep\n|turn|23\n|\n|t:|1700141258\n|move|p2a: Ibaraki|Sucker Punch|p1a: Sneasler\n|-damage|p1a: Sneasler|0 fnt\n|faint|p1a: Sneasler\n|\n|-fieldend|move: Grassy Terrain\n|upkeep\n|\n|t:|1700141261\n|switch|p1a: Gholdengo|Gholdengo|100\/100\n|turn|24\n|\n|t:|1700141265\n|move|p2a: Ibaraki|Sucker Punch||[still]\n|-fail|p2a: Ibaraki\n|move|p1a: Gholdengo|Trick|p2a: Ibaraki\n|-activate|p1a: Gholdengo|move: Trick|[of] p2a: Ibaraki\n|-item|p2a: Ibaraki|Black Glasses|[from] move: Trick\n|-item|p1a: Gholdengo|Choice Scarf|[from] move: Trick\n|\n|upkeep\n|turn|25\n|\n|t:|1700141275\n|move|p1a: Gholdengo|Trick|p2a: Ibaraki\n|-activate|p1a: Gholdengo|move: Trick|[of] p2a: Ibaraki\n|-item|p2a: Ibaraki|Choice Scarf|[from] move: Trick\n|-item|p1a: Gholdengo|Black Glasses|[from] move: Trick\n|move|p2a: Ibaraki|Kowtow Cleave|p1a: Gholdengo\n|-supereffective|p1a: Gholdengo\n|-damage|p1a: Gholdengo|0 fnt\n|faint|p1a: Gholdengo\n|\n|win|Aztec Priest\n|raw|top500all's rating: 1319 &rarr; <strong>1305<\/strong><br \/>(-14 for losing)\n|raw|Aztec Priest's rating: 1419 &rarr; <strong>1433<\/strong><br \/>(+14 for winning)\n","uploadtime":1700141281,"views":39,"p1id":"top500all","p2id":"aztecpriest","formatid":"gen9ou","rating":1305,"private":0,"password":""}