{"id":"gen9ou-1991811147","p1":"AILISTEN","p2":"Arushd02","format":"[Gen 9] OU","log":"|j|\u2606AILISTEN\n|j|\u2606Arushd02\n|t:|1700121672\n|gametype|singles\n|player|p1|AILISTEN|102|1295\n|player|p2|Arushd02|2|1190\n|teamsize|p1|6\n|teamsize|p2|6\n|gen|9\n|tier|[Gen 9] OU\n|rated|\n|rule|Sleep Clause Mod: Limit one foe put to sleep\n|rule|Species Clause: Limit one of each Pok\u00e9mon\n|rule|OHKO Clause: OHKO moves are banned\n|rule|Evasion Items Clause: Evasion items are banned\n|rule|Evasion Moves Clause: Evasion moves are banned\n|rule|Endless Battle Clause: Forcing endless battles is banned\n|rule|HP Percentage Mod: HP is shown in percentages\n|clearpoke\n|poke|p1|Alomomola, M|\n|poke|p1|Dragapult, M|\n|poke|p1|Sneasler, F|\n|poke|p1|Landorus-Therian, M|\n|poke|p1|Blissey, F|\n|poke|p1|Cinderace, M|\n|poke|p2|Samurott-Hisui, M|\n|poke|p2|Ceruledge, F|\n|poke|p2|Gholdengo|\n|poke|p2|Weavile, F|\n|poke|p2|Heatran, M|\n|poke|p2|Rillaboom, F|\n|teampreview\n|\n|t:|1700121678\n|start\n|switch|p1a: Sneasler|Sneasler, F|100\/100\n|switch|p2a: Samurott|Samurott-Hisui, M|100\/100\n|turn|1\n|\n|t:|1700121688\n|move|p1a: Sneasler|Fake Out|p2a: Samurott\n|-damage|p2a: Samurott|81\/100\n|-status|p2a: Samurott|psn|[from] ability: Poison Touch|[of] p1a: Sneasler\n|cant|p2a: Samurott|flinch\n|\n|-damage|p2a: Samurott|69\/100 psn|[from] psn\n|upkeep\n|turn|2\n|\n|t:|1700121696\n|switch|p2a: Ceruledge|Ceruledge, F|100\/100\n|move|p1a: Sneasler|Close Combat|p2a: Ceruledge\n|-immune|p2a: Ceruledge\n|\n|upkeep\n|turn|3\n|\n|t:|1700121704\n|move|p1a: Sneasler|U-turn|p2a: Ceruledge\n|-resisted|p2a: Ceruledge\n|-damage|p2a: Ceruledge|91\/100\n|-ability|p2a: Ceruledge|Weak Armor|boost\n|-unboost|p2a: Ceruledge|def|1\n|-boost|p2a: Ceruledge|spe|2\n|\n|t:|1700121710\n|switch|p1a: Landorus|Landorus-Therian, M|100\/100|[from] U-turn\n|-ability|p1a: Landorus|Intimidate|boost\n|-unboost|p2a: Ceruledge|atk|1\n|move|p2a: Ceruledge|Swords Dance|p2a: Ceruledge\n|-boost|p2a: Ceruledge|atk|2\n|\n|upkeep\n|turn|4\n|\n|t:|1700121721\n|move|p2a: Ceruledge|Poltergeist|p1a: Landorus\n|-activate|p1a: Landorus|move: Poltergeist|Leftovers\n|-damage|p1a: Landorus|23\/100\n|move|p1a: Landorus|Earthquake|p2a: Ceruledge\n|-supereffective|p2a: Ceruledge\n|-damage|p2a: Ceruledge|0 fnt\n|faint|p2a: Ceruledge\n|\n|-heal|p1a: Landorus|30\/100|[from] item: Leftovers\n|upkeep\n|\n|t:|1700121726\n|switch|p2a: Samurott|Samurott-Hisui, M|69\/100 psn\n|turn|5\n|\n|t:|1700121736\n|move|p2a: Samurott|Sucker Punch|p1a: Landorus\n|-damage|p1a: Landorus|0 fnt\n|faint|p1a: Landorus\n|\n|-damage|p2a: Samurott|56\/100 psn|[from] psn\n|upkeep\n|\n|t:|1700121743\n|switch|p1a: Sneasler|Sneasler, F|100\/100\n|turn|6\n|\n|t:|1700121752\n|move|p1a: Sneasler|U-turn|p2a: Samurott\n|-supereffective|p2a: Samurott\n|-damage|p2a: Samurott|0 fnt\n|faint|p2a: Samurott\n|\n|t:|1700121762\n|switch|p1a: Blissey|Blissey, F|100\/100|[from] U-turn\n|\n|upkeep\n|\n|t:|1700121787\n|switch|p2a: Rillaboom|Rillaboom, F|100\/100\n|-fieldstart|move: Grassy Terrain|[from] ability: Grassy Surge|[of] p2a: Rillaboom\n|turn|7\n|\n|t:|1700121793\n|move|p2a: Rillaboom|Wood Hammer|p1a: Blissey\n|-damage|p1a: Blissey|25\/100\n|-damage|p2a: Rillaboom|53\/100|[from] Recoil\n|move|p1a: Blissey|Flamethrower|p2a: Rillaboom\n|-supereffective|p2a: Rillaboom\n|-damage|p2a: Rillaboom|0 fnt\n|faint|p2a: Rillaboom\n|\n|-heal|p1a: Blissey|31\/100|[from] Grassy Terrain\n|upkeep\n|\n|t:|1700121808\n|switch|p2a: Weavile|Weavile, F|100\/100\n|turn|8\n|\n|t:|1700121821\n|switch|p1a: Alomomola|Alomomola, M|100\/100\n|move|p2a: Weavile|Knock Off|p1a: Alomomola\n|-damage|p1a: Alomomola|61\/100\n|-damage|p2a: Weavile|84\/100|[from] item: Rocky Helmet|[of] p1a: Alomomola\n|-enditem|p1a: Alomomola|Rocky Helmet|[from] move: Knock Off|[of] p2a: Weavile\n|\n|-heal|p2a: Weavile|90\/100|[from] Grassy Terrain\n|-heal|p1a: Alomomola|67\/100|[from] Grassy Terrain\n|upkeep\n|turn|9\n|inactive|Battle timer is ON: inactive players will automatically lose when time's up. (requested by Arushd02)\n|\n|t:|1700121846\n|switch|p2a: Gholdengo|Gholdengo|100\/100\n|move|p1a: Alomomola|Wish|p1a: Alomomola\n|\n|-heal|p1a: Alomomola|73\/100|[from] Grassy Terrain\n|upkeep\n|turn|10\n|\n|t:|1700121855\n|move|p2a: Gholdengo|Trick|p1a: Alomomola\n|-activate|p2a: Gholdengo|move: Trick|[of] p1a: Alomomola\n|-item|p1a: Alomomola|Choice Scarf|[from] move: Trick\n|-enditem|p2a: Gholdengo|Choice Scarf|[silent]|[from] move: Trick\n|move|p1a: Alomomola|Flip Turn|p2a: Gholdengo\n|-damage|p2a: Gholdengo|80\/100\n|\n|t:|1700121860\n|switch|p1a: Blissey|Blissey, F|31\/100|[from] Flip Turn\n|\n|-heal|p1a: Blissey|72\/100|[from] move: Wish|[wisher] Alomomola\n|-heal|p2a: Gholdengo|86\/100|[from] Grassy Terrain\n|-heal|p1a: Blissey|78\/100|[from] Grassy Terrain\n|upkeep\n|turn|11\n|\n|t:|1700121869\n|switch|p2a: Heatran|Heatran, M|100\/100\n|move|p1a: Blissey|Focus Blast|p2a: Heatran\n|-supereffective|p2a: Heatran\n|-damage|p2a: Heatran|44\/100\n|\n|-heal|p2a: Heatran|50\/100|[from] Grassy Terrain\n|-heal|p1a: Blissey|84\/100|[from] Grassy Terrain\n|-fieldend|move: Grassy Terrain\n|upkeep\n|turn|12\n|\n|t:|1700121880\n|switch|p2a: Gholdengo|Gholdengo|86\/100\n|move|p1a: Blissey|Thunderbolt|p2a: Gholdengo\n|-damage|p2a: Gholdengo|58\/100\n|-status|p2a: Gholdengo|par\n|\n|upkeep\n|turn|13\n|\n|t:|1700121893\n|move|p2a: Gholdengo|Focus Blast|p1a: Blissey\n|-supereffective|p1a: Blissey\n|-damage|p1a: Blissey|51\/100\n|move|p1a: Blissey|Flamethrower|p2a: Gholdengo\n|-supereffective|p2a: Gholdengo\n|-damage|p2a: Gholdengo|0 fnt\n|faint|p2a: Gholdengo\n|\n|upkeep\n|-message|Arushd02 forfeited.\n|\n|win|AILISTEN\n|raw|AILISTEN's rating: 1295 &rarr; <strong>1313<\/strong><br \/>(+18 for winning)\n|raw|Arushd02's rating: 1190 &rarr; <strong>1172<\/strong><br \/>(-18 for losing)\n|l|\u2606Arushd02\n","uploadtime":1700121903,"views":10,"p1id":"ailisten","p2id":"arushd02","formatid":"gen9ou","rating":1172,"private":0,"password":""}