{"id":"gen9ou-1989572942","p1":"ourson 97","p2":"xkinzu","format":"[Gen 9] OU","log":"|j|\u2606ourson 97\n|j|\u2606xkinzu\n|t:|1699873290\n|gametype|singles\n|player|p1|ourson 97|ghetsis|1213\n|player|p2|xkinzu|101|1193\n|teamsize|p1|6\n|teamsize|p2|6\n|gen|9\n|tier|[Gen 9] OU\n|rated|\n|rule|Sleep Clause Mod: Limit one foe put to sleep\n|rule|Species Clause: Limit one of each Pok\u00e9mon\n|rule|OHKO Clause: OHKO moves are banned\n|rule|Evasion Items Clause: Evasion items are banned\n|rule|Evasion Moves Clause: Evasion moves are banned\n|rule|Endless Battle Clause: Forcing endless battles is banned\n|rule|HP Percentage Mod: HP is shown in percentages\n|clearpoke\n|poke|p1|Glimmora, M|\n|poke|p1|Ceruledge, M|\n|poke|p1|Ogerpon-Wellspring, F|\n|poke|p1|Kingambit, F|\n|poke|p1|Dragonite, M|\n|poke|p1|Enamorus, F|\n|poke|p2|Breloom, F|\n|poke|p2|Scizor, F|\n|poke|p2|Manaphy|\n|poke|p2|Pelipper, F|\n|poke|p2|Thundurus-Therian, M|\n|poke|p2|Poliwrath, M|\n|teampreview\n|inactive|Battle timer is ON: inactive players will automatically lose when time's up. (requested by ourson 97)\n|\n|t:|1699873305\n|start\n|switch|p1a: Glimmora|Glimmora, M|100\/100\n|switch|p2a: Thundurus|Thundurus-Therian, M|100\/100\n|turn|1\n|\n|t:|1699873311\n|move|p2a: Thundurus|Volt Switch|p1a: Glimmora\n|-damage|p1a: Glimmora|50\/100\n|\n|t:|1699873314\n|switch|p2a: Scizor|Scizor, F|100\/100|[from] Volt Switch\n|move|p1a: Glimmora|Stealth Rock|p2a: Scizor\n|-sidestart|p2: xkinzu|move: Stealth Rock\n|\n|upkeep\n|turn|2\n|\n|t:|1699873320\n|move|p1a: Glimmora|Spikes|p2a: Scizor\n|-sidestart|p2: xkinzu|Spikes\n|move|p2a: Scizor|Defog|p1a: Glimmora\n|-unboost|p1a: Glimmora|evasion|1\n|-sideend|p2: xkinzu|Spikes|[from] move: Defog|[of] p2a: Scizor\n|-sideend|p2: xkinzu|Stealth Rock|[from] move: Defog|[of] p2a: Scizor\n|\n|upkeep\n|turn|3\n|\n|t:|1699873330\n|move|p2a: Scizor|Bullet Punch|p1a: Glimmora\n|-supereffective|p1a: Glimmora\n|-crit|p1a: Glimmora\n|-damage|p1a: Glimmora|0 fnt\n|-activate|p1a: Glimmora|ability: Toxic Debris\n|-sidestart|p2: xkinzu|move: Toxic Spikes\n|faint|p1a: Glimmora\n|\n|upkeep\n|\n|t:|1699873339\n|switch|p1a: Ceruledge|Ceruledge, M|100\/100\n|turn|4\n|\n|t:|1699873344\n|switch|p2a: Pelipper|Pelipper, F|100\/100\n|-weather|RainDance|[from] ability: Drizzle|[of] p2a: Pelipper\n|move|p1a: Ceruledge|Bitter Blade|p2a: Pelipper\n|-resisted|p2a: Pelipper\n|-damage|p2a: Pelipper|92\/100\n|\n|-weather|RainDance|[upkeep]\n|upkeep\n|turn|5\n|\n|t:|1699873358\n|switch|p1a: Enamorus|Enamorus, F|100\/100\n|switch|p2a: Scizor|Scizor, F|100\/100\n|\n|-weather|RainDance|[upkeep]\n|upkeep\n|turn|6\n|\n|t:|1699873379\n|switch|p1a: Kingambit|Kingambit, F|100\/100\n|-activate|p1a: Kingambit|ability: Supreme Overlord\n|-start|p1a: Kingambit|fallen1|[silent]\n|move|p2a: Scizor|Defog|p1a: Kingambit\n|-unboost|p1a: Kingambit|evasion|1\n|-sideend|p2: xkinzu|Toxic Spikes|[from] move: Defog|[of] p2a: Scizor\n|\n|-weather|RainDance|[upkeep]\n|upkeep\n|turn|7\n|\n|t:|1699873386\n|move|p1a: Kingambit|Low Kick|p2a: Scizor\n|-damage|p2a: Scizor|67\/100\n|move|p2a: Scizor|U-turn|p1a: Kingambit\n|-damage|p1a: Kingambit|72\/100\n|\n|t:|1699873392\n|switch|p2a: Breloom|Breloom, F|100\/100|[from] U-turn\n|\n|-weather|RainDance|[upkeep]\n|-status|p2a: Breloom|tox|[from] item: Toxic Orb\n|upkeep\n|turn|8\n|\n|t:|1699873402\n|move|p1a: Kingambit|Iron Head|p2a: Breloom\n|-damage|p2a: Breloom|61\/100 tox\n|move|p2a: Breloom|Substitute|p2a: Breloom\n|-start|p2a: Breloom|Substitute\n|-damage|p2a: Breloom|36\/100 tox\n|\n|-weather|RainDance|[upkeep]\n|-heal|p2a: Breloom|49\/100 tox|[from] ability: Poison Heal\n|upkeep\n|turn|9\n|\n|t:|1699873410\n|-singleturn|p2a: Breloom|move: Focus Punch\n|move|p1a: Kingambit|Iron Head|p2a: Breloom\n|-end|p2a: Breloom|Substitute\n|move|p2a: Breloom|Focus Punch|p1a: Kingambit\n|-supereffective|p1a: Kingambit\n|-damage|p1a: Kingambit|0 fnt\n|faint|p1a: Kingambit\n|-end|p1a: Kingambit|fallen1|[silent]\n|\n|-weather|RainDance|[upkeep]\n|-heal|p2a: Breloom|61\/100 tox|[from] ability: Poison Heal\n|upkeep\n|\n|t:|1699873421\n|switch|p1a: Enamorus|Enamorus, F|100\/100\n|turn|10\n|\n|t:|1699873437\n|switch|p2a: Thundurus|Thundurus-Therian, M|100\/100\n|move|p1a: Enamorus|Moonblast|p2a: Thundurus\n|-damage|p2a: Thundurus|33\/100\n|\n|-weather|RainDance|[upkeep]\n|upkeep\n|turn|11\n|\n|t:|1699873443\n|move|p1a: Enamorus|Moonblast|p2a: Thundurus\n|-damage|p2a: Thundurus|0 fnt\n|faint|p2a: Thundurus\n|\n|-weather|none\n|upkeep\n|\n|t:|1699873448\n|switch|p2a: Pelipper|Pelipper, F|92\/100\n|-weather|RainDance|[from] ability: Drizzle|[of] p2a: Pelipper\n|turn|12\n|\n|t:|1699873452\n|move|p1a: Enamorus|Moonblast|p2a: Pelipper\n|-crit|p2a: Pelipper\n|-damage|p2a: Pelipper|0 fnt\n|faint|p2a: Pelipper\n|\n|-weather|RainDance|[upkeep]\n|upkeep\n|\n|t:|1699873458\n|switch|p2a: Poliwrath|Poliwrath, M|100\/100\n|turn|13\n|\n|t:|1699873463\n|-terastallize|p2a: Poliwrath|Steel\n|move|p2a: Poliwrath|Belly Drum|p2a: Poliwrath\n|-damage|p2a: Poliwrath|51\/100\n|-setboost|p2a: Poliwrath|atk|6|[from] move: Belly Drum\n|move|p1a: Enamorus|Moonblast|p2a: Poliwrath\n|-resisted|p2a: Poliwrath\n|-damage|p2a: Poliwrath|22\/100\n|\n|-weather|RainDance|[upkeep]\n|upkeep\n|turn|14\n|\n|t:|1699873471\n|move|p2a: Poliwrath|Liquidation|p1a: Enamorus\n|-damage|p1a: Enamorus|0 fnt\n|faint|p1a: Enamorus\n|\n|-weather|RainDance|[upkeep]\n|upkeep\n|\n|t:|1699873480\n|switch|p1a: Dragonite|Dragonite, M|100\/100\n|turn|15\n|\n|t:|1699873486\n|move|p2a: Poliwrath|Liquidation|p1a: Dragonite\n|-resisted|p1a: Dragonite\n|-damage|p1a: Dragonite|41\/100\n|move|p1a: Dragonite|Earthquake|p2a: Poliwrath\n|-supereffective|p2a: Poliwrath\n|-damage|p2a: Poliwrath|0 fnt\n|faint|p2a: Poliwrath\n|\n|-weather|RainDance|[upkeep]\n|upkeep\n|\n|t:|1699873508\n|switch|p2a: Breloom|Breloom, F|61\/100 tox\n|turn|16\n|\n|t:|1699873513\n|move|p1a: Dragonite|Extreme Speed|p2a: Breloom\n|-damage|p2a: Breloom|32\/100 tox\n|move|p2a: Breloom|Substitute|p2a: Breloom\n|-start|p2a: Breloom|Substitute\n|-damage|p2a: Breloom|7\/100 tox\n|\n|-weather|RainDance|[upkeep]\n|-heal|p2a: Breloom|19\/100 tox|[from] ability: Poison Heal\n|upkeep\n|turn|17\n|\n|t:|1699873521\n|-singleturn|p2a: Breloom|move: Focus Punch\n|move|p1a: Dragonite|Extreme Speed|p2a: Breloom\n|-end|p2a: Breloom|Substitute\n|move|p2a: Breloom|Focus Punch|p1a: Dragonite\n|-resisted|p1a: Dragonite\n|-crit|p1a: Dragonite\n|-damage|p1a: Dragonite|0 fnt\n|faint|p1a: Dragonite\n|\n|-weather|RainDance|[upkeep]\n|-heal|p2a: Breloom|32\/100 tox|[from] ability: Poison Heal\n|upkeep\n|\n|t:|1699873526\n|switch|p1a: Ogerpon|Ogerpon-Wellspring, F|100\/100\n|turn|18\n|\n|t:|1699873535\n|move|p1a: Ogerpon|Power Whip|p2a: Breloom\n|-resisted|p2a: Breloom\n|-damage|p2a: Breloom|3\/100 tox\n|move|p2a: Breloom|Toxic|p1a: Ogerpon\n|-status|p1a: Ogerpon|tox\n|\n|-weather|RainDance|[upkeep]\n|-damage|p1a: Ogerpon|95\/100 tox|[from] psn\n|-heal|p2a: Breloom|15\/100 tox|[from] ability: Poison Heal\n|upkeep\n|turn|19\n|\n|t:|1699873547\n|switch|p2a: Scizor|Scizor, F|67\/100\n|move|p1a: Ogerpon|Power Whip|p2a: Scizor|[miss]\n|-miss|p1a: Ogerpon|p2a: Scizor\n|\n|-weather|none\n|-heal|p2a: Scizor|73\/100|[from] item: Leftovers\n|-damage|p1a: Ogerpon|83\/100 tox|[from] psn\n|upkeep\n|turn|20\n|\n|t:|1699873557\n|move|p1a: Ogerpon|Ivy Cudgel|p2a: Scizor\n|-damage|p2a: Scizor|23\/100\n|move|p2a: Scizor|Dual Wingbeat|p1a: Ogerpon|[miss]\n|-miss|p2a: Scizor|p1a: Ogerpon\n|\n|-heal|p2a: Scizor|29\/100|[from] item: Leftovers\n|-damage|p1a: Ogerpon|65\/100 tox|[from] psn\n|upkeep\n|turn|21\n|\n|t:|1699873579\n|switch|p2a: Breloom|Breloom, F|15\/100 tox\n|move|p1a: Ogerpon|Ivy Cudgel|p2a: Breloom\n|-resisted|p2a: Breloom\n|-damage|p2a: Breloom|0 fnt\n|faint|p2a: Breloom\n|\n|-damage|p1a: Ogerpon|41\/100 tox|[from] psn\n|upkeep\n|\n|t:|1699873586\n|switch|p2a: Scizor|Scizor, F|29\/100\n|turn|22\n|\n|t:|1699873595\n|switch|p1a: Ceruledge|Ceruledge, M|100\/100\n|move|p2a: Scizor|Bullet Punch|p1a: Ceruledge\n|-resisted|p1a: Ceruledge\n|-damage|p1a: Ceruledge|80\/100\n|-ability|p1a: Ceruledge|Weak Armor|boost\n|-unboost|p1a: Ceruledge|def|1\n|-boost|p1a: Ceruledge|spe|2\n|\n|-heal|p2a: Scizor|35\/100|[from] item: Leftovers\n|upkeep\n|turn|23\n|\n|t:|1699873604\n|move|p1a: Ceruledge|Bitter Blade|p2a: Scizor\n|-supereffective|p2a: Scizor\n|-damage|p2a: Scizor|0 fnt\n|-heal|p1a: Ceruledge|100\/100|[from] drain|[of] p2a: Scizor\n|faint|p2a: Scizor\n|\n|upkeep\n|\n|t:|1699873607\n|switch|p2a: Manaphy|Manaphy|100\/100\n|turn|24\n|\n|t:|1699873611\n|move|p1a: Ceruledge|Poltergeist|p2a: Manaphy\n|-activate|p2a: Manaphy|move: Poltergeist|Leftovers\n|-damage|p2a: Manaphy|40\/100\n|move|p2a: Manaphy|Scald|p1a: Ceruledge\n|-supereffective|p1a: Ceruledge\n|-damage|p1a: Ceruledge|13\/100\n|\n|-heal|p2a: Manaphy|46\/100|[from] item: Leftovers\n|upkeep\n|turn|25\n|\n|t:|1699873619\n|move|p1a: Ceruledge|Poltergeist|p2a: Manaphy\n|-activate|p2a: Manaphy|move: Poltergeist|Leftovers\n|-damage|p2a: Manaphy|0 fnt\n|faint|p2a: Manaphy\n|\n|win|ourson 97\n|raw|ourson 97's rating: 1213 &rarr; <strong>1237<\/strong><br \/>(+24 for winning)\n|raw|xkinzu's rating: 1193 &rarr; <strong>1169<\/strong><br \/>(-24 for losing)\n|l|\u2606xkinzu\n","uploadtime":1699873623,"views":25,"p1id":"ourson97","p2id":"xkinzu","formatid":"gen9ou","rating":1169,"private":0,"password":""}