{"id":"gen9ou-1998195363","p1":"yeziqie","p2":"prayerule","format":"[Gen 9] OU","log":"|j|\u2606yeziqie\n|j|\u2606prayerule\n|t:|1700910474\n|gametype|singles\n|player|p1|yeziqie|266|1368\n|player|p2|prayerule|koga|1256\n|teamsize|p1|6\n|teamsize|p2|6\n|gen|9\n|tier|[Gen 9] OU\n|rated|\n|rule|Sleep Clause Mod: Limit one foe put to sleep\n|rule|Species Clause: Limit one of each Pok\u00e9mon\n|rule|OHKO Clause: OHKO moves are banned\n|rule|Evasion Items Clause: Evasion items are banned\n|rule|Evasion Moves Clause: Evasion moves are banned\n|rule|Endless Battle Clause: Forcing endless battles is banned\n|rule|HP Percentage Mod: HP is shown in percentages\n|clearpoke\n|poke|p1|Ribombee, F|\n|poke|p1|Kleavor, M|\n|poke|p1|Scizor, M|\n|poke|p1|Lokix, F|\n|poke|p1|Yanmega, M|\n|poke|p1|Iron Thorns|\n|poke|p2|Rillaboom, F|\n|poke|p2|Zamazenta-*|\n|poke|p2|Manaphy|\n|poke|p2|Heatran, F|\n|poke|p2|Hatterene, F|\n|poke|p2|Dragonite, M|\n|teampreview\n|j| Sachcue\n|\n|t:|1700910483\n|start\n|switch|p1a: Kleavor|Kleavor, M|100\/100\n|switch|p2a: Hatterene|Hatterene, F|100\/100\n|turn|1\n|\n|t:|1700910488\n|move|p1a: Kleavor|Stone Axe|p2a: Hatterene\n|-damage|p2a: Hatterene|59\/100\n|-sidestart|p2: prayerule|move: Stealth Rock\n|move|p2a: Hatterene|Nuzzle|p1a: Kleavor\n|-damage|p1a: Kleavor|96\/100\n|-status|p1a: Kleavor|par\n|\n|upkeep\n|turn|2\n|\n|t:|1700910495\n|move|p1a: Kleavor|Stone Axe|p2a: Hatterene|[miss]\n|-miss|p1a: Kleavor|p2a: Hatterene\n|move|p2a: Hatterene|Calm Mind|p2a: Hatterene\n|-boost|p2a: Hatterene|spa|1\n|-boost|p2a: Hatterene|spd|1\n|\n|upkeep\n|turn|3\n|\n|t:|1700910502\n|move|p1a: Kleavor|Stone Axe|p2a: Hatterene\n|-damage|p2a: Hatterene|19\/100\n|move|p2a: Hatterene|Draining Kiss|p1a: Kleavor\n|-damage|p1a: Kleavor|45\/100 par\n|-heal|p2a: Hatterene|52\/100|[from] drain|[of] p1a: Kleavor\n|\n|upkeep\n|turn|4\n|\n|t:|1700910510\n|switch|p1a: Scizor|Scizor, M|100\/100\n|move|p2a: Hatterene|Draining Kiss|p1a: Scizor\n|-resisted|p1a: Scizor\n|-damage|p1a: Scizor|79\/100\n|-heal|p2a: Hatterene|69\/100|[from] drain|[of] p1a: Scizor\n|\n|upkeep\n|turn|5\n|\n|t:|1700910519\n|-terastallize|p2a: Hatterene|Water\n|move|p1a: Scizor|U-turn|p2a: Hatterene\n|-damage|p2a: Hatterene|16\/100\n|\n|t:|1700910525\n|switch|p1a: Kleavor|Kleavor, M|45\/100 par|[from] U-turn\n|move|p2a: Hatterene|Nuzzle|p1a: Kleavor\n|-damage|p1a: Kleavor|40\/100 par\n|\n|upkeep\n|turn|6\n|\n|t:|1700910533\n|move|p1a: Kleavor|U-turn|p2a: Hatterene\n|-damage|p2a: Hatterene|0 fnt\n|faint|p2a: Hatterene\n|\n|t:|1700910539\n|switch|p1a: Lokix|Lokix, F|100\/100|[from] U-turn\n|\n|upkeep\n|\n|t:|1700910543\n|switch|p2a: Dragonite|Dragonite, M|100\/100\n|-damage|p2a: Dragonite|76\/100|[from] Stealth Rock\n|turn|7\n|\n|t:|1700910551\n|move|p2a: Dragonite|Extreme Speed|p1a: Lokix\n|-damage|p1a: Lokix|32\/100\n|move|p1a: Lokix|U-turn|p2a: Dragonite\n|-resisted|p2a: Dragonite\n|-damage|p2a: Dragonite|24\/100\n|\n|t:|1700910560\n|switch|p1a: Kleavor|Kleavor, M|40\/100 par|[from] U-turn\n|\n|upkeep\n|turn|8\n|\n|t:|1700910565\n|move|p2a: Dragonite|Extreme Speed|p1a: Kleavor\n|-resisted|p1a: Kleavor\n|-damage|p1a: Kleavor|8\/100 par\n|move|p1a: Kleavor|Stone Axe|p2a: Dragonite\n|-supereffective|p2a: Dragonite\n|-damage|p2a: Dragonite|0 fnt\n|faint|p2a: Dragonite\n|\n|upkeep\n|\n|t:|1700910572\n|switch|p2a: Manaphy|Manaphy|100\/100\n|-damage|p2a: Manaphy|88\/100|[from] Stealth Rock\n|turn|9\n|\n|t:|1700910576\n|move|p2a: Manaphy|Tail Glow|p2a: Manaphy\n|-boost|p2a: Manaphy|spa|3\n|move|p1a: Kleavor|Stone Axe|p2a: Manaphy\n|-damage|p2a: Manaphy|47\/100\n|-enditem|p2a: Manaphy|Sitrus Berry|[eat]\n|-heal|p2a: Manaphy|72\/100|[from] item: Sitrus Berry\n|\n|upkeep\n|turn|10\n|\n|t:|1700910585\n|move|p2a: Manaphy|Surf|p1a: Kleavor\n|-supereffective|p1a: Kleavor\n|-damage|p1a: Kleavor|0 fnt\n|faint|p1a: Kleavor\n|\n|upkeep\n|c|\u2606prayerule|loves a bugs' team\n|\n|t:|1700910595\n|switch|p1a: Ribombee|Ribombee, F|100\/100\n|turn|11\n|\n|t:|1700910598\n|move|p1a: Ribombee|Stun Spore|p2a: Manaphy|[miss]\n|-miss|p1a: Ribombee|p2a: Manaphy\n|move|p2a: Manaphy|Ice Beam|p1a: Ribombee\n|-damage|p1a: Ribombee|15\/100\n|\n|upkeep\n|turn|12\n|\n|t:|1700910605\n|move|p1a: Ribombee|Stun Spore|p2a: Manaphy\n|-status|p2a: Manaphy|par\n|cant|p2a: Manaphy|par\n|\n|upkeep\n|turn|13\n|\n|t:|1700910610\n|move|p1a: Ribombee|Moonblast|p2a: Manaphy\n|-damage|p2a: Manaphy|41\/100 par\n|move|p2a: Manaphy|Surf|p1a: Ribombee\n|-damage|p1a: Ribombee|0 fnt\n|faint|p1a: Ribombee\n|\n|upkeep\n|\n|t:|1700910626\n|switch|p1a: Lokix|Lokix, F|32\/100\n|turn|14\n|\n|t:|1700910630\n|switch|p2a: Zamazenta|Zamazenta|100\/100\n|-damage|p2a: Zamazenta|94\/100|[from] Stealth Rock\n|-ability|p2a: Zamazenta|Dauntless Shield|boost\n|-boost|p2a: Zamazenta|def|1\n|move|p1a: Lokix|Leech Life|p2a: Zamazenta\n|-resisted|p2a: Zamazenta\n|-crit|p2a: Zamazenta\n|-damage|p2a: Zamazenta|32\/100\n|-heal|p1a: Lokix|69\/100|[from] drain|[of] p2a: Zamazenta\n|\n|-heal|p2a: Zamazenta|38\/100|[from] item: Leftovers\n|upkeep\n|turn|15\n|\n|t:|1700910644\n|move|p2a: Zamazenta|Body Press|p1a: Lokix\n|-crit|p1a: Lokix\n|-damage|p1a: Lokix|0 fnt\n|faint|p1a: Lokix\n|\n|-heal|p2a: Zamazenta|44\/100|[from] item: Leftovers\n|upkeep\n|\n|t:|1700910648\n|switch|p1a: Yanmega|Yanmega, M|100\/100\n|turn|16\n|\n|t:|1700910653\n|switch|p2a: Heatran|Heatran, F|100\/100\n|-damage|p2a: Heatran|88\/100|[from] Stealth Rock\n|-item|p2a: Heatran|Air Balloon\n|-terastallize|p1a: Yanmega|Flying\n|move|p1a: Yanmega|Air Slash|p2a: Heatran\n|-resisted|p2a: Heatran\n|-damage|p2a: Heatran|40\/100\n|-enditem|p2a: Heatran|Air Balloon\n|\n|upkeep\n|turn|17\n|\n|t:|1700910665\n|move|p1a: Yanmega|Air Slash|p2a: Heatran\n|-resisted|p2a: Heatran\n|-damage|p2a: Heatran|0 fnt\n|faint|p2a: Heatran\n|\n|upkeep\n|\n|t:|1700910671\n|switch|p2a: Manaphy|Manaphy|41\/100 par\n|-damage|p2a: Manaphy|28\/100 par|[from] Stealth Rock\n|turn|18\n|\n|t:|1700910676\n|move|p1a: Yanmega|Air Slash|p2a: Manaphy\n|-damage|p2a: Manaphy|0 fnt\n|faint|p2a: Manaphy\n|\n|upkeep\n|\n|t:|1700910680\n|switch|p2a: Rillaboom|Rillaboom, F|100\/100\n|-damage|p2a: Rillaboom|88\/100|[from] Stealth Rock\n|-fieldstart|move: Grassy Terrain|[from] ability: Grassy Surge|[of] p2a: Rillaboom\n|turn|19\n|\n|t:|1700910686\n|move|p1a: Yanmega|Air Slash|p2a: Rillaboom\n|-supereffective|p2a: Rillaboom\n|-damage|p2a: Rillaboom|0 fnt\n|faint|p2a: Rillaboom\n|\n|upkeep\n|c|\u2606prayerule|gg\n|-message|prayerule forfeited.\n|\n|win|yeziqie\n|raw|yeziqie's rating: 1368 &rarr; <strong>1382<\/strong><br \/>(+14 for winning)\n|raw|prayerule's rating: 1256 &rarr; <strong>1239<\/strong><br \/>(-17 for losing)\n|l|\u2606prayerule\n","uploadtime":1700910702,"views":11,"p1id":"yeziqie","p2id":"prayerule","formatid":"gen9ou","rating":1239,"private":0,"password":""}