{"id":"gen9ou-1994880409","p1":"Aaaight","p2":"Kantonian Ash","format":"[Gen 9] OU","log":"|j|\u2606Aaaight\n|j|\u2606Kantonian Ash\n|t:|1700501210\n|gametype|singles\n|player|p1|Aaaight|lance|1347\n|player|p2|Kantonian Ash|misty|1386\n|teamsize|p1|6\n|teamsize|p2|6\n|gen|9\n|tier|[Gen 9] OU\n|rated|\n|rule|Sleep Clause Mod: Limit one foe put to sleep\n|rule|Species Clause: Limit one of each Pok\u00e9mon\n|rule|OHKO Clause: OHKO moves are banned\n|rule|Evasion Items Clause: Evasion items are banned\n|rule|Evasion Moves Clause: Evasion moves are banned\n|rule|Endless Battle Clause: Forcing endless battles is banned\n|rule|HP Percentage Mod: HP is shown in percentages\n|clearpoke\n|poke|p1|Great Tusk|\n|poke|p1|Iron Valiant|\n|poke|p1|Ceruledge, M|\n|poke|p1|Scizor, M|\n|poke|p1|Walking Wake|\n|poke|p1|Torkoal, M|\n|poke|p2|Enamorus, F|\n|poke|p2|Zapdos|\n|poke|p2|Decidueye-Hisui, M|\n|poke|p2|Ceruledge, F|\n|poke|p2|Walking Wake|\n|poke|p2|Great Tusk|\n|teampreview\n|inactive|Battle timer is ON: inactive players will automatically lose when time's up. (requested by Kantonian Ash)\n|\n|t:|1700501234\n|start\n|switch|p1a: Torkoal|Torkoal, M|100\/100\n|switch|p2a: Zapdos|Zapdos|100\/100\n|-ability|p2a: Zapdos|Pressure\n|-weather|SunnyDay|[from] ability: Drought|[of] p1a: Torkoal\n|turn|1\n|\n|t:|1700501250\n|move|p2a: Zapdos|Discharge|p1a: Torkoal\n|-damage|p1a: Torkoal|61\/100\n|move|p1a: Torkoal|Fire Blast|p2a: Zapdos\n|-damage|p2a: Zapdos|52\/100\n|\n|-weather|SunnyDay|[upkeep]\n|upkeep\n|turn|2\n|\n|t:|1700501257\n|move|p2a: Zapdos|Light Screen|p2a: Zapdos\n|-sidestart|p2: Kantonian Ash|move: Light Screen\n|move|p1a: Torkoal|Stealth Rock|p2a: Zapdos\n|-sidestart|p2: Kantonian Ash|move: Stealth Rock\n|\n|-weather|SunnyDay|[upkeep]\n|upkeep\n|turn|3\n|\n|t:|1700501263\n|move|p2a: Zapdos|Roost|p2a: Zapdos\n|-heal|p2a: Zapdos|100\/100\n|-singleturn|p2a: Zapdos|move: Roost\n|move|p1a: Torkoal|Yawn|p2a: Zapdos\n|-start|p2a: Zapdos|move: Yawn|[of] p1a: Torkoal\n|\n|-weather|SunnyDay|[upkeep]\n|upkeep\n|turn|4\n|\n|t:|1700501271\n|switch|p2a: Walking Wake|Walking Wake|100\/100\n|-damage|p2a: Walking Wake|88\/100|[from] Stealth Rock\n|-activate|p2a: Walking Wake|ability: Protosynthesis\n|-start|p2a: Walking Wake|protosynthesisspa\n|switch|p1a: Walking Wake|Walking Wake|100\/100\n|-activate|p1a: Walking Wake|ability: Protosynthesis\n|-start|p1a: Walking Wake|protosynthesisspa\n|\n|-weather|SunnyDay|[upkeep]\n|-heal|p2a: Walking Wake|94\/100|[from] item: Leftovers\n|upkeep\n|turn|5\n|\n|t:|1700501284\n|move|p1a: Walking Wake|Draco Meteor|p2a: Walking Wake\n|-supereffective|p2a: Walking Wake\n|-damage|p2a: Walking Wake|0 fnt\n|-unboost|p1a: Walking Wake|spa|2\n|faint|p2a: Walking Wake\n|-end|p2a: Walking Wake|Protosynthesis|[silent]\n|\n|-weather|SunnyDay|[upkeep]\n|upkeep\n|\n|t:|1700501302\n|switch|p2a: Decidueye|Decidueye-Hisui, M, shiny|100\/100\n|-damage|p2a: Decidueye|94\/100|[from] Stealth Rock\n|turn|6\n|\n|t:|1700501307\n|move|p1a: Walking Wake|Flamethrower|p2a: Decidueye\n|-supereffective|p2a: Decidueye\n|-damage|p2a: Decidueye|74\/100\n|-enditem|p2a: Decidueye|Weakness Policy\n|-boost|p2a: Decidueye|atk|2|[from] item: Weakness Policy\n|-boost|p2a: Decidueye|spa|2|[from] item: Weakness Policy\n|move|p2a: Decidueye|Trailblaze|p1a: Walking Wake\n|-damage|p1a: Walking Wake|60\/100\n|-boost|p2a: Decidueye|spe|1\n|\n|-weather|SunnyDay|[upkeep]\n|upkeep\n|turn|7\n|\n|t:|1700501322\n|-end|p1a: Walking Wake|Protosynthesis|[silent]\n|switch|p1a: Torkoal|Torkoal, M|61\/100\n|move|p2a: Decidueye|Bulk Up|p2a: Decidueye\n|-boost|p2a: Decidueye|atk|1\n|-boost|p2a: Decidueye|def|1\n|\n|-weather|SunnyDay|[upkeep]\n|upkeep\n|turn|8\n|\n|t:|1700501331\n|move|p2a: Decidueye|Triple Arrows|p1a: Torkoal\n|-crit|p1a: Torkoal\n|-damage|p1a: Torkoal|0 fnt\n|faint|p1a: Torkoal\n|\n|-weather|none\n|upkeep\n|\n|t:|1700501344\n|switch|p1a: Walking Wake|Walking Wake|60\/100\n|turn|9\n|inactive|Kantonian Ash has 120 seconds left.\n|\n|t:|1700501374\n|move|p1a: Walking Wake|Flamethrower|p2a: Decidueye\n|-supereffective|p2a: Decidueye\n|-damage|p2a: Decidueye|55\/100\n|move|p2a: Decidueye|Triple Arrows|p1a: Walking Wake\n|-damage|p1a: Walking Wake|0 fnt\n|faint|p1a: Walking Wake\n|-end|p1a: Walking Wake|Protosynthesis|[silent]\n|\n|-sideend|p2: Kantonian Ash|move: Light Screen\n|upkeep\n|\n|t:|1700501384\n|switch|p1a: Ceruledge|Ceruledge, M|100\/100\n|turn|10\n|\n|t:|1700501407\n|-terastallize|p1a: Ceruledge|Grass\n|move|p2a: Decidueye|Triple Arrows|p1a: Ceruledge\n|-damage|p1a: Ceruledge|7\/100\n|-unboost|p1a: Ceruledge|def|1\n|-ability|p1a: Ceruledge|Weak Armor|boost\n|-unboost|p1a: Ceruledge|def|1\n|-boost|p1a: Ceruledge|spe|2\n|move|p1a: Ceruledge|Swords Dance|p1a: Ceruledge\n|-boost|p1a: Ceruledge|atk|2\n|\n|upkeep\n|turn|11\n|\n|t:|1700501421\n|switch|p2a: Ceruledge|Ceruledge, F|100\/100\n|-damage|p2a: Ceruledge|76\/100|[from] Stealth Rock\n|move|p1a: Ceruledge|Bitter Blade|p2a: Ceruledge\n|-start|p2a: Ceruledge|ability: Flash Fire\n|\n|-heal|p2a: Ceruledge|82\/100|[from] item: Leftovers\n|upkeep\n|turn|12\n|inactive|Kantonian Ash has 120 seconds left.\n|\n|t:|1700501442\n|-terastallize|p2a: Ceruledge|Bug\n|move|p1a: Ceruledge|Poltergeist|p2a: Ceruledge|[miss]\n|-miss|p1a: Ceruledge|p2a: Ceruledge\n|move|p2a: Ceruledge|Flame Charge|p1a: Ceruledge\n|-supereffective|p1a: Ceruledge\n|-damage|p1a: Ceruledge|0 fnt\n|-boost|p2a: Ceruledge|spe|1\n|faint|p1a: Ceruledge\n|\n|-heal|p2a: Ceruledge|88\/100|[from] item: Leftovers\n|upkeep\n|\n|t:|1700501466\n|switch|p1a: Great Tusk|Great Tusk|100\/100\n|turn|13\n|\n|t:|1700501475\n|move|p2a: Ceruledge|Bitter Blade|p1a: Great Tusk\n|-damage|p1a: Great Tusk|49\/100\n|-heal|p2a: Ceruledge|100\/100|[from] drain|[of] p1a: Great Tusk\n|move|p1a: Great Tusk|Knock Off|p2a: Ceruledge\n|-damage|p2a: Ceruledge|44\/100\n|-enditem|p2a: Ceruledge|Leftovers|[from] move: Knock Off|[of] p1a: Great Tusk\n|\n|upkeep\n|turn|14\n|\n|t:|1700501487\n|move|p2a: Ceruledge|Bitter Blade|p1a: Great Tusk\n|-damage|p1a: Great Tusk|0 fnt\n|-heal|p2a: Ceruledge|78\/100|[from] drain|[of] p1a: Great Tusk\n|faint|p1a: Great Tusk\n|-end|p1a: Great Tusk|Protosynthesis|[silent]\n|\n|upkeep\n|\n|t:|1700501493\n|switch|p1a: Iron Valiant|Iron Valiant|100\/100\n|-enditem|p1a: Iron Valiant|Booster Energy\n|-activate|p1a: Iron Valiant|ability: Quark Drive|[fromitem]\n|-start|p1a: Iron Valiant|quarkdrivespa\n|turn|15\n|\n|t:|1700501501\n|move|p2a: Ceruledge|Bitter Blade|p1a: Iron Valiant\n|-damage|p1a: Iron Valiant|19\/100\n|-heal|p2a: Ceruledge|100\/100|[from] drain|[of] p1a: Iron Valiant\n|move|p1a: Iron Valiant|Agility|p1a: Iron Valiant\n|-boost|p1a: Iron Valiant|spe|2\n|\n|upkeep\n|turn|16\n|\n|t:|1700501513\n|move|p1a: Iron Valiant|Moonblast|p2a: Ceruledge\n|-damage|p2a: Ceruledge|27\/100\n|move|p2a: Ceruledge|Bitter Blade|p1a: Iron Valiant\n|-damage|p1a: Iron Valiant|0 fnt\n|-heal|p2a: Ceruledge|39\/100|[from] drain|[of] p1a: Iron Valiant\n|faint|p1a: Iron Valiant\n|-end|p1a: Iron Valiant|Quark Drive|[silent]\n|\n|upkeep\n|\n|t:|1700501516\n|switch|p1a: Scizor|Scizor, M, shiny|100\/100\n|turn|17\n|\n|t:|1700501523\n|move|p1a: Scizor|Bullet Punch|p2a: Ceruledge\n|-damage|p2a: Ceruledge|0 fnt\n|faint|p2a: Ceruledge\n|\n|upkeep\n|\n|t:|1700501542\n|switch|p2a: Great Tusk|Great Tusk|100\/100\n|turn|18\n|inactive|Aaaight has 120 seconds left.\n|\n|t:|1700501578\n|move|p2a: Great Tusk|Rapid Spin|p1a: Scizor\n|-resisted|p1a: Scizor\n|-damage|p1a: Scizor|91\/100\n|-boost|p2a: Great Tusk|spe|1\n|-sideend|p2: Kantonian Ash|Stealth Rock|[from] move: Rapid Spin|[of] p2a: Great Tusk\n|move|p1a: Scizor|Trailblaze|p2a: Great Tusk\n|-supereffective|p2a: Great Tusk\n|-damage|p2a: Great Tusk|56\/100\n|-boost|p1a: Scizor|spe|1\n|\n|upkeep\n|turn|19\n|inactive|Aaaight has 120 seconds left.\n|\n|t:|1700501612\n|move|p2a: Great Tusk|Close Combat|p1a: Scizor\n|-damage|p1a: Scizor|26\/100\n|-unboost|p2a: Great Tusk|def|1\n|-unboost|p2a: Great Tusk|spd|1\n|move|p1a: Scizor|Swords Dance|p1a: Scizor\n|-boost|p1a: Scizor|atk|2\n|\n|upkeep\n|turn|20\n|\n|t:|1700501621\n|move|p1a: Scizor|Bullet Punch|p2a: Great Tusk\n|-damage|p2a: Great Tusk|0 fnt\n|faint|p2a: Great Tusk\n|-end|p2a: Great Tusk|Protosynthesis|[silent]\n|\n|upkeep\n|\n|t:|1700501625\n|switch|p2a: Zapdos|Zapdos|100\/100\n|-ability|p2a: Zapdos|Pressure\n|turn|21\n|\n|t:|1700501639\n|move|p1a: Scizor|Close Combat|p2a: Zapdos\n|-resisted|p2a: Zapdos\n|-crit|p2a: Zapdos\n|-damage|p2a: Zapdos|28\/100\n|-unboost|p1a: Scizor|def|1\n|-unboost|p1a: Scizor|spd|1\n|move|p2a: Zapdos|Discharge|p1a: Scizor\n|-damage|p1a: Scizor|0 fnt\n|faint|p1a: Scizor\n|\n|win|Kantonian Ash\n|raw|Aaaight's rating: 1347 &rarr; <strong>1329<\/strong><br \/>(-18 for losing)\n|raw|Kantonian Ash's rating: 1386 &rarr; <strong>1404<\/strong><br \/>(+18 for winning)\n|l|\u2606Aaaight\n|c|\u2606Kantonian Ash|close match gg\n","uploadtime":1700501658,"views":6,"p1id":"aaaight","p2id":"kantonianash","formatid":"gen9ou","rating":1329,"private":0,"password":""}