{"id":"gen9ou-1997492813","p1":"knexhawk2","p2":"Steez Ibanez","format":"[Gen 9] OU","log":"|j|\u2606knexhawk2\n|j|\u2606Steez Ibanez\n|t:|1700814858\n|gametype|singles\n|player|p1|knexhawk2|benga|1754\n|player|p2|Steez Ibanez|lance-gen2|1878\n|teamsize|p1|6\n|teamsize|p2|6\n|gen|9\n|tier|[Gen 9] OU\n|rated|\n|rule|Sleep Clause Mod: Limit one foe put to sleep\n|rule|Species Clause: Limit one of each Pok\u00e9mon\n|rule|OHKO Clause: OHKO moves are banned\n|rule|Evasion Items Clause: Evasion items are banned\n|rule|Evasion Moves Clause: Evasion moves are banned\n|rule|Endless Battle Clause: Forcing endless battles is banned\n|rule|HP Percentage Mod: HP is shown in percentages\n|clearpoke\n|poke|p1|Wo-Chien|\n|poke|p1|Talonflame, F|\n|poke|p1|Alomomola, F|\n|poke|p1|Blissey, F|\n|poke|p1|Cyclizar, M|\n|poke|p1|Clodsire, M|\n|poke|p2|Dragapult, M|\n|poke|p2|Zapdos|\n|poke|p2|Kingambit, M|\n|poke|p2|Iron Moth|\n|poke|p2|Ting-Lu|\n|poke|p2|Samurott-Hisui, M|\n|teampreview\n|j| Noobula\n|c|\u2606knexhawk2|gl\n|c|\u2606Steez Ibanez|Hf\n|\n|t:|1700814877\n|start\n|switch|p1a: I own you.|Wo-Chien|100\/100\n|switch|p2a: Amaterasu|Iron Moth|100\/100\n|-ability|p1a: I own you.|Tablets of Ruin\n|turn|1\n|j| dfghhhg\n|\n|t:|1700814879\n|switch|p1a: I'm your mom.|Blissey, F|100\/100\n|move|p2a: Amaterasu|Flamethrower|p1a: I'm your mom.\n|-damage|p1a: I'm your mom.|86\/100\n|\n|upkeep\n|turn|2\n|\n|t:|1700814884\n|move|p2a: Amaterasu|Toxic Spikes|p1a: I'm your mom.\n|-sidestart|p1: knexhawk2|move: Toxic Spikes\n|move|p1a: I'm your mom.|Stealth Rock|p2a: Amaterasu\n|-sidestart|p2: Steez Ibanez|move: Stealth Rock\n|\n|upkeep\n|turn|3\n|\n|t:|1700814889\n|-end|p2a: Amaterasu|Quark Drive|[silent]\n|switch|p2a: Clicker|Ting-Lu|100\/100\n|-damage|p2a: Clicker|94\/100|[from] Stealth Rock\n|-ability|p2a: Clicker|Vessel of Ruin\n|move|p1a: I'm your mom.|Seismic Toss|p2a: Clicker\n|-damage|p2a: Clicker|75\/100\n|\n|-heal|p2a: Clicker|81\/100|[from] item: Leftovers\n|upkeep\n|turn|4\n|\n|t:|1700814892\n|switch|p1a: Your father.|Talonflame, F|100\/100\n|move|p2a: Clicker|Stealth Rock|p1a: Your father.\n|-sidestart|p1: knexhawk2|move: Stealth Rock\n|\n|-heal|p2a: Clicker|87\/100|[from] item: Leftovers\n|upkeep\n|turn|5\n|\n|t:|1700814897\n|switch|p2a: Amaterasu|Iron Moth|100\/100\n|move|p1a: Your father.|Defog|p2a: Amaterasu\n|-unboost|p2a: Amaterasu|evasion|1\n|-sideend|p2: Steez Ibanez|Stealth Rock|[from] move: Defog|[of] p1a: Your father.\n|-sideend|p1: knexhawk2|Toxic Spikes|[from] move: Defog|[of] p1a: Your father.\n|-sideend|p1: knexhawk2|Stealth Rock|[from] move: Defog|[of] p1a: Your father.\n|\n|upkeep\n|turn|6\n|\n|t:|1700814901\n|switch|p1a: I'm your mom.|Blissey, F|86\/100\n|move|p2a: Amaterasu|Toxic Spikes|p1a: I'm your mom.\n|-sidestart|p1: knexhawk2|move: Toxic Spikes\n|\n|upkeep\n|turn|7\n|\n|t:|1700814904\n|-end|p2a: Amaterasu|Quark Drive|[silent]\n|switch|p2a: Clicker|Ting-Lu|87\/100\n|-ability|p2a: Clicker|Vessel of Ruin\n|move|p1a: I'm your mom.|Stealth Rock|p2a: Clicker\n|-sidestart|p2: Steez Ibanez|move: Stealth Rock\n|\n|-heal|p2a: Clicker|93\/100|[from] item: Leftovers\n|upkeep\n|turn|8\n|\n|t:|1700814906\n|switch|p1a: Your father.|Talonflame, F|100\/100\n|move|p2a: Clicker|Stealth Rock|p1a: Your father.\n|-sidestart|p1: knexhawk2|move: Stealth Rock\n|\n|-heal|p2a: Clicker|99\/100|[from] item: Leftovers\n|upkeep\n|turn|9\n|\n|t:|1700814911\n|switch|p2a: Amaterasu|Iron Moth|100\/100\n|move|p1a: Your father.|Will-O-Wisp|p2a: Amaterasu\n|-immune|p2a: Amaterasu\n|\n|upkeep\n|turn|10\n|\n|t:|1700814914\n|switch|p1a: you are my pet|Clodsire, M|100\/100\n|-sideend|p1: knexhawk2|move: Toxic Spikes|[of] p1a: you are my pet\n|-damage|p1a: you are my pet|94\/100|[from] Stealth Rock\n|move|p2a: Amaterasu|Sludge Wave|p1a: you are my pet\n|-resisted|p1a: you are my pet\n|-damage|p1a: you are my pet|85\/100\n|\n|-heal|p1a: you are my pet|91\/100|[from] item: Leftovers\n|upkeep\n|turn|11\n|\n|t:|1700814920\n|-end|p2a: Amaterasu|Quark Drive|[silent]\n|switch|p2a: Clicker|Ting-Lu|99\/100\n|-damage|p2a: Clicker|93\/100|[from] Stealth Rock\n|-ability|p2a: Clicker|Vessel of Ruin\n|move|p1a: you are my pet|Spikes|p2a: Clicker\n|-sidestart|p2: Steez Ibanez|Spikes\n|\n|-heal|p2a: Clicker|99\/100|[from] item: Leftovers\n|-heal|p1a: you are my pet|98\/100|[from] item: Leftovers\n|upkeep\n|turn|12\n|\n|t:|1700814924\n|switch|p1a: You are my son|Alomomola, F|100\/100\n|-damage|p1a: You are my son|88\/100|[from] Stealth Rock\n|move|p2a: Clicker|Ruination|p1a: You are my son\n|-damage|p1a: You are my son|44\/100\n|\n|-heal|p2a: Clicker|100\/100|[from] item: Leftovers\n|upkeep\n|turn|13\n|\n|t:|1700814931\n|switch|p2a: Zeus|Zapdos|100\/100\n|move|p1a: You are my son|Whirlpool|p2a: Zeus\n|-damage|p2a: Zeus|95\/100\n|-activate|p2a: Zeus|move: Whirlpool|[of] p1a: You are my son\n|\n|-damage|p2a: Zeus|82\/100|[from] move: Whirlpool|[partiallytrapped]\n|upkeep\n|turn|14\n|\n|t:|1700814935\n|move|p1a: You are my son|Protect|p1a: You are my son\n|-singleturn|p1a: You are my son|Protect\n|move|p2a: Zeus|Hurricane|p1a: You are my son\n|-activate|p1a: You are my son|move: Protect\n|\n|-damage|p2a: Zeus|70\/100|[from] move: Whirlpool|[partiallytrapped]\n|upkeep\n|turn|15\n|\n|t:|1700814938\n|switch|p1a: ur my lizard|Cyclizar, M|100\/100\n|move|p2a: Zeus|Roost|p2a: Zeus\n|-heal|p2a: Zeus|100\/100\n|-singleturn|p2a: Zeus|move: Roost\n|\n|-end|p2a: Zeus|Whirlpool|[partiallytrapped]|[silent]\n|upkeep\n|turn|16\n|\n|t:|1700814944\n|move|p1a: ur my lizard|Knock Off|p2a: Zeus\n|-damage|p2a: Zeus|80\/100\n|-enditem|p2a: Zeus|Heavy-Duty Boots|[from] move: Knock Off|[of] p1a: ur my lizard\n|move|p2a: Zeus|Volt Switch|p1a: ur my lizard\n|-resisted|p1a: ur my lizard\n|-damage|p1a: ur my lizard|84\/100\n|\n|t:|1700814948\n|switch|p2a: Darth Tyranus|Samurott-Hisui, M|100\/100|[from] Volt Switch\n|\n|upkeep\n|turn|17\n|\n|t:|1700814960\n|move|p1a: ur my lizard|Knock Off|p2a: Darth Tyranus\n|-resisted|p2a: Darth Tyranus\n|-damage|p2a: Darth Tyranus|87\/100\n|-enditem|p2a: Darth Tyranus|Heavy-Duty Boots|[from] move: Knock Off|[of] p1a: ur my lizard\n|move|p2a: Darth Tyranus|Ceaseless Edge|p1a: ur my lizard\n|-damage|p1a: ur my lizard|25\/100\n|-sidestart|p1: knexhawk2|Spikes\n|\n|upkeep\n|turn|18\n|\n|t:|1700814968\n|move|p2a: Darth Tyranus|Sucker Punch|p1a: ur my lizard\n|-crit|p1a: ur my lizard\n|-damage|p1a: ur my lizard|0 fnt\n|faint|p1a: ur my lizard\n|\n|upkeep\n|\n|t:|1700814973\n|switch|p1a: You are my son|Alomomola, F|78\/100\n|-damage|p1a: You are my son|65\/100|[from] Stealth Rock\n|-damage|p1a: You are my son|53\/100|[from] Spikes\n|turn|19\n|\n|t:|1700814976\n|move|p2a: Darth Tyranus|Swords Dance|p2a: Darth Tyranus\n|-boost|p2a: Darth Tyranus|atk|2\n|move|p1a: You are my son|Wish|p1a: You are my son\n|\n|upkeep\n|turn|20\n|\n|t:|1700814982\n|move|p2a: Darth Tyranus|Ceaseless Edge|p1a: You are my son\n|-damage|p1a: You are my son|9\/100\n|-damage|p2a: Darth Tyranus|71\/100|[from] item: Rocky Helmet|[of] p1a: You are my son\n|-sidestart|p1: knexhawk2|Spikes\n|move|p1a: You are my son|Whirlpool|p2a: Darth Tyranus\n|-resisted|p2a: Darth Tyranus\n|-damage|p2a: Darth Tyranus|66\/100\n|-activate|p2a: Darth Tyranus|move: Whirlpool|[of] p1a: You are my son\n|\n|-heal|p1a: You are my son|59\/100|[from] move: Wish|[wisher] You are my son\n|-damage|p2a: Darth Tyranus|54\/100|[from] move: Whirlpool|[partiallytrapped]\n|upkeep\n|turn|21\n|\n|t:|1700814989\n|move|p2a: Darth Tyranus|Swords Dance|p2a: Darth Tyranus\n|-boost|p2a: Darth Tyranus|atk|2\n|move|p1a: You are my son|Wish|p1a: You are my son\n|\n|-damage|p2a: Darth Tyranus|41\/100|[from] move: Whirlpool|[partiallytrapped]\n|upkeep\n|turn|22\n|\n|t:|1700814993\n|switch|p1a: you are my pet|Clodsire, M|98\/100\n|-damage|p1a: you are my pet|91\/100|[from] Stealth Rock\n|-damage|p1a: you are my pet|75\/100|[from] Spikes\n|move|p2a: Darth Tyranus|Ceaseless Edge|p1a: you are my pet\n|-damage|p1a: you are my pet|44\/100\n|-sidestart|p1: knexhawk2|Spikes\n|\n|-heal|p1a: you are my pet|100\/100|[from] move: Wish|[wisher] You are my son\n|-end|p2a: Darth Tyranus|Whirlpool|[partiallytrapped]|[silent]\n|upkeep\n|turn|23\n|\n|t:|1700815001\n|move|p2a: Darth Tyranus|Aqua Cutter|p1a: you are my pet\n|-supereffective|p1a: you are my pet\n|-damage|p1a: you are my pet|25\/100\n|move|p1a: you are my pet|Counter|p2a: Darth Tyranus\n|-damage|p2a: Darth Tyranus|0 fnt\n|faint|p2a: Darth Tyranus\n|\n|-heal|p1a: you are my pet|31\/100|[from] item: Leftovers\n|upkeep\n|\n|t:|1700815007\n|switch|p2a: Toothless|Dragapult, M|100\/100\n|turn|24\n|\n|t:|1700815013\n|switch|p1a: Your father.|Talonflame, F|100\/100\n|move|p2a: Toothless|Dragon Darts|p1a: Your father.\n|-damage|p1a: Your father.|82\/100\n|-anim|p2a: Toothless|Dragon Darts|p1a: Your father.\n|-damage|p1a: Your father.|61\/100\n|\n|upkeep\n|turn|25\n|\n|t:|1700815017\n|move|p2a: Toothless|Thunder Wave|p1a: Your father.\n|-status|p1a: Your father.|par\n|move|p1a: Your father.|Roost|p1a: Your father.\n|-heal|p1a: Your father.|100\/100 par\n|-singleturn|p1a: Your father.|move: Roost\n|\n|upkeep\n|turn|26\n|\n|t:|1700815023\n|move|p2a: Toothless|Hex|p1a: Your father.\n|-damage|p1a: Your father.|28\/100 par\n|move|p1a: Your father.|Defog|p2a: Toothless\n|-unboost|p2a: Toothless|evasion|1\n|-sideend|p2: Steez Ibanez|Spikes|[from] move: Defog|[of] p1a: Your father.\n|-sideend|p2: Steez Ibanez|Stealth Rock|[from] move: Defog|[of] p1a: Your father.\n|-sideend|p1: knexhawk2|Spikes|[from] move: Defog|[of] p1a: Your father.\n|-sideend|p1: knexhawk2|Stealth Rock|[from] move: Defog|[of] p1a: Your father.\n|\n|upkeep\n|turn|27\n|\n|t:|1700815027\n|switch|p1a: I own you.|Wo-Chien|100\/100\n|-ability|p1a: I own you.|Tablets of Ruin\n|move|p2a: Toothless|Dragon Darts|p1a: I own you.\n|-damage|p1a: I own you.|90\/100\n|-anim|p2a: Toothless|Dragon Darts|p1a: I own you.\n|-damage|p1a: I own you.|79\/100\n|\n|-heal|p1a: I own you.|85\/100|[from] item: Leftovers\n|upkeep\n|turn|28\n|\n|t:|1700815045\n|move|p2a: Toothless|U-turn|p1a: I own you.\n|-supereffective|p1a: I own you.\n|-damage|p1a: I own you.|41\/100\n|\n|t:|1700815048\n|switch|p2a: Amaterasu|Iron Moth|100\/100|[from] U-turn\n|move|p1a: I own you.|Knock Off|p2a: Amaterasu\n|-damage|p2a: Amaterasu|46\/100\n|-enditem|p2a: Amaterasu|Heavy-Duty Boots|[from] move: Knock Off|[of] p1a: I own you.\n|\n|-heal|p1a: I own you.|48\/100|[from] item: Leftovers\n|upkeep\n|turn|29\n|j| ghostboy99\n|\n|t:|1700815057\n|switch|p1a: I'm your mom.|Blissey, F|86\/100\n|move|p2a: Amaterasu|Flamethrower|p1a: I'm your mom.\n|-damage|p1a: I'm your mom.|70\/100\n|-status|p1a: I'm your mom.|brn\n|\n|-damage|p1a: I'm your mom.|64\/100 brn|[from] brn\n|upkeep\n|turn|30\n|\n|t:|1700815062\n|move|p2a: Amaterasu|Toxic Spikes|p1a: I'm your mom.\n|-sidestart|p1: knexhawk2|move: Toxic Spikes\n|move|p1a: I'm your mom.|Stealth Rock|p2a: Amaterasu\n|-sidestart|p2: Steez Ibanez|move: Stealth Rock\n|\n|-damage|p1a: I'm your mom.|58\/100 brn|[from] brn\n|upkeep\n|turn|31\n|\n|t:|1700815064\n|move|p2a: Amaterasu|Morning Sun|p2a: Amaterasu\n|-heal|p2a: Amaterasu|96\/100\n|move|p1a: I'm your mom.|Soft-Boiled|p1a: I'm your mom.\n|-heal|p1a: I'm your mom.|100\/100 brn\n|\n|-damage|p1a: I'm your mom.|94\/100 brn|[from] brn\n|upkeep\n|turn|32\n|\n|t:|1700815068\n|-end|p2a: Amaterasu|Quark Drive|[silent]\n|switch|p2a: Toothless|Dragapult, M|100\/100\n|move|p1a: I'm your mom.|Seismic Toss|p2a: Toothless\n|-immune|p2a: Toothless\n|\n|-damage|p1a: I'm your mom.|88\/100 brn|[from] brn\n|upkeep\n|turn|33\n|\n|t:|1700815075\n|-curestatus|p1a: I'm your mom.|brn|[from] ability: Natural Cure\n|switch|p1a: you are my pet|Clodsire, M|31\/100\n|-sideend|p1: knexhawk2|move: Toxic Spikes|[of] p1a: you are my pet\n|move|p2a: Toothless|U-turn|p1a: you are my pet\n|-resisted|p1a: you are my pet\n|-damage|p1a: you are my pet|24\/100\n|l| ghostboy99\n|\n|t:|1700815082\n|switch|p2a: Clicker|Ting-Lu|100\/100|[from] U-turn\n|-damage|p2a: Clicker|94\/100|[from] Stealth Rock\n|-ability|p2a: Clicker|Vessel of Ruin\n|\n|-heal|p2a: Clicker|100\/100|[from] item: Leftovers\n|-heal|p1a: you are my pet|30\/100|[from] item: Leftovers\n|upkeep\n|turn|34\n|\n|t:|1700815095\n|switch|p1a: I own you.|Wo-Chien|48\/100\n|-ability|p1a: I own you.|Tablets of Ruin\n|move|p2a: Clicker|Stealth Rock|p1a: I own you.\n|-sidestart|p1: knexhawk2|move: Stealth Rock\n|\n|-heal|p1a: I own you.|54\/100|[from] item: Leftovers\n|upkeep\n|turn|35\n|\n|t:|1700815100\n|switch|p2a: Amaterasu|Iron Moth|96\/100\n|-damage|p2a: Amaterasu|71\/100|[from] Stealth Rock\n|move|p1a: I own you.|Leech Seed|p2a: Amaterasu\n|-start|p2a: Amaterasu|move: Leech Seed\n|\n|-heal|p1a: I own you.|60\/100|[from] item: Leftovers\n|-damage|p2a: Amaterasu|59\/100|[from] Leech Seed|[of] p1a: I own you.\n|-heal|p1a: I own you.|70\/100|[silent]\n|upkeep\n|turn|36\n|\n|t:|1700815116\n|-end|p2a: Amaterasu|Quark Drive|[silent]\n|switch|p2a: Final Boss|Kingambit, M|100\/100\n|-activate|p2a: Final Boss|ability: Supreme Overlord\n|-start|p2a: Final Boss|fallen1|[silent]\n|switch|p1a: I'm your mom.|Blissey, F|88\/100\n|\n|upkeep\n|turn|37\n|\n|t:|1700815122\n|switch|p1a: I own you.|Wo-Chien|70\/100\n|-damage|p1a: I own you.|57\/100|[from] Stealth Rock\n|-ability|p1a: I own you.|Tablets of Ruin\n|move|p2a: Final Boss|Kowtow Cleave|p1a: I own you.\n|-resisted|p1a: I own you.\n|-damage|p1a: I own you.|43\/100\n|\n|-heal|p1a: I own you.|49\/100|[from] item: Leftovers\n|upkeep\n|turn|38\n|\n|t:|1700815130\n|move|p2a: Final Boss|Iron Head|p1a: I own you.\n|-damage|p1a: I own you.|25\/100\n|move|p1a: I own you.|Leech Seed|p2a: Final Boss\n|-start|p2a: Final Boss|move: Leech Seed\n|\n|-heal|p1a: I own you.|31\/100|[from] item: Leftovers\n|-damage|p2a: Final Boss|88\/100|[from] Leech Seed|[of] p1a: I own you.\n|-heal|p1a: I own you.|43\/100|[silent]\n|upkeep\n|turn|39\n|\n|t:|1700815134\n|-end|p2a: Final Boss|fallen1|[silent]\n|switch|p2a: Zeus|Zapdos|80\/100\n|-damage|p2a: Zeus|55\/100|[from] Stealth Rock\n|move|p1a: I own you.|Leech Seed|p2a: Zeus\n|-start|p2a: Zeus|move: Leech Seed\n|\n|-heal|p1a: I own you.|49\/100|[from] item: Leftovers\n|-damage|p2a: Zeus|42\/100|[from] Leech Seed|[of] p1a: I own you.\n|-heal|p1a: I own you.|62\/100|[silent]\n|upkeep\n|turn|40\n|\n|t:|1700815143\n|switch|p1a: I'm your mom.|Blissey, F|88\/100\n|move|p2a: Zeus|Volt Switch|p1a: I'm your mom.\n|-damage|p1a: I'm your mom.|80\/100\n|\n|t:|1700815146\n|switch|p2a: Toothless|Dragapult, M|100\/100|[from] Volt Switch\n|\n|upkeep\n|turn|41\n|\n|t:|1700815148\n|move|p2a: Toothless|Dragon Darts|p1a: I'm your mom.\n|-damage|p1a: I'm your mom.|55\/100\n|-anim|p2a: Toothless|Dragon Darts|p1a: I'm your mom.\n|-damage|p1a: I'm your mom.|35\/100\n|move|p1a: I'm your mom.|Soft-Boiled|p1a: I'm your mom.\n|-heal|p1a: I'm your mom.|85\/100\n|\n|upkeep\n|turn|42\n|\n|t:|1700815151\n|move|p2a: Toothless|Thunder Wave|p1a: I'm your mom.\n|-status|p1a: I'm your mom.|par\n|cant|p1a: I'm your mom.|par\n|\n|upkeep\n|turn|43\n|\n|t:|1700815154\n|-curestatus|p1a: I'm your mom.|par|[from] ability: Natural Cure\n|switch|p1a: You are my son|Alomomola, F|92\/100\n|-damage|p1a: You are my son|80\/100|[from] Stealth Rock\n|move|p2a: Toothless|Dragon Darts|p1a: You are my son\n|-damage|p1a: You are my son|67\/100\n|-anim|p2a: Toothless|Dragon Darts|p1a: You are my son\n|-damage|p1a: You are my son|56\/100\n|\n|upkeep\n|turn|44\n|\n|t:|1700815158\n|switch|p1a: I own you.|Wo-Chien|62\/100\n|-damage|p1a: I own you.|50\/100|[from] Stealth Rock\n|-ability|p1a: I own you.|Tablets of Ruin\n|move|p2a: Toothless|Thunder Wave|p1a: I own you.\n|-status|p1a: I own you.|par\n|\n|-heal|p1a: I own you.|56\/100 par|[from] item: Leftovers\n|upkeep\n|turn|45\n|\n|t:|1700815161\n|switch|p1a: Your father.|Talonflame, F|28\/100 par\n|move|p2a: Toothless|U-turn|p1a: Your father.\n|-resisted|p1a: Your father.\n|-damage|p1a: Your father.|24\/100 par\n|-status|p2a: Toothless|brn|[from] ability: Flame Body|[of] p1a: Your father.\n|\n|t:|1700815170\n|switch|p2a: Amaterasu|Iron Moth|59\/100|[from] U-turn\n|-damage|p2a: Amaterasu|34\/100|[from] Stealth Rock\n|\n|upkeep\n|turn|46\n|\n|t:|1700815174\n|switch|p1a: I'm your mom.|Blissey, F|85\/100\n|move|p2a: Amaterasu|Sludge Wave|p1a: I'm your mom.\n|-damage|p1a: I'm your mom.|69\/100\n|\n|upkeep\n|turn|47\n|\n|t:|1700815177\n|move|p2a: Amaterasu|Toxic Spikes|p1a: I'm your mom.\n|-sidestart|p1: knexhawk2|move: Toxic Spikes\n|move|p1a: I'm your mom.|Seismic Toss|p2a: Amaterasu\n|-damage|p2a: Amaterasu|1\/100\n|\n|upkeep\n|turn|48\n|j| I love Neco Arc\n|\n|t:|1700815179\n|move|p2a: Amaterasu|Morning Sun|p2a: Amaterasu\n|-heal|p2a: Amaterasu|51\/100\n|move|p1a: I'm your mom.|Soft-Boiled|p1a: I'm your mom.\n|-heal|p1a: I'm your mom.|100\/100\n|\n|upkeep\n|turn|49\n|\n|t:|1700815183\n|move|p2a: Amaterasu|Morning Sun|p2a: Amaterasu\n|-heal|p2a: Amaterasu|100\/100\n|move|p1a: I'm your mom.|Seismic Toss|p2a: Amaterasu\n|-damage|p2a: Amaterasu|67\/100\n|\n|upkeep\n|turn|50\n|\n|t:|1700815187\n|-end|p2a: Amaterasu|Quark Drive|[silent]\n|switch|p2a: Zeus|Zapdos|42\/100\n|-damage|p2a: Zeus|17\/100|[from] Stealth Rock\n|move|p1a: I'm your mom.|Seismic Toss|p2a: Zeus\n|-damage|p2a: Zeus|0 fnt\n|faint|p2a: Zeus\n|\n|upkeep\n|\n|t:|1700815189\n|switch|p2a: Final Boss|Kingambit, M|88\/100\n|-activate|p2a: Final Boss|ability: Supreme Overlord\n|-start|p2a: Final Boss|fallen2|[silent]\n|turn|51\n|\n|t:|1700815196\n|switch|p1a: Your father.|Talonflame, F|24\/100 par\n|move|p2a: Final Boss|Kowtow Cleave|p1a: Your father.\n|-damage|p1a: Your father.|0 fnt\n|faint|p1a: Your father.\n|\n|upkeep\n|\n|t:|1700815203\n|switch|p1a: I own you.|Wo-Chien|56\/100 par\n|-damage|p1a: I own you.|44\/100 par|[from] Stealth Rock\n|-ability|p1a: I own you.|Tablets of Ruin\n|turn|52\n|\n|t:|1700815206\n|move|p2a: Final Boss|Iron Head|p1a: I own you.\n|-damage|p1a: I own you.|15\/100 par\n|move|p1a: I own you.|Leech Seed|p2a: Final Boss\n|-start|p2a: Final Boss|move: Leech Seed\n|\n|-heal|p1a: I own you.|22\/100 par|[from] item: Leftovers\n|-damage|p2a: Final Boss|76\/100|[from] Leech Seed|[of] p1a: I own you.\n|-heal|p1a: I own you.|34\/100 par|[silent]\n|upkeep\n|turn|53\n|\n|t:|1700815216\n|move|p2a: Final Boss|Iron Head|p1a: I own you.\n|-damage|p1a: I own you.|5\/100 par\n|move|p1a: I own you.|Leech Seed||[still]\n|-fail|p1a: I own you.\n|\n|-heal|p1a: I own you.|11\/100 par|[from] item: Leftovers\n|-damage|p2a: Final Boss|63\/100|[from] Leech Seed|[of] p1a: I own you.\n|-heal|p1a: I own you.|23\/100 par|[silent]\n|upkeep\n|turn|54\n|\n|t:|1700815219\n|switch|p1a: You are my son|Alomomola, F|90\/100\n|-damage|p1a: You are my son|77\/100|[from] Stealth Rock\n|-status|p1a: You are my son|psn\n|move|p2a: Final Boss|Iron Head|p1a: You are my son\n|-resisted|p1a: You are my son\n|-damage|p1a: You are my son|63\/100 psn\n|-damage|p2a: Final Boss|47\/100|[from] item: Rocky Helmet|[of] p1a: You are my son\n|\n|-damage|p2a: Final Boss|34\/100|[from] Leech Seed|[of] p1a: You are my son\n|-heal|p1a: You are my son|72\/100 psn|[silent]\n|-damage|p1a: You are my son|59\/100 psn|[from] psn\n|upkeep\n|turn|55\n|\n|t:|1700815224\n|-end|p2a: Final Boss|fallen2|[silent]\n|switch|p2a: Toothless|Dragapult, M|100\/100 brn\n|move|p1a: You are my son|Wish|p1a: You are my son\n|\n|-damage|p1a: You are my son|47\/100 psn|[from] psn\n|-damage|p2a: Toothless|95\/100 brn|[from] brn\n|upkeep\n|turn|56\n|\n|t:|1700815231\n|switch|p1a: you are my pet|Clodsire, M|30\/100\n|-damage|p1a: you are my pet|24\/100|[from] Stealth Rock\n|-sideend|p1: knexhawk2|move: Toxic Spikes|[of] p1a: you are my pet\n|move|p2a: Toothless|U-turn|p1a: you are my pet\n|-resisted|p1a: you are my pet\n|-damage|p1a: you are my pet|20\/100\n|\n|t:|1700815234\n|switch|p2a: Clicker|Ting-Lu|100\/100|[from] U-turn\n|-damage|p2a: Clicker|94\/100|[from] Stealth Rock\n|-ability|p2a: Clicker|Vessel of Ruin\n|\n|-heal|p1a: you are my pet|77\/100|[from] move: Wish|[wisher] You are my son\n|-heal|p2a: Clicker|100\/100|[from] item: Leftovers\n|-heal|p1a: you are my pet|83\/100|[from] item: Leftovers\n|upkeep\n|turn|57\n|j| poodress\n|\n|t:|1700815238\n|switch|p1a: You are my son|Alomomola, F|80\/100 psn\n|-damage|p1a: You are my son|68\/100 psn|[from] Stealth Rock\n|move|p2a: Clicker|Earthquake|p1a: You are my son\n|-damage|p1a: You are my son|48\/100 psn\n|\n|-damage|p1a: You are my son|35\/100 psn|[from] psn\n|upkeep\n|turn|58\n|\n|t:|1700815246\n|move|p2a: Clicker|Earthquake|p1a: You are my son\n|-damage|p1a: You are my son|17\/100 psn\n|move|p1a: You are my son|Wish|p1a: You are my son\n|\n|-damage|p1a: You are my son|4\/100 psn|[from] psn\n|upkeep\n|turn|59\n|\n|t:|1700815253\n|switch|p1a: I own you.|Wo-Chien|23\/100 par\n|-damage|p1a: I own you.|11\/100 par|[from] Stealth Rock\n|-ability|p1a: I own you.|Tablets of Ruin\n|move|p2a: Clicker|Whirlwind|p1a: I own you.\n|drag|p1a: you are my pet|Clodsire, M|83\/100\n|-damage|p1a: you are my pet|77\/100|[from] Stealth Rock\n|\n|-heal|p1a: you are my pet|100\/100|[from] move: Wish|[wisher] You are my son\n|upkeep\n|turn|60\n|\n|t:|1700815257\n|move|p2a: Clicker|Earthquake|p1a: you are my pet\n|-supereffective|p1a: you are my pet\n|-damage|p1a: you are my pet|45\/100\n|move|p1a: you are my pet|Counter|p2a: Clicker\n|-damage|p2a: Clicker|0 fnt\n|faint|p2a: Clicker\n|\n|-heal|p1a: you are my pet|51\/100|[from] item: Leftovers\n|upkeep\n|\n|t:|1700815261\n|switch|p2a: Final Boss|Kingambit, M|34\/100\n|-activate|p2a: Final Boss|ability: Supreme Overlord\n|-start|p2a: Final Boss|fallen3|[silent]\n|turn|61\n|\n|t:|1700815269\n|move|p2a: Final Boss|Kowtow Cleave|p1a: you are my pet\n|-damage|p1a: you are my pet|2\/100\n|move|p1a: you are my pet|Counter|p2a: Final Boss\n|-damage|p2a: Final Boss|0 fnt\n|faint|p2a: Final Boss\n|-end|p2a: Final Boss|fallen3|[silent]\n|\n|-heal|p1a: you are my pet|8\/100|[from] item: Leftovers\n|upkeep\n|\n|t:|1700815274\n|switch|p2a: Toothless|Dragapult, M|95\/100 brn\n|turn|62\n|\n|t:|1700815287\n|-terastallize|p1a: you are my pet|Fairy\n|move|p2a: Toothless|Dragon Darts|p1a: you are my pet\n|-immune|p1a: you are my pet\n|move|p1a: you are my pet|Recover|p1a: you are my pet\n|-heal|p1a: you are my pet|58\/100\n|\n|-heal|p1a: you are my pet|65\/100|[from] item: Leftovers\n|-damage|p2a: Toothless|89\/100 brn|[from] brn\n|upkeep\n|turn|63\n|c|\u2606Steez Ibanez|Thats wilf\n|c|\u2606Steez Ibanez|wild*\n|\n|t:|1700815299\n|move|p2a: Toothless|Thunder Wave|p1a: you are my pet\n|-status|p1a: you are my pet|par\n|cant|p1a: you are my pet|par\n|\n|-heal|p1a: you are my pet|71\/100 par|[from] item: Leftovers\n|-damage|p2a: Toothless|83\/100 brn|[from] brn\n|upkeep\n|turn|64\n|c|\u2606knexhawk2|yeah idk what other tera clod would have\n|c|\u2606knexhawk2|for this set\n|\n|t:|1700815306\n|switch|p2a: Amaterasu|Iron Moth|67\/100\n|-damage|p2a: Amaterasu|42\/100|[from] Stealth Rock\n|move|p1a: you are my pet|Recover|p1a: you are my pet\n|-heal|p1a: you are my pet|100\/100 par\n|\n|upkeep\n|turn|65\n|j| srtyjj\n|\n|t:|1700815309\n|switch|p1a: I'm your mom.|Blissey, F|100\/100\n|move|p2a: Amaterasu|Morning Sun|p2a: Amaterasu\n|-heal|p2a: Amaterasu|92\/100\n|\n|upkeep\n|turn|66\n|j| unzelfriday\n|\n|t:|1700815320\n|move|p2a: Amaterasu|Sludge Wave|p1a: I'm your mom.\n|-damage|p1a: I'm your mom.|85\/100\n|move|p1a: I'm your mom.|Calm Mind|p1a: I'm your mom.\n|-boost|p1a: I'm your mom.|spa|1\n|-boost|p1a: I'm your mom.|spd|1\n|\n|upkeep\n|turn|67\n|\n|t:|1700815323\n|move|p2a: Amaterasu|Sludge Wave|p1a: I'm your mom.\n|-damage|p1a: I'm your mom.|74\/100\n|move|p1a: I'm your mom.|Seismic Toss|p2a: Amaterasu\n|-damage|p2a: Amaterasu|59\/100\n|\n|upkeep\n|turn|68\n|\n|t:|1700815325\n|move|p2a: Amaterasu|Sludge Wave|p1a: I'm your mom.\n|-damage|p1a: I'm your mom.|64\/100\n|move|p1a: I'm your mom.|Seismic Toss|p2a: Amaterasu\n|-damage|p2a: Amaterasu|26\/100\n|\n|upkeep\n|turn|69\n|\n|t:|1700815327\n|move|p2a: Amaterasu|Morning Sun|p2a: Amaterasu\n|-heal|p2a: Amaterasu|76\/100\n|move|p1a: I'm your mom.|Seismic Toss|p2a: Amaterasu\n|-damage|p2a: Amaterasu|42\/100\n|\n|upkeep\n|turn|70\n|\n|t:|1700815330\n|move|p2a: Amaterasu|Sludge Wave|p1a: I'm your mom.\n|-damage|p1a: I'm your mom.|54\/100\n|move|p1a: I'm your mom.|Seismic Toss|p2a: Amaterasu\n|-damage|p2a: Amaterasu|9\/100\n|\n|upkeep\n|turn|71\n|\n|t:|1700815333\n|move|p2a: Amaterasu|Morning Sun|p2a: Amaterasu\n|-heal|p2a: Amaterasu|59\/100\n|move|p1a: I'm your mom.|Seismic Toss|p2a: Amaterasu\n|-damage|p2a: Amaterasu|26\/100\n|\n|upkeep\n|turn|72\n|\n|t:|1700815335\n|move|p2a: Amaterasu|Morning Sun|p2a: Amaterasu\n|-heal|p2a: Amaterasu|76\/100\n|move|p1a: I'm your mom.|Seismic Toss|p2a: Amaterasu\n|-damage|p2a: Amaterasu|42\/100\n|\n|upkeep\n|turn|73\n|\n|t:|1700815338\n|move|p2a: Amaterasu|Morning Sun|p2a: Amaterasu\n|-heal|p2a: Amaterasu|92\/100\n|move|p1a: I'm your mom.|Seismic Toss|p2a: Amaterasu\n|-damage|p2a: Amaterasu|59\/100\n|\n|upkeep\n|turn|74\n|\n|t:|1700815341\n|-end|p2a: Amaterasu|Quark Drive|[silent]\n|switch|p2a: Toothless|Dragapult, M|83\/100 brn\n|move|p1a: I'm your mom.|Seismic Toss|p2a: Toothless\n|-immune|p2a: Toothless\n|\n|-damage|p2a: Toothless|77\/100 brn|[from] brn\n|upkeep\n|turn|75\n|\n|t:|1700815345\n|move|p2a: Toothless|Hex|p1a: I'm your mom.\n|-immune|p1a: I'm your mom.\n|move|p1a: I'm your mom.|Soft-Boiled|p1a: I'm your mom.\n|-heal|p1a: I'm your mom.|100\/100\n|\n|-damage|p2a: Toothless|71\/100 brn|[from] brn\n|upkeep\n|turn|76\n|\n|t:|1700815351\n|move|p2a: Toothless|Hex|p1a: I'm your mom.\n|-immune|p1a: I'm your mom.\n|move|p1a: I'm your mom.|Seismic Toss|p2a: Toothless\n|-immune|p2a: Toothless\n|\n|-damage|p2a: Toothless|65\/100 brn|[from] brn\n|upkeep\n|turn|77\n|l| I love Neco Arc\n|\n|t:|1700815353\n|move|p2a: Toothless|Thunder Wave|p1a: I'm your mom.\n|-status|p1a: I'm your mom.|par\n|move|p1a: I'm your mom.|Calm Mind|p1a: I'm your mom.\n|-boost|p1a: I'm your mom.|spa|1\n|-boost|p1a: I'm your mom.|spd|1\n|\n|-damage|p2a: Toothless|59\/100 brn|[from] brn\n|upkeep\n|turn|78\n|\n|t:|1700815365\n|move|p2a: Toothless|Dragon Darts|p1a: I'm your mom.\n|-damage|p1a: I'm your mom.|89\/100 par\n|-anim|p2a: Toothless|Dragon Darts|p1a: I'm your mom.\n|-damage|p1a: I'm your mom.|79\/100 par\n|move|p1a: I'm your mom.|Calm Mind|p1a: I'm your mom.\n|-boost|p1a: I'm your mom.|spa|1\n|-boost|p1a: I'm your mom.|spd|1\n|\n|-damage|p2a: Toothless|53\/100 brn|[from] brn\n|upkeep\n|turn|79\n|\n|t:|1700815370\n|move|p2a: Toothless|Dragon Darts|p1a: I'm your mom.\n|-damage|p1a: I'm your mom.|68\/100 par\n|-anim|p2a: Toothless|Dragon Darts|p1a: I'm your mom.\n|-damage|p1a: I'm your mom.|57\/100 par\n|move|p1a: I'm your mom.|Calm Mind|p1a: I'm your mom.\n|-boost|p1a: I'm your mom.|spa|1\n|-boost|p1a: I'm your mom.|spd|1\n|\n|-damage|p2a: Toothless|47\/100 brn|[from] brn\n|upkeep\n|turn|80\n|\n|t:|1700815374\n|-curestatus|p1a: I'm your mom.|par|[from] ability: Natural Cure\n|switch|p1a: you are my pet|Clodsire, M, tera:Fairy|100\/100 par\n|-damage|p1a: you are my pet|88\/100 par|[from] Stealth Rock\n|move|p2a: Toothless|Dragon Darts|p1a: you are my pet\n|-immune|p1a: you are my pet\n|\n|-heal|p1a: you are my pet|94\/100 par|[from] item: Leftovers\n|-damage|p2a: Toothless|41\/100 brn|[from] brn\n|upkeep\n|turn|81\n|\n|t:|1700815377\n|move|p2a: Toothless|Hex|p1a: you are my pet\n|-damage|p1a: you are my pet|57\/100 par\n|move|p1a: you are my pet|Spikes|p2a: Toothless\n|-sidestart|p2: Steez Ibanez|Spikes\n|\n|-heal|p1a: you are my pet|63\/100 par|[from] item: Leftovers\n|-damage|p2a: Toothless|35\/100 brn|[from] brn\n|upkeep\n|turn|82\n|\n|t:|1700815382\n|move|p2a: Toothless|Hex|p1a: you are my pet\n|-damage|p1a: you are my pet|28\/100 par\n|move|p1a: you are my pet|Recover|p1a: you are my pet\n|-heal|p1a: you are my pet|78\/100 par\n|\n|-heal|p1a: you are my pet|84\/100 par|[from] item: Leftovers\n|-damage|p2a: Toothless|29\/100 brn|[from] brn\n|upkeep\n|turn|83\n|\n|t:|1700815385\n|switch|p2a: Amaterasu|Iron Moth|59\/100\n|-damage|p2a: Amaterasu|34\/100|[from] Stealth Rock\n|-damage|p2a: Amaterasu|22\/100|[from] Spikes\n|move|p1a: you are my pet|Recover|p1a: you are my pet\n|-heal|p1a: you are my pet|100\/100 par\n|\n|upkeep\n|turn|84\n|\n|t:|1700815388\n|switch|p1a: I'm your mom.|Blissey, F|57\/100\n|move|p2a: Amaterasu|Sludge Wave|p1a: I'm your mom.\n|-damage|p1a: I'm your mom.|40\/100\n|\n|upkeep\n|turn|85\n|\n|t:|1700815392\n|move|p2a: Amaterasu|Sludge Wave|p1a: I'm your mom.\n|-crit|p1a: I'm your mom.\n|-damage|p1a: I'm your mom.|16\/100\n|move|p1a: I'm your mom.|Soft-Boiled|p1a: I'm your mom.\n|-heal|p1a: I'm your mom.|66\/100\n|\n|upkeep\n|turn|86\n|-message|Steez Ibanez forfeited.\n|\n|win|knexhawk2\n|raw|knexhawk2's rating: 1754 &rarr; <strong>1781<\/strong><br \/>(+27 for winning)\n|raw|Steez Ibanez's rating: 1878 &rarr; <strong>1851<\/strong><br \/>(-27 for losing)\n|l|\u2606Steez Ibanez\n|c|\u2606knexhawk2|gg\n","uploadtime":1700815469,"views":38,"p1id":"knexhawk2","p2id":"steezibanez","formatid":"gen9ou","rating":1781,"private":0,"password":""}