{"id":"gen9ou-1993341906","p1":"OniIOkami","p2":"draco9746","format":"[Gen 9] OU","log":"|j|\u2606OniIOkami\n|j|\u2606draco9746\n|t:|1700302118\n|gametype|singles\n|player|p1|OniIOkami|brycenman|1193\n|player|p2|draco9746|cynthia|1212\n|teamsize|p1|6\n|teamsize|p2|6\n|gen|9\n|tier|[Gen 9] OU\n|rated|\n|rule|Sleep Clause Mod: Limit one foe put to sleep\n|rule|Species Clause: Limit one of each Pok\u00e9mon\n|rule|OHKO Clause: OHKO moves are banned\n|rule|Evasion Items Clause: Evasion items are banned\n|rule|Evasion Moves Clause: Evasion moves are banned\n|rule|Endless Battle Clause: Forcing endless battles is banned\n|rule|HP Percentage Mod: HP is shown in percentages\n|clearpoke\n|poke|p1|Iron Moth|\n|poke|p1|Rillaboom, F|\n|poke|p1|Alomomola, F|\n|poke|p1|Slowking-Galar, M|\n|poke|p1|Dragonite, F|\n|poke|p1|Iron Treads|\n|poke|p2|Hatterene, F|\n|poke|p2|Kingambit, M|\n|poke|p2|Ogerpon-Wellspring, F|\n|poke|p2|Dragapult, F|\n|poke|p2|Sneasler, M|\n|poke|p2|Rotom-Wash|\n|teampreview\n|inactive|Battle timer is ON: inactive players will automatically lose when time's up. (requested by draco9746)\n|\n|t:|1700302150\n|start\n|switch|p1a: Slowking|Slowking-Galar, M|100\/100\n|switch|p2a: Dragapult|Dragapult, F|100\/100\n|turn|1\n|\n|t:|1700302161\n|move|p2a: Dragapult|Shadow Ball|p1a: Slowking\n|-supereffective|p1a: Slowking\n|-damage|p1a: Slowking|25\/100\n|move|p1a: Slowking|Future Sight|p2a: Dragapult\n|-start|p1a: Slowking|move: Future Sight\n|\n|upkeep\n|turn|2\n|inactive|OniIOkami has 120 seconds left.\n|\n|t:|1700302192\n|switch|p1a: Alomomola|Alomomola, F|100\/100\n|move|p2a: Dragapult|Shadow Ball|p1a: Alomomola\n|-damage|p1a: Alomomola|36\/100\n|-unboost|p1a: Alomomola|spd|1\n|\n|upkeep\n|turn|3\n|\n|t:|1700302203\n|move|p1a: Alomomola|Protect|p1a: Alomomola\n|-singleturn|p1a: Alomomola|Protect\n|move|p2a: Dragapult|Shadow Ball|p1a: Alomomola\n|-activate|p1a: Alomomola|move: Protect\n|\n|-end|p2a: Dragapult|move: Future Sight\n|-crit|p2a: Dragapult\n|-damage|p2a: Dragapult|0 fnt\n|faint|p2a: Dragapult\n|upkeep\n|\n|t:|1700302221\n|switch|p2a: Ogerpon|Ogerpon-Wellspring, F|100\/100\n|turn|4\n|\n|t:|1700302235\n|switch|p1a: Rillaboom|Rillaboom, F|100\/100\n|-fieldstart|move: Grassy Terrain|[from] ability: Grassy Surge|[of] p1a: Rillaboom\n|move|p2a: Ogerpon|Horn Leech|p1a: Rillaboom\n|-resisted|p1a: Rillaboom\n|-damage|p1a: Rillaboom|70\/100\n|\n|-heal|p1a: Rillaboom|76\/100|[from] Grassy Terrain\n|-heal|p1a: Rillaboom|82\/100|[from] item: Leftovers\n|upkeep\n|turn|5\n|\n|t:|1700302246\n|move|p2a: Ogerpon|U-turn|p1a: Rillaboom\n|-supereffective|p1a: Rillaboom\n|-damage|p1a: Rillaboom|20\/100\n|\n|t:|1700302253\n|switch|p2a: Hatterene|Hatterene, F|100\/100|[from] U-turn\n|move|p1a: Rillaboom|U-turn|p2a: Hatterene\n|-damage|p2a: Hatterene|82\/100\n|\n|t:|1700302258\n|switch|p1a: Iron Treads|Iron Treads|100\/100|[from] U-turn\n|\n|-heal|p2a: Hatterene|88\/100|[from] Grassy Terrain\n|-heal|p2a: Hatterene|94\/100|[from] item: Leftovers\n|upkeep\n|turn|6\n|\n|t:|1700302267\n|switch|p2a: Rotom|Rotom-Wash|100\/100\n|move|p1a: Iron Treads|Iron Head|p2a: Rotom\n|-resisted|p2a: Rotom\n|-damage|p2a: Rotom|93\/100\n|\n|-heal|p2a: Rotom|99\/100|[from] item: Leftovers\n|upkeep\n|turn|7\n|\n|t:|1700302275\n|move|p1a: Iron Treads|Stealth Rock|p2a: Rotom\n|-sidestart|p2: draco9746|move: Stealth Rock\n|move|p2a: Rotom|Thunder Wave|p1a: Iron Treads\n|-immune|p1a: Iron Treads\n|\n|-heal|p2a: Rotom|100\/100|[from] item: Leftovers\n|upkeep\n|turn|8\n|\n|t:|1700302283\n|move|p1a: Iron Treads|Iron Head|p2a: Rotom\n|-resisted|p2a: Rotom\n|-damage|p2a: Rotom|93\/100\n|cant|p2a: Rotom|flinch\n|\n|-heal|p2a: Rotom|99\/100|[from] item: Leftovers\n|-fieldend|move: Grassy Terrain\n|upkeep\n|turn|9\n|\n|t:|1700302291\n|move|p1a: Iron Treads|Iron Head|p2a: Rotom\n|-resisted|p2a: Rotom\n|-damage|p2a: Rotom|92\/100\n|cant|p2a: Rotom|flinch\n|\n|-heal|p2a: Rotom|98\/100|[from] item: Leftovers\n|upkeep\n|turn|10\n|\n|t:|1700302299\n|-end|p1a: Iron Treads|Quark Drive|[silent]\n|switch|p1a: Slowking|Slowking-Galar, M|59\/100\n|move|p2a: Rotom|Hydro Pump|p1a: Slowking\n|-damage|p1a: Slowking|30\/100\n|\n|-heal|p2a: Rotom|100\/100|[from] item: Leftovers\n|upkeep\n|turn|11\n|\n|t:|1700302307\n|move|p2a: Rotom|Hydro Pump|p1a: Slowking|[miss]\n|-miss|p2a: Rotom|p1a: Slowking\n|move|p1a: Slowking|Chilly Reception|p1a: Slowking\n|-weather|Snow\n|\n|t:|1700302319\n|switch|p1a: Rillaboom|Rillaboom, F|20\/100|[from] Chilly Reception\n|-fieldstart|move: Grassy Terrain|[from] ability: Grassy Surge|[of] p1a: Rillaboom\n|\n|-weather|Snow|[upkeep]\n|-heal|p1a: Rillaboom|26\/100|[from] Grassy Terrain\n|-heal|p1a: Rillaboom|32\/100|[from] item: Leftovers\n|upkeep\n|turn|12\n|\n|t:|1700302336\n|move|p2a: Rotom|Protect|p2a: Rotom\n|-singleturn|p2a: Rotom|Protect\n|move|p1a: Rillaboom|Grassy Glide|p2a: Rotom\n|-activate|p2a: Rotom|move: Protect\n|\n|-weather|Snow|[upkeep]\n|-heal|p1a: Rillaboom|38\/100|[from] Grassy Terrain\n|-heal|p1a: Rillaboom|44\/100|[from] item: Leftovers\n|upkeep\n|turn|13\n|\n|t:|1700302346\n|switch|p2a: Kingambit|Kingambit, M|100\/100\n|-damage|p2a: Kingambit|94\/100|[from] Stealth Rock\n|-activate|p2a: Kingambit|ability: Supreme Overlord\n|-start|p2a: Kingambit|fallen1|[silent]\n|move|p1a: Rillaboom|Grassy Glide|p2a: Kingambit\n|-resisted|p2a: Kingambit\n|-damage|p2a: Kingambit|80\/100\n|\n|-weather|Snow|[upkeep]\n|-heal|p1a: Rillaboom|51\/100|[from] Grassy Terrain\n|-heal|p1a: Rillaboom|57\/100|[from] item: Leftovers\n|-heal|p2a: Kingambit|86\/100|[from] Grassy Terrain\n|upkeep\n|turn|14\n|\n|t:|1700302360\n|move|p2a: Kingambit|Sucker Punch|p1a: Rillaboom\n|-damage|p1a: Rillaboom|5\/100\n|move|p1a: Rillaboom|High Horsepower|p2a: Kingambit\n|-supereffective|p2a: Kingambit\n|-damage|p2a: Kingambit|30\/100\n|\n|-weather|Snow|[upkeep]\n|-heal|p1a: Rillaboom|11\/100|[from] Grassy Terrain\n|-heal|p1a: Rillaboom|17\/100|[from] item: Leftovers\n|-heal|p2a: Kingambit|36\/100|[from] Grassy Terrain\n|upkeep\n|turn|15\n|\n|t:|1700302377\n|move|p2a: Kingambit|Sucker Punch|p1a: Rillaboom\n|-damage|p1a: Rillaboom|0 fnt\n|faint|p1a: Rillaboom\n|\n|-weather|none\n|-heal|p2a: Kingambit|42\/100|[from] Grassy Terrain\n|-fieldend|move: Grassy Terrain\n|upkeep\n|\n|t:|1700302379\n|switch|p1a: Iron Moth|Iron Moth|100\/100\n|turn|16\n|\n|t:|1700302393\n|-end|p2a: Kingambit|fallen1|[silent]\n|switch|p2a: Rotom|Rotom-Wash|100\/100\n|-damage|p2a: Rotom|88\/100|[from] Stealth Rock\n|move|p1a: Iron Moth|Bug Buzz|p2a: Rotom\n|-damage|p2a: Rotom|54\/100\n|\n|-heal|p2a: Rotom|60\/100|[from] item: Leftovers\n|upkeep\n|turn|17\n|\n|t:|1700302405\n|-end|p1a: Iron Moth|Quark Drive|[silent]\n|switch|p1a: Alomomola|Alomomola, F|69\/100\n|move|p2a: Rotom|Protect||[still]\n|-fail|p2a: Rotom\n|\n|-heal|p2a: Rotom|67\/100|[from] item: Leftovers\n|upkeep\n|turn|18\n|\n|t:|1700302424\n|move|p2a: Rotom|Thunder Wave|p1a: Alomomola\n|-status|p1a: Alomomola|par\n|move|p1a: Alomomola|Wish|p1a: Alomomola\n|\n|-heal|p2a: Rotom|73\/100|[from] item: Leftovers\n|upkeep\n|turn|19\n|\n|t:|1700302438\n|move|p2a: Rotom|Volt Switch|p1a: Alomomola\n|-supereffective|p1a: Alomomola\n|-damage|p1a: Alomomola|12\/100 par\n|\n|t:|1700302448\n|switch|p2a: Hatterene|Hatterene, F|94\/100|[from] Volt Switch\n|-damage|p2a: Hatterene|82\/100|[from] Stealth Rock\n|move|p1a: Alomomola|Flip Turn|p2a: Hatterene\n|-damage|p2a: Hatterene|68\/100\n|\n|t:|1700302456\n|switch|p1a: Iron Moth|Iron Moth|100\/100|[from] Flip Turn\n|\n|-heal|p2a: Hatterene|74\/100|[from] item: Leftovers\n|upkeep\n|turn|20\n|\n|t:|1700302481\n|move|p1a: Iron Moth|Fiery Dance|p2a: Hatterene\n|-damage|p2a: Hatterene|29\/100\n|move|p2a: Hatterene|Psyshock|p1a: Iron Moth\n|-supereffective|p1a: Iron Moth\n|-damage|p1a: Iron Moth|0 fnt\n|faint|p1a: Iron Moth\n|-end|p1a: Iron Moth|Quark Drive|[silent]\n|\n|-heal|p2a: Hatterene|35\/100|[from] item: Leftovers\n|upkeep\n|\n|t:|1700302489\n|switch|p1a: Iron Treads|Iron Treads|100\/100\n|turn|21\n|\n|t:|1700302502\n|switch|p2a: Rotom|Rotom-Wash|73\/100\n|-damage|p2a: Rotom|60\/100|[from] Stealth Rock\n|move|p1a: Iron Treads|Iron Head|p2a: Rotom\n|-resisted|p2a: Rotom\n|-damage|p2a: Rotom|54\/100\n|\n|-heal|p2a: Rotom|60\/100|[from] item: Leftovers\n|upkeep\n|turn|22\n|\n|t:|1700302511\n|-end|p1a: Iron Treads|Quark Drive|[silent]\n|switch|p1a: Slowking|Slowking-Galar, M|64\/100\n|move|p2a: Rotom|Hydro Pump|p1a: Slowking\n|-damage|p1a: Slowking|35\/100\n|\n|-heal|p2a: Rotom|66\/100|[from] item: Leftovers\n|upkeep\n|turn|23\n|\n|t:|1700302524\n|move|p2a: Rotom|Hydro Pump|p1a: Slowking\n|-damage|p1a: Slowking|7\/100\n|move|p1a: Slowking|Future Sight|p2a: Rotom\n|-start|p1a: Slowking|move: Future Sight\n|\n|-heal|p2a: Rotom|73\/100|[from] item: Leftovers\n|upkeep\n|turn|24\n|\n|t:|1700302533\n|switch|p1a: Alomomola|Alomomola, F|46\/100 par\n|move|p2a: Rotom|Thunder Wave|p1a: Alomomola\n|-fail|p1a: Alomomola|par\n|\n|-heal|p2a: Rotom|79\/100|[from] item: Leftovers\n|upkeep\n|turn|25\n|\n|t:|1700302544\n|move|p2a: Rotom|Protect|p2a: Rotom\n|-singleturn|p2a: Rotom|Protect\n|move|p1a: Alomomola|Wish|p1a: Alomomola\n|\n|-end|p2a: Rotom|move: Future Sight\n|-damage|p2a: Rotom|12\/100\n|-heal|p2a: Rotom|19\/100|[from] item: Leftovers\n|upkeep\n|turn|26\n|\n|t:|1700302565\n|move|p2a: Rotom|Volt Switch|p1a: Alomomola\n|-supereffective|p1a: Alomomola\n|-damage|p1a: Alomomola|0 fnt\n|faint|p1a: Alomomola\n|\n|t:|1700302579\n|switch|p2a: Ogerpon|Ogerpon-Wellspring, F|100\/100|[from] Volt Switch\n|-damage|p2a: Ogerpon|88\/100|[from] Stealth Rock\n|\n|upkeep\n|\n|t:|1700302583\n|switch|p1a: Slowking|Slowking-Galar, M|40\/100\n|turn|27\n|\n|t:|1700302597\n|move|p2a: Ogerpon|Ivy Cudgel|p1a: Slowking|[anim] Ivy Cudgel Water\n|-damage|p1a: Slowking|0 fnt\n|faint|p1a: Slowking\n|\n|upkeep\n|\n|t:|1700302602\n|switch|p1a: Dragonite|Dragonite, F|100\/100\n|turn|28\n|\n|t:|1700302607\n|move|p2a: Ogerpon|Ivy Cudgel|p1a: Dragonite|[anim] Ivy Cudgel Water\n|-resisted|p1a: Dragonite\n|-damage|p1a: Dragonite|83\/100\n|move|p1a: Dragonite|Dragon Dance|p1a: Dragonite\n|-boost|p1a: Dragonite|atk|1\n|-boost|p1a: Dragonite|spe|1\n|\n|upkeep\n|turn|29\n|\n|t:|1700302627\n|-terastallize|p1a: Dragonite|Normal\n|move|p1a: Dragonite|Extreme Speed|p2a: Ogerpon\n|-damage|p2a: Ogerpon|0 fnt\n|faint|p2a: Ogerpon\n|\n|upkeep\n|\n|t:|1700302641\n|switch|p2a: Sneasler|Sneasler, M|100\/100\n|-damage|p2a: Sneasler|95\/100|[from] Stealth Rock\n|turn|30\n|\n|t:|1700302649\n|move|p2a: Sneasler|Fake Out|p1a: Dragonite\n|-enditem|p2a: Sneasler|Normal Gem|[from] gem\n|-damage|p1a: Dragonite|62\/100\n|cant|p1a: Dragonite|flinch\n|\n|upkeep\n|turn|31\n|\n|t:|1700302658\n|-terastallize|p2a: Sneasler|Flying\n|move|p2a: Sneasler|Acrobatics|p1a: Dragonite\n|-damage|p1a: Dragonite|0 fnt\n|faint|p1a: Dragonite\n|\n|upkeep\n|\n|t:|1700302660\n|switch|p1a: Iron Treads|Iron Treads|100\/100\n|turn|32\n|c|\u2606OniIOkami|gg\n|\n|t:|1700302667\n|move|p2a: Sneasler|Close Combat|p1a: Iron Treads\n|-supereffective|p1a: Iron Treads\n|-crit|p1a: Iron Treads\n|-enditem|p1a: Iron Treads|Focus Sash\n|-damage|p1a: Iron Treads|1\/100\n|-unboost|p2a: Sneasler|def|1\n|-unboost|p2a: Sneasler|spd|1\n|move|p1a: Iron Treads|Ice Spinner|p2a: Sneasler\n|-supereffective|p2a: Sneasler\n|-damage|p2a: Sneasler|0 fnt\n|faint|p2a: Sneasler\n|\n|upkeep\n|\n|t:|1700302683\n|switch|p2a: Rotom|Rotom-Wash|19\/100\n|-damage|p2a: Rotom|6\/100|[from] Stealth Rock\n|turn|33\n|\n|t:|1700302689\n|move|p1a: Iron Treads|Iron Head|p2a: Rotom\n|-resisted|p2a: Rotom\n|-damage|p2a: Rotom|0 fnt\n|faint|p2a: Rotom\n|\n|upkeep\n|\n|t:|1700302694\n|switch|p2a: Kingambit|Kingambit, M|42\/100\n|-damage|p2a: Kingambit|36\/100|[from] Stealth Rock\n|-activate|p2a: Kingambit|ability: Supreme Overlord\n|-start|p2a: Kingambit|fallen4|[silent]\n|turn|34\n|\n|t:|1700302699\n|move|p2a: Kingambit|Sucker Punch|p1a: Iron Treads\n|-damage|p1a: Iron Treads|0 fnt\n|faint|p1a: Iron Treads\n|-end|p1a: Iron Treads|Quark Drive|[silent]\n|\n|win|draco9746\n|raw|OniIOkami's rating: 1193 &rarr; <strong>1169<\/strong><br \/>(-24 for losing)\n|raw|draco9746's rating: 1212 &rarr; <strong>1236<\/strong><br \/>(+24 for winning)\n|l|\u2606OniIOkami\n|c|\u2606draco9746|gg\n","uploadtime":1700302708,"views":12,"p1id":"oniiokami","p2id":"draco9746","formatid":"gen9ou","rating":1169,"private":0,"password":""}