{"id":"gen9ou-1988529091","p1":"simisearontop","p2":"punkmag","format":"[Gen 9] OU","log":"|j|\u2606simisearontop\n|j|\u2606punkmag\n|t:|1699732700\n|gametype|singles\n|player|p1|simisearontop|juan|1119\n|player|p2|punkmag|waitress-gen4|1116\n|teamsize|p1|6\n|teamsize|p2|6\n|gen|9\n|tier|[Gen 9] OU\n|rated|\n|rule|Sleep Clause Mod: Limit one foe put to sleep\n|rule|Species Clause: Limit one of each Pok\u00e9mon\n|rule|OHKO Clause: OHKO moves are banned\n|rule|Evasion Items Clause: Evasion items are banned\n|rule|Evasion Moves Clause: Evasion moves are banned\n|rule|Endless Battle Clause: Forcing endless battles is banned\n|rule|HP Percentage Mod: HP is shown in percentages\n|clearpoke\n|poke|p1|Corviknight, M|\n|poke|p1|Glimmora, F|\n|poke|p1|Gliscor, F|\n|poke|p1|Enamorus, F|\n|poke|p1|Heatran, F|\n|poke|p1|Azumarill, F|\n|poke|p2|Hoopa-Unbound|\n|poke|p2|Dragapult, M|\n|poke|p2|Maushold|\n|poke|p2|Gliscor, F|\n|poke|p2|Clefable, F|\n|poke|p2|Grafaiai, M|\n|teampreview\n|inactive|Battle timer is ON: inactive players will automatically lose when time's up. (requested by punkmag)\n|\n|t:|1699732711\n|start\n|switch|p1a: what am i|Glimmora, F|100\/100\n|switch|p2a: Grafaiai|Grafaiai, M|100\/100\n|turn|1\n|\n|t:|1699732720\n|move|p2a: Grafaiai|Knock Off|p1a: what am i\n|-damage|p1a: what am i|77\/100\n|-activate|p1a: what am i|ability: Toxic Debris\n|-sidestart|p2: punkmag|move: Toxic Spikes\n|-enditem|p1a: what am i|Focus Sash|[from] move: Knock Off|[of] p2a: Grafaiai\n|move|p1a: what am i|Stealth Rock|p2a: Grafaiai\n|-sidestart|p2: punkmag|move: Stealth Rock\n|\n|upkeep\n|turn|2\n|\n|t:|1699732729\n|move|p2a: Grafaiai|Copycat|p2a: Grafaiai\n|move|p2a: Grafaiai|Stealth Rock|p1a: what am i|[from]move: Copycat\n|-sidestart|p1: simisearontop|move: Stealth Rock\n|move|p1a: what am i|Power Gem|p2a: Grafaiai\n|-damage|p2a: Grafaiai|49\/100\n|\n|-heal|p2a: Grafaiai|55\/100|[from] item: Leftovers\n|upkeep\n|turn|3\n|\n|t:|1699732736\n|move|p2a: Grafaiai|Parting Shot|p1a: what am i\n|-unboost|p1a: what am i|atk|1\n|-unboost|p1a: what am i|spa|1\n|\n|t:|1699732740\n|switch|p2a: Gliscor|Gliscor, F|100\/100|[from] Parting Shot\n|-damage|p2a: Gliscor|88\/100|[from] Stealth Rock\n|move|p1a: what am i|Power Gem|p2a: Gliscor\n|-damage|p2a: Gliscor|52\/100\n|\n|-status|p2a: Gliscor|tox|[from] item: Toxic Orb\n|upkeep\n|turn|4\n|\n|t:|1699732755\n|switch|p1a: m'lady|Corviknight, M|100\/100\n|-damage|p1a: m'lady|88\/100|[from] Stealth Rock\n|move|p2a: Gliscor|Earthquake|p1a: m'lady\n|-immune|p1a: m'lady\n|\n|-heal|p2a: Gliscor|65\/100 tox|[from] ability: Poison Heal\n|upkeep\n|turn|5\n|\n|t:|1699732775\n|move|p2a: Gliscor|Toxic|p1a: m'lady\n|-immune|p1a: m'lady\n|move|p1a: m'lady|Defog|p2a: Gliscor\n|-unboost|p2a: Gliscor|evasion|1\n|-sideend|p2: punkmag|Toxic Spikes|[from] move: Defog|[of] p1a: m'lady\n|-sideend|p2: punkmag|Stealth Rock|[from] move: Defog|[of] p1a: m'lady\n|-sideend|p1: simisearontop|Stealth Rock|[from] move: Defog|[of] p1a: m'lady\n|\n|-heal|p2a: Gliscor|77\/100 tox|[from] ability: Poison Heal\n|upkeep\n|turn|6\n|\n|t:|1699732786\n|move|p2a: Gliscor|Stealth Rock|p1a: m'lady\n|-sidestart|p1: simisearontop|move: Stealth Rock\n|move|p1a: m'lady|U-turn|p2a: Gliscor\n|-resisted|p2a: Gliscor\n|-damage|p2a: Gliscor|71\/100 tox\n|\n|t:|1699732792\n|switch|p1a: big boy|Azumarill, F|100\/100|[from] U-turn\n|-damage|p1a: big boy|88\/100|[from] Stealth Rock\n|\n|-heal|p2a: Gliscor|84\/100 tox|[from] ability: Poison Heal\n|upkeep\n|turn|7\n|\n|t:|1699732802\n|switch|p2a: Grafaiai|Grafaiai, M|55\/100\n|move|p1a: big boy|Ice Spinner|p2a: Grafaiai\n|-crit|p2a: Grafaiai\n|-damage|p2a: Grafaiai|0 fnt\n|faint|p2a: Grafaiai\n|\n|upkeep\n|\n|t:|1699732819\n|switch|p2a: Hoopa|Hoopa-Unbound|100\/100\n|turn|8\n|\n|t:|1699732829\n|switch|p1a: fiend|Gliscor, F|100\/100\n|-damage|p1a: fiend|88\/100|[from] Stealth Rock\n|move|p2a: Hoopa|Thunderbolt|p1a: fiend\n|-immune|p1a: fiend\n|\n|-status|p1a: fiend|tox|[from] item: Toxic Orb\n|upkeep\n|turn|9\n|\n|t:|1699732842\n|switch|p2a: Clefable|Clefable, F|100\/100\n|move|p1a: fiend|Facade|p2a: Clefable\n|-crit|p2a: Clefable\n|-damage|p2a: Clefable|57\/100\n|\n|-heal|p2a: Clefable|63\/100|[from] item: Leftovers\n|-heal|p1a: fiend|100\/100 tox|[from] ability: Poison Heal\n|upkeep\n|turn|10\n|\n|t:|1699732852\n|move|p1a: fiend|Facade|p2a: Clefable\n|-damage|p2a: Clefable|35\/100\n|move|p2a: Clefable|Moonblast|p1a: fiend\n|-damage|p1a: fiend|53\/100 tox\n|-unboost|p1a: fiend|spa|1\n|\n|-heal|p2a: Clefable|41\/100|[from] item: Leftovers\n|-heal|p1a: fiend|65\/100 tox|[from] ability: Poison Heal\n|upkeep\n|turn|11\n|\n|t:|1699732862\n|move|p1a: fiend|Facade|p2a: Clefable\n|-damage|p2a: Clefable|10\/100\n|move|p2a: Clefable|Wish|p2a: Clefable\n|\n|-heal|p2a: Clefable|16\/100|[from] item: Leftovers\n|-heal|p1a: fiend|77\/100 tox|[from] ability: Poison Heal\n|upkeep\n|turn|12\n|\n|t:|1699732872\n|move|p2a: Clefable|Protect|p2a: Clefable\n|-singleturn|p2a: Clefable|Protect\n|move|p1a: fiend|Earthquake|p2a: Clefable\n|-activate|p2a: Clefable|move: Protect\n|\n|-heal|p2a: Clefable|66\/100|[from] move: Wish|[wisher] Clefable\n|-heal|p2a: Clefable|72\/100|[from] item: Leftovers\n|-heal|p1a: fiend|90\/100 tox|[from] ability: Poison Heal\n|upkeep\n|turn|13\n|\n|t:|1699732882\n|move|p1a: fiend|Facade|p2a: Clefable\n|-damage|p2a: Clefable|41\/100\n|move|p2a: Clefable|Wish|p2a: Clefable\n|\n|-heal|p2a: Clefable|47\/100|[from] item: Leftovers\n|-heal|p1a: fiend|100\/100 tox|[from] ability: Poison Heal\n|upkeep\n|turn|14\n|\n|t:|1699732890\n|move|p1a: fiend|Facade|p2a: Clefable\n|-damage|p2a: Clefable|15\/100\n|move|p2a: Clefable|Moonblast|p1a: fiend\n|-damage|p1a: fiend|58\/100 tox\n|\n|-heal|p2a: Clefable|65\/100|[from] move: Wish|[wisher] Clefable\n|-heal|p2a: Clefable|71\/100|[from] item: Leftovers\n|-heal|p1a: fiend|70\/100 tox|[from] ability: Poison Heal\n|upkeep\n|turn|15\n|\n|t:|1699732909\n|move|p1a: fiend|Knock Off|p2a: Clefable\n|-resisted|p2a: Clefable\n|-damage|p2a: Clefable|62\/100\n|-enditem|p2a: Clefable|Leftovers|[from] move: Knock Off|[of] p1a: fiend\n|move|p2a: Clefable|Wish|p2a: Clefable\n|\n|-heal|p1a: fiend|83\/100 tox|[from] ability: Poison Heal\n|upkeep\n|turn|16\n|\n|t:|1699732917\n|move|p1a: fiend|Facade|p2a: Clefable\n|-damage|p2a: Clefable|30\/100\n|move|p2a: Clefable|Moonblast|p1a: fiend\n|-damage|p1a: fiend|33\/100 tox\n|\n|-heal|p2a: Clefable|80\/100|[from] move: Wish|[wisher] Clefable\n|-heal|p1a: fiend|45\/100 tox|[from] ability: Poison Heal\n|upkeep\n|turn|17\n|\n|t:|1699732926\n|move|p1a: fiend|Protect|p1a: fiend\n|-singleturn|p1a: fiend|Protect\n|move|p2a: Clefable|Moonblast|p1a: fiend\n|-activate|p1a: fiend|move: Protect\n|\n|-heal|p1a: fiend|58\/100 tox|[from] ability: Poison Heal\n|upkeep\n|turn|18\n|\n|t:|1699732937\n|move|p1a: fiend|Facade|p2a: Clefable\n|-damage|p2a: Clefable|52\/100\n|move|p2a: Clefable|Moonblast|p1a: fiend\n|-damage|p1a: fiend|12\/100 tox\n|\n|-heal|p1a: fiend|24\/100 tox|[from] ability: Poison Heal\n|upkeep\n|turn|19\n|\n|t:|1699732946\n|move|p1a: fiend|Protect|p1a: fiend\n|-singleturn|p1a: fiend|Protect\n|move|p2a: Clefable|Wish|p2a: Clefable\n|\n|-heal|p1a: fiend|37\/100 tox|[from] ability: Poison Heal\n|upkeep\n|turn|20\n|\n|t:|1699732965\n|switch|p1a: m'lady|Corviknight, M|88\/100\n|-damage|p1a: m'lady|76\/100|[from] Stealth Rock\n|move|p2a: Clefable|Moonblast|p1a: m'lady\n|-resisted|p1a: m'lady\n|-damage|p1a: m'lady|66\/100\n|\n|-heal|p2a: Clefable|100\/100|[from] move: Wish|[wisher] Clefable\n|upkeep\n|turn|21\n|\n|t:|1699732975\n|move|p1a: m'lady|Defog|p2a: Clefable\n|-unboost|p2a: Clefable|evasion|1\n|-sideend|p1: simisearontop|Stealth Rock|[from] move: Defog|[of] p1a: m'lady\n|move|p2a: Clefable|Knock Off|p1a: m'lady\n|-damage|p1a: m'lady|52\/100\n|-enditem|p1a: m'lady|Rocky Helmet|[from] move: Knock Off|[of] p2a: Clefable\n|\n|upkeep\n|turn|22\n|\n|t:|1699732989\n|move|p1a: m'lady|Roost|p1a: m'lady\n|-heal|p1a: m'lady|100\/100\n|-singleturn|p1a: m'lady|move: Roost\n|move|p2a: Clefable|Moonblast|p1a: m'lady\n|-resisted|p1a: m'lady\n|-damage|p1a: m'lady|89\/100\n|\n|upkeep\n|turn|23\n|\n|t:|1699733006\n|move|p1a: m'lady|Brave Bird|p2a: Clefable\n|-damage|p2a: Clefable|73\/100\n|-damage|p1a: m'lady|80\/100|[from] Recoil\n|move|p2a: Clefable|Wish|p2a: Clefable\n|\n|upkeep\n|turn|24\n|\n|t:|1699733021\n|switch|p2a: Dragapult|Dragapult, M|100\/100\n|move|p1a: m'lady|Brave Bird|p2a: Dragapult\n|-damage|p2a: Dragapult|51\/100\n|-damage|p1a: m'lady|67\/100|[from] Recoil\n|\n|-heal|p2a: Dragapult|100\/100|[from] move: Wish|[wisher] Clefable\n|upkeep\n|turn|25\n|\n|t:|1699733031\n|move|p2a: Dragapult|Shadow Ball|p1a: m'lady\n|-damage|p1a: m'lady|32\/100\n|move|p1a: m'lady|U-turn|p2a: Dragapult\n|-resisted|p2a: Dragapult\n|-damage|p2a: Dragapult|92\/100\n|\n|t:|1699733044\n|switch|p1a: big boy|Azumarill, F|88\/100|[from] U-turn\n|\n|upkeep\n|turn|26\n|\n|t:|1699733053\n|move|p2a: Dragapult|Shadow Ball|p1a: big boy\n|-damage|p1a: big boy|34\/100\n|move|p1a: big boy|Play Rough|p2a: Dragapult\n|-supereffective|p2a: Dragapult\n|-damage|p2a: Dragapult|0 fnt\n|faint|p2a: Dragapult\n|\n|upkeep\n|\n|t:|1699733063\n|switch|p2a: Maushold|Maushold|100\/100\n|turn|27\n|\n|t:|1699733071\n|switch|p1a: m'lady|Corviknight, M|32\/100\n|move|p2a: Maushold|Population Bomb|p1a: m'lady\n|-resisted|p1a: m'lady\n|-damage|p1a: m'lady|27\/100\n|-resisted|p1a: m'lady\n|-damage|p1a: m'lady|23\/100\n|-resisted|p1a: m'lady\n|-damage|p1a: m'lady|19\/100\n|-resisted|p1a: m'lady\n|-damage|p1a: m'lady|15\/100\n|-resisted|p1a: m'lady\n|-damage|p1a: m'lady|10\/100\n|-resisted|p1a: m'lady\n|-damage|p1a: m'lady|6\/100\n|-resisted|p1a: m'lady\n|-damage|p1a: m'lady|1\/100\n|-resisted|p1a: m'lady\n|-damage|p1a: m'lady|0 fnt\n|faint|p1a: m'lady\n|-hitcount|p1: m'lady|8\n|\n|upkeep\n|\n|t:|1699733089\n|switch|p1a: cubelios|Enamorus, F|100\/100\n|turn|28\n|\n|t:|1699733094\n|-terastallize|p1a: cubelios|Steel\n|move|p1a: cubelios|Superpower|p2a: Maushold\n|-supereffective|p2a: Maushold\n|-crit|p2a: Maushold\n|-damage|p2a: Maushold|0 fnt\n|-boost|p1a: cubelios|atk|1\n|-boost|p1a: cubelios|def|1\n|faint|p2a: Maushold\n|\n|upkeep\n|\n|t:|1699733108\n|switch|p2a: Gliscor|Gliscor, F|84\/100 tox\n|turn|29\n|\n|t:|1699733117\n|move|p1a: cubelios|Superpower|p2a: Gliscor\n|-resisted|p2a: Gliscor\n|-damage|p2a: Gliscor|63\/100 tox\n|-boost|p1a: cubelios|atk|1\n|-boost|p1a: cubelios|def|1\n|move|p2a: Gliscor|Earthquake|p1a: cubelios\n|-supereffective|p1a: cubelios\n|-damage|p1a: cubelios|40\/100\n|\n|-heal|p2a: Gliscor|75\/100 tox|[from] ability: Poison Heal\n|upkeep\n|turn|30\n|\n|t:|1699733135\n|switch|p1a: fiend|Gliscor, F|37\/100 tox\n|move|p2a: Gliscor|Earthquake|p1a: fiend\n|-immune|p1a: fiend\n|\n|-heal|p2a: Gliscor|87\/100 tox|[from] ability: Poison Heal\n|-heal|p1a: fiend|49\/100 tox|[from] ability: Poison Heal\n|upkeep\n|turn|31\n|\n|t:|1699733146\n|move|p1a: fiend|Protect|p1a: fiend\n|-singleturn|p1a: fiend|Protect\n|move|p2a: Gliscor|Stealth Rock|p1a: fiend\n|-sidestart|p1: simisearontop|move: Stealth Rock\n|\n|-heal|p2a: Gliscor|99\/100 tox|[from] ability: Poison Heal\n|-heal|p1a: fiend|61\/100 tox|[from] ability: Poison Heal\n|upkeep\n|turn|32\n|\n|t:|1699733156\n|move|p1a: fiend|Facade|p2a: Gliscor\n|-damage|p2a: Gliscor|66\/100 tox\n|move|p2a: Gliscor|Facade|p1a: fiend\n|-damage|p1a: fiend|29\/100 tox\n|\n|-heal|p1a: fiend|41\/100 tox|[from] ability: Poison Heal\n|-heal|p2a: Gliscor|78\/100 tox|[from] ability: Poison Heal\n|upkeep\n|turn|33\n|\n|t:|1699733166\n|move|p2a: Gliscor|Facade|p1a: fiend\n|-damage|p1a: fiend|10\/100 tox\n|move|p1a: fiend|Facade|p2a: Gliscor\n|-damage|p2a: Gliscor|45\/100 tox\n|\n|-heal|p2a: Gliscor|57\/100 tox|[from] ability: Poison Heal\n|-heal|p1a: fiend|23\/100 tox|[from] ability: Poison Heal\n|upkeep\n|turn|34\n|\n|t:|1699733179\n|move|p1a: fiend|Protect|p1a: fiend\n|-singleturn|p1a: fiend|Protect\n|move|p2a: Gliscor|Facade|p1a: fiend\n|-activate|p1a: fiend|move: Protect\n|\n|-heal|p2a: Gliscor|69\/100 tox|[from] ability: Poison Heal\n|-heal|p1a: fiend|35\/100 tox|[from] ability: Poison Heal\n|upkeep\n|turn|35\n|\n|t:|1699733191\n|move|p1a: fiend|Facade|p2a: Gliscor\n|-damage|p2a: Gliscor|36\/100 tox\n|move|p2a: Gliscor|Facade|p1a: fiend\n|-damage|p1a: fiend|6\/100 tox\n|\n|-heal|p2a: Gliscor|49\/100 tox|[from] ability: Poison Heal\n|-heal|p1a: fiend|18\/100 tox|[from] ability: Poison Heal\n|upkeep\n|turn|36\n|\n|t:|1699733218\n|move|p1a: fiend|Facade|p2a: Gliscor\n|-damage|p2a: Gliscor|14\/100 tox\n|move|p2a: Gliscor|Facade|p1a: fiend\n|-crit|p1a: fiend\n|-damage|p1a: fiend|0 fnt\n|faint|p1a: fiend\n|\n|-heal|p2a: Gliscor|26\/100 tox|[from] ability: Poison Heal\n|upkeep\n|\n|t:|1699733228\n|switch|p1a: big boy|Azumarill, F|34\/100\n|-damage|p1a: big boy|21\/100|[from] Stealth Rock\n|turn|37\n|\n|t:|1699733233\n|switch|p2a: Clefable|Clefable, F|73\/100\n|move|p1a: big boy|Aqua Jet|p2a: Clefable\n|-damage|p2a: Clefable|42\/100\n|\n|upkeep\n|turn|38\n|\n|t:|1699733241\n|switch|p1a: pineapple pizza|Heatran, F|100\/100\n|-damage|p1a: pineapple pizza|88\/100|[from] Stealth Rock\n|move|p2a: Clefable|Wish|p2a: Clefable\n|\n|-heal|p1a: pineapple pizza|94\/100|[from] item: Leftovers\n|upkeep\n|turn|39\n|\n|t:|1699733257\n|move|p2a: Clefable|Protect|p2a: Clefable\n|-singleturn|p2a: Clefable|Protect\n|move|p1a: pineapple pizza|Taunt|p2a: Clefable\n|-activate|p2a: Clefable|move: Protect\n|\n|-heal|p2a: Clefable|92\/100|[from] move: Wish|[wisher] Clefable\n|-heal|p1a: pineapple pizza|100\/100|[from] item: Leftovers\n|upkeep\n|turn|40\n|\n|t:|1699733268\n|move|p1a: pineapple pizza|Magma Storm|p2a: Clefable\n|-damage|p2a: Clefable|52\/100\n|-activate|p2a: Clefable|move: Magma Storm|[of] p1a: pineapple pizza\n|move|p2a: Clefable|Wish|p2a: Clefable\n|\n|upkeep\n|turn|41\n|\n|t:|1699733275\n|move|p2a: Clefable|Protect|p2a: Clefable\n|-singleturn|p2a: Clefable|Protect\n|move|p1a: pineapple pizza|Taunt|p2a: Clefable\n|-activate|p2a: Clefable|move: Protect\n|\n|-heal|p2a: Clefable|100\/100|[from] move: Wish|[wisher] Clefable\n|upkeep\n|turn|42\n|\n|t:|1699733288\n|move|p1a: pineapple pizza|Taunt|p2a: Clefable\n|-start|p2a: Clefable|move: Taunt\n|move|p2a: Clefable|Knock Off|p1a: pineapple pizza\n|-damage|p1a: pineapple pizza|87\/100\n|-enditem|p1a: pineapple pizza|Leftovers|[from] move: Knock Off|[of] p2a: Clefable\n|\n|upkeep\n|turn|43\n|\n|t:|1699733296\n|move|p1a: pineapple pizza|Magma Storm|p2a: Clefable\n|-damage|p2a: Clefable|58\/100\n|move|p2a: Clefable|Knock Off|p1a: pineapple pizza\n|-damage|p1a: pineapple pizza|78\/100\n|\n|upkeep\n|turn|44\n|\n|t:|1699733308\n|move|p1a: pineapple pizza|Magma Storm|p2a: Clefable\n|-crit|p2a: Clefable\n|-damage|p2a: Clefable|0 fnt\n|faint|p2a: Clefable\n|\n|upkeep\n|\n|t:|1699733314\n|switch|p2a: Gliscor|Gliscor, F|26\/100 tox\n|turn|45\n|\n|t:|1699733321\n|move|p2a: Gliscor|Earthquake|p1a: pineapple pizza\n|-supereffective|p1a: pineapple pizza\n|-damage|p1a: pineapple pizza|0 fnt\n|faint|p1a: pineapple pizza\n|\n|-heal|p2a: Gliscor|38\/100 tox|[from] ability: Poison Heal\n|upkeep\n|\n|t:|1699733348\n|switch|p1a: big boy|Azumarill, F|21\/100\n|-damage|p1a: big boy|9\/100|[from] Stealth Rock\n|turn|46\n|inactive|punkmag has 120 seconds left.\n|\n|t:|1699733400\n|move|p1a: big boy|Aqua Jet|p2a: Gliscor\n|-supereffective|p2a: Gliscor\n|-damage|p2a: Gliscor|0 fnt\n|faint|p2a: Gliscor\n|\n|upkeep\n|\n|t:|1699733405\n|switch|p2a: Hoopa|Hoopa-Unbound|100\/100\n|turn|47\n|\n|t:|1699733417\n|move|p1a: big boy|Aqua Jet|p2a: Hoopa\n|-damage|p2a: Hoopa|24\/100\n|move|p2a: Hoopa|Psychic|p1a: big boy\n|-damage|p1a: big boy|0 fnt\n|faint|p1a: big boy\n|\n|upkeep\n|\n|t:|1699733424\n|switch|p1a: what am i|Glimmora, F|77\/100\n|-damage|p1a: what am i|64\/100|[from] Stealth Rock\n|turn|48\n|\n|t:|1699733428\n|move|p2a: Hoopa|Psychic|p1a: what am i\n|-supereffective|p1a: what am i\n|-damage|p1a: what am i|0 fnt\n|faint|p1a: what am i\n|\n|upkeep\n|\n|t:|1699733433\n|switch|p1a: cubelios|Enamorus, F, tera:Steel|40\/100\n|-damage|p1a: cubelios|34\/100|[from] Stealth Rock\n|turn|49\n|\n|t:|1699733439\n|-terastallize|p2a: Hoopa|Steel\n|move|p1a: cubelios|Draining Kiss|p2a: Hoopa\n|-resisted|p2a: Hoopa\n|-damage|p2a: Hoopa|13\/100\n|-heal|p1a: cubelios|42\/100|[from] drain|[of] p2a: Hoopa\n|move|p2a: Hoopa|Psychic|p1a: cubelios\n|-resisted|p1a: cubelios\n|-damage|p1a: cubelios|0 fnt\n|faint|p1a: cubelios\n|\n|win|punkmag\n|raw|simisearontop's rating: 1119 &rarr; <strong>1094<\/strong><br \/>(-25 for losing)\n|raw|punkmag's rating: 1116 &rarr; <strong>1141<\/strong><br \/>(+25 for winning)\n|l|\u2606simisearontop\n","uploadtime":1699733454,"views":11,"p1id":"simisearontop","p2id":"punkmag","formatid":"gen9ou","rating":1094,"private":0,"password":""}