{"id":"gen9ou-1998051067","p1":"minosprimeyaoi","p2":"CangYuLiuSu","format":"[Gen 9] OU","log":"|j|\u2606minosprimeyaoi\n|j|\u2606CangYuLiuSu\n|t:|1700883928\n|gametype|singles\n|player|p1|minosprimeyaoi|swimmerf-gen4|1048\n|player|p2|CangYuLiuSu|265|1132\n|teamsize|p1|6\n|teamsize|p2|6\n|gen|9\n|tier|[Gen 9] OU\n|rated|\n|rule|Sleep Clause Mod: Limit one foe put to sleep\n|rule|Species Clause: Limit one of each Pok\u00e9mon\n|rule|OHKO Clause: OHKO moves are banned\n|rule|Evasion Items Clause: Evasion items are banned\n|rule|Evasion Moves Clause: Evasion moves are banned\n|rule|Endless Battle Clause: Forcing endless battles is banned\n|rule|HP Percentage Mod: HP is shown in percentages\n|clearpoke\n|poke|p1|Tornadus-Therian, M|\n|poke|p1|Iron Leaves|\n|poke|p1|Iron Moth|\n|poke|p1|Kommo-o, M|\n|poke|p1|Morpeko, M|\n|poke|p1|Kingambit, F|\n|poke|p2|Iron Valiant|\n|poke|p2|Kingambit, F|\n|poke|p2|Dragonite, F|\n|poke|p2|Gholdengo|\n|poke|p2|Dondozo, F|\n|poke|p2|Hydreigon, F|\n|teampreview\n|inactive|Battle timer is ON: inactive players will automatically lose when time's up. (requested by minosprimeyaoi)\n|inactive|CangYuLiuSu also wants the timer to be on.\n|\n|t:|1700883938\n|start\n|switch|p1a: Snoop Dog Stopped|Iron Leaves|100\/100\n|switch|p2a: Dragonite|Dragonite, F, shiny|100\/100\n|turn|1\n|\n|t:|1700883944\n|move|p1a: Snoop Dog Stopped|Electric Terrain|p1a: Snoop Dog Stopped\n|-fieldstart|move: Electric Terrain\n|-activate|p1a: Snoop Dog Stopped|ability: Quark Drive\n|-start|p1a: Snoop Dog Stopped|quarkdrivespe\n|move|p2a: Dragonite|Fire Punch|p1a: Snoop Dog Stopped\n|-supereffective|p1a: Snoop Dog Stopped\n|-damage|p1a: Snoop Dog Stopped|0 fnt\n|faint|p1a: Snoop Dog Stopped\n|-end|p1a: Snoop Dog Stopped|Quark Drive|[silent]\n|\n|upkeep\n|\n|t:|1700883947\n|switch|p1a: i wish i could|Iron Moth|100\/100\n|-activate|p1a: i wish i could|ability: Quark Drive\n|-start|p1a: i wish i could|quarkdrivespa\n|turn|2\n|\n|t:|1700883957\n|switch|p2a: Dondozo|Dondozo, F, shiny|100\/100\n|move|p1a: i wish i could|Flamethrower|p2a: Dondozo\n|-resisted|p2a: Dondozo\n|-damage|p2a: Dondozo|77\/100\n|\n|-heal|p2a: Dondozo|83\/100|[from] item: Leftovers\n|upkeep\n|turn|3\n|\n|t:|1700883970\n|move|p1a: i wish i could|Sludge Wave|p2a: Dondozo\n|-damage|p2a: Dondozo|35\/100\n|-status|p2a: Dondozo|psn\n|move|p2a: Dondozo|Wave Crash|p1a: i wish i could\n|-supereffective|p1a: i wish i could\n|-damage|p1a: i wish i could|0 fnt\n|faint|p1a: i wish i could\n|-end|p1a: i wish i could|Quark Drive|[silent]\n|-damage|p2a: Dondozo|14\/100 psn|[from] Recoil\n|\n|-heal|p2a: Dondozo|20\/100 psn|[from] item: Leftovers\n|-damage|p2a: Dondozo|8\/100 psn|[from] psn\n|upkeep\n|\n|t:|1700883981\n|switch|p1a: Kum Creature|Kommo-o, M|100\/100\n|turn|4\n|\n|t:|1700883988\n|switch|p2a: Iron Valiant|Iron Valiant|100\/100\n|-activate|p2a: Iron Valiant|ability: Quark Drive\n|-start|p2a: Iron Valiant|quarkdrivespe\n|move|p1a: Kum Creature|Boomburst|p2a: Iron Valiant\n|-damage|p2a: Iron Valiant|26\/100\n|-enditem|p1a: Kum Creature|Throat Spray\n|-boost|p1a: Kum Creature|spa|1|[from] item: Throat Spray\n|\n|upkeep\n|turn|5\n|\n|t:|1700883999\n|-terastallize|p1a: Kum Creature|Normal\n|move|p2a: Iron Valiant|Dazzling Gleam|p1a: Kum Creature\n|-damage|p1a: Kum Creature|58\/100\n|move|p1a: Kum Creature|Boomburst|p2a: Iron Valiant\n|-damage|p2a: Iron Valiant|0 fnt\n|faint|p2a: Iron Valiant\n|-end|p2a: Iron Valiant|Quark Drive|[silent]\n|\n|upkeep\n|\n|t:|1700884010\n|switch|p2a: Gholdengo|Gholdengo|100\/100\n|-item|p2a: Gholdengo|Air Balloon\n|turn|6\n|\n|t:|1700884016\n|move|p1a: Kum Creature|Flamethrower|p2a: Gholdengo\n|-supereffective|p2a: Gholdengo\n|-crit|p2a: Gholdengo\n|-damage|p2a: Gholdengo|0 fnt\n|-enditem|p2a: Gholdengo|Air Balloon\n|faint|p2a: Gholdengo\n|\n|upkeep\n|\n|t:|1700884029\n|switch|p2a: Hydreigon|Hydreigon, F, shiny|100\/100\n|turn|7\n|\n|t:|1700884036\n|move|p2a: Hydreigon|Dark Pulse|p1a: Kum Creature\n|-damage|p1a: Kum Creature|9\/100\n|move|p1a: Kum Creature|Clanging Scales|p2a: Hydreigon\n|-supereffective|p2a: Hydreigon\n|-damage|p2a: Hydreigon|0 fnt\n|faint|p2a: Hydreigon\n|-unboost|p1a: Kum Creature|def|1\n|\n|upkeep\n|\n|t:|1700884043\n|switch|p2a: Dragonite|Dragonite, F, shiny|100\/100\n|turn|8\n|\n|t:|1700884047\n|move|p2a: Dragonite|Extreme Speed|p1a: Kum Creature\n|-damage|p1a: Kum Creature|0 fnt\n|faint|p1a: Kum Creature\n|\n|-fieldend|move: Electric Terrain\n|upkeep\n|\n|t:|1700884052\n|switch|p1a: My Little Morepeko|Morpeko, M, shiny|100\/100\n|turn|9\n|\n|t:|1700884056\n|move|p2a: Dragonite|Extreme Speed|p1a: My Little Morepeko\n|-damage|p1a: My Little Morepeko|10\/100\n|move|p1a: My Little Morepeko|Aura Wheel|p2a: Dragonite\n|-damage|p2a: Dragonite|70\/100\n|-boost|p1a: My Little Morepeko|spe|1\n|-damage|p1a: My Little Morepeko|0 fnt|[from] item: Life Orb\n|faint|p1a: My Little Morepeko\n|\n|upkeep\n|\n|t:|1700884061\n|switch|p1a: Tornado Twister|Tornadus-Therian, M|100\/100\n|turn|10\n|\n|t:|1700884068\n|move|p2a: Dragonite|Extreme Speed|p1a: Tornado Twister\n|-damage|p1a: Tornado Twister|35\/100\n|move|p1a: Tornado Twister|Sludge Bomb|p2a: Dragonite\n|-damage|p2a: Dragonite|29\/100\n|-status|p2a: Dragonite|psn\n|\n|-damage|p2a: Dragonite|16\/100 psn|[from] psn\n|upkeep\n|turn|11\n|\n|t:|1700884077\n|move|p2a: Dragonite|Extreme Speed|p1a: Tornado Twister\n|-damage|p1a: Tornado Twister|0 fnt\n|faint|p1a: Tornado Twister\n|\n|-damage|p2a: Dragonite|4\/100 psn|[from] psn\n|upkeep\n|\n|t:|1700884079\n|switch|p1a: yeaH.|Kingambit, F|100\/100\n|-activate|p1a: yeaH.|ability: Supreme Overlord\n|-start|p1a: yeaH.|fallen5|[silent]\n|turn|12\n|\n|t:|1700884086\n|move|p2a: Dragonite|Extreme Speed|p1a: yeaH.\n|-resisted|p1a: yeaH.\n|-damage|p1a: yeaH.|84\/100\n|move|p1a: yeaH.|Sucker Punch||[still]\n|-fail|p1a: yeaH.\n|\n|-heal|p1a: yeaH.|90\/100|[from] item: Leftovers\n|-damage|p2a: Dragonite|0 fnt|[from] psn\n|faint|p2a: Dragonite\n|upkeep\n|\n|t:|1700884094\n|switch|p2a: Kingambit|Kingambit, F|100\/100\n|-activate|p2a: Kingambit|ability: Supreme Overlord\n|-start|p2a: Kingambit|fallen4|[silent]\n|turn|13\n|\n|t:|1700884101\n|-terastallize|p2a: Kingambit|Fairy\n|move|p1a: yeaH.|Swords Dance|p1a: yeaH.\n|-boost|p1a: yeaH.|atk|2\n|move|p2a: Kingambit|Swords Dance|p2a: Kingambit\n|-boost|p2a: Kingambit|atk|2\n|\n|-heal|p1a: yeaH.|96\/100|[from] item: Leftovers\n|upkeep\n|turn|14\n|\n|t:|1700884109\n|move|p1a: yeaH.|Iron Head|p2a: Kingambit\n|-supereffective|p2a: Kingambit\n|-damage|p2a: Kingambit|0 fnt\n|faint|p2a: Kingambit\n|-end|p2a: Kingambit|fallen4|[silent]\n|\n|-heal|p1a: yeaH.|100\/100|[from] item: Leftovers\n|upkeep\n|-message|CangYuLiuSu forfeited.\n|\n|win|minosprimeyaoi\n|raw|minosprimeyaoi's rating: 1048 &rarr; <strong>1089<\/strong><br \/>(+41 for winning)\n|raw|CangYuLiuSu's rating: 1132 &rarr; <strong>1101<\/strong><br \/>(-31 for losing)\n|l|\u2606CangYuLiuSu\n|l|\u2606minosprimeyaoi\n|j|\u2606minosprimeyaoi\n|player|p1|minosprimeyaoi|swimmerf-gen4\n","uploadtime":1700884126,"views":11,"p1id":"minosprimeyaoi","p2id":"cangyuliusu","formatid":"gen9ou","rating":1089,"private":0,"password":""}