{"id":"gen9ou-1990094083","p1":"SheLuvH","p2":"Jordevio","format":"[Gen 9] OU","log":"|j|\u2606SheLuvH\n|j|\u2606Jordevio\n|t:|1699923881\n|gametype|singles\n|player|p1|SheLuvH|169|1076\n|player|p2|Jordevio|gladion|1055\n|teamsize|p1|6\n|teamsize|p2|6\n|gen|9\n|tier|[Gen 9] OU\n|rated|\n|rule|Sleep Clause Mod: Limit one foe put to sleep\n|rule|Species Clause: Limit one of each Pok\u00e9mon\n|rule|OHKO Clause: OHKO moves are banned\n|rule|Evasion Items Clause: Evasion items are banned\n|rule|Evasion Moves Clause: Evasion moves are banned\n|rule|Endless Battle Clause: Forcing endless battles is banned\n|rule|HP Percentage Mod: HP is shown in percentages\n|clearpoke\n|poke|p1|Haxorus, M|\n|poke|p1|Corviknight, M|\n|poke|p1|Salazzle, F|\n|poke|p1|Sylveon, M|\n|poke|p1|Dragalge, F|\n|poke|p1|Cloyster, M|\n|poke|p2|Samurott-Hisui, F|\n|poke|p2|Iron Valiant|\n|poke|p2|Kingambit, M|\n|poke|p2|Heatran, M|\n|poke|p2|Dragapult, M|\n|poke|p2|Great Tusk|\n|teampreview\n|inactive|Battle timer is ON: inactive players will automatically lose when time's up. (requested by SheLuvH)\n|\n|t:|1699923893\n|start\n|switch|p1a: Dragalge|Dragalge, F, shiny|100\/100\n|switch|p2a: Samurott|Samurott-Hisui, F|100\/100\n|turn|1\n|\n|t:|1699923909\n|-terastallize|p2a: Samurott|Ghost\n|move|p2a: Samurott|Ceaseless Edge|p1a: Dragalge\n|-damage|p1a: Dragalge|50\/100\n|-sidestart|p1: SheLuvH|Spikes\n|move|p1a: Dragalge|Thunderbolt|p2a: Samurott\n|-damage|p2a: Samurott|68\/100\n|\n|-heal|p1a: Dragalge|56\/100|[from] item: Leftovers\n|upkeep\n|turn|2\n|\n|t:|1699923922\n|switch|p1a: Corviknight|Corviknight, M, shiny|100\/100\n|move|p2a: Samurott|Ceaseless Edge|p1a: Corviknight\n|-damage|p1a: Corviknight|73\/100\n|-damage|p2a: Samurott|52\/100|[from] item: Rocky Helmet|[of] p1a: Corviknight\n|-sidestart|p1: SheLuvH|Spikes\n|\n|upkeep\n|turn|3\n|\n|t:|1699923932\n|switch|p2a: Heatran|Heatran, M|100\/100\n|move|p1a: Corviknight|Bulk Up|p1a: Corviknight\n|-boost|p1a: Corviknight|atk|1\n|-boost|p1a: Corviknight|def|1\n|\n|upkeep\n|turn|4\n|\n|t:|1699923950\n|switch|p1a: Cloyster|Cloyster, M, shiny|100\/100\n|-damage|p1a: Cloyster|84\/100|[from] Spikes\n|move|p2a: Heatran|Magma Storm|p1a: Cloyster\n|-damage|p1a: Cloyster|21\/100\n|-activate|p1a: Cloyster|move: Magma Storm|[of] p2a: Heatran\n|\n|-damage|p1a: Cloyster|8\/100|[from] move: Magma Storm|[partiallytrapped]\n|upkeep\n|turn|5\n|\n|t:|1699923966\n|move|p1a: Cloyster|Rock Blast|p2a: Heatran\n|-damage|p2a: Heatran|95\/100\n|-damage|p2a: Heatran|90\/100\n|-damage|p2a: Heatran|85\/100\n|-damage|p2a: Heatran|81\/100\n|-hitcount|p2a: Heatran|4\n|move|p2a: Heatran|Earth Power|p1a: Cloyster\n|-damage|p1a: Cloyster|0 fnt\n|faint|p1a: Cloyster\n|\n|-heal|p2a: Heatran|87\/100|[from] item: Leftovers\n|upkeep\n|\n|t:|1699923984\n|switch|p1a: Corviknight|Corviknight, M, shiny|73\/100\n|turn|6\n|\n|t:|1699923990\n|move|p2a: Heatran|Magma Storm|p1a: Corviknight|[miss]\n|-miss|p2a: Heatran|p1a: Corviknight\n|move|p1a: Corviknight|Defog|p2a: Heatran\n|-unboost|p2a: Heatran|evasion|1\n|-sideend|p1: SheLuvH|Spikes|[from] move: Defog|[of] p1a: Corviknight\n|\n|-heal|p2a: Heatran|93\/100|[from] item: Leftovers\n|upkeep\n|turn|7\n|\n|t:|1699924001\n|switch|p1a: Sylveon|Sylveon, M, shiny|100\/100\n|move|p2a: Heatran|Magma Storm|p1a: Sylveon\n|-damage|p1a: Sylveon|79\/100\n|-activate|p1a: Sylveon|move: Magma Storm|[of] p2a: Heatran\n|\n|-heal|p2a: Heatran|99\/100|[from] item: Leftovers\n|-heal|p1a: Sylveon|85\/100|[from] item: Leftovers\n|-damage|p1a: Sylveon|72\/100|[from] move: Magma Storm|[partiallytrapped]\n|upkeep\n|turn|8\n|\n|t:|1699924013\n|move|p2a: Heatran|Taunt|p1a: Sylveon\n|-start|p1a: Sylveon|move: Taunt\n|move|p1a: Sylveon|Hyper Voice|p2a: Heatran\n|-resisted|p2a: Heatran\n|-damage|p2a: Heatran|93\/100\n|\n|-heal|p2a: Heatran|99\/100|[from] item: Leftovers\n|-heal|p1a: Sylveon|79\/100|[from] item: Leftovers\n|-damage|p1a: Sylveon|66\/100|[from] move: Magma Storm|[partiallytrapped]\n|upkeep\n|turn|9\n|\n|t:|1699924025\n|move|p2a: Heatran|Will-O-Wisp|p1a: Sylveon\n|-status|p1a: Sylveon|brn\n|move|p1a: Sylveon|Shadow Ball|p2a: Heatran\n|-damage|p2a: Heatran|87\/100\n|\n|-heal|p2a: Heatran|93\/100|[from] item: Leftovers\n|-heal|p1a: Sylveon|72\/100 brn|[from] item: Leftovers\n|-damage|p1a: Sylveon|66\/100 brn|[from] brn\n|-damage|p1a: Sylveon|54\/100 brn|[from] move: Magma Storm|[partiallytrapped]\n|upkeep\n|turn|10\n|c|\u2606SheLuvH|holy ur weird lol\n|\n|t:|1699924043\n|move|p2a: Heatran|Magma Storm|p1a: Sylveon\n|-damage|p1a: Sylveon|31\/100 brn\n|move|p1a: Sylveon|Shadow Ball|p2a: Heatran\n|-damage|p2a: Heatran|79\/100\n|\n|-heal|p2a: Heatran|85\/100|[from] item: Leftovers\n|-heal|p1a: Sylveon|37\/100 brn|[from] item: Leftovers\n|-damage|p1a: Sylveon|31\/100 brn|[from] brn\n|-damage|p1a: Sylveon|18\/100 brn|[from] move: Magma Storm|[partiallytrapped]\n|-end|p1a: Sylveon|move: Taunt\n|upkeep\n|turn|11\n|-message|SheLuvH forfeited.\n|\n|win|Jordevio\n|raw|SheLuvH's rating: 1076 &rarr; <strong>1053<\/strong><br \/>(-23 for losing)\n|raw|Jordevio's rating: 1055 &rarr; <strong>1089<\/strong><br \/>(+34 for winning)\n|l|\u2606SheLuvH\n","uploadtime":1699924088,"views":19,"p1id":"sheluvh","p2id":"jordevio","formatid":"gen9ou","rating":1053,"private":0,"password":""}