{"id":"gen9ou-1991842433","p1":"Carchawaii","p2":"packa3dot","format":"[Gen 9] OU","log":"|j|\u2606Carchawaii\n|j|\u2606packa3dot\n|t:|1700126942\n|gametype|singles\n|player|p1|Carchawaii|cynthia|1282\n|player|p2|packa3dot|265|1212\n|teamsize|p1|6\n|teamsize|p2|6\n|gen|9\n|tier|[Gen 9] OU\n|rated|\n|rule|Sleep Clause Mod: Limit one foe put to sleep\n|rule|Species Clause: Limit one of each Pok\u00e9mon\n|rule|OHKO Clause: OHKO moves are banned\n|rule|Evasion Items Clause: Evasion items are banned\n|rule|Evasion Moves Clause: Evasion moves are banned\n|rule|Endless Battle Clause: Forcing endless battles is banned\n|rule|HP Percentage Mod: HP is shown in percentages\n|clearpoke\n|poke|p1|Iron Moth|\n|poke|p1|Samurott-Hisui, M|\n|poke|p1|Kingambit, M|\n|poke|p1|Enamorus, F|\n|poke|p1|Great Tusk|\n|poke|p1|Rillaboom, F|\n|poke|p2|Zamazenta-*|\n|poke|p2|Dragapult, F|\n|poke|p2|Corviknight, M|\n|poke|p2|Kleavor, M|\n|poke|p2|Kingambit, F|\n|poke|p2|Great Tusk|\n|teampreview\n|inactive|Battle timer is ON: inactive players will automatically lose when time's up. (requested by Carchawaii)\n|\n|t:|1700126964\n|start\n|switch|p1a: Great Tusk|Great Tusk|100\/100\n|switch|p2a: Kleavor|Kleavor, M|100\/100\n|turn|1\n|\n|t:|1700126971\n|move|p2a: Kleavor|Stone Axe|p1a: Great Tusk\n|-resisted|p1a: Great Tusk\n|-damage|p1a: Great Tusk|94\/100\n|-sidestart|p1: Carchawaii|move: Stealth Rock\n|move|p1a: Great Tusk|Knock Off|p2a: Kleavor\n|-damage|p2a: Kleavor|68\/100\n|-enditem|p2a: Kleavor|Choice Scarf|[from] move: Knock Off|[of] p1a: Great Tusk\n|\n|-heal|p1a: Great Tusk|100\/100|[from] item: Leftovers\n|upkeep\n|turn|2\n|\n|t:|1700126982\n|switch|p2a: Corviknight|Corviknight, M|100\/100\n|-ability|p2a: Corviknight|Pressure\n|move|p1a: Great Tusk|Knock Off|p2a: Corviknight\n|-damage|p2a: Corviknight|84\/100\n|-damage|p1a: Great Tusk|84\/100|[from] item: Rocky Helmet|[of] p2a: Corviknight\n|-enditem|p2a: Corviknight|Rocky Helmet|[from] move: Knock Off|[of] p1a: Great Tusk\n|\n|-heal|p1a: Great Tusk|90\/100|[from] item: Leftovers\n|upkeep\n|turn|3\n|\n|t:|1700126993\n|move|p1a: Great Tusk|Rapid Spin|p2a: Corviknight\n|-resisted|p2a: Corviknight\n|-damage|p2a: Corviknight|80\/100\n|-boost|p1a: Great Tusk|spe|1\n|-sideend|p1: Carchawaii|Stealth Rock|[from] move: Rapid Spin|[of] p1a: Great Tusk\n|move|p2a: Corviknight|U-turn|p1a: Great Tusk\n|-resisted|p1a: Great Tusk\n|-damage|p1a: Great Tusk|87\/100\n|\n|t:|1700126998\n|switch|p2a: Dragapult|Dragapult, F|100\/100|[from] U-turn\n|\n|-heal|p1a: Great Tusk|93\/100|[from] item: Leftovers\n|upkeep\n|turn|4\n|\n|t:|1700127008\n|-end|p1a: Great Tusk|Protosynthesis|[silent]\n|switch|p1a: Kingambit|Kingambit, M|100\/100\n|-terastallize|p2a: Dragapult|Ghost\n|move|p2a: Dragapult|Shadow Ball|p1a: Kingambit\n|-resisted|p1a: Kingambit\n|-damage|p1a: Kingambit|77\/100\n|\n|-heal|p1a: Kingambit|83\/100|[from] item: Leftovers\n|upkeep\n|turn|5\n|\n|t:|1700127019\n|switch|p2a: Great Tusk|Great Tusk|100\/100\n|-enditem|p2a: Great Tusk|Booster Energy\n|-activate|p2a: Great Tusk|ability: Protosynthesis|[fromitem]\n|-start|p2a: Great Tusk|protosynthesisspe\n|-end|p1a: Kingambit|fallenundefined|[silent]\n|switch|p1a: Enamorus|Enamorus, F|100\/100\n|\n|upkeep\n|turn|6\n|\n|t:|1700127027\n|move|p1a: Enamorus|Moonblast|p2a: Great Tusk\n|-supereffective|p2a: Great Tusk\n|-damage|p2a: Great Tusk|0 fnt\n|faint|p2a: Great Tusk\n|-end|p2a: Great Tusk|Protosynthesis|[silent]\n|\n|upkeep\n|\n|t:|1700127040\n|switch|p2a: Corviknight|Corviknight, M|80\/100\n|-ability|p2a: Corviknight|Pressure\n|turn|7\n|\n|t:|1700127059\n|switch|p1a: Samurott|Samurott-Hisui, M|100\/100\n|move|p2a: Corviknight|U-turn|p1a: Samurott\n|-supereffective|p1a: Samurott\n|-crit|p1a: Samurott\n|-damage|p1a: Samurott|46\/100\n|\n|t:|1700127076\n|switch|p2a: Dragapult|Dragapult, F, tera:Ghost|100\/100|[from] U-turn\n|\n|upkeep\n|turn|8\n|\n|t:|1700127085\n|switch|p2a: Corviknight|Corviknight, M|80\/100\n|-ability|p2a: Corviknight|Pressure\n|switch|p1a: Kingambit|Kingambit, M|83\/100\n|\n|-heal|p1a: Kingambit|89\/100|[from] item: Leftovers\n|upkeep\n|turn|9\n|\n|t:|1700127096\n|-end|p1a: Kingambit|fallenundefined|[silent]\n|switch|p1a: Enamorus|Enamorus, F|100\/100\n|move|p2a: Corviknight|U-turn|p1a: Enamorus\n|-resisted|p1a: Enamorus\n|-damage|p1a: Enamorus|95\/100\n|-start|p2a: Corviknight|Attract|[from] ability: Cute Charm|[of] p1a: Enamorus\n|\n|t:|1700127104\n|switch|p2a: Zamazenta|Zamazenta|100\/100|[from] U-turn\n|-ability|p2a: Zamazenta|Dauntless Shield|boost\n|-boost|p2a: Zamazenta|def|1\n|\n|upkeep\n|turn|10\n|\n|t:|1700127110\n|move|p1a: Enamorus|Moonblast|p2a: Zamazenta\n|-supereffective|p2a: Zamazenta\n|-damage|p2a: Zamazenta|49\/100\n|move|p2a: Zamazenta|Heavy Slam|p1a: Enamorus\n|-supereffective|p1a: Enamorus\n|-damage|p1a: Enamorus|6\/100\n|\n|upkeep\n|turn|11\n|\n|t:|1700127118\n|move|p1a: Enamorus|Moonblast|p2a: Zamazenta\n|-supereffective|p2a: Zamazenta\n|-damage|p2a: Zamazenta|0 fnt\n|faint|p2a: Zamazenta\n|\n|upkeep\n|\n|t:|1700127125\n|switch|p2a: Kingambit|Kingambit, F|100\/100\n|-activate|p2a: Kingambit|ability: Supreme Overlord\n|-start|p2a: Kingambit|fallen2|[silent]\n|turn|12\n|\n|t:|1700127132\n|switch|p1a: Great Tusk|Great Tusk|93\/100\n|move|p2a: Kingambit|Kowtow Cleave|p1a: Great Tusk\n|-resisted|p1a: Great Tusk\n|-damage|p1a: Great Tusk|79\/100\n|\n|-heal|p1a: Great Tusk|85\/100|[from] item: Leftovers\n|upkeep\n|turn|13\n|\n|t:|1700127156\n|-end|p2a: Kingambit|fallen2|[silent]\n|switch|p2a: Corviknight|Corviknight, M|80\/100\n|-ability|p2a: Corviknight|Pressure\n|move|p1a: Great Tusk|Stealth Rock|p2a: Corviknight\n|-sidestart|p2: packa3dot|move: Stealth Rock\n|\n|-heal|p1a: Great Tusk|91\/100|[from] item: Leftovers\n|upkeep\n|turn|14\n|\n|t:|1700127175\n|-end|p1a: Great Tusk|Protosynthesis|[silent]\n|switch|p1a: Samurott|Samurott-Hisui, M|46\/100\n|move|p2a: Corviknight|Defog|p1a: Samurott\n|-unboost|p1a: Samurott|evasion|1\n|-sideend|p2: packa3dot|Stealth Rock|[from] move: Defog|[of] p2a: Corviknight\n|\n|upkeep\n|turn|15\n|\n|t:|1700127182\n|move|p1a: Samurott|Ceaseless Edge|p2a: Corviknight|[miss]\n|-miss|p1a: Samurott|p2a: Corviknight\n|move|p2a: Corviknight|U-turn|p1a: Samurott\n|-supereffective|p1a: Samurott\n|-damage|p1a: Samurott|11\/100\n|\n|t:|1700127190\n|switch|p2a: Kleavor|Kleavor, M|68\/100|[from] U-turn\n|\n|upkeep\n|turn|16\n|\n|t:|1700127196\n|switch|p2a: Corviknight|Corviknight, M|80\/100\n|-ability|p2a: Corviknight|Pressure\n|move|p1a: Samurott|Aqua Cutter|p2a: Corviknight\n|-damage|p2a: Corviknight|50\/100\n|\n|upkeep\n|turn|17\n|\n|t:|1700127204\n|move|p1a: Samurott|Ceaseless Edge|p2a: Corviknight\n|-damage|p2a: Corviknight|23\/100\n|-sidestart|p2: packa3dot|Spikes\n|move|p2a: Corviknight|U-turn|p1a: Samurott\n|-supereffective|p1a: Samurott\n|-damage|p1a: Samurott|0 fnt\n|faint|p1a: Samurott\n|\n|t:|1700127211\n|switch|p2a: Dragapult|Dragapult, F, tera:Ghost|100\/100|[from] U-turn\n|-damage|p2a: Dragapult|88\/100|[from] Spikes\n|\n|upkeep\n|\n|t:|1700127217\n|switch|p1a: Enamorus|Enamorus, F|6\/100\n|turn|18\n|\n|t:|1700127222\n|switch|p2a: Corviknight|Corviknight, M|23\/100\n|-ability|p2a: Corviknight|Pressure\n|move|p1a: Enamorus|Moonblast|p2a: Corviknight\n|-resisted|p2a: Corviknight\n|-damage|p2a: Corviknight|0 fnt\n|faint|p2a: Corviknight\n|\n|upkeep\n|\n|t:|1700127226\n|switch|p2a: Kingambit|Kingambit, F|100\/100\n|-damage|p2a: Kingambit|88\/100|[from] Spikes\n|-activate|p2a: Kingambit|ability: Supreme Overlord\n|-start|p2a: Kingambit|fallen3|[silent]\n|turn|19\n|\n|t:|1700127238\n|switch|p1a: Great Tusk|Great Tusk|91\/100\n|move|p2a: Kingambit|Iron Head|p1a: Great Tusk\n|-damage|p1a: Great Tusk|61\/100\n|\n|-heal|p1a: Great Tusk|67\/100|[from] item: Leftovers\n|-heal|p2a: Kingambit|94\/100|[from] item: Leftovers\n|upkeep\n|turn|20\n|\n|t:|1700127249\n|-end|p2a: Kingambit|fallen3|[silent]\n|switch|p2a: Kleavor|Kleavor, M|68\/100\n|-damage|p2a: Kleavor|55\/100|[from] Spikes\n|move|p1a: Great Tusk|Knock Off|p2a: Kleavor\n|-damage|p2a: Kleavor|32\/100\n|\n|-heal|p1a: Great Tusk|74\/100|[from] item: Leftovers\n|upkeep\n|turn|21\n|\n|t:|1700127258\n|move|p2a: Kleavor|Stone Axe|p1a: Great Tusk\n|-resisted|p1a: Great Tusk\n|-damage|p1a: Great Tusk|68\/100\n|-sidestart|p1: Carchawaii|move: Stealth Rock\n|move|p1a: Great Tusk|Stealth Rock|p2a: Kleavor\n|-sidestart|p2: packa3dot|move: Stealth Rock\n|\n|-heal|p1a: Great Tusk|74\/100|[from] item: Leftovers\n|upkeep\n|turn|22\n|\n|t:|1700127270\n|switch|p2a: Dragapult|Dragapult, F, tera:Ghost|88\/100\n|-damage|p2a: Dragapult|76\/100|[from] Spikes\n|-damage|p2a: Dragapult|64\/100|[from] Stealth Rock\n|move|p1a: Great Tusk|Knock Off|p2a: Dragapult\n|-supereffective|p2a: Dragapult\n|-damage|p2a: Dragapult|0 fnt\n|-enditem|p2a: Dragapult|Choice Specs|[from] move: Knock Off|[of] p1a: Great Tusk\n|faint|p2a: Dragapult\n|\n|-heal|p1a: Great Tusk|80\/100|[from] item: Leftovers\n|upkeep\n|-message|packa3dot forfeited.\n|\n|win|Carchawaii\n|raw|Carchawaii's rating: 1282 &rarr; <strong>1302<\/strong><br \/>(+20 for winning)\n|raw|packa3dot's rating: 1212 &rarr; <strong>1192<\/strong><br \/>(-20 for losing)\n|l|\u2606packa3dot\n","uploadtime":1700127291,"views":11,"p1id":"carchawaii","p2id":"packa3dot","formatid":"gen9ou","rating":1192,"private":0,"password":""}