{"id":"gen9ou-1999955073","p1":"gfdfghdfgh","p2":"Blue the Umbreon","format":"[Gen 9] OU","log":"|j|\u2606gfdfghdfgh\n|j|\u2606Blue the Umbreon\n|t:|1701134215\n|gametype|singles\n|player|p1|gfdfghdfgh|byron|1000\n|player|p2|Blue the Umbreon|riley|1051\n|teamsize|p1|6\n|teamsize|p2|6\n|gen|9\n|tier|[Gen 9] OU\n|rated|\n|rule|Sleep Clause Mod: Limit one foe put to sleep\n|rule|Species Clause: Limit one of each Pok\u00e9mon\n|rule|OHKO Clause: OHKO moves are banned\n|rule|Evasion Items Clause: Evasion items are banned\n|rule|Evasion Moves Clause: Evasion moves are banned\n|rule|Endless Battle Clause: Forcing endless battles is banned\n|rule|HP Percentage Mod: HP is shown in percentages\n|clearpoke\n|poke|p1|Glastrier|\n|poke|p1|Slowbro-Galar, M|\n|poke|p1|Goodra-Hisui, M|\n|poke|p1|Iron Jugulis|\n|poke|p1|Ursaluna, M|\n|poke|p1|Rotom-Heat|\n|poke|p2|Polteageist|\n|poke|p2|Zoroark-Hisui, M|\n|poke|p2|Mimikyu, M|\n|poke|p2|Dragapult, M|\n|poke|p2|Ceruledge, M|\n|poke|p2|Gengar, M|\n|teampreview\n|inactive|Battle timer is ON: inactive players will automatically lose when time's up. (requested by Blue the Umbreon)\n|\n|t:|1701134231\n|start\n|switch|p1a: Slowbro|Slowbro-Galar, M|100\/100\n|switch|p2a: Ceruledge|Ceruledge, M|100\/100\n|turn|1\n|\n|t:|1701134238\n|switch|p2a: Gengar|Gengar, M|100\/100\n|move|p1a: Slowbro|Trick Room|p1a: Slowbro\n|-fieldstart|move: Trick Room|[of] p1a: Slowbro\n|\n|upkeep\n|turn|2\n|\n|t:|1701134245\n|move|p1a: Slowbro|Psyshock|p2a: Gengar\n|-supereffective|p2a: Gengar\n|-damage|p2a: Gengar|1\/100\n|move|p2a: Gengar|Shadow Ball|p1a: Slowbro\n|-supereffective|p1a: Slowbro\n|-damage|p1a: Slowbro|0 fnt\n|faint|p1a: Slowbro\n|-damage|p2a: Gengar|0 fnt|[from] item: Life Orb\n|faint|p2a: Gengar\n|\n|upkeep\n|\n|t:|1701134258\n|switch|p1a: Glastrier|Glastrier|100\/100\n|switch|p2a: Polteageist|Polteageist|100\/100\n|turn|3\n|\n|t:|1701134261\n|move|p2a: Polteageist|Shell Smash|p2a: Polteageist\n|-unboost|p2a: Polteageist|def|1\n|-unboost|p2a: Polteageist|spd|1\n|-boost|p2a: Polteageist|atk|2\n|-boost|p2a: Polteageist|spa|2\n|-boost|p2a: Polteageist|spe|2\n|-enditem|p2a: Polteageist|White Herb\n|-clearnegativeboost|p2a: Polteageist|[silent]\n|move|p1a: Glastrier|Avalanche|p2a: Polteageist\n|-damage|p2a: Polteageist|33\/100\n|-ability|p2a: Polteageist|Weak Armor|boost\n|-unboost|p2a: Polteageist|def|1\n|-boost|p2a: Polteageist|spe|2\n|\n|upkeep\n|turn|4\n|\n|t:|1701134272\n|move|p2a: Polteageist|Giga Drain|p1a: Glastrier\n|-damage|p1a: Glastrier|56\/100\n|-heal|p2a: Polteageist|68\/100|[from] drain|[of] p1a: Glastrier\n|move|p1a: Glastrier|Avalanche|p2a: Polteageist\n|-damage|p2a: Polteageist|0 fnt\n|faint|p2a: Polteageist\n|-ability|p1a: Glastrier|Chilling Neigh|boost\n|-boost|p1a: Glastrier|atk|1\n|\n|upkeep\n|\n|t:|1701134277\n|switch|p2a: Ceruledge|Ceruledge, M|100\/100\n|turn|5\n|\n|t:|1701134281\n|move|p2a: Ceruledge|Swords Dance|p2a: Ceruledge\n|-boost|p2a: Ceruledge|atk|2\n|move|p1a: Glastrier|Avalanche|p2a: Ceruledge\n|-resisted|p2a: Ceruledge\n|-damage|p2a: Ceruledge|63\/100\n|-ability|p2a: Ceruledge|Weak Armor|boost\n|-unboost|p2a: Ceruledge|def|1\n|-boost|p2a: Ceruledge|spe|2\n|\n|-fieldend|move: Trick Room\n|upkeep\n|turn|6\n|\n|t:|1701134290\n|switch|p1a: Rotom|Rotom-Heat|100\/100\n|move|p2a: Ceruledge|Bitter Blade|p1a: Rotom\n|-resisted|p1a: Rotom\n|-damage|p1a: Rotom|48\/100\n|-heal|p2a: Ceruledge|91\/100|[from] drain|[of] p1a: Rotom\n|\n|-heal|p1a: Rotom|54\/100|[from] item: Leftovers\n|upkeep\n|turn|7\n|\n|t:|1701134296\n|move|p2a: Ceruledge|Close Combat|p1a: Rotom\n|-damage|p1a: Rotom|0 fnt\n|-unboost|p2a: Ceruledge|def|1\n|-unboost|p2a: Ceruledge|spd|1\n|faint|p1a: Rotom\n|\n|upkeep\n|\n|t:|1701134303\n|switch|p1a: Ursaluna|Ursaluna, M|100\/100\n|turn|8\n|\n|t:|1701134309\n|-terastallize|p2a: Ceruledge|Grass\n|move|p2a: Ceruledge|Bitter Blade|p1a: Ursaluna\n|-damage|p1a: Ursaluna|35\/100\n|-heal|p2a: Ceruledge|100\/100|[from] drain|[of] p1a: Ursaluna\n|move|p1a: Ursaluna|Earthquake|p2a: Ceruledge\n|-resisted|p2a: Ceruledge\n|-damage|p2a: Ceruledge|9\/100\n|-ability|p2a: Ceruledge|Weak Armor|boost\n|-unboost|p2a: Ceruledge|def|1\n|-boost|p2a: Ceruledge|spe|2\n|\n|-status|p1a: Ursaluna|brn|[from] item: Flame Orb\n|upkeep\n|turn|9\n|\n|t:|1701134320\n|move|p2a: Ceruledge|Bitter Blade|p1a: Ursaluna\n|-damage|p1a: Ursaluna|0 fnt\n|-heal|p2a: Ceruledge|37\/100|[from] drain|[of] p1a: Ursaluna\n|faint|p1a: Ursaluna\n|\n|upkeep\n|\n|t:|1701134322\n|switch|p1a: Iron Jugulis|Iron Jugulis|100\/100\n|turn|10\n|\n|t:|1701134324\n|move|p2a: Ceruledge|Bitter Blade|p1a: Iron Jugulis\n|-damage|p1a: Iron Jugulis|3\/100\n|-heal|p2a: Ceruledge|100\/100|[from] drain|[of] p1a: Iron Jugulis\n|move|p1a: Iron Jugulis|Air Slash|p2a: Ceruledge\n|-supereffective|p2a: Ceruledge\n|-enditem|p2a: Ceruledge|Focus Sash\n|-damage|p2a: Ceruledge|1\/100\n|\n|upkeep\n|turn|11\n|-message|gfdfghdfgh forfeited.\n|\n|win|Blue the Umbreon\n|raw|gfdfghdfgh's rating: 1000 &rarr; <strong>1000<\/strong><br \/>(+0 for losing)\n|raw|Blue the Umbreon's rating: 1051 &rarr; <strong>1079<\/strong><br \/>(+28 for winning)\n|l|\u2606gfdfghdfgh\n","uploadtime":1701134339,"views":3,"p1id":"gfdfghdfgh","p2id":"bluetheumbreon","formatid":"gen9ou","rating":1000,"private":0,"password":""}