{"id":"gen9ou-1994131010","p1":"wooloo supremacy","p2":"DivineGabriel","format":"[Gen 9] OU","log":"|j|\u2606wooloo supremacy\n|j|\u2606DivineGabriel\n|t:|1700410543\n|gametype|singles\n|player|p1|wooloo supremacy|adaman|1705\n|player|p2|DivineGabriel|rye|1764\n|teamsize|p1|6\n|teamsize|p2|6\n|gen|9\n|tier|[Gen 9] OU\n|rated|\n|rule|Sleep Clause Mod: Limit one foe put to sleep\n|rule|Species Clause: Limit one of each Pok\u00e9mon\n|rule|OHKO Clause: OHKO moves are banned\n|rule|Evasion Items Clause: Evasion items are banned\n|rule|Evasion Moves Clause: Evasion moves are banned\n|rule|Endless Battle Clause: Forcing endless battles is banned\n|rule|HP Percentage Mod: HP is shown in percentages\n|clearpoke\n|poke|p1|Walking Wake|\n|poke|p1|Cinderace, F|\n|poke|p1|Ninetales, M|\n|poke|p1|Brute Bonnet|\n|poke|p1|Hatterene, F|\n|poke|p1|Great Tusk|\n|poke|p2|Typhlosion-Hisui, M|\n|poke|p2|Great Tusk|\n|poke|p2|Torkoal, M|\n|poke|p2|Walking Wake|\n|poke|p2|Hatterene, F|\n|poke|p2|Meowscarada, F|\n|teampreview\n|inactive|Battle timer is ON: inactive players will automatically lose when time's up. (requested by wooloo supremacy)\n|\n|t:|1700410555\n|start\n|switch|p1a: Walking Wake|Walking Wake|100\/100\n|switch|p2a: Meowscarada|Meowscarada, F|100\/100\n|turn|1\n|\n|t:|1700410565\n|-end|p1a: Walking Wake|Protosynthesis|[silent]\n|switch|p1a: Hatterene|Hatterene, F|100\/100\n|move|p2a: Meowscarada|Knock Off|p1a: Hatterene\n|-start|p2a: Meowscarada|typechange|Dark|[from] ability: Protean\n|-damage|p1a: Hatterene|53\/100\n|-enditem|p1a: Hatterene|Eject Button|[from] move: Knock Off|[of] p2a: Meowscarada\n|\n|upkeep\n|turn|2\n|j| SwabbyYabby\n|\n|t:|1700410577\n|switch|p2a: Hatterene|Hatterene, F|100\/100\n|move|p1a: Hatterene|Nuzzle|p2a: Hatterene\n|-damage|p2a: Hatterene|97\/100\n|-status|p2a: Hatterene|par\n|-enditem|p2a: Hatterene|Eject Button\n|\n|t:|1700410582\n|switch|p2a: Typhlosion|Typhlosion-Hisui, M|100\/100\n|\n|upkeep\n|turn|3\n|\n|t:|1700410597\n|move|p2a: Typhlosion|Shadow Ball|p1a: Hatterene\n|-supereffective|p1a: Hatterene\n|-damage|p1a: Hatterene|0 fnt\n|faint|p1a: Hatterene\n|\n|upkeep\n|\n|t:|1700410601\n|switch|p1a: Brute Bonnet|Brute Bonnet|100\/100\n|turn|4\n|\n|t:|1700410606\n|switch|p2a: Meowscarada|Meowscarada, F|100\/100\n|move|p1a: Brute Bonnet|Spore|p2a: Meowscarada\n|-immune|p2a: Meowscarada\n|\n|upkeep\n|turn|5\n|\n|t:|1700410617\n|-end|p1a: Brute Bonnet|Protosynthesis|[silent]\n|switch|p1a: Great Tusk|Great Tusk|100\/100\n|move|p2a: Meowscarada|U-turn|p1a: Great Tusk\n|-start|p2a: Meowscarada|typechange|Bug|[from] ability: Protean\n|-resisted|p1a: Great Tusk\n|-damage|p1a: Great Tusk|91\/100\n|\n|t:|1700410630\n|switch|p2a: Walking Wake|Walking Wake|100\/100|[from] U-turn\n|\n|upkeep\n|turn|6\n|inactive|wooloo supremacy has 120 seconds left.\n|\n|t:|1700410671\n|-end|p1a: Great Tusk|Protosynthesis|[silent]\n|switch|p1a: Brute Bonnet|Brute Bonnet|100\/100\n|move|p2a: Walking Wake|Draco Meteor|p1a: Brute Bonnet\n|-damage|p1a: Brute Bonnet|12\/100\n|-unboost|p2a: Walking Wake|spa|2\n|\n|upkeep\n|turn|7\n|\n|t:|1700410678\n|-end|p2a: Walking Wake|Protosynthesis|[silent]\n|switch|p2a: Hatterene|Hatterene, F|97\/100 par\n|move|p1a: Brute Bonnet|Bullet Seed|p2a: Hatterene\n|-damage|p2a: Hatterene|83\/100 par\n|-damage|p2a: Hatterene|71\/100 par\n|-damage|p2a: Hatterene|58\/100 par\n|-damage|p2a: Hatterene|46\/100 par\n|-damage|p2a: Hatterene|33\/100 par\n|-hitcount|p2a: Hatterene|5\n|\n|upkeep\n|turn|8\n|inactive|wooloo supremacy has 120 seconds left.\n|\n|t:|1700410687\n|move|p1a: Brute Bonnet|Bullet Seed|p2a: Hatterene\n|-damage|p2a: Hatterene|20\/100 par\n|-damage|p2a: Hatterene|7\/100 par\n|-damage|p2a: Hatterene|0 fnt\n|faint|p2a: Hatterene\n|-hitcount|p2: Hatterene|3\n|\n|upkeep\n|\n|t:|1700410695\n|switch|p2a: Meowscarada|Meowscarada, F|100\/100\n|turn|9\n|inactive|wooloo supremacy has 120 seconds left.\n|inactive|wooloo supremacy has 90 seconds left.\n|\n|t:|1700410764\n|move|p1a: Brute Bonnet|Sucker Punch|p2a: Meowscarada\n|-resisted|p2a: Meowscarada\n|-damage|p2a: Meowscarada|68\/100\n|move|p2a: Meowscarada|U-turn|p1a: Brute Bonnet\n|-start|p2a: Meowscarada|typechange|Bug|[from] ability: Protean\n|-supereffective|p1a: Brute Bonnet\n|-damage|p1a: Brute Bonnet|0 fnt\n|faint|p1a: Brute Bonnet\n|-end|p1a: Brute Bonnet|Protosynthesis|[silent]\n|\n|t:|1700410769\n|switch|p2a: Torkoal|Torkoal, M|100\/100|[from] U-turn\n|-weather|SunnyDay|[from] ability: Drought|[of] p2a: Torkoal\n|\n|-weather|SunnyDay|[upkeep]\n|upkeep\n|inactive|wooloo supremacy has 60 seconds left.\n|\n|t:|1700410795\n|switch|p1a: Walking Wake|Walking Wake|100\/100\n|-activate|p1a: Walking Wake|ability: Protosynthesis\n|-start|p1a: Walking Wake|protosynthesisspa\n|turn|10\n|inactive|wooloo supremacy has 60 seconds left.\n|\n|t:|1700410824\n|move|p1a: Walking Wake|Hydro Steam|p2a: Torkoal\n|-supereffective|p2a: Torkoal\n|-damage|p2a: Torkoal|0 fnt\n|faint|p2a: Torkoal\n|\n|-weather|SunnyDay|[upkeep]\n|upkeep\n|\n|t:|1700410827\n|switch|p2a: Walking Wake|Walking Wake|100\/100\n|-activate|p2a: Walking Wake|ability: Protosynthesis\n|-start|p2a: Walking Wake|protosynthesisspe\n|turn|11\n|\n|t:|1700410833\n|-terastallize|p1a: Walking Wake|Water\n|move|p2a: Walking Wake|Dragon Pulse|p1a: Walking Wake\n|-damage|p1a: Walking Wake|21\/100\n|move|p1a: Walking Wake|Dragon Pulse|p2a: Walking Wake\n|-supereffective|p2a: Walking Wake\n|-damage|p2a: Walking Wake|0 fnt\n|faint|p2a: Walking Wake\n|-end|p2a: Walking Wake|Protosynthesis|[silent]\n|\n|-weather|SunnyDay|[upkeep]\n|upkeep\n|\n|t:|1700410839\n|switch|p2a: Meowscarada|Meowscarada, F|68\/100\n|turn|12\n|\n|t:|1700410843\n|-end|p1a: Walking Wake|Protosynthesis|[silent]\n|switch|p1a: Ninetales|Ninetales, M|100\/100\n|move|p2a: Meowscarada|U-turn|p1a: Ninetales\n|-start|p2a: Meowscarada|typechange|Bug|[from] ability: Protean\n|-resisted|p1a: Ninetales\n|-damage|p1a: Ninetales|81\/100\n|\n|t:|1700410847\n|switch|p2a: Typhlosion|Typhlosion-Hisui, M|100\/100|[from] U-turn\n|\n|-weather|SunnyDay|[upkeep]\n|upkeep\n|turn|13\n|\n|t:|1700410857\n|move|p1a: Ninetales|Healing Wish|p1a: Ninetales\n|faint|p1a: Ninetales\n|move|p2a: Typhlosion|Shadow Ball|p1: Ninetales|[notarget]\n|-fail|p2a: Typhlosion\n|\n|-weather|SunnyDay|[upkeep]\n|upkeep\n|\n|t:|1700410863\n|switch|p1a: Walking Wake|Walking Wake, tera:Water|21\/100\n|-heal|p1a: Walking Wake|100\/100|[from] move: Healing Wish\n|-activate|p1a: Walking Wake|ability: Protosynthesis\n|-start|p1a: Walking Wake|protosynthesisspa\n|turn|14\n|j| short asian girl\n|j| Rextestear\n|\n|t:|1700410892\n|move|p1a: Walking Wake|Hydro Steam|p2a: Typhlosion\n|-supereffective|p2a: Typhlosion\n|-damage|p2a: Typhlosion|0 fnt\n|faint|p2a: Typhlosion\n|\n|-weather|SunnyDay|[upkeep]\n|upkeep\n|\n|t:|1700410895\n|switch|p2a: Meowscarada|Meowscarada, F|68\/100\n|turn|15\n|\n|t:|1700410899\n|-end|p1a: Walking Wake|Protosynthesis|[silent]\n|switch|p1a: Cinderace|Cinderace, F|100\/100\n|move|p2a: Meowscarada|U-turn|p1a: Cinderace\n|-start|p2a: Meowscarada|typechange|Bug|[from] ability: Protean\n|-resisted|p1a: Cinderace\n|-damage|p1a: Cinderace|77\/100\n|\n|t:|1700410901\n|switch|p2a: Great Tusk|Great Tusk|100\/100|[from] U-turn\n|-activate|p2a: Great Tusk|ability: Protosynthesis\n|-start|p2a: Great Tusk|protosynthesisatk\n|\n|-weather|SunnyDay|[upkeep]\n|upkeep\n|turn|16\n|l| Rextestear\n|\n|t:|1700410924\n|switch|p1a: Great Tusk|Great Tusk|91\/100\n|-activate|p1a: Great Tusk|ability: Protosynthesis\n|-start|p1a: Great Tusk|protosynthesisdef\n|move|p2a: Great Tusk|Headlong Rush|p1a: Great Tusk\n|-damage|p1a: Great Tusk|37\/100\n|-unboost|p2a: Great Tusk|def|1\n|-unboost|p2a: Great Tusk|spd|1\n|\n|-weather|none\n|-end|p1a: Great Tusk|Protosynthesis\n|-end|p2a: Great Tusk|Protosynthesis\n|upkeep\n|turn|17\n|\n|t:|1700410934\n|-end|p2a: Great Tusk|Protosynthesis|[silent]\n|switch|p2a: Meowscarada|Meowscarada, F|68\/100\n|move|p1a: Great Tusk|Close Combat|p2a: Meowscarada\n|-supereffective|p2a: Meowscarada\n|-damage|p2a: Meowscarada|0 fnt\n|-unboost|p1a: Great Tusk|def|1\n|-unboost|p1a: Great Tusk|spd|1\n|-enditem|p1a: Great Tusk|Eject Pack\n|faint|p2a: Meowscarada\n|\n|t:|1700410937\n|-end|p1a: Great Tusk|Protosynthesis|[silent]\n|switch|p1a: Walking Wake|Walking Wake, tera:Water|100\/100\n|\n|upkeep\n|-message|DivineGabriel forfeited.\n|\n|win|wooloo supremacy\n|raw|wooloo supremacy's rating: 1663 &rarr; <strong>1689<\/strong><br \/>(+26 for winning)\n|raw|DivineGabriel's rating: 1764 &rarr; <strong>1738<\/strong><br \/>(-26 for losing)\n|l|\u2606DivineGabriel\n|c|\u2606wooloo supremacy|gg\n","uploadtime":1700410947,"views":34,"p1id":"wooloosupremacy","p2id":"divinegabriel","formatid":"gen9ou","rating":1689,"private":0,"password":""}