{"id":"gen9ou-1994637821","p1":"pelukas","p2":"Bolmic","format":"[Gen 9] OU","log":"|j|\u2606pelukas\n|j|\u2606Bolmic\n|t:|1700473519\n|gametype|singles\n|player|p1|pelukas|grimsley|1069\n|player|p2|Bolmic|170|1000\n|teamsize|p1|6\n|teamsize|p2|6\n|gen|9\n|tier|[Gen 9] OU\n|rated|\n|rule|Sleep Clause Mod: Limit one foe put to sleep\n|rule|Species Clause: Limit one of each Pok\u00e9mon\n|rule|OHKO Clause: OHKO moves are banned\n|rule|Evasion Items Clause: Evasion items are banned\n|rule|Evasion Moves Clause: Evasion moves are banned\n|rule|Endless Battle Clause: Forcing endless battles is banned\n|rule|HP Percentage Mod: HP is shown in percentages\n|clearpoke\n|poke|p1|Heatran, M|\n|poke|p1|Cinderace, M|\n|poke|p1|Volcanion|\n|poke|p1|Rotom-Heat|\n|poke|p1|Ceruledge, M|\n|poke|p1|Moltres|\n|poke|p2|Ribombee, F|\n|poke|p2|Grimmsnarl, M|\n|poke|p2|Great Tusk|\n|poke|p2|Dragonite, F|\n|poke|p2|Gholdengo|\n|poke|p2|Rillaboom, M|\n|teampreview\n|inactive|Battle timer is ON: inactive players will automatically lose when time's up. (requested by pelukas)\n|\n|t:|1700473527\n|start\n|switch|p1a: Cinderace|Cinderace, M|100\/100\n|switch|p2a: Great Tusk|Great Tusk|100\/100\n|-enditem|p2a: Great Tusk|Booster Energy\n|-activate|p2a: Great Tusk|ability: Protosynthesis|[fromitem]\n|-start|p2a: Great Tusk|protosynthesisspe\n|turn|1\n|\n|t:|1700473538\n|switch|p1a: Rotom|Rotom-Heat|100\/100\n|move|p2a: Great Tusk|Knock Off|p1a: Rotom\n|-damage|p1a: Rotom|64\/100\n|-enditem|p1a: Rotom|Leftovers|[from] move: Knock Off|[of] p2a: Great Tusk\n|\n|upkeep\n|turn|2\n|\n|t:|1700473546\n|move|p2a: Great Tusk|Stealth Rock|p1a: Rotom\n|-sidestart|p1: pelukas|move: Stealth Rock\n|move|p1a: Rotom|Nasty Plot|p1a: Rotom\n|-boost|p1a: Rotom|spa|2\n|\n|upkeep\n|turn|3\n|\n|t:|1700473552\n|move|p2a: Great Tusk|Taunt|p1a: Rotom\n|-start|p1a: Rotom|move: Taunt\n|move|p1a: Rotom|Overheat|p2a: Great Tusk\n|-damage|p2a: Great Tusk|0 fnt\n|-unboost|p1a: Rotom|spa|2\n|faint|p2a: Great Tusk\n|-end|p2a: Great Tusk|Protosynthesis|[silent]\n|\n|upkeep\n|\n|t:|1700473566\n|switch|p2a: Grimmsnarl|Grimmsnarl, M, shiny|100\/100\n|turn|4\n|\n|t:|1700473574\n|move|p2a: Grimmsnarl|Light Screen|p2a: Grimmsnarl\n|-sidestart|p2: Bolmic|move: Light Screen\n|move|p1a: Rotom|Volt Switch|p2a: Grimmsnarl\n|-damage|p2a: Grimmsnarl|88\/100\n|\n|t:|1700473576\n|switch|p1a: Cinderace|Cinderace, M|100\/100|[from] Volt Switch\n|\n|upkeep\n|turn|5\n|\n|t:|1700473581\n|move|p2a: Grimmsnarl|Taunt|p1a: Cinderace\n|-start|p1a: Cinderace|move: Taunt\n|cant|p1a: Cinderace|move: Taunt|Court Change\n|\n|upkeep\n|turn|6\n|\n|t:|1700473586\n|move|p2a: Grimmsnarl|Reflect|p2a: Grimmsnarl\n|-sidestart|p2: Bolmic|Reflect\n|move|p1a: Cinderace|Pyro Ball|p2a: Grimmsnarl\n|-damage|p2a: Grimmsnarl|59\/100\n|\n|upkeep\n|turn|7\n|\n|t:|1700473592\n|move|p1a: Cinderace|U-turn|p2a: Grimmsnarl\n|-start|p1a: Cinderace|typechange|Bug|[from] ability: Libero\n|-damage|p2a: Grimmsnarl|43\/100\n|\n|t:|1700473601\n|switch|p1a: Moltres|Moltres|100\/100|[from] U-turn\n|move|p2a: Grimmsnarl|Spirit Break|p1a: Moltres\n|-resisted|p1a: Moltres\n|-damage|p1a: Moltres|87\/100\n|-unboost|p1a: Moltres|spa|1\n|\n|upkeep\n|turn|8\n|\n|t:|1700473614\n|switch|p2a: Dragonite|Dragonite, F|100\/100\n|move|p1a: Moltres|U-turn|p2a: Dragonite\n|-resisted|p2a: Dragonite\n|-damage|p2a: Dragonite|99\/100\n|\n|t:|1700473617\n|switch|p1a: Cinderace|Cinderace, M|100\/100|[from] U-turn\n|\n|upkeep\n|turn|9\n|\n|t:|1700473630\n|move|p1a: Cinderace|Court Change|p1a: Cinderace\n|-start|p1a: Cinderace|typechange|Normal|[from] ability: Libero\n|-swapsideconditions\n|-activate|p1a: Cinderace|move: Court Change\n|move|p2a: Dragonite|Hurricane|p1a: Cinderace|[miss]\n|-miss|p2a: Dragonite|p1a: Cinderace\n|\n|upkeep\n|turn|10\n|\n|t:|1700473644\n|switch|p2a: Grimmsnarl|Grimmsnarl, M, shiny|43\/100\n|-damage|p2a: Grimmsnarl|30\/100|[from] Stealth Rock\n|move|p1a: Cinderace|U-turn|p2a: Grimmsnarl\n|-damage|p2a: Grimmsnarl|8\/100\n|\n|t:|1700473650\n|switch|p1a: Ceruledge|Ceruledge, M|100\/100|[from] U-turn\n|\n|upkeep\n|turn|11\n|\n|t:|1700473656\n|move|p1a: Ceruledge|Shadow Sneak|p2a: Grimmsnarl\n|-resisted|p2a: Grimmsnarl\n|-damage|p2a: Grimmsnarl|0 fnt\n|faint|p2a: Grimmsnarl\n|\n|-sideend|p1: pelukas|move: Light Screen\n|upkeep\n|\n|t:|1700473662\n|switch|p2a: Dragonite|Dragonite, F|99\/100\n|turn|12\n|\n|t:|1700473669\n|move|p1a: Ceruledge|Bitter Blade|p2a: Dragonite\n|-resisted|p2a: Dragonite\n|-damage|p2a: Dragonite|75\/100\n|move|p2a: Dragonite|Dragon Dance|p2a: Dragonite\n|-boost|p2a: Dragonite|atk|1\n|-boost|p2a: Dragonite|spe|1\n|\n|upkeep\n|turn|13\n|\n|t:|1700473678\n|switch|p1a: Rotom|Rotom-Heat|64\/100\n|move|p2a: Dragonite|Extreme Speed|p1a: Rotom\n|-damage|p1a: Rotom|36\/100\n|\n|-sideend|p1: pelukas|Reflect\n|upkeep\n|turn|14\n|\n|t:|1700473685\n|move|p2a: Dragonite|Dragon Dance|p2a: Dragonite\n|-boost|p2a: Dragonite|atk|1\n|-boost|p2a: Dragonite|spe|1\n|move|p1a: Rotom|Volt Switch|p2a: Dragonite\n|-damage|p2a: Dragonite|41\/100\n|\n|t:|1700473689\n|switch|p1a: Heatran|Heatran, M, shiny|100\/100|[from] Volt Switch\n|\n|upkeep\n|turn|15\n|\n|t:|1700473699\n|-terastallize|p1a: Heatran|Grass\n|move|p2a: Dragonite|Extreme Speed|p1a: Heatran\n|-damage|p1a: Heatran|57\/100\n|move|p1a: Heatran|Power Gem|p2a: Dragonite\n|-supereffective|p2a: Dragonite\n|-damage|p2a: Dragonite|0 fnt\n|faint|p2a: Dragonite\n|\n|-heal|p1a: Heatran|63\/100|[from] item: Leftovers\n|upkeep\n|\n|t:|1700473704\n|switch|p2a: Gholdengo|Gholdengo|100\/100\n|-damage|p2a: Gholdengo|94\/100|[from] Stealth Rock\n|turn|16\n|\n|t:|1700473708\n|move|p2a: Gholdengo|Substitute|p2a: Gholdengo\n|-start|p2a: Gholdengo|Substitute\n|-damage|p2a: Gholdengo|69\/100\n|move|p1a: Heatran|Lava Plume|p2a: Gholdengo\n|-supereffective|p2a: Gholdengo\n|-end|p2a: Gholdengo|Substitute\n|\n|-heal|p1a: Heatran|70\/100|[from] item: Leftovers\n|upkeep\n|turn|17\n|\n|t:|1700473712\n|move|p2a: Gholdengo|Nasty Plot|p2a: Gholdengo\n|-boost|p2a: Gholdengo|spa|2\n|move|p1a: Heatran|Lava Plume|p2a: Gholdengo\n|-supereffective|p2a: Gholdengo\n|-damage|p2a: Gholdengo|0 fnt\n|faint|p2a: Gholdengo\n|\n|-heal|p1a: Heatran|76\/100|[from] item: Leftovers\n|upkeep\n|\n|t:|1700473717\n|switch|p2a: Rillaboom|Rillaboom, M|100\/100\n|-damage|p2a: Rillaboom|88\/100|[from] Stealth Rock\n|-fieldstart|move: Grassy Terrain|[from] ability: Grassy Surge|[of] p2a: Rillaboom\n|turn|18\n|\n|t:|1700473722\n|move|p2a: Rillaboom|Drain Punch|p1a: Heatran\n|-damage|p1a: Heatran|50\/100\n|-heal|p2a: Rillaboom|100\/100|[from] drain|[of] p1a: Heatran\n|-damage|p2a: Rillaboom|91\/100|[from] item: Life Orb\n|move|p1a: Heatran|Lava Plume|p2a: Rillaboom\n|-supereffective|p2a: Rillaboom\n|-damage|p2a: Rillaboom|0 fnt\n|faint|p2a: Rillaboom\n|\n|-heal|p1a: Heatran|56\/100|[from] Grassy Terrain\n|-heal|p1a: Heatran|62\/100|[from] item: Leftovers\n|upkeep\n|\n|t:|1700473725\n|switch|p2a: GreenUVLight|Ribombee, F|100\/100\n|-damage|p2a: GreenUVLight|76\/100|[from] Stealth Rock\n|turn|19\n|\n|t:|1700473730\n|move|p2a: GreenUVLight|Quiver Dance|p2a: GreenUVLight\n|-boost|p2a: GreenUVLight|spa|1\n|-boost|p2a: GreenUVLight|spd|1\n|-boost|p2a: GreenUVLight|spe|1\n|move|p1a: Heatran|Lava Plume|p2a: GreenUVLight\n|-supereffective|p2a: GreenUVLight\n|-damage|p2a: GreenUVLight|3\/100\n|\n|-heal|p2a: GreenUVLight|9\/100|[from] Grassy Terrain\n|-heal|p1a: Heatran|69\/100|[from] Grassy Terrain\n|-heal|p1a: Heatran|75\/100|[from] item: Leftovers\n|upkeep\n|turn|20\n|\n|t:|1700473734\n|switch|p1a: Volcanion|Volcanion|100\/100\n|move|p2a: GreenUVLight|Stored Power|p1a: Volcanion\n|-damage|p1a: Volcanion|82\/100\n|-damage|p2a: GreenUVLight|0 fnt|[from] item: Life Orb\n|faint|p2a: GreenUVLight\n|\n|win|pelukas\n|raw|pelukas's rating: 1069 &rarr; <strong>1093<\/strong><br \/>(+24 for winning)\n|raw|Bolmic's rating: 1000 &rarr; <strong>1000<\/strong><br \/>(+0 for losing)\n|l|\u2606Bolmic\n","uploadtime":1700473744,"views":12,"p1id":"pelukas","p2id":"bolmic","formatid":"gen9ou","rating":1000,"private":0,"password":""}