{"id":"gen9ou-1994108026","p1":"Shammoo Shaman","p2":"DooT241","format":"[Gen 9] OU","log":"|j|\u2606Shammoo Shaman\n|j|\u2606DooT241\n|t:|1700407795\n|gametype|singles\n|player|p1|Shammoo Shaman|2|\n|player|p2|DooT241|roxie|\n|teamsize|p1|6\n|teamsize|p2|6\n|gen|9\n|tier|[Gen 9] OU\n|rule|Sleep Clause Mod: Limit one foe put to sleep\n|rule|Species Clause: Limit one of each Pok\u00e9mon\n|rule|OHKO Clause: OHKO moves are banned\n|rule|Evasion Items Clause: Evasion items are banned\n|rule|Evasion Moves Clause: Evasion moves are banned\n|rule|Endless Battle Clause: Forcing endless battles is banned\n|rule|HP Percentage Mod: HP is shown in percentages\n|clearpoke\n|poke|p1|Glimmora, M|\n|poke|p1|Iron Moth|\n|poke|p1|Ogerpon-Cornerstone, F|\n|poke|p1|Samurott-Hisui, F|\n|poke|p1|Sinistcha-Masterpiece|\n|poke|p1|Houndstone, M|\n|poke|p2|Tyranitar, F|\n|poke|p2|Rotom-Wash|\n|poke|p2|Arcanine-Hisui, M|\n|poke|p2|Brambleghast, M|\n|poke|p2|Goodra-Hisui, F|\n|poke|p2|Kilowattrel, F|\n|teampreview\n|\n|t:|1700407812\n|start\n|switch|p1a: Samurott|Samurott-Hisui, F|100\/100\n|switch|p2a: Kilowattrel|Kilowattrel, F|100\/100\n|turn|1\n|\n|t:|1700407863\n|switch|p1a: Glimmora|Glimmora, M|100\/100\n|move|p2a: Kilowattrel|Thunderbolt|p1a: Glimmora\n|-damage|p1a: Glimmora|48\/100\n|\n|upkeep\n|turn|2\n|\n|t:|1700407871\n|move|p1a: Glimmora|Power Gem|p2a: Kilowattrel\n|-supereffective|p2a: Kilowattrel\n|-damage|p2a: Kilowattrel|0 fnt\n|faint|p2a: Kilowattrel\n|\n|upkeep\n|c|\u2606Shammoo Shaman|:D\n|c|\u2606DooT241|mm\n|\n|t:|1700407886\n|switch|p2a: Goodra|Goodra-Hisui, F|100\/100\n|turn|3\n|\n|t:|1700407912\n|switch|p1a: Sinistcha|Sinistcha-Masterpiece|100\/100\n|move|p2a: Goodra|Acid Armor|p2a: Goodra\n|-boost|p2a: Goodra|def|2\n|\n|upkeep\n|turn|4\n|\n|t:|1700407919\n|move|p1a: Sinistcha|Calm Mind|p1a: Sinistcha\n|-boost|p1a: Sinistcha|spa|1\n|-boost|p1a: Sinistcha|spd|1\n|move|p2a: Goodra|Heavy Slam|p1a: Sinistcha\n|-damage|p1a: Sinistcha|72\/100\n|\n|-heal|p1a: Sinistcha|78\/100|[from] item: Leftovers\n|upkeep\n|turn|5\n|\n|t:|1700407929\n|switch|p2a: Arcanine|Arcanine-Hisui, M|100\/100\n|move|p1a: Sinistcha|Calm Mind|p1a: Sinistcha\n|-boost|p1a: Sinistcha|spa|1\n|-boost|p1a: Sinistcha|spd|1\n|\n|-heal|p1a: Sinistcha|84\/100|[from] item: Leftovers\n|upkeep\n|turn|6\n|\n|t:|1700407939\n|move|p2a: Arcanine|Flare Blitz|p1a: Sinistcha\n|-supereffective|p1a: Sinistcha\n|-damage|p1a: Sinistcha|42\/100\n|move|p1a: Sinistcha|Strength Sap|p2a: Arcanine\n|-unboost|p2a: Arcanine|atk|1\n|-heal|p1a: Sinistcha|100\/100\n|\n|upkeep\n|turn|7\n|c|\u2606Shammoo Shaman|Teehee\n|\n|t:|1700407956\n|switch|p2a: Tyranitar|Tyranitar, F|100\/100\n|-weather|Sandstorm|[from] ability: Sand Stream|[of] p2a: Tyranitar\n|move|p1a: Sinistcha|Matcha Gotcha|p2a: Tyranitar\n|-supereffective|p2a: Tyranitar\n|-damage|p2a: Tyranitar|47\/100\n|\n|-weather|Sandstorm|[upkeep]\n|-damage|p1a: Sinistcha|94\/100|[from] Sandstorm\n|-heal|p1a: Sinistcha|100\/100|[from] item: Leftovers\n|-heal|p2a: Tyranitar|53\/100|[from] item: Leftovers\n|upkeep\n|turn|8\n|c|\u2606DooT241|shit\n|\n|t:|1700407975\n|move|p1a: Sinistcha|Strength Sap|p2a: Tyranitar\n|-unboost|p2a: Tyranitar|atk|1\n|move|p2a: Tyranitar|Crunch|p1a: Sinistcha\n|-supereffective|p1a: Sinistcha\n|-damage|p1a: Sinistcha|66\/100\n|\n|-weather|Sandstorm|[upkeep]\n|-damage|p1a: Sinistcha|60\/100|[from] Sandstorm\n|-heal|p1a: Sinistcha|66\/100|[from] item: Leftovers\n|-heal|p2a: Tyranitar|59\/100|[from] item: Leftovers\n|upkeep\n|turn|9\n|\n|t:|1700407986\n|move|p1a: Sinistcha|Strength Sap|p2a: Tyranitar\n|-unboost|p2a: Tyranitar|atk|1\n|-heal|p1a: Sinistcha|100\/100\n|move|p2a: Tyranitar|Crunch|p1a: Sinistcha\n|-supereffective|p1a: Sinistcha\n|-damage|p1a: Sinistcha|71\/100\n|\n|-weather|Sandstorm|[upkeep]\n|-damage|p1a: Sinistcha|65\/100|[from] Sandstorm\n|-heal|p1a: Sinistcha|71\/100|[from] item: Leftovers\n|-heal|p2a: Tyranitar|66\/100|[from] item: Leftovers\n|upkeep\n|turn|10\n|\n|t:|1700408004\n|move|p1a: Sinistcha|Matcha Gotcha|p2a: Tyranitar\n|-supereffective|p2a: Tyranitar\n|-damage|p2a: Tyranitar|13\/100\n|-heal|p1a: Sinistcha|100\/100|[from] drain|[of] p2a: Tyranitar\n|move|p2a: Tyranitar|Crunch|p1a: Sinistcha\n|-supereffective|p1a: Sinistcha\n|-damage|p1a: Sinistcha|76\/100\n|-unboost|p1a: Sinistcha|def|1\n|\n|-weather|Sandstorm|[upkeep]\n|-damage|p1a: Sinistcha|70\/100|[from] Sandstorm\n|-heal|p1a: Sinistcha|76\/100|[from] item: Leftovers\n|-heal|p2a: Tyranitar|19\/100|[from] item: Leftovers\n|upkeep\n|turn|11\n|c|\u2606Shammoo Shaman|shit\n|\n|t:|1700408019\n|move|p1a: Sinistcha|Matcha Gotcha|p2a: Tyranitar\n|-supereffective|p2a: Tyranitar\n|-damage|p2a: Tyranitar|0 fnt\n|-heal|p1a: Sinistcha|87\/100|[from] drain|[of] p2a: Tyranitar\n|faint|p2a: Tyranitar\n|\n|-weather|none\n|-heal|p1a: Sinistcha|93\/100|[from] item: Leftovers\n|upkeep\n|\n|t:|1700408029\n|switch|p2a: Arcanine|Arcanine-Hisui, M|100\/100\n|turn|12\n|\n|t:|1700408035\n|-terastallize|p2a: Arcanine|Fire\n|move|p2a: Arcanine|Flare Blitz|p1a: Sinistcha\n|-supereffective|p1a: Sinistcha\n|-damage|p1a: Sinistcha|11\/100\n|move|p1a: Sinistcha|Strength Sap|p2a: Arcanine\n|-unboost|p2a: Arcanine|atk|1\n|-heal|p1a: Sinistcha|100\/100\n|\n|upkeep\n|turn|13\n|c|\u2606Shammoo Shaman|teahee\n|c|\u2606DooT241|goddmanmasiofm\n|\n|t:|1700408049\n|switch|p2a: Rotom|Rotom-Wash|100\/100\n|move|p1a: Sinistcha|Shadow Ball|p2a: Rotom\n|-damage|p2a: Rotom|31\/100\n|\n|upkeep\n|turn|14\n|\n|t:|1700408060\n|move|p2a: Rotom|Trick|p1a: Sinistcha\n|-activate|p2a: Rotom|move: Trick|[of] p1a: Sinistcha\n|-item|p1a: Sinistcha|Choice Scarf|[from] move: Trick\n|-item|p2a: Rotom|Leftovers|[from] move: Trick\n|move|p1a: Sinistcha|Matcha Gotcha|p2a: Rotom\n|-supereffective|p2a: Rotom\n|-damage|p2a: Rotom|0 fnt\n|faint|p2a: Rotom\n|\n|upkeep\n|\n|t:|1700408068\n|switch|p2a: Goodra|Goodra-Hisui, F|100\/100\n|turn|15\n|\n|t:|1700408076\n|move|p1a: Sinistcha|Matcha Gotcha|p2a: Goodra\n|-ability|p2a: Goodra|Sap Sipper|boost\n|-boost|p2a: Goodra|atk|1\n|move|p2a: Goodra|Acid Armor|p2a: Goodra\n|-boost|p2a: Goodra|def|2\n|\n|upkeep\n|turn|16\n|c|\u2606Shammoo Shaman|OH XD\n|\n|t:|1700408087\n|switch|p1a: Houndstone|Houndstone, M|100\/100\n|move|p2a: Goodra|Heavy Slam|p1a: Houndstone\n|-damage|p1a: Houndstone|75\/100\n|-damage|p2a: Goodra|84\/100|[from] item: Rocky Helmet|[of] p1a: Houndstone\n|\n|-heal|p2a: Goodra|90\/100|[from] item: Leftovers\n|upkeep\n|turn|17\n|\n|t:|1700408097\n|move|p1a: Houndstone|Will-O-Wisp|p2a: Goodra\n|-status|p2a: Goodra|brn\n|move|p2a: Goodra|Acid Armor|p2a: Goodra\n|-boost|p2a: Goodra|def|2\n|\n|-heal|p2a: Goodra|96\/100 brn|[from] item: Leftovers\n|-damage|p2a: Goodra|90\/100 brn|[from] brn\n|upkeep\n|turn|18\n|\n|t:|1700408110\n|move|p1a: Houndstone|Sunny Day|p1a: Houndstone\n|-weather|SunnyDay\n|move|p2a: Goodra|Acid Armor|p2a: Goodra\n|-boost|p2a: Goodra|def|2\n|\n|-weather|SunnyDay|[upkeep]\n|-heal|p2a: Goodra|96\/100 brn|[from] item: Leftovers\n|-damage|p2a: Goodra|90\/100 brn|[from] brn\n|upkeep\n|turn|19\n|\n|t:|1700408117\n|move|p1a: Houndstone|Fire Fang|p2a: Goodra\n|-damage|p2a: Goodra|84\/100 brn\n|move|p2a: Goodra|Surf|p1a: Houndstone\n|-damage|p1a: Houndstone|63\/100\n|\n|-weather|SunnyDay|[upkeep]\n|-heal|p2a: Goodra|90\/100 brn|[from] item: Leftovers\n|-damage|p2a: Goodra|84\/100 brn|[from] brn\n|upkeep\n|turn|20\n|\n|t:|1700408125\n|move|p1a: Houndstone|Fire Fang|p2a: Goodra\n|-damage|p2a: Goodra|79\/100 brn\n|move|p2a: Goodra|Surf|p1a: Houndstone\n|-crit|p1a: Houndstone\n|-damage|p1a: Houndstone|45\/100\n|\n|-weather|SunnyDay|[upkeep]\n|-heal|p2a: Goodra|85\/100 brn|[from] item: Leftovers\n|-damage|p2a: Goodra|79\/100 brn|[from] brn\n|upkeep\n|turn|21\n|c|\u2606Shammoo Shaman|big crits\n|\n|t:|1700408134\n|move|p1a: Houndstone|Fire Fang|p2a: Goodra\n|-damage|p2a: Goodra|74\/100 brn\n|cant|p2a: Goodra|flinch\n|\n|-weather|SunnyDay|[upkeep]\n|-heal|p2a: Goodra|80\/100 brn|[from] item: Leftovers\n|-damage|p2a: Goodra|74\/100 brn|[from] brn\n|upkeep\n|turn|22\n|\n|t:|1700408141\n|move|p1a: Houndstone|Fire Fang|p2a: Goodra\n|-damage|p2a: Goodra|69\/100 brn\n|cant|p2a: Goodra|flinch\n|\n|-weather|none\n|-heal|p2a: Goodra|75\/100 brn|[from] item: Leftovers\n|-damage|p2a: Goodra|69\/100 brn|[from] brn\n|upkeep\n|turn|23\n|c|\u2606DooT241|bruh\n|\n|t:|1700408149\n|move|p1a: Houndstone|Fire Fang|p2a: Goodra\n|-damage|p2a: Goodra|66\/100 brn\n|move|p2a: Goodra|Surf|p1a: Houndstone\n|-damage|p1a: Houndstone|23\/100\n|\n|-heal|p2a: Goodra|72\/100 brn|[from] item: Leftovers\n|-damage|p2a: Goodra|66\/100 brn|[from] brn\n|upkeep\n|turn|24\n|\n|t:|1700408158\n|move|p1a: Houndstone|Fire Fang|p2a: Goodra\n|-damage|p2a: Goodra|62\/100 brn\n|move|p2a: Goodra|Surf|p1a: Houndstone\n|-damage|p1a: Houndstone|0 fnt\n|faint|p1a: Houndstone\n|\n|-heal|p2a: Goodra|68\/100 brn|[from] item: Leftovers\n|-damage|p2a: Goodra|62\/100 brn|[from] brn\n|upkeep\n|\n|t:|1700408169\n|switch|p1a: Glimmora|Glimmora, M|48\/100\n|turn|25\n|\n|t:|1700408173\n|move|p1a: Glimmora|Earth Power|p2a: Goodra\n|-supereffective|p2a: Goodra\n|-damage|p2a: Goodra|29\/100 brn\n|move|p2a: Goodra|Surf|p1a: Glimmora\n|-supereffective|p1a: Glimmora\n|-damage|p1a: Glimmora|0 fnt\n|faint|p1a: Glimmora\n|\n|-heal|p2a: Goodra|35\/100 brn|[from] item: Leftovers\n|-damage|p2a: Goodra|29\/100 brn|[from] brn\n|upkeep\n|\n|t:|1700408184\n|switch|p1a: Iron Moth|Iron Moth|100\/100\n|turn|26\n|\n|t:|1700408189\n|move|p1a: Iron Moth|Fiery Dance|p2a: Goodra\n|-damage|p2a: Goodra|3\/100 brn\n|-boost|p1a: Iron Moth|spa|1\n|move|p2a: Goodra|Surf|p1a: Iron Moth\n|-supereffective|p1a: Iron Moth\n|-damage|p1a: Iron Moth|55\/100\n|\n|-heal|p2a: Goodra|9\/100 brn|[from] item: Leftovers\n|-damage|p2a: Goodra|3\/100 brn|[from] brn\n|upkeep\n|turn|27\n|\n|t:|1700408203\n|move|p1a: Iron Moth|Fiery Dance|p2a: Goodra\n|-damage|p2a: Goodra|0 fnt\n|faint|p2a: Goodra\n|\n|upkeep\n|\n|t:|1700408208\n|switch|p2a: Arcanine|Arcanine-Hisui, M, tera:Fire|100\/100\n|turn|28\n|c|\u2606Shammoo Shaman|Ig we're about to see if its scarf or not\n|\n|t:|1700408304\n|move|p2a: Arcanine|Extreme Speed|p1a: Iron Moth\n|-damage|p1a: Iron Moth|13\/100\n|move|p1a: Iron Moth|Energy Ball|p2a: Arcanine\n|-resisted|p2a: Arcanine\n|-damage|p2a: Arcanine|72\/100\n|\n|upkeep\n|turn|29\n|c|\u2606Shammoo Shaman|I guess not\n|\n|t:|1700408315\n|move|p2a: Arcanine|Extreme Speed|p1a: Iron Moth\n|-damage|p1a: Iron Moth|0 fnt\n|faint|p1a: Iron Moth\n|-end|p1a: Iron Moth|Quark Drive|[silent]\n|\n|upkeep\n|\n|t:|1700408324\n|switch|p1a: Samurott|Samurott-Hisui, F|100\/100\n|turn|30\n|\n|t:|1700408331\n|switch|p2a: Brambleghast|Brambleghast, M|100\/100\n|move|p1a: Samurott|Razor Shell|p2a: Brambleghast\n|-resisted|p2a: Brambleghast\n|-damage|p2a: Brambleghast|60\/100\n|\n|upkeep\n|turn|31\n|\n|t:|1700408341\n|switch|p1a: Sinistcha|Sinistcha-Masterpiece|100\/100\n|move|p2a: Brambleghast|Strength Sap|p1a: Sinistcha\n|-unboost|p1a: Sinistcha|atk|1\n|-heal|p2a: Brambleghast|96\/100\n|\n|upkeep\n|turn|32\n|\n|t:|1700408349\n|move|p2a: Brambleghast|Poltergeist|p1a: Sinistcha\n|-activate|p1a: Sinistcha|move: Poltergeist|Choice Scarf\n|-supereffective|p1a: Sinistcha\n|-damage|p1a: Sinistcha|40\/100\n|move|p1a: Sinistcha|Shadow Ball|p2a: Brambleghast\n|-supereffective|p2a: Brambleghast\n|-damage|p2a: Brambleghast|0 fnt\n|faint|p2a: Brambleghast\n|\n|upkeep\n|\n|t:|1700408357\n|switch|p2a: Arcanine|Arcanine-Hisui, M, tera:Fire|72\/100\n|turn|33\n|c|\u2606Shammoo Shaman|gg\n|\n|t:|1700408396\n|move|p2a: Arcanine|Head Smash|p1a: Sinistcha\n|-damage|p1a: Sinistcha|0 fnt\n|faint|p1a: Sinistcha\n|\n|upkeep\n|c|\u2606Shammoo Shaman|oh it is scarf\n|\n|t:|1700408403\n|switch|p1a: Ogerpon|Ogerpon-Cornerstone, F|100\/100\n|turn|34\n|c|\u2606DooT241|yes\n|\n|t:|1700408409\n|move|p2a: Arcanine|Head Smash|p1a: Ogerpon\n|-crit|p1a: Ogerpon\n|-ability|p1a: Ogerpon|Sturdy\n|-damage|p1a: Ogerpon|1\/100\n|move|p1a: Ogerpon|Ivy Cudgel|p2a: Arcanine|[anim] Ivy Cudgel Rock\n|-supereffective|p2a: Arcanine\n|-damage|p2a: Arcanine|0 fnt\n|faint|p2a: Arcanine\n|\n|win|Shammoo Shaman\n|c|\u2606DooT241|gg\n|c|\u2606Shammoo Shaman|Were u trying to hide it with espeed? XD\n|c|\u2606Shammoo Shaman|GG\n|c|\u2606DooT241|yeah\n|l|\u2606DooT241\n","uploadtime":1700409273,"views":8,"p1id":"shammooshaman","p2id":"doot241","formatid":"gen9ou","rating":0,"private":0,"password":""}