{"id":"gen9ou-1994594266","p1":"stinkysack28","p2":"Oofy hh","format":"[Gen 9] OU","log":"|j|\u2606stinkysack28\n|j|\u2606Oofy hh\n|inactive|Battle timer is ON: inactive players will automatically lose when time's up.\n|t:|1700466140\n|gametype|singles\n|player|p1|stinkysack28|lance|\n|player|p2|Oofy hh|swimmerf-gen4|\n|teamsize|p1|4\n|teamsize|p2|4\n|gen|9\n|tier|[Gen 9] OU\n|rated|Tournament battle\n|rule|Sleep Clause Mod: Limit one foe put to sleep\n|rule|Species Clause: Limit one of each Pok\u00e9mon\n|rule|OHKO Clause: OHKO moves are banned\n|rule|Evasion Items Clause: Evasion items are banned\n|rule|Evasion Moves Clause: Evasion moves are banned\n|rule|Endless Battle Clause: Forcing endless battles is banned\n|rule|HP Percentage Mod: HP is shown in percentages\n|clearpoke\n|poke|p1|Quilladin, F|\n|poke|p1|Greninja-*, M|\n|poke|p1|Magcargo, M|\n|poke|p1|Furret, M|\n|poke|p2|Gholdengo|\n|poke|p2|Gumshoos, F|\n|poke|p2|Zoroark-Hisui, F|\n|poke|p2|Samurott-Hisui, F|\n|teampreview\n|j|*Lady Monita \u2746\n|c|\u2606Oofy hh|Glhf\n|c|\u2606stinkysack28|you too\n|\n|t:|1700466155\n|start\n|switch|p1a: Furret|Furret, M|100\/100\n|switch|p2a: Gumshoos|Gumshoos, F, shiny|100\/100\n|-item|p2a: Gumshoos|Choice Band|[from] ability: Frisk|[of] p1a: Furret|[identify]\n|turn|1\n|j| Blonking\n|\n|t:|1700466183\n|move|p1a: Furret|U-turn|p2a: Gumshoos\n|-damage|p2a: Gumshoos|76\/100\n|\n|t:|1700466185\n|switch|p1a: Quilladin|Quilladin, F|100\/100|[from] U-turn\n|move|p2a: Gumshoos|Knock Off|p1a: Quilladin\n|-damage|p1a: Quilladin|59\/100\n|-damage|p2a: Gumshoos|59\/100|[from] item: Rocky Helmet|[of] p1a: Quilladin\n|-enditem|p1a: Quilladin|Rocky Helmet|[from] move: Knock Off|[of] p2a: Gumshoos\n|\n|upkeep\n|turn|2\n|l| Blonking\n|\n|t:|1700466204\n|move|p1a: Quilladin|Wood Hammer|p2a: Gumshoos\n|-damage|p2a: Gumshoos|17\/100\n|-damage|p1a: Quilladin|43\/100|[from] Recoil\n|move|p2a: Gumshoos|Knock Off|p1a: Quilladin\n|-damage|p1a: Quilladin|18\/100\n|\n|upkeep\n|turn|3\n|\n|t:|1700466217\n|move|p1a: Quilladin|Wood Hammer|p2a: Gumshoos\n|-damage|p2a: Gumshoos|0 fnt\n|faint|p2a: Gumshoos\n|-damage|p1a: Quilladin|12\/100|[from] Recoil\n|\n|upkeep\n|\n|t:|1700466222\n|switch|p2a: Samurott|Samurott-Hisui, F, shiny|100\/100\n|turn|4\n|\n|t:|1700466225\n|move|p2a: Samurott|Ceaseless Edge|p1a: Quilladin\n|-damage|p1a: Quilladin|0 fnt\n|-sidestart|p1: stinkysack28|Spikes\n|faint|p1a: Quilladin\n|\n|upkeep\n|j| X3rn345\n|\n|t:|1700466236\n|switch|p1a: Furret|Furret, M|100\/100\n|-damage|p1a: Furret|88\/100|[from] Spikes\n|-item|p2a: Samurott|Focus Sash|[from] ability: Frisk|[of] p1a: Furret|[identify]\n|turn|5\n|inactive|stinkysack28 has 120 seconds left.\n|j| Blonking\n|l| Blonking\n|\n|t:|1700466278\n|move|p1a: Furret|Trick|p2a: Samurott\n|-activate|p1a: Furret|move: Trick|[of] p2a: Samurott\n|-item|p2a: Samurott|Choice Scarf|[from] move: Trick\n|-item|p1a: Furret|Focus Sash|[from] move: Trick\n|move|p2a: Samurott|Sacred Sword|p1a: Furret\n|-supereffective|p1a: Furret\n|-damage|p1a: Furret|0 fnt\n|faint|p1a: Furret\n|\n|upkeep\n|\n|t:|1700466291\n|switch|p1a: Magcargo|Magcargo, M|100\/100\n|-damage|p1a: Magcargo|88\/100|[from] Spikes\n|turn|6\n|c|\u2606Oofy hh|Ty\n|\n|t:|1700466296\n|-terastallize|p1a: Magcargo|Fire\n|move|p2a: Samurott|Sacred Sword|p1a: Magcargo\n|-damage|p1a: Magcargo|51\/100\n|-status|p2a: Samurott|brn|[from] ability: Flame Body|[of] p1a: Magcargo\n|move|p1a: Magcargo|Yawn||[still]\n|-fail|p1a: Magcargo\n|\n|-heal|p1a: Magcargo|57\/100|[from] item: Leftovers\n|-damage|p2a: Samurott|94\/100 brn|[from] brn\n|upkeep\n|turn|7\n|j| Blonking\n|c|\u2606stinkysack28|the fuck\n|c|\u2606stinkysack28|oh\n|c|\u2606stinkysack28|bruh\n|\n|t:|1700466320\n|move|p2a: Samurott|Sacred Sword|p1a: Magcargo\n|-damage|p1a: Magcargo|37\/100\n|move|p1a: Magcargo|Recover|p1a: Magcargo\n|-heal|p1a: Magcargo|87\/100\n|\n|-heal|p1a: Magcargo|93\/100|[from] item: Leftovers\n|-damage|p2a: Samurott|88\/100 brn|[from] brn\n|upkeep\n|turn|8\n|\n|t:|1700466326\n|move|p2a: Samurott|Sacred Sword|p1a: Magcargo\n|-damage|p1a: Magcargo|74\/100\n|move|p1a: Magcargo|Earth Power|p2a: Samurott\n|-damage|p2a: Samurott|59\/100 brn\n|\n|-heal|p1a: Magcargo|80\/100|[from] item: Leftovers\n|-damage|p2a: Samurott|53\/100 brn|[from] brn\n|upkeep\n|turn|9\n|c|\u2606Oofy hh|Bruh\n|\n|t:|1700466333\n|move|p2a: Samurott|Sacred Sword|p1a: Magcargo\n|-damage|p1a: Magcargo|61\/100\n|move|p1a: Magcargo|Earth Power|p2a: Samurott\n|-damage|p2a: Samurott|24\/100 brn\n|\n|-heal|p1a: Magcargo|68\/100|[from] item: Leftovers\n|-damage|p2a: Samurott|18\/100 brn|[from] brn\n|upkeep\n|turn|10\n|\n|t:|1700466340\n|move|p2a: Samurott|Sacred Sword|p1a: Magcargo\n|-damage|p1a: Magcargo|50\/100\n|move|p1a: Magcargo|Recover|p1a: Magcargo\n|-heal|p1a: Magcargo|99\/100\n|\n|-heal|p1a: Magcargo|100\/100|[from] item: Leftovers\n|-damage|p2a: Samurott|12\/100 brn|[from] brn\n|upkeep\n|turn|11\n|\n|t:|1700466346\n|move|p2a: Samurott|Sacred Sword|p1a: Magcargo\n|-damage|p1a: Magcargo|82\/100\n|move|p1a: Magcargo|Earth Power|p2a: Samurott\n|-damage|p2a: Samurott|0 fnt\n|faint|p2a: Samurott\n|\n|-heal|p1a: Magcargo|88\/100|[from] item: Leftovers\n|upkeep\n|\n|t:|1700466352\n|switch|p2a: Gholdengo|Gholdengo|100\/100\n|turn|12\n|\n|t:|1700466368\n|-terastallize|p2a: Gholdengo|Flying\n|move|p2a: Gholdengo|Nasty Plot|p2a: Gholdengo\n|-boost|p2a: Gholdengo|spa|2\n|move|p1a: Magcargo|Lava Plume|p2a: Gholdengo\n|-damage|p2a: Gholdengo|64\/100\n|\n|-heal|p2a: Gholdengo|70\/100|[from] item: Leftovers\n|-heal|p1a: Magcargo|94\/100|[from] item: Leftovers\n|upkeep\n|turn|13\n|\n|t:|1700466376\n|move|p2a: Gholdengo|Shadow Ball|p1a: Magcargo\n|-damage|p1a: Magcargo|18\/100\n|move|p1a: Magcargo|Yawn|p2a: Gholdengo\n|-immune|p2a: Gholdengo|[from] ability: Good as Gold\n|\n|-heal|p2a: Gholdengo|76\/100|[from] item: Leftovers\n|-heal|p1a: Magcargo|24\/100|[from] item: Leftovers\n|upkeep\n|turn|14\n|\n|t:|1700466398\n|move|p2a: Gholdengo|Shadow Ball|p1a: Magcargo\n|-damage|p1a: Magcargo|0 fnt\n|faint|p1a: Magcargo\n|\n|-heal|p2a: Gholdengo|82\/100|[from] item: Leftovers\n|upkeep\n|c|\u2606stinkysack28|bro whatt\n|\n|t:|1700466406\n|switch|p1a: Greninja|Greninja, M|100\/100\n|-damage|p1a: Greninja|88\/100|[from] Spikes\n|turn|15\n|c|\u2606Oofy hh|What\n|\n|t:|1700466414\n|move|p1a: Greninja|Ice Beam|p2a: Gholdengo\n|-start|p1a: Greninja|typechange|Ice|[from] ability: Protean\n|-supereffective|p2a: Gholdengo\n|-damage|p2a: Gholdengo|0 fnt\n|faint|p2a: Gholdengo\n|\n|upkeep\n|\n|t:|1700466418\n|switch|p2a: Zoroark|Zoroark-Hisui, F, shiny|100\/100\n|turn|16\n|l| Blonking\n|\n|t:|1700466426\n|move|p1a: Greninja|Ice Beam|p2a: Zoroark\n|-damage|p2a: Zoroark|3\/100\n|move|p2a: Zoroark|Focus Blast|p1a: Greninja|[miss]\n|-miss|p2a: Zoroark|p1a: Greninja\n|\n|upkeep\n|turn|17\n|\n|t:|1700466431\n|move|p1a: Greninja|Ice Beam|p2a: Zoroark\n|-damage|p2a: Zoroark|0 fnt\n|faint|p2a: Zoroark\n|\n|win|stinkysack28\n|n|\u2606stinkysack28|stinkysack28\n|n|\u2606Oofy hh|oofyhh\n|n|*Lady Monita \u2746|ladymonita\n|n| X3rn345|x3rn345\n","uploadtime":1700466432,"views":10,"p1id":"stinkysack28","p2id":"oofyhh","formatid":"gen9ou","rating":0,"private":0,"password":""}