{"id":"gen9ou-1994208918","p1":"MightyTaggart","p2":"TheZalmancer","format":"[Gen 9] OU","log":"|j|\u2606MightyTaggart\n|j|\u2606TheZalmancer\n|t:|1700419119\n|gametype|singles\n|player|p1|MightyTaggart|266|1306\n|player|p2|TheZalmancer|skyla|1349\n|teamsize|p1|6\n|teamsize|p2|6\n|gen|9\n|tier|[Gen 9] OU\n|rated|\n|rule|Sleep Clause Mod: Limit one foe put to sleep\n|rule|Species Clause: Limit one of each Pok\u00e9mon\n|rule|OHKO Clause: OHKO moves are banned\n|rule|Evasion Items Clause: Evasion items are banned\n|rule|Evasion Moves Clause: Evasion moves are banned\n|rule|Endless Battle Clause: Forcing endless battles is banned\n|rule|HP Percentage Mod: HP is shown in percentages\n|clearpoke\n|poke|p1|Hoopa-Unbound|\n|poke|p1|Ursaluna, F|\n|poke|p1|Hatterene, F|\n|poke|p1|Cresselia, F|\n|poke|p1|Iron Hands|\n|poke|p1|Kingambit, F|\n|poke|p2|Ogerpon-Wellspring, F|\n|poke|p2|Ninetales-Alola, F|\n|poke|p2|Corviknight, F|\n|poke|p2|Slowking-Galar, F|\n|poke|p2|Hydreigon, F|\n|poke|p2|Weavile, F|\n|teampreview\n|\n|t:|1700419134\n|start\n|switch|p1a: Hatterene|Hatterene, F|100\/100\n|switch|p2a: Hydreigon|Hydreigon, F|100\/100\n|turn|1\n|\n|t:|1700419148\n|switch|p2a: Corviknight|Corviknight, F, shiny|100\/100\n|move|p1a: Hatterene|Trick Room|p1a: Hatterene\n|-fieldstart|move: Trick Room|[of] p1a: Hatterene\n|\n|upkeep\n|turn|2\n|\n|t:|1700419158\n|move|p1a: Hatterene|Healing Wish|p1a: Hatterene\n|faint|p1a: Hatterene\n|move|p2a: Corviknight|Iron Head|p1: Hatterene|[notarget]\n|-fail|p2a: Corviknight\n|\n|upkeep\n|\n|t:|1700419162\n|switch|p1a: Iron Hands|Iron Hands|100\/100\n|-enditem|p1a: Iron Hands|Booster Energy\n|-activate|p1a: Iron Hands|ability: Quark Drive|[fromitem]\n|-start|p1a: Iron Hands|quarkdriveatk\n|turn|3\n|\n|t:|1700419198\n|switch|p2a: Slowking|Slowking-Galar, F|100\/100\n|move|p1a: Iron Hands|Swords Dance|p1a: Iron Hands\n|-boost|p1a: Iron Hands|atk|2\n|\n|upkeep\n|turn|4\n|\n|t:|1700419208\n|move|p2a: Slowking|Nasty Plot|p2a: Slowking\n|-boost|p2a: Slowking|spa|2\n|move|p1a: Iron Hands|Wild Charge|p2a: Slowking\n|-damage|p2a: Slowking|0 fnt\n|faint|p2a: Slowking\n|-damage|p1a: Iron Hands|81\/100|[from] Recoil\n|\n|upkeep\n|\n|t:|1700419224\n|switch|p2a: Hydreigon|Hydreigon, F|100\/100\n|turn|5\n|\n|t:|1700419229\n|move|p1a: Iron Hands|Drain Punch|p2a: Hydreigon\n|-supereffective|p2a: Hydreigon\n|-enditem|p2a: Hydreigon|Focus Sash\n|-damage|p2a: Hydreigon|1\/100\n|-heal|p1a: Iron Hands|100\/100|[from] drain|[of] p2a: Hydreigon\n|move|p2a: Hydreigon|Draco Meteor|p1a: Iron Hands\n|-crit|p1a: Iron Hands\n|-damage|p1a: Iron Hands|24\/100\n|-unboost|p2a: Hydreigon|spa|2\n|\n|-fieldend|move: Trick Room\n|upkeep\n|turn|6\n|\n|t:|1700419240\n|move|p2a: Hydreigon|Draco Meteor|p1a: Iron Hands|[miss]\n|-miss|p2a: Hydreigon|p1a: Iron Hands\n|move|p1a: Iron Hands|Drain Punch|p2a: Hydreigon\n|-supereffective|p2a: Hydreigon\n|-crit|p2a: Hydreigon\n|-damage|p2a: Hydreigon|0 fnt\n|-heal|p1a: Iron Hands|24\/100|[from] drain|[of] p2a: Hydreigon\n|faint|p2a: Hydreigon\n|\n|upkeep\n|\n|t:|1700419251\n|switch|p2a: Weavile|Weavile, F|100\/100\n|-ability|p2a: Weavile|Pressure\n|turn|7\n|\n|t:|1700419262\n|-end|p1a: Iron Hands|Quark Drive|[silent]\n|switch|p1a: Hoopa|Hoopa-Unbound|100\/100\n|move|p2a: Weavile|Knock Off|p1a: Hoopa\n|-damage|p1a: Hoopa|0 fnt\n|-enditem|p1a: Hoopa|Eject Pack|[from] move: Knock Off|[of] p2a: Weavile\n|faint|p1a: Hoopa\n|\n|upkeep\n|\n|t:|1700419268\n|switch|p1a: Iron Hands|Iron Hands|24\/100\n|-heal|p1a: Iron Hands|100\/100|[from] move: Healing Wish\n|turn|8\n|\n|t:|1700419280\n|switch|p2a: Ninetales|Ninetales-Alola, F, shiny|100\/100\n|-weather|Snow|[from] ability: Snow Warning|[of] p2a: Ninetales\n|move|p1a: Iron Hands|Drain Punch|p2a: Ninetales\n|-damage|p2a: Ninetales|64\/100\n|\n|-weather|Snow|[upkeep]\n|upkeep\n|turn|9\n|\n|t:|1700419289\n|move|p2a: Ninetales|Aurora Veil|p2a: Ninetales\n|-sidestart|p2: TheZalmancer|move: Aurora Veil\n|move|p1a: Iron Hands|Wild Charge|p2a: Ninetales\n|-damage|p2a: Ninetales|42\/100\n|-damage|p1a: Iron Hands|97\/100|[from] Recoil\n|\n|-weather|Snow|[upkeep]\n|upkeep\n|turn|10\n|\n|t:|1700419301\n|switch|p2a: Ogerpon|Ogerpon-Wellspring, F|100\/100\n|move|p1a: Iron Hands|Swords Dance|p1a: Iron Hands\n|-boost|p1a: Iron Hands|atk|2\n|\n|-weather|Snow|[upkeep]\n|upkeep\n|turn|11\n|\n|t:|1700419307\n|move|p2a: Ogerpon|Swords Dance|p2a: Ogerpon\n|-boost|p2a: Ogerpon|atk|2\n|move|p1a: Iron Hands|Swords Dance|p1a: Iron Hands\n|-boost|p1a: Iron Hands|atk|2\n|\n|-weather|Snow|[upkeep]\n|upkeep\n|turn|12\n|\n|t:|1700419316\n|-terastallize|p2a: Ogerpon|Water\n|detailschange|p2a: Ogerpon|Ogerpon-Wellspring-Tera, F, tera:Water\n|-ability|p2a: Ogerpon|Embody Aspect (Wellspring)|boost\n|-boost|p2a: Ogerpon|spd|1\n|move|p2a: Ogerpon|Ivy Cudgel|p1a: Iron Hands|[anim] Ivy Cudgel Water\n|-damage|p1a: Iron Hands|0 fnt\n|faint|p1a: Iron Hands\n|-end|p1a: Iron Hands|Quark Drive|[silent]\n|\n|-weather|none\n|upkeep\n|\n|t:|1700419325\n|switch|p1a: Cresselia|Cresselia, F|100\/100\n|turn|13\n|\n|t:|1700419328\n|move|p2a: Ogerpon|Ivy Cudgel|p1a: Cresselia|[anim] Ivy Cudgel Water\n|-damage|p1a: Cresselia|6\/100\n|move|p1a: Cresselia|Trick Room|p1a: Cresselia\n|-fieldstart|move: Trick Room|[of] p1a: Cresselia\n|\n|-heal|p1a: Cresselia|12\/100|[from] item: Leftovers\n|upkeep\n|turn|14\n|\n|t:|1700419336\n|move|p1a: Cresselia|Lunar Dance|p1a: Cresselia\n|faint|p1a: Cresselia\n|move|p2a: Ogerpon|Horn Leech|p1: Cresselia|[notarget]\n|-fail|p2a: Ogerpon\n|\n|upkeep\n|\n|t:|1700419340\n|switch|p1a: Ursaluna|Ursaluna, F|100\/100\n|turn|15\n|\n|t:|1700419348\n|-terastallize|p1a: Ursaluna|Normal\n|move|p1a: Ursaluna|Swords Dance|p1a: Ursaluna\n|-boost|p1a: Ursaluna|atk|2\n|move|p2a: Ogerpon|Ivy Cudgel|p1a: Ursaluna|[anim] Ivy Cudgel Water\n|-damage|p1a: Ursaluna|0 fnt\n|faint|p1a: Ursaluna\n|\n|upkeep\n|-message|MightyTaggart forfeited.\n|\n|win|TheZalmancer\n|raw|MightyTaggart's rating: 1306 &rarr; <strong>1288<\/strong><br \/>(-18 for losing)\n|raw|TheZalmancer's rating: 1349 &rarr; <strong>1367<\/strong><br \/>(+18 for winning)\n|l|\u2606MightyTaggart\n|c|\u2606TheZalmancer|ggs\n|c|\u2606TheZalmancer|you tried it\n|c|\u2606TheZalmancer|but im better\n","uploadtime":1700419377,"views":12,"p1id":"mightytaggart","p2id":"thezalmancer","formatid":"gen9ou","rating":1288,"private":0,"password":""}