{"id":"gen9ou-1999371921","p1":"Feyitomi","p2":"OUCKglhf","format":"[Gen 9] OU","log":"|j|\u2606Feyitomi\n|j|\u2606OUCKglhf\n|t:|1701068827\n|gametype|singles\n|player|p1|Feyitomi|169|1531\n|player|p2|OUCKglhf|benga|1691\n|teamsize|p1|6\n|teamsize|p2|6\n|gen|9\n|tier|[Gen 9] OU\n|rated|\n|rule|Sleep Clause Mod: Limit one foe put to sleep\n|rule|Species Clause: Limit one of each Pok\u00e9mon\n|rule|OHKO Clause: OHKO moves are banned\n|rule|Evasion Items Clause: Evasion items are banned\n|rule|Evasion Moves Clause: Evasion moves are banned\n|rule|Endless Battle Clause: Forcing endless battles is banned\n|rule|HP Percentage Mod: HP is shown in percentages\n|clearpoke\n|poke|p1|Kingambit, F|\n|poke|p1|Glimmora, F|\n|poke|p1|Zamazenta-*|\n|poke|p1|Iron Valiant|\n|poke|p1|Iron Moth|\n|poke|p1|Ogerpon-Wellspring, F|\n|poke|p2|Indeedee, M|\n|poke|p2|Polteageist|\n|poke|p2|Maushold|\n|poke|p2|Hatterene, F|\n|poke|p2|Armarouge, F|\n|poke|p2|Zamazenta-*|\n|teampreview\n|inactive|Battle timer is ON: inactive players will automatically lose when time's up. (requested by OUCKglhf)\n|\n|t:|1701068832\n|start\n|switch|p1a: Glimmora|Glimmora, F, shiny|100\/100\n|switch|p2a: Indeedee|Indeedee, M, shiny|100\/100\n|-fieldstart|move: Psychic Terrain|[from] ability: Psychic Surge|[of] p2a: Indeedee\n|turn|1\n|\n|t:|1701068840\n|move|p2a: Indeedee|Psychic|p1a: Glimmora\n|-supereffective|p1a: Glimmora\n|-enditem|p1a: Glimmora|Focus Sash\n|-damage|p1a: Glimmora|1\/100\n|move|p1a: Glimmora|Power Gem|p2a: Indeedee\n|-damage|p2a: Indeedee|43\/100\n|\n|upkeep\n|turn|2\n|\n|t:|1701068850\n|switch|p2a: Hatterene|Hatterene, F, shiny|100\/100\n|switch|p1a: Kingambit|Kingambit, F, shiny|100\/100\n|\n|upkeep\n|turn|3\n|\n|t:|1701068859\n|move|p1a: Kingambit|Iron Head|p2a: Hatterene\n|-supereffective|p2a: Hatterene\n|-damage|p2a: Hatterene|0 fnt\n|faint|p2a: Hatterene\n|\n|upkeep\n|\n|t:|1701068861\n|switch|p2a: Armarouge|Armarouge, F, shiny|100\/100\n|turn|4\n|\n|t:|1701068871\n|-end|p1a: Kingambit|fallenundefined|[silent]\n|switch|p1a: Iron Valiant|Iron Valiant, shiny|100\/100\n|-enditem|p1a: Iron Valiant|Booster Energy\n|-activate|p1a: Iron Valiant|ability: Quark Drive|[fromitem]\n|-start|p1a: Iron Valiant|quarkdrivespe\n|move|p2a: Armarouge|Armor Cannon|p1a: Iron Valiant\n|-crit|p1a: Iron Valiant\n|-damage|p1a: Iron Valiant|0 fnt\n|-unboost|p2a: Armarouge|def|1\n|-unboost|p2a: Armarouge|spd|1\n|faint|p1a: Iron Valiant\n|-end|p1a: Iron Valiant|Quark Drive|[silent]\n|\n|upkeep\n|c|\u2606OUCKglhf|WOAH\n|\n|t:|1701068882\n|switch|p1a: Ogerpon|Ogerpon-Wellspring, F|100\/100\n|turn|5\n|c|\u2606OUCKglhf|why not sack glimmora there\n|\n|t:|1701068892\n|-terastallize|p1a: Ogerpon|Water\n|detailschange|p1a: Ogerpon|Ogerpon-Wellspring-Tera, F, tera:Water\n|-ability|p1a: Ogerpon|Embody Aspect (Wellspring)|boost\n|-boost|p1a: Ogerpon|spd|1\n|move|p1a: Ogerpon|Encore|p2a: Armarouge\n|-start|p2a: Armarouge|Encore\n|move|p2a: Armarouge|Armor Cannon|p1a: Ogerpon\n|-resisted|p1a: Ogerpon\n|-damage|p1a: Ogerpon|74\/100\n|-unboost|p2a: Armarouge|def|1\n|-unboost|p2a: Armarouge|spd|1\n|\n|upkeep\n|turn|6\n|\n|t:|1701068912\n|switch|p2a: Zamazenta|Zamazenta|100\/100\n|-ability|p2a: Zamazenta|Dauntless Shield|boost\n|-boost|p2a: Zamazenta|def|1\n|-enditem|p2a: Zamazenta|Psychic Seed\n|-boost|p2a: Zamazenta|spd|1|[from] item: Psychic Seed\n|move|p1a: Ogerpon|Ivy Cudgel|p2a: Zamazenta|[anim] Ivy Cudgel Water\n|-damage|p2a: Zamazenta|52\/100\n|\n|upkeep\n|turn|7\n|\n|t:|1701068922\n|switch|p1a: Glimmora|Glimmora, F, shiny|1\/100\n|move|p2a: Zamazenta|Body Press|p1a: Glimmora\n|-damage|p1a: Glimmora|0 fnt\n|-activate|p1a: Glimmora|ability: Toxic Debris\n|-sidestart|p2: OUCKglhf|move: Toxic Spikes\n|faint|p1a: Glimmora\n|\n|upkeep\n|\n|t:|1701068934\n|switch|p1a: Iron Moth|Iron Moth, shiny|100\/100\n|-enditem|p1a: Iron Moth|Booster Energy\n|-activate|p1a: Iron Moth|ability: Quark Drive|[fromitem]\n|-start|p1a: Iron Moth|quarkdrivespe\n|turn|8\n|\n|t:|1701068949\n|move|p1a: Iron Moth|Fiery Dance|p2a: Zamazenta\n|-damage|p2a: Zamazenta|29\/100\n|move|p2a: Zamazenta|Crunch|p1a: Iron Moth\n|-damage|p1a: Iron Moth|65\/100\n|\n|-fieldend|move: Psychic Terrain\n|upkeep\n|turn|9\n|\n|t:|1701068963\n|switch|p2a: Indeedee|Indeedee, M, shiny|43\/100\n|-status|p2a: Indeedee|psn\n|-fieldstart|move: Psychic Terrain|[from] ability: Psychic Surge|[of] p2a: Indeedee\n|move|p1a: Iron Moth|Dazzling Gleam|p2a: Indeedee\n|-damage|p2a: Indeedee|9\/100 psn\n|\n|-damage|p2a: Indeedee|0 fnt|[from] psn\n|faint|p2a: Indeedee\n|upkeep\n|\n|t:|1701068977\n|switch|p2a: Maushold|Maushold|100\/100\n|-status|p2a: Maushold|psn\n|turn|10\n|\n|t:|1701068985\n|move|p1a: Iron Moth|Sludge Wave|p2a: Maushold\n|-damage|p2a: Maushold|34\/100 psn\n|move|p2a: Maushold|Population Bomb|p1a: Iron Moth\n|-damage|p1a: Iron Moth|48\/100\n|-damage|p1a: Iron Moth|33\/100\n|-damage|p1a: Iron Moth|16\/100\n|-damage|p1a: Iron Moth|0 fnt\n|faint|p1a: Iron Moth\n|-end|p1a: Iron Moth|Quark Drive|[silent]\n|-hitcount|p1: Iron Moth|4\n|\n|-damage|p2a: Maushold|22\/100 psn|[from] psn\n|upkeep\n|\n|t:|1701069011\n|switch|p1a: Zamazenta|Zamazenta, shiny|100\/100\n|-ability|p1a: Zamazenta|Dauntless Shield|boost\n|-boost|p1a: Zamazenta|def|1\n|turn|11\n|\n|t:|1701069018\n|-terastallize|p2a: Maushold|Ghost\n|move|p1a: Zamazenta|Iron Defense|p1a: Zamazenta\n|-boost|p1a: Zamazenta|def|2\n|move|p2a: Maushold|Tidy Up|p2a: Maushold\n|-sideend|p2: OUCKglhf|Toxic Spikes\n|-activate|p2a: Maushold|move: Tidy Up\n|-boost|p2a: Maushold|atk|1\n|-boost|p2a: Maushold|spe|1\n|\n|-damage|p2a: Maushold|9\/100 psn|[from] psn\n|upkeep\n|turn|12\n|\n|t:|1701069029\n|move|p2a: Maushold|Encore|p1a: Zamazenta\n|-start|p1a: Zamazenta|Encore\n|move|p1a: Zamazenta|Iron Defense|p1a: Zamazenta\n|-boost|p1a: Zamazenta|def|2\n|\n|-damage|p2a: Maushold|0 fnt|[from] psn\n|faint|p2a: Maushold\n|upkeep\n|\n|t:|1701069032\n|switch|p2a: Armarouge|Armarouge, F, shiny|100\/100\n|turn|13\n|\n|t:|1701069040\n|switch|p1a: Kingambit|Kingambit, F, shiny|100\/100\n|-activate|p1a: Kingambit|ability: Supreme Overlord\n|-start|p1a: Kingambit|fallen3|[silent]\n|move|p2a: Armarouge|Expanding Force|p1a: Kingambit\n|-immune|p1a: Kingambit\n|\n|upkeep\n|turn|14\n|\n|t:|1701069050\n|-end|p1a: Kingambit|fallen3|[silent]\n|switch|p1a: Ogerpon|Ogerpon-Wellspring-Tera, F, tera:Water|74\/100\n|-ability|p1a: Ogerpon|Embody Aspect (Wellspring)|boost\n|-boost|p1a: Ogerpon|spd|1\n|move|p2a: Armarouge|Expanding Force|p1a: Ogerpon\n|-damage|p1a: Ogerpon|7\/100\n|\n|upkeep\n|turn|15\n|\n|t:|1701069059\n|move|p1a: Ogerpon|Encore|p2a: Armarouge\n|-start|p2a: Armarouge|Encore\n|move|p2a: Armarouge|Expanding Force|p1a: Ogerpon\n|-damage|p1a: Ogerpon|0 fnt\n|faint|p1a: Ogerpon\n|\n|upkeep\n|\n|t:|1701069068\n|switch|p1a: Kingambit|Kingambit, F, shiny|100\/100\n|-activate|p1a: Kingambit|ability: Supreme Overlord\n|-start|p1a: Kingambit|fallen4|[silent]\n|turn|16\n|\n|t:|1701069077\n|switch|p2a: Polteageist|Polteageist, shiny|100\/100\n|-end|p1a: Kingambit|fallen4|[silent]\n|switch|p1a: Zamazenta|Zamazenta, shiny|100\/100\n|\n|-fieldend|move: Psychic Terrain\n|upkeep\n|turn|17\n|\n|t:|1701069086\n|move|p1a: Zamazenta|Crunch|p2a: Polteageist\n|-supereffective|p2a: Polteageist\n|-damage|p2a: Polteageist|22\/100\n|-ability|p2a: Polteageist|Weak Armor|boost\n|-unboost|p2a: Polteageist|def|1\n|-boost|p2a: Polteageist|spe|2\n|move|p2a: Polteageist|Shadow Ball|p1a: Zamazenta\n|-damage|p1a: Zamazenta|67\/100\n|\n|-heal|p1a: Zamazenta|73\/100|[from] item: Leftovers\n|upkeep\n|turn|18\n|\n|t:|1701069097\n|move|p2a: Polteageist|Shadow Ball|p1a: Zamazenta\n|-damage|p1a: Zamazenta|37\/100\n|-unboost|p1a: Zamazenta|spd|1\n|move|p1a: Zamazenta|Crunch|p2a: Polteageist\n|-supereffective|p2a: Polteageist\n|-damage|p2a: Polteageist|0 fnt\n|faint|p2a: Polteageist\n|\n|-heal|p1a: Zamazenta|43\/100|[from] item: Leftovers\n|upkeep\n|\n|t:|1701069101\n|switch|p2a: Armarouge|Armarouge, F, shiny|100\/100\n|turn|19\n|\n|t:|1701069110\n|move|p1a: Zamazenta|Crunch|p2a: Armarouge\n|-supereffective|p2a: Armarouge\n|-damage|p2a: Armarouge|52\/100\n|-unboost|p2a: Armarouge|def|1\n|-ability|p2a: Armarouge|Weak Armor|boost\n|-unboost|p2a: Armarouge|def|1\n|-boost|p2a: Armarouge|spe|2\n|move|p2a: Armarouge|Armor Cannon|p1a: Zamazenta\n|-damage|p1a: Zamazenta|0 fnt\n|-unboost|p2a: Armarouge|def|1\n|-unboost|p2a: Armarouge|spd|1\n|faint|p1a: Zamazenta\n|\n|upkeep\n|\n|t:|1701069123\n|switch|p1a: Kingambit|Kingambit, F, shiny|100\/100\n|-activate|p1a: Kingambit|ability: Supreme Overlord\n|-start|p1a: Kingambit|fallen5|[silent]\n|turn|20\n|\n|t:|1701069133\n|move|p2a: Armarouge|Endure|p2a: Armarouge\n|-singleturn|p2a: Armarouge|move: Endure\n|move|p1a: Kingambit|Swords Dance|p1a: Kingambit\n|-boost|p1a: Kingambit|atk|2\n|\n|upkeep\n|turn|21\n|\n|t:|1701069140\n|move|p2a: Armarouge|Destiny Bond|p2a: Armarouge\n|-singlemove|p2a: Armarouge|Destiny Bond\n|move|p1a: Kingambit|Swords Dance|p1a: Kingambit\n|-boost|p1a: Kingambit|atk|2\n|\n|upkeep\n|turn|22\n|\n|t:|1701069147\n|move|p2a: Armarouge|Endure|p2a: Armarouge\n|-singleturn|p2a: Armarouge|move: Endure\n|move|p1a: Kingambit|Kowtow Cleave|p2a: Armarouge\n|-supereffective|p2a: Armarouge\n|-activate|p2a: Armarouge|move: Endure\n|-damage|p2a: Armarouge|1\/100\n|-ability|p2a: Armarouge|Weak Armor|boost\n|-unboost|p2a: Armarouge|def|1\n|-boost|p2a: Armarouge|spe|2\n|\n|upkeep\n|turn|23\n|\n|t:|1701069157\n|move|p2a: Armarouge|Destiny Bond|p2a: Armarouge\n|-singlemove|p2a: Armarouge|Destiny Bond\n|move|p1a: Kingambit|Swords Dance|p1a: Kingambit\n|-boost|p1a: Kingambit|atk|2\n|\n|upkeep\n|turn|24\n|\n|t:|1701069164\n|move|p2a: Armarouge|Endure|p2a: Armarouge\n|-singleturn|p2a: Armarouge|move: Endure\n|move|p1a: Kingambit|Kowtow Cleave|p2a: Armarouge\n|-supereffective|p2a: Armarouge\n|-activate|p2a: Armarouge|move: Endure\n|-damage|p2a: Armarouge|1\/100\n|-ability|p2a: Armarouge|Weak Armor|boost\n|-unboost|p2a: Armarouge|def|1\n|-boost|p2a: Armarouge|spe|2\n|\n|upkeep\n|turn|25\n|\n|t:|1701069173\n|move|p1a: Kingambit|Sucker Punch||[still]\n|-fail|p1a: Kingambit\n|move|p2a: Armarouge|Destiny Bond|p2a: Armarouge\n|-singlemove|p2a: Armarouge|Destiny Bond\n|\n|upkeep\n|turn|26\n|\n|t:|1701069180\n|move|p1a: Kingambit|Sucker Punch|p2a: Armarouge\n|-supereffective|p2a: Armarouge\n|-damage|p2a: Armarouge|0 fnt\n|faint|p2a: Armarouge\n|-activate|p2a: Armarouge|move: Destiny Bond\n|faint|p1a: Kingambit\n|-end|p1a: Kingambit|fallen5|[silent]\n|\n|win|OUCKglhf\n|raw|Feyitomi's rating: 1531 &rarr; <strong>1520<\/strong><br \/>(-11 for losing)\n|raw|OUCKglhf's rating: 1691 &rarr; <strong>1702<\/strong><br \/>(+11 for winning)\n|c|\u2606OUCKglhf|gg\n","uploadtime":1701069199,"views":7,"p1id":"feyitomi","p2id":"ouckglhf","formatid":"gen9ou","rating":1520,"private":0,"password":""}