{"id":"gen9ou-1997075829","p1":"Jeusu","p2":"13PORR4","format":"[Gen 9] OU","log":"|j|\u2606Jeusu\n|j|\u260613PORR4\n|t:|1700762041\n|gametype|singles\n|player|p1|Jeusu|plasmagruntf|1230\n|player|p2|13PORR4|1|1345\n|teamsize|p1|6\n|teamsize|p2|6\n|gen|9\n|tier|[Gen 9] OU\n|rated|\n|rule|Sleep Clause Mod: Limit one foe put to sleep\n|rule|Species Clause: Limit one of each Pok\u00e9mon\n|rule|OHKO Clause: OHKO moves are banned\n|rule|Evasion Items Clause: Evasion items are banned\n|rule|Evasion Moves Clause: Evasion moves are banned\n|rule|Endless Battle Clause: Forcing endless battles is banned\n|rule|HP Percentage Mod: HP is shown in percentages\n|clearpoke\n|poke|p1|Rillaboom, M|\n|poke|p1|Iron Moth|\n|poke|p1|Dondozo, M|\n|poke|p1|Clodsire, F|\n|poke|p1|Iron Treads|\n|poke|p1|Haxorus, F|\n|poke|p2|Garchomp, M|\n|poke|p2|Barraskewda, M|\n|poke|p2|Corviknight, F|\n|poke|p2|Slowking-Galar, F|\n|poke|p2|Sylveon, M|\n|poke|p2|Meowscarada, M|\n|teampreview\n|inactive|Battle timer is ON: inactive players will automatically lose when time's up. (requested by 13PORR4)\n|\n|t:|1700762059\n|start\n|switch|p1a: Iron Moth|Iron Moth|100\/100\n|switch|p2a: Meowscarada|Meowscarada, M|100\/100\n|turn|1\n|\n|t:|1700762069\n|switch|p2a: Slowking|Slowking-Galar, F|100\/100\n|move|p1a: Iron Moth|U-turn|p2a: Slowking\n|-damage|p2a: Slowking|91\/100\n|\n|t:|1700762076\n|-end|p1a: Iron Moth|Quark Drive|[silent]\n|switch|p1a: Haxorus|Haxorus, F|100\/100|[from] U-turn\n|-ability|p1a: Haxorus|Mold Breaker\n|\n|upkeep\n|turn|2\n|\n|t:|1700762083\n|move|p1a: Haxorus|Earthquake|p2a: Slowking\n|-supereffective|p2a: Slowking\n|-damage|p2a: Slowking|19\/100\n|move|p2a: Slowking|Future Sight|p1a: Haxorus\n|-start|p2a: Slowking|move: Future Sight\n|\n|upkeep\n|turn|3\n|\n|t:|1700762090\n|switch|p1a: Iron Moth|Iron Moth|100\/100\n|switch|p2a: Corviknight|Corviknight, F|100\/100\n|\n|upkeep\n|turn|4\n|\n|t:|1700762100\n|switch|p2a: Garchomp|Garchomp, M|100\/100\n|move|p1a: Iron Moth|U-turn|p2a: Garchomp\n|-damage|p2a: Garchomp|93\/100\n|-damage|p1a: Iron Moth|88\/100|[from] ability: Rough Skin|[of] p2a: Garchomp\n|-damage|p1a: Iron Moth|72\/100|[from] item: Rocky Helmet|[of] p2a: Garchomp\n|\n|t:|1700762111\n|-end|p1a: Iron Moth|Quark Drive|[silent]\n|switch|p1a: Dondozo|Dondozo, M|100\/100|[from] U-turn\n|\n|-end|p1a: Dondozo|move: Future Sight\n|-damage|p1a: Dondozo|54\/100\n|-heal|p1a: Dondozo|60\/100|[from] item: Leftovers\n|upkeep\n|turn|5\n|\n|t:|1700762120\n|move|p2a: Garchomp|Stealth Rock|p1a: Dondozo\n|-sidestart|p1: Jeusu|move: Stealth Rock\n|move|p1a: Dondozo|Curse|p1a: Dondozo\n|-unboost|p1a: Dondozo|spe|1\n|-boost|p1a: Dondozo|atk|1\n|-boost|p1a: Dondozo|def|1\n|\n|-heal|p1a: Dondozo|66\/100|[from] item: Leftovers\n|upkeep\n|turn|6\n|\n|t:|1700762125\n|switch|p2a: Meowscarada|Meowscarada, M|100\/100\n|move|p1a: Dondozo|Liquidation|p2a: Meowscarada\n|-resisted|p2a: Meowscarada\n|-damage|p2a: Meowscarada|67\/100\n|\n|-heal|p1a: Dondozo|72\/100|[from] item: Leftovers\n|upkeep\n|turn|7\n|\n|t:|1700762142\n|switch|p1a: Rillaboom|Rillaboom, M|100\/100\n|-damage|p1a: Rillaboom|88\/100|[from] Stealth Rock\n|-fieldstart|move: Grassy Terrain|[from] ability: Grassy Surge|[of] p1a: Rillaboom\n|move|p2a: Meowscarada|Flower Trick|p1a: Rillaboom\n|-start|p2a: Meowscarada|typechange|Grass|[from] ability: Protean\n|-resisted|p1a: Rillaboom\n|-crit|p1a: Rillaboom\n|-damage|p1a: Rillaboom|54\/100\n|\n|-heal|p2a: Meowscarada|73\/100|[from] Grassy Terrain\n|-heal|p1a: Rillaboom|60\/100|[from] Grassy Terrain\n|upkeep\n|turn|8\n|\n|t:|1700762156\n|switch|p2a: Garchomp|Garchomp, M|93\/100\n|move|p1a: Rillaboom|Wood Hammer|p2a: Garchomp\n|-damage|p2a: Garchomp|16\/100\n|-damage|p1a: Rillaboom|48\/100|[from] ability: Rough Skin|[of] p2a: Garchomp\n|-damage|p1a: Rillaboom|32\/100|[from] item: Rocky Helmet|[of] p2a: Garchomp\n|-damage|p1a: Rillaboom|0 fnt|[from] Recoil\n|faint|p1a: Rillaboom\n|\n|-heal|p2a: Garchomp|23\/100|[from] Grassy Terrain\n|upkeep\n|\n|t:|1700762159\n|switch|p1a: Haxorus|Haxorus, F|100\/100\n|-damage|p1a: Haxorus|88\/100|[from] Stealth Rock\n|-ability|p1a: Haxorus|Mold Breaker\n|turn|9\n|\n|t:|1700762168\n|switch|p2a: Corviknight|Corviknight, F|100\/100\n|-terastallize|p1a: Haxorus|Steel\n|move|p1a: Haxorus|Dragon Dance|p1a: Haxorus\n|-boost|p1a: Haxorus|atk|1\n|-boost|p1a: Haxorus|spe|1\n|\n|-heal|p1a: Haxorus|94\/100|[from] Grassy Terrain\n|upkeep\n|turn|10\n|\n|t:|1700762174\n|move|p1a: Haxorus|Dragon Dance|p1a: Haxorus\n|-boost|p1a: Haxorus|atk|1\n|-boost|p1a: Haxorus|spe|1\n|move|p2a: Corviknight|U-turn|p1a: Haxorus\n|-resisted|p1a: Haxorus\n|-damage|p1a: Haxorus|85\/100\n|\n|t:|1700762176\n|switch|p2a: Sylveon|Sylveon, M|100\/100|[from] U-turn\n|\n|-heal|p1a: Haxorus|91\/100|[from] Grassy Terrain\n|upkeep\n|turn|11\n|\n|t:|1700762182\n|switch|p2a: Garchomp|Garchomp, M|23\/100\n|move|p1a: Haxorus|Iron Head|p2a: Garchomp\n|-damage|p2a: Garchomp|0 fnt\n|-damage|p1a: Haxorus|79\/100|[from] ability: Rough Skin|[of] p2a: Garchomp\n|-damage|p1a: Haxorus|63\/100|[from] item: Rocky Helmet|[of] p2a: Garchomp\n|faint|p2a: Garchomp\n|\n|-heal|p1a: Haxorus|69\/100|[from] Grassy Terrain\n|-fieldend|move: Grassy Terrain\n|upkeep\n|\n|t:|1700762191\n|switch|p2a: Corviknight|Corviknight, F|100\/100\n|turn|12\n|\n|t:|1700762193\n|move|p1a: Haxorus|Dragon Dance|p1a: Haxorus\n|-boost|p1a: Haxorus|atk|1\n|-boost|p1a: Haxorus|spe|1\n|move|p2a: Corviknight|Body Press|p1a: Haxorus\n|-supereffective|p1a: Haxorus\n|-damage|p1a: Haxorus|1\/100\n|\n|upkeep\n|turn|13\n|\n|t:|1700762199\n|move|p1a: Haxorus|Outrage|p2a: Corviknight\n|-resisted|p2a: Corviknight\n|-damage|p2a: Corviknight|51\/100\n|-damage|p1a: Haxorus|0 fnt|[from] item: Rocky Helmet|[of] p2a: Corviknight\n|faint|p1a: Haxorus\n|move|p2a: Corviknight|Body Press|p1: Haxorus|[notarget]\n|-fail|p2a: Corviknight\n|\n|upkeep\n|\n|t:|1700762204\n|switch|p1a: Iron Treads|Iron Treads|100\/100\n|-damage|p1a: Iron Treads|97\/100|[from] Stealth Rock\n|turn|14\n|\n|t:|1700762208\n|move|p1a: Iron Treads|Rapid Spin|p2a: Corviknight\n|-resisted|p2a: Corviknight\n|-damage|p2a: Corviknight|47\/100\n|-boost|p1a: Iron Treads|spe|1\n|-damage|p1a: Iron Treads|81\/100|[from] item: Rocky Helmet|[of] p2a: Corviknight\n|-sideend|p1: Jeusu|Stealth Rock|[from] move: Rapid Spin|[of] p1a: Iron Treads\n|move|p2a: Corviknight|Roost|p2a: Corviknight\n|-heal|p2a: Corviknight|97\/100\n|-singleturn|p2a: Corviknight|move: Roost\n|\n|upkeep\n|turn|15\n|\n|t:|1700762213\n|move|p1a: Iron Treads|Volt Switch|p2a: Corviknight\n|-supereffective|p2a: Corviknight\n|-damage|p2a: Corviknight|74\/100\n|\n|t:|1700762217\n|-end|p1a: Iron Treads|Quark Drive|[silent]\n|switch|p1a: Iron Moth|Iron Moth|72\/100|[from] Volt Switch\n|move|p2a: Corviknight|Body Press|p1a: Iron Moth\n|-resisted|p1a: Iron Moth\n|-damage|p1a: Iron Moth|49\/100\n|\n|upkeep\n|turn|16\n|\n|t:|1700762224\n|switch|p2a: Slowking|Slowking-Galar, F|52\/100\n|move|p1a: Iron Moth|Fiery Dance|p2a: Slowking\n|-damage|p2a: Slowking|32\/100\n|-boost|p1a: Iron Moth|spa|1\n|\n|upkeep\n|turn|17\n|\n|t:|1700762228\n|move|p1a: Iron Moth|Fiery Dance|p2a: Slowking\n|-damage|p2a: Slowking|2\/100\n|move|p2a: Slowking|Future Sight|p1a: Iron Moth\n|-start|p2a: Slowking|move: Future Sight\n|\n|upkeep\n|turn|18\n|l|\u2606Jeusu\n|inactive|Jeusu disconnected and has a minute to reconnect!\n|player|p1|\n|inactive|Jeusu has 30 seconds to reconnect!\n|inactive|Jeusu has 20 seconds to reconnect!\n|inactive|Jeusu has 15 seconds to reconnect!\n|inactive|Jeusu has 10 seconds to reconnect!\n|inactive|Jeusu has 5 seconds to reconnect!\n|-message|Jeusu lost due to inactivity.\n|\n|win|13PORR4\n|raw|Jeusu's rating: 1230 &rarr; <strong>1213<\/strong><br \/>(-17 for losing)\n|raw|13PORR4's rating: 1345 &rarr; <strong>1359<\/strong><br \/>(+14 for winning)\n","uploadtime":1700762300,"views":7,"p1id":"jeusu","p2id":"13porr4","formatid":"gen9ou","rating":1213,"private":0,"password":""}