{"id":"gen9ou-2000022912","p1":"Dipiti","p2":"diyuenji","format":"[Gen 9] OU","log":"|j|\u2606Dipiti\n|j|\u2606diyuenji\n|t:|1701142400\n|gametype|singles\n|player|p1|Dipiti|ghetsis|1760\n|player|p2|diyuenji|chili|1812\n|teamsize|p1|6\n|teamsize|p2|6\n|gen|9\n|tier|[Gen 9] OU\n|rated|\n|rule|Sleep Clause Mod: Limit one foe put to sleep\n|rule|Species Clause: Limit one of each Pok\u00e9mon\n|rule|OHKO Clause: OHKO moves are banned\n|rule|Evasion Items Clause: Evasion items are banned\n|rule|Evasion Moves Clause: Evasion moves are banned\n|rule|Endless Battle Clause: Forcing endless battles is banned\n|rule|HP Percentage Mod: HP is shown in percentages\n|clearpoke\n|poke|p1|Ceruledge, M|\n|poke|p1|Azumarill, F|\n|poke|p1|Jirachi|\n|poke|p1|Great Tusk|\n|poke|p1|Mandibuzz, F|\n|poke|p1|Slowking-Galar, M|\n|poke|p2|Glimmora, F|\n|poke|p2|Zapdos|\n|poke|p2|Greninja-*, M|\n|poke|p2|Kingambit, F|\n|poke|p2|Iron Valiant|\n|poke|p2|Heatran, M|\n|teampreview\n|j| koffingwoffing\n|\n|t:|1701142441\n|start\n|switch|p1a: Slowking|Slowking-Galar, M, shiny|100\/100\n|switch|p2a: Glimmora|Glimmora, F|100\/100\n|turn|1\n|\n|t:|1701142447\n|move|p2a: Glimmora|Stealth Rock|p1a: Slowking\n|-sidestart|p1: Dipiti|move: Stealth Rock\n|move|p1a: Slowking|Surf|p2a: Glimmora\n|-supereffective|p2a: Glimmora\n|-damage|p2a: Glimmora|36\/100\n|\n|upkeep\n|turn|2\n|j| VicBossMG\n|\n|t:|1701142455\n|move|p2a: Glimmora|Earth Power|p1a: Slowking\n|-supereffective|p1a: Slowking\n|-damage|p1a: Slowking|74\/100\n|move|p1a: Slowking|Future Sight|p2a: Glimmora\n|-start|p1a: Slowking|move: Future Sight\n|\n|upkeep\n|turn|3\n|\n|t:|1701142458\n|move|p2a: Glimmora|Earth Power|p1a: Slowking\n|-supereffective|p1a: Slowking\n|-damage|p1a: Slowking|49\/100\n|move|p1a: Slowking|Surf|p2a: Glimmora\n|-supereffective|p2a: Glimmora\n|-damage|p2a: Glimmora|0 fnt\n|faint|p2a: Glimmora\n|\n|upkeep\n|\n|t:|1701142463\n|switch|p2a: Kingambit|Kingambit, F|100\/100\n|-activate|p2a: Kingambit|ability: Supreme Overlord\n|-start|p2a: Kingambit|fallen1|[silent]\n|turn|4\n|\n|t:|1701142469\n|switch|p1a: Great Tusk|Great Tusk, shiny|100\/100\n|-damage|p1a: Great Tusk|98\/100|[from] Stealth Rock\n|move|p2a: Kingambit|Kowtow Cleave|p1a: Great Tusk\n|-resisted|p1a: Great Tusk\n|-damage|p1a: Great Tusk|77\/100\n|-damage|p2a: Kingambit|84\/100|[from] item: Rocky Helmet|[of] p1a: Great Tusk\n|\n|-end|p2a: Kingambit|move: Future Sight\n|-immune|p2a: Kingambit\n|-heal|p2a: Kingambit|90\/100|[from] item: Leftovers\n|upkeep\n|turn|5\n|\n|t:|1701142478\n|-end|p2a: Kingambit|fallen1|[silent]\n|switch|p2a: Zapdos|Zapdos|100\/100\n|move|p1a: Great Tusk|Ice Spinner|p2a: Zapdos\n|-supereffective|p2a: Zapdos\n|-damage|p2a: Zapdos|49\/100\n|-status|p1a: Great Tusk|par|[from] ability: Static|[of] p2a: Zapdos\n|\n|upkeep\n|turn|6\n|j| SwabbyYabby\n|\n|t:|1701142488\n|move|p2a: Zapdos|Hurricane|p1a: Great Tusk\n|-supereffective|p1a: Great Tusk\n|-damage|p1a: Great Tusk|0 fnt\n|faint|p1a: Great Tusk\n|-end|p1a: Great Tusk|Protosynthesis|[silent]\n|\n|upkeep\n|\n|t:|1701142502\n|switch|p1a: Ceruledge|Ceruledge, M|100\/100\n|-damage|p1a: Ceruledge|76\/100|[from] Stealth Rock\n|turn|7\n|\n|t:|1701142511\n|move|p2a: Zapdos|Hurricane|p1a: Ceruledge\n|-damage|p1a: Ceruledge|21\/100\n|-start|p1a: Ceruledge|confusion\n|-activate|p1a: Ceruledge|confusion\n|move|p1a: Ceruledge|Poltergeist|p2a: Zapdos\n|-activate|p2a: Zapdos|move: Poltergeist|Heavy-Duty Boots\n|-damage|p2a: Zapdos|0 fnt\n|faint|p2a: Zapdos\n|\n|upkeep\n|\n|t:|1701142540\n|switch|p2a: Greninja|Greninja, M|100\/100\n|turn|8\n|\n|t:|1701142544\n|switch|p1a: Azumarill|Azumarill, F, shiny|100\/100\n|-damage|p1a: Azumarill|88\/100|[from] Stealth Rock\n|move|p2a: Greninja|Dark Pulse|p1a: Azumarill\n|-resisted|p1a: Azumarill\n|-damage|p1a: Azumarill|63\/100\n|-damage|p2a: Greninja|91\/100|[from] item: Life Orb\n|\n|upkeep\n|turn|9\n|\n|t:|1701142584\n|move|p2a: Greninja|Grass Knot|p1a: Azumarill\n|-supereffective|p1a: Azumarill\n|-damage|p1a: Azumarill|15\/100\n|-damage|p2a: Greninja|81\/100|[from] item: Life Orb\n|move|p1a: Azumarill|Liquidation|p2a: Greninja\n|-resisted|p2a: Greninja\n|-damage|p2a: Greninja|17\/100\n|\n|upkeep\n|turn|10\n|\n|t:|1701142595\n|switch|p1a: Slowking|Slowking-Galar, M, shiny|82\/100\n|-damage|p1a: Slowking|70\/100|[from] Stealth Rock\n|move|p2a: Greninja|Water Shuriken|p1a: Slowking\n|-damage|p1a: Slowking|65\/100\n|-damage|p1a: Slowking|61\/100\n|-hitcount|p1a: Slowking|2\n|-damage|p2a: Greninja|7\/100|[from] item: Life Orb\n|\n|upkeep\n|turn|11\n|\n|t:|1701142609\n|switch|p1a: Azumarill|Azumarill, F, shiny|15\/100\n|-damage|p1a: Azumarill|2\/100|[from] Stealth Rock\n|move|p2a: Greninja|Hydro Pump|p1a: Azumarill\n|-resisted|p1a: Azumarill\n|-damage|p1a: Azumarill|0 fnt\n|faint|p1a: Azumarill\n|-ability|p2a: Greninja|Battle Bond|boost\n|-boost|p2a: Greninja|atk|1\n|-boost|p2a: Greninja|spa|1\n|-boost|p2a: Greninja|spe|1\n|-activate|p2a: Greninja|ability: Battle Bond\n|-damage|p2a: Greninja|0 fnt|[from] item: Life Orb\n|faint|p2a: Greninja\n|\n|upkeep\n|\n|t:|1701142624\n|switch|p2a: Iron Valiant|Iron Valiant|100\/100\n|switch|p1a: Slowking|Slowking-Galar, M, shiny|95\/100\n|-damage|p1a: Slowking|82\/100|[from] Stealth Rock\n|-enditem|p2a: Iron Valiant|Booster Energy\n|-activate|p2a: Iron Valiant|ability: Quark Drive|[fromitem]\n|-start|p2a: Iron Valiant|quarkdrivespe\n|turn|12\n|\n|t:|1701142635\n|move|p2a: Iron Valiant|Knock Off|p1a: Slowking\n|-supereffective|p1a: Slowking\n|-damage|p1a: Slowking|17\/100\n|-enditem|p1a: Slowking|Assault Vest|[from] move: Knock Off|[of] p2a: Iron Valiant\n|move|p1a: Slowking|Flamethrower|p2a: Iron Valiant\n|-damage|p2a: Iron Valiant|50\/100\n|-status|p2a: Iron Valiant|brn\n|\n|-damage|p2a: Iron Valiant|44\/100 brn|[from] brn\n|upkeep\n|turn|13\n|j| gosuBX\n|\n|t:|1701142654\n|switch|p1a: Ceruledge|Ceruledge, M|21\/100\n|-damage|p1a: Ceruledge|0 fnt|[from] Stealth Rock\n|faint|p1a: Ceruledge\n|move|p2a: Iron Valiant|Knock Off|p1: Ceruledge|[notarget]\n|-fail|p2a: Iron Valiant\n|\n|-damage|p2a: Iron Valiant|38\/100 brn|[from] brn\n|upkeep\n|\n|t:|1701142657\n|switch|p1a: Slowking|Slowking-Galar, M, shiny|50\/100\n|-damage|p1a: Slowking|38\/100|[from] Stealth Rock\n|turn|14\n|\n|t:|1701142660\n|move|p2a: Iron Valiant|Knock Off|p1a: Slowking\n|-supereffective|p1a: Slowking\n|-damage|p1a: Slowking|16\/100\n|move|p1a: Slowking|Surf|p2a: Iron Valiant\n|-damage|p2a: Iron Valiant|0 fnt\n|faint|p2a: Iron Valiant\n|-end|p2a: Iron Valiant|Quark Drive|[silent]\n|\n|upkeep\n|\n|t:|1701142682\n|switch|p2a: Heatran|Heatran, M|100\/100\n|turn|15\n|\n|t:|1701142686\n|switch|p1a: Jirachi|Jirachi, shiny|100\/100\n|-damage|p1a: Jirachi|94\/100|[from] Stealth Rock\n|move|p2a: Heatran|Earth Power|p1a: Jirachi\n|-supereffective|p1a: Jirachi\n|-crit|p1a: Jirachi\n|-damage|p1a: Jirachi|13\/100\n|\n|upkeep\n|turn|16\n|\n|t:|1701142697\n|move|p1a: Jirachi|Zen Headbutt|p2a: Heatran\n|-resisted|p2a: Heatran\n|-damage|p2a: Heatran|87\/100\n|cant|p2a: Heatran|flinch\n|\n|-heal|p2a: Heatran|93\/100|[from] item: Leftovers\n|upkeep\n|turn|17\n|\n|t:|1701142701\n|move|p1a: Jirachi|Zen Headbutt|p2a: Heatran\n|-resisted|p2a: Heatran\n|-damage|p2a: Heatran|79\/100\n|move|p2a: Heatran|Earth Power|p1a: Jirachi\n|-supereffective|p1a: Jirachi\n|-damage|p1a: Jirachi|0 fnt\n|faint|p1a: Jirachi\n|\n|-heal|p2a: Heatran|85\/100|[from] item: Leftovers\n|upkeep\n|\n|t:|1701142704\n|switch|p1a: Slowking|Slowking-Galar, M, shiny|49\/100\n|-damage|p1a: Slowking|37\/100|[from] Stealth Rock\n|turn|18\n|l| gosuBX\n|\n|t:|1701142709\n|move|p2a: Heatran|Magma Storm|p1a: Slowking\n|-crit|p1a: Slowking\n|-damage|p1a: Slowking|0 fnt\n|faint|p1a: Slowking\n|\n|-heal|p2a: Heatran|91\/100|[from] item: Leftovers\n|upkeep\n|j| xxCOALLAxx\n|\n|t:|1701142711\n|switch|p1a: Mandibuzz|Mandibuzz, F, shiny|100\/100\n|turn|19\n|-message|Dipiti forfeited.\n|\n|win|diyuenji\n|raw|Dipiti's rating: 1760 &rarr; <strong>1743<\/strong><br \/>(-17 for losing)\n|raw|diyuenji's rating: 1812 &rarr; <strong>1829<\/strong><br \/>(+17 for winning)\n|l|\u2606Dipiti\n|l|\u2606diyuenji\n|l| VicBossMG\n","uploadtime":1701142742,"views":3,"p1id":"dipiti","p2id":"diyuenji","formatid":"gen9ou","rating":1743,"private":0,"password":""}