{"id":"gen9ou-1993283893","p1":"liaoya","p2":"mikejohns","format":"[Gen 9] OU","log":"|j|\u2606liaoya\n|j|\u2606mikejohns\n|t:|1700290074\n|gametype|singles\n|player|p1|liaoya|petrel|1610\n|player|p2|mikejohns|volkner|1578\n|teamsize|p1|6\n|teamsize|p2|6\n|gen|9\n|tier|[Gen 9] OU\n|rated|\n|rule|Sleep Clause Mod: Limit one foe put to sleep\n|rule|Species Clause: Limit one of each Pok\u00e9mon\n|rule|OHKO Clause: OHKO moves are banned\n|rule|Evasion Items Clause: Evasion items are banned\n|rule|Evasion Moves Clause: Evasion moves are banned\n|rule|Endless Battle Clause: Forcing endless battles is banned\n|rule|HP Percentage Mod: HP is shown in percentages\n|clearpoke\n|poke|p1|Drifblim, F|\n|poke|p1|Garganacl, F|\n|poke|p1|Umbreon, M|\n|poke|p1|Rotom-Wash|\n|poke|p1|Glimmora, F|\n|poke|p1|Espeon, M|\n|poke|p2|Zamazenta-*|\n|poke|p2|Rillaboom, M|\n|poke|p2|Muk-Alola, F|\n|poke|p2|Iron Jugulis|\n|poke|p2|Cinderace, M|\n|poke|p2|Ogerpon-Wellspring, F|\n|teampreview\n|inactive|Battle timer is ON: inactive players will automatically lose when time's up. (requested by mikejohns)\n|\n|t:|1700290084\n|start\n|switch|p1a: Rotom|Rotom-Wash|100\/100\n|switch|p2a: Ogerpon|Ogerpon-Wellspring, F|100\/100\n|turn|1\n|j| KidBritish\n|\n|t:|1700290089\n|move|p2a: Ogerpon|Power Whip|p1a: Rotom\n|-supereffective|p1a: Rotom\n|-damage|p1a: Rotom|0 fnt\n|faint|p1a: Rotom\n|\n|upkeep\n|\n|t:|1700290100\n|switch|p1a: Glimmora|Glimmora, F|100\/100\n|turn|2\n|\n|t:|1700290105\n|switch|p2a: Muk|Muk-Alola, F|100\/100\n|move|p1a: Glimmora|Mortal Spin|p2a: Muk\n|-resisted|p2a: Muk\n|-damage|p2a: Muk|98\/100\n|\n|-heal|p2a: Muk|100\/100|[from] item: Leftovers\n|upkeep\n|turn|3\n|\n|t:|1700290118\n|switch|p1a: Espeon|Espeon, M|100\/100\n|switch|p2a: Ogerpon|Ogerpon-Wellspring, F|100\/100\n|\n|upkeep\n|turn|4\n|\n|t:|1700290123\n|move|p1a: Espeon|Psyshock|p2a: Ogerpon\n|-crit|p2a: Ogerpon\n|-damage|p2a: Ogerpon|38\/100\n|move|p2a: Ogerpon|Power Whip|p1a: Espeon\n|-damage|p1a: Espeon|21\/100\n|\n|upkeep\n|turn|5\n|\n|t:|1700290127\n|switch|p2a: Rillaboom|Rillaboom, M|100\/100\n|-fieldstart|move: Grassy Terrain|[from] ability: Grassy Surge|[of] p2a: Rillaboom\n|move|p1a: Espeon|Psyshock|p2a: Rillaboom\n|-damage|p2a: Rillaboom|67\/100\n|\n|-heal|p1a: Espeon|27\/100|[from] Grassy Terrain\n|-heal|p2a: Rillaboom|73\/100|[from] Grassy Terrain\n|upkeep\n|turn|6\n|\n|t:|1700290135\n|switch|p1a: Umbreon|Umbreon, M, shiny|100\/100\n|move|p2a: Rillaboom|Grassy Glide|p1a: Umbreon\n|-damage|p1a: Umbreon|75\/100\n|\n|-heal|p2a: Rillaboom|80\/100|[from] Grassy Terrain\n|-heal|p1a: Umbreon|81\/100|[from] Grassy Terrain\n|-heal|p1a: Umbreon|87\/100|[from] item: Leftovers\n|upkeep\n|turn|7\n|\n|t:|1700290141\n|move|p2a: Rillaboom|U-turn|p1a: Umbreon\n|-supereffective|p1a: Umbreon\n|-damage|p1a: Umbreon|53\/100\n|\n|t:|1700290145\n|switch|p2a: Muk|Muk-Alola, F|100\/100|[from] U-turn\n|move|p1a: Umbreon|Foul Play|p2a: Muk\n|-resisted|p2a: Muk\n|-damage|p2a: Muk|83\/100\n|\n|-heal|p1a: Umbreon|59\/100|[from] Grassy Terrain\n|-heal|p1a: Umbreon|65\/100|[from] item: Leftovers\n|-heal|p2a: Muk|89\/100|[from] Grassy Terrain\n|-heal|p2a: Muk|95\/100|[from] item: Leftovers\n|upkeep\n|turn|8\n|\n|t:|1700290153\n|move|p1a: Umbreon|Protect|p1a: Umbreon\n|-singleturn|p1a: Umbreon|Protect\n|move|p2a: Muk|Poison Jab|p1a: Umbreon\n|-activate|p1a: Umbreon|move: Protect\n|\n|-heal|p1a: Umbreon|71\/100|[from] Grassy Terrain\n|-heal|p1a: Umbreon|77\/100|[from] item: Leftovers\n|-heal|p2a: Muk|100\/100|[from] Grassy Terrain\n|upkeep\n|turn|9\n|\n|t:|1700290159\n|switch|p1a: Drifblim|Drifblim, F|100\/100\n|move|p2a: Muk|Knock Off|p1a: Drifblim\n|-supereffective|p1a: Drifblim\n|-crit|p1a: Drifblim\n|-damage|p1a: Drifblim|0 fnt\n|-damage|p2a: Muk|76\/100|[from] ability: Aftermath|[of] p1a: Drifblim\n|-enditem|p1a: Drifblim|Choice Scarf|[from] move: Knock Off|[of] p2a: Muk\n|faint|p1a: Drifblim\n|\n|-heal|p2a: Muk|82\/100|[from] Grassy Terrain\n|-heal|p2a: Muk|88\/100|[from] item: Leftovers\n|upkeep\n|\n|t:|1700290164\n|switch|p1a: Espeon|Espeon, M|27\/100\n|turn|10\n|\n|t:|1700290170\n|move|p1a: Espeon|Trick|p2a: Muk\n|-activate|p1a: Espeon|move: Trick|[of] p2a: Muk\n|-item|p2a: Muk|Choice Scarf|[from] move: Trick\n|-item|p1a: Espeon|Leftovers|[from] move: Trick\n|move|p2a: Muk|Knock Off|p1a: Espeon\n|-supereffective|p1a: Espeon\n|-damage|p1a: Espeon|0 fnt\n|-enditem|p1a: Espeon|Leftovers|[from] move: Knock Off|[of] p2a: Muk\n|faint|p1a: Espeon\n|\n|-heal|p2a: Muk|94\/100|[from] Grassy Terrain\n|upkeep\n|\n|t:|1700290179\n|switch|p1a: Garganacl|Garganacl, F, shiny|100\/100\n|turn|11\n|\n|t:|1700290183\n|switch|p2a: Iron Jugulis|Iron Jugulis|100\/100\n|-enditem|p2a: Iron Jugulis|Booster Energy\n|-activate|p2a: Iron Jugulis|ability: Quark Drive|[fromitem]\n|-start|p2a: Iron Jugulis|quarkdrivespe\n|move|p1a: Garganacl|Salt Cure|p2a: Iron Jugulis\n|-supereffective|p2a: Iron Jugulis\n|-damage|p2a: Iron Jugulis|67\/100\n|-start|p2a: Iron Jugulis|Salt Cure\n|\n|-damage|p2a: Iron Jugulis|55\/100|[from] Salt Cure\n|upkeep\n|turn|12\n|\n|t:|1700290199\n|switch|p1a: Umbreon|Umbreon, M, shiny|77\/100\n|move|p2a: Iron Jugulis|Taunt|p1a: Umbreon\n|-start|p1a: Umbreon|move: Taunt\n|\n|-heal|p1a: Umbreon|83\/100|[from] Grassy Terrain\n|-heal|p1a: Umbreon|89\/100|[from] item: Leftovers\n|-damage|p2a: Iron Jugulis|42\/100|[from] Salt Cure\n|-fieldend|move: Grassy Terrain\n|upkeep\n|turn|13\n|\n|t:|1700290205\n|-end|p2a: Iron Jugulis|Quark Drive|[silent]\n|switch|p2a: Zamazenta|Zamazenta|100\/100\n|-ability|p2a: Zamazenta|Dauntless Shield|boost\n|-boost|p2a: Zamazenta|def|1\n|move|p1a: Umbreon|Foul Play|p2a: Zamazenta\n|-resisted|p2a: Zamazenta\n|-damage|p2a: Zamazenta|87\/100\n|\n|-heal|p2a: Zamazenta|93\/100|[from] item: Leftovers\n|-heal|p1a: Umbreon|95\/100|[from] item: Leftovers\n|upkeep\n|turn|14\n|\n|t:|1700290209\n|switch|p1a: Glimmora|Glimmora, F|100\/100\n|move|p2a: Zamazenta|Substitute|p2a: Zamazenta\n|-start|p2a: Zamazenta|Substitute\n|-damage|p2a: Zamazenta|68\/100\n|\n|-heal|p2a: Zamazenta|74\/100|[from] item: Leftovers\n|upkeep\n|turn|15\n|\n|t:|1700290213\n|move|p2a: Zamazenta|Iron Defense|p2a: Zamazenta\n|-boost|p2a: Zamazenta|def|2\n|move|p1a: Glimmora|Stealth Rock|p2a: Zamazenta\n|-sidestart|p2: mikejohns|move: Stealth Rock\n|\n|-heal|p2a: Zamazenta|80\/100|[from] item: Leftovers\n|upkeep\n|turn|16\n|\n|t:|1700290217\n|move|p2a: Zamazenta|Body Press|p1a: Glimmora\n|-damage|p1a: Glimmora|31\/100\n|-activate|p1a: Glimmora|ability: Toxic Debris\n|-sidestart|p2: mikejohns|move: Toxic Spikes\n|move|p1a: Glimmora|Spikes|p2a: Zamazenta\n|-sidestart|p2: mikejohns|Spikes\n|\n|-heal|p2a: Zamazenta|87\/100|[from] item: Leftovers\n|upkeep\n|turn|17\n|\n|t:|1700290222\n|move|p2a: Zamazenta|Body Press|p1a: Glimmora\n|-damage|p1a: Glimmora|0 fnt\n|-activate|p1a: Glimmora|ability: Toxic Debris\n|-sidestart|p2: mikejohns|move: Toxic Spikes\n|faint|p1a: Glimmora\n|\n|-heal|p2a: Zamazenta|93\/100|[from] item: Leftovers\n|upkeep\n|\n|t:|1700290224\n|switch|p1a: Garganacl|Garganacl, F, shiny|100\/100\n|turn|18\n|\n|t:|1700290227\n|-terastallize|p1a: Garganacl|Ghost\n|move|p2a: Zamazenta|Body Press|p1a: Garganacl\n|-immune|p1a: Garganacl\n|move|p1a: Garganacl|Iron Defense|p1a: Garganacl\n|-boost|p1a: Garganacl|def|2\n|\n|-heal|p2a: Zamazenta|99\/100|[from] item: Leftovers\n|upkeep\n|turn|19\n|\n|t:|1700290233\n|move|p2a: Zamazenta|Crunch|p1a: Garganacl\n|-supereffective|p1a: Garganacl\n|-damage|p1a: Garganacl|84\/100\n|-unboost|p1a: Garganacl|def|1\n|move|p1a: Garganacl|Salt Cure|p2a: Zamazenta\n|-resisted|p2a: Zamazenta\n|-activate|p2a: Zamazenta|move: Substitute|[damage]\n|\n|-heal|p2a: Zamazenta|100\/100|[from] item: Leftovers\n|-heal|p1a: Garganacl|90\/100|[from] item: Leftovers\n|upkeep\n|turn|20\n|\n|t:|1700290236\n|move|p2a: Zamazenta|Crunch|p1a: Garganacl\n|-supereffective|p1a: Garganacl\n|-damage|p1a: Garganacl|67\/100\n|move|p1a: Garganacl|Iron Defense|p1a: Garganacl\n|-boost|p1a: Garganacl|def|2\n|\n|-heal|p1a: Garganacl|73\/100|[from] item: Leftovers\n|upkeep\n|turn|21\n|\n|t:|1700290239\n|move|p2a: Zamazenta|Crunch|p1a: Garganacl\n|-supereffective|p1a: Garganacl\n|-damage|p1a: Garganacl|58\/100\n|move|p1a: Garganacl|Iron Defense|p1a: Garganacl\n|-boost|p1a: Garganacl|def|2\n|\n|-heal|p1a: Garganacl|64\/100|[from] item: Leftovers\n|upkeep\n|turn|22\n|\n|t:|1700290244\n|move|p2a: Zamazenta|Crunch|p1a: Garganacl\n|-supereffective|p1a: Garganacl\n|-damage|p1a: Garganacl|54\/100\n|move|p1a: Garganacl|Body Press|p2a: Zamazenta\n|-end|p2a: Zamazenta|Substitute\n|\n|-heal|p1a: Garganacl|60\/100|[from] item: Leftovers\n|upkeep\n|turn|23\n|\n|t:|1700290247\n|move|p2a: Zamazenta|Substitute|p2a: Zamazenta\n|-start|p2a: Zamazenta|Substitute\n|-damage|p2a: Zamazenta|76\/100\n|move|p1a: Garganacl|Recover|p1a: Garganacl\n|-heal|p1a: Garganacl|100\/100\n|\n|-heal|p2a: Zamazenta|82\/100|[from] item: Leftovers\n|upkeep\n|turn|24\n|\n|t:|1700290250\n|move|p2a: Zamazenta|Crunch|p1a: Garganacl\n|-supereffective|p1a: Garganacl\n|-damage|p1a: Garganacl|91\/100\n|move|p1a: Garganacl|Iron Defense|p1a: Garganacl\n|-boost|p1a: Garganacl|def|1\n|\n|-heal|p2a: Zamazenta|88\/100|[from] item: Leftovers\n|-heal|p1a: Garganacl|97\/100|[from] item: Leftovers\n|upkeep\n|turn|25\n|\n|t:|1700290254\n|move|p2a: Zamazenta|Crunch|p1a: Garganacl\n|-supereffective|p1a: Garganacl\n|-damage|p1a: Garganacl|87\/100\n|move|p1a: Garganacl|Salt Cure|p2a: Zamazenta\n|-resisted|p2a: Zamazenta\n|-activate|p2a: Zamazenta|move: Substitute|[damage]\n|\n|-heal|p2a: Zamazenta|94\/100|[from] item: Leftovers\n|-heal|p1a: Garganacl|94\/100|[from] item: Leftovers\n|upkeep\n|turn|26\n|\n|t:|1700290258\n|move|p2a: Zamazenta|Crunch|p1a: Garganacl\n|-supereffective|p1a: Garganacl\n|-damage|p1a: Garganacl|84\/100\n|-unboost|p1a: Garganacl|def|1\n|move|p1a: Garganacl|Body Press|p2a: Zamazenta\n|-end|p2a: Zamazenta|Substitute\n|\n|-heal|p2a: Zamazenta|99\/100|[from] item: Leftovers\n|-heal|p1a: Garganacl|90\/100|[from] item: Leftovers\n|upkeep\n|turn|27\n|\n|t:|1700290262\n|move|p2a: Zamazenta|Substitute|p2a: Zamazenta\n|-start|p2a: Zamazenta|Substitute\n|-damage|p2a: Zamazenta|75\/100\n|move|p1a: Garganacl|Body Press|p2a: Zamazenta\n|-end|p2a: Zamazenta|Substitute\n|\n|-heal|p2a: Zamazenta|81\/100|[from] item: Leftovers\n|-heal|p1a: Garganacl|97\/100|[from] item: Leftovers\n|upkeep\n|turn|28\n|\n|t:|1700290284\n|switch|p2a: Ogerpon|Ogerpon-Wellspring, F|38\/100\n|-damage|p2a: Ogerpon|26\/100|[from] Stealth Rock\n|-status|p2a: Ogerpon|tox\n|-damage|p2a: Ogerpon|14\/100 tox|[from] Spikes\n|move|p1a: Garganacl|Body Press|p2a: Ogerpon\n|-damage|p2a: Ogerpon|0 fnt\n|faint|p2a: Ogerpon\n|\n|-heal|p1a: Garganacl|100\/100|[from] item: Leftovers\n|upkeep\n|\n|t:|1700290298\n|switch|p2a: Muk|Muk-Alola, F|94\/100\n|-damage|p2a: Muk|81\/100|[from] Stealth Rock\n|-sideend|p2: mikejohns|move: Toxic Spikes|[of] p2a: Muk\n|-damage|p2a: Muk|69\/100|[from] Spikes\n|turn|29\n|\n|t:|1700290301\n|move|p2a: Muk|Knock Off|p1a: Garganacl\n|-supereffective|p1a: Garganacl\n|-damage|p1a: Garganacl|87\/100\n|-enditem|p1a: Garganacl|Leftovers|[from] move: Knock Off|[of] p2a: Muk\n|move|p1a: Garganacl|Body Press|p2a: Muk\n|-damage|p2a: Muk|0 fnt\n|faint|p2a: Muk\n|\n|upkeep\n|\n|t:|1700290316\n|switch|p2a: Cinderace|Cinderace, M|100\/100\n|turn|30\n|\n|t:|1700290319\n|move|p2a: Cinderace|Sucker Punch|p1a: Garganacl\n|-start|p2a: Cinderace|typechange|Dark|[from] ability: Libero\n|-supereffective|p1a: Garganacl\n|-damage|p1a: Garganacl|74\/100\n|move|p1a: Garganacl|Body Press|p2a: Cinderace\n|-supereffective|p2a: Cinderace\n|-damage|p2a: Cinderace|0 fnt\n|faint|p2a: Cinderace\n|\n|upkeep\n|\n|t:|1700290324\n|switch|p2a: Iron Jugulis|Iron Jugulis|42\/100\n|-damage|p2a: Iron Jugulis|17\/100|[from] Stealth Rock\n|turn|31\n|\n|t:|1700290329\n|move|p2a: Iron Jugulis|Dark Pulse|p1a: Garganacl\n|-supereffective|p1a: Garganacl\n|-damage|p1a: Garganacl|24\/100\n|move|p1a: Garganacl|Body Press|p2a: Iron Jugulis\n|-crit|p2a: Iron Jugulis\n|-damage|p2a: Iron Jugulis|0 fnt\n|faint|p2a: Iron Jugulis\n|-end|p2a: Iron Jugulis|Quark Drive|[silent]\n|\n|upkeep\n|\n|t:|1700290339\n|switch|p2a: Rillaboom|Rillaboom, M|80\/100\n|-damage|p2a: Rillaboom|67\/100|[from] Stealth Rock\n|-damage|p2a: Rillaboom|55\/100|[from] Spikes\n|-fieldstart|move: Grassy Terrain|[from] ability: Grassy Surge|[of] p2a: Rillaboom\n|turn|32\n|\n|t:|1700290343\n|move|p2a: Rillaboom|Knock Off|p1a: Garganacl\n|-supereffective|p1a: Garganacl\n|-damage|p1a: Garganacl|15\/100\n|move|p1a: Garganacl|Recover|p1a: Garganacl\n|-heal|p1a: Garganacl|65\/100\n|\n|-heal|p2a: Rillaboom|61\/100|[from] Grassy Terrain\n|-heal|p1a: Garganacl|71\/100|[from] Grassy Terrain\n|upkeep\n|turn|33\n|c|\u2606mikejohns|gg\n|-message|mikejohns forfeited.\n|\n|win|liaoya\n|raw|liaoya's rating: 1610 &rarr; <strong>1628<\/strong><br \/>(+18 for winning)\n|raw|mikejohns's rating: 1578 &rarr; <strong>1560<\/strong><br \/>(-18 for losing)\n|l|\u2606mikejohns\n|c|\u2606liaoya|gg\n","uploadtime":1700290356,"views":10,"p1id":"liaoya","p2id":"mikejohns","formatid":"gen9ou","rating":1560,"private":0,"password":""}