{"id":"gen9ou-1989401837","p1":"amnewlol","p2":"PottieMSD","format":"[Gen 9] OU","log":"|j|\u2606amnewlol\n|j|\u2606PottieMSD\n|t:|1699845613\n|gametype|singles\n|player|p1|amnewlol|hilda|1173\n|player|p2|PottieMSD|lenora|1216\n|teamsize|p1|6\n|teamsize|p2|6\n|gen|9\n|tier|[Gen 9] OU\n|rated|\n|rule|Sleep Clause Mod: Limit one foe put to sleep\n|rule|Species Clause: Limit one of each Pok\u00e9mon\n|rule|OHKO Clause: OHKO moves are banned\n|rule|Evasion Items Clause: Evasion items are banned\n|rule|Evasion Moves Clause: Evasion moves are banned\n|rule|Endless Battle Clause: Forcing endless battles is banned\n|rule|HP Percentage Mod: HP is shown in percentages\n|clearpoke\n|poke|p1|Dragonite, M|\n|poke|p1|Great Tusk|\n|poke|p1|Ribombee, M|\n|poke|p1|Gholdengo|\n|poke|p1|Kommo-o, M|\n|poke|p1|Slowking-Galar, F|\n|poke|p2|Gholdengo|\n|poke|p2|Great Tusk|\n|poke|p2|Ninetales-Alola, F|\n|poke|p2|Slowking-Galar, F|\n|poke|p2|Meowscarada, M|\n|poke|p2|Thundurus-Therian, M|\n|teampreview\n|inactive|Battle timer is ON: inactive players will automatically lose when time's up. (requested by amnewlol)\n|\n|t:|1699845635\n|start\n|switch|p1a: Gholdengo|Gholdengo|100\/100\n|switch|p2a: Ninetales|Ninetales-Alola, F|100\/100\n|-weather|Snow|[from] ability: Snow Warning|[of] p2a: Ninetales\n|-item|p1a: Gholdengo|Air Balloon\n|turn|1\n|\n|t:|1699845649\n|move|p2a: Ninetales|Aurora Veil|p2a: Ninetales\n|-sidestart|p2: PottieMSD|move: Aurora Veil\n|move|p1a: Gholdengo|Nasty Plot|p1a: Gholdengo\n|-boost|p1a: Gholdengo|spa|2\n|\n|-weather|Snow|[upkeep]\n|upkeep\n|turn|2\n|\n|t:|1699845662\n|switch|p2a: Slowking|Slowking-Galar, F|100\/100\n|move|p1a: Gholdengo|Nasty Plot|p1a: Gholdengo\n|-boost|p1a: Gholdengo|spa|2\n|\n|-weather|Snow|[upkeep]\n|upkeep\n|turn|3\n|\n|t:|1699845672\n|-terastallize|p2a: Slowking|Water\n|move|p1a: Gholdengo|Shadow Ball|p2a: Slowking\n|-damage|p2a: Slowking|65\/100\n|move|p2a: Slowking|Chilly Reception|p2a: Slowking\n|\n|t:|1699845687\n|switch|p2a: Meowscarada|Meowscarada, M, shiny|100\/100|[from] Chilly Reception\n|\n|-weather|Snow|[upkeep]\n|upkeep\n|turn|4\n|\n|t:|1699845696\n|move|p2a: Meowscarada|Knock Off|p1a: Gholdengo\n|-start|p2a: Meowscarada|typechange|Dark|[from] ability: Protean\n|-supereffective|p1a: Gholdengo\n|-damage|p1a: Gholdengo|0 fnt\n|-enditem|p1a: Gholdengo|Air Balloon\n|faint|p1a: Gholdengo\n|\n|-weather|Snow|[upkeep]\n|upkeep\n|\n|t:|1699845710\n|switch|p1a: Great Tusk|Great Tusk|100\/100\n|turn|5\n|\n|t:|1699845719\n|switch|p2a: Ninetales|Ninetales-Alola, F|100\/100\n|move|p1a: Great Tusk|Rapid Spin|p2a: Ninetales\n|-damage|p2a: Ninetales|94\/100\n|-boost|p1a: Great Tusk|spe|1\n|\n|-weather|none\n|upkeep\n|turn|6\n|\n|t:|1699845729\n|move|p1a: Great Tusk|Headlong Rush|p2a: Ninetales\n|-damage|p2a: Ninetales|56\/100\n|-unboost|p1a: Great Tusk|def|1\n|-unboost|p1a: Great Tusk|spd|1\n|move|p2a: Ninetales|Moonblast|p1a: Great Tusk\n|-supereffective|p1a: Great Tusk\n|-damage|p1a: Great Tusk|0 fnt\n|faint|p1a: Great Tusk\n|-end|p1a: Great Tusk|Protosynthesis|[silent]\n|\n|upkeep\n|\n|t:|1699845734\n|switch|p1a: Slowking|Slowking-Galar, F|100\/100\n|turn|7\n|\n|t:|1699845743\n|switch|p2a: Gholdengo|Gholdengo|100\/100\n|move|p1a: Slowking|Ice Beam|p2a: Gholdengo\n|-resisted|p2a: Gholdengo\n|-damage|p2a: Gholdengo|93\/100\n|\n|upkeep\n|turn|8\n|\n|t:|1699845750\n|move|p2a: Gholdengo|Nasty Plot|p2a: Gholdengo\n|-boost|p2a: Gholdengo|spa|2\n|move|p1a: Slowking|Flamethrower|p2a: Gholdengo\n|-supereffective|p2a: Gholdengo\n|-damage|p2a: Gholdengo|63\/100\n|\n|-sideend|p2: PottieMSD|move: Aurora Veil\n|upkeep\n|turn|9\n|inactive|PottieMSD has 120 seconds left.\n|\n|t:|1699845781\n|move|p2a: Gholdengo|Shadow Ball|p1a: Slowking\n|-supereffective|p1a: Slowking\n|-damage|p1a: Slowking|30\/100\n|move|p1a: Slowking|Flamethrower|p2a: Gholdengo\n|-supereffective|p2a: Gholdengo\n|-damage|p2a: Gholdengo|1\/100\n|-enditem|p2a: Gholdengo|Salac Berry|[eat]\n|-boost|p2a: Gholdengo|spe|1|[from] item: Salac Berry\n|\n|upkeep\n|turn|10\n|\n|t:|1699845799\n|switch|p1a: Ribombee|Ribombee, M|100\/100\n|move|p2a: Gholdengo|Shadow Ball|p1a: Ribombee\n|-enditem|p1a: Ribombee|Focus Sash\n|-damage|p1a: Ribombee|1\/100\n|\n|upkeep\n|turn|11\n|\n|t:|1699845809\n|move|p2a: Gholdengo|Shadow Ball|p1a: Ribombee\n|-damage|p1a: Ribombee|0 fnt\n|faint|p1a: Ribombee\n|\n|upkeep\n|\n|t:|1699845812\n|switch|p1a: Kommo-o|Kommo-o, M|100\/100\n|turn|12\n|\n|t:|1699845842\n|move|p2a: Gholdengo|Make It Rain|p1a: Kommo-o\n|-damage|p1a: Kommo-o|0 fnt\n|-unboost|p2a: Gholdengo|spa|1\n|faint|p1a: Kommo-o\n|\n|upkeep\n|\n|t:|1699845847\n|switch|p1a: Dragonite|Dragonite, M|100\/100\n|turn|13\n|\n|t:|1699845861\n|move|p2a: Gholdengo|Shadow Ball|p1a: Dragonite\n|-damage|p1a: Dragonite|66\/100\n|move|p1a: Dragonite|Dragon Dance|p1a: Dragonite\n|-boost|p1a: Dragonite|atk|1\n|-boost|p1a: Dragonite|spe|1\n|\n|upkeep\n|turn|14\n|\n|t:|1699845870\n|-terastallize|p1a: Dragonite|Normal\n|move|p2a: Gholdengo|Make It Rain|p1a: Dragonite\n|-damage|p1a: Dragonite|0 fnt\n|-unboost|p2a: Gholdengo|spa|1\n|faint|p1a: Dragonite\n|\n|upkeep\n|-message|amnewlol forfeited.\n|\n|win|PottieMSD\n|raw|amnewlol's rating: 1173 &rarr; <strong>1151<\/strong><br \/>(-22 for losing)\n|raw|PottieMSD's rating: 1216 &rarr; <strong>1238<\/strong><br \/>(+22 for winning)\n|l|\u2606amnewlol\n","uploadtime":1699845885,"views":32,"p1id":"amnewlol","p2id":"pottiemsd","formatid":"gen9ou","rating":1151,"private":0,"password":""}