{"id":"gen9ou-1995834040","p1":"elmagodelpapiss","p2":"8daniel8","format":"[Gen 9] OU","log":"|j|\u2606elmagodelpapiss\n|j|\u26068daniel8\n|t:|1700607776\n|gametype|singles\n|player|p1|elmagodelpapiss|gentleman-gen4|1553\n|player|p2|8daniel8|steven|1569\n|teamsize|p1|6\n|teamsize|p2|6\n|gen|9\n|tier|[Gen 9] OU\n|rated|\n|rule|Sleep Clause Mod: Limit one foe put to sleep\n|rule|Species Clause: Limit one of each Pok\u00e9mon\n|rule|OHKO Clause: OHKO moves are banned\n|rule|Evasion Items Clause: Evasion items are banned\n|rule|Evasion Moves Clause: Evasion moves are banned\n|rule|Endless Battle Clause: Forcing endless battles is banned\n|rule|HP Percentage Mod: HP is shown in percentages\n|clearpoke\n|poke|p1|Kleavor, F|\n|poke|p1|Great Tusk|\n|poke|p1|Slowking-Galar, F|\n|poke|p1|Moltres|\n|poke|p1|Zapdos|\n|poke|p1|Kingambit, F|\n|poke|p2|Wo-Chien|\n|poke|p2|Toxapex, M|\n|poke|p2|Mamoswine, F|\n|poke|p2|Ceruledge, F|\n|poke|p2|Dragonite, M|\n|poke|p2|Klefki, F|\n|teampreview\n|\n|t:|1700607789\n|start\n|switch|p1a: Kleavor|Kleavor, F|100\/100\n|switch|p2a: Mamoswine|Mamoswine, F|100\/100\n|turn|1\n|inactive|Battle timer is ON: inactive players will automatically lose when time's up. (requested by 8daniel8)\n|\n|t:|1700607797\n|move|p1a: Kleavor|Stone Axe|p2a: Mamoswine\n|-damage|p2a: Mamoswine|38\/100\n|-sidestart|p2: 8daniel8|move: Stealth Rock\n|move|p2a: Mamoswine|Earthquake|p1a: Kleavor\n|-damage|p1a: Kleavor|14\/100\n|-damage|p2a: Mamoswine|28\/100|[from] item: Life Orb\n|\n|upkeep\n|turn|2\n|\n|t:|1700607805\n|move|p2a: Mamoswine|Ice Shard|p1a: Kleavor\n|-damage|p1a: Kleavor|0 fnt\n|faint|p1a: Kleavor\n|-damage|p2a: Mamoswine|18\/100|[from] item: Life Orb\n|\n|upkeep\n|\n|t:|1700607815\n|switch|p1a: Zapdos|Zapdos, shiny|100\/100\n|turn|3\n|\n|t:|1700607818\n|move|p2a: Mamoswine|Ice Shard|p1a: Zapdos\n|-supereffective|p1a: Zapdos\n|-damage|p1a: Zapdos|60\/100\n|-damage|p2a: Mamoswine|8\/100|[from] item: Life Orb\n|move|p1a: Zapdos|Hurricane|p2a: Mamoswine|[miss]\n|-miss|p1a: Zapdos|p2a: Mamoswine\n|\n|upkeep\n|turn|4\n|\n|t:|1700607827\n|move|p2a: Mamoswine|Ice Shard|p1a: Zapdos\n|-supereffective|p1a: Zapdos\n|-damage|p1a: Zapdos|13\/100\n|-damage|p2a: Mamoswine|0 fnt|[from] item: Life Orb\n|faint|p2a: Mamoswine\n|move|p1a: Zapdos|Roost|p1a: Zapdos\n|-heal|p1a: Zapdos|63\/100\n|-singleturn|p1a: Zapdos|move: Roost\n|\n|upkeep\n|\n|t:|1700607839\n|switch|p2a: Dragonite|Dragonite, M|100\/100\n|-damage|p2a: Dragonite|76\/100|[from] Stealth Rock\n|turn|5\n|\n|t:|1700607844\n|move|p1a: Zapdos|Thunder Wave|p2a: Dragonite\n|-status|p2a: Dragonite|par\n|move|p2a: Dragonite|Ice Beam|p1a: Zapdos\n|-supereffective|p1a: Zapdos\n|-damage|p1a: Zapdos|0 fnt\n|faint|p1a: Zapdos\n|\n|upkeep\n|\n|t:|1700607851\n|switch|p1a: Slowking|Slowking-Galar, F|100\/100\n|turn|6\n|\n|t:|1700607857\n|cant|p2a: Dragonite|par\n|move|p1a: Slowking|Future Sight|p2a: Dragonite\n|-start|p1a: Slowking|move: Future Sight\n|\n|upkeep\n|turn|7\n|\n|t:|1700607862\n|cant|p2a: Dragonite|par\n|move|p1a: Slowking|Sludge Bomb|p2a: Dragonite\n|-damage|p2a: Dragonite|33\/100 par\n|\n|upkeep\n|turn|8\n|\n|t:|1700607868\n|move|p2a: Dragonite|Thunder|p1a: Slowking\n|-damage|p1a: Slowking|83\/100\n|move|p1a: Slowking|Sludge Bomb|p2a: Dragonite\n|-damage|p2a: Dragonite|0 fnt\n|faint|p2a: Dragonite\n|\n|-hint|Future Sight did not hit because the target is fainted.\n|upkeep\n|\n|t:|1700607877\n|switch|p2a: Ceruledge|Ceruledge, F|100\/100\n|turn|9\n|\n|t:|1700607885\n|-terastallize|p1a: Slowking|Water\n|move|p2a: Ceruledge|Swords Dance|p2a: Ceruledge\n|-boost|p2a: Ceruledge|atk|2\n|move|p1a: Slowking|Surf|p2a: Ceruledge\n|-supereffective|p2a: Ceruledge\n|-damage|p2a: Ceruledge|4\/100\n|\n|upkeep\n|turn|10\n|\n|t:|1700607896\n|move|p2a: Ceruledge|Poltergeist|p1a: Slowking\n|-activate|p1a: Slowking|move: Poltergeist|Assault Vest\n|-damage|p1a: Slowking|0 fnt\n|faint|p1a: Slowking\n|\n|upkeep\n|\n|t:|1700607901\n|switch|p1a: Kingambit|Kingambit, F|100\/100\n|-activate|p1a: Kingambit|ability: Supreme Overlord\n|-start|p1a: Kingambit|fallen3|[silent]\n|turn|11\n|\n|t:|1700607906\n|move|p2a: Ceruledge|Swords Dance|p2a: Ceruledge\n|-boost|p2a: Ceruledge|atk|2\n|move|p1a: Kingambit|Iron Head|p2a: Ceruledge\n|-resisted|p2a: Ceruledge\n|-damage|p2a: Ceruledge|0 fnt\n|faint|p2a: Ceruledge\n|\n|upkeep\n|inactive|8daniel8 has 120 seconds left.\n|inactive|8daniel8 has 90 seconds left.\n|\n|t:|1700607976\n|switch|p2a: Klefki|Klefki, F|100\/100\n|-damage|p2a: Klefki|94\/100|[from] Stealth Rock\n|turn|12\n|\n|t:|1700607982\n|move|p2a: Klefki|Iron Defense|p2a: Klefki\n|-boost|p2a: Klefki|def|2\n|move|p1a: Kingambit|Swords Dance|p1a: Kingambit\n|-boost|p1a: Kingambit|atk|2\n|\n|-heal|p2a: Klefki|100\/100|[from] item: Leftovers\n|upkeep\n|turn|13\n|inactive|8daniel8 has 90 seconds left.\n|\n|t:|1700607990\n|move|p2a: Klefki|Iron Defense|p2a: Klefki\n|-boost|p2a: Klefki|def|2\n|move|p1a: Kingambit|Swords Dance|p1a: Kingambit\n|-boost|p1a: Kingambit|atk|2\n|\n|upkeep\n|turn|14\n|\n|t:|1700607997\n|move|p2a: Klefki|Iron Defense|p2a: Klefki\n|-boost|p2a: Klefki|def|2\n|move|p1a: Kingambit|Swords Dance|p1a: Kingambit\n|-boost|p1a: Kingambit|atk|2\n|\n|upkeep\n|turn|15\n|\n|t:|1700608004\n|-terastallize|p2a: Klefki|Water\n|move|p2a: Klefki|Foul Play|p1a: Kingambit\n|-resisted|p1a: Kingambit\n|-damage|p1a: Kingambit|42\/100\n|move|p1a: Kingambit|Brick Break|p2a: Klefki\n|-damage|p2a: Klefki|62\/100\n|\n|-heal|p2a: Klefki|68\/100|[from] item: Leftovers\n|-heal|p1a: Kingambit|49\/100|[from] item: Leftovers\n|upkeep\n|turn|16\n|\n|t:|1700608018\n|move|p1a: Kingambit|Sucker Punch|p2a: Klefki\n|-damage|p2a: Klefki|17\/100\n|move|p2a: Klefki|Foul Play|p1a: Kingambit\n|-resisted|p1a: Kingambit\n|-damage|p1a: Kingambit|0 fnt\n|faint|p1a: Kingambit\n|-end|p1a: Kingambit|fallen3|[silent]\n|\n|-heal|p2a: Klefki|23\/100|[from] item: Leftovers\n|upkeep\n|\n|t:|1700608028\n|switch|p1a: Moltres|Moltres|100\/100\n|turn|17\n|\n|t:|1700608032\n|move|p2a: Klefki|Calm Mind|p2a: Klefki\n|-boost|p2a: Klefki|spa|1\n|-boost|p2a: Klefki|spd|1\n|move|p1a: Moltres|Hurricane|p2a: Klefki|[miss]\n|-miss|p1a: Moltres|p2a: Klefki\n|\n|-heal|p2a: Klefki|29\/100|[from] item: Leftovers\n|upkeep\n|turn|18\n|inactive|8daniel8 has 120 seconds left.\n|\n|t:|1700608040\n|move|p2a: Klefki|Calm Mind|p2a: Klefki\n|-boost|p2a: Klefki|spa|1\n|-boost|p2a: Klefki|spd|1\n|move|p1a: Moltres|Hurricane|p2a: Klefki\n|-damage|p2a: Klefki|4\/100\n|\n|-heal|p2a: Klefki|10\/100|[from] item: Leftovers\n|upkeep\n|turn|19\n|\n|t:|1700608050\n|move|p1a: Moltres|Flamethrower|p2a: Klefki\n|-resisted|p2a: Klefki\n|-crit|p2a: Klefki\n|-damage|p2a: Klefki|0 fnt\n|faint|p2a: Klefki\n|\n|upkeep\n|\n|t:|1700608057\n|switch|p2a: Toxapex|Toxapex, M|100\/100\n|-damage|p2a: Toxapex|88\/100|[from] Stealth Rock\n|turn|20\n|\n|t:|1700608068\n|move|p1a: Moltres|Hurricane|p2a: Toxapex|[miss]\n|-miss|p1a: Moltres|p2a: Toxapex\n|move|p2a: Toxapex|Chilling Water|p1a: Moltres\n|-supereffective|p1a: Moltres\n|-damage|p1a: Moltres|84\/100\n|-unboost|p1a: Moltres|atk|1\n|\n|-heal|p2a: Toxapex|94\/100|[from] item: Black Sludge\n|upkeep\n|turn|21\n|\n|t:|1700608087\n|move|p1a: Moltres|Hurricane|p2a: Toxapex|[miss]\n|-miss|p1a: Moltres|p2a: Toxapex\n|move|p2a: Toxapex|Toxic Spikes|p1a: Moltres\n|-sidestart|p1: elmagodelpapiss|move: Toxic Spikes\n|\n|-heal|p2a: Toxapex|100\/100|[from] item: Black Sludge\n|upkeep\n|turn|22\n|\n|t:|1700608095\n|move|p1a: Moltres|Hurricane|p2a: Toxapex|[miss]\n|-miss|p1a: Moltres|p2a: Toxapex\n|move|p2a: Toxapex|Chilling Water|p1a: Moltres\n|-supereffective|p1a: Moltres\n|-damage|p1a: Moltres|70\/100\n|-unboost|p1a: Moltres|atk|1\n|\n|upkeep\n|turn|23\n|\n|t:|1700608103\n|move|p1a: Moltres|Hurricane|p2a: Toxapex|[miss]\n|-miss|p1a: Moltres|p2a: Toxapex\n|move|p2a: Toxapex|Chilling Water|p1a: Moltres\n|-supereffective|p1a: Moltres\n|-damage|p1a: Moltres|54\/100\n|-unboost|p1a: Moltres|atk|1\n|\n|upkeep\n|turn|24\n|\n|t:|1700608111\n|move|p1a: Moltres|Roost|p1a: Moltres\n|-heal|p1a: Moltres|100\/100\n|-singleturn|p1a: Moltres|move: Roost\n|move|p2a: Toxapex|Chilling Water|p1a: Moltres\n|-supereffective|p1a: Moltres\n|-damage|p1a: Moltres|85\/100\n|-unboost|p1a: Moltres|atk|1\n|\n|upkeep\n|turn|25\n|\n|t:|1700608120\n|move|p1a: Moltres|Will-O-Wisp|p2a: Toxapex\n|-status|p2a: Toxapex|brn\n|move|p2a: Toxapex|Chilling Water|p1a: Moltres\n|-supereffective|p1a: Moltres\n|-damage|p1a: Moltres|69\/100\n|-unboost|p1a: Moltres|atk|1\n|\n|-damage|p2a: Toxapex|94\/100 brn|[from] brn\n|upkeep\n|turn|26\n|\n|t:|1700608132\n|move|p1a: Moltres|Hurricane|p2a: Toxapex\n|-damage|p2a: Toxapex|64\/100 brn\n|move|p2a: Toxapex|Chilling Water|p1a: Moltres\n|-supereffective|p1a: Moltres\n|-damage|p1a: Moltres|53\/100\n|-unboost|p1a: Moltres|atk|1\n|\n|-heal|p2a: Toxapex|70\/100 brn|[from] item: Black Sludge\n|-damage|p2a: Toxapex|64\/100 brn|[from] brn\n|upkeep\n|turn|27\n|\n|t:|1700608145\n|switch|p2a: Wo-Chien|Wo-Chien|100\/100\n|-damage|p2a: Wo-Chien|88\/100|[from] Stealth Rock\n|-ability|p2a: Wo-Chien|Tablets of Ruin\n|move|p1a: Moltres|Hurricane|p2a: Wo-Chien\n|-supereffective|p2a: Wo-Chien\n|-damage|p2a: Wo-Chien|18\/100\n|\n|-heal|p2a: Wo-Chien|24\/100|[from] item: Leftovers\n|upkeep\n|turn|28\n|\n|t:|1700608156\n|move|p2a: Wo-Chien|Protect|p2a: Wo-Chien\n|-singleturn|p2a: Wo-Chien|Protect\n|move|p1a: Moltres|Flamethrower|p2a: Wo-Chien\n|-activate|p2a: Wo-Chien|move: Protect\n|\n|-heal|p2a: Wo-Chien|30\/100|[from] item: Leftovers\n|upkeep\n|turn|29\n|\n|t:|1700608165\n|move|p1a: Moltres|Hurricane|p2a: Wo-Chien\n|-supereffective|p2a: Wo-Chien\n|-damage|p2a: Wo-Chien|0 fnt\n|faint|p2a: Wo-Chien\n|\n|upkeep\n|-message|8daniel8 forfeited.\n|\n|win|elmagodelpapiss\n|raw|elmagodelpapiss's rating: 1553 &rarr; <strong>1574<\/strong><br \/>(+21 for winning)\n|raw|8daniel8's rating: 1569 &rarr; <strong>1548<\/strong><br \/>(-21 for losing)\n|l|\u26068daniel8\n","uploadtime":1700608185,"views":17,"p1id":"elmagodelpapiss","p2id":"8daniel8","formatid":"gen9ou","rating":1548,"private":0,"password":""}