{"id":"gen9ou-1988742682","p1":"Kuky pop","p2":"gholdengo=rat","format":"[Gen 9] OU","log":"|j|\u2606Kuky pop\n|j|\u2606gholdengo=rat\n|t:|1699757399\n|gametype|singles\n|player|p1|Kuky pop|grimsley|1227\n|player|p2|gholdengo=rat|riley|1234\n|teamsize|p1|6\n|teamsize|p2|6\n|gen|9\n|tier|[Gen 9] OU\n|rated|\n|rule|Sleep Clause Mod: Limit one foe put to sleep\n|rule|Species Clause: Limit one of each Pok\u00e9mon\n|rule|OHKO Clause: OHKO moves are banned\n|rule|Evasion Items Clause: Evasion items are banned\n|rule|Evasion Moves Clause: Evasion moves are banned\n|rule|Endless Battle Clause: Forcing endless battles is banned\n|rule|HP Percentage Mod: HP is shown in percentages\n|clearpoke\n|poke|p1|Ribombee, M|\n|poke|p1|Iron Moth|\n|poke|p1|Gliscor, F|\n|poke|p1|Quaquaval, M|\n|poke|p1|Ogerpon-Cornerstone, F|\n|poke|p1|Great Tusk|\n|poke|p2|Moltres-Galar|\n|poke|p2|Ceruledge, F|\n|poke|p2|Rotom-Wash|\n|poke|p2|Kingambit, M|\n|poke|p2|Landorus-Therian, M|\n|poke|p2|Gliscor, F|\n|teampreview\n|\n|t:|1699757412\n|start\n|switch|p1a: Pinky|Ribombee, M, shiny|100\/100\n|switch|p2a: Gliscor|Gliscor, F|100\/100\n|turn|1\n|inactive|Battle timer is ON: inactive players will automatically lose when time's up. (requested by Kuky pop)\n|\n|t:|1699757420\n|move|p1a: Pinky|Sticky Web|p2a: Gliscor\n|-sidestart|p2: gholdengo=rat|move: Sticky Web\n|move|p2a: Gliscor|Stealth Rock|p1a: Pinky\n|-sidestart|p1: Kuky pop|move: Stealth Rock\n|\n|-status|p2a: Gliscor|tox|[from] item: Toxic Orb\n|upkeep\n|turn|2\n|\n|t:|1699757441\n|switch|p1a: Carnival|Quaquaval, M|100\/100\n|-damage|p1a: Carnival|94\/100|[from] Stealth Rock\n|move|p2a: Gliscor|Toxic|p1a: Carnival\n|-status|p1a: Carnival|tox\n|\n|-damage|p1a: Carnival|88\/100 tox|[from] psn\n|upkeep\n|turn|3\n|\n|t:|1699757451\n|move|p1a: Carnival|Ice Spinner|p2a: Gliscor\n|-supereffective|p2a: Gliscor\n|-damage|p2a: Gliscor|0 fnt\n|faint|p2a: Gliscor\n|-ability|p1a: Carnival|Moxie|boost\n|-boost|p1a: Carnival|atk|1\n|\n|-damage|p1a: Carnival|76\/100 tox|[from] psn\n|upkeep\n|\n|t:|1699757457\n|switch|p2a: Rotom|Rotom-Wash|100\/100\n|turn|4\n|\n|t:|1699757467\n|switch|p1a: Pebbles|Ogerpon-Cornerstone, F|100\/100\n|-damage|p1a: Pebbles|88\/100|[from] Stealth Rock\n|move|p2a: Rotom|Hydro Pump|p1a: Pebbles|[miss]\n|-miss|p2a: Rotom|p1a: Pebbles\n|\n|upkeep\n|turn|5\n|\n|t:|1699757477\n|move|p1a: Pebbles|Horn Leech|p2a: Rotom\n|-supereffective|p2a: Rotom\n|-damage|p2a: Rotom|11\/100\n|-heal|p1a: Pebbles|100\/100|[from] drain|[of] p2a: Rotom\n|move|p2a: Rotom|Hydro Pump|p1a: Pebbles\n|-damage|p1a: Pebbles|39\/100\n|\n|-heal|p2a: Rotom|17\/100|[from] item: Leftovers\n|upkeep\n|turn|6\n|\n|t:|1699757487\n|switch|p2a: Ceruledge|Ceruledge, F|100\/100\n|move|p1a: Pebbles|Horn Leech|p2a: Ceruledge\n|-resisted|p2a: Ceruledge\n|-damage|p2a: Ceruledge|68\/100\n|-heal|p1a: Pebbles|55\/100|[from] drain|[of] p2a: Ceruledge\n|-ability|p2a: Ceruledge|Weak Armor|boost\n|-unboost|p2a: Ceruledge|def|1\n|-boost|p2a: Ceruledge|spe|2\n|\n|upkeep\n|turn|7\n|\n|t:|1699757499\n|move|p2a: Ceruledge|Bitter Blade|p1a: Pebbles\n|-damage|p1a: Pebbles|0 fnt\n|-heal|p2a: Ceruledge|96\/100|[from] drain|[of] p1a: Pebbles\n|faint|p1a: Pebbles\n|\n|upkeep\n|\n|t:|1699757516\n|switch|p1a: Mammo|Great Tusk|100\/100\n|-damage|p1a: Mammo|98\/100|[from] Stealth Rock\n|turn|8\n|\n|t:|1699757522\n|switch|p2a: Rotom|Rotom-Wash|17\/100\n|move|p1a: Mammo|Headlong Rush|p2a: Rotom\n|-immune|p2a: Rotom|[from] ability: Levitate\n|\n|-heal|p2a: Rotom|24\/100|[from] item: Leftovers\n|upkeep\n|turn|9\n|\n|t:|1699757531\n|-end|p1a: Mammo|Protosynthesis|[silent]\n|switch|p1a: Carnival|Quaquaval, M|76\/100 tox\n|-damage|p1a: Carnival|70\/100 tox|[from] Stealth Rock\n|move|p2a: Rotom|Hydro Pump|p1a: Carnival\n|-resisted|p1a: Carnival\n|-damage|p1a: Carnival|32\/100 tox\n|\n|-heal|p2a: Rotom|30\/100|[from] item: Leftovers\n|-damage|p1a: Carnival|26\/100 tox|[from] psn\n|upkeep\n|turn|10\n|\n|t:|1699757541\n|move|p1a: Carnival|Close Combat|p2a: Rotom\n|-damage|p2a: Rotom|0 fnt\n|-unboost|p1a: Carnival|def|1\n|-unboost|p1a: Carnival|spd|1\n|faint|p2a: Rotom\n|-ability|p1a: Carnival|Moxie|boost\n|-boost|p1a: Carnival|atk|1\n|\n|-damage|p1a: Carnival|14\/100 tox|[from] psn\n|upkeep\n|\n|t:|1699757544\n|switch|p2a: Ceruledge|Ceruledge, F|96\/100\n|turn|11\n|\n|t:|1699757553\n|switch|p1a: Scorpio|Gliscor, F, shiny|100\/100\n|-damage|p1a: Scorpio|88\/100|[from] Stealth Rock\n|move|p2a: Ceruledge|Shadow Sneak|p1a: Scorpio\n|-damage|p1a: Scorpio|66\/100\n|\n|-status|p1a: Scorpio|tox|[from] item: Toxic Orb\n|upkeep\n|turn|12\n|\n|t:|1699757567\n|move|p1a: Scorpio|Knock Off|p2a: Ceruledge\n|-supereffective|p2a: Ceruledge\n|-damage|p2a: Ceruledge|31\/100\n|-ability|p2a: Ceruledge|Weak Armor|boost\n|-unboost|p2a: Ceruledge|def|1\n|-boost|p2a: Ceruledge|spe|2\n|-enditem|p2a: Ceruledge|Heavy-Duty Boots|[from] move: Knock Off|[of] p1a: Scorpio\n|move|p2a: Ceruledge|Swords Dance|p2a: Ceruledge\n|-boost|p2a: Ceruledge|atk|2\n|\n|-heal|p1a: Scorpio|79\/100 tox|[from] ability: Poison Heal\n|upkeep\n|turn|13\n|\n|t:|1699757576\n|move|p2a: Ceruledge|Bitter Blade|p1a: Scorpio\n|-damage|p1a: Scorpio|0 fnt\n|-heal|p2a: Ceruledge|70\/100|[from] drain|[of] p1a: Scorpio\n|faint|p1a: Scorpio\n|\n|upkeep\n|\n|t:|1699757583\n|switch|p1a: Solar|Iron Moth|100\/100\n|-damage|p1a: Solar|76\/100|[from] Stealth Rock\n|-enditem|p1a: Solar|Booster Energy\n|-activate|p1a: Solar|ability: Quark Drive|[fromitem]\n|-start|p1a: Solar|quarkdrivespa\n|turn|14\n|\n|t:|1699757590\n|move|p2a: Ceruledge|Destiny Bond|p2a: Ceruledge\n|-singlemove|p2a: Ceruledge|Destiny Bond\n|move|p1a: Solar|Discharge|p2a: Ceruledge\n|-damage|p2a: Ceruledge|24\/100\n|-status|p2a: Ceruledge|par\n|\n|upkeep\n|turn|15\n|\n|t:|1699757605\n|move|p2a: Ceruledge|Shadow Sneak|p1a: Solar\n|-damage|p1a: Solar|5\/100\n|move|p1a: Solar|Discharge|p2a: Ceruledge\n|-damage|p2a: Ceruledge|0 fnt\n|faint|p2a: Ceruledge\n|\n|upkeep\n|\n|t:|1699757611\n|switch|p2a: Landorus|Landorus-Therian, M|100\/100\n|-ability|p2a: Landorus|Intimidate|boost\n|-unboost|p1a: Solar|atk|1\n|turn|16\n|\n|t:|1699757621\n|move|p1a: Solar|Flamethrower|p2a: Landorus\n|-damage|p2a: Landorus|25\/100\n|move|p2a: Landorus|Rock Slide|p1a: Solar\n|-supereffective|p1a: Solar\n|-damage|p1a: Solar|0 fnt\n|faint|p1a: Solar\n|-end|p1a: Solar|Quark Drive|[silent]\n|\n|upkeep\n|\n|t:|1699757631\n|switch|p1a: Pinky|Ribombee, M, shiny|100\/100\n|-damage|p1a: Pinky|76\/100|[from] Stealth Rock\n|turn|17\n|\n|t:|1699757636\n|move|p1a: Pinky|Moonblast|p2a: Landorus\n|-damage|p2a: Landorus|0 fnt\n|faint|p2a: Landorus\n|\n|upkeep\n|\n|t:|1699757639\n|switch|p2a: Moltres|Moltres-Galar|100\/100\n|turn|18\n|\n|t:|1699757645\n|-terastallize|p2a: Moltres|Flying\n|move|p1a: Pinky|Moonblast|p2a: Moltres\n|-damage|p2a: Moltres|65\/100\n|-unboost|p2a: Moltres|spa|1\n|move|p2a: Moltres|Tailwind|p2a: Moltres\n|-sidestart|p2: gholdengo=rat|move: Tailwind\n|\n|upkeep\n|turn|19\n|\n|t:|1699757656\n|move|p2a: Moltres|Air Slash|p1a: Pinky\n|-supereffective|p1a: Pinky\n|-damage|p1a: Pinky|0 fnt\n|faint|p1a: Pinky\n|\n|upkeep\n|\n|t:|1699757664\n|switch|p1a: Carnival|Quaquaval, M|14\/100 tox\n|-damage|p1a: Carnival|8\/100 tox|[from] Stealth Rock\n|turn|20\n|\n|t:|1699757673\n|move|p2a: Moltres|Air Slash|p1a: Carnival\n|-supereffective|p1a: Carnival\n|-damage|p1a: Carnival|0 fnt\n|faint|p1a: Carnival\n|\n|upkeep\n|\n|t:|1699757682\n|switch|p1a: Mammo|Great Tusk|98\/100\n|-damage|p1a: Mammo|95\/100|[from] Stealth Rock\n|turn|21\n|\n|t:|1699757685\n|move|p2a: Moltres|Air Slash|p1a: Mammo\n|-supereffective|p1a: Mammo\n|-damage|p1a: Mammo|34\/100\n|move|p1a: Mammo|Stone Edge|p2a: Moltres\n|-supereffective|p2a: Moltres\n|-damage|p2a: Moltres|0 fnt\n|faint|p2a: Moltres\n|\n|-sideend|p2: gholdengo=rat|move: Tailwind\n|upkeep\n|\n|t:|1699757691\n|switch|p2a: Kingambit|Kingambit, M|100\/100\n|-activate|p2a: Kingambit|move: Sticky Web\n|-unboost|p2a: Kingambit|spe|1\n|-activate|p2a: Kingambit|ability: Supreme Overlord\n|-start|p2a: Kingambit|fallen5|[silent]\n|turn|22\n|\n|t:|1699757715\n|move|p1a: Mammo|Close Combat|p2a: Kingambit\n|-supereffective|p2a: Kingambit\n|-damage|p2a: Kingambit|0 fnt\n|-unboost|p1a: Mammo|def|1\n|-unboost|p1a: Mammo|spd|1\n|faint|p2a: Kingambit\n|-end|p2a: Kingambit|fallen5|[silent]\n|\n|win|Kuky pop\n|raw|Kuky pop's rating: 1227 &rarr; <strong>1253<\/strong><br \/>(+26 for winning)\n|raw|gholdengo=rat's rating: 1234 &rarr; <strong>1208<\/strong><br \/>(-26 for losing)\n|l|\u2606gholdengo=rat\n","uploadtime":1699757741,"views":14,"p1id":"kukypop","p2id":"gholdengorat","formatid":"gen9ou","rating":1208,"private":0,"password":""}