{"id":"gen9ou-1999447840","p1":"fredu18","p2":"eelektrik funeral","format":"[Gen 9] OU","log":"|j|\u2606fredu18\n|j|\u2606eelektrik funeral\n|t:|1701082076\n|gametype|singles\n|player|p1|fredu18|richboy-gen4|1321\n|player|p2|eelektrik funeral|workerice|1420\n|teamsize|p1|6\n|teamsize|p2|6\n|gen|9\n|tier|[Gen 9] OU\n|rated|\n|rule|Sleep Clause Mod: Limit one foe put to sleep\n|rule|Species Clause: Limit one of each Pok\u00e9mon\n|rule|OHKO Clause: OHKO moves are banned\n|rule|Evasion Items Clause: Evasion items are banned\n|rule|Evasion Moves Clause: Evasion moves are banned\n|rule|Endless Battle Clause: Forcing endless battles is banned\n|rule|HP Percentage Mod: HP is shown in percentages\n|clearpoke\n|poke|p1|Landorus-Therian, M|\n|poke|p1|Heatran, F|\n|poke|p1|Walking Wake|\n|poke|p1|Zapdos|\n|poke|p1|Scizor, M|\n|poke|p1|Garchomp, M|\n|poke|p2|Arboliva, F|\n|poke|p2|Armarouge, M|\n|poke|p2|Goodra-Hisui, M|\n|poke|p2|Great Tusk|\n|poke|p2|Indeedee, M|\n|poke|p2|Torkoal, F|\n|teampreview\n|\n|t:|1701082106\n|start\n|switch|p1a: Garchomp|Garchomp, M|100\/100\n|switch|p2a: Hips Don\u2019t Lie|Indeedee, M|100\/100\n|-fieldstart|move: Psychic Terrain|[from] ability: Psychic Surge|[of] p2a: Hips Don\u2019t Lie\n|turn|1\n|\n|t:|1701082120\n|switch|p2a: Speed Racer MK II|Torkoal, F|100\/100\n|-weather|SunnyDay|[from] ability: Drought|[of] p2a: Speed Racer MK II\n|move|p1a: Garchomp|Scale Shot|p2a: Speed Racer MK II\n|-damage|p2a: Speed Racer MK II|91\/100\n|-damage|p2a: Speed Racer MK II|82\/100\n|-damage|p2a: Speed Racer MK II|71\/100\n|-damage|p2a: Speed Racer MK II|62\/100\n|-hitcount|p2a: Speed Racer MK II|4\n|-unboost|p1a: Garchomp|def|1\n|-boost|p1a: Garchomp|spe|1\n|\n|-weather|SunnyDay|[upkeep]\n|upkeep\n|turn|2\n|\n|t:|1701082138\n|switch|p2a: Lucky Charms|Great Tusk|100\/100\n|-activate|p2a: Lucky Charms|ability: Protosynthesis\n|-start|p2a: Lucky Charms|protosynthesisatk\n|move|p1a: Garchomp|Earthquake|p2a: Lucky Charms\n|-damage|p2a: Lucky Charms|72\/100\n|\n|-weather|SunnyDay|[upkeep]\n|upkeep\n|turn|3\n|\n|t:|1701082148\n|switch|p1a: Zapdos|Zapdos|100\/100\n|move|p2a: Lucky Charms|Play Rough|p1a: Zapdos\n|-damage|p1a: Zapdos|59\/100\n|\n|-weather|SunnyDay|[upkeep]\n|upkeep\n|turn|4\n|\n|t:|1701082157\n|-terastallize|p2a: Lucky Charms|Fairy\n|move|p1a: Zapdos|Hurricane|p2a: Lucky Charms|[miss]\n|-miss|p1a: Zapdos|p2a: Lucky Charms\n|move|p2a: Lucky Charms|Play Rough|p1a: Zapdos\n|-damage|p1a: Zapdos|2\/100\n|\n|-weather|SunnyDay|[upkeep]\n|upkeep\n|turn|5\n|\n|t:|1701082166\n|move|p1a: Zapdos|Hurricane|p2a: Lucky Charms\n|-damage|p2a: Lucky Charms|0 fnt\n|faint|p2a: Lucky Charms\n|-end|p2a: Lucky Charms|Protosynthesis|[silent]\n|\n|-weather|SunnyDay|[upkeep]\n|upkeep\n|\n|t:|1701082172\n|switch|p2a: Popeye\u2019s Wife|Arboliva, F|100\/100\n|turn|6\n|\n|t:|1701082186\n|move|p1a: Zapdos|Roost|p1a: Zapdos\n|-heal|p1a: Zapdos|52\/100\n|-singleturn|p1a: Zapdos|move: Roost\n|move|p2a: Popeye\u2019s Wife|Substitute|p2a: Popeye\u2019s Wife\n|-start|p2a: Popeye\u2019s Wife|Substitute\n|-damage|p2a: Popeye\u2019s Wife|75\/100\n|\n|-weather|SunnyDay|[upkeep]\n|upkeep\n|turn|7\n|\n|t:|1701082195\n|move|p1a: Zapdos|Roost|p1a: Zapdos\n|-heal|p1a: Zapdos|100\/100\n|-singleturn|p1a: Zapdos|move: Roost\n|move|p2a: Popeye\u2019s Wife|Growth|p2a: Popeye\u2019s Wife\n|-boost|p2a: Popeye\u2019s Wife|atk|2\n|-boost|p2a: Popeye\u2019s Wife|spa|2\n|\n|-weather|SunnyDay|[upkeep]\n|upkeep\n|turn|8\n|\n|t:|1701082204\n|move|p1a: Zapdos|Hurricane|p2a: Popeye\u2019s Wife|[miss]\n|-miss|p1a: Zapdos|p2a: Popeye\u2019s Wife\n|move|p2a: Popeye\u2019s Wife|Tera Blast|p1a: Zapdos\n|-damage|p1a: Zapdos|16\/100\n|\n|-weather|none\n|-fieldend|move: Psychic Terrain\n|upkeep\n|turn|9\n|\n|t:|1701082223\n|switch|p1a: Landorus|Landorus-Therian, M|100\/100\n|-ability|p1a: Landorus|Intimidate|boost\n|-immune|p2a: Popeye\u2019s Wife\n|move|p2a: Popeye\u2019s Wife|Tera Blast|p1a: Landorus\n|-damage|p1a: Landorus|0 fnt\n|faint|p1a: Landorus\n|\n|upkeep\n|\n|t:|1701082238\n|switch|p1a: Heatran|Heatran, F|100\/100\n|-item|p1a: Heatran|Air Balloon\n|turn|10\n|\n|t:|1701082245\n|move|p2a: Popeye\u2019s Wife|Tera Blast|p1a: Heatran\n|-resisted|p1a: Heatran\n|-damage|p1a: Heatran|67\/100\n|-enditem|p1a: Heatran|Air Balloon\n|move|p1a: Heatran|Magma Storm|p2a: Popeye\u2019s Wife|[miss]\n|-miss|p1a: Heatran|p2a: Popeye\u2019s Wife\n|\n|upkeep\n|turn|11\n|\n|t:|1701082254\n|move|p2a: Popeye\u2019s Wife|Tera Blast|p1a: Heatran\n|-resisted|p1a: Heatran\n|-damage|p1a: Heatran|32\/100\n|move|p1a: Heatran|Magma Storm|p2a: Popeye\u2019s Wife\n|-supereffective|p2a: Popeye\u2019s Wife\n|-end|p2a: Popeye\u2019s Wife|Substitute\n|\n|upkeep\n|turn|12\n|\n|t:|1701082262\n|move|p2a: Popeye\u2019s Wife|Tera Blast|p1a: Heatran\n|-resisted|p1a: Heatran\n|-damage|p1a: Heatran|0 fnt\n|faint|p1a: Heatran\n|\n|upkeep\n|\n|t:|1701082271\n|switch|p1a: Scizor|Scizor, M|100\/100\n|turn|13\n|\n|t:|1701082276\n|switch|p2a: Speed Racer MK II|Torkoal, F|62\/100\n|-weather|SunnyDay|[from] ability: Drought|[of] p2a: Speed Racer MK II\n|move|p1a: Scizor|Close Combat|p2a: Speed Racer MK II\n|-damage|p2a: Speed Racer MK II|17\/100\n|-unboost|p1a: Scizor|def|1\n|-unboost|p1a: Scizor|spd|1\n|-damage|p1a: Scizor|91\/100|[from] item: Life Orb\n|\n|-weather|SunnyDay|[upkeep]\n|upkeep\n|turn|14\n|\n|t:|1701082287\n|move|p1a: Scizor|Close Combat|p2a: Speed Racer MK II\n|-damage|p2a: Speed Racer MK II|0 fnt\n|-unboost|p1a: Scizor|def|1\n|-unboost|p1a: Scizor|spd|1\n|faint|p2a: Speed Racer MK II\n|-damage|p1a: Scizor|81\/100|[from] item: Life Orb\n|\n|-weather|SunnyDay|[upkeep]\n|upkeep\n|\n|t:|1701082295\n|switch|p2a: Hips Don\u2019t Lie|Indeedee, M|100\/100\n|-fieldstart|move: Psychic Terrain|[from] ability: Psychic Surge|[of] p2a: Hips Don\u2019t Lie\n|turn|15\n|\n|t:|1701082306\n|switch|p2a: Knightman Cometh|Armarouge, M|100\/100\n|switch|p1a: Zapdos|Zapdos|16\/100\n|\n|-weather|SunnyDay|[upkeep]\n|upkeep\n|turn|16\n|\n|t:|1701082313\n|move|p2a: Knightman Cometh|Expanding Force|p1a: Zapdos\n|-damage|p1a: Zapdos|0 fnt\n|faint|p1a: Zapdos\n|\n|-weather|SunnyDay|[upkeep]\n|upkeep\n|\n|t:|1701082322\n|switch|p1a: Walking Wake|Walking Wake|100\/100\n|-activate|p1a: Walking Wake|ability: Protosynthesis\n|-start|p1a: Walking Wake|protosynthesisspe\n|turn|17\n|\n|t:|1701082327\n|move|p1a: Walking Wake|Hydro Steam|p2a: Knightman Cometh\n|-supereffective|p2a: Knightman Cometh\n|-enditem|p2a: Knightman Cometh|Focus Sash\n|-damage|p2a: Knightman Cometh|1\/100\n|move|p2a: Knightman Cometh|Expanding Force|p1a: Walking Wake\n|-damage|p1a: Walking Wake|0 fnt\n|faint|p1a: Walking Wake\n|-end|p1a: Walking Wake|Protosynthesis|[silent]\n|\n|-weather|SunnyDay|[upkeep]\n|upkeep\n|\n|t:|1701082338\n|switch|p1a: Scizor|Scizor, M|81\/100\n|turn|18\n|\n|t:|1701082341\n|move|p2a: Knightman Cometh|Endure|p2a: Knightman Cometh\n|-singleturn|p2a: Knightman Cometh|move: Endure\n|move|p1a: Scizor|Bullet Punch|p2a: Knightman Cometh\n|-activate|p2a: Knightman Cometh|move: Psychic Terrain\n|\n|-weather|SunnyDay|[upkeep]\n|upkeep\n|turn|19\n|\n|t:|1701082348\n|move|p1a: Scizor|Bullet Punch|p2a: Knightman Cometh\n|-activate|p2a: Knightman Cometh|move: Psychic Terrain\n|move|p2a: Knightman Cometh|Armor Cannon|p1a: Scizor\n|-supereffective|p1a: Scizor\n|-damage|p1a: Scizor|0 fnt\n|-unboost|p2a: Knightman Cometh|def|1\n|-unboost|p2a: Knightman Cometh|spd|1\n|faint|p1a: Scizor\n|\n|-weather|SunnyDay|[upkeep]\n|upkeep\n|\n|t:|1701082362\n|switch|p1a: Garchomp|Garchomp, M|100\/100\n|turn|20\n|\n|t:|1701082370\n|move|p2a: Knightman Cometh|Endure|p2a: Knightman Cometh\n|-singleturn|p2a: Knightman Cometh|move: Endure\n|move|p1a: Garchomp|Earthquake|p2a: Knightman Cometh\n|-supereffective|p2a: Knightman Cometh\n|-activate|p2a: Knightman Cometh|move: Endure\n|-damage|p2a: Knightman Cometh|1\/100\n|-ability|p2a: Knightman Cometh|Weak Armor|boost\n|-unboost|p2a: Knightman Cometh|def|1\n|-boost|p2a: Knightman Cometh|spe|2\n|\n|-weather|none\n|upkeep\n|turn|21\n|\n|t:|1701082382\n|move|p2a: Knightman Cometh|Expanding Force|p1a: Garchomp\n|-damage|p1a: Garchomp|6\/100\n|move|p1a: Garchomp|Scale Shot|p2a: Knightman Cometh\n|-damage|p2a: Knightman Cometh|0 fnt\n|faint|p2a: Knightman Cometh\n|-hitcount|p2: Knightman Cometh|1\n|-unboost|p1a: Garchomp|def|1\n|-boost|p1a: Garchomp|spe|1\n|\n|upkeep\n|\n|t:|1701082389\n|switch|p2a: Popeye\u2019s Wife|Arboliva, F|75\/100\n|turn|22\n|\n|t:|1701082401\n|move|p1a: Garchomp|Scale Shot|p2a: Popeye\u2019s Wife\n|-damage|p2a: Popeye\u2019s Wife|58\/100\n|-damage|p2a: Popeye\u2019s Wife|42\/100\n|-damage|p2a: Popeye\u2019s Wife|25\/100\n|-enditem|p2a: Popeye\u2019s Wife|Salac Berry|[eat]\n|-boost|p2a: Popeye\u2019s Wife|spe|1|[from] item: Salac Berry\n|-damage|p2a: Popeye\u2019s Wife|8\/100\n|-hitcount|p2a: Popeye\u2019s Wife|4\n|-unboost|p1a: Garchomp|def|1\n|-boost|p1a: Garchomp|spe|1\n|move|p2a: Popeye\u2019s Wife|Giga Drain|p1a: Garchomp\n|-damage|p1a: Garchomp|0 fnt\n|-heal|p2a: Popeye\u2019s Wife|12\/100|[from] drain|[of] p1a: Garchomp\n|faint|p1a: Garchomp\n|\n|win|eelektrik funeral\n|raw|fredu18's rating: 1321 &rarr; <strong>1307<\/strong><br \/>(-14 for losing)\n|raw|eelektrik funeral's rating: 1420 &rarr; <strong>1434<\/strong><br \/>(+14 for winning)\n|c|\u2606eelektrik funeral|gg\n|l|\u2606fredu18\n","uploadtime":1701082423,"views":16,"p1id":"fredu18","p2id":"eelektrikfuneral","formatid":"gen9ou","rating":1307,"private":0,"password":""}