{"id":"gen9ou-1989476738","p1":"1colour","p2":"96kBlue_Dreamer","format":"[Gen 9] OU","log":"|j|\u26061colour\n|j|\u260696kBlue_Dreamer\n|t:|1699856825\n|gametype|singles\n|player|p1|1colour|scientist-gen4dp|1298\n|player|p2|96kBlue_Dreamer|iono|1345\n|teamsize|p1|6\n|teamsize|p2|6\n|gen|9\n|tier|[Gen 9] OU\n|rated|\n|rule|Sleep Clause Mod: Limit one foe put to sleep\n|rule|Species Clause: Limit one of each Pok\u00e9mon\n|rule|OHKO Clause: OHKO moves are banned\n|rule|Evasion Items Clause: Evasion items are banned\n|rule|Evasion Moves Clause: Evasion moves are banned\n|rule|Endless Battle Clause: Forcing endless battles is banned\n|rule|HP Percentage Mod: HP is shown in percentages\n|clearpoke\n|poke|p1|Indeedee-F, F|\n|poke|p1|Tauros-Paldea-Blaze, M|\n|poke|p1|Hawlucha, M|\n|poke|p1|Braviary-Hisui, M|\n|poke|p1|Corviknight, M|\n|poke|p1|Hippowdon, F|\n|poke|p2|Cinderace, M|\n|poke|p2|Toxapex, M|\n|poke|p2|Great Tusk|\n|poke|p2|Kingambit, M|\n|poke|p2|Rillaboom, M|\n|poke|p2|Ogerpon-Wellspring, F|\n|teampreview\n|inactive|Battle timer is ON: inactive players will automatically lose when time's up. (requested by 96kBlue_Dreamer)\n|\n|t:|1699856840\n|start\n|switch|p1a: Indeedee|Indeedee-F, F|100\/100\n|switch|p2a: Cinderace|Cinderace, M|100\/100\n|-fieldstart|move: Psychic Terrain|[from] ability: Psychic Surge|[of] p1a: Indeedee\n|turn|1\n|\n|t:|1699856853\n|switch|p1a: Hippowdon|Hippowdon, F|100\/100\n|-weather|Sandstorm|[from] ability: Sand Stream|[of] p1a: Hippowdon\n|move|p2a: Cinderace|U-turn|p1a: Hippowdon\n|-start|p2a: Cinderace|typechange|Bug|[from] ability: Libero\n|-damage|p1a: Hippowdon|78\/100\n|-damage|p2a: Cinderace|84\/100|[from] item: Rocky Helmet|[of] p1a: Hippowdon\n|-damage|p2a: Cinderace|74\/100|[from] item: Life Orb\n|\n|t:|1699856863\n|switch|p2a: Ogerpon|Ogerpon-Wellspring, F|100\/100|[from] U-turn\n|\n|-weather|Sandstorm|[upkeep]\n|-damage|p2a: Ogerpon|95\/100|[from] Sandstorm\n|upkeep\n|turn|2\n|\n|t:|1699856894\n|move|p2a: Ogerpon|Ivy Cudgel|p1a: Hippowdon\n|-supereffective|p1a: Hippowdon\n|-damage|p1a: Hippowdon|10\/100\n|move|p1a: Hippowdon|Stealth Rock|p2a: Ogerpon\n|-sidestart|p2: 96kBlue_Dreamer|move: Stealth Rock\n|\n|-weather|Sandstorm|[upkeep]\n|-damage|p2a: Ogerpon|89\/100|[from] Sandstorm\n|upkeep\n|turn|3\n|\n|t:|1699856900\n|move|p2a: Ogerpon|Ivy Cudgel|p1a: Hippowdon\n|-supereffective|p1a: Hippowdon\n|-crit|p1a: Hippowdon\n|-damage|p1a: Hippowdon|0 fnt\n|faint|p1a: Hippowdon\n|\n|-weather|Sandstorm|[upkeep]\n|-damage|p2a: Ogerpon|83\/100|[from] Sandstorm\n|upkeep\n|\n|t:|1699856905\n|switch|p1a: Hawlucha|Hawlucha, M, shiny|100\/100\n|-enditem|p1a: Hawlucha|Psychic Seed\n|-boost|p1a: Hawlucha|spd|1|[from] item: Psychic Seed\n|turn|4\n|\n|t:|1699856916\n|switch|p2a: Toxapex|Toxapex, M, shiny|100\/100\n|-damage|p2a: Toxapex|88\/100|[from] Stealth Rock\n|move|p1a: Hawlucha|Brave Bird|p2a: Toxapex\n|-damage|p2a: Toxapex|61\/100\n|-damage|p1a: Hawlucha|84\/100|[from] item: Rocky Helmet|[of] p2a: Toxapex\n|-damage|p1a: Hawlucha|75\/100|[from] Recoil\n|\n|-weather|Sandstorm|[upkeep]\n|-damage|p1a: Hawlucha|69\/100|[from] Sandstorm\n|-damage|p2a: Toxapex|55\/100|[from] Sandstorm\n|upkeep\n|turn|5\n|\n|t:|1699856931\n|move|p1a: Hawlucha|Taunt|p2a: Toxapex\n|-start|p2a: Toxapex|move: Taunt\n|cant|p2a: Toxapex|move: Taunt|Recover\n|\n|-weather|none\n|upkeep\n|turn|6\n|\n|t:|1699856935\n|move|p1a: Hawlucha|Swords Dance|p1a: Hawlucha\n|-boost|p1a: Hawlucha|atk|2\n|move|p2a: Toxapex|Icy Wind|p1a: Hawlucha\n|-supereffective|p1a: Hawlucha\n|-damage|p1a: Hawlucha|50\/100\n|-unboost|p1a: Hawlucha|spe|1\n|\n|upkeep\n|turn|7\n|\n|t:|1699856948\n|move|p1a: Hawlucha|Brave Bird|p2a: Toxapex\n|-damage|p2a: Toxapex|0 fnt\n|-damage|p1a: Hawlucha|33\/100|[from] item: Rocky Helmet|[of] p2a: Toxapex\n|faint|p2a: Toxapex\n|-damage|p1a: Hawlucha|15\/100|[from] Recoil\n|\n|upkeep\n|\n|t:|1699856962\n|switch|p2a: Rillaboom|Rillaboom, M, shiny|100\/100\n|-damage|p2a: Rillaboom|88\/100|[from] Stealth Rock\n|-fieldstart|move: Grassy Terrain|[from] ability: Grassy Surge|[of] p2a: Rillaboom\n|-enditem|p2a: Rillaboom|Grassy Seed\n|-boost|p2a: Rillaboom|def|1|[from] item: Grassy Seed\n|turn|8\n|\n|t:|1699856970\n|move|p2a: Rillaboom|Grassy Glide|p1a: Hawlucha\n|-resisted|p1a: Hawlucha\n|-damage|p1a: Hawlucha|0 fnt\n|faint|p1a: Hawlucha\n|\n|-heal|p2a: Rillaboom|94\/100|[from] Grassy Terrain\n|upkeep\n|\n|t:|1699856981\n|switch|p1a: Indeedee|Indeedee-F, F|100\/100\n|-fieldstart|move: Psychic Terrain|[from] ability: Psychic Surge|[of] p1a: Indeedee\n|turn|9\n|\n|t:|1699856986\n|move|p1a: Indeedee|Reflect|p1a: Indeedee\n|-sidestart|p1: 1colour|Reflect\n|move|p2a: Rillaboom|Knock Off|p1a: Indeedee\n|-supereffective|p1a: Indeedee\n|-damage|p1a: Indeedee|54\/100\n|-enditem|p1a: Indeedee|Terrain Extender|[from] move: Knock Off|[of] p2a: Rillaboom\n|\n|upkeep\n|turn|10\n|\n|t:|1699856997\n|move|p1a: Indeedee|Psychic|p2a: Rillaboom\n|-damage|p2a: Rillaboom|39\/100\n|move|p2a: Rillaboom|Acrobatics|p1a: Indeedee\n|-damage|p1a: Indeedee|26\/100\n|\n|upkeep\n|turn|11\n|\n|t:|1699857004\n|switch|p2a: Kingambit|Kingambit, M|100\/100\n|-damage|p2a: Kingambit|94\/100|[from] Stealth Rock\n|-activate|p2a: Kingambit|ability: Supreme Overlord\n|-start|p2a: Kingambit|fallen1|[silent]\n|move|p1a: Indeedee|Psychic|p2a: Kingambit\n|-immune|p2a: Kingambit\n|\n|upkeep\n|turn|12\n|\n|t:|1699857011\n|switch|p1a: Tauros|Tauros-Paldea-Blaze, M|100\/100\n|-ability|p1a: Tauros|Intimidate|boost\n|-unboost|p2a: Kingambit|atk|1\n|move|p2a: Kingambit|Brick Break|p1a: Tauros\n|-sideend|p1: 1colour|Reflect\n|-damage|p1a: Tauros|77\/100\n|\n|upkeep\n|turn|13\n|\n|t:|1699857032\n|-end|p2a: Kingambit|fallen1|[silent]\n|switch|p2a: Rillaboom|Rillaboom, M, shiny|39\/100\n|-damage|p2a: Rillaboom|27\/100|[from] Stealth Rock\n|-fieldstart|move: Grassy Terrain|[from] ability: Grassy Surge|[of] p2a: Rillaboom\n|move|p1a: Tauros|Bulk Up|p1a: Tauros\n|-boost|p1a: Tauros|atk|1\n|-boost|p1a: Tauros|def|1\n|\n|-heal|p1a: Tauros|83\/100|[from] Grassy Terrain\n|-heal|p2a: Rillaboom|33\/100|[from] Grassy Terrain\n|upkeep\n|turn|14\n|\n|t:|1699857049\n|move|p1a: Tauros|Bulk Up|p1a: Tauros\n|-boost|p1a: Tauros|atk|1\n|-boost|p1a: Tauros|def|1\n|move|p2a: Rillaboom|Acrobatics|p1a: Tauros\n|-supereffective|p1a: Tauros\n|-damage|p1a: Tauros|39\/100\n|-enditem|p1a: Tauros|Weakness Policy\n|-boost|p1a: Tauros|atk|2|[from] item: Weakness Policy\n|-boost|p1a: Tauros|spa|2|[from] item: Weakness Policy\n|\n|-heal|p1a: Tauros|45\/100|[from] Grassy Terrain\n|-heal|p2a: Rillaboom|39\/100|[from] Grassy Terrain\n|upkeep\n|turn|15\n|inactive|1colour has 120 seconds left.\n|\n|t:|1699857078\n|move|p1a: Tauros|Bulk Up|p1a: Tauros\n|-boost|p1a: Tauros|atk|1\n|-boost|p1a: Tauros|def|1\n|move|p2a: Rillaboom|Acrobatics|p1a: Tauros\n|-supereffective|p1a: Tauros\n|-damage|p1a: Tauros|8\/100\n|\n|-heal|p1a: Tauros|14\/100|[from] Grassy Terrain\n|-heal|p2a: Rillaboom|45\/100|[from] Grassy Terrain\n|upkeep\n|turn|16\n|inactive|1colour has 120 seconds left.\n|\n|t:|1699857095\n|move|p2a: Rillaboom|Grassy Glide|p1a: Tauros\n|-resisted|p1a: Tauros\n|-damage|p1a: Tauros|6\/100\n|move|p1a: Tauros|Trailblaze|p2a: Rillaboom\n|-resisted|p2a: Rillaboom\n|-damage|p2a: Rillaboom|9\/100\n|-boost|p1a: Tauros|spe|1\n|\n|-heal|p1a: Tauros|12\/100|[from] Grassy Terrain\n|-heal|p2a: Rillaboom|15\/100|[from] Grassy Terrain\n|upkeep\n|turn|17\n|inactive|1colour has 120 seconds left.\n|\n|t:|1699857108\n|move|p2a: Rillaboom|Grassy Glide|p1a: Tauros\n|-resisted|p1a: Tauros\n|-damage|p1a: Tauros|4\/100\n|move|p1a: Tauros|Trailblaze|p2a: Rillaboom\n|-resisted|p2a: Rillaboom\n|-damage|p2a: Rillaboom|0 fnt\n|-boost|p1a: Tauros|spe|1\n|faint|p2a: Rillaboom\n|\n|-heal|p1a: Tauros|10\/100|[from] Grassy Terrain\n|-fieldend|move: Grassy Terrain\n|upkeep\n|\n|t:|1699857120\n|switch|p2a: Cinderace|Cinderace, M|74\/100\n|-damage|p2a: Cinderace|49\/100|[from] Stealth Rock\n|turn|18\n|\n|t:|1699857128\n|move|p2a: Cinderace|Sucker Punch|p1a: Tauros\n|-start|p2a: Cinderace|typechange|Dark|[from] ability: Libero\n|-resisted|p1a: Tauros\n|-damage|p1a: Tauros|1\/100\n|-damage|p2a: Cinderace|39\/100|[from] item: Life Orb\n|move|p1a: Tauros|Raging Bull|p2a: Cinderace\n|-damage|p2a: Cinderace|0 fnt\n|faint|p2a: Cinderace\n|\n|upkeep\n|c|\u260696kBlue_Dreamer|No way\n|\n|t:|1699857152\n|switch|p2a: Kingambit|Kingambit, M|94\/100\n|-damage|p2a: Kingambit|88\/100|[from] Stealth Rock\n|-activate|p2a: Kingambit|ability: Supreme Overlord\n|-start|p2a: Kingambit|fallen3|[silent]\n|turn|19\n|\n|t:|1699857159\n|switch|p1a: Indeedee|Indeedee-F, F|26\/100\n|-fieldstart|move: Psychic Terrain|[from] ability: Psychic Surge|[of] p1a: Indeedee\n|move|p2a: Kingambit|Sucker Punch||[still]\n|-fail|p2a: Kingambit\n|\n|upkeep\n|turn|20\n|\n|t:|1699857167\n|switch|p1a: Tauros|Tauros-Paldea-Blaze, M|1\/100\n|-ability|p1a: Tauros|Intimidate|boost\n|-unboost|p2a: Kingambit|atk|1\n|move|p2a: Kingambit|Kowtow Cleave|p1a: Tauros\n|-resisted|p1a: Tauros\n|-damage|p1a: Tauros|0 fnt\n|faint|p1a: Tauros\n|\n|upkeep\n|\n|t:|1699857173\n|switch|p1a: Indeedee|Indeedee-F, F|26\/100\n|turn|21\n|\n|t:|1699857178\n|move|p1a: Indeedee|Reflect|p1a: Indeedee\n|-sidestart|p1: 1colour|Reflect\n|move|p2a: Kingambit|Kowtow Cleave|p1a: Indeedee\n|-supereffective|p1a: Indeedee\n|-damage|p1a: Indeedee|0 fnt\n|faint|p1a: Indeedee\n|\n|upkeep\n|\n|t:|1699857192\n|switch|p1a: Braviary|Braviary-Hisui, M, shiny|100\/100\n|turn|22\n|\n|t:|1699857201\n|-terastallize|p1a: Braviary|Fairy\n|move|p1a: Braviary|Dazzling Gleam|p2a: Kingambit\n|-damage|p2a: Kingambit|62\/100\n|move|p2a: Kingambit|Brick Break|p1a: Braviary\n|-sideend|p1: 1colour|Reflect\n|-resisted|p1a: Braviary\n|-damage|p1a: Braviary|85\/100\n|\n|upkeep\n|turn|23\n|\n|t:|1699857215\n|-end|p2a: Kingambit|fallen3|[silent]\n|switch|p2a: Ogerpon|Ogerpon-Wellspring, F|83\/100\n|-damage|p2a: Ogerpon|70\/100|[from] Stealth Rock\n|move|p1a: Braviary|Dazzling Gleam|p2a: Ogerpon\n|-damage|p2a: Ogerpon|19\/100\n|\n|-fieldend|move: Psychic Terrain\n|upkeep\n|turn|24\n|\n|t:|1699857235\n|move|p2a: Ogerpon|Ivy Cudgel|p1a: Braviary\n|-damage|p1a: Braviary|21\/100\n|move|p1a: Braviary|Esper Wing|p2a: Ogerpon\n|-crit|p2a: Ogerpon\n|-damage|p2a: Ogerpon|0 fnt\n|-boost|p1a: Braviary|spe|1\n|faint|p2a: Ogerpon\n|\n|upkeep\n|\n|t:|1699857246\n|switch|p2a: Kingambit|Kingambit, M|62\/100\n|-damage|p2a: Kingambit|56\/100|[from] Stealth Rock\n|-activate|p2a: Kingambit|ability: Supreme Overlord\n|-start|p2a: Kingambit|fallen4|[silent]\n|turn|25\n|\n|t:|1699857252\n|move|p2a: Kingambit|Sucker Punch||[still]\n|-fail|p2a: Kingambit\n|move|p1a: Braviary|Roost|p1a: Braviary\n|-heal|p1a: Braviary|71\/100\n|\n|upkeep\n|turn|26\n|\n|t:|1699857267\n|move|p1a: Braviary|Roost|p1a: Braviary\n|-heal|p1a: Braviary|100\/100\n|move|p2a: Kingambit|Iron Head|p1a: Braviary\n|-supereffective|p1a: Braviary\n|-damage|p1a: Braviary|0 fnt\n|faint|p1a: Braviary\n|\n|upkeep\n|-message|1colour forfeited.\n|\n|win|96kBlue_Dreamer\n|raw|1colour's rating: 1298 &rarr; <strong>1276<\/strong><br \/>(-22 for losing)\n|raw|96kBlue_Dreamer's rating: 1345 &rarr; <strong>1362<\/strong><br \/>(+17 for winning)\n|l|\u26061colour\n","uploadtime":1699857290,"views":10,"p1id":"1colour","p2id":"96kbluedreamer","formatid":"gen9ou","rating":1276,"private":0,"password":""}