{"id":"gen9ou-1994130225","p1":"EveryGamemode","p2":"Xilkix","format":"[Gen 9] OU","log":"|j|\u2606EveryGamemode\n|j|\u2606Xilkix\n|t:|1700410448\n|gametype|singles\n|player|p1|EveryGamemode|2|1572\n|player|p2|Xilkix|ethan|1538\n|teamsize|p1|6\n|teamsize|p2|6\n|gen|9\n|tier|[Gen 9] OU\n|rated|\n|rule|Sleep Clause Mod: Limit one foe put to sleep\n|rule|Species Clause: Limit one of each Pok\u00e9mon\n|rule|OHKO Clause: OHKO moves are banned\n|rule|Evasion Items Clause: Evasion items are banned\n|rule|Evasion Moves Clause: Evasion moves are banned\n|rule|Endless Battle Clause: Forcing endless battles is banned\n|rule|HP Percentage Mod: HP is shown in percentages\n|clearpoke\n|poke|p1|Pelipper, F|\n|poke|p1|Amoonguss, M|\n|poke|p1|Kingambit, F|\n|poke|p1|Manaphy|\n|poke|p1|Basculegion-F, F|\n|poke|p1|Landorus-Therian, M|\n|poke|p2|Dragonite, F|\n|poke|p2|Iron Valiant|\n|poke|p2|Gholdengo|\n|poke|p2|Samurott-Hisui, F|\n|poke|p2|Great Tusk|\n|poke|p2|Ting-Lu|\n|teampreview\n|\n|t:|1700410465\n|start\n|switch|p1a: Jeremie|Pelipper, F|100\/100\n|switch|p2a: Iron Valiant|Iron Valiant|100\/100\n|-weather|RainDance|[from] ability: Drizzle|[of] p1a: Jeremie\n|turn|1\n|\n|t:|1700410473\n|switch|p1a: Landorus|Landorus-Therian, M|100\/100\n|-ability|p1a: Landorus|Intimidate|boost\n|-unboost|p2a: Iron Valiant|atk|1\n|move|p2a: Iron Valiant|Moonblast|p1a: Landorus\n|-damage|p1a: Landorus|30\/100\n|\n|-weather|RainDance|[upkeep]\n|upkeep\n|turn|2\n|\n|t:|1700410480\n|switch|p1a: Impostor|Amoonguss, M|100\/100\n|move|p2a: Iron Valiant|Moonblast|p1a: Impostor\n|-resisted|p1a: Impostor\n|-damage|p1a: Impostor|69\/100\n|-unboost|p1a: Impostor|spa|1\n|-enditem|p1a: Impostor|Eject Button\n|\n|t:|1700410482\n|switch|p1a: Basculegion|Basculegion-F, F|100\/100\n|\n|-weather|RainDance|[upkeep]\n|upkeep\n|turn|3\n|\n|t:|1700410489\n|-end|p2a: Iron Valiant|Quark Drive|[silent]\n|switch|p2a: Samurott|Samurott-Hisui, F|100\/100\n|move|p1a: Basculegion|Surf|p2a: Samurott\n|-resisted|p2a: Samurott\n|-damage|p2a: Samurott|36\/100\n|\n|-weather|RainDance|[upkeep]\n|upkeep\n|turn|4\n|\n|t:|1700410492\n|move|p2a: Samurott|Sucker Punch|p1a: Basculegion\n|-supereffective|p1a: Basculegion\n|-damage|p1a: Basculegion|13\/100\n|move|p1a: Basculegion|Surf|p2a: Samurott\n|-resisted|p2a: Samurott\n|-damage|p2a: Samurott|0 fnt\n|faint|p2a: Samurott\n|\n|-weather|RainDance|[upkeep]\n|upkeep\n|\n|t:|1700410497\n|switch|p2a: Dragonite|Dragonite, F|100\/100\n|turn|5\n|\n|t:|1700410503\n|switch|p1a: Impostor|Amoonguss, M|100\/100\n|move|p2a: Dragonite|Dragon Dance|p2a: Dragonite\n|-boost|p2a: Dragonite|atk|1\n|-boost|p2a: Dragonite|spe|1\n|\n|-weather|RainDance|[upkeep]\n|upkeep\n|turn|6\n|\n|t:|1700410506\n|switch|p2a: Gholdengo|Gholdengo|100\/100\n|move|p1a: Impostor|Spore|p2a: Gholdengo\n|-immune|p2a: Gholdengo|[from] ability: Good as Gold\n|\n|-weather|RainDance|[upkeep]\n|upkeep\n|turn|7\n|\n|t:|1700410515\n|switch|p1a: Fred|Kingambit, F|100\/100\n|move|p2a: Gholdengo|Trick|p1a: Fred\n|-activate|p2a: Gholdengo|move: Trick|[of] p1a: Fred\n|-item|p1a: Fred|Choice Scarf|[from] move: Trick\n|-item|p2a: Gholdengo|Leftovers|[from] move: Trick\n|\n|-weather|RainDance|[upkeep]\n|upkeep\n|turn|8\n|\n|t:|1700410521\n|-end|p1a: Fred|fallenundefined|[silent]\n|switch|p1a: Basculegion|Basculegion-F, F|13\/100\n|switch|p2a: Great Tusk|Great Tusk|100\/100\n|\n|-weather|none\n|upkeep\n|turn|9\n|\n|t:|1700410527\n|switch|p1a: Jeremie|Pelipper, F|100\/100\n|-weather|RainDance|[from] ability: Drizzle|[of] p1a: Jeremie\n|-end|p2a: Great Tusk|Protosynthesis|[silent]\n|switch|p2a: Dragonite|Dragonite, F|100\/100\n|\n|-weather|RainDance|[upkeep]\n|upkeep\n|turn|10\n|\n|t:|1700410530\n|move|p2a: Dragonite|Dragon Dance|p2a: Dragonite\n|-boost|p2a: Dragonite|atk|1\n|-boost|p2a: Dragonite|spe|1\n|move|p1a: Jeremie|U-turn|p2a: Dragonite\n|-resisted|p2a: Dragonite\n|-damage|p2a: Dragonite|99\/100\n|\n|t:|1700410532\n|switch|p1a: Impostor|Amoonguss, M|100\/100|[from] U-turn\n|\n|-weather|RainDance|[upkeep]\n|upkeep\n|turn|11\n|j| Spiderking3261\n|\n|t:|1700410536\n|switch|p2a: Gholdengo|Gholdengo|100\/100\n|move|p1a: Impostor|Spore|p2a: Gholdengo\n|-immune|p2a: Gholdengo|[from] ability: Good as Gold\n|\n|-weather|RainDance|[upkeep]\n|upkeep\n|turn|12\n|l| Spiderking3261\n|\n|t:|1700410541\n|switch|p1a: Fred|Kingambit, F|100\/100\n|move|p2a: Gholdengo|Shadow Ball|p1a: Fred\n|-resisted|p1a: Fred\n|-damage|p1a: Fred|75\/100\n|\n|-weather|RainDance|[upkeep]\n|upkeep\n|turn|13\n|\n|t:|1700410547\n|-end|p1a: Fred|fallenundefined|[silent]\n|switch|p1a: Manaphy|Manaphy|100\/100\n|move|p2a: Gholdengo|Shadow Ball|p1a: Manaphy\n|-crit|p1a: Manaphy\n|-damage|p1a: Manaphy|37\/100\n|\n|-weather|RainDance|[upkeep]\n|-heal|p1a: Manaphy|43\/100|[from] item: Leftovers\n|upkeep\n|turn|14\n|\n|t:|1700410554\n|move|p1a: Manaphy|Surf|p2a: Gholdengo\n|-damage|p2a: Gholdengo|30\/100\n|move|p2a: Gholdengo|Shadow Ball|p1a: Manaphy\n|-damage|p1a: Manaphy|3\/100\n|\n|-weather|RainDance|[upkeep]\n|-heal|p1a: Manaphy|10\/100|[from] item: Leftovers\n|-heal|p2a: Gholdengo|36\/100|[from] item: Leftovers\n|upkeep\n|turn|15\n|\n|t:|1700410561\n|switch|p2a: Dragonite|Dragonite, F|99\/100\n|move|p1a: Manaphy|Surf|p2a: Dragonite\n|-resisted|p2a: Dragonite\n|-damage|p2a: Dragonite|71\/100\n|\n|-weather|RainDance|[upkeep]\n|-heal|p1a: Manaphy|16\/100|[from] item: Leftovers\n|upkeep\n|turn|16\n|\n|t:|1700410565\n|switch|p1a: Impostor|Amoonguss, M|100\/100\n|move|p2a: Dragonite|Extreme Speed|p1a: Impostor\n|-crit|p1a: Impostor\n|-damage|p1a: Impostor|63\/100\n|\n|-weather|none\n|upkeep\n|turn|17\n|\n|t:|1700410571\n|switch|p2a: Gholdengo|Gholdengo|36\/100\n|move|p1a: Impostor|Spore|p2a: Gholdengo\n|-immune|p2a: Gholdengo|[from] ability: Good as Gold\n|\n|-heal|p2a: Gholdengo|42\/100|[from] item: Leftovers\n|upkeep\n|turn|18\n|\n|t:|1700410575\n|switch|p1a: Jeremie|Pelipper, F|100\/100\n|-weather|RainDance|[from] ability: Drizzle|[of] p1a: Jeremie\n|move|p2a: Gholdengo|Shadow Ball|p1a: Jeremie\n|-damage|p1a: Jeremie|36\/100\n|-unboost|p1a: Jeremie|spd|1\n|\n|-weather|RainDance|[upkeep]\n|-heal|p2a: Gholdengo|48\/100|[from] item: Leftovers\n|upkeep\n|turn|19\n|\n|t:|1700410578\n|switch|p1a: Fred|Kingambit, F|75\/100\n|move|p2a: Gholdengo|Shadow Ball|p1a: Fred\n|-resisted|p1a: Fred\n|-damage|p1a: Fred|49\/100\n|-unboost|p1a: Fred|spd|1\n|\n|-weather|RainDance|[upkeep]\n|-heal|p2a: Gholdengo|54\/100|[from] item: Leftovers\n|upkeep\n|turn|20\n|\n|t:|1700410582\n|switch|p2a: Great Tusk|Great Tusk|100\/100\n|move|p1a: Fred|Iron Head|p2a: Great Tusk\n|-damage|p2a: Great Tusk|79\/100\n|\n|-weather|RainDance|[upkeep]\n|-heal|p2a: Great Tusk|85\/100|[from] item: Leftovers\n|upkeep\n|turn|21\n|\n|t:|1700410587\n|-end|p1a: Fred|fallenundefined|[silent]\n|switch|p1a: Landorus|Landorus-Therian, M|30\/100\n|-ability|p1a: Landorus|Intimidate|boost\n|-unboost|p2a: Great Tusk|atk|1\n|move|p2a: Great Tusk|Knock Off|p1a: Landorus\n|-damage|p1a: Landorus|17\/100\n|-damage|p2a: Great Tusk|69\/100|[from] item: Rocky Helmet|[of] p1a: Landorus\n|-enditem|p1a: Landorus|Rocky Helmet|[from] move: Knock Off|[of] p2a: Great Tusk\n|\n|-weather|RainDance|[upkeep]\n|-heal|p2a: Great Tusk|75\/100|[from] item: Leftovers\n|upkeep\n|turn|22\n|\n|t:|1700410592\n|-end|p2a: Great Tusk|Protosynthesis|[silent]\n|switch|p2a: Ting-Lu|Ting-Lu|100\/100\n|-ability|p2a: Ting-Lu|Vessel of Ruin\n|move|p1a: Landorus|U-turn|p2a: Ting-Lu\n|-supereffective|p2a: Ting-Lu\n|-damage|p2a: Ting-Lu|82\/100\n|\n|t:|1700410594\n|switch|p1a: Basculegion|Basculegion-F, F|13\/100|[from] U-turn\n|\n|-weather|RainDance|[upkeep]\n|-heal|p2a: Ting-Lu|88\/100|[from] item: Leftovers\n|upkeep\n|turn|23\n|\n|t:|1700410597\n|-terastallize|p2a: Ting-Lu|Ghost\n|move|p1a: Basculegion|Surf|p2a: Ting-Lu\n|-damage|p2a: Ting-Lu|35\/100\n|move|p2a: Ting-Lu|Stealth Rock|p1a: Basculegion\n|-sidestart|p1: EveryGamemode|move: Stealth Rock\n|\n|-weather|RainDance|[upkeep]\n|-heal|p2a: Ting-Lu|42\/100|[from] item: Leftovers\n|upkeep\n|turn|24\n|\n|t:|1700410613\n|move|p1a: Basculegion|Surf|p2a: Ting-Lu\n|-damage|p2a: Ting-Lu|0 fnt\n|faint|p2a: Ting-Lu\n|\n|-weather|RainDance|[upkeep]\n|upkeep\n|\n|t:|1700410616\n|switch|p2a: Dragonite|Dragonite, F|71\/100\n|turn|25\n|\n|t:|1700410629\n|switch|p1a: Impostor|Amoonguss, M|96\/100\n|-damage|p1a: Impostor|84\/100|[from] Stealth Rock\n|move|p2a: Dragonite|Roost|p2a: Dragonite\n|-heal|p2a: Dragonite|100\/100\n|-singleturn|p2a: Dragonite|move: Roost\n|\n|-weather|none\n|upkeep\n|turn|26\n|\n|t:|1700410634\n|switch|p2a: Gholdengo|Gholdengo|54\/100\n|switch|p1a: Jeremie|Pelipper, F|36\/100\n|-damage|p1a: Jeremie|11\/100|[from] Stealth Rock\n|-weather|RainDance|[from] ability: Drizzle|[of] p1a: Jeremie\n|\n|-weather|RainDance|[upkeep]\n|-heal|p2a: Gholdengo|60\/100|[from] item: Leftovers\n|upkeep\n|turn|27\n|\n|t:|1700410637\n|move|p2a: Gholdengo|Shadow Ball|p1a: Jeremie\n|-damage|p1a: Jeremie|0 fnt\n|faint|p1a: Jeremie\n|\n|-weather|RainDance|[upkeep]\n|-heal|p2a: Gholdengo|66\/100|[from] item: Leftovers\n|upkeep\n|\n|t:|1700410644\n|switch|p1a: Fred|Kingambit, F|49\/100\n|-damage|p1a: Fred|43\/100|[from] Stealth Rock\n|-activate|p1a: Fred|ability: Supreme Overlord\n|-start|p1a: Fred|fallen1|[silent]\n|turn|28\n|\n|t:|1700410648\n|-end|p1a: Fred|fallen1|[silent]\n|switch|p1a: Manaphy|Manaphy|16\/100\n|-damage|p1a: Manaphy|3\/100|[from] Stealth Rock\n|switch|p2a: Great Tusk|Great Tusk|75\/100\n|\n|-weather|RainDance|[upkeep]\n|-heal|p1a: Manaphy|10\/100|[from] item: Leftovers\n|-heal|p2a: Great Tusk|81\/100|[from] item: Leftovers\n|upkeep\n|turn|29\n|\n|t:|1700410656\n|move|p1a: Manaphy|Rest|p1a: Manaphy\n|-status|p1a: Manaphy|slp|[from] move: Rest\n|-heal|p1a: Manaphy|100\/100 slp|[silent]\n|move|p2a: Great Tusk|Earthquake|p1a: Manaphy\n|-damage|p1a: Manaphy|54\/100 slp\n|\n|-weather|RainDance|[upkeep]\n|-activate|p1a: Manaphy|ability: Hydration\n|-curestatus|p1a: Manaphy|slp|[msg]\n|-heal|p1a: Manaphy|61\/100|[from] item: Leftovers\n|-heal|p2a: Great Tusk|87\/100|[from] item: Leftovers\n|upkeep\n|turn|30\n|\n|t:|1700410662\n|-end|p2a: Great Tusk|Protosynthesis|[silent]\n|switch|p2a: Dragonite|Dragonite, F|100\/100\n|move|p1a: Manaphy|Surf|p2a: Dragonite\n|-resisted|p2a: Dragonite\n|-damage|p2a: Dragonite|86\/100\n|\n|-weather|RainDance|[upkeep]\n|-heal|p1a: Manaphy|67\/100|[from] item: Leftovers\n|upkeep\n|turn|31\n|\n|t:|1700410667\n|switch|p2a: Iron Valiant|Iron Valiant|100\/100\n|move|p1a: Manaphy|Tail Glow|p1a: Manaphy\n|-boost|p1a: Manaphy|spa|3\n|\n|-weather|RainDance|[upkeep]\n|-heal|p1a: Manaphy|73\/100|[from] item: Leftovers\n|upkeep\n|turn|32\n|\n|t:|1700410669\n|move|p2a: Iron Valiant|Thunderbolt|p1a: Manaphy\n|-supereffective|p1a: Manaphy\n|-damage|p1a: Manaphy|0 fnt\n|faint|p1a: Manaphy\n|\n|-weather|RainDance|[upkeep]\n|upkeep\n|\n|t:|1700410672\n|switch|p1a: Basculegion|Basculegion-F, F|13\/100\n|-damage|p1a: Basculegion|1\/100|[from] Stealth Rock\n|turn|33\n|\n|t:|1700410683\n|move|p1a: Basculegion|Ice Beam|p2a: Iron Valiant\n|-damage|p2a: Iron Valiant|28\/100\n|move|p2a: Iron Valiant|Thunderbolt|p1a: Basculegion\n|-supereffective|p1a: Basculegion\n|-damage|p1a: Basculegion|0 fnt\n|faint|p1a: Basculegion\n|\n|-weather|none\n|upkeep\n|\n|t:|1700410688\n|switch|p1a: Impostor|Amoonguss, M|100\/100\n|-damage|p1a: Impostor|88\/100|[from] Stealth Rock\n|turn|34\n|\n|t:|1700410692\n|-end|p2a: Iron Valiant|Quark Drive|[silent]\n|switch|p2a: Gholdengo|Gholdengo|66\/100\n|move|p1a: Impostor|Sludge Bomb|p2a: Gholdengo\n|-immune|p2a: Gholdengo\n|\n|-heal|p2a: Gholdengo|72\/100|[from] item: Leftovers\n|upkeep\n|turn|35\n|\n|t:|1700410695\n|switch|p1a: Fred|Kingambit, F|43\/100\n|-damage|p1a: Fred|37\/100|[from] Stealth Rock\n|-activate|p1a: Fred|ability: Supreme Overlord\n|-start|p1a: Fred|fallen3|[silent]\n|move|p2a: Gholdengo|Shadow Ball|p1a: Fred\n|-resisted|p1a: Fred\n|-damage|p1a: Fred|12\/100\n|\n|-heal|p2a: Gholdengo|78\/100|[from] item: Leftovers\n|upkeep\n|turn|36\n|\n|t:|1700410701\n|switch|p2a: Iron Valiant|Iron Valiant|28\/100\n|move|p1a: Fred|Kowtow Cleave|p2a: Iron Valiant\n|-resisted|p2a: Iron Valiant\n|-damage|p2a: Iron Valiant|8\/100\n|\n|upkeep\n|turn|37\n|\n|t:|1700410739\n|move|p2a: Iron Valiant|Moonblast|p1a: Fred\n|-damage|p1a: Fred|0 fnt\n|faint|p1a: Fred\n|-end|p1a: Fred|fallen3|[silent]\n|\n|upkeep\n|\n|t:|1700410740\n|switch|p1a: Impostor|Amoonguss, M|100\/100\n|-damage|p1a: Impostor|88\/100|[from] Stealth Rock\n|turn|38\n|\n|t:|1700410755\n|-end|p2a: Iron Valiant|Quark Drive|[silent]\n|switch|p2a: Gholdengo|Gholdengo|78\/100\n|switch|p1a: Landorus|Landorus-Therian, M|17\/100\n|-damage|p1a: Landorus|5\/100|[from] Stealth Rock\n|-ability|p1a: Landorus|Intimidate|boost\n|-unboost|p2a: Gholdengo|atk|1\n|\n|-heal|p2a: Gholdengo|84\/100|[from] item: Leftovers\n|upkeep\n|turn|39\n|\n|t:|1700410771\n|switch|p2a: Great Tusk|Great Tusk|87\/100\n|move|p1a: Landorus|Stealth Rock|p2a: Great Tusk\n|-sidestart|p2: Xilkix|move: Stealth Rock\n|\n|-heal|p2a: Great Tusk|94\/100|[from] item: Leftovers\n|upkeep\n|turn|40\n|\n|t:|1700410775\n|move|p2a: Great Tusk|Rapid Spin|p1a: Landorus\n|-damage|p1a: Landorus|0 fnt\n|-boost|p2a: Great Tusk|spe|1\n|-sideend|p2: Xilkix|Stealth Rock|[from] move: Rapid Spin|[of] p2a: Great Tusk\n|faint|p1a: Landorus\n|\n|-heal|p2a: Great Tusk|99\/100|[from] item: Leftovers\n|upkeep\n|-message|EveryGamemode forfeited.\n|\n|win|Xilkix\n|raw|EveryGamemode's rating: 1572 &rarr; <strong>1550<\/strong><br \/>(-22 for losing)\n|raw|Xilkix's rating: 1538 &rarr; <strong>1560<\/strong><br \/>(+22 for winning)\n|l|\u2606EveryGamemode\n|c|\u2606Xilkix|gg wp\n","uploadtime":1700410784,"views":15,"p1id":"everygamemode","p2id":"xilkix","formatid":"gen9ou","rating":1550,"private":0,"password":""}