{"id":"gen9ou-2000442127","p1":"Zoroark_Fanboy","p2":"PokeKidMax","format":"[Gen 9] OU","log":"|j|\u2606Zoroark_Fanboy\n|j|\u2606PokeKidMax\n|inactive|Battle timer is ON: inactive players will automatically lose when time's up.\n|t:|1701195151\n|gametype|singles\n|player|p1|Zoroark_Fanboy|n|\n|player|p2|PokeKidMax|blue-lgpe|\n|teamsize|p1|4\n|teamsize|p2|4\n|gen|9\n|tier|[Gen 9] OU\n|rated|Tournament battle\n|rule|Sleep Clause Mod: Limit one foe put to sleep\n|rule|Species Clause: Limit one of each Pok\u00e9mon\n|rule|OHKO Clause: OHKO moves are banned\n|rule|Evasion Items Clause: Evasion items are banned\n|rule|Evasion Moves Clause: Evasion moves are banned\n|rule|Endless Battle Clause: Forcing endless battles is banned\n|rule|HP Percentage Mod: HP is shown in percentages\n|clearpoke\n|poke|p1|Ambipom, F|\n|poke|p1|Honchkrow, F|\n|poke|p1|Tinkatuff, F|\n|poke|p1|Dragapult, M|\n|poke|p2|Timburr, M|\n|poke|p2|Steenee, F|\n|poke|p2|Salamence, M|\n|poke|p2|Kingambit, M|\n|teampreview\n|j|*Lady Monita \u2746\n|inactive|PokeKidMax also wants the timer to be on.\n|c|\u2606Zoroark_Fanboy|glhf\n|\n|t:|1701195158\n|start\n|switch|p1a: Tinkatuff|Tinkatuff, F|100\/100\n|switch|p2a: Salamence|Salamence, M, shiny|100\/100\n|-ability|p1a: Tinkatuff|Mold Breaker\n|turn|1\n|j| presidente007\n|j| Shuckle15\n|j| Yeet259\n|inactive|PokeKidMax has 120 seconds left.\n|\n|t:|1701195189\n|-terastallize|p2a: Salamence|Steel\n|move|p2a: Salamence|Dragon Dance|p2a: Salamence\n|-boost|p2a: Salamence|atk|1\n|-boost|p2a: Salamence|spe|1\n|move|p1a: Tinkatuff|Play Rough|p2a: Salamence\n|-resisted|p2a: Salamence\n|-damage|p2a: Salamence|83\/100\n|\n|-heal|p2a: Salamence|89\/100|[from] item: Leftovers\n|upkeep\n|turn|2\n|c|\u2606PokeKidMax|glhf to you too\n|\n|t:|1701195196\n|move|p2a: Salamence|Earthquake|p1a: Tinkatuff\n|-supereffective|p1a: Tinkatuff\n|-damage|p1a: Tinkatuff|0 fnt\n|faint|p1a: Tinkatuff\n|-ability|p2a: Salamence|Moxie|boost\n|-boost|p2a: Salamence|atk|1\n|\n|-heal|p2a: Salamence|95\/100|[from] item: Leftovers\n|upkeep\n|j| drowsyraccoon69\n|\n|t:|1701195207\n|switch|p1a: Ambipom|Ambipom, F|100\/100\n|turn|3\n|inactive|PokeKidMax has 120 seconds left.\n|\n|t:|1701195237\n|move|p1a: Ambipom|Fake Out|p2a: Salamence\n|-resisted|p2a: Salamence\n|-damage|p2a: Salamence|75\/100\n|-damage|p1a: Ambipom|91\/100|[from] item: Life Orb\n|cant|p2a: Salamence|flinch\n|\n|-heal|p2a: Salamence|81\/100|[from] item: Leftovers\n|upkeep\n|turn|4\n|c|\u2606Zoroark_Fanboy|ngl i think moxiemance just wins lol\n|c|\u2606PokeKidMax|lmao\n|c|\u2606PokeKidMax|yeah\n|j| ElPendrive\n|inactive|PokeKidMax has 120 seconds left.\n|\n|t:|1701195242\n|move|p2a: Salamence|Dragon Dance|p2a: Salamence\n|-boost|p2a: Salamence|atk|1\n|-boost|p2a: Salamence|spe|1\n|move|p1a: Ambipom|Knock Off|p2a: Salamence\n|-damage|p2a: Salamence|37\/100\n|-enditem|p2a: Salamence|Leftovers|[from] move: Knock Off|[of] p1a: Ambipom\n|-damage|p1a: Ambipom|81\/100|[from] item: Life Orb\n|\n|upkeep\n|turn|5\n|c|\u2606PokeKidMax|i got greedy\n|\n|t:|1701195250\n|move|p2a: Salamence|Dragon Claw|p1a: Ambipom\n|-damage|p1a: Ambipom|0 fnt\n|faint|p1a: Ambipom\n|-ability|p2a: Salamence|Moxie|boost\n|-boost|p2a: Salamence|atk|1\n|\n|upkeep\n|\n|t:|1701195255\n|switch|p1a: Honchkrow|Honchkrow, F, shiny|100\/100\n|turn|6\n|l| ElPendrive\n|inactive|PokeKidMax has 120 seconds left.\n|\n|t:|1701195288\n|move|p1a: Honchkrow|Sucker Punch|p2a: Salamence\n|-damage|p2a: Salamence|0 fnt\n|faint|p2a: Salamence\n|-ability|p1a: Honchkrow|Moxie|boost\n|-boost|p1a: Honchkrow|atk|1\n|\n|upkeep\n|\n|t:|1701195291\n|switch|p2a: Timburr|Timburr, M, shiny|100\/100\n|turn|7\n|\n|t:|1701195297\n|switch|p1a: Dragapult|Dragapult, M|100\/100\n|move|p2a: Timburr|Drain Punch|p1a: Dragapult\n|-immune|p1a: Dragapult\n|\n|upkeep\n|turn|8\n|j| ElPendrive\n|\n|t:|1701195310\n|move|p1a: Dragapult|Phantom Force||[still]\n|-prepare|p1a: Dragapult|Phantom Force\n|move|p2a: Timburr|Knock Off|p1a: Dragapult|[miss]\n|-miss|p2a: Timburr|p1a: Dragapult\n|\n|upkeep\n|turn|9\n|l| ElPendrive\n|\n|t:|1701195332\n|move|p1a: Dragapult|Phantom Force|p2a: Timburr|[from]lockedmove\n|-damage|p2a: Timburr|31\/100\n|move|p2a: Timburr|Knock Off|p1a: Dragapult\n|-supereffective|p1a: Dragapult\n|-damage|p1a: Dragapult|28\/100\n|-enditem|p1a: Dragapult|Choice Band|[from] move: Knock Off|[of] p2a: Timburr\n|\n|upkeep\n|turn|10\n|\n|t:|1701195341\n|switch|p2a: Kingambit|Kingambit, M|100\/100\n|-activate|p2a: Kingambit|ability: Supreme Overlord\n|-start|p2a: Kingambit|fallen1|[silent]\n|move|p1a: Dragapult|Dragon Darts|p2a: Kingambit\n|-resisted|p2a: Kingambit\n|-damage|p2a: Kingambit|88\/100\n|-anim|p1a: Dragapult|Dragon Darts|p2a: Kingambit\n|-resisted|p2a: Kingambit\n|-damage|p2a: Kingambit|76\/100\n|\n|upkeep\n|turn|11\n|\n|t:|1701195354\n|move|p2a: Kingambit|Sucker Punch|p1a: Dragapult\n|-supereffective|p1a: Dragapult\n|-damage|p1a: Dragapult|0 fnt\n|faint|p1a: Dragapult\n|\n|upkeep\n|l| drowsyraccoon69\n|inactive|Zoroark_Fanboy has 120 seconds left.\n|\n|t:|1701195383\n|switch|p1a: Honchkrow|Honchkrow, F, shiny|100\/100\n|turn|12\n|\n|t:|1701195394\n|-terastallize|p1a: Honchkrow|Steel\n|move|p1a: Honchkrow|Brave Bird|p2a: Kingambit\n|-resisted|p2a: Kingambit\n|-damage|p2a: Kingambit|51\/100\n|-damage|p1a: Honchkrow|92\/100|[from] Recoil\n|move|p2a: Kingambit|Swords Dance|p2a: Kingambit\n|-boost|p2a: Kingambit|atk|2\n|\n|upkeep\n|turn|13\n|c|\u2606Zoroark_Fanboy|gg\n|\n|t:|1701195410\n|move|p1a: Honchkrow|Brave Bird|p2a: Kingambit\n|-resisted|p2a: Kingambit\n|-damage|p2a: Kingambit|27\/100\n|-damage|p1a: Honchkrow|84\/100|[from] Recoil\n|move|p2a: Kingambit|Kowtow Cleave|p1a: Honchkrow\n|-damage|p1a: Honchkrow|0 fnt\n|faint|p1a: Honchkrow\n|\n|win|PokeKidMax\n|n|\u2606Zoroark_Fanboy|zoroarkfanboy\n|n|\u2606PokeKidMax|pokekidmax\n|n|*Lady Monita \u2746|ladymonita\n|n| presidente007|presidente007\n|n| Shuckle15|shuckle15\n|n| Yeet259|yeet259\n","uploadtime":1701195411,"views":8,"p1id":"zoroarkfanboy","p2id":"pokekidmax","formatid":"gen9ou","rating":0,"private":0,"password":""}