{"id":"gen9ou-1992201680","p1":"GrimFeather7219","p2":"liamgar","format":"[Gen 9] OU","log":"|j|\u2606GrimFeather7219\n|j|\u2606liamgar\n|t:|1700163433\n|gametype|singles\n|player|p1|GrimFeather7219|volkner|\n|player|p2|liamgar|giovanni|\n|teamsize|p1|6\n|teamsize|p2|6\n|gen|9\n|tier|[Gen 9] OU\n|rule|Sleep Clause Mod: Limit one foe put to sleep\n|rule|Species Clause: Limit one of each Pok\u00e9mon\n|rule|OHKO Clause: OHKO moves are banned\n|rule|Evasion Items Clause: Evasion items are banned\n|rule|Evasion Moves Clause: Evasion moves are banned\n|rule|Endless Battle Clause: Forcing endless battles is banned\n|rule|HP Percentage Mod: HP is shown in percentages\n|clearpoke\n|poke|p1|Iron Valiant|\n|poke|p1|Dragapult, M|\n|poke|p1|Iron Moth|\n|poke|p1|Dondozo, M|\n|poke|p1|Gholdengo|\n|poke|p1|Kingambit, M|\n|poke|p2|Conkeldurr, M|\n|poke|p2|Ogerpon-Cornerstone, F|\n|poke|p2|Manaphy|\n|poke|p2|Amoonguss, F|\n|poke|p2|Kommo-o, M|\n|poke|p2|Arcanine-Hisui, F|\n|teampreview\n|\n|t:|1700163462\n|start\n|switch|p1a: Ch1ld Pred@d0r|Dragapult, M|100\/100\n|switch|p2a: mushy dik|Amoonguss, F|100\/100\n|turn|1\n|\n|t:|1700163469\n|move|p1a: Ch1ld Pred@d0r|Dragon Dance|p1a: Ch1ld Pred@d0r\n|-boost|p1a: Ch1ld Pred@d0r|atk|1\n|-boost|p1a: Ch1ld Pred@d0r|spe|1\n|move|p2a: mushy dik|Spore|p1a: Ch1ld Pred@d0r\n|-status|p1a: Ch1ld Pred@d0r|slp|[from] move: Spore\n|\n|upkeep\n|turn|2\n|\n|t:|1700163473\n|cant|p1a: Ch1ld Pred@d0r|slp\n|move|p2a: mushy dik|Hex|p1a: Ch1ld Pred@d0r\n|-supereffective|p1a: Ch1ld Pred@d0r\n|-damage|p1a: Ch1ld Pred@d0r|40\/100 slp\n|\n|upkeep\n|turn|3\n|\n|t:|1700163485\n|cant|p1a: Ch1ld Pred@d0r|slp\n|move|p2a: mushy dik|Hex|p1a: Ch1ld Pred@d0r\n|-supereffective|p1a: Ch1ld Pred@d0r\n|-damage|p1a: Ch1ld Pred@d0r|0 fnt\n|faint|p1a: Ch1ld Pred@d0r\n|\n|upkeep\n|\n|t:|1700163497\n|switch|p1a: Thick Dick Micky|Iron Moth|100\/100\n|turn|4\n|\n|t:|1700163526\n|move|p1a: Thick Dick Micky|Fiery Dance|p2a: mushy dik\n|-supereffective|p2a: mushy dik\n|-damage|p2a: mushy dik|22\/100\n|-boost|p1a: Thick Dick Micky|spa|1\n|-enditem|p2a: mushy dik|Red Card|[of] p1a: Thick Dick Micky\n|-end|p1a: Thick Dick Micky|Quark Drive|[silent]\n|drag|p1a: Jimmy BEAST|Iron Valiant|100\/100\n|-enditem|p1a: Jimmy BEAST|Booster Energy\n|-activate|p1a: Jimmy BEAST|ability: Quark Drive|[fromitem]\n|-start|p1a: Jimmy BEAST|quarkdrivespe\n|move|p2a: mushy dik|Hex|p1a: Jimmy BEAST\n|-damage|p1a: Jimmy BEAST|78\/100\n|\n|upkeep\n|turn|5\n|\n|t:|1700163534\n|move|p1a: Jimmy BEAST|Moonblast|p2a: mushy dik\n|-resisted|p2a: mushy dik\n|-damage|p2a: mushy dik|3\/100\n|-unboost|p2a: mushy dik|spa|1\n|move|p2a: mushy dik|Spore|p1a: Jimmy BEAST\n|-status|p1a: Jimmy BEAST|slp|[from] move: Spore\n|\n|upkeep\n|turn|6\n|\n|t:|1700163540\n|-end|p1a: Jimmy BEAST|Quark Drive|[silent]\n|switch|p1a: Thick Dick Micky|Iron Moth|100\/100\n|move|p2a: mushy dik|Hex|p1a: Thick Dick Micky\n|-damage|p1a: Thick Dick Micky|91\/100\n|\n|upkeep\n|turn|7\n|\n|t:|1700163548\n|switch|p2a: hot dik|Arcanine-Hisui, F|100\/100\n|move|p1a: Thick Dick Micky|Fiery Dance|p2a: hot dik\n|-resisted|p2a: hot dik\n|-damage|p2a: hot dik|87\/100\n|\n|upkeep\n|turn|8\n|\n|t:|1700163557\n|-end|p1a: Thick Dick Micky|Quark Drive|[silent]\n|switch|p1a: wet dreamer|Dondozo, M|100\/100\n|move|p2a: hot dik|Head Smash|p1a: wet dreamer\n|-damage|p1a: wet dreamer|41\/100\n|-damage|p2a: hot dik|77\/100|[from] item: Life Orb\n|\n|-heal|p1a: wet dreamer|47\/100|[from] item: Leftovers\n|upkeep\n|turn|9\n|\n|t:|1700163564\n|-terastallize|p1a: wet dreamer|Grass\n|move|p2a: hot dik|Head Smash|p1a: wet dreamer\n|-damage|p1a: wet dreamer|0 fnt\n|faint|p1a: wet dreamer\n|-damage|p2a: hot dik|67\/100|[from] item: Life Orb\n|\n|upkeep\n|\n|t:|1700163573\n|switch|p1a: Thick Dick Micky|Iron Moth|91\/100\n|turn|10\n|\n|t:|1700163578\n|move|p1a: Thick Dick Micky|Energy Ball|p2a: hot dik\n|-damage|p2a: hot dik|27\/100\n|move|p2a: hot dik|Head Smash|p1a: Thick Dick Micky\n|-supereffective|p1a: Thick Dick Micky\n|-damage|p1a: Thick Dick Micky|0 fnt\n|faint|p1a: Thick Dick Micky\n|-end|p1a: Thick Dick Micky|Quark Drive|[silent]\n|-damage|p2a: hot dik|17\/100|[from] item: Life Orb\n|\n|upkeep\n|\n|t:|1700163582\n|switch|p1a: Jimmy BEAST|Iron Valiant|78\/100 slp\n|turn|11\n|\n|t:|1700163588\n|cant|p1a: Jimmy BEAST|slp\n|move|p2a: hot dik|Head Smash|p1a: Jimmy BEAST\n|-resisted|p1a: Jimmy BEAST\n|-damage|p1a: Jimmy BEAST|9\/100 slp\n|-damage|p2a: hot dik|7\/100|[from] item: Life Orb\n|\n|upkeep\n|turn|12\n|\n|t:|1700163595\n|cant|p1a: Jimmy BEAST|slp\n|move|p2a: hot dik|Flare Blitz|p1a: Jimmy BEAST\n|-damage|p1a: Jimmy BEAST|0 fnt\n|faint|p1a: Jimmy BEAST\n|-end|p1a: Jimmy BEAST|Quark Drive|[silent]\n|-damage|p2a: hot dik|0 fnt|[from] item: Life Orb\n|faint|p2a: hot dik\n|\n|upkeep\n|\n|t:|1700163602\n|switch|p1a: Gang Leader|Kingambit, M|100\/100\n|switch|p2a: Kommo-o|Kommo-o, M|100\/100\n|-activate|p1a: Gang Leader|ability: Supreme Overlord\n|-start|p1a: Gang Leader|fallen4|[silent]\n|turn|13\n|\n|t:|1700163613\n|move|p2a: Kommo-o|Clangorous Soul|p2a: Kommo-o\n|-boost|p2a: Kommo-o|atk|1\n|-boost|p2a: Kommo-o|def|1\n|-boost|p2a: Kommo-o|spa|1\n|-boost|p2a: Kommo-o|spd|1\n|-boost|p2a: Kommo-o|spe|1\n|-damage|p2a: Kommo-o|68\/100\n|move|p1a: Gang Leader|Swords Dance|p1a: Gang Leader\n|-boost|p1a: Gang Leader|atk|2\n|\n|upkeep\n|turn|14\n|\n|t:|1700163620\n|move|p1a: Gang Leader|Sucker Punch|p2a: Kommo-o\n|-resisted|p2a: Kommo-o\n|-damage|p2a: Kommo-o|33\/100\n|move|p2a: Kommo-o|Fire Punch|p1a: Gang Leader\n|-supereffective|p1a: Gang Leader\n|-damage|p1a: Gang Leader|35\/100\n|-damage|p2a: Kommo-o|24\/100|[from] item: Life Orb\n|\n|-heal|p1a: Gang Leader|41\/100|[from] item: Leftovers\n|upkeep\n|turn|15\n|\n|t:|1700163630\n|move|p1a: Gang Leader|Sucker Punch|p2a: Kommo-o\n|-resisted|p2a: Kommo-o\n|-damage|p2a: Kommo-o|0 fnt\n|faint|p2a: Kommo-o\n|\n|-heal|p1a: Gang Leader|48\/100|[from] item: Leftovers\n|upkeep\n|\n|t:|1700163635\n|switch|p2a: big dik riky 2|Conkeldurr, M|100\/100\n|turn|16\n|\n|t:|1700163640\n|move|p1a: Gang Leader|Iron Head|p2a: big dik riky 2\n|-damage|p2a: big dik riky 2|0 fnt\n|faint|p2a: big dik riky 2\n|\n|-heal|p1a: Gang Leader|54\/100|[from] item: Leftovers\n|upkeep\n|\n|t:|1700163654\n|switch|p2a: ogger dik|Ogerpon-Cornerstone, F|100\/100\n|turn|17\n|\n|t:|1700163658\n|move|p2a: ogger dik|Power Whip|p1a: Gang Leader\n|-resisted|p1a: Gang Leader\n|-damage|p1a: Gang Leader|27\/100\n|move|p1a: Gang Leader|Iron Head|p2a: ogger dik\n|-supereffective|p2a: ogger dik\n|-ability|p2a: ogger dik|Sturdy\n|-damage|p2a: ogger dik|1\/100\n|\n|-heal|p1a: Gang Leader|33\/100|[from] item: Leftovers\n|upkeep\n|turn|18\n|\n|t:|1700163662\n|-terastallize|p2a: ogger dik|Rock\n|detailschange|p2a: ogger dik|Ogerpon-Cornerstone-Tera, F, tera:Rock\n|-ability|p2a: ogger dik|Embody Aspect (Cornerstone)|boost\n|-boost|p2a: ogger dik|def|1\n|move|p1a: Gang Leader|Sucker Punch|p2a: ogger dik\n|-damage|p2a: ogger dik|0 fnt\n|faint|p2a: ogger dik\n|\n|-heal|p1a: Gang Leader|39\/100|[from] item: Leftovers\n|upkeep\n|\n|t:|1700163670\n|switch|p2a: gooy god slayer|Manaphy|100\/100\n|turn|19\n|\n|t:|1700163675\n|move|p2a: gooy god slayer|Tail Glow|p2a: gooy god slayer\n|-boost|p2a: gooy god slayer|spa|3\n|move|p1a: Gang Leader|Iron Head|p2a: gooy god slayer\n|-resisted|p2a: gooy god slayer\n|-damage|p2a: gooy god slayer|47\/100\n|\n|-heal|p1a: Gang Leader|45\/100|[from] item: Leftovers\n|upkeep\n|turn|20\n|\n|t:|1700163680\n|move|p1a: Gang Leader|Sucker Punch|p2a: gooy god slayer\n|-damage|p2a: gooy god slayer|0 fnt\n|faint|p2a: gooy god slayer\n|\n|-heal|p1a: Gang Leader|52\/100|[from] item: Leftovers\n|upkeep\n|\n|t:|1700163683\n|switch|p2a: mushy dik|Amoonguss, F|36\/100\n|turn|21\n|\n|t:|1700163690\n|move|p1a: Gang Leader|Sucker Punch||[still]\n|-fail|p1a: Gang Leader\n|move|p2a: mushy dik|Spore|p1a: Gang Leader\n|-status|p1a: Gang Leader|slp|[from] move: Spore\n|\n|-heal|p1a: Gang Leader|58\/100 slp|[from] item: Leftovers\n|upkeep\n|turn|22\n|\n|t:|1700163703\n|cant|p1a: Gang Leader|slp\n|move|p2a: mushy dik|Giga Drain|p1a: Gang Leader\n|-resisted|p1a: Gang Leader\n|-damage|p1a: Gang Leader|46\/100 slp\n|-heal|p2a: mushy dik|41\/100|[from] drain|[of] p1a: Gang Leader\n|\n|-heal|p1a: Gang Leader|52\/100 slp|[from] item: Leftovers\n|upkeep\n|turn|23\n|\n|t:|1700163713\n|cant|p1a: Gang Leader|slp\n|move|p2a: mushy dik|Giga Drain|p1a: Gang Leader\n|-resisted|p1a: Gang Leader\n|-damage|p1a: Gang Leader|41\/100 slp\n|-heal|p2a: mushy dik|47\/100|[from] drain|[of] p1a: Gang Leader\n|\n|-heal|p1a: Gang Leader|47\/100 slp|[from] item: Leftovers\n|upkeep\n|turn|24\n|\n|t:|1700163717\n|-curestatus|p1a: Gang Leader|slp|[msg]\n|move|p1a: Gang Leader|Kowtow Cleave|p2a: mushy dik\n|-damage|p2a: mushy dik|0 fnt\n|faint|p2a: mushy dik\n|\n|win|GrimFeather7219\n|l|\u2606liamgar\n","uploadtime":1700163777,"views":43,"p1id":"grimfeather7219","p2id":"liamgar","formatid":"gen9ou","rating":0,"private":0,"password":""}