{"id":"gen9ou-1997092281","p1":"Lux2821","p2":"Bio_Hazz","format":"[Gen 9] OU","log":"|j|\u2606Lux2821\n|j|\u2606Bio_Hazz\n|t:|1700763708\n|gametype|singles\n|player|p1|Lux2821|lusamine-nihilego|\n|player|p2|Bio_Hazz|lucas|\n|teamsize|p1|6\n|teamsize|p2|6\n|gen|9\n|tier|[Gen 9] OU\n|rule|Sleep Clause Mod: Limit one foe put to sleep\n|rule|Species Clause: Limit one of each Pok\u00e9mon\n|rule|OHKO Clause: OHKO moves are banned\n|rule|Evasion Items Clause: Evasion items are banned\n|rule|Evasion Moves Clause: Evasion moves are banned\n|rule|Endless Battle Clause: Forcing endless battles is banned\n|rule|HP Percentage Mod: HP is shown in percentages\n|clearpoke\n|poke|p1|Iron Valiant|\n|poke|p1|Cinderace, F|\n|poke|p1|Gholdengo|\n|poke|p1|Ogerpon-Wellspring, F|\n|poke|p1|Iron Moth|\n|poke|p1|Landorus-Therian, M|\n|poke|p2|Iron Valiant|\n|poke|p2|Dragapult, F|\n|poke|p2|Garganacl, M|\n|poke|p2|Scizor, F|\n|poke|p2|Iron Moth|\n|poke|p2|Kingambit, M|\n|teampreview\n|inactive|Battle timer is ON: inactive players will automatically lose when time's up. (requested by Lux2821)\n|c|\u2606Lux2821|glhf!\n|c|\u2606Bio_Hazz|glhf\n|j| SERANITO\n|inactive|Lux2821 has 270 seconds left.\n|\n|t:|1700763745\n|start\n|switch|p1a: Sad Moments|Ogerpon-Wellspring, F|100\/100\n|switch|p2a: Iron Valiant|Iron Valiant|100\/100\n|-enditem|p2a: Iron Valiant|Booster Energy\n|-activate|p2a: Iron Valiant|ability: Quark Drive|[fromitem]\n|-start|p2a: Iron Valiant|quarkdrivespe\n|turn|1\n|\n|t:|1700763755\n|move|p1a: Sad Moments|Spiky Shield|p1a: Sad Moments\n|-singleturn|p1a: Sad Moments|move: Protect\n|move|p2a: Iron Valiant|Swords Dance|p2a: Iron Valiant\n|-boost|p2a: Iron Valiant|atk|2\n|\n|upkeep\n|turn|2\n|c|\u2606Lux2821|bruh\n|\n|t:|1700763765\n|move|p2a: Iron Valiant|Spirit Break|p1a: Sad Moments\n|-damage|p1a: Sad Moments|0 fnt\n|faint|p1a: Sad Moments\n|\n|upkeep\n|\n|t:|1700763768\n|switch|p1a: Monarch|Iron Valiant|100\/100\n|-enditem|p1a: Monarch|Booster Energy\n|-activate|p1a: Monarch|ability: Quark Drive|[fromitem]\n|-start|p1a: Monarch|quarkdrivespe\n|turn|3\n|\n|t:|1700763776\n|-terastallize|p2a: Iron Valiant|Fairy\n|move|p1a: Monarch|Moonblast|p2a: Iron Valiant\n|-damage|p2a: Iron Valiant|17\/100\n|move|p2a: Iron Valiant|Spirit Break|p1a: Monarch\n|-supereffective|p1a: Monarch\n|-damage|p1a: Monarch|0 fnt\n|faint|p1a: Monarch\n|-end|p1a: Monarch|Quark Drive|[silent]\n|\n|upkeep\n|\n|t:|1700763782\n|switch|p1a: Cheeseeee|Gholdengo|100\/100\n|-item|p1a: Cheeseeee|Air Balloon\n|turn|4\n|\n|t:|1700763787\n|move|p2a: Iron Valiant|Knock Off|p1a: Cheeseeee\n|-supereffective|p1a: Cheeseeee\n|-damage|p1a: Cheeseeee|0 fnt\n|-enditem|p1a: Cheeseeee|Air Balloon\n|faint|p1a: Cheeseeee\n|\n|upkeep\n|c|\u2606Lux2821|I lost this one\n|\n|t:|1700763794\n|switch|p1a: Hammer Head|Landorus-Therian, M|100\/100\n|-ability|p1a: Hammer Head|Intimidate|boost\n|-unboost|p2a: Iron Valiant|atk|1\n|turn|5\n|c| SERANITO|Oops\n|c|\u2606Bio_Hazz|iron baliant is crazyt\n|\n|t:|1700763800\n|move|p2a: Iron Valiant|Spirit Break|p1a: Hammer Head\n|-damage|p1a: Hammer Head|4\/100\n|-unboost|p1a: Hammer Head|spa|1\n|move|p1a: Hammer Head|U-turn|p2a: Iron Valiant\n|-resisted|p2a: Iron Valiant\n|-damage|p2a: Iron Valiant|0 fnt\n|faint|p2a: Iron Valiant\n|-end|p2a: Iron Valiant|Quark Drive|[silent]\n|c|\u2606Lux2821|W LANDO\n|\n|t:|1700763813\n|switch|p1a: FutuRa|Iron Moth|100\/100|[from] U-turn\n|-enditem|p1a: FutuRa|Booster Energy\n|-activate|p1a: FutuRa|ability: Quark Drive|[fromitem]\n|-start|p1a: FutuRa|quarkdrivespe\n|\n|upkeep\n|c|\u2606Bio_Hazz|ye its a tank\n|\n|t:|1700763820\n|switch|p2a: Garganacl|Garganacl, M|100\/100\n|turn|6\n|\n|t:|1700763823\n|-terastallize|p1a: FutuRa|Fairy\n|move|p1a: FutuRa|Energy Ball|p2a: Garganacl\n|-supereffective|p2a: Garganacl\n|-damage|p2a: Garganacl|39\/100\n|move|p2a: Garganacl|Salt Cure|p1a: FutuRa\n|-damage|p1a: FutuRa|78\/100\n|-start|p1a: FutuRa|Salt Cure\n|\n|-heal|p2a: Garganacl|45\/100|[from] item: Leftovers\n|-damage|p1a: FutuRa|65\/100|[from] Salt Cure\n|upkeep\n|turn|7\n|\n|t:|1700763841\n|switch|p2a: Iron Moth|Iron Moth|100\/100\n|move|p1a: FutuRa|Energy Ball|p2a: Iron Moth\n|-resisted|p2a: Iron Moth\n|-damage|p2a: Iron Moth|93\/100\n|\n|-heal|p2a: Iron Moth|99\/100|[from] item: Black Sludge\n|-damage|p1a: FutuRa|53\/100|[from] Salt Cure\n|upkeep\n|turn|8\n|\n|t:|1700763851\n|move|p1a: FutuRa|Psychic|p2a: Iron Moth\n|-supereffective|p2a: Iron Moth\n|-damage|p2a: Iron Moth|34\/100\n|-unboost|p2a: Iron Moth|spd|1\n|move|p2a: Iron Moth|Substitute|p2a: Iron Moth\n|-start|p2a: Iron Moth|Substitute\n|-damage|p2a: Iron Moth|9\/100\n|\n|-heal|p2a: Iron Moth|15\/100|[from] item: Black Sludge\n|-damage|p1a: FutuRa|40\/100|[from] Salt Cure\n|upkeep\n|turn|9\n|\n|t:|1700763856\n|move|p1a: FutuRa|Psychic|p2a: Iron Moth\n|-supereffective|p2a: Iron Moth\n|-end|p2a: Iron Moth|Substitute\n|move|p2a: Iron Moth|Sludge Wave|p1a: FutuRa\n|-supereffective|p1a: FutuRa\n|-damage|p1a: FutuRa|0 fnt\n|faint|p1a: FutuRa\n|-end|p1a: FutuRa|Quark Drive|[silent]\n|\n|-heal|p2a: Iron Moth|21\/100|[from] item: Black Sludge\n|upkeep\n|\n|t:|1700763860\n|switch|p1a: Hammer Head|Landorus-Therian, M|4\/100\n|-ability|p1a: Hammer Head|Intimidate|boost\n|-unboost|p2a: Iron Moth|atk|1\n|turn|10\n|\n|t:|1700763864\n|move|p1a: Hammer Head|Earthquake|p2a: Iron Moth\n|-supereffective|p2a: Iron Moth\n|-damage|p2a: Iron Moth|0 fnt\n|faint|p2a: Iron Moth\n|-end|p2a: Iron Moth|Quark Drive|[silent]\n|\n|upkeep\n|\n|t:|1700763868\n|switch|p2a: Scizor|Scizor, F|100\/100\n|turn|11\n|\n|t:|1700763878\n|switch|p1a: Hazard Switcheroo|Cinderace, F|100\/100\n|move|p2a: Scizor|Bug Bite|p1a: Hazard Switcheroo\n|-resisted|p1a: Hazard Switcheroo\n|-damage|p1a: Hazard Switcheroo|65\/100\n|\n|upkeep\n|turn|12\n|\n|t:|1700763883\n|move|p1a: Hazard Switcheroo|Will-O-Wisp|p2a: Scizor\n|-status|p2a: Scizor|brn\n|move|p2a: Scizor|Dual Wingbeat|p1a: Hazard Switcheroo\n|-damage|p1a: Hazard Switcheroo|49\/100\n|-damage|p1a: Hazard Switcheroo|32\/100\n|-hitcount|p1a: Hazard Switcheroo|2\n|\n|-damage|p2a: Scizor|94\/100 brn|[from] brn\n|upkeep\n|turn|13\n|\n|t:|1700763896\n|move|p1a: Hazard Switcheroo|Pyro Ball|p2a: Scizor|[miss]\n|-miss|p1a: Hazard Switcheroo|p2a: Scizor\n|move|p2a: Scizor|Dual Wingbeat|p1a: Hazard Switcheroo\n|-crit|p1a: Hazard Switcheroo\n|-damage|p1a: Hazard Switcheroo|5\/100\n|-damage|p1a: Hazard Switcheroo|0 fnt\n|faint|p1a: Hazard Switcheroo\n|-hitcount|p1: Hazard Switcheroo|2\n|\n|-damage|p2a: Scizor|88\/100 brn|[from] brn\n|upkeep\n|c|\u2606Lux2821|bruh\n|\n|t:|1700763902\n|switch|p1a: Hammer Head|Landorus-Therian, M|4\/100\n|-ability|p1a: Hammer Head|Intimidate|boost\n|-unboost|p2a: Scizor|atk|1\n|turn|14\n|c|\u2606Bio_Hazz|thats\n|c|\u2606Bio_Hazz|thats my luck\n|c|\u2606Bio_Hazz|stop stealing it\n|\n|t:|1700763911\n|move|p2a: Scizor|Bullet Punch|p1a: Hammer Head\n|-damage|p1a: Hammer Head|0 fnt\n|faint|p1a: Hammer Head\n|\n|win|Bio_Hazz\n|l| SERANITO\n|c|\u2606Bio_Hazz|gg\n","uploadtime":1700763925,"views":5,"p1id":"lux2821","p2id":"biohazz","formatid":"gen9ou","rating":0,"private":0,"password":""}