{"id":"gen9ou-2000022313","p1":"WaslisAss","p2":"ghostgallade","format":"[Gen 9] OU","log":"|j|\u2606WaslisAss\n|j|\u2606ghostgallade\n|inactive|Battle timer is ON: inactive players will automatically lose when time's up.\n|t:|1701142326\n|gametype|singles\n|player|p1|WaslisAss|ash-capbackward|\n|player|p2|ghostgallade|n|\n|teamsize|p1|6\n|teamsize|p2|6\n|gen|9\n|tier|[Gen 9] OU\n|rated|Tournament battle\n|rule|Sleep Clause Mod: Limit one foe put to sleep\n|rule|Species Clause: Limit one of each Pok\u00e9mon\n|rule|OHKO Clause: OHKO moves are banned\n|rule|Evasion Items Clause: Evasion items are banned\n|rule|Evasion Moves Clause: Evasion moves are banned\n|rule|Endless Battle Clause: Forcing endless battles is banned\n|rule|HP Percentage Mod: HP is shown in percentages\n|clearpoke\n|poke|p1|Torterra, F|\n|poke|p1|Ribombee, F|\n|poke|p1|Gholdengo|\n|poke|p1|Iron Moth|\n|poke|p1|Great Tusk|\n|poke|p1|Walking Wake|\n|poke|p2|Glimmora, F|\n|poke|p2|Kingambit, F|\n|poke|p2|Iron Valiant|\n|poke|p2|Dragapult, F|\n|poke|p2|Landorus-Therian, M|\n|poke|p2|Hatterene, F|\n|teampreview\n|\n|t:|1701142344\n|start\n|switch|p1a: SpiderWoman|Ribombee, F|100\/100\n|switch|p2a: Landorus|Landorus-Therian, M|100\/100\n|-ability|p2a: Landorus|Intimidate|boost\n|-unboost|p1a: SpiderWoman|atk|1\n|turn|1\n|\n|t:|1701142351\n|move|p2a: Landorus|U-turn|p1a: SpiderWoman\n|-resisted|p1a: SpiderWoman\n|-damage|p1a: SpiderWoman|74\/100\n|\n|t:|1701142354\n|switch|p2a: Hatterene|Hatterene, F|100\/100|[from] U-turn\n|move|p1a: SpiderWoman|Moonblast|p2a: Hatterene\n|-damage|p2a: Hatterene|60\/100\n|-enditem|p2a: Hatterene|Eject Button\n|j| shwak\n|\n|t:|1701142366\n|switch|p2a: Landorus|Landorus-Therian, M|100\/100\n|-ability|p2a: Landorus|Intimidate|boost\n|-unboost|p1a: SpiderWoman|atk|1\n|\n|upkeep\n|turn|2\n|inactive|WaslisAss has 120 seconds left.\n|inactive|ghostgallade has 120 seconds left.\n|\n|t:|1701142409\n|move|p2a: Landorus|U-turn|p1a: SpiderWoman\n|-resisted|p1a: SpiderWoman\n|-damage|p1a: SpiderWoman|46\/100\n|\n|t:|1701142412\n|switch|p2a: Hatterene|Hatterene, F|60\/100|[from] U-turn\n|move|p1a: SpiderWoman|Moonblast|p2a: Hatterene\n|-damage|p2a: Hatterene|14\/100\n|\n|upkeep\n|turn|3\n|\n|t:|1701142418\n|move|p1a: SpiderWoman|Moonblast|p2a: Hatterene\n|-damage|p2a: Hatterene|0 fnt\n|faint|p2a: Hatterene\n|\n|upkeep\n|\n|t:|1701142422\n|switch|p2a: Dragapult|Dragapult, F|100\/100\n|turn|4\n|l| shwak\n|\n|t:|1701142433\n|move|p2a: Dragapult|Shadow Ball|p1a: SpiderWoman\n|-damage|p1a: SpiderWoman|0 fnt\n|faint|p1a: SpiderWoman\n|\n|upkeep\n|\n|t:|1701142456\n|switch|p1a: Tusky|Great Tusk|100\/100\n|-enditem|p1a: Tusky|Booster Energy\n|-activate|p1a: Tusky|ability: Protosynthesis|[fromitem]\n|-start|p1a: Tusky|protosynthesisatk\n|turn|5\n|\n|t:|1701142466\n|-terastallize|p2a: Dragapult|Ghost\n|move|p2a: Dragapult|Shadow Ball|p1a: Tusky\n|-damage|p1a: Tusky|0 fnt\n|faint|p1a: Tusky\n|-end|p1a: Tusky|Protosynthesis|[silent]\n|\n|upkeep\n|\n|t:|1701142474\n|switch|p1a: McFries|Gholdengo|100\/100\n|-item|p1a: McFries|Air Balloon\n|turn|6\n|\n|t:|1701142478\n|-terastallize|p1a: McFries|Fairy\n|move|p2a: Dragapult|Shadow Ball|p1a: McFries\n|-damage|p1a: McFries|32\/100\n|-enditem|p1a: McFries|Air Balloon\n|move|p1a: McFries|Shadow Ball|p2a: Dragapult\n|-supereffective|p2a: Dragapult\n|-damage|p2a: Dragapult|10\/100\n|-unboost|p2a: Dragapult|spd|1\n|\n|upkeep\n|turn|7\n|\n|t:|1701142487\n|move|p2a: Dragapult|Shadow Ball|p1a: McFries\n|-damage|p1a: McFries|0 fnt\n|faint|p1a: McFries\n|\n|upkeep\n|\n|t:|1701142496\n|switch|p1a: FreeVolc|Iron Moth|100\/100\n|-enditem|p1a: FreeVolc|Booster Energy\n|-activate|p1a: FreeVolc|ability: Quark Drive|[fromitem]\n|-start|p1a: FreeVolc|quarkdrivespa\n|turn|8\n|\n|t:|1701142501\n|move|p2a: Dragapult|Shadow Ball|p1a: FreeVolc\n|-damage|p1a: FreeVolc|29\/100\n|move|p1a: FreeVolc|Fiery Dance|p2a: Dragapult\n|-damage|p2a: Dragapult|0 fnt\n|-boost|p1a: FreeVolc|spa|1\n|faint|p2a: Dragapult\n|\n|upkeep\n|\n|t:|1701142508\n|switch|p2a: Landorus|Landorus-Therian, M|100\/100\n|-ability|p2a: Landorus|Intimidate|boost\n|-unboost|p1a: FreeVolc|atk|1\n|turn|9\n|\n|t:|1701142515\n|move|p2a: Landorus|Earthquake|p1a: FreeVolc\n|-supereffective|p1a: FreeVolc\n|-damage|p1a: FreeVolc|0 fnt\n|faint|p1a: FreeVolc\n|-end|p1a: FreeVolc|Quark Drive|[silent]\n|\n|upkeep\n|\n|t:|1701142516\n|switch|p1a: oung Oogway|Torterra, F|100\/100\n|turn|10\n|\n|t:|1701142538\n|move|p2a: Landorus|Earthquake|p1a: oung Oogway\n|-resisted|p1a: oung Oogway\n|-damage|p1a: oung Oogway|72\/100\n|move|p1a: oung Oogway|Shell Smash|p1a: oung Oogway\n|-unboost|p1a: oung Oogway|def|1\n|-unboost|p1a: oung Oogway|spd|1\n|-boost|p1a: oung Oogway|atk|2\n|-boost|p1a: oung Oogway|spa|2\n|-boost|p1a: oung Oogway|spe|2\n|\n|upkeep\n|turn|11\n|\n|t:|1701142542\n|move|p2a: Landorus|Earthquake|p1a: oung Oogway\n|-resisted|p1a: oung Oogway\n|-damage|p1a: oung Oogway|29\/100\n|move|p1a: oung Oogway|Shell Smash|p1a: oung Oogway\n|-unboost|p1a: oung Oogway|def|1\n|-unboost|p1a: oung Oogway|spd|1\n|-boost|p1a: oung Oogway|atk|2\n|-boost|p1a: oung Oogway|spa|2\n|-boost|p1a: oung Oogway|spe|2\n|\n|upkeep\n|turn|12\n|\n|t:|1701142551\n|switch|p2a: Kingambit|Kingambit, F|100\/100\n|-activate|p2a: Kingambit|ability: Supreme Overlord\n|-start|p2a: Kingambit|fallen2|[silent]\n|move|p1a: oung Oogway|Bullet Seed|p2a: Kingambit\n|-resisted|p2a: Kingambit\n|-damage|p2a: Kingambit|86\/100\n|-resisted|p2a: Kingambit\n|-damage|p2a: Kingambit|72\/100\n|-resisted|p2a: Kingambit\n|-damage|p2a: Kingambit|58\/100\n|-resisted|p2a: Kingambit\n|-damage|p2a: Kingambit|45\/100\n|-resisted|p2a: Kingambit\n|-damage|p2a: Kingambit|30\/100\n|-hitcount|p2a: Kingambit|5\n|\n|-heal|p2a: Kingambit|37\/100|[from] item: Leftovers\n|upkeep\n|turn|13\n|j| TallGuyInATophat\n|\n|t:|1701142560\n|move|p1a: oung Oogway|Shell Smash|p1a: oung Oogway\n|-unboost|p1a: oung Oogway|def|1\n|-unboost|p1a: oung Oogway|spd|1\n|-boost|p1a: oung Oogway|atk|2\n|-boost|p1a: oung Oogway|spa|2\n|-boost|p1a: oung Oogway|spe|2\n|move|p2a: Kingambit|Kowtow Cleave|p1a: oung Oogway\n|-damage|p1a: oung Oogway|0 fnt\n|faint|p1a: oung Oogway\n|\n|-heal|p2a: Kingambit|43\/100|[from] item: Leftovers\n|upkeep\n|\n|t:|1701142562\n|switch|p1a: WhenSeptEnds|Walking Wake|100\/100\n|-enditem|p1a: WhenSeptEnds|Booster Energy\n|-activate|p1a: WhenSeptEnds|ability: Protosynthesis|[fromitem]\n|-start|p1a: WhenSeptEnds|protosynthesisspa\n|turn|14\n|\n|t:|1701142567\n|move|p2a: Kingambit|Sucker Punch||[still]\n|-fail|p2a: Kingambit\n|move|p1a: WhenSeptEnds|Substitute|p1a: WhenSeptEnds\n|-start|p1a: WhenSeptEnds|Substitute\n|-damage|p1a: WhenSeptEnds|76\/100\n|\n|-heal|p2a: Kingambit|49\/100|[from] item: Leftovers\n|upkeep\n|turn|15\n|\n|t:|1701142570\n|move|p2a: Kingambit|Sucker Punch|p1a: WhenSeptEnds\n|-end|p1a: WhenSeptEnds|Substitute\n|move|p1a: WhenSeptEnds|Flamethrower|p2a: Kingambit\n|-supereffective|p2a: Kingambit\n|-damage|p2a: Kingambit|0 fnt\n|faint|p2a: Kingambit\n|-end|p2a: Kingambit|fallen2|[silent]\n|\n|upkeep\n|\n|t:|1701142573\n|switch|p2a: Landorus|Landorus-Therian, M|100\/100\n|-ability|p2a: Landorus|Intimidate|boost\n|-unboost|p1a: WhenSeptEnds|atk|1\n|turn|16\n|\n|t:|1701142575\n|move|p2a: Landorus|Earthquake|p1a: WhenSeptEnds\n|-damage|p1a: WhenSeptEnds|13\/100\n|move|p1a: WhenSeptEnds|Hydro Steam|p2a: Landorus\n|-supereffective|p2a: Landorus\n|-damage|p2a: Landorus|0 fnt\n|faint|p2a: Landorus\n|\n|upkeep\n|\n|t:|1701142579\n|switch|p2a: Glimmora|Glimmora, F|100\/100\n|turn|17\n|\n|t:|1701142581\n|move|p1a: WhenSeptEnds|Hydro Steam|p2a: Glimmora\n|-supereffective|p2a: Glimmora\n|-enditem|p2a: Glimmora|Focus Sash\n|-damage|p2a: Glimmora|1\/100\n|move|p2a: Glimmora|Energy Ball|p1a: WhenSeptEnds\n|-crit|p1a: WhenSeptEnds\n|-damage|p1a: WhenSeptEnds|0 fnt\n|faint|p1a: WhenSeptEnds\n|-end|p1a: WhenSeptEnds|Protosynthesis|[silent]\n|\n|win|ghostgallade\n|n|\u2606WaslisAss|waslisass\n|n|\u2606ghostgallade|ghostgallade\n|n| TallGuyInATophat|tallguyinatophat\n|l|\u2606WaslisAss\n|c|\u2606ghostgallade|gg\n","uploadtime":1701142592,"views":6,"p1id":"waslisass","p2id":"ghostgallade","formatid":"gen9ou","rating":0,"private":0,"password":""}