{"id":"gen9ou-1990425264","p1":"Dlord1765","p2":"Originxpulse","format":"[Gen 9] OU","log":"|j|\u2606Dlord1765\n|j|\u2606Originxpulse\n|t:|1699969674\n|gametype|singles\n|player|p1|Dlord1765|265|1333\n|player|p2|Originxpulse|hilbert|1452\n|teamsize|p1|6\n|teamsize|p2|6\n|gen|9\n|tier|[Gen 9] OU\n|rated|\n|rule|Sleep Clause Mod: Limit one foe put to sleep\n|rule|Species Clause: Limit one of each Pok\u00e9mon\n|rule|OHKO Clause: OHKO moves are banned\n|rule|Evasion Items Clause: Evasion items are banned\n|rule|Evasion Moves Clause: Evasion moves are banned\n|rule|Endless Battle Clause: Forcing endless battles is banned\n|rule|HP Percentage Mod: HP is shown in percentages\n|clearpoke\n|poke|p1|Scizor, M|\n|poke|p1|Alomomola, M|\n|poke|p1|Thundurus-Therian, M|\n|poke|p1|Great Tusk|\n|poke|p1|Iron Moth|\n|poke|p1|Lucario, M|\n|poke|p2|Zamazenta-*|\n|poke|p2|Greninja-*, M|\n|poke|p2|Toxapex, F|\n|poke|p2|Landorus-Therian, M|\n|poke|p2|Slowking-Galar, M|\n|poke|p2|Dragapult, F|\n|teampreview\n|inactive|Battle timer is ON: inactive players will automatically lose when time's up. (requested by Dlord1765)\n|\n|t:|1699969685\n|start\n|switch|p1a: Scizor|Scizor, M, shiny|100\/100\n|switch|p2a: Landorus|Landorus-Therian, M|100\/100\n|-ability|p2a: Landorus|Intimidate|boost\n|-unboost|p1a: Scizor|atk|1\n|turn|1\n|\n|t:|1699969690\n|move|p2a: Landorus|U-turn|p1a: Scizor\n|-resisted|p1a: Scizor\n|-damage|p1a: Scizor|88\/100\n|\n|t:|1699969693\n|switch|p2a: Dragapult|Dragapult, F|100\/100|[from] U-turn\n|move|p1a: Scizor|Knock Off|p2a: Dragapult\n|-supereffective|p2a: Dragapult\n|-damage|p2a: Dragapult|36\/100\n|-enditem|p2a: Dragapult|Choice Specs|[from] move: Knock Off|[of] p1a: Scizor\n|\n|upkeep\n|turn|2\n|\n|t:|1699969700\n|move|p2a: Dragapult|Flamethrower|p1a: Scizor\n|-supereffective|p1a: Scizor\n|-damage|p1a: Scizor|0 fnt\n|faint|p1a: Scizor\n|\n|upkeep\n|\n|t:|1699969711\n|switch|p1a: Alomomola|Alomomola, M|100\/100\n|turn|3\n|\n|t:|1699969715\n|move|p2a: Dragapult|U-turn|p1a: Alomomola\n|-damage|p1a: Alomomola|92\/100\n|-enditem|p1a: Alomomola|Red Card|[of] p2a: Dragapult\n|drag|p2a: Slowking|Slowking-Galar, M|100\/100\n|move|p1a: Alomomola|Flip Turn|p2a: Slowking\n|-crit|p2a: Slowking\n|-damage|p2a: Slowking|83\/100\n|\n|t:|1699969721\n|switch|p1a: Great Tusk|Great Tusk|100\/100|[from] Flip Turn\n|\n|upkeep\n|turn|4\n|\n|t:|1699969731\n|move|p1a: Great Tusk|Ice Spinner|p2a: Slowking\n|-damage|p2a: Slowking|63\/100\n|move|p2a: Slowking|Future Sight|p1a: Great Tusk\n|-start|p2a: Slowking|move: Future Sight\n|\n|upkeep\n|turn|5\n|\n|t:|1699969735\n|switch|p2a: Toxapex|Toxapex, F|100\/100\n|move|p1a: Great Tusk|Knock Off|p2a: Toxapex\n|-damage|p2a: Toxapex|73\/100\n|-enditem|p2a: Toxapex|Assault Vest|[from] move: Knock Off|[of] p1a: Great Tusk\n|\n|upkeep\n|turn|6\n|\n|t:|1699969740\n|-end|p1a: Great Tusk|Protosynthesis|[silent]\n|switch|p1a: Alomomola|Alomomola, M|100\/100\n|move|p2a: Toxapex|Surf|p1a: Alomomola\n|-resisted|p1a: Alomomola\n|-damage|p1a: Alomomola|84\/100\n|\n|-end|p1a: Alomomola|move: Future Sight\n|-damage|p1a: Alomomola|33\/100\n|upkeep\n|turn|7\n|\n|t:|1699969750\n|move|p1a: Alomomola|Wish|p1a: Alomomola\n|move|p2a: Toxapex|Sludge Bomb|p1a: Alomomola\n|-damage|p1a: Alomomola|0 fnt\n|faint|p1a: Alomomola\n|\n|upkeep\n|\n|t:|1699969754\n|switch|p1a: Thundurus|Thundurus-Therian, M|100\/100\n|turn|8\n|inactive|Originxpulse has 120 seconds left.\n|\n|t:|1699969797\n|-terastallize|p1a: Thundurus|Flying\n|move|p1a: Thundurus|Tera Blast|p2a: Toxapex|[anim] Tera Blast Flying\n|-damage|p2a: Toxapex|0 fnt\n|faint|p2a: Toxapex\n|\n|upkeep\n|\n|t:|1699969807\n|switch|p2a: Landorus|Landorus-Therian, M|100\/100\n|-ability|p2a: Landorus|Intimidate|boost\n|-unboost|p1a: Thundurus|atk|1\n|turn|9\n|\n|t:|1699969810\n|move|p2a: Landorus|Stone Edge|p1a: Thundurus\n|-supereffective|p1a: Thundurus\n|-crit|p1a: Thundurus\n|-damage|p1a: Thundurus|0 fnt\n|faint|p1a: Thundurus\n|\n|upkeep\n|\n|t:|1699969814\n|switch|p1a: Lucario|Lucario, M|100\/100\n|turn|10\n|inactive|Originxpulse has 120 seconds left.\n|n|!Dlord1765|dlord1765\n|\n|t:|1699969841\n|move|p2a: Landorus|Stone Edge|p1a: Lucario\n|-resisted|p1a: Lucario\n|-damage|p1a: Lucario|86\/100\n|move|p1a: Lucario|Swords Dance|p1a: Lucario\n|-boost|p1a: Lucario|atk|2\n|\n|upkeep\n|turn|11\n|\n|t:|1699969845\n|switch|p2a: Dragapult|Dragapult, F|36\/100\n|move|p1a: Lucario|Swords Dance|p1a: Lucario\n|-boost|p1a: Lucario|atk|2\n|\n|upkeep\n|turn|12\n|\n|t:|1699969847\n|move|p2a: Dragapult|Flamethrower|p1a: Lucario\n|-supereffective|p1a: Lucario\n|-damage|p1a: Lucario|1\/100\n|-status|p1a: Lucario|brn\n|move|p1a: Lucario|Crunch|p2a: Dragapult\n|-supereffective|p2a: Dragapult\n|-damage|p2a: Dragapult|0 fnt\n|faint|p2a: Dragapult\n|\n|-damage|p1a: Lucario|0 fnt|[from] brn\n|faint|p1a: Lucario\n|upkeep\n|-message|Dlord1765 forfeited.\n|\n|win|Originxpulse\n|raw|Dlord1765's rating: 1333 &rarr; <strong>1318<\/strong><br \/>(-15 for losing)\n|raw|Originxpulse's rating: 1427 &rarr; <strong>1442<\/strong><br \/>(+15 for winning)\n|l|!Dlord1765\n","uploadtime":1699969840,"views":8,"p1id":"dlord1765","p2id":"originxpulse","formatid":"gen9ou","rating":1318,"private":0,"password":""}