{"id":"gen9ou-1989804524","p1":"BirbGuyMan","p2":"d2turntup","format":"[Gen 9] OU","log":"|j|\u2606BirbGuyMan\n|j|\u2606d2turntup\n|t:|1699897153\n|gametype|singles\n|player|p1|BirbGuyMan|1|1089\n|player|p2|d2turntup|wallace|1052\n|teamsize|p1|6\n|teamsize|p2|6\n|gen|9\n|tier|[Gen 9] OU\n|rated|\n|rule|Sleep Clause Mod: Limit one foe put to sleep\n|rule|Species Clause: Limit one of each Pok\u00e9mon\n|rule|OHKO Clause: OHKO moves are banned\n|rule|Evasion Items Clause: Evasion items are banned\n|rule|Evasion Moves Clause: Evasion moves are banned\n|rule|Endless Battle Clause: Forcing endless battles is banned\n|rule|HP Percentage Mod: HP is shown in percentages\n|clearpoke\n|poke|p1|Sneasler, M|\n|poke|p1|Heatran, M|\n|poke|p1|Walking Wake|\n|poke|p1|Zapdos|\n|poke|p1|Great Tusk|\n|poke|p1|Ninetales-Alola, M|\n|poke|p2|Dragapult, M|\n|poke|p2|Spidops, F|\n|poke|p2|Ursaluna, F|\n|poke|p2|Rotom-Heat|\n|poke|p2|Meowscarada, M|\n|poke|p2|Basculegion-F, F|\n|teampreview\n|\n|t:|1699897179\n|start\n|switch|p1a: Gliscor-T|Great Tusk|100\/100\n|switch|p2a: Spidops|Spidops, F|100\/100\n|turn|1\n|\n|t:|1699897185\n|move|p1a: Gliscor-T|Knock Off|p2a: Spidops\n|-damage|p2a: Spidops|69\/100\n|-enditem|p2a: Spidops|Focus Sash|[from] move: Knock Off|[of] p1a: Gliscor-T\n|move|p2a: Spidops|Sticky Web|p1a: Gliscor-T\n|-sidestart|p1: BirbGuyMan|move: Sticky Web\n|\n|upkeep\n|turn|2\n|\n|t:|1699897194\n|move|p1a: Gliscor-T|Stealth Rock|p2a: Spidops\n|-sidestart|p2: d2turntup|move: Stealth Rock\n|move|p2a: Spidops|Memento|p1a: Gliscor-T\n|-unboost|p1a: Gliscor-T|atk|2\n|-unboost|p1a: Gliscor-T|spa|2\n|faint|p2a: Spidops\n|\n|upkeep\n|\n|t:|1699897207\n|switch|p2a: Dragapult|Dragapult, M|100\/100\n|-damage|p2a: Dragapult|88\/100|[from] Stealth Rock\n|turn|3\n|\n|t:|1699897218\n|-terastallize|p2a: Dragapult|Fairy\n|move|p2a: Dragapult|Tera Blast|p1a: Gliscor-T|[anim] Tera Blast Fairy\n|-supereffective|p1a: Gliscor-T\n|-damage|p1a: Gliscor-T|59\/100\n|-damage|p2a: Dragapult|78\/100|[from] item: Life Orb\n|move|p1a: Gliscor-T|Knock Off|p2a: Dragapult\n|-resisted|p2a: Dragapult\n|-damage|p2a: Dragapult|68\/100\n|-enditem|p2a: Dragapult|Life Orb|[from] move: Knock Off|[of] p1a: Gliscor-T\n|\n|-heal|p1a: Gliscor-T|65\/100|[from] item: Leftovers\n|upkeep\n|turn|4\n|\n|t:|1699897236\n|-terastallize|p1a: Gliscor-T|Steel\n|move|p2a: Dragapult|Dragon Dance|p2a: Dragapult\n|-boost|p2a: Dragapult|atk|1\n|-boost|p2a: Dragapult|spe|1\n|move|p1a: Gliscor-T|Rapid Spin|p2a: Dragapult\n|-damage|p2a: Dragapult|56\/100\n|-boost|p1a: Gliscor-T|spe|1\n|-sideend|p1: BirbGuyMan|Sticky Web|[from] move: Rapid Spin|[of] p1a: Gliscor-T\n|\n|-heal|p1a: Gliscor-T|71\/100|[from] item: Leftovers\n|upkeep\n|turn|5\n|\n|t:|1699897245\n|move|p2a: Dragapult|Dragon Dance|p2a: Dragapult\n|-boost|p2a: Dragapult|atk|1\n|-boost|p2a: Dragapult|spe|1\n|move|p1a: Gliscor-T|Earthquake|p2a: Dragapult\n|-damage|p2a: Dragapult|24\/100\n|\n|-heal|p1a: Gliscor-T|77\/100|[from] item: Leftovers\n|upkeep\n|turn|6\n|\n|t:|1699897254\n|move|p2a: Dragapult|Fire Blast|p1a: Gliscor-T\n|-supereffective|p1a: Gliscor-T\n|-damage|p1a: Gliscor-T|0 fnt\n|faint|p1a: Gliscor-T\n|-end|p1a: Gliscor-T|Protosynthesis|[silent]\n|\n|upkeep\n|\n|t:|1699897270\n|switch|p1a: Roach|Heatran, M|100\/100\n|turn|7\n|\n|t:|1699897314\n|move|p2a: Dragapult|Dragon Darts|p1a: Roach\n|-resisted|p1a: Roach\n|-damage|p1a: Roach|83\/100\n|-anim|p2a: Dragapult|Dragon Darts|p1a: Roach\n|-resisted|p1a: Roach\n|-damage|p1a: Roach|64\/100\n|move|p1a: Roach|Earth Power|p2a: Dragapult\n|-damage|p2a: Dragapult|0 fnt\n|faint|p2a: Dragapult\n|\n|-heal|p1a: Roach|71\/100|[from] item: Leftovers\n|upkeep\n|\n|t:|1699897327\n|switch|p2a: Ursaluna|Ursaluna, F|100\/100\n|-damage|p2a: Ursaluna|94\/100|[from] Stealth Rock\n|turn|8\n|\n|t:|1699897338\n|move|p1a: Roach|Magma Storm|p2a: Ursaluna\n|-damage|p2a: Ursaluna|57\/100\n|-activate|p2a: Ursaluna|move: Magma Storm|[of] p1a: Roach\n|move|p2a: Ursaluna|Trailblaze|p1a: Roach\n|-resisted|p1a: Roach\n|-damage|p1a: Roach|67\/100\n|-boost|p2a: Ursaluna|spe|1\n|\n|-heal|p1a: Roach|73\/100|[from] item: Leftovers\n|-damage|p2a: Ursaluna|45\/100|[from] move: Magma Storm|[partiallytrapped]\n|-status|p2a: Ursaluna|brn|[from] item: Flame Orb\n|upkeep\n|turn|9\n|\n|t:|1699897350\n|move|p1a: Roach|Protect|p1a: Roach\n|-singleturn|p1a: Roach|Protect\n|move|p2a: Ursaluna|Headlong Rush|p1a: Roach\n|-activate|p1a: Roach|move: Protect\n|\n|-heal|p1a: Roach|79\/100|[from] item: Leftovers\n|-damage|p2a: Ursaluna|38\/100 brn|[from] brn\n|-damage|p2a: Ursaluna|26\/100 brn|[from] move: Magma Storm|[partiallytrapped]\n|upkeep\n|turn|10\n|\n|t:|1699897369\n|switch|p1a: Hummingbird|Zapdos, shiny|100\/100\n|move|p2a: Ursaluna|Play Rough|p1a: Hummingbird\n|-damage|p1a: Hummingbird|62\/100\n|\n|-damage|p2a: Ursaluna|20\/100 brn|[from] brn\n|-end|p2a: Ursaluna|Magma Storm|[partiallytrapped]|[silent]\n|upkeep\n|turn|11\n|\n|t:|1699897387\n|move|p1a: Hummingbird|Hurricane|p2a: Ursaluna|[miss]\n|-miss|p1a: Hummingbird|p2a: Ursaluna\n|move|p2a: Ursaluna|Play Rough|p1a: Hummingbird\n|-damage|p1a: Hummingbird|24\/100\n|\n|-damage|p2a: Ursaluna|13\/100 brn|[from] brn\n|upkeep\n|turn|12\n|\n|t:|1699897415\n|move|p1a: Hummingbird|Hurricane|p2a: Ursaluna\n|-damage|p2a: Ursaluna|0 fnt\n|faint|p2a: Ursaluna\n|\n|upkeep\n|inactive|Battle timer is ON: inactive players will automatically lose when time's up. (requested by BirbGuyMan)\n|inactive|d2turntup has 120 seconds left.\n|\n|t:|1699897571\n|switch|p2a: Rotom|Rotom-Heat|100\/100\n|-damage|p2a: Rotom|76\/100|[from] Stealth Rock\n|turn|13\n|\n|t:|1699897581\n|move|p1a: Hummingbird|Roost|p1a: Hummingbird\n|-heal|p1a: Hummingbird|74\/100\n|-singleturn|p1a: Hummingbird|move: Roost\n|move|p2a: Rotom|Volt Switch|p1a: Hummingbird\n|-resisted|p1a: Hummingbird\n|-damage|p1a: Hummingbird|61\/100\n|\n|t:|1699897587\n|switch|p2a: Basculegion|Basculegion-F, F|100\/100|[from] Volt Switch\n|-damage|p2a: Basculegion|88\/100|[from] Stealth Rock\n|\n|upkeep\n|turn|14\n|\n|t:|1699897594\n|move|p2a: Basculegion|Blizzard|p1a: Hummingbird\n|-supereffective|p1a: Hummingbird\n|-damage|p1a: Hummingbird|0 fnt\n|faint|p1a: Hummingbird\n|\n|upkeep\n|\n|t:|1699897602\n|switch|p1a: Ninetales|Ninetales-Alola, M|100\/100\n|-weather|Snow|[from] ability: Snow Warning|[of] p1a: Ninetales\n|turn|15\n|\n|t:|1699897607\n|switch|p2a: Rotom|Rotom-Heat|76\/100\n|-damage|p2a: Rotom|51\/100|[from] Stealth Rock\n|move|p1a: Ninetales|Encore||[still]\n|-fail|p1a: Ninetales\n|\n|-weather|Snow|[upkeep]\n|-heal|p2a: Rotom|57\/100|[from] item: Leftovers\n|upkeep\n|turn|16\n|\n|t:|1699897618\n|move|p1a: Ninetales|Aurora Veil|p1a: Ninetales\n|-sidestart|p1: BirbGuyMan|move: Aurora Veil\n|move|p2a: Rotom|Reflect|p2a: Rotom\n|-sidestart|p2: d2turntup|Reflect\n|\n|-weather|Snow|[upkeep]\n|-heal|p2a: Rotom|63\/100|[from] item: Leftovers\n|upkeep\n|turn|17\n|\n|t:|1699897630\n|switch|p1a: Roach|Heatran, M|79\/100\n|move|p2a: Rotom|Overheat|p1a: Roach\n|-start|p1a: Roach|ability: Flash Fire\n|\n|-weather|Snow|[upkeep]\n|-heal|p2a: Rotom|69\/100|[from] item: Leftovers\n|-heal|p1a: Roach|85\/100|[from] item: Leftovers\n|upkeep\n|turn|18\n|inactive|d2turntup has 120 seconds left.\n|inactive|d2turntup has 90 seconds left.\n|inactive|d2turntup has 60 seconds left.\n|inactive|d2turntup has 30 seconds left.\n|inactive|d2turntup has 20 seconds left.\n|inactive|d2turntup has 15 seconds left.\n|inactive|d2turntup has 10 seconds left.\n|inactive|d2turntup has 5 seconds left.\n|-message|d2turntup lost due to inactivity.\n|\n|win|BirbGuyMan\n|raw|BirbGuyMan's rating: 1089 &rarr; <strong>1113<\/strong><br \/>(+24 for winning)\n|raw|d2turntup's rating: 1052 &rarr; <strong>1036<\/strong><br \/>(-16 for losing)\n|l|\u2606d2turntup\n|c|\u2606BirbGuyMan|GG, you played really well (That Basculegion was a huge threat)\n","uploadtime":1699897819,"views":21,"p1id":"birbguyman","p2id":"d2turntup","formatid":"gen9ou","rating":1036,"private":0,"password":""}