{"id":"gen9ou-1994975589","p1":"kirroz","p2":"Angerybee","format":"[Gen 9] OU","log":"|j|\u2606kirroz\n|j|\u2606Angerybee\n|t:|1700509646\n|gametype|singles\n|player|p1|kirroz|giovanni|1266\n|player|p2|Angerybee|fisherman-gen4|1253\n|teamsize|p1|6\n|teamsize|p2|6\n|gen|9\n|tier|[Gen 9] OU\n|rated|\n|rule|Sleep Clause Mod: Limit one foe put to sleep\n|rule|Species Clause: Limit one of each Pok\u00e9mon\n|rule|OHKO Clause: OHKO moves are banned\n|rule|Evasion Items Clause: Evasion items are banned\n|rule|Evasion Moves Clause: Evasion moves are banned\n|rule|Endless Battle Clause: Forcing endless battles is banned\n|rule|HP Percentage Mod: HP is shown in percentages\n|clearpoke\n|poke|p1|Dragonite, F|\n|poke|p1|Iron Moth|\n|poke|p1|Greninja-*, M|\n|poke|p1|Hatterene, F|\n|poke|p1|Toxapex, F|\n|poke|p1|Corviknight, M|\n|poke|p2|Pelipper, F|\n|poke|p2|Jolteon, M|\n|poke|p2|Ludicolo, M|\n|poke|p2|Ogerpon-Wellspring, F|\n|poke|p2|Tornadus-Therian, M|\n|poke|p2|Ribombee, M|\n|teampreview\n|\n|t:|1700509658\n|start\n|switch|p1a: Requiem|Greninja, M, shiny|100\/100\n|switch|p2a: Pelipper|Pelipper, F|100\/100\n|-weather|RainDance|[from] ability: Drizzle|[of] p2a: Pelipper\n|turn|1\n|\n|t:|1700509667\n|move|p1a: Requiem|Hydro Pump|p2a: Pelipper\n|-start|p1a: Requiem|typechange|Water|[from] ability: Protean\n|-resisted|p2a: Pelipper\n|-damage|p2a: Pelipper|15\/100\n|move|p2a: Pelipper|Weather Ball|p1a: Requiem\n|-resisted|p1a: Requiem\n|-damage|p1a: Requiem|61\/100\n|\n|-weather|RainDance|[upkeep]\n|upkeep\n|turn|2\n|\n|t:|1700509675\n|move|p1a: Requiem|Hydro Pump|p2a: Pelipper\n|-resisted|p2a: Pelipper\n|-damage|p2a: Pelipper|0 fnt\n|faint|p2a: Pelipper\n|\n|-weather|RainDance|[upkeep]\n|upkeep\n|\n|t:|1700509677\n|switch|p2a: Jolteon|Jolteon, M|100\/100\n|turn|3\n|\n|t:|1700509689\n|switch|p1a: Piesitos|Hatterene, F, shiny|100\/100\n|move|p2a: Jolteon|Thunder|p1a: Piesitos\n|-crit|p1a: Piesitos\n|-damage|p1a: Piesitos|42\/100\n|-status|p1a: Piesitos|par\n|\n|-weather|RainDance|[upkeep]\n|upkeep\n|turn|4\n|\n|t:|1700509703\n|move|p2a: Jolteon|Thunder|p1a: Piesitos\n|-damage|p1a: Piesitos|2\/100 par\n|cant|p1a: Piesitos|par\n|\n|-weather|RainDance|[upkeep]\n|upkeep\n|turn|5\n|\n|t:|1700509710\n|move|p2a: Jolteon|Thunder|p1a: Piesitos\n|-damage|p1a: Piesitos|0 fnt\n|faint|p1a: Piesitos\n|\n|-weather|RainDance|[upkeep]\n|upkeep\n|\n|t:|1700509717\n|switch|p1a: Serafin|Dragonite, F|100\/100\n|turn|6\n|\n|t:|1700509727\n|-terastallize|p1a: Serafin|Normal\n|move|p1a: Serafin|Extreme Speed|p2a: Jolteon\n|-damage|p2a: Jolteon|11\/100\n|move|p2a: Jolteon|Thunder|p1a: Serafin\n|-damage|p1a: Serafin|70\/100\n|-status|p1a: Serafin|par\n|\n|-weather|RainDance|[upkeep]\n|upkeep\n|turn|7\n|c|\u2606kirroz|ES ENSERIO?\n|\n|t:|1700509739\n|move|p1a: Serafin|Extreme Speed|p2a: Jolteon\n|-damage|p2a: Jolteon|0 fnt\n|faint|p2a: Jolteon\n|\n|-weather|RainDance|[upkeep]\n|upkeep\n|\n|t:|1700509744\n|switch|p2a: Ribombee|Ribombee, M|100\/100\n|turn|8\n|\n|t:|1700509756\n|move|p1a: Serafin|Extreme Speed|p2a: Ribombee\n|-damage|p2a: Ribombee|12\/100\n|move|p2a: Ribombee|Sticky Web|p1a: Serafin\n|-sidestart|p1: kirroz|move: Sticky Web\n|\n|-weather|none\n|upkeep\n|turn|9\n|\n|t:|1700509766\n|switch|p1a: Corviknight|Corviknight, M|100\/100\n|move|p2a: Ribombee|Dazzling Gleam|p1a: Corviknight\n|-resisted|p1a: Corviknight\n|-damage|p1a: Corviknight|84\/100\n|\n|upkeep\n|turn|10\n|\n|t:|1700509775\n|switch|p2a: Ogerpon|Ogerpon-Wellspring, F|100\/100\n|move|p1a: Corviknight|Defog|p2a: Ogerpon\n|-unboost|p2a: Ogerpon|evasion|1\n|-sideend|p1: kirroz|Sticky Web|[from] move: Defog|[of] p1a: Corviknight\n|\n|upkeep\n|turn|11\n|\n|t:|1700509780\n|-terastallize|p2a: Ogerpon|Water\n|detailschange|p2a: Ogerpon|Ogerpon-Wellspring-Tera, F, tera:Water\n|-ability|p2a: Ogerpon|Embody Aspect (Wellspring)|boost\n|-boost|p2a: Ogerpon|spd|1\n|move|p2a: Ogerpon|Swords Dance|p2a: Ogerpon\n|-boost|p2a: Ogerpon|atk|2\n|move|p1a: Corviknight|U-turn|p2a: Ogerpon\n|-damage|p2a: Ogerpon|82\/100\n|\n|t:|1700509787\n|switch|p1a: Bunker|Toxapex, F|100\/100|[from] U-turn\n|\n|upkeep\n|turn|12\n|\n|t:|1700509795\n|move|p2a: Ogerpon|Ivy Cudgel|p1a: Bunker|[anim] Ivy Cudgel Water\n|-resisted|p1a: Bunker\n|-damage|p1a: Bunker|46\/100\n|move|p1a: Bunker|Haze|p1a: Bunker\n|-clearallboost\n|\n|-heal|p1a: Bunker|52\/100|[from] item: Black Sludge\n|upkeep\n|turn|13\n|\n|t:|1700509800\n|move|p2a: Ogerpon|Swords Dance|p2a: Ogerpon\n|-boost|p2a: Ogerpon|atk|2\n|move|p1a: Bunker|Toxic|p2a: Ogerpon\n|-status|p2a: Ogerpon|tox\n|\n|-heal|p1a: Bunker|58\/100|[from] item: Black Sludge\n|-damage|p2a: Ogerpon|76\/100 tox|[from] psn\n|upkeep\n|turn|14\n|\n|t:|1700509805\n|move|p2a: Ogerpon|Ivy Cudgel|p1a: Bunker|[anim] Ivy Cudgel Water\n|-resisted|p1a: Bunker\n|-damage|p1a: Bunker|5\/100\n|move|p1a: Bunker|Haze|p1a: Bunker\n|-clearallboost\n|\n|-heal|p1a: Bunker|12\/100|[from] item: Black Sludge\n|-damage|p2a: Ogerpon|64\/100 tox|[from] psn\n|upkeep\n|turn|15\n|\n|t:|1700509812\n|switch|p1a: Corviknight|Corviknight, M|84\/100\n|move|p2a: Ogerpon|Trailblaze|p1a: Corviknight\n|-resisted|p1a: Corviknight\n|-damage|p1a: Corviknight|79\/100\n|-boost|p2a: Ogerpon|spe|1\n|-damage|p2a: Ogerpon|48\/100 tox|[from] item: Rocky Helmet|[of] p1a: Corviknight\n|\n|-damage|p2a: Ogerpon|30\/100 tox|[from] psn\n|upkeep\n|turn|16\n|\n|t:|1700509828\n|move|p2a: Ogerpon|Swords Dance|p2a: Ogerpon\n|-boost|p2a: Ogerpon|atk|2\n|move|p1a: Corviknight|Roost|p1a: Corviknight\n|-heal|p1a: Corviknight|100\/100\n|-singleturn|p1a: Corviknight|move: Roost\n|\n|-damage|p2a: Ogerpon|6\/100 tox|[from] psn\n|upkeep\n|turn|17\n|\n|t:|1700509837\n|move|p2a: Ogerpon|Ivy Cudgel|p1a: Corviknight|[anim] Ivy Cudgel Water\n|-damage|p1a: Corviknight|0 fnt\n|faint|p1a: Corviknight\n|\n|-damage|p2a: Ogerpon|0 fnt|[from] psn\n|faint|p2a: Ogerpon\n|upkeep\n|\n|t:|1700509845\n|switch|p2a: Ludicolo|Ludicolo, M|100\/100\n|switch|p1a: Serafin|Dragonite, F, tera:Normal|70\/100 par\n|turn|18\n|\n|t:|1700509851\n|cant|p1a: Serafin|par\n|move|p2a: Ludicolo|Rain Dance|p2a: Ludicolo\n|-weather|RainDance\n|\n|-weather|RainDance|[upkeep]\n|upkeep\n|turn|19\n|\n|t:|1700509856\n|move|p1a: Serafin|Extreme Speed|p2a: Ludicolo\n|-damage|p2a: Ludicolo|35\/100\n|move|p2a: Ludicolo|Weather Ball|p1a: Serafin\n|-damage|p1a: Serafin|0 fnt\n|faint|p1a: Serafin\n|\n|-weather|RainDance|[upkeep]\n|upkeep\n|\n|t:|1700509866\n|switch|p1a: Iron Moth|Iron Moth|100\/100\n|turn|20\n|\n|t:|1700509877\n|move|p2a: Ludicolo|Weather Ball|p1a: Iron Moth\n|-supereffective|p1a: Iron Moth\n|-damage|p1a: Iron Moth|0 fnt\n|faint|p1a: Iron Moth\n|-end|p1a: Iron Moth|Quark Drive|[silent]\n|\n|-weather|RainDance|[upkeep]\n|upkeep\n|\n|t:|1700509887\n|switch|p1a: Bunker|Toxapex, F|45\/100\n|turn|21\n|\n|t:|1700509891\n|move|p2a: Ludicolo|Weather Ball|p1a: Bunker\n|-resisted|p1a: Bunker\n|-damage|p1a: Bunker|10\/100\n|move|p1a: Bunker|Recover|p1a: Bunker\n|-heal|p1a: Bunker|60\/100\n|\n|-weather|RainDance|[upkeep]\n|-heal|p1a: Bunker|66\/100|[from] item: Black Sludge\n|upkeep\n|turn|22\n|\n|t:|1700509898\n|move|p2a: Ludicolo|Weather Ball|p1a: Bunker\n|-resisted|p1a: Bunker\n|-damage|p1a: Bunker|24\/100\n|move|p1a: Bunker|Toxic|p2a: Ludicolo\n|-status|p2a: Ludicolo|tox\n|\n|-weather|none\n|-heal|p1a: Bunker|30\/100|[from] item: Black Sludge\n|-damage|p2a: Ludicolo|29\/100 tox|[from] psn\n|upkeep\n|turn|23\n|\n|t:|1700509906\n|move|p2a: Ludicolo|Giga Drain|p1a: Bunker\n|-damage|p1a: Bunker|4\/100\n|-heal|p2a: Ludicolo|42\/100 tox|[from] drain|[of] p1a: Bunker\n|move|p1a: Bunker|Recover|p1a: Bunker\n|-heal|p1a: Bunker|54\/100\n|\n|-heal|p1a: Bunker|60\/100|[from] item: Black Sludge\n|-damage|p2a: Ludicolo|30\/100 tox|[from] psn\n|upkeep\n|turn|24\n|\n|t:|1700509914\n|switch|p2a: Tornadus|Tornadus-Therian, M|100\/100\n|move|p1a: Bunker|Recover|p1a: Bunker\n|-heal|p1a: Bunker|100\/100\n|\n|upkeep\n|turn|25\n|\n|t:|1700509920\n|move|p2a: Tornadus|Knock Off|p1a: Bunker\n|-damage|p1a: Bunker|87\/100\n|-enditem|p1a: Bunker|Black Sludge|[from] move: Knock Off|[of] p2a: Tornadus\n|move|p1a: Bunker|Toxic|p2a: Tornadus\n|-status|p2a: Tornadus|tox\n|\n|-damage|p2a: Tornadus|94\/100 tox|[from] psn\n|upkeep\n|turn|26\n|\n|t:|1700509928\n|move|p2a: Tornadus|Extrasensory|p1a: Bunker\n|-supereffective|p1a: Bunker\n|-damage|p1a: Bunker|52\/100\n|move|p1a: Bunker|Chilling Water|p2a: Tornadus\n|-damage|p2a: Tornadus|86\/100 tox\n|-unboost|p2a: Tornadus|atk|1\n|\n|-heal|p2a: Tornadus|92\/100 tox|[from] item: Leftovers\n|-damage|p2a: Tornadus|80\/100 tox|[from] psn\n|upkeep\n|turn|27\n|-message|Angerybee forfeited.\n|\n|win|kirroz\n|raw|kirroz's rating: 1266 &rarr; <strong>1290<\/strong><br \/>(+24 for winning)\n|raw|Angerybee's rating: 1253 &rarr; <strong>1229<\/strong><br \/>(-24 for losing)\n|l|\u2606Angerybee\n","uploadtime":1700509939,"views":12,"p1id":"kirroz","p2id":"angerybee","formatid":"gen9ou","rating":1229,"private":0,"password":""}