{"id":"gen9ou-1993648432","p1":"synitive","p2":"PabloEscobar1987","format":"[Gen 9] OU","log":"|j|\u2606synitive\n|j|\u2606PabloEscobar1987\n|t:|1700341358\n|gametype|singles\n|player|p1|synitive|psychic-gen4|1042\n|player|p2|PabloEscobar1987|lucas|1023\n|teamsize|p1|6\n|teamsize|p2|6\n|gen|9\n|tier|[Gen 9] OU\n|rated|\n|rule|Sleep Clause Mod: Limit one foe put to sleep\n|rule|Species Clause: Limit one of each Pok\u00e9mon\n|rule|OHKO Clause: OHKO moves are banned\n|rule|Evasion Items Clause: Evasion items are banned\n|rule|Evasion Moves Clause: Evasion moves are banned\n|rule|Endless Battle Clause: Forcing endless battles is banned\n|rule|HP Percentage Mod: HP is shown in percentages\n|clearpoke\n|poke|p1|Blissey, F|\n|poke|p1|Slowking-Galar, F|\n|poke|p1|Quagsire, M|\n|poke|p1|Amoonguss, M|\n|poke|p1|Corviknight, M|\n|poke|p1|Great Tusk|\n|poke|p2|Froslass, F|\n|poke|p2|Abomasnow, M|\n|poke|p2|Garchomp, F|\n|poke|p2|Ninetales-Alola, M|\n|poke|p2|Cinderace, M|\n|poke|p2|Kingambit, M|\n|teampreview\n|\n|t:|1700341368\n|start\n|switch|p1a: Blissey|Blissey, F|100\/100\n|switch|p2a: Ninetales|Ninetales-Alola, M|100\/100\n|-weather|Snow|[from] ability: Snow Warning|[of] p2a: Ninetales\n|turn|1\n|\n|t:|1700341385\n|move|p2a: Ninetales|Agility|p2a: Ninetales\n|-boost|p2a: Ninetales|spe|2\n|move|p1a: Blissey|Stealth Rock|p2a: Ninetales\n|-sidestart|p2: PabloEscobar1987|move: Stealth Rock\n|\n|-weather|Snow|[upkeep]\n|upkeep\n|turn|2\n|\n|t:|1700341399\n|move|p1a: Blissey|Protect|p1a: Blissey\n|-singleturn|p1a: Blissey|Protect\n|move|p2a: Ninetales|Stored Power|p1a: Blissey\n|-activate|p1a: Blissey|move: Protect\n|\n|-weather|Snow|[upkeep]\n|upkeep\n|turn|3\n|\n|t:|1700341413\n|switch|p1a: Great Tusk|Great Tusk|100\/100\n|move|p2a: Ninetales|Blizzard|p1a: Great Tusk\n|-supereffective|p1a: Great Tusk\n|-damage|p1a: Great Tusk|0 fnt\n|faint|p1a: Great Tusk\n|-end|p1a: Great Tusk|Protosynthesis|[silent]\n|\n|-weather|Snow|[upkeep]\n|upkeep\n|\n|t:|1700341423\n|switch|p1a: Corviknight|Corviknight, M|100\/100\n|turn|4\n|\n|t:|1700341433\n|move|p2a: Ninetales|Icicle Spear|p1a: Corviknight\n|-damage|p1a: Corviknight|95\/100\n|-crit|p1a: Corviknight\n|-damage|p1a: Corviknight|88\/100\n|-damage|p1a: Corviknight|82\/100\n|-hitcount|p1a: Corviknight|3\n|move|p1a: Corviknight|Drill Peck|p2a: Ninetales\n|-damage|p2a: Ninetales|79\/100\n|\n|-weather|Snow|[upkeep]\n|upkeep\n|turn|5\n|\n|t:|1700341445\n|move|p2a: Ninetales|Agility|p2a: Ninetales\n|-boost|p2a: Ninetales|spe|2\n|move|p1a: Corviknight|U-turn|p2a: Ninetales\n|-resisted|p2a: Ninetales\n|-damage|p2a: Ninetales|73\/100\n|\n|t:|1700341461\n|switch|p1a: Quagsire|Quagsire, M|100\/100|[from] U-turn\n|\n|-weather|none\n|upkeep\n|turn|6\n|\n|t:|1700341472\n|move|p2a: Ninetales|Blizzard|p1a: Quagsire|[miss]\n|-miss|p2a: Ninetales|p1a: Quagsire\n|move|p1a: Quagsire|Liquidation|p2a: Ninetales\n|-damage|p2a: Ninetales|40\/100\n|\n|upkeep\n|turn|7\n|\n|t:|1700341485\n|-terastallize|p2a: Ninetales|Ghost\n|move|p2a: Ninetales|Blizzard|p1a: Quagsire\n|-damage|p1a: Quagsire|49\/100\n|move|p1a: Quagsire|Spikes|p2a: Ninetales\n|-sidestart|p2: PabloEscobar1987|Spikes\n|\n|-heal|p1a: Quagsire|56\/100|[from] item: Leftovers\n|upkeep\n|turn|8\n|\n|t:|1700341501\n|switch|p1a: Blissey|Blissey, F|100\/100\n|move|p2a: Ninetales|Stored Power|p1a: Blissey\n|-damage|p1a: Blissey|93\/100\n|\n|-heal|p1a: Blissey|99\/100|[from] item: Leftovers\n|upkeep\n|turn|9\n|\n|t:|1700341522\n|move|p1a: Blissey|Protect|p1a: Blissey\n|-singleturn|p1a: Blissey|Protect\n|move|p2a: Ninetales|Agility|p2a: Ninetales\n|-boost|p2a: Ninetales|spe|2\n|\n|-heal|p1a: Blissey|100\/100|[from] item: Leftovers\n|upkeep\n|turn|10\n|\n|t:|1700341541\n|move|p2a: Ninetales|Blizzard|p1a: Blissey\n|-damage|p1a: Blissey|85\/100\n|move|p1a: Blissey|Soft-Boiled|p1a: Blissey\n|-heal|p1a: Blissey|100\/100\n|\n|upkeep\n|turn|11\n|\n|t:|1700341553\n|switch|p2a: Abomasnow|Abomasnow, M|100\/100\n|-damage|p2a: Abomasnow|76\/100|[from] Stealth Rock\n|-damage|p2a: Abomasnow|63\/100|[from] Spikes\n|-weather|Snow|[from] ability: Snow Warning|[of] p2a: Abomasnow\n|move|p1a: Blissey|Soft-Boiled||[still]\n|-fail|p1a: Blissey|heal\n|\n|-weather|Snow|[upkeep]\n|upkeep\n|turn|12\n|\n|t:|1700341572\n|switch|p1a: Quagsire|Quagsire, M|56\/100\n|move|p2a: Abomasnow|Giga Drain|p1a: Quagsire\n|-supereffective|p1a: Quagsire\n|-damage|p1a: Quagsire|0 fnt\n|-heal|p2a: Abomasnow|96\/100|[from] drain|[of] p1a: Quagsire\n|faint|p1a: Quagsire\n|\n|-weather|Snow|[upkeep]\n|upkeep\n|\n|t:|1700341592\n|switch|p1a: Slowking|Slowking-Galar, F, shiny|100\/100\n|turn|13\n|\n|t:|1700341599\n|move|p1a: Slowking|Venoshock|p2a: Abomasnow\n|-supereffective|p2a: Abomasnow\n|-damage|p2a: Abomasnow|51\/100\n|move|p2a: Abomasnow|Avalanche|p1a: Slowking\n|-damage|p1a: Slowking|55\/100\n|\n|-weather|Snow|[upkeep]\n|-heal|p1a: Slowking|61\/100|[from] item: Black Sludge\n|upkeep\n|turn|14\n|\n|t:|1700341613\n|switch|p2a: Garchomp|Garchomp, F|100\/100\n|-damage|p2a: Garchomp|94\/100|[from] Stealth Rock\n|-damage|p2a: Garchomp|82\/100|[from] Spikes\n|move|p1a: Slowking|Venoshock|p2a: Garchomp\n|-resisted|p2a: Garchomp\n|-damage|p2a: Garchomp|73\/100\n|\n|-weather|Snow|[upkeep]\n|-heal|p1a: Slowking|67\/100|[from] item: Black Sludge\n|upkeep\n|turn|15\n|\n|t:|1700341647\n|switch|p1a: Corviknight|Corviknight, M|82\/100\n|move|p2a: Garchomp|Draco Meteor|p1a: Corviknight\n|-resisted|p1a: Corviknight\n|-damage|p1a: Corviknight|65\/100\n|-unboost|p2a: Garchomp|spa|2\n|\n|-weather|none\n|upkeep\n|turn|16\n|\n|t:|1700341659\n|switch|p2a: Cinderace|Cinderace, M|100\/100\n|-damage|p2a: Cinderace|76\/100|[from] Stealth Rock\n|-damage|p2a: Cinderace|63\/100|[from] Spikes\n|move|p1a: Corviknight|Drill Peck|p2a: Cinderace\n|-damage|p2a: Cinderace|35\/100\n|\n|upkeep\n|turn|17\n|\n|t:|1700341688\n|switch|p1a: Slowking|Slowking-Galar, F, shiny|99\/100\n|move|p2a: Cinderace|Counter||[still]\n|-fail|p2a: Cinderace\n|\n|-heal|p1a: Slowking|100\/100|[from] item: Black Sludge\n|upkeep\n|turn|18\n|\n|t:|1700341701\n|move|p1a: Slowking|Venoshock|p2a: Cinderace\n|-damage|p2a: Cinderace|3\/100\n|move|p2a: Cinderace|Counter||[still]\n|-fail|p2a: Cinderace\n|\n|upkeep\n|turn|19\n|\n|t:|1700341707\n|switch|p2a: Froslass|Froslass, F|100\/100\n|move|p1a: Slowking|Toxic Spikes|p2a: Froslass\n|-sidestart|p2: PabloEscobar1987|move: Toxic Spikes\n|\n|upkeep\n|turn|20\n|\n|t:|1700341727\n|switch|p1a: Corviknight|Corviknight, M|65\/100\n|move|p2a: Froslass|Destiny Bond|p2a: Froslass\n|-singlemove|p2a: Froslass|Destiny Bond\n|\n|upkeep\n|turn|21\n|\n|t:|1700341745\n|move|p2a: Froslass|Ice Beam|p1a: Corviknight\n|-damage|p1a: Corviknight|36\/100\n|move|p1a: Corviknight|Roost|p1a: Corviknight\n|-heal|p1a: Corviknight|86\/100\n|-singleturn|p1a: Corviknight|move: Roost\n|\n|upkeep\n|turn|22\n|\n|t:|1700341753\n|-terastallize|p1a: Corviknight|Flying\n|move|p2a: Froslass|Ice Beam|p1a: Corviknight\n|-supereffective|p1a: Corviknight\n|-damage|p1a: Corviknight|21\/100\n|-status|p1a: Corviknight|frz\n|cant|p1a: Corviknight|frz\n|\n|upkeep\n|turn|23\n|\n|t:|1700341763\n|-curestatus|p1a: Corviknight|frz|[msg]\n|move|p1a: Corviknight|Drill Peck|p2a: Froslass\n|-damage|p2a: Froslass|45\/100\n|move|p2a: Froslass|Avalanche|p1a: Corviknight\n|-supereffective|p1a: Corviknight\n|-damage|p1a: Corviknight|0 fnt\n|-damage|p2a: Froslass|29\/100|[from] item: Rocky Helmet|[of] p1a: Corviknight\n|faint|p1a: Corviknight\n|\n|upkeep\n|\n|t:|1700341787\n|switch|p1a: Blissey|Blissey, F|100\/100\n|turn|24\n|\n|t:|1700341791\n|move|p1a: Blissey|Protect|p1a: Blissey\n|-singleturn|p1a: Blissey|Protect\n|move|p2a: Froslass|Draining Kiss|p1a: Blissey\n|-activate|p1a: Blissey|move: Protect\n|\n|upkeep\n|turn|25\n|\n|t:|1700341800\n|move|p2a: Froslass|Draining Kiss|p1a: Blissey\n|-damage|p1a: Blissey|96\/100\n|-heal|p2a: Froslass|37\/100|[from] drain|[of] p1a: Blissey\n|move|p1a: Blissey|Soft-Boiled|p1a: Blissey\n|-heal|p1a: Blissey|100\/100\n|\n|upkeep\n|turn|26\n|\n|t:|1700341808\n|move|p1a: Blissey|Protect|p1a: Blissey\n|-singleturn|p1a: Blissey|Protect\n|move|p2a: Froslass|Destiny Bond|p2a: Froslass\n|-singlemove|p2a: Froslass|Destiny Bond\n|\n|upkeep\n|turn|27\n|\n|t:|1700341816\n|move|p2a: Froslass|Ice Beam|p1a: Blissey\n|-damage|p1a: Blissey|90\/100\n|move|p1a: Blissey|Stealth Rock||[still]\n|-fail|p1a: Blissey\n|\n|-heal|p1a: Blissey|96\/100|[from] item: Leftovers\n|upkeep\n|turn|28\n|\n|t:|1700341823\n|move|p2a: Froslass|Destiny Bond|p2a: Froslass\n|-singlemove|p2a: Froslass|Destiny Bond\n|move|p1a: Blissey|Stealth Rock||[still]\n|-fail|p1a: Blissey\n|\n|-heal|p1a: Blissey|100\/100|[from] item: Leftovers\n|upkeep\n|turn|29\n|\n|t:|1700341830\n|move|p1a: Blissey|Protect|p1a: Blissey\n|-singleturn|p1a: Blissey|Protect\n|move|p2a: Froslass|Draining Kiss|p1a: Blissey\n|-activate|p1a: Blissey|move: Protect\n|\n|upkeep\n|turn|30\n|\n|t:|1700341838\n|move|p2a: Froslass|Ice Beam|p1a: Blissey\n|-damage|p1a: Blissey|90\/100\n|-status|p1a: Blissey|frz\n|cant|p1a: Blissey|frz\n|\n|-heal|p1a: Blissey|96\/100 frz|[from] item: Leftovers\n|upkeep\n|turn|31\n|\n|t:|1700341852\n|move|p2a: Froslass|Draining Kiss|p1a: Blissey\n|-damage|p1a: Blissey|92\/100 frz\n|-heal|p2a: Froslass|44\/100|[from] drain|[of] p1a: Blissey\n|cant|p1a: Blissey|frz\n|\n|-heal|p1a: Blissey|98\/100 frz|[from] item: Leftovers\n|upkeep\n|turn|32\n|\n|t:|1700341865\n|switch|p2a: Garchomp|Garchomp, F|73\/100\n|-damage|p2a: Garchomp|67\/100|[from] Stealth Rock\n|-damage|p2a: Garchomp|55\/100|[from] Spikes\n|-status|p2a: Garchomp|psn\n|cant|p1a: Blissey|frz\n|\n|-heal|p1a: Blissey|100\/100 frz|[from] item: Leftovers\n|-damage|p2a: Garchomp|42\/100 psn|[from] psn\n|upkeep\n|turn|33\n|\n|t:|1700341877\n|-curestatus|p1a: Blissey|frz|[from] ability: Natural Cure\n|switch|p1a: imposter|Amoonguss, M|100\/100\n|move|p2a: Garchomp|Earthquake|p1a: imposter\n|-damage|p1a: imposter|64\/100\n|\n|-heal|p1a: imposter|70\/100|[from] item: Black Sludge\n|-damage|p2a: Garchomp|30\/100 psn|[from] psn\n|upkeep\n|turn|34\n|\n|t:|1700341891\n|switch|p2a: Abomasnow|Abomasnow, M|51\/100\n|-damage|p2a: Abomasnow|26\/100|[from] Stealth Rock\n|-damage|p2a: Abomasnow|14\/100|[from] Spikes\n|-status|p2a: Abomasnow|psn\n|-weather|Snow|[from] ability: Snow Warning|[of] p2a: Abomasnow\n|-enditem|p2a: Abomasnow|Salac Berry|[eat]\n|-boost|p2a: Abomasnow|spe|1|[from] item: Salac Berry\n|move|p1a: imposter|Leaf Storm|p2a: Abomasnow\n|-resisted|p2a: Abomasnow\n|-damage|p2a: Abomasnow|0 fnt\n|-unboost|p1a: imposter|spa|2\n|faint|p2a: Abomasnow\n|\n|-weather|Snow|[upkeep]\n|-heal|p1a: imposter|76\/100|[from] item: Black Sludge\n|upkeep\n|\n|t:|1700341917\n|switch|p2a: Froslass|Froslass, F|44\/100\n|turn|35\n|\n|t:|1700341923\n|switch|p1a: Blissey|Blissey, F|100\/100\n|move|p2a: Froslass|Ice Beam|p1a: Blissey\n|-damage|p1a: Blissey|89\/100\n|\n|-weather|Snow|[upkeep]\n|-heal|p1a: Blissey|95\/100|[from] item: Leftovers\n|upkeep\n|turn|36\n|\n|t:|1700341934\n|move|p2a: Froslass|Destiny Bond|p2a: Froslass\n|-singlemove|p2a: Froslass|Destiny Bond\n|move|p1a: Blissey|Stealth Rock||[still]\n|-fail|p1a: Blissey\n|\n|-weather|Snow|[upkeep]\n|-heal|p1a: Blissey|100\/100|[from] item: Leftovers\n|upkeep\n|turn|37\n|\n|t:|1700341944\n|move|p2a: Froslass|Draining Kiss|p1a: Blissey\n|-damage|p1a: Blissey|96\/100\n|-heal|p2a: Froslass|52\/100|[from] drain|[of] p1a: Blissey\n|move|p1a: Blissey|Stealth Rock||[still]\n|-fail|p1a: Blissey\n|\n|-weather|Snow|[upkeep]\n|-heal|p1a: Blissey|100\/100|[from] item: Leftovers\n|upkeep\n|turn|38\n|\n|t:|1700341972\n|switch|p2a: Ninetales|Ninetales-Alola, M, tera:Ghost|40\/100\n|-damage|p2a: Ninetales|28\/100|[from] Stealth Rock\n|-damage|p2a: Ninetales|15\/100|[from] Spikes\n|-status|p2a: Ninetales|psn\n|move|p1a: Blissey|Stealth Rock||[still]\n|-fail|p1a: Blissey\n|\n|-weather|none\n|-damage|p2a: Ninetales|3\/100 psn|[from] psn\n|upkeep\n|turn|39\n|\n|t:|1700341985\n|move|p1a: Blissey|Protect|p1a: Blissey\n|-singleturn|p1a: Blissey|Protect\n|move|p2a: Ninetales|Stored Power|p1a: Blissey\n|-activate|p1a: Blissey|move: Protect\n|\n|-damage|p2a: Ninetales|0 fnt|[from] psn\n|faint|p2a: Ninetales\n|upkeep\n|\n|t:|1700341993\n|switch|p2a: Cinderace|Cinderace, M|3\/100\n|-damage|p2a: Cinderace|0 fnt|[from] Stealth Rock\n|faint|p2a: Cinderace\n|\n|t:|1700341995\n|switch|p2a: Garchomp|Garchomp, F|30\/100 psn\n|-damage|p2a: Garchomp|24\/100 psn|[from] Stealth Rock\n|-damage|p2a: Garchomp|11\/100 psn|[from] Spikes\n|turn|40\n|\n|t:|1700342002\n|move|p1a: Blissey|Protect||[still]\n|-fail|p1a: Blissey\n|move|p2a: Garchomp|Draco Meteor|p1a: Blissey\n|-damage|p1a: Blissey|87\/100\n|-unboost|p2a: Garchomp|spa|2\n|\n|-heal|p1a: Blissey|94\/100|[from] item: Leftovers\n|-damage|p2a: Garchomp|0 fnt|[from] psn\n|faint|p2a: Garchomp\n|upkeep\n|\n|t:|1700342006\n|switch|p2a: Froslass|Froslass, F|52\/100\n|turn|41\n|\n|t:|1700342016\n|move|p1a: Blissey|Stealth Rock||[still]\n|-fail|p1a: Blissey\n|move|p2a: Froslass|Avalanche|p1a: Blissey\n|-damage|p1a: Blissey|77\/100\n|\n|-heal|p1a: Blissey|83\/100|[from] item: Leftovers\n|upkeep\n|turn|42\n|\n|t:|1700342040\n|move|p1a: Blissey|Protect|p1a: Blissey\n|-singleturn|p1a: Blissey|Protect\n|move|p2a: Froslass|Avalanche|p1a: Blissey\n|-activate|p1a: Blissey|move: Protect\n|\n|-heal|p1a: Blissey|90\/100|[from] item: Leftovers\n|upkeep\n|turn|43\n|c|\u2606PabloEscobar1987|how much wood could a woodchuck chuck if a woodchuck could chuck wood\n|c|\u2606synitive|alot\n|c|\u2606PabloEscobar1987|true\n|\n|t:|1700342079\n|move|p1a: Blissey|Stealth Rock||[still]\n|-fail|p1a: Blissey\n|move|p2a: Froslass|Avalanche|p1a: Blissey\n|-damage|p1a: Blissey|72\/100\n|\n|-heal|p1a: Blissey|78\/100|[from] item: Leftovers\n|upkeep\n|turn|44\n|\n|t:|1700342092\n|move|p1a: Blissey|Soft-Boiled|p1a: Blissey\n|-heal|p1a: Blissey|100\/100\n|move|p2a: Froslass|Avalanche|p1a: Blissey\n|-damage|p1a: Blissey|82\/100\n|\n|-heal|p1a: Blissey|88\/100|[from] item: Leftovers\n|upkeep\n|turn|45\n|\n|t:|1700342105\n|move|p1a: Blissey|Stealth Rock||[still]\n|-fail|p1a: Blissey\n|move|p2a: Froslass|Avalanche|p1a: Blissey\n|-damage|p1a: Blissey|70\/100\n|\n|-heal|p1a: Blissey|76\/100|[from] item: Leftovers\n|upkeep\n|turn|46\n|\n|t:|1700342115\n|move|p2a: Froslass|Draining Kiss|p1a: Blissey\n|-damage|p1a: Blissey|71\/100\n|-heal|p2a: Froslass|60\/100|[from] drain|[of] p1a: Blissey\n|move|p1a: Blissey|Stealth Rock||[still]\n|-fail|p1a: Blissey\n|\n|-heal|p1a: Blissey|78\/100|[from] item: Leftovers\n|upkeep\n|turn|47\n|\n|t:|1700342123\n|move|p1a: Blissey|Heal Bell||[still]\n|-activate|p1a: Blissey|move: Heal Bell\n|-fail|p1a: Blissey\n|move|p2a: Froslass|Avalanche|p1a: Blissey\n|-damage|p1a: Blissey|62\/100\n|\n|-heal|p1a: Blissey|68\/100|[from] item: Leftovers\n|upkeep\n|turn|48\n|\n|t:|1700342135\n|move|p1a: Blissey|Protect|p1a: Blissey\n|-singleturn|p1a: Blissey|Protect\n|move|p2a: Froslass|Avalanche|p1a: Blissey\n|-activate|p1a: Blissey|move: Protect\n|\n|-heal|p1a: Blissey|74\/100|[from] item: Leftovers\n|upkeep\n|turn|49\n|\n|t:|1700342143\n|move|p1a: Blissey|Stealth Rock||[still]\n|-fail|p1a: Blissey\n|move|p2a: Froslass|Avalanche|p1a: Blissey\n|-damage|p1a: Blissey|57\/100\n|\n|-heal|p1a: Blissey|64\/100|[from] item: Leftovers\n|upkeep\n|turn|50\n|\n|t:|1700342160\n|move|p1a: Blissey|Stealth Rock||[still]\n|-fail|p1a: Blissey\n|move|p2a: Froslass|Avalanche|p1a: Blissey\n|-damage|p1a: Blissey|47\/100\n|\n|-heal|p1a: Blissey|53\/100|[from] item: Leftovers\n|upkeep\n|turn|51\n|\n|t:|1700342167\n|move|p2a: Froslass|Ice Beam|p1a: Blissey\n|-damage|p1a: Blissey|41\/100\n|move|p1a: Blissey|Soft-Boiled|p1a: Blissey\n|-heal|p1a: Blissey|91\/100\n|\n|-heal|p1a: Blissey|98\/100|[from] item: Leftovers\n|upkeep\n|turn|52\n|\n|t:|1700342178\n|move|p2a: Froslass|Ice Beam|p1a: Blissey\n|-damage|p1a: Blissey|86\/100\n|move|p1a: Blissey|Stealth Rock||[still]\n|-fail|p1a: Blissey\n|\n|-heal|p1a: Blissey|92\/100|[from] item: Leftovers\n|upkeep\n|turn|53\n|\n|t:|1700342188\n|move|p1a: Blissey|Protect|p1a: Blissey\n|-singleturn|p1a: Blissey|Protect\n|move|p2a: Froslass|Ice Beam|p1a: Blissey\n|-activate|p1a: Blissey|move: Protect\n|\n|-heal|p1a: Blissey|99\/100|[from] item: Leftovers\n|upkeep\n|turn|54\n|\n|t:|1700342202\n|move|p1a: Blissey|Stealth Rock||[still]\n|-fail|p1a: Blissey\n|move|p2a: Froslass|Avalanche|p1a: Blissey\n|-crit|p1a: Blissey\n|-damage|p1a: Blissey|71\/100\n|\n|-heal|p1a: Blissey|77\/100|[from] item: Leftovers\n|upkeep\n|turn|55\n|\n|t:|1700342211\n|move|p1a: Blissey|Protect|p1a: Blissey\n|-singleturn|p1a: Blissey|Protect\n|move|p2a: Froslass|Ice Beam|p1a: Blissey\n|-activate|p1a: Blissey|move: Protect\n|\n|-heal|p1a: Blissey|83\/100|[from] item: Leftovers\n|upkeep\n|turn|56\n|\n|t:|1700342221\n|move|p2a: Froslass|Ice Beam|p1a: Blissey\n|-damage|p1a: Blissey|73\/100\n|move|p1a: Blissey|Heal Bell||[still]\n|-activate|p1a: Blissey|move: Heal Bell\n|-fail|p1a: Blissey\n|\n|-heal|p1a: Blissey|79\/100|[from] item: Leftovers\n|upkeep\n|turn|57\n|\n|t:|1700342233\n|move|p2a: Froslass|Ice Beam|p1a: Blissey\n|-damage|p1a: Blissey|68\/100\n|move|p1a: Blissey|Stealth Rock||[still]\n|-fail|p1a: Blissey\n|\n|-heal|p1a: Blissey|74\/100|[from] item: Leftovers\n|upkeep\n|turn|58\n|\n|t:|1700342242\n|move|p2a: Froslass|Draining Kiss|p1a: Blissey\n|-damage|p1a: Blissey|70\/100\n|-heal|p2a: Froslass|68\/100|[from] drain|[of] p1a: Blissey\n|move|p1a: Blissey|Stealth Rock||[still]\n|-fail|p1a: Blissey\n|\n|-heal|p1a: Blissey|76\/100|[from] item: Leftovers\n|upkeep\n|turn|59\n|\n|t:|1700342259\n|switch|p2a: Kingambit|Kingambit, M|100\/100\n|-damage|p2a: Kingambit|95\/100|[from] Stealth Rock\n|-damage|p2a: Kingambit|82\/100|[from] Spikes\n|-activate|p2a: Kingambit|ability: Supreme Overlord\n|-start|p2a: Kingambit|fallen4|[silent]\n|move|p1a: Blissey|Stealth Rock||[still]\n|-fail|p1a: Blissey\n|\n|-heal|p1a: Blissey|83\/100|[from] item: Leftovers\n|upkeep\n|turn|60\n|\n|t:|1700342322\n|move|p1a: Blissey|Protect|p1a: Blissey\n|-singleturn|p1a: Blissey|Protect\n|move|p2a: Kingambit|Swords Dance|p2a: Kingambit\n|-boost|p2a: Kingambit|atk|2\n|\n|-heal|p1a: Blissey|89\/100|[from] item: Leftovers\n|upkeep\n|turn|61\n|c|\u2606PabloEscobar1987|my kingambits only attacking move\n|c|\u2606PabloEscobar1987|is sucker punch\n|c|\u2606PabloEscobar1987|this fight will go on forever\n|c|\u2606synitive|sorry\n|c|\u2606PabloEscobar1987|until we run out of moves\n|\n|t:|1700342349\n|switch|p1a: Slowking|Slowking-Galar, F, shiny|100\/100\n|move|p2a: Kingambit|Protect||[still]\n|-fail|p2a: Kingambit\n|\n|upkeep\n|turn|62\n|c|\u2606synitive|i got tired of getting swept\n|c|\u2606PabloEscobar1987|i get swept every time\n|c|\u2606PabloEscobar1987|i just made this team 5 mins ago\n|\n|t:|1700342378\n|move|p2a: Kingambit|Protect|p2a: Kingambit\n|-singleturn|p2a: Kingambit|Protect\n|move|p1a: Slowking|Future Sight|p2a: Kingambit\n|-start|p1a: Slowking|move: Future Sight\n|\n|upkeep\n|turn|63\n|\n|t:|1700342385\n|move|p2a: Kingambit|Iron Defense|p2a: Kingambit\n|-boost|p2a: Kingambit|def|2\n|move|p1a: Slowking|Slack Off||[still]\n|-fail|p1a: Slowking|heal\n|\n|upkeep\n|turn|64\n|\n|t:|1700342397\n|move|p2a: Kingambit|Sucker Punch||[still]\n|-fail|p2a: Kingambit\n|move|p1a: Slowking|Toxic Spikes|p2a: Kingambit\n|-sidestart|p2: PabloEscobar1987|move: Toxic Spikes\n|\n|-end|p2a: Kingambit|move: Future Sight\n|-immune|p2a: Kingambit\n|upkeep\n|turn|65\n|\n|t:|1700342420\n|move|p2a: Kingambit|Swords Dance|p2a: Kingambit\n|-boost|p2a: Kingambit|atk|2\n|move|p1a: Slowking|Future Sight|p2a: Kingambit\n|-start|p1a: Slowking|move: Future Sight\n|\n|upkeep\n|turn|66\n|\n|t:|1700342432\n|switch|p1a: Blissey|Blissey, F|89\/100\n|move|p2a: Kingambit|Iron Defense|p2a: Kingambit\n|-boost|p2a: Kingambit|def|2\n|\n|-heal|p1a: Blissey|95\/100|[from] item: Leftovers\n|upkeep\n|turn|67\n|\n|t:|1700342439\n|move|p2a: Kingambit|Swords Dance|p2a: Kingambit\n|-boost|p2a: Kingambit|atk|2\n|move|p1a: Blissey|Stealth Rock||[still]\n|-fail|p1a: Blissey\n|\n|-end|p2a: Kingambit|move: Future Sight\n|-immune|p2a: Kingambit\n|-heal|p1a: Blissey|100\/100|[from] item: Leftovers\n|upkeep\n|turn|68\n|\n|t:|1700342468\n|switch|p1a: imposter|Amoonguss, M|100\/100\n|move|p2a: Kingambit|Iron Defense|p2a: Kingambit\n|-boost|p2a: Kingambit|def|2\n|\n|upkeep\n|turn|69\n|\n|t:|1700342475\n|move|p2a: Kingambit|Protect|p2a: Kingambit\n|-singleturn|p2a: Kingambit|Protect\n|move|p1a: imposter|Spore|p2a: Kingambit\n|-activate|p2a: Kingambit|move: Protect\n|\n|upkeep\n|turn|70\n|\n|t:|1700342484\n|move|p2a: Kingambit|Sucker Punch||[still]\n|-fail|p2a: Kingambit\n|move|p1a: imposter|Spore|p2a: Kingambit\n|-status|p2a: Kingambit|slp|[from] move: Spore\n|\n|upkeep\n|turn|71\n|\n|t:|1700342491\n|cant|p2a: Kingambit|slp\n|move|p1a: imposter|Hex|p2a: Kingambit\n|-resisted|p2a: Kingambit\n|-damage|p2a: Kingambit|69\/100 slp\n|\n|upkeep\n|turn|72\n|\n|t:|1700342498\n|-end|p2a: Kingambit|fallen4|[silent]\n|switch|p2a: Froslass|Froslass, F|68\/100\n|move|p1a: imposter|Clear Smog|p2a: Froslass\n|-resisted|p2a: Froslass\n|-damage|p2a: Froslass|57\/100\n|-clearboost|p2a: Froslass\n|-start|p1a: imposter|Disable|Clear Smog|[from] ability: Cursed Body|[of] p2a: Froslass\n|\n|upkeep\n|turn|73\n|\n|t:|1700342510\n|switch|p1a: Blissey|Blissey, F|100\/100\n|move|p2a: Froslass|Ice Beam|p1a: Blissey\n|-damage|p1a: Blissey|89\/100\n|\n|-heal|p1a: Blissey|95\/100|[from] item: Leftovers\n|upkeep\n|turn|74\n|\n|t:|1700342517\n|switch|p2a: Kingambit|Kingambit, M|69\/100 slp\n|-damage|p2a: Kingambit|63\/100 slp|[from] Stealth Rock\n|-damage|p2a: Kingambit|51\/100 slp|[from] Spikes\n|-activate|p2a: Kingambit|ability: Supreme Overlord\n|-start|p2a: Kingambit|fallen4|[silent]\n|move|p1a: Blissey|Heal Bell||[still]\n|-activate|p1a: Blissey|move: Heal Bell\n|-fail|p1a: Blissey\n|\n|-heal|p1a: Blissey|100\/100|[from] item: Leftovers\n|upkeep\n|turn|75\n|\n|t:|1700342528\n|switch|p1a: imposter|Amoonguss, M|100\/100\n|cant|p2a: Kingambit|slp\n|\n|upkeep\n|turn|76\n|\n|t:|1700342544\n|cant|p2a: Kingambit|slp\n|move|p1a: imposter|Leaf Storm|p2a: Kingambit\n|-resisted|p2a: Kingambit\n|-damage|p2a: Kingambit|30\/100 slp\n|-unboost|p1a: imposter|spa|2\n|\n|upkeep\n|turn|77\n|\n|t:|1700342551\n|-curestatus|p2a: Kingambit|slp|[msg]\n|move|p2a: Kingambit|Protect|p2a: Kingambit\n|-singleturn|p2a: Kingambit|Protect\n|move|p1a: imposter|Leaf Storm|p2a: Kingambit\n|-activate|p2a: Kingambit|move: Protect\n|\n|upkeep\n|turn|78\n|\n|t:|1700342559\n|move|p2a: Kingambit|Sucker Punch||[still]\n|-fail|p2a: Kingambit\n|move|p1a: imposter|Spore|p2a: Kingambit\n|-status|p2a: Kingambit|slp|[from] move: Spore\n|\n|upkeep\n|turn|79\n|\n|t:|1700342566\n|cant|p2a: Kingambit|slp\n|move|p1a: imposter|Leaf Storm|p2a: Kingambit\n|-resisted|p2a: Kingambit\n|-damage|p2a: Kingambit|21\/100 slp\n|-unboost|p1a: imposter|spa|2\n|\n|upkeep\n|turn|80\n|\n|t:|1700342572\n|cant|p2a: Kingambit|slp\n|move|p1a: imposter|Hex|p2a: Kingambit\n|-resisted|p2a: Kingambit\n|-damage|p2a: Kingambit|16\/100 slp\n|\n|upkeep\n|turn|81\n|\n|t:|1700342580\n|-curestatus|p2a: Kingambit|slp|[msg]\n|move|p2a: Kingambit|Sucker Punch|p1a: imposter\n|-crit|p1a: imposter\n|-damage|p1a: imposter|34\/100\n|move|p1a: imposter|Clear Smog|p2a: Kingambit\n|-immune|p2a: Kingambit\n|\n|-heal|p1a: imposter|40\/100|[from] item: Black Sludge\n|upkeep\n|turn|82\n|\n|t:|1700342591\n|-end|p2a: Kingambit|fallen4|[silent]\n|switch|p2a: Froslass|Froslass, F|57\/100\n|move|p1a: imposter|Spore|p2a: Froslass\n|-status|p2a: Froslass|slp|[from] move: Spore\n|\n|-heal|p1a: imposter|46\/100|[from] item: Black Sludge\n|upkeep\n|turn|83\n|\n|t:|1700342602\n|cant|p2a: Froslass|slp\n|move|p1a: imposter|Hex|p2a: Froslass\n|-supereffective|p2a: Froslass\n|-damage|p2a: Froslass|30\/100 slp\n|\n|-heal|p1a: imposter|52\/100|[from] item: Black Sludge\n|upkeep\n|turn|84\n|\n|t:|1700342608\n|-curestatus|p2a: Froslass|slp|[msg]\n|move|p2a: Froslass|Destiny Bond|p2a: Froslass\n|-singlemove|p2a: Froslass|Destiny Bond\n|move|p1a: imposter|Hex|p2a: Froslass\n|-supereffective|p2a: Froslass\n|-damage|p2a: Froslass|16\/100\n|\n|-heal|p1a: imposter|59\/100|[from] item: Black Sludge\n|upkeep\n|turn|85\n|\n|t:|1700342618\n|move|p2a: Froslass|Destiny Bond||[still]\n|-fail|p2a: Froslass\n|move|p1a: imposter|Hex|p2a: Froslass\n|-supereffective|p2a: Froslass\n|-damage|p2a: Froslass|4\/100\n|\n|-heal|p1a: imposter|65\/100|[from] item: Black Sludge\n|upkeep\n|turn|86\n|\n|t:|1700342626\n|move|p2a: Froslass|Draining Kiss|p1a: imposter\n|-resisted|p1a: imposter\n|-damage|p1a: imposter|59\/100\n|-heal|p2a: Froslass|10\/100|[from] drain|[of] p1a: imposter\n|move|p1a: imposter|Spore|p2a: Froslass\n|-status|p2a: Froslass|slp|[from] move: Spore\n|\n|-heal|p1a: imposter|66\/100|[from] item: Black Sludge\n|upkeep\n|turn|87\n|\n|t:|1700342634\n|cant|p2a: Froslass|slp\n|move|p1a: imposter|Hex|p2a: Froslass\n|-supereffective|p2a: Froslass\n|-damage|p2a: Froslass|0 fnt\n|-start|p1a: imposter|Disable|Hex|[from] ability: Cursed Body|[of] p2a: Froslass\n|faint|p2a: Froslass\n|\n|-heal|p1a: imposter|72\/100|[from] item: Black Sludge\n|upkeep\n|\n|t:|1700342637\n|switch|p2a: Kingambit|Kingambit, M|16\/100\n|-damage|p2a: Kingambit|10\/100|[from] Stealth Rock\n|-damage|p2a: Kingambit|0 fnt|[from] Spikes\n|faint|p2a: Kingambit\n|-end|p2a: Kingambit|fallen4|[silent]\n|\n|win|synitive\n|raw|synitive's rating: 1042 &rarr; <strong>1074<\/strong><br \/>(+32 for winning)\n|raw|PabloEscobar1987's rating: 1023 &rarr; <strong>1010<\/strong><br \/>(-13 for losing)\n|c|\u2606PabloEscobar1987|gg\n|c|\u2606synitive|Gg\n|l|\u2606PabloEscobar1987\n","uploadtime":1700342656,"views":10,"p1id":"synitive","p2id":"pabloescobar1987","formatid":"gen9ou","rating":1010,"private":0,"password":""}