{"id":"gen9ou-1991377946","p1":"N-Zoroark stan","p2":"Deez nuzt","format":"[Gen 9] OU","log":"|j|\u2606N-Zoroark stan\n|j|\u2606Deez nuzt\n|t:|1700072106\n|gametype|singles\n|player|p1|N-Zoroark stan|riley|1766\n|player|p2|Deez nuzt|fantina|1652\n|teamsize|p1|6\n|teamsize|p2|6\n|gen|9\n|tier|[Gen 9] OU\n|rated|\n|rule|Sleep Clause Mod: Limit one foe put to sleep\n|rule|Species Clause: Limit one of each Pok\u00e9mon\n|rule|OHKO Clause: OHKO moves are banned\n|rule|Evasion Items Clause: Evasion items are banned\n|rule|Evasion Moves Clause: Evasion moves are banned\n|rule|Endless Battle Clause: Forcing endless battles is banned\n|rule|HP Percentage Mod: HP is shown in percentages\n|clearpoke\n|poke|p1|Zoroark-Hisui, F|\n|poke|p1|Corviknight, M|\n|poke|p1|Ogerpon-Wellspring, F|\n|poke|p1|Sandy Shocks|\n|poke|p1|Lokix, F|\n|poke|p1|Greninja-*, M|\n|poke|p2|Ting-Lu|\n|poke|p2|Great Tusk|\n|poke|p2|Greninja-*, F|\n|poke|p2|Dragapult, F|\n|poke|p2|Heatran, M|\n|poke|p2|Zapdos|\n|teampreview\n|inactive|Battle timer is ON: inactive players will automatically lose when time's up. (requested by N-Zoroark stan)\n|c|\u2606N-Zoroark stan|glhf\n|\n|t:|1700072134\n|start\n|switch|p1a: Greninja|Greninja, M|100\/100\n|switch|p2a: Dragapult|Dragapult, F|100\/100\n|turn|1\n|\n|t:|1700072138\n|move|p1a: Greninja|U-turn|p2a: Dragapult\n|-start|p1a: Greninja|typechange|Bug|[from] ability: Protean\n|-resisted|p2a: Dragapult\n|-damage|p2a: Dragapult|83\/100\n|\n|t:|1700072140\n|switch|p1a: Corviknight|Corviknight, M|100\/100|[from] U-turn\n|-ability|p1a: Corviknight|Pressure\n|move|p2a: Dragapult|U-turn|p1a: Corviknight\n|-resisted|p1a: Corviknight\n|-damage|p1a: Corviknight|95\/100\n|-damage|p2a: Dragapult|66\/100|[from] item: Rocky Helmet|[of] p1a: Corviknight\n|\n|t:|1700072144\n|switch|p2a: Heatran|Heatran, M|100\/100|[from] U-turn\n|\n|upkeep\n|turn|2\n|\n|t:|1700072150\n|switch|p2a: Dragapult|Dragapult, F|66\/100\n|switch|p1a: Sandy Shocks|Sandy Shocks|100\/100\n|\n|upkeep\n|turn|3\n|\n|t:|1700072161\n|move|p2a: Dragapult|U-turn|p1a: Sandy Shocks\n|-damage|p1a: Sandy Shocks|61\/100\n|\n|t:|1700072166\n|switch|p2a: Ting-Lu|Ting-Lu|100\/100|[from] U-turn\n|-ability|p2a: Ting-Lu|Vessel of Ruin\n|move|p1a: Sandy Shocks|Stealth Rock|p2a: Ting-Lu\n|-sidestart|p2: Deez nuzt|move: Stealth Rock\n|\n|upkeep\n|turn|4\n|\n|t:|1700072171\n|-end|p1a: Sandy Shocks|Protosynthesis|[silent]\n|switch|p1a: Ogerpon|Ogerpon-Wellspring, F|100\/100\n|move|p2a: Ting-Lu|Spikes|p1a: Ogerpon\n|-sidestart|p1: N-Zoroark stan|Spikes\n|\n|upkeep\n|turn|5\n|\n|t:|1700072182\n|move|p1a: Ogerpon|Ivy Cudgel|p2a: Ting-Lu|[anim] Ivy Cudgel Water\n|-supereffective|p2a: Ting-Lu\n|-damage|p2a: Ting-Lu|51\/100\n|move|p2a: Ting-Lu|Whirlwind|p1a: Ogerpon\n|drag|p1a: Corviknight|Corviknight, M|95\/100\n|-ability|p1a: Corviknight|Pressure\n|\n|upkeep\n|turn|6\n|\n|t:|1700072186\n|move|p1a: Corviknight|Body Press|p2a: Ting-Lu\n|-supereffective|p2a: Ting-Lu\n|-damage|p2a: Ting-Lu|31\/100\n|-damage|p1a: Corviknight|79\/100|[from] item: Rocky Helmet|[of] p2a: Ting-Lu\n|move|p2a: Ting-Lu|Ruination|p1a: Corviknight\n|-damage|p1a: Corviknight|40\/100\n|\n|upkeep\n|turn|7\n|\n|t:|1700072201\n|switch|p2a: Heatran|Heatran, M|100\/100\n|-damage|p2a: Heatran|88\/100|[from] Stealth Rock\n|move|p1a: Corviknight|Body Press|p2a: Heatran\n|-supereffective|p2a: Heatran\n|-damage|p2a: Heatran|46\/100\n|\n|-heal|p2a: Heatran|52\/100|[from] item: Leftovers\n|upkeep\n|turn|8\n|\n|t:|1700072213\n|switch|p1a: Greninja|Greninja, M|100\/100\n|-damage|p1a: Greninja|88\/100|[from] Spikes\n|move|p2a: Heatran|Magma Storm|p1a: Greninja\n|-resisted|p1a: Greninja\n|-damage|p1a: Greninja|50\/100\n|-activate|p1a: Greninja|move: Magma Storm|[of] p2a: Heatran\n|\n|-heal|p2a: Heatran|59\/100|[from] item: Leftovers\n|-damage|p1a: Greninja|38\/100|[from] move: Magma Storm|[partiallytrapped]\n|upkeep\n|turn|9\n|\n|t:|1700072228\n|move|p1a: Greninja|U-turn|p2a: Heatran\n|-start|p1a: Greninja|typechange|Bug|[from] ability: Protean\n|-resisted|p2a: Heatran\n|-damage|p2a: Heatran|54\/100\n|-status|p1a: Greninja|brn|[from] ability: Flame Body|[of] p2a: Heatran\n|inactive|N-Zoroark stan has 120 seconds left.\n|\n|t:|1700072261\n|switch|p1a: Ogerpon|Ogerpon-Wellspring, F|100\/100|[from] U-turn\n|-damage|p1a: Ogerpon|88\/100|[from] Spikes\n|move|p2a: Heatran|Earth Power|p1a: Ogerpon\n|-resisted|p1a: Ogerpon\n|-damage|p1a: Ogerpon|73\/100\n|\n|-heal|p2a: Heatran|60\/100|[from] item: Leftovers\n|upkeep\n|turn|10\n|inactive|N-Zoroark stan has 120 seconds left.\n|\n|t:|1700072273\n|switch|p2a: Ting-Lu|Ting-Lu|31\/100\n|-damage|p2a: Ting-Lu|25\/100|[from] Stealth Rock\n|-ability|p2a: Ting-Lu|Vessel of Ruin\n|move|p1a: Ogerpon|U-turn|p2a: Ting-Lu\n|-supereffective|p2a: Ting-Lu\n|-damage|p2a: Ting-Lu|3\/100\n|-damage|p1a: Ogerpon|56\/100|[from] item: Rocky Helmet|[of] p2a: Ting-Lu\n|inactive|N-Zoroark stan has 120 seconds left.\n|\n|t:|1700072278\n|switch|p1a: Corviknight|Corviknight, M|40\/100|[from] U-turn\n|-ability|p1a: Corviknight|Pressure\n|\n|upkeep\n|turn|11\n|\n|t:|1700072284\n|switch|p2a: Heatran|Heatran, M|60\/100\n|-damage|p2a: Heatran|47\/100|[from] Stealth Rock\n|move|p1a: Corviknight|Roost|p1a: Corviknight\n|-heal|p1a: Corviknight|90\/100\n|-singleturn|p1a: Corviknight|move: Roost\n|\n|-heal|p2a: Heatran|54\/100|[from] item: Leftovers\n|upkeep\n|turn|12\n|\n|t:|1700072293\n|switch|p1a: Greninja|Greninja, M|38\/100 brn\n|-damage|p1a: Greninja|25\/100 brn|[from] Spikes\n|move|p2a: Heatran|Stealth Rock|p1a: Greninja\n|-sidestart|p1: N-Zoroark stan|move: Stealth Rock\n|\n|-heal|p2a: Heatran|60\/100|[from] item: Leftovers\n|-damage|p1a: Greninja|19\/100 brn|[from] brn\n|upkeep\n|turn|13\n|\n|t:|1700072299\n|switch|p2a: Ting-Lu|Ting-Lu|3\/100\n|-damage|p2a: Ting-Lu|0 fnt|[from] Stealth Rock\n|faint|p2a: Ting-Lu\n|move|p1a: Greninja|Hydro Pump|p2: Ting-Lu|[notarget]\n|-fail|p1a: Greninja\n|\n|-damage|p1a: Greninja|13\/100 brn|[from] brn\n|upkeep\n|\n|t:|1700072309\n|switch|p2a: Dragapult|Dragapult, F|66\/100\n|-damage|p2a: Dragapult|54\/100|[from] Stealth Rock\n|turn|14\n|\n|t:|1700072314\n|-terastallize|p2a: Dragapult|Ghost\n|move|p1a: Greninja|Hydro Pump|p2a: Dragapult\n|-start|p1a: Greninja|typechange|Water|[from] ability: Protean\n|-damage|p2a: Dragapult|0 fnt\n|faint|p2a: Dragapult\n|\n|-damage|p1a: Greninja|8\/100 brn|[from] brn\n|upkeep\n|-message|Deez nuzt forfeited.\n|\n|win|N-Zoroark stan\n|raw|N-Zoroark stan's rating: 1766 &rarr; <strong>1780<\/strong><br \/>(+14 for winning)\n|raw|Deez nuzt's rating: 1652 &rarr; <strong>1638<\/strong><br \/>(-14 for losing)\n|l|\u2606Deez nuzt\n","uploadtime":1700072329,"views":13,"p1id":"nzoroarkstan","p2id":"deeznuzt","formatid":"gen9ou","rating":1638,"private":0,"password":""}