{"id":"gen9ou-1999592999","p1":"Blue_Bagle","p2":"ddddqwdddd","format":"[Gen 9] OU","log":"|j|\u2606Blue_Bagle\n|j|\u2606ddddqwdddd\n|t:|1701099352\n|gametype|singles\n|player|p1|Blue_Bagle|266|1110\n|player|p2|ddddqwdddd|gentleman|1045\n|teamsize|p1|6\n|teamsize|p2|6\n|gen|9\n|tier|[Gen 9] OU\n|rated|\n|rule|Sleep Clause Mod: Limit one foe put to sleep\n|rule|Species Clause: Limit one of each Pok\u00e9mon\n|rule|OHKO Clause: OHKO moves are banned\n|rule|Evasion Items Clause: Evasion items are banned\n|rule|Evasion Moves Clause: Evasion moves are banned\n|rule|Endless Battle Clause: Forcing endless battles is banned\n|rule|HP Percentage Mod: HP is shown in percentages\n|clearpoke\n|poke|p1|Greninja-*, M|\n|poke|p1|Ceruledge, M|\n|poke|p1|Arcanine-Hisui, F|\n|poke|p1|Iron Moth|\n|poke|p1|Iron Valiant|\n|poke|p1|Wo-Chien|\n|poke|p2|Zapdos|\n|poke|p2|Slowking-Galar, M|\n|poke|p2|Perrserker, M|\n|poke|p2|Great Tusk|\n|poke|p2|Crawdaunt, M|\n|poke|p2|Mandibuzz, F|\n|teampreview\n|\n|t:|1701099366\n|start\n|switch|p1a: Wo-Chien|Wo-Chien|100\/100\n|switch|p2a: Crawdaunt|Crawdaunt, M|100\/100\n|-ability|p1a: Wo-Chien|Tablets of Ruin\n|turn|1\n|\n|t:|1701099374\n|switch|p2a: Mandibuzz|Mandibuzz, F|100\/100\n|move|p1a: Wo-Chien|Leech Seed|p2a: Mandibuzz\n|-start|p2a: Mandibuzz|move: Leech Seed\n|\n|-damage|p2a: Mandibuzz|88\/100|[from] Leech Seed|[of] p1a: Wo-Chien\n|upkeep\n|turn|2\n|\n|t:|1701099388\n|move|p2a: Mandibuzz|U-turn|p1a: Wo-Chien\n|-supereffective|p1a: Wo-Chien\n|-damage|p1a: Wo-Chien|72\/100\n|\n|t:|1701099391\n|switch|p2a: Zapdos|Zapdos|100\/100|[from] U-turn\n|move|p1a: Wo-Chien|Leech Seed|p2a: Zapdos\n|-start|p2a: Zapdos|move: Leech Seed\n|\n|-damage|p2a: Zapdos|88\/100|[from] Leech Seed|[of] p1a: Wo-Chien\n|-heal|p1a: Wo-Chien|84\/100|[silent]\n|upkeep\n|turn|3\n|\n|t:|1701099398\n|move|p1a: Wo-Chien|Protect|p1a: Wo-Chien\n|-singleturn|p1a: Wo-Chien|Protect\n|move|p2a: Zapdos|Volt Switch|p1a: Wo-Chien\n|-activate|p1a: Wo-Chien|move: Protect\n|\n|-damage|p2a: Zapdos|75\/100|[from] Leech Seed|[of] p1a: Wo-Chien\n|-heal|p1a: Wo-Chien|97\/100|[silent]\n|upkeep\n|turn|4\n|\n|t:|1701099415\n|move|p2a: Zapdos|Volt Switch|p1a: Wo-Chien\n|-resisted|p1a: Wo-Chien\n|-damage|p1a: Wo-Chien|89\/100\n|\n|t:|1701099419\n|switch|p2a: Slowking|Slowking-Galar, M|100\/100|[from] Volt Switch\n|move|p1a: Wo-Chien|Leech Seed|p2a: Slowking\n|-start|p2a: Slowking|move: Leech Seed\n|\n|-damage|p2a: Slowking|88\/100|[from] Leech Seed|[of] p1a: Wo-Chien\n|-heal|p1a: Wo-Chien|100\/100|[silent]\n|upkeep\n|turn|5\n|\n|t:|1701099433\n|move|p1a: Wo-Chien|Ruination|p2a: Slowking\n|-damage|p2a: Slowking|44\/100\n|move|p2a: Slowking|Chilly Reception|p2a: Slowking\n|-weather|Snow\n|\n|t:|1701099438\n|switch|p2a: Perrserker|Perrserker, M|100\/100|[from] Chilly Reception\n|\n|-weather|Snow|[upkeep]\n|upkeep\n|turn|6\n|\n|t:|1701099445\n|move|p1a: Wo-Chien|Protect|p1a: Wo-Chien\n|-singleturn|p1a: Wo-Chien|Protect\n|move|p2a: Perrserker|Gyro Ball|p1a: Wo-Chien\n|-activate|p1a: Wo-Chien|move: Protect\n|\n|-weather|Snow|[upkeep]\n|upkeep\n|turn|7\n|\n|t:|1701099455\n|move|p1a: Wo-Chien|Leech Seed|p2a: Perrserker|[miss]\n|-miss|p1a: Wo-Chien|p2a: Perrserker\n|move|p2a: Perrserker|Iron Head|p1a: Wo-Chien\n|-damage|p1a: Wo-Chien|56\/100\n|\n|-weather|Snow|[upkeep]\n|upkeep\n|turn|8\n|\n|t:|1701099462\n|move|p1a: Wo-Chien|Leech Seed|p2a: Perrserker\n|-start|p2a: Perrserker|move: Leech Seed\n|move|p2a: Perrserker|Close Combat|p1a: Wo-Chien\n|-supereffective|p1a: Wo-Chien\n|-damage|p1a: Wo-Chien|0 fnt\n|-unboost|p2a: Perrserker|def|1\n|-unboost|p2a: Perrserker|spd|1\n|faint|p1a: Wo-Chien\n|\n|-weather|Snow|[upkeep]\n|upkeep\n|\n|t:|1701099476\n|switch|p1a: Ceruledge|Ceruledge, M|100\/100\n|turn|9\n|\n|t:|1701099482\n|switch|p2a: Mandibuzz|Mandibuzz, F|88\/100\n|move|p1a: Ceruledge|Swords Dance|p1a: Ceruledge\n|-boost|p1a: Ceruledge|atk|2\n|\n|-weather|none\n|upkeep\n|turn|10\n|\n|t:|1701099491\n|move|p1a: Ceruledge|Swords Dance|p1a: Ceruledge\n|-boost|p1a: Ceruledge|atk|2\n|move|p2a: Mandibuzz|Foul Play|p1a: Ceruledge\n|-supereffective|p1a: Ceruledge\n|-enditem|p1a: Ceruledge|Focus Sash\n|-damage|p1a: Ceruledge|1\/100\n|-ability|p1a: Ceruledge|Weak Armor|boost\n|-unboost|p1a: Ceruledge|def|1\n|-boost|p1a: Ceruledge|spe|2\n|\n|upkeep\n|turn|11\n|\n|t:|1701099501\n|-terastallize|p2a: Mandibuzz|Dragon\n|move|p1a: Ceruledge|Destiny Bond|p1a: Ceruledge\n|-singlemove|p1a: Ceruledge|Destiny Bond\n|move|p2a: Mandibuzz|Foul Play|p1a: Ceruledge\n|-supereffective|p1a: Ceruledge\n|-damage|p1a: Ceruledge|0 fnt\n|faint|p1a: Ceruledge\n|-activate|p1a: Ceruledge|move: Destiny Bond\n|faint|p2a: Mandibuzz\n|\n|upkeep\n|\n|t:|1701099512\n|switch|p1a: Arcanine|Arcanine-Hisui, F|100\/100\n|switch|p2a: Crawdaunt|Crawdaunt, M|100\/100\n|turn|12\n|\n|t:|1701099531\n|switch|p1a: Iron Valiant|Iron Valiant, shiny|100\/100\n|-enditem|p1a: Iron Valiant|Booster Energy\n|-activate|p1a: Iron Valiant|ability: Quark Drive|[fromitem]\n|-start|p1a: Iron Valiant|quarkdriveatk\n|move|p2a: Crawdaunt|Aqua Jet|p1a: Iron Valiant\n|-damage|p1a: Iron Valiant|40\/100\n|\n|upkeep\n|turn|13\n|\n|t:|1701099544\n|move|p2a: Crawdaunt|Aqua Jet|p1a: Iron Valiant\n|-damage|p1a: Iron Valiant|0 fnt\n|faint|p1a: Iron Valiant\n|-end|p1a: Iron Valiant|Quark Drive|[silent]\n|\n|upkeep\n|\n|t:|1701099554\n|switch|p1a: Greninja|Greninja, M, shiny|100\/100\n|turn|14\n|\n|t:|1701099567\n|switch|p2a: Zapdos|Zapdos|75\/100\n|move|p1a: Greninja|Hydro Pump|p2a: Zapdos\n|-start|p1a: Greninja|typechange|Water|[from] ability: Protean\n|-damage|p2a: Zapdos|29\/100\n|-damage|p1a: Greninja|91\/100|[from] item: Life Orb\n|\n|upkeep\n|turn|15\n|\n|t:|1701099580\n|move|p1a: Greninja|Extrasensory|p2a: Zapdos\n|-damage|p2a: Zapdos|8\/100\n|-damage|p1a: Greninja|81\/100|[from] item: Life Orb\n|move|p2a: Zapdos|Volt Switch|p1a: Greninja\n|-supereffective|p1a: Greninja\n|-damage|p1a: Greninja|0 fnt\n|faint|p1a: Greninja\n|-message|Blue_Bagle forfeited.\n|\n|win|ddddqwdddd\n|raw|Blue_Bagle's rating: 1110 &rarr; <strong>1080<\/strong><br \/>(-30 for losing)\n|raw|ddddqwdddd's rating: 1045 &rarr; <strong>1084<\/strong><br \/>(+39 for winning)\n|l|\u2606Blue_Bagle\n","uploadtime":1701099589,"views":2,"p1id":"bluebagle","p2id":"ddddqwdddd","formatid":"gen9ou","rating":1080,"private":0,"password":""}