{"id":"gen9ou-1993234915","p1":"CyberH3","p2":"Perfect DarK 0707","format":"[Gen 9] OU","log":"|j|\u2606CyberH3\n|j|\u2606Perfect DarK 0707\n|t:|1700281932\n|gametype|singles\n|player|p1|CyberH3|mars|1430\n|player|p2|Perfect DarK 0707|teamrocketgruntf-gen3|1423\n|teamsize|p1|6\n|teamsize|p2|6\n|gen|9\n|tier|[Gen 9] OU\n|rated|\n|rule|Sleep Clause Mod: Limit one foe put to sleep\n|rule|Species Clause: Limit one of each Pok\u00e9mon\n|rule|OHKO Clause: OHKO moves are banned\n|rule|Evasion Items Clause: Evasion items are banned\n|rule|Evasion Moves Clause: Evasion moves are banned\n|rule|Endless Battle Clause: Forcing endless battles is banned\n|rule|HP Percentage Mod: HP is shown in percentages\n|clearpoke\n|poke|p1|Goodra-Hisui, M|\n|poke|p1|Scizor, F|\n|poke|p1|Mimikyu, F|\n|poke|p1|Iron Valiant|\n|poke|p1|Talonflame, F|\n|poke|p1|Lokix, M|\n|poke|p2|Cinderace, M|\n|poke|p2|Gholdengo|\n|poke|p2|Iron Valiant|\n|poke|p2|Ogerpon-Wellspring, F|\n|poke|p2|Dragonite, M|\n|poke|p2|Great Tusk|\n|teampreview\n|inactive|Battle timer is ON: inactive players will automatically lose when time's up. (requested by Perfect DarK 0707)\n|\n|t:|1700281940\n|start\n|switch|p1a: The XO|Talonflame, F|100\/100\n|switch|p2a: 401 K|Gholdengo|100\/100\n|turn|1\n|\n|t:|1700281952\n|switch|p2a: S1Lv3R Bull37|Cinderace, M, shiny|100\/100\n|move|p1a: The XO|Flare Blitz|p2a: S1Lv3R Bull37\n|-resisted|p2a: S1Lv3R Bull37\n|-damage|p2a: S1Lv3R Bull37|67\/100\n|-damage|p1a: The XO|89\/100|[from] Recoil\n|\n|-heal|p1a: The XO|95\/100|[from] item: Leftovers\n|upkeep\n|turn|2\n|\n|t:|1700281962\n|move|p1a: The XO|Brave Bird|p2a: S1Lv3R Bull37\n|-damage|p2a: S1Lv3R Bull37|0 fnt\n|faint|p2a: S1Lv3R Bull37\n|-damage|p1a: The XO|73\/100|[from] Recoil\n|\n|-heal|p1a: The XO|79\/100|[from] item: Leftovers\n|upkeep\n|\n|t:|1700281970\n|switch|p2a: 7usK|Great Tusk|100\/100\n|turn|3\n|\n|t:|1700281975\n|move|p1a: The XO|Will-O-Wisp|p2a: 7usK\n|-status|p2a: 7usK|brn\n|move|p2a: 7usK|Knock Off|p1a: The XO\n|-damage|p1a: The XO|58\/100\n|-enditem|p1a: The XO|Leftovers|[from] move: Knock Off|[of] p2a: 7usK\n|\n|-damage|p2a: 7usK|94\/100 brn|[from] brn\n|upkeep\n|turn|4\n|\n|t:|1700281984\n|move|p1a: The XO|Brave Bird|p2a: 7usK\n|-supereffective|p2a: 7usK\n|-damage|p2a: 7usK|50\/100 brn\n|-damage|p1a: The XO|37\/100|[from] Recoil\n|move|p2a: 7usK|Stealth Rock|p1a: The XO\n|-sidestart|p1: CyberH3|move: Stealth Rock\n|\n|-heal|p2a: 7usK|56\/100 brn|[from] item: Leftovers\n|-damage|p2a: 7usK|50\/100 brn|[from] brn\n|upkeep\n|turn|5\n|\n|t:|1700281995\n|-end|p2a: 7usK|Protosynthesis|[silent]\n|switch|p2a: 401 K|Gholdengo|100\/100\n|move|p1a: The XO|Brave Bird|p2a: 401 K\n|-resisted|p2a: 401 K\n|-damage|p2a: 401 K|75\/100\n|-damage|p1a: The XO|27\/100|[from] Recoil\n|\n|upkeep\n|turn|6\n|\n|t:|1700282003\n|move|p2a: 401 K|Shadow Ball|p1a: The XO\n|-damage|p1a: The XO|0 fnt\n|faint|p1a: The XO\n|\n|upkeep\n|\n|t:|1700282015\n|switch|p1a: Morf LeRosh|Lokix, M|100\/100\n|-damage|p1a: Morf LeRosh|76\/100|[from] Stealth Rock\n|turn|7\n|\n|t:|1700282020\n|move|p2a: 401 K|Shadow Ball|p1a: Morf LeRosh\n|-resisted|p1a: Morf LeRosh\n|-damage|p1a: Morf LeRosh|36\/100\n|-unboost|p1a: Morf LeRosh|spd|1\n|move|p1a: Morf LeRosh|Knock Off|p2a: 401 K\n|-supereffective|p2a: 401 K\n|-damage|p2a: 401 K|0 fnt\n|-enditem|p2a: 401 K|Choice Scarf|[from] move: Knock Off|[of] p1a: Morf LeRosh\n|faint|p2a: 401 K\n|-damage|p1a: Morf LeRosh|26\/100|[from] item: Life Orb\n|\n|upkeep\n|\n|t:|1700282032\n|switch|p2a: Terrifying \ud83e\udeb6|Dragonite, M|100\/100\n|turn|8\n|\n|t:|1700282036\n|move|p1a: Morf LeRosh|U-turn|p2a: Terrifying \ud83e\udeb6\n|-resisted|p2a: Terrifying \ud83e\udeb6\n|-damage|p2a: Terrifying \ud83e\udeb6|80\/100\n|-damage|p1a: Morf LeRosh|16\/100|[from] item: Life Orb\n|\n|t:|1700282040\n|switch|p1a: R-TRUS|Iron Valiant|100\/100|[from] U-turn\n|-damage|p1a: R-TRUS|94\/100|[from] Stealth Rock\n|-enditem|p1a: R-TRUS|Booster Energy\n|-activate|p1a: R-TRUS|ability: Quark Drive|[fromitem]\n|-start|p1a: R-TRUS|quarkdrivespe\n|move|p2a: Terrifying \ud83e\udeb6|Dragon Dance|p2a: Terrifying \ud83e\udeb6\n|-boost|p2a: Terrifying \ud83e\udeb6|atk|1\n|-boost|p2a: Terrifying \ud83e\udeb6|spe|1\n|\n|-heal|p2a: Terrifying \ud83e\udeb6|86\/100|[from] item: Leftovers\n|upkeep\n|turn|9\n|\n|t:|1700282053\n|-terastallize|p2a: Terrifying \ud83e\udeb6|Flying\n|move|p2a: Terrifying \ud83e\udeb6|Extreme Speed|p1a: R-TRUS\n|-damage|p1a: R-TRUS|38\/100\n|move|p1a: R-TRUS|Encore|p2a: Terrifying \ud83e\udeb6\n|-start|p2a: Terrifying \ud83e\udeb6|Encore\n|\n|-heal|p2a: Terrifying \ud83e\udeb6|92\/100|[from] item: Leftovers\n|upkeep\n|turn|10\n|\n|t:|1700282063\n|-end|p1a: R-TRUS|Quark Drive|[silent]\n|switch|p1a: OHAYOLLIE|Mimikyu, F|100\/100\n|-damage|p1a: OHAYOLLIE|88\/100|[from] Stealth Rock\n|move|p2a: Terrifying \ud83e\udeb6|Extreme Speed|p1a: OHAYOLLIE\n|-immune|p1a: OHAYOLLIE\n|\n|-heal|p2a: Terrifying \ud83e\udeb6|99\/100|[from] item: Leftovers\n|upkeep\n|turn|11\n|\n|t:|1700282075\n|switch|p2a: 7usK|Great Tusk|50\/100 brn\n|move|p1a: OHAYOLLIE|Swords Dance|p1a: OHAYOLLIE\n|-boost|p1a: OHAYOLLIE|atk|2\n|\n|-heal|p2a: 7usK|56\/100 brn|[from] item: Leftovers\n|-damage|p2a: 7usK|50\/100 brn|[from] brn\n|upkeep\n|turn|12\n|\n|t:|1700282089\n|move|p1a: OHAYOLLIE|Play Rough|p2a: 7usK\n|-supereffective|p2a: 7usK\n|-damage|p2a: 7usK|0 fnt\n|faint|p2a: 7usK\n|-end|p2a: 7usK|Protosynthesis|[silent]\n|-damage|p1a: OHAYOLLIE|78\/100|[from] item: Life Orb\n|\n|upkeep\n|\n|t:|1700282108\n|switch|p2a: Sailor Moon \ud83c\udf19|Iron Valiant, shiny|100\/100\n|-enditem|p2a: Sailor Moon \ud83c\udf19|Booster Energy\n|-activate|p2a: Sailor Moon \ud83c\udf19|ability: Quark Drive|[fromitem]\n|-start|p2a: Sailor Moon \ud83c\udf19|quarkdrivespe\n|turn|13\n|\n|t:|1700282116\n|move|p2a: Sailor Moon \ud83c\udf19|Moonblast|p1a: OHAYOLLIE\n|-activate|p1a: OHAYOLLIE|ability: Disguise\n|-damage|p1a: OHAYOLLIE|78\/100\n|detailschange|p1a: OHAYOLLIE|Mimikyu-Busted, F\n|-damage|p1a: OHAYOLLIE|66\/100|[from] pokemon: Mimikyu-Busted\n|move|p1a: OHAYOLLIE|Play Rough|p2a: Sailor Moon \ud83c\udf19\n|-supereffective|p2a: Sailor Moon \ud83c\udf19\n|-damage|p2a: Sailor Moon \ud83c\udf19|0 fnt\n|faint|p2a: Sailor Moon \ud83c\udf19\n|-end|p2a: Sailor Moon \ud83c\udf19|Quark Drive|[silent]\n|-damage|p1a: OHAYOLLIE|56\/100|[from] item: Life Orb\n|\n|upkeep\n|-message|Perfect DarK 0707 forfeited.\n|\n|win|CyberH3\n|raw|CyberH3's rating: 1430 &rarr; <strong>1450<\/strong><br \/>(+20 for winning)\n|raw|Perfect DarK 0707's rating: 1423 &rarr; <strong>1403<\/strong><br \/>(-20 for losing)\n|l|\u2606Perfect DarK 0707\n","uploadtime":1700282140,"views":12,"p1id":"cyberh3","p2id":"perfectdark0707","formatid":"gen9ou","rating":1403,"private":0,"password":""}