{"id":"gen9ou-1993606247","p1":"llBrayzed","p2":"Sniverdrill","format":"[Gen 9] OU","log":"|j|\u2606llBrayzed\n|j|\u2606Sniverdrill\n|t:|1700336777\n|gametype|singles\n|player|p1|llBrayzed|riley|1117\n|player|p2|Sniverdrill|miriam|1066\n|teamsize|p1|6\n|teamsize|p2|6\n|gen|9\n|tier|[Gen 9] OU\n|rated|\n|rule|Sleep Clause Mod: Limit one foe put to sleep\n|rule|Species Clause: Limit one of each Pok\u00e9mon\n|rule|OHKO Clause: OHKO moves are banned\n|rule|Evasion Items Clause: Evasion items are banned\n|rule|Evasion Moves Clause: Evasion moves are banned\n|rule|Endless Battle Clause: Forcing endless battles is banned\n|rule|HP Percentage Mod: HP is shown in percentages\n|clearpoke\n|poke|p1|Typhlosion-Hisui, M|\n|poke|p1|Walking Wake|\n|poke|p1|Iron Treads|\n|poke|p1|Dragapult, M|\n|poke|p1|Iron Valiant|\n|poke|p1|Ogerpon-Wellspring, F|\n|poke|p2|Hatterene, F|\n|poke|p2|Weezing-Galar, M|\n|poke|p2|Ogerpon-Wellspring, F|\n|poke|p2|Heatran, F|\n|poke|p2|Tyranitar, M|\n|poke|p2|Landorus-Therian, M|\n|teampreview\n|inactive|Battle timer is ON: inactive players will automatically lose when time's up. (requested by Sniverdrill)\n|\n|t:|1700336788\n|start\n|switch|p1a: Typhlosion|Typhlosion-Hisui, M, shiny|100\/100\n|switch|p2a: Ogerpon|Ogerpon-Wellspring, F|100\/100\n|turn|1\n|\n|t:|1700336795\n|-terastallize|p1a: Typhlosion|Flying\n|move|p1a: Typhlosion|Tera Blast|p2a: Ogerpon|[anim] Tera Blast Flying\n|-supereffective|p2a: Ogerpon\n|-damage|p2a: Ogerpon|0 fnt\n|faint|p2a: Ogerpon\n|\n|upkeep\n|\n|t:|1700336803\n|switch|p2a: Tyranitar|Tyranitar, M|100\/100\n|-weather|Sandstorm|[from] ability: Sand Stream|[of] p2a: Tyranitar\n|turn|2\n|\n|t:|1700336814\n|switch|p1a: Iron Treads|Iron Treads|100\/100\n|move|p2a: Tyranitar|Rock Slide|p1a: Iron Treads\n|-resisted|p1a: Iron Treads\n|-damage|p1a: Iron Treads|93\/100\n|\n|-weather|Sandstorm|[upkeep]\n|-heal|p1a: Iron Treads|99\/100|[from] item: Leftovers\n|upkeep\n|turn|3\n|\n|t:|1700336826\n|switch|p2a: Landorus|Landorus-Therian, M|100\/100\n|-ability|p2a: Landorus|Intimidate|boost\n|-unboost|p1a: Iron Treads|atk|1\n|move|p1a: Iron Treads|Iron Head|p2a: Landorus\n|-damage|p2a: Landorus|82\/100\n|-damage|p1a: Iron Treads|83\/100|[from] item: Rocky Helmet|[of] p2a: Landorus\n|\n|-weather|Sandstorm|[upkeep]\n|-heal|p1a: Iron Treads|89\/100|[from] item: Leftovers\n|upkeep\n|turn|4\n|\n|t:|1700336838\n|move|p1a: Iron Treads|Ice Spinner|p2a: Landorus\n|-supereffective|p2a: Landorus\n|-damage|p2a: Landorus|30\/100\n|-damage|p1a: Iron Treads|72\/100|[from] item: Rocky Helmet|[of] p2a: Landorus\n|move|p2a: Landorus|Earthquake|p1a: Iron Treads\n|-supereffective|p1a: Iron Treads\n|-damage|p1a: Iron Treads|0 fnt\n|faint|p1a: Iron Treads\n|-end|p1a: Iron Treads|Quark Drive|[silent]\n|\n|-weather|Sandstorm|[upkeep]\n|upkeep\n|\n|t:|1700336848\n|switch|p1a: Dragapult|Dragapult, M|100\/100\n|turn|5\n|\n|t:|1700336854\n|switch|p2a: Tyranitar|Tyranitar, M|100\/100\n|move|p1a: Dragapult|Phantom Force||[still]\n|-prepare|p1a: Dragapult|Phantom Force\n|\n|-weather|Sandstorm|[upkeep]\n|-damage|p1a: Dragapult|95\/100|[from] Sandstorm\n|upkeep\n|turn|6\n|\n|t:|1700336862\n|move|p1a: Dragapult|Phantom Force|p2a: Tyranitar|[from]lockedmove\n|-resisted|p2a: Tyranitar\n|-damage|p2a: Tyranitar|77\/100\n|move|p2a: Tyranitar|Knock Off|p1a: Dragapult\n|-supereffective|p1a: Dragapult\n|-damage|p1a: Dragapult|0 fnt\n|-enditem|p1a: Dragapult|Choice Band|[from] move: Knock Off|[of] p2a: Tyranitar\n|faint|p1a: Dragapult\n|\n|-weather|none\n|-heal|p2a: Tyranitar|83\/100|[from] item: Leftovers\n|upkeep\n|\n|t:|1700336867\n|switch|p1a: Typhlosion|Typhlosion-Hisui, M, shiny, tera:Flying|100\/100\n|turn|7\n|\n|t:|1700336876\n|move|p1a: Typhlosion|Eruption|p2a: Tyranitar\n|-resisted|p2a: Tyranitar\n|-damage|p2a: Tyranitar|42\/100\n|move|p2a: Tyranitar|Rock Slide|p1a: Typhlosion\n|-supereffective|p1a: Typhlosion\n|-damage|p1a: Typhlosion|0 fnt\n|faint|p1a: Typhlosion\n|\n|-heal|p2a: Tyranitar|48\/100|[from] item: Leftovers\n|upkeep\n|-message|llBrayzed forfeited.\n|\n|win|Sniverdrill\n|raw|llBrayzed's rating: 1117 &rarr; <strong>1088<\/strong><br \/>(-29 for losing)\n|raw|Sniverdrill's rating: 1066 &rarr; <strong>1100<\/strong><br \/>(+34 for winning)\n|l|\u2606llBrayzed\n","uploadtime":1700336894,"views":8,"p1id":"llbrayzed","p2id":"sniverdrill","formatid":"gen9ou","rating":1088,"private":0,"password":""}