{"id":"gen9ou-1990643184","p1":"PLAYB0I R0BBIE B","p2":"Idk224","format":"[Gen 9] OU","log":"|j|\u2606PLAYB0I R0BBIE B\n|j|\u2606Idk224\n|t:|1699988170\n|gametype|singles\n|player|p1|PLAYB0I R0BBIE B|eusine|1319\n|player|p2|Idk224|cynthia|1331\n|teamsize|p1|6\n|teamsize|p2|6\n|gen|9\n|tier|[Gen 9] OU\n|rated|\n|rule|Sleep Clause Mod: Limit one foe put to sleep\n|rule|Species Clause: Limit one of each Pok\u00e9mon\n|rule|OHKO Clause: OHKO moves are banned\n|rule|Evasion Items Clause: Evasion items are banned\n|rule|Evasion Moves Clause: Evasion moves are banned\n|rule|Endless Battle Clause: Forcing endless battles is banned\n|rule|HP Percentage Mod: HP is shown in percentages\n|clearpoke\n|poke|p1|Meowscarada, F|\n|poke|p1|Thundurus-Therian, M|\n|poke|p1|Dragapult, F|\n|poke|p1|Heatran, F|\n|poke|p1|Great Tusk|\n|poke|p1|Iron Valiant|\n|poke|p2|Alomomola, F|\n|poke|p2|Kingambit, M|\n|poke|p2|Great Tusk|\n|poke|p2|Slowking-Galar, F|\n|poke|p2|Rillaboom, M|\n|poke|p2|Sneasler, M|\n|teampreview\n|inactive|Battle timer is ON: inactive players will automatically lose when time's up. (requested by PLAYB0I R0BBIE B)\n|\n|t:|1699988182\n|start\n|switch|p1a: SICKO MODE|Meowscarada, F|100\/100\n|switch|p2a: Slowking|Slowking-Galar, F|100\/100\n|turn|1\n|\n|t:|1699988188\n|switch|p2a: Kingambit|Kingambit, M|100\/100\n|move|p1a: SICKO MODE|Knock Off|p2a: Kingambit\n|-start|p1a: SICKO MODE|typechange|Dark|[from] ability: Protean\n|-resisted|p2a: Kingambit\n|-damage|p2a: Kingambit|76\/100\n|-enditem|p2a: Kingambit|Black Glasses|[from] move: Knock Off|[of] p1a: SICKO MODE\n|\n|upkeep\n|turn|2\n|\n|t:|1699988195\n|switch|p1a: 5% TINT|Heatran, F|100\/100\n|-item|p1a: 5% TINT|Air Balloon\n|move|p2a: Kingambit|Iron Head|p1a: 5% TINT\n|-resisted|p1a: 5% TINT\n|-damage|p1a: 5% TINT|91\/100\n|-enditem|p1a: 5% TINT|Air Balloon\n|\n|upkeep\n|turn|3\n|\n|t:|1699988199\n|-end|p2a: Kingambit|fallenundefined|[silent]\n|switch|p2a: Alomomola|Alomomola, F|100\/100\n|move|p1a: 5% TINT|Magma Storm|p2a: Alomomola|[miss]\n|-miss|p1a: 5% TINT|p2a: Alomomola\n|\n|upkeep\n|turn|4\n|\n|t:|1699988206\n|switch|p1a: ASTROTHUNDER|Thundurus-Therian, M|100\/100\n|move|p2a: Alomomola|Scald|p1a: ASTROTHUNDER\n|-crit|p1a: ASTROTHUNDER\n|-damage|p1a: ASTROTHUNDER|72\/100\n|\n|upkeep\n|turn|5\n|\n|t:|1699988214\n|switch|p2a: Slowking|Slowking-Galar, F|100\/100\n|-terastallize|p1a: ASTROTHUNDER|Flying\n|move|p1a: ASTROTHUNDER|Tera Blast|p2a: Slowking|[anim] Tera Blast Flying\n|-damage|p2a: Slowking|46\/100\n|\n|-heal|p2a: Slowking|52\/100|[from] item: Leftovers\n|upkeep\n|turn|6\n|\n|t:|1699988236\n|move|p1a: ASTROTHUNDER|Tera Blast|p2a: Slowking|[anim] Tera Blast Flying\n|-damage|p2a: Slowking|0 fnt\n|faint|p2a: Slowking\n|\n|upkeep\n|\n|t:|1699988238\n|switch|p2a: Rillaboom|Rillaboom, M|100\/100\n|-fieldstart|move: Grassy Terrain|[from] ability: Grassy Surge|[of] p2a: Rillaboom\n|turn|7\n|\n|t:|1699988245\n|-terastallize|p2a: Rillaboom|Grass\n|move|p2a: Rillaboom|Grassy Glide|p1a: ASTROTHUNDER\n|-resisted|p1a: ASTROTHUNDER\n|-damage|p1a: ASTROTHUNDER|17\/100\n|move|p1a: ASTROTHUNDER|Tera Blast|p2a: Rillaboom|[anim] Tera Blast Flying\n|-supereffective|p2a: Rillaboom\n|-damage|p2a: Rillaboom|0 fnt\n|faint|p2a: Rillaboom\n|\n|upkeep\n|-message|Idk224 forfeited.\n|\n|win|PLAYB0I R0BBIE B\n|raw|PLAYB0I R0BBIE B's rating: 1319 &rarr; <strong>1340<\/strong><br \/>(+21 for winning)\n|raw|Idk224's rating: 1331 &rarr; <strong>1310<\/strong><br \/>(-21 for losing)\n|l|\u2606Idk224\n","uploadtime":1699988255,"views":6,"p1id":"playb0ir0bbieb","p2id":"idk224","formatid":"gen9ou","rating":1310,"private":0,"password":""}