{"id":"gen9ou-1997334875","p1":"Snurke","p2":"halaman95","format":"[Gen 9] OU","log":"|j|\u2606Snurke\n|j|\u2606halaman95\n|t:|1700790828\n|gametype|singles\n|player|p1|Snurke|170|1588\n|player|p2|halaman95|266|1679\n|teamsize|p1|6\n|teamsize|p2|6\n|gen|9\n|tier|[Gen 9] OU\n|rated|\n|rule|Sleep Clause Mod: Limit one foe put to sleep\n|rule|Species Clause: Limit one of each Pok\u00e9mon\n|rule|OHKO Clause: OHKO moves are banned\n|rule|Evasion Items Clause: Evasion items are banned\n|rule|Evasion Moves Clause: Evasion moves are banned\n|rule|Endless Battle Clause: Forcing endless battles is banned\n|rule|HP Percentage Mod: HP is shown in percentages\n|clearpoke\n|poke|p1|Pelipper, F|\n|poke|p1|Barraskewda, F|\n|poke|p1|Amoonguss, F|\n|poke|p1|Zapdos|\n|poke|p1|Kingambit, F|\n|poke|p1|Cinderace, F|\n|poke|p2|Landorus-Therian, M|\n|poke|p2|Pelipper, F|\n|poke|p2|Kingambit, M|\n|poke|p2|Hatterene, F|\n|poke|p2|Barraskewda, F|\n|poke|p2|Dragapult, M|\n|teampreview\n|inactive|Battle timer is ON: inactive players will automatically lose when time's up. (requested by halaman95)\n|inactive|Snurke has 120 seconds left.\n|\n|t:|1700790886\n|start\n|switch|p1a: Pelipper|Pelipper, F, shiny|100\/100\n|switch|p2a: Dragapult|Dragapult, M|100\/100\n|-weather|RainDance|[from] ability: Drizzle|[of] p1a: Pelipper\n|turn|1\n|\n|t:|1700790903\n|-terastallize|p2a: Dragapult|Electric\n|move|p2a: Dragapult|Thunder|p1a: Pelipper\n|-supereffective|p1a: Pelipper\n|-damage|p1a: Pelipper|0 fnt\n|faint|p1a: Pelipper\n|\n|-weather|RainDance|[upkeep]\n|upkeep\n|\n|t:|1700790907\n|switch|p1a: Barraskewda|Barraskewda, F, shiny|100\/100\n|turn|2\n|\n|t:|1700790915\n|switch|p2a: Pelipper|Pelipper, F, shiny|100\/100\n|-terastallize|p1a: Barraskewda|Water\n|move|p1a: Barraskewda|Liquidation|p2a: Pelipper\n|-resisted|p2a: Pelipper\n|-damage|p2a: Pelipper|36\/100\n|-unboost|p2a: Pelipper|def|1\n|\n|-weather|RainDance|[upkeep]\n|upkeep\n|turn|3\n|c|\u2606Snurke|I see you\u2019re also a barraskewda lover\n|\n|t:|1700790929\n|move|p1a: Barraskewda|Liquidation|p2a: Pelipper\n|-resisted|p2a: Pelipper\n|-damage|p2a: Pelipper|0 fnt\n|faint|p2a: Pelipper\n|\n|-weather|RainDance|[upkeep]\n|upkeep\n|\n|t:|1700790947\n|switch|p2a: Barraskewda|Barraskewda, F|100\/100\n|turn|4\n|\n|t:|1700790958\n|switch|p1a: Amoonguss|Amoonguss, F, shiny|100\/100\n|move|p2a: Barraskewda|Close Combat|p1a: Amoonguss\n|-resisted|p1a: Amoonguss\n|-damage|p1a: Amoonguss|75\/100\n|-unboost|p2a: Barraskewda|def|1\n|-unboost|p2a: Barraskewda|spd|1\n|-damage|p2a: Barraskewda|84\/100|[from] item: Rocky Helmet|[of] p1a: Amoonguss\n|\n|-weather|RainDance|[upkeep]\n|upkeep\n|turn|5\n|\n|t:|1700790968\n|switch|p2a: Kingambit|Kingambit, M|100\/100\n|-activate|p2a: Kingambit|ability: Supreme Overlord\n|-start|p2a: Kingambit|fallen1|[silent]\n|move|p1a: Amoonguss|Sludge Bomb|p2a: Kingambit\n|-immune|p2a: Kingambit\n|\n|-weather|RainDance|[upkeep]\n|upkeep\n|turn|6\n|\n|t:|1700790978\n|-end|p2a: Kingambit|fallen1|[silent]\n|switch|p2a: Hatterene|Hatterene, F|100\/100\n|move|p1a: Amoonguss|Spore|p2a: Hatterene\n|move|p2a: Hatterene|Spore|p1a: Amoonguss|[from]ability: Magic Bounce\n|-immune|p1a: Amoonguss\n|\n|-weather|RainDance|[upkeep]\n|upkeep\n|turn|7\n|\n|t:|1700790996\n|switch|p1a: Zapdos|Zapdos, shiny|100\/100\n|move|p2a: Hatterene|Nuzzle|p1a: Zapdos\n|-damage|p1a: Zapdos|96\/100\n|\n|-weather|RainDance|[upkeep]\n|upkeep\n|turn|8\n|\n|t:|1700791006\n|move|p1a: Zapdos|Hurricane|p2a: Hatterene\n|-damage|p2a: Hatterene|20\/100\n|move|p2a: Hatterene|Calm Mind|p2a: Hatterene\n|-boost|p2a: Hatterene|spa|1\n|-boost|p2a: Hatterene|spd|1\n|\n|-weather|none\n|upkeep\n|turn|9\n|\n|t:|1700791010\n|move|p1a: Zapdos|Hurricane|p2a: Hatterene|[miss]\n|-miss|p1a: Zapdos|p2a: Hatterene\n|move|p2a: Hatterene|Draining Kiss|p1a: Zapdos\n|-damage|p1a: Zapdos|55\/100\n|-heal|p2a: Hatterene|51\/100|[from] drain|[of] p1a: Zapdos\n|\n|upkeep\n|turn|10\n|\n|t:|1700791016\n|switch|p1a: Cinderace|Cinderace, F, shiny|100\/100\n|move|p2a: Hatterene|Draining Kiss|p1a: Cinderace\n|-resisted|p1a: Cinderace\n|-damage|p1a: Cinderace|77\/100\n|-heal|p2a: Hatterene|68\/100|[from] drain|[of] p1a: Cinderace\n|\n|upkeep\n|turn|11\n|\n|t:|1700791020\n|move|p1a: Cinderace|Pyro Ball|p2a: Hatterene\n|-damage|p2a: Hatterene|19\/100\n|move|p2a: Hatterene|Psyshock|p1a: Cinderace\n|-damage|p1a: Cinderace|1\/100\n|\n|upkeep\n|turn|12\n|\n|t:|1700791026\n|move|p1a: Cinderace|Pyro Ball|p2a: Hatterene|[miss]\n|-miss|p1a: Cinderace|p2a: Hatterene\n|move|p2a: Hatterene|Draining Kiss|p1a: Cinderace\n|-resisted|p1a: Cinderace\n|-damage|p1a: Cinderace|0 fnt\n|-heal|p2a: Hatterene|19\/100|[from] drain|[of] p1a: Cinderace\n|faint|p1a: Cinderace\n|\n|upkeep\n|\n|t:|1700791029\n|switch|p1a: Barraskewda|Barraskewda, F, shiny, tera:Water|100\/100\n|turn|13\n|\n|t:|1700791036\n|move|p1a: Barraskewda|Flip Turn|p2a: Hatterene\n|-damage|p2a: Hatterene|0 fnt\n|faint|p2a: Hatterene\n|\n|t:|1700791040\n|switch|p1a: Amoonguss|Amoonguss, F, shiny|100\/100|[from] Flip Turn\n|\n|upkeep\n|\n|t:|1700791052\n|switch|p2a: Dragapult|Dragapult, M, tera:Electric|100\/100\n|turn|14\n|\n|t:|1700791057\n|move|p2a: Dragapult|Draco Meteor|p1a: Amoonguss\n|-damage|p1a: Amoonguss|28\/100\n|-unboost|p2a: Dragapult|spa|2\n|move|p1a: Amoonguss|Spore|p2a: Dragapult\n|-status|p2a: Dragapult|slp|[from] move: Spore\n|\n|upkeep\n|turn|15\n|\n|t:|1700791067\n|switch|p1a: Barraskewda|Barraskewda, F, shiny, tera:Water|100\/100\n|cant|p2a: Dragapult|slp\n|\n|upkeep\n|turn|16\n|\n|t:|1700791074\n|switch|p2a: Landorus|Landorus-Therian, M|100\/100\n|-ability|p2a: Landorus|Intimidate|boost\n|-unboost|p1a: Barraskewda|atk|1\n|move|p1a: Barraskewda|Liquidation|p2a: Landorus\n|-supereffective|p2a: Landorus\n|-damage|p2a: Landorus|0 fnt\n|faint|p2a: Landorus\n|\n|upkeep\n|\n|t:|1700791085\n|switch|p2a: Barraskewda|Barraskewda, F|84\/100\n|turn|17\n|\n|t:|1700791102\n|switch|p1a: Zapdos|Zapdos, shiny|55\/100\n|move|p2a: Barraskewda|Liquidation|p1a: Zapdos\n|-damage|p1a: Zapdos|0 fnt\n|-status|p2a: Barraskewda|par|[from] ability: Static|[of] p1a: Zapdos\n|faint|p1a: Zapdos\n|\n|upkeep\n|inactive|Snurke has 120 seconds left.\n|\n|t:|1700791127\n|switch|p1a: Barraskewda|Barraskewda, F, shiny, tera:Water|100\/100\n|turn|18\n|\n|t:|1700791131\n|move|p1a: Barraskewda|Close Combat|p2a: Barraskewda\n|-damage|p2a: Barraskewda|0 fnt\n|-unboost|p1a: Barraskewda|def|1\n|-unboost|p1a: Barraskewda|spd|1\n|faint|p2a: Barraskewda\n|\n|upkeep\n|\n|t:|1700791135\n|switch|p2a: Kingambit|Kingambit, M|100\/100\n|-activate|p2a: Kingambit|ability: Supreme Overlord\n|-start|p2a: Kingambit|fallen4|[silent]\n|turn|19\n|\n|t:|1700791156\n|move|p1a: Barraskewda|Close Combat|p2a: Kingambit\n|-supereffective|p2a: Kingambit\n|-damage|p2a: Kingambit|0 fnt\n|-unboost|p1a: Barraskewda|def|1\n|-unboost|p1a: Barraskewda|spd|1\n|faint|p2a: Kingambit\n|-end|p2a: Kingambit|fallen4|[silent]\n|\n|upkeep\n|c|\u2606halaman95|gg\n|-message|halaman95 forfeited.\n|\n|win|Snurke\n|raw|Snurke's rating: 1588 &rarr; <strong>1613<\/strong><br \/>(+25 for winning)\n|raw|halaman95's rating: 1679 &rarr; <strong>1654<\/strong><br \/>(-25 for losing)\n|c|\u2606Snurke|Gg\n|l|\u2606halaman95\n","uploadtime":1700791166,"views":20,"p1id":"snurke","p2id":"halaman95","formatid":"gen9ou","rating":1613,"private":0,"password":""}