{"id":"gen9ou-1996503713","p1":"BugCatcherN8R1X","p2":"Goodra Cloud","format":"[Gen 9] OU","log":"|j|\u2606BugCatcherN8R1X\n|j|\u2606Goodra Cloud\n|t:|1700688408\n|gametype|singles\n|player|p1|BugCatcherN8R1X|bugcatcher-gen4dp|1123\n|player|p2|Goodra Cloud|iris-gen5bw2|1158\n|teamsize|p1|6\n|teamsize|p2|6\n|gen|9\n|tier|[Gen 9] OU\n|rated|\n|rule|Sleep Clause Mod: Limit one foe put to sleep\n|rule|Species Clause: Limit one of each Pok\u00e9mon\n|rule|OHKO Clause: OHKO moves are banned\n|rule|Evasion Items Clause: Evasion items are banned\n|rule|Evasion Moves Clause: Evasion moves are banned\n|rule|Endless Battle Clause: Forcing endless battles is banned\n|rule|HP Percentage Mod: HP is shown in percentages\n|clearpoke\n|poke|p1|Kleavor, M|\n|poke|p1|Lokix, M|\n|poke|p1|Yanmega, M|\n|poke|p1|Slither Wing|\n|poke|p1|Scizor, M|\n|poke|p1|Frosmoth, M|\n|poke|p2|Ceruledge, M|\n|poke|p2|Goodra-Hisui, F|\n|poke|p2|Ninetales-Alola, F|\n|poke|p2|Toxapex, M|\n|poke|p2|Kingambit, F|\n|poke|p2|Arboliva, F|\n|teampreview\n|inactive|Battle timer is ON: inactive players will automatically lose when time's up. (requested by Goodra Cloud)\n|inactive|BugCatcherN8R1X also wants the timer to be on.\n|\n|t:|1700688417\n|start\n|switch|p1a: Hachiman|Kleavor, M|100\/100\n|switch|p2a: Ninetales|Ninetales-Alola, F|100\/100\n|-weather|Snow|[from] ability: Snow Warning|[of] p2a: Ninetales\n|turn|1\n|\n|t:|1700688422\n|move|p1a: Hachiman|Stone Axe|p2a: Ninetales\n|-supereffective|p2a: Ninetales\n|-damage|p2a: Ninetales|0 fnt\n|-sidestart|p2: Goodra Cloud|move: Stealth Rock\n|faint|p2a: Ninetales\n|\n|-weather|Snow|[upkeep]\n|upkeep\n|\n|t:|1700688425\n|switch|p2a: Ceruledge|Ceruledge, M|100\/100\n|-damage|p2a: Ceruledge|76\/100|[from] Stealth Rock\n|turn|2\n|\n|t:|1700688430\n|move|p1a: Hachiman|Stone Axe|p2a: Ceruledge\n|-supereffective|p2a: Ceruledge\n|-damage|p2a: Ceruledge|0 fnt\n|faint|p2a: Ceruledge\n|\n|-weather|Snow|[upkeep]\n|upkeep\n|\n|t:|1700688433\n|switch|p2a: Toxapex|Toxapex, M|100\/100\n|-damage|p2a: Toxapex|88\/100|[from] Stealth Rock\n|turn|3\n|c|\u2606Goodra Cloud|uh oh\n|\n|t:|1700688442\n|switch|p1a: Apollo|Slither Wing|100\/100\n|move|p2a: Toxapex|Toxic|p1a: Apollo\n|-status|p1a: Apollo|tox\n|\n|-weather|Snow|[upkeep]\n|-heal|p2a: Toxapex|94\/100|[from] item: Leftovers\n|-damage|p1a: Apollo|94\/100 tox|[from] psn\n|upkeep\n|turn|4\n|\n|t:|1700688458\n|move|p1a: Apollo|Earthquake|p2a: Toxapex\n|-supereffective|p2a: Toxapex\n|-damage|p2a: Toxapex|57\/100\n|move|p2a: Toxapex|Recover|p2a: Toxapex\n|-heal|p2a: Toxapex|100\/100\n|\n|-weather|Snow|[upkeep]\n|-damage|p1a: Apollo|82\/100 tox|[from] psn\n|upkeep\n|turn|5\n|c|\u2606BugCatcherN8R1X|Go, random bullshit\n|\n|t:|1700688468\n|move|p2a: Toxapex|Baneful Bunker|p2a: Toxapex\n|-singleturn|p2a: Toxapex|move: Protect\n|move|p1a: Apollo|Earthquake|p2a: Toxapex\n|-activate|p2a: Toxapex|move: Protect\n|\n|-weather|none\n|-damage|p1a: Apollo|64\/100 tox|[from] psn\n|upkeep\n|turn|6\n|\n|t:|1700688474\n|-end|p1a: Apollo|Protosynthesis|[silent]\n|switch|p1a: Ares|Scizor, M|100\/100\n|move|p2a: Toxapex|Recover||[still]\n|-fail|p2a: Toxapex|heal\n|\n|upkeep\n|turn|7\n|c|\u2606Goodra Cloud|:(\n|\n|t:|1700688479\n|move|p1a: Ares|Swords Dance|p1a: Ares\n|-boost|p1a: Ares|atk|2\n|move|p2a: Toxapex|Toxic|p1a: Ares\n|-immune|p1a: Ares\n|\n|upkeep\n|turn|8\n|\n|t:|1700688485\n|move|p1a: Ares|Swords Dance|p1a: Ares\n|-boost|p1a: Ares|atk|2\n|move|p2a: Toxapex|Haze|p2a: Toxapex\n|-clearallboost\n|\n|upkeep\n|turn|9\n|\n|t:|1700688491\n|move|p1a: Ares|Swords Dance|p1a: Ares\n|-boost|p1a: Ares|atk|2\n|move|p2a: Toxapex|Haze|p2a: Toxapex\n|-clearallboost\n|\n|upkeep\n|turn|10\n|\n|t:|1700688496\n|move|p1a: Ares|Trailblaze|p2a: Toxapex\n|-damage|p2a: Toxapex|82\/100\n|-boost|p1a: Ares|spe|1\n|move|p2a: Toxapex|Haze|p2a: Toxapex\n|-clearallboost\n|\n|-heal|p2a: Toxapex|88\/100|[from] item: Leftovers\n|upkeep\n|turn|11\n|\n|t:|1700688504\n|switch|p2a: Arboliva|Arboliva, F|100\/100\n|-damage|p2a: Arboliva|88\/100|[from] Stealth Rock\n|move|p1a: Ares|Knock Off|p2a: Arboliva\n|-damage|p2a: Arboliva|63\/100\n|-fieldstart|move: Grassy Terrain|[from] ability: Seed Sower|[of] p2a: Arboliva\n|-enditem|p2a: Arboliva|Leftovers|[from] move: Knock Off|[of] p1a: Ares\n|\n|-heal|p2a: Arboliva|69\/100|[from] Grassy Terrain\n|upkeep\n|turn|12\n|\n|t:|1700688511\n|switch|p1a: Boreas|Frosmoth, M|100\/100\n|move|p2a: Arboliva|Leech Seed|p1a: Boreas\n|-start|p1a: Boreas|move: Leech Seed\n|\n|-heal|p2a: Arboliva|75\/100|[from] Grassy Terrain\n|-damage|p1a: Boreas|88\/100|[from] Leech Seed|[of] p2a: Arboliva\n|-heal|p2a: Arboliva|85\/100|[silent]\n|upkeep\n|turn|13\n|\n|t:|1700688519\n|switch|p1a: Apollo|Slither Wing|64\/100 tox\n|move|p2a: Arboliva|Protect||[still]\n|-fail|p2a: Arboliva\n|\n|-heal|p1a: Apollo|70\/100 tox|[from] Grassy Terrain\n|-heal|p2a: Arboliva|91\/100|[from] Grassy Terrain\n|-damage|p1a: Apollo|64\/100 tox|[from] psn\n|upkeep\n|turn|14\n|\n|t:|1700688523\n|move|p2a: Arboliva|Protect|p2a: Arboliva\n|-singleturn|p2a: Arboliva|Protect\n|move|p1a: Apollo|Leech Life|p2a: Arboliva\n|-activate|p2a: Arboliva|move: Protect\n|\n|-heal|p1a: Apollo|70\/100 tox|[from] Grassy Terrain\n|-heal|p2a: Arboliva|97\/100|[from] Grassy Terrain\n|-damage|p1a: Apollo|57\/100 tox|[from] psn\n|upkeep\n|turn|15\n|\n|t:|1700688528\n|move|p1a: Apollo|Flame Charge|p2a: Arboliva\n|-supereffective|p2a: Arboliva\n|-damage|p2a: Arboliva|72\/100\n|-boost|p1a: Apollo|spe|1\n|move|p2a: Arboliva|Strength Sap|p1a: Apollo\n|-unboost|p1a: Apollo|atk|1\n|-heal|p2a: Arboliva|100\/100\n|\n|-heal|p1a: Apollo|64\/100 tox|[from] Grassy Terrain\n|-damage|p1a: Apollo|45\/100 tox|[from] psn\n|-fieldend|move: Grassy Terrain\n|upkeep\n|turn|16\n|\n|t:|1700688535\n|move|p2a: Arboliva|Protect|p2a: Arboliva\n|-singleturn|p2a: Arboliva|Protect\n|move|p1a: Apollo|Leech Life|p2a: Arboliva\n|-activate|p2a: Arboliva|move: Protect\n|\n|-damage|p1a: Apollo|20\/100 tox|[from] psn\n|upkeep\n|turn|17\n|\n|t:|1700688538\n|move|p1a: Apollo|Leech Life|p2a: Arboliva\n|-supereffective|p2a: Arboliva\n|-damage|p2a: Arboliva|63\/100\n|-heal|p1a: Apollo|38\/100 tox|[from] drain|[of] p2a: Arboliva\n|-fieldstart|move: Grassy Terrain|[from] ability: Seed Sower|[of] p2a: Arboliva\n|move|p2a: Arboliva|Leech Seed|p1a: Apollo\n|-start|p1a: Apollo|move: Leech Seed\n|\n|-heal|p1a: Apollo|44\/100 tox|[from] Grassy Terrain\n|-heal|p2a: Arboliva|69\/100|[from] Grassy Terrain\n|-damage|p1a: Apollo|32\/100 tox|[from] Leech Seed|[of] p2a: Arboliva\n|-heal|p2a: Arboliva|82\/100|[silent]\n|-damage|p1a: Apollo|1\/100 tox|[from] psn\n|upkeep\n|turn|18\n|\n|t:|1700688544\n|move|p2a: Arboliva|Protect|p2a: Arboliva\n|-singleturn|p2a: Arboliva|Protect\n|move|p1a: Apollo|Flame Charge|p2a: Arboliva\n|-activate|p2a: Arboliva|move: Protect\n|\n|-heal|p1a: Apollo|7\/100 tox|[from] Grassy Terrain\n|-heal|p2a: Arboliva|88\/100|[from] Grassy Terrain\n|-damage|p1a: Apollo|0 fnt|[from] Leech Seed|[of] p2a: Arboliva\n|-heal|p2a: Arboliva|95\/100|[silent]\n|faint|p1a: Apollo\n|-end|p1a: Apollo|Protosynthesis|[silent]\n|upkeep\n|\n|t:|1700688547\n|switch|p1a: Boreas|Frosmoth, M|88\/100\n|turn|19\n|\n|t:|1700688552\n|move|p1a: Boreas|Substitute|p1a: Boreas\n|-start|p1a: Boreas|Substitute\n|-damage|p1a: Boreas|63\/100\n|move|p2a: Arboliva|Leech Seed||[still]\n|-fail|p2a: Arboliva\n|\n|-heal|p1a: Boreas|69\/100|[from] Grassy Terrain\n|-heal|p2a: Arboliva|100\/100|[from] Grassy Terrain\n|upkeep\n|turn|20\n|\n|t:|1700688557\n|move|p1a: Boreas|Quiver Dance|p1a: Boreas\n|-boost|p1a: Boreas|spa|1\n|-boost|p1a: Boreas|spd|1\n|-boost|p1a: Boreas|spe|1\n|move|p2a: Arboliva|Giga Drain|p1a: Boreas\n|-resisted|p1a: Boreas\n|-activate|p1a: Boreas|move: Substitute|[damage]\n|\n|-heal|p1a: Boreas|75\/100|[from] Grassy Terrain\n|upkeep\n|turn|21\n|\n|t:|1700688563\n|switch|p2a: Goodra|Goodra-Hisui, F|100\/100\n|-damage|p2a: Goodra|94\/100|[from] Stealth Rock\n|move|p1a: Boreas|Quiver Dance|p1a: Boreas\n|-boost|p1a: Boreas|spa|1\n|-boost|p1a: Boreas|spd|1\n|-boost|p1a: Boreas|spe|1\n|\n|-heal|p1a: Boreas|81\/100|[from] Grassy Terrain\n|-heal|p2a: Goodra|100\/100|[from] Grassy Terrain\n|-fieldend|move: Grassy Terrain\n|upkeep\n|turn|22\n|\n|t:|1700688565\n|switch|p2a: Toxapex|Toxapex, M|100\/100\n|-damage|p2a: Toxapex|88\/100|[from] Stealth Rock\n|move|p1a: Boreas|Ice Beam|p2a: Toxapex\n|-resisted|p2a: Toxapex\n|-damage|p2a: Toxapex|50\/100\n|\n|-heal|p2a: Toxapex|56\/100|[from] item: Leftovers\n|upkeep\n|turn|23\n|\n|t:|1700688568\n|move|p1a: Boreas|Giga Drain|p2a: Toxapex\n|-damage|p2a: Toxapex|14\/100\n|-heal|p1a: Boreas|100\/100|[from] drain|[of] p2a: Toxapex\n|move|p2a: Toxapex|Haze|p2a: Toxapex\n|-clearallboost\n|\n|-heal|p2a: Toxapex|21\/100|[from] item: Leftovers\n|upkeep\n|turn|24\n|\n|t:|1700688596\n|move|p1a: Boreas|Quiver Dance|p1a: Boreas\n|-boost|p1a: Boreas|spa|1\n|-boost|p1a: Boreas|spd|1\n|-boost|p1a: Boreas|spe|1\n|move|p2a: Toxapex|Recover|p2a: Toxapex\n|-heal|p2a: Toxapex|71\/100\n|\n|-heal|p2a: Toxapex|77\/100|[from] item: Leftovers\n|upkeep\n|turn|25\n|\n|t:|1700688606\n|move|p1a: Boreas|Giga Drain|p2a: Toxapex\n|-damage|p2a: Toxapex|45\/100\n|move|p2a: Toxapex|Haze|p2a: Toxapex\n|-clearallboost\n|\n|-heal|p2a: Toxapex|51\/100|[from] item: Leftovers\n|upkeep\n|turn|26\n|\n|t:|1700688615\n|switch|p2a: Goodra|Goodra-Hisui, F|100\/100\n|-damage|p2a: Goodra|94\/100|[from] Stealth Rock\n|move|p1a: Boreas|Quiver Dance|p1a: Boreas\n|-boost|p1a: Boreas|spa|1\n|-boost|p1a: Boreas|spd|1\n|-boost|p1a: Boreas|spe|1\n|\n|upkeep\n|turn|27\n|\n|t:|1700688625\n|move|p1a: Boreas|Ice Beam|p2a: Goodra\n|-damage|p2a: Goodra|67\/100\n|move|p2a: Goodra|Flash Cannon|p1a: Boreas\n|-supereffective|p1a: Boreas\n|-end|p1a: Boreas|Substitute\n|\n|upkeep\n|turn|28\n|\n|t:|1700688631\n|move|p1a: Boreas|Ice Beam|p2a: Goodra\n|-crit|p2a: Goodra\n|-damage|p2a: Goodra|26\/100\n|move|p2a: Goodra|Flamethrower|p1a: Boreas\n|-supereffective|p1a: Boreas\n|-damage|p1a: Boreas|57\/100\n|\n|upkeep\n|turn|29\n|\n|t:|1700688643\n|move|p1a: Boreas|Ice Beam|p2a: Goodra\n|-damage|p2a: Goodra|0 fnt\n|faint|p2a: Goodra\n|\n|upkeep\n|\n|t:|1700688648\n|switch|p2a: Kingambit|Kingambit, F|100\/100\n|-damage|p2a: Kingambit|94\/100|[from] Stealth Rock\n|-activate|p2a: Kingambit|ability: Supreme Overlord\n|-start|p2a: Kingambit|fallen3|[silent]\n|turn|30\n|\n|t:|1700688654\n|move|p2a: Kingambit|Sucker Punch|p1a: Boreas\n|-damage|p1a: Boreas|0 fnt\n|faint|p1a: Boreas\n|\n|upkeep\n|\n|t:|1700688661\n|switch|p1a: Nidhogg|Yanmega, M|100\/100\n|turn|31\n|\n|t:|1700688668\n|move|p1a: Nidhogg|Bug Buzz|p2a: Kingambit\n|-damage|p2a: Kingambit|47\/100\n|-enditem|p1a: Nidhogg|Throat Spray\n|-boost|p1a: Nidhogg|spa|1|[from] item: Throat Spray\n|move|p2a: Kingambit|Swords Dance|p2a: Kingambit\n|-boost|p2a: Kingambit|atk|2\n|\n|-ability|p1a: Nidhogg|Speed Boost|boost\n|-boost|p1a: Nidhogg|spe|1\n|upkeep\n|turn|32\n|\n|t:|1700688676\n|move|p1a: Nidhogg|Protect|p1a: Nidhogg\n|-singleturn|p1a: Nidhogg|Protect\n|move|p2a: Kingambit|Sucker Punch||[still]\n|-fail|p2a: Kingambit\n|\n|-ability|p1a: Nidhogg|Speed Boost|boost\n|-boost|p1a: Nidhogg|spe|1\n|upkeep\n|turn|33\n|\n|t:|1700688686\n|move|p1a: Nidhogg|Protect||[still]\n|-fail|p1a: Nidhogg\n|move|p2a: Kingambit|Sucker Punch||[still]\n|-fail|p2a: Kingambit\n|\n|-ability|p1a: Nidhogg|Speed Boost|boost\n|-boost|p1a: Nidhogg|spe|1\n|upkeep\n|turn|34\n|\n|t:|1700688696\n|move|p2a: Kingambit|Sucker Punch|p1a: Nidhogg\n|-damage|p1a: Nidhogg|0 fnt\n|faint|p1a: Nidhogg\n|\n|upkeep\n|\n|t:|1700688702\n|switch|p1a: Erebus|Lokix, M|100\/100\n|turn|35\n|\n|t:|1700688705\n|move|p1a: Erebus|Sucker Punch|p2a: Kingambit\n|-resisted|p2a: Kingambit\n|-damage|p2a: Kingambit|26\/100\n|move|p2a: Kingambit|Sucker Punch||[still]\n|-fail|p2a: Kingambit\n|\n|upkeep\n|turn|36\n|\n|t:|1700688715\n|move|p1a: Erebus|U-turn|p2a: Kingambit\n|-crit|p2a: Kingambit\n|-damage|p2a: Kingambit|0 fnt\n|faint|p2a: Kingambit\n|-end|p2a: Kingambit|fallen3|[silent]\n|\n|t:|1700688725\n|switch|p1a: Hachiman|Kleavor, M|100\/100|[from] U-turn\n|\n|upkeep\n|\n|t:|1700688727\n|switch|p2a: Toxapex|Toxapex, M|84\/100\n|-damage|p2a: Toxapex|72\/100|[from] Stealth Rock\n|turn|37\n|\n|t:|1700688741\n|move|p1a: Hachiman|Stone Axe|p2a: Toxapex\n|-damage|p2a: Toxapex|34\/100\n|move|p2a: Toxapex|Toxic|p1a: Hachiman\n|-status|p1a: Hachiman|tox\n|\n|-heal|p2a: Toxapex|41\/100|[from] item: Leftovers\n|-damage|p1a: Hachiman|94\/100 tox|[from] psn\n|upkeep\n|turn|38\n|\n|t:|1700688748\n|switch|p1a: Erebus|Lokix, M|100\/100\n|switch|p2a: Arboliva|Arboliva, F|100\/100\n|-damage|p2a: Arboliva|88\/100|[from] Stealth Rock\n|\n|upkeep\n|turn|39\n|\n|t:|1700688752\n|switch|p2a: Toxapex|Toxapex, M|74\/100\n|-damage|p2a: Toxapex|61\/100|[from] Stealth Rock\n|move|p1a: Erebus|Taunt|p2a: Toxapex\n|-start|p2a: Toxapex|move: Taunt\n|\n|-heal|p2a: Toxapex|68\/100|[from] item: Leftovers\n|upkeep\n|turn|40\n|\n|t:|1700688757\n|switch|p2a: Arboliva|Arboliva, F|88\/100\n|-damage|p2a: Arboliva|75\/100|[from] Stealth Rock\n|move|p1a: Erebus|U-turn|p2a: Arboliva\n|-supereffective|p2a: Arboliva\n|-damage|p2a: Arboliva|28\/100\n|-fieldstart|move: Grassy Terrain|[from] ability: Seed Sower|[of] p2a: Arboliva\n|\n|t:|1700688760\n|switch|p1a: Hachiman|Kleavor, M|94\/100 tox|[from] U-turn\n|\n|-heal|p1a: Hachiman|100\/100 tox|[from] Grassy Terrain\n|-heal|p2a: Arboliva|34\/100|[from] Grassy Terrain\n|-damage|p1a: Hachiman|94\/100 tox|[from] psn\n|upkeep\n|turn|41\n|\n|t:|1700688769\n|move|p2a: Arboliva|Protect|p2a: Arboliva\n|-singleturn|p2a: Arboliva|Protect\n|move|p1a: Hachiman|U-turn|p2a: Arboliva\n|-activate|p2a: Arboliva|move: Protect\n|\n|-heal|p1a: Hachiman|100\/100 tox|[from] Grassy Terrain\n|-heal|p2a: Arboliva|40\/100|[from] Grassy Terrain\n|-damage|p1a: Hachiman|88\/100 tox|[from] psn\n|upkeep\n|turn|42\n|\n|t:|1700688773\n|move|p1a: Hachiman|U-turn|p2a: Arboliva\n|-supereffective|p2a: Arboliva\n|-damage|p2a: Arboliva|0 fnt\n|faint|p2a: Arboliva\n|\n|t:|1700688777\n|switch|p1a: Erebus|Lokix, M|100\/100|[from] U-turn\n|\n|upkeep\n|\n|t:|1700688781\n|switch|p2a: Toxapex|Toxapex, M|100\/100\n|-damage|p2a: Toxapex|88\/100|[from] Stealth Rock\n|turn|43\n|\n|t:|1700688784\n|move|p1a: Erebus|Taunt|p2a: Toxapex\n|-start|p2a: Toxapex|move: Taunt\n|cant|p2a: Toxapex|move: Taunt|Toxic\n|\n|-heal|p2a: Toxapex|94\/100|[from] Grassy Terrain\n|-heal|p2a: Toxapex|100\/100|[from] item: Leftovers\n|upkeep\n|turn|44\n|\n|t:|1700688787\n|move|p1a: Erebus|Axe Kick|p2a: Toxapex\n|-resisted|p2a: Toxapex\n|-damage|p2a: Toxapex|77\/100\n|-activate|p2a: Toxapex|move: Struggle\n|move|p2a: Toxapex|Struggle|p1a: Erebus\n|-damage|p1a: Erebus|92\/100\n|-damage|p2a: Toxapex|52\/100|[from] recoil\n|\n|-heal|p1a: Erebus|98\/100|[from] Grassy Terrain\n|-heal|p2a: Toxapex|58\/100|[from] Grassy Terrain\n|-heal|p2a: Toxapex|64\/100|[from] item: Leftovers\n|-fieldend|move: Grassy Terrain\n|upkeep\n|turn|45\n|-message|Goodra Cloud forfeited.\n|\n|win|BugCatcherN8R1X\n|raw|BugCatcherN8R1X's rating: 1123 &rarr; <strong>1151<\/strong><br \/>(+28 for winning)\n|raw|Goodra Cloud's rating: 1158 &rarr; <strong>1130<\/strong><br \/>(-28 for losing)\n|l|\u2606Goodra Cloud\n|c|\u2606BugCatcherN8R1X|Bugs\n","uploadtime":1700688825,"views":2,"p1id":"bugcatchern8r1x","p2id":"goodracloud","formatid":"gen9ou","rating":1130,"private":0,"password":""}