{"id":"gen9ou-1992426581","p1":"Duckycrater","p2":"skulljester29","format":"[Gen 9] OU","log":"|j|\u2606Duckycrater\n|j|\u2606skulljester29\n|t:|1700186207\n|gametype|singles\n|player|p1|Duckycrater|102|1706\n|player|p2|skulljester29|firebreather|1759\n|teamsize|p1|6\n|teamsize|p2|6\n|gen|9\n|tier|[Gen 9] OU\n|rated|\n|rule|Sleep Clause Mod: Limit one foe put to sleep\n|rule|Species Clause: Limit one of each Pok\u00e9mon\n|rule|OHKO Clause: OHKO moves are banned\n|rule|Evasion Items Clause: Evasion items are banned\n|rule|Evasion Moves Clause: Evasion moves are banned\n|rule|Endless Battle Clause: Forcing endless battles is banned\n|rule|HP Percentage Mod: HP is shown in percentages\n|clearpoke\n|poke|p1|Clefable, F|\n|poke|p1|Alomomola, M|\n|poke|p1|Blissey, F|\n|poke|p1|Clodsire, F|\n|poke|p1|Dondozo, M|\n|poke|p1|Amoonguss, F|\n|poke|p2|Amoonguss, M|\n|poke|p2|Iron Valiant|\n|poke|p2|Sandy Shocks|\n|poke|p2|Rotom-Wash|\n|poke|p2|Hydreigon, M|\n|poke|p2|Cinderace, F|\n|teampreview\n|inactive|Battle timer is ON: inactive players will automatically lose when time's up. (requested by Duckycrater)\n|\n|t:|1700186216\n|start\n|switch|p1a: Clefable|Clefable, F|100\/100\n|switch|p2a: Iron Valiant|Iron Valiant|100\/100\n|-enditem|p2a: Iron Valiant|Booster Energy\n|-activate|p2a: Iron Valiant|ability: Quark Drive|[fromitem]\n|-start|p2a: Iron Valiant|quarkdrivespe\n|turn|1\n|\n|t:|1700186225\n|-terastallize|p2a: Iron Valiant|Steel\n|move|p1a: Clefable|Protect|p1a: Clefable\n|-singleturn|p1a: Clefable|Protect\n|move|p2a: Iron Valiant|Knock Off|p1a: Clefable\n|-activate|p1a: Clefable|move: Protect\n|\n|upkeep\n|turn|2\n|\n|t:|1700186232\n|move|p2a: Iron Valiant|Knock Off|p1a: Clefable\n|-resisted|p1a: Clefable\n|-damage|p1a: Clefable|88\/100\n|-enditem|p1a: Clefable|Leftovers|[from] move: Knock Off|[of] p2a: Iron Valiant\n|move|p1a: Clefable|Knock Off|p2a: Iron Valiant\n|-damage|p2a: Iron Valiant|89\/100\n|\n|upkeep\n|turn|3\n|\n|t:|1700186240\n|move|p2a: Iron Valiant|Spirit Break|p1a: Clefable\n|-damage|p1a: Clefable|55\/100\n|-unboost|p1a: Clefable|spa|1\n|move|p1a: Clefable|Wish|p1a: Clefable\n|\n|upkeep\n|turn|4\n|\n|t:|1700186246\n|move|p2a: Iron Valiant|Spirit Break|p1a: Clefable\n|-damage|p1a: Clefable|25\/100\n|-unboost|p1a: Clefable|spa|1\n|move|p1a: Clefable|Moonblast|p2a: Iron Valiant\n|-resisted|p2a: Iron Valiant\n|-damage|p2a: Iron Valiant|76\/100\n|\n|-heal|p1a: Clefable|75\/100|[from] move: Wish|[wisher] Clefable\n|upkeep\n|turn|5\n|\n|t:|1700186259\n|move|p2a: Iron Valiant|Swords Dance|p2a: Iron Valiant\n|-boost|p2a: Iron Valiant|atk|2\n|move|p1a: Clefable|Wish|p1a: Clefable\n|\n|upkeep\n|turn|6\n|\n|t:|1700186265\n|switch|p1a: Dondozo|Dondozo, M|100\/100\n|move|p2a: Iron Valiant|Spirit Break|p1a: Dondozo\n|-damage|p1a: Dondozo|83\/100\n|-unboost|p1a: Dondozo|spa|1\n|\n|-heal|p1a: Dondozo|100\/100|[from] move: Wish|[wisher] Clefable\n|upkeep\n|turn|7\n|\n|t:|1700186274\n|move|p2a: Iron Valiant|Knock Off|p1a: Dondozo\n|-damage|p1a: Dondozo|86\/100\n|-enditem|p1a: Dondozo|Heavy-Duty Boots|[from] move: Knock Off|[of] p2a: Iron Valiant\n|move|p1a: Dondozo|Body Press|p2a: Iron Valiant\n|-supereffective|p2a: Iron Valiant\n|-damage|p2a: Iron Valiant|2\/100\n|\n|upkeep\n|turn|8\n|\n|t:|1700186283\n|-end|p2a: Iron Valiant|Quark Drive|[silent]\n|switch|p2a: Rotom|Rotom-Wash|100\/100\n|move|p1a: Dondozo|Body Press|p2a: Rotom\n|-crit|p2a: Rotom\n|-damage|p2a: Rotom|62\/100\n|\n|-heal|p2a: Rotom|68\/100|[from] item: Leftovers\n|upkeep\n|turn|9\n|\n|t:|1700186291\n|switch|p1a: Blissey|Blissey, F|100\/100\n|move|p2a: Rotom|Volt Switch|p1a: Blissey\n|-damage|p1a: Blissey|93\/100\n|\n|t:|1700186297\n|switch|p2a: Iron Valiant|Iron Valiant, tera:Steel|2\/100|[from] Volt Switch\n|\n|upkeep\n|turn|10\n|\n|t:|1700186302\n|switch|p1a: Dondozo|Dondozo, M|86\/100\n|move|p2a: Iron Valiant|Close Combat|p1a: Dondozo\n|-damage|p1a: Dondozo|61\/100\n|-unboost|p2a: Iron Valiant|def|1\n|-unboost|p2a: Iron Valiant|spd|1\n|\n|upkeep\n|turn|11\n|\n|t:|1700186312\n|-end|p2a: Iron Valiant|Quark Drive|[silent]\n|switch|p2a: Amoonguss|Amoonguss, M|100\/100\n|move|p1a: Dondozo|Rest|p1a: Dondozo\n|-status|p1a: Dondozo|slp|[from] move: Rest\n|-heal|p1a: Dondozo|100\/100 slp|[silent]\n|\n|upkeep\n|turn|12\n|\n|t:|1700186323\n|switch|p1a: Amoonguss|Amoonguss, F|100\/100\n|move|p2a: Amoonguss|Sludge Bomb|p1a: Amoonguss\n|-damage|p1a: Amoonguss|76\/100\n|\n|upkeep\n|turn|13\n|\n|t:|1700186329\n|move|p2a: Amoonguss|Sludge Bomb|p1a: Amoonguss\n|-damage|p1a: Amoonguss|50\/100\n|move|p1a: Amoonguss|Foul Play|p2a: Amoonguss\n|-damage|p2a: Amoonguss|90\/100\n|\n|upkeep\n|turn|14\n|\n|t:|1700186334\n|switch|p1a: Blissey|Blissey, F|93\/100\n|move|p2a: Amoonguss|Sludge Bomb|p1a: Blissey\n|-damage|p1a: Blissey|86\/100\n|\n|upkeep\n|turn|15\n|\n|t:|1700186340\n|move|p1a: Blissey|Stealth Rock|p2a: Amoonguss\n|-sidestart|p2: skulljester29|move: Stealth Rock\n|move|p2a: Amoonguss|Spore|p1a: Blissey\n|-status|p1a: Blissey|slp|[from] move: Spore\n|\n|upkeep\n|turn|16\n|\n|t:|1700186345\n|-curestatus|p1a: Blissey|slp|[from] ability: Natural Cure\n|switch|p1a: Amoonguss|Amoonguss, F|83\/100\n|switch|p2a: Cinderace|Cinderace, F|100\/100\n|\n|upkeep\n|turn|17\n|\n|t:|1700186352\n|switch|p1a: Alomomola|Alomomola, M|100\/100\n|move|p2a: Cinderace|Court Change|p2a: Cinderace\n|-start|p2a: Cinderace|typechange|Normal|[from] ability: Libero\n|-swapsideconditions\n|-activate|p2a: Cinderace|move: Court Change\n|\n|upkeep\n|turn|18\n|\n|t:|1700186358\n|move|p2a: Cinderace|U-turn|p1a: Alomomola\n|-damage|p1a: Alomomola|89\/100\n|\n|t:|1700186361\n|switch|p2a: Rotom|Rotom-Wash|68\/100|[from] U-turn\n|move|p1a: Alomomola|Scald|p2a: Rotom\n|-resisted|p2a: Rotom\n|-damage|p2a: Rotom|62\/100\n|\n|-heal|p2a: Rotom|68\/100|[from] item: Leftovers\n|upkeep\n|turn|19\n|\n|t:|1700186369\n|switch|p1a: Blissey|Blissey, F|86\/100\n|move|p2a: Rotom|Volt Switch|p1a: Blissey\n|-damage|p1a: Blissey|79\/100\n|\n|t:|1700186374\n|switch|p2a: Iron Valiant|Iron Valiant, tera:Steel|2\/100|[from] Volt Switch\n|\n|upkeep\n|turn|20\n|\n|t:|1700186380\n|switch|p1a: Dondozo|Dondozo, M|100\/100 slp\n|-damage|p1a: Dondozo|88\/100 slp|[from] Stealth Rock\n|move|p2a: Iron Valiant|Knock Off|p1a: Dondozo\n|-damage|p1a: Dondozo|79\/100 slp\n|\n|upkeep\n|turn|21\n|\n|t:|1700186391\n|-end|p2a: Iron Valiant|Quark Drive|[silent]\n|switch|p2a: Rotom|Rotom-Wash|68\/100\n|cant|p1a: Dondozo|slp\n|move|p1a: Dondozo|Sleep Talk|p1a: Dondozo\n|move|p1a: Dondozo|Rest||[from]move: Sleep Talk|[still]\n|-fail|p1a: Dondozo\n|\n|-heal|p2a: Rotom|75\/100|[from] item: Leftovers\n|upkeep\n|turn|22\n|\n|t:|1700186400\n|switch|p1a: Clodsire|Clodsire, F|100\/100\n|move|p2a: Rotom|Volt Switch|p1a: Clodsire\n|-immune|p1a: Clodsire\n|\n|-heal|p2a: Rotom|81\/100|[from] item: Leftovers\n|upkeep\n|turn|23\n|\n|t:|1700186424\n|switch|p2a: Amoonguss|Amoonguss, M|100\/100\n|move|p1a: Clodsire|Spikes|p2a: Amoonguss\n|-sidestart|p2: skulljester29|Spikes\n|\n|upkeep\n|turn|24\n|\n|t:|1700186429\n|switch|p1a: Blissey|Blissey, F|79\/100\n|move|p2a: Amoonguss|Spore|p1a: Blissey\n|-status|p1a: Blissey|slp|[from] move: Spore\n|\n|upkeep\n|turn|25\n|\n|t:|1700186435\n|-curestatus|p1a: Blissey|slp|[from] ability: Natural Cure\n|switch|p1a: Amoonguss|Amoonguss, F|100\/100\n|switch|p2a: Hydreigon|Hydreigon, M|100\/100\n|\n|upkeep\n|turn|26\n|\n|t:|1700186443\n|switch|p1a: Blissey|Blissey, F|79\/100\n|move|p2a: Hydreigon|Nasty Plot|p2a: Hydreigon\n|-boost|p2a: Hydreigon|spa|2\n|\n|upkeep\n|turn|27\n|\n|t:|1700186448\n|move|p2a: Hydreigon|Nasty Plot|p2a: Hydreigon\n|-boost|p2a: Hydreigon|spa|2\n|move|p1a: Blissey|Seismic Toss|p2a: Hydreigon\n|-damage|p2a: Hydreigon|70\/100\n|\n|upkeep\n|turn|28\n|\n|t:|1700186454\n|move|p2a: Hydreigon|Nasty Plot|p2a: Hydreigon\n|-boost|p2a: Hydreigon|spa|2\n|move|p1a: Blissey|Seismic Toss|p2a: Hydreigon\n|-damage|p2a: Hydreigon|39\/100\n|\n|upkeep\n|turn|29\n|\n|t:|1700186459\n|switch|p1a: Clodsire|Clodsire, F|100\/100\n|move|p2a: Hydreigon|Draco Meteor|p1a: Clodsire\n|-damage|p1a: Clodsire|56\/100\n|-unboost|p2a: Hydreigon|spa|2\n|-damage|p2a: Hydreigon|29\/100|[from] item: Life Orb\n|\n|upkeep\n|turn|30\n|\n|t:|1700186467\n|move|p2a: Hydreigon|Earth Power|p1a: Clodsire\n|-supereffective|p1a: Clodsire\n|-damage|p1a: Clodsire|16\/100\n|-damage|p2a: Hydreigon|19\/100|[from] item: Life Orb\n|move|p1a: Clodsire|Recover|p1a: Clodsire\n|-heal|p1a: Clodsire|66\/100\n|\n|upkeep\n|turn|31\n|\n|t:|1700186481\n|move|p2a: Hydreigon|Earth Power|p1a: Clodsire\n|-supereffective|p1a: Clodsire\n|-damage|p1a: Clodsire|27\/100\n|-unboost|p1a: Clodsire|spd|1\n|-damage|p2a: Hydreigon|9\/100|[from] item: Life Orb\n|move|p1a: Clodsire|Recover|p1a: Clodsire\n|-heal|p1a: Clodsire|77\/100\n|\n|upkeep\n|turn|32\n|\n|t:|1700186488\n|switch|p1a: Blissey|Blissey, F|79\/100\n|move|p2a: Hydreigon|Earth Power|p1a: Blissey\n|-damage|p1a: Blissey|47\/100\n|-unboost|p1a: Blissey|spd|1\n|-damage|p2a: Hydreigon|0 fnt|[from] item: Life Orb\n|faint|p2a: Hydreigon\n|\n|upkeep\n|\n|t:|1700186497\n|switch|p2a: Cinderace|Cinderace, F|100\/100\n|turn|33\n|\n|t:|1700186501\n|switch|p1a: Alomomola|Alomomola, M|100\/100\n|move|p2a: Cinderace|Pyro Ball|p1a: Alomomola\n|-resisted|p1a: Alomomola\n|-damage|p1a: Alomomola|85\/100\n|\n|upkeep\n|turn|34\n|j| Partynparadise\n|\n|t:|1700186510\n|move|p2a: Cinderace|U-turn|p1a: Alomomola\n|-start|p2a: Cinderace|typechange|Bug|[from] ability: Libero\n|-crit|p1a: Alomomola\n|-damage|p1a: Alomomola|57\/100\n|\n|t:|1700186514\n|switch|p2a: Rotom|Rotom-Wash|81\/100|[from] U-turn\n|move|p1a: Alomomola|Scald|p2a: Rotom\n|-resisted|p2a: Rotom\n|-damage|p2a: Rotom|75\/100\n|\n|-heal|p2a: Rotom|81\/100|[from] item: Leftovers\n|upkeep\n|turn|35\n|\n|t:|1700186527\n|switch|p1a: Blissey|Blissey, F|47\/100\n|move|p2a: Rotom|Hydro Pump|p1a: Blissey\n|-damage|p1a: Blissey|37\/100\n|\n|-heal|p2a: Rotom|87\/100|[from] item: Leftovers\n|upkeep\n|turn|36\n|\n|t:|1700186534\n|move|p2a: Rotom|Thunder Wave|p1a: Blissey\n|-status|p1a: Blissey|par\n|move|p1a: Blissey|Soft-Boiled|p1a: Blissey\n|-heal|p1a: Blissey|87\/100 par\n|\n|-heal|p2a: Rotom|94\/100|[from] item: Leftovers\n|upkeep\n|turn|37\n|\n|t:|1700186541\n|move|p2a: Rotom|Volt Switch|p1a: Blissey\n|-damage|p1a: Blissey|79\/100 par\n|\n|t:|1700186551\n|switch|p2a: Cinderace|Cinderace, F|100\/100|[from] Volt Switch\n|move|p1a: Blissey|Stealth Rock|p2a: Cinderace\n|-sidestart|p2: skulljester29|move: Stealth Rock\n|\n|upkeep\n|turn|38\n|\n|t:|1700186556\n|-curestatus|p1a: Blissey|par|[from] ability: Natural Cure\n|switch|p1a: Alomomola|Alomomola, M|90\/100\n|move|p2a: Cinderace|Court Change|p2a: Cinderace\n|-start|p2a: Cinderace|typechange|Normal|[from] ability: Libero\n|-swapsideconditions\n|-activate|p2a: Cinderace|move: Court Change\n|\n|upkeep\n|turn|39\n|\n|t:|1700186562\n|move|p2a: Cinderace|U-turn|p1a: Alomomola\n|-damage|p1a: Alomomola|78\/100\n|\n|t:|1700186566\n|switch|p2a: Rotom|Rotom-Wash|94\/100|[from] U-turn\n|-damage|p2a: Rotom|81\/100|[from] Stealth Rock\n|move|p1a: Alomomola|Scald|p2a: Rotom\n|-resisted|p2a: Rotom\n|-damage|p2a: Rotom|75\/100\n|-status|p2a: Rotom|brn\n|\n|-heal|p2a: Rotom|81\/100 brn|[from] item: Leftovers\n|-damage|p2a: Rotom|75\/100 brn|[from] brn\n|upkeep\n|turn|40\n|\n|t:|1700186576\n|move|p1a: Alomomola|Protect|p1a: Alomomola\n|-singleturn|p1a: Alomomola|Protect\n|move|p2a: Rotom|Volt Switch|p1a: Alomomola\n|-activate|p1a: Alomomola|move: Protect\n|\n|-heal|p2a: Rotom|81\/100 brn|[from] item: Leftovers\n|-damage|p2a: Rotom|75\/100 brn|[from] brn\n|upkeep\n|turn|41\n|\n|t:|1700186584\n|switch|p1a: Blissey|Blissey, F|79\/100\n|move|p2a: Rotom|Volt Switch|p1a: Blissey\n|-damage|p1a: Blissey|72\/100\n|j| Byron Gym Leader\n|\n|t:|1700186590\n|switch|p2a: Cinderace|Cinderace, F|100\/100|[from] Volt Switch\n|\n|upkeep\n|turn|42\n|\n|t:|1700186601\n|switch|p1a: Alomomola|Alomomola, M|100\/100\n|move|p2a: Cinderace|U-turn|p1a: Alomomola\n|-start|p2a: Cinderace|typechange|Bug|[from] ability: Libero\n|-damage|p1a: Alomomola|82\/100\n|\n|t:|1700186607\n|switch|p2a: Sandy Shocks|Sandy Shocks|100\/100|[from] U-turn\n|-damage|p2a: Sandy Shocks|94\/100|[from] Stealth Rock\n|\n|upkeep\n|turn|43\n|j| Terry B bestdlc\n|\n|t:|1700186614\n|switch|p1a: Blissey|Blissey, F|72\/100\n|move|p2a: Sandy Shocks|Volt Switch|p1a: Blissey\n|-damage|p1a: Blissey|62\/100\n|\n|t:|1700186622\n|-end|p2a: Sandy Shocks|Protosynthesis|[silent]\n|switch|p2a: Cinderace|Cinderace, F|100\/100|[from] Volt Switch\n|\n|upkeep\n|turn|44\n|j| SandGetsEverywhere\n|\n|t:|1700186626\n|switch|p1a: Alomomola|Alomomola, M|100\/100\n|move|p2a: Cinderace|U-turn|p1a: Alomomola\n|-start|p2a: Cinderace|typechange|Bug|[from] ability: Libero\n|-damage|p1a: Alomomola|81\/100\n|j| t-modesty\n|\n|t:|1700186633\n|switch|p2a: Sandy Shocks|Sandy Shocks|94\/100|[from] U-turn\n|-damage|p2a: Sandy Shocks|88\/100|[from] Stealth Rock\n|\n|upkeep\n|turn|45\n|\n|t:|1700186644\n|switch|p1a: Clodsire|Clodsire, F|77\/100\n|move|p2a: Sandy Shocks|Earth Power|p1a: Clodsire\n|-supereffective|p1a: Clodsire\n|-damage|p1a: Clodsire|18\/100\n|\n|upkeep\n|turn|46\n|\n|t:|1700186651\n|switch|p1a: Blissey|Blissey, F|62\/100\n|move|p2a: Sandy Shocks|Earth Power|p1a: Blissey\n|-damage|p1a: Blissey|51\/100\n|\n|upkeep\n|turn|47\n|\n|t:|1700186656\n|move|p2a: Sandy Shocks|Volt Switch|p1a: Blissey\n|-damage|p1a: Blissey|42\/100\n|l| SandGetsEverywhere\n|\n|t:|1700186660\n|-end|p2a: Sandy Shocks|Protosynthesis|[silent]\n|switch|p2a: Cinderace|Cinderace, F|100\/100|[from] Volt Switch\n|move|p1a: Blissey|Soft-Boiled|p1a: Blissey\n|-heal|p1a: Blissey|92\/100\n|\n|upkeep\n|turn|48\n|\n|t:|1700186669\n|switch|p1a: Alomomola|Alomomola, M|100\/100\n|move|p2a: Cinderace|Pyro Ball|p1a: Alomomola\n|-resisted|p1a: Alomomola\n|-damage|p1a: Alomomola|85\/100\n|\n|upkeep\n|turn|49\n|l| Terry B bestdlc\n|l| Partynparadise\n|\n|t:|1700186674\n|move|p2a: Cinderace|U-turn|p1a: Alomomola\n|-start|p2a: Cinderace|typechange|Bug|[from] ability: Libero\n|-damage|p1a: Alomomola|67\/100\n|\n|t:|1700186680\n|switch|p2a: Amoonguss|Amoonguss, M|100\/100|[from] U-turn\n|-damage|p2a: Amoonguss|88\/100|[from] Stealth Rock\n|move|p1a: Alomomola|Scald|p2a: Amoonguss\n|-resisted|p2a: Amoonguss\n|-damage|p2a: Amoonguss|82\/100\n|\n|upkeep\n|turn|50\n|\n|t:|1700186692\n|switch|p1a: Amoonguss|Amoonguss, F|100\/100\n|move|p2a: Amoonguss|Spore|p1a: Amoonguss\n|-immune|p1a: Amoonguss\n|\n|upkeep\n|turn|51\n|\n|t:|1700186697\n|switch|p1a: Blissey|Blissey, F|92\/100\n|move|p2a: Amoonguss|Sludge Bomb|p1a: Blissey\n|-damage|p1a: Blissey|84\/100\n|-status|p1a: Blissey|psn\n|\n|-damage|p1a: Blissey|72\/100 psn|[from] psn\n|upkeep\n|turn|52\n|\n|t:|1700186709\n|-curestatus|p1a: Blissey|psn|[from] ability: Natural Cure\n|switch|p1a: Amoonguss|Amoonguss, F|100\/100\n|move|p2a: Amoonguss|Giga Drain|p1a: Amoonguss\n|-resisted|p1a: Amoonguss\n|-damage|p1a: Amoonguss|95\/100\n|-heal|p2a: Amoonguss|85\/100|[from] drain|[of] p1a: Amoonguss\n|\n|upkeep\n|turn|53\n|\n|t:|1700186718\n|move|p2a: Amoonguss|Sludge Bomb|p1a: Amoonguss\n|-damage|p1a: Amoonguss|71\/100\n|move|p1a: Amoonguss|Foul Play|p2a: Amoonguss\n|-damage|p2a: Amoonguss|73\/100\n|\n|upkeep\n|turn|54\n|\n|t:|1700186724\n|switch|p1a: Blissey|Blissey, F|72\/100\n|move|p2a: Amoonguss|Sludge Bomb|p1a: Blissey\n|-damage|p1a: Blissey|65\/100\n|-status|p1a: Blissey|psn\n|\n|-damage|p1a: Blissey|52\/100 psn|[from] psn\n|upkeep\n|turn|55\n|\n|t:|1700186733\n|move|p1a: Blissey|Soft-Boiled|p1a: Blissey\n|-heal|p1a: Blissey|100\/100 psn\n|move|p2a: Amoonguss|Sludge Bomb|p1a: Blissey\n|-damage|p1a: Blissey|92\/100 psn\n|\n|-damage|p1a: Blissey|80\/100 psn|[from] psn\n|upkeep\n|turn|56\n|\n|t:|1700186743\n|-curestatus|p1a: Blissey|psn|[from] ability: Natural Cure\n|switch|p1a: Amoonguss|Amoonguss, F|100\/100\n|switch|p2a: Cinderace|Cinderace, F|100\/100\n|\n|upkeep\n|turn|57\n|\n|t:|1700186751\n|switch|p1a: Alomomola|Alomomola, M|100\/100\n|move|p2a: Cinderace|U-turn|p1a: Alomomola\n|-start|p2a: Cinderace|typechange|Bug|[from] ability: Libero\n|-damage|p1a: Alomomola|84\/100\n|\n|t:|1700186757\n|switch|p2a: Sandy Shocks|Sandy Shocks|88\/100|[from] U-turn\n|-damage|p2a: Sandy Shocks|82\/100|[from] Stealth Rock\n|\n|upkeep\n|turn|58\n|\n|t:|1700186762\n|move|p1a: Alomomola|Protect|p1a: Alomomola\n|-singleturn|p1a: Alomomola|Protect\n|move|p2a: Sandy Shocks|Volt Switch|p1a: Alomomola\n|-activate|p1a: Alomomola|move: Protect\n|\n|upkeep\n|turn|59\n|\n|t:|1700186770\n|switch|p1a: Blissey|Blissey, F|80\/100\n|move|p2a: Sandy Shocks|Volt Switch|p1a: Blissey\n|-damage|p1a: Blissey|71\/100\n|\n|t:|1700186775\n|-end|p2a: Sandy Shocks|Protosynthesis|[silent]\n|switch|p2a: Cinderace|Cinderace, F|100\/100|[from] Volt Switch\n|\n|upkeep\n|turn|60\n|\n|t:|1700186779\n|switch|p1a: Alomomola|Alomomola, M|100\/100\n|move|p2a: Cinderace|U-turn|p1a: Alomomola\n|-start|p2a: Cinderace|typechange|Bug|[from] ability: Libero\n|-damage|p1a: Alomomola|82\/100\n|\n|t:|1700186785\n|switch|p2a: Sandy Shocks|Sandy Shocks|82\/100|[from] U-turn\n|-damage|p2a: Sandy Shocks|76\/100|[from] Stealth Rock\n|\n|upkeep\n|turn|61\n|\n|t:|1700186791\n|switch|p1a: Blissey|Blissey, F|71\/100\n|move|p2a: Sandy Shocks|Volt Switch|p1a: Blissey\n|-damage|p1a: Blissey|61\/100\n|\n|t:|1700186797\n|-end|p2a: Sandy Shocks|Protosynthesis|[silent]\n|switch|p2a: Iron Valiant|Iron Valiant, tera:Steel|2\/100|[from] Volt Switch\n|-damage|p2a: Iron Valiant|0 fnt|[from] Stealth Rock\n|faint|p2a: Iron Valiant\n|-end|p2a: Iron Valiant|Quark Drive|[silent]\n|\n|upkeep\n|\n|t:|1700186802\n|switch|p2a: Cinderace|Cinderace, F|100\/100\n|turn|62\n|\n|t:|1700186806\n|switch|p1a: Alomomola|Alomomola, M|100\/100\n|move|p2a: Cinderace|U-turn|p1a: Alomomola\n|-start|p2a: Cinderace|typechange|Bug|[from] ability: Libero\n|-damage|p1a: Alomomola|82\/100\n|\n|t:|1700186814\n|switch|p2a: Sandy Shocks|Sandy Shocks|76\/100|[from] U-turn\n|-damage|p2a: Sandy Shocks|70\/100|[from] Stealth Rock\n|\n|upkeep\n|turn|63\n|\n|t:|1700186820\n|move|p1a: Alomomola|Protect|p1a: Alomomola\n|-singleturn|p1a: Alomomola|Protect\n|move|p2a: Sandy Shocks|Volt Switch|p1a: Alomomola\n|-activate|p1a: Alomomola|move: Protect\n|\n|upkeep\n|turn|64\n|\n|t:|1700186828\n|switch|p1a: Blissey|Blissey, F|61\/100\n|move|p2a: Sandy Shocks|Earth Power|p1a: Blissey\n|-damage|p1a: Blissey|49\/100\n|\n|upkeep\n|turn|65\n|j| SandGetsEverywhere\n|\n|t:|1700186834\n|move|p2a: Sandy Shocks|Earth Power|p1a: Blissey\n|-damage|p1a: Blissey|36\/100\n|move|p1a: Blissey|Soft-Boiled|p1a: Blissey\n|-heal|p1a: Blissey|86\/100\n|\n|upkeep\n|turn|66\n|j| GoldDsilver\n|\n|t:|1700186840\n|move|p2a: Sandy Shocks|Volt Switch|p1a: Blissey\n|-damage|p1a: Blissey|77\/100\n|\n|t:|1700186844\n|-end|p2a: Sandy Shocks|Protosynthesis|[silent]\n|switch|p2a: Cinderace|Cinderace, F|100\/100|[from] Volt Switch\n|move|p1a: Blissey|Seismic Toss|p2a: Cinderace\n|-damage|p2a: Cinderace|67\/100\n|\n|upkeep\n|turn|67\n|l| t-modesty\n|\n|t:|1700186853\n|switch|p1a: Alomomola|Alomomola, M|100\/100\n|move|p2a: Cinderace|U-turn|p1a: Alomomola\n|-start|p2a: Cinderace|typechange|Bug|[from] ability: Libero\n|-damage|p1a: Alomomola|83\/100\n|\n|t:|1700186859\n|switch|p2a: Sandy Shocks|Sandy Shocks|70\/100|[from] U-turn\n|-damage|p2a: Sandy Shocks|64\/100|[from] Stealth Rock\n|\n|upkeep\n|turn|68\n|\n|t:|1700186871\n|switch|p1a: Blissey|Blissey, F|77\/100\n|move|p2a: Sandy Shocks|Volt Switch|p1a: Blissey\n|-damage|p1a: Blissey|67\/100\n|l| Byron Gym Leader\n|\n|t:|1700186877\n|-end|p2a: Sandy Shocks|Protosynthesis|[silent]\n|switch|p2a: Cinderace|Cinderace, F|67\/100|[from] Volt Switch\n|\n|upkeep\n|turn|69\n|\n|t:|1700186884\n|switch|p1a: Alomomola|Alomomola, M|100\/100\n|move|p2a: Cinderace|U-turn|p1a: Alomomola\n|-start|p2a: Cinderace|typechange|Bug|[from] ability: Libero\n|-damage|p1a: Alomomola|82\/100\n|\n|t:|1700186893\n|switch|p2a: Sandy Shocks|Sandy Shocks|64\/100|[from] U-turn\n|-damage|p2a: Sandy Shocks|58\/100|[from] Stealth Rock\n|\n|upkeep\n|turn|70\n|\n|t:|1700186906\n|switch|p1a: Blissey|Blissey, F|67\/100\n|move|p2a: Sandy Shocks|Volt Switch|p1a: Blissey\n|-damage|p1a: Blissey|58\/100\n|l| SandGetsEverywhere\n|\n|t:|1700186911\n|-end|p2a: Sandy Shocks|Protosynthesis|[silent]\n|switch|p2a: Cinderace|Cinderace, F|67\/100|[from] Volt Switch\n|\n|upkeep\n|turn|71\n|\n|t:|1700186914\n|switch|p1a: Alomomola|Alomomola, M|100\/100\n|move|p2a: Cinderace|U-turn|p1a: Alomomola\n|-start|p2a: Cinderace|typechange|Bug|[from] ability: Libero\n|-damage|p1a: Alomomola|83\/100\n|\n|t:|1700186920\n|switch|p2a: Sandy Shocks|Sandy Shocks|58\/100|[from] U-turn\n|-damage|p2a: Sandy Shocks|52\/100|[from] Stealth Rock\n|\n|upkeep\n|turn|72\n|\n|t:|1700186925\n|move|p1a: Alomomola|Protect|p1a: Alomomola\n|-singleturn|p1a: Alomomola|Protect\n|move|p2a: Sandy Shocks|Volt Switch|p1a: Alomomola\n|-activate|p1a: Alomomola|move: Protect\n|\n|upkeep\n|turn|73\n|\n|t:|1700186934\n|switch|p1a: Clodsire|Clodsire, F|18\/100\n|move|p2a: Sandy Shocks|Volt Switch|p1a: Clodsire\n|-immune|p1a: Clodsire\n|\n|upkeep\n|turn|74\n|\n|t:|1700186942\n|move|p2a: Sandy Shocks|Earth Power|p1a: Clodsire\n|-supereffective|p1a: Clodsire\n|-damage|p1a: Clodsire|0 fnt\n|faint|p1a: Clodsire\n|\n|upkeep\n|\n|t:|1700186944\n|switch|p1a: Blissey|Blissey, F|58\/100\n|turn|75\n|\n|t:|1700186951\n|move|p2a: Sandy Shocks|Volt Switch|p1a: Blissey\n|-damage|p1a: Blissey|49\/100\n|\n|t:|1700186954\n|-end|p2a: Sandy Shocks|Protosynthesis|[silent]\n|switch|p2a: Cinderace|Cinderace, F|67\/100|[from] Volt Switch\n|move|p1a: Blissey|Soft-Boiled|p1a: Blissey\n|-heal|p1a: Blissey|99\/100\n|\n|upkeep\n|turn|76\n|\n|t:|1700186960\n|switch|p1a: Alomomola|Alomomola, M|100\/100\n|move|p2a: Cinderace|Pyro Ball|p1a: Alomomola\n|-resisted|p1a: Alomomola\n|-damage|p1a: Alomomola|86\/100\n|-status|p1a: Alomomola|brn\n|\n|-damage|p1a: Alomomola|80\/100 brn|[from] brn\n|upkeep\n|turn|77\n|\n|t:|1700186969\n|move|p2a: Cinderace|U-turn|p1a: Alomomola\n|-start|p2a: Cinderace|typechange|Bug|[from] ability: Libero\n|-crit|p1a: Alomomola\n|-damage|p1a: Alomomola|50\/100 brn\n|\n|t:|1700186974\n|switch|p2a: Rotom|Rotom-Wash|75\/100 brn|[from] U-turn\n|-damage|p2a: Rotom|63\/100 brn|[from] Stealth Rock\n|move|p1a: Alomomola|Scald|p2a: Rotom\n|-resisted|p2a: Rotom\n|-damage|p2a: Rotom|57\/100 brn\n|\n|-heal|p2a: Rotom|63\/100 brn|[from] item: Leftovers\n|-damage|p2a: Rotom|57\/100 brn|[from] brn\n|-damage|p1a: Alomomola|44\/100 brn|[from] brn\n|upkeep\n|turn|78\n|\n|t:|1700186984\n|switch|p1a: Blissey|Blissey, F|99\/100\n|move|p2a: Rotom|Volt Switch|p1a: Blissey\n|-damage|p1a: Blissey|91\/100\n|\n|t:|1700186990\n|switch|p2a: Cinderace|Cinderace, F|67\/100|[from] Volt Switch\n|\n|upkeep\n|turn|79\n|\n|t:|1700186995\n|switch|p1a: Clefable|Clefable, F|75\/100\n|move|p2a: Cinderace|U-turn|p1a: Clefable\n|-start|p2a: Cinderace|typechange|Bug|[from] ability: Libero\n|-resisted|p1a: Clefable\n|-damage|p1a: Clefable|62\/100\n|\n|t:|1700187003\n|switch|p2a: Amoonguss|Amoonguss, M|100\/100|[from] U-turn\n|-damage|p2a: Amoonguss|88\/100|[from] Stealth Rock\n|\n|upkeep\n|turn|80\n|\n|t:|1700187009\n|move|p1a: Clefable|Knock Off|p2a: Amoonguss\n|-damage|p2a: Amoonguss|75\/100\n|-enditem|p2a: Amoonguss|Covert Cloak|[from] move: Knock Off|[of] p1a: Clefable\n|move|p2a: Amoonguss|Spore|p1a: Clefable\n|-status|p1a: Clefable|slp|[from] move: Spore\n|\n|upkeep\n|turn|81\n|\n|t:|1700187016\n|switch|p1a: Blissey|Blissey, F|91\/100\n|move|p2a: Amoonguss|Sludge Bomb|p1a: Blissey\n|-damage|p1a: Blissey|84\/100\n|-status|p1a: Blissey|psn\n|\n|-damage|p1a: Blissey|71\/100 psn|[from] psn\n|upkeep\n|turn|82\n|j| Ultramanball1\n|\n|t:|1700187031\n|move|p1a: Blissey|Soft-Boiled|p1a: Blissey\n|-heal|p1a: Blissey|100\/100 psn\n|move|p2a: Amoonguss|Giga Drain|p1a: Blissey\n|-damage|p1a: Blissey|94\/100 psn\n|-heal|p2a: Amoonguss|81\/100|[from] drain|[of] p1a: Blissey\n|\n|-damage|p1a: Blissey|81\/100 psn|[from] psn\n|upkeep\n|turn|83\n|l| Ultramanball1\n|\n|t:|1700187039\n|-curestatus|p1a: Blissey|psn|[from] ability: Natural Cure\n|switch|p1a: Amoonguss|Amoonguss, F|100\/100\n|move|p2a: Amoonguss|Giga Drain|p1a: Amoonguss\n|-resisted|p1a: Amoonguss\n|-damage|p1a: Amoonguss|96\/100\n|-heal|p2a: Amoonguss|84\/100|[from] drain|[of] p1a: Amoonguss\n|\n|upkeep\n|turn|84\n|\n|t:|1700187050\n|move|p2a: Amoonguss|Sludge Bomb|p1a: Amoonguss\n|-damage|p1a: Amoonguss|70\/100\n|move|p1a: Amoonguss|Toxic|p2a: Amoonguss\n|-immune|p2a: Amoonguss\n|\n|upkeep\n|turn|85\n|\n|t:|1700187055\n|switch|p1a: Blissey|Blissey, F|81\/100\n|move|p2a: Amoonguss|Sludge Bomb|p1a: Blissey\n|-damage|p1a: Blissey|73\/100\n|\n|upkeep\n|turn|86\n|\n|t:|1700187060\n|move|p1a: Blissey|Protect|p1a: Blissey\n|-singleturn|p1a: Blissey|Protect\n|move|p2a: Amoonguss|Sludge Bomb|p1a: Blissey\n|-activate|p1a: Blissey|move: Protect\n|\n|upkeep\n|turn|87\n|\n|t:|1700187065\n|switch|p1a: Amoonguss|Amoonguss, F|100\/100\n|move|p2a: Amoonguss|Sludge Bomb|p1a: Amoonguss\n|-damage|p1a: Amoonguss|74\/100\n|\n|upkeep\n|turn|88\n|\n|t:|1700187072\n|switch|p1a: Blissey|Blissey, F|73\/100\n|move|p2a: Amoonguss|Giga Drain|p1a: Blissey\n|-damage|p1a: Blissey|67\/100\n|-heal|p2a: Amoonguss|89\/100|[from] drain|[of] p1a: Blissey\n|\n|upkeep\n|turn|89\n|\n|t:|1700187080\n|move|p1a: Blissey|Protect|p1a: Blissey\n|-singleturn|p1a: Blissey|Protect\n|move|p2a: Amoonguss|Giga Drain|p1a: Blissey\n|-activate|p1a: Blissey|move: Protect\n|\n|upkeep\n|turn|90\n|\n|t:|1700187085\n|move|p1a: Blissey|Seismic Toss|p2a: Amoonguss\n|-damage|p2a: Amoonguss|66\/100\n|move|p2a: Amoonguss|Giga Drain|p1a: Blissey\n|-damage|p1a: Blissey|61\/100\n|-heal|p2a: Amoonguss|71\/100|[from] drain|[of] p1a: Blissey\n|\n|upkeep\n|turn|91\n|\n|t:|1700187092\n|move|p1a: Blissey|Soft-Boiled|p1a: Blissey\n|-heal|p1a: Blissey|100\/100\n|move|p2a: Amoonguss|Clear Smog|p1a: Blissey\n|-damage|p1a: Blissey|97\/100\n|-clearboost|p1a: Blissey\n|\n|upkeep\n|turn|92\n|\n|t:|1700187099\n|move|p1a: Blissey|Seismic Toss|p2a: Amoonguss\n|-damage|p2a: Amoonguss|48\/100\n|move|p2a: Amoonguss|Clear Smog|p1a: Blissey\n|-damage|p1a: Blissey|92\/100\n|-clearboost|p1a: Blissey\n|\n|upkeep\n|turn|93\n|\n|t:|1700187110\n|switch|p2a: Cinderace|Cinderace, F|67\/100\n|move|p1a: Blissey|Seismic Toss|p2a: Cinderace\n|-damage|p2a: Cinderace|34\/100\n|\n|upkeep\n|turn|94\n|\n|t:|1700187116\n|switch|p1a: Alomomola|Alomomola, M|77\/100 brn\n|move|p2a: Cinderace|U-turn|p1a: Alomomola\n|-start|p2a: Cinderace|typechange|Bug|[from] ability: Libero\n|-damage|p1a: Alomomola|60\/100 brn\n|\n|t:|1700187122\n|switch|p2a: Sandy Shocks|Sandy Shocks|52\/100|[from] U-turn\n|-damage|p2a: Sandy Shocks|46\/100|[from] Stealth Rock\n|\n|-damage|p1a: Alomomola|53\/100 brn|[from] brn\n|upkeep\n|turn|95\n|\n|t:|1700187129\n|switch|p1a: Blissey|Blissey, F|92\/100\n|move|p2a: Sandy Shocks|Volt Switch|p1a: Blissey\n|-crit|p1a: Blissey\n|-damage|p1a: Blissey|79\/100\n|\n|t:|1700187135\n|-end|p2a: Sandy Shocks|Protosynthesis|[silent]\n|switch|p2a: Cinderace|Cinderace, F|34\/100|[from] Volt Switch\n|\n|upkeep\n|turn|96\n|\n|t:|1700187138\n|switch|p1a: Dondozo|Dondozo, M|79\/100 slp\n|-damage|p1a: Dondozo|66\/100 slp|[from] Spikes\n|-damage|p1a: Dondozo|54\/100 slp|[from] Stealth Rock\n|move|p2a: Cinderace|U-turn|p1a: Dondozo\n|-start|p2a: Cinderace|typechange|Bug|[from] ability: Libero\n|-crit|p1a: Dondozo\n|-damage|p1a: Dondozo|31\/100 slp\n|\n|t:|1700187147\n|switch|p2a: Sandy Shocks|Sandy Shocks|46\/100|[from] U-turn\n|-damage|p2a: Sandy Shocks|39\/100|[from] Stealth Rock\n|\n|upkeep\n|turn|97\n|\n|t:|1700187158\n|move|p2a: Sandy Shocks|Volt Switch|p1a: Dondozo\n|-supereffective|p1a: Dondozo\n|-damage|p1a: Dondozo|0 fnt\n|faint|p1a: Dondozo\n|\n|t:|1700187163\n|-end|p2a: Sandy Shocks|Protosynthesis|[silent]\n|switch|p2a: Cinderace|Cinderace, F|34\/100|[from] Volt Switch\n|\n|upkeep\n|\n|t:|1700187167\n|switch|p1a: Alomomola|Alomomola, M|87\/100 brn\n|turn|98\n|\n|t:|1700187170\n|move|p2a: Cinderace|U-turn|p1a: Alomomola\n|-start|p2a: Cinderace|typechange|Bug|[from] ability: Libero\n|-damage|p1a: Alomomola|69\/100 brn\n|\n|t:|1700187174\n|switch|p2a: Rotom|Rotom-Wash|57\/100 brn|[from] U-turn\n|-damage|p2a: Rotom|44\/100 brn|[from] Stealth Rock\n|move|p1a: Alomomola|Scald|p2a: Rotom\n|-resisted|p2a: Rotom\n|-crit|p2a: Rotom\n|-damage|p2a: Rotom|36\/100 brn\n|\n|-heal|p2a: Rotom|42\/100 brn|[from] item: Leftovers\n|-damage|p2a: Rotom|36\/100 brn|[from] brn\n|-damage|p1a: Alomomola|63\/100 brn|[from] brn\n|upkeep\n|turn|99\n|\n|t:|1700187184\n|switch|p1a: Blissey|Blissey, F|79\/100\n|move|p2a: Rotom|Volt Switch|p1a: Blissey\n|-damage|p1a: Blissey|72\/100\n|\n|t:|1700187191\n|switch|p2a: Cinderace|Cinderace, F|34\/100|[from] Volt Switch\n|\n|upkeep\n|turn|100\n|\n|t:|1700187196\n|switch|p1a: Alomomola|Alomomola, M|96\/100 brn\n|move|p2a: Cinderace|U-turn|p1a: Alomomola\n|-start|p2a: Cinderace|typechange|Bug|[from] ability: Libero\n|-damage|p1a: Alomomola|78\/100 brn\n|\n|t:|1700187202\n|switch|p2a: Sandy Shocks|Sandy Shocks|39\/100|[from] U-turn\n|-damage|p2a: Sandy Shocks|33\/100|[from] Stealth Rock\n|\n|-damage|p1a: Alomomola|72\/100 brn|[from] brn\n|upkeep\n|turn|101\n|\n|t:|1700187210\n|switch|p1a: Blissey|Blissey, F|72\/100\n|move|p2a: Sandy Shocks|Volt Switch|p1a: Blissey\n|-damage|p1a: Blissey|61\/100\n|\n|t:|1700187216\n|-end|p2a: Sandy Shocks|Protosynthesis|[silent]\n|switch|p2a: Cinderace|Cinderace, F|34\/100|[from] Volt Switch\n|\n|upkeep\n|turn|102\n|\n|t:|1700187225\n|switch|p1a: Alomomola|Alomomola, M|100\/100 brn\n|move|p2a: Cinderace|U-turn|p1a: Alomomola\n|-start|p2a: Cinderace|typechange|Bug|[from] ability: Libero\n|-damage|p1a: Alomomola|81\/100 brn\n|\n|t:|1700187231\n|switch|p2a: Sandy Shocks|Sandy Shocks|33\/100|[from] U-turn\n|-damage|p2a: Sandy Shocks|27\/100|[from] Stealth Rock\n|\n|-damage|p1a: Alomomola|75\/100 brn|[from] brn\n|upkeep\n|turn|103\n|\n|t:|1700187240\n|switch|p1a: Amoonguss|Amoonguss, F|100\/100\n|move|p2a: Sandy Shocks|Volt Switch|p1a: Amoonguss\n|-resisted|p1a: Amoonguss\n|-damage|p1a: Amoonguss|84\/100\n|\n|t:|1700187247\n|-end|p2a: Sandy Shocks|Protosynthesis|[silent]\n|switch|p2a: Cinderace|Cinderace, F|34\/100|[from] Volt Switch\n|\n|upkeep\n|turn|104\n|\n|t:|1700187250\n|switch|p1a: Alomomola|Alomomola, M|100\/100 brn\n|move|p2a: Cinderace|Pyro Ball|p1a: Alomomola\n|-resisted|p1a: Alomomola\n|-damage|p1a: Alomomola|85\/100 brn\n|\n|-damage|p1a: Alomomola|79\/100 brn|[from] brn\n|upkeep\n|turn|105\n|\n|t:|1700187257\n|move|p2a: Cinderace|U-turn|p1a: Alomomola\n|-start|p2a: Cinderace|typechange|Bug|[from] ability: Libero\n|-damage|p1a: Alomomola|60\/100 brn\n|\n|t:|1700187261\n|switch|p2a: Rotom|Rotom-Wash|36\/100 brn|[from] U-turn\n|-damage|p2a: Rotom|23\/100 brn|[from] Stealth Rock\n|move|p1a: Alomomola|Scald|p2a: Rotom\n|-resisted|p2a: Rotom\n|-damage|p2a: Rotom|17\/100 brn\n|\n|-heal|p2a: Rotom|24\/100 brn|[from] item: Leftovers\n|-damage|p2a: Rotom|17\/100 brn|[from] brn\n|-damage|p1a: Alomomola|54\/100 brn|[from] brn\n|upkeep\n|turn|106\n|\n|t:|1700187274\n|switch|p1a: Amoonguss|Amoonguss, F|100\/100\n|move|p2a: Rotom|Volt Switch|p1a: Amoonguss\n|-resisted|p1a: Amoonguss\n|-damage|p1a: Amoonguss|89\/100\n|\n|t:|1700187282\n|switch|p2a: Amoonguss|Amoonguss, M|82\/100|[from] Volt Switch\n|-damage|p2a: Amoonguss|69\/100|[from] Stealth Rock\n|\n|upkeep\n|turn|107\n|j| jijioossdf\n|\n|t:|1700187301\n|switch|p1a: Blissey|Blissey, F|61\/100\n|move|p2a: Amoonguss|Sludge Bomb|p1a: Blissey\n|-damage|p1a: Blissey|54\/100\n|\n|upkeep\n|turn|108\n|\n|t:|1700187308\n|move|p1a: Blissey|Soft-Boiled|p1a: Blissey\n|-heal|p1a: Blissey|100\/100\n|move|p2a: Amoonguss|Giga Drain|p1a: Blissey\n|-damage|p1a: Blissey|95\/100\n|-heal|p2a: Amoonguss|74\/100|[from] drain|[of] p1a: Blissey\n|\n|upkeep\n|turn|109\n|\n|t:|1700187314\n|move|p1a: Blissey|Seismic Toss|p2a: Amoonguss\n|-damage|p2a: Amoonguss|51\/100\n|move|p2a: Amoonguss|Giga Drain|p1a: Blissey\n|-damage|p1a: Blissey|88\/100\n|-heal|p2a: Amoonguss|56\/100|[from] drain|[of] p1a: Blissey\n|\n|upkeep\n|turn|110\n|\n|t:|1700187328\n|switch|p1a: Amoonguss|Amoonguss, F|100\/100\n|switch|p2a: Rotom|Rotom-Wash|17\/100 brn\n|-damage|p2a: Rotom|5\/100 brn|[from] Stealth Rock\n|\n|-heal|p2a: Rotom|11\/100 brn|[from] item: Leftovers\n|-damage|p2a: Rotom|5\/100 brn|[from] brn\n|upkeep\n|turn|111\n|\n|t:|1700187336\n|move|p2a: Rotom|Thunder Wave|p1a: Amoonguss\n|-status|p1a: Amoonguss|par\n|cant|p1a: Amoonguss|par\n|\n|-heal|p2a: Rotom|11\/100 brn|[from] item: Leftovers\n|-damage|p2a: Rotom|5\/100 brn|[from] brn\n|upkeep\n|turn|112\n|\n|t:|1700187344\n|move|p2a: Rotom|Hydro Pump|p1a: Amoonguss\n|-resisted|p1a: Amoonguss\n|-damage|p1a: Amoonguss|83\/100 par\n|move|p1a: Amoonguss|Toxic||[still]\n|-fail|p1a: Amoonguss\n|\n|-heal|p2a: Rotom|11\/100 brn|[from] item: Leftovers\n|-damage|p2a: Rotom|5\/100 brn|[from] brn\n|upkeep\n|turn|113\n|\n|t:|1700187352\n|move|p2a: Rotom|Hydro Pump|p1a: Amoonguss\n|-resisted|p1a: Amoonguss\n|-damage|p1a: Amoonguss|65\/100 par\n|move|p1a: Amoonguss|Giga Drain|p2a: Rotom\n|-supereffective|p2a: Rotom\n|-damage|p2a: Rotom|0 fnt\n|-heal|p1a: Amoonguss|66\/100 par|[from] drain|[of] p2a: Rotom\n|faint|p2a: Rotom\n|\n|upkeep\n|\n|t:|1700187360\n|switch|p2a: Cinderace|Cinderace, F|34\/100\n|turn|114\n|\n|t:|1700187366\n|switch|p1a: Alomomola|Alomomola, M|87\/100 brn\n|move|p2a: Cinderace|Pyro Ball|p1a: Alomomola\n|-resisted|p1a: Alomomola\n|-damage|p1a: Alomomola|71\/100 brn\n|\n|-damage|p1a: Alomomola|65\/100 brn|[from] brn\n|upkeep\n|turn|115\n|\n|t:|1700187373\n|move|p2a: Cinderace|U-turn|p1a: Alomomola\n|-start|p2a: Cinderace|typechange|Bug|[from] ability: Libero\n|-damage|p1a: Alomomola|48\/100 brn\n|l| GoldDsilver\n|\n|t:|1700187377\n|switch|p2a: Amoonguss|Amoonguss, M|89\/100|[from] U-turn\n|-damage|p2a: Amoonguss|77\/100|[from] Stealth Rock\n|move|p1a: Alomomola|Scald|p2a: Amoonguss\n|-resisted|p2a: Amoonguss\n|-damage|p2a: Amoonguss|71\/100\n|\n|-damage|p1a: Alomomola|42\/100 brn|[from] brn\n|upkeep\n|turn|116\n|\n|t:|1700187386\n|switch|p1a: Amoonguss|Amoonguss, F|99\/100 par\n|move|p2a: Amoonguss|Sludge Bomb|p1a: Amoonguss\n|-damage|p1a: Amoonguss|73\/100 par\n|\n|upkeep\n|turn|117\n|\n|t:|1700187392\n|switch|p1a: Blissey|Blissey, F|88\/100\n|move|p2a: Amoonguss|Sludge Bomb|p1a: Blissey\n|-damage|p1a: Blissey|81\/100\n|\n|upkeep\n|turn|118\n|\n|t:|1700187406\n|move|p1a: Blissey|Protect|p1a: Blissey\n|-singleturn|p1a: Blissey|Protect\n|move|p2a: Amoonguss|Giga Drain|p1a: Blissey\n|-activate|p1a: Blissey|move: Protect\n|\n|upkeep\n|turn|119\n|\n|t:|1700187411\n|switch|p1a: Amoonguss|Amoonguss, F|100\/100 par\n|move|p2a: Amoonguss|Giga Drain|p1a: Amoonguss\n|-resisted|p1a: Amoonguss\n|-damage|p1a: Amoonguss|95\/100 par\n|-heal|p2a: Amoonguss|74\/100|[from] drain|[of] p1a: Amoonguss\n|\n|upkeep\n|turn|120\n|\n|t:|1700187420\n|move|p2a: Amoonguss|Clear Smog|p1a: Amoonguss\n|-damage|p1a: Amoonguss|80\/100 par\n|-clearboost|p1a: Amoonguss\n|move|p1a: Amoonguss|Foul Play|p2a: Amoonguss\n|-damage|p2a: Amoonguss|62\/100\n|\n|upkeep\n|turn|121\n|\n|t:|1700187430\n|switch|p1a: Blissey|Blissey, F|81\/100\n|move|p2a: Amoonguss|Clear Smog|p1a: Blissey\n|-damage|p1a: Blissey|77\/100\n|-clearboost|p1a: Blissey\n|\n|upkeep\n|turn|122\n|\n|t:|1700187437\n|move|p1a: Blissey|Seismic Toss|p2a: Amoonguss\n|-damage|p2a: Amoonguss|39\/100\n|move|p2a: Amoonguss|Clear Smog|p1a: Blissey\n|-damage|p1a: Blissey|72\/100\n|-clearboost|p1a: Blissey\n|\n|upkeep\n|turn|123\n|\n|t:|1700187446\n|switch|p2a: Cinderace|Cinderace, F|34\/100\n|move|p1a: Blissey|Seismic Toss|p2a: Cinderace\n|-damage|p2a: Cinderace|1\/100\n|\n|upkeep\n|turn|124\n|\n|t:|1700187453\n|switch|p1a: Alomomola|Alomomola, M|75\/100 brn\n|move|p2a: Cinderace|Pyro Ball|p1a: Alomomola|[miss]\n|-miss|p2a: Cinderace|p1a: Alomomola\n|\n|-damage|p1a: Alomomola|69\/100 brn|[from] brn\n|upkeep\n|turn|125\n|\n|t:|1700187459\n|move|p2a: Cinderace|U-turn|p1a: Alomomola\n|-start|p2a: Cinderace|typechange|Bug|[from] ability: Libero\n|-damage|p1a: Alomomola|50\/100 brn\n|\n|t:|1700187464\n|switch|p2a: Amoonguss|Amoonguss, M|72\/100|[from] U-turn\n|-damage|p2a: Amoonguss|60\/100|[from] Stealth Rock\n|move|p1a: Alomomola|Wish|p1a: Alomomola\n|\n|-damage|p1a: Alomomola|44\/100 brn|[from] brn\n|upkeep\n|turn|126\n|\n|t:|1700187473\n|switch|p1a: Blissey|Blissey, F|72\/100\n|move|p2a: Amoonguss|Giga Drain|p1a: Blissey\n|-damage|p1a: Blissey|66\/100\n|-heal|p2a: Amoonguss|65\/100|[from] drain|[of] p1a: Blissey\n|\n|-heal|p1a: Blissey|100\/100|[from] move: Wish|[wisher] Alomomola\n|upkeep\n|turn|127\n|\n|t:|1700187486\n|move|p1a: Blissey|Seismic Toss|p2a: Amoonguss\n|-damage|p2a: Amoonguss|42\/100\n|move|p2a: Amoonguss|Sludge Bomb|p1a: Blissey\n|-crit|p1a: Blissey\n|-damage|p1a: Blissey|89\/100\n|-status|p1a: Blissey|psn\n|\n|-damage|p1a: Blissey|77\/100 psn|[from] psn\n|upkeep\n|turn|128\n|\n|t:|1700187495\n|-curestatus|p1a: Blissey|psn|[from] ability: Natural Cure\n|switch|p1a: Amoonguss|Amoonguss, F|100\/100 par\n|move|p2a: Amoonguss|Giga Drain|p1a: Amoonguss\n|-resisted|p1a: Amoonguss\n|-damage|p1a: Amoonguss|95\/100 par\n|-heal|p2a: Amoonguss|45\/100|[from] drain|[of] p1a: Amoonguss\n|\n|upkeep\n|turn|129\n|\n|t:|1700187504\n|switch|p2a: Cinderace|Cinderace, F|1\/100\n|switch|p1a: Blissey|Blissey, F|77\/100\n|\n|upkeep\n|turn|130\n|j| Roshino\n|\n|t:|1700187511\n|switch|p1a: Alomomola|Alomomola, M|77\/100 brn\n|move|p2a: Cinderace|U-turn|p1a: Alomomola\n|-start|p2a: Cinderace|typechange|Bug|[from] ability: Libero\n|-damage|p1a: Alomomola|58\/100 brn\n|\n|t:|1700187517\n|switch|p2a: Sandy Shocks|Sandy Shocks|27\/100|[from] U-turn\n|-damage|p2a: Sandy Shocks|21\/100|[from] Stealth Rock\n|\n|-damage|p1a: Alomomola|52\/100 brn|[from] brn\n|upkeep\n|turn|131\n|inactive|Duckycrater has 120 seconds left.\n|\n|t:|1700187553\n|switch|p1a: Blissey|Blissey, F|77\/100\n|move|p2a: Sandy Shocks|Volt Switch|p1a: Blissey\n|-damage|p1a: Blissey|68\/100\n|\n|t:|1700187558\n|-end|p2a: Sandy Shocks|Protosynthesis|[silent]\n|switch|p2a: Cinderace|Cinderace, F|1\/100|[from] Volt Switch\n|\n|upkeep\n|turn|132\n|\n|t:|1700187563\n|switch|p1a: Alomomola|Alomomola, M|85\/100 brn\n|move|p2a: Cinderace|U-turn|p1a: Alomomola\n|-start|p2a: Cinderace|typechange|Bug|[from] ability: Libero\n|-damage|p1a: Alomomola|68\/100 brn\n|\n|t:|1700187569\n|switch|p2a: Sandy Shocks|Sandy Shocks|21\/100|[from] U-turn\n|-damage|p2a: Sandy Shocks|15\/100|[from] Stealth Rock\n|\n|-damage|p1a: Alomomola|62\/100 brn|[from] brn\n|upkeep\n|turn|133\n|\n|t:|1700187575\n|switch|p1a: Blissey|Blissey, F|68\/100\n|move|p2a: Sandy Shocks|Volt Switch|p1a: Blissey\n|-crit|p1a: Blissey\n|-damage|p1a: Blissey|53\/100\n|\n|t:|1700187581\n|-end|p2a: Sandy Shocks|Protosynthesis|[silent]\n|switch|p2a: Cinderace|Cinderace, F|1\/100|[from] Volt Switch\n|\n|upkeep\n|turn|134\n|\n|t:|1700187584\n|switch|p1a: Alomomola|Alomomola, M|95\/100 brn\n|move|p2a: Cinderace|U-turn|p1a: Alomomola\n|-start|p2a: Cinderace|typechange|Bug|[from] ability: Libero\n|-damage|p1a: Alomomola|79\/100 brn\n|\n|t:|1700187590\n|switch|p2a: Sandy Shocks|Sandy Shocks|15\/100|[from] U-turn\n|-damage|p2a: Sandy Shocks|9\/100|[from] Stealth Rock\n|\n|-damage|p1a: Alomomola|73\/100 brn|[from] brn\n|upkeep\n|turn|135\n|\n|t:|1700187596\n|switch|p1a: Blissey|Blissey, F|53\/100\n|move|p2a: Sandy Shocks|Volt Switch|p1a: Blissey\n|-damage|p1a: Blissey|43\/100\n|\n|t:|1700187601\n|-end|p2a: Sandy Shocks|Protosynthesis|[silent]\n|switch|p2a: Cinderace|Cinderace, F|1\/100|[from] Volt Switch\n|\n|upkeep\n|turn|136\n|\n|t:|1700187605\n|switch|p1a: Alomomola|Alomomola, M|100\/100 brn\n|move|p2a: Cinderace|U-turn|p1a: Alomomola\n|-start|p2a: Cinderace|typechange|Bug|[from] ability: Libero\n|-damage|p1a: Alomomola|82\/100 brn\n|\n|t:|1700187611\n|switch|p2a: Sandy Shocks|Sandy Shocks|9\/100|[from] U-turn\n|-damage|p2a: Sandy Shocks|3\/100|[from] Stealth Rock\n|\n|-damage|p1a: Alomomola|76\/100 brn|[from] brn\n|upkeep\n|turn|137\n|\n|t:|1700187621\n|switch|p1a: Blissey|Blissey, F|43\/100\n|move|p2a: Sandy Shocks|Thunderbolt|p1a: Blissey\n|-crit|p1a: Blissey\n|-damage|p1a: Blissey|26\/100\n|\n|upkeep\n|turn|138\n|\n|t:|1700187627\n|move|p2a: Sandy Shocks|Thunderbolt|p1a: Blissey\n|-damage|p1a: Blissey|13\/100\n|move|p1a: Blissey|Seismic Toss|p2a: Sandy Shocks\n|-damage|p2a: Sandy Shocks|0 fnt\n|faint|p2a: Sandy Shocks\n|-end|p2a: Sandy Shocks|Protosynthesis|[silent]\n|\n|upkeep\n|\n|t:|1700187634\n|switch|p2a: Amoonguss|Amoonguss, M|78\/100\n|-damage|p2a: Amoonguss|66\/100|[from] Stealth Rock\n|turn|139\n|\n|t:|1700187640\n|move|p1a: Blissey|Protect|p1a: Blissey\n|-singleturn|p1a: Blissey|Protect\n|move|p2a: Amoonguss|Giga Drain|p1a: Blissey\n|-activate|p1a: Blissey|move: Protect\n|\n|upkeep\n|turn|140\n|\n|t:|1700187645\n|switch|p1a: Amoonguss|Amoonguss, F|100\/100 par\n|move|p2a: Amoonguss|Giga Drain|p1a: Amoonguss\n|-resisted|p1a: Amoonguss\n|-damage|p1a: Amoonguss|96\/100 par\n|-heal|p2a: Amoonguss|68\/100|[from] drain|[of] p1a: Amoonguss\n|\n|upkeep\n|turn|141\n|\n|t:|1700187652\n|move|p2a: Amoonguss|Clear Smog|p1a: Amoonguss\n|-damage|p1a: Amoonguss|81\/100 par\n|-clearboost|p1a: Amoonguss\n|move|p1a: Amoonguss|Foul Play|p2a: Amoonguss\n|-damage|p2a: Amoonguss|56\/100\n|\n|upkeep\n|turn|142\n|j| GoldDsilver\n|\n|t:|1700187659\n|move|p2a: Amoonguss|Clear Smog|p1a: Amoonguss\n|-damage|p1a: Amoonguss|66\/100 par\n|-clearboost|p1a: Amoonguss\n|cant|p1a: Amoonguss|par\n|\n|upkeep\n|turn|143\n|\n|t:|1700187665\n|switch|p1a: Blissey|Blissey, F|13\/100\n|move|p2a: Amoonguss|Clear Smog|p1a: Blissey\n|-crit|p1a: Blissey\n|-damage|p1a: Blissey|7\/100\n|-clearboost|p1a: Blissey\n|\n|upkeep\n|turn|144\n|\n|t:|1700187672\n|move|p1a: Blissey|Protect|p1a: Blissey\n|-singleturn|p1a: Blissey|Protect\n|move|p2a: Amoonguss|Clear Smog|p1a: Blissey\n|-activate|p1a: Blissey|move: Protect\n|\n|upkeep\n|turn|145\n|\n|t:|1700187678\n|switch|p1a: Amoonguss|Amoonguss, F|99\/100 par\n|move|p2a: Amoonguss|Clear Smog|p1a: Amoonguss\n|-damage|p1a: Amoonguss|85\/100 par\n|-clearboost|p1a: Amoonguss\n|\n|upkeep\n|turn|146\n|\n|t:|1700187685\n|move|p2a: Amoonguss|Clear Smog|p1a: Amoonguss\n|-damage|p1a: Amoonguss|69\/100 par\n|-clearboost|p1a: Amoonguss\n|move|p1a: Amoonguss|Foul Play|p2a: Amoonguss\n|-damage|p2a: Amoonguss|44\/100\n|\n|upkeep\n|turn|147\n|\n|t:|1700187691\n|move|p2a: Amoonguss|Clear Smog|p1a: Amoonguss\n|-damage|p1a: Amoonguss|54\/100 par\n|-clearboost|p1a: Amoonguss\n|move|p1a: Amoonguss|Foul Play|p2a: Amoonguss\n|-damage|p2a: Amoonguss|32\/100\n|\n|upkeep\n|turn|148\n|\n|t:|1700187699\n|move|p2a: Amoonguss|Clear Smog|p1a: Amoonguss\n|-damage|p1a: Amoonguss|39\/100 par\n|-clearboost|p1a: Amoonguss\n|move|p1a: Amoonguss|Foul Play|p2a: Amoonguss\n|-damage|p2a: Amoonguss|20\/100\n|\n|upkeep\n|turn|149\n|\n|t:|1700187707\n|move|p2a: Amoonguss|Clear Smog|p1a: Amoonguss\n|-damage|p1a: Amoonguss|25\/100 par\n|-clearboost|p1a: Amoonguss\n|move|p1a: Amoonguss|Foul Play|p2a: Amoonguss\n|-damage|p2a: Amoonguss|9\/100\n|\n|upkeep\n|turn|150\n|\n|t:|1700187714\n|move|p2a: Amoonguss|Clear Smog|p1a: Amoonguss\n|-damage|p1a: Amoonguss|9\/100 par\n|-clearboost|p1a: Amoonguss\n|move|p1a: Amoonguss|Foul Play|p2a: Amoonguss\n|-damage|p2a: Amoonguss|0 fnt\n|faint|p2a: Amoonguss\n|\n|upkeep\n|c|\u2606Duckycrater|gg\n|\n|t:|1700187721\n|switch|p2a: Cinderace|Cinderace, F|1\/100\n|turn|151\n|\n|t:|1700187724\n|move|p2a: Cinderace|U-turn|p1a: Amoonguss\n|-start|p2a: Cinderace|typechange|Bug|[from] ability: Libero\n|-damage|p1a: Amoonguss|0 fnt\n|faint|p1a: Amoonguss\n|\n|upkeep\n|\n|t:|1700187727\n|switch|p1a: Alomomola|Alomomola, M|100\/100 brn\n|turn|152\n|\n|t:|1700187732\n|move|p2a: Cinderace|U-turn|p1a: Alomomola\n|-damage|p1a: Alomomola|82\/100 brn\n|move|p1a: Alomomola|Scald|p2a: Cinderace\n|-damage|p2a: Cinderace|0 fnt\n|faint|p2a: Cinderace\n|\n|win|Duckycrater\n|raw|Duckycrater's rating: 1706 &rarr; <strong>1729<\/strong><br \/>(+23 for winning)\n|raw|skulljester29's rating: 1759 &rarr; <strong>1736<\/strong><br \/>(-23 for losing)\n|l|\u2606skulljester29\n","uploadtime":1700187766,"views":18,"p1id":"duckycrater","p2id":"skulljester29","formatid":"gen9ou","rating":1729,"private":0,"password":""}