{"id":"gen9ou-1996010978","p1":"lightoflights","p2":"wenguiming","format":"[Gen 9] OU","log":"|j|\u2606lightoflights\n|j|\u2606wenguiming\n|t:|1700629011\n|gametype|singles\n|player|p1|lightoflights|lucas|1313\n|player|p2|wenguiming|pokekid|1273\n|teamsize|p1|6\n|teamsize|p2|6\n|gen|9\n|tier|[Gen 9] OU\n|rated|\n|rule|Sleep Clause Mod: Limit one foe put to sleep\n|rule|Species Clause: Limit one of each Pok\u00e9mon\n|rule|OHKO Clause: OHKO moves are banned\n|rule|Evasion Items Clause: Evasion items are banned\n|rule|Evasion Moves Clause: Evasion moves are banned\n|rule|Endless Battle Clause: Forcing endless battles is banned\n|rule|HP Percentage Mod: HP is shown in percentages\n|clearpoke\n|poke|p1|Cinderace, M|\n|poke|p1|Corviknight, M|\n|poke|p1|Haxorus, M|\n|poke|p1|Enamorus-Therian, F|\n|poke|p1|Iron Moth|\n|poke|p1|Walking Wake|\n|poke|p2|Glimmora, F|\n|poke|p2|Dragonite, F|\n|poke|p2|Gholdengo|\n|poke|p2|Greninja-*, M|\n|poke|p2|Great Tusk|\n|poke|p2|Scizor, M|\n|teampreview\n|inactive|Battle timer is ON: inactive players will automatically lose when time's up. (requested by wenguiming)\n|\n|t:|1700629014\n|start\n|switch|p1a: Corviknight|Corviknight, M, shiny|100\/100\n|switch|p2a: Glimmora|Glimmora, F|100\/100\n|-ability|p1a: Corviknight|Pressure\n|turn|1\n|\n|t:|1700629023\n|move|p2a: Glimmora|Stealth Rock|p1a: Corviknight\n|-sidestart|p1: lightoflights|move: Stealth Rock\n|move|p1a: Corviknight|Agility|p1a: Corviknight\n|-boost|p1a: Corviknight|spe|2\n|\n|upkeep\n|turn|2\n|\n|t:|1700629051\n|switch|p2a: Dragonite|Dragonite, F|100\/100\n|move|p1a: Corviknight|Agility|p1a: Corviknight\n|-boost|p1a: Corviknight|spe|2\n|\n|upkeep\n|turn|3\n|\n|t:|1700629059\n|move|p1a: Corviknight|Bulk Up|p1a: Corviknight\n|-boost|p1a: Corviknight|atk|1\n|-boost|p1a: Corviknight|def|1\n|move|p2a: Dragonite|Dragon Dance|p2a: Dragonite\n|-boost|p2a: Dragonite|atk|1\n|-boost|p2a: Dragonite|spe|1\n|\n|upkeep\n|turn|4\n|\n|t:|1700629066\n|move|p1a: Corviknight|Agility|p1a: Corviknight\n|-boost|p1a: Corviknight|spe|2\n|move|p2a: Dragonite|Dragon Dance|p2a: Dragonite\n|-boost|p2a: Dragonite|atk|1\n|-boost|p2a: Dragonite|spe|1\n|\n|upkeep\n|turn|5\n|\n|t:|1700629074\n|move|p1a: Corviknight|Bulk Up|p1a: Corviknight\n|-boost|p1a: Corviknight|atk|1\n|-boost|p1a: Corviknight|def|1\n|move|p2a: Dragonite|Dragon Dance|p2a: Dragonite\n|-boost|p2a: Dragonite|atk|1\n|-boost|p2a: Dragonite|spe|1\n|\n|upkeep\n|turn|6\n|\n|t:|1700629081\n|-terastallize|p1a: Corviknight|Dark\n|move|p1a: Corviknight|Power Trip|p2a: Dragonite\n|-damage|p2a: Dragonite|22\/100\n|move|p2a: Dragonite|Dragon Dance|p2a: Dragonite\n|-boost|p2a: Dragonite|atk|1\n|-boost|p2a: Dragonite|spe|1\n|\n|upkeep\n|turn|7\n|\n|t:|1700629092\n|-terastallize|p2a: Dragonite|Normal\n|move|p2a: Dragonite|Extreme Speed|p1a: Corviknight\n|-damage|p1a: Corviknight|40\/100\n|move|p1a: Corviknight|Power Trip|p2a: Dragonite\n|-damage|p2a: Dragonite|0 fnt\n|faint|p2a: Dragonite\n|\n|-heal|p1a: Corviknight|46\/100|[from] item: Leftovers\n|upkeep\n|\n|t:|1700629105\n|switch|p2a: Scizor|Scizor, M|100\/100\n|turn|8\n|\n|t:|1700629108\n|move|p2a: Scizor|Bullet Punch|p1a: Corviknight\n|-damage|p1a: Corviknight|24\/100\n|move|p1a: Corviknight|Roost|p1a: Corviknight\n|-heal|p1a: Corviknight|74\/100\n|\n|-heal|p1a: Corviknight|80\/100|[from] item: Leftovers\n|upkeep\n|turn|9\n|\n|t:|1700629119\n|switch|p2a: Glimmora|Glimmora, F|100\/100\n|move|p1a: Corviknight|Bulk Up|p1a: Corviknight\n|-boost|p1a: Corviknight|atk|1\n|-boost|p1a: Corviknight|def|1\n|\n|-heal|p1a: Corviknight|86\/100|[from] item: Leftovers\n|upkeep\n|turn|10\n|\n|t:|1700629128\n|move|p1a: Corviknight|Power Trip|p2a: Glimmora\n|-enditem|p2a: Glimmora|Focus Sash\n|-damage|p2a: Glimmora|1\/100\n|-activate|p2a: Glimmora|ability: Toxic Debris\n|-sidestart|p1: lightoflights|move: Toxic Spikes\n|move|p2a: Glimmora|Mortal Spin|p1a: Corviknight\n|-damage|p1a: Corviknight|84\/100\n|-status|p1a: Corviknight|psn\n|\n|-heal|p1a: Corviknight|90\/100 psn|[from] item: Leftovers\n|-damage|p1a: Corviknight|78\/100 psn|[from] psn\n|upkeep\n|turn|11\n|\n|t:|1700629147\n|move|p1a: Corviknight|Power Trip|p2a: Glimmora\n|-damage|p2a: Glimmora|0 fnt\n|-activate|p2a: Glimmora|ability: Toxic Debris\n|-sidestart|p1: lightoflights|move: Toxic Spikes\n|faint|p2a: Glimmora\n|\n|-heal|p1a: Corviknight|84\/100 psn|[from] item: Leftovers\n|-damage|p1a: Corviknight|72\/100 psn|[from] psn\n|upkeep\n|inactive|wenguiming has 120 seconds left.\n|\n|t:|1700629181\n|switch|p2a: Scizor|Scizor, M|100\/100\n|turn|12\n|\n|t:|1700629186\n|move|p1a: Corviknight|Bulk Up|p1a: Corviknight\n|-boost|p1a: Corviknight|atk|1\n|-boost|p1a: Corviknight|def|1\n|move|p2a: Scizor|U-turn|p1a: Corviknight\n|-supereffective|p1a: Corviknight\n|-damage|p1a: Corviknight|37\/100 psn\n|inactive|wenguiming has 120 seconds left.\n|\n|t:|1700629200\n|switch|p2a: Greninja|Greninja, M|100\/100|[from] U-turn\n|\n|-heal|p1a: Corviknight|43\/100 psn|[from] item: Leftovers\n|-damage|p1a: Corviknight|31\/100 psn|[from] psn\n|upkeep\n|turn|13\n|inactive|wenguiming has 120 seconds left.\n|\n|t:|1700629210\n|move|p2a: Greninja|Water Shuriken|p1a: Corviknight\n|-damage|p1a: Corviknight|24\/100 psn\n|-damage|p1a: Corviknight|17\/100 psn\n|-damage|p1a: Corviknight|10\/100 psn\n|-damage|p1a: Corviknight|2\/100 psn\n|-damage|p1a: Corviknight|0 fnt\n|faint|p1a: Corviknight\n|-ability|p2a: Greninja|Battle Bond|boost\n|-boost|p2a: Greninja|atk|1\n|-boost|p2a: Greninja|spa|1\n|-boost|p2a: Greninja|spe|1\n|-activate|p2a: Greninja|ability: Battle Bond\n|-hitcount|p1: Corviknight|5\n|-damage|p2a: Greninja|91\/100|[from] item: Life Orb\n|\n|upkeep\n|\n|t:|1700629214\n|switch|p1a: Cinderace|Cinderace, M|100\/100\n|-damage|p1a: Cinderace|76\/100|[from] Stealth Rock\n|-status|p1a: Cinderace|tox\n|turn|14\n|inactive|wenguiming has 120 seconds left.\n|\n|t:|1700629233\n|move|p2a: Greninja|Water Shuriken|p1a: Cinderace\n|-supereffective|p1a: Cinderace\n|-damage|p1a: Cinderace|40\/100 tox\n|-supereffective|p1a: Cinderace\n|-damage|p1a: Cinderace|0 fnt\n|faint|p1a: Cinderace\n|-hitcount|p1: Cinderace|2\n|-damage|p2a: Greninja|81\/100|[from] item: Life Orb\n|\n|upkeep\n|\n|t:|1700629244\n|switch|p1a: Iron Moth|Iron Moth|100\/100\n|-damage|p1a: Iron Moth|76\/100|[from] Stealth Rock\n|-sideend|p1: lightoflights|move: Toxic Spikes|[of] p1a: Iron Moth\n|-enditem|p1a: Iron Moth|Booster Energy\n|-activate|p1a: Iron Moth|ability: Quark Drive|[fromitem]\n|-start|p1a: Iron Moth|quarkdrivespa\n|turn|15\n|\n|t:|1700629251\n|move|p2a: Greninja|Water Shuriken|p1a: Iron Moth\n|-supereffective|p1a: Iron Moth\n|-damage|p1a: Iron Moth|50\/100\n|-supereffective|p1a: Iron Moth\n|-damage|p1a: Iron Moth|24\/100\n|-hitcount|p1a: Iron Moth|2\n|-damage|p2a: Greninja|71\/100|[from] item: Life Orb\n|move|p1a: Iron Moth|Agility|p1a: Iron Moth\n|-boost|p1a: Iron Moth|spe|2\n|\n|upkeep\n|turn|16\n|\n|t:|1700629261\n|move|p2a: Greninja|Water Shuriken|p1a: Iron Moth\n|-supereffective|p1a: Iron Moth\n|-damage|p1a: Iron Moth|0 fnt\n|faint|p1a: Iron Moth\n|-end|p1a: Iron Moth|Quark Drive|[silent]\n|-hitcount|p1: Iron Moth|1\n|-damage|p2a: Greninja|61\/100|[from] item: Life Orb\n|\n|upkeep\n|\n|t:|1700629266\n|switch|p1a: Walking Wake|Walking Wake|100\/100\n|-damage|p1a: Walking Wake|88\/100|[from] Stealth Rock\n|-enditem|p1a: Walking Wake|Booster Energy\n|-activate|p1a: Walking Wake|ability: Protosynthesis|[fromitem]\n|-start|p1a: Walking Wake|protosynthesisspa\n|turn|17\n|\n|t:|1700629279\n|move|p2a: Greninja|Dark Pulse|p1a: Walking Wake\n|-damage|p1a: Walking Wake|6\/100\n|-damage|p2a: Greninja|51\/100|[from] item: Life Orb\n|move|p1a: Walking Wake|Agility|p1a: Walking Wake\n|-boost|p1a: Walking Wake|spe|2\n|\n|upkeep\n|turn|18\n|\n|t:|1700629287\n|move|p2a: Greninja|Water Shuriken|p1a: Walking Wake\n|-resisted|p1a: Walking Wake\n|-damage|p1a: Walking Wake|3\/100\n|-resisted|p1a: Walking Wake\n|-damage|p1a: Walking Wake|0 fnt\n|faint|p1a: Walking Wake\n|-end|p1a: Walking Wake|Protosynthesis|[silent]\n|-hitcount|p1: Walking Wake|2\n|-damage|p2a: Greninja|42\/100|[from] item: Life Orb\n|\n|upkeep\n|\n|t:|1700629292\n|switch|p1a: Enamorus|Enamorus-Therian, F, shiny|100\/100\n|-damage|p1a: Enamorus|76\/100|[from] Stealth Rock\n|turn|19\n|\n|t:|1700629300\n|move|p2a: Greninja|Hydro Pump|p1a: Enamorus\n|-damage|p1a: Enamorus|0 fnt\n|faint|p1a: Enamorus\n|-damage|p2a: Greninja|32\/100|[from] item: Life Orb\n|\n|upkeep\n|-message|lightoflights forfeited.\n|\n|win|wenguiming\n|raw|lightoflights's rating: 1313 &rarr; <strong>1291<\/strong><br \/>(-22 for losing)\n|raw|wenguiming's rating: 1273 &rarr; <strong>1301<\/strong><br \/>(+28 for winning)\n|l|\u2606lightoflights\n","uploadtime":1700629316,"views":0,"p1id":"lightoflights","p2id":"wenguiming","formatid":"gen9ou","rating":1291,"private":0,"password":""}