{"id":"gen9ou-1993077802","p1":"CheesyBrie","p2":"JungkoLutece","format":"[Gen 9] OU","log":"|j|\u2606CheesyBrie\n|j|\u2606JungkoLutece\n|t:|1700262200\n|gametype|singles\n|player|p1|CheesyBrie|bellelba|1330\n|player|p2|JungkoLutece|hiker|1322\n|teamsize|p1|6\n|teamsize|p2|6\n|gen|9\n|tier|[Gen 9] OU\n|rated|\n|rule|Sleep Clause Mod: Limit one foe put to sleep\n|rule|Species Clause: Limit one of each Pok\u00e9mon\n|rule|OHKO Clause: OHKO moves are banned\n|rule|Evasion Items Clause: Evasion items are banned\n|rule|Evasion Moves Clause: Evasion moves are banned\n|rule|Endless Battle Clause: Forcing endless battles is banned\n|rule|HP Percentage Mod: HP is shown in percentages\n|clearpoke\n|poke|p1|Rillaboom, F|\n|poke|p1|Sneasler, M|\n|poke|p1|Hatterene, F|\n|poke|p1|Samurott-Hisui, M|\n|poke|p1|Iron Moth|\n|poke|p1|Gholdengo|\n|poke|p2|Wyrdeer, F|\n|poke|p2|Dragapult, F|\n|poke|p2|Rillaboom, F|\n|poke|p2|Sneasler, F|\n|poke|p2|Kingambit, F|\n|poke|p2|Hatterene, F|\n|teampreview\n|inactive|Battle timer is ON: inactive players will automatically lose when time's up. (requested by JungkoLutece)\n|inactive|JungkoLutece has 120 seconds left.\n|\n|t:|1700262239\n|start\n|switch|p1a: Samurott|Samurott-Hisui, M|100\/100\n|switch|p2a: Com\u00e8te|Rillaboom, F|100\/100\n|-fieldstart|move: Grassy Terrain|[from] ability: Grassy Surge|[of] p2a: Com\u00e8te\n|turn|1\n|\n|t:|1700262246\n|move|p1a: Samurott|Ceaseless Edge|p2a: Com\u00e8te\n|-damage|p2a: Com\u00e8te|56\/100\n|-sidestart|p2: JungkoLutece|Spikes\n|move|p2a: Com\u00e8te|Drum Beating|p1a: Samurott\n|-supereffective|p1a: Samurott\n|-enditem|p1a: Samurott|Focus Sash\n|-damage|p1a: Samurott|1\/100\n|-unboost|p1a: Samurott|spe|1\n|\n|-heal|p2a: Com\u00e8te|62\/100|[from] Grassy Terrain\n|-heal|p1a: Samurott|7\/100|[from] Grassy Terrain\n|upkeep\n|turn|2\n|\n|t:|1700262260\n|move|p2a: Com\u00e8te|Drum Beating|p1a: Samurott\n|-supereffective|p1a: Samurott\n|-damage|p1a: Samurott|0 fnt\n|faint|p1a: Samurott\n|\n|-heal|p2a: Com\u00e8te|68\/100|[from] Grassy Terrain\n|upkeep\n|\n|t:|1700262266\n|switch|p1a: Iron Moth|Iron Moth|100\/100\n|-enditem|p1a: Iron Moth|Booster Energy\n|-activate|p1a: Iron Moth|ability: Quark Drive|[fromitem]\n|-start|p1a: Iron Moth|quarkdrivespe\n|turn|3\n|\n|t:|1700262278\n|switch|p2a: Tornade|Dragapult, F|100\/100\n|-damage|p2a: Tornade|88\/100|[from] Spikes\n|move|p1a: Iron Moth|Fiery Dance|p2a: Tornade\n|-resisted|p2a: Tornade\n|-crit|p2a: Tornade\n|-damage|p2a: Tornade|51\/100\n|-start|p1a: Iron Moth|Disable|Fiery Dance|[from] ability: Cursed Body|[of] p2a: Tornade\n|\n|-heal|p2a: Tornade|57\/100|[from] Grassy Terrain\n|upkeep\n|turn|4\n|\n|t:|1700262288\n|move|p1a: Iron Moth|Dazzling Gleam|p2a: Tornade\n|-supereffective|p2a: Tornade\n|-damage|p2a: Tornade|0 fnt\n|faint|p2a: Tornade\n|\n|upkeep\n|\n|t:|1700262305\n|switch|p2a: Danseur|Sneasler, F|100\/100\n|-damage|p2a: Danseur|88\/100|[from] Spikes\n|-enditem|p2a: Danseur|Grassy Seed\n|-boost|p2a: Danseur|def|1|[from] item: Grassy Seed\n|turn|5\n|\n|t:|1700262323\n|-terastallize|p2a: Danseur|Ground\n|move|p2a: Danseur|Tera Blast|p1a: Iron Moth|[anim] Tera Blast Ground\n|-supereffective|p1a: Iron Moth\n|-damage|p1a: Iron Moth|0 fnt\n|faint|p1a: Iron Moth\n|-end|p1a: Iron Moth|Quark Drive|[silent]\n|\n|-heal|p2a: Danseur|94\/100|[from] Grassy Terrain\n|upkeep\n|\n|t:|1700262330\n|switch|p1a: Rillaboom|Rillaboom, F|100\/100\n|turn|6\n|\n|t:|1700262336\n|move|p1a: Rillaboom|Grassy Glide|p2a: Danseur\n|-supereffective|p2a: Danseur\n|-damage|p2a: Danseur|2\/100\n|move|p2a: Danseur|Dire Claw|p1a: Rillaboom\n|-supereffective|p1a: Rillaboom\n|-damage|p1a: Rillaboom|13\/100\n|\n|-heal|p2a: Danseur|8\/100|[from] Grassy Terrain\n|-heal|p1a: Rillaboom|19\/100|[from] Grassy Terrain\n|upkeep\n|turn|7\n|\n|t:|1700262350\n|move|p1a: Rillaboom|Grassy Glide|p2a: Danseur\n|-supereffective|p2a: Danseur\n|-damage|p2a: Danseur|0 fnt\n|faint|p2a: Danseur\n|\n|-heal|p1a: Rillaboom|25\/100|[from] Grassy Terrain\n|upkeep\n|\n|t:|1700262372\n|switch|p2a: \u00c9clair|Wyrdeer, F|100\/100\n|-damage|p2a: \u00c9clair|88\/100|[from] Spikes\n|-ability|p2a: \u00c9clair|Intimidate|boost\n|-unboost|p1a: Rillaboom|atk|1\n|-enditem|p2a: \u00c9clair|Grassy Seed\n|-boost|p2a: \u00c9clair|def|1|[from] item: Grassy Seed\n|turn|8\n|\n|t:|1700262393\n|switch|p1a: Hatterene|Hatterene, F|100\/100\n|move|p2a: \u00c9clair|Agility|p2a: \u00c9clair\n|-boost|p2a: \u00c9clair|spe|2\n|\n|-heal|p2a: \u00c9clair|94\/100|[from] Grassy Terrain\n|-fieldend|move: Grassy Terrain\n|upkeep\n|turn|9\n|\n|t:|1700262411\n|move|p2a: \u00c9clair|Calm Mind|p2a: \u00c9clair\n|-boost|p2a: \u00c9clair|spa|1\n|-boost|p2a: \u00c9clair|spd|1\n|move|p1a: Hatterene|Nuzzle|p2a: \u00c9clair\n|-damage|p2a: \u00c9clair|91\/100\n|-status|p2a: \u00c9clair|par\n|\n|upkeep\n|turn|10\n|\n|t:|1700262429\n|move|p2a: \u00c9clair|Agility|p2a: \u00c9clair\n|-boost|p2a: \u00c9clair|spe|2\n|move|p1a: Hatterene|Calm Mind|p1a: Hatterene\n|-boost|p1a: Hatterene|spa|1\n|-boost|p1a: Hatterene|spd|1\n|\n|upkeep\n|turn|11\n|\n|t:|1700262441\n|move|p2a: \u00c9clair|Calm Mind|p2a: \u00c9clair\n|-boost|p2a: \u00c9clair|spa|1\n|-boost|p2a: \u00c9clair|spd|1\n|move|p1a: Hatterene|Calm Mind|p1a: Hatterene\n|-boost|p1a: Hatterene|spa|1\n|-boost|p1a: Hatterene|spd|1\n|\n|upkeep\n|turn|12\n|\n|t:|1700262447\n|move|p2a: \u00c9clair|Calm Mind|p2a: \u00c9clair\n|-boost|p2a: \u00c9clair|spa|1\n|-boost|p2a: \u00c9clair|spd|1\n|move|p1a: Hatterene|Calm Mind|p1a: Hatterene\n|-boost|p1a: Hatterene|spa|1\n|-boost|p1a: Hatterene|spd|1\n|\n|upkeep\n|turn|13\n|\n|t:|1700262453\n|move|p2a: \u00c9clair|Agility|p2a: \u00c9clair\n|-boost|p2a: \u00c9clair|spe|2\n|move|p1a: Hatterene|Calm Mind|p1a: Hatterene\n|-boost|p1a: Hatterene|spa|1\n|-boost|p1a: Hatterene|spd|1\n|\n|upkeep\n|turn|14\n|\n|t:|1700262466\n|move|p2a: \u00c9clair|Calm Mind|p2a: \u00c9clair\n|-boost|p2a: \u00c9clair|spa|1\n|-boost|p2a: \u00c9clair|spd|1\n|move|p1a: Hatterene|Calm Mind|p1a: Hatterene\n|-boost|p1a: Hatterene|spa|1\n|-boost|p1a: Hatterene|spd|1\n|\n|upkeep\n|turn|15\n|\n|t:|1700262475\n|move|p2a: \u00c9clair|Calm Mind|p2a: \u00c9clair\n|-boost|p2a: \u00c9clair|spa|1\n|-boost|p2a: \u00c9clair|spd|1\n|move|p1a: Hatterene|Stored Power|p2a: \u00c9clair\n|-resisted|p2a: \u00c9clair\n|-damage|p2a: \u00c9clair|35\/100 par\n|\n|upkeep\n|turn|16\n|\n|t:|1700262481\n|move|p2a: \u00c9clair|Stored Power|p1a: Hatterene\n|-resisted|p1a: Hatterene\n|-damage|p1a: Hatterene|26\/100\n|move|p1a: Hatterene|Draining Kiss|p2a: \u00c9clair\n|-damage|p2a: \u00c9clair|11\/100 par\n|-heal|p1a: Hatterene|49\/100|[from] drain|[of] p2a: \u00c9clair\n|\n|-heal|p1a: Hatterene|55\/100|[from] item: Leftovers\n|upkeep\n|turn|17\n|\n|t:|1700262490\n|move|p2a: \u00c9clair|Stored Power|p1a: Hatterene\n|-resisted|p1a: Hatterene\n|-damage|p1a: Hatterene|0 fnt\n|faint|p1a: Hatterene\n|\n|upkeep\n|\n|t:|1700262497\n|switch|p1a: Rillaboom|Rillaboom, F|25\/100\n|-fieldstart|move: Grassy Terrain|[from] ability: Grassy Surge|[of] p1a: Rillaboom\n|turn|18\n|\n|t:|1700262501\n|move|p1a: Rillaboom|Grassy Glide|p2a: \u00c9clair\n|-damage|p2a: \u00c9clair|0 fnt\n|faint|p2a: \u00c9clair\n|\n|-heal|p1a: Rillaboom|32\/100|[from] Grassy Terrain\n|upkeep\n|\n|t:|1700262507\n|switch|p2a: Com\u00e8te|Rillaboom, F|68\/100\n|-damage|p2a: Com\u00e8te|56\/100|[from] Spikes\n|turn|19\n|\n|t:|1700262512\n|move|p1a: Rillaboom|U-turn|p2a: Com\u00e8te\n|-supereffective|p2a: Com\u00e8te\n|-damage|p2a: Com\u00e8te|9\/100\n|\n|t:|1700262516\n|switch|p1a: Sneasler|Sneasler, M|100\/100|[from] U-turn\n|-enditem|p1a: Sneasler|Grassy Seed\n|-boost|p1a: Sneasler|def|1|[from] item: Grassy Seed\n|move|p2a: Com\u00e8te|U-turn|p1a: Sneasler\n|-resisted|p1a: Sneasler\n|-damage|p1a: Sneasler|93\/100\n|\n|t:|1700262525\n|switch|p2a: Fringant|Hatterene, F|100\/100|[from] U-turn\n|-damage|p2a: Fringant|88\/100|[from] Spikes\n|-enditem|p2a: Fringant|Grassy Seed\n|-boost|p2a: Fringant|def|1|[from] item: Grassy Seed\n|\n|-heal|p1a: Sneasler|99\/100|[from] Grassy Terrain\n|-heal|p2a: Fringant|94\/100|[from] Grassy Terrain\n|upkeep\n|turn|20\n|\n|t:|1700262543\n|-terastallize|p1a: Sneasler|Dark\n|move|p1a: Sneasler|Dire Claw|p2a: Fringant\n|-supereffective|p2a: Fringant\n|-damage|p2a: Fringant|43\/100\n|move|p2a: Fringant|Psyshock|p1a: Sneasler\n|-immune|p1a: Sneasler\n|\n|-heal|p1a: Sneasler|100\/100|[from] Grassy Terrain\n|-heal|p2a: Fringant|49\/100|[from] Grassy Terrain\n|upkeep\n|turn|21\n|\n|t:|1700262554\n|switch|p2a: Furie|Kingambit, F|100\/100\n|-damage|p2a: Furie|88\/100|[from] Spikes\n|-activate|p2a: Furie|ability: Supreme Overlord\n|-start|p2a: Furie|fallen3|[silent]\n|move|p1a: Sneasler|Shadow Claw|p2a: Furie\n|-resisted|p2a: Furie\n|-damage|p2a: Furie|77\/100\n|\n|-heal|p2a: Furie|83\/100|[from] Grassy Terrain\n|upkeep\n|turn|22\n|\n|t:|1700262565\n|move|p1a: Sneasler|Close Combat|p2a: Furie\n|-supereffective|p2a: Furie\n|-damage|p2a: Furie|0 fnt\n|-unboost|p1a: Sneasler|def|1\n|-unboost|p1a: Sneasler|spd|1\n|faint|p2a: Furie\n|-end|p2a: Furie|fallen3|[silent]\n|\n|upkeep\n|-message|JungkoLutece forfeited.\n|\n|win|CheesyBrie\n|raw|CheesyBrie's rating: 1330 &rarr; <strong>1350<\/strong><br \/>(+20 for winning)\n|raw|JungkoLutece's rating: 1322 &rarr; <strong>1302<\/strong><br \/>(-20 for losing)\n|l|\u2606JungkoLutece\n","uploadtime":1700262579,"views":12,"p1id":"cheesybrie","p2id":"jungkolutece","formatid":"gen9ou","rating":1302,"private":0,"password":""}