{"id":"gen9ou-1996617923","p1":"GlizzyGoblerr","p2":"Joplingnerts","format":"[Gen 9] OU","log":"|j|\u2606GlizzyGoblerr\n|j|\u2606Joplingnerts\n|t:|1700701206\n|gametype|singles\n|player|p1|GlizzyGoblerr|preschooler|1328\n|player|p2|Joplingnerts|102|1268\n|teamsize|p1|6\n|teamsize|p2|6\n|gen|9\n|tier|[Gen 9] OU\n|rated|\n|rule|Sleep Clause Mod: Limit one foe put to sleep\n|rule|Species Clause: Limit one of each Pok\u00e9mon\n|rule|OHKO Clause: OHKO moves are banned\n|rule|Evasion Items Clause: Evasion items are banned\n|rule|Evasion Moves Clause: Evasion moves are banned\n|rule|Endless Battle Clause: Forcing endless battles is banned\n|rule|HP Percentage Mod: HP is shown in percentages\n|clearpoke\n|poke|p1|Greninja-*, M|\n|poke|p1|Zamazenta-*|\n|poke|p1|Heatran, M|\n|poke|p1|Ogerpon-Wellspring, F|\n|poke|p1|Sandy Shocks|\n|poke|p1|Gholdengo|\n|poke|p2|Glimmora, F|\n|poke|p2|Garganacl, M|\n|poke|p2|Clodsire, F|\n|poke|p2|Gengar, M|\n|poke|p2|Toxapex, M|\n|poke|p2|Clefable, F|\n|teampreview\n|inactive|Battle timer is ON: inactive players will automatically lose when time's up. (requested by Joplingnerts)\n|\n|t:|1700701222\n|start\n|switch|p1a: Sandy Shocks|Sandy Shocks|100\/100\n|switch|p2a: Glimmora|Glimmora, F, shiny|100\/100\n|turn|1\n|\n|t:|1700701241\n|move|p1a: Sandy Shocks|Earth Power|p2a: Glimmora\n|-supereffective|p2a: Glimmora\n|-crit|p2a: Glimmora\n|-enditem|p2a: Glimmora|Focus Sash\n|-damage|p2a: Glimmora|1\/100\n|move|p2a: Glimmora|Toxic|p1a: Sandy Shocks\n|-status|p1a: Sandy Shocks|tox\n|\n|-damage|p1a: Sandy Shocks|94\/100 tox|[from] psn\n|upkeep\n|turn|2\n|\n|t:|1700701251\n|move|p2a: Glimmora|Spiky Shield|p2a: Glimmora\n|-singleturn|p2a: Glimmora|move: Protect\n|move|p1a: Sandy Shocks|Earth Power|p2a: Glimmora\n|-activate|p2a: Glimmora|move: Protect\n|\n|-damage|p1a: Sandy Shocks|82\/100 tox|[from] psn\n|upkeep\n|turn|3\n|\n|t:|1700701261\n|switch|p2a: Clefable|Clefable, F|100\/100\n|move|p1a: Sandy Shocks|Earth Power|p2a: Clefable\n|-damage|p2a: Clefable|71\/100\n|\n|-heal|p2a: Clefable|77\/100|[from] item: Leftovers\n|-damage|p1a: Sandy Shocks|64\/100 tox|[from] psn\n|upkeep\n|turn|4\n|\n|t:|1700701277\n|-end|p1a: Sandy Shocks|Protosynthesis|[silent]\n|switch|p1a: Ogerpon|Ogerpon-Wellspring, F|100\/100\n|move|p2a: Clefable|Light Screen|p2a: Clefable\n|-sidestart|p2: Joplingnerts|move: Light Screen\n|\n|-heal|p2a: Clefable|83\/100|[from] item: Leftovers\n|upkeep\n|turn|5\n|\n|t:|1700701289\n|switch|p2a: toxapeckpex|Toxapex, M, shiny|100\/100\n|move|p1a: Ogerpon|Spikes|p2a: toxapeckpex\n|-sidestart|p2: Joplingnerts|Spikes\n|\n|upkeep\n|turn|6\n|\n|t:|1700701298\n|move|p1a: Ogerpon|Spiky Shield|p1a: Ogerpon\n|-singleturn|p1a: Ogerpon|move: Protect\n|move|p2a: toxapeckpex|Toxic|p1a: Ogerpon\n|-activate|p1a: Ogerpon|move: Protect\n|\n|upkeep\n|turn|7\n|\n|t:|1700701305\n|switch|p1a: Sandy Shocks|Sandy Shocks|64\/100 tox\n|move|p2a: toxapeckpex|Infestation|p1a: Sandy Shocks\n|-damage|p1a: Sandy Shocks|62\/100 tox\n|-activate|p1a: Sandy Shocks|move: Infestation|[of] p2a: toxapeckpex\n|\n|-damage|p1a: Sandy Shocks|55\/100 tox|[from] psn\n|-damage|p1a: Sandy Shocks|43\/100 tox|[from] move: Infestation|[partiallytrapped]\n|upkeep\n|turn|8\n|\n|t:|1700701315\n|move|p2a: toxapeckpex|Baneful Bunker|p2a: toxapeckpex\n|-singleturn|p2a: toxapeckpex|move: Protect\n|move|p1a: Sandy Shocks|Volt Switch|p2a: toxapeckpex\n|-activate|p2a: toxapeckpex|move: Protect\n|\n|-damage|p1a: Sandy Shocks|31\/100 tox|[from] psn\n|-damage|p1a: Sandy Shocks|19\/100 tox|[from] move: Infestation|[partiallytrapped]\n|-sideend|p2: Joplingnerts|move: Light Screen\n|upkeep\n|turn|9\n|\n|t:|1700701331\n|switch|p2a: clodd|Clodsire, F, shiny|100\/100\n|-damage|p2a: clodd|88\/100|[from] Spikes\n|move|p1a: Sandy Shocks|Volt Switch|p2a: clodd\n|-immune|p2a: clodd\n|\n|-heal|p2a: clodd|94\/100|[from] item: Black Sludge\n|-damage|p1a: Sandy Shocks|0 fnt|[from] psn\n|faint|p1a: Sandy Shocks\n|-end|p1a: Sandy Shocks|Protosynthesis|[silent]\n|upkeep\n|\n|t:|1700701348\n|switch|p1a: Zamazenta|Zamazenta|100\/100\n|-ability|p1a: Zamazenta|Dauntless Shield|boost\n|-boost|p1a: Zamazenta|def|1\n|turn|10\n|\n|t:|1700701353\n|move|p1a: Zamazenta|Substitute|p1a: Zamazenta\n|-start|p1a: Zamazenta|Substitute\n|-damage|p1a: Zamazenta|76\/100\n|move|p2a: clodd|Toxic||[still]\n|-fail|p2a: clodd\n|\n|-heal|p1a: Zamazenta|82\/100|[from] item: Leftovers\n|-heal|p2a: clodd|100\/100|[from] item: Black Sludge\n|upkeep\n|turn|11\n|\n|t:|1700701358\n|move|p1a: Zamazenta|Iron Defense|p1a: Zamazenta\n|-boost|p1a: Zamazenta|def|2\n|move|p2a: clodd|Haze|p2a: clodd\n|-clearallboost\n|\n|-heal|p1a: Zamazenta|88\/100|[from] item: Leftovers\n|upkeep\n|turn|12\n|\n|t:|1700701381\n|move|p1a: Zamazenta|Iron Defense|p1a: Zamazenta\n|-boost|p1a: Zamazenta|def|2\n|move|p2a: clodd|Haze|p2a: clodd\n|-clearallboost\n|\n|-heal|p1a: Zamazenta|94\/100|[from] item: Leftovers\n|upkeep\n|turn|13\n|\n|t:|1700701390\n|move|p1a: Zamazenta|Body Press|p2a: clodd\n|-resisted|p2a: clodd\n|-damage|p2a: clodd|90\/100\n|move|p2a: clodd|Haze|p2a: clodd\n|-clearallboost\n|\n|-heal|p1a: Zamazenta|100\/100|[from] item: Leftovers\n|-heal|p2a: clodd|96\/100|[from] item: Black Sludge\n|upkeep\n|turn|14\n|\n|t:|1700701403\n|move|p1a: Zamazenta|Iron Defense|p1a: Zamazenta\n|-boost|p1a: Zamazenta|def|2\n|move|p2a: clodd|Haze|p2a: clodd\n|-clearallboost\n|\n|-heal|p2a: clodd|100\/100|[from] item: Black Sludge\n|upkeep\n|turn|15\n|\n|t:|1700701413\n|move|p1a: Zamazenta|Iron Defense|p1a: Zamazenta\n|-boost|p1a: Zamazenta|def|2\n|move|p2a: clodd|Haze|p2a: clodd\n|-clearallboost\n|\n|upkeep\n|turn|16\n|inactive|GlizzyGoblerr has 120 seconds left.\n|inactive|Joplingnerts has 120 seconds left.\n|\n|t:|1700701454\n|move|p1a: Zamazenta|Body Press|p2a: clodd\n|-resisted|p2a: clodd\n|-damage|p2a: clodd|89\/100\n|move|p2a: clodd|Haze|p2a: clodd\n|-clearallboost\n|\n|-heal|p2a: clodd|95\/100|[from] item: Black Sludge\n|upkeep\n|turn|17\n|inactive|Joplingnerts has 120 seconds left.\n|\n|t:|1700701471\n|move|p1a: Zamazenta|Iron Defense|p1a: Zamazenta\n|-boost|p1a: Zamazenta|def|2\n|move|p2a: clodd|Haze|p2a: clodd\n|-clearallboost\n|\n|-heal|p2a: clodd|100\/100|[from] item: Black Sludge\n|upkeep\n|turn|18\n|inactive|Joplingnerts has 120 seconds left.\n|\n|t:|1700701493\n|switch|p1a: Gholdengo|Gholdengo|100\/100\n|move|p2a: clodd|Haze|p2a: clodd\n|-clearallboost\n|\n|upkeep\n|turn|19\n|inactive|Joplingnerts has 120 seconds left.\n|\n|t:|1700701504\n|switch|p2a: Clefable|Clefable, F|83\/100\n|-damage|p2a: Clefable|71\/100|[from] Spikes\n|move|p1a: Gholdengo|Psychic|p2a: Clefable\n|-damage|p2a: Clefable|49\/100\n|\n|-heal|p2a: Clefable|55\/100|[from] item: Leftovers\n|upkeep\n|turn|20\n|\n|t:|1700701518\n|switch|p1a: Ogerpon|Ogerpon-Wellspring, F|100\/100\n|move|p2a: Clefable|Light Screen|p2a: Clefable\n|-sidestart|p2: Joplingnerts|move: Light Screen\n|\n|-heal|p2a: Clefable|61\/100|[from] item: Leftovers\n|upkeep\n|turn|21\n|\n|t:|1700701528\n|move|p1a: Ogerpon|Spikes|p2a: Clefable\n|-sidestart|p2: Joplingnerts|Spikes\n|move|p2a: Clefable|Wish|p2a: Clefable\n|\n|-heal|p2a: Clefable|68\/100|[from] item: Leftovers\n|upkeep\n|turn|22\n|inactive|GlizzyGoblerr has 120 seconds left.\n|\n|t:|1700701537\n|move|p1a: Ogerpon|Spikes|p2a: Clefable\n|-sidestart|p2: Joplingnerts|Spikes\n|move|p2a: Clefable|Stealth Rock|p1a: Ogerpon\n|-sidestart|p1: GlizzyGoblerr|move: Stealth Rock\n|\n|-heal|p2a: Clefable|100\/100|[from] move: Wish|[wisher] Clefable\n|upkeep\n|turn|23\n|\n|t:|1700701546\n|move|p1a: Ogerpon|Ivy Cudgel|p2a: Clefable|[anim] Ivy Cudgel Water\n|-damage|p2a: Clefable|43\/100\n|move|p2a: Clefable|Wish|p2a: Clefable\n|\n|-heal|p2a: Clefable|49\/100|[from] item: Leftovers\n|upkeep\n|turn|24\n|\n|t:|1700701566\n|switch|p2a: toxapeckpex|Toxapex, M, shiny|100\/100\n|-damage|p2a: toxapeckpex|75\/100|[from] Spikes\n|move|p1a: Ogerpon|Ivy Cudgel|p2a: toxapeckpex|[anim] Ivy Cudgel Water\n|-resisted|p2a: toxapeckpex\n|-damage|p2a: toxapeckpex|61\/100\n|\n|-heal|p2a: toxapeckpex|100\/100|[from] move: Wish|[wisher] Clefable\n|-sideend|p2: Joplingnerts|move: Light Screen\n|upkeep\n|turn|25\n|inactive|GlizzyGoblerr has 120 seconds left.\n|\n|t:|1700701591\n|switch|p1a: Gholdengo|Gholdengo|100\/100\n|-damage|p1a: Gholdengo|94\/100|[from] Stealth Rock\n|move|p2a: toxapeckpex|Infestation|p1a: Gholdengo\n|-resisted|p1a: Gholdengo\n|-damage|p1a: Gholdengo|94\/100\n|-activate|p1a: Gholdengo|move: Infestation|[of] p2a: toxapeckpex\n|\n|-damage|p1a: Gholdengo|81\/100|[from] move: Infestation|[partiallytrapped]\n|upkeep\n|turn|26\n|\n|t:|1700701606\n|move|p1a: Gholdengo|Psychic|p2a: toxapeckpex\n|-supereffective|p2a: toxapeckpex\n|-damage|p2a: toxapeckpex|47\/100\n|move|p2a: toxapeckpex|Recover|p2a: toxapeckpex\n|-heal|p2a: toxapeckpex|97\/100\n|\n|-heal|p2a: toxapeckpex|100\/100|[from] item: Black Sludge\n|-damage|p1a: Gholdengo|69\/100|[from] move: Infestation|[partiallytrapped]\n|upkeep\n|turn|27\n|\n|t:|1700701615\n|move|p2a: toxapeckpex|Baneful Bunker|p2a: toxapeckpex\n|-singleturn|p2a: toxapeckpex|move: Protect\n|move|p1a: Gholdengo|Psychic|p2a: toxapeckpex\n|-activate|p2a: toxapeckpex|move: Protect\n|\n|-damage|p1a: Gholdengo|57\/100|[from] move: Infestation|[partiallytrapped]\n|upkeep\n|turn|28\n|\n|t:|1700701624\n|move|p1a: Gholdengo|Psychic|p2a: toxapeckpex\n|-supereffective|p2a: toxapeckpex\n|-damage|p2a: toxapeckpex|48\/100\n|move|p2a: toxapeckpex|Recover|p2a: toxapeckpex\n|-heal|p2a: toxapeckpex|98\/100\n|\n|-heal|p2a: toxapeckpex|100\/100|[from] item: Black Sludge\n|-damage|p1a: Gholdengo|44\/100|[from] move: Infestation|[partiallytrapped]\n|upkeep\n|turn|29\n|\n|t:|1700701634\n|move|p2a: toxapeckpex|Baneful Bunker|p2a: toxapeckpex\n|-singleturn|p2a: toxapeckpex|move: Protect\n|move|p1a: Gholdengo|Psychic|p2a: toxapeckpex\n|-activate|p2a: toxapeckpex|move: Protect\n|\n|-damage|p1a: Gholdengo|32\/100|[from] move: Infestation|[partiallytrapped]\n|upkeep\n|turn|30\n|\n|t:|1700701643\n|move|p1a: Gholdengo|Psychic|p2a: toxapeckpex\n|-supereffective|p2a: toxapeckpex\n|-crit|p2a: toxapeckpex\n|-damage|p2a: toxapeckpex|19\/100\n|move|p2a: toxapeckpex|Recover|p2a: toxapeckpex\n|-heal|p2a: toxapeckpex|69\/100\n|\n|-heal|p2a: toxapeckpex|75\/100|[from] item: Black Sludge\n|-end|p1a: Gholdengo|Infestation|[partiallytrapped]\n|upkeep\n|turn|31\n|\n|t:|1700701658\n|move|p2a: toxapeckpex|Baneful Bunker|p2a: toxapeckpex\n|-singleturn|p2a: toxapeckpex|move: Protect\n|move|p1a: Gholdengo|Psychic|p2a: toxapeckpex\n|-activate|p2a: toxapeckpex|move: Protect\n|\n|-heal|p2a: toxapeckpex|81\/100|[from] item: Black Sludge\n|upkeep\n|turn|32\n|\n|t:|1700701666\n|move|p1a: Gholdengo|Psychic|p2a: toxapeckpex\n|-supereffective|p2a: toxapeckpex\n|-damage|p2a: toxapeckpex|29\/100\n|move|p2a: toxapeckpex|Infestation|p1a: Gholdengo\n|-resisted|p1a: Gholdengo\n|-damage|p1a: Gholdengo|31\/100\n|-activate|p1a: Gholdengo|move: Infestation|[of] p2a: toxapeckpex\n|\n|-heal|p2a: toxapeckpex|36\/100|[from] item: Black Sludge\n|-damage|p1a: Gholdengo|19\/100|[from] move: Infestation|[partiallytrapped]\n|upkeep\n|turn|33\n|\n|t:|1700701676\n|move|p2a: toxapeckpex|Baneful Bunker|p2a: toxapeckpex\n|-singleturn|p2a: toxapeckpex|move: Protect\n|move|p1a: Gholdengo|Psychic|p2a: toxapeckpex\n|-activate|p2a: toxapeckpex|move: Protect\n|\n|-heal|p2a: toxapeckpex|42\/100|[from] item: Black Sludge\n|-damage|p1a: Gholdengo|7\/100|[from] move: Infestation|[partiallytrapped]\n|upkeep\n|turn|34\n|\n|t:|1700701693\n|move|p2a: toxapeckpex|Baneful Bunker||[still]\n|-fail|p2a: toxapeckpex\n|move|p1a: Gholdengo|Psychic|p2a: toxapeckpex\n|-supereffective|p2a: toxapeckpex\n|-damage|p2a: toxapeckpex|0 fnt\n|faint|p2a: toxapeckpex\n|\n|-end|p1a: Gholdengo|Infestation|[partiallytrapped]|[silent]\n|upkeep\n|inactive|Joplingnerts has 120 seconds left.\n|\n|t:|1700701716\n|switch|p2a: gargacuncula|Garganacl, M, shiny|100\/100\n|-damage|p2a: gargacuncula|75\/100|[from] Spikes\n|turn|35\n|\n|t:|1700701724\n|-terastallize|p2a: gargacuncula|Flying\n|move|p1a: Gholdengo|Psychic|p2a: gargacuncula\n|-damage|p2a: gargacuncula|53\/100\n|move|p2a: gargacuncula|Salt Cure|p1a: Gholdengo\n|-resisted|p1a: Gholdengo\n|-damage|p1a: Gholdengo|0 fnt\n|faint|p1a: Gholdengo\n|\n|-heal|p2a: gargacuncula|59\/100|[from] item: Leftovers\n|upkeep\n|\n|t:|1700701736\n|switch|p1a: Greninja|Greninja, M|100\/100\n|-damage|p1a: Greninja|88\/100|[from] Stealth Rock\n|turn|36\n|\n|t:|1700701752\n|move|p2a: gargacuncula|Protect|p2a: gargacuncula\n|-singleturn|p2a: gargacuncula|Protect\n|move|p1a: Greninja|Ice Beam|p2a: gargacuncula\n|-start|p1a: Greninja|typechange|Ice|[from] ability: Protean\n|-activate|p2a: gargacuncula|move: Protect\n|\n|-heal|p2a: gargacuncula|65\/100|[from] item: Leftovers\n|upkeep\n|turn|37\n|\n|t:|1700701766\n|switch|p2a: Clefable|Clefable, F|49\/100\n|-damage|p2a: Clefable|24\/100|[from] Spikes\n|move|p1a: Greninja|Ice Beam|p2a: Clefable\n|-damage|p2a: Clefable|0 fnt\n|faint|p2a: Clefable\n|\n|upkeep\n|\n|t:|1700701777\n|switch|p2a: clodd|Clodsire, F, shiny|100\/100\n|-damage|p2a: clodd|75\/100|[from] Spikes\n|turn|38\n|\n|t:|1700701781\n|move|p1a: Greninja|Ice Beam|p2a: clodd\n|-supereffective|p2a: clodd\n|-damage|p2a: clodd|0 fnt\n|faint|p2a: clodd\n|\n|upkeep\n|\n|t:|1700701786\n|switch|p2a: gargacuncula|Garganacl, M, shiny, tera:Flying|65\/100\n|turn|39\n|\n|t:|1700701791\n|move|p1a: Greninja|Ice Beam|p2a: gargacuncula\n|-supereffective|p2a: gargacuncula\n|-damage|p2a: gargacuncula|0 fnt\n|faint|p2a: gargacuncula\n|\n|upkeep\n|-message|Joplingnerts forfeited.\n|\n|win|GlizzyGoblerr\n|raw|GlizzyGoblerr's rating: 1328 &rarr; <strong>1345<\/strong><br \/>(+17 for winning)\n|raw|Joplingnerts's rating: 1268 &rarr; <strong>1247<\/strong><br \/>(-21 for losing)\n|l|\u2606Joplingnerts\n|c|\u2606GlizzyGoblerr|gg ez\n","uploadtime":1700701802,"views":3,"p1id":"glizzygoblerr","p2id":"joplingnerts","formatid":"gen9ou","rating":1247,"private":0,"password":""}