{"id":"gen9ou-1996905565","p1":"Lardoh","p2":"Golden_Soul_076","format":"[Gen 9] OU","log":"|j|\u2606Lardoh\n|j|\u2606Golden_Soul_076\n|t:|1700743034\n|gametype|singles\n|player|p1|Lardoh|101|1510\n|player|p2|Golden_Soul_076|riley|1456\n|teamsize|p1|6\n|teamsize|p2|6\n|gen|9\n|tier|[Gen 9] OU\n|rated|\n|rule|Sleep Clause Mod: Limit one foe put to sleep\n|rule|Species Clause: Limit one of each Pok\u00e9mon\n|rule|OHKO Clause: OHKO moves are banned\n|rule|Evasion Items Clause: Evasion items are banned\n|rule|Evasion Moves Clause: Evasion moves are banned\n|rule|Endless Battle Clause: Forcing endless battles is banned\n|rule|HP Percentage Mod: HP is shown in percentages\n|clearpoke\n|poke|p1|Hatterene, F|\n|poke|p1|Maushold|\n|poke|p1|Torkoal, F|\n|poke|p1|Hoopa-Unbound|\n|poke|p1|Ursaluna, M|\n|poke|p1|Indeedee, M|\n|poke|p2|Gholdengo|\n|poke|p2|Iron Moth|\n|poke|p2|Landorus-Therian, M|\n|poke|p2|Kingambit, F|\n|poke|p2|Rillaboom, F|\n|poke|p2|Zapdos|\n|teampreview\n|inactive|Battle timer is ON: inactive players will automatically lose when time's up. (requested by Lardoh)\n|\n|t:|1700743048\n|start\n|switch|p1a: Young Shelldon|Torkoal, F|100\/100\n|switch|p2a: Zapdos|Zapdos|100\/100\n|-weather|SunnyDay|[from] ability: Drought|[of] p1a: Young Shelldon\n|turn|1\n|\n|t:|1700743059\n|move|p2a: Zapdos|Thunderbolt|p1a: Young Shelldon\n|-damage|p1a: Young Shelldon|36\/100\n|move|p1a: Young Shelldon|Earth Power|p2a: Zapdos\n|-immune|p2a: Zapdos\n|\n|-weather|SunnyDay|[upkeep]\n|upkeep\n|turn|2\n|\n|t:|1700743071\n|switch|p1a: Ursaluna|Ursaluna, M|100\/100\n|move|p2a: Zapdos|Volt Switch|p1a: Ursaluna\n|-immune|p1a: Ursaluna\n|\n|-weather|SunnyDay|[upkeep]\n|-status|p1a: Ursaluna|brn|[from] item: Flame Orb\n|upkeep\n|turn|3\n|\n|t:|1700743076\n|switch|p2a: Landorus|Landorus-Therian, M|100\/100\n|-ability|p2a: Landorus|Intimidate|boost\n|-unboost|p1a: Ursaluna|atk|1\n|move|p1a: Ursaluna|Crunch|p2a: Landorus\n|-damage|p2a: Landorus|59\/100\n|\n|-weather|SunnyDay|[upkeep]\n|-damage|p1a: Ursaluna|94\/100 brn|[from] brn\n|upkeep\n|turn|4\n|\n|t:|1700743082\n|move|p2a: Landorus|Grass Knot|p1a: Ursaluna\n|-supereffective|p1a: Ursaluna\n|-damage|p1a: Ursaluna|43\/100 brn\n|move|p1a: Ursaluna|Facade|p2a: Landorus\n|-damage|p2a: Landorus|0 fnt\n|faint|p2a: Landorus\n|\n|-weather|SunnyDay|[upkeep]\n|-damage|p1a: Ursaluna|37\/100 brn|[from] brn\n|upkeep\n|\n|t:|1700743086\n|switch|p2a: Rillaboom|Rillaboom, F|100\/100\n|-fieldstart|move: Grassy Terrain|[from] ability: Grassy Surge|[of] p2a: Rillaboom\n|turn|5\n|\n|t:|1700743092\n|switch|p1a: Indeedee|Indeedee, M|100\/100\n|-fieldstart|move: Psychic Terrain|[from] ability: Psychic Surge|[of] p1a: Indeedee\n|move|p2a: Rillaboom|Grassy Glide|p1a: Indeedee\n|-damage|p1a: Indeedee|35\/100\n|\n|-weather|none\n|upkeep\n|turn|6\n|\n|t:|1700743104\n|move|p2a: Rillaboom|Knock Off|p1a: Indeedee\n|-supereffective|p1a: Indeedee\n|-damage|p1a: Indeedee|0 fnt\n|-enditem|p1a: Indeedee|Focus Sash|[from] move: Knock Off|[of] p2a: Rillaboom\n|faint|p1a: Indeedee\n|\n|upkeep\n|\n|t:|1700743108\n|switch|p1a: FamWenSheldonIsOn|Maushold, shiny|100\/100\n|turn|7\n|\n|t:|1700743124\n|move|p1a: FamWenSheldonIsOn|Bite|p2a: Rillaboom\n|-damage|p2a: Rillaboom|79\/100\n|cant|p2a: Rillaboom|flinch\n|\n|upkeep\n|turn|8\n|\n|t:|1700743129\n|move|p1a: FamWenSheldonIsOn|Bite|p2a: Rillaboom\n|-damage|p2a: Rillaboom|59\/100\n|move|p2a: Rillaboom|Drain Punch|p1a: FamWenSheldonIsOn\n|-supereffective|p1a: FamWenSheldonIsOn\n|-crit|p1a: FamWenSheldonIsOn\n|-damage|p1a: FamWenSheldonIsOn|0 fnt\n|-heal|p2a: Rillaboom|96\/100|[from] drain|[of] p1a: FamWenSheldonIsOn\n|faint|p1a: FamWenSheldonIsOn\n|\n|upkeep\n|-message|Lardoh forfeited.\n|\n|win|Golden_Soul_076\n|raw|Lardoh's rating: 1510 &rarr; <strong>1487<\/strong><br \/>(-23 for losing)\n|raw|Golden_Soul_076's rating: 1456 &rarr; <strong>1479<\/strong><br \/>(+23 for winning)\n|l|\u2606Lardoh\n|l|\u2606Golden_Soul_076\n","uploadtime":1700743252,"views":10,"p1id":"lardoh","p2id":"goldensoul076","formatid":"gen9ou","rating":1479,"private":0,"password":""}