{"id":"gen9ou-1999990373","p1":"Tonyster","p2":"Charmalane","format":"[Gen 9] OU","log":"|j|\u2606Tonyster\n|j|\u2606Charmalane\n|t:|1701138387\n|gametype|singles\n|player|p1|Tonyster|1|1649\n|player|p2|Charmalane|brawly|1659\n|teamsize|p1|6\n|teamsize|p2|6\n|gen|9\n|tier|[Gen 9] OU\n|rated|\n|rule|Sleep Clause Mod: Limit one foe put to sleep\n|rule|Species Clause: Limit one of each Pok\u00e9mon\n|rule|OHKO Clause: OHKO moves are banned\n|rule|Evasion Items Clause: Evasion items are banned\n|rule|Evasion Moves Clause: Evasion moves are banned\n|rule|Endless Battle Clause: Forcing endless battles is banned\n|rule|HP Percentage Mod: HP is shown in percentages\n|clearpoke\n|poke|p1|Kingambit, M|\n|poke|p1|Ditto|\n|poke|p1|Skeledirge, F|\n|poke|p1|Rotom-Wash|\n|poke|p1|Azumarill, F|\n|poke|p1|Iron Valiant|\n|poke|p2|Pelipper, M|\n|poke|p2|Barraskewda, M|\n|poke|p2|Zapdos|\n|poke|p2|Kingambit, M|\n|poke|p2|Iron Treads|\n|poke|p2|Slowking-Galar, M|\n|teampreview\n|inactive|Battle timer is ON: inactive players will automatically lose when time's up. (requested by Tonyster)\n|\n|t:|1701138407\n|start\n|switch|p1a: Rotom|Rotom-Wash, shiny|100\/100\n|switch|p2a: Phoenix|Pelipper, M|100\/100\n|-weather|RainDance|[from] ability: Drizzle|[of] p2a: Phoenix\n|turn|1\n|\n|t:|1701138413\n|switch|p2a: Nautilus|Slowking-Galar, M|100\/100\n|move|p1a: Rotom|Nasty Plot|p1a: Rotom\n|-boost|p1a: Rotom|spa|2\n|\n|-weather|RainDance|[upkeep]\n|upkeep\n|turn|2\n|\n|t:|1701138419\n|move|p1a: Rotom|Dark Pulse|p2a: Nautilus\n|-supereffective|p2a: Nautilus\n|-damage|p2a: Nautilus|54\/100\n|move|p2a: Nautilus|Sludge Bomb|p1a: Rotom\n|-damage|p1a: Rotom|62\/100\n|\n|-weather|RainDance|[upkeep]\n|-heal|p1a: Rotom|68\/100|[from] item: Leftovers\n|upkeep\n|turn|3\n|\n|t:|1701138428\n|move|p1a: Rotom|Discharge|p2a: Nautilus\n|-damage|p2a: Nautilus|21\/100\n|-status|p2a: Nautilus|par\n|move|p2a: Nautilus|Sludge Bomb|p1a: Rotom\n|-damage|p1a: Rotom|31\/100\n|\n|-weather|RainDance|[upkeep]\n|-heal|p1a: Rotom|38\/100|[from] item: Leftovers\n|upkeep\n|turn|4\n|\n|t:|1701138435\n|switch|p2a: Androidon|Iron Treads|100\/100\n|move|p1a: Rotom|Dark Pulse|p2a: Androidon\n|-damage|p2a: Androidon|41\/100\n|\n|-weather|RainDance|[upkeep]\n|-heal|p2a: Androidon|47\/100|[from] item: Leftovers\n|-heal|p1a: Rotom|44\/100|[from] item: Leftovers\n|upkeep\n|turn|5\n|\n|t:|1701138449\n|move|p2a: Androidon|Stealth Rock|p1a: Rotom\n|-sidestart|p1: Tonyster|move: Stealth Rock\n|move|p1a: Rotom|Dark Pulse|p2a: Androidon\n|-damage|p2a: Androidon|0 fnt\n|faint|p2a: Androidon\n|-end|p2a: Androidon|Quark Drive|[silent]\n|\n|-weather|RainDance|[upkeep]\n|-heal|p1a: Rotom|50\/100|[from] item: Leftovers\n|upkeep\n|\n|t:|1701138453\n|switch|p2a: Chocobo|Zapdos|100\/100\n|turn|6\n|\n|t:|1701138462\n|move|p2a: Chocobo|Thunder|p1a: Rotom\n|-damage|p1a: Rotom|0 fnt\n|faint|p1a: Rotom\n|\n|-weather|RainDance|[upkeep]\n|upkeep\n|\n|t:|1701138466\n|switch|p1a: Azumarill|Azumarill, F, shiny|100\/100\n|-damage|p1a: Azumarill|88\/100|[from] Stealth Rock\n|turn|7\n|\n|t:|1701138476\n|-terastallize|p2a: Chocobo|Flying\n|-terastallize|p1a: Azumarill|Ground\n|move|p2a: Chocobo|Hurricane|p1a: Azumarill\n|-damage|p1a: Azumarill|8\/100\n|-start|p1a: Azumarill|confusion\n|-enditem|p1a: Azumarill|Sitrus Berry|[eat]\n|-heal|p1a: Azumarill|33\/100|[from] item: Sitrus Berry\n|-activate|p1a: Azumarill|confusion\n|move|p1a: Azumarill|Belly Drum||[still]\n|-fail|p1a: Azumarill\n|\n|-weather|RainDance|[upkeep]\n|upkeep\n|turn|8\n|\n|t:|1701138500\n|switch|p1a: Ditto|Ditto, shiny|100\/100\n|-damage|p1a: Ditto|88\/100|[from] Stealth Rock\n|-transform|p1a: Ditto|p2a: Chocobo|[from] ability: Imposter\n|move|p2a: Chocobo|Weather Ball|p1a: Ditto\n|-damage|p1a: Ditto|23\/100\n|\n|-weather|none\n|upkeep\n|-start|p1a: Ditto|typechange|Electric\/Flying|[silent]\n|turn|9\n|\n|t:|1701138520\n|switch|p2a: Nautilus|Slowking-Galar, M|55\/100 par\n|move|p1a: Ditto|Roost|p1a: Ditto\n|-heal|p1a: Ditto|73\/100\n|-singleturn|p1a: Ditto|move: Roost\n|\n|upkeep\n|turn|10\n|inactive|Tonyster has 120 seconds left.\n|\n|t:|1701138562\n|switch|p1a: Iron Valiant|Iron Valiant, shiny|100\/100\n|-damage|p1a: Iron Valiant|94\/100|[from] Stealth Rock\n|-enditem|p1a: Iron Valiant|Booster Energy\n|-activate|p1a: Iron Valiant|ability: Quark Drive|[fromitem]\n|-start|p1a: Iron Valiant|quarkdrivespe\n|move|p2a: Nautilus|Ice Beam|p1a: Iron Valiant\n|-damage|p1a: Iron Valiant|45\/100\n|\n|upkeep\n|turn|11\n|inactive|Tonyster has 90 seconds left.\n|\n|t:|1701138587\n|move|p1a: Iron Valiant|Knock Off|p2a: Nautilus\n|-supereffective|p2a: Nautilus\n|-damage|p2a: Nautilus|0 fnt\n|-enditem|p2a: Nautilus|Assault Vest|[from] move: Knock Off|[of] p1a: Iron Valiant\n|faint|p2a: Nautilus\n|\n|upkeep\n|\n|t:|1701138598\n|switch|p2a: Phoenix|Pelipper, M|100\/100\n|-weather|RainDance|[from] ability: Drizzle|[of] p2a: Phoenix\n|turn|12\n|inactive|Charmalane has 120 seconds left.\n|\n|t:|1701138631\n|move|p1a: Iron Valiant|Knock Off|p2a: Phoenix\n|-damage|p2a: Phoenix|75\/100\n|-enditem|p2a: Phoenix|Damp Rock|[from] move: Knock Off|[of] p1a: Iron Valiant\n|move|p2a: Phoenix|Surf|p1a: Iron Valiant\n|-damage|p1a: Iron Valiant|0 fnt\n|faint|p1a: Iron Valiant\n|-end|p1a: Iron Valiant|Quark Drive|[silent]\n|\n|-weather|RainDance|[upkeep]\n|upkeep\n|\n|t:|1701138643\n|switch|p1a: Ditto|Ditto, shiny|73\/100\n|-damage|p1a: Ditto|61\/100|[from] Stealth Rock\n|-transform|p1a: Ditto|p2a: Phoenix|[from] ability: Imposter\n|turn|13\n|inactive|Charmalane has 120 seconds left.\n|\n|t:|1701138670\n|move|p1a: Ditto|Hurricane|p2a: Phoenix\n|-damage|p2a: Phoenix|22\/100\n|move|p2a: Phoenix|U-turn|p1a: Ditto\n|-resisted|p1a: Ditto\n|-damage|p1a: Ditto|57\/100\n|\n|t:|1701138675\n|switch|p2a: Chocobo|Zapdos, tera:Flying|100\/100|[from] U-turn\n|\n|-weather|RainDance|[upkeep]\n|upkeep\n|turn|14\n|\n|t:|1701138682\n|switch|p1a: Azumarill|Azumarill, F, shiny, tera:Ground|33\/100\n|-damage|p1a: Azumarill|27\/100|[from] Stealth Rock\n|move|p2a: Chocobo|Hurricane|p1a: Azumarill\n|-damage|p1a: Azumarill|0 fnt\n|faint|p1a: Azumarill\n|\n|-weather|RainDance|[upkeep]\n|upkeep\n|\n|t:|1701138695\n|switch|p1a: Ditto|Ditto, shiny|57\/100\n|-damage|p1a: Ditto|45\/100|[from] Stealth Rock\n|-transform|p1a: Ditto|p2a: Chocobo|[from] ability: Imposter\n|turn|15\n|inactive|Charmalane has 120 seconds left.\n|\n|t:|1701138717\n|move|p2a: Chocobo|Thunder|p1a: Ditto\n|-damage|p1a: Ditto|0 fnt\n|faint|p1a: Ditto\n|\n|-weather|RainDance|[upkeep]\n|upkeep\n|inactive|Tonyster has 120 seconds left.\n|\n|t:|1701138742\n|switch|p1a: Skeledirge|Skeledirge, F, shiny|100\/100\n|turn|16\n|\n|t:|1701138756\n|move|p2a: Chocobo|Weather Ball|p1a: Skeledirge\n|-supereffective|p1a: Skeledirge\n|-damage|p1a: Skeledirge|0 fnt\n|faint|p1a: Skeledirge\n|\n|-weather|RainDance|[upkeep]\n|upkeep\n|\n|t:|1701138766\n|switch|p1a: Kingambit|Kingambit, M, shiny|100\/100\n|-damage|p1a: Kingambit|94\/100|[from] Stealth Rock\n|-activate|p1a: Kingambit|ability: Supreme Overlord\n|-start|p1a: Kingambit|fallen5|[silent]\n|turn|17\n|inactive|Charmalane has 120 seconds left.\n|\n|t:|1701138774\n|move|p2a: Chocobo|Thunder|p1a: Kingambit\n|-damage|p1a: Kingambit|39\/100\n|-status|p1a: Kingambit|par\n|move|p1a: Kingambit|Swords Dance|p1a: Kingambit\n|-boost|p1a: Kingambit|atk|2\n|\n|-weather|RainDance|[upkeep]\n|-heal|p1a: Kingambit|45\/100 par|[from] item: Leftovers\n|upkeep\n|turn|18\n|inactive|Tonyster has 120 seconds left.\n|\n|t:|1701138794\n|move|p1a: Kingambit|Sucker Punch|p2a: Chocobo\n|-damage|p2a: Chocobo|0 fnt\n|faint|p2a: Chocobo\n|\n|-weather|RainDance|[upkeep]\n|-heal|p1a: Kingambit|51\/100 par|[from] item: Leftovers\n|upkeep\n|\n|t:|1701138799\n|switch|p2a: Shredder|Kingambit, M, shiny|100\/100\n|-activate|p2a: Shredder|ability: Supreme Overlord\n|-start|p2a: Shredder|fallen3|[silent]\n|turn|19\n|inactive|Tonyster has 120 seconds left.\n|\n|t:|1701138807\n|move|p2a: Shredder|Low Kick|p1a: Kingambit\n|-supereffective|p1a: Kingambit\n|-damage|p1a: Kingambit|0 fnt\n|faint|p1a: Kingambit\n|-end|p1a: Kingambit|fallen5|[silent]\n|\n|win|Charmalane\n|raw|Tonyster's rating: 1625 &rarr; <strong>1607<\/strong><br \/>(-18 for losing)\n|raw|Charmalane's rating: 1659 &rarr; <strong>1677<\/strong><br \/>(+18 for winning)\n","uploadtime":1701138811,"views":2,"p1id":"tonyster","p2id":"charmalane","formatid":"gen9ou","rating":1607,"private":0,"password":""}