{"id":"gen9ou-1989548326","p1":"cdaz","p2":"Xlm2408","format":"[Gen 9] OU","log":"|j|\u2606cdaz\n|j|\u2606Xlm2408\n|t:|1699869456\n|gametype|singles\n|player|p1|cdaz|170|1000\n|player|p2|Xlm2408|hooligans|1000\n|teamsize|p1|6\n|teamsize|p2|6\n|gen|9\n|tier|[Gen 9] OU\n|rated|\n|rule|Sleep Clause Mod: Limit one foe put to sleep\n|rule|Species Clause: Limit one of each Pok\u00e9mon\n|rule|OHKO Clause: OHKO moves are banned\n|rule|Evasion Items Clause: Evasion items are banned\n|rule|Evasion Moves Clause: Evasion moves are banned\n|rule|Endless Battle Clause: Forcing endless battles is banned\n|rule|HP Percentage Mod: HP is shown in percentages\n|clearpoke\n|poke|p1|Clodsire, M|\n|poke|p1|Corviknight, M|\n|poke|p1|Talonflame, M|\n|poke|p1|Dondozo, F|\n|poke|p1|Toxapex, F|\n|poke|p1|Blissey, F|\n|poke|p2|Zoroark-Hisui, M|\n|poke|p2|Samurott-Hisui, F|\n|poke|p2|Decidueye-Hisui, F|\n|poke|p2|Typhlosion-Hisui, F|\n|poke|p2|Ursaluna, M|\n|poke|p2|Sneasler, F|\n|teampreview\n|inactive|Battle timer is ON: inactive players will automatically lose when time's up. (requested by cdaz)\n|\n|t:|1699869467\n|start\n|switch|p1a: Toxapex|Toxapex, F|100\/100\n|switch|p2a: Decidueye|Decidueye-Hisui, F, shiny|100\/100\n|turn|1\n|\n|t:|1699869474\n|move|p2a: Decidueye|Trailblaze|p1a: Toxapex\n|-damage|p1a: Toxapex|83\/100\n|-boost|p2a: Decidueye|spe|1\n|move|p1a: Toxapex|Toxic|p2a: Decidueye\n|-status|p2a: Decidueye|tox\n|\n|-damage|p2a: Decidueye|94\/100 tox|[from] psn\n|upkeep\n|turn|2\n|\n|t:|1699869484\n|move|p2a: Decidueye|Triple Arrows|p1a: Toxapex\n|-resisted|p1a: Toxapex\n|-damage|p1a: Toxapex|69\/100\n|-unboost|p1a: Toxapex|def|1\n|move|p1a: Toxapex|Haze|p1a: Toxapex\n|-clearallboost\n|\n|-damage|p2a: Decidueye|82\/100 tox|[from] psn\n|upkeep\n|turn|3\n|\n|t:|1699869493\n|move|p2a: Decidueye|Trailblaze|p1a: Toxapex\n|-damage|p1a: Toxapex|49\/100\n|-boost|p2a: Decidueye|spe|1\n|move|p1a: Toxapex|Infestation|p2a: Decidueye\n|-damage|p2a: Decidueye|80\/100 tox\n|-activate|p2a: Decidueye|move: Infestation|[of] p1a: Toxapex\n|\n|-damage|p2a: Decidueye|62\/100 tox|[from] psn\n|-damage|p2a: Decidueye|49\/100 tox|[from] move: Infestation|[partiallytrapped]\n|upkeep\n|turn|4\n|\n|t:|1699869502\n|move|p2a: Decidueye|Leaf Blade|p1a: Toxapex\n|-damage|p1a: Toxapex|14\/100\n|move|p1a: Toxapex|Recover|p1a: Toxapex\n|-heal|p1a: Toxapex|64\/100\n|\n|-damage|p2a: Decidueye|25\/100 tox|[from] psn\n|-damage|p2a: Decidueye|13\/100 tox|[from] move: Infestation|[partiallytrapped]\n|upkeep\n|turn|5\n|\n|t:|1699869510\n|switch|p1a: Talonflame|Talonflame, M|100\/100\n|move|p2a: Decidueye|Trailblaze|p1a: Talonflame\n|-resisted|p1a: Talonflame\n|-damage|p1a: Talonflame|93\/100\n|-boost|p2a: Decidueye|spe|1\n|\n|-damage|p2a: Decidueye|0 fnt|[from] psn\n|faint|p2a: Decidueye\n|upkeep\n|\n|t:|1699869521\n|switch|p2a: Samurott|Samurott-Hisui, F|100\/100\n|turn|6\n|\n|t:|1699869525\n|switch|p1a: Toxapex|Toxapex, F|98\/100\n|move|p2a: Samurott|Ceaseless Edge|p1a: Toxapex\n|-damage|p1a: Toxapex|71\/100\n|-sidestart|p1: cdaz|Spikes\n|\n|upkeep\n|turn|7\n|\n|t:|1699869532\n|move|p2a: Samurott|Ceaseless Edge|p1a: Toxapex\n|-damage|p1a: Toxapex|40\/100\n|-sidestart|p1: cdaz|Spikes\n|move|p1a: Toxapex|Toxic|p2a: Samurott\n|-status|p2a: Samurott|tox\n|\n|-damage|p2a: Samurott|94\/100 tox|[from] psn\n|upkeep\n|turn|8\n|\n|t:|1699869539\n|switch|p1a: Corviknight|Corviknight, M|100\/100\n|-ability|p1a: Corviknight|Pressure\n|move|p2a: Samurott|Ceaseless Edge|p1a: Corviknight\n|-damage|p1a: Corviknight|73\/100\n|-damage|p2a: Samurott|78\/100 tox|[from] item: Rocky Helmet|[of] p1a: Corviknight\n|-sidestart|p1: cdaz|Spikes\n|\n|-damage|p2a: Samurott|65\/100 tox|[from] psn\n|upkeep\n|turn|9\n|\n|t:|1699869553\n|switch|p2a: Ursaluna|Ursaluna, M, shiny|100\/100\n|move|p1a: Corviknight|Defog|p2a: Ursaluna\n|-unboost|p2a: Ursaluna|evasion|1\n|-sideend|p1: cdaz|Spikes|[from] move: Defog|[of] p1a: Corviknight\n|\n|upkeep\n|turn|10\n|\n|t:|1699869560\n|move|p2a: Ursaluna|Flamethrower|p1a: Corviknight\n|-supereffective|p1a: Corviknight\n|-damage|p1a: Corviknight|7\/100\n|move|p1a: Corviknight|Body Press|p2a: Ursaluna\n|-immune|p2a: Ursaluna\n|\n|upkeep\n|turn|11\n|\n|t:|1699869567\n|switch|p1a: Blissey|Blissey, F, shiny|100\/100\n|move|p2a: Ursaluna|Flamethrower|p1a: Blissey\n|-damage|p1a: Blissey|91\/100\n|\n|upkeep\n|turn|12\n|\n|t:|1699869578\n|move|p2a: Ursaluna|Dark Pulse|p1a: Blissey\n|-damage|p1a: Blissey|83\/100\n|move|p1a: Blissey|Stealth Rock|p2a: Ursaluna\n|-sidestart|p2: Xlm2408|move: Stealth Rock\n|\n|upkeep\n|turn|13\n|\n|t:|1699869583\n|switch|p1a: Clodsire|Clodsire, M|100\/100\n|move|p2a: Ursaluna|Nasty Plot|p2a: Ursaluna\n|-boost|p2a: Ursaluna|spa|2\n|\n|upkeep\n|turn|14\n|\n|t:|1699869590\n|move|p2a: Ursaluna|Bitter Malice|p1a: Clodsire\n|-damage|p1a: Clodsire|77\/100\n|-unboost|p1a: Clodsire|atk|1\n|move|p1a: Clodsire|Toxic|p2a: Ursaluna\n|-status|p2a: Ursaluna|tox\n|\n|-damage|p2a: Ursaluna|94\/100 tox|[from] psn\n|upkeep\n|turn|15\n|-message|Xlm2408 forfeited.\n|\n|win|cdaz\n|raw|cdaz's rating: 1000 &rarr; <strong>1040<\/strong><br \/>(+40 for winning)\n|raw|Xlm2408's rating: 1000 &rarr; <strong>1000<\/strong><br \/>(+0 for losing)\n|l|\u2606Xlm2408\n","uploadtime":1699869603,"views":21,"p1id":"cdaz","p2id":"xlm2408","formatid":"gen9ou","rating":1000,"private":0,"password":""}