{"id":"gen9ou-1998048686","p1":"d18l","p2":"halaman95","format":"[Gen 9] OU","log":"|j|\u2606d18l\n|j|\u2606halaman95\n|t:|1700883598\n|gametype|singles\n|player|p1|d18l|backpacker|1689\n|player|p2|halaman95|1|1751\n|teamsize|p1|6\n|teamsize|p2|6\n|gen|9\n|tier|[Gen 9] OU\n|rated|\n|rule|Sleep Clause Mod: Limit one foe put to sleep\n|rule|Species Clause: Limit one of each Pok\u00e9mon\n|rule|OHKO Clause: OHKO moves are banned\n|rule|Evasion Items Clause: Evasion items are banned\n|rule|Evasion Moves Clause: Evasion moves are banned\n|rule|Endless Battle Clause: Forcing endless battles is banned\n|rule|HP Percentage Mod: HP is shown in percentages\n|clearpoke\n|poke|p1|Muk-Alola, M|\n|poke|p1|Rillaboom, F|\n|poke|p1|Dragapult, M|\n|poke|p1|Kingambit, F|\n|poke|p1|Great Tusk|\n|poke|p1|Landorus-Therian, M|\n|poke|p2|Torkoal, F|\n|poke|p2|Walking Wake|\n|poke|p2|Kingambit, F|\n|poke|p2|Brute Bonnet|\n|poke|p2|Great Tusk|\n|poke|p2|Iron Moth|\n|teampreview\n|inactive|Battle timer is ON: inactive players will automatically lose when time's up. (requested by halaman95)\n|inactive|d18l has 120 seconds left.\n|\n|t:|1700883631\n|start\n|switch|p1a: Dragapult|Dragapult, M|100\/100\n|switch|p2a: Torkoal|Torkoal, F|100\/100\n|-weather|SunnyDay|[from] ability: Drought|[of] p2a: Torkoal\n|turn|1\n|\n|t:|1700883638\n|switch|p2a: Kingambit|Kingambit, F|100\/100\n|move|p1a: Dragapult|Draco Meteor|p2a: Kingambit\n|-resisted|p2a: Kingambit\n|-damage|p2a: Kingambit|53\/100\n|-unboost|p1a: Dragapult|spa|2\n|\n|-weather|SunnyDay|[upkeep]\n|-heal|p2a: Kingambit|59\/100|[from] item: Leftovers\n|upkeep\n|turn|2\n|\n|t:|1700883653\n|switch|p1a: Landorus|Landorus-Therian, M|100\/100\n|-ability|p1a: Landorus|Intimidate|boost\n|-unboost|p2a: Kingambit|atk|1\n|-end|p2a: Kingambit|fallenundefined|[silent]\n|switch|p2a: Brute Bonnet|Brute Bonnet|100\/100\n|-activate|p2a: Brute Bonnet|ability: Protosynthesis\n|-start|p2a: Brute Bonnet|protosynthesisatk\n|\n|-weather|SunnyDay|[upkeep]\n|upkeep\n|turn|3\n|\n|t:|1700883664\n|-end|p2a: Brute Bonnet|Protosynthesis|[silent]\n|switch|p2a: Great Tusk|Great Tusk|100\/100\n|-activate|p2a: Great Tusk|ability: Protosynthesis\n|-start|p2a: Great Tusk|protosynthesisspe\n|move|p1a: Landorus|U-turn|p2a: Great Tusk\n|-resisted|p2a: Great Tusk\n|-damage|p2a: Great Tusk|94\/100\n|inactive|d18l has 120 seconds left.\n|\n|t:|1700883691\n|switch|p1a: Great Tusk|Great Tusk|100\/100|[from] U-turn\n|-activate|p1a: Great Tusk|ability: Protosynthesis\n|-start|p1a: Great Tusk|protosynthesisatk\n|\n|-weather|SunnyDay|[upkeep]\n|-heal|p2a: Great Tusk|100\/100|[from] item: Leftovers\n|upkeep\n|turn|4\n|\n|t:|1700883706\n|move|p2a: Great Tusk|Knock Off|p1a: Great Tusk\n|-resisted|p1a: Great Tusk\n|-damage|p1a: Great Tusk|91\/100\n|-enditem|p1a: Great Tusk|Assault Vest|[from] move: Knock Off|[of] p2a: Great Tusk\n|move|p1a: Great Tusk|Headlong Rush|p2a: Great Tusk\n|-damage|p2a: Great Tusk|50\/100\n|-unboost|p1a: Great Tusk|def|1\n|-unboost|p1a: Great Tusk|spd|1\n|\n|-weather|SunnyDay|[upkeep]\n|-heal|p2a: Great Tusk|57\/100|[from] item: Leftovers\n|upkeep\n|turn|5\n|\n|t:|1700883718\n|move|p2a: Great Tusk|Earthquake|p1a: Great Tusk\n|-damage|p1a: Great Tusk|46\/100\n|move|p1a: Great Tusk|Headlong Rush|p2a: Great Tusk\n|-damage|p2a: Great Tusk|7\/100\n|-unboost|p1a: Great Tusk|def|1\n|-unboost|p1a: Great Tusk|spd|1\n|\n|-weather|SunnyDay|[upkeep]\n|-heal|p2a: Great Tusk|13\/100|[from] item: Leftovers\n|upkeep\n|turn|6\n|\n|t:|1700883728\n|-end|p1a: Great Tusk|Protosynthesis|[silent]\n|switch|p1a: Landorus|Landorus-Therian, M|100\/100\n|-ability|p1a: Landorus|Intimidate|boost\n|-unboost|p2a: Great Tusk|atk|1\n|move|p2a: Great Tusk|Earthquake|p1a: Landorus\n|-immune|p1a: Landorus\n|\n|-weather|SunnyDay|[upkeep]\n|-heal|p2a: Great Tusk|19\/100|[from] item: Leftovers\n|upkeep\n|turn|7\n|\n|t:|1700883734\n|move|p2a: Great Tusk|Knock Off|p1a: Landorus\n|-damage|p1a: Landorus|86\/100\n|-damage|p2a: Great Tusk|2\/100|[from] item: Rocky Helmet|[of] p1a: Landorus\n|-enditem|p1a: Landorus|Rocky Helmet|[from] move: Knock Off|[of] p2a: Great Tusk\n|move|p1a: Landorus|Earth Power|p2a: Great Tusk\n|-damage|p2a: Great Tusk|0 fnt\n|faint|p2a: Great Tusk\n|-end|p2a: Great Tusk|Protosynthesis|[silent]\n|\n|-weather|SunnyDay|[upkeep]\n|upkeep\n|\n|t:|1700883741\n|switch|p2a: Walking Wake|Walking Wake|100\/100\n|-activate|p2a: Walking Wake|ability: Protosynthesis\n|-start|p2a: Walking Wake|protosynthesisspa\n|turn|8\n|j| vkhss\n|j| 0Phux\n|inactive|d18l has 120 seconds left.\n|inactive|d18l has 90 seconds left.\n|j| SwabbyYabby\n|j| fhjryr\n|l| fhjryr\n|inactive|d18l has 60 seconds left.\n|l| vkhss\n|\n|t:|1700883844\n|switch|p1a: Rillaboom|Rillaboom, F|100\/100\n|-fieldstart|move: Grassy Terrain|[from] ability: Grassy Surge|[of] p1a: Rillaboom\n|move|p2a: Walking Wake|Hydro Steam|p1a: Rillaboom\n|-resisted|p1a: Rillaboom\n|-damage|p1a: Rillaboom|35\/100\n|\n|-weather|none\n|-end|p2a: Walking Wake|Protosynthesis\n|-heal|p1a: Rillaboom|41\/100|[from] Grassy Terrain\n|upkeep\n|turn|9\n|\n|t:|1700883856\n|-end|p2a: Walking Wake|Protosynthesis|[silent]\n|switch|p2a: Torkoal|Torkoal, F|100\/100\n|-weather|SunnyDay|[from] ability: Drought|[of] p2a: Torkoal\n|move|p1a: Rillaboom|Knock Off|p2a: Torkoal\n|-damage|p2a: Torkoal|62\/100\n|-enditem|p2a: Torkoal|Heat Rock|[from] move: Knock Off|[of] p1a: Rillaboom\n|\n|-weather|SunnyDay|[upkeep]\n|-heal|p1a: Rillaboom|47\/100|[from] Grassy Terrain\n|-heal|p2a: Torkoal|68\/100|[from] Grassy Terrain\n|upkeep\n|turn|10\n|\n|t:|1700883866\n|switch|p1a: Muk|Muk-Alola, M|100\/100\n|move|p2a: Torkoal|Stealth Rock|p1a: Muk\n|-sidestart|p1: d18l|move: Stealth Rock\n|\n|-weather|SunnyDay|[upkeep]\n|-heal|p2a: Torkoal|74\/100|[from] Grassy Terrain\n|upkeep\n|turn|11\n|inactive|d18l has 60 seconds left.\n|j| vkhss\n|\n|t:|1700883878\n|move|p1a: Muk|Knock Off|p2a: Torkoal\n|-damage|p2a: Torkoal|58\/100\n|move|p2a: Torkoal|Yawn|p1a: Muk\n|-start|p1a: Muk|move: Yawn|[of] p2a: Torkoal\n|\n|-weather|SunnyDay|[upkeep]\n|-heal|p2a: Torkoal|64\/100|[from] Grassy Terrain\n|upkeep\n|turn|12\n|\n|t:|1700883887\n|switch|p1a: Dragapult|Dragapult, M|100\/100\n|-damage|p1a: Dragapult|88\/100|[from] Stealth Rock\n|switch|p2a: Walking Wake|Walking Wake|100\/100\n|-activate|p2a: Walking Wake|ability: Protosynthesis\n|-start|p2a: Walking Wake|protosynthesisspa\n|\n|-weather|SunnyDay|[upkeep]\n|-heal|p1a: Dragapult|94\/100|[from] Grassy Terrain\n|-fieldend|move: Grassy Terrain\n|upkeep\n|turn|13\n|\n|t:|1700883898\n|switch|p1a: Kingambit|Kingambit, F|100\/100\n|-damage|p1a: Kingambit|94\/100|[from] Stealth Rock\n|-end|p2a: Walking Wake|Protosynthesis|[silent]\n|switch|p2a: Kingambit|Kingambit, F|59\/100\n|-activate|p2a: Kingambit|ability: Supreme Overlord\n|-start|p2a: Kingambit|fallen1|[silent]\n|\n|-weather|SunnyDay|[upkeep]\n|-heal|p2a: Kingambit|65\/100|[from] item: Leftovers\n|upkeep\n|turn|14\n|\n|t:|1700883905\n|-end|p2a: Kingambit|fallen1|[silent]\n|switch|p2a: Brute Bonnet|Brute Bonnet|100\/100\n|-activate|p2a: Brute Bonnet|ability: Protosynthesis\n|-start|p2a: Brute Bonnet|protosynthesisatk\n|move|p1a: Kingambit|Low Kick|p2a: Brute Bonnet\n|-supereffective|p2a: Brute Bonnet\n|-damage|p2a: Brute Bonnet|57\/100\n|\n|-weather|SunnyDay|[upkeep]\n|upkeep\n|turn|15\n|\n|t:|1700883912\n|-end|p1a: Kingambit|fallenundefined|[silent]\n|switch|p1a: Landorus|Landorus-Therian, M|86\/100\n|-damage|p1a: Landorus|74\/100|[from] Stealth Rock\n|-ability|p1a: Landorus|Intimidate|boost\n|-unboost|p2a: Brute Bonnet|atk|1\n|move|p2a: Brute Bonnet|Spore|p1a: Landorus\n|-status|p1a: Landorus|slp|[from] move: Spore\n|\n|-weather|SunnyDay|[upkeep]\n|upkeep\n|turn|16\n|inactive|d18l has 60 seconds left.\n|j| newbie to top\n|inactive|d18l has 30 seconds left.\n|\n|t:|1700883973\n|switch|p1a: Muk|Muk-Alola, M|100\/100\n|-damage|p1a: Muk|88\/100|[from] Stealth Rock\n|move|p2a: Brute Bonnet|Bullet Seed|p1a: Muk\n|-resisted|p1a: Muk\n|-damage|p1a: Muk|82\/100\n|-resisted|p1a: Muk\n|-crit|p1a: Muk\n|-damage|p1a: Muk|67\/100\n|-resisted|p1a: Muk\n|-damage|p1a: Muk|61\/100\n|-resisted|p1a: Muk\n|-damage|p1a: Muk|54\/100\n|-hitcount|p1a: Muk|4\n|\n|-weather|none\n|-end|p2a: Brute Bonnet|Protosynthesis\n|-heal|p1a: Muk|60\/100|[from] item: Black Sludge\n|upkeep\n|turn|17\n|inactive|d18l has 30 seconds left.\n|\n|t:|1700883982\n|-end|p2a: Brute Bonnet|Protosynthesis|[silent]\n|switch|p2a: Torkoal|Torkoal, F|64\/100\n|-weather|SunnyDay|[from] ability: Drought|[of] p2a: Torkoal\n|move|p1a: Muk|Poison Jab|p2a: Torkoal\n|-damage|p2a: Torkoal|44\/100\n|\n|-weather|SunnyDay|[upkeep]\n|-heal|p1a: Muk|66\/100|[from] item: Black Sludge\n|upkeep\n|turn|18\n|inactive|d18l has 30 seconds left.\n|\n|t:|1700883992\n|move|p1a: Muk|Protect|p1a: Muk\n|-singleturn|p1a: Muk|Protect\n|move|p2a: Torkoal|Flamethrower|p1a: Muk\n|-activate|p1a: Muk|move: Protect\n|\n|-weather|SunnyDay|[upkeep]\n|-heal|p1a: Muk|72\/100|[from] item: Black Sludge\n|upkeep\n|turn|19\n|\n|t:|1700883995\n|move|p1a: Muk|Poison Jab|p2a: Torkoal\n|-crit|p2a: Torkoal\n|-damage|p2a: Torkoal|12\/100\n|-status|p2a: Torkoal|psn\n|move|p2a: Torkoal|Flamethrower|p1a: Muk\n|-damage|p1a: Muk|48\/100\n|\n|-weather|SunnyDay|[upkeep]\n|-heal|p1a: Muk|54\/100|[from] item: Black Sludge\n|-damage|p2a: Torkoal|0 fnt|[from] psn\n|faint|p2a: Torkoal\n|upkeep\n|\n|t:|1700884000\n|switch|p2a: Walking Wake|Walking Wake|100\/100\n|-activate|p2a: Walking Wake|ability: Protosynthesis\n|-start|p2a: Walking Wake|protosynthesisspa\n|turn|20\n|\n|t:|1700884002\n|move|p1a: Muk|Protect|p1a: Muk\n|-singleturn|p1a: Muk|Protect\n|move|p2a: Walking Wake|Hydro Steam|p1a: Muk\n|-activate|p1a: Muk|move: Protect\n|\n|-weather|SunnyDay|[upkeep]\n|-heal|p1a: Muk|60\/100|[from] item: Black Sludge\n|upkeep\n|turn|21\n|inactive|d18l has 60 seconds left.\n|\n|t:|1700884017\n|switch|p1a: Rillaboom|Rillaboom, F|47\/100\n|-damage|p1a: Rillaboom|34\/100|[from] Stealth Rock\n|-fieldstart|move: Grassy Terrain|[from] ability: Grassy Surge|[of] p1a: Rillaboom\n|move|p2a: Walking Wake|Hydro Steam|p1a: Rillaboom\n|-resisted|p1a: Rillaboom\n|-damage|p1a: Rillaboom|0 fnt\n|faint|p1a: Rillaboom\n|\n|-weather|none\n|-end|p2a: Walking Wake|Protosynthesis\n|upkeep\n|l| vkhss\n|\n|t:|1700884026\n|switch|p1a: Dragapult|Dragapult, M|94\/100\n|-damage|p1a: Dragapult|82\/100|[from] Stealth Rock\n|turn|22\n|\n|t:|1700884041\n|-end|p2a: Walking Wake|Protosynthesis|[silent]\n|switch|p2a: Kingambit|Kingambit, F|65\/100\n|-activate|p2a: Kingambit|ability: Supreme Overlord\n|-start|p2a: Kingambit|fallen2|[silent]\n|move|p1a: Dragapult|Draco Meteor|p2a: Kingambit\n|-resisted|p2a: Kingambit\n|-damage|p2a: Kingambit|20\/100\n|-unboost|p1a: Dragapult|spa|2\n|\n|-heal|p1a: Dragapult|88\/100|[from] Grassy Terrain\n|-heal|p2a: Kingambit|26\/100|[from] Grassy Terrain\n|-heal|p2a: Kingambit|32\/100|[from] item: Leftovers\n|upkeep\n|turn|23\n|inactive|d18l has 60 seconds left.\n|j| vkhss\n|\n|t:|1700884066\n|switch|p1a: Great Tusk|Great Tusk|46\/100\n|-damage|p1a: Great Tusk|43\/100|[from] Stealth Rock\n|-end|p2a: Kingambit|fallen2|[silent]\n|switch|p2a: Brute Bonnet|Brute Bonnet|57\/100\n|\n|-heal|p1a: Great Tusk|50\/100|[from] Grassy Terrain\n|-heal|p2a: Brute Bonnet|63\/100|[from] Grassy Terrain\n|upkeep\n|turn|24\n|\n|t:|1700884083\n|move|p1a: Great Tusk|Ice Spinner|p2a: Brute Bonnet\n|-supereffective|p2a: Brute Bonnet\n|-crit|p2a: Brute Bonnet\n|-damage|p2a: Brute Bonnet|0 fnt\n|-fieldend|move: Grassy Terrain\n|faint|p2a: Brute Bonnet\n|-end|p2a: Brute Bonnet|Protosynthesis|[silent]\n|\n|upkeep\n|l| SwabbyYabby\n|inactive|halaman95 has 120 seconds left.\n|\n|t:|1700884127\n|switch|p2a: Walking Wake|Walking Wake|100\/100\n|turn|25\n|\n|t:|1700884143\n|-end|p1a: Great Tusk|Protosynthesis|[silent]\n|switch|p1a: Landorus|Landorus-Therian, M|74\/100 slp\n|-damage|p1a: Landorus|61\/100 slp|[from] Stealth Rock\n|-ability|p1a: Landorus|Intimidate|boost\n|-unboost|p2a: Walking Wake|atk|1\n|move|p2a: Walking Wake|Hydro Steam|p1a: Landorus\n|-supereffective|p1a: Landorus\n|-damage|p1a: Landorus|0 fnt\n|faint|p1a: Landorus\n|\n|upkeep\n|\n|t:|1700884145\n|switch|p1a: Dragapult|Dragapult, M|88\/100\n|-damage|p1a: Dragapult|76\/100|[from] Stealth Rock\n|turn|26\n|inactive|halaman95 has 120 seconds left.\n|j| Ctannn\n|\n|t:|1700884155\n|move|p1a: Dragapult|Draco Meteor|p2a: Walking Wake\n|-supereffective|p2a: Walking Wake\n|-crit|p2a: Walking Wake\n|-damage|p2a: Walking Wake|0 fnt\n|-unboost|p1a: Dragapult|spa|2\n|faint|p2a: Walking Wake\n|-end|p2a: Walking Wake|Protosynthesis|[silent]\n|\n|upkeep\n|inactive|halaman95 has 120 seconds left.\n|\n|t:|1700884164\n|switch|p2a: Iron Moth|Iron Moth|100\/100\n|-enditem|p2a: Iron Moth|Booster Energy\n|-activate|p2a: Iron Moth|ability: Quark Drive|[fromitem]\n|-start|p2a: Iron Moth|quarkdrivespe\n|turn|27\n|inactive|d18l has 60 seconds left.\n|\n|t:|1700884176\n|move|p2a: Iron Moth|Fiery Dance|p1a: Dragapult\n|-resisted|p1a: Dragapult\n|-damage|p1a: Dragapult|46\/100\n|-boost|p2a: Iron Moth|spa|1\n|move|p1a: Dragapult|Draco Meteor|p2a: Iron Moth\n|-damage|p2a: Iron Moth|56\/100\n|-unboost|p1a: Dragapult|spa|2\n|\n|upkeep\n|turn|28\n|\n|t:|1700884184\n|move|p2a: Iron Moth|Fiery Dance|p1a: Dragapult\n|-resisted|p1a: Dragapult\n|-crit|p1a: Dragapult\n|-damage|p1a: Dragapult|0 fnt\n|-boost|p2a: Iron Moth|spa|1\n|faint|p1a: Dragapult\n|\n|upkeep\n|inactive|d18l has 60 seconds left.\n|\n|t:|1700884224\n|switch|p1a: Kingambit|Kingambit, F|94\/100\n|-damage|p1a: Kingambit|88\/100|[from] Stealth Rock\n|-activate|p1a: Kingambit|ability: Supreme Overlord\n|-start|p1a: Kingambit|fallen3|[silent]\n|turn|29\n|\n|t:|1700884230\n|-terastallize|p1a: Kingambit|Dark\n|move|p2a: Iron Moth|Substitute|p2a: Iron Moth\n|-start|p2a: Iron Moth|Substitute\n|-damage|p2a: Iron Moth|31\/100\n|move|p1a: Kingambit|Kowtow Cleave|p2a: Iron Moth\n|-end|p2a: Iron Moth|Substitute\n|\n|upkeep\n|turn|30\n|\n|t:|1700884238\n|move|p2a: Iron Moth|Fiery Dance|p1a: Kingambit\n|-damage|p1a: Kingambit|0 fnt\n|-boost|p2a: Iron Moth|spa|1\n|faint|p1a: Kingambit\n|-end|p1a: Kingambit|fallen3|[silent]\n|\n|upkeep\n|-message|d18l forfeited.\n|\n|win|halaman95\n|raw|d18l's rating: 1689 &rarr; <strong>1673<\/strong><br \/>(-16 for losing)\n|raw|halaman95's rating: 1751 &rarr; <strong>1767<\/strong><br \/>(+16 for winning)\n|l|\u2606halaman95\n|l| vkhss\n","uploadtime":1700884247,"views":3,"p1id":"d18l","p2id":"halaman95","formatid":"gen9ou","rating":1673,"private":0,"password":""}