{"id":"gen9ou-1989535394","p1":"Ddiego14","p2":"YUKI on ICE","format":"[Gen 9] OU","log":"|j|\u2606Ddiego14\n|j|\u2606YUKI on ICE\n|t:|1699867356\n|gametype|singles\n|player|p1|Ddiego14|striker|1146\n|player|p2|YUKI on ICE|maid|1219\n|teamsize|p1|6\n|teamsize|p2|6\n|gen|9\n|tier|[Gen 9] OU\n|rated|\n|rule|Sleep Clause Mod: Limit one foe put to sleep\n|rule|Species Clause: Limit one of each Pok\u00e9mon\n|rule|OHKO Clause: OHKO moves are banned\n|rule|Evasion Items Clause: Evasion items are banned\n|rule|Evasion Moves Clause: Evasion moves are banned\n|rule|Endless Battle Clause: Forcing endless battles is banned\n|rule|HP Percentage Mod: HP is shown in percentages\n|clearpoke\n|poke|p1|Electrode-Hisui|\n|poke|p1|Arcanine-Hisui, M|\n|poke|p1|Slowking, M|\n|poke|p1|Grimmsnarl, M|\n|poke|p1|Mamoswine, F|\n|poke|p1|Lucario, M|\n|poke|p2|Ninetales-Alola, F|\n|poke|p2|Heatran, F|\n|poke|p2|Ogerpon-Wellspring, F|\n|poke|p2|Dragapult, F|\n|poke|p2|Rillaboom, M|\n|poke|p2|Sneasler, F|\n|teampreview\n|\n|t:|1699867364\n|start\n|switch|p1a: Electrode|Electrode-Hisui|100\/100\n|switch|p2a: Heatran|Heatran, F|100\/100\n|-item|p2a: Heatran|Air Balloon\n|turn|1\n|\n|t:|1699867373\n|move|p1a: Electrode|Volt Switch|p2a: Heatran\n|-damage|p2a: Heatran|61\/100\n|-enditem|p2a: Heatran|Air Balloon\n|\n|t:|1699867377\n|switch|p1a: Arcanine|Arcanine-Hisui, M, shiny|100\/100|[from] Volt Switch\n|move|p2a: Heatran|Stealth Rock|p1a: Arcanine\n|-sidestart|p1: Ddiego14|move: Stealth Rock\n|\n|upkeep\n|turn|2\n|\n|t:|1699867390\n|switch|p2a: Ogerpon|Ogerpon-Wellspring, F|100\/100\n|move|p1a: Arcanine|Head Smash|p2a: Ogerpon\n|-damage|p2a: Ogerpon|4\/100\n|-damage|p1a: Arcanine|59\/100|[from] Recoil\n|\n|upkeep\n|turn|3\n|\n|t:|1699867409\n|move|p1a: Arcanine|Extreme Speed|p2a: Ogerpon\n|-damage|p2a: Ogerpon|0 fnt\n|faint|p2a: Ogerpon\n|\n|upkeep\n|\n|t:|1699867413\n|switch|p2a: Dragapult|Dragapult, F, shiny|100\/100\n|turn|4\n|\n|t:|1699867434\n|switch|p1a: Mamoswine|Mamoswine, F|100\/100\n|-damage|p1a: Mamoswine|88\/100|[from] Stealth Rock\n|move|p2a: Dragapult|Substitute|p2a: Dragapult\n|-start|p2a: Dragapult|Substitute\n|-damage|p2a: Dragapult|76\/100\n|\n|-heal|p2a: Dragapult|82\/100|[from] item: Leftovers\n|upkeep\n|turn|5\n|\n|t:|1699867458\n|-terastallize|p1a: Mamoswine|Fairy\n|move|p2a: Dragapult|Dragon Darts|p1a: Mamoswine\n|-immune|p1a: Mamoswine\n|move|p1a: Mamoswine|Icicle Crash|p2a: Dragapult\n|-supereffective|p2a: Dragapult\n|-end|p2a: Dragapult|Substitute\n|-damage|p1a: Mamoswine|78\/100|[from] item: Life Orb\n|\n|-heal|p2a: Dragapult|88\/100|[from] item: Leftovers\n|upkeep\n|turn|6\n|\n|t:|1699867469\n|switch|p2a: Ninetales|Ninetales-Alola, F|100\/100\n|-weather|Snow|[from] ability: Snow Warning|[of] p2a: Ninetales\n|move|p1a: Mamoswine|Icicle Crash|p2a: Ninetales\n|-resisted|p2a: Ninetales\n|-damage|p2a: Ninetales|76\/100\n|-damage|p1a: Mamoswine|68\/100|[from] item: Life Orb\n|\n|-weather|Snow|[upkeep]\n|upkeep\n|turn|7\n|\n|t:|1699867478\n|move|p2a: Ninetales|Aurora Veil|p2a: Ninetales\n|-sidestart|p2: YUKI on ICE|move: Aurora Veil\n|move|p1a: Mamoswine|Earthquake|p2a: Ninetales\n|-damage|p2a: Ninetales|46\/100\n|-damage|p1a: Mamoswine|58\/100|[from] item: Life Orb\n|\n|-weather|Snow|[upkeep]\n|upkeep\n|turn|8\n|\n|t:|1699867498\n|switch|p2a: Rillaboom|Rillaboom, M|100\/100\n|-fieldstart|move: Grassy Terrain|[from] ability: Grassy Surge|[of] p2a: Rillaboom\n|move|p1a: Mamoswine|Earthquake|p2a: Rillaboom\n|-resisted|p2a: Rillaboom\n|-damage|p2a: Rillaboom|90\/100\n|-damage|p1a: Mamoswine|48\/100|[from] item: Life Orb\n|\n|-weather|Snow|[upkeep]\n|-heal|p2a: Rillaboom|96\/100|[from] Grassy Terrain\n|-heal|p1a: Mamoswine|55\/100|[from] Grassy Terrain\n|upkeep\n|turn|9\n|\n|t:|1699867508\n|move|p2a: Rillaboom|U-turn|p1a: Mamoswine\n|-resisted|p1a: Mamoswine\n|-damage|p1a: Mamoswine|36\/100\n|\n|t:|1699867513\n|switch|p2a: Sneasler|Sneasler, F|100\/100|[from] U-turn\n|-enditem|p2a: Sneasler|Grassy Seed\n|-boost|p2a: Sneasler|def|1|[from] item: Grassy Seed\n|move|p1a: Mamoswine|Icicle Crash|p2a: Sneasler|[miss]\n|-miss|p1a: Mamoswine|p2a: Sneasler\n|\n|-weather|Snow|[upkeep]\n|-heal|p1a: Mamoswine|42\/100|[from] Grassy Terrain\n|upkeep\n|turn|10\n|\n|t:|1699867524\n|move|p2a: Sneasler|Swords Dance|p2a: Sneasler\n|-boost|p2a: Sneasler|atk|2\n|move|p1a: Mamoswine|Rest|p1a: Mamoswine\n|-status|p1a: Mamoswine|slp|[from] move: Rest\n|-heal|p1a: Mamoswine|100\/100 slp|[silent]\n|\n|-weather|none\n|upkeep\n|turn|11\n|\n|t:|1699867533\n|move|p2a: Sneasler|Dire Claw|p1a: Mamoswine\n|-supereffective|p1a: Mamoswine\n|-damage|p1a: Mamoswine|0 fnt\n|faint|p1a: Mamoswine\n|\n|upkeep\n|\n|t:|1699867542\n|switch|p1a: Slowking|Slowking, M|100\/100\n|-damage|p1a: Slowking|88\/100|[from] Stealth Rock\n|turn|12\n|-activate|p1a: Slowking|item: Quick Claw\n|\n|t:|1699867549\n|move|p1a: Slowking|Psychic|p2a: Sneasler\n|-supereffective|p2a: Sneasler\n|-damage|p2a: Sneasler|0 fnt\n|faint|p2a: Sneasler\n|\n|-heal|p1a: Slowking|94\/100|[from] Grassy Terrain\n|-fieldend|move: Grassy Terrain\n|upkeep\n|c|\u2606YUKI on ICE|Bruh\n|\n|t:|1699867562\n|switch|p2a: Ninetales|Ninetales-Alola, F|46\/100\n|-weather|Snow|[from] ability: Snow Warning|[of] p2a: Ninetales\n|turn|13\n|\n|t:|1699867570\n|move|p2a: Ninetales|Freeze-Dry|p1a: Slowking\n|-supereffective|p1a: Slowking\n|-damage|p1a: Slowking|55\/100\n|move|p1a: Slowking|Shadow Ball|p2a: Ninetales\n|-damage|p2a: Ninetales|35\/100\n|\n|-weather|Snow|[upkeep]\n|upkeep\n|turn|14\n|\n|t:|1699867581\n|move|p2a: Ninetales|Freeze-Dry|p1a: Slowking\n|-supereffective|p1a: Slowking\n|-damage|p1a: Slowking|18\/100\n|move|p1a: Slowking|Psychic|p2a: Ninetales\n|-damage|p2a: Ninetales|16\/100\n|\n|-weather|Snow|[upkeep]\n|-sideend|p2: YUKI on ICE|move: Aurora Veil\n|upkeep\n|turn|15\n|\n|t:|1699867589\n|move|p2a: Ninetales|Freeze-Dry|p1a: Slowking\n|-supereffective|p1a: Slowking\n|-damage|p1a: Slowking|0 fnt\n|faint|p1a: Slowking\n|\n|-weather|Snow|[upkeep]\n|upkeep\n|\n|t:|1699867595\n|switch|p1a: Arcanine|Arcanine-Hisui, M, shiny|59\/100\n|-damage|p1a: Arcanine|34\/100|[from] Stealth Rock\n|turn|16\n|\n|t:|1699867605\n|switch|p2a: Rillaboom|Rillaboom, M|96\/100\n|-fieldstart|move: Grassy Terrain|[from] ability: Grassy Surge|[of] p2a: Rillaboom\n|move|p1a: Arcanine|Extreme Speed|p2a: Rillaboom\n|-crit|p2a: Rillaboom\n|-damage|p2a: Rillaboom|56\/100\n|\n|-weather|Snow|[upkeep]\n|-heal|p1a: Arcanine|40\/100|[from] Grassy Terrain\n|-heal|p2a: Rillaboom|62\/100|[from] Grassy Terrain\n|upkeep\n|turn|17\n|\n|t:|1699867622\n|move|p2a: Rillaboom|Grassy Glide|p1a: Arcanine\n|-crit|p1a: Arcanine\n|-damage|p1a: Arcanine|0 fnt\n|faint|p1a: Arcanine\n|\n|-weather|none\n|-heal|p2a: Rillaboom|68\/100|[from] Grassy Terrain\n|upkeep\n|\n|t:|1699867644\n|switch|p1a: Electrode|Electrode-Hisui|100\/100\n|-damage|p1a: Electrode|88\/100|[from] Stealth Rock\n|turn|18\n|\n|t:|1699867650\n|switch|p2a: Dragapult|Dragapult, F, shiny|88\/100\n|move|p1a: Electrode|Thunderbolt|p2a: Dragapult\n|-resisted|p2a: Dragapult\n|-damage|p2a: Dragapult|51\/100\n|\n|-heal|p2a: Dragapult|57\/100|[from] Grassy Terrain\n|-heal|p2a: Dragapult|63\/100|[from] item: Leftovers\n|-heal|p1a: Electrode|94\/100|[from] Grassy Terrain\n|upkeep\n|turn|19\n|\n|t:|1699867662\n|switch|p1a: Grimmsnarl|Grimmsnarl, M|100\/100\n|-damage|p1a: Grimmsnarl|88\/100|[from] Stealth Rock\n|move|p2a: Dragapult|Substitute|p2a: Dragapult\n|-start|p2a: Dragapult|Substitute\n|-damage|p2a: Dragapult|38\/100\n|\n|-heal|p2a: Dragapult|44\/100|[from] Grassy Terrain\n|-heal|p2a: Dragapult|50\/100|[from] item: Leftovers\n|-heal|p1a: Grimmsnarl|94\/100|[from] Grassy Terrain\n|upkeep\n|turn|20\n|\n|t:|1699867672\n|move|p2a: Dragapult|Thunder Wave|p1a: Grimmsnarl|[miss]\n|-miss|p2a: Dragapult|p1a: Grimmsnarl\n|move|p1a: Grimmsnarl|Play Rough|p2a: Dragapult\n|-supereffective|p2a: Dragapult\n|-end|p2a: Dragapult|Substitute\n|\n|-heal|p2a: Dragapult|56\/100|[from] Grassy Terrain\n|-heal|p2a: Dragapult|62\/100|[from] item: Leftovers\n|-heal|p1a: Grimmsnarl|99\/100|[from] Grassy Terrain\n|-fieldend|move: Grassy Terrain\n|upkeep\n|turn|21\n|\n|t:|1699867688\n|move|p2a: Dragapult|Thunder Wave|p1a: Grimmsnarl\n|-status|p1a: Grimmsnarl|par\n|move|p1a: Grimmsnarl|Play Rough|p2a: Dragapult\n|-supereffective|p2a: Dragapult\n|-damage|p2a: Dragapult|0 fnt\n|faint|p2a: Dragapult\n|\n|upkeep\n|\n|t:|1699867692\n|switch|p2a: Ninetales|Ninetales-Alola, F|16\/100\n|-weather|Snow|[from] ability: Snow Warning|[of] p2a: Ninetales\n|turn|22\n|\n|t:|1699867711\n|move|p2a: Ninetales|Aurora Veil|p2a: Ninetales\n|-sidestart|p2: YUKI on ICE|move: Aurora Veil\n|cant|p1a: Grimmsnarl|par\n|\n|-weather|Snow|[upkeep]\n|upkeep\n|turn|23\n|\n|t:|1699867717\n|move|p2a: Ninetales|Moonblast|p1a: Grimmsnarl\n|-supereffective|p1a: Grimmsnarl\n|-damage|p1a: Grimmsnarl|43\/100 par\n|move|p1a: Grimmsnarl|Crunch|p2a: Ninetales\n|-resisted|p2a: Ninetales\n|-damage|p2a: Ninetales|9\/100\n|\n|-weather|Snow|[upkeep]\n|upkeep\n|turn|24\n|\n|t:|1699867724\n|move|p2a: Ninetales|Moonblast|p1a: Grimmsnarl\n|-supereffective|p1a: Grimmsnarl\n|-damage|p1a: Grimmsnarl|0 fnt\n|faint|p1a: Grimmsnarl\n|\n|-weather|Snow|[upkeep]\n|upkeep\n|\n|t:|1699867729\n|switch|p1a: Lucario|Lucario, M|100\/100\n|-damage|p1a: Lucario|98\/100|[from] Stealth Rock\n|turn|25\n|\n|t:|1699867737\n|move|p2a: Ninetales|Moonblast|p1a: Lucario\n|-damage|p1a: Lucario|68\/100\n|move|p1a: Lucario|Flash Cannon|p2a: Ninetales\n|-supereffective|p2a: Ninetales\n|-damage|p2a: Ninetales|0 fnt\n|faint|p2a: Ninetales\n|\n|-weather|Snow|[upkeep]\n|upkeep\n|\n|t:|1699867746\n|switch|p2a: Heatran|Heatran, F|61\/100\n|turn|26\n|\n|t:|1699867754\n|-terastallize|p2a: Heatran|Grass\n|move|p2a: Heatran|Magma Storm|p1a: Lucario|[miss]\n|-miss|p2a: Heatran|p1a: Lucario\n|move|p1a: Lucario|Aura Sphere|p2a: Heatran\n|-damage|p2a: Heatran|38\/100\n|\n|-weather|none\n|upkeep\n|turn|27\n|\n|t:|1699867776\n|move|p2a: Heatran|Magma Storm|p1a: Lucario\n|-supereffective|p1a: Lucario\n|-damage|p1a: Lucario|0 fnt\n|faint|p1a: Lucario\n|\n|upkeep\n|\n|t:|1699867780\n|switch|p1a: Electrode|Electrode-Hisui|94\/100\n|-damage|p1a: Electrode|82\/100|[from] Stealth Rock\n|turn|28\n|\n|t:|1699867787\n|move|p1a: Electrode|Thunderbolt|p2a: Heatran\n|-resisted|p2a: Heatran\n|-damage|p2a: Heatran|26\/100\n|move|p2a: Heatran|Magma Storm|p1a: Electrode\n|-supereffective|p1a: Electrode\n|-damage|p1a: Electrode|0 fnt\n|faint|p1a: Electrode\n|\n|win|YUKI on ICE\n|raw|Ddiego14's rating: 1146 &rarr; <strong>1126<\/strong><br \/>(-20 for losing)\n|raw|YUKI on ICE's rating: 1219 &rarr; <strong>1239<\/strong><br \/>(+20 for winning)\n|c|\u2606YUKI on ICE|Gg\n","uploadtime":1699867808,"views":14,"p1id":"ddiego14","p2id":"yukionice","formatid":"gen9ou","rating":1126,"private":0,"password":""}