{"id":"gen9ou-1989354807","p1":"Aquanots","p2":"Gen5IsGoodISwear","format":"[Gen 9] OU","log":"|j|\u2606Aquanots\n|j|\u2606Gen5IsGoodISwear\n|t:|1699839970\n|gametype|singles\n|player|p1|Aquanots|benga|1241\n|player|p2|Gen5IsGoodISwear|rosa|1158\n|teamsize|p1|6\n|teamsize|p2|6\n|gen|9\n|tier|[Gen 9] OU\n|rated|\n|rule|Sleep Clause Mod: Limit one foe put to sleep\n|rule|Species Clause: Limit one of each Pok\u00e9mon\n|rule|OHKO Clause: OHKO moves are banned\n|rule|Evasion Items Clause: Evasion items are banned\n|rule|Evasion Moves Clause: Evasion moves are banned\n|rule|Endless Battle Clause: Forcing endless battles is banned\n|rule|HP Percentage Mod: HP is shown in percentages\n|clearpoke\n|poke|p1|Pelipper, F|\n|poke|p1|Quaquaval, F|\n|poke|p1|Quagsire, M|\n|poke|p1|Empoleon, M|\n|poke|p1|Greninja-*, M|\n|poke|p1|Ogerpon-Wellspring, F|\n|poke|p2|Klefki, M|\n|poke|p2|Rillaboom, F|\n|poke|p2|Brambleghast, F|\n|poke|p2|Tornadus, M|\n|poke|p2|Kingambit, M|\n|poke|p2|Iron Moth|\n|teampreview\n|l|\u2606Aquanots\n|player|p1|\n|j|\u2606Aquanots\n|player|p1|Aquanots|benga\n|\n|t:|1699839996\n|start\n|switch|p1a: Pelipper|Pelipper, F|100\/100\n|switch|p2a: Rillaboom|Rillaboom, F|100\/100\n|-fieldstart|move: Grassy Terrain|[from] ability: Grassy Surge|[of] p2a: Rillaboom\n|-weather|RainDance|[from] ability: Drizzle|[of] p1a: Pelipper\n|turn|1\n|\n|t:|1699839999\n|move|p2a: Rillaboom|U-turn|p1a: Pelipper\n|-resisted|p1a: Pelipper\n|-crit|p1a: Pelipper\n|-damage|p1a: Pelipper|80\/100\n|\n|t:|1699840001\n|switch|p2a: Klefki|Klefki, M|100\/100|[from] U-turn\n|move|p1a: Pelipper|Hurricane|p2a: Klefki\n|-resisted|p2a: Klefki\n|-damage|p2a: Klefki|73\/100\n|-start|p2a: Klefki|confusion\n|-damage|p1a: Pelipper|71\/100|[from] item: Life Orb\n|\n|-weather|RainDance|[upkeep]\n|-heal|p2a: Klefki|79\/100|[from] Grassy Terrain\n|-heal|p2a: Klefki|85\/100|[from] item: Leftovers\n|upkeep\n|turn|2\n|\n|t:|1699840006\n|-activate|p2a: Klefki|confusion\n|move|p2a: Klefki|Calm Mind|p2a: Klefki\n|-boost|p2a: Klefki|spa|1\n|-boost|p2a: Klefki|spd|1\n|move|p1a: Pelipper|Weather Ball|p2a: Klefki\n|-damage|p2a: Klefki|35\/100\n|-damage|p1a: Pelipper|61\/100|[from] item: Life Orb\n|\n|-weather|RainDance|[upkeep]\n|-heal|p2a: Klefki|41\/100|[from] Grassy Terrain\n|-heal|p2a: Klefki|47\/100|[from] item: Leftovers\n|upkeep\n|turn|3\n|\n|t:|1699840012\n|switch|p1a: Quagsire|Quagsire, M|100\/100\n|-activate|p2a: Klefki|confusion\n|move|p2a: Klefki|Calm Mind|p2a: Klefki\n|-boost|p2a: Klefki|spa|1\n|-boost|p2a: Klefki|spd|1\n|\n|-weather|RainDance|[upkeep]\n|-heal|p2a: Klefki|53\/100|[from] Grassy Terrain\n|-heal|p2a: Klefki|59\/100|[from] item: Leftovers\n|upkeep\n|turn|4\n|\n|t:|1699840016\n|-terastallize|p2a: Klefki|Fairy\n|-end|p2a: Klefki|confusion\n|move|p2a: Klefki|Iron Defense|p2a: Klefki\n|-boost|p2a: Klefki|def|2\n|move|p1a: Quagsire|Earthquake|p2a: Klefki\n|-damage|p2a: Klefki|41\/100\n|\n|-weather|RainDance|[upkeep]\n|-heal|p2a: Klefki|47\/100|[from] Grassy Terrain\n|-heal|p2a: Klefki|53\/100|[from] item: Leftovers\n|upkeep\n|turn|5\n|\n|t:|1699840020\n|move|p2a: Klefki|Draining Kiss|p1a: Quagsire\n|-damage|p1a: Quagsire|72\/100\n|-heal|p2a: Klefki|80\/100|[from] drain|[of] p1a: Quagsire\n|-damage|p2a: Klefki|63\/100|[from] item: Rocky Helmet|[of] p1a: Quagsire\n|move|p1a: Quagsire|Yawn|p2a: Klefki\n|-start|p2a: Klefki|move: Yawn|[of] p1a: Quagsire\n|\n|-weather|none\n|-heal|p2a: Klefki|69\/100|[from] Grassy Terrain\n|-heal|p2a: Klefki|75\/100|[from] item: Leftovers\n|-heal|p1a: Quagsire|78\/100|[from] Grassy Terrain\n|upkeep\n|turn|6\n|\n|t:|1699840027\n|move|p2a: Klefki|Draining Kiss|p1a: Quagsire\n|-damage|p1a: Quagsire|52\/100\n|-heal|p2a: Klefki|99\/100|[from] drain|[of] p1a: Quagsire\n|-damage|p2a: Klefki|83\/100|[from] item: Rocky Helmet|[of] p1a: Quagsire\n|move|p1a: Quagsire|Earthquake|p2a: Klefki\n|-damage|p2a: Klefki|65\/100\n|\n|-heal|p2a: Klefki|71\/100|[from] Grassy Terrain\n|-heal|p2a: Klefki|77\/100|[from] item: Leftovers\n|-heal|p1a: Quagsire|58\/100|[from] Grassy Terrain\n|-end|p2a: Klefki|move: Yawn|[silent]\n|-status|p2a: Klefki|slp\n|upkeep\n|turn|7\n|\n|t:|1699840035\n|switch|p1a: Empoleon|Empoleon, M|100\/100\n|cant|p2a: Klefki|slp\n|\n|-heal|p2a: Klefki|83\/100 slp|[from] Grassy Terrain\n|-heal|p2a: Klefki|89\/100 slp|[from] item: Leftovers\n|upkeep\n|turn|8\n|\n|t:|1699840039\n|move|p1a: Empoleon|Flash Cannon|p2a: Klefki\n|-supereffective|p2a: Klefki\n|-damage|p2a: Klefki|54\/100 slp\n|cant|p2a: Klefki|slp\n|\n|-heal|p2a: Klefki|60\/100 slp|[from] Grassy Terrain\n|-heal|p2a: Klefki|66\/100 slp|[from] item: Leftovers\n|-fieldend|move: Grassy Terrain\n|upkeep\n|turn|9\n|\n|t:|1699840041\n|cant|p2a: Klefki|slp\n|move|p1a: Empoleon|Flash Cannon|p2a: Klefki\n|-supereffective|p2a: Klefki\n|-damage|p2a: Klefki|30\/100 slp\n|\n|-heal|p2a: Klefki|36\/100 slp|[from] item: Leftovers\n|upkeep\n|turn|10\n|\n|t:|1699840044\n|-curestatus|p2a: Klefki|slp|[msg]\n|move|p2a: Klefki|Calm Mind|p2a: Klefki\n|-boost|p2a: Klefki|spa|1\n|-boost|p2a: Klefki|spd|1\n|move|p1a: Empoleon|Flash Cannon|p2a: Klefki\n|-supereffective|p2a: Klefki\n|-damage|p2a: Klefki|6\/100\n|\n|-heal|p2a: Klefki|12\/100|[from] item: Leftovers\n|upkeep\n|turn|11\n|\n|t:|1699840050\n|move|p1a: Empoleon|Flash Cannon|p2a: Klefki\n|-supereffective|p2a: Klefki\n|-damage|p2a: Klefki|0 fnt\n|faint|p2a: Klefki\n|\n|upkeep\n|\n|t:|1699840052\n|switch|p2a: Tornadus|Tornadus, M|100\/100\n|turn|12\n|\n|t:|1699840054\n|move|p2a: Tornadus|Tailwind|p2a: Tornadus\n|-sidestart|p2: Gen5IsGoodISwear|move: Tailwind\n|move|p1a: Empoleon|Hydro Pump|p2a: Tornadus\n|-damage|p2a: Tornadus|56\/100\n|\n|upkeep\n|turn|13\n|\n|t:|1699840060\n|switch|p2a: Brambleghast|Brambleghast, F|100\/100\n|-ability|p2a: Brambleghast|Wind Rider|boost\n|-boost|p2a: Brambleghast|atk|1\n|move|p1a: Empoleon|Blizzard|p2a: Brambleghast\n|-ability|p2a: Brambleghast|Wind Rider|boost\n|-boost|p2a: Brambleghast|atk|1\n|\n|upkeep\n|turn|14\n|c|\u2606Aquanots|Gay\n|c|\u2606Aquanots|asf\n|c|\u2606Aquanots|what type of gay shit is that\n|c|\u2606Gen5IsGoodISwear|L?\n|\n|t:|1699840091\n|switch|p1a: Pelipper|Pelipper, F|61\/100\n|-weather|RainDance|[from] ability: Drizzle|[of] p1a: Pelipper\n|move|p2a: Brambleghast|Power Whip|p1a: Pelipper\n|-damage|p1a: Pelipper|0 fnt\n|faint|p1a: Pelipper\n|\n|-weather|RainDance|[upkeep]\n|upkeep\n|\n|t:|1699840098\n|switch|p1a: Greninja|Greninja, M|100\/100\n|turn|15\n|\n|t:|1699840099\n|move|p2a: Brambleghast|Power Whip|p1a: Greninja\n|-supereffective|p1a: Greninja\n|-damage|p1a: Greninja|0 fnt\n|faint|p1a: Greninja\n|\n|-weather|RainDance|[upkeep]\n|-sideend|p2: Gen5IsGoodISwear|move: Tailwind\n|upkeep\n|\n|t:|1699840107\n|switch|p1a: Empoleon|Empoleon, M|100\/100\n|turn|16\n|\n|t:|1699840110\n|move|p2a: Brambleghast|Power Whip|p1a: Empoleon\n|-damage|p1a: Empoleon|0 fnt\n|faint|p1a: Empoleon\n|\n|-weather|RainDance|[upkeep]\n|upkeep\n|-message|Aquanots forfeited.\n|\n|win|Gen5IsGoodISwear\n|raw|Aquanots's rating: 1241 &rarr; <strong>1210<\/strong><br \/>(-31 for losing)\n|raw|Gen5IsGoodISwear's rating: 1158 &rarr; <strong>1189<\/strong><br \/>(+31 for winning)\n|l|\u2606Aquanots\n","uploadtime":1699840085,"views":6,"p1id":"aquanots","p2id":"gen5isgoodiswear","formatid":"gen9ou","rating":1189,"private":0,"password":""}