{"id":"gen9ou-1992736319","p1":"weilai1019","p2":"KyogreF4N","format":"[Gen 9] OU","log":"|j|\u2606weilai1019\n|j|\u2606KyogreF4N\n|t:|1700230614\n|gametype|singles\n|player|p1|weilai1019|rosa|1588\n|player|p2|KyogreF4N|lucas|1744\n|teamsize|p1|6\n|teamsize|p2|6\n|gen|9\n|tier|[Gen 9] OU\n|rated|\n|rule|Sleep Clause Mod: Limit one foe put to sleep\n|rule|Species Clause: Limit one of each Pok\u00e9mon\n|rule|OHKO Clause: OHKO moves are banned\n|rule|Evasion Items Clause: Evasion items are banned\n|rule|Evasion Moves Clause: Evasion moves are banned\n|rule|Endless Battle Clause: Forcing endless battles is banned\n|rule|HP Percentage Mod: HP is shown in percentages\n|clearpoke\n|poke|p1|Rillaboom, F|\n|poke|p1|Sandy Shocks|\n|poke|p1|Alomomola, F|\n|poke|p1|Kingambit, F|\n|poke|p1|Iron Valiant|\n|poke|p1|Great Tusk|\n|poke|p2|Great Tusk|\n|poke|p2|Ogerpon-Wellspring, F|\n|poke|p2|Iron Valiant|\n|poke|p2|Slowking-Galar, F|\n|poke|p2|Zamazenta-*|\n|poke|p2|Dragonite, F|\n|teampreview\n|inactive|Battle timer is ON: inactive players will automatically lose when time's up. (requested by weilai1019)\n|\n|t:|1700230636\n|start\n|switch|p1a: Rillaboom|Rillaboom, F|100\/100\n|switch|p2a: Slowking|Slowking-Galar, F|100\/100\n|-fieldstart|move: Grassy Terrain|[from] ability: Grassy Surge|[of] p1a: Rillaboom\n|turn|1\n|inactive|KyogreF4N has 120 seconds left.\n|\n|t:|1700230675\n|move|p1a: Rillaboom|U-turn|p2a: Slowking\n|-damage|p2a: Slowking|63\/100\n|\n|t:|1700230683\n|switch|p1a: Alomomola|Alomomola, F|100\/100|[from] U-turn\n|move|p2a: Slowking|Sludge Bomb|p1a: Alomomola\n|-damage|p1a: Alomomola|68\/100\n|\n|-heal|p1a: Alomomola|74\/100|[from] Grassy Terrain\n|-heal|p1a: Alomomola|81\/100|[from] item: Leftovers\n|-heal|p2a: Slowking|69\/100|[from] Grassy Terrain\n|upkeep\n|turn|2\n|\n|t:|1700230696\n|move|p1a: Alomomola|Scald|p2a: Slowking\n|-crit|p2a: Slowking\n|-damage|p2a: Slowking|56\/100\n|-status|p2a: Slowking|brn\n|move|p2a: Slowking|Chilly Reception|p2a: Slowking\n|-weather|Snow\n|\n|t:|1700230703\n|switch|p2a: Ogerpon|Ogerpon-Wellspring, F|100\/100|[from] Chilly Reception\n|\n|-weather|Snow|[upkeep]\n|-heal|p1a: Alomomola|87\/100|[from] Grassy Terrain\n|-heal|p1a: Alomomola|93\/100|[from] item: Leftovers\n|upkeep\n|turn|3\n|\n|t:|1700230717\n|switch|p1a: Rillaboom|Rillaboom, F|100\/100\n|move|p2a: Ogerpon|Knock Off|p1a: Rillaboom\n|-damage|p1a: Rillaboom|64\/100\n|-enditem|p1a: Rillaboom|Choice Band|[from] move: Knock Off|[of] p2a: Ogerpon\n|\n|-weather|Snow|[upkeep]\n|-heal|p1a: Rillaboom|70\/100|[from] Grassy Terrain\n|upkeep\n|turn|4\n|\n|t:|1700230734\n|switch|p2a: Iron Valiant|Iron Valiant|100\/100\n|-enditem|p2a: Iron Valiant|Booster Energy\n|-activate|p2a: Iron Valiant|ability: Quark Drive|[fromitem]\n|-start|p2a: Iron Valiant|quarkdrivespe\n|move|p1a: Rillaboom|Grassy Glide|p2a: Iron Valiant\n|-damage|p2a: Iron Valiant|45\/100\n|\n|-weather|Snow|[upkeep]\n|-heal|p2a: Iron Valiant|52\/100|[from] Grassy Terrain\n|-heal|p1a: Rillaboom|76\/100|[from] Grassy Terrain\n|upkeep\n|turn|5\n|\n|t:|1700230742\n|-end|p2a: Iron Valiant|Quark Drive|[silent]\n|switch|p2a: Slowking|Slowking-Galar, F|89\/100 brn\n|-terastallize|p1a: Rillaboom|Grass\n|move|p1a: Rillaboom|Grassy Glide|p2a: Slowking\n|-resisted|p2a: Slowking\n|-crit|p2a: Slowking\n|-damage|p2a: Slowking|46\/100 brn\n|\n|-weather|Snow|[upkeep]\n|-heal|p1a: Rillaboom|82\/100|[from] Grassy Terrain\n|-heal|p2a: Slowking|53\/100 brn|[from] Grassy Terrain\n|-damage|p2a: Slowking|46\/100 brn|[from] brn\n|-fieldend|move: Grassy Terrain\n|upkeep\n|turn|6\n|\n|t:|1700230750\n|move|p1a: Rillaboom|U-turn|p2a: Slowking\n|-damage|p2a: Slowking|20\/100 brn\n|\n|t:|1700230753\n|switch|p1a: Alomomola|Alomomola, F|100\/100|[from] U-turn\n|move|p2a: Slowking|Chilly Reception|p2a: Slowking\n|\n|t:|1700230756\n|switch|p2a: Ogerpon|Ogerpon-Wellspring, F|100\/100|[from] Chilly Reception\n|\n|-weather|none\n|upkeep\n|turn|7\n|\n|t:|1700230765\n|move|p2a: Ogerpon|Ivy Cudgel|p1a: Alomomola|[anim] Ivy Cudgel Water\n|-resisted|p1a: Alomomola\n|-crit|p1a: Alomomola\n|-damage|p1a: Alomomola|74\/100\n|move|p1a: Alomomola|Wish|p1a: Alomomola\n|\n|-heal|p1a: Alomomola|80\/100|[from] item: Leftovers\n|upkeep\n|turn|8\n|\n|t:|1700230775\n|switch|p1a: Rillaboom|Rillaboom, F, tera:Grass|82\/100\n|-fieldstart|move: Grassy Terrain|[from] ability: Grassy Surge|[of] p1a: Rillaboom\n|move|p2a: Ogerpon|Horn Leech|p1a: Rillaboom\n|-resisted|p1a: Rillaboom\n|-damage|p1a: Rillaboom|57\/100\n|\n|-heal|p1a: Rillaboom|100\/100|[from] move: Wish|[wisher] Alomomola\n|upkeep\n|turn|9\n|\n|t:|1700230788\n|switch|p2a: Slowking|Slowking-Galar, F|53\/100 brn\n|move|p1a: Rillaboom|Wood Hammer|p2a: Slowking\n|-resisted|p2a: Slowking\n|-damage|p2a: Slowking|0 fnt\n|faint|p2a: Slowking\n|-damage|p1a: Rillaboom|83\/100|[from] Recoil\n|\n|-heal|p1a: Rillaboom|89\/100|[from] Grassy Terrain\n|upkeep\n|\n|t:|1700230800\n|switch|p2a: Dragonite|Dragonite, F|100\/100\n|turn|10\n|\n|t:|1700230823\n|move|p2a: Dragonite|Ice Spinner|p1a: Rillaboom\n|-supereffective|p1a: Rillaboom\n|-damage|p1a: Rillaboom|38\/100\n|-fieldend|move: Grassy Terrain\n|move|p1a: Rillaboom|U-turn|p2a: Dragonite\n|-resisted|p2a: Dragonite\n|-damage|p2a: Dragonite|94\/100\n|inactive|weilai1019 has 120 seconds left.\n|\n|t:|1700230838\n|switch|p1a: Great Tusk|Great Tusk|100\/100|[from] U-turn\n|\n|upkeep\n|turn|11\n|\n|t:|1700230846\n|switch|p2a: Iron Valiant|Iron Valiant|52\/100\n|move|p1a: Great Tusk|Ice Spinner|p2a: Iron Valiant\n|-damage|p2a: Iron Valiant|12\/100\n|\n|upkeep\n|turn|12\n|\n|t:|1700230853\n|-end|p1a: Great Tusk|Protosynthesis|[silent]\n|switch|p1a: Alomomola|Alomomola, F|100\/100\n|move|p2a: Iron Valiant|Moonblast|p1a: Alomomola\n|-damage|p1a: Alomomola|62\/100\n|\n|-heal|p1a: Alomomola|68\/100|[from] item: Leftovers\n|upkeep\n|turn|13\n|\n|t:|1700230859\n|move|p2a: Iron Valiant|Moonblast|p1a: Alomomola\n|-damage|p1a: Alomomola|30\/100\n|move|p1a: Alomomola|Wish|p1a: Alomomola\n|\n|-heal|p1a: Alomomola|36\/100|[from] item: Leftovers\n|upkeep\n|turn|14\n|\n|t:|1700230866\n|move|p1a: Alomomola|Protect|p1a: Alomomola\n|-singleturn|p1a: Alomomola|Protect\n|move|p2a: Iron Valiant|Calm Mind|p2a: Iron Valiant\n|-boost|p2a: Iron Valiant|spa|1\n|-boost|p2a: Iron Valiant|spd|1\n|\n|-heal|p1a: Alomomola|86\/100|[from] move: Wish|[wisher] Alomomola\n|-heal|p1a: Alomomola|92\/100|[from] item: Leftovers\n|upkeep\n|turn|15\n|\n|t:|1700230874\n|move|p2a: Iron Valiant|Moonblast|p1a: Alomomola\n|-damage|p1a: Alomomola|34\/100\n|move|p1a: Alomomola|Flip Turn|p2a: Iron Valiant\n|-damage|p2a: Iron Valiant|0 fnt\n|faint|p2a: Iron Valiant\n|-end|p2a: Iron Valiant|Quark Drive|[silent]\n|\n|t:|1700230890\n|switch|p1a: Sandy Shocks|Sandy Shocks|100\/100|[from] Flip Turn\n|-enditem|p1a: Sandy Shocks|Booster Energy\n|-activate|p1a: Sandy Shocks|ability: Protosynthesis|[fromitem]\n|-start|p1a: Sandy Shocks|protosynthesisspe\n|\n|upkeep\n|\n|t:|1700230893\n|switch|p2a: Ogerpon|Ogerpon-Wellspring, F|100\/100\n|turn|16\n|\n|t:|1700230900\n|move|p1a: Sandy Shocks|Thunderbolt|p2a: Ogerpon\n|-damage|p2a: Ogerpon|49\/100\n|move|p2a: Ogerpon|Ivy Cudgel|p1a: Sandy Shocks|[anim] Ivy Cudgel Water\n|-supereffective|p1a: Sandy Shocks\n|-crit|p1a: Sandy Shocks\n|-damage|p1a: Sandy Shocks|0 fnt\n|faint|p1a: Sandy Shocks\n|-end|p1a: Sandy Shocks|Protosynthesis|[silent]\n|\n|upkeep\n|\n|t:|1700230906\n|switch|p1a: Rillaboom|Rillaboom, F, tera:Grass|38\/100\n|-fieldstart|move: Grassy Terrain|[from] ability: Grassy Surge|[of] p1a: Rillaboom\n|turn|17\n|\n|t:|1700230914\n|move|p1a: Rillaboom|Grassy Glide|p2a: Ogerpon\n|-damage|p2a: Ogerpon|0 fnt\n|faint|p2a: Ogerpon\n|\n|-heal|p1a: Rillaboom|44\/100|[from] Grassy Terrain\n|upkeep\n|\n|t:|1700230918\n|switch|p2a: Zamazenta|Zamazenta|100\/100\n|-ability|p2a: Zamazenta|Dauntless Shield|boost\n|-boost|p2a: Zamazenta|def|1\n|turn|18\n|\n|t:|1700230924\n|move|p2a: Zamazenta|Iron Defense|p2a: Zamazenta\n|-boost|p2a: Zamazenta|def|2\n|move|p1a: Rillaboom|U-turn|p2a: Zamazenta\n|-resisted|p2a: Zamazenta\n|-damage|p2a: Zamazenta|97\/100\n|\n|t:|1700230932\n|switch|p1a: Iron Valiant|Iron Valiant|100\/100|[from] U-turn\n|-enditem|p1a: Iron Valiant|Booster Energy\n|-activate|p1a: Iron Valiant|ability: Quark Drive|[fromitem]\n|-start|p1a: Iron Valiant|quarkdrivespe\n|\n|-heal|p2a: Zamazenta|100\/100|[from] Grassy Terrain\n|upkeep\n|turn|19\n|\n|t:|1700230936\n|-terastallize|p2a: Zamazenta|Poison\n|move|p1a: Iron Valiant|Moonblast|p2a: Zamazenta\n|-resisted|p2a: Zamazenta\n|-damage|p2a: Zamazenta|79\/100\n|-unboost|p2a: Zamazenta|spa|1\n|move|p2a: Zamazenta|Body Press|p1a: Iron Valiant\n|-resisted|p1a: Iron Valiant\n|-damage|p1a: Iron Valiant|28\/100\n|\n|-heal|p1a: Iron Valiant|34\/100|[from] Grassy Terrain\n|-heal|p2a: Zamazenta|85\/100|[from] Grassy Terrain\n|-heal|p2a: Zamazenta|92\/100|[from] item: Leftovers\n|upkeep\n|turn|20\n|\n|t:|1700230945\n|move|p1a: Iron Valiant|Destiny Bond|p1a: Iron Valiant\n|-singlemove|p1a: Iron Valiant|Destiny Bond\n|move|p2a: Zamazenta|Body Press|p1a: Iron Valiant\n|-resisted|p1a: Iron Valiant\n|-damage|p1a: Iron Valiant|0 fnt\n|faint|p1a: Iron Valiant\n|-activate|p1a: Iron Valiant|move: Destiny Bond\n|-end|p1a: Iron Valiant|Quark Drive|[silent]\n|faint|p2a: Zamazenta\n|\n|upkeep\n|\n|t:|1700230966\n|switch|p2a: Great Tusk|Great Tusk|100\/100\n|switch|p1a: Great Tusk|Great Tusk|100\/100\n|turn|21\n|\n|t:|1700230972\n|move|p2a: Great Tusk|Stealth Rock|p1a: Great Tusk\n|-sidestart|p1: weilai1019|move: Stealth Rock\n|move|p1a: Great Tusk|Ice Spinner|p2a: Great Tusk\n|-supereffective|p2a: Great Tusk\n|-damage|p2a: Great Tusk|57\/100\n|-fieldend|move: Grassy Terrain\n|\n|upkeep\n|turn|22\n|\n|t:|1700230979\n|move|p2a: Great Tusk|Rapid Spin|p1a: Great Tusk\n|-damage|p1a: Great Tusk|88\/100\n|-boost|p2a: Great Tusk|spe|1\n|move|p1a: Great Tusk|Rapid Spin|p2a: Great Tusk\n|-damage|p2a: Great Tusk|43\/100\n|-boost|p1a: Great Tusk|spe|1\n|-sideend|p1: weilai1019|Stealth Rock|[from] move: Rapid Spin|[of] p1a: Great Tusk\n|\n|upkeep\n|turn|23\n|\n|t:|1700230992\n|move|p2a: Great Tusk|Close Combat|p1a: Great Tusk\n|-damage|p1a: Great Tusk|44\/100\n|-unboost|p2a: Great Tusk|def|1\n|-unboost|p2a: Great Tusk|spd|1\n|move|p1a: Great Tusk|Ice Spinner|p2a: Great Tusk\n|-supereffective|p2a: Great Tusk\n|-damage|p2a: Great Tusk|0 fnt\n|faint|p2a: Great Tusk\n|-end|p2a: Great Tusk|Protosynthesis|[silent]\n|\n|upkeep\n|-message|KyogreF4N forfeited.\n|\n|win|weilai1019\n|raw|weilai1019's rating: 1588 &rarr; <strong>1616<\/strong><br \/>(+28 for winning)\n|raw|KyogreF4N's rating: 1744 &rarr; <strong>1716<\/strong><br \/>(-28 for losing)\n|l|\u2606KyogreF4N\n","uploadtime":1700231009,"views":11,"p1id":"weilai1019","p2id":"kyogref4n","formatid":"gen9ou","rating":1616,"private":0,"password":""}