{"id":"gen9ou-1991718549","p1":"grass knot zygarde","p2":"listeningtolofii","format":"[Gen 9] OU","log":"|j|\u2606grass knot zygarde\n|j|\u2606listeningtolofii\n|t:|1700106514\n|gametype|singles\n|player|p1|grass knot zygarde|dawn|1467\n|player|p2|listeningtolofii|unknown|1563\n|teamsize|p1|6\n|teamsize|p2|6\n|gen|9\n|tier|[Gen 9] OU\n|rated|\n|rule|Sleep Clause Mod: Limit one foe put to sleep\n|rule|Species Clause: Limit one of each Pok\u00e9mon\n|rule|OHKO Clause: OHKO moves are banned\n|rule|Evasion Items Clause: Evasion items are banned\n|rule|Evasion Moves Clause: Evasion moves are banned\n|rule|Endless Battle Clause: Forcing endless battles is banned\n|rule|HP Percentage Mod: HP is shown in percentages\n|clearpoke\n|poke|p1|Clefable, F|\n|poke|p1|Alomomola, F|\n|poke|p1|Blissey, F|\n|poke|p1|Clodsire, F|\n|poke|p1|Dondozo, F|\n|poke|p1|Amoonguss, F|\n|poke|p2|Iron Valiant|\n|poke|p2|Samurott-Hisui, F|\n|poke|p2|Cresselia, F|\n|poke|p2|Ceruledge, F|\n|poke|p2|Glimmora, F|\n|poke|p2|Dragapult, M|\n|teampreview\n|inactive|Battle timer is ON: inactive players will automatically lose when time's up. (requested by grass knot zygarde)\n|inactive|grass knot zygarde has 120 seconds left.\n|\n|t:|1700106547\n|start\n|switch|p1a: Amoonguss|Amoonguss, F, shiny|100\/100\n|switch|p2a: Samurott|Samurott-Hisui, F|100\/100\n|turn|1\n|\n|t:|1700106561\n|move|p2a: Samurott|Ceaseless Edge|p1a: Amoonguss\n|-damage|p1a: Amoonguss|62\/100\n|-sidestart|p1: grass knot zygarde|Spikes\n|move|p1a: Amoonguss|Giga Drain|p2a: Samurott\n|-supereffective|p2a: Samurott\n|-damage|p2a: Samurott|33\/100\n|-heal|p1a: Amoonguss|87\/100|[from] drain|[of] p2a: Samurott\n|\n|upkeep\n|turn|2\n|\n|t:|1700106575\n|switch|p2a: Glimmora|Glimmora, F|100\/100\n|move|p1a: Amoonguss|Giga Drain|p2a: Glimmora\n|-damage|p2a: Glimmora|67\/100\n|-heal|p1a: Amoonguss|98\/100|[from] drain|[of] p2a: Glimmora\n|-enditem|p2a: Glimmora|Red Card|[of] p1a: Amoonguss\n|drag|p1a: Dondozo|Dondozo, F, shiny|100\/100\n|\n|upkeep\n|turn|3\n|\n|t:|1700106586\n|switch|p1a: Amoonguss|Amoonguss, F, shiny|100\/100\n|move|p2a: Glimmora|Mortal Spin|p1a: Amoonguss\n|-damage|p1a: Amoonguss|96\/100\n|\n|upkeep\n|turn|4\n|\n|t:|1700106593\n|move|p2a: Glimmora|Stealth Rock|p1a: Amoonguss\n|-sidestart|p1: grass knot zygarde|move: Stealth Rock\n|move|p1a: Amoonguss|Spore|p2a: Glimmora\n|-status|p2a: Glimmora|slp|[from] move: Spore\n|\n|upkeep\n|turn|5\n|\n|t:|1700106599\n|switch|p2a: Ceruledge|Ceruledge, F|100\/100\n|-item|p2a: Ceruledge|Air Balloon\n|move|p1a: Amoonguss|Giga Drain|p2a: Ceruledge\n|-resisted|p2a: Ceruledge\n|-damage|p2a: Ceruledge|87\/100\n|-heal|p1a: Amoonguss|100\/100|[from] drain|[of] p2a: Ceruledge\n|-enditem|p2a: Ceruledge|Air Balloon\n|\n|upkeep\n|turn|6\n|\n|t:|1700106607\n|switch|p1a: Dondozo|Dondozo, F, shiny|100\/100\n|move|p2a: Ceruledge|Bitter Blade|p1a: Dondozo\n|-resisted|p1a: Dondozo\n|-crit|p1a: Dondozo\n|-damage|p1a: Dondozo|84\/100\n|-heal|p2a: Ceruledge|100\/100|[from] drain|[of] p1a: Dondozo\n|\n|upkeep\n|turn|7\n|\n|t:|1700106619\n|switch|p2a: Dragapult|Dragapult, M|100\/100\n|move|p1a: Dondozo|Waterfall|p2a: Dragapult\n|-resisted|p2a: Dragapult\n|-damage|p2a: Dragapult|83\/100\n|\n|upkeep\n|turn|8\n|\n|t:|1700106630\n|switch|p1a: Blissey|Blissey, F, shiny|100\/100\n|move|p2a: Dragapult|Will-O-Wisp|p1a: Blissey\n|-status|p1a: Blissey|brn\n|\n|-damage|p1a: Blissey|94\/100 brn|[from] brn\n|upkeep\n|turn|9\n|\n|t:|1700106640\n|switch|p2a: Ceruledge|Ceruledge, F|100\/100\n|move|p1a: Blissey|Stealth Rock|p2a: Ceruledge\n|-sidestart|p2: listeningtolofii|move: Stealth Rock\n|\n|-damage|p1a: Blissey|88\/100 brn|[from] brn\n|upkeep\n|turn|10\n|\n|t:|1700106647\n|-curestatus|p1a: Blissey|brn|[from] ability: Natural Cure\n|switch|p1a: Alomomola|Alomomola, F, shiny|100\/100\n|move|p2a: Ceruledge|Taunt|p1a: Alomomola\n|-start|p1a: Alomomola|move: Taunt\n|\n|upkeep\n|turn|11\n|inactive|listeningtolofii has 120 seconds left.\n|\n|t:|1700106682\n|switch|p2a: Iron Valiant|Iron Valiant|100\/100\n|-damage|p2a: Iron Valiant|94\/100|[from] Stealth Rock\n|-enditem|p2a: Iron Valiant|Booster Energy\n|-activate|p2a: Iron Valiant|ability: Quark Drive|[fromitem]\n|-start|p2a: Iron Valiant|quarkdrivespe\n|move|p1a: Alomomola|Flip Turn|p2a: Iron Valiant\n|-damage|p2a: Iron Valiant|71\/100\n|\n|t:|1700106692\n|switch|p1a: Clodsire|Clodsire, F, shiny|100\/100|[from] Flip Turn\n|\n|upkeep\n|turn|12\n|\n|t:|1700106698\n|move|p2a: Iron Valiant|Knock Off|p1a: Clodsire\n|-damage|p1a: Clodsire|69\/100\n|-enditem|p1a: Clodsire|Heavy-Duty Boots|[from] move: Knock Off|[of] p2a: Iron Valiant\n|move|p1a: Clodsire|Poison Jab|p2a: Iron Valiant\n|-supereffective|p2a: Iron Valiant\n|-damage|p2a: Iron Valiant|13\/100\n|-status|p2a: Iron Valiant|psn\n|\n|-damage|p2a: Iron Valiant|0 fnt|[from] psn\n|faint|p2a: Iron Valiant\n|-end|p2a: Iron Valiant|Quark Drive|[silent]\n|upkeep\n|\n|t:|1700106712\n|switch|p2a: Ceruledge|Ceruledge, F|100\/100\n|-damage|p2a: Ceruledge|76\/100|[from] Stealth Rock\n|turn|13\n|\n|t:|1700106718\n|switch|p1a: Alomomola|Alomomola, F, shiny|100\/100\n|move|p2a: Ceruledge|Taunt|p1a: Alomomola\n|-start|p1a: Alomomola|move: Taunt\n|\n|upkeep\n|turn|14\n|\n|t:|1700106726\n|switch|p2a: Dragapult|Dragapult, M|83\/100\n|-damage|p2a: Dragapult|71\/100|[from] Stealth Rock\n|move|p1a: Alomomola|Flip Turn|p2a: Dragapult\n|-resisted|p2a: Dragapult\n|-damage|p2a: Dragapult|61\/100\n|\n|t:|1700106734\n|switch|p1a: Blissey|Blissey, F, shiny|88\/100|[from] Flip Turn\n|\n|upkeep\n|turn|15\n|\n|t:|1700106742\n|switch|p2a: Samurott|Samurott-Hisui, F|33\/100\n|-damage|p2a: Samurott|21\/100|[from] Stealth Rock\n|move|p1a: Blissey|Protect||[still]\n|-fail|p1a: Blissey\n|\n|upkeep\n|turn|16\n|\n|t:|1700106756\n|switch|p1a: Clefable|Clefable, F, shiny|100\/100\n|move|p2a: Samurott|Encore||[still]\n|-fail|p2a: Samurott\n|\n|upkeep\n|turn|17\n|\n|t:|1700106766\n|move|p2a: Samurott|Razor Shell|p1a: Clefable\n|-damage|p1a: Clefable|62\/100\n|move|p1a: Clefable|Moonblast|p2a: Samurott\n|-supereffective|p2a: Samurott\n|-damage|p2a: Samurott|0 fnt\n|faint|p2a: Samurott\n|\n|-heal|p1a: Clefable|69\/100|[from] item: Leftovers\n|upkeep\n|\n|t:|1700106777\n|switch|p2a: Dragapult|Dragapult, M|61\/100\n|-damage|p2a: Dragapult|48\/100|[from] Stealth Rock\n|turn|18\n|\n|t:|1700106789\n|move|p1a: Clefable|Protect|p1a: Clefable\n|-singleturn|p1a: Clefable|Protect\n|move|p2a: Dragapult|Thunder Wave|p1a: Clefable\n|-activate|p1a: Clefable|move: Protect\n|\n|-heal|p1a: Clefable|75\/100|[from] item: Leftovers\n|upkeep\n|turn|19\n|\n|t:|1700106800\n|switch|p2a: Ceruledge|Ceruledge, F|76\/100\n|-damage|p2a: Ceruledge|51\/100|[from] Stealth Rock\n|switch|p1a: Blissey|Blissey, F, shiny|88\/100\n|\n|upkeep\n|turn|20\n|\n|t:|1700106810\n|switch|p1a: Alomomola|Alomomola, F, shiny|100\/100\n|move|p2a: Ceruledge|Bitter Blade|p1a: Alomomola\n|-resisted|p1a: Alomomola\n|-crit|p1a: Alomomola\n|-damage|p1a: Alomomola|82\/100\n|-heal|p2a: Ceruledge|68\/100|[from] drain|[of] p1a: Alomomola\n|\n|upkeep\n|turn|21\n|\n|t:|1700106818\n|switch|p2a: Glimmora|Glimmora, F|67\/100 slp\n|-damage|p2a: Glimmora|55\/100 slp|[from] Stealth Rock\n|move|p1a: Alomomola|Flip Turn|p2a: Glimmora\n|-supereffective|p2a: Glimmora\n|-damage|p2a: Glimmora|15\/100 slp\n|-activate|p2a: Glimmora|ability: Toxic Debris\n|-sidestart|p1: grass knot zygarde|move: Toxic Spikes\n|\n|t:|1700106826\n|switch|p1a: Amoonguss|Amoonguss, F, shiny|100\/100|[from] Flip Turn\n|-sideend|p1: grass knot zygarde|move: Toxic Spikes|[of] p1a: Amoonguss\n|\n|upkeep\n|turn|22\n|\n|t:|1700106832\n|cant|p2a: Glimmora|slp\n|move|p1a: Amoonguss|Giga Drain|p2a: Glimmora\n|-damage|p2a: Glimmora|0 fnt\n|faint|p2a: Glimmora\n|\n|upkeep\n|\n|t:|1700106837\n|switch|p2a: Ceruledge|Ceruledge, F|68\/100\n|-damage|p2a: Ceruledge|43\/100|[from] Stealth Rock\n|turn|23\n|\n|t:|1700106844\n|switch|p1a: Alomomola|Alomomola, F, shiny|100\/100\n|move|p2a: Ceruledge|Bitter Blade|p1a: Alomomola\n|-resisted|p1a: Alomomola\n|-damage|p1a: Alomomola|88\/100\n|-heal|p2a: Ceruledge|55\/100|[from] drain|[of] p1a: Alomomola\n|\n|upkeep\n|turn|24\n|\n|t:|1700106855\n|switch|p2a: Dragapult|Dragapult, M|48\/100\n|-damage|p2a: Dragapult|36\/100|[from] Stealth Rock\n|move|p1a: Alomomola|Flip Turn|p2a: Dragapult\n|-resisted|p2a: Dragapult\n|-damage|p2a: Dragapult|24\/100\n|\n|t:|1700106871\n|switch|p1a: Clefable|Clefable, F, shiny|75\/100|[from] Flip Turn\n|\n|-heal|p1a: Clefable|81\/100|[from] item: Leftovers\n|upkeep\n|turn|25\n|\n|t:|1700106877\n|move|p2a: Dragapult|Thunder Wave|p1a: Clefable\n|-status|p1a: Clefable|par\n|move|p1a: Clefable|Knock Off|p2a: Dragapult\n|-supereffective|p2a: Dragapult\n|-damage|p2a: Dragapult|0 fnt\n|-enditem|p2a: Dragapult|Focus Sash|[from] move: Knock Off|[of] p1a: Clefable\n|faint|p2a: Dragapult\n|\n|-heal|p1a: Clefable|87\/100 par|[from] item: Leftovers\n|upkeep\n|\n|t:|1700106883\n|switch|p2a: Cresselia|Cresselia, F, shiny|100\/100\n|-damage|p2a: Cresselia|88\/100|[from] Stealth Rock\n|turn|26\n|\n|t:|1700106893\n|switch|p1a: Amoonguss|Amoonguss, F, shiny|100\/100\n|move|p2a: Cresselia|Calm Mind|p2a: Cresselia\n|-boost|p2a: Cresselia|spa|1\n|-boost|p2a: Cresselia|spd|1\n|\n|-heal|p2a: Cresselia|94\/100|[from] item: Leftovers\n|upkeep\n|turn|27\n|\n|t:|1700106898\n|switch|p2a: Ceruledge|Ceruledge, F|55\/100\n|-damage|p2a: Ceruledge|30\/100|[from] Stealth Rock\n|move|p1a: Amoonguss|Spore|p2a: Ceruledge\n|-status|p2a: Ceruledge|slp|[from] move: Spore\n|\n|upkeep\n|turn|28\n|\n|t:|1700106902\n|switch|p2a: Cresselia|Cresselia, F, shiny|94\/100\n|-damage|p2a: Cresselia|82\/100|[from] Stealth Rock\n|move|p1a: Amoonguss|Foul Play|p2a: Cresselia\n|-supereffective|p2a: Cresselia\n|-damage|p2a: Cresselia|69\/100\n|\n|-heal|p2a: Cresselia|75\/100|[from] item: Leftovers\n|upkeep\n|turn|29\n|\n|t:|1700106912\n|switch|p1a: Clodsire|Clodsire, F, shiny|69\/100\n|-damage|p1a: Clodsire|56\/100|[from] Spikes\n|-damage|p1a: Clodsire|50\/100|[from] Stealth Rock\n|move|p2a: Cresselia|Calm Mind|p2a: Cresselia\n|-boost|p2a: Cresselia|spa|1\n|-boost|p2a: Cresselia|spd|1\n|\n|-heal|p2a: Cresselia|81\/100|[from] item: Leftovers\n|upkeep\n|turn|30\n|\n|t:|1700106918\n|switch|p2a: Ceruledge|Ceruledge, F|30\/100 slp\n|-damage|p2a: Ceruledge|5\/100 slp|[from] Stealth Rock\n|-terastallize|p1a: Clodsire|Steel\n|move|p1a: Clodsire|Recover|p1a: Clodsire\n|-heal|p1a: Clodsire|100\/100\n|\n|upkeep\n|turn|31\n|\n|t:|1700106928\n|cant|p2a: Ceruledge|slp\n|move|p1a: Clodsire|Poison Jab|p2a: Ceruledge\n|-resisted|p2a: Ceruledge\n|-damage|p2a: Ceruledge|0 fnt\n|faint|p2a: Ceruledge\n|\n|upkeep\n|\n|t:|1700106931\n|switch|p2a: Cresselia|Cresselia, F, shiny|81\/100\n|-damage|p2a: Cresselia|69\/100|[from] Stealth Rock\n|turn|32\n|-message|listeningtolofii forfeited.\n|\n|win|grass knot zygarde\n|raw|grass knot zygarde's rating: 1467 &rarr; <strong>1492<\/strong><br \/>(+25 for winning)\n|raw|listeningtolofii's rating: 1563 &rarr; <strong>1538<\/strong><br \/>(-25 for losing)\n|l|\u2606listeningtolofii\n","uploadtime":1700106944,"views":10,"p1id":"grassknotzygarde","p2id":"listeningtolofii","formatid":"gen9ou","rating":1492,"private":0,"password":""}