{"id":"gen9ou-1991747726","p1":"yessurskit","p2":"Gayblades4lyfe","format":"[Gen 9] OU","log":"|j|\u2606yessurskit\n|j|\u2606Gayblades4lyfe\n|t:|1700110475\n|gametype|singles\n|player|p1|yessurskit|102|1532\n|player|p2|Gayblades4lyfe|170|1426\n|teamsize|p1|6\n|teamsize|p2|6\n|gen|9\n|tier|[Gen 9] OU\n|rated|\n|rule|Sleep Clause Mod: Limit one foe put to sleep\n|rule|Species Clause: Limit one of each Pok\u00e9mon\n|rule|OHKO Clause: OHKO moves are banned\n|rule|Evasion Items Clause: Evasion items are banned\n|rule|Evasion Moves Clause: Evasion moves are banned\n|rule|Endless Battle Clause: Forcing endless battles is banned\n|rule|HP Percentage Mod: HP is shown in percentages\n|clearpoke\n|poke|p1|Pincurchin, F|\n|poke|p1|Iron Valiant|\n|poke|p1|Iron Treads|\n|poke|p1|Iron Leaves|\n|poke|p1|Iron Hands|\n|poke|p1|Rotom-Wash|\n|poke|p2|Great Tusk|\n|poke|p2|Iron Valiant|\n|poke|p2|Kingambit, F|\n|poke|p2|Garganacl, M|\n|poke|p2|Amoonguss, M|\n|poke|p2|Zapdos|\n|teampreview\n|\n|t:|1700110494\n|start\n|switch|p1a: Iron Leaves|Iron Leaves|100\/100\n|switch|p2a: Amoonguss|Amoonguss, M|100\/100\n|turn|1\n|\n|t:|1700110509\n|move|p1a: Iron Leaves|Psyblade|p2a: Amoonguss\n|-supereffective|p2a: Amoonguss\n|-damage|p2a: Amoonguss|0 fnt\n|faint|p2a: Amoonguss\n|\n|upkeep\n|\n|t:|1700110515\n|switch|p2a: Zapdos|Zapdos|100\/100\n|turn|2\n|\n|t:|1700110538\n|move|p1a: Iron Leaves|Psyblade|p2a: Zapdos\n|-damage|p2a: Zapdos|51\/100\n|move|p2a: Zapdos|Hurricane|p1a: Iron Leaves\n|-supereffective|p1a: Iron Leaves\n|-damage|p1a: Iron Leaves|5\/100\n|\n|upkeep\n|turn|3\n|\n|t:|1700110543\n|move|p1a: Iron Leaves|Psyblade|p2a: Zapdos\n|-damage|p2a: Zapdos|0 fnt\n|faint|p2a: Zapdos\n|\n|upkeep\n|\n|t:|1700110555\n|switch|p2a: Kingambit|Kingambit, F|100\/100\n|-activate|p2a: Kingambit|ability: Supreme Overlord\n|-start|p2a: Kingambit|fallen2|[silent]\n|-item|p2a: Kingambit|Air Balloon\n|turn|4\n|\n|t:|1700110572\n|-end|p1a: Iron Leaves|Quark Drive|[silent]\n|switch|p1a: Rotom|Rotom-Wash|100\/100\n|move|p2a: Kingambit|Swords Dance|p2a: Kingambit\n|-boost|p2a: Kingambit|atk|2\n|\n|upkeep\n|turn|5\n|\n|t:|1700110578\n|-end|p2a: Kingambit|fallen2|[silent]\n|switch|p2a: Garganacl|Garganacl, M|100\/100\n|move|p1a: Rotom|Will-O-Wisp|p2a: Garganacl\n|-immune|p2a: Garganacl|[from] ability: Purifying Salt\n|\n|upkeep\n|turn|6\n|\n|t:|1700110599\n|move|p1a: Rotom|Volt Switch|p2a: Garganacl\n|-damage|p2a: Garganacl|83\/100\n|\n|t:|1700110615\n|switch|p1a: Pincurchin|Pincurchin, F|100\/100|[from] Volt Switch\n|-fieldstart|move: Electric Terrain|[from] ability: Electric Surge|[of] p1a: Pincurchin\n|move|p2a: Garganacl|Salt Cure|p1a: Pincurchin\n|-damage|p1a: Pincurchin|88\/100\n|-start|p1a: Pincurchin|Salt Cure\n|\n|-heal|p2a: Garganacl|89\/100|[from] item: Leftovers\n|-damage|p1a: Pincurchin|76\/100|[from] Salt Cure\n|upkeep\n|turn|7\n|\n|t:|1700110657\n|switch|p1a: Iron Hands|Iron Hands|100\/100\n|-activate|p1a: Iron Hands|ability: Quark Drive\n|-start|p1a: Iron Hands|quarkdriveatk\n|move|p2a: Garganacl|Salt Cure|p1a: Iron Hands\n|-resisted|p1a: Iron Hands\n|-damage|p1a: Iron Hands|96\/100\n|-start|p1a: Iron Hands|Salt Cure\n|\n|-heal|p2a: Garganacl|95\/100|[from] item: Leftovers\n|-damage|p1a: Iron Hands|83\/100|[from] Salt Cure\n|upkeep\n|turn|8\n|\n|t:|1700110667\n|switch|p2a: Great Tusk|Great Tusk|100\/100\n|move|p1a: Iron Hands|Swords Dance|p1a: Iron Hands\n|-boost|p1a: Iron Hands|atk|2\n|\n|-damage|p1a: Iron Hands|71\/100|[from] Salt Cure\n|upkeep\n|turn|9\n|\n|t:|1700110674\n|move|p2a: Great Tusk|Stealth Rock|p1a: Iron Hands\n|-sidestart|p1: yessurskit|move: Stealth Rock\n|move|p1a: Iron Hands|Ice Punch|p2a: Great Tusk\n|-supereffective|p2a: Great Tusk\n|-damage|p2a: Great Tusk|17\/100\n|\n|-damage|p1a: Iron Hands|58\/100|[from] Salt Cure\n|upkeep\n|turn|10\n|\n|t:|1700110686\n|-end|p1a: Iron Hands|Quark Drive|[silent]\n|switch|p1a: Rotom|Rotom-Wash|100\/100\n|-damage|p1a: Rotom|88\/100|[from] Stealth Rock\n|move|p2a: Great Tusk|Earthquake|p1a: Rotom\n|-immune|p1a: Rotom|[from] ability: Levitate\n|\n|-heal|p1a: Rotom|94\/100|[from] item: Leftovers\n|upkeep\n|turn|11\n|\n|t:|1700110695\n|move|p1a: Rotom|Hydro Pump|p2a: Great Tusk\n|-supereffective|p2a: Great Tusk\n|-damage|p2a: Great Tusk|0 fnt\n|faint|p2a: Great Tusk\n|-end|p2a: Great Tusk|Protosynthesis|[silent]\n|\n|-heal|p1a: Rotom|99\/100|[from] item: Leftovers\n|upkeep\n|\n|t:|1700110711\n|switch|p2a: Garganacl|Garganacl, M|95\/100\n|turn|12\n|\n|t:|1700110718\n|move|p1a: Rotom|Volt Switch|p2a: Garganacl\n|-damage|p2a: Garganacl|78\/100\n|\n|t:|1700110721\n|switch|p1a: Iron Hands|Iron Hands|58\/100|[from] Volt Switch\n|-damage|p1a: Iron Hands|52\/100|[from] Stealth Rock\n|-activate|p1a: Iron Hands|ability: Quark Drive\n|-start|p1a: Iron Hands|quarkdriveatk\n|move|p2a: Garganacl|Salt Cure|p1a: Iron Hands\n|-resisted|p1a: Iron Hands\n|-damage|p1a: Iron Hands|47\/100\n|-start|p1a: Iron Hands|Salt Cure\n|\n|-heal|p2a: Garganacl|85\/100|[from] item: Leftovers\n|-damage|p1a: Iron Hands|35\/100|[from] Salt Cure\n|upkeep\n|turn|13\n|\n|t:|1700110733\n|switch|p2a: Iron Valiant|Iron Valiant|100\/100\n|-activate|p2a: Iron Valiant|ability: Quark Drive\n|-start|p2a: Iron Valiant|quarkdrivespe\n|move|p1a: Iron Hands|Drain Punch|p2a: Iron Valiant\n|-resisted|p2a: Iron Valiant\n|-damage|p2a: Iron Valiant|58\/100\n|-heal|p1a: Iron Hands|49\/100|[from] drain|[of] p2a: Iron Valiant\n|\n|-damage|p1a: Iron Hands|36\/100|[from] Salt Cure\n|-fieldend|move: Electric Terrain\n|-end|p2a: Iron Valiant|Quark Drive\n|-end|p1a: Iron Hands|Quark Drive\n|upkeep\n|-enditem|p2a: Iron Valiant|Booster Energy\n|-activate|p2a: Iron Valiant|ability: Quark Drive|[fromitem]\n|-start|p2a: Iron Valiant|quarkdrivespe\n|turn|14\n|\n|t:|1700110750\n|move|p2a: Iron Valiant|Close Combat|p1a: Iron Hands\n|-damage|p1a: Iron Hands|0 fnt\n|-unboost|p2a: Iron Valiant|def|1\n|-unboost|p2a: Iron Valiant|spd|1\n|faint|p1a: Iron Hands\n|-end|p1a: Iron Hands|Quark Drive|[silent]\n|\n|upkeep\n|\n|t:|1700110766\n|switch|p1a: Rotom|Rotom-Wash|99\/100\n|-damage|p1a: Rotom|88\/100|[from] Stealth Rock\n|turn|15\n|\n|t:|1700110790\n|move|p2a: Iron Valiant|Close Combat|p1a: Rotom\n|-crit|p1a: Rotom\n|-damage|p1a: Rotom|9\/100\n|-unboost|p2a: Iron Valiant|def|1\n|-unboost|p2a: Iron Valiant|spd|1\n|move|p1a: Rotom|Volt Switch|p2a: Iron Valiant\n|-damage|p2a: Iron Valiant|0 fnt\n|faint|p2a: Iron Valiant\n|-end|p2a: Iron Valiant|Quark Drive|[silent]\n|\n|t:|1700110799\n|switch|p1a: Iron Treads|Iron Treads|100\/100|[from] Volt Switch\n|-damage|p1a: Iron Treads|97\/100|[from] Stealth Rock\n|\n|upkeep\n|\n|t:|1700110831\n|switch|p2a: Garganacl|Garganacl, M|85\/100\n|turn|16\n|\n|t:|1700110837\n|move|p1a: Iron Treads|Rapid Spin|p2a: Garganacl\n|-resisted|p2a: Garganacl\n|-damage|p2a: Garganacl|77\/100\n|-boost|p1a: Iron Treads|spe|1\n|-sideend|p1: yessurskit|Stealth Rock|[from] move: Rapid Spin|[of] p1a: Iron Treads\n|-damage|p1a: Iron Treads|87\/100|[from] item: Life Orb\n|move|p2a: Garganacl|Iron Defense|p2a: Garganacl\n|-boost|p2a: Garganacl|def|2\n|\n|-heal|p2a: Garganacl|84\/100|[from] item: Leftovers\n|upkeep\n|turn|17\n|\n|t:|1700110856\n|-end|p1a: Iron Treads|Quark Drive|[silent]\n|switch|p1a: Pincurchin|Pincurchin, F|76\/100\n|-fieldstart|move: Electric Terrain|[from] ability: Electric Surge|[of] p1a: Pincurchin\n|move|p2a: Garganacl|Iron Defense|p2a: Garganacl\n|-boost|p2a: Garganacl|def|2\n|\n|-heal|p2a: Garganacl|90\/100|[from] item: Leftovers\n|upkeep\n|turn|18\n|\n|t:|1700110871\n|switch|p1a: Iron Valiant|Iron Valiant|100\/100\n|-activate|p1a: Iron Valiant|ability: Quark Drive\n|-start|p1a: Iron Valiant|quarkdrivespe\n|move|p2a: Garganacl|Salt Cure|p1a: Iron Valiant\n|-resisted|p1a: Iron Valiant\n|-damage|p1a: Iron Valiant|91\/100\n|-start|p1a: Iron Valiant|Salt Cure\n|\n|-heal|p2a: Garganacl|96\/100|[from] item: Leftovers\n|-damage|p1a: Iron Valiant|78\/100|[from] Salt Cure\n|upkeep\n|turn|19\n|\n|t:|1700110886\n|-terastallize|p1a: Iron Valiant|Electric\n|move|p1a: Iron Valiant|Thunderbolt|p2a: Garganacl\n|-damage|p2a: Garganacl|46\/100\n|-damage|p1a: Iron Valiant|69\/100|[from] item: Life Orb\n|move|p2a: Garganacl|Recover|p2a: Garganacl\n|-heal|p2a: Garganacl|96\/100\n|\n|-heal|p2a: Garganacl|100\/100|[from] item: Leftovers\n|-damage|p1a: Iron Valiant|56\/100|[from] Salt Cure\n|upkeep\n|turn|20\n|\n|t:|1700110905\n|move|p1a: Iron Valiant|Thunderbolt|p2a: Garganacl\n|-damage|p2a: Garganacl|53\/100\n|-damage|p1a: Iron Valiant|47\/100|[from] item: Life Orb\n|move|p2a: Garganacl|Recover|p2a: Garganacl\n|-heal|p2a: Garganacl|100\/100\n|\n|-damage|p1a: Iron Valiant|34\/100|[from] Salt Cure\n|upkeep\n|turn|21\n|\n|t:|1700110914\n|move|p1a: Iron Valiant|Thunderbolt|p2a: Garganacl\n|-damage|p2a: Garganacl|55\/100\n|-damage|p1a: Iron Valiant|24\/100|[from] item: Life Orb\n|move|p2a: Garganacl|Recover|p2a: Garganacl\n|-heal|p2a: Garganacl|100\/100\n|\n|-damage|p1a: Iron Valiant|12\/100|[from] Salt Cure\n|upkeep\n|turn|22\n|\n|t:|1700110925\n|move|p1a: Iron Valiant|Thunderbolt|p2a: Garganacl\n|-damage|p2a: Garganacl|54\/100\n|-damage|p1a: Iron Valiant|2\/100|[from] item: Life Orb\n|move|p2a: Garganacl|Recover|p2a: Garganacl\n|-heal|p2a: Garganacl|100\/100\n|\n|-damage|p1a: Iron Valiant|0 fnt|[from] Salt Cure\n|faint|p1a: Iron Valiant\n|-end|p1a: Iron Valiant|Quark Drive|[silent]\n|upkeep\n|\n|t:|1700110935\n|switch|p1a: Pincurchin|Pincurchin, F|76\/100\n|turn|23\n|\n|t:|1700110939\n|move|p2a: Garganacl|Body Press|p1a: Pincurchin\n|-damage|p1a: Pincurchin|19\/100\n|move|p1a: Pincurchin|Discharge|p2a: Garganacl\n|-damage|p2a: Garganacl|80\/100\n|\n|-heal|p2a: Garganacl|86\/100|[from] item: Leftovers\n|upkeep\n|turn|24\n|-message|yessurskit forfeited.\n|\n|win|Gayblades4lyfe\n|raw|yessurskit's rating: 1532 &rarr; <strong>1507<\/strong><br \/>(-25 for losing)\n|raw|Gayblades4lyfe's rating: 1440 &rarr; <strong>1465<\/strong><br \/>(+25 for winning)\n|l|\u2606yessurskit\n","uploadtime":1700110960,"views":9,"p1id":"yessurskit","p2id":"gayblades4lyfe","formatid":"gen9ou","rating":1465,"private":0,"password":""}