{"id":"gen9ou-1990853158","p1":"Agent_Dstag","p2":"Tetsuo_Kaneda","format":"[Gen 9] OU","log":"|j|\u2606Agent_Dstag\n|j|\u2606Tetsuo_Kaneda\n|t:|1700007757\n|gametype|singles\n|player|p1|Agent_Dstag|giovanni|1430\n|player|p2|Tetsuo_Kaneda|riley|1528\n|teamsize|p1|6\n|teamsize|p2|6\n|gen|9\n|tier|[Gen 9] OU\n|rated|\n|rule|Sleep Clause Mod: Limit one foe put to sleep\n|rule|Species Clause: Limit one of each Pok\u00e9mon\n|rule|OHKO Clause: OHKO moves are banned\n|rule|Evasion Items Clause: Evasion items are banned\n|rule|Evasion Moves Clause: Evasion moves are banned\n|rule|Endless Battle Clause: Forcing endless battles is banned\n|rule|HP Percentage Mod: HP is shown in percentages\n|clearpoke\n|poke|p1|Cinderace, F|\n|poke|p1|Landorus-Therian, M|\n|poke|p1|Great Tusk|\n|poke|p1|Sinistcha-Masterpiece|\n|poke|p1|Goodra-Hisui, M|\n|poke|p1|Samurott-Hisui, F|\n|poke|p2|Ninetales-Alola, F|\n|poke|p2|Garchomp, F|\n|poke|p2|Manaphy|\n|poke|p2|Heatran, F|\n|poke|p2|Great Tusk|\n|poke|p2|Ogerpon-Cornerstone, F|\n|teampreview\n|inactive|Battle timer is ON: inactive players will automatically lose when time's up. (requested by Agent_Dstag)\n|\n|t:|1700007779\n|start\n|switch|p1a: Cinderace|Cinderace, F|100\/100\n|switch|p2a: Ogerpon|Ogerpon-Cornerstone, F|100\/100\n|turn|1\n|\n|t:|1700007791\n|move|p1a: Cinderace|Will-O-Wisp|p2a: Ogerpon\n|-status|p2a: Ogerpon|brn\n|move|p2a: Ogerpon|Ivy Cudgel|p1a: Cinderace|[anim] Ivy Cudgel Rock\n|-supereffective|p1a: Cinderace\n|-damage|p1a: Cinderace|26\/100\n|\n|-damage|p2a: Ogerpon|95\/100 brn|[from] brn\n|upkeep\n|turn|2\n|\n|t:|1700007801\n|move|p1a: Cinderace|U-turn|p2a: Ogerpon\n|-supereffective|p2a: Ogerpon\n|-damage|p2a: Ogerpon|45\/100 brn\n|\n|t:|1700007803\n|switch|p1a: Landorus|Landorus-Therian, M|100\/100|[from] U-turn\n|-ability|p1a: Landorus|Intimidate|boost\n|-unboost|p2a: Ogerpon|atk|1\n|move|p2a: Ogerpon|Ivy Cudgel|p1a: Landorus|[anim] Ivy Cudgel Rock\n|-damage|p1a: Landorus|88\/100\n|\n|-damage|p2a: Ogerpon|39\/100 brn|[from] brn\n|upkeep\n|turn|3\n|\n|t:|1700007816\n|move|p2a: Ogerpon|Knock Off|p1a: Landorus\n|-damage|p1a: Landorus|79\/100\n|-damage|p2a: Ogerpon|23\/100 brn|[from] item: Rocky Helmet|[of] p1a: Landorus\n|-enditem|p1a: Landorus|Rocky Helmet|[from] move: Knock Off|[of] p2a: Ogerpon\n|move|p1a: Landorus|U-turn|p2a: Ogerpon\n|-supereffective|p2a: Ogerpon\n|-damage|p2a: Ogerpon|0 fnt\n|faint|p2a: Ogerpon\n|\n|t:|1700007829\n|switch|p1a: Cinderace|Cinderace, F|26\/100|[from] U-turn\n|\n|upkeep\n|\n|t:|1700007839\n|switch|p2a: Heatran|Heatran, F|100\/100\n|turn|4\n|\n|t:|1700007843\n|move|p1a: Cinderace|U-turn|p2a: Heatran\n|-resisted|p2a: Heatran\n|-damage|p2a: Heatran|97\/100\n|\n|t:|1700007856\n|switch|p1a: Landorus|Landorus-Therian, M|79\/100|[from] U-turn\n|-ability|p1a: Landorus|Intimidate|boost\n|-unboost|p2a: Heatran|atk|1\n|move|p2a: Heatran|Will-O-Wisp|p1a: Landorus\n|-status|p1a: Landorus|brn\n|\n|-heal|p2a: Heatran|100\/100|[from] item: Leftovers\n|-damage|p1a: Landorus|73\/100 brn|[from] brn\n|upkeep\n|turn|5\n|\n|t:|1700007881\n|switch|p2a: Ninetales|Ninetales-Alola, F, shiny|100\/100\n|-weather|Snow|[from] ability: Snow Warning|[of] p2a: Ninetales\n|move|p1a: Landorus|U-turn|p2a: Ninetales\n|-resisted|p2a: Ninetales\n|-damage|p2a: Ninetales|95\/100\n|\n|t:|1700007883\n|switch|p1a: Cinderace|Cinderace, F|26\/100|[from] U-turn\n|\n|-weather|Snow|[upkeep]\n|upkeep\n|turn|6\n|\n|t:|1700007894\n|switch|p2a: Heatran|Heatran, F|100\/100\n|move|p1a: Cinderace|U-turn|p2a: Heatran\n|-resisted|p2a: Heatran\n|-crit|p2a: Heatran\n|-damage|p2a: Heatran|95\/100\n|\n|t:|1700007898\n|switch|p1a: Samurott|Samurott-Hisui, F|100\/100|[from] U-turn\n|\n|-weather|Snow|[upkeep]\n|-heal|p2a: Heatran|100\/100|[from] item: Leftovers\n|upkeep\n|turn|7\n|\n|t:|1700007910\n|-terastallize|p2a: Heatran|Grass\n|move|p1a: Samurott|Razor Shell|p2a: Heatran\n|-resisted|p2a: Heatran\n|-damage|p2a: Heatran|76\/100\n|-unboost|p2a: Heatran|def|1\n|move|p2a: Heatran|Will-O-Wisp|p1a: Samurott\n|-status|p1a: Samurott|brn\n|\n|-weather|Snow|[upkeep]\n|-heal|p2a: Heatran|83\/100|[from] item: Leftovers\n|-damage|p1a: Samurott|94\/100 brn|[from] brn\n|upkeep\n|turn|8\n|\n|t:|1700007924\n|switch|p2a: Manaphy|Manaphy|100\/100\n|move|p1a: Samurott|Ceaseless Edge|p2a: Manaphy\n|-crit|p2a: Manaphy\n|-damage|p2a: Manaphy|68\/100\n|-sidestart|p2: Tetsuo_Kaneda|Spikes\n|\n|-weather|Snow|[upkeep]\n|-heal|p2a: Manaphy|74\/100|[from] item: Leftovers\n|-damage|p1a: Samurott|88\/100 brn|[from] brn\n|upkeep\n|turn|9\n|\n|t:|1700007938\n|switch|p1a: Goodra|Goodra-Hisui, M|100\/100\n|move|p2a: Manaphy|Tail Glow|p2a: Manaphy\n|-boost|p2a: Manaphy|spa|3\n|\n|-weather|none\n|-heal|p2a: Manaphy|80\/100|[from] item: Leftovers\n|upkeep\n|turn|10\n|\n|t:|1700007947\n|move|p2a: Manaphy|Dazzling Gleam|p1a: Goodra\n|-damage|p1a: Goodra|74\/100\n|move|p1a: Goodra|Dragon Tail|p2a: Manaphy\n|-damage|p2a: Manaphy|59\/100\n|drag|p2a: Ninetales|Ninetales-Alola, F, shiny|95\/100\n|-damage|p2a: Ninetales|83\/100|[from] Spikes\n|-weather|Snow|[from] ability: Snow Warning|[of] p2a: Ninetales\n|\n|-weather|Snow|[upkeep]\n|upkeep\n|turn|11\n|\n|t:|1700007959\n|move|p2a: Ninetales|Aurora Veil|p2a: Ninetales\n|-sidestart|p2: Tetsuo_Kaneda|move: Aurora Veil\n|move|p1a: Goodra|Flash Cannon|p2a: Ninetales\n|-supereffective|p2a: Ninetales\n|-damage|p2a: Ninetales|0 fnt\n|faint|p2a: Ninetales\n|\n|-weather|Snow|[upkeep]\n|upkeep\n|\n|t:|1700007967\n|switch|p2a: Garchomp|Garchomp, F|100\/100\n|-damage|p2a: Garchomp|88\/100|[from] Spikes\n|turn|12\n|\n|t:|1700007983\n|switch|p1a: Landorus|Landorus-Therian, M|73\/100 brn\n|-ability|p1a: Landorus|Intimidate|boost\n|-unboost|p2a: Garchomp|atk|1\n|move|p2a: Garchomp|Substitute|p2a: Garchomp\n|-start|p2a: Garchomp|Substitute\n|-damage|p2a: Garchomp|63\/100\n|\n|-weather|Snow|[upkeep]\n|-heal|p2a: Garchomp|69\/100|[from] item: Leftovers\n|-damage|p1a: Landorus|67\/100 brn|[from] brn\n|upkeep\n|turn|13\n|\n|t:|1700008004\n|move|p2a: Garchomp|Swords Dance|p2a: Garchomp\n|-boost|p2a: Garchomp|atk|2\n|move|p1a: Landorus|U-turn|p2a: Garchomp\n|-activate|p2a: Garchomp|move: Substitute|[damage]\n|\n|t:|1700008008\n|switch|p1a: Great Tusk|Great Tusk|100\/100|[from] U-turn\n|-enditem|p1a: Great Tusk|Booster Energy\n|-activate|p1a: Great Tusk|ability: Protosynthesis|[fromitem]\n|-start|p1a: Great Tusk|protosynthesisspe\n|\n|-weather|Snow|[upkeep]\n|-heal|p2a: Garchomp|76\/100|[from] item: Leftovers\n|upkeep\n|turn|14\n|\n|t:|1700008018\n|move|p1a: Great Tusk|Bulk Up|p1a: Great Tusk\n|-boost|p1a: Great Tusk|atk|1\n|-boost|p1a: Great Tusk|def|1\n|move|p2a: Garchomp|Scale Shot|p1a: Great Tusk\n|-damage|p1a: Great Tusk|92\/100\n|-damage|p1a: Great Tusk|84\/100\n|-hitcount|p1a: Great Tusk|2\n|-unboost|p2a: Garchomp|def|1\n|-boost|p2a: Garchomp|spe|1\n|\n|-weather|none\n|-heal|p2a: Garchomp|82\/100|[from] item: Leftovers\n|upkeep\n|turn|15\n|\n|t:|1700008031\n|move|p2a: Garchomp|Earthquake|p1a: Great Tusk\n|-damage|p1a: Great Tusk|49\/100\n|move|p1a: Great Tusk|Ice Spinner|p2a: Garchomp\n|-supereffective|p2a: Garchomp\n|-crit|p2a: Garchomp\n|-end|p2a: Garchomp|Substitute\n|\n|-heal|p2a: Garchomp|88\/100|[from] item: Leftovers\n|upkeep\n|turn|16\n|\n|t:|1700008046\n|move|p2a: Garchomp|Swords Dance|p2a: Garchomp\n|-boost|p2a: Garchomp|atk|2\n|move|p1a: Great Tusk|Ice Spinner|p2a: Garchomp\n|-supereffective|p2a: Garchomp\n|-damage|p2a: Garchomp|0 fnt\n|-damage|p1a: Great Tusk|37\/100|[from] ability: Rough Skin|[of] p2a: Garchomp\n|faint|p2a: Garchomp\n|\n|upkeep\n|\n|t:|1700008057\n|switch|p2a: Great Tusk|Great Tusk|100\/100\n|-damage|p2a: Great Tusk|88\/100|[from] Spikes\n|turn|17\n|\n|t:|1700008065\n|move|p1a: Great Tusk|Bulk Up|p1a: Great Tusk\n|-boost|p1a: Great Tusk|atk|1\n|-boost|p1a: Great Tusk|def|1\n|move|p2a: Great Tusk|Body Press|p1a: Great Tusk\n|-damage|p1a: Great Tusk|23\/100\n|\n|-heal|p2a: Great Tusk|94\/100|[from] item: Leftovers\n|upkeep\n|turn|18\n|\n|t:|1700008075\n|move|p1a: Great Tusk|Bulk Up|p1a: Great Tusk\n|-boost|p1a: Great Tusk|atk|1\n|-boost|p1a: Great Tusk|def|1\n|move|p2a: Great Tusk|Earthquake|p1a: Great Tusk\n|-damage|p1a: Great Tusk|13\/100\n|\n|-heal|p2a: Great Tusk|100\/100|[from] item: Leftovers\n|-sideend|p2: Tetsuo_Kaneda|move: Aurora Veil\n|upkeep\n|turn|19\n|\n|t:|1700008086\n|move|p1a: Great Tusk|Ice Spinner|p2a: Great Tusk\n|-supereffective|p2a: Great Tusk\n|-damage|p2a: Great Tusk|42\/100\n|move|p2a: Great Tusk|Earthquake|p1a: Great Tusk\n|-damage|p1a: Great Tusk|3\/100\n|\n|-heal|p2a: Great Tusk|49\/100|[from] item: Leftovers\n|upkeep\n|turn|20\n|\n|t:|1700008095\n|move|p1a: Great Tusk|Ice Spinner|p2a: Great Tusk\n|-supereffective|p2a: Great Tusk\n|-damage|p2a: Great Tusk|0 fnt\n|faint|p2a: Great Tusk\n|-end|p2a: Great Tusk|Protosynthesis|[silent]\n|\n|upkeep\n|-message|Tetsuo_Kaneda forfeited.\n|\n|win|Agent_Dstag\n|raw|Agent_Dstag's rating: 1430 &rarr; <strong>1455<\/strong><br \/>(+25 for winning)\n|raw|Tetsuo_Kaneda's rating: 1528 &rarr; <strong>1503<\/strong><br \/>(-25 for losing)\n|l|\u2606Tetsuo_Kaneda\n","uploadtime":1700008103,"views":9,"p1id":"agentdstag","p2id":"tetsuokaneda","formatid":"gen9ou","rating":1455,"private":0,"password":""}