{"id":"gen9ou-1997801682","p1":"bocadefuego","p2":"Joestar4ever","format":"[Gen 9] OU","log":"|j|\u2606bocadefuego\n|j|\u2606Joestar4ever\n|t:|1700854211\n|gametype|singles\n|player|p1|bocadefuego|cynthia|1095\n|player|p2|Joestar4ever|lance|1145\n|teamsize|p1|6\n|teamsize|p2|6\n|gen|9\n|tier|[Gen 9] OU\n|rated|\n|rule|Sleep Clause Mod: Limit one foe put to sleep\n|rule|Species Clause: Limit one of each Pok\u00e9mon\n|rule|OHKO Clause: OHKO moves are banned\n|rule|Evasion Items Clause: Evasion items are banned\n|rule|Evasion Moves Clause: Evasion moves are banned\n|rule|Endless Battle Clause: Forcing endless battles is banned\n|rule|HP Percentage Mod: HP is shown in percentages\n|clearpoke\n|poke|p1|Garchomp, M|\n|poke|p1|Iron Moth|\n|poke|p1|Pincurchin, F|\n|poke|p1|Torkoal, F|\n|poke|p1|Diancie|\n|poke|p1|Greninja-*, F|\n|poke|p2|Zapdos-Galar|\n|poke|p2|Dragonite, M|\n|poke|p2|Kingambit, M|\n|poke|p2|Dondozo, F|\n|poke|p2|Great Tusk|\n|poke|p2|Landorus-Therian, M|\n|teampreview\n|inactive|Battle timer is ON: inactive players will automatically lose when time's up. (requested by Joestar4ever)\n|\n|t:|1700854241\n|start\n|switch|p1a: Greninja|Greninja, F, shiny|100\/100\n|switch|p2a: Landorus|Landorus-Therian, M|100\/100\n|-ability|p2a: Landorus|Intimidate|boost\n|-unboost|p1a: Greninja|atk|1\n|turn|1\n|\n|t:|1700854260\n|switch|p2a: Dondozo|Dondozo, F|100\/100\n|move|p1a: Greninja|Ice Beam|p2a: Dondozo\n|-start|p1a: Greninja|typechange|Ice|[from] ability: Protean\n|-resisted|p2a: Dondozo\n|-damage|p2a: Dondozo|82\/100\n|\n|-heal|p2a: Dondozo|88\/100|[from] item: Leftovers\n|upkeep\n|turn|2\n|\n|t:|1700854281\n|switch|p1a: Pincurchin|Pincurchin, F, shiny|100\/100\n|-fieldstart|move: Electric Terrain|[from] ability: Electric Surge|[of] p1a: Pincurchin\n|move|p2a: Dondozo|Body Press|p1a: Pincurchin\n|-damage|p1a: Pincurchin|66\/100\n|\n|-heal|p2a: Dondozo|94\/100|[from] item: Leftovers\n|upkeep\n|turn|3\n|inactive|bocadefuego has 120 seconds left.\n|\n|t:|1700854302\n|switch|p2a: Landorus|Landorus-Therian, M|100\/100\n|-ability|p2a: Landorus|Intimidate|boost\n|-unboost|p1a: Pincurchin|atk|1\n|move|p1a: Pincurchin|Spikes|p2a: Landorus\n|-sidestart|p2: Joestar4ever|Spikes\n|\n|upkeep\n|turn|4\n|inactive|bocadefuego has 120 seconds left.\n|\n|t:|1700854315\n|move|p2a: Landorus|Earth Power|p1a: Pincurchin\n|-supereffective|p1a: Pincurchin\n|-damage|p1a: Pincurchin|0 fnt\n|faint|p1a: Pincurchin\n|-damage|p2a: Landorus|91\/100|[from] item: Life Orb\n|\n|upkeep\n|\n|t:|1700854322\n|switch|p1a: Iron Moth|Iron Moth|100\/100\n|-activate|p1a: Iron Moth|ability: Quark Drive\n|-start|p1a: Iron Moth|quarkdrivespe\n|turn|5\n|inactive|bocadefuego has 120 seconds left.\n|\n|t:|1700854348\n|switch|p2a: Dondozo|Dondozo, F|94\/100\n|-damage|p2a: Dondozo|82\/100|[from] Spikes\n|move|p1a: Iron Moth|Fire Blast|p2a: Dondozo\n|-resisted|p2a: Dondozo\n|-damage|p2a: Dondozo|44\/100\n|\n|-heal|p2a: Dondozo|50\/100|[from] item: Leftovers\n|upkeep\n|turn|6\n|inactive|bocadefuego has 90 seconds left.\n|\n|t:|1700854372\n|-end|p1a: Iron Moth|Quark Drive|[silent]\n|switch|p1a: Garchomp|Garchomp, M, shiny|100\/100\n|move|p2a: Dondozo|Liquidation|p1a: Garchomp\n|-damage|p1a: Garchomp|69\/100\n|-damage|p2a: Dondozo|38\/100|[from] ability: Rough Skin|[of] p1a: Garchomp\n|\n|-heal|p2a: Dondozo|44\/100|[from] item: Leftovers\n|upkeep\n|turn|7\n|inactive|bocadefuego has 90 seconds left.\n|\n|t:|1700854403\n|switch|p2a: Landorus|Landorus-Therian, M|91\/100\n|-ability|p2a: Landorus|Intimidate|boost\n|-unboost|p1a: Garchomp|atk|1\n|move|p1a: Garchomp|Swords Dance|p1a: Garchomp\n|-boost|p1a: Garchomp|atk|2\n|\n|upkeep\n|turn|8\n|inactive|bocadefuego has 90 seconds left.\n|\n|t:|1700854416\n|-terastallize|p1a: Garchomp|Dragon\n|move|p1a: Garchomp|Dragon Claw|p2a: Landorus\n|-damage|p2a: Landorus|0 fnt\n|faint|p2a: Landorus\n|\n|upkeep\n|inactive|Joestar4ever has 120 seconds left.\n|\n|t:|1700854435\n|switch|p2a: Dondozo|Dondozo, F|44\/100\n|-damage|p2a: Dondozo|32\/100|[from] Spikes\n|turn|9\n|inactive|bocadefuego has 90 seconds left.\n|\n|t:|1700854452\n|move|p1a: Garchomp|Dragon Claw|p2a: Dondozo\n|-damage|p2a: Dondozo|7\/100\n|move|p2a: Dondozo|Rest||[still]\n|-activate|p2a: Dondozo|move: Electric Terrain\n|-fail|p2a: Dondozo\n|\n|-heal|p2a: Dondozo|13\/100|[from] item: Leftovers\n|-fieldend|move: Electric Terrain\n|upkeep\n|turn|10\n|inactive|bocadefuego has 90 seconds left.\n|\n|t:|1700854466\n|move|p1a: Garchomp|Dragon Claw|p2a: Dondozo\n|-damage|p2a: Dondozo|0 fnt\n|faint|p2a: Dondozo\n|\n|upkeep\n|\n|t:|1700854471\n|switch|p2a: Great Tusk|Great Tusk|100\/100\n|-damage|p2a: Great Tusk|88\/100|[from] Spikes\n|turn|11\n|inactive|bocadefuego has 90 seconds left.\n|\n|t:|1700854502\n|switch|p1a: Diancie|Diancie|100\/100\n|move|p2a: Great Tusk|Ice Spinner|p1a: Diancie\n|-damage|p1a: Diancie|83\/100\n|\n|-heal|p2a: Great Tusk|94\/100|[from] item: Leftovers\n|-heal|p1a: Diancie|89\/100|[from] item: Leftovers\n|upkeep\n|turn|12\n|inactive|bocadefuego has 60 seconds left.\n|\n|t:|1700854531\n|-end|p2a: Great Tusk|Protosynthesis|[silent]\n|switch|p2a: Kingambit|Kingambit, M|100\/100\n|-damage|p2a: Kingambit|88\/100|[from] Spikes\n|-activate|p2a: Kingambit|ability: Supreme Overlord\n|-start|p2a: Kingambit|fallen2|[silent]\n|move|p1a: Diancie|Body Press|p2a: Kingambit\n|-supereffective|p2a: Kingambit\n|-damage|p2a: Kingambit|0 fnt\n|faint|p2a: Kingambit\n|-end|p2a: Kingambit|fallen2|[silent]\n|\n|-heal|p1a: Diancie|96\/100|[from] item: Leftovers\n|upkeep\n|inactive|Joestar4ever has 120 seconds left.\n|\n|t:|1700854550\n|switch|p2a: Zapdos|Zapdos-Galar|100\/100\n|turn|13\n|inactive|Joestar4ever has 120 seconds left.\n|inactive|bocadefuego has 60 seconds left.\n|\n|t:|1700854578\n|switch|p2a: Great Tusk|Great Tusk|94\/100\n|-damage|p2a: Great Tusk|82\/100|[from] Spikes\n|switch|p1a: Torkoal|Torkoal, F, shiny|100\/100\n|-weather|SunnyDay|[from] ability: Drought|[of] p1a: Torkoal\n|-activate|p2a: Great Tusk|ability: Protosynthesis\n|-start|p2a: Great Tusk|protosynthesisdef\n|\n|-weather|SunnyDay|[upkeep]\n|-heal|p2a: Great Tusk|88\/100|[from] item: Leftovers\n|upkeep\n|turn|14\n|inactive|bocadefuego has 60 seconds left.\n|inactive|Joestar4ever has 120 seconds left.\n|\n|t:|1700854604\n|move|p2a: Great Tusk|Stealth Rock|p1a: Torkoal\n|-sidestart|p1: bocadefuego|move: Stealth Rock\n|move|p1a: Torkoal|Stealth Rock|p2a: Great Tusk\n|-sidestart|p2: Joestar4ever|move: Stealth Rock\n|\n|-weather|SunnyDay|[upkeep]\n|-heal|p2a: Great Tusk|94\/100|[from] item: Leftovers\n|upkeep\n|turn|15\n|inactive|Joestar4ever has 120 seconds left.\n|\n|t:|1700854611\n|move|p2a: Great Tusk|Earthquake|p1a: Torkoal\n|-supereffective|p1a: Torkoal\n|-damage|p1a: Torkoal|41\/100\n|move|p1a: Torkoal|Rapid Spin|p2a: Great Tusk\n|-damage|p2a: Great Tusk|91\/100\n|-boost|p1a: Torkoal|spe|1\n|-sideend|p1: bocadefuego|Stealth Rock|[from] move: Rapid Spin|[of] p1a: Torkoal\n|\n|-weather|SunnyDay|[upkeep]\n|-heal|p2a: Great Tusk|97\/100|[from] item: Leftovers\n|upkeep\n|turn|16\n|\n|t:|1700854627\n|move|p2a: Great Tusk|Earthquake|p1a: Torkoal\n|-supereffective|p1a: Torkoal\n|-damage|p1a: Torkoal|0 fnt\n|faint|p1a: Torkoal\n|\n|-weather|SunnyDay|[upkeep]\n|-heal|p2a: Great Tusk|100\/100|[from] item: Leftovers\n|upkeep\n|inactive|bocadefuego has 30 seconds left.\n|\n|t:|1700854646\n|switch|p1a: Greninja|Greninja, F, shiny|100\/100\n|turn|17\n|inactive|Joestar4ever has 120 seconds left.\n|\n|t:|1700854669\n|-end|p2a: Great Tusk|Protosynthesis|[silent]\n|switch|p2a: Dragonite|Dragonite, M|100\/100\n|move|p1a: Greninja|Surf|p2a: Dragonite\n|-start|p1a: Greninja|typechange|Water|[from] ability: Protean\n|-resisted|p2a: Dragonite\n|-damage|p2a: Dragonite|95\/100\n|\n|-weather|none\n|upkeep\n|turn|18\n|inactive|Joestar4ever has 120 seconds left.\n|\n|t:|1700854686\n|switch|p1a: Diancie|Diancie|96\/100\n|-terastallize|p2a: Dragonite|Normal\n|move|p2a: Dragonite|Dragon Dance|p2a: Dragonite\n|-boost|p2a: Dragonite|atk|1\n|-boost|p2a: Dragonite|spe|1\n|\n|-heal|p1a: Diancie|100\/100|[from] item: Leftovers\n|upkeep\n|turn|19\n|inactive|Joestar4ever has 120 seconds left.\n|\n|t:|1700854696\n|move|p2a: Dragonite|Iron Head|p1a: Diancie\n|-supereffective|p1a: Diancie\n|-damage|p1a: Diancie|0 fnt\n|faint|p1a: Diancie\n|\n|upkeep\n|\n|t:|1700854708\n|switch|p1a: Garchomp|Garchomp, M, shiny, tera:Dragon|69\/100\n|turn|20\n|\n|t:|1700854714\n|move|p2a: Dragonite|Dragon Claw|p1a: Garchomp\n|-supereffective|p1a: Garchomp\n|-damage|p1a: Garchomp|0 fnt\n|-damage|p2a: Dragonite|83\/100|[from] ability: Rough Skin|[of] p1a: Garchomp\n|faint|p1a: Garchomp\n|\n|upkeep\n|\n|t:|1700854722\n|switch|p1a: Greninja|Greninja, F, shiny|100\/100\n|turn|21\n|\n|t:|1700854726\n|move|p2a: Dragonite|Extreme Speed|p1a: Greninja\n|-damage|p1a: Greninja|0 fnt\n|faint|p1a: Greninja\n|\n|upkeep\n|\n|t:|1700854742\n|switch|p1a: Iron Moth|Iron Moth|100\/100\n|turn|22\n|\n|t:|1700854745\n|move|p2a: Dragonite|Extreme Speed|p1a: Iron Moth\n|-damage|p1a: Iron Moth|11\/100\n|move|p1a: Iron Moth|Dazzling Gleam|p2a: Dragonite\n|-damage|p2a: Dragonite|43\/100\n|\n|upkeep\n|turn|23\n|\n|t:|1700854752\n|move|p2a: Dragonite|Extreme Speed|p1a: Iron Moth\n|-damage|p1a: Iron Moth|0 fnt\n|faint|p1a: Iron Moth\n|-end|p1a: Iron Moth|Quark Drive|[silent]\n|\n|win|Joestar4ever\n|raw|bocadefuego's rating: 1095 &rarr; <strong>1074<\/strong><br \/>(-21 for losing)\n|raw|Joestar4ever's rating: 1145 &rarr; <strong>1166<\/strong><br \/>(+21 for winning)\n|l|\u2606Joestar4ever\n","uploadtime":1700854892,"views":6,"p1id":"bocadefuego","p2id":"joestar4ever","formatid":"gen9ou","rating":1074,"private":0,"password":""}