{"id":"gen9ou-1991671374","p1":"gorodavy","p2":"Petergriffinonline","format":"[Gen 9] OU","log":"|j|\u2606gorodavy\n|j|\u2606Petergriffinonline\n|t:|1700100860\n|gametype|singles\n|player|p1|gorodavy|boarder|\n|player|p2|Petergriffinonline|102|\n|teamsize|p1|6\n|teamsize|p2|6\n|gen|9\n|tier|[Gen 9] OU\n|rule|Sleep Clause Mod: Limit one foe put to sleep\n|rule|Species Clause: Limit one of each Pok\u00e9mon\n|rule|OHKO Clause: OHKO moves are banned\n|rule|Evasion Items Clause: Evasion items are banned\n|rule|Evasion Moves Clause: Evasion moves are banned\n|rule|Endless Battle Clause: Forcing endless battles is banned\n|rule|HP Percentage Mod: HP is shown in percentages\n|clearpoke\n|poke|p1|Rillaboom, M|\n|poke|p1|Greninja-*, M|\n|poke|p1|Sneasler, M|\n|poke|p1|Slowking-Galar, M|\n|poke|p1|Heatran, M|\n|poke|p1|Great Tusk|\n|poke|p2|Rotom-Wash|\n|poke|p2|Amoonguss, F|\n|poke|p2|Dragapult, M|\n|poke|p2|Iron Moth|\n|poke|p2|Greninja-*, M|\n|poke|p2|Manaphy|\n|teampreview\n|\n|t:|1700100868\n|start\n|switch|p1a: Slowking|Slowking-Galar, M|100\/100\n|switch|p2a: Amoonguss|Amoonguss, F|100\/100\n|turn|1\n|\n|t:|1700100873\n|move|p1a: Slowking|Future Sight|p2a: Amoonguss\n|-start|p1a: Slowking|move: Future Sight\n|move|p2a: Amoonguss|Spore|p1a: Slowking\n|-status|p1a: Slowking|slp|[from] move: Spore\n|\n|upkeep\n|turn|2\n|\n|t:|1700100879\n|switch|p1a: Heatran|Heatran, M, shiny|100\/100\n|switch|p2a: Rotom|Rotom-Wash|100\/100\n|\n|upkeep\n|turn|3\n|\n|t:|1700100883\n|switch|p1a: Slowking|Slowking-Galar, M|100\/100 slp\n|move|p2a: Rotom|Trick|p1a: Slowking\n|-activate|p2a: Rotom|move: Trick|[of] p1a: Slowking\n|-item|p1a: Slowking|Choice Scarf|[from] move: Trick\n|-item|p2a: Rotom|Assault Vest|[from] move: Trick\n|\n|-end|p2a: Rotom|move: Future Sight\n|-damage|p2a: Rotom|52\/100\n|upkeep\n|turn|4\n|\n|t:|1700100898\n|switch|p2a: Manaphy|Manaphy|100\/100\n|switch|p1a: Rillaboom|Rillaboom, M|100\/100\n|-fieldstart|move: Grassy Terrain|[from] ability: Grassy Surge|[of] p1a: Rillaboom\n|\n|upkeep\n|turn|5\n|\n|t:|1700100905\n|-terastallize|p2a: Manaphy|Poison\n|move|p2a: Manaphy|Acid Armor|p2a: Manaphy\n|-boost|p2a: Manaphy|def|2\n|move|p1a: Rillaboom|Knock Off|p2a: Manaphy\n|-damage|p2a: Manaphy|88\/100\n|-enditem|p2a: Manaphy|Leftovers|[from] move: Knock Off|[of] p1a: Rillaboom\n|\n|-heal|p2a: Manaphy|95\/100|[from] Grassy Terrain\n|upkeep\n|turn|6\n|\n|t:|1700100927\n|switch|p1a: Heatran|Heatran, M, shiny|100\/100\n|move|p2a: Manaphy|Take Heart|p2a: Manaphy\n|-boost|p2a: Manaphy|spa|1\n|-boost|p2a: Manaphy|spd|1\n|\n|-heal|p2a: Manaphy|100\/100|[from] Grassy Terrain\n|upkeep\n|turn|7\n|\n|t:|1700100942\n|move|p1a: Heatran|Earth Power|p2a: Manaphy\n|-supereffective|p2a: Manaphy\n|-damage|p2a: Manaphy|67\/100\n|move|p2a: Manaphy|Take Heart|p2a: Manaphy\n|-boost|p2a: Manaphy|spa|1\n|-boost|p2a: Manaphy|spd|1\n|\n|-heal|p2a: Manaphy|74\/100|[from] Grassy Terrain\n|upkeep\n|turn|8\n|\n|t:|1700100947\n|move|p1a: Heatran|Magma Storm|p2a: Manaphy\n|-damage|p2a: Manaphy|53\/100\n|-activate|p2a: Manaphy|move: Magma Storm|[of] p1a: Heatran\n|move|p2a: Manaphy|Scald|p1a: Heatran\n|-supereffective|p1a: Heatran\n|-damage|p1a: Heatran|0 fnt\n|faint|p1a: Heatran\n|\n|-heal|p2a: Manaphy|59\/100|[from] Grassy Terrain\n|-end|p2a: Manaphy|Magma Storm|[partiallytrapped]|[silent]\n|-fieldend|move: Grassy Terrain\n|upkeep\n|\n|t:|1700100966\n|switch|p1a: Great Tusk|Great Tusk|100\/100\n|-enditem|p1a: Great Tusk|Booster Energy\n|-activate|p1a: Great Tusk|ability: Protosynthesis|[fromitem]\n|-start|p1a: Great Tusk|protosynthesisspe\n|turn|9\n|\n|t:|1700100972\n|move|p1a: Great Tusk|Headlong Rush|p2a: Manaphy\n|-supereffective|p2a: Manaphy\n|-damage|p2a: Manaphy|25\/100\n|-unboost|p1a: Great Tusk|def|1\n|-unboost|p1a: Great Tusk|spd|1\n|move|p2a: Manaphy|Scald|p1a: Great Tusk\n|-supereffective|p1a: Great Tusk\n|-damage|p1a: Great Tusk|0 fnt\n|faint|p1a: Great Tusk\n|-end|p1a: Great Tusk|Protosynthesis|[silent]\n|\n|upkeep\n|\n|t:|1700100977\n|switch|p1a: Greninja|Greninja, M|100\/100\n|turn|10\n|\n|t:|1700100986\n|-terastallize|p1a: Greninja|Water\n|move|p1a: Greninja|Surf|p2a: Manaphy\n|-damage|p2a: Manaphy|0 fnt\n|faint|p2a: Manaphy\n|-ability|p1a: Greninja|Battle Bond|boost\n|-boost|p1a: Greninja|atk|1\n|-boost|p1a: Greninja|spa|1\n|-boost|p1a: Greninja|spe|1\n|-activate|p1a: Greninja|ability: Battle Bond\n|-damage|p1a: Greninja|91\/100|[from] item: Life Orb\n|\n|upkeep\n|\n|t:|1700100993\n|switch|p2a: Amoonguss|Amoonguss, F|100\/100\n|turn|11\n|\n|t:|1700100999\n|move|p1a: Greninja|Ice Beam|p2a: Amoonguss\n|-supereffective|p2a: Amoonguss\n|-damage|p2a: Amoonguss|15\/100\n|-damage|p1a: Greninja|81\/100|[from] item: Life Orb\n|move|p2a: Amoonguss|Spore|p1a: Greninja\n|-message|Sleep Clause Mod activated.\n|-hint|Sleep Clause Mod prevents players from putting more than one of their opponent's Pok\u00e9mon to sleep at a time\n|\n|-heal|p2a: Amoonguss|22\/100|[from] item: Leftovers\n|upkeep\n|turn|12\n|\n|t:|1700101014\n|move|p1a: Greninja|Ice Beam|p2a: Amoonguss\n|-supereffective|p2a: Amoonguss\n|-damage|p2a: Amoonguss|0 fnt\n|faint|p2a: Amoonguss\n|-damage|p1a: Greninja|71\/100|[from] item: Life Orb\n|\n|upkeep\n|\n|t:|1700101022\n|switch|p2a: Iron Moth|Iron Moth|100\/100\n|-enditem|p2a: Iron Moth|Booster Energy\n|-activate|p2a: Iron Moth|ability: Quark Drive|[fromitem]\n|-start|p2a: Iron Moth|quarkdrivespe\n|turn|13\n|\n|t:|1700101027\n|move|p1a: Greninja|Surf|p2a: Iron Moth\n|-supereffective|p2a: Iron Moth\n|-damage|p2a: Iron Moth|0 fnt\n|faint|p2a: Iron Moth\n|-end|p2a: Iron Moth|Quark Drive|[silent]\n|-damage|p1a: Greninja|61\/100|[from] item: Life Orb\n|\n|upkeep\n|\n|t:|1700101030\n|switch|p2a: Greninja|Greninja, M|100\/100\n|turn|14\n|\n|t:|1700101034\n|move|p1a: Greninja|Grass Knot|p2a: Greninja\n|-supereffective|p2a: Greninja\n|-damage|p2a: Greninja|0 fnt\n|faint|p2a: Greninja\n|-damage|p1a: Greninja|51\/100|[from] item: Life Orb\n|\n|upkeep\n|\n|t:|1700101037\n|switch|p2a: Dragapult|Dragapult, M|100\/100\n|turn|15\n|\n|t:|1700101041\n|move|p1a: Greninja|Ice Beam|p2a: Dragapult\n|-supereffective|p2a: Dragapult\n|-damage|p2a: Dragapult|0 fnt\n|faint|p2a: Dragapult\n|-damage|p1a: Greninja|42\/100|[from] item: Life Orb\n|\n|upkeep\n|\n|t:|1700101043\n|switch|p2a: Rotom|Rotom-Wash|52\/100\n|turn|16\n|\n|t:|1700101048\n|move|p1a: Greninja|Surf|p2a: Rotom\n|-resisted|p2a: Rotom\n|-damage|p2a: Rotom|4\/100\n|-damage|p1a: Greninja|32\/100|[from] item: Life Orb\n|move|p2a: Rotom|Volt Switch|p1a: Greninja\n|-supereffective|p1a: Greninja\n|-damage|p1a: Greninja|0 fnt\n|faint|p1a: Greninja\n|\n|upkeep\n|\n|t:|1700101051\n|switch|p1a: Rillaboom|Rillaboom, M|100\/100\n|-fieldstart|move: Grassy Terrain|[from] ability: Grassy Surge|[of] p1a: Rillaboom\n|turn|17\n|\n|t:|1700101056\n|move|p1a: Rillaboom|Grassy Glide|p2a: Rotom\n|-supereffective|p2a: Rotom\n|-damage|p2a: Rotom|0 fnt\n|faint|p2a: Rotom\n|\n|win|gorodavy\n|l|\u2606Petergriffinonline\n","uploadtime":1700101062,"views":13,"p1id":"gorodavy","p2id":"petergriffinonline","formatid":"gen9ou","rating":0,"private":0,"password":""}