{"id":"gen9ou-2000224754","p1":"byanar","p2":"Kizukato","format":"[Gen 9] OU","log":"|j|\u2606byanar\n|j|\u2606Kizukato\n|t:|1701174458\n|gametype|singles\n|player|p1|byanar|rosa|1430\n|player|p2|Kizukato|cynthia|1413\n|teamsize|p1|6\n|teamsize|p2|6\n|gen|9\n|tier|[Gen 9] OU\n|rated|\n|rule|Sleep Clause Mod: Limit one foe put to sleep\n|rule|Species Clause: Limit one of each Pok\u00e9mon\n|rule|OHKO Clause: OHKO moves are banned\n|rule|Evasion Items Clause: Evasion items are banned\n|rule|Evasion Moves Clause: Evasion moves are banned\n|rule|Endless Battle Clause: Forcing endless battles is banned\n|rule|HP Percentage Mod: HP is shown in percentages\n|clearpoke\n|poke|p1|Kingambit, F|\n|poke|p1|Iron Valiant|\n|poke|p1|Dragapult, F|\n|poke|p1|Samurott-Hisui, F|\n|poke|p1|Enamorus, F|\n|poke|p1|Heatran, F|\n|poke|p2|Rillaboom, M|\n|poke|p2|Gholdengo|\n|poke|p2|Amoonguss, F|\n|poke|p2|Alomomola, M|\n|poke|p2|Blissey, F|\n|poke|p2|Toedscruel, F|\n|teampreview\n|inactive|Battle timer is ON: inactive players will automatically lose when time's up. (requested by byanar)\n|inactive|Kizukato also wants the timer to be on.\n|\n|t:|1701174470\n|start\n|switch|p1a: Enamorus|Enamorus, F|100\/100\n|switch|p2a: Toedscruel|Toedscruel, F|100\/100\n|turn|1\n|\n|t:|1701174479\n|move|p1a: Enamorus|Mystical Fire|p2a: Toedscruel\n|-supereffective|p2a: Toedscruel\n|-damage|p2a: Toedscruel|70\/100\n|-unboost|p2a: Toedscruel|spa|1\n|move|p2a: Toedscruel|Spikes|p1a: Enamorus\n|-sidestart|p1: byanar|Spikes\n|\n|-heal|p2a: Toedscruel|76\/100|[from] item: Leftovers\n|upkeep\n|turn|2\n|inactive|byanar has 120 seconds left.\n|\n|t:|1701174519\n|move|p1a: Enamorus|Mystical Fire|p2a: Toedscruel\n|-supereffective|p2a: Toedscruel\n|-crit|p2a: Toedscruel\n|-damage|p2a: Toedscruel|31\/100\n|-unboost|p2a: Toedscruel|spa|1\n|move|p2a: Toedscruel|Spikes|p1a: Enamorus\n|-sidestart|p1: byanar|Spikes\n|\n|-heal|p2a: Toedscruel|37\/100|[from] item: Leftovers\n|upkeep\n|turn|3\n|\n|t:|1701174527\n|move|p1a: Enamorus|Mystical Fire|p2a: Toedscruel\n|-supereffective|p2a: Toedscruel\n|-damage|p2a: Toedscruel|7\/100\n|-unboost|p2a: Toedscruel|spa|1\n|move|p2a: Toedscruel|Spikes|p1a: Enamorus\n|-sidestart|p1: byanar|Spikes\n|\n|-heal|p2a: Toedscruel|13\/100|[from] item: Leftovers\n|upkeep\n|turn|4\n|\n|t:|1701174537\n|switch|p2a: Blissey|Blissey, F|100\/100\n|move|p1a: Enamorus|Mystical Fire|p2a: Blissey\n|-damage|p2a: Blissey|93\/100\n|-unboost|p2a: Blissey|spa|1\n|\n|-heal|p2a: Blissey|99\/100|[from] item: Leftovers\n|upkeep\n|turn|5\n|\n|t:|1701174541\n|switch|p1a: Samurott|Samurott-Hisui, F|100\/100\n|-damage|p1a: Samurott|75\/100|[from] Spikes\n|move|p2a: Blissey|Stealth Rock|p1a: Samurott\n|-sidestart|p1: byanar|move: Stealth Rock\n|\n|-heal|p2a: Blissey|100\/100|[from] item: Leftovers\n|upkeep\n|turn|6\n|\n|t:|1701174552\n|switch|p2a: Amoonguss|Amoonguss, F|100\/100\n|move|p1a: Samurott|Ceaseless Edge|p2a: Amoonguss\n|-damage|p2a: Amoonguss|73\/100\n|-sidestart|p2: Kizukato|Spikes\n|\n|-heal|p2a: Amoonguss|79\/100|[from] item: Leftovers\n|upkeep\n|turn|7\n|\n|t:|1701174555\n|move|p1a: Samurott|Flip Turn|p2a: Amoonguss\n|-resisted|p2a: Amoonguss\n|-damage|p2a: Amoonguss|70\/100\n|\n|t:|1701174559\n|switch|p1a: Enamorus|Enamorus, F|100\/100|[from] Flip Turn\n|move|p2a: Amoonguss|Giga Drain|p1a: Enamorus\n|-resisted|p1a: Enamorus\n|-damage|p1a: Enamorus|85\/100\n|-heal|p2a: Amoonguss|75\/100|[from] drain|[of] p1a: Enamorus\n|\n|-heal|p2a: Amoonguss|81\/100|[from] item: Leftovers\n|upkeep\n|turn|8\n|\n|t:|1701174569\n|switch|p1a: Samurott|Samurott-Hisui, F|75\/100\n|-damage|p1a: Samurott|50\/100|[from] Spikes\n|-damage|p1a: Samurott|38\/100|[from] Stealth Rock\n|switch|p2a: Blissey|Blissey, F|100\/100\n|-damage|p2a: Blissey|88\/100|[from] Spikes\n|\n|-heal|p2a: Blissey|94\/100|[from] item: Leftovers\n|upkeep\n|turn|9\n|\n|t:|1701174574\n|switch|p2a: Amoonguss|Amoonguss, F|100\/100\n|-damage|p2a: Amoonguss|88\/100|[from] Spikes\n|move|p1a: Samurott|Ceaseless Edge|p2a: Amoonguss\n|-damage|p2a: Amoonguss|65\/100\n|-sidestart|p2: Kizukato|Spikes\n|\n|-heal|p2a: Amoonguss|71\/100|[from] item: Leftovers\n|upkeep\n|turn|10\n|\n|t:|1701174592\n|move|p1a: Samurott|Ceaseless Edge|p2a: Amoonguss\n|-damage|p2a: Amoonguss|47\/100\n|-sidestart|p2: Kizukato|Spikes\n|move|p2a: Amoonguss|Spore|p1a: Samurott\n|-status|p1a: Samurott|slp|[from] move: Spore\n|\n|-heal|p2a: Amoonguss|53\/100|[from] item: Leftovers\n|upkeep\n|turn|11\n|\n|t:|1701174602\n|cant|p1a: Samurott|slp\n|move|p2a: Amoonguss|Giga Drain|p1a: Samurott\n|-supereffective|p1a: Samurott\n|-damage|p1a: Samurott|15\/100 slp\n|-heal|p2a: Amoonguss|63\/100|[from] drain|[of] p1a: Samurott\n|\n|-heal|p2a: Amoonguss|69\/100|[from] item: Leftovers\n|upkeep\n|turn|12\n|\n|t:|1701174604\n|cant|p1a: Samurott|slp\n|move|p2a: Amoonguss|Giga Drain|p1a: Samurott\n|-supereffective|p1a: Samurott\n|-damage|p1a: Samurott|0 fnt\n|-heal|p2a: Amoonguss|76\/100|[from] drain|[of] p1a: Samurott\n|faint|p1a: Samurott\n|\n|-heal|p2a: Amoonguss|82\/100|[from] item: Leftovers\n|upkeep\n|\n|t:|1701174632\n|switch|p1a: Enamorus|Enamorus, F|85\/100\n|turn|13\n|\n|t:|1701174640\n|switch|p2a: Toedscruel|Toedscruel, F|13\/100\n|-damage|p2a: Toedscruel|0 fnt|[from] Spikes\n|faint|p2a: Toedscruel\n|move|p1a: Enamorus|Mystical Fire|p2: Toedscruel|[notarget]\n|-fail|p1a: Enamorus\n|\n|upkeep\n|\n|t:|1701174649\n|switch|p2a: Blissey|Blissey, F|94\/100\n|-damage|p2a: Blissey|69\/100|[from] Spikes\n|turn|14\n|\n|t:|1701174660\n|move|p1a: Enamorus|Mystical Fire|p2a: Blissey\n|-damage|p2a: Blissey|62\/100\n|-unboost|p2a: Blissey|spa|1\n|move|p2a: Blissey|Thunder|p1a: Enamorus\n|-supereffective|p1a: Enamorus\n|-damage|p1a: Enamorus|44\/100\n|-status|p1a: Enamorus|par\n|\n|-heal|p2a: Blissey|68\/100|[from] item: Leftovers\n|upkeep\n|turn|15\n|\n|t:|1701174665\n|cant|p1a: Enamorus|par\n|move|p2a: Blissey|Soft-Boiled|p2a: Blissey\n|-heal|p2a: Blissey|100\/100\n|\n|upkeep\n|turn|16\n|\n|t:|1701174670\n|move|p1a: Enamorus|Mystical Fire|p2a: Blissey\n|-damage|p2a: Blissey|93\/100\n|-unboost|p2a: Blissey|spa|1\n|move|p2a: Blissey|Thunder|p1a: Enamorus\n|-supereffective|p1a: Enamorus\n|-damage|p1a: Enamorus|13\/100 par\n|\n|-heal|p2a: Blissey|99\/100|[from] item: Leftovers\n|upkeep\n|turn|17\n|\n|t:|1701174686\n|cant|p1a: Enamorus|par\n|move|p2a: Blissey|Ice Beam|p1a: Enamorus\n|-supereffective|p1a: Enamorus\n|-damage|p1a: Enamorus|0 fnt\n|faint|p1a: Enamorus\n|\n|-heal|p2a: Blissey|100\/100|[from] item: Leftovers\n|upkeep\n|\n|t:|1701174695\n|switch|p1a: Iron Valiant|Iron Valiant|100\/100\n|-damage|p1a: Iron Valiant|76\/100|[from] Spikes\n|-damage|p1a: Iron Valiant|69\/100|[from] Stealth Rock\n|-enditem|p1a: Iron Valiant|Booster Energy\n|-activate|p1a: Iron Valiant|ability: Quark Drive|[fromitem]\n|-start|p1a: Iron Valiant|quarkdrivespe\n|turn|18\n|\n|t:|1701174702\n|switch|p2a: Amoonguss|Amoonguss, F|100\/100\n|-damage|p2a: Amoonguss|76\/100|[from] Spikes\n|move|p1a: Iron Valiant|Calm Mind|p1a: Iron Valiant\n|-boost|p1a: Iron Valiant|spa|1\n|-boost|p1a: Iron Valiant|spd|1\n|\n|-heal|p2a: Amoonguss|82\/100|[from] item: Leftovers\n|upkeep\n|turn|19\n|\n|t:|1701174709\n|move|p1a: Iron Valiant|Psyshock|p2a: Amoonguss\n|-supereffective|p2a: Amoonguss\n|-damage|p2a: Amoonguss|23\/100\n|move|p2a: Amoonguss|Spore|p1a: Iron Valiant\n|-status|p1a: Iron Valiant|slp|[from] move: Spore\n|\n|-heal|p2a: Amoonguss|29\/100|[from] item: Leftovers\n|upkeep\n|turn|20\n|\n|t:|1701174714\n|cant|p1a: Iron Valiant|slp\n|move|p2a: Amoonguss|Clear Smog|p1a: Iron Valiant\n|-supereffective|p1a: Iron Valiant\n|-damage|p1a: Iron Valiant|33\/100 slp\n|-clearboost|p1a: Iron Valiant\n|\n|-heal|p2a: Amoonguss|35\/100|[from] item: Leftovers\n|upkeep\n|turn|21\n|\n|t:|1701174723\n|switch|p2a: Rillaboom|Rillaboom, M|100\/100\n|-fieldstart|move: Grassy Terrain|[from] ability: Grassy Surge|[of] p2a: Rillaboom\n|cant|p1a: Iron Valiant|slp\n|\n|-heal|p1a: Iron Valiant|40\/100 slp|[from] Grassy Terrain\n|upkeep\n|turn|22\n|\n|t:|1701174731\n|-curestatus|p1a: Iron Valiant|slp|[msg]\n|move|p1a: Iron Valiant|Moonblast|p2a: Rillaboom\n|-damage|p2a: Rillaboom|51\/100\n|move|p2a: Rillaboom|Swords Dance|p2a: Rillaboom\n|-boost|p2a: Rillaboom|atk|2\n|\n|-heal|p1a: Iron Valiant|46\/100|[from] Grassy Terrain\n|-heal|p2a: Rillaboom|57\/100|[from] Grassy Terrain\n|upkeep\n|turn|23\n|\n|t:|1701174738\n|move|p2a: Rillaboom|Grassy Glide|p1a: Iron Valiant\n|-damage|p1a: Iron Valiant|0 fnt\n|faint|p1a: Iron Valiant\n|-end|p1a: Iron Valiant|Quark Drive|[silent]\n|\n|-heal|p2a: Rillaboom|63\/100|[from] Grassy Terrain\n|upkeep\n|\n|t:|1701174740\n|switch|p1a: Heatran|Heatran, F|100\/100\n|-damage|p1a: Heatran|76\/100|[from] Spikes\n|-damage|p1a: Heatran|63\/100|[from] Stealth Rock\n|turn|24\n|\n|t:|1701174745\n|move|p1a: Heatran|Protect|p1a: Heatran\n|-singleturn|p1a: Heatran|Protect\n|move|p2a: Rillaboom|U-turn|p1a: Heatran\n|-activate|p1a: Heatran|move: Protect\n|\n|-heal|p2a: Rillaboom|69\/100|[from] Grassy Terrain\n|-heal|p1a: Heatran|69\/100|[from] Grassy Terrain\n|-heal|p1a: Heatran|76\/100|[from] item: Leftovers\n|upkeep\n|turn|25\n|\n|t:|1701174750\n|move|p2a: Rillaboom|U-turn|p1a: Heatran\n|-resisted|p1a: Heatran\n|-damage|p1a: Heatran|67\/100\n|-status|p2a: Rillaboom|brn|[from] ability: Flame Body|[of] p1a: Heatran\n|\n|t:|1701174760\n|switch|p2a: Blissey|Blissey, F|100\/100|[from] U-turn\n|-damage|p2a: Blissey|76\/100|[from] Spikes\n|move|p1a: Heatran|Lava Plume|p2a: Blissey\n|-damage|p2a: Blissey|66\/100\n|\n|-heal|p1a: Heatran|74\/100|[from] Grassy Terrain\n|-heal|p1a: Heatran|80\/100|[from] item: Leftovers\n|-heal|p2a: Blissey|72\/100|[from] Grassy Terrain\n|-heal|p2a: Blissey|78\/100|[from] item: Leftovers\n|-fieldend|move: Grassy Terrain\n|upkeep\n|turn|26\n|\n|t:|1701174772\n|move|p1a: Heatran|Lava Plume|p2a: Blissey\n|-damage|p2a: Blissey|68\/100\n|move|p2a: Blissey|Thunder|p1a: Heatran\n|-damage|p1a: Heatran|62\/100\n|-status|p1a: Heatran|par\n|\n|-heal|p2a: Blissey|75\/100|[from] item: Leftovers\n|-heal|p1a: Heatran|68\/100 par|[from] item: Leftovers\n|upkeep\n|turn|27\n|\n|t:|1701174784\n|move|p2a: Blissey|Soft-Boiled|p2a: Blissey\n|-heal|p2a: Blissey|100\/100\n|move|p1a: Heatran|Lava Plume|p2a: Blissey\n|-damage|p2a: Blissey|92\/100\n|-status|p2a: Blissey|brn\n|\n|-heal|p2a: Blissey|98\/100 brn|[from] item: Leftovers\n|-heal|p1a: Heatran|74\/100 par|[from] item: Leftovers\n|-damage|p2a: Blissey|92\/100 brn|[from] brn\n|upkeep\n|turn|28\n|\n|t:|1701174795\n|move|p2a: Blissey|Thunder|p1a: Heatran|[miss]\n|-miss|p2a: Blissey|p1a: Heatran\n|move|p1a: Heatran|Lava Plume|p2a: Blissey\n|-damage|p2a: Blissey|81\/100 brn\n|\n|-heal|p2a: Blissey|87\/100 brn|[from] item: Leftovers\n|-heal|p1a: Heatran|80\/100 par|[from] item: Leftovers\n|-damage|p2a: Blissey|81\/100 brn|[from] brn\n|upkeep\n|turn|29\n|\n|t:|1701174802\n|switch|p2a: Alomomola|Alomomola, M|100\/100\n|-damage|p2a: Alomomola|76\/100|[from] Spikes\n|cant|p1a: Heatran|par\n|\n|-heal|p2a: Alomomola|82\/100|[from] item: Leftovers\n|-heal|p1a: Heatran|87\/100 par|[from] item: Leftovers\n|upkeep\n|turn|30\n|\n|t:|1701174812\n|move|p2a: Alomomola|Scald|p1a: Heatran\n|-supereffective|p1a: Heatran\n|-crit|p1a: Heatran\n|-damage|p1a: Heatran|49\/100 par\n|move|p1a: Heatran|Will-O-Wisp|p2a: Alomomola\n|-status|p2a: Alomomola|brn\n|\n|-heal|p2a: Alomomola|88\/100 brn|[from] item: Leftovers\n|-heal|p1a: Heatran|55\/100 par|[from] item: Leftovers\n|-damage|p2a: Alomomola|82\/100 brn|[from] brn\n|upkeep\n|turn|31\n|\n|t:|1701174819\n|switch|p1a: Dragapult|Dragapult, F|100\/100\n|-damage|p1a: Dragapult|76\/100|[from] Spikes\n|-damage|p1a: Dragapult|63\/100|[from] Stealth Rock\n|move|p2a: Alomomola|Scald|p1a: Dragapult\n|-resisted|p1a: Dragapult\n|-damage|p1a: Dragapult|52\/100\n|\n|-heal|p2a: Alomomola|88\/100 brn|[from] item: Leftovers\n|-damage|p2a: Alomomola|82\/100 brn|[from] brn\n|upkeep\n|turn|32\n|\n|t:|1701174836\n|move|p1a: Dragapult|Draco Meteor|p2a: Alomomola\n|-damage|p2a: Alomomola|0 fnt\n|-unboost|p1a: Dragapult|spa|2\n|faint|p2a: Alomomola\n|\n|upkeep\n|\n|t:|1701174842\n|switch|p2a: Gholdengo|Gholdengo|100\/100\n|-damage|p2a: Gholdengo|76\/100|[from] Spikes\n|turn|33\n|\n|t:|1701174862\n|switch|p1a: Heatran|Heatran, F|55\/100 par\n|-damage|p1a: Heatran|30\/100 par|[from] Spikes\n|-damage|p1a: Heatran|18\/100 par|[from] Stealth Rock\n|move|p2a: Gholdengo|Shadow Ball|p1a: Heatran\n|-damage|p1a: Heatran|0 fnt\n|faint|p1a: Heatran\n|\n|upkeep\n|\n|t:|1701174867\n|switch|p1a: Dragapult|Dragapult, F|52\/100\n|-damage|p1a: Dragapult|27\/100|[from] Spikes\n|-damage|p1a: Dragapult|15\/100|[from] Stealth Rock\n|turn|34\n|\n|t:|1701174871\n|move|p2a: Gholdengo|Shadow Ball|p1a: Dragapult\n|-supereffective|p1a: Dragapult\n|-crit|p1a: Dragapult\n|-damage|p1a: Dragapult|0 fnt\n|faint|p1a: Dragapult\n|\n|upkeep\n|\n|t:|1701174873\n|switch|p1a: Kingambit|Kingambit, F|100\/100\n|-damage|p1a: Kingambit|75\/100|[from] Spikes\n|-damage|p1a: Kingambit|69\/100|[from] Stealth Rock\n|-activate|p1a: Kingambit|ability: Supreme Overlord\n|-start|p1a: Kingambit|fallen5|[silent]\n|turn|35\n|\n|t:|1701174877\n|switch|p2a: Rillaboom|Rillaboom, M|69\/100 brn\n|-fieldstart|move: Grassy Terrain|[from] ability: Grassy Surge|[of] p2a: Rillaboom\n|move|p1a: Kingambit|Swords Dance|p1a: Kingambit\n|-boost|p1a: Kingambit|atk|2\n|\n|-heal|p2a: Rillaboom|75\/100 brn|[from] Grassy Terrain\n|-heal|p1a: Kingambit|75\/100|[from] Grassy Terrain\n|-heal|p1a: Kingambit|82\/100|[from] item: Leftovers\n|-damage|p2a: Rillaboom|69\/100 brn|[from] brn\n|upkeep\n|turn|36\n|\n|t:|1701174884\n|move|p2a: Rillaboom|Grassy Glide|p1a: Kingambit\n|-resisted|p1a: Kingambit\n|-crit|p1a: Kingambit\n|-damage|p1a: Kingambit|71\/100\n|move|p1a: Kingambit|Kowtow Cleave|p2a: Rillaboom\n|-damage|p2a: Rillaboom|0 fnt\n|faint|p2a: Rillaboom\n|\n|-heal|p1a: Kingambit|77\/100|[from] Grassy Terrain\n|-heal|p1a: Kingambit|83\/100|[from] item: Leftovers\n|upkeep\n|\n|t:|1701174898\n|switch|p2a: Amoonguss|Amoonguss, F|68\/100\n|-damage|p2a: Amoonguss|44\/100|[from] Spikes\n|turn|37\n|\n|t:|1701174903\n|switch|p2a: Blissey|Blissey, F|81\/100 brn\n|-damage|p2a: Blissey|56\/100 brn|[from] Spikes\n|move|p1a: Kingambit|Kowtow Cleave|p2a: Blissey\n|-damage|p2a: Blissey|0 fnt\n|faint|p2a: Blissey\n|\n|-heal|p1a: Kingambit|89\/100|[from] Grassy Terrain\n|-heal|p1a: Kingambit|95\/100|[from] item: Leftovers\n|upkeep\n|\n|t:|1701174909\n|switch|p2a: Amoonguss|Amoonguss, F|77\/100\n|-damage|p2a: Amoonguss|52\/100|[from] Spikes\n|turn|38\n|\n|t:|1701174914\n|move|p1a: Kingambit|Kowtow Cleave|p2a: Amoonguss\n|-damage|p2a: Amoonguss|0 fnt\n|faint|p2a: Amoonguss\n|\n|-heal|p1a: Kingambit|100\/100|[from] Grassy Terrain\n|upkeep\n|\n|t:|1701174917\n|switch|p2a: Gholdengo|Gholdengo|76\/100\n|-damage|p2a: Gholdengo|51\/100|[from] Spikes\n|turn|39\n|\n|t:|1701174922\n|-terastallize|p2a: Gholdengo|Fighting\n|-terastallize|p1a: Kingambit|Fairy\n|move|p2a: Gholdengo|Tera Blast|p1a: Kingambit|[anim] Tera Blast Fighting\n|-resisted|p1a: Kingambit\n|-damage|p1a: Kingambit|80\/100\n|move|p1a: Kingambit|Kowtow Cleave|p2a: Gholdengo\n|-resisted|p2a: Gholdengo\n|-damage|p2a: Gholdengo|0 fnt\n|faint|p2a: Gholdengo\n|\n|win|byanar\n|raw|byanar's rating: 1430 &rarr; <strong>1449<\/strong><br \/>(+19 for winning)\n|raw|Kizukato's rating: 1413 &rarr; <strong>1394<\/strong><br \/>(-19 for losing)\n|c|\u2606byanar|gg\n|c|\u2606Kizukato|Luck\n|c|\u2606byanar|LOL\n|l|\u2606Kizukato\n|l|\u2606byanar\n|j|\u2606byanar\n|player|p1|byanar|rosa\n","uploadtime":1701175128,"views":3,"p1id":"byanar","p2id":"kizukato","formatid":"gen9ou","rating":1394,"private":0,"password":""}