{"id":"gen9ou-2000342022","p1":"aoicanary","p2":"GibbyJrSonSr","format":"[Gen 9] OU","log":"|j|\u2606aoicanary\n|j|\u2606GibbyJrSonSr\n|t:|1701186594\n|gametype|singles\n|player|p1|aoicanary|dawn|1071\n|player|p2|GibbyJrSonSr|biker-gen4|1088\n|teamsize|p1|6\n|teamsize|p2|6\n|gen|9\n|tier|[Gen 9] OU\n|rated|\n|rule|Sleep Clause Mod: Limit one foe put to sleep\n|rule|Species Clause: Limit one of each Pok\u00e9mon\n|rule|OHKO Clause: OHKO moves are banned\n|rule|Evasion Items Clause: Evasion items are banned\n|rule|Evasion Moves Clause: Evasion moves are banned\n|rule|Endless Battle Clause: Forcing endless battles is banned\n|rule|HP Percentage Mod: HP is shown in percentages\n|clearpoke\n|poke|p1|Maushold|\n|poke|p1|Rillaboom, M|\n|poke|p1|Great Tusk|\n|poke|p1|Heatran, F|\n|poke|p1|Enamorus, F|\n|poke|p1|Kingambit, M|\n|poke|p2|Iron Treads|\n|poke|p2|Braviary-Hisui, M|\n|poke|p2|Chesnaught, M|\n|poke|p2|Volcanion|\n|poke|p2|Grafaiai, F|\n|poke|p2|Froslass, F|\n|teampreview\n|inactive|Battle timer is ON: inactive players will automatically lose when time's up. (requested by aoicanary)\n|\n|t:|1701186605\n|start\n|switch|p1a: Maushold|Maushold|100\/100\n|switch|p2a: Froslass|Froslass, F|100\/100\n|turn|1\n|\n|t:|1701186612\n|move|p1a: Maushold|Bite|p2a: Froslass\n|-supereffective|p2a: Froslass\n|-damage|p2a: Froslass|26\/100\n|move|p2a: Froslass|Ice Beam|p1a: Maushold\n|-damage|p1a: Maushold|51\/100\n|\n|upkeep\n|turn|2\n|\n|t:|1701186622\n|switch|p2a: Chesnaught|Chesnaught, M|100\/100\n|move|p1a: Maushold|Bite|p2a: Chesnaught\n|-resisted|p2a: Chesnaught\n|-damage|p2a: Chesnaught|93\/100\n|-damage|p1a: Maushold|34\/100|[from] item: Rocky Helmet|[of] p2a: Chesnaught\n|\n|upkeep\n|turn|3\n|\n|t:|1701186633\n|switch|p1a: Enamorus|Enamorus, F|100\/100\n|move|p2a: Chesnaught|Bulk Up|p2a: Chesnaught\n|-boost|p2a: Chesnaught|atk|1\n|-boost|p2a: Chesnaught|def|1\n|\n|upkeep\n|turn|4\n|\n|t:|1701186650\n|-terastallize|p2a: Chesnaught|Water\n|move|p1a: Enamorus|Moonblast|p2a: Chesnaught\n|-damage|p2a: Chesnaught|49\/100\n|-unboost|p2a: Chesnaught|spa|1\n|move|p2a: Chesnaught|Bulk Up|p2a: Chesnaught\n|-boost|p2a: Chesnaught|atk|1\n|-boost|p2a: Chesnaught|def|1\n|\n|upkeep\n|turn|5\n|\n|t:|1701186661\n|move|p1a: Enamorus|Moonblast|p2a: Chesnaught\n|-damage|p2a: Chesnaught|5\/100\n|move|p2a: Chesnaught|Rock Slide|p1a: Enamorus\n|-supereffective|p1a: Enamorus\n|-damage|p1a: Enamorus|0 fnt\n|faint|p1a: Enamorus\n|\n|upkeep\n|\n|t:|1701186669\n|switch|p1a: devindian|Kingambit, M|100\/100\n|-activate|p1a: devindian|ability: Supreme Overlord\n|-start|p1a: devindian|fallen1|[silent]\n|turn|6\n|\n|t:|1701186673\n|move|p2a: Chesnaught|Spiky Shield|p2a: Chesnaught\n|-singleturn|p2a: Chesnaught|move: Protect\n|move|p1a: devindian|Sucker Punch||[still]\n|-fail|p1a: devindian\n|\n|upkeep\n|turn|7\n|\n|t:|1701186683\n|move|p2a: Chesnaught|Bulk Up|p2a: Chesnaught\n|-boost|p2a: Chesnaught|atk|1\n|-boost|p2a: Chesnaught|def|1\n|move|p1a: devindian|Kowtow Cleave|p2a: Chesnaught\n|-damage|p2a: Chesnaught|0 fnt\n|-damage|p1a: devindian|84\/100|[from] item: Rocky Helmet|[of] p2a: Chesnaught\n|faint|p2a: Chesnaught\n|\n|-heal|p1a: devindian|90\/100|[from] item: Leftovers\n|upkeep\n|\n|t:|1701186696\n|switch|p2a: Grafaiai|Grafaiai, F|100\/100\n|turn|8\n|\n|t:|1701186703\n|move|p2a: Grafaiai|Knock Off|p1a: devindian\n|-resisted|p1a: devindian\n|-damage|p1a: devindian|83\/100\n|-enditem|p1a: devindian|Leftovers|[from] move: Knock Off|[of] p2a: Grafaiai\n|move|p1a: devindian|Iron Head|p2a: Grafaiai\n|-damage|p2a: Grafaiai|30\/100\n|\n|-heal|p2a: Grafaiai|37\/100|[from] item: Leftovers\n|upkeep\n|turn|9\n|\n|t:|1701186712\n|switch|p2a: Volcanion|Volcanion|100\/100\n|move|p1a: devindian|Sucker Punch||[still]\n|-fail|p1a: devindian\n|\n|upkeep\n|turn|10\n|\n|t:|1701186720\n|-end|p1a: devindian|fallen1|[silent]\n|switch|p1a: Great Tusk|Great Tusk|100\/100\n|move|p2a: Volcanion|Fire Blast|p1a: Great Tusk\n|-damage|p1a: Great Tusk|28\/100\n|\n|-heal|p1a: Great Tusk|35\/100|[from] item: Leftovers\n|upkeep\n|turn|11\n|\n|t:|1701186731\n|-end|p1a: Great Tusk|Protosynthesis|[silent]\n|switch|p1a: Heatran|Heatran, F|100\/100\n|move|p2a: Volcanion|Fire Blast|p1a: Heatran\n|-start|p1a: Heatran|ability: Flash Fire\n|\n|upkeep\n|turn|12\n|\n|t:|1701186740\n|switch|p2a: Grafaiai|Grafaiai, F|37\/100\n|move|p1a: Heatran|Stealth Rock|p2a: Grafaiai\n|-sidestart|p2: GibbyJrSonSr|move: Stealth Rock\n|\n|-heal|p2a: Grafaiai|43\/100|[from] item: Leftovers\n|upkeep\n|turn|13\n|\n|t:|1701186747\n|move|p2a: Grafaiai|Parting Shot|p1a: Heatran\n|-unboost|p1a: Heatran|atk|1\n|-unboost|p1a: Heatran|spa|1\n|\n|t:|1701186752\n|switch|p2a: Volcanion|Volcanion|100\/100|[from] Parting Shot\n|-damage|p2a: Volcanion|76\/100|[from] Stealth Rock\n|move|p1a: Heatran|Magma Storm|p2a: Volcanion\n|-resisted|p2a: Volcanion\n|-damage|p2a: Volcanion|62\/100\n|-activate|p2a: Volcanion|move: Magma Storm|[of] p1a: Heatran\n|\n|-damage|p2a: Volcanion|49\/100|[from] move: Magma Storm|[partiallytrapped]\n|upkeep\n|turn|14\n|\n|t:|1701186769\n|-end|p1a: Heatran|ability: Flash Fire|[silent]\n|switch|p1a: Rillaboom|Rillaboom, M|100\/100\n|-fieldstart|move: Grassy Terrain|[from] ability: Grassy Surge|[of] p1a: Rillaboom\n|move|p2a: Volcanion|Steam Eruption|p1a: Rillaboom\n|-resisted|p1a: Rillaboom\n|-damage|p1a: Rillaboom|59\/100\n|\n|-heal|p2a: Volcanion|55\/100|[from] Grassy Terrain\n|-heal|p1a: Rillaboom|65\/100|[from] Grassy Terrain\n|-end|p2a: Volcanion|Magma Storm|[partiallytrapped]|[silent]\n|upkeep\n|turn|15\n|inactive|GibbyJrSonSr has 120 seconds left.\n|\n|t:|1701186816\n|switch|p2a: Grafaiai|Grafaiai, F|43\/100\n|-damage|p2a: Grafaiai|30\/100|[from] Stealth Rock\n|move|p1a: Rillaboom|Grassy Glide|p2a: Grafaiai\n|-resisted|p2a: Grafaiai\n|-damage|p2a: Grafaiai|0 fnt\n|faint|p2a: Grafaiai\n|\n|-heal|p1a: Rillaboom|71\/100|[from] Grassy Terrain\n|upkeep\n|\n|t:|1701186818\n|switch|p2a: Braviary|Braviary-Hisui, M|100\/100\n|turn|16\n|\n|t:|1701186837\n|switch|p1a: Maushold|Maushold|34\/100\n|move|p2a: Braviary|Esper Wing|p1a: Maushold\n|-damage|p1a: Maushold|0 fnt\n|-boost|p2a: Braviary|spe|1\n|faint|p1a: Maushold\n|\n|upkeep\n|\n|t:|1701186848\n|switch|p1a: devindian|Kingambit, M|83\/100\n|-activate|p1a: devindian|ability: Supreme Overlord\n|-start|p1a: devindian|fallen2|[silent]\n|turn|17\n|\n|t:|1701186855\n|move|p2a: Braviary|Calm Mind|p2a: Braviary\n|-boost|p2a: Braviary|spa|1\n|-boost|p2a: Braviary|spd|1\n|move|p1a: devindian|Kowtow Cleave|p2a: Braviary\n|-supereffective|p2a: Braviary\n|-damage|p2a: Braviary|0 fnt\n|faint|p2a: Braviary\n|\n|-heal|p1a: devindian|89\/100|[from] Grassy Terrain\n|upkeep\n|\n|t:|1701186861\n|switch|p2a: Iron Treads|Iron Treads|100\/100\n|turn|18\n|\n|t:|1701186876\n|-end|p1a: devindian|fallen2|[silent]\n|switch|p1a: Rillaboom|Rillaboom, M|71\/100\n|move|p2a: Iron Treads|Rapid Spin|p1a: Rillaboom\n|-damage|p1a: Rillaboom|54\/100\n|-boost|p2a: Iron Treads|spe|1\n|-sideend|p2: GibbyJrSonSr|Stealth Rock|[from] move: Rapid Spin|[of] p2a: Iron Treads\n|\n|-heal|p1a: Rillaboom|60\/100|[from] Grassy Terrain\n|-fieldend|move: Grassy Terrain\n|upkeep\n|turn|19\n|\n|t:|1701186892\n|move|p2a: Iron Treads|Knock Off|p1a: Rillaboom\n|-damage|p1a: Rillaboom|28\/100\n|-enditem|p1a: Rillaboom|Choice Band|[from] move: Knock Off|[of] p2a: Iron Treads\n|move|p1a: Rillaboom|Wood Hammer|p2a: Iron Treads\n|-crit|p2a: Iron Treads\n|-damage|p2a: Iron Treads|14\/100\n|-damage|p1a: Rillaboom|1\/100|[from] Recoil\n|\n|upkeep\n|turn|20\n|\n|t:|1701186904\n|switch|p1a: Great Tusk|Great Tusk|35\/100\n|move|p2a: Iron Treads|Earthquake|p1a: Great Tusk\n|-damage|p1a: Great Tusk|7\/100\n|\n|-heal|p1a: Great Tusk|13\/100|[from] item: Leftovers\n|upkeep\n|turn|21\n|\n|t:|1701186928\n|move|p2a: Iron Treads|Earthquake|p1a: Great Tusk\n|-crit|p1a: Great Tusk\n|-damage|p1a: Great Tusk|0 fnt\n|faint|p1a: Great Tusk\n|-end|p1a: Great Tusk|Protosynthesis|[silent]\n|\n|upkeep\n|\n|t:|1701186933\n|switch|p1a: Rillaboom|Rillaboom, M|1\/100\n|-fieldstart|move: Grassy Terrain|[from] ability: Grassy Surge|[of] p1a: Rillaboom\n|turn|22\n|\n|t:|1701186938\n|-end|p2a: Iron Treads|Quark Drive|[silent]\n|switch|p2a: Froslass|Froslass, F|26\/100\n|move|p1a: Rillaboom|Grassy Glide|p2a: Froslass\n|-crit|p2a: Froslass\n|-damage|p2a: Froslass|0 fnt\n|faint|p2a: Froslass\n|\n|-heal|p1a: Rillaboom|7\/100|[from] Grassy Terrain\n|upkeep\n|\n|t:|1701186940\n|switch|p2a: Volcanion|Volcanion|55\/100\n|turn|23\n|\n|t:|1701186950\n|switch|p1a: Heatran|Heatran, F|100\/100\n|move|p2a: Volcanion|Earth Power|p1a: Heatran\n|-supereffective|p1a: Heatran\n|-damage|p1a: Heatran|9\/100\n|\n|-heal|p2a: Volcanion|61\/100|[from] Grassy Terrain\n|-heal|p1a: Heatran|16\/100|[from] Grassy Terrain\n|-heal|p1a: Heatran|22\/100|[from] item: Leftovers\n|upkeep\n|turn|24\n|inactive|GibbyJrSonSr has 120 seconds left.\n|inactive|aoicanary has 120 seconds left.\n|inactive|GibbyJrSonSr has 90 seconds left.\n|\n|t:|1701187027\n|move|p2a: Volcanion|Earth Power|p1a: Heatran\n|-supereffective|p1a: Heatran\n|-damage|p1a: Heatran|0 fnt\n|faint|p1a: Heatran\n|\n|-heal|p2a: Volcanion|67\/100|[from] Grassy Terrain\n|upkeep\n|inactive|aoicanary has 120 seconds left.\n|\n|t:|1701187034\n|switch|p1a: Rillaboom|Rillaboom, M|7\/100\n|turn|25\n|\n|t:|1701187037\n|move|p1a: Rillaboom|Grassy Glide|p2a: Volcanion\n|-damage|p2a: Volcanion|29\/100\n|move|p2a: Volcanion|Earth Power|p1a: Rillaboom\n|-resisted|p1a: Rillaboom\n|-damage|p1a: Rillaboom|0 fnt\n|faint|p1a: Rillaboom\n|\n|-heal|p2a: Volcanion|35\/100|[from] Grassy Terrain\n|upkeep\n|\n|t:|1701187044\n|switch|p1a: devindian|Kingambit, M|89\/100\n|-activate|p1a: devindian|ability: Supreme Overlord\n|-start|p1a: devindian|fallen5|[silent]\n|turn|26\n|\n|t:|1701187056\n|switch|p2a: Iron Treads|Iron Treads|14\/100\n|-terastallize|p1a: devindian|Flying\n|move|p1a: devindian|Swords Dance|p1a: devindian\n|-boost|p1a: devindian|atk|2\n|\n|-heal|p2a: Iron Treads|20\/100|[from] Grassy Terrain\n|-fieldend|move: Grassy Terrain\n|upkeep\n|turn|27\n|\n|t:|1701187063\n|move|p2a: Iron Treads|Iron Head|p1a: devindian\n|-damage|p1a: devindian|64\/100\n|move|p1a: devindian|Kowtow Cleave|p2a: Iron Treads\n|-damage|p2a: Iron Treads|0 fnt\n|faint|p2a: Iron Treads\n|-end|p2a: Iron Treads|Quark Drive|[silent]\n|\n|upkeep\n|\n|t:|1701187071\n|switch|p2a: Volcanion|Volcanion|35\/100\n|turn|28\n|\n|t:|1701187082\n|move|p1a: devindian|Sucker Punch|p2a: Volcanion\n|-damage|p2a: Volcanion|0 fnt\n|faint|p2a: Volcanion\n|\n|win|aoicanary\n|raw|aoicanary's rating: 1071 &rarr; <strong>1102<\/strong><br \/>(+31 for winning)\n|raw|GibbyJrSonSr's rating: 1088 &rarr; <strong>1064<\/strong><br \/>(-24 for losing)\n|l|\u2606GibbyJrSonSr\n|c|\u2606aoicanary|gg\n","uploadtime":1701187097,"views":2,"p1id":"aoicanary","p2id":"gibbyjrsonsr","formatid":"gen9ou","rating":1064,"private":0,"password":""}