{"id":"gen9ou-1992514856","p1":"8thjim","p2":"Redribbonrenegade","format":"[Gen 9] OU","log":"|j|\u26068thjim\n|j|\u2606Redribbonrenegade\n|t:|1700197842\n|gametype|singles\n|player|p1|8thjim|raihan|1572\n|player|p2|Redribbonrenegade|marshal|1443\n|teamsize|p1|6\n|teamsize|p2|6\n|gen|9\n|tier|[Gen 9] OU\n|rated|\n|rule|Sleep Clause Mod: Limit one foe put to sleep\n|rule|Species Clause: Limit one of each Pok\u00e9mon\n|rule|OHKO Clause: OHKO moves are banned\n|rule|Evasion Items Clause: Evasion items are banned\n|rule|Evasion Moves Clause: Evasion moves are banned\n|rule|Endless Battle Clause: Forcing endless battles is banned\n|rule|HP Percentage Mod: HP is shown in percentages\n|clearpoke\n|poke|p1|Iron Valiant|\n|poke|p1|Lokix, F|\n|poke|p1|Ceruledge, M|\n|poke|p1|Ogerpon-Wellspring, F|\n|poke|p1|Arcanine-Hisui, M|\n|poke|p1|Corviknight, M|\n|poke|p2|Ursaluna, M|\n|poke|p2|Volcanion|\n|poke|p2|Garganacl, F|\n|poke|p2|Sinistcha-Masterpiece|\n|poke|p2|Cresselia, F|\n|poke|p2|Weezing-Galar, M|\n|teampreview\n|\n|t:|1700197856\n|start\n|switch|p1a: Ogerpon|Ogerpon-Wellspring, F|100\/100\n|switch|p2a: Gibson \ud83d\udd74\ufe0f|Weezing-Galar, M|100\/100\n|turn|1\n|\n|t:|1700197860\n|switch|p2a: Chi-Chi \ud83c\udf75|Sinistcha-Masterpiece, shiny|100\/100\n|move|p1a: Ogerpon|U-turn|p2a: Chi-Chi \ud83c\udf75\n|-damage|p2a: Chi-Chi \ud83c\udf75|80\/100\n|\n|t:|1700197868\n|switch|p1a: Lokix|Lokix, F|100\/100|[from] U-turn\n|\n|upkeep\n|turn|2\n|\n|t:|1700197886\n|switch|p2a: Gibson \ud83d\udd74\ufe0f|Weezing-Galar, M|100\/100\n|move|p1a: Lokix|Knock Off|p2a: Gibson \ud83d\udd74\ufe0f\n|-resisted|p2a: Gibson \ud83d\udd74\ufe0f\n|-damage|p2a: Gibson \ud83d\udd74\ufe0f|68\/100\n|-enditem|p2a: Gibson \ud83d\udd74\ufe0f|Leftovers|[from] move: Knock Off|[of] p1a: Lokix\n|\n|upkeep\n|turn|3\n|\n|t:|1700197895\n|move|p1a: Lokix|U-turn|p2a: Gibson \ud83d\udd74\ufe0f\n|-resisted|p2a: Gibson \ud83d\udd74\ufe0f\n|-damage|p2a: Gibson \ud83d\udd74\ufe0f|56\/100\n|\n|t:|1700197898\n|switch|p1a: Arcanine|Arcanine-Hisui, M|100\/100|[from] U-turn\n|move|p2a: Gibson \ud83d\udd74\ufe0f|Pain Split|p1a: Arcanine\n|-sethp|p1a: Arcanine|78\/100|[from] move: Pain Split|[silent]\n|-sethp|p2a: Gibson \ud83d\udd74\ufe0f|77\/100|[from] move: Pain Split\n|\n|upkeep\n|turn|4\n|\n|t:|1700197914\n|switch|p2a: Rennala \ud83c\udf19|Cresselia, F|100\/100\n|move|p1a: Arcanine|Flare Blitz|p2a: Rennala \ud83c\udf19\n|-damage|p2a: Rennala \ud83c\udf19|70\/100\n|-enditem|p2a: Rennala \ud83c\udf19|Red Card|[of] p1a: Arcanine\n|drag|p1a: Lokix|Lokix, F|100\/100\n|\n|upkeep\n|turn|5\n|\n|t:|1700197939\n|switch|p2a: Gibson \ud83d\udd74\ufe0f|Weezing-Galar, M|77\/100\n|move|p1a: Lokix|First Impression|p2a: Gibson \ud83d\udd74\ufe0f\n|-resisted|p2a: Gibson \ud83d\udd74\ufe0f\n|-damage|p2a: Gibson \ud83d\udd74\ufe0f|61\/100\n|\n|upkeep\n|turn|6\n|\n|t:|1700197968\n|switch|p2a: Forge \ud83d\ude82|Volcanion|100\/100\n|move|p1a: Lokix|U-turn|p2a: Forge \ud83d\ude82\n|-resisted|p2a: Forge \ud83d\ude82\n|-damage|p2a: Forge \ud83d\ude82|69\/100\n|\n|t:|1700197976\n|switch|p1a: Arcanine|Arcanine-Hisui, M|78\/100|[from] U-turn\n|\n|upkeep\n|turn|7\n|\n|t:|1700197996\n|switch|p1a: Ogerpon|Ogerpon-Wellspring, F|100\/100\n|switch|p2a: Wojbomb \ud83d\udce0|Garganacl, F|100\/100\n|\n|upkeep\n|turn|8\n|\n|t:|1700198012\n|move|p1a: Ogerpon|U-turn|p2a: Wojbomb \ud83d\udce0\n|-damage|p2a: Wojbomb \ud83d\udce0|85\/100\n|\n|t:|1700198015\n|switch|p1a: Corviknight|Corviknight, M|100\/100|[from] U-turn\n|-ability|p1a: Corviknight|Pressure\n|move|p2a: Wojbomb \ud83d\udce0|Salt Cure|p1a: Corviknight\n|-damage|p1a: Corviknight|93\/100\n|-start|p1a: Corviknight|Salt Cure\n|\n|-heal|p1a: Corviknight|99\/100|[from] item: Leftovers\n|-damage|p1a: Corviknight|74\/100|[from] Salt Cure\n|upkeep\n|turn|9\n|\n|t:|1700198025\n|move|p1a: Corviknight|U-turn|p2a: Wojbomb \ud83d\udce0\n|-damage|p2a: Wojbomb \ud83d\udce0|76\/100\n|\n|t:|1700198027\n|switch|p1a: Ogerpon|Ogerpon-Wellspring, F|100\/100|[from] U-turn\n|move|p2a: Wojbomb \ud83d\udce0|Stealth Rock|p1a: Ogerpon\n|-sidestart|p1: 8thjim|move: Stealth Rock\n|\n|upkeep\n|turn|10\n|\n|t:|1700198031\n|switch|p2a: Forge \ud83d\ude82|Volcanion|69\/100\n|move|p1a: Ogerpon|Encore||[still]\n|-fail|p1a: Ogerpon\n|\n|upkeep\n|turn|11\n|\n|t:|1700198047\n|move|p1a: Ogerpon|U-turn|p2a: Forge \ud83d\ude82\n|-resisted|p2a: Forge \ud83d\ude82\n|-damage|p2a: Forge \ud83d\ude82|58\/100\n|\n|t:|1700198050\n|switch|p1a: Arcanine|Arcanine-Hisui, M|78\/100|[from] U-turn\n|move|p2a: Forge \ud83d\ude82|Earth Power|p1a: Arcanine\n|-supereffective|p1a: Arcanine\n|-damage|p1a: Arcanine|0 fnt\n|faint|p1a: Arcanine\n|\n|upkeep\n|\n|t:|1700198059\n|switch|p1a: Iron Valiant|Iron Valiant|100\/100\n|-damage|p1a: Iron Valiant|94\/100|[from] Stealth Rock\n|-enditem|p1a: Iron Valiant|Booster Energy\n|-activate|p1a: Iron Valiant|ability: Quark Drive|[fromitem]\n|-start|p1a: Iron Valiant|quarkdrivespe\n|turn|12\n|\n|t:|1700198067\n|move|p1a: Iron Valiant|Thunderbolt|p2a: Forge \ud83d\ude82\n|-supereffective|p2a: Forge \ud83d\ude82\n|-damage|p2a: Forge \ud83d\ude82|22\/100\n|move|p2a: Forge \ud83d\ude82|Sludge Bomb|p1a: Iron Valiant\n|-supereffective|p1a: Iron Valiant\n|-damage|p1a: Iron Valiant|0 fnt\n|faint|p1a: Iron Valiant\n|-end|p1a: Iron Valiant|Quark Drive|[silent]\n|\n|upkeep\n|\n|t:|1700198075\n|switch|p1a: Ogerpon|Ogerpon-Wellspring, F|100\/100\n|-damage|p1a: Ogerpon|88\/100|[from] Stealth Rock\n|turn|13\n|\n|t:|1700198101\n|move|p1a: Ogerpon|Horn Leech|p2a: Forge \ud83d\ude82\n|-damage|p2a: Forge \ud83d\ude82|0 fnt\n|-heal|p1a: Ogerpon|100\/100|[from] drain|[of] p2a: Forge \ud83d\ude82\n|faint|p2a: Forge \ud83d\ude82\n|\n|upkeep\n|\n|t:|1700198104\n|switch|p2a: Chi-Chi \ud83c\udf75|Sinistcha-Masterpiece, shiny|80\/100\n|turn|14\n|\n|t:|1700198116\n|move|p1a: Ogerpon|Ivy Cudgel|p2a: Chi-Chi \ud83c\udf75|[anim] Ivy Cudgel Water\n|-resisted|p2a: Chi-Chi \ud83c\udf75\n|-damage|p2a: Chi-Chi \ud83c\udf75|58\/100\n|move|p2a: Chi-Chi \ud83c\udf75|Iron Defense|p2a: Chi-Chi \ud83c\udf75\n|-boost|p2a: Chi-Chi \ud83c\udf75|def|2\n|\n|upkeep\n|turn|15\n|\n|t:|1700198122\n|move|p1a: Ogerpon|Encore|p2a: Chi-Chi \ud83c\udf75\n|-start|p2a: Chi-Chi \ud83c\udf75|Encore\n|move|p2a: Chi-Chi \ud83c\udf75|Iron Defense|p2a: Chi-Chi \ud83c\udf75\n|-boost|p2a: Chi-Chi \ud83c\udf75|def|2\n|\n|upkeep\n|turn|16\n|\n|t:|1700198125\n|switch|p2a: Gibson \ud83d\udd74\ufe0f|Weezing-Galar, M|61\/100\n|move|p1a: Ogerpon|Ivy Cudgel|p2a: Gibson \ud83d\udd74\ufe0f|[anim] Ivy Cudgel Water\n|-crit|p2a: Gibson \ud83d\udd74\ufe0f\n|-damage|p2a: Gibson \ud83d\udd74\ufe0f|0 fnt\n|faint|p2a: Gibson \ud83d\udd74\ufe0f\n|\n|upkeep\n|\n|t:|1700198127\n|switch|p2a: Chi-Chi \ud83c\udf75|Sinistcha-Masterpiece, shiny|58\/100\n|turn|17\n|\n|t:|1700198131\n|move|p1a: Ogerpon|U-turn|p2a: Chi-Chi \ud83c\udf75\n|-damage|p2a: Chi-Chi \ud83c\udf75|40\/100\n|\n|t:|1700198133\n|switch|p1a: Lokix|Lokix, F|100\/100|[from] U-turn\n|-damage|p1a: Lokix|76\/100|[from] Stealth Rock\n|move|p2a: Chi-Chi \ud83c\udf75|Matcha Gotcha|p1a: Lokix\n|-resisted|p1a: Lokix\n|-damage|p1a: Lokix|43\/100\n|-heal|p2a: Chi-Chi \ud83c\udf75|53\/100|[from] drain|[of] p1a: Lokix\n|\n|upkeep\n|turn|18\n|\n|t:|1700198147\n|-terastallize|p2a: Chi-Chi \ud83c\udf75|Poison\n|move|p1a: Lokix|Knock Off|p2a: Chi-Chi \ud83c\udf75\n|-damage|p2a: Chi-Chi \ud83c\udf75|21\/100\n|-enditem|p2a: Chi-Chi \ud83c\udf75|Heavy-Duty Boots|[from] move: Knock Off|[of] p1a: Lokix\n|move|p2a: Chi-Chi \ud83c\udf75|Strength Sap|p1a: Lokix\n|-unboost|p1a: Lokix|atk|1\n|-heal|p2a: Chi-Chi \ud83c\udf75|100\/100\n|\n|upkeep\n|turn|19\n|\n|t:|1700198156\n|move|p1a: Lokix|U-turn|p2a: Chi-Chi \ud83c\udf75\n|-resisted|p2a: Chi-Chi \ud83c\udf75\n|-damage|p2a: Chi-Chi \ud83c\udf75|84\/100\n|\n|t:|1700198158\n|switch|p1a: Corviknight|Corviknight, M|74\/100|[from] U-turn\n|-damage|p1a: Corviknight|62\/100|[from] Stealth Rock\n|-ability|p1a: Corviknight|Pressure\n|move|p2a: Chi-Chi \ud83c\udf75|Matcha Gotcha|p1a: Corviknight\n|-resisted|p1a: Corviknight\n|-damage|p1a: Corviknight|53\/100\n|-heal|p2a: Chi-Chi \ud83c\udf75|89\/100|[from] drain|[of] p1a: Corviknight\n|\n|-heal|p1a: Corviknight|59\/100|[from] item: Leftovers\n|upkeep\n|turn|20\n|\n|t:|1700198163\n|move|p2a: Chi-Chi \ud83c\udf75|Matcha Gotcha|p1a: Corviknight\n|-resisted|p1a: Corviknight\n|-damage|p1a: Corviknight|51\/100\n|-heal|p2a: Chi-Chi \ud83c\udf75|94\/100|[from] drain|[of] p1a: Corviknight\n|move|p1a: Corviknight|U-turn|p2a: Chi-Chi \ud83c\udf75\n|-resisted|p2a: Chi-Chi \ud83c\udf75\n|-damage|p2a: Chi-Chi \ud83c\udf75|88\/100\n|\n|t:|1700198170\n|switch|p1a: X blade|Ceruledge, M, shiny|100\/100|[from] U-turn\n|\n|upkeep\n|turn|21\n|\n|t:|1700198185\n|move|p1a: X blade|Swords Dance|p1a: X blade\n|-boost|p1a: X blade|atk|2\n|move|p2a: Chi-Chi \ud83c\udf75|Strength Sap|p1a: X blade\n|-unboost|p1a: X blade|atk|1\n|-heal|p2a: Chi-Chi \ud83c\udf75|100\/100\n|\n|upkeep\n|turn|22\n|\n|t:|1700198193\n|move|p1a: X blade|Swords Dance|p1a: X blade\n|-boost|p1a: X blade|atk|2\n|move|p2a: Chi-Chi \ud83c\udf75|Strength Sap|p1a: X blade\n|-unboost|p1a: X blade|atk|1\n|\n|upkeep\n|turn|23\n|\n|t:|1700198196\n|move|p1a: X blade|Swords Dance|p1a: X blade\n|-boost|p1a: X blade|atk|2\n|move|p2a: Chi-Chi \ud83c\udf75|Iron Defense|p2a: Chi-Chi \ud83c\udf75\n|-boost|p2a: Chi-Chi \ud83c\udf75|def|2\n|\n|upkeep\n|turn|24\n|\n|t:|1700198206\n|switch|p1a: Ogerpon|Ogerpon-Wellspring, F|100\/100\n|-damage|p1a: Ogerpon|88\/100|[from] Stealth Rock\n|move|p2a: Chi-Chi \ud83c\udf75|Matcha Gotcha|p1a: Ogerpon|[miss]\n|-miss|p2a: Chi-Chi \ud83c\udf75|p1a: Ogerpon\n|\n|upkeep\n|turn|25\n|\n|t:|1700198211\n|move|p1a: Ogerpon|Encore|p2a: Chi-Chi \ud83c\udf75\n|-start|p2a: Chi-Chi \ud83c\udf75|Encore\n|move|p2a: Chi-Chi \ud83c\udf75|Matcha Gotcha|p1a: Ogerpon\n|-damage|p1a: Ogerpon|50\/100\n|\n|upkeep\n|turn|26\n|inactive|Battle timer is ON: inactive players will automatically lose when time's up. (requested by Redribbonrenegade)\n|-message|8thjim forfeited.\n|\n|win|Redribbonrenegade\n|raw|8thjim's rating: 1572 &rarr; <strong>1545<\/strong><br \/>(-27 for losing)\n|raw|Redribbonrenegade's rating: 1443 &rarr; <strong>1470<\/strong><br \/>(+27 for winning)\n|l|\u26068thjim\n|l|\u2606Redribbonrenegade\n|j|\u2606Redribbonrenegade\n|player|p2|Redribbonrenegade|marshal\n","uploadtime":1700198245,"views":8,"p1id":"8thjim","p2id":"redribbonrenegade","formatid":"gen9ou","rating":1470,"private":0,"password":""}