{"id":"gen9ou-1990795230","p1":"gock glocker","p2":"TismWarrior1","format":"[Gen 9] OU","log":"|j|\u2606gock glocker\n|j|\u2606TismWarrior1\n|t:|1700001606\n|gametype|singles\n|player|p1|gock glocker|acerola-masters|1626\n|player|p2|TismWarrior1|medium|1721\n|teamsize|p1|6\n|teamsize|p2|6\n|gen|9\n|tier|[Gen 9] OU\n|rated|\n|rule|Sleep Clause Mod: Limit one foe put to sleep\n|rule|Species Clause: Limit one of each Pok\u00e9mon\n|rule|OHKO Clause: OHKO moves are banned\n|rule|Evasion Items Clause: Evasion items are banned\n|rule|Evasion Moves Clause: Evasion moves are banned\n|rule|Endless Battle Clause: Forcing endless battles is banned\n|rule|HP Percentage Mod: HP is shown in percentages\n|clearpoke\n|poke|p1|Ting-Lu|\n|poke|p1|Zapdos|\n|poke|p1|Ogerpon-Wellspring, F|\n|poke|p1|Corviknight, M|\n|poke|p1|Slowking-Galar, M|\n|poke|p1|Cinderace, F|\n|poke|p2|Slowking-Galar, M|\n|poke|p2|Rotom-Wash|\n|poke|p2|Landorus-Therian, M|\n|poke|p2|Kingambit, M|\n|poke|p2|Dragapult, F|\n|poke|p2|Meowscarada, F|\n|teampreview\n|inactive|Battle timer is ON: inactive players will automatically lose when time's up. (requested by gock glocker)\n|inactive|TismWarrior1 also wants the timer to be on.\n|c|\u2606TismWarrior1|hf\n|j| shortjort\n|\n|t:|1700001629\n|start\n|switch|p1a: Zapdos|Zapdos|100\/100\n|switch|p2a: Meowscarada|Meowscarada, F|100\/100\n|turn|1\n|\n|t:|1700001639\n|move|p2a: Meowscarada|Knock Off|p1a: Zapdos\n|-start|p2a: Meowscarada|typechange|Dark|[from] ability: Protean\n|-damage|p1a: Zapdos|21\/100\n|-enditem|p1a: Zapdos|Heavy-Duty Boots|[from] move: Knock Off|[of] p2a: Meowscarada\n|move|p1a: Zapdos|U-turn|p2a: Meowscarada\n|-supereffective|p2a: Meowscarada\n|-damage|p2a: Meowscarada|62\/100\n|inactive|gock glocker has 120 seconds left.\n|\n|t:|1700001672\n|switch|p1a: Corviknight|Corviknight, M|100\/100|[from] U-turn\n|-ability|p1a: Corviknight|Pressure\n|\n|upkeep\n|turn|2\n|\n|t:|1700001682\n|switch|p2a: Landorus|Landorus-Therian, M|100\/100\n|-ability|p2a: Landorus|Intimidate|boost\n|-unboost|p1a: Corviknight|atk|1\n|move|p1a: Corviknight|Roost||[still]\n|-fail|p1a: Corviknight|heal\n|\n|upkeep\n|turn|3\n|\n|t:|1700001690\n|move|p2a: Landorus|Stealth Rock|p1a: Corviknight\n|-sidestart|p1: gock glocker|move: Stealth Rock\n|move|p1a: Corviknight|U-turn|p2a: Landorus\n|-resisted|p2a: Landorus\n|-damage|p2a: Landorus|97\/100\n|-damage|p1a: Corviknight|84\/100|[from] item: Rocky Helmet|[of] p2a: Landorus\n|\n|t:|1700001707\n|switch|p1a: Ogerpon|Ogerpon-Wellspring, F|100\/100|[from] U-turn\n|-damage|p1a: Ogerpon|88\/100|[from] Stealth Rock\n|\n|upkeep\n|turn|4\n|\n|t:|1700001725\n|move|p1a: Ogerpon|Ivy Cudgel|p2a: Landorus|[anim] Ivy Cudgel Water\n|-supereffective|p2a: Landorus\n|-damage|p2a: Landorus|2\/100\n|move|p2a: Landorus|U-turn|p1a: Ogerpon\n|-supereffective|p1a: Ogerpon\n|-damage|p1a: Ogerpon|34\/100\n|\n|t:|1700001728\n|switch|p2a: Dragapult|Dragapult, F|100\/100|[from] U-turn\n|\n|upkeep\n|turn|5\n|\n|t:|1700001731\n|switch|p1a: Ting-Lu|Ting-Lu|100\/100\n|-damage|p1a: Ting-Lu|94\/100|[from] Stealth Rock\n|-ability|p1a: Ting-Lu|Vessel of Ruin\n|move|p2a: Dragapult|U-turn|p1a: Ting-Lu\n|-supereffective|p1a: Ting-Lu\n|-crit|p1a: Ting-Lu\n|-damage|p1a: Ting-Lu|63\/100\n|inactive|TismWarrior1 has 120 seconds left.\n|\n|t:|1700001762\n|switch|p2a: Meowscarada|Meowscarada, F|62\/100|[from] U-turn\n|\n|-heal|p1a: Ting-Lu|69\/100|[from] item: Leftovers\n|upkeep\n|turn|6\n|\n|t:|1700001769\n|switch|p1a: Zapdos|Zapdos|21\/100\n|-damage|p1a: Zapdos|0 fnt|[from] Stealth Rock\n|faint|p1a: Zapdos\n|move|p2a: Meowscarada|U-turn|p1: Zapdos|[notarget]\n|-fail|p2a: Meowscarada\n|\n|upkeep\n|\n|t:|1700001773\n|switch|p1a: Corviknight|Corviknight, M|84\/100\n|-damage|p1a: Corviknight|72\/100|[from] Stealth Rock\n|-ability|p1a: Corviknight|Pressure\n|turn|7\n|l| shortjort\n|\n|t:|1700001784\n|move|p2a: Meowscarada|U-turn|p1a: Corviknight\n|-start|p2a: Meowscarada|typechange|Bug|[from] ability: Protean\n|-resisted|p1a: Corviknight\n|-damage|p1a: Corviknight|64\/100\n|-damage|p2a: Meowscarada|46\/100|[from] item: Rocky Helmet|[of] p1a: Corviknight\n|\n|t:|1700001797\n|switch|p2a: Rotom|Rotom-Wash|100\/100|[from] U-turn\n|move|p1a: Corviknight|U-turn|p2a: Rotom\n|-damage|p2a: Rotom|89\/100\n|inactive|gock glocker has 120 seconds left.\n|\n|t:|1700001828\n|switch|p1a: Ogerpon|Ogerpon-Wellspring, F|34\/100|[from] U-turn\n|-damage|p1a: Ogerpon|22\/100|[from] Stealth Rock\n|\n|-heal|p2a: Rotom|95\/100|[from] item: Leftovers\n|upkeep\n|turn|8\n|\n|t:|1700001837\n|switch|p2a: Dragapult|Dragapult, F|100\/100\n|move|p1a: Ogerpon|Power Whip|p2a: Dragapult\n|-resisted|p2a: Dragapult\n|-damage|p2a: Dragapult|49\/100\n|\n|upkeep\n|turn|9\n|\n|t:|1700001848\n|switch|p1a: Corviknight|Corviknight, M|64\/100\n|-damage|p1a: Corviknight|52\/100|[from] Stealth Rock\n|-ability|p1a: Corviknight|Pressure\n|move|p2a: Dragapult|Dragon Darts|p1a: Corviknight\n|-resisted|p1a: Corviknight\n|-damage|p1a: Corviknight|46\/100\n|-anim|p2a: Dragapult|Dragon Darts|p1a: Corviknight\n|-resisted|p1a: Corviknight\n|-damage|p1a: Corviknight|40\/100\n|\n|upkeep\n|turn|10\n|\n|t:|1700001851\n|move|p2a: Dragapult|Thunder Wave|p1a: Corviknight\n|-status|p1a: Corviknight|par\n|cant|p1a: Corviknight|par\n|\n|upkeep\n|turn|11\n|\n|t:|1700001859\n|switch|p1a: Ting-Lu|Ting-Lu|69\/100\n|-damage|p1a: Ting-Lu|63\/100|[from] Stealth Rock\n|-ability|p1a: Ting-Lu|Vessel of Ruin\n|move|p2a: Dragapult|Dragon Darts|p1a: Ting-Lu\n|-damage|p1a: Ting-Lu|50\/100\n|-anim|p2a: Dragapult|Dragon Darts|p1a: Ting-Lu\n|-damage|p1a: Ting-Lu|39\/100\n|\n|-heal|p1a: Ting-Lu|46\/100|[from] item: Leftovers\n|upkeep\n|turn|12\n|\n|t:|1700001873\n|move|p2a: Dragapult|U-turn|p1a: Ting-Lu\n|-supereffective|p1a: Ting-Lu\n|-damage|p1a: Ting-Lu|23\/100\n|\n|t:|1700001877\n|switch|p2a: Meowscarada|Meowscarada, F|46\/100|[from] U-turn\n|move|p1a: Ting-Lu|Ruination|p2a: Meowscarada\n|-damage|p2a: Meowscarada|23\/100\n|\n|-heal|p1a: Ting-Lu|29\/100|[from] item: Leftovers\n|upkeep\n|turn|13\n|\n|t:|1700001883\n|switch|p1a: Corviknight|Corviknight, M|40\/100 par\n|-damage|p1a: Corviknight|28\/100 par|[from] Stealth Rock\n|-ability|p1a: Corviknight|Pressure\n|move|p2a: Meowscarada|Flower Trick|p1a: Corviknight\n|-start|p2a: Meowscarada|typechange|Grass|[from] ability: Protean\n|-resisted|p1a: Corviknight\n|-crit|p1a: Corviknight\n|-damage|p1a: Corviknight|17\/100 par\n|\n|upkeep\n|turn|14\n|\n|t:|1700001894\n|switch|p2a: Dragapult|Dragapult, F|49\/100\n|move|p1a: Corviknight|Roost|p1a: Corviknight\n|-heal|p1a: Corviknight|67\/100 par\n|-singleturn|p1a: Corviknight|move: Roost\n|\n|upkeep\n|turn|15\n|\n|t:|1700001906\n|switch|p1a: Slowking|Slowking-Galar, M|100\/100\n|move|p2a: Dragapult|Hex|p1a: Slowking\n|-supereffective|p1a: Slowking\n|-damage|p1a: Slowking|54\/100\n|\n|upkeep\n|turn|16\n|\n|t:|1700001931\n|-terastallize|p1a: Slowking|Dark\n|move|p2a: Dragapult|Thunder Wave|p1a: Slowking\n|-status|p1a: Slowking|par\n|cant|p1a: Slowking|par\n|\n|upkeep\n|turn|17\n|\n|t:|1700001941\n|move|p2a: Dragapult|Dragon Darts|p1a: Slowking\n|-damage|p1a: Slowking|41\/100 par\n|-anim|p2a: Dragapult|Dragon Darts|p1a: Slowking\n|-damage|p1a: Slowking|26\/100 par\n|move|p1a: Slowking|Thunder Wave|p2a: Dragapult\n|-status|p2a: Dragapult|par\n|\n|upkeep\n|turn|18\n|\n|t:|1700001952\n|switch|p1a: Ting-Lu|Ting-Lu|29\/100\n|-damage|p1a: Ting-Lu|23\/100|[from] Stealth Rock\n|-ability|p1a: Ting-Lu|Vessel of Ruin\n|move|p2a: Dragapult|U-turn|p1a: Ting-Lu\n|-supereffective|p1a: Ting-Lu\n|-crit|p1a: Ting-Lu\n|-damage|p1a: Ting-Lu|0 fnt\n|faint|p1a: Ting-Lu\n|\n|t:|1700001969\n|switch|p2a: Rotom|Rotom-Wash|95\/100|[from] U-turn\n|\n|-heal|p2a: Rotom|100\/100|[from] item: Leftovers\n|upkeep\n|\n|t:|1700001973\n|switch|p1a: Ogerpon|Ogerpon-Wellspring, F|22\/100\n|-damage|p1a: Ogerpon|10\/100|[from] Stealth Rock\n|turn|19\n|\n|t:|1700001981\n|switch|p2a: Landorus|Landorus-Therian, M|2\/100\n|-ability|p2a: Landorus|Intimidate|boost\n|-unboost|p1a: Ogerpon|atk|1\n|move|p1a: Ogerpon|Ivy Cudgel|p2a: Landorus|[anim] Ivy Cudgel Water\n|-supereffective|p2a: Landorus\n|-damage|p2a: Landorus|0 fnt\n|faint|p2a: Landorus\n|\n|upkeep\n|\n|t:|1700001986\n|switch|p2a: Meowscarada|Meowscarada, F|23\/100\n|turn|20\n|\n|t:|1700001993\n|switch|p1a: Corviknight|Corviknight, M|67\/100 par\n|-damage|p1a: Corviknight|55\/100 par|[from] Stealth Rock\n|-ability|p1a: Corviknight|Pressure\n|move|p2a: Meowscarada|Knock Off|p1a: Corviknight\n|-start|p2a: Meowscarada|typechange|Dark|[from] ability: Protean\n|-damage|p1a: Corviknight|14\/100 par\n|-damage|p2a: Meowscarada|7\/100|[from] item: Rocky Helmet|[of] p1a: Corviknight\n|-enditem|p1a: Corviknight|Rocky Helmet|[from] move: Knock Off|[of] p2a: Meowscarada\n|\n|upkeep\n|turn|21\n|\n|t:|1700002001\n|move|p2a: Meowscarada|Knock Off|p1a: Corviknight\n|-damage|p1a: Corviknight|0 fnt\n|faint|p1a: Corviknight\n|\n|upkeep\n|\n|t:|1700002003\n|switch|p1a: Cinderace|Cinderace, F|100\/100\n|turn|22\n|\n|t:|1700002008\n|move|p1a: Cinderace|Sucker Punch|p2a: Meowscarada\n|-start|p1a: Cinderace|typechange|Dark|[from] ability: Libero\n|-resisted|p2a: Meowscarada\n|-damage|p2a: Meowscarada|0 fnt\n|faint|p2a: Meowscarada\n|\n|upkeep\n|\n|t:|1700002024\n|switch|p2a: Kingambit|Kingambit, M|100\/100\n|-activate|p2a: Kingambit|ability: Supreme Overlord\n|-start|p2a: Kingambit|fallen2|[silent]\n|turn|23\n|\n|t:|1700002028\n|-terastallize|p2a: Kingambit|Fighting\n|move|p1a: Cinderace|Pyro Ball|p2a: Kingambit\n|-damage|p2a: Kingambit|70\/100\n|move|p2a: Kingambit|Low Kick|p1a: Cinderace\n|-supereffective|p1a: Cinderace\n|-damage|p1a: Cinderace|0 fnt\n|faint|p1a: Cinderace\n|\n|-heal|p2a: Kingambit|76\/100|[from] item: Leftovers\n|upkeep\n|-message|gock glocker forfeited.\n|\n|win|TismWarrior1\n|raw|gock glocker's rating: 1626 &rarr; <strong>1611<\/strong><br \/>(-15 for losing)\n|raw|TismWarrior1's rating: 1721 &rarr; <strong>1736<\/strong><br \/>(+15 for winning)\n|l|\u2606gock glocker\n","uploadtime":1700002039,"views":28,"p1id":"gockglocker","p2id":"tismwarrior1","formatid":"gen9ou","rating":1611,"private":0,"password":""}