{"id":"gen9ou-1994057555","p1":"7ayakum","p2":"TheKairou","format":"[Gen 9] OU","log":"|j|\u26067ayakum\n|j|\u2606TheKairou\n|t:|1700401067\n|gametype|singles\n|player|p1|7ayakum|102|1379\n|player|p2|TheKairou|buck|1337\n|teamsize|p1|6\n|teamsize|p2|6\n|gen|9\n|tier|[Gen 9] OU\n|rated|\n|rule|Sleep Clause Mod: Limit one foe put to sleep\n|rule|Species Clause: Limit one of each Pok\u00e9mon\n|rule|OHKO Clause: OHKO moves are banned\n|rule|Evasion Items Clause: Evasion items are banned\n|rule|Evasion Moves Clause: Evasion moves are banned\n|rule|Endless Battle Clause: Forcing endless battles is banned\n|rule|HP Percentage Mod: HP is shown in percentages\n|clearpoke\n|poke|p1|Iron Treads|\n|poke|p1|Rillaboom, F|\n|poke|p1|Sneasler, M|\n|poke|p1|Landorus-Therian, M|\n|poke|p1|Walking Wake|\n|poke|p1|Mandibuzz, F|\n|poke|p2|Glimmora, M|\n|poke|p2|Rillaboom, M|\n|poke|p2|Skeledirge, M|\n|poke|p2|Thundurus-Therian, M|\n|poke|p2|Great Tusk|\n|poke|p2|Sneasler, F|\n|teampreview\n|\n|t:|1700401110\n|start\n|switch|p1a: Iron Treads|Iron Treads|100\/100\n|switch|p2a: Ganryu|Great Tusk|100\/100\n|-enditem|p1a: Iron Treads|Booster Energy\n|-activate|p1a: Iron Treads|ability: Quark Drive|[fromitem]\n|-start|p1a: Iron Treads|quarkdrivespe\n|-enditem|p2a: Ganryu|Booster Energy\n|-activate|p2a: Ganryu|ability: Protosynthesis|[fromitem]\n|-start|p2a: Ganryu|protosynthesisdef\n|turn|1\n|\n|t:|1700401122\n|move|p1a: Iron Treads|Earth Power|p2a: Ganryu\n|-damage|p2a: Ganryu|58\/100\n|move|p2a: Ganryu|Stealth Rock|p1a: Iron Treads\n|-sidestart|p1: 7ayakum|move: Stealth Rock\n|\n|upkeep\n|turn|2\n|\n|t:|1700401140\n|move|p1a: Iron Treads|Rapid Spin|p2a: Ganryu\n|-damage|p2a: Ganryu|54\/100\n|-boost|p1a: Iron Treads|spe|1\n|-sideend|p1: 7ayakum|Stealth Rock|[from] move: Rapid Spin|[of] p1a: Iron Treads\n|move|p2a: Ganryu|Rapid Spin|p1a: Iron Treads\n|-resisted|p1a: Iron Treads\n|-damage|p1a: Iron Treads|94\/100\n|-boost|p2a: Ganryu|spe|1\n|\n|upkeep\n|turn|3\n|\n|t:|1700401147\n|move|p1a: Iron Treads|Earth Power|p2a: Ganryu\n|-damage|p2a: Ganryu|10\/100\n|move|p2a: Ganryu|Earthquake|p1a: Iron Treads\n|-supereffective|p1a: Iron Treads\n|-damage|p1a: Iron Treads|7\/100\n|\n|upkeep\n|turn|4\n|\n|t:|1700401164\n|move|p1a: Iron Treads|Earth Power|p2a: Ganryu\n|-damage|p2a: Ganryu|0 fnt\n|faint|p2a: Ganryu\n|-end|p2a: Ganryu|Protosynthesis|[silent]\n|\n|upkeep\n|\n|t:|1700401173\n|switch|p2a: Rillaboom|Rillaboom, M|100\/100\n|-fieldstart|move: Grassy Terrain|[from] ability: Grassy Surge|[of] p2a: Rillaboom\n|turn|5\n|\n|t:|1700401182\n|-end|p1a: Iron Treads|Quark Drive|[silent]\n|switch|p1a: Landorus|Landorus-Therian, M|100\/100\n|-ability|p1a: Landorus|Intimidate|boost\n|-unboost|p2a: Rillaboom|atk|1\n|move|p2a: Rillaboom|Grassy Glide|p1a: Landorus\n|-damage|p1a: Landorus|74\/100\n|\n|-heal|p1a: Landorus|80\/100|[from] item: Leftovers\n|upkeep\n|turn|6\n|\n|t:|1700401198\n|switch|p2a: Skeledirge|Skeledirge, M|100\/100\n|move|p1a: Landorus|Stealth Rock|p2a: Skeledirge\n|-sidestart|p2: TheKairou|move: Stealth Rock\n|\n|-heal|p1a: Landorus|86\/100|[from] item: Leftovers\n|upkeep\n|turn|7\n|\n|t:|1700401201\n|move|p1a: Landorus|U-turn|p2a: Skeledirge\n|-resisted|p2a: Skeledirge\n|-damage|p2a: Skeledirge|97\/100\n|\n|t:|1700401211\n|switch|p1a: Walking Wake|Walking Wake|100\/100|[from] U-turn\n|move|p2a: Skeledirge|Will-O-Wisp|p1a: Walking Wake|[miss]\n|-miss|p2a: Skeledirge|p1a: Walking Wake\n|\n|-heal|p2a: Skeledirge|100\/100|[from] Grassy Terrain\n|upkeep\n|turn|8\n|\n|t:|1700401222\n|-terastallize|p2a: Skeledirge|Poison\n|move|p1a: Walking Wake|Hydro Steam|p2a: Skeledirge\n|-damage|p2a: Skeledirge|40\/100\n|move|p2a: Skeledirge|Will-O-Wisp|p1a: Walking Wake\n|-status|p1a: Walking Wake|brn\n|\n|-heal|p2a: Skeledirge|46\/100|[from] Grassy Terrain\n|-heal|p2a: Skeledirge|52\/100|[from] item: Leftovers\n|-damage|p1a: Walking Wake|94\/100 brn|[from] brn\n|upkeep\n|turn|9\n|\n|t:|1700401234\n|move|p1a: Walking Wake|Hydro Steam|p2a: Skeledirge\n|-damage|p2a: Skeledirge|0 fnt\n|faint|p2a: Skeledirge\n|\n|-heal|p1a: Walking Wake|100\/100 brn|[from] Grassy Terrain\n|-damage|p1a: Walking Wake|94\/100 brn|[from] brn\n|-fieldend|move: Grassy Terrain\n|upkeep\n|\n|t:|1700401242\n|switch|p2a: Rillaboom|Rillaboom, M|100\/100\n|-damage|p2a: Rillaboom|88\/100|[from] Stealth Rock\n|-fieldstart|move: Grassy Terrain|[from] ability: Grassy Surge|[of] p2a: Rillaboom\n|turn|10\n|\n|t:|1700401255\n|-end|p1a: Walking Wake|Protosynthesis|[silent]\n|switch|p1a: Landorus|Landorus-Therian, M|86\/100\n|-ability|p1a: Landorus|Intimidate|boost\n|-unboost|p2a: Rillaboom|atk|1\n|move|p2a: Rillaboom|Grassy Glide|p1a: Landorus\n|-damage|p1a: Landorus|56\/100\n|\n|-heal|p1a: Landorus|62\/100|[from] item: Leftovers\n|-heal|p2a: Rillaboom|94\/100|[from] Grassy Terrain\n|upkeep\n|turn|11\n|\n|t:|1700401266\n|switch|p2a: Sneasler|Sneasler, F|100\/100\n|-damage|p2a: Sneasler|95\/100|[from] Stealth Rock\n|-enditem|p2a: Sneasler|Grassy Seed\n|-boost|p2a: Sneasler|def|1|[from] item: Grassy Seed\n|move|p1a: Landorus|U-turn|p2a: Sneasler\n|-resisted|p2a: Sneasler\n|-damage|p2a: Sneasler|88\/100\n|\n|t:|1700401276\n|switch|p1a: Sneasler|Sneasler, M|100\/100|[from] U-turn\n|-enditem|p1a: Sneasler|Grassy Seed\n|-boost|p1a: Sneasler|def|1|[from] item: Grassy Seed\n|\n|-heal|p2a: Sneasler|94\/100|[from] Grassy Terrain\n|upkeep\n|turn|12\n|\n|t:|1700401283\n|-terastallize|p1a: Sneasler|Flying\n|move|p1a: Sneasler|Acrobatics|p2a: Sneasler\n|-supereffective|p2a: Sneasler\n|-damage|p2a: Sneasler|0 fnt\n|faint|p2a: Sneasler\n|\n|upkeep\n|\n|t:|1700401295\n|switch|p2a: Glimmora|Glimmora, M|100\/100\n|-damage|p2a: Glimmora|88\/100|[from] Stealth Rock\n|turn|13\n|\n|t:|1700401298\n|move|p1a: Sneasler|Swords Dance|p1a: Sneasler\n|-boost|p1a: Sneasler|atk|2\n|move|p2a: Glimmora|Rock Polish|p2a: Glimmora\n|-boost|p2a: Glimmora|spe|2\n|\n|-heal|p2a: Glimmora|94\/100|[from] Grassy Terrain\n|upkeep\n|turn|14\n|\n|t:|1700401303\n|move|p1a: Sneasler|Close Combat|p2a: Glimmora\n|-damage|p2a: Glimmora|0 fnt\n|-unboost|p1a: Sneasler|def|1\n|-unboost|p1a: Sneasler|spd|1\n|-activate|p2a: Glimmora|ability: Toxic Debris\n|-sidestart|p1: 7ayakum|move: Toxic Spikes\n|faint|p2a: Glimmora\n|\n|-fieldend|move: Grassy Terrain\n|upkeep\n|\n|t:|1700401308\n|switch|p2a: Thundurus|Thundurus-Therian, M|100\/100\n|-damage|p2a: Thundurus|75\/100|[from] Stealth Rock\n|turn|15\n|\n|t:|1700401311\n|move|p1a: Sneasler|Dire Claw|p2a: Thundurus\n|-damage|p2a: Thundurus|0 fnt\n|faint|p2a: Thundurus\n|\n|upkeep\n|\n|t:|1700401314\n|switch|p2a: Rillaboom|Rillaboom, M|94\/100\n|-damage|p2a: Rillaboom|82\/100|[from] Stealth Rock\n|-fieldstart|move: Grassy Terrain|[from] ability: Grassy Surge|[of] p2a: Rillaboom\n|turn|16\n|\n|t:|1700401318\n|move|p2a: Rillaboom|Grassy Glide|p1a: Sneasler\n|-resisted|p1a: Sneasler\n|-damage|p1a: Sneasler|53\/100\n|move|p1a: Sneasler|Acrobatics|p2a: Rillaboom\n|-supereffective|p2a: Rillaboom\n|-damage|p2a: Rillaboom|0 fnt\n|faint|p2a: Rillaboom\n|\n|win|7ayakum\n|raw|7ayakum's rating: 1379 &rarr; <strong>1397<\/strong><br \/>(+18 for winning)\n|raw|TheKairou's rating: 1337 &rarr; <strong>1319<\/strong><br \/>(-18 for losing)\n","uploadtime":1700401330,"views":6,"p1id":"7ayakum","p2id":"thekairou","formatid":"gen9ou","rating":1319,"private":0,"password":""}