{"id":"gen9ou-1997079050","p1":"chaoticat","p2":"Wobbuffap","format":"[Gen 9] OU","log":"|j|\u203dchaoticat\n|j|\u2606Wobbuffap\n|t:|1700762362\n|gametype|singles\n|player|p1|chaoticat|265|1030\n|player|p2|Wobbuffap|clown|1000\n|teamsize|p1|6\n|teamsize|p2|6\n|gen|9\n|tier|[Gen 9] OU\n|rated|\n|rule|Sleep Clause Mod: Limit one foe put to sleep\n|rule|Species Clause: Limit one of each Pok\u00e9mon\n|rule|OHKO Clause: OHKO moves are banned\n|rule|Evasion Items Clause: Evasion items are banned\n|rule|Evasion Moves Clause: Evasion moves are banned\n|rule|Endless Battle Clause: Forcing endless battles is banned\n|rule|HP Percentage Mod: HP is shown in percentages\n|clearpoke\n|poke|p1|Volcanion|\n|poke|p1|Landorus-Therian, M|\n|poke|p1|Meowscarada, F|\n|poke|p1|Hatterene, F|\n|poke|p1|Thundurus-Therian, M|\n|poke|p1|Weezing-Galar, F|\n|poke|p2|Kleavor, M|\n|poke|p2|Tornadus, M|\n|poke|p2|Ribombee, M|\n|poke|p2|Great Tusk|\n|poke|p2|Thundurus-Therian, M|\n|poke|p2|Garganacl, M|\n|teampreview\n|\n|t:|1700762375\n|start\n|switch|p1a: Hatterene|Hatterene, F|100\/100\n|switch|p2a: Kleavor|Kleavor, M|100\/100\n|turn|1\n|\n|t:|1700762384\n|move|p2a: Kleavor|Stone Axe|p1a: Hatterene\n|-damage|p1a: Hatterene|46\/100\n|-sidestart|p1: chaoticat|move: Stealth Rock\n|move|p1a: Hatterene|Swords Dance|p1a: Hatterene\n|-boost|p1a: Hatterene|atk|2\n|\n|-heal|p1a: Hatterene|52\/100|[from] item: Leftovers\n|upkeep\n|turn|2\n|\n|t:|1700762412\n|-terastallize|p2a: Kleavor|Rock\n|-terastallize|p1a: Hatterene|Steel\n|move|p2a: Kleavor|Stone Axe|p1a: Hatterene\n|-resisted|p1a: Hatterene\n|-damage|p1a: Hatterene|13\/100\n|move|p1a: Hatterene|Play Rough|p2a: Kleavor\n|-damage|p2a: Kleavor|4\/100\n|\n|-heal|p1a: Hatterene|19\/100|[from] item: Leftovers\n|upkeep\n|turn|3\n|\n|t:|1700762431\n|move|p2a: Kleavor|Stone Axe|p1a: Hatterene\n|-resisted|p1a: Hatterene\n|-damage|p1a: Hatterene|0 fnt\n|faint|p1a: Hatterene\n|\n|upkeep\n|\n|t:|1700762434\n|switch|p1a: Meowscarada|Meowscarada, F|100\/100\n|-damage|p1a: Meowscarada|88\/100|[from] Stealth Rock\n|turn|4\n|\n|t:|1700762440\n|move|p1a: Meowscarada|U-turn|p2a: Kleavor\n|-start|p1a: Meowscarada|typechange|Bug|[from] ability: Protean\n|-damage|p2a: Kleavor|0 fnt\n|faint|p2a: Kleavor\n|inactive|Battle timer is ON: inactive players will automatically lose when time's up. (requested by chaoticat)\n|\n|t:|1700762451\n|switch|p1a: Weezing|Weezing-Galar, F|100\/100|[from] U-turn\n|-damage|p1a: Weezing|88\/100|[from] Stealth Rock\n|-fieldstart|move: Misty Terrain|[from] ability: Misty Surge|[of] p1a: Weezing\n|\n|upkeep\n|\n|t:|1700762469\n|switch|p2a: Tornadus|Tornadus, M|100\/100\n|turn|5\n|\n|t:|1700762483\n|move|p2a: Tornadus|Taunt|p1a: Weezing\n|-start|p1a: Weezing|move: Taunt\n|move|p1a: Weezing|Gunk Shot|p2a: Tornadus\n|-damage|p2a: Tornadus|22\/100\n|\n|upkeep\n|turn|6\n|\n|t:|1700762492\n|move|p2a: Tornadus|Tailwind|p2a: Tornadus\n|-sidestart|p2: Wobbuffap|move: Tailwind\n|move|p1a: Weezing|Play Rough|p2a: Tornadus\n|-damage|p2a: Tornadus|0 fnt\n|faint|p2a: Tornadus\n|\n|upkeep\n|\n|t:|1700762504\n|switch|p2a: Great Tusk|Great Tusk|100\/100\n|-enditem|p2a: Great Tusk|Booster Energy\n|-activate|p2a: Great Tusk|ability: Protosynthesis|[fromitem]\n|-start|p2a: Great Tusk|protosynthesisatk\n|turn|7\n|\n|t:|1700762529\n|switch|p1a: Landorus|Landorus-Therian, M|100\/100\n|-damage|p1a: Landorus|88\/100|[from] Stealth Rock\n|-ability|p1a: Landorus|Intimidate|boost\n|-unboost|p2a: Great Tusk|atk|1\n|move|p2a: Great Tusk|Headlong Rush|p1a: Landorus\n|-immune|p1a: Landorus\n|\n|-heal|p1a: Landorus|94\/100|[from] item: Leftovers\n|upkeep\n|turn|8\n|inactive|chaoticat has 120 seconds left.\n|\n|t:|1700762546\n|switch|p1a: Volcanion|Volcanion|100\/100\n|-damage|p1a: Volcanion|76\/100|[from] Stealth Rock\n|move|p2a: Great Tusk|Ice Spinner|p1a: Volcanion\n|-resisted|p1a: Volcanion\n|-damage|p1a: Volcanion|71\/100\n|-fieldend|Misty Terrain\n|\n|upkeep\n|turn|9\n|inactive|chaoticat has 120 seconds left.\n|\n|t:|1700762561\n|switch|p1a: Landorus|Landorus-Therian, M|94\/100\n|-damage|p1a: Landorus|82\/100|[from] Stealth Rock\n|-ability|p1a: Landorus|Intimidate|boost\n|-unboost|p2a: Great Tusk|atk|1\n|move|p2a: Great Tusk|Headlong Rush|p1a: Landorus\n|-immune|p1a: Landorus\n|\n|-heal|p1a: Landorus|88\/100|[from] item: Leftovers\n|-sideend|p2: Wobbuffap|move: Tailwind\n|upkeep\n|turn|10\n|inactive|chaoticat has 120 seconds left.\n|\n|t:|1700762579\n|move|p1a: Landorus|Grass Knot|p2a: Great Tusk\n|-supereffective|p2a: Great Tusk\n|-damage|p2a: Great Tusk|0 fnt\n|faint|p2a: Great Tusk\n|-end|p2a: Great Tusk|Protosynthesis|[silent]\n|\n|-heal|p1a: Landorus|94\/100|[from] item: Leftovers\n|upkeep\n|\n|t:|1700762588\n|switch|p2a: Garganacl|Garganacl, M|100\/100\n|turn|11\n|\n|t:|1700762593\n|move|p1a: Landorus|Nasty Plot|p1a: Landorus\n|-boost|p1a: Landorus|spa|2\n|move|p2a: Garganacl|Salt Cure|p1a: Landorus\n|-damage|p1a: Landorus|78\/100\n|-start|p1a: Landorus|Salt Cure\n|\n|-heal|p1a: Landorus|84\/100|[from] item: Leftovers\n|-damage|p1a: Landorus|71\/100|[from] Salt Cure\n|upkeep\n|turn|12\n|\n|t:|1700762606\n|switch|p2a: Thundurus|Thundurus-Therian, M|100\/100\n|move|p1a: Landorus|Nasty Plot|p1a: Landorus\n|-boost|p1a: Landorus|spa|2\n|\n|-heal|p1a: Landorus|77\/100|[from] item: Leftovers\n|-damage|p1a: Landorus|65\/100|[from] Salt Cure\n|upkeep\n|turn|13\n|\n|t:|1700762614\n|move|p2a: Thundurus|Focus Blast|p1a: Landorus\n|-resisted|p1a: Landorus\n|-damage|p1a: Landorus|25\/100\n|-damage|p2a: Thundurus|91\/100|[from] item: Life Orb\n|move|p1a: Landorus|Sludge Bomb|p2a: Thundurus\n|-damage|p2a: Thundurus|0 fnt\n|faint|p2a: Thundurus\n|\n|-heal|p1a: Landorus|31\/100|[from] item: Leftovers\n|-damage|p1a: Landorus|19\/100|[from] Salt Cure\n|upkeep\n|\n|t:|1700762622\n|switch|p2a: Ribombee|Ribombee, M|100\/100\n|turn|14\n|\n|t:|1700762634\n|switch|p1a: Weezing|Weezing-Galar, F|88\/100\n|-damage|p1a: Weezing|76\/100|[from] Stealth Rock\n|-fieldstart|move: Misty Terrain|[from] ability: Misty Surge|[of] p1a: Weezing\n|move|p2a: Ribombee|Quiver Dance|p2a: Ribombee\n|-boost|p2a: Ribombee|spa|1\n|-boost|p2a: Ribombee|spd|1\n|-boost|p2a: Ribombee|spe|1\n|\n|upkeep\n|turn|15\n|\n|t:|1700762645\n|move|p2a: Ribombee|Bug Buzz|p1a: Weezing\n|-resisted|p1a: Weezing\n|-damage|p1a: Weezing|54\/100\n|-unboost|p1a: Weezing|spd|1\n|move|p1a: Weezing|Gunk Shot|p2a: Ribombee\n|-supereffective|p2a: Ribombee\n|-enditem|p2a: Ribombee|Focus Sash\n|-damage|p2a: Ribombee|1\/100\n|\n|upkeep\n|turn|16\n|\n|t:|1700762655\n|move|p2a: Ribombee|Sticky Web|p1a: Weezing\n|-sidestart|p1: chaoticat|move: Sticky Web\n|move|p1a: Weezing|Gyro Ball|p2a: Ribombee\n|-supereffective|p2a: Ribombee\n|-damage|p2a: Ribombee|0 fnt\n|faint|p2a: Ribombee\n|\n|upkeep\n|\n|t:|1700762656\n|switch|p2a: Garganacl|Garganacl, M|100\/100\n|turn|17\n|\n|t:|1700762666\n|move|p1a: Weezing|Gyro Ball|p2a: Garganacl\n|-supereffective|p2a: Garganacl\n|-damage|p2a: Garganacl|92\/100\n|move|p2a: Garganacl|Iron Defense|p2a: Garganacl\n|-boost|p2a: Garganacl|def|2\n|\n|-heal|p2a: Garganacl|98\/100|[from] item: Leftovers\n|upkeep\n|turn|18\n|\n|t:|1700762675\n|move|p1a: Weezing|Gunk Shot|p2a: Garganacl\n|-resisted|p2a: Garganacl\n|-damage|p2a: Garganacl|89\/100\n|move|p2a: Garganacl|Iron Defense|p2a: Garganacl\n|-boost|p2a: Garganacl|def|2\n|\n|-heal|p2a: Garganacl|95\/100|[from] item: Leftovers\n|upkeep\n|turn|19\n|\n|t:|1700762682\n|move|p1a: Weezing|Gunk Shot|p2a: Garganacl\n|-resisted|p2a: Garganacl\n|-damage|p2a: Garganacl|90\/100\n|move|p2a: Garganacl|Iron Defense|p2a: Garganacl\n|-boost|p2a: Garganacl|def|2\n|\n|-heal|p2a: Garganacl|96\/100|[from] item: Leftovers\n|upkeep\n|turn|20\n|\n|t:|1700762693\n|move|p1a: Weezing|Play Rough|p2a: Garganacl\n|-damage|p2a: Garganacl|89\/100\n|move|p2a: Garganacl|Salt Cure|p1a: Weezing\n|-damage|p1a: Weezing|42\/100\n|-start|p1a: Weezing|Salt Cure\n|\n|-heal|p2a: Garganacl|95\/100|[from] item: Leftovers\n|-damage|p1a: Weezing|30\/100|[from] Salt Cure\n|upkeep\n|turn|21\n|\n|t:|1700762702\n|move|p1a: Weezing|Play Rough|p2a: Garganacl\n|-damage|p2a: Garganacl|88\/100\n|move|p2a: Garganacl|Body Press|p1a: Weezing\n|-resisted|p1a: Weezing\n|-damage|p1a: Weezing|10\/100\n|\n|-heal|p2a: Garganacl|94\/100|[from] item: Leftovers\n|-damage|p1a: Weezing|0 fnt|[from] Salt Cure\n|faint|p1a: Weezing\n|-fieldend|Misty Terrain\n|upkeep\n|\n|t:|1700762711\n|switch|p1a: Landorus|Landorus-Therian, M|19\/100\n|-damage|p1a: Landorus|7\/100|[from] Stealth Rock\n|-ability|p1a: Landorus|Intimidate|boost\n|-unboost|p2a: Garganacl|atk|1\n|turn|22\n|\n|t:|1700762719\n|move|p1a: Landorus|Grass Knot|p2a: Garganacl\n|-supereffective|p2a: Garganacl\n|-damage|p2a: Garganacl|51\/100\n|move|p2a: Garganacl|Salt Cure|p1a: Landorus\n|-damage|p1a: Landorus|0 fnt\n|faint|p1a: Landorus\n|\n|-heal|p2a: Garganacl|57\/100|[from] item: Leftovers\n|upkeep\n|\n|t:|1700762724\n|switch|p1a: Meowscarada|Meowscarada, F|88\/100\n|-damage|p1a: Meowscarada|76\/100|[from] Stealth Rock\n|-activate|p1a: Meowscarada|move: Sticky Web\n|-unboost|p1a: Meowscarada|spe|1\n|turn|23\n|\n|t:|1700762733\n|move|p1a: Meowscarada|Leaf Storm|p2a: Garganacl\n|-start|p1a: Meowscarada|typechange|Grass|[from] ability: Protean\n|-supereffective|p2a: Garganacl\n|-damage|p2a: Garganacl|0 fnt\n|-unboost|p1a: Meowscarada|spa|2\n|faint|p2a: Garganacl\n|\n|win|chaoticat\n|raw|chaoticat's rating: 1030 &rarr; <strong>1062<\/strong><br \/>(+32 for winning)\n|raw|Wobbuffap's rating: 1000 &rarr; <strong>1000<\/strong><br \/>(+0 for losing)\n","uploadtime":1700762740,"views":5,"p1id":"chaoticat","p2id":"wobbuffap","formatid":"gen9ou","rating":1000,"private":0,"password":""}