{"id":"gen9ou-1990886067","p1":"NYSleepy","p2":"KOTONOHOUSE","format":"[Gen 9] OU","log":"|j|\u2606NYSleepy\n|j|\u2606KOTONOHOUSE\n|t:|1700011399\n|gametype|singles\n|player|p1|NYSleepy|rei|1433\n|player|p2|KOTONOHOUSE|unknown|1360\n|teamsize|p1|6\n|teamsize|p2|6\n|gen|9\n|tier|[Gen 9] OU\n|rated|\n|rule|Sleep Clause Mod: Limit one foe put to sleep\n|rule|Species Clause: Limit one of each Pok\u00e9mon\n|rule|OHKO Clause: OHKO moves are banned\n|rule|Evasion Items Clause: Evasion items are banned\n|rule|Evasion Moves Clause: Evasion moves are banned\n|rule|Endless Battle Clause: Forcing endless battles is banned\n|rule|HP Percentage Mod: HP is shown in percentages\n|clearpoke\n|poke|p1|Landorus-Therian, M|\n|poke|p1|Cinderace, F|\n|poke|p1|Ogerpon-Cornerstone, F|\n|poke|p1|Kingambit, M|\n|poke|p1|Gholdengo|\n|poke|p1|Dragapult, F|\n|poke|p2|Kingambit, F|\n|poke|p2|Heatran, M|\n|poke|p2|Garchomp, M|\n|poke|p2|Scizor, M|\n|poke|p2|Samurott-Hisui, M|\n|poke|p2|Cresselia, F|\n|teampreview\n|inactive|Battle timer is ON: inactive players will automatically lose when time's up. (requested by KOTONOHOUSE)\n|inactive|NYSleepy has 120 seconds left.\n|\n|t:|1700011442\n|start\n|switch|p1a: Ogerpon|Ogerpon-Cornerstone, F|100\/100\n|switch|p2a: Garchomp|Garchomp, M|100\/100\n|turn|1\n|\n|t:|1700011450\n|move|p1a: Ogerpon|Spikes|p2a: Garchomp\n|-sidestart|p2: KOTONOHOUSE|Spikes\n|move|p2a: Garchomp|Earthquake|p1a: Ogerpon\n|-damage|p1a: Ogerpon|49\/100\n|\n|upkeep\n|turn|2\n|\n|t:|1700011457\n|switch|p1a: Landorus|Landorus-Therian, M|100\/100\n|-ability|p1a: Landorus|Intimidate|boost\n|-unboost|p2a: Garchomp|atk|1\n|move|p2a: Garchomp|Stealth Rock|p1a: Landorus\n|-sidestart|p1: NYSleepy|move: Stealth Rock\n|\n|upkeep\n|turn|3\n|\n|t:|1700011464\n|move|p1a: Landorus|Stealth Rock|p2a: Garchomp\n|-sidestart|p2: KOTONOHOUSE|move: Stealth Rock\n|move|p2a: Garchomp|Dragon Tail|p1a: Landorus\n|-damage|p1a: Landorus|88\/100\n|-damage|p2a: Garchomp|84\/100|[from] item: Rocky Helmet|[of] p1a: Landorus\n|drag|p1a: Dragapult|Dragapult, F|100\/100\n|-damage|p1a: Dragapult|88\/100|[from] Stealth Rock\n|\n|upkeep\n|turn|4\n|\n|t:|1700011484\n|-terastallize|p2a: Garchomp|Steel\n|move|p1a: Dragapult|Shadow Ball|p2a: Garchomp\n|-damage|p2a: Garchomp|37\/100\n|move|p2a: Garchomp|Dragon Tail|p1a: Dragapult\n|-supereffective|p1a: Dragapult\n|-damage|p1a: Dragapult|41\/100\n|drag|p1a: Gholdengo|Gholdengo|100\/100\n|-damage|p1a: Gholdengo|94\/100|[from] Stealth Rock\n|\n|upkeep\n|turn|5\n|\n|t:|1700011495\n|move|p1a: Gholdengo|Shadow Ball|p2a: Garchomp\n|-damage|p2a: Garchomp|1\/100\n|move|p2a: Garchomp|Earthquake|p1a: Gholdengo\n|-supereffective|p1a: Gholdengo\n|-damage|p1a: Gholdengo|29\/100\n|\n|upkeep\n|turn|6\n|\n|t:|1700011506\n|move|p1a: Gholdengo|Shadow Ball|p2a: Garchomp\n|-damage|p2a: Garchomp|0 fnt\n|faint|p2a: Garchomp\n|\n|upkeep\n|\n|t:|1700011518\n|switch|p2a: Samurott|Samurott-Hisui, M|100\/100\n|-damage|p2a: Samurott|88\/100|[from] Spikes\n|-damage|p2a: Samurott|76\/100|[from] Stealth Rock\n|turn|7\n|\n|t:|1700011525\n|switch|p1a: Landorus|Landorus-Therian, M|88\/100\n|-damage|p1a: Landorus|76\/100|[from] Stealth Rock\n|-ability|p1a: Landorus|Intimidate|boost\n|-unboost|p2a: Samurott|atk|1\n|move|p2a: Samurott|Ceaseless Edge|p1a: Landorus\n|-crit|p1a: Landorus\n|-damage|p1a: Landorus|21\/100\n|-damage|p2a: Samurott|59\/100|[from] item: Rocky Helmet|[of] p1a: Landorus\n|-sidestart|p1: NYSleepy|Spikes\n|\n|upkeep\n|turn|8\n|\n|t:|1700011536\n|move|p2a: Samurott|Razor Shell|p1a: Landorus|[miss]\n|-miss|p2a: Samurott|p1a: Landorus\n|move|p1a: Landorus|U-turn|p2a: Samurott\n|-supereffective|p2a: Samurott\n|-damage|p2a: Samurott|3\/100\n|\n|t:|1700011545\n|switch|p1a: Ogerpon|Ogerpon-Cornerstone, F|49\/100|[from] U-turn\n|-damage|p1a: Ogerpon|36\/100|[from] Stealth Rock\n|-damage|p1a: Ogerpon|24\/100|[from] Spikes\n|\n|upkeep\n|turn|9\n|\n|t:|1700011552\n|move|p2a: Samurott|Aqua Jet|p1a: Ogerpon\n|-damage|p1a: Ogerpon|7\/100\n|move|p1a: Ogerpon|U-turn|p2a: Samurott\n|-supereffective|p2a: Samurott\n|-damage|p2a: Samurott|0 fnt\n|faint|p2a: Samurott\n|\n|t:|1700011562\n|switch|p1a: Landorus|Landorus-Therian, M|21\/100|[from] U-turn\n|-damage|p1a: Landorus|9\/100|[from] Stealth Rock\n|\n|upkeep\n|\n|t:|1700011568\n|switch|p2a: Scizor|Scizor, M|100\/100\n|-damage|p2a: Scizor|88\/100|[from] Spikes\n|-damage|p2a: Scizor|76\/100|[from] Stealth Rock\n|turn|10\n|\n|t:|1700011574\n|move|p2a: Scizor|Bullet Punch|p1a: Landorus\n|-damage|p1a: Landorus|0 fnt\n|-damage|p2a: Scizor|59\/100|[from] item: Rocky Helmet|[of] p1a: Landorus\n|faint|p1a: Landorus\n|-damage|p2a: Scizor|49\/100|[from] item: Life Orb\n|\n|upkeep\n|\n|t:|1700011587\n|switch|p1a: Cinderace|Cinderace, F|100\/100\n|turn|11\n|\n|t:|1700011593\n|move|p2a: Scizor|Bullet Punch|p1a: Cinderace\n|-resisted|p1a: Cinderace\n|-damage|p1a: Cinderace|75\/100\n|-damage|p2a: Scizor|40\/100|[from] item: Life Orb\n|move|p1a: Cinderace|U-turn|p2a: Scizor\n|-resisted|p2a: Scizor\n|-crit|p2a: Scizor\n|-damage|p2a: Scizor|26\/100\n|\n|t:|1700011597\n|switch|p1a: Dragapult|Dragapult, F|41\/100|[from] U-turn\n|-damage|p1a: Dragapult|29\/100|[from] Stealth Rock\n|-damage|p1a: Dragapult|16\/100|[from] Spikes\n|\n|upkeep\n|turn|12\n|\n|t:|1700011600\n|switch|p2a: Heatran|Heatran, M|100\/100\n|-damage|p2a: Heatran|88\/100|[from] Spikes\n|-damage|p2a: Heatran|76\/100|[from] Stealth Rock\n|move|p1a: Dragapult|Flamethrower|p2a: Heatran\n|-start|p2a: Heatran|ability: Flash Fire\n|\n|-heal|p2a: Heatran|82\/100|[from] item: Leftovers\n|upkeep\n|turn|13\n|\n|t:|1700011613\n|switch|p1a: Ogerpon|Ogerpon-Cornerstone, F|7\/100\n|-damage|p1a: Ogerpon|0 fnt|[from] Stealth Rock\n|faint|p1a: Ogerpon\n|move|p2a: Heatran|Earth Power|p1: Ogerpon|[notarget]\n|-fail|p2a: Heatran\n|\n|-heal|p2a: Heatran|88\/100|[from] item: Leftovers\n|upkeep\n|\n|t:|1700011623\n|switch|p1a: Gholdengo|Gholdengo|29\/100\n|-damage|p1a: Gholdengo|23\/100|[from] Stealth Rock\n|-damage|p1a: Gholdengo|11\/100|[from] Spikes\n|turn|14\n|\n|t:|1700011632\n|move|p2a: Heatran|Protect|p2a: Heatran\n|-singleturn|p2a: Heatran|Protect\n|move|p1a: Gholdengo|Focus Blast|p2a: Heatran\n|-activate|p2a: Heatran|move: Protect\n|\n|-heal|p2a: Heatran|94\/100|[from] item: Leftovers\n|upkeep\n|turn|15\n|\n|t:|1700011641\n|move|p1a: Gholdengo|Focus Blast|p2a: Heatran|[miss]\n|-miss|p1a: Gholdengo|p2a: Heatran\n|move|p2a: Heatran|Earth Power|p1a: Gholdengo\n|-supereffective|p1a: Gholdengo\n|-crit|p1a: Gholdengo\n|-damage|p1a: Gholdengo|0 fnt\n|faint|p1a: Gholdengo\n|\n|-heal|p2a: Heatran|100\/100|[from] item: Leftovers\n|upkeep\n|\n|t:|1700011653\n|switch|p1a: Dragapult|Dragapult, F|16\/100\n|-damage|p1a: Dragapult|4\/100|[from] Stealth Rock\n|-damage|p1a: Dragapult|0 fnt|[from] Spikes\n|faint|p1a: Dragapult\n|\n|t:|1700011661\n|switch|p1a: Cinderace|Cinderace, F|75\/100\n|turn|16\n|\n|t:|1700011669\n|move|p1a: Cinderace|Court Change|p1a: Cinderace\n|-swapsideconditions\n|-activate|p1a: Cinderace|move: Court Change\n|move|p2a: Heatran|Magma Storm|p1a: Cinderace\n|-resisted|p1a: Cinderace\n|-damage|p1a: Cinderace|34\/100\n|-activate|p1a: Cinderace|move: Magma Storm|[of] p2a: Heatran\n|\n|-damage|p1a: Cinderace|21\/100|[from] move: Magma Storm|[partiallytrapped]\n|upkeep\n|turn|17\n|\n|t:|1700011678\n|move|p2a: Heatran|Protect|p2a: Heatran\n|-singleturn|p2a: Heatran|Protect\n|move|p1a: Cinderace|Court Change|p1a: Cinderace\n|-swapsideconditions\n|-activate|p1a: Cinderace|move: Court Change\n|\n|-damage|p1a: Cinderace|9\/100|[from] move: Magma Storm|[partiallytrapped]\n|upkeep\n|turn|18\n|\n|t:|1700011688\n|move|p1a: Cinderace|Court Change|p1a: Cinderace\n|-swapsideconditions\n|-activate|p1a: Cinderace|move: Court Change\n|move|p2a: Heatran|Earth Power|p1a: Cinderace\n|-supereffective|p1a: Cinderace\n|-damage|p1a: Cinderace|0 fnt\n|faint|p1a: Cinderace\n|\n|upkeep\n|\n|t:|1700011690\n|switch|p1a: Kingambit|Kingambit, M|100\/100\n|-damage|p1a: Kingambit|88\/100|[from] Spikes\n|-damage|p1a: Kingambit|82\/100|[from] Stealth Rock\n|-activate|p1a: Kingambit|ability: Supreme Overlord\n|-start|p1a: Kingambit|fallen5|[silent]\n|turn|19\n|\n|t:|1700011705\n|-terastallize|p1a: Kingambit|Fairy\n|move|p2a: Heatran|Earth Power|p1a: Kingambit\n|-damage|p1a: Kingambit|57\/100\n|move|p1a: Kingambit|Swords Dance|p1a: Kingambit\n|-boost|p1a: Kingambit|atk|2\n|\n|upkeep\n|turn|20\n|\n|t:|1700011713\n|move|p1a: Kingambit|Sucker Punch|p2a: Heatran\n|-damage|p2a: Heatran|0 fnt\n|faint|p2a: Heatran\n|\n|upkeep\n|\n|t:|1700011719\n|switch|p2a: Cresselia|Cresselia, F|100\/100\n|-damage|p2a: Cresselia|88\/100|[from] Stealth Rock\n|turn|21\n|\n|t:|1700011726\n|move|p2a: Cresselia|Moonblast|p1a: Kingambit\n|-damage|p1a: Kingambit|42\/100\n|move|p1a: Kingambit|Kowtow Cleave|p2a: Cresselia\n|-supereffective|p2a: Cresselia\n|-damage|p2a: Cresselia|0 fnt\n|faint|p2a: Cresselia\n|\n|upkeep\n|\n|t:|1700011732\n|switch|p2a: Scizor|Scizor, M|26\/100\n|-damage|p2a: Scizor|13\/100|[from] Stealth Rock\n|-damage|p2a: Scizor|1\/100|[from] Spikes\n|turn|22\n|\n|t:|1700011737\n|move|p2a: Scizor|Bullet Punch|p1a: Kingambit\n|-supereffective|p1a: Kingambit\n|-damage|p1a: Kingambit|0 fnt\n|faint|p1a: Kingambit\n|-end|p1a: Kingambit|fallen5|[silent]\n|-damage|p2a: Scizor|0 fnt|[from] item: Life Orb\n|faint|p2a: Scizor\n|\n|win|KOTONOHOUSE\n|raw|NYSleepy's rating: 1433 &rarr; <strong>1409<\/strong><br \/>(-24 for losing)\n|raw|KOTONOHOUSE's rating: 1360 &rarr; <strong>1384<\/strong><br \/>(+24 for winning)\n|c|\u2606KOTONOHOUSE|gg\n|c|\u2606NYSleepy|gg\n|l|\u2606NYSleepy\n","uploadtime":1700011755,"views":15,"p1id":"nysleepy","p2id":"kotonohouse","formatid":"gen9ou","rating":1384,"private":0,"password":""}