{"id":"gen9ou-1999408891","p1":"Shadyen1985","p2":"RiskYourLif3","format":"[Gen 9] OU","log":"|j|\u2606Shadyen1985\n|j|\u2606RiskYourLif3\n|t:|1701075578\n|gametype|singles\n|player|p1|Shadyen1985|atticus|1115\n|player|p2|RiskYourLif3|volkner|1218\n|teamsize|p1|6\n|teamsize|p2|6\n|gen|9\n|tier|[Gen 9] OU\n|rated|\n|rule|Sleep Clause Mod: Limit one foe put to sleep\n|rule|Species Clause: Limit one of each Pok\u00e9mon\n|rule|OHKO Clause: OHKO moves are banned\n|rule|Evasion Items Clause: Evasion items are banned\n|rule|Evasion Moves Clause: Evasion moves are banned\n|rule|Endless Battle Clause: Forcing endless battles is banned\n|rule|HP Percentage Mod: HP is shown in percentages\n|clearpoke\n|poke|p1|Ogerpon-Cornerstone, F|\n|poke|p1|Okidogi, M|\n|poke|p1|Iron Moth|\n|poke|p1|Leavanny, M|\n|poke|p1|Samurott-Hisui, M|\n|poke|p1|Gholdengo|\n|poke|p2|Pelipper, M|\n|poke|p2|Floatzel, F|\n|poke|p2|Brute Bonnet|\n|poke|p2|Quaquaval, M|\n|poke|p2|Golduck, F|\n|poke|p2|Kilowattrel, F|\n|teampreview\n|\n|t:|1701075603\n|start\n|switch|p1a: Leavanny|Leavanny, M, shiny|100\/100\n|switch|p2a: Pelipper|Pelipper, M|100\/100\n|-weather|RainDance|[from] ability: Drizzle|[of] p2a: Pelipper\n|turn|1\n|inactive|Battle timer is ON: inactive players will automatically lose when time's up. (requested by RiskYourLif3)\n|\n|t:|1701075609\n|move|p1a: Leavanny|Sticky Web|p2a: Pelipper\n|-sidestart|p2: RiskYourLif3|move: Sticky Web\n|move|p2a: Pelipper|Hurricane|p1a: Leavanny\n|-supereffective|p1a: Leavanny\n|-enditem|p1a: Leavanny|Focus Sash\n|-damage|p1a: Leavanny|1\/100\n|-start|p1a: Leavanny|confusion\n|\n|-weather|RainDance|[upkeep]\n|upkeep\n|turn|2\n|\n|t:|1701075622\n|-activate|p1a: Leavanny|confusion\n|-damage|p1a: Leavanny|0 fnt|[from] confusion\n|faint|p1a: Leavanny\n|move|p2a: Pelipper|U-turn|p1: Leavanny|[notarget]\n|-fail|p2a: Pelipper\n|\n|-weather|RainDance|[upkeep]\n|upkeep\n|\n|t:|1701075637\n|switch|p1a: Ogerpon|Ogerpon-Cornerstone, F|100\/100\n|turn|3\n|\n|t:|1701075641\n|move|p1a: Ogerpon|Swords Dance|p1a: Ogerpon\n|-boost|p1a: Ogerpon|atk|2\n|move|p2a: Pelipper|Chilling Water|p1a: Ogerpon\n|-damage|p1a: Ogerpon|73\/100\n|-unboost|p1a: Ogerpon|atk|1\n|\n|-weather|RainDance|[upkeep]\n|upkeep\n|turn|4\n|\n|t:|1701075644\n|move|p1a: Ogerpon|Ivy Cudgel|p2a: Pelipper|[anim] Ivy Cudgel Rock\n|-supereffective|p2a: Pelipper\n|-crit|p2a: Pelipper\n|-damage|p2a: Pelipper|0 fnt\n|faint|p2a: Pelipper\n|\n|-weather|RainDance|[upkeep]\n|upkeep\n|\n|t:|1701075662\n|switch|p2a: Kilowattrel|Kilowattrel, F|100\/100\n|turn|5\n|\n|t:|1701075665\n|move|p2a: Kilowattrel|Weather Ball|p1a: Ogerpon\n|-damage|p1a: Ogerpon|16\/100\n|move|p1a: Ogerpon|Horn Leech|p2a: Kilowattrel\n|-resisted|p2a: Kilowattrel\n|-damage|p2a: Kilowattrel|39\/100\n|-heal|p1a: Ogerpon|45\/100|[from] drain|[of] p2a: Kilowattrel\n|\n|-weather|RainDance|[upkeep]\n|upkeep\n|turn|6\n|\n|t:|1701075671\n|move|p2a: Kilowattrel|Weather Ball|p1a: Ogerpon\n|-damage|p1a: Ogerpon|0 fnt\n|faint|p1a: Ogerpon\n|\n|-weather|RainDance|[upkeep]\n|upkeep\n|\n|t:|1701075677\n|switch|p1a: Samurott|Samurott-Hisui, M|100\/100\n|turn|7\n|\n|t:|1701075681\n|move|p2a: Kilowattrel|Thunder|p1a: Samurott\n|-supereffective|p1a: Samurott\n|-damage|p1a: Samurott|0 fnt\n|faint|p1a: Samurott\n|\n|-weather|RainDance|[upkeep]\n|upkeep\n|\n|t:|1701075698\n|switch|p1a: Okidogi|Okidogi, M|100\/100\n|turn|8\n|\n|t:|1701075702\n|-terastallize|p1a: Okidogi|Dark\n|move|p2a: Kilowattrel|Hurricane|p1a: Okidogi\n|-damage|p1a: Okidogi|67\/100\n|-start|p1a: Okidogi|confusion\n|-activate|p1a: Okidogi|confusion\n|move|p1a: Okidogi|Knock Off|p2a: Kilowattrel\n|-damage|p2a: Kilowattrel|0 fnt\n|-enditem|p2a: Kilowattrel|Heavy-Duty Boots|[from] move: Knock Off|[of] p1a: Okidogi\n|faint|p2a: Kilowattrel\n|\n|-weather|none\n|upkeep\n|\n|t:|1701075711\n|switch|p2a: Quaquaval|Quaquaval, M|100\/100\n|-activate|p2a: Quaquaval|move: Sticky Web\n|-unboost|p2a: Quaquaval|spe|1\n|turn|9\n|\n|t:|1701075715\n|move|p2a: Quaquaval|Aqua Step|p1a: Okidogi\n|-damage|p1a: Okidogi|20\/100\n|-boost|p2a: Quaquaval|spe|1\n|-damage|p2a: Quaquaval|91\/100|[from] item: Life Orb\n|-end|p1a: Okidogi|confusion\n|move|p1a: Okidogi|Drain Punch|p2a: Quaquaval\n|-damage|p2a: Quaquaval|33\/100\n|-heal|p1a: Okidogi|48\/100|[from] drain|[of] p2a: Quaquaval\n|\n|upkeep\n|turn|10\n|\n|t:|1701075718\n|move|p2a: Quaquaval|Aqua Step|p1a: Okidogi\n|-damage|p1a: Okidogi|2\/100\n|-boost|p2a: Quaquaval|spe|1\n|-damage|p2a: Quaquaval|23\/100|[from] item: Life Orb\n|move|p1a: Okidogi|Drain Punch|p2a: Quaquaval\n|-damage|p2a: Quaquaval|0 fnt\n|-heal|p1a: Okidogi|13\/100|[from] drain|[of] p2a: Quaquaval\n|faint|p2a: Quaquaval\n|\n|upkeep\n|\n|t:|1701075724\n|switch|p2a: Brute Bonnet|Brute Bonnet|100\/100\n|-activate|p2a: Brute Bonnet|move: Sticky Web\n|-unboost|p2a: Brute Bonnet|spe|1\n|-enditem|p2a: Brute Bonnet|Booster Energy\n|-activate|p2a: Brute Bonnet|ability: Protosynthesis|[fromitem]\n|-start|p2a: Brute Bonnet|protosynthesisatk\n|turn|11\n|\n|t:|1701075742\n|move|p2a: Brute Bonnet|Sucker Punch|p1a: Okidogi\n|-resisted|p1a: Okidogi\n|-damage|p1a: Okidogi|0 fnt\n|faint|p1a: Okidogi\n|\n|upkeep\n|\n|t:|1701075745\n|switch|p1a: Gholdengo|Gholdengo, shiny|100\/100\n|turn|12\n|\n|t:|1701075751\n|move|p1a: Gholdengo|Trick|p2a: Brute Bonnet\n|-activate|p1a: Gholdengo|move: Trick|[of] p2a: Brute Bonnet\n|-item|p2a: Brute Bonnet|Flame Orb|[from] move: Trick\n|-enditem|p1a: Gholdengo|Flame Orb|[silent]|[from] move: Trick\n|move|p2a: Brute Bonnet|Seed Bomb|p1a: Gholdengo\n|-resisted|p1a: Gholdengo\n|-damage|p1a: Gholdengo|70\/100\n|\n|-status|p2a: Brute Bonnet|brn|[from] item: Flame Orb\n|upkeep\n|turn|13\n|\n|t:|1701075762\n|move|p2a: Brute Bonnet|Sucker Punch||[still]\n|-fail|p2a: Brute Bonnet\n|move|p1a: Gholdengo|Recover|p1a: Gholdengo\n|-heal|p1a: Gholdengo|100\/100\n|\n|-damage|p2a: Brute Bonnet|94\/100 brn|[from] brn\n|upkeep\n|turn|14\n|\n|t:|1701075766\n|switch|p1a: Iron Moth|Iron Moth, shiny|100\/100\n|move|p2a: Brute Bonnet|Seed Bomb|p1a: Iron Moth\n|-resisted|p1a: Iron Moth\n|-damage|p1a: Iron Moth|87\/100\n|\n|-damage|p2a: Brute Bonnet|88\/100 brn|[from] brn\n|upkeep\n|turn|15\n|\n|t:|1701075779\n|move|p1a: Iron Moth|Sludge Wave|p2a: Brute Bonnet\n|-supereffective|p2a: Brute Bonnet\n|-damage|p2a: Brute Bonnet|0 fnt\n|faint|p2a: Brute Bonnet\n|-end|p2a: Brute Bonnet|Protosynthesis|[silent]\n|\n|upkeep\n|\n|t:|1701075785\n|switch|p2a: Golduck|Golduck, F|100\/100\n|-activate|p2a: Golduck|move: Sticky Web\n|-unboost|p2a: Golduck|spe|1\n|turn|16\n|\n|t:|1701075788\n|move|p1a: Iron Moth|Sludge Wave|p2a: Golduck\n|-damage|p2a: Golduck|0 fnt\n|faint|p2a: Golduck\n|\n|upkeep\n|\n|t:|1701075793\n|switch|p2a: Floatzel|Floatzel, F|100\/100\n|-activate|p2a: Floatzel|move: Sticky Web\n|-unboost|p2a: Floatzel|spe|1\n|turn|17\n|\n|t:|1701075796\n|-terastallize|p2a: Floatzel|Water\n|move|p1a: Iron Moth|Sludge Wave|p2a: Floatzel\n|-damage|p2a: Floatzel|0 fnt\n|faint|p2a: Floatzel\n|\n|win|Shadyen1985\n|raw|Shadyen1985's rating: 1115 &rarr; <strong>1147<\/strong><br \/>(+32 for winning)\n|raw|RiskYourLif3's rating: 1218 &rarr; <strong>1186<\/strong><br \/>(-32 for losing)\n","uploadtime":1701075801,"views":7,"p1id":"shadyen1985","p2id":"riskyourlif3","formatid":"gen9ou","rating":1147,"private":0,"password":""}