{"id":"gen9ou-1992054323","p1":"Bub Testing","p2":"hausty","format":"[Gen 9] OU","log":"|j|\u2606Bub Testing\n|j|\u2606hausty\n|t:|1700151249\n|gametype|singles\n|player|p1|Bub Testing|n|1243\n|player|p2|hausty|pokemaniac|1267\n|teamsize|p1|6\n|teamsize|p2|6\n|gen|9\n|tier|[Gen 9] OU\n|rated|\n|rule|Sleep Clause Mod: Limit one foe put to sleep\n|rule|Species Clause: Limit one of each Pok\u00e9mon\n|rule|OHKO Clause: OHKO moves are banned\n|rule|Evasion Items Clause: Evasion items are banned\n|rule|Evasion Moves Clause: Evasion moves are banned\n|rule|Endless Battle Clause: Forcing endless battles is banned\n|rule|HP Percentage Mod: HP is shown in percentages\n|clearpoke\n|poke|p1|Slowking-Galar, M|\n|poke|p1|Magnezone|\n|poke|p1|Ting-Lu|\n|poke|p1|Iron Valiant|\n|poke|p1|Gholdengo|\n|poke|p1|Dragonite, M|\n|poke|p2|Hoopa-Unbound|\n|poke|p2|Greninja-*, M|\n|poke|p2|Great Tusk|\n|poke|p2|Sneasler, M|\n|poke|p2|Heatran, M|\n|poke|p2|Rotom-Wash|\n|teampreview\n|inactive|Battle timer is ON: inactive players will automatically lose when time's up. (requested by hausty)\n|\n|t:|1700151260\n|start\n|switch|p1a: Ting-Lu|Ting-Lu|100\/100\n|switch|p2a: Not poison touch|Sneasler, M, shiny|100\/100\n|-ability|p1a: Ting-Lu|Vessel of Ruin\n|turn|1\n|\n|t:|1700151263\n|move|p2a: Not poison touch|Fake Out|p1a: Ting-Lu\n|-damage|p1a: Ting-Lu|94\/100\n|-status|p1a: Ting-Lu|psn|[from] ability: Poison Touch|[of] p2a: Not poison touch\n|cant|p1a: Ting-Lu|flinch\n|\n|-heal|p1a: Ting-Lu|99\/100 psn|[from] item: Leftovers\n|-damage|p1a: Ting-Lu|88\/100 psn|[from] psn\n|upkeep\n|turn|2\n|\n|t:|1700151269\n|move|p2a: Not poison touch|U-turn|p1a: Ting-Lu\n|-supereffective|p1a: Ting-Lu\n|-damage|p1a: Ting-Lu|63\/100 psn\n|\n|t:|1700151274\n|switch|p2a: Not rocky helmet|Great Tusk, shiny|100\/100|[from] U-turn\n|move|p1a: Ting-Lu|Stealth Rock|p2a: Not rocky helmet\n|-sidestart|p2: hausty|move: Stealth Rock\n|\n|-heal|p1a: Ting-Lu|69\/100 psn|[from] item: Leftovers\n|-damage|p1a: Ting-Lu|57\/100 psn|[from] psn\n|upkeep\n|turn|3\n|\n|t:|1700151277\n|switch|p1a: Gholdengo|Gholdengo|100\/100\n|-item|p1a: Gholdengo|Air Balloon\n|move|p2a: Not rocky helmet|Knock Off|p1a: Gholdengo\n|-supereffective|p1a: Gholdengo\n|-damage|p1a: Gholdengo|60\/100\n|-enditem|p1a: Gholdengo|Air Balloon\n|\n|upkeep\n|turn|4\n|\n|t:|1700151284\n|move|p1a: Gholdengo|Make It Rain|p2a: Not rocky helmet\n|-damage|p2a: Not rocky helmet|58\/100\n|-unboost|p1a: Gholdengo|spa|1\n|move|p2a: Not rocky helmet|Earthquake|p1a: Gholdengo\n|-supereffective|p1a: Gholdengo\n|-damage|p1a: Gholdengo|0 fnt\n|faint|p1a: Gholdengo\n|\n|upkeep\n|\n|t:|1700151289\n|switch|p1a: Iron Valiant|Iron Valiant|100\/100\n|-enditem|p1a: Iron Valiant|Booster Energy\n|-activate|p1a: Iron Valiant|ability: Quark Drive|[fromitem]\n|-start|p1a: Iron Valiant|quarkdrivespe\n|turn|5\n|\n|t:|1700151294\n|-end|p2a: Not rocky helmet|Protosynthesis|[silent]\n|switch|p2a: Not flash fire|Heatran, M, shiny|100\/100\n|-damage|p2a: Not flash fire|88\/100|[from] Stealth Rock\n|move|p1a: Iron Valiant|Moonblast|p2a: Not flash fire\n|-resisted|p2a: Not flash fire\n|-damage|p2a: Not flash fire|81\/100\n|\n|-heal|p2a: Not flash fire|87\/100|[from] item: Leftovers\n|upkeep\n|turn|6\n|\n|t:|1700151300\n|-end|p1a: Iron Valiant|Quark Drive|[silent]\n|switch|p1a: Slowking|Slowking-Galar, M|100\/100\n|move|p2a: Not flash fire|Protect||[still]\n|-fail|p2a: Not flash fire\n|\n|-heal|p2a: Not flash fire|94\/100|[from] item: Leftovers\n|upkeep\n|turn|7\n|\n|t:|1700151303\n|move|p2a: Not flash fire|Stealth Rock|p1a: Slowking\n|-sidestart|p1: Bub Testing|move: Stealth Rock\n|move|p1a: Slowking|Chilly Reception|p1a: Slowking\n|-weather|Snow\n|\n|t:|1700151305\n|switch|p1a: Magnezone|Magnezone|100\/100|[from] Chilly Reception\n|-damage|p1a: Magnezone|95\/100|[from] Stealth Rock\n|\n|-weather|Snow|[upkeep]\n|-heal|p2a: Not flash fire|99\/100|[from] item: Leftovers\n|upkeep\n|turn|8\n|\n|t:|1700151307\n|-terastallize|p1a: Magnezone|Flying\n|move|p1a: Magnezone|Body Press|p2a: Not flash fire\n|-supereffective|p2a: Not flash fire\n|-damage|p2a: Not flash fire|66\/100\n|move|p2a: Not flash fire|Magma Storm|p1a: Magnezone\n|-damage|p1a: Magnezone|45\/100\n|-activate|p1a: Magnezone|move: Magma Storm|[of] p2a: Not flash fire\n|-enditem|p1a: Magnezone|Sitrus Berry|[eat]\n|-heal|p1a: Magnezone|70\/100|[from] item: Sitrus Berry\n|\n|-weather|Snow|[upkeep]\n|-heal|p2a: Not flash fire|72\/100|[from] item: Leftovers\n|-damage|p1a: Magnezone|58\/100|[from] move: Magma Storm|[partiallytrapped]\n|upkeep\n|turn|9\n|\n|t:|1700151317\n|move|p2a: Not flash fire|Protect|p2a: Not flash fire\n|-singleturn|p2a: Not flash fire|Protect\n|move|p1a: Magnezone|Thunderbolt|p2a: Not flash fire\n|-activate|p2a: Not flash fire|move: Protect\n|\n|-weather|Snow|[upkeep]\n|-heal|p2a: Not flash fire|78\/100|[from] item: Leftovers\n|-damage|p1a: Magnezone|46\/100|[from] move: Magma Storm|[partiallytrapped]\n|upkeep\n|turn|10\n|\n|t:|1700151321\n|move|p1a: Magnezone|Thunderbolt|p2a: Not flash fire\n|-damage|p2a: Not flash fire|48\/100\n|move|p2a: Not flash fire|Magma Storm|p1a: Magnezone|[miss]\n|-miss|p2a: Not flash fire|p1a: Magnezone\n|\n|-weather|Snow|[upkeep]\n|-heal|p2a: Not flash fire|54\/100|[from] item: Leftovers\n|-damage|p1a: Magnezone|33\/100|[from] move: Magma Storm|[partiallytrapped]\n|upkeep\n|turn|11\n|\n|t:|1700151326\n|move|p1a: Magnezone|Iron Defense|p1a: Magnezone\n|-boost|p1a: Magnezone|def|2\n|move|p2a: Not flash fire|Magma Storm|p1a: Magnezone\n|-damage|p1a: Magnezone|0 fnt\n|faint|p1a: Magnezone\n|\n|-weather|none\n|-heal|p2a: Not flash fire|60\/100|[from] item: Leftovers\n|upkeep\n|\n|t:|1700151330\n|switch|p1a: Dragonite|Dragonite, M|100\/100\n|turn|12\n|\n|t:|1700151335\n|move|p2a: Not flash fire|Protect|p2a: Not flash fire\n|-singleturn|p2a: Not flash fire|Protect\n|move|p1a: Dragonite|Earthquake|p2a: Not flash fire\n|-activate|p2a: Not flash fire|move: Protect\n|\n|-heal|p2a: Not flash fire|66\/100|[from] item: Leftovers\n|upkeep\n|turn|13\n|\n|t:|1700151339\n|switch|p2a: Not thunder wave|Rotom-Wash, shiny|100\/100\n|-damage|p2a: Not thunder wave|88\/100|[from] Stealth Rock\n|move|p1a: Dragonite|Dragon Dance|p1a: Dragonite\n|-boost|p1a: Dragonite|atk|1\n|-boost|p1a: Dragonite|spe|1\n|\n|-heal|p2a: Not thunder wave|94\/100|[from] item: Leftovers\n|upkeep\n|turn|14\n|\n|t:|1700151344\n|switch|p1a: Ting-Lu|Ting-Lu|57\/100 psn\n|-damage|p1a: Ting-Lu|51\/100 psn|[from] Stealth Rock\n|-ability|p1a: Ting-Lu|Vessel of Ruin\n|move|p2a: Not thunder wave|Thunder Wave|p1a: Ting-Lu\n|-immune|p1a: Ting-Lu\n|\n|-heal|p2a: Not thunder wave|100\/100|[from] item: Leftovers\n|-heal|p1a: Ting-Lu|57\/100 psn|[from] item: Leftovers\n|-damage|p1a: Ting-Lu|44\/100 psn|[from] psn\n|upkeep\n|turn|15\n|\n|t:|1700151349\n|move|p2a: Not thunder wave|Hydro Pump|p1a: Ting-Lu|[miss]\n|-miss|p2a: Not thunder wave|p1a: Ting-Lu\n|move|p1a: Ting-Lu|Spikes|p2a: Not thunder wave\n|-sidestart|p2: hausty|Spikes\n|\n|-heal|p1a: Ting-Lu|51\/100 psn|[from] item: Leftovers\n|-damage|p1a: Ting-Lu|38\/100 psn|[from] psn\n|upkeep\n|turn|16\n|\n|t:|1700151353\n|switch|p2a: Not rocky helmet|Great Tusk, shiny|58\/100\n|-damage|p2a: Not rocky helmet|55\/100|[from] Stealth Rock\n|-damage|p2a: Not rocky helmet|43\/100|[from] Spikes\n|move|p1a: Ting-Lu|Spikes|p2a: Not rocky helmet\n|-sidestart|p2: hausty|Spikes\n|\n|-heal|p1a: Ting-Lu|44\/100 psn|[from] item: Leftovers\n|-damage|p1a: Ting-Lu|32\/100 psn|[from] psn\n|upkeep\n|turn|17\n|\n|t:|1700151361\n|switch|p1a: Iron Valiant|Iron Valiant|100\/100\n|-damage|p1a: Iron Valiant|94\/100|[from] Stealth Rock\n|move|p2a: Not rocky helmet|Rapid Spin|p1a: Iron Valiant\n|-damage|p1a: Iron Valiant|75\/100\n|-boost|p2a: Not rocky helmet|spe|1\n|-sideend|p2: hausty|Spikes|[from] move: Rapid Spin|[of] p2a: Not rocky helmet\n|-sideend|p2: hausty|Stealth Rock|[from] move: Rapid Spin|[of] p2a: Not rocky helmet\n|\n|upkeep\n|turn|18\n|\n|t:|1700151367\n|-end|p2a: Not rocky helmet|Protosynthesis|[silent]\n|switch|p2a: Not flash fire|Heatran, M, shiny|66\/100\n|move|p1a: Iron Valiant|Moonblast|p2a: Not flash fire\n|-resisted|p2a: Not flash fire\n|-damage|p2a: Not flash fire|60\/100\n|\n|-heal|p2a: Not flash fire|66\/100|[from] item: Leftovers\n|upkeep\n|turn|19\n|\n|t:|1700151375\n|-end|p1a: Iron Valiant|Quark Drive|[silent]\n|switch|p1a: Slowking|Slowking-Galar, M|100\/100\n|move|p2a: Not flash fire|Magma Storm|p1a: Slowking\n|-damage|p1a: Slowking|74\/100\n|-activate|p1a: Slowking|move: Magma Storm|[of] p2a: Not flash fire\n|\n|-heal|p2a: Not flash fire|72\/100|[from] item: Leftovers\n|-damage|p1a: Slowking|61\/100|[from] move: Magma Storm|[partiallytrapped]\n|upkeep\n|turn|20\n|\n|t:|1700151383\n|move|p2a: Not flash fire|Earth Power|p1a: Slowking\n|-supereffective|p1a: Slowking\n|-damage|p1a: Slowking|27\/100\n|move|p1a: Slowking|Earthquake|p2a: Not flash fire\n|-supereffective|p2a: Not flash fire\n|-damage|p2a: Not flash fire|19\/100\n|\n|-heal|p2a: Not flash fire|26\/100|[from] item: Leftovers\n|-damage|p1a: Slowking|15\/100|[from] move: Magma Storm|[partiallytrapped]\n|upkeep\n|turn|21\n|\n|t:|1700151390\n|move|p2a: Not flash fire|Earth Power|p1a: Slowking\n|-supereffective|p1a: Slowking\n|-damage|p1a: Slowking|0 fnt\n|faint|p1a: Slowking\n|\n|-heal|p2a: Not flash fire|32\/100|[from] item: Leftovers\n|upkeep\n|\n|t:|1700151393\n|switch|p1a: Dragonite|Dragonite, M|100\/100\n|turn|22\n|\n|t:|1700151398\n|switch|p2a: Not thunder wave|Rotom-Wash, shiny|100\/100\n|move|p1a: Dragonite|Dragon Dance|p1a: Dragonite\n|-boost|p1a: Dragonite|atk|1\n|-boost|p1a: Dragonite|spe|1\n|\n|upkeep\n|turn|23\n|\n|t:|1700151404\n|move|p1a: Dragonite|Dragon Dance|p1a: Dragonite\n|-boost|p1a: Dragonite|atk|1\n|-boost|p1a: Dragonite|spe|1\n|move|p2a: Not thunder wave|Thunder Wave|p1a: Dragonite\n|-status|p1a: Dragonite|par\n|\n|upkeep\n|turn|24\n|\n|t:|1700151409\n|move|p1a: Dragonite|Dragon Dance|p1a: Dragonite\n|-boost|p1a: Dragonite|atk|1\n|-boost|p1a: Dragonite|spe|1\n|move|p2a: Not thunder wave|Volt Switch|p1a: Dragonite\n|-damage|p1a: Dragonite|88\/100 par\n|\n|t:|1700151410\n|switch|p2a: Not rocky helmet|Great Tusk, shiny|43\/100|[from] Volt Switch\n|\n|upkeep\n|turn|25\n|\n|t:|1700151415\n|move|p1a: Dragonite|Extreme Speed|p2a: Not rocky helmet\n|-damage|p2a: Not rocky helmet|0 fnt\n|-damage|p1a: Dragonite|71\/100 par|[from] item: Rocky Helmet|[of] p2a: Not rocky helmet\n|faint|p2a: Not rocky helmet\n|-end|p2a: Not rocky helmet|Protosynthesis|[silent]\n|\n|upkeep\n|\n|t:|1700151423\n|switch|p2a: Not poison touch|Sneasler, M, shiny|100\/100\n|turn|26\n|\n|t:|1700151426\n|move|p2a: Not poison touch|Fake Out|p1a: Dragonite\n|-damage|p1a: Dragonite|57\/100 par\n|cant|p1a: Dragonite|flinch\n|\n|upkeep\n|turn|27\n|\n|t:|1700151432\n|move|p1a: Dragonite|Extreme Speed|p2a: Not poison touch\n|-damage|p2a: Not poison touch|0 fnt\n|faint|p2a: Not poison touch\n|\n|upkeep\n|\n|t:|1700151437\n|switch|p2a: Not loaded dice|Greninja, M|100\/100\n|turn|28\n|\n|t:|1700151440\n|cant|p1a: Dragonite|par\n|move|p2a: Not loaded dice|Ice Beam|p1a: Dragonite\n|-supereffective|p1a: Dragonite\n|-damage|p1a: Dragonite|0 fnt\n|faint|p1a: Dragonite\n|-ability|p2a: Not loaded dice|Battle Bond|boost\n|-boost|p2a: Not loaded dice|atk|1\n|-boost|p2a: Not loaded dice|spa|1\n|-boost|p2a: Not loaded dice|spe|1\n|-activate|p2a: Not loaded dice|ability: Battle Bond\n|\n|upkeep\n|n|!Bub Testing|bubtesting\n|c|\u2606hausty|gg\n|-message|Bub Testing forfeited.\n|\n|win|hausty\n|raw|Bub Testing's rating: 1243 &rarr; <strong>1220<\/strong><br \/>(-23 for losing)\n|raw|hausty's rating: 1267 &rarr; <strong>1290<\/strong><br \/>(+23 for winning)\n|l|!Bub Testing\n","uploadtime":1700151445,"views":6,"p1id":"bubtesting","p2id":"hausty","formatid":"gen9ou","rating":1220,"private":0,"password":""}