{"id":"gen9ou-1993631550","p1":"destro1995","p2":"IchiNiAndKevin!","format":"[Gen 9] OU","log":"|j|\u2606destro1995\n|j|\u2606IchiNiAndKevin!\n|t:|1700339520\n|gametype|singles\n|player|p1|destro1995|2|1162\n|player|p2|IchiNiAndKevin!|irida|1248\n|teamsize|p1|6\n|teamsize|p2|6\n|gen|9\n|tier|[Gen 9] OU\n|rated|\n|rule|Sleep Clause Mod: Limit one foe put to sleep\n|rule|Species Clause: Limit one of each Pok\u00e9mon\n|rule|OHKO Clause: OHKO moves are banned\n|rule|Evasion Items Clause: Evasion items are banned\n|rule|Evasion Moves Clause: Evasion moves are banned\n|rule|Endless Battle Clause: Forcing endless battles is banned\n|rule|HP Percentage Mod: HP is shown in percentages\n|clearpoke\n|poke|p1|Dragapult, M|\n|poke|p1|Corviknight, F|\n|poke|p1|Gastrodon, F|\n|poke|p1|Torterra, M|\n|poke|p1|Gholdengo|\n|poke|p1|Zapdos|\n|poke|p2|Great Tusk|\n|poke|p2|Wyrdeer, M|\n|poke|p2|Sneasler, M|\n|poke|p2|Ting-Lu|\n|poke|p2|Iron Hands|\n|poke|p2|Zapdos|\n|teampreview\n|inactive|Battle timer is ON: inactive players will automatically lose when time's up. (requested by IchiNiAndKevin!)\n|\n|t:|1700339530\n|start\n|switch|p1a: Gholdengo|Gholdengo|100\/100\n|switch|p2a: Sneasler|Sneasler, M|100\/100\n|turn|1\n|\n|t:|1700339534\n|move|p1a: Gholdengo|Trick|p2a: Sneasler\n|-activate|p1a: Gholdengo|move: Trick|[of] p2a: Sneasler\n|-item|p2a: Sneasler|Choice Scarf|[from] move: Trick\n|-item|p1a: Gholdengo|Protective Pads|[from] move: Trick\n|move|p2a: Sneasler|U-turn|p1a: Gholdengo\n|-resisted|p1a: Gholdengo\n|-damage|p1a: Gholdengo|94\/100\n|\n|t:|1700339540\n|switch|p2a: Ting-Lu|Ting-Lu|100\/100|[from] U-turn\n|-ability|p2a: Ting-Lu|Vessel of Ruin\n|\n|upkeep\n|turn|2\n|\n|t:|1700339570\n|move|p1a: Gholdengo|Trick|p2a: Ting-Lu\n|-activate|p1a: Gholdengo|move: Trick|[of] p2a: Ting-Lu\n|-item|p2a: Ting-Lu|Protective Pads|[from] move: Trick\n|-item|p1a: Gholdengo|Red Card|[from] move: Trick\n|move|p2a: Ting-Lu|Stealth Rock|p1a: Gholdengo\n|-sidestart|p1: destro1995|move: Stealth Rock\n|\n|upkeep\n|turn|3\n|\n|t:|1700339576\n|move|p1a: Gholdengo|Dazzling Gleam|p2a: Ting-Lu\n|-supereffective|p2a: Ting-Lu\n|-damage|p2a: Ting-Lu|79\/100\n|move|p2a: Ting-Lu|Spikes|p1a: Gholdengo\n|-sidestart|p1: destro1995|Spikes\n|\n|upkeep\n|turn|4\n|\n|t:|1700339581\n|move|p1a: Gholdengo|Dazzling Gleam|p2a: Ting-Lu\n|-supereffective|p2a: Ting-Lu\n|-damage|p2a: Ting-Lu|55\/100\n|move|p2a: Ting-Lu|Spikes|p1a: Gholdengo\n|-sidestart|p1: destro1995|Spikes\n|\n|upkeep\n|turn|5\n|\n|t:|1700339587\n|move|p1a: Gholdengo|Dazzling Gleam|p2a: Ting-Lu\n|-supereffective|p2a: Ting-Lu\n|-damage|p2a: Ting-Lu|32\/100\n|move|p2a: Ting-Lu|Spikes|p1a: Gholdengo\n|-sidestart|p1: destro1995|Spikes\n|\n|upkeep\n|turn|6\n|\n|t:|1700339591\n|move|p1a: Gholdengo|Make It Rain|p2a: Ting-Lu\n|-damage|p2a: Ting-Lu|4\/100\n|-unboost|p1a: Gholdengo|spa|1\n|move|p2a: Ting-Lu|Earthquake|p1a: Gholdengo\n|-supereffective|p1a: Gholdengo\n|-damage|p1a: Gholdengo|2\/100\n|-enditem|p1a: Gholdengo|Red Card|[of] p2a: Ting-Lu\n|drag|p2a: Great Tusk|Great Tusk|100\/100\n|\n|upkeep\n|turn|7\n|\n|t:|1700339606\n|move|p2a: Great Tusk|Ice Spinner|p1a: Gholdengo\n|-resisted|p1a: Gholdengo\n|-damage|p1a: Gholdengo|0 fnt\n|faint|p1a: Gholdengo\n|\n|upkeep\n|\n|t:|1700339613\n|switch|p1a: Corviknight|Corviknight, F|100\/100\n|-damage|p1a: Corviknight|88\/100|[from] Stealth Rock\n|turn|8\n|\n|t:|1700339619\n|move|p2a: Great Tusk|Close Combat|p1a: Corviknight\n|-damage|p1a: Corviknight|35\/100\n|-unboost|p2a: Great Tusk|def|1\n|-unboost|p2a: Great Tusk|spd|1\n|move|p1a: Corviknight|Agility|p1a: Corviknight\n|-boost|p1a: Corviknight|spe|2\n|\n|upkeep\n|turn|9\n|\n|t:|1700339626\n|move|p1a: Corviknight|Roost|p1a: Corviknight\n|-heal|p1a: Corviknight|85\/100\n|-singleturn|p1a: Corviknight|move: Roost\n|move|p2a: Great Tusk|Close Combat|p1a: Corviknight\n|-supereffective|p1a: Corviknight\n|-damage|p1a: Corviknight|0 fnt\n|-unboost|p2a: Great Tusk|def|1\n|-unboost|p2a: Great Tusk|spd|1\n|faint|p1a: Corviknight\n|\n|upkeep\n|\n|t:|1700339632\n|switch|p1a: Torterra|Torterra, M|100\/100\n|-damage|p1a: Torterra|94\/100|[from] Stealth Rock\n|-damage|p1a: Torterra|70\/100|[from] Spikes\n|turn|10\n|\n|t:|1700339637\n|move|p2a: Great Tusk|Ice Spinner|p1a: Torterra\n|-supereffective|p1a: Torterra\n|-damage|p1a: Torterra|0 fnt\n|faint|p1a: Torterra\n|\n|upkeep\n|\n|t:|1700339642\n|switch|p1a: Dragapult|Dragapult, M|100\/100\n|-damage|p1a: Dragapult|88\/100|[from] Stealth Rock\n|-damage|p1a: Dragapult|63\/100|[from] Spikes\n|turn|11\n|\n|t:|1700339647\n|move|p1a: Dragapult|Dragon Darts|p2a: Great Tusk\n|-damage|p2a: Great Tusk|62\/100\n|-anim|p1a: Dragapult|Dragon Darts|p2a: Great Tusk\n|-damage|p2a: Great Tusk|23\/100\n|move|p2a: Great Tusk|Ice Spinner|p1a: Dragapult\n|-supereffective|p1a: Dragapult\n|-crit|p1a: Dragapult\n|-damage|p1a: Dragapult|0 fnt\n|faint|p1a: Dragapult\n|\n|upkeep\n|\n|t:|1700339651\n|switch|p1a: Zapdos|Zapdos|100\/100\n|turn|12\n|\n|t:|1700339659\n|move|p2a: Great Tusk|Ice Spinner|p1a: Zapdos\n|-supereffective|p1a: Zapdos\n|-damage|p1a: Zapdos|40\/100\n|move|p1a: Zapdos|Ancient Power|p2a: Great Tusk\n|-resisted|p2a: Great Tusk\n|-damage|p2a: Great Tusk|6\/100\n|\n|upkeep\n|turn|13\n|\n|t:|1700339665\n|move|p2a: Great Tusk|Ice Spinner|p1a: Zapdos\n|-supereffective|p1a: Zapdos\n|-damage|p1a: Zapdos|0 fnt\n|faint|p1a: Zapdos\n|\n|upkeep\n|\n|t:|1700339667\n|switch|p1a: Gastrodon|Gastrodon, F|100\/100\n|-damage|p1a: Gastrodon|94\/100|[from] Stealth Rock\n|-damage|p1a: Gastrodon|70\/100|[from] Spikes\n|turn|14\n|\n|t:|1700339673\n|-terastallize|p1a: Gastrodon|Fire\n|move|p2a: Great Tusk|Headlong Rush|p1a: Gastrodon\n|-supereffective|p1a: Gastrodon\n|-damage|p1a: Gastrodon|0 fnt\n|-unboost|p2a: Great Tusk|def|1\n|-unboost|p2a: Great Tusk|spd|1\n|faint|p1a: Gastrodon\n|\n|win|IchiNiAndKevin!\n|raw|destro1995's rating: 1162 &rarr; <strong>1143<\/strong><br \/>(-19 for losing)\n|raw|IchiNiAndKevin!'s rating: 1248 &rarr; <strong>1267<\/strong><br \/>(+19 for winning)\n|l|\u2606destro1995\n","uploadtime":1700339678,"views":10,"p1id":"destro1995","p2id":"ichiniandkevin","formatid":"gen9ou","rating":1143,"private":0,"password":""}