{"id":"gen9ou-1994069756","p1":"SmeargleOnAcid","p2":"Trainitar3","format":"[Gen 9] OU","log":"|j|\u203dSmeargleOnAcid\n|j|\u2606Trainitar3\n|t:|1700402864\n|gametype|singles\n|player|p1|SmeargleOnAcid|alder|1038\n|player|p2|Trainitar3|ninjaboy|1000\n|teamsize|p1|6\n|teamsize|p2|6\n|gen|9\n|tier|[Gen 9] OU\n|rated|\n|rule|Sleep Clause Mod: Limit one foe put to sleep\n|rule|Species Clause: Limit one of each Pok\u00e9mon\n|rule|OHKO Clause: OHKO moves are banned\n|rule|Evasion Items Clause: Evasion items are banned\n|rule|Evasion Moves Clause: Evasion moves are banned\n|rule|Endless Battle Clause: Forcing endless battles is banned\n|rule|HP Percentage Mod: HP is shown in percentages\n|clearpoke\n|poke|p1|Alomomola, M|\n|poke|p1|Ceruledge, M|\n|poke|p1|Slowking-Galar, M|\n|poke|p1|Cloyster, F|\n|poke|p1|Cinderace, M|\n|poke|p1|Rillaboom, M|\n|poke|p2|Slowking-Galar, M|\n|poke|p2|Thundurus-Therian, M|\n|poke|p2|Alomomola, M|\n|poke|p2|Cinderace, F|\n|poke|p2|Iron Valiant|\n|poke|p2|Dragonite, M|\n|teampreview\n|inactive|Battle timer is ON: inactive players will automatically lose when time's up. (requested by Trainitar3)\n|\n|t:|1700402873\n|start\n|switch|p1a: Ceruledge|Ceruledge, M|100\/100\n|switch|p2a: Thundurus|Thundurus-Therian, M|100\/100\n|turn|1\n|\n|t:|1700402881\n|switch|p1a: Slowking|Slowking-Galar, M|100\/100\n|move|p2a: Thundurus|Thunderbolt|p1a: Slowking\n|-damage|p1a: Slowking|65\/100\n|\n|upkeep\n|turn|2\n|\n|t:|1700402888\n|switch|p2a: Slowking|Slowking-Galar, M|100\/100\n|move|p1a: Slowking|Future Sight|p2a: Slowking\n|-start|p1a: Slowking|move: Future Sight\n|\n|upkeep\n|turn|3\n|\n|t:|1700402895\n|move|p2a: Slowking|Future Sight|p1a: Slowking\n|-start|p2a: Slowking|move: Future Sight\n|move|p1a: Slowking|Chilly Reception|p1a: Slowking\n|-weather|Snow\n|\n|t:|1700402923\n|switch|p1a: Rillaboom|Rillaboom, M|100\/100|[from] Chilly Reception\n|-fieldstart|move: Grassy Terrain|[from] ability: Grassy Surge|[of] p1a: Rillaboom\n|\n|-weather|Snow|[upkeep]\n|upkeep\n|turn|4\n|\n|t:|1700402928\n|move|p1a: Rillaboom|Earthquake|p2a: Slowking\n|-supereffective|p2a: Slowking\n|-damage|p2a: Slowking|53\/100\n|-damage|p1a: Rillaboom|91\/100|[from] item: Life Orb\n|move|p2a: Slowking|Yawn|p1a: Rillaboom\n|-start|p1a: Rillaboom|move: Yawn|[of] p2a: Slowking\n|\n|-weather|Snow|[upkeep]\n|-end|p2a: Slowking|move: Future Sight\n|-damage|p2a: Slowking|23\/100\n|-heal|p1a: Rillaboom|97\/100|[from] Grassy Terrain\n|-heal|p2a: Slowking|29\/100|[from] Grassy Terrain\n|upkeep\n|turn|5\n|\n|t:|1700402938\n|switch|p1a: Slowking|Slowking-Galar, M|98\/100\n|switch|p2a: Thundurus|Thundurus-Therian, M|100\/100\n|\n|-weather|Snow|[upkeep]\n|-end|p1a: Slowking|move: Future Sight\n|-damage|p1a: Slowking|64\/100\n|-heal|p1a: Slowking|70\/100|[from] Grassy Terrain\n|upkeep\n|turn|6\n|\n|t:|1700402960\n|move|p2a: Thundurus|Thunderbolt|p1a: Slowking\n|-damage|p1a: Slowking|36\/100\n|-enditem|p1a: Slowking|Sitrus Berry|[eat]\n|-heal|p1a: Slowking|61\/100|[from] item: Sitrus Berry\n|move|p1a: Slowking|Future Sight|p2a: Thundurus\n|-start|p1a: Slowking|move: Future Sight\n|\n|-weather|Snow|[upkeep]\n|-heal|p1a: Slowking|67\/100|[from] Grassy Terrain\n|upkeep\n|turn|7\n|\n|t:|1700402969\n|move|p2a: Thundurus|Thunderbolt|p1a: Slowking\n|-damage|p1a: Slowking|30\/100\n|-status|p1a: Slowking|par\n|cant|p1a: Slowking|par\n|\n|-weather|none\n|-heal|p1a: Slowking|36\/100 par|[from] Grassy Terrain\n|-fieldend|move: Grassy Terrain\n|upkeep\n|turn|8\n|\n|t:|1700402974\n|switch|p2a: Dragonite|Dragonite, M|100\/100\n|move|p1a: Slowking|Chilly Reception|p1a: Slowking\n|-weather|Snow\n|\n|t:|1700402980\n|switch|p1a: Cloyster|Cloyster, F|100\/100|[from] Chilly Reception\n|\n|-weather|Snow|[upkeep]\n|-end|p2a: Dragonite|move: Future Sight\n|-damage|p2a: Dragonite|72\/100\n|upkeep\n|turn|9\n|\n|t:|1700402998\n|switch|p2a: Slowking|Slowking-Galar, M|62\/100\n|move|p1a: Cloyster|Shell Smash|p1a: Cloyster\n|-unboost|p1a: Cloyster|def|1\n|-unboost|p1a: Cloyster|spd|1\n|-boost|p1a: Cloyster|atk|2\n|-boost|p1a: Cloyster|spa|2\n|-boost|p1a: Cloyster|spe|2\n|-enditem|p1a: Cloyster|White Herb\n|-clearnegativeboost|p1a: Cloyster|[silent]\n|\n|-weather|Snow|[upkeep]\n|upkeep\n|turn|10\n|\n|t:|1700403008\n|move|p1a: Cloyster|Icicle Spear|p2a: Slowking\n|-damage|p2a: Slowking|40\/100\n|-damage|p2a: Slowking|16\/100\n|-damage|p2a: Slowking|0 fnt\n|faint|p2a: Slowking\n|-hitcount|p2: Slowking|3\n|\n|-weather|Snow|[upkeep]\n|upkeep\n|\n|t:|1700403010\n|switch|p2a: Thundurus|Thundurus-Therian, M|100\/100\n|turn|11\n|\n|t:|1700403018\n|move|p2a: Thundurus|Thunderbolt|p1a: Cloyster\n|-supereffective|p1a: Cloyster\n|-damage|p1a: Cloyster|0 fnt\n|faint|p1a: Cloyster\n|\n|-weather|Snow|[upkeep]\n|upkeep\n|\n|t:|1700403028\n|switch|p1a: Slowking|Slowking-Galar, M|70\/100 par\n|turn|12\n|\n|t:|1700403031\n|move|p2a: Thundurus|Thunderbolt|p1a: Slowking\n|-damage|p1a: Slowking|34\/100 par\n|cant|p1a: Slowking|par\n|\n|-weather|none\n|upkeep\n|turn|13\n|\n|t:|1700403036\n|move|p2a: Thundurus|Thunderbolt|p1a: Slowking\n|-damage|p1a: Slowking|0 fnt\n|faint|p1a: Slowking\n|\n|upkeep\n|\n|t:|1700403041\n|switch|p1a: Rillaboom|Rillaboom, M|97\/100\n|-fieldstart|move: Grassy Terrain|[from] ability: Grassy Surge|[of] p1a: Rillaboom\n|turn|14\n|\n|t:|1700403047\n|switch|p2a: Dragonite|Dragonite, M|72\/100\n|-terastallize|p1a: Rillaboom|Grass\n|move|p1a: Rillaboom|Wood Hammer|p2a: Dragonite\n|-resisted|p2a: Dragonite\n|-damage|p2a: Dragonite|30\/100\n|-damage|p1a: Rillaboom|83\/100|[from] Recoil\n|-damage|p1a: Rillaboom|74\/100|[from] item: Life Orb\n|\n|-heal|p1a: Rillaboom|80\/100|[from] Grassy Terrain\n|upkeep\n|turn|15\n|\n|t:|1700403054\n|move|p1a: Rillaboom|Grassy Glide|p2a: Dragonite\n|-resisted|p2a: Dragonite\n|-damage|p2a: Dragonite|13\/100\n|-damage|p1a: Rillaboom|70\/100|[from] item: Life Orb\n|move|p2a: Dragonite|Roost|p2a: Dragonite\n|-heal|p2a: Dragonite|63\/100\n|-singleturn|p2a: Dragonite|move: Roost\n|\n|-heal|p2a: Dragonite|69\/100|[from] Grassy Terrain\n|-heal|p1a: Rillaboom|76\/100|[from] Grassy Terrain\n|upkeep\n|turn|16\n|\n|t:|1700403071\n|switch|p1a: Alomomola|Alomomola, M|100\/100\n|move|p2a: Dragonite|Roost|p2a: Dragonite\n|-heal|p2a: Dragonite|100\/100\n|-singleturn|p2a: Dragonite|move: Roost\n|\n|upkeep\n|turn|17\n|\n|t:|1700403074\n|switch|p2a: Alomomola|Alomomola, M|100\/100\n|move|p1a: Alomomola|Play Rough|p2a: Alomomola\n|-damage|p2a: Alomomola|92\/100\n|-damage|p1a: Alomomola|84\/100|[from] item: Rocky Helmet|[of] p2a: Alomomola\n|\n|-heal|p2a: Alomomola|98\/100|[from] Grassy Terrain\n|-heal|p1a: Alomomola|90\/100|[from] Grassy Terrain\n|-heal|p1a: Alomomola|96\/100|[from] item: Leftovers\n|upkeep\n|turn|18\n|\n|t:|1700403079\n|move|p2a: Alomomola|Flip Turn|p1a: Alomomola\n|-resisted|p1a: Alomomola\n|-damage|p1a: Alomomola|92\/100\n|\n|t:|1700403084\n|switch|p2a: Thundurus|Thundurus-Therian, M|100\/100|[from] Flip Turn\n|move|p1a: Alomomola|Wish|p1a: Alomomola\n|\n|-heal|p1a: Alomomola|98\/100|[from] Grassy Terrain\n|-heal|p1a: Alomomola|100\/100|[from] item: Leftovers\n|-fieldend|move: Grassy Terrain\n|upkeep\n|turn|19\n|\n|t:|1700403090\n|move|p2a: Thundurus|Volt Switch|p1a: Alomomola\n|-supereffective|p1a: Alomomola\n|-damage|p1a: Alomomola|8\/100\n|\n|t:|1700403100\n|switch|p2a: Cinderace|Cinderace, F|100\/100|[from] Volt Switch\n|move|p1a: Alomomola|Flip Turn|p2a: Cinderace\n|-supereffective|p2a: Cinderace\n|-damage|p2a: Cinderace|52\/100\n|\n|t:|1700403102\n|switch|p1a: Ceruledge|Ceruledge, M|100\/100|[from] Flip Turn\n|\n|upkeep\n|turn|20\n|\n|t:|1700403107\n|move|p2a: Cinderace|U-turn|p1a: Ceruledge\n|-start|p2a: Cinderace|typechange|Bug|[from] ability: Libero\n|-resisted|p1a: Ceruledge\n|-damage|p1a: Ceruledge|91\/100\n|-ability|p1a: Ceruledge|Weak Armor|boost\n|-unboost|p1a: Ceruledge|def|1\n|-boost|p1a: Ceruledge|spe|2\n|\n|t:|1700403109\n|switch|p2a: Alomomola|Alomomola, M|100\/100|[from] U-turn\n|move|p1a: Ceruledge|Swords Dance|p1a: Ceruledge\n|-boost|p1a: Ceruledge|atk|2\n|\n|upkeep\n|turn|21\n|\n|t:|1700403114\n|move|p1a: Ceruledge|Iron Defense|p1a: Ceruledge\n|-boost|p1a: Ceruledge|def|2\n|move|p2a: Alomomola|Scald|p1a: Ceruledge\n|-supereffective|p1a: Ceruledge\n|-damage|p1a: Ceruledge|55\/100\n|-enditem|p1a: Ceruledge|Weakness Policy\n|-boost|p1a: Ceruledge|atk|2|[from] item: Weakness Policy\n|-boost|p1a: Ceruledge|spa|2|[from] item: Weakness Policy\n|\n|upkeep\n|turn|22\n|\n|t:|1700403120\n|move|p1a: Ceruledge|Swords Dance|p1a: Ceruledge\n|-boost|p1a: Ceruledge|atk|2\n|move|p2a: Alomomola|Scald|p1a: Ceruledge\n|-supereffective|p1a: Ceruledge\n|-damage|p1a: Ceruledge|22\/100\n|\n|upkeep\n|turn|23\n|\n|t:|1700403124\n|move|p1a: Ceruledge|Bitter Blade|p2a: Alomomola\n|-resisted|p2a: Alomomola\n|-damage|p2a: Alomomola|45\/100\n|-heal|p1a: Ceruledge|73\/100|[from] drain|[of] p2a: Alomomola\n|-damage|p1a: Ceruledge|57\/100|[from] item: Rocky Helmet|[of] p2a: Alomomola\n|move|p2a: Alomomola|Scald|p1a: Ceruledge\n|-supereffective|p1a: Ceruledge\n|-damage|p1a: Ceruledge|23\/100\n|\n|upkeep\n|turn|24\n|\n|t:|1700403131\n|move|p2a: Alomomola|Protect|p2a: Alomomola\n|-singleturn|p2a: Alomomola|Protect\n|move|p1a: Ceruledge|Bitter Blade|p2a: Alomomola\n|-activate|p2a: Alomomola|move: Protect\n|\n|upkeep\n|turn|25\n|\n|t:|1700403136\n|move|p1a: Ceruledge|Bitter Blade|p2a: Alomomola\n|-resisted|p2a: Alomomola\n|-damage|p2a: Alomomola|0 fnt\n|-heal|p1a: Ceruledge|64\/100|[from] drain|[of] p2a: Alomomola\n|-damage|p1a: Ceruledge|48\/100|[from] item: Rocky Helmet|[of] p2a: Alomomola\n|faint|p2a: Alomomola\n|\n|upkeep\n|\n|t:|1700403143\n|switch|p2a: Thundurus|Thundurus-Therian, M|100\/100\n|turn|26\n|\n|t:|1700403146\n|move|p2a: Thundurus|Thunderbolt|p1a: Ceruledge\n|-damage|p1a: Ceruledge|0 fnt\n|faint|p1a: Ceruledge\n|\n|upkeep\n|\n|t:|1700403153\n|switch|p1a: Rillaboom|Rillaboom, M, tera:Grass|76\/100\n|-fieldstart|move: Grassy Terrain|[from] ability: Grassy Surge|[of] p1a: Rillaboom\n|turn|27\n|\n|t:|1700403168\n|move|p2a: Thundurus|Thunderbolt|p1a: Rillaboom\n|-resisted|p1a: Rillaboom\n|-damage|p1a: Rillaboom|48\/100\n|move|p1a: Rillaboom|Wood Hammer|p2a: Thundurus\n|-resisted|p2a: Thundurus\n|-damage|p2a: Thundurus|0 fnt\n|faint|p2a: Thundurus\n|-damage|p1a: Rillaboom|19\/100|[from] Recoil\n|-damage|p1a: Rillaboom|9\/100|[from] item: Life Orb\n|\n|-heal|p1a: Rillaboom|15\/100|[from] Grassy Terrain\n|upkeep\n|\n|t:|1700403173\n|switch|p2a: Dragonite|Dragonite, M|100\/100\n|turn|28\n|\n|t:|1700403179\n|move|p2a: Dragonite|Extreme Speed|p1a: Rillaboom\n|-damage|p1a: Rillaboom|0 fnt\n|faint|p1a: Rillaboom\n|\n|upkeep\n|\n|t:|1700403183\n|switch|p1a: Alomomola|Alomomola, M|42\/100\n|turn|29\n|\n|t:|1700403195\n|move|p2a: Dragonite|Dragon Dance|p2a: Dragonite\n|-boost|p2a: Dragonite|atk|1\n|-boost|p2a: Dragonite|spe|1\n|move|p1a: Alomomola|Wish|p1a: Alomomola\n|\n|-heal|p1a: Alomomola|48\/100|[from] Grassy Terrain\n|-heal|p1a: Alomomola|54\/100|[from] item: Leftovers\n|upkeep\n|turn|30\n|\n|t:|1700403200\n|move|p2a: Dragonite|Dragon Dance|p2a: Dragonite\n|-boost|p2a: Dragonite|atk|1\n|-boost|p2a: Dragonite|spe|1\n|move|p1a: Alomomola|Play Rough|p2a: Dragonite\n|-supereffective|p2a: Dragonite\n|-damage|p2a: Dragonite|81\/100\n|\n|-heal|p1a: Alomomola|100\/100|[from] move: Wish|[wisher] Alomomola\n|upkeep\n|turn|31\n|\n|t:|1700403206\n|-terastallize|p2a: Dragonite|Normal\n|move|p2a: Dragonite|Dragon Dance|p2a: Dragonite\n|-boost|p2a: Dragonite|atk|1\n|-boost|p2a: Dragonite|spe|1\n|move|p1a: Alomomola|Play Rough|p2a: Dragonite\n|-damage|p2a: Dragonite|64\/100\n|-unboost|p2a: Dragonite|atk|1\n|\n|-heal|p2a: Dragonite|70\/100|[from] Grassy Terrain\n|-fieldend|move: Grassy Terrain\n|upkeep\n|turn|32\n|\n|t:|1700403212\n|move|p2a: Dragonite|Dragon Dance|p2a: Dragonite\n|-boost|p2a: Dragonite|atk|1\n|-boost|p2a: Dragonite|spe|1\n|move|p1a: Alomomola|Play Rough|p2a: Dragonite\n|-damage|p2a: Dragonite|50\/100\n|\n|upkeep\n|turn|33\n|\n|t:|1700403215\n|move|p2a: Dragonite|Roost|p2a: Dragonite\n|-heal|p2a: Dragonite|100\/100\n|move|p1a: Alomomola|Play Rough|p2a: Dragonite\n|-damage|p2a: Dragonite|92\/100\n|-unboost|p2a: Dragonite|atk|1\n|\n|upkeep\n|turn|34\n|\n|t:|1700403218\n|move|p2a: Dragonite|Dragon Dance|p2a: Dragonite\n|-boost|p2a: Dragonite|atk|1\n|-boost|p2a: Dragonite|spe|1\n|move|p1a: Alomomola|Play Rough|p2a: Dragonite\n|-damage|p2a: Dragonite|75\/100\n|\n|upkeep\n|turn|35\n|\n|t:|1700403223\n|move|p2a: Dragonite|Dragon Dance|p2a: Dragonite\n|-boost|p2a: Dragonite|atk|1\n|-boost|p2a: Dragonite|spe|1\n|move|p1a: Alomomola|Play Rough|p2a: Dragonite\n|-damage|p2a: Dragonite|56\/100\n|\n|upkeep\n|turn|36\n|\n|t:|1700403226\n|move|p2a: Dragonite|Roost|p2a: Dragonite\n|-heal|p2a: Dragonite|100\/100\n|move|p1a: Alomomola|Flip Turn|p2a: Dragonite\n|-damage|p2a: Dragonite|92\/100\n|\n|t:|1700403229\n|switch|p1a: Cinderace|Cinderace, M|100\/100|[from] Flip Turn\n|\n|upkeep\n|turn|37\n|\n|t:|1700403232\n|move|p2a: Dragonite|Extreme Speed|p1a: Cinderace\n|-damage|p1a: Cinderace|0 fnt\n|faint|p1a: Cinderace\n|\n|upkeep\n|-message|SmeargleOnAcid forfeited.\n|\n|win|Trainitar3\n|raw|SmeargleOnAcid's rating: 1075 &rarr; <strong>1049<\/strong><br \/>(-26 for losing)\n|raw|Trainitar3's rating: 1000 &rarr; <strong>1049<\/strong><br \/>(+49 for winning)\n|l|\u203dSmeargleOnAcid\n","uploadtime":1700403238,"views":6,"p1id":"smeargleonacid","p2id":"trainitar3","formatid":"gen9ou","rating":1049,"private":0,"password":""}