{"id":"gen9ou-1995342204","p1":"TheEnma","p2":"sjdksdjsiwd","format":"[Gen 9] OU","log":"|j|\u2606TheEnma\n|j|\u203dsjdksdjsiwd\n|t:|1700556795\n|gametype|singles\n|player|p1|TheEnma|doctor|\n|player|p2|sjdksdjsiwd|266|\n|teamsize|p1|6\n|teamsize|p2|6\n|gen|9\n|tier|[Gen 9] OU\n|rule|Sleep Clause Mod: Limit one foe put to sleep\n|rule|Species Clause: Limit one of each Pok\u00e9mon\n|rule|OHKO Clause: OHKO moves are banned\n|rule|Evasion Items Clause: Evasion items are banned\n|rule|Evasion Moves Clause: Evasion moves are banned\n|rule|Endless Battle Clause: Forcing endless battles is banned\n|rule|HP Percentage Mod: HP is shown in percentages\n|clearpoke\n|poke|p1|Dondozo, F|\n|poke|p1|Ting-Lu|\n|poke|p1|Dragapult, M|\n|poke|p1|Gholdengo|\n|poke|p1|Garganacl, F|\n|poke|p1|Iron Moth|\n|poke|p2|Haxorus, F|\n|poke|p2|Ceruledge, M|\n|poke|p2|Manaphy|\n|poke|p2|Alomomola, M|\n|poke|p2|Ribombee, M|\n|poke|p2|Kingambit, M|\n|teampreview\n|inactive|Battle timer is ON: inactive players will automatically lose when time's up. (requested by TheEnma)\n|\n|t:|1700556817\n|start\n|switch|p1a: Iron Moth|Iron Moth|100\/100\n|switch|p2a: Ribombee|Ribombee, M|100\/100\n|-enditem|p1a: Iron Moth|Booster Energy\n|-activate|p1a: Iron Moth|ability: Quark Drive|[fromitem]\n|-start|p1a: Iron Moth|quarkdrivespe\n|turn|1\n|\n|t:|1700556830\n|move|p2a: Ribombee|Sticky Web|p1a: Iron Moth\n|-sidestart|p1: TheEnma|move: Sticky Web\n|move|p1a: Iron Moth|Fiery Dance|p2a: Ribombee\n|-supereffective|p2a: Ribombee\n|-damage|p2a: Ribombee|0 fnt\n|-boost|p1a: Iron Moth|spa|1\n|faint|p2a: Ribombee\n|\n|upkeep\n|inactive|sjdksdjsiwd has 270 seconds left.\n|\n|t:|1700556860\n|switch|p2a: Alomomola|Alomomola, M|100\/100\n|turn|2\n|inactive|sjdksdjsiwd has 270 seconds left.\n|\n|t:|1700556870\n|move|p1a: Iron Moth|Energy Ball|p2a: Alomomola\n|-supereffective|p2a: Alomomola\n|-damage|p2a: Alomomola|0 fnt\n|faint|p2a: Alomomola\n|\n|upkeep\n|inactive|sjdksdjsiwd has 270 seconds left.\n|\n|t:|1700556880\n|switch|p2a: Ceruledge|Ceruledge, M|100\/100\n|turn|3\n|\n|t:|1700556886\n|-end|p1a: Iron Moth|Quark Drive|[silent]\n|switch|p1a: Dondozo|Dondozo, F|100\/100\n|-activate|p1a: Dondozo|move: Sticky Web\n|-unboost|p1a: Dondozo|spe|1\n|move|p2a: Ceruledge|Endure||[still]\n|-fail|p2a: Ceruledge\n|\n|upkeep\n|turn|4\n|\n|t:|1700556895\n|switch|p2a: Haxorus|Haxorus, F|100\/100\n|-ability|p2a: Haxorus|Mold Breaker\n|move|p1a: Dondozo|Curse|p1a: Dondozo\n|-unboost|p1a: Dondozo|spe|1\n|-boost|p1a: Dondozo|atk|1\n|-boost|p1a: Dondozo|def|1\n|\n|upkeep\n|turn|5\n|\n|t:|1700556904\n|move|p2a: Haxorus|Taunt|p1a: Dondozo\n|-start|p1a: Dondozo|move: Taunt\n|cant|p1a: Dondozo|move: Taunt|Curse\n|\n|upkeep\n|turn|6\n|\n|t:|1700556917\n|move|p2a: Haxorus|Dragon Dance|p2a: Haxorus\n|-boost|p2a: Haxorus|atk|1\n|-boost|p2a: Haxorus|spe|1\n|move|p1a: Dondozo|Liquidation|p2a: Haxorus\n|-resisted|p2a: Haxorus\n|-damage|p2a: Haxorus|72\/100\n|\n|upkeep\n|turn|7\n|\n|t:|1700556925\n|move|p2a: Haxorus|Dragon Dance|p2a: Haxorus\n|-boost|p2a: Haxorus|atk|1\n|-boost|p2a: Haxorus|spe|1\n|move|p1a: Dondozo|Liquidation|p2a: Haxorus\n|-resisted|p2a: Haxorus\n|-damage|p2a: Haxorus|42\/100\n|\n|-end|p1a: Dondozo|move: Taunt\n|upkeep\n|turn|8\n|\n|t:|1700556935\n|move|p2a: Haxorus|Dragon Claw|p1a: Dondozo\n|-crit|p1a: Dondozo\n|-damage|p1a: Dondozo|15\/100\n|move|p1a: Dondozo|Liquidation|p2a: Haxorus\n|-resisted|p2a: Haxorus\n|-damage|p2a: Haxorus|12\/100\n|\n|-heal|p1a: Dondozo|21\/100|[from] item: Leftovers\n|upkeep\n|turn|9\n|\n|t:|1700556949\n|switch|p1a: Garganacl|Garganacl, F|100\/100\n|-activate|p1a: Garganacl|move: Sticky Web\n|-unboost|p1a: Garganacl|spe|1\n|move|p2a: Haxorus|Dragon Claw|p1a: Garganacl\n|-damage|p1a: Garganacl|53\/100\n|\n|-heal|p1a: Garganacl|59\/100|[from] item: Leftovers\n|upkeep\n|turn|10\n|\n|t:|1700556959\n|move|p1a: Garganacl|Protect|p1a: Garganacl\n|-singleturn|p1a: Garganacl|Protect\n|move|p2a: Haxorus|Earthquake|p1a: Garganacl\n|-activate|p1a: Garganacl|move: Protect\n|\n|-heal|p1a: Garganacl|65\/100|[from] item: Leftovers\n|upkeep\n|turn|11\n|\n|t:|1700556964\n|move|p2a: Haxorus|Earthquake|p1a: Garganacl\n|-supereffective|p1a: Garganacl\n|-damage|p1a: Garganacl|0 fnt\n|faint|p1a: Garganacl\n|\n|upkeep\n|\n|t:|1700556966\n|switch|p1a: Dragapult|Dragapult, M|100\/100\n|-activate|p1a: Dragapult|move: Sticky Web\n|-unboost|p1a: Dragapult|spe|1\n|turn|12\n|\n|t:|1700556974\n|move|p1a: Dragapult|Sucker Punch|p2a: Haxorus\n|-damage|p2a: Haxorus|0 fnt\n|faint|p2a: Haxorus\n|\n|upkeep\n|\n|t:|1700556979\n|switch|p2a: Ceruledge|Ceruledge, M|100\/100\n|turn|13\n|\n|t:|1700556988\n|switch|p1a: Ting-Lu|Ting-Lu|100\/100\n|-activate|p1a: Ting-Lu|move: Sticky Web\n|-unboost|p1a: Ting-Lu|spe|1\n|-ability|p1a: Ting-Lu|Vessel of Ruin\n|-terastallize|p2a: Ceruledge|Fire\n|move|p2a: Ceruledge|Poltergeist|p1a: Ting-Lu\n|-activate|p1a: Ting-Lu|move: Poltergeist|Leftovers\n|-resisted|p1a: Ting-Lu\n|-damage|p1a: Ting-Lu|85\/100\n|\n|-heal|p1a: Ting-Lu|91\/100|[from] item: Leftovers\n|upkeep\n|turn|14\n|\n|t:|1700557003\n|move|p2a: Ceruledge|Endure|p2a: Ceruledge\n|-singleturn|p2a: Ceruledge|move: Endure\n|move|p1a: Ting-Lu|Spikes|p2a: Ceruledge\n|-sidestart|p2: sjdksdjsiwd|Spikes\n|\n|-heal|p1a: Ting-Lu|97\/100|[from] item: Leftovers\n|upkeep\n|turn|15\n|\n|t:|1700557013\n|switch|p2a: Manaphy|Manaphy|100\/100\n|-damage|p2a: Manaphy|88\/100|[from] Spikes\n|move|p1a: Ting-Lu|Earthquake|p2a: Manaphy\n|-damage|p2a: Manaphy|48\/100\n|\n|-heal|p2a: Manaphy|54\/100|[from] item: Leftovers\n|-heal|p1a: Ting-Lu|100\/100|[from] item: Leftovers\n|upkeep\n|turn|16\n|\n|t:|1700557027\n|move|p2a: Manaphy|Tail Glow|p2a: Manaphy\n|-boost|p2a: Manaphy|spa|3\n|move|p1a: Ting-Lu|Whirlwind|p2a: Manaphy\n|drag|p2a: Kingambit|Kingambit, M|100\/100\n|-damage|p2a: Kingambit|88\/100|[from] Spikes\n|-activate|p2a: Kingambit|ability: Supreme Overlord\n|-start|p2a: Kingambit|fallen3|[silent]\n|\n|upkeep\n|turn|17\n|inactive|sjdksdjsiwd has 270 seconds left.\n|\n|t:|1700557061\n|move|p2a: Kingambit|Kowtow Cleave|p1a: Ting-Lu\n|-resisted|p1a: Ting-Lu\n|-damage|p1a: Ting-Lu|81\/100\n|move|p1a: Ting-Lu|Earthquake|p2a: Kingambit\n|-supereffective|p2a: Kingambit\n|-damage|p2a: Kingambit|39\/100\n|\n|-heal|p1a: Ting-Lu|88\/100|[from] item: Leftovers\n|upkeep\n|turn|18\n|inactive|sjdksdjsiwd has 270 seconds left.\n|\n|t:|1700557070\n|-end|p2a: Kingambit|fallen3|[silent]\n|switch|p2a: Ceruledge|Ceruledge, M, tera:Fire|100\/100\n|-damage|p2a: Ceruledge|88\/100|[from] Spikes\n|switch|p1a: Dondozo|Dondozo, F|21\/100\n|-activate|p1a: Dondozo|move: Sticky Web\n|-unboost|p1a: Dondozo|spe|1\n|\n|-heal|p1a: Dondozo|27\/100|[from] item: Leftovers\n|upkeep\n|turn|19\n|inactive|sjdksdjsiwd has 270 seconds left.\n|\n|t:|1700557083\n|move|p2a: Ceruledge|Poltergeist|p1a: Dondozo\n|-activate|p1a: Dondozo|move: Poltergeist|Leftovers\n|-damage|p1a: Dondozo|0 fnt\n|faint|p1a: Dondozo\n|\n|upkeep\n|\n|t:|1700557100\n|switch|p1a: Gholdengo|Gholdengo|100\/100\n|-activate|p1a: Gholdengo|move: Sticky Web\n|-unboost|p1a: Gholdengo|spe|1\n|turn|20\n|\n|t:|1700557110\n|move|p2a: Ceruledge|Bitter Blade|p1a: Gholdengo\n|-supereffective|p1a: Gholdengo\n|-damage|p1a: Gholdengo|20\/100\n|-heal|p2a: Ceruledge|100\/100|[from] drain|[of] p1a: Gholdengo\n|move|p1a: Gholdengo|Thunder Wave|p2a: Ceruledge\n|-status|p2a: Ceruledge|par\n|\n|-heal|p1a: Gholdengo|26\/100|[from] item: Leftovers\n|upkeep\n|turn|21\n|\n|t:|1700557123\n|cant|p2a: Ceruledge|par\n|move|p1a: Gholdengo|Hex|p2a: Ceruledge\n|-damage|p2a: Ceruledge|38\/100 par\n|\n|-heal|p1a: Gholdengo|32\/100|[from] item: Leftovers\n|upkeep\n|turn|22\n|\n|t:|1700557132\n|cant|p2a: Ceruledge|par\n|move|p1a: Gholdengo|Recover|p1a: Gholdengo\n|-heal|p1a: Gholdengo|82\/100\n|\n|-heal|p1a: Gholdengo|88\/100|[from] item: Leftovers\n|upkeep\n|turn|23\n|\n|t:|1700557139\n|move|p2a: Ceruledge|Bitter Blade|p1a: Gholdengo\n|-supereffective|p1a: Gholdengo\n|-damage|p1a: Gholdengo|8\/100\n|-heal|p2a: Ceruledge|100\/100 par|[from] drain|[of] p1a: Gholdengo\n|move|p1a: Gholdengo|Nasty Plot|p1a: Gholdengo\n|-boost|p1a: Gholdengo|spa|2\n|\n|-heal|p1a: Gholdengo|14\/100|[from] item: Leftovers\n|upkeep\n|turn|24\n|\n|t:|1700557155\n|move|p2a: Ceruledge|Bitter Blade|p1a: Gholdengo\n|-supereffective|p1a: Gholdengo\n|-damage|p1a: Gholdengo|0 fnt\n|faint|p1a: Gholdengo\n|\n|upkeep\n|\n|t:|1700557160\n|switch|p1a: Iron Moth|Iron Moth|100\/100\n|-activate|p1a: Iron Moth|move: Sticky Web\n|-unboost|p1a: Iron Moth|spe|1\n|turn|25\n|\n|t:|1700557169\n|move|p1a: Iron Moth|Fiery Dance|p2a: Ceruledge\n|-resisted|p2a: Ceruledge\n|-damage|p2a: Ceruledge|75\/100 par\n|-boost|p1a: Iron Moth|spa|1\n|move|p2a: Ceruledge|Poltergeist||[still]\n|-fail|p2a: Ceruledge\n|\n|upkeep\n|turn|26\n|\n|t:|1700557181\n|move|p1a: Iron Moth|Psychic|p2a: Ceruledge\n|-damage|p2a: Ceruledge|24\/100 par\n|move|p2a: Ceruledge|Bitter Blade|p1a: Iron Moth\n|-resisted|p1a: Iron Moth\n|-damage|p1a: Iron Moth|58\/100\n|-heal|p2a: Ceruledge|53\/100 par|[from] drain|[of] p1a: Iron Moth\n|\n|upkeep\n|turn|27\n|\n|t:|1700557195\n|move|p1a: Iron Moth|Psychic|p2a: Ceruledge\n|-damage|p2a: Ceruledge|0 fnt\n|faint|p2a: Ceruledge\n|\n|upkeep\n|\n|t:|1700557201\n|switch|p2a: Kingambit|Kingambit, M|39\/100\n|-damage|p2a: Kingambit|26\/100|[from] Spikes\n|-activate|p2a: Kingambit|ability: Supreme Overlord\n|-start|p2a: Kingambit|fallen4|[silent]\n|turn|28\n|\n|t:|1700557212\n|move|p2a: Kingambit|Sucker Punch|p1a: Iron Moth\n|-damage|p1a: Iron Moth|0 fnt\n|faint|p1a: Iron Moth\n|-end|p1a: Iron Moth|Quark Drive|[silent]\n|\n|upkeep\n|\n|t:|1700557217\n|switch|p1a: Ting-Lu|Ting-Lu|88\/100\n|-activate|p1a: Ting-Lu|move: Sticky Web\n|-unboost|p1a: Ting-Lu|spe|1\n|-ability|p1a: Ting-Lu|Vessel of Ruin\n|turn|29\n|\n|t:|1700557231\n|move|p2a: Kingambit|Iron Head|p1a: Ting-Lu\n|-damage|p1a: Ting-Lu|54\/100\n|cant|p1a: Ting-Lu|flinch\n|\n|-heal|p1a: Ting-Lu|60\/100|[from] item: Leftovers\n|upkeep\n|turn|30\n|\n|t:|1700557237\n|move|p2a: Kingambit|Iron Head|p1a: Ting-Lu\n|-damage|p1a: Ting-Lu|25\/100\n|move|p1a: Ting-Lu|Earthquake|p2a: Kingambit\n|-supereffective|p2a: Kingambit\n|-damage|p2a: Kingambit|0 fnt\n|faint|p2a: Kingambit\n|-end|p2a: Kingambit|fallen4|[silent]\n|\n|-heal|p1a: Ting-Lu|31\/100|[from] item: Leftovers\n|upkeep\n|\n|t:|1700557244\n|switch|p2a: Manaphy|Manaphy|54\/100\n|-damage|p2a: Manaphy|42\/100|[from] Spikes\n|turn|31\n|\n|t:|1700557248\n|-terastallize|p1a: Ting-Lu|Poison\n|move|p2a: Manaphy|Tail Glow|p2a: Manaphy\n|-boost|p2a: Manaphy|spa|3\n|move|p1a: Ting-Lu|Earthquake|p2a: Manaphy\n|-damage|p2a: Manaphy|7\/100\n|\n|-heal|p2a: Manaphy|13\/100|[from] item: Leftovers\n|-heal|p1a: Ting-Lu|37\/100|[from] item: Leftovers\n|upkeep\n|turn|32\n|\n|t:|1700557269\n|move|p2a: Manaphy|Psychic|p1a: Ting-Lu\n|-supereffective|p1a: Ting-Lu\n|-damage|p1a: Ting-Lu|0 fnt\n|faint|p1a: Ting-Lu\n|\n|-heal|p2a: Manaphy|19\/100|[from] item: Leftovers\n|upkeep\n|\n|t:|1700557272\n|switch|p1a: Dragapult|Dragapult, M|100\/100\n|-activate|p1a: Dragapult|move: Sticky Web\n|-unboost|p1a: Dragapult|spe|1\n|turn|33\n|\n|t:|1700557279\n|move|p2a: Manaphy|Tail Glow|p2a: Manaphy\n|-boost|p2a: Manaphy|spa|3\n|move|p1a: Dragapult|Draco Meteor|p2a: Manaphy\n|-damage|p2a: Manaphy|0 fnt\n|-unboost|p1a: Dragapult|spa|2\n|faint|p2a: Manaphy\n|\n|win|TheEnma\n","uploadtime":1700557291,"views":9,"p1id":"theenma","p2id":"sjdksdjsiwd","formatid":"gen9ou","rating":0,"private":0,"password":""}