{"id":"gen9ou-1993204835","p1":"cb dozo ftw","p2":"BongWizard23","format":"[Gen 9] OU","log":"|j|\u2606cb dozo ftw\n|j|\u2606BongWizard23\n|t:|1700277765\n|gametype|singles\n|player|p1|cb dozo ftw|adaman|1158\n|player|p2|BongWizard23|169|1088\n|teamsize|p1|6\n|teamsize|p2|6\n|gen|9\n|tier|[Gen 9] OU\n|rated|\n|rule|Sleep Clause Mod: Limit one foe put to sleep\n|rule|Species Clause: Limit one of each Pok\u00e9mon\n|rule|OHKO Clause: OHKO moves are banned\n|rule|Evasion Items Clause: Evasion items are banned\n|rule|Evasion Moves Clause: Evasion moves are banned\n|rule|Endless Battle Clause: Forcing endless battles is banned\n|rule|HP Percentage Mod: HP is shown in percentages\n|clearpoke\n|poke|p1|Dondozo, F|\n|poke|p1|Iron Valiant|\n|poke|p1|Heatran, F|\n|poke|p1|Rillaboom, M|\n|poke|p1|Hatterene, F|\n|poke|p1|Kingambit, F|\n|poke|p2|Cinderace, F|\n|poke|p2|Toxapex, F|\n|poke|p2|Corviknight, F|\n|poke|p2|Ogerpon-Wellspring, F|\n|poke|p2|Jolteon, M|\n|poke|p2|Glimmora, F|\n|teampreview\n|inactive|Battle timer is ON: inactive players will automatically lose when time's up. (requested by cb dozo ftw)\n|inactive|cb dozo ftw has 120 seconds left.\n|\n|t:|1700277809\n|start\n|switch|p1a: Heatran|Heatran, F|100\/100\n|switch|p2a: Cinderace|Cinderace, F, shiny|100\/100\n|-item|p1a: Heatran|Air Balloon\n|turn|1\n|\n|t:|1700277838\n|switch|p2a: Glimmora|Glimmora, F|100\/100\n|switch|p1a: Hatterene|Hatterene, F|100\/100\n|\n|upkeep\n|turn|2\n|\n|t:|1700277847\n|move|p2a: Glimmora|Power Gem|p1a: Hatterene\n|-damage|p1a: Hatterene|58\/100\n|move|p1a: Hatterene|Psyshock|p2a: Glimmora\n|-supereffective|p2a: Glimmora\n|-damage|p2a: Glimmora|7\/100\n|\n|upkeep\n|turn|3\n|\n|t:|1700277855\n|switch|p2a: Corviknight|Corviknight, F, shiny|100\/100\n|move|p1a: Hatterene|Draining Kiss|p2a: Corviknight\n|-resisted|p2a: Corviknight\n|-damage|p2a: Corviknight|90\/100\n|-heal|p1a: Hatterene|68\/100|[from] drain|[of] p2a: Corviknight\n|\n|-heal|p2a: Corviknight|96\/100|[from] item: Leftovers\n|upkeep\n|turn|4\n|\n|t:|1700277867\n|move|p2a: Corviknight|U-turn|p1a: Hatterene\n|-damage|p1a: Hatterene|57\/100\n|\n|t:|1700277877\n|switch|p2a: Jolteon|Jolteon, M, shiny|100\/100|[from] U-turn\n|move|p1a: Hatterene|Nuzzle|p2a: Jolteon\n|-immune|p2a: Jolteon|[from] ability: Volt Absorb\n|\n|upkeep\n|turn|5\n|\n|t:|1700277889\n|move|p2a: Jolteon|Thunderbolt|p1a: Hatterene\n|-damage|p1a: Hatterene|0 fnt\n|faint|p1a: Hatterene\n|\n|upkeep\n|\n|t:|1700277893\n|switch|p1a: Rillaboom|Rillaboom, M|100\/100\n|-fieldstart|move: Grassy Terrain|[from] ability: Grassy Surge|[of] p1a: Rillaboom\n|turn|6\n|\n|t:|1700277899\n|switch|p2a: Glimmora|Glimmora, F|7\/100\n|switch|p1a: Heatran|Heatran, F|100\/100\n|-item|p1a: Heatran|Air Balloon\n|\n|-heal|p2a: Glimmora|13\/100|[from] Grassy Terrain\n|upkeep\n|turn|7\n|\n|t:|1700277912\n|move|p2a: Glimmora|Power Gem|p1a: Heatran\n|-crit|p1a: Heatran\n|-damage|p1a: Heatran|64\/100\n|-enditem|p1a: Heatran|Air Balloon\n|move|p1a: Heatran|Earth Power|p2a: Glimmora\n|-supereffective|p2a: Glimmora\n|-damage|p2a: Glimmora|0 fnt\n|faint|p2a: Glimmora\n|\n|-heal|p1a: Heatran|70\/100|[from] Grassy Terrain\n|upkeep\n|\n|t:|1700277928\n|switch|p2a: Jolteon|Jolteon, M, shiny|100\/100\n|turn|8\n|\n|t:|1700277942\n|move|p2a: Jolteon|Thunderbolt|p1a: Heatran\n|-damage|p1a: Heatran|24\/100\n|move|p1a: Heatran|Earth Power|p2a: Jolteon\n|-supereffective|p2a: Jolteon\n|-damage|p2a: Jolteon|33\/100\n|\n|-heal|p2a: Jolteon|39\/100|[from] Grassy Terrain\n|-heal|p1a: Heatran|30\/100|[from] Grassy Terrain\n|upkeep\n|turn|9\n|\n|t:|1700277956\n|switch|p1a: Rillaboom|Rillaboom, M|100\/100\n|move|p2a: Jolteon|Thunderbolt|p1a: Rillaboom\n|-resisted|p1a: Rillaboom\n|-damage|p1a: Rillaboom|52\/100\n|\n|-heal|p2a: Jolteon|45\/100|[from] Grassy Terrain\n|-heal|p1a: Rillaboom|58\/100|[from] Grassy Terrain\n|upkeep\n|turn|10\n|\n|t:|1700277966\n|switch|p2a: Corviknight|Corviknight, F, shiny|96\/100\n|move|p1a: Rillaboom|U-turn|p2a: Corviknight\n|-resisted|p2a: Corviknight\n|-damage|p2a: Corviknight|90\/100\n|\n|t:|1700277968\n|switch|p1a: Heatran|Heatran, F|30\/100|[from] U-turn\n|\n|-heal|p1a: Heatran|36\/100|[from] Grassy Terrain\n|-heal|p2a: Corviknight|97\/100|[from] item: Leftovers\n|-fieldend|move: Grassy Terrain\n|upkeep\n|turn|11\n|\n|t:|1700277979\n|move|p1a: Heatran|Stealth Rock|p2a: Corviknight\n|-sidestart|p2: BongWizard23|move: Stealth Rock\n|move|p2a: Corviknight|U-turn|p1a: Heatran\n|-resisted|p1a: Heatran\n|-damage|p1a: Heatran|33\/100\n|\n|t:|1700277984\n|switch|p2a: Jolteon|Jolteon, M, shiny|45\/100|[from] U-turn\n|-damage|p2a: Jolteon|33\/100|[from] Stealth Rock\n|\n|upkeep\n|turn|12\n|\n|t:|1700277990\n|switch|p1a: Rillaboom|Rillaboom, M|58\/100\n|-fieldstart|move: Grassy Terrain|[from] ability: Grassy Surge|[of] p1a: Rillaboom\n|move|p2a: Jolteon|Thunderbolt|p1a: Rillaboom\n|-resisted|p1a: Rillaboom\n|-damage|p1a: Rillaboom|14\/100\n|\n|-heal|p2a: Jolteon|39\/100|[from] Grassy Terrain\n|-heal|p1a: Rillaboom|20\/100|[from] Grassy Terrain\n|upkeep\n|turn|13\n|\n|t:|1700278003\n|switch|p2a: Corviknight|Corviknight, F, shiny|97\/100\n|-damage|p2a: Corviknight|84\/100|[from] Stealth Rock\n|move|p1a: Rillaboom|Grassy Glide|p2a: Corviknight\n|-resisted|p2a: Corviknight\n|-damage|p2a: Corviknight|75\/100\n|\n|-heal|p1a: Rillaboom|26\/100|[from] Grassy Terrain\n|-heal|p2a: Corviknight|81\/100|[from] item: Leftovers\n|upkeep\n|turn|14\n|\n|t:|1700278014\n|switch|p1a: Heatran|Heatran, F|33\/100\n|move|p2a: Corviknight|U-turn|p1a: Heatran\n|-resisted|p1a: Heatran\n|-damage|p1a: Heatran|31\/100\n|\n|t:|1700278020\n|switch|p2a: Cinderace|Cinderace, F, shiny|100\/100|[from] U-turn\n|\n|-heal|p1a: Heatran|37\/100|[from] Grassy Terrain\n|upkeep\n|turn|15\n|\n|t:|1700278027\n|move|p2a: Cinderace|Court Change|p2a: Cinderace\n|-start|p2a: Cinderace|typechange|Normal|[from] ability: Libero\n|-swapsideconditions\n|-activate|p2a: Cinderace|move: Court Change\n|move|p1a: Heatran|Magma Storm|p2a: Cinderace|[miss]\n|-miss|p1a: Heatran|p2a: Cinderace\n|\n|-heal|p1a: Heatran|43\/100|[from] Grassy Terrain\n|upkeep\n|turn|16\n|\n|t:|1700278037\n|move|p2a: Cinderace|U-turn|p1a: Heatran\n|-resisted|p1a: Heatran\n|-damage|p1a: Heatran|39\/100\n|\n|t:|1700278040\n|switch|p2a: Corviknight|Corviknight, F, shiny|81\/100|[from] U-turn\n|move|p1a: Heatran|Stealth Rock|p2a: Corviknight\n|-sidestart|p2: BongWizard23|move: Stealth Rock\n|\n|-heal|p1a: Heatran|45\/100|[from] Grassy Terrain\n|-heal|p2a: Corviknight|87\/100|[from] item: Leftovers\n|-fieldend|move: Grassy Terrain\n|upkeep\n|turn|17\n|\n|t:|1700278051\n|move|p1a: Heatran|Magma Storm|p2a: Corviknight|[miss]\n|-miss|p1a: Heatran|p2a: Corviknight\n|move|p2a: Corviknight|Body Press|p1a: Heatran\n|-supereffective|p1a: Heatran\n|-damage|p1a: Heatran|1\/100\n|\n|-heal|p2a: Corviknight|94\/100|[from] item: Leftovers\n|upkeep\n|turn|18\n|\n|t:|1700278061\n|move|p1a: Heatran|Magma Storm|p2a: Corviknight\n|-supereffective|p2a: Corviknight\n|-damage|p2a: Corviknight|10\/100\n|-activate|p2a: Corviknight|move: Magma Storm|[of] p1a: Heatran\n|move|p2a: Corviknight|U-turn|p1a: Heatran\n|-resisted|p1a: Heatran\n|-crit|p1a: Heatran\n|-damage|p1a: Heatran|0 fnt\n|faint|p1a: Heatran\n|\n|t:|1700278077\n|switch|p2a: Jolteon|Jolteon, M, shiny|39\/100|[from] U-turn\n|-damage|p2a: Jolteon|27\/100|[from] Stealth Rock\n|\n|upkeep\n|\n|t:|1700278084\n|switch|p1a: Rillaboom|Rillaboom, M|26\/100\n|-damage|p1a: Rillaboom|14\/100|[from] Stealth Rock\n|-fieldstart|move: Grassy Terrain|[from] ability: Grassy Surge|[of] p1a: Rillaboom\n|turn|19\n|\n|t:|1700278092\n|switch|p2a: Corviknight|Corviknight, F, shiny|10\/100\n|-damage|p2a: Corviknight|0 fnt|[from] Stealth Rock\n|faint|p2a: Corviknight\n|move|p1a: Rillaboom|Grassy Glide|p2: Corviknight|[notarget]\n|-fail|p1a: Rillaboom\n|\n|-heal|p1a: Rillaboom|20\/100|[from] Grassy Terrain\n|upkeep\n|\n|t:|1700278103\n|switch|p2a: Toxapex|Toxapex, F, shiny|100\/100\n|-damage|p2a: Toxapex|88\/100|[from] Stealth Rock\n|turn|20\n|\n|t:|1700278122\n|switch|p1a: Erebus|Kingambit, F|100\/100\n|-damage|p1a: Erebus|94\/100|[from] Stealth Rock\n|-activate|p1a: Erebus|ability: Supreme Overlord\n|-start|p1a: Erebus|fallen2|[silent]\n|move|p2a: Toxapex|Infestation|p1a: Erebus\n|-damage|p1a: Erebus|91\/100\n|-activate|p1a: Erebus|move: Infestation|[of] p2a: Toxapex\n|\n|-heal|p1a: Erebus|97\/100|[from] Grassy Terrain\n|-heal|p2a: Toxapex|94\/100|[from] Grassy Terrain\n|-damage|p1a: Erebus|85\/100|[from] move: Infestation|[partiallytrapped]\n|upkeep\n|turn|21\n|\n|t:|1700278135\n|move|p1a: Erebus|Kowtow Cleave|p2a: Toxapex\n|-damage|p2a: Toxapex|54\/100\n|move|p2a: Toxapex|Surf|p1a: Erebus\n|-damage|p1a: Erebus|61\/100\n|\n|-heal|p1a: Erebus|67\/100|[from] Grassy Terrain\n|-heal|p2a: Toxapex|60\/100|[from] Grassy Terrain\n|-damage|p1a: Erebus|55\/100|[from] move: Infestation|[partiallytrapped]\n|upkeep\n|turn|22\n|\n|t:|1700278149\n|move|p1a: Erebus|Swords Dance|p1a: Erebus\n|-boost|p1a: Erebus|atk|2\n|move|p2a: Toxapex|Surf|p1a: Erebus\n|-damage|p1a: Erebus|31\/100\n|\n|-heal|p1a: Erebus|37\/100|[from] Grassy Terrain\n|-heal|p2a: Toxapex|66\/100|[from] Grassy Terrain\n|-damage|p1a: Erebus|25\/100|[from] move: Infestation|[partiallytrapped]\n|upkeep\n|turn|23\n|\n|t:|1700278160\n|move|p1a: Erebus|Kowtow Cleave|p2a: Toxapex\n|-damage|p2a: Toxapex|0 fnt\n|faint|p2a: Toxapex\n|\n|-heal|p1a: Erebus|31\/100|[from] Grassy Terrain\n|-end|p1a: Erebus|Infestation|[partiallytrapped]|[silent]\n|-fieldend|move: Grassy Terrain\n|upkeep\n|\n|t:|1700278167\n|switch|p2a: Cinderace|Cinderace, F, shiny|100\/100\n|turn|24\n|\n|t:|1700278182\n|move|p2a: Cinderace|Will-O-Wisp|p1a: Erebus\n|-status|p1a: Erebus|brn\n|move|p1a: Erebus|Kowtow Cleave|p2a: Cinderace\n|-damage|p2a: Cinderace|0 fnt\n|faint|p2a: Cinderace\n|\n|-damage|p1a: Erebus|25\/100 brn|[from] brn\n|upkeep\n|\n|t:|1700278204\n|switch|p2a: Jolteon|Jolteon, M, shiny|27\/100\n|-damage|p2a: Jolteon|15\/100|[from] Stealth Rock\n|turn|25\n|-message|BongWizard23 forfeited.\n|\n|win|cb dozo ftw\n|raw|cb dozo ftw's rating: 1158 &rarr; <strong>1178<\/strong><br \/>(+20 for winning)\n|raw|BongWizard23's rating: 1088 &rarr; <strong>1069<\/strong><br \/>(-19 for losing)\n|l|\u2606BongWizard23\n","uploadtime":1700278212,"views":13,"p1id":"cbdozoftw","p2id":"bongwizard23","formatid":"gen9ou","rating":1069,"private":0,"password":""}