{"id":"gen9ou-1990544421","p1":"UpstairsCabinet","p2":"Aegimuku","format":"[Gen 9] OU","log":"|j|\u2606UpstairsCabinet\n|j|\u2606Aegimuku\n|t:|1699980194\n|gametype|singles\n|player|p1|UpstairsCabinet|veteran|1026\n|player|p2|Aegimuku|pokemaniac|1000\n|teamsize|p1|6\n|teamsize|p2|6\n|gen|9\n|tier|[Gen 9] OU\n|rated|\n|rule|Sleep Clause Mod: Limit one foe put to sleep\n|rule|Species Clause: Limit one of each Pok\u00e9mon\n|rule|OHKO Clause: OHKO moves are banned\n|rule|Evasion Items Clause: Evasion items are banned\n|rule|Evasion Moves Clause: Evasion moves are banned\n|rule|Endless Battle Clause: Forcing endless battles is banned\n|rule|HP Percentage Mod: HP is shown in percentages\n|clearpoke\n|poke|p1|Maushold-Four|\n|poke|p1|Kingambit, M|\n|poke|p1|Heracross, M|\n|poke|p1|Toedscruel, F|\n|poke|p1|Lurantis, M|\n|poke|p1|Dondozo, M|\n|poke|p2|Dragonite, F|\n|poke|p2|Iron Valiant|\n|poke|p2|Ceruledge, M|\n|poke|p2|Garganacl, M|\n|poke|p2|Iron Treads|\n|poke|p2|Meowscarada, M|\n|teampreview\n|\n|t:|1699980211\n|start\n|switch|p1a: Why me Nintendo?!|Toedscruel, F|100\/100\n|switch|p2a: Iron Treads|Iron Treads|100\/100\n|turn|1\n|\n|t:|1699980222\n|move|p2a: Iron Treads|Stealth Rock|p1a: Why me Nintendo?!\n|-sidestart|p1: UpstairsCabinet|move: Stealth Rock\n|move|p1a: Why me Nintendo?!|Spore|p2a: Iron Treads\n|-status|p2a: Iron Treads|slp|[from] move: Spore\n|\n|upkeep\n|turn|2\n|\n|t:|1699980233\n|-end|p2a: Iron Treads|Quark Drive|[silent]\n|switch|p2a: Dragonite|Dragonite, F|100\/100\n|move|p1a: Why me Nintendo?!|Mud-Slap|p2a: Dragonite\n|-immune|p2a: Dragonite\n|\n|upkeep\n|turn|3\n|\n|t:|1699980241\n|move|p2a: Dragonite|Dragon Dance|p2a: Dragonite\n|-boost|p2a: Dragonite|atk|1\n|-boost|p2a: Dragonite|spe|1\n|move|p1a: Why me Nintendo?!|Leech Seed|p2a: Dragonite\n|-start|p2a: Dragonite|move: Leech Seed\n|\n|-damage|p2a: Dragonite|88\/100|[from] Leech Seed|[of] p1a: Why me Nintendo?!\n|upkeep\n|turn|4\n|\n|t:|1699980249\n|move|p2a: Dragonite|Ice Spinner|p1a: Why me Nintendo?!\n|-supereffective|p1a: Why me Nintendo?!\n|-damage|p1a: Why me Nintendo?!|0 fnt\n|faint|p1a: Why me Nintendo?!\n|\n|upkeep\n|\n|t:|1699980255\n|switch|p1a: Mickey hit squad|Maushold-Four|100\/100\n|-damage|p1a: Mickey hit squad|88\/100|[from] Stealth Rock\n|turn|5\n|\n|t:|1699980260\n|-terastallize|p2a: Dragonite|Normal\n|move|p2a: Dragonite|Extreme Speed|p1a: Mickey hit squad\n|-damage|p1a: Mickey hit squad|2\/100\n|move|p1a: Mickey hit squad|Tidy Up|p1a: Mickey hit squad\n|-sideend|p1: UpstairsCabinet|Stealth Rock\n|-activate|p1a: Mickey hit squad|move: Tidy Up\n|-boost|p1a: Mickey hit squad|atk|1\n|-boost|p1a: Mickey hit squad|spe|1\n|\n|-damage|p2a: Dragonite|76\/100|[from] Leech Seed|[of] p1a: Mickey hit squad\n|-heal|p1a: Mickey hit squad|15\/100|[silent]\n|upkeep\n|turn|6\n|\n|t:|1699980273\n|move|p2a: Dragonite|Extreme Speed|p1a: Mickey hit squad\n|-damage|p1a: Mickey hit squad|0 fnt\n|faint|p1a: Mickey hit squad\n|\n|upkeep\n|\n|t:|1699980278\n|switch|p1a: Lurantis|Lurantis, M|100\/100\n|turn|7\n|\n|t:|1699980281\n|move|p2a: Dragonite|Ice Spinner|p1a: Lurantis\n|-supereffective|p1a: Lurantis\n|-damage|p1a: Lurantis|7\/100\n|move|p1a: Lurantis|Superpower|p2a: Dragonite\n|-supereffective|p2a: Dragonite\n|-damage|p2a: Dragonite|0 fnt\n|-boost|p1a: Lurantis|atk|1\n|-boost|p1a: Lurantis|def|1\n|faint|p2a: Dragonite\n|\n|upkeep\n|\n|t:|1699980299\n|switch|p2a: Meowscarada|Meowscarada, M|100\/100\n|turn|8\n|\n|t:|1699980305\n|move|p2a: Meowscarada|U-turn|p1a: Lurantis\n|-start|p2a: Meowscarada|typechange|Bug|[from] ability: Protean\n|-supereffective|p1a: Lurantis\n|-damage|p1a: Lurantis|0 fnt\n|faint|p1a: Lurantis\n|-damage|p2a: Meowscarada|91\/100|[from] item: Life Orb\n|-message|UpstairsCabinet forfeited.\n|\n|win|Aegimuku\n|raw|UpstairsCabinet's rating: 1026 &rarr; <strong>1011<\/strong><br \/>(-15 for losing)\n|raw|Aegimuku's rating: 1000 &rarr; <strong>1043<\/strong><br \/>(+43 for winning)\n|l|\u2606UpstairsCabinet\n","uploadtime":1699980329,"views":10,"p1id":"upstairscabinet","p2id":"aegimuku","formatid":"gen9ou","rating":1011,"private":0,"password":""}