{"id":"gen9ou-1988961444","p1":"wyverbal","p2":"Tay2252","format":"[Gen 9] OU","log":"|j|\u2606wyverbal\n|j|\u2606Tay2252\n|t:|1699795034\n|gametype|singles\n|player|p1|wyverbal|2|1110\n|player|p2|Tay2252|marlon|1093\n|teamsize|p1|6\n|teamsize|p2|6\n|gen|9\n|tier|[Gen 9] OU\n|rated|\n|rule|Sleep Clause Mod: Limit one foe put to sleep\n|rule|Species Clause: Limit one of each Pok\u00e9mon\n|rule|OHKO Clause: OHKO moves are banned\n|rule|Evasion Items Clause: Evasion items are banned\n|rule|Evasion Moves Clause: Evasion moves are banned\n|rule|Endless Battle Clause: Forcing endless battles is banned\n|rule|HP Percentage Mod: HP is shown in percentages\n|clearpoke\n|poke|p1|Zamazenta-*|\n|poke|p1|Kommo-o, F|\n|poke|p1|Ceruledge, F|\n|poke|p1|Tornadus, M|\n|poke|p1|Greninja-*, M|\n|poke|p1|Sandslash, F|\n|poke|p2|Quaquaval, M|\n|poke|p2|Sinistcha-Masterpiece|\n|poke|p2|Hatterene, F|\n|poke|p2|Ambipom, M|\n|poke|p2|Ogerpon-Wellspring, F|\n|poke|p2|Great Tusk|\n|teampreview\n|inactive|Battle timer is ON: inactive players will automatically lose when time's up. (requested by wyverbal)\n|c|\u2606Tay2252|Gl\n|\n|t:|1699795060\n|start\n|switch|p1a: Zamazenta|Zamazenta, shiny|100\/100\n|switch|p2a: Adam|Ambipom, M|100\/100\n|-ability|p1a: Zamazenta|Dauntless Shield|boost\n|-boost|p1a: Zamazenta|def|1\n|turn|1\n|\n|t:|1699795067\n|switch|p2a: Alice|Hatterene, F|100\/100\n|move|p1a: Zamazenta|Reflect|p1a: Zamazenta\n|-sidestart|p1: wyverbal|Reflect\n|\n|upkeep\n|turn|2\n|\n|t:|1699795076\n|move|p1a: Zamazenta|Light Screen|p1a: Zamazenta\n|-sidestart|p1: wyverbal|move: Light Screen\n|move|p2a: Alice|Calm Mind|p2a: Alice\n|-boost|p2a: Alice|spa|1\n|-boost|p2a: Alice|spd|1\n|\n|upkeep\n|turn|3\n|\n|t:|1699795088\n|switch|p1a: Ceruledge|Ceruledge, F, shiny|100\/100\n|move|p2a: Alice|Calm Mind|p2a: Alice\n|-boost|p2a: Alice|spa|1\n|-boost|p2a: Alice|spd|1\n|\n|upkeep\n|turn|4\n|\n|t:|1699795110\n|move|p1a: Ceruledge|Swords Dance|p1a: Ceruledge\n|-boost|p1a: Ceruledge|atk|2\n|move|p2a: Alice|Dark Pulse|p1a: Ceruledge\n|-supereffective|p1a: Ceruledge\n|-damage|p1a: Ceruledge|37\/100\n|\n|upkeep\n|turn|5\n|\n|t:|1699795119\n|move|p1a: Ceruledge|Bitter Blade|p2a: Alice\n|-damage|p2a: Alice|0 fnt\n|-heal|p1a: Ceruledge|81\/100|[from] drain|[of] p2a: Alice\n|faint|p2a: Alice\n|\n|upkeep\n|\n|t:|1699795137\n|switch|p2a: Ammu|Ogerpon-Wellspring, F|100\/100\n|turn|6\n|\n|t:|1699795144\n|-terastallize|p2a: Ammu|Water\n|detailschange|p2a: Ammu|Ogerpon-Wellspring-Tera, F, tera:Water\n|-ability|p2a: Ammu|Embody Aspect (Wellspring)|boost\n|-boost|p2a: Ammu|spd|1\n|-terastallize|p1a: Ceruledge|Ghost\n|move|p2a: Ammu|Swords Dance|p2a: Ammu\n|-boost|p2a: Ammu|atk|2\n|move|p1a: Ceruledge|Bitter Blade|p2a: Ammu\n|-resisted|p2a: Ammu\n|-damage|p2a: Ammu|41\/100\n|-heal|p1a: Ceruledge|100\/100|[from] drain|[of] p2a: Ammu\n|\n|upkeep\n|turn|7\n|\n|t:|1699795158\n|move|p1a: Ceruledge|Shadow Sneak|p2a: Ammu\n|-damage|p2a: Ammu|0 fnt\n|faint|p2a: Ammu\n|\n|upkeep\n|-message|Tay2252 forfeited.\n|\n|win|wyverbal\n|raw|wyverbal's rating: 1110 &rarr; <strong>1134<\/strong><br \/>(+24 for winning)\n|raw|Tay2252's rating: 1093 &rarr; <strong>1070<\/strong><br \/>(-23 for losing)\n|l|\u2606Tay2252\n","uploadtime":1699795165,"views":8,"p1id":"wyverbal","p2id":"tay2252","formatid":"gen9ou","rating":1070,"private":0,"password":""}