{"id":"gen9ou-1992332460","p1":"SylverOmega","p2":"yumalegoat","format":"[Gen 9] OU","log":"|j|\u2606SylverOmega\n|j|\u2606yumalegoat\n|t:|1700175608\n|gametype|singles\n|player|p1|SylverOmega|palmer|1454\n|player|p2|yumalegoat|1|1395\n|teamsize|p1|6\n|teamsize|p2|6\n|gen|9\n|tier|[Gen 9] OU\n|rated|\n|rule|Sleep Clause Mod: Limit one foe put to sleep\n|rule|Species Clause: Limit one of each Pok\u00e9mon\n|rule|OHKO Clause: OHKO moves are banned\n|rule|Evasion Items Clause: Evasion items are banned\n|rule|Evasion Moves Clause: Evasion moves are banned\n|rule|Endless Battle Clause: Forcing endless battles is banned\n|rule|HP Percentage Mod: HP is shown in percentages\n|clearpoke\n|poke|p1|Glimmora, M|\n|poke|p1|Ceruledge, F|\n|poke|p1|Iron Valiant|\n|poke|p1|Great Tusk|\n|poke|p1|Ogerpon-Wellspring, F|\n|poke|p1|Dragonite, F|\n|poke|p2|Pincurchin, F|\n|poke|p2|Iron Valiant|\n|poke|p2|Sneasler, M|\n|poke|p2|Iron Treads|\n|poke|p2|Iron Moth|\n|poke|p2|Corviknight, F|\n|teampreview\n|inactive|Battle timer is ON: inactive players will automatically lose when time's up. (requested by yumalegoat)\n|c|\u2606SylverOmega|Hf\n|c|\u2606yumalegoat|hf\n|\n|t:|1700175622\n|start\n|switch|p1a: Glimmora|Glimmora, M|100\/100\n|switch|p2a: Pincurchin|Pincurchin, F|100\/100\n|-fieldstart|move: Electric Terrain|[from] ability: Electric Surge|[of] p2a: Pincurchin\n|turn|1\n|\n|t:|1700175631\n|switch|p2a: Iron Treads|Iron Treads|100\/100\n|-activate|p2a: Iron Treads|ability: Quark Drive\n|-start|p2a: Iron Treads|quarkdrivespe\n|-item|p2a: Iron Treads|Air Balloon\n|move|p1a: Glimmora|Stealth Rock|p2a: Iron Treads\n|-sidestart|p2: yumalegoat|move: Stealth Rock\n|\n|upkeep\n|turn|2\n|\n|t:|1700175646\n|switch|p1a: Great Tusk|Great Tusk|100\/100\n|-enditem|p1a: Great Tusk|Booster Energy\n|-activate|p1a: Great Tusk|ability: Protosynthesis|[fromitem]\n|-start|p1a: Great Tusk|protosynthesisspe\n|move|p2a: Iron Treads|Earthquake|p1a: Great Tusk\n|-damage|p1a: Great Tusk|79\/100\n|\n|upkeep\n|turn|3\n|\n|t:|1700175675\n|-end|p2a: Iron Treads|Quark Drive|[silent]\n|switch|p2a: Corviknight|Corviknight, F, shiny|100\/100\n|-damage|p2a: Corviknight|88\/100|[from] Stealth Rock\n|-ability|p2a: Corviknight|Pressure\n|move|p1a: Great Tusk|Bulk Up|p1a: Great Tusk\n|-boost|p1a: Great Tusk|atk|1\n|-boost|p1a: Great Tusk|def|1\n|\n|upkeep\n|turn|4\n|\n|t:|1700175686\n|move|p1a: Great Tusk|Bulk Up|p1a: Great Tusk\n|-boost|p1a: Great Tusk|atk|1\n|-boost|p1a: Great Tusk|def|1\n|move|p2a: Corviknight|U-turn|p1a: Great Tusk\n|-resisted|p1a: Great Tusk\n|-damage|p1a: Great Tusk|77\/100\n|\n|t:|1700175692\n|switch|p2a: Iron Valiant|Iron Valiant, shiny|100\/100|[from] U-turn\n|-damage|p2a: Iron Valiant|94\/100|[from] Stealth Rock\n|-activate|p2a: Iron Valiant|ability: Quark Drive\n|-start|p2a: Iron Valiant|quarkdrivespe\n|\n|upkeep\n|turn|5\n|\n|t:|1700175705\n|-terastallize|p1a: Great Tusk|Poison\n|move|p2a: Iron Valiant|Moonblast|p1a: Great Tusk\n|-resisted|p1a: Great Tusk\n|-damage|p1a: Great Tusk|35\/100\n|-damage|p2a: Iron Valiant|85\/100|[from] item: Life Orb\n|move|p1a: Great Tusk|Headlong Rush|p2a: Iron Valiant\n|-damage|p2a: Iron Valiant|0 fnt\n|-unboost|p1a: Great Tusk|def|1\n|-unboost|p1a: Great Tusk|spd|1\n|faint|p2a: Iron Valiant\n|-end|p2a: Iron Valiant|Quark Drive|[silent]\n|\n|upkeep\n|\n|t:|1700175716\n|switch|p2a: Iron Moth|Iron Moth|100\/100\n|-activate|p2a: Iron Moth|ability: Quark Drive\n|-start|p2a: Iron Moth|quarkdrivespe\n|turn|6\n|\n|t:|1700175723\n|-end|p1a: Great Tusk|Protosynthesis|[silent]\n|switch|p1a: Ceruledge|Ceruledge, F|100\/100\n|move|p2a: Iron Moth|Fiery Dance|p1a: Ceruledge\n|-resisted|p1a: Ceruledge\n|-damage|p1a: Ceruledge|79\/100\n|-boost|p2a: Iron Moth|spa|1\n|\n|upkeep\n|turn|7\n|\n|t:|1700175735\n|-terastallize|p2a: Iron Moth|Ground\n|move|p2a: Iron Moth|Tera Blast|p1a: Ceruledge|[anim] Tera Blast Ground\n|-supereffective|p1a: Ceruledge\n|-damage|p1a: Ceruledge|0 fnt\n|faint|p1a: Ceruledge\n|\n|upkeep\n|\n|t:|1700175752\n|switch|p1a: Iron Valiant|Iron Valiant|100\/100\n|-activate|p1a: Iron Valiant|ability: Quark Drive\n|-start|p1a: Iron Valiant|quarkdrivespe\n|turn|8\n|\n|t:|1700175766\n|move|p1a: Iron Valiant|Moonblast|p2a: Iron Moth\n|-damage|p2a: Iron Moth|53\/100\n|move|p2a: Iron Moth|Sludge Wave|p1a: Iron Valiant\n|-supereffective|p1a: Iron Valiant\n|-damage|p1a: Iron Valiant|0 fnt\n|faint|p1a: Iron Valiant\n|-end|p1a: Iron Valiant|Quark Drive|[silent]\n|\n|-fieldend|move: Electric Terrain\n|-end|p2a: Iron Moth|Quark Drive\n|upkeep\n|\n|t:|1700175780\n|switch|p1a: Dragonite|Dragonite, F|100\/100\n|turn|9\n|\n|t:|1700175786\n|-end|p2a: Iron Moth|Quark Drive|[silent]\n|switch|p2a: Corviknight|Corviknight, F, shiny|88\/100\n|-damage|p2a: Corviknight|75\/100|[from] Stealth Rock\n|-ability|p2a: Corviknight|Pressure\n|move|p1a: Dragonite|Extreme Speed|p2a: Corviknight\n|-resisted|p2a: Corviknight\n|-damage|p2a: Corviknight|67\/100\n|-damage|p1a: Dragonite|84\/100|[from] item: Rocky Helmet|[of] p2a: Corviknight\n|\n|upkeep\n|turn|10\n|\n|t:|1700175799\n|move|p1a: Dragonite|Dragon Dance|p1a: Dragonite\n|-boost|p1a: Dragonite|atk|1\n|-boost|p1a: Dragonite|spe|1\n|move|p2a: Corviknight|U-turn|p1a: Dragonite\n|-resisted|p1a: Dragonite\n|-damage|p1a: Dragonite|76\/100\n|\n|t:|1700175805\n|switch|p2a: Pincurchin|Pincurchin, F|100\/100|[from] U-turn\n|-damage|p2a: Pincurchin|88\/100|[from] Stealth Rock\n|-fieldstart|move: Electric Terrain|[from] ability: Electric Surge|[of] p2a: Pincurchin\n|\n|upkeep\n|turn|11\n|\n|t:|1700175818\n|move|p1a: Dragonite|Dragon Dance|p1a: Dragonite\n|-boost|p1a: Dragonite|atk|1\n|-boost|p1a: Dragonite|spe|1\n|move|p2a: Pincurchin|Scald|p1a: Dragonite\n|-resisted|p1a: Dragonite\n|-damage|p1a: Dragonite|67\/100\n|\n|upkeep\n|turn|12\n|\n|t:|1700175827\n|move|p1a: Dragonite|Earthquake|p2a: Pincurchin\n|-supereffective|p2a: Pincurchin\n|-damage|p2a: Pincurchin|0 fnt\n|faint|p2a: Pincurchin\n|\n|upkeep\n|\n|t:|1700175832\n|switch|p2a: Corviknight|Corviknight, F, shiny|67\/100\n|-damage|p2a: Corviknight|54\/100|[from] Stealth Rock\n|-ability|p2a: Corviknight|Pressure\n|turn|13\n|\n|t:|1700175839\n|move|p1a: Dragonite|Dragon Dance|p1a: Dragonite\n|-boost|p1a: Dragonite|atk|1\n|-boost|p1a: Dragonite|spe|1\n|move|p2a: Corviknight|Roost|p2a: Corviknight\n|-heal|p2a: Corviknight|100\/100\n|-singleturn|p2a: Corviknight|move: Roost\n|\n|upkeep\n|turn|14\n|\n|t:|1700175849\n|move|p1a: Dragonite|Dragon Dance|p1a: Dragonite\n|-boost|p1a: Dragonite|atk|1\n|-boost|p1a: Dragonite|spe|1\n|move|p2a: Corviknight|Bulk Up|p2a: Corviknight\n|-boost|p2a: Corviknight|atk|1\n|-boost|p2a: Corviknight|def|1\n|\n|upkeep\n|turn|15\n|\n|t:|1700175857\n|move|p1a: Dragonite|Ice Spinner|p2a: Corviknight\n|-damage|p2a: Corviknight|61\/100\n|-damage|p1a: Dragonite|51\/100|[from] item: Rocky Helmet|[of] p2a: Corviknight\n|-fieldend|move: Electric Terrain\n|move|p2a: Corviknight|Bulk Up|p2a: Corviknight\n|-boost|p2a: Corviknight|atk|1\n|-boost|p2a: Corviknight|def|1\n|\n|upkeep\n|turn|16\n|\n|t:|1700175866\n|move|p1a: Dragonite|Ice Spinner|p2a: Corviknight\n|-damage|p2a: Corviknight|33\/100\n|-damage|p1a: Dragonite|34\/100|[from] item: Rocky Helmet|[of] p2a: Corviknight\n|move|p2a: Corviknight|Roost|p2a: Corviknight\n|-heal|p2a: Corviknight|83\/100\n|-singleturn|p2a: Corviknight|move: Roost\n|\n|upkeep\n|turn|17\n|\n|t:|1700175875\n|move|p1a: Dragonite|Dragon Dance|p1a: Dragonite\n|-boost|p1a: Dragonite|atk|1\n|-boost|p1a: Dragonite|spe|1\n|move|p2a: Corviknight|Bulk Up|p2a: Corviknight\n|-boost|p2a: Corviknight|atk|1\n|-boost|p2a: Corviknight|def|1\n|\n|upkeep\n|turn|18\n|\n|t:|1700175885\n|move|p1a: Dragonite|Ice Spinner|p2a: Corviknight\n|-damage|p2a: Corviknight|58\/100\n|-damage|p1a: Dragonite|18\/100|[from] item: Rocky Helmet|[of] p2a: Corviknight\n|move|p2a: Corviknight|Bulk Up|p2a: Corviknight\n|-boost|p2a: Corviknight|atk|1\n|-boost|p2a: Corviknight|def|1\n|\n|upkeep\n|turn|19\n|\n|t:|1700175895\n|switch|p1a: Glimmora|Glimmora, M|100\/100\n|move|p2a: Corviknight|Roost|p2a: Corviknight\n|-heal|p2a: Corviknight|100\/100\n|-singleturn|p2a: Corviknight|move: Roost\n|\n|upkeep\n|turn|20\n|\n|t:|1700175906\n|move|p1a: Glimmora|Power Gem|p2a: Corviknight\n|-damage|p2a: Corviknight|62\/100\n|move|p2a: Corviknight|Brave Bird|p1a: Glimmora\n|-resisted|p1a: Glimmora\n|-crit|p1a: Glimmora\n|-damage|p1a: Glimmora|5\/100\n|-activate|p1a: Glimmora|ability: Toxic Debris\n|-sidestart|p2: yumalegoat|move: Toxic Spikes\n|-damage|p2a: Corviknight|38\/100|[from] Recoil\n|\n|upkeep\n|turn|21\n|\n|t:|1700175929\n|move|p1a: Glimmora|Power Gem|p2a: Corviknight\n|-damage|p2a: Corviknight|0 fnt\n|faint|p2a: Corviknight\n|\n|upkeep\n|\n|t:|1700175937\n|switch|p2a: Iron Moth|Iron Moth, tera:Ground|53\/100\n|turn|22\n|\n|t:|1700175946\n|move|p2a: Iron Moth|Fiery Dance|p1a: Glimmora\n|-resisted|p1a: Glimmora\n|-damage|p1a: Glimmora|0 fnt\n|-boost|p2a: Iron Moth|spa|1\n|faint|p1a: Glimmora\n|\n|upkeep\n|\n|t:|1700175953\n|switch|p1a: Dragonite|Dragonite, F|18\/100\n|turn|23\n|\n|t:|1700175957\n|move|p1a: Dragonite|Extreme Speed|p2a: Iron Moth\n|-damage|p2a: Iron Moth|4\/100\n|move|p2a: Iron Moth|Sludge Wave|p1a: Dragonite\n|-damage|p1a: Dragonite|0 fnt\n|faint|p1a: Dragonite\n|\n|upkeep\n|\n|t:|1700175970\n|switch|p1a: Great Tusk|Great Tusk, tera:Poison|35\/100\n|turn|24\n|\n|t:|1700175975\n|move|p2a: Iron Moth|Fiery Dance|p1a: Great Tusk\n|-damage|p1a: Great Tusk|0 fnt\n|-boost|p2a: Iron Moth|spa|1\n|faint|p1a: Great Tusk\n|-end|p1a: Great Tusk|Protosynthesis|[silent]\n|\n|upkeep\n|c|\u2606SylverOmega|Gg\n|\n|t:|1700175982\n|switch|p1a: Ogerpon|Ogerpon-Wellspring, F|100\/100\n|turn|25\n|c|\u2606yumalegoat|ggs\n|\n|t:|1700175987\n|move|p1a: Ogerpon|Horn Leech|p2a: Iron Moth\n|-supereffective|p2a: Iron Moth\n|-damage|p2a: Iron Moth|0 fnt\n|faint|p2a: Iron Moth\n|-end|p2a: Iron Moth|Quark Drive|[silent]\n|\n|upkeep\n|\n|t:|1700175992\n|switch|p2a: Sneasler|Sneasler, M|100\/100\n|-damage|p2a: Sneasler|95\/100|[from] Stealth Rock\n|-sideend|p2: yumalegoat|move: Toxic Spikes|[of] p2a: Sneasler\n|turn|26\n|\n|t:|1700175998\n|move|p1a: Ogerpon|Ivy Cudgel|p2a: Sneasler|[anim] Ivy Cudgel Water\n|-damage|p2a: Sneasler|1\/100\n|move|p2a: Sneasler|Dire Claw|p1a: Ogerpon\n|-supereffective|p1a: Ogerpon\n|-damage|p1a: Ogerpon|0 fnt\n|faint|p1a: Ogerpon\n|\n|win|yumalegoat\n|raw|SylverOmega's rating: 1454 &rarr; <strong>1431<\/strong><br \/>(-23 for losing)\n|raw|yumalegoat's rating: 1395 &rarr; <strong>1418<\/strong><br \/>(+23 for winning)\n|c|\u2606SylverOmega|Bruh\n|c|\u2606yumalegoat|damn\n|c|\u2606SylverOmega|Im so unlucky\n|c|\u2606yumalegoat|fr\n|c|\u2606SylverOmega|Gg xd\n|c|\u2606SylverOmega|Its the third time today\n|c|\u2606yumalegoat|ggg\n|l|\u2606yumalegoat\n","uploadtime":1700176055,"views":12,"p1id":"sylveromega","p2id":"yumalegoat","formatid":"gen9ou","rating":1418,"private":0,"password":""}