{"id":"gen9ou-1996717264","p1":"GhostMasterMorty","p2":"Frenchelf","format":"[Gen 9] OU","log":"|j|\u2606GhostMasterMorty\n|j|\u203dFrenchelf\n|t:|1700713818\n|gametype|singles\n|player|p1|GhostMasterMorty|morty|1059\n|player|p2|Frenchelf|1|1040\n|teamsize|p1|6\n|teamsize|p2|6\n|gen|9\n|tier|[Gen 9] OU\n|rated|\n|rule|Sleep Clause Mod: Limit one foe put to sleep\n|rule|Species Clause: Limit one of each Pok\u00e9mon\n|rule|OHKO Clause: OHKO moves are banned\n|rule|Evasion Items Clause: Evasion items are banned\n|rule|Evasion Moves Clause: Evasion moves are banned\n|rule|Endless Battle Clause: Forcing endless battles is banned\n|rule|HP Percentage Mod: HP is shown in percentages\n|clearpoke\n|poke|p1|Hawlucha, M|\n|poke|p1|Weezing-Galar, F|\n|poke|p1|Glimmora, M|\n|poke|p1|Magnezone|\n|poke|p1|Corviknight, M|\n|poke|p1|Samurott-Hisui, M|\n|poke|p2|Alomomola, F|\n|poke|p2|Clefable, F|\n|poke|p2|Toxapex, M|\n|poke|p2|Garganacl, F|\n|poke|p2|Corviknight, F|\n|poke|p2|Ting-Lu|\n|teampreview\n|c|\u2606GhostMasterMorty|Oh my what a fun team\n|\n|t:|1700713849\n|start\n|switch|p1a: Weezing|Weezing-Galar, F|100\/100\n|switch|p2a: Garganacl|Garganacl, F|100\/100\n|-fieldstart|move: Misty Terrain|[from] ability: Misty Surge|[of] p1a: Weezing\n|turn|1\n|\n|t:|1700713866\n|switch|p1a: Rawk Hawk|Hawlucha, M|100\/100\n|-enditem|p1a: Rawk Hawk|Misty Seed\n|-boost|p1a: Rawk Hawk|spd|1|[from] item: Misty Seed\n|move|p2a: Garganacl|Stealth Rock|p1a: Rawk Hawk\n|-sidestart|p1: GhostMasterMorty|move: Stealth Rock\n|\n|upkeep\n|turn|2\n|inactive|Battle timer is ON: inactive players will automatically lose when time's up. (requested by GhostMasterMorty)\n|\n|t:|1700713875\n|-terastallize|p2a: Garganacl|Water\n|move|p1a: Rawk Hawk|Swords Dance|p1a: Rawk Hawk\n|-boost|p1a: Rawk Hawk|atk|2\n|move|p2a: Garganacl|Salt Cure|p1a: Rawk Hawk\n|-damage|p1a: Rawk Hawk|81\/100\n|-start|p1a: Rawk Hawk|Salt Cure\n|\n|-damage|p1a: Rawk Hawk|69\/100|[from] Salt Cure\n|upkeep\n|turn|3\n|\n|t:|1700713891\n|move|p1a: Rawk Hawk|Acrobatics|p2a: Garganacl\n|-crit|p2a: Garganacl\n|-damage|p2a: Garganacl|21\/100\n|move|p2a: Garganacl|Body Press|p1a: Rawk Hawk\n|-resisted|p1a: Rawk Hawk\n|-damage|p1a: Rawk Hawk|46\/100\n|\n|-heal|p2a: Garganacl|27\/100|[from] item: Leftovers\n|-damage|p1a: Rawk Hawk|33\/100|[from] Salt Cure\n|upkeep\n|turn|4\n|\n|t:|1700713904\n|switch|p2a: Corviknight|Corviknight, F|100\/100\n|-ability|p2a: Corviknight|Pressure\n|move|p1a: Rawk Hawk|Drain Punch|p2a: Corviknight\n|-damage|p2a: Corviknight|46\/100\n|-heal|p1a: Rawk Hawk|67\/100|[from] drain|[of] p2a: Corviknight\n|\n|-heal|p2a: Corviknight|53\/100|[from] item: Leftovers\n|-damage|p1a: Rawk Hawk|54\/100|[from] Salt Cure\n|upkeep\n|turn|5\n|\n|t:|1700713917\n|move|p1a: Rawk Hawk|Drain Punch|p2a: Corviknight\n|-damage|p2a: Corviknight|0 fnt\n|-heal|p1a: Rawk Hawk|87\/100|[from] drain|[of] p2a: Corviknight\n|faint|p2a: Corviknight\n|\n|-damage|p1a: Rawk Hawk|74\/100|[from] Salt Cure\n|-fieldend|Misty Terrain\n|upkeep\n|\n|t:|1700713926\n|switch|p2a: Toxapex|Toxapex, M|100\/100\n|turn|6\n|\n|t:|1700713931\n|-terastallize|p1a: Rawk Hawk|Steel\n|move|p1a: Rawk Hawk|Acrobatics|p2a: Toxapex\n|-damage|p2a: Toxapex|33\/100\n|move|p2a: Toxapex|Toxic|p1a: Rawk Hawk\n|-immune|p1a: Rawk Hawk\n|\n|-heal|p2a: Toxapex|39\/100|[from] item: Black Sludge\n|-damage|p1a: Rawk Hawk|49\/100|[from] Salt Cure\n|upkeep\n|turn|7\n|-message|Frenchelf forfeited.\n|\n|win|GhostMasterMorty\n|raw|GhostMasterMorty's rating: 1059 &rarr; <strong>1088<\/strong><br \/>(+29 for winning)\n|raw|Frenchelf's rating: 1040 &rarr; <strong>1025<\/strong><br \/>(-15 for losing)\n|l|\u203dFrenchelf\n|c|\u2606GhostMasterMorty|Lol no\n|c|\u2606GhostMasterMorty|Goodbye bitch\n","uploadtime":1700713949,"views":10,"p1id":"ghostmastermorty","p2id":"frenchelf","formatid":"gen9ou","rating":1025,"private":0,"password":""}