{"id":"gen9ou-1989549302","p1":"jacobo32","p2":"veasters","format":"[Gen 9] OU","log":"|j|\u2606jacobo32\n|j|\u2606veasters\n|t:|1699869620\n|gametype|singles\n|player|p1|jacobo32|265|1046\n|player|p2|veasters|psychic-gen4|1041\n|teamsize|p1|6\n|teamsize|p2|6\n|gen|9\n|tier|[Gen 9] OU\n|rated|\n|rule|Sleep Clause Mod: Limit one foe put to sleep\n|rule|Species Clause: Limit one of each Pok\u00e9mon\n|rule|OHKO Clause: OHKO moves are banned\n|rule|Evasion Items Clause: Evasion items are banned\n|rule|Evasion Moves Clause: Evasion moves are banned\n|rule|Endless Battle Clause: Forcing endless battles is banned\n|rule|HP Percentage Mod: HP is shown in percentages\n|clearpoke\n|poke|p1|Pelipper, F|\n|poke|p1|Barraskewda, F|\n|poke|p1|Clodsire, F|\n|poke|p1|Greninja-*, M|\n|poke|p1|Rotom-Wash|\n|poke|p1|Corviknight, F|\n|poke|p2|Rillaboom, F|\n|poke|p2|Shiftry, M|\n|poke|p2|Torkoal, M|\n|poke|p2|Sneasler, M|\n|poke|p2|Iron Moth|\n|poke|p2|Kingambit, M|\n|teampreview\n|\n|t:|1699869634\n|start\n|switch|p1a: Pelipper|Pelipper, F|100\/100\n|switch|p2a: Torkoal|Torkoal, M|100\/100\n|-weather|RainDance|[from] ability: Drizzle|[of] p1a: Pelipper\n|-weather|SunnyDay|[from] ability: Drought|[of] p2a: Torkoal\n|turn|1\n|\n|t:|1699869649\n|move|p1a: Pelipper|U-turn|p2a: Torkoal\n|-resisted|p2a: Torkoal\n|-damage|p2a: Torkoal|97\/100\n|-enditem|p2a: Torkoal|Eject Button\n|\n|t:|1699869660\n|switch|p2a: Shiftry|Shiftry, M|100\/100\n|\n|-weather|SunnyDay|[upkeep]\n|upkeep\n|turn|2\n|\n|t:|1699869672\n|move|p2a: Shiftry|Solar Blade||[still]\n|-prepare|p2a: Shiftry|Solar Blade\n|-anim|p2a: Shiftry|Solar Blade|p1a: Pelipper\n|-damage|p1a: Pelipper|61\/100\n|move|p1a: Pelipper|Hurricane|p2a: Shiftry\n|-supereffective|p2a: Shiftry\n|-damage|p2a: Shiftry|0 fnt\n|faint|p2a: Shiftry\n|\n|-weather|SunnyDay|[upkeep]\n|upkeep\n|\n|t:|1699869684\n|switch|p2a: Iron Moth|Iron Moth|100\/100\n|-enditem|p2a: Iron Moth|Booster Energy\n|-activate|p2a: Iron Moth|ability: Quark Drive|[fromitem]\n|-start|p2a: Iron Moth|quarkdrivespa\n|turn|3\n|\n|t:|1699869695\n|move|p2a: Iron Moth|Discharge|p1a: Pelipper\n|-supereffective|p1a: Pelipper\n|-damage|p1a: Pelipper|0 fnt\n|faint|p1a: Pelipper\n|\n|-weather|SunnyDay|[upkeep]\n|upkeep\n|\n|t:|1699869702\n|switch|p1a: Greninja|Greninja, M|100\/100\n|turn|4\n|\n|t:|1699869727\n|-end|p2a: Iron Moth|Quark Drive|[silent]\n|switch|p2a: Torkoal|Torkoal, M|97\/100\n|move|p1a: Greninja|Water Shuriken|p2a: Torkoal\n|-supereffective|p2a: Torkoal\n|-damage|p2a: Torkoal|87\/100\n|-supereffective|p2a: Torkoal\n|-damage|p2a: Torkoal|76\/100\n|-supereffective|p2a: Torkoal\n|-damage|p2a: Torkoal|66\/100\n|-hitcount|p2a: Torkoal|3\n|-damage|p1a: Greninja|91\/100|[from] item: Life Orb\n|\n|-weather|SunnyDay|[upkeep]\n|upkeep\n|turn|5\n|\n|t:|1699869741\n|move|p1a: Greninja|Hydro Pump|p2a: Torkoal|[miss]\n|-miss|p1a: Greninja|p2a: Torkoal\n|move|p2a: Torkoal|Solar Beam||[still]\n|-prepare|p2a: Torkoal|Solar Beam\n|-anim|p2a: Torkoal|Solar Beam|p1a: Greninja\n|-supereffective|p1a: Greninja\n|-damage|p1a: Greninja|16\/100\n|\n|-weather|none\n|upkeep\n|turn|6\n|\n|t:|1699869751\n|switch|p2a: Rillaboom|Rillaboom, F|100\/100\n|-fieldstart|move: Grassy Terrain|[from] ability: Grassy Surge|[of] p2a: Rillaboom\n|move|p1a: Greninja|Hydro Pump|p2a: Rillaboom\n|-resisted|p2a: Rillaboom\n|-damage|p2a: Rillaboom|61\/100\n|-damage|p1a: Greninja|6\/100|[from] item: Life Orb\n|\n|-heal|p1a: Greninja|12\/100|[from] Grassy Terrain\n|-heal|p2a: Rillaboom|67\/100|[from] Grassy Terrain\n|upkeep\n|turn|7\n|\n|t:|1699869768\n|switch|p1a: Corviknight|Corviknight, F|100\/100\n|-ability|p1a: Corviknight|Pressure\n|-terastallize|p2a: Rillaboom|Grass\n|move|p2a: Rillaboom|Drum Beating|p1a: Corviknight\n|-resisted|p1a: Corviknight\n|-damage|p1a: Corviknight|89\/100\n|-unboost|p1a: Corviknight|spe|1\n|\n|-heal|p2a: Rillaboom|73\/100|[from] Grassy Terrain\n|-heal|p1a: Corviknight|95\/100|[from] item: Leftovers\n|upkeep\n|turn|8\n|\n|t:|1699869780\n|switch|p2a: Torkoal|Torkoal, M|66\/100\n|-weather|SunnyDay|[from] ability: Drought|[of] p2a: Torkoal\n|move|p1a: Corviknight|Brave Bird|p2a: Torkoal\n|-damage|p2a: Torkoal|39\/100\n|-damage|p1a: Corviknight|88\/100|[from] Recoil\n|\n|-weather|SunnyDay|[upkeep]\n|-heal|p1a: Corviknight|94\/100|[from] item: Leftovers\n|-heal|p2a: Torkoal|45\/100|[from] Grassy Terrain\n|upkeep\n|turn|9\n|\n|t:|1699869792\n|move|p1a: Corviknight|Brave Bird|p2a: Torkoal\n|-damage|p2a: Torkoal|20\/100\n|-damage|p1a: Corviknight|87\/100|[from] Recoil\n|move|p2a: Torkoal|Will-O-Wisp|p1a: Corviknight\n|-status|p1a: Corviknight|brn\n|\n|-weather|SunnyDay|[upkeep]\n|-heal|p1a: Corviknight|93\/100 brn|[from] item: Leftovers\n|-heal|p2a: Torkoal|26\/100|[from] Grassy Terrain\n|-damage|p1a: Corviknight|87\/100 brn|[from] brn\n|upkeep\n|turn|10\n|\n|t:|1699869803\n|move|p1a: Corviknight|Brave Bird|p2a: Torkoal\n|-damage|p2a: Torkoal|13\/100\n|-damage|p1a: Corviknight|83\/100 brn|[from] Recoil\n|move|p2a: Torkoal|Stealth Rock|p1a: Corviknight\n|-sidestart|p1: jacobo32|move: Stealth Rock\n|\n|-weather|SunnyDay|[upkeep]\n|-heal|p1a: Corviknight|89\/100 brn|[from] item: Leftovers\n|-heal|p2a: Torkoal|19\/100|[from] Grassy Terrain\n|-damage|p1a: Corviknight|83\/100 brn|[from] brn\n|-fieldend|move: Grassy Terrain\n|upkeep\n|turn|11\n|\n|t:|1699869817\n|switch|p2a: Iron Moth|Iron Moth|100\/100\n|move|p1a: Corviknight|Brave Bird|p2a: Iron Moth\n|-damage|p2a: Iron Moth|67\/100\n|-damage|p1a: Corviknight|75\/100 brn|[from] Recoil\n|\n|-weather|SunnyDay|[upkeep]\n|-heal|p1a: Corviknight|81\/100 brn|[from] item: Leftovers\n|-damage|p1a: Corviknight|75\/100 brn|[from] brn\n|upkeep\n|turn|12\n|\n|t:|1699869829\n|move|p2a: Iron Moth|Discharge|p1a: Corviknight\n|-supereffective|p1a: Corviknight\n|-damage|p1a: Corviknight|23\/100 brn\n|move|p1a: Corviknight|U-turn|p2a: Iron Moth\n|-resisted|p2a: Iron Moth\n|-damage|p2a: Iron Moth|64\/100\n|\n|t:|1699869837\n|switch|p1a: Barraskewda|Barraskewda, F|100\/100|[from] U-turn\n|-damage|p1a: Barraskewda|88\/100|[from] Stealth Rock\n|\n|-weather|none\n|upkeep\n|turn|13\n|\n|t:|1699869855\n|-end|p2a: Iron Moth|Quark Drive|[silent]\n|switch|p2a: Torkoal|Torkoal, M|19\/100\n|-weather|SunnyDay|[from] ability: Drought|[of] p2a: Torkoal\n|move|p1a: Barraskewda|Close Combat|p2a: Torkoal\n|-damage|p2a: Torkoal|0 fnt\n|-unboost|p1a: Barraskewda|def|1\n|-unboost|p1a: Barraskewda|spd|1\n|faint|p2a: Torkoal\n|\n|-weather|SunnyDay|[upkeep]\n|upkeep\n|\n|t:|1699869867\n|switch|p2a: Rillaboom|Rillaboom, F, tera:Grass|73\/100\n|-fieldstart|move: Grassy Terrain|[from] ability: Grassy Surge|[of] p2a: Rillaboom\n|turn|14\n|\n|t:|1699869876\n|move|p1a: Barraskewda|Close Combat|p2a: Rillaboom\n|-damage|p2a: Rillaboom|5\/100\n|-unboost|p1a: Barraskewda|def|1\n|-unboost|p1a: Barraskewda|spd|1\n|move|p2a: Rillaboom|Drum Beating|p1a: Barraskewda\n|-supereffective|p1a: Barraskewda\n|-damage|p1a: Barraskewda|0 fnt\n|faint|p1a: Barraskewda\n|\n|-weather|SunnyDay|[upkeep]\n|-heal|p2a: Rillaboom|11\/100|[from] Grassy Terrain\n|upkeep\n|\n|t:|1699869888\n|switch|p1a: Corviknight|Corviknight, F|23\/100 brn\n|-damage|p1a: Corviknight|11\/100 brn|[from] Stealth Rock\n|-ability|p1a: Corviknight|Pressure\n|turn|15\n|\n|t:|1699869893\n|move|p2a: Rillaboom|Grassy Glide|p1a: Corviknight\n|-resisted|p1a: Corviknight\n|-damage|p1a: Corviknight|2\/100 brn\n|move|p1a: Corviknight|Roost|p1a: Corviknight\n|-heal|p1a: Corviknight|52\/100 brn\n|-singleturn|p1a: Corviknight|move: Roost\n|\n|-weather|SunnyDay|[upkeep]\n|-heal|p2a: Rillaboom|17\/100|[from] Grassy Terrain\n|-heal|p1a: Corviknight|58\/100 brn|[from] Grassy Terrain\n|-heal|p1a: Corviknight|64\/100 brn|[from] item: Leftovers\n|-damage|p1a: Corviknight|58\/100 brn|[from] brn\n|upkeep\n|turn|16\n|\n|t:|1699869903\n|switch|p2a: Iron Moth|Iron Moth|64\/100\n|move|p1a: Corviknight|Brave Bird|p2a: Iron Moth\n|-damage|p2a: Iron Moth|35\/100\n|-damage|p1a: Corviknight|51\/100 brn|[from] Recoil\n|\n|-weather|SunnyDay|[upkeep]\n|-heal|p2a: Iron Moth|41\/100|[from] Grassy Terrain\n|-heal|p1a: Corviknight|57\/100 brn|[from] item: Leftovers\n|-damage|p1a: Corviknight|51\/100 brn|[from] brn\n|upkeep\n|turn|17\n|\n|t:|1699869911\n|move|p2a: Iron Moth|Fiery Dance|p1a: Corviknight\n|-supereffective|p1a: Corviknight\n|-damage|p1a: Corviknight|0 fnt\n|-boost|p2a: Iron Moth|spa|1\n|faint|p1a: Corviknight\n|\n|-weather|none\n|-heal|p2a: Iron Moth|47\/100|[from] Grassy Terrain\n|upkeep\n|\n|t:|1699869916\n|switch|p1a: Rotom|Rotom-Wash|100\/100\n|-damage|p1a: Rotom|88\/100|[from] Stealth Rock\n|turn|18\n|\n|t:|1699869946\n|move|p1a: Rotom|Hydro Pump|p2a: Iron Moth\n|-supereffective|p2a: Iron Moth\n|-damage|p2a: Iron Moth|0 fnt\n|faint|p2a: Iron Moth\n|-end|p2a: Iron Moth|Quark Drive|[silent]\n|\n|-fieldend|move: Grassy Terrain\n|upkeep\n|\n|t:|1699869952\n|switch|p2a: Rillaboom|Rillaboom, F, tera:Grass|17\/100\n|-fieldstart|move: Grassy Terrain|[from] ability: Grassy Surge|[of] p2a: Rillaboom\n|turn|19\n|\n|t:|1699869959\n|move|p2a: Rillaboom|Grassy Glide|p1a: Rotom\n|-supereffective|p1a: Rotom\n|-damage|p1a: Rotom|0 fnt\n|faint|p1a: Rotom\n|\n|-heal|p2a: Rillaboom|24\/100|[from] Grassy Terrain\n|upkeep\n|\n|t:|1699869966\n|switch|p1a: Clodsire|Clodsire, F|100\/100\n|-damage|p1a: Clodsire|94\/100|[from] Stealth Rock\n|turn|20\n|\n|t:|1699869972\n|move|p2a: Rillaboom|Drum Beating|p1a: Clodsire\n|-damage|p1a: Clodsire|0 fnt\n|faint|p1a: Clodsire\n|\n|-heal|p2a: Rillaboom|30\/100|[from] Grassy Terrain\n|upkeep\n|\n|t:|1699869985\n|switch|p1a: Greninja|Greninja, M|12\/100\n|-damage|p1a: Greninja|0 fnt|[from] Stealth Rock\n|faint|p1a: Greninja\n|\n|win|veasters\n|raw|jacobo32's rating: 1046 &rarr; <strong>1029<\/strong><br \/>(-17 for losing)\n|raw|veasters's rating: 1041 &rarr; <strong>1075<\/strong><br \/>(+34 for winning)\n|l|\u2606jacobo32\n","uploadtime":1699869992,"views":9,"p1id":"jacobo32","p2id":"veasters","formatid":"gen9ou","rating":1029,"private":0,"password":""}