{"id":"gen9ou-1991655011","p1":"MfxxkingReal","p2":"punkmag","format":"[Gen 9] OU","log":"|j|\u2606MfxxkingReal\n|j|\u2606punkmag\n|t:|1700098999\n|gametype|singles\n|player|p1|MfxxkingReal|2|1406\n|player|p2|punkmag|waitress-gen4|1338\n|teamsize|p1|6\n|teamsize|p2|6\n|gen|9\n|tier|[Gen 9] OU\n|rated|\n|rule|Sleep Clause Mod: Limit one foe put to sleep\n|rule|Species Clause: Limit one of each Pok\u00e9mon\n|rule|OHKO Clause: OHKO moves are banned\n|rule|Evasion Items Clause: Evasion items are banned\n|rule|Evasion Moves Clause: Evasion moves are banned\n|rule|Endless Battle Clause: Forcing endless battles is banned\n|rule|HP Percentage Mod: HP is shown in percentages\n|clearpoke\n|poke|p1|Dragapult, M|\n|poke|p1|Sneasler, M|\n|poke|p1|Garganacl, M|\n|poke|p1|Corviknight, F|\n|poke|p1|Great Tusk|\n|poke|p1|Heatran, M|\n|poke|p2|Dragapult, F|\n|poke|p2|Garchomp, M|\n|poke|p2|Regidrago|\n|poke|p2|Alomomola, M|\n|poke|p2|Corviknight, M|\n|poke|p2|Hoopa|\n|teampreview\n|inactive|Battle timer is ON: inactive players will automatically lose when time's up. (requested by punkmag)\n|\n|t:|1700099013\n|start\n|switch|p1a: Heatran|Heatran, M|100\/100\n|switch|p2a: Hoopa|Hoopa|100\/100\n|-item|p1a: Heatran|Air Balloon\n|turn|1\n|\n|t:|1700099022\n|switch|p2a: Alomomola|Alomomola, M|100\/100\n|move|p1a: Heatran|Magma Storm|p2a: Alomomola\n|-resisted|p2a: Alomomola\n|-damage|p2a: Alomomola|75\/100\n|-activate|p2a: Alomomola|move: Magma Storm|[of] p1a: Heatran\n|\n|-damage|p2a: Alomomola|62\/100|[from] move: Magma Storm|[partiallytrapped]\n|upkeep\n|turn|2\n|\n|t:|1700099032\n|move|p1a: Heatran|Taunt|p2a: Alomomola\n|-start|p2a: Alomomola|move: Taunt\n|cant|p2a: Alomomola|move: Taunt|Wish\n|\n|-damage|p2a: Alomomola|50\/100|[from] move: Magma Storm|[partiallytrapped]\n|upkeep\n|turn|3\n|\n|t:|1700099038\n|switch|p1a: Corviknight|Corviknight, F|100\/100\n|move|p2a: Alomomola|Flip Turn|p1a: Corviknight\n|-damage|p1a: Corviknight|89\/100\n|-damage|p2a: Alomomola|33\/100|[from] item: Rocky Helmet|[of] p1a: Corviknight\n|\n|t:|1700099052\n|switch|p2a: Garchomp|Garchomp, M|100\/100|[from] Flip Turn\n|\n|upkeep\n|turn|4\n|\n|t:|1700099061\n|switch|p1a: Heatran|Heatran, M|100\/100\n|-item|p1a: Heatran|Air Balloon\n|move|p2a: Garchomp|Stealth Rock|p1a: Heatran\n|-sidestart|p1: MfxxkingReal|move: Stealth Rock\n|\n|upkeep\n|turn|5\n|\n|t:|1700099071\n|move|p2a: Garchomp|Dragon Claw|p1a: Heatran\n|-resisted|p1a: Heatran\n|-damage|p1a: Heatran|84\/100\n|-enditem|p1a: Heatran|Air Balloon\n|move|p1a: Heatran|Magma Storm|p2a: Garchomp\n|-resisted|p2a: Garchomp\n|-damage|p2a: Garchomp|78\/100\n|-activate|p2a: Garchomp|move: Magma Storm|[of] p1a: Heatran\n|\n|-damage|p2a: Garchomp|66\/100|[from] move: Magma Storm|[partiallytrapped]\n|upkeep\n|turn|6\n|\n|t:|1700099081\n|switch|p1a: Corviknight|Corviknight, F|89\/100\n|-damage|p1a: Corviknight|77\/100|[from] Stealth Rock\n|move|p2a: Garchomp|Earthquake|p1a: Corviknight\n|-immune|p1a: Corviknight\n|\n|-end|p2a: Garchomp|Magma Storm|[partiallytrapped]|[silent]\n|upkeep\n|turn|7\n|\n|t:|1700099088\n|switch|p2a: Alomomola|Alomomola, M|67\/100\n|switch|p1a: Great Tusk|Great Tusk|100\/100\n|-damage|p1a: Great Tusk|98\/100|[from] Stealth Rock\n|\n|-heal|p1a: Great Tusk|100\/100|[from] item: Leftovers\n|upkeep\n|turn|8\n|\n|t:|1700099099\n|move|p1a: Great Tusk|Knock Off|p2a: Alomomola\n|-damage|p2a: Alomomola|49\/100\n|-enditem|p2a: Alomomola|Heavy-Duty Boots|[from] move: Knock Off|[of] p1a: Great Tusk\n|move|p2a: Alomomola|Wish|p2a: Alomomola\n|\n|upkeep\n|turn|9\n|\n|t:|1700099104\n|move|p1a: Great Tusk|Close Combat|p2a: Alomomola\n|-damage|p2a: Alomomola|15\/100\n|-unboost|p1a: Great Tusk|def|1\n|-unboost|p1a: Great Tusk|spd|1\n|move|p2a: Alomomola|Chilling Water|p1a: Great Tusk\n|-supereffective|p1a: Great Tusk\n|-damage|p1a: Great Tusk|58\/100\n|-unboost|p1a: Great Tusk|atk|1\n|\n|-heal|p2a: Alomomola|65\/100|[from] move: Wish|[wisher] Alomomola\n|-heal|p1a: Great Tusk|64\/100|[from] item: Leftovers\n|upkeep\n|turn|10\n|\n|t:|1700099116\n|move|p1a: Great Tusk|Rapid Spin|p2a: Alomomola\n|-damage|p2a: Alomomola|59\/100\n|-boost|p1a: Great Tusk|spe|1\n|-sideend|p1: MfxxkingReal|Stealth Rock|[from] move: Rapid Spin|[of] p1a: Great Tusk\n|move|p2a: Alomomola|Chilling Water|p1a: Great Tusk\n|-supereffective|p1a: Great Tusk\n|-damage|p1a: Great Tusk|22\/100\n|-unboost|p1a: Great Tusk|atk|1\n|\n|-heal|p1a: Great Tusk|29\/100|[from] item: Leftovers\n|upkeep\n|turn|11\n|\n|t:|1700099125\n|-end|p1a: Great Tusk|Protosynthesis|[silent]\n|switch|p1a: Dragapult|Dragapult, M|100\/100\n|move|p2a: Alomomola|Flip Turn|p1a: Dragapult\n|-resisted|p1a: Dragapult\n|-damage|p1a: Dragapult|90\/100\n|\n|t:|1700099144\n|switch|p2a: Corviknight|Corviknight, M|100\/100|[from] Flip Turn\n|-ability|p2a: Corviknight|Pressure\n|\n|-heal|p1a: Dragapult|96\/100|[from] item: Leftovers\n|upkeep\n|turn|12\n|\n|t:|1700099152\n|move|p1a: Dragapult|Thunder Wave|p2a: Corviknight|[miss]\n|-miss|p1a: Dragapult|p2a: Corviknight\n|move|p2a: Corviknight|U-turn|p1a: Dragapult\n|-resisted|p1a: Dragapult\n|-damage|p1a: Dragapult|86\/100\n|\n|t:|1700099172\n|switch|p2a: Regidrago|Regidrago|100\/100|[from] U-turn\n|\n|-heal|p1a: Dragapult|92\/100|[from] item: Leftovers\n|upkeep\n|turn|13\n|inactive|punkmag has 120 seconds left.\n|\n|t:|1700099196\n|switch|p2a: Corviknight|Corviknight, M|100\/100\n|-ability|p2a: Corviknight|Pressure\n|-terastallize|p1a: Dragapult|Fairy\n|move|p1a: Dragapult|Thunder Wave|p2a: Corviknight\n|-status|p2a: Corviknight|par\n|\n|-heal|p1a: Dragapult|98\/100|[from] item: Leftovers\n|upkeep\n|turn|14\n|inactive|punkmag has 120 seconds left.\n|\n|t:|1700099206\n|move|p1a: Dragapult|Substitute|p1a: Dragapult\n|-start|p1a: Dragapult|Substitute\n|-damage|p1a: Dragapult|73\/100\n|move|p2a: Corviknight|U-turn|p1a: Dragapult\n|-resisted|p1a: Dragapult\n|-activate|p1a: Dragapult|move: Substitute|[damage]\n|inactive|punkmag has 120 seconds left.\n|\n|t:|1700099239\n|switch|p2a: Alomomola|Alomomola, M|92\/100|[from] U-turn\n|\n|-heal|p1a: Dragapult|79\/100|[from] item: Leftovers\n|upkeep\n|turn|15\n|\n|t:|1700099247\n|move|p1a: Dragapult|Thunder Wave|p2a: Alomomola\n|-status|p2a: Alomomola|par\n|cant|p2a: Alomomola|par\n|\n|-heal|p1a: Dragapult|85\/100|[from] item: Leftovers\n|upkeep\n|turn|16\n|\n|t:|1700099253\n|move|p1a: Dragapult|Hex|p2a: Alomomola\n|-damage|p2a: Alomomola|21\/100 par\n|move|p2a: Alomomola|Flip Turn|p1a: Dragapult\n|-end|p1a: Dragapult|Substitute\n|inactive|punkmag has 90 seconds left.\n|\n|t:|1700099283\n|switch|p2a: Regidrago|Regidrago|100\/100|[from] Flip Turn\n|\n|-heal|p1a: Dragapult|91\/100|[from] item: Leftovers\n|upkeep\n|turn|17\n|inactive|punkmag has 90 seconds left.\n|inactive|MfxxkingReal has 120 seconds left.\n|\n|t:|1700099314\n|-terastallize|p2a: Regidrago|Steel\n|move|p1a: Dragapult|Substitute|p1a: Dragapult\n|-start|p1a: Dragapult|Substitute\n|-damage|p1a: Dragapult|66\/100\n|move|p2a: Regidrago|Tera Blast|p1a: Dragapult|[anim] Tera Blast Steel\n|-supereffective|p1a: Dragapult\n|-end|p1a: Dragapult|Substitute\n|\n|-heal|p1a: Dragapult|72\/100|[from] item: Leftovers\n|upkeep\n|turn|18\n|\n|t:|1700099322\n|switch|p1a: Heatran|Heatran, M|84\/100\n|move|p2a: Regidrago|Tera Blast|p1a: Heatran|[anim] Tera Blast Steel\n|-resisted|p1a: Heatran\n|-damage|p1a: Heatran|72\/100\n|\n|upkeep\n|turn|19\n|\n|t:|1700099335\n|switch|p2a: Alomomola|Alomomola, M|54\/100 par\n|move|p1a: Heatran|Magma Storm|p2a: Alomomola\n|-resisted|p2a: Alomomola\n|-damage|p2a: Alomomola|27\/100 par\n|-activate|p2a: Alomomola|move: Magma Storm|[of] p1a: Heatran\n|\n|-damage|p2a: Alomomola|14\/100 par|[from] move: Magma Storm|[partiallytrapped]\n|upkeep\n|turn|20\n|\n|t:|1700099345\n|move|p1a: Heatran|Earth Power|p2a: Alomomola\n|-damage|p2a: Alomomola|0 fnt\n|faint|p2a: Alomomola\n|\n|upkeep\n|inactive|punkmag has 90 seconds left.\n|\n|t:|1700099369\n|switch|p2a: Dragapult|Dragapult, F|100\/100\n|turn|21\n|\n|t:|1700099389\n|move|p2a: Dragapult|Shadow Ball|p1a: Heatran\n|-crit|p1a: Heatran\n|-damage|p1a: Heatran|0 fnt\n|faint|p1a: Heatran\n|\n|upkeep\n|\n|t:|1700099393\n|switch|p1a: Garganacl|Garganacl, M|100\/100\n|turn|22\n|\n|t:|1700099397\n|switch|p2a: Hoopa|Hoopa|100\/100\n|move|p1a: Garganacl|Salt Cure|p2a: Hoopa\n|-damage|p2a: Hoopa|75\/100\n|-start|p2a: Hoopa|Salt Cure\n|\n|-damage|p2a: Hoopa|63\/100|[from] Salt Cure\n|upkeep\n|turn|23\n|\n|t:|1700099411\n|switch|p1a: Great Tusk|Great Tusk|29\/100\n|move|p2a: Hoopa|Trick|p1a: Great Tusk\n|-activate|p2a: Hoopa|move: Trick|[of] p1a: Great Tusk\n|-item|p1a: Great Tusk|Choice Scarf|[from] move: Trick\n|-item|p2a: Hoopa|Leftovers|[from] move: Trick\n|\n|-heal|p2a: Hoopa|69\/100|[from] item: Leftovers\n|-damage|p2a: Hoopa|57\/100|[from] Salt Cure\n|upkeep\n|turn|24\n|\n|t:|1700099420\n|switch|p2a: Corviknight|Corviknight, M|100\/100 par\n|-ability|p2a: Corviknight|Pressure\n|move|p1a: Great Tusk|Knock Off|p2a: Corviknight\n|-damage|p2a: Corviknight|79\/100 par\n|-damage|p1a: Great Tusk|12\/100|[from] item: Rocky Helmet|[of] p2a: Corviknight\n|-enditem|p2a: Corviknight|Rocky Helmet|[from] move: Knock Off|[of] p1a: Great Tusk\n|\n|upkeep\n|turn|25\n|inactive|punkmag has 120 seconds left.\n|\n|t:|1700099429\n|-end|p1a: Great Tusk|Protosynthesis|[silent]\n|switch|p1a: Garganacl|Garganacl, M|100\/100\n|move|p2a: Corviknight|U-turn|p1a: Garganacl\n|-damage|p1a: Garganacl|91\/100\n|inactive|punkmag has 120 seconds left.\n|\n|t:|1700099440\n|switch|p2a: Regidrago|Regidrago, tera:Steel|100\/100|[from] U-turn\n|\n|-heal|p1a: Garganacl|97\/100|[from] item: Leftovers\n|upkeep\n|turn|26\n|inactive|punkmag has 120 seconds left.\n|\n|t:|1700099448\n|switch|p1a: Great Tusk|Great Tusk|12\/100\n|move|p2a: Regidrago|Tera Blast|p1a: Great Tusk|[anim] Tera Blast Steel\n|-damage|p1a: Great Tusk|0 fnt\n|faint|p1a: Great Tusk\n|-end|p1a: Great Tusk|Protosynthesis|[silent]\n|\n|upkeep\n|\n|t:|1700099451\n|switch|p1a: Sneasler|Sneasler, M|100\/100\n|turn|27\n|inactive|punkmag has 120 seconds left.\n|\n|t:|1700099466\n|switch|p2a: Corviknight|Corviknight, M|79\/100 par\n|-ability|p2a: Corviknight|Pressure\n|move|p1a: Sneasler|Close Combat|p2a: Corviknight\n|-damage|p2a: Corviknight|42\/100 par\n|-unboost|p1a: Sneasler|def|1\n|-unboost|p1a: Sneasler|spd|1\n|-enditem|p1a: Sneasler|White Herb\n|-clearnegativeboost|p1a: Sneasler|[silent]\n|\n|upkeep\n|turn|28\n|inactive|punkmag has 120 seconds left.\n|\n|t:|1700099477\n|move|p1a: Sneasler|Close Combat|p2a: Corviknight\n|-damage|p2a: Corviknight|7\/100 par\n|-unboost|p1a: Sneasler|def|1\n|-unboost|p1a: Sneasler|spd|1\n|move|p2a: Corviknight|Roost|p2a: Corviknight\n|-heal|p2a: Corviknight|57\/100 par\n|-singleturn|p2a: Corviknight|move: Roost\n|\n|upkeep\n|turn|29\n|\n|t:|1700099486\n|switch|p1a: Garganacl|Garganacl, M|97\/100\n|move|p2a: Corviknight|Brave Bird|p1a: Garganacl\n|-resisted|p1a: Garganacl\n|-damage|p1a: Garganacl|85\/100\n|-damage|p2a: Corviknight|53\/100 par|[from] Recoil\n|\n|-heal|p1a: Garganacl|91\/100|[from] item: Leftovers\n|upkeep\n|turn|30\n|\n|t:|1700099497\n|move|p1a: Garganacl|Curse|p1a: Garganacl\n|-unboost|p1a: Garganacl|spe|1\n|-boost|p1a: Garganacl|atk|1\n|-boost|p1a: Garganacl|def|1\n|move|p2a: Corviknight|Roost|p2a: Corviknight\n|-heal|p2a: Corviknight|100\/100 par\n|-singleturn|p2a: Corviknight|move: Roost\n|\n|-heal|p1a: Garganacl|97\/100|[from] item: Leftovers\n|upkeep\n|turn|31\n|\n|t:|1700099508\n|switch|p2a: Hoopa|Hoopa|57\/100\n|move|p1a: Garganacl|Salt Cure|p2a: Hoopa\n|-damage|p2a: Hoopa|18\/100\n|-start|p2a: Hoopa|Salt Cure\n|\n|-heal|p2a: Hoopa|24\/100|[from] item: Leftovers\n|-heal|p1a: Garganacl|100\/100|[from] item: Leftovers\n|-damage|p2a: Hoopa|12\/100|[from] Salt Cure\n|upkeep\n|turn|32\n|inactive|punkmag has 120 seconds left.\n|\n|t:|1700099529\n|move|p2a: Hoopa|Destiny Bond|p2a: Hoopa\n|-singlemove|p2a: Hoopa|Destiny Bond\n|move|p1a: Garganacl|Salt Cure|p2a: Hoopa\n|-damage|p2a: Hoopa|0 fnt\n|faint|p2a: Hoopa\n|-activate|p2a: Hoopa|move: Destiny Bond\n|faint|p1a: Garganacl\n|\n|upkeep\n|inactive|punkmag has 120 seconds left.\n|\n|t:|1700099545\n|switch|p2a: Regidrago|Regidrago, tera:Steel|100\/100\n|switch|p1a: Dragapult|Dragapult, M, tera:Fairy|72\/100\n|turn|33\n|\n|t:|1700099551\n|move|p1a: Dragapult|Thunder Wave|p2a: Regidrago\n|-status|p2a: Regidrago|par\n|move|p2a: Regidrago|Tera Blast|p1a: Dragapult|[anim] Tera Blast Steel\n|-supereffective|p1a: Dragapult\n|-damage|p1a: Dragapult|0 fnt\n|faint|p1a: Dragapult\n|\n|upkeep\n|\n|t:|1700099554\n|switch|p1a: Sneasler|Sneasler, M|100\/100\n|turn|34\n|\n|t:|1700099563\n|move|p1a: Sneasler|Swords Dance|p1a: Sneasler\n|-boost|p1a: Sneasler|atk|2\n|move|p2a: Regidrago|Tera Blast|p1a: Sneasler|[anim] Tera Blast Steel\n|-damage|p1a: Sneasler|16\/100\n|\n|upkeep\n|turn|35\n|\n|t:|1700099569\n|move|p1a: Sneasler|Close Combat|p2a: Regidrago\n|-supereffective|p2a: Regidrago\n|-damage|p2a: Regidrago|0 fnt\n|-unboost|p1a: Sneasler|def|1\n|-unboost|p1a: Sneasler|spd|1\n|faint|p2a: Regidrago\n|\n|upkeep\n|inactive|punkmag has 120 seconds left.\n|\n|t:|1700099588\n|switch|p2a: Corviknight|Corviknight, M|100\/100 par\n|-ability|p2a: Corviknight|Pressure\n|turn|36\n|\n|t:|1700099600\n|move|p1a: Sneasler|Close Combat|p2a: Corviknight\n|-damage|p2a: Corviknight|27\/100 par\n|-unboost|p1a: Sneasler|def|1\n|-unboost|p1a: Sneasler|spd|1\n|move|p2a: Corviknight|Brave Bird|p1a: Sneasler\n|-supereffective|p1a: Sneasler\n|-damage|p1a: Sneasler|0 fnt\n|faint|p1a: Sneasler\n|-damage|p2a: Corviknight|23\/100 par|[from] Recoil\n|\n|upkeep\n|\n|t:|1700099603\n|switch|p1a: Corviknight|Corviknight, F|77\/100\n|turn|37\n|\n|t:|1700099616\n|move|p1a: Corviknight|Bulk Up|p1a: Corviknight\n|-boost|p1a: Corviknight|atk|1\n|-boost|p1a: Corviknight|def|1\n|move|p2a: Corviknight|U-turn|p1a: Corviknight\n|-resisted|p1a: Corviknight\n|-damage|p1a: Corviknight|75\/100\n|-damage|p2a: Corviknight|6\/100 par|[from] item: Rocky Helmet|[of] p1a: Corviknight\n|\n|t:|1700099622\n|switch|p2a: Dragapult|Dragapult, F|100\/100|[from] U-turn\n|\n|upkeep\n|turn|38\n|\n|t:|1700099626\n|move|p2a: Dragapult|Thunderbolt|p1a: Corviknight\n|-supereffective|p1a: Corviknight\n|-damage|p1a: Corviknight|8\/100\n|move|p1a: Corviknight|Roost|p1a: Corviknight\n|-heal|p1a: Corviknight|58\/100\n|-singleturn|p1a: Corviknight|move: Roost\n|\n|upkeep\n|turn|39\n|-message|MfxxkingReal forfeited.\n|\n|win|punkmag\n|raw|MfxxkingReal's rating: 1406 &rarr; <strong>1382<\/strong><br \/>(-24 for losing)\n|raw|punkmag's rating: 1338 &rarr; <strong>1362<\/strong><br \/>(+24 for winning)\n|l|\u2606MfxxkingReal\n","uploadtime":1700099637,"views":7,"p1id":"mfxxkingreal","p2id":"punkmag","formatid":"gen9ou","rating":1362,"private":0,"password":""}