{"id":"gen9ou-1994155711","p1":"VanhominTesting","p2":"NamPhysics","format":"[Gen 9] OU","log":"|j|\u2606VanhominTesting\n|j|\u2606NamPhysics\n|t:|1700413340\n|gametype|singles\n|player|p1|VanhominTesting|scientist-gen4|1107\n|player|p2|NamPhysics|gentleman-gen4|1096\n|teamsize|p1|6\n|teamsize|p2|6\n|gen|9\n|tier|[Gen 9] OU\n|rated|\n|rule|Sleep Clause Mod: Limit one foe put to sleep\n|rule|Species Clause: Limit one of each Pok\u00e9mon\n|rule|OHKO Clause: OHKO moves are banned\n|rule|Evasion Items Clause: Evasion items are banned\n|rule|Evasion Moves Clause: Evasion moves are banned\n|rule|Endless Battle Clause: Forcing endless battles is banned\n|rule|HP Percentage Mod: HP is shown in percentages\n|clearpoke\n|poke|p1|Zapdos|\n|poke|p1|Glimmora, M|\n|poke|p1|Garganacl, F|\n|poke|p1|Kommo-o, M|\n|poke|p1|Toxapex, F|\n|poke|p1|Ditto|\n|poke|p2|Kingambit, M|\n|poke|p2|Polteageist|\n|poke|p2|Greninja-*, M|\n|poke|p2|Meowscarada, F|\n|poke|p2|Garganacl, M|\n|poke|p2|Cinderace, M|\n|teampreview\n|inactive|Battle timer is ON: inactive players will automatically lose when time's up. (requested by VanhominTesting)\n|inactive|NamPhysics also wants the timer to be on.\n|\n|t:|1700413356\n|start\n|switch|p1a: Glimmora|Glimmora, M|100\/100\n|switch|p2a: Meowscarada|Meowscarada, F, shiny|100\/100\n|turn|1\n|\n|t:|1700413364\n|move|p2a: Meowscarada|U-turn|p1a: Glimmora\n|-start|p2a: Meowscarada|typechange|Bug|[from] ability: Protean\n|-resisted|p1a: Glimmora\n|-damage|p1a: Glimmora|78\/100\n|-activate|p1a: Glimmora|ability: Toxic Debris\n|-sidestart|p2: NamPhysics|move: Toxic Spikes\n|\n|t:|1700413367\n|switch|p2a: Garganacl|Garganacl, M, shiny|100\/100|[from] U-turn\n|move|p1a: Glimmora|Light Screen|p1a: Glimmora\n|-sidestart|p1: VanhominTesting|move: Light Screen\n|\n|upkeep\n|turn|2\n|\n|t:|1700413394\n|switch|p1a: Kommo-o|Kommo-o, M|100\/100\n|move|p2a: Garganacl|Salt Cure|p1a: Kommo-o\n|-resisted|p1a: Kommo-o\n|-damage|p1a: Kommo-o|94\/100\n|-start|p1a: Kommo-o|Salt Cure\n|\n|-damage|p1a: Kommo-o|82\/100|[from] Salt Cure\n|upkeep\n|turn|3\n|\n|t:|1700413400\n|move|p1a: Kommo-o|Clangorous Soul|p1a: Kommo-o\n|-boost|p1a: Kommo-o|atk|1\n|-boost|p1a: Kommo-o|def|1\n|-boost|p1a: Kommo-o|spa|1\n|-boost|p1a: Kommo-o|spd|1\n|-boost|p1a: Kommo-o|spe|1\n|-damage|p1a: Kommo-o|49\/100\n|-enditem|p1a: Kommo-o|Throat Spray\n|-boost|p1a: Kommo-o|spa|1|[from] item: Throat Spray\n|move|p2a: Garganacl|Iron Defense|p2a: Garganacl\n|-boost|p2a: Garganacl|def|2\n|\n|-damage|p1a: Kommo-o|37\/100|[from] Salt Cure\n|upkeep\n|turn|4\n|\n|t:|1700413404\n|move|p1a: Kommo-o|Clanging Scales|p2a: Garganacl\n|-damage|p2a: Garganacl|18\/100\n|-unboost|p1a: Kommo-o|def|1\n|move|p2a: Garganacl|Iron Defense|p2a: Garganacl\n|-boost|p2a: Garganacl|def|2\n|\n|-heal|p2a: Garganacl|24\/100|[from] item: Leftovers\n|-damage|p1a: Kommo-o|24\/100|[from] Salt Cure\n|upkeep\n|turn|5\n|\n|t:|1700413409\n|move|p1a: Kommo-o|Clanging Scales|p2a: Garganacl\n|-damage|p2a: Garganacl|0 fnt\n|faint|p2a: Garganacl\n|-unboost|p1a: Kommo-o|def|1\n|\n|-damage|p1a: Kommo-o|12\/100|[from] Salt Cure\n|upkeep\n|\n|t:|1700413412\n|switch|p2a: Greninja|Greninja, M|100\/100\n|-status|p2a: Greninja|psn\n|turn|6\n|\n|t:|1700413419\n|move|p2a: Greninja|Water Shuriken|p1a: Kommo-o\n|-resisted|p1a: Kommo-o\n|-damage|p1a: Kommo-o|10\/100\n|-resisted|p1a: Kommo-o\n|-damage|p1a: Kommo-o|8\/100\n|-resisted|p1a: Kommo-o\n|-damage|p1a: Kommo-o|7\/100\n|-hitcount|p1a: Kommo-o|3\n|-damage|p2a: Greninja|91\/100 psn|[from] item: Life Orb\n|move|p1a: Kommo-o|Boomburst|p2a: Greninja\n|-damage|p2a: Greninja|0 fnt\n|faint|p2a: Greninja\n|\n|-damage|p1a: Kommo-o|0 fnt|[from] Salt Cure\n|faint|p1a: Kommo-o\n|upkeep\n|l|\u2606NamPhysics\n|inactive|NamPhysics disconnected and has a minute to reconnect!\n|player|p2|\n|inactive|NamPhysics has 30 seconds to reconnect!\n|inactive|NamPhysics has 20 seconds to reconnect!\n|inactive|NamPhysics has 15 seconds to reconnect!\n|inactive|NamPhysics has 10 seconds to reconnect!\n|inactive|NamPhysics has 5 seconds to reconnect!\n|-message|NamPhysics lost due to inactivity.\n|\n|win|VanhominTesting\n|raw|VanhominTesting's rating: 1107 &rarr; <strong>1131<\/strong><br \/>(+24 for winning)\n|raw|NamPhysics's rating: 1096 &rarr; <strong>1072<\/strong><br \/>(-24 for losing)\n","uploadtime":1700413492,"views":11,"p1id":"vanhomintesting","p2id":"namphysics","formatid":"gen9ou","rating":1072,"private":0,"password":""}