{"id":"gen9ou-1994700130","p1":"OUVT Zamorakism","p2":"310YM4N74N3R0","format":"[Gen 9] OU","log":"|j|\u2606OUVT Zamorakism\n|j|\u2606310YM4N74N3R0\n|t:|1700482912\n|gametype|singles\n|player|p1|OUVT Zamorakism|archer|1838\n|player|p2|310YM4N74N3R0|pokemonrangerf|1712\n|teamsize|p1|6\n|teamsize|p2|6\n|gen|9\n|tier|[Gen 9] OU\n|rated|\n|rule|Sleep Clause Mod: Limit one foe put to sleep\n|rule|Species Clause: Limit one of each Pok\u00e9mon\n|rule|OHKO Clause: OHKO moves are banned\n|rule|Evasion Items Clause: Evasion items are banned\n|rule|Evasion Moves Clause: Evasion moves are banned\n|rule|Endless Battle Clause: Forcing endless battles is banned\n|rule|HP Percentage Mod: HP is shown in percentages\n|clearpoke\n|poke|p1|Amoonguss, M|\n|poke|p1|Alomomola, F|\n|poke|p1|Cinderace, M|\n|poke|p1|Ogerpon-Wellspring, F|\n|poke|p1|Dondozo, M|\n|poke|p1|Ting-Lu|\n|poke|p2|Clodsire, M|\n|poke|p2|Thundurus-Therian, M|\n|poke|p2|Breloom, F|\n|poke|p2|Ceruledge, F|\n|poke|p2|Slowking, F|\n|poke|p2|Corviknight, M|\n|teampreview\n|\n|t:|1700482929\n|start\n|switch|p1a: Amoonguss|Amoonguss, M|100\/100\n|switch|p2a: Slowking|Slowking, F|100\/100\n|turn|1\n|inactive|Battle timer is ON: inactive players will automatically lose when time's up. (requested by 310YM4N74N3R0)\n|j| dfghhhg\n|\n|t:|1700482934\n|move|p1a: Amoonguss|Toxic|p2a: Slowking\n|-status|p2a: Slowking|tox\n|move|p2a: Slowking|Fire Blast|p1a: Amoonguss\n|-supereffective|p1a: Amoonguss\n|-damage|p1a: Amoonguss|38\/100\n|\n|-heal|p1a: Amoonguss|45\/100|[from] item: Leftovers\n|-damage|p2a: Slowking|94\/100 tox|[from] psn\n|upkeep\n|turn|2\n|\n|t:|1700482951\n|switch|p1a: Alomomola|Alomomola, F|100\/100\n|move|p2a: Slowking|Future Sight|p1a: Alomomola\n|-start|p2a: Slowking|move: Future Sight\n|\n|-damage|p2a: Slowking|82\/100 tox|[from] psn\n|upkeep\n|turn|3\n|j| Kingston9629\n|\n|t:|1700482960\n|switch|p2a: Breloom|Breloom, F|100\/100\n|move|p1a: Alomomola|Wish|p1a: Alomomola\n|\n|upkeep\n|turn|4\n|j| AntiDinkus\n|\n|t:|1700482974\n|move|p1a: Alomomola|Protect|p1a: Alomomola\n|-singleturn|p1a: Alomomola|Protect\n|move|p2a: Breloom|Spore|p1a: Alomomola\n|-activate|p1a: Alomomola|move: Protect\n|\n|-end|p1a: Alomomola|move: Future Sight\n|-damage|p1a: Alomomola|53\/100\n|-heal|p1a: Alomomola|100\/100|[from] move: Wish|[wisher] Alomomola\n|upkeep\n|turn|5\n|\n|t:|1700482979\n|switch|p1a: Amoonguss|Amoonguss, M|78\/100\n|move|p2a: Breloom|Bullet Seed|p1a: Amoonguss\n|-resisted|p1a: Amoonguss\n|-damage|p1a: Amoonguss|74\/100\n|-resisted|p1a: Amoonguss\n|-damage|p1a: Amoonguss|69\/100\n|-resisted|p1a: Amoonguss\n|-damage|p1a: Amoonguss|65\/100\n|-resisted|p1a: Amoonguss\n|-damage|p1a: Amoonguss|61\/100\n|-hitcount|p1a: Amoonguss|4\n|\n|-heal|p1a: Amoonguss|67\/100|[from] item: Leftovers\n|upkeep\n|turn|6\n|\n|t:|1700482989\n|switch|p2a: Slowking|Slowking, F|100\/100 tox\n|move|p1a: Amoonguss|Toxic|p2a: Slowking\n|-fail|p2a: Slowking|tox\n|\n|-heal|p1a: Amoonguss|73\/100|[from] item: Leftovers\n|-damage|p2a: Slowking|94\/100 tox|[from] psn\n|upkeep\n|turn|7\n|\n|t:|1700482996\n|switch|p1a: Alomomola|Alomomola, F|100\/100\n|move|p2a: Slowking|Future Sight|p1a: Alomomola\n|-start|p2a: Slowking|move: Future Sight\n|\n|-damage|p2a: Slowking|82\/100 tox|[from] psn\n|upkeep\n|turn|8\n|\n|t:|1700483001\n|move|p1a: Alomomola|Flip Turn|p2a: Slowking\n|-resisted|p2a: Slowking\n|-damage|p2a: Slowking|72\/100 tox\n|\n|t:|1700483004\n|switch|p1a: Ting-Lu|Ting-Lu|100\/100|[from] Flip Turn\n|-ability|p1a: Ting-Lu|Vessel of Ruin\n|move|p2a: Slowking|Focus Blast|p1a: Ting-Lu\n|-supereffective|p1a: Ting-Lu\n|-damage|p1a: Ting-Lu|66\/100\n|\n|-heal|p1a: Ting-Lu|72\/100|[from] item: Leftovers\n|-damage|p2a: Slowking|54\/100 tox|[from] psn\n|upkeep\n|turn|9\n|j| Jeanmilapipe\n|j| mew852\n|\n|t:|1700483021\n|switch|p2a: Breloom|Breloom, F|100\/100\n|move|p1a: Ting-Lu|Stealth Rock|p2a: Breloom\n|-sidestart|p2: 310YM4N74N3R0|move: Stealth Rock\n|\n|-end|p1a: Ting-Lu|move: Future Sight\n|-immune|p1a: Ting-Lu\n|-heal|p1a: Ting-Lu|79\/100|[from] item: Leftovers\n|upkeep\n|turn|10\n|\n|t:|1700483027\n|switch|p1a: Amoonguss|Amoonguss, M|100\/100\n|move|p2a: Breloom|Rock Tomb|p1a: Amoonguss\n|-damage|p1a: Amoonguss|72\/100\n|-unboost|p1a: Amoonguss|spe|1\n|\n|-heal|p1a: Amoonguss|78\/100|[from] item: Leftovers\n|upkeep\n|turn|11\n|\n|t:|1700483044\n|switch|p2a: Clodsire|Clodsire, M|100\/100\n|-damage|p2a: Clodsire|94\/100|[from] Stealth Rock\n|move|p1a: Amoonguss|Toxic|p2a: Clodsire\n|-immune|p2a: Clodsire\n|\n|-heal|p1a: Amoonguss|85\/100|[from] item: Leftovers\n|upkeep\n|turn|12\n|\n|t:|1700483053\n|switch|p1a: Ting-Lu|Ting-Lu|79\/100\n|-ability|p1a: Ting-Lu|Vessel of Ruin\n|move|p2a: Clodsire|Gunk Shot|p1a: Ting-Lu|[miss]\n|-miss|p2a: Clodsire|p1a: Ting-Lu\n|\n|-heal|p1a: Ting-Lu|85\/100|[from] item: Leftovers\n|upkeep\n|turn|13\n|\n|t:|1700483062\n|switch|p2a: Slowking|Slowking, F|87\/100 tox\n|-damage|p2a: Slowking|75\/100 tox|[from] Stealth Rock\n|move|p1a: Ting-Lu|Ruination|p2a: Slowking\n|-damage|p2a: Slowking|38\/100 tox\n|\n|-heal|p1a: Ting-Lu|91\/100|[from] item: Leftovers\n|-damage|p2a: Slowking|32\/100 tox|[from] psn\n|upkeep\n|turn|14\n|\n|t:|1700483071\n|move|p1a: Ting-Lu|Earthquake|p2a: Slowking\n|-damage|p2a: Slowking|0 fnt\n|faint|p2a: Slowking\n|\n|-heal|p1a: Ting-Lu|97\/100|[from] item: Leftovers\n|upkeep\n|\n|t:|1700483079\n|switch|p2a: Breloom|Breloom, F|100\/100\n|-damage|p2a: Breloom|94\/100|[from] Stealth Rock\n|turn|15\n|\n|t:|1700483086\n|switch|p2a: Ceruledge|Ceruledge, F|100\/100\n|-damage|p2a: Ceruledge|76\/100|[from] Stealth Rock\n|switch|p1a: Amoonguss|Amoonguss, M|100\/100\n|\n|upkeep\n|turn|16\n|\n|t:|1700483090\n|move|p2a: Ceruledge|Swords Dance|p2a: Ceruledge\n|-boost|p2a: Ceruledge|atk|2\n|move|p1a: Amoonguss|Toxic|p2a: Ceruledge\n|-status|p2a: Ceruledge|tox\n|\n|-damage|p2a: Ceruledge|70\/100 tox|[from] psn\n|upkeep\n|turn|17\n|\n|t:|1700483097\n|switch|p1a: Dondozo|Dondozo, M|100\/100\n|move|p2a: Ceruledge|Bitter Blade|p1a: Dondozo\n|-resisted|p1a: Dondozo\n|-damage|p1a: Dondozo|88\/100\n|-heal|p2a: Ceruledge|80\/100 tox|[from] drain|[of] p1a: Dondozo\n|\n|-heal|p1a: Dondozo|94\/100|[from] item: Leftovers\n|-damage|p2a: Ceruledge|68\/100 tox|[from] psn\n|upkeep\n|turn|18\n|-message|310YM4N74N3R0 forfeited.\n|\n|win|OUVT Zamorakism\n|raw|OUVT Zamorakism's rating: 1838 &rarr; <strong>1851<\/strong><br \/>(+13 for winning)\n|raw|310YM4N74N3R0's rating: 1712 &rarr; <strong>1699<\/strong><br \/>(-13 for losing)\n|l|\u2606310YM4N74N3R0\n|l| AntiDinkus\n|l| Kingston9629\n|l| dfghhhg\n|j| dfghhhg\n","uploadtime":1700483350,"views":5,"p1id":"ouvtzamorakism","p2id":"310ym4n74n3r0","formatid":"gen9ou","rating":1699,"private":0,"password":""}