{"id":"gen9ou-2000029838","p1":"alex amor","p2":"Dimsum69","format":"[Gen 9] OU","log":"|j|\u2606alex amor\n|j|\u2606Dimsum69\n|t:|1701143301\n|gametype|singles\n|player|p1|alex amor|ash|1139\n|player|p2|Dimsum69|petrel|1055\n|teamsize|p1|6\n|teamsize|p2|6\n|gen|9\n|tier|[Gen 9] OU\n|rated|\n|rule|Sleep Clause Mod: Limit one foe put to sleep\n|rule|Species Clause: Limit one of each Pok\u00e9mon\n|rule|OHKO Clause: OHKO moves are banned\n|rule|Evasion Items Clause: Evasion items are banned\n|rule|Evasion Moves Clause: Evasion moves are banned\n|rule|Endless Battle Clause: Forcing endless battles is banned\n|rule|HP Percentage Mod: HP is shown in percentages\n|clearpoke\n|poke|p1|Iron Treads|\n|poke|p1|Flamigo, M|\n|poke|p1|Armarouge, F|\n|poke|p1|Wo-Chien|\n|poke|p1|Okidogi, M|\n|poke|p1|Ogerpon-Wellspring, F|\n|poke|p2|Arbok, M|\n|poke|p2|Ribombee, M|\n|poke|p2|Grimmsnarl, M|\n|poke|p2|Landorus-Therian, M|\n|poke|p2|Dragapult, F|\n|poke|p2|Quaquaval, M|\n|teampreview\n|inactive|Battle timer is ON: inactive players will automatically lose when time's up. (requested by alex amor)\n|inactive|Dimsum69 has 120 seconds left.\n|\n|t:|1701143352\n|start\n|switch|p1a: Iron Treads|Iron Treads|100\/100\n|switch|p2a: Quaquaval|Quaquaval, M|100\/100\n|-enditem|p1a: Iron Treads|Booster Energy\n|-activate|p1a: Iron Treads|ability: Quark Drive|[fromitem]\n|-start|p1a: Iron Treads|quarkdrivespe\n|turn|1\n|\n|t:|1701143372\n|move|p1a: Iron Treads|Volt Switch|p2a: Quaquaval\n|-supereffective|p2a: Quaquaval\n|-damage|p2a: Quaquaval|72\/100\n|\n|t:|1701143375\n|-end|p1a: Iron Treads|Quark Drive|[silent]\n|switch|p1a: Wo-Chien|Wo-Chien|100\/100|[from] Volt Switch\n|-ability|p1a: Wo-Chien|Tablets of Ruin\n|move|p2a: Quaquaval|Aqua Step|p1a: Wo-Chien\n|-resisted|p1a: Wo-Chien\n|-damage|p1a: Wo-Chien|87\/100\n|-boost|p2a: Quaquaval|spe|1\n|\n|-heal|p1a: Wo-Chien|93\/100|[from] item: Leftovers\n|upkeep\n|turn|2\n|\n|t:|1701143388\n|move|p2a: Quaquaval|Close Combat|p1a: Wo-Chien\n|-supereffective|p1a: Wo-Chien\n|-damage|p1a: Wo-Chien|8\/100\n|-unboost|p2a: Quaquaval|def|1\n|-unboost|p2a: Quaquaval|spd|1\n|move|p1a: Wo-Chien|Leech Seed|p2a: Quaquaval\n|-start|p2a: Quaquaval|move: Leech Seed\n|\n|-heal|p1a: Wo-Chien|14\/100|[from] item: Leftovers\n|-damage|p2a: Quaquaval|59\/100|[from] Leech Seed|[of] p1a: Wo-Chien\n|-heal|p1a: Wo-Chien|25\/100|[silent]\n|upkeep\n|turn|3\n|\n|t:|1701143417\n|move|p1a: Wo-Chien|Protect|p1a: Wo-Chien\n|-singleturn|p1a: Wo-Chien|Protect\n|move|p2a: Quaquaval|Rapid Spin|p1a: Wo-Chien\n|-activate|p1a: Wo-Chien|move: Protect\n|\n|-heal|p1a: Wo-Chien|31\/100|[from] item: Leftovers\n|-damage|p2a: Quaquaval|47\/100|[from] Leech Seed|[of] p1a: Wo-Chien\n|-heal|p1a: Wo-Chien|41\/100|[silent]\n|upkeep\n|-enditem|p2a: Quaquaval|Sitrus Berry|[eat]\n|-heal|p2a: Quaquaval|72\/100|[from] item: Sitrus Berry\n|turn|4\n|inactive|alex amor has 120 seconds left.\n|\n|t:|1701143434\n|switch|p1a: Ogerpon|Ogerpon-Wellspring, F|100\/100\n|move|p2a: Quaquaval|Rapid Spin|p1a: Ogerpon\n|-damage|p1a: Ogerpon|79\/100\n|-boost|p2a: Quaquaval|spe|1\n|-end|p2a: Quaquaval|Leech Seed|[from] move: Rapid Spin|[of] p2a: Quaquaval\n|\n|upkeep\n|turn|5\n|\n|t:|1701143451\n|-terastallize|p1a: Ogerpon|Water\n|detailschange|p1a: Ogerpon|Ogerpon-Wellspring-Tera, F, tera:Water\n|-ability|p1a: Ogerpon|Embody Aspect (Wellspring)|boost\n|-boost|p1a: Ogerpon|spd|1\n|move|p2a: Quaquaval|Close Combat|p1a: Ogerpon\n|-damage|p1a: Ogerpon|0 fnt\n|-unboost|p2a: Quaquaval|def|1\n|-unboost|p2a: Quaquaval|spd|1\n|faint|p1a: Ogerpon\n|-ability|p2a: Quaquaval|Moxie|boost\n|-boost|p2a: Quaquaval|atk|1\n|\n|upkeep\n|inactive|alex amor has 120 seconds left.\n|\n|t:|1701143473\n|switch|p1a: Armarouge|Armarouge, F|100\/100\n|turn|6\n|\n|t:|1701143483\n|switch|p1a: Wo-Chien|Wo-Chien|41\/100\n|-ability|p1a: Wo-Chien|Tablets of Ruin\n|move|p2a: Quaquaval|Aqua Step|p1a: Wo-Chien\n|-resisted|p1a: Wo-Chien\n|-damage|p1a: Wo-Chien|20\/100\n|-boost|p2a: Quaquaval|spe|1\n|\n|-heal|p1a: Wo-Chien|26\/100|[from] item: Leftovers\n|upkeep\n|turn|7\n|\n|t:|1701143496\n|move|p2a: Quaquaval|Close Combat|p1a: Wo-Chien\n|-supereffective|p1a: Wo-Chien\n|-damage|p1a: Wo-Chien|0 fnt\n|-unboost|p2a: Quaquaval|def|1\n|-unboost|p2a: Quaquaval|spd|1\n|faint|p1a: Wo-Chien\n|-ability|p2a: Quaquaval|Moxie|boost\n|-boost|p2a: Quaquaval|atk|1\n|\n|upkeep\n|\n|t:|1701143516\n|switch|p1a: Flamigo|Flamigo, M|100\/100\n|turn|8\n|\n|t:|1701143527\n|move|p2a: Quaquaval|Aqua Step|p1a: Flamigo\n|-damage|p1a: Flamigo|0 fnt\n|-boost|p2a: Quaquaval|spe|1\n|faint|p1a: Flamigo\n|-ability|p2a: Quaquaval|Moxie|boost\n|-boost|p2a: Quaquaval|atk|1\n|\n|upkeep\n|\n|t:|1701143534\n|switch|p1a: Okidogi|Okidogi, M|100\/100\n|turn|9\n|\n|t:|1701143546\n|move|p2a: Quaquaval|Acrobatics|p1a: Okidogi\n|-supereffective|p1a: Okidogi\n|-crit|p1a: Okidogi\n|-damage|p1a: Okidogi|0 fnt\n|faint|p1a: Okidogi\n|-ability|p2a: Quaquaval|Moxie|boost\n|-boost|p2a: Quaquaval|atk|1\n|\n|upkeep\n|\n|t:|1701143551\n|switch|p1a: Armarouge|Armarouge, F|100\/100\n|turn|10\n|\n|t:|1701143556\n|move|p2a: Quaquaval|Aqua Step|p1a: Armarouge\n|-supereffective|p1a: Armarouge\n|-damage|p1a: Armarouge|0 fnt\n|-boost|p2a: Quaquaval|spe|1\n|faint|p1a: Armarouge\n|-ability|p2a: Quaquaval|Moxie|boost\n|-boost|p2a: Quaquaval|atk|1\n|\n|upkeep\n|\n|t:|1701143558\n|switch|p1a: Iron Treads|Iron Treads|100\/100\n|turn|11\n|\n|t:|1701143569\n|move|p2a: Quaquaval|Close Combat|p1a: Iron Treads\n|-supereffective|p1a: Iron Treads\n|-damage|p1a: Iron Treads|0 fnt\n|-unboost|p2a: Quaquaval|def|1\n|-unboost|p2a: Quaquaval|spd|1\n|faint|p1a: Iron Treads\n|-end|p1a: Iron Treads|Quark Drive|[silent]\n|\n|win|Dimsum69\n|raw|alex amor's rating: 1139 &rarr; <strong>1108<\/strong><br \/>(-31 for losing)\n|raw|Dimsum69's rating: 1055 &rarr; <strong>1094<\/strong><br \/>(+39 for winning)\n|l|\u2606alex amor\n","uploadtime":1701143592,"views":3,"p1id":"alexamor","p2id":"dimsum69","formatid":"gen9ou","rating":1094,"private":0,"password":""}