{"id":"gen9ou-1996845707","p1":"Manjack","p2":"roamflag","format":"[Gen 9] OU","log":"|j|\u2606Manjack\n|j|\u2606roamflag\n|t:|1700734544\n|gametype|singles\n|player|p1|Manjack|preschooler|1662\n|player|p2|roamflag|hilda-wonderlauncher|1638\n|teamsize|p1|6\n|teamsize|p2|6\n|gen|9\n|tier|[Gen 9] OU\n|rated|\n|rule|Sleep Clause Mod: Limit one foe put to sleep\n|rule|Species Clause: Limit one of each Pok\u00e9mon\n|rule|OHKO Clause: OHKO moves are banned\n|rule|Evasion Items Clause: Evasion items are banned\n|rule|Evasion Moves Clause: Evasion moves are banned\n|rule|Endless Battle Clause: Forcing endless battles is banned\n|rule|HP Percentage Mod: HP is shown in percentages\n|clearpoke\n|poke|p1|Ogerpon, F|\n|poke|p1|Corviknight, F|\n|poke|p1|Dachsbun, F|\n|poke|p1|Landorus-Therian, M|\n|poke|p1|Rotom-Wash|\n|poke|p1|Clodsire, F|\n|poke|p2|Pelipper, M|\n|poke|p2|Greninja-*, M|\n|poke|p2|Basculegion, M|\n|poke|p2|Sandy Shocks|\n|poke|p2|Scizor, M|\n|poke|p2|Zapdos|\n|teampreview\n|inactive|Battle timer is ON: inactive players will automatically lose when time's up. (requested by roamflag)\n|j| Yuriaa\n|c|\u2606Manjack|Glhf\n|\n|t:|1700734570\n|start\n|switch|p1a: Rotom|Rotom-Wash|100\/100\n|switch|p2a: \u730e\u6237\u5ea7|Sandy Shocks|100\/100\n|-enditem|p2a: \u730e\u6237\u5ea7|Booster Energy\n|-activate|p2a: \u730e\u6237\u5ea7|ability: Protosynthesis|[fromitem]\n|-start|p2a: \u730e\u6237\u5ea7|protosynthesisspe\n|turn|1\n|\n|t:|1700734576\n|move|p2a: \u730e\u6237\u5ea7|Thunderbolt|p1a: Rotom\n|-damage|p1a: Rotom|54\/100\n|move|p1a: Rotom|Hydro Pump|p2a: \u730e\u6237\u5ea7|[miss]\n|-miss|p1a: Rotom|p2a: \u730e\u6237\u5ea7\n|\n|-heal|p1a: Rotom|60\/100|[from] item: Leftovers\n|upkeep\n|turn|2\n|\n|t:|1700734582\n|switch|p1a: Landorus|Landorus-Therian, M|100\/100\n|-ability|p1a: Landorus|Intimidate|boost\n|-unboost|p2a: \u730e\u6237\u5ea7|atk|1\n|move|p2a: \u730e\u6237\u5ea7|Thunderbolt|p1a: Landorus\n|-immune|p1a: Landorus\n|\n|upkeep\n|turn|3\n|\n|t:|1700734588\n|move|p2a: \u730e\u6237\u5ea7|Stealth Rock|p1a: Landorus\n|-sidestart|p1: Manjack|move: Stealth Rock\n|move|p1a: Landorus|U-turn|p2a: \u730e\u6237\u5ea7\n|-damage|p2a: \u730e\u6237\u5ea7|80\/100\n|\n|t:|1700734592\n|switch|p1a: Ogerpon|Ogerpon, F|100\/100|[from] U-turn\n|-damage|p1a: Ogerpon|88\/100|[from] Stealth Rock\n|\n|-heal|p1a: Ogerpon|94\/100|[from] item: Leftovers\n|upkeep\n|turn|4\n|\n|t:|1700734600\n|move|p2a: \u730e\u6237\u5ea7|Thunderbolt|p1a: Ogerpon\n|-resisted|p1a: Ogerpon\n|-damage|p1a: Ogerpon|73\/100\n|-status|p1a: Ogerpon|par\n|move|p1a: Ogerpon|Knock Off|p2a: \u730e\u6237\u5ea7\n|-damage|p2a: \u730e\u6237\u5ea7|54\/100\n|\n|-heal|p1a: Ogerpon|79\/100 par|[from] item: Leftovers\n|upkeep\n|turn|5\n|\n|t:|1700734607\n|move|p2a: \u730e\u6237\u5ea7|Earth Power|p1a: Ogerpon\n|-resisted|p1a: Ogerpon\n|-damage|p1a: Ogerpon|57\/100 par\n|move|p1a: Ogerpon|Horn Leech|p2a: \u730e\u6237\u5ea7\n|-supereffective|p2a: \u730e\u6237\u5ea7\n|-damage|p2a: \u730e\u6237\u5ea7|0 fnt\n|-heal|p1a: Ogerpon|80\/100 par|[from] drain|[of] p2a: \u730e\u6237\u5ea7\n|faint|p2a: \u730e\u6237\u5ea7\n|-end|p2a: \u730e\u6237\u5ea7|Protosynthesis|[silent]\n|\n|-heal|p1a: Ogerpon|86\/100 par|[from] item: Leftovers\n|upkeep\n|\n|t:|1700734616\n|switch|p2a: \u66b4\u98ce|Zapdos|100\/100\n|-ability|p2a: \u66b4\u98ce|Pressure\n|turn|6\n|\n|t:|1700734620\n|switch|p1a: Clodsire|Clodsire, F|100\/100\n|-damage|p1a: Clodsire|94\/100|[from] Stealth Rock\n|move|p2a: \u66b4\u98ce|Hurricane|p1a: Clodsire\n|-damage|p1a: Clodsire|70\/100\n|\n|-heal|p1a: Clodsire|76\/100|[from] item: Leftovers\n|upkeep\n|turn|7\n|\n|t:|1700734630\n|switch|p2a: \u5929\u9876|Pelipper, M|100\/100\n|-weather|RainDance|[from] ability: Drizzle|[of] p2a: \u5929\u9876\n|move|p1a: Clodsire|Toxic|p2a: \u5929\u9876\n|-status|p2a: \u5929\u9876|tox\n|\n|-weather|RainDance|[upkeep]\n|-heal|p1a: Clodsire|82\/100|[from] item: Leftovers\n|-damage|p2a: \u5929\u9876|95\/100 tox|[from] psn\n|upkeep\n|turn|8\n|\n|t:|1700734637\n|switch|p1a: Dachsbun|Dachsbun, F|100\/100\n|-damage|p1a: Dachsbun|88\/100|[from] Stealth Rock\n|move|p2a: \u5929\u9876|Surf|p1a: Dachsbun\n|-damage|p1a: Dachsbun|29\/100\n|\n|-weather|RainDance|[upkeep]\n|-heal|p1a: Dachsbun|35\/100|[from] item: Leftovers\n|-damage|p2a: \u5929\u9876|83\/100 tox|[from] psn\n|upkeep\n|turn|9\n|\n|t:|1700734644\n|move|p1a: Dachsbun|Protect|p1a: Dachsbun\n|-singleturn|p1a: Dachsbun|Protect\n|move|p2a: \u5929\u9876|U-turn|p1a: Dachsbun\n|-activate|p1a: Dachsbun|move: Protect\n|\n|-weather|RainDance|[upkeep]\n|-heal|p1a: Dachsbun|41\/100|[from] item: Leftovers\n|-damage|p2a: \u5929\u9876|65\/100 tox|[from] psn\n|upkeep\n|turn|10\n|\n|t:|1700734651\n|move|p1a: Dachsbun|Wish|p1a: Dachsbun\n|move|p2a: \u5929\u9876|Surf|p1a: Dachsbun\n|-damage|p1a: Dachsbun|0 fnt\n|faint|p1a: Dachsbun\n|\n|-weather|RainDance|[upkeep]\n|-damage|p2a: \u5929\u9876|41\/100 tox|[from] psn\n|upkeep\n|\n|t:|1700734655\n|switch|p1a: Rotom|Rotom-Wash|60\/100\n|-damage|p1a: Rotom|48\/100|[from] Stealth Rock\n|turn|11\n|\n|t:|1700734670\n|move|p1a: Rotom|Discharge|p2a: \u5929\u9876\n|-supereffective|p2a: \u5929\u9876\n|-damage|p2a: \u5929\u9876|0 fnt\n|faint|p2a: \u5929\u9876\n|\n|-weather|RainDance|[upkeep]\n|-heal|p1a: Rotom|99\/100|[from] move: Wish|[wisher] Dachsbun\n|-heal|p1a: Rotom|100\/100|[from] item: Leftovers\n|upkeep\n|\n|t:|1700734678\n|switch|p2a: \u5251\u9c7c|Basculegion, M|100\/100\n|turn|12\n|\n|t:|1700734685\n|switch|p1a: Landorus|Landorus-Therian, M|100\/100\n|-damage|p1a: Landorus|88\/100|[from] Stealth Rock\n|-ability|p1a: Landorus|Intimidate|boost\n|-unboost|p2a: \u5251\u9c7c|atk|1\n|-terastallize|p2a: \u5251\u9c7c|Water\n|move|p2a: \u5251\u9c7c|Wave Crash|p1a: Landorus\n|-supereffective|p1a: Landorus\n|-damage|p1a: Landorus|0 fnt\n|faint|p1a: Landorus\n|-damage|p2a: \u5251\u9c7c|71\/100|[from] Recoil\n|\n|-weather|RainDance|[upkeep]\n|upkeep\n|\n|t:|1700734688\n|switch|p1a: Corviknight|Corviknight, F|100\/100\n|-damage|p1a: Corviknight|88\/100|[from] Stealth Rock\n|-ability|p1a: Corviknight|Pressure\n|turn|13\n|\n|t:|1700734692\n|move|p2a: \u5251\u9c7c|Wave Crash|p1a: Corviknight\n|-damage|p1a: Corviknight|8\/100\n|-damage|p2a: \u5251\u9c7c|44\/100|[from] Recoil\n|move|p1a: Corviknight|Defog|p2a: \u5251\u9c7c\n|-unboost|p2a: \u5251\u9c7c|evasion|1\n|-sideend|p1: Manjack|Stealth Rock|[from] move: Defog|[of] p1a: Corviknight\n|\n|-weather|RainDance|[upkeep]\n|-heal|p1a: Corviknight|14\/100|[from] item: Leftovers\n|upkeep\n|turn|14\n|\n|t:|1700734708\n|move|p2a: \u5251\u9c7c|Wave Crash|p1a: Corviknight\n|-damage|p1a: Corviknight|0 fnt\n|faint|p1a: Corviknight\n|-damage|p2a: \u5251\u9c7c|39\/100|[from] Recoil\n|\n|-weather|none\n|upkeep\n|\n|t:|1700734710\n|switch|p1a: Ogerpon|Ogerpon, F|86\/100 par\n|turn|15\n|\n|t:|1700734713\n|move|p2a: \u5251\u9c7c|Wave Crash|p1a: Ogerpon\n|-resisted|p1a: Ogerpon\n|-damage|p1a: Ogerpon|41\/100 par\n|-damage|p2a: \u5251\u9c7c|25\/100|[from] Recoil\n|move|p1a: Ogerpon|Knock Off|p2a: \u5251\u9c7c\n|-damage|p2a: \u5251\u9c7c|0 fnt\n|-enditem|p2a: \u5251\u9c7c|Choice Band|[from] move: Knock Off|[of] p1a: Ogerpon\n|faint|p2a: \u5251\u9c7c\n|\n|-heal|p1a: Ogerpon|47\/100 par|[from] item: Leftovers\n|upkeep\n|\n|t:|1700734722\n|switch|p2a: \u51b7\u96e8|Greninja, M|100\/100\n|turn|16\n|j| mew852\n|\n|t:|1700734743\n|move|p2a: \u51b7\u96e8|Dark Pulse|p1a: Ogerpon\n|-damage|p1a: Ogerpon|10\/100 par\n|cant|p1a: Ogerpon|par\n|\n|-heal|p1a: Ogerpon|16\/100 par|[from] item: Leftovers\n|upkeep\n|turn|17\n|\n|t:|1700734759\n|switch|p1a: Clodsire|Clodsire, F|82\/100\n|move|p2a: \u51b7\u96e8|Dark Pulse|p1a: Clodsire\n|-damage|p1a: Clodsire|64\/100\n|\n|-heal|p1a: Clodsire|70\/100|[from] item: Leftovers\n|upkeep\n|turn|18\n|\n|t:|1700734765\n|move|p2a: \u51b7\u96e8|Surf|p1a: Clodsire\n|-supereffective|p1a: Clodsire\n|-damage|p1a: Clodsire|23\/100\n|move|p1a: Clodsire|Recover|p1a: Clodsire\n|-heal|p1a: Clodsire|73\/100\n|\n|-heal|p1a: Clodsire|79\/100|[from] item: Leftovers\n|upkeep\n|turn|19\n|\n|t:|1700734771\n|move|p2a: \u51b7\u96e8|Surf|p1a: Clodsire\n|-supereffective|p1a: Clodsire\n|-crit|p1a: Clodsire\n|-damage|p1a: Clodsire|2\/100\n|move|p1a: Clodsire|Toxic|p2a: \u51b7\u96e8\n|-status|p2a: \u51b7\u96e8|tox\n|\n|-heal|p1a: Clodsire|8\/100|[from] item: Leftovers\n|-damage|p2a: \u51b7\u96e8|95\/100 tox|[from] psn\n|upkeep\n|turn|20\n|c|\u2606Manjack|rip\n|c|\u2606Manjack|Gg\n|\n|t:|1700734781\n|-terastallize|p1a: Clodsire|Water\n|move|p2a: \u51b7\u96e8|Dark Pulse|p1a: Clodsire\n|-damage|p1a: Clodsire|0 fnt\n|faint|p1a: Clodsire\n|-ability|p2a: \u51b7\u96e8|Battle Bond|boost\n|-boost|p2a: \u51b7\u96e8|atk|1\n|-boost|p2a: \u51b7\u96e8|spa|1\n|-boost|p2a: \u51b7\u96e8|spe|1\n|-activate|p2a: \u51b7\u96e8|ability: Battle Bond\n|\n|-damage|p2a: \u51b7\u96e8|83\/100 tox|[from] psn\n|upkeep\n|-message|Manjack forfeited.\n|\n|win|roamflag\n|raw|Manjack's rating: 1662 &rarr; <strong>1641<\/strong><br \/>(-21 for losing)\n|raw|roamflag's rating: 1638 &rarr; <strong>1659<\/strong><br \/>(+21 for winning)\n|l|\u2606Manjack\n|l|\u2606roamflag\n|l| Yuriaa\n","uploadtime":1700734839,"views":9,"p1id":"manjack","p2id":"roamflag","formatid":"gen9ou","rating":1641,"private":0,"password":""}