{"id":"gen9ou-1997349165","p1":"god of joe","p2":"MerekBG","format":"[Gen 9] OU","log":"|j|\u2606god of joe\n|j|\u2606MerekBG\n|t:|1700792629\n|gametype|singles\n|player|p1|god of joe|clown|1721\n|player|p2|MerekBG|juan|1597\n|teamsize|p1|6\n|teamsize|p2|6\n|gen|9\n|tier|[Gen 9] OU\n|rated|\n|rule|Sleep Clause Mod: Limit one foe put to sleep\n|rule|Species Clause: Limit one of each Pok\u00e9mon\n|rule|OHKO Clause: OHKO moves are banned\n|rule|Evasion Items Clause: Evasion items are banned\n|rule|Evasion Moves Clause: Evasion moves are banned\n|rule|Endless Battle Clause: Forcing endless battles is banned\n|rule|HP Percentage Mod: HP is shown in percentages\n|clearpoke\n|poke|p1|Slowking-Galar, F|\n|poke|p1|Dragapult, F|\n|poke|p1|Ogerpon, F|\n|poke|p1|Tornadus-Therian, M|\n|poke|p1|Great Tusk|\n|poke|p1|Heatran, M|\n|poke|p2|Maushold|\n|poke|p2|Rillaboom, F|\n|poke|p2|Great Tusk|\n|poke|p2|Heatran, F|\n|poke|p2|Enamorus, F|\n|poke|p2|Kingambit, M|\n|teampreview\n|\n|t:|1700792641\n|start\n|switch|p1a: Tornadus|Tornadus-Therian, M|100\/100\n|switch|p2a: Enamorus|Enamorus, F|100\/100\n|turn|1\n|j| arrito\n|\n|t:|1700792646\n|move|p2a: Enamorus|Moonblast|p1a: Tornadus\n|-damage|p1a: Tornadus|50\/100\n|-unboost|p1a: Tornadus|spa|1\n|move|p1a: Tornadus|Bleakwind Storm|p2a: Enamorus|[miss]\n|-miss|p1a: Tornadus|p2a: Enamorus\n|\n|upkeep\n|turn|2\n|\n|t:|1700792655\n|switch|p2a: Great Tusk|Great Tusk|100\/100\n|switch|p1a: Slowking|Slowking-Galar, F|100\/100\n|\n|upkeep\n|turn|3\n|\n|t:|1700792661\n|move|p2a: Great Tusk|Ice Spinner|p1a: Slowking\n|-damage|p1a: Slowking|77\/100\n|move|p1a: Slowking|Toxic Spikes|p2a: Great Tusk\n|-sidestart|p2: MerekBG|move: Toxic Spikes\n|\n|upkeep\n|turn|4\n|\n|t:|1700792664\n|switch|p1a: Tornadus|Tornadus-Therian, M|84\/100\n|move|p2a: Great Tusk|Headlong Rush|p1a: Tornadus\n|-immune|p1a: Tornadus\n|\n|upkeep\n|turn|5\n|\n|t:|1700792668\n|move|p1a: Tornadus|Knock Off|p2a: Great Tusk\n|-resisted|p2a: Great Tusk\n|-damage|p2a: Great Tusk|94\/100\n|-enditem|p2a: Great Tusk|Leftovers|[from] move: Knock Off|[of] p1a: Tornadus\n|move|p2a: Great Tusk|Ice Spinner|p1a: Tornadus\n|-supereffective|p1a: Tornadus\n|-damage|p1a: Tornadus|29\/100\n|-damage|p2a: Great Tusk|77\/100|[from] item: Rocky Helmet|[of] p1a: Tornadus\n|\n|upkeep\n|turn|6\n|\n|t:|1700792675\n|-end|p2a: Great Tusk|Protosynthesis|[silent]\n|switch|p2a: Enamorus|Enamorus, F|100\/100\n|move|p1a: Tornadus|Bleakwind Storm|p2a: Enamorus\n|-damage|p2a: Enamorus|45\/100\n|-boost|p2a: Enamorus|spe|1\n|\n|upkeep\n|turn|7\n|\n|t:|1700792681\n|switch|p1a: Slowking|Slowking-Galar, F|100\/100\n|move|p2a: Enamorus|Moonblast|p1a: Slowking\n|-resisted|p1a: Slowking\n|-damage|p1a: Slowking|84\/100\n|\n|upkeep\n|turn|8\n|\n|t:|1700792685\n|switch|p2a: Heatran|Heatran, F|100\/100\n|move|p1a: Slowking|Chilly Reception|p1a: Slowking\n|-weather|Snow\n|\n|t:|1700792689\n|switch|p1a: Great Tusk|Great Tusk|100\/100|[from] Chilly Reception\n|\n|-weather|Snow|[upkeep]\n|upkeep\n|turn|9\n|\n|t:|1700792694\n|move|p1a: Great Tusk|Knock Off|p2a: Heatran\n|-damage|p2a: Heatran|72\/100\n|-enditem|p2a: Heatran|Leftovers|[from] move: Knock Off|[of] p1a: Great Tusk\n|move|p2a: Heatran|Magma Storm|p1a: Great Tusk\n|-damage|p1a: Great Tusk|38\/100\n|-activate|p1a: Great Tusk|move: Magma Storm|[of] p2a: Heatran\n|\n|-weather|Snow|[upkeep]\n|-damage|p1a: Great Tusk|26\/100|[from] move: Magma Storm|[partiallytrapped]\n|upkeep\n|turn|10\n|\n|t:|1700792703\n|switch|p2a: Enamorus|Enamorus, F|45\/100\n|move|p1a: Great Tusk|Earthquake|p2a: Enamorus\n|-immune|p2a: Enamorus\n|\n|-weather|Snow|[upkeep]\n|-end|p1a: Great Tusk|Magma Storm|[partiallytrapped]|[silent]\n|upkeep\n|turn|11\n|\n|t:|1700792707\n|-end|p1a: Great Tusk|Protosynthesis|[silent]\n|switch|p1a: Slowking|Slowking-Galar, F|100\/100\n|move|p2a: Enamorus|Earth Power|p1a: Slowking\n|-supereffective|p1a: Slowking\n|-damage|p1a: Slowking|61\/100\n|\n|-weather|Snow|[upkeep]\n|upkeep\n|turn|12\n|\n|t:|1700792714\n|move|p2a: Enamorus|Earth Power|p1a: Slowking\n|-supereffective|p1a: Slowking\n|-damage|p1a: Slowking|20\/100\n|move|p1a: Slowking|Future Sight|p2a: Enamorus\n|-start|p1a: Slowking|move: Future Sight\n|\n|-weather|none\n|upkeep\n|turn|13\n|\n|t:|1700792728\n|switch|p2a: Heatran|Heatran, F|72\/100\n|switch|p1a: Tornadus|Tornadus-Therian, M|63\/100\n|\n|upkeep\n|turn|14\n|\n|t:|1700792733\n|move|p1a: Tornadus|U-turn|p2a: Heatran\n|-resisted|p2a: Heatran\n|-damage|p2a: Heatran|69\/100\n|\n|t:|1700792735\n|switch|p1a: Dragapult|Dragapult, F|100\/100|[from] U-turn\n|move|p2a: Heatran|Magma Storm|p1a: Dragapult\n|-resisted|p1a: Dragapult\n|-damage|p1a: Dragapult|69\/100\n|-activate|p1a: Dragapult|move: Magma Storm|[of] p2a: Heatran\n|\n|-end|p2a: Heatran|move: Future Sight\n|-resisted|p2a: Heatran\n|-damage|p2a: Heatran|55\/100\n|-damage|p1a: Dragapult|57\/100|[from] move: Magma Storm|[partiallytrapped]\n|upkeep\n|turn|15\n|\n|t:|1700792740\n|move|p1a: Dragapult|U-turn|p2a: Heatran\n|-resisted|p2a: Heatran\n|-damage|p2a: Heatran|51\/100\n|\n|t:|1700792745\n|switch|p1a: Tornadus|Tornadus-Therian, M|96\/100|[from] U-turn\n|move|p2a: Heatran|Stealth Rock|p1a: Tornadus\n|-sidestart|p1: god of joe|move: Stealth Rock\n|\n|upkeep\n|turn|16\n|\n|t:|1700792748\n|move|p1a: Tornadus|Bleakwind Storm|p2a: Heatran\n|-resisted|p2a: Heatran\n|-damage|p2a: Heatran|38\/100\n|move|p2a: Heatran|Magma Storm|p1a: Tornadus|[miss]\n|-miss|p2a: Heatran|p1a: Tornadus\n|\n|upkeep\n|turn|17\n|\n|t:|1700792754\n|move|p1a: Tornadus|U-turn|p2a: Heatran\n|-resisted|p2a: Heatran\n|-damage|p2a: Heatran|35\/100\n|\n|t:|1700792758\n|switch|p1a: Heatran|Heatran, M|100\/100|[from] U-turn\n|-damage|p1a: Heatran|88\/100|[from] Stealth Rock\n|move|p2a: Heatran|Earth Power|p1a: Heatran\n|-supereffective|p1a: Heatran\n|-damage|p1a: Heatran|12\/100\n|\n|-heal|p1a: Heatran|19\/100|[from] item: Leftovers\n|upkeep\n|turn|18\n|c|\u2606MerekBG|<3\n|\n|t:|1700792770\n|switch|p2a: Enamorus|Enamorus, F|45\/100\n|move|p1a: Heatran|Earth Power|p2a: Enamorus\n|-immune|p2a: Enamorus\n|\n|-heal|p1a: Heatran|25\/100|[from] item: Leftovers\n|upkeep\n|turn|19\n|j| SwabbyYabby\n|\n|t:|1700792789\n|switch|p1a: Tornadus|Tornadus-Therian, M|100\/100\n|-damage|p1a: Tornadus|76\/100|[from] Stealth Rock\n|-terastallize|p2a: Enamorus|Fairy\n|move|p2a: Enamorus|Moonblast|p1a: Tornadus\n|-damage|p1a: Tornadus|0 fnt\n|faint|p1a: Tornadus\n|\n|upkeep\n|\n|t:|1700792793\n|switch|p1a: Slowking|Slowking-Galar, F|54\/100\n|turn|20\n|\n|t:|1700792799\n|switch|p2a: Heatran|Heatran, F|35\/100\n|move|p1a: Slowking|Chilly Reception|p1a: Slowking\n|-weather|Snow\n|\n|t:|1700792803\n|switch|p1a: Great Tusk|Great Tusk|26\/100|[from] Chilly Reception\n|-damage|p1a: Great Tusk|23\/100|[from] Stealth Rock\n|\n|-weather|Snow|[upkeep]\n|upkeep\n|turn|21\n|\n|t:|1700792809\n|move|p1a: Great Tusk|Rapid Spin|p2a: Heatran\n|-resisted|p2a: Heatran\n|-damage|p2a: Heatran|27\/100\n|-boost|p1a: Great Tusk|spe|1\n|-sideend|p1: god of joe|Stealth Rock|[from] move: Rapid Spin|[of] p1a: Great Tusk\n|move|p2a: Heatran|Magma Storm|p1a: Great Tusk\n|-crit|p1a: Great Tusk\n|-damage|p1a: Great Tusk|0 fnt\n|faint|p1a: Great Tusk\n|-end|p1a: Great Tusk|Protosynthesis|[silent]\n|\n|-weather|Snow|[upkeep]\n|upkeep\n|\n|t:|1700792816\n|switch|p1a: Heatran|Heatran, M|25\/100\n|turn|22\n|\n|t:|1700792821\n|move|p1a: Heatran|Earth Power|p2a: Heatran\n|-supereffective|p2a: Heatran\n|-damage|p2a: Heatran|0 fnt\n|faint|p2a: Heatran\n|\n|-weather|Snow|[upkeep]\n|-heal|p1a: Heatran|31\/100|[from] item: Leftovers\n|upkeep\n|\n|t:|1700792825\n|switch|p2a: Enamorus|Enamorus, F, tera:Fairy|45\/100\n|-status|p2a: Enamorus|psn\n|turn|23\n|\n|t:|1700792834\n|move|p2a: Enamorus|Earth Power|p1a: Heatran\n|-supereffective|p1a: Heatran\n|-damage|p1a: Heatran|0 fnt\n|faint|p1a: Heatran\n|\n|-weather|Snow|[upkeep]\n|-damage|p2a: Enamorus|33\/100 psn|[from] psn\n|upkeep\n|\n|t:|1700792836\n|switch|p1a: Ogerpon|Ogerpon, F|100\/100\n|turn|24\n|\n|t:|1700792842\n|switch|p2a: Sakamoto Ryoma|Kingambit, M|100\/100\n|-activate|p2a: Sakamoto Ryoma|ability: Supreme Overlord\n|-start|p2a: Sakamoto Ryoma|fallen1|[silent]\n|move|p1a: Ogerpon|Knock Off|p2a: Sakamoto Ryoma\n|-resisted|p2a: Sakamoto Ryoma\n|-damage|p2a: Sakamoto Ryoma|89\/100\n|-enditem|p2a: Sakamoto Ryoma|Leftovers|[from] move: Knock Off|[of] p1a: Ogerpon\n|\n|-weather|none\n|upkeep\n|turn|25\n|\n|t:|1700792850\n|move|p2a: Sakamoto Ryoma|Sucker Punch|p1a: Ogerpon\n|-damage|p1a: Ogerpon|43\/100\n|move|p1a: Ogerpon|U-turn|p2a: Sakamoto Ryoma\n|-damage|p2a: Sakamoto Ryoma|72\/100\n|\n|t:|1700792854\n|switch|p1a: Slowking|Slowking-Galar, F|87\/100|[from] U-turn\n|\n|upkeep\n|turn|26\n|\n|t:|1700792857\n|move|p2a: Sakamoto Ryoma|Kowtow Cleave|p1a: Slowking\n|-supereffective|p1a: Slowking\n|-damage|p1a: Slowking|0 fnt\n|faint|p1a: Slowking\n|\n|upkeep\n|\n|t:|1700792861\n|switch|p1a: Dragapult|Dragapult, F|57\/100\n|turn|27\n|\n|t:|1700792865\n|move|p2a: Sakamoto Ryoma|Sucker Punch||[still]\n|-fail|p2a: Sakamoto Ryoma\n|move|p1a: Dragapult|Will-O-Wisp|p2a: Sakamoto Ryoma\n|-status|p2a: Sakamoto Ryoma|brn\n|\n|-damage|p2a: Sakamoto Ryoma|66\/100 brn|[from] brn\n|upkeep\n|turn|28\n|\n|t:|1700792873\n|switch|p1a: Ogerpon|Ogerpon, F|43\/100\n|move|p2a: Sakamoto Ryoma|Sucker Punch||[still]\n|-fail|p2a: Sakamoto Ryoma\n|\n|-damage|p2a: Sakamoto Ryoma|60\/100 brn|[from] brn\n|upkeep\n|turn|29\n|\n|t:|1700792877\n|move|p2a: Sakamoto Ryoma|Sucker Punch||[still]\n|-fail|p2a: Sakamoto Ryoma\n|move|p1a: Ogerpon|Encore|p2a: Sakamoto Ryoma\n|-start|p2a: Sakamoto Ryoma|Encore\n|\n|-damage|p2a: Sakamoto Ryoma|53\/100 brn|[from] brn\n|upkeep\n|turn|30\n|\n|t:|1700792882\n|switch|p1a: Dragapult|Dragapult, F|57\/100\n|-end|p2a: Sakamoto Ryoma|fallen1|[silent]\n|switch|p2a: Great Tusk|Great Tusk|77\/100\n|-status|p2a: Great Tusk|psn\n|\n|-damage|p2a: Great Tusk|65\/100 psn|[from] psn\n|upkeep\n|turn|31\n|\n|t:|1700792887\n|move|p1a: Dragapult|Hex|p2a: Great Tusk\n|-damage|p2a: Great Tusk|0 fnt\n|faint|p2a: Great Tusk\n|-end|p2a: Great Tusk|Protosynthesis|[silent]\n|\n|upkeep\n|\n|t:|1700792895\n|switch|p2a: Enamorus|Enamorus, F, tera:Fairy|33\/100 psn\n|turn|32\n|\n|t:|1700792904\n|-terastallize|p1a: Dragapult|Steel\n|move|p2a: Enamorus|Moonblast|p1a: Dragapult\n|-resisted|p1a: Dragapult\n|-damage|p1a: Dragapult|14\/100\n|-unboost|p1a: Dragapult|spa|1\n|move|p1a: Dragapult|Hex|p2a: Enamorus\n|-damage|p2a: Enamorus|0 fnt\n|faint|p2a: Enamorus\n|\n|upkeep\n|\n|t:|1700792909\n|switch|p2a: Rillaboom|Rillaboom, F|100\/100\n|-status|p2a: Rillaboom|psn\n|-fieldstart|move: Grassy Terrain|[from] ability: Grassy Surge|[of] p2a: Rillaboom\n|turn|33\n|\n|t:|1700792914\n|move|p2a: Rillaboom|Grassy Glide|p1a: Dragapult\n|-resisted|p1a: Dragapult\n|-damage|p1a: Dragapult|0 fnt\n|faint|p1a: Dragapult\n|\n|-damage|p2a: Rillaboom|88\/100 psn|[from] psn\n|upkeep\n|\n|t:|1700792916\n|switch|p1a: Ogerpon|Ogerpon, F|43\/100\n|turn|34\n|\n|t:|1700792921\n|move|p2a: Rillaboom|Grassy Glide|p1a: Ogerpon\n|-resisted|p1a: Ogerpon\n|-damage|p1a: Ogerpon|3\/100\n|move|p1a: Ogerpon|U-turn|p2a: Rillaboom\n|-supereffective|p2a: Rillaboom\n|-damage|p2a: Rillaboom|40\/100 psn\n|\n|-heal|p1a: Ogerpon|9\/100|[from] Grassy Terrain\n|-heal|p2a: Rillaboom|46\/100 psn|[from] Grassy Terrain\n|-damage|p2a: Rillaboom|33\/100 psn|[from] psn\n|upkeep\n|turn|35\n|-message|god of joe forfeited.\n|\n|win|MerekBG\n|raw|god of joe's rating: 1721 &rarr; <strong>1694<\/strong><br \/>(-27 for losing)\n|raw|MerekBG's rating: 1597 &rarr; <strong>1624<\/strong><br \/>(+27 for winning)\n|l|\u2606god of joe\n","uploadtime":1700792935,"views":14,"p1id":"godofjoe","p2id":"merekbg","formatid":"gen9ou","rating":1624,"private":0,"password":""}