{"id":"gen9ou-2000056072","p1":"southwest road","p2":"Poison Ivy Thorns","format":"[Gen 9] OU","log":"|j|\u2606southwest road\n|j|\u2606Poison Ivy Thorns\n|t:|1701147069\n|gametype|singles\n|player|p1|southwest road|lillie-masters2|1542\n|player|p2|Poison Ivy Thorns|blue|1649\n|teamsize|p1|6\n|teamsize|p2|6\n|gen|9\n|tier|[Gen 9] OU\n|rated|\n|rule|Sleep Clause Mod: Limit one foe put to sleep\n|rule|Species Clause: Limit one of each Pok\u00e9mon\n|rule|OHKO Clause: OHKO moves are banned\n|rule|Evasion Items Clause: Evasion items are banned\n|rule|Evasion Moves Clause: Evasion moves are banned\n|rule|Endless Battle Clause: Forcing endless battles is banned\n|rule|HP Percentage Mod: HP is shown in percentages\n|clearpoke\n|poke|p1|Dragapult, M|\n|poke|p1|Heatran, M|\n|poke|p1|Zapdos|\n|poke|p1|Samurott-Hisui, M|\n|poke|p1|Great Tusk|\n|poke|p1|Okidogi, M|\n|poke|p2|Ogerpon-Wellspring, F|\n|poke|p2|Landorus-Therian, M|\n|poke|p2|Kingambit, F|\n|poke|p2|Gholdengo|\n|poke|p2|Glimmora, M|\n|poke|p2|Iron Valiant|\n|teampreview\n|inactive|Battle timer is ON: inactive players will automatically lose when time's up. (requested by Poison Ivy Thorns)\n|\n|t:|1701147084\n|start\n|switch|p1a: Dragapult|Dragapult, M|100\/100\n|switch|p2a: Ogerpon|Ogerpon-Wellspring, F|100\/100\n|turn|1\n|\n|t:|1701147090\n|switch|p2a: Glimmora|Glimmora, M|100\/100\n|move|p1a: Dragapult|Will-O-Wisp|p2a: Glimmora\n|-status|p2a: Glimmora|brn\n|\n|-damage|p2a: Glimmora|94\/100 brn|[from] brn\n|upkeep\n|turn|2\n|\n|t:|1701147095\n|move|p1a: Dragapult|Hex|p2a: Glimmora\n|-damage|p2a: Glimmora|17\/100 brn\n|move|p2a: Glimmora|Mortal Spin|p1a: Dragapult\n|-resisted|p1a: Dragapult\n|-damage|p1a: Dragapult|99\/100\n|-status|p1a: Dragapult|psn\n|\n|-damage|p1a: Dragapult|86\/100 psn|[from] psn\n|-damage|p2a: Glimmora|11\/100 brn|[from] brn\n|upkeep\n|turn|3\n|\n|t:|1701147101\n|move|p1a: Dragapult|Hex|p2a: Glimmora\n|-damage|p2a: Glimmora|0 fnt\n|faint|p2a: Glimmora\n|\n|-damage|p1a: Dragapult|74\/100 psn|[from] psn\n|upkeep\n|\n|t:|1701147105\n|switch|p2a: Gholdengo|Gholdengo, shiny|100\/100\n|turn|4\n|\n|t:|1701147109\n|switch|p1a: Heatran|Heatran, M|100\/100\n|move|p2a: Gholdengo|Focus Blast|p1a: Heatran|[miss]\n|-miss|p2a: Gholdengo|p1a: Heatran\n|\n|upkeep\n|turn|5\n|\n|t:|1701147118\n|move|p2a: Gholdengo|Focus Blast|p1a: Heatran|[miss]\n|-miss|p2a: Gholdengo|p1a: Heatran\n|move|p1a: Heatran|Stealth Rock|p2a: Gholdengo\n|-sidestart|p2: Poison Ivy Thorns|move: Stealth Rock\n|\n|upkeep\n|turn|6\n|\n|t:|1701147123\n|switch|p1a: Dragapult|Dragapult, M|74\/100 psn\n|move|p2a: Gholdengo|Focus Blast|p1a: Dragapult\n|-immune|p1a: Dragapult\n|\n|-damage|p1a: Dragapult|62\/100 psn|[from] psn\n|upkeep\n|turn|7\n|c|\u2606Poison Ivy Thorns|so annoying\n|\n|t:|1701147129\n|switch|p2a: Kingambit|Kingambit, F|100\/100\n|-damage|p2a: Kingambit|94\/100|[from] Stealth Rock\n|-activate|p2a: Kingambit|ability: Supreme Overlord\n|-start|p2a: Kingambit|fallen1|[silent]\n|move|p1a: Dragapult|Will-O-Wisp|p2a: Kingambit\n|-status|p2a: Kingambit|brn\n|\n|-heal|p2a: Kingambit|100\/100 brn|[from] item: Leftovers\n|-damage|p1a: Dragapult|49\/100 psn|[from] psn\n|-damage|p2a: Kingambit|94\/100 brn|[from] brn\n|upkeep\n|turn|8\n|\n|t:|1701147137\n|switch|p1a: Zapdos|Zapdos|100\/100\n|move|p2a: Kingambit|Iron Head|p1a: Zapdos\n|-resisted|p1a: Zapdos\n|-damage|p1a: Zapdos|87\/100\n|\n|-heal|p2a: Kingambit|100\/100 brn|[from] item: Leftovers\n|-damage|p2a: Kingambit|94\/100 brn|[from] brn\n|upkeep\n|turn|9\n|\n|t:|1701147144\n|switch|p1a: Samurott|Samurott-Hisui, M|100\/100\n|-end|p2a: Kingambit|fallen1|[silent]\n|switch|p2a: Landorus|Landorus-Therian, M|100\/100\n|-damage|p2a: Landorus|88\/100|[from] Stealth Rock\n|-ability|p2a: Landorus|Intimidate|boost\n|-unboost|p1a: Samurott|atk|1\n|\n|upkeep\n|turn|10\n|\n|t:|1701147149\n|move|p1a: Samurott|Razor Shell|p2a: Landorus\n|-supereffective|p2a: Landorus\n|-damage|p2a: Landorus|14\/100\n|move|p2a: Landorus|U-turn|p1a: Samurott\n|-supereffective|p1a: Samurott\n|-damage|p1a: Samurott|0 fnt\n|faint|p1a: Samurott\n|\n|t:|1701147156\n|switch|p2a: Ogerpon|Ogerpon-Wellspring, F|100\/100|[from] U-turn\n|-damage|p2a: Ogerpon|88\/100|[from] Stealth Rock\n|\n|upkeep\n|\n|t:|1701147160\n|switch|p1a: Dragapult|Dragapult, M|49\/100 psn\n|turn|11\n|\n|t:|1701147169\n|switch|p2a: Kingambit|Kingambit, F|94\/100 brn\n|-damage|p2a: Kingambit|88\/100 brn|[from] Stealth Rock\n|-activate|p2a: Kingambit|ability: Supreme Overlord\n|-start|p2a: Kingambit|fallen1|[silent]\n|move|p1a: Dragapult|Will-O-Wisp|p2a: Kingambit\n|-fail|p2a: Kingambit|brn\n|\n|-heal|p2a: Kingambit|94\/100 brn|[from] item: Leftovers\n|-damage|p1a: Dragapult|37\/100 psn|[from] psn\n|-damage|p2a: Kingambit|88\/100 brn|[from] brn\n|upkeep\n|turn|12\n|\n|t:|1701147175\n|switch|p1a: Great Tusk|Great Tusk|100\/100\n|-enditem|p1a: Great Tusk|Booster Energy\n|-activate|p1a: Great Tusk|ability: Protosynthesis|[fromitem]\n|-start|p1a: Great Tusk|protosynthesisspe\n|-end|p2a: Kingambit|fallen1|[silent]\n|switch|p2a: Landorus|Landorus-Therian, M|14\/100\n|-damage|p2a: Landorus|2\/100|[from] Stealth Rock\n|-ability|p2a: Landorus|Intimidate|boost\n|-unboost|p1a: Great Tusk|atk|1\n|\n|upkeep\n|turn|13\n|\n|t:|1701147184\n|move|p1a: Great Tusk|Bulk Up|p1a: Great Tusk\n|-boost|p1a: Great Tusk|atk|1\n|-boost|p1a: Great Tusk|def|1\n|move|p2a: Landorus|Earthquake|p1a: Great Tusk\n|-damage|p1a: Great Tusk|67\/100\n|\n|upkeep\n|turn|14\n|\n|t:|1701147190\n|switch|p2a: Iron Valiant|Iron Valiant|100\/100\n|-damage|p2a: Iron Valiant|94\/100|[from] Stealth Rock\n|-enditem|p2a: Iron Valiant|Booster Energy\n|-activate|p2a: Iron Valiant|ability: Quark Drive|[fromitem]\n|-start|p2a: Iron Valiant|quarkdrivespe\n|move|p1a: Great Tusk|Bulk Up|p1a: Great Tusk\n|-boost|p1a: Great Tusk|atk|1\n|-boost|p1a: Great Tusk|def|1\n|\n|upkeep\n|turn|15\n|\n|t:|1701147207\n|-end|p1a: Great Tusk|Protosynthesis|[silent]\n|switch|p1a: Heatran|Heatran, M|100\/100\n|move|p2a: Iron Valiant|Moonblast|p1a: Heatran\n|-resisted|p1a: Heatran\n|-damage|p1a: Heatran|93\/100\n|\n|-heal|p1a: Heatran|99\/100|[from] item: Leftovers\n|upkeep\n|turn|16\n|\n|t:|1701147213\n|-end|p2a: Iron Valiant|Quark Drive|[silent]\n|switch|p2a: Landorus|Landorus-Therian, M|2\/100\n|-damage|p2a: Landorus|0 fnt|[from] Stealth Rock\n|faint|p2a: Landorus\n|switch|p1a: Dragapult|Dragapult, M|37\/100 psn\n|\n|-damage|p1a: Dragapult|25\/100 psn|[from] psn\n|upkeep\n|\n|t:|1701147222\n|switch|p2a: Gholdengo|Gholdengo, shiny|100\/100\n|-damage|p2a: Gholdengo|94\/100|[from] Stealth Rock\n|turn|17\n|c|\u2606Poison Ivy Thorns|all cause u hax me lol\n|\n|t:|1701147228\n|move|p2a: Gholdengo|Shadow Ball|p1a: Dragapult\n|-supereffective|p1a: Dragapult\n|-damage|p1a: Dragapult|0 fnt\n|faint|p1a: Dragapult\n|\n|upkeep\n|\n|t:|1701147234\n|switch|p1a: Heatran|Heatran, M|99\/100\n|turn|18\n|\n|t:|1701147237\n|switch|p2a: Kingambit|Kingambit, F|88\/100 brn\n|-damage|p2a: Kingambit|82\/100 brn|[from] Stealth Rock\n|-activate|p2a: Kingambit|ability: Supreme Overlord\n|-start|p2a: Kingambit|fallen2|[silent]\n|move|p1a: Heatran|Magma Storm|p2a: Kingambit\n|-supereffective|p2a: Kingambit\n|-damage|p2a: Kingambit|3\/100 brn\n|-activate|p2a: Kingambit|move: Magma Storm|[of] p1a: Heatran\n|\n|-heal|p1a: Heatran|100\/100|[from] item: Leftovers\n|-heal|p2a: Kingambit|9\/100 brn|[from] item: Leftovers\n|-damage|p2a: Kingambit|3\/100 brn|[from] brn\n|-damage|p2a: Kingambit|0 fnt|[from] move: Magma Storm|[partiallytrapped]\n|faint|p2a: Kingambit\n|-end|p2a: Kingambit|fallen2|[silent]\n|upkeep\n|\n|t:|1701147243\n|switch|p2a: Ogerpon|Ogerpon-Wellspring, F|88\/100\n|-damage|p2a: Ogerpon|76\/100|[from] Stealth Rock\n|turn|19\n|\n|t:|1701147252\n|-terastallize|p2a: Ogerpon|Water\n|detailschange|p2a: Ogerpon|Ogerpon-Wellspring-Tera, F, tera:Water\n|-ability|p2a: Ogerpon|Embody Aspect (Wellspring)|boost\n|-boost|p2a: Ogerpon|spd|1\n|-terastallize|p1a: Heatran|Grass\n|move|p2a: Ogerpon|Ivy Cudgel|p1a: Heatran|[anim] Ivy Cudgel Water\n|-resisted|p1a: Heatran\n|-crit|p1a: Heatran\n|-damage|p1a: Heatran|51\/100\n|move|p1a: Heatran|Magma Storm|p2a: Ogerpon|[miss]\n|-miss|p1a: Heatran|p2a: Ogerpon\n|\n|-heal|p1a: Heatran|57\/100|[from] item: Leftovers\n|upkeep\n|turn|20\n|\n|t:|1701147271\n|switch|p1a: Great Tusk|Great Tusk|67\/100\n|move|p2a: Ogerpon|U-turn|p1a: Great Tusk\n|-resisted|p1a: Great Tusk\n|-damage|p1a: Great Tusk|57\/100\n|\n|t:|1701147283\n|switch|p2a: Iron Valiant|Iron Valiant|94\/100|[from] U-turn\n|-damage|p2a: Iron Valiant|88\/100|[from] Stealth Rock\n|\n|upkeep\n|turn|21\n|\n|t:|1701147289\n|move|p2a: Iron Valiant|Moonblast|p1a: Great Tusk\n|-supereffective|p1a: Great Tusk\n|-damage|p1a: Great Tusk|0 fnt\n|faint|p1a: Great Tusk\n|-end|p1a: Great Tusk|Protosynthesis|[silent]\n|\n|upkeep\n|\n|t:|1701147292\n|switch|p1a: Okidogi|Okidogi, M|100\/100\n|turn|22\n|\n|t:|1701147299\n|move|p2a: Iron Valiant|Psyshock|p1a: Okidogi\n|-supereffective|p1a: Okidogi\n|-damage|p1a: Okidogi|9\/100\n|move|p1a: Okidogi|Poison Jab|p2a: Iron Valiant\n|-supereffective|p2a: Iron Valiant\n|-damage|p2a: Iron Valiant|0 fnt\n|faint|p2a: Iron Valiant\n|-end|p2a: Iron Valiant|Quark Drive|[silent]\n|\n|-heal|p1a: Okidogi|15\/100|[from] item: Leftovers\n|upkeep\n|\n|t:|1701147305\n|switch|p2a: Gholdengo|Gholdengo, shiny|94\/100\n|-damage|p2a: Gholdengo|88\/100|[from] Stealth Rock\n|turn|23\n|\n|t:|1701147310\n|move|p2a: Gholdengo|Shadow Ball|p1a: Okidogi\n|-damage|p1a: Okidogi|0 fnt\n|faint|p1a: Okidogi\n|\n|upkeep\n|\n|t:|1701147319\n|switch|p1a: Heatran|Heatran, M, tera:Grass|57\/100\n|turn|24\n|\n|t:|1701147326\n|switch|p1a: Zapdos|Zapdos|87\/100\n|move|p2a: Gholdengo|Shadow Ball|p1a: Zapdos\n|-damage|p1a: Zapdos|42\/100\n|\n|upkeep\n|turn|25\n|\n|t:|1701147333\n|move|p2a: Gholdengo|Shadow Ball|p1a: Zapdos\n|-damage|p1a: Zapdos|0 fnt\n|faint|p1a: Zapdos\n|\n|upkeep\n|-message|southwest road forfeited.\n|\n|win|Poison Ivy Thorns\n|raw|southwest road's rating: 1542 &rarr; <strong>1528<\/strong><br \/>(-14 for losing)\n|raw|Poison Ivy Thorns's rating: 1649 &rarr; <strong>1663<\/strong><br \/>(+14 for winning)\n|l|\u2606southwest road\n","uploadtime":1701147339,"views":3,"p1id":"southwestroad","p2id":"poisonivythorns","formatid":"gen9ou","rating":1528,"private":0,"password":""}