{"id":"gen9ou-1991517350","p1":"JuluNak","p2":"im a person lmao","format":"[Gen 9] OU","log":"|j|\u2606JuluNak\n|j|\u2606im a person lmao\n|t:|1700084214\n|gametype|singles\n|player|p1|JuluNak|2|1170\n|player|p2|im a person lmao|170|1156\n|teamsize|p1|6\n|teamsize|p2|6\n|gen|9\n|tier|[Gen 9] OU\n|rated|\n|rule|Sleep Clause Mod: Limit one foe put to sleep\n|rule|Species Clause: Limit one of each Pok\u00e9mon\n|rule|OHKO Clause: OHKO moves are banned\n|rule|Evasion Items Clause: Evasion items are banned\n|rule|Evasion Moves Clause: Evasion moves are banned\n|rule|Endless Battle Clause: Forcing endless battles is banned\n|rule|HP Percentage Mod: HP is shown in percentages\n|clearpoke\n|poke|p1|Glimmora, M|\n|poke|p1|Ribombee, F|\n|poke|p1|Samurott-Hisui, F|\n|poke|p1|Kingambit, F|\n|poke|p1|Gholdengo|\n|poke|p1|Great Tusk|\n|poke|p2|Decidueye, F|\n|poke|p2|Veluza, M|\n|poke|p2|Cramorant, M|\n|poke|p2|Lumineon, M|\n|poke|p2|Grumpig, M|\n|poke|p2|Moltres|\n|teampreview\n|inactive|Battle timer is ON: inactive players will automatically lose when time's up. (requested by im a person lmao)\n|inactive|im a person lmao has 120 seconds left.\n|\n|t:|1700084246\n|start\n|switch|p1a: Ribombee|Ribombee, F|100\/100\n|switch|p2a: Grumpig|Grumpig, M|100\/100\n|turn|1\n|\n|t:|1700084257\n|move|p1a: Ribombee|Sticky Web|p2a: Grumpig\n|-sidestart|p2: im a person lmao|move: Sticky Web\n|move|p2a: Grumpig|Encore|p1a: Ribombee\n|-start|p1a: Ribombee|Encore\n|\n|upkeep\n|turn|2\n|\n|t:|1700084264\n|switch|p1a: Samurott|Samurott-Hisui, F|100\/100\n|move|p2a: Grumpig|Rain Dance|p2a: Grumpig\n|-weather|RainDance\n|\n|-weather|RainDance|[upkeep]\n|upkeep\n|turn|3\n|\n|t:|1700084278\n|switch|p2a: Moltres|Moltres|100\/100\n|move|p1a: Samurott|Ceaseless Edge|p2a: Moltres\n|-damage|p2a: Moltres|59\/100\n|-status|p1a: Samurott|brn|[from] ability: Flame Body|[of] p2a: Moltres\n|-sidestart|p2: im a person lmao|Spikes\n|\n|-weather|RainDance|[upkeep]\n|-damage|p1a: Samurott|94\/100 brn|[from] brn\n|upkeep\n|turn|4\n|\n|t:|1700084297\n|move|p1a: Samurott|Aqua Jet|p2a: Moltres\n|-supereffective|p2a: Moltres\n|-damage|p2a: Moltres|29\/100\n|move|p2a: Moltres|U-turn|p1a: Samurott\n|-supereffective|p1a: Samurott\n|-damage|p1a: Samurott|57\/100 brn\n|inactive|im a person lmao has 120 seconds left.\n|\n|t:|1700084323\n|switch|p2a: Lumineon|Lumineon, M|100\/100|[from] U-turn\n|-activate|p2a: Lumineon|move: Sticky Web\n|-unboost|p2a: Lumineon|spe|1\n|-damage|p2a: Lumineon|88\/100|[from] Spikes\n|\n|-weather|RainDance|[upkeep]\n|-damage|p1a: Samurott|51\/100 brn|[from] brn\n|upkeep\n|turn|5\n|inactive|im a person lmao has 120 seconds left.\n|\n|t:|1700084332\n|move|p2a: Lumineon|Dazzling Gleam|p1a: Samurott\n|-supereffective|p1a: Samurott\n|-damage|p1a: Samurott|0 fnt\n|faint|p1a: Samurott\n|\n|-weather|RainDance|[upkeep]\n|upkeep\n|\n|t:|1700084346\n|switch|p1a: Gholdengo|Gholdengo|100\/100\n|turn|6\n|\n|t:|1700084352\n|switch|p2a: Cramorant|Cramorant, M|100\/100\n|move|p1a: Gholdengo|Shadow Ball|p2a: Cramorant\n|-damage|p2a: Cramorant|44\/100\n|-unboost|p2a: Cramorant|spd|1\n|\n|-weather|RainDance|[upkeep]\n|upkeep\n|turn|7\n|\n|t:|1700084362\n|-terastallize|p2a: Cramorant|Water\n|move|p2a: Cramorant|Hydro Pump|p1a: Gholdengo\n|-damage|p1a: Gholdengo|1\/100\n|move|p1a: Gholdengo|Shadow Ball|p2a: Cramorant\n|-damage|p2a: Cramorant|0 fnt\n|faint|p2a: Cramorant\n|\n|-weather|RainDance|[upkeep]\n|upkeep\n|\n|t:|1700084370\n|switch|p2a: Moltres|Moltres|29\/100\n|turn|8\n|\n|t:|1700084382\n|switch|p1a: Glimmora|Glimmora, M|100\/100\n|move|p2a: Moltres|U-turn|p1a: Glimmora\n|-resisted|p1a: Glimmora\n|-damage|p1a: Glimmora|91\/100\n|-activate|p1a: Glimmora|ability: Toxic Debris\n|-sidestart|p2: im a person lmao|move: Toxic Spikes\n|inactive|im a person lmao has 120 seconds left.\n|\n|t:|1700084409\n|switch|p2a: Lumineon|Lumineon, M|88\/100|[from] U-turn\n|-activate|p2a: Lumineon|move: Sticky Web\n|-unboost|p2a: Lumineon|spe|1\n|-damage|p2a: Lumineon|76\/100|[from] Spikes\n|-status|p2a: Lumineon|psn\n|\n|-weather|RainDance|[upkeep]\n|-damage|p2a: Lumineon|64\/100 psn|[from] psn\n|upkeep\n|turn|9\n|inactive|im a person lmao has 120 seconds left.\n|\n|t:|1700084424\n|-terastallize|p1a: Glimmora|Grass\n|move|p2a: Lumineon|U-turn|p1a: Glimmora\n|-supereffective|p1a: Glimmora\n|-damage|p1a: Glimmora|67\/100\n|-activate|p1a: Glimmora|ability: Toxic Debris\n|-sidestart|p2: im a person lmao|move: Toxic Spikes\n|\n|t:|1700084434\n|switch|p2a: Veluza|Veluza, M|100\/100|[from] U-turn\n|-activate|p2a: Veluza|move: Sticky Web\n|-unboost|p2a: Veluza|spe|1\n|-damage|p2a: Veluza|88\/100|[from] Spikes\n|-status|p2a: Veluza|tox\n|move|p1a: Glimmora|Energy Ball|p2a: Veluza\n|-supereffective|p2a: Veluza\n|-damage|p2a: Veluza|0 fnt\n|faint|p2a: Veluza\n|\n|-weather|none\n|upkeep\n|\n|t:|1700084447\n|switch|p2a: Moltres|Moltres|29\/100\n|turn|10\n|\n|t:|1700084457\n|switch|p1a: Gholdengo|Gholdengo|1\/100\n|move|p2a: Moltres|Roost|p2a: Moltres\n|-heal|p2a: Moltres|79\/100\n|-singleturn|p2a: Moltres|move: Roost\n|\n|upkeep\n|turn|11\n|\n|t:|1700084465\n|move|p2a: Moltres|U-turn|p1a: Gholdengo\n|-resisted|p1a: Gholdengo\n|-damage|p1a: Gholdengo|0 fnt\n|faint|p1a: Gholdengo\n|\n|t:|1700084470\n|switch|p2a: Grumpig|Grumpig, M|100\/100|[from] U-turn\n|-activate|p2a: Grumpig|move: Sticky Web\n|-unboost|p2a: Grumpig|spe|1\n|-damage|p2a: Grumpig|88\/100|[from] Spikes\n|-status|p2a: Grumpig|tox\n|\n|-damage|p2a: Grumpig|82\/100 tox|[from] psn\n|upkeep\n|\n|t:|1700084481\n|switch|p1a: Kingambit|Kingambit, F|100\/100\n|-activate|p1a: Kingambit|ability: Supreme Overlord\n|-start|p1a: Kingambit|fallen2|[silent]\n|turn|12\n|\n|t:|1700084487\n|move|p1a: Kingambit|Swords Dance|p1a: Kingambit\n|-boost|p1a: Kingambit|atk|2\n|move|p2a: Grumpig|Focus Blast|p1a: Kingambit\n|-supereffective|p1a: Kingambit\n|-damage|p1a: Kingambit|0 fnt\n|faint|p1a: Kingambit\n|-end|p1a: Kingambit|fallen2|[silent]\n|\n|-damage|p2a: Grumpig|70\/100 tox|[from] psn\n|upkeep\n|\n|t:|1700084498\n|switch|p1a: Great Tusk|Great Tusk|100\/100\n|turn|13\n|\n|t:|1700084503\n|move|p1a: Great Tusk|Knock Off|p2a: Grumpig\n|-supereffective|p2a: Grumpig\n|-damage|p2a: Grumpig|0 fnt\n|-enditem|p2a: Grumpig|Damp Rock|[from] move: Knock Off|[of] p1a: Great Tusk\n|faint|p2a: Grumpig\n|\n|upkeep\n|\n|t:|1700084509\n|switch|p2a: Moltres|Moltres|79\/100\n|turn|14\n|\n|t:|1700084521\n|-end|p1a: Great Tusk|Protosynthesis|[silent]\n|switch|p1a: Glimmora|Glimmora, M, tera:Grass|67\/100\n|move|p2a: Moltres|Hurricane|p1a: Glimmora\n|-supereffective|p1a: Glimmora\n|-damage|p1a: Glimmora|0 fnt\n|faint|p1a: Glimmora\n|\n|upkeep\n|\n|t:|1700084534\n|switch|p1a: Great Tusk|Great Tusk|100\/100\n|turn|15\n|\n|t:|1700084544\n|move|p2a: Moltres|Hurricane|p1a: Great Tusk\n|-supereffective|p1a: Great Tusk\n|-damage|p1a: Great Tusk|0 fnt\n|faint|p1a: Great Tusk\n|-end|p1a: Great Tusk|Protosynthesis|[silent]\n|\n|upkeep\n|-message|JuluNak forfeited.\n|\n|win|im a person lmao\n|raw|JuluNak's rating: 1170 &rarr; <strong>1144<\/strong><br \/>(-26 for losing)\n|raw|im a person lmao's rating: 1156 &rarr; <strong>1182<\/strong><br \/>(+26 for winning)\n|l|\u2606JuluNak\n|c|\u2606im a person lmao|gg\n","uploadtime":1700084564,"views":8,"p1id":"julunak","p2id":"imapersonlmao","formatid":"gen9ou","rating":1144,"private":0,"password":""}