{"id":"gen9ou-1998223800","p1":"ConnorTG5","p2":"endersOverlord","format":"[Gen 9] OU","log":"|j|\u2606ConnorTG5\n|j|\u2606endersOverlord\n|t:|1700915582\n|gametype|singles\n|player|p1|ConnorTG5|cheren-gen5bw2|\n|player|p2|endersOverlord|colress|\n|teamsize|p1|6\n|teamsize|p2|6\n|gen|9\n|tier|[Gen 9] OU\n|rule|Sleep Clause Mod: Limit one foe put to sleep\n|rule|Species Clause: Limit one of each Pok\u00e9mon\n|rule|OHKO Clause: OHKO moves are banned\n|rule|Evasion Items Clause: Evasion items are banned\n|rule|Evasion Moves Clause: Evasion moves are banned\n|rule|Endless Battle Clause: Forcing endless battles is banned\n|rule|HP Percentage Mod: HP is shown in percentages\n|clearpoke\n|poke|p1|Umbreon, M|\n|poke|p1|Sylveon, F|\n|poke|p1|Garchomp, F|\n|poke|p1|Carbink|\n|poke|p1|Altaria, M|\n|poke|p1|Gyarados, M|\n|poke|p2|Rotom-Wash|\n|poke|p2|Tinkaton, F|\n|poke|p2|Iron Hands|\n|poke|p2|Hydreigon, F|\n|poke|p2|Iron Moth|\n|poke|p2|Ogerpon, F|\n|teampreview\n|inactive|Battle timer is ON: inactive players will automatically lose when time's up. (requested by ConnorTG5)\n|\n|t:|1700915601\n|start\n|switch|p1a: Sylvie|Sylveon, F, shiny|100\/100\n|switch|p2a: Smashy|Ogerpon, F|100\/100\n|turn|1\n|\n|t:|1700915621\n|switch|p2a: Doubletap|Tinkaton, F|100\/100\n|-ability|p2a: Doubletap|Mold Breaker\n|-terastallize|p1a: Sylvie|Fire\n|move|p1a: Sylvie|Tera Blast|p2a: Doubletap|[anim] Tera Blast Fire\n|-supereffective|p2a: Doubletap\n|-damage|p2a: Doubletap|33\/100\n|-damage|p1a: Sylvie|91\/100|[from] item: Life Orb\n|\n|-heal|p2a: Doubletap|39\/100|[from] item: Leftovers\n|upkeep\n|turn|2\n|\n|t:|1700915635\n|move|p2a: Doubletap|Thunder Wave|p1a: Sylvie\n|-status|p1a: Sylvie|par\n|move|p1a: Sylvie|Tera Blast|p2a: Doubletap|[anim] Tera Blast Fire\n|-supereffective|p2a: Doubletap\n|-damage|p2a: Doubletap|0 fnt\n|faint|p2a: Doubletap\n|-damage|p1a: Sylvie|81\/100 par|[from] item: Life Orb\n|\n|upkeep\n|\n|t:|1700915643\n|switch|p2a: Cal-Gone|Rotom-Wash, shiny|100\/100\n|turn|3\n|\n|t:|1700915651\n|move|p2a: Cal-Gone|Electric Terrain|p2a: Cal-Gone\n|-fieldstart|move: Electric Terrain\n|cant|p1a: Sylvie|par\n|\n|upkeep\n|turn|4\n|\n|t:|1700915656\n|move|p2a: Cal-Gone|Hydro Pump|p1a: Sylvie\n|-supereffective|p1a: Sylvie\n|-damage|p1a: Sylvie|26\/100 par\n|move|p1a: Sylvie|Hyper Voice|p2a: Cal-Gone\n|-damage|p2a: Cal-Gone|26\/100\n|-damage|p1a: Sylvie|16\/100 par|[from] item: Life Orb\n|\n|upkeep\n|turn|5\n|\n|t:|1700915664\n|move|p2a: Cal-Gone|Volt Switch|p1a: Sylvie\n|-damage|p1a: Sylvie|0 fnt\n|faint|p1a: Sylvie\n|\n|t:|1700915669\n|switch|p2a: Mr. Electric|Iron Hands, shiny|100\/100|[from] Volt Switch\n|-activate|p2a: Mr. Electric|ability: Quark Drive\n|-start|p2a: Mr. Electric|quarkdrivedef\n|\n|upkeep\n|\n|t:|1700915689\n|switch|p1a: Cynthia|Garchomp, F|100\/100\n|turn|6\n|\n|t:|1700915692\n|move|p1a: Cynthia|Spikes|p2a: Mr. Electric\n|-sidestart|p2: endersOverlord|Spikes\n|move|p2a: Mr. Electric|Ice Punch|p1a: Cynthia\n|-supereffective|p1a: Cynthia\n|-damage|p1a: Cynthia|34\/100\n|-damage|p2a: Mr. Electric|88\/100|[from] ability: Rough Skin|[of] p1a: Cynthia\n|-damage|p2a: Mr. Electric|72\/100|[from] item: Rocky Helmet|[of] p1a: Cynthia\n|\n|-heal|p2a: Mr. Electric|78\/100|[from] item: Leftovers\n|upkeep\n|turn|7\n|\n|t:|1700915701\n|move|p1a: Cynthia|Rest||[still]\n|-activate|p1a: Cynthia|move: Electric Terrain\n|-fail|p1a: Cynthia\n|move|p2a: Mr. Electric|Ice Punch|p1a: Cynthia\n|-supereffective|p1a: Cynthia\n|-damage|p1a: Cynthia|0 fnt\n|-damage|p2a: Mr. Electric|65\/100|[from] ability: Rough Skin|[of] p1a: Cynthia\n|-damage|p2a: Mr. Electric|49\/100|[from] item: Rocky Helmet|[of] p1a: Cynthia\n|faint|p1a: Cynthia\n|\n|-heal|p2a: Mr. Electric|55\/100|[from] item: Leftovers\n|upkeep\n|\n|t:|1700915715\n|switch|p1a: Carbon|Carbink|100\/100\n|turn|8\n|\n|t:|1700915723\n|move|p2a: Mr. Electric|Drain Punch|p1a: Carbon\n|-damage|p1a: Carbon|74\/100\n|-heal|p2a: Mr. Electric|63\/100|[from] drain|[of] p1a: Carbon\n|move|p1a: Carbon|Reflect|p1a: Carbon\n|-sidestart|p1: ConnorTG5|Reflect\n|\n|-heal|p2a: Mr. Electric|69\/100|[from] item: Leftovers\n|upkeep\n|turn|9\n|\n|t:|1700915738\n|switch|p1a: Eddy|Umbreon, M, shiny|100\/100\n|move|p2a: Mr. Electric|Swords Dance|p2a: Mr. Electric\n|-boost|p2a: Mr. Electric|atk|2\n|\n|-heal|p2a: Mr. Electric|75\/100|[from] item: Leftovers\n|upkeep\n|turn|10\n|\n|t:|1700915750\n|-terastallize|p2a: Mr. Electric|Water\n|move|p1a: Eddy|Toxic|p2a: Mr. Electric\n|-status|p2a: Mr. Electric|tox\n|move|p2a: Mr. Electric|Swords Dance|p2a: Mr. Electric\n|-boost|p2a: Mr. Electric|atk|2\n|\n|-heal|p2a: Mr. Electric|81\/100 tox|[from] item: Leftovers\n|-damage|p2a: Mr. Electric|75\/100 tox|[from] psn\n|-fieldend|move: Electric Terrain\n|-end|p2a: Mr. Electric|Quark Drive\n|upkeep\n|turn|11\n|\n|t:|1700915761\n|move|p1a: Eddy|Protect|p1a: Eddy\n|-singleturn|p1a: Eddy|Protect\n|move|p2a: Mr. Electric|Drain Punch|p1a: Eddy\n|-activate|p1a: Eddy|move: Protect\n|\n|-heal|p2a: Mr. Electric|81\/100 tox|[from] item: Leftovers\n|-damage|p2a: Mr. Electric|69\/100 tox|[from] psn\n|upkeep\n|turn|12\n|\n|t:|1700915770\n|switch|p1a: Arthur|Altaria, M|100\/100\n|move|p2a: Mr. Electric|Drain Punch|p1a: Arthur\n|-resisted|p1a: Arthur\n|-damage|p1a: Arthur|75\/100\n|-heal|p2a: Mr. Electric|78\/100 tox|[from] drain|[of] p1a: Arthur\n|\n|-heal|p2a: Mr. Electric|84\/100 tox|[from] item: Leftovers\n|-damage|p2a: Mr. Electric|65\/100 tox|[from] psn\n|upkeep\n|turn|13\n|\n|t:|1700915787\n|switch|p1a: Carbon|Carbink|74\/100\n|move|p2a: Mr. Electric|Ice Punch|p1a: Carbon\n|-damage|p1a: Carbon|46\/100\n|\n|-heal|p2a: Mr. Electric|72\/100 tox|[from] item: Leftovers\n|-damage|p2a: Mr. Electric|47\/100 tox|[from] psn\n|upkeep\n|turn|14\n|\n|t:|1700915806\n|move|p2a: Mr. Electric|Ice Punch|p1a: Carbon\n|-damage|p1a: Carbon|21\/100\n|move|p1a: Carbon|Rest|p1a: Carbon\n|-status|p1a: Carbon|slp|[from] move: Rest\n|-heal|p1a: Carbon|100\/100 slp|[silent]\n|\n|-heal|p2a: Mr. Electric|53\/100 tox|[from] item: Leftovers\n|-damage|p2a: Mr. Electric|23\/100 tox|[from] psn\n|upkeep\n|turn|15\n|\n|t:|1700915823\n|-end|p2a: Mr. Electric|Quark Drive|[silent]\n|switch|p2a: Harmonia|Hydreigon, F|100\/100\n|cant|p1a: Carbon|slp\n|move|p1a: Carbon|Sleep Talk|p1a: Carbon\n|move|p1a: Carbon|Light Screen|p1a: Carbon|[from]move: Sleep Talk\n|-sidestart|p1: ConnorTG5|move: Light Screen\n|\n|-sideend|p1: ConnorTG5|Reflect\n|upkeep\n|turn|16\n|\n|t:|1700915831\n|move|p2a: Harmonia|Nasty Plot|p2a: Harmonia\n|-boost|p2a: Harmonia|spa|2\n|cant|p1a: Carbon|slp\n|move|p1a: Carbon|Sleep Talk|p1a: Carbon\n|move|p1a: Carbon|Light Screen||[from]move: Sleep Talk|[still]\n|-fail|p1a: Carbon\n|\n|upkeep\n|turn|17\n|\n|t:|1700915841\n|switch|p1a: Eddy|Umbreon, M, shiny|100\/100\n|move|p2a: Harmonia|Nasty Plot|p2a: Harmonia\n|-boost|p2a: Harmonia|spa|2\n|\n|upkeep\n|turn|18\n|\n|t:|1700915856\n|move|p2a: Harmonia|Earth Power|p1a: Eddy\n|-damage|p1a: Eddy|71\/100\n|-damage|p2a: Harmonia|91\/100|[from] item: Life Orb\n|move|p1a: Eddy|Toxic|p2a: Harmonia\n|-status|p2a: Harmonia|tox\n|\n|-heal|p1a: Eddy|77\/100|[from] item: Leftovers\n|-damage|p2a: Harmonia|84\/100 tox|[from] psn\n|upkeep\n|turn|19\n|\n|t:|1700915865\n|move|p2a: Harmonia|Nasty Plot|p2a: Harmonia\n|-boost|p2a: Harmonia|spa|2\n|move|p1a: Eddy|Snarl|p2a: Harmonia\n|-resisted|p2a: Harmonia\n|-damage|p2a: Harmonia|78\/100 tox\n|-unboost|p2a: Harmonia|spa|1\n|\n|-heal|p1a: Eddy|83\/100|[from] item: Leftovers\n|-damage|p2a: Harmonia|65\/100 tox|[from] psn\n|upkeep\n|turn|20\n|\n|t:|1700915877\n|move|p2a: Harmonia|Draco Meteor|p1a: Eddy\n|-damage|p1a: Eddy|0 fnt\n|-unboost|p2a: Harmonia|spa|2\n|faint|p1a: Eddy\n|-damage|p2a: Harmonia|56\/100 tox|[from] item: Life Orb\n|\n|-damage|p2a: Harmonia|37\/100 tox|[from] psn\n|upkeep\n|\n|t:|1700915888\n|switch|p1a: Wake|Gyarados, M|100\/100\n|turn|21\n|\n|t:|1700915892\n|move|p2a: Harmonia|Draco Meteor|p1a: Wake\n|-enditem|p1a: Wake|Focus Sash\n|-damage|p1a: Wake|1\/100\n|-unboost|p2a: Harmonia|spa|2\n|-damage|p2a: Harmonia|27\/100 tox|[from] item: Life Orb\n|move|p1a: Wake|Dragon Dance|p1a: Wake\n|-boost|p1a: Wake|atk|1\n|-boost|p1a: Wake|spe|1\n|\n|-damage|p2a: Harmonia|3\/100 tox|[from] psn\n|upkeep\n|turn|22\n|\n|t:|1700915908\n|move|p1a: Wake|Body Slam|p2a: Harmonia\n|-damage|p2a: Harmonia|0 fnt\n|faint|p2a: Harmonia\n|-ability|p1a: Wake|Moxie|boost\n|-boost|p1a: Wake|atk|1\n|\n|-sideend|p1: ConnorTG5|move: Light Screen\n|upkeep\n|\n|t:|1700915915\n|switch|p2a: Smashy|Ogerpon, F|100\/100\n|-damage|p2a: Smashy|88\/100|[from] Spikes\n|turn|23\n|\n|t:|1700915921\n|move|p1a: Wake|Body Slam|p2a: Smashy\n|-damage|p2a: Smashy|6\/100\n|move|p2a: Smashy|U-turn|p1a: Wake\n|-resisted|p1a: Wake\n|-damage|p1a: Wake|0 fnt\n|faint|p1a: Wake\n|\n|t:|1700915931\n|switch|p2a: Ra-Moon|Iron Moth, shiny|100\/100|[from] U-turn\n|-damage|p2a: Ra-Moon|88\/100|[from] Spikes\n|\n|upkeep\n|\n|t:|1700915937\n|switch|p1a: Carbon|Carbink|100\/100 slp\n|turn|24\n|\n|t:|1700915946\n|move|p2a: Ra-Moon|Discharge|p1a: Carbon\n|-damage|p1a: Carbon|73\/100 slp\n|-curestatus|p1a: Carbon|slp|[msg]\n|move|p1a: Carbon|Light Screen|p1a: Carbon\n|-sidestart|p1: ConnorTG5|move: Light Screen\n|\n|upkeep\n|turn|25\n|\n|t:|1700915952\n|move|p2a: Ra-Moon|Discharge|p1a: Carbon\n|-damage|p1a: Carbon|60\/100\n|move|p1a: Carbon|Reflect|p1a: Carbon\n|-sidestart|p1: ConnorTG5|Reflect\n|\n|upkeep\n|turn|26\n|\n|t:|1700915960\n|move|p2a: Ra-Moon|Discharge|p1a: Carbon\n|-damage|p1a: Carbon|47\/100\n|move|p1a: Carbon|Rest|p1a: Carbon\n|-status|p1a: Carbon|slp|[from] move: Rest\n|-heal|p1a: Carbon|100\/100 slp|[silent]\n|\n|upkeep\n|turn|27\n|\n|t:|1700915967\n|switch|p1a: Arthur|Altaria, M|75\/100\n|move|p2a: Ra-Moon|Discharge|p1a: Arthur\n|-damage|p1a: Arthur|59\/100\n|\n|upkeep\n|turn|28\n|\n|t:|1700915973\n|move|p2a: Ra-Moon|Discharge|p1a: Arthur\n|-damage|p1a: Arthur|43\/100\n|move|p1a: Arthur|Roost|p1a: Arthur\n|-heal|p1a: Arthur|93\/100\n|-singleturn|p1a: Arthur|move: Roost\n|\n|upkeep\n|turn|29\n|\n|t:|1700915981\n|move|p2a: Ra-Moon|Discharge|p1a: Arthur\n|-damage|p1a: Arthur|76\/100\n|move|p1a: Arthur|Dual Wingbeat|p2a: Ra-Moon\n|-damage|p2a: Ra-Moon|71\/100\n|-damage|p2a: Ra-Moon|52\/100\n|-hitcount|p2a: Ra-Moon|2\n|\n|upkeep\n|turn|30\n|\n|t:|1700915989\n|move|p2a: Ra-Moon|Discharge|p1a: Arthur\n|-damage|p1a: Arthur|58\/100\n|-status|p1a: Arthur|par\n|cant|p1a: Arthur|par\n|\n|upkeep\n|turn|31\n|\n|t:|1700916002\n|-end|p2a: Ra-Moon|Quark Drive|[silent]\n|switch|p2a: Cal-Gone|Rotom-Wash, shiny|26\/100\n|-curestatus|p1a: Arthur|par|[from] ability: Natural Cure\n|switch|p1a: Carbon|Carbink|100\/100 slp\n|\n|-sideend|p1: ConnorTG5|move: Light Screen\n|upkeep\n|turn|32\n|\n|t:|1700916015\n|move|p2a: Cal-Gone|Hydro Pump|p1a: Carbon\n|-supereffective|p1a: Carbon\n|-damage|p1a: Carbon|48\/100 slp\n|cant|p1a: Carbon|slp\n|move|p1a: Carbon|Sleep Talk|p1a: Carbon\n|move|p1a: Carbon|Light Screen|p1a: Carbon|[from]move: Sleep Talk\n|-sidestart|p1: ConnorTG5|move: Light Screen\n|\n|-sideend|p1: ConnorTG5|Reflect\n|upkeep\n|turn|33\n|\n|t:|1700916024\n|move|p2a: Cal-Gone|Electric Terrain|p2a: Cal-Gone\n|-fieldstart|move: Electric Terrain\n|cant|p1a: Carbon|slp\n|move|p1a: Carbon|Sleep Talk|p1a: Carbon\n|move|p1a: Carbon|Reflect|p1a: Carbon|[from]move: Sleep Talk\n|-sidestart|p1: ConnorTG5|Reflect\n|\n|upkeep\n|turn|34\n|\n|t:|1700916032\n|switch|p1a: Arthur|Altaria, M|58\/100\n|move|p2a: Cal-Gone|Hydro Pump|p1a: Arthur\n|-resisted|p1a: Arthur\n|-damage|p1a: Arthur|51\/100\n|\n|upkeep\n|turn|35\n|\n|t:|1700916042\n|move|p2a: Cal-Gone|Hydro Pump|p1a: Arthur\n|-resisted|p1a: Arthur\n|-damage|p1a: Arthur|44\/100\n|move|p1a: Arthur|Roost|p1a: Arthur\n|-heal|p1a: Arthur|94\/100\n|-singleturn|p1a: Arthur|move: Roost\n|\n|upkeep\n|turn|36\n|\n|t:|1700916059\n|switch|p2a: Ra-Moon|Iron Moth, shiny|52\/100\n|-damage|p2a: Ra-Moon|40\/100|[from] Spikes\n|-activate|p2a: Ra-Moon|ability: Quark Drive\n|-start|p2a: Ra-Moon|quarkdrivespa\n|move|p1a: Arthur|Dual Wingbeat|p2a: Ra-Moon\n|-damage|p2a: Ra-Moon|21\/100\n|-damage|p2a: Ra-Moon|2\/100\n|-hitcount|p2a: Ra-Moon|2\n|\n|upkeep\n|turn|37\n|\n|t:|1700916073\n|move|p2a: Ra-Moon|Discharge|p1a: Arthur\n|-damage|p1a: Arthur|67\/100\n|move|p1a: Arthur|Dual Wingbeat|p2a: Ra-Moon|[miss]\n|-miss|p1a: Arthur|p2a: Ra-Moon\n|\n|upkeep\n|turn|38\n|\n|t:|1700916080\n|move|p2a: Ra-Moon|Discharge|p1a: Arthur\n|-damage|p1a: Arthur|41\/100\n|move|p1a: Arthur|Dual Wingbeat|p2a: Ra-Moon\n|-damage|p2a: Ra-Moon|0 fnt\n|faint|p2a: Ra-Moon\n|-end|p2a: Ra-Moon|Quark Drive|[silent]\n|-hitcount|p2: Ra-Moon|1\n|\n|upkeep\n|\n|t:|1700916088\n|switch|p2a: Cal-Gone|Rotom-Wash, shiny|26\/100\n|turn|39\n|\n|t:|1700916096\n|move|p2a: Cal-Gone|Volt Switch|p1a: Arthur\n|-damage|p1a: Arthur|32\/100\n|\n|t:|1700916100\n|switch|p2a: Mr. Electric|Iron Hands, shiny, tera:Water|23\/100 tox|[from] Volt Switch\n|-damage|p2a: Mr. Electric|11\/100 tox|[from] Spikes\n|-activate|p2a: Mr. Electric|ability: Quark Drive\n|-start|p2a: Mr. Electric|quarkdrivedef\n|move|p1a: Arthur|Roost|p1a: Arthur\n|-heal|p1a: Arthur|82\/100\n|-singleturn|p1a: Arthur|move: Roost\n|\n|-heal|p2a: Mr. Electric|17\/100 tox|[from] item: Leftovers\n|-damage|p2a: Mr. Electric|11\/100 tox|[from] psn\n|-sideend|p1: ConnorTG5|move: Light Screen\n|upkeep\n|turn|40\n|\n|t:|1700916120\n|switch|p1a: Carbon|Carbink|48\/100 slp\n|move|p2a: Mr. Electric|Drain Punch|p1a: Carbon\n|-damage|p1a: Carbon|35\/100 slp\n|-heal|p2a: Mr. Electric|15\/100 tox|[from] drain|[of] p1a: Carbon\n|\n|-heal|p2a: Mr. Electric|21\/100 tox|[from] item: Leftovers\n|-damage|p2a: Mr. Electric|9\/100 tox|[from] psn\n|-sideend|p1: ConnorTG5|Reflect\n|-fieldend|move: Electric Terrain\n|-end|p2a: Mr. Electric|Quark Drive\n|upkeep\n|turn|41\n|\n|t:|1700916136\n|move|p2a: Mr. Electric|Drain Punch|p1a: Carbon\n|-damage|p1a: Carbon|8\/100 slp\n|-heal|p2a: Mr. Electric|17\/100 tox|[from] drain|[of] p1a: Carbon\n|-curestatus|p1a: Carbon|slp|[msg]\n|move|p1a: Carbon|Light Screen|p1a: Carbon\n|-sidestart|p1: ConnorTG5|move: Light Screen\n|\n|-heal|p2a: Mr. Electric|23\/100 tox|[from] item: Leftovers\n|-damage|p2a: Mr. Electric|4\/100 tox|[from] psn\n|upkeep\n|turn|42\n|\n|t:|1700916149\n|move|p2a: Mr. Electric|Ice Punch|p1a: Carbon\n|-damage|p1a: Carbon|0 fnt\n|faint|p1a: Carbon\n|\n|-heal|p2a: Mr. Electric|10\/100 tox|[from] item: Leftovers\n|-damage|p2a: Mr. Electric|0 fnt|[from] psn\n|faint|p2a: Mr. Electric\n|-end|p2a: Mr. Electric|Quark Drive|[silent]\n|upkeep\n|\n|t:|1700916157\n|switch|p2a: Cal-Gone|Rotom-Wash, shiny|26\/100\n|switch|p1a: Arthur|Altaria, M|82\/100\n|turn|43\n|\n|t:|1700916165\n|move|p2a: Cal-Gone|Volt Switch|p1a: Arthur\n|-damage|p1a: Arthur|73\/100\n|\n|t:|1700916168\n|switch|p2a: Smashy|Ogerpon, F|6\/100|[from] Volt Switch\n|-damage|p2a: Smashy|0 fnt|[from] Spikes\n|faint|p2a: Smashy\n|move|p1a: Arthur|Dual Wingbeat|p2: Smashy|[notarget]\n|-fail|p1a: Arthur\n|\n|upkeep\n|\n|t:|1700916175\n|switch|p2a: Cal-Gone|Rotom-Wash, shiny|26\/100\n|turn|44\n|\n|t:|1700916180\n|move|p2a: Cal-Gone|Hydro Pump|p1a: Arthur\n|-resisted|p1a: Arthur\n|-damage|p1a: Arthur|65\/100\n|move|p1a: Arthur|Dual Wingbeat|p2a: Cal-Gone\n|-resisted|p2a: Cal-Gone\n|-damage|p2a: Cal-Gone|22\/100\n|-resisted|p2a: Cal-Gone\n|-damage|p2a: Cal-Gone|18\/100\n|-hitcount|p2a: Cal-Gone|2\n|\n|upkeep\n|turn|45\n|\n|t:|1700916196\n|move|p2a: Cal-Gone|Volt Switch|p1a: Arthur\n|-damage|p1a: Arthur|56\/100\n|move|p1a: Arthur|Roost|p1a: Arthur\n|-heal|p1a: Arthur|100\/100\n|-singleturn|p1a: Arthur|move: Roost\n|\n|upkeep\n|turn|46\n|\n|t:|1700916205\n|move|p2a: Cal-Gone|Volt Switch|p1a: Arthur\n|-damage|p1a: Arthur|91\/100\n|move|p1a: Arthur|Dual Wingbeat|p2a: Cal-Gone\n|-resisted|p2a: Cal-Gone\n|-damage|p2a: Cal-Gone|13\/100\n|-resisted|p2a: Cal-Gone\n|-damage|p2a: Cal-Gone|9\/100\n|-hitcount|p2a: Cal-Gone|2\n|\n|upkeep\n|turn|47\n|\n|t:|1700916213\n|move|p2a: Cal-Gone|Volt Switch|p1a: Arthur\n|-damage|p1a: Arthur|82\/100\n|move|p1a: Arthur|Dual Wingbeat|p2a: Cal-Gone\n|-resisted|p2a: Cal-Gone\n|-crit|p2a: Cal-Gone\n|-damage|p2a: Cal-Gone|3\/100\n|-resisted|p2a: Cal-Gone\n|-damage|p2a: Cal-Gone|0 fnt\n|faint|p2a: Cal-Gone\n|-hitcount|p2: Cal-Gone|2\n|\n|win|ConnorTG5\n","uploadtime":1700916240,"views":9,"p1id":"connortg5","p2id":"endersoverlord","formatid":"gen9ou","rating":0,"private":0,"password":""}