{"id":"gen9ou-2000674676","p1":"waffleman0307","p2":"MewtwOficial","format":"[Gen 9] OU","log":"|j|\u2606waffleman0307\n|j|\u2606MewtwOficial\n|inactive|Battle timer is ON: inactive players will automatically lose when time's up.\n|t:|1701217380\n|gametype|singles\n|player|p1|waffleman0307|101|\n|player|p2|MewtwOficial|169|\n|teamsize|p1|3\n|teamsize|p2|3\n|gen|9\n|tier|[Gen 9] OU\n|rated|Tournament battle\n|rule|Sleep Clause Mod: Limit one foe put to sleep\n|rule|Species Clause: Limit one of each Pok\u00e9mon\n|rule|OHKO Clause: OHKO moves are banned\n|rule|Evasion Items Clause: Evasion items are banned\n|rule|Evasion Moves Clause: Evasion moves are banned\n|rule|Endless Battle Clause: Forcing endless battles is banned\n|rule|HP Percentage Mod: HP is shown in percentages\n|clearpoke\n|poke|p1|Sneasel-Hisui, F|\n|poke|p1|Dragonite, F|\n|poke|p1|Corviknight, M|\n|poke|p2|Chansey, F|\n|poke|p2|Quaquaval, M|\n|poke|p2|Lampent, F|\n|teampreview\n|j|*Lady Monita \u2746\n|j| Brooklynn_Jiji\n|c|\u2606MewtwOficial|gl hf\n|\n|t:|1701217385\n|start\n|switch|p1a: Sneasel|Sneasel-Hisui, F|100\/100\n|switch|p2a: Chansey|Chansey, F|100\/100\n|turn|1\n|c| Brooklynn_Jiji|KILL HIM MEWTWO\n|j|^HEAVY-DUTY B0OTY\n|inactive|MewtwOficial has 120 seconds left.\n|\n|t:|1701217428\n|move|p1a: Sneasel|Fake Out|p2a: Chansey\n|-damage|p2a: Chansey|93\/100\n|cant|p2a: Chansey|flinch\n|\n|upkeep\n|turn|2\n|c|\u2606waffleman0307|you too\n|\n|t:|1701217432\n|move|p1a: Sneasel|Toxic Spikes|p2a: Chansey\n|-sidestart|p2: MewtwOficial|move: Toxic Spikes\n|move|p2a: Chansey|Thunder Wave|p1a: Sneasel\n|-status|p1a: Sneasel|par\n|\n|upkeep\n|turn|3\n|c| Brooklynn_Jiji|I better see bloodshed out there\n|\n|t:|1701217438\n|cant|p1a: Sneasel|par\n|move|p2a: Chansey|Stealth Rock|p1a: Sneasel\n|-sidestart|p1: waffleman0307|move: Stealth Rock\n|\n|upkeep\n|turn|4\n|\n|t:|1701217441\n|cant|p1a: Sneasel|par\n|move|p2a: Chansey|Seismic Toss|p1a: Sneasel\n|-damage|p1a: Sneasel|61\/100 par\n|\n|upkeep\n|turn|5\n|\n|t:|1701217450\n|switch|p2a: Quaquaval|Quaquaval, M|100\/100\n|-status|p2a: Quaquaval|psn\n|move|p1a: Sneasel|Toxic Spikes|p2a: Quaquaval\n|-sidestart|p2: MewtwOficial|move: Toxic Spikes\n|\n|-damage|p2a: Quaquaval|88\/100 psn|[from] psn\n|upkeep\n|turn|6\n|\n|t:|1701217459\n|move|p1a: Sneasel|Protect|p1a: Sneasel\n|-singleturn|p1a: Sneasel|Protect\n|move|p2a: Quaquaval|Aqua Step|p1a: Sneasel\n|-activate|p1a: Sneasel|move: Protect\n|\n|-damage|p2a: Quaquaval|76\/100 psn|[from] psn\n|upkeep\n|turn|7\n|\n|t:|1701217467\n|move|p2a: Quaquaval|Aqua Step|p1a: Sneasel\n|-damage|p1a: Sneasel|0 fnt\n|-boost|p2a: Quaquaval|spe|1\n|faint|p1a: Sneasel\n|-ability|p2a: Quaquaval|Moxie|boost\n|-boost|p2a: Quaquaval|atk|1\n|-damage|p2a: Quaquaval|66\/100 psn|[from] item: Life Orb\n|\n|-damage|p2a: Quaquaval|54\/100 psn|[from] psn\n|upkeep\n|\n|t:|1701217475\n|switch|p1a: Corviknight|Corviknight, M|100\/100\n|-damage|p1a: Corviknight|88\/100|[from] Stealth Rock\n|turn|8\n|\n|t:|1701217493\n|move|p2a: Quaquaval|Close Combat|p1a: Corviknight\n|-damage|p1a: Corviknight|0 fnt\n|-unboost|p2a: Quaquaval|def|1\n|-unboost|p2a: Quaquaval|spd|1\n|faint|p1a: Corviknight\n|-ability|p2a: Quaquaval|Moxie|boost\n|-boost|p2a: Quaquaval|atk|1\n|-damage|p2a: Quaquaval|44\/100 psn|[from] item: Life Orb\n|\n|-damage|p2a: Quaquaval|32\/100 psn|[from] psn\n|upkeep\n|c| Brooklynn_Jiji|oof\n|\n|t:|1701217503\n|switch|p1a: Dragonite|Dragonite, F|100\/100\n|-damage|p1a: Dragonite|76\/100|[from] Stealth Rock\n|turn|9\n|\n|t:|1701217519\n|-terastallize|p2a: Quaquaval|Water\n|move|p2a: Quaquaval|Aqua Jet|p1a: Dragonite\n|-resisted|p1a: Dragonite\n|-damage|p1a: Dragonite|43\/100\n|-damage|p2a: Quaquaval|22\/100 psn|[from] item: Life Orb\n|move|p1a: Dragonite|Aqua Jet|p2a: Quaquaval\n|-resisted|p2a: Quaquaval\n|-damage|p2a: Quaquaval|6\/100 psn\n|\n|-damage|p2a: Quaquaval|0 fnt|[from] psn\n|faint|p2a: Quaquaval\n|upkeep\n|c|^HEAVY-DUTY B0OTY|aqua jet dnite\n|\n|t:|1701217535\n|switch|p2a: Chansey|Chansey, F|93\/100\n|-status|p2a: Chansey|tox\n|turn|10\n|c|^HEAVY-DUTY B0OTY|\ud83d\udc80\n|c|\u2606waffleman0307|i had a massive fire weakness on my last battle and didnt change it\n|\n|t:|1701217560\n|move|p1a: Dragonite|Outrage|p2a: Chansey\n|-damage|p2a: Chansey|48\/100 tox\n|move|p2a: Chansey|Thunder Wave|p1a: Dragonite|[miss]\n|-miss|p2a: Chansey|p1a: Dragonite\n|\n|-damage|p2a: Chansey|42\/100 tox|[from] psn\n|upkeep\n|turn|11\n|c|\u2606MewtwOficial|:(\n|c| Brooklynn_Jiji|gasp\n|inactive|MewtwOficial has 120 seconds left.\n|c|\u2606MewtwOficial|should get streight seismic toss\n|c| Brooklynn_Jiji|MEWTWO dont forget our training\n|c|^HEAVY-DUTY B0OTY|i hope that lamp is scarf\n|inactive|MewtwOficial has 90 seconds left.\n|\n|t:|1701217626\n|move|p1a: Dragonite|Outrage|p2a: Chansey|[from]lockedmove\n|-damage|p2a: Chansey|0 fnt\n|faint|p2a: Chansey\n|\n|upkeep\n|\n|t:|1701217629\n|switch|p2a: Lampent|Lampent, F|100\/100\n|-status|p2a: Lampent|tox\n|turn|12\n|c| Brooklynn_Jiji|all those hours we spent having you battle dragonites, dont waste them\n|\n|t:|1701217633\n|move|p1a: Dragonite|Outrage|p2a: Lampent|[from]lockedmove\n|-damage|p2a: Lampent|0 fnt\n|faint|p2a: Lampent\n|-start|p1a: Dragonite|confusion|[fatigue]\n|\n|win|waffleman0307\n|n|\u2606waffleman0307|waffleman0307\n|n|\u2606MewtwOficial|mewtwoficial\n|n|*Lady Monita \u2746|ladymonita\n|n| Brooklynn_Jiji|brooklynnjiji\n|n| HEAVY-DUTY B0OTY|heavydutyb0oty\n","uploadtime":1701217634,"views":1,"p1id":"waffleman0307","p2id":"mewtwoficial","formatid":"gen9ou","rating":0,"private":0,"password":""}