{"id":"gen9ou-2000013135","p1":"Offline","p2":"ch1ck3n nu99ets","format":"[Gen 9] OU","log":"|j|\u2606Offline\n|j|\u2606ch1ck3n nu99ets\n|t:|1701141151\n|gametype|singles\n|player|p1|Offline|marnie-masters2|1728\n|player|p2|ch1ck3n nu99ets|2|1908\n|teamsize|p1|6\n|teamsize|p2|6\n|gen|9\n|tier|[Gen 9] OU\n|rated|\n|rule|Sleep Clause Mod: Limit one foe put to sleep\n|rule|Species Clause: Limit one of each Pok\u00e9mon\n|rule|OHKO Clause: OHKO moves are banned\n|rule|Evasion Items Clause: Evasion items are banned\n|rule|Evasion Moves Clause: Evasion moves are banned\n|rule|Endless Battle Clause: Forcing endless battles is banned\n|rule|HP Percentage Mod: HP is shown in percentages\n|clearpoke\n|poke|p1|Landorus-Therian, M|\n|poke|p1|Rillaboom, M|\n|poke|p1|Heatran, F|\n|poke|p1|Slowking-Galar, F|\n|poke|p1|Mandibuzz, F|\n|poke|p1|Samurott-Hisui, F|\n|poke|p2|Clefable, F|\n|poke|p2|Gholdengo|\n|poke|p2|Clodsire, F|\n|poke|p2|Tornadus-Therian, M|\n|poke|p2|Dragonite, F|\n|poke|p2|Mandibuzz, F|\n|teampreview\n|inactive|Battle timer is ON: inactive players will automatically lose when time's up. (requested by Offline)\n|j| Rainbow Chrome\n|j| SwabbyYabby\n|inactive|ch1ck3n nu99ets has 120 seconds left.\n|j| OUVT Zamorakism\n|c|\u2606ch1ck3n nu99ets|gl hf\n|\n|t:|1701141192\n|start\n|switch|p1a: Heatran|Heatran, F|100\/100\n|switch|p2a: Tornadus|Tornadus-Therian, M|100\/100\n|turn|1\n|\n|t:|1701141196\n|move|p2a: Tornadus|Knock Off|p1a: Heatran\n|-damage|p1a: Heatran|83\/100\n|-enditem|p1a: Heatran|Leftovers|[from] move: Knock Off|[of] p2a: Tornadus\n|move|p1a: Heatran|Stealth Rock|p2a: Tornadus\n|-sidestart|p2: ch1ck3n nu99ets|move: Stealth Rock\n|\n|upkeep\n|turn|2\n|\n|t:|1701141203\n|move|p2a: Tornadus|U-turn|p1a: Heatran\n|-resisted|p1a: Heatran\n|-damage|p1a: Heatran|80\/100\n|\n|t:|1701141205\n|switch|p2a: Clodsire|Clodsire, F|100\/100|[from] U-turn\n|move|p1a: Heatran|Magma Storm|p2a: Clodsire|[miss]\n|-miss|p1a: Heatran|p2a: Clodsire\n|\n|upkeep\n|turn|3\n|\n|t:|1701141214\n|switch|p1a: Slowking|Slowking-Galar, F|100\/100\n|move|p2a: Clodsire|Stealth Rock|p1a: Slowking\n|-sidestart|p1: Offline|move: Stealth Rock\n|\n|upkeep\n|turn|4\n|\n|t:|1701141217\n|move|p1a: Slowking|Future Sight|p2a: Clodsire\n|-start|p1a: Slowking|move: Future Sight\n|move|p2a: Clodsire|Earthquake|p1a: Slowking\n|-supereffective|p1a: Slowking\n|-damage|p1a: Slowking|42\/100\n|\n|upkeep\n|turn|5\n|\n|t:|1701141223\n|switch|p1a: Samurott|Samurott-Hisui, F|100\/100\n|move|p2a: Clodsire|Earthquake|p1a: Samurott\n|-damage|p1a: Samurott|67\/100\n|\n|upkeep\n|turn|6\n|\n|t:|1701141225\n|switch|p2a: Mandibuzz|Mandibuzz, F|100\/100\n|move|p1a: Samurott|Knock Off|p2a: Mandibuzz\n|-resisted|p2a: Mandibuzz\n|-damage|p2a: Mandibuzz|88\/100\n|-enditem|p2a: Mandibuzz|Heavy-Duty Boots|[from] move: Knock Off|[of] p1a: Samurott\n|\n|-end|p2a: Mandibuzz|move: Future Sight\n|-immune|p2a: Mandibuzz\n|upkeep\n|turn|7\n|\n|t:|1701141232\n|move|p1a: Samurott|Ceaseless Edge|p2a: Mandibuzz\n|-resisted|p2a: Mandibuzz\n|-damage|p2a: Mandibuzz|74\/100\n|-sidestart|p2: ch1ck3n nu99ets|Spikes\n|move|p2a: Mandibuzz|Knock Off|p1a: Samurott\n|-resisted|p1a: Samurott\n|-damage|p1a: Samurott|55\/100\n|-enditem|p1a: Samurott|Heavy-Duty Boots|[from] move: Knock Off|[of] p2a: Mandibuzz\n|\n|upkeep\n|turn|8\n|\n|t:|1701141239\n|switch|p1a: Heatran|Heatran, F|80\/100\n|-damage|p1a: Heatran|67\/100|[from] Stealth Rock\n|move|p2a: Mandibuzz|Toxic|p1a: Heatran\n|-immune|p1a: Heatran\n|\n|upkeep\n|turn|9\n|\n|t:|1701141243\n|switch|p2a: Clodsire|Clodsire, F|100\/100\n|move|p1a: Heatran|Magma Storm|p2a: Clodsire\n|-damage|p2a: Clodsire|79\/100\n|-activate|p2a: Clodsire|move: Magma Storm|[of] p1a: Heatran\n|\n|-damage|p2a: Clodsire|67\/100|[from] move: Magma Storm|[partiallytrapped]\n|upkeep\n|turn|10\n|j| NicksRokaya\n|\n|t:|1701141248\n|switch|p1a: Landorus|Landorus-Therian, M|100\/100\n|-damage|p1a: Landorus|88\/100|[from] Stealth Rock\n|-ability|p1a: Landorus|Intimidate|boost\n|-unboost|p2a: Clodsire|atk|1\n|move|p2a: Clodsire|Earthquake|p1a: Landorus\n|-immune|p1a: Landorus\n|\n|-heal|p1a: Landorus|94\/100|[from] item: Leftovers\n|-end|p2a: Clodsire|Magma Storm|[partiallytrapped]|[silent]\n|upkeep\n|turn|11\n|\n|t:|1701141251\n|switch|p2a: Tornadus|Tornadus-Therian, M|100\/100\n|move|p1a: Landorus|Substitute|p1a: Landorus\n|-start|p1a: Landorus|Substitute\n|-damage|p1a: Landorus|69\/100\n|\n|-heal|p1a: Landorus|76\/100|[from] item: Leftovers\n|upkeep\n|turn|12\n|\n|t:|1701141254\n|move|p2a: Tornadus|Bleakwind Storm|p1a: Landorus\n|-end|p1a: Landorus|Substitute\n|move|p1a: Landorus|Calm Mind|p1a: Landorus\n|-boost|p1a: Landorus|spa|1\n|-boost|p1a: Landorus|spd|1\n|\n|-heal|p1a: Landorus|82\/100|[from] item: Leftovers\n|upkeep\n|turn|13\n|\n|t:|1701141259\n|move|p2a: Tornadus|Knock Off|p1a: Landorus\n|-damage|p1a: Landorus|58\/100\n|-enditem|p1a: Landorus|Leftovers|[from] move: Knock Off|[of] p2a: Tornadus\n|move|p1a: Landorus|Calm Mind|p1a: Landorus\n|-boost|p1a: Landorus|spa|1\n|-boost|p1a: Landorus|spd|1\n|\n|upkeep\n|turn|14\n|\n|t:|1701141263\n|move|p2a: Tornadus|Bleakwind Storm|p1a: Landorus\n|-damage|p1a: Landorus|28\/100\n|move|p1a: Landorus|Tera Blast|p2a: Tornadus\n|-damage|p2a: Tornadus|43\/100\n|\n|upkeep\n|turn|15\n|\n|t:|1701141268\n|move|p2a: Tornadus|Bleakwind Storm|p1a: Landorus|[miss]\n|-miss|p2a: Tornadus|p1a: Landorus\n|move|p1a: Landorus|Tera Blast|p2a: Tornadus\n|-damage|p2a: Tornadus|0 fnt\n|faint|p2a: Tornadus\n|\n|upkeep\n|\n|t:|1701141271\n|switch|p2a: Dragonite|Dragonite, F|100\/100\n|turn|16\n|\n|t:|1701141274\n|move|p2a: Dragonite|Extreme Speed|p1a: Landorus\n|-damage|p1a: Landorus|0 fnt\n|faint|p1a: Landorus\n|\n|upkeep\n|\n|t:|1701141279\n|switch|p1a: Mandibuzz|Mandibuzz, F|100\/100\n|turn|17\n|\n|t:|1701141281\n|switch|p2a: Clefable|Clefable, F|100\/100\n|move|p1a: Mandibuzz|Foul Play|p2a: Clefable\n|-resisted|p2a: Clefable\n|-damage|p2a: Clefable|89\/100\n|\n|upkeep\n|turn|18\n|\n|t:|1701141286\n|move|p1a: Mandibuzz|U-turn|p2a: Clefable\n|-resisted|p2a: Clefable\n|-damage|p2a: Clefable|82\/100\n|\n|t:|1701141291\n|switch|p1a: Samurott|Samurott-Hisui, F|55\/100|[from] U-turn\n|-damage|p1a: Samurott|42\/100|[from] Stealth Rock\n|move|p2a: Clefable|Moonblast|p1a: Samurott\n|-supereffective|p1a: Samurott\n|-damage|p1a: Samurott|0 fnt\n|faint|p1a: Samurott\n|\n|upkeep\n|\n|t:|1701141293\n|switch|p1a: Heatran|Heatran, F|67\/100\n|-damage|p1a: Heatran|55\/100|[from] Stealth Rock\n|turn|19\n|\n|t:|1701141296\n|switch|p2a: Clodsire|Clodsire, F|67\/100\n|move|p1a: Heatran|Magma Storm|p2a: Clodsire\n|-damage|p2a: Clodsire|44\/100\n|-activate|p2a: Clodsire|move: Magma Storm|[of] p1a: Heatran\n|\n|-damage|p2a: Clodsire|32\/100|[from] move: Magma Storm|[partiallytrapped]\n|upkeep\n|turn|20\n|\n|t:|1701141301\n|move|p1a: Heatran|Earth Power|p2a: Clodsire\n|-supereffective|p2a: Clodsire\n|-damage|p2a: Clodsire|6\/100\n|move|p2a: Clodsire|Recover|p2a: Clodsire\n|-heal|p2a: Clodsire|56\/100\n|\n|-damage|p2a: Clodsire|44\/100|[from] move: Magma Storm|[partiallytrapped]\n|upkeep\n|turn|21\n|\n|t:|1701141313\n|-terastallize|p1a: Heatran|Grass\n|move|p1a: Heatran|Taunt|p2a: Clodsire\n|-start|p2a: Clodsire|move: Taunt\n|move|p2a: Clodsire|Poison Jab|p1a: Heatran\n|-supereffective|p1a: Heatran\n|-damage|p1a: Heatran|19\/100\n|-status|p1a: Heatran|psn\n|\n|-damage|p1a: Heatran|6\/100 psn|[from] psn\n|-damage|p2a: Clodsire|31\/100|[from] move: Magma Storm|[partiallytrapped]\n|upkeep\n|turn|22\n|j| xxCOALLAxx\n|c|\u2606ch1ck3n nu99ets|i was reading rilla\n|l| NicksRokaya\n|c|\u2606ch1ck3n nu99ets|i am not a ghod\n|c|\u2606ch1ck3n nu99ets|god\n|\n|t:|1701141329\n|move|p1a: Heatran|Earth Power|p2a: Clodsire\n|-supereffective|p2a: Clodsire\n|-damage|p2a: Clodsire|5\/100\n|move|p2a: Clodsire|Poison Jab|p1a: Heatran\n|-supereffective|p1a: Heatran\n|-damage|p1a: Heatran|0 fnt\n|faint|p1a: Heatran\n|\n|-end|p2a: Clodsire|Magma Storm|[partiallytrapped]|[silent]\n|upkeep\n|\n|t:|1701141333\n|switch|p1a: Mandibuzz|Mandibuzz, F|100\/100\n|turn|23\n|\n|t:|1701141335\n|move|p1a: Mandibuzz|Foul Play|p2a: Clodsire\n|-damage|p2a: Clodsire|0 fnt\n|faint|p2a: Clodsire\n|\n|upkeep\n|\n|t:|1701141340\n|switch|p2a: Mandibuzz|Mandibuzz, F|74\/100\n|-damage|p2a: Mandibuzz|49\/100|[from] Stealth Rock\n|turn|24\n|\n|t:|1701141345\n|move|p2a: Mandibuzz|Roost|p2a: Mandibuzz\n|-heal|p2a: Mandibuzz|99\/100\n|-singleturn|p2a: Mandibuzz|move: Roost\n|move|p1a: Mandibuzz|Toxic|p2a: Mandibuzz\n|-status|p2a: Mandibuzz|tox\n|\n|-damage|p2a: Mandibuzz|93\/100 tox|[from] psn\n|upkeep\n|turn|25\n|\n|t:|1701141349\n|switch|p1a: Slowking|Slowking-Galar, F|75\/100\n|move|p2a: Mandibuzz|Toxic|p1a: Slowking\n|-immune|p1a: Slowking\n|\n|-damage|p2a: Mandibuzz|80\/100 tox|[from] psn\n|upkeep\n|turn|26\n|\n|t:|1701141354\n|move|p2a: Mandibuzz|Knock Off|p1a: Slowking\n|-supereffective|p1a: Slowking\n|-damage|p1a: Slowking|31\/100\n|-enditem|p1a: Slowking|Heavy-Duty Boots|[from] move: Knock Off|[of] p2a: Mandibuzz\n|move|p1a: Slowking|Ice Beam|p2a: Mandibuzz\n|-supereffective|p2a: Mandibuzz\n|-damage|p2a: Mandibuzz|35\/100 tox\n|\n|-damage|p2a: Mandibuzz|17\/100 tox|[from] psn\n|upkeep\n|turn|27\n|\n|t:|1701141359\n|move|p2a: Mandibuzz|Roost|p2a: Mandibuzz\n|-heal|p2a: Mandibuzz|67\/100 tox\n|-singleturn|p2a: Mandibuzz|move: Roost\n|move|p1a: Slowking|Chilly Reception|p1a: Slowking\n|-weather|Snow\n|\n|t:|1701141362\n|switch|p1a: Rillaboom|Rillaboom, M|100\/100|[from] Chilly Reception\n|-damage|p1a: Rillaboom|88\/100|[from] Stealth Rock\n|-fieldstart|move: Grassy Terrain|[from] ability: Grassy Surge|[of] p1a: Rillaboom\n|\n|-weather|Snow|[upkeep]\n|-heal|p1a: Rillaboom|94\/100|[from] Grassy Terrain\n|-heal|p2a: Mandibuzz|73\/100 tox|[from] Grassy Terrain\n|-damage|p2a: Mandibuzz|48\/100 tox|[from] psn\n|upkeep\n|turn|28\n|\n|t:|1701141365\n|move|p1a: Rillaboom|U-turn|p2a: Mandibuzz\n|-damage|p2a: Mandibuzz|27\/100 tox\n|j| NicksRokaya\n|\n|t:|1701141367\n|switch|p1a: Slowking|Slowking-Galar, F|65\/100|[from] U-turn\n|-damage|p1a: Slowking|52\/100|[from] Stealth Rock\n|move|p2a: Mandibuzz|Foul Play|p1a: Slowking\n|-supereffective|p1a: Slowking\n|-damage|p1a: Slowking|7\/100\n|\n|-weather|Snow|[upkeep]\n|-heal|p1a: Slowking|13\/100|[from] Grassy Terrain\n|-damage|p2a: Mandibuzz|0 fnt|[from] psn\n|faint|p2a: Mandibuzz\n|upkeep\n|\n|t:|1701141371\n|switch|p2a: Clefable|Clefable, F|82\/100\n|turn|29\n|\n|t:|1701141377\n|switch|p1a: Rillaboom|Rillaboom, M|94\/100\n|-damage|p1a: Rillaboom|82\/100|[from] Stealth Rock\n|move|p2a: Clefable|Flamethrower|p1a: Rillaboom\n|-supereffective|p1a: Rillaboom\n|-damage|p1a: Rillaboom|0 fnt\n|faint|p1a: Rillaboom\n|\n|-weather|Snow|[upkeep]\n|-heal|p2a: Clefable|88\/100|[from] Grassy Terrain\n|upkeep\n|\n|t:|1701141381\n|switch|p1a: Slowking|Slowking-Galar, F|46\/100\n|-damage|p1a: Slowking|34\/100|[from] Stealth Rock\n|turn|30\n|\n|t:|1701141383\n|-terastallize|p2a: Clefable|Fire\n|move|p2a: Clefable|Flamethrower|p1a: Slowking\n|-damage|p1a: Slowking|0 fnt\n|faint|p1a: Slowking\n|\n|-weather|Snow|[upkeep]\n|-heal|p2a: Clefable|94\/100|[from] Grassy Terrain\n|upkeep\n|c|\u2606ch1ck3n nu99ets|gg\n|l| NicksRokaya\n|-message|Offline forfeited.\n|\n|win|ch1ck3n nu99ets\n|raw|Offline's rating: 1728 &rarr; <strong>1718<\/strong><br \/>(-10 for losing)\n|raw|ch1ck3n nu99ets's rating: 1908 &rarr; <strong>1918<\/strong><br \/>(+10 for winning)\n|l|\u2606Offline\n|l|\u2606ch1ck3n nu99ets\n|l| Rainbow Chrome\n|l| OUVT Zamorakism\n","uploadtime":1701142260,"views":3,"p1id":"offline","p2id":"ch1ck3nnu99ets","formatid":"gen9ou","rating":1718,"private":0,"password":""}