{"id":"gen9ou-1998263813","p1":"Aerial aim","p2":"Shashwat pro 1","format":"[Gen 9] OU","log":"|j|\u2606Aerial aim\n|j|\u2606Shashwat pro 1\n|t:|1700921815\n|gametype|singles\n|player|p1|Aerial aim|1|1053\n|player|p2|Shashwat pro 1|n|1000\n|teamsize|p1|6\n|teamsize|p2|6\n|gen|9\n|tier|[Gen 9] OU\n|rated|\n|rule|Sleep Clause Mod: Limit one foe put to sleep\n|rule|Species Clause: Limit one of each Pok\u00e9mon\n|rule|OHKO Clause: OHKO moves are banned\n|rule|Evasion Items Clause: Evasion items are banned\n|rule|Evasion Moves Clause: Evasion moves are banned\n|rule|Endless Battle Clause: Forcing endless battles is banned\n|rule|HP Percentage Mod: HP is shown in percentages\n|clearpoke\n|poke|p1|Scizor, M|\n|poke|p1|Jirachi|\n|poke|p1|Samurott-Hisui, M|\n|poke|p1|Dragapult, M|\n|poke|p1|Ting-Lu|\n|poke|p1|Cinderace, F|\n|poke|p2|Great Tusk|\n|poke|p2|Glimmora, F|\n|poke|p2|Corviknight, M|\n|poke|p2|Gholdengo|\n|poke|p2|Ogerpon-Wellspring, F|\n|poke|p2|Kingambit, M|\n|teampreview\n|\n|t:|1700921821\n|start\n|switch|p1a: Samurott|Samurott-Hisui, M, shiny|100\/100\n|switch|p2a: Great Tusk|Great Tusk|100\/100\n|turn|1\n|inactive|Battle timer is ON: inactive players will automatically lose when time's up. (requested by Shashwat pro 1)\n|\n|t:|1700921836\n|move|p2a: Great Tusk|Stealth Rock|p1a: Samurott\n|-sidestart|p1: Aerial aim|move: Stealth Rock\n|move|p1a: Samurott|Razor Shell|p2a: Great Tusk\n|-supereffective|p2a: Great Tusk\n|-damage|p2a: Great Tusk|6\/100\n|\n|upkeep\n|turn|2\n|inactive|Shashwat pro 1 has 120 seconds left.\n|\n|t:|1700921869\n|-end|p2a: Great Tusk|Protosynthesis|[silent]\n|switch|p2a: Ogerpon|Ogerpon-Wellspring, F|100\/100\n|move|p1a: Samurott|Aqua Jet|p2a: Ogerpon\n|-immune|p2a: Ogerpon|[from] ability: Water Absorb\n|\n|upkeep\n|turn|3\n|\n|t:|1700921897\n|switch|p1a: Dragapult|Dragapult, M|100\/100\n|-damage|p1a: Dragapult|88\/100|[from] Stealth Rock\n|move|p2a: Ogerpon|Leaf Storm|p1a: Dragapult\n|-resisted|p1a: Dragapult\n|-damage|p1a: Dragapult|66\/100\n|-unboost|p2a: Ogerpon|spa|2\n|\n|upkeep\n|turn|4\n|\n|t:|1700921909\n|move|p1a: Dragapult|Dragon Darts|p2a: Ogerpon\n|-damage|p2a: Ogerpon|50\/100\n|-anim|p1a: Dragapult|Dragon Darts|p2a: Ogerpon\n|-damage|p2a: Ogerpon|0 fnt\n|faint|p2a: Ogerpon\n|\n|upkeep\n|\n|t:|1700921917\n|switch|p2a: Kingambit|Kingambit, M|100\/100\n|-activate|p2a: Kingambit|ability: Supreme Overlord\n|-start|p2a: Kingambit|fallen1|[silent]\n|turn|5\n|\n|t:|1700921935\n|-terastallize|p1a: Dragapult|Dragon\n|move|p1a: Dragapult|Dragon Darts|p2a: Kingambit\n|-resisted|p2a: Kingambit\n|-damage|p2a: Kingambit|82\/100\n|-anim|p1a: Dragapult|Dragon Darts|p2a: Kingambit\n|-resisted|p2a: Kingambit\n|-damage|p2a: Kingambit|65\/100\n|move|p2a: Kingambit|Kowtow Cleave|p1a: Dragapult\n|-damage|p1a: Dragapult|0 fnt\n|faint|p1a: Dragapult\n|\n|upkeep\n|inactive|Aerial aim has 120 seconds left.\n|\n|t:|1700921961\n|switch|p1a: Cinderace|Cinderace, F, shiny|100\/100\n|-damage|p1a: Cinderace|76\/100|[from] Stealth Rock\n|turn|6\n|inactive|Aerial aim has 90 seconds left.\n|\n|t:|1700921993\n|-end|p2a: Kingambit|fallen1|[silent]\n|switch|p2a: Glimmora|Glimmora, F|100\/100\n|move|p1a: Cinderace|Pyro Ball|p2a: Glimmora\n|-resisted|p2a: Glimmora\n|-damage|p2a: Glimmora|64\/100\n|\n|upkeep\n|turn|7\n|inactive|Aerial aim has 90 seconds left.\n|inactive|Aerial aim has 60 seconds left.\n|\n|t:|1700922030\n|move|p1a: Cinderace|Zen Headbutt|p2a: Glimmora\n|-supereffective|p2a: Glimmora\n|-damage|p2a: Glimmora|6\/100\n|-enditem|p2a: Glimmora|Aguav Berry|[eat]\n|-heal|p2a: Glimmora|40\/100|[from] item: Aguav Berry\n|-start|p2a: Glimmora|confusion\n|-activate|p2a: Glimmora|confusion\n|move|p2a: Glimmora|Power Gem|p1a: Cinderace\n|-supereffective|p1a: Cinderace\n|-damage|p1a: Cinderace|0 fnt\n|faint|p1a: Cinderace\n|\n|upkeep\n|inactive|Aerial aim has 60 seconds left.\n|\n|t:|1700922054\n|switch|p1a: Samurott|Samurott-Hisui, M, shiny|100\/100\n|-damage|p1a: Samurott|88\/100|[from] Stealth Rock\n|turn|8\n|\n|t:|1700922066\n|switch|p2a: Gholdengo|Gholdengo|100\/100\n|move|p1a: Samurott|Aqua Jet|p2a: Gholdengo\n|-damage|p2a: Gholdengo|74\/100\n|\n|upkeep\n|turn|9\n|l|\u2606Aerial aim\n|inactive|Aerial aim disconnected and has a minute to reconnect!\n|player|p1|\n|j|\u2606Aerial aim\n|inactive|Aerial aim reconnected and has 50 seconds left.\n|player|p1|Aerial aim|1\n|\n|t:|1700922085\n|move|p1a: Samurott|Sacred Sword|p2a: Gholdengo\n|-immune|p2a: Gholdengo\n|move|p2a: Gholdengo|Make It Rain|p1a: Samurott\n|-resisted|p1a: Samurott\n|-damage|p1a: Samurott|39\/100\n|-unboost|p2a: Gholdengo|spa|1\n|\n|upkeep\n|turn|10\n|\n|t:|1700922096\n|move|p1a: Samurott|Ceaseless Edge|p2a: Gholdengo\n|-supereffective|p2a: Gholdengo\n|-damage|p2a: Gholdengo|0 fnt\n|-sidestart|p2: Shashwat pro 1|Spikes\n|faint|p2a: Gholdengo\n|\n|upkeep\n|\n|t:|1700922103\n|switch|p2a: Corviknight|Corviknight, M|100\/100\n|turn|11\n|\n|t:|1700922109\n|move|p1a: Samurott|Sacred Sword|p2a: Corviknight\n|-damage|p2a: Corviknight|66\/100\n|move|p2a: Corviknight|Drill Peck|p1a: Samurott\n|-crit|p1a: Samurott\n|-damage|p1a: Samurott|0 fnt\n|faint|p1a: Samurott\n|\n|upkeep\n|\n|t:|1700922128\n|switch|p1a: Scizor|Scizor, M|100\/100\n|-damage|p1a: Scizor|88\/100|[from] Stealth Rock\n|turn|12\n|\n|t:|1700922139\n|switch|p2a: Great Tusk|Great Tusk|6\/100\n|move|p1a: Scizor|Swords Dance|p1a: Scizor\n|-boost|p1a: Scizor|atk|2\n|\n|upkeep\n|turn|13\n|\n|t:|1700922145\n|move|p1a: Scizor|Bullet Punch|p2a: Great Tusk\n|-damage|p2a: Great Tusk|0 fnt\n|faint|p2a: Great Tusk\n|-end|p2a: Great Tusk|Protosynthesis|[silent]\n|\n|upkeep\n|\n|t:|1700922149\n|switch|p2a: Kingambit|Kingambit, M|65\/100\n|-damage|p2a: Kingambit|53\/100|[from] Spikes\n|-activate|p2a: Kingambit|ability: Supreme Overlord\n|-start|p2a: Kingambit|fallen3|[silent]\n|turn|14\n|inactive|Aerial aim has 60 seconds left.\n|\n|t:|1700922159\n|move|p2a: Kingambit|Kowtow Cleave|p1a: Scizor\n|-damage|p1a: Scizor|21\/100\n|move|p1a: Scizor|Counter|p2a: Kingambit\n|-damage|p2a: Kingambit|0 fnt\n|faint|p2a: Kingambit\n|-end|p2a: Kingambit|fallen3|[silent]\n|\n|upkeep\n|\n|t:|1700922166\n|switch|p2a: Corviknight|Corviknight, M|66\/100\n|turn|15\n|\n|t:|1700922171\n|move|p2a: Corviknight|Brave Bird|p1a: Scizor\n|-crit|p1a: Scizor\n|-damage|p1a: Scizor|0 fnt\n|faint|p1a: Scizor\n|-damage|p2a: Corviknight|60\/100|[from] Recoil\n|\n|upkeep\n|\n|t:|1700922188\n|switch|p1a: Ting-Lu|Ting-Lu|100\/100\n|-damage|p1a: Ting-Lu|94\/100|[from] Stealth Rock\n|-ability|p1a: Ting-Lu|Vessel of Ruin\n|turn|16\n|c|\u2606Shashwat pro 1|Bachi dergai\n|inactive|Shashwat pro 1 has 120 seconds left.\n|\n|t:|1700922230\n|move|p1a: Ting-Lu|Rock Slide|p2a: Corviknight\n|-damage|p2a: Corviknight|46\/100\n|move|p2a: Corviknight|Brave Bird|p1a: Ting-Lu\n|-damage|p1a: Ting-Lu|67\/100\n|-damage|p2a: Corviknight|34\/100|[from] Recoil\n|\n|-heal|p1a: Ting-Lu|73\/100|[from] item: Leftovers\n|upkeep\n|turn|17\n|\n|t:|1700922240\n|move|p1a: Ting-Lu|Rock Slide|p2a: Corviknight|[miss]\n|-miss|p1a: Ting-Lu|p2a: Corviknight\n|move|p2a: Corviknight|Defog|p1a: Ting-Lu\n|-unboost|p1a: Ting-Lu|evasion|1\n|-sideend|p1: Aerial aim|Stealth Rock|[from] move: Defog|[of] p2a: Corviknight\n|-sideend|p2: Shashwat pro 1|Spikes|[from] move: Defog|[of] p2a: Corviknight\n|\n|-heal|p1a: Ting-Lu|80\/100|[from] item: Leftovers\n|upkeep\n|turn|18\n|\n|t:|1700922249\n|-terastallize|p2a: Corviknight|Flying\n|move|p1a: Ting-Lu|Rock Slide|p2a: Corviknight\n|-supereffective|p2a: Corviknight\n|-damage|p2a: Corviknight|5\/100\n|move|p2a: Corviknight|Drill Peck|p1a: Ting-Lu\n|-damage|p1a: Ting-Lu|56\/100\n|\n|-heal|p1a: Ting-Lu|62\/100|[from] item: Leftovers\n|upkeep\n|turn|19\n|inactive|Shashwat pro 1 has 120 seconds left.\n|\n|t:|1700922259\n|move|p2a: Corviknight|Brave Bird|p1a: Ting-Lu\n|-damage|p1a: Ting-Lu|28\/100\n|-damage|p2a: Corviknight|0 fnt|[from] Recoil\n|faint|p2a: Corviknight\n|move|p1a: Ting-Lu|Whirlwind|p2: Corviknight|[notarget]\n|-fail|p1a: Ting-Lu\n|\n|-heal|p1a: Ting-Lu|34\/100|[from] item: Leftovers\n|upkeep\n|\n|t:|1700922262\n|switch|p2a: Glimmora|Glimmora, F|40\/100\n|turn|20\n|inactive|Aerial aim has 90 seconds left.\n|\n|t:|1700922274\n|move|p2a: Glimmora|Power Gem|p1a: Ting-Lu\n|-resisted|p1a: Ting-Lu\n|-crit|p1a: Ting-Lu\n|-damage|p1a: Ting-Lu|14\/100\n|move|p1a: Ting-Lu|Rock Slide|p2a: Glimmora\n|-damage|p2a: Glimmora|17\/100\n|\n|-heal|p1a: Ting-Lu|20\/100|[from] item: Leftovers\n|upkeep\n|turn|21\n|inactive|Aerial aim has 90 seconds left.\n|\n|t:|1700922282\n|move|p2a: Glimmora|Power Gem|p1a: Ting-Lu\n|-resisted|p1a: Ting-Lu\n|-damage|p1a: Ting-Lu|8\/100\n|move|p1a: Ting-Lu|Rock Slide|p2a: Glimmora\n|-damage|p2a: Glimmora|0 fnt\n|faint|p2a: Glimmora\n|\n|win|Aerial aim\n|raw|Aerial aim's rating: 1053 &rarr; <strong>1080<\/strong><br \/>(+27 for winning)\n|raw|Shashwat pro 1's rating: 1000 &rarr; <strong>1000<\/strong><br \/>(+0 for losing)\n","uploadtime":1700922290,"views":4,"p1id":"aerialaim","p2id":"shashwatpro1","formatid":"gen9ou","rating":1000,"private":0,"password":""}