{"id":"gen9ou-1988629005","p1":"Midorinomee","p2":"Julious96","format":"[Gen 9] OU","log":"|j|\u2606Midorinomee\n|j|\u2606Julious96\n|t:|1699743794\n|gametype|singles\n|player|p1|Midorinomee|1|1552\n|player|p2|Julious96|1|1490\n|teamsize|p1|6\n|teamsize|p2|6\n|gen|9\n|tier|[Gen 9] OU\n|rated|\n|rule|Sleep Clause Mod: Limit one foe put to sleep\n|rule|Species Clause: Limit one of each Pok\u00e9mon\n|rule|OHKO Clause: OHKO moves are banned\n|rule|Evasion Items Clause: Evasion items are banned\n|rule|Evasion Moves Clause: Evasion moves are banned\n|rule|Endless Battle Clause: Forcing endless battles is banned\n|rule|HP Percentage Mod: HP is shown in percentages\n|clearpoke\n|poke|p1|Avalugg, M|\n|poke|p1|Salamence, F|\n|poke|p1|Greninja-*, M|\n|poke|p1|Tyranitar, M|\n|poke|p1|Umbreon, F|\n|poke|p1|Gengar, F|\n|poke|p2|Kingambit, M|\n|poke|p2|Rillaboom, F|\n|poke|p2|Clefable, M|\n|poke|p2|Iron Moth|\n|poke|p2|Ting-Lu|\n|poke|p2|Walking Wake|\n|teampreview\n|\n|t:|1699743807\n|start\n|switch|p1a: Salamence|Salamence, F|100\/100\n|switch|p2a: Ting-Lu|Ting-Lu|100\/100\n|-ability|p1a: Salamence|Intimidate|boost\n|-unboost|p2a: Ting-Lu|atk|1\n|-ability|p2a: Ting-Lu|Vessel of Ruin\n|turn|1\n|inactive|Battle timer is ON: inactive players will automatically lose when time's up. (requested by Julious96)\n|\n|t:|1699743811\n|move|p1a: Salamence|Hydro Pump|p2a: Ting-Lu\n|-supereffective|p2a: Ting-Lu\n|-damage|p2a: Ting-Lu|61\/100\n|move|p2a: Ting-Lu|Stealth Rock|p1a: Salamence\n|-sidestart|p1: Midorinomee|move: Stealth Rock\n|\n|-heal|p2a: Ting-Lu|67\/100|[from] item: Leftovers\n|upkeep\n|turn|2\n|\n|t:|1699743818\n|switch|p2a: Clefable|Clefable, M|100\/100\n|move|p1a: Salamence|Air Slash|p2a: Clefable\n|-damage|p2a: Clefable|72\/100\n|\n|-heal|p2a: Clefable|78\/100|[from] item: Leftovers\n|upkeep\n|turn|3\n|\n|t:|1699743824\n|switch|p1a: Tyranitar|Tyranitar, M|100\/100\n|-damage|p1a: Tyranitar|88\/100|[from] Stealth Rock\n|-weather|Sandstorm|[from] ability: Sand Stream|[of] p1a: Tyranitar\n|move|p2a: Clefable|Knock Off|p1a: Tyranitar\n|-resisted|p1a: Tyranitar\n|-damage|p1a: Tyranitar|82\/100\n|-enditem|p1a: Tyranitar|Assault Vest|[from] move: Knock Off|[of] p2a: Clefable\n|\n|-weather|Sandstorm|[upkeep]\n|-heal|p2a: Clefable|85\/100|[from] item: Leftovers\n|upkeep\n|turn|4\n|\n|t:|1699743832\n|switch|p2a: Ting-Lu|Ting-Lu|67\/100\n|-ability|p2a: Ting-Lu|Vessel of Ruin\n|move|p1a: Tyranitar|Knock Off|p2a: Ting-Lu\n|-resisted|p2a: Ting-Lu\n|-damage|p2a: Ting-Lu|54\/100\n|-enditem|p2a: Ting-Lu|Leftovers|[from] move: Knock Off|[of] p1a: Tyranitar\n|\n|-weather|Sandstorm|[upkeep]\n|upkeep\n|turn|5\n|\n|t:|1699743838\n|switch|p1a: Avalugg|Avalugg, M|100\/100\n|move|p2a: Ting-Lu|Earthquake|p1a: Avalugg\n|-damage|p1a: Avalugg|86\/100\n|\n|-weather|Sandstorm|[upkeep]\n|-damage|p1a: Avalugg|80\/100|[from] Sandstorm\n|upkeep\n|turn|6\n|\n|t:|1699743844\n|-terastallize|p2a: Ting-Lu|Ghost\n|move|p2a: Ting-Lu|Spikes|p1a: Avalugg\n|-sidestart|p1: Midorinomee|Spikes\n|move|p1a: Avalugg|Rapid Spin|p2a: Ting-Lu\n|-immune|p2a: Ting-Lu\n|\n|-weather|Sandstorm|[upkeep]\n|-damage|p2a: Ting-Lu|48\/100|[from] Sandstorm\n|-damage|p1a: Avalugg|74\/100|[from] Sandstorm\n|upkeep\n|turn|7\n|\n|t:|1699743849\n|move|p2a: Ting-Lu|Spikes|p1a: Avalugg\n|-sidestart|p1: Midorinomee|Spikes\n|move|p1a: Avalugg|Ice Spinner|p2a: Ting-Lu\n|-damage|p2a: Ting-Lu|34\/100\n|\n|-weather|none\n|upkeep\n|turn|8\n|\n|t:|1699743852\n|switch|p2a: Walking Wake|Walking Wake|100\/100\n|move|p1a: Avalugg|Ice Spinner|p2a: Walking Wake\n|-damage|p2a: Walking Wake|66\/100\n|\n|upkeep\n|turn|9\n|\n|t:|1699743863\n|switch|p1a: Tyranitar|Tyranitar, M|82\/100\n|-damage|p1a: Tyranitar|69\/100|[from] Stealth Rock\n|-damage|p1a: Tyranitar|53\/100|[from] Spikes\n|-weather|Sandstorm|[from] ability: Sand Stream|[of] p1a: Tyranitar\n|move|p2a: Walking Wake|Draco Meteor|p1a: Tyranitar\n|-damage|p1a: Tyranitar|0 fnt\n|-unboost|p2a: Walking Wake|spa|2\n|faint|p1a: Tyranitar\n|\n|-weather|Sandstorm|[upkeep]\n|-damage|p2a: Walking Wake|59\/100|[from] Sandstorm\n|upkeep\n|\n|t:|1699743874\n|switch|p1a: Gengar|Gengar, F|100\/100\n|-damage|p1a: Gengar|88\/100|[from] Stealth Rock\n|-damage|p1a: Gengar|72\/100|[from] Spikes\n|turn|10\n|\n|t:|1699743881\n|-end|p2a: Walking Wake|Protosynthesis|[silent]\n|switch|p2a: Kingambit|Kingambit, M|100\/100\n|move|p1a: Gengar|Shadow Ball|p2a: Kingambit\n|-resisted|p2a: Kingambit\n|-damage|p2a: Kingambit|80\/100\n|-unboost|p2a: Kingambit|spd|1\n|\n|-weather|Sandstorm|[upkeep]\n|-damage|p1a: Gengar|66\/100|[from] Sandstorm\n|-heal|p2a: Kingambit|86\/100|[from] item: Leftovers\n|upkeep\n|turn|11\n|\n|t:|1699743887\n|switch|p1a: Salamence|Salamence, F|100\/100\n|-damage|p1a: Salamence|76\/100|[from] Stealth Rock\n|-ability|p1a: Salamence|Intimidate|boost\n|-unboost|p2a: Kingambit|atk|1\n|-end|p2a: Kingambit|fallenundefined|[silent]\n|switch|p2a: Iron Moth|Iron Moth|100\/100\n|-enditem|p2a: Iron Moth|Booster Energy\n|-activate|p2a: Iron Moth|ability: Quark Drive|[fromitem]\n|-start|p2a: Iron Moth|quarkdrivespe\n|\n|-weather|Sandstorm|[upkeep]\n|-damage|p2a: Iron Moth|95\/100|[from] Sandstorm\n|-damage|p1a: Salamence|69\/100|[from] Sandstorm\n|upkeep\n|turn|12\n|\n|t:|1699743891\n|move|p2a: Iron Moth|Dazzling Gleam|p1a: Salamence\n|-supereffective|p1a: Salamence\n|-damage|p1a: Salamence|7\/100\n|move|p1a: Salamence|Hydro Pump|p2a: Iron Moth\n|-supereffective|p2a: Iron Moth\n|-damage|p2a: Iron Moth|29\/100\n|\n|-weather|Sandstorm|[upkeep]\n|-damage|p2a: Iron Moth|23\/100|[from] Sandstorm\n|-damage|p1a: Salamence|0 fnt|[from] Sandstorm\n|faint|p1a: Salamence\n|upkeep\n|\n|t:|1699743897\n|switch|p1a: Greninja|Greninja, M|100\/100\n|-damage|p1a: Greninja|88\/100|[from] Stealth Rock\n|-damage|p1a: Greninja|72\/100|[from] Spikes\n|turn|13\n|\n|t:|1699743903\n|-end|p2a: Iron Moth|Quark Drive|[silent]\n|switch|p2a: Rillaboom|Rillaboom, F|100\/100\n|-fieldstart|move: Grassy Terrain|[from] ability: Grassy Surge|[of] p2a: Rillaboom\n|move|p1a: Greninja|Dark Pulse|p2a: Rillaboom\n|-damage|p2a: Rillaboom|50\/100\n|\n|-weather|none\n|-heal|p1a: Greninja|78\/100|[from] Grassy Terrain\n|-heal|p2a: Rillaboom|56\/100|[from] Grassy Terrain\n|upkeep\n|turn|14\n|\n|t:|1699743911\n|switch|p1a: Avalugg|Avalugg, M|74\/100\n|move|p2a: Rillaboom|Grassy Glide|p1a: Avalugg\n|-damage|p1a: Avalugg|52\/100\n|\n|-heal|p2a: Rillaboom|62\/100|[from] Grassy Terrain\n|-heal|p1a: Avalugg|58\/100|[from] Grassy Terrain\n|upkeep\n|turn|15\n|\n|t:|1699743914\n|switch|p2a: Ting-Lu|Ting-Lu, tera:Ghost|34\/100\n|-ability|p2a: Ting-Lu|Vessel of Ruin\n|move|p1a: Avalugg|Recover|p1a: Avalugg\n|-heal|p1a: Avalugg|100\/100\n|\n|-heal|p2a: Ting-Lu|40\/100|[from] Grassy Terrain\n|upkeep\n|turn|16\n|\n|t:|1699743917\n|move|p1a: Avalugg|Ice Spinner|p2a: Ting-Lu\n|-damage|p2a: Ting-Lu|26\/100\n|-fieldend|move: Grassy Terrain\n|move|p2a: Ting-Lu|Whirlwind|p1a: Avalugg\n|drag|p1a: Gengar|Gengar, F|66\/100\n|-damage|p1a: Gengar|54\/100|[from] Stealth Rock\n|-damage|p1a: Gengar|37\/100|[from] Spikes\n|\n|upkeep\n|turn|17\n|\n|t:|1699743927\n|switch|p2a: Kingambit|Kingambit, M|86\/100\n|move|p1a: Gengar|Trick|p2a: Kingambit\n|-activate|p1a: Gengar|move: Trick|[of] p2a: Kingambit\n|-item|p2a: Kingambit|Choice Scarf|[from] move: Trick\n|-item|p1a: Gengar|Leftovers|[from] move: Trick\n|\n|-heal|p1a: Gengar|43\/100|[from] item: Leftovers\n|upkeep\n|turn|18\n|\n|t:|1699743935\n|move|p1a: Gengar|Skill Swap|p2a: Kingambit\n|-activate|p1a: Gengar|move: Skill Swap|Supreme Overlord|Cursed Body|[of] p2a: Kingambit\n|-end|p2a: Kingambit|fallenundefined|[silent]\n|-activate|p1a: Gengar|ability: Supreme Overlord\n|-start|p1a: Gengar|fallen2|[silent]\n|move|p2a: Kingambit|Iron Head|p1a: Gengar\n|-damage|p1a: Gengar|0 fnt\n|faint|p1a: Gengar\n|-end|p1a: Gengar|fallen2|[silent]\n|\n|upkeep\n|\n|t:|1699743941\n|switch|p1a: Avalugg|Avalugg, M|100\/100\n|turn|19\n|\n|t:|1699743944\n|switch|p2a: Ting-Lu|Ting-Lu, tera:Ghost|26\/100\n|-ability|p2a: Ting-Lu|Vessel of Ruin\n|move|p1a: Avalugg|Ice Spinner|p2a: Ting-Lu\n|-damage|p2a: Ting-Lu|10\/100\n|\n|upkeep\n|turn|20\n|\n|t:|1699743950\n|move|p2a: Ting-Lu|Spikes|p1a: Avalugg\n|-sidestart|p1: Midorinomee|Spikes\n|move|p1a: Avalugg|Ice Spinner|p2a: Ting-Lu\n|-damage|p2a: Ting-Lu|0 fnt\n|faint|p2a: Ting-Lu\n|\n|upkeep\n|\n|t:|1699743951\n|switch|p2a: Iron Moth|Iron Moth|23\/100\n|turn|21\n|\n|t:|1699743954\n|move|p2a: Iron Moth|Fiery Dance|p1a: Avalugg\n|-supereffective|p1a: Avalugg\n|-crit|p1a: Avalugg\n|-ability|p1a: Avalugg|Sturdy\n|-damage|p1a: Avalugg|1\/100\n|move|p1a: Avalugg|Rapid Spin|p2a: Iron Moth\n|-damage|p2a: Iron Moth|0 fnt\n|-boost|p1a: Avalugg|spe|1\n|-sideend|p1: Midorinomee|Spikes|[from] move: Rapid Spin|[of] p1a: Avalugg\n|-sideend|p1: Midorinomee|Stealth Rock|[from] move: Rapid Spin|[of] p1a: Avalugg\n|faint|p2a: Iron Moth\n|-end|p2a: Iron Moth|Quark Drive|[silent]\n|\n|upkeep\n|\n|t:|1699743961\n|switch|p2a: Rillaboom|Rillaboom, F|62\/100\n|-fieldstart|move: Grassy Terrain|[from] ability: Grassy Surge|[of] p2a: Rillaboom\n|turn|22\n|\n|t:|1699743965\n|move|p2a: Rillaboom|U-turn|p1a: Avalugg\n|-damage|p1a: Avalugg|0 fnt\n|faint|p1a: Avalugg\n|\n|t:|1699743967\n|switch|p2a: Clefable|Clefable, M|85\/100|[from] U-turn\n|\n|-heal|p2a: Clefable|91\/100|[from] Grassy Terrain\n|-heal|p2a: Clefable|97\/100|[from] item: Leftovers\n|upkeep\n|\n|t:|1699743981\n|switch|p1a: Greninja|Greninja, M|78\/100\n|turn|23\n|\n|t:|1699743983\n|move|p1a: Greninja|Surf|p2a: Clefable\n|-damage|p2a: Clefable|71\/100\n|move|p2a: Clefable|Moonblast|p1a: Greninja\n|-supereffective|p1a: Greninja\n|-damage|p1a: Greninja|0 fnt\n|faint|p1a: Greninja\n|\n|-heal|p2a: Clefable|77\/100|[from] Grassy Terrain\n|-heal|p2a: Clefable|83\/100|[from] item: Leftovers\n|upkeep\n|\n|t:|1699743986\n|switch|p1a: Umbreon|Umbreon, F, shiny|100\/100\n|turn|24\n|\n|t:|1699743989\n|-terastallize|p1a: Umbreon|Fairy\n|move|p1a: Umbreon|Curse|p1a: Umbreon\n|-unboost|p1a: Umbreon|spe|1\n|-boost|p1a: Umbreon|atk|1\n|-boost|p1a: Umbreon|def|1\n|move|p2a: Clefable|Knock Off|p1a: Umbreon\n|-resisted|p1a: Umbreon\n|-damage|p1a: Umbreon|96\/100\n|-enditem|p1a: Umbreon|Covert Cloak|[from] move: Knock Off|[of] p2a: Clefable\n|\n|-heal|p2a: Clefable|90\/100|[from] Grassy Terrain\n|-heal|p2a: Clefable|96\/100|[from] item: Leftovers\n|-heal|p1a: Umbreon|100\/100|[from] Grassy Terrain\n|upkeep\n|turn|25\n|\n|t:|1699743997\n|switch|p2a: Kingambit|Kingambit, M|86\/100\n|-activate|p2a: Kingambit|ability: Supreme Overlord\n|-start|p2a: Kingambit|fallen2|[silent]\n|move|p1a: Umbreon|Curse|p1a: Umbreon\n|-unboost|p1a: Umbreon|spe|1\n|-boost|p1a: Umbreon|atk|1\n|-boost|p1a: Umbreon|def|1\n|\n|-heal|p2a: Kingambit|92\/100|[from] Grassy Terrain\n|upkeep\n|turn|26\n|\n|t:|1699744002\n|move|p2a: Kingambit|Swords Dance|p2a: Kingambit\n|-boost|p2a: Kingambit|atk|2\n|move|p1a: Umbreon|Moonlight|p1a: Umbreon\n|-fail|p1a: Umbreon|heal\n|\n|-heal|p2a: Kingambit|98\/100|[from] Grassy Terrain\n|-fieldend|move: Grassy Terrain\n|upkeep\n|turn|27\n|\n|t:|1699744006\n|-end|p2a: Kingambit|fallen2|[silent]\n|switch|p2a: Rillaboom|Rillaboom, F|62\/100\n|-fieldstart|move: Grassy Terrain|[from] ability: Grassy Surge|[of] p2a: Rillaboom\n|move|p1a: Umbreon|Curse|p1a: Umbreon\n|-unboost|p1a: Umbreon|spe|1\n|-boost|p1a: Umbreon|atk|1\n|-boost|p1a: Umbreon|def|1\n|\n|-heal|p2a: Rillaboom|69\/100|[from] Grassy Terrain\n|upkeep\n|turn|28\n|\n|t:|1699744010\n|move|p2a: Rillaboom|Wood Hammer|p1a: Umbreon\n|-damage|p1a: Umbreon|58\/100\n|-damage|p2a: Rillaboom|53\/100|[from] Recoil\n|move|p1a: Umbreon|Curse|p1a: Umbreon\n|-unboost|p1a: Umbreon|spe|1\n|-boost|p1a: Umbreon|atk|1\n|-boost|p1a: Umbreon|def|1\n|\n|-heal|p2a: Rillaboom|59\/100|[from] Grassy Terrain\n|-heal|p1a: Umbreon|64\/100|[from] Grassy Terrain\n|upkeep\n|turn|29\n|\n|t:|1699744012\n|move|p2a: Rillaboom|Wood Hammer|p1a: Umbreon\n|-damage|p1a: Umbreon|28\/100\n|-damage|p2a: Rillaboom|46\/100|[from] Recoil\n|move|p1a: Umbreon|Moonlight|p1a: Umbreon\n|-heal|p1a: Umbreon|78\/100\n|\n|-heal|p2a: Rillaboom|52\/100|[from] Grassy Terrain\n|-heal|p1a: Umbreon|84\/100|[from] Grassy Terrain\n|upkeep\n|turn|30\n|\n|t:|1699744017\n|move|p2a: Rillaboom|Wood Hammer|p1a: Umbreon\n|-damage|p1a: Umbreon|52\/100\n|-damage|p2a: Rillaboom|41\/100|[from] Recoil\n|move|p1a: Umbreon|Moonlight|p1a: Umbreon\n|-heal|p1a: Umbreon|100\/100\n|\n|-heal|p2a: Rillaboom|47\/100|[from] Grassy Terrain\n|upkeep\n|turn|31\n|\n|t:|1699744022\n|switch|p2a: Kingambit|Kingambit, M|98\/100\n|-activate|p2a: Kingambit|ability: Supreme Overlord\n|-start|p2a: Kingambit|fallen2|[silent]\n|move|p1a: Umbreon|Crunch|p2a: Kingambit\n|-resisted|p2a: Kingambit\n|-damage|p2a: Kingambit|73\/100\n|\n|-heal|p2a: Kingambit|79\/100|[from] Grassy Terrain\n|-fieldend|move: Grassy Terrain\n|upkeep\n|turn|32\n|\n|t:|1699744026\n|move|p2a: Kingambit|Iron Head|p1a: Umbreon\n|-supereffective|p1a: Umbreon\n|-damage|p1a: Umbreon|69\/100\n|move|p1a: Umbreon|Curse|p1a: Umbreon\n|-unboost|p1a: Umbreon|spe|1\n|-boost|p1a: Umbreon|atk|1\n|-boost|p1a: Umbreon|def|1\n|\n|upkeep\n|turn|33\n|\n|t:|1699744028\n|move|p2a: Kingambit|Iron Head|p1a: Umbreon\n|-supereffective|p1a: Umbreon\n|-damage|p1a: Umbreon|43\/100\n|move|p1a: Umbreon|Curse|p1a: Umbreon\n|-unboost|p1a: Umbreon|spe|1\n|-boost|p1a: Umbreon|atk|1\n|-boost|p1a: Umbreon|def|1\n|\n|upkeep\n|turn|34\n|\n|t:|1699744031\n|move|p2a: Kingambit|Iron Head|p1a: Umbreon\n|-supereffective|p1a: Umbreon\n|-damage|p1a: Umbreon|19\/100\n|move|p1a: Umbreon|Moonlight|p1a: Umbreon\n|-heal|p1a: Umbreon|69\/100\n|\n|upkeep\n|turn|35\n|\n|t:|1699744034\n|move|p2a: Kingambit|Iron Head|p1a: Umbreon\n|-supereffective|p1a: Umbreon\n|-damage|p1a: Umbreon|46\/100\n|move|p1a: Umbreon|Moonlight|p1a: Umbreon\n|-heal|p1a: Umbreon|96\/100\n|\n|upkeep\n|turn|36\n|\n|t:|1699744037\n|move|p2a: Kingambit|Iron Head|p1a: Umbreon\n|-supereffective|p1a: Umbreon\n|-damage|p1a: Umbreon|71\/100\n|move|p1a: Umbreon|Tera Blast|p2a: Kingambit|[anim] Tera Blast Fairy\n|-damage|p2a: Kingambit|10\/100\n|\n|upkeep\n|turn|37\n|\n|t:|1699744041\n|move|p2a: Kingambit|Iron Head|p1a: Umbreon\n|-supereffective|p1a: Umbreon\n|-damage|p1a: Umbreon|49\/100\n|move|p1a: Umbreon|Moonlight|p1a: Umbreon\n|-heal|p1a: Umbreon|99\/100\n|\n|upkeep\n|turn|38\n|\n|t:|1699744044\n|move|p2a: Kingambit|Iron Head|p1a: Umbreon\n|-supereffective|p1a: Umbreon\n|-damage|p1a: Umbreon|74\/100\n|move|p1a: Umbreon|Tera Blast|p2a: Kingambit|[anim] Tera Blast Fairy\n|-damage|p2a: Kingambit|0 fnt\n|faint|p2a: Kingambit\n|-end|p2a: Kingambit|fallen2|[silent]\n|\n|upkeep\n|\n|t:|1699744055\n|switch|p2a: Walking Wake|Walking Wake|59\/100\n|turn|39\n|\n|t:|1699744060\n|move|p2a: Walking Wake|Hydro Steam|p1a: Umbreon\n|-damage|p1a: Umbreon|39\/100\n|move|p1a: Umbreon|Tera Blast|p2a: Walking Wake|[anim] Tera Blast Fairy\n|-supereffective|p2a: Walking Wake\n|-damage|p2a: Walking Wake|0 fnt\n|faint|p2a: Walking Wake\n|-end|p2a: Walking Wake|Protosynthesis|[silent]\n|\n|upkeep\n|\n|t:|1699744067\n|switch|p2a: Rillaboom|Rillaboom, F|47\/100\n|-fieldstart|move: Grassy Terrain|[from] ability: Grassy Surge|[of] p2a: Rillaboom\n|turn|40\n|\n|t:|1699744070\n|move|p2a: Rillaboom|Wood Hammer|p1a: Umbreon\n|-damage|p1a: Umbreon|14\/100\n|-damage|p2a: Rillaboom|38\/100|[from] Recoil\n|move|p1a: Umbreon|Moonlight|p1a: Umbreon\n|-heal|p1a: Umbreon|64\/100\n|\n|-heal|p2a: Rillaboom|44\/100|[from] Grassy Terrain\n|-heal|p1a: Umbreon|70\/100|[from] Grassy Terrain\n|upkeep\n|turn|41\n|\n|t:|1699744075\n|move|p2a: Rillaboom|Wood Hammer|p1a: Umbreon\n|-damage|p1a: Umbreon|45\/100\n|-damage|p2a: Rillaboom|35\/100|[from] Recoil\n|move|p1a: Umbreon|Moonlight|p1a: Umbreon\n|-heal|p1a: Umbreon|95\/100\n|\n|-heal|p2a: Rillaboom|41\/100|[from] Grassy Terrain\n|-heal|p1a: Umbreon|100\/100|[from] Grassy Terrain\n|upkeep\n|turn|42\n|-message|Julious96 forfeited.\n|\n|win|Midorinomee\n|raw|Midorinomee's rating: 1552 &rarr; <strong>1568<\/strong><br \/>(+16 for winning)\n|raw|Julious96's rating: 1490 &rarr; <strong>1474<\/strong><br \/>(-16 for losing)\n|l|\u2606Julious96\n","uploadtime":1699744083,"views":15,"p1id":"midorinomee","p2id":"julious96","formatid":"gen9ou","rating":1474,"private":0,"password":""}