{"id":"gen9ou-1998291999","p1":"smartin01","p2":"VanhominTest","format":"[Gen 9] OU","log":"|j|\u2606smartin01\n|j|\u2606VanhominTest\n|t:|1700925570\n|gametype|singles\n|player|p1|smartin01|2|1407\n|player|p2|VanhominTest|scientist-gen4|1418\n|teamsize|p1|6\n|teamsize|p2|6\n|gen|9\n|tier|[Gen 9] OU\n|rated|\n|rule|Sleep Clause Mod: Limit one foe put to sleep\n|rule|Species Clause: Limit one of each Pok\u00e9mon\n|rule|OHKO Clause: OHKO moves are banned\n|rule|Evasion Items Clause: Evasion items are banned\n|rule|Evasion Moves Clause: Evasion moves are banned\n|rule|Endless Battle Clause: Forcing endless battles is banned\n|rule|HP Percentage Mod: HP is shown in percentages\n|clearpoke\n|poke|p1|Rotom-Wash|\n|poke|p1|Toxapex, M|\n|poke|p1|Klefki, F|\n|poke|p1|Zapdos|\n|poke|p1|Garchomp, M|\n|poke|p1|Cresselia, F|\n|poke|p2|Ditto|\n|poke|p2|Ninetales-Alola, F|\n|poke|p2|Garganacl, M|\n|poke|p2|Lokix, M|\n|poke|p2|Enamorus, F|\n|poke|p2|Corviknight, F|\n|teampreview\n|inactive|Battle timer is ON: inactive players will automatically lose when time's up. (requested by VanhominTest)\n|inactive|smartin01 also wants the timer to be on.\n|inactive|VanhominTest has 120 seconds left.\n|\n|t:|1700925614\n|start\n|switch|p1a: Cresselia|Cresselia, F|100\/100\n|switch|p2a: Giiwedin|Ninetales-Alola, F|100\/100\n|-weather|Snow|[from] ability: Snow Warning|[of] p2a: Giiwedin\n|turn|1\n|\n|t:|1700925621\n|move|p2a: Giiwedin|Aurora Veil|p2a: Giiwedin\n|-sidestart|p2: VanhominTest|move: Aurora Veil\n|move|p1a: Cresselia|Calm Mind|p1a: Cresselia\n|-boost|p1a: Cresselia|spa|1\n|-boost|p1a: Cresselia|spd|1\n|\n|-weather|Snow|[upkeep]\n|upkeep\n|turn|2\n|\n|t:|1700925624\n|move|p2a: Giiwedin|Encore|p1a: Cresselia\n|-start|p1a: Cresselia|Encore\n|move|p1a: Cresselia|Calm Mind|p1a: Cresselia\n|-boost|p1a: Cresselia|spa|1\n|-boost|p1a: Cresselia|spd|1\n|\n|-weather|Snow|[upkeep]\n|upkeep\n|turn|3\n|\n|t:|1700925629\n|switch|p2a: Lokix|Lokix, M|100\/100\n|move|p1a: Cresselia|Calm Mind|p1a: Cresselia\n|-boost|p1a: Cresselia|spa|1\n|-boost|p1a: Cresselia|spd|1\n|\n|-weather|Snow|[upkeep]\n|upkeep\n|turn|4\n|\n|t:|1700925635\n|move|p2a: Lokix|Knock Off|p1a: Cresselia\n|-supereffective|p1a: Cresselia\n|-damage|p1a: Cresselia|57\/100\n|-enditem|p1a: Cresselia|Leftovers|[from] move: Knock Off|[of] p2a: Lokix\n|move|p1a: Cresselia|Calm Mind|p1a: Cresselia\n|-boost|p1a: Cresselia|spa|1\n|-boost|p1a: Cresselia|spd|1\n|\n|-weather|Snow|[upkeep]\n|-end|p1a: Cresselia|Encore\n|upkeep\n|turn|5\n|\n|t:|1700925639\n|-terastallize|p1a: Cresselia|Dark\n|move|p2a: Lokix|Leech Life|p1a: Cresselia\n|-supereffective|p1a: Cresselia\n|-damage|p1a: Cresselia|18\/100\n|move|p1a: Cresselia|Stored Power|p2a: Lokix\n|-immune|p2a: Lokix\n|\n|-weather|none\n|upkeep\n|turn|6\n|\n|t:|1700925644\n|move|p2a: Lokix|Leech Life|p1a: Cresselia\n|-supereffective|p1a: Cresselia\n|-damage|p1a: Cresselia|0 fnt\n|faint|p1a: Cresselia\n|\n|upkeep\n|\n|t:|1700925648\n|switch|p1a: Klefki|Klefki, F|100\/100\n|turn|7\n|\n|t:|1700925655\n|move|p1a: Klefki|Reflect|p1a: Klefki\n|-sidestart|p1: smartin01|Reflect\n|move|p2a: Lokix|U-turn|p1a: Klefki\n|-resisted|p1a: Klefki\n|-damage|p1a: Klefki|93\/100\n|\n|t:|1700925661\n|switch|p2a: Catalyst|Garganacl, M|100\/100|[from] U-turn\n|\n|upkeep\n|turn|8\n|\n|t:|1700925664\n|move|p1a: Klefki|Light Screen|p1a: Klefki\n|-sidestart|p1: smartin01|move: Light Screen\n|move|p2a: Catalyst|Curse|p2a: Catalyst\n|-unboost|p2a: Catalyst|spe|1\n|-boost|p2a: Catalyst|atk|1\n|-boost|p2a: Catalyst|def|1\n|\n|-sideend|p2: VanhominTest|move: Aurora Veil\n|upkeep\n|turn|9\n|\n|t:|1700925673\n|switch|p1a: Rotom|Rotom-Wash|100\/100\n|move|p2a: Catalyst|Curse|p2a: Catalyst\n|-unboost|p2a: Catalyst|spe|1\n|-boost|p2a: Catalyst|atk|1\n|-boost|p2a: Catalyst|def|1\n|\n|upkeep\n|turn|10\n|\n|t:|1700925678\n|-terastallize|p2a: Catalyst|Ghost\n|move|p1a: Rotom|Hydro Pump|p2a: Catalyst\n|-damage|p2a: Catalyst|68\/100\n|move|p2a: Catalyst|Salt Cure|p1a: Rotom\n|-damage|p1a: Rotom|87\/100\n|-start|p1a: Rotom|Salt Cure\n|\n|-heal|p2a: Catalyst|75\/100|[from] item: Leftovers\n|-damage|p1a: Rotom|62\/100|[from] Salt Cure\n|upkeep\n|turn|11\n|\n|t:|1700925687\n|move|p1a: Rotom|Hydro Pump|p2a: Catalyst\n|-damage|p2a: Catalyst|39\/100\n|move|p2a: Catalyst|Recover|p2a: Catalyst\n|-heal|p2a: Catalyst|89\/100\n|\n|-heal|p2a: Catalyst|96\/100|[from] item: Leftovers\n|-damage|p1a: Rotom|38\/100|[from] Salt Cure\n|upkeep\n|turn|12\n|\n|t:|1700925696\n|switch|p1a: Garchomp|Garchomp, M|100\/100\n|move|p2a: Catalyst|Salt Cure|p1a: Garchomp\n|-resisted|p1a: Garchomp\n|-damage|p1a: Garchomp|93\/100\n|-start|p1a: Garchomp|Salt Cure\n|\n|-heal|p2a: Catalyst|100\/100|[from] item: Leftovers\n|-damage|p1a: Garchomp|81\/100|[from] Salt Cure\n|upkeep\n|turn|13\n|\n|t:|1700925705\n|move|p1a: Garchomp|Swords Dance|p1a: Garchomp\n|-boost|p1a: Garchomp|atk|2\n|move|p2a: Catalyst|Salt Cure|p1a: Garchomp\n|-resisted|p1a: Garchomp\n|-damage|p1a: Garchomp|74\/100\n|\n|-damage|p1a: Garchomp|62\/100|[from] Salt Cure\n|upkeep\n|turn|14\n|\n|t:|1700925709\n|move|p1a: Garchomp|Scale Shot|p2a: Catalyst\n|-damage|p2a: Catalyst|91\/100\n|-damage|p2a: Catalyst|82\/100\n|-crit|p2a: Catalyst\n|-damage|p2a: Catalyst|57\/100\n|-damage|p2a: Catalyst|48\/100\n|-damage|p2a: Catalyst|40\/100\n|-hitcount|p2a: Catalyst|5\n|-unboost|p1a: Garchomp|def|1\n|-boost|p1a: Garchomp|spe|1\n|move|p2a: Catalyst|Curse|p1a: Garchomp\n|-start|p1a: Garchomp|Curse|[of] p2a: Catalyst\n|-damage|p2a: Catalyst|0 fnt\n|faint|p2a: Catalyst\n|\n|-damage|p1a: Garchomp|37\/100|[from] Curse\n|-damage|p1a: Garchomp|25\/100|[from] Salt Cure\n|-sideend|p1: smartin01|Reflect\n|upkeep\n|\n|t:|1700925714\n|switch|p2a: Recursion|Ditto|100\/100\n|-transform|p2a: Recursion|p1a: Garchomp|[from] ability: Imposter\n|turn|15\n|\n|t:|1700925722\n|move|p2a: Recursion|Scale Shot|p1a: Garchomp\n|-supereffective|p1a: Garchomp\n|-damage|p1a: Garchomp|0 fnt\n|faint|p1a: Garchomp\n|-hitcount|p1: Garchomp|1\n|-unboost|p2a: Recursion|def|1\n|-boost|p2a: Recursion|spe|1\n|\n|-sideend|p1: smartin01|move: Light Screen\n|upkeep\n|\n|t:|1700925729\n|switch|p1a: Toxapex|Toxapex, M|100\/100\n|turn|16\n|\n|t:|1700925732\n|move|p2a: Recursion|Scale Shot|p1a: Toxapex\n|-damage|p1a: Toxapex|84\/100\n|-damage|p1a: Toxapex|69\/100\n|-hitcount|p1a: Toxapex|2\n|-unboost|p2a: Recursion|def|1\n|-boost|p2a: Recursion|spe|1\n|move|p1a: Toxapex|Haze|p1a: Toxapex\n|-clearallboost\n|\n|-heal|p1a: Toxapex|75\/100|[from] item: Black Sludge\n|upkeep\n|turn|17\n|\n|t:|1700925749\n|switch|p2a: Mordred|Corviknight, F|100\/100\n|-ability|p2a: Mordred|Pressure\n|move|p1a: Toxapex|Toxic|p2a: Mordred\n|-immune|p2a: Mordred\n|\n|-heal|p1a: Toxapex|81\/100|[from] item: Black Sludge\n|upkeep\n|turn|18\n|\n|t:|1700925754\n|switch|p1a: Zapdos|Zapdos|100\/100\n|move|p2a: Mordred|U-turn|p1a: Zapdos\n|-resisted|p1a: Zapdos\n|-damage|p1a: Zapdos|92\/100\n|\n|t:|1700925761\n|switch|p2a: Giiwedin|Ninetales-Alola, F|100\/100|[from] U-turn\n|-weather|Snow|[from] ability: Snow Warning|[of] p2a: Giiwedin\n|\n|-weather|Snow|[upkeep]\n|upkeep\n|turn|19\n|\n|t:|1700925766\n|switch|p1a: Toxapex|Toxapex, M|100\/100\n|move|p2a: Giiwedin|Aurora Veil|p2a: Giiwedin\n|-sidestart|p2: VanhominTest|move: Aurora Veil\n|\n|-weather|Snow|[upkeep]\n|upkeep\n|turn|20\n|\n|t:|1700925773\n|switch|p1a: Zapdos|Zapdos|92\/100\n|move|p2a: Giiwedin|Freeze-Dry|p1a: Zapdos\n|-supereffective|p1a: Zapdos\n|-damage|p1a: Zapdos|41\/100\n|\n|-weather|Snow|[upkeep]\n|upkeep\n|turn|21\n|\n|t:|1700925777\n|move|p2a: Giiwedin|Freeze-Dry|p1a: Zapdos\n|-supereffective|p1a: Zapdos\n|-damage|p1a: Zapdos|0 fnt\n|faint|p1a: Zapdos\n|\n|-weather|Snow|[upkeep]\n|upkeep\n|-message|smartin01 forfeited.\n|\n|win|VanhominTest\n|raw|smartin01's rating: 1407 &rarr; <strong>1388<\/strong><br \/>(-19 for losing)\n|raw|VanhominTest's rating: 1418 &rarr; <strong>1437<\/strong><br \/>(+19 for winning)\n|l|\u2606smartin01\n","uploadtime":1700925785,"views":1,"p1id":"smartin01","p2id":"vanhomintest","formatid":"gen9ou","rating":1388,"private":0,"password":""}