{"id":"gen9ou-1997213661","p1":"simple333","p2":"3WishAndLandoT","format":"[Gen 9] OU","log":"|j|\u2606simple333\n|j|\u26063WishAndLandoT\n|t:|1700776293\n|gametype|singles\n|player|p1|simple333|ghetsis|1468\n|player|p2|3WishAndLandoT|169|1379\n|teamsize|p1|6\n|teamsize|p2|6\n|gen|9\n|tier|[Gen 9] OU\n|rated|\n|rule|Sleep Clause Mod: Limit one foe put to sleep\n|rule|Species Clause: Limit one of each Pok\u00e9mon\n|rule|OHKO Clause: OHKO moves are banned\n|rule|Evasion Items Clause: Evasion items are banned\n|rule|Evasion Moves Clause: Evasion moves are banned\n|rule|Endless Battle Clause: Forcing endless battles is banned\n|rule|HP Percentage Mod: HP is shown in percentages\n|clearpoke\n|poke|p1|Garchomp, F|\n|poke|p1|Ninetales-Alola, M|\n|poke|p1|Torterra, M|\n|poke|p1|Rotom-Wash|\n|poke|p1|Cinderace, M|\n|poke|p1|Iron Valiant|\n|poke|p2|Cinderace, F|\n|poke|p2|Empoleon, F|\n|poke|p2|Clodsire, M|\n|poke|p2|Pelipper, M|\n|poke|p2|Barraskewda, M|\n|poke|p2|Rillaboom, M|\n|teampreview\n|c|\u2606simple333|gl hf\n|inactive|Battle timer is ON: inactive players will automatically lose when time's up. (requested by simple333)\n|\n|t:|1700776316\n|start\n|switch|p1a: Garchomp|Garchomp, F|100\/100\n|switch|p2a: Panic Aquack|Pelipper, M|100\/100\n|-weather|RainDance|[from] ability: Drizzle|[of] p2a: Panic Aquack\n|turn|1\n|\n|t:|1700776326\n|move|p1a: Garchomp|Scale Shot|p2a: Panic Aquack\n|-damage|p2a: Panic Aquack|91\/100\n|-damage|p2a: Panic Aquack|80\/100\n|-damage|p2a: Panic Aquack|70\/100\n|-damage|p2a: Panic Aquack|61\/100\n|-damage|p2a: Panic Aquack|50\/100\n|-hitcount|p2a: Panic Aquack|5\n|-unboost|p1a: Garchomp|def|1\n|-boost|p1a: Garchomp|spe|1\n|move|p2a: Panic Aquack|U-turn|p1a: Garchomp\n|-damage|p1a: Garchomp|86\/100\n|-damage|p2a: Panic Aquack|37\/100|[from] ability: Rough Skin|[of] p1a: Garchomp\n|\n|t:|1700776331\n|switch|p2a: Fishe|Barraskewda, M|100\/100|[from] U-turn\n|\n|-weather|RainDance|[upkeep]\n|upkeep\n|turn|2\n|\n|t:|1700776338\n|switch|p1a: Rotom|Rotom-Wash|100\/100\n|move|p2a: Fishe|Liquidation|p1a: Rotom\n|-resisted|p1a: Rotom\n|-damage|p1a: Rotom|40\/100\n|\n|-weather|RainDance|[upkeep]\n|upkeep\n|turn|3\n|\n|t:|1700776344\n|move|p2a: Fishe|Liquidation|p1a: Rotom\n|-resisted|p1a: Rotom\n|-damage|p1a: Rotom|0 fnt\n|faint|p1a: Rotom\n|\n|-weather|RainDance|[upkeep]\n|upkeep\n|\n|t:|1700776346\n|switch|p1a: Ninetales|Ninetales-Alola, M|100\/100\n|-weather|Snow|[from] ability: Snow Warning|[of] p1a: Ninetales\n|turn|4\n|\n|t:|1700776352\n|switch|p2a: Ballin|Cinderace, F|100\/100\n|move|p1a: Ninetales|Freeze-Dry|p2a: Ballin\n|-resisted|p2a: Ballin\n|-damage|p2a: Ballin|87\/100\n|\n|-weather|Snow|[upkeep]\n|upkeep\n|turn|5\n|\n|t:|1700776365\n|switch|p1a: Garchomp|Garchomp, F|86\/100\n|move|p2a: Ballin|U-turn|p1a: Garchomp\n|-start|p2a: Ballin|typechange|Bug|[from] ability: Libero\n|-damage|p1a: Garchomp|61\/100\n|-damage|p2a: Ballin|75\/100|[from] ability: Rough Skin|[of] p1a: Garchomp\n|\n|t:|1700776366\n|switch|p2a: Panic Aquack|Pelipper, M|37\/100|[from] U-turn\n|-weather|RainDance|[from] ability: Drizzle|[of] p2a: Panic Aquack\n|\n|-weather|RainDance|[upkeep]\n|upkeep\n|turn|6\n|\n|t:|1700776382\n|switch|p2a: TheWretchedApe|Rillaboom, M|100\/100\n|-fieldstart|move: Grassy Terrain|[from] ability: Grassy Surge|[of] p2a: TheWretchedApe\n|move|p1a: Garchomp|Scale Shot|p2a: TheWretchedApe\n|-damage|p2a: TheWretchedApe|92\/100\n|-damage|p2a: TheWretchedApe|84\/100\n|-damage|p2a: TheWretchedApe|75\/100\n|-damage|p2a: TheWretchedApe|66\/100\n|-damage|p2a: TheWretchedApe|58\/100\n|-hitcount|p2a: TheWretchedApe|5\n|-unboost|p1a: Garchomp|def|1\n|-boost|p1a: Garchomp|spe|1\n|\n|-weather|RainDance|[upkeep]\n|-heal|p1a: Garchomp|67\/100|[from] Grassy Terrain\n|-heal|p2a: TheWretchedApe|64\/100|[from] Grassy Terrain\n|-heal|p2a: TheWretchedApe|70\/100|[from] item: Leftovers\n|upkeep\n|turn|7\n|\n|t:|1700776392\n|switch|p1a: Ninetales|Ninetales-Alola, M|100\/100\n|-weather|Snow|[from] ability: Snow Warning|[of] p1a: Ninetales\n|move|p2a: TheWretchedApe|U-turn|p1a: Ninetales\n|-resisted|p1a: Ninetales\n|-damage|p1a: Ninetales|92\/100\n|\n|t:|1700776395\n|switch|p2a: Panic Aquack|Pelipper, M|37\/100|[from] U-turn\n|-weather|RainDance|[from] ability: Drizzle|[of] p2a: Panic Aquack\n|\n|-weather|RainDance|[upkeep]\n|-heal|p1a: Ninetales|98\/100|[from] Grassy Terrain\n|upkeep\n|turn|8\n|\n|t:|1700776404\n|switch|p1a: Garchomp|Garchomp, F|67\/100\n|switch|p2a: Ballin|Cinderace, F|75\/100\n|\n|-weather|RainDance|[upkeep]\n|-heal|p2a: Ballin|81\/100|[from] Grassy Terrain\n|-heal|p1a: Garchomp|74\/100|[from] Grassy Terrain\n|upkeep\n|turn|9\n|\n|t:|1700776407\n|move|p2a: Ballin|Weather Ball|p1a: Garchomp\n|-start|p2a: Ballin|typechange|Water|[from] ability: Libero\n|-damage|p1a: Garchomp|0 fnt\n|faint|p1a: Garchomp\n|\n|-weather|RainDance|[upkeep]\n|-heal|p2a: Ballin|87\/100|[from] Grassy Terrain\n|upkeep\n|\n|t:|1700776414\n|switch|p1a: Ninetales|Ninetales-Alola, M|98\/100\n|-weather|Snow|[from] ability: Snow Warning|[of] p1a: Ninetales\n|turn|10\n|\n|t:|1700776423\n|switch|p2a: Britney Spears|Clodsire, M|100\/100\n|move|p1a: Ninetales|Aurora Veil|p1a: Ninetales\n|-sidestart|p1: simple333|move: Aurora Veil\n|\n|-weather|Snow|[upkeep]\n|-heal|p1a: Ninetales|100\/100|[from] Grassy Terrain\n|-fieldend|move: Grassy Terrain\n|upkeep\n|turn|11\n|\n|t:|1700776430\n|move|p1a: Ninetales|Freeze-Dry|p2a: Britney Spears\n|-supereffective|p2a: Britney Spears\n|-damage|p2a: Britney Spears|79\/100\n|move|p2a: Britney Spears|Toxic|p1a: Ninetales\n|-status|p1a: Ninetales|tox\n|\n|-weather|Snow|[upkeep]\n|-heal|p2a: Britney Spears|85\/100|[from] item: Leftovers\n|-damage|p1a: Ninetales|94\/100 tox|[from] psn\n|upkeep\n|turn|12\n|\n|t:|1700776442\n|switch|p2a: Ballin|Cinderace, F|87\/100\n|move|p1a: Ninetales|Freeze-Dry|p2a: Ballin\n|-resisted|p2a: Ballin\n|-crit|p2a: Ballin\n|-damage|p2a: Ballin|66\/100\n|\n|-weather|Snow|[upkeep]\n|-damage|p1a: Ninetales|82\/100 tox|[from] psn\n|upkeep\n|turn|13\n|\n|t:|1700776444\n|move|p2a: Ballin|Court Change|p2a: Ballin\n|-start|p2a: Ballin|typechange|Normal|[from] ability: Libero\n|-swapsideconditions\n|-activate|p2a: Ballin|move: Court Change\n|move|p1a: Ninetales|Encore|p2a: Ballin\n|-start|p2a: Ballin|Encore\n|\n|-weather|Snow|[upkeep]\n|-damage|p1a: Ninetales|64\/100 tox|[from] psn\n|upkeep\n|turn|14\n|\n|t:|1700776464\n|move|p2a: Ballin|Court Change|p2a: Ballin\n|-swapsideconditions\n|-activate|p2a: Ballin|move: Court Change\n|move|p1a: Ninetales|Freeze-Dry|p2a: Ballin\n|-damage|p2a: Ballin|39\/100\n|\n|-weather|none\n|-damage|p1a: Ninetales|40\/100 tox|[from] psn\n|upkeep\n|turn|15\n|\n|t:|1700776482\n|switch|p1a: Cinderace|Cinderace, M|100\/100\n|move|p2a: Ballin|Court Change|p2a: Ballin\n|-swapsideconditions\n|-activate|p2a: Ballin|move: Court Change\n|\n|upkeep\n|turn|16\n|\n|t:|1700776496\n|switch|p2a: Panic Aquack|Pelipper, M|37\/100\n|-weather|RainDance|[from] ability: Drizzle|[of] p2a: Panic Aquack\n|move|p1a: Cinderace|U-turn|p2a: Panic Aquack\n|-start|p1a: Cinderace|typechange|Bug|[from] ability: Libero\n|-resisted|p2a: Panic Aquack\n|-damage|p2a: Panic Aquack|31\/100\n|\n|t:|1700776498\n|switch|p1a: Ninetales|Ninetales-Alola, M|40\/100 tox|[from] U-turn\n|-weather|Snow|[from] ability: Snow Warning|[of] p1a: Ninetales\n|\n|-weather|Snow|[upkeep]\n|-damage|p1a: Ninetales|34\/100 tox|[from] psn\n|upkeep\n|turn|17\n|\n|t:|1700776518\n|switch|p2a: TheWretchedApe|Rillaboom, M|70\/100\n|-fieldstart|move: Grassy Terrain|[from] ability: Grassy Surge|[of] p2a: TheWretchedApe\n|move|p1a: Ninetales|Aurora Veil|p1a: Ninetales\n|-sidestart|p1: simple333|move: Aurora Veil\n|\n|-weather|Snow|[upkeep]\n|-heal|p1a: Ninetales|40\/100 tox|[from] Grassy Terrain\n|-heal|p2a: TheWretchedApe|76\/100|[from] Grassy Terrain\n|-heal|p2a: TheWretchedApe|82\/100|[from] item: Leftovers\n|-damage|p1a: Ninetales|29\/100 tox|[from] psn\n|-sideend|p2: 3WishAndLandoT|move: Aurora Veil\n|upkeep\n|turn|18\n|\n|t:|1700776530\n|move|p1a: Ninetales|Freeze-Dry|p2a: TheWretchedApe\n|-supereffective|p2a: TheWretchedApe\n|-damage|p2a: TheWretchedApe|40\/100\n|move|p2a: TheWretchedApe|U-turn|p1a: Ninetales\n|-resisted|p1a: Ninetales\n|-damage|p1a: Ninetales|24\/100 tox\n|\n|t:|1700776542\n|switch|p2a: Fishe|Barraskewda, M|100\/100|[from] U-turn\n|\n|-weather|Snow|[upkeep]\n|-heal|p1a: Ninetales|30\/100 tox|[from] Grassy Terrain\n|-damage|p1a: Ninetales|12\/100 tox|[from] psn\n|upkeep\n|turn|19\n|\n|t:|1700776549\n|move|p2a: Fishe|Flip Turn|p1a: Ninetales\n|-damage|p1a: Ninetales|0 fnt\n|faint|p1a: Ninetales\n|\n|t:|1700776552\n|switch|p2a: Ballin|Cinderace, F|39\/100|[from] Flip Turn\n|\n|-weather|Snow|[upkeep]\n|-heal|p2a: Ballin|45\/100|[from] Grassy Terrain\n|upkeep\n|\n|t:|1700776556\n|switch|p1a: Torterra|Torterra, M|100\/100\n|turn|20\n|\n|t:|1700776558\n|move|p2a: Ballin|Weather Ball|p1a: Torterra\n|-start|p2a: Ballin|typechange|Ice|[from] ability: Libero\n|-supereffective|p1a: Torterra\n|-damage|p1a: Torterra|0 fnt\n|faint|p1a: Torterra\n|\n|-weather|none\n|-heal|p2a: Ballin|51\/100|[from] Grassy Terrain\n|upkeep\n|\n|t:|1700776566\n|switch|p1a: Iron Valiant|Iron Valiant|100\/100\n|-enditem|p1a: Iron Valiant|Booster Energy\n|-activate|p1a: Iron Valiant|ability: Quark Drive|[fromitem]\n|-start|p1a: Iron Valiant|quarkdrivespe\n|turn|21\n|\n|t:|1700776571\n|switch|p2a: Britney Spears|Clodsire, M|85\/100\n|move|p1a: Iron Valiant|Moonblast|p2a: Britney Spears\n|-resisted|p2a: Britney Spears\n|-damage|p2a: Britney Spears|72\/100\n|-unboost|p2a: Britney Spears|spa|1\n|\n|-heal|p2a: Britney Spears|79\/100|[from] Grassy Terrain\n|-heal|p2a: Britney Spears|85\/100|[from] item: Leftovers\n|-fieldend|move: Grassy Terrain\n|upkeep\n|turn|22\n|\n|t:|1700776576\n|move|p1a: Iron Valiant|Psyshock|p2a: Britney Spears\n|-supereffective|p2a: Britney Spears\n|-damage|p2a: Britney Spears|22\/100\n|move|p2a: Britney Spears|Toxic|p1a: Iron Valiant\n|-status|p1a: Iron Valiant|tox\n|\n|-heal|p2a: Britney Spears|28\/100|[from] item: Leftovers\n|-damage|p1a: Iron Valiant|94\/100 tox|[from] psn\n|upkeep\n|turn|23\n|\n|t:|1700776583\n|switch|p2a: Panic Aquack|Pelipper, M|31\/100\n|-weather|RainDance|[from] ability: Drizzle|[of] p2a: Panic Aquack\n|move|p1a: Iron Valiant|Psyshock|p2a: Panic Aquack\n|-damage|p2a: Panic Aquack|10\/100\n|\n|-weather|RainDance|[upkeep]\n|-damage|p1a: Iron Valiant|82\/100 tox|[from] psn\n|upkeep\n|turn|24\n|\n|t:|1700776586\n|move|p1a: Iron Valiant|Moonblast|p2a: Panic Aquack\n|-damage|p2a: Panic Aquack|0 fnt\n|faint|p2a: Panic Aquack\n|\n|-weather|RainDance|[upkeep]\n|-damage|p1a: Iron Valiant|63\/100 tox|[from] psn\n|-sideend|p1: simple333|move: Aurora Veil\n|upkeep\n|\n|t:|1700776588\n|switch|p2a: Fishe|Barraskewda, M|100\/100\n|turn|25\n|\n|t:|1700776601\n|move|p2a: Fishe|Liquidation|p1a: Iron Valiant\n|-damage|p1a: Iron Valiant|0 fnt\n|faint|p1a: Iron Valiant\n|-end|p1a: Iron Valiant|Quark Drive|[silent]\n|\n|-weather|RainDance|[upkeep]\n|upkeep\n|\n|t:|1700776603\n|switch|p1a: Cinderace|Cinderace, M|100\/100\n|turn|26\n|\n|t:|1700776608\n|move|p1a: Cinderace|Sucker Punch|p2a: Fishe\n|-start|p1a: Cinderace|typechange|Dark|[from] ability: Libero\n|-damage|p2a: Fishe|39\/100\n|move|p2a: Fishe|Liquidation|p1a: Cinderace\n|-damage|p1a: Cinderace|0 fnt\n|faint|p1a: Cinderace\n|\n|win|3WishAndLandoT\n|raw|simple333's rating: 1468 &rarr; <strong>1443<\/strong><br \/>(-25 for losing)\n|raw|3WishAndLandoT's rating: 1379 &rarr; <strong>1404<\/strong><br \/>(+25 for winning)\n|l|\u2606simple333\n|c|\u26063WishAndLandoT|gg\n","uploadtime":1700776620,"views":31,"p1id":"simple333","p2id":"3wishandlandot","formatid":"gen9ou","rating":1404,"private":0,"password":""}