{"id":"gen9ou-1991370933","p1":"Eucalipto69!","p2":"kd458","format":"[Gen 9] OU","log":"|j|\u2606Eucalipto69!\n|j|\u2606kd458\n|t:|1700071528\n|gametype|singles\n|player|p1|Eucalipto69!|alder|1685\n|player|p2|kd458|265|1677\n|teamsize|p1|6\n|teamsize|p2|6\n|gen|9\n|tier|[Gen 9] OU\n|rated|\n|rule|Sleep Clause Mod: Limit one foe put to sleep\n|rule|Species Clause: Limit one of each Pok\u00e9mon\n|rule|OHKO Clause: OHKO moves are banned\n|rule|Evasion Items Clause: Evasion items are banned\n|rule|Evasion Moves Clause: Evasion moves are banned\n|rule|Endless Battle Clause: Forcing endless battles is banned\n|rule|HP Percentage Mod: HP is shown in percentages\n|clearpoke\n|poke|p1|Thundurus-Therian, M|\n|poke|p1|Torkoal, M|\n|poke|p1|Walking Wake|\n|poke|p1|Slowking-Galar, F|\n|poke|p1|Mimikyu, M|\n|poke|p1|Ursaluna, M|\n|poke|p2|Rillaboom, F|\n|poke|p2|Heatran, F|\n|poke|p2|Alomomola, F|\n|poke|p2|Kommo-o, M|\n|poke|p2|Slowking-Galar, F|\n|poke|p2|Great Tusk|\n|teampreview\n|inactive|Battle timer is ON: inactive players will automatically lose when time's up. (requested by kd458)\n|\n|t:|1700071562\n|start\n|switch|p1a: Walking Wake|Walking Wake|100\/100\n|switch|p2a: Gesley Slo|Slowking-Galar, F|100\/100\n|turn|1\n|\n|t:|1700071567\n|-end|p1a: Walking Wake|Protosynthesis|[silent]\n|switch|p1a: Slowking|Slowking-Galar, F|100\/100\n|move|p2a: Gesley Slo|Future Sight|p1a: Slowking\n|-start|p2a: Gesley Slo|move: Future Sight\n|\n|upkeep\n|turn|2\n|\n|t:|1700071573\n|move|p1a: Slowking|Thunder Wave|p2a: Gesley Slo\n|-status|p2a: Gesley Slo|par\n|move|p2a: Gesley Slo|Chilly Reception|p2a: Gesley Slo\n|-weather|Snow\n|\n|t:|1700071591\n|switch|p2a: Treacherous Spins|Great Tusk|100\/100|[from] Chilly Reception\n|\n|-weather|Snow|[upkeep]\n|upkeep\n|turn|3\n|\n|t:|1700071599\n|switch|p1a: Thundurus|Thundurus-Therian, M|100\/100\n|move|p2a: Treacherous Spins|Knock Off|p1a: Thundurus\n|-damage|p1a: Thundurus|51\/100\n|-enditem|p1a: Thundurus|Choice Scarf|[from] move: Knock Off|[of] p2a: Treacherous Spins\n|\n|-weather|Snow|[upkeep]\n|-end|p1a: Thundurus|move: Future Sight\n|-damage|p1a: Thundurus|0 fnt\n|faint|p1a: Thundurus\n|upkeep\n|\n|t:|1700071621\n|switch|p1a: Walking Wake|Walking Wake|100\/100\n|turn|4\n|\n|t:|1700071637\n|-end|p1a: Walking Wake|Protosynthesis|[silent]\n|switch|p1a: Ursaluna|Ursaluna, M|100\/100\n|-end|p2a: Treacherous Spins|Protosynthesis|[silent]\n|switch|p2a: Gesley Slo|Slowking-Galar, F|100\/100 par\n|\n|-weather|Snow|[upkeep]\n|-status|p1a: Ursaluna|brn|[from] item: Flame Orb\n|upkeep\n|turn|5\n|\n|t:|1700071641\n|switch|p2a: Big Fish|Alomomola, F|100\/100\n|move|p1a: Ursaluna|Trailblaze|p2a: Big Fish\n|-supereffective|p2a: Big Fish\n|-damage|p2a: Big Fish|69\/100\n|-boost|p1a: Ursaluna|spe|1\n|\n|-weather|Snow|[upkeep]\n|-damage|p1a: Ursaluna|94\/100 brn|[from] brn\n|upkeep\n|turn|6\n|inactive|kd458 has 120 seconds left.\n|\n|t:|1700071687\n|move|p2a: Big Fish|Protect|p2a: Big Fish\n|-singleturn|p2a: Big Fish|Protect\n|move|p1a: Ursaluna|Facade|p2a: Big Fish\n|-activate|p2a: Big Fish|move: Protect\n|\n|-weather|none\n|-damage|p1a: Ursaluna|88\/100 brn|[from] brn\n|upkeep\n|turn|7\n|\n|t:|1700071703\n|move|p1a: Ursaluna|Facade|p2a: Big Fish\n|-damage|p2a: Big Fish|3\/100\n|move|p2a: Big Fish|Wish|p2a: Big Fish\n|\n|-damage|p1a: Ursaluna|82\/100 brn|[from] brn\n|upkeep\n|turn|8\n|inactive|kd458 has 90 seconds left.\n|j| ThecopyNyynja\n|\n|t:|1700071739\n|move|p2a: Big Fish|Protect|p2a: Big Fish\n|-singleturn|p2a: Big Fish|Protect\n|move|p1a: Ursaluna|Swords Dance|p1a: Ursaluna\n|-boost|p1a: Ursaluna|atk|2\n|\n|-heal|p2a: Big Fish|53\/100|[from] move: Wish|[wisher] Big Fish\n|-damage|p1a: Ursaluna|76\/100 brn|[from] brn\n|upkeep\n|turn|9\n|\n|t:|1700071749\n|move|p1a: Ursaluna|Facade|p2a: Big Fish\n|-damage|p2a: Big Fish|0 fnt\n|faint|p2a: Big Fish\n|\n|-damage|p1a: Ursaluna|70\/100 brn|[from] brn\n|upkeep\n|\n|t:|1700071753\n|switch|p2a: Iron Bands|Rillaboom, F|100\/100\n|-fieldstart|move: Grassy Terrain|[from] ability: Grassy Surge|[of] p2a: Iron Bands\n|turn|10\n|\n|t:|1700071762\n|-terastallize|p1a: Ursaluna|Fairy\n|move|p2a: Iron Bands|Grassy Glide|p1a: Ursaluna\n|-damage|p1a: Ursaluna|29\/100 brn\n|move|p1a: Ursaluna|Facade|p2a: Iron Bands\n|-damage|p2a: Iron Bands|0 fnt\n|faint|p2a: Iron Bands\n|\n|-heal|p1a: Ursaluna|35\/100 brn|[from] Grassy Terrain\n|-damage|p1a: Ursaluna|29\/100 brn|[from] brn\n|upkeep\n|inactive|kd458 has 90 seconds left.\n|\n|t:|1700071794\n|switch|p2a: Mr Worldwide|Heatran, F|100\/100\n|turn|11\n|\n|t:|1700071798\n|-terastallize|p2a: Mr Worldwide|Ghost\n|move|p1a: Ursaluna|Facade|p2a: Mr Worldwide\n|-immune|p2a: Mr Worldwide\n|move|p2a: Mr Worldwide|Magma Storm|p1a: Ursaluna|[miss]\n|-miss|p2a: Mr Worldwide|p1a: Ursaluna\n|\n|-heal|p1a: Ursaluna|35\/100 brn|[from] Grassy Terrain\n|-damage|p1a: Ursaluna|29\/100 brn|[from] brn\n|upkeep\n|turn|12\n|inactive|kd458 has 90 seconds left.\n|\n|t:|1700071817\n|move|p1a: Ursaluna|Earthquake|p2a: Mr Worldwide\n|-damage|p2a: Mr Worldwide|40\/100\n|move|p2a: Mr Worldwide|Magma Storm|p1a: Ursaluna\n|-damage|p1a: Ursaluna|0 fnt\n|faint|p1a: Ursaluna\n|\n|-heal|p2a: Mr Worldwide|46\/100|[from] Grassy Terrain\n|-heal|p2a: Mr Worldwide|53\/100|[from] item: Leftovers\n|upkeep\n|\n|t:|1700071828\n|switch|p1a: Walking Wake|Walking Wake|100\/100\n|turn|13\n|\n|t:|1700071836\n|switch|p2a: Gesley Slo|Slowking-Galar, F|100\/100 par\n|move|p1a: Walking Wake|Substitute|p1a: Walking Wake\n|-start|p1a: Walking Wake|Substitute\n|-damage|p1a: Walking Wake|76\/100\n|\n|-heal|p1a: Walking Wake|82\/100|[from] Grassy Terrain\n|-heal|p1a: Walking Wake|88\/100|[from] item: Leftovers\n|upkeep\n|turn|14\n|\n|t:|1700071840\n|move|p1a: Walking Wake|Hydro Steam|p2a: Gesley Slo\n|-damage|p2a: Gesley Slo|78\/100 par\n|move|p2a: Gesley Slo|Future Sight|p1a: Walking Wake\n|-start|p2a: Gesley Slo|move: Future Sight\n|\n|-heal|p1a: Walking Wake|94\/100|[from] Grassy Terrain\n|-heal|p1a: Walking Wake|99\/100|[from] item: Leftovers\n|-heal|p2a: Gesley Slo|84\/100 par|[from] Grassy Terrain\n|-fieldend|move: Grassy Terrain\n|upkeep\n|turn|15\n|\n|t:|1700071850\n|move|p1a: Walking Wake|Hydro Steam|p2a: Gesley Slo\n|-damage|p2a: Gesley Slo|62\/100 par\n|move|p2a: Gesley Slo|Sludge Bomb|p1a: Walking Wake\n|-end|p1a: Walking Wake|Substitute\n|\n|-heal|p1a: Walking Wake|100\/100|[from] item: Leftovers\n|upkeep\n|turn|16\n|\n|t:|1700071859\n|-end|p1a: Walking Wake|Protosynthesis|[silent]\n|switch|p1a: Slowking|Slowking-Galar, F|100\/100\n|cant|p2a: Gesley Slo|par\n|\n|-end|p1a: Slowking|move: Future Sight\n|-damage|p1a: Slowking|74\/100\n|-heal|p1a: Slowking|80\/100|[from] item: Black Sludge\n|upkeep\n|turn|17\n|\n|t:|1700071866\n|move|p1a: Slowking|Psyshock|p2a: Gesley Slo\n|-damage|p2a: Gesley Slo|30\/100 par\n|cant|p2a: Gesley Slo|par\n|\n|-heal|p1a: Slowking|86\/100|[from] item: Black Sludge\n|upkeep\n|turn|18\n|\n|t:|1700071873\n|switch|p2a: Mr Worldwide|Heatran, F, tera:Ghost|53\/100\n|move|p1a: Slowking|Psyshock|p2a: Mr Worldwide\n|-damage|p2a: Mr Worldwide|27\/100\n|\n|-heal|p2a: Mr Worldwide|33\/100|[from] item: Leftovers\n|-heal|p1a: Slowking|92\/100|[from] item: Black Sludge\n|upkeep\n|turn|19\n|\n|t:|1700071881\n|move|p2a: Mr Worldwide|Magma Storm|p1a: Slowking\n|-damage|p1a: Slowking|63\/100\n|-activate|p1a: Slowking|move: Magma Storm|[of] p2a: Mr Worldwide\n|move|p1a: Slowking|Trick|p2a: Mr Worldwide\n|-activate|p1a: Slowking|move: Trick|[of] p2a: Mr Worldwide\n|-item|p2a: Mr Worldwide|Black Sludge|[from] move: Trick\n|-item|p1a: Slowking|Leftovers|[from] move: Trick\n|\n|-damage|p2a: Mr Worldwide|20\/100|[from] item: Black Sludge\n|-heal|p1a: Slowking|69\/100|[from] item: Leftovers\n|-damage|p1a: Slowking|57\/100|[from] move: Magma Storm|[partiallytrapped]\n|upkeep\n|turn|20\n|\n|t:|1700071896\n|move|p2a: Mr Worldwide|Stealth Rock|p1a: Slowking\n|-sidestart|p1: Eucalipto69!|move: Stealth Rock\n|move|p1a: Slowking|Psyshock|p2a: Mr Worldwide\n|-damage|p2a: Mr Worldwide|0 fnt\n|faint|p2a: Mr Worldwide\n|\n|-heal|p1a: Slowking|63\/100|[from] item: Leftovers\n|-end|p1a: Slowking|Magma Storm|[partiallytrapped]|[silent]\n|upkeep\n|\n|t:|1700071898\n|switch|p2a: Giannis|Kommo-o, M|100\/100\n|turn|21\n|\n|t:|1700071901\n|move|p2a: Giannis|Clangorous Soul|p2a: Giannis\n|-boost|p2a: Giannis|atk|1\n|-boost|p2a: Giannis|def|1\n|-boost|p2a: Giannis|spa|1\n|-boost|p2a: Giannis|spd|1\n|-boost|p2a: Giannis|spe|1\n|-damage|p2a: Giannis|68\/100\n|move|p1a: Slowking|Thunder Wave|p2a: Giannis\n|-status|p2a: Giannis|par\n|\n|-heal|p2a: Giannis|74\/100 par|[from] item: Leftovers\n|-heal|p1a: Slowking|69\/100|[from] item: Leftovers\n|upkeep\n|turn|22\n|\n|t:|1700071910\n|switch|p1a: Mimikyu|Mimikyu, M|100\/100\n|-damage|p1a: Mimikyu|88\/100|[from] Stealth Rock\n|move|p2a: Giannis|Clanging Scales|p1a: Mimikyu\n|-immune|p1a: Mimikyu\n|\n|-heal|p2a: Giannis|80\/100 par|[from] item: Leftovers\n|upkeep\n|turn|23\n|\n|t:|1700071919\n|switch|p2a: Treacherous Spins|Great Tusk|100\/100\n|move|p1a: Mimikyu|Play Rough|p2a: Treacherous Spins|[miss]\n|-miss|p1a: Mimikyu|p2a: Treacherous Spins\n|\n|upkeep\n|turn|24\n|\n|t:|1700071927\n|move|p1a: Mimikyu|Curse|p2a: Treacherous Spins\n|-start|p2a: Treacherous Spins|Curse|[of] p1a: Mimikyu\n|-damage|p1a: Mimikyu|38\/100\n|move|p2a: Treacherous Spins|Knock Off|p1a: Mimikyu\n|-activate|p1a: Mimikyu|ability: Disguise\n|-damage|p1a: Mimikyu|38\/100\n|-damage|p2a: Treacherous Spins|84\/100|[from] item: Rocky Helmet|[of] p1a: Mimikyu\n|-enditem|p1a: Mimikyu|Rocky Helmet|[from] move: Knock Off|[of] p2a: Treacherous Spins\n|detailschange|p1a: Mimikyu|Mimikyu-Busted, M\n|-damage|p1a: Mimikyu|26\/100|[from] pokemon: Mimikyu-Busted\n|\n|-heal|p2a: Treacherous Spins|90\/100|[from] item: Leftovers\n|-damage|p2a: Treacherous Spins|65\/100|[from] Curse\n|upkeep\n|turn|25\n|\n|t:|1700071943\n|-end|p2a: Treacherous Spins|Protosynthesis|[silent]\n|switch|p2a: Gesley Slo|Slowking-Galar, F|63\/100 par\n|move|p1a: Mimikyu|Destiny Bond|p1a: Mimikyu\n|-singlemove|p1a: Mimikyu|Destiny Bond\n|\n|upkeep\n|turn|26\n|\n|t:|1700071951\n|switch|p1a: Torkoal|Torkoal, M|100\/100\n|-damage|p1a: Torkoal|76\/100|[from] Stealth Rock\n|-weather|SunnyDay|[from] ability: Drought|[of] p1a: Torkoal\n|cant|p2a: Gesley Slo|par\n|\n|-weather|SunnyDay|[upkeep]\n|upkeep\n|turn|27\n|\n|t:|1700071960\n|move|p1a: Torkoal|Flare Blitz|p2a: Gesley Slo\n|-damage|p2a: Gesley Slo|11\/100 par\n|-damage|p1a: Torkoal|56\/100|[from] Recoil\n|move|p2a: Gesley Slo|Toxic Spikes|p1a: Torkoal\n|-sidestart|p1: Eucalipto69!|move: Toxic Spikes\n|\n|-weather|SunnyDay|[upkeep]\n|upkeep\n|turn|28\n|\n|t:|1700071964\n|switch|p2a: Treacherous Spins|Great Tusk|65\/100\n|-activate|p2a: Treacherous Spins|ability: Protosynthesis\n|-start|p2a: Treacherous Spins|protosynthesisatk\n|move|p1a: Torkoal|Rapid Spin|p2a: Treacherous Spins\n|-damage|p2a: Treacherous Spins|59\/100\n|-boost|p1a: Torkoal|spe|1\n|-sideend|p1: Eucalipto69!|Toxic Spikes|[from] move: Rapid Spin|[of] p1a: Torkoal\n|-sideend|p1: Eucalipto69!|Stealth Rock|[from] move: Rapid Spin|[of] p1a: Torkoal\n|\n|-weather|SunnyDay|[upkeep]\n|-heal|p2a: Treacherous Spins|65\/100|[from] item: Leftovers\n|upkeep\n|turn|29\n|\n|t:|1700071984\n|move|p2a: Treacherous Spins|Rapid Spin|p1a: Torkoal\n|-damage|p1a: Torkoal|45\/100\n|-boost|p2a: Treacherous Spins|spe|1\n|move|p1a: Torkoal|Stealth Rock|p2a: Treacherous Spins\n|-sidestart|p2: kd458|move: Stealth Rock\n|\n|-weather|SunnyDay|[upkeep]\n|-heal|p2a: Treacherous Spins|71\/100|[from] item: Leftovers\n|upkeep\n|turn|30\n|\n|t:|1700071994\n|move|p2a: Treacherous Spins|Bulk Up|p2a: Treacherous Spins\n|-boost|p2a: Treacherous Spins|atk|1\n|-boost|p2a: Treacherous Spins|def|1\n|move|p1a: Torkoal|Yawn|p2a: Treacherous Spins\n|-start|p2a: Treacherous Spins|move: Yawn|[of] p1a: Torkoal\n|\n|-weather|SunnyDay|[upkeep]\n|-heal|p2a: Treacherous Spins|77\/100|[from] item: Leftovers\n|upkeep\n|turn|31\n|\n|t:|1700072002\n|-end|p2a: Treacherous Spins|Protosynthesis|[silent]\n|switch|p2a: Giannis|Kommo-o, M|80\/100 par\n|-damage|p2a: Giannis|74\/100 par|[from] Stealth Rock\n|move|p1a: Torkoal|Flare Blitz|p2a: Giannis\n|-resisted|p2a: Giannis\n|-damage|p2a: Giannis|52\/100 par\n|-damage|p1a: Torkoal|38\/100|[from] Recoil\n|\n|-weather|SunnyDay|[upkeep]\n|-heal|p2a: Giannis|58\/100 par|[from] item: Leftovers\n|upkeep\n|turn|32\n|\n|t:|1700072014\n|switch|p1a: Slowking|Slowking-Galar, F|100\/100\n|move|p2a: Giannis|Flamethrower|p1a: Slowking\n|-damage|p1a: Slowking|81\/100\n|\n|-weather|SunnyDay|[upkeep]\n|-heal|p2a: Giannis|64\/100 par|[from] item: Leftovers\n|-heal|p1a: Slowking|87\/100|[from] item: Leftovers\n|upkeep\n|turn|33\n|\n|t:|1700072024\n|switch|p2a: Gesley Slo|Slowking-Galar, F|45\/100 par\n|move|p1a: Slowking|Psyshock|p2a: Gesley Slo\n|-damage|p2a: Gesley Slo|16\/100 par\n|\n|-weather|none\n|-heal|p1a: Slowking|93\/100|[from] item: Leftovers\n|upkeep\n|turn|34\n|\n|t:|1700072028\n|switch|p2a: Treacherous Spins|Great Tusk|77\/100\n|-damage|p2a: Treacherous Spins|74\/100|[from] Stealth Rock\n|move|p1a: Slowking|Psyshock|p2a: Treacherous Spins\n|-supereffective|p2a: Treacherous Spins\n|-damage|p2a: Treacherous Spins|37\/100\n|\n|-heal|p2a: Treacherous Spins|43\/100|[from] item: Leftovers\n|-heal|p1a: Slowking|99\/100|[from] item: Leftovers\n|upkeep\n|turn|35\n|\n|t:|1700072042\n|switch|p1a: Mimikyu|Mimikyu-Busted, M|26\/100\n|move|p2a: Treacherous Spins|Knock Off|p1a: Mimikyu\n|-damage|p1a: Mimikyu|0 fnt\n|faint|p1a: Mimikyu\n|\n|-heal|p2a: Treacherous Spins|49\/100|[from] item: Leftovers\n|upkeep\n|\n|t:|1700072051\n|switch|p1a: Walking Wake|Walking Wake|100\/100\n|turn|36\n|\n|t:|1700072055\n|-end|p2a: Treacherous Spins|Protosynthesis|[silent]\n|switch|p2a: Gesley Slo|Slowking-Galar, F|49\/100 par\n|move|p1a: Walking Wake|Hydro Steam|p2a: Gesley Slo\n|-damage|p2a: Gesley Slo|24\/100 par\n|\n|upkeep\n|turn|37\n|\n|t:|1700072060\n|switch|p2a: Giannis|Kommo-o, M|64\/100 par\n|-damage|p2a: Giannis|58\/100 par|[from] Stealth Rock\n|move|p1a: Walking Wake|Substitute|p1a: Walking Wake\n|-start|p1a: Walking Wake|Substitute\n|-damage|p1a: Walking Wake|76\/100\n|\n|-heal|p1a: Walking Wake|82\/100|[from] item: Leftovers\n|-heal|p2a: Giannis|64\/100 par|[from] item: Leftovers\n|upkeep\n|turn|38\n|\n|t:|1700072063\n|move|p1a: Walking Wake|Dragon Pulse|p2a: Giannis\n|-supereffective|p2a: Giannis\n|-damage|p2a: Giannis|2\/100 par\n|move|p2a: Giannis|Clanging Scales|p1a: Walking Wake\n|-supereffective|p1a: Walking Wake\n|-damage|p1a: Walking Wake|0 fnt\n|faint|p1a: Walking Wake\n|-end|p1a: Walking Wake|Protosynthesis|[silent]\n|-unboost|p2a: Giannis|def|1\n|\n|-heal|p2a: Giannis|8\/100 par|[from] item: Leftovers\n|upkeep\n|-message|Eucalipto69! forfeited.\n|\n|win|kd458\n|raw|Eucalipto69!'s rating: 1685 &rarr; <strong>1665<\/strong><br \/>(-20 for losing)\n|raw|kd458's rating: 1677 &rarr; <strong>1697<\/strong><br \/>(+20 for winning)\n|l|\u2606Eucalipto69!\n","uploadtime":1700072088,"views":7,"p1id":"eucalipto69","p2id":"kd458","formatid":"gen9ou","rating":1665,"private":0,"password":""}