{"id":"gen9ou-1998218545","p1":"natcentre","p2":"FlorenceIris","format":"[Gen 9] OU","log":"|j|\u2606natcentre\n|j|\u2606FlorenceIris\n|t:|1700914698\n|gametype|singles\n|player|p1|natcentre|101|\n|player|p2|FlorenceIris|sonia-professor|\n|teamsize|p1|6\n|teamsize|p2|6\n|gen|9\n|tier|[Gen 9] OU\n|rule|Sleep Clause Mod: Limit one foe put to sleep\n|rule|Species Clause: Limit one of each Pok\u00e9mon\n|rule|OHKO Clause: OHKO moves are banned\n|rule|Evasion Items Clause: Evasion items are banned\n|rule|Evasion Moves Clause: Evasion moves are banned\n|rule|Endless Battle Clause: Forcing endless battles is banned\n|rule|HP Percentage Mod: HP is shown in percentages\n|clearpoke\n|poke|p1|Tatsugiri, M|\n|poke|p1|Dondozo, M|\n|poke|p1|Phanpy, F|\n|poke|p1|Amoonguss, M|\n|poke|p1|Glimmora, M|\n|poke|p1|Arcanine-Hisui, F|\n|poke|p2|Enamorus, F|\n|poke|p2|Landorus-Therian, M|\n|poke|p2|Dragonite, M|\n|poke|p2|Thundurus-Therian, M|\n|poke|p2|Moltres|\n|poke|p2|Corviknight, F|\n|teampreview\n|c|\u2606FlorenceIris|gl hf :))\n|c|\u2606natcentre|u2\n|c|\u2606natcentre|birbs xD\n|\n|t:|1700914750\n|start\n|switch|p1a: All That Glitters|Glimmora, M|100\/100\n|switch|p2a: Thundurus|Thundurus-Therian, M|100\/100\n|turn|1\n|\n|t:|1700914768\n|move|p2a: Thundurus|Volt Switch|p1a: All That Glitters\n|-damage|p1a: All That Glitters|45\/100\n|\n|t:|1700914771\n|switch|p2a: Corviknight|Corviknight, F|100\/100|[from] Volt Switch\n|-ability|p2a: Corviknight|Pressure\n|move|p1a: All That Glitters|Stealth Rock|p2a: Corviknight\n|-sidestart|p2: FlorenceIris|move: Stealth Rock\n|\n|upkeep\n|turn|2\n|\n|t:|1700914782\n|switch|p1a: Home Alone|Tatsugiri, M|100\/100\n|move|p2a: Corviknight|Defog|p1a: Home Alone\n|-unboost|p1a: Home Alone|evasion|1\n|-sideend|p2: FlorenceIris|Stealth Rock|[from] move: Defog|[of] p2a: Corviknight\n|\n|upkeep\n|turn|3\n|\n|t:|1700914787\n|move|p1a: Home Alone|Nasty Plot|p1a: Home Alone\n|-boost|p1a: Home Alone|spa|2\n|move|p2a: Corviknight|U-turn|p1a: Home Alone\n|-damage|p1a: Home Alone|72\/100\n|\n|t:|1700914790\n|switch|p2a: Enamorus|Enamorus, F|100\/100|[from] U-turn\n|\n|upkeep\n|turn|4\n|\n|t:|1700914801\n|switch|p1a: Among Us|Amoonguss, M|100\/100\n|move|p2a: Enamorus|Moonblast|p1a: Among Us\n|-resisted|p1a: Among Us\n|-damage|p1a: Among Us|74\/100\n|\n|upkeep\n|turn|5\n|\n|t:|1700914808\n|switch|p2a: Moltres|Moltres|100\/100\n|move|p1a: Among Us|Venoshock|p2a: Moltres\n|-damage|p2a: Moltres|56\/100\n|\n|upkeep\n|turn|6\n|\n|t:|1700914817\n|switch|p1a: Max Capacity|Arcanine-Hisui, F|100\/100\n|move|p2a: Moltres|U-turn|p1a: Max Capacity\n|-resisted|p1a: Max Capacity\n|-damage|p1a: Max Capacity|91\/100\n|\n|t:|1700914823\n|switch|p2a: Landorus|Landorus-Therian, M|100\/100|[from] U-turn\n|-ability|p2a: Landorus|Intimidate|boost\n|-unboost|p1a: Max Capacity|atk|1\n|\n|upkeep\n|turn|7\n|\n|t:|1700914834\n|switch|p1a: Boris Johnson|Dondozo, M|100\/100\n|move|p2a: Landorus|Stealth Rock|p1a: Boris Johnson\n|-sidestart|p1: natcentre|move: Stealth Rock\n|\n|upkeep\n|turn|8\n|\n|t:|1700914843\n|move|p2a: Landorus|Grass Knot|p1a: Boris Johnson\n|-supereffective|p1a: Boris Johnson\n|-damage|p1a: Boris Johnson|69\/100\n|move|p1a: Boris Johnson|Curse|p1a: Boris Johnson\n|-unboost|p1a: Boris Johnson|spe|1\n|-boost|p1a: Boris Johnson|atk|1\n|-boost|p1a: Boris Johnson|def|1\n|\n|-heal|p1a: Boris Johnson|75\/100|[from] item: Leftovers\n|upkeep\n|turn|9\n|\n|t:|1700914872\n|-terastallize|p2a: Landorus|Water\n|move|p2a: Landorus|Grass Knot|p1a: Boris Johnson\n|-supereffective|p1a: Boris Johnson\n|-damage|p1a: Boris Johnson|40\/100\n|move|p1a: Boris Johnson|Curse|p1a: Boris Johnson\n|-unboost|p1a: Boris Johnson|spe|1\n|-boost|p1a: Boris Johnson|atk|1\n|-boost|p1a: Boris Johnson|def|1\n|\n|-heal|p1a: Boris Johnson|47\/100|[from] item: Leftovers\n|upkeep\n|turn|10\n|\n|t:|1700914879\n|move|p2a: Landorus|Grass Knot|p1a: Boris Johnson\n|-supereffective|p1a: Boris Johnson\n|-damage|p1a: Boris Johnson|15\/100\n|move|p1a: Boris Johnson|Rest|p1a: Boris Johnson\n|-status|p1a: Boris Johnson|slp|[from] move: Rest\n|-heal|p1a: Boris Johnson|100\/100 slp|[silent]\n|\n|upkeep\n|turn|11\n|\n|t:|1700914885\n|move|p2a: Landorus|Grass Knot|p1a: Boris Johnson\n|-supereffective|p1a: Boris Johnson\n|-damage|p1a: Boris Johnson|65\/100 slp\n|cant|p1a: Boris Johnson|slp\n|move|p1a: Boris Johnson|Sleep Talk|p1a: Boris Johnson\n|move|p1a: Boris Johnson|Rest||[from]move: Sleep Talk|[still]\n|-fail|p1a: Boris Johnson\n|\n|-heal|p1a: Boris Johnson|71\/100 slp|[from] item: Leftovers\n|upkeep\n|turn|12\n|\n|t:|1700914893\n|move|p2a: Landorus|Grass Knot|p1a: Boris Johnson\n|-supereffective|p1a: Boris Johnson\n|-damage|p1a: Boris Johnson|39\/100 slp\n|cant|p1a: Boris Johnson|slp\n|move|p1a: Boris Johnson|Sleep Talk|p1a: Boris Johnson\n|move|p1a: Boris Johnson|Rest||[from]move: Sleep Talk|[still]\n|-fail|p1a: Boris Johnson\n|\n|-heal|p1a: Boris Johnson|45\/100 slp|[from] item: Leftovers\n|upkeep\n|turn|13\n|\n|t:|1700914901\n|move|p2a: Landorus|Grass Knot|p1a: Boris Johnson\n|-supereffective|p1a: Boris Johnson\n|-damage|p1a: Boris Johnson|11\/100 slp\n|-curestatus|p1a: Boris Johnson|slp|[msg]\n|move|p1a: Boris Johnson|Rest|p1a: Boris Johnson\n|-status|p1a: Boris Johnson|slp|[from] move: Rest\n|-heal|p1a: Boris Johnson|100\/100 slp|[silent]\n|\n|upkeep\n|turn|14\n|\n|t:|1700914910\n|switch|p1a: Among Us|Amoonguss, M|100\/100\n|-damage|p1a: Among Us|88\/100|[from] Stealth Rock\n|move|p2a: Landorus|Grass Knot|p1a: Among Us\n|-resisted|p1a: Among Us\n|-damage|p1a: Among Us|86\/100\n|\n|upkeep\n|turn|15\n|\n|t:|1700914919\n|move|p2a: Landorus|U-turn|p1a: Among Us\n|-damage|p1a: Among Us|64\/100\n|\n|t:|1700914924\n|switch|p2a: Moltres|Moltres|56\/100|[from] U-turn\n|move|p1a: Among Us|Spore|p2a: Moltres\n|-status|p2a: Moltres|slp|[from] move: Spore\n|\n|upkeep\n|turn|16\n|\n|t:|1700914938\n|switch|p2a: Corviknight|Corviknight, F|100\/100\n|-ability|p2a: Corviknight|Pressure\n|switch|p1a: Max Capacity|Arcanine-Hisui, F|91\/100\n|-damage|p1a: Max Capacity|66\/100|[from] Stealth Rock\n|\n|upkeep\n|turn|17\n|\n|t:|1700914949\n|switch|p2a: Landorus|Landorus-Therian, M, tera:Water|100\/100\n|-ability|p2a: Landorus|Intimidate|boost\n|-unboost|p1a: Max Capacity|atk|1\n|move|p1a: Max Capacity|Head Smash|p2a: Landorus\n|-damage|p2a: Landorus|62\/100\n|-damage|p1a: Max Capacity|50\/100|[from] item: Rocky Helmet|[of] p2a: Landorus\n|\n|upkeep\n|turn|18\n|\n|t:|1700914972\n|switch|p1a: Among Us|Amoonguss, M|97\/100\n|-damage|p1a: Among Us|85\/100|[from] Stealth Rock\n|move|p2a: Landorus|U-turn|p1a: Among Us\n|-damage|p1a: Among Us|61\/100\n|\n|t:|1700914978\n|switch|p2a: Corviknight|Corviknight, F|100\/100|[from] U-turn\n|-ability|p2a: Corviknight|Pressure\n|\n|upkeep\n|turn|19\n|\n|t:|1700915001\n|move|p2a: Corviknight|U-turn|p1a: Among Us\n|-damage|p1a: Among Us|47\/100\n|\n|t:|1700915006\n|switch|p2a: Moltres|Moltres|56\/100 slp|[from] U-turn\n|move|p1a: Among Us|Leaf Storm|p2a: Moltres|[miss]\n|-miss|p1a: Among Us|p2a: Moltres\n|\n|upkeep\n|turn|20\n|\n|t:|1700915015\n|switch|p2a: Corviknight|Corviknight, F|100\/100\n|-ability|p2a: Corviknight|Pressure\n|switch|p1a: Max Capacity|Arcanine-Hisui, F|50\/100\n|-damage|p1a: Max Capacity|25\/100|[from] Stealth Rock\n|\n|upkeep\n|turn|21\n|\n|t:|1700915023\n|switch|p2a: Landorus|Landorus-Therian, M, tera:Water|62\/100\n|-ability|p2a: Landorus|Intimidate|boost\n|-unboost|p1a: Max Capacity|atk|1\n|move|p1a: Max Capacity|Flare Blitz|p2a: Landorus\n|-resisted|p2a: Landorus\n|-damage|p2a: Landorus|47\/100\n|-damage|p1a: Max Capacity|8\/100|[from] item: Rocky Helmet|[of] p2a: Landorus\n|\n|upkeep\n|turn|22\n|\n|t:|1700915032\n|switch|p2a: Moltres|Moltres|56\/100 slp\n|move|p1a: Max Capacity|Flare Blitz|p2a: Moltres\n|-resisted|p2a: Moltres\n|-damage|p2a: Moltres|43\/100 slp\n|\n|upkeep\n|turn|23\n|\n|t:|1700915046\n|move|p1a: Max Capacity|Flare Blitz|p2a: Moltres\n|-resisted|p2a: Moltres\n|-damage|p2a: Moltres|28\/100 slp\n|cant|p2a: Moltres|slp\n|\n|upkeep\n|turn|24\n|\n|t:|1700915050\n|move|p1a: Max Capacity|Flare Blitz|p2a: Moltres\n|-resisted|p2a: Moltres\n|-damage|p2a: Moltres|14\/100 slp\n|cant|p2a: Moltres|slp\n|\n|upkeep\n|turn|25\n|\n|t:|1700915057\n|switch|p2a: Landorus|Landorus-Therian, M, tera:Water|47\/100\n|-ability|p2a: Landorus|Intimidate|boost\n|-unboost|p1a: Max Capacity|atk|1\n|move|p1a: Max Capacity|Flare Blitz|p2a: Landorus\n|-resisted|p2a: Landorus\n|-damage|p2a: Landorus|36\/100\n|-damage|p1a: Max Capacity|0 fnt|[from] item: Rocky Helmet|[of] p2a: Landorus\n|faint|p1a: Max Capacity\n|\n|upkeep\n|\n|t:|1700915072\n|switch|p1a: Home Alone|Tatsugiri, M|72\/100\n|-damage|p1a: Home Alone|59\/100|[from] Stealth Rock\n|turn|26\n|\n|t:|1700915081\n|switch|p2a: Enamorus|Enamorus, F|100\/100\n|move|p1a: Home Alone|Draco Meteor|p2a: Enamorus\n|-immune|p2a: Enamorus\n|\n|upkeep\n|turn|27\n|\n|t:|1700915089\n|move|p2a: Enamorus|Moonblast|p1a: Home Alone\n|-supereffective|p1a: Home Alone\n|-damage|p1a: Home Alone|0 fnt\n|faint|p1a: Home Alone\n|\n|upkeep\n|\n|t:|1700915100\n|switch|p1a: Among Us|Amoonguss, M|80\/100\n|-damage|p1a: Among Us|68\/100|[from] Stealth Rock\n|turn|28\n|\n|t:|1700915107\n|switch|p2a: Corviknight|Corviknight, F|100\/100\n|-ability|p2a: Corviknight|Pressure\n|move|p1a: Among Us|Leaf Storm|p2a: Corviknight\n|-resisted|p2a: Corviknight\n|-damage|p2a: Corviknight|86\/100\n|-unboost|p1a: Among Us|spa|2\n|\n|-heal|p2a: Corviknight|92\/100|[from] item: Leftovers\n|upkeep\n|turn|29\n|\n|t:|1700915114\n|switch|p1a: Boris Johnson|Dondozo, M|100\/100 slp\n|-damage|p1a: Boris Johnson|88\/100 slp|[from] Stealth Rock\n|move|p2a: Corviknight|U-turn|p1a: Boris Johnson\n|-damage|p1a: Boris Johnson|79\/100 slp\n|\n|t:|1700915117\n|switch|p2a: Thundurus|Thundurus-Therian, M|100\/100|[from] U-turn\n|\n|-heal|p1a: Boris Johnson|85\/100 slp|[from] item: Leftovers\n|upkeep\n|turn|30\n|\n|t:|1700915139\n|switch|p1a: Among Us|Amoonguss, M|100\/100\n|-damage|p1a: Among Us|88\/100|[from] Stealth Rock\n|move|p2a: Thundurus|Grass Knot|p1a: Among Us\n|-resisted|p1a: Among Us\n|-damage|p1a: Among Us|84\/100\n|\n|upkeep\n|turn|31\n|\n|t:|1700915161\n|switch|p2a: Corviknight|Corviknight, F|92\/100\n|-ability|p2a: Corviknight|Pressure\n|switch|p1a: All That Glitters|Glimmora, M|45\/100\n|-damage|p1a: All That Glitters|32\/100|[from] Stealth Rock\n|\n|-heal|p2a: Corviknight|98\/100|[from] item: Leftovers\n|upkeep\n|turn|32\n|\n|t:|1700915170\n|move|p1a: All That Glitters|Sludge Wave|p2a: Corviknight\n|-immune|p2a: Corviknight\n|move|p2a: Corviknight|U-turn|p1a: All That Glitters\n|-resisted|p1a: All That Glitters\n|-damage|p1a: All That Glitters|24\/100\n|-activate|p1a: All That Glitters|ability: Toxic Debris\n|-sidestart|p2: FlorenceIris|move: Toxic Spikes\n|\n|t:|1700915195\n|switch|p2a: Enamorus|Enamorus, F|100\/100|[from] U-turn\n|\n|upkeep\n|turn|33\n|\n|t:|1700915207\n|move|p2a: Enamorus|Mystical Fire|p1a: All That Glitters\n|-resisted|p1a: All That Glitters\n|-damage|p1a: All That Glitters|7\/100\n|-unboost|p1a: All That Glitters|spa|1\n|move|p1a: All That Glitters|Sludge Wave|p2a: Enamorus\n|-supereffective|p2a: Enamorus\n|-damage|p2a: Enamorus|0 fnt\n|faint|p2a: Enamorus\n|\n|upkeep\n|\n|t:|1700915222\n|switch|p2a: Thundurus|Thundurus-Therian, M|100\/100\n|turn|34\n|\n|t:|1700915228\n|move|p2a: Thundurus|Sludge Bomb|p1a: All That Glitters\n|-resisted|p1a: All That Glitters\n|-damage|p1a: All That Glitters|0 fnt\n|faint|p1a: All That Glitters\n|\n|upkeep\n|\n|t:|1700915236\n|switch|p1a: Among Us|Amoonguss, M|100\/100\n|-damage|p1a: Among Us|88\/100|[from] Stealth Rock\n|turn|35\n|\n|t:|1700915248\n|switch|p2a: Corviknight|Corviknight, F|98\/100\n|-ability|p2a: Corviknight|Pressure\n|move|p1a: Among Us|Leaf Storm|p2a: Corviknight|[miss]\n|-miss|p1a: Among Us|p2a: Corviknight\n|\n|-heal|p2a: Corviknight|100\/100|[from] item: Leftovers\n|upkeep\n|turn|36\n|c|\u2606natcentre|gg\n|-message|natcentre forfeited.\n|\n|win|FlorenceIris\n|c|\u2606FlorenceIris|gg\n|l|\u2606FlorenceIris\n|l|\u2606natcentre\n|j|\u2606FlorenceIris\n|player|p2|FlorenceIris|sonia-professor\n","uploadtime":1700915936,"views":16,"p1id":"natcentre","p2id":"florenceiris","formatid":"gen9ou","rating":0,"private":0,"password":""}