{"id":"gen9ou-1995190766","p1":"jhvjvhjvhj","p2":"Kayleb1718","format":"[Gen 9] OU","log":"|j|\u2606jhvjvhjvhj\n|j|\u2606Kayleb1718\n|t:|1700532770\n|gametype|singles\n|player|p1|jhvjvhjvhj|blue|1000\n|player|p2|Kayleb1718|lucas-gen4pt|1000\n|teamsize|p1|6\n|teamsize|p2|6\n|gen|9\n|tier|[Gen 9] OU\n|rated|\n|rule|Sleep Clause Mod: Limit one foe put to sleep\n|rule|Species Clause: Limit one of each Pok\u00e9mon\n|rule|OHKO Clause: OHKO moves are banned\n|rule|Evasion Items Clause: Evasion items are banned\n|rule|Evasion Moves Clause: Evasion moves are banned\n|rule|Endless Battle Clause: Forcing endless battles is banned\n|rule|HP Percentage Mod: HP is shown in percentages\n|clearpoke\n|poke|p1|Cinderace, M|\n|poke|p1|Ogerpon, F|\n|poke|p1|Great Tusk|\n|poke|p1|Zapdos|\n|poke|p1|Gholdengo|\n|poke|p1|Espeon, M|\n|poke|p2|Zamazenta-*|\n|poke|p2|Dragapult, M|\n|poke|p2|Landorus-Therian, M|\n|poke|p2|Kingambit, M|\n|poke|p2|Great Tusk|\n|poke|p2|Gyarados, M|\n|teampreview\n|inactive|Battle timer is ON: inactive players will automatically lose when time's up. (requested by Kayleb1718)\n|\n|t:|1700532791\n|start\n|switch|p1a: Gholdengo|Gholdengo|100\/100\n|switch|p2a: Great Tusk|Great Tusk, shiny|100\/100\n|-item|p1a: Gholdengo|Air Balloon\n|turn|1\n|\n|t:|1700532799\n|move|p2a: Great Tusk|Stealth Rock|p1a: Gholdengo\n|-sidestart|p1: jhvjvhjvhj|move: Stealth Rock\n|move|p1a: Gholdengo|Nasty Plot|p1a: Gholdengo\n|-boost|p1a: Gholdengo|spa|2\n|\n|upkeep\n|turn|2\n|\n|t:|1700532808\n|-end|p2a: Great Tusk|Protosynthesis|[silent]\n|switch|p2a: Landorus|Landorus-Therian, M|100\/100\n|-ability|p2a: Landorus|Intimidate|boost\n|-unboost|p1a: Gholdengo|atk|1\n|move|p1a: Gholdengo|Psychic|p2a: Landorus\n|-damage|p2a: Landorus|29\/100\n|\n|-heal|p2a: Landorus|35\/100|[from] item: Leftovers\n|upkeep\n|turn|3\n|\n|t:|1700532815\n|move|p2a: Landorus|Stone Edge|p1a: Gholdengo|[miss]\n|-miss|p2a: Landorus|p1a: Gholdengo\n|move|p1a: Gholdengo|Shadow Ball|p2a: Landorus\n|-crit|p2a: Landorus\n|-damage|p2a: Landorus|0 fnt\n|faint|p2a: Landorus\n|\n|upkeep\n|\n|t:|1700532824\n|switch|p2a: Gyarados|Gyarados, M, shiny|100\/100\n|turn|4\n|\n|t:|1700532830\n|move|p2a: Gyarados|Ice Fang|p1a: Gholdengo\n|-resisted|p1a: Gholdengo\n|-damage|p1a: Gholdengo|91\/100\n|-enditem|p1a: Gholdengo|Air Balloon\n|move|p1a: Gholdengo|Make It Rain|p2a: Gyarados\n|-resisted|p2a: Gyarados\n|-damage|p2a: Gyarados|42\/100\n|-unboost|p1a: Gholdengo|spa|1\n|\n|-heal|p2a: Gyarados|48\/100|[from] item: Leftovers\n|upkeep\n|turn|5\n|\n|t:|1700532846\n|switch|p1a: Great Tusk|Great Tusk|100\/100\n|-damage|p1a: Great Tusk|98\/100|[from] Stealth Rock\n|move|p2a: Gyarados|Waterfall|p1a: Great Tusk\n|-supereffective|p1a: Great Tusk\n|-crit|p1a: Great Tusk\n|-damage|p1a: Great Tusk|18\/100\n|\n|-heal|p2a: Gyarados|54\/100|[from] item: Leftovers\n|upkeep\n|turn|6\n|\n|t:|1700532856\n|-end|p1a: Great Tusk|Protosynthesis|[silent]\n|switch|p1a: Zapdos|Zapdos|100\/100\n|-damage|p1a: Zapdos|76\/100|[from] Stealth Rock\n|move|p2a: Gyarados|Waterfall|p1a: Zapdos\n|-crit|p1a: Zapdos\n|-damage|p1a: Zapdos|3\/100\n|-status|p2a: Gyarados|par|[from] ability: Static|[of] p1a: Zapdos\n|\n|-heal|p2a: Gyarados|60\/100 par|[from] item: Leftovers\n|upkeep\n|turn|7\n|\n|t:|1700532866\n|move|p1a: Zapdos|Volt Switch|p2a: Gyarados\n|-supereffective|p2a: Gyarados\n|-damage|p2a: Gyarados|0 fnt\n|faint|p2a: Gyarados\n|\n|t:|1700532880\n|switch|p1a: Cinderace|Cinderace, M|100\/100|[from] Volt Switch\n|-damage|p1a: Cinderace|76\/100|[from] Stealth Rock\n|\n|upkeep\n|\n|t:|1700532887\n|switch|p2a: Great Tusk|Great Tusk, shiny|100\/100\n|turn|8\n|\n|t:|1700532892\n|move|p1a: Cinderace|Zen Headbutt|p2a: Great Tusk\n|-start|p1a: Cinderace|typechange|Psychic|[from] ability: Libero\n|-supereffective|p2a: Great Tusk\n|-damage|p2a: Great Tusk|13\/100\n|move|p2a: Great Tusk|High Horsepower|p1a: Cinderace\n|-damage|p1a: Cinderace|9\/100\n|\n|-heal|p2a: Great Tusk|20\/100|[from] item: Leftovers\n|upkeep\n|turn|9\n|\n|t:|1700532906\n|switch|p1a: Ogerpon|Ogerpon, F|100\/100\n|-damage|p1a: Ogerpon|88\/100|[from] Stealth Rock\n|move|p2a: Great Tusk|High Horsepower|p1a: Ogerpon\n|-resisted|p1a: Ogerpon\n|-damage|p1a: Ogerpon|53\/100\n|\n|-heal|p2a: Great Tusk|26\/100|[from] item: Leftovers\n|upkeep\n|turn|10\n|\n|t:|1700532914\n|move|p1a: Ogerpon|Ivy Cudgel|p2a: Great Tusk\n|-supereffective|p2a: Great Tusk\n|-damage|p2a: Great Tusk|0 fnt\n|faint|p2a: Great Tusk\n|-end|p2a: Great Tusk|Protosynthesis|[silent]\n|\n|upkeep\n|\n|t:|1700532919\n|switch|p2a: Dragapult|Dragapult, M, shiny|100\/100\n|turn|11\n|\n|t:|1700532941\n|switch|p1a: Zapdos|Zapdos|3\/100\n|-damage|p1a: Zapdos|0 fnt|[from] Stealth Rock\n|faint|p1a: Zapdos\n|move|p2a: Dragapult|Dragon Darts|p1: Zapdos|[notarget]\n|-fail|p2a: Dragapult\n|\n|upkeep\n|\n|t:|1700532952\n|switch|p1a: Espeon|Espeon, M|100\/100\n|-damage|p1a: Espeon|88\/100|[from] Stealth Rock\n|turn|12\n|\n|t:|1700532957\n|-terastallize|p1a: Espeon|Fairy\n|move|p1a: Espeon|Dazzling Gleam|p2a: Dragapult\n|-supereffective|p2a: Dragapult\n|-damage|p2a: Dragapult|0 fnt\n|faint|p2a: Dragapult\n|\n|upkeep\n|\n|t:|1700532962\n|switch|p2a: Zamazenta|Zamazenta|100\/100\n|-ability|p2a: Zamazenta|Dauntless Shield|boost\n|-boost|p2a: Zamazenta|def|1\n|turn|13\n|\n|t:|1700532966\n|move|p1a: Espeon|Dazzling Gleam|p2a: Zamazenta\n|-supereffective|p2a: Zamazenta\n|-damage|p2a: Zamazenta|18\/100\n|move|p2a: Zamazenta|Iron Head|p1a: Espeon\n|-supereffective|p1a: Espeon\n|-damage|p1a: Espeon|0 fnt\n|faint|p1a: Espeon\n|\n|-heal|p2a: Zamazenta|24\/100|[from] item: Leftovers\n|upkeep\n|\n|t:|1700532978\n|switch|p1a: Gholdengo|Gholdengo|91\/100\n|-damage|p1a: Gholdengo|85\/100|[from] Stealth Rock\n|turn|14\n|\n|t:|1700532988\n|move|p2a: Zamazenta|Psychic Fangs|p1a: Gholdengo\n|-resisted|p1a: Gholdengo\n|-damage|p1a: Gholdengo|74\/100\n|move|p1a: Gholdengo|Shadow Ball|p2a: Zamazenta\n|-damage|p2a: Zamazenta|0 fnt\n|faint|p2a: Zamazenta\n|\n|upkeep\n|\n|t:|1700532991\n|switch|p2a: Kingambit|Kingambit, M, shiny|100\/100\n|-activate|p2a: Kingambit|ability: Supreme Overlord\n|-start|p2a: Kingambit|fallen5|[silent]\n|turn|15\n|\n|t:|1700532998\n|move|p1a: Gholdengo|Nasty Plot|p1a: Gholdengo\n|-boost|p1a: Gholdengo|spa|2\n|move|p2a: Kingambit|Kowtow Cleave|p1a: Gholdengo\n|-supereffective|p1a: Gholdengo\n|-damage|p1a: Gholdengo|0 fnt\n|faint|p1a: Gholdengo\n|\n|upkeep\n|\n|t:|1700533005\n|switch|p1a: Great Tusk|Great Tusk|18\/100\n|-damage|p1a: Great Tusk|15\/100|[from] Stealth Rock\n|turn|16\n|\n|t:|1700533011\n|move|p2a: Kingambit|Sucker Punch|p1a: Great Tusk\n|-resisted|p1a: Great Tusk\n|-damage|p1a: Great Tusk|0 fnt\n|faint|p1a: Great Tusk\n|-end|p1a: Great Tusk|Protosynthesis|[silent]\n|\n|upkeep\n|\n|t:|1700533015\n|switch|p1a: Ogerpon|Ogerpon, F|53\/100\n|-damage|p1a: Ogerpon|41\/100|[from] Stealth Rock\n|turn|17\n|\n|t:|1700533019\n|move|p2a: Kingambit|Sucker Punch|p1a: Ogerpon\n|-damage|p1a: Ogerpon|0 fnt\n|faint|p1a: Ogerpon\n|\n|upkeep\n|\n|t:|1700533023\n|switch|p1a: Cinderace|Cinderace, M|9\/100\n|-damage|p1a: Cinderace|0 fnt|[from] Stealth Rock\n|faint|p1a: Cinderace\n|\n|win|Kayleb1718\n|raw|jhvjvhjvhj's rating: 1000 &rarr; <strong>1000<\/strong><br \/>(+0 for losing)\n|raw|Kayleb1718's rating: 1000 &rarr; <strong>1040<\/strong><br \/>(+40 for winning)\n|l|\u2606jhvjvhjvhj\n","uploadtime":1700533035,"views":15,"p1id":"jhvjvhjvhj","p2id":"kayleb1718","formatid":"gen9ou","rating":1000,"private":0,"password":""}