{"id":"gen9ou-1988274307","p1":"Funny jumpiiiiiii","p2":"q4rcq4rcq","format":"[Gen 9] OU","log":"|j|\u2606Funny jumpiiiiiii\n|j|\u2606q4rcq4rcq\n|t:|1699699540\n|gametype|singles\n|player|p1|Funny jumpiiiiiii|dawn|1240\n|player|p2|q4rcq4rcq|carmine-festival|1202\n|teamsize|p1|6\n|teamsize|p2|6\n|gen|9\n|tier|[Gen 9] OU\n|rated|\n|rule|Sleep Clause Mod: Limit one foe put to sleep\n|rule|Species Clause: Limit one of each Pok\u00e9mon\n|rule|OHKO Clause: OHKO moves are banned\n|rule|Evasion Items Clause: Evasion items are banned\n|rule|Evasion Moves Clause: Evasion moves are banned\n|rule|Endless Battle Clause: Forcing endless battles is banned\n|rule|HP Percentage Mod: HP is shown in percentages\n|clearpoke\n|poke|p1|Enamorus-Therian, F|\n|poke|p1|Hatterene, F|\n|poke|p1|Hoopa-Unbound|\n|poke|p1|Cresselia, F|\n|poke|p1|Ursaluna, M|\n|poke|p1|Mimikyu, M|\n|poke|p2|Ninetales-Alola, F|\n|poke|p2|Maushold|\n|poke|p2|Dragonite, M|\n|poke|p2|Ceruledge, M|\n|poke|p2|Kingambit, F|\n|poke|p2|Ogerpon-Cornerstone, F|\n|teampreview\n|\n|t:|1699699549\n|start\n|switch|p1a: \u6551\u4e16\u6b4c\u59ec|Hatterene, F|100\/100\n|switch|p2a: Ninetales|Ninetales-Alola, F|100\/100\n|-weather|Snow|[from] ability: Snow Warning|[of] p2a: Ninetales\n|turn|1\n|\n|t:|1699699560\n|move|p2a: Ninetales|Aurora Veil|p2a: Ninetales\n|-sidestart|p2: q4rcq4rcq|move: Aurora Veil\n|move|p1a: \u6551\u4e16\u6b4c\u59ec|Mystical Fire|p2a: Ninetales\n|-supereffective|p2a: Ninetales\n|-damage|p2a: Ninetales|76\/100\n|-unboost|p2a: Ninetales|spa|1\n|\n|-weather|Snow|[upkeep]\n|upkeep\n|turn|2\n|\n|t:|1699699572\n|switch|p2a: Ceruledge|Ceruledge, M|100\/100\n|move|p1a: \u6551\u4e16\u6b4c\u59ec|Trick Room|p1a: \u6551\u4e16\u6b4c\u59ec\n|-fieldstart|move: Trick Room|[of] p1a: \u6551\u4e16\u6b4c\u59ec\n|\n|-weather|Snow|[upkeep]\n|upkeep\n|turn|3\n|\n|t:|1699699583\n|switch|p1a: \u8c79\u529b\u8f93\u51fa|Ursaluna, M|100\/100\n|move|p2a: Ceruledge|Poltergeist|p1a: \u8c79\u529b\u8f93\u51fa\n|-immune|p1a: \u8c79\u529b\u8f93\u51fa\n|\n|-weather|Snow|[upkeep]\n|-status|p1a: \u8c79\u529b\u8f93\u51fa|brn|[from] item: Flame Orb\n|upkeep\n|turn|4\n|\n|t:|1699699602\n|move|p1a: \u8c79\u529b\u8f93\u51fa|Headlong Rush|p2a: Ceruledge\n|-supereffective|p2a: Ceruledge\n|-enditem|p2a: Ceruledge|Focus Sash\n|-damage|p2a: Ceruledge|1\/100\n|-unboost|p1a: \u8c79\u529b\u8f93\u51fa|def|1\n|-unboost|p1a: \u8c79\u529b\u8f93\u51fa|spd|1\n|-ability|p2a: Ceruledge|Weak Armor|boost\n|-unboost|p2a: Ceruledge|def|1\n|-boost|p2a: Ceruledge|spe|2\n|move|p2a: Ceruledge|Bitter Blade|p1a: \u8c79\u529b\u8f93\u51fa\n|-damage|p1a: \u8c79\u529b\u8f93\u51fa|49\/100 brn\n|-heal|p2a: Ceruledge|42\/100|[from] drain|[of] p1a: \u8c79\u529b\u8f93\u51fa\n|\n|-weather|Snow|[upkeep]\n|-damage|p1a: \u8c79\u529b\u8f93\u51fa|43\/100 brn|[from] brn\n|upkeep\n|turn|5\n|\n|t:|1699699610\n|move|p1a: \u8c79\u529b\u8f93\u51fa|Headlong Rush|p2a: Ceruledge\n|-supereffective|p2a: Ceruledge\n|-damage|p2a: Ceruledge|0 fnt\n|-unboost|p1a: \u8c79\u529b\u8f93\u51fa|def|1\n|-unboost|p1a: \u8c79\u529b\u8f93\u51fa|spd|1\n|faint|p2a: Ceruledge\n|\n|-weather|none\n|-damage|p1a: \u8c79\u529b\u8f93\u51fa|37\/100 brn|[from] brn\n|upkeep\n|\n|t:|1699699616\n|switch|p2a: Dragonite|Dragonite, M|100\/100\n|turn|6\n|\n|t:|1699699623\n|switch|p1a: \u6211\u53ea\u8d1f\u8d23\u53ef\u7231|Mimikyu, M|100\/100\n|move|p2a: Dragonite|Dragon Dance|p2a: Dragonite\n|-boost|p2a: Dragonite|atk|1\n|-boost|p2a: Dragonite|spe|1\n|\n|-fieldend|move: Trick Room\n|upkeep\n|turn|7\n|\n|t:|1699699636\n|-terastallize|p2a: Dragonite|Normal\n|move|p2a: Dragonite|Earthquake|p1a: \u6211\u53ea\u8d1f\u8d23\u53ef\u7231\n|-activate|p1a: \u6211\u53ea\u8d1f\u8d23\u53ef\u7231|ability: Disguise\n|-damage|p1a: \u6211\u53ea\u8d1f\u8d23\u53ef\u7231|100\/100\n|detailschange|p1a: \u6211\u53ea\u8d1f\u8d23\u53ef\u7231|Mimikyu-Busted, M\n|-damage|p1a: \u6211\u53ea\u8d1f\u8d23\u53ef\u7231|88\/100|[from] pokemon: Mimikyu-Busted\n|-enditem|p1a: \u6211\u53ea\u8d1f\u8d23\u53ef\u7231|Red Card|[of] p2a: Dragonite\n|drag|p2a: Maushold|Maushold|100\/100\n|move|p1a: \u6211\u53ea\u8d1f\u8d23\u53ef\u7231|Trick Room|p1a: \u6211\u53ea\u8d1f\u8d23\u53ef\u7231\n|-fieldstart|move: Trick Room|[of] p1a: \u6211\u53ea\u8d1f\u8d23\u53ef\u7231\n|\n|upkeep\n|turn|8\n|\n|t:|1699699646\n|move|p1a: \u6211\u53ea\u8d1f\u8d23\u53ef\u7231|Curse|p2a: Maushold\n|-start|p2a: Maushold|Curse|[of] p1a: \u6211\u53ea\u8d1f\u8d23\u53ef\u7231\n|-damage|p1a: \u6211\u53ea\u8d1f\u8d23\u53ef\u7231|38\/100\n|move|p2a: Maushold|Encore|p1a: \u6211\u53ea\u8d1f\u8d23\u53ef\u7231\n|-start|p1a: \u6211\u53ea\u8d1f\u8d23\u53ef\u7231|Encore\n|\n|-damage|p2a: Maushold|76\/100|[from] Curse\n|-sideend|p2: q4rcq4rcq|move: Aurora Veil\n|upkeep\n|turn|9\n|\n|t:|1699699652\n|switch|p2a: Ninetales|Ninetales-Alola, F|76\/100\n|-weather|Snow|[from] ability: Snow Warning|[of] p2a: Ninetales\n|move|p1a: \u6211\u53ea\u8d1f\u8d23\u53ef\u7231|Curse|p2a: Ninetales\n|-start|p2a: Ninetales|Curse|[of] p1a: \u6211\u53ea\u8d1f\u8d23\u53ef\u7231\n|-damage|p1a: \u6211\u53ea\u8d1f\u8d23\u53ef\u7231|0 fnt\n|faint|p1a: \u6211\u53ea\u8d1f\u8d23\u53ef\u7231\n|\n|-weather|Snow|[upkeep]\n|-damage|p2a: Ninetales|51\/100|[from] Curse\n|upkeep\n|\n|t:|1699699657\n|switch|p1a: \u6027\u611f\u53cc\u9a6c\u5c3e|Enamorus-Therian, F|100\/100\n|turn|10\n|\n|t:|1699699663\n|-terastallize|p1a: \u6027\u611f\u53cc\u9a6c\u5c3e|Fairy\n|move|p1a: \u6027\u611f\u53cc\u9a6c\u5c3e|Moonblast|p2a: Ninetales\n|-damage|p2a: Ninetales|0 fnt\n|faint|p2a: Ninetales\n|\n|-weather|Snow|[upkeep]\n|upkeep\n|\n|t:|1699699676\n|switch|p2a: Ogerpon|Ogerpon-Cornerstone, F|100\/100\n|turn|11\n|\n|t:|1699699680\n|move|p1a: \u6027\u611f\u53cc\u9a6c\u5c3e|Moonblast|p2a: Ogerpon\n|-ability|p2a: Ogerpon|Sturdy\n|-damage|p2a: Ogerpon|1\/100\n|move|p2a: Ogerpon|Swords Dance|p2a: Ogerpon\n|-boost|p2a: Ogerpon|atk|2\n|\n|-weather|Snow|[upkeep]\n|-fieldend|move: Trick Room\n|upkeep\n|turn|12\n|\n|t:|1699699691\n|move|p2a: Ogerpon|Ivy Cudgel|p1a: \u6027\u611f\u53cc\u9a6c\u5c3e\n|-crit|p1a: \u6027\u611f\u53cc\u9a6c\u5c3e\n|-damage|p1a: \u6027\u611f\u53cc\u9a6c\u5c3e|0 fnt\n|faint|p1a: \u6027\u611f\u53cc\u9a6c\u5c3e\n|\n|-weather|Snow|[upkeep]\n|upkeep\n|\n|t:|1699699695\n|switch|p1a: \u6551\u4e16\u6b4c\u59ec|Hatterene, F|100\/100\n|turn|13\n|\n|t:|1699699721\n|move|p2a: Ogerpon|Horn Leech|p1a: \u6551\u4e16\u6b4c\u59ec\n|-damage|p1a: \u6551\u4e16\u6b4c\u59ec|23\/100\n|-heal|p2a: Ogerpon|42\/100|[from] drain|[of] p1a: \u6551\u4e16\u6b4c\u59ec\n|move|p1a: \u6551\u4e16\u6b4c\u59ec|Trick Room|p1a: \u6551\u4e16\u6b4c\u59ec\n|-fieldstart|move: Trick Room|[of] p1a: \u6551\u4e16\u6b4c\u59ec\n|\n|-weather|none\n|upkeep\n|turn|14\n|\n|t:|1699699727\n|move|p1a: \u6551\u4e16\u6b4c\u59ec|Healing Wish|p1a: \u6551\u4e16\u6b4c\u59ec\n|faint|p1a: \u6551\u4e16\u6b4c\u59ec\n|move|p2a: Ogerpon|Horn Leech|p1: \u6551\u4e16\u6b4c\u59ec|[notarget]\n|-fail|p2a: Ogerpon\n|\n|upkeep\n|\n|t:|1699699732\n|switch|p1a: \u5996\u8273\u5355\u9a6c\u5c3e|Hoopa-Unbound|100\/100\n|turn|15\n|\n|t:|1699699744\n|move|p1a: \u5996\u8273\u5355\u9a6c\u5c3e|Drain Punch|p2a: Ogerpon\n|-supereffective|p2a: Ogerpon\n|-damage|p2a: Ogerpon|0 fnt\n|faint|p2a: Ogerpon\n|\n|upkeep\n|\n|t:|1699699754\n|switch|p2a: Dragonite|Dragonite, M, tera:Normal|100\/100\n|turn|16\n|\n|t:|1699699782\n|move|p1a: \u5996\u8273\u5355\u9a6c\u5c3e|Hyperspace Fury|p2a: Dragonite\n|-damage|p2a: Dragonite|66\/100\n|-unboost|p1a: \u5996\u8273\u5355\u9a6c\u5c3e|def|1\n|-enditem|p1a: \u5996\u8273\u5355\u9a6c\u5c3e|Eject Pack\n|\n|t:|1699699788\n|switch|p1a: \u8c79\u529b\u8f93\u51fa|Ursaluna, M|37\/100 brn\n|-heal|p1a: \u8c79\u529b\u8f93\u51fa|100\/100|[from] move: Healing Wish\n|move|p2a: Dragonite|Dragon Dance|p2a: Dragonite\n|-boost|p2a: Dragonite|atk|1\n|-boost|p2a: Dragonite|spe|1\n|\n|-status|p1a: \u8c79\u529b\u8f93\u51fa|brn|[from] item: Flame Orb\n|upkeep\n|turn|17\n|\n|t:|1699699807\n|move|p1a: \u8c79\u529b\u8f93\u51fa|Facade|p2a: Dragonite\n|-damage|p2a: Dragonite|0 fnt\n|faint|p2a: Dragonite\n|\n|-damage|p1a: \u8c79\u529b\u8f93\u51fa|94\/100 brn|[from] brn\n|-fieldend|move: Trick Room\n|upkeep\n|\n|t:|1699699811\n|switch|p2a: Maushold|Maushold|76\/100\n|turn|18\n|\n|t:|1699699816\n|switch|p1a: \u4ee3\u8868\u6708\u4eae\u6d88\u706d\u4f60|Cresselia, F|100\/100\n|move|p2a: Maushold|Population Bomb|p1a: \u4ee3\u8868\u6708\u4eae\u6d88\u706d\u4f60\n|-damage|p1a: \u4ee3\u8868\u6708\u4eae\u6d88\u706d\u4f60|95\/100\n|-damage|p1a: \u4ee3\u8868\u6708\u4eae\u6d88\u706d\u4f60|89\/100\n|-damage|p1a: \u4ee3\u8868\u6708\u4eae\u6d88\u706d\u4f60|83\/100\n|-damage|p1a: \u4ee3\u8868\u6708\u4eae\u6d88\u706d\u4f60|77\/100\n|-damage|p1a: \u4ee3\u8868\u6708\u4eae\u6d88\u706d\u4f60|72\/100\n|-damage|p1a: \u4ee3\u8868\u6708\u4eae\u6d88\u706d\u4f60|66\/100\n|-damage|p1a: \u4ee3\u8868\u6708\u4eae\u6d88\u706d\u4f60|60\/100\n|-damage|p1a: \u4ee3\u8868\u6708\u4eae\u6d88\u706d\u4f60|54\/100\n|-damage|p1a: \u4ee3\u8868\u6708\u4eae\u6d88\u706d\u4f60|48\/100\n|-damage|p1a: \u4ee3\u8868\u6708\u4eae\u6d88\u706d\u4f60|42\/100\n|-hitcount|p1a: \u4ee3\u8868\u6708\u4eae\u6d88\u706d\u4f60|10\n|\n|upkeep\n|turn|19\n|\n|t:|1699699820\n|move|p2a: Maushold|Population Bomb|p1a: \u4ee3\u8868\u6708\u4eae\u6d88\u706d\u4f60\n|-damage|p1a: \u4ee3\u8868\u6708\u4eae\u6d88\u706d\u4f60|36\/100\n|-damage|p1a: \u4ee3\u8868\u6708\u4eae\u6d88\u706d\u4f60|31\/100\n|-damage|p1a: \u4ee3\u8868\u6708\u4eae\u6d88\u706d\u4f60|25\/100\n|-damage|p1a: \u4ee3\u8868\u6708\u4eae\u6d88\u706d\u4f60|19\/100\n|-damage|p1a: \u4ee3\u8868\u6708\u4eae\u6d88\u706d\u4f60|14\/100\n|-damage|p1a: \u4ee3\u8868\u6708\u4eae\u6d88\u706d\u4f60|8\/100\n|-damage|p1a: \u4ee3\u8868\u6708\u4eae\u6d88\u706d\u4f60|2\/100\n|-damage|p1a: \u4ee3\u8868\u6708\u4eae\u6d88\u706d\u4f60|0 fnt\n|faint|p1a: \u4ee3\u8868\u6708\u4eae\u6d88\u706d\u4f60\n|-hitcount|p1: \u4ee3\u8868\u6708\u4eae\u6d88\u706d\u4f60|8\n|\n|upkeep\n|\n|t:|1699699828\n|switch|p1a: \u8c79\u529b\u8f93\u51fa|Ursaluna, M|94\/100 brn\n|turn|20\n|\n|t:|1699699831\n|move|p2a: Maushold|Population Bomb|p1a: \u8c79\u529b\u8f93\u51fa\n|-damage|p1a: \u8c79\u529b\u8f93\u51fa|87\/100 brn\n|-damage|p1a: \u8c79\u529b\u8f93\u51fa|79\/100 brn\n|-damage|p1a: \u8c79\u529b\u8f93\u51fa|71\/100 brn\n|-damage|p1a: \u8c79\u529b\u8f93\u51fa|63\/100 brn\n|-damage|p1a: \u8c79\u529b\u8f93\u51fa|55\/100 brn\n|-damage|p1a: \u8c79\u529b\u8f93\u51fa|48\/100 brn\n|-damage|p1a: \u8c79\u529b\u8f93\u51fa|40\/100 brn\n|-damage|p1a: \u8c79\u529b\u8f93\u51fa|32\/100 brn\n|-damage|p1a: \u8c79\u529b\u8f93\u51fa|24\/100 brn\n|-damage|p1a: \u8c79\u529b\u8f93\u51fa|16\/100 brn\n|-hitcount|p1a: \u8c79\u529b\u8f93\u51fa|10\n|move|p1a: \u8c79\u529b\u8f93\u51fa|Facade|p2a: Maushold\n|-crit|p2a: Maushold\n|-damage|p2a: Maushold|0 fnt\n|faint|p2a: Maushold\n|\n|-damage|p1a: \u8c79\u529b\u8f93\u51fa|10\/100 brn|[from] brn\n|upkeep\n|\n|t:|1699699834\n|switch|p2a: Kingambit|Kingambit, F|100\/100\n|-activate|p2a: Kingambit|ability: Supreme Overlord\n|-start|p2a: Kingambit|fallen5|[silent]\n|turn|21\n|\n|t:|1699699837\n|move|p2a: Kingambit|Sucker Punch|p1a: \u8c79\u529b\u8f93\u51fa\n|-damage|p1a: \u8c79\u529b\u8f93\u51fa|0 fnt\n|faint|p1a: \u8c79\u529b\u8f93\u51fa\n|\n|upkeep\n|\n|t:|1699699839\n|switch|p1a: \u5996\u8273\u5355\u9a6c\u5c3e|Hoopa-Unbound|100\/100\n|turn|22\n|\n|t:|1699699842\n|move|p2a: Kingambit|Sucker Punch||[still]\n|-fail|p2a: Kingambit\n|move|p1a: \u5996\u8273\u5355\u9a6c\u5c3e|Trick Room|p1a: \u5996\u8273\u5355\u9a6c\u5c3e\n|-fieldstart|move: Trick Room|[of] p1a: \u5996\u8273\u5355\u9a6c\u5c3e\n|\n|upkeep\n|turn|23\n|\n|t:|1699699846\n|move|p2a: Kingambit|Sucker Punch|p1a: \u5996\u8273\u5355\u9a6c\u5c3e\n|-damage|p1a: \u5996\u8273\u5355\u9a6c\u5c3e|14\/100\n|move|p1a: \u5996\u8273\u5355\u9a6c\u5c3e|Drain Punch|p2a: Kingambit\n|-supereffective|p2a: Kingambit\n|-damage|p2a: Kingambit|0 fnt\n|-heal|p1a: \u5996\u8273\u5355\u9a6c\u5c3e|61\/100|[from] drain|[of] p2a: Kingambit\n|faint|p2a: Kingambit\n|-end|p2a: Kingambit|fallen5|[silent]\n|\n|win|Funny jumpiiiiiii\n|raw|Funny jumpiiiiiii's rating: 1240 &rarr; <strong>1262<\/strong><br \/>(+22 for winning)\n|raw|q4rcq4rcq's rating: 1202 &rarr; <strong>1180<\/strong><br \/>(-22 for losing)\n|l|\u2606q4rcq4rcq\n","uploadtime":1699699879,"views":18,"p1id":"funnyjumpiiiiiii","p2id":"q4rcq4rcq","formatid":"gen9ou","rating":1180,"private":0,"password":""}