{"id":"gen9ou-1993552514","p1":"natcentre","p2":"cash999","format":"[Gen 9] OU","log":"|j|\u2606natcentre\n|j|\u2606cash999\n|t:|1700330959\n|gametype|singles\n|player|p1|natcentre|102|\n|player|p2|cash999|cynthia-masters|\n|teamsize|p1|6\n|teamsize|p2|6\n|gen|9\n|tier|[Gen 9] OU\n|rule|Sleep Clause Mod: Limit one foe put to sleep\n|rule|Species Clause: Limit one of each Pok\u00e9mon\n|rule|OHKO Clause: OHKO moves are banned\n|rule|Evasion Items Clause: Evasion items are banned\n|rule|Evasion Moves Clause: Evasion moves are banned\n|rule|Endless Battle Clause: Forcing endless battles is banned\n|rule|HP Percentage Mod: HP is shown in percentages\n|clearpoke\n|poke|p1|Orthworm, M|\n|poke|p1|Dragapult, M|\n|poke|p1|Wo-Chien|\n|poke|p1|Glimmora, M|\n|poke|p1|Kingambit, M|\n|poke|p1|Volcanion|\n|poke|p2|Kingambit, F|\n|poke|p2|Clodsire, F|\n|poke|p2|Ogerpon-Wellspring, F|\n|poke|p2|Gholdengo|\n|poke|p2|Zapdos|\n|poke|p2|Zamazenta-*|\n|teampreview\n|c|\u2606cash999|oo serious teams\n|c|\u2606cash999|glhf\n|c|\u2606natcentre|u2\n|c|\u2606natcentre|this was not designed to be serious\n|c|\u2606cash999|ahaha\n|c|\u2606cash999|same here theres some memes\n|c|\u2606natcentre|some of my sets are silly\n|c|\u2606natcentre|i also forgot to do nicknames for this one so\n|c|\u2606cash999|oh i hadnt had the time either :(\n|c|\u2606natcentre|whatever\n|\n|t:|1700331061\n|start\n|switch|p1a: Orthworm|Orthworm, M|100\/100\n|switch|p2a: Gholdengo|Gholdengo|100\/100\n|turn|1\n|\n|t:|1700331080\n|switch|p1a: Kingambit|Kingambit, M|100\/100\n|move|p2a: Gholdengo|Substitute|p2a: Gholdengo\n|-start|p2a: Gholdengo|Substitute\n|-damage|p2a: Gholdengo|75\/100\n|\n|upkeep\n|turn|2\n|\n|t:|1700331094\n|move|p2a: Gholdengo|Focus Blast|p1a: Kingambit|[miss]\n|-miss|p2a: Gholdengo|p1a: Kingambit\n|move|p1a: Kingambit|Kowtow Cleave|p2a: Gholdengo\n|-supereffective|p2a: Gholdengo\n|-end|p2a: Gholdengo|Substitute\n|\n|upkeep\n|turn|3\n|c|\u2606cash999|average focus blast lmao\n|c|\u2606natcentre|welcome to singles\n|\n|t:|1700331161\n|switch|p2a: Zamazenta|Zamazenta|100\/100\n|-ability|p2a: Zamazenta|Dauntless Shield|boost\n|-boost|p2a: Zamazenta|def|1\n|-terastallize|p1a: Kingambit|Dark\n|move|p1a: Kingambit|Kowtow Cleave|p2a: Zamazenta\n|-resisted|p2a: Zamazenta\n|-crit|p2a: Zamazenta\n|-damage|p2a: Zamazenta|62\/100\n|\n|-heal|p2a: Zamazenta|69\/100|[from] item: Leftovers\n|upkeep\n|turn|4\n|\n|t:|1700331217\n|switch|p1a: Dragapult|Dragapult, M|100\/100\n|move|p2a: Zamazenta|Crunch|p1a: Dragapult\n|-supereffective|p1a: Dragapult\n|-damage|p1a: Dragapult|36\/100\n|-unboost|p1a: Dragapult|def|1\n|\n|-heal|p2a: Zamazenta|75\/100|[from] item: Leftovers\n|upkeep\n|turn|5\n|\n|t:|1700331272\n|switch|p2a: Clodsire|Clodsire, F|100\/100\n|move|p1a: Dragapult|Dragon Dance|p1a: Dragapult\n|-boost|p1a: Dragapult|atk|1\n|-boost|p1a: Dragapult|spe|1\n|\n|upkeep\n|turn|6\n|\n|t:|1700331306\n|switch|p1a: Orthworm|Orthworm, M|100\/100\n|switch|p2a: Kingambit|Kingambit, F|100\/100\n|\n|upkeep\n|turn|7\n|\n|t:|1700331340\n|-end|p2a: Kingambit|fallenundefined|[silent]\n|switch|p2a: Gholdengo|Gholdengo|75\/100\n|move|p1a: Orthworm|Iron Defense|p1a: Orthworm\n|-boost|p1a: Orthworm|def|2\n|\n|upkeep\n|turn|8\n|\n|t:|1700331359\n|switch|p1a: Kingambit|Kingambit, M, tera:Dark|100\/100\n|move|p2a: Gholdengo|Substitute|p2a: Gholdengo\n|-start|p2a: Gholdengo|Substitute\n|-damage|p2a: Gholdengo|50\/100\n|\n|upkeep\n|turn|9\n|\n|t:|1700331379\n|move|p2a: Gholdengo|Nasty Plot|p2a: Gholdengo\n|-boost|p2a: Gholdengo|spa|2\n|move|p1a: Kingambit|Kowtow Cleave|p2a: Gholdengo\n|-supereffective|p2a: Gholdengo\n|-end|p2a: Gholdengo|Substitute\n|\n|upkeep\n|turn|10\n|\n|t:|1700331411\n|move|p2a: Gholdengo|Substitute|p2a: Gholdengo\n|-start|p2a: Gholdengo|Substitute\n|-damage|p2a: Gholdengo|25\/100\n|-enditem|p2a: Gholdengo|Salac Berry|[eat]\n|-boost|p2a: Gholdengo|spe|1|[from] item: Salac Berry\n|move|p1a: Kingambit|Kowtow Cleave|p2a: Gholdengo\n|-supereffective|p2a: Gholdengo\n|-end|p2a: Gholdengo|Substitute\n|\n|upkeep\n|turn|11\n|\n|t:|1700331423\n|move|p1a: Kingambit|Sucker Punch|p2a: Gholdengo\n|-supereffective|p2a: Gholdengo\n|-damage|p2a: Gholdengo|0 fnt\n|faint|p2a: Gholdengo\n|\n|upkeep\n|c|\u2606cash999|oof i thought you were band\n|\n|t:|1700331439\n|switch|p2a: Zamazenta|Zamazenta|75\/100\n|turn|12\n|\n|t:|1700331456\n|switch|p1a: Volcanion|Volcanion|100\/100\n|move|p2a: Zamazenta|Iron Defense|p2a: Zamazenta\n|-boost|p2a: Zamazenta|def|2\n|\n|-heal|p2a: Zamazenta|81\/100|[from] item: Leftovers\n|upkeep\n|turn|13\n|\n|t:|1700331498\n|switch|p2a: Clodsire|Clodsire, F|100\/100\n|move|p1a: Volcanion|Steam Eruption|p2a: Clodsire\n|-immune|p2a: Clodsire|[from] ability: Water Absorb\n|\n|upkeep\n|turn|14\n|\n|t:|1700331509\n|move|p1a: Volcanion|Earth Power|p2a: Clodsire\n|-supereffective|p2a: Clodsire\n|-damage|p2a: Clodsire|62\/100\n|move|p2a: Clodsire|Stealth Rock|p1a: Volcanion\n|-sidestart|p1: natcentre|move: Stealth Rock\n|\n|-heal|p2a: Clodsire|68\/100|[from] item: Leftovers\n|upkeep\n|turn|15\n|j| reddo161\n|\n|t:|1700331531\n|move|p1a: Volcanion|Earth Power|p2a: Clodsire\n|-supereffective|p2a: Clodsire\n|-damage|p2a: Clodsire|28\/100\n|move|p2a: Clodsire|Recover|p2a: Clodsire\n|-heal|p2a: Clodsire|78\/100\n|\n|-heal|p2a: Clodsire|84\/100|[from] item: Leftovers\n|upkeep\n|turn|16\n|\n|t:|1700331555\n|switch|p2a: Zapdos|Zapdos|100\/100\n|move|p1a: Volcanion|Earth Power|p2a: Zapdos\n|-immune|p2a: Zapdos\n|\n|upkeep\n|turn|17\n|\n|t:|1700331630\n|switch|p1a: Wo-Chien|Wo-Chien|100\/100\n|-damage|p1a: Wo-Chien|88\/100|[from] Stealth Rock\n|-ability|p1a: Wo-Chien|Tablets of Ruin\n|move|p2a: Zapdos|Discharge|p1a: Wo-Chien\n|-resisted|p1a: Wo-Chien\n|-damage|p1a: Wo-Chien|77\/100\n|\n|upkeep\n|turn|18\n|\n|t:|1700331648\n|move|p2a: Zapdos|Hurricane|p1a: Wo-Chien|[miss]\n|-miss|p2a: Zapdos|p1a: Wo-Chien\n|move|p1a: Wo-Chien|Snarl|p2a: Zapdos|[miss]\n|-miss|p1a: Wo-Chien|p2a: Zapdos\n|\n|upkeep\n|turn|19\n|c|\u2606cash999|uhhh\n|\n|t:|1700331654\n|move|p2a: Zapdos|Hurricane|p1a: Wo-Chien\n|-supereffective|p1a: Wo-Chien\n|-damage|p1a: Wo-Chien|14\/100\n|move|p1a: Wo-Chien|Snarl|p2a: Zapdos\n|-damage|p2a: Zapdos|67\/100\n|-unboost|p2a: Zapdos|spa|1\n|\n|upkeep\n|turn|20\n|\n|t:|1700331692\n|move|p2a: Zapdos|U-turn|p1a: Wo-Chien\n|-supereffective|p1a: Wo-Chien\n|-damage|p1a: Wo-Chien|0 fnt\n|faint|p1a: Wo-Chien\n|\n|t:|1700331705\n|switch|p2a: Ogerpon|Ogerpon-Wellspring, F|100\/100|[from] U-turn\n|\n|upkeep\n|\n|t:|1700331764\n|switch|p1a: Glimmora|Glimmora, M|100\/100\n|-damage|p1a: Glimmora|88\/100|[from] Stealth Rock\n|turn|21\n|\n|t:|1700331782\n|move|p2a: Ogerpon|Ivy Cudgel|p1a: Glimmora|[anim] Ivy Cudgel Water\n|-supereffective|p1a: Glimmora\n|-damage|p1a: Glimmora|0 fnt\n|-activate|p1a: Glimmora|ability: Toxic Debris\n|-sidestart|p2: cash999|move: Toxic Spikes\n|faint|p1a: Glimmora\n|\n|upkeep\n|\n|t:|1700331795\n|switch|p1a: Kingambit|Kingambit, M, tera:Dark|100\/100\n|-damage|p1a: Kingambit|88\/100|[from] Stealth Rock\n|turn|22\n|\n|t:|1700331860\n|switch|p2a: Clodsire|Clodsire, F|84\/100\n|-sideend|p2: cash999|move: Toxic Spikes|[of] p2a: Clodsire\n|move|p1a: Kingambit|Swords Dance|p1a: Kingambit\n|-boost|p1a: Kingambit|atk|2\n|\n|-heal|p2a: Clodsire|90\/100|[from] item: Leftovers\n|upkeep\n|turn|23\n|\n|t:|1700331945\n|switch|p2a: Zapdos|Zapdos|67\/100\n|move|p1a: Kingambit|Kowtow Cleave|p2a: Zapdos\n|-damage|p2a: Zapdos|0 fnt\n|faint|p2a: Zapdos\n|\n|upkeep\n|\n|t:|1700331948\n|switch|p2a: Kingambit|Kingambit, F|100\/100\n|-activate|p2a: Kingambit|ability: Supreme Overlord\n|-start|p2a: Kingambit|fallen2|[silent]\n|turn|24\n|\n|t:|1700331961\n|switch|p1a: Orthworm|Orthworm, M|100\/100\n|-damage|p1a: Orthworm|94\/100|[from] Stealth Rock\n|move|p2a: Kingambit|Low Kick|p1a: Orthworm\n|-supereffective|p1a: Orthworm\n|-damage|p1a: Orthworm|28\/100\n|-enditem|p1a: Orthworm|Sitrus Berry|[eat]\n|-heal|p1a: Orthworm|53\/100|[from] item: Sitrus Berry\n|\n|upkeep\n|turn|25\n|\n|t:|1700331994\n|-end|p2a: Kingambit|fallen2|[silent]\n|switch|p2a: Zamazenta|Zamazenta|81\/100\n|move|p1a: Orthworm|Body Press|p2a: Zamazenta\n|-damage|p2a: Zamazenta|60\/100\n|\n|-heal|p2a: Zamazenta|67\/100|[from] item: Leftovers\n|upkeep\n|turn|26\n|\n|t:|1700332006\n|move|p2a: Zamazenta|Body Press|p1a: Orthworm\n|-supereffective|p1a: Orthworm\n|-damage|p1a: Orthworm|6\/100\n|move|p1a: Orthworm|Iron Defense|p1a: Orthworm\n|-boost|p1a: Orthworm|def|2\n|\n|-heal|p2a: Zamazenta|73\/100|[from] item: Leftovers\n|upkeep\n|turn|27\n|\n|t:|1700332011\n|move|p2a: Zamazenta|Crunch|p1a: Orthworm\n|-damage|p1a: Orthworm|0 fnt\n|faint|p1a: Orthworm\n|\n|-heal|p2a: Zamazenta|79\/100|[from] item: Leftovers\n|upkeep\n|\n|t:|1700332076\n|switch|p1a: Volcanion|Volcanion|100\/100\n|turn|28\n|\n|t:|1700332095\n|switch|p2a: Ogerpon|Ogerpon-Wellspring, F|100\/100\n|move|p1a: Volcanion|Flamethrower|p2a: Ogerpon\n|-damage|p2a: Ogerpon|40\/100\n|\n|upkeep\n|turn|29\n|\n|t:|1700332118\n|move|p2a: Ogerpon|Power Whip|p1a: Volcanion\n|-damage|p1a: Volcanion|28\/100\n|move|p1a: Volcanion|Flamethrower|p2a: Ogerpon\n|-damage|p2a: Ogerpon|0 fnt\n|faint|p2a: Ogerpon\n|\n|upkeep\n|\n|t:|1700332129\n|switch|p2a: Zamazenta|Zamazenta|79\/100\n|turn|30\n|\n|t:|1700332141\n|move|p2a: Zamazenta|Body Press|p1a: Volcanion\n|-damage|p1a: Volcanion|0 fnt\n|faint|p1a: Volcanion\n|\n|-heal|p2a: Zamazenta|85\/100|[from] item: Leftovers\n|upkeep\n|\n|t:|1700332145\n|switch|p1a: Dragapult|Dragapult, M|36\/100\n|-damage|p1a: Dragapult|23\/100|[from] Stealth Rock\n|turn|31\n|\n|t:|1700332265\n|move|p2a: Zamazenta|Crunch|p1a: Dragapult\n|-supereffective|p1a: Dragapult\n|-damage|p1a: Dragapult|0 fnt\n|faint|p1a: Dragapult\n|\n|-heal|p2a: Zamazenta|91\/100|[from] item: Leftovers\n|upkeep\n|\n|t:|1700332267\n|switch|p1a: Kingambit|Kingambit, M, tera:Dark|88\/100\n|-damage|p1a: Kingambit|76\/100|[from] Stealth Rock\n|turn|32\n|c|\u2606cash999|slow pult :o\n|c|\u2606natcentre|gg\n|\n|t:|1700332291\n|move|p2a: Zamazenta|Body Press|p1a: Kingambit\n|-supereffective|p1a: Kingambit\n|-damage|p1a: Kingambit|25\/100\n|-enditem|p1a: Kingambit|Weakness Policy\n|-boost|p1a: Kingambit|atk|2|[from] item: Weakness Policy\n|-boost|p1a: Kingambit|spa|2|[from] item: Weakness Policy\n|move|p1a: Kingambit|Swords Dance|p1a: Kingambit\n|-boost|p1a: Kingambit|atk|2\n|\n|-heal|p2a: Zamazenta|97\/100|[from] item: Leftovers\n|upkeep\n|turn|33\n|\n|t:|1700332300\n|move|p1a: Kingambit|Sucker Punch|p2a: Zamazenta\n|-resisted|p2a: Zamazenta\n|-damage|p2a: Zamazenta|32\/100\n|move|p2a: Zamazenta|Body Press|p1a: Kingambit\n|-supereffective|p1a: Kingambit\n|-damage|p1a: Kingambit|0 fnt\n|faint|p1a: Kingambit\n|\n|win|cash999\n|c|\u2606cash999|yooo\n|c|\u2606cash999|ggs!\n|l|\u2606natcentre\n|l| reddo161\n|j| empoleon9000\n|l| empoleon9000\n|j| empoleon9000\n|l| empoleon9000\n|j| vivvv3\n|l| vivvv3\n|j| gfrostmoths\n|l| gfrostmoths\n|j| vivvv3\n","uploadtime":1700332316,"views":36,"p1id":"natcentre","p2id":"cash999","formatid":"gen9ou","rating":0,"private":0,"password":""}