{"id":"gen9ou-1988306744","p1":"NYAHAHAGR","p2":"Zovafire","format":"[Gen 9] OU","log":"|j|\u2606NYAHAHAGR\n|j|\u2606Zovafire\n|t:|1699705683\n|gametype|singles\n|player|p1|NYAHAHAGR|266|1128\n|player|p2|Zovafire|roxie|1121\n|teamsize|p1|6\n|teamsize|p2|6\n|gen|9\n|tier|[Gen 9] OU\n|rated|\n|rule|Sleep Clause Mod: Limit one foe put to sleep\n|rule|Species Clause: Limit one of each Pok\u00e9mon\n|rule|OHKO Clause: OHKO moves are banned\n|rule|Evasion Items Clause: Evasion items are banned\n|rule|Evasion Moves Clause: Evasion moves are banned\n|rule|Endless Battle Clause: Forcing endless battles is banned\n|rule|HP Percentage Mod: HP is shown in percentages\n|clearpoke\n|poke|p1|Corviknight, M|\n|poke|p1|Ogerpon-Wellspring, F|\n|poke|p1|Enamorus-Therian, F|\n|poke|p1|Great Tusk|\n|poke|p1|Dragapult, F|\n|poke|p1|Iron Moth|\n|poke|p2|Garchomp, M|\n|poke|p2|Ninetales-Alola, F|\n|poke|p2|Phione|\n|poke|p2|Glimmora, M|\n|poke|p2|Jirachi|\n|poke|p2|Scizor, M|\n|teampreview\n|inactive|Battle timer is ON: inactive players will automatically lose when time's up. (requested by Zovafire)\n|\n|t:|1699705692\n|start\n|switch|p1a: Iron Moth|Iron Moth|100\/100\n|switch|p2a: Finch's girl|Ninetales-Alola, F|100\/100\n|-weather|Snow|[from] ability: Snow Warning|[of] p2a: Finch's girl\n|turn|1\n|\n|t:|1699705700\n|move|p2a: Finch's girl|Aurora Veil|p2a: Finch's girl\n|-sidestart|p2: Zovafire|move: Aurora Veil\n|move|p1a: Iron Moth|Fiery Dance|p2a: Finch's girl\n|-supereffective|p2a: Finch's girl\n|-damage|p2a: Finch's girl|55\/100\n|-boost|p1a: Iron Moth|spa|1\n|\n|-weather|Snow|[upkeep]\n|upkeep\n|turn|2\n|\n|t:|1699705717\n|move|p2a: Finch's girl|Encore|p1a: Iron Moth\n|-start|p1a: Iron Moth|Encore\n|move|p1a: Iron Moth|Fiery Dance|p2a: Finch's girl\n|-supereffective|p2a: Finch's girl\n|-damage|p2a: Finch's girl|0 fnt\n|faint|p2a: Finch's girl\n|\n|-weather|Snow|[upkeep]\n|upkeep\n|\n|t:|1699705719\n|switch|p2a: Finchinator|Garchomp, M|100\/100\n|turn|3\n|\n|t:|1699705726\n|-terastallize|p1a: Iron Moth|Grass\n|move|p2a: Finchinator|Swords Dance|p2a: Finchinator\n|-boost|p2a: Finchinator|atk|2\n|move|p1a: Iron Moth|Fiery Dance|p2a: Finchinator\n|-resisted|p2a: Finchinator\n|-damage|p2a: Finchinator|87\/100\n|-boost|p1a: Iron Moth|spa|1\n|\n|-weather|Snow|[upkeep]\n|upkeep\n|turn|4\n|\n|t:|1699705733\n|move|p2a: Finchinator|Scale Shot|p1a: Iron Moth\n|-damage|p1a: Iron Moth|65\/100\n|-damage|p1a: Iron Moth|29\/100\n|-damage|p1a: Iron Moth|0 fnt\n|faint|p1a: Iron Moth\n|-end|p1a: Iron Moth|Quark Drive|[silent]\n|-hitcount|p1: Iron Moth|3\n|-unboost|p2a: Finchinator|def|1\n|-boost|p2a: Finchinator|spe|1\n|\n|-weather|Snow|[upkeep]\n|upkeep\n|\n|t:|1699705738\n|switch|p1a: Enamorus|Enamorus-Therian, F|100\/100\n|turn|5\n|\n|t:|1699705744\n|move|p2a: Finchinator|Iron Head|p1a: Enamorus\n|-supereffective|p1a: Enamorus\n|-damage|p1a: Enamorus|5\/100\n|move|p1a: Enamorus|Calm Mind|p1a: Enamorus\n|-boost|p1a: Enamorus|spa|1\n|-boost|p1a: Enamorus|spd|1\n|\n|-weather|none\n|upkeep\n|turn|6\n|\n|t:|1699705748\n|move|p2a: Finchinator|Iron Head|p1a: Enamorus\n|-supereffective|p1a: Enamorus\n|-damage|p1a: Enamorus|0 fnt\n|faint|p1a: Enamorus\n|\n|upkeep\n|\n|t:|1699705753\n|switch|p1a: Great Tusk|Great Tusk|100\/100\n|turn|7\n|\n|t:|1699705764\n|-terastallize|p2a: Finchinator|Dragon\n|move|p2a: Finchinator|Scale Shot|p1a: Great Tusk\n|-damage|p1a: Great Tusk|76\/100\n|-damage|p1a: Great Tusk|50\/100\n|-crit|p1a: Great Tusk\n|-damage|p1a: Great Tusk|11\/100\n|-damage|p1a: Great Tusk|0 fnt\n|faint|p1a: Great Tusk\n|-end|p1a: Great Tusk|Protosynthesis|[silent]\n|-hitcount|p1: Great Tusk|4\n|-unboost|p2a: Finchinator|def|1\n|-boost|p2a: Finchinator|spe|1\n|\n|upkeep\n|\n|t:|1699705785\n|switch|p1a: Ogerpon|Ogerpon-Wellspring, F|100\/100\n|turn|8\n|\n|t:|1699705788\n|move|p2a: Finchinator|Scale Shot|p1a: Ogerpon\n|-damage|p1a: Ogerpon|52\/100\n|-damage|p1a: Ogerpon|10\/100\n|-crit|p1a: Ogerpon\n|-damage|p1a: Ogerpon|0 fnt\n|faint|p1a: Ogerpon\n|-hitcount|p1: Ogerpon|3\n|-unboost|p2a: Finchinator|def|1\n|-boost|p2a: Finchinator|spe|1\n|\n|-sideend|p2: Zovafire|move: Aurora Veil\n|upkeep\n|\n|t:|1699705791\n|switch|p1a: Dragapult|Dragapult, F|100\/100\n|turn|9\n|\n|t:|1699705800\n|move|p2a: Finchinator|Scale Shot|p1a: Dragapult\n|-supereffective|p1a: Dragapult\n|-damage|p1a: Dragapult|6\/100\n|-supereffective|p1a: Dragapult\n|-damage|p1a: Dragapult|0 fnt\n|faint|p1a: Dragapult\n|-hitcount|p1: Dragapult|2\n|-unboost|p2a: Finchinator|def|1\n|-boost|p2a: Finchinator|spe|1\n|\n|upkeep\n|\n|t:|1699705816\n|switch|p1a: Corviknight|Corviknight, M|100\/100\n|-ability|p1a: Corviknight|Pressure\n|turn|10\n|\n|t:|1699705821\n|move|p2a: Finchinator|Scale Shot|p1a: Corviknight|[miss]\n|-miss|p2a: Finchinator|p1a: Corviknight\n|move|p1a: Corviknight|Brave Bird|p2a: Finchinator\n|-damage|p2a: Finchinator|0 fnt\n|-damage|p1a: Corviknight|88\/100|[from] ability: Rough Skin|[of] p2a: Finchinator\n|faint|p2a: Finchinator\n|-damage|p1a: Corviknight|62\/100|[from] Recoil\n|\n|-heal|p1a: Corviknight|69\/100|[from] item: Leftovers\n|upkeep\n|\n|t:|1699705825\n|switch|p2a: Rose of area zero|Jirachi, shiny|100\/100\n|turn|11\n|\n|t:|1699705830\n|move|p2a: Rose of area zero|Doom Desire|p1a: Corviknight\n|-start|p2a: Rose of area zero|Doom Desire\n|move|p1a: Corviknight|Bulk Up|p1a: Corviknight\n|-boost|p1a: Corviknight|atk|1\n|-boost|p1a: Corviknight|def|1\n|\n|-heal|p1a: Corviknight|75\/100|[from] item: Leftovers\n|upkeep\n|turn|12\n|\n|t:|1699705833\n|move|p2a: Rose of area zero|Body Slam|p1a: Corviknight\n|-resisted|p1a: Corviknight\n|-damage|p1a: Corviknight|70\/100\n|move|p1a: Corviknight|Brave Bird|p2a: Rose of area zero\n|-resisted|p2a: Rose of area zero\n|-damage|p2a: Rose of area zero|74\/100\n|-damage|p1a: Corviknight|62\/100|[from] Recoil\n|\n|-heal|p2a: Rose of area zero|80\/100|[from] item: Leftovers\n|-heal|p1a: Corviknight|69\/100|[from] item: Leftovers\n|upkeep\n|turn|13\n|\n|t:|1699705848\n|move|p2a: Rose of area zero|Body Slam|p1a: Corviknight\n|-resisted|p1a: Corviknight\n|-damage|p1a: Corviknight|64\/100\n|-status|p1a: Corviknight|par\n|move|p1a: Corviknight|Brave Bird|p2a: Rose of area zero\n|-resisted|p2a: Rose of area zero\n|-crit|p2a: Rose of area zero\n|-damage|p2a: Rose of area zero|37\/100\n|-damage|p1a: Corviknight|52\/100 par|[from] Recoil\n|\n|-end|p1a: Corviknight|move: Doom Desire\n|-resisted|p1a: Corviknight\n|-damage|p1a: Corviknight|31\/100 par\n|-heal|p2a: Rose of area zero|43\/100|[from] item: Leftovers\n|-heal|p1a: Corviknight|37\/100 par|[from] item: Leftovers\n|upkeep\n|turn|14\n|\n|t:|1699705854\n|move|p2a: Rose of area zero|Zen Headbutt|p1a: Corviknight\n|-resisted|p1a: Corviknight\n|-damage|p1a: Corviknight|30\/100 par\n|cant|p1a: Corviknight|flinch\n|\n|-heal|p2a: Rose of area zero|50\/100|[from] item: Leftovers\n|-heal|p1a: Corviknight|37\/100 par|[from] item: Leftovers\n|upkeep\n|turn|15\n|\n|t:|1699705864\n|move|p2a: Rose of area zero|Iron Head|p1a: Corviknight\n|-resisted|p1a: Corviknight\n|-damage|p1a: Corviknight|30\/100 par\n|cant|p1a: Corviknight|flinch\n|\n|-heal|p2a: Rose of area zero|56\/100|[from] item: Leftovers\n|-heal|p1a: Corviknight|36\/100 par|[from] item: Leftovers\n|upkeep\n|turn|16\n|\n|t:|1699705868\n|move|p2a: Rose of area zero|Iron Head|p1a: Corviknight\n|-resisted|p1a: Corviknight\n|-damage|p1a: Corviknight|29\/100 par\n|cant|p1a: Corviknight|flinch\n|\n|-heal|p2a: Rose of area zero|62\/100|[from] item: Leftovers\n|-heal|p1a: Corviknight|35\/100 par|[from] item: Leftovers\n|upkeep\n|turn|17\n|\n|t:|1699705873\n|move|p2a: Rose of area zero|Iron Head|p1a: Corviknight\n|-resisted|p1a: Corviknight\n|-crit|p1a: Corviknight\n|-damage|p1a: Corviknight|20\/100 par\n|move|p1a: Corviknight|Roost|p1a: Corviknight\n|-heal|p1a: Corviknight|70\/100 par\n|-singleturn|p1a: Corviknight|move: Roost\n|\n|-heal|p2a: Rose of area zero|68\/100|[from] item: Leftovers\n|-heal|p1a: Corviknight|76\/100 par|[from] item: Leftovers\n|upkeep\n|turn|18\n|\n|t:|1699705880\n|move|p2a: Rose of area zero|Doom Desire|p1a: Corviknight\n|-start|p2a: Rose of area zero|Doom Desire\n|move|p1a: Corviknight|Bulk Up|p1a: Corviknight\n|-boost|p1a: Corviknight|atk|1\n|-boost|p1a: Corviknight|def|1\n|\n|-heal|p2a: Rose of area zero|74\/100|[from] item: Leftovers\n|-heal|p1a: Corviknight|82\/100 par|[from] item: Leftovers\n|upkeep\n|turn|19\n|\n|t:|1699705885\n|move|p2a: Rose of area zero|Iron Head|p1a: Corviknight\n|-resisted|p1a: Corviknight\n|-damage|p1a: Corviknight|77\/100 par\n|cant|p1a: Corviknight|flinch\n|\n|-heal|p2a: Rose of area zero|80\/100|[from] item: Leftovers\n|-heal|p1a: Corviknight|83\/100 par|[from] item: Leftovers\n|upkeep\n|turn|20\n|\n|t:|1699705890\n|move|p2a: Rose of area zero|Iron Head|p1a: Corviknight\n|-resisted|p1a: Corviknight\n|-damage|p1a: Corviknight|77\/100 par\n|cant|p1a: Corviknight|flinch\n|\n|-end|p1a: Corviknight|move: Doom Desire\n|-resisted|p1a: Corviknight\n|-damage|p1a: Corviknight|58\/100 par\n|-heal|p2a: Rose of area zero|86\/100|[from] item: Leftovers\n|-heal|p1a: Corviknight|64\/100 par|[from] item: Leftovers\n|upkeep\n|turn|21\n|\n|t:|1699705897\n|switch|p2a: Bugmon|Scizor, M|100\/100\n|move|p1a: Corviknight|Brave Bird|p2a: Bugmon\n|-damage|p2a: Bugmon|15\/100\n|-damage|p1a: Corviknight|44\/100 par|[from] Recoil\n|\n|-heal|p1a: Corviknight|50\/100 par|[from] item: Leftovers\n|upkeep\n|turn|22\n|\n|t:|1699705901\n|move|p2a: Bugmon|Thief|p1a: Corviknight\n|-damage|p1a: Corviknight|40\/100 par\n|-enditem|p1a: Corviknight|Leftovers|[silent]|[from] move: Thief|[of] p2a: Bugmon\n|-item|p2a: Bugmon|Leftovers|[from] move: Thief|[of] p1a: Corviknight\n|move|p1a: Corviknight|Brave Bird|p2a: Bugmon\n|-damage|p2a: Bugmon|0 fnt\n|faint|p2a: Bugmon\n|-damage|p1a: Corviknight|37\/100 par|[from] Recoil\n|\n|upkeep\n|\n|t:|1699705907\n|switch|p2a: Rose of area zero|Jirachi, shiny|86\/100\n|turn|23\n|\n|t:|1699705912\n|move|p2a: Rose of area zero|Iron Head|p1a: Corviknight\n|-resisted|p1a: Corviknight\n|-damage|p1a: Corviknight|32\/100 par\n|move|p1a: Corviknight|Roost|p1a: Corviknight\n|-heal|p1a: Corviknight|82\/100 par\n|-singleturn|p1a: Corviknight|move: Roost\n|\n|-heal|p2a: Rose of area zero|93\/100|[from] item: Leftovers\n|upkeep\n|turn|24\n|\n|t:|1699705916\n|move|p2a: Rose of area zero|Doom Desire|p1a: Corviknight\n|-start|p2a: Rose of area zero|Doom Desire\n|cant|p1a: Corviknight|par\n|\n|-heal|p2a: Rose of area zero|99\/100|[from] item: Leftovers\n|upkeep\n|turn|25\n|\n|t:|1699705919\n|move|p2a: Rose of area zero|Iron Head|p1a: Corviknight\n|-resisted|p1a: Corviknight\n|-damage|p1a: Corviknight|76\/100 par\n|cant|p1a: Corviknight|flinch\n|\n|-heal|p2a: Rose of area zero|100\/100|[from] item: Leftovers\n|upkeep\n|turn|26\n|\n|t:|1699705924\n|move|p2a: Rose of area zero|Iron Head|p1a: Corviknight\n|-resisted|p1a: Corviknight\n|-damage|p1a: Corviknight|71\/100 par\n|move|p1a: Corviknight|Bulk Up|p1a: Corviknight\n|-boost|p1a: Corviknight|atk|1\n|-boost|p1a: Corviknight|def|1\n|\n|-end|p1a: Corviknight|move: Doom Desire\n|-resisted|p1a: Corviknight\n|-damage|p1a: Corviknight|49\/100 par\n|upkeep\n|turn|27\n|\n|t:|1699705931\n|move|p2a: Rose of area zero|Iron Head|p1a: Corviknight\n|-resisted|p1a: Corviknight\n|-damage|p1a: Corviknight|45\/100 par\n|cant|p1a: Corviknight|flinch\n|\n|upkeep\n|turn|28\n|\n|t:|1699705940\n|move|p2a: Rose of area zero|Doom Desire|p1a: Corviknight\n|-start|p2a: Rose of area zero|Doom Desire\n|cant|p1a: Corviknight|par\n|\n|upkeep\n|turn|29\n|\n|t:|1699705943\n|move|p2a: Rose of area zero|Iron Head|p1a: Corviknight\n|-resisted|p1a: Corviknight\n|-damage|p1a: Corviknight|41\/100 par\n|cant|p1a: Corviknight|flinch\n|\n|upkeep\n|turn|30\n|\n|t:|1699705954\n|move|p2a: Rose of area zero|Iron Head|p1a: Corviknight\n|-resisted|p1a: Corviknight\n|-damage|p1a: Corviknight|36\/100 par\n|cant|p1a: Corviknight|flinch\n|\n|-end|p1a: Corviknight|move: Doom Desire\n|-resisted|p1a: Corviknight\n|-damage|p1a: Corviknight|15\/100 par\n|upkeep\n|turn|31\n|\n|t:|1699705962\n|move|p2a: Rose of area zero|Iron Head|p1a: Corviknight\n|-resisted|p1a: Corviknight\n|-crit|p1a: Corviknight\n|-damage|p1a: Corviknight|0 fnt\n|faint|p1a: Corviknight\n|\n|win|Zovafire\n|raw|NYAHAHAGR's rating: 1128 &rarr; <strong>1102<\/strong><br \/>(-26 for losing)\n|raw|Zovafire's rating: 1121 &rarr; <strong>1147<\/strong><br \/>(+26 for winning)\n|l|\u2606NYAHAHAGR\n","uploadtime":1699705969,"views":23,"p1id":"nyahahagr","p2id":"zovafire","formatid":"gen9ou","rating":1102,"private":0,"password":""}