{"id":"gen9ou-1988532753","p1":"al-my69","p2":"testeo234","format":"[Gen 9] OU","log":"|j|\u2606al-my69\n|j|\u2606testeo234\n|t:|1699733106\n|gametype|singles\n|player|p1|al-my69|yellow|1383\n|player|p2|testeo234|dancer|1365\n|teamsize|p1|6\n|teamsize|p2|6\n|gen|9\n|tier|[Gen 9] OU\n|rated|\n|rule|Sleep Clause Mod: Limit one foe put to sleep\n|rule|Species Clause: Limit one of each Pok\u00e9mon\n|rule|OHKO Clause: OHKO moves are banned\n|rule|Evasion Items Clause: Evasion items are banned\n|rule|Evasion Moves Clause: Evasion moves are banned\n|rule|Endless Battle Clause: Forcing endless battles is banned\n|rule|HP Percentage Mod: HP is shown in percentages\n|clearpoke\n|poke|p1|Rillaboom, M|\n|poke|p1|Sneasler, F|\n|poke|p1|Heatran, F|\n|poke|p1|Kingambit, M|\n|poke|p1|Enamorus, F|\n|poke|p1|Gholdengo|\n|poke|p2|Samurott-Hisui, M|\n|poke|p2|Iron Valiant|\n|poke|p2|Manaphy|\n|poke|p2|Iron Moth|\n|poke|p2|Kingambit, F|\n|poke|p2|Landorus-Therian, M|\n|teampreview\n|inactive|Battle timer is ON: inactive players will automatically lose when time's up. (requested by al-my69)\n|\n|t:|1699733113\n|start\n|switch|p1a: heatransgender|Heatran, F|100\/100\n|switch|p2a: Samurott|Samurott-Hisui, M|100\/100\n|turn|1\n|\n|t:|1699733118\n|switch|p1a: high way to|Rillaboom, M|100\/100\n|-fieldstart|move: Grassy Terrain|[from] ability: Grassy Surge|[of] p1a: high way to\n|move|p2a: Samurott|Ceaseless Edge|p1a: high way to\n|-damage|p1a: high way to|46\/100\n|-sidestart|p1: al-my69|Spikes\n|\n|-heal|p1a: high way to|52\/100|[from] Grassy Terrain\n|upkeep\n|turn|2\n|\n|t:|1699733123\n|move|p1a: high way to|U-turn|p2a: Samurott\n|-supereffective|p2a: Samurott\n|-enditem|p2a: Samurott|Focus Sash\n|-damage|p2a: Samurott|1\/100\n|\n|t:|1699733127\n|switch|p1a: Enamorus|Enamorus, F|100\/100|[from] U-turn\n|move|p2a: Samurott|Ceaseless Edge|p1a: Enamorus\n|-resisted|p1a: Enamorus\n|-damage|p1a: Enamorus|61\/100\n|-start|p2a: Samurott|Attract|[from] ability: Cute Charm|[of] p1a: Enamorus\n|-sidestart|p1: al-my69|Spikes\n|\n|-heal|p2a: Samurott|7\/100|[from] Grassy Terrain\n|upkeep\n|turn|3\n|\n|t:|1699733141\n|-activate|p2a: Samurott|move: Attract|[of] p1a: Enamorus\n|cant|p2a: Samurott|Attract\n|move|p1a: Enamorus|Moonblast|p2a: Samurott\n|-supereffective|p2a: Samurott\n|-damage|p2a: Samurott|0 fnt\n|faint|p2a: Samurott\n|\n|upkeep\n|c|\u2606al-my69|aw\n|c|\u2606al-my69|cute\n|\n|t:|1699733156\n|switch|p2a: Kingambit|Kingambit, F|100\/100\n|-activate|p2a: Kingambit|ability: Supreme Overlord\n|-start|p2a: Kingambit|fallen1|[silent]\n|turn|4\n|\n|t:|1699733175\n|-end|p2a: Kingambit|fallen1|[silent]\n|switch|p2a: Landorus|Landorus-Therian, M|100\/100\n|-ability|p2a: Landorus|Intimidate|boost\n|-unboost|p1a: Enamorus|atk|1\n|move|p1a: Enamorus|Earth Power|p2a: Landorus\n|-immune|p2a: Landorus\n|\n|upkeep\n|turn|5\n|\n|t:|1699733181\n|move|p1a: Enamorus|Moonblast|p2a: Landorus\n|-damage|p2a: Landorus|49\/100\n|-unboost|p2a: Landorus|spa|1\n|move|p2a: Landorus|Fling|p1a: Enamorus\n|-resisted|p1a: Enamorus\n|-damage|p1a: Enamorus|53\/100\n|-status|p1a: Enamorus|par\n|-enditem|p2a: Landorus|Light Ball|[from] move: Fling\n|\n|-fieldend|move: Grassy Terrain\n|upkeep\n|turn|6\n|\n|t:|1699733185\n|move|p2a: Landorus|U-turn|p1a: Enamorus\n|-resisted|p1a: Enamorus\n|-damage|p1a: Enamorus|44\/100 par\n|\n|t:|1699733191\n|switch|p2a: Kingambit|Kingambit, F|100\/100|[from] U-turn\n|-activate|p2a: Kingambit|ability: Supreme Overlord\n|-start|p2a: Kingambit|fallen1|[silent]\n|move|p1a: Enamorus|Moonblast|p2a: Kingambit\n|-damage|p2a: Kingambit|39\/100\n|\n|upkeep\n|turn|7\n|\n|t:|1699733218\n|-end|p2a: Kingambit|fallen1|[silent]\n|switch|p2a: Landorus|Landorus-Therian, M|49\/100\n|-ability|p2a: Landorus|Intimidate|boost\n|-unboost|p1a: Enamorus|atk|1\n|move|p1a: Enamorus|Earth Power|p2a: Landorus\n|-immune|p2a: Landorus\n|\n|upkeep\n|turn|8\n|\n|t:|1699733224\n|move|p2a: Landorus|Stealth Rock|p1a: Enamorus\n|-sidestart|p1: al-my69|move: Stealth Rock\n|move|p1a: Enamorus|Moonblast|p2a: Landorus\n|-damage|p2a: Landorus|0 fnt\n|faint|p2a: Landorus\n|\n|upkeep\n|\n|t:|1699733228\n|switch|p2a: Iron Valiant|Iron Valiant|100\/100\n|-enditem|p2a: Iron Valiant|Booster Energy\n|-activate|p2a: Iron Valiant|ability: Quark Drive|[fromitem]\n|-start|p2a: Iron Valiant|quarkdrivespe\n|turn|9\n|\n|t:|1699733240\n|move|p2a: Iron Valiant|Moonblast|p1a: Enamorus\n|-damage|p1a: Enamorus|0 fnt\n|faint|p1a: Enamorus\n|\n|upkeep\n|\n|t:|1699733249\n|switch|p1a: Mr. Beast|Gholdengo|100\/100\n|-damage|p1a: Mr. Beast|84\/100|[from] Spikes\n|-damage|p1a: Mr. Beast|78\/100|[from] Stealth Rock\n|turn|10\n|\n|t:|1699733256\n|-terastallize|p2a: Iron Valiant|Steel\n|move|p2a: Iron Valiant|Calm Mind|p2a: Iron Valiant\n|-boost|p2a: Iron Valiant|spa|1\n|-boost|p2a: Iron Valiant|spd|1\n|move|p1a: Mr. Beast|Make It Rain|p2a: Iron Valiant\n|-resisted|p2a: Iron Valiant\n|-damage|p2a: Iron Valiant|61\/100\n|-unboost|p1a: Mr. Beast|spa|1\n|\n|upkeep\n|turn|11\n|\n|t:|1699733267\n|move|p2a: Iron Valiant|Moonblast|p1a: Mr. Beast\n|-resisted|p1a: Mr. Beast\n|-damage|p1a: Mr. Beast|36\/100\n|move|p1a: Mr. Beast|Shadow Ball|p2a: Iron Valiant\n|-damage|p2a: Iron Valiant|29\/100\n|\n|upkeep\n|turn|12\n|\n|t:|1699733273\n|move|p2a: Iron Valiant|Moonblast|p1a: Mr. Beast\n|-resisted|p1a: Mr. Beast\n|-damage|p1a: Mr. Beast|0 fnt\n|faint|p1a: Mr. Beast\n|\n|upkeep\n|\n|t:|1699733283\n|switch|p1a: high way to|Rillaboom, M|52\/100\n|-damage|p1a: high way to|35\/100|[from] Spikes\n|-damage|p1a: high way to|23\/100|[from] Stealth Rock\n|-fieldstart|move: Grassy Terrain|[from] ability: Grassy Surge|[of] p1a: high way to\n|turn|13\n|\n|t:|1699733289\n|move|p1a: high way to|Grassy Glide|p2a: Iron Valiant\n|-resisted|p2a: Iron Valiant\n|-damage|p2a: Iron Valiant|0 fnt\n|faint|p2a: Iron Valiant\n|-end|p2a: Iron Valiant|Quark Drive|[silent]\n|\n|-heal|p1a: high way to|29\/100|[from] Grassy Terrain\n|upkeep\n|\n|t:|1699733298\n|switch|p2a: Iron Moth|Iron Moth|100\/100\n|-enditem|p2a: Iron Moth|Booster Energy\n|-activate|p2a: Iron Moth|ability: Quark Drive|[fromitem]\n|-start|p2a: Iron Moth|quarkdrivespe\n|turn|14\n|\n|t:|1699733304\n|-end|p2a: Iron Moth|Quark Drive|[silent]\n|switch|p2a: Manaphy|Manaphy, shiny|100\/100\n|move|p1a: high way to|Grassy Glide|p2a: Manaphy\n|-supereffective|p2a: Manaphy\n|-damage|p2a: Manaphy|0 fnt\n|faint|p2a: Manaphy\n|\n|-heal|p1a: high way to|35\/100|[from] Grassy Terrain\n|upkeep\n|-message|testeo234 forfeited.\n|\n|win|al-my69\n|raw|al-my69's rating: 1383 &rarr; <strong>1402<\/strong><br \/>(+19 for winning)\n|raw|testeo234's rating: 1365 &rarr; <strong>1346<\/strong><br \/>(-19 for losing)\n|l|\u2606testeo234\n","uploadtime":1699733323,"views":30,"p1id":"almy69","p2id":"testeo234","formatid":"gen9ou","rating":1346,"private":0,"password":""}