{"id":"gen9ou-1992962205","p1":"Delsinho","p2":"ssz7ytreal","format":"[Gen 9] OU","log":"|j|\u2606Delsinho\n|j|\u2606ssz7ytreal\n|t:|1700250656\n|gametype|singles\n|player|p1|Delsinho|266|1116\n|player|p2|ssz7ytreal|red|1053\n|teamsize|p1|6\n|teamsize|p2|6\n|gen|9\n|tier|[Gen 9] OU\n|rated|\n|rule|Sleep Clause Mod: Limit one foe put to sleep\n|rule|Species Clause: Limit one of each Pok\u00e9mon\n|rule|OHKO Clause: OHKO moves are banned\n|rule|Evasion Items Clause: Evasion items are banned\n|rule|Evasion Moves Clause: Evasion moves are banned\n|rule|Endless Battle Clause: Forcing endless battles is banned\n|rule|HP Percentage Mod: HP is shown in percentages\n|clearpoke\n|poke|p1|Ceruledge, M|\n|poke|p1|Dondozo, F|\n|poke|p1|Garganacl, F|\n|poke|p1|Gholdengo|\n|poke|p1|Munkidori, M|\n|poke|p1|Rillaboom, M|\n|poke|p2|Dragonite, M|\n|poke|p2|Hoopa-Unbound|\n|poke|p2|Corviknight, F|\n|poke|p2|Greninja-*, M|\n|poke|p2|Ogerpon-Wellspring, F|\n|poke|p2|Arcanine-Hisui, F|\n|teampreview\n|inactive|Battle timer is ON: inactive players will automatically lose when time's up. (requested by ssz7ytreal)\n|\n|t:|1700250672\n|start\n|switch|p1a: Munkidori|Munkidori, M|100\/100\n|switch|p2a: Arcanine|Arcanine-Hisui, F|100\/100\n|turn|1\n|c|\u2606ssz7ytreal|>Gholdengo\n|\n|t:|1700250697\n|move|p1a: Munkidori|Psychic|p2a: Arcanine\n|-damage|p2a: Arcanine|21\/100\n|-status|p2a: Arcanine|tox|[from] ability: Toxic Chain|[of] p1a: Munkidori\n|move|p2a: Arcanine|Head Smash|p1a: Munkidori\n|-damage|p1a: Munkidori|0 fnt\n|faint|p1a: Munkidori\n|\n|-damage|p2a: Arcanine|15\/100 tox|[from] psn\n|upkeep\n|\n|t:|1700250710\n|switch|p1a: Dondozo|Dondozo, F|100\/100\n|turn|2\n|c|\u2606ssz7ytreal|>I hate Gholdengo\n|\n|t:|1700250724\n|move|p2a: Arcanine|Head Smash|p1a: Dondozo\n|-damage|p1a: Dondozo|55\/100\n|move|p1a: Dondozo|Curse|p1a: Dondozo\n|-unboost|p1a: Dondozo|spe|1\n|-boost|p1a: Dondozo|atk|1\n|-boost|p1a: Dondozo|def|1\n|\n|-heal|p1a: Dondozo|61\/100|[from] item: Leftovers\n|-damage|p2a: Arcanine|3\/100 tox|[from] psn\n|upkeep\n|turn|3\n|\n|t:|1700250736\n|move|p2a: Arcanine|Head Smash|p1a: Dondozo\n|-damage|p1a: Dondozo|31\/100\n|move|p1a: Dondozo|Curse|p1a: Dondozo\n|-unboost|p1a: Dondozo|spe|1\n|-boost|p1a: Dondozo|atk|1\n|-boost|p1a: Dondozo|def|1\n|\n|-heal|p1a: Dondozo|37\/100|[from] item: Leftovers\n|-damage|p2a: Arcanine|0 fnt|[from] psn\n|faint|p2a: Arcanine\n|upkeep\n|\n|t:|1700250743\n|switch|p2a: Greninja|Greninja, M|100\/100\n|turn|4\n|\n|t:|1700250747\n|move|p2a: Greninja|Grass Knot|p1a: Dondozo\n|-supereffective|p1a: Dondozo\n|-damage|p1a: Dondozo|0 fnt\n|faint|p1a: Dondozo\n|-ability|p2a: Greninja|Battle Bond|boost\n|-boost|p2a: Greninja|atk|1\n|-boost|p2a: Greninja|spa|1\n|-boost|p2a: Greninja|spe|1\n|-activate|p2a: Greninja|ability: Battle Bond\n|-damage|p2a: Greninja|91\/100|[from] item: Life Orb\n|\n|upkeep\n|c|\u2606ssz7ytreal|...\n|\n|t:|1700250762\n|switch|p1a: Rillaboom|Rillaboom, M|100\/100\n|-fieldstart|move: Grassy Terrain|[from] ability: Grassy Surge|[of] p1a: Rillaboom\n|turn|5\n|\n|t:|1700250777\n|switch|p2a: Corviknight|Corviknight, F|100\/100\n|-ability|p2a: Corviknight|Pressure\n|move|p1a: Rillaboom|Body Press|p2a: Corviknight\n|-damage|p2a: Corviknight|90\/100\n|-damage|p1a: Rillaboom|84\/100|[from] item: Rocky Helmet|[of] p2a: Corviknight\n|\n|-heal|p1a: Rillaboom|90\/100|[from] Grassy Terrain\n|-heal|p1a: Rillaboom|96\/100|[from] item: Leftovers\n|upkeep\n|turn|6\n|\n|t:|1700250795\n|move|p1a: Rillaboom|Knock Off|p2a: Corviknight\n|-damage|p2a: Corviknight|72\/100\n|-damage|p1a: Rillaboom|80\/100|[from] item: Rocky Helmet|[of] p2a: Corviknight\n|-enditem|p2a: Corviknight|Rocky Helmet|[from] move: Knock Off|[of] p1a: Rillaboom\n|move|p2a: Corviknight|Dual Wingbeat|p1a: Rillaboom\n|-supereffective|p1a: Rillaboom\n|-crit|p1a: Rillaboom\n|-damage|p1a: Rillaboom|40\/100\n|-supereffective|p1a: Rillaboom\n|-damage|p1a: Rillaboom|11\/100\n|-hitcount|p1a: Rillaboom|2\n|\n|-heal|p1a: Rillaboom|18\/100|[from] Grassy Terrain\n|-heal|p1a: Rillaboom|24\/100|[from] item: Leftovers\n|upkeep\n|turn|7\n|\n|t:|1700250818\n|switch|p1a: Garganacl|Garganacl, F|100\/100\n|move|p2a: Corviknight|U-turn|p1a: Garganacl\n|-damage|p1a: Garganacl|90\/100\n|\n|t:|1700250822\n|switch|p2a: Greninja|Greninja, M|91\/100|[from] U-turn\n|\n|-heal|p2a: Greninja|97\/100|[from] Grassy Terrain\n|-heal|p1a: Garganacl|96\/100|[from] Grassy Terrain\n|-heal|p1a: Garganacl|100\/100|[from] item: Leftovers\n|upkeep\n|turn|8\n|\n|t:|1700250831\n|move|p2a: Greninja|Grass Knot|p1a: Garganacl\n|-supereffective|p1a: Garganacl\n|-damage|p1a: Garganacl|0 fnt\n|faint|p1a: Garganacl\n|-damage|p2a: Greninja|87\/100|[from] item: Life Orb\n|\n|-heal|p2a: Greninja|93\/100|[from] Grassy Terrain\n|upkeep\n|\n|t:|1700250849\n|switch|p1a: Rillaboom|Rillaboom, M|24\/100\n|turn|9\n|-message|Delsinho forfeited.\n|\n|win|ssz7ytreal\n|raw|Delsinho's rating: 1116 &rarr; <strong>1087<\/strong><br \/>(-29 for losing)\n|raw|ssz7ytreal's rating: 1053 &rarr; <strong>1091<\/strong><br \/>(+38 for winning)\n|l|\u2606Delsinho\n","uploadtime":1700250862,"views":11,"p1id":"delsinho","p2id":"ssz7ytreal","formatid":"gen9ou","rating":1087,"private":0,"password":""}