{"id":"gen9ou-1993510899","p1":"K3vss","p2":"Asier03092009","format":"[Gen 9] OU","log":"|j|\u2606K3vss\n|j|\u2606Asier03092009\n|t:|1700326432\n|gametype|singles\n|player|p1|K3vss|veteran|1091\n|player|p2|Asier03092009|veteran|1032\n|teamsize|p1|6\n|teamsize|p2|6\n|gen|9\n|tier|[Gen 9] OU\n|rated|\n|rule|Sleep Clause Mod: Limit one foe put to sleep\n|rule|Species Clause: Limit one of each Pok\u00e9mon\n|rule|OHKO Clause: OHKO moves are banned\n|rule|Evasion Items Clause: Evasion items are banned\n|rule|Evasion Moves Clause: Evasion moves are banned\n|rule|Endless Battle Clause: Forcing endless battles is banned\n|rule|HP Percentage Mod: HP is shown in percentages\n|clearpoke\n|poke|p1|Sneasler, M|\n|poke|p1|Rillaboom, M|\n|poke|p1|Ambipom, F|\n|poke|p1|Toxapex, F|\n|poke|p1|Umbreon, M|\n|poke|p1|Dragalge, F|\n|poke|p2|Azumarill, M|\n|poke|p2|Thundurus-Therian, M|\n|poke|p2|Cinderace, M|\n|poke|p2|Haxorus, M|\n|poke|p2|Alomomola, M|\n|poke|p2|Slaking, F|\n|teampreview\n|inactive|Battle timer is ON: inactive players will automatically lose when time's up. (requested by K3vss)\n|\n|t:|1700326444\n|start\n|switch|p1a: Rillaboom|Rillaboom, M|100\/100\n|switch|p2a: Slaking|Slaking, F|100\/100\n|-fieldstart|move: Grassy Terrain|[from] ability: Grassy Surge|[of] p1a: Rillaboom\n|turn|1\n|\n|t:|1700326450\n|move|p1a: Rillaboom|Fake Out|p2a: Slaking\n|-damage|p2a: Slaking|90\/100\n|cant|p2a: Slaking|flinch\n|\n|-heal|p2a: Slaking|96\/100|[from] Grassy Terrain\n|upkeep\n|turn|2\n|\n|t:|1700326457\n|switch|p1a: Toxapex|Toxapex, F|100\/100\n|cant|p2a: Slaking|ability: Truant\n|\n|-heal|p2a: Slaking|100\/100|[from] Grassy Terrain\n|upkeep\n|turn|3\n|\n|t:|1700326470\n|move|p1a: Toxapex|Baneful Bunker|p1a: Toxapex\n|-singleturn|p1a: Toxapex|move: Protect\n|move|p2a: Slaking|Drain Punch|p1a: Toxapex\n|-activate|p1a: Toxapex|move: Protect\n|-status|p2a: Slaking|psn\n|\n|-damage|p2a: Slaking|88\/100 psn|[from] psn\n|upkeep\n|turn|4\n|l|\u2606Asier03092009\n|inactive|Asier03092009 disconnected and has a minute to reconnect!\n|player|p2|\n|c|\u2606K3vss|grande asier\n|inactive|Asier03092009 has 30 seconds to reconnect!\n|j|\u2606Asier03092009\n|inactive|Asier03092009 reconnected and has 100 seconds left.\n|player|p2|Asier03092009|veteran\n|\n|t:|1700326527\n|switch|p2a: Finna|Alomomola, M|100\/100\n|move|p1a: Toxapex|Lunge|p2a: Finna\n|-damage|p2a: Finna|91\/100\n|-unboost|p2a: Finna|atk|1\n|-enditem|p2a: Finna|Red Card|[of] p1a: Toxapex\n|drag|p1a: Umbreon|Umbreon, M|100\/100\n|\n|-heal|p2a: Finna|97\/100|[from] Grassy Terrain\n|upkeep\n|turn|5\n|inactive|Asier03092009 has 90 seconds left.\n|inactive|Asier03092009 has 60 seconds left.\n|c|\u2606Asier03092009|Calla hdp\n|\n|t:|1700326597\n|move|p1a: Umbreon|Protect|p1a: Umbreon\n|-singleturn|p1a: Umbreon|Protect\n|move|p2a: Finna|Scald|p1a: Umbreon\n|-activate|p1a: Umbreon|move: Protect\n|\n|-heal|p2a: Finna|100\/100|[from] Grassy Terrain\n|-fieldend|move: Grassy Terrain\n|upkeep\n|turn|6\n|\n|t:|1700326610\n|move|p1a: Umbreon|Toxic|p2a: Finna\n|-status|p2a: Finna|tox\n|move|p2a: Finna|Acrobatics|p1a: Umbreon\n|-damage|p1a: Umbreon|89\/100\n|\n|-heal|p1a: Umbreon|95\/100|[from] item: Leftovers\n|-damage|p2a: Finna|94\/100 tox|[from] psn\n|upkeep\n|turn|7\n|\n|t:|1700326631\n|move|p1a: Umbreon|Protect|p1a: Umbreon\n|-singleturn|p1a: Umbreon|Protect\n|move|p2a: Finna|Scald|p1a: Umbreon\n|-activate|p1a: Umbreon|move: Protect\n|\n|-heal|p1a: Umbreon|100\/100|[from] item: Leftovers\n|-damage|p2a: Finna|82\/100 tox|[from] psn\n|upkeep\n|turn|8\n|\n|t:|1700326644\n|switch|p1a: Toxapex|Toxapex, F|100\/100\n|move|p2a: Finna|Scald|p1a: Toxapex\n|-resisted|p1a: Toxapex\n|-damage|p1a: Toxapex|93\/100\n|\n|-heal|p1a: Toxapex|99\/100|[from] item: Black Sludge\n|-damage|p2a: Finna|63\/100 tox|[from] psn\n|upkeep\n|turn|9\n|inactive|K3vss has 120 seconds left.\n|\n|t:|1700326660\n|move|p2a: Finna|Wish|p2a: Finna\n|move|p1a: Toxapex|Lunge|p2a: Finna\n|-damage|p2a: Finna|54\/100 tox\n|-unboost|p2a: Finna|atk|1\n|\n|-heal|p1a: Toxapex|100\/100|[from] item: Black Sludge\n|-damage|p2a: Finna|29\/100 tox|[from] psn\n|upkeep\n|turn|10\n|inactive|K3vss has 120 seconds left.\n|\n|t:|1700326672\n|move|p2a: Finna|Acrobatics|p1a: Toxapex\n|-crit|p1a: Toxapex\n|-damage|p1a: Toxapex|78\/100\n|move|p1a: Toxapex|Lunge|p2a: Finna\n|-damage|p2a: Finna|20\/100 tox\n|-unboost|p2a: Finna|atk|1\n|\n|-heal|p2a: Finna|70\/100 tox|[from] move: Wish|[wisher] Finna\n|-heal|p1a: Toxapex|84\/100|[from] item: Black Sludge\n|-damage|p2a: Finna|39\/100 tox|[from] psn\n|upkeep\n|turn|11\n|inactive|K3vss has 120 seconds left.\n|inactive|Asier03092009 has 60 seconds left.\n|c|\u2606Asier03092009|Me corro\n|\n|t:|1700326702\n|switch|p2a: God of thunder|Thundurus-Therian, M, shiny|100\/100\n|move|p1a: Toxapex|Baneful Bunker||[still]\n|-fail|p1a: Toxapex\n|\n|-heal|p1a: Toxapex|90\/100|[from] item: Black Sludge\n|upkeep\n|turn|12\n|inactive|Asier03092009 has 60 seconds left.\n|c|\u2606K3vss|que pringao jajaaj\n|c|\u2606Asier03092009|Vale bro\n|\n|t:|1700326738\n|switch|p1a: Dragalge|Dragalge, F|100\/100\n|move|p2a: God of thunder|Knock Off|p1a: Dragalge\n|-damage|p1a: Dragalge|75\/100\n|-enditem|p1a: Dragalge|Assault Vest|[from] move: Knock Off|[of] p2a: God of thunder\n|\n|upkeep\n|turn|13\n|\n|t:|1700326748\n|switch|p2a: Slaking|Slaking, F|88\/100 psn\n|move|p1a: Dragalge|Icy Wind|p2a: Slaking\n|-damage|p2a: Slaking|73\/100 psn\n|-unboost|p2a: Slaking|spe|1\n|\n|-damage|p2a: Slaking|61\/100 psn|[from] psn\n|upkeep\n|turn|14\n|\n|t:|1700326760\n|switch|p1a: Toxapex|Toxapex, F|100\/100\n|move|p2a: Slaking|Outrage|p1a: Toxapex\n|-damage|p1a: Toxapex|66\/100\n|\n|-heal|p1a: Toxapex|73\/100|[from] item: Black Sludge\n|-damage|p2a: Slaking|48\/100 psn|[from] psn\n|upkeep\n|turn|15\n|inactive|Asier03092009 has 60 seconds left.\n|\n|t:|1700326772\n|cant|p2a: Slaking|ability: Truant\n|move|p1a: Toxapex|Lunge|p2a: Slaking\n|-damage|p2a: Slaking|39\/100 psn\n|-unboost|p2a: Slaking|atk|1\n|\n|-heal|p1a: Toxapex|79\/100|[from] item: Black Sludge\n|-damage|p2a: Slaking|27\/100 psn|[from] psn\n|-start|p2a: Slaking|confusion|[fatigue]\n|upkeep\n|-enditem|p2a: Slaking|Persim Berry|[eat]\n|-end|p2a: Slaking|confusion\n|turn|16\n|c|\u2606K3vss|porque te encierras en un ataque ?\n|inactive|Asier03092009 has 60 seconds left.\n|c|\u2606Asier03092009|Tetas\n|inactive|K3vss has 90 seconds left.\n|\n|t:|1700326808\n|switch|p2a: Yazz king|Haxorus, M, shiny|100\/100\n|move|p1a: Toxapex|Lunge|p2a: Yazz king\n|-damage|p2a: Yazz king|83\/100\n|-unboost|p2a: Yazz king|atk|1\n|\n|-heal|p1a: Toxapex|85\/100|[from] item: Black Sludge\n|upkeep\n|turn|17\n|\n|t:|1700326827\n|switch|p1a: Dragalge|Dragalge, F|75\/100\n|move|p2a: Yazz king|Poison Jab|p1a: Dragalge\n|-resisted|p1a: Dragalge\n|-damage|p1a: Dragalge|62\/100\n|\n|upkeep\n|turn|18\n|\n|t:|1700326834\n|switch|p2a: God of thunder|Thundurus-Therian, M, shiny|100\/100\n|move|p1a: Dragalge|Icy Wind|p2a: God of thunder\n|-supereffective|p2a: God of thunder\n|-damage|p2a: God of thunder|56\/100\n|-unboost|p2a: God of thunder|spe|1\n|\n|upkeep\n|turn|19\n|\n|t:|1700326845\n|move|p2a: God of thunder|Volt Switch|p1a: Dragalge\n|-resisted|p1a: Dragalge\n|-damage|p1a: Dragalge|38\/100\n|\n|t:|1700326853\n|switch|p2a: Finna|Alomomola, M|72\/100 tox|[from] Volt Switch\n|move|p1a: Dragalge|Icy Wind|p2a: Finna\n|-resisted|p2a: Finna\n|-damage|p2a: Finna|62\/100 tox\n|-unboost|p2a: Finna|spe|1\n|\n|-damage|p2a: Finna|56\/100 tox|[from] psn\n|upkeep\n|turn|20\n|inactive|K3vss has 90 seconds left.\n|\n|t:|1700326867\n|switch|p2a: God of thunder|Thundurus-Therian, M, shiny|56\/100\n|move|p1a: Dragalge|Sludge Bomb|p2a: God of thunder\n|-damage|p2a: God of thunder|0 fnt\n|faint|p2a: God of thunder\n|\n|upkeep\n|inactive|Asier03092009 has 60 seconds left.\n|\n|t:|1700326873\n|switch|p2a: Yazz king|Haxorus, M, shiny|83\/100\n|turn|21\n|\n|t:|1700326881\n|move|p2a: Yazz king|Dragon Claw|p1a: Dragalge\n|-supereffective|p1a: Dragalge\n|-damage|p1a: Dragalge|0 fnt\n|faint|p1a: Dragalge\n|\n|upkeep\n|\n|t:|1700326885\n|switch|p1a: Ambipom|Ambipom, F|100\/100\n|turn|22\n|\n|t:|1700326891\n|switch|p2a: rizz|Azumarill, M, shiny|100\/100\n|-terastallize|p1a: Ambipom|Normal\n|move|p1a: Ambipom|Fake Out|p2a: rizz\n|-damage|p2a: rizz|53\/100\n|-damage|p1a: Ambipom|91\/100|[from] item: Life Orb\n|\n|upkeep\n|turn|23\n|\n|t:|1700326899\n|switch|p1a: Rillaboom|Rillaboom, M|100\/100\n|-fieldstart|move: Grassy Terrain|[from] ability: Grassy Surge|[of] p1a: Rillaboom\n|switch|p2a: Yazz king|Haxorus, M, shiny|83\/100\n|\n|-heal|p2a: Yazz king|89\/100|[from] Grassy Terrain\n|upkeep\n|turn|24\n|inactive|K3vss has 120 seconds left.\n|inactive|Asier03092009 has 90 seconds left.\n|\n|t:|1700326918\n|move|p1a: Rillaboom|Fake Out|p2a: Yazz king\n|-damage|p2a: Yazz king|71\/100\n|cant|p2a: Yazz king|flinch\n|\n|-heal|p2a: Yazz king|77\/100|[from] Grassy Terrain\n|upkeep\n|turn|25\n|\n|t:|1700326923\n|switch|p1a: Toxapex|Toxapex, F|100\/100\n|move|p2a: Yazz king|Brick Break|p1a: Toxapex\n|-resisted|p1a: Toxapex\n|-damage|p1a: Toxapex|90\/100\n|\n|-heal|p2a: Yazz king|83\/100|[from] Grassy Terrain\n|-heal|p1a: Toxapex|97\/100|[from] Grassy Terrain\n|-heal|p1a: Toxapex|100\/100|[from] item: Black Sludge\n|upkeep\n|turn|26\n|\n|t:|1700326931\n|switch|p2a: rizz|Azumarill, M, shiny|53\/100\n|move|p1a: Toxapex|Lunge|p2a: rizz\n|-resisted|p2a: rizz\n|-damage|p2a: rizz|47\/100\n|-unboost|p2a: rizz|atk|1\n|-enditem|p2a: rizz|Sitrus Berry|[eat]\n|-heal|p2a: rizz|72\/100|[from] item: Sitrus Berry\n|\n|-heal|p2a: rizz|78\/100|[from] Grassy Terrain\n|upkeep\n|turn|27\n|\n|t:|1700326942\n|move|p1a: Toxapex|Baneful Bunker|p1a: Toxapex\n|-singleturn|p1a: Toxapex|move: Protect\n|move|p2a: rizz|Belly Drum|p2a: rizz\n|-damage|p2a: rizz|28\/100\n|-setboost|p2a: rizz|atk|6|[from] move: Belly Drum\n|\n|-heal|p2a: rizz|34\/100|[from] Grassy Terrain\n|-fieldend|move: Grassy Terrain\n|upkeep\n|turn|28\n|\n|t:|1700326949\n|-terastallize|p2a: rizz|Water\n|move|p2a: rizz|Aqua Jet|p1a: Toxapex\n|-resisted|p1a: Toxapex\n|-damage|p1a: Toxapex|59\/100\n|move|p1a: Toxapex|Lunge|p2a: rizz\n|-damage|p2a: rizz|22\/100\n|-unboost|p2a: rizz|atk|1\n|\n|-heal|p1a: Toxapex|66\/100|[from] item: Black Sludge\n|upkeep\n|turn|29\n|\n|t:|1700326960\n|move|p2a: rizz|Brick Break|p1a: Toxapex\n|-resisted|p1a: Toxapex\n|-damage|p1a: Toxapex|33\/100\n|move|p1a: Toxapex|Haze|p1a: Toxapex\n|-clearallboost\n|\n|-heal|p1a: Toxapex|40\/100|[from] item: Black Sludge\n|upkeep\n|turn|30\n|\n|t:|1700326966\n|move|p2a: rizz|Play Rough|p1a: Toxapex\n|-resisted|p1a: Toxapex\n|-damage|p1a: Toxapex|22\/100\n|move|p1a: Toxapex|Recover|p1a: Toxapex\n|-heal|p1a: Toxapex|72\/100\n|\n|-heal|p1a: Toxapex|78\/100|[from] item: Black Sludge\n|upkeep\n|turn|31\n|\n|t:|1700326973\n|switch|p2a: Yazz king|Haxorus, M, shiny|83\/100\n|move|p1a: Toxapex|Lunge|p2a: Yazz king\n|-damage|p2a: Yazz king|67\/100\n|-unboost|p2a: Yazz king|atk|1\n|\n|-heal|p1a: Toxapex|84\/100|[from] item: Black Sludge\n|upkeep\n|turn|32\n|\n|t:|1700326984\n|move|p1a: Toxapex|Baneful Bunker|p1a: Toxapex\n|-singleturn|p1a: Toxapex|move: Protect\n|move|p2a: Yazz king|Brick Break|p1a: Toxapex\n|-activate|p1a: Toxapex|move: Protect\n|-status|p2a: Yazz king|psn\n|\n|-heal|p1a: Toxapex|90\/100|[from] item: Black Sludge\n|-damage|p2a: Yazz king|55\/100 psn|[from] psn\n|upkeep\n|turn|33\n|c|\u2606Asier03092009|Pto pesado d los cjones\n|inactive|Asier03092009 has 120 seconds left.\n|\n|t:|1700327000\n|switch|p2a: W|Cinderace, M|100\/100\n|move|p1a: Toxapex|Lunge|p2a: W\n|-resisted|p2a: W\n|-damage|p2a: W|92\/100\n|-unboost|p2a: W|atk|1\n|\n|-heal|p1a: Toxapex|97\/100|[from] item: Black Sludge\n|upkeep\n|turn|34\n|c|\u2606K3vss|me lo vas a matar este a\u00f1o ??\n|\n|t:|1700327014\n|move|p2a: W|U-turn|p1a: Toxapex\n|-start|p2a: W|typechange|Bug|[from] ability: Libero\n|-resisted|p1a: Toxapex\n|-damage|p1a: Toxapex|90\/100\n|c|\u2606Asier03092009|Le voy a matar el clit0ris a tu madre\n|n|\u203dAsier03092009|asier03092009\n|c|&|\/log Asier03092009 was locked from talking by Artemis. (\u2606Asier03092009: Le voy a matar el clit0ris a tu madre)\n|c|&|\/raw <small>This action was done automatically. Want to learn more about the AI? <a href=\"https:\/\/www.smogon.com\/forums\/threads\/3570628\/#post-9056769\">Visit the information thread<\/a>.<\/small>\n|inactive|Asier03092009 has 120 seconds left.\n|\n|t:|1700327058\n|switch|p2a: Finna|Alomomola, M|89\/100 tox|[from] U-turn\n|move|p1a: Toxapex|Lunge|p2a: Finna\n|-damage|p2a: Finna|79\/100 tox\n|-unboost|p2a: Finna|atk|1\n|\n|-heal|p1a: Toxapex|97\/100|[from] item: Black Sludge\n|-damage|p2a: Finna|73\/100 tox|[from] psn\n|upkeep\n|turn|35\n|\n|t:|1700327065\n|switch|p1a: Rillaboom|Rillaboom, M|100\/100\n|-fieldstart|move: Grassy Terrain|[from] ability: Grassy Surge|[of] p1a: Rillaboom\n|move|p2a: Finna|Wish|p2a: Finna\n|\n|-heal|p2a: Finna|79\/100 tox|[from] Grassy Terrain\n|-damage|p2a: Finna|67\/100 tox|[from] psn\n|upkeep\n|turn|36\n|\n|t:|1700327077\n|switch|p1a: Sneasler|Sneasler, M|100\/100\n|-enditem|p1a: Sneasler|Grassy Seed\n|-boost|p1a: Sneasler|def|1|[from] item: Grassy Seed\n|switch|p2a: Slaking|Slaking, F|27\/100 psn\n|\n|-heal|p2a: Slaking|83\/100 psn|[from] move: Wish|[wisher] Finna\n|-heal|p2a: Slaking|89\/100 psn|[from] Grassy Terrain\n|-damage|p2a: Slaking|77\/100 psn|[from] psn\n|upkeep\n|turn|37\n|\n|t:|1700327090\n|move|p1a: Sneasler|Bulk Up|p1a: Sneasler\n|-boost|p1a: Sneasler|atk|1\n|-boost|p1a: Sneasler|def|1\n|move|p2a: Slaking|Earthquake|p1a: Sneasler\n|-supereffective|p1a: Sneasler\n|-damage|p1a: Sneasler|60\/100\n|\n|-heal|p1a: Sneasler|66\/100|[from] Grassy Terrain\n|-heal|p2a: Slaking|83\/100 psn|[from] Grassy Terrain\n|-damage|p2a: Slaking|70\/100 psn|[from] psn\n|upkeep\n|turn|38\n|\n|t:|1700327101\n|move|p1a: Sneasler|Bulk Up|p1a: Sneasler\n|-boost|p1a: Sneasler|atk|1\n|-boost|p1a: Sneasler|def|1\n|cant|p2a: Slaking|ability: Truant\n|\n|-heal|p1a: Sneasler|72\/100|[from] Grassy Terrain\n|-heal|p2a: Slaking|76\/100 psn|[from] Grassy Terrain\n|-damage|p2a: Slaking|64\/100 psn|[from] psn\n|upkeep\n|turn|39\n|\n|t:|1700327109\n|move|p1a: Sneasler|Bulk Up|p1a: Sneasler\n|-boost|p1a: Sneasler|atk|1\n|-boost|p1a: Sneasler|def|1\n|move|p2a: Slaking|Earthquake|p1a: Sneasler\n|-supereffective|p1a: Sneasler\n|-damage|p1a: Sneasler|44\/100\n|\n|-heal|p1a: Sneasler|50\/100|[from] Grassy Terrain\n|-heal|p2a: Slaking|70\/100 psn|[from] Grassy Terrain\n|-damage|p2a: Slaking|58\/100 psn|[from] psn\n|-fieldend|move: Grassy Terrain\n|upkeep\n|turn|40\n|inactive|Asier03092009 has 120 seconds left.\n|\n|t:|1700327124\n|move|p1a: Sneasler|Dire Claw|p2a: Slaking\n|-damage|p2a: Slaking|0 fnt\n|faint|p2a: Slaking\n|\n|upkeep\n|inactive|Asier03092009 has 120 seconds left.\n|\n|t:|1700327132\n|switch|p2a: Yazz king|Haxorus, M, shiny|55\/100 psn\n|turn|41\n|\n|t:|1700327138\n|move|p1a: Sneasler|Acrobatics|p2a: Yazz king\n|-damage|p2a: Yazz king|0 fnt\n|faint|p2a: Yazz king\n|\n|upkeep\n|\n|t:|1700327142\n|switch|p2a: W|Cinderace, M|92\/100\n|turn|42\n|\n|t:|1700327145\n|move|p1a: Sneasler|Acrobatics|p2a: W\n|-damage|p2a: W|0 fnt\n|faint|p2a: W\n|\n|upkeep\n|\n|t:|1700327149\n|switch|p2a: rizz|Azumarill, M, shiny, tera:Water|22\/100\n|turn|43\n|\n|t:|1700327152\n|move|p1a: Sneasler|Quick Attack|p2a: rizz\n|-damage|p2a: rizz|0 fnt\n|faint|p2a: rizz\n|\n|upkeep\n|\n|t:|1700327154\n|switch|p2a: Finna|Alomomola, M|99\/100 tox\n|turn|44\n|\n|t:|1700327157\n|move|p1a: Sneasler|Acrobatics|p2a: Finna\n|-damage|p2a: Finna|23\/100 tox\n|move|p2a: Finna|Scald|p1a: Sneasler\n|-damage|p1a: Sneasler|22\/100\n|\n|-damage|p2a: Finna|17\/100 tox|[from] psn\n|upkeep\n|turn|45\n|inactive|Asier03092009 has 120 seconds left.\n|c|\u2606K3vss|casi ganas crack\n|inactive|Asier03092009 has 90 seconds left.\n|inactive|Asier03092009 has 60 seconds left.\n|inactive|Asier03092009 has 30 seconds left.\n|inactive|Asier03092009 has 20 seconds left.\n|inactive|Asier03092009 has 15 seconds left.\n|inactive|Asier03092009 has 10 seconds left.\n|inactive|Asier03092009 has 5 seconds left.\n|-message|Asier03092009 lost due to inactivity.\n|\n|win|K3vss\n|raw|K3vss's rating: 1074 &rarr; <strong>1099<\/strong><br \/>(+25 for winning)\n|raw|Asier03092009's rating: 1032 &rarr; <strong>1019<\/strong><br \/>(-13 for losing)\n","uploadtime":1700326585,"views":7,"p1id":"k3vss","p2id":"asier03092009","formatid":"gen9ou","rating":1019,"private":0,"password":""}