{"id":"gen9ou-1999369928","p1":"Lighting el drago","p2":"ArvenDs5","format":"[Gen 9] OU","log":"|j|\u2606Lighting el drago\n|j|\u2606ArvenDs5\n|t:|1701068444\n|gametype|singles\n|player|p1|Lighting el drago|nate|1108\n|player|p2|ArvenDs5|acetrainersnow|1168\n|teamsize|p1|6\n|teamsize|p2|6\n|gen|9\n|tier|[Gen 9] OU\n|rated|\n|rule|Sleep Clause Mod: Limit one foe put to sleep\n|rule|Species Clause: Limit one of each Pok\u00e9mon\n|rule|OHKO Clause: OHKO moves are banned\n|rule|Evasion Items Clause: Evasion items are banned\n|rule|Evasion Moves Clause: Evasion moves are banned\n|rule|Endless Battle Clause: Forcing endless battles is banned\n|rule|HP Percentage Mod: HP is shown in percentages\n|clearpoke\n|poke|p1|Meowscarada, F|\n|poke|p1|Quaquaval, F|\n|poke|p1|Maushold-Four|\n|poke|p1|Dragapult, F|\n|poke|p1|Greninja-*, M|\n|poke|p1|Hawlucha, F|\n|poke|p2|Meowscarada, M|\n|poke|p2|Glimmora, F|\n|poke|p2|Espeon, F|\n|poke|p2|Milotic, F|\n|poke|p2|Infernape, M|\n|poke|p2|Dragapult, M|\n|teampreview\n|inactive|Battle timer is ON: inactive players will automatically lose when time's up. (requested by Lighting el drago)\n|\n|t:|1701068454\n|start\n|switch|p1a: Dragapult|Dragapult, F|100\/100\n|switch|p2a: Dragapult|Dragapult, M|100\/100\n|turn|1\n|\n|t:|1701068461\n|switch|p2a: Milotic|Milotic, F|100\/100\n|move|p1a: Dragapult|Dragon Dance|p1a: Dragapult\n|-boost|p1a: Dragapult|atk|1\n|-boost|p1a: Dragapult|spe|1\n|\n|-status|p2a: Milotic|brn|[from] item: Flame Orb\n|upkeep\n|turn|2\n|\n|t:|1701068470\n|move|p1a: Dragapult|Dragon Darts|p2a: Milotic\n|-damage|p2a: Milotic|78\/100 brn\n|-anim|p1a: Dragapult|Dragon Darts|p2a: Milotic\n|-damage|p2a: Milotic|57\/100 brn\n|move|p2a: Milotic|Ice Beam|p1a: Dragapult\n|-supereffective|p1a: Dragapult\n|-damage|p1a: Dragapult|42\/100\n|\n|-damage|p2a: Milotic|51\/100 brn|[from] brn\n|upkeep\n|turn|3\n|\n|t:|1701068480\n|move|p1a: Dragapult|Dragon Darts|p2a: Milotic\n|-damage|p2a: Milotic|30\/100 brn\n|-anim|p1a: Dragapult|Dragon Darts|p2a: Milotic\n|-damage|p2a: Milotic|9\/100 brn\n|move|p2a: Milotic|Ice Beam|p1a: Dragapult\n|-supereffective|p1a: Dragapult\n|-damage|p1a: Dragapult|0 fnt\n|faint|p1a: Dragapult\n|\n|-damage|p2a: Milotic|3\/100 brn|[from] brn\n|upkeep\n|\n|t:|1701068490\n|switch|p1a: Greninja|Greninja, M|100\/100\n|turn|4\n|\n|t:|1701068498\n|move|p1a: Greninja|Dark Pulse|p2a: Milotic\n|-damage|p2a: Milotic|0 fnt\n|faint|p2a: Milotic\n|-ability|p1a: Greninja|Battle Bond|boost\n|-boost|p1a: Greninja|atk|1\n|-boost|p1a: Greninja|spa|1\n|-boost|p1a: Greninja|spe|1\n|-activate|p1a: Greninja|ability: Battle Bond\n|\n|upkeep\n|\n|t:|1701068508\n|switch|p2a: Glimmora|Glimmora, F|100\/100\n|turn|5\n|\n|t:|1701068519\n|move|p1a: Greninja|Surf|p2a: Glimmora\n|-supereffective|p2a: Glimmora\n|-enditem|p2a: Glimmora|Focus Sash\n|-damage|p2a: Glimmora|1\/100\n|move|p2a: Glimmora|Sludge Wave|p1a: Greninja\n|-damage|p1a: Greninja|19\/100\n|\n|upkeep\n|turn|6\n|\n|t:|1701068526\n|move|p1a: Greninja|Water Shuriken|p2a: Glimmora\n|-supereffective|p2a: Glimmora\n|-damage|p2a: Glimmora|0 fnt\n|faint|p2a: Glimmora\n|-hitcount|p2: Glimmora|1\n|\n|upkeep\n|\n|t:|1701068532\n|switch|p2a: Infernape|Infernape, M|100\/100\n|turn|7\n|\n|t:|1701068540\n|move|p1a: Greninja|Water Shuriken|p2a: Infernape\n|-supereffective|p2a: Infernape\n|-damage|p2a: Infernape|67\/100\n|-supereffective|p2a: Infernape\n|-damage|p2a: Infernape|38\/100\n|-supereffective|p2a: Infernape\n|-damage|p2a: Infernape|3\/100\n|-hitcount|p2a: Infernape|3\n|move|p2a: Infernape|Mach Punch|p1a: Greninja\n|-supereffective|p1a: Greninja\n|-damage|p1a: Greninja|0 fnt\n|faint|p1a: Greninja\n|-damage|p2a: Infernape|0 fnt|[from] item: Life Orb\n|faint|p2a: Infernape\n|\n|upkeep\n|\n|t:|1701068559\n|switch|p1a: Maushold|Maushold-Four|100\/100\n|switch|p2a: Meowscarada|Meowscarada, M|100\/100\n|turn|8\n|\n|t:|1701068568\n|move|p2a: Meowscarada|Knock Off|p1a: Maushold\n|-start|p2a: Meowscarada|typechange|Dark|[from] ability: Protean\n|-damage|p1a: Maushold|16\/100\n|-enditem|p1a: Maushold|Wide Lens|[from] move: Knock Off|[of] p2a: Meowscarada\n|move|p1a: Maushold|Population Bomb|p2a: Meowscarada\n|-damage|p2a: Meowscarada|84\/100\n|-damage|p2a: Meowscarada|67\/100\n|-damage|p2a: Meowscarada|51\/100\n|-damage|p2a: Meowscarada|35\/100\n|-damage|p2a: Meowscarada|18\/100\n|-damage|p2a: Meowscarada|0 fnt\n|faint|p2a: Meowscarada\n|-hitcount|p2: Meowscarada|6\n|\n|upkeep\n|\n|t:|1701068585\n|switch|p2a: Dragapult|Dragapult, M|100\/100\n|turn|9\n|\n|t:|1701068589\n|move|p2a: Dragapult|Dragon Darts|p1a: Maushold\n|-damage|p1a: Maushold|0 fnt\n|faint|p1a: Maushold\n|\n|upkeep\n|\n|t:|1701068603\n|switch|p1a: Meowscarada|Meowscarada, F|100\/100\n|turn|10\n|\n|t:|1701068607\n|-terastallize|p2a: Dragapult|Dragon\n|move|p1a: Meowscarada|Sucker Punch|p2a: Dragapult\n|-start|p1a: Meowscarada|typechange|Dark|[from] ability: Protean\n|-damage|p2a: Dragapult|51\/100\n|move|p2a: Dragapult|Dragon Darts|p1a: Meowscarada\n|-damage|p1a: Meowscarada|13\/100\n|-anim|p2a: Dragapult|Dragon Darts|p1a: Meowscarada\n|-damage|p1a: Meowscarada|0 fnt\n|faint|p1a: Meowscarada\n|\n|upkeep\n|\n|t:|1701068628\n|switch|p1a: Hawlucha|Hawlucha, F|100\/100\n|turn|11\n|\n|t:|1701068631\n|move|p2a: Dragapult|Dragon Darts|p1a: Hawlucha\n|-damage|p1a: Hawlucha|28\/100\n|-anim|p2a: Dragapult|Dragon Darts|p1a: Hawlucha\n|-damage|p1a: Hawlucha|0 fnt\n|faint|p1a: Hawlucha\n|\n|upkeep\n|\n|t:|1701068636\n|switch|p1a: Quaquaval|Quaquaval, F|100\/100\n|turn|12\n|\n|t:|1701068640\n|move|p2a: Dragapult|Dragon Darts|p1a: Quaquaval\n|-damage|p1a: Quaquaval|27\/100\n|-anim|p2a: Dragapult|Dragon Darts|p1a: Quaquaval\n|-damage|p1a: Quaquaval|0 fnt\n|faint|p1a: Quaquaval\n|\n|win|ArvenDs5\n|raw|Lighting el drago's rating: 1108 &rarr; <strong>1087<\/strong><br \/>(-21 for losing)\n|raw|ArvenDs5's rating: 1168 &rarr; <strong>1189<\/strong><br \/>(+21 for winning)\n|l|\u2606Lighting el drago\n","uploadtime":1701068749,"views":10,"p1id":"lightingeldrago","p2id":"arvends5","formatid":"gen9ou","rating":1087,"private":0,"password":""}