{"id":"gen9ou-1990496597","p1":"dilkem","p2":"elde971","format":"[Gen 9] OU","log":"|j|\u203ddilkem\n|j|\u2606elde971\n|t:|1699976222\n|gametype|singles\n|player|p1|dilkem|worker|1366\n|player|p2|elde971|burglar|1292\n|teamsize|p1|6\n|teamsize|p2|6\n|gen|9\n|tier|[Gen 9] OU\n|rated|\n|rule|Sleep Clause Mod: Limit one foe put to sleep\n|rule|Species Clause: Limit one of each Pok\u00e9mon\n|rule|OHKO Clause: OHKO moves are banned\n|rule|Evasion Items Clause: Evasion items are banned\n|rule|Evasion Moves Clause: Evasion moves are banned\n|rule|Endless Battle Clause: Forcing endless battles is banned\n|rule|HP Percentage Mod: HP is shown in percentages\n|clearpoke\n|poke|p1|Slowbro, M|\n|poke|p1|Diancie|\n|poke|p1|Slither Wing|\n|poke|p1|Donphan, M|\n|poke|p1|Arcanine-Hisui, F|\n|poke|p1|Revavroom, M|\n|poke|p2|Mew|\n|poke|p2|Salamence, M|\n|poke|p2|Iron Valiant|\n|poke|p2|Slowking-Galar, M|\n|poke|p2|Kingambit, F|\n|poke|p2|Conkeldurr, F|\n|teampreview\n|inactive|Battle timer is ON: inactive players will automatically lose when time's up. (requested by elde971)\n|inactive|dilkem also wants the timer to be on.\n|\n|t:|1699976250\n|start\n|switch|p1a: Revavroom|Revavroom, M|100\/100\n|switch|p2a: Conkeldurr|Conkeldurr, F|100\/100\n|turn|1\n|\n|t:|1699976274\n|move|p1a: Revavroom|Parting Shot|p2a: Conkeldurr\n|-unboost|p2a: Conkeldurr|atk|1\n|-unboost|p2a: Conkeldurr|spa|1\n|\n|t:|1699976283\n|switch|p1a: Slither Wing|Slither Wing|100\/100|[from] Parting Shot\n|move|p2a: Conkeldurr|Drain Punch|p1a: Slither Wing\n|-resisted|p1a: Slither Wing\n|-damage|p1a: Slither Wing|85\/100\n|\n|-status|p2a: Conkeldurr|brn|[from] item: Flame Orb\n|upkeep\n|turn|2\n|\n|t:|1699976306\n|switch|p2a: Salamence|Salamence, M|100\/100\n|move|p1a: Slither Wing|Earthquake|p2a: Salamence\n|-immune|p2a: Salamence\n|\n|upkeep\n|turn|3\n|inactive|dilkem has 120 seconds left.\n|\n|t:|1699976332\n|-end|p1a: Slither Wing|Protosynthesis|[silent]\n|switch|p1a: Slowbro|Slowbro, M, shiny|100\/100\n|move|p2a: Salamence|Dragon Dance|p2a: Salamence\n|-boost|p2a: Salamence|atk|1\n|-boost|p2a: Salamence|spe|1\n|\n|upkeep\n|turn|4\n|\n|t:|1699976349\n|switch|p2a: Slowking|Slowking-Galar, M|100\/100\n|move|p1a: Slowbro|Trick Room|p1a: Slowbro\n|-fieldstart|move: Trick Room|[of] p1a: Slowbro\n|\n|upkeep\n|turn|5\n|inactive|dilkem has 120 seconds left.\n|inactive|elde971 has 120 seconds left.\n|\n|t:|1699976365\n|switch|p1a: Revavroom|Revavroom, M|100\/100\n|move|p2a: Slowking|Toxic|p1a: Revavroom\n|-immune|p1a: Revavroom\n|\n|upkeep\n|turn|6\n|inactive|dilkem has 120 seconds left.\n|\n|t:|1699976372\n|move|p2a: Slowking|Thunder Wave|p1a: Revavroom\n|-status|p1a: Revavroom|par\n|move|p1a: Revavroom|Iron Head|p2a: Slowking\n|-damage|p2a: Slowking|67\/100\n|\n|-heal|p2a: Slowking|73\/100|[from] item: Leftovers\n|upkeep\n|turn|7\n|inactive|dilkem has 120 seconds left.\n|\n|t:|1699976385\n|switch|p2a: Conkeldurr|Conkeldurr, F|100\/100 brn\n|move|p1a: Revavroom|Parting Shot|p2a: Conkeldurr\n|-unboost|p2a: Conkeldurr|atk|1\n|-unboost|p2a: Conkeldurr|spa|1\n|inactive|dilkem has 120 seconds left.\n|\n|t:|1699976399\n|switch|p1a: Slowbro|Slowbro, M, shiny|100\/100|[from] Parting Shot\n|\n|-damage|p2a: Conkeldurr|94\/100 brn|[from] brn\n|upkeep\n|turn|8\n|inactive|dilkem has 120 seconds left.\n|inactive|elde971 has 120 seconds left.\n|\n|t:|1699976433\n|switch|p2a: Slowking|Slowking-Galar, M|100\/100\n|move|p1a: Slowbro|Focus Blast|p2a: Slowking\n|-resisted|p2a: Slowking\n|-damage|p2a: Slowking|95\/100\n|\n|-heal|p2a: Slowking|100\/100|[from] item: Leftovers\n|-fieldend|move: Trick Room\n|upkeep\n|turn|9\n|inactive|elde971 has 120 seconds left.\n|\n|t:|1699976452\n|switch|p2a: Mew|Mew|100\/100\n|switch|p1a: Revavroom|Revavroom, M|100\/100 par\n|\n|upkeep\n|turn|10\n|inactive|dilkem has 120 seconds left.\n|inactive|elde971 has 120 seconds left.\n|\n|t:|1699976461\n|move|p2a: Mew|Psychic|p1a: Revavroom\n|-damage|p1a: Revavroom|72\/100 par\n|move|p1a: Revavroom|Toxic||[still]\n|-status|p2a: Mew|tox\n|-activate|p2a: Mew|ability: Synchronize\n|-fail|p2a: Mew\n|\n|-heal|p1a: Revavroom|79\/100 par|[from] item: Black Sludge\n|-damage|p2a: Mew|94\/100 tox|[from] psn\n|upkeep\n|turn|11\n|inactive|elde971 has 120 seconds left.\n|\n|t:|1699976472\n|move|p2a: Mew|Toxic||[still]\n|-fail|p2a: Mew\n|move|p1a: Revavroom|Parting Shot|p2a: Mew\n|-unboost|p2a: Mew|atk|1\n|-unboost|p2a: Mew|spa|1\n|\n|t:|1699976479\n|switch|p1a: Slither Wing|Slither Wing|85\/100|[from] Parting Shot\n|\n|-heal|p2a: Mew|100\/100 tox|[from] item: Leftovers\n|-damage|p2a: Mew|88\/100 tox|[from] psn\n|upkeep\n|turn|12\n|\n|t:|1699976488\n|switch|p2a: Conkeldurr|Conkeldurr, F|94\/100 brn\n|move|p1a: Slither Wing|First Impression|p2a: Conkeldurr\n|-resisted|p2a: Conkeldurr\n|-damage|p2a: Conkeldurr|66\/100 brn\n|\n|-damage|p2a: Conkeldurr|60\/100 brn|[from] brn\n|upkeep\n|turn|13\n|\n|t:|1699976496\n|move|p1a: Slither Wing|Close Combat|p2a: Conkeldurr\n|-damage|p2a: Conkeldurr|2\/100 brn\n|-unboost|p1a: Slither Wing|def|1\n|-unboost|p1a: Slither Wing|spd|1\n|move|p2a: Conkeldurr|Drain Punch|p1a: Slither Wing\n|-resisted|p1a: Slither Wing\n|-damage|p1a: Slither Wing|33\/100\n|-heal|p2a: Conkeldurr|26\/100 brn|[from] drain|[of] p1a: Slither Wing\n|\n|-damage|p2a: Conkeldurr|20\/100 brn|[from] brn\n|upkeep\n|turn|14\n|\n|t:|1699976521\n|move|p2a: Conkeldurr|Mach Punch|p1a: Slither Wing\n|-resisted|p1a: Slither Wing\n|-damage|p1a: Slither Wing|3\/100\n|move|p1a: Slither Wing|Earthquake|p2a: Conkeldurr\n|-damage|p2a: Conkeldurr|0 fnt\n|faint|p2a: Conkeldurr\n|\n|upkeep\n|inactive|elde971 has 120 seconds left.\n|\n|t:|1699976538\n|switch|p2a: Salamence|Salamence, M|100\/100\n|turn|15\n|inactive|elde971 has 120 seconds left.\n|\n|t:|1699976558\n|move|p2a: Salamence|Dragon Dance|p2a: Salamence\n|-boost|p2a: Salamence|atk|1\n|-boost|p2a: Salamence|spe|1\n|move|p1a: Slither Wing|U-turn|p2a: Salamence\n|-resisted|p2a: Salamence\n|-damage|p2a: Salamence|71\/100\n|\n|t:|1699976571\n|-end|p1a: Slither Wing|Protosynthesis|[silent]\n|switch|p1a: Donphan|Donphan, M|100\/100|[from] U-turn\n|\n|upkeep\n|turn|16\n|\n|t:|1699976586\n|switch|p2a: Mew|Mew|88\/100 tox\n|move|p1a: Donphan|Ice Shard|p2a: Mew\n|-damage|p2a: Mew|77\/100 tox\n|\n|-heal|p2a: Mew|84\/100 tox|[from] item: Leftovers\n|-damage|p2a: Mew|77\/100 tox|[from] psn\n|upkeep\n|turn|17\n|\n|t:|1699976594\n|switch|p1a: Revavroom|Revavroom, M|79\/100 par\n|move|p2a: Mew|Will-O-Wisp||[still]\n|-fail|p2a: Mew\n|\n|-heal|p2a: Mew|84\/100 tox|[from] item: Leftovers\n|-heal|p1a: Revavroom|85\/100 par|[from] item: Black Sludge\n|-damage|p2a: Mew|71\/100 tox|[from] psn\n|upkeep\n|turn|18\n|\n|t:|1699976607\n|move|p2a: Mew|Psychic|p1a: Revavroom\n|-damage|p1a: Revavroom|56\/100 par\n|cant|p1a: Revavroom|par\n|\n|-heal|p2a: Mew|77\/100 tox|[from] item: Leftovers\n|-heal|p1a: Revavroom|62\/100 par|[from] item: Black Sludge\n|-damage|p2a: Mew|59\/100 tox|[from] psn\n|upkeep\n|turn|19\n|\n|t:|1699976615\n|move|p2a: Mew|Psychic|p1a: Revavroom\n|-damage|p1a: Revavroom|36\/100 par\n|move|p1a: Revavroom|Parting Shot|p2a: Mew\n|-unboost|p2a: Mew|atk|1\n|-unboost|p2a: Mew|spa|1\n|\n|t:|1699976622\n|switch|p1a: Slither Wing|Slither Wing|3\/100|[from] Parting Shot\n|\n|-heal|p2a: Mew|65\/100 tox|[from] item: Leftovers\n|-damage|p2a: Mew|40\/100 tox|[from] psn\n|upkeep\n|turn|20\n|\n|t:|1699976631\n|switch|p2a: Salamence|Salamence, M|71\/100\n|move|p1a: Slither Wing|First Impression|p2a: Salamence\n|-resisted|p2a: Salamence\n|-damage|p2a: Salamence|33\/100\n|\n|upkeep\n|turn|21\n|\n|t:|1699976645\n|move|p2a: Salamence|Dual Wingbeat|p1a: Slither Wing\n|-supereffective|p1a: Slither Wing\n|-damage|p1a: Slither Wing|0 fnt\n|faint|p1a: Slither Wing\n|-end|p1a: Slither Wing|Protosynthesis|[silent]\n|-ability|p2a: Salamence|Moxie|boost\n|-boost|p2a: Salamence|atk|1\n|-hitcount|p1: Slither Wing|1\n|\n|upkeep\n|\n|t:|1699976652\n|switch|p1a: Donphan|Donphan, M|100\/100\n|turn|22\n|\n|t:|1699976676\n|switch|p2a: Kingambit|Kingambit, F|100\/100\n|-activate|p2a: Kingambit|ability: Supreme Overlord\n|-start|p2a: Kingambit|fallen1|[silent]\n|move|p1a: Donphan|Ice Shard|p2a: Kingambit\n|-resisted|p2a: Kingambit\n|-damage|p2a: Kingambit|95\/100\n|\n|upkeep\n|turn|23\n|\n|t:|1699976690\n|switch|p1a: Revavroom|Revavroom, M|36\/100 par\n|move|p2a: Kingambit|Sucker Punch||[still]\n|-fail|p2a: Kingambit\n|\n|-heal|p1a: Revavroom|42\/100 par|[from] item: Black Sludge\n|upkeep\n|turn|24\n|\n|t:|1699976709\n|-end|p2a: Kingambit|fallen1|[silent]\n|switch|p2a: Salamence|Salamence, M|33\/100\n|move|p1a: Revavroom|Parting Shot|p2a: Salamence\n|-unboost|p2a: Salamence|atk|1\n|-unboost|p2a: Salamence|spa|1\n|\n|t:|1699976718\n|switch|p1a: Arcanine|Arcanine-Hisui, F|100\/100|[from] Parting Shot\n|\n|upkeep\n|turn|25\n|inactive|elde971 has 120 seconds left.\n|\n|t:|1699976740\n|switch|p2a: Slowking|Slowking-Galar, M|100\/100\n|move|p1a: Arcanine|Flare Blitz|p2a: Slowking\n|-damage|p2a: Slowking|43\/100\n|\n|-heal|p2a: Slowking|49\/100|[from] item: Leftovers\n|upkeep\n|turn|26\n|inactive|elde971 has 120 seconds left.\n|\n|t:|1699976754\n|move|p1a: Arcanine|Flare Blitz|p2a: Slowking\n|-damage|p2a: Slowking|0 fnt\n|faint|p2a: Slowking\n|\n|upkeep\n|inactive|elde971 has 120 seconds left.\n|\n|t:|1699976773\n|switch|p2a: Iron Valiant|Iron Valiant|100\/100\n|-enditem|p2a: Iron Valiant|Booster Energy\n|-activate|p2a: Iron Valiant|ability: Quark Drive|[fromitem]\n|-start|p2a: Iron Valiant|quarkdrivespe\n|turn|27\n|\n|t:|1699976779\n|switch|p1a: Revavroom|Revavroom, M|42\/100 par\n|move|p2a: Iron Valiant|Aura Sphere|p1a: Revavroom\n|-damage|p1a: Revavroom|8\/100 par\n|\n|-heal|p1a: Revavroom|15\/100 par|[from] item: Black Sludge\n|upkeep\n|turn|28\n|\n|t:|1699976786\n|move|p2a: Iron Valiant|Aura Sphere|p1a: Revavroom\n|-damage|p1a: Revavroom|0 fnt\n|faint|p1a: Revavroom\n|\n|upkeep\n|\n|t:|1699976791\n|switch|p1a: Slowbro|Slowbro, M, shiny|100\/100\n|turn|29\n|inactive|elde971 has 120 seconds left.\n|\n|t:|1699976820\n|move|p2a: Iron Valiant|Calm Mind|p2a: Iron Valiant\n|-boost|p2a: Iron Valiant|spa|1\n|-boost|p2a: Iron Valiant|spd|1\n|move|p1a: Slowbro|Trick Room|p1a: Slowbro\n|-fieldstart|move: Trick Room|[of] p1a: Slowbro\n|\n|upkeep\n|turn|30\n|inactive|elde971 has 120 seconds left.\n|\n|t:|1699976839\n|move|p1a: Slowbro|Psychic|p2a: Iron Valiant\n|-supereffective|p2a: Iron Valiant\n|-damage|p2a: Iron Valiant|0 fnt\n|faint|p2a: Iron Valiant\n|-end|p2a: Iron Valiant|Quark Drive|[silent]\n|\n|upkeep\n|\n|t:|1699976848\n|switch|p2a: Kingambit|Kingambit, F|95\/100\n|-activate|p2a: Kingambit|ability: Supreme Overlord\n|-start|p2a: Kingambit|fallen3|[silent]\n|turn|31\n|\n|t:|1699976856\n|-terastallize|p1a: Slowbro|Water\n|move|p2a: Kingambit|Sucker Punch|p1a: Slowbro\n|-damage|p1a: Slowbro|51\/100\n|move|p1a: Slowbro|Focus Blast|p2a: Kingambit|[miss]\n|-miss|p1a: Slowbro|p2a: Kingambit\n|\n|upkeep\n|turn|32\n|inactive|elde971 has 120 seconds left.\n|\n|t:|1699976877\n|-end|p2a: Kingambit|fallen3|[silent]\n|switch|p2a: Mew|Mew|40\/100 tox\n|move|p1a: Slowbro|Focus Blast|p2a: Mew|[miss]\n|-miss|p1a: Slowbro|p2a: Mew\n|\n|-heal|p2a: Mew|47\/100 tox|[from] item: Leftovers\n|-damage|p2a: Mew|40\/100 tox|[from] psn\n|upkeep\n|turn|33\n|inactive|elde971 has 120 seconds left.\n|\n|t:|1699976899\n|move|p1a: Slowbro|Surf|p2a: Mew\n|-damage|p2a: Mew|0 fnt\n|faint|p2a: Mew\n|\n|-fieldend|move: Trick Room\n|upkeep\n|\n|t:|1699976909\n|switch|p2a: Kingambit|Kingambit, F|95\/100\n|-activate|p2a: Kingambit|ability: Supreme Overlord\n|-start|p2a: Kingambit|fallen4|[silent]\n|turn|34\n|\n|t:|1699976935\n|switch|p1a: Diancie|Diancie|100\/100\n|move|p2a: Kingambit|Kowtow Cleave|p1a: Diancie\n|-resisted|p1a: Diancie\n|-damage|p1a: Diancie|70\/100\n|\n|-heal|p1a: Diancie|76\/100|[from] item: Leftovers\n|upkeep\n|turn|35\n|inactive|dilkem has 120 seconds left.\n|\n|t:|1699976953\n|move|p2a: Kingambit|Iron Head|p1a: Diancie\n|-supereffective|p1a: Diancie\n|-damage|p1a: Diancie|0 fnt\n|faint|p1a: Diancie\n|\n|upkeep\n|inactive|dilkem has 120 seconds left.\n|\n|t:|1699976959\n|switch|p1a: Arcanine|Arcanine-Hisui, F|100\/100\n|turn|36\n|\n|t:|1699976979\n|-terastallize|p2a: Kingambit|Dark\n|move|p1a: Arcanine|Flare Blitz|p2a: Kingambit\n|-damage|p2a: Kingambit|55\/100\n|move|p2a: Kingambit|Swords Dance|p2a: Kingambit\n|-boost|p2a: Kingambit|atk|2\n|\n|upkeep\n|turn|37\n|\n|t:|1699976989\n|move|p2a: Kingambit|Sucker Punch|p1a: Arcanine\n|-damage|p1a: Arcanine|0 fnt\n|faint|p1a: Arcanine\n|\n|upkeep\n|\n|t:|1699976998\n|switch|p1a: Donphan|Donphan, M|100\/100\n|turn|38\n|\n|t:|1699977016\n|move|p1a: Donphan|Earthquake|p2a: Kingambit\n|-damage|p2a: Kingambit|14\/100\n|move|p2a: Kingambit|Kowtow Cleave|p1a: Donphan\n|-ability|p1a: Donphan|Sturdy\n|-damage|p1a: Donphan|1\/100\n|\n|-heal|p1a: Donphan|7\/100|[from] item: Leftovers\n|upkeep\n|turn|39\n|\n|t:|1699977034\n|move|p1a: Donphan|Ice Shard|p2a: Kingambit\n|-damage|p2a: Kingambit|3\/100\n|move|p2a: Kingambit|Sucker Punch||[still]\n|-fail|p2a: Kingambit\n|\n|-heal|p1a: Donphan|13\/100|[from] item: Leftovers\n|upkeep\n|turn|40\n|\n|t:|1699977049\n|move|p1a: Donphan|Ice Shard|p2a: Kingambit\n|-damage|p2a: Kingambit|0 fnt\n|faint|p2a: Kingambit\n|-end|p2a: Kingambit|fallen4|[silent]\n|\n|-heal|p1a: Donphan|19\/100|[from] item: Leftovers\n|upkeep\n|\n|t:|1699977051\n|switch|p2a: Salamence|Salamence, M|33\/100\n|turn|41\n|\n|t:|1699977061\n|move|p1a: Donphan|Ice Shard|p2a: Salamence\n|-supereffective|p2a: Salamence\n|-damage|p2a: Salamence|0 fnt\n|faint|p2a: Salamence\n|\n|win|dilkem\n|raw|dilkem's rating: 1366 &rarr; <strong>1382<\/strong><br \/>(+16 for winning)\n|raw|elde971's rating: 1292 &rarr; <strong>1272<\/strong><br \/>(-20 for losing)\n|l|\u2606elde971\n","uploadtime":1699977068,"views":6,"p1id":"dilkem","p2id":"elde971","formatid":"gen9ou","rating":1272,"private":0,"password":""}