{"id":"gen9ou-1991293413","p1":"ducktruck","p2":"Samimi","format":"[Gen 9] OU","log":"|j|\u2606ducktruck\n|j|\u2606Samimi\n|t:|1700064988\n|gametype|singles\n|player|p1|ducktruck|firebreather|1241\n|player|p2|Samimi|clerkf|1244\n|teamsize|p1|6\n|teamsize|p2|6\n|gen|9\n|tier|[Gen 9] OU\n|rated|\n|rule|Sleep Clause Mod: Limit one foe put to sleep\n|rule|Species Clause: Limit one of each Pok\u00e9mon\n|rule|OHKO Clause: OHKO moves are banned\n|rule|Evasion Items Clause: Evasion items are banned\n|rule|Evasion Moves Clause: Evasion moves are banned\n|rule|Endless Battle Clause: Forcing endless battles is banned\n|rule|HP Percentage Mod: HP is shown in percentages\n|clearpoke\n|poke|p1|Sandy Shocks|\n|poke|p1|Torkoal, M|\n|poke|p1|Gholdengo|\n|poke|p1|Dragonite, M|\n|poke|p1|Brute Bonnet|\n|poke|p1|Kingambit, F|\n|poke|p2|Clefable, M|\n|poke|p2|Cinderace, F|\n|poke|p2|Ogerpon-Wellspring, F|\n|poke|p2|Iron Treads|\n|poke|p2|Munkidori, M|\n|poke|p2|Moltres-Galar|\n|teampreview\n|inactive|Battle timer is ON: inactive players will automatically lose when time's up. (requested by Samimi)\n|\n|t:|1700065006\n|start\n|switch|p1a: Keeper|Gholdengo|100\/100\n|switch|p2a: Munkidori|Munkidori, M|100\/100\n|turn|1\n|\n|t:|1700065021\n|switch|p2a: Moltres|Moltres-Galar|100\/100\n|move|p1a: Keeper|Psyshock|p2a: Moltres\n|-immune|p2a: Moltres\n|\n|upkeep\n|turn|2\n|\n|t:|1700065034\n|move|p2a: Moltres|Fiery Wrath|p1a: Keeper\n|-supereffective|p1a: Keeper\n|-damage|p1a: Keeper|0 fnt\n|faint|p1a: Keeper\n|\n|upkeep\n|\n|t:|1700065042\n|switch|p1a: Sideshow Bob|Sandy Shocks|100\/100\n|turn|3\n|\n|t:|1700065052\n|switch|p2a: Iron Treads|Iron Treads|100\/100\n|move|p1a: Sideshow Bob|Thunder|p2a: Iron Treads\n|-immune|p2a: Iron Treads\n|\n|upkeep\n|turn|4\n|\n|t:|1700065063\n|move|p1a: Sideshow Bob|Earth Power|p2a: Iron Treads\n|-supereffective|p2a: Iron Treads\n|-damage|p2a: Iron Treads|36\/100\n|-unboost|p2a: Iron Treads|spd|1\n|move|p2a: Iron Treads|Earthquake|p1a: Sideshow Bob\n|-supereffective|p1a: Sideshow Bob\n|-damage|p1a: Sideshow Bob|19\/100\n|\n|upkeep\n|turn|5\n|\n|t:|1700065092\n|-end|p2a: Iron Treads|Quark Drive|[silent]\n|switch|p2a: Moltres|Moltres-Galar|100\/100\n|move|p1a: Sideshow Bob|Earth Power|p2a: Moltres\n|-immune|p2a: Moltres\n|\n|upkeep\n|turn|6\n|inactive|Samimi has 120 seconds left.\n|\n|t:|1700065123\n|switch|p2a: Iron Treads|Iron Treads|36\/100\n|move|p1a: Sideshow Bob|Volt Switch|p2a: Iron Treads\n|-immune|p2a: Iron Treads\n|\n|upkeep\n|turn|7\n|\n|t:|1700065146\n|move|p1a: Sideshow Bob|Earth Power|p2a: Iron Treads\n|-supereffective|p2a: Iron Treads\n|-damage|p2a: Iron Treads|0 fnt\n|faint|p2a: Iron Treads\n|-end|p2a: Iron Treads|Quark Drive|[silent]\n|\n|upkeep\n|l|\u2606ducktruck\n|inactive|ducktruck disconnected and has a minute to reconnect!\n|player|p1|\n|inactive|Samimi has 90 seconds left.\n|\n|t:|1700065157\n|switch|p2a: Cinderace|Cinderace, F|100\/100\n|turn|8\n|inactive|ducktruck has 30 seconds to reconnect!\n|inactive|ducktruck has 20 seconds to reconnect!\n|inactive|ducktruck has 15 seconds to reconnect!\n|inactive|ducktruck has 10 seconds to reconnect!\n|inactive|ducktruck has 5 seconds to reconnect!\n|j|\u2606ducktruck\n|inactive|ducktruck reconnected and has 95 seconds left.\n|player|p1|ducktruck|firebreather\n|inactive|ducktruck has 90 seconds left.\n|\n|t:|1700065220\n|-end|p1a: Sideshow Bob|Protosynthesis|[silent]\n|switch|p1a: Oatmeal|Torkoal, M|100\/100\n|-weather|SunnyDay|[from] ability: Drought|[of] p1a: Oatmeal\n|move|p2a: Cinderace|Pyro Ball|p1a: Oatmeal\n|-resisted|p1a: Oatmeal\n|-damage|p1a: Oatmeal|71\/100\n|\n|-weather|SunnyDay|[upkeep]\n|upkeep\n|turn|9\n|\n|t:|1700065236\n|move|p2a: Cinderace|U-turn|p1a: Oatmeal\n|-start|p2a: Cinderace|typechange|Bug|[from] ability: Libero\n|-resisted|p1a: Oatmeal\n|-damage|p1a: Oatmeal|60\/100\n|\n|t:|1700065243\n|switch|p2a: Munkidori|Munkidori, M|100\/100|[from] U-turn\n|move|p1a: Oatmeal|Stealth Rock|p2a: Munkidori\n|-sidestart|p2: Samimi|move: Stealth Rock\n|\n|-weather|SunnyDay|[upkeep]\n|upkeep\n|turn|10\n|\n|t:|1700065253\n|move|p2a: Munkidori|Future Sight|p1a: Oatmeal\n|-start|p2a: Munkidori|move: Future Sight\n|move|p1a: Oatmeal|Lava Plume|p2a: Munkidori\n|-damage|p2a: Munkidori|67\/100\n|-status|p2a: Munkidori|brn\n|\n|-weather|SunnyDay|[upkeep]\n|-damage|p2a: Munkidori|61\/100 brn|[from] brn\n|upkeep\n|turn|11\n|inactive|Samimi has 90 seconds left.\n|\n|t:|1700065278\n|move|p2a: Munkidori|Focus Blast|p1a: Oatmeal\n|-damage|p1a: Oatmeal|4\/100\n|move|p1a: Oatmeal|Lava Plume|p2a: Munkidori\n|-damage|p2a: Munkidori|30\/100 brn\n|\n|-weather|SunnyDay|[upkeep]\n|-damage|p2a: Munkidori|24\/100 brn|[from] brn\n|upkeep\n|turn|12\n|inactive|Samimi has 90 seconds left.\n|\n|t:|1700065295\n|switch|p1a: Sideshow Bob|Sandy Shocks|19\/100\n|-activate|p1a: Sideshow Bob|ability: Protosynthesis\n|-start|p1a: Sideshow Bob|protosynthesisspe\n|move|p2a: Munkidori|Focus Blast|p1a: Sideshow Bob\n|-damage|p1a: Sideshow Bob|0 fnt\n|faint|p1a: Sideshow Bob\n|-end|p1a: Sideshow Bob|Protosynthesis|[silent]\n|\n|-weather|SunnyDay|[upkeep]\n|-hint|Future Sight did not hit because the target is fainted.\n|-damage|p2a: Munkidori|18\/100 brn|[from] brn\n|upkeep\n|\n|t:|1700065304\n|switch|p1a: Doom Shroom|Brute Bonnet|100\/100\n|-activate|p1a: Doom Shroom|ability: Protosynthesis\n|-start|p1a: Doom Shroom|protosynthesisatk\n|turn|13\n|inactive|Samimi has 90 seconds left.\n|\n|t:|1700065319\n|move|p1a: Doom Shroom|Sucker Punch|p2a: Munkidori\n|-supereffective|p2a: Munkidori\n|-crit|p2a: Munkidori\n|-damage|p2a: Munkidori|0 fnt\n|faint|p2a: Munkidori\n|\n|-weather|SunnyDay|[upkeep]\n|upkeep\n|inactive|Samimi has 90 seconds left.\n|\n|t:|1700065328\n|switch|p2a: Cinderace|Cinderace, F|100\/100\n|turn|14\n|inactive|ducktruck has 120 seconds left.\n|\n|t:|1700065342\n|move|p1a: Doom Shroom|Sucker Punch||[still]\n|-fail|p1a: Doom Shroom\n|move|p2a: Cinderace|Court Change|p2a: Cinderace\n|-start|p2a: Cinderace|typechange|Normal|[from] ability: Libero\n|-swapsideconditions\n|-activate|p2a: Cinderace|move: Court Change\n|\n|-weather|SunnyDay|[upkeep]\n|upkeep\n|turn|15\n|\n|t:|1700065355\n|switch|p2a: Clefable|Clefable, M|100\/100\n|move|p1a: Doom Shroom|Spore|p2a: Clefable\n|-status|p2a: Clefable|slp|[from] move: Spore\n|\n|-weather|none\n|-end|p1a: Doom Shroom|Protosynthesis\n|upkeep\n|turn|16\n|inactive|Samimi has 90 seconds left.\n|\n|t:|1700065373\n|switch|p2a: Cinderace|Cinderace, F|100\/100\n|-end|p1a: Doom Shroom|Protosynthesis|[silent]\n|switch|p1a: Oatmeal|Torkoal, M|4\/100\n|-damage|p1a: Oatmeal|0 fnt|[from] Stealth Rock\n|faint|p1a: Oatmeal\n|\n|upkeep\n|\n|t:|1700065380\n|switch|p1a: Dillbob|Dragonite, M, shiny|100\/100\n|turn|17\n|\n|t:|1700065386\n|move|p2a: Cinderace|U-turn|p1a: Dillbob\n|-start|p2a: Cinderace|typechange|Bug|[from] ability: Libero\n|-resisted|p1a: Dillbob\n|-damage|p1a: Dillbob|91\/100\n|inactive|Samimi has 90 seconds left.\n|\n|t:|1700065410\n|switch|p2a: Clefable|Clefable, M|100\/100 slp|[from] U-turn\n|move|p1a: Dillbob|Dragon Dance|p1a: Dillbob\n|-boost|p1a: Dillbob|atk|1\n|-boost|p1a: Dillbob|spe|1\n|\n|upkeep\n|turn|18\n|inactive|Samimi has 90 seconds left.\n|\n|t:|1700065425\n|-terastallize|p1a: Dillbob|Fire\n|move|p1a: Dillbob|Fire Punch|p2a: Clefable\n|-damage|p2a: Clefable|68\/100 slp\n|cant|p2a: Clefable|slp\n|\n|-heal|p2a: Clefable|74\/100 slp|[from] item: Leftovers\n|upkeep\n|turn|19\n|inactive|Samimi has 90 seconds left.\n|\n|t:|1700065440\n|move|p1a: Dillbob|Dragon Dance|p1a: Dillbob\n|-boost|p1a: Dillbob|atk|1\n|-boost|p1a: Dillbob|spe|1\n|-curestatus|p2a: Clefable|slp|[msg]\n|move|p2a: Clefable|Wish|p2a: Clefable\n|\n|-heal|p2a: Clefable|80\/100|[from] item: Leftovers\n|upkeep\n|turn|20\n|\n|t:|1700065449\n|move|p1a: Dillbob|Dragon Dance|p1a: Dillbob\n|-boost|p1a: Dillbob|atk|1\n|-boost|p1a: Dillbob|spe|1\n|move|p2a: Clefable|Calm Mind|p2a: Clefable\n|-boost|p2a: Clefable|spa|1\n|-boost|p2a: Clefable|spd|1\n|\n|-heal|p2a: Clefable|100\/100|[from] move: Wish|[wisher] Clefable\n|upkeep\n|turn|21\n|\n|t:|1700065458\n|move|p1a: Dillbob|Dragon Dance|p1a: Dillbob\n|-boost|p1a: Dillbob|atk|1\n|-boost|p1a: Dillbob|spe|1\n|move|p2a: Clefable|Calm Mind|p2a: Clefable\n|-boost|p2a: Clefable|spa|1\n|-boost|p2a: Clefable|spd|1\n|\n|upkeep\n|turn|22\n|\n|t:|1700065468\n|move|p1a: Dillbob|Dragon Dance|p1a: Dillbob\n|-boost|p1a: Dillbob|atk|1\n|-boost|p1a: Dillbob|spe|1\n|move|p2a: Clefable|Calm Mind|p2a: Clefable\n|-boost|p2a: Clefable|spa|1\n|-boost|p2a: Clefable|spd|1\n|\n|upkeep\n|turn|23\n|\n|t:|1700065475\n|move|p1a: Dillbob|Dragon Dance|p1a: Dillbob\n|-boost|p1a: Dillbob|atk|1\n|-boost|p1a: Dillbob|spe|1\n|move|p2a: Clefable|Wish|p2a: Clefable\n|\n|upkeep\n|turn|24\n|\n|t:|1700065487\n|move|p1a: Dillbob|Fire Punch|p2a: Clefable\n|-damage|p2a: Clefable|66\/100\n|move|p2a: Clefable|Calm Mind|p2a: Clefable\n|-boost|p2a: Clefable|spa|1\n|-boost|p2a: Clefable|spd|1\n|\n|-heal|p2a: Clefable|100\/100|[from] move: Wish|[wisher] Clefable\n|upkeep\n|turn|25\n|inactive|Samimi has 120 seconds left.\n|\n|t:|1700065499\n|move|p1a: Dillbob|Fire Punch|p2a: Clefable\n|-damage|p2a: Clefable|66\/100\n|move|p2a: Clefable|Wish|p2a: Clefable\n|\n|-heal|p2a: Clefable|72\/100|[from] item: Leftovers\n|upkeep\n|turn|26\n|inactive|Samimi has 120 seconds left.\n|\n|t:|1700065508\n|move|p1a: Dillbob|Fire Punch|p2a: Clefable\n|-damage|p2a: Clefable|39\/100\n|move|p2a: Clefable|Calm Mind|p2a: Clefable\n|-boost|p2a: Clefable|spa|1\n|-boost|p2a: Clefable|spd|1\n|\n|-heal|p2a: Clefable|89\/100|[from] move: Wish|[wisher] Clefable\n|-heal|p2a: Clefable|95\/100|[from] item: Leftovers\n|upkeep\n|turn|27\n|inactive|Samimi has 120 seconds left.\n|\n|t:|1700065519\n|move|p1a: Dillbob|Fire Punch|p2a: Clefable\n|-damage|p2a: Clefable|60\/100\n|move|p2a: Clefable|Wish|p2a: Clefable\n|\n|-heal|p2a: Clefable|66\/100|[from] item: Leftovers\n|upkeep\n|turn|28\n|\n|t:|1700065527\n|move|p1a: Dillbob|Fire Punch|p2a: Clefable\n|-damage|p2a: Clefable|32\/100\n|move|p2a: Clefable|Moonblast|p1a: Dillbob\n|-resisted|p1a: Dillbob\n|-crit|p1a: Dillbob\n|-damage|p1a: Dillbob|0 fnt\n|faint|p1a: Dillbob\n|\n|-heal|p2a: Clefable|82\/100|[from] move: Wish|[wisher] Clefable\n|-heal|p2a: Clefable|89\/100|[from] item: Leftovers\n|upkeep\n|\n|t:|1700065547\n|switch|p1a: Win Condition|Kingambit, F|100\/100\n|-damage|p1a: Win Condition|94\/100|[from] Stealth Rock\n|-activate|p1a: Win Condition|ability: Supreme Overlord\n|-start|p1a: Win Condition|fallen4|[silent]\n|turn|29\n|\n|t:|1700065555\n|move|p2a: Clefable|Flamethrower|p1a: Win Condition\n|-supereffective|p1a: Win Condition\n|-damage|p1a: Win Condition|0 fnt\n|faint|p1a: Win Condition\n|-end|p1a: Win Condition|fallen4|[silent]\n|\n|-heal|p2a: Clefable|95\/100|[from] item: Leftovers\n|upkeep\n|\n|t:|1700065569\n|switch|p1a: Doom Shroom|Brute Bonnet|100\/100\n|-damage|p1a: Doom Shroom|88\/100|[from] Stealth Rock\n|turn|30\n|\n|t:|1700065576\n|move|p2a: Clefable|Moonblast|p1a: Doom Shroom\n|-supereffective|p1a: Doom Shroom\n|-damage|p1a: Doom Shroom|0 fnt\n|faint|p1a: Doom Shroom\n|-end|p1a: Doom Shroom|Protosynthesis|[silent]\n|\n|win|Samimi\n|raw|ducktruck's rating: 1241 &rarr; <strong>1216<\/strong><br \/>(-25 for losing)\n|raw|Samimi's rating: 1244 &rarr; <strong>1269<\/strong><br \/>(+25 for winning)\n|l|\u2606ducktruck\n","uploadtime":1700065588,"views":11,"p1id":"ducktruck","p2id":"samimi","formatid":"gen9ou","rating":1216,"private":0,"password":""}