{"id":"gen9ou-1996225754","p1":"lajt","p2":"yyysneasel","format":"[Gen 9] OU","log":"|j|\u2606lajt\n|j|\u2606yyysneasel\n|t:|1700661333\n|gametype|singles\n|player|p1|lajt|sightseerf|1729\n|player|p2|yyysneasel|bugcatcher-gen4dp|1711\n|teamsize|p1|6\n|teamsize|p2|6\n|gen|9\n|tier|[Gen 9] OU\n|rated|\n|rule|Sleep Clause Mod: Limit one foe put to sleep\n|rule|Species Clause: Limit one of each Pok\u00e9mon\n|rule|OHKO Clause: OHKO moves are banned\n|rule|Evasion Items Clause: Evasion items are banned\n|rule|Evasion Moves Clause: Evasion moves are banned\n|rule|Endless Battle Clause: Forcing endless battles is banned\n|rule|HP Percentage Mod: HP is shown in percentages\n|clearpoke\n|poke|p1|Glimmora, F|\n|poke|p1|Ceruledge, M|\n|poke|p1|Dragonite, M|\n|poke|p1|Iron Valiant|\n|poke|p1|Kingambit, F|\n|poke|p1|Ogerpon-Wellspring, F|\n|poke|p2|Corviknight, M|\n|poke|p2|Toxapex, M|\n|poke|p2|Dondozo, M|\n|poke|p2|Slowking-Galar, M|\n|poke|p2|Blissey, F|\n|poke|p2|Clefable, F|\n|teampreview\n|inactive|Battle timer is ON: inactive players will automatically lose when time's up. (requested by lajt)\n|\n|t:|1700661350\n|start\n|switch|p1a: Ogerpon|Ogerpon-Wellspring, F|100\/100\n|switch|p2a: stannin on bihness|Toxapex, M|100\/100\n|turn|1\n|\n|t:|1700661361\n|switch|p1a: Kingambit|Kingambit, F|100\/100\n|move|p2a: stannin on bihness|Infestation|p1a: Kingambit\n|-damage|p1a: Kingambit|97\/100\n|-activate|p1a: Kingambit|move: Infestation|[of] p2a: stannin on bihness\n|\n|-heal|p1a: Kingambit|100\/100|[from] item: Leftovers\n|-damage|p1a: Kingambit|88\/100|[from] move: Infestation|[partiallytrapped]\n|upkeep\n|turn|2\n|\n|t:|1700661371\n|move|p1a: Kingambit|Swords Dance|p1a: Kingambit\n|-boost|p1a: Kingambit|atk|2\n|move|p2a: stannin on bihness|Surf|p1a: Kingambit\n|-damage|p1a: Kingambit|69\/100\n|\n|-heal|p1a: Kingambit|75\/100|[from] item: Leftovers\n|-damage|p1a: Kingambit|63\/100|[from] move: Infestation|[partiallytrapped]\n|upkeep\n|turn|3\n|\n|t:|1700661381\n|move|p1a: Kingambit|Kowtow Cleave|p2a: stannin on bihness\n|-damage|p2a: stannin on bihness|35\/100\n|move|p2a: stannin on bihness|Surf|p1a: Kingambit\n|-damage|p1a: Kingambit|44\/100\n|\n|-heal|p1a: Kingambit|50\/100|[from] item: Leftovers\n|-damage|p1a: Kingambit|38\/100|[from] move: Infestation|[partiallytrapped]\n|upkeep\n|turn|4\n|\n|t:|1700661395\n|switch|p2a: Ripbozo \ud83d\ude02 \ud83d\ude02|Dondozo, M|100\/100\n|move|p1a: Kingambit|Iron Head|p2a: Ripbozo \ud83d\ude02 \ud83d\ude02\n|-resisted|p2a: Ripbozo \ud83d\ude02 \ud83d\ude02\n|-damage|p2a: Ripbozo \ud83d\ude02 \ud83d\ude02|90\/100\n|\n|-heal|p1a: Kingambit|44\/100|[from] item: Leftovers\n|-heal|p2a: Ripbozo \ud83d\ude02 \ud83d\ude02|96\/100|[from] item: Leftovers\n|-end|p1a: Kingambit|Infestation|[partiallytrapped]|[silent]\n|upkeep\n|turn|5\n|\n|t:|1700661405\n|move|p1a: Kingambit|Kowtow Cleave|p2a: Ripbozo \ud83d\ude02 \ud83d\ude02\n|-damage|p2a: Ripbozo \ud83d\ude02 \ud83d\ude02|75\/100\n|move|p2a: Ripbozo \ud83d\ude02 \ud83d\ude02|Curse|p2a: Ripbozo \ud83d\ude02 \ud83d\ude02\n|-unboost|p2a: Ripbozo \ud83d\ude02 \ud83d\ude02|spe|1\n|-boost|p2a: Ripbozo \ud83d\ude02 \ud83d\ude02|atk|1\n|-boost|p2a: Ripbozo \ud83d\ude02 \ud83d\ude02|def|1\n|\n|-heal|p1a: Kingambit|50\/100|[from] item: Leftovers\n|-heal|p2a: Ripbozo \ud83d\ude02 \ud83d\ude02|81\/100|[from] item: Leftovers\n|upkeep\n|turn|6\n|\n|t:|1700661410\n|-end|p1a: Kingambit|fallenundefined|[silent]\n|switch|p1a: Ogerpon|Ogerpon-Wellspring, F|100\/100\n|switch|p2a: stannin on bihness|Toxapex, M|68\/100\n|\n|upkeep\n|turn|7\n|\n|t:|1700661418\n|move|p1a: Ogerpon|Horn Leech|p2a: stannin on bihness\n|-damage|p2a: stannin on bihness|43\/100\n|move|p2a: stannin on bihness|Infestation|p1a: Ogerpon\n|-supereffective|p1a: Ogerpon\n|-damage|p1a: Ogerpon|93\/100\n|-activate|p1a: Ogerpon|move: Infestation|[of] p2a: stannin on bihness\n|\n|-damage|p1a: Ogerpon|81\/100|[from] move: Infestation|[partiallytrapped]\n|upkeep\n|turn|8\n|j| cccvhhhh\n|\n|t:|1700661427\n|move|p1a: Ogerpon|Encore|p2a: stannin on bihness\n|-start|p2a: stannin on bihness|Encore\n|move|p2a: stannin on bihness|Infestation|p1a: Ogerpon\n|-supereffective|p1a: Ogerpon\n|-damage|p1a: Ogerpon|74\/100\n|\n|-damage|p1a: Ogerpon|61\/100|[from] move: Infestation|[partiallytrapped]\n|upkeep\n|turn|9\n|\n|t:|1700661431\n|switch|p2a: FreePalestine\ud83c\uddf5\ud83c\uddf8|Corviknight, M|100\/100\n|-ability|p2a: FreePalestine\ud83c\uddf5\ud83c\uddf8|Pressure\n|move|p1a: Ogerpon|Swords Dance|p1a: Ogerpon\n|-boost|p1a: Ogerpon|atk|2\n|\n|-end|p1a: Ogerpon|Infestation|[partiallytrapped]|[silent]\n|upkeep\n|turn|10\n|\n|t:|1700661440\n|switch|p2a: stannin on bihness|Toxapex, M|77\/100\n|-terastallize|p1a: Ogerpon|Water\n|detailschange|p1a: Ogerpon|Ogerpon-Wellspring-Tera, F, tera:Water\n|-ability|p1a: Ogerpon|Embody Aspect (Wellspring)|boost\n|-boost|p1a: Ogerpon|spd|1\n|move|p1a: Ogerpon|Ivy Cudgel|p2a: stannin on bihness|[anim] Ivy Cudgel Water\n|-resisted|p2a: stannin on bihness\n|-damage|p2a: stannin on bihness|25\/100\n|\n|upkeep\n|turn|11\n|\n|t:|1700661450\n|switch|p2a: Ripbozo \ud83d\ude02 \ud83d\ude02|Dondozo, M|81\/100\n|move|p1a: Ogerpon|Horn Leech|p2a: Ripbozo \ud83d\ude02 \ud83d\ude02\n|-supereffective|p2a: Ripbozo \ud83d\ude02 \ud83d\ude02\n|-damage|p2a: Ripbozo \ud83d\ude02 \ud83d\ude02|42\/100\n|-heal|p1a: Ogerpon|94\/100|[from] drain|[of] p2a: Ripbozo \ud83d\ude02 \ud83d\ude02\n|\n|-heal|p2a: Ripbozo \ud83d\ude02 \ud83d\ude02|48\/100|[from] item: Leftovers\n|upkeep\n|turn|12\n|\n|t:|1700661459\n|-terastallize|p2a: Ripbozo \ud83d\ude02 \ud83d\ude02|Dragon\n|move|p1a: Ogerpon|Horn Leech|p2a: Ripbozo \ud83d\ude02 \ud83d\ude02\n|-resisted|p2a: Ripbozo \ud83d\ude02 \ud83d\ude02\n|-damage|p2a: Ripbozo \ud83d\ude02 \ud83d\ude02|38\/100\n|-heal|p1a: Ogerpon|100\/100|[from] drain|[of] p2a: Ripbozo \ud83d\ude02 \ud83d\ude02\n|move|p2a: Ripbozo \ud83d\ude02 \ud83d\ude02|Curse|p2a: Ripbozo \ud83d\ude02 \ud83d\ude02\n|-unboost|p2a: Ripbozo \ud83d\ude02 \ud83d\ude02|spe|1\n|-boost|p2a: Ripbozo \ud83d\ude02 \ud83d\ude02|atk|1\n|-boost|p2a: Ripbozo \ud83d\ude02 \ud83d\ude02|def|1\n|\n|-heal|p2a: Ripbozo \ud83d\ude02 \ud83d\ude02|45\/100|[from] item: Leftovers\n|upkeep\n|turn|13\n|\n|t:|1700661466\n|move|p1a: Ogerpon|Encore|p2a: Ripbozo \ud83d\ude02 \ud83d\ude02\n|-start|p2a: Ripbozo \ud83d\ude02 \ud83d\ude02|Encore\n|move|p2a: Ripbozo \ud83d\ude02 \ud83d\ude02|Curse|p2a: Ripbozo \ud83d\ude02 \ud83d\ude02\n|-unboost|p2a: Ripbozo \ud83d\ude02 \ud83d\ude02|spe|1\n|-boost|p2a: Ripbozo \ud83d\ude02 \ud83d\ude02|atk|1\n|-boost|p2a: Ripbozo \ud83d\ude02 \ud83d\ude02|def|1\n|\n|-heal|p2a: Ripbozo \ud83d\ude02 \ud83d\ude02|51\/100|[from] item: Leftovers\n|upkeep\n|turn|14\n|\n|t:|1700661472\n|move|p1a: Ogerpon|Ivy Cudgel|p2a: Ripbozo \ud83d\ude02 \ud83d\ude02|[anim] Ivy Cudgel Water\n|-resisted|p2a: Ripbozo \ud83d\ude02 \ud83d\ude02\n|-damage|p2a: Ripbozo \ud83d\ude02 \ud83d\ude02|42\/100\n|move|p2a: Ripbozo \ud83d\ude02 \ud83d\ude02|Curse|p2a: Ripbozo \ud83d\ude02 \ud83d\ude02\n|-unboost|p2a: Ripbozo \ud83d\ude02 \ud83d\ude02|spe|1\n|-boost|p2a: Ripbozo \ud83d\ude02 \ud83d\ude02|atk|1\n|-boost|p2a: Ripbozo \ud83d\ude02 \ud83d\ude02|def|1\n|\n|-heal|p2a: Ripbozo \ud83d\ude02 \ud83d\ude02|48\/100|[from] item: Leftovers\n|upkeep\n|turn|15\n|\n|t:|1700661477\n|move|p1a: Ogerpon|Ivy Cudgel|p2a: Ripbozo \ud83d\ude02 \ud83d\ude02|[anim] Ivy Cudgel Water\n|-resisted|p2a: Ripbozo \ud83d\ude02 \ud83d\ude02\n|-damage|p2a: Ripbozo \ud83d\ude02 \ud83d\ude02|41\/100\n|move|p2a: Ripbozo \ud83d\ude02 \ud83d\ude02|Curse|p2a: Ripbozo \ud83d\ude02 \ud83d\ude02\n|-unboost|p2a: Ripbozo \ud83d\ude02 \ud83d\ude02|spe|1\n|-boost|p2a: Ripbozo \ud83d\ude02 \ud83d\ude02|atk|1\n|-boost|p2a: Ripbozo \ud83d\ude02 \ud83d\ude02|def|1\n|\n|-heal|p2a: Ripbozo \ud83d\ude02 \ud83d\ude02|47\/100|[from] item: Leftovers\n|-end|p2a: Ripbozo \ud83d\ude02 \ud83d\ude02|Encore\n|upkeep\n|turn|16\n|\n|t:|1700661483\n|switch|p2a: stannin on bihness|Toxapex, M|59\/100\n|move|p1a: Ogerpon|Encore||[still]\n|-fail|p1a: Ogerpon\n|\n|upkeep\n|turn|17\n|\n|t:|1700661485\n|switch|p2a: Ripbozo \ud83d\ude02 \ud83d\ude02|Dondozo, M, tera:Dragon|47\/100\n|move|p1a: Ogerpon|Horn Leech|p2a: Ripbozo \ud83d\ude02 \ud83d\ude02\n|-resisted|p2a: Ripbozo \ud83d\ude02 \ud83d\ude02\n|-damage|p2a: Ripbozo \ud83d\ude02 \ud83d\ude02|37\/100\n|\n|-heal|p2a: Ripbozo \ud83d\ude02 \ud83d\ude02|43\/100|[from] item: Leftovers\n|upkeep\n|turn|18\n|\n|t:|1700661492\n|move|p1a: Ogerpon|Ivy Cudgel|p2a: Ripbozo \ud83d\ude02 \ud83d\ude02|[anim] Ivy Cudgel Water\n|-resisted|p2a: Ripbozo \ud83d\ude02 \ud83d\ude02\n|-crit|p2a: Ripbozo \ud83d\ude02 \ud83d\ude02\n|-damage|p2a: Ripbozo \ud83d\ude02 \ud83d\ude02|17\/100\n|move|p2a: Ripbozo \ud83d\ude02 \ud83d\ude02|Rest|p2a: Ripbozo \ud83d\ude02 \ud83d\ude02\n|-status|p2a: Ripbozo \ud83d\ude02 \ud83d\ude02|slp|[from] move: Rest\n|-heal|p2a: Ripbozo \ud83d\ude02 \ud83d\ude02|100\/100 slp|[silent]\n|\n|upkeep\n|turn|19\n|j| mew852\n|inactive|lajt has 120 seconds left.\n|\n|t:|1700661524\n|switch|p1a: Kingambit|Kingambit, F|50\/100\n|cant|p2a: Ripbozo \ud83d\ude02 \ud83d\ude02|slp\n|move|p2a: Ripbozo \ud83d\ude02 \ud83d\ude02|Sleep Talk|p2a: Ripbozo \ud83d\ude02 \ud83d\ude02\n|move|p2a: Ripbozo \ud83d\ude02 \ud83d\ude02|Curse|p2a: Ripbozo \ud83d\ude02 \ud83d\ude02|[from]move: Sleep Talk\n|-unboost|p2a: Ripbozo \ud83d\ude02 \ud83d\ude02|spe|1\n|-boost|p2a: Ripbozo \ud83d\ude02 \ud83d\ude02|atk|1\n|-boost|p2a: Ripbozo \ud83d\ude02 \ud83d\ude02|def|1\n|\n|-heal|p1a: Kingambit|56\/100|[from] item: Leftovers\n|upkeep\n|turn|20\n|inactive|lajt has 120 seconds left.\n|\n|t:|1700661535\n|move|p1a: Kingambit|Kowtow Cleave|p2a: Ripbozo \ud83d\ude02 \ud83d\ude02\n|-damage|p2a: Ripbozo \ud83d\ude02 \ud83d\ude02|85\/100 slp\n|cant|p2a: Ripbozo \ud83d\ude02 \ud83d\ude02|slp\n|move|p2a: Ripbozo \ud83d\ude02 \ud83d\ude02|Sleep Talk|p2a: Ripbozo \ud83d\ude02 \ud83d\ude02\n|move|p2a: Ripbozo \ud83d\ude02 \ud83d\ude02|Wave Crash|p1a: Kingambit|[from]move: Sleep Talk\n|-damage|p1a: Kingambit|9\/100\n|-damage|p2a: Ripbozo \ud83d\ude02 \ud83d\ude02|73\/100 slp|[from] Recoil\n|\n|-heal|p1a: Kingambit|15\/100|[from] item: Leftovers\n|-heal|p2a: Ripbozo \ud83d\ude02 \ud83d\ude02|79\/100 slp|[from] item: Leftovers\n|upkeep\n|turn|21\n|j| FULKU\n|\n|t:|1700661541\n|move|p1a: Kingambit|Kowtow Cleave|p2a: Ripbozo \ud83d\ude02 \ud83d\ude02\n|-damage|p2a: Ripbozo \ud83d\ude02 \ud83d\ude02|64\/100 slp\n|-curestatus|p2a: Ripbozo \ud83d\ude02 \ud83d\ude02|slp|[msg]\n|move|p2a: Ripbozo \ud83d\ude02 \ud83d\ude02|Wave Crash|p1a: Kingambit\n|-damage|p1a: Kingambit|0 fnt\n|faint|p1a: Kingambit\n|-end|p1a: Kingambit|fallenundefined|[silent]\n|-damage|p2a: Ripbozo \ud83d\ude02 \ud83d\ude02|60\/100|[from] Recoil\n|\n|-heal|p2a: Ripbozo \ud83d\ude02 \ud83d\ude02|67\/100|[from] item: Leftovers\n|upkeep\n|c|\u2606yyysneasel|tell that brother he may rest in peace\n|l| cccvhhhh\n|\n|t:|1700661551\n|switch|p1a: Iron Valiant|Iron Valiant|100\/100\n|-enditem|p1a: Iron Valiant|Booster Energy\n|-activate|p1a: Iron Valiant|ability: Quark Drive|[fromitem]\n|-start|p1a: Iron Valiant|quarkdrivespe\n|turn|22\n|\n|t:|1700661555\n|switch|p2a: stannin on bihness|Toxapex, M|92\/100\n|move|p1a: Iron Valiant|Moonblast|p2a: stannin on bihness\n|-resisted|p2a: stannin on bihness\n|-damage|p2a: stannin on bihness|71\/100\n|-unboost|p2a: stannin on bihness|spa|1\n|\n|upkeep\n|turn|23\n|\n|t:|1700661564\n|-end|p1a: Iron Valiant|Quark Drive|[silent]\n|switch|p1a: Ogerpon|Ogerpon-Wellspring-Tera, F, tera:Water|100\/100\n|-ability|p1a: Ogerpon|Embody Aspect (Wellspring)|boost\n|-boost|p1a: Ogerpon|spd|1\n|move|p2a: stannin on bihness|Toxic|p1a: Ogerpon\n|-status|p1a: Ogerpon|tox\n|\n|-damage|p1a: Ogerpon|95\/100 tox|[from] psn\n|upkeep\n|turn|24\n|\n|t:|1700661576\n|switch|p1a: Iron Valiant|Iron Valiant|100\/100\n|move|p2a: stannin on bihness|Infestation|p1a: Iron Valiant\n|-resisted|p1a: Iron Valiant\n|-damage|p1a: Iron Valiant|99\/100\n|-activate|p1a: Iron Valiant|move: Infestation|[of] p2a: stannin on bihness\n|\n|-damage|p1a: Iron Valiant|87\/100|[from] move: Infestation|[partiallytrapped]\n|upkeep\n|turn|25\n|c| FULKU|why would u let kingambit die\n|\n|t:|1700661582\n|move|p1a: Iron Valiant|Moonblast|p2a: stannin on bihness\n|-resisted|p2a: stannin on bihness\n|-damage|p2a: stannin on bihness|52\/100\n|move|p2a: stannin on bihness|Toxic|p1a: Iron Valiant\n|-status|p1a: Iron Valiant|tox\n|\n|-damage|p1a: Iron Valiant|81\/100 tox|[from] psn\n|-damage|p1a: Iron Valiant|69\/100 tox|[from] move: Infestation|[partiallytrapped]\n|upkeep\n|turn|26\n|-message|lajt forfeited.\n|\n|win|yyysneasel\n|raw|lajt's rating: 1729 &rarr; <strong>1708<\/strong><br \/>(-21 for losing)\n|raw|yyysneasel's rating: 1711 &rarr; <strong>1732<\/strong><br \/>(+21 for winning)\n|l|\u2606lajt\n|j| Modachi\n|l|\u2606yyysneasel\n|c| FULKU|if he is the only one that wallbreaks?\n|l| Modachi\n|l| FULKU\n","uploadtime":1700661691,"views":4,"p1id":"lajt","p2id":"yyysneasel","formatid":"gen9ou","rating":1708,"private":0,"password":""}