{"id":"gen9ou-1996536580","p1":"FlameWolf26","p2":"Luccasim","format":"[Gen 9] OU","log":"|j|\u2606FlameWolf26\n|j|\u2606Luccasim\n|t:|1700691783\n|gametype|singles\n|player|p1|FlameWolf26|sabrina-lgpe|\n|player|p2|Luccasim|roxie|\n|teamsize|p1|6\n|teamsize|p2|6\n|gen|9\n|tier|[Gen 9] OU\n|rule|Sleep Clause Mod: Limit one foe put to sleep\n|rule|Species Clause: Limit one of each Pok\u00e9mon\n|rule|OHKO Clause: OHKO moves are banned\n|rule|Evasion Items Clause: Evasion items are banned\n|rule|Evasion Moves Clause: Evasion moves are banned\n|rule|Endless Battle Clause: Forcing endless battles is banned\n|rule|HP Percentage Mod: HP is shown in percentages\n|clearpoke\n|poke|p1|Mew|\n|poke|p1|Ceruledge, M|\n|poke|p1|Zoroark, M|\n|poke|p1|Maushold-Four|\n|poke|p1|Moltres|\n|poke|p1|Tatsugiri-Droopy, M|\n|poke|p2|Ting-Lu|\n|poke|p2|Meowscarada, F|\n|poke|p2|Volcanion|\n|poke|p2|Scream Tail|\n|poke|p2|Rotom-Heat|\n|poke|p2|Quaxwell, M|\n|teampreview\n|j| mmeira\n|\n|t:|1700691826\n|start\n|switch|p1a: Mew|Mew, shiny|100\/100\n|switch|p2a: Aaron Zheng|Rotom-Heat, shiny|100\/100\n|turn|1\n|\n|t:|1700691835\n|move|p1a: Mew|Knock Off|p2a: Aaron Zheng\n|-damage|p2a: Aaron Zheng|77\/100\n|-enditem|p2a: Aaron Zheng|Heavy-Duty Boots|[from] move: Knock Off|[of] p1a: Mew\n|move|p2a: Aaron Zheng|Will-O-Wisp|p1a: Mew\n|-status|p1a: Mew|brn\n|-activate|p1a: Mew|ability: Synchronize\n|-immune|p2a: Aaron Zheng\n|\n|-damage|p1a: Mew|94\/100 brn|[from] brn\n|upkeep\n|turn|2\n|\n|t:|1700691848\n|move|p1a: Mew|Toxic Spikes|p2a: Aaron Zheng\n|-sidestart|p2: Luccasim|move: Toxic Spikes\n|move|p2a: Aaron Zheng|Volt Switch|p1a: Mew\n|-damage|p1a: Mew|74\/100 brn\n|\n|t:|1700691858\n|switch|p2a: Quaxwell|Quaxwell, M|100\/100|[from] Volt Switch\n|-status|p2a: Quaxwell|psn\n|\n|-damage|p2a: Quaxwell|88\/100 psn|[from] psn\n|-damage|p1a: Mew|68\/100 brn|[from] brn\n|upkeep\n|turn|3\n|\n|t:|1700691865\n|move|p1a: Mew|Knock Off|p2a: Quaxwell\n|-damage|p2a: Quaxwell|78\/100 psn\n|-enditem|p2a: Quaxwell|Eviolite|[from] move: Knock Off|[of] p1a: Mew\n|move|p2a: Quaxwell|Rapid Spin|p1a: Mew\n|-damage|p1a: Mew|60\/100 brn\n|-boost|p2a: Quaxwell|spe|1\n|-sideend|p2: Luccasim|Toxic Spikes|[from] move: Rapid Spin|[of] p2a: Quaxwell\n|\n|-damage|p2a: Quaxwell|65\/100 psn|[from] psn\n|-damage|p1a: Mew|53\/100 brn|[from] brn\n|upkeep\n|turn|4\n|\n|t:|1700691881\n|move|p2a: Quaxwell|Encore|p1a: Mew\n|-start|p1a: Mew|Encore\n|move|p1a: Mew|Knock Off|p2a: Quaxwell\n|-damage|p2a: Quaxwell|55\/100 psn\n|\n|-damage|p2a: Quaxwell|43\/100 psn|[from] psn\n|-damage|p1a: Mew|47\/100 brn|[from] brn\n|upkeep\n|turn|5\n|\n|t:|1700691894\n|switch|p1a: Minha Filhas|Tatsugiri-Droopy, M|100\/100\n|move|p2a: Quaxwell|Roost|p2a: Quaxwell\n|-heal|p2a: Quaxwell|93\/100 psn\n|-singleturn|p2a: Quaxwell|move: Roost\n|\n|-damage|p2a: Quaxwell|80\/100 psn|[from] psn\n|upkeep\n|turn|6\n|\n|t:|1700691937\n|switch|p2a: AAAAAAAAAAAAAAAAAA|Scream Tail|100\/100\n|move|p1a: Minha Filhas|Rapid Spin|p2a: AAAAAAAAAAAAAAAAAA\n|-damage|p2a: AAAAAAAAAAAAAAAAAA|94\/100\n|-boost|p1a: Minha Filhas|spe|1\n|-damage|p1a: Minha Filhas|91\/100|[from] item: Life Orb\n|\n|-heal|p2a: AAAAAAAAAAAAAAAAAA|99\/100|[from] item: Leftovers\n|upkeep\n|turn|7\n|\n|t:|1700691950\n|switch|p1a: Mew|Mew, shiny|47\/100 brn\n|move|p2a: AAAAAAAAAAAAAAAAAA|Dazzling Gleam|p1a: Mew\n|-damage|p1a: Mew|31\/100 brn\n|\n|-heal|p2a: AAAAAAAAAAAAAAAAAA|100\/100|[from] item: Leftovers\n|-damage|p1a: Mew|25\/100 brn|[from] brn\n|upkeep\n|turn|8\n|\n|t:|1700691964\n|-end|p2a: AAAAAAAAAAAAAAAAAA|Protosynthesis|[silent]\n|switch|p2a: Quaxwell|Quaxwell, M|80\/100 psn\n|move|p1a: Mew|Toxic Spikes|p2a: Quaxwell\n|-sidestart|p2: Luccasim|move: Toxic Spikes\n|\n|-damage|p2a: Quaxwell|68\/100 psn|[from] psn\n|-damage|p1a: Mew|19\/100 brn|[from] brn\n|upkeep\n|turn|9\n|\n|t:|1700691979\n|move|p1a: Mew|U-turn|p2a: Quaxwell\n|-damage|p2a: Quaxwell|55\/100 psn\n|\n|t:|1700691984\n|switch|p1a: Minha Filhas|Tatsugiri-Droopy, M|91\/100|[from] U-turn\n|move|p2a: Quaxwell|Rapid Spin|p1a: Minha Filhas\n|-damage|p1a: Minha Filhas|73\/100\n|-boost|p2a: Quaxwell|spe|1\n|-sideend|p2: Luccasim|Toxic Spikes|[from] move: Rapid Spin|[of] p2a: Quaxwell\n|\n|-damage|p2a: Quaxwell|43\/100 psn|[from] psn\n|upkeep\n|turn|10\n|\n|t:|1700692003\n|switch|p2a: Magic man|Meowscarada, F|100\/100\n|switch|p1a: Moltres|Moltres, shiny|100\/100\n|\n|upkeep\n|turn|11\n|\n|t:|1700692026\n|switch|p2a: Vulc\u00e3o da paix\u00e3o|Volcanion|100\/100\n|move|p1a: Moltres|Tailwind|p1a: Moltres\n|-sidestart|p1: FlameWolf26|move: Tailwind\n|\n|upkeep\n|turn|12\n|\n|t:|1700692032\n|move|p1a: Moltres|U-turn|p2a: Vulc\u00e3o da paix\u00e3o\n|-resisted|p2a: Vulc\u00e3o da paix\u00e3o\n|-damage|p2a: Vulc\u00e3o da paix\u00e3o|94\/100\n|\n|t:|1700692038\n|switch|p1a: Minha Filhas|Tatsugiri-Droopy, M|73\/100|[from] U-turn\n|move|p2a: Vulc\u00e3o da paix\u00e3o|Steam Eruption|p1a: Minha Filhas\n|-ability|p1a: Minha Filhas|Storm Drain|boost\n|-boost|p1a: Minha Filhas|spa|1\n|\n|upkeep\n|turn|13\n|\n|t:|1700692048\n|switch|p2a: AAAAAAAAAAAAAAAAAA|Scream Tail|100\/100\n|move|p1a: Minha Filhas|Rapid Spin|p2a: AAAAAAAAAAAAAAAAAA\n|-damage|p2a: AAAAAAAAAAAAAAAAAA|95\/100\n|-boost|p1a: Minha Filhas|spe|1\n|-damage|p1a: Minha Filhas|63\/100|[from] item: Life Orb\n|\n|-heal|p2a: AAAAAAAAAAAAAAAAAA|100\/100|[from] item: Leftovers\n|upkeep\n|turn|14\n|\n|t:|1700692063\n|move|p1a: Minha Filhas|Surf|p2a: AAAAAAAAAAAAAAAAAA\n|-damage|p2a: AAAAAAAAAAAAAAAAAA|43\/100\n|-damage|p1a: Minha Filhas|53\/100|[from] item: Life Orb\n|move|p2a: AAAAAAAAAAAAAAAAAA|Dazzling Gleam|p1a: Minha Filhas\n|-supereffective|p1a: Minha Filhas\n|-damage|p1a: Minha Filhas|6\/100\n|\n|-heal|p2a: AAAAAAAAAAAAAAAAAA|49\/100|[from] item: Leftovers\n|-sideend|p1: FlameWolf26|move: Tailwind\n|upkeep\n|turn|15\n|\n|t:|1700692077\n|move|p2a: AAAAAAAAAAAAAAAAAA|Protect|p2a: AAAAAAAAAAAAAAAAAA\n|-singleturn|p2a: AAAAAAAAAAAAAAAAAA|Protect\n|move|p1a: Minha Filhas|Surf|p2a: AAAAAAAAAAAAAAAAAA\n|-activate|p2a: AAAAAAAAAAAAAAAAAA|move: Protect\n|\n|-heal|p2a: AAAAAAAAAAAAAAAAAA|55\/100|[from] item: Leftovers\n|upkeep\n|turn|16\n|\n|t:|1700692133\n|move|p2a: AAAAAAAAAAAAAAAAAA|Protect||[still]\n|-fail|p2a: AAAAAAAAAAAAAAAAAA\n|move|p1a: Minha Filhas|Nasty Plot|p1a: Minha Filhas\n|-boost|p1a: Minha Filhas|spa|2\n|\n|-heal|p2a: AAAAAAAAAAAAAAAAAA|62\/100|[from] item: Leftovers\n|upkeep\n|turn|17\n|\n|t:|1700692139\n|move|p1a: Minha Filhas|Surf|p2a: AAAAAAAAAAAAAAAAAA\n|-damage|p2a: AAAAAAAAAAAAAAAAAA|0 fnt\n|faint|p2a: AAAAAAAAAAAAAAAAAA\n|-end|p2a: AAAAAAAAAAAAAAAAAA|Protosynthesis|[silent]\n|-damage|p1a: Minha Filhas|0 fnt|[from] item: Life Orb\n|faint|p1a: Minha Filhas\n|\n|upkeep\n|\n|t:|1700692156\n|switch|p2a: Obeso e calvo|Ting-Lu|100\/100\n|switch|p1a: Mew|Mew, shiny|19\/100 brn\n|-ability|p2a: Obeso e calvo|Vessel of Ruin\n|turn|18\n|\n|t:|1700692167\n|move|p1a: Mew|Toxic Spikes|p2a: Obeso e calvo\n|-sidestart|p2: Luccasim|move: Toxic Spikes\n|move|p2a: Obeso e calvo|Spikes|p1a: Mew\n|-sidestart|p1: FlameWolf26|Spikes\n|\n|-damage|p1a: Mew|13\/100 brn|[from] brn\n|upkeep\n|turn|19\n|\n|t:|1700692172\n|move|p1a: Mew|Spikes|p2a: Obeso e calvo\n|-sidestart|p2: Luccasim|Spikes\n|move|p2a: Obeso e calvo|Spikes|p1a: Mew\n|-sidestart|p1: FlameWolf26|Spikes\n|\n|-damage|p1a: Mew|6\/100 brn|[from] brn\n|upkeep\n|turn|20\n|\n|t:|1700692181\n|move|p1a: Mew|Knock Off|p2a: Obeso e calvo\n|-resisted|p2a: Obeso e calvo\n|-damage|p2a: Obeso e calvo|98\/100\n|-enditem|p2a: Obeso e calvo|Leftovers|[from] move: Knock Off|[of] p1a: Mew\n|move|p2a: Obeso e calvo|Spikes|p1a: Mew\n|-sidestart|p1: FlameWolf26|Spikes\n|\n|-damage|p1a: Mew|0 fnt|[from] brn\n|faint|p1a: Mew\n|upkeep\n|\n|t:|1700692249\n|switch|p1a: Maushold|Maushold-Four|100\/100\n|-damage|p1a: Maushold|76\/100|[from] Spikes\n|turn|21\n|\n|t:|1700692258\n|move|p1a: Maushold|Encore|p2a: Obeso e calvo\n|-start|p2a: Obeso e calvo|Encore\n|move|p2a: Obeso e calvo|Spikes||[still]\n|-fail|p2a: Obeso e calvo\n|\n|upkeep\n|turn|22\n|\n|t:|1700692277\n|switch|p2a: Aaron Zheng|Rotom-Heat, shiny|77\/100\n|move|p1a: Maushold|Population Bomb|p2a: Aaron Zheng\n|-damage|p2a: Aaron Zheng|64\/100\n|-damage|p2a: Aaron Zheng|51\/100\n|-damage|p2a: Aaron Zheng|40\/100\n|-damage|p2a: Aaron Zheng|29\/100\n|-damage|p2a: Aaron Zheng|18\/100\n|-damage|p2a: Aaron Zheng|6\/100\n|-damage|p2a: Aaron Zheng|0 fnt\n|faint|p2a: Aaron Zheng\n|-hitcount|p2: Aaron Zheng|7\n|\n|upkeep\n|\n|t:|1700692286\n|switch|p2a: Magic man|Meowscarada, F|100\/100\n|-status|p2a: Magic man|psn\n|-damage|p2a: Magic man|88\/100 psn|[from] Spikes\n|turn|23\n|\n|t:|1700692294\n|switch|p1a: Moltres|Moltres, shiny|100\/100\n|move|p2a: Magic man|Knock Off|p1a: Moltres\n|-start|p2a: Magic man|typechange|Dark|[from] ability: Protean\n|-damage|p1a: Moltres|54\/100\n|-enditem|p1a: Moltres|Heavy-Duty Boots|[from] move: Knock Off|[of] p2a: Magic man\n|\n|-damage|p2a: Magic man|76\/100 psn|[from] psn\n|upkeep\n|turn|24\n|\n|t:|1700692310\n|switch|p2a: Quaxwell|Quaxwell, M|43\/100 psn\n|-damage|p2a: Quaxwell|30\/100 psn|[from] Spikes\n|move|p1a: Moltres|Roost|p1a: Moltres\n|-heal|p1a: Moltres|100\/100\n|-singleturn|p1a: Moltres|move: Roost\n|\n|-damage|p2a: Quaxwell|18\/100 psn|[from] psn\n|upkeep\n|turn|25\n|\n|t:|1700692320\n|move|p2a: Quaxwell|Rapid Spin|p1a: Moltres\n|-damage|p1a: Moltres|93\/100\n|-boost|p2a: Quaxwell|spe|1\n|-sideend|p2: Luccasim|Spikes|[from] move: Rapid Spin|[of] p2a: Quaxwell\n|-sideend|p2: Luccasim|Toxic Spikes|[from] move: Rapid Spin|[of] p2a: Quaxwell\n|move|p1a: Moltres|Flamethrower|p2a: Quaxwell\n|-resisted|p2a: Quaxwell\n|-damage|p2a: Quaxwell|0 fnt\n|faint|p2a: Quaxwell\n|\n|upkeep\n|\n|t:|1700692331\n|switch|p2a: Vulc\u00e3o da paix\u00e3o|Volcanion|94\/100\n|turn|26\n|\n|t:|1700692343\n|move|p1a: Moltres|Tailwind|p1a: Moltres\n|-sidestart|p1: FlameWolf26|move: Tailwind\n|move|p2a: Vulc\u00e3o da paix\u00e3o|Steam Eruption|p1a: Moltres\n|-supereffective|p1a: Moltres\n|-damage|p1a: Moltres|0 fnt\n|faint|p1a: Moltres\n|\n|upkeep\n|\n|t:|1700692400\n|switch|p1a: Maushold|Maushold-Four|76\/100\n|-damage|p1a: Maushold|51\/100|[from] Spikes\n|turn|27\n|\n|t:|1700692415\n|-terastallize|p1a: Maushold|Normal\n|move|p1a: Maushold|Population Bomb|p2a: Vulc\u00e3o da paix\u00e3o\n|-damage|p2a: Vulc\u00e3o da paix\u00e3o|82\/100\n|-damage|p2a: Vulc\u00e3o da paix\u00e3o|71\/100\n|-crit|p2a: Vulc\u00e3o da paix\u00e3o\n|-damage|p2a: Vulc\u00e3o da paix\u00e3o|53\/100\n|-damage|p2a: Vulc\u00e3o da paix\u00e3o|41\/100\n|-damage|p2a: Vulc\u00e3o da paix\u00e3o|30\/100\n|-damage|p2a: Vulc\u00e3o da paix\u00e3o|19\/100\n|-damage|p2a: Vulc\u00e3o da paix\u00e3o|7\/100\n|-damage|p2a: Vulc\u00e3o da paix\u00e3o|0 fnt\n|faint|p2a: Vulc\u00e3o da paix\u00e3o\n|-hitcount|p2: Vulc\u00e3o da paix\u00e3o|8\n|\n|upkeep\n|\n|t:|1700692430\n|switch|p2a: Obeso e calvo|Ting-Lu|98\/100\n|-ability|p2a: Obeso e calvo|Vessel of Ruin\n|turn|28\n|\n|t:|1700692440\n|move|p1a: Maushold|Tidy Up|p1a: Maushold\n|-sideend|p1: FlameWolf26|Spikes\n|-activate|p1a: Maushold|move: Tidy Up\n|-boost|p1a: Maushold|atk|1\n|-boost|p1a: Maushold|spe|1\n|move|p2a: Obeso e calvo|Whirlwind|p1a: Maushold\n|drag|p1a: Ceruledge|Ceruledge, M|100\/100\n|\n|upkeep\n|turn|29\n|\n|t:|1700692456\n|move|p1a: Ceruledge|Trick|p2a: Obeso e calvo\n|-activate|p1a: Ceruledge|move: Trick|[of] p2a: Obeso e calvo\n|-item|p2a: Obeso e calvo|Choice Scarf|[from] move: Trick\n|-enditem|p1a: Ceruledge|Choice Scarf|[silent]|[from] move: Trick\n|move|p2a: Obeso e calvo|Earthquake|p1a: Ceruledge\n|-damage|p1a: Ceruledge|14\/100\n|replace|p1a: Zoroark|Zoroark, M, shiny\n|-end|p1a: Zoroark|Illusion\n|\n|-sideend|p1: FlameWolf26|move: Tailwind\n|upkeep\n|turn|30\n|\n|t:|1700692492\n|move|p1a: Zoroark|Flamethrower|p2a: Obeso e calvo\n|-damage|p2a: Obeso e calvo|83\/100\n|move|p2a: Obeso e calvo|Earthquake|p1a: Zoroark\n|-damage|p1a: Zoroark|0 fnt\n|faint|p1a: Zoroark\n|\n|upkeep\n|\n|t:|1700692513\n|switch|p1a: Maushold|Maushold-Four, tera:Normal|51\/100\n|turn|31\n|\n|t:|1700692519\n|move|p1a: Maushold|Population Bomb|p2a: Obeso e calvo\n|-damage|p2a: Obeso e calvo|76\/100\n|-damage|p2a: Obeso e calvo|70\/100\n|-damage|p2a: Obeso e calvo|64\/100\n|-damage|p2a: Obeso e calvo|57\/100\n|-damage|p2a: Obeso e calvo|51\/100\n|-damage|p2a: Obeso e calvo|44\/100\n|-damage|p2a: Obeso e calvo|38\/100\n|-damage|p2a: Obeso e calvo|31\/100\n|-damage|p2a: Obeso e calvo|24\/100\n|-damage|p2a: Obeso e calvo|18\/100\n|-hitcount|p2a: Obeso e calvo|10\n|move|p2a: Obeso e calvo|Earthquake|p1a: Maushold\n|-damage|p1a: Maushold|0 fnt\n|faint|p1a: Maushold\n|\n|upkeep\n|\n|t:|1700692539\n|switch|p1a: Ceruledge|Ceruledge, M|100\/100\n|turn|32\n|\n|t:|1700692574\n|move|p1a: Ceruledge|Bitter Blade|p2a: Obeso e calvo\n|-damage|p2a: Obeso e calvo|0 fnt\n|faint|p2a: Obeso e calvo\n|\n|upkeep\n|\n|t:|1700692578\n|switch|p2a: Magic man|Meowscarada, F|76\/100 psn\n|turn|33\n|\n|t:|1700692595\n|move|p2a: Magic man|Knock Off|p1a: Ceruledge\n|-start|p2a: Magic man|typechange|Dark|[from] ability: Protean\n|-supereffective|p1a: Ceruledge\n|-enditem|p1a: Ceruledge|Focus Sash\n|-damage|p1a: Ceruledge|1\/100\n|-ability|p1a: Ceruledge|Weak Armor|boost\n|-unboost|p1a: Ceruledge|def|1\n|-boost|p1a: Ceruledge|spe|2\n|move|p1a: Ceruledge|Close Combat|p2a: Magic man\n|-supereffective|p2a: Magic man\n|-crit|p2a: Magic man\n|-damage|p2a: Magic man|0 fnt\n|-unboost|p1a: Ceruledge|def|1\n|-unboost|p1a: Ceruledge|spd|1\n|faint|p2a: Magic man\n|\n|win|FlameWolf26\n|l| mmeira\n","uploadtime":1700692619,"views":7,"p1id":"flamewolf26","p2id":"luccasim","formatid":"gen9ou","rating":0,"private":0,"password":""}