{"id":"gen9ou-1989878027","p1":"Solution 77","p2":"VayzzVFX","format":"[Gen 9] OU","log":"|j|\u2606Solution 77\n|j|\u2606VayzzVFX\n|t:|1699903242\n|gametype|singles\n|player|p1|Solution 77|flannery|1092\n|player|p2|VayzzVFX|1|1164\n|teamsize|p1|6\n|teamsize|p2|6\n|gen|9\n|tier|[Gen 9] OU\n|rated|\n|rule|Sleep Clause Mod: Limit one foe put to sleep\n|rule|Species Clause: Limit one of each Pok\u00e9mon\n|rule|OHKO Clause: OHKO moves are banned\n|rule|Evasion Items Clause: Evasion items are banned\n|rule|Evasion Moves Clause: Evasion moves are banned\n|rule|Endless Battle Clause: Forcing endless battles is banned\n|rule|HP Percentage Mod: HP is shown in percentages\n|clearpoke\n|poke|p1|Manaphy|\n|poke|p1|Okidogi, M|\n|poke|p1|Zoroark-Hisui, M|\n|poke|p1|Arcanine-Hisui, M|\n|poke|p1|Ambipom, M|\n|poke|p1|Glimmora, F|\n|poke|p2|Ribombee, F|\n|poke|p2|Grimmsnarl, M|\n|poke|p2|Great Tusk|\n|poke|p2|Dragonite, M|\n|poke|p2|Gholdengo|\n|poke|p2|Rillaboom, F|\n|teampreview\n|inactive|Battle timer is ON: inactive players will automatically lose when time's up. (requested by VayzzVFX)\n|\n|t:|1699903257\n|start\n|switch|p1a: Manaphy|Manaphy|100\/100\n|switch|p2a: GreenUVLight|Ribombee, F|100\/100\n|turn|1\n|\n|t:|1699903268\n|move|p2a: GreenUVLight|Quiver Dance|p2a: GreenUVLight\n|-boost|p2a: GreenUVLight|spa|1\n|-boost|p2a: GreenUVLight|spd|1\n|-boost|p2a: GreenUVLight|spe|1\n|move|p1a: Manaphy|Take Heart|p1a: Manaphy\n|-boost|p1a: Manaphy|spa|1\n|-boost|p1a: Manaphy|spd|1\n|\n|upkeep\n|turn|2\n|\n|t:|1699903279\n|move|p2a: GreenUVLight|Quiver Dance|p2a: GreenUVLight\n|-boost|p2a: GreenUVLight|spa|1\n|-boost|p2a: GreenUVLight|spd|1\n|-boost|p2a: GreenUVLight|spe|1\n|move|p1a: Manaphy|Take Heart|p1a: Manaphy\n|-boost|p1a: Manaphy|spa|1\n|-boost|p1a: Manaphy|spd|1\n|\n|upkeep\n|turn|3\n|\n|t:|1699903286\n|move|p2a: GreenUVLight|Quiver Dance|p2a: GreenUVLight\n|-boost|p2a: GreenUVLight|spa|1\n|-boost|p2a: GreenUVLight|spd|1\n|-boost|p2a: GreenUVLight|spe|1\n|move|p1a: Manaphy|Take Heart|p1a: Manaphy\n|-boost|p1a: Manaphy|spa|1\n|-boost|p1a: Manaphy|spd|1\n|\n|upkeep\n|turn|4\n|\n|t:|1699903294\n|move|p2a: GreenUVLight|Quiver Dance|p2a: GreenUVLight\n|-boost|p2a: GreenUVLight|spa|1\n|-boost|p2a: GreenUVLight|spd|1\n|-boost|p2a: GreenUVLight|spe|1\n|move|p1a: Manaphy|Take Heart|p1a: Manaphy\n|-boost|p1a: Manaphy|spa|1\n|-boost|p1a: Manaphy|spd|1\n|\n|upkeep\n|turn|5\n|\n|t:|1699903302\n|move|p2a: GreenUVLight|Quiver Dance|p2a: GreenUVLight\n|-boost|p2a: GreenUVLight|spa|1\n|-boost|p2a: GreenUVLight|spd|1\n|-boost|p2a: GreenUVLight|spe|1\n|move|p1a: Manaphy|Take Heart|p1a: Manaphy\n|-boost|p1a: Manaphy|spa|1\n|-boost|p1a: Manaphy|spd|1\n|\n|upkeep\n|turn|6\n|\n|t:|1699903309\n|move|p2a: GreenUVLight|Quiver Dance|p2a: GreenUVLight\n|-boost|p2a: GreenUVLight|spa|1\n|-boost|p2a: GreenUVLight|spd|1\n|-boost|p2a: GreenUVLight|spe|1\n|move|p1a: Manaphy|Take Heart|p1a: Manaphy\n|-boost|p1a: Manaphy|spa|1\n|-boost|p1a: Manaphy|spd|1\n|\n|upkeep\n|turn|7\n|\n|t:|1699903319\n|move|p2a: GreenUVLight|Stored Power|p1a: Manaphy\n|-damage|p1a: Manaphy|19\/100\n|-damage|p2a: GreenUVLight|91\/100|[from] item: Life Orb\n|move|p1a: Manaphy|Stored Power|p2a: GreenUVLight\n|-damage|p2a: GreenUVLight|0 fnt\n|faint|p2a: GreenUVLight\n|\n|-heal|p1a: Manaphy|25\/100|[from] item: Leftovers\n|upkeep\n|\n|t:|1699903327\n|switch|p2a: Dragonite|Dragonite, M|100\/100\n|turn|8\n|\n|t:|1699903339\n|-terastallize|p2a: Dragonite|Normal\n|-terastallize|p1a: Manaphy|Fairy\n|move|p2a: Dragonite|Extreme Speed|p1a: Manaphy\n|-damage|p1a: Manaphy|0 fnt\n|faint|p1a: Manaphy\n|\n|upkeep\n|\n|t:|1699903353\n|switch|p1a: Arcanine|Arcanine-Hisui, M|100\/100\n|turn|9\n|\n|t:|1699903364\n|switch|p2a: Gholdengo|Gholdengo|100\/100\n|move|p1a: Arcanine|Close Combat|p2a: Gholdengo\n|-immune|p2a: Gholdengo\n|\n|upkeep\n|turn|10\n|\n|t:|1699903377\n|switch|p1a: Ambipom|Ambipom, M|100\/100\n|move|p2a: Gholdengo|Substitute|p2a: Gholdengo\n|-start|p2a: Gholdengo|Substitute\n|-damage|p2a: Gholdengo|75\/100\n|\n|upkeep\n|turn|11\n|\n|t:|1699903385\n|move|p1a: Ambipom|Bitter Malice|p2a: Gholdengo\n|-supereffective|p2a: Gholdengo\n|-end|p2a: Gholdengo|Substitute\n|move|p2a: Gholdengo|Nasty Plot|p2a: Gholdengo\n|-boost|p2a: Gholdengo|spa|2\n|\n|upkeep\n|turn|12\n|\n|t:|1699903396\n|switch|p2a: Grimmsnarl|Grimmsnarl, M, shiny|100\/100\n|move|p1a: Ambipom|Bitter Malice|p2a: Grimmsnarl\n|-resisted|p2a: Grimmsnarl\n|-damage|p2a: Grimmsnarl|86\/100\n|-unboost|p2a: Grimmsnarl|atk|1\n|\n|upkeep\n|turn|13\n|\n|t:|1699903407\n|switch|p1a: Arcanine|Arcanine-Hisui, M|100\/100\n|move|p2a: Grimmsnarl|Light Screen|p2a: Grimmsnarl\n|-sidestart|p2: VayzzVFX|move: Light Screen\n|\n|upkeep\n|turn|14\n|\n|t:|1699903417\n|move|p2a: Grimmsnarl|Reflect|p2a: Grimmsnarl\n|-sidestart|p2: VayzzVFX|Reflect\n|move|p1a: Arcanine|Flare Blitz|p2a: Grimmsnarl\n|-damage|p2a: Grimmsnarl|44\/100\n|\n|upkeep\n|turn|15\n|\n|t:|1699903424\n|move|p1a: Arcanine|Flare Blitz|p2a: Grimmsnarl\n|-damage|p2a: Grimmsnarl|0 fnt\n|faint|p2a: Grimmsnarl\n|\n|upkeep\n|\n|t:|1699903430\n|switch|p2a: Dragonite|Dragonite, M, tera:Normal|100\/100\n|turn|16\n|\n|t:|1699903434\n|move|p1a: Arcanine|Flare Blitz|p2a: Dragonite\n|-damage|p2a: Dragonite|79\/100\n|-status|p2a: Dragonite|brn\n|move|p2a: Dragonite|Dragon Dance|p2a: Dragonite\n|-boost|p2a: Dragonite|atk|1\n|-boost|p2a: Dragonite|spe|1\n|\n|-damage|p2a: Dragonite|72\/100 brn|[from] brn\n|upkeep\n|turn|17\n|\n|t:|1699903444\n|move|p2a: Dragonite|Dragon Dance|p2a: Dragonite\n|-boost|p2a: Dragonite|atk|1\n|-boost|p2a: Dragonite|spe|1\n|move|p1a: Arcanine|Flare Blitz|p2a: Dragonite\n|-damage|p2a: Dragonite|24\/100 brn\n|\n|-damage|p2a: Dragonite|18\/100 brn|[from] brn\n|upkeep\n|turn|18\n|\n|t:|1699903453\n|move|p2a: Dragonite|Extreme Speed|p1a: Arcanine\n|-resisted|p1a: Arcanine\n|-damage|p1a: Arcanine|72\/100\n|move|p1a: Arcanine|Flare Blitz|p2a: Dragonite\n|-damage|p2a: Dragonite|0 fnt\n|faint|p2a: Dragonite\n|\n|upkeep\n|\n|t:|1699903457\n|switch|p2a: Great Tusk|Great Tusk|100\/100\n|-enditem|p2a: Great Tusk|Booster Energy\n|-activate|p2a: Great Tusk|ability: Protosynthesis|[fromitem]\n|-start|p2a: Great Tusk|protosynthesisspe\n|turn|19\n|\n|t:|1699903474\n|move|p2a: Great Tusk|Stealth Rock|p1a: Arcanine\n|-sidestart|p1: Solution 77|move: Stealth Rock\n|move|p1a: Arcanine|Flare Blitz|p2a: Great Tusk\n|-crit|p2a: Great Tusk\n|-damage|p2a: Great Tusk|23\/100\n|-status|p2a: Great Tusk|brn\n|\n|-damage|p2a: Great Tusk|17\/100 brn|[from] brn\n|upkeep\n|turn|20\n|\n|t:|1699903483\n|move|p2a: Great Tusk|Headlong Rush|p1a: Arcanine\n|-supereffective|p1a: Arcanine\n|-damage|p1a: Arcanine|0 fnt\n|-unboost|p2a: Great Tusk|def|1\n|-unboost|p2a: Great Tusk|spd|1\n|faint|p1a: Arcanine\n|\n|-damage|p2a: Great Tusk|11\/100 brn|[from] brn\n|-sideend|p2: VayzzVFX|move: Light Screen\n|upkeep\n|c|\u2606VayzzVFX|TWO FUCKING BURNS\n|n|\u203dVayzzVFX|vayzzvfx\n|c|&|\/log VayzzVFX was locked from talking by Artemis. (\u2606VayzzVFX: TWO FUCKING BURNS)\n|c|&|\/raw <small>This action was done automatically. Want to learn more about the AI? <a href=\"https:\/\/www.smogon.com\/forums\/threads\/3570628\/#post-9056769\">Visit the information thread<\/a>.<\/small>\n|\n|t:|1699903496\n|switch|p1a: Ambipom|Ambipom, M|100\/100\n|-damage|p1a: Ambipom|88\/100|[from] Stealth Rock\n|turn|21\n|\n|t:|1699903505\n|move|p1a: Ambipom|Hyper Voice|p2a: Great Tusk\n|-damage|p2a: Great Tusk|0 fnt\n|faint|p2a: Great Tusk\n|-end|p2a: Great Tusk|Protosynthesis|[silent]\n|\n|-sideend|p2: VayzzVFX|Reflect\n|upkeep\n|\n|t:|1699903509\n|switch|p2a: Rillaboom|Rillaboom, F|100\/100\n|-fieldstart|move: Grassy Terrain|[from] ability: Grassy Surge|[of] p2a: Rillaboom\n|turn|22\n|\n|t:|1699903518\n|switch|p1a: Glimmora|Glimmora, F|100\/100\n|-damage|p1a: Glimmora|88\/100|[from] Stealth Rock\n|move|p2a: Rillaboom|Swords Dance|p2a: Rillaboom\n|-boost|p2a: Rillaboom|atk|2\n|\n|-heal|p1a: Glimmora|94\/100|[from] Grassy Terrain\n|upkeep\n|turn|23\n|\n|t:|1699903532\n|move|p2a: Rillaboom|Wood Hammer|p1a: Glimmora\n|-damage|p1a: Glimmora|0 fnt\n|-activate|p1a: Glimmora|ability: Toxic Debris\n|-sidestart|p2: VayzzVFX|move: Toxic Spikes\n|faint|p1a: Glimmora\n|-damage|p2a: Rillaboom|73\/100|[from] Recoil\n|-damage|p2a: Rillaboom|63\/100|[from] item: Life Orb\n|\n|-heal|p2a: Rillaboom|69\/100|[from] Grassy Terrain\n|upkeep\n|\n|t:|1699903543\n|switch|p1a: Ambipom|Ambipom, M|100\/100\n|-damage|p1a: Ambipom|88\/100|[from] Stealth Rock\n|turn|24\n|\n|t:|1699903549\n|move|p1a: Ambipom|Fake Out|p2a: Rillaboom\n|-damage|p2a: Rillaboom|35\/100\n|cant|p2a: Rillaboom|flinch\n|\n|-heal|p1a: Ambipom|94\/100|[from] Grassy Terrain\n|-heal|p2a: Rillaboom|41\/100|[from] Grassy Terrain\n|upkeep\n|turn|25\n|\n|t:|1699903558\n|move|p2a: Rillaboom|Grassy Glide|p1a: Ambipom\n|-damage|p1a: Ambipom|0 fnt\n|faint|p1a: Ambipom\n|-damage|p2a: Rillaboom|31\/100|[from] item: Life Orb\n|\n|-heal|p2a: Rillaboom|37\/100|[from] Grassy Terrain\n|upkeep\n|\n|t:|1699903567\n|switch|p1a: Okidogi|Okidogi, M|100\/100\n|-damage|p1a: Okidogi|95\/100|[from] Stealth Rock\n|turn|26\n|\n|t:|1699903574\n|move|p2a: Rillaboom|Grassy Glide|p1a: Okidogi\n|-resisted|p1a: Okidogi\n|-damage|p1a: Okidogi|53\/100\n|-damage|p2a: Rillaboom|27\/100|[from] item: Life Orb\n|move|p1a: Okidogi|Poison Jab|p2a: Rillaboom\n|-supereffective|p2a: Rillaboom\n|-damage|p2a: Rillaboom|0 fnt\n|faint|p2a: Rillaboom\n|\n|-heal|p1a: Okidogi|59\/100|[from] Grassy Terrain\n|-fieldend|move: Grassy Terrain\n|upkeep\n|\n|t:|1699903579\n|switch|p2a: Gholdengo|Gholdengo|75\/100\n|turn|27\n|-message|VayzzVFX forfeited.\n|\n|win|Solution 77\n|raw|Solution 77's rating: 1092 &rarr; <strong>1124<\/strong><br \/>(+32 for winning)\n|raw|VayzzVFX's rating: 1164 &rarr; <strong>1134<\/strong><br \/>(-30 for losing)\n|l|\u203dVayzzVFX\n","uploadtime":1699903495,"views":10,"p1id":"solution77","p2id":"vayzzvfx","formatid":"gen9ou","rating":1124,"private":0,"password":""}