{"id":"gen9ou-1992796263","p1":"FortunesCrimson","p2":"SnoozSeal","format":"[Gen 9] OU","log":"|j|\u2606FortunesCrimson\n|j|\u2606SnoozSeal\n|t:|1700236197\n|gametype|singles\n|player|p1|FortunesCrimson|wallace|1264\n|player|p2|SnoozSeal|larry|1271\n|teamsize|p1|6\n|teamsize|p2|6\n|gen|9\n|tier|[Gen 9] OU\n|rated|\n|rule|Sleep Clause Mod: Limit one foe put to sleep\n|rule|Species Clause: Limit one of each Pok\u00e9mon\n|rule|OHKO Clause: OHKO moves are banned\n|rule|Evasion Items Clause: Evasion items are banned\n|rule|Evasion Moves Clause: Evasion moves are banned\n|rule|Endless Battle Clause: Forcing endless battles is banned\n|rule|HP Percentage Mod: HP is shown in percentages\n|clearpoke\n|poke|p1|Arcanine-Hisui, M|\n|poke|p1|Gengar, M|\n|poke|p1|Zamazenta-*|\n|poke|p1|Sneasler, M|\n|poke|p1|Iron Valiant|\n|poke|p1|Amoonguss, M|\n|poke|p2|Slowking-Galar, F|\n|poke|p2|Great Tusk|\n|poke|p2|Ribombee, F|\n|poke|p2|Gholdengo|\n|poke|p2|Dragapult, F|\n|poke|p2|Landorus-Therian, M|\n|teampreview\n|inactive|Battle timer is ON: inactive players will automatically lose when time's up. (requested by SnoozSeal)\n|inactive|FortunesCrimson also wants the timer to be on.\n|\n|t:|1700236224\n|start\n|switch|p1a: Gengar|Gengar, M, shiny|100\/100\n|switch|p2a: oh hi mark|Ribombee, F|100\/100\n|turn|1\n|\n|t:|1700236246\n|move|p2a: oh hi mark|Tailwind|p2a: oh hi mark\n|-sidestart|p2: SnoozSeal|move: Tailwind\n|move|p1a: Gengar|Substitute|p1a: Gengar\n|-start|p1a: Gengar|Substitute\n|-damage|p1a: Gengar|76\/100\n|\n|-heal|p1a: Gengar|82\/100|[from] item: Black Sludge\n|upkeep\n|turn|2\n|\n|t:|1700236254\n|move|p2a: oh hi mark|Sticky Web|p1a: Gengar\n|-sidestart|p1: FortunesCrimson|move: Sticky Web\n|move|p1a: Gengar|Sludge Bomb|p2a: oh hi mark\n|-supereffective|p2a: oh hi mark\n|-enditem|p2a: oh hi mark|Focus Sash\n|-damage|p2a: oh hi mark|1\/100\n|\n|-heal|p1a: Gengar|88\/100|[from] item: Black Sludge\n|upkeep\n|turn|3\n|\n|t:|1700236258\n|move|p2a: oh hi mark|Moonblast|p1a: Gengar\n|-resisted|p1a: Gengar\n|-end|p1a: Gengar|Substitute\n|move|p1a: Gengar|Sludge Bomb|p2a: oh hi mark\n|-supereffective|p2a: oh hi mark\n|-damage|p2a: oh hi mark|0 fnt\n|faint|p2a: oh hi mark\n|\n|-heal|p1a: Gengar|94\/100|[from] item: Black Sludge\n|upkeep\n|\n|t:|1700236262\n|switch|p2a: yeetus deletus|Dragapult, F, shiny|100\/100\n|turn|4\n|\n|t:|1700236268\n|move|p2a: yeetus deletus|Shadow Ball|p1a: Gengar\n|-supereffective|p1a: Gengar\n|-damage|p1a: Gengar|0 fnt\n|faint|p1a: Gengar\n|\n|-sideend|p2: SnoozSeal|move: Tailwind\n|upkeep\n|\n|t:|1700236294\n|switch|p1a: Sneasler|Sneasler, M, shiny|100\/100\n|-activate|p1a: Sneasler|move: Sticky Web\n|-unboost|p1a: Sneasler|spe|1\n|-enditem|p1a: Sneasler|White Herb\n|-clearnegativeboost|p1a: Sneasler|[silent]\n|turn|5\n|\n|t:|1700236299\n|switch|p2a: Great Tusk|Great Tusk|100\/100\n|move|p1a: Sneasler|Night Slash|p2a: Great Tusk\n|-resisted|p2a: Great Tusk\n|-damage|p2a: Great Tusk|94\/100\n|\n|-heal|p2a: Great Tusk|99\/100|[from] item: Leftovers\n|upkeep\n|turn|6\n|\n|t:|1700236306\n|move|p1a: Sneasler|Acrobatics|p2a: Great Tusk\n|-supereffective|p2a: Great Tusk\n|-damage|p2a: Great Tusk|63\/100\n|move|p2a: Great Tusk|Earthquake|p1a: Sneasler\n|-supereffective|p1a: Sneasler\n|-damage|p1a: Sneasler|0 fnt\n|faint|p1a: Sneasler\n|\n|-heal|p2a: Great Tusk|70\/100|[from] item: Leftovers\n|upkeep\n|\n|t:|1700236309\n|switch|p1a: Zamazenta|Zamazenta, shiny|100\/100\n|-activate|p1a: Zamazenta|move: Sticky Web\n|-unboost|p1a: Zamazenta|spe|1\n|-ability|p1a: Zamazenta|Dauntless Shield|boost\n|-boost|p1a: Zamazenta|def|1\n|turn|7\n|\n|t:|1700236313\n|-end|p2a: Great Tusk|Protosynthesis|[silent]\n|switch|p2a: Landorus|Landorus-Therian, M|100\/100\n|-ability|p2a: Landorus|Intimidate|boost\n|-unboost|p1a: Zamazenta|atk|1\n|move|p1a: Zamazenta|Iron Defense|p1a: Zamazenta\n|-boost|p1a: Zamazenta|def|2\n|\n|upkeep\n|turn|8\n|inactive|FortunesCrimson has 120 seconds left.\n|inactive|FortunesCrimson has 90 seconds left.\n|\n|t:|1700236385\n|move|p2a: Landorus|Sandsear Storm|p1a: Zamazenta\n|-damage|p1a: Zamazenta|44\/100\n|move|p1a: Zamazenta|Body Press|p2a: Landorus\n|-resisted|p2a: Landorus\n|-damage|p2a: Landorus|54\/100\n|\n|-heal|p1a: Zamazenta|51\/100|[from] item: Leftovers\n|upkeep\n|turn|9\n|\n|t:|1700236405\n|move|p2a: Landorus|Sandsear Storm|p1a: Zamazenta\n|-damage|p1a: Zamazenta|0 fnt\n|faint|p1a: Zamazenta\n|\n|upkeep\n|inactive|FortunesCrimson has 90 seconds left.\n|\n|t:|1700236416\n|switch|p1a: Arcanine|Arcanine-Hisui, M, shiny|100\/100\n|turn|10\n|\n|t:|1700236419\n|move|p2a: Landorus|Sandsear Storm|p1a: Arcanine\n|-supereffective|p1a: Arcanine\n|-damage|p1a: Arcanine|0 fnt\n|faint|p1a: Arcanine\n|\n|upkeep\n|-message|FortunesCrimson forfeited.\n|\n|win|SnoozSeal\n|raw|FortunesCrimson's rating: 1264 &rarr; <strong>1240<\/strong><br \/>(-24 for losing)\n|raw|SnoozSeal's rating: 1271 &rarr; <strong>1295<\/strong><br \/>(+24 for winning)\n|l|\u2606FortunesCrimson\n","uploadtime":1700236428,"views":10,"p1id":"fortunescrimson","p2id":"snoozseal","formatid":"gen9ou","rating":1240,"private":0,"password":""}