{"id":"gen9ou-1994241876","p1":"poupinet","p2":"Theimpactassault","format":"[Gen 9] OU","log":"|j|\u2606poupinet\n|j|\u2606Theimpactassault\n|t:|1700422569\n|gametype|singles\n|player|p1|poupinet|1|1388\n|player|p2|Theimpactassault|hilda|1420\n|teamsize|p1|6\n|teamsize|p2|6\n|gen|9\n|tier|[Gen 9] OU\n|rated|\n|rule|Sleep Clause Mod: Limit one foe put to sleep\n|rule|Species Clause: Limit one of each Pok\u00e9mon\n|rule|OHKO Clause: OHKO moves are banned\n|rule|Evasion Items Clause: Evasion items are banned\n|rule|Evasion Moves Clause: Evasion moves are banned\n|rule|Endless Battle Clause: Forcing endless battles is banned\n|rule|HP Percentage Mod: HP is shown in percentages\n|clearpoke\n|poke|p1|Kingambit, M|\n|poke|p1|Great Tusk|\n|poke|p1|Dragapult, M|\n|poke|p1|Ogerpon-Wellspring, F|\n|poke|p1|Blissey, F|\n|poke|p1|Zapdos|\n|poke|p2|Samurott-Hisui, M|\n|poke|p2|Arcanine-Hisui, M|\n|poke|p2|Corviknight, F|\n|poke|p2|Clodsire, M|\n|poke|p2|Forretress, F|\n|poke|p2|Meowscarada, F|\n|teampreview\n|\n|t:|1700422579\n|start\n|switch|p1a: Zapdos|Zapdos|100\/100\n|switch|p2a: Meowscarada|Meowscarada, F|100\/100\n|turn|1\n|\n|t:|1700422585\n|switch|p2a: Clodsire|Clodsire, M|100\/100\n|move|p1a: Zapdos|Hurricane|p2a: Clodsire\n|-damage|p2a: Clodsire|76\/100\n|\n|-heal|p2a: Clodsire|82\/100|[from] item: Black Sludge\n|upkeep\n|turn|2\n|\n|t:|1700422597\n|switch|p1a: Great Tusk|Great Tusk|100\/100\n|move|p2a: Clodsire|Toxic|p1a: Great Tusk\n|-status|p1a: Great Tusk|tox\n|\n|-heal|p2a: Clodsire|88\/100|[from] item: Black Sludge\n|-damage|p1a: Great Tusk|94\/100 tox|[from] psn\n|upkeep\n|turn|3\n|\n|t:|1700422606\n|switch|p2a: Forretress|Forretress, F|100\/100\n|move|p1a: Great Tusk|Knock Off|p2a: Forretress\n|-damage|p2a: Forretress|80\/100\n|-enditem|p2a: Forretress|Heavy-Duty Boots|[from] move: Knock Off|[of] p1a: Great Tusk\n|\n|-damage|p1a: Great Tusk|82\/100 tox|[from] psn\n|upkeep\n|turn|4\n|\n|t:|1700422616\n|-end|p1a: Great Tusk|Protosynthesis|[silent]\n|switch|p1a: Zapdos|Zapdos|100\/100\n|move|p2a: Forretress|Stealth Rock|p1a: Zapdos\n|-sidestart|p1: poupinet|move: Stealth Rock\n|\n|upkeep\n|turn|5\n|\n|t:|1700422623\n|switch|p2a: Clodsire|Clodsire, M|88\/100\n|move|p1a: Zapdos|Heat Wave|p2a: Clodsire\n|-damage|p2a: Clodsire|75\/100\n|\n|-heal|p2a: Clodsire|81\/100|[from] item: Black Sludge\n|upkeep\n|turn|6\n|\n|t:|1700422628\n|switch|p1a: Great Tusk|Great Tusk|82\/100 tox\n|-damage|p1a: Great Tusk|79\/100 tox|[from] Stealth Rock\n|move|p2a: Clodsire|Toxic|p1a: Great Tusk\n|-fail|p1a: Great Tusk|tox\n|\n|-heal|p2a: Clodsire|87\/100|[from] item: Black Sludge\n|-damage|p1a: Great Tusk|73\/100 tox|[from] psn\n|upkeep\n|turn|7\n|\n|t:|1700422636\n|move|p1a: Great Tusk|Rapid Spin|p2a: Clodsire\n|-damage|p2a: Clodsire|67\/100\n|-boost|p1a: Great Tusk|spe|1\n|-sideend|p1: poupinet|Stealth Rock|[from] move: Rapid Spin|[of] p1a: Great Tusk\n|move|p2a: Clodsire|Earthquake|p1a: Great Tusk\n|-damage|p1a: Great Tusk|54\/100 tox\n|\n|-heal|p2a: Clodsire|73\/100|[from] item: Black Sludge\n|-damage|p1a: Great Tusk|42\/100 tox|[from] psn\n|upkeep\n|turn|8\n|\n|t:|1700422647\n|-end|p1a: Great Tusk|Protosynthesis|[silent]\n|switch|p1a: Dragapult|Dragapult, M|100\/100\n|move|p2a: Clodsire|Protect||[still]\n|-fail|p2a: Clodsire\n|\n|-heal|p2a: Clodsire|80\/100|[from] item: Black Sludge\n|upkeep\n|turn|9\n|\n|t:|1700422652\n|move|p1a: Dragapult|Draco Meteor|p2a: Clodsire\n|-damage|p2a: Clodsire|36\/100\n|-unboost|p1a: Dragapult|spa|2\n|move|p2a: Clodsire|Toxic|p1a: Dragapult\n|-status|p1a: Dragapult|tox\n|\n|-heal|p2a: Clodsire|43\/100|[from] item: Black Sludge\n|-damage|p1a: Dragapult|95\/100 tox|[from] psn\n|upkeep\n|turn|10\n|\n|t:|1700422659\n|switch|p1a: Kingambit|Kingambit, M|100\/100\n|move|p2a: Clodsire|Recover|p2a: Clodsire\n|-heal|p2a: Clodsire|93\/100\n|\n|-heal|p2a: Clodsire|99\/100|[from] item: Black Sludge\n|upkeep\n|turn|11\n|inactive|Battle timer is ON: inactive players will automatically lose when time's up. (requested by Theimpactassault)\n|\n|t:|1700422674\n|switch|p2a: Corviknight|Corviknight, F|100\/100\n|-ability|p2a: Corviknight|Pressure\n|move|p1a: Kingambit|Iron Head|p2a: Corviknight\n|-resisted|p2a: Corviknight\n|-damage|p2a: Corviknight|79\/100\n|\n|-heal|p2a: Corviknight|85\/100|[from] item: Leftovers\n|upkeep\n|turn|12\n|\n|t:|1700422679\n|-end|p1a: Kingambit|fallenundefined|[silent]\n|switch|p1a: Zapdos|Zapdos|100\/100\n|move|p2a: Corviknight|Body Press|p1a: Zapdos\n|-resisted|p1a: Zapdos\n|-damage|p1a: Zapdos|91\/100\n|\n|-heal|p2a: Corviknight|91\/100|[from] item: Leftovers\n|upkeep\n|turn|13\n|\n|t:|1700422684\n|switch|p1a: Kingambit|Kingambit, M|100\/100\n|switch|p2a: Clodsire|Clodsire, M|99\/100\n|\n|-heal|p2a: Clodsire|100\/100|[from] item: Black Sludge\n|upkeep\n|turn|14\n|\n|t:|1700422687\n|move|p1a: Kingambit|Kowtow Cleave|p2a: Clodsire\n|-damage|p2a: Clodsire|15\/100\n|move|p2a: Clodsire|Earthquake|p1a: Kingambit\n|-supereffective|p1a: Kingambit\n|-damage|p1a: Kingambit|62\/100\n|\n|-heal|p2a: Clodsire|21\/100|[from] item: Black Sludge\n|upkeep\n|turn|15\n|\n|t:|1700422697\n|move|p2a: Clodsire|Protect|p2a: Clodsire\n|-singleturn|p2a: Clodsire|Protect\n|move|p1a: Kingambit|Kowtow Cleave|p2a: Clodsire\n|-activate|p2a: Clodsire|move: Protect\n|\n|-heal|p2a: Clodsire|27\/100|[from] item: Black Sludge\n|upkeep\n|turn|16\n|\n|t:|1700422703\n|switch|p2a: Samurott|Samurott-Hisui, M, shiny|100\/100\n|move|p1a: Kingambit|Kowtow Cleave|p2a: Samurott\n|-resisted|p2a: Samurott\n|-damage|p2a: Samurott|51\/100\n|\n|-heal|p2a: Samurott|57\/100|[from] item: Leftovers\n|upkeep\n|turn|17\n|\n|t:|1700422711\n|-end|p1a: Kingambit|fallenundefined|[silent]\n|switch|p1a: Dragapult|Dragapult, M|95\/100 tox\n|move|p2a: Samurott|Ceaseless Edge|p1a: Dragapult\n|-supereffective|p1a: Dragapult\n|-damage|p1a: Dragapult|0 fnt\n|-sidestart|p1: poupinet|Spikes\n|faint|p1a: Dragapult\n|\n|-heal|p2a: Samurott|63\/100|[from] item: Leftovers\n|upkeep\n|\n|t:|1700422715\n|switch|p1a: Zapdos|Zapdos|91\/100\n|turn|18\n|\n|t:|1700422720\n|switch|p2a: Arcanine|Arcanine-Hisui, M|100\/100\n|move|p1a: Zapdos|Hurricane|p2a: Arcanine|[miss]\n|-miss|p1a: Zapdos|p2a: Arcanine\n|\n|upkeep\n|turn|19\n|\n|t:|1700422725\n|switch|p1a: Great Tusk|Great Tusk|42\/100 tox\n|-damage|p1a: Great Tusk|30\/100 tox|[from] Spikes\n|move|p2a: Arcanine|Head Smash|p1a: Great Tusk\n|-resisted|p1a: Great Tusk\n|-damage|p1a: Great Tusk|16\/100 tox\n|\n|-damage|p1a: Great Tusk|10\/100 tox|[from] psn\n|upkeep\n|turn|20\n|\n|t:|1700422730\n|move|p2a: Arcanine|Head Smash|p1a: Great Tusk\n|-resisted|p1a: Great Tusk\n|-damage|p1a: Great Tusk|0 fnt\n|faint|p1a: Great Tusk\n|-end|p1a: Great Tusk|Protosynthesis|[silent]\n|\n|upkeep\n|\n|t:|1700422734\n|switch|p1a: Ogerpon|Ogerpon-Wellspring, F|100\/100\n|-damage|p1a: Ogerpon|88\/100|[from] Spikes\n|turn|21\n|\n|t:|1700422737\n|move|p2a: Arcanine|Head Smash|p1a: Ogerpon\n|-damage|p1a: Ogerpon|0 fnt\n|faint|p1a: Ogerpon\n|\n|upkeep\n|\n|t:|1700422748\n|switch|p1a: Blissey|Blissey, F|100\/100\n|turn|22\n|\n|t:|1700422750\n|move|p2a: Arcanine|Head Smash|p1a: Blissey\n|-crit|p1a: Blissey\n|-damage|p1a: Blissey|0 fnt\n|faint|p1a: Blissey\n|\n|upkeep\n|\n|t:|1700422752\n|switch|p1a: Kingambit|Kingambit, M|62\/100\n|-damage|p1a: Kingambit|50\/100|[from] Spikes\n|-activate|p1a: Kingambit|ability: Supreme Overlord\n|-start|p1a: Kingambit|fallen4|[silent]\n|turn|23\n|\n|t:|1700422758\n|switch|p2a: Clodsire|Clodsire, M|27\/100\n|move|p1a: Kingambit|Sucker Punch||[still]\n|-fail|p1a: Kingambit\n|\n|-heal|p2a: Clodsire|33\/100|[from] item: Black Sludge\n|upkeep\n|turn|24\n|\n|t:|1700422762\n|-end|p1a: Kingambit|fallen4|[silent]\n|switch|p1a: Zapdos|Zapdos|91\/100\n|move|p2a: Clodsire|Recover|p2a: Clodsire\n|-heal|p2a: Clodsire|83\/100\n|\n|-heal|p2a: Clodsire|90\/100|[from] item: Black Sludge\n|upkeep\n|turn|25\n|-message|poupinet forfeited.\n|\n|win|Theimpactassault\n|raw|poupinet's rating: 1388 &rarr; <strong>1370<\/strong><br \/>(-18 for losing)\n|raw|Theimpactassault's rating: 1420 &rarr; <strong>1438<\/strong><br \/>(+18 for winning)\n|l|\u2606poupinet\n","uploadtime":1700422774,"views":13,"p1id":"poupinet","p2id":"theimpactassault","formatid":"gen9ou","rating":1370,"private":0,"password":""}