{"id":"gen9ou-1991405628","p1":"RSDPM","p2":"DumbOnPurpose","format":"[Gen 9] OU","log":"|j|\u2606RSDPM\n|j|\u2606DumbOnPurpose\n|t:|1700074375\n|gametype|singles\n|player|p1|RSDPM|riley|1245\n|player|p2|DumbOnPurpose|carmine-festival|1329\n|teamsize|p1|6\n|teamsize|p2|6\n|gen|9\n|tier|[Gen 9] OU\n|rated|\n|rule|Sleep Clause Mod: Limit one foe put to sleep\n|rule|Species Clause: Limit one of each Pok\u00e9mon\n|rule|OHKO Clause: OHKO moves are banned\n|rule|Evasion Items Clause: Evasion items are banned\n|rule|Evasion Moves Clause: Evasion moves are banned\n|rule|Endless Battle Clause: Forcing endless battles is banned\n|rule|HP Percentage Mod: HP is shown in percentages\n|clearpoke\n|poke|p1|Wyrdeer, M|\n|poke|p1|Kleavor, F|\n|poke|p1|Ursaluna, M|\n|poke|p1|Basculegion-F, F|\n|poke|p1|Sneasler, M|\n|poke|p1|Overqwil, F|\n|poke|p2|Snorlax, M|\n|poke|p2|Iron Valiant|\n|poke|p2|Rillaboom, M|\n|poke|p2|Heatran, F|\n|poke|p2|Cinderace, M|\n|poke|p2|Great Tusk|\n|teampreview\n|inactive|Battle timer is ON: inactive players will automatically lose when time's up. (requested by DumbOnPurpose)\n|\n|t:|1700074383\n|start\n|switch|p1a: Wyrdeer|Wyrdeer, M|100\/100\n|switch|p2a: Rillaboom|Rillaboom, M|100\/100\n|-fieldstart|move: Grassy Terrain|[from] ability: Grassy Surge|[of] p2a: Rillaboom\n|turn|1\n|\n|t:|1700074388\n|move|p2a: Rillaboom|Knock Off|p1a: Wyrdeer\n|-supereffective|p1a: Wyrdeer\n|-damage|p1a: Wyrdeer|16\/100\n|-enditem|p1a: Wyrdeer|Weakness Policy\n|-boost|p1a: Wyrdeer|atk|2|[from] item: Weakness Policy\n|-boost|p1a: Wyrdeer|spa|2|[from] item: Weakness Policy\n|move|p1a: Wyrdeer|Agility|p1a: Wyrdeer\n|-boost|p1a: Wyrdeer|spe|2\n|\n|-heal|p1a: Wyrdeer|22\/100|[from] Grassy Terrain\n|upkeep\n|turn|2\n|\n|t:|1700074400\n|move|p1a: Wyrdeer|Agility|p1a: Wyrdeer\n|-boost|p1a: Wyrdeer|spe|2\n|move|p2a: Rillaboom|Knock Off|p1a: Wyrdeer\n|-supereffective|p1a: Wyrdeer\n|-damage|p1a: Wyrdeer|0 fnt\n|faint|p1a: Wyrdeer\n|\n|upkeep\n|\n|t:|1700074413\n|switch|p1a: Overqwil|Overqwil, F|100\/100\n|-ability|p1a: Overqwil|Intimidate|boost\n|-unboost|p2a: Rillaboom|atk|1\n|turn|3\n|\n|t:|1700074418\n|switch|p2a: Great Tusk|Great Tusk|100\/100\n|-enditem|p2a: Great Tusk|Booster Energy\n|-activate|p2a: Great Tusk|ability: Protosynthesis|[fromitem]\n|-start|p2a: Great Tusk|protosynthesisatk\n|move|p1a: Overqwil|Toxic|p2a: Great Tusk\n|-status|p2a: Great Tusk|tox\n|\n|-damage|p2a: Great Tusk|94\/100 tox|[from] psn\n|upkeep\n|turn|4\n|\n|t:|1700074428\n|move|p1a: Overqwil|Protect|p1a: Overqwil\n|-singleturn|p1a: Overqwil|Protect\n|move|p2a: Great Tusk|Headlong Rush|p1a: Overqwil\n|-activate|p1a: Overqwil|move: Protect\n|\n|-heal|p2a: Great Tusk|100\/100 tox|[from] Grassy Terrain\n|-damage|p2a: Great Tusk|88\/100 tox|[from] psn\n|upkeep\n|turn|5\n|\n|t:|1700074432\n|move|p2a: Great Tusk|Headlong Rush|p1a: Overqwil\n|-supereffective|p1a: Overqwil\n|-damage|p1a: Overqwil|0 fnt\n|-unboost|p2a: Great Tusk|def|1\n|-unboost|p2a: Great Tusk|spd|1\n|faint|p1a: Overqwil\n|\n|-heal|p2a: Great Tusk|94\/100 tox|[from] Grassy Terrain\n|-damage|p2a: Great Tusk|76\/100 tox|[from] psn\n|-fieldend|move: Grassy Terrain\n|upkeep\n|\n|t:|1700074443\n|switch|p1a: Sneasler|Sneasler, M|100\/100\n|turn|6\n|\n|t:|1700074448\n|-terastallize|p1a: Sneasler|Flying\n|move|p1a: Sneasler|Bulk Up|p1a: Sneasler\n|-boost|p1a: Sneasler|atk|1\n|-boost|p1a: Sneasler|def|1\n|move|p2a: Great Tusk|Headlong Rush|p1a: Sneasler\n|-immune|p1a: Sneasler\n|\n|-damage|p2a: Great Tusk|51\/100 tox|[from] psn\n|upkeep\n|turn|7\n|\n|t:|1700074458\n|move|p1a: Sneasler|Acrobatics|p2a: Great Tusk\n|-supereffective|p2a: Great Tusk\n|-damage|p2a: Great Tusk|0 fnt\n|faint|p2a: Great Tusk\n|-end|p2a: Great Tusk|Protosynthesis|[silent]\n|\n|upkeep\n|\n|t:|1700074468\n|switch|p2a: Iron Valiant|Iron Valiant, shiny|100\/100\n|-enditem|p2a: Iron Valiant|Booster Energy\n|-activate|p2a: Iron Valiant|ability: Quark Drive|[fromitem]\n|-start|p2a: Iron Valiant|quarkdrivespe\n|turn|8\n|inactive|DumbOnPurpose has 120 seconds left.\n|\n|t:|1700074506\n|move|p2a: Iron Valiant|Thunderbolt|p1a: Sneasler\n|-supereffective|p1a: Sneasler\n|-damage|p1a: Sneasler|13\/100\n|-status|p1a: Sneasler|par\n|-enditem|p1a: Sneasler|Red Card|[of] p2a: Iron Valiant\n|-end|p2a: Iron Valiant|Quark Drive|[silent]\n|drag|p2a: Snorlax|Snorlax, M|100\/100\n|move|p1a: Sneasler|Bulk Up|p1a: Sneasler\n|-boost|p1a: Sneasler|atk|1\n|-boost|p1a: Sneasler|def|1\n|\n|upkeep\n|turn|9\n|inactive|DumbOnPurpose has 120 seconds left.\n|\n|t:|1700074517\n|switch|p2a: Iron Valiant|Iron Valiant, shiny|100\/100\n|cant|p1a: Sneasler|par\n|\n|upkeep\n|turn|10\n|\n|t:|1700074523\n|move|p1a: Sneasler|Dire Claw|p2a: Iron Valiant\n|-supereffective|p2a: Iron Valiant\n|-damage|p2a: Iron Valiant|0 fnt\n|faint|p2a: Iron Valiant\n|-end|p2a: Iron Valiant|Quark Drive|[silent]\n|\n|upkeep\n|\n|t:|1700074529\n|switch|p2a: Rillaboom|Rillaboom, M|100\/100\n|-fieldstart|move: Grassy Terrain|[from] ability: Grassy Surge|[of] p2a: Rillaboom\n|turn|11\n|\n|t:|1700074537\n|-terastallize|p2a: Rillaboom|Grass\n|move|p2a: Rillaboom|Grassy Glide|p1a: Sneasler\n|-resisted|p1a: Sneasler\n|-damage|p1a: Sneasler|0 fnt\n|faint|p1a: Sneasler\n|\n|upkeep\n|\n|t:|1700074543\n|switch|p1a: Kleavor|Kleavor, F|100\/100\n|turn|12\n|\n|t:|1700074552\n|move|p2a: Rillaboom|Grassy Glide|p1a: Kleavor\n|-damage|p1a: Kleavor|34\/100\n|move|p1a: Kleavor|Stone Axe|p2a: Rillaboom\n|-damage|p2a: Rillaboom|45\/100\n|-sidestart|p2: DumbOnPurpose|move: Stealth Rock\n|\n|-heal|p1a: Kleavor|40\/100|[from] Grassy Terrain\n|-heal|p2a: Rillaboom|51\/100|[from] Grassy Terrain\n|upkeep\n|turn|13\n|\n|t:|1700074559\n|move|p2a: Rillaboom|Grassy Glide|p1a: Kleavor\n|-damage|p1a: Kleavor|0 fnt\n|faint|p1a: Kleavor\n|\n|-heal|p2a: Rillaboom|57\/100|[from] Grassy Terrain\n|upkeep\n|\n|t:|1700074562\n|switch|p1a: Ursaluna|Ursaluna, M|100\/100\n|turn|14\n|\n|t:|1700074566\n|move|p2a: Rillaboom|Grassy Glide|p1a: Ursaluna\n|-supereffective|p1a: Ursaluna\n|-damage|p1a: Ursaluna|34\/100\n|move|p1a: Ursaluna|Avalanche|p2a: Rillaboom\n|-supereffective|p2a: Rillaboom\n|-damage|p2a: Rillaboom|0 fnt\n|faint|p2a: Rillaboom\n|\n|-heal|p1a: Ursaluna|40\/100|[from] Grassy Terrain\n|-status|p1a: Ursaluna|brn|[from] item: Flame Orb\n|upkeep\n|\n|t:|1700074571\n|switch|p2a: Cinderace|Cinderace, M, shiny|100\/100\n|turn|15\n|\n|t:|1700074578\n|switch|p1a: Basculegion|Basculegion-F, F|100\/100\n|move|p2a: Cinderace|High Jump Kick|p1a: Basculegion\n|-start|p2a: Cinderace|typechange|Fighting|[from] ability: Libero\n|-immune|p1a: Basculegion\n|-damage|p2a: Cinderace|51\/100|[from] highjumpkick\n|\n|-heal|p2a: Cinderace|57\/100|[from] Grassy Terrain\n|-fieldend|move: Grassy Terrain\n|upkeep\n|turn|16\n|\n|t:|1700074590\n|move|p2a: Cinderace|Court Change|p2a: Cinderace\n|-swapsideconditions\n|-activate|p2a: Cinderace|move: Court Change\n|move|p1a: Basculegion|Surf|p2a: Cinderace\n|-crit|p2a: Cinderace\n|-damage|p2a: Cinderace|0 fnt\n|faint|p2a: Cinderace\n|-damage|p1a: Basculegion|91\/100|[from] item: Life Orb\n|\n|upkeep\n|\n|t:|1700074594\n|switch|p2a: Snorlax|Snorlax, M|100\/100\n|turn|17\n|\n|t:|1700074602\n|move|p1a: Basculegion|Surf|p2a: Snorlax\n|-damage|p2a: Snorlax|69\/100\n|-damage|p1a: Basculegion|81\/100|[from] item: Life Orb\n|move|p2a: Snorlax|Curse|p2a: Snorlax\n|-unboost|p2a: Snorlax|spe|1\n|-boost|p2a: Snorlax|atk|1\n|-boost|p2a: Snorlax|def|1\n|\n|-heal|p2a: Snorlax|75\/100|[from] item: Leftovers\n|upkeep\n|turn|18\n|\n|t:|1700074605\n|switch|p1a: Ursaluna|Ursaluna, M|40\/100 brn\n|-damage|p1a: Ursaluna|34\/100 brn|[from] Stealth Rock\n|move|p2a: Snorlax|Curse|p2a: Snorlax\n|-unboost|p2a: Snorlax|spe|1\n|-boost|p2a: Snorlax|atk|1\n|-boost|p2a: Snorlax|def|1\n|\n|-heal|p2a: Snorlax|81\/100|[from] item: Leftovers\n|-damage|p1a: Ursaluna|28\/100 brn|[from] brn\n|upkeep\n|turn|19\n|\n|t:|1700074608\n|move|p1a: Ursaluna|Drain Punch|p2a: Snorlax\n|-supereffective|p2a: Snorlax\n|-crit|p2a: Snorlax\n|-damage|p2a: Snorlax|0 fnt\n|-heal|p1a: Ursaluna|74\/100 brn|[from] drain|[of] p2a: Snorlax\n|faint|p2a: Snorlax\n|\n|-damage|p1a: Ursaluna|67\/100 brn|[from] brn\n|upkeep\n|\n|t:|1700074624\n|switch|p2a: Heatran|Heatran, F|100\/100\n|turn|20\n|\n|t:|1700074632\n|move|p2a: Heatran|Earth Power|p1a: Ursaluna\n|-damage|p1a: Ursaluna|25\/100 brn\n|move|p1a: Ursaluna|Earthquake|p2a: Heatran\n|-supereffective|p2a: Heatran\n|-damage|p2a: Heatran|0 fnt\n|faint|p2a: Heatran\n|\n|win|RSDPM\n|raw|RSDPM's rating: 1245 &rarr; <strong>1276<\/strong><br \/>(+31 for winning)\n|raw|DumbOnPurpose's rating: 1329 &rarr; <strong>1304<\/strong><br \/>(-25 for losing)\n|l|\u2606DumbOnPurpose\n|c|\u2606RSDPM|gg\n","uploadtime":1700074647,"views":9,"p1id":"rsdpm","p2id":"dumbonpurpose","formatid":"gen9ou","rating":1276,"private":0,"password":""}