{"id":"gen9ou-1988235389","p1":"Usopp D Gawd","p2":"RovaRed","format":"[Gen 9] OU","log":"|j|\u2606Usopp D Gawd\n|j|\u2606RovaRed\n|t:|1699691165\n|gametype|singles\n|player|p1|Usopp D Gawd|blue|1350\n|player|p2|RovaRed|wicke|1399\n|teamsize|p1|6\n|teamsize|p2|6\n|gen|9\n|tier|[Gen 9] OU\n|rated|\n|rule|Sleep Clause Mod: Limit one foe put to sleep\n|rule|Species Clause: Limit one of each Pok\u00e9mon\n|rule|OHKO Clause: OHKO moves are banned\n|rule|Evasion Items Clause: Evasion items are banned\n|rule|Evasion Moves Clause: Evasion moves are banned\n|rule|Endless Battle Clause: Forcing endless battles is banned\n|rule|HP Percentage Mod: HP is shown in percentages\n|clearpoke\n|poke|p1|Uxie|\n|poke|p1|Great Tusk|\n|poke|p1|Dragapult, M|\n|poke|p1|Iron Moth|\n|poke|p1|Ogerpon-Wellspring, F|\n|poke|p1|Greninja-*, M|\n|poke|p2|Shiftry, M|\n|poke|p2|Iron Moth|\n|poke|p2|Rillaboom, F|\n|poke|p2|Brambleghast, F|\n|poke|p2|Sneasler, F|\n|poke|p2|Great Tusk|\n|teampreview\n|\n|t:|1699691169\n|start\n|switch|p1a: The Fur.|Uxie, shiny|100\/100\n|switch|p2a: The Fumble|Shiftry, M|100\/100\n|turn|1\n|\n|t:|1699691176\n|move|p2a: The Fumble|Tailwind|p2a: The Fumble\n|-sidestart|p2: RovaRed|move: Tailwind\n|-ability|p2a: The Fumble|Wind Rider|boost\n|-boost|p2a: The Fumble|atk|1\n|move|p1a: The Fur.|Yawn|p2a: The Fumble\n|-start|p2a: The Fumble|move: Yawn|[of] p1a: The Fur.\n|\n|upkeep\n|turn|2\n|\n|t:|1699691184\n|move|p2a: The Fumble|Knock Off|p1a: The Fur.\n|-supereffective|p1a: The Fur.\n|-damage|p1a: The Fur.|22\/100\n|-damage|p2a: The Fumble|84\/100|[from] item: Rocky Helmet|[of] p1a: The Fur.\n|-enditem|p1a: The Fur.|Rocky Helmet|[from] move: Knock Off|[of] p2a: The Fumble\n|move|p1a: The Fur.|Knock Off|p2a: The Fumble\n|-resisted|p2a: The Fumble\n|-damage|p2a: The Fumble|71\/100\n|-enditem|p2a: The Fumble|Focus Sash|[from] move: Knock Off|[of] p1a: The Fur.\n|\n|-end|p2a: The Fumble|move: Yawn|[silent]\n|-status|p2a: The Fumble|slp\n|upkeep\n|turn|3\n|\n|t:|1699691203\n|cant|p2a: The Fumble|slp\n|move|p1a: The Fur.|Stealth Rock|p2a: The Fumble\n|-sidestart|p2: RovaRed|move: Stealth Rock\n|\n|upkeep\n|turn|4\n|\n|t:|1699691212\n|switch|p2a: The Tumble|Brambleghast, F|100\/100\n|-damage|p2a: The Tumble|88\/100|[from] Stealth Rock\n|-ability|p2a: The Tumble|Wind Rider|boost\n|-boost|p2a: The Tumble|atk|1\n|switch|p1a: Redveil|Iron Moth|100\/100\n|-enditem|p1a: Redveil|Booster Energy\n|-activate|p1a: Redveil|ability: Quark Drive|[fromitem]\n|-start|p1a: Redveil|quarkdrivespe\n|\n|-sideend|p2: RovaRed|move: Tailwind\n|upkeep\n|turn|5\n|\n|t:|1699691245\n|-terastallize|p2a: The Tumble|Fighting\n|move|p2a: The Tumble|Shadow Sneak|p1a: Redveil\n|-damage|p1a: Redveil|58\/100\n|move|p1a: Redveil|Fiery Dance|p2a: The Tumble\n|-damage|p2a: The Tumble|12\/100\n|\n|upkeep\n|turn|6\n|\n|t:|1699691254\n|move|p2a: The Tumble|Shadow Sneak|p1a: Redveil\n|-damage|p1a: Redveil|18\/100\n|move|p1a: Redveil|Fiery Dance|p2a: The Tumble\n|-damage|p2a: The Tumble|0 fnt\n|-boost|p1a: Redveil|spa|1\n|faint|p2a: The Tumble\n|\n|upkeep\n|\n|t:|1699691265\n|switch|p2a: The Fumble|Shiftry, M|71\/100 slp\n|-damage|p2a: The Fumble|58\/100 slp|[from] Stealth Rock\n|turn|7\n|\n|t:|1699691270\n|move|p1a: Redveil|Fiery Dance|p2a: The Fumble\n|-supereffective|p2a: The Fumble\n|-damage|p2a: The Fumble|0 fnt\n|-boost|p1a: Redveil|spa|1\n|faint|p2a: The Fumble\n|\n|upkeep\n|\n|t:|1699691276\n|switch|p2a: Ron Moth|Iron Moth|100\/100\n|-damage|p2a: Ron Moth|76\/100|[from] Stealth Rock\n|-enditem|p2a: Ron Moth|Booster Energy\n|-activate|p2a: Ron Moth|ability: Quark Drive|[fromitem]\n|-start|p2a: Ron Moth|quarkdrivespe\n|turn|8\n|\n|t:|1699691283\n|move|p2a: Ron Moth|Fiery Dance|p1a: Redveil\n|-resisted|p1a: Redveil\n|-damage|p1a: Redveil|0 fnt\n|faint|p1a: Redveil\n|-end|p1a: Redveil|Quark Drive|[silent]\n|\n|upkeep\n|\n|t:|1699691297\n|switch|p1a: Jay Safari|Dragapult, M|100\/100\n|turn|9\n|\n|t:|1699691303\n|move|p2a: Ron Moth|Dazzling Gleam|p1a: Jay Safari\n|-supereffective|p1a: Jay Safari\n|-damage|p1a: Jay Safari|27\/100\n|move|p1a: Jay Safari|Surf|p2a: Ron Moth\n|-supereffective|p2a: Ron Moth\n|-damage|p2a: Ron Moth|4\/100\n|-damage|p1a: Jay Safari|18\/100|[from] item: Life Orb\n|\n|upkeep\n|turn|10\n|\n|t:|1699691313\n|move|p2a: Ron Moth|Fiery Dance|p1a: Jay Safari\n|-resisted|p1a: Jay Safari\n|-damage|p1a: Jay Safari|0 fnt\n|-boost|p2a: Ron Moth|spa|1\n|faint|p1a: Jay Safari\n|\n|upkeep\n|\n|t:|1699691320\n|switch|p1a: Tevomxntana|Greninja, M|100\/100\n|turn|11\n|\n|t:|1699691327\n|move|p1a: Tevomxntana|Water Shuriken|p2a: Ron Moth\n|-supereffective|p2a: Ron Moth\n|-damage|p2a: Ron Moth|0 fnt\n|faint|p2a: Ron Moth\n|-end|p2a: Ron Moth|Quark Drive|[silent]\n|-ability|p1a: Tevomxntana|Battle Bond|boost\n|-boost|p1a: Tevomxntana|atk|1\n|-boost|p1a: Tevomxntana|spa|1\n|-boost|p1a: Tevomxntana|spe|1\n|-activate|p1a: Tevomxntana|ability: Battle Bond\n|-hitcount|p2: Ron Moth|1\n|\n|upkeep\n|\n|t:|1699691332\n|switch|p2a: Hookline|Rillaboom, F|100\/100\n|-damage|p2a: Hookline|88\/100|[from] Stealth Rock\n|-fieldstart|move: Grassy Terrain|[from] ability: Grassy Surge|[of] p2a: Hookline\n|turn|12\n|\n|t:|1699691342\n|move|p2a: Hookline|Grassy Glide|p1a: Tevomxntana\n|-supereffective|p1a: Tevomxntana\n|-damage|p1a: Tevomxntana|0 fnt\n|faint|p1a: Tevomxntana\n|\n|-heal|p2a: Hookline|94\/100|[from] Grassy Terrain\n|upkeep\n|\n|t:|1699691349\n|switch|p1a: The Fur.|Uxie, shiny|22\/100\n|turn|13\n|\n|t:|1699691356\n|move|p2a: Hookline|Grassy Glide|p1a: The Fur.\n|-damage|p1a: The Fur.|0 fnt\n|faint|p1a: The Fur.\n|\n|-heal|p2a: Hookline|100\/100|[from] Grassy Terrain\n|upkeep\n|\n|t:|1699691364\n|switch|p1a: Sam Ezeh|Ogerpon-Wellspring, F|100\/100\n|turn|14\n|\n|t:|1699691371\n|move|p1a: Sam Ezeh|U-turn|p2a: Hookline\n|-supereffective|p2a: Hookline\n|-damage|p2a: Hookline|51\/100\n|\n|t:|1699691375\n|switch|p1a: ScrewStache|Great Tusk|100\/100|[from] U-turn\n|move|p2a: Hookline|U-turn|p1a: ScrewStache\n|-resisted|p1a: ScrewStache\n|-damage|p1a: ScrewStache|92\/100\n|\n|t:|1699691380\n|switch|p2a: & Sinker|Sneasler, F|100\/100|[from] U-turn\n|-damage|p2a: & Sinker|95\/100|[from] Stealth Rock\n|-enditem|p2a: & Sinker|Grassy Seed\n|-boost|p2a: & Sinker|def|1|[from] item: Grassy Seed\n|\n|-heal|p2a: & Sinker|100\/100|[from] Grassy Terrain\n|-heal|p1a: ScrewStache|98\/100|[from] Grassy Terrain\n|upkeep\n|turn|15\n|\n|t:|1699691395\n|move|p2a: & Sinker|Swords Dance|p2a: & Sinker\n|-boost|p2a: & Sinker|atk|2\n|move|p1a: ScrewStache|Headlong Rush|p2a: & Sinker\n|-supereffective|p2a: & Sinker\n|-damage|p2a: & Sinker|0 fnt\n|-unboost|p1a: ScrewStache|def|1\n|-unboost|p1a: ScrewStache|spd|1\n|faint|p2a: & Sinker\n|\n|-heal|p1a: ScrewStache|100\/100|[from] Grassy Terrain\n|upkeep\n|\n|t:|1699691406\n|switch|p2a: Tuskathy|Great Tusk|100\/100\n|-damage|p2a: Tuskathy|98\/100|[from] Stealth Rock\n|-enditem|p2a: Tuskathy|Booster Energy\n|-activate|p2a: Tuskathy|ability: Protosynthesis|[fromitem]\n|-start|p2a: Tuskathy|protosynthesisspe\n|turn|16\n|\n|t:|1699691420\n|move|p2a: Tuskathy|Bulk Up|p2a: Tuskathy\n|-boost|p2a: Tuskathy|atk|1\n|-boost|p2a: Tuskathy|def|1\n|move|p1a: ScrewStache|Ice Spinner|p2a: Tuskathy\n|-supereffective|p2a: Tuskathy\n|-damage|p2a: Tuskathy|73\/100\n|-fieldend|move: Grassy Terrain\n|\n|upkeep\n|turn|17\n|\n|t:|1699691429\n|move|p2a: Tuskathy|Bulk Up|p2a: Tuskathy\n|-boost|p2a: Tuskathy|atk|1\n|-boost|p2a: Tuskathy|def|1\n|move|p1a: ScrewStache|Rapid Spin|p2a: Tuskathy\n|-damage|p2a: Tuskathy|68\/100\n|-boost|p1a: ScrewStache|spe|1\n|\n|upkeep\n|turn|18\n|\n|t:|1699691446\n|move|p1a: ScrewStache|Ice Spinner|p2a: Tuskathy\n|-supereffective|p2a: Tuskathy\n|-damage|p2a: Tuskathy|49\/100\n|move|p2a: Tuskathy|Headlong Rush|p1a: ScrewStache\n|-damage|p1a: ScrewStache|0 fnt\n|-unboost|p2a: Tuskathy|def|1\n|-unboost|p2a: Tuskathy|spd|1\n|faint|p1a: ScrewStache\n|-end|p1a: ScrewStache|Protosynthesis|[silent]\n|\n|upkeep\n|\n|t:|1699691455\n|switch|p1a: Sam Ezeh|Ogerpon-Wellspring, F|100\/100\n|turn|19\n|\n|t:|1699691462\n|-terastallize|p1a: Sam Ezeh|Water\n|detailschange|p1a: Sam Ezeh|Ogerpon-Wellspring-Tera, F, tera:Water\n|-ability|p1a: Sam Ezeh|Embody Aspect (Wellspring)|boost\n|-boost|p1a: Sam Ezeh|spd|1\n|move|p2a: Tuskathy|Close Combat|p1a: Sam Ezeh\n|-crit|p1a: Sam Ezeh\n|-damage|p1a: Sam Ezeh|0 fnt\n|-unboost|p2a: Tuskathy|def|1\n|-unboost|p2a: Tuskathy|spd|1\n|faint|p1a: Sam Ezeh\n|\n|win|RovaRed\n|raw|Usopp D Gawd's rating: 1350 &rarr; <strong>1333<\/strong><br \/>(-17 for losing)\n|raw|RovaRed's rating: 1399 &rarr; <strong>1416<\/strong><br \/>(+17 for winning)\n|l|\u2606Usopp D Gawd\n","uploadtime":1699691485,"views":22,"p1id":"usoppdgawd","p2id":"rovared","formatid":"gen9ou","rating":1333,"private":0,"password":""}