{"id":"gen9ou-1999505510","p1":"FinnishToad","p2":"Gregory Mirabella","format":"[Gen 9] OU","log":"|j|\u2606FinnishToad\n|j|\u2606Gregory Mirabella\n|t:|1701090189\n|gametype|singles\n|player|p1|FinnishToad|102|1016\n|player|p2|Gregory Mirabella|lusamine-nihilego|1085\n|teamsize|p1|6\n|teamsize|p2|6\n|gen|9\n|tier|[Gen 9] OU\n|rated|\n|rule|Sleep Clause Mod: Limit one foe put to sleep\n|rule|Species Clause: Limit one of each Pok\u00e9mon\n|rule|OHKO Clause: OHKO moves are banned\n|rule|Evasion Items Clause: Evasion items are banned\n|rule|Evasion Moves Clause: Evasion moves are banned\n|rule|Endless Battle Clause: Forcing endless battles is banned\n|rule|HP Percentage Mod: HP is shown in percentages\n|clearpoke\n|poke|p1|Garchomp, M|\n|poke|p1|Talonflame, M|\n|poke|p1|Espeon, F|\n|poke|p1|Toxapex, M|\n|poke|p1|Magnezone|\n|poke|p1|Donphan, F|\n|poke|p2|Pelipper, F|\n|poke|p2|Jirachi|\n|poke|p2|Manaphy|\n|poke|p2|Floatzel, F|\n|poke|p2|Thundurus-Therian, M|\n|poke|p2|Iron Treads|\n|teampreview\n|c|\u2606Gregory Mirabella|Glhf\n|\n|t:|1701090213\n|start\n|switch|p1a: Magnezone|Magnezone|100\/100\n|switch|p2a: Iron Treads|Iron Treads|100\/100\n|turn|1\n|\n|t:|1701090239\n|switch|p1a: Espeon|Espeon, F|100\/100\n|move|p2a: Iron Treads|Stealth Rock|p1a: Espeon\n|move|p1a: Espeon|Stealth Rock|p2a: Iron Treads|[from]ability: Magic Bounce\n|-sidestart|p2: Gregory Mirabella|move: Stealth Rock\n|\n|upkeep\n|turn|2\n|\n|t:|1701090255\n|switch|p1a: Talonflame|Talonflame, M|100\/100\n|move|p2a: Iron Treads|Rapid Spin|p1a: Talonflame\n|-damage|p1a: Talonflame|82\/100\n|-boost|p2a: Iron Treads|spe|1\n|-sideend|p2: Gregory Mirabella|Stealth Rock|[from] move: Rapid Spin|[of] p2a: Iron Treads\n|\n|upkeep\n|turn|3\n|\n|t:|1701090263\n|move|p2a: Iron Treads|Volt Switch|p1a: Talonflame\n|-supereffective|p1a: Talonflame\n|-damage|p1a: Talonflame|50\/100\n|\n|t:|1701090267\n|-end|p2a: Iron Treads|Quark Drive|[silent]\n|switch|p2a: Pelipper|Pelipper, F|100\/100|[from] Volt Switch\n|-weather|RainDance|[from] ability: Drizzle|[of] p2a: Pelipper\n|move|p1a: Talonflame|Flare Blitz|p2a: Pelipper\n|-resisted|p2a: Pelipper\n|-damage|p2a: Pelipper|89\/100\n|-damage|p1a: Talonflame|46\/100|[from] Recoil\n|\n|-weather|RainDance|[upkeep]\n|upkeep\n|turn|4\n|\n|t:|1701090278\n|move|p1a: Talonflame|U-turn|p2a: Pelipper\n|-resisted|p2a: Pelipper\n|-damage|p2a: Pelipper|79\/100\n|\n|t:|1701090283\n|switch|p1a: Magnezone|Magnezone|100\/100|[from] U-turn\n|move|p2a: Pelipper|U-turn|p1a: Magnezone\n|-resisted|p1a: Magnezone\n|-damage|p1a: Magnezone|95\/100\n|\n|t:|1701090302\n|switch|p2a: Floatzel|Floatzel, F|100\/100|[from] U-turn\n|\n|-weather|RainDance|[upkeep]\n|upkeep\n|turn|5\n|\n|t:|1701090308\n|-terastallize|p1a: Magnezone|Grass\n|move|p2a: Floatzel|Wave Crash|p1a: Magnezone\n|-resisted|p1a: Magnezone\n|-damage|p1a: Magnezone|24\/100\n|-damage|p2a: Floatzel|79\/100|[from] Recoil\n|move|p1a: Magnezone|Tera Blast|p2a: Floatzel|[anim] Tera Blast Grass\n|-supereffective|p2a: Floatzel\n|-damage|p2a: Floatzel|0 fnt\n|faint|p2a: Floatzel\n|\n|-weather|RainDance|[upkeep]\n|upkeep\n|c|\u2606Gregory Mirabella|Nice tera\n|\n|t:|1701090326\n|switch|p2a: Jirachi|Jirachi, shiny|100\/100\n|turn|6\n|\n|t:|1701090351\n|switch|p1a: Toxapex|Toxapex, M|100\/100\n|move|p2a: Jirachi|Ice Punch|p1a: Toxapex\n|-resisted|p1a: Toxapex\n|-damage|p1a: Toxapex|93\/100\n|\n|-weather|RainDance|[upkeep]\n|upkeep\n|turn|7\n|\n|t:|1701090363\n|move|p2a: Jirachi|Ice Punch|p1a: Toxapex\n|-resisted|p1a: Toxapex\n|-damage|p1a: Toxapex|86\/100\n|move|p1a: Toxapex|Toxic|p2a: Jirachi\n|-immune|p2a: Jirachi\n|\n|-weather|RainDance|[upkeep]\n|upkeep\n|turn|8\n|\n|t:|1701090371\n|move|p2a: Jirachi|Ice Punch|p1a: Toxapex\n|-resisted|p1a: Toxapex\n|-damage|p1a: Toxapex|79\/100\n|move|p1a: Toxapex|Toxic Spikes|p2a: Jirachi\n|-sidestart|p2: Gregory Mirabella|move: Toxic Spikes\n|\n|-weather|RainDance|[upkeep]\n|upkeep\n|turn|9\n|\n|t:|1701090378\n|move|p2a: Jirachi|Ice Punch|p1a: Toxapex\n|-resisted|p1a: Toxapex\n|-damage|p1a: Toxapex|72\/100\n|move|p1a: Toxapex|Toxic Spikes|p2a: Jirachi\n|-sidestart|p2: Gregory Mirabella|move: Toxic Spikes\n|\n|-weather|RainDance|[upkeep]\n|upkeep\n|turn|10\n|\n|t:|1701090387\n|switch|p1a: Talonflame|Talonflame, M|46\/100\n|move|p2a: Jirachi|Ice Punch|p1a: Talonflame\n|-damage|p1a: Talonflame|13\/100\n|-status|p2a: Jirachi|brn|[from] ability: Flame Body|[of] p1a: Talonflame\n|\n|-weather|none\n|-damage|p2a: Jirachi|94\/100 brn|[from] brn\n|upkeep\n|turn|11\n|\n|t:|1701090399\n|move|p2a: Jirachi|Ice Punch|p1a: Talonflame\n|-damage|p1a: Talonflame|0 fnt\n|faint|p1a: Talonflame\n|\n|-damage|p2a: Jirachi|88\/100 brn|[from] brn\n|upkeep\n|c|\u2606Gregory Mirabella|Damn, it was flame body\n|\n|t:|1701090410\n|switch|p1a: Donphan|Donphan, F|100\/100\n|turn|12\n|\n|t:|1701090416\n|move|p2a: Jirachi|Ice Punch|p1a: Donphan\n|-supereffective|p1a: Donphan\n|-damage|p1a: Donphan|85\/100\n|-status|p1a: Donphan|frz\n|-damage|p2a: Jirachi|72\/100 brn|[from] item: Rocky Helmet|[of] p1a: Donphan\n|cant|p1a: Donphan|frz\n|\n|-damage|p2a: Jirachi|66\/100 brn|[from] brn\n|upkeep\n|turn|13\n|c|\u2606Gregory Mirabella|Finally a freeze\n|\n|t:|1701090427\n|switch|p2a: Pelipper|Pelipper, F|79\/100\n|-weather|RainDance|[from] ability: Drizzle|[of] p2a: Pelipper\n|-curestatus|p1a: Donphan|frz|[msg]\n|move|p1a: Donphan|Stealth Rock|p2a: Pelipper\n|-sidestart|p2: Gregory Mirabella|move: Stealth Rock\n|\n|-weather|RainDance|[upkeep]\n|upkeep\n|turn|14\n|c|\u2606Gregory Mirabella|Lol\n|c|\u2606Gregory Mirabella|Oh well\n|\n|t:|1701090451\n|switch|p1a: Toxapex|Toxapex, M|100\/100\n|move|p2a: Pelipper|U-turn|p1a: Toxapex\n|-resisted|p1a: Toxapex\n|-damage|p1a: Toxapex|98\/100\n|\n|t:|1701090456\n|switch|p2a: Iron Treads|Iron Treads|100\/100|[from] U-turn\n|\n|-weather|RainDance|[upkeep]\n|upkeep\n|turn|15\n|\n|t:|1701090466\n|move|p2a: Iron Treads|Rapid Spin|p1a: Toxapex\n|-damage|p1a: Toxapex|89\/100\n|-boost|p2a: Iron Treads|spe|1\n|-sideend|p2: Gregory Mirabella|Toxic Spikes|[from] move: Rapid Spin|[of] p2a: Iron Treads\n|-sideend|p2: Gregory Mirabella|Stealth Rock|[from] move: Rapid Spin|[of] p2a: Iron Treads\n|move|p1a: Toxapex|Surf|p2a: Iron Treads\n|-supereffective|p2a: Iron Treads\n|-damage|p2a: Iron Treads|38\/100\n|\n|-weather|RainDance|[upkeep]\n|upkeep\n|turn|16\n|\n|t:|1701090482\n|move|p2a: Iron Treads|Volt Switch|p1a: Toxapex\n|-supereffective|p1a: Toxapex\n|-damage|p1a: Toxapex|70\/100\n|\n|t:|1701090487\n|-end|p2a: Iron Treads|Quark Drive|[silent]\n|switch|p2a: Manaphy|Manaphy, shiny|100\/100|[from] Volt Switch\n|move|p1a: Toxapex|Toxic|p2a: Manaphy\n|-status|p2a: Manaphy|tox\n|\n|-weather|RainDance|[upkeep]\n|-activate|p2a: Manaphy|ability: Hydration\n|-curestatus|p2a: Manaphy|tox|[msg]\n|upkeep\n|turn|17\n|\n|t:|1701090505\n|switch|p1a: Espeon|Espeon, F|100\/100\n|move|p2a: Manaphy|Tail Glow|p2a: Manaphy\n|-boost|p2a: Manaphy|spa|3\n|\n|-weather|RainDance|[upkeep]\n|upkeep\n|turn|18\n|\n|t:|1701090512\n|move|p2a: Manaphy|Surf|p1a: Espeon\n|-damage|p1a: Espeon|0 fnt\n|faint|p1a: Espeon\n|\n|-weather|RainDance|[upkeep]\n|upkeep\n|-message|FinnishToad forfeited.\n|\n|win|Gregory Mirabella\n|raw|FinnishToad's rating: 1016 &rarr; <strong>1006<\/strong><br \/>(-10 for losing)\n|raw|Gregory Mirabella's rating: 1085 &rarr; <strong>1107<\/strong><br \/>(+22 for winning)\n|l|\u2606FinnishToad\n|c|\u2606Gregory Mirabella|Gg\n","uploadtime":1701090527,"views":2,"p1id":"finnishtoad","p2id":"gregorymirabella","formatid":"gen9ou","rating":1006,"private":0,"password":""}