{"id":"gen9ou-1990241980","p1":"RSDPM","p2":"Ashcatchhoe","format":"[Gen 9] OU","log":"|j|\u2606RSDPM\n|j|\u2606Ashcatchhoe\n|t:|1699943081\n|gametype|singles\n|player|p1|RSDPM|riley|1228\n|player|p2|Ashcatchhoe|265|1176\n|teamsize|p1|6\n|teamsize|p2|6\n|gen|9\n|tier|[Gen 9] OU\n|rated|\n|rule|Sleep Clause Mod: Limit one foe put to sleep\n|rule|Species Clause: Limit one of each Pok\u00e9mon\n|rule|OHKO Clause: OHKO moves are banned\n|rule|Evasion Items Clause: Evasion items are banned\n|rule|Evasion Moves Clause: Evasion moves are banned\n|rule|Endless Battle Clause: Forcing endless battles is banned\n|rule|HP Percentage Mod: HP is shown in percentages\n|clearpoke\n|poke|p1|Wyrdeer, M|\n|poke|p1|Kleavor, F|\n|poke|p1|Ursaluna, M|\n|poke|p1|Basculegion-F, F|\n|poke|p1|Sneasler, M|\n|poke|p1|Overqwil, F|\n|poke|p2|Zamazenta-*|\n|poke|p2|Dragonite, M|\n|poke|p2|Garganacl, M|\n|poke|p2|Blissey, F|\n|poke|p2|Kingambit, M|\n|poke|p2|Scizor, F|\n|teampreview\n|inactive|Battle timer is ON: inactive players will automatically lose when time's up. (requested by Ashcatchhoe)\n|inactive|RSDPM has 120 seconds left.\n|\n|t:|1699943117\n|start\n|switch|p1a: Ursaluna|Ursaluna, M|100\/100\n|switch|p2a: MAILMAN|Dragonite, M|100\/100\n|turn|1\n|\n|t:|1699943131\n|move|p2a: MAILMAN|Dragon Dance|p2a: MAILMAN\n|-boost|p2a: MAILMAN|atk|1\n|-boost|p2a: MAILMAN|spe|1\n|move|p1a: Ursaluna|Facade|p2a: MAILMAN\n|-damage|p2a: MAILMAN|76\/100\n|\n|-status|p1a: Ursaluna|brn|[from] item: Flame Orb\n|upkeep\n|turn|2\n|\n|t:|1699943147\n|-terastallize|p2a: MAILMAN|Normal\n|move|p2a: MAILMAN|Extreme Speed|p1a: Ursaluna\n|-damage|p1a: Ursaluna|52\/100 brn\n|move|p1a: Ursaluna|Avalanche|p2a: MAILMAN\n|-damage|p2a: MAILMAN|2\/100\n|\n|-damage|p1a: Ursaluna|46\/100 brn|[from] brn\n|upkeep\n|turn|3\n|\n|t:|1699943158\n|switch|p1a: Overqwil|Overqwil, F|100\/100\n|-ability|p1a: Overqwil|Intimidate|boost\n|-unboost|p2a: MAILMAN|atk|1\n|move|p2a: MAILMAN|Extreme Speed|p1a: Overqwil\n|-damage|p1a: Overqwil|71\/100\n|\n|-heal|p1a: Overqwil|78\/100|[from] item: Black Sludge\n|upkeep\n|turn|4\n|\n|t:|1699943173\n|move|p2a: MAILMAN|Earthquake|p1a: Overqwil\n|-supereffective|p1a: Overqwil\n|-damage|p1a: Overqwil|29\/100\n|move|p1a: Overqwil|Toxic|p2a: MAILMAN\n|-status|p2a: MAILMAN|tox\n|\n|-heal|p1a: Overqwil|35\/100|[from] item: Black Sludge\n|-damage|p2a: MAILMAN|0 fnt|[from] psn\n|faint|p2a: MAILMAN\n|upkeep\n|inactive|Ashcatchhoe has 120 seconds left.\n|\n|t:|1699943198\n|switch|p2a: BAD BITCH|Blissey, F|100\/100\n|turn|5\n|inactive|Ashcatchhoe has 120 seconds left.\n|\n|t:|1699943222\n|switch|p2a: CHEESECAKE|Garganacl, M|100\/100\n|move|p1a: Overqwil|Spikes|p2a: CHEESECAKE\n|-sidestart|p2: Ashcatchhoe|Spikes\n|\n|-heal|p1a: Overqwil|41\/100|[from] item: Black Sludge\n|upkeep\n|turn|6\n|\n|t:|1699943232\n|move|p1a: Overqwil|Spikes|p2a: CHEESECAKE\n|-sidestart|p2: Ashcatchhoe|Spikes\n|move|p2a: CHEESECAKE|Stealth Rock|p1a: Overqwil\n|-sidestart|p1: RSDPM|move: Stealth Rock\n|\n|-heal|p1a: Overqwil|47\/100|[from] item: Black Sludge\n|upkeep\n|turn|7\n|\n|t:|1699943240\n|move|p1a: Overqwil|Spikes|p2a: CHEESECAKE\n|-sidestart|p2: Ashcatchhoe|Spikes\n|move|p2a: CHEESECAKE|Salt Cure|p1a: Overqwil\n|-damage|p1a: Overqwil|38\/100\n|-start|p1a: Overqwil|Salt Cure\n|\n|-heal|p1a: Overqwil|44\/100|[from] item: Black Sludge\n|-damage|p1a: Overqwil|32\/100|[from] Salt Cure\n|upkeep\n|turn|8\n|inactive|Ashcatchhoe has 120 seconds left.\n|\n|t:|1699943254\n|move|p1a: Overqwil|Barb Barrage|p2a: CHEESECAKE\n|-resisted|p2a: CHEESECAKE\n|-damage|p2a: CHEESECAKE|94\/100\n|move|p2a: CHEESECAKE|Salt Cure|p1a: Overqwil\n|-crit|p1a: Overqwil\n|-damage|p1a: Overqwil|18\/100\n|\n|-heal|p1a: Overqwil|24\/100|[from] item: Black Sludge\n|-heal|p2a: CHEESECAKE|99\/100|[from] item: Leftovers\n|-damage|p1a: Overqwil|11\/100|[from] Salt Cure\n|upkeep\n|turn|9\n|inactive|Ashcatchhoe has 120 seconds left.\n|\n|t:|1699943268\n|switch|p1a: Basculegion|Basculegion-F, F|100\/100\n|-damage|p1a: Basculegion|88\/100|[from] Stealth Rock\n|move|p2a: CHEESECAKE|Salt Cure|p1a: Basculegion\n|-crit|p1a: Basculegion\n|-damage|p1a: Basculegion|60\/100\n|-start|p1a: Basculegion|Salt Cure\n|\n|-heal|p2a: CHEESECAKE|100\/100|[from] item: Leftovers\n|-damage|p1a: Basculegion|35\/100|[from] Salt Cure\n|upkeep\n|turn|10\n|inactive|Ashcatchhoe has 120 seconds left.\n|\n|t:|1699943279\n|move|p1a: Basculegion|Surf|p2a: CHEESECAKE\n|-supereffective|p2a: CHEESECAKE\n|-damage|p2a: CHEESECAKE|0 fnt\n|faint|p2a: CHEESECAKE\n|-damage|p1a: Basculegion|25\/100|[from] item: Life Orb\n|\n|-damage|p1a: Basculegion|0 fnt|[from] Salt Cure\n|faint|p1a: Basculegion\n|upkeep\n|inactive|Ashcatchhoe has 120 seconds left.\n|\n|t:|1699943308\n|switch|p1a: Overqwil|Overqwil, F|11\/100\n|switch|p2a: BAD BITCH|Blissey, F|100\/100\n|-damage|p2a: BAD BITCH|76\/100|[from] Spikes\n|-damage|p1a: Overqwil|0 fnt|[from] Stealth Rock\n|faint|p1a: Overqwil\n|inactive|RSDPM has 120 seconds left.\n|\n|t:|1699943325\n|switch|p1a: Ursaluna|Ursaluna, M|46\/100 brn\n|-damage|p1a: Ursaluna|40\/100 brn|[from] Stealth Rock\n|turn|11\n|inactive|RSDPM has 120 seconds left.\n|\n|t:|1699943332\n|move|p2a: BAD BITCH|Trick|p1a: Ursaluna\n|-activate|p2a: BAD BITCH|move: Trick|[of] p1a: Ursaluna\n|-item|p1a: Ursaluna|Choice Scarf|[from] move: Trick\n|-item|p2a: BAD BITCH|Flame Orb|[from] move: Trick\n|move|p1a: Ursaluna|Earthquake|p2a: BAD BITCH\n|-damage|p2a: BAD BITCH|0 fnt\n|faint|p2a: BAD BITCH\n|\n|-damage|p1a: Ursaluna|34\/100 brn|[from] brn\n|upkeep\n|inactive|Ashcatchhoe has 120 seconds left.\n|\n|t:|1699943344\n|switch|p2a: DOGPOOP|Zamazenta|100\/100\n|-damage|p2a: DOGPOOP|75\/100|[from] Spikes\n|-ability|p2a: DOGPOOP|Dauntless Shield|boost\n|-boost|p2a: DOGPOOP|def|1\n|turn|12\n|\n|t:|1699943358\n|-terastallize|p1a: Ursaluna|Ghost\n|move|p2a: DOGPOOP|Iron Defense|p2a: DOGPOOP\n|-boost|p2a: DOGPOOP|def|2\n|move|p1a: Ursaluna|Earthquake|p2a: DOGPOOP\n|-crit|p2a: DOGPOOP\n|-damage|p2a: DOGPOOP|0 fnt\n|faint|p2a: DOGPOOP\n|\n|-damage|p1a: Ursaluna|27\/100 brn|[from] brn\n|upkeep\n|inactive|Ashcatchhoe has 120 seconds left.\n|\n|t:|1699943372\n|switch|p2a: MR.ROACH|Kingambit, M|100\/100\n|-damage|p2a: MR.ROACH|75\/100|[from] Spikes\n|-activate|p2a: MR.ROACH|ability: Supreme Overlord\n|-start|p2a: MR.ROACH|fallen4|[silent]\n|turn|13\n|\n|t:|1699943379\n|move|p2a: MR.ROACH|Sucker Punch|p1a: Ursaluna\n|-supereffective|p1a: Ursaluna\n|-damage|p1a: Ursaluna|0 fnt\n|faint|p1a: Ursaluna\n|\n|-heal|p2a: MR.ROACH|82\/100|[from] item: Leftovers\n|upkeep\n|\n|t:|1699943383\n|switch|p1a: Sneasler|Sneasler, M|100\/100\n|-damage|p1a: Sneasler|95\/100|[from] Stealth Rock\n|turn|14\n|\n|t:|1699943392\n|switch|p1a: Wyrdeer|Wyrdeer, M|100\/100\n|-damage|p1a: Wyrdeer|88\/100|[from] Stealth Rock\n|move|p2a: MR.ROACH|Swords Dance|p2a: MR.ROACH\n|-boost|p2a: MR.ROACH|atk|2\n|\n|-heal|p2a: MR.ROACH|88\/100|[from] item: Leftovers\n|upkeep\n|turn|15\n|\n|t:|1699943402\n|move|p2a: MR.ROACH|Sucker Punch|p1a: Wyrdeer\n|-supereffective|p1a: Wyrdeer\n|-damage|p1a: Wyrdeer|0 fnt\n|faint|p1a: Wyrdeer\n|\n|-heal|p2a: MR.ROACH|94\/100|[from] item: Leftovers\n|upkeep\n|\n|t:|1699943405\n|switch|p1a: Sneasler|Sneasler, M|95\/100\n|-damage|p1a: Sneasler|89\/100|[from] Stealth Rock\n|turn|16\n|\n|t:|1699943411\n|move|p2a: MR.ROACH|Sucker Punch||[still]\n|-fail|p2a: MR.ROACH\n|move|p1a: Sneasler|Bulk Up|p1a: Sneasler\n|-boost|p1a: Sneasler|atk|1\n|-boost|p1a: Sneasler|def|1\n|\n|-heal|p2a: MR.ROACH|99\/100|[from] item: Leftovers\n|upkeep\n|turn|17\n|\n|t:|1699943425\n|move|p1a: Sneasler|Close Combat|p2a: MR.ROACH\n|-supereffective|p2a: MR.ROACH\n|-damage|p2a: MR.ROACH|0 fnt\n|-unboost|p1a: Sneasler|def|1\n|-unboost|p1a: Sneasler|spd|1\n|faint|p2a: MR.ROACH\n|-end|p2a: MR.ROACH|fallen4|[silent]\n|\n|upkeep\n|\n|t:|1699943431\n|switch|p2a: MS.Bubbles|Scizor, F|100\/100\n|-damage|p2a: MS.Bubbles|76\/100|[from] Spikes\n|turn|18\n|\n|t:|1699943440\n|move|p1a: Sneasler|Close Combat|p2a: MS.Bubbles\n|-crit|p2a: MS.Bubbles\n|-damage|p2a: MS.Bubbles|0 fnt\n|-unboost|p1a: Sneasler|def|1\n|-unboost|p1a: Sneasler|spd|1\n|faint|p2a: MS.Bubbles\n|\n|win|RSDPM\n|raw|RSDPM's rating: 1228 &rarr; <strong>1249<\/strong><br \/>(+21 for winning)\n|raw|Ashcatchhoe's rating: 1176 &rarr; <strong>1155<\/strong><br \/>(-21 for losing)\n|l|\u2606Ashcatchhoe\n","uploadtime":1699943455,"views":11,"p1id":"rsdpm","p2id":"ashcatchhoe","formatid":"gen9ou","rating":1155,"private":0,"password":""}