{"id":"gen9ou-1990459579","p1":"Eucalipto69!","p2":"ChiknNunget","format":"[Gen 9] OU","log":"|j|\u2606Eucalipto69!\n|j|\u2606ChiknNunget\n|t:|1699972979\n|gametype|singles\n|player|p1|Eucalipto69!|alder|1665\n|player|p2|ChiknNunget|burglar|1590\n|teamsize|p1|6\n|teamsize|p2|6\n|gen|9\n|tier|[Gen 9] OU\n|rated|\n|rule|Sleep Clause Mod: Limit one foe put to sleep\n|rule|Species Clause: Limit one of each Pok\u00e9mon\n|rule|OHKO Clause: OHKO moves are banned\n|rule|Evasion Items Clause: Evasion items are banned\n|rule|Evasion Moves Clause: Evasion moves are banned\n|rule|Endless Battle Clause: Forcing endless battles is banned\n|rule|HP Percentage Mod: HP is shown in percentages\n|clearpoke\n|poke|p1|Scizor, M|\n|poke|p1|Dragapult, F|\n|poke|p1|Kilowattrel, F|\n|poke|p1|Samurott-Hisui, F|\n|poke|p1|Great Tusk|\n|poke|p1|Ogerpon-Cornerstone, F|\n|poke|p2|Rillaboom, M|\n|poke|p2|Sneasler, M|\n|poke|p2|Cinderace, M|\n|poke|p2|Greninja-*, M|\n|poke|p2|Gholdengo|\n|poke|p2|Dragonite, M|\n|teampreview\n|inactive|Battle timer is ON: inactive players will automatically lose when time's up. (requested by ChiknNunget)\n|\n|t:|1699972992\n|start\n|switch|p1a: Scizor|Scizor, M|100\/100\n|switch|p2a: Cinderace|Cinderace, M|100\/100\n|turn|1\n|\n|t:|1699972995\n|switch|p1a: Great Tusk|Great Tusk|100\/100\n|move|p2a: Cinderace|Pyro Ball|p1a: Great Tusk\n|-damage|p1a: Great Tusk|74\/100\n|\n|upkeep\n|turn|2\n|\n|t:|1699973001\n|move|p2a: Cinderace|U-turn|p1a: Great Tusk\n|-start|p2a: Cinderace|typechange|Bug|[from] ability: Libero\n|-resisted|p1a: Great Tusk\n|-damage|p1a: Great Tusk|66\/100\n|-damage|p2a: Cinderace|84\/100|[from] item: Rocky Helmet|[of] p1a: Great Tusk\n|\n|t:|1699973003\n|switch|p2a: Greninja|Greninja, M|100\/100|[from] U-turn\n|move|p1a: Great Tusk|Stealth Rock|p2a: Greninja\n|-sidestart|p2: ChiknNunget|move: Stealth Rock\n|\n|upkeep\n|turn|3\n|\n|t:|1699973008\n|-end|p1a: Great Tusk|Protosynthesis|[silent]\n|switch|p1a: Samurott|Samurott-Hisui, F|100\/100\n|move|p2a: Greninja|Surf|p1a: Samurott\n|-resisted|p1a: Samurott\n|-crit|p1a: Samurott\n|-damage|p1a: Samurott|70\/100\n|-damage|p2a: Greninja|91\/100|[from] item: Life Orb\n|\n|upkeep\n|turn|4\n|\n|t:|1699973016\n|switch|p2a: Rillaboom|Rillaboom, M|100\/100\n|-damage|p2a: Rillaboom|88\/100|[from] Stealth Rock\n|-fieldstart|move: Grassy Terrain|[from] ability: Grassy Surge|[of] p2a: Rillaboom\n|move|p1a: Samurott|Ceaseless Edge|p2a: Rillaboom\n|-damage|p2a: Rillaboom|31\/100\n|-sidestart|p2: ChiknNunget|Spikes\n|\n|-heal|p2a: Rillaboom|37\/100|[from] Grassy Terrain\n|-heal|p1a: Samurott|77\/100|[from] Grassy Terrain\n|upkeep\n|turn|5\n|\n|t:|1699973022\n|switch|p1a: Scizor|Scizor, M|100\/100\n|move|p2a: Rillaboom|Grassy Glide|p1a: Scizor\n|-resisted|p1a: Scizor\n|-damage|p1a: Scizor|84\/100\n|\n|-heal|p2a: Rillaboom|43\/100|[from] Grassy Terrain\n|-heal|p1a: Scizor|91\/100|[from] Grassy Terrain\n|upkeep\n|turn|6\n|\n|t:|1699973029\n|switch|p2a: Gholdengo|Gholdengo|100\/100\n|-damage|p2a: Gholdengo|94\/100|[from] Stealth Rock\n|-damage|p2a: Gholdengo|82\/100|[from] Spikes\n|move|p1a: Scizor|Knock Off|p2a: Gholdengo\n|-supereffective|p2a: Gholdengo\n|-damage|p2a: Gholdengo|0 fnt\n|-enditem|p2a: Gholdengo|Choice Scarf|[from] move: Knock Off|[of] p1a: Scizor\n|faint|p2a: Gholdengo\n|\n|-heal|p1a: Scizor|97\/100|[from] Grassy Terrain\n|upkeep\n|\n|t:|1699973049\n|switch|p2a: Sneasler|Sneasler, M|100\/100\n|-damage|p2a: Sneasler|95\/100|[from] Stealth Rock\n|-damage|p2a: Sneasler|82\/100|[from] Spikes\n|-enditem|p2a: Sneasler|Grassy Seed\n|-boost|p2a: Sneasler|def|1|[from] item: Grassy Seed\n|turn|7\n|\n|t:|1699973062\n|switch|p1a: Great Tusk|Great Tusk|66\/100\n|-terastallize|p2a: Sneasler|Flying\n|move|p2a: Sneasler|Acrobatics|p1a: Great Tusk\n|-supereffective|p1a: Great Tusk\n|-damage|p1a: Great Tusk|3\/100\n|-damage|p2a: Sneasler|66\/100|[from] item: Rocky Helmet|[of] p1a: Great Tusk\n|\n|-heal|p1a: Great Tusk|9\/100|[from] Grassy Terrain\n|upkeep\n|turn|8\n|\n|t:|1699973067\n|move|p2a: Sneasler|Gunk Shot|p1a: Great Tusk\n|-resisted|p1a: Great Tusk\n|-damage|p1a: Great Tusk|0 fnt\n|faint|p1a: Great Tusk\n|-end|p1a: Great Tusk|Protosynthesis|[silent]\n|\n|-fieldend|move: Grassy Terrain\n|upkeep\n|\n|t:|1699973078\n|switch|p1a: Scizor|Scizor, M|97\/100\n|turn|9\n|\n|t:|1699973084\n|move|p1a: Scizor|Bullet Punch|p2a: Sneasler\n|-crit|p2a: Sneasler\n|-damage|p2a: Sneasler|0 fnt\n|faint|p2a: Sneasler\n|\n|upkeep\n|\n|t:|1699973091\n|switch|p2a: Cinderace|Cinderace, M|84\/100\n|turn|10\n|\n|t:|1699973108\n|-terastallize|p1a: Scizor|Dragon\n|move|p2a: Cinderace|Pyro Ball|p1a: Scizor\n|-resisted|p1a: Scizor\n|-damage|p1a: Scizor|67\/100\n|move|p1a: Scizor|Knock Off|p2a: Cinderace\n|-damage|p2a: Cinderace|27\/100\n|-enditem|p2a: Cinderace|Heavy-Duty Boots|[from] move: Knock Off|[of] p1a: Scizor\n|\n|upkeep\n|turn|11\n|\n|t:|1699973117\n|move|p2a: Cinderace|Sucker Punch|p1a: Scizor\n|-start|p2a: Cinderace|typechange|Dark|[from] ability: Libero\n|-damage|p1a: Scizor|33\/100\n|move|p1a: Scizor|Bullet Punch|p2a: Cinderace\n|-damage|p2a: Cinderace|0 fnt\n|faint|p2a: Cinderace\n|\n|upkeep\n|\n|t:|1699973124\n|switch|p2a: Greninja|Greninja, M|91\/100\n|-damage|p2a: Greninja|78\/100|[from] Stealth Rock\n|-damage|p2a: Greninja|66\/100|[from] Spikes\n|turn|12\n|\n|t:|1699973130\n|switch|p1a: Samurott|Samurott-Hisui, F|77\/100\n|move|p2a: Greninja|Surf|p1a: Samurott\n|-resisted|p1a: Samurott\n|-damage|p1a: Samurott|56\/100\n|-damage|p2a: Greninja|56\/100|[from] item: Life Orb\n|\n|upkeep\n|turn|13\n|\n|t:|1699973138\n|move|p2a: Greninja|Surf|p1a: Samurott\n|-resisted|p1a: Samurott\n|-damage|p1a: Samurott|35\/100\n|-damage|p2a: Greninja|46\/100|[from] item: Life Orb\n|move|p1a: Samurott|Ceaseless Edge|p2a: Greninja\n|-resisted|p2a: Greninja\n|-damage|p2a: Greninja|7\/100\n|-sidestart|p2: ChiknNunget|Spikes\n|\n|upkeep\n|turn|14\n|\n|t:|1699973143\n|move|p1a: Samurott|Aqua Jet|p2a: Greninja\n|-resisted|p2a: Greninja\n|-damage|p2a: Greninja|0 fnt\n|faint|p2a: Greninja\n|\n|upkeep\n|\n|t:|1699973146\n|switch|p2a: Rillaboom|Rillaboom, M|43\/100\n|-damage|p2a: Rillaboom|31\/100|[from] Stealth Rock\n|-damage|p2a: Rillaboom|14\/100|[from] Spikes\n|-fieldstart|move: Grassy Terrain|[from] ability: Grassy Surge|[of] p2a: Rillaboom\n|turn|15\n|\n|t:|1699973154\n|move|p1a: Samurott|Aqua Jet|p2a: Rillaboom\n|-resisted|p2a: Rillaboom\n|-damage|p2a: Rillaboom|4\/100\n|move|p2a: Rillaboom|U-turn|p1a: Samurott\n|-supereffective|p1a: Samurott\n|-damage|p1a: Samurott|0 fnt\n|faint|p1a: Samurott\n|\n|t:|1699973156\n|switch|p2a: Dragonite|Dragonite, M|100\/100|[from] U-turn\n|\n|upkeep\n|\n|t:|1699973161\n|switch|p1a: Dragapult|Dragapult, F|100\/100\n|turn|16\n|\n|t:|1699973164\n|move|p1a: Dragapult|Will-O-Wisp|p2a: Dragonite\n|-status|p2a: Dragonite|brn\n|move|p2a: Dragonite|Dragon Dance|p2a: Dragonite\n|-boost|p2a: Dragonite|atk|1\n|-boost|p2a: Dragonite|spe|1\n|\n|-damage|p2a: Dragonite|94\/100 brn|[from] brn\n|upkeep\n|turn|17\n|\n|t:|1699973167\n|move|p1a: Dragapult|Dragon Darts|p2a: Dragonite\n|-supereffective|p2a: Dragonite\n|-damage|p2a: Dragonite|50\/100 brn\n|-anim|p1a: Dragapult|Dragon Darts|p2a: Dragonite\n|-supereffective|p2a: Dragonite\n|-damage|p2a: Dragonite|6\/100 brn\n|move|p2a: Dragonite|Ice Spinner|p1a: Dragapult\n|-supereffective|p1a: Dragapult\n|-damage|p1a: Dragapult|39\/100\n|-fieldend|move: Grassy Terrain\n|\n|-heal|p1a: Dragapult|45\/100|[from] item: Leftovers\n|-damage|p2a: Dragonite|0 fnt|[from] brn\n|faint|p2a: Dragonite\n|upkeep\n|\n|t:|1699973169\n|switch|p2a: Rillaboom|Rillaboom, M|4\/100\n|-damage|p2a: Rillaboom|0 fnt|[from] Stealth Rock\n|faint|p2a: Rillaboom\n|\n|win|Eucalipto69!\n|raw|Eucalipto69!'s rating: 1665 &rarr; <strong>1681<\/strong><br \/>(+16 for winning)\n|raw|ChiknNunget's rating: 1590 &rarr; <strong>1574<\/strong><br \/>(-16 for losing)\n|l|\u2606ChiknNunget\n","uploadtime":1699973188,"views":12,"p1id":"eucalipto69","p2id":"chiknnunget","formatid":"gen9ou","rating":1574,"private":0,"password":""}