{"id":"gen9ou-1989729540","p1":"FireFluo","p2":"niflouz","format":"[Gen 9] OU","log":"|j|\u2606FireFluo\n|j|\u2606niflouz\n|t:|1699890753\n|gametype|singles\n|player|p1|FireFluo|palmer|1382\n|player|p2|niflouz|266|1309\n|teamsize|p1|6\n|teamsize|p2|6\n|gen|9\n|tier|[Gen 9] OU\n|rated|\n|rule|Sleep Clause Mod: Limit one foe put to sleep\n|rule|Species Clause: Limit one of each Pok\u00e9mon\n|rule|OHKO Clause: OHKO moves are banned\n|rule|Evasion Items Clause: Evasion items are banned\n|rule|Evasion Moves Clause: Evasion moves are banned\n|rule|Endless Battle Clause: Forcing endless battles is banned\n|rule|HP Percentage Mod: HP is shown in percentages\n|clearpoke\n|poke|p1|Iron Valiant|\n|poke|p1|Iron Hands|\n|poke|p1|Glimmora, F|\n|poke|p1|Garganacl, F|\n|poke|p1|Ceruledge, F|\n|poke|p1|Garchomp, F|\n|poke|p2|Heatran, F|\n|poke|p2|Rillaboom, F|\n|poke|p2|Sneasler, F|\n|poke|p2|Zamazenta-*|\n|poke|p2|Hatterene, F|\n|poke|p2|Sinistcha|\n|teampreview\n|inactive|Battle timer is ON: inactive players will automatically lose when time's up. (requested by niflouz)\n|\n|t:|1699890772\n|start\n|switch|p1a: Glimmora|Glimmora, F|100\/100\n|switch|p2a: Heatran|Heatran, F|100\/100\n|-item|p1a: Glimmora|Air Balloon\n|turn|1\n|\n|t:|1699890795\n|switch|p1a: Garganacl|Garganacl, F|100\/100\n|move|p2a: Heatran|Stealth Rock|p1a: Garganacl\n|-sidestart|p1: FireFluo|move: Stealth Rock\n|\n|upkeep\n|turn|2\n|\n|t:|1699890812\n|move|p2a: Heatran|Earth Power|p1a: Garganacl\n|-supereffective|p1a: Garganacl\n|-damage|p1a: Garganacl|62\/100\n|move|p1a: Garganacl|Salt Cure|p2a: Heatran\n|-damage|p2a: Heatran|90\/100\n|-start|p2a: Heatran|Salt Cure\n|\n|-heal|p2a: Heatran|96\/100|[from] item: Leftovers\n|-heal|p1a: Garganacl|69\/100|[from] item: Leftovers\n|-damage|p2a: Heatran|71\/100|[from] Salt Cure\n|upkeep\n|turn|3\n|\n|t:|1699890819\n|move|p2a: Heatran|Taunt|p1a: Garganacl\n|-start|p1a: Garganacl|move: Taunt\n|cant|p1a: Garganacl|move: Taunt|Stealth Rock\n|\n|-heal|p2a: Heatran|77\/100|[from] item: Leftovers\n|-heal|p1a: Garganacl|75\/100|[from] item: Leftovers\n|-damage|p2a: Heatran|52\/100|[from] Salt Cure\n|upkeep\n|turn|4\n|\n|t:|1699890824\n|move|p2a: Heatran|Earth Power|p1a: Garganacl\n|-supereffective|p1a: Garganacl\n|-damage|p1a: Garganacl|38\/100\n|move|p1a: Garganacl|Salt Cure|p2a: Heatran\n|-damage|p2a: Heatran|40\/100\n|\n|-heal|p2a: Heatran|46\/100|[from] item: Leftovers\n|-heal|p1a: Garganacl|44\/100|[from] item: Leftovers\n|-damage|p2a: Heatran|21\/100|[from] Salt Cure\n|upkeep\n|turn|5\n|\n|t:|1699890831\n|switch|p1a: Glimmora|Glimmora, F|100\/100\n|-damage|p1a: Glimmora|88\/100|[from] Stealth Rock\n|-item|p1a: Glimmora|Air Balloon\n|move|p2a: Heatran|Earth Power|p1a: Glimmora\n|-immune|p1a: Glimmora\n|\n|-heal|p2a: Heatran|27\/100|[from] item: Leftovers\n|-damage|p2a: Heatran|2\/100|[from] Salt Cure\n|upkeep\n|turn|6\n|\n|t:|1699890843\n|move|p1a: Glimmora|Power Gem|p2a: Heatran\n|-damage|p2a: Heatran|0 fnt\n|faint|p2a: Heatran\n|\n|upkeep\n|\n|t:|1699890861\n|switch|p2a: Rillaboom|Rillaboom, F|100\/100\n|-fieldstart|move: Grassy Terrain|[from] ability: Grassy Surge|[of] p2a: Rillaboom\n|turn|7\n|\n|t:|1699890872\n|move|p2a: Rillaboom|Knock Off|p1a: Glimmora\n|-damage|p1a: Glimmora|36\/100\n|-activate|p1a: Glimmora|ability: Toxic Debris\n|-sidestart|p2: niflouz|move: Toxic Spikes\n|-enditem|p1a: Glimmora|Air Balloon\n|move|p1a: Glimmora|Mortal Spin|p2a: Rillaboom\n|-supereffective|p2a: Rillaboom\n|-damage|p2a: Rillaboom|86\/100\n|-status|p2a: Rillaboom|psn\n|-sideend|p1: FireFluo|Stealth Rock|[from] move: Mortal Spin|[of] p1a: Glimmora\n|\n|-heal|p2a: Rillaboom|93\/100 psn|[from] Grassy Terrain\n|-heal|p1a: Glimmora|42\/100|[from] Grassy Terrain\n|-damage|p2a: Rillaboom|80\/100 psn|[from] psn\n|upkeep\n|turn|8\n|\n|t:|1699890882\n|switch|p2a: Hatterene|Hatterene, F|100\/100\n|-status|p2a: Hatterene|psn\n|move|p1a: Glimmora|Sludge Bomb|p2a: Hatterene\n|-supereffective|p2a: Hatterene\n|-damage|p2a: Hatterene|0 fnt\n|faint|p2a: Hatterene\n|\n|-heal|p1a: Glimmora|48\/100|[from] Grassy Terrain\n|upkeep\n|\n|t:|1699890889\n|switch|p2a: Sneasler|Sneasler, F|100\/100\n|-sideend|p2: niflouz|move: Toxic Spikes|[of] p2a: Sneasler\n|-enditem|p2a: Sneasler|Grassy Seed\n|-boost|p2a: Sneasler|def|1|[from] item: Grassy Seed\n|turn|9\n|\n|t:|1699890902\n|move|p2a: Sneasler|Swords Dance|p2a: Sneasler\n|-boost|p2a: Sneasler|atk|2\n|move|p1a: Glimmora|Power Gem|p2a: Sneasler\n|-resisted|p2a: Sneasler\n|-damage|p2a: Sneasler|74\/100\n|\n|-heal|p2a: Sneasler|80\/100|[from] Grassy Terrain\n|-heal|p1a: Glimmora|54\/100|[from] Grassy Terrain\n|upkeep\n|turn|10\n|\n|t:|1699890919\n|move|p2a: Sneasler|Swords Dance|p2a: Sneasler\n|-boost|p2a: Sneasler|atk|2\n|move|p1a: Glimmora|Sludge Bomb|p2a: Sneasler\n|-resisted|p2a: Sneasler\n|-damage|p2a: Sneasler|47\/100\n|\n|-heal|p2a: Sneasler|53\/100|[from] Grassy Terrain\n|-heal|p1a: Glimmora|60\/100|[from] Grassy Terrain\n|upkeep\n|turn|11\n|\n|t:|1699890930\n|-terastallize|p2a: Sneasler|Flying\n|move|p2a: Sneasler|Acrobatics|p1a: Glimmora\n|-resisted|p1a: Glimmora\n|-damage|p1a: Glimmora|0 fnt\n|-activate|p1a: Glimmora|ability: Toxic Debris\n|-sidestart|p2: niflouz|move: Toxic Spikes\n|faint|p1a: Glimmora\n|\n|-fieldend|move: Grassy Terrain\n|upkeep\n|\n|t:|1699890949\n|switch|p1a: Garganacl|Garganacl, F|44\/100\n|turn|12\n|\n|t:|1699890959\n|move|p1a: Garganacl|Protect|p1a: Garganacl\n|-singleturn|p1a: Garganacl|Protect\n|move|p2a: Sneasler|Close Combat|p1a: Garganacl\n|-activate|p1a: Garganacl|move: Protect\n|\n|-heal|p1a: Garganacl|50\/100|[from] item: Leftovers\n|upkeep\n|turn|13\n|\n|t:|1699890970\n|move|p2a: Sneasler|Close Combat|p1a: Garganacl\n|-supereffective|p1a: Garganacl\n|-damage|p1a: Garganacl|0 fnt\n|-unboost|p2a: Sneasler|def|1\n|-unboost|p2a: Sneasler|spd|1\n|faint|p1a: Garganacl\n|\n|upkeep\n|\n|t:|1699890987\n|switch|p1a: Ceruledge|Ceruledge, F|100\/100\n|turn|14\n|\n|t:|1699890995\n|move|p2a: Sneasler|Acrobatics|p1a: Ceruledge\n|-enditem|p1a: Ceruledge|Focus Sash\n|-damage|p1a: Ceruledge|1\/100\n|-ability|p1a: Ceruledge|Weak Armor|boost\n|-unboost|p1a: Ceruledge|def|1\n|-boost|p1a: Ceruledge|spe|2\n|move|p1a: Ceruledge|Swords Dance|p1a: Ceruledge\n|-boost|p1a: Ceruledge|atk|2\n|\n|upkeep\n|turn|15\n|\n|t:|1699891008\n|move|p2a: Sneasler|Acrobatics|p1a: Ceruledge\n|-damage|p1a: Ceruledge|0 fnt\n|faint|p1a: Ceruledge\n|\n|upkeep\n|\n|t:|1699891014\n|switch|p1a: Garchomp|Garchomp, F|100\/100\n|turn|16\n|c|\u2606niflouz|use shadow sneak newt time bro\n|inactive|niflouz has 120 seconds left.\n|\n|t:|1699891053\n|move|p2a: Sneasler|Acrobatics|p1a: Garchomp\n|-damage|p1a: Garchomp|0 fnt\n|-damage|p2a: Sneasler|40\/100|[from] ability: Rough Skin|[of] p1a: Garchomp\n|faint|p1a: Garchomp\n|\n|upkeep\n|\n|t:|1699891059\n|switch|p1a: Iron Hands|Iron Hands|100\/100\n|-item|p1a: Iron Hands|Air Balloon\n|turn|17\n|\n|t:|1699891063\n|move|p2a: Sneasler|Acrobatics|p1a: Iron Hands\n|-damage|p1a: Iron Hands|0 fnt\n|-enditem|p1a: Iron Hands|Air Balloon\n|faint|p1a: Iron Hands\n|-end|p1a: Iron Hands|Quark Drive|[silent]\n|\n|upkeep\n|\n|t:|1699891066\n|switch|p1a: Iron Valiant|Iron Valiant|100\/100\n|turn|18\n|\n|t:|1699891069\n|move|p2a: Sneasler|Acrobatics|p1a: Iron Valiant\n|-supereffective|p1a: Iron Valiant\n|-damage|p1a: Iron Valiant|0 fnt\n|faint|p1a: Iron Valiant\n|-end|p1a: Iron Valiant|Quark Drive|[silent]\n|\n|win|niflouz\n|raw|FireFluo's rating: 1382 &rarr; <strong>1358<\/strong><br \/>(-24 for losing)\n|raw|niflouz's rating: 1309 &rarr; <strong>1333<\/strong><br \/>(+24 for winning)\n|l|\u2606FireFluo\n","uploadtime":1699891079,"views":11,"p1id":"firefluo","p2id":"niflouz","formatid":"gen9ou","rating":1333,"private":0,"password":""}