{"id":"gen9ou-1993554239","p1":"Charmalane","p2":"Chikami","format":"[Gen 9] OU","log":"|j|\u2606Charmalane\n|j|\u2606Chikami\n|t:|1700331148\n|gametype|singles\n|player|p1|Charmalane|brawly|1577\n|player|p2|Chikami|nate|1697\n|teamsize|p1|6\n|teamsize|p2|6\n|gen|9\n|tier|[Gen 9] OU\n|rated|\n|rule|Sleep Clause Mod: Limit one foe put to sleep\n|rule|Species Clause: Limit one of each Pok\u00e9mon\n|rule|OHKO Clause: OHKO moves are banned\n|rule|Evasion Items Clause: Evasion items are banned\n|rule|Evasion Moves Clause: Evasion moves are banned\n|rule|Endless Battle Clause: Forcing endless battles is banned\n|rule|HP Percentage Mod: HP is shown in percentages\n|clearpoke\n|poke|p1|Pelipper, M|\n|poke|p1|Barraskewda, M|\n|poke|p1|Zapdos|\n|poke|p1|Kingambit, M|\n|poke|p1|Iron Treads|\n|poke|p1|Slowking-Galar, M|\n|poke|p2|Chandelure, F|\n|poke|p2|Zapdos|\n|poke|p2|Ogerpon-Wellspring, F|\n|poke|p2|Greninja-*, M|\n|poke|p2|Great Tusk|\n|poke|p2|Kingambit, F|\n|teampreview\n|j| Moenke\n|\n|t:|1700331194\n|start\n|switch|p1a: Nautilus|Slowking-Galar, M|100\/100\n|switch|p2a: Greninja|Greninja, M|100\/100\n|turn|1\n|\n|t:|1700331211\n|move|p2a: Greninja|U-turn|p1a: Nautilus\n|-start|p2a: Greninja|typechange|Bug|[from] ability: Protean\n|-damage|p1a: Nautilus|78\/100\n|\n|t:|1700331215\n|switch|p2a: Chandelure|Chandelure, F|100\/100|[from] U-turn\n|move|p1a: Nautilus|Surf|p2a: Chandelure\n|-supereffective|p2a: Chandelure\n|-damage|p2a: Chandelure|30\/100\n|\n|upkeep\n|turn|2\n|\n|t:|1700331224\n|move|p2a: Chandelure|Shadow Ball|p1a: Nautilus\n|-supereffective|p1a: Nautilus\n|-damage|p1a: Nautilus|9\/100\n|move|p1a: Nautilus|Surf|p2a: Chandelure\n|-supereffective|p2a: Chandelure\n|-damage|p2a: Chandelure|0 fnt\n|faint|p2a: Chandelure\n|\n|upkeep\n|\n|t:|1700331231\n|switch|p2a: Ogerpon|Ogerpon-Wellspring, F|100\/100\n|turn|3\n|\n|t:|1700331239\n|switch|p1a: Phoenix|Pelipper, M|100\/100\n|-weather|RainDance|[from] ability: Drizzle|[of] p1a: Phoenix\n|move|p2a: Ogerpon|U-turn|p1a: Phoenix\n|-resisted|p1a: Phoenix\n|-damage|p1a: Phoenix|90\/100\n|\n|t:|1700331248\n|switch|p2a: Zapdos|Zapdos|100\/100|[from] U-turn\n|\n|-weather|RainDance|[upkeep]\n|upkeep\n|turn|4\n|\n|t:|1700331252\n|switch|p1a: Androidon|Iron Treads|100\/100\n|move|p2a: Zapdos|Hurricane|p1a: Androidon\n|-resisted|p1a: Androidon\n|-damage|p1a: Androidon|75\/100\n|\n|-weather|RainDance|[upkeep]\n|-heal|p1a: Androidon|81\/100|[from] item: Leftovers\n|upkeep\n|turn|5\n|\n|t:|1700331264\n|move|p2a: Zapdos|U-turn|p1a: Androidon\n|-resisted|p1a: Androidon\n|-damage|p1a: Androidon|77\/100\n|\n|t:|1700331267\n|switch|p2a: Ogerpon|Ogerpon-Wellspring, F|100\/100|[from] U-turn\n|move|p1a: Androidon|Stealth Rock|p2a: Ogerpon\n|-sidestart|p2: Chikami|move: Stealth Rock\n|\n|-weather|RainDance|[upkeep]\n|-heal|p1a: Androidon|83\/100|[from] item: Leftovers\n|upkeep\n|turn|6\n|\n|t:|1700331289\n|move|p2a: Ogerpon|Ivy Cudgel|p1a: Androidon|[anim] Ivy Cudgel Water\n|-supereffective|p1a: Androidon\n|-damage|p1a: Androidon|0 fnt\n|faint|p1a: Androidon\n|-end|p1a: Androidon|Quark Drive|[silent]\n|\n|-weather|RainDance|[upkeep]\n|upkeep\n|\n|t:|1700331315\n|switch|p1a: Phoenix|Pelipper, M|90\/100\n|turn|7\n|\n|t:|1700331323\n|move|p2a: Ogerpon|U-turn|p1a: Phoenix\n|-resisted|p1a: Phoenix\n|-damage|p1a: Phoenix|79\/100\n|\n|t:|1700331326\n|switch|p2a: Zapdos|Zapdos|100\/100|[from] U-turn\n|move|p1a: Phoenix|U-turn|p2a: Zapdos\n|-resisted|p2a: Zapdos\n|-damage|p2a: Zapdos|97\/100\n|\n|t:|1700331335\n|switch|p1a: Chocobo|Zapdos|100\/100|[from] U-turn\n|\n|-weather|RainDance|[upkeep]\n|upkeep\n|turn|8\n|\n|t:|1700331342\n|move|p1a: Chocobo|Thunder|p2a: Zapdos\n|-damage|p2a: Zapdos|43\/100\n|move|p2a: Zapdos|U-turn|p1a: Chocobo\n|-resisted|p1a: Chocobo\n|-damage|p1a: Chocobo|92\/100\n|l| Moenke\n|\n|t:|1700331357\n|switch|p2a: Ogerpon|Ogerpon-Wellspring, F|100\/100|[from] U-turn\n|-damage|p2a: Ogerpon|88\/100|[from] Stealth Rock\n|\n|-weather|RainDance|[upkeep]\n|upkeep\n|turn|9\n|inactive|Battle timer is ON: inactive players will automatically lose when time's up. (requested by Chikami)\n|\n|t:|1700331464\n|switch|p1a: Phoenix|Pelipper, M|79\/100\n|move|p2a: Ogerpon|Ivy Cudgel|p1a: Phoenix|[anim] Ivy Cudgel Water\n|-resisted|p1a: Phoenix\n|-damage|p1a: Phoenix|44\/100\n|\n|-weather|RainDance|[upkeep]\n|upkeep\n|turn|10\n|\n|t:|1700331471\n|move|p2a: Ogerpon|U-turn|p1a: Phoenix\n|-resisted|p1a: Phoenix\n|-damage|p1a: Phoenix|33\/100\n|\n|t:|1700331472\n|switch|p2a: Zapdos|Zapdos|43\/100|[from] U-turn\n|move|p1a: Phoenix|Roost|p1a: Phoenix\n|-heal|p1a: Phoenix|83\/100\n|-singleturn|p1a: Phoenix|move: Roost\n|\n|-weather|none\n|upkeep\n|turn|11\n|\n|t:|1700331480\n|switch|p1a: Nautilus|Slowking-Galar, M|42\/100\n|move|p2a: Zapdos|Roost|p2a: Zapdos\n|-heal|p2a: Zapdos|93\/100\n|-singleturn|p2a: Zapdos|move: Roost\n|\n|upkeep\n|turn|12\n|\n|t:|1700331494\n|move|p2a: Zapdos|Discharge|p1a: Nautilus\n|-damage|p1a: Nautilus|29\/100\n|move|p1a: Nautilus|Ice Beam|p2a: Zapdos\n|-supereffective|p2a: Zapdos\n|-damage|p2a: Zapdos|41\/100\n|\n|upkeep\n|turn|13\n|\n|t:|1700331500\n|move|p2a: Zapdos|Roost|p2a: Zapdos\n|-heal|p2a: Zapdos|91\/100\n|-singleturn|p2a: Zapdos|move: Roost\n|move|p1a: Nautilus|Sludge Bomb|p2a: Zapdos\n|-damage|p2a: Zapdos|52\/100\n|-status|p2a: Zapdos|psn\n|\n|-damage|p2a: Zapdos|40\/100 psn|[from] psn\n|upkeep\n|turn|14\n|\n|t:|1700331510\n|move|p2a: Zapdos|U-turn|p1a: Nautilus\n|-damage|p1a: Nautilus|16\/100\n|\n|t:|1700331518\n|switch|p2a: Kingambit|Kingambit, F|100\/100|[from] U-turn\n|-damage|p2a: Kingambit|94\/100|[from] Stealth Rock\n|-activate|p2a: Kingambit|ability: Supreme Overlord\n|-start|p2a: Kingambit|fallen1|[silent]\n|move|p1a: Nautilus|Sludge Bomb|p2a: Kingambit\n|-immune|p2a: Kingambit\n|\n|-heal|p2a: Kingambit|100\/100|[from] item: Leftovers\n|upkeep\n|turn|15\n|\n|t:|1700331538\n|switch|p1a: Phoenix|Pelipper, M|83\/100\n|-weather|RainDance|[from] ability: Drizzle|[of] p1a: Phoenix\n|move|p2a: Kingambit|Kowtow Cleave|p1a: Phoenix\n|-damage|p1a: Phoenix|39\/100\n|\n|-weather|RainDance|[upkeep]\n|upkeep\n|turn|16\n|\n|t:|1700331561\n|switch|p1a: Shredder|Kingambit, M, shiny|100\/100\n|-activate|p1a: Shredder|ability: Supreme Overlord\n|-start|p1a: Shredder|fallen1|[silent]\n|move|p2a: Kingambit|Kowtow Cleave|p1a: Shredder\n|-resisted|p1a: Shredder\n|-damage|p1a: Shredder|78\/100\n|\n|-weather|RainDance|[upkeep]\n|upkeep\n|turn|17\n|\n|t:|1700331573\n|-end|p2a: Kingambit|fallen1|[silent]\n|switch|p2a: Great Tusk|Great Tusk|100\/100\n|move|p1a: Shredder|Swords Dance|p1a: Shredder\n|-boost|p1a: Shredder|atk|2\n|\n|-weather|RainDance|[upkeep]\n|upkeep\n|turn|18\n|inactive|Charmalane has 120 seconds left.\n|\n|t:|1700331595\n|-terastallize|p1a: Shredder|Flying\n|move|p2a: Great Tusk|Rapid Spin|p1a: Shredder\n|-damage|p1a: Shredder|66\/100\n|-boost|p2a: Great Tusk|spe|1\n|-sideend|p2: Chikami|Stealth Rock|[from] move: Rapid Spin|[of] p2a: Great Tusk\n|move|p1a: Shredder|Swords Dance|p1a: Shredder\n|-boost|p1a: Shredder|atk|2\n|\n|-weather|RainDance|[upkeep]\n|upkeep\n|turn|19\n|\n|t:|1700331607\n|move|p2a: Great Tusk|Knock Off|p1a: Shredder\n|-damage|p1a: Shredder|45\/100\n|-enditem|p1a: Shredder|Lum Berry|[from] move: Knock Off|[of] p2a: Great Tusk\n|move|p1a: Shredder|Iron Head|p2a: Great Tusk\n|-damage|p2a: Great Tusk|26\/100\n|\n|-weather|RainDance|[upkeep]\n|upkeep\n|turn|20\n|\n|t:|1700331614\n|move|p2a: Great Tusk|Stealth Rock|p1a: Shredder\n|-sidestart|p1: Charmalane|move: Stealth Rock\n|move|p1a: Shredder|Iron Head|p2a: Great Tusk\n|-damage|p2a: Great Tusk|0 fnt\n|faint|p2a: Great Tusk\n|-end|p2a: Great Tusk|Protosynthesis|[silent]\n|\n|-weather|RainDance|[upkeep]\n|upkeep\n|inactive|Chikami has 120 seconds left.\n|\n|t:|1700331653\n|switch|p2a: Ogerpon|Ogerpon-Wellspring, F|88\/100\n|turn|21\n|\n|t:|1700331668\n|move|p2a: Ogerpon|Encore|p1a: Shredder\n|-start|p1a: Shredder|Encore\n|move|p1a: Shredder|Iron Head|p2a: Ogerpon\n|-resisted|p2a: Ogerpon\n|-damage|p2a: Ogerpon|0 fnt\n|faint|p2a: Ogerpon\n|\n|-weather|RainDance|[upkeep]\n|upkeep\n|\n|t:|1700331677\n|switch|p2a: Kingambit|Kingambit, F|100\/100\n|-activate|p2a: Kingambit|ability: Supreme Overlord\n|-start|p2a: Kingambit|fallen3|[silent]\n|turn|22\n|inactive|Chikami has 120 seconds left.\n|\n|t:|1700331693\n|move|p2a: Kingambit|Swords Dance|p2a: Kingambit\n|-boost|p2a: Kingambit|atk|2\n|move|p1a: Shredder|Iron Head|p2a: Kingambit\n|-resisted|p2a: Kingambit\n|-damage|p2a: Kingambit|38\/100\n|\n|-weather|none\n|-heal|p2a: Kingambit|44\/100|[from] item: Leftovers\n|upkeep\n|turn|23\n|\n|t:|1700331696\n|move|p2a: Kingambit|Kowtow Cleave|p1a: Shredder\n|-damage|p1a: Shredder|0 fnt\n|faint|p1a: Shredder\n|-end|p1a: Shredder|fallen1|[silent]\n|\n|-heal|p2a: Kingambit|50\/100|[from] item: Leftovers\n|upkeep\n|\n|t:|1700331709\n|switch|p1a: Phoenix|Pelipper, M|39\/100\n|-damage|p1a: Phoenix|14\/100|[from] Stealth Rock\n|-weather|RainDance|[from] ability: Drizzle|[of] p1a: Phoenix\n|turn|24\n|\n|t:|1700331714\n|move|p2a: Kingambit|Kowtow Cleave|p1a: Phoenix\n|-damage|p1a: Phoenix|0 fnt\n|faint|p1a: Phoenix\n|\n|-weather|RainDance|[upkeep]\n|-heal|p2a: Kingambit|57\/100|[from] item: Leftovers\n|upkeep\n|inactive|Charmalane has 120 seconds left.\n|inactive|Charmalane has 90 seconds left.\n|\n|t:|1700331779\n|switch|p1a: Enguarde|Barraskewda, M|100\/100\n|-damage|p1a: Enguarde|88\/100|[from] Stealth Rock\n|turn|25\n|\n|t:|1700331789\n|move|p1a: Enguarde|Aqua Jet|p2a: Kingambit\n|-damage|p2a: Kingambit|15\/100\n|move|p2a: Kingambit|Sucker Punch||[still]\n|-fail|p2a: Kingambit\n|\n|-weather|RainDance|[upkeep]\n|-heal|p2a: Kingambit|21\/100|[from] item: Leftovers\n|upkeep\n|turn|26\n|\n|t:|1700331795\n|-end|p2a: Kingambit|fallen3|[silent]\n|switch|p2a: Zapdos|Zapdos|40\/100 psn\n|move|p1a: Enguarde|Aqua Jet|p2a: Zapdos\n|-damage|p2a: Zapdos|0 fnt\n|faint|p2a: Zapdos\n|\n|-weather|RainDance|[upkeep]\n|upkeep\n|\n|t:|1700331800\n|switch|p2a: Greninja|Greninja, M|100\/100\n|turn|27\n|inactive|Charmalane has 120 seconds left.\n|\n|t:|1700331821\n|switch|p1a: Nautilus|Slowking-Galar, M|49\/100\n|-damage|p1a: Nautilus|37\/100|[from] Stealth Rock\n|move|p2a: Greninja|Hydro Pump|p1a: Nautilus\n|-start|p2a: Greninja|typechange|Water|[from] ability: Protean\n|-damage|p1a: Nautilus|6\/100\n|\n|-weather|RainDance|[upkeep]\n|upkeep\n|turn|28\n|\n|t:|1700331831\n|move|p2a: Greninja|Hydro Pump|p1a: Nautilus\n|-damage|p1a: Nautilus|0 fnt\n|faint|p1a: Nautilus\n|\n|-weather|RainDance|[upkeep]\n|upkeep\n|\n|t:|1700331841\n|switch|p1a: Enguarde|Barraskewda, M|88\/100\n|-damage|p1a: Enguarde|76\/100|[from] Stealth Rock\n|turn|29\n|inactive|Charmalane has 90 seconds left.\n|\n|t:|1700331874\n|-terastallize|p2a: Greninja|Ghost\n|move|p1a: Enguarde|Close Combat|p2a: Greninja\n|-immune|p2a: Greninja\n|move|p2a: Greninja|Hydro Pump|p1a: Enguarde\n|-resisted|p1a: Enguarde\n|-damage|p1a: Enguarde|0 fnt\n|faint|p1a: Enguarde\n|\n|-weather|RainDance|[upkeep]\n|upkeep\n|inactive|Charmalane has 90 seconds left.\n|\n|t:|1700331886\n|switch|p1a: Chocobo|Zapdos|92\/100\n|turn|30\n|inactive|Charmalane has 90 seconds left.\n|\n|t:|1700331894\n|move|p2a: Greninja|Hydro Pump|p1a: Chocobo|[miss]\n|-miss|p2a: Greninja|p1a: Chocobo\n|move|p1a: Chocobo|Thunder|p2a: Greninja\n|-damage|p2a: Greninja|5\/100\n|-status|p2a: Greninja|par\n|\n|-weather|RainDance|[upkeep]\n|upkeep\n|turn|31\n|\n|t:|1700331903\n|move|p1a: Chocobo|Weather Ball|p2a: Greninja\n|-damage|p2a: Greninja|0 fnt\n|faint|p2a: Greninja\n|\n|-weather|none\n|upkeep\n|\n|t:|1700331904\n|switch|p2a: Kingambit|Kingambit, F|21\/100\n|-activate|p2a: Kingambit|ability: Supreme Overlord\n|-start|p2a: Kingambit|fallen5|[silent]\n|turn|32\n|inactive|Charmalane has 90 seconds left.\n|\n|t:|1700331931\n|move|p2a: Kingambit|Sucker Punch|p1a: Chocobo\n|-damage|p1a: Chocobo|13\/100\n|move|p1a: Chocobo|Hurricane|p2a: Kingambit|[miss]\n|-miss|p1a: Chocobo|p2a: Kingambit\n|\n|-heal|p2a: Kingambit|27\/100|[from] item: Leftovers\n|upkeep\n|turn|33\n|inactive|Charmalane has 90 seconds left.\n|\n|t:|1700331936\n|move|p2a: Kingambit|Sucker Punch||[still]\n|-fail|p2a: Kingambit\n|move|p1a: Chocobo|Roost|p1a: Chocobo\n|-heal|p1a: Chocobo|63\/100\n|-singleturn|p1a: Chocobo|move: Roost\n|\n|-heal|p2a: Kingambit|34\/100|[from] item: Leftovers\n|upkeep\n|turn|34\n|\n|t:|1700331939\n|move|p2a: Kingambit|Sucker Punch|p1a: Chocobo\n|-damage|p1a: Chocobo|0 fnt\n|faint|p1a: Chocobo\n|\n|win|Chikami\n|raw|Charmalane's rating: 1577 &rarr; <strong>1564<\/strong><br \/>(-13 for losing)\n|raw|Chikami's rating: 1697 &rarr; <strong>1710<\/strong><br \/>(+13 for winning)\n","uploadtime":1700331945,"views":10,"p1id":"charmalane","p2id":"chikami","formatid":"gen9ou","rating":1564,"private":0,"password":""}