{"id":"gen9ou-1996848433","p1":"Skaraptor2.1","p2":"Keymogo","format":"[Gen 9] OU","log":"|j|\u2606Skaraptor2.1\n|j|\u2606Keymogo\n|t:|1700734962\n|gametype|singles\n|player|p1|Skaraptor2.1|bodybuilderf-gen9|1416\n|player|p2|Keymogo|gambler|1441\n|teamsize|p1|6\n|teamsize|p2|6\n|gen|9\n|tier|[Gen 9] OU\n|rated|\n|rule|Sleep Clause Mod: Limit one foe put to sleep\n|rule|Species Clause: Limit one of each Pok\u00e9mon\n|rule|OHKO Clause: OHKO moves are banned\n|rule|Evasion Items Clause: Evasion items are banned\n|rule|Evasion Moves Clause: Evasion moves are banned\n|rule|Endless Battle Clause: Forcing endless battles is banned\n|rule|HP Percentage Mod: HP is shown in percentages\n|clearpoke\n|poke|p1|Ribombee, M|\n|poke|p1|Ogerpon-Wellspring, F|\n|poke|p1|Great Tusk|\n|poke|p1|Zamazenta-*|\n|poke|p1|Iron Valiant|\n|poke|p1|Kingambit, F|\n|poke|p2|Iron Treads|\n|poke|p2|Enamorus, F|\n|poke|p2|Dragapult, F|\n|poke|p2|Iron Valiant|\n|poke|p2|Dragonite, M|\n|poke|p2|Gholdengo|\n|teampreview\n|inactive|Battle timer is ON: inactive players will automatically lose when time's up. (requested by Skaraptor2.1)\n|\n|t:|1700734970\n|start\n|switch|p1a: Transfem|Ogerpon-Wellspring, F|100\/100\n|switch|p2a: Iron Treads|Iron Treads|100\/100\n|-enditem|p2a: Iron Treads|Booster Energy\n|-activate|p2a: Iron Treads|ability: Quark Drive|[fromitem]\n|-start|p2a: Iron Treads|quarkdrivespe\n|turn|1\n|\n|t:|1700734975\n|move|p2a: Iron Treads|Stealth Rock|p1a: Transfem\n|-sidestart|p1: Skaraptor2.1|move: Stealth Rock\n|move|p1a: Transfem|Ivy Cudgel|p2a: Iron Treads|[anim] Ivy Cudgel Water\n|-supereffective|p2a: Iron Treads\n|-damage|p2a: Iron Treads|3\/100\n|\n|upkeep\n|turn|2\n|\n|t:|1700734985\n|move|p2a: Iron Treads|Earthquake|p1a: Transfem\n|-resisted|p1a: Transfem\n|-damage|p1a: Transfem|77\/100\n|move|p1a: Transfem|Knock Off|p2a: Iron Treads\n|-damage|p2a: Iron Treads|0 fnt\n|faint|p2a: Iron Treads\n|-end|p2a: Iron Treads|Quark Drive|[silent]\n|\n|upkeep\n|\n|t:|1700734990\n|switch|p2a: Dragonite|Dragonite, M|100\/100\n|turn|3\n|\n|t:|1700734995\n|move|p1a: Transfem|Knock Off|p2a: Dragonite\n|-damage|p2a: Dragonite|80\/100\n|-enditem|p2a: Dragonite|Heavy-Duty Boots|[from] move: Knock Off|[of] p1a: Transfem\n|move|p2a: Dragonite|Dragon Dance|p2a: Dragonite\n|-boost|p2a: Dragonite|atk|1\n|-boost|p2a: Dragonite|spe|1\n|\n|upkeep\n|turn|4\n|\n|t:|1700735001\n|switch|p1a: Raging Queer|Great Tusk|100\/100\n|-damage|p1a: Raging Queer|98\/100|[from] Stealth Rock\n|move|p2a: Dragonite|Dragon Dance|p2a: Dragonite\n|-boost|p2a: Dragonite|atk|1\n|-boost|p2a: Dragonite|spe|1\n|\n|-heal|p1a: Raging Queer|100\/100|[from] item: Leftovers\n|upkeep\n|turn|5\n|\n|t:|1700735006\n|move|p2a: Dragonite|Ice Spinner|p1a: Raging Queer\n|-supereffective|p1a: Raging Queer\n|-damage|p1a: Raging Queer|8\/100\n|move|p1a: Raging Queer|Taunt|p2a: Dragonite\n|-start|p2a: Dragonite|move: Taunt\n|\n|-heal|p1a: Raging Queer|14\/100|[from] item: Leftovers\n|upkeep\n|turn|6\n|\n|t:|1700735010\n|move|p2a: Dragonite|Extreme Speed|p1a: Raging Queer\n|-damage|p1a: Raging Queer|0 fnt\n|faint|p1a: Raging Queer\n|-end|p1a: Raging Queer|Protosynthesis|[silent]\n|\n|upkeep\n|\n|t:|1700735013\n|switch|p1a: Defender of Trans|Zamazenta, shiny|100\/100\n|-damage|p1a: Defender of Trans|94\/100|[from] Stealth Rock\n|-ability|p1a: Defender of Trans|Dauntless Shield|boost\n|-boost|p1a: Defender of Trans|def|1\n|turn|7\n|\n|t:|1700735020\n|switch|p2a: Enamorus|Enamorus, F|100\/100\n|move|p1a: Defender of Trans|Iron Defense|p1a: Defender of Trans\n|-boost|p1a: Defender of Trans|def|2\n|\n|-heal|p1a: Defender of Trans|100\/100|[from] item: Leftovers\n|upkeep\n|turn|8\n|\n|t:|1700735027\n|-terastallize|p1a: Defender of Trans|Fire\n|move|p1a: Defender of Trans|Heavy Slam|p2a: Enamorus\n|-supereffective|p2a: Enamorus\n|-damage|p2a: Enamorus|19\/100\n|move|p2a: Enamorus|Moonblast|p1a: Defender of Trans\n|-resisted|p1a: Defender of Trans\n|-damage|p1a: Defender of Trans|80\/100\n|\n|-heal|p1a: Defender of Trans|86\/100|[from] item: Leftovers\n|-heal|p2a: Enamorus|25\/100|[from] item: Leftovers\n|upkeep\n|turn|9\n|\n|t:|1700735034\n|move|p1a: Defender of Trans|Heavy Slam|p2a: Enamorus\n|-supereffective|p2a: Enamorus\n|-damage|p2a: Enamorus|0 fnt\n|faint|p2a: Enamorus\n|\n|-heal|p1a: Defender of Trans|93\/100|[from] item: Leftovers\n|upkeep\n|\n|t:|1700735042\n|switch|p2a: Dragonite|Dragonite, M|80\/100\n|turn|10\n|\n|t:|1700735046\n|move|p1a: Defender of Trans|Iron Defense|p1a: Defender of Trans\n|-boost|p1a: Defender of Trans|def|2\n|move|p2a: Dragonite|Earthquake|p1a: Defender of Trans\n|-supereffective|p1a: Defender of Trans\n|-damage|p1a: Defender of Trans|78\/100\n|\n|-heal|p1a: Defender of Trans|84\/100|[from] item: Leftovers\n|upkeep\n|turn|11\n|\n|t:|1700735053\n|move|p1a: Defender of Trans|Body Press|p2a: Dragonite\n|-resisted|p2a: Dragonite\n|-damage|p2a: Dragonite|9\/100\n|move|p2a: Dragonite|Earthquake|p1a: Defender of Trans\n|-supereffective|p1a: Defender of Trans\n|-damage|p1a: Defender of Trans|69\/100\n|\n|-heal|p1a: Defender of Trans|75\/100|[from] item: Leftovers\n|upkeep\n|turn|12\n|\n|t:|1700735060\n|move|p1a: Defender of Trans|Crunch|p2a: Dragonite\n|-damage|p2a: Dragonite|0 fnt\n|faint|p2a: Dragonite\n|\n|-heal|p1a: Defender of Trans|81\/100|[from] item: Leftovers\n|upkeep\n|\n|t:|1700735066\n|switch|p2a: Gholdengo|Gholdengo|100\/100\n|-item|p2a: Gholdengo|Air Balloon\n|turn|13\n|\n|t:|1700735074\n|move|p1a: Defender of Trans|Crunch|p2a: Gholdengo\n|-supereffective|p2a: Gholdengo\n|-damage|p2a: Gholdengo|55\/100\n|-enditem|p2a: Gholdengo|Air Balloon\n|move|p2a: Gholdengo|Shadow Ball|p1a: Defender of Trans\n|-damage|p1a: Defender of Trans|48\/100\n|\n|-heal|p1a: Defender of Trans|55\/100|[from] item: Leftovers\n|upkeep\n|turn|14\n|\n|t:|1700735081\n|move|p1a: Defender of Trans|Crunch|p2a: Gholdengo\n|-supereffective|p2a: Gholdengo\n|-damage|p2a: Gholdengo|5\/100\n|move|p2a: Gholdengo|Shadow Ball|p1a: Defender of Trans\n|-damage|p1a: Defender of Trans|20\/100\n|-unboost|p1a: Defender of Trans|spd|1\n|\n|-heal|p1a: Defender of Trans|26\/100|[from] item: Leftovers\n|upkeep\n|turn|15\n|\n|t:|1700735085\n|move|p1a: Defender of Trans|Crunch|p2a: Gholdengo\n|-supereffective|p2a: Gholdengo\n|-damage|p2a: Gholdengo|0 fnt\n|faint|p2a: Gholdengo\n|\n|-heal|p1a: Defender of Trans|32\/100|[from] item: Leftovers\n|upkeep\n|\n|t:|1700735089\n|switch|p2a: Iron Valiant|Iron Valiant|100\/100\n|-enditem|p2a: Iron Valiant|Booster Energy\n|-activate|p2a: Iron Valiant|ability: Quark Drive|[fromitem]\n|-start|p2a: Iron Valiant|quarkdrivespe\n|turn|16\n|\n|t:|1700735107\n|-terastallize|p2a: Iron Valiant|Steel\n|move|p2a: Iron Valiant|Calm Mind|p2a: Iron Valiant\n|-boost|p2a: Iron Valiant|spa|1\n|-boost|p2a: Iron Valiant|spd|1\n|move|p1a: Defender of Trans|Heavy Slam|p2a: Iron Valiant\n|-resisted|p2a: Iron Valiant\n|-damage|p2a: Iron Valiant|78\/100\n|\n|-heal|p1a: Defender of Trans|38\/100|[from] item: Leftovers\n|upkeep\n|turn|17\n|\n|t:|1700735114\n|move|p2a: Iron Valiant|Encore|p1a: Defender of Trans\n|-start|p1a: Defender of Trans|Encore\n|move|p1a: Defender of Trans|Heavy Slam|p2a: Iron Valiant\n|-resisted|p2a: Iron Valiant\n|-damage|p2a: Iron Valiant|57\/100\n|\n|-heal|p1a: Defender of Trans|45\/100|[from] item: Leftovers\n|upkeep\n|turn|18\n|\n|t:|1700735119\n|move|p2a: Iron Valiant|Moonblast|p1a: Defender of Trans\n|-resisted|p1a: Defender of Trans\n|-damage|p1a: Defender of Trans|4\/100\n|move|p1a: Defender of Trans|Heavy Slam|p2a: Iron Valiant\n|-resisted|p2a: Iron Valiant\n|-damage|p2a: Iron Valiant|37\/100\n|\n|-heal|p1a: Defender of Trans|10\/100|[from] item: Leftovers\n|upkeep\n|turn|19\n|\n|t:|1700735124\n|move|p2a: Iron Valiant|Moonblast|p1a: Defender of Trans\n|-resisted|p1a: Defender of Trans\n|-damage|p1a: Defender of Trans|0 fnt\n|faint|p1a: Defender of Trans\n|\n|upkeep\n|\n|t:|1700735127\n|switch|p1a: Transfem|Ogerpon-Wellspring, F|77\/100\n|-damage|p1a: Transfem|65\/100|[from] Stealth Rock\n|turn|20\n|\n|t:|1700735134\n|move|p2a: Iron Valiant|Psyshock|p1a: Transfem\n|-damage|p1a: Transfem|10\/100\n|move|p1a: Transfem|Ivy Cudgel|p2a: Iron Valiant|[anim] Ivy Cudgel Water\n|-crit|p2a: Iron Valiant\n|-damage|p2a: Iron Valiant|0 fnt\n|faint|p2a: Iron Valiant\n|-end|p2a: Iron Valiant|Quark Drive|[silent]\n|\n|upkeep\n|\n|t:|1700735137\n|switch|p2a: Dragapult|Dragapult, F|100\/100\n|turn|21\n|\n|t:|1700735141\n|move|p2a: Dragapult|Dragon Dance|p2a: Dragapult\n|-boost|p2a: Dragapult|atk|1\n|-boost|p2a: Dragapult|spe|1\n|move|p1a: Transfem|Knock Off|p2a: Dragapult\n|-supereffective|p2a: Dragapult\n|-crit|p2a: Dragapult\n|-enditem|p2a: Dragapult|Focus Sash\n|-damage|p2a: Dragapult|1\/100\n|\n|upkeep\n|turn|22\n|\n|t:|1700735145\n|move|p2a: Dragapult|Dragon Darts|p1a: Transfem\n|-damage|p1a: Transfem|0 fnt\n|faint|p1a: Transfem\n|\n|upkeep\n|\n|t:|1700735147\n|switch|p1a: Bigender|Iron Valiant|100\/100\n|-damage|p1a: Bigender|94\/100|[from] Stealth Rock\n|-enditem|p1a: Bigender|Booster Energy\n|-activate|p1a: Bigender|ability: Quark Drive|[fromitem]\n|-start|p1a: Bigender|quarkdrivespe\n|turn|23\n|\n|t:|1700735152\n|move|p2a: Dragapult|Phantom Force||[still]\n|-prepare|p2a: Dragapult|Phantom Force\n|move|p1a: Bigender|Moonblast|p2a: Dragapult|[miss]\n|-miss|p1a: Bigender|p2a: Dragapult\n|\n|upkeep\n|turn|24\n|\n|t:|1700735155\n|move|p2a: Dragapult|Phantom Force|p1a: Bigender|[from]lockedmove\n|-damage|p1a: Bigender|8\/100\n|move|p1a: Bigender|Destiny Bond|p1a: Bigender\n|-singlemove|p1a: Bigender|Destiny Bond\n|\n|upkeep\n|turn|25\n|\n|t:|1700735175\n|move|p2a: Dragapult|Tera Blast|p1a: Bigender\n|-damage|p1a: Bigender|0 fnt\n|faint|p1a: Bigender\n|-activate|p1a: Bigender|move: Destiny Bond\n|-end|p1a: Bigender|Quark Drive|[silent]\n|faint|p2a: Dragapult\n|\n|win|Skaraptor2.1\n|raw|Skaraptor2.1's rating: 1416 &rarr; <strong>1437<\/strong><br \/>(+21 for winning)\n|raw|Keymogo's rating: 1441 &rarr; <strong>1420<\/strong><br \/>(-21 for losing)\n","uploadtime":1700735181,"views":2,"p1id":"skaraptor21","p2id":"keymogo","formatid":"gen9ou","rating":1420,"private":0,"password":""}