{"id":"gen9ou-1994251981","p1":"TheZalmancer","p2":"prime572","format":"[Gen 9] OU","log":"|j|\u2606TheZalmancer\n|j|\u2606prime572\n|t:|1700423634\n|gametype|singles\n|player|p1|TheZalmancer|skyla|1367\n|player|p2|prime572|steven|1277\n|teamsize|p1|6\n|teamsize|p2|6\n|gen|9\n|tier|[Gen 9] OU\n|rated|\n|rule|Sleep Clause Mod: Limit one foe put to sleep\n|rule|Species Clause: Limit one of each Pok\u00e9mon\n|rule|OHKO Clause: OHKO moves are banned\n|rule|Evasion Items Clause: Evasion items are banned\n|rule|Evasion Moves Clause: Evasion moves are banned\n|rule|Endless Battle Clause: Forcing endless battles is banned\n|rule|HP Percentage Mod: HP is shown in percentages\n|clearpoke\n|poke|p1|Ogerpon-Wellspring, F|\n|poke|p1|Ninetales-Alola, F|\n|poke|p1|Corviknight, M|\n|poke|p1|Slowking-Galar, M|\n|poke|p1|Hydreigon, F|\n|poke|p1|Weavile, M|\n|poke|p2|Iron Jugulis|\n|poke|p2|Drifblim, M|\n|poke|p2|Iron Moth|\n|poke|p2|Iron Thorns|\n|poke|p2|Sandy Shocks|\n|poke|p2|Zoroark, M|\n|teampreview\n|inactive|Battle timer is ON: inactive players will automatically lose when time's up. (requested by prime572)\n|c|\u2606prime572|glhf\n|c|\u2606TheZalmancer|glhf\n|inactive|prime572 has 120 seconds left.\n|\n|t:|1700423691\n|start\n|switch|p1a: Hydreigon|Hydreigon, F|100\/100\n|switch|p2a: Iron Moth|Iron Moth|100\/100\n|-enditem|p2a: Iron Moth|Booster Energy\n|-activate|p2a: Iron Moth|ability: Quark Drive|[fromitem]\n|-start|p2a: Iron Moth|quarkdrivespe\n|turn|1\n|\n|t:|1700423705\n|move|p2a: Iron Moth|Dazzling Gleam|p1a: Hydreigon\n|-supereffective|p1a: Hydreigon\n|-damage|p1a: Hydreigon|5\/100\n|move|p1a: Hydreigon|Thunder Wave|p2a: Iron Moth\n|-status|p2a: Iron Moth|par\n|\n|upkeep\n|turn|2\n|\n|t:|1700423711\n|move|p1a: Hydreigon|Stealth Rock|p2a: Iron Moth\n|-sidestart|p2: prime572|move: Stealth Rock\n|move|p2a: Iron Moth|Fiery Dance|p1a: Hydreigon\n|-resisted|p1a: Hydreigon\n|-damage|p1a: Hydreigon|0 fnt\n|faint|p1a: Hydreigon\n|\n|upkeep\n|\n|t:|1700423731\n|switch|p1a: Ninetales|Ninetales-Alola, F, shiny|100\/100\n|-weather|Snow|[from] ability: Snow Warning|[of] p1a: Ninetales\n|turn|3\n|\n|t:|1700423736\n|move|p1a: Ninetales|Aurora Veil|p1a: Ninetales\n|-sidestart|p1: TheZalmancer|move: Aurora Veil\n|move|p2a: Iron Moth|Fiery Dance|p1a: Ninetales\n|-supereffective|p1a: Ninetales\n|-damage|p1a: Ninetales|58\/100\n|\n|-weather|Snow|[upkeep]\n|upkeep\n|turn|4\n|\n|t:|1700423745\n|switch|p1a: Slowking|Slowking-Galar, M|100\/100\n|cant|p2a: Iron Moth|par\n|\n|-weather|Snow|[upkeep]\n|upkeep\n|turn|5\n|\n|t:|1700423753\n|move|p2a: Iron Moth|Fiery Dance|p1a: Slowking\n|-damage|p1a: Slowking|84\/100\n|move|p1a: Slowking|Nasty Plot|p1a: Slowking\n|-boost|p1a: Slowking|spa|2\n|\n|-weather|Snow|[upkeep]\n|-heal|p1a: Slowking|90\/100|[from] item: Leftovers\n|upkeep\n|turn|6\n|\n|t:|1700423761\n|move|p2a: Iron Moth|Fiery Dance|p1a: Slowking\n|-damage|p1a: Slowking|75\/100\n|move|p1a: Slowking|Trick Room|p1a: Slowking\n|-fieldstart|move: Trick Room|[of] p1a: Slowking\n|\n|-weather|Snow|[upkeep]\n|-heal|p1a: Slowking|81\/100|[from] item: Leftovers\n|upkeep\n|turn|7\n|\n|t:|1700423768\n|move|p1a: Slowking|Shadow Ball|p2a: Iron Moth\n|-damage|p2a: Iron Moth|41\/100 par\n|move|p2a: Iron Moth|Psychic|p1a: Slowking\n|-damage|p1a: Slowking|69\/100\n|-unboost|p1a: Slowking|spd|1\n|\n|-weather|none\n|-heal|p1a: Slowking|75\/100|[from] item: Leftovers\n|upkeep\n|turn|8\n|\n|t:|1700423777\n|move|p1a: Slowking|Shadow Ball|p2a: Iron Moth\n|-damage|p2a: Iron Moth|0 fnt\n|faint|p2a: Iron Moth\n|-end|p2a: Iron Moth|Quark Drive|[silent]\n|\n|-heal|p1a: Slowking|81\/100|[from] item: Leftovers\n|upkeep\n|\n|t:|1700423788\n|switch|p2a: Iron Jugulis|Iron Jugulis|100\/100\n|-damage|p2a: Iron Jugulis|76\/100|[from] Stealth Rock\n|-enditem|p2a: Iron Jugulis|Booster Energy\n|-activate|p2a: Iron Jugulis|ability: Quark Drive|[fromitem]\n|-start|p2a: Iron Jugulis|quarkdrivespe\n|turn|9\n|\n|t:|1700423795\n|move|p1a: Slowking|Sludge Bomb|p2a: Iron Jugulis\n|-damage|p2a: Iron Jugulis|0 fnt\n|faint|p2a: Iron Jugulis\n|-end|p2a: Iron Jugulis|Quark Drive|[silent]\n|\n|-heal|p1a: Slowking|87\/100|[from] item: Leftovers\n|upkeep\n|inactive|prime572 has 120 seconds left.\n|\n|t:|1700423825\n|switch|p2a: Iron Thorns|Iron Thorns|100\/100\n|-damage|p2a: Iron Thorns|88\/100|[from] Stealth Rock\n|-enditem|p2a: Iron Thorns|Booster Energy\n|-activate|p2a: Iron Thorns|ability: Quark Drive|[fromitem]\n|-start|p2a: Iron Thorns|quarkdriveatk\n|turn|10\n|\n|t:|1700423837\n|move|p1a: Slowking|Shadow Ball|p2a: Iron Thorns\n|-damage|p2a: Iron Thorns|27\/100\n|-unboost|p2a: Iron Thorns|spd|1\n|move|p2a: Iron Thorns|Dragon Dance|p2a: Iron Thorns\n|-boost|p2a: Iron Thorns|atk|1\n|-boost|p2a: Iron Thorns|spe|1\n|\n|-heal|p1a: Slowking|93\/100|[from] item: Leftovers\n|-sideend|p1: TheZalmancer|move: Aurora Veil\n|-fieldend|move: Trick Room\n|upkeep\n|turn|11\n|\n|t:|1700423846\n|move|p2a: Iron Thorns|Wild Charge|p1a: Slowking\n|-damage|p1a: Slowking|0 fnt\n|faint|p1a: Slowking\n|-damage|p2a: Iron Thorns|1\/100|[from] Recoil\n|\n|upkeep\n|\n|t:|1700423856\n|switch|p1a: Weavile|Weavile, M|100\/100\n|-ability|p1a: Weavile|Pressure\n|turn|12\n|\n|t:|1700423861\n|move|p1a: Weavile|Ice Shard|p2a: Iron Thorns\n|-damage|p2a: Iron Thorns|0 fnt\n|faint|p2a: Iron Thorns\n|-end|p2a: Iron Thorns|Quark Drive|[silent]\n|\n|upkeep\n|\n|t:|1700423874\n|switch|p2a: Drifblim|Drifblim, M, shiny|100\/100\n|-damage|p2a: Drifblim|88\/100|[from] Stealth Rock\n|turn|13\n|\n|t:|1700423881\n|switch|p1a: Corviknight|Corviknight, M, shiny|100\/100\n|move|p2a: Drifblim|Flamethrower|p1a: Corviknight\n|-supereffective|p1a: Corviknight\n|-damage|p1a: Corviknight|25\/100\n|\n|-heal|p1a: Corviknight|31\/100|[from] item: Leftovers\n|upkeep\n|turn|14\n|\n|t:|1700423896\n|move|p2a: Drifblim|Flamethrower|p1a: Corviknight\n|-supereffective|p1a: Corviknight\n|-damage|p1a: Corviknight|0 fnt\n|faint|p1a: Corviknight\n|\n|upkeep\n|\n|t:|1700423901\n|switch|p1a: Ninetales|Ninetales-Alola, F, shiny|58\/100\n|-weather|Snow|[from] ability: Snow Warning|[of] p1a: Ninetales\n|turn|15\n|\n|t:|1700423911\n|move|p1a: Ninetales|Aurora Veil|p1a: Ninetales\n|-sidestart|p1: TheZalmancer|move: Aurora Veil\n|move|p2a: Drifblim|Flamethrower|p1a: Ninetales\n|-supereffective|p1a: Ninetales\n|-damage|p1a: Ninetales|19\/100\n|\n|-weather|Snow|[upkeep]\n|upkeep\n|turn|16\n|\n|t:|1700423921\n|move|p1a: Ninetales|Freeze-Dry|p2a: Drifblim\n|-damage|p2a: Drifblim|49\/100\n|replace|p2a: Zoroark|Zoroark, M, shiny\n|-end|p2a: Zoroark|Illusion\n|move|p2a: Zoroark|Flamethrower|p1a: Ninetales\n|-supereffective|p1a: Ninetales\n|-damage|p1a: Ninetales|0 fnt\n|faint|p1a: Ninetales\n|\n|-weather|Snow|[upkeep]\n|upkeep\n|\n|t:|1700423931\n|switch|p1a: Ogerpon|Ogerpon-Wellspring, F|100\/100\n|turn|17\n|\n|t:|1700423959\n|switch|p2a: Drifblim|Drifblim, M, shiny|100\/100\n|-damage|p2a: Drifblim|76\/100|[from] Stealth Rock\n|move|p1a: Ogerpon|Swords Dance|p1a: Ogerpon\n|-boost|p1a: Ogerpon|atk|2\n|\n|-weather|Snow|[upkeep]\n|-status|p2a: Drifblim|brn|[from] item: Flame Orb\n|upkeep\n|turn|18\n|\n|t:|1700423969\n|move|p1a: Ogerpon|Ivy Cudgel|p2a: Drifblim|[anim] Ivy Cudgel Water\n|-damage|p2a: Drifblim|0 fnt\n|faint|p2a: Drifblim\n|\n|-weather|Snow|[upkeep]\n|upkeep\n|\n|t:|1700423971\n|switch|p2a: Sandy Shocks|Sandy Shocks|49\/100\n|-damage|p2a: Sandy Shocks|37\/100|[from] Stealth Rock\n|turn|19\n|\n|t:|1700423980\n|move|p1a: Ogerpon|Horn Leech|p2a: Sandy Shocks\n|-damage|p2a: Sandy Shocks|0 fnt\n|replace|p2a: Zoroark|Zoroark, M, shiny\n|-end|p2a: Zoroark|Illusion\n|faint|p2a: Zoroark\n|\n|-weather|none\n|upkeep\n|\n|t:|1700423983\n|switch|p2a: Sandy Shocks|Sandy Shocks|100\/100\n|-damage|p2a: Sandy Shocks|94\/100|[from] Stealth Rock\n|-enditem|p2a: Sandy Shocks|Booster Energy\n|-activate|p2a: Sandy Shocks|ability: Protosynthesis|[fromitem]\n|-start|p2a: Sandy Shocks|protosynthesisspe\n|turn|20\n|\n|t:|1700423993\n|move|p2a: Sandy Shocks|Thunderbolt|p1a: Ogerpon\n|-damage|p1a: Ogerpon|77\/100\n|move|p1a: Ogerpon|Ivy Cudgel|p2a: Sandy Shocks|[anim] Ivy Cudgel Water\n|-supereffective|p2a: Sandy Shocks\n|-damage|p2a: Sandy Shocks|0 fnt\n|faint|p2a: Sandy Shocks\n|-end|p2a: Sandy Shocks|Protosynthesis|[silent]\n|\n|win|TheZalmancer\n|raw|TheZalmancer's rating: 1367 &rarr; <strong>1382<\/strong><br \/>(+15 for winning)\n|raw|prime572's rating: 1277 &rarr; <strong>1258<\/strong><br \/>(-19 for losing)\n|c|\u2606TheZalmancer|ggs\n|l|\u2606prime572\n","uploadtime":1700424015,"views":25,"p1id":"thezalmancer","p2id":"prime572","formatid":"gen9ou","rating":1258,"private":0,"password":""}