{"id":"gen9ou-1988705681","p1":"venusaurusrex","p2":"mathismathin","format":"[Gen 9] OU","log":"|j|\u2606venusaurusrex\n|j|\u2606mathismathin\n|t:|1699752924\n|gametype|singles\n|player|p1|venusaurusrex|101|1631\n|player|p2|mathismathin|nate|1749\n|teamsize|p1|6\n|teamsize|p2|6\n|gen|9\n|tier|[Gen 9] OU\n|rated|\n|rule|Sleep Clause Mod: Limit one foe put to sleep\n|rule|Species Clause: Limit one of each Pok\u00e9mon\n|rule|OHKO Clause: OHKO moves are banned\n|rule|Evasion Items Clause: Evasion items are banned\n|rule|Evasion Moves Clause: Evasion moves are banned\n|rule|Endless Battle Clause: Forcing endless battles is banned\n|rule|HP Percentage Mod: HP is shown in percentages\n|clearpoke\n|poke|p1|Walking Wake|\n|poke|p1|Maushold-Four|\n|poke|p1|Dragonite, F|\n|poke|p1|Weezing-Galar, F|\n|poke|p1|Great Tusk|\n|poke|p1|Muk-Alola, M|\n|poke|p2|Hoopa-Unbound|\n|poke|p2|Zapdos|\n|poke|p2|Heatran, F|\n|poke|p2|Great Tusk|\n|poke|p2|Amoonguss, F|\n|poke|p2|Iron Hands|\n|teampreview\n|\n|t:|1699752938\n|start\n|switch|p1a: Walking Wake|Walking Wake|100\/100\n|switch|p2a: Iron Hands|Iron Hands|100\/100\n|turn|1\n|\n|t:|1699752943\n|move|p1a: Walking Wake|Flip Turn|p2a: Iron Hands\n|-damage|p2a: Iron Hands|90\/100\n|\n|t:|1699752946\n|-end|p1a: Walking Wake|Protosynthesis|[silent]\n|switch|p1a: Great Tusk|Great Tusk|100\/100|[from] Flip Turn\n|move|p2a: Iron Hands|Drain Punch|p1a: Great Tusk\n|-damage|p1a: Great Tusk|82\/100\n|-heal|p2a: Iron Hands|99\/100|[from] drain|[of] p1a: Great Tusk\n|-damage|p2a: Iron Hands|82\/100|[from] item: Rocky Helmet|[of] p1a: Great Tusk\n|\n|-heal|p2a: Iron Hands|88\/100|[from] item: Leftovers\n|upkeep\n|turn|2\n|\n|t:|1699752951\n|-end|p2a: Iron Hands|Quark Drive|[silent]\n|switch|p2a: Zapdos|Zapdos|100\/100\n|move|p1a: Great Tusk|Stealth Rock|p2a: Zapdos\n|-sidestart|p2: mathismathin|move: Stealth Rock\n|\n|upkeep\n|turn|3\n|j| Golden Oreos\n|\n|t:|1699752957\n|-end|p1a: Great Tusk|Protosynthesis|[silent]\n|switch|p1a: Muk|Muk-Alola, M|100\/100\n|move|p2a: Zapdos|Hurricane|p1a: Muk|[miss]\n|-miss|p2a: Zapdos|p1a: Muk\n|\n|upkeep\n|turn|4\n|\n|t:|1699752963\n|move|p2a: Zapdos|Volt Switch|p1a: Muk\n|-damage|p1a: Muk|84\/100\n|\n|t:|1699752965\n|switch|p2a: Great Tusk|Great Tusk|100\/100|[from] Volt Switch\n|-damage|p2a: Great Tusk|98\/100|[from] Stealth Rock\n|move|p1a: Muk|Knock Off|p2a: Great Tusk\n|-resisted|p2a: Great Tusk\n|-damage|p2a: Great Tusk|89\/100\n|-enditem|p2a: Great Tusk|Leftovers|[from] move: Knock Off|[of] p1a: Muk\n|\n|-heal|p1a: Muk|90\/100|[from] item: Black Sludge\n|upkeep\n|turn|5\n|\n|t:|1699752971\n|switch|p1a: Weezing|Weezing-Galar, F|100\/100\n|move|p2a: Great Tusk|Knock Off|p1a: Weezing\n|-resisted|p1a: Weezing\n|-damage|p1a: Weezing|84\/100\n|-enditem|p1a: Weezing|Choice Specs|[from] move: Knock Off|[of] p2a: Great Tusk\n|\n|upkeep\n|turn|6\n|\n|t:|1699752976\n|-end|p2a: Great Tusk|Protosynthesis|[silent]\n|switch|p2a: Heatran|Heatran, F|100\/100\n|-damage|p2a: Heatran|88\/100|[from] Stealth Rock\n|move|p1a: Weezing|Strange Steam|p2a: Heatran\n|-resisted|p2a: Heatran\n|-damage|p2a: Heatran|82\/100\n|\n|-heal|p2a: Heatran|89\/100|[from] item: Leftovers\n|upkeep\n|turn|7\n|\n|t:|1699752979\n|switch|p1a: Muk|Muk-Alola, M|90\/100\n|move|p2a: Heatran|Stealth Rock|p1a: Muk\n|-sidestart|p1: venusaurusrex|move: Stealth Rock\n|\n|-heal|p2a: Heatran|95\/100|[from] item: Leftovers\n|-heal|p1a: Muk|96\/100|[from] item: Black Sludge\n|upkeep\n|turn|8\n|\n|t:|1699752982\n|move|p2a: Heatran|Magma Storm|p1a: Muk\n|-damage|p1a: Muk|70\/100\n|-activate|p1a: Muk|move: Magma Storm|[of] p2a: Heatran\n|move|p1a: Muk|Knock Off|p2a: Heatran\n|-damage|p2a: Heatran|66\/100\n|-enditem|p2a: Heatran|Leftovers|[from] move: Knock Off|[of] p1a: Muk\n|\n|-heal|p1a: Muk|76\/100|[from] item: Black Sludge\n|-damage|p1a: Muk|63\/100|[from] move: Magma Storm|[partiallytrapped]\n|upkeep\n|turn|9\n|\n|t:|1699752984\n|move|p2a: Heatran|Earth Power|p1a: Muk\n|-supereffective|p1a: Muk\n|-damage|p1a: Muk|34\/100\n|-unboost|p1a: Muk|spd|1\n|move|p1a: Muk|Drain Punch|p2a: Heatran\n|-supereffective|p2a: Heatran\n|-damage|p2a: Heatran|35\/100\n|-heal|p1a: Muk|48\/100|[from] drain|[of] p2a: Heatran\n|\n|-heal|p1a: Muk|54\/100|[from] item: Black Sludge\n|-damage|p1a: Muk|42\/100|[from] move: Magma Storm|[partiallytrapped]\n|upkeep\n|turn|10\n|\n|t:|1699752990\n|move|p2a: Heatran|Earth Power|p1a: Muk\n|-supereffective|p1a: Muk\n|-damage|p1a: Muk|0 fnt\n|faint|p1a: Muk\n|\n|upkeep\n|\n|t:|1699752994\n|switch|p1a: Walking Wake|Walking Wake|100\/100\n|-damage|p1a: Walking Wake|88\/100|[from] Stealth Rock\n|turn|11\n|j| Tabata Tandemaus\n|\n|t:|1699753010\n|switch|p2a: Amoonguss|Amoonguss, F|100\/100\n|-damage|p2a: Amoonguss|88\/100|[from] Stealth Rock\n|move|p1a: Walking Wake|Flip Turn|p2a: Amoonguss\n|-resisted|p2a: Amoonguss\n|-damage|p2a: Amoonguss|80\/100\n|\n|t:|1699753015\n|-end|p1a: Walking Wake|Protosynthesis|[silent]\n|switch|p1a: Weezing|Weezing-Galar, F|84\/100|[from] Flip Turn\n|-damage|p1a: Weezing|72\/100|[from] Stealth Rock\n|\n|-heal|p2a: Amoonguss|87\/100|[from] item: Leftovers\n|upkeep\n|turn|12\n|\n|t:|1699753019\n|switch|p2a: Heatran|Heatran, F|35\/100\n|-damage|p2a: Heatran|23\/100|[from] Stealth Rock\n|move|p1a: Weezing|Overheat|p2a: Heatran\n|-start|p2a: Heatran|ability: Flash Fire\n|\n|upkeep\n|turn|13\n|\n|t:|1699753023\n|move|p1a: Weezing|Shadow Ball|p2a: Heatran\n|-damage|p2a: Heatran|10\/100\n|move|p2a: Heatran|Magma Storm|p1a: Weezing\n|-damage|p1a: Weezing|0 fnt\n|faint|p1a: Weezing\n|\n|upkeep\n|\n|t:|1699753034\n|switch|p1a: Great Tusk|Great Tusk|82\/100\n|-damage|p1a: Great Tusk|79\/100|[from] Stealth Rock\n|turn|14\n|\n|t:|1699753040\n|move|p1a: Great Tusk|Rapid Spin|p2a: Heatran\n|-resisted|p2a: Heatran\n|-damage|p2a: Heatran|4\/100\n|-boost|p1a: Great Tusk|spe|1\n|-sideend|p1: venusaurusrex|Stealth Rock|[from] move: Rapid Spin|[of] p1a: Great Tusk\n|move|p2a: Heatran|Magma Storm|p1a: Great Tusk\n|-crit|p1a: Great Tusk\n|-damage|p1a: Great Tusk|0 fnt\n|faint|p1a: Great Tusk\n|-end|p1a: Great Tusk|Protosynthesis|[silent]\n|\n|upkeep\n|\n|t:|1699753044\n|switch|p1a: Walking Wake|Walking Wake|88\/100\n|turn|15\n|\n|t:|1699753049\n|move|p1a: Walking Wake|Flip Turn|p2a: Heatran\n|-supereffective|p2a: Heatran\n|-damage|p2a: Heatran|0 fnt\n|faint|p2a: Heatran\n|\n|t:|1699753051\n|-end|p1a: Walking Wake|Protosynthesis|[silent]\n|switch|p1a: Dragonite|Dragonite, F|100\/100|[from] Flip Turn\n|\n|upkeep\n|\n|t:|1699753060\n|switch|p2a: Hoopa|Hoopa-Unbound|100\/100\n|-damage|p2a: Hoopa|88\/100|[from] Stealth Rock\n|turn|16\n|\n|t:|1699753064\n|move|p2a: Hoopa|Trick|p1a: Dragonite\n|-activate|p2a: Hoopa|move: Trick|[of] p1a: Dragonite\n|-item|p1a: Dragonite|Choice Scarf|[from] move: Trick\n|-item|p2a: Hoopa|Choice Band|[from] move: Trick\n|move|p1a: Dragonite|Outrage|p2a: Hoopa\n|-damage|p2a: Hoopa|0 fnt\n|faint|p2a: Hoopa\n|\n|upkeep\n|\n|t:|1699753075\n|switch|p2a: Great Tusk|Great Tusk|89\/100\n|-damage|p2a: Great Tusk|86\/100|[from] Stealth Rock\n|turn|17\n|\n|t:|1699753078\n|move|p1a: Dragonite|Outrage|p2a: Great Tusk|[from]lockedmove\n|-damage|p2a: Great Tusk|48\/100\n|-start|p1a: Dragonite|confusion|[fatigue]\n|move|p2a: Great Tusk|Rapid Spin|p1a: Dragonite\n|-damage|p1a: Dragonite|93\/100\n|-boost|p2a: Great Tusk|spe|1\n|-sideend|p2: mathismathin|Stealth Rock|[from] move: Rapid Spin|[of] p2a: Great Tusk\n|\n|upkeep\n|turn|18\n|\n|t:|1699753082\n|switch|p1a: Walking Wake|Walking Wake|88\/100\n|move|p2a: Great Tusk|Bulk Up|p2a: Great Tusk\n|-boost|p2a: Great Tusk|atk|1\n|-boost|p2a: Great Tusk|def|1\n|\n|upkeep\n|turn|19\n|\n|t:|1699753086\n|-end|p2a: Great Tusk|Protosynthesis|[silent]\n|switch|p2a: Amoonguss|Amoonguss, F|100\/100\n|move|p1a: Walking Wake|Hydro Steam|p2a: Amoonguss\n|-resisted|p2a: Amoonguss\n|-damage|p2a: Amoonguss|86\/100\n|\n|-heal|p2a: Amoonguss|93\/100|[from] item: Leftovers\n|upkeep\n|turn|20\n|\n|t:|1699753090\n|-end|p1a: Walking Wake|Protosynthesis|[silent]\n|switch|p1a: Dragonite|Dragonite, F|93\/100\n|move|p2a: Amoonguss|Spore|p1a: Dragonite\n|-status|p1a: Dragonite|slp|[from] move: Spore\n|\n|-heal|p2a: Amoonguss|99\/100|[from] item: Leftovers\n|upkeep\n|turn|21\n|\n|t:|1699753094\n|switch|p1a: Maushold|Maushold-Four|100\/100\n|move|p2a: Amoonguss|Sludge Bomb|p1a: Maushold\n|-damage|p1a: Maushold|63\/100\n|-status|p1a: Maushold|psn\n|\n|-heal|p2a: Amoonguss|100\/100|[from] item: Leftovers\n|-damage|p1a: Maushold|51\/100 psn|[from] psn\n|upkeep\n|turn|22\n|\n|t:|1699753099\n|-terastallize|p2a: Amoonguss|Ghost\n|move|p1a: Maushold|Population Bomb|p2a: Amoonguss\n|-immune|p2a: Amoonguss\n|move|p2a: Amoonguss|Sludge Bomb|p1a: Maushold\n|-damage|p1a: Maushold|13\/100 psn\n|\n|-damage|p1a: Maushold|0 fnt|[from] psn\n|faint|p1a: Maushold\n|upkeep\n|\n|t:|1699753102\n|switch|p1a: Walking Wake|Walking Wake|88\/100\n|turn|23\n|\n|t:|1699753107\n|move|p1a: Walking Wake|Hydro Steam|p2a: Amoonguss\n|-damage|p2a: Amoonguss|70\/100\n|move|p2a: Amoonguss|Sludge Bomb|p1a: Walking Wake\n|-damage|p1a: Walking Wake|57\/100\n|\n|-heal|p2a: Amoonguss|76\/100|[from] item: Leftovers\n|upkeep\n|turn|24\n|\n|t:|1699753113\n|-terastallize|p1a: Walking Wake|Steel\n|move|p1a: Walking Wake|Hydro Steam|p2a: Amoonguss\n|-damage|p2a: Amoonguss|47\/100\n|move|p2a: Amoonguss|Sludge Bomb|p1a: Walking Wake\n|-immune|p1a: Walking Wake\n|\n|-heal|p2a: Amoonguss|53\/100|[from] item: Leftovers\n|upkeep\n|turn|25\n|\n|t:|1699753117\n|move|p1a: Walking Wake|Hydro Steam|p2a: Amoonguss\n|-damage|p2a: Amoonguss|23\/100\n|move|p2a: Amoonguss|Synthesis|p2a: Amoonguss\n|-heal|p2a: Amoonguss|73\/100\n|\n|-heal|p2a: Amoonguss|79\/100|[from] item: Leftovers\n|upkeep\n|turn|26\n|\n|t:|1699753119\n|move|p1a: Walking Wake|Hydro Steam|p2a: Amoonguss\n|-damage|p2a: Amoonguss|51\/100\n|move|p2a: Amoonguss|Grass Knot|p1a: Walking Wake\n|-resisted|p1a: Walking Wake\n|-damage|p1a: Walking Wake|36\/100\n|\n|-heal|p2a: Amoonguss|57\/100|[from] item: Leftovers\n|upkeep\n|turn|27\n|\n|t:|1699753123\n|move|p1a: Walking Wake|Hydro Steam|p2a: Amoonguss\n|-damage|p2a: Amoonguss|26\/100\n|move|p2a: Amoonguss|Synthesis|p2a: Amoonguss\n|-heal|p2a: Amoonguss|76\/100\n|\n|-heal|p2a: Amoonguss|83\/100|[from] item: Leftovers\n|upkeep\n|turn|28\n|\n|t:|1699753126\n|move|p1a: Walking Wake|Hydro Steam|p2a: Amoonguss\n|-damage|p2a: Amoonguss|53\/100\n|move|p2a: Amoonguss|Grass Knot|p1a: Walking Wake\n|-resisted|p1a: Walking Wake\n|-damage|p1a: Walking Wake|14\/100\n|\n|-heal|p2a: Amoonguss|59\/100|[from] item: Leftovers\n|upkeep\n|turn|29\n|-message|venusaurusrex forfeited.\n|\n|win|mathismathin\n|raw|venusaurusrex's rating: 1631 &rarr; <strong>1618<\/strong><br \/>(-13 for losing)\n|raw|mathismathin's rating: 1749 &rarr; <strong>1762<\/strong><br \/>(+13 for winning)\n|l|\u2606venusaurusrex\n","uploadtime":1699753138,"views":8,"p1id":"venusaurusrex","p2id":"mathismathin","formatid":"gen9ou","rating":1618,"private":0,"password":""}