{"id":"gen9ou-1994638664","p1":"Kondroid","p2":"pokemanpablotest","format":"[Gen 9] OU","log":"|j|\u2606Kondroid\n|j|\u2606pokemanpablotest\n|t:|1700473653\n|gametype|singles\n|player|p1|Kondroid|hilbert-wonderlauncher|1167\n|player|p2|pokemanpablotest|101|1106\n|teamsize|p1|6\n|teamsize|p2|6\n|gen|9\n|tier|[Gen 9] OU\n|rated|\n|rule|Sleep Clause Mod: Limit one foe put to sleep\n|rule|Species Clause: Limit one of each Pok\u00e9mon\n|rule|OHKO Clause: OHKO moves are banned\n|rule|Evasion Items Clause: Evasion items are banned\n|rule|Evasion Moves Clause: Evasion moves are banned\n|rule|Endless Battle Clause: Forcing endless battles is banned\n|rule|HP Percentage Mod: HP is shown in percentages\n|clearpoke\n|poke|p1|Great Tusk|\n|poke|p1|Sinistcha|\n|poke|p1|Alomomola, M|\n|poke|p1|Dragonite, M|\n|poke|p1|Ogerpon-Cornerstone, F|\n|poke|p1|Ribombee, F|\n|poke|p2|Mamoswine, F|\n|poke|p2|Ninetales-Alola, F|\n|poke|p2|Ceruledge, M|\n|poke|p2|Manaphy|\n|poke|p2|Hatterene, F|\n|poke|p2|Kommo-o, M|\n|teampreview\n|inactive|Battle timer is ON: inactive players will automatically lose when time's up. (requested by Kondroid)\n|\n|t:|1700473658\n|start\n|switch|p1a: Ribombee|Ribombee, F|100\/100\n|switch|p2a: Ninetales|Ninetales-Alola, F|100\/100\n|-weather|Snow|[from] ability: Snow Warning|[of] p2a: Ninetales\n|turn|1\n|\n|t:|1700473666\n|switch|p2a: Hatterene|Hatterene, F|100\/100\n|move|p1a: Ribombee|Sticky Web|p2a: Hatterene\n|move|p2a: Hatterene|Sticky Web|p1a: Ribombee|[from]ability: Magic Bounce\n|-sidestart|p1: Kondroid|move: Sticky Web\n|\n|-weather|Snow|[upkeep]\n|upkeep\n|turn|2\n|\n|t:|1700473674\n|move|p1a: Ribombee|Tailwind|p1a: Ribombee\n|-sidestart|p1: Kondroid|move: Tailwind\n|move|p2a: Hatterene|Reflect|p2a: Hatterene\n|-sidestart|p2: pokemanpablotest|Reflect\n|\n|-weather|Snow|[upkeep]\n|upkeep\n|turn|3\n|\n|t:|1700473685\n|switch|p1a: Great Tusk|Great Tusk|100\/100\n|-activate|p1a: Great Tusk|move: Sticky Web\n|-unboost|p1a: Great Tusk|spe|1\n|-enditem|p1a: Great Tusk|Booster Energy\n|-activate|p1a: Great Tusk|ability: Protosynthesis|[fromitem]\n|-start|p1a: Great Tusk|protosynthesisatk\n|move|p2a: Hatterene|Calm Mind|p2a: Hatterene\n|-boost|p2a: Hatterene|spa|1\n|-boost|p2a: Hatterene|spd|1\n|\n|-weather|Snow|[upkeep]\n|upkeep\n|turn|4\n|\n|t:|1700473691\n|move|p1a: Great Tusk|Rapid Spin|p2a: Hatterene\n|-crit|p2a: Hatterene\n|-damage|p2a: Hatterene|67\/100\n|-boost|p1a: Great Tusk|spe|1\n|-damage|p1a: Great Tusk|84\/100|[from] item: Rocky Helmet|[of] p2a: Hatterene\n|-sideend|p1: Kondroid|Sticky Web|[from] move: Rapid Spin|[of] p1a: Great Tusk\n|move|p2a: Hatterene|Draining Kiss|p1a: Great Tusk\n|-supereffective|p1a: Great Tusk\n|-damage|p1a: Great Tusk|0 fnt\n|-heal|p2a: Hatterene|100\/100|[from] drain|[of] p1a: Great Tusk\n|faint|p1a: Great Tusk\n|-end|p1a: Great Tusk|Protosynthesis|[silent]\n|\n|-weather|Snow|[upkeep]\n|upkeep\n|\n|t:|1700473706\n|switch|p1a: Sinistcha|Sinistcha|100\/100\n|turn|5\n|\n|t:|1700473712\n|move|p1a: Sinistcha|Strength Sap|p2a: Hatterene\n|move|p2a: Hatterene|Strength Sap|p1a: Sinistcha|[from]ability: Magic Bounce\n|-unboost|p1a: Sinistcha|atk|1\n|move|p2a: Hatterene|Mystical Fire|p1a: Sinistcha\n|-supereffective|p1a: Sinistcha\n|-damage|p1a: Sinistcha|58\/100\n|-unboost|p1a: Sinistcha|spa|1\n|\n|-weather|none\n|-heal|p1a: Sinistcha|64\/100|[from] item: Leftovers\n|-sideend|p1: Kondroid|move: Tailwind\n|upkeep\n|turn|6\n|\n|t:|1700473726\n|move|p1a: Sinistcha|Matcha Gotcha|p2a: Hatterene\n|-damage|p2a: Hatterene|82\/100\n|-heal|p1a: Sinistcha|73\/100|[from] drain|[of] p2a: Hatterene\n|move|p2a: Hatterene|Calm Mind|p2a: Hatterene\n|-boost|p2a: Hatterene|spa|1\n|-boost|p2a: Hatterene|spd|1\n|\n|-heal|p1a: Sinistcha|79\/100|[from] item: Leftovers\n|-sideend|p2: pokemanpablotest|Reflect\n|upkeep\n|turn|7\n|\n|t:|1700473739\n|move|p1a: Sinistcha|Scald|p2a: Hatterene\n|-damage|p2a: Hatterene|72\/100\n|move|p2a: Hatterene|Calm Mind|p2a: Hatterene\n|-boost|p2a: Hatterene|spa|1\n|-boost|p2a: Hatterene|spd|1\n|\n|-heal|p1a: Sinistcha|85\/100|[from] item: Leftovers\n|upkeep\n|turn|8\n|\n|t:|1700473750\n|switch|p1a: Alomomola|Alomomola, M|100\/100\n|move|p2a: Hatterene|Reflect|p2a: Hatterene\n|-sidestart|p2: pokemanpablotest|Reflect\n|\n|upkeep\n|turn|9\n|\n|t:|1700473757\n|move|p1a: Alomomola|Scald|p2a: Hatterene\n|-damage|p2a: Hatterene|67\/100\n|move|p2a: Hatterene|Draining Kiss|p1a: Alomomola\n|-damage|p1a: Alomomola|28\/100\n|-heal|p2a: Hatterene|100\/100|[from] drain|[of] p1a: Alomomola\n|-enditem|p1a: Alomomola|Red Card|[of] p2a: Hatterene\n|drag|p2a: Ceruledge|Ceruledge, M|100\/100\n|\n|upkeep\n|turn|10\n|\n|t:|1700473772\n|switch|p2a: Ninetales|Ninetales-Alola, F|100\/100\n|-weather|Snow|[from] ability: Snow Warning|[of] p2a: Ninetales\n|move|p1a: Alomomola|Scald|p2a: Ninetales\n|-damage|p2a: Ninetales|88\/100\n|\n|-weather|Snow|[upkeep]\n|upkeep\n|turn|11\n|\n|t:|1700473793\n|switch|p2a: Manaphy|Manaphy|100\/100\n|switch|p1a: Ribombee|Ribombee, F|100\/100\n|\n|-weather|Snow|[upkeep]\n|upkeep\n|turn|12\n|\n|t:|1700473800\n|switch|p2a: Hatterene|Hatterene, F|100\/100\n|move|p1a: Ribombee|Sticky Web|p2a: Hatterene\n|move|p2a: Hatterene|Sticky Web|p1a: Ribombee|[from]ability: Magic Bounce\n|-sidestart|p1: Kondroid|move: Sticky Web\n|\n|-weather|Snow|[upkeep]\n|-sideend|p2: pokemanpablotest|Reflect\n|upkeep\n|turn|13\n|\n|t:|1700473806\n|switch|p1a: Sinistcha|Sinistcha|85\/100\n|-activate|p1a: Sinistcha|move: Sticky Web\n|-unboost|p1a: Sinistcha|spe|1\n|switch|p2a: Ninetales|Ninetales-Alola, F|88\/100\n|\n|-weather|Snow|[upkeep]\n|-heal|p1a: Sinistcha|91\/100|[from] item: Leftovers\n|upkeep\n|turn|14\n|\n|t:|1700473811\n|move|p2a: Ninetales|Aurora Veil|p2a: Ninetales\n|-sidestart|p2: pokemanpablotest|move: Aurora Veil\n|move|p1a: Sinistcha|Matcha Gotcha|p2a: Ninetales\n|-damage|p2a: Ninetales|68\/100\n|-heal|p1a: Sinistcha|100\/100|[from] drain|[of] p2a: Ninetales\n|\n|-weather|none\n|upkeep\n|turn|15\n|\n|t:|1700473826\n|switch|p2a: Hatterene|Hatterene, F|100\/100\n|move|p1a: Sinistcha|Shadow Ball|p2a: Hatterene\n|-supereffective|p2a: Hatterene\n|-damage|p2a: Hatterene|62\/100\n|\n|upkeep\n|turn|16\n|\n|t:|1700473837\n|move|p1a: Sinistcha|Shadow Ball|p2a: Hatterene\n|-supereffective|p2a: Hatterene\n|-damage|p2a: Hatterene|23\/100\n|move|p2a: Hatterene|Mystical Fire|p1a: Sinistcha\n|-supereffective|p1a: Sinistcha\n|-damage|p1a: Sinistcha|73\/100\n|-unboost|p1a: Sinistcha|spa|1\n|\n|-heal|p1a: Sinistcha|79\/100|[from] item: Leftovers\n|upkeep\n|turn|17\n|\n|t:|1700473855\n|switch|p2a: Kommo-o|Kommo-o, M|100\/100\n|move|p1a: Sinistcha|Shadow Ball|p2a: Kommo-o\n|-damage|p2a: Kommo-o|83\/100\n|-unboost|p2a: Kommo-o|spd|1\n|\n|-heal|p1a: Sinistcha|85\/100|[from] item: Leftovers\n|upkeep\n|turn|18\n|\n|t:|1700473865\n|-terastallize|p2a: Kommo-o|Normal\n|move|p2a: Kommo-o|Clangorous Soul|p2a: Kommo-o\n|-boost|p2a: Kommo-o|atk|1\n|-boost|p2a: Kommo-o|def|1\n|-boost|p2a: Kommo-o|spa|1\n|-boost|p2a: Kommo-o|spd|1\n|-boost|p2a: Kommo-o|spe|1\n|-damage|p2a: Kommo-o|50\/100\n|-enditem|p2a: Kommo-o|Throat Spray\n|-boost|p2a: Kommo-o|spa|1|[from] item: Throat Spray\n|move|p1a: Sinistcha|Scald|p2a: Kommo-o\n|-damage|p2a: Kommo-o|39\/100\n|-status|p2a: Kommo-o|brn\n|\n|-heal|p1a: Sinistcha|91\/100|[from] item: Leftovers\n|-damage|p2a: Kommo-o|33\/100 brn|[from] brn\n|upkeep\n|turn|19\n|\n|t:|1700473878\n|move|p2a: Kommo-o|Flamethrower|p1a: Sinistcha\n|-supereffective|p1a: Sinistcha\n|-damage|p1a: Sinistcha|33\/100\n|move|p1a: Sinistcha|Strength Sap|p2a: Kommo-o\n|-unboost|p2a: Kommo-o|atk|1\n|-heal|p1a: Sinistcha|100\/100\n|\n|-damage|p2a: Kommo-o|27\/100 brn|[from] brn\n|upkeep\n|turn|20\n|\n|t:|1700473891\n|move|p2a: Kommo-o|Flamethrower|p1a: Sinistcha\n|-supereffective|p1a: Sinistcha\n|-damage|p1a: Sinistcha|41\/100\n|move|p1a: Sinistcha|Matcha Gotcha|p2a: Kommo-o\n|-damage|p2a: Kommo-o|12\/100 brn\n|-heal|p1a: Sinistcha|47\/100|[from] drain|[of] p2a: Kommo-o\n|\n|-heal|p1a: Sinistcha|53\/100|[from] item: Leftovers\n|-damage|p2a: Kommo-o|6\/100 brn|[from] brn\n|upkeep\n|turn|21\n|\n|t:|1700473902\n|move|p2a: Kommo-o|Flamethrower|p1a: Sinistcha\n|-supereffective|p1a: Sinistcha\n|-damage|p1a: Sinistcha|0 fnt\n|faint|p1a: Sinistcha\n|\n|-damage|p2a: Kommo-o|0 fnt|[from] brn\n|faint|p2a: Kommo-o\n|-sideend|p2: pokemanpablotest|move: Aurora Veil\n|upkeep\n|\n|t:|1700473915\n|switch|p2a: Ninetales|Ninetales-Alola, F|68\/100\n|switch|p1a: Ogerpon|Ogerpon-Cornerstone, F|100\/100\n|-activate|p1a: Ogerpon|move: Sticky Web\n|-unboost|p1a: Ogerpon|spe|1\n|-weather|Snow|[from] ability: Snow Warning|[of] p2a: Ninetales\n|turn|22\n|\n|t:|1700473924\n|move|p2a: Ninetales|Freeze-Dry|p1a: Ogerpon\n|-supereffective|p1a: Ogerpon\n|-damage|p1a: Ogerpon|53\/100\n|move|p1a: Ogerpon|Ivy Cudgel|p2a: Ninetales|[anim] Ivy Cudgel Rock\n|-supereffective|p2a: Ninetales\n|-damage|p2a: Ninetales|0 fnt\n|faint|p2a: Ninetales\n|\n|-weather|Snow|[upkeep]\n|upkeep\n|\n|t:|1700473937\n|switch|p2a: Mamoswine|Mamoswine, F|100\/100\n|turn|23\n|\n|t:|1700473948\n|move|p1a: Ogerpon|Spiky Shield|p1a: Ogerpon\n|-singleturn|p1a: Ogerpon|move: Protect\n|move|p2a: Mamoswine|Icicle Crash|p1a: Ogerpon\n|-activate|p1a: Ogerpon|move: Protect\n|\n|-weather|Snow|[upkeep]\n|upkeep\n|turn|24\n|\n|t:|1700473956\n|switch|p1a: Alomomola|Alomomola, M|61\/100\n|-activate|p1a: Alomomola|move: Sticky Web\n|-unboost|p1a: Alomomola|spe|1\n|move|p2a: Mamoswine|Icicle Crash|p1a: Alomomola\n|-resisted|p1a: Alomomola\n|-damage|p1a: Alomomola|47\/100\n|\n|-weather|Snow|[upkeep]\n|upkeep\n|turn|25\n|\n|t:|1700473961\n|move|p2a: Mamoswine|Trailblaze|p1a: Alomomola\n|-supereffective|p1a: Alomomola\n|-damage|p1a: Alomomola|25\/100\n|-boost|p2a: Mamoswine|spe|1\n|move|p1a: Alomomola|Wish|p1a: Alomomola\n|\n|-weather|Snow|[upkeep]\n|upkeep\n|turn|26\n|\n|t:|1700473976\n|switch|p1a: Ogerpon|Ogerpon-Cornerstone, F|53\/100\n|-activate|p1a: Ogerpon|move: Sticky Web\n|-unboost|p1a: Ogerpon|spe|1\n|move|p2a: Mamoswine|Trailblaze|p1a: Ogerpon\n|-damage|p1a: Ogerpon|26\/100\n|-boost|p2a: Mamoswine|spe|1\n|\n|-weather|none\n|-heal|p1a: Ogerpon|100\/100|[from] move: Wish|[wisher] Alomomola\n|upkeep\n|turn|27\n|inactive|pokemanpablotest has 120 seconds left.\n|\n|t:|1700474009\n|move|p2a: Mamoswine|Icicle Crash|p1a: Ogerpon\n|-supereffective|p1a: Ogerpon\n|-ability|p1a: Ogerpon|Sturdy\n|-damage|p1a: Ogerpon|1\/100\n|move|p1a: Ogerpon|Ivy Cudgel|p2a: Mamoswine|[anim] Ivy Cudgel Rock\n|-damage|p2a: Mamoswine|37\/100\n|\n|upkeep\n|turn|28\n|\n|t:|1700474019\n|switch|p1a: Alomomola|Alomomola, M|58\/100\n|-activate|p1a: Alomomola|move: Sticky Web\n|-unboost|p1a: Alomomola|spe|1\n|move|p2a: Mamoswine|Ice Shard|p1a: Alomomola\n|-resisted|p1a: Alomomola\n|-damage|p1a: Alomomola|53\/100\n|\n|upkeep\n|turn|29\n|\n|t:|1700474030\n|move|p2a: Mamoswine|Icicle Crash|p1a: Alomomola\n|-resisted|p1a: Alomomola\n|-damage|p1a: Alomomola|39\/100\n|move|p1a: Alomomola|Scald|p2a: Mamoswine\n|-supereffective|p2a: Mamoswine\n|-damage|p2a: Mamoswine|4\/100\n|-enditem|p2a: Mamoswine|Weakness Policy\n|-boost|p2a: Mamoswine|atk|2|[from] item: Weakness Policy\n|-boost|p2a: Mamoswine|spa|2|[from] item: Weakness Policy\n|\n|upkeep\n|turn|30\n|\n|t:|1700474043\n|switch|p2a: Manaphy|Manaphy|100\/100\n|move|p1a: Alomomola|Flip Turn|p2a: Manaphy\n|-resisted|p2a: Manaphy\n|-damage|p2a: Manaphy|93\/100\n|\n|t:|1700474054\n|switch|p1a: Ribombee|Ribombee, F|100\/100|[from] Flip Turn\n|-activate|p1a: Ribombee|move: Sticky Web\n|-unboost|p1a: Ribombee|spe|1\n|\n|-heal|p2a: Manaphy|99\/100|[from] item: Leftovers\n|upkeep\n|turn|31\n|\n|t:|1700474073\n|move|p2a: Manaphy|Tail Glow|p2a: Manaphy\n|-boost|p2a: Manaphy|spa|3\n|move|p1a: Ribombee|Tailwind|p1a: Ribombee\n|-sidestart|p1: Kondroid|move: Tailwind\n|\n|-heal|p2a: Manaphy|100\/100|[from] item: Leftovers\n|upkeep\n|turn|32\n|\n|t:|1700474088\n|move|p1a: Ribombee|Stun Spore|p2a: Manaphy|[miss]\n|-miss|p1a: Ribombee|p2a: Manaphy\n|move|p2a: Manaphy|Scald|p1a: Ribombee\n|-enditem|p1a: Ribombee|Focus Sash\n|-damage|p1a: Ribombee|1\/100\n|\n|upkeep\n|turn|33\n|\n|t:|1700474096\n|switch|p2a: Hatterene|Hatterene, F|23\/100\n|move|p1a: Ribombee|Stun Spore|p2a: Hatterene\n|move|p2a: Hatterene|Stun Spore|p1a: Ribombee|[from]ability: Magic Bounce\n|-status|p1a: Ribombee|par\n|\n|upkeep\n|turn|34\n|\n|t:|1700474109\n|switch|p1a: Alomomola|Alomomola, M|72\/100\n|-activate|p1a: Alomomola|move: Sticky Web\n|-unboost|p1a: Alomomola|spe|1\n|move|p2a: Hatterene|Reflect|p2a: Hatterene\n|-sidestart|p2: pokemanpablotest|Reflect\n|\n|-sideend|p1: Kondroid|move: Tailwind\n|upkeep\n|turn|35\n|\n|t:|1700474129\n|switch|p2a: Manaphy|Manaphy|100\/100\n|move|p1a: Alomomola|Scald|p2a: Manaphy\n|-resisted|p2a: Manaphy\n|-damage|p2a: Manaphy|94\/100\n|-status|p2a: Manaphy|brn\n|\n|-heal|p2a: Manaphy|99\/100 brn|[from] item: Leftovers\n|-damage|p2a: Manaphy|94\/100 brn|[from] brn\n|upkeep\n|turn|36\n|\n|t:|1700474140\n|move|p2a: Manaphy|Take Heart|p2a: Manaphy\n|-boost|p2a: Manaphy|spa|1\n|-boost|p2a: Manaphy|spd|1\n|-curestatus|p2a: Manaphy|brn|[msg]\n|move|p1a: Alomomola|Wish|p1a: Alomomola\n|\n|-heal|p2a: Manaphy|99\/100|[from] item: Leftovers\n|upkeep\n|turn|37\n|\n|t:|1700474167\n|move|p2a: Manaphy|Tail Glow|p2a: Manaphy\n|-boost|p2a: Manaphy|spa|3\n|move|p1a: Alomomola|Flip Turn|p2a: Manaphy\n|-resisted|p2a: Manaphy\n|-damage|p2a: Manaphy|97\/100\n|\n|t:|1700474174\n|switch|p1a: Ogerpon|Ogerpon-Cornerstone, F|1\/100|[from] Flip Turn\n|-activate|p1a: Ogerpon|move: Sticky Web\n|-unboost|p1a: Ogerpon|spe|1\n|\n|-heal|p1a: Ogerpon|90\/100|[from] move: Wish|[wisher] Alomomola\n|-heal|p2a: Manaphy|100\/100|[from] item: Leftovers\n|upkeep\n|turn|38\n|inactive|pokemanpablotest has 120 seconds left.\n|\n|t:|1700474198\n|move|p2a: Manaphy|Scald|p1a: Ogerpon\n|-damage|p1a: Ogerpon|0 fnt\n|faint|p1a: Ogerpon\n|\n|-sideend|p2: pokemanpablotest|Reflect\n|upkeep\n|\n|t:|1700474204\n|switch|p1a: Dragonite|Dragonite, M|100\/100\n|turn|39\n|\n|t:|1700474212\n|move|p1a: Dragonite|Extreme Speed|p2a: Manaphy\n|-damage|p2a: Manaphy|70\/100\n|move|p2a: Manaphy|Scald|p1a: Dragonite\n|-resisted|p1a: Dragonite\n|-damage|p1a: Dragonite|75\/100\n|\n|-heal|p2a: Manaphy|77\/100|[from] item: Leftovers\n|upkeep\n|turn|40\n|inactive|pokemanpablotest has 120 seconds left.\n|\n|t:|1700474237\n|-terastallize|p1a: Dragonite|Normal\n|move|p1a: Dragonite|Extreme Speed|p2a: Manaphy\n|-damage|p2a: Manaphy|37\/100\n|move|p2a: Manaphy|Stored Power|p1a: Dragonite\n|-damage|p1a: Dragonite|0 fnt\n|faint|p1a: Dragonite\n|\n|-heal|p2a: Manaphy|43\/100|[from] item: Leftovers\n|upkeep\n|\n|t:|1700474246\n|switch|p1a: Ribombee|Ribombee, F|1\/100 par\n|-activate|p1a: Ribombee|move: Sticky Web\n|-unboost|p1a: Ribombee|spe|1\n|turn|41\n|\n|t:|1700474251\n|move|p2a: Manaphy|Stored Power|p1a: Ribombee\n|-damage|p1a: Ribombee|0 fnt\n|faint|p1a: Ribombee\n|\n|-heal|p2a: Manaphy|49\/100|[from] item: Leftovers\n|upkeep\n|\n|t:|1700474254\n|switch|p1a: Alomomola|Alomomola, M|100\/100\n|-activate|p1a: Alomomola|move: Sticky Web\n|-unboost|p1a: Alomomola|spe|1\n|turn|42\n|\n|t:|1700474265\n|move|p2a: Manaphy|Take Heart|p2a: Manaphy\n|-boost|p2a: Manaphy|spa|1\n|-boost|p2a: Manaphy|spd|1\n|move|p1a: Alomomola|Acrobatics|p2a: Manaphy\n|-damage|p2a: Manaphy|33\/100\n|\n|-heal|p2a: Manaphy|39\/100|[from] item: Leftovers\n|upkeep\n|turn|43\n|\n|t:|1700474274\n|move|p2a: Manaphy|Stored Power|p1a: Alomomola\n|-damage|p1a: Alomomola|0 fnt\n|faint|p1a: Alomomola\n|\n|win|pokemanpablotest\n|raw|Kondroid's rating: 1167 &rarr; <strong>1138<\/strong><br \/>(-29 for losing)\n|raw|pokemanpablotest's rating: 1106 &rarr; <strong>1135<\/strong><br \/>(+29 for winning)\n","uploadtime":1700474280,"views":10,"p1id":"kondroid","p2id":"pokemanpablotest","formatid":"gen9ou","rating":1135,"private":0,"password":""}