{"id":"gen9ou-1993489809","p1":"shybe","p2":"FlaminFang","format":"[Gen 9] OU","log":"|j|\u2606shybe\n|j|\u2606FlaminFang\n|t:|1700324073\n|gametype|singles\n|player|p1|shybe|serena-masters2|1000\n|player|p2|FlaminFang|marlon|1084\n|teamsize|p1|6\n|teamsize|p2|6\n|gen|9\n|tier|[Gen 9] OU\n|rated|\n|rule|Sleep Clause Mod: Limit one foe put to sleep\n|rule|Species Clause: Limit one of each Pok\u00e9mon\n|rule|OHKO Clause: OHKO moves are banned\n|rule|Evasion Items Clause: Evasion items are banned\n|rule|Evasion Moves Clause: Evasion moves are banned\n|rule|Endless Battle Clause: Forcing endless battles is banned\n|rule|HP Percentage Mod: HP is shown in percentages\n|clearpoke\n|poke|p1|Maushold-Four|\n|poke|p1|Samurott-Hisui, M|\n|poke|p1|Great Tusk|\n|poke|p1|Garganacl, F|\n|poke|p1|Cinderace, F|\n|poke|p1|Thundurus-Therian, M|\n|poke|p2|Garchomp, M|\n|poke|p2|Slowbro-Galar, F|\n|poke|p2|Thundurus-Therian, M|\n|poke|p2|Frosmoth, F|\n|poke|p2|Samurott-Hisui, M|\n|poke|p2|Heatran, M|\n|teampreview\n|\n|t:|1700324086\n|start\n|switch|p1a: Cinderace|Cinderace, F|100\/100\n|switch|p2a: Muscle Beast|Garchomp, M, shiny|100\/100\n|turn|1\n|\n|t:|1700324107\n|move|p1a: Cinderace|U-turn|p2a: Muscle Beast\n|-start|p1a: Cinderace|typechange|Bug|[from] ability: Libero\n|-damage|p2a: Muscle Beast|70\/100\n|-damage|p1a: Cinderace|88\/100|[from] ability: Rough Skin|[of] p2a: Muscle Beast\n|\n|t:|1700324112\n|switch|p1a: Samurott|Samurott-Hisui, M|100\/100|[from] U-turn\n|move|p2a: Muscle Beast|Swords Dance|p2a: Muscle Beast\n|-boost|p2a: Muscle Beast|atk|2\n|\n|upkeep\n|turn|2\n|\n|t:|1700324121\n|move|p1a: Samurott|Razor Shell|p2a: Muscle Beast|[miss]\n|-miss|p1a: Samurott|p2a: Muscle Beast\n|move|p2a: Muscle Beast|Scale Shot|p1a: Samurott|[miss]\n|-miss|p2a: Muscle Beast|p1a: Samurott\n|\n|upkeep\n|turn|3\n|\n|t:|1700324126\n|move|p1a: Samurott|Razor Shell|p2a: Muscle Beast\n|-damage|p2a: Muscle Beast|19\/100\n|-unboost|p2a: Muscle Beast|def|1\n|-damage|p1a: Samurott|88\/100|[from] ability: Rough Skin|[of] p2a: Muscle Beast\n|move|p2a: Muscle Beast|Scale Shot|p1a: Samurott\n|-damage|p1a: Samurott|57\/100\n|-damage|p1a: Samurott|25\/100\n|-damage|p1a: Samurott|0 fnt\n|faint|p1a: Samurott\n|-hitcount|p1: Samurott|3\n|-unboost|p2a: Muscle Beast|def|1\n|-boost|p2a: Muscle Beast|spe|1\n|\n|upkeep\n|\n|t:|1700324132\n|switch|p1a: Cinderace|Cinderace, F|88\/100\n|turn|4\n|\n|t:|1700324145\n|switch|p1a: Thundurus|Thundurus-Therian, M|100\/100\n|move|p2a: Muscle Beast|Earthquake|p1a: Thundurus\n|-immune|p1a: Thundurus\n|\n|upkeep\n|turn|5\n|\n|t:|1700324153\n|move|p2a: Muscle Beast|Scale Shot|p1a: Thundurus|[miss]\n|-miss|p2a: Muscle Beast|p1a: Thundurus\n|move|p1a: Thundurus|Grass Knot|p2a: Muscle Beast\n|-damage|p2a: Muscle Beast|0 fnt\n|-damage|p1a: Thundurus|88\/100|[from] ability: Rough Skin|[of] p2a: Muscle Beast\n|faint|p2a: Muscle Beast\n|\n|upkeep\n|c|\u2606FlaminFang|who made scale shot 90% accuratr\n|c|\u2606FlaminFang|i just want to talk to them\n|\n|t:|1700324175\n|switch|p2a: Super Mario|Thundurus-Therian, M, shiny|100\/100\n|turn|6\n|\n|t:|1700324181\n|switch|p1a: Garganacl|Garganacl, F|100\/100\n|-terastallize|p2a: Super Mario|Ice\n|move|p2a: Super Mario|Tera Blast|p1a: Garganacl|[anim] Tera Blast Ice\n|-damage|p1a: Garganacl|73\/100\n|\n|-heal|p1a: Garganacl|79\/100|[from] item: Leftovers\n|upkeep\n|turn|7\n|c|\u2606shybe|yeah missing 2 in one game is a rip\n|\n|t:|1700324195\n|switch|p2a: Sushi Dish|Samurott-Hisui, M, shiny|100\/100\n|move|p1a: Garganacl|Salt Cure|p2a: Sushi Dish\n|-damage|p2a: Sushi Dish|83\/100\n|-start|p2a: Sushi Dish|Salt Cure\n|\n|-heal|p1a: Garganacl|85\/100|[from] item: Leftovers\n|-damage|p2a: Sushi Dish|58\/100|[from] Salt Cure\n|upkeep\n|turn|8\n|\n|t:|1700324207\n|switch|p1a: Thundurus|Thundurus-Therian, M|88\/100\n|move|p2a: Sushi Dish|Ceaseless Edge|p1a: Thundurus\n|-damage|p1a: Thundurus|16\/100\n|-sidestart|p1: shybe|Spikes\n|\n|-damage|p2a: Sushi Dish|34\/100|[from] Salt Cure\n|upkeep\n|turn|9\n|c|\u2606FlaminFang|yeah\n|\n|t:|1700324218\n|move|p2a: Sushi Dish|Aqua Jet|p1a: Thundurus\n|-damage|p1a: Thundurus|0 fnt\n|faint|p1a: Thundurus\n|\n|-damage|p2a: Sushi Dish|9\/100|[from] Salt Cure\n|upkeep\n|\n|t:|1700324230\n|switch|p1a: Maushold|Maushold-Four|100\/100\n|-damage|p1a: Maushold|88\/100|[from] Spikes\n|turn|10\n|\n|t:|1700324239\n|move|p1a: Maushold|Population Bomb|p2a: Sushi Dish\n|-damage|p2a: Sushi Dish|0 fnt\n|faint|p2a: Sushi Dish\n|-hitcount|p2: Sushi Dish|1\n|\n|upkeep\n|\n|t:|1700324248\n|switch|p2a: Nuclear Bomb|Slowbro-Galar, F|100\/100\n|turn|11\n|-activate|p2a: Nuclear Bomb|ability: Quick Draw\n|\n|t:|1700324258\n|move|p2a: Nuclear Bomb|Drain Punch|p1a: Maushold\n|-supereffective|p1a: Maushold\n|-damage|p1a: Maushold|17\/100\n|move|p1a: Maushold|Tidy Up|p1a: Maushold\n|-sideend|p1: shybe|Spikes\n|-activate|p1a: Maushold|move: Tidy Up\n|-boost|p1a: Maushold|atk|1\n|-boost|p1a: Maushold|spe|1\n|\n|upkeep\n|turn|12\n|c|\u2606shybe|based\n|\n|t:|1700324265\n|move|p1a: Maushold|Population Bomb|p2a: Nuclear Bomb\n|-damage|p2a: Nuclear Bomb|84\/100\n|-damage|p2a: Nuclear Bomb|70\/100\n|-damage|p2a: Nuclear Bomb|54\/100\n|-damage|p2a: Nuclear Bomb|38\/100\n|-damage|p2a: Nuclear Bomb|24\/100\n|-damage|p2a: Nuclear Bomb|8\/100\n|-damage|p2a: Nuclear Bomb|0 fnt\n|faint|p2a: Nuclear Bomb\n|-hitcount|p2: Nuclear Bomb|7\n|\n|upkeep\n|c|\u2606FlaminFang|slowbro is so based\n|\n|t:|1700324280\n|switch|p2a: Super Mario|Thundurus-Therian, M, shiny, tera:Ice|100\/100\n|turn|13\n|c|\u2606shybe|I love quick draw\n|\n|t:|1700324289\n|move|p1a: Maushold|Population Bomb|p2a: Super Mario\n|-damage|p2a: Super Mario|74\/100\n|-crit|p2a: Super Mario\n|-damage|p2a: Super Mario|36\/100\n|-damage|p2a: Super Mario|11\/100\n|-damage|p2a: Super Mario|0 fnt\n|faint|p2a: Super Mario\n|-hitcount|p2: Super Mario|4\n|\n|upkeep\n|c|\u2606FlaminFang|population bomb is so based\n|c|\u2606FlaminFang|how is maushold in ru\n|\n|t:|1700324303\n|switch|p2a: Crab Creature|Heatran, M|100\/100\n|-item|p2a: Crab Creature|Air Balloon\n|turn|14\n|c|\u2606shybe|steels common and rough skin ig\n|\n|t:|1700324319\n|move|p1a: Maushold|Population Bomb|p2a: Crab Creature\n|-resisted|p2a: Crab Creature\n|-damage|p2a: Crab Creature|94\/100\n|-enditem|p2a: Crab Creature|Air Balloon\n|-resisted|p2a: Crab Creature\n|-damage|p2a: Crab Creature|88\/100\n|-resisted|p2a: Crab Creature\n|-damage|p2a: Crab Creature|83\/100\n|-resisted|p2a: Crab Creature\n|-damage|p2a: Crab Creature|76\/100\n|-resisted|p2a: Crab Creature\n|-damage|p2a: Crab Creature|71\/100\n|-hitcount|p2a: Crab Creature|5\n|move|p2a: Crab Creature|Flash Cannon|p1a: Maushold\n|-crit|p1a: Maushold\n|-damage|p1a: Maushold|0 fnt\n|faint|p1a: Maushold\n|\n|upkeep\n|c|\u2606FlaminFang|eh true\n|c|\u2606FlaminFang|but then again protective pads\n|c|\u2606shybe|~~I'm running pads btw~~\n|\n|t:|1700324339\n|switch|p1a: Great Tusk|Great Tusk|100\/100\n|-enditem|p1a: Great Tusk|Booster Energy\n|-activate|p1a: Great Tusk|ability: Protosynthesis|[fromitem]\n|-start|p1a: Great Tusk|protosynthesisatk\n|turn|15\n|c|\u2606FlaminFang|i feel like dipplin would be a good teammate in doubles\n|c|\u2606shybe|its kinda inconsistent without lens\n|c|\u2606FlaminFang|fair\n|c|\u2606shybe|oh yeah that'd be amazing\n|c|\u2606FlaminFang|pads maushold so based but the accuracy <\/3\n|\n|t:|1700324367\n|move|p1a: Great Tusk|Headlong Rush|p2a: Crab Creature\n|-supereffective|p2a: Crab Creature\n|-damage|p2a: Crab Creature|0 fnt\n|-unboost|p1a: Great Tusk|def|1\n|-unboost|p1a: Great Tusk|spd|1\n|faint|p2a: Crab Creature\n|\n|upkeep\n|\n|t:|1700324369\n|switch|p2a: Bone Chiller|Frosmoth, F|100\/100\n|turn|16\n|c|\u2606shybe|I think tidy up really helps damage so you don't need all 10 hits with pads\n|\n|t:|1700324381\n|-terastallize|p1a: Great Tusk|Fighting\n|move|p1a: Great Tusk|Close Combat|p2a: Bone Chiller\n|-damage|p2a: Bone Chiller|0 fnt\n|-unboost|p1a: Great Tusk|def|1\n|-unboost|p1a: Great Tusk|spd|1\n|faint|p2a: Bone Chiller\n|\n|win|shybe\n|raw|shybe's rating: 1000 &rarr; <strong>1049<\/strong><br \/>(+49 for winning)\n|raw|FlaminFang's rating: 1084 &rarr; <strong>1056<\/strong><br \/>(-28 for losing)\n|c|\u2606shybe|gg\n|c|\u2606FlaminFang|gg\n","uploadtime":1700324391,"views":14,"p1id":"shybe","p2id":"flaminfang","formatid":"gen9ou","rating":1049,"private":0,"password":""}