{"id":"gen9ou-1990287229","p1":"tybizzz","p2":"CyberH3","format":"[Gen 9] OU","log":"|j|\u2606tybizzz\n|j|\u2606CyberH3\n|t:|1699951053\n|gametype|singles\n|player|p1|tybizzz|flint|1149\n|player|p2|CyberH3|mars|1261\n|teamsize|p1|6\n|teamsize|p2|6\n|gen|9\n|tier|[Gen 9] OU\n|rated|\n|rule|Sleep Clause Mod: Limit one foe put to sleep\n|rule|Species Clause: Limit one of each Pok\u00e9mon\n|rule|OHKO Clause: OHKO moves are banned\n|rule|Evasion Items Clause: Evasion items are banned\n|rule|Evasion Moves Clause: Evasion moves are banned\n|rule|Endless Battle Clause: Forcing endless battles is banned\n|rule|HP Percentage Mod: HP is shown in percentages\n|clearpoke\n|poke|p1|Vikavolt, F|\n|poke|p1|Enamorus, F|\n|poke|p1|Great Tusk|\n|poke|p1|Gholdengo|\n|poke|p1|Kommo-o, F|\n|poke|p1|Iron Moth|\n|poke|p2|Goodra-Hisui, F|\n|poke|p2|Scizor, M|\n|poke|p2|Mimikyu, M|\n|poke|p2|Grafaiai, M|\n|poke|p2|Azelf|\n|poke|p2|Dragapult, M|\n|teampreview\n|inactive|Battle timer is ON: inactive players will automatically lose when time's up. (requested by tybizzz)\n|\n|t:|1699951059\n|start\n|switch|p1a: Vikavolt|Vikavolt, F|100\/100\n|switch|p2a: ina artist|Grafaiai, M|100\/100\n|turn|1\n|\n|t:|1699951064\n|move|p2a: ina artist|Taunt|p1a: Vikavolt\n|-start|p1a: Vikavolt|move: Taunt\n|move|p1a: Vikavolt|Volt Switch|p2a: ina artist\n|-damage|p2a: ina artist|59\/100\n|\n|t:|1699951071\n|switch|p1a: Great Tusk|Great Tusk|100\/100|[from] Volt Switch\n|-enditem|p1a: Great Tusk|Booster Energy\n|-activate|p1a: Great Tusk|ability: Protosynthesis|[fromitem]\n|-start|p1a: Great Tusk|protosynthesisatk\n|\n|upkeep\n|turn|2\n|\n|t:|1699951075\n|move|p2a: ina artist|Parting Shot|p1a: Great Tusk\n|-unboost|p1a: Great Tusk|atk|1\n|-unboost|p1a: Great Tusk|spa|1\n|\n|t:|1699951090\n|switch|p2a: bettel explodes|Azelf|100\/100|[from] Parting Shot\n|move|p1a: Great Tusk|Stealth Rock|p2a: bettel explodes\n|-sidestart|p2: CyberH3|move: Stealth Rock\n|\n|upkeep\n|turn|3\n|\n|t:|1699951100\n|-end|p1a: Great Tusk|Protosynthesis|[silent]\n|switch|p1a: Gholdengo|Gholdengo|100\/100\n|-item|p1a: Gholdengo|Air Balloon\n|move|p2a: bettel explodes|Trick|p1a: Gholdengo\n|-immune|p1a: Gholdengo|[from] ability: Good as Gold\n|\n|upkeep\n|turn|4\n|\n|t:|1699951111\n|switch|p2a: KIRYU|Dragapult, M|100\/100\n|-damage|p2a: KIRYU|88\/100|[from] Stealth Rock\n|move|p1a: Gholdengo|Nasty Plot|p1a: Gholdengo\n|-boost|p1a: Gholdengo|spa|2\n|\n|upkeep\n|turn|5\n|\n|t:|1699951123\n|-terastallize|p1a: Gholdengo|Dark\n|move|p2a: KIRYU|Phantom Force||[still]\n|-prepare|p2a: KIRYU|Phantom Force\n|move|p1a: Gholdengo|Psyshock|p2a: KIRYU|[miss]\n|-miss|p1a: Gholdengo|p2a: KIRYU\n|\n|upkeep\n|turn|6\n|\n|t:|1699951128\n|move|p2a: KIRYU|Phantom Force|p1a: Gholdengo|[from]lockedmove\n|-resisted|p1a: Gholdengo\n|-damage|p1a: Gholdengo|61\/100\n|-enditem|p1a: Gholdengo|Air Balloon\n|move|p1a: Gholdengo|Psyshock|p2a: KIRYU\n|-damage|p2a: KIRYU|12\/100\n|\n|upkeep\n|turn|7\n|\n|t:|1699951146\n|switch|p2a: Eat With Scissors|Scizor, M|100\/100\n|-damage|p2a: Eat With Scissors|88\/100|[from] Stealth Rock\n|move|p1a: Gholdengo|Psyshock|p2a: Eat With Scissors\n|-resisted|p2a: Eat With Scissors\n|-damage|p2a: Eat With Scissors|63\/100\n|\n|upkeep\n|turn|8\n|\n|t:|1699951157\n|move|p2a: Eat With Scissors|Bullet Punch|p1a: Gholdengo\n|-damage|p1a: Gholdengo|9\/100\n|-damage|p2a: Eat With Scissors|53\/100|[from] item: Life Orb\n|move|p1a: Gholdengo|Thunderbolt|p2a: Eat With Scissors\n|-damage|p2a: Eat With Scissors|0 fnt\n|faint|p2a: Eat With Scissors\n|\n|upkeep\n|\n|t:|1699951160\n|switch|p2a: OHAYOLLIE|Mimikyu, M|100\/100\n|-damage|p2a: OHAYOLLIE|88\/100|[from] Stealth Rock\n|turn|9\n|\n|t:|1699951164\n|move|p2a: OHAYOLLIE|Shadow Sneak|p1a: Gholdengo\n|-resisted|p1a: Gholdengo\n|-damage|p1a: Gholdengo|0 fnt\n|faint|p1a: Gholdengo\n|-damage|p2a: OHAYOLLIE|78\/100|[from] item: Life Orb\n|\n|upkeep\n|\n|t:|1699951172\n|switch|p1a: Kommo-o|Kommo-o, F|100\/100\n|turn|10\n|\n|t:|1699951180\n|move|p2a: OHAYOLLIE|Play Rough|p1a: Kommo-o\n|-supereffective|p1a: Kommo-o\n|-damage|p1a: Kommo-o|0 fnt\n|faint|p1a: Kommo-o\n|-damage|p2a: OHAYOLLIE|68\/100|[from] item: Life Orb\n|\n|upkeep\n|\n|t:|1699951188\n|switch|p1a: Iron Moth|Iron Moth|100\/100\n|-enditem|p1a: Iron Moth|Booster Energy\n|-activate|p1a: Iron Moth|ability: Quark Drive|[fromitem]\n|-start|p1a: Iron Moth|quarkdrivespe\n|turn|11\n|\n|t:|1699951196\n|switch|p2a: Snailtare|Goodra-Hisui, F|100\/100\n|-damage|p2a: Snailtare|94\/100|[from] Stealth Rock\n|move|p1a: Iron Moth|Fiery Dance|p2a: Snailtare\n|-damage|p2a: Snailtare|69\/100\n|-boost|p1a: Iron Moth|spa|1\n|\n|-heal|p2a: Snailtare|75\/100|[from] item: Leftovers\n|upkeep\n|turn|12\n|\n|t:|1699951207\n|-end|p1a: Iron Moth|Quark Drive|[silent]\n|switch|p1a: Enamorus|Enamorus, F, shiny|100\/100\n|move|p2a: Snailtare|Hydro Pump|p1a: Enamorus\n|-damage|p1a: Enamorus|48\/100\n|\n|-heal|p2a: Snailtare|82\/100|[from] item: Leftovers\n|upkeep\n|turn|13\n|\n|t:|1699951214\n|move|p1a: Enamorus|Draining Kiss|p2a: Snailtare\n|-damage|p2a: Snailtare|59\/100\n|-heal|p1a: Enamorus|70\/100|[from] drain|[of] p2a: Snailtare\n|-damage|p1a: Enamorus|60\/100|[from] item: Life Orb\n|move|p2a: Snailtare|Ice Beam|p1a: Enamorus\n|-supereffective|p1a: Enamorus\n|-damage|p1a: Enamorus|0 fnt\n|faint|p1a: Enamorus\n|\n|-heal|p2a: Snailtare|65\/100|[from] item: Leftovers\n|upkeep\n|\n|t:|1699951222\n|switch|p1a: Great Tusk|Great Tusk|100\/100\n|turn|14\n|\n|t:|1699951230\n|-end|p1a: Great Tusk|Protosynthesis|[silent]\n|switch|p1a: Vikavolt|Vikavolt, F|100\/100\n|-terastallize|p2a: Snailtare|Dragon\n|move|p2a: Snailtare|Ice Beam|p1a: Vikavolt\n|-damage|p1a: Vikavolt|66\/100\n|\n|-heal|p2a: Snailtare|71\/100|[from] item: Leftovers\n|upkeep\n|turn|15\n|\n|t:|1699951240\n|move|p2a: Snailtare|Hydro Pump|p1a: Vikavolt\n|-damage|p1a: Vikavolt|19\/100\n|move|p1a: Vikavolt|Sticky Web|p2a: Snailtare\n|-sidestart|p2: CyberH3|move: Sticky Web\n|\n|-heal|p2a: Snailtare|77\/100|[from] item: Leftovers\n|upkeep\n|turn|16\n|\n|t:|1699951246\n|move|p2a: Snailtare|Ice Beam|p1a: Vikavolt\n|-damage|p1a: Vikavolt|0 fnt\n|faint|p1a: Vikavolt\n|\n|-heal|p2a: Snailtare|83\/100|[from] item: Leftovers\n|upkeep\n|\n|t:|1699951254\n|switch|p1a: Great Tusk|Great Tusk|100\/100\n|turn|17\n|\n|t:|1699951257\n|move|p1a: Great Tusk|Ice Spinner|p2a: Snailtare\n|-supereffective|p2a: Snailtare\n|-damage|p2a: Snailtare|35\/100\n|move|p2a: Snailtare|Hydro Pump|p1a: Great Tusk\n|-supereffective|p1a: Great Tusk\n|-damage|p1a: Great Tusk|0 fnt\n|faint|p1a: Great Tusk\n|-end|p1a: Great Tusk|Protosynthesis|[silent]\n|\n|-heal|p2a: Snailtare|41\/100|[from] item: Leftovers\n|upkeep\n|\n|t:|1699951263\n|switch|p1a: Iron Moth|Iron Moth|100\/100\n|turn|18\n|\n|t:|1699951266\n|move|p1a: Iron Moth|Dazzling Gleam|p2a: Snailtare\n|-supereffective|p2a: Snailtare\n|-damage|p2a: Snailtare|7\/100\n|move|p2a: Snailtare|Hydro Pump|p1a: Iron Moth|[miss]\n|-miss|p2a: Snailtare|p1a: Iron Moth\n|\n|-heal|p2a: Snailtare|13\/100|[from] item: Leftovers\n|upkeep\n|turn|19\n|\n|t:|1699951270\n|move|p2a: Snailtare|Protect|p2a: Snailtare\n|-singleturn|p2a: Snailtare|Protect\n|move|p1a: Iron Moth|Dazzling Gleam|p2a: Snailtare\n|-activate|p2a: Snailtare|move: Protect\n|\n|-heal|p2a: Snailtare|19\/100|[from] item: Leftovers\n|upkeep\n|turn|20\n|\n|t:|1699951278\n|move|p2a: Snailtare|Protect||[still]\n|-fail|p2a: Snailtare\n|move|p1a: Iron Moth|Dazzling Gleam|p2a: Snailtare\n|-supereffective|p2a: Snailtare\n|-damage|p2a: Snailtare|0 fnt\n|faint|p2a: Snailtare\n|\n|upkeep\n|\n|t:|1699951282\n|switch|p2a: KIRYU|Dragapult, M|12\/100\n|-damage|p2a: KIRYU|0 fnt|[from] Stealth Rock\n|-activate|p2a: KIRYU|move: Sticky Web\n|faint|p2a: KIRYU\n|\n|t:|1699951289\n|switch|p2a: ina artist|Grafaiai, M|59\/100\n|-damage|p2a: ina artist|46\/100|[from] Stealth Rock\n|-activate|p2a: ina artist|move: Sticky Web\n|-unboost|p2a: ina artist|spe|1\n|turn|21\n|\n|t:|1699951295\n|move|p2a: ina artist|Parting Shot|p1a: Iron Moth\n|-unboost|p1a: Iron Moth|atk|1\n|-unboost|p1a: Iron Moth|spa|1\n|\n|t:|1699951300\n|switch|p2a: bettel explodes|Azelf|100\/100|[from] Parting Shot\n|-damage|p2a: bettel explodes|88\/100|[from] Stealth Rock\n|move|p1a: Iron Moth|Fiery Dance|p2a: bettel explodes\n|-damage|p2a: bettel explodes|43\/100\n|\n|upkeep\n|turn|22\n|\n|t:|1699951308\n|move|p2a: bettel explodes|Thunderbolt|p1a: Iron Moth\n|-damage|p1a: Iron Moth|56\/100\n|move|p1a: Iron Moth|Sludge Wave|p2a: bettel explodes\n|-damage|p2a: bettel explodes|0 fnt\n|faint|p2a: bettel explodes\n|\n|upkeep\n|\n|t:|1699951312\n|switch|p2a: ina artist|Grafaiai, M|46\/100\n|-damage|p2a: ina artist|34\/100|[from] Stealth Rock\n|-activate|p2a: ina artist|move: Sticky Web\n|-unboost|p2a: ina artist|spe|1\n|turn|23\n|\n|t:|1699951315\n|move|p2a: ina artist|Parting Shot|p1a: Iron Moth\n|-unboost|p1a: Iron Moth|atk|1\n|-unboost|p1a: Iron Moth|spa|1\n|\n|t:|1699951317\n|switch|p2a: OHAYOLLIE|Mimikyu, M|68\/100|[from] Parting Shot\n|-damage|p2a: OHAYOLLIE|56\/100|[from] Stealth Rock\n|-activate|p2a: OHAYOLLIE|move: Sticky Web\n|-unboost|p2a: OHAYOLLIE|spe|1\n|move|p1a: Iron Moth|Fiery Dance|p2a: OHAYOLLIE\n|-activate|p2a: OHAYOLLIE|ability: Disguise\n|-damage|p2a: OHAYOLLIE|56\/100\n|detailschange|p2a: OHAYOLLIE|Mimikyu-Busted, M\n|-damage|p2a: OHAYOLLIE|44\/100|[from] pokemon: Mimikyu-Busted\n|\n|upkeep\n|turn|24\n|\n|t:|1699951325\n|move|p2a: OHAYOLLIE|Shadow Sneak|p1a: Iron Moth\n|-damage|p1a: Iron Moth|26\/100\n|-damage|p2a: OHAYOLLIE|34\/100|[from] item: Life Orb\n|move|p1a: Iron Moth|Fiery Dance|p2a: OHAYOLLIE\n|-damage|p2a: OHAYOLLIE|8\/100\n|\n|upkeep\n|turn|25\n|\n|t:|1699951330\n|move|p2a: OHAYOLLIE|Shadow Sneak|p1a: Iron Moth\n|-damage|p1a: Iron Moth|0 fnt\n|faint|p1a: Iron Moth\n|-end|p1a: Iron Moth|Quark Drive|[silent]\n|-damage|p2a: OHAYOLLIE|0 fnt|[from] item: Life Orb\n|faint|p2a: OHAYOLLIE\n|\n|win|CyberH3\n|raw|tybizzz's rating: 1149 &rarr; <strong>1132<\/strong><br \/>(-17 for losing)\n|raw|CyberH3's rating: 1261 &rarr; <strong>1278<\/strong><br \/>(+17 for winning)\n|c|\u2606CyberH3|gg\n","uploadtime":1699951337,"views":9,"p1id":"tybizzz","p2id":"cyberh3","formatid":"gen9ou","rating":1132,"private":0,"password":""}