{"id":"gen9ou-1991190376","p1":"FITE FITE FIT","p2":"OUVT pues","format":"[Gen 9] OU","log":"|j|\u2606FITE FITE FIT\n|j|\u2606OUVT pues\n|t:|1700055370\n|gametype|singles\n|player|p1|FITE FITE FIT|265|1611\n|player|p2|OUVT pues|koga|1678\n|teamsize|p1|6\n|teamsize|p2|6\n|gen|9\n|tier|[Gen 9] OU\n|rated|\n|rule|Sleep Clause Mod: Limit one foe put to sleep\n|rule|Species Clause: Limit one of each Pok\u00e9mon\n|rule|OHKO Clause: OHKO moves are banned\n|rule|Evasion Items Clause: Evasion items are banned\n|rule|Evasion Moves Clause: Evasion moves are banned\n|rule|Endless Battle Clause: Forcing endless battles is banned\n|rule|HP Percentage Mod: HP is shown in percentages\n|clearpoke\n|poke|p1|Enamorus, F|\n|poke|p1|Dragapult, F|\n|poke|p1|Iron Valiant|\n|poke|p1|Gholdengo|\n|poke|p1|Iron Treads|\n|poke|p1|Dragonite, F|\n|poke|p2|Ursaluna, M|\n|poke|p2|Sneasler, M|\n|poke|p2|Cinderace, F|\n|poke|p2|Alomomola, F|\n|poke|p2|Amoonguss, M|\n|poke|p2|Dragapult, M|\n|teampreview\n|inactive|Battle timer is ON: inactive players will automatically lose when time's up. (requested by OUVT pues)\n|\n|t:|1700055381\n|start\n|switch|p1a: Iron Treads|Iron Treads|100\/100\n|switch|p2a: Sneasler|Sneasler, M|100\/100\n|-enditem|p1a: Iron Treads|Booster Energy\n|-activate|p1a: Iron Treads|ability: Quark Drive|[fromitem]\n|-start|p1a: Iron Treads|quarkdrivespe\n|turn|1\n|\n|t:|1700055392\n|-terastallize|p2a: Sneasler|Fighting\n|move|p1a: Iron Treads|Earthquake|p2a: Sneasler\n|-damage|p2a: Sneasler|35\/100\n|move|p2a: Sneasler|Close Combat|p1a: Iron Treads\n|-supereffective|p1a: Iron Treads\n|-damage|p1a: Iron Treads|0 fnt\n|-unboost|p2a: Sneasler|def|1\n|-unboost|p2a: Sneasler|spd|1\n|faint|p1a: Iron Treads\n|-end|p1a: Iron Treads|Quark Drive|[silent]\n|-damage|p2a: Sneasler|25\/100|[from] item: Life Orb\n|\n|upkeep\n|\n|t:|1700055420\n|switch|p1a: Iron Valiant|Iron Valiant|100\/100\n|-enditem|p1a: Iron Valiant|Booster Energy\n|-activate|p1a: Iron Valiant|ability: Quark Drive|[fromitem]\n|-start|p1a: Iron Valiant|quarkdrivespe\n|turn|2\n|inactive|FITE FITE FIT has 120 seconds left.\n|\n|t:|1700055448\n|switch|p2a: Alomomola|Alomomola, F|100\/100\n|move|p1a: Iron Valiant|Calm Mind|p1a: Iron Valiant\n|-boost|p1a: Iron Valiant|spa|1\n|-boost|p1a: Iron Valiant|spd|1\n|\n|upkeep\n|turn|3\n|\n|t:|1700055453\n|move|p1a: Iron Valiant|Moonblast|p2a: Alomomola\n|-damage|p2a: Alomomola|35\/100\n|-unboost|p2a: Alomomola|spa|1\n|-enditem|p2a: Alomomola|Eject Button\n|\n|t:|1700055457\n|switch|p2a: Ursaluna|Ursaluna, M|100\/100\n|\n|-status|p2a: Ursaluna|brn|[from] item: Flame Orb\n|upkeep\n|turn|4\n|\n|t:|1700055464\n|move|p1a: Iron Valiant|Moonblast|p2a: Ursaluna\n|-damage|p2a: Ursaluna|34\/100 brn\n|move|p2a: Ursaluna|Headlong Rush|p1a: Iron Valiant\n|-damage|p1a: Iron Valiant|0 fnt\n|-unboost|p2a: Ursaluna|def|1\n|-unboost|p2a: Ursaluna|spd|1\n|faint|p1a: Iron Valiant\n|-end|p1a: Iron Valiant|Quark Drive|[silent]\n|\n|-damage|p2a: Ursaluna|28\/100 brn|[from] brn\n|upkeep\n|\n|t:|1700055473\n|switch|p1a: Dragapult|Dragapult, F|100\/100\n|turn|5\n|\n|t:|1700055478\n|move|p1a: Dragapult|Dragon Dance|p1a: Dragapult\n|-boost|p1a: Dragapult|atk|1\n|-boost|p1a: Dragapult|spe|1\n|move|p2a: Ursaluna|Headlong Rush|p1a: Dragapult\n|-enditem|p1a: Dragapult|Focus Sash\n|-damage|p1a: Dragapult|1\/100\n|-unboost|p2a: Ursaluna|def|1\n|-unboost|p2a: Ursaluna|spd|1\n|\n|-damage|p2a: Ursaluna|22\/100 brn|[from] brn\n|upkeep\n|turn|6\n|\n|t:|1700055490\n|move|p1a: Dragapult|Dragon Darts|p2a: Ursaluna\n|-damage|p2a: Ursaluna|0 fnt\n|faint|p2a: Ursaluna\n|\n|upkeep\n|\n|t:|1700055491\n|switch|p2a: Alomomola|Alomomola, F|68\/100\n|turn|7\n|\n|t:|1700055495\n|move|p1a: Dragapult|Dragon Darts|p2a: Alomomola\n|-damage|p2a: Alomomola|43\/100\n|-anim|p1a: Dragapult|Dragon Darts|p2a: Alomomola\n|-damage|p2a: Alomomola|19\/100\n|move|p2a: Alomomola|Flip Turn|p1a: Dragapult\n|-resisted|p1a: Dragapult\n|-crit|p1a: Dragapult\n|-damage|p1a: Dragapult|0 fnt\n|faint|p1a: Dragapult\n|\n|t:|1700055502\n|switch|p2a: Dragapult|Dragapult, M|100\/100|[from] Flip Turn\n|\n|upkeep\n|\n|t:|1700055513\n|switch|p1a: Enamorus|Enamorus, F|100\/100\n|turn|8\n|\n|t:|1700055518\n|switch|p2a: Amoonguss|Amoonguss, M|100\/100\n|move|p1a: Enamorus|Moonblast|p2a: Amoonguss\n|-resisted|p2a: Amoonguss\n|-damage|p2a: Amoonguss|83\/100\n|-enditem|p2a: Amoonguss|Eject Button\n|\n|t:|1700055524\n|switch|p2a: Cinderace|Cinderace, F|100\/100\n|\n|upkeep\n|turn|9\n|\n|t:|1700055531\n|switch|p1a: Dragonite|Dragonite, F|100\/100\n|move|p2a: Cinderace|Pyro Ball|p1a: Dragonite\n|-resisted|p1a: Dragonite\n|-damage|p1a: Dragonite|85\/100\n|\n|upkeep\n|turn|10\n|\n|t:|1700055536\n|move|p2a: Cinderace|U-turn|p1a: Dragonite\n|-start|p2a: Cinderace|typechange|Bug|[from] ability: Libero\n|-resisted|p1a: Dragonite\n|-damage|p1a: Dragonite|66\/100\n|\n|t:|1700055539\n|switch|p2a: Amoonguss|Amoonguss, M|100\/100|[from] U-turn\n|move|p1a: Dragonite|Earthquake|p2a: Amoonguss\n|-damage|p2a: Amoonguss|66\/100\n|\n|upkeep\n|turn|11\n|\n|t:|1700055548\n|switch|p1a: Gholdengo|Gholdengo|100\/100\n|-item|p1a: Gholdengo|Air Balloon\n|move|p2a: Amoonguss|Giga Drain|p1a: Gholdengo\n|-resisted|p1a: Gholdengo\n|-crit|p1a: Gholdengo\n|-damage|p1a: Gholdengo|80\/100\n|-heal|p2a: Amoonguss|73\/100|[from] drain|[of] p1a: Gholdengo\n|-enditem|p1a: Gholdengo|Air Balloon\n|\n|upkeep\n|turn|12\n|\n|t:|1700055559\n|switch|p2a: Alomomola|Alomomola, F|53\/100\n|move|p1a: Gholdengo|Nasty Plot|p1a: Gholdengo\n|-boost|p1a: Gholdengo|spa|2\n|\n|upkeep\n|turn|13\n|\n|t:|1700055566\n|move|p1a: Gholdengo|Shadow Ball|p2a: Alomomola\n|-damage|p2a: Alomomola|0 fnt\n|faint|p2a: Alomomola\n|\n|upkeep\n|\n|t:|1700055580\n|switch|p2a: Dragapult|Dragapult, M|100\/100\n|turn|14\n|\n|t:|1700055584\n|-terastallize|p1a: Gholdengo|Water\n|move|p2a: Dragapult|Draco Meteor|p1a: Gholdengo\n|-damage|p1a: Gholdengo|0 fnt\n|-unboost|p2a: Dragapult|spa|2\n|faint|p1a: Gholdengo\n|\n|upkeep\n|\n|t:|1700055590\n|switch|p1a: Enamorus|Enamorus, F|100\/100\n|turn|15\n|c|\u2606FITE FITE FIT|gg\n|c|\u2606OUVT pues|You know what\n|c|\u2606OUVT pues|i missclicked on Draco\n|inactive|OUVT pues has 120 seconds left.\n|\n|t:|1700055622\n|switch|p2a: Amoonguss|Amoonguss, M|100\/100\n|move|p1a: Enamorus|Substitute|p1a: Enamorus\n|-start|p1a: Enamorus|Substitute\n|-damage|p1a: Enamorus|76\/100\n|\n|-heal|p1a: Enamorus|82\/100|[from] item: Leftovers\n|upkeep\n|turn|16\n|c|\u2606FITE FITE FIT|ahah\n|\n|t:|1700055632\n|move|p1a: Enamorus|Calm Mind|p1a: Enamorus\n|-boost|p1a: Enamorus|spa|1\n|-boost|p1a: Enamorus|spd|1\n|move|p2a: Amoonguss|Sludge Bomb|p1a: Enamorus\n|-supereffective|p1a: Enamorus\n|-end|p1a: Enamorus|Substitute\n|\n|-heal|p1a: Enamorus|88\/100|[from] item: Leftovers\n|upkeep\n|turn|17\n|j| Memelover87\n|\n|t:|1700055637\n|move|p1a: Enamorus|Earth Power|p2a: Amoonguss\n|-damage|p2a: Amoonguss|68\/100\n|move|p2a: Amoonguss|Sludge Bomb|p1a: Enamorus\n|-supereffective|p1a: Enamorus\n|-damage|p1a: Enamorus|33\/100\n|\n|-heal|p1a: Enamorus|40\/100|[from] item: Leftovers\n|upkeep\n|turn|18\n|\n|t:|1700055641\n|move|p1a: Enamorus|Earth Power|p2a: Amoonguss\n|-damage|p2a: Amoonguss|31\/100\n|move|p2a: Amoonguss|Sludge Bomb|p1a: Enamorus\n|-supereffective|p1a: Enamorus\n|-damage|p1a: Enamorus|0 fnt\n|faint|p1a: Enamorus\n|\n|upkeep\n|\n|t:|1700055644\n|switch|p1a: Dragonite|Dragonite, F|66\/100\n|turn|19\n|\n|t:|1700055646\n|move|p1a: Dragonite|Ice Spinner|p2a: Amoonguss\n|-supereffective|p2a: Amoonguss\n|-damage|p2a: Amoonguss|0 fnt\n|faint|p2a: Amoonguss\n|\n|upkeep\n|\n|t:|1700055650\n|switch|p2a: Dragapult|Dragapult, M|100\/100\n|turn|20\n|\n|t:|1700055653\n|move|p2a: Dragapult|Draco Meteor|p1a: Dragonite\n|-supereffective|p1a: Dragonite\n|-damage|p1a: Dragonite|0 fnt\n|-unboost|p2a: Dragapult|spa|2\n|faint|p1a: Dragonite\n|\n|win|OUVT pues\n|raw|FITE FITE FIT's rating: 1611 &rarr; <strong>1595<\/strong><br \/>(-16 for losing)\n|raw|OUVT pues's rating: 1678 &rarr; <strong>1694<\/strong><br \/>(+16 for winning)\n|c|\u2606OUVT pues|gg\n|l|\u2606FITE FITE FIT\n|l|\u2606OUVT pues\n|l| Memelover87\n","uploadtime":1700055745,"views":5,"p1id":"fitefitefit","p2id":"ouvtpues","formatid":"gen9ou","rating":1595,"private":0,"password":""}