{"id":"gen9ou-1989541565","p1":"madmod02","p2":"Zezroy6","format":"[Gen 9] OU","log":"|j|\u2606madmod02\n|j|\u2606Zezroy6\n|t:|1699868360\n|gametype|singles\n|player|p1|madmod02|blue|1224\n|player|p2|Zezroy6|janitor|1258\n|teamsize|p1|6\n|teamsize|p2|6\n|gen|9\n|tier|[Gen 9] OU\n|rated|\n|rule|Sleep Clause Mod: Limit one foe put to sleep\n|rule|Species Clause: Limit one of each Pok\u00e9mon\n|rule|OHKO Clause: OHKO moves are banned\n|rule|Evasion Items Clause: Evasion items are banned\n|rule|Evasion Moves Clause: Evasion moves are banned\n|rule|Endless Battle Clause: Forcing endless battles is banned\n|rule|HP Percentage Mod: HP is shown in percentages\n|clearpoke\n|poke|p1|Gholdengo|\n|poke|p1|Ogerpon-Cornerstone, F|\n|poke|p1|Landorus-Therian, M|\n|poke|p1|Cinderace, F|\n|poke|p1|Samurott-Hisui, F|\n|poke|p1|Moltres|\n|poke|p2|Arcanine-Hisui, F|\n|poke|p2|Alomomola, M|\n|poke|p2|Meloetta|\n|poke|p2|Ting-Lu|\n|poke|p2|Lucario, M|\n|poke|p2|Yanmega, M|\n|teampreview\n|inactive|Battle timer is ON: inactive players will automatically lose when time's up. (requested by madmod02)\n|c|\u2606Zezroy6|gl hf\n|\n|t:|1699868372\n|start\n|switch|p1a: Ogerpon|Ogerpon-Cornerstone, F|100\/100\n|switch|p2a: God's gonna Die|Yanmega, M, shiny|100\/100\n|turn|1\n|\n|t:|1699868379\n|move|p2a: God's gonna Die|U-turn|p1a: Ogerpon\n|-supereffective|p1a: Ogerpon\n|-damage|p1a: Ogerpon|55\/100\n|\n|t:|1699868384\n|switch|p2a: Deep Purple|Alomomola, M, shiny|100\/100|[from] U-turn\n|move|p1a: Ogerpon|Ivy Cudgel|p2a: Deep Purple\n|-damage|p2a: Deep Purple|69\/100\n|\n|upkeep\n|turn|2\n|\n|t:|1699868392\n|switch|p2a: God's gonna Die|Yanmega, M, shiny|100\/100\n|move|p1a: Ogerpon|Horn Leech|p2a: God's gonna Die\n|-resisted|p2a: God's gonna Die\n|-damage|p2a: God's gonna Die|87\/100\n|-heal|p1a: Ogerpon|62\/100|[from] drain|[of] p2a: God's gonna Die\n|\n|upkeep\n|turn|3\n|\n|t:|1699868403\n|switch|p1a: Moltres|Moltres|100\/100\n|move|p2a: God's gonna Die|Air Slash|p1a: Moltres\n|-damage|p1a: Moltres|51\/100\n|\n|upkeep\n|turn|4\n|\n|t:|1699868414\n|switch|p2a: Deep Purple|Alomomola, M, shiny|100\/100\n|move|p1a: Moltres|Air Slash|p2a: Deep Purple\n|-crit|p2a: Deep Purple\n|-damage|p2a: Deep Purple|24\/100\n|\n|upkeep\n|turn|5\n|\n|t:|1699868424\n|switch|p2a: Dust to Dust|Arcanine-Hisui, F|100\/100\n|move|p1a: Moltres|Air Slash|p2a: Dust to Dust\n|-resisted|p2a: Dust to Dust\n|-damage|p2a: Dust to Dust|75\/100\n|\n|upkeep\n|turn|6\n|\n|t:|1699868445\n|switch|p1a: Ogerpon|Ogerpon-Cornerstone, F|62\/100\n|move|p2a: Dust to Dust|Head Smash|p1a: Ogerpon\n|-damage|p1a: Ogerpon|0 fnt\n|faint|p1a: Ogerpon\n|\n|upkeep\n|\n|t:|1699868448\n|switch|p1a: Samurott|Samurott-Hisui, F|100\/100\n|turn|7\n|\n|t:|1699868457\n|move|p1a: Samurott|Aqua Jet|p2a: Dust to Dust\n|-supereffective|p2a: Dust to Dust\n|-damage|p2a: Dust to Dust|0 fnt\n|faint|p2a: Dust to Dust\n|\n|upkeep\n|\n|t:|1699868477\n|switch|p2a: God's gonna Die|Yanmega, M, shiny|87\/100\n|turn|8\n|\n|t:|1699868485\n|switch|p1a: Gholdengo|Gholdengo|100\/100\n|move|p2a: God's gonna Die|Bug Buzz|p1a: Gholdengo\n|-resisted|p1a: Gholdengo\n|-damage|p1a: Gholdengo|71\/100\n|\n|upkeep\n|turn|9\n|\n|t:|1699868494\n|switch|p2a: Disney Time|Meloetta|100\/100\n|move|p1a: Gholdengo|Make It Rain|p2a: Disney Time\n|-damage|p2a: Disney Time|65\/100\n|-unboost|p1a: Gholdengo|spa|1\n|\n|upkeep\n|turn|10\n|\n|t:|1699868505\n|switch|p1a: Landorus|Landorus-Therian, M|100\/100\n|-ability|p1a: Landorus|Intimidate|boost\n|-unboost|p2a: Disney Time|atk|1\n|move|p2a: Disney Time|U-turn|p1a: Landorus\n|-resisted|p1a: Landorus\n|-damage|p1a: Landorus|96\/100\n|\n|t:|1699868512\n|switch|p2a: Deep Purple|Alomomola, M, shiny|58\/100|[from] U-turn\n|\n|upkeep\n|turn|11\n|\n|t:|1699868520\n|-terastallize|p1a: Landorus|Flying\n|move|p1a: Landorus|Tera Blast|p2a: Deep Purple|[anim] Tera Blast Flying\n|-damage|p2a: Deep Purple|20\/100\n|move|p2a: Deep Purple|Flip Turn|p1a: Landorus\n|-damage|p1a: Landorus|78\/100\n|inactive|Zezroy6 has 120 seconds left.\n|\n|t:|1699868559\n|switch|p2a: One more Bowl pls?|Ting-Lu|100\/100|[from] Flip Turn\n|-ability|p2a: One more Bowl pls?|Vessel of Ruin\n|\n|upkeep\n|turn|12\n|\n|t:|1699868566\n|switch|p1a: Samurott|Samurott-Hisui, F|100\/100\n|move|p2a: One more Bowl pls?|Ruination|p1a: Samurott|[miss]\n|-miss|p2a: One more Bowl pls?|p1a: Samurott\n|\n|upkeep\n|turn|13\n|inactive|Zezroy6 has 120 seconds left.\n|\n|t:|1699868586\n|switch|p2a: Deep Purple|Alomomola, M, shiny|53\/100\n|move|p1a: Samurott|Sacred Sword|p2a: Deep Purple\n|-damage|p2a: Deep Purple|32\/100\n|\n|upkeep\n|turn|14\n|\n|t:|1699868593\n|move|p1a: Samurott|Sacred Sword|p2a: Deep Purple\n|-damage|p2a: Deep Purple|10\/100\n|move|p2a: Deep Purple|Flip Turn|p1a: Samurott\n|-resisted|p1a: Samurott\n|-damage|p1a: Samurott|91\/100\n|\n|t:|1699868599\n|switch|p2a: God's gonna Die|Yanmega, M, shiny|87\/100|[from] Flip Turn\n|\n|upkeep\n|turn|15\n|\n|t:|1699868605\n|switch|p1a: Gholdengo|Gholdengo|71\/100\n|move|p2a: God's gonna Die|U-turn|p1a: Gholdengo\n|-resisted|p1a: Gholdengo\n|-damage|p1a: Gholdengo|63\/100\n|inactive|Zezroy6 has 120 seconds left.\n|\n|t:|1699868627\n|switch|p2a: One more Bowl pls?|Ting-Lu|100\/100|[from] U-turn\n|-ability|p2a: One more Bowl pls?|Vessel of Ruin\n|\n|upkeep\n|turn|16\n|inactive|Zezroy6 has 120 seconds left.\n|\n|t:|1699868637\n|switch|p2a: God's gonna Die|Yanmega, M, shiny|87\/100\n|move|p1a: Gholdengo|Trick|p2a: God's gonna Die\n|-activate|p1a: Gholdengo|move: Trick|[of] p2a: God's gonna Die\n|-item|p2a: God's gonna Die|Choice Scarf|[from] move: Trick\n|-item|p1a: Gholdengo|Choice Scarf|[from] move: Trick\n|\n|upkeep\n|turn|17\n|inactive|Zezroy6 has 120 seconds left.\n|\n|t:|1699868648\n|switch|p2a: One more Bowl pls?|Ting-Lu|100\/100\n|-ability|p2a: One more Bowl pls?|Vessel of Ruin\n|move|p1a: Gholdengo|Shadow Ball|p2a: One more Bowl pls?\n|-resisted|p2a: One more Bowl pls?\n|-damage|p2a: One more Bowl pls?|90\/100\n|\n|-heal|p2a: One more Bowl pls?|96\/100|[from] item: Leftovers\n|upkeep\n|turn|18\n|\n|t:|1699868659\n|switch|p1a: Samurott|Samurott-Hisui, F|91\/100\n|switch|p2a: God's gonna Die|Yanmega, M, shiny|87\/100\n|\n|upkeep\n|turn|19\n|\n|t:|1699868674\n|switch|p1a: Moltres|Moltres|51\/100\n|move|p2a: God's gonna Die|Bug Buzz|p1a: Moltres\n|-resisted|p1a: Moltres\n|-damage|p1a: Moltres|21\/100\n|\n|upkeep\n|turn|20\n|\n|t:|1699868685\n|switch|p1a: Gholdengo|Gholdengo|63\/100\n|move|p2a: God's gonna Die|Bug Buzz|p1a: Gholdengo\n|-resisted|p1a: Gholdengo\n|-damage|p1a: Gholdengo|37\/100\n|\n|upkeep\n|turn|21\n|\n|t:|1699868694\n|switch|p2a: Disney Time|Meloetta|65\/100\n|move|p1a: Gholdengo|Make It Rain|p2a: Disney Time\n|-damage|p2a: Disney Time|31\/100\n|-unboost|p1a: Gholdengo|spa|1\n|\n|upkeep\n|turn|22\n|\n|t:|1699868700\n|switch|p1a: Samurott|Samurott-Hisui, F|91\/100\n|move|p2a: Disney Time|U-turn|p1a: Samurott\n|-supereffective|p1a: Samurott\n|-damage|p1a: Samurott|61\/100\n|\n|t:|1699868702\n|switch|p2a: God's gonna Die|Yanmega, M, shiny|87\/100|[from] U-turn\n|\n|upkeep\n|turn|23\n|\n|t:|1699868709\n|switch|p1a: Cinderace|Cinderace, F|100\/100\n|move|p2a: God's gonna Die|Bug Buzz|p1a: Cinderace\n|-resisted|p1a: Cinderace\n|-damage|p1a: Cinderace|38\/100\n|\n|upkeep\n|turn|24\n|inactive|madmod02 has 120 seconds left.\n|\n|t:|1699868741\n|switch|p1a: Gholdengo|Gholdengo|37\/100\n|move|p2a: God's gonna Die|Bug Buzz|p1a: Gholdengo\n|-resisted|p1a: Gholdengo\n|-damage|p1a: Gholdengo|10\/100\n|\n|upkeep\n|turn|25\n|inactive|madmod02 has 120 seconds left.\n|\n|t:|1699868758\n|switch|p2a: Disney Time|Meloetta|31\/100\n|move|p1a: Gholdengo|Make It Rain|p2a: Disney Time\n|-damage|p2a: Disney Time|0 fnt\n|-unboost|p1a: Gholdengo|spa|1\n|faint|p2a: Disney Time\n|\n|upkeep\n|\n|t:|1699868762\n|switch|p2a: Deep Purple|Alomomola, M, shiny|44\/100\n|turn|26\n|\n|t:|1699868770\n|switch|p1a: Samurott|Samurott-Hisui, F|61\/100\n|move|p2a: Deep Purple|Flip Turn|p1a: Samurott\n|-resisted|p1a: Samurott\n|-damage|p1a: Samurott|52\/100\n|\n|t:|1699868773\n|switch|p2a: God's gonna Die|Yanmega, M, shiny|87\/100|[from] Flip Turn\n|\n|upkeep\n|turn|27\n|\n|t:|1699868776\n|move|p1a: Samurott|Aqua Jet|p2a: God's gonna Die\n|-damage|p2a: God's gonna Die|63\/100\n|move|p2a: God's gonna Die|Bug Buzz|p1a: Samurott\n|-supereffective|p1a: Samurott\n|-damage|p1a: Samurott|0 fnt\n|faint|p1a: Samurott\n|\n|upkeep\n|\n|t:|1699868787\n|switch|p1a: Landorus|Landorus-Therian, M, tera:Flying|78\/100\n|-ability|p1a: Landorus|Intimidate|boost\n|-unboost|p2a: God's gonna Die|atk|1\n|turn|28\n|\n|t:|1699868792\n|switch|p2a: Deep Purple|Alomomola, M, shiny|77\/100\n|move|p1a: Landorus|Tera Blast|p2a: Deep Purple|[anim] Tera Blast Flying\n|-damage|p2a: Deep Purple|42\/100\n|\n|upkeep\n|turn|29\n|\n|t:|1699868801\n|switch|p1a: Gholdengo|Gholdengo|10\/100\n|move|p2a: Deep Purple|Wish|p2a: Deep Purple\n|\n|upkeep\n|turn|30\n|\n|t:|1699868807\n|move|p2a: Deep Purple|Protect|p2a: Deep Purple\n|-singleturn|p2a: Deep Purple|Protect\n|move|p1a: Gholdengo|Shadow Ball|p2a: Deep Purple\n|-activate|p2a: Deep Purple|move: Protect\n|\n|-heal|p2a: Deep Purple|92\/100|[from] move: Wish|[wisher] Deep Purple\n|upkeep\n|turn|31\n|\n|t:|1699868811\n|switch|p2a: One more Bowl pls?|Ting-Lu|96\/100\n|-ability|p2a: One more Bowl pls?|Vessel of Ruin\n|move|p1a: Gholdengo|Shadow Ball|p2a: One more Bowl pls?\n|-resisted|p2a: One more Bowl pls?\n|-damage|p2a: One more Bowl pls?|84\/100\n|-unboost|p2a: One more Bowl pls?|spd|1\n|\n|-heal|p2a: One more Bowl pls?|90\/100|[from] item: Leftovers\n|upkeep\n|turn|32\n|-message|madmod02 forfeited.\n|\n|win|Zezroy6\n|raw|madmod02's rating: 1224 &rarr; <strong>1201<\/strong><br \/>(-23 for losing)\n|raw|Zezroy6's rating: 1258 &rarr; <strong>1281<\/strong><br \/>(+23 for winning)\n|l|\u2606madmod02\n","uploadtime":1699868819,"views":9,"p1id":"madmod02","p2id":"zezroy6","formatid":"gen9ou","rating":1201,"private":0,"password":""}