{"id":"gen9ou-1993656767","p1":"Fastsloth23","p2":"Noobychris10","format":"[Gen 9] OU","log":"|j|\u2606Fastsloth23\n|j|\u2606Noobychris10\n|t:|1700342280\n|gametype|singles\n|player|p1|Fastsloth23|101|1114\n|player|p2|Noobychris10|silver|1195\n|teamsize|p1|6\n|teamsize|p2|6\n|gen|9\n|tier|[Gen 9] OU\n|rated|\n|rule|Sleep Clause Mod: Limit one foe put to sleep\n|rule|Species Clause: Limit one of each Pok\u00e9mon\n|rule|OHKO Clause: OHKO moves are banned\n|rule|Evasion Items Clause: Evasion items are banned\n|rule|Evasion Moves Clause: Evasion moves are banned\n|rule|Endless Battle Clause: Forcing endless battles is banned\n|rule|HP Percentage Mod: HP is shown in percentages\n|clearpoke\n|poke|p1|Blissey, F|\n|poke|p1|Landorus-Therian, M|\n|poke|p1|Rillaboom, M|\n|poke|p1|Samurott-Hisui, M|\n|poke|p1|Zapdos|\n|poke|p1|Fezandipiti, M|\n|poke|p2|Sneasler, F|\n|poke|p2|Rillaboom, M|\n|poke|p2|Toxapex, M|\n|poke|p2|Corviknight, F|\n|poke|p2|Ting-Lu|\n|poke|p2|Walking Wake|\n|teampreview\n|inactive|Battle timer is ON: inactive players will automatically lose when time's up. (requested by Fastsloth23)\n|\n|t:|1700342298\n|start\n|switch|p1a: Landorus|Landorus-Therian, M|100\/100\n|switch|p2a: Rillaboom|Rillaboom, M|100\/100\n|-ability|p1a: Landorus|Intimidate|boost\n|-unboost|p2a: Rillaboom|atk|1\n|-fieldstart|move: Grassy Terrain|[from] ability: Grassy Surge|[of] p2a: Rillaboom\n|turn|1\n|\n|t:|1700342305\n|move|p1a: Landorus|U-turn|p2a: Rillaboom\n|-supereffective|p2a: Rillaboom\n|-damage|p2a: Rillaboom|44\/100\n|\n|t:|1700342315\n|switch|p1a: Fezandipiti|Fezandipiti, M|100\/100|[from] U-turn\n|move|p2a: Rillaboom|U-turn|p1a: Fezandipiti\n|-resisted|p1a: Fezandipiti\n|-damage|p1a: Fezandipiti|97\/100\n|\n|t:|1700342327\n|switch|p2a: Ting-Lu|Ting-Lu|100\/100|[from] U-turn\n|-ability|p2a: Ting-Lu|Vessel of Ruin\n|\n|-heal|p1a: Fezandipiti|100\/100|[from] Grassy Terrain\n|upkeep\n|turn|2\n|\n|t:|1700342341\n|move|p1a: Fezandipiti|U-turn|p2a: Ting-Lu\n|-supereffective|p2a: Ting-Lu\n|-damage|p2a: Ting-Lu|82\/100\n|\n|t:|1700342346\n|switch|p1a: Landorus|Landorus-Therian, M|100\/100|[from] U-turn\n|-ability|p1a: Landorus|Intimidate|boost\n|-unboost|p2a: Ting-Lu|atk|1\n|move|p2a: Ting-Lu|Stealth Rock|p1a: Landorus\n|-sidestart|p1: Fastsloth23|move: Stealth Rock\n|\n|-heal|p2a: Ting-Lu|88\/100|[from] Grassy Terrain\n|-heal|p2a: Ting-Lu|94\/100|[from] item: Leftovers\n|upkeep\n|turn|3\n|\n|t:|1700342354\n|move|p1a: Landorus|U-turn|p2a: Ting-Lu\n|-supereffective|p2a: Ting-Lu\n|-damage|p2a: Ting-Lu|63\/100\n|\n|t:|1700342359\n|switch|p1a: Blissey|Blissey, F|100\/100|[from] U-turn\n|-damage|p1a: Blissey|88\/100|[from] Stealth Rock\n|move|p2a: Ting-Lu|Spikes|p1a: Blissey\n|-sidestart|p1: Fastsloth23|Spikes\n|\n|-heal|p1a: Blissey|94\/100|[from] Grassy Terrain\n|-heal|p1a: Blissey|100\/100|[from] item: Leftovers\n|-heal|p2a: Ting-Lu|69\/100|[from] Grassy Terrain\n|-heal|p2a: Ting-Lu|76\/100|[from] item: Leftovers\n|upkeep\n|turn|4\n|\n|t:|1700342370\n|switch|p2a: Sneasler|Sneasler, F|100\/100\n|-enditem|p2a: Sneasler|Grassy Seed\n|-boost|p2a: Sneasler|def|1|[from] item: Grassy Seed\n|move|p1a: Blissey|Stealth Rock|p2a: Sneasler\n|-sidestart|p2: Noobychris10|move: Stealth Rock\n|\n|upkeep\n|turn|5\n|\n|t:|1700342381\n|switch|p1a: Zapdos|Zapdos, shiny|100\/100\n|move|p2a: Sneasler|Swords Dance|p2a: Sneasler\n|-boost|p2a: Sneasler|atk|2\n|\n|upkeep\n|turn|6\n|\n|t:|1700342391\n|move|p2a: Sneasler|Dire Claw|p1a: Zapdos\n|-damage|p1a: Zapdos|9\/100\n|-status|p1a: Zapdos|slp\n|cant|p1a: Zapdos|slp\n|\n|upkeep\n|turn|7\n|\n|t:|1700342397\n|move|p2a: Sneasler|Swords Dance|p2a: Sneasler\n|-boost|p2a: Sneasler|atk|2\n|cant|p1a: Zapdos|slp\n|\n|upkeep\n|turn|8\n|\n|t:|1700342401\n|move|p2a: Sneasler|Dire Claw|p1a: Zapdos\n|-damage|p1a: Zapdos|0 fnt\n|faint|p1a: Zapdos\n|\n|-fieldend|move: Grassy Terrain\n|upkeep\n|\n|t:|1700342410\n|switch|p1a: Landorus|Landorus-Therian, M|100\/100\n|-damage|p1a: Landorus|88\/100|[from] Stealth Rock\n|-ability|p1a: Landorus|Intimidate|boost\n|-unboost|p2a: Sneasler|atk|1\n|turn|9\n|\n|t:|1700342418\n|-terastallize|p2a: Sneasler|Flying\n|move|p2a: Sneasler|Acrobatics|p1a: Landorus\n|-damage|p1a: Landorus|0 fnt\n|faint|p1a: Landorus\n|\n|upkeep\n|\n|t:|1700342427\n|switch|p1a: Fezandipiti|Fezandipiti, M|100\/100\n|-damage|p1a: Fezandipiti|88\/100|[from] Stealth Rock\n|-damage|p1a: Fezandipiti|76\/100|[from] Spikes\n|turn|10\n|\n|t:|1700342452\n|move|p2a: Sneasler|Acrobatics|p1a: Fezandipiti\n|-damage|p1a: Fezandipiti|0 fnt\n|faint|p1a: Fezandipiti\n|\n|upkeep\n|\n|t:|1700342458\n|switch|p1a: Samurott|Samurott-Hisui, M|100\/100\n|-damage|p1a: Samurott|88\/100|[from] Stealth Rock\n|-damage|p1a: Samurott|76\/100|[from] Spikes\n|turn|11\n|\n|t:|1700342463\n|move|p2a: Sneasler|Close Combat|p1a: Samurott\n|-supereffective|p1a: Samurott\n|-damage|p1a: Samurott|0 fnt\n|-unboost|p2a: Sneasler|def|1\n|-unboost|p2a: Sneasler|spd|1\n|faint|p1a: Samurott\n|\n|upkeep\n|-message|Fastsloth23 forfeited.\n|\n|win|Noobychris10\n|raw|Fastsloth23's rating: 1114 &rarr; <strong>1095<\/strong><br \/>(-19 for losing)\n|raw|Noobychris10's rating: 1195 &rarr; <strong>1214<\/strong><br \/>(+19 for winning)\n|l|\u2606Fastsloth23\n","uploadtime":1700342473,"views":8,"p1id":"fastsloth23","p2id":"noobychris10","formatid":"gen9ou","rating":1095,"private":0,"password":""}