{"id":"gen9ou-1992712496","p1":"Perry the Pear","p2":"Maplefish","format":"[Gen 9] OU","log":"|j|\u2606Perry the Pear\n|j|\u2606Maplefish\n|t:|1700228126\n|gametype|singles\n|player|p1|Perry the Pear|arezu|1163\n|player|p2|Maplefish|bellis|1128\n|teamsize|p1|6\n|teamsize|p2|6\n|gen|9\n|tier|[Gen 9] OU\n|rated|\n|rule|Sleep Clause Mod: Limit one foe put to sleep\n|rule|Species Clause: Limit one of each Pok\u00e9mon\n|rule|OHKO Clause: OHKO moves are banned\n|rule|Evasion Items Clause: Evasion items are banned\n|rule|Evasion Moves Clause: Evasion moves are banned\n|rule|Endless Battle Clause: Forcing endless battles is banned\n|rule|HP Percentage Mod: HP is shown in percentages\n|clearpoke\n|poke|p1|Iron Valiant|\n|poke|p1|Gholdengo|\n|poke|p1|Zoroark-Hisui, F|\n|poke|p1|Zapdos|\n|poke|p1|Samurott-Hisui, F|\n|poke|p1|Goodra, M|\n|poke|p2|Great Tusk|\n|poke|p2|Iron Valiant|\n|poke|p2|Ogerpon-Wellspring, F|\n|poke|p2|Thundurus-Therian, M|\n|poke|p2|Iron Moth|\n|poke|p2|Meowscarada, M|\n|teampreview\n|\n|t:|1700228148\n|start\n|switch|p1a: Zapdevious|Zapdos|100\/100\n|switch|p2a: Thundurus|Thundurus-Therian, M|100\/100\n|turn|1\n|\n|t:|1700228161\n|switch|p1a: Pumpkin|Goodra, M, shiny|100\/100\n|move|p2a: Thundurus|Dark Pulse|p1a: Pumpkin\n|-damage|p1a: Pumpkin|77\/100\n|-damage|p2a: Thundurus|90\/100|[from] item: Life Orb\n|\n|-heal|p1a: Pumpkin|83\/100|[from] item: Leftovers\n|upkeep\n|turn|2\n|\n|t:|1700228168\n|move|p2a: Thundurus|Volt Switch|p1a: Pumpkin\n|-resisted|p1a: Pumpkin\n|-damage|p1a: Pumpkin|66\/100\n|-damage|p2a: Thundurus|80\/100|[from] item: Life Orb\n|\n|t:|1700228171\n|switch|p2a: Iron Moth|Iron Moth|100\/100|[from] Volt Switch\n|-enditem|p2a: Iron Moth|Booster Energy\n|-activate|p2a: Iron Moth|ability: Quark Drive|[fromitem]\n|-start|p2a: Iron Moth|quarkdrivespe\n|move|p1a: Pumpkin|Knock Off|p2a: Iron Moth\n|-damage|p2a: Iron Moth|76\/100\n|\n|-heal|p1a: Pumpkin|72\/100|[from] item: Leftovers\n|upkeep\n|turn|3\n|\n|t:|1700228181\n|move|p2a: Iron Moth|Fiery Dance|p1a: Pumpkin\n|-resisted|p1a: Pumpkin\n|-damage|p1a: Pumpkin|59\/100\n|-boost|p2a: Iron Moth|spa|1\n|move|p1a: Pumpkin|Earthquake|p2a: Iron Moth\n|-supereffective|p2a: Iron Moth\n|-damage|p2a: Iron Moth|0 fnt\n|faint|p2a: Iron Moth\n|-end|p2a: Iron Moth|Quark Drive|[silent]\n|\n|-heal|p1a: Pumpkin|65\/100|[from] item: Leftovers\n|upkeep\n|\n|t:|1700228186\n|switch|p2a: Iron Valiant|Iron Valiant|100\/100\n|-enditem|p2a: Iron Valiant|Booster Energy\n|-activate|p2a: Iron Valiant|ability: Quark Drive|[fromitem]\n|-start|p2a: Iron Valiant|quarkdrivespe\n|turn|4\n|\n|t:|1700228200\n|-terastallize|p1a: Pumpkin|Water\n|move|p2a: Iron Valiant|Spirit Break|p1a: Pumpkin\n|-damage|p1a: Pumpkin|34\/100\n|-unboost|p1a: Pumpkin|spa|1\n|-ability|p1a: Pumpkin|Gooey\n|-unboost|p2a: Iron Valiant|spe|1\n|move|p1a: Pumpkin|Scald|p2a: Iron Valiant\n|-damage|p2a: Iron Valiant|63\/100\n|\n|-heal|p1a: Pumpkin|41\/100|[from] item: Leftovers\n|upkeep\n|turn|5\n|\n|t:|1700228211\n|move|p2a: Iron Valiant|Drain Punch|p1a: Pumpkin\n|-damage|p1a: Pumpkin|12\/100\n|-heal|p2a: Iron Valiant|82\/100|[from] drain|[of] p1a: Pumpkin\n|-ability|p1a: Pumpkin|Gooey\n|-unboost|p2a: Iron Valiant|spe|1\n|move|p1a: Pumpkin|Earthquake|p2a: Iron Valiant\n|-damage|p2a: Iron Valiant|54\/100\n|\n|-heal|p1a: Pumpkin|18\/100|[from] item: Leftovers\n|upkeep\n|turn|6\n|\n|t:|1700228221\n|move|p2a: Iron Valiant|Drain Punch|p1a: Pumpkin\n|-damage|p1a: Pumpkin|0 fnt\n|-heal|p2a: Iron Valiant|65\/100|[from] drain|[of] p1a: Pumpkin\n|-ability|p1a: Pumpkin|Gooey\n|-unboost|p2a: Iron Valiant|spe|1\n|faint|p1a: Pumpkin\n|\n|upkeep\n|\n|t:|1700228246\n|switch|p1a: Samurotten|Samurott-Hisui, F|100\/100\n|turn|7\n|\n|t:|1700228262\n|move|p1a: Samurotten|Razor Shell|p2a: Iron Valiant\n|-damage|p2a: Iron Valiant|0 fnt\n|faint|p2a: Iron Valiant\n|-end|p2a: Iron Valiant|Quark Drive|[silent]\n|\n|upkeep\n|\n|t:|1700228267\n|switch|p2a: Thundurus|Thundurus-Therian, M|80\/100\n|turn|8\n|\n|t:|1700228273\n|switch|p1a: Zapdevious|Zapdos|100\/100\n|move|p2a: Thundurus|Grass Knot|p1a: Zapdevious\n|-resisted|p1a: Zapdevious\n|-damage|p1a: Zapdevious|82\/100\n|-damage|p2a: Thundurus|70\/100|[from] item: Life Orb\n|\n|upkeep\n|turn|9\n|\n|t:|1700228280\n|move|p2a: Thundurus|Volt Switch|p1a: Zapdevious\n|-damage|p1a: Zapdevious|30\/100\n|-damage|p2a: Thundurus|60\/100|[from] item: Life Orb\n|\n|t:|1700228285\n|switch|p2a: Great Tusk|Great Tusk|100\/100|[from] Volt Switch\n|-enditem|p2a: Great Tusk|Booster Energy\n|-activate|p2a: Great Tusk|ability: Protosynthesis|[fromitem]\n|-start|p2a: Great Tusk|protosynthesisdef\n|move|p1a: Zapdevious|Roost|p1a: Zapdevious\n|-heal|p1a: Zapdevious|80\/100\n|-singleturn|p1a: Zapdevious|move: Roost\n|\n|upkeep\n|turn|10\n|\n|t:|1700228293\n|move|p1a: Zapdevious|Hurricane|p2a: Great Tusk\n|-supereffective|p2a: Great Tusk\n|-crit|p2a: Great Tusk\n|-damage|p2a: Great Tusk|0 fnt\n|faint|p2a: Great Tusk\n|-end|p2a: Great Tusk|Protosynthesis|[silent]\n|\n|upkeep\n|\n|t:|1700228298\n|switch|p2a: Ogerpon|Ogerpon-Wellspring, F|100\/100\n|turn|11\n|\n|t:|1700228303\n|-terastallize|p2a: Ogerpon|Water\n|detailschange|p2a: Ogerpon|Ogerpon-Wellspring-Tera, F, tera:Water\n|-ability|p2a: Ogerpon|Embody Aspect (Wellspring)|boost\n|-boost|p2a: Ogerpon|spd|1\n|move|p2a: Ogerpon|Ivy Cudgel|p1a: Zapdevious|[anim] Ivy Cudgel Water\n|-damage|p1a: Zapdevious|4\/100\n|move|p1a: Zapdevious|Volt Switch|p2a: Ogerpon\n|-supereffective|p2a: Ogerpon\n|-damage|p2a: Ogerpon|57\/100\n|\n|t:|1700228326\n|switch|p1a: Samurotten|Samurott-Hisui, F|100\/100|[from] Volt Switch\n|\n|upkeep\n|turn|12\n|\n|t:|1700228331\n|move|p1a: Samurotten|Shadow Ball|p2a: Ogerpon\n|-damage|p2a: Ogerpon|22\/100\n|move|p2a: Ogerpon|Horn Leech|p1a: Samurotten\n|-damage|p1a: Samurotten|14\/100\n|-heal|p2a: Ogerpon|58\/100|[from] drain|[of] p1a: Samurotten\n|replace|p1a: Wispy|Zoroark-Hisui, F, shiny\n|-end|p1a: Wispy|Illusion\n|\n|upkeep\n|turn|13\n|\n|t:|1700228339\n|move|p1a: Wispy|Shadow Ball|p2a: Ogerpon\n|-damage|p2a: Ogerpon|29\/100\n|move|p2a: Ogerpon|Horn Leech|p1a: Wispy\n|-damage|p1a: Wispy|0 fnt\n|-heal|p2a: Ogerpon|35\/100|[from] drain|[of] p1a: Wispy\n|faint|p1a: Wispy\n|\n|upkeep\n|\n|t:|1700228353\n|switch|p1a: Gholdemon|Gholdengo|100\/100\n|turn|14\n|\n|t:|1700228360\n|move|p2a: Ogerpon|Knock Off|p1a: Gholdemon\n|-supereffective|p1a: Gholdemon\n|-damage|p1a: Gholdemon|12\/100\n|-enditem|p1a: Gholdemon|Assault Vest|[from] move: Knock Off|[of] p2a: Ogerpon\n|move|p1a: Gholdemon|Thunderbolt|p2a: Ogerpon\n|-supereffective|p2a: Ogerpon\n|-damage|p2a: Ogerpon|0 fnt\n|faint|p2a: Ogerpon\n|\n|upkeep\n|\n|t:|1700228366\n|switch|p2a: Thundurus|Thundurus-Therian, M|60\/100\n|turn|15\n|\n|t:|1700228377\n|move|p2a: Thundurus|Volt Switch|p1a: Gholdemon\n|-damage|p1a: Gholdemon|0 fnt\n|faint|p1a: Gholdemon\n|-damage|p2a: Thundurus|50\/100|[from] item: Life Orb\n|\n|t:|1700228379\n|switch|p2a: Meowscarada|Meowscarada, M|100\/100|[from] Volt Switch\n|\n|upkeep\n|\n|t:|1700228382\n|switch|p1a: Zapdevious|Zapdos|4\/100\n|turn|16\n|\n|t:|1700228395\n|move|p2a: Meowscarada|U-turn|p1a: Zapdevious\n|-start|p2a: Meowscarada|typechange|Bug|[from] ability: Protean\n|-resisted|p1a: Zapdevious\n|-damage|p1a: Zapdevious|0 fnt\n|-status|p2a: Meowscarada|par|[from] ability: Static|[of] p1a: Zapdevious\n|faint|p1a: Zapdevious\n|\n|t:|1700228396\n|switch|p2a: Thundurus|Thundurus-Therian, M|50\/100|[from] U-turn\n|\n|upkeep\n|\n|t:|1700228406\n|switch|p1a: Iron Villain|Iron Valiant, shiny|100\/100\n|-enditem|p1a: Iron Villain|Booster Energy\n|-activate|p1a: Iron Villain|ability: Quark Drive|[fromitem]\n|-start|p1a: Iron Villain|quarkdrivespe\n|turn|17\n|\n|t:|1700228409\n|move|p1a: Iron Villain|Moonblast|p2a: Thundurus\n|-damage|p2a: Thundurus|0 fnt\n|faint|p2a: Thundurus\n|\n|upkeep\n|\n|t:|1700228410\n|switch|p2a: Meowscarada|Meowscarada, M|100\/100 par\n|turn|18\n|\n|t:|1700228417\n|move|p1a: Iron Villain|Moonblast|p2a: Meowscarada\n|-supereffective|p2a: Meowscarada\n|-damage|p2a: Meowscarada|0 fnt\n|faint|p2a: Meowscarada\n|\n|win|Perry the Pear\n|raw|Perry the Pear's rating: 1163 &rarr; <strong>1185<\/strong><br \/>(+22 for winning)\n|raw|Maplefish's rating: 1128 &rarr; <strong>1106<\/strong><br \/>(-22 for losing)\n|l|\u2606Maplefish\n|c|\u2606Perry the Pear|ggs\n","uploadtime":1700228585,"views":10,"p1id":"perrythepear","p2id":"maplefish","formatid":"gen9ou","rating":1106,"private":0,"password":""}