{"id":"gen9ou-1992497773","p1":"byuself","p2":"Luiscbc","format":"[Gen 9] OU","log":"|j|\u2606byuself\n|j|\u2606Luiscbc\n|t:|1700195246\n|gametype|singles\n|player|p1|byuself|170|1210\n|player|p2|Luiscbc|volkner|1195\n|teamsize|p1|6\n|teamsize|p2|6\n|gen|9\n|tier|[Gen 9] OU\n|rated|\n|rule|Sleep Clause Mod: Limit one foe put to sleep\n|rule|Species Clause: Limit one of each Pok\u00e9mon\n|rule|OHKO Clause: OHKO moves are banned\n|rule|Evasion Items Clause: Evasion items are banned\n|rule|Evasion Moves Clause: Evasion moves are banned\n|rule|Endless Battle Clause: Forcing endless battles is banned\n|rule|HP Percentage Mod: HP is shown in percentages\n|clearpoke\n|poke|p1|Pelipper, M|\n|poke|p1|Hatterene, F|\n|poke|p1|Dragapult, F|\n|poke|p1|Kingambit, F|\n|poke|p1|Landorus-Therian, M|\n|poke|p1|Barraskewda, M|\n|poke|p2|Okidogi, M|\n|poke|p2|Ceruledge, M|\n|poke|p2|Umbreon, F|\n|poke|p2|Munkidori, M|\n|poke|p2|Torkoal, F|\n|poke|p2|Typhlosion-Hisui, M|\n|teampreview\n|inactive|Battle timer is ON: inactive players will automatically lose when time's up. (requested by Luiscbc)\n|\n|t:|1700195253\n|start\n|switch|p1a: Barraskewda|Barraskewda, M|100\/100\n|switch|p2a: Don Omar|Torkoal, F|100\/100\n|-weather|SunnyDay|[from] ability: Drought|[of] p2a: Don Omar\n|turn|1\n|\n|t:|1700195262\n|move|p1a: Barraskewda|Flip Turn|p2a: Don Omar\n|-supereffective|p2a: Don Omar\n|-damage|p2a: Don Omar|74\/100\n|\n|t:|1700195265\n|switch|p1a: Hatterene|Hatterene, F|100\/100|[from] Flip Turn\n|move|p2a: Don Omar|Will-O-Wisp|p1a: Hatterene\n|move|p1a: Hatterene|Will-O-Wisp|p2a: Don Omar|[from]ability: Magic Bounce|[miss]\n|-miss|p1a: Hatterene|p2a: Don Omar\n|\n|-weather|SunnyDay|[upkeep]\n|upkeep\n|turn|2\n|\n|t:|1700195277\n|switch|p1a: Pelipper|Pelipper, M|100\/100\n|-weather|RainDance|[from] ability: Drizzle|[of] p1a: Pelipper\n|switch|p2a: Shiba oso|Okidogi, M|100\/100\n|\n|-weather|RainDance|[upkeep]\n|upkeep\n|turn|3\n|\n|t:|1700195289\n|switch|p2a: Don Omar|Torkoal, F|74\/100\n|-weather|SunnyDay|[from] ability: Drought|[of] p2a: Don Omar\n|move|p1a: Pelipper|U-turn|p2a: Don Omar\n|-resisted|p2a: Don Omar\n|-damage|p2a: Don Omar|72\/100\n|\n|t:|1700195292\n|switch|p1a: Barraskewda|Barraskewda, M|100\/100|[from] U-turn\n|\n|-weather|SunnyDay|[upkeep]\n|upkeep\n|turn|4\n|\n|t:|1700195300\n|move|p1a: Barraskewda|Flip Turn|p2a: Don Omar\n|-supereffective|p2a: Don Omar\n|-damage|p2a: Don Omar|44\/100\n|\n|t:|1700195304\n|switch|p1a: Hatterene|Hatterene, F|100\/100|[from] Flip Turn\n|move|p2a: Don Omar|Stealth Rock|p1a: Hatterene\n|move|p1a: Hatterene|Stealth Rock|p2a: Don Omar|[from]ability: Magic Bounce\n|-sidestart|p2: Luiscbc|move: Stealth Rock\n|\n|-weather|SunnyDay|[upkeep]\n|upkeep\n|turn|5\n|\n|t:|1700195314\n|move|p1a: Hatterene|Nuzzle|p2a: Don Omar\n|-damage|p2a: Don Omar|41\/100\n|-status|p2a: Don Omar|par\n|move|p2a: Don Omar|Rapid Spin|p1a: Hatterene\n|-damage|p1a: Hatterene|92\/100\n|-boost|p2a: Don Omar|spe|1\n|-sideend|p2: Luiscbc|Stealth Rock|[from] move: Rapid Spin|[of] p2a: Don Omar\n|\n|-weather|SunnyDay|[upkeep]\n|upkeep\n|turn|6\n|\n|t:|1700195324\n|switch|p2a: no hit me|Umbreon, F|100\/100\n|move|p1a: Hatterene|Nuzzle|p2a: no hit me\n|-damage|p2a: no hit me|97\/100\n|-status|p2a: no hit me|par\n|-activate|p2a: no hit me|ability: Synchronize\n|-status|p1a: Hatterene|par\n|\n|-weather|SunnyDay|[upkeep]\n|-heal|p2a: no hit me|100\/100 par|[from] item: Leftovers\n|upkeep\n|turn|7\n|\n|t:|1700195340\n|switch|p1a: Pelipper|Pelipper, M|100\/100\n|-weather|RainDance|[from] ability: Drizzle|[of] p1a: Pelipper\n|move|p2a: no hit me|Wish|p2a: no hit me\n|\n|-weather|RainDance|[upkeep]\n|upkeep\n|turn|8\n|\n|t:|1700195350\n|move|p1a: Pelipper|Surf|p2a: no hit me\n|-damage|p2a: no hit me|77\/100 par\n|move|p2a: no hit me|Toxic|p1a: Pelipper\n|-status|p1a: Pelipper|tox\n|\n|-weather|RainDance|[upkeep]\n|-heal|p2a: no hit me|100\/100 par|[from] move: Wish|[wisher] no hit me\n|-damage|p1a: Pelipper|94\/100 tox|[from] psn\n|upkeep\n|turn|9\n|\n|t:|1700195361\n|move|p1a: Pelipper|U-turn|p2a: no hit me\n|-supereffective|p2a: no hit me\n|-damage|p2a: no hit me|87\/100 par\n|\n|t:|1700195366\n|switch|p1a: Barraskewda|Barraskewda, M|100\/100|[from] U-turn\n|move|p2a: no hit me|Wish|p2a: no hit me\n|\n|-weather|RainDance|[upkeep]\n|-heal|p2a: no hit me|93\/100 par|[from] item: Leftovers\n|upkeep\n|turn|10\n|\n|t:|1700195375\n|switch|p2a: Don Omar|Torkoal, F|41\/100 par\n|-weather|SunnyDay|[from] ability: Drought|[of] p2a: Don Omar\n|move|p1a: Barraskewda|Close Combat|p2a: Don Omar\n|-damage|p2a: Don Omar|2\/100 par\n|-unboost|p1a: Barraskewda|def|1\n|-unboost|p1a: Barraskewda|spd|1\n|\n|-weather|SunnyDay|[upkeep]\n|-heal|p2a: Don Omar|59\/100 par|[from] move: Wish|[wisher] no hit me\n|upkeep\n|turn|11\n|\n|t:|1700195388\n|switch|p1a: Hatterene|Hatterene, F|92\/100 par\n|move|p2a: Don Omar|Eruption|p1a: Hatterene\n|-damage|p1a: Hatterene|46\/100 par\n|\n|-weather|SunnyDay|[upkeep]\n|upkeep\n|turn|12\n|\n|t:|1700195401\n|switch|p1a: Pelipper|Pelipper, M|94\/100 tox\n|-weather|RainDance|[from] ability: Drizzle|[of] p1a: Pelipper\n|cant|p2a: Don Omar|par\n|\n|-weather|RainDance|[upkeep]\n|-damage|p1a: Pelipper|88\/100 tox|[from] psn\n|upkeep\n|turn|13\n|\n|t:|1700195411\n|move|p1a: Pelipper|U-turn|p2a: Don Omar\n|-resisted|p2a: Don Omar\n|-damage|p2a: Don Omar|57\/100 par\n|\n|t:|1700195415\n|switch|p1a: Hatterene|Hatterene, F|46\/100 par|[from] U-turn\n|move|p2a: Don Omar|Stealth Rock|p1a: Hatterene\n|move|p1a: Hatterene|Stealth Rock|p2a: Don Omar|[from]ability: Magic Bounce\n|-sidestart|p2: Luiscbc|move: Stealth Rock\n|\n|-weather|RainDance|[upkeep]\n|upkeep\n|turn|14\n|\n|t:|1700195426\n|switch|p1a: Dragapult|Dragapult, F|100\/100\n|move|p2a: Don Omar|Rapid Spin|p1a: Dragapult\n|-immune|p1a: Dragapult\n|\n|-weather|RainDance|[upkeep]\n|upkeep\n|turn|15\n|\n|t:|1700195434\n|move|p1a: Dragapult|Thunder|p2a: Don Omar\n|-damage|p2a: Don Omar|0 fnt\n|faint|p2a: Don Omar\n|\n|-weather|RainDance|[upkeep]\n|upkeep\n|\n|t:|1700195443\n|switch|p2a: no hit me|Umbreon, F|93\/100 par\n|-damage|p2a: no hit me|80\/100 par|[from] Stealth Rock\n|turn|16\n|\n|t:|1700195450\n|move|p1a: Dragapult|Thunder|p2a: no hit me\n|-damage|p2a: no hit me|57\/100 par\n|move|p2a: no hit me|Foul Play|p1a: Dragapult\n|-supereffective|p1a: Dragapult\n|-damage|p1a: Dragapult|8\/100\n|\n|-weather|RainDance|[upkeep]\n|-heal|p2a: no hit me|63\/100 par|[from] item: Leftovers\n|upkeep\n|turn|17\n|\n|t:|1700195462\n|switch|p1a: Kingambit|Kingambit, F|100\/100\n|move|p2a: no hit me|Wish|p2a: no hit me\n|\n|-weather|RainDance|[upkeep]\n|-heal|p2a: no hit me|69\/100 par|[from] item: Leftovers\n|upkeep\n|turn|18\n|\n|t:|1700195470\n|cant|p2a: no hit me|par\n|move|p1a: Kingambit|Iron Head|p2a: no hit me\n|-crit|p2a: no hit me\n|-damage|p2a: no hit me|8\/100 par\n|\n|-weather|RainDance|[upkeep]\n|-heal|p2a: no hit me|58\/100 par|[from] move: Wish|[wisher] no hit me\n|-heal|p2a: no hit me|64\/100 par|[from] item: Leftovers\n|upkeep\n|turn|19\n|\n|t:|1700195480\n|cant|p2a: no hit me|par\n|move|p1a: Kingambit|Iron Head|p2a: no hit me\n|-damage|p2a: no hit me|29\/100 par\n|\n|-weather|none\n|-heal|p2a: no hit me|35\/100 par|[from] item: Leftovers\n|upkeep\n|turn|20\n|\n|t:|1700195488\n|move|p2a: no hit me|Baby-Doll Eyes|p1a: Kingambit\n|-unboost|p1a: Kingambit|atk|1\n|move|p1a: Kingambit|Iron Head|p2a: no hit me\n|-crit|p2a: no hit me\n|-damage|p2a: no hit me|0 fnt\n|faint|p2a: no hit me\n|\n|upkeep\n|\n|t:|1700195497\n|switch|p2a: Shiba oso|Okidogi, M|100\/100\n|-damage|p2a: Shiba oso|95\/100|[from] Stealth Rock\n|turn|21\n|\n|t:|1700195508\n|-end|p1a: Kingambit|fallenundefined|[silent]\n|switch|p1a: Pelipper|Pelipper, M|88\/100 tox\n|-weather|RainDance|[from] ability: Drizzle|[of] p1a: Pelipper\n|move|p2a: Shiba oso|Drain Punch|p1a: Pelipper\n|-resisted|p1a: Pelipper\n|-damage|p1a: Pelipper|69\/100 tox\n|-heal|p2a: Shiba oso|100\/100|[from] drain|[of] p1a: Pelipper\n|\n|-weather|RainDance|[upkeep]\n|-damage|p1a: Pelipper|63\/100 tox|[from] psn\n|upkeep\n|turn|22\n|\n|t:|1700195521\n|move|p2a: Shiba oso|Knock Off|p1a: Pelipper\n|-damage|p1a: Pelipper|30\/100 tox\n|-enditem|p1a: Pelipper|Damp Rock|[from] move: Knock Off|[of] p2a: Shiba oso\n|move|p1a: Pelipper|U-turn|p2a: Shiba oso\n|-resisted|p2a: Shiba oso\n|-damage|p2a: Shiba oso|99\/100\n|\n|t:|1700195530\n|switch|p1a: Landorus|Landorus-Therian, M|100\/100|[from] U-turn\n|-ability|p1a: Landorus|Intimidate|boost\n|-ability|p2a: Shiba oso|Guard Dog|boost\n|-boost|p2a: Shiba oso|atk|1\n|\n|-weather|RainDance|[upkeep]\n|-heal|p2a: Shiba oso|100\/100|[from] item: Black Sludge\n|upkeep\n|turn|23\n|\n|t:|1700195543\n|move|p1a: Landorus|Sandsear Storm|p2a: Shiba oso\n|-supereffective|p2a: Shiba oso\n|-damage|p2a: Shiba oso|0 fnt\n|faint|p2a: Shiba oso\n|\n|-weather|RainDance|[upkeep]\n|upkeep\n|\n|t:|1700195552\n|switch|p2a: jaimico|Munkidori, M|100\/100\n|-damage|p2a: jaimico|88\/100|[from] Stealth Rock\n|turn|24\n|\n|t:|1700195560\n|move|p2a: jaimico|Psychic|p1a: Landorus\n|-damage|p1a: Landorus|37\/100\n|move|p1a: Landorus|Sandsear Storm|p2a: jaimico\n|-supereffective|p2a: jaimico\n|-damage|p2a: jaimico|0 fnt\n|faint|p2a: jaimico\n|\n|-weather|RainDance|[upkeep]\n|upkeep\n|\n|t:|1700195573\n|switch|p2a: Vesubio|Typhlosion-Hisui, M|100\/100\n|-damage|p2a: Vesubio|76\/100|[from] Stealth Rock\n|-item|p1a: Landorus|Choice Specs|[from] ability: Frisk|[of] p2a: Vesubio|[identify]\n|turn|25\n|\n|t:|1700195583\n|switch|p1a: Barraskewda|Barraskewda, M|100\/100\n|move|p2a: Vesubio|Shadow Ball|p1a: Barraskewda\n|-damage|p1a: Barraskewda|0 fnt\n|faint|p1a: Barraskewda\n|\n|-weather|RainDance|[upkeep]\n|upkeep\n|\n|t:|1700195587\n|switch|p1a: Dragapult|Dragapult, F|8\/100\n|turn|26\n|\n|t:|1700195595\n|move|p1a: Dragapult|Shadow Ball|p2a: Vesubio\n|-supereffective|p2a: Vesubio\n|-damage|p2a: Vesubio|0 fnt\n|faint|p2a: Vesubio\n|\n|-weather|RainDance|[upkeep]\n|upkeep\n|\n|t:|1700195602\n|switch|p2a: black zero|Ceruledge, M|100\/100\n|-damage|p2a: black zero|76\/100|[from] Stealth Rock\n|turn|27\n|\n|t:|1700195610\n|move|p2a: black zero|Shadow Sneak|p1a: Dragapult\n|-supereffective|p1a: Dragapult\n|-damage|p1a: Dragapult|0 fnt\n|faint|p1a: Dragapult\n|\n|-weather|RainDance|[upkeep]\n|upkeep\n|\n|t:|1700195612\n|switch|p1a: Kingambit|Kingambit, F|100\/100\n|-activate|p1a: Kingambit|ability: Supreme Overlord\n|-start|p1a: Kingambit|fallen2|[silent]\n|turn|28\n|\n|t:|1700195623\n|-terastallize|p2a: black zero|Grass\n|move|p2a: black zero|Bitter Blade|p1a: Kingambit\n|-supereffective|p1a: Kingambit\n|-damage|p1a: Kingambit|57\/100\n|-heal|p2a: black zero|100\/100|[from] drain|[of] p1a: Kingambit\n|move|p1a: Kingambit|Kowtow Cleave|p2a: black zero\n|-crit|p2a: black zero\n|-enditem|p2a: black zero|Focus Sash\n|-damage|p2a: black zero|1\/100\n|-ability|p2a: black zero|Weak Armor|boost\n|-unboost|p2a: black zero|def|1\n|-boost|p2a: black zero|spe|2\n|\n|-weather|none\n|upkeep\n|turn|29\n|\n|t:|1700195640\n|-end|p1a: Kingambit|fallen2|[silent]\n|switch|p1a: Pelipper|Pelipper, M|30\/100 tox\n|-weather|RainDance|[from] ability: Drizzle|[of] p1a: Pelipper\n|move|p2a: black zero|Swords Dance|p2a: black zero\n|-boost|p2a: black zero|atk|2\n|\n|-weather|RainDance|[upkeep]\n|-damage|p1a: Pelipper|23\/100 tox|[from] psn\n|upkeep\n|turn|30\n|\n|t:|1700195651\n|move|p2a: black zero|Bitter Blade|p1a: Pelipper\n|-resisted|p1a: Pelipper\n|-damage|p1a: Pelipper|0 fnt\n|-heal|p2a: black zero|14\/100|[from] drain|[of] p1a: Pelipper\n|faint|p1a: Pelipper\n|\n|-weather|RainDance|[upkeep]\n|upkeep\n|\n|t:|1700195656\n|switch|p1a: Landorus|Landorus-Therian, M|37\/100\n|-ability|p1a: Landorus|Intimidate|boost\n|-unboost|p2a: black zero|atk|1\n|turn|31\n|\n|t:|1700195667\n|switch|p1a: Hatterene|Hatterene, F|46\/100 par\n|move|p2a: black zero|Bitter Blade|p1a: Hatterene\n|-damage|p1a: Hatterene|15\/100 par\n|-heal|p2a: black zero|31\/100|[from] drain|[of] p1a: Hatterene\n|\n|-weather|RainDance|[upkeep]\n|upkeep\n|turn|32\n|\n|t:|1700195676\n|move|p2a: black zero|Bitter Blade|p1a: Hatterene\n|-damage|p1a: Hatterene|0 fnt\n|-heal|p2a: black zero|39\/100|[from] drain|[of] p1a: Hatterene\n|faint|p1a: Hatterene\n|\n|-weather|RainDance|[upkeep]\n|upkeep\n|\n|t:|1700195678\n|switch|p1a: Landorus|Landorus-Therian, M|37\/100\n|-ability|p1a: Landorus|Intimidate|boost\n|-unboost|p2a: black zero|atk|1\n|turn|33\n|\n|t:|1700195689\n|-terastallize|p1a: Landorus|Water\n|move|p2a: black zero|Poltergeist|p1a: Landorus\n|-activate|p1a: Landorus|move: Poltergeist|Choice Specs\n|-damage|p1a: Landorus|0 fnt\n|faint|p1a: Landorus\n|\n|-weather|none\n|upkeep\n|\n|t:|1700195692\n|switch|p1a: Kingambit|Kingambit, F|57\/100\n|-activate|p1a: Kingambit|ability: Supreme Overlord\n|-start|p1a: Kingambit|fallen5|[silent]\n|turn|34\n|\n|t:|1700195702\n|move|p1a: Kingambit|Sucker Punch||[still]\n|-fail|p1a: Kingambit\n|move|p2a: black zero|Swords Dance|p2a: black zero\n|-boost|p2a: black zero|atk|2\n|\n|upkeep\n|turn|35\n|\n|t:|1700195708\n|move|p1a: Kingambit|Sucker Punch||[still]\n|-fail|p1a: Kingambit\n|move|p2a: black zero|Swords Dance|p2a: black zero\n|-boost|p2a: black zero|atk|2\n|\n|upkeep\n|turn|36\n|\n|t:|1700195714\n|move|p1a: Kingambit|Sucker Punch||[still]\n|-fail|p1a: Kingambit\n|move|p2a: black zero|Swords Dance|p2a: black zero\n|-boost|p2a: black zero|atk|2\n|\n|upkeep\n|turn|37\n|\n|t:|1700195721\n|move|p1a: Kingambit|Sucker Punch||[still]\n|-fail|p1a: Kingambit\n|move|p2a: black zero|Swords Dance|p2a: black zero\n|-boost|p2a: black zero|atk|0\n|\n|upkeep\n|turn|38\n|\n|t:|1700195732\n|move|p2a: black zero|Shadow Sneak|p1a: Kingambit\n|-resisted|p1a: Kingambit\n|-damage|p1a: Kingambit|15\/100\n|move|p1a: Kingambit|Sucker Punch||[still]\n|-fail|p1a: Kingambit\n|\n|upkeep\n|turn|39\n|\n|t:|1700195739\n|move|p2a: black zero|Shadow Sneak|p1a: Kingambit\n|-resisted|p1a: Kingambit\n|-damage|p1a: Kingambit|0 fnt\n|faint|p1a: Kingambit\n|-end|p1a: Kingambit|fallen5|[silent]\n|\n|win|Luiscbc\n|raw|byuself's rating: 1210 &rarr; <strong>1184<\/strong><br \/>(-26 for losing)\n|raw|Luiscbc's rating: 1195 &rarr; <strong>1221<\/strong><br \/>(+26 for winning)\n|l|\u2606byuself\n","uploadtime":1700195753,"views":8,"p1id":"byuself","p2id":"luiscbc","formatid":"gen9ou","rating":1184,"private":0,"password":""}