{"id":"gen9ou-1996132383","p1":"Pierre77v","p2":"Muskat_Mix","format":"[Gen 9] OU","log":"|j|\u2606Pierre77v\n|j|\u2606Muskat_Mix\n|t:|1700649063\n|gametype|singles\n|player|p1|Pierre77v|gambler|1482\n|player|p2|Muskat_Mix|170|1455\n|teamsize|p1|6\n|teamsize|p2|6\n|gen|9\n|tier|[Gen 9] OU\n|rated|\n|rule|Sleep Clause Mod: Limit one foe put to sleep\n|rule|Species Clause: Limit one of each Pok\u00e9mon\n|rule|OHKO Clause: OHKO moves are banned\n|rule|Evasion Items Clause: Evasion items are banned\n|rule|Evasion Moves Clause: Evasion moves are banned\n|rule|Endless Battle Clause: Forcing endless battles is banned\n|rule|HP Percentage Mod: HP is shown in percentages\n|clearpoke\n|poke|p1|Pincurchin, M|\n|poke|p1|Iron Jugulis|\n|poke|p1|Ribombee, F|\n|poke|p1|Iron Valiant|\n|poke|p1|Sandaconda, F|\n|poke|p1|Cinderace, F|\n|poke|p2|Torkoal, M|\n|poke|p2|Heatran, F|\n|poke|p2|Arboliva, F|\n|poke|p2|Walking Wake|\n|poke|p2|Lilligant-Hisui, F|\n|poke|p2|Moltres|\n|teampreview\n|j| Ruinous Tusk\n|inactive|Battle timer is ON: inactive players will automatically lose when time's up. (requested by Muskat_Mix)\n|\n|t:|1700649086\n|start\n|switch|p1a: Sandaconda|Sandaconda, F|100\/100\n|switch|p2a: Torkoal|Torkoal, M|100\/100\n|-weather|SunnyDay|[from] ability: Drought|[of] p2a: Torkoal\n|turn|1\n|\n|t:|1700649092\n|switch|p2a: Moltres|Moltres|100\/100\n|move|p1a: Sandaconda|Substitute|p1a: Sandaconda\n|-start|p1a: Sandaconda|Substitute\n|-damage|p1a: Sandaconda|76\/100\n|\n|-weather|SunnyDay|[upkeep]\n|-heal|p1a: Sandaconda|82\/100|[from] item: Leftovers\n|upkeep\n|turn|2\n|\n|t:|1700649099\n|move|p2a: Moltres|Air Slash|p1a: Sandaconda\n|-end|p1a: Sandaconda|Substitute\n|move|p1a: Sandaconda|Glare|p2a: Moltres\n|-status|p2a: Moltres|par\n|\n|-weather|SunnyDay|[upkeep]\n|-heal|p1a: Sandaconda|88\/100|[from] item: Leftovers\n|upkeep\n|turn|3\n|\n|t:|1700649108\n|switch|p1a: Ribombee|Ribombee, F|100\/100\n|move|p2a: Moltres|Flamethrower|p1a: Ribombee\n|-supereffective|p1a: Ribombee\n|-enditem|p1a: Ribombee|Focus Sash\n|-damage|p1a: Ribombee|1\/100\n|\n|-weather|SunnyDay|[upkeep]\n|upkeep\n|turn|4\n|\n|t:|1700649116\n|move|p1a: Ribombee|Sticky Web|p2a: Moltres\n|-sidestart|p2: Muskat_Mix|move: Sticky Web\n|move|p2a: Moltres|Flamethrower|p1a: Ribombee\n|-supereffective|p1a: Ribombee\n|-damage|p1a: Ribombee|0 fnt\n|faint|p1a: Ribombee\n|\n|-weather|SunnyDay|[upkeep]\n|upkeep\n|\n|t:|1700649128\n|switch|p1a: Iron Valiant|Iron Valiant|100\/100\n|turn|5\n|\n|t:|1700649131\n|move|p1a: Iron Valiant|Liquidation|p2a: Moltres\n|-supereffective|p2a: Moltres\n|-damage|p2a: Moltres|65\/100 par\n|cant|p2a: Moltres|par\n|\n|-weather|SunnyDay|[upkeep]\n|upkeep\n|turn|6\n|\n|t:|1700649161\n|-end|p1a: Iron Valiant|Quark Drive|[silent]\n|switch|p1a: Pincurchin|Pincurchin, M|100\/100\n|-fieldstart|move: Electric Terrain|[from] ability: Electric Surge|[of] p1a: Pincurchin\n|move|p2a: Moltres|Will-O-Wisp|p1a: Pincurchin\n|-status|p1a: Pincurchin|brn\n|\n|-weather|SunnyDay|[upkeep]\n|-damage|p1a: Pincurchin|94\/100 brn|[from] brn\n|upkeep\n|turn|7\n|\n|t:|1700649174\n|switch|p2a: Arboliva|Arboliva, F|100\/100\n|-activate|p2a: Arboliva|move: Sticky Web\n|-unboost|p2a: Arboliva|spe|1\n|move|p1a: Pincurchin|Discharge|p2a: Arboliva\n|-resisted|p2a: Arboliva\n|-damage|p2a: Arboliva|85\/100\n|-status|p2a: Arboliva|par\n|\n|-weather|SunnyDay|[upkeep]\n|-damage|p1a: Pincurchin|88\/100 brn|[from] brn\n|upkeep\n|turn|8\n|\n|t:|1700649189\n|switch|p1a: Cinderace|Cinderace, F|100\/100\n|move|p2a: Arboliva|Giga Drain|p1a: Cinderace\n|-resisted|p1a: Cinderace\n|-damage|p1a: Cinderace|76\/100\n|-heal|p2a: Arboliva|98\/100 par|[from] drain|[of] p1a: Cinderace\n|\n|-weather|none\n|upkeep\n|turn|9\n|\n|t:|1700649200\n|switch|p2a: Moltres|Moltres|65\/100 par\n|move|p1a: Cinderace|U-turn|p2a: Moltres\n|-resisted|p2a: Moltres\n|-damage|p2a: Moltres|61\/100 par\n|\n|t:|1700649215\n|switch|p1a: Iron Jugulis|Iron Jugulis|100\/100|[from] U-turn\n|-activate|p1a: Iron Jugulis|ability: Quark Drive\n|-start|p1a: Iron Jugulis|quarkdrivespa\n|\n|upkeep\n|turn|10\n|\n|t:|1700649228\n|switch|p2a: Heatran|Heatran, F|100\/100\n|-activate|p2a: Heatran|move: Sticky Web\n|-unboost|p2a: Heatran|spe|1\n|move|p1a: Iron Jugulis|Dragon Pulse|p2a: Heatran\n|-resisted|p2a: Heatran\n|-damage|p2a: Heatran|85\/100\n|\n|upkeep\n|turn|11\n|\n|t:|1700649239\n|-end|p1a: Iron Jugulis|Quark Drive|[silent]\n|switch|p1a: Sandaconda|Sandaconda, F|88\/100\n|move|p2a: Heatran|Flash Cannon|p1a: Sandaconda\n|-damage|p1a: Sandaconda|27\/100\n|-unboost|p1a: Sandaconda|spd|1\n|\n|-heal|p1a: Sandaconda|33\/100|[from] item: Leftovers\n|upkeep\n|turn|12\n|\n|t:|1700649251\n|move|p1a: Sandaconda|Body Press|p2a: Heatran\n|-supereffective|p2a: Heatran\n|-damage|p2a: Heatran|22\/100\n|move|p2a: Heatran|Flash Cannon|p1a: Sandaconda\n|-damage|p1a: Sandaconda|0 fnt\n|faint|p1a: Sandaconda\n|\n|upkeep\n|\n|t:|1700649271\n|switch|p1a: Iron Jugulis|Iron Jugulis|100\/100\n|-activate|p1a: Iron Jugulis|ability: Quark Drive\n|-start|p1a: Iron Jugulis|quarkdrivespa\n|turn|13\n|\n|t:|1700649283\n|-terastallize|p1a: Iron Jugulis|Flying\n|move|p1a: Iron Jugulis|Tera Blast|p2a: Heatran|[anim] Tera Blast Flying\n|-resisted|p2a: Heatran\n|-crit|p2a: Heatran\n|-damage|p2a: Heatran|0 fnt\n|faint|p2a: Heatran\n|\n|-fieldend|move: Electric Terrain\n|-end|p1a: Iron Jugulis|Quark Drive\n|upkeep\n|\n|t:|1700649292\n|switch|p2a: Torkoal|Torkoal, M|100\/100\n|-activate|p2a: Torkoal|move: Sticky Web\n|-unboost|p2a: Torkoal|spe|1\n|-weather|SunnyDay|[from] ability: Drought|[of] p2a: Torkoal\n|turn|14\n|\n|t:|1700649299\n|move|p1a: Iron Jugulis|Tera Blast|p2a: Torkoal|[anim] Tera Blast Flying\n|-damage|p2a: Torkoal|0 fnt\n|faint|p2a: Torkoal\n|\n|-weather|SunnyDay|[upkeep]\n|upkeep\n|\n|t:|1700649308\n|switch|p2a: Walking Wake|Walking Wake|100\/100\n|-activate|p2a: Walking Wake|move: Sticky Web\n|-unboost|p2a: Walking Wake|spe|1\n|-activate|p2a: Walking Wake|ability: Protosynthesis\n|-start|p2a: Walking Wake|protosynthesisspa\n|turn|15\n|\n|t:|1700649315\n|-end|p1a: Iron Jugulis|Quark Drive|[silent]\n|switch|p1a: Pincurchin|Pincurchin, M|88\/100 brn\n|-fieldstart|move: Electric Terrain|[from] ability: Electric Surge|[of] p1a: Pincurchin\n|move|p2a: Walking Wake|Hydro Steam|p1a: Pincurchin\n|-damage|p1a: Pincurchin|0 fnt\n|faint|p1a: Pincurchin\n|\n|-weather|SunnyDay|[upkeep]\n|upkeep\n|\n|t:|1700649328\n|switch|p1a: Iron Jugulis|Iron Jugulis, tera:Flying|100\/100\n|-activate|p1a: Iron Jugulis|ability: Quark Drive\n|-start|p1a: Iron Jugulis|quarkdrivespa\n|turn|16\n|\n|t:|1700649340\n|-terastallize|p2a: Walking Wake|Water\n|move|p1a: Iron Jugulis|Tera Blast|p2a: Walking Wake|[anim] Tera Blast Flying\n|-damage|p2a: Walking Wake|0 fnt\n|faint|p2a: Walking Wake\n|-end|p2a: Walking Wake|Protosynthesis|[silent]\n|\n|-weather|SunnyDay|[upkeep]\n|upkeep\n|\n|t:|1700649347\n|switch|p2a: Arboliva|Arboliva, F|98\/100 par\n|-activate|p2a: Arboliva|move: Sticky Web\n|-unboost|p2a: Arboliva|spe|1\n|turn|17\n|\n|t:|1700649353\n|move|p1a: Iron Jugulis|Tera Blast|p2a: Arboliva|[anim] Tera Blast Flying\n|-supereffective|p2a: Arboliva\n|-damage|p2a: Arboliva|0 fnt\n|faint|p2a: Arboliva\n|\n|-weather|SunnyDay|[upkeep]\n|upkeep\n|\n|t:|1700649359\n|switch|p2a: Lilligant|Lilligant-Hisui, F|100\/100\n|-activate|p2a: Lilligant|move: Sticky Web\n|-unboost|p2a: Lilligant|spe|1\n|turn|18\n|\n|t:|1700649363\n|move|p2a: Lilligant|Ice Spinner|p1a: Iron Jugulis\n|-supereffective|p1a: Iron Jugulis\n|-damage|p1a: Iron Jugulis|17\/100\n|-fieldend|move: Electric Terrain\n|-end|p1a: Iron Jugulis|Quark Drive\n|-damage|p2a: Lilligant|91\/100|[from] item: Life Orb\n|move|p1a: Iron Jugulis|Tera Blast|p2a: Lilligant|[anim] Tera Blast Flying\n|-supereffective|p2a: Lilligant\n|-damage|p2a: Lilligant|0 fnt\n|faint|p2a: Lilligant\n|\n|-weather|SunnyDay|[upkeep]\n|upkeep\n|\n|t:|1700649372\n|switch|p2a: Moltres|Moltres|61\/100 par\n|turn|19\n|\n|t:|1700649376\n|move|p1a: Iron Jugulis|Tera Blast|p2a: Moltres|[anim] Tera Blast Flying\n|-damage|p2a: Moltres|0 fnt\n|faint|p2a: Moltres\n|\n|win|Pierre77v\n|raw|Pierre77v's rating: 1482 &rarr; <strong>1500<\/strong><br \/>(+18 for winning)\n|raw|Muskat_Mix's rating: 1455 &rarr; <strong>1437<\/strong><br \/>(-18 for losing)\n|c|\u2606Pierre77v|Gg\n|c|\u2606Muskat_Mix|Gg\n|l|\u2606Muskat_Mix\n","uploadtime":1700649504,"views":1,"p1id":"pierre77v","p2id":"muskatmix","formatid":"gen9ou","rating":1437,"private":0,"password":""}