{"id":"gen9ou-1988482593","p1":"FIRE LORD AESON!","p2":"redinerx","format":"[Gen 9] OU","log":"|j|\u2606FIRE LORD AESON!\n|j|\u2606redinerx\n|t:|1699727713\n|gametype|singles\n|player|p1|FIRE LORD AESON!|red-gen1|1641\n|player|p2|redinerx|265|1563\n|teamsize|p1|6\n|teamsize|p2|6\n|gen|9\n|tier|[Gen 9] OU\n|rated|\n|rule|Sleep Clause Mod: Limit one foe put to sleep\n|rule|Species Clause: Limit one of each Pok\u00e9mon\n|rule|OHKO Clause: OHKO moves are banned\n|rule|Evasion Items Clause: Evasion items are banned\n|rule|Evasion Moves Clause: Evasion moves are banned\n|rule|Endless Battle Clause: Forcing endless battles is banned\n|rule|HP Percentage Mod: HP is shown in percentages\n|clearpoke\n|poke|p1|Ceruledge, M|\n|poke|p1|Torkoal, F|\n|poke|p1|Heatran, F|\n|poke|p1|Cinderace, M|\n|poke|p1|Rotom-Heat|\n|poke|p1|Armarouge, M|\n|poke|p2|Gholdengo|\n|poke|p2|Iron Moth|\n|poke|p2|Heatran, F|\n|poke|p2|Ogerpon-Wellspring, F|\n|poke|p2|Great Tusk|\n|poke|p2|Dragonite, M|\n|teampreview\n|inactive|Battle timer is ON: inactive players will automatically lose when time's up. (requested by redinerx)\n|\n|t:|1699727772\n|start\n|switch|p1a: ArmaROUGENATIONX|Armarouge, M|100\/100\n|switch|p2a: George|Great Tusk|100\/100\n|turn|1\n|inactive|redinerx has 120 seconds left.\n|\n|t:|1699727820\n|move|p2a: George|Headlong Rush|p1a: ArmaROUGENATIONX\n|-supereffective|p1a: ArmaROUGENATIONX\n|-enditem|p1a: ArmaROUGENATIONX|Focus Sash\n|-damage|p1a: ArmaROUGENATIONX|1\/100\n|-unboost|p2a: George|def|1\n|-unboost|p2a: George|spd|1\n|-ability|p1a: ArmaROUGENATIONX|Weak Armor|boost\n|-unboost|p1a: ArmaROUGENATIONX|def|1\n|-boost|p1a: ArmaROUGENATIONX|spe|2\n|move|p1a: ArmaROUGENATIONX|Calm Mind|p1a: ArmaROUGENATIONX\n|-boost|p1a: ArmaROUGENATIONX|spa|1\n|-boost|p1a: ArmaROUGENATIONX|spd|1\n|\n|upkeep\n|turn|2\n|\n|t:|1699727831\n|move|p1a: ArmaROUGENATIONX|Psychic|p2a: George\n|-supereffective|p2a: George\n|-damage|p2a: George|0 fnt\n|faint|p2a: George\n|-end|p2a: George|Protosynthesis|[silent]\n|\n|upkeep\n|\n|t:|1699727841\n|switch|p2a: Heatran|Heatran, F, shiny|100\/100\n|turn|3\n|\n|t:|1699727845\n|move|p1a: ArmaROUGENATIONX|Focus Blast|p2a: Heatran\n|-supereffective|p2a: Heatran\n|-damage|p2a: Heatran|11\/100\n|move|p2a: Heatran|Earth Power|p1a: ArmaROUGENATIONX\n|-supereffective|p1a: ArmaROUGENATIONX\n|-damage|p1a: ArmaROUGENATIONX|0 fnt\n|faint|p1a: ArmaROUGENATIONX\n|\n|upkeep\n|c|\u2606FIRE LORD AESON!|beast tran.....\n|inactive|FIRE LORD AESON! has 120 seconds left.\n|\n|t:|1699727887\n|switch|p1a: LUCKY!|Rotom-Heat|100\/100\n|turn|4\n|\n|t:|1699727892\n|switch|p2a: Gholdengo|Gholdengo|100\/100\n|move|p1a: LUCKY!|Substitute|p1a: LUCKY!\n|-start|p1a: LUCKY!|Substitute\n|-damage|p1a: LUCKY!|76\/100\n|\n|upkeep\n|turn|5\n|inactive|redinerx has 120 seconds left.\n|\n|t:|1699727908\n|move|p1a: LUCKY!|Nasty Plot|p1a: LUCKY!\n|-boost|p1a: LUCKY!|spa|2\n|move|p2a: Gholdengo|Hex|p1a: LUCKY!\n|-end|p1a: LUCKY!|Substitute\n|\n|upkeep\n|turn|6\n|\n|t:|1699727915\n|move|p1a: LUCKY!|Substitute|p1a: LUCKY!\n|-start|p1a: LUCKY!|Substitute\n|-damage|p1a: LUCKY!|51\/100\n|move|p2a: Gholdengo|Hex|p1a: LUCKY!\n|-end|p1a: LUCKY!|Substitute\n|\n|upkeep\n|turn|7\n|\n|t:|1699727923\n|move|p1a: LUCKY!|Substitute|p1a: LUCKY!\n|-start|p1a: LUCKY!|Substitute\n|-damage|p1a: LUCKY!|26\/100\n|move|p2a: Gholdengo|Hex|p1a: LUCKY!\n|-end|p1a: LUCKY!|Substitute\n|\n|upkeep\n|turn|8\n|\n|t:|1699727933\n|move|p1a: LUCKY!|Substitute|p1a: LUCKY!\n|-start|p1a: LUCKY!|Substitute\n|-damage|p1a: LUCKY!|1\/100\n|-enditem|p1a: LUCKY!|Salac Berry|[eat]\n|-boost|p1a: LUCKY!|spe|1|[from] item: Salac Berry\n|move|p2a: Gholdengo|Hex|p1a: LUCKY!\n|-end|p1a: LUCKY!|Substitute\n|\n|upkeep\n|turn|9\n|\n|t:|1699727953\n|-terastallize|p2a: Gholdengo|Water\n|move|p1a: LUCKY!|Dark Pulse|p2a: Gholdengo\n|-damage|p2a: Gholdengo|57\/100\n|move|p2a: Gholdengo|Hex|p1a: LUCKY!\n|-damage|p1a: LUCKY!|0 fnt\n|faint|p1a: LUCKY!\n|\n|upkeep\n|\n|t:|1699727966\n|switch|p1a: PLAYBOY|Cinderace, M|100\/100\n|turn|10\n|\n|t:|1699727977\n|switch|p2a: Dragonite|Dragonite, M|100\/100\n|move|p1a: PLAYBOY|High Jump Kick|p2a: Dragonite\n|-start|p1a: PLAYBOY|typechange|Fighting|[from] ability: Libero\n|-resisted|p2a: Dragonite\n|-damage|p2a: Dragonite|80\/100\n|-damage|p1a: PLAYBOY|91\/100|[from] item: Life Orb\n|\n|upkeep\n|turn|11\n|\n|t:|1699727992\n|move|p1a: PLAYBOY|Zen Headbutt|p2a: Dragonite\n|-damage|p2a: Dragonite|41\/100\n|-damage|p1a: PLAYBOY|81\/100|[from] item: Life Orb\n|move|p2a: Dragonite|Dragon Dance|p2a: Dragonite\n|-boost|p2a: Dragonite|atk|1\n|-boost|p2a: Dragonite|spe|1\n|\n|upkeep\n|turn|12\n|\n|t:|1699728019\n|switch|p1a: SUBSCRIBE 2 AESON!|Torkoal, F|100\/100\n|-weather|SunnyDay|[from] ability: Drought|[of] p1a: SUBSCRIBE 2 AESON!\n|move|p2a: Dragonite|Earthquake|p1a: SUBSCRIBE 2 AESON!\n|-supereffective|p1a: SUBSCRIBE 2 AESON!\n|-damage|p1a: SUBSCRIBE 2 AESON!|30\/100\n|\n|-weather|SunnyDay|[upkeep]\n|upkeep\n|turn|13\n|\n|t:|1699728035\n|move|p2a: Dragonite|Earthquake|p1a: SUBSCRIBE 2 AESON!\n|-supereffective|p1a: SUBSCRIBE 2 AESON!\n|-damage|p1a: SUBSCRIBE 2 AESON!|0 fnt\n|faint|p1a: SUBSCRIBE 2 AESON!\n|\n|-weather|SunnyDay|[upkeep]\n|upkeep\n|\n|t:|1699728039\n|switch|p1a: ROAD 2 RESPECT!|Heatran, F|100\/100\n|-item|p1a: ROAD 2 RESPECT!|Air Balloon\n|turn|14\n|\n|t:|1699728052\n|move|p2a: Dragonite|Extreme Speed|p1a: ROAD 2 RESPECT!\n|-resisted|p1a: ROAD 2 RESPECT!\n|-damage|p1a: ROAD 2 RESPECT!|83\/100\n|-enditem|p1a: ROAD 2 RESPECT!|Air Balloon\n|move|p1a: ROAD 2 RESPECT!|Flash Cannon|p2a: Dragonite\n|-damage|p2a: Dragonite|0 fnt\n|faint|p2a: Dragonite\n|\n|-weather|SunnyDay|[upkeep]\n|upkeep\n|inactive|redinerx has 120 seconds left.\n|\n|t:|1699728081\n|switch|p2a: Gholdengo|Gholdengo, tera:Water|57\/100\n|turn|15\n|inactive|redinerx has 120 seconds left.\n|\n|t:|1699728092\n|move|p2a: Gholdengo|Thunder Wave|p1a: ROAD 2 RESPECT!\n|-status|p1a: ROAD 2 RESPECT!|par\n|cant|p1a: ROAD 2 RESPECT!|par\n|\n|-weather|SunnyDay|[upkeep]\n|upkeep\n|turn|16\n|\n|t:|1699728097\n|move|p2a: Gholdengo|Recover|p2a: Gholdengo\n|-heal|p2a: Gholdengo|100\/100\n|cant|p1a: ROAD 2 RESPECT!|par\n|\n|-weather|SunnyDay|[upkeep]\n|upkeep\n|turn|17\n|\n|t:|1699728102\n|move|p2a: Gholdengo|Hex|p1a: ROAD 2 RESPECT!\n|-damage|p1a: ROAD 2 RESPECT!|31\/100 par\n|move|p1a: ROAD 2 RESPECT!|Magma Storm|p2a: Gholdengo\n|-resisted|p2a: Gholdengo\n|-damage|p2a: Gholdengo|60\/100\n|-activate|p2a: Gholdengo|move: Magma Storm|[of] p1a: ROAD 2 RESPECT!\n|\n|-weather|SunnyDay|[upkeep]\n|-damage|p2a: Gholdengo|47\/100|[from] move: Magma Storm|[partiallytrapped]\n|upkeep\n|turn|18\n|c|\u2606FIRE LORD AESON!|smh....\n|\n|t:|1699728116\n|move|p2a: Gholdengo|Hex|p1a: ROAD 2 RESPECT!\n|-damage|p1a: ROAD 2 RESPECT!|0 fnt\n|faint|p1a: ROAD 2 RESPECT!\n|\n|-weather|SunnyDay|[upkeep]\n|-end|p2a: Gholdengo|Magma Storm|[partiallytrapped]|[silent]\n|upkeep\n|\n|t:|1699728125\n|switch|p1a: PLAYBOY|Cinderace, M|81\/100\n|turn|19\n|\n|t:|1699728133\n|move|p1a: PLAYBOY|Pyro Ball|p2a: Gholdengo|[miss]\n|-miss|p1a: PLAYBOY|p2a: Gholdengo\n|move|p2a: Gholdengo|Thunder Wave|p1a: PLAYBOY\n|-status|p1a: PLAYBOY|par\n|\n|-weather|none\n|upkeep\n|turn|20\n|\n|t:|1699728139\n|move|p2a: Gholdengo|Recover|p2a: Gholdengo\n|-heal|p2a: Gholdengo|97\/100\n|cant|p1a: PLAYBOY|par\n|\n|upkeep\n|turn|21\n|\n|t:|1699728144\n|move|p2a: Gholdengo|Hex|p1a: PLAYBOY\n|-damage|p1a: PLAYBOY|1\/100 par\n|move|p1a: PLAYBOY|High Jump Kick|p2a: Gholdengo\n|-start|p1a: PLAYBOY|typechange|Fighting|[from] ability: Libero\n|-damage|p2a: Gholdengo|27\/100\n|-damage|p1a: PLAYBOY|0 fnt|[from] item: Life Orb\n|faint|p1a: PLAYBOY\n|\n|upkeep\n|c|\u2606FIRE LORD AESON!|gg\n|c|\u2606redinerx|gg cool team\n|c|\u2606FIRE LORD AESON!|lol\n|c|\u2606FIRE LORD AESON!|thx\n|inactive|FIRE LORD AESON! has 120 seconds left.\n|-message|FIRE LORD AESON! forfeited.\n|\n|win|redinerx\n|raw|FIRE LORD AESON!'s rating: 1641 &rarr; <strong>1617<\/strong><br \/>(-24 for losing)\n|raw|redinerx's rating: 1563 &rarr; <strong>1587<\/strong><br \/>(+24 for winning)\n","uploadtime":1699728176,"views":20,"p1id":"firelordaeson","p2id":"redinerx","formatid":"gen9ou","rating":1587,"private":0,"password":""}