{"id":"gen9ou-1997846053","p1":"RSDPM","p2":"NeoBeto","format":"[Gen 9] OU","log":"|j|\u2606RSDPM\n|j|\u2606NeoBeto\n|t:|1700859097\n|gametype|singles\n|player|p1|RSDPM|riley|1341\n|player|p2|NeoBeto|ingo|1441\n|teamsize|p1|6\n|teamsize|p2|6\n|gen|9\n|tier|[Gen 9] OU\n|rated|\n|rule|Sleep Clause Mod: Limit one foe put to sleep\n|rule|Species Clause: Limit one of each Pok\u00e9mon\n|rule|OHKO Clause: OHKO moves are banned\n|rule|Evasion Items Clause: Evasion items are banned\n|rule|Evasion Moves Clause: Evasion moves are banned\n|rule|Endless Battle Clause: Forcing endless battles is banned\n|rule|HP Percentage Mod: HP is shown in percentages\n|clearpoke\n|poke|p1|Arcanine-Hisui, F|\n|poke|p1|Electrode-Hisui|\n|poke|p1|Lilligant-Hisui, F|\n|poke|p1|Zoroark-Hisui, F|\n|poke|p1|Braviary-Hisui, M|\n|poke|p1|Avalugg-Hisui, F|\n|poke|p2|Garchomp, F|\n|poke|p2|Gholdengo|\n|poke|p2|Ogerpon-Wellspring, F|\n|poke|p2|Ninetales-Alola, M|\n|poke|p2|Hatterene, F|\n|poke|p2|Rillaboom, M|\n|teampreview\n|inactive|Battle timer is ON: inactive players will automatically lose when time's up. (requested by RSDPM)\n|\n|t:|1700859104\n|start\n|switch|p1a: Avalugg|Avalugg-Hisui, F|100\/100\n|switch|p2a: Garchomp|Garchomp, F|100\/100\n|turn|1\n|\n|t:|1700859113\n|move|p2a: Garchomp|Stealth Rock|p1a: Avalugg\n|-sidestart|p1: RSDPM|move: Stealth Rock\n|move|p1a: Avalugg|Avalanche|p2a: Garchomp\n|-supereffective|p2a: Garchomp\n|-damage|p2a: Garchomp|0 fnt\n|-damage|p1a: Avalugg|88\/100|[from] ability: Rough Skin|[of] p2a: Garchomp\n|-damage|p1a: Avalugg|72\/100|[from] item: Rocky Helmet|[of] p2a: Garchomp\n|faint|p2a: Garchomp\n|\n|upkeep\n|\n|t:|1700859122\n|switch|p2a: Gholdengo|Gholdengo|100\/100\n|turn|2\n|\n|t:|1700859127\n|switch|p1a: Arcanine|Arcanine-Hisui, F|100\/100\n|-damage|p1a: Arcanine|88\/100|[from] Stealth Rock\n|move|p2a: Gholdengo|Trick|p1a: Arcanine\n|-activate|p2a: Gholdengo|move: Trick|[of] p1a: Arcanine\n|-item|p1a: Arcanine|Choice Specs|[from] move: Trick\n|-item|p2a: Gholdengo|Choice Scarf|[from] move: Trick\n|\n|upkeep\n|turn|3\n|inactive|NeoBeto has 120 seconds left.\n|\n|t:|1700859158\n|switch|p2a: Hatterene|Hatterene, F|100\/100\n|move|p1a: Arcanine|Bitter Malice|p2a: Hatterene\n|-supereffective|p2a: Hatterene\n|-damage|p2a: Hatterene|0 fnt\n|faint|p2a: Hatterene\n|\n|upkeep\n|inactive|NeoBeto has 120 seconds left.\n|\n|t:|1700859171\n|switch|p2a: Rillaboom|Rillaboom, M|100\/100\n|-fieldstart|move: Grassy Terrain|[from] ability: Grassy Surge|[of] p2a: Rillaboom\n|turn|4\n|\n|t:|1700859176\n|switch|p1a: Avalugg|Avalugg-Hisui, F|72\/100\n|-damage|p1a: Avalugg|47\/100|[from] Stealth Rock\n|move|p2a: Rillaboom|Grassy Glide|p1a: Avalugg\n|-supereffective|p1a: Avalugg\n|-damage|p1a: Avalugg|0 fnt\n|-damage|p2a: Rillaboom|84\/100|[from] item: Rocky Helmet|[of] p1a: Avalugg\n|faint|p1a: Avalugg\n|\n|-heal|p2a: Rillaboom|90\/100|[from] Grassy Terrain\n|upkeep\n|\n|t:|1700859182\n|switch|p1a: Braviary|Braviary-Hisui, M|100\/100\n|turn|5\n|\n|t:|1700859190\n|switch|p2a: Ninetales|Ninetales-Alola, M|100\/100\n|-weather|Snow|[from] ability: Snow Warning|[of] p2a: Ninetales\n|move|p1a: Braviary|Esper Wing|p2a: Ninetales\n|-damage|p2a: Ninetales|53\/100\n|-boost|p1a: Braviary|spe|1\n|\n|-weather|Snow|[upkeep]\n|-heal|p2a: Ninetales|59\/100|[from] Grassy Terrain\n|upkeep\n|turn|6\n|\n|t:|1700859202\n|move|p2a: Ninetales|Aurora Veil|p2a: Ninetales\n|-sidestart|p2: NeoBeto|move: Aurora Veil\n|move|p1a: Braviary|Esper Wing|p2a: Ninetales\n|-damage|p2a: Ninetales|35\/100\n|-boost|p1a: Braviary|spe|1\n|\n|-weather|Snow|[upkeep]\n|-heal|p2a: Ninetales|41\/100|[from] Grassy Terrain\n|upkeep\n|turn|7\n|\n|t:|1700859214\n|move|p2a: Ninetales|Blizzard|p1a: Braviary\n|-supereffective|p1a: Braviary\n|-damage|p1a: Braviary|5\/100\n|move|p1a: Braviary|Esper Wing|p2a: Ninetales\n|-damage|p2a: Ninetales|16\/100\n|-boost|p1a: Braviary|spe|1\n|\n|-weather|Snow|[upkeep]\n|-heal|p2a: Ninetales|22\/100|[from] Grassy Terrain\n|upkeep\n|turn|8\n|\n|t:|1700859225\n|move|p1a: Braviary|Air Slash|p2a: Ninetales\n|-damage|p2a: Ninetales|0 fnt\n|faint|p2a: Ninetales\n|\n|-weather|Snow|[upkeep]\n|-fieldend|move: Grassy Terrain\n|upkeep\n|\n|t:|1700859228\n|switch|p2a: Rillaboom|Rillaboom, M|90\/100\n|-fieldstart|move: Grassy Terrain|[from] ability: Grassy Surge|[of] p2a: Rillaboom\n|turn|9\n|\n|t:|1700859236\n|move|p1a: Braviary|Vacuum Wave|p2a: Rillaboom\n|-damage|p2a: Rillaboom|82\/100\n|move|p2a: Rillaboom|Grassy Glide|p1a: Braviary\n|-resisted|p1a: Braviary\n|-damage|p1a: Braviary|0 fnt\n|faint|p1a: Braviary\n|\n|-weather|none\n|-heal|p2a: Rillaboom|88\/100|[from] Grassy Terrain\n|upkeep\n|\n|t:|1700859246\n|switch|p1a: Arcanine|Arcanine-Hisui, F|100\/100\n|-damage|p1a: Arcanine|76\/100|[from] Stealth Rock\n|turn|10\n|\n|t:|1700859259\n|-terastallize|p1a: Arcanine|Grass\n|-terastallize|p2a: Rillaboom|Grass\n|move|p2a: Rillaboom|Grassy Glide|p1a: Arcanine\n|-resisted|p1a: Arcanine\n|-damage|p1a: Arcanine|27\/100\n|move|p1a: Arcanine|Flare Blitz|p2a: Rillaboom\n|-supereffective|p2a: Rillaboom\n|-damage|p2a: Rillaboom|22\/100\n|\n|-heal|p1a: Arcanine|33\/100|[from] Grassy Terrain\n|-heal|p2a: Rillaboom|28\/100|[from] Grassy Terrain\n|upkeep\n|turn|11\n|\n|t:|1700859277\n|move|p1a: Arcanine|Extreme Speed|p2a: Rillaboom\n|-damage|p2a: Rillaboom|13\/100\n|move|p2a: Rillaboom|Grassy Glide|p1a: Arcanine\n|-resisted|p1a: Arcanine\n|-damage|p1a: Arcanine|0 fnt\n|faint|p1a: Arcanine\n|\n|-heal|p2a: Rillaboom|20\/100|[from] Grassy Terrain\n|upkeep\n|inactive|RSDPM has 120 seconds left.\n|\n|t:|1700859298\n|switch|p1a: Electrode|Electrode-Hisui|100\/100\n|-damage|p1a: Electrode|88\/100|[from] Stealth Rock\n|turn|12\n|\n|t:|1700859303\n|switch|p2a: Ogerpon|Ogerpon-Wellspring, F|100\/100\n|move|p1a: Electrode|Thunderbolt|p2a: Ogerpon\n|-damage|p2a: Ogerpon|71\/100\n|\n|-heal|p1a: Electrode|94\/100|[from] Grassy Terrain\n|-heal|p2a: Ogerpon|77\/100|[from] Grassy Terrain\n|upkeep\n|turn|13\n|\n|t:|1700859313\n|move|p1a: Electrode|Thunderbolt|p2a: Ogerpon\n|-damage|p2a: Ogerpon|46\/100\n|move|p2a: Ogerpon|Knock Off|p1a: Electrode\n|-damage|p1a: Electrode|29\/100\n|-enditem|p1a: Electrode|Choice Specs|[from] move: Knock Off|[of] p2a: Ogerpon\n|\n|-heal|p1a: Electrode|35\/100|[from] Grassy Terrain\n|-heal|p2a: Ogerpon|52\/100|[from] Grassy Terrain\n|-sideend|p2: NeoBeto|move: Aurora Veil\n|-fieldend|move: Grassy Terrain\n|upkeep\n|turn|14\n|\n|t:|1700859323\n|move|p1a: Electrode|Volt Switch|p2a: Ogerpon\n|-damage|p2a: Ogerpon|21\/100\n|\n|t:|1700859329\n|switch|p1a: Lilligant|Lilligant-Hisui, F|88\/100|[from] Volt Switch\n|-damage|p1a: Lilligant|76\/100|[from] Stealth Rock\n|move|p2a: Ogerpon|Horn Leech|p1a: Lilligant\n|-damage|p1a: Lilligant|0 fnt\n|-heal|p2a: Ogerpon|52\/100|[from] drain|[of] p1a: Lilligant\n|replace|p1a: Zoroark|Zoroark-Hisui, F\n|-end|p1a: Zoroark|Illusion\n|faint|p1a: Zoroark\n|\n|upkeep\n|\n|t:|1700859333\n|switch|p1a: Lilligant|Lilligant-Hisui, F|100\/100\n|-damage|p1a: Lilligant|94\/100|[from] Stealth Rock\n|turn|15\n|\n|t:|1700859341\n|move|p2a: Ogerpon|Ivy Cudgel|p1a: Lilligant|[anim] Ivy Cudgel Water\n|-resisted|p1a: Lilligant\n|-damage|p1a: Lilligant|50\/100\n|move|p1a: Lilligant|Victory Dance|p1a: Lilligant\n|-boost|p1a: Lilligant|atk|1\n|-boost|p1a: Lilligant|def|1\n|-boost|p1a: Lilligant|spe|1\n|\n|upkeep\n|turn|16\n|\n|t:|1700859350\n|move|p1a: Lilligant|Ice Spinner|p2a: Ogerpon\n|-damage|p2a: Ogerpon|3\/100\n|move|p2a: Ogerpon|Ivy Cudgel|p1a: Lilligant|[anim] Ivy Cudgel Water\n|-resisted|p1a: Lilligant\n|-damage|p1a: Lilligant|18\/100\n|\n|upkeep\n|turn|17\n|\n|t:|1700859356\n|move|p1a: Lilligant|Ice Spinner|p2a: Ogerpon\n|-damage|p2a: Ogerpon|0 fnt\n|faint|p2a: Ogerpon\n|\n|upkeep\n|\n|t:|1700859358\n|switch|p2a: Rillaboom|Rillaboom, M, tera:Grass|20\/100\n|-fieldstart|move: Grassy Terrain|[from] ability: Grassy Surge|[of] p2a: Rillaboom\n|turn|18\n|\n|t:|1700859364\n|move|p2a: Rillaboom|Grassy Glide|p1a: Lilligant\n|-resisted|p1a: Lilligant\n|-damage|p1a: Lilligant|0 fnt\n|faint|p1a: Lilligant\n|\n|-heal|p2a: Rillaboom|26\/100|[from] Grassy Terrain\n|upkeep\n|\n|t:|1700859368\n|switch|p1a: Electrode|Electrode-Hisui|35\/100\n|-damage|p1a: Electrode|23\/100|[from] Stealth Rock\n|turn|19\n|-message|RSDPM forfeited.\n|\n|win|NeoBeto\n|raw|RSDPM's rating: 1341 &rarr; <strong>1327<\/strong><br \/>(-14 for losing)\n|raw|NeoBeto's rating: 1441 &rarr; <strong>1455<\/strong><br \/>(+14 for winning)\n","uploadtime":1700859381,"views":3,"p1id":"rsdpm","p2id":"neobeto","formatid":"gen9ou","rating":1327,"private":0,"password":""}