{"id":"gen9ou-1990016481","p1":"Aerowblack","p2":"Blacki971","format":"[Gen 9] OU","log":"|j|\u2606Aerowblack\n|j|\u2606Blacki971\n|t:|1699915688\n|gametype|singles\n|player|p1|Aerowblack|lance|1319\n|player|p2|Blacki971|hala|1412\n|teamsize|p1|6\n|teamsize|p2|6\n|gen|9\n|tier|[Gen 9] OU\n|rated|\n|rule|Sleep Clause Mod: Limit one foe put to sleep\n|rule|Species Clause: Limit one of each Pok\u00e9mon\n|rule|OHKO Clause: OHKO moves are banned\n|rule|Evasion Items Clause: Evasion items are banned\n|rule|Evasion Moves Clause: Evasion moves are banned\n|rule|Endless Battle Clause: Forcing endless battles is banned\n|rule|HP Percentage Mod: HP is shown in percentages\n|clearpoke\n|poke|p1|Dragonite, M|\n|poke|p1|Toxapex, F|\n|poke|p1|Munkidori, M|\n|poke|p1|Sinistcha|\n|poke|p1|Iron Treads|\n|poke|p1|Cinderace, M|\n|poke|p2|Diancie|\n|poke|p2|Azumarill, M|\n|poke|p2|Vikavolt, M|\n|poke|p2|Slowking-Galar, M|\n|poke|p2|Corviknight, M|\n|poke|p2|Ursaluna, F|\n|teampreview\n|inactive|Battle timer is ON: inactive players will automatically lose when time's up. (requested by Blacki971)\n|\n|t:|1699915731\n|start\n|switch|p1a: Cinderace|Cinderace, M, shiny|100\/100\n|switch|p2a: Diancie|Diancie|100\/100\n|turn|1\n|\n|t:|1699915739\n|switch|p2a: Slowking|Slowking-Galar, M|100\/100\n|move|p1a: Cinderace|U-turn|p2a: Slowking\n|-start|p1a: Cinderace|typechange|Bug|[from] ability: Libero\n|-damage|p2a: Slowking|64\/100\n|-damage|p1a: Cinderace|91\/100|[from] item: Life Orb\n|\n|t:|1699915748\n|switch|p1a: Munkidori|Munkidori, M|100\/100|[from] U-turn\n|\n|-heal|p2a: Slowking|70\/100|[from] item: Leftovers\n|upkeep\n|turn|2\n|\n|t:|1699915757\n|move|p1a: Munkidori|Parting Shot|p2a: Slowking\n|-unboost|p2a: Slowking|atk|1\n|-unboost|p2a: Slowking|spa|1\n|\n|t:|1699915776\n|switch|p1a: Dragonite|Dragonite, M|100\/100|[from] Parting Shot\n|move|p2a: Slowking|Trick Room|p2a: Slowking\n|-fieldstart|move: Trick Room|[of] p2a: Slowking\n|\n|-heal|p2a: Slowking|76\/100|[from] item: Leftovers\n|upkeep\n|turn|3\n|\n|t:|1699915782\n|move|p2a: Slowking|Future Sight|p1a: Dragonite\n|-start|p2a: Slowking|move: Future Sight\n|move|p1a: Dragonite|Thunder Wave|p2a: Slowking\n|-status|p2a: Slowking|par\n|\n|-heal|p2a: Slowking|82\/100 par|[from] item: Leftovers\n|upkeep\n|turn|4\n|\n|t:|1699915789\n|move|p2a: Slowking|Chilly Reception|p2a: Slowking\n|-weather|Snow\n|\n|t:|1699915797\n|switch|p2a: Ursaluna|Ursaluna, F|100\/100|[from] Chilly Reception\n|move|p1a: Dragonite|Dragon Rush|p2a: Ursaluna\n|-damage|p2a: Ursaluna|61\/100\n|\n|-weather|Snow|[upkeep]\n|-status|p2a: Ursaluna|brn|[from] item: Flame Orb\n|upkeep\n|turn|5\n|\n|t:|1699915826\n|switch|p2a: Vikavolt|Vikavolt, M|100\/100\n|switch|p1a: Sinistcha|Sinistcha, shiny|100\/100\n|\n|-weather|Snow|[upkeep]\n|-end|p1a: Sinistcha|move: Future Sight\n|-damage|p1a: Sinistcha|48\/100\n|-heal|p1a: Sinistcha|54\/100|[from] item: Leftovers\n|upkeep\n|turn|6\n|inactive|Blacki971 has 120 seconds left.\n|\n|t:|1699915877\n|switch|p1a: Cinderace|Cinderace, M, shiny|91\/100\n|move|p2a: Vikavolt|Bug Buzz|p1a: Cinderace\n|-resisted|p1a: Cinderace\n|-damage|p1a: Cinderace|43\/100\n|-damage|p2a: Vikavolt|91\/100|[from] item: Life Orb\n|\n|-weather|Snow|[upkeep]\n|-fieldend|move: Trick Room\n|upkeep\n|turn|7\n|inactive|Aerowblack has 120 seconds left.\n|\n|t:|1699915894\n|switch|p2a: Slowking|Slowking-Galar, M|100\/100 par\n|move|p1a: Cinderace|Pyro Ball|p2a: Slowking\n|-damage|p2a: Slowking|37\/100 par\n|-damage|p1a: Cinderace|33\/100|[from] item: Life Orb\n|\n|-weather|Snow|[upkeep]\n|-heal|p2a: Slowking|43\/100 par|[from] item: Leftovers\n|upkeep\n|turn|8\n|inactive|Aerowblack has 120 seconds left.\n|\n|t:|1699915905\n|switch|p2a: Azumarill|Azumarill, M|100\/100\n|move|p1a: Cinderace|Pyro Ball|p2a: Azumarill\n|-resisted|p2a: Azumarill\n|-damage|p2a: Azumarill|70\/100\n|-damage|p1a: Cinderace|23\/100|[from] item: Life Orb\n|\n|-weather|none\n|-heal|p2a: Azumarill|76\/100|[from] item: Leftovers\n|upkeep\n|turn|9\n|inactive|Aerowblack has 120 seconds left.\n|\n|t:|1699915917\n|switch|p1a: Sinistcha|Sinistcha, shiny|54\/100\n|move|p2a: Azumarill|Aqua Jet|p1a: Sinistcha\n|-resisted|p1a: Sinistcha\n|-damage|p1a: Sinistcha|48\/100\n|\n|-heal|p1a: Sinistcha|55\/100|[from] item: Leftovers\n|-heal|p2a: Azumarill|82\/100|[from] item: Leftovers\n|upkeep\n|turn|10\n|inactive|Blacki971 has 120 seconds left.\n|inactive|Aerowblack has 120 seconds left.\n|\n|t:|1699915927\n|switch|p2a: Slowking|Slowking-Galar, M|76\/100 par\n|move|p1a: Sinistcha|Calm Mind|p1a: Sinistcha\n|-boost|p1a: Sinistcha|spa|1\n|-boost|p1a: Sinistcha|spd|1\n|\n|-heal|p1a: Sinistcha|61\/100|[from] item: Leftovers\n|-heal|p2a: Slowking|82\/100 par|[from] item: Leftovers\n|upkeep\n|turn|11\n|inactive|Aerowblack has 120 seconds left.\n|\n|t:|1699915940\n|move|p1a: Sinistcha|Hex|p2a: Slowking\n|-supereffective|p2a: Slowking\n|-damage|p2a: Slowking|0 fnt\n|faint|p2a: Slowking\n|\n|-heal|p1a: Sinistcha|67\/100|[from] item: Leftovers\n|upkeep\n|\n|t:|1699915947\n|switch|p2a: Corviknight|Corviknight, M|100\/100\n|-ability|p2a: Corviknight|Pressure\n|turn|12\n|\n|t:|1699915960\n|move|p1a: Sinistcha|Strength Sap|p2a: Corviknight\n|-unboost|p2a: Corviknight|atk|1\n|-heal|p1a: Sinistcha|100\/100\n|move|p2a: Corviknight|Brave Bird|p1a: Sinistcha\n|-supereffective|p1a: Sinistcha\n|-damage|p1a: Sinistcha|69\/100\n|-damage|p2a: Corviknight|91\/100|[from] Recoil\n|\n|-heal|p1a: Sinistcha|75\/100|[from] item: Leftovers\n|-heal|p2a: Corviknight|98\/100|[from] item: Leftovers\n|upkeep\n|turn|13\n|\n|t:|1699915973\n|move|p1a: Sinistcha|Matcha Gotcha|p2a: Corviknight\n|-resisted|p2a: Corviknight\n|-damage|p2a: Corviknight|89\/100\n|-heal|p1a: Sinistcha|80\/100|[from] drain|[of] p2a: Corviknight\n|move|p2a: Corviknight|Brave Bird|p1a: Sinistcha\n|-supereffective|p1a: Sinistcha\n|-damage|p1a: Sinistcha|47\/100\n|-damage|p2a: Corviknight|79\/100|[from] Recoil\n|\n|-heal|p1a: Sinistcha|53\/100|[from] item: Leftovers\n|-heal|p2a: Corviknight|86\/100|[from] item: Leftovers\n|upkeep\n|turn|14\n|\n|t:|1699915992\n|switch|p2a: Azumarill|Azumarill, M|82\/100\n|move|p1a: Sinistcha|Calm Mind|p1a: Sinistcha\n|-boost|p1a: Sinistcha|spa|1\n|-boost|p1a: Sinistcha|spd|1\n|\n|-heal|p1a: Sinistcha|59\/100|[from] item: Leftovers\n|-heal|p2a: Azumarill|88\/100|[from] item: Leftovers\n|upkeep\n|turn|15\n|\n|t:|1699916002\n|move|p1a: Sinistcha|Matcha Gotcha|p2a: Azumarill\n|-supereffective|p2a: Azumarill\n|-damage|p2a: Azumarill|0 fnt\n|-heal|p1a: Sinistcha|100\/100|[from] drain|[of] p2a: Azumarill\n|faint|p2a: Azumarill\n|\n|upkeep\n|\n|t:|1699916004\n|switch|p2a: Diancie|Diancie|100\/100\n|turn|16\n|\n|t:|1699916009\n|move|p1a: Sinistcha|Matcha Gotcha|p2a: Diancie\n|-supereffective|p2a: Diancie\n|-damage|p2a: Diancie|15\/100\n|move|p2a: Diancie|Trick Room|p2a: Diancie\n|-fieldstart|move: Trick Room|[of] p2a: Diancie\n|\n|upkeep\n|turn|17\n|\n|t:|1699916020\n|move|p2a: Diancie|Diamond Storm|p1a: Sinistcha\n|-damage|p1a: Sinistcha|75\/100\n|-boost|p2a: Diancie|def|2\n|move|p1a: Sinistcha|Matcha Gotcha|p2a: Diancie\n|-supereffective|p2a: Diancie\n|-damage|p2a: Diancie|0 fnt\n|-heal|p1a: Sinistcha|82\/100|[from] drain|[of] p2a: Diancie\n|faint|p2a: Diancie\n|\n|-heal|p1a: Sinistcha|88\/100|[from] item: Leftovers\n|upkeep\n|\n|t:|1699916026\n|switch|p2a: Corviknight|Corviknight, M|86\/100\n|-ability|p2a: Corviknight|Pressure\n|turn|18\n|\n|t:|1699916035\n|-terastallize|p2a: Corviknight|Flying\n|move|p2a: Corviknight|Brave Bird|p1a: Sinistcha\n|-supereffective|p1a: Sinistcha\n|-damage|p1a: Sinistcha|22\/100\n|-damage|p2a: Corviknight|67\/100|[from] Recoil\n|move|p1a: Sinistcha|Strength Sap|p2a: Corviknight\n|-unboost|p2a: Corviknight|atk|1\n|-heal|p1a: Sinistcha|83\/100\n|\n|-heal|p2a: Corviknight|73\/100|[from] item: Leftovers\n|-heal|p1a: Sinistcha|89\/100|[from] item: Leftovers\n|upkeep\n|turn|19\n|-message|Blacki971 forfeited.\n|\n|win|Aerowblack\n|raw|Aerowblack's rating: 1319 &rarr; <strong>1344<\/strong><br \/>(+25 for winning)\n|raw|Blacki971's rating: 1412 &rarr; <strong>1387<\/strong><br \/>(-25 for losing)\n|l|\u2606Blacki971\n","uploadtime":1699916241,"views":14,"p1id":"aerowblack","p2id":"blacki971","formatid":"gen9ou","rating":1344,"private":0,"password":""}