{"id":"gen9ou-1989063304","p1":"Ahosora","p2":"Oscarx90","format":"[Gen 9] OU","log":"|j|\u2606Ahosora\n|j|\u2606Oscarx90\n|inactive|Battle timer is ON: inactive players will automatically lose when time's up.\n|t:|1699808125\n|gametype|singles\n|player|p1|Ahosora|170|\n|player|p2|Oscarx90|plasmagrunt|\n|teamsize|p1|2\n|teamsize|p2|2\n|gen|9\n|tier|[Gen 9] OU\n|rated|Tournament battle\n|rule|Sleep Clause Mod: Limit one foe put to sleep\n|rule|Species Clause: Limit one of each Pok\u00e9mon\n|rule|OHKO Clause: OHKO moves are banned\n|rule|Evasion Items Clause: Evasion items are banned\n|rule|Evasion Moves Clause: Evasion moves are banned\n|rule|Endless Battle Clause: Forcing endless battles is banned\n|rule|HP Percentage Mod: HP is shown in percentages\n|clearpoke\n|poke|p1|Sandslash, F|\n|poke|p1|Dragapult, M|\n|poke|p2|Milotic, F|\n|poke|p2|Wyrdeer, F|\n|teampreview\n|j|*Lady Monita \u2746\n|\n|t:|1699808139\n|start\n|switch|p1a: Sandslash|Sandslash, F|100\/100\n|switch|p2a: Milotic|Milotic, F|100\/100\n|turn|1\n|c|\u2606Ahosora|Gg\n|\n|t:|1699808146\n|move|p1a: Sandslash|Knock Off|p2a: Milotic\n|-damage|p2a: Milotic|80\/100\n|-enditem|p2a: Milotic|Leftovers|[from] move: Knock Off|[of] p1a: Sandslash\n|move|p2a: Milotic|Scald|p1a: Sandslash\n|-supereffective|p1a: Sandslash\n|-damage|p1a: Sandslash|3\/100\n|-enditem|p1a: Sandslash|Mago Berry|[eat]\n|-heal|p1a: Sandslash|36\/100|[from] item: Mago Berry\n|\n|upkeep\n|turn|2\n|c|\u2606Oscarx90|Gg\n|j| brodiewhat\n|\n|t:|1699808155\n|move|p1a: Sandslash|Earthquake|p2a: Milotic\n|-damage|p2a: Milotic|42\/100\n|move|p2a: Milotic|Recover|p2a: Milotic\n|-heal|p2a: Milotic|92\/100\n|\n|upkeep\n|turn|3\n|\n|t:|1699808160\n|move|p1a: Sandslash|Poison Jab|p2a: Milotic\n|-damage|p2a: Milotic|73\/100\n|move|p2a: Milotic|Recover|p2a: Milotic\n|-heal|p2a: Milotic|100\/100\n|\n|upkeep\n|turn|4\n|\n|t:|1699808165\n|move|p1a: Sandslash|Earthquake|p2a: Milotic\n|-damage|p2a: Milotic|68\/100\n|move|p2a: Milotic|Scald|p1a: Sandslash\n|-supereffective|p1a: Sandslash\n|-damage|p1a: Sandslash|0 fnt\n|faint|p1a: Sandslash\n|\n|upkeep\n|\n|t:|1699808169\n|switch|p1a: Dragapult|Dragapult, M|100\/100\n|turn|5\n|j| Rethanonapkmn\n|\n|t:|1699808176\n|move|p1a: Dragapult|Phantom Force||[still]\n|-prepare|p1a: Dragapult|Phantom Force\n|move|p2a: Milotic|Dragon Pulse|p1a: Dragapult|[miss]\n|-miss|p2a: Milotic|p1a: Dragapult\n|\n|upkeep\n|turn|6\n|\n|t:|1699808180\n|switch|p2a: Wyrdeer|Wyrdeer, F|100\/100\n|-ability|p2a: Wyrdeer|Intimidate|boost\n|-unboost|p1a: Dragapult|atk|1\n|move|p1a: Dragapult|Phantom Force|p2a: Wyrdeer|[from]lockedmove\n|-immune|p2a: Wyrdeer\n|\n|upkeep\n|turn|7\n|\n|t:|1699808185\n|move|p1a: Dragapult|Will-O-Wisp|p2a: Wyrdeer|[miss]\n|-miss|p1a: Dragapult|p2a: Wyrdeer\n|move|p2a: Wyrdeer|Psyshield Bash|p1a: Dragapult\n|-damage|p1a: Dragapult|64\/100\n|-boost|p2a: Wyrdeer|def|1\n|\n|upkeep\n|turn|8\n|\n|t:|1699808189\n|move|p1a: Dragapult|Will-O-Wisp|p2a: Wyrdeer|[miss]\n|-miss|p1a: Dragapult|p2a: Wyrdeer\n|move|p2a: Wyrdeer|Psyshield Bash|p1a: Dragapult\n|-damage|p1a: Dragapult|28\/100\n|-boost|p2a: Wyrdeer|def|1\n|\n|upkeep\n|turn|9\n|\n|t:|1699808195\n|-terastallize|p1a: Dragapult|Bug\n|move|p1a: Dragapult|U-turn|p2a: Wyrdeer\n|-supereffective|p2a: Wyrdeer\n|-damage|p2a: Wyrdeer|77\/100\n|move|p2a: Wyrdeer|Psyshield Bash|p1a: Dragapult\n|-damage|p1a: Dragapult|0 fnt\n|-boost|p2a: Wyrdeer|def|1\n|faint|p1a: Dragapult\n|\n|win|Oscarx90\n|n|\u2606Ahosora|ahosora\n|n|\u2606Oscarx90|oscarx90\n|n|*Lady Monita \u2746|ladymonita\n|n| brodiewhat|brodiewhat\n|n| Rethanonapkmn|rethanonapkmn\n","uploadtime":1699808196,"views":10,"p1id":"ahosora","p2id":"oscarx90","formatid":"gen9ou","rating":0,"private":0,"password":""}