{"id":"gen9ou-1993914791","p1":"Petergriffinonline","p2":"R. Caroline","format":"[Gen 9] OU","log":"|j|\u2606Petergriffinonline\n|j|\u2606R. Caroline\n|t:|1700374673\n|gametype|singles\n|player|p1|Petergriffinonline|2|1310\n|player|p2|R. Caroline|psychicf|1408\n|teamsize|p1|6\n|teamsize|p2|6\n|gen|9\n|tier|[Gen 9] OU\n|rated|\n|rule|Sleep Clause Mod: Limit one foe put to sleep\n|rule|Species Clause: Limit one of each Pok\u00e9mon\n|rule|OHKO Clause: OHKO moves are banned\n|rule|Evasion Items Clause: Evasion items are banned\n|rule|Evasion Moves Clause: Evasion moves are banned\n|rule|Endless Battle Clause: Forcing endless battles is banned\n|rule|HP Percentage Mod: HP is shown in percentages\n|clearpoke\n|poke|p1|Ogerpon-Wellspring, F|\n|poke|p1|Samurott-Hisui, F|\n|poke|p1|Great Tusk|\n|poke|p1|Heatran, M|\n|poke|p1|Thundurus-Therian, M|\n|poke|p1|Slowking-Galar, F|\n|poke|p2|Noivern, M|\n|poke|p2|Ursaluna, M|\n|poke|p2|Chansey, F|\n|poke|p2|Scizor, F|\n|poke|p2|Mew|\n|poke|p2|Avalugg, M|\n|teampreview\n|\n|t:|1700374712\n|start\n|switch|p1a: Samurott|Samurott-Hisui, F|100\/100\n|switch|p2a: Boston Brand|Mew, shiny|100\/100\n|turn|1\n|\n|t:|1700374724\n|move|p1a: Samurott|Ceaseless Edge|p2a: Boston Brand\n|-supereffective|p2a: Boston Brand\n|-damage|p2a: Boston Brand|4\/100\n|-sidestart|p2: R. Caroline|Spikes\n|move|p2a: Boston Brand|Volt Switch|p1a: Samurott\n|-supereffective|p1a: Samurott\n|-damage|p1a: Samurott|2\/100\n|\n|t:|1700374742\n|switch|p2a: Jonathan Osterman|Avalugg, M|100\/100|[from] Volt Switch\n|-damage|p2a: Jonathan Osterman|88\/100|[from] Spikes\n|\n|upkeep\n|turn|2\n|\n|t:|1700374747\n|move|p1a: Samurott|Ceaseless Edge|p2a: Jonathan Osterman\n|-damage|p2a: Jonathan Osterman|70\/100\n|-damage|p1a: Samurott|0 fnt|[from] item: Rocky Helmet|[of] p2a: Jonathan Osterman\n|faint|p1a: Samurott\n|move|p2a: Jonathan Osterman|Rapid Spin|p1: Samurott|[notarget]\n|-fail|p2a: Jonathan Osterman\n|\n|upkeep\n|\n|t:|1700374762\n|switch|p1a: Great Tusk|Great Tusk|100\/100\n|-enditem|p1a: Great Tusk|Booster Energy\n|-activate|p1a: Great Tusk|ability: Protosynthesis|[fromitem]\n|-start|p1a: Great Tusk|protosynthesisspe\n|turn|3\n|\n|t:|1700374769\n|move|p1a: Great Tusk|Bulk Up|p1a: Great Tusk\n|-boost|p1a: Great Tusk|atk|1\n|-boost|p1a: Great Tusk|def|1\n|move|p2a: Jonathan Osterman|Rock Tomb|p1a: Great Tusk\n|-resisted|p1a: Great Tusk\n|-damage|p1a: Great Tusk|99\/100\n|-unboost|p1a: Great Tusk|spe|1\n|\n|upkeep\n|turn|4\n|\n|t:|1700374788\n|move|p1a: Great Tusk|Close Combat|p2a: Jonathan Osterman\n|-supereffective|p2a: Jonathan Osterman\n|-damage|p2a: Jonathan Osterman|9\/100\n|-unboost|p1a: Great Tusk|def|1\n|-unboost|p1a: Great Tusk|spd|1\n|-damage|p1a: Great Tusk|83\/100|[from] item: Rocky Helmet|[of] p2a: Jonathan Osterman\n|move|p2a: Jonathan Osterman|Rock Tomb|p1a: Great Tusk\n|-resisted|p1a: Great Tusk\n|-damage|p1a: Great Tusk|80\/100\n|-unboost|p1a: Great Tusk|spe|1\n|\n|upkeep\n|turn|5\n|\n|t:|1700374800\n|switch|p2a: Bruce Wayne|Noivern, M|100\/100\n|move|p1a: Great Tusk|Rapid Spin|p2a: Bruce Wayne\n|-damage|p2a: Bruce Wayne|77\/100\n|-boost|p1a: Great Tusk|spe|1\n|\n|upkeep\n|turn|6\n|\n|t:|1700374854\n|-end|p1a: Great Tusk|Protosynthesis|[silent]\n|switch|p1a: Thundurus|Thundurus-Therian, M|100\/100\n|move|p2a: Bruce Wayne|Air Slash|p1a: Thundurus\n|-resisted|p1a: Thundurus\n|-damage|p1a: Thundurus|78\/100\n|\n|upkeep\n|turn|7\n|\n|t:|1700374866\n|switch|p2a: Jason Blood|Ursaluna, M, shiny|100\/100\n|-damage|p2a: Jason Blood|88\/100|[from] Spikes\n|-terastallize|p1a: Thundurus|Ice\n|move|p1a: Thundurus|Tera Blast|p2a: Jason Blood|[anim] Tera Blast Ice\n|-supereffective|p2a: Jason Blood\n|-damage|p2a: Jason Blood|37\/100\n|\n|upkeep\n|turn|8\n|\n|t:|1700374874\n|-terastallize|p2a: Jason Blood|Fighting\n|move|p1a: Thundurus|Tera Blast|p2a: Jason Blood|[anim] Tera Blast Ice\n|-damage|p2a: Jason Blood|8\/100\n|move|p2a: Jason Blood|Drain Punch|p1a: Thundurus\n|-supereffective|p1a: Thundurus\n|-damage|p1a: Thundurus|0 fnt\n|-heal|p2a: Jason Blood|33\/100|[from] drain|[of] p1a: Thundurus\n|faint|p1a: Thundurus\n|\n|upkeep\n|\n|t:|1700374886\n|switch|p1a: Ogerpon|Ogerpon-Wellspring, F|100\/100\n|turn|9\n|\n|t:|1700374895\n|switch|p2a: Bruce Wayne|Noivern, M|77\/100\n|move|p1a: Ogerpon|Horn Leech|p2a: Bruce Wayne\n|-resisted|p2a: Bruce Wayne\n|-damage|p2a: Bruce Wayne|64\/100\n|\n|upkeep\n|turn|10\n|\n|t:|1700374910\n|switch|p1a: Slowking|Slowking-Galar, F|100\/100\n|move|p2a: Bruce Wayne|Draco Meteor|p1a: Slowking\n|-damage|p1a: Slowking|58\/100\n|-unboost|p2a: Bruce Wayne|spa|2\n|\n|-heal|p1a: Slowking|64\/100|[from] item: Leftovers\n|upkeep\n|turn|11\n|\n|t:|1700374922\n|switch|p2a: Beatriz da Costa|Scizor, F, shiny|100\/100\n|-damage|p2a: Beatriz da Costa|88\/100|[from] Spikes\n|move|p1a: Slowking|Thunder Wave|p2a: Beatriz da Costa\n|-status|p2a: Beatriz da Costa|par\n|\n|-heal|p1a: Slowking|70\/100|[from] item: Leftovers\n|upkeep\n|turn|12\n|\n|t:|1700374930\n|move|p1a: Slowking|Flamethrower|p2a: Beatriz da Costa\n|-supereffective|p2a: Beatriz da Costa\n|-damage|p2a: Beatriz da Costa|0 fnt\n|faint|p2a: Beatriz da Costa\n|\n|-heal|p1a: Slowking|76\/100|[from] item: Leftovers\n|upkeep\n|\n|t:|1700374938\n|switch|p2a: Shayera Hal|Chansey, F, shiny|100\/100\n|-damage|p2a: Shayera Hal|88\/100|[from] Spikes\n|turn|13\n|\n|t:|1700374946\n|move|p2a: Shayera Hal|Healing Wish|p2a: Shayera Hal\n|faint|p2a: Shayera Hal\n|move|p1a: Slowking|Future Sight|p2: Shayera Hal\n|-start|p1a: Slowking|move: Future Sight\n|\n|-heal|p1a: Slowking|83\/100|[from] item: Leftovers\n|upkeep\n|\n|t:|1700374956\n|switch|p2a: Boston Brand|Mew, shiny|4\/100\n|-heal|p2a: Boston Brand|100\/100|[from] move: Healing Wish\n|-damage|p2a: Boston Brand|88\/100|[from] Spikes\n|turn|14\n|\n|t:|1700374970\n|move|p2a: Boston Brand|Earth Power|p1a: Slowking\n|-supereffective|p1a: Slowking\n|-damage|p1a: Slowking|20\/100\n|move|p1a: Slowking|Thunder Wave|p2a: Boston Brand\n|-status|p2a: Boston Brand|par\n|-activate|p2a: Boston Brand|ability: Synchronize\n|-status|p1a: Slowking|par\n|\n|-heal|p1a: Slowking|26\/100 par|[from] item: Leftovers\n|upkeep\n|turn|15\n|\n|t:|1700374982\n|switch|p1a: Heatran|Heatran, M|100\/100\n|-item|p1a: Heatran|Air Balloon\n|move|p2a: Boston Brand|Earth Power|p1a: Heatran\n|-immune|p1a: Heatran\n|\n|-end|p2a: Boston Brand|move: Future Sight\n|-resisted|p2a: Boston Brand\n|-damage|p2a: Boston Brand|60\/100 par\n|upkeep\n|turn|16\n|\n|t:|1700374997\n|switch|p2a: Jonathan Osterman|Avalugg, M|9\/100\n|-damage|p2a: Jonathan Osterman|0 fnt|[from] Spikes\n|faint|p2a: Jonathan Osterman\n|move|p1a: Heatran|Flamethrower|p2: Jonathan Osterman|[notarget]\n|-fail|p1a: Heatran\n|\n|upkeep\n|\n|t:|1700375005\n|switch|p2a: Jason Blood|Ursaluna, M, shiny, tera:Fighting|33\/100\n|-damage|p2a: Jason Blood|21\/100|[from] Spikes\n|turn|17\n|\n|t:|1700375010\n|move|p1a: Heatran|Flamethrower|p2a: Jason Blood\n|-damage|p2a: Jason Blood|0 fnt\n|faint|p2a: Jason Blood\n|\n|upkeep\n|-message|R. Caroline forfeited.\n|\n|win|Petergriffinonline\n|raw|Petergriffinonline's rating: 1293 &rarr; <strong>1326<\/strong><br \/>(+33 for winning)\n|raw|R. Caroline's rating: 1408 &rarr; <strong>1382<\/strong><br \/>(-26 for losing)\n|l|\u2606R. Caroline\n","uploadtime":1700375024,"views":9,"p1id":"petergriffinonline","p2id":"rcaroline","formatid":"gen9ou","rating":1326,"private":0,"password":""}