{"id":"gen9ou-1990311364","p1":"Investor07","p2":"8y0","format":"[Gen 9] OU","log":"|j|\u2606Investor07\n|j|\u26068y0\n|t:|1699954901\n|gametype|singles\n|player|p1|Investor07|2|1000\n|player|p2|8y0|266|1000\n|teamsize|p1|6\n|teamsize|p2|6\n|gen|9\n|tier|[Gen 9] OU\n|rated|\n|rule|Sleep Clause Mod: Limit one foe put to sleep\n|rule|Species Clause: Limit one of each Pok\u00e9mon\n|rule|OHKO Clause: OHKO moves are banned\n|rule|Evasion Items Clause: Evasion items are banned\n|rule|Evasion Moves Clause: Evasion moves are banned\n|rule|Endless Battle Clause: Forcing endless battles is banned\n|rule|HP Percentage Mod: HP is shown in percentages\n|clearpoke\n|poke|p1|Weavile, M|\n|poke|p1|Slowking-Galar, M|\n|poke|p1|Ogerpon, F|\n|poke|p1|Dragapult, F|\n|poke|p1|Empoleon, F|\n|poke|p1|Great Tusk|\n|poke|p2|Torkoal, M|\n|poke|p2|Great Tusk|\n|poke|p2|Walking Wake|\n|poke|p2|Kingambit, F|\n|poke|p2|Infernape, M|\n|poke|p2|Rillaboom, F|\n|teampreview\n|\n|t:|1699954910\n|start\n|switch|p1a: Dragapult|Dragapult, F, shiny|100\/100\n|switch|p2a: Torkoal|Torkoal, M|100\/100\n|-weather|SunnyDay|[from] ability: Drought|[of] p2a: Torkoal\n|turn|1\n|\n|t:|1699954925\n|switch|p2a: Kingambit|Kingambit, F|100\/100\n|move|p1a: Dragapult|Draco Meteor|p2a: Kingambit\n|-resisted|p2a: Kingambit\n|-damage|p2a: Kingambit|58\/100\n|-unboost|p1a: Dragapult|spa|2\n|\n|-weather|SunnyDay|[upkeep]\n|-heal|p2a: Kingambit|64\/100|[from] item: Leftovers\n|upkeep\n|turn|2\n|\n|t:|1699954930\n|switch|p1a: Great Tusk|Great Tusk|100\/100\n|-activate|p1a: Great Tusk|ability: Protosynthesis\n|-start|p1a: Great Tusk|protosynthesisatk\n|move|p2a: Kingambit|Kowtow Cleave|p1a: Great Tusk\n|-resisted|p1a: Great Tusk\n|-damage|p1a: Great Tusk|85\/100\n|\n|-weather|SunnyDay|[upkeep]\n|-heal|p1a: Great Tusk|91\/100|[from] item: Leftovers\n|-heal|p2a: Kingambit|70\/100|[from] item: Leftovers\n|upkeep\n|turn|3\n|\n|t:|1699954944\n|-end|p2a: Kingambit|fallenundefined|[silent]\n|switch|p2a: Rillaboom|Rillaboom, F|100\/100\n|-fieldstart|move: Grassy Terrain|[from] ability: Grassy Surge|[of] p2a: Rillaboom\n|move|p1a: Great Tusk|Knock Off|p2a: Rillaboom\n|-damage|p2a: Rillaboom|62\/100\n|-enditem|p2a: Rillaboom|Choice Band|[from] move: Knock Off|[of] p1a: Great Tusk\n|\n|-weather|SunnyDay|[upkeep]\n|-heal|p1a: Great Tusk|97\/100|[from] Grassy Terrain\n|-heal|p1a: Great Tusk|100\/100|[from] item: Leftovers\n|-heal|p2a: Rillaboom|68\/100|[from] Grassy Terrain\n|upkeep\n|turn|4\n|\n|t:|1699954951\n|-end|p1a: Great Tusk|Protosynthesis|[silent]\n|switch|p1a: Slowking|Slowking-Galar, M, shiny|100\/100\n|move|p2a: Rillaboom|Wood Hammer|p1a: Slowking\n|-resisted|p1a: Slowking\n|-damage|p1a: Slowking|69\/100\n|-damage|p2a: Rillaboom|56\/100|[from] Recoil\n|\n|-weather|SunnyDay|[upkeep]\n|-heal|p2a: Rillaboom|62\/100|[from] Grassy Terrain\n|-heal|p1a: Slowking|75\/100|[from] Grassy Terrain\n|-heal|p1a: Slowking|81\/100|[from] item: Black Sludge\n|upkeep\n|turn|5\n|\n|t:|1699954957\n|move|p2a: Rillaboom|Knock Off|p1a: Slowking\n|-supereffective|p1a: Slowking\n|-crit|p1a: Slowking\n|-damage|p1a: Slowking|4\/100\n|-enditem|p1a: Slowking|Black Sludge|[from] move: Knock Off|[of] p2a: Rillaboom\n|move|p1a: Slowking|Trick||[still]\n|-fail|p1a: Slowking\n|\n|-weather|SunnyDay|[upkeep]\n|-heal|p2a: Rillaboom|68\/100|[from] Grassy Terrain\n|-heal|p1a: Slowking|10\/100|[from] Grassy Terrain\n|upkeep\n|turn|6\n|\n|t:|1699954967\n|switch|p1a: Weavile|Weavile, M|100\/100\n|-ability|p1a: Weavile|Pressure\n|move|p2a: Rillaboom|U-turn|p1a: Weavile\n|-supereffective|p1a: Weavile\n|-damage|p1a: Weavile|10\/100\n|\n|t:|1699954989\n|switch|p2a: Kingambit|Kingambit, F|70\/100|[from] U-turn\n|\n|-weather|SunnyDay|[upkeep]\n|-heal|p1a: Weavile|16\/100|[from] Grassy Terrain\n|-heal|p2a: Kingambit|77\/100|[from] Grassy Terrain\n|-heal|p2a: Kingambit|83\/100|[from] item: Leftovers\n|upkeep\n|turn|7\n|\n|t:|1699954992\n|move|p2a: Kingambit|Sucker Punch|p1a: Weavile\n|-resisted|p1a: Weavile\n|-damage|p1a: Weavile|0 fnt\n|faint|p1a: Weavile\n|\n|-weather|SunnyDay|[upkeep]\n|-heal|p2a: Kingambit|89\/100|[from] Grassy Terrain\n|-heal|p2a: Kingambit|95\/100|[from] item: Leftovers\n|-fieldend|move: Grassy Terrain\n|upkeep\n|\n|t:|1699954999\n|switch|p1a: Great Tusk|Great Tusk|100\/100\n|-activate|p1a: Great Tusk|ability: Protosynthesis\n|-start|p1a: Great Tusk|protosynthesisatk\n|turn|8\n|\n|t:|1699955026\n|-terastallize|p2a: Kingambit|Fairy\n|move|p1a: Great Tusk|Earthquake|p2a: Kingambit\n|-damage|p2a: Kingambit|55\/100\n|move|p2a: Kingambit|Swords Dance|p2a: Kingambit\n|-boost|p2a: Kingambit|atk|2\n|\n|-weather|none\n|-end|p1a: Great Tusk|Protosynthesis\n|-heal|p2a: Kingambit|61\/100|[from] item: Leftovers\n|upkeep\n|turn|9\n|\n|t:|1699955033\n|move|p1a: Great Tusk|Bulk Up|p1a: Great Tusk\n|-boost|p1a: Great Tusk|atk|1\n|-boost|p1a: Great Tusk|def|1\n|move|p2a: Kingambit|Iron Head|p1a: Great Tusk\n|-damage|p1a: Great Tusk|65\/100\n|\n|-heal|p1a: Great Tusk|71\/100|[from] item: Leftovers\n|-heal|p2a: Kingambit|67\/100|[from] item: Leftovers\n|upkeep\n|turn|10\n|\n|t:|1699955036\n|move|p1a: Great Tusk|Bulk Up|p1a: Great Tusk\n|-boost|p1a: Great Tusk|atk|1\n|-boost|p1a: Great Tusk|def|1\n|move|p2a: Kingambit|Iron Head|p1a: Great Tusk\n|-damage|p1a: Great Tusk|42\/100\n|\n|-heal|p1a: Great Tusk|48\/100|[from] item: Leftovers\n|-heal|p2a: Kingambit|74\/100|[from] item: Leftovers\n|upkeep\n|turn|11\n|\n|t:|1699955039\n|move|p1a: Great Tusk|Earthquake|p2a: Kingambit\n|-damage|p2a: Kingambit|12\/100\n|move|p2a: Kingambit|Iron Head|p1a: Great Tusk\n|-damage|p1a: Great Tusk|20\/100\n|\n|-heal|p1a: Great Tusk|26\/100|[from] item: Leftovers\n|-heal|p2a: Kingambit|18\/100|[from] item: Leftovers\n|upkeep\n|turn|12\n|\n|t:|1699955059\n|-end|p2a: Kingambit|fallenundefined|[silent]\n|switch|p2a: Torkoal|Torkoal, M|100\/100\n|-weather|SunnyDay|[from] ability: Drought|[of] p2a: Torkoal\n|-activate|p1a: Great Tusk|ability: Protosynthesis\n|-start|p1a: Great Tusk|protosynthesisatk\n|move|p1a: Great Tusk|Earthquake|p2a: Torkoal\n|-supereffective|p2a: Torkoal\n|-damage|p2a: Torkoal|0 fnt\n|faint|p2a: Torkoal\n|\n|-weather|SunnyDay|[upkeep]\n|-heal|p1a: Great Tusk|32\/100|[from] item: Leftovers\n|upkeep\n|\n|t:|1699955064\n|switch|p2a: Infernape|Infernape, M|100\/100\n|turn|13\n|\n|t:|1699955071\n|-end|p1a: Great Tusk|Protosynthesis|[silent]\n|switch|p1a: Empoleon|Empoleon, F|100\/100\n|move|p2a: Infernape|Overheat|p1a: Empoleon\n|-crit|p1a: Empoleon\n|-damage|p1a: Empoleon|14\/100\n|-unboost|p2a: Infernape|spa|2\n|-enditem|p2a: Infernape|Eject Pack\n|\n|t:|1699955087\n|switch|p2a: Rillaboom|Rillaboom, F|68\/100\n|-fieldstart|move: Grassy Terrain|[from] ability: Grassy Surge|[of] p2a: Rillaboom\n|\n|-weather|SunnyDay|[upkeep]\n|-heal|p2a: Rillaboom|74\/100|[from] Grassy Terrain\n|-heal|p1a: Empoleon|20\/100|[from] Grassy Terrain\n|-heal|p1a: Empoleon|27\/100|[from] item: Leftovers\n|upkeep\n|turn|14\n|\n|t:|1699955095\n|move|p2a: Rillaboom|Grassy Glide|p1a: Empoleon\n|-damage|p1a: Empoleon|0 fnt\n|faint|p1a: Empoleon\n|\n|-weather|SunnyDay|[upkeep]\n|-heal|p2a: Rillaboom|81\/100|[from] Grassy Terrain\n|upkeep\n|\n|t:|1699955109\n|switch|p1a: Dragapult|Dragapult, F, shiny|100\/100\n|turn|15\n|\n|t:|1699955123\n|switch|p2a: Walking Wake|Walking Wake|100\/100\n|-activate|p2a: Walking Wake|ability: Protosynthesis\n|-start|p2a: Walking Wake|protosynthesisspe\n|move|p1a: Dragapult|Flamethrower|p2a: Walking Wake\n|-resisted|p2a: Walking Wake\n|-damage|p2a: Walking Wake|84\/100\n|\n|-weather|SunnyDay|[upkeep]\n|-heal|p2a: Walking Wake|90\/100|[from] Grassy Terrain\n|upkeep\n|turn|16\n|\n|t:|1699955137\n|switch|p1a: Great Tusk|Great Tusk|32\/100\n|-activate|p1a: Great Tusk|ability: Protosynthesis\n|-start|p1a: Great Tusk|protosynthesisatk\n|move|p2a: Walking Wake|Draco Meteor|p1a: Great Tusk\n|-damage|p1a: Great Tusk|0 fnt\n|-unboost|p2a: Walking Wake|spa|2\n|faint|p1a: Great Tusk\n|-end|p1a: Great Tusk|Protosynthesis|[silent]\n|\n|-weather|SunnyDay|[upkeep]\n|-heal|p2a: Walking Wake|96\/100|[from] Grassy Terrain\n|upkeep\n|\n|t:|1699955146\n|switch|p1a: Slowking|Slowking-Galar, M, shiny|43\/100\n|turn|17\n|\n|t:|1699955154\n|-end|p2a: Walking Wake|Protosynthesis|[silent]\n|switch|p2a: Kingambit|Kingambit, F, tera:Fairy|18\/100\n|-activate|p2a: Kingambit|ability: Supreme Overlord\n|-start|p2a: Kingambit|fallen1|[silent]\n|move|p1a: Slowking|Future Sight|p2a: Kingambit\n|-start|p1a: Slowking|move: Future Sight\n|\n|-weather|SunnyDay|[upkeep]\n|-heal|p2a: Kingambit|25\/100|[from] Grassy Terrain\n|-heal|p2a: Kingambit|31\/100|[from] item: Leftovers\n|-heal|p1a: Slowking|49\/100|[from] Grassy Terrain\n|-fieldend|move: Grassy Terrain\n|upkeep\n|turn|18\n|\n|t:|1699955165\n|move|p2a: Kingambit|Kowtow Cleave|p1a: Slowking\n|-supereffective|p1a: Slowking\n|-damage|p1a: Slowking|0 fnt\n|faint|p1a: Slowking\n|\n|-weather|SunnyDay|[upkeep]\n|-heal|p2a: Kingambit|37\/100|[from] item: Leftovers\n|upkeep\n|\n|t:|1699955167\n|switch|p1a: Ogerpon|Ogerpon, F|100\/100\n|turn|19\n|\n|t:|1699955172\n|move|p2a: Kingambit|Sucker Punch||[still]\n|-fail|p2a: Kingambit\n|move|p1a: Ogerpon|Swords Dance|p1a: Ogerpon\n|-boost|p1a: Ogerpon|atk|2\n|\n|-weather|none\n|-end|p2a: Kingambit|move: Future Sight\n|-damage|p2a: Kingambit|0 fnt\n|faint|p2a: Kingambit\n|-end|p2a: Kingambit|fallen1|[silent]\n|upkeep\n|\n|t:|1699955188\n|switch|p2a: Infernape|Infernape, M|100\/100\n|turn|20\n|\n|t:|1699955196\n|move|p1a: Ogerpon|Play Rough|p2a: Infernape|[miss]\n|-miss|p1a: Ogerpon|p2a: Infernape\n|move|p2a: Infernape|Overheat|p1a: Ogerpon\n|-supereffective|p1a: Ogerpon\n|-damage|p1a: Ogerpon|0 fnt\n|-unboost|p2a: Infernape|spa|2\n|faint|p1a: Ogerpon\n|\n|upkeep\n|\n|t:|1699955201\n|switch|p1a: Dragapult|Dragapult, F, shiny|100\/100\n|turn|21\n|\n|t:|1699955209\n|-terastallize|p1a: Dragapult|Ghost\n|move|p1a: Dragapult|Shadow Ball|p2a: Infernape\n|-damage|p2a: Infernape|0 fnt\n|faint|p2a: Infernape\n|\n|upkeep\n|\n|t:|1699955214\n|switch|p2a: Walking Wake|Walking Wake|96\/100\n|turn|22\n|\n|t:|1699955218\n|move|p1a: Dragapult|Shadow Ball|p2a: Walking Wake\n|-damage|p2a: Walking Wake|17\/100\n|move|p2a: Walking Wake|Draco Meteor|p1a: Dragapult\n|-damage|p1a: Dragapult|0 fnt\n|-unboost|p2a: Walking Wake|spa|2\n|faint|p1a: Dragapult\n|\n|win|8y0\n|raw|Investor07's rating: 1000 &rarr; <strong>1000<\/strong><br \/>(+0 for losing)\n|raw|8y0's rating: 1000 &rarr; <strong>1040<\/strong><br \/>(+40 for winning)\n|l|\u2606Investor07\n","uploadtime":1699955227,"views":11,"p1id":"investor07","p2id":"8y0","formatid":"gen9ou","rating":1000,"private":0,"password":""}