{"id":"gen9ou-1995075749","p1":"mikelrada98","p2":"Synitive","format":"[Gen 9] OU","log":"|j|\u2606mikelrada98\n|j|\u2606Synitive\n|t:|1700519884\n|gametype|singles\n|player|p1|mikelrada98|170|1101\n|player|p2|Synitive|1|1045\n|teamsize|p1|6\n|teamsize|p2|6\n|gen|9\n|tier|[Gen 9] OU\n|rated|\n|rule|Sleep Clause Mod: Limit one foe put to sleep\n|rule|Species Clause: Limit one of each Pok\u00e9mon\n|rule|OHKO Clause: OHKO moves are banned\n|rule|Evasion Items Clause: Evasion items are banned\n|rule|Evasion Moves Clause: Evasion moves are banned\n|rule|Endless Battle Clause: Forcing endless battles is banned\n|rule|HP Percentage Mod: HP is shown in percentages\n|clearpoke\n|poke|p1|Pelipper, F|\n|poke|p1|Barraskewda, F|\n|poke|p1|Landorus-Therian, M|\n|poke|p1|Vikavolt, F|\n|poke|p1|Arboliva, M|\n|poke|p1|Weavile, M|\n|poke|p2|Azelf|\n|poke|p2|Glimmora, F|\n|poke|p2|Ogerpon-Wellspring, F|\n|poke|p2|Pelipper, M|\n|poke|p2|Zapdos|\n|poke|p2|Scizor, F|\n|teampreview\n|\n|t:|1700519901\n|start\n|switch|p1a: Landorus|Landorus-Therian, M|100\/100\n|switch|p2a: Azelf|Azelf|100\/100\n|-ability|p1a: Landorus|Intimidate|boost\n|-unboost|p2a: Azelf|atk|1\n|turn|1\n|\n|t:|1700519910\n|move|p2a: Azelf|Taunt|p1a: Landorus\n|-start|p1a: Landorus|move: Taunt\n|cant|p1a: Landorus|move: Taunt|Taunt\n|\n|upkeep\n|turn|2\n|\n|t:|1700519916\n|move|p2a: Azelf|Stealth Rock|p1a: Landorus\n|-sidestart|p1: mikelrada98|move: Stealth Rock\n|move|p1a: Landorus|U-turn|p2a: Azelf\n|-supereffective|p2a: Azelf\n|-damage|p2a: Azelf|31\/100\n|\n|t:|1700519924\n|switch|p1a: Weavile|Weavile, M|100\/100|[from] U-turn\n|-damage|p1a: Weavile|76\/100|[from] Stealth Rock\n|-ability|p1a: Weavile|Pressure\n|\n|upkeep\n|turn|3\n|\n|t:|1700519931\n|move|p1a: Weavile|Knock Off|p2a: Azelf\n|-supereffective|p2a: Azelf\n|-damage|p2a: Azelf|0 fnt\n|-enditem|p2a: Azelf|Focus Sash|[from] move: Knock Off|[of] p1a: Weavile\n|faint|p2a: Azelf\n|\n|upkeep\n|\n|t:|1700519942\n|switch|p2a: Zapdos|Zapdos, shiny|100\/100\n|turn|4\n|\n|t:|1700519948\n|move|p1a: Weavile|Knock Off|p2a: Zapdos\n|-damage|p2a: Zapdos|8\/100\n|-enditem|p2a: Zapdos|Heavy-Duty Boots|[from] move: Knock Off|[of] p1a: Weavile\n|move|p2a: Zapdos|Heat Wave|p1a: Weavile\n|-supereffective|p1a: Weavile\n|-damage|p1a: Weavile|0 fnt\n|faint|p1a: Weavile\n|\n|upkeep\n|\n|t:|1700519964\n|switch|p1a: Barraskewda|Barraskewda, F|100\/100\n|-damage|p1a: Barraskewda|88\/100|[from] Stealth Rock\n|turn|5\n|\n|t:|1700519975\n|switch|p2a: Ogerpon|Ogerpon-Wellspring, F|100\/100\n|move|p1a: Barraskewda|Flip Turn|p2a: Ogerpon\n|-immune|p2a: Ogerpon|[from] ability: Water Absorb\n|\n|upkeep\n|turn|6\n|\n|t:|1700519987\n|switch|p1a: Pelipper|Pelipper, F|100\/100\n|-damage|p1a: Pelipper|76\/100|[from] Stealth Rock\n|-weather|RainDance|[from] ability: Drizzle|[of] p1a: Pelipper\n|move|p2a: Ogerpon|Horn Leech|p1a: Pelipper\n|-crit|p1a: Pelipper\n|-damage|p1a: Pelipper|22\/100\n|\n|-weather|RainDance|[upkeep]\n|upkeep\n|turn|7\n|\n|t:|1700519999\n|move|p2a: Ogerpon|Horn Leech|p1a: Pelipper\n|-damage|p1a: Pelipper|0 fnt\n|faint|p1a: Pelipper\n|\n|-weather|RainDance|[upkeep]\n|upkeep\n|\n|t:|1700520006\n|switch|p1a: Vikavolt|Vikavolt, F|100\/100\n|-damage|p1a: Vikavolt|76\/100|[from] Stealth Rock\n|turn|8\n|\n|t:|1700520024\n|switch|p2a: Glimmora|Glimmora, F|100\/100\n|move|p1a: Vikavolt|Bug Buzz|p2a: Glimmora\n|-resisted|p2a: Glimmora\n|-damage|p2a: Glimmora|40\/100\n|\n|-weather|RainDance|[upkeep]\n|-heal|p2a: Glimmora|46\/100|[from] item: Leftovers\n|upkeep\n|turn|9\n|\n|t:|1700520040\n|move|p2a: Glimmora|Sludge Wave|p1a: Vikavolt\n|-damage|p1a: Vikavolt|18\/100\n|move|p1a: Vikavolt|Bug Buzz|p2a: Glimmora\n|-resisted|p2a: Glimmora\n|-damage|p2a: Glimmora|0 fnt\n|faint|p2a: Glimmora\n|\n|-weather|RainDance|[upkeep]\n|upkeep\n|\n|t:|1700520049\n|switch|p2a: Scizor|Scizor, F, shiny|100\/100\n|turn|10\n|\n|t:|1700520054\n|switch|p1a: Landorus|Landorus-Therian, M|100\/100\n|-damage|p1a: Landorus|88\/100|[from] Stealth Rock\n|-ability|p1a: Landorus|Intimidate|boost\n|-unboost|p2a: Scizor|atk|1\n|move|p2a: Scizor|Bullet Punch|p1a: Landorus\n|-damage|p1a: Landorus|71\/100\n|-damage|p2a: Scizor|84\/100|[from] item: Rocky Helmet|[of] p1a: Landorus\n|\n|-weather|RainDance|[upkeep]\n|-heal|p2a: Scizor|90\/100|[from] item: Leftovers\n|upkeep\n|turn|11\n|\n|t:|1700520067\n|switch|p2a: Pelipper|Pelipper, M, shiny|100\/100\n|move|p1a: Landorus|Stealth Rock|p2a: Pelipper\n|-sidestart|p2: Synitive|move: Stealth Rock\n|\n|-weather|RainDance|[upkeep]\n|upkeep\n|turn|12\n|\n|t:|1700520076\n|switch|p1a: Arboliva|Arboliva, M|100\/100\n|-damage|p1a: Arboliva|88\/100|[from] Stealth Rock\n|move|p2a: Pelipper|Hurricane|p1a: Arboliva\n|-supereffective|p1a: Arboliva\n|-damage|p1a: Arboliva|44\/100\n|\n|-weather|RainDance|[upkeep]\n|upkeep\n|turn|13\n|\n|t:|1700520088\n|move|p2a: Pelipper|Hurricane|p1a: Arboliva\n|-supereffective|p1a: Arboliva\n|-damage|p1a: Arboliva|0 fnt\n|faint|p1a: Arboliva\n|\n|-weather|none\n|upkeep\n|-message|mikelrada98 forfeited.\n|\n|win|Synitive\n|raw|mikelrada98's rating: 1101 &rarr; <strong>1072<\/strong><br \/>(-29 for losing)\n|raw|Synitive's rating: 1045 &rarr; <strong>1084<\/strong><br \/>(+39 for winning)\n|l|\u2606mikelrada98\n","uploadtime":1700520108,"views":5,"p1id":"mikelrada98","p2id":"synitive","formatid":"gen9ou","rating":1072,"private":0,"password":""}