{"id":"gen9ou-1994853262","p1":"mfteva","p2":"FoodieTheFood","format":"[Gen 9] OU","log":"|j|\u2606mfteva\n|j|\u2606FoodieTheFood\n|t:|1700498770\n|gametype|singles\n|player|p1|mfteva|clair|1239\n|player|p2|FoodieTheFood|iris-gen5bw2|1173\n|teamsize|p1|6\n|teamsize|p2|6\n|gen|9\n|tier|[Gen 9] OU\n|rated|\n|rule|Sleep Clause Mod: Limit one foe put to sleep\n|rule|Species Clause: Limit one of each Pok\u00e9mon\n|rule|OHKO Clause: OHKO moves are banned\n|rule|Evasion Items Clause: Evasion items are banned\n|rule|Evasion Moves Clause: Evasion moves are banned\n|rule|Endless Battle Clause: Forcing endless battles is banned\n|rule|HP Percentage Mod: HP is shown in percentages\n|clearpoke\n|poke|p1|Arcanine-Hisui, F|\n|poke|p1|Ribombee, F|\n|poke|p1|Gholdengo|\n|poke|p1|Ogerpon-Wellspring, F|\n|poke|p1|Landorus-Therian, M|\n|poke|p1|Fezandipiti, M|\n|poke|p2|Glimmora, M|\n|poke|p2|Alomomola, M|\n|poke|p2|Mimikyu, F|\n|poke|p2|Weavile, M|\n|poke|p2|Zamazenta-*|\n|poke|p2|Salamence, M|\n|teampreview\n|\n|t:|1700498786\n|start\n|switch|p1a: Landorus|Landorus-Therian, M|100\/100\n|switch|p2a: Glimmora|Glimmora, M|100\/100\n|-ability|p1a: Landorus|Intimidate|boost\n|-unboost|p2a: Glimmora|atk|1\n|turn|1\n|\n|t:|1700498797\n|move|p1a: Landorus|Taunt|p2a: Glimmora\n|-start|p2a: Glimmora|move: Taunt\n|cant|p2a: Glimmora|move: Taunt|Stealth Rock\n|\n|upkeep\n|turn|2\n|\n|t:|1700498818\n|switch|p2a: Alomomola|Alomomola, M|100\/100\n|move|p1a: Landorus|Stealth Rock|p2a: Alomomola\n|-sidestart|p2: FoodieTheFood|move: Stealth Rock\n|\n|upkeep\n|turn|3\n|\n|t:|1700498824\n|move|p1a: Landorus|U-turn|p2a: Alomomola\n|-damage|p2a: Alomomola|87\/100\n|\n|t:|1700498827\n|switch|p1a: Fezandipiti|Fezandipiti, M|100\/100|[from] U-turn\n|move|p2a: Alomomola|Scald|p1a: Fezandipiti\n|-damage|p1a: Fezandipiti|95\/100\n|\n|upkeep\n|turn|4\n|\n|t:|1700498831\n|move|p1a: Fezandipiti|Beat Up|p2a: Alomomola\n|-damage|p2a: Alomomola|86\/100\n|-damage|p2a: Alomomola|84\/100\n|-damage|p2a: Alomomola|83\/100\n|-damage|p2a: Alomomola|81\/100\n|-damage|p2a: Alomomola|80\/100\n|-status|p2a: Alomomola|tox|[from] ability: Toxic Chain|[of] p1a: Fezandipiti\n|-damage|p2a: Alomomola|77\/100 tox\n|-hitcount|p2a: Alomomola|6\n|move|p2a: Alomomola|Flip Turn|p1a: Fezandipiti\n|-damage|p1a: Fezandipiti|78\/100\n|\n|t:|1700498857\n|switch|p2a: Glimmora|Glimmora, M|100\/100|[from] Flip Turn\n|-damage|p2a: Glimmora|88\/100|[from] Stealth Rock\n|\n|upkeep\n|turn|5\n|\n|t:|1700498883\n|move|p2a: Glimmora|Stealth Rock|p1a: Fezandipiti\n|-sidestart|p1: mfteva|move: Stealth Rock\n|move|p1a: Fezandipiti|Moonblast|p2a: Glimmora\n|-resisted|p2a: Glimmora\n|-damage|p2a: Glimmora|72\/100\n|\n|upkeep\n|turn|6\n|\n|t:|1700498892\n|move|p2a: Glimmora|Spikes|p1a: Fezandipiti\n|-sidestart|p1: mfteva|Spikes\n|move|p1a: Fezandipiti|U-turn|p2a: Glimmora\n|-resisted|p2a: Glimmora\n|-damage|p2a: Glimmora|65\/100\n|-activate|p2a: Glimmora|ability: Toxic Debris\n|-sidestart|p1: mfteva|move: Toxic Spikes\n|\n|t:|1700498898\n|switch|p1a: Landorus|Landorus-Therian, M|100\/100|[from] U-turn\n|-damage|p1a: Landorus|88\/100|[from] Stealth Rock\n|-ability|p1a: Landorus|Intimidate|boost\n|-unboost|p2a: Glimmora|atk|1\n|\n|-heal|p1a: Landorus|94\/100|[from] item: Leftovers\n|upkeep\n|turn|7\n|\n|t:|1700498911\n|switch|p2a: Mimikyu|Mimikyu, F|100\/100\n|-damage|p2a: Mimikyu|88\/100|[from] Stealth Rock\n|move|p1a: Landorus|Earthquake|p2a: Mimikyu\n|-activate|p2a: Mimikyu|ability: Disguise\n|-damage|p2a: Mimikyu|88\/100\n|detailschange|p2a: Mimikyu|Mimikyu-Busted, F\n|-damage|p2a: Mimikyu|76\/100|[from] pokemon: Mimikyu-Busted\n|-enditem|p2a: Mimikyu|Red Card|[of] p1a: Landorus\n|drag|p1a: Ogerpon|Ogerpon-Wellspring, F|100\/100\n|-damage|p1a: Ogerpon|88\/100|[from] Stealth Rock\n|-damage|p1a: Ogerpon|76\/100|[from] Spikes\n|-status|p1a: Ogerpon|psn\n|\n|-damage|p1a: Ogerpon|64\/100 psn|[from] psn\n|upkeep\n|turn|8\n|\n|t:|1700498934\n|move|p2a: Mimikyu|Shadow Sneak|p1a: Ogerpon\n|-damage|p1a: Ogerpon|41\/100 psn\n|move|p1a: Ogerpon|Ivy Cudgel|p2a: Mimikyu|[anim] Ivy Cudgel Water\n|-crit|p2a: Mimikyu\n|-damage|p2a: Mimikyu|0 fnt\n|faint|p2a: Mimikyu\n|\n|-damage|p1a: Ogerpon|29\/100 psn|[from] psn\n|upkeep\n|\n|t:|1700498970\n|switch|p2a: Salamence|Salamence, M|100\/100\n|turn|9\n|\n|t:|1700498989\n|move|p1a: Ogerpon|Ivy Cudgel|p2a: Salamence|[anim] Ivy Cudgel Water\n|-resisted|p2a: Salamence\n|-crit|p2a: Salamence\n|-damage|p2a: Salamence|46\/100\n|move|p2a: Salamence|Dragon Dance|p2a: Salamence\n|-boost|p2a: Salamence|atk|1\n|-boost|p2a: Salamence|spe|1\n|\n|-damage|p1a: Ogerpon|17\/100 psn|[from] psn\n|upkeep\n|turn|10\n|\n|t:|1700499025\n|move|p2a: Salamence|Dual Wingbeat|p1a: Ogerpon\n|-supereffective|p1a: Ogerpon\n|-damage|p1a: Ogerpon|0 fnt\n|faint|p1a: Ogerpon\n|-ability|p2a: Salamence|Moxie|boost\n|-boost|p2a: Salamence|atk|1\n|-hitcount|p1: Ogerpon|1\n|\n|upkeep\n|\n|t:|1700499032\n|switch|p1a: Fezandipiti|Fezandipiti, M|78\/100\n|-damage|p1a: Fezandipiti|66\/100|[from] Stealth Rock\n|-damage|p1a: Fezandipiti|53\/100|[from] Spikes\n|-sideend|p1: mfteva|move: Toxic Spikes|[of] p1a: Fezandipiti\n|turn|11\n|\n|t:|1700499059\n|switch|p1a: Landorus|Landorus-Therian, M|94\/100\n|-damage|p1a: Landorus|82\/100|[from] Stealth Rock\n|-ability|p1a: Landorus|Intimidate|boost\n|-unboost|p2a: Salamence|atk|1\n|move|p2a: Salamence|Earthquake|p1a: Landorus\n|-immune|p1a: Landorus\n|\n|-heal|p1a: Landorus|88\/100|[from] item: Leftovers\n|upkeep\n|turn|12\n|\n|t:|1700499070\n|-terastallize|p2a: Salamence|Normal\n|move|p2a: Salamence|Double-Edge|p1a: Landorus\n|-damage|p1a: Landorus|0 fnt\n|faint|p1a: Landorus\n|-ability|p2a: Salamence|Moxie|boost\n|-boost|p2a: Salamence|atk|1\n|-damage|p2a: Salamence|18\/100|[from] Recoil\n|\n|upkeep\n|\n|t:|1700499085\n|switch|p1a: Ribombee|Ribombee, F|100\/100\n|-damage|p1a: Ribombee|75\/100|[from] Stealth Rock\n|-damage|p1a: Ribombee|63\/100|[from] Spikes\n|turn|13\n|\n|t:|1700499107\n|move|p2a: Salamence|Dual Wingbeat|p1a: Ribombee\n|-supereffective|p1a: Ribombee\n|-damage|p1a: Ribombee|0 fnt\n|faint|p1a: Ribombee\n|-ability|p2a: Salamence|Moxie|boost\n|-boost|p2a: Salamence|atk|1\n|-hitcount|p1: Ribombee|1\n|\n|upkeep\n|-message|mfteva forfeited.\n|\n|win|FoodieTheFood\n|raw|mfteva's rating: 1239 &rarr; <strong>1209<\/strong><br \/>(-30 for losing)\n|raw|FoodieTheFood's rating: 1173 &rarr; <strong>1203<\/strong><br \/>(+30 for winning)\n|l|\u2606mfteva\n","uploadtime":1700499129,"views":16,"p1id":"mfteva","p2id":"foodiethefood","formatid":"gen9ou","rating":1203,"private":0,"password":""}