{"id":"gen9ou-1988368842","p1":"Ordained","p2":"Froslass_Trainer","format":"[Gen 9] OU","log":"|j|\u2606Ordained\n|j|\u2606Froslass_Trainer\n|t:|1699714893\n|gametype|singles\n|player|p1|Ordained|ghetsis|1345\n|player|p2|Froslass_Trainer|101|1417\n|teamsize|p1|6\n|teamsize|p2|6\n|gen|9\n|tier|[Gen 9] OU\n|rated|\n|rule|Sleep Clause Mod: Limit one foe put to sleep\n|rule|Species Clause: Limit one of each Pok\u00e9mon\n|rule|OHKO Clause: OHKO moves are banned\n|rule|Evasion Items Clause: Evasion items are banned\n|rule|Evasion Moves Clause: Evasion moves are banned\n|rule|Endless Battle Clause: Forcing endless battles is banned\n|rule|HP Percentage Mod: HP is shown in percentages\n|clearpoke\n|poke|p1|Gholdengo|\n|poke|p1|Dragapult, F|\n|poke|p1|Rillaboom, F|\n|poke|p1|Sneasler, F|\n|poke|p1|Iron Valiant|\n|poke|p1|Kingambit, F|\n|poke|p2|Toxapex, F|\n|poke|p2|Goodra-Hisui, F|\n|poke|p2|Cinderace, F|\n|poke|p2|Sandy Shocks|\n|poke|p2|Ogerpon-Wellspring, F|\n|poke|p2|Chesnaught, M|\n|teampreview\n|inactive|Battle timer is ON: inactive players will automatically lose when time's up. (requested by Ordained)\n|inactive|Ordained has 120 seconds left.\n|l|\u2606Froslass_Trainer\n|inactive|Froslass_Trainer disconnected and has a minute to reconnect!\n|player|p2|\n|\n|t:|1699714958\n|start\n|switch|p1a: Dragapult|Dragapult, F|100\/100\n|switch|p2a: Sandy Shocks|Sandy Shocks|100\/100\n|turn|1\n|j|\u2606Froslass_Trainer\n|inactive|Froslass_Trainer reconnected and has 145 seconds left.\n|player|p2|Froslass_Trainer|101\n|\n|t:|1699714971\n|-terastallize|p2a: Sandy Shocks|Ice\n|move|p2a: Sandy Shocks|Tera Blast|p1a: Dragapult|[anim] Tera Blast Ice\n|-supereffective|p1a: Dragapult\n|-damage|p1a: Dragapult|0 fnt\n|faint|p1a: Dragapult\n|\n|upkeep\n|inactive|Ordained has 120 seconds left.\n|\n|t:|1699715005\n|switch|p1a: Gholdengo|Gholdengo|100\/100\n|turn|2\n|\n|t:|1699715017\n|-end|p2a: Sandy Shocks|Protosynthesis|[silent]\n|switch|p2a: Toxapex|Toxapex, F|100\/100\n|move|p1a: Gholdengo|Substitute|p1a: Gholdengo\n|-start|p1a: Gholdengo|Substitute\n|-damage|p1a: Gholdengo|75\/100\n|\n|upkeep\n|turn|3\n|\n|t:|1699715026\n|move|p1a: Gholdengo|Nasty Plot|p1a: Gholdengo\n|-boost|p1a: Gholdengo|spa|2\n|move|p2a: Toxapex|Haze|p2a: Toxapex\n|-clearallboost\n|\n|upkeep\n|turn|4\n|l|\u2606Froslass_Trainer\n|inactive|Froslass_Trainer disconnected and has a minute to reconnect!\n|player|p2|\n|inactive|Ordained has 120 seconds left.\n|j|\u2606Froslass_Trainer\n|inactive|Froslass_Trainer reconnected and has 120 seconds left.\n|player|p2|Froslass_Trainer|101\n|\n|t:|1699715090\n|move|p1a: Gholdengo|Shadow Ball|p2a: Toxapex\n|-damage|p2a: Toxapex|66\/100\n|move|p2a: Toxapex|Liquidation|p1a: Gholdengo\n|-activate|p1a: Gholdengo|move: Substitute|[damage]\n|\n|-heal|p2a: Toxapex|73\/100|[from] item: Leftovers\n|upkeep\n|turn|5\n|\n|t:|1699715096\n|move|p1a: Gholdengo|Shadow Ball|p2a: Toxapex\n|-damage|p2a: Toxapex|43\/100\n|move|p2a: Toxapex|Haze|p2a: Toxapex\n|-clearallboost\n|\n|-heal|p2a: Toxapex|49\/100|[from] item: Leftovers\n|upkeep\n|turn|6\n|inactive|Froslass_Trainer has 120 seconds left.\n|\n|t:|1699715117\n|move|p1a: Gholdengo|Nasty Plot|p1a: Gholdengo\n|-boost|p1a: Gholdengo|spa|2\n|move|p2a: Toxapex|Recover|p2a: Toxapex\n|-heal|p2a: Toxapex|99\/100\n|\n|-heal|p2a: Toxapex|100\/100|[from] item: Leftovers\n|upkeep\n|turn|7\n|inactive|Ordained has 120 seconds left.\n|\n|t:|1699715123\n|move|p1a: Gholdengo|Shadow Ball|p2a: Toxapex\n|-damage|p2a: Toxapex|42\/100\n|move|p2a: Toxapex|Haze|p2a: Toxapex\n|-clearallboost\n|\n|-heal|p2a: Toxapex|48\/100|[from] item: Leftovers\n|upkeep\n|turn|8\n|inactive|Froslass_Trainer has 120 seconds left.\n|\n|t:|1699715137\n|move|p1a: Gholdengo|Shadow Ball|p2a: Toxapex\n|-damage|p2a: Toxapex|17\/100\n|move|p2a: Toxapex|Recover|p2a: Toxapex\n|-heal|p2a: Toxapex|68\/100\n|\n|-heal|p2a: Toxapex|74\/100|[from] item: Leftovers\n|upkeep\n|turn|9\n|\n|t:|1699715142\n|move|p1a: Gholdengo|Shadow Ball|p2a: Toxapex\n|-damage|p2a: Toxapex|44\/100\n|-unboost|p2a: Toxapex|spd|1\n|move|p2a: Toxapex|Liquidation|p1a: Gholdengo\n|-end|p1a: Gholdengo|Substitute\n|\n|-heal|p2a: Toxapex|50\/100|[from] item: Leftovers\n|upkeep\n|turn|10\n|\n|t:|1699715147\n|switch|p2a: Chesnaught|Chesnaught, M|100\/100\n|move|p1a: Gholdengo|Substitute|p1a: Gholdengo\n|-start|p1a: Gholdengo|Substitute\n|-damage|p1a: Gholdengo|50\/100\n|\n|upkeep\n|turn|11\n|\n|t:|1699715156\n|switch|p2a: Toxapex|Toxapex, F|83\/100\n|move|p1a: Gholdengo|Nasty Plot|p1a: Gholdengo\n|-boost|p1a: Gholdengo|spa|2\n|\n|-heal|p2a: Toxapex|90\/100|[from] item: Leftovers\n|upkeep\n|turn|12\n|\n|t:|1699715165\n|move|p2a: Toxapex|Baneful Bunker|p2a: Toxapex\n|-singleturn|p2a: Toxapex|move: Protect\n|move|p1a: Gholdengo|Shadow Ball|p2a: Toxapex\n|-activate|p2a: Toxapex|move: Protect\n|\n|-heal|p2a: Toxapex|96\/100|[from] item: Leftovers\n|upkeep\n|turn|13\n|\n|t:|1699715170\n|move|p1a: Gholdengo|Shadow Ball|p2a: Toxapex\n|-damage|p2a: Toxapex|30\/100\n|move|p2a: Toxapex|Haze|p2a: Toxapex\n|-clearallboost\n|\n|-heal|p2a: Toxapex|36\/100|[from] item: Leftovers\n|upkeep\n|turn|14\n|\n|t:|1699715178\n|move|p1a: Gholdengo|Shadow Ball|p2a: Toxapex\n|-damage|p2a: Toxapex|5\/100\n|move|p2a: Toxapex|Recover|p2a: Toxapex\n|-heal|p2a: Toxapex|55\/100\n|\n|-heal|p2a: Toxapex|62\/100|[from] item: Leftovers\n|upkeep\n|turn|15\n|\n|t:|1699715189\n|move|p1a: Gholdengo|Shadow Ball|p2a: Toxapex\n|-damage|p2a: Toxapex|32\/100\n|-unboost|p2a: Toxapex|spd|1\n|move|p2a: Toxapex|Recover|p2a: Toxapex\n|-heal|p2a: Toxapex|82\/100\n|\n|-heal|p2a: Toxapex|88\/100|[from] item: Leftovers\n|upkeep\n|turn|16\n|\n|t:|1699715211\n|move|p1a: Gholdengo|Nasty Plot|p1a: Gholdengo\n|-boost|p1a: Gholdengo|spa|2\n|move|p2a: Toxapex|Liquidation|p1a: Gholdengo\n|-activate|p1a: Gholdengo|move: Substitute|[damage]\n|\n|-heal|p2a: Toxapex|94\/100|[from] item: Leftovers\n|upkeep\n|turn|17\n|\n|t:|1699715219\n|switch|p2a: Chesnaught|Chesnaught, M|100\/100\n|move|p1a: Gholdengo|Shadow Ball|p2a: Chesnaught\n|-immune|p2a: Chesnaught|[from] ability: Bulletproof\n|\n|upkeep\n|turn|18\n|\n|t:|1699715229\n|move|p2a: Chesnaught|Spiky Shield|p2a: Chesnaught\n|-singleturn|p2a: Chesnaught|move: Protect\n|move|p1a: Gholdengo|Shadow Ball|p2a: Chesnaught\n|-activate|p2a: Chesnaught|move: Protect\n|\n|upkeep\n|turn|19\n|\n|t:|1699715246\n|switch|p1a: Iron Valiant|Iron Valiant|100\/100\n|-enditem|p1a: Iron Valiant|Booster Energy\n|-activate|p1a: Iron Valiant|ability: Quark Drive|[fromitem]\n|-start|p1a: Iron Valiant|quarkdrivespe\n|switch|p2a: Toxapex|Toxapex, F|100\/100\n|\n|upkeep\n|turn|20\n|\n|t:|1699715257\n|-terastallize|p1a: Iron Valiant|Steel\n|move|p1a: Iron Valiant|Psyshock|p2a: Toxapex\n|-supereffective|p2a: Toxapex\n|-damage|p2a: Toxapex|61\/100\n|move|p2a: Toxapex|Liquidation|p1a: Iron Valiant\n|-damage|p1a: Iron Valiant|75\/100\n|-unboost|p1a: Iron Valiant|def|1\n|\n|-heal|p2a: Toxapex|67\/100|[from] item: Leftovers\n|upkeep\n|turn|21\n|\n|t:|1699715268\n|move|p1a: Iron Valiant|Psyshock|p2a: Toxapex\n|-supereffective|p2a: Toxapex\n|-damage|p2a: Toxapex|31\/100\n|move|p2a: Toxapex|Liquidation|p1a: Iron Valiant\n|-damage|p1a: Iron Valiant|35\/100\n|\n|-heal|p2a: Toxapex|37\/100|[from] item: Leftovers\n|upkeep\n|turn|22\n|\n|t:|1699715284\n|switch|p2a: Goodra|Goodra-Hisui, F|100\/100\n|move|p1a: Iron Valiant|Psyshock|p2a: Goodra\n|-resisted|p2a: Goodra\n|-damage|p2a: Goodra|89\/100\n|\n|-heal|p2a: Goodra|95\/100|[from] item: Leftovers\n|upkeep\n|turn|23\n|\n|t:|1699715290\n|switch|p2a: Toxapex|Toxapex, F|71\/100\n|move|p1a: Iron Valiant|Focus Blast|p2a: Toxapex\n|-resisted|p2a: Toxapex\n|-damage|p2a: Toxapex|47\/100\n|\n|-heal|p2a: Toxapex|53\/100|[from] item: Leftovers\n|upkeep\n|turn|24\n|\n|t:|1699715298\n|-end|p1a: Iron Valiant|Quark Drive|[silent]\n|switch|p1a: Rillaboom|Rillaboom, F|100\/100\n|-fieldstart|move: Grassy Terrain|[from] ability: Grassy Surge|[of] p1a: Rillaboom\n|move|p2a: Toxapex|Recover|p2a: Toxapex\n|-heal|p2a: Toxapex|100\/100\n|\n|upkeep\n|turn|25\n|\n|t:|1699715303\n|move|p2a: Toxapex|Baneful Bunker|p2a: Toxapex\n|-singleturn|p2a: Toxapex|move: Protect\n|move|p1a: Rillaboom|Wood Hammer|p2a: Toxapex\n|-activate|p2a: Toxapex|move: Protect\n|-status|p1a: Rillaboom|psn\n|\n|-damage|p1a: Rillaboom|88\/100 psn|[from] psn\n|upkeep\n|turn|26\n|\n|t:|1699715316\n|switch|p1a: Sneasler|Sneasler, F|100\/100\n|-enditem|p1a: Sneasler|Grassy Seed\n|-boost|p1a: Sneasler|def|1|[from] item: Grassy Seed\n|switch|p2a: Goodra|Goodra-Hisui, F|95\/100\n|\n|-heal|p2a: Goodra|100\/100|[from] Grassy Terrain\n|upkeep\n|turn|27\n|\n|t:|1699715332\n|switch|p2a: Toxapex|Toxapex, F|100\/100\n|move|p1a: Sneasler|Swords Dance|p1a: Sneasler\n|-boost|p1a: Sneasler|atk|2\n|\n|upkeep\n|turn|28\n|\n|t:|1699715341\n|move|p1a: Sneasler|Dire Claw|p2a: Toxapex\n|-resisted|p2a: Toxapex\n|-damage|p2a: Toxapex|68\/100\n|-status|p2a: Toxapex|par\n|move|p2a: Toxapex|Haze|p2a: Toxapex\n|-clearallboost\n|\n|-heal|p2a: Toxapex|74\/100 par|[from] Grassy Terrain\n|-heal|p2a: Toxapex|80\/100 par|[from] item: Leftovers\n|-fieldend|move: Grassy Terrain\n|upkeep\n|turn|29\n|\n|t:|1699715351\n|move|p1a: Sneasler|Lash Out|p2a: Toxapex\n|-damage|p2a: Toxapex|61\/100 par\n|cant|p2a: Toxapex|par\n|\n|-heal|p2a: Toxapex|67\/100 par|[from] item: Leftovers\n|upkeep\n|turn|30\n|\n|t:|1699715356\n|move|p1a: Sneasler|Swords Dance|p1a: Sneasler\n|-boost|p1a: Sneasler|atk|2\n|move|p2a: Toxapex|Recover|p2a: Toxapex\n|-heal|p2a: Toxapex|100\/100 par\n|\n|upkeep\n|turn|31\n|\n|t:|1699715359\n|move|p1a: Sneasler|Dire Claw|p2a: Toxapex\n|-resisted|p2a: Toxapex\n|-damage|p2a: Toxapex|69\/100 par\n|cant|p2a: Toxapex|par\n|\n|-heal|p2a: Toxapex|75\/100 par|[from] item: Leftovers\n|upkeep\n|turn|32\n|\n|t:|1699715386\n|move|p1a: Sneasler|Dire Claw|p2a: Toxapex\n|-resisted|p2a: Toxapex\n|-damage|p2a: Toxapex|39\/100 par\n|move|p2a: Toxapex|Haze|p2a: Toxapex\n|-clearallboost\n|\n|-heal|p2a: Toxapex|45\/100 par|[from] item: Leftovers\n|upkeep\n|turn|33\n|\n|t:|1699715396\n|move|p1a: Sneasler|Swords Dance|p1a: Sneasler\n|-boost|p1a: Sneasler|atk|2\n|move|p2a: Toxapex|Recover|p2a: Toxapex\n|-heal|p2a: Toxapex|95\/100 par\n|\n|-heal|p2a: Toxapex|100\/100 par|[from] item: Leftovers\n|upkeep\n|turn|34\n|\n|t:|1699715404\n|move|p1a: Sneasler|Dire Claw|p2a: Toxapex\n|-resisted|p2a: Toxapex\n|-damage|p2a: Toxapex|65\/100 par\n|move|p2a: Toxapex|Haze|p2a: Toxapex\n|-clearallboost\n|\n|-heal|p2a: Toxapex|71\/100 par|[from] item: Leftovers\n|upkeep\n|turn|35\n|\n|t:|1699715417\n|move|p1a: Sneasler|Swords Dance|p1a: Sneasler\n|-boost|p1a: Sneasler|atk|2\n|cant|p2a: Toxapex|par\n|\n|-heal|p2a: Toxapex|77\/100 par|[from] item: Leftovers\n|upkeep\n|turn|36\n|\n|t:|1699715428\n|move|p1a: Sneasler|Dire Claw|p2a: Toxapex\n|-resisted|p2a: Toxapex\n|-damage|p2a: Toxapex|43\/100 par\n|cant|p2a: Toxapex|par\n|\n|-heal|p2a: Toxapex|49\/100 par|[from] item: Leftovers\n|upkeep\n|turn|37\n|\n|t:|1699715442\n|move|p1a: Sneasler|Dire Claw|p2a: Toxapex\n|-resisted|p2a: Toxapex\n|-damage|p2a: Toxapex|13\/100 par\n|move|p2a: Toxapex|Recover|p2a: Toxapex\n|-heal|p2a: Toxapex|64\/100 par\n|\n|-heal|p2a: Toxapex|70\/100 par|[from] item: Leftovers\n|upkeep\n|turn|38\n|\n|t:|1699715447\n|move|p1a: Sneasler|Dire Claw|p2a: Toxapex\n|-resisted|p2a: Toxapex\n|-damage|p2a: Toxapex|37\/100 par\n|move|p2a: Toxapex|Haze|p2a: Toxapex\n|-clearallboost\n|\n|-heal|p2a: Toxapex|43\/100 par|[from] item: Leftovers\n|upkeep\n|turn|39\n|\n|t:|1699715454\n|move|p1a: Sneasler|Swords Dance|p1a: Sneasler\n|-boost|p1a: Sneasler|atk|2\n|cant|p2a: Toxapex|par\n|\n|-heal|p2a: Toxapex|49\/100 par|[from] item: Leftovers\n|upkeep\n|turn|40\n|\n|t:|1699715460\n|cant|p2a: Toxapex|par\n|move|p1a: Sneasler|Dire Claw|p2a: Toxapex\n|-resisted|p2a: Toxapex\n|-damage|p2a: Toxapex|16\/100 par\n|\n|-heal|p2a: Toxapex|22\/100 par|[from] item: Leftovers\n|upkeep\n|turn|41\n|\n|t:|1699715464\n|switch|p2a: Goodra|Goodra-Hisui, F|100\/100\n|move|p1a: Sneasler|Dire Claw|p2a: Goodra\n|-immune|p2a: Goodra\n|\n|upkeep\n|turn|42\n|\n|t:|1699715471\n|switch|p2a: Toxapex|Toxapex, F|55\/100 par\n|move|p1a: Sneasler|Low Kick|p2a: Toxapex\n|-resisted|p2a: Toxapex\n|-damage|p2a: Toxapex|39\/100 par\n|\n|-heal|p2a: Toxapex|45\/100 par|[from] item: Leftovers\n|upkeep\n|turn|43\n|\n|t:|1699715482\n|switch|p2a: Goodra|Goodra-Hisui, F|100\/100\n|move|p1a: Sneasler|Dire Claw|p2a: Goodra\n|-immune|p2a: Goodra\n|\n|upkeep\n|turn|44\n|\n|t:|1699715500\n|switch|p2a: Toxapex|Toxapex, F|78\/100 par\n|move|p1a: Sneasler|Dire Claw|p2a: Toxapex\n|-resisted|p2a: Toxapex\n|-damage|p2a: Toxapex|46\/100 par\n|\n|-heal|p2a: Toxapex|52\/100 par|[from] item: Leftovers\n|upkeep\n|turn|45\n|\n|t:|1699715517\n|move|p2a: Toxapex|Baneful Bunker|p2a: Toxapex\n|-singleturn|p2a: Toxapex|move: Protect\n|move|p1a: Sneasler|Dire Claw|p2a: Toxapex\n|-activate|p2a: Toxapex|move: Protect\n|\n|-heal|p2a: Toxapex|58\/100 par|[from] item: Leftovers\n|upkeep\n|turn|46\n|\n|t:|1699715524\n|move|p1a: Sneasler|Dire Claw|p2a: Toxapex\n|-resisted|p2a: Toxapex\n|-damage|p2a: Toxapex|25\/100 par\n|cant|p2a: Toxapex|par\n|\n|-heal|p2a: Toxapex|31\/100 par|[from] item: Leftovers\n|upkeep\n|turn|47\n|\n|t:|1699715529\n|switch|p2a: Goodra|Goodra-Hisui, F|100\/100\n|move|p1a: Sneasler|Low Kick|p2a: Goodra\n|-supereffective|p2a: Goodra\n|-damage|p2a: Goodra|0 fnt\n|faint|p2a: Goodra\n|\n|upkeep\n|n|!Ordained|ordained\n|\n|t:|1699715546\n|switch|p2a: Toxapex|Toxapex, F|65\/100 par\n|turn|48\n|\n|t:|1699715552\n|switch|p2a: Chesnaught|Chesnaught, M|100\/100\n|move|p1a: Sneasler|Dire Claw|p2a: Chesnaught\n|-supereffective|p2a: Chesnaught\n|-damage|p2a: Chesnaught|0 fnt\n|-damage|p1a: Sneasler|84\/100|[from] item: Rocky Helmet|[of] p2a: Chesnaught\n|faint|p2a: Chesnaught\n|\n|upkeep\n|\n|t:|1699715564\n|switch|p2a: Toxapex|Toxapex, F|98\/100 par\n|turn|49\n|\n|t:|1699715570\n|move|p1a: Sneasler|Dire Claw|p2a: Toxapex\n|-resisted|p2a: Toxapex\n|-damage|p2a: Toxapex|66\/100 par\n|move|p2a: Toxapex|Haze|p2a: Toxapex\n|-clearallboost\n|\n|-heal|p2a: Toxapex|72\/100 par|[from] item: Leftovers\n|upkeep\n|turn|50\n|\n|t:|1699715578\n|switch|p2a: Cinderace|Cinderace, F|100\/100\n|move|p1a: Sneasler|Swords Dance|p1a: Sneasler\n|-boost|p1a: Sneasler|atk|2\n|\n|upkeep\n|turn|51\n|\n|t:|1699715583\n|move|p2a: Cinderace|Sucker Punch|p1a: Sneasler\n|-start|p2a: Cinderace|typechange|Dark|[from] ability: Libero\n|-resisted|p1a: Sneasler\n|-damage|p1a: Sneasler|59\/100\n|move|p1a: Sneasler|Dire Claw|p2a: Cinderace\n|-damage|p2a: Cinderace|0 fnt\n|faint|p2a: Cinderace\n|\n|upkeep\n|\n|t:|1699715590\n|switch|p2a: Sandy Shocks|Sandy Shocks, tera:Ice|100\/100\n|turn|52\n|\n|t:|1699715600\n|-end|p2a: Sandy Shocks|Protosynthesis|[silent]\n|switch|p2a: Toxapex|Toxapex, F|100\/100 par\n|move|p1a: Sneasler|Low Kick|p2a: Toxapex\n|-resisted|p2a: Toxapex\n|-damage|p2a: Toxapex|84\/100 par\n|\n|-heal|p2a: Toxapex|90\/100 par|[from] item: Leftovers\n|upkeep\n|turn|53\n|\n|t:|1699715603\n|move|p1a: Sneasler|Dire Claw|p2a: Toxapex\n|-resisted|p2a: Toxapex\n|-damage|p2a: Toxapex|57\/100 par\n|cant|p2a: Toxapex|par\n|\n|-heal|p2a: Toxapex|63\/100 par|[from] item: Leftovers\n|upkeep\n|turn|54\n|\n|t:|1699715626\n|move|p1a: Sneasler|Dire Claw|p2a: Toxapex\n|-resisted|p2a: Toxapex\n|-damage|p2a: Toxapex|29\/100 par\n|cant|p2a: Toxapex|par\n|\n|-heal|p2a: Toxapex|35\/100 par|[from] item: Leftovers\n|upkeep\n|turn|55\n|l|\u2606Froslass_Trainer\n|inactive|Froslass_Trainer disconnected and has a minute to reconnect!\n|player|p2|\n|j|\u2606Froslass_Trainer\n|inactive|Froslass_Trainer reconnected and has 125 seconds left.\n|player|p2|Froslass_Trainer|101\n|inactive|Froslass_Trainer has 120 seconds left.\n|\n|t:|1699715666\n|switch|p2a: Ogerpon|Ogerpon-Wellspring, F|100\/100\n|move|p1a: Sneasler|Dire Claw|p2a: Ogerpon\n|-supereffective|p2a: Ogerpon\n|-damage|p2a: Ogerpon|0 fnt\n|faint|p2a: Ogerpon\n|\n|upkeep\n|inactive|Froslass_Trainer has 120 seconds left.\n|\n|t:|1699715672\n|switch|p2a: Toxapex|Toxapex, F|69\/100 par\n|turn|56\n|\n|t:|1699715677\n|move|p1a: Sneasler|Dire Claw|p2a: Toxapex\n|-resisted|p2a: Toxapex\n|-damage|p2a: Toxapex|37\/100 par\n|move|p2a: Toxapex|Liquidation|p1a: Sneasler\n|-damage|p1a: Sneasler|28\/100\n|-unboost|p1a: Sneasler|def|1\n|\n|-heal|p2a: Toxapex|43\/100 par|[from] item: Leftovers\n|upkeep\n|turn|57\n|\n|t:|1699715682\n|move|p1a: Sneasler|Dire Claw|p2a: Toxapex\n|-resisted|p2a: Toxapex\n|-damage|p2a: Toxapex|7\/100 par\n|move|p2a: Toxapex|Liquidation|p1a: Sneasler\n|-damage|p1a: Sneasler|0 fnt\n|faint|p1a: Sneasler\n|\n|-heal|p2a: Toxapex|14\/100 par|[from] item: Leftovers\n|upkeep\n|\n|t:|1699715693\n|switch|p1a: Iron Valiant|Iron Valiant, tera:Steel|35\/100\n|turn|58\n|\n|t:|1699715699\n|move|p2a: Toxapex|Baneful Bunker|p2a: Toxapex\n|-singleturn|p2a: Toxapex|move: Protect\n|move|p1a: Iron Valiant|Focus Blast|p2a: Toxapex\n|-activate|p2a: Toxapex|move: Protect\n|\n|-heal|p2a: Toxapex|20\/100 par|[from] item: Leftovers\n|upkeep\n|turn|59\n|\n|t:|1699715703\n|move|p1a: Iron Valiant|Psyshock|p2a: Toxapex\n|-supereffective|p2a: Toxapex\n|-damage|p2a: Toxapex|0 fnt\n|faint|p2a: Toxapex\n|\n|upkeep\n|\n|t:|1699715705\n|switch|p2a: Sandy Shocks|Sandy Shocks, tera:Ice|100\/100\n|turn|60\n|\n|t:|1699715711\n|move|p2a: Sandy Shocks|Earth Power|p1a: Iron Valiant\n|-supereffective|p1a: Iron Valiant\n|-damage|p1a: Iron Valiant|0 fnt\n|faint|p1a: Iron Valiant\n|-end|p1a: Iron Valiant|Quark Drive|[silent]\n|\n|upkeep\n|\n|t:|1699715715\n|switch|p1a: Rillaboom|Rillaboom, F|88\/100 psn\n|-fieldstart|move: Grassy Terrain|[from] ability: Grassy Surge|[of] p1a: Rillaboom\n|turn|61\n|\n|t:|1699715735\n|move|p1a: Rillaboom|Grassy Glide|p2a: Sandy Shocks\n|-damage|p2a: Sandy Shocks|39\/100\n|move|p2a: Sandy Shocks|Earth Power|p1a: Rillaboom\n|-resisted|p1a: Rillaboom\n|-damage|p1a: Rillaboom|57\/100 psn\n|\n|-heal|p2a: Sandy Shocks|46\/100|[from] Grassy Terrain\n|-heal|p1a: Rillaboom|64\/100 psn|[from] Grassy Terrain\n|-damage|p1a: Rillaboom|51\/100 psn|[from] psn\n|upkeep\n|turn|62\n|\n|t:|1699715751\n|move|p1a: Rillaboom|Grassy Glide|p2a: Sandy Shocks\n|-damage|p2a: Sandy Shocks|0 fnt\n|faint|p2a: Sandy Shocks\n|-end|p2a: Sandy Shocks|Protosynthesis|[silent]\n|\n|win|Ordained\n|raw|Ordained's rating: 1345 &rarr; <strong>1369<\/strong><br \/>(+24 for winning)\n|raw|Froslass_Trainer's rating: 1417 &rarr; <strong>1393<\/strong><br \/>(-24 for losing)\n","uploadtime":1699715539,"views":16,"p1id":"ordained","p2id":"froslasstrainer","formatid":"gen9ou","rating":1369,"private":0,"password":""}