{"id":"gen9ou-1998326044","p1":"vigux","p2":"SanjaDreams","format":"[Gen 9] OU","log":"|j|\u2606vigux\n|j|\u2606SanjaDreams\n|t:|1700929740\n|gametype|singles\n|player|p1|vigux|silver|1081\n|player|p2|SanjaDreams|marnie|1020\n|teamsize|p1|6\n|teamsize|p2|6\n|gen|9\n|tier|[Gen 9] OU\n|rated|\n|rule|Sleep Clause Mod: Limit one foe put to sleep\n|rule|Species Clause: Limit one of each Pok\u00e9mon\n|rule|OHKO Clause: OHKO moves are banned\n|rule|Evasion Items Clause: Evasion items are banned\n|rule|Evasion Moves Clause: Evasion moves are banned\n|rule|Endless Battle Clause: Forcing endless battles is banned\n|rule|HP Percentage Mod: HP is shown in percentages\n|clearpoke\n|poke|p1|Dragonite, F|\n|poke|p1|Flamigo, M|\n|poke|p1|Dudunsparce-*, F|\n|poke|p1|Ceruledge, M|\n|poke|p1|Samurott-Hisui, M|\n|poke|p1|Ogerpon-Cornerstone, F|\n|poke|p2|Torkoal, F|\n|poke|p2|Walking Wake|\n|poke|p2|Ribombee, M|\n|poke|p2|Iron Valiant|\n|poke|p2|Greninja-*, F|\n|poke|p2|Dragonite, F|\n|teampreview\n|\n|t:|1700929767\n|start\n|switch|p1a: Rosamelano|Flamigo, M|100\/100\n|switch|p2a: Ribombee|Ribombee, M|100\/100\n|turn|1\n|inactive|Battle timer is ON: inactive players will automatically lose when time's up. (requested by SanjaDreams)\n|\n|t:|1700929783\n|move|p1a: Rosamelano|Brave Bird|p2a: Ribombee\n|-supereffective|p2a: Ribombee\n|-enditem|p2a: Ribombee|Focus Sash\n|-damage|p2a: Ribombee|1\/100\n|-damage|p1a: Rosamelano|72\/100|[from] Recoil\n|move|p2a: Ribombee|Sticky Web|p1a: Rosamelano\n|-sidestart|p1: vigux|move: Sticky Web\n|\n|upkeep\n|turn|2\n|\n|t:|1700929800\n|move|p1a: Rosamelano|Brave Bird|p2a: Ribombee\n|-supereffective|p2a: Ribombee\n|-damage|p2a: Ribombee|0 fnt\n|faint|p2a: Ribombee\n|-damage|p1a: Rosamelano|72\/100|[from] Recoil\n|\n|upkeep\n|\n|t:|1700929822\n|switch|p2a: Walking Wake|Walking Wake|100\/100\n|turn|3\n|inactive|vigux has 120 seconds left.\n|\n|t:|1700929854\n|-end|p2a: Walking Wake|Protosynthesis|[silent]\n|switch|p2a: Torkoal|Torkoal, F|100\/100\n|-weather|SunnyDay|[from] ability: Drought|[of] p2a: Torkoal\n|-terastallize|p1a: Rosamelano|Flying\n|move|p1a: Rosamelano|Brave Bird|p2a: Torkoal\n|-damage|p2a: Torkoal|57\/100\n|-damage|p1a: Rosamelano|56\/100|[from] Recoil\n|\n|-weather|SunnyDay|[upkeep]\n|upkeep\n|turn|4\n|inactive|vigux has 120 seconds left.\n|\n|t:|1700929877\n|switch|p1a: Drag\u00f3n Espa\u00f1ol|Dragonite, F|100\/100\n|move|p2a: Torkoal|Lava Plume|p1a: Drag\u00f3n Espa\u00f1ol\n|-resisted|p1a: Drag\u00f3n Espa\u00f1ol\n|-damage|p1a: Drag\u00f3n Espa\u00f1ol|90\/100\n|\n|-weather|SunnyDay|[upkeep]\n|upkeep\n|turn|5\n|\n|t:|1700929887\n|move|p1a: Drag\u00f3n Espa\u00f1ol|Dragon Dance|p1a: Drag\u00f3n Espa\u00f1ol\n|-boost|p1a: Drag\u00f3n Espa\u00f1ol|atk|1\n|-boost|p1a: Drag\u00f3n Espa\u00f1ol|spe|1\n|move|p2a: Torkoal|Lava Plume|p1a: Drag\u00f3n Espa\u00f1ol\n|-resisted|p1a: Drag\u00f3n Espa\u00f1ol\n|-damage|p1a: Drag\u00f3n Espa\u00f1ol|71\/100\n|\n|-weather|SunnyDay|[upkeep]\n|upkeep\n|turn|6\n|inactive|vigux has 120 seconds left.\n|\n|t:|1700929894\n|move|p1a: Drag\u00f3n Espa\u00f1ol|Earthquake|p2a: Torkoal\n|-supereffective|p2a: Torkoal\n|-damage|p2a: Torkoal|0 fnt\n|faint|p2a: Torkoal\n|\n|-weather|SunnyDay|[upkeep]\n|upkeep\n|\n|t:|1700929905\n|switch|p2a: Greninja|Greninja, F|100\/100\n|turn|7\n|inactive|vigux has 120 seconds left.\n|\n|t:|1700929933\n|switch|p1a: Puya Gorda|Dudunsparce, F, shiny|100\/100\n|-activate|p1a: Puya Gorda|move: Sticky Web\n|-unboost|p1a: Puya Gorda|spe|1\n|move|p2a: Greninja|Ice Beam|p1a: Puya Gorda\n|-start|p2a: Greninja|typechange|Ice|[from] ability: Protean\n|-damage|p1a: Puya Gorda|48\/100\n|-damage|p2a: Greninja|91\/100|[from] item: Life Orb\n|\n|-weather|SunnyDay|[upkeep]\n|-heal|p1a: Puya Gorda|54\/100|[from] item: Leftovers\n|upkeep\n|turn|8\n|\n|t:|1700929950\n|move|p2a: Greninja|Ice Beam|p1a: Puya Gorda\n|-damage|p1a: Puya Gorda|2\/100\n|-damage|p2a: Greninja|81\/100|[from] item: Life Orb\n|move|p1a: Puya Gorda|Roost|p1a: Puya Gorda\n|-heal|p1a: Puya Gorda|52\/100\n|-singleturn|p1a: Puya Gorda|move: Roost\n|\n|-weather|SunnyDay|[upkeep]\n|-heal|p1a: Puya Gorda|58\/100|[from] item: Leftovers\n|upkeep\n|turn|9\n|\n|t:|1700929960\n|move|p2a: Greninja|Water Shuriken|p1a: Puya Gorda\n|-damage|p1a: Puya Gorda|55\/100\n|-damage|p1a: Puya Gorda|52\/100\n|-hitcount|p1a: Puya Gorda|2\n|-damage|p2a: Greninja|71\/100|[from] item: Life Orb\n|move|p1a: Puya Gorda|Roost|p1a: Puya Gorda\n|-heal|p1a: Puya Gorda|100\/100\n|-singleturn|p1a: Puya Gorda|move: Roost\n|\n|-weather|SunnyDay|[upkeep]\n|upkeep\n|turn|10\n|\n|t:|1700929977\n|move|p2a: Greninja|Ice Beam|p1a: Puya Gorda\n|-damage|p1a: Puya Gorda|50\/100\n|-damage|p2a: Greninja|61\/100|[from] item: Life Orb\n|move|p1a: Puya Gorda|Roost|p1a: Puya Gorda\n|-heal|p1a: Puya Gorda|99\/100\n|-singleturn|p1a: Puya Gorda|move: Roost\n|\n|-weather|none\n|-heal|p1a: Puya Gorda|100\/100|[from] item: Leftovers\n|upkeep\n|turn|11\n|\n|t:|1700929995\n|move|p2a: Greninja|Ice Beam|p1a: Puya Gorda\n|-damage|p1a: Puya Gorda|55\/100\n|-damage|p2a: Greninja|51\/100|[from] item: Life Orb\n|move|p1a: Puya Gorda|Boomburst|p2a: Greninja\n|-damage|p2a: Greninja|0 fnt\n|faint|p2a: Greninja\n|\n|-heal|p1a: Puya Gorda|61\/100|[from] item: Leftovers\n|upkeep\n|\n|t:|1700930003\n|switch|p2a: Dragonite|Dragonite, F|100\/100\n|turn|12\n|inactive|vigux has 90 seconds left.\n|\n|t:|1700930030\n|switch|p1a: Ogerpon|Ogerpon-Cornerstone, F|100\/100\n|-activate|p1a: Ogerpon|move: Sticky Web\n|-unboost|p1a: Ogerpon|spe|1\n|move|p2a: Dragonite|Low Kick|p1a: Ogerpon\n|-supereffective|p1a: Ogerpon\n|-damage|p1a: Ogerpon|16\/100\n|\n|upkeep\n|turn|13\n|inactive|vigux has 90 seconds left.\n|\n|t:|1700930044\n|move|p2a: Dragonite|Low Kick|p1a: Ogerpon\n|-supereffective|p1a: Ogerpon\n|-damage|p1a: Ogerpon|0 fnt\n|faint|p1a: Ogerpon\n|\n|upkeep\n|inactive|vigux has 90 seconds left.\n|\n|t:|1700930060\n|switch|p1a: espadach\u00edn Cereal|Ceruledge, M|100\/100\n|-activate|p1a: espadach\u00edn Cereal|move: Sticky Web\n|-unboost|p1a: espadach\u00edn Cereal|spe|1\n|turn|14\n|\n|t:|1700930088\n|switch|p2a: Walking Wake|Walking Wake|100\/100\n|switch|p1a: Drag\u00f3n Espa\u00f1ol|Dragonite, F|71\/100\n|\n|upkeep\n|turn|15\n|inactive|vigux has 60 seconds left.\n|\n|t:|1700930109\n|switch|p1a: Samurai sin Honor|Samurott-Hisui, M|100\/100\n|-activate|p1a: Samurai sin Honor|move: Sticky Web\n|-unboost|p1a: Samurai sin Honor|spe|1\n|move|p2a: Walking Wake|Dragon Pulse|p1a: Samurai sin Honor\n|-damage|p1a: Samurai sin Honor|0 fnt\n|faint|p1a: Samurai sin Honor\n|\n|upkeep\n|inactive|vigux has 30 seconds left.\n|\n|t:|1700930139\n|switch|p1a: Rosamelano|Flamigo, M, tera:Flying|56\/100\n|turn|16\n|\n|t:|1700930149\n|-end|p2a: Walking Wake|Protosynthesis|[silent]\n|switch|p2a: Dragonite|Dragonite, F|100\/100\n|move|p1a: Rosamelano|Brave Bird|p2a: Dragonite\n|-damage|p2a: Dragonite|53\/100\n|-damage|p1a: Rosamelano|39\/100|[from] Recoil\n|\n|upkeep\n|turn|17\n|inactive|vigux has 30 seconds left.\n|\n|t:|1700930165\n|switch|p1a: espadach\u00edn Cereal|Ceruledge, M|100\/100\n|-activate|p1a: espadach\u00edn Cereal|move: Sticky Web\n|-unboost|p1a: espadach\u00edn Cereal|spe|1\n|-terastallize|p2a: Dragonite|Normal\n|move|p2a: Dragonite|Extreme Speed|p1a: espadach\u00edn Cereal\n|-immune|p1a: espadach\u00edn Cereal\n|\n|upkeep\n|turn|18\n|inactive|vigux has 30 seconds left.\n|inactive|vigux has 20 seconds left.\n|\n|t:|1700930188\n|switch|p2a: Walking Wake|Walking Wake|100\/100\n|move|p1a: espadach\u00edn Cereal|Swords Dance|p1a: espadach\u00edn Cereal\n|-boost|p1a: espadach\u00edn Cereal|atk|2\n|\n|upkeep\n|turn|19\n|inactive|vigux has 30 seconds left this turn.\n|inactive|vigux has 20 seconds left.\n|\n|t:|1700930200\n|move|p2a: Walking Wake|Surf|p1a: espadach\u00edn Cereal\n|-supereffective|p1a: espadach\u00edn Cereal\n|-enditem|p1a: espadach\u00edn Cereal|Focus Sash\n|-damage|p1a: espadach\u00edn Cereal|1\/100\n|move|p1a: espadach\u00edn Cereal|Poltergeist|p2a: Walking Wake\n|-activate|p2a: Walking Wake|move: Poltergeist|Choice Specs\n|-damage|p2a: Walking Wake|0 fnt\n|faint|p2a: Walking Wake\n|-end|p2a: Walking Wake|Protosynthesis|[silent]\n|\n|upkeep\n|inactive|vigux has 25 seconds left this turn.\n|\n|t:|1700930207\n|switch|p2a: Iron Valiant|Iron Valiant|100\/100\n|-enditem|p2a: Iron Valiant|Booster Energy\n|-activate|p2a: Iron Valiant|ability: Quark Drive|[fromitem]\n|-start|p2a: Iron Valiant|quarkdrivespe\n|turn|20\n|inactive|vigux has 30 seconds left.\n|\n|t:|1700930220\n|move|p1a: espadach\u00edn Cereal|Shadow Sneak|p2a: Iron Valiant\n|-damage|p2a: Iron Valiant|45\/100\n|move|p2a: Iron Valiant|Knock Off|p1a: espadach\u00edn Cereal\n|-supereffective|p1a: espadach\u00edn Cereal\n|-damage|p1a: espadach\u00edn Cereal|0 fnt\n|faint|p1a: espadach\u00edn Cereal\n|\n|upkeep\n|inactive|vigux has 30 seconds left this turn.\n|inactive|vigux has 20 seconds left.\n|\n|t:|1700930231\n|switch|p1a: Drag\u00f3n Espa\u00f1ol|Dragonite, F|71\/100\n|turn|21\n|inactive|vigux has 30 seconds left this turn.\n|inactive|vigux has 20 seconds left.\n|\n|t:|1700930243\n|move|p1a: Drag\u00f3n Espa\u00f1ol|Extreme Speed|p2a: Iron Valiant\n|-damage|p2a: Iron Valiant|6\/100\n|move|p2a: Iron Valiant|Ice Punch|p1a: Drag\u00f3n Espa\u00f1ol\n|-supereffective|p1a: Drag\u00f3n Espa\u00f1ol\n|-damage|p1a: Drag\u00f3n Espa\u00f1ol|0 fnt\n|faint|p1a: Drag\u00f3n Espa\u00f1ol\n|\n|upkeep\n|inactive|vigux has 25 seconds left this turn.\n|inactive|vigux has 20 seconds left.\n|inactive|vigux has 15 seconds left.\n|\n|t:|1700930258\n|switch|p1a: Rosamelano|Flamigo, M, tera:Flying|39\/100\n|turn|22\n|inactive|vigux has 25 seconds left this turn.\n|inactive|vigux has 20 seconds left.\n|\n|t:|1700930268\n|move|p2a: Iron Valiant|Ice Punch|p1a: Rosamelano\n|-supereffective|p1a: Rosamelano\n|-damage|p1a: Rosamelano|0 fnt\n|faint|p1a: Rosamelano\n|\n|upkeep\n|inactive|vigux has 25 seconds left this turn.\n|c|\u2606vigux|gg\n|inactive|vigux has 20 seconds left.\n|\n|t:|1700930274\n|switch|p1a: Puya Gorda|Dudunsparce, F, shiny|61\/100\n|-activate|p1a: Puya Gorda|move: Sticky Web\n|-unboost|p1a: Puya Gorda|spe|1\n|turn|23\n|inactive|vigux has 30 seconds left this turn.\n|c|\u2606SanjaDreams|gg\n|\n|t:|1700930278\n|move|p2a: Iron Valiant|Close Combat|p1a: Puya Gorda\n|-supereffective|p1a: Puya Gorda\n|-damage|p1a: Puya Gorda|0 fnt\n|-unboost|p2a: Iron Valiant|def|1\n|-unboost|p2a: Iron Valiant|spd|1\n|faint|p1a: Puya Gorda\n|\n|win|SanjaDreams\n|raw|vigux's rating: 1104 &rarr; <strong>1073<\/strong><br \/>(-31 for losing)\n|raw|SanjaDreams's rating: 1020 &rarr; <strong>1066<\/strong><br \/>(+46 for winning)\n|l|\u2606vigux\n","uploadtime":1700930289,"views":1,"p1id":"vigux","p2id":"sanjadreams","formatid":"gen9ou","rating":1066,"private":0,"password":""}