{"id":"gen9ou-1999799598","p1":"Vixen 4 Life","p2":"illbegoodthistime","format":"[Gen 9] OU","log":"|j|\u2606Vixen 4 Life\n|j|\u203dillbegoodthistime\n|t:|1701117791\n|gametype|singles\n|player|p1|Vixen 4 Life|penny|1374\n|player|p2|illbegoodthistime|rood|1415\n|teamsize|p1|6\n|teamsize|p2|6\n|gen|9\n|tier|[Gen 9] OU\n|rated|\n|rule|Sleep Clause Mod: Limit one foe put to sleep\n|rule|Species Clause: Limit one of each Pok\u00e9mon\n|rule|OHKO Clause: OHKO moves are banned\n|rule|Evasion Items Clause: Evasion items are banned\n|rule|Evasion Moves Clause: Evasion moves are banned\n|rule|Endless Battle Clause: Forcing endless battles is banned\n|rule|HP Percentage Mod: HP is shown in percentages\n|clearpoke\n|poke|p1|Toxapex, F|\n|poke|p1|Clodsire, M|\n|poke|p1|Corviknight, F|\n|poke|p1|Skeledirge, F|\n|poke|p1|Clefable, M|\n|poke|p1|Ting-Lu|\n|poke|p2|Ribombee, M|\n|poke|p2|Manaphy|\n|poke|p2|Kingambit, M|\n|poke|p2|Gholdengo|\n|poke|p2|Iron Moth|\n|poke|p2|Ogerpon-Wellspring, F|\n|teampreview\n|inactive|Battle timer is ON: inactive players will automatically lose when time's up. (requested by illbegoodthistime)\n|\n|t:|1701117802\n|start\n|switch|p1a: El Cantante|Skeledirge, F, shiny|100\/100\n|switch|p2a: Ribombee|Ribombee, M, shiny|100\/100\n|turn|1\n|\n|t:|1701117808\n|move|p2a: Ribombee|Sticky Web|p1a: El Cantante\n|-sidestart|p1: Vixen 4 Life|move: Sticky Web\n|move|p1a: El Cantante|Torch Song|p2a: Ribombee\n|-supereffective|p2a: Ribombee\n|-enditem|p2a: Ribombee|Focus Sash\n|-damage|p2a: Ribombee|1\/100\n|-boost|p1a: El Cantante|spa|1\n|\n|upkeep\n|turn|2\n|\n|t:|1701117812\n|move|p2a: Ribombee|Moonblast|p1a: El Cantante\n|-resisted|p1a: El Cantante\n|-damage|p1a: El Cantante|79\/100\n|-unboost|p1a: El Cantante|spa|1\n|move|p1a: El Cantante|Torch Song|p2a: Ribombee\n|-supereffective|p2a: Ribombee\n|-damage|p2a: Ribombee|0 fnt\n|-boost|p1a: El Cantante|spa|1\n|faint|p2a: Ribombee\n|\n|-heal|p1a: El Cantante|85\/100|[from] item: Leftovers\n|upkeep\n|\n|t:|1701117815\n|switch|p2a: Manaphy|Manaphy, shiny|100\/100\n|turn|3\n|\n|t:|1701117838\n|move|p2a: Manaphy|Tail Glow|p2a: Manaphy\n|-boost|p2a: Manaphy|spa|3\n|move|p1a: El Cantante|Earth Power|p2a: Manaphy\n|-damage|p2a: Manaphy|66\/100\n|\n|-heal|p2a: Manaphy|72\/100|[from] item: Leftovers\n|-heal|p1a: El Cantante|91\/100|[from] item: Leftovers\n|upkeep\n|turn|4\n|\n|t:|1701117844\n|-terastallize|p1a: El Cantante|Water\n|move|p2a: Manaphy|Scald|p1a: El Cantante\n|-resisted|p1a: El Cantante\n|-damage|p1a: El Cantante|74\/100\n|-status|p1a: El Cantante|brn\n|move|p1a: El Cantante|Torch Song|p2a: Manaphy\n|-resisted|p2a: Manaphy\n|-damage|p2a: Manaphy|49\/100\n|-boost|p1a: El Cantante|spa|1\n|\n|-heal|p2a: Manaphy|55\/100|[from] item: Leftovers\n|-heal|p1a: El Cantante|80\/100 brn|[from] item: Leftovers\n|-damage|p1a: El Cantante|74\/100 brn|[from] brn\n|upkeep\n|turn|5\n|\n|t:|1701117851\n|move|p2a: Manaphy|Energy Ball|p1a: El Cantante\n|-supereffective|p1a: El Cantante\n|-damage|p1a: El Cantante|16\/100 brn\n|move|p1a: El Cantante|Slack Off|p1a: El Cantante\n|-heal|p1a: El Cantante|66\/100 brn\n|\n|-heal|p2a: Manaphy|61\/100|[from] item: Leftovers\n|-heal|p1a: El Cantante|72\/100 brn|[from] item: Leftovers\n|-damage|p1a: El Cantante|66\/100 brn|[from] brn\n|upkeep\n|turn|6\n|\n|t:|1701117881\n|move|p2a: Manaphy|Energy Ball|p1a: El Cantante\n|-supereffective|p1a: El Cantante\n|-damage|p1a: El Cantante|15\/100 brn\n|move|p1a: El Cantante|Earth Power|p2a: Manaphy\n|-damage|p2a: Manaphy|12\/100\n|\n|-heal|p2a: Manaphy|18\/100|[from] item: Leftovers\n|-heal|p1a: El Cantante|21\/100 brn|[from] item: Leftovers\n|-damage|p1a: El Cantante|15\/100 brn|[from] brn\n|upkeep\n|turn|7\n|\n|t:|1701117887\n|move|p2a: Manaphy|Energy Ball|p1a: El Cantante\n|-supereffective|p1a: El Cantante\n|-damage|p1a: El Cantante|0 fnt\n|faint|p1a: El Cantante\n|\n|-heal|p2a: Manaphy|24\/100|[from] item: Leftovers\n|upkeep\n|\n|t:|1701117888\n|switch|p1a: Pex-A-Plex|Toxapex, F, shiny|100\/100\n|-activate|p1a: Pex-A-Plex|move: Sticky Web\n|-unboost|p1a: Pex-A-Plex|spe|1\n|turn|8\n|\n|t:|1701117909\n|move|p2a: Manaphy|Energy Ball|p1a: Pex-A-Plex\n|-damage|p1a: Pex-A-Plex|50\/100\n|move|p1a: Pex-A-Plex|Poison Jab|p2a: Manaphy\n|-damage|p2a: Manaphy|0 fnt\n|faint|p2a: Manaphy\n|\n|upkeep\n|\n|t:|1701117915\n|switch|p2a: Iron Moth|Iron Moth, shiny|100\/100\n|-enditem|p2a: Iron Moth|Booster Energy\n|-activate|p2a: Iron Moth|ability: Quark Drive|[fromitem]\n|-start|p2a: Iron Moth|quarkdrivespe\n|turn|9\n|\n|t:|1701117919\n|switch|p1a: Ting-Lu Reaction|Ting-Lu|100\/100\n|-activate|p1a: Ting-Lu Reaction|move: Sticky Web\n|-unboost|p1a: Ting-Lu Reaction|spe|1\n|-ability|p1a: Ting-Lu Reaction|Vessel of Ruin\n|move|p2a: Iron Moth|Psychic|p1a: Ting-Lu Reaction\n|-immune|p1a: Ting-Lu Reaction\n|\n|upkeep\n|turn|10\n|inactive|illbegoodthistime has 120 seconds left.\n|\n|t:|1701117977\n|move|p2a: Iron Moth|Dazzling Gleam|p1a: Ting-Lu Reaction\n|-supereffective|p1a: Ting-Lu Reaction\n|-damage|p1a: Ting-Lu Reaction|74\/100\n|move|p1a: Ting-Lu Reaction|Payback|p2a: Iron Moth\n|-damage|p2a: Iron Moth|0 fnt\n|faint|p2a: Iron Moth\n|-end|p2a: Iron Moth|Quark Drive|[silent]\n|\n|upkeep\n|\n|t:|1701117981\n|switch|p2a: Ogerpon|Ogerpon-Wellspring, F|100\/100\n|turn|11\n|\n|t:|1701117983\n|switch|p1a: Da Dirtiest Baby|Clodsire, M, shiny|100\/100\n|move|p2a: Ogerpon|Swords Dance|p2a: Ogerpon\n|-boost|p2a: Ogerpon|atk|2\n|\n|upkeep\n|turn|12\n|\n|t:|1701118011\n|move|p2a: Ogerpon|Ivy Cudgel|p1a: Da Dirtiest Baby|[anim] Ivy Cudgel Water\n|-immune|p1a: Da Dirtiest Baby|[from] ability: Water Absorb\n|move|p1a: Da Dirtiest Baby|Earthquake|p2a: Ogerpon\n|-resisted|p2a: Ogerpon\n|-damage|p2a: Ogerpon|81\/100\n|\n|upkeep\n|turn|13\n|\n|t:|1701118015\n|move|p2a: Ogerpon|Horn Leech|p1a: Da Dirtiest Baby\n|-damage|p1a: Da Dirtiest Baby|23\/100\n|-heal|p2a: Ogerpon|100\/100|[from] drain|[of] p1a: Da Dirtiest Baby\n|move|p1a: Da Dirtiest Baby|Earthquake|p2a: Ogerpon\n|-resisted|p2a: Ogerpon\n|-damage|p2a: Ogerpon|79\/100\n|\n|upkeep\n|turn|14\n|\n|t:|1701118018\n|move|p2a: Ogerpon|Horn Leech|p1a: Da Dirtiest Baby\n|-damage|p1a: Da Dirtiest Baby|0 fnt\n|-heal|p2a: Ogerpon|96\/100|[from] drain|[of] p1a: Da Dirtiest Baby\n|faint|p1a: Da Dirtiest Baby\n|\n|upkeep\n|\n|t:|1701118022\n|switch|p1a: Pex-A-Plex|Toxapex, F, shiny|84\/100\n|-activate|p1a: Pex-A-Plex|move: Sticky Web\n|-unboost|p1a: Pex-A-Plex|spe|1\n|turn|15\n|\n|t:|1701118032\n|move|p2a: Ogerpon|Horn Leech|p1a: Pex-A-Plex\n|-damage|p1a: Pex-A-Plex|17\/100\n|-heal|p2a: Ogerpon|100\/100|[from] drain|[of] p1a: Pex-A-Plex\n|move|p1a: Pex-A-Plex|Poison Jab|p2a: Ogerpon\n|-supereffective|p2a: Ogerpon\n|-damage|p2a: Ogerpon|0 fnt\n|faint|p2a: Ogerpon\n|\n|upkeep\n|\n|t:|1701118034\n|switch|p2a: Gholdengo|Gholdengo, shiny|100\/100\n|-item|p2a: Gholdengo|Air Balloon\n|turn|16\n|\n|t:|1701118039\n|move|p2a: Gholdengo|Nasty Plot|p2a: Gholdengo\n|-boost|p2a: Gholdengo|spa|2\n|move|p1a: Pex-A-Plex|Poison Jab|p2a: Gholdengo\n|-immune|p2a: Gholdengo\n|\n|upkeep\n|turn|17\n|\n|t:|1701118042\n|move|p2a: Gholdengo|Nasty Plot|p2a: Gholdengo\n|-boost|p2a: Gholdengo|spa|2\n|move|p1a: Pex-A-Plex|Poison Jab|p2a: Gholdengo\n|-immune|p2a: Gholdengo\n|\n|upkeep\n|turn|18\n|\n|t:|1701118046\n|move|p2a: Gholdengo|Nasty Plot|p2a: Gholdengo\n|-boost|p2a: Gholdengo|spa|2\n|move|p1a: Pex-A-Plex|Poison Jab|p2a: Gholdengo\n|-immune|p2a: Gholdengo\n|\n|upkeep\n|turn|19\n|\n|t:|1701118048\n|move|p2a: Gholdengo|Shadow Ball|p1a: Pex-A-Plex\n|-damage|p1a: Pex-A-Plex|0 fnt\n|faint|p1a: Pex-A-Plex\n|\n|upkeep\n|\n|t:|1701118050\n|switch|p1a: Ting-Lu Reaction|Ting-Lu|74\/100\n|-activate|p1a: Ting-Lu Reaction|move: Sticky Web\n|-unboost|p1a: Ting-Lu Reaction|spe|1\n|-ability|p1a: Ting-Lu Reaction|Vessel of Ruin\n|turn|20\n|\n|t:|1701118077\n|move|p2a: Gholdengo|Focus Blast|p1a: Ting-Lu Reaction|[miss]\n|-miss|p2a: Gholdengo|p1a: Ting-Lu Reaction\n|move|p1a: Ting-Lu Reaction|Payback|p2a: Gholdengo\n|-supereffective|p2a: Gholdengo\n|-damage|p2a: Gholdengo|0 fnt\n|-enditem|p2a: Gholdengo|Air Balloon\n|faint|p2a: Gholdengo\n|\n|upkeep\n|\n|t:|1701118080\n|switch|p2a: Kingambit|Kingambit, M, shiny|100\/100\n|-activate|p2a: Kingambit|ability: Supreme Overlord\n|-start|p2a: Kingambit|fallen5|[silent]\n|turn|21\n|\n|t:|1701118084\n|switch|p1a: Sir Typhoon|Corviknight, F, shiny|100\/100\n|move|p2a: Kingambit|Low Kick|p1a: Sir Typhoon\n|-damage|p1a: Sir Typhoon|62\/100\n|\n|-heal|p1a: Sir Typhoon|68\/100|[from] item: Leftovers\n|upkeep\n|turn|22\n|\n|t:|1701118088\n|move|p2a: Kingambit|Kowtow Cleave|p1a: Sir Typhoon\n|-damage|p1a: Sir Typhoon|0 fnt\n|faint|p1a: Sir Typhoon\n|\n|upkeep\n|\n|t:|1701118090\n|switch|p1a: Ting-Lu Reaction|Ting-Lu|74\/100\n|-activate|p1a: Ting-Lu Reaction|move: Sticky Web\n|-unboost|p1a: Ting-Lu Reaction|spe|1\n|-ability|p1a: Ting-Lu Reaction|Vessel of Ruin\n|turn|23\n|\n|t:|1701118093\n|move|p2a: Kingambit|Low Kick|p1a: Ting-Lu Reaction\n|-supereffective|p1a: Ting-Lu Reaction\n|-damage|p1a: Ting-Lu Reaction|0 fnt\n|faint|p1a: Ting-Lu Reaction\n|\n|upkeep\n|\n|t:|1701118095\n|switch|p1a: Asteroid Dweller|Clefable, M|100\/100\n|-activate|p1a: Asteroid Dweller|move: Sticky Web\n|-unboost|p1a: Asteroid Dweller|spe|1\n|turn|24\n|\n|t:|1701118112\n|move|p2a: Kingambit|Kowtow Cleave|p1a: Asteroid Dweller\n|-resisted|p1a: Asteroid Dweller\n|-damage|p1a: Asteroid Dweller|51\/100\n|move|p1a: Asteroid Dweller|Flamethrower|p2a: Kingambit\n|-supereffective|p2a: Kingambit\n|-damage|p2a: Kingambit|32\/100\n|\n|upkeep\n|turn|25\n|\n|t:|1701118118\n|move|p2a: Kingambit|Sucker Punch||[still]\n|-fail|p2a: Kingambit\n|move|p1a: Asteroid Dweller|Moonlight|p1a: Asteroid Dweller\n|-heal|p1a: Asteroid Dweller|100\/100\n|\n|upkeep\n|turn|26\n|\n|t:|1701118123\n|-terastallize|p2a: Kingambit|Dark\n|move|p2a: Kingambit|Sucker Punch|p1a: Asteroid Dweller\n|-resisted|p1a: Asteroid Dweller\n|-damage|p1a: Asteroid Dweller|53\/100\n|move|p1a: Asteroid Dweller|Flamethrower|p2a: Kingambit\n|-damage|p2a: Kingambit|0 fnt\n|faint|p2a: Kingambit\n|-end|p2a: Kingambit|fallen5|[silent]\n|\n|win|Vixen 4 Life\n|raw|Vixen 4 Life's rating: 1374 &rarr; <strong>1396<\/strong><br \/>(+22 for winning)\n|raw|illbegoodthistime's rating: 1415 &rarr; <strong>1393<\/strong><br \/>(-22 for losing)\n|l|\u203dillbegoodthistime\n","uploadtime":1701118137,"views":4,"p1id":"vixen4life","p2id":"illbegoodthistime","formatid":"gen9ou","rating":1393,"private":0,"password":""}